LocalTime,LastPrice,TradeVolume,TradeValue,BidPrice1,BidPrice2,BidPrice3,BidPrice4,BidPrice5,BidPrice6,BidPrice7,BidPrice8,BidPrice9,BidPriceA,AskPrice1,AskPrice2,AskPrice3,AskPrice4,AskPrice5,AskPrice6,AskPrice7,AskPrice8,AskPrice9,AskPriceA,BidVolume1,BidVolume2,BidVolume3,BidVolume4,BidVolume5,BidVolume6,BidVolume7,BidVolume8,BidVolume9,BidVolumeA,AskVolume1,AskVolume2,AskVolume3,AskVolume4,AskVolume5,AskVolume6,AskVolume7,AskVolume8,AskVolume9,AskVolumeA
0.0,290.89,2700,785403.0,291.09,291.0,290.28,290.18,290.1,290.06,290.03,290.02,290.01,290.0,292.59,293.0,293.73,294.0,294.45,294.99,295.0,295.49,295.96,296.0,900,100,100,100,100,100,100,100,100,1100,300,100,100,100,100,100,200,100,100,300
1.0,291.09,3000,873030.0,291.1,291.09,291.0,290.28,290.18,290.1,290.07,290.06,290.03,290.02,291.21,292.58,292.59,293.0,293.73,294.0,294.45,294.99,295.0,295.49,500,900,100,100,100,100,100,100,100,100,300,200,100,100,100,100,100,100,200,100
2.0,291.09,3000,873030.0,291.12,291.1,291.09,291.0,290.28,290.18,290.1,290.07,290.06,290.03,291.21,292.58,292.59,293.0,293.72,293.73,294.0,294.45,294.99,295.0,200,600,900,100,100,100,100,100,100,100,300,200,100,100,100,100,200,100,100,200
3.0,291.82,3400,989575.0,291.82,291.2,291.12,291.1,291.09,291.0,290.28,290.18,290.1,290.07,292.5,292.58,292.59,293.0,293.72,293.73,293.88,294.0,294.04,294.45,300,100,200,700,1400,100,100,300,100,100,200,200,100,100,100,100,100,200,100,100
4.0,291.2,3800,1106241.0,291.12,291.1,291.09,291.0,290.28,290.18,290.1,290.07,290.06,290.03,292.5,292.58,292.59,293.0,293.72,293.73,293.88,294.0,294.04,294.45,200,800,1500,100,100,300,100,100,100,100,200,300,100,200,100,100,100,400,100,100
5.0,292.5,3900,1135491.0,291.21,291.12,291.1,291.09,291.0,290.28,290.18,290.1,290.07,290.06,292.5,292.58,292.59,293.0,293.72,293.73,293.88,294.0,294.04,294.45,100,200,800,1500,100,100,300,200,100,100,100,300,100,200,100,100,100,400,100,100
6.0,291.21,5000,1456362.0,291.59,291.21,291.18,291.12,291.1,291.09,291.0,290.28,290.18,290.1,292.0,292.58,292.59,293.0,293.72,293.73,293.88,293.99,294.0,294.04,100,4000,300,200,800,1500,100,100,300,300,100,200,200,200,100,100,100,100,400,100
7.0,291.21,5300,1543763.0,291.21,291.18,291.12,291.1,291.09,291.0,290.28,290.2,290.18,290.1,292.0,292.58,292.59,293.0,293.72,293.73,293.88,293.99,294.0,294.04,5700,300,200,800,1700,100,100,100,300,300,100,200,200,200,100,100,100,100,500,100
8.0,291.35,5500,1602019.0,291.21,291.18,291.12,291.1,291.09,291.0,290.28,290.2,290.18,290.1,292.0,292.58,292.59,293.0,293.72,293.73,293.88,293.99,294.0,294.04,6400,200,300,800,1700,100,100,100,300,300,100,200,200,200,100,100,100,100,600,100
9.0,292.27,6300,1835841.0,291.21,291.18,291.12,291.1,291.09,291.0,290.28,290.2,290.18,290.1,292.15,292.59,292.99,293.0,293.72,293.73,293.88,293.99,294.0,294.04,6400,200,400,1800,1700,100,100,100,300,300,100,200,100,200,100,100,100,100,600,100
10.0,292.13,7200,2098877.0,291.21,291.18,291.13,291.12,291.1,291.09,291.0,290.28,290.2,290.18,291.73,292.58,292.59,292.7,292.99,293.0,293.72,293.73,293.88,293.99,3100,100,100,500,1900,1700,100,100,100,300,800,1100,200,300,100,1100,100,100,100,100
11.0,291.73,7900,2303036.0,291.6,291.21,291.18,291.12,291.1,291.09,291.0,290.28,290.2,290.18,291.73,291.97,292.49,292.55,292.58,292.59,292.7,292.99,293.0,293.72,100,2900,100,500,1900,1700,100,100,100,300,200,100,200,100,1800,200,300,100,1100,100
12.0,291.78,9500,2770667.0,291.73,291.64,291.61,291.6,291.23,291.21,291.18,291.12,291.1,291.09,292.54,292.58,292.59,292.7,292.99,293.0,293.72,293.73,293.88,293.99,600,100,300,200,400,2900,100,400,1900,1600,200,900,200,300,100,1100,100,100,100,100
13.0,291.97,11000,3208748.0,291.73,291.61,291.6,291.23,291.21,291.18,291.12,291.1,291.09,291.0,292.58,292.59,292.7,292.99,293.0,293.72,293.73,293.88,293.99,294.0,100,300,200,400,2400,100,400,1900,1600,100,700,200,300,100,1100,100,100,100,100,700
14.0,291.97,12100,3529754.0,291.23,291.21,291.18,291.12,291.1,291.09,291.0,290.28,290.18,290.1,291.64,291.97,292.57,292.58,292.59,292.7,292.99,293.0,293.72,293.73,400,2200,100,400,1800,1600,100,100,300,400,200,500,300,600,200,300,100,1100,100,100
15.0,291.21,13200,3850327.0,291.21,291.18,291.12,291.1,291.09,291.0,290.28,290.18,290.1,290.07,291.6,291.62,291.64,291.72,291.73,291.96,291.97,292.02,292.56,292.57,2100,100,400,1800,1600,100,100,300,400,100,500,500,200,200,100,200,600,100,400,1200
16.0,291.0,19400,5655367.0,290.29,290.28,290.18,290.1,290.07,290.06,290.03,290.02,290.01,290.0,291.08,291.09,291.1,291.12,291.14,291.16,291.18,291.21,291.59,291.6,500,100,300,400,100,100,100,100,100,3500,700,700,100,400,700,100,200,4300,200,500
17.0,290.87,20100,5858971.0,290.85,290.3,290.29,290.28,290.18,290.1,290.07,290.06,290.03,290.02,290.87,291.09,291.1,291.12,291.16,291.18,291.21,291.59,291.6,291.72,500,300,200,100,300,400,100,100,100,100,300,700,100,200,100,900,2100,200,600,200
18.0,291.09,20600,6004516.0,290.85,290.3,290.29,290.28,290.18,290.1,290.07,290.06,290.03,290.02,291.12,291.18,291.21,291.59,291.6,291.72,291.73,291.97,292.02,292.56,900,300,200,100,300,400,100,100,100,100,200,800,2100,200,700,200,100,600,100,200
19.0,291.09,21000,6120880.0,290.85,290.3,290.29,290.28,290.18,290.1,290.07,290.06,290.03,290.02,291.12,291.17,291.18,291.21,291.59,291.6,291.72,291.73,291.97,292.56,600,300,200,100,300,400,100,100,100,100,200,100,900,2200,200,600,200,100,500,200
20.0,291.09,21100,6149989.0,290.85,290.3,290.29,290.28,290.18,290.1,290.07,290.06,290.03,290.02,291.12,291.17,291.18,291.21,291.59,291.6,291.72,291.73,291.97,292.56,600,300,200,100,300,400,100,100,100,100,300,100,200,2200,200,600,200,100,500,200
21.0,291.12,21700,6324657.0,290.86,290.85,290.3,290.29,290.28,290.18,290.1,290.07,290.06,290.03,291.12,291.18,291.21,291.59,291.6,291.72,291.73,291.97,292.56,292.57,700,600,300,200,100,300,400,100,100,100,200,100,2200,200,600,200,100,500,200,500
22.0,291.6,24800,7227618.0,291.6,291.23,291.22,290.89,290.88,290.86,290.85,290.3,290.29,290.28,291.72,291.73,291.97,292.56,292.57,292.58,292.59,292.7,292.99,293.0,200,300,200,500,100,300,500,300,200,100,200,100,500,200,500,700,200,300,100,1100
23.0,291.97,25800,7519477.0,291.97,291.74,291.6,291.58,291.21,291.12,290.88,290.86,290.85,290.3,292.55,292.56,292.57,292.58,292.59,292.7,292.99,293.0,293.73,293.88,200,200,100,100,600,1400,100,300,500,300,500,200,200,700,200,300,100,1100,100,100
24.0,291.74,26400,7694636.0,291.74,291.6,291.58,291.21,291.12,290.88,290.86,290.85,290.3,290.29,292.46,292.47,292.48,292.49,292.5,292.51,292.52,292.53,292.54,292.55,100,100,100,600,1400,100,300,200,300,200,200,200,200,100,300,200,200,200,200,300
25.0,291.13,28600,8335311.0,291.13,291.12,290.88,290.86,290.85,290.3,290.29,290.28,290.18,290.1,291.73,292.37,292.38,292.39,292.4,292.41,292.42,292.43,292.44,292.45,100,600,100,300,100,300,200,100,300,400,100,100,200,400,200,200,200,300,400,200
26.0,291.13,29200,8509987.0,291.12,290.88,290.86,290.85,290.3,290.29,290.28,290.18,290.1,290.07,291.18,291.73,292.37,292.38,292.39,292.4,292.41,292.42,292.43,292.44,500,100,300,100,300,200,100,300,400,100,100,300,100,200,400,200,200,200,400,400
27.0,291.12,30000,8742883.0,290.86,290.85,290.3,290.29,290.28,290.18,290.1,290.07,290.06,290.03,291.18,291.73,292.37,292.38,292.39,292.4,292.41,292.42,292.43,292.44,600,100,300,200,100,300,400,100,100,100,100,300,100,200,400,200,200,200,400,400
28.0,291.12,30000,8742883.0,290.86,290.85,290.3,290.29,290.28,290.18,290.1,290.07,290.06,290.03,291.09,291.18,291.73,292.37,292.38,292.39,292.4,292.41,292.42,292.43,600,100,300,200,100,300,400,100,100,100,200,100,300,100,200,400,200,200,300,400
29.0,291.09,31100,9062851.0,290.3,290.29,290.28,290.18,290.1,290.07,290.06,290.03,290.02,290.01,291.09,291.18,291.73,292.37,292.38,292.39,292.4,292.41,292.42,292.43,300,200,100,300,400,100,100,100,100,100,400,100,300,100,200,400,200,200,300,400
30.0,290.84,31200,9091935.0,290.3,290.29,290.28,290.18,290.1,290.07,290.06,290.03,290.02,290.01,291.08,291.09,291.18,291.73,292.37,292.38,292.39,292.4,292.41,292.42,300,200,100,300,400,100,100,100,100,100,100,400,100,300,100,200,400,200,200,300
31.0,291.09,31300,9121044.0,290.3,290.29,290.28,290.18,290.1,290.07,290.06,290.03,290.02,290.01,291.09,291.18,291.73,292.37,292.38,292.39,292.4,292.41,292.42,292.43,300,200,100,300,400,100,100,100,100,100,400,100,300,100,200,400,200,200,300,400
32.0,290.29,31700,9237163.0,290.29,290.28,290.18,290.1,290.07,290.06,290.03,290.02,290.01,290.0,290.54,291.09,291.18,291.73,292.37,292.38,292.39,292.4,292.41,292.42,100,100,300,400,100,100,100,100,100,3500,500,400,100,300,100,200,400,200,200,300
33.0,290.54,32000,9324325.0,290.29,290.28,290.18,290.1,290.07,290.06,290.03,290.02,290.01,290.0,290.54,291.09,291.18,291.73,292.37,292.38,292.39,292.4,292.41,292.42,100,100,300,400,100,100,100,100,100,3500,200,400,100,300,100,200,400,200,200,300
34.0,290.54,32200,9382408.0,290.28,290.18,290.1,290.07,290.06,290.03,290.02,290.01,290.0,289.8,290.54,291.09,291.18,291.58,291.73,292.37,292.38,292.39,292.4,292.41,100,300,400,100,100,100,100,100,3500,100,100,400,100,100,300,100,200,400,200,200
35.0,290.54,32200,9382408.0,290.28,290.18,290.1,290.07,290.06,290.03,290.02,290.01,290.0,289.8,290.54,291.09,291.18,291.58,291.73,292.37,292.38,292.39,292.4,292.41,100,300,400,100,100,100,100,100,3500,100,100,400,100,100,300,100,200,400,200,200
36.0,290.28,32300,9411436.0,290.18,290.1,290.07,290.06,290.03,290.02,290.01,290.0,289.8,289.66,290.53,290.54,291.09,291.18,291.58,291.73,292.37,292.38,292.39,292.4,300,400,100,100,100,100,100,3500,100,100,300,100,300,100,100,300,100,200,400,200
37.0,290.53,32700,9527613.0,290.18,290.1,290.07,290.06,290.03,290.02,290.01,290.0,289.8,289.66,290.53,290.54,291.09,291.18,291.58,291.73,292.37,292.38,292.39,292.4,200,400,100,100,100,100,100,3500,100,100,100,200,300,100,100,300,100,200,400,200
38.0,290.53,33000,9614737.0,290.18,290.1,290.07,290.06,290.03,290.02,290.01,290.0,289.8,289.66,290.53,290.54,291.09,291.18,291.58,291.73,292.37,292.38,292.39,292.4,400,400,100,100,100,100,100,3500,100,100,100,200,300,100,100,300,100,200,400,200
39.0,290.53,33100,9643790.0,290.19,290.18,290.1,290.07,290.06,290.03,290.02,290.01,290.0,289.8,290.54,291.09,291.18,291.58,291.73,292.37,292.38,292.39,292.4,292.41,100,400,400,100,100,100,100,100,3500,100,200,300,100,100,300,100,200,400,200,200
40.0,290.89,33500,9760093.0,290.2,290.19,290.18,290.1,290.07,290.06,290.03,290.02,290.01,290.0,290.89,290.9,290.91,290.92,291.03,291.04,291.05,291.06,291.07,291.09,200,100,400,400,100,100,100,100,100,3500,200,200,100,200,200,200,200,200,100,300
41.0,290.89,33500,9760093.0,290.2,290.19,290.18,290.1,290.07,290.06,290.03,290.02,290.01,290.0,290.84,290.85,290.89,290.9,290.91,290.92,290.97,291.03,291.04,291.05,200,100,400,400,100,100,100,100,100,3500,100,100,200,200,100,200,100,200,200,200
42.0,290.82,33600,9789175.0,290.28,290.2,290.19,290.18,290.1,290.07,290.06,290.03,290.02,290.01,290.69,290.7,290.77,290.78,290.79,290.8,290.81,290.82,290.83,290.84,900,200,100,400,400,100,100,100,100,100,100,100,200,300,200,200,200,200,200,300
43.0,290.28,33700,9818203.0,290.28,290.2,290.19,290.18,290.1,290.07,290.06,290.03,290.02,290.01,290.69,290.77,290.78,290.79,290.8,290.81,290.82,290.83,290.84,290.89,800,300,100,400,400,100,100,100,100,100,100,200,300,200,200,200,200,200,300,200
44.0,290.28,34100,9934385.0,290.28,290.2,290.19,290.18,290.1,290.07,290.06,290.03,290.02,290.01,290.59,290.6,290.61,290.63,290.69,290.77,290.78,290.79,290.8,290.81,600,300,500,400,400,100,100,100,100,100,200,100,100,200,300,200,300,200,200,200
45.0,290.59,34300,9992503.0,290.28,290.2,290.19,290.18,290.1,290.07,290.06,290.03,290.02,290.01,290.6,290.61,290.63,290.68,290.69,290.77,290.78,290.79,290.8,290.81,600,300,500,400,400,100,100,100,100,100,100,100,200,100,600,200,300,200,200,200
46.0,290.6,34400,10021563.0,290.28,290.2,290.19,290.18,290.1,290.07,290.06,290.03,290.02,290.01,290.61,290.63,290.69,290.77,290.78,290.79,290.8,290.81,290.82,290.83,600,300,500,400,400,100,100,100,100,100,100,200,600,200,300,200,200,200,200,200
47.0,290.28,35000,10195731.0,290.2,290.19,290.18,290.1,290.07,290.06,290.03,290.02,290.01,290.0,290.58,290.59,290.6,290.61,290.63,290.69,290.77,290.78,290.79,290.8,300,500,400,400,100,100,100,100,100,3500,100,100,100,100,200,500,200,300,200,200
48.0,290.58,35100,10224789.0,290.2,290.19,290.18,290.1,290.07,290.06,290.03,290.02,290.01,290.0,290.6,290.61,290.63,290.69,290.77,290.78,290.79,290.8,290.81,290.82,300,500,400,400,100,100,100,100,100,3500,100,100,200,600,200,300,200,200,200,200
49.0,290.57,35200,10253846.0,290.2,290.19,290.18,290.1,290.07,290.06,290.03,290.02,290.01,290.0,290.6,290.61,290.63,290.69,290.77,290.78,290.79,290.8,290.81,290.82,300,500,400,400,100,100,100,100,100,3500,100,100,200,600,200,300,200,200,200,200
50.0,290.54,35300,10282900.0,290.2,290.19,290.18,290.1,290.07,290.06,290.03,290.02,290.01,290.0,290.53,290.54,290.57,290.59,290.6,290.61,290.63,290.69,290.77,290.78,400,500,400,400,100,100,100,100,100,3500,100,100,100,100,100,100,200,500,200,300
51.0,290.52,35400,10311952.0,290.2,290.19,290.18,290.1,290.07,290.06,290.03,290.02,290.01,290.0,290.53,290.57,290.59,290.6,290.61,290.63,290.69,290.77,290.78,290.79,400,500,400,400,100,100,100,100,200,3500,100,100,100,100,100,200,500,200,300,200
52.0,290.49,35500,10341001.0,290.2,290.19,290.18,290.1,290.07,290.06,290.03,290.02,290.01,290.0,290.53,290.57,290.59,290.6,290.61,290.69,290.77,290.78,290.79,290.8,800,500,400,400,100,100,100,100,200,3500,100,100,100,100,100,500,200,300,200,200
53.0,290.49,35500,10341001.0,290.2,290.19,290.18,290.1,290.07,290.06,290.03,290.02,290.01,290.0,290.49,290.53,290.57,290.59,290.61,290.69,290.78,290.8,290.81,290.82,800,500,400,400,100,100,100,100,200,3500,100,100,400,100,100,500,100,200,200,200
54.0,290.49,35500,10341001.0,290.2,290.19,290.18,290.1,290.07,290.06,290.03,290.02,290.01,290.0,290.49,290.53,290.57,290.61,290.69,290.78,290.84,290.89,290.9,290.91,800,500,400,400,100,100,100,100,200,3500,100,100,400,100,400,100,300,200,200,100
55.0,290.69,36700,10689679.0,290.61,290.21,290.2,290.19,290.18,290.1,290.07,290.06,290.03,290.02,291.09,291.18,291.73,292.37,292.43,292.44,292.59,292.7,292.99,293.0,100,100,1000,500,400,400,100,100,100,100,100,200,100,100,100,200,1000,300,100,1100
56.0,291.73,37100,10806197.0,290.9,290.76,290.66,290.65,290.64,290.62,290.61,290.54,290.52,290.49,292.27,292.28,292.3,292.36,292.37,292.43,292.59,292.7,292.99,293.0,100,200,200,200,300,400,300,200,100,200,200,200,300,200,300,100,1000,300,100,1100
57.0,291.73,37100,10806197.0,290.95,290.82,290.81,290.8,290.76,290.69,290.68,290.67,290.66,290.64,291.81,292.17,292.18,292.2,292.24,292.25,292.26,292.27,292.36,292.37,100,200,200,200,200,200,200,200,400,300,100,400,200,100,200,200,300,200,200,300
58.0,291.73,37100,10806197.0,290.95,290.82,290.81,290.8,290.76,290.69,290.68,290.67,290.66,290.64,291.81,292.17,292.18,292.2,292.24,292.25,292.26,292.27,292.36,292.37,100,200,200,200,200,200,200,200,400,300,100,400,200,100,200,200,300,200,200,300
59.0,291.67,37400,10893554.0,291.11,291.1,290.69,290.68,290.67,290.66,290.64,290.62,290.61,290.54,291.77,292.16,292.17,292.18,292.2,292.24,292.25,292.26,292.27,292.36,100,100,200,200,200,400,300,200,300,400,200,200,200,200,100,200,200,300,200,200
60.0,291.77,37600,10951908.0,291.11,291.1,290.69,290.68,290.67,290.66,290.64,290.62,290.61,290.54,291.87,291.91,292.0,292.07,292.17,292.18,292.2,292.24,292.25,292.26,200,100,200,200,200,400,300,200,200,400,100,100,200,300,200,200,100,200,200,300
61.0,291.86,37800,11010281.0,291.65,291.16,291.15,291.11,291.1,290.82,290.69,290.68,290.67,290.66,292.07,292.2,292.26,292.37,292.43,292.59,292.7,292.99,293.0,293.73,100,200,300,200,100,100,200,200,200,400,100,100,100,100,100,1000,300,100,1100,100
62.0,291.87,39100,11388919.0,291.71,291.48,291.14,290.77,290.76,290.7,290.69,290.68,290.67,290.66,292.43,292.59,292.7,292.99,293.0,293.73,293.88,293.99,294.0,294.04,200,100,100,400,500,200,200,200,200,400,100,1000,300,100,1100,100,100,100,700,100
63.0,292.07,39700,11564110.0,291.5,291.35,291.34,291.18,291.17,291.16,291.15,291.14,290.77,290.76,292.28,292.29,292.3,292.42,292.43,292.59,292.7,292.99,293.0,293.73,100,200,100,400,400,100,200,100,200,500,100,300,200,100,100,1000,300,100,1100,100
64.0,291.35,39900,11622395.0,291.35,291.18,291.14,290.77,290.76,290.69,290.68,290.67,290.66,290.63,291.89,291.92,291.93,292.2,292.27,292.28,292.29,292.3,292.42,292.43,100,200,100,200,500,200,200,200,200,100,100,100,100,200,100,100,300,200,100,100
65.0,291.18,40000,11651513.0,291.18,291.14,290.76,290.63,290.62,290.61,290.53,290.52,290.49,290.21,291.28,291.5,291.92,291.93,292.2,292.27,292.28,292.29,292.3,292.42,100,100,300,100,200,200,200,100,100,100,100,700,100,100,200,100,500,300,100,100
66.0,291.14,40600,11826323.0,290.88,290.8,290.76,290.63,290.62,290.61,290.53,290.52,290.49,290.21,291.49,291.5,291.92,291.93,292.2,292.27,292.28,292.29,292.3,292.42,100,100,300,100,200,200,200,100,100,100,200,400,100,100,200,100,600,300,100,100
67.0,291.14,40600,11826323.0,290.8,290.76,290.63,290.62,290.61,290.53,290.52,290.49,290.21,290.2,291.48,291.49,291.5,291.92,291.93,292.2,292.27,292.28,292.29,292.3,100,300,100,200,200,200,100,100,100,800,100,200,600,100,100,300,100,1200,300,100
68.0,290.99,41300,12030227.0,290.98,290.9,290.89,290.88,290.8,290.63,290.62,290.61,290.53,290.52,291.84,291.92,291.93,292.2,292.27,292.28,292.29,292.3,292.42,292.43,500,100,200,200,100,100,200,200,200,100,100,100,100,200,100,800,300,100,100,100
69.0,291.51,41400,12059378.0,290.98,290.9,290.89,290.88,290.8,290.63,290.62,290.61,290.53,290.52,291.67,291.68,291.78,291.91,291.92,291.93,292.2,292.27,292.28,292.29,500,100,200,200,100,100,200,200,200,100,100,100,100,200,100,100,200,100,800,300
70.0,290.99,41500,12088477.0,290.99,290.98,290.9,290.88,290.63,290.62,290.61,290.53,290.52,290.49,291.66,291.67,291.78,291.91,291.92,291.93,292.2,292.27,292.28,292.29,100,500,100,200,100,200,200,200,100,100,100,100,100,200,100,100,200,100,800,300
71.0,290.98,41700,12146674.0,290.98,290.9,290.88,290.63,290.62,290.61,290.53,290.52,290.49,290.2,291.65,291.66,291.67,291.78,291.91,291.92,291.93,292.2,292.27,292.28,400,100,200,100,200,200,200,100,100,800,100,100,100,100,200,100,100,200,100,800
72.0,291.66,41800,12175840.0,290.99,290.98,290.9,290.88,290.63,290.62,290.61,290.53,290.52,290.49,291.67,291.78,291.91,291.92,291.93,292.0,292.2,292.27,292.28,292.29,200,400,100,200,100,200,200,200,100,100,100,100,200,100,100,200,200,100,800,300
73.0,291.66,41800,12175840.0,290.99,290.98,290.9,290.88,290.63,290.62,290.61,290.53,290.52,290.49,291.67,291.78,291.91,291.92,291.93,292.0,292.2,292.27,292.28,292.29,200,400,100,200,100,200,200,200,100,100,100,100,200,100,100,200,200,100,800,300
74.0,290.99,42000,12234038.0,290.98,290.9,290.63,290.62,290.61,290.53,290.52,290.49,290.2,290.19,291.64,291.65,291.66,291.67,291.78,291.91,291.92,291.93,292.0,292.2,400,100,100,200,200,200,100,100,800,500,100,100,100,100,100,200,100,100,200,200
75.0,290.99,42000,12234038.0,290.98,290.9,290.62,290.61,290.53,290.52,290.49,290.2,290.19,290.18,291.63,291.65,291.66,291.67,291.78,291.91,291.92,292.0,292.2,292.28,400,100,200,200,200,100,100,800,500,500,100,100,100,100,100,200,100,200,100,800
76.0,291.66,42300,12321532.0,290.98,290.9,290.62,290.61,290.53,290.52,290.49,290.2,290.19,290.18,291.62,291.67,291.78,291.91,291.92,292.0,292.2,292.28,292.3,292.42,400,100,200,200,200,100,100,800,500,500,200,100,100,200,100,200,100,800,100,100
77.0,291.66,42300,12321532.0,290.98,290.9,290.62,290.61,290.53,290.52,290.49,290.2,290.19,290.18,291.6,291.61,291.62,291.67,291.78,291.91,291.92,292.0,292.2,292.28,400,100,200,200,200,100,100,700,500,500,100,100,200,100,100,200,100,200,100,800
78.0,291.61,42500,12379853.0,291.0,290.98,290.9,290.62,290.61,290.53,290.52,290.49,290.2,290.19,291.62,291.67,291.78,291.91,291.92,292.0,292.2,292.28,292.3,292.42,100,400,100,200,200,200,100,100,700,500,200,100,100,200,100,200,100,800,100,100
79.0,291.61,42500,12379853.0,291.0,290.98,290.9,290.62,290.61,290.53,290.52,290.49,290.2,290.19,291.61,291.62,291.67,291.78,291.91,291.92,292.0,292.2,292.28,292.3,100,400,100,200,200,200,100,100,700,500,100,200,100,100,200,100,200,100,800,100
80.0,291.0,42600,12408953.0,290.98,290.9,290.62,290.61,290.53,290.52,290.49,290.2,290.19,290.18,291.6,291.61,291.62,291.67,291.78,291.91,291.92,292.0,292.2,292.28,400,100,200,200,200,100,100,700,500,500,100,100,200,100,100,200,100,200,100,800
81.0,291.6,42700,12438113.0,290.98,290.9,290.62,290.61,290.53,290.52,290.49,290.2,290.19,290.18,291.61,291.62,291.67,291.78,291.91,291.92,292.0,292.2,292.28,292.3,600,100,200,200,200,100,100,700,500,500,100,200,100,100,200,100,200,100,800,100
82.0,291.0,42800,12467213.0,290.98,290.9,290.62,290.61,290.53,290.52,290.49,290.2,290.19,290.18,291.6,291.61,291.62,291.67,291.78,291.91,291.92,292.0,292.2,292.28,600,100,200,200,200,100,100,700,500,400,200,100,200,100,100,100,100,200,100,800
83.0,291.14,43000,12525441.0,290.98,290.9,290.62,290.61,290.53,290.52,290.49,290.2,290.19,290.18,291.58,291.59,291.6,291.61,291.62,291.67,291.78,291.91,291.92,292.0,600,100,200,200,200,100,100,700,500,400,200,100,200,200,200,100,100,100,100,200
84.0,291.0,43100,12554541.0,290.98,290.9,290.61,290.53,290.52,290.49,290.2,290.19,290.18,290.1,291.58,291.59,291.6,291.61,291.62,291.67,291.78,291.91,291.92,292.0,600,100,200,200,100,100,700,500,400,400,200,100,200,200,200,100,100,100,100,200
85.0,290.98,43300,12612739.0,290.98,290.9,290.61,290.53,290.52,290.49,290.2,290.19,290.18,290.1,291.0,291.58,291.59,291.6,291.61,291.62,291.67,291.78,291.91,291.92,500,100,200,200,100,100,700,500,400,400,200,200,100,200,300,200,100,100,100,100
86.0,291.0,44000,12816428.0,290.53,290.52,290.49,290.2,290.19,290.18,290.1,290.07,290.06,290.03,291.0,291.57,291.58,291.59,291.6,291.61,291.62,291.67,291.78,291.91,200,100,100,700,500,400,400,100,100,100,200,100,700,100,200,300,100,100,100,100
87.0,291.0,44100,12845528.0,290.54,290.53,290.52,290.49,290.2,290.19,290.18,290.1,290.07,290.06,291.0,291.57,291.58,291.59,291.6,291.61,291.62,291.67,291.78,291.91,200,200,100,100,700,500,400,400,100,100,100,100,700,100,200,300,100,100,100,100
88.0,291.28,44400,12932884.0,291.0,290.54,290.53,290.52,290.49,290.2,290.19,290.18,290.1,290.07,291.35,291.41,291.47,291.57,291.58,291.6,291.61,291.62,291.67,291.78,100,200,200,100,100,700,500,400,400,100,200,100,100,100,700,200,300,100,100,100
89.0,290.54,44800,13049240.0,290.54,290.53,290.52,290.49,290.2,290.19,290.18,290.1,290.07,290.06,291.28,291.35,291.41,291.47,291.57,291.58,291.6,291.61,291.62,291.67,100,200,100,100,700,500,400,400,100,100,100,100,100,100,100,500,200,100,100,100
90.0,290.54,44800,13049240.0,291.02,290.54,290.53,290.52,290.49,290.2,290.19,290.18,290.1,290.07,291.28,291.35,291.41,291.47,291.57,291.58,291.6,291.61,291.62,291.67,100,100,200,100,100,700,500,400,400,100,100,100,100,100,100,500,200,100,100,100
91.0,291.02,44900,13078342.0,290.64,290.63,290.62,290.61,290.6,290.59,290.58,290.57,290.56,290.55,291.57,291.58,291.6,291.61,291.67,291.78,291.91,291.92,292.0,292.2,200,200,300,200,300,200,200,100,100,200,100,500,200,100,100,100,100,100,400,100
92.0,291.02,44900,13078342.0,291.02,290.8,290.79,290.78,290.77,290.76,290.75,290.74,290.73,290.72,291.58,291.6,291.78,291.91,291.92,292.0,292.2,292.28,292.3,292.42,100,300,200,200,200,200,200,300,100,100,300,200,100,100,100,400,100,800,100,100
93.0,291.02,44900,13078342.0,291.57,291.3,291.02,290.8,290.79,290.78,290.77,290.76,290.75,290.74,291.58,291.92,292.0,292.2,292.28,292.3,292.42,292.43,292.59,292.99,100,100,100,300,200,200,200,200,200,300,300,100,400,100,800,100,100,100,1000,100
94.0,291.58,45200,13165816.0,291.57,291.3,291.02,290.8,290.79,290.78,290.77,290.76,290.75,290.74,292.0,292.2,292.28,292.3,292.42,292.43,292.59,292.99,293.0,293.73,100,100,100,300,200,200,200,200,200,300,200,100,800,100,100,100,1000,100,1100,100
95.0,291.58,45600,13282533.0,291.58,291.57,291.02,290.8,290.79,290.78,290.77,290.76,290.75,290.74,291.99,292.0,292.2,292.28,292.3,292.42,292.43,292.59,292.99,293.0,100,100,100,300,200,200,200,200,200,300,100,200,100,800,100,100,100,1000,100,1100
96.0,291.99,45700,13311732.0,291.58,291.57,291.02,290.8,290.79,290.78,290.77,290.76,290.75,290.74,292.0,292.2,292.28,292.3,292.42,292.43,292.59,292.99,293.0,293.73,100,100,100,300,200,200,200,200,200,300,900,100,700,100,100,100,1000,100,1100,100
97.0,291.99,45700,13311732.0,291.58,291.57,291.02,290.8,290.79,290.78,290.77,290.76,290.75,290.74,292.0,292.2,292.28,292.3,292.42,292.43,292.59,292.99,293.0,293.73,100,100,100,300,200,200,200,200,200,300,900,100,600,100,100,100,1000,100,1100,100
98.0,291.58,45800,13340890.0,291.58,291.57,290.8,290.79,290.78,290.77,290.76,290.75,290.74,290.73,291.95,292.0,292.2,292.28,292.3,292.42,292.43,292.59,292.99,293.0,100,100,300,200,200,200,200,200,300,100,100,900,100,600,100,100,100,1000,100,1100
99.0,291.95,45900,13370085.0,291.58,291.57,290.8,290.79,290.78,290.77,290.76,290.75,290.74,290.73,292.0,292.2,292.28,292.3,292.42,292.43,292.59,292.99,293.0,293.73,200,100,300,200,200,200,200,200,300,100,900,100,300,100,100,100,1000,100,1100,100
100.0,292.0,46000,13399285.0,291.58,291.57,290.8,290.79,290.78,290.77,290.76,290.75,290.74,290.73,292.0,292.2,292.28,292.3,292.42,292.43,292.59,292.99,293.0,293.73,200,100,300,200,200,200,200,200,300,100,1100,100,200,100,100,100,1000,100,1100,100
101.0,291.58,46200,13457601.0,291.57,290.8,290.79,290.78,290.77,290.76,290.75,290.74,290.73,290.72,291.58,291.99,292.0,292.2,292.28,292.3,292.42,292.43,292.59,292.99,100,300,200,200,200,200,200,300,100,100,200,100,1100,100,200,100,100,100,1000,100
102.0,291.58,46400,13515917.0,291.57,290.8,290.79,290.78,290.77,290.76,290.75,290.74,290.73,290.72,291.99,292.0,292.2,292.28,292.3,292.42,292.43,292.59,292.99,293.0,100,300,200,200,200,200,200,300,100,100,100,1100,100,200,100,100,100,1000,100,1100
103.0,291.58,46400,13515917.0,291.57,290.8,290.79,290.78,290.77,290.76,290.75,290.74,290.73,290.72,291.99,292.0,292.2,292.28,292.3,292.42,292.43,292.59,292.99,293.0,100,300,200,200,200,200,200,300,100,100,100,1100,100,200,100,100,100,1000,100,1100
104.0,291.58,46400,13515917.0,291.57,290.8,290.79,290.78,290.77,290.76,290.75,290.74,290.73,290.72,291.99,292.0,292.2,292.28,292.3,292.42,292.43,292.59,292.99,293.0,100,300,200,200,200,200,200,300,100,100,100,1100,100,200,100,100,100,1000,100,1200
105.0,291.58,46600,13574233.0,291.57,290.8,290.79,290.78,290.77,290.76,290.75,290.74,290.73,290.72,291.99,292.0,292.2,292.28,292.3,292.42,292.43,292.59,292.99,293.0,100,300,200,200,200,200,200,300,100,100,100,1100,100,200,100,100,100,1000,100,1200
106.0,291.99,46700,13603432.0,291.57,290.8,290.79,290.78,290.77,290.76,290.75,290.74,290.73,290.72,292.0,292.2,292.28,292.3,292.42,292.43,292.59,292.99,293.0,293.73,100,300,200,200,200,200,200,300,100,100,1100,100,200,100,100,100,1000,100,1200,100
107.0,291.99,46700,13603432.0,291.57,290.8,290.79,290.78,290.77,290.76,290.75,290.74,290.73,290.72,292.0,292.2,292.28,292.3,292.42,292.43,292.59,292.99,293.0,293.73,100,300,200,200,200,200,200,300,100,100,1100,100,200,100,100,100,1000,100,1200,100
108.0,291.99,46700,13603432.0,291.57,290.8,290.79,290.78,290.77,290.76,290.75,290.74,290.73,290.72,292.0,292.2,292.28,292.3,292.42,292.43,292.59,292.99,293.0,293.73,100,300,200,200,200,200,200,300,100,100,1100,100,200,100,100,100,1000,100,1200,100
109.0,291.58,46900,13661790.0,291.58,291.57,290.8,290.79,290.78,290.77,290.76,290.75,290.74,290.73,292.0,292.2,292.28,292.3,292.42,292.59,292.99,293.0,293.73,293.88,200,100,300,200,200,200,200,200,300,100,1000,100,200,100,100,1000,100,1200,100,100
110.0,291.58,47000,13690948.0,291.58,291.57,290.8,290.79,290.78,290.77,290.76,290.75,290.74,290.73,292.0,292.28,292.3,292.42,292.59,292.99,293.0,293.73,293.88,293.99,200,100,700,200,200,200,200,200,300,100,1000,200,100,100,1000,100,1200,100,100,100
111.0,291.58,47200,13749306.0,291.58,291.57,290.8,290.79,290.78,290.77,290.76,290.75,290.74,290.73,292.0,292.28,292.3,292.42,292.59,292.99,293.0,293.73,293.88,293.99,100,100,700,200,200,200,200,200,300,100,900,200,100,100,1000,100,1100,100,100,100
112.0,292.0,47500,13836906.0,291.58,291.57,290.8,290.79,290.78,290.77,290.76,290.75,290.74,290.73,292.0,292.28,292.3,292.42,292.59,292.99,293.0,293.73,293.88,293.99,100,100,700,200,200,200,200,200,300,100,900,200,100,100,1000,100,1100,100,100,100
113.0,292.0,47500,13836906.0,291.58,291.57,290.8,290.79,290.78,290.77,290.76,290.75,290.74,290.73,291.85,292.0,292.3,292.42,292.59,292.99,293.0,293.73,293.88,293.99,100,100,700,200,200,200,200,200,300,100,100,900,100,100,1000,100,1100,100,100,100
114.0,291.85,47600,13866091.0,291.58,291.57,290.8,290.79,290.78,290.77,290.76,290.75,290.74,290.73,292.0,292.3,292.42,292.59,292.99,293.0,293.73,293.88,293.99,294.0,100,100,700,200,200,200,200,200,300,100,1100,100,100,1000,100,1100,100,100,100,700
115.0,291.85,47600,13866091.0,291.58,291.57,290.8,290.79,290.78,290.77,290.76,290.75,290.74,290.73,292.0,292.3,292.42,292.59,292.99,293.0,293.73,293.88,293.99,294.0,200,200,700,200,200,200,200,200,300,100,1100,100,100,1000,100,1100,100,100,100,700
116.0,291.58,47900,13953607.0,291.57,290.8,290.79,290.78,290.77,290.76,290.75,290.74,290.73,290.72,291.95,292.0,292.3,292.42,292.59,292.99,293.0,293.73,293.88,293.99,200,700,200,200,200,200,200,300,100,100,100,1000,100,100,1000,100,1100,100,100,100
117.0,291.58,47900,13953607.0,291.57,290.8,290.79,290.78,290.77,290.76,290.75,290.74,290.73,290.72,291.95,292.0,292.3,292.42,292.59,292.99,293.0,293.73,293.88,293.99,200,700,200,200,200,200,200,300,100,100,100,1000,100,100,1000,100,1100,100,100,100
118.0,291.58,47900,13953607.0,291.57,290.8,290.79,290.78,290.77,290.76,290.75,290.74,290.73,290.72,291.95,292.0,292.3,292.42,292.59,292.99,293.0,293.73,293.88,293.99,200,700,200,200,200,200,200,300,100,100,100,1000,100,100,1000,100,1100,100,100,100
119.0,291.57,48100,14011921.0,291.17,291.14,291.1,291.04,290.81,290.8,290.79,290.78,290.77,290.76,291.95,292.0,292.3,292.42,292.59,292.99,293.0,293.73,293.88,293.99,100,200,100,100,200,700,200,200,200,200,200,1000,100,100,1000,100,1100,100,100,100
120.0,291.57,48100,14011921.0,291.17,291.14,291.1,291.04,290.81,290.8,290.79,290.78,290.77,290.76,291.95,292.0,292.3,292.42,292.59,292.99,293.0,293.73,293.88,293.99,100,200,100,100,200,700,200,200,200,200,200,1000,100,100,1000,100,1100,100,100,100
121.0,291.58,48200,14041079.0,291.18,291.17,291.14,291.1,291.04,290.81,290.8,290.79,290.78,290.77,291.95,292.0,292.3,292.42,292.59,292.99,293.0,293.73,293.88,293.99,200,100,200,100,100,200,700,200,200,200,200,1000,100,100,1000,100,1100,100,100,100
122.0,291.58,48200,14041079.0,291.19,291.18,291.17,291.14,291.1,291.04,290.81,290.8,290.79,290.78,291.94,291.95,292.0,292.3,292.42,292.59,292.99,293.0,293.73,293.88,200,200,100,200,100,100,200,700,200,200,200,200,1000,100,100,1000,100,1100,100,100
123.0,291.95,49000,14274637.0,291.3,291.19,291.18,291.17,291.14,291.1,291.04,290.81,290.8,290.79,292.0,292.3,292.42,292.59,292.99,293.0,293.73,293.88,293.99,294.0,200,200,200,100,200,100,100,200,700,200,1000,100,100,900,100,1100,100,100,100,700
124.0,291.95,49300,14362232.0,291.31,291.3,291.17,291.14,291.1,291.04,290.81,290.8,290.79,290.78,292.0,292.3,292.42,292.59,292.99,293.0,293.73,293.88,293.99,294.0,100,100,100,200,100,100,200,700,200,200,800,100,100,900,100,1100,100,100,100,700
125.0,291.31,50400,14683291.0,291.33,291.32,291.31,291.26,291.25,291.18,291.17,291.1,291.04,290.81,291.99,292.0,292.3,292.42,292.59,292.99,293.0,293.73,293.88,293.99,200,200,200,100,200,400,200,100,100,200,100,100,100,100,900,100,1100,100,100,100
126.0,291.34,50700,14770757.0,291.34,291.33,291.32,291.31,291.26,291.25,291.18,291.17,291.1,291.04,292.0,292.3,292.42,292.59,292.99,293.0,293.73,293.88,293.99,294.0,400,100,200,100,100,200,400,200,100,100,1300,100,100,900,100,1100,100,100,100,700
127.0,291.99,50800,14799956.0,291.34,291.33,291.32,291.31,291.26,291.25,291.18,291.17,291.1,291.04,291.99,292.0,292.3,292.42,292.59,292.99,293.0,293.73,293.88,293.99,400,100,200,100,100,200,400,200,100,100,100,1300,100,100,900,100,1100,100,100,100
128.0,291.99,50800,14799956.0,291.33,291.32,291.31,291.26,291.25,291.18,291.17,291.1,291.04,290.81,291.98,291.99,292.0,292.3,292.42,292.59,292.99,293.0,293.73,293.88,100,200,100,100,200,400,200,100,100,200,100,100,1400,100,100,900,100,1100,100,100
129.0,291.98,51100,14887551.0,291.33,291.32,291.31,291.26,291.25,291.18,291.17,291.1,291.04,290.81,291.98,291.99,292.0,292.3,292.42,292.59,292.99,293.0,293.73,293.88,100,100,100,100,200,400,200,100,100,200,200,100,1400,100,100,900,100,1100,100,100
130.0,291.98,51300,14945947.0,291.33,291.32,291.31,291.26,291.25,291.18,291.17,291.1,291.04,290.81,291.99,292.0,292.3,292.42,292.59,292.99,293.0,293.73,293.88,293.99,100,100,100,100,200,400,200,100,100,200,100,1400,100,100,900,100,1100,100,100,100
131.0,291.33,51400,14975080.0,291.32,291.25,291.18,291.17,291.1,291.04,290.81,290.8,290.79,290.78,291.99,292.0,292.3,292.42,292.59,292.99,293.0,293.73,293.88,293.99,100,200,400,200,100,100,200,700,200,200,200,1400,100,100,900,100,1100,100,100,100
132.0,291.88,51600,15033401.0,291.18,291.17,291.1,291.04,290.81,290.8,290.79,290.78,290.77,290.76,291.87,291.99,292.0,292.3,292.42,292.59,292.99,293.0,293.73,293.88,400,200,100,100,100,700,200,200,200,200,200,100,1400,100,100,900,100,1100,100,100
133.0,291.88,51600,15033401.0,291.18,291.17,291.1,291.04,290.81,290.8,290.79,290.78,290.77,290.76,291.86,291.99,292.0,292.3,292.42,292.59,292.99,293.0,293.73,293.88,400,200,100,100,100,700,200,200,200,200,100,300,1400,100,100,900,100,1100,100,100
134.0,291.18,52200,15208109.0,291.21,291.2,291.19,291.17,291.04,290.8,290.78,290.77,290.76,290.75,291.78,291.86,291.99,292.0,292.3,292.42,292.59,292.99,293.0,293.73,200,200,200,100,100,500,100,100,100,100,300,200,300,1400,100,100,900,100,1100,100
135.0,291.18,52200,15208109.0,291.21,291.2,291.19,291.17,291.04,290.8,290.78,290.77,290.76,290.75,291.77,291.78,291.86,291.99,292.0,292.3,292.42,292.59,292.99,293.0,200,200,200,100,100,500,100,100,100,100,100,100,200,400,1400,100,100,900,100,1100
136.0,291.2,52600,15324591.0,291.19,291.17,291.04,290.8,290.78,290.77,290.76,290.75,290.74,290.73,291.33,291.77,291.86,291.99,292.0,292.3,292.42,292.59,292.99,293.0,200,100,100,500,100,100,100,100,200,100,100,100,200,400,1200,100,100,900,100,1100
137.0,291.33,53000,15441094.0,291.17,291.04,290.8,290.76,290.75,290.74,290.73,290.72,290.71,290.7,291.33,291.86,291.99,292.0,292.28,292.3,292.42,292.59,292.99,293.0,100,100,500,100,100,200,100,100,100,100,100,200,300,1200,200,100,100,900,100,1100
138.0,291.33,53100,15470227.0,291.38,291.17,290.8,290.76,290.75,290.74,290.73,290.72,290.71,290.7,291.6,291.85,291.86,291.99,292.0,292.28,292.3,292.42,292.59,292.99,100,100,500,100,100,200,100,100,100,100,300,100,200,300,1200,200,100,100,900,100
139.0,291.33,53400,15557615.0,291.19,290.8,290.76,290.75,290.74,290.73,290.72,290.71,290.7,290.69,291.33,291.76,291.83,291.86,291.99,292.0,292.28,292.3,292.42,292.59,100,500,100,100,200,100,100,100,100,100,200,100,100,100,300,1200,200,100,100,900
140.0,291.19,53500,15586734.0,290.84,290.8,290.74,290.68,290.62,290.61,290.6,290.59,290.58,290.57,291.33,291.83,291.99,292.0,292.28,292.3,292.42,292.59,292.99,293.0,100,500,100,100,100,400,100,100,100,100,300,100,300,1200,200,100,100,900,100,1100
141.0,291.33,53600,15615867.0,290.84,290.8,290.74,290.68,290.62,290.61,290.6,290.59,290.58,290.57,291.33,291.83,291.88,291.99,292.0,292.28,292.3,292.42,292.59,292.99,100,500,100,100,100,400,100,100,100,100,200,100,100,300,1200,200,100,100,900,100
142.0,291.33,53600,15615867.0,290.84,290.8,290.74,290.68,290.62,290.61,290.6,290.59,290.58,290.57,291.19,291.33,291.83,291.88,291.99,292.0,292.28,292.3,292.42,292.59,100,500,100,100,100,400,100,100,100,100,300,200,100,100,300,1200,200,100,100,900
143.0,291.33,53600,15615867.0,290.8,290.74,290.68,290.62,290.61,290.55,290.53,290.28,290.2,290.19,291.19,291.33,291.6,291.83,291.88,291.99,292.0,292.28,292.3,292.42,500,100,100,100,300,400,200,100,500,100,300,200,300,100,100,300,1200,200,100,100
144.0,291.19,53700,15644986.0,290.8,290.74,290.68,290.62,290.61,290.55,290.53,290.28,290.2,290.19,291.19,291.33,291.49,291.6,291.83,291.88,291.99,292.0,292.3,292.42,500,100,100,100,300,400,200,100,500,100,200,200,100,300,100,100,300,1200,100,100
145.0,291.33,54200,15790572.0,290.97,290.93,290.92,290.86,290.84,290.82,290.8,290.74,290.68,290.62,291.38,291.49,291.6,291.83,291.88,291.99,292.0,292.3,292.42,292.59,200,100,100,100,200,200,500,100,100,100,100,100,300,100,100,500,1200,100,100,900
146.0,291.19,54900,15994425.0,291.2,291.19,291.07,291.06,290.93,290.92,290.86,290.84,290.82,290.8,291.48,291.49,291.6,291.83,291.88,291.99,292.0,292.3,292.42,292.59,400,200,400,100,100,100,100,100,100,500,400,300,300,100,100,500,1300,100,100,900
147.0,291.6,55900,16285944.0,291.6,291.28,291.22,291.21,291.2,291.19,291.07,291.06,290.93,290.86,291.83,291.88,291.99,292.0,292.3,292.42,292.59,292.99,293.0,293.73,500,100,100,100,300,200,100,100,100,100,100,100,500,1300,100,100,900,100,1100,100
148.0,291.6,56100,16344264.0,291.6,291.33,291.28,291.22,291.21,291.2,291.19,291.07,291.06,290.93,291.83,291.88,291.99,292.0,292.3,292.42,292.59,292.99,293.0,293.73,300,200,100,100,100,300,200,100,100,100,100,100,500,1300,100,100,900,100,1100,100
149.0,291.88,57600,16781773.0,291.83,291.82,291.6,291.35,291.33,291.28,291.21,291.2,291.19,291.07,291.99,292.0,292.3,292.42,292.59,292.99,293.0,293.73,293.88,293.99,400,100,100,200,200,100,100,300,200,100,500,1300,100,100,900,100,1100,100,100,100
150.0,291.85,57800,16840146.0,291.85,291.82,291.6,291.35,291.33,291.28,291.21,291.2,291.19,291.07,291.99,292.0,292.3,292.42,292.59,292.99,293.0,293.73,293.88,293.99,200,100,100,200,200,100,100,300,200,100,500,1300,100,100,900,100,1100,100,100,100
151.0,291.85,57800,16840146.0,291.85,291.83,291.82,291.6,291.35,291.33,291.28,291.21,291.2,291.07,291.99,292.0,292.3,292.42,292.59,292.99,293.0,293.73,293.88,293.99,500,300,100,100,200,200,100,100,200,100,500,1300,100,100,900,100,1100,100,100,100
152.0,292.02,60400,17599423.0,292.14,292.02,292.0,291.99,291.85,291.83,291.82,291.6,291.35,291.33,292.41,292.42,292.59,292.99,293.0,293.73,293.88,293.99,294.0,294.04,100,100,200,100,100,300,100,100,200,200,100,100,900,100,1100,100,100,100,800,100
153.0,292.02,60400,17599423.0,292.14,292.02,292.01,292.0,291.99,291.85,291.83,291.82,291.6,291.35,292.41,292.42,292.59,292.99,293.0,293.73,293.88,293.99,294.0,294.04,300,100,200,200,100,200,300,100,100,200,100,100,900,100,1100,100,100,100,800,100
154.0,291.99,61600,17949865.0,291.99,291.91,291.86,291.85,291.83,291.82,291.6,291.35,291.33,291.21,292.14,292.41,292.59,292.99,293.0,293.73,293.88,293.99,294.0,294.04,100,100,200,200,300,100,100,200,200,100,100,100,900,100,1100,100,100,100,800,100
155.0,292.14,62100,18095935.0,291.99,291.91,291.86,291.85,291.83,291.82,291.6,291.35,291.33,291.21,292.41,292.58,292.59,292.99,293.0,293.73,293.88,293.99,294.0,294.04,300,100,200,200,300,100,100,200,200,100,100,200,900,100,1100,100,100,100,800,100
156.0,291.99,62900,18329790.0,291.91,291.86,291.85,291.83,291.82,291.6,291.35,291.33,291.21,291.2,292.14,292.41,292.42,292.43,292.44,292.58,292.59,292.99,293.0,293.73,100,200,200,300,100,100,200,200,100,200,100,200,100,200,100,200,900,100,1100,100
157.0,291.99,62900,18329790.0,291.86,291.85,291.83,291.82,291.6,291.35,291.33,291.21,291.2,291.07,292.14,292.41,292.42,292.43,292.44,292.58,292.59,292.99,293.0,293.73,200,200,300,100,100,200,200,100,200,100,100,200,100,100,100,200,900,100,1100,100
158.0,291.86,63000,18358976.0,291.86,291.85,291.83,291.82,291.6,291.35,291.33,291.21,291.2,291.07,291.91,292.11,292.14,292.41,292.42,292.43,292.44,292.58,292.59,292.99,300,200,300,100,100,200,200,100,200,100,100,100,100,200,100,100,100,200,900,100
159.0,292.19,63400,18475811.0,291.99,291.86,291.85,291.83,291.82,291.6,291.35,291.33,291.21,291.2,292.19,292.39,292.4,292.41,292.43,292.44,292.58,292.59,292.99,293.0,200,300,200,300,100,100,200,200,100,200,500,100,100,200,100,100,200,900,100,1100
160.0,292.19,63400,18475811.0,292.14,291.99,291.86,291.85,291.83,291.82,291.6,291.35,291.33,291.21,292.39,292.41,292.43,292.44,292.58,292.59,292.99,293.0,293.73,293.88,400,200,300,200,300,100,100,200,200,100,100,200,100,100,200,900,100,1100,100,100
161.0,292.19,63400,18475811.0,292.14,292.06,291.99,291.86,291.85,291.83,291.82,291.6,291.35,291.33,292.19,292.39,292.41,292.43,292.44,292.58,292.59,292.99,293.0,293.73,400,100,200,300,200,300,100,100,200,200,500,100,200,100,100,200,900,100,1100,100
162.0,292.14,63800,18592667.0,292.06,291.99,291.86,291.85,291.83,291.82,291.6,291.35,291.33,291.21,292.13,292.14,292.19,292.39,292.41,292.44,292.58,292.59,292.99,293.0,100,200,300,200,300,100,100,200,200,100,100,200,900,100,200,100,200,900,100,1100
163.0,292.06,63900,18621873.0,291.99,291.86,291.85,291.83,291.82,291.6,291.35,291.33,291.21,291.07,292.13,292.14,292.19,292.39,292.41,292.44,292.58,292.59,292.99,293.0,200,300,200,300,100,100,200,200,100,100,100,200,1000,100,200,100,200,900,100,1100
164.0,292.06,65200,19001509.0,291.85,291.6,291.35,291.33,291.21,291.07,290.93,290.86,290.84,290.81,292.06,292.14,292.19,292.39,292.41,292.44,292.58,292.59,292.99,293.0,200,100,200,200,100,100,100,100,100,500,200,200,500,100,200,100,200,900,100,1100
165.0,292.14,65600,19118335.0,291.86,291.85,291.6,291.35,291.33,291.21,291.07,290.93,290.86,290.84,292.14,292.19,292.39,292.41,292.44,292.58,292.59,292.99,293.0,293.73,100,400,100,200,200,100,100,100,100,100,100,500,100,200,100,200,900,100,1100,100
166.0,292.06,65800,19176755.0,291.86,291.85,291.35,291.33,291.21,291.07,290.93,290.86,290.84,290.81,292.06,292.13,292.19,292.39,292.41,292.44,292.58,292.59,292.99,293.0,100,400,200,200,100,100,100,100,100,500,100,600,500,100,200,100,200,900,100,1100
167.0,292.13,66100,19264360.0,291.99,291.86,291.85,291.35,291.33,291.21,291.07,290.93,290.86,290.84,292.13,292.19,292.39,292.41,292.44,292.58,292.59,292.99,293.0,293.73,200,100,400,200,200,100,100,100,100,100,500,500,100,200,100,200,900,100,1100,100
168.0,292.13,66500,19381212.0,291.99,291.86,291.85,291.35,291.33,291.21,291.07,290.93,290.86,290.84,292.13,292.19,292.39,292.41,292.44,292.58,292.59,292.99,293.0,293.73,200,100,400,200,200,100,100,100,100,100,100,500,100,200,100,200,900,100,1100,100
169.0,292.13,66500,19381212.0,291.99,291.86,291.85,291.35,291.33,291.21,291.07,290.93,290.86,290.84,292.13,292.19,292.39,292.41,292.44,292.58,292.59,292.99,293.0,293.73,200,200,400,200,200,100,100,100,100,100,100,500,100,200,100,200,900,100,1100,100
170.0,291.99,66700,19439610.0,291.88,291.87,291.86,291.85,291.35,291.33,291.21,291.07,290.93,290.86,292.13,292.19,292.41,292.44,292.58,292.59,292.99,293.0,293.73,293.88,200,300,200,400,200,200,100,100,100,100,100,500,200,100,200,900,100,1100,100,100
171.0,291.88,67100,19556428.0,291.88,291.87,291.86,291.85,291.35,291.33,291.21,291.07,290.93,290.86,292.19,292.41,292.44,292.58,292.59,292.99,293.0,293.73,293.88,293.99,100,300,200,400,200,200,100,100,100,100,500,200,100,200,900,100,1100,100,100,100
172.0,291.88,67100,19556428.0,291.88,291.87,291.86,291.85,291.35,291.33,291.21,291.07,290.93,290.86,292.19,292.44,292.58,292.59,292.99,293.0,293.73,293.88,293.99,294.0,100,300,200,400,200,200,100,100,100,100,500,100,200,900,100,1100,100,100,100,800
173.0,291.88,67100,19556428.0,291.88,291.87,291.86,291.85,291.35,291.33,291.21,291.07,290.93,290.86,291.99,292.19,292.44,292.58,292.59,292.99,293.0,293.73,293.88,293.99,100,300,200,400,200,200,100,100,100,100,200,500,100,200,900,100,1100,100,100,100
174.0,292.19,67500,19673264.0,291.88,291.87,291.86,291.85,291.35,291.33,291.21,291.07,290.93,290.86,292.19,292.44,292.58,292.59,292.99,293.0,293.73,293.88,293.99,294.0,300,300,200,400,200,200,100,100,100,100,300,100,200,900,100,1100,100,100,100,800
175.0,292.19,67500,19673264.0,291.88,291.87,291.86,291.85,291.35,291.33,291.21,291.07,290.93,290.86,292.19,292.44,292.58,292.59,292.99,293.0,293.73,293.88,293.99,294.0,300,300,200,400,200,200,100,100,100,100,600,100,200,900,100,1100,100,100,100,800
176.0,291.89,68500,19965300.0,291.89,291.88,291.87,291.86,291.85,291.35,291.33,291.21,291.07,290.93,292.19,292.44,292.58,292.59,292.99,293.0,293.73,293.88,293.99,294.0,100,100,300,200,400,200,200,100,100,100,400,100,200,900,100,1100,100,100,100,800
177.0,292.19,68800,20052957.0,291.9,291.89,291.88,291.87,291.86,291.85,291.35,291.33,291.21,291.07,292.19,292.58,292.59,292.99,293.0,293.73,293.88,293.99,294.0,294.04,300,100,100,300,200,400,200,200,100,100,200,200,900,100,1100,100,100,100,800,100
178.0,292.19,68800,20052957.0,291.9,291.89,291.88,291.87,291.86,291.85,291.35,291.33,291.21,291.07,292.19,292.58,292.59,292.99,293.0,293.73,293.88,293.99,294.0,294.04,300,100,100,300,200,400,200,200,100,100,400,200,900,100,1100,100,100,100,800,100
179.0,291.9,69000,20111366.0,291.9,291.89,291.88,291.87,291.86,291.85,291.35,291.33,291.21,291.07,292.19,292.58,292.59,292.99,293.0,293.73,293.88,293.99,294.0,294.04,200,100,100,300,200,400,200,200,100,100,300,200,900,100,1100,100,100,100,800,100
180.0,292.19,69300,20199023.0,291.94,291.91,291.88,291.87,291.86,291.85,291.35,291.33,291.21,291.07,292.58,292.59,292.99,293.0,293.73,293.88,293.99,294.0,294.04,294.45,700,200,200,300,200,400,200,200,100,100,200,900,100,1100,100,100,100,800,100,100
181.0,292.58,69400,20228281.0,292.0,291.99,291.98,291.95,291.91,291.88,291.87,291.86,291.85,291.35,292.58,292.59,292.99,293.0,293.73,293.88,293.99,294.0,294.04,294.45,700,100,800,100,200,200,300,200,400,200,100,900,100,1100,100,100,100,800,100,100
182.0,292.59,70400,20520870.0,292.59,292.05,292.04,292.01,291.99,291.95,291.91,291.88,291.87,291.86,292.99,293.0,293.73,293.88,293.99,294.0,294.04,294.45,294.98,294.99,100,500,600,100,100,400,200,200,300,200,100,1100,100,100,100,800,100,100,200,100
183.0,292.61,71000,20696436.0,292.61,292.6,292.59,292.14,292.13,292.05,292.01,291.99,291.95,291.91,292.99,293.0,293.73,293.88,293.99,294.0,294.04,294.45,294.98,294.99,200,100,500,100,300,300,100,100,400,200,100,1100,100,100,100,800,100,100,200,100
184.0,292.61,71000,20696436.0,292.61,292.6,292.59,292.58,292.14,292.13,292.05,292.01,291.99,291.95,292.99,293.0,293.73,293.88,294.0,294.04,294.45,294.98,294.99,295.0,400,100,500,200,100,300,300,100,100,400,100,1200,100,100,800,100,100,200,100,500
185.0,292.99,71200,20755034.0,292.62,292.61,292.59,292.58,292.14,292.13,292.05,292.01,291.99,291.95,292.95,293.0,293.73,293.88,294.0,294.04,294.45,294.98,294.99,295.0,1000,400,500,200,100,300,300,100,100,400,100,1200,100,100,800,100,100,200,100,500
186.0,292.61,72300,21076995.0,292.61,292.59,292.58,292.14,292.13,292.05,292.01,291.99,291.95,291.88,292.98,293.0,293.73,293.88,294.0,294.04,294.45,294.98,294.99,295.0,200,500,200,100,300,300,100,100,400,200,600,1100,100,100,800,100,100,200,100,500
187.0,292.61,72300,21076995.0,292.8,292.61,292.59,292.58,292.14,292.13,292.05,292.01,291.99,291.95,292.98,293.0,293.73,293.88,294.0,294.04,294.45,294.98,294.99,295.0,200,200,500,200,100,300,300,100,100,400,600,1100,100,100,800,100,100,200,100,500
188.0,292.8,72500,21135555.0,292.61,292.59,292.58,292.14,292.13,292.05,292.01,292.0,291.99,291.95,292.98,293.0,293.73,293.88,294.0,294.04,294.45,294.98,294.99,295.0,200,500,200,100,300,300,100,300,100,400,800,1100,100,100,700,100,100,200,100,500
189.0,292.98,72600,21164853.0,292.61,292.59,292.58,292.14,292.13,292.05,292.01,292.0,291.99,291.95,292.98,293.0,293.73,293.88,294.0,294.04,294.45,294.98,294.99,295.0,200,500,200,100,300,300,100,300,100,400,700,1100,100,100,700,100,100,200,100,500
190.0,292.62,72700,21194115.0,292.62,292.61,292.59,292.58,292.14,292.13,292.05,292.01,292.0,291.99,292.98,293.0,293.73,293.88,294.0,294.04,294.45,294.98,294.99,295.0,200,300,500,200,100,300,300,100,300,100,700,1100,100,100,700,100,100,200,100,500
191.0,292.62,72700,21194115.0,292.62,292.61,292.59,292.58,292.14,292.13,292.05,292.01,292.0,291.99,292.98,293.0,293.73,293.88,294.0,294.04,294.45,294.98,294.99,295.0,200,300,500,200,100,300,300,100,300,100,700,1100,100,100,700,100,100,200,100,500
192.0,292.98,72900,21252711.0,292.62,292.61,292.59,292.58,292.14,292.13,292.05,292.01,292.0,291.99,292.98,293.0,293.73,293.88,294.0,294.04,294.45,294.98,294.99,295.0,200,300,500,200,100,300,300,100,300,100,500,1100,100,100,700,100,100,200,100,500
193.0,292.62,73100,21311235.0,292.61,292.59,292.58,292.14,292.13,292.05,292.01,292.0,291.99,291.95,292.98,293.0,293.73,293.88,294.0,294.04,294.45,294.98,294.99,295.0,300,500,200,100,300,300,100,300,100,300,500,1100,100,100,700,100,100,200,100,500
194.0,292.62,73600,21457653.0,292.62,292.61,292.59,292.58,292.14,292.13,292.05,292.01,292.0,291.99,292.98,293.0,293.73,293.88,294.0,294.04,294.45,294.98,294.99,295.0,400,300,500,200,100,300,300,100,300,100,1200,1000,100,100,700,100,100,200,100,500
195.0,292.98,73900,21545547.0,292.62,292.61,292.59,292.58,292.14,292.13,292.05,292.01,292.0,291.99,292.98,293.0,293.73,293.88,294.0,294.04,294.45,294.98,294.99,295.0,200,300,500,200,100,300,300,100,300,100,2000,1000,100,100,700,100,100,200,100,500
196.0,292.62,74100,21604071.0,292.61,292.59,292.58,292.14,292.13,292.05,292.01,292.0,291.99,291.95,292.98,293.0,293.73,293.88,294.0,294.04,294.45,294.98,294.99,295.0,300,500,200,100,300,300,100,300,100,300,2000,1000,100,100,700,100,100,200,100,500
197.0,292.62,74100,21604071.0,292.61,292.59,292.58,292.14,292.13,292.05,292.0,291.99,291.95,291.88,292.62,292.98,293.0,293.73,293.88,294.0,294.04,294.45,294.98,294.99,300,500,200,100,300,300,300,100,300,200,200,2000,1000,100,100,700,100,100,200,100
198.0,292.61,74500,21721116.0,292.59,292.58,292.14,292.13,292.05,292.0,291.99,291.95,291.88,291.86,292.62,292.98,292.99,293.0,293.73,293.88,294.0,294.04,294.45,294.98,500,200,100,300,300,300,100,300,200,200,100,2100,100,1000,100,100,700,100,100,200
199.0,292.61,74500,21721116.0,292.59,292.58,292.14,292.13,292.05,292.0,291.99,291.95,291.88,291.86,292.62,292.98,292.99,293.0,293.73,293.88,294.0,294.04,294.45,294.98,500,200,100,300,300,300,100,300,200,200,100,2100,100,1000,100,100,700,100,100,200
200.0,292.58,75400,21984447.0,292.13,292.05,292.0,291.99,291.95,291.88,291.86,291.85,291.33,291.21,292.58,292.59,292.62,292.98,292.99,293.0,293.73,293.88,294.0,294.04,300,300,300,100,300,200,200,100,200,100,100,200,100,2200,100,1000,100,100,700,100
201.0,292.58,75500,22013705.0,292.13,292.05,292.0,291.99,291.95,291.88,291.86,291.85,291.33,291.21,292.58,292.59,292.62,292.98,292.99,293.0,293.73,293.88,294.0,294.04,300,300,300,100,300,200,200,100,200,100,100,200,100,2200,100,1100,100,100,700,100
202.0,292.58,75600,22042963.0,292.14,292.13,292.05,292.0,291.99,291.95,291.88,291.86,291.85,291.33,292.59,292.62,292.98,292.99,293.0,293.73,293.88,294.0,294.04,294.45,100,300,300,300,100,300,200,200,100,200,200,100,2100,100,1100,100,100,600,100,100
203.0,292.58,75600,22042963.0,292.14,292.13,292.05,292.0,291.95,291.88,291.86,291.85,291.33,291.21,292.59,292.62,292.98,292.99,293.0,293.73,293.88,294.0,294.04,294.45,100,300,200,300,300,200,200,100,200,100,700,100,2100,100,1100,100,100,600,100,100
204.0,292.59,75700,22072222.0,292.14,292.13,292.05,292.0,291.95,291.88,291.86,291.85,291.33,291.21,292.59,292.62,292.98,292.99,293.0,293.73,293.88,294.0,294.04,294.45,100,300,200,300,300,200,200,100,200,100,600,100,2100,100,1100,100,100,600,100,100
205.0,292.59,75800,22101481.0,292.14,292.13,292.05,292.0,291.95,291.88,291.86,291.85,291.33,291.21,292.59,292.62,292.98,292.99,293.0,293.73,293.88,294.0,294.04,294.45,100,300,200,300,300,200,200,100,200,100,500,100,2100,100,1100,100,100,600,100,100
206.0,292.59,75800,22101481.0,292.15,292.14,292.13,292.05,292.0,291.95,291.88,291.86,291.85,291.33,292.59,292.62,292.98,292.99,293.0,293.73,293.88,294.0,294.04,294.45,200,100,300,200,300,300,200,200,100,200,1000,100,2100,100,1100,100,100,600,100,100
207.0,292.59,76000,22159999.0,292.15,292.14,292.13,292.05,292.0,291.95,291.88,291.86,291.85,291.33,292.59,292.62,292.98,292.99,293.0,293.73,293.88,294.0,294.04,294.45,200,100,300,200,300,300,200,200,100,200,800,100,2100,100,1100,100,100,600,100,100
208.0,292.59,76000,22159999.0,292.19,292.14,292.13,292.05,292.0,291.95,291.88,291.86,291.85,291.33,292.59,292.62,292.98,292.99,293.0,293.73,293.88,294.0,294.04,294.45,200,100,300,200,300,300,200,200,100,200,800,100,2100,100,1100,100,100,600,100,100
209.0,292.59,76100,22189258.0,292.19,292.14,292.13,292.05,292.0,291.95,291.88,291.86,291.85,291.33,292.59,292.62,292.98,292.99,293.0,293.73,293.88,294.0,294.04,294.45,200,100,300,200,300,300,200,200,100,200,700,100,2100,100,1100,100,100,600,100,100
210.0,292.59,76100,22189258.0,292.19,292.14,292.13,292.05,292.0,291.95,291.88,291.86,291.85,291.33,292.59,292.62,292.98,292.99,293.0,293.73,293.88,294.0,294.04,294.45,200,100,300,200,300,300,200,200,100,200,700,100,2100,100,1100,100,100,600,100,100
211.0,292.59,76200,22218517.0,292.19,292.14,292.13,292.05,292.0,291.95,291.88,291.86,291.85,291.33,292.59,292.62,292.98,292.99,293.0,293.73,293.88,294.0,294.04,294.45,200,100,300,200,300,300,200,200,100,200,600,100,2100,100,1100,100,100,600,100,100
212.0,292.59,76200,22218517.0,292.19,292.14,292.13,292.05,292.0,291.95,291.88,291.86,291.85,291.33,292.59,292.98,292.99,293.0,293.73,293.88,294.0,294.04,294.45,294.98,200,100,300,200,300,300,200,200,100,200,700,2100,100,1100,100,100,600,100,100,200
213.0,292.19,76400,22276955.0,292.16,292.14,292.13,292.05,292.0,291.95,291.88,291.86,291.85,291.33,292.59,292.98,292.99,293.0,293.73,293.88,294.0,294.04,294.45,294.98,100,100,300,200,300,300,200,200,100,200,700,2100,100,1200,100,100,600,100,100,200
214.0,292.19,76400,22276955.0,292.17,292.16,292.14,292.13,292.05,292.0,291.95,291.88,291.86,291.85,292.58,292.59,292.98,292.99,293.0,293.73,294.0,294.04,294.45,294.98,300,100,100,300,200,200,300,200,200,100,100,700,2100,100,1200,100,600,100,100,200
215.0,292.58,76600,22335430.0,292.17,292.16,292.14,292.05,292.0,291.95,291.88,291.86,291.85,291.33,292.58,292.59,292.98,292.99,293.0,293.73,294.0,294.04,294.45,294.98,200,100,100,200,200,300,200,200,100,200,800,800,2100,100,1200,100,600,100,100,200
216.0,292.19,77100,22481642.0,292.17,292.16,292.14,292.05,292.0,291.95,291.88,291.86,291.85,291.33,292.58,292.59,292.98,292.99,293.0,293.73,294.0,294.04,294.45,294.98,200,100,100,200,200,300,200,200,100,200,500,800,2100,100,1200,100,600,100,100,200
217.0,292.19,77100,22481642.0,292.17,292.16,292.14,292.05,292.0,291.95,291.88,291.86,291.85,291.33,292.58,292.59,292.98,292.99,293.0,293.73,294.0,294.04,294.45,294.98,200,100,100,200,200,300,200,200,100,200,500,800,2100,100,1200,100,600,100,100,200
218.0,292.19,77100,22481642.0,292.17,292.16,292.14,292.05,292.0,291.95,291.88,291.86,291.85,291.33,292.58,292.59,292.98,292.99,293.0,293.73,294.0,294.04,294.45,294.98,300,100,100,200,200,300,200,200,100,200,600,800,2100,100,1200,100,600,100,100,200
219.0,292.58,77200,22510900.0,292.17,292.16,292.14,292.05,292.0,291.95,291.88,291.86,291.85,291.33,292.58,292.59,292.97,292.98,292.99,293.0,293.73,294.0,294.04,294.45,300,100,100,200,200,300,200,200,100,200,700,800,100,2100,100,1200,100,600,100,100
220.0,292.29,77500,22598645.0,292.17,292.16,292.14,292.05,292.0,291.95,291.88,291.86,291.85,291.33,292.58,292.59,292.97,292.98,292.99,293.0,293.73,294.0,294.04,294.45,300,100,100,200,200,300,200,200,100,200,800,800,100,2100,100,1200,100,600,100,100
221.0,292.29,77500,22598645.0,292.17,292.16,292.14,292.0,291.95,291.88,291.86,291.85,291.33,291.21,292.53,292.58,292.59,292.97,292.98,292.99,293.0,293.73,294.0,294.04,300,100,100,200,300,200,200,100,200,100,100,800,800,100,2100,100,1200,100,600,100
222.0,292.29,77500,22598645.0,292.17,292.16,292.14,292.0,291.95,291.88,291.86,291.85,291.33,291.21,292.53,292.58,292.59,292.97,292.98,292.99,293.0,293.73,294.0,294.04,300,100,100,200,300,200,200,100,200,100,100,800,800,100,2100,100,1200,100,600,100
223.0,292.17,77900,22715590.0,292.17,292.16,292.14,292.0,291.95,291.88,291.86,291.85,291.33,291.21,292.58,292.59,292.97,292.98,292.99,293.0,293.73,294.0,294.04,294.45,200,100,100,200,300,200,200,100,200,100,700,800,100,2100,100,1200,100,600,100,100
224.0,292.17,77900,22715590.0,292.17,292.16,292.14,292.0,291.95,291.88,291.86,291.85,291.33,291.21,292.53,292.58,292.59,292.97,292.98,292.99,293.0,293.73,294.0,294.04,200,100,100,200,300,200,200,100,200,100,200,500,800,100,2000,100,1200,100,600,100
225.0,292.17,78100,22774024.0,292.16,292.14,292.0,291.95,291.88,291.86,291.85,291.33,291.21,291.07,292.53,292.58,292.59,292.97,292.98,292.99,293.0,293.73,294.0,294.04,100,100,200,300,200,200,100,200,100,100,400,500,800,100,2000,100,1200,100,600,100
226.0,292.17,78400,22861675.0,292.16,292.14,292.0,291.95,291.88,291.86,291.85,291.33,291.21,291.07,292.53,292.58,292.59,292.97,292.98,292.99,293.0,293.73,294.0,294.04,100,100,200,300,200,200,100,200,100,100,700,500,800,100,2000,100,1200,100,600,100
227.0,292.17,78400,22861675.0,292.29,292.17,292.16,292.14,292.0,291.95,291.88,291.86,291.85,291.33,292.53,292.58,292.59,292.97,292.98,292.99,293.0,293.73,294.0,294.04,100,100,100,100,200,300,200,200,100,200,1400,300,800,100,2000,100,1200,100,600,100
228.0,292.53,78500,22890928.0,292.29,292.17,292.16,292.14,292.0,291.95,291.88,291.86,291.85,291.33,292.53,292.58,292.59,292.97,292.98,292.99,293.0,293.73,294.0,294.04,100,100,100,100,200,300,200,200,100,200,1300,300,800,100,2000,100,1200,100,600,100
229.0,292.53,78700,22949434.0,292.29,292.17,292.16,292.14,292.0,291.95,291.88,291.86,291.85,291.33,292.53,292.58,292.59,292.97,292.98,292.99,293.0,293.73,294.0,294.04,100,100,100,100,200,300,200,200,100,200,2000,300,800,100,1000,100,1100,100,600,100
230.0,292.53,78700,22949434.0,292.29,292.17,292.16,292.14,292.0,291.95,291.88,291.86,291.85,291.33,292.53,292.58,292.59,292.97,292.98,292.99,293.0,293.73,294.0,294.04,100,100,100,100,200,300,200,200,100,200,2100,300,800,100,1000,100,1100,100,600,100
231.0,292.53,78900,23007916.0,292.18,292.17,292.16,292.14,292.0,291.95,291.88,291.86,291.85,291.33,292.53,292.58,292.59,292.97,292.98,292.99,293.0,293.73,294.0,294.04,100,600,100,100,200,300,200,200,100,200,2000,300,800,100,1000,100,1100,100,600,100
232.0,293.0,83300,24295718.0,293.0,292.97,292.61,292.6,292.59,292.58,292.53,292.25,292.24,292.19,293.71,293.72,293.73,294.0,294.04,294.45,294.98,294.99,295.0,295.49,1300,100,200,200,800,100,1000,200,100,200,100,500,100,600,100,100,200,100,500,100
233.0,292.87,85400,24910999.0,292.74,292.61,292.6,292.59,292.53,292.25,292.24,292.19,292.17,292.16,293.69,293.7,293.71,293.72,293.73,294.0,294.04,294.45,294.98,294.99,100,200,200,800,900,200,100,200,600,100,200,100,300,400,100,600,100,100,200,100
234.0,292.74,86300,25174670.0,292.69,292.68,292.61,292.6,292.59,292.53,292.29,292.25,292.24,292.19,293.49,293.5,293.68,293.69,293.71,293.72,293.73,294.0,294.04,294.45,600,200,200,200,800,1100,100,200,100,200,100,100,100,400,300,400,100,600,100,100
235.0,292.74,86300,25174670.0,292.74,292.7,292.69,292.68,292.61,292.6,292.59,292.53,292.29,292.25,293.49,293.5,293.68,293.69,293.71,293.72,293.73,294.0,294.04,294.45,200,200,700,200,200,200,800,1100,100,200,200,100,100,200,300,400,100,600,100,100
236.0,292.74,86500,25233218.0,292.74,292.7,292.69,292.68,292.61,292.6,292.59,292.53,292.29,292.25,293.49,293.5,293.68,293.69,293.71,293.72,293.73,294.0,294.04,294.45,100,400,700,200,200,200,800,1100,100,200,300,100,100,200,300,400,100,600,100,100
237.0,293.37,87200,25438640.0,292.77,292.74,292.71,292.7,292.69,292.68,292.61,292.6,292.59,292.53,292.98,293.42,293.49,293.51,293.69,293.71,293.73,294.0,294.04,294.45,100,100,300,400,700,200,200,200,800,400,100,200,100,400,200,300,100,600,100,100
238.0,292.98,87300,25467938.0,292.98,292.77,292.74,292.71,292.7,292.69,292.68,292.61,292.6,292.59,293.36,293.42,293.49,293.51,293.69,293.71,293.73,294.0,294.04,294.45,200,100,100,300,200,700,200,200,200,800,100,200,200,400,200,300,100,600,100,100
239.0,292.98,87400,25497236.0,292.98,292.77,292.74,292.71,292.7,292.69,292.68,292.61,292.6,292.59,293.25,293.36,293.42,293.49,293.51,293.69,293.71,293.73,294.0,294.04,100,200,100,300,200,700,100,200,200,800,200,200,200,200,400,200,300,100,600,100
240.0,292.98,87400,25497236.0,292.98,292.77,292.74,292.71,292.7,292.69,292.68,292.61,292.6,292.59,293.25,293.36,293.42,293.49,293.51,293.69,293.71,293.73,294.0,294.04,100,200,100,300,200,700,100,200,200,800,200,200,200,200,400,200,300,100,600,100
241.0,292.98,87500,25526534.0,292.77,292.74,292.71,292.7,292.69,292.68,292.61,292.6,292.59,292.53,293.25,293.36,293.42,293.49,293.51,293.69,293.71,293.73,294.0,294.04,200,100,300,200,700,100,200,200,800,400,200,200,200,200,400,200,300,100,600,100
242.0,292.98,87500,25526534.0,292.77,292.74,292.71,292.7,292.69,292.68,292.61,292.59,292.53,292.29,292.98,293.25,293.36,293.42,293.49,293.51,293.69,293.71,293.73,294.0,200,100,300,200,700,100,200,100,400,100,300,800,500,200,100,400,200,300,100,600
243.0,292.77,87700,25585109.0,292.77,292.74,292.71,292.7,292.69,292.68,292.61,292.59,292.53,292.29,292.98,293.25,293.36,293.42,293.49,293.51,293.69,293.71,293.73,294.0,100,100,300,200,700,100,200,100,400,100,200,800,500,200,100,400,200,300,100,600
244.0,293.25,88200,25731680.0,292.77,292.74,292.71,292.7,292.69,292.68,292.61,292.59,292.53,292.29,293.25,293.36,293.42,293.49,293.51,293.69,293.71,293.73,294.0,294.04,100,100,300,200,100,100,200,100,400,100,500,500,200,100,400,200,300,100,600,100
245.0,292.77,88400,25790234.0,292.74,292.71,292.7,292.69,292.68,292.61,292.59,292.53,292.29,292.25,292.77,293.35,293.36,293.42,293.49,293.51,293.69,293.71,293.73,294.0,100,300,200,100,100,200,100,400,100,200,100,100,400,200,100,400,200,300,100,600
246.0,292.77,88400,25790234.0,292.74,292.71,292.7,292.69,292.68,292.61,292.59,292.53,292.29,292.25,292.77,292.98,293.35,293.36,293.42,293.49,293.51,293.69,293.71,293.73,100,300,200,100,100,200,100,400,100,200,200,200,100,400,200,100,100,200,300,100
247.0,292.77,88400,25790234.0,292.74,292.71,292.7,292.69,292.68,292.61,292.59,292.53,292.29,292.25,292.77,292.98,293.0,293.35,293.36,293.42,293.49,293.51,293.69,293.71,100,300,200,100,100,200,100,400,100,200,300,200,100,100,400,200,100,100,200,300
248.0,292.98,88800,25907363.0,292.74,292.71,292.7,292.69,292.68,292.61,292.59,292.53,292.29,292.25,292.98,293.0,293.35,293.36,293.42,293.49,293.51,293.69,293.71,293.73,100,300,200,100,100,200,100,400,100,200,100,100,100,400,200,100,100,200,300,100
249.0,292.98,88800,25907363.0,292.79,292.74,292.71,292.7,292.69,292.68,292.61,292.59,292.53,292.29,292.98,293.0,293.35,293.36,293.42,293.49,293.51,293.69,293.71,293.73,100,100,400,200,100,100,200,100,400,100,100,100,100,400,200,100,100,200,300,100
250.0,293.25,90900,26523090.0,292.74,292.71,292.7,292.69,292.68,292.61,292.59,292.53,292.29,292.25,293.08,293.16,293.24,293.25,293.34,293.36,293.42,293.49,293.51,293.69,100,400,200,100,100,200,100,400,100,200,400,100,300,1900,100,400,200,100,100,200
251.0,293.25,90900,26523090.0,292.74,292.72,292.71,292.7,292.69,292.68,292.61,292.59,292.53,292.29,292.79,292.96,293.16,293.24,293.25,293.34,293.36,293.42,293.49,293.51,100,200,400,200,100,100,200,100,400,100,100,100,100,300,2000,100,400,200,100,100
252.0,292.74,91000,26552364.0,292.72,292.71,292.7,292.69,292.68,292.61,292.59,292.53,292.29,292.25,292.77,292.79,292.96,292.98,293.16,293.24,293.25,293.34,293.36,293.42,200,400,200,100,100,200,100,400,100,200,100,200,100,100,100,200,2000,100,400,200
253.0,292.71,91500,26698733.0,292.71,292.7,292.69,292.68,292.61,292.59,292.53,292.29,292.25,292.19,292.79,292.96,292.98,293.16,293.24,293.25,293.34,293.36,293.42,293.49,300,200,100,100,200,100,400,100,200,200,300,100,100,100,200,2000,100,400,200,100
254.0,292.71,91800,26786560.0,292.71,292.7,292.69,292.68,292.61,292.59,292.53,292.29,292.25,292.19,292.79,292.98,293.16,293.24,293.25,293.34,293.36,293.42,293.49,293.51,200,200,100,100,200,100,400,100,200,200,200,100,100,200,2000,100,400,200,100,100
255.0,292.79,92000,26845118.0,292.84,292.81,292.71,292.7,292.69,292.68,292.61,292.59,292.53,292.29,292.98,293.16,293.24,293.25,293.34,293.36,293.42,293.49,293.51,293.55,100,200,200,200,100,100,200,100,400,100,100,100,200,2000,100,400,200,100,100,100
256.0,292.95,92300,26933011.0,292.84,292.81,292.71,292.7,292.69,292.68,292.61,292.59,292.53,292.29,292.95,293.16,293.24,293.25,293.34,293.36,293.42,293.49,293.51,293.55,100,200,200,200,100,100,200,100,400,100,100,100,200,2000,100,400,200,100,100,100
257.0,292.81,92600,27020857.0,292.71,292.7,292.69,292.68,292.61,292.59,292.53,292.29,292.25,292.19,292.97,293.16,293.24,293.25,293.34,293.36,293.42,293.49,293.51,293.55,200,200,100,100,200,100,400,100,200,200,100,100,200,2000,100,400,200,100,100,100
258.0,292.81,92600,27020857.0,292.71,292.7,292.69,292.68,292.61,292.59,292.53,292.29,292.25,292.19,292.97,293.16,293.24,293.25,293.34,293.36,293.42,293.49,293.51,293.55,200,200,100,100,200,100,400,100,200,200,100,100,200,1900,100,400,200,100,100,100
259.0,292.81,92600,27020857.0,292.71,292.7,292.69,292.68,292.61,292.59,292.53,292.29,292.25,292.19,292.97,293.16,293.24,293.25,293.34,293.36,293.42,293.49,293.51,293.55,200,200,100,100,200,100,400,100,200,200,100,100,200,1900,100,400,200,100,100,100
260.0,292.71,92700,27050128.0,292.71,292.7,292.69,292.68,292.61,292.59,292.53,292.29,292.25,292.19,292.97,293.16,293.24,293.25,293.34,293.36,293.42,293.49,293.51,293.55,100,200,100,100,200,100,400,100,200,200,300,100,200,1900,100,400,200,100,100,100
261.0,292.97,92900,27108722.0,292.71,292.7,292.69,292.68,292.61,292.59,292.53,292.29,292.25,292.19,292.97,293.24,293.25,293.34,293.36,293.42,293.49,293.51,293.55,293.69,100,200,100,100,200,100,400,100,200,200,100,200,1900,100,400,200,100,100,100,200
262.0,292.97,93100,27167290.0,292.7,292.69,292.68,292.61,292.59,292.53,292.29,292.25,292.19,292.14,293.24,293.25,293.34,293.36,293.42,293.49,293.51,293.55,293.69,293.71,200,100,100,200,100,400,100,200,200,100,200,1900,100,400,200,100,100,100,200,300
263.0,292.71,93200,27196561.0,292.7,292.69,292.68,292.61,292.59,292.53,292.29,292.25,292.19,292.14,293.24,293.25,293.34,293.36,293.42,293.49,293.51,293.55,293.69,293.71,200,100,100,200,100,400,100,200,200,100,100,1900,100,400,200,100,100,100,200,300
264.0,292.71,93200,27196561.0,292.7,292.69,292.68,292.61,292.59,292.54,292.53,292.29,292.25,292.19,293.24,293.25,293.34,293.36,293.42,293.49,293.51,293.55,293.69,293.71,200,100,100,200,100,100,400,100,200,200,100,1600,100,400,200,100,100,100,200,300
265.0,292.71,93200,27196561.0,293.24,292.99,292.97,292.7,292.69,292.68,292.67,292.66,292.65,292.64,293.36,293.42,293.51,293.55,293.69,293.71,293.73,294.0,294.04,294.45,200,100,100,200,100,100,100,400,100,400,400,200,100,100,200,300,100,600,100,100
266.0,293.03,95200,27782860.0,293.03,293.02,293.01,292.99,292.97,292.7,292.69,292.68,292.66,292.64,293.42,293.55,293.69,293.71,293.73,294.0,294.04,294.45,294.98,294.99,100,300,500,100,700,200,100,100,400,400,100,100,200,200,100,600,100,100,200,100
267.0,293.03,95200,27782860.0,293.04,293.03,293.02,293.01,292.99,292.97,292.7,292.69,292.68,292.66,293.42,293.55,293.69,293.71,293.73,294.0,294.04,294.45,294.98,294.99,200,100,300,500,200,700,200,100,100,400,100,100,200,200,100,600,100,100,200,100
268.0,293.04,95300,27812164.0,293.03,293.02,293.01,292.99,292.97,292.7,292.69,292.68,292.66,292.64,293.42,293.55,293.69,293.71,293.73,294.0,294.04,294.45,294.98,294.99,100,300,500,200,700,200,100,100,400,400,100,100,200,200,100,600,100,100,200,100
269.0,293.42,95700,27929421.0,293.03,293.02,293.01,292.99,292.97,292.7,292.69,292.68,292.66,292.64,293.55,293.69,293.71,293.72,293.73,294.0,294.04,294.45,294.98,294.99,100,200,400,200,100,200,100,100,400,400,100,200,200,100,100,600,100,100,200,100
270.0,293.57,96300,28105599.0,293.04,293.03,293.02,293.01,292.99,292.97,292.7,292.69,292.68,292.66,293.57,293.71,293.72,293.73,293.75,293.92,293.94,293.99,294.0,294.04,400,100,200,400,200,100,200,100,100,400,200,100,100,200,300,200,200,100,600,100
271.0,293.06,96400,28134905.0,293.05,293.04,293.03,293.02,293.01,292.99,292.97,292.7,292.69,292.68,293.71,293.72,293.73,293.77,293.92,293.94,293.99,294.0,294.04,294.45,300,400,100,200,400,200,100,200,100,100,100,100,100,100,100,200,100,600,100,100
272.0,293.05,96600,28193515.0,293.05,293.04,293.03,293.02,293.01,292.99,292.97,292.7,292.69,292.68,293.64,293.68,293.71,293.72,293.73,293.76,293.92,293.94,293.99,294.0,100,400,100,200,400,200,200,200,100,100,100,100,200,100,100,100,100,200,100,700
273.0,293.04,97100,28340094.0,293.04,293.03,293.02,293.01,292.99,292.97,292.7,292.69,292.68,292.66,293.57,293.61,293.62,293.68,293.71,293.72,293.73,293.76,293.92,293.94,100,100,200,400,200,200,200,100,100,400,100,100,100,100,200,100,100,100,100,200
274.0,293.57,97200,28369451.0,293.04,293.03,293.02,293.01,292.99,292.97,292.7,292.69,292.68,292.66,293.57,293.61,293.62,293.68,293.71,293.72,293.73,293.76,293.92,293.94,300,100,200,400,100,200,200,100,100,400,400,100,100,100,200,100,100,100,100,200
275.0,293.57,97300,28398808.0,293.04,293.03,293.02,293.01,292.97,292.79,292.7,292.69,292.68,292.66,293.57,293.62,293.71,293.72,293.73,293.76,293.92,293.94,293.99,294.0,300,100,200,400,200,100,200,100,100,400,300,100,200,100,100,100,100,200,100,700
276.0,293.04,97800,28545373.0,293.04,293.03,293.02,293.01,292.97,292.79,292.7,292.69,292.68,292.66,293.47,293.57,293.62,293.71,293.72,293.73,293.76,293.92,293.94,293.99,100,100,200,400,200,100,200,100,100,400,100,500,100,200,100,100,100,100,200,100
277.0,293.04,97900,28574677.0,293.05,293.03,293.02,293.01,292.97,292.79,292.7,292.69,292.68,292.66,293.47,293.56,293.57,293.62,293.71,293.72,293.73,293.76,293.92,293.94,300,100,200,400,200,100,200,100,100,400,100,100,500,100,200,100,100,100,100,200
278.0,293.05,98100,28633287.0,293.05,293.03,293.02,293.01,292.97,292.79,292.7,292.69,292.68,292.66,293.47,293.56,293.57,293.71,293.72,293.73,293.76,293.92,293.94,293.99,100,100,200,400,200,100,200,100,100,400,300,100,500,200,100,100,100,100,200,100
279.0,293.47,98200,28662634.0,293.05,293.03,293.02,293.01,292.97,292.79,292.7,292.69,292.68,292.66,293.47,293.56,293.57,293.71,293.72,293.73,293.76,293.92,293.94,293.99,200,100,200,400,200,100,200,100,100,400,200,100,500,200,100,100,100,100,200,100
280.0,293.47,98300,28691981.0,293.05,293.03,293.02,293.01,292.97,292.79,292.7,292.69,292.68,292.66,293.47,293.56,293.57,293.71,293.72,293.73,293.76,293.92,293.94,293.99,200,100,200,400,200,100,200,100,100,400,100,100,500,200,100,100,100,100,200,100
281.0,293.47,98300,28691981.0,293.05,293.03,293.02,293.01,292.97,292.79,292.7,292.69,292.68,292.66,293.42,293.47,293.56,293.57,293.71,293.72,293.73,293.76,293.92,293.94,200,100,200,400,200,100,200,100,100,400,100,100,100,400,200,100,100,100,100,200
282.0,293.47,98700,28809364.0,293.05,293.03,293.02,293.01,292.97,292.79,292.7,292.69,292.68,292.66,293.47,293.56,293.57,293.71,293.72,293.73,293.76,293.92,293.94,293.99,200,100,200,400,200,100,200,100,100,400,500,100,400,200,100,100,100,100,200,100
283.0,293.05,99300,28985362.0,292.97,292.79,292.7,292.69,292.68,292.66,292.64,292.63,292.62,292.61,293.47,293.56,293.57,293.71,293.72,293.73,293.76,293.92,293.94,293.99,200,100,200,100,100,400,400,100,300,300,100,100,400,200,100,100,100,100,200,100
284.0,293.05,99300,28985362.0,293.05,292.97,292.79,292.7,292.69,292.68,292.66,292.64,292.63,292.62,293.44,293.46,293.47,293.56,293.57,293.71,293.72,293.73,293.76,293.92,200,200,100,200,100,100,400,400,100,300,200,100,200,100,400,200,100,100,100,100
285.0,293.05,99600,29073316.0,292.97,292.79,292.7,292.69,292.68,292.66,292.64,292.62,292.61,292.59,293.04,293.46,293.47,293.56,293.57,293.71,293.72,293.73,293.76,293.92,200,100,200,100,100,400,400,300,300,100,2200,100,400,100,400,200,100,100,100,100
286.0,293.04,99700,29102620.0,292.97,292.79,292.7,292.69,292.68,292.66,292.64,292.62,292.61,292.59,293.04,293.05,293.46,293.47,293.56,293.57,293.71,293.72,293.73,293.76,100,100,200,100,100,400,400,300,300,100,2100,200,100,400,100,400,200,100,100,100
287.0,293.04,99700,29102620.0,293.03,292.97,292.79,292.7,292.69,292.68,292.66,292.64,292.62,292.61,293.04,293.05,293.46,293.47,293.56,293.57,293.71,293.72,293.73,293.76,800,100,100,200,100,100,400,400,300,300,2600,200,100,400,100,400,200,100,100,100
288.0,293.03,100500,29337044.0,292.97,292.79,292.7,292.69,292.68,292.66,292.64,292.62,292.61,292.59,293.03,293.04,293.05,293.46,293.47,293.56,293.57,293.71,293.72,293.73,100,100,200,100,100,400,400,300,300,100,100,2800,200,100,400,100,400,200,100,100
289.0,293.03,100500,29337044.0,292.97,292.79,292.7,292.69,292.68,292.66,292.64,292.62,292.61,292.59,293.03,293.04,293.05,293.46,293.47,293.56,293.57,293.71,293.72,293.73,100,100,200,100,100,400,400,300,300,100,100,2900,200,100,400,100,400,200,100,100
290.0,292.69,101100,29512704.0,292.68,292.59,292.53,292.29,292.14,292.0,291.88,291.86,291.68,291.21,292.77,292.79,293.04,293.05,293.46,293.47,293.56,293.57,293.71,293.72,100,100,400,100,100,500,200,200,100,100,200,600,2500,200,100,400,100,400,200,100
291.0,292.75,101700,29688313.0,292.53,292.29,292.14,292.0,291.88,291.86,291.68,291.21,291.07,291.0,292.75,292.79,293.04,293.05,293.46,293.47,293.56,293.57,293.71,293.72,300,100,100,500,200,200,100,100,100,200,300,600,2500,200,100,400,100,400,200,100
292.0,292.75,101900,29746863.0,292.53,292.29,292.14,292.0,291.88,291.86,291.68,291.21,291.07,291.0,292.75,292.79,293.04,293.05,293.46,293.47,293.56,293.57,293.71,293.72,300,100,100,500,200,200,100,100,100,200,100,700,2500,200,100,400,100,400,200,100
293.0,292.53,102100,29805369.0,292.53,292.29,292.17,292.16,292.15,292.14,292.0,291.95,291.88,291.86,292.79,292.97,293.04,293.05,293.45,293.46,293.47,293.56,293.57,293.71,100,200,100,400,900,100,500,100,200,200,500,100,2500,200,100,100,400,100,400,200
294.0,292.53,102100,29805369.0,292.68,292.53,292.29,292.17,292.16,292.15,292.14,292.0,291.95,291.88,292.79,292.97,293.04,293.05,293.45,293.46,293.47,293.56,293.57,293.71,100,100,200,1100,400,900,100,500,100,200,500,100,2500,200,100,100,400,100,400,200
295.0,292.53,102100,29805369.0,292.68,292.53,292.29,292.17,292.16,292.15,292.14,292.0,291.95,291.88,292.75,292.79,292.97,293.04,293.05,293.45,293.46,293.47,293.56,293.57,100,100,200,1100,400,900,100,500,100,200,100,500,100,2400,200,100,100,400,100,400
296.0,292.79,102400,29893202.0,292.68,292.53,292.29,292.17,292.16,292.15,292.14,292.0,291.95,291.88,292.97,293.04,293.05,293.45,293.46,293.47,293.56,293.57,293.71,293.72,100,100,200,1100,400,900,100,500,100,200,100,2400,200,100,100,400,100,400,200,100
297.0,292.79,102400,29893202.0,292.81,292.53,292.45,292.41,292.35,292.29,292.23,292.2,292.18,292.17,292.97,293.04,293.05,293.45,293.46,293.47,293.56,293.57,293.71,293.72,100,100,1000,100,100,300,100,100,100,100,100,2400,200,100,100,400,100,400,200,100
298.0,292.81,102500,29922483.0,292.81,292.53,292.45,292.41,292.35,292.29,292.23,292.2,292.18,292.17,292.97,293.04,293.05,293.45,293.46,293.47,293.56,293.57,293.71,293.72,300,100,1000,100,100,300,100,100,100,100,100,2400,200,100,100,400,100,400,200,100
299.0,292.81,102600,29951764.0,292.81,292.53,292.45,292.41,292.35,292.29,292.23,292.2,292.18,292.17,292.97,293.04,293.05,293.45,293.46,293.47,293.56,293.57,293.71,293.72,200,100,1000,100,100,300,100,100,100,100,100,2400,200,100,100,400,100,400,200,100
300.0,292.81,102900,30039623.0,292.53,292.46,292.45,292.41,292.35,292.29,292.23,292.2,292.18,292.17,293.04,293.05,293.45,293.46,293.47,293.56,293.57,293.71,293.72,293.73,100,900,1000,100,100,300,100,100,100,100,2400,200,100,100,400,100,400,200,100,100
301.0,292.81,102900,30039623.0,292.83,292.82,292.53,292.45,292.41,292.35,292.29,292.23,292.2,292.18,293.04,293.05,293.45,293.46,293.47,293.56,293.57,293.71,293.72,293.73,100,100,100,1000,100,100,300,100,100,100,2500,200,100,100,400,100,400,200,100,100
302.0,292.83,103000,30068906.0,292.83,292.82,292.81,292.53,292.46,292.45,292.41,292.35,292.29,292.23,293.04,293.05,293.45,293.46,293.47,293.56,293.57,293.71,293.72,293.73,100,100,100,100,100,1100,200,100,300,100,2500,200,100,100,400,100,400,200,100,100
303.0,292.83,103200,30127493.0,292.82,292.81,292.53,292.46,292.45,292.41,292.35,292.29,292.23,292.2,293.04,293.05,293.45,293.46,293.47,293.56,293.71,293.72,293.73,293.76,100,100,100,200,1100,200,100,300,100,100,2800,200,100,100,400,100,200,100,100,100
304.0,293.0,103300,30156793.0,292.82,292.81,292.53,292.46,292.45,292.41,292.35,292.29,292.23,292.2,293.04,293.05,293.45,293.46,293.47,293.56,293.71,293.72,293.73,293.76,100,100,100,200,1100,200,100,300,100,100,2800,200,200,100,400,100,200,100,100,100
305.0,292.83,104000,30361857.0,292.81,292.53,292.46,292.45,292.41,292.35,292.29,292.23,292.2,292.18,293.04,293.05,293.45,293.46,293.47,293.56,293.71,293.72,293.73,293.76,200,100,200,1100,200,100,300,100,100,100,2300,200,200,100,400,100,200,100,100,100
306.0,292.46,104900,30625148.0,292.6,292.59,292.48,292.47,292.46,292.45,292.41,292.35,292.29,292.23,293.04,293.05,293.45,293.46,293.47,293.56,293.71,293.72,293.73,293.76,500,700,100,300,1200,1100,200,100,300,100,2700,200,200,100,400,100,200,100,100,100
307.0,292.82,105100,30683734.0,292.6,292.59,292.48,292.47,292.46,292.45,292.41,292.35,292.29,292.23,293.04,293.05,293.45,293.46,293.47,293.56,293.71,293.72,293.73,293.76,500,700,100,300,1500,1100,200,100,300,100,2600,200,200,100,400,100,200,100,100,100
308.0,292.81,105300,30742275.0,292.83,292.61,292.6,292.48,292.47,292.46,292.45,292.41,292.35,292.29,293.04,293.05,293.45,293.47,293.56,293.71,293.72,293.73,293.76,293.92,100,1000,600,100,300,1500,1100,200,100,300,2500,200,200,400,100,200,100,100,100,100
309.0,293.11,108500,31680043.0,293.04,292.86,292.84,292.74,292.7,292.62,292.61,292.6,292.46,292.45,293.45,293.47,293.56,293.71,293.72,293.73,293.76,293.92,293.94,293.99,500,100,100,200,100,100,1000,600,1500,1100,200,400,100,200,100,100,100,100,200,100
310.0,292.84,109500,31973048.0,292.9,292.74,292.7,292.61,292.6,292.46,292.45,292.41,292.35,292.29,293.45,293.47,293.56,293.71,293.72,293.73,293.76,293.92,293.94,293.99,300,200,100,1000,600,1500,1100,200,100,300,200,400,100,200,100,100,100,100,200,100
311.0,293.45,109600,32002393.0,293.08,293.04,293.02,292.91,292.9,292.74,292.7,292.61,292.6,292.46,293.45,293.47,293.56,293.71,293.72,293.73,293.92,293.94,293.99,294.0,100,100,100,200,300,200,100,1000,600,1300,100,400,100,200,100,100,100,200,100,700
312.0,293.47,110100,32149126.0,293.23,293.16,293.04,293.02,292.91,292.9,292.74,292.61,292.6,292.46,293.56,293.71,293.72,293.73,293.92,293.94,293.99,294.0,294.04,294.98,100,100,100,100,200,300,200,1000,600,300,100,200,100,100,100,200,100,700,100,200
313.0,293.16,110600,32295747.0,293.08,293.04,293.02,292.91,292.9,292.74,292.61,292.6,292.46,292.45,293.56,293.71,293.72,293.73,293.94,293.99,294.0,294.04,294.98,294.99,400,100,100,200,300,200,1000,600,300,1100,100,200,100,100,200,100,700,100,200,100
314.0,293.56,110700,32325103.0,293.31,293.3,293.12,293.09,293.04,293.02,292.91,292.9,292.74,292.61,293.56,293.71,293.72,293.73,293.99,294.0,294.04,294.98,294.99,295.0,300,100,100,100,100,100,200,300,200,1000,500,200,100,100,100,700,100,200,100,500
315.0,293.31,111200,32471808.0,293.3,293.12,293.09,293.04,293.02,292.91,292.9,292.74,292.61,292.6,293.56,293.71,293.72,293.73,293.99,294.0,294.04,294.98,294.99,295.0,100,100,100,100,100,200,300,200,1000,600,300,200,100,100,100,700,100,200,100,500
316.0,293.31,111200,32471808.0,293.3,293.12,293.09,293.04,293.02,292.91,292.9,292.74,292.61,292.6,293.56,293.71,293.72,293.73,293.99,294.0,294.04,294.98,294.99,295.0,100,100,100,100,100,200,300,200,1000,600,300,200,100,100,100,700,100,200,100,700
317.0,293.56,112100,32735724.0,293.3,293.16,293.15,293.05,293.04,293.02,292.91,292.9,292.74,292.61,293.56,293.71,293.72,293.73,293.99,294.0,294.04,294.98,294.99,295.0,200,100,100,100,200,100,200,300,200,1000,100,200,100,100,100,700,100,200,100,700
318.0,293.3,112300,32794410.0,293.16,293.15,293.05,293.04,293.02,292.91,292.9,292.74,292.61,292.6,293.71,293.72,293.73,293.99,294.0,294.04,294.98,294.99,295.0,295.49,100,100,100,200,100,200,300,200,1000,600,200,100,100,200,700,100,200,100,700,100
319.0,293.3,112300,32794410.0,293.16,293.15,293.04,293.02,292.91,292.9,292.74,292.61,292.6,292.46,293.71,293.72,293.73,293.99,294.0,294.04,294.98,294.99,295.0,295.49,100,100,200,100,200,300,200,1000,600,300,200,100,100,100,700,100,200,100,700,100
320.0,293.55,112900,32970448.0,293.16,293.15,293.04,293.02,292.91,292.9,292.74,292.61,292.6,292.46,293.56,293.71,293.72,293.73,293.86,293.91,293.93,293.94,293.97,293.98,100,200,100,100,200,200,200,1000,600,300,700,300,100,100,100,100,100,100,100,100
321.0,293.56,113000,32999804.0,293.16,293.15,293.04,293.02,292.91,292.9,292.74,292.61,292.6,292.46,293.56,293.71,293.72,293.73,293.86,293.91,293.93,293.94,293.97,293.98,100,200,100,100,200,200,200,1000,600,300,600,300,100,100,100,100,100,100,100,100
322.0,293.16,113100,33029120.0,293.3,293.16,293.15,293.02,292.91,292.9,292.74,292.61,292.6,292.46,293.71,293.72,293.73,293.83,293.86,293.9,293.91,293.93,293.94,293.97,100,100,100,100,200,200,200,1000,600,300,300,100,100,500,100,200,100,100,100,100
323.0,293.16,113400,33117096.0,293.02,292.91,292.9,292.74,292.61,292.6,292.46,292.45,292.41,292.35,293.3,293.47,293.55,293.56,293.71,293.72,293.73,293.83,293.86,293.9,100,200,100,200,100,600,300,1100,200,100,100,500,100,400,300,100,100,200,100,200
324.0,293.02,113600,33175728.0,292.91,292.9,292.74,292.61,292.6,292.45,292.41,292.35,292.29,292.23,293.3,293.47,293.55,293.56,293.71,293.72,293.73,293.83,293.86,293.9,200,100,100,100,600,1100,200,100,300,100,200,500,100,400,300,100,100,200,100,200
325.0,293.02,113600,33175728.0,292.91,292.9,292.74,292.61,292.6,292.45,292.41,292.35,292.29,292.23,293.02,293.15,293.3,293.55,293.56,293.71,293.72,293.73,293.83,293.86,400,100,100,100,600,1100,200,100,300,100,100,100,200,100,500,300,100,100,200,100
326.0,292.91,114000,33292892.0,292.91,292.9,292.74,292.61,292.6,292.45,292.41,292.35,292.29,292.23,293.02,293.09,293.14,293.15,293.16,293.3,293.55,293.56,293.71,293.72,100,100,100,100,200,1100,200,100,300,100,100,200,200,100,100,900,100,400,300,100
327.0,292.91,114200,33351474.0,292.9,292.74,292.6,292.45,292.41,292.35,292.29,292.23,292.0,291.95,292.91,292.99,293.02,293.09,293.14,293.15,293.16,293.3,293.55,293.56,100,100,200,1100,200,100,300,100,500,100,200,200,100,200,200,100,100,900,100,400
328.0,292.9,114500,33439345.0,292.74,292.6,292.45,292.41,292.35,292.29,292.23,292.0,291.95,291.88,292.91,292.99,293.0,293.02,293.09,293.14,293.15,293.16,293.3,293.55,100,200,1100,200,100,300,100,500,100,200,100,200,2900,100,200,200,100,100,900,100
329.0,292.74,114600,33468619.0,292.61,292.6,292.45,292.41,292.29,292.0,291.95,291.88,291.86,291.68,292.84,292.89,292.91,292.99,293.0,293.02,293.09,293.14,293.15,293.16,200,200,100,100,200,500,100,200,200,100,100,100,300,200,2900,100,200,200,100,100
330.0,292.74,114600,33468619.0,292.61,292.6,292.45,292.41,292.29,292.0,291.95,291.88,291.86,291.68,292.71,292.74,292.84,292.89,292.91,292.99,293.0,293.09,293.14,293.16,200,200,100,100,200,500,100,200,200,100,100,100,200,100,300,200,2900,200,200,100
331.0,292.74,114600,33468619.0,292.61,292.6,292.45,292.41,292.29,292.0,291.95,291.88,291.86,291.68,292.71,292.74,292.84,292.89,292.91,292.99,293.0,293.09,293.14,293.16,200,200,100,100,200,500,100,200,200,100,100,100,200,100,300,200,2900,200,200,100
332.0,292.29,116000,33878051.0,292.0,291.95,291.88,291.86,291.68,291.24,291.0,290.84,290.61,290.55,292.39,292.6,292.61,292.66,292.7,292.71,292.74,292.84,292.89,292.91,500,100,200,200,100,100,200,100,300,400,600,1100,1000,100,100,400,100,200,100,200
333.0,292.56,116400,33995019.0,292.0,291.95,291.88,291.86,291.68,291.24,291.0,290.84,290.61,290.55,292.56,292.58,292.6,292.61,292.66,292.7,292.71,292.74,292.84,292.89,500,100,200,200,100,100,200,100,300,400,100,100,500,1100,100,100,500,100,200,100
334.0,292.56,116400,33995019.0,292.0,291.95,291.88,291.86,291.68,291.24,291.0,290.84,290.61,290.55,292.56,292.58,292.6,292.61,292.66,292.7,292.71,292.74,292.84,292.89,500,100,200,200,100,100,200,100,300,400,100,100,400,1100,100,100,500,100,300,100
335.0,292.56,116400,33995019.0,292.0,291.95,291.88,291.86,291.68,291.24,291.0,290.84,290.61,290.55,292.39,292.55,292.56,292.58,292.6,292.61,292.66,292.7,292.71,292.84,600,100,200,200,100,100,200,100,300,400,300,300,700,100,400,600,100,100,300,200
336.0,292.39,116700,34082736.0,292.01,292.0,291.95,291.88,291.86,291.68,291.24,291.0,290.84,290.61,292.55,292.56,292.58,292.6,292.61,292.66,292.7,292.71,292.84,292.89,200,600,100,200,200,100,100,200,100,300,300,1500,100,400,800,100,100,300,200,100
337.0,292.0,117100,34199538.0,292.01,292.0,291.95,291.88,291.86,291.68,291.24,291.0,290.84,290.61,292.55,292.56,292.58,292.6,292.61,292.66,292.7,292.71,292.84,292.89,100,400,100,200,200,100,100,200,100,300,500,1500,100,200,800,100,100,300,200,100
338.0,292.0,117100,34199538.0,292.02,292.01,292.0,291.95,291.88,291.86,291.68,291.24,291.0,290.84,292.13,292.47,292.55,292.56,292.58,292.61,292.66,292.7,292.71,292.84,100,200,400,100,200,200,100,100,200,100,200,300,1000,1100,100,300,100,100,100,200
339.0,292.0,117100,34199538.0,292.01,292.0,291.95,291.88,291.86,291.68,291.24,291.0,290.84,290.61,292.13,292.33,292.42,292.47,292.55,292.56,292.58,292.61,292.66,292.7,200,400,100,200,200,100,100,200,100,300,300,300,300,300,1000,1100,100,300,100,100
340.0,292.13,117900,34433239.0,292.01,292.0,291.95,291.88,291.86,291.68,291.24,291.0,290.84,290.61,292.13,292.33,292.42,292.47,292.55,292.56,292.58,292.61,292.66,292.7,400,400,100,200,200,100,100,200,100,300,200,300,300,300,1000,1100,100,300,100,100
341.0,292.13,118400,34579304.0,292.13,292.03,292.02,292.01,292.0,291.95,291.88,291.86,291.68,291.24,292.39,292.55,292.56,292.58,292.61,292.66,292.7,292.71,292.84,292.89,100,100,300,500,400,100,200,200,100,100,100,800,1100,100,300,100,100,100,200,100
342.0,292.18,118500,34608522.0,292.18,292.13,292.03,292.02,292.01,292.0,291.95,291.88,291.86,291.68,292.39,292.55,292.56,292.58,292.61,292.66,292.7,292.71,292.84,292.89,100,100,100,300,500,400,100,200,200,100,100,800,1100,100,300,100,100,100,200,100
343.0,292.13,118700,34666953.0,292.02,292.01,292.0,291.95,291.88,291.86,291.68,291.24,291.0,290.84,292.39,292.55,292.56,292.58,292.61,292.66,292.7,292.71,292.84,292.89,300,500,400,100,200,200,100,100,200,100,100,800,1100,100,300,100,100,100,200,100
344.0,292.13,118700,34666953.0,292.02,292.01,292.0,291.95,291.88,291.86,291.68,291.24,291.0,290.84,292.39,292.55,292.56,292.58,292.61,292.66,292.7,292.71,292.84,292.89,300,500,400,100,200,200,100,100,200,100,100,800,1100,100,300,100,100,100,200,100
345.0,292.44,118900,34725436.0,292.02,292.01,292.0,291.95,291.88,291.86,291.68,291.24,291.0,290.84,292.55,292.56,292.58,292.61,292.66,292.7,292.71,292.84,292.89,292.91,300,500,400,100,200,200,100,100,200,100,800,1100,100,200,100,100,100,200,100,200
346.0,292.33,119000,34754669.0,292.33,292.02,292.01,292.0,291.95,291.88,291.86,291.68,291.24,291.0,292.55,292.56,292.58,292.61,292.66,292.7,292.71,292.84,292.89,292.91,100,300,500,400,100,200,200,100,100,200,800,1100,100,200,100,100,100,200,100,200
347.0,292.33,119100,34783902.0,292.03,292.02,292.01,292.0,291.95,291.88,291.86,291.68,291.24,291.0,292.39,292.55,292.56,292.58,292.61,292.66,292.7,292.71,292.84,292.89,300,300,500,400,100,200,200,100,100,200,600,800,1100,100,200,100,100,100,200,100
348.0,292.39,119700,34959336.0,292.15,292.06,292.05,292.04,292.03,292.02,292.01,292.0,291.95,291.88,292.55,292.56,292.58,292.61,292.66,292.7,292.71,292.84,292.89,292.91,100,100,300,500,300,300,500,400,100,200,800,1100,100,200,100,100,100,200,100,200
349.0,292.0,122600,35806212.0,292.0,291.95,291.88,291.86,291.68,291.24,291.0,290.84,290.61,290.55,292.55,292.56,292.58,292.61,292.66,292.7,292.71,292.84,292.89,292.91,600,100,200,200,100,100,200,100,300,400,800,1100,100,200,100,100,100,200,100,200
350.0,292.55,123200,35981488.0,292.02,292.0,291.95,291.88,291.86,291.68,291.24,291.0,290.84,290.61,292.55,292.56,292.58,292.61,292.66,292.7,292.71,292.84,292.89,292.91,200,1300,100,200,200,100,100,200,100,300,700,1100,100,200,100,100,100,200,100,200
351.0,292.55,123300,36010743.0,292.03,292.02,292.0,291.95,291.88,291.86,291.68,291.24,291.0,290.84,292.55,292.56,292.58,292.61,292.66,292.7,292.71,292.84,292.89,292.91,200,200,1300,100,200,200,100,100,200,100,600,1100,100,200,100,100,100,200,100,200
352.0,292.55,123500,36069213.0,292.03,292.02,292.0,291.95,291.88,291.86,291.68,291.24,291.0,290.84,292.55,292.56,292.58,292.61,292.66,292.7,292.71,292.84,292.89,292.91,300,200,1300,100,200,200,100,100,200,100,500,1100,100,200,100,100,100,200,100,200
353.0,292.15,123800,36156834.0,292.04,292.03,292.02,292.0,291.95,291.88,291.86,291.68,291.24,291.0,292.55,292.56,292.58,292.61,292.66,292.7,292.71,292.84,292.89,292.91,200,100,200,1300,100,200,200,100,100,200,700,1100,100,200,100,100,100,200,100,200
354.0,292.55,124400,36332364.0,292.05,292.04,292.03,292.02,292.0,291.95,291.88,291.86,291.68,291.24,292.55,292.56,292.58,292.61,292.66,292.7,292.71,292.84,292.89,292.91,300,200,100,200,1300,100,200,200,100,100,500,1100,100,200,100,100,100,200,100,200
355.0,292.55,124700,36420031.0,292.05,292.04,292.03,292.02,291.95,291.88,291.86,291.68,291.24,291.0,292.55,292.56,292.58,292.61,292.66,292.7,292.71,292.84,292.89,292.91,300,200,200,200,100,200,200,100,100,200,400,1100,100,200,100,100,100,200,100,200
356.0,292.55,125000,36507698.0,292.06,292.05,292.04,292.03,291.95,291.88,291.86,291.68,291.24,291.0,292.55,292.56,292.58,292.61,292.66,292.7,292.71,292.84,292.89,292.91,400,400,200,200,100,200,200,100,100,200,400,1100,100,200,100,100,100,200,100,200
357.0,292.55,125100,36536953.0,292.06,292.05,292.04,292.03,292.0,291.95,291.88,291.86,291.68,291.24,292.55,292.56,292.58,292.61,292.66,292.7,292.71,292.84,292.89,292.91,400,400,200,200,100,100,200,200,100,100,300,1100,100,200,100,100,100,200,100,200
358.0,292.55,125200,36566208.0,292.06,292.05,292.04,292.03,292.0,291.95,291.88,291.86,291.68,291.24,292.55,292.56,292.58,292.61,292.66,292.7,292.71,292.84,292.89,292.91,600,400,200,200,100,100,200,200,100,100,700,1100,100,200,100,100,100,200,100,200
359.0,292.55,125200,36566208.0,292.06,292.05,292.04,292.03,292.0,291.95,291.88,291.86,291.68,291.24,292.46,292.55,292.56,292.58,292.61,292.66,292.7,292.71,292.84,292.89,600,400,200,200,100,100,200,200,100,100,200,900,1100,100,200,100,100,100,200,100
360.0,292.06,125700,36712278.0,292.06,292.05,292.04,292.03,292.0,291.95,291.88,291.86,291.68,291.24,292.46,292.55,292.56,292.58,292.61,292.66,292.7,292.71,292.84,292.89,200,400,200,200,100,100,200,200,100,100,100,900,1100,100,200,100,100,100,200,100
361.0,292.06,125700,36712278.0,292.06,292.05,292.03,292.0,291.95,291.88,291.86,291.68,291.24,291.0,292.44,292.45,292.46,292.55,292.56,292.58,292.61,292.66,292.7,292.71,200,400,200,100,100,200,200,100,100,200,200,100,100,900,1100,100,200,100,100,100
362.0,292.06,125900,36770690.0,292.05,292.03,292.0,291.95,291.88,291.86,291.68,291.24,291.0,290.84,292.06,292.44,292.45,292.46,292.55,292.56,292.58,292.61,292.66,292.7,400,200,200,100,200,200,100,100,200,100,300,200,200,100,900,1100,100,200,100,100
363.0,292.06,126000,36799896.0,292.05,292.03,292.0,291.95,291.88,291.86,291.68,291.24,291.0,290.84,292.06,292.44,292.45,292.46,292.55,292.56,292.58,292.61,292.66,292.7,400,200,200,100,200,200,100,100,200,100,500,300,400,100,900,1100,100,200,100,100
364.0,292.06,126200,36858308.0,292.05,292.03,292.0,291.95,291.88,291.86,291.68,291.24,291.0,290.84,292.06,292.44,292.45,292.46,292.55,292.56,292.58,292.61,292.66,292.7,400,200,200,100,200,200,100,100,200,100,300,300,400,100,900,1100,100,200,100,100
365.0,292.07,127200,37150488.0,292.06,292.05,292.03,292.0,291.95,291.88,291.86,291.68,291.24,291.0,292.44,292.45,292.46,292.55,292.56,292.58,292.61,292.66,292.7,292.71,100,400,200,200,100,200,200,100,100,200,100,300,100,800,1000,100,200,100,100,100
366.0,292.06,127700,37296520.0,292.05,292.03,292.0,291.95,291.88,291.86,291.68,291.24,291.0,290.84,292.06,292.44,292.45,292.46,292.55,292.56,292.58,292.61,292.66,292.7,300,200,200,100,200,200,100,100,200,100,400,100,300,100,800,200,100,200,100,100
367.0,292.06,128200,37442550.0,292.06,292.05,292.03,292.0,291.95,291.88,291.86,291.68,291.24,291.0,292.44,292.45,292.46,292.55,292.56,292.58,292.61,292.66,292.7,292.71,300,300,200,200,100,200,200,100,100,200,100,300,100,800,200,100,200,100,100,100
368.0,292.06,128200,37442550.0,292.1,292.06,292.05,292.03,292.0,291.95,291.88,291.86,291.68,291.24,292.44,292.45,292.46,292.55,292.56,292.58,292.66,292.7,292.71,292.84,300,600,300,200,200,100,200,200,100,100,100,300,100,800,200,100,100,100,100,100
369.0,292.06,128200,37442550.0,292.11,292.1,292.06,292.05,292.03,292.0,291.95,291.88,291.86,291.68,292.44,292.45,292.46,292.55,292.56,292.58,292.66,292.7,292.71,292.84,300,300,600,300,200,200,100,200,200,100,100,300,100,800,200,100,100,100,100,100
370.0,292.11,128600,37559427.0,292.1,292.06,292.05,292.03,292.0,291.95,291.88,291.86,291.68,291.24,292.45,292.46,292.55,292.56,292.58,292.66,292.7,292.71,292.84,292.89,300,600,400,200,200,100,200,200,100,100,300,100,800,200,100,100,100,100,100,100
371.0,292.56,130000,37968960.0,292.55,292.2,292.1,292.06,292.05,292.03,292.0,291.95,291.88,291.86,292.58,292.66,292.7,292.71,292.84,292.89,292.99,293.0,293.09,293.14,100,1400,300,300,400,200,200,100,200,200,100,100,100,100,100,100,200,200,200,200
372.0,292.44,130600,38144446.0,292.45,292.44,292.2,292.1,292.06,292.05,292.03,292.0,291.95,291.88,292.58,292.66,292.7,292.71,292.84,292.89,292.99,293.0,293.09,293.14,100,100,1400,300,300,400,200,200,100,200,100,100,100,100,100,100,200,200,200,200
373.0,292.22,131500,38407657.0,292.21,292.2,292.1,292.06,292.05,292.03,292.0,291.95,291.88,291.86,292.7,292.71,292.84,292.89,292.99,293.0,293.09,293.14,293.5,293.58,100,1400,300,300,400,200,800,100,200,200,100,100,100,100,200,200,200,200,400,300
374.0,292.45,132000,38553933.0,292.21,292.2,292.1,292.06,292.05,292.03,292.0,291.95,291.88,291.86,292.67,292.84,292.89,292.99,293.0,293.09,293.14,293.5,293.58,293.71,100,1400,200,300,400,200,800,100,200,200,100,100,100,200,200,200,200,400,300,300
375.0,292.75,132300,38641750.0,292.75,292.21,292.2,292.1,292.06,292.05,292.03,292.0,291.95,291.88,292.84,292.89,292.99,293.0,293.09,293.14,293.5,293.58,293.71,293.72,200,100,1400,200,300,400,200,800,100,200,100,100,200,200,200,200,400,300,300,100
376.0,292.75,132300,38641750.0,292.75,292.21,292.2,292.1,292.06,292.05,292.03,292.0,291.95,291.88,292.84,292.89,292.99,293.0,293.09,293.14,293.5,293.58,293.71,293.72,200,100,1400,200,300,400,200,800,100,200,100,100,200,200,200,200,400,300,300,100
377.0,292.76,132700,38758860.0,292.76,292.21,292.2,292.1,292.06,292.05,292.03,292.0,291.95,291.88,292.89,292.99,293.0,293.09,293.14,293.5,293.58,293.71,293.72,293.73,100,100,1400,200,300,300,200,800,100,200,100,200,200,200,200,400,300,300,100,100
378.0,292.89,132800,38788149.0,292.91,292.76,292.21,292.2,292.1,292.06,292.05,292.03,292.0,291.95,292.99,293.0,293.09,293.14,293.5,293.58,293.71,293.72,293.73,293.8,300,100,100,1400,200,300,300,200,800,100,200,200,200,200,400,300,300,100,100,100
379.0,292.91,133100,38876022.0,292.76,292.21,292.2,292.1,292.06,292.05,292.03,292.0,291.95,291.88,292.99,293.0,293.09,293.14,293.5,293.58,293.71,293.72,293.73,293.8,100,100,1400,200,300,300,200,800,100,200,200,200,200,200,400,300,300,100,100,100
380.0,292.99,133600,39022446.0,292.64,292.62,292.6,292.57,292.52,292.46,292.43,292.42,292.33,292.29,293.0,293.09,293.14,293.5,293.58,293.71,293.72,293.73,293.8,293.83,400,400,800,700,700,700,700,100,600,600,200,200,200,400,300,300,100,100,100,200
381.0,293.09,134000,39139664.0,293.02,292.64,292.62,292.6,292.57,292.52,292.46,292.43,292.42,292.33,293.14,293.5,293.58,293.71,293.72,293.73,293.8,293.83,293.86,293.9,400,300,400,800,700,700,700,700,100,600,200,400,300,300,100,100,100,200,200,200
382.0,293.02,134500,39286186.0,292.9,292.64,292.62,292.6,292.57,292.52,292.46,292.43,292.42,292.33,292.99,293.14,293.5,293.58,293.71,293.72,293.73,293.8,293.83,293.86,200,300,400,800,700,700,700,700,100,600,100,100,400,300,300,100,100,100,200,200
383.0,293.14,134800,39374113.0,293.02,292.9,292.64,292.62,292.6,292.57,292.52,292.46,292.43,292.42,293.5,293.58,293.71,293.72,293.73,293.8,293.83,293.86,293.9,293.93,100,200,300,400,800,700,700,700,700,100,400,300,300,100,100,100,200,200,200,100
384.0,293.16,134900,39403429.0,293.16,293.14,292.9,292.64,292.62,292.6,292.57,292.52,292.46,292.43,293.49,293.5,293.58,293.71,293.72,293.73,293.8,293.83,293.86,293.9,100,300,200,300,400,800,700,700,700,700,100,400,300,300,100,100,100,200,200,200
385.0,293.14,135300,39520687.0,292.91,292.9,292.64,292.62,292.6,292.57,292.52,292.46,292.43,292.42,293.48,293.49,293.5,293.58,293.71,293.72,293.73,293.8,293.83,293.86,100,200,300,400,800,700,700,700,700,100,100,100,400,300,300,100,100,100,200,200
386.0,293.14,135300,39520687.0,292.91,292.9,292.64,292.62,292.6,292.57,292.52,292.46,292.43,292.42,293.45,293.48,293.49,293.5,293.58,293.71,293.72,293.73,293.8,293.83,300,200,300,400,800,700,700,700,700,100,100,100,100,400,300,300,100,100,100,200
387.0,293.45,135400,39550032.0,292.91,292.9,292.64,292.62,292.6,292.57,292.52,292.46,292.43,292.42,293.48,293.49,293.5,293.58,293.71,293.72,293.73,293.8,293.83,293.86,300,200,300,400,800,700,700,700,700,100,100,500,400,300,300,100,100,100,200,200
388.0,293.45,135400,39550032.0,293.17,292.91,292.9,292.64,292.62,292.6,292.57,292.52,292.46,292.43,293.48,293.49,293.5,293.58,293.71,293.72,293.73,293.83,293.86,293.9,100,400,200,300,400,800,700,700,700,700,100,500,400,300,300,100,100,200,200,200
389.0,293.45,135400,39550032.0,293.17,292.91,292.9,292.64,292.62,292.6,292.57,292.52,292.46,292.43,293.48,293.49,293.5,293.58,293.71,293.72,293.73,293.83,293.86,293.9,100,500,200,300,400,800,700,700,700,700,100,500,600,300,300,100,100,200,200,200
390.0,292.91,135700,39637988.0,292.91,292.9,292.64,292.62,292.6,292.57,292.52,292.46,292.43,292.42,293.49,293.5,293.58,293.71,293.72,293.73,293.83,293.86,293.9,293.93,600,200,300,400,800,700,700,700,700,100,500,600,300,300,100,100,200,200,200,100
391.0,292.91,135800,39667279.0,292.91,292.9,292.62,292.6,292.57,292.52,292.46,292.43,292.42,292.33,293.49,293.5,293.58,293.71,293.72,293.73,293.83,293.86,293.9,293.93,700,200,400,800,700,700,700,700,100,600,700,600,300,300,100,100,200,200,200,100
392.0,292.91,135800,39667279.0,292.91,292.9,292.62,292.6,292.57,292.52,292.46,292.43,292.42,292.33,293.49,293.5,293.58,293.71,293.72,293.73,293.83,293.86,293.9,293.93,700,200,400,800,700,700,700,700,100,600,700,600,300,300,100,100,200,200,200,100
393.0,292.91,135800,39667279.0,292.91,292.9,292.6,292.57,292.52,292.46,292.43,292.42,292.33,292.29,293.49,293.5,293.58,293.71,293.72,293.73,293.83,293.86,293.9,293.93,700,200,800,700,700,700,700,100,600,600,1400,600,300,300,100,100,200,200,200,100
394.0,292.91,135800,39667279.0,292.91,292.9,292.46,292.43,292.42,292.33,292.29,292.2,292.1,292.06,293.48,293.49,293.5,293.58,293.71,293.72,293.73,293.83,293.86,293.9,600,200,700,700,100,600,600,1400,200,300,100,2300,600,300,300,100,100,200,200,200
395.0,292.9,136500,39872315.0,292.9,292.24,292.2,292.1,292.06,292.05,292.03,292.0,291.95,291.88,292.91,293.48,293.49,293.5,293.58,293.71,293.72,293.73,293.83,293.86,100,200,1400,200,300,100,200,800,100,200,100,100,2300,600,300,300,100,100,200,200
396.0,293.49,136800,39960303.0,292.9,292.26,292.25,292.2,292.1,292.06,292.05,292.03,292.0,291.95,293.49,293.5,293.58,293.71,293.72,293.73,293.83,293.86,293.9,293.93,100,200,100,1400,200,300,100,200,800,100,2200,600,300,300,100,100,200,200,200,100
397.0,292.9,136900,39989593.0,292.9,292.26,292.25,292.2,292.1,292.06,292.05,292.03,292.0,291.95,292.91,293.48,293.49,293.5,293.58,293.71,293.72,293.73,293.83,293.86,100,200,100,1400,200,300,100,200,800,100,100,100,2800,600,300,300,100,100,200,200
398.0,292.26,137100,40048109.0,292.26,292.25,292.2,292.1,292.06,292.05,292.03,292.0,291.95,291.88,292.87,292.91,293.48,293.49,293.5,293.58,293.71,293.72,293.73,293.83,100,100,1400,200,300,100,200,800,100,200,100,400,100,2300,600,300,300,100,100,200
399.0,292.86,137500,40165259.0,292.26,292.21,292.2,292.1,292.06,292.05,292.03,292.0,291.95,291.88,292.86,292.88,292.89,292.91,293.48,293.49,293.5,293.58,293.71,293.72,100,500,1400,200,300,100,200,800,100,200,400,2500,200,400,100,2300,600,300,300,100
400.0,292.26,138000,40311509.0,292.83,292.2,292.1,292.06,292.05,292.03,292.0,291.95,291.88,291.86,292.86,292.88,292.89,292.91,293.48,293.49,293.5,293.58,293.71,293.72,100,1400,200,300,100,200,800,100,200,200,200,300,200,400,100,2200,600,300,300,100
