LocalTime,LastPrice,TradeVolume,TradeValue,BidPrice1,BidPrice2,BidPrice3,BidPrice4,BidPrice5,BidPrice6,BidPrice7,BidPrice8,BidPrice9,BidPriceA,AskPrice1,AskPrice2,AskPrice3,AskPrice4,AskPrice5,AskPrice6,AskPrice7,AskPrice8,AskPrice9,AskPriceA,BidVolume1,BidVolume2,BidVolume3,BidVolume4,BidVolume5,BidVolume6,BidVolume7,BidVolume8,BidVolume9,BidVolumeA,AskVolume1,AskVolume2,AskVolume3,AskVolume4,AskVolume5,AskVolume6,AskVolume7,AskVolume8,AskVolume9,AskVolumeA
0.0,5.9,6600,38940.0,5.86,5.85,5.84,5.82,5.81,5.8,5.78,5.77,5.71,5.7,5.9,5.95,5.96,5.97,5.98,5.99,6.0,6.01,6.06,6.08,3300,5800,10000,1100,1000,1000,5300,300,500,34400,9700,500,9700,700,4300,1900,600,2500,300,1300
1.0,5.9,6700,39530.0,5.87,5.86,5.85,5.84,5.82,5.81,5.8,5.78,5.77,5.71,5.89,5.9,5.95,5.96,5.97,5.98,5.99,6.0,6.01,6.06,2600,3300,5800,10000,1100,1000,1000,5300,300,500,800,9600,500,9700,700,5300,1900,600,2500,300
2.0,5.89,7100,41886.0,5.87,5.86,5.85,5.82,5.81,5.8,5.78,5.77,5.71,5.7,5.89,5.9,5.93,5.94,5.95,5.96,5.97,5.98,5.99,6.0,2900,3300,5800,1100,1000,1000,5300,300,10500,34400,400,9600,1700,1700,500,9700,700,5300,1900,600
3.0,5.9,17100,100882.0,5.9,5.87,5.86,5.85,5.82,5.81,5.8,5.78,5.77,5.71,5.93,5.94,5.95,5.96,5.97,5.98,5.99,6.0,6.01,6.02,2600,2800,3300,5800,1100,1000,2000,5300,300,10500,1700,1700,500,9700,700,5300,8300,600,2500,10000
4.0,5.9,17100,100882.0,5.9,5.89,5.87,5.86,5.85,5.82,5.81,5.8,5.78,5.77,5.93,5.94,5.95,5.96,5.97,5.98,5.99,6.0,6.01,6.02,4600,1500,2800,3300,14300,1100,1000,2000,5300,300,1700,1700,500,9700,700,5300,8300,600,2500,10000
5.0,5.9,17100,100882.0,5.9,5.89,5.87,5.86,5.85,5.82,5.81,5.8,5.78,5.77,5.93,5.94,5.95,5.96,5.97,5.98,5.99,6.0,6.01,6.02,6000,1500,2800,3300,14300,1100,1000,2000,5300,300,1700,1700,1400,9700,700,5300,8300,600,2500,10000
6.0,5.93,17300,102068.0,5.9,5.89,5.87,5.86,5.85,5.82,5.81,5.8,5.78,5.77,5.93,5.94,5.95,5.96,5.97,5.98,5.99,6.0,6.01,6.02,6000,3100,4700,3300,14300,1100,4000,2000,5300,300,1500,1700,1400,9700,700,5300,8300,600,2500,10000
7.0,5.93,17300,102068.0,5.9,5.89,5.87,5.86,5.85,5.82,5.81,5.8,5.78,5.77,5.93,5.94,5.95,5.96,5.97,5.98,5.99,6.0,6.01,6.02,6000,2500,4800,4300,14300,1100,4000,2000,5300,300,1500,1700,1400,9700,700,5300,8300,600,2500,10000
8.0,5.93,17300,102068.0,5.9,5.89,5.87,5.86,5.85,5.82,5.81,5.8,5.78,5.77,5.93,5.94,5.95,5.96,5.97,5.98,5.99,6.0,6.01,6.02,6000,2200,5100,4300,16800,1100,4000,2000,5300,300,1500,1700,9400,12700,700,5300,8300,600,2500,10000
9.0,5.9,17400,102658.0,5.9,5.89,5.87,5.86,5.85,5.82,5.81,5.8,5.78,5.77,5.92,5.93,5.94,5.95,5.96,5.97,5.98,5.99,6.0,6.01,5900,2200,18400,20200,19700,1100,4000,2000,5300,300,1000,1500,1700,9400,12700,700,5300,18300,600,2500
10.0,5.9,17400,102658.0,5.9,5.89,5.87,5.86,5.85,5.82,5.81,5.8,5.78,5.77,5.92,5.93,5.94,5.95,5.96,5.97,5.98,5.99,6.0,6.01,5900,2200,18400,20200,19700,1100,4000,2000,5300,300,2000,1500,1700,9400,12700,700,10300,18300,600,2500
11.0,5.92,20100,118642.0,5.92,5.9,5.89,5.87,5.86,5.85,5.82,5.81,5.8,5.78,5.93,5.94,5.95,5.96,5.97,5.98,5.99,6.0,6.01,6.02,3700,17300,2200,18400,20200,19700,1100,4000,2000,5300,1500,1700,9400,12700,700,10300,18300,600,2500,10000
12.0,5.93,20300,119828.0,5.92,5.9,5.89,5.87,5.86,5.85,5.82,5.81,5.8,5.78,5.93,5.94,5.95,5.96,5.97,5.98,5.99,6.0,6.01,6.02,5000,13100,700,18400,20200,19700,1100,4000,2000,5300,1300,1700,9400,12700,700,10300,18300,600,2500,10000
13.0,5.93,21600,127537.0,5.93,5.92,5.9,5.89,5.87,5.86,5.85,5.82,5.81,5.8,5.94,5.95,5.96,5.97,5.98,5.99,6.0,6.01,6.02,6.06,700,3800,12700,700,18400,20200,19700,1100,4000,2000,1700,9400,12700,700,10300,18300,600,2500,10000,3800
14.0,5.93,21600,127537.0,5.93,5.92,5.9,5.89,5.87,5.86,5.85,5.82,5.81,5.8,5.94,5.95,5.96,5.97,5.98,5.99,6.0,6.01,6.02,6.06,1000,1900,12700,700,18400,20200,19700,1100,4000,2000,1700,9400,12700,700,10300,18300,600,2500,10000,3800
15.0,5.94,21700,128131.0,5.93,5.92,5.9,5.89,5.87,5.86,5.85,5.82,5.81,5.8,5.94,5.95,5.96,5.97,5.98,5.99,6.0,6.01,6.02,6.06,1000,1900,12500,700,18400,20200,19700,1100,4000,2000,1600,9400,12700,700,10300,18300,600,2500,10000,3800
16.0,5.94,21700,128131.0,5.93,5.92,5.9,5.89,5.87,5.86,5.85,5.82,5.81,5.8,5.94,5.95,5.96,5.97,5.98,5.99,6.0,6.01,6.02,6.06,1000,1900,12500,700,18400,20200,19700,1100,4000,2000,1600,9400,12700,700,10300,18300,600,2500,10000,3800
17.0,5.92,23200,137021.0,5.92,5.9,5.89,5.87,5.86,5.85,5.82,5.81,5.8,5.78,5.93,5.94,5.95,5.96,5.97,5.98,5.99,6.0,6.01,6.02,1400,12500,700,18400,20200,19700,1100,4000,2000,5300,600,1600,9400,12700,700,10300,18300,600,2500,10000
18.0,5.92,23200,137021.0,5.92,5.9,5.89,5.87,5.86,5.85,5.82,5.81,5.8,5.78,5.93,5.94,5.95,5.96,5.97,5.98,5.99,6.0,6.01,6.02,1400,12500,700,18400,20200,21500,1100,4000,2000,5300,600,1600,9400,12700,700,10300,18300,600,2500,10000
19.0,5.92,23200,137021.0,5.92,5.9,5.89,5.87,5.86,5.85,5.82,5.81,5.8,5.78,5.93,5.94,5.95,5.96,5.97,5.98,5.99,6.0,6.01,6.02,1400,12500,700,18400,20200,21500,1100,4000,2000,5300,600,1600,9400,12700,700,10300,18300,600,2500,10000
20.0,5.92,23200,137021.0,5.92,5.9,5.89,5.87,5.86,5.85,5.82,5.81,5.8,5.78,5.93,5.94,5.95,5.96,5.97,5.98,5.99,6.0,6.01,6.02,1400,12500,700,18400,20200,21500,1100,4000,2000,5300,600,1600,9400,12700,700,10300,18300,600,2500,10000
21.0,5.92,23200,137021.0,5.92,5.9,5.89,5.87,5.86,5.85,5.82,5.81,5.8,5.78,5.93,5.94,5.95,5.96,5.97,5.98,5.99,6.0,6.01,6.02,1400,12500,700,18400,20200,21500,1100,4000,2000,5300,600,1600,9400,12700,700,10300,18300,600,2500,10000
22.0,5.9,26800,158318.0,5.9,5.89,5.87,5.86,5.85,5.82,5.81,5.8,5.78,5.77,5.93,5.94,5.95,5.96,5.97,5.98,5.99,6.0,6.01,6.02,11400,700,18400,20200,21500,1100,4000,2000,5300,300,300,1600,9400,12700,700,10300,18300,600,2500,10000
23.0,5.92,26900,158910.0,5.92,5.9,5.89,5.87,5.86,5.85,5.82,5.81,5.8,5.78,5.93,5.94,5.95,5.96,5.97,5.98,5.99,6.0,6.01,6.02,1300,11600,700,18400,20200,21500,1100,4000,2000,5300,300,1600,9400,12700,700,10300,18300,600,2500,10000
24.0,5.92,26900,158910.0,5.92,5.9,5.89,5.87,5.86,5.85,5.82,5.81,5.8,5.78,5.93,5.94,5.95,5.96,5.97,5.98,5.99,6.0,6.01,6.02,1300,11600,700,18100,20200,21500,1100,4000,2000,5300,300,1600,9400,12700,700,10300,18300,600,2500,10000
25.0,5.92,26900,158910.0,5.92,5.9,5.89,5.87,5.86,5.85,5.82,5.81,5.8,5.78,5.93,5.94,5.95,5.96,5.97,5.98,5.99,6.0,6.01,6.02,1300,11600,700,18100,20200,21500,1100,4000,2000,5300,300,1600,9400,12700,700,10300,18300,600,2500,10000
26.0,5.92,26900,158910.0,5.92,5.9,5.89,5.87,5.86,5.85,5.82,5.81,5.8,5.78,5.93,5.94,5.95,5.96,5.97,5.98,5.99,6.0,6.01,6.02,1300,11600,700,18100,20200,21500,1100,4000,2000,5300,300,1600,9400,12700,700,10300,18300,600,2500,10000
27.0,5.92,26900,158910.0,5.92,5.9,5.89,5.87,5.86,5.85,5.82,5.81,5.8,5.78,5.93,5.94,5.95,5.96,5.97,5.98,5.99,6.0,6.01,6.02,1300,11600,700,18100,20200,21500,1100,4000,2000,5300,300,1600,9400,12700,700,10300,18300,600,2500,10000
28.0,5.92,26900,158910.0,5.92,5.9,5.89,5.87,5.86,5.85,5.82,5.81,5.8,5.78,5.93,5.94,5.95,5.96,5.97,5.98,5.99,6.0,6.01,6.02,1300,11600,700,18100,20200,21500,1100,4000,2000,5300,300,1600,9400,12700,700,10300,18300,600,2500,10000
29.0,5.92,28200,166606.0,5.9,5.89,5.87,5.86,5.85,5.82,5.81,5.8,5.78,5.77,5.92,5.93,5.94,5.95,5.96,5.97,5.98,5.99,6.0,6.01,11600,700,18100,20200,21500,1100,4000,2000,5300,300,1000,300,1600,9400,12700,700,10300,18300,600,2500
30.0,5.92,28200,166606.0,5.9,5.89,5.87,5.86,5.85,5.82,5.81,5.8,5.78,5.77,5.92,5.93,5.94,5.95,5.96,5.97,5.98,5.99,6.0,6.01,11600,700,18100,20200,21500,1100,4000,2000,5300,300,1000,300,1600,9400,12700,700,10300,18300,600,2500
31.0,5.92,28400,167790.0,5.9,5.89,5.87,5.86,5.85,5.82,5.81,5.8,5.78,5.77,5.92,5.93,5.94,5.95,5.96,5.97,5.98,5.99,6.0,6.01,11600,700,18100,20200,21500,1100,4000,2000,5300,300,800,300,1600,9400,12700,700,10300,18300,600,2500
32.0,5.92,28400,167790.0,5.9,5.89,5.87,5.86,5.85,5.82,5.81,5.8,5.78,5.77,5.92,5.93,5.94,5.95,5.96,5.97,5.98,5.99,6.0,6.01,11600,700,18100,20200,21500,1100,4000,2000,5300,300,800,300,1600,9400,12700,700,10300,18300,600,2500
33.0,5.92,28400,167790.0,5.9,5.89,5.87,5.86,5.85,5.82,5.81,5.8,5.78,5.77,5.93,5.94,5.95,5.96,5.97,5.98,5.99,6.0,6.01,6.02,11600,700,18100,20200,21500,1100,4000,2000,5300,300,300,1600,9400,12700,700,10300,18300,600,2500,10000
34.0,5.92,28400,167790.0,5.9,5.89,5.87,5.86,5.85,5.82,5.81,5.8,5.78,5.77,5.93,5.94,5.95,5.96,5.97,5.98,5.99,6.0,6.01,6.02,11600,700,18100,20200,21500,1100,4000,2000,5300,300,300,1600,9400,12700,700,10300,18300,600,2500,10000
35.0,5.92,28400,167790.0,5.9,5.87,5.86,5.85,5.82,5.81,5.8,5.78,5.77,5.72,5.93,5.94,5.95,5.96,5.97,5.98,5.99,6.0,6.01,6.02,11600,18100,20200,21500,1100,4000,2000,5300,300,3000,300,1600,9400,12700,700,10300,18300,600,2500,10000
36.0,5.92,28400,167790.0,5.9,5.87,5.86,5.85,5.82,5.81,5.8,5.78,5.77,5.72,5.93,5.94,5.95,5.96,5.97,5.98,5.99,6.0,6.01,6.02,11600,18100,20200,21500,1100,4000,2000,5300,300,3000,3000,1600,9400,12700,700,10300,18300,600,2500,10000
37.0,5.93,28700,169569.0,5.9,5.87,5.86,5.85,5.82,5.81,5.8,5.78,5.77,5.72,5.93,5.94,5.95,5.96,5.97,5.98,5.99,6.0,6.01,6.02,11600,18100,20200,21500,1100,4000,2000,5300,300,3000,2700,1600,9400,12700,700,10300,18300,600,2500,10000
38.0,5.93,29900,176685.0,5.9,5.87,5.86,5.85,5.82,5.81,5.8,5.78,5.77,5.72,5.93,5.94,5.95,5.96,5.97,5.98,5.99,6.0,6.01,6.02,11600,18100,20200,21500,1100,4000,2000,5300,300,3000,1500,1600,9400,12700,700,10300,18300,600,2500,10000
39.0,5.93,29900,176685.0,5.9,5.87,5.86,5.85,5.82,5.81,5.8,5.78,5.77,5.72,5.93,5.94,5.95,5.96,5.97,5.98,5.99,6.0,6.01,6.02,11600,18100,20200,21500,1100,4000,2000,5300,300,3000,1500,1600,9400,12700,700,10300,18300,600,2500,10000
40.0,5.93,30000,177278.0,5.9,5.87,5.86,5.85,5.82,5.81,5.8,5.78,5.77,5.72,5.93,5.94,5.95,5.96,5.97,5.98,5.99,6.0,6.01,6.02,11600,18100,20200,21500,1100,4000,2000,5300,300,3000,1400,1600,9400,12700,700,10300,18300,600,2500,10000
41.0,5.9,31400,185538.0,5.9,5.87,5.86,5.85,5.82,5.81,5.8,5.78,5.77,5.72,5.93,5.94,5.95,5.96,5.97,5.98,5.99,6.0,6.01,6.02,10200,18100,20200,21500,1100,4000,2000,5300,300,3000,1400,1700,9400,12700,700,12300,18300,600,2500,10000
42.0,5.9,31400,185538.0,5.9,5.87,5.86,5.85,5.82,5.81,5.8,5.78,5.77,5.72,5.93,5.94,5.95,5.96,5.97,5.98,5.99,6.0,6.01,6.02,10200,18100,20200,21500,1100,4000,2000,5300,300,3000,1400,1700,9400,12700,700,12300,18300,600,2500,10000
43.0,5.91,31600,186722.0,5.9,5.87,5.86,5.85,5.82,5.81,5.8,5.78,5.77,5.72,5.91,5.93,5.94,5.95,5.96,5.97,5.98,5.99,6.0,6.01,10200,18100,20200,21500,1100,4000,2000,5300,300,3000,100,1300,1700,9400,12700,700,12300,18300,600,2500
44.0,5.91,31600,186722.0,5.9,5.87,5.86,5.85,5.82,5.81,5.8,5.78,5.77,5.72,5.91,5.93,5.94,5.95,5.96,5.97,5.98,5.99,6.0,6.01,10200,18100,20200,21500,1100,4000,2000,5300,300,3000,100,1300,1700,9400,12700,700,12300,18300,600,2500
45.0,5.91,33100,195573.0,5.9,5.87,5.86,5.85,5.82,5.81,5.8,5.78,5.77,5.72,5.93,5.94,5.95,5.96,5.97,5.98,5.99,6.0,6.01,6.02,8800,18100,20200,21500,1100,4000,2000,5300,300,3000,1300,1700,9400,12700,700,12300,18300,600,2500,10000
46.0,5.93,33300,196759.0,5.9,5.87,5.86,5.85,5.82,5.81,5.8,5.78,5.77,5.72,5.93,5.94,5.95,5.96,5.97,5.98,5.99,6.0,6.01,6.02,8800,18100,20200,21500,1100,4000,2000,5300,300,3000,1100,1700,9400,12700,700,12300,18300,600,2500,10000
47.0,5.93,33300,196759.0,5.9,5.87,5.86,5.85,5.82,5.81,5.8,5.78,5.77,5.72,5.91,5.93,5.94,5.95,5.96,5.97,5.98,5.99,6.0,6.01,8800,18100,20200,21500,1100,4000,2000,5300,300,3000,100,1100,1700,9400,12700,700,12300,18300,600,2500
48.0,5.93,33300,196759.0,5.9,5.87,5.86,5.85,5.82,5.81,5.8,5.78,5.77,5.72,5.91,5.93,5.94,5.95,5.96,5.97,5.98,5.99,6.0,6.01,8800,18100,20200,21500,1100,4000,2000,5300,300,3000,100,1100,1700,20200,12700,700,12300,18300,600,2500
49.0,5.93,33300,196759.0,5.9,5.87,5.86,5.85,5.82,5.81,5.8,5.78,5.77,5.72,5.91,5.93,5.94,5.95,5.96,5.97,5.98,5.99,6.0,6.01,8800,18100,20200,21500,1100,4000,2000,5300,300,3000,100,1100,1700,20200,12700,700,12300,18300,600,2500
50.0,5.9,33400,197349.0,5.9,5.87,5.86,5.85,5.82,5.81,5.8,5.78,5.77,5.72,5.91,5.93,5.94,5.95,5.96,5.97,5.98,5.99,6.0,6.01,8700,18100,20200,21500,1100,4000,2000,5300,300,3000,100,1100,12100,20200,12700,700,12300,18300,600,2500
51.0,5.9,33400,197349.0,5.9,5.87,5.86,5.85,5.82,5.81,5.8,5.78,5.77,5.72,5.91,5.93,5.94,5.95,5.96,5.97,5.98,5.99,6.0,6.01,8700,18100,20200,21500,1100,4000,2000,5300,300,3000,100,2700,12100,20200,12700,700,12300,18300,600,2500
52.0,5.9,33400,197349.0,5.9,5.87,5.86,5.85,5.82,5.81,5.8,5.78,5.77,5.72,5.91,5.93,5.94,5.95,5.96,5.97,5.98,5.99,6.0,6.01,8700,18100,20200,21500,1100,4000,2000,5300,300,3000,100,2700,12100,20200,12700,700,12300,18300,600,2500
53.0,5.9,33400,197349.0,5.9,5.87,5.86,5.85,5.82,5.81,5.8,5.78,5.77,5.72,5.91,5.93,5.94,5.95,5.96,5.97,5.98,5.99,6.0,6.01,8700,18100,20200,21500,1100,4000,2000,5300,300,3000,100,2700,12100,20200,12700,700,12300,18300,600,2500
54.0,5.9,33400,197349.0,5.9,5.87,5.86,5.85,5.82,5.81,5.8,5.78,5.77,5.72,5.91,5.93,5.94,5.95,5.96,5.97,5.98,5.99,6.0,6.01,8700,18100,20200,21500,1100,4000,2000,5300,300,3000,100,2700,12100,25200,12700,700,12300,18300,600,2500
55.0,5.9,33400,197349.0,5.9,5.87,5.86,5.85,5.82,5.81,5.8,5.78,5.77,5.72,5.91,5.93,5.94,5.95,5.96,5.97,5.98,5.99,6.0,6.01,8700,18100,20200,21500,1100,4000,2000,5300,300,3000,100,2700,12100,25200,12700,700,12300,18300,600,2500
56.0,5.9,33500,197939.0,5.9,5.87,5.86,5.85,5.82,5.81,5.8,5.78,5.77,5.72,5.91,5.93,5.94,5.95,5.96,5.97,5.98,5.99,6.0,6.01,8600,18100,20200,21500,1100,4000,2000,5300,300,3000,100,2700,12100,25200,12700,700,12300,18300,600,2500
57.0,5.9,33500,197939.0,5.9,5.87,5.86,5.85,5.82,5.81,5.8,5.78,5.77,5.72,5.91,5.93,5.94,5.95,5.96,5.97,5.98,5.99,6.0,6.01,8600,18100,20200,21500,1100,4000,2000,5300,300,3000,100,2700,12000,25200,12700,700,22300,18300,600,2500
58.0,5.9,33500,197939.0,5.9,5.87,5.86,5.85,5.82,5.81,5.8,5.78,5.77,5.72,5.91,5.93,5.94,5.95,5.96,5.97,5.98,5.99,6.0,6.01,8600,18100,20200,21500,1100,4000,2000,5300,300,3000,100,2700,12000,25200,12700,700,22300,18300,600,2500
59.0,5.9,33900,200299.0,5.9,5.87,5.86,5.85,5.82,5.81,5.8,5.78,5.77,5.72,5.91,5.93,5.94,5.95,5.96,5.97,5.98,5.99,6.0,6.01,8200,18100,20200,21500,1100,4000,2000,5300,300,3000,200,2700,12000,25200,12700,700,22300,18300,600,2500
60.0,5.9,33900,200299.0,5.9,5.87,5.86,5.85,5.82,5.81,5.8,5.78,5.77,5.72,5.91,5.93,5.94,5.95,5.96,5.97,5.98,5.99,6.0,6.01,8200,18100,20200,21500,1100,4000,2000,5300,300,3000,200,2700,12000,25200,12700,700,22300,18300,600,2500
61.0,5.9,33900,200299.0,5.9,5.87,5.86,5.85,5.82,5.81,5.8,5.78,5.77,5.72,5.91,5.93,5.94,5.95,5.96,5.97,5.98,5.99,6.0,6.01,8200,18100,20200,21500,1100,4000,2000,5300,300,3000,200,2700,12000,25200,12700,700,22300,18300,600,2500
62.0,5.9,33900,200299.0,5.9,5.87,5.86,5.85,5.82,5.81,5.8,5.78,5.77,5.72,5.91,5.93,5.94,5.95,5.96,5.97,5.98,5.99,6.0,6.01,8200,18100,20200,21500,1100,4000,2000,5300,300,3000,200,2700,12000,25200,12700,700,22300,18300,600,2500
63.0,5.9,33900,200299.0,5.9,5.87,5.86,5.85,5.82,5.81,5.8,5.78,5.77,5.72,5.91,5.93,5.94,5.95,5.96,5.97,5.98,5.99,6.0,6.01,8200,18100,20200,21500,1100,4000,2000,5300,300,3000,200,2700,12000,25200,12700,700,22300,18300,600,2500
64.0,5.9,33900,200299.0,5.9,5.87,5.86,5.85,5.82,5.81,5.8,5.78,5.77,5.72,5.91,5.93,5.94,5.95,5.96,5.97,5.98,5.99,6.0,6.01,8200,18100,20200,21500,1100,4000,2000,5300,300,3000,200,2700,12000,25200,12700,700,22300,18300,600,2500
65.0,5.9,33900,200299.0,5.9,5.87,5.86,5.85,5.82,5.81,5.8,5.78,5.77,5.72,5.91,5.93,5.94,5.95,5.96,5.97,5.98,5.99,6.0,6.01,8200,18100,20200,21500,1100,4000,2000,5300,300,3000,200,2700,12000,25200,12700,700,22300,18300,600,2500
66.0,5.9,33900,200299.0,5.9,5.87,5.86,5.85,5.82,5.81,5.8,5.78,5.77,5.72,5.91,5.93,5.94,5.95,5.96,5.97,5.98,5.99,6.0,6.01,8200,18100,20200,21500,1100,4000,2000,5300,300,3000,200,2700,12000,25200,12700,700,22300,18300,600,2500
67.0,5.9,33900,200299.0,5.9,5.87,5.86,5.85,5.82,5.81,5.8,5.78,5.77,5.72,5.91,5.93,5.94,5.95,5.96,5.97,5.98,5.99,6.0,6.01,8400,18100,20200,21500,1100,4000,2000,5300,300,3000,200,2700,12000,25200,12700,700,22300,18300,600,2500
68.0,5.9,33900,200299.0,5.9,5.87,5.86,5.85,5.82,5.81,5.8,5.78,5.77,5.72,5.91,5.93,5.94,5.95,5.96,5.97,5.98,5.99,6.0,6.01,8400,18100,20200,21500,1100,4000,2000,5300,300,3000,200,2700,12000,25200,12700,700,22300,18300,600,2500
69.0,5.9,33900,200299.0,5.9,5.87,5.86,5.85,5.82,5.81,5.8,5.78,5.77,5.72,5.91,5.93,5.94,5.95,5.96,5.97,5.98,5.99,6.0,6.01,8400,18100,20200,21500,1100,4000,2000,5300,300,3000,200,2700,12000,25200,12700,700,22300,18300,600,2500
70.0,5.9,33900,200299.0,5.9,5.87,5.86,5.85,5.82,5.81,5.8,5.78,5.77,5.72,5.91,5.93,5.94,5.95,5.96,5.97,5.98,5.99,6.0,6.01,8400,18100,20200,21500,1100,4000,2000,5300,300,3000,200,2700,12000,25200,12700,700,22300,18300,600,2500
71.0,5.9,37200,219769.0,5.9,5.87,5.86,5.85,5.82,5.81,5.8,5.78,5.77,5.72,5.91,5.93,5.94,5.95,5.96,5.97,5.98,5.99,6.0,6.01,5100,17400,20200,21500,1100,4000,2000,5300,300,3000,200,2700,12000,25200,12700,700,22300,18300,600,2500
72.0,5.9,42300,249859.0,5.89,5.88,5.87,5.86,5.85,5.82,5.81,5.8,5.78,5.77,5.91,5.93,5.94,5.95,5.96,5.97,5.98,5.99,6.0,6.01,200,3100,16800,20200,21500,1100,4000,2000,5300,300,700,2700,12000,25200,12700,700,22300,18300,600,2500
73.0,5.9,42400,250449.0,5.89,5.88,5.87,5.86,5.85,5.82,5.81,5.8,5.78,5.77,5.91,5.93,5.94,5.95,5.96,5.97,5.98,5.99,6.0,6.01,200,3100,16800,20200,21500,1100,4000,2000,5300,300,700,2700,12000,25200,12700,700,22300,18300,600,2500
74.0,5.9,42400,250449.0,5.89,5.88,5.87,5.86,5.85,5.82,5.81,5.8,5.78,5.77,5.9,5.91,5.93,5.94,5.95,5.96,5.97,5.98,5.99,6.0,300,3100,16800,20200,21500,1100,4000,2000,5300,300,100,700,2700,12000,25200,12700,700,22300,18300,600
75.0,5.9,42400,250449.0,5.89,5.88,5.87,5.86,5.85,5.82,5.81,5.8,5.78,5.77,5.9,5.91,5.93,5.94,5.95,5.96,5.97,5.98,5.99,6.0,400,3100,16800,20200,21500,1100,4000,2000,5300,300,100,600,2700,12000,25200,12700,700,22300,18300,600
76.0,5.9,42400,250449.0,5.89,5.88,5.87,5.86,5.85,5.82,5.81,5.8,5.78,5.77,5.9,5.91,5.93,5.94,5.95,5.96,5.97,5.98,5.99,6.0,400,3100,16800,20200,21500,1100,4000,2000,5300,300,100,600,2700,12000,25200,12700,700,22300,18300,600
77.0,5.9,42500,251039.0,5.9,5.89,5.88,5.87,5.86,5.85,5.82,5.81,5.8,5.78,5.91,5.93,5.94,5.95,5.96,5.97,5.98,5.99,6.0,6.01,1400,400,3100,16800,20200,21500,1100,4000,2000,5300,600,2700,12000,25200,12700,700,22300,18300,600,2500
78.0,5.9,42500,251039.0,5.9,5.89,5.88,5.87,5.86,5.85,5.82,5.81,5.8,5.78,5.91,5.93,5.94,5.95,5.96,5.97,5.98,5.99,6.0,6.01,1600,400,3100,16800,20200,21500,1100,4000,2000,5300,600,2700,12000,25200,12700,700,22300,18300,600,2500
79.0,5.9,42500,251039.0,5.9,5.89,5.88,5.87,5.86,5.85,5.82,5.81,5.8,5.78,5.91,5.93,5.94,5.95,5.96,5.97,5.98,5.99,6.0,6.01,1600,400,3100,16800,20200,21500,1100,4000,2000,5300,600,2700,12000,25200,12700,700,22300,18300,600,2500
80.0,5.9,42500,251039.0,5.9,5.89,5.88,5.87,5.86,5.85,5.82,5.81,5.8,5.78,5.91,5.93,5.94,5.95,5.96,5.97,5.98,5.99,6.0,6.01,1600,400,3100,16800,20200,21500,1100,4000,2000,5300,600,2700,12000,25200,12700,700,22300,18300,600,2500
81.0,5.9,42500,251039.0,5.9,5.89,5.88,5.87,5.86,5.85,5.82,5.81,5.8,5.78,5.91,5.93,5.94,5.95,5.96,5.97,5.98,5.99,6.0,6.01,1600,400,3100,16800,20200,21500,1100,4000,2000,5300,600,2700,12000,25200,12700,700,22300,18300,600,2500
82.0,5.9,42500,251039.0,5.9,5.89,5.88,5.87,5.86,5.85,5.82,5.81,5.8,5.78,5.91,5.93,5.94,5.95,5.96,5.97,5.98,5.99,6.0,6.01,1600,400,3100,16800,20200,21500,1100,4000,2000,5300,600,2700,12000,25200,12700,700,22300,18300,600,2500
83.0,5.9,42500,251039.0,5.9,5.89,5.88,5.87,5.86,5.85,5.82,5.81,5.8,5.78,5.91,5.93,5.94,5.95,5.96,5.97,5.98,5.99,6.0,6.01,1600,400,3100,16800,20200,21500,1100,4000,2000,5300,600,2700,12000,25200,12700,700,22300,18300,600,2500
84.0,5.9,42500,251039.0,5.9,5.89,5.88,5.87,5.86,5.85,5.82,5.81,5.8,5.78,5.91,5.93,5.94,5.95,5.96,5.97,5.98,5.99,6.0,6.01,1600,400,3100,16800,20200,21500,1100,4000,2000,5300,600,2700,12000,25200,12700,700,22300,18300,600,2500
85.0,5.9,42500,251039.0,5.9,5.89,5.88,5.87,5.86,5.85,5.82,5.81,5.8,5.78,5.91,5.93,5.94,5.95,5.96,5.97,5.98,5.99,6.0,6.01,1600,400,3100,16800,20200,21500,1100,4000,2000,5300,600,2700,12000,25200,12700,700,22300,18300,600,2500
86.0,5.9,42500,251039.0,5.9,5.89,5.88,5.87,5.86,5.85,5.82,5.81,5.8,5.78,5.91,5.93,5.94,5.95,5.96,5.97,5.98,5.99,6.0,6.01,1600,400,3100,16800,20200,21500,1100,4000,2000,5300,600,2700,12000,25200,12700,700,22300,18300,600,2500
87.0,5.9,42500,251039.0,5.9,5.89,5.88,5.87,5.86,5.85,5.82,5.81,5.8,5.78,5.91,5.93,5.94,5.95,5.96,5.97,5.98,5.99,6.0,6.01,1600,400,3100,16800,20200,21500,1100,4000,2000,5300,600,2700,12000,25200,12700,700,22300,18300,600,2500
88.0,5.91,42600,251630.0,5.9,5.89,5.88,5.87,5.86,5.85,5.82,5.81,5.8,5.78,5.91,5.93,5.94,5.95,5.96,5.97,5.98,5.99,6.0,6.01,1600,400,3100,16800,20200,21500,1100,4000,2000,5300,500,2700,12000,25200,12700,700,22300,18300,600,2500
89.0,5.91,42600,251630.0,5.9,5.89,5.88,5.87,5.86,5.85,5.82,5.81,5.8,5.78,5.91,5.93,5.94,5.95,5.96,5.97,5.98,5.99,6.0,6.01,1600,400,3100,16800,20200,21500,1100,4000,2000,5300,500,2700,12000,25200,12700,700,22300,18300,600,2500
90.0,5.91,42600,251630.0,5.9,5.89,5.88,5.87,5.86,5.85,5.82,5.81,5.8,5.78,5.91,5.93,5.94,5.95,5.96,5.97,5.98,5.99,6.0,6.01,1600,400,3100,16800,20200,21500,1100,4000,2000,5300,500,2700,12000,25200,12700,700,22300,18300,600,2500
91.0,5.91,42600,251630.0,5.9,5.89,5.88,5.87,5.86,5.85,5.82,5.81,5.8,5.78,5.91,5.93,5.94,5.95,5.96,5.97,5.98,5.99,6.0,6.01,1600,400,3100,16700,20200,21500,1100,4000,2000,5300,500,2700,12000,25200,12700,700,22300,18300,600,2500
92.0,5.9,42800,252811.0,5.9,5.89,5.88,5.87,5.86,5.85,5.82,5.81,5.8,5.78,5.91,5.93,5.94,5.95,5.96,5.97,5.98,5.99,6.0,6.01,1600,300,3100,16700,20200,21500,1100,4000,2000,5300,400,2700,12000,25200,12700,700,22300,18300,600,2500
93.0,5.9,42800,252811.0,5.9,5.89,5.88,5.87,5.86,5.85,5.82,5.81,5.8,5.78,5.91,5.93,5.94,5.95,5.96,5.97,5.98,5.99,6.0,6.01,1600,300,3100,16700,20200,21500,1100,4000,2000,5300,400,2700,12000,25200,12700,700,22300,18300,600,2500
94.0,5.9,42800,252811.0,5.9,5.89,5.88,5.87,5.86,5.85,5.82,5.81,5.8,5.78,5.91,5.93,5.94,5.95,5.96,5.97,5.98,5.99,6.0,6.01,1600,300,3100,16700,20200,21500,1100,4000,2000,5300,400,2700,12000,25200,12700,700,22300,18300,600,2500
95.0,5.9,43000,253991.0,5.9,5.89,5.88,5.87,5.86,5.85,5.82,5.81,5.8,5.78,5.91,5.93,5.94,5.95,5.96,5.97,5.98,5.99,6.0,6.01,1400,300,3100,16700,20200,21500,1100,4000,2000,5300,400,2700,12000,25200,12700,700,22300,18300,600,2500
96.0,5.9,43000,253991.0,5.9,5.89,5.88,5.87,5.86,5.85,5.82,5.81,5.8,5.78,5.91,5.93,5.94,5.95,5.96,5.97,5.98,5.99,6.0,6.01,1400,300,3100,16700,20200,21500,1100,4000,2000,5300,400,2700,12000,25200,12700,700,22300,18300,600,2500
97.0,5.9,43000,253991.0,5.9,5.89,5.88,5.87,5.86,5.85,5.82,5.81,5.8,5.78,5.91,5.93,5.94,5.95,5.96,5.97,5.98,5.99,6.0,6.01,1400,300,3100,16700,20200,21500,1100,4000,2000,5300,400,2700,12000,25200,12700,700,22300,18300,600,2500
98.0,5.9,43000,253991.0,5.9,5.89,5.88,5.87,5.86,5.85,5.82,5.81,5.8,5.78,5.91,5.93,5.94,5.95,5.96,5.97,5.98,5.99,6.0,6.01,1400,300,3100,16700,20200,21500,1100,4000,2000,5300,400,2700,12000,25200,12700,700,22300,18300,600,2500
99.0,5.91,44100,260492.0,5.91,5.9,5.89,5.88,5.87,5.86,5.85,5.82,5.81,5.8,5.92,5.93,5.94,5.95,5.96,5.97,5.98,5.99,6.0,6.01,100,1400,300,3300,16700,20200,21500,1100,4000,2000,600,2700,12000,25200,12700,700,22300,18300,600,2500
100.0,5.91,44100,260492.0,5.91,5.9,5.89,5.88,5.87,5.86,5.85,5.82,5.81,5.8,5.92,5.93,5.94,5.95,5.96,5.97,5.98,5.99,6.0,6.01,100,1400,300,3300,16700,20200,21500,1100,4000,2000,600,2700,12000,25200,12700,700,22300,18300,600,2500
101.0,5.91,44100,260492.0,5.91,5.9,5.89,5.88,5.87,5.86,5.85,5.82,5.81,5.8,5.92,5.93,5.94,5.95,5.96,5.97,5.98,5.99,6.0,6.01,100,1400,300,3300,16700,20200,21500,1100,4000,2000,600,2700,12000,25200,12700,700,22300,18300,600,2500
102.0,5.9,46600,275243.0,5.9,5.89,5.88,5.87,5.86,5.85,5.82,5.81,5.8,5.78,5.92,5.93,5.94,5.95,5.96,5.97,5.98,5.99,6.0,6.01,300,300,3300,16700,20200,21500,1100,4000,2000,5300,600,2700,12000,25200,12700,700,22300,18300,600,2500
103.0,5.9,46600,275243.0,5.9,5.89,5.88,5.87,5.86,5.85,5.82,5.81,5.8,5.78,5.92,5.93,5.94,5.95,5.96,5.97,5.98,5.99,6.0,6.01,300,300,3300,16700,20200,21500,1100,4000,2000,5300,600,2700,12000,25200,12700,700,22300,18300,600,2500
104.0,5.9,46600,275243.0,5.9,5.89,5.88,5.87,5.86,5.85,5.82,5.81,5.8,5.78,5.92,5.93,5.94,5.95,5.96,5.97,5.98,5.99,6.0,6.01,300,300,3300,16700,20200,21500,1100,4000,2000,5300,600,2700,12000,25200,12700,700,22300,18300,600,2500
105.0,5.9,46600,275243.0,5.9,5.89,5.88,5.87,5.86,5.85,5.82,5.81,5.8,5.78,5.92,5.93,5.94,5.95,5.96,5.97,5.98,5.99,6.0,6.01,300,300,3300,16700,20200,21500,1100,4000,2000,5300,600,2700,12000,25200,12700,700,22300,18300,600,2500
106.0,5.9,46900,277013.0,5.89,5.88,5.87,5.86,5.85,5.82,5.81,5.8,5.78,5.77,5.9,5.92,5.93,5.94,5.95,5.96,5.97,5.98,5.99,6.0,300,3300,16700,20200,21500,1100,4000,2000,5300,300,100,600,2700,12000,25200,12700,700,22300,18300,600
107.0,5.9,47000,277603.0,5.9,5.89,5.88,5.87,5.86,5.85,5.82,5.81,5.8,5.78,5.92,5.93,5.94,5.95,5.96,5.97,5.98,5.99,6.0,6.01,1000,200,3300,16700,20200,21500,1100,4000,2000,5300,600,2700,12000,25200,12700,700,22300,18300,600,2500
108.0,5.9,47000,277603.0,5.9,5.89,5.88,5.87,5.86,5.85,5.82,5.81,5.8,5.78,5.92,5.93,5.94,5.95,5.96,5.97,5.98,5.99,6.0,6.01,1000,200,3300,16700,20200,21500,1100,4000,2000,5300,600,2700,12000,25200,12700,700,22300,18300,600,2500
109.0,5.92,47200,278787.0,5.9,5.89,5.88,5.87,5.86,5.85,5.82,5.81,5.8,5.78,5.92,5.93,5.94,5.95,5.96,5.97,5.98,5.99,6.0,6.01,1500,200,3300,16700,20200,21500,1100,4000,2000,5300,400,2700,12000,25200,12700,700,22300,18300,600,2500
110.0,5.92,48700,287667.0,5.9,5.89,5.88,5.87,5.86,5.85,5.82,5.81,5.8,5.78,5.92,5.93,5.94,5.95,5.96,5.97,5.98,5.99,6.0,6.01,1500,200,3300,16700,20200,21500,1100,4000,2000,5300,17100,2700,12000,25200,12700,700,22300,18300,600,2500
111.0,5.92,53600,316675.0,5.9,5.89,5.88,5.87,5.86,5.85,5.82,5.81,5.8,5.78,5.92,5.93,5.94,5.95,5.96,5.97,5.98,5.99,6.0,6.01,1500,200,3300,16700,20200,13000,1100,4000,2000,5300,13200,2700,12000,25200,12700,700,22300,18300,600,2500
112.0,5.92,53600,316675.0,5.9,5.89,5.88,5.87,5.86,5.85,5.82,5.81,5.8,5.78,5.92,5.93,5.94,5.95,5.96,5.97,5.98,5.99,6.0,6.01,1600,200,3300,16700,20200,13000,1100,4000,2000,5300,13300,2700,12000,25200,12700,700,22300,18300,600,2500
113.0,5.92,53600,316675.0,5.9,5.89,5.88,5.87,5.86,5.85,5.82,5.81,5.8,5.78,5.92,5.93,5.94,5.95,5.96,5.97,5.98,5.99,6.0,6.01,1600,200,3300,16700,20200,13000,1100,4000,2000,5300,13300,2700,12000,25200,12700,700,22300,18300,600,2500
114.0,5.91,56700,334996.0,5.91,5.9,5.89,5.88,5.87,5.86,5.85,5.82,5.81,5.8,5.92,5.93,5.94,5.95,5.96,5.97,5.98,5.99,6.0,6.01,200,1700,200,3300,16700,20200,13000,1100,4000,2000,13400,2700,12000,25200,12700,700,22300,18300,600,2500
115.0,5.91,58200,343874.0,5.9,5.89,5.88,5.87,5.86,5.85,5.82,5.81,5.8,5.78,5.92,5.93,5.94,5.95,5.96,5.97,5.98,5.99,6.0,6.01,1700,200,3300,16700,20200,13000,1100,4000,2000,5300,12100,2700,12000,25200,12700,700,22300,18300,600,2500
116.0,5.92,58300,344466.0,5.9,5.89,5.88,5.87,5.86,5.85,5.82,5.81,5.8,5.78,5.92,5.93,5.94,5.95,5.96,5.97,5.98,5.99,6.0,6.01,1800,200,3300,16700,20200,13000,1100,4000,2000,5300,12100,2700,12000,25200,12700,700,22300,18300,600,2500
117.0,5.92,59500,351570.0,5.9,5.89,5.88,5.87,5.86,5.85,5.82,5.81,5.8,5.78,5.91,5.92,5.93,5.94,5.95,5.96,5.97,5.98,5.99,6.0,1900,200,3300,16700,20200,13000,1100,4000,2000,5300,100,10900,2700,12000,25200,12700,700,22300,18300,600
118.0,5.92,59500,351570.0,5.9,5.89,5.88,5.87,5.86,5.85,5.82,5.81,5.8,5.78,5.91,5.92,5.93,5.94,5.95,5.96,5.97,5.98,5.99,6.0,1900,200,3300,16700,20200,13000,1100,4000,2000,5300,100,1300,2700,12000,25200,12700,700,22300,18300,600
119.0,5.92,59500,351570.0,5.9,5.89,5.88,5.87,5.86,5.85,5.82,5.81,5.8,5.78,5.91,5.92,5.93,5.94,5.95,5.96,5.97,5.98,5.99,6.0,1900,200,3300,16700,20200,13000,1100,4000,2000,5300,100,1300,2700,12000,25200,12700,700,22300,18300,600
120.0,5.92,59500,351570.0,5.9,5.89,5.88,5.87,5.86,5.85,5.82,5.81,5.8,5.78,5.91,5.92,5.93,5.94,5.95,5.96,5.97,5.98,5.99,6.0,1900,200,3300,16700,20200,13000,1100,4000,2000,5300,100,1300,2700,12000,25200,12700,700,22300,18300,600
121.0,5.92,59500,351570.0,5.9,5.89,5.88,5.87,5.86,5.85,5.82,5.81,5.8,5.78,5.91,5.92,5.93,5.94,5.95,5.96,5.97,5.98,5.99,6.0,1900,200,3300,16700,20200,13000,1100,4000,2000,5300,100,1300,2700,12000,25200,12700,700,22300,18300,600
122.0,5.92,59500,351570.0,5.9,5.89,5.88,5.87,5.86,5.85,5.82,5.81,5.8,5.78,5.91,5.92,5.93,5.94,5.95,5.96,5.97,5.98,5.99,6.0,3100,200,3300,16700,20200,13000,1100,4000,2000,5300,100,1300,2700,12000,25200,12700,700,22300,18300,600
123.0,5.92,59500,351570.0,5.9,5.89,5.88,5.87,5.86,5.85,5.82,5.81,5.8,5.78,5.91,5.92,5.93,5.94,5.95,5.96,5.97,5.98,5.99,6.0,3300,100,3300,16700,20200,13000,1100,4000,2000,5300,100,1300,2700,12000,25200,12700,700,22300,18300,600
124.0,5.92,59500,351570.0,5.9,5.89,5.88,5.87,5.86,5.85,5.82,5.81,5.8,5.78,5.91,5.92,5.93,5.94,5.95,5.96,5.97,5.98,5.99,6.0,3300,100,3300,16700,20200,13000,1100,4000,2000,5300,100,1300,2700,12000,25200,12700,700,22300,18300,600
125.0,5.92,59500,351570.0,5.9,5.89,5.88,5.87,5.86,5.85,5.82,5.81,5.8,5.78,5.91,5.92,5.93,5.94,5.95,5.96,5.97,5.98,5.99,6.0,3300,100,3300,16700,20200,13000,1100,4000,2000,5300,100,1300,2700,12000,25200,12700,700,22300,18300,600
126.0,5.92,59500,351570.0,5.9,5.89,5.88,5.87,5.86,5.85,5.82,5.81,5.8,5.78,5.91,5.92,5.93,5.94,5.95,5.96,5.97,5.98,5.99,6.0,3300,100,3300,16700,20200,13000,1100,4000,2000,5300,100,300,2700,12000,25200,12700,700,22300,18300,600
127.0,5.92,59500,351570.0,5.9,5.89,5.88,5.87,5.86,5.85,5.82,5.81,5.8,5.78,5.91,5.92,5.93,5.94,5.95,5.96,5.97,5.98,5.99,6.0,3300,100,3300,16700,20200,13000,1100,4000,2000,5300,100,300,2700,12000,25200,12700,700,22300,18300,600
128.0,5.92,59500,351570.0,5.9,5.89,5.88,5.87,5.86,5.85,5.82,5.81,5.8,5.78,5.91,5.92,5.93,5.94,5.95,5.96,5.97,5.98,5.99,6.0,3300,100,3300,16700,20200,13000,1100,4000,2000,5300,100,300,2700,12000,25200,12700,700,22300,18300,600
129.0,5.92,59500,351570.0,5.9,5.89,5.88,5.87,5.86,5.85,5.82,5.81,5.8,5.78,5.91,5.92,5.93,5.94,5.95,5.96,5.97,5.98,5.99,6.0,3300,100,3300,16700,20200,13000,1100,4000,2000,5300,100,300,2700,12000,25200,12700,700,22300,18300,600
130.0,5.9,61200,361600.0,5.9,5.89,5.88,5.87,5.86,5.85,5.82,5.81,5.8,5.78,5.91,5.92,5.93,5.94,5.95,5.96,5.97,5.98,5.99,6.0,1600,100,3300,16700,20200,13000,1100,4000,2000,5300,100,300,2700,12000,25200,12700,700,28500,18300,600
131.0,5.9,61200,361600.0,5.9,5.89,5.88,5.87,5.86,5.85,5.82,5.81,5.8,5.78,5.91,5.92,5.93,5.94,5.95,5.96,5.97,5.98,5.99,6.0,1600,100,3300,16700,20200,13000,1100,4000,2000,5300,200,300,2700,12000,25200,12700,700,28500,18300,600
132.0,5.9,61200,361600.0,5.9,5.89,5.88,5.87,5.86,5.85,5.82,5.81,5.8,5.78,5.91,5.92,5.93,5.94,5.95,5.96,5.97,5.98,5.99,6.0,1600,100,3300,16700,20200,13000,1100,4000,2000,5300,200,300,2700,12000,25200,12700,700,28500,18300,600
133.0,5.9,61200,361600.0,5.9,5.89,5.88,5.87,5.86,5.85,5.82,5.81,5.8,5.78,5.91,5.92,5.93,5.94,5.95,5.96,5.97,5.98,5.99,6.0,1600,100,3300,16700,20200,13000,1100,4000,2000,5300,200,300,2700,12000,25200,12700,700,28500,18300,600
134.0,5.9,61200,361600.0,5.9,5.89,5.88,5.87,5.86,5.85,5.82,5.81,5.8,5.78,5.91,5.92,5.93,5.94,5.95,5.96,5.97,5.98,5.99,6.0,1600,100,3300,16700,20200,13000,1100,4000,2000,5300,200,300,2700,12000,25200,12700,700,28500,18300,600
135.0,5.9,61200,361600.0,5.9,5.89,5.88,5.87,5.86,5.85,5.82,5.81,5.8,5.78,5.91,5.92,5.93,5.94,5.95,5.96,5.97,5.98,5.99,6.0,1600,100,3300,16700,20200,13000,1100,4000,2000,5300,200,300,2700,12000,25200,12700,700,28500,18300,600
136.0,5.9,61200,361600.0,5.9,5.89,5.88,5.87,5.86,5.85,5.82,5.81,5.8,5.78,5.91,5.92,5.93,5.94,5.95,5.96,5.97,5.98,5.99,6.0,1600,100,3300,16700,20200,13000,1100,4000,2000,5300,200,300,2700,12000,25200,12700,700,28500,18300,600
137.0,5.9,61200,361600.0,5.9,5.89,5.88,5.87,5.86,5.85,5.82,5.81,5.8,5.78,5.91,5.92,5.93,5.94,5.95,5.96,5.97,5.98,5.99,6.0,1600,100,3300,16700,20200,13000,1100,4000,2000,5300,200,300,2700,12000,25200,12700,700,28500,18300,600
138.0,5.9,61200,361600.0,5.9,5.89,5.88,5.87,5.86,5.85,5.82,5.81,5.8,5.78,5.91,5.92,5.93,5.94,5.95,5.96,5.97,5.98,5.99,6.0,1600,100,3300,16700,20200,13000,1100,4000,2000,5300,200,300,2700,12000,25200,12700,700,28500,18300,600
139.0,5.9,61200,361600.0,5.9,5.89,5.88,5.87,5.86,5.85,5.82,5.81,5.8,5.78,5.91,5.92,5.93,5.94,5.95,5.96,5.97,5.98,5.99,6.0,1600,100,3300,16700,20200,13000,1100,4000,2000,5300,200,300,7500,12000,25200,12700,700,28500,18300,600
140.0,5.9,61200,361600.0,5.9,5.89,5.88,5.87,5.86,5.85,5.82,5.81,5.8,5.78,5.91,5.92,5.93,5.94,5.95,5.96,5.97,5.98,5.99,6.0,1600,100,3300,16700,20200,13000,1100,4000,2000,5300,200,300,7500,12000,25200,12700,700,28500,18300,600
141.0,5.9,61200,361600.0,5.9,5.89,5.88,5.87,5.86,5.85,5.82,5.81,5.8,5.78,5.91,5.92,5.93,5.94,5.95,5.96,5.97,5.98,5.99,6.0,1600,100,3300,16700,20200,13000,1100,4000,2000,5300,200,300,7500,12000,25200,12700,700,28500,18300,600
142.0,5.9,61200,361600.0,5.9,5.89,5.88,5.87,5.86,5.85,5.82,5.81,5.8,5.78,5.91,5.92,5.93,5.94,5.95,5.96,5.97,5.98,5.99,6.0,1600,100,3300,16700,20200,13000,1100,4000,2000,5300,200,300,7500,12000,25200,12700,700,28500,18300,600
143.0,5.9,61200,361600.0,5.9,5.89,5.88,5.87,5.86,5.85,5.82,5.81,5.8,5.78,5.91,5.92,5.93,5.94,5.95,5.96,5.97,5.98,5.99,6.0,1600,100,3300,16700,20200,13000,1100,4000,2000,5300,200,300,7500,12000,25200,12700,700,28500,18300,600
144.0,5.9,61200,361600.0,5.9,5.89,5.88,5.87,5.86,5.85,5.82,5.81,5.8,5.78,5.91,5.92,5.93,5.94,5.95,5.96,5.97,5.98,5.99,6.0,1600,100,3300,16700,20200,13000,1100,4000,2000,5300,100,300,7500,12000,25200,12700,700,28500,18300,600
145.0,5.9,61200,361600.0,5.9,5.89,5.88,5.87,5.86,5.85,5.82,5.81,5.8,5.78,5.91,5.92,5.93,5.94,5.95,5.96,5.97,5.98,5.99,6.0,1600,100,3300,16700,20200,13000,1100,4000,2000,5300,100,300,7500,12000,25200,12700,700,28500,18300,600
146.0,5.9,61200,361600.0,5.9,5.89,5.88,5.87,5.86,5.85,5.82,5.81,5.8,5.78,5.91,5.92,5.93,5.94,5.95,5.96,5.97,5.98,5.99,6.0,1600,100,3300,16700,20200,13000,1100,4000,2000,5300,100,300,7500,12000,25200,12700,700,28500,18300,600
147.0,5.9,61200,361600.0,5.9,5.89,5.88,5.87,5.86,5.85,5.82,5.81,5.8,5.78,5.91,5.92,5.93,5.94,5.95,5.96,5.97,5.98,5.99,6.0,1600,100,3300,16700,20200,13000,1100,1000,2000,5300,100,300,7500,12000,25200,12700,700,28500,18300,600
148.0,5.9,61200,361600.0,5.9,5.89,5.88,5.87,5.86,5.85,5.82,5.81,5.8,5.78,5.92,5.93,5.94,5.95,5.96,5.97,5.98,5.99,6.0,6.01,1600,100,3300,16700,20200,13000,1100,1000,2000,5300,1100,7500,12000,25200,12700,700,28500,18300,600,2500
149.0,5.9,61200,361600.0,5.9,5.89,5.88,5.87,5.86,5.85,5.82,5.81,5.8,5.78,5.92,5.93,5.94,5.95,5.96,5.97,5.98,5.99,6.0,6.01,1600,100,3300,16700,20200,13000,1100,1000,2000,5300,1100,7500,12000,25200,12700,700,28500,18300,600,2500
150.0,5.92,61300,362192.0,5.9,5.89,5.88,5.87,5.86,5.85,5.82,5.81,5.8,5.78,5.92,5.93,5.94,5.95,5.96,5.97,5.98,5.99,6.0,6.01,1600,100,3300,16700,20200,13000,1100,1000,2000,5300,1100,7500,12000,25200,12700,700,28500,18300,600,2500
151.0,5.9,61500,363372.0,5.9,5.89,5.88,5.87,5.86,5.85,5.82,5.81,5.8,5.78,5.92,5.93,5.94,5.95,5.96,5.97,5.98,5.99,6.0,6.01,1400,100,3300,16700,20200,13000,1100,1000,2000,5300,1100,7500,12000,25200,12700,700,28500,18300,600,2500
152.0,5.92,61900,365734.0,5.9,5.89,5.88,5.87,5.86,5.85,5.82,5.81,5.8,5.78,5.92,5.93,5.94,5.95,5.96,5.97,5.98,5.99,6.0,6.01,1100,100,3300,16700,20200,13000,1100,1000,2000,5300,1000,7500,12000,25200,12700,700,28500,18300,600,2500
153.0,5.92,62000,366326.0,5.9,5.89,5.88,5.87,5.86,5.85,5.82,5.81,5.8,5.78,5.92,5.93,5.94,5.95,5.96,5.97,5.98,5.99,6.0,6.01,1100,100,3300,16700,20200,13000,1100,1000,2000,5300,900,7500,12000,25200,12700,700,28500,18300,600,2500
154.0,5.92,62100,366918.0,5.9,5.89,5.88,5.87,5.86,5.85,5.82,5.81,5.8,5.78,5.92,5.93,5.94,5.95,5.96,5.97,5.98,5.99,6.0,6.01,1100,100,3300,16700,20200,13000,1100,1000,2000,5300,800,7500,12000,25200,12700,700,28500,18300,600,2500
155.0,5.92,62100,366918.0,5.9,5.89,5.88,5.87,5.86,5.85,5.82,5.81,5.8,5.78,5.92,5.93,5.94,5.95,5.96,5.97,5.98,5.99,6.0,6.01,1100,100,3300,16700,20200,13000,1100,1000,2000,5300,800,7500,12000,25200,12700,700,28500,18300,600,2500
156.0,5.92,62100,366918.0,5.9,5.89,5.88,5.87,5.86,5.85,5.82,5.81,5.8,5.78,5.92,5.93,5.94,5.95,5.96,5.97,5.98,5.99,6.0,6.01,1100,100,3300,16700,20200,13000,1100,1000,2000,5300,800,7500,12000,25200,12700,700,28500,18300,600,2500
157.0,5.92,62200,367510.0,5.9,5.89,5.88,5.87,5.86,5.85,5.82,5.81,5.8,5.78,5.92,5.93,5.94,5.95,5.96,5.97,5.98,5.99,6.0,6.01,1100,100,3300,16700,20200,13000,1100,1000,2000,5300,700,7500,12000,25200,12700,700,28500,18300,600,2500
158.0,5.92,62200,367510.0,5.9,5.89,5.88,5.87,5.86,5.85,5.82,5.81,5.8,5.78,5.92,5.93,5.94,5.95,5.96,5.97,5.98,5.99,6.0,6.01,1100,100,3300,16700,20200,13000,1100,1000,2000,5300,700,7500,12000,25200,12700,700,28500,18300,600,2500
159.0,5.92,62200,367510.0,5.9,5.89,5.88,5.87,5.86,5.85,5.82,5.81,5.8,5.78,5.92,5.93,5.94,5.95,5.96,5.97,5.98,5.99,6.0,6.01,1100,100,3300,16700,20200,13000,1100,1000,2000,5300,700,7500,12000,25200,12700,700,28500,18300,600,2500
160.0,5.92,62200,367510.0,5.9,5.89,5.88,5.87,5.86,5.85,5.82,5.81,5.8,5.78,5.92,5.93,5.94,5.95,5.96,5.97,5.98,5.99,6.0,6.01,1100,100,3300,16700,20200,13000,1100,1000,2000,5300,700,7500,12000,25200,12700,700,28500,18300,600,2500
161.0,5.92,62200,367510.0,5.9,5.89,5.88,5.87,5.86,5.85,5.82,5.81,5.8,5.78,5.92,5.93,5.94,5.95,5.96,5.97,5.98,5.99,6.0,6.01,1100,100,3300,16700,20200,13000,1100,1000,2000,5300,700,7500,12000,25200,12700,700,28500,18300,600,2500
162.0,5.92,62200,367510.0,5.9,5.89,5.88,5.87,5.86,5.85,5.82,5.81,5.8,5.78,5.92,5.93,5.94,5.95,5.96,5.97,5.98,5.99,6.0,6.01,1100,100,3300,16700,20200,13000,1100,1000,2000,5300,700,7500,12000,25200,12700,700,28500,18300,600,2500
163.0,5.92,62200,367510.0,5.9,5.89,5.88,5.87,5.86,5.85,5.82,5.81,5.8,5.78,5.92,5.93,5.94,5.95,5.96,5.97,5.98,5.99,6.0,6.01,1100,100,3300,16700,20200,13000,1100,1000,2000,5300,700,7500,12000,25200,12700,700,28500,18300,600,2500
164.0,5.92,62200,367510.0,5.9,5.89,5.88,5.87,5.86,5.85,5.82,5.81,5.8,5.78,5.92,5.93,5.94,5.95,5.96,5.97,5.98,5.99,6.0,6.01,1100,100,3300,16700,20200,13000,1100,1000,2000,5300,700,7500,12000,25200,12700,700,28500,18300,600,2500
165.0,5.92,62200,367510.0,5.9,5.89,5.88,5.87,5.86,5.85,5.82,5.81,5.8,5.78,5.92,5.93,5.94,5.95,5.96,5.97,5.98,5.99,6.0,6.01,1100,100,3300,16700,20200,13000,1100,1000,2000,5300,600,7500,12000,25200,12700,700,28500,18300,600,2500
166.0,5.92,62200,367510.0,5.9,5.89,5.88,5.87,5.86,5.85,5.82,5.81,5.8,5.78,5.92,5.93,5.94,5.95,5.96,5.97,5.98,5.99,6.0,6.01,1100,100,3300,16700,20200,13000,1100,1000,2000,5300,600,7500,12000,25200,12700,700,28500,18300,600,2500
167.0,5.92,62200,367510.0,5.9,5.89,5.88,5.87,5.86,5.85,5.82,5.81,5.8,5.78,5.92,5.93,5.94,5.95,5.96,5.97,5.98,5.99,6.0,6.01,1100,100,3300,16700,20200,13000,1100,1000,2000,5300,600,7500,12000,25200,12700,700,28500,18300,600,2500
168.0,5.92,62300,368102.0,5.9,5.89,5.88,5.87,5.86,5.85,5.82,5.81,5.8,5.78,5.92,5.93,5.94,5.95,5.96,5.97,5.98,5.99,6.0,6.01,1100,100,3300,16700,20200,13000,1100,1000,2000,5300,500,7500,12000,25200,12700,700,28500,18300,600,2500
169.0,5.92,62300,368102.0,5.9,5.89,5.88,5.87,5.86,5.85,5.82,5.81,5.8,5.78,5.92,5.93,5.94,5.95,5.96,5.97,5.98,5.99,6.0,6.01,1100,100,3300,16700,20200,13000,1100,1000,2000,5300,500,7500,12000,25200,12700,700,28500,18300,600,2500
170.0,5.92,62300,368102.0,5.9,5.89,5.88,5.87,5.86,5.85,5.82,5.81,5.8,5.78,5.92,5.93,5.94,5.95,5.96,5.97,5.98,5.99,6.0,6.01,1100,100,3300,16700,20200,13000,1100,1000,2000,5300,500,7500,12000,25200,12700,700,28500,18300,600,2500
171.0,5.92,62300,368102.0,5.9,5.89,5.88,5.87,5.86,5.85,5.82,5.81,5.8,5.78,5.92,5.93,5.94,5.95,5.96,5.97,5.98,5.99,6.0,6.01,1100,100,3300,16700,20200,13000,1100,1000,2000,5300,500,7500,12000,25200,12700,700,28500,18300,600,2500
172.0,5.9,62600,369872.0,5.9,5.89,5.88,5.87,5.86,5.85,5.82,5.81,5.8,5.78,5.92,5.93,5.94,5.95,5.96,5.97,5.98,5.99,6.0,6.01,800,100,3300,16700,20200,13000,1100,1000,2000,5300,500,7500,12000,25200,12700,700,28500,18300,600,2500
173.0,5.9,62600,369872.0,5.9,5.89,5.88,5.87,5.86,5.85,5.82,5.81,5.8,5.78,5.92,5.93,5.94,5.95,5.96,5.97,5.98,5.99,6.0,6.01,800,100,3300,16700,20200,13000,1100,1000,2000,5300,500,7500,12000,25200,12700,700,28500,18300,600,2500
174.0,5.9,62600,369872.0,5.9,5.89,5.88,5.87,5.86,5.85,5.82,5.81,5.8,5.78,5.92,5.93,5.94,5.95,5.96,5.97,5.98,5.99,6.0,6.01,800,100,3300,16700,20200,13000,1100,1000,2000,5300,500,7500,12000,25200,12700,700,28500,18300,600,2500
175.0,5.9,62800,371052.0,5.9,5.89,5.88,5.87,5.86,5.85,5.82,5.81,5.8,5.78,5.92,5.93,5.94,5.95,5.96,5.97,5.98,5.99,6.0,6.01,600,100,3300,16700,20200,13000,1100,1000,2000,5300,500,7500,12000,25200,12700,700,28500,18300,600,2500
176.0,5.9,62800,371052.0,5.9,5.89,5.88,5.87,5.86,5.85,5.82,5.81,5.8,5.78,5.92,5.93,5.94,5.95,5.96,5.97,5.98,5.99,6.0,6.01,600,100,3300,16700,20200,13000,1100,1000,2000,5300,500,7500,12000,25200,12700,700,28500,18300,600,2500
177.0,5.9,62800,371052.0,5.9,5.89,5.88,5.87,5.86,5.85,5.82,5.81,5.8,5.78,5.92,5.93,5.94,5.95,5.96,5.97,5.98,5.99,6.0,6.01,600,100,3300,16700,20200,13000,1100,1000,2000,5300,500,7500,12000,25200,12700,700,28500,18300,600,2500
178.0,5.9,62800,371052.0,5.9,5.89,5.88,5.87,5.86,5.85,5.82,5.81,5.8,5.78,5.92,5.93,5.94,5.95,5.96,5.97,5.98,5.99,6.0,6.01,600,100,3300,16700,20200,13000,1100,1000,2000,5300,500,7500,12000,25200,12700,700,28500,18300,600,2500
179.0,5.9,62800,371052.0,5.9,5.89,5.88,5.87,5.86,5.85,5.82,5.81,5.8,5.78,5.92,5.93,5.94,5.95,5.96,5.97,5.98,5.99,6.0,6.01,600,100,3300,16700,20200,13000,1100,1000,2000,5300,500,7500,12000,25200,12700,700,28500,18300,600,2500
180.0,5.92,62900,371644.0,5.9,5.89,5.88,5.87,5.86,5.85,5.82,5.81,5.8,5.78,5.92,5.93,5.94,5.95,5.96,5.97,5.98,5.99,6.0,6.01,600,100,3300,16700,20200,13000,1100,1000,2000,5300,400,7500,12000,25200,12700,700,28500,18300,600,2500
181.0,5.92,62900,371644.0,5.9,5.89,5.88,5.87,5.86,5.85,5.82,5.81,5.8,5.78,5.92,5.93,5.94,5.95,5.96,5.97,5.98,5.99,6.0,6.01,600,100,3300,16700,20200,13000,1100,1000,2000,5300,400,7500,12000,25200,12700,700,28500,18300,600,2500
182.0,5.9,63100,372824.0,5.9,5.89,5.88,5.87,5.86,5.85,5.82,5.81,5.8,5.78,5.92,5.93,5.94,5.95,5.96,5.97,5.98,5.99,6.0,6.01,400,100,3300,16700,20200,13000,1100,1000,2000,5300,400,7500,12000,25200,12700,700,28500,18300,600,2500
183.0,5.9,63300,374004.0,5.9,5.89,5.88,5.87,5.86,5.85,5.82,5.81,5.8,5.78,5.91,5.92,5.93,5.94,5.95,5.96,5.97,5.98,5.99,6.0,200,100,3100,16700,20200,13000,1100,1000,2000,5300,3200,400,7500,12000,25200,12700,700,28500,18300,600
184.0,5.89,63600,375773.0,5.88,5.87,5.86,5.85,5.82,5.81,5.8,5.78,5.77,5.75,5.91,5.92,5.93,5.94,5.95,5.96,5.97,5.98,5.99,6.0,3500,16700,20200,13000,1100,1000,2000,5300,300,1200,3200,400,7500,12000,25200,12700,700,28500,18300,600
185.0,5.88,67700,399893.0,5.88,5.87,5.86,5.85,5.82,5.81,5.8,5.78,5.77,5.75,5.89,5.91,5.92,5.93,5.94,5.95,5.96,5.97,5.98,5.99,400,16700,20200,13000,1100,1000,2000,5300,300,1200,1600,2900,11200,17800,12000,25200,12700,700,28500,18300
186.0,5.88,67700,399893.0,5.88,5.87,5.86,5.85,5.82,5.81,5.8,5.78,5.77,5.75,5.89,5.91,5.92,5.93,5.94,5.95,5.96,5.97,5.98,5.99,400,16700,20200,13000,1100,1000,2000,5300,300,1200,2100,2900,11200,17800,12000,25200,12700,700,28500,18300
187.0,5.88,67700,399893.0,5.88,5.87,5.86,5.85,5.82,5.81,5.8,5.78,5.77,5.75,5.89,5.91,5.92,5.93,5.94,5.95,5.96,5.97,5.98,5.99,400,16700,20200,13000,1100,1000,2000,5300,300,1200,2100,2900,11200,17800,12000,25200,12700,700,28500,18300
188.0,5.88,68000,401657.0,5.88,5.87,5.86,5.85,5.82,5.81,5.8,5.78,5.77,5.75,5.89,5.91,5.92,5.93,5.94,5.95,5.96,5.97,5.98,5.99,600,16700,20200,13000,1100,1000,2000,5300,300,1200,2100,2900,11200,17800,12000,25200,12700,700,26500,18300
189.0,5.88,72000,425181.0,5.87,5.86,5.85,5.82,5.81,5.8,5.78,5.77,5.75,5.72,5.88,5.89,5.91,5.92,5.93,5.94,5.95,5.96,5.97,5.98,16700,20200,13000,1100,1000,2000,5300,300,1200,3000,2500,1700,2900,11200,17800,12000,25200,12700,700,26500
190.0,5.88,74500,439881.0,5.88,5.87,5.86,5.85,5.82,5.81,5.8,5.78,5.77,5.75,5.89,5.91,5.92,5.93,5.94,5.95,5.96,5.97,5.98,5.99,300,16700,20200,13000,1100,1000,2000,5300,300,1200,1700,2900,11200,17800,12000,25200,12700,700,26500,18300
191.0,5.89,76100,449305.0,5.88,5.87,5.86,5.85,5.82,5.81,5.8,5.78,5.77,5.75,5.89,5.91,5.92,5.93,5.94,5.95,5.96,5.97,5.98,5.99,5400,17100,20200,13000,1100,1000,2000,5300,300,1200,100,2900,11200,17800,12000,25200,12700,700,26500,18300
192.0,5.89,76100,449305.0,5.88,5.87,5.86,5.85,5.82,5.81,5.8,5.78,5.77,5.75,5.89,5.91,5.92,5.93,5.94,5.95,5.96,5.97,5.98,5.99,5400,17100,20200,13000,1100,1000,2000,5300,300,1200,100,2900,11200,17800,12000,25200,12700,700,26500,18300
193.0,5.89,76100,449305.0,5.88,5.87,5.86,5.85,5.82,5.81,5.8,5.78,5.77,5.75,5.89,5.91,5.92,5.93,5.94,5.95,5.96,5.97,5.98,5.99,5400,17100,20200,13000,1100,1000,2000,5300,300,1200,100,2900,11200,17800,12000,25200,12700,700,26500,18300
194.0,5.89,76600,452250.0,5.89,5.88,5.87,5.86,5.85,5.82,5.81,5.8,5.78,5.77,5.9,5.91,5.92,5.93,5.94,5.95,5.96,5.97,5.98,5.99,400,5400,16700,20200,13000,1100,1000,2000,5300,300,400,2900,11200,17800,12000,25200,12700,700,26500,18300
195.0,5.89,76600,452250.0,5.89,5.88,5.87,5.86,5.85,5.82,5.81,5.8,5.78,5.77,5.9,5.91,5.92,5.93,5.94,5.95,5.96,5.97,5.98,5.99,400,5400,16700,20200,13000,1100,1000,2000,5300,300,400,2900,11200,17800,12000,25200,12700,700,26500,18300
196.0,5.89,76600,452250.0,5.89,5.88,5.87,5.86,5.85,5.82,5.81,5.8,5.78,5.77,5.9,5.91,5.92,5.93,5.94,5.95,5.96,5.97,5.98,5.99,400,5400,16700,20200,13000,1100,1000,2000,5300,300,400,2900,11200,17800,12000,25200,12700,700,26500,18300
197.0,5.89,76600,452250.0,5.89,5.88,5.87,5.86,5.85,5.82,5.81,5.8,5.78,5.77,5.9,5.91,5.92,5.93,5.94,5.95,5.96,5.97,5.98,5.99,400,5400,16700,20200,13000,1100,1000,2000,5300,300,400,2900,11200,17800,12000,25200,12700,700,26500,18300
198.0,5.89,76600,452250.0,5.89,5.88,5.87,5.86,5.85,5.82,5.81,5.8,5.78,5.77,5.9,5.91,5.92,5.93,5.94,5.95,5.96,5.97,5.98,5.99,400,5400,16700,20200,13000,1100,1000,2000,5300,300,400,2900,11200,17800,12000,25200,12700,700,26500,18300
199.0,5.89,77000,454606.0,5.88,5.87,5.86,5.85,5.82,5.81,5.8,5.78,5.77,5.75,5.89,5.9,5.91,5.92,5.93,5.94,5.95,5.96,5.97,5.98,5400,16700,20200,13000,1100,1000,2000,5300,300,1200,400,400,2900,11200,17800,12000,25200,12700,700,26500
200.0,5.89,77000,454606.0,5.88,5.87,5.86,5.85,5.82,5.81,5.8,5.78,5.77,5.75,5.89,5.9,5.91,5.92,5.93,5.94,5.95,5.96,5.97,5.98,5400,16700,20200,13000,1100,1000,2000,5300,300,1200,400,400,2900,11200,17800,12000,25200,12700,700,26500
201.0,5.89,77000,454606.0,5.88,5.87,5.86,5.85,5.82,5.81,5.8,5.78,5.77,5.75,5.89,5.9,5.91,5.92,5.93,5.94,5.95,5.96,5.97,5.98,5400,16700,20200,13000,1100,1000,2000,5300,300,1200,400,400,2900,11200,17800,12000,25200,12700,700,26500
202.0,5.89,77000,454606.0,5.88,5.87,5.86,5.85,5.82,5.81,5.8,5.78,5.77,5.75,5.89,5.9,5.91,5.92,5.93,5.94,5.95,5.96,5.97,5.98,5400,16700,20200,13000,1100,1000,2000,5300,300,1200,400,400,2900,11200,17800,12000,25200,12700,700,26500
203.0,5.89,77000,454606.0,5.88,5.87,5.86,5.85,5.82,5.81,5.8,5.78,5.77,5.75,5.89,5.9,5.91,5.92,5.93,5.94,5.95,5.96,5.97,5.98,5400,16700,20200,13000,1100,1000,2000,5300,300,1200,400,400,2900,11200,17800,12000,25200,12700,700,26500
204.0,5.89,77000,454606.0,5.88,5.87,5.86,5.85,5.82,5.81,5.8,5.78,5.77,5.75,5.89,5.9,5.91,5.92,5.93,5.94,5.95,5.96,5.97,5.98,5400,16700,20200,13000,1100,1000,2000,5300,300,1200,400,400,2900,11200,17800,12000,25200,12700,700,26500
205.0,5.89,77000,454606.0,5.88,5.87,5.86,5.85,5.82,5.81,5.8,5.78,5.77,5.75,5.89,5.9,5.91,5.92,5.93,5.94,5.95,5.96,5.97,5.98,5400,16700,20200,13000,1100,1000,2000,5300,300,1200,400,400,2900,11200,17800,12000,25200,12700,700,26500
206.0,5.89,77000,454606.0,5.88,5.87,5.86,5.85,5.82,5.81,5.8,5.78,5.77,5.75,5.89,5.9,5.91,5.92,5.93,5.94,5.95,5.96,5.97,5.98,5400,16700,20200,13000,1100,1000,2000,5300,300,1200,400,400,2900,11200,17800,12000,25200,12700,700,26500
207.0,5.89,78200,461664.0,5.88,5.87,5.86,5.85,5.82,5.81,5.8,5.78,5.77,5.75,5.89,5.91,5.92,5.93,5.94,5.95,5.96,5.97,5.98,5.99,4400,16700,20200,13000,1100,1000,2000,5300,300,1200,600,2900,11200,17800,12000,25200,12700,700,26500,18300
208.0,5.89,78200,461664.0,5.88,5.87,5.86,5.85,5.82,5.81,5.8,5.78,5.77,5.75,5.89,5.91,5.92,5.93,5.94,5.95,5.96,5.97,5.98,5.99,4400,16700,20200,13000,1100,1000,2000,5300,300,1200,600,2900,11200,17800,12000,25200,12700,700,26500,18300
209.0,5.89,78200,461664.0,5.88,5.87,5.86,5.85,5.82,5.81,5.8,5.78,5.77,5.75,5.89,5.9,5.91,5.92,5.93,5.94,5.95,5.96,5.97,5.98,4400,16700,20200,13000,1100,1000,2000,5300,300,1200,600,1500,2900,11200,17800,12000,25200,12700,700,26500
210.0,5.89,78200,461664.0,5.88,5.87,5.86,5.85,5.82,5.81,5.8,5.78,5.77,5.75,5.89,5.9,5.91,5.92,5.93,5.94,5.95,5.96,5.97,5.98,4400,16700,20200,13000,1100,1000,2000,5300,300,1200,600,1500,2900,11200,17800,12000,25200,12700,700,26500
211.0,5.88,78900,465780.0,5.88,5.87,5.86,5.85,5.82,5.81,5.8,5.78,5.77,5.75,5.89,5.9,5.92,5.93,5.94,5.95,5.96,5.97,5.98,5.99,3700,16700,20200,13000,1100,1000,2000,5300,300,1200,600,1500,11200,17800,12000,25200,12700,700,26500,18300
212.0,5.88,78900,465780.0,5.88,5.87,5.86,5.85,5.82,5.81,5.8,5.78,5.77,5.75,5.89,5.9,5.92,5.93,5.94,5.95,5.96,5.97,5.98,5.99,3700,16700,20200,13000,1100,1000,2000,5300,300,1200,600,1500,11200,17800,12000,25200,12700,700,26500,18300
213.0,5.88,78900,465780.0,5.88,5.87,5.86,5.85,5.82,5.81,5.8,5.78,5.77,5.75,5.89,5.9,5.92,5.93,5.94,5.95,5.96,5.97,5.98,5.99,3700,16700,20200,13000,1100,1000,2000,5300,300,1200,600,1500,11200,17800,12000,25200,12700,700,26500,18300
214.0,5.88,78900,465780.0,5.88,5.87,5.86,5.85,5.82,5.81,5.8,5.78,5.77,5.75,5.89,5.9,5.92,5.93,5.94,5.95,5.96,5.97,5.98,5.99,3700,16700,20200,13000,1100,1000,2000,5300,300,1200,600,1500,11200,17800,12000,25200,12700,700,26500,18300
215.0,5.89,79000,466369.0,5.88,5.87,5.86,5.85,5.82,5.81,5.8,5.78,5.77,5.75,5.89,5.9,5.92,5.93,5.94,5.95,5.96,5.97,5.98,5.99,3700,16700,20200,13000,1100,1000,2000,5300,300,1200,500,1500,11200,17800,12000,25200,12700,700,26500,18300
216.0,5.89,79100,466958.0,5.88,5.87,5.86,5.85,5.82,5.81,5.8,5.78,5.77,5.75,5.89,5.9,5.92,5.93,5.94,5.95,5.96,5.97,5.98,5.99,3700,16700,20200,13000,1100,1000,2000,5300,300,1200,400,1500,11200,17800,12000,25200,12700,700,26500,18300
217.0,5.89,79100,466958.0,5.88,5.87,5.86,5.85,5.82,5.81,5.8,5.78,5.77,5.75,5.89,5.9,5.92,5.93,5.94,5.95,5.96,5.97,5.98,5.99,3700,16700,20200,13000,1100,1000,2000,5300,300,1200,400,1500,11200,17800,12000,25200,12700,700,26500,18300
218.0,5.89,79100,466958.0,5.88,5.87,5.86,5.85,5.82,5.81,5.8,5.78,5.77,5.75,5.89,5.9,5.92,5.93,5.94,5.95,5.96,5.97,5.98,5.99,3700,16700,20200,13000,1100,1000,2000,5300,300,1200,400,1500,11200,17800,12000,25200,12700,700,26500,18300
219.0,5.89,79100,466958.0,5.88,5.87,5.86,5.85,5.82,5.81,5.8,5.78,5.77,5.75,5.89,5.9,5.92,5.93,5.94,5.95,5.96,5.97,5.98,5.99,3700,16700,20200,13000,1100,1000,2000,5300,300,1200,400,1500,11200,17800,12000,25200,12700,700,26500,18300
220.0,5.88,82800,488714.0,5.87,5.86,5.85,5.82,5.81,5.8,5.78,5.77,5.75,5.72,5.88,5.89,5.9,5.92,5.93,5.94,5.95,5.96,5.97,5.98,16700,20200,13200,1100,1000,2000,5300,300,1200,3000,2700,400,1500,11200,17800,12000,25200,12700,700,26500
221.0,5.88,82800,488714.0,5.87,5.86,5.85,5.82,5.81,5.8,5.78,5.77,5.75,5.72,5.88,5.89,5.9,5.92,5.93,5.94,5.95,5.96,5.97,5.98,16700,20200,13200,1100,1000,2000,5300,300,1200,3000,2700,400,1500,11200,17800,12000,25200,12700,700,26500
222.0,5.88,83000,489890.0,5.87,5.86,5.85,5.82,5.81,5.8,5.78,5.77,5.75,5.72,5.88,5.89,5.9,5.92,5.93,5.94,5.95,5.96,5.97,5.98,16700,20200,13200,1100,1000,2000,5300,300,1200,3000,2500,400,1500,11200,17800,12000,25200,12700,700,26500
223.0,5.88,83000,489890.0,5.87,5.86,5.85,5.82,5.81,5.8,5.78,5.77,5.75,5.72,5.88,5.89,5.9,5.92,5.93,5.94,5.95,5.96,5.97,5.98,16700,20200,13200,1100,1000,2000,5300,300,1200,3000,2500,400,1500,11200,17800,12000,25200,12700,700,26500
224.0,5.88,83000,489890.0,5.87,5.86,5.85,5.82,5.81,5.8,5.78,5.77,5.75,5.72,5.88,5.89,5.9,5.92,5.93,5.94,5.95,5.96,5.97,5.98,17100,20200,13200,1100,1000,2000,5300,300,1200,3000,2500,400,1500,11200,17800,12000,25200,12700,700,26500
225.0,5.88,83400,492242.0,5.87,5.86,5.85,5.82,5.81,5.8,5.78,5.77,5.75,5.72,5.88,5.89,5.9,5.92,5.93,5.94,5.95,5.96,5.97,5.98,17100,20200,13200,1100,1000,2000,5300,300,1200,3000,2100,400,1500,11200,17800,12000,25200,12700,700,26500
226.0,5.88,83400,492242.0,5.87,5.86,5.85,5.82,5.81,5.8,5.78,5.77,5.75,5.72,5.88,5.89,5.9,5.92,5.93,5.94,5.95,5.96,5.97,5.98,17100,20200,13200,1100,1000,2000,5300,300,1200,3000,2100,400,1500,11200,17800,12000,25200,12700,700,26500
227.0,5.88,84000,495770.0,5.87,5.86,5.85,5.82,5.81,5.8,5.78,5.77,5.75,5.72,5.88,5.89,5.9,5.92,5.93,5.94,5.95,5.96,5.97,5.98,17100,20200,13200,1100,1000,2000,5300,300,1200,3000,1500,400,1500,11200,17800,12000,25200,12700,700,26500
228.0,5.88,84200,496946.0,5.87,5.86,5.85,5.82,5.81,5.8,5.78,5.77,5.75,5.72,5.88,5.89,5.9,5.92,5.93,5.94,5.95,5.96,5.97,5.98,17100,20200,13200,1100,1000,2000,5300,300,1200,3000,1300,400,1500,11200,17800,12000,25200,12700,700,26500
229.0,5.88,84300,497534.0,5.87,5.86,5.85,5.82,5.81,5.8,5.78,5.77,5.75,5.72,5.88,5.89,5.9,5.92,5.93,5.94,5.95,5.96,5.97,5.98,17100,20200,13200,1100,1000,2000,5300,300,1200,3000,1200,400,1500,11200,17800,12000,25200,12700,700,26500
230.0,5.88,84300,497534.0,5.87,5.86,5.85,5.82,5.81,5.8,5.78,5.77,5.75,5.72,5.88,5.89,5.9,5.92,5.93,5.94,5.95,5.96,5.97,5.98,17100,20200,13200,1100,1000,2000,5300,300,1200,3000,1200,400,1500,11200,17800,12000,25200,12700,700,26500
231.0,5.88,84300,497534.0,5.87,5.86,5.85,5.82,5.81,5.8,5.78,5.77,5.75,5.72,5.88,5.89,5.9,5.92,5.93,5.94,5.95,5.96,5.97,5.98,17100,20200,13200,1100,1000,2000,5300,300,1200,3000,1200,400,1500,11200,17800,12000,25200,12700,700,26500
232.0,5.88,84400,498122.0,5.87,5.86,5.85,5.82,5.81,5.8,5.78,5.77,5.75,5.72,5.88,5.89,5.9,5.92,5.93,5.94,5.95,5.96,5.97,5.98,17100,20200,13200,1100,1000,2000,5300,300,1200,3000,1100,400,1500,11200,17800,12000,25200,12700,700,26500
233.0,5.88,84500,498710.0,5.87,5.86,5.85,5.82,5.81,5.8,5.78,5.77,5.75,5.72,5.88,5.89,5.9,5.92,5.93,5.94,5.95,5.96,5.97,5.98,17100,20200,13200,1100,1000,2000,5300,300,1200,3000,1000,400,1500,11200,17800,12000,25200,12700,700,26500
234.0,5.88,84500,498710.0,5.87,5.86,5.85,5.82,5.81,5.8,5.78,5.77,5.75,5.72,5.88,5.89,5.9,5.92,5.93,5.94,5.95,5.96,5.97,5.98,17100,20200,13200,1100,1000,2000,5300,300,1200,3000,1000,400,1500,11200,17800,12000,25200,12700,700,26500
235.0,5.88,84600,499298.0,5.87,5.86,5.85,5.82,5.81,5.8,5.78,5.77,5.75,5.72,5.88,5.89,5.9,5.92,5.93,5.94,5.95,5.96,5.97,5.98,17100,20200,13200,1100,1000,2000,5300,300,1200,3000,900,400,1500,11200,17800,12000,25200,12700,700,26500
236.0,5.88,84700,499886.0,5.87,5.86,5.85,5.84,5.82,5.81,5.8,5.78,5.77,5.75,5.88,5.89,5.9,5.92,5.93,5.94,5.95,5.96,5.97,5.98,17100,20200,13200,600,1100,1000,2000,5300,300,1200,800,400,1500,11200,17800,12000,25200,12700,700,26500
237.0,5.88,84700,499886.0,5.87,5.86,5.85,5.84,5.82,5.81,5.8,5.78,5.77,5.75,5.88,5.89,5.9,5.92,5.93,5.94,5.95,5.96,5.97,5.98,17100,20200,13200,600,1100,1000,2000,5300,300,1200,800,400,1500,11200,17800,12000,25200,12700,700,26500
238.0,5.88,84700,499886.0,5.87,5.86,5.85,5.84,5.82,5.81,5.8,5.78,5.77,5.75,5.88,5.89,5.9,5.92,5.93,5.94,5.95,5.96,5.97,5.98,17100,20200,13200,600,1100,1000,2000,5300,300,1200,800,400,1500,11200,17800,12000,25200,12700,700,26500
239.0,5.88,85000,501650.0,5.87,5.86,5.85,5.84,5.82,5.81,5.8,5.78,5.77,5.75,5.88,5.89,5.9,5.92,5.93,5.94,5.95,5.96,5.97,5.98,17100,20200,13200,600,1100,1000,2000,5300,300,1200,500,400,1500,11200,17800,12000,25200,12700,700,26500
240.0,5.88,85500,504590.0,5.88,5.87,5.86,5.85,5.84,5.82,5.81,5.8,5.78,5.77,5.89,5.9,5.92,5.93,5.94,5.95,5.96,5.97,5.98,5.99,900,17100,20200,13200,600,1100,1000,2000,5300,300,400,1500,11200,17800,12000,25200,12700,700,26500,18300
241.0,5.88,85500,504590.0,5.88,5.87,5.86,5.85,5.84,5.82,5.81,5.8,5.78,5.77,5.89,5.9,5.92,5.93,5.94,5.95,5.96,5.97,5.98,5.99,900,17100,20200,13200,600,1100,1000,2000,5300,300,400,1500,11200,17800,12000,25200,12700,700,26500,18300
242.0,5.88,85500,504590.0,5.88,5.87,5.86,5.85,5.84,5.82,5.81,5.8,5.78,5.77,5.89,5.9,5.92,5.93,5.94,5.95,5.96,5.97,5.98,5.99,1200,17100,20200,13200,600,1100,1000,2000,5300,300,400,1500,11200,17800,12000,25200,12700,700,26500,18300
243.0,5.88,85500,504590.0,5.88,5.87,5.86,5.85,5.84,5.82,5.81,5.8,5.78,5.77,5.89,5.9,5.92,5.93,5.94,5.95,5.96,5.97,5.98,5.99,1200,17100,20200,13200,600,1100,1000,2000,5300,300,400,1500,11200,17800,12000,25200,12700,700,26500,18300
244.0,5.88,85500,504590.0,5.88,5.87,5.86,5.85,5.84,5.82,5.81,5.8,5.78,5.77,5.89,5.9,5.92,5.93,5.94,5.95,5.96,5.97,5.98,5.99,1200,17100,20200,13200,600,1100,1000,2000,5300,300,400,1500,11200,17800,12000,25200,12700,700,26500,18300
245.0,5.88,85600,505178.0,5.88,5.87,5.86,5.85,5.84,5.82,5.81,5.8,5.78,5.77,5.89,5.9,5.91,5.92,5.93,5.94,5.95,5.96,5.97,5.98,1300,17100,20200,13200,600,1100,1000,2000,5300,300,400,1500,6600,11000,17800,12000,25200,12700,700,26500
246.0,5.88,85600,505178.0,5.88,5.87,5.86,5.85,5.84,5.82,5.81,5.8,5.78,5.77,5.89,5.9,5.91,5.92,5.93,5.94,5.95,5.96,5.97,5.98,1300,17100,20200,13200,600,1100,1000,2000,5300,300,400,1500,6600,11000,17800,12000,25200,12700,700,26500
247.0,5.87,104000,613199.0,5.86,5.85,5.84,5.82,5.81,5.8,5.78,5.77,5.75,5.72,5.87,5.88,5.9,5.91,5.92,5.93,5.94,5.95,5.96,5.97,20200,13200,600,1100,1000,2000,5300,300,1200,3000,100,48700,1500,6600,11000,17800,12000,25200,12700,700
248.0,5.87,104000,613199.0,5.86,5.85,5.84,5.82,5.81,5.8,5.78,5.77,5.75,5.72,5.87,5.88,5.9,5.91,5.92,5.93,5.94,5.95,5.96,5.97,20500,13200,600,1100,1000,2000,5300,300,1200,3000,100,48700,1500,6600,11000,17800,12000,25200,12700,700
249.0,5.86,121700,716921.0,5.86,5.85,5.84,5.82,5.81,5.8,5.78,5.77,5.75,5.72,5.87,5.88,5.9,5.91,5.92,5.93,5.94,5.95,5.96,5.97,2900,13200,600,1100,11800,12700,5300,300,1200,3000,100,48700,1500,6600,11000,17800,12000,25200,12700,700
250.0,5.86,121700,716921.0,5.86,5.85,5.84,5.82,5.81,5.8,5.78,5.77,5.75,5.72,5.87,5.88,5.9,5.91,5.92,5.93,5.94,5.95,5.96,5.97,2900,13200,600,1100,11800,12700,5300,300,1200,3000,100,48700,1500,6600,11000,17800,12000,25200,12700,700
251.0,5.86,121700,716921.0,5.86,5.85,5.84,5.82,5.81,5.8,5.78,5.77,5.75,5.72,5.87,5.88,5.9,5.91,5.92,5.93,5.94,5.95,5.96,5.97,3000,13200,600,1100,11800,12700,5300,300,1200,3000,100,48700,1500,6600,11000,17800,12000,25200,12700,700
252.0,5.86,121700,716921.0,5.86,5.85,5.84,5.82,5.81,5.8,5.78,5.77,5.75,5.72,5.87,5.88,5.9,5.91,5.92,5.93,5.94,5.95,5.96,5.97,3000,13200,600,1100,11800,12700,5300,300,1200,3000,100,48700,1500,6600,11000,17800,12000,25200,12700,700
253.0,5.86,121700,716921.0,5.86,5.85,5.84,5.82,5.81,5.8,5.78,5.77,5.75,5.72,5.87,5.88,5.9,5.91,5.92,5.93,5.94,5.95,5.96,5.97,3000,13200,600,1100,11800,12700,5300,300,1200,3000,100,48700,1500,6600,11000,17800,12000,25200,12700,700
254.0,5.86,121700,716921.0,5.86,5.85,5.84,5.82,5.81,5.8,5.78,5.77,5.75,5.72,5.87,5.88,5.9,5.91,5.92,5.93,5.94,5.95,5.96,5.97,3000,13200,600,1100,11800,12700,5300,300,1200,3000,100,48700,1500,6600,11000,17800,12000,25200,12700,700
255.0,5.86,121700,716921.0,5.86,5.85,5.84,5.82,5.81,5.8,5.78,5.77,5.75,5.72,5.87,5.88,5.9,5.91,5.92,5.93,5.94,5.95,5.96,5.97,3000,13200,600,1100,11800,12700,5300,300,1200,3000,100,48700,1500,6600,11000,17800,12000,25200,12700,700
256.0,5.86,121700,716921.0,5.86,5.85,5.84,5.82,5.81,5.8,5.78,5.77,5.75,5.72,5.87,5.88,5.9,5.91,5.92,5.93,5.94,5.95,5.96,5.97,3000,13200,600,1100,11800,12700,5300,300,1200,3000,100,48700,1500,6600,11000,17800,12000,25200,12700,700
257.0,5.86,121700,716921.0,5.86,5.85,5.84,5.82,5.81,5.8,5.78,5.77,5.75,5.72,5.87,5.88,5.9,5.91,5.92,5.93,5.94,5.95,5.96,5.97,3000,13200,600,1100,11800,12700,5300,300,1200,3000,100,48700,1500,6600,11000,17800,12000,25200,12700,700
258.0,5.86,121700,716921.0,5.86,5.85,5.84,5.82,5.81,5.8,5.78,5.77,5.75,5.72,5.87,5.88,5.9,5.91,5.92,5.93,5.94,5.95,5.96,5.97,3000,13200,600,1100,11800,12700,5300,300,1200,3000,100,48700,1500,6600,11000,17800,12000,25200,12700,700
259.0,5.86,121700,716921.0,5.86,5.85,5.84,5.82,5.81,5.8,5.78,5.77,5.75,5.72,5.87,5.88,5.9,5.91,5.92,5.93,5.94,5.95,5.96,5.97,3000,13200,600,1100,11800,12700,5300,300,1200,3000,100,48700,1500,6600,11000,17800,12000,25200,12700,700
260.0,5.86,121700,716921.0,5.86,5.85,5.84,5.82,5.81,5.8,5.78,5.77,5.75,5.72,5.87,5.88,5.9,5.91,5.92,5.93,5.94,5.95,5.96,5.97,3000,13200,600,1100,11800,12700,5300,300,1200,3000,100,48700,1500,6600,11000,17800,12000,25200,12700,700
261.0,5.86,121700,716921.0,5.86,5.85,5.84,5.82,5.81,5.8,5.78,5.77,5.75,5.72,5.87,5.88,5.9,5.91,5.92,5.93,5.94,5.95,5.96,5.97,3000,13200,600,1100,11800,12700,5300,300,1200,3000,100,48700,1500,6600,11000,17800,10400,25200,12700,700
262.0,5.86,121700,716921.0,5.86,5.85,5.84,5.82,5.81,5.8,5.78,5.77,5.75,5.72,5.87,5.88,5.9,5.91,5.92,5.93,5.94,5.95,5.96,5.97,3000,13200,600,1100,11800,12700,5300,300,1200,3000,100,48700,1500,6600,11000,17800,10400,25200,12700,700
263.0,5.86,121700,716921.0,5.86,5.85,5.84,5.82,5.81,5.8,5.78,5.77,5.75,5.72,5.87,5.88,5.9,5.91,5.92,5.93,5.94,5.95,5.96,5.97,3000,13200,600,1100,11800,12700,5300,300,1200,3000,100,48700,1500,6600,11000,17800,10400,25200,12700,700
264.0,5.86,121700,716921.0,5.86,5.85,5.84,5.82,5.81,5.8,5.78,5.77,5.75,5.72,5.87,5.88,5.9,5.91,5.92,5.93,5.94,5.95,5.96,5.97,3000,13200,600,1100,11800,12700,5300,300,1200,3000,100,48700,1500,6600,11000,17800,10400,25200,12700,700
265.0,5.86,121700,716921.0,5.86,5.85,5.84,5.82,5.81,5.8,5.78,5.77,5.75,5.72,5.87,5.9,5.91,5.92,5.93,5.94,5.95,5.96,5.97,5.98,3000,13200,600,1100,11800,12700,5300,300,1200,3000,100,1500,6600,11000,17800,10400,17200,12700,700,26500
266.0,5.86,121700,716921.0,5.86,5.85,5.84,5.82,5.81,5.8,5.78,5.77,5.75,5.72,5.87,5.9,5.91,5.92,5.93,5.94,5.95,5.96,5.97,5.98,3000,13200,600,1100,11800,13700,5300,300,1200,3000,100,1500,6600,11000,17800,10400,17200,12700,700,26500
267.0,5.86,121700,716921.0,5.86,5.85,5.84,5.82,5.81,5.8,5.78,5.77,5.75,5.72,5.87,5.9,5.91,5.92,5.93,5.94,5.95,5.96,5.97,5.98,3000,13200,600,1100,11800,13700,5300,300,1200,3000,100,1500,6600,11000,17800,10400,17200,12700,700,26500
268.0,5.86,121700,716921.0,5.86,5.85,5.84,5.82,5.81,5.8,5.78,5.77,5.75,5.72,5.87,5.9,5.91,5.92,5.93,5.94,5.95,5.96,5.97,5.98,3000,13200,600,1100,11800,13700,5300,300,1200,3000,100,1500,6600,11000,17800,10400,17200,12700,700,26500
269.0,5.87,121800,717508.0,5.86,5.85,5.84,5.82,5.81,5.8,5.78,5.77,5.75,5.72,5.9,5.91,5.92,5.93,5.94,5.95,5.96,5.97,5.98,5.99,3000,13000,600,1100,11800,13700,5300,300,1200,3000,1500,6600,11000,17800,10400,17200,12700,700,26500,18300
270.0,5.9,121900,718098.0,5.86,5.85,5.84,5.82,5.81,5.8,5.78,5.77,5.75,5.72,5.9,5.91,5.92,5.93,5.94,5.95,5.96,5.97,5.98,5.99,3000,13000,600,1100,11800,13700,5300,300,1200,3000,1400,6600,11000,17800,10400,17200,12700,700,26500,18300
271.0,5.9,121900,718098.0,5.86,5.85,5.84,5.82,5.81,5.8,5.78,5.77,5.75,5.72,5.9,5.91,5.92,5.93,5.94,5.95,5.96,5.97,5.98,5.99,3200,13000,600,1100,11800,13700,5300,300,1200,3000,1600,6600,11000,17800,10400,17200,12700,700,26500,18300
272.0,5.86,125900,741538.0,5.86,5.85,5.84,5.82,5.81,5.8,5.78,5.77,5.75,5.72,5.9,5.91,5.92,5.93,5.94,5.95,5.96,5.97,5.98,5.99,15500,13000,600,1100,11800,13700,5300,300,1200,3000,1600,6600,11000,17800,10400,17200,12700,700,26500,18300
273.0,5.9,126300,743898.0,5.86,5.85,5.84,5.82,5.81,5.8,5.78,5.77,5.75,5.72,5.9,5.91,5.92,5.93,5.94,5.95,5.96,5.97,5.98,5.99,16600,13000,600,1100,11800,13700,5300,300,1200,3000,1200,6600,11000,17800,10400,17200,12700,700,26500,18300
274.0,5.9,126300,743898.0,5.86,5.85,5.84,5.82,5.81,5.8,5.78,5.77,5.75,5.72,5.9,5.91,5.92,5.93,5.94,5.95,5.96,5.97,5.98,5.99,16800,13000,600,1100,11800,13700,5300,300,1200,3000,1400,6600,11000,17800,10400,17200,12700,700,26500,18300
275.0,5.86,126900,747414.0,5.86,5.85,5.84,5.82,5.81,5.8,5.78,5.77,5.75,5.72,5.9,5.91,5.92,5.93,5.94,5.95,5.96,5.97,5.98,5.99,1700,13000,600,1100,11800,13700,5300,300,1200,3000,1400,6600,11000,17800,10400,17200,12700,700,26500,18300
276.0,5.9,127000,748004.0,5.86,5.85,5.84,5.82,5.81,5.8,5.78,5.77,5.75,5.72,5.88,5.9,5.91,5.92,5.93,5.94,5.95,5.96,5.97,5.98,1700,13000,600,11500,11800,13700,5300,300,1200,3000,100,1300,6600,11000,17800,10400,17200,12700,700,26500
277.0,5.9,127000,748004.0,5.86,5.85,5.84,5.82,5.81,5.8,5.78,5.77,5.75,5.72,5.88,5.9,5.91,5.92,5.93,5.94,5.95,5.96,5.97,5.98,1700,13000,600,11500,11800,13700,5300,300,1200,3000,100,1300,6600,11000,17800,10400,17200,12700,700,26500
278.0,5.9,127000,748004.0,5.86,5.85,5.84,5.82,5.81,5.8,5.78,5.77,5.75,5.72,5.88,5.9,5.91,5.92,5.93,5.94,5.95,5.96,5.97,5.98,1700,13000,600,11500,11800,13700,5300,300,1200,3000,100,1300,6600,11000,17800,10400,17200,12700,700,26500
279.0,5.9,127000,748004.0,5.86,5.85,5.84,5.82,5.81,5.8,5.78,5.77,5.75,5.72,5.88,5.9,5.91,5.92,5.93,5.94,5.95,5.96,5.97,5.98,1700,13000,600,11500,11800,13700,5300,300,1200,3000,100,1300,6600,11000,17800,10400,17200,12700,700,26500
280.0,5.9,127000,748004.0,5.86,5.85,5.84,5.82,5.81,5.8,5.78,5.77,5.75,5.72,5.88,5.9,5.91,5.92,5.93,5.94,5.95,5.96,5.97,5.98,1700,13000,600,11500,11800,13700,5300,300,1200,3000,100,1300,6600,11000,17800,10400,17200,12700,700,26500
281.0,5.9,127000,748004.0,5.86,5.85,5.84,5.82,5.81,5.8,5.78,5.77,5.75,5.72,5.88,5.9,5.91,5.92,5.93,5.94,5.95,5.96,5.97,5.98,1700,13000,600,11500,11800,13700,5300,300,1200,3000,100,1300,6600,11000,17800,10400,17200,12700,700,26500
282.0,5.9,127000,748004.0,5.86,5.85,5.84,5.82,5.81,5.8,5.78,5.77,5.75,5.72,5.88,5.9,5.91,5.92,5.93,5.94,5.95,5.96,5.97,5.98,1700,13000,800,11500,11800,13700,5300,300,1200,3000,100,1300,6600,11000,17800,10400,17200,12700,700,26500
283.0,5.9,127000,748004.0,5.86,5.85,5.84,5.82,5.81,5.8,5.78,5.77,5.75,5.72,5.88,5.9,5.91,5.92,5.93,5.94,5.95,5.96,5.97,5.98,1700,13000,800,11500,11800,13700,5300,300,1200,3000,100,1300,6600,11000,17800,10400,17200,12700,700,26500
284.0,5.9,127000,748004.0,5.86,5.85,5.84,5.82,5.81,5.8,5.78,5.77,5.75,5.72,5.88,5.9,5.91,5.92,5.93,5.94,5.95,5.96,5.97,5.98,1700,13000,800,11500,11800,13700,5300,300,1200,3000,100,1300,6600,11000,17800,10400,17200,12700,700,26500
285.0,5.9,127000,748004.0,5.86,5.85,5.84,5.82,5.81,5.8,5.78,5.77,5.75,5.72,5.88,5.9,5.91,5.92,5.93,5.94,5.95,5.96,5.97,5.98,1700,13000,800,11500,11800,13700,5300,300,1200,3000,100,1300,6600,11000,17800,10400,17200,12700,700,26500
286.0,5.9,127000,748004.0,5.86,5.85,5.84,5.82,5.81,5.8,5.78,5.77,5.75,5.72,5.88,5.9,5.91,5.92,5.93,5.94,5.95,5.96,5.97,5.98,1700,13000,800,11500,11800,13700,5300,300,1200,3000,100,1300,6600,11000,17800,10400,17200,12700,700,26500
287.0,5.9,127000,748004.0,5.86,5.85,5.84,5.82,5.81,5.8,5.78,5.77,5.75,5.72,5.88,5.9,5.91,5.92,5.93,5.94,5.95,5.96,5.97,5.98,1700,13000,800,11500,11800,13700,5300,300,1200,3000,100,1300,6600,11000,17800,10400,17200,12700,700,26500
288.0,5.9,127000,748004.0,5.86,5.85,5.84,5.82,5.81,5.8,5.78,5.77,5.75,5.72,5.88,5.9,5.91,5.92,5.93,5.94,5.95,5.96,5.97,5.98,1700,13000,800,11500,11800,13700,5300,300,1200,3000,100,1300,6600,11000,17800,10400,17200,12700,700,26500
289.0,5.9,127000,748004.0,5.86,5.85,5.84,5.82,5.81,5.8,5.78,5.77,5.75,5.72,5.88,5.9,5.91,5.92,5.93,5.94,5.95,5.96,5.97,5.98,1700,13000,800,11500,11800,13700,5300,300,1200,3000,100,1300,6600,11000,17800,10400,17200,12700,700,26500
290.0,5.9,127000,748004.0,5.86,5.85,5.84,5.82,5.81,5.8,5.78,5.77,5.75,5.72,5.88,5.9,5.91,5.92,5.93,5.94,5.95,5.96,5.97,5.98,1700,13000,800,11500,11800,13700,5300,300,1200,3000,100,1300,6600,11000,17800,10400,17200,12700,700,26500
291.0,5.9,127000,748004.0,5.86,5.85,5.84,5.82,5.81,5.8,5.78,5.77,5.75,5.72,5.88,5.9,5.91,5.92,5.93,5.94,5.95,5.96,5.97,5.98,1700,13000,800,11500,11800,13700,5300,300,1200,3000,100,1300,6600,11000,17800,10400,17200,12700,700,26500
292.0,5.9,127000,748004.0,5.86,5.85,5.84,5.82,5.81,5.8,5.78,5.77,5.75,5.72,5.88,5.9,5.91,5.92,5.93,5.94,5.95,5.96,5.97,5.98,1700,13000,800,11500,11800,13700,5300,300,1200,3000,100,1300,6600,11000,17800,10400,17200,12700,700,26500
293.0,5.9,127000,748004.0,5.86,5.85,5.84,5.82,5.81,5.8,5.78,5.77,5.75,5.72,5.88,5.9,5.91,5.92,5.93,5.94,5.95,5.96,5.97,5.98,1700,13000,800,11500,11800,13700,5300,300,1200,3000,100,1300,6600,11000,17800,10400,17200,12700,700,26500
294.0,5.9,127000,748004.0,5.86,5.85,5.84,5.82,5.81,5.8,5.78,5.77,5.75,5.72,5.88,5.9,5.91,5.92,5.93,5.94,5.95,5.96,5.97,5.98,1700,13000,800,11500,11800,13700,5300,300,1200,3000,100,1300,6600,11000,17800,10400,17200,12700,700,26500
295.0,5.9,127000,748004.0,5.86,5.85,5.84,5.82,5.81,5.8,5.78,5.77,5.75,5.72,5.88,5.9,5.91,5.92,5.93,5.94,5.95,5.96,5.97,5.98,1700,13000,800,11500,11800,13700,5300,300,1200,3000,100,1300,6600,11000,17800,10400,17200,12700,700,26500
296.0,5.9,127000,748004.0,5.86,5.85,5.84,5.82,5.81,5.8,5.78,5.77,5.75,5.72,5.88,5.9,5.91,5.92,5.93,5.94,5.95,5.96,5.97,5.98,1700,13000,800,11500,11800,13700,5300,300,1200,3000,100,1300,6600,11000,17800,10400,17200,12700,700,26500
297.0,5.9,127000,748004.0,5.86,5.85,5.84,5.82,5.81,5.8,5.78,5.77,5.75,5.72,5.88,5.9,5.91,5.92,5.93,5.94,5.95,5.96,5.97,5.98,1700,13000,800,11500,11800,13700,5300,300,1200,3000,100,1300,6600,11000,17800,10400,17200,12700,700,26500
298.0,5.9,127000,748004.0,5.86,5.85,5.84,5.82,5.81,5.8,5.78,5.77,5.75,5.72,5.88,5.9,5.91,5.92,5.93,5.94,5.95,5.96,5.97,5.98,1700,14000,800,11500,11800,13700,5300,300,1200,3000,100,1300,6600,11000,17800,10400,17200,12700,700,26500
299.0,5.9,127000,748004.0,5.86,5.85,5.84,5.82,5.81,5.8,5.78,5.77,5.75,5.72,5.88,5.9,5.91,5.92,5.93,5.94,5.95,5.96,5.97,5.98,1700,14000,800,11500,11800,13700,5300,300,1200,3000,100,1300,6600,11000,17800,10400,17200,12700,700,26500
300.0,5.9,127000,748004.0,5.86,5.85,5.84,5.82,5.81,5.8,5.78,5.77,5.75,5.72,5.88,5.9,5.91,5.92,5.93,5.94,5.95,5.96,5.97,5.98,1700,14000,800,11500,11800,13700,5300,300,1200,3000,100,1300,6600,11000,17800,10400,17200,12700,700,26500
301.0,5.9,127000,748004.0,5.86,5.85,5.84,5.82,5.81,5.8,5.78,5.77,5.75,5.72,5.88,5.9,5.91,5.92,5.93,5.94,5.95,5.96,5.97,5.98,1700,14000,800,11500,11800,13700,5300,300,1200,3000,100,1300,6600,11000,17800,10400,17200,12700,700,26500
302.0,5.88,127100,748592.0,5.86,5.85,5.84,5.82,5.81,5.8,5.78,5.77,5.75,5.72,5.9,5.91,5.92,5.93,5.94,5.95,5.96,5.97,5.98,5.99,1800,14000,800,11500,11800,13700,5300,300,1200,3000,1300,6600,11000,17800,10400,17200,12700,700,26500,18300
303.0,5.88,127100,748592.0,5.87,5.86,5.85,5.84,5.82,5.81,5.8,5.78,5.77,5.75,5.89,5.9,5.91,5.92,5.93,5.94,5.95,5.96,5.97,5.98,100,1800,14000,800,11500,11800,13700,5300,300,1200,1600,1300,6600,11000,17800,10400,17200,12700,700,26500
304.0,5.88,127100,748592.0,5.87,5.86,5.85,5.84,5.82,5.81,5.8,5.78,5.77,5.75,5.88,5.89,5.9,5.91,5.92,5.93,5.94,5.95,5.96,5.97,100,1800,14000,800,11500,11800,13700,5300,300,1200,1600,1600,1300,6600,11000,17800,10400,17200,12700,700
305.0,5.88,127300,749768.0,5.87,5.86,5.85,5.84,5.82,5.81,5.8,5.78,5.77,5.75,5.88,5.89,5.9,5.91,5.92,5.93,5.94,5.95,5.96,5.97,100,1800,14000,800,11500,11800,13700,5300,300,1200,1400,1600,1300,6600,11000,17800,10400,17200,12700,700
306.0,5.87,127400,750355.0,5.86,5.85,5.84,5.82,5.81,5.8,5.78,5.77,5.75,5.72,5.87,5.88,5.89,5.9,5.91,5.92,5.93,5.94,5.95,5.96,1800,14000,800,11500,11800,13700,5300,300,1200,3000,600,1500,1600,1300,6600,11000,17800,10400,17200,12700
307.0,5.87,127400,750355.0,5.86,5.85,5.84,5.82,5.81,5.8,5.78,5.77,5.75,5.72,5.87,5.88,5.89,5.9,5.91,5.92,5.93,5.94,5.95,5.96,2000,14000,800,11500,11800,13700,5300,300,1200,3000,600,1600,1600,1300,6600,11000,17800,10400,17200,12700
308.0,5.87,127700,752116.0,5.86,5.85,5.84,5.82,5.81,5.8,5.78,5.77,5.75,5.72,5.87,5.88,5.89,5.9,5.91,5.92,5.93,5.94,5.95,5.96,2000,14000,800,11500,11800,13700,5300,300,1200,3000,300,1600,1600,1300,6600,11000,17800,10400,17200,12700
309.0,5.87,127700,752116.0,5.86,5.85,5.84,5.82,5.81,5.8,5.78,5.77,5.75,5.72,5.87,5.88,5.89,5.9,5.91,5.92,5.93,5.94,5.95,5.96,2000,14000,800,11500,11800,13700,5300,300,1200,3000,300,1600,1600,1300,6600,11000,17800,10400,17200,12700
310.0,5.87,127700,752116.0,5.86,5.85,5.84,5.82,5.81,5.8,5.78,5.77,5.75,5.72,5.87,5.88,5.89,5.9,5.91,5.92,5.93,5.94,5.95,5.96,2000,14000,800,11500,11800,13700,5300,300,1200,3000,300,1600,1600,1300,6600,11000,17800,10400,17200,12700
311.0,5.87,127700,752116.0,5.86,5.85,5.84,5.82,5.81,5.8,5.78,5.77,5.75,5.72,5.87,5.88,5.89,5.9,5.91,5.92,5.93,5.94,5.95,5.96,2100,14000,800,11500,13400,13700,5300,300,1200,3000,300,1600,1600,1300,6600,11000,17800,10400,17200,12700
312.0,5.87,127700,752116.0,5.86,5.85,5.84,5.82,5.81,5.8,5.78,5.77,5.75,5.72,5.87,5.88,5.89,5.9,5.91,5.92,5.93,5.94,5.95,5.96,2100,14000,800,11500,13400,13700,5300,300,1200,3000,300,1600,1600,1300,6600,11000,17800,10400,17200,12700
313.0,5.87,127900,753290.0,5.86,5.85,5.84,5.82,5.81,5.8,5.78,5.77,5.75,5.72,5.87,5.88,5.89,5.9,5.91,5.92,5.93,5.94,5.95,5.96,2100,14000,800,11500,13400,13700,5300,300,1200,3000,100,1600,1600,1300,6600,11000,17800,10400,17200,12700
314.0,5.87,127900,753290.0,5.86,5.85,5.84,5.82,5.81,5.8,5.78,5.77,5.75,5.72,5.87,5.88,5.89,5.9,5.91,5.92,5.93,5.94,5.95,5.96,2100,14000,800,11500,13400,13700,5300,300,1200,3000,100,1600,1600,1300,6600,11000,17800,10400,17200,12700
315.0,5.87,127900,753290.0,5.86,5.85,5.84,5.82,5.81,5.8,5.78,5.77,5.75,5.72,5.87,5.88,5.89,5.9,5.91,5.92,5.93,5.94,5.95,5.96,2100,14000,800,11500,13400,13700,5300,300,1200,3000,100,1600,1600,1300,6600,11000,17800,10400,17200,12700
316.0,5.87,127900,753290.0,5.86,5.85,5.84,5.82,5.81,5.8,5.78,5.77,5.75,5.72,5.87,5.88,5.89,5.9,5.91,5.92,5.93,5.94,5.95,5.96,2100,14000,800,11500,13400,13700,5300,300,1200,3000,100,1600,1600,1300,6600,11000,17800,10400,17200,12700
317.0,5.87,127900,753290.0,5.86,5.85,5.84,5.82,5.81,5.8,5.78,5.77,5.75,5.72,5.87,5.88,5.89,5.9,5.91,5.92,5.93,5.94,5.95,5.96,2100,14000,800,11500,13400,13700,5300,300,1200,3000,100,1600,1600,1300,6600,11000,17800,10400,17200,12700
318.0,5.87,127900,753290.0,5.86,5.85,5.84,5.82,5.81,5.8,5.78,5.77,5.75,5.72,5.87,5.88,5.89,5.9,5.91,5.92,5.93,5.94,5.95,5.96,2100,14000,800,11500,13400,13700,5300,300,1200,3000,100,1600,1600,1300,6600,11000,17800,10400,17200,12700
319.0,5.87,127900,753290.0,5.86,5.85,5.84,5.82,5.81,5.8,5.78,5.77,5.75,5.72,5.87,5.88,5.89,5.9,5.91,5.92,5.93,5.94,5.95,5.96,2100,14000,800,11500,13400,13700,5300,300,1200,3000,100,1600,1600,1300,6600,11000,17800,10400,17200,12700
320.0,5.87,127900,753290.0,5.86,5.85,5.84,5.82,5.81,5.8,5.78,5.77,5.75,5.72,5.87,5.88,5.89,5.9,5.91,5.92,5.93,5.94,5.95,5.96,2100,14900,800,11500,13400,13700,5300,300,1200,3000,100,1600,1600,1300,6600,11000,17800,10400,17200,12700
321.0,5.87,127900,753290.0,5.86,5.85,5.84,5.82,5.81,5.8,5.78,5.77,5.75,5.72,5.87,5.88,5.89,5.9,5.91,5.92,5.93,5.94,5.95,5.96,2100,14900,800,11500,13400,13700,5300,300,1200,3000,100,1500,1600,1300,6600,11000,17800,10400,17200,12700
322.0,5.87,127900,753290.0,5.86,5.85,5.84,5.82,5.81,5.8,5.78,5.77,5.75,5.72,5.87,5.88,5.89,5.9,5.91,5.92,5.93,5.94,5.95,5.96,2100,14900,800,11500,13400,13700,5300,300,1200,3000,100,1500,1600,1300,6600,11000,17800,10400,17200,12700
323.0,5.87,127900,753290.0,5.86,5.85,5.84,5.82,5.81,5.8,5.78,5.77,5.75,5.72,5.87,5.88,5.89,5.9,5.91,5.92,5.93,5.94,5.95,5.96,2100,14900,800,11500,13400,13700,5300,300,1200,3000,100,1500,1600,1300,6600,11000,17800,10400,17200,12700
324.0,5.87,127900,753290.0,5.86,5.85,5.84,5.82,5.81,5.8,5.78,5.77,5.75,5.72,5.87,5.88,5.89,5.9,5.91,5.92,5.93,5.94,5.95,5.96,2100,14900,800,11500,13400,13700,5300,300,1200,3000,100,1500,1600,1300,6600,11000,17800,10400,17200,12700
325.0,5.87,127900,753290.0,5.86,5.85,5.84,5.82,5.81,5.8,5.78,5.77,5.75,5.72,5.87,5.88,5.89,5.9,5.91,5.92,5.93,5.94,5.95,5.96,2100,14900,800,11500,13400,13700,5300,300,1200,3000,100,1500,1600,1300,6600,11000,17800,10400,17200,12700
326.0,5.87,127900,753290.0,5.86,5.85,5.84,5.82,5.81,5.8,5.78,5.77,5.75,5.72,5.87,5.88,5.89,5.9,5.91,5.92,5.93,5.94,5.95,5.96,2100,14900,800,11500,13400,13700,5300,300,1200,3000,100,1500,1600,1300,6600,11000,17800,10400,17200,12700
327.0,5.87,127900,753290.0,5.86,5.85,5.84,5.82,5.81,5.8,5.78,5.77,5.75,5.72,5.87,5.88,5.89,5.9,5.91,5.92,5.93,5.94,5.95,5.96,2100,14900,800,11500,13400,13700,5300,300,1200,3000,100,1500,1600,1300,6600,11000,17800,10400,17200,12700
328.0,5.87,127900,753290.0,5.86,5.85,5.84,5.82,5.81,5.8,5.78,5.77,5.75,5.72,5.87,5.88,5.89,5.9,5.91,5.92,5.93,5.94,5.95,5.96,2100,14900,800,11500,13400,13700,5300,300,1200,3000,100,1500,1600,1300,6600,11000,17800,10400,17200,12700
329.0,5.87,127900,753290.0,5.86,5.85,5.84,5.82,5.81,5.8,5.78,5.77,5.75,5.72,5.87,5.88,5.89,5.9,5.91,5.92,5.93,5.94,5.95,5.96,2100,14900,800,11500,13400,13700,5300,300,1200,3000,100,1500,1600,1300,6600,11000,17800,10400,17200,12700
330.0,5.87,127900,753290.0,5.86,5.85,5.84,5.82,5.81,5.8,5.78,5.77,5.75,5.72,5.87,5.88,5.89,5.9,5.91,5.92,5.93,5.94,5.95,5.96,2100,14900,800,11500,13400,13700,5300,300,1200,3000,100,1500,1600,1300,6600,11000,17800,10400,17200,12700
331.0,5.87,127900,753290.0,5.86,5.85,5.84,5.82,5.81,5.8,5.78,5.77,5.75,5.72,5.87,5.88,5.89,5.9,5.91,5.92,5.93,5.94,5.95,5.96,2100,14900,800,11500,13400,13700,5300,300,1200,3000,100,1500,1600,1300,6600,11000,17800,10400,17200,12700
332.0,5.87,127900,753290.0,5.86,5.85,5.84,5.82,5.81,5.8,5.78,5.77,5.75,5.72,5.87,5.88,5.89,5.9,5.91,5.92,5.93,5.94,5.95,5.96,2100,14900,800,11500,13400,13700,5300,300,1200,3000,100,1500,1600,1300,6600,11000,17800,10400,17200,12700
333.0,5.87,127900,753290.0,5.86,5.85,5.84,5.82,5.81,5.8,5.78,5.77,5.75,5.72,5.87,5.88,5.89,5.9,5.91,5.92,5.93,5.94,5.95,5.96,2100,14900,800,11500,13400,13700,5300,300,1200,3000,100,1500,1600,1300,6600,11000,17800,10400,17200,12700
334.0,5.87,127900,753290.0,5.86,5.85,5.84,5.82,5.81,5.8,5.78,5.77,5.75,5.72,5.87,5.88,5.89,5.9,5.91,5.92,5.93,5.94,5.95,5.96,2100,14900,800,11500,13400,13700,5300,300,1200,3000,100,1500,1600,1300,6600,11000,17800,10400,17200,12700
335.0,5.87,127900,753290.0,5.86,5.85,5.84,5.82,5.81,5.8,5.78,5.77,5.75,5.72,5.87,5.88,5.89,5.9,5.91,5.92,5.93,5.94,5.95,5.96,2100,14900,800,11500,13400,13700,5300,300,1200,3000,100,1500,1600,1300,6600,11000,17800,10400,17200,12700
336.0,5.87,127900,753290.0,5.86,5.85,5.84,5.82,5.81,5.8,5.78,5.77,5.75,5.72,5.87,5.88,5.89,5.9,5.91,5.92,5.93,5.94,5.95,5.96,2100,14900,800,11500,13400,13700,5300,300,1200,3000,100,1500,1600,1300,6600,11000,17800,10400,17200,12700
337.0,5.87,127900,753290.0,5.86,5.85,5.84,5.82,5.81,5.8,5.78,5.77,5.75,5.72,5.87,5.88,5.89,5.9,5.91,5.92,5.93,5.94,5.95,5.96,2100,14900,800,11500,13400,13700,5300,300,1200,3000,100,1500,1600,1300,6600,11000,17800,10400,17200,12700
338.0,5.87,127900,753290.0,5.86,5.85,5.84,5.82,5.81,5.8,5.78,5.77,5.75,5.72,5.87,5.88,5.89,5.9,5.91,5.92,5.93,5.94,5.95,5.96,2100,14900,800,11500,13400,13700,5300,300,1200,3000,100,1500,1600,1300,6600,11000,17800,10400,17200,12700
339.0,5.87,127900,753290.0,5.86,5.85,5.84,5.82,5.81,5.8,5.78,5.77,5.75,5.72,5.87,5.88,5.89,5.9,5.91,5.92,5.93,5.94,5.95,5.96,2100,14900,800,11500,13400,13700,5300,300,1200,3000,100,1500,1600,1300,6600,11000,17800,10400,17200,12700
340.0,5.87,127900,753290.0,5.86,5.85,5.84,5.82,5.81,5.8,5.78,5.77,5.75,5.72,5.87,5.88,5.89,5.9,5.91,5.92,5.93,5.94,5.95,5.96,2100,14900,800,11500,13400,13700,5300,300,1200,3000,100,1500,1600,1300,6600,11000,17800,10400,17200,12700
341.0,5.87,127900,753290.0,5.86,5.85,5.84,5.82,5.81,5.8,5.78,5.77,5.75,5.72,5.87,5.88,5.89,5.9,5.91,5.92,5.93,5.94,5.95,5.96,1900,14900,1800,11500,13400,13700,5300,300,1200,3000,200,1500,1600,1300,6600,11000,17800,10400,17200,12700
342.0,5.87,127900,753290.0,5.86,5.85,5.84,5.82,5.81,5.8,5.78,5.77,5.75,5.72,5.87,5.88,5.89,5.9,5.91,5.92,5.93,5.94,5.95,5.96,1900,14900,1800,11500,13400,13700,5300,300,1200,3000,200,1500,1600,1300,6600,11000,17800,10400,17200,12700
343.0,5.87,127900,753290.0,5.86,5.85,5.84,5.82,5.81,5.8,5.78,5.77,5.75,5.72,5.87,5.88,5.89,5.9,5.91,5.92,5.93,5.94,5.95,5.96,1900,14900,1800,11500,13400,13700,5300,300,1200,3000,200,1500,1600,1300,6600,11000,17800,10400,17200,12700
344.0,5.87,127900,753290.0,5.86,5.85,5.84,5.82,5.81,5.8,5.78,5.77,5.75,5.72,5.87,5.88,5.89,5.9,5.91,5.92,5.93,5.94,5.95,5.96,1500,14900,1800,11500,13400,13700,5300,300,1200,3000,200,1500,1600,1300,6600,11000,17800,10400,17200,12700
345.0,5.87,127900,753290.0,5.86,5.85,5.84,5.82,5.81,5.8,5.78,5.77,5.75,5.72,5.87,5.88,5.89,5.9,5.91,5.92,5.93,5.94,5.95,5.96,1500,14900,1800,11500,13400,13700,5300,300,1200,3000,200,1500,1600,1300,6600,11000,17800,10400,17200,12700
346.0,5.87,127900,753290.0,5.86,5.85,5.84,5.82,5.81,5.8,5.78,5.77,5.75,5.72,5.87,5.88,5.89,5.9,5.91,5.92,5.93,5.94,5.95,5.96,1500,14900,2100,11500,13400,13700,5300,300,1200,3000,200,1500,1600,1300,6600,11000,17800,10400,17200,12700
347.0,5.87,127900,753290.0,5.86,5.85,5.84,5.82,5.81,5.8,5.78,5.77,5.75,5.72,5.87,5.88,5.89,5.9,5.91,5.92,5.93,5.94,5.95,5.96,1500,14900,2100,11500,13400,13700,5300,300,1200,3000,200,1500,1600,1300,6600,11000,17800,10400,17200,12700
348.0,5.87,127900,753290.0,5.86,5.85,5.84,5.82,5.81,5.8,5.78,5.77,5.75,5.72,5.87,5.88,5.89,5.9,5.91,5.92,5.93,5.94,5.95,5.96,1500,14900,2100,11500,13400,13700,5300,300,1200,3000,200,1500,1600,1300,6600,11000,17800,10400,17200,12700
349.0,5.87,127900,753290.0,5.86,5.85,5.84,5.82,5.81,5.8,5.78,5.77,5.75,5.72,5.87,5.88,5.89,5.9,5.91,5.92,5.93,5.94,5.95,5.96,1500,14900,2100,11500,13400,13700,5300,300,1200,3000,200,1500,1600,1300,6600,11000,17800,10400,17200,12700
350.0,5.87,127900,753290.0,5.86,5.85,5.84,5.82,5.81,5.8,5.78,5.77,5.75,5.72,5.87,5.88,5.89,5.9,5.91,5.92,5.93,5.94,5.95,5.96,1500,14900,2100,11500,13400,13700,5300,300,1200,3000,200,1500,1600,1300,6600,11000,17800,10400,17200,12700
351.0,5.87,127900,753290.0,5.86,5.85,5.84,5.82,5.81,5.8,5.78,5.77,5.75,5.72,5.87,5.88,5.89,5.9,5.91,5.92,5.93,5.94,5.95,5.96,1500,14900,2100,11500,13400,13700,5300,300,1200,3000,200,1500,1600,1300,6600,11000,17800,10400,17200,12700
352.0,5.87,127900,753290.0,5.86,5.85,5.84,5.82,5.81,5.8,5.78,5.77,5.75,5.72,5.87,5.88,5.89,5.9,5.91,5.92,5.93,5.94,5.95,5.96,1500,14900,2100,11500,13400,13700,5300,300,1200,3000,200,1500,1600,1300,6600,11000,17800,10400,17200,12700
353.0,5.87,127900,753290.0,5.86,5.85,5.84,5.82,5.81,5.8,5.78,5.77,5.75,5.72,5.87,5.88,5.89,5.9,5.91,5.92,5.93,5.94,5.95,5.96,1500,14900,2100,11500,13400,13700,5300,300,1200,3000,200,1500,1600,1300,6600,11000,17800,10400,17200,12700
354.0,5.87,127900,753290.0,5.86,5.85,5.84,5.82,5.81,5.8,5.78,5.77,5.75,5.72,5.87,5.88,5.89,5.9,5.91,5.92,5.93,5.94,5.95,5.96,1500,14900,2100,11500,13400,13700,5300,300,1200,3000,200,1500,1600,1300,6600,11000,17800,10400,17200,12700
355.0,5.87,127900,753290.0,5.86,5.85,5.84,5.82,5.81,5.8,5.78,5.77,5.75,5.72,5.87,5.88,5.89,5.9,5.91,5.92,5.93,5.94,5.95,5.96,1500,14900,2100,11500,13400,13700,5300,300,1200,3000,200,1500,1600,1300,6600,11000,17800,10400,17200,12700
356.0,5.87,127900,753290.0,5.86,5.85,5.84,5.82,5.81,5.8,5.78,5.77,5.75,5.72,5.87,5.88,5.89,5.9,5.91,5.92,5.93,5.94,5.95,5.96,1500,14900,2100,11500,13400,13700,5300,300,1200,3000,200,1500,1600,1300,6600,11000,17800,10400,17200,12700
357.0,5.87,127900,753290.0,5.86,5.85,5.84,5.82,5.81,5.8,5.78,5.77,5.75,5.72,5.87,5.88,5.89,5.9,5.91,5.92,5.93,5.94,5.95,5.96,1500,14900,2100,11500,13400,13700,5300,300,1200,3000,200,1500,1600,1300,6600,11000,17800,10400,17200,12700
358.0,5.87,127900,753290.0,5.86,5.85,5.84,5.82,5.81,5.8,5.78,5.77,5.75,5.72,5.87,5.88,5.89,5.9,5.91,5.92,5.93,5.94,5.95,5.96,1500,14900,2100,11500,13400,13700,5300,300,1200,3000,200,1500,1600,1300,6600,11000,17800,10400,17200,12700
359.0,5.87,127900,753290.0,5.86,5.85,5.84,5.82,5.81,5.8,5.78,5.77,5.75,5.72,5.87,5.88,5.89,5.9,5.91,5.92,5.93,5.94,5.95,5.96,1500,14900,2100,11500,13400,13700,5300,300,1200,3000,200,1500,1600,1300,6600,11000,17800,10400,17200,12700
360.0,5.87,127900,753290.0,5.86,5.85,5.84,5.82,5.81,5.8,5.78,5.77,5.75,5.72,5.87,5.88,5.89,5.9,5.91,5.92,5.93,5.94,5.95,5.96,1500,14900,2100,11500,13400,13700,5300,300,1200,3000,200,1500,1600,1300,6600,11000,17800,10400,17200,12700
361.0,5.87,127900,753290.0,5.86,5.85,5.84,5.82,5.81,5.8,5.78,5.77,5.75,5.72,5.87,5.88,5.89,5.9,5.91,5.92,5.93,5.94,5.95,5.96,1500,14900,2100,11500,13400,13700,5300,300,1200,3000,200,1500,1600,1300,6600,11000,17800,10400,17200,12700
362.0,5.87,127900,753290.0,5.86,5.85,5.84,5.82,5.81,5.8,5.78,5.77,5.75,5.72,5.87,5.88,5.89,5.9,5.91,5.92,5.93,5.94,5.95,5.96,1500,14900,2100,11500,13400,13700,5300,300,1200,3000,200,1500,1600,1300,6600,11000,17800,10400,17200,12700
363.0,5.87,127900,753290.0,5.86,5.85,5.84,5.82,5.81,5.8,5.78,5.77,5.75,5.72,5.87,5.88,5.89,5.9,5.91,5.92,5.93,5.94,5.95,5.96,1500,14900,2100,11500,13400,13700,5300,300,1200,3000,200,1600,1600,1300,6600,11000,17800,10400,17200,12700
364.0,5.87,127900,753290.0,5.86,5.85,5.84,5.82,5.81,5.8,5.78,5.77,5.75,5.72,5.87,5.88,5.89,5.9,5.91,5.92,5.93,5.94,5.95,5.96,1500,14900,2100,11500,13400,13700,5300,300,1200,3000,200,1600,1600,1300,6600,11000,17800,10400,17200,12700
365.0,5.87,127900,753290.0,5.86,5.85,5.84,5.82,5.81,5.8,5.78,5.77,5.75,5.72,5.87,5.88,5.89,5.9,5.91,5.92,5.93,5.94,5.95,5.96,1400,14900,2100,11500,13400,13700,5300,300,1200,3000,200,1600,1600,1300,6600,11000,17800,10400,17200,12700
366.0,5.87,127900,753290.0,5.86,5.85,5.84,5.82,5.81,5.8,5.78,5.77,5.75,5.72,5.87,5.88,5.89,5.9,5.91,5.92,5.93,5.94,5.95,5.96,1400,14900,2100,11500,13400,13700,5300,300,1200,3000,200,1600,1600,1300,6600,11000,17800,10400,17200,12700
367.0,5.87,127900,753290.0,5.86,5.85,5.84,5.82,5.81,5.8,5.78,5.77,5.75,5.72,5.87,5.88,5.89,5.9,5.91,5.92,5.93,5.94,5.95,5.96,1400,14900,2100,11500,13400,13700,5300,300,1200,3000,200,1600,1600,1300,6600,11000,17800,10400,17200,12700
368.0,5.87,127900,753290.0,5.86,5.85,5.84,5.82,5.81,5.8,5.78,5.77,5.75,5.72,5.87,5.88,5.89,5.9,5.91,5.92,5.93,5.94,5.95,5.96,1500,14900,2100,11500,13400,13700,5300,300,1200,3000,200,1600,1600,1300,6600,11000,17800,10400,17200,12700
369.0,5.87,127900,753290.0,5.86,5.85,5.84,5.82,5.81,5.8,5.78,5.77,5.75,5.72,5.87,5.88,5.89,5.9,5.91,5.92,5.93,5.94,5.95,5.96,1500,14900,2100,11500,13400,13700,5300,300,1200,3000,200,1600,1600,1300,6600,11000,17800,10400,17200,12700
370.0,5.87,127900,753290.0,5.86,5.85,5.84,5.82,5.81,5.8,5.78,5.77,5.75,5.72,5.87,5.88,5.89,5.9,5.91,5.92,5.93,5.94,5.95,5.96,1500,14900,2100,11500,13400,13700,5300,300,1200,3000,200,1600,1600,1300,6600,11000,17800,10400,17200,12700
371.0,5.87,127900,753290.0,5.86,5.85,5.84,5.82,5.81,5.8,5.78,5.77,5.75,5.72,5.87,5.88,5.89,5.9,5.91,5.92,5.93,5.94,5.95,5.96,1500,14900,2100,11500,13400,13700,5300,300,1200,3000,200,1600,1600,1300,6600,11000,17800,10400,17200,12700
372.0,5.87,127900,753290.0,5.86,5.85,5.84,5.82,5.81,5.8,5.78,5.77,5.75,5.72,5.87,5.88,5.89,5.9,5.91,5.92,5.93,5.94,5.95,5.96,1500,14900,2100,11500,13400,13700,5300,300,1200,3000,200,1600,1600,1300,6600,11000,17800,10400,17200,12700
373.0,5.86,128300,755634.0,5.86,5.85,5.84,5.83,5.82,5.81,5.8,5.78,5.77,5.75,5.87,5.88,5.89,5.9,5.91,5.92,5.93,5.94,5.95,5.96,1100,14900,2100,400,11500,13400,13700,5300,300,1200,200,1600,1600,1300,6600,11000,17800,10400,17200,12700
374.0,5.85,129600,763250.0,5.85,5.84,5.83,5.82,5.81,5.8,5.78,5.77,5.75,5.72,5.87,5.88,5.89,5.9,5.91,5.92,5.93,5.94,5.95,5.96,14700,2100,400,11500,13400,13700,5300,300,1200,3000,200,1600,1600,1300,6600,11000,17800,10400,17200,12700
375.0,5.85,129600,763250.0,5.85,5.84,5.83,5.82,5.81,5.8,5.78,5.77,5.75,5.72,5.87,5.88,5.89,5.9,5.91,5.92,5.93,5.94,5.95,5.96,14700,2100,400,11500,13400,13700,5300,300,1200,3000,200,1600,1600,1300,6600,11000,17800,10400,17200,12700
376.0,5.85,129600,763250.0,5.85,5.84,5.83,5.82,5.81,5.8,5.78,5.77,5.75,5.72,5.87,5.88,5.89,5.9,5.91,5.92,5.93,5.94,5.95,5.96,14700,2100,400,11500,13400,13700,5300,300,1200,3000,200,1600,1600,1300,6600,11000,17800,10400,17200,12700
377.0,5.85,129600,763250.0,5.85,5.84,5.83,5.82,5.81,5.8,5.78,5.77,5.75,5.72,5.87,5.88,5.89,5.9,5.91,5.92,5.93,5.94,5.95,5.96,14700,2100,400,11500,13400,13700,5300,300,1200,3000,200,1600,1600,1300,6600,11000,17800,10400,17200,12700
378.0,5.85,129600,763250.0,5.85,5.84,5.83,5.82,5.81,5.8,5.78,5.77,5.75,5.72,5.87,5.88,5.89,5.9,5.91,5.92,5.93,5.94,5.95,5.96,14700,2100,400,11500,13400,13700,5300,300,1200,3000,200,1600,1600,1300,6600,11000,17800,10400,17200,12700
379.0,5.85,129600,763250.0,5.85,5.84,5.83,5.82,5.81,5.8,5.78,5.77,5.75,5.72,5.87,5.88,5.89,5.9,5.91,5.92,5.93,5.94,5.95,5.96,14700,2100,400,11500,13400,13700,5300,300,1200,3000,200,1600,1600,1300,6600,11000,17800,10400,17200,12700
380.0,5.85,129600,763250.0,5.85,5.84,5.83,5.82,5.81,5.8,5.78,5.77,5.75,5.72,5.87,5.88,5.89,5.9,5.91,5.92,5.93,5.94,5.95,5.96,14700,2100,400,11500,13400,13700,5300,300,1200,3000,200,1600,1600,1300,6600,11000,17800,10400,17200,12700
381.0,5.85,129600,763250.0,5.86,5.85,5.84,5.83,5.82,5.81,5.8,5.78,5.77,5.75,5.87,5.88,5.89,5.9,5.91,5.92,5.93,5.94,5.95,5.96,1000,14700,2100,400,11500,13400,13700,5300,300,1200,200,1600,1600,1300,6600,11000,17800,10400,17200,12700
382.0,5.85,129600,763250.0,5.86,5.85,5.84,5.83,5.82,5.81,5.8,5.78,5.77,5.75,5.87,5.88,5.89,5.9,5.91,5.92,5.93,5.94,5.95,5.96,1000,14700,2100,400,11500,13400,13700,5300,300,1200,200,1600,1600,1300,6600,11000,17800,10400,17200,12700
383.0,5.85,129600,763250.0,5.86,5.85,5.84,5.83,5.82,5.81,5.8,5.78,5.77,5.75,5.87,5.88,5.89,5.9,5.91,5.92,5.93,5.94,5.95,5.96,1000,14700,2100,400,11500,13400,13700,5300,300,1200,200,1600,1600,1300,6600,11000,17800,10400,17200,12700
384.0,5.85,129600,763250.0,5.86,5.85,5.84,5.83,5.82,5.81,5.8,5.78,5.77,5.75,5.87,5.88,5.89,5.9,5.91,5.92,5.93,5.94,5.95,5.96,1000,14700,2100,400,11500,13400,13700,5300,300,1200,200,1600,1600,1300,6600,11000,17800,10400,17200,12700
385.0,5.85,129600,763250.0,5.86,5.85,5.84,5.83,5.82,5.81,5.8,5.78,5.77,5.75,5.87,5.88,5.89,5.9,5.91,5.92,5.93,5.94,5.95,5.96,1000,14700,2100,400,11500,13400,13700,5300,300,1200,200,1600,1600,1300,6600,11000,17800,10400,17200,12700
386.0,5.85,129600,763250.0,5.86,5.85,5.84,5.83,5.82,5.81,5.8,5.78,5.77,5.75,5.87,5.88,5.89,5.9,5.91,5.92,5.93,5.94,5.95,5.96,1000,14700,2100,400,11500,13400,13700,5300,300,1200,200,1600,1600,1300,6600,11000,17800,10400,17200,12700
387.0,5.85,129600,763250.0,5.86,5.85,5.84,5.83,5.82,5.81,5.8,5.78,5.77,5.75,5.87,5.88,5.89,5.9,5.91,5.92,5.93,5.94,5.95,5.96,1000,14700,2100,400,11500,13400,13700,5300,300,1200,200,1600,1600,1300,6600,11000,17800,10400,17200,12700
388.0,5.85,129600,763250.0,5.86,5.85,5.84,5.83,5.82,5.81,5.8,5.78,5.77,5.75,5.87,5.88,5.89,5.9,5.91,5.92,5.93,5.94,5.95,5.96,1000,14700,2100,400,11500,13400,13700,5300,300,1200,200,1600,1600,1300,6600,11000,17800,10400,17200,12700
389.0,5.85,129600,763250.0,5.86,5.85,5.84,5.83,5.82,5.81,5.8,5.78,5.77,5.75,5.87,5.88,5.89,5.9,5.91,5.92,5.93,5.94,5.95,5.96,1000,14700,2100,400,11500,13400,13700,5300,300,1200,200,1600,1600,1300,6600,11000,17800,10400,17200,12700
390.0,5.85,129600,763250.0,5.86,5.85,5.84,5.83,5.82,5.81,5.8,5.78,5.77,5.75,5.87,5.88,5.89,5.9,5.91,5.92,5.93,5.94,5.95,5.96,1000,14700,2100,400,11500,13400,13700,5300,300,1200,200,1600,1600,1300,6600,11000,17800,10400,17200,12700
391.0,5.85,129600,763250.0,5.86,5.85,5.84,5.83,5.82,5.81,5.8,5.78,5.77,5.75,5.87,5.88,5.89,5.9,5.91,5.92,5.93,5.94,5.95,5.96,1000,14700,2100,400,11500,13400,13700,5300,300,1200,200,1600,1600,1300,6600,11000,17800,10400,17200,12700
392.0,5.85,129600,763250.0,5.86,5.85,5.84,5.83,5.82,5.81,5.8,5.78,5.77,5.75,5.87,5.88,5.89,5.9,5.91,5.92,5.93,5.94,5.95,5.96,1000,14700,2100,400,11500,13400,13700,5300,300,1200,200,1600,1600,1300,6600,11000,17800,10400,17200,12700
393.0,5.85,129600,763250.0,5.86,5.85,5.84,5.83,5.82,5.81,5.8,5.78,5.77,5.75,5.87,5.88,5.89,5.9,5.91,5.92,5.93,5.94,5.95,5.96,1000,14700,2100,400,11500,13400,13700,5300,300,1200,200,1600,1600,1300,6600,11000,17800,10400,17200,12700
394.0,5.86,129900,765008.0,5.86,5.85,5.84,5.83,5.82,5.81,5.8,5.78,5.77,5.75,5.87,5.88,5.89,5.9,5.91,5.92,5.93,5.94,5.95,5.96,700,14700,2100,400,11500,13400,13700,5300,300,1200,3200,1600,1600,1300,6600,11000,17800,10400,17200,12700
395.0,5.87,130200,766769.0,5.86,5.85,5.84,5.83,5.82,5.81,5.8,5.78,5.77,5.75,5.87,5.88,5.89,5.9,5.91,5.92,5.93,5.94,5.95,5.96,700,14700,2100,400,11500,13400,13700,5300,300,1200,2900,1600,1600,1300,6600,11000,17800,10400,17200,12700
396.0,5.87,130200,766769.0,5.86,5.85,5.84,5.83,5.82,5.81,5.8,5.78,5.77,5.75,5.87,5.88,5.89,5.9,5.91,5.92,5.93,5.94,5.95,5.96,700,14700,2100,400,11500,13400,13700,5300,300,1200,2900,1600,1600,1300,6600,11000,17800,10400,17200,12700
397.0,5.87,130200,766769.0,5.86,5.85,5.84,5.83,5.82,5.81,5.8,5.78,5.77,5.75,5.87,5.88,5.89,5.9,5.91,5.92,5.93,5.94,5.95,5.96,700,14700,2100,400,11500,13400,13700,5300,300,1200,2900,1600,1600,1300,6600,11000,17800,10400,17200,12700
398.0,5.87,130400,767943.0,5.86,5.85,5.84,5.83,5.82,5.81,5.8,5.78,5.77,5.75,5.87,5.88,5.89,5.9,5.91,5.92,5.93,5.94,5.95,5.96,700,14700,2100,400,11500,13400,13700,5300,300,1200,2700,1600,1600,1300,6600,11000,17800,10400,17200,12700
399.0,5.87,130400,767943.0,5.86,5.85,5.84,5.83,5.82,5.81,5.8,5.78,5.77,5.75,5.87,5.88,5.89,5.9,5.91,5.92,5.93,5.94,5.95,5.96,700,14700,2100,400,11500,13400,13700,5300,300,1200,2700,1600,1600,1300,6600,11000,17800,10400,17200,12700
400.0,5.87,130400,767943.0,5.86,5.85,5.84,5.83,5.82,5.81,5.8,5.78,5.77,5.75,5.87,5.88,5.89,5.9,5.91,5.92,5.93,5.94,5.95,5.96,700,14700,2100,400,11500,13400,13700,5300,300,1200,2700,1600,1600,1300,6600,11000,17800,10400,17200,12700
401.0,5.87,131100,772052.0,5.86,5.85,5.84,5.83,5.82,5.81,5.8,5.78,5.77,5.75,5.87,5.88,5.89,5.9,5.91,5.92,5.93,5.94,5.95,5.96,700,14700,2100,400,11500,13400,13700,5300,300,1200,2000,1600,1600,1300,6600,11000,17800,10400,17200,12700
402.0,5.87,131300,773226.0,5.86,5.85,5.84,5.83,5.82,5.81,5.8,5.78,5.77,5.75,5.87,5.88,5.89,5.9,5.91,5.92,5.93,5.94,5.95,5.96,700,14700,2100,400,11500,13400,13700,5300,300,1200,1800,1600,1600,1300,6600,11000,17800,10400,17200,12700
403.0,5.87,131300,773226.0,5.86,5.85,5.84,5.83,5.82,5.81,5.8,5.78,5.77,5.75,5.87,5.88,5.89,5.9,5.91,5.92,5.93,5.94,5.95,5.96,700,15700,2100,400,11500,13400,13700,5300,300,1200,1800,1600,1600,1300,6600,11000,17800,10400,17200,12700
404.0,5.87,131300,773226.0,5.86,5.85,5.84,5.83,5.82,5.81,5.8,5.78,5.77,5.75,5.87,5.88,5.89,5.9,5.91,5.92,5.93,5.94,5.95,5.96,700,15700,2100,400,11500,13400,13700,5300,300,1200,1800,1600,1600,1300,6600,11000,17800,10400,17200,12700
405.0,5.87,131400,773813.0,5.86,5.85,5.84,5.83,5.82,5.81,5.8,5.78,5.77,5.75,5.87,5.88,5.89,5.9,5.91,5.92,5.93,5.94,5.95,5.96,700,15700,2100,400,11500,13400,13700,5300,300,1200,1700,1600,1600,1300,6600,11000,17800,10400,17200,12700
406.0,5.87,131400,773813.0,5.86,5.85,5.84,5.83,5.82,5.81,5.8,5.78,5.77,5.75,5.87,5.88,5.89,5.9,5.91,5.92,5.93,5.94,5.95,5.96,700,15700,2100,400,11500,13400,13700,5300,300,1200,1700,1600,1600,1300,6600,11000,17800,10400,17200,12700
407.0,5.87,131400,773813.0,5.86,5.85,5.84,5.83,5.82,5.81,5.8,5.78,5.77,5.75,5.87,5.88,5.89,5.9,5.91,5.92,5.93,5.94,5.95,5.96,700,15700,2100,400,11500,13400,13700,5300,300,1200,1700,1600,1600,1300,6600,11000,17800,10400,17200,12700
408.0,5.87,131500,774400.0,5.86,5.85,5.84,5.83,5.82,5.81,5.8,5.78,5.77,5.75,5.87,5.88,5.89,5.9,5.91,5.92,5.93,5.94,5.95,5.96,700,15700,2100,400,11500,13400,13700,5300,300,1200,1600,1600,1600,1300,6600,11000,17800,10400,17200,12700
409.0,5.87,131600,774987.0,5.86,5.85,5.84,5.83,5.82,5.81,5.8,5.78,5.77,5.75,5.87,5.88,5.89,5.9,5.91,5.92,5.93,5.94,5.95,5.96,700,15700,2100,400,11500,13400,14700,5300,300,1200,1500,1600,1600,1300,6600,11000,17800,10400,17200,12700
410.0,5.87,131600,774987.0,5.86,5.85,5.84,5.83,5.82,5.81,5.8,5.78,5.77,5.75,5.87,5.88,5.89,5.9,5.91,5.92,5.93,5.94,5.95,5.96,700,15700,2100,400,11500,13400,14700,5300,300,1200,1500,1600,1600,1300,6600,11000,17800,10400,17200,12700
411.0,5.87,131700,775574.0,5.86,5.85,5.84,5.83,5.82,5.81,5.8,5.78,5.77,5.75,5.87,5.88,5.89,5.9,5.91,5.92,5.93,5.94,5.95,5.96,700,15700,2100,400,11500,13400,14700,5300,300,1200,1400,1600,1600,1300,6600,11000,17800,10400,17200,12700
412.0,5.87,131700,775574.0,5.86,5.85,5.84,5.83,5.82,5.81,5.8,5.78,5.77,5.75,5.87,5.88,5.89,5.9,5.91,5.92,5.93,5.94,5.95,5.96,700,15700,2100,400,11500,13400,14700,5300,300,1200,1400,1600,1600,1300,6600,11000,17800,10400,17200,12700
413.0,5.85,132800,782020.0,5.85,5.84,5.83,5.82,5.81,5.8,5.78,5.77,5.75,5.72,5.86,5.87,5.88,5.89,5.9,5.91,5.92,5.93,5.94,5.95,15500,2100,400,11500,13400,14700,5300,300,1200,3000,100,1200,1600,1600,1300,6600,11000,17800,10400,17200
414.0,5.85,132800,782020.0,5.85,5.84,5.83,5.82,5.81,5.8,5.78,5.77,5.75,5.72,5.86,5.87,5.88,5.89,5.9,5.91,5.92,5.93,5.94,5.95,15500,2100,400,11500,13400,14700,5300,300,1200,3000,100,1200,1600,1600,1300,6600,11000,17800,10400,17200
415.0,5.86,133300,784950.0,5.85,5.84,5.83,5.82,5.81,5.8,5.78,5.77,5.75,5.72,5.86,5.87,5.88,5.89,5.9,5.91,5.92,5.93,5.94,5.95,15500,2100,400,11500,13400,14700,5300,300,1200,3000,900,1200,1600,1600,1300,6600,11000,17800,10400,17200
416.0,5.86,133300,784950.0,5.85,5.84,5.83,5.82,5.81,5.8,5.78,5.77,5.75,5.72,5.86,5.87,5.88,5.89,5.9,5.91,5.92,5.93,5.94,5.95,15500,2100,400,11500,13400,14700,5300,300,1200,3000,900,1200,1600,1600,1300,6600,11000,17800,10400,17200
417.0,5.86,133300,784950.0,5.85,5.84,5.83,5.82,5.81,5.8,5.78,5.77,5.75,5.72,5.86,5.87,5.88,5.89,5.9,5.91,5.92,5.93,5.94,5.95,15500,2100,400,11500,13400,14700,5300,300,1200,3000,900,1200,1600,1600,1300,6600,11000,17800,10400,17200
418.0,5.86,133300,784950.0,5.85,5.84,5.83,5.82,5.81,5.8,5.78,5.77,5.75,5.72,5.86,5.87,5.88,5.89,5.9,5.91,5.92,5.93,5.94,5.95,15500,2100,400,11500,13400,14700,5300,300,1200,3000,900,1200,1600,1600,1300,6600,11000,17800,10400,17200
419.0,5.86,133300,784950.0,5.85,5.84,5.83,5.82,5.81,5.8,5.78,5.77,5.75,5.72,5.86,5.87,5.88,5.89,5.9,5.91,5.92,5.93,5.94,5.95,15600,2100,400,11500,13400,14700,5300,300,1200,3000,900,1200,1600,1600,1300,6600,11000,17800,10400,17200
420.0,5.86,133300,784950.0,5.85,5.84,5.83,5.82,5.81,5.8,5.78,5.77,5.75,5.72,5.86,5.87,5.88,5.89,5.9,5.91,5.92,5.93,5.94,5.95,15600,2100,400,11500,13400,14700,5300,300,1200,3000,900,1200,1600,1600,1300,6600,11000,17800,10400,17200
421.0,5.86,133300,784950.0,5.85,5.84,5.83,5.82,5.81,5.8,5.78,5.77,5.75,5.72,5.86,5.87,5.88,5.89,5.9,5.91,5.92,5.93,5.94,5.95,15600,2100,400,11500,13400,14700,5300,300,1200,3000,900,1200,1600,1600,1300,6600,11000,17800,10400,17200
422.0,5.86,133400,785536.0,5.85,5.84,5.83,5.82,5.81,5.8,5.78,5.77,5.75,5.72,5.86,5.87,5.88,5.89,5.9,5.91,5.92,5.93,5.94,5.95,15600,2100,400,11500,13400,14700,5300,300,1200,3000,800,1200,1600,1600,1300,6600,11000,17800,10400,17200
423.0,5.86,133400,785536.0,5.85,5.84,5.83,5.82,5.81,5.8,5.78,5.77,5.75,5.72,5.86,5.87,5.88,5.89,5.9,5.91,5.92,5.93,5.94,5.95,15600,2100,400,11500,13400,14700,5300,300,1200,3000,50800,1200,1600,1600,1300,6600,11000,17800,10400,17200
424.0,5.86,135100,795498.0,5.85,5.84,5.83,5.82,5.81,5.8,5.78,5.77,5.75,5.72,5.86,5.87,5.88,5.89,5.9,5.91,5.92,5.93,5.94,5.95,15600,2100,400,11500,13400,14700,5300,300,1200,3000,49100,1200,1600,1600,1300,6600,11000,17800,10400,17200
425.0,5.86,140200,825384.0,5.85,5.84,5.83,5.82,5.81,5.8,5.78,5.77,5.75,5.72,5.86,5.87,5.88,5.89,5.9,5.91,5.92,5.93,5.94,5.95,15600,2100,400,11500,13400,14700,5300,300,1200,3000,44000,1200,1600,1600,1300,6600,11000,17800,10400,17200
426.0,5.85,142100,836509.0,5.85,5.84,5.83,5.82,5.81,5.8,5.78,5.77,5.75,5.72,5.86,5.87,5.88,5.89,5.9,5.91,5.92,5.93,5.94,5.95,14700,2100,400,11500,13400,14700,5300,300,1200,3000,43000,1200,1600,1600,1300,6600,11000,17800,10400,17200
427.0,5.85,155500,914899.0,5.85,5.84,5.83,5.82,5.81,5.8,5.78,5.77,5.75,5.72,5.86,5.87,5.88,5.89,5.9,5.91,5.92,5.93,5.94,5.95,1300,2100,400,11500,13400,14700,5300,300,1200,3000,43000,1200,1600,1600,1300,6600,11000,17800,10400,17200
428.0,5.85,157600,927201.0,5.85,5.84,5.83,5.82,5.81,5.8,5.78,5.77,5.75,5.72,5.86,5.87,5.88,5.89,5.9,5.91,5.92,5.93,5.94,5.95,900,2100,400,11500,13400,14700,5300,300,1200,3000,41300,1200,1600,1600,1300,6600,11000,17800,10400,17200
429.0,5.85,157600,927201.0,5.85,5.84,5.83,5.82,5.81,5.8,5.78,5.77,5.75,5.72,5.86,5.87,5.88,5.89,5.9,5.91,5.92,5.93,5.94,5.95,900,2100,400,11500,13400,14700,5300,300,1200,3000,41300,1200,1600,1600,1300,6600,11000,17800,10400,17200
430.0,5.85,158300,931296.0,5.85,5.84,5.83,5.82,5.81,5.8,5.78,5.77,5.75,5.72,5.86,5.87,5.88,5.89,5.9,5.91,5.92,5.93,5.94,5.95,600,2100,400,11500,13400,14700,5300,300,1200,3000,41300,1200,1600,1600,1300,6600,11000,17800,10400,17200
431.0,5.86,160400,943602.0,5.85,5.84,5.83,5.82,5.81,5.8,5.79,5.78,5.77,5.75,5.86,5.87,5.88,5.89,5.9,5.91,5.92,5.93,5.94,5.95,600,2100,11900,11500,13400,14700,11500,5300,300,1200,39200,1200,1600,1600,1300,6600,11000,17800,10400,17200
432.0,5.86,162100,953564.0,5.85,5.84,5.83,5.82,5.81,5.8,5.79,5.78,5.77,5.75,5.86,5.87,5.88,5.89,5.9,5.91,5.92,5.93,5.94,5.95,600,2100,11900,11500,13400,14700,11500,5300,300,1200,37500,1200,1600,1600,1300,6600,11000,17800,10400,17200
433.0,5.86,162100,953564.0,5.85,5.84,5.83,5.82,5.81,5.8,5.79,5.78,5.77,5.75,5.86,5.87,5.88,5.89,5.9,5.91,5.92,5.93,5.94,5.95,600,2100,11900,11500,13400,14700,11500,5300,300,1200,37500,1200,1600,1600,1300,6600,11000,17800,10400,17200
434.0,5.86,163800,963526.0,5.85,5.84,5.83,5.82,5.81,5.8,5.79,5.78,5.77,5.75,5.86,5.87,5.88,5.89,5.9,5.91,5.92,5.93,5.94,5.95,1400,2100,11900,11500,13400,14700,11500,5300,300,1200,35800,1200,1600,1600,1300,6600,11000,17800,10400,17200
