LocalTime,LastPrice,TradeVolume,TradeValue,BidPrice1,BidPrice2,BidPrice3,BidPrice4,BidPrice5,BidPrice6,BidPrice7,BidPrice8,BidPrice9,BidPriceA,AskPrice1,AskPrice2,AskPrice3,AskPrice4,AskPrice5,AskPrice6,AskPrice7,AskPrice8,AskPrice9,AskPriceA,BidVolume1,BidVolume2,BidVolume3,BidVolume4,BidVolume5,BidVolume6,BidVolume7,BidVolume8,BidVolume9,BidVolumeA,AskVolume1,AskVolume2,AskVolume3,AskVolume4,AskVolume5,AskVolume6,AskVolume7,AskVolume8,AskVolume9,AskVolumeA
0.0,6.54,17400,113796.0,6.55,6.53,6.51,6.5,6.47,6.46,6.45,6.41,6.4,6.3,6.58,6.62,6.63,6.66,6.67,6.7,6.73,6.75,6.76,6.79,900,1900,35100,3200,2900,10500,2000,2000,7000,7500,12000,1000,10000,21500,1900,400,1000,500,5800,2500
1.0,6.54,17400,113796.0,6.55,6.54,6.53,6.52,6.51,6.5,6.48,6.47,6.46,6.45,6.57,6.58,6.6,6.62,6.63,6.65,6.66,6.67,6.7,6.73,5000,4100,6100,4100,35100,3200,1000,2900,10500,2000,5900,12800,1500,2000,10000,5000,21500,1900,400,1000
2.0,6.55,19400,126896.0,6.55,6.54,6.53,6.52,6.51,6.5,6.48,6.47,6.46,6.45,6.57,6.58,6.6,6.62,6.63,6.65,6.66,6.68,6.7,6.72,3000,4100,6100,4100,35100,3200,1000,2900,10500,2000,5900,12800,1500,2000,10000,5000,21500,20000,400,5000
3.0,6.55,19400,126896.0,6.55,6.54,6.53,6.52,6.51,6.5,6.48,6.47,6.46,6.45,6.57,6.58,6.6,6.62,6.63,6.65,6.66,6.68,6.7,6.72,3700,4100,6100,4100,35100,3200,26000,2900,10500,2000,5900,17800,6500,2000,10000,5000,21500,20000,400,5000
4.0,6.55,19400,126896.0,6.55,6.54,6.53,6.52,6.51,6.5,6.48,6.47,6.46,6.45,6.57,6.58,6.6,6.62,6.63,6.65,6.66,6.68,6.7,6.72,3000,4100,6100,7100,35100,6200,28000,2900,10500,2000,10700,17800,6500,2000,10000,5000,21500,22000,400,5000
5.0,6.55,19500,127551.0,6.55,6.54,6.53,6.52,6.51,6.5,6.48,6.47,6.46,6.45,6.57,6.58,6.6,6.62,6.63,6.64,6.65,6.66,6.68,6.7,2900,4100,6100,7100,35100,6200,28000,4900,10500,2000,21600,17800,6500,2000,10000,1900,6000,27300,22000,400
6.0,6.55,19500,127551.0,6.55,6.54,6.53,6.52,6.51,6.5,6.48,6.47,6.46,6.45,6.57,6.58,6.6,6.62,6.63,6.64,6.65,6.66,6.68,6.69,2900,4100,6100,7100,35100,6200,28000,4900,10500,2000,22600,17800,7500,2000,10000,1900,16000,30900,22000,10000
7.0,6.55,20800,136066.0,6.55,6.54,6.53,6.52,6.51,6.5,6.48,6.47,6.46,6.45,6.57,6.58,6.6,6.62,6.63,6.64,6.65,6.66,6.68,6.69,1600,4100,6100,7100,35100,6200,28000,4900,10500,2000,19600,17800,7500,2000,10000,1900,16000,30900,22000,10000
8.0,6.55,22400,146546.0,6.54,6.53,6.52,6.51,6.5,6.48,6.47,6.46,6.45,6.41,6.55,6.57,6.58,6.6,6.62,6.63,6.64,6.65,6.66,6.68,4100,6100,7100,35100,7200,28000,4900,10500,2000,2000,2000,17600,17800,7500,3000,10000,1900,16000,30900,22000
9.0,6.55,22400,146546.0,6.54,6.53,6.52,6.51,6.5,6.48,6.47,6.46,6.45,6.41,6.55,6.57,6.58,6.6,6.62,6.63,6.64,6.65,6.66,6.68,4100,6100,9300,35100,7200,28000,4900,10500,2000,2000,2100,16600,17800,7500,3000,10000,1900,66200,30900,22000
10.0,6.55,22400,146546.0,6.54,6.53,6.52,6.51,6.5,6.48,6.47,6.46,6.45,6.44,6.55,6.56,6.57,6.58,6.6,6.62,6.63,6.64,6.65,6.66,4100,6100,9300,35100,4200,28000,9900,12100,2000,1700,2100,8600,16600,17800,7500,3000,10000,1900,66200,50900
11.0,6.54,29300,191717.0,6.54,6.53,6.52,6.51,6.5,6.48,6.47,6.46,6.45,6.44,6.55,6.56,6.57,6.58,6.6,6.62,6.63,6.64,6.65,6.66,500,6100,9300,35100,4200,28000,9900,12100,2000,1700,800,8500,16600,17800,7500,3000,10000,1900,66200,55900
12.0,6.57,44600,292107.0,6.53,6.52,6.51,6.5,6.48,6.47,6.46,6.45,6.44,6.41,6.57,6.58,6.6,6.62,6.63,6.64,6.65,6.66,6.68,6.69,6100,9300,35100,4300,28000,9900,12100,2000,1700,2000,11700,17800,10400,3000,10000,1900,66200,55900,27000,10000
13.0,6.54,45600,298642.0,6.53,6.52,6.51,6.5,6.48,6.47,6.46,6.45,6.44,6.41,6.54,6.55,6.57,6.58,6.6,6.62,6.63,6.64,6.65,6.66,5600,9300,35100,4300,28000,9900,12100,2000,1700,2000,2500,100,11700,17800,10400,3000,10000,1900,67300,55900
14.0,6.54,48100,314992.0,6.54,6.53,6.52,6.51,6.5,6.48,6.47,6.46,6.45,6.44,6.55,6.57,6.58,6.6,6.62,6.63,6.64,6.65,6.66,6.68,1700,6200,9300,35100,4300,28000,9900,12100,2000,1700,100,11700,17800,10400,3000,10000,1900,67300,55900,27000
15.0,6.55,48300,316302.0,6.55,6.54,6.53,6.52,6.51,6.5,6.48,6.47,6.46,6.45,6.57,6.58,6.6,6.62,6.63,6.64,6.65,6.66,6.68,6.69,2000,8000,6800,9300,35100,4300,28000,9900,12100,2000,11700,17800,10400,3000,10000,1900,67300,55900,27000,10000
16.0,6.54,55900,366029.0,6.56,6.54,6.53,6.52,6.51,6.5,6.48,6.47,6.46,6.45,6.57,6.58,6.6,6.62,6.63,6.64,6.65,6.66,6.68,6.69,100,2900,6700,9300,35100,5300,28000,9900,12100,2000,11700,17800,10400,3000,10000,1900,67300,55900,27000,10000
17.0,6.56,56100,367341.0,6.54,6.53,6.52,6.51,6.5,6.48,6.47,6.46,6.45,6.44,6.56,6.57,6.58,6.6,6.62,6.63,6.64,6.65,6.66,6.68,4800,7000,9300,35100,5300,28000,9900,12100,2000,1700,100,14700,17800,10400,3000,10000,1900,67300,55900,27000
18.0,6.56,56100,367341.0,6.54,6.53,6.52,6.51,6.5,6.48,6.47,6.46,6.45,6.44,6.57,6.58,6.6,6.62,6.63,6.64,6.65,6.66,6.68,6.69,4700,7000,9300,35100,5300,28000,9900,12100,2000,1700,14700,17800,10400,3000,10000,1900,67300,55900,27000,10000
19.0,6.56,56100,367341.0,6.54,6.53,6.52,6.51,6.5,6.48,6.47,6.46,6.45,6.44,6.55,6.57,6.58,6.6,6.62,6.63,6.64,6.65,6.66,6.68,4600,7000,9300,35100,5300,28000,9900,12100,2000,1700,100,14700,17800,10400,3000,10000,1900,67300,55900,27000
20.0,6.55,56200,367996.0,6.55,6.54,6.53,6.52,6.51,6.5,6.48,6.47,6.46,6.45,6.57,6.58,6.6,6.62,6.63,6.64,6.65,6.66,6.68,6.69,1700,4600,7000,9300,35100,5300,28000,9900,12100,2000,14700,17800,10500,3000,10000,1900,67300,55900,27000,10000
21.0,6.57,57500,376537.0,6.55,6.54,6.53,6.52,6.51,6.5,6.48,6.47,6.46,6.45,6.57,6.58,6.6,6.62,6.63,6.64,6.65,6.66,6.68,6.69,1700,5300,7000,9300,35100,5300,28000,9900,12100,2000,13400,17800,10500,3000,10000,1900,67300,55900,27000,10000
22.0,6.57,57500,376537.0,6.55,6.54,6.53,6.52,6.51,6.5,6.48,6.47,6.46,6.45,6.57,6.58,6.6,6.62,6.63,6.64,6.65,6.66,6.68,6.69,1700,5300,7000,9300,35100,5300,28000,9900,12100,2000,13400,17800,10500,3000,10000,1900,67300,55900,27000,10000
23.0,6.57,57500,376537.0,6.56,6.55,6.54,6.53,6.52,6.51,6.5,6.48,6.47,6.46,6.57,6.58,6.6,6.62,6.63,6.64,6.65,6.66,6.68,6.69,800,1700,5300,7000,9300,35100,5300,28000,9900,12100,13400,17800,10500,3000,10000,1900,67300,55900,27000,10000
24.0,6.56,57600,377193.0,6.56,6.55,6.54,6.53,6.52,6.51,6.5,6.48,6.47,6.46,6.57,6.58,6.6,6.62,6.63,6.64,6.65,6.66,6.68,6.69,700,1700,5300,7000,9300,35100,5300,28000,9900,12100,13400,17800,10500,3000,10000,1900,67300,55900,27000,10000
25.0,6.56,57600,377193.0,6.56,6.55,6.54,6.53,6.52,6.51,6.5,6.48,6.47,6.46,6.57,6.58,6.6,6.62,6.63,6.64,6.65,6.66,6.68,6.69,700,1700,5300,7000,9300,35100,5300,28000,9900,12100,13400,17800,10500,3000,10000,1900,67300,55900,27000,10000
26.0,6.56,57600,377193.0,6.56,6.55,6.54,6.53,6.52,6.51,6.5,6.48,6.47,6.46,6.57,6.58,6.6,6.62,6.63,6.64,6.65,6.66,6.68,6.69,700,1700,5300,7000,9300,35100,5300,28000,9900,12100,13900,17800,10500,3000,10000,1900,67300,55900,27000,10000
27.0,6.56,58800,385071.0,6.56,6.55,6.54,6.53,6.52,6.51,6.5,6.48,6.47,6.46,6.57,6.58,6.6,6.62,6.63,6.64,6.65,6.66,6.68,6.69,7200,1700,5300,7000,9300,35100,5300,28000,9900,12100,11500,17800,10500,3000,10000,1900,67300,55900,27000,10000
28.0,6.56,58800,385071.0,6.56,6.55,6.54,6.53,6.52,6.51,6.5,6.48,6.47,6.46,6.57,6.58,6.6,6.62,6.63,6.64,6.65,6.66,6.68,6.69,7200,1700,5300,7000,10300,35100,5300,28000,9900,12100,11500,17800,10500,3000,10000,1900,67300,55900,27000,10000
29.0,6.57,59000,386385.0,6.56,6.55,6.54,6.53,6.52,6.51,6.5,6.48,6.47,6.46,6.57,6.58,6.6,6.62,6.63,6.64,6.65,6.66,6.68,6.69,7200,1700,4100,7000,10300,35100,5300,28000,9900,12100,11400,17800,10500,3000,10000,1900,67300,55900,27000,10000
30.0,6.57,59000,386385.0,6.56,6.55,6.54,6.53,6.52,6.51,6.5,6.48,6.47,6.46,6.57,6.58,6.6,6.62,6.63,6.64,6.65,6.66,6.68,6.69,7200,1700,4100,7000,10300,35100,5100,28000,9900,12100,11400,17800,10500,3000,10000,1900,67300,55900,27000,10000
31.0,6.57,59000,386385.0,6.56,6.55,6.54,6.53,6.52,6.51,6.5,6.48,6.47,6.46,6.57,6.58,6.6,6.62,6.63,6.64,6.65,6.66,6.68,6.69,7500,1700,4100,7000,10300,35100,5100,28000,9900,12100,11400,17800,10500,3000,10000,1900,67300,55900,27000,10000
32.0,6.57,70500,461940.0,6.57,6.56,6.55,6.54,6.53,6.52,6.51,6.5,6.48,6.47,6.58,6.6,6.62,6.63,6.64,6.65,6.66,6.68,6.69,6.7,7400,7200,1700,3500,7000,10300,35100,5100,28000,9900,17800,10500,3000,10000,1900,67300,55900,27000,10000,400
33.0,6.58,75000,491550.0,6.57,6.56,6.55,6.54,6.53,6.52,6.51,6.5,6.48,6.47,6.58,6.6,6.62,6.63,6.64,6.65,6.66,6.68,6.69,6.7,7400,7200,1700,3500,7000,10300,35100,5100,28000,9900,13300,10500,3000,10000,1900,67300,55900,27000,10000,400
34.0,6.57,75200,492865.0,6.57,6.56,6.55,6.54,6.53,6.52,6.51,6.5,6.48,6.47,6.58,6.6,6.62,6.63,6.64,6.65,6.66,6.68,6.69,6.7,8400,7100,1700,3500,7000,10300,35100,5100,28000,9900,14200,10500,3000,10000,1900,67300,55900,27000,10000,400
35.0,6.58,78800,516553.0,6.57,6.56,6.54,6.53,6.52,6.51,6.5,6.48,6.47,6.46,6.58,6.6,6.62,6.63,6.64,6.65,6.66,6.68,6.69,6.7,9400,7100,3500,7000,10300,35100,5100,28000,9900,12100,10600,10500,3000,10000,1900,67300,55900,27000,10000,400
36.0,6.57,84700,555323.0,6.57,6.56,6.54,6.53,6.52,6.51,6.5,6.48,6.47,6.46,6.58,6.6,6.62,6.63,6.64,6.65,6.66,6.68,6.69,6.7,5300,7100,3500,7000,10300,35100,5100,28000,9900,12100,9900,10500,3000,10000,1900,67300,55900,27000,10000,400
37.0,6.58,85800,562561.0,6.57,6.56,6.54,6.53,6.52,6.51,6.5,6.48,6.47,6.46,6.58,6.6,6.62,6.63,6.64,6.65,6.66,6.68,6.69,6.7,5300,7100,3500,7000,10300,35100,5100,28000,9900,12100,8800,10500,3000,10000,1900,67300,55900,27000,10000,400
38.0,6.58,94600,620465.0,6.58,6.57,6.56,6.54,6.53,6.52,6.51,6.5,6.48,6.47,6.59,6.6,6.62,6.63,6.64,6.65,6.66,6.68,6.69,6.7,4900,11100,7100,3500,7000,10300,35100,5100,28000,9900,3400,12000,3000,10000,1900,67300,55900,27000,10000,400
39.0,6.58,97100,636926.0,6.58,6.57,6.56,6.54,6.53,6.52,6.51,6.5,6.48,6.47,6.59,6.6,6.62,6.63,6.64,6.65,6.66,6.68,6.69,6.7,3500,9300,7100,3500,7000,10300,35100,5100,28000,9900,2300,12000,3000,10000,1900,67300,55900,27000,10000,400
40.0,6.59,97300,638244.0,6.58,6.57,6.56,6.54,6.53,6.52,6.51,6.5,6.48,6.47,6.59,6.6,6.62,6.63,6.64,6.65,6.66,6.68,6.69,6.7,4400,11300,7100,3500,7000,10300,35100,5100,28000,9900,2100,12000,3000,10000,1900,67300,55900,27000,10000,400
41.0,6.58,97700,640876.0,6.58,6.57,6.56,6.54,6.53,6.52,6.51,6.5,6.48,6.47,6.59,6.6,6.62,6.63,6.64,6.65,6.66,6.68,6.69,6.7,4500,11300,7100,3500,7000,10300,35100,5100,28000,9900,2100,12000,3000,10000,1900,67300,55900,27000,10000,400
42.0,6.59,98400,645485.0,6.58,6.57,6.56,6.54,6.53,6.52,6.51,6.5,6.48,6.47,6.59,6.6,6.62,6.63,6.64,6.65,6.66,6.68,6.69,6.7,4100,11300,7100,3500,7000,10300,35100,5100,28000,9900,1900,12000,3000,10000,1900,67300,55900,27000,10000,400
43.0,6.59,98400,645485.0,6.58,6.57,6.56,6.54,6.53,6.52,6.51,6.5,6.48,6.47,6.59,6.6,6.62,6.63,6.64,6.65,6.66,6.68,6.69,6.7,4100,11300,7100,3500,7000,10300,35100,5100,28000,9900,1900,12000,3000,10000,1900,67300,55900,27000,10000,400
44.0,6.59,98400,645485.0,6.58,6.57,6.56,6.54,6.53,6.52,6.51,6.5,6.48,6.47,6.59,6.6,6.62,6.63,6.64,6.65,6.66,6.68,6.69,6.7,4100,3000,7100,3500,7000,10300,35100,5100,28000,9900,2000,12000,4000,10000,1900,67300,55900,27000,10000,400
45.0,6.58,99000,649438.0,6.58,6.57,6.56,6.54,6.53,6.52,6.51,6.5,6.48,6.47,6.59,6.6,6.62,6.63,6.64,6.65,6.66,6.68,6.69,6.7,4000,3000,7100,4100,7000,10300,35100,5100,28000,9900,1500,12000,4000,10000,1900,67300,55900,27000,10000,400
46.0,6.58,99000,649438.0,6.58,6.57,6.56,6.54,6.53,6.52,6.51,6.5,6.48,6.47,6.59,6.6,6.62,6.63,6.64,6.65,6.66,6.68,6.69,6.7,4000,3000,7100,4100,7000,10300,35100,5100,28000,9900,1500,12000,4000,10000,1900,67300,55900,27000,10000,400
47.0,6.58,99000,649438.0,6.58,6.57,6.56,6.54,6.53,6.52,6.51,6.5,6.48,6.47,6.59,6.6,6.62,6.63,6.64,6.65,6.66,6.68,6.69,6.7,4000,3000,7100,4100,7000,10300,35100,5100,28000,9900,1500,12000,4000,10000,1900,67300,55900,27000,10000,400
48.0,6.59,99100,650097.0,6.58,6.57,6.56,6.54,6.53,6.52,6.51,6.5,6.48,6.47,6.59,6.6,6.62,6.63,6.64,6.65,6.66,6.68,6.69,6.7,4000,3000,7100,4100,7000,10300,35100,5100,28000,9900,1400,12000,4000,10000,1900,67300,55900,27000,10000,400
49.0,6.59,99200,650756.0,6.58,6.57,6.56,6.54,6.53,6.52,6.51,6.5,6.48,6.47,6.59,6.6,6.62,6.63,6.64,6.65,6.66,6.68,6.69,6.7,4000,4100,7100,7100,7000,10300,35100,5100,28000,9900,100,12000,4000,10000,1900,67300,55900,27000,10000,400
50.0,6.59,99200,650756.0,6.58,6.57,6.56,6.54,6.53,6.52,6.51,6.5,6.48,6.47,6.59,6.6,6.62,6.63,6.64,6.65,6.66,6.68,6.69,6.7,7000,5300,7100,7100,7000,10300,35100,5100,28000,9900,6000,12000,4000,10000,1900,67300,55900,27000,10000,400
51.0,6.58,99900,655362.0,6.58,6.57,6.56,6.54,6.53,6.52,6.51,6.5,6.48,6.47,6.59,6.6,6.62,6.63,6.64,6.65,6.66,6.68,6.69,6.7,6300,5300,7100,7100,7000,10300,35100,5100,28000,9900,6000,13000,4000,10000,1900,67300,55900,27000,10000,400
52.0,6.58,99900,655362.0,6.58,6.57,6.56,6.54,6.53,6.52,6.51,6.5,6.48,6.47,6.59,6.6,6.62,6.63,6.64,6.65,6.66,6.68,6.69,6.7,3400,5300,7100,6400,7000,10300,35100,5100,28000,9900,6000,13000,4000,10000,1900,67300,55900,27000,10000,400
53.0,6.58,99900,655362.0,6.58,6.57,6.56,6.54,6.53,6.52,6.51,6.5,6.48,6.47,6.59,6.6,6.62,6.63,6.64,6.65,6.66,6.68,6.69,6.7,3900,4200,7100,6400,12000,10300,35100,5100,28000,9900,6000,13000,4000,10000,1900,67300,55900,27000,10000,400
54.0,6.59,100900,661952.0,6.58,6.57,6.56,6.54,6.53,6.52,6.51,6.5,6.48,6.47,6.59,6.6,6.62,6.63,6.64,6.65,6.66,6.68,6.69,6.7,3900,4200,7100,6400,12000,10300,35100,5100,28000,9900,5000,13000,4000,10000,1900,67300,55900,27000,10000,400
55.0,6.59,102500,672496.0,6.58,6.57,6.56,6.54,6.53,6.52,6.51,6.5,6.48,6.47,6.59,6.6,6.62,6.63,6.64,6.65,6.66,6.68,6.69,6.7,3900,4200,7100,6400,12000,10300,35100,5100,28000,9900,3400,13000,4000,10000,1900,67300,55900,27000,10000,400
56.0,6.59,103100,676450.0,6.58,6.57,6.56,6.54,6.53,6.52,6.51,6.5,6.48,6.47,6.59,6.6,6.62,6.63,6.64,6.65,6.66,6.68,6.69,6.7,7900,4200,700,6400,12000,10300,35100,5100,28000,9900,2900,13000,4000,10000,1900,67300,55900,27000,10000,400
57.0,6.59,103300,677768.0,6.58,6.57,6.56,6.54,6.53,6.52,6.51,6.5,6.48,6.47,6.59,6.6,6.62,6.63,6.64,6.65,6.66,6.68,6.69,6.7,7900,4200,700,6400,12000,10300,35100,5100,28000,9900,2700,13000,4000,10000,1900,67300,55900,27000,10000,400
58.0,6.58,107000,702114.0,6.58,6.57,6.56,6.54,6.53,6.52,6.51,6.5,6.48,6.47,6.59,6.6,6.62,6.63,6.64,6.65,6.66,6.68,6.69,6.7,4200,4200,700,6400,12000,20300,35100,5100,28000,9900,2700,13000,4000,10000,1900,67300,55900,27000,10000,400
59.0,6.59,109900,721223.0,6.59,6.58,6.57,6.56,6.54,6.53,6.52,6.51,6.5,6.48,6.6,6.62,6.63,6.64,6.65,6.66,6.68,6.69,6.7,6.71,300,6300,4200,700,6400,12000,20300,35100,5100,28000,13000,4000,10000,1900,67300,55900,27000,10000,400,10000
60.0,6.6,111200,729803.0,6.59,6.58,6.57,6.56,6.54,6.53,6.52,6.51,6.5,6.48,6.6,6.62,6.63,6.64,6.65,6.66,6.68,6.69,6.7,6.71,300,6300,4200,700,6400,12000,20300,35100,5100,28000,11700,4000,10000,1900,67300,55900,27000,10000,400,10000
61.0,6.6,111200,729803.0,6.59,6.58,6.57,6.56,6.54,6.53,6.52,6.51,6.5,6.48,6.6,6.62,6.63,6.64,6.65,6.66,6.68,6.69,6.7,6.71,300,6300,4300,700,6400,12000,20300,35100,5100,28000,11700,4000,10000,1900,67800,55900,27000,10000,400,10000
62.0,6.6,112400,737723.0,6.59,6.58,6.57,6.56,6.54,6.53,6.52,6.51,6.5,6.48,6.6,6.62,6.63,6.64,6.65,6.66,6.68,6.69,6.7,6.71,1400,6300,6300,700,6400,6400,16200,35100,5100,28000,10500,4000,10000,1900,67800,55900,27000,10000,400,10000
63.0,6.59,112500,738382.0,6.59,6.58,6.57,6.56,6.54,6.53,6.52,6.51,6.5,6.48,6.6,6.62,6.63,6.64,6.65,6.66,6.68,6.69,6.7,6.71,2100,6300,6300,700,6400,6400,16200,35100,5100,28000,10500,4000,10000,1900,67800,55900,27000,10000,400,10000
64.0,6.59,114600,752221.0,6.58,6.57,6.56,6.54,6.53,6.52,6.51,6.5,6.48,6.47,6.59,6.6,6.62,6.63,6.64,6.65,6.66,6.68,6.69,6.7,6300,6300,700,6400,6400,16200,35100,5100,28000,9900,1200,10500,4000,10000,1900,67800,55900,27000,10000,400
65.0,6.59,114600,752221.0,6.58,6.57,6.56,6.54,6.53,6.52,6.51,6.5,6.48,6.47,6.59,6.6,6.62,6.63,6.64,6.65,6.66,6.68,6.69,6.7,6300,6300,700,6400,6400,16200,35100,5100,28000,9900,1200,10500,4000,10000,1900,67800,55900,27000,10000,400
66.0,6.58,118100,775257.0,6.58,6.57,6.56,6.54,6.53,6.52,6.51,6.5,6.48,6.47,6.59,6.6,6.62,6.63,6.64,6.65,6.66,6.68,6.69,6.7,3400,6300,700,6400,6400,16200,35100,5100,28000,9900,600,10500,4000,10000,1900,67800,55900,27000,10000,400
67.0,6.57,122400,803544.0,6.57,6.56,6.54,6.53,6.52,6.51,6.5,6.48,6.47,6.46,6.59,6.6,6.62,6.63,6.64,6.65,6.66,6.68,6.69,6.7,5500,700,6400,6400,16200,35100,5100,28000,9900,12100,2500,10200,4000,10000,1900,67800,55900,27000,10000,400
68.0,6.57,123000,807486.0,6.57,6.56,6.54,6.53,6.52,6.51,6.5,6.48,6.47,6.46,6.59,6.6,6.62,6.63,6.64,6.65,6.66,6.68,6.69,6.7,4900,700,6400,6400,16200,35100,5100,28000,9900,12100,2200,10200,4000,10000,1900,67800,55900,27000,10000,400
69.0,6.57,123500,810775.0,6.57,6.56,6.54,6.53,6.52,6.51,6.5,6.48,6.47,6.46,6.59,6.6,6.62,6.63,6.64,6.65,6.66,6.68,6.69,6.7,4600,700,6400,6400,16200,35100,5100,28000,9900,12100,2000,10200,4000,10000,1900,67800,55900,27000,10000,400
70.0,6.57,128800,845619.0,6.57,6.56,6.54,6.53,6.52,6.51,6.5,6.48,6.47,6.46,6.58,6.59,6.6,6.62,6.63,6.64,6.65,6.66,6.68,6.69,3600,700,6400,6400,16200,35100,5100,28000,9900,12100,5600,2000,10200,4000,10000,1900,67800,55900,27000,10000
71.0,6.57,129300,848904.0,6.57,6.56,6.54,6.53,6.52,6.51,6.5,6.48,6.47,6.46,6.58,6.59,6.6,6.62,6.63,6.64,6.65,6.66,6.68,6.69,3200,1700,6400,6400,16200,35100,5100,28000,9900,12100,5600,2000,10200,4000,10000,1900,67800,55900,27000,10000
72.0,6.57,129900,852846.0,6.57,6.56,6.54,6.53,6.52,6.51,6.5,6.48,6.47,6.46,6.58,6.59,6.6,6.62,6.63,6.64,6.65,6.66,6.68,6.69,2600,1700,6400,6400,16200,35100,5100,28000,9900,12100,5600,3000,10200,4000,10000,1900,67800,55900,27000,10000
73.0,6.57,130100,854160.0,6.57,6.56,6.54,6.53,6.52,6.51,6.5,6.48,6.47,6.46,6.58,6.59,6.6,6.62,6.63,6.64,6.65,6.66,6.68,6.69,2400,1700,6400,6400,16200,35100,5100,28000,9900,12100,5600,3000,10200,4000,10000,1900,67800,55900,27000,10000
74.0,6.57,130100,854160.0,6.57,6.56,6.54,6.53,6.52,6.51,6.5,6.48,6.47,6.46,6.58,6.59,6.6,6.62,6.63,6.64,6.65,6.66,6.68,6.69,5100,1100,6400,6400,17300,35100,5100,28000,9900,12100,5600,3000,10200,4000,10000,1900,67800,55900,27000,10000
75.0,6.58,130400,856134.0,6.57,6.56,6.54,6.53,6.52,6.51,6.5,6.48,6.47,6.46,6.58,6.59,6.6,6.62,6.63,6.64,6.65,6.66,6.68,6.69,6800,700,6400,6400,17300,35100,5100,28000,9900,12100,5300,3000,10200,4000,10000,1900,67800,55900,27000,10000
76.0,6.58,130900,859424.0,6.57,6.56,6.54,6.53,6.52,6.51,6.5,6.48,6.47,6.46,6.58,6.59,6.6,6.62,6.63,6.64,6.65,6.66,6.68,6.69,7400,700,6400,6400,17300,35100,5100,28000,9900,12100,4900,3000,10200,4000,10000,1900,67800,55900,27000,10000
77.0,6.58,131700,864681.0,6.57,6.56,6.54,6.53,6.52,6.51,6.5,6.48,6.47,6.46,6.58,6.59,6.6,6.62,6.63,6.64,6.65,6.66,6.68,6.69,7300,700,6400,6400,17300,35100,5100,28000,9900,12100,4800,3000,10200,4000,10000,1900,67800,55900,27000,10000
78.0,6.58,131700,864681.0,6.57,6.56,6.54,6.53,6.52,6.51,6.5,6.48,6.47,6.46,6.58,6.59,6.6,6.62,6.63,6.64,6.65,6.66,6.68,6.69,7300,700,6400,6400,17300,35100,5100,28000,9900,12100,4800,3000,10200,4000,10000,1900,67800,55900,27000,10000
79.0,6.58,132600,870603.0,6.57,6.56,6.54,6.53,6.52,6.51,6.5,6.48,6.47,6.46,6.58,6.59,6.6,6.62,6.63,6.64,6.65,6.66,6.68,6.69,7300,700,6400,6400,17300,35100,5100,28000,9900,12100,3900,3000,10200,4000,10000,1900,67800,55900,27000,10000
80.0,6.57,134400,882430.0,6.57,6.56,6.54,6.53,6.52,6.51,6.5,6.48,6.47,6.46,6.58,6.59,6.6,6.62,6.63,6.64,6.65,6.66,6.68,6.69,5600,700,6400,6400,17300,35100,5100,28000,9900,12100,3900,3000,10200,4000,10000,1900,67800,55900,27000,10000
81.0,6.58,138000,906083.0,6.57,6.56,6.54,6.53,6.52,6.51,6.5,6.48,6.47,6.46,6.58,6.59,6.6,6.62,6.63,6.64,6.65,6.66,6.68,6.69,2100,700,6400,6400,17300,35100,5100,28000,9900,12100,3800,3000,10200,4000,10000,1900,67800,55900,27000,10000
82.0,6.58,142400,935027.0,6.57,6.56,6.54,6.53,6.52,6.51,6.5,6.48,6.47,6.46,6.58,6.59,6.6,6.62,6.63,6.64,6.65,6.66,6.68,6.69,1300,700,6400,6400,17300,35100,5100,28000,9900,12100,200,3000,10200,4000,10000,1900,67800,55900,27000,10000
83.0,6.57,142500,935684.0,6.57,6.56,6.54,6.53,6.52,6.51,6.5,6.48,6.47,6.46,6.58,6.59,6.6,6.62,6.63,6.64,6.65,6.66,6.68,6.69,4200,700,6400,8400,17300,35100,5100,28000,9900,12100,300,3000,10200,4000,10000,1900,67800,55900,27000,10000
84.0,6.57,142500,935684.0,6.57,6.56,6.54,6.53,6.52,6.51,6.5,6.48,6.47,6.46,6.58,6.59,6.6,6.62,6.63,6.64,6.65,6.66,6.68,6.69,4200,700,6400,8400,17300,35100,5100,28000,9900,12100,300,3000,10200,4000,10000,1900,67800,55900,27000,10000
85.0,6.58,142600,936342.0,6.57,6.56,6.54,6.53,6.52,6.51,6.5,6.48,6.47,6.46,6.58,6.59,6.6,6.62,6.63,6.64,6.65,6.66,6.68,6.69,4200,700,6400,8400,17300,35100,5100,28000,9900,12100,200,3000,10200,4000,10000,1900,67800,55900,27000,10000
86.0,6.57,146800,963936.0,6.56,6.54,6.53,6.52,6.51,6.5,6.48,6.47,6.46,6.45,6.57,6.58,6.59,6.6,6.62,6.63,6.64,6.65,6.66,6.68,700,6400,8400,17300,35100,5100,28000,9900,12100,3000,2000,900,3400,10200,3000,10000,1900,67800,55900,27000
87.0,6.57,146800,963936.0,6.56,6.54,6.53,6.52,6.51,6.5,6.48,6.47,6.46,6.45,6.57,6.58,6.59,6.6,6.62,6.63,6.64,6.65,6.66,6.68,700,6400,8400,17300,35100,5100,28000,9900,12100,3000,2000,900,3400,10200,3000,10000,1900,67800,55900,27000
88.0,6.58,151200,992868.0,6.58,6.56,6.54,6.53,6.52,6.51,6.5,6.48,6.47,6.46,6.59,6.6,6.62,6.63,6.64,6.65,6.66,6.68,6.69,6.7,2700,700,6400,8400,17300,35100,5100,28000,9900,12100,3600,10200,3000,10000,1900,67800,55900,27000,10000,400
89.0,6.58,151500,994842.0,6.58,6.57,6.56,6.54,6.53,6.52,6.51,6.5,6.48,6.47,6.59,6.6,6.62,6.63,6.64,6.65,6.66,6.68,6.69,6.7,5700,900,2000,6400,7700,17300,35100,5100,28000,9900,3600,10200,3000,10000,1900,67800,55900,27000,10000,400
90.0,6.59,153000,1004722.0,6.58,6.57,6.56,6.54,6.53,6.52,6.51,6.5,6.48,6.47,6.59,6.6,6.62,6.63,6.64,6.65,6.66,6.68,6.69,6.7,5200,900,2000,6400,7700,17300,35100,5100,28000,9900,2600,10200,3000,10000,1900,67800,55900,27000,10000,400
91.0,6.59,153000,1004722.0,6.58,6.57,6.56,6.54,6.53,6.52,6.51,6.5,6.48,6.47,6.59,6.6,6.62,6.63,6.64,6.65,6.66,6.68,6.69,6.7,5200,1000,2000,6400,7600,17300,35100,5100,28000,9900,2600,10200,3000,10000,1900,67800,55900,27000,10000,400
92.0,6.58,153500,1008012.0,6.58,6.57,6.56,6.54,6.53,6.52,6.51,6.5,6.48,6.47,6.59,6.6,6.62,6.63,6.64,6.65,6.66,6.68,6.69,6.7,4700,100,2000,6400,7600,17300,35100,5100,28000,9900,2600,10200,3000,10000,1900,67800,55900,27000,10000,400
93.0,6.58,153900,1010644.0,6.58,6.57,6.56,6.54,6.53,6.52,6.51,6.5,6.48,6.47,6.59,6.6,6.62,6.63,6.64,6.65,6.66,6.68,6.69,6.7,4300,100,2000,6400,7600,17300,35100,5100,28000,9900,2600,10200,3000,10000,1900,67800,55900,27000,10000,400
94.0,6.59,154800,1016575.0,6.58,6.57,6.56,6.54,6.53,6.52,6.51,6.5,6.48,6.47,6.59,6.6,6.62,6.63,6.64,6.65,6.66,6.68,6.69,6.7,4300,100,2000,6400,7600,17300,35100,5100,28000,9900,1700,10200,3000,10000,1900,67800,55900,27000,10000,400
95.0,6.58,155700,1022497.0,6.58,6.57,6.56,6.54,6.53,6.52,6.51,6.5,6.48,6.47,6.59,6.6,6.62,6.63,6.64,6.65,6.66,6.68,6.69,6.7,3400,100,2000,6400,7600,17300,35100,5100,28000,9900,1700,10200,3000,10000,1900,67800,55900,27000,10000,400
96.0,6.58,156000,1024471.0,6.58,6.57,6.56,6.54,6.53,6.52,6.51,6.5,6.48,6.47,6.59,6.6,6.62,6.63,6.64,6.65,6.66,6.68,6.69,6.7,3100,100,2000,6400,7600,17300,35100,5100,28000,9900,1700,10200,3000,10000,1900,67800,55900,27000,10000,400
97.0,6.59,156300,1026448.0,6.58,6.57,6.56,6.54,6.53,6.52,6.51,6.5,6.48,6.47,6.59,6.6,6.62,6.63,6.64,6.65,6.66,6.68,6.69,6.7,3100,100,2000,6400,7600,17300,35100,5100,28000,9900,1400,10200,3000,10000,1900,67800,55900,27000,10000,400
98.0,6.58,158700,1042240.0,6.58,6.57,6.56,6.54,6.53,6.52,6.51,6.5,6.48,6.47,6.59,6.6,6.62,6.63,6.64,6.65,6.66,6.68,6.69,6.7,700,400,2000,6400,7600,17300,35100,5100,28000,9900,1400,10200,3000,10000,1900,67800,55900,27000,10000,400
99.0,6.58,158700,1042240.0,6.58,6.57,6.56,6.54,6.53,6.52,6.51,6.5,6.48,6.47,6.59,6.6,6.62,6.63,6.64,6.65,6.66,6.68,6.69,6.7,700,400,2000,6400,7600,17300,35100,5100,28000,9900,1600,10200,3000,10000,1900,67800,55900,27000,10000,400
100.0,6.58,158700,1042240.0,6.58,6.57,6.56,6.54,6.53,6.52,6.51,6.5,6.48,6.47,6.59,6.6,6.62,6.63,6.64,6.65,6.66,6.68,6.69,6.7,700,400,2000,6400,7600,17300,35100,5100,28000,9900,1600,10200,3000,10000,1900,67800,55900,27000,10000,400
101.0,6.58,159000,1044214.0,6.58,6.57,6.56,6.54,6.53,6.52,6.51,6.5,6.48,6.47,6.59,6.6,6.62,6.63,6.64,6.65,6.66,6.68,6.69,6.7,700,400,2000,6400,7600,17300,35100,5100,28000,9900,1400,10200,3000,10000,1900,67800,55900,27000,10000,400
102.0,6.58,159000,1044214.0,6.58,6.57,6.56,6.54,6.53,6.52,6.51,6.5,6.48,6.47,6.59,6.6,6.62,6.63,6.64,6.65,6.66,6.68,6.69,6.7,700,400,2000,6400,7600,17300,35100,5100,28000,9900,1400,10200,3000,10000,1900,67800,55900,27000,10000,400
103.0,6.58,159100,1044872.0,6.58,6.57,6.56,6.54,6.53,6.52,6.51,6.5,6.48,6.47,6.59,6.6,6.62,6.63,6.64,6.65,6.66,6.68,6.69,6.7,600,400,2000,6400,7600,17300,35100,5100,28000,9900,1400,10400,3000,11100,1900,67800,55900,27000,10000,400
104.0,6.59,159200,1045531.0,6.58,6.57,6.56,6.54,6.53,6.52,6.51,6.5,6.48,6.47,6.59,6.6,6.62,6.63,6.64,6.65,6.66,6.68,6.69,6.7,600,1000,2000,6400,7600,17300,35100,5100,28000,9900,1300,11400,3000,11100,1900,67800,55900,27000,10000,400
105.0,6.59,159200,1045531.0,6.58,6.57,6.56,6.54,6.53,6.52,6.51,6.5,6.48,6.47,6.59,6.6,6.62,6.63,6.64,6.65,6.66,6.68,6.69,6.7,600,1000,2000,6400,7600,17300,35100,5100,28000,9900,1300,11400,3000,11100,1900,67800,55900,27000,10000,400
106.0,6.58,159700,1048821.0,6.58,6.57,6.56,6.54,6.53,6.52,6.51,6.5,6.48,6.47,6.59,6.6,6.62,6.63,6.64,6.65,6.66,6.68,6.69,6.7,100,1000,2000,6400,7600,17300,35100,5100,28000,9900,1300,11400,3000,11100,1900,67800,55900,27000,10000,400
107.0,6.58,159700,1048821.0,6.58,6.57,6.56,6.54,6.53,6.52,6.51,6.5,6.48,6.47,6.59,6.6,6.62,6.63,6.64,6.65,6.66,6.68,6.69,6.7,100,1000,2000,6400,7600,17300,35100,5100,28000,9900,1300,11400,3000,11100,1900,67800,55900,27000,10000,400
108.0,6.57,160300,1052764.0,6.57,6.56,6.54,6.53,6.52,6.51,6.5,6.48,6.47,6.46,6.59,6.6,6.62,6.63,6.64,6.65,6.66,6.68,6.69,6.7,500,2000,6400,7600,17300,35100,5100,28000,9900,12100,3300,11400,3000,11100,1900,67800,55900,27000,10000,400
109.0,6.57,160800,1056049.0,6.56,6.54,6.53,6.52,6.51,6.5,6.48,6.47,6.46,6.45,6.57,6.59,6.6,6.62,6.63,6.64,6.65,6.66,6.68,6.69,2100,6400,7600,17300,35100,5100,28000,9900,12100,3000,100,3300,11400,3000,11100,1900,67800,55900,27000,10000
110.0,6.56,161000,1057361.0,6.56,6.54,6.53,6.52,6.51,6.5,6.48,6.47,6.46,6.45,6.57,6.59,6.6,6.62,6.63,6.64,6.65,6.66,6.68,6.69,1800,6400,7600,17300,35100,5100,28000,9900,12100,3000,100,3300,11400,3000,11100,1900,67800,55900,27000,10000
111.0,6.56,161000,1057361.0,6.56,6.54,6.53,6.52,6.51,6.5,6.48,6.47,6.46,6.45,6.57,6.59,6.6,6.62,6.63,6.64,6.65,6.66,6.68,6.69,1800,6400,7600,17300,35100,5100,28000,9900,12100,3000,100,3300,11400,3000,11100,1900,67800,55900,27000,10000
112.0,6.56,161000,1057361.0,6.56,6.54,6.53,6.52,6.51,6.5,6.48,6.47,6.46,6.45,6.57,6.59,6.6,6.62,6.63,6.64,6.65,6.66,6.68,6.69,1800,6400,7600,17300,35100,5100,28000,9900,12100,3000,100,3300,11400,3000,11100,1900,67800,55900,27000,10000
113.0,6.57,162600,1067869.0,6.57,6.56,6.54,6.53,6.52,6.51,6.5,6.48,6.47,6.46,6.59,6.6,6.62,6.63,6.64,6.65,6.66,6.68,6.69,6.7,800,2200,6400,7600,17300,35100,5100,28000,9900,12100,3300,11400,3000,11100,1900,67800,55900,27000,10000,400
114.0,6.57,162600,1067869.0,6.57,6.56,6.54,6.53,6.52,6.51,6.5,6.48,6.47,6.46,6.59,6.6,6.62,6.63,6.64,6.65,6.66,6.68,6.69,6.7,900,2200,6400,7600,17300,35100,5100,28000,9900,12100,3300,11400,3000,11400,1900,67800,55900,27000,10000,400
115.0,6.57,162600,1067869.0,6.57,6.56,6.54,6.53,6.52,6.51,6.5,6.48,6.47,6.46,6.59,6.6,6.62,6.63,6.64,6.65,6.66,6.68,6.69,6.7,900,2200,6400,7600,17300,35100,5100,28000,9900,12100,3300,11400,3000,11400,1900,67800,55900,27000,10000,400
116.0,6.57,163500,1073782.0,6.56,6.54,6.53,6.52,6.51,6.5,6.48,6.47,6.46,6.45,6.57,6.58,6.59,6.6,6.62,6.63,6.64,6.65,6.66,6.68,2200,6400,7600,17300,35100,5100,28000,9900,12100,3000,3900,1000,3300,11400,3000,11400,1900,67800,55900,27000
117.0,6.56,163700,1075094.0,6.56,6.54,6.53,6.52,6.51,6.5,6.48,6.47,6.46,6.45,6.57,6.58,6.59,6.6,6.62,6.63,6.64,6.65,6.66,6.68,2000,6400,10500,17300,35100,5100,28000,9900,12100,3000,3900,1000,3300,11400,3000,11400,1900,67800,55900,27000
118.0,6.56,163700,1075094.0,6.56,6.54,6.53,6.52,6.51,6.5,6.48,6.47,6.46,6.45,6.57,6.58,6.59,6.6,6.62,6.63,6.64,6.65,6.66,6.68,2000,6400,10500,17300,35100,5100,28000,9900,12100,3000,3900,1000,3300,11400,3000,11400,1900,67800,55900,27000
119.0,6.56,163700,1075094.0,6.56,6.54,6.53,6.52,6.51,6.5,6.48,6.47,6.46,6.45,6.57,6.58,6.59,6.6,6.62,6.63,6.64,6.65,6.66,6.68,2000,6400,10500,17300,35100,5100,28000,9900,12100,3000,4800,1000,3300,11400,3000,11400,1900,67800,55900,27000
120.0,6.56,163900,1076406.0,6.56,6.54,6.53,6.52,6.51,6.5,6.48,6.47,6.46,6.45,6.57,6.58,6.59,6.6,6.62,6.63,6.64,6.65,6.66,6.68,1800,16400,10500,17300,35100,5100,28000,9900,12100,3000,4800,1000,3300,11400,3000,11400,1900,67800,55900,27000
121.0,6.56,163900,1076406.0,6.56,6.54,6.53,6.52,6.51,6.5,6.48,6.47,6.46,6.45,6.57,6.58,6.59,6.6,6.62,6.63,6.64,6.65,6.66,6.68,2000,16400,10500,17300,35100,5100,28000,9900,12100,3000,4800,1000,3300,11400,3000,11400,1900,67800,55900,27000
122.0,6.56,164000,1077062.0,6.56,6.54,6.53,6.52,6.51,6.5,6.48,6.47,6.46,6.45,6.57,6.58,6.59,6.6,6.62,6.63,6.64,6.65,6.66,6.68,1900,16400,10500,17300,35100,5100,28000,9900,12100,3000,900,1000,3300,11400,3000,11400,1900,67800,55900,27000
123.0,6.56,164100,1077718.0,6.56,6.54,6.53,6.52,6.51,6.5,6.48,6.47,6.46,6.45,6.57,6.58,6.59,6.6,6.62,6.63,6.64,6.65,6.66,6.68,1800,16400,10500,17300,35100,5100,28000,9900,12100,3000,900,1000,3300,11400,3000,11400,1900,67800,55900,27000
124.0,6.57,164300,1079032.0,6.56,6.54,6.53,6.52,6.51,6.5,6.48,6.47,6.46,6.45,6.57,6.58,6.59,6.6,6.62,6.63,6.64,6.65,6.66,6.68,1800,16400,10500,17300,35100,5100,28000,9900,12100,3000,900,2000,3300,11400,3000,11400,1900,67800,55900,27000
125.0,6.56,165000,1083626.0,6.56,6.54,6.53,6.52,6.51,6.5,6.48,6.47,6.46,6.45,6.57,6.58,6.59,6.6,6.62,6.63,6.64,6.65,6.66,6.68,1300,16400,10500,17300,35100,5100,28000,9900,12100,3000,800,2000,3300,11400,3000,11400,1900,67800,55900,27000
126.0,6.57,165300,1085596.0,6.56,6.54,6.53,6.52,6.51,6.5,6.48,6.47,6.46,6.45,6.57,6.58,6.59,6.6,6.62,6.63,6.64,6.65,6.66,6.68,1200,16400,10500,17300,35100,5100,28000,9900,12100,3000,2600,2000,3300,11400,3000,11400,1900,67800,55900,27000
127.0,6.56,166700,1094782.0,6.54,6.53,6.52,6.51,6.5,6.48,6.47,6.46,6.45,6.44,6.56,6.57,6.58,6.59,6.6,6.62,6.63,6.64,6.65,6.66,16800,10500,17300,35100,5100,28000,9900,12100,3000,1700,1600,2400,2000,3300,11400,3000,11400,1900,67800,55900
128.0,6.57,174300,1144644.0,6.57,6.55,6.54,6.53,6.52,6.51,6.5,6.48,6.47,6.46,6.58,6.59,6.6,6.62,6.63,6.64,6.65,6.66,6.68,6.69,24600,2100,17800,10500,17300,35100,5100,28000,9900,12100,2000,3100,11400,3000,11400,1900,67800,55900,27000,10000
129.0,6.57,174500,1145958.0,6.57,6.55,6.54,6.53,6.52,6.51,6.5,6.48,6.47,6.46,6.58,6.59,6.6,6.62,6.63,6.64,6.65,6.66,6.68,6.69,24400,2100,18200,10000,17300,35100,5100,28000,9900,12100,2000,3100,11400,3000,11400,1900,67800,55900,27000,10000
130.0,6.57,176000,1155813.0,6.57,6.55,6.54,6.53,6.52,6.51,6.5,6.48,6.47,6.46,6.58,6.59,6.6,6.62,6.63,6.64,6.65,6.66,6.68,6.69,22900,4500,18200,10000,17300,35100,5100,28000,9900,12100,2000,3100,11400,3000,11400,1900,67800,55900,27000,10000
131.0,6.57,176200,1157127.0,6.57,6.55,6.54,6.53,6.52,6.51,6.5,6.48,6.47,6.46,6.58,6.59,6.6,6.62,6.63,6.64,6.65,6.66,6.68,6.69,22900,4500,18200,10000,17300,35100,5100,28000,9900,12100,2000,3100,11400,3000,11400,1900,67800,55900,27000,10000
132.0,6.57,176200,1157127.0,6.57,6.55,6.54,6.53,6.52,6.51,6.5,6.48,6.47,6.46,6.58,6.59,6.6,6.62,6.63,6.64,6.65,6.66,6.68,6.69,22900,4500,18200,10000,17300,35100,5100,28000,9900,12100,2000,3100,11400,3000,11400,1900,67800,55900,27000,10000
133.0,6.58,178100,1169614.0,6.57,6.55,6.54,6.53,6.52,6.51,6.5,6.48,6.47,6.46,6.58,6.59,6.6,6.62,6.63,6.64,6.65,6.66,6.68,6.69,21400,4500,18200,15000,17300,35100,5100,28000,9900,12100,1600,3100,11400,3000,11400,1900,67800,55900,27000,10000
134.0,6.57,178200,1170271.0,6.57,6.55,6.54,6.53,6.52,6.51,6.5,6.48,6.47,6.46,6.58,6.59,6.6,6.62,6.63,6.64,6.65,6.66,6.68,6.69,21300,4400,18200,15000,17300,35100,5100,28000,9900,12100,1600,3100,11400,3000,11400,1900,67800,55900,27000,10000
135.0,6.57,178200,1170271.0,6.57,6.55,6.54,6.53,6.52,6.51,6.5,6.48,6.47,6.46,6.58,6.59,6.6,6.62,6.63,6.64,6.65,6.66,6.68,6.69,21300,4400,18200,15000,17300,35100,5100,28000,9900,12100,1600,3100,11400,3000,11400,1900,67800,55900,27000,10000
136.0,6.57,186200,1222831.0,6.57,6.55,6.54,6.53,6.52,6.51,6.5,6.48,6.47,6.46,6.58,6.59,6.6,6.62,6.63,6.64,6.65,6.66,6.68,6.69,13300,4400,18200,15000,17300,35100,5100,28000,9900,12100,7800,3100,11400,3000,11400,1900,67800,55900,27000,10000
137.0,6.57,186200,1222831.0,6.57,6.55,6.54,6.53,6.52,6.51,6.5,6.48,6.47,6.46,6.58,6.59,6.6,6.62,6.63,6.64,6.65,6.66,6.68,6.69,13300,4400,18200,15000,17300,35100,5100,28000,9900,12100,7800,3100,11400,3000,11400,1900,67800,55900,27000,10000
138.0,6.57,186200,1222831.0,6.57,6.55,6.54,6.53,6.52,6.51,6.5,6.48,6.47,6.46,6.58,6.59,6.6,6.62,6.63,6.64,6.65,6.66,6.68,6.69,13300,4400,18200,15000,17300,35100,5100,28000,9900,12100,7800,3100,11400,3000,11400,1900,67800,55900,27000,10000
139.0,6.57,187500,1231372.0,6.57,6.55,6.54,6.53,6.52,6.51,6.5,6.48,6.47,6.46,6.58,6.59,6.6,6.62,6.63,6.64,6.65,6.66,6.68,6.69,12000,4400,18200,15000,17300,35100,5100,28000,9900,12100,7800,3100,11400,3000,11400,1900,67800,55900,32000,10000
140.0,6.58,187700,1232688.0,6.57,6.55,6.54,6.53,6.52,6.51,6.5,6.48,6.47,6.46,6.58,6.59,6.6,6.62,6.63,6.64,6.65,6.66,6.68,6.69,12000,4400,18200,15000,17300,35100,5100,28000,9900,12100,7600,3100,11400,3000,11400,1900,67800,55900,32000,10000
141.0,6.57,199700,1311528.0,6.55,6.54,6.53,6.52,6.51,6.5,6.48,6.47,6.46,6.45,6.57,6.58,6.59,6.6,6.62,6.63,6.64,6.65,6.66,6.68,4400,18200,15000,17300,35100,5100,28000,9900,12100,3000,11600,7600,6100,11400,3000,11400,1900,67800,55900,32000
142.0,6.57,199700,1311528.0,6.55,6.54,6.53,6.52,6.51,6.5,6.48,6.47,6.46,6.45,6.57,6.58,6.59,6.6,6.62,6.63,6.64,6.65,6.66,6.68,4500,18200,15000,17300,35100,5100,28000,9900,12100,3000,11600,7600,6100,11400,3000,11400,1900,68800,55900,32000
143.0,6.56,205400,1348935.0,6.56,6.55,6.54,6.53,6.52,6.51,6.5,6.48,6.47,6.46,6.57,6.58,6.59,6.6,6.62,6.63,6.64,6.65,6.66,6.68,100,4000,15600,15000,17300,35100,5100,28000,9900,12100,12400,7600,6100,10200,3000,11400,1900,68800,55900,32000
144.0,6.56,205400,1348935.0,6.56,6.55,6.54,6.53,6.52,6.51,6.5,6.48,6.47,6.46,6.57,6.58,6.59,6.6,6.62,6.63,6.64,6.65,6.66,6.68,200,4000,15600,15000,17300,35100,5100,28000,9900,12100,12400,7600,6100,15000,3000,11400,1900,68800,55900,32000
145.0,6.57,205500,1349592.0,6.56,6.55,6.54,6.53,6.52,6.51,6.5,6.48,6.47,6.46,6.57,6.58,6.59,6.6,6.62,6.63,6.64,6.65,6.66,6.68,200,4000,15600,15000,17300,35100,5100,28000,9900,12100,12400,7500,6100,15000,3000,11400,1900,68800,55900,32000
146.0,6.57,205500,1349592.0,6.56,6.55,6.54,6.53,6.52,6.51,6.5,6.48,6.47,6.46,6.57,6.58,6.59,6.6,6.62,6.63,6.64,6.65,6.66,6.68,1500,4000,15600,15000,17300,35100,5100,28000,9900,12100,14000,7500,6100,15000,3000,11400,1900,68800,55900,32000
147.0,6.57,205500,1349592.0,6.56,6.55,6.54,6.53,6.52,6.51,6.5,6.48,6.47,6.46,6.57,6.58,6.59,6.6,6.62,6.63,6.64,6.65,6.66,6.68,1400,4000,15600,15000,17300,35100,5100,28000,9900,12100,14200,7500,6100,15000,3000,11400,1900,68800,55900,32000
148.0,6.56,205700,1350904.0,6.56,6.55,6.54,6.53,6.52,6.51,6.5,6.48,6.47,6.46,6.57,6.58,6.59,6.6,6.62,6.63,6.64,6.65,6.66,6.68,1200,4000,15600,15000,17300,35100,5100,28000,9900,12100,14200,7500,6100,15000,3000,11400,1900,68800,55900,32000
149.0,6.56,205800,1351560.0,6.56,6.55,6.54,6.53,6.52,6.51,6.5,6.48,6.47,6.46,6.57,6.58,6.59,6.6,6.62,6.63,6.64,6.65,6.66,6.68,1100,4000,15600,15000,17300,35100,5100,28000,9900,12100,14200,7500,6100,15000,3000,11400,1900,68800,55900,32000
150.0,6.56,209900,1378456.0,6.56,6.55,6.54,6.53,6.52,6.51,6.5,6.48,6.47,6.46,6.57,6.58,6.59,6.6,6.62,6.63,6.64,6.65,6.66,6.68,4100,4000,15600,15000,17300,35100,5100,28000,9900,12100,14200,7500,6100,15000,3000,11400,1900,68800,55900,32000
151.0,6.56,214300,1407322.0,6.55,6.54,6.53,6.52,6.51,6.5,6.48,6.47,6.46,6.45,6.56,6.57,6.58,6.59,6.6,6.62,6.63,6.64,6.65,6.66,4300,15600,15000,17300,35100,5100,28000,9900,12100,3000,200,14000,7500,6100,15000,3000,11400,1900,68800,55900
152.0,6.56,214300,1407322.0,6.55,6.54,6.53,6.52,6.51,6.5,6.48,6.47,6.46,6.45,6.56,6.57,6.58,6.59,6.6,6.62,6.63,6.64,6.65,6.66,4100,15600,15000,17300,35100,5100,28000,9900,12100,3000,200,14000,7500,6100,15000,3000,11400,1900,68800,55900
153.0,6.55,214700,1409942.0,6.55,6.54,6.53,6.52,6.51,6.5,6.48,6.47,6.46,6.45,6.56,6.57,6.58,6.59,6.6,6.62,6.63,6.64,6.65,6.66,3700,15600,15000,17300,35100,5100,28000,9900,12100,3000,200,14000,7500,6100,15000,3000,11400,1900,68800,55900
154.0,6.55,214700,1409942.0,6.55,6.54,6.53,6.52,6.51,6.5,6.48,6.47,6.46,6.45,6.56,6.57,6.58,6.59,6.6,6.62,6.63,6.64,6.65,6.66,7400,15600,15000,17300,35100,5100,28000,9900,12100,3000,300,11300,7500,6100,15000,3000,11400,1900,68800,55900
155.0,6.56,219400,1440759.0,6.55,6.54,6.53,6.52,6.51,6.5,6.48,6.47,6.46,6.45,6.56,6.57,6.58,6.59,6.6,6.62,6.63,6.64,6.65,6.66,5800,15600,15000,17300,35100,5100,28000,9900,12100,3000,1100,11300,7500,6100,15000,3000,11400,1900,68800,55900
156.0,6.56,220100,1445346.0,6.55,6.54,6.53,6.52,6.51,6.5,6.48,6.47,6.46,6.45,6.56,6.57,6.58,6.59,6.6,6.62,6.63,6.64,6.65,6.66,5300,15500,15000,17300,35100,5100,28000,9900,12100,3000,900,11300,7500,6100,15000,3000,11400,1900,68800,55900
157.0,6.56,220500,1447970.0,6.55,6.54,6.53,6.52,6.51,6.5,6.48,6.47,6.46,6.45,6.56,6.57,6.58,6.59,6.6,6.62,6.63,6.64,6.65,6.66,5300,15500,15000,17300,35100,5100,28000,9900,12100,3000,500,11300,7500,6100,15000,3000,11400,1900,68800,55900
158.0,6.56,220900,1450594.0,6.55,6.54,6.53,6.52,6.51,6.5,6.48,6.47,6.46,6.45,6.56,6.57,6.58,6.59,6.6,6.62,6.63,6.64,6.65,6.66,5800,15500,15000,17300,35100,5100,28000,9900,12100,3000,100,11300,7500,6100,15000,3000,11400,1900,68800,55900
159.0,6.56,222600,1461730.0,6.56,6.55,6.54,6.53,6.52,6.51,6.5,6.48,6.47,6.46,6.57,6.58,6.59,6.6,6.62,6.63,6.64,6.65,6.66,6.68,500,3800,15500,15000,17300,35100,5100,28000,9900,12100,12000,7500,6100,15000,3000,11400,1900,68800,55900,32000
160.0,6.56,222600,1461730.0,6.56,6.55,6.54,6.53,6.52,6.51,6.5,6.48,6.47,6.46,6.57,6.58,6.59,6.6,6.62,6.63,6.64,6.65,6.66,6.68,2200,3800,15500,15000,17300,35100,5100,28000,9900,12100,12000,7500,6100,16500,3000,11400,3900,68800,55900,32000
161.0,6.56,222600,1461730.0,6.56,6.55,6.54,6.53,6.52,6.51,6.5,6.48,6.47,6.46,6.57,6.58,6.59,6.6,6.62,6.63,6.64,6.65,6.66,6.68,2200,3800,15500,15000,17300,35100,5100,28000,9900,12100,12000,7500,6100,16500,3000,11400,3900,68800,55900,32000
162.0,6.56,224300,1472897.0,6.56,6.55,6.54,6.53,6.52,6.51,6.5,6.48,6.47,6.46,6.57,6.58,6.59,6.6,6.62,6.63,6.64,6.65,6.66,6.68,2000,3800,15500,15000,17300,35100,5100,28000,9900,12100,10500,7500,6100,16500,3000,11400,3900,68800,55900,32000
163.0,6.56,224300,1472897.0,6.56,6.55,6.54,6.53,6.52,6.51,6.5,6.48,6.47,6.46,6.57,6.58,6.59,6.6,6.62,6.63,6.64,6.65,6.66,6.68,2100,3800,15500,15000,17300,35100,5100,28000,9900,12100,10600,7500,6100,16500,3000,11400,3900,68800,55900,32000
164.0,6.56,224300,1472897.0,6.56,6.55,6.54,6.53,6.52,6.51,6.5,6.48,6.47,6.46,6.57,6.58,6.59,6.6,6.62,6.63,6.64,6.65,6.66,6.68,2600,3300,15500,15000,17300,35100,5100,28000,9900,12100,10600,7500,6100,16500,3000,11400,3900,68800,55900,32000
165.0,6.55,228500,1500433.0,6.55,6.54,6.53,6.52,6.51,6.5,6.48,6.47,6.46,6.45,6.56,6.57,6.58,6.59,6.6,6.62,6.63,6.64,6.65,6.66,1700,15500,15000,17300,35100,5100,28000,9900,12100,3000,3900,10600,7500,6100,16500,3000,11400,3900,68800,55900
166.0,6.55,228500,1500433.0,6.55,6.54,6.53,6.52,6.51,6.5,6.48,6.47,6.46,6.45,6.56,6.57,6.58,6.59,6.6,6.62,6.63,6.64,6.65,6.66,1800,15500,15000,17300,35100,5100,28000,9900,12100,3000,3900,10600,7500,6100,16500,3000,11400,3900,68800,55900
167.0,6.55,228500,1500433.0,6.55,6.54,6.53,6.52,6.51,6.5,6.48,6.47,6.46,6.45,6.56,6.57,6.58,6.59,6.6,6.62,6.63,6.64,6.65,6.66,3700,15500,15000,17300,35100,5100,28000,9900,12100,3000,4000,10600,7500,6100,16500,3000,11400,3900,68800,55900
168.0,6.55,228800,1502398.0,6.55,6.54,6.53,6.52,6.51,6.5,6.48,6.47,6.46,6.45,6.56,6.57,6.58,6.59,6.6,6.62,6.63,6.64,6.65,6.66,3400,15500,15000,17300,35100,5100,28000,9900,12100,3000,4000,10600,7500,6100,16500,3000,11400,3900,68800,55900
169.0,6.56,229200,1505022.0,6.55,6.54,6.53,6.52,6.51,6.5,6.48,6.47,6.46,6.45,6.56,6.57,6.58,6.59,6.6,6.62,6.63,6.64,6.65,6.66,6100,15500,15000,17300,35100,5100,28000,9900,12100,3000,3600,10600,7500,6100,16900,3000,11400,3900,68800,55900
170.0,6.56,229500,1506990.0,6.55,6.54,6.53,6.52,6.51,6.5,6.48,6.47,6.46,6.45,6.56,6.57,6.58,6.59,6.6,6.62,6.63,6.64,6.65,6.66,6100,15500,15000,17300,35100,5100,28000,9900,12100,3000,3300,11600,7500,6100,16900,3000,11400,3900,68800,55900
171.0,6.56,231700,1521404.0,6.55,6.54,6.53,6.52,6.51,6.5,6.48,6.47,6.46,6.45,6.56,6.57,6.58,6.59,6.6,6.62,6.63,6.64,6.65,6.66,4500,15500,15000,17300,35100,5100,28000,9900,12100,3000,2900,11600,7500,6100,16900,3000,11900,3900,68800,55900
172.0,6.56,232900,1529276.0,6.55,6.54,6.53,6.52,6.51,6.5,6.48,6.47,6.46,6.45,6.56,6.57,6.58,6.59,6.6,6.62,6.63,6.64,6.65,6.66,4500,15500,15000,17300,35100,5100,28000,9900,12100,3000,2100,11500,7500,6100,16900,3000,11900,3900,68800,55900
173.0,6.56,232900,1529276.0,6.55,6.54,6.53,6.52,6.51,6.5,6.48,6.47,6.46,6.45,6.56,6.57,6.58,6.59,6.6,6.62,6.63,6.64,6.65,6.66,4500,15500,15000,17300,35100,5100,28000,9900,12100,3000,2100,11500,7500,6100,16900,3000,11900,3900,68800,55900
174.0,6.55,233300,1531896.0,6.55,6.54,6.53,6.52,6.51,6.5,6.48,6.47,6.46,6.45,6.56,6.57,6.58,6.59,6.6,6.62,6.63,6.64,6.65,6.66,4100,15500,15000,17300,35100,5100,28000,9900,12100,3000,4300,11500,7500,6100,16900,3000,11900,3900,68800,55900
175.0,6.55,233300,1531896.0,6.55,6.54,6.53,6.52,6.51,6.5,6.48,6.47,6.46,6.45,6.56,6.57,6.58,6.59,6.6,6.62,6.63,6.64,6.65,6.66,4100,15500,15000,17300,35100,5100,28000,9900,12100,3000,4300,11500,9500,6100,16900,3000,11900,3900,68800,55900
176.0,6.55,233700,1534516.0,6.55,6.54,6.53,6.52,6.51,6.5,6.48,6.47,6.46,6.45,6.56,6.57,6.58,6.59,6.6,6.62,6.63,6.64,6.65,6.66,3600,15500,15000,17300,35100,5100,28000,9900,12100,3000,4300,11300,9500,6100,16900,3000,11900,3900,68800,55900
177.0,6.55,234000,1536481.0,6.55,6.54,6.53,6.52,6.51,6.5,6.48,6.47,6.46,6.45,6.56,6.57,6.58,6.59,6.6,6.62,6.63,6.64,6.65,6.66,3300,15200,15000,17300,35100,5100,28000,9900,12100,3000,4300,11300,9500,6100,16900,3000,11900,3900,68800,55900
178.0,6.55,234000,1536481.0,6.55,6.54,6.53,6.52,6.51,6.5,6.48,6.47,6.46,6.45,6.56,6.57,6.58,6.59,6.6,6.62,6.63,6.64,6.65,6.66,3300,15200,15000,17300,35100,5100,28000,9900,12100,3000,4300,11300,9500,6100,16500,3000,11900,3900,68800,55900
179.0,6.55,234000,1536481.0,6.55,6.54,6.53,6.52,6.51,6.5,6.48,6.47,6.46,6.45,6.56,6.57,6.58,6.59,6.6,6.62,6.63,6.64,6.65,6.66,3300,15200,15000,17300,35100,5100,28000,9900,12100,3000,4300,11300,9500,6100,16500,3000,11900,3900,68800,55900
180.0,6.55,234000,1536481.0,6.55,6.54,6.53,6.52,6.51,6.5,6.48,6.47,6.46,6.45,6.56,6.57,6.58,6.59,6.6,6.62,6.63,6.64,6.65,6.66,3300,15200,15000,15100,35100,5100,28000,9900,12100,3000,4300,11300,9500,6100,16500,3000,11900,3900,68800,55900
181.0,6.55,234300,1538446.0,6.55,6.54,6.53,6.52,6.51,6.5,6.48,6.47,6.46,6.45,6.56,6.57,6.58,6.59,6.6,6.62,6.63,6.64,6.65,6.66,3000,18200,15000,15100,35100,5100,28000,9900,12100,3000,4400,11300,9500,6100,16500,3000,11900,3900,68800,55900
182.0,6.55,234300,1538446.0,6.55,6.54,6.53,6.52,6.51,6.5,6.48,6.47,6.46,6.45,6.56,6.57,6.58,6.59,6.6,6.62,6.63,6.64,6.65,6.66,3100,18200,15000,15100,35100,5100,28000,9900,12100,3000,4500,11300,9500,6100,16500,3000,11900,3900,68800,55900
183.0,6.56,235000,1543032.0,6.55,6.54,6.53,6.52,6.51,6.5,6.48,6.47,6.46,6.45,6.56,6.57,6.58,6.59,6.6,6.62,6.63,6.64,6.65,6.66,2400,18200,15000,15100,35100,5100,28000,9900,12100,3000,11600,11300,9500,6100,16500,3000,11900,3900,68800,55900
184.0,6.55,235400,1545652.0,6.55,6.54,6.53,6.52,6.51,6.5,6.48,6.47,6.46,6.45,6.56,6.57,6.58,6.59,6.6,6.62,6.63,6.64,6.65,6.66,2000,18200,15000,15100,35100,5100,28000,9900,12100,3000,11600,11300,9500,6100,16500,3000,11900,3900,68800,55900
185.0,6.56,237800,1561396.0,6.55,6.54,6.53,6.52,6.51,6.5,6.48,6.47,6.46,6.45,6.56,6.57,6.58,6.59,6.6,6.62,6.63,6.64,6.65,6.66,2200,17300,15000,15100,35100,5100,28000,9900,12100,3000,9300,11300,9500,6100,16500,3000,11900,3900,68800,55900
186.0,6.56,237800,1561396.0,6.55,6.54,6.53,6.52,6.51,6.5,6.48,6.47,6.46,6.45,6.56,6.57,6.58,6.59,6.6,6.62,6.63,6.64,6.65,6.66,2200,17300,15000,15100,35100,5100,28000,9900,12100,3000,9300,11300,9500,6100,16500,3000,11900,3900,68800,55900
187.0,6.55,241100,1583042.0,6.55,6.54,6.53,6.52,6.51,6.5,6.48,6.47,6.46,6.45,6.56,6.57,6.58,6.59,6.6,6.62,6.63,6.64,6.65,6.66,16200,17300,15000,15100,35100,5100,28000,9900,12100,3000,6200,11300,9500,6100,16500,3000,11900,3900,68800,55900
188.0,6.56,246300,1617139.0,6.55,6.54,6.53,6.52,6.51,6.5,6.48,6.47,6.46,6.45,6.56,6.57,6.58,6.59,6.6,6.62,6.63,6.64,6.65,6.66,15000,16100,15000,15100,35100,5100,28000,9900,12100,3000,4400,11300,9500,6100,16500,3000,11900,3900,68800,55900
189.0,6.56,250700,1646003.0,6.56,6.55,6.54,6.53,6.52,6.51,6.5,6.48,6.47,6.46,6.57,6.58,6.59,6.6,6.62,6.63,6.64,6.65,6.66,6.68,5000,14600,16100,15000,15100,35100,5100,28000,9900,12100,11300,9500,6100,16500,3000,11900,3900,68800,55900,32000
190.0,6.56,250700,1646003.0,6.56,6.55,6.54,6.53,6.52,6.51,6.5,6.48,6.47,6.46,6.57,6.58,6.59,6.6,6.62,6.63,6.64,6.65,6.66,6.68,5500,14600,16100,15000,15100,35100,5100,28000,9900,12100,11300,9500,6100,16500,3000,11900,3900,68800,55900,32000
191.0,6.56,251700,1652563.0,6.56,6.55,6.54,6.53,6.52,6.51,6.5,6.48,6.47,6.46,6.57,6.58,6.59,6.6,6.62,6.63,6.64,6.65,6.66,6.68,4700,14600,16100,15000,15100,35100,5100,28000,9900,12100,11300,9500,6100,16500,3000,11900,3900,68800,55900,32000
192.0,6.56,251700,1652563.0,6.56,6.55,6.54,6.53,6.52,6.51,6.5,6.48,6.47,6.46,6.57,6.58,6.59,6.6,6.62,6.63,6.64,6.65,6.66,6.68,4700,14600,16100,15000,15100,35100,5100,28000,9900,12100,11300,9500,6100,16500,3000,11900,3900,68800,55900,32000
193.0,6.56,251700,1652563.0,6.56,6.55,6.54,6.53,6.52,6.51,6.5,6.48,6.47,6.46,6.57,6.58,6.59,6.6,6.62,6.63,6.64,6.65,6.66,6.68,4700,14600,16100,15000,15100,35100,5100,28000,9900,12100,11300,9500,6100,16500,3000,11900,3900,68800,55900,32000
194.0,6.56,253000,1661091.0,6.56,6.55,6.54,6.53,6.52,6.51,6.5,6.48,6.47,6.46,6.57,6.58,6.59,6.6,6.62,6.63,6.64,6.65,6.66,6.68,3500,14600,16100,15000,15100,35100,5100,28000,9900,12100,11400,9500,6100,16500,3000,11900,3900,68800,55900,32000
195.0,6.56,253000,1661091.0,6.56,6.55,6.54,6.53,6.52,6.51,6.5,6.48,6.47,6.46,6.57,6.58,6.59,6.6,6.62,6.63,6.64,6.65,6.66,6.68,3500,14600,16100,15000,15100,35100,5100,28000,9900,12100,11400,9500,6100,16500,3000,11900,3900,68800,55900,32000
196.0,6.57,255400,1676859.0,6.56,6.55,6.54,6.53,6.52,6.51,6.5,6.48,6.47,6.46,6.57,6.58,6.59,6.6,6.62,6.63,6.64,6.65,6.66,6.68,3600,14600,16100,15000,15100,35100,5100,28000,9900,12100,9000,9500,6100,16500,3000,11900,3900,68800,55900,32000
197.0,6.57,255400,1676859.0,6.56,6.55,6.54,6.53,6.52,6.51,6.5,6.48,6.47,6.46,6.57,6.58,6.59,6.6,6.62,6.63,6.64,6.65,6.66,6.68,3600,14600,16100,15000,15100,35100,5100,28000,9900,12100,9000,9500,6100,16500,3000,11900,3900,68800,55900,32000
198.0,6.56,256000,1680795.0,6.56,6.55,6.54,6.53,6.52,6.51,6.5,6.48,6.47,6.46,6.57,6.58,6.59,6.6,6.62,6.63,6.64,6.65,6.66,6.68,3000,14600,16100,15000,15100,35100,5100,28000,9900,12100,9000,9500,6100,16500,3000,11900,3900,68800,55900,32000
199.0,6.56,256000,1680795.0,6.56,6.55,6.54,6.53,6.52,6.51,6.5,6.48,6.47,6.46,6.57,6.58,6.59,6.6,6.62,6.63,6.64,6.65,6.66,6.68,3000,14600,16100,15000,15100,35100,5100,28000,9900,12100,9000,9500,6100,16500,3000,11900,3900,68800,55900,32000
200.0,6.57,256300,1682766.0,6.56,6.55,6.54,6.53,6.52,6.51,6.5,6.48,6.47,6.46,6.57,6.58,6.59,6.6,6.62,6.63,6.64,6.65,6.66,6.68,2500,14600,16100,15000,15100,35100,5100,28000,9900,12100,8700,9500,6100,16500,3000,33100,3900,68800,55900,32000
201.0,6.57,264100,1734010.0,6.56,6.55,6.54,6.53,6.52,6.51,6.5,6.48,6.47,6.46,6.57,6.58,6.59,6.6,6.62,6.63,6.64,6.65,6.66,6.68,2200,14600,16100,15000,15100,35100,5100,28000,9900,12100,11000,9500,6100,16500,3000,33100,3900,68800,55900,32000
202.0,6.57,264100,1734010.0,6.56,6.55,6.54,6.53,6.52,6.51,6.5,6.48,6.47,6.46,6.57,6.58,6.59,6.6,6.62,6.63,6.64,6.65,6.66,6.68,2200,14600,16100,15000,15100,35100,5100,28000,9900,12100,11000,9500,6100,16500,3000,33100,3900,68800,55900,32000
203.0,6.57,264100,1734010.0,6.56,6.55,6.54,6.53,6.52,6.51,6.5,6.48,6.47,6.46,6.57,6.58,6.59,6.6,6.62,6.63,6.64,6.65,6.66,6.68,2200,14600,16100,15000,15100,35100,5100,28000,9900,12100,11000,9500,6100,16500,3000,33100,3900,68800,55900,32000
204.0,6.56,264300,1735322.0,6.56,6.55,6.54,6.53,6.52,6.51,6.5,6.48,6.47,6.46,6.57,6.58,6.59,6.6,6.62,6.63,6.64,6.65,6.66,6.68,2100,14600,16100,15000,15100,35100,5100,28000,9900,12100,11000,9500,6100,16500,3000,33100,3900,68800,55900,32000
205.0,6.56,264800,1738605.0,6.56,6.55,6.54,6.53,6.52,6.51,6.5,6.48,6.47,6.46,6.57,6.58,6.59,6.6,6.62,6.63,6.64,6.65,6.66,6.68,1900,14600,16100,15000,15100,35100,5100,28000,9900,12100,10700,9500,6100,16500,3000,33100,3900,68800,55900,32000
206.0,6.56,265100,1740573.0,6.56,6.55,6.54,6.53,6.52,6.51,6.5,6.48,6.47,6.46,6.57,6.58,6.59,6.6,6.62,6.63,6.64,6.65,6.66,6.68,1800,14600,16100,15000,15100,35100,5100,28000,9900,12100,10800,9500,6100,16500,3000,33100,3900,68800,55900,32000
207.0,6.56,265100,1740573.0,6.56,6.55,6.54,6.53,6.52,6.51,6.5,6.48,6.47,6.46,6.57,6.58,6.59,6.6,6.62,6.63,6.64,6.65,6.66,6.68,1800,14600,16100,15000,15100,35100,5100,28000,9900,12100,10800,9500,6100,16500,3000,33100,3900,68800,55900,32000
208.0,6.56,265200,1741229.0,6.56,6.55,6.54,6.53,6.52,6.51,6.5,6.48,6.47,6.46,6.57,6.58,6.59,6.6,6.62,6.63,6.64,6.65,6.66,6.68,1600,14600,16100,15000,15100,35100,5100,28000,9900,12100,10800,9500,6100,16500,3000,33100,3900,68800,55900,32000
209.0,6.56,265200,1741229.0,6.56,6.55,6.54,6.53,6.52,6.51,6.5,6.48,6.47,6.46,6.57,6.58,6.59,6.6,6.62,6.63,6.64,6.65,6.66,6.68,1600,14600,16100,15000,15100,35100,5100,28000,9900,12100,10800,9500,6100,16500,3000,33100,3900,68800,55900,32000
210.0,6.56,265200,1741229.0,6.56,6.55,6.54,6.53,6.52,6.51,6.5,6.48,6.47,6.46,6.57,6.58,6.59,6.6,6.62,6.63,6.64,6.65,6.66,6.68,1600,14600,16100,15000,15100,35100,5100,28000,9900,12100,10800,9500,6100,16500,3000,33100,3900,68800,55900,32000
211.0,6.56,265300,1741885.0,6.56,6.55,6.54,6.53,6.52,6.51,6.5,6.48,6.47,6.46,6.57,6.58,6.59,6.6,6.62,6.63,6.64,6.65,6.66,6.68,1600,14600,16100,15000,15100,35100,5100,28000,9900,12100,10800,9500,6100,16500,3000,33100,3900,68800,55900,32000
212.0,6.56,265300,1741885.0,6.56,6.55,6.54,6.53,6.52,6.51,6.5,6.48,6.47,6.46,6.57,6.58,6.59,6.6,6.62,6.63,6.64,6.65,6.66,6.68,1600,14600,16100,15000,15100,35100,5100,28000,9900,12100,10800,9500,6100,16500,3000,33100,3900,68800,55900,32000
213.0,6.56,265400,1742541.0,6.56,6.55,6.54,6.53,6.52,6.51,6.5,6.48,6.47,6.46,6.57,6.58,6.59,6.6,6.62,6.63,6.64,6.65,6.66,6.68,1500,14600,16100,15000,15100,35100,5100,28000,9900,12100,10800,9500,11100,16500,3000,33100,3900,68800,55900,32000
214.0,6.56,265500,1743197.0,6.56,6.55,6.54,6.53,6.52,6.51,6.5,6.48,6.47,6.46,6.57,6.58,6.59,6.6,6.62,6.63,6.64,6.65,6.66,6.68,1400,14600,16100,15000,15100,35100,5100,28000,9900,12100,10800,9500,11100,16500,3000,33100,3900,68800,55900,32000
215.0,6.57,265600,1743854.0,6.56,6.55,6.54,6.53,6.52,6.51,6.5,6.48,6.47,6.46,6.57,6.58,6.59,6.6,6.62,6.63,6.64,6.65,6.66,6.68,1400,14600,16100,15000,15100,35100,5100,28000,9900,12100,10700,9500,11100,16500,3000,33100,3900,68800,55900,32000
216.0,6.57,265600,1743854.0,6.56,6.55,6.54,6.53,6.52,6.51,6.5,6.48,6.47,6.46,6.57,6.58,6.59,6.6,6.62,6.63,6.64,6.65,6.66,6.68,1400,14600,16100,15000,15100,35100,5100,28000,9900,12100,10700,9500,11100,16500,3000,33100,3900,68800,55900,32000
217.0,6.57,265600,1743854.0,6.56,6.55,6.54,6.53,6.52,6.51,6.5,6.48,6.47,6.46,6.57,6.58,6.59,6.6,6.62,6.63,6.64,6.65,6.66,6.68,1400,14600,16100,15000,15100,35100,5100,28000,9900,12100,10700,9500,11100,16500,3000,33100,3900,69400,55900,32000
218.0,6.56,265900,1745822.0,6.56,6.55,6.54,6.53,6.52,6.51,6.5,6.48,6.47,6.46,6.57,6.58,6.59,6.6,6.62,6.63,6.64,6.65,6.66,6.68,1100,14600,16100,15000,15100,35100,5100,28000,9900,12100,10700,9500,11100,16500,3000,33100,3900,69400,55900,32000
219.0,6.57,266300,1748450.0,6.56,6.55,6.54,6.53,6.52,6.51,6.5,6.48,6.47,6.46,6.57,6.58,6.59,6.6,6.62,6.63,6.64,6.65,6.66,6.68,1100,14600,16100,15000,15100,35100,5100,28000,9900,12100,10300,9500,11100,16500,3000,33100,3900,69400,55900,32000
220.0,6.56,266400,1749106.0,6.56,6.55,6.54,6.53,6.52,6.51,6.5,6.48,6.47,6.46,6.57,6.58,6.59,6.6,6.62,6.63,6.64,6.65,6.66,6.68,1000,14600,16100,15000,15100,35100,5100,28000,9900,12100,10300,9500,11100,16500,3000,33100,3900,69400,55900,32000
221.0,6.56,266500,1749762.0,6.56,6.55,6.54,6.53,6.52,6.51,6.5,6.48,6.47,6.46,6.57,6.58,6.59,6.6,6.62,6.63,6.64,6.65,6.66,6.68,900,14600,16100,15000,15100,35100,5100,28000,9900,12100,10300,9500,11100,16500,3000,33100,3900,69400,55900,32000
222.0,6.56,266500,1749762.0,6.56,6.55,6.54,6.53,6.52,6.51,6.5,6.48,6.47,6.46,6.57,6.58,6.59,6.6,6.62,6.63,6.64,6.65,6.66,6.68,900,14600,16100,15000,15100,35100,5100,28000,9900,12100,10300,9500,11100,16500,3000,33100,3900,69400,55900,32000
223.0,6.56,266500,1749762.0,6.56,6.55,6.54,6.53,6.52,6.51,6.5,6.48,6.47,6.46,6.57,6.58,6.59,6.6,6.62,6.63,6.64,6.65,6.66,6.68,900,14600,16100,15000,15100,35100,5100,28000,9900,12100,10300,9500,11100,16500,3000,33100,3900,69400,55900,32000
224.0,6.56,266500,1749762.0,6.56,6.55,6.54,6.53,6.52,6.51,6.5,6.48,6.47,6.46,6.57,6.58,6.59,6.6,6.62,6.63,6.64,6.65,6.66,6.68,900,14600,16100,15000,15100,35100,5100,28000,9900,12100,10300,9500,11100,16500,3000,33100,3900,69400,55900,32000
225.0,6.56,266500,1749762.0,6.56,6.55,6.54,6.53,6.52,6.51,6.5,6.48,6.47,6.46,6.57,6.58,6.59,6.6,6.62,6.63,6.64,6.65,6.66,6.68,900,14600,16100,15000,15100,35100,5100,28000,9900,12100,10300,9500,11100,16500,3000,33100,3900,69400,55900,32000
226.0,6.56,266500,1749762.0,6.56,6.55,6.54,6.53,6.52,6.51,6.5,6.48,6.47,6.46,6.57,6.58,6.59,6.6,6.62,6.63,6.64,6.65,6.66,6.68,900,14600,16100,15000,15100,35100,5100,28000,9900,12100,10300,9500,11100,16500,3000,33100,3900,69400,55900,32000
227.0,6.56,266500,1749762.0,6.56,6.55,6.54,6.53,6.52,6.51,6.5,6.48,6.47,6.46,6.57,6.58,6.59,6.6,6.62,6.63,6.64,6.65,6.66,6.68,900,14600,16100,15000,15100,35100,5100,28000,9900,12100,10300,9500,11100,16500,3000,33100,3900,69400,55900,32000
228.0,6.56,268400,1762236.0,6.55,6.54,6.53,6.52,6.51,6.5,6.48,6.47,6.46,6.45,6.56,6.57,6.58,6.59,6.6,6.61,6.62,6.63,6.64,6.65,500,16100,15000,15100,35100,5100,28000,9900,12100,3000,4100,9500,9500,11100,16500,3600,3000,33100,3900,69400
229.0,6.55,268500,1762891.0,6.55,6.54,6.53,6.52,6.51,6.5,6.48,6.47,6.46,6.45,6.56,6.57,6.58,6.59,6.6,6.61,6.62,6.63,6.64,6.65,300,16100,15000,15100,35100,5100,28000,9900,12100,3000,2700,9600,9500,11100,16500,3600,3000,33100,3900,69400
230.0,6.55,268600,1763546.0,6.55,6.54,6.53,6.52,6.51,6.5,6.48,6.47,6.46,6.45,6.56,6.57,6.58,6.59,6.6,6.61,6.62,6.63,6.64,6.65,300,16100,15000,15100,35100,5100,28000,9900,12100,3000,2100,9600,9500,11100,16500,3600,3000,33100,3900,69400
231.0,6.56,268800,1764858.0,6.55,6.54,6.53,6.52,6.51,6.5,6.48,6.47,6.46,6.45,6.56,6.57,6.58,6.59,6.6,6.61,6.62,6.63,6.64,6.65,300,16100,15000,15100,35100,5100,28000,9900,12100,3000,1900,9600,9500,11100,16500,3600,3000,33100,3900,69400
232.0,6.56,268800,1764858.0,6.55,6.54,6.53,6.52,6.51,6.5,6.48,6.47,6.46,6.45,6.56,6.57,6.58,6.59,6.6,6.61,6.62,6.63,6.64,6.65,300,16100,15000,15100,35100,5100,28000,9900,12100,3000,1900,9600,9500,10700,16500,3600,3000,33100,3900,69400
233.0,6.56,268800,1764858.0,6.55,6.54,6.53,6.52,6.51,6.5,6.48,6.47,6.46,6.45,6.56,6.57,6.58,6.59,6.6,6.61,6.62,6.63,6.64,6.65,300,16100,15000,15100,35100,5100,28000,9900,12100,3000,1900,9600,9500,10700,16500,3600,3000,33100,3900,69400
234.0,6.56,268900,1765514.0,6.55,6.54,6.53,6.52,6.51,6.5,6.48,6.47,6.46,6.45,6.56,6.57,6.58,6.59,6.6,6.61,6.62,6.63,6.64,6.65,300,16100,15000,15500,35100,5100,28000,9900,12100,3000,1800,9600,9500,10700,16500,3600,3000,33100,3900,69400
235.0,6.56,268900,1765514.0,6.55,6.54,6.53,6.52,6.51,6.5,6.48,6.47,6.46,6.45,6.56,6.57,6.58,6.59,6.6,6.61,6.62,6.63,6.64,6.65,300,16100,15000,15500,35100,5100,28000,9900,12100,3000,1800,9600,9500,10700,16500,3600,3000,33100,3900,69400
236.0,6.56,268900,1765514.0,6.55,6.54,6.53,6.52,6.51,6.5,6.48,6.47,6.46,6.45,6.56,6.57,6.58,6.59,6.6,6.61,6.62,6.63,6.64,6.65,300,16100,15000,15500,35100,5100,28000,9900,12100,3000,1800,9600,9500,10700,16500,3600,3000,33100,3900,69400
237.0,6.56,268900,1765514.0,6.55,6.54,6.53,6.52,6.51,6.5,6.48,6.47,6.46,6.45,6.56,6.57,6.58,6.59,6.6,6.61,6.62,6.63,6.64,6.65,300,16100,15000,15500,35100,5100,28000,9900,12100,3000,800,9600,9500,10700,16500,3600,3000,33100,3900,69400
238.0,6.56,268900,1765514.0,6.55,6.54,6.53,6.52,6.51,6.5,6.48,6.47,6.46,6.45,6.56,6.57,6.58,6.59,6.6,6.61,6.62,6.63,6.64,6.65,300,16100,15000,15500,35100,5100,28000,9900,12100,3000,600,9600,9500,10700,16500,3600,3000,33100,3900,69400
239.0,6.56,268900,1765514.0,6.55,6.54,6.53,6.52,6.51,6.5,6.48,6.47,6.46,6.45,6.56,6.57,6.58,6.59,6.6,6.61,6.62,6.63,6.64,6.65,300,16100,15000,15500,35100,5100,28000,9900,12100,3000,1700,9600,9500,11000,16500,3600,3000,33100,3900,69400
240.0,6.56,268900,1765514.0,6.55,6.54,6.53,6.52,6.51,6.5,6.48,6.47,6.46,6.45,6.56,6.57,6.58,6.59,6.6,6.61,6.62,6.63,6.64,6.65,300,16100,15000,15500,35100,5100,28000,9900,12100,3000,1700,9600,9500,11000,16500,3600,3000,33100,3900,69400
241.0,6.56,269000,1766170.0,6.55,6.54,6.53,6.52,6.51,6.5,6.48,6.47,6.46,6.45,6.56,6.57,6.58,6.59,6.6,6.61,6.62,6.63,6.64,6.65,300,16100,15000,15500,35100,5100,28000,9900,12100,3000,2600,9600,9500,11000,16500,3600,3000,33100,3900,69400
242.0,6.56,269000,1766170.0,6.55,6.54,6.53,6.52,6.51,6.5,6.48,6.47,6.46,6.45,6.56,6.57,6.58,6.59,6.6,6.61,6.62,6.63,6.64,6.65,300,16100,15000,15500,35100,5100,28000,9900,12100,3000,2600,9600,9500,11000,16500,3600,3000,33100,3900,69400
243.0,6.56,269000,1766170.0,6.55,6.54,6.53,6.52,6.51,6.5,6.48,6.47,6.46,6.45,6.56,6.57,6.58,6.59,6.6,6.61,6.62,6.63,6.64,6.65,400,16100,15000,15500,35100,5100,28000,9900,12100,3000,2600,9600,9500,11000,16500,3600,3000,33100,3900,69400
244.0,6.56,269000,1766170.0,6.55,6.54,6.53,6.52,6.51,6.5,6.48,6.47,6.46,6.45,6.56,6.57,6.58,6.59,6.6,6.61,6.62,6.63,6.64,6.65,400,16100,15000,15500,35100,5100,28000,9900,12100,3000,3000,9600,9500,11000,16500,3600,3000,33100,3900,69400
245.0,6.56,269300,1768138.0,6.55,6.54,6.53,6.52,6.51,6.5,6.48,6.47,6.46,6.45,6.56,6.57,6.58,6.59,6.6,6.61,6.62,6.63,6.64,6.65,400,16100,15000,15500,35100,5100,28000,9900,12100,3000,2700,9600,9500,11000,16500,3600,3000,33100,3900,69400
246.0,6.56,269300,1768138.0,6.55,6.54,6.53,6.52,6.51,6.5,6.48,6.47,6.46,6.45,6.56,6.57,6.58,6.59,6.6,6.61,6.62,6.63,6.64,6.65,400,16100,15000,15500,35100,5100,28000,9900,12100,3000,2700,9600,9500,11000,16500,3600,3000,33100,3900,69400
247.0,6.56,269300,1768138.0,6.55,6.54,6.53,6.52,6.51,6.5,6.48,6.47,6.46,6.45,6.56,6.57,6.58,6.59,6.6,6.61,6.62,6.63,6.64,6.65,400,16100,15000,15500,35100,5100,28000,9900,12100,3000,2700,9600,9500,11000,16500,3600,3000,33100,3900,69400
248.0,6.55,269600,1770105.0,6.55,6.54,6.53,6.52,6.51,6.5,6.48,6.47,6.46,6.45,6.56,6.57,6.58,6.59,6.6,6.62,6.63,6.64,6.65,6.66,300,16100,15000,15500,35100,5100,28000,9900,12100,3000,4000,9600,9500,11000,16500,3000,33100,3900,69400,55900
249.0,6.55,269800,1771415.0,6.54,6.53,6.52,6.51,6.5,6.48,6.47,6.46,6.45,6.44,6.55,6.56,6.57,6.58,6.59,6.6,6.62,6.63,6.64,6.65,16100,15000,15500,35100,5100,28000,9900,12100,3000,1700,2500,4000,9600,9500,11000,16500,3000,33100,3900,69400
250.0,6.55,276400,1814645.0,6.54,6.53,6.52,6.51,6.5,6.48,6.47,6.46,6.45,6.44,6.55,6.56,6.57,6.58,6.59,6.6,6.62,6.63,6.64,6.65,19200,15000,15500,35100,5100,28000,9900,12100,3000,1700,8100,8000,9600,9500,11000,16500,3000,33100,3900,69400
251.0,6.55,277200,1819885.0,6.54,6.53,6.52,6.51,6.5,6.48,6.47,6.46,6.45,6.44,6.55,6.56,6.57,6.58,6.59,6.6,6.62,6.63,6.64,6.65,19200,15000,15500,35100,5100,28000,9900,12100,3000,1700,7300,8000,9600,9500,11000,16500,3000,33100,3900,69400
252.0,6.54,280200,1839505.0,6.54,6.53,6.52,6.51,6.5,6.48,6.47,6.46,6.45,6.44,6.55,6.56,6.57,6.58,6.59,6.6,6.62,6.63,6.64,6.65,16200,15000,15500,35100,5100,28000,9900,12100,3000,1700,7300,8000,9600,9500,11000,16500,3000,33100,3900,69400
253.0,6.54,280200,1839505.0,6.54,6.53,6.52,6.51,6.5,6.48,6.47,6.46,6.45,6.44,6.55,6.56,6.57,6.58,6.59,6.6,6.62,6.63,6.64,6.65,16200,15000,15500,35100,5100,28000,9900,12100,3000,1700,7300,8000,9600,9500,11000,16500,3000,33100,3900,69400
254.0,6.54,289800,1902305.0,6.54,6.53,6.52,6.51,6.5,6.48,6.47,6.46,6.45,6.44,6.55,6.56,6.57,6.58,6.59,6.6,6.62,6.63,6.64,6.65,9000,15000,15500,35100,5100,28000,9900,12100,3000,1700,12100,18000,9600,9500,11000,16500,3000,33100,3900,69400
255.0,6.55,291000,1910165.0,6.54,6.53,6.52,6.51,6.5,6.48,6.47,6.46,6.45,6.44,6.55,6.56,6.57,6.58,6.59,6.6,6.62,6.63,6.64,6.65,9000,15000,15500,35100,5100,28000,9900,12100,3000,1700,10900,18000,9600,9500,11000,16500,3000,33100,3900,69400
256.0,6.54,301800,1980797.0,6.53,6.52,6.51,6.5,6.48,6.47,6.46,6.45,6.44,6.41,6.54,6.55,6.56,6.57,6.58,6.59,6.6,6.62,6.63,6.64,15500,15500,35100,5100,28000,9900,12100,3000,1700,2000,2600,10900,18000,9600,9500,11000,16500,3000,33100,3900
257.0,6.54,305900,2007596.0,6.54,6.53,6.52,6.51,6.5,6.48,6.47,6.46,6.45,6.44,6.55,6.56,6.57,6.58,6.59,6.6,6.62,6.63,6.64,6.65,1500,14000,15500,35100,5100,28000,9900,12100,3000,1700,13900,18000,9500,9500,11000,16500,3000,33100,3900,69400
258.0,6.55,307200,2016111.0,6.54,6.53,6.52,6.51,6.5,6.48,6.47,6.46,6.45,6.44,6.55,6.56,6.57,6.58,6.59,6.6,6.62,6.63,6.64,6.65,1500,14000,15500,35100,5100,28000,9900,12100,3000,1700,12600,18000,9500,9500,11000,16500,3000,33100,3900,69400
259.0,6.55,312500,2050826.0,6.54,6.53,6.52,6.51,6.5,6.48,6.47,6.46,6.45,6.44,6.55,6.56,6.57,6.58,6.59,6.6,6.62,6.63,6.64,6.65,1500,14000,15500,35100,5800,28000,9900,12100,3000,1700,7800,18000,9500,9500,11000,16500,3000,33100,3900,69400
260.0,6.55,313400,2056721.0,6.54,6.53,6.52,6.51,6.5,6.48,6.47,6.46,6.45,6.44,6.55,6.56,6.57,6.58,6.59,6.6,6.62,6.63,6.64,6.65,1500,14000,15500,35100,5800,28000,9900,12100,3000,1700,10400,18000,9500,9500,11000,16500,3000,33100,3900,69400
261.0,6.55,313400,2056721.0,6.54,6.53,6.52,6.51,6.5,6.48,6.47,6.46,6.45,6.44,6.55,6.56,6.57,6.58,6.59,6.6,6.62,6.63,6.64,6.65,1500,14000,15500,35100,5800,28000,9900,12100,3000,1700,10400,18000,9500,9500,11000,16500,3000,33100,3900,69400
262.0,6.55,316100,2074406.0,6.54,6.53,6.52,6.51,6.5,6.48,6.47,6.46,6.45,6.44,6.55,6.56,6.57,6.58,6.59,6.6,6.62,6.63,6.64,6.65,1500,14000,15500,35100,5800,28000,9900,12100,3000,1700,7700,18000,9500,9500,11000,16500,3000,33100,3900,69400
263.0,6.55,316100,2074406.0,6.54,6.53,6.52,6.51,6.5,6.48,6.47,6.46,6.45,6.44,6.55,6.56,6.57,6.58,6.59,6.6,6.62,6.63,6.64,6.65,1500,14000,15500,35100,5800,28000,9900,12100,3000,1700,9100,18000,9500,9500,11000,16500,3000,33100,3900,69400
264.0,6.54,316500,2077022.0,6.54,6.53,6.52,6.51,6.5,6.48,6.47,6.46,6.45,6.44,6.55,6.56,6.57,6.58,6.59,6.6,6.62,6.63,6.64,6.65,1100,14000,15500,35100,5800,28000,9900,12100,3000,1700,10200,18000,9500,9500,11000,16500,3000,33100,3900,69400
265.0,6.55,319800,2098637.0,6.54,6.53,6.52,6.51,6.5,6.48,6.47,6.46,6.45,6.44,6.55,6.56,6.57,6.58,6.59,6.6,6.62,6.63,6.64,6.65,1100,14000,15500,35100,5800,28000,9900,12100,3000,1700,15200,18000,9500,9500,11500,16500,3000,33100,3900,69400
266.0,6.55,319800,2098637.0,6.54,6.53,6.52,6.51,6.5,6.48,6.47,6.46,6.45,6.44,6.55,6.56,6.57,6.58,6.59,6.6,6.62,6.63,6.64,6.65,2000,14000,15500,35100,5800,28000,9900,12100,3000,1700,15200,18000,9500,9500,11500,16500,3000,33100,3900,69400
267.0,6.55,319800,2098637.0,6.54,6.53,6.52,6.51,6.5,6.48,6.47,6.46,6.45,6.44,6.55,6.56,6.57,6.58,6.59,6.6,6.62,6.63,6.64,6.65,2000,14000,15500,35100,5800,28000,9900,12100,3000,1700,15200,18000,9500,9500,11500,16500,3000,33100,3900,69400
268.0,6.55,319800,2098637.0,6.54,6.53,6.52,6.51,6.5,6.48,6.47,6.46,6.45,6.44,6.55,6.56,6.57,6.58,6.59,6.6,6.62,6.63,6.64,6.65,2000,14000,15500,35100,5800,28000,9900,12100,3000,1700,15200,18000,9900,9500,11500,16500,3000,33100,3900,69400
269.0,6.55,321300,2108462.0,6.54,6.53,6.52,6.51,6.5,6.48,6.47,6.46,6.45,6.44,6.55,6.56,6.57,6.58,6.59,6.6,6.62,6.63,6.64,6.65,2000,14000,15500,35100,5800,28000,9900,12100,3000,1700,13700,18000,9900,9500,11500,16500,3000,33100,3900,69400
270.0,6.55,321800,2111737.0,6.54,6.53,6.52,6.51,6.5,6.48,6.47,6.46,6.45,6.44,6.55,6.56,6.57,6.58,6.59,6.6,6.62,6.63,6.64,6.65,2000,14000,15500,35100,5800,28000,9900,12100,3000,1700,16800,18000,9900,9500,11500,16500,3000,33100,3900,69400
271.0,6.54,324100,2126780.0,6.53,6.52,6.51,6.5,6.48,6.47,6.46,6.45,6.44,6.41,6.54,6.55,6.56,6.57,6.58,6.59,6.6,6.62,6.63,6.64,14000,15500,35100,5800,28000,9900,12100,3000,1700,2000,2100,16700,18000,9900,9500,11500,16500,3000,33100,3900
272.0,6.54,324200,2127434.0,6.53,6.52,6.51,6.5,6.48,6.47,6.46,6.45,6.44,6.41,6.54,6.55,6.56,6.57,6.58,6.59,6.6,6.62,6.63,6.64,14000,15500,35100,5800,28000,9900,12100,3000,1700,2000,2000,16700,18000,9900,9500,11500,15500,3000,33100,3900
273.0,6.54,324400,2128742.0,6.53,6.52,6.51,6.5,6.48,6.47,6.46,6.45,6.44,6.41,6.54,6.55,6.56,6.57,6.58,6.59,6.6,6.62,6.63,6.64,14000,15500,35100,5800,28000,9900,12100,3000,1700,2000,1800,16700,18000,9900,9500,11500,15500,3000,33100,3900
274.0,6.54,324400,2128742.0,6.53,6.52,6.51,6.5,6.48,6.47,6.46,6.45,6.44,6.41,6.54,6.55,6.56,6.57,6.58,6.59,6.6,6.62,6.63,6.64,14000,15500,35100,5800,28000,9900,12100,3000,1700,2000,1800,16700,18000,9900,9500,11500,15500,3000,33100,3900
275.0,6.54,324400,2128742.0,6.53,6.52,6.51,6.5,6.48,6.47,6.46,6.45,6.44,6.41,6.54,6.55,6.56,6.57,6.58,6.59,6.6,6.62,6.63,6.64,14700,15500,35100,5800,28000,9900,12100,3000,1700,2000,2500,16700,18000,9900,9500,11500,15500,3000,33100,3900
276.0,6.54,327500,2148987.0,6.53,6.52,6.51,6.5,6.48,6.47,6.46,6.45,6.44,6.41,6.54,6.55,6.56,6.57,6.58,6.59,6.6,6.62,6.63,6.64,12200,15500,35100,5800,28000,9900,12100,3000,1700,2000,2700,16700,18000,9900,9500,11500,15500,3000,33100,3900
277.0,6.54,327500,2148987.0,6.53,6.52,6.51,6.5,6.48,6.47,6.46,6.45,6.44,6.41,6.54,6.55,6.56,6.57,6.58,6.59,6.6,6.62,6.63,6.64,12900,15500,35100,5800,28000,9900,12100,3000,1700,2000,4000,19600,18000,9900,9500,11500,15500,3000,33100,3900
278.0,6.53,328600,2156170.0,6.53,6.52,6.51,6.5,6.48,6.47,6.46,6.45,6.44,6.41,6.54,6.55,6.56,6.57,6.58,6.59,6.6,6.62,6.63,6.64,12200,15500,35100,5800,28000,9900,12100,3000,1700,2000,4400,19600,18000,9900,9500,11500,15500,3000,33100,3900
279.0,6.53,329800,2164006.0,6.53,6.52,6.51,6.5,6.48,6.47,6.46,6.45,6.44,6.41,6.54,6.55,6.56,6.57,6.58,6.59,6.6,6.62,6.63,6.64,11000,15500,35100,5800,28000,9900,12100,3000,1700,2000,4400,19600,18000,9900,9500,11500,15500,3000,33100,3900
280.0,6.54,330400,2167930.0,6.53,6.52,6.51,6.5,6.48,6.47,6.46,6.45,6.44,6.41,6.54,6.55,6.56,6.57,6.58,6.59,6.6,6.62,6.63,6.64,12400,15500,35100,5800,28000,9900,12100,3000,1700,2000,5700,19600,18000,9900,9500,11500,15500,3000,33100,3900
281.0,6.55,358500,2351834.0,6.54,6.53,6.52,6.51,6.5,6.48,6.47,6.46,6.45,6.44,6.55,6.56,6.57,6.58,6.59,6.6,6.62,6.63,6.64,6.65,100,12200,15500,35100,5800,28000,9900,12100,3000,1700,6600,18000,9900,9500,11500,15500,3000,33100,3900,69400
282.0,6.55,358500,2351834.0,6.54,6.53,6.52,6.51,6.5,6.48,6.47,6.46,6.45,6.44,6.55,6.56,6.57,6.58,6.59,6.6,6.62,6.63,6.64,6.65,400,12200,15500,35100,5800,28000,9900,12100,3000,1700,8400,18000,9900,9500,11500,15500,3000,33100,3900,69400
283.0,6.55,359300,2357074.0,6.54,6.53,6.52,6.51,6.5,6.48,6.47,6.46,6.45,6.44,6.55,6.56,6.57,6.58,6.59,6.6,6.62,6.63,6.64,6.65,400,12200,15500,35100,5800,28000,9900,12100,3000,1700,7600,18000,9900,9500,11500,15500,3000,33100,3900,69400
284.0,6.55,359300,2357074.0,6.54,6.53,6.52,6.51,6.5,6.48,6.47,6.46,6.45,6.44,6.55,6.56,6.57,6.58,6.59,6.6,6.62,6.63,6.64,6.65,400,12200,15500,35100,5800,28000,9900,12100,3000,1700,7600,18000,9900,12500,11500,15500,3000,33100,3900,69400
285.0,6.55,359300,2357074.0,6.54,6.53,6.52,6.51,6.5,6.48,6.47,6.46,6.45,6.44,6.55,6.56,6.57,6.58,6.59,6.6,6.62,6.63,6.64,6.65,400,12200,15500,35100,5800,28000,9900,12100,3000,1700,7600,18000,9900,12500,11500,15500,3000,33100,3900,69400
286.0,6.55,360000,2361659.0,6.54,6.53,6.52,6.51,6.5,6.48,6.47,6.46,6.45,6.44,6.55,6.56,6.57,6.58,6.59,6.6,6.62,6.63,6.64,6.65,100,12200,15500,35100,5800,28000,9900,12100,3000,1700,6900,18000,9900,12500,11500,15500,3000,33100,3900,69400
287.0,6.55,360000,2361659.0,6.54,6.53,6.52,6.51,6.5,6.48,6.47,6.46,6.45,6.44,6.55,6.56,6.57,6.58,6.59,6.6,6.62,6.63,6.64,6.65,100,12200,15500,35100,5800,28000,9900,12100,3000,1700,7200,18000,9900,12500,11500,15500,3000,33100,3900,69400
288.0,6.55,360000,2361659.0,6.54,6.53,6.52,6.51,6.5,6.48,6.47,6.46,6.45,6.44,6.55,6.56,6.57,6.58,6.59,6.6,6.62,6.63,6.64,6.65,100,12200,15500,35100,5800,28000,9900,12100,3000,1700,7200,18000,9900,12500,11500,15500,3000,33100,3900,69400
289.0,6.55,360000,2361659.0,6.54,6.53,6.52,6.51,6.5,6.48,6.47,6.46,6.45,6.44,6.55,6.56,6.57,6.58,6.59,6.6,6.62,6.63,6.64,6.65,100,12200,15500,35100,5800,28000,9900,12100,3000,1700,7200,8000,9900,12500,11500,15500,3000,33100,3900,69400
290.0,6.55,360700,2366244.0,6.54,6.53,6.52,6.51,6.5,6.48,6.47,6.46,6.45,6.44,6.55,6.56,6.57,6.58,6.59,6.6,6.62,6.63,6.64,6.65,100,12200,15500,35100,5800,28000,9900,12100,3000,1700,6600,8000,9900,12500,11500,15500,3000,33100,3900,69400
291.0,6.55,361000,2368209.0,6.54,6.53,6.52,6.51,6.5,6.48,6.47,6.46,6.45,6.44,6.55,6.56,6.57,6.58,6.59,6.6,6.62,6.63,6.64,6.65,100,12200,5500,35100,5800,28000,9900,12100,3000,1700,6300,8000,9900,12500,11500,15500,3000,33100,3900,69400
292.0,6.55,361000,2368209.0,6.54,6.53,6.52,6.51,6.5,6.48,6.47,6.46,6.45,6.44,6.55,6.56,6.57,6.58,6.59,6.6,6.62,6.63,6.64,6.65,100,12200,5500,35100,5800,28000,9900,12100,3000,1700,6300,8000,9900,12500,11500,15500,3000,33100,3900,69400
293.0,6.55,361600,2372139.0,6.54,6.53,6.52,6.51,6.5,6.48,6.47,6.46,6.45,6.44,6.55,6.56,6.57,6.58,6.59,6.6,6.62,6.63,6.64,6.65,100,12200,5500,35100,5800,28000,9900,12100,3000,1700,5700,8000,9900,12500,11500,15500,3000,33100,3900,69400
294.0,6.55,361600,2372139.0,6.54,6.53,6.52,6.51,6.5,6.48,6.47,6.46,6.45,6.44,6.55,6.56,6.57,6.58,6.59,6.6,6.62,6.63,6.64,6.65,100,12200,5500,35100,5800,28000,9900,12100,3000,1700,5700,8000,9900,12500,11500,15500,3000,33100,3900,69400
295.0,6.55,361600,2372139.0,6.54,6.53,6.52,6.51,6.5,6.48,6.47,6.46,6.45,6.44,6.55,6.56,6.57,6.58,6.59,6.6,6.62,6.63,6.64,6.65,100,12200,5500,35100,5800,28000,9900,12100,3000,1700,5700,8000,9900,12500,11500,15500,3000,33100,3900,69400
296.0,6.55,361600,2372139.0,6.54,6.53,6.52,6.51,6.5,6.48,6.47,6.46,6.45,6.44,6.55,6.56,6.57,6.58,6.59,6.6,6.62,6.63,6.64,6.65,100,12200,5500,35100,5800,28000,9900,12100,3000,1700,5700,8000,9900,12500,11500,15500,3000,33100,3900,69400
297.0,6.55,362100,2375414.0,6.54,6.53,6.52,6.51,6.5,6.48,6.47,6.46,6.45,6.44,6.55,6.56,6.57,6.58,6.59,6.6,6.62,6.63,6.64,6.65,100,12200,5500,35100,5800,28000,9900,12100,3000,1700,5200,8000,9900,12500,11500,15500,3000,33100,3900,69400
298.0,6.55,362100,2375414.0,6.54,6.53,6.52,6.51,6.5,6.48,6.47,6.46,6.45,6.44,6.55,6.56,6.57,6.58,6.59,6.6,6.62,6.63,6.64,6.65,100,12200,5500,35100,5800,28000,9900,12100,3000,1700,5200,8000,9900,12500,11500,15500,3000,33100,3900,69400
299.0,6.55,362300,2376724.0,6.54,6.53,6.52,6.51,6.5,6.48,6.47,6.46,6.45,6.44,6.55,6.56,6.57,6.58,6.59,6.6,6.62,6.63,6.64,6.65,100,12200,5500,35100,5800,28000,9900,12100,3000,1700,5000,8000,9900,12500,11500,15500,3000,33100,3900,69400
300.0,6.54,364100,2388513.0,6.53,6.52,6.51,6.5,6.48,6.47,6.46,6.45,6.44,6.41,6.55,6.56,6.57,6.58,6.59,6.6,6.62,6.63,6.64,6.65,12200,5500,35100,5800,28000,9900,12100,3000,1700,2000,3600,8000,9900,12500,11500,15500,3000,33100,3900,69400
301.0,6.54,364100,2388513.0,6.53,6.52,6.51,6.5,6.48,6.47,6.46,6.45,6.44,6.41,6.55,6.56,6.57,6.58,6.59,6.6,6.62,6.63,6.64,6.65,12600,5500,35100,5800,28000,9900,12100,3000,1700,2000,4000,8000,9900,12500,11500,15500,3000,33100,3900,69400
302.0,6.54,364100,2388513.0,6.53,6.52,6.51,6.5,6.48,6.47,6.46,6.45,6.44,6.41,6.54,6.55,6.56,6.57,6.58,6.59,6.6,6.62,6.63,6.64,13700,5500,35100,5800,28000,9900,12100,3000,1700,2000,100,8400,8000,9900,12500,13400,15500,3000,33100,3900
303.0,6.54,364100,2388513.0,6.53,6.52,6.51,6.5,6.48,6.47,6.46,6.45,6.44,6.41,6.54,6.55,6.56,6.57,6.58,6.59,6.6,6.62,6.63,6.64,13700,5500,35100,5800,28000,9900,12100,3000,1700,2000,100,8400,8000,9900,12500,13400,15500,3000,33100,3900
304.0,6.54,364500,2391129.0,6.54,6.53,6.52,6.51,6.5,6.48,6.47,6.46,6.45,6.44,6.55,6.56,6.57,6.58,6.59,6.6,6.62,6.63,6.64,6.65,500,13700,5500,35100,5800,28000,9900,12100,3000,1700,8400,8000,9900,12500,13400,15500,3000,33100,3900,69400
305.0,6.55,365800,2399644.0,6.54,6.53,6.52,6.51,6.5,6.48,6.47,6.46,6.45,6.44,6.55,6.56,6.57,6.58,6.59,6.6,6.62,6.63,6.64,6.65,3700,13700,5500,35100,5800,28000,9900,12100,3000,1700,6100,8000,9900,12500,13400,15500,3000,33100,3900,69400
306.0,6.55,365800,2399644.0,6.54,6.53,6.52,6.51,6.5,6.48,6.47,6.46,6.45,6.44,6.55,6.56,6.57,6.58,6.59,6.6,6.62,6.63,6.64,6.65,4500,13700,5500,35100,5800,28000,9900,12100,3000,1700,16500,8000,9900,12500,13400,15500,3000,33100,3900,69400
307.0,6.55,367300,2409469.0,6.54,6.53,6.52,6.51,6.5,6.48,6.47,6.46,6.45,6.44,6.55,6.56,6.57,6.58,6.59,6.6,6.62,6.63,6.64,6.65,4500,13700,5500,35100,5800,28000,9900,12100,3000,1700,19100,8000,9900,12500,13400,15500,3000,33100,3900,69400
308.0,6.55,368000,2414050.0,6.54,6.53,6.52,6.51,6.5,6.48,6.47,6.46,6.45,6.44,6.55,6.56,6.57,6.58,6.59,6.6,6.62,6.63,6.64,6.65,3500,13700,5500,35100,5800,28000,9900,12100,3000,1700,18800,8000,9900,12500,13400,15500,3000,33100,3900,69400
309.0,6.55,372500,2443489.0,6.53,6.52,6.51,6.5,6.48,6.47,6.46,6.45,6.44,6.41,6.55,6.56,6.57,6.58,6.59,6.6,6.62,6.63,6.64,6.65,13700,5500,35100,5800,28000,9900,12100,3000,1700,2000,17900,8000,9900,12500,13400,15500,3000,33100,3900,69400
310.0,6.55,374000,2453314.0,6.53,6.52,6.51,6.5,6.48,6.47,6.46,6.45,6.44,6.41,6.55,6.56,6.57,6.58,6.59,6.6,6.62,6.63,6.64,6.65,14900,5500,35100,5800,28000,9900,12100,3000,1700,2000,17600,8000,9900,12500,13400,15500,3000,33100,3900,69400
311.0,6.55,377000,2472964.0,6.53,6.52,6.51,6.5,6.48,6.47,6.46,6.45,6.44,6.41,6.55,6.56,6.57,6.58,6.59,6.6,6.62,6.63,6.64,6.65,14900,5500,35100,5800,28000,9900,12100,3000,1700,2000,14600,8000,9900,12500,13400,15500,3000,33100,3900,69400
312.0,6.55,377000,2472964.0,6.53,6.52,6.51,6.5,6.48,6.47,6.46,6.45,6.44,6.41,6.55,6.56,6.57,6.58,6.59,6.6,6.62,6.63,6.64,6.65,16700,5500,35100,5800,28000,9900,12100,3000,2700,2000,16400,8000,9900,12500,13400,15500,3000,33100,3900,69400
313.0,6.55,377100,2473619.0,6.53,6.52,6.51,6.5,6.48,6.47,6.46,6.45,6.44,6.41,6.55,6.56,6.57,6.58,6.59,6.6,6.62,6.63,6.64,6.65,16700,5500,35100,5800,28000,9900,12100,3000,2700,2000,16300,8000,9900,12500,13400,15500,3000,33100,3900,69400
314.0,6.55,378600,2483444.0,6.53,6.52,6.51,6.5,6.48,6.47,6.46,6.45,6.44,6.41,6.55,6.56,6.57,6.58,6.59,6.6,6.62,6.63,6.64,6.65,17200,5500,35100,5800,28000,9900,12100,3000,2700,2000,16700,8000,9900,12500,13400,15500,3000,33100,3900,69400
315.0,6.53,380100,2493239.0,6.53,6.52,6.51,6.5,6.48,6.47,6.46,6.45,6.44,6.41,6.55,6.56,6.57,6.58,6.59,6.6,6.62,6.63,6.64,6.65,17000,5500,35100,5800,28000,9900,12100,3000,2700,2000,16700,8000,9900,12500,13400,15500,3000,33100,3900,69400
316.0,6.53,380100,2493239.0,6.53,6.52,6.51,6.5,6.48,6.47,6.46,6.45,6.44,6.41,6.55,6.56,6.57,6.58,6.59,6.6,6.62,6.63,6.64,6.65,17000,5500,35100,5800,28000,9900,12100,3000,2700,2000,16700,8000,9900,12500,13400,15500,3000,33100,3900,69400
317.0,6.54,381800,2504372.0,6.53,6.52,6.51,6.5,6.48,6.47,6.46,6.45,6.44,6.41,6.55,6.56,6.57,6.58,6.59,6.6,6.62,6.63,6.64,6.65,18700,5500,35100,5800,28000,9900,12100,3000,2700,2000,16900,8000,9900,12500,13400,15500,3000,33100,3900,69400
318.0,6.54,381800,2504372.0,6.53,6.52,6.51,6.5,6.48,6.47,6.46,6.45,6.44,6.41,6.55,6.56,6.57,6.58,6.59,6.6,6.62,6.63,6.64,6.65,18700,5500,35100,5800,28000,9900,12100,3000,2700,2000,16900,8000,9900,12500,13400,15500,3000,33100,3900,69400
319.0,6.54,381800,2504372.0,6.53,6.52,6.51,6.5,6.48,6.47,6.46,6.45,6.44,6.41,6.55,6.56,6.57,6.58,6.59,6.6,6.62,6.63,6.64,6.65,18700,5500,35100,5800,28000,9900,12100,3000,2700,2000,16900,8000,9900,12500,13400,15500,3000,33100,3900,69400
320.0,6.55,383300,2514197.0,6.53,6.52,6.51,6.5,6.48,6.47,6.46,6.45,6.44,6.41,6.54,6.55,6.56,6.57,6.58,6.59,6.6,6.62,6.63,6.64,19900,5500,35100,5800,28000,9900,12100,3000,2700,2000,200,16600,8000,9900,12500,13400,15500,3000,33100,3900
321.0,6.55,383300,2514197.0,6.53,6.52,6.51,6.5,6.48,6.47,6.46,6.45,6.44,6.41,6.54,6.55,6.56,6.57,6.58,6.59,6.6,6.62,6.63,6.64,19900,5500,35100,5800,28000,9900,12100,3000,2700,2000,200,16600,8000,9900,12500,13400,15500,3000,33100,3900
322.0,6.53,384800,2523992.0,6.53,6.52,6.51,6.5,6.48,6.47,6.46,6.45,6.44,6.41,6.54,6.55,6.56,6.57,6.58,6.59,6.6,6.62,6.63,6.64,18400,5500,35100,5800,28000,9900,12100,3000,2700,2000,200,16600,8000,9900,12500,13400,15500,3000,33100,3900
323.0,6.54,385100,2525954.0,6.53,6.52,6.51,6.5,6.48,6.47,6.46,6.45,6.44,6.41,6.54,6.55,6.56,6.57,6.58,6.59,6.6,6.62,6.63,6.64,18400,5500,35100,5800,28000,9900,12100,3000,2700,2000,400,16600,8000,9900,12500,13400,15400,3000,33100,3900
324.0,6.54,385100,2525954.0,6.53,6.52,6.51,6.5,6.48,6.47,6.46,6.45,6.44,6.41,6.54,6.55,6.56,6.57,6.58,6.59,6.6,6.62,6.63,6.64,18400,5500,35100,5800,28000,9900,12100,3000,2700,2000,400,16600,8000,9900,12500,13400,15400,3000,33100,3900
325.0,6.54,385100,2525954.0,6.53,6.52,6.51,6.5,6.48,6.47,6.46,6.45,6.44,6.41,6.54,6.55,6.56,6.57,6.58,6.59,6.6,6.62,6.63,6.64,18400,5500,35100,5800,28000,9900,12100,3000,2700,2000,400,16600,8000,9900,12500,13400,15400,3000,33100,3900
326.0,6.54,385100,2525954.0,6.53,6.52,6.51,6.5,6.48,6.47,6.46,6.45,6.44,6.41,6.54,6.55,6.56,6.57,6.58,6.59,6.6,6.62,6.63,6.64,18400,5500,35100,5800,28000,9900,12100,3000,2700,2000,500,16500,8000,9900,12500,13400,15400,3000,33100,3900
327.0,6.54,385100,2525954.0,6.53,6.52,6.51,6.5,6.48,6.47,6.46,6.45,6.44,6.41,6.54,6.55,6.56,6.57,6.58,6.59,6.6,6.62,6.63,6.64,18400,5500,35100,5800,28000,9900,12100,3000,2700,2000,500,16500,8000,9900,12500,13400,15400,3000,33100,3900
328.0,6.54,385200,2526608.0,6.53,6.52,6.51,6.5,6.48,6.47,6.46,6.45,6.44,6.41,6.54,6.55,6.56,6.57,6.58,6.59,6.6,6.62,6.63,6.64,18400,5500,35100,5800,28000,9900,12100,3000,2700,2000,500,16500,8000,9900,12500,13400,15400,3000,33100,3900
329.0,6.53,386700,2536403.0,6.53,6.52,6.51,6.5,6.48,6.47,6.46,6.45,6.44,6.41,6.54,6.55,6.56,6.57,6.58,6.59,6.6,6.62,6.63,6.64,16900,5500,35100,5800,28000,9900,12100,3000,2700,2000,500,16600,8000,9900,12500,13400,15400,3000,33100,3900
330.0,6.53,386700,2536403.0,6.53,6.52,6.51,6.5,6.48,6.47,6.46,6.45,6.44,6.41,6.54,6.55,6.56,6.57,6.58,6.59,6.6,6.62,6.63,6.64,16900,5500,35100,5800,28000,9900,12100,3000,2700,2000,500,16600,8000,9900,12500,13400,15400,3000,33100,3900
331.0,6.54,386800,2537057.0,6.53,6.52,6.51,6.5,6.48,6.47,6.46,6.45,6.44,6.41,6.54,6.55,6.56,6.57,6.58,6.59,6.6,6.62,6.63,6.64,17000,5500,35100,5800,28000,9900,12100,3000,2700,2000,400,16600,8000,9900,12500,13400,15400,3000,33100,3900
332.0,6.54,386800,2537057.0,6.53,6.52,6.51,6.5,6.48,6.47,6.46,6.45,6.44,6.41,6.54,6.55,6.56,6.57,6.58,6.59,6.6,6.62,6.63,6.64,17000,5500,35100,5800,28000,9900,12100,3000,2700,2000,400,16600,8000,9900,12500,13400,15400,3000,33100,3900
333.0,6.54,387000,2538365.0,6.53,6.52,6.51,6.5,6.48,6.47,6.46,6.45,6.44,6.41,6.54,6.55,6.56,6.57,6.58,6.59,6.6,6.62,6.63,6.64,17000,5500,35100,5800,28000,9900,12100,3000,2700,2000,200,16600,8000,9900,12500,13400,15400,3000,33100,3900
334.0,6.54,387000,2538365.0,6.53,6.52,6.51,6.5,6.48,6.47,6.46,6.45,6.44,6.41,6.54,6.55,6.56,6.57,6.58,6.59,6.6,6.62,6.63,6.64,17000,5500,35100,5800,28000,9900,12100,3000,2700,2000,200,16600,8000,9900,12500,13400,15400,3000,33100,3900
335.0,6.54,387000,2538365.0,6.53,6.52,6.51,6.5,6.48,6.47,6.46,6.45,6.44,6.41,6.54,6.55,6.56,6.57,6.58,6.59,6.6,6.62,6.63,6.64,17000,5500,35100,5800,28000,9900,12100,3000,2700,2000,300,14300,8000,9900,12500,13400,15400,3000,33100,3900
336.0,6.54,387000,2538365.0,6.53,6.52,6.51,6.5,6.48,6.47,6.46,6.45,6.44,6.41,6.54,6.55,6.56,6.57,6.58,6.59,6.6,6.62,6.63,6.64,17000,5500,35100,5800,28000,9900,12100,3000,2700,2000,300,14300,8000,9900,12500,13400,15400,3000,33100,3900
337.0,6.54,388600,2548814.0,6.53,6.52,6.51,6.5,6.48,6.47,6.46,6.45,6.44,6.41,6.54,6.55,6.56,6.57,6.58,6.59,6.6,6.62,6.63,6.64,15500,5500,35100,5800,28000,9900,12100,3000,2700,2000,200,14300,8000,9900,12500,13400,15400,3000,33100,3900
338.0,6.54,388800,2550122.0,6.54,6.53,6.52,6.51,6.5,6.48,6.47,6.46,6.45,6.44,6.55,6.56,6.57,6.58,6.59,6.6,6.62,6.63,6.64,6.65,200,15400,5500,35100,5800,28000,9900,12100,3000,2700,14300,8000,9900,12500,13400,15400,3000,33100,3900,69400
339.0,6.55,390800,2563222.0,6.54,6.53,6.52,6.51,6.5,6.48,6.47,6.46,6.45,6.44,6.55,6.56,6.57,6.58,6.59,6.6,6.62,6.63,6.64,6.65,1700,15400,5500,35100,5800,28000,9900,12100,3000,2700,14000,11600,9900,12500,13400,15400,3000,33100,3900,69400
340.0,6.55,392200,2572392.0,6.54,6.53,6.52,6.51,6.5,6.48,6.47,6.46,6.45,6.44,6.55,6.56,6.57,6.58,6.59,6.6,6.62,6.63,6.64,6.65,1700,15400,5500,35100,5800,28000,9900,12100,3000,2700,12600,11600,9900,12500,13400,15400,3000,33100,3900,69400
341.0,6.55,392400,2573701.0,6.54,6.53,6.52,6.51,6.5,6.48,6.47,6.46,6.45,6.44,6.55,6.56,6.57,6.58,6.59,6.6,6.62,6.63,6.64,6.65,1600,15400,5500,35100,5800,28000,9900,12100,3000,2700,12500,11600,9900,12500,13400,15400,3000,33100,3900,69400
342.0,6.55,392400,2573701.0,6.54,6.53,6.52,6.51,6.5,6.48,6.47,6.46,6.45,6.44,6.55,6.56,6.57,6.58,6.59,6.6,6.62,6.63,6.64,6.65,1600,15400,5500,35100,5800,28000,9900,12100,3000,2700,12500,11600,9900,12500,13400,15400,3000,33100,3900,69400
343.0,6.53,405700,2660602.0,6.53,6.52,6.51,6.5,6.48,6.47,6.46,6.45,6.44,6.41,6.55,6.56,6.57,6.58,6.59,6.6,6.62,6.63,6.64,6.65,5500,5500,35100,5800,28000,9900,12100,3000,2700,2000,8100,11600,9900,12500,13400,15400,3000,33100,3900,69400
344.0,6.54,406800,2667791.0,6.53,6.52,6.51,6.5,6.48,6.47,6.46,6.45,6.44,6.41,6.54,6.55,6.56,6.57,6.58,6.59,6.6,6.62,6.63,6.64,5400,5500,35100,5800,28000,9900,12100,3000,2700,2000,2700,9100,11600,9900,12500,13400,15400,3000,33100,3900
345.0,6.54,409500,2685449.0,6.54,6.53,6.52,6.51,6.5,6.48,6.47,6.46,6.45,6.44,6.55,6.56,6.57,6.58,6.59,6.6,6.62,6.63,6.64,6.65,500,5400,5500,35100,5800,28000,9900,12100,3000,2700,9100,11600,9900,12500,13400,15400,3000,33100,3900,69400
346.0,6.54,409500,2685449.0,6.54,6.53,6.52,6.51,6.5,6.48,6.47,6.46,6.45,6.44,6.55,6.56,6.57,6.58,6.59,6.6,6.62,6.63,6.64,6.65,1700,5400,5500,35100,5800,28000,9900,12100,3000,2700,11100,11600,9900,12500,13400,15400,3000,33100,3900,69400
347.0,6.55,410600,2692654.0,6.54,6.53,6.52,6.51,6.5,6.48,6.47,6.46,6.45,6.44,6.55,6.56,6.57,6.58,6.59,6.6,6.62,6.63,6.64,6.65,1700,5400,5500,35100,5800,28000,9900,12100,3000,2700,10000,11600,9900,12500,13400,15400,3000,33100,3900,69400
348.0,6.55,410600,2692654.0,6.54,6.53,6.52,6.51,6.5,6.48,6.47,6.46,6.45,6.44,6.55,6.56,6.57,6.58,6.59,6.6,6.62,6.63,6.64,6.65,1700,5400,5500,35100,5800,28000,9900,12100,3000,2700,10000,11600,9900,12500,13400,15400,3000,33100,3900,69400
349.0,6.55,410600,2692654.0,6.54,6.53,6.52,6.51,6.5,6.48,6.47,6.46,6.45,6.44,6.55,6.56,6.57,6.58,6.59,6.6,6.62,6.63,6.64,6.65,1700,5400,5500,35100,5800,28000,9900,12100,3000,2700,10000,11600,9900,12500,13400,15400,3000,33100,3900,69400
350.0,6.55,410600,2692654.0,6.54,6.53,6.52,6.51,6.5,6.48,6.47,6.46,6.45,6.44,6.55,6.56,6.57,6.58,6.59,6.6,6.62,6.63,6.64,6.65,1700,5400,5500,35100,5800,28000,9900,12100,3000,2700,10000,11600,9900,12500,13400,15400,3000,33100,3900,69400
351.0,6.55,411600,2699204.0,6.54,6.53,6.52,6.51,6.5,6.48,6.47,6.46,6.45,6.44,6.55,6.56,6.57,6.58,6.59,6.6,6.62,6.63,6.64,6.65,1700,5400,5500,35100,5800,28000,9900,12100,3000,2700,9000,11600,9900,12500,13400,15400,3000,33100,3900,69400
352.0,6.54,411700,2699858.0,6.54,6.53,6.52,6.51,6.5,6.48,6.47,6.46,6.45,6.44,6.55,6.56,6.57,6.58,6.59,6.6,6.62,6.63,6.64,6.65,1600,5400,5500,35100,5800,28000,9900,12100,3000,2700,26900,11600,9900,12500,13400,15400,3000,33100,3900,69400
353.0,6.54,411700,2699858.0,6.54,6.53,6.52,6.51,6.5,6.48,6.47,6.46,6.45,6.44,6.55,6.56,6.57,6.58,6.59,6.6,6.62,6.63,6.64,6.65,1600,5400,5500,35100,5800,28000,9900,12100,3000,2700,26900,11600,9900,12500,13400,15400,3000,33100,3900,69400
354.0,6.55,413200,2709683.0,6.54,6.53,6.52,6.51,6.5,6.48,6.47,6.46,6.45,6.44,6.55,6.56,6.57,6.58,6.59,6.6,6.62,6.63,6.64,6.65,1600,5400,5500,35100,5800,28000,9900,12100,3000,2700,25400,11600,9900,12500,13400,15400,3000,33100,3900,69400
355.0,6.55,413200,2709683.0,6.54,6.53,6.52,6.51,6.5,6.48,6.47,6.46,6.45,6.44,6.55,6.56,6.57,6.58,6.59,6.6,6.62,6.63,6.64,6.65,1600,5400,5500,35100,5800,28000,9900,12100,3000,2700,25400,11600,9900,12500,13400,15400,3000,33100,3900,69400
356.0,6.55,413400,2710993.0,6.54,6.53,6.52,6.51,6.5,6.48,6.47,6.46,6.45,6.44,6.55,6.56,6.57,6.58,6.59,6.6,6.62,6.63,6.64,6.65,1600,5400,5500,35100,5800,28000,9900,12100,3000,2700,25200,11600,9900,12500,13400,15400,3000,33100,3900,69400
357.0,6.55,417900,2740468.0,6.54,6.53,6.52,6.51,6.5,6.48,6.47,6.46,6.45,6.44,6.55,6.56,6.57,6.58,6.59,6.6,6.62,6.63,6.64,6.65,1600,5400,5500,35100,5800,28000,9900,12100,3000,2700,20700,11600,9900,12500,13400,15400,3000,33100,3900,69400
358.0,6.55,417900,2740468.0,6.54,6.53,6.52,6.51,6.5,6.48,6.47,6.46,6.45,6.44,6.55,6.56,6.57,6.58,6.59,6.6,6.62,6.63,6.64,6.65,1600,5400,5500,35100,5800,28000,9900,12100,3000,2700,20700,11600,9900,12500,13400,15400,3000,33100,3900,69400
359.0,6.55,417900,2740468.0,6.54,6.53,6.52,6.51,6.5,6.48,6.47,6.46,6.45,6.44,6.55,6.56,6.57,6.58,6.59,6.6,6.62,6.63,6.64,6.65,1600,5400,5500,35100,5800,28000,9900,12100,3000,2700,20700,11600,9900,12500,13400,15400,3000,33100,3900,69400
360.0,6.54,418000,2741122.0,6.54,6.53,6.52,6.51,6.5,6.48,6.47,6.46,6.45,6.44,6.55,6.56,6.57,6.58,6.59,6.6,6.62,6.63,6.64,6.65,1500,5400,5500,35100,5800,28000,9900,12100,3000,2700,20700,11600,9900,12500,13400,15400,3000,33100,3900,69400
361.0,6.55,419500,2750947.0,6.54,6.53,6.52,6.51,6.5,6.48,6.47,6.46,6.45,6.44,6.55,6.56,6.57,6.58,6.59,6.6,6.62,6.63,6.64,6.65,1500,5400,5500,35100,5800,28000,9900,12100,3000,2700,19300,11600,9900,12500,13400,15400,3000,33100,3900,69400
362.0,6.54,420200,2755525.0,6.54,6.53,6.52,6.51,6.5,6.48,6.47,6.46,6.45,6.44,6.55,6.56,6.57,6.58,6.59,6.6,6.62,6.63,6.64,6.65,800,5400,5500,35100,5800,28000,9900,12100,3000,2700,19300,11600,9900,12500,13400,15400,3000,33100,3900,69400
363.0,6.54,420200,2755525.0,6.54,6.53,6.52,6.51,6.5,6.48,6.47,6.46,6.45,6.44,6.55,6.56,6.57,6.58,6.59,6.6,6.62,6.63,6.64,6.65,800,5400,5500,35100,5800,28000,9900,12100,3000,2700,19300,11600,9900,12500,13400,15400,3000,33100,3900,69400
364.0,6.55,421700,2765350.0,6.54,6.53,6.52,6.51,6.5,6.48,6.47,6.46,6.45,6.44,6.55,6.56,6.57,6.58,6.59,6.6,6.62,6.63,6.64,6.65,800,5400,5500,35100,5800,28000,9900,12100,3000,2700,17800,11600,9900,12500,13400,15400,3000,33100,3900,69400
365.0,6.54,421800,2766004.0,6.54,6.53,6.52,6.51,6.5,6.48,6.47,6.46,6.45,6.44,6.55,6.56,6.57,6.58,6.59,6.6,6.62,6.63,6.64,6.65,700,5400,5500,35100,5800,28000,9900,12100,3000,2700,17900,11600,9900,12500,13400,15400,3000,33100,3900,69400
366.0,6.53,427900,2805844.0,6.52,6.51,6.5,6.48,6.47,6.46,6.45,6.44,6.41,6.4,6.53,6.54,6.55,6.56,6.57,6.58,6.59,6.6,6.62,6.63,5500,35100,5800,28000,9900,12100,3000,2700,2000,7000,14400,5800,17900,11600,9900,12500,13400,15400,3000,33100
367.0,6.53,429800,2818246.0,6.52,6.51,6.5,6.48,6.47,6.46,6.45,6.44,6.41,6.4,6.54,6.55,6.56,6.57,6.58,6.59,6.6,6.62,6.63,6.64,5000,35100,5800,28000,9900,12100,3000,2700,2000,7000,6800,17900,11600,9900,12500,13400,15400,3000,33100,3900
368.0,6.53,429900,2818899.0,6.53,6.52,6.51,6.5,6.48,6.47,6.46,6.45,6.44,6.41,6.54,6.55,6.56,6.57,6.58,6.59,6.6,6.62,6.63,6.64,300,5000,35100,5800,28000,9900,12100,3000,2700,2000,7000,17900,11600,9900,12500,13400,15400,3000,33100,3900
369.0,6.54,431300,2828055.0,6.53,6.52,6.51,6.5,6.48,6.47,6.46,6.45,6.44,6.41,6.54,6.55,6.56,6.57,6.58,6.59,6.6,6.62,6.63,6.64,300,5000,35100,5800,28000,9900,12100,3000,2700,2000,5600,17900,11600,9900,12500,13400,15400,3000,33100,3900
370.0,6.54,431800,2831325.0,6.53,6.52,6.51,6.5,6.48,6.47,6.46,6.45,6.44,6.41,6.54,6.55,6.56,6.57,6.58,6.59,6.6,6.62,6.63,6.64,300,5000,35100,5800,28000,9900,12100,3000,2700,2000,5100,17900,11600,9900,12500,13400,15400,3000,33100,3900
371.0,6.54,437200,2866641.0,6.54,6.53,6.52,6.51,6.5,6.48,6.47,6.46,6.45,6.44,6.55,6.56,6.57,6.58,6.59,6.6,6.62,6.63,6.64,6.65,7500,300,5000,35100,5800,28000,9900,12100,3000,2700,17900,11600,9900,12500,13400,15400,3000,33100,3900,69400
372.0,6.54,437200,2866641.0,6.54,6.53,6.52,6.51,6.5,6.48,6.47,6.46,6.45,6.44,6.55,6.56,6.57,6.58,6.59,6.6,6.62,6.63,6.64,6.65,7500,300,5000,35100,5800,28000,9900,12100,3000,2700,17900,11600,9900,12500,13400,15400,3000,33100,3900,69400
373.0,6.54,437200,2866641.0,6.54,6.53,6.52,6.51,6.5,6.48,6.47,6.46,6.45,6.44,6.55,6.56,6.57,6.58,6.59,6.6,6.62,6.63,6.64,6.65,7500,300,5000,35100,5800,28000,9900,12100,3000,2700,17900,11600,9900,12500,13400,15400,3000,33100,3900,69400
374.0,6.54,439400,2881044.0,6.54,6.52,6.51,6.5,6.48,6.47,6.46,6.45,6.44,6.41,6.55,6.56,6.57,6.58,6.59,6.6,6.62,6.63,6.64,6.65,6800,5000,35100,5800,28000,9900,12100,3000,2700,2000,16400,11600,9900,12500,13400,15400,3000,33100,3900,69400
375.0,6.54,446200,2925516.0,6.52,6.51,6.5,6.48,6.47,6.46,6.45,6.44,6.41,6.4,6.54,6.55,6.56,6.57,6.58,6.59,6.6,6.62,6.63,6.64,5000,35100,5800,28000,9900,12100,3000,2700,2000,7000,1200,16400,11600,9900,12500,13400,15400,3000,33100,3900
376.0,6.53,446500,2927477.0,6.53,6.52,6.51,6.5,6.48,6.47,6.46,6.45,6.44,6.41,6.54,6.55,6.56,6.57,6.58,6.59,6.6,6.62,6.63,6.64,200,6300,35100,5800,28000,9900,12100,3000,2700,2000,2300,16300,11600,9900,12500,13400,15400,3000,33100,3900
377.0,6.54,448000,2937287.0,6.53,6.52,6.51,6.5,6.48,6.47,6.46,6.45,6.44,6.41,6.54,6.55,6.56,6.57,6.58,6.59,6.6,6.62,6.63,6.64,7500,6300,35100,5800,28000,9900,12100,3000,2700,2000,800,16300,11600,9900,12500,13400,15400,3000,33100,3900
378.0,6.54,448800,2942519.0,6.53,6.52,6.51,6.5,6.48,6.47,6.46,6.45,6.44,6.41,6.55,6.56,6.57,6.58,6.59,6.6,6.62,6.63,6.64,6.65,7300,6300,35100,5800,28000,9900,12100,3000,2700,2000,16300,11600,9900,12500,13400,15400,3000,33100,3900,69400
379.0,6.54,448800,2942519.0,6.53,6.52,6.51,6.5,6.48,6.47,6.46,6.45,6.44,6.41,6.55,6.56,6.57,6.58,6.59,6.6,6.62,6.63,6.64,6.65,7600,6300,35100,5800,28000,9900,12100,3000,2700,2000,16700,11600,9900,12500,13400,15400,3000,33100,3900,69400
380.0,6.55,453300,2971994.0,6.53,6.52,6.51,6.5,6.48,6.47,6.46,6.45,6.44,6.41,6.55,6.56,6.57,6.58,6.59,6.6,6.62,6.63,6.64,6.65,7500,6300,35100,5800,28000,9900,12100,3000,2700,2000,12200,11600,9900,12500,13400,15400,3000,33100,3900,69400
381.0,6.55,453300,2971994.0,6.53,6.52,6.51,6.5,6.48,6.47,6.46,6.45,6.44,6.41,6.55,6.56,6.57,6.58,6.59,6.6,6.62,6.63,6.64,6.65,8800,6300,35100,5800,28000,9900,12100,3000,2700,2000,13500,11600,9900,12500,13400,15400,3000,33100,3900,69400
382.0,6.53,454100,2977218.0,6.53,6.52,6.51,6.5,6.48,6.47,6.46,6.45,6.44,6.41,6.55,6.56,6.57,6.58,6.59,6.6,6.62,6.63,6.64,6.65,8000,6300,35100,5800,28000,9900,12100,3000,2700,2000,13500,11600,9900,12500,13400,15400,3000,33100,3900,69400
383.0,6.53,454100,2977218.0,6.53,6.52,6.51,6.5,6.48,6.47,6.46,6.45,6.44,6.41,6.55,6.56,6.57,6.58,6.59,6.6,6.62,6.63,6.64,6.65,8900,6300,35100,5800,28000,9900,12100,3000,2700,2000,14400,11600,9900,12500,13400,15400,3000,33100,3900,69400
384.0,6.55,455500,2986388.0,6.53,6.52,6.51,6.5,6.48,6.47,6.46,6.45,6.44,6.41,6.55,6.56,6.57,6.58,6.59,6.6,6.62,6.63,6.64,6.65,9300,6300,35100,5800,28000,9900,12100,3000,2700,2000,13400,11600,9900,12500,13400,15400,3000,33100,3900,69400
385.0,6.55,455500,2986388.0,6.53,6.52,6.51,6.5,6.48,6.47,6.46,6.45,6.44,6.41,6.55,6.56,6.57,6.58,6.59,6.6,6.62,6.63,6.64,6.65,9300,6300,35100,5800,28000,9900,12100,3000,2700,2000,13400,11600,9900,12500,13400,15400,3000,33100,3900,69400
386.0,6.55,455500,2986388.0,6.53,6.52,6.51,6.5,6.48,6.47,6.46,6.45,6.44,6.41,6.54,6.55,6.56,6.57,6.58,6.59,6.6,6.62,6.63,6.64,10600,6300,35100,5800,28000,9900,12100,3000,2700,2000,100,14700,11600,9900,12500,13400,15400,3000,33100,3900
387.0,6.55,455500,2986388.0,6.53,6.52,6.51,6.5,6.48,6.47,6.46,6.45,6.44,6.41,6.54,6.55,6.56,6.57,6.58,6.59,6.6,6.62,6.63,6.64,10600,6300,35100,5800,28000,9900,12100,3000,2700,2000,100,14700,11600,9900,12500,13400,15400,3000,33100,3900
388.0,6.54,455600,2987042.0,6.54,6.53,6.52,6.51,6.5,6.48,6.47,6.46,6.45,6.44,6.55,6.56,6.57,6.58,6.59,6.6,6.62,6.63,6.64,6.65,300,10600,6300,35100,5800,28000,9900,12100,3000,2700,4400,11600,9900,12500,13400,15400,3000,33100,3900,69400
389.0,6.54,455600,2987042.0,6.54,6.53,6.52,6.51,6.5,6.48,6.47,6.46,6.45,6.44,6.55,6.56,6.57,6.58,6.59,6.6,6.62,6.63,6.64,6.65,300,10600,6300,35100,5800,28000,9900,12100,3000,2700,4400,11600,9900,12500,13400,15400,3000,33100,3900,69400
390.0,6.55,456000,2989662.0,6.54,6.53,6.52,6.51,6.5,6.48,6.47,6.46,6.45,6.44,6.55,6.56,6.57,6.58,6.59,6.6,6.62,6.63,6.64,6.65,300,10600,6300,35100,5800,28000,9900,12100,3000,2700,4000,11600,9900,12500,13400,15400,3000,33100,3900,69400
391.0,6.55,457000,2996212.0,6.54,6.53,6.52,6.51,6.5,6.48,6.47,6.46,6.45,6.44,6.55,6.56,6.57,6.58,6.59,6.6,6.62,6.63,6.64,6.65,300,10600,6300,35100,5800,28000,9900,12100,3000,2700,3000,11600,9900,12500,13400,15400,3000,33100,3900,69400
392.0,6.55,457700,3000797.0,6.54,6.53,6.52,6.51,6.5,6.48,6.47,6.46,6.45,6.44,6.55,6.56,6.57,6.58,6.59,6.6,6.62,6.63,6.64,6.65,300,10600,6300,35100,5800,28000,9900,12100,3000,2700,2300,11600,9900,12500,13400,15400,3000,33100,3900,69400
393.0,6.55,457700,3000797.0,6.54,6.53,6.52,6.51,6.5,6.48,6.47,6.46,6.45,6.44,6.55,6.56,6.57,6.58,6.59,6.6,6.62,6.63,6.64,6.65,300,10600,6300,35100,5800,28000,9900,12100,3000,2700,2300,11600,9900,12500,13400,15400,3000,33100,3900,69400
394.0,6.55,457900,3002107.0,6.54,6.53,6.52,6.51,6.5,6.48,6.47,6.46,6.45,6.44,6.55,6.56,6.57,6.58,6.59,6.6,6.62,6.63,6.64,6.65,300,10600,6300,35100,5800,28000,9900,12100,3000,2700,2500,11600,9900,12500,13400,15400,3000,33100,3900,69400
395.0,6.55,457900,3002107.0,6.54,6.53,6.52,6.51,6.5,6.48,6.47,6.46,6.45,6.44,6.55,6.56,6.57,6.58,6.59,6.6,6.62,6.63,6.64,6.65,300,10600,6300,35100,5800,28000,9900,12100,3000,2700,2500,11600,9900,12500,13400,15400,3000,33100,3900,69400
396.0,6.55,457900,3002107.0,6.54,6.53,6.52,6.51,6.5,6.48,6.47,6.46,6.45,6.44,6.55,6.56,6.57,6.58,6.59,6.6,6.62,6.63,6.64,6.65,300,10600,6300,35100,5800,28000,9900,12100,3000,2700,2500,11600,9900,12500,13400,15400,3000,33100,3900,69400
397.0,6.55,458100,3003417.0,6.54,6.53,6.52,6.51,6.5,6.48,6.47,6.46,6.45,6.44,6.55,6.56,6.57,6.58,6.59,6.6,6.62,6.63,6.64,6.65,300,10600,6300,35100,5800,28000,9900,12100,3000,2700,11800,11600,9900,12500,13400,15400,3000,33100,3900,69400
398.0,6.55,458100,3003417.0,6.54,6.53,6.52,6.51,6.5,6.48,6.47,6.46,6.45,6.44,6.55,6.56,6.57,6.58,6.59,6.6,6.62,6.63,6.64,6.65,300,10600,6300,35100,5800,28000,9900,12100,3000,2700,13800,11600,9900,12500,13400,15400,3000,33100,3900,69400
399.0,6.55,458200,3004072.0,6.54,6.53,6.52,6.51,6.5,6.48,6.47,6.46,6.45,6.44,6.55,6.56,6.57,6.58,6.59,6.6,6.62,6.63,6.64,6.65,300,10600,6300,35100,5800,28000,9900,12100,3000,2700,13700,11600,9900,12500,13400,15400,3000,33100,3900,69400
400.0,6.55,459500,3012587.0,6.54,6.53,6.52,6.51,6.5,6.48,6.47,6.46,6.45,6.44,6.55,6.56,6.57,6.58,6.59,6.6,6.62,6.63,6.64,6.65,300,10600,6300,35100,5800,28000,9900,12100,3000,2700,17900,11600,9900,12500,13400,15400,3000,33100,3900,69400
401.0,6.54,459800,3014549.0,6.53,6.52,6.51,6.5,6.48,6.47,6.46,6.45,6.44,6.41,6.55,6.56,6.57,6.58,6.59,6.6,6.62,6.63,6.64,6.65,10600,6300,35100,5800,28000,9900,12100,3000,2700,2000,17900,11600,9900,12500,13400,15400,3000,33100,3900,69400
402.0,6.54,459800,3014549.0,6.53,6.52,6.51,6.5,6.48,6.47,6.46,6.45,6.44,6.41,6.55,6.56,6.57,6.58,6.59,6.6,6.62,6.63,6.64,6.65,10600,6300,35100,5800,28000,9900,12100,3000,2700,2000,17900,11600,9900,12500,13400,15400,3000,33100,3900,69400
403.0,6.54,459800,3014549.0,6.53,6.52,6.51,6.5,6.48,6.47,6.46,6.45,6.44,6.41,6.55,6.56,6.57,6.58,6.59,6.6,6.62,6.63,6.64,6.65,11800,6300,35100,5800,28000,9900,12100,3000,2700,2000,19100,11600,9900,12500,13400,15400,3000,33100,3900,69400
404.0,6.53,465900,3054502.0,6.53,6.52,6.51,6.5,6.48,6.47,6.46,6.45,6.44,6.41,6.55,6.56,6.57,6.58,6.59,6.6,6.62,6.63,6.64,6.65,11700,6300,35100,5800,28000,9900,12100,3000,2700,2000,13100,11600,9900,12500,13400,35400,3000,33100,3900,69400
405.0,6.53,465900,3054502.0,6.53,6.52,6.51,6.5,6.48,6.47,6.46,6.45,6.44,6.41,6.55,6.56,6.57,6.58,6.59,6.6,6.62,6.63,6.64,6.65,11700,6300,35100,5800,28000,9900,12100,3000,2700,2000,13100,11600,800,12500,13400,35400,3000,33100,3900,69400
406.0,6.55,466600,3059087.0,6.53,6.52,6.51,6.5,6.48,6.47,6.46,6.45,6.44,6.41,6.55,6.56,6.57,6.58,6.59,6.6,6.62,6.63,6.64,6.65,12100,6300,35100,5800,28000,9900,12100,3000,2700,2000,13000,11600,800,12500,13400,35400,3000,33100,3900,69400
407.0,6.55,467900,3067602.0,6.53,6.52,6.51,6.5,6.48,6.47,6.46,6.45,6.44,6.41,6.55,6.56,6.57,6.58,6.59,6.6,6.62,6.63,6.64,6.65,12100,6300,35100,5800,28000,9900,12100,3000,2700,2000,11700,11600,800,11500,13400,35400,3000,33100,3900,69400
408.0,6.55,467900,3067602.0,6.53,6.52,6.51,6.5,6.48,6.47,6.46,6.45,6.44,6.41,6.55,6.56,6.57,6.58,6.59,6.6,6.62,6.63,6.64,6.65,12500,6300,35100,5800,28000,9900,12100,3000,2700,2000,12100,11600,800,11500,13400,35400,3000,33100,3900,69400
409.0,6.55,467900,3067602.0,6.53,6.52,6.51,6.5,6.48,6.47,6.46,6.45,6.44,6.41,6.55,6.56,6.57,6.58,6.59,6.6,6.62,6.63,6.64,6.65,12500,6300,35100,5800,28000,9900,12100,3000,2700,2000,12100,11600,800,11500,13400,35400,3000,33100,3900,69400
410.0,6.55,469100,3075462.0,6.53,6.52,6.51,6.5,6.48,6.47,6.46,6.45,6.44,6.41,6.55,6.56,6.57,6.58,6.59,6.6,6.62,6.63,6.64,6.65,12500,6300,35100,5800,28000,9900,12100,3000,2700,2000,16000,11600,800,11500,13400,35400,3000,33100,3900,69400
411.0,6.55,469100,3075462.0,6.53,6.52,6.51,6.5,6.48,6.47,6.46,6.45,6.44,6.41,6.55,6.56,6.57,6.58,6.59,6.6,6.62,6.63,6.64,6.65,12900,6300,35100,5800,28000,9900,12100,3000,2700,2000,16400,11600,800,11500,13400,35400,3000,33100,3900,69400
412.0,6.55,470600,3085287.0,6.53,6.52,6.51,6.5,6.48,6.47,6.46,6.45,6.44,6.41,6.55,6.56,6.57,6.58,6.59,6.6,6.62,6.63,6.64,6.65,12900,6300,35100,5800,28000,9900,12100,3000,2700,2000,14900,11600,800,11500,13400,35400,3000,33100,3900,69400
413.0,6.55,470600,3085287.0,6.53,6.52,6.51,6.5,6.48,6.47,6.46,6.45,6.44,6.41,6.55,6.56,6.57,6.58,6.59,6.6,6.62,6.63,6.64,6.65,12900,6300,35100,5800,28000,9900,12100,3000,2700,2000,14900,11600,800,11500,13400,35400,3000,33100,3900,69400
414.0,6.55,472000,3094457.0,6.53,6.52,6.51,6.5,6.48,6.47,6.46,6.45,6.44,6.41,6.55,6.56,6.57,6.58,6.59,6.6,6.62,6.63,6.64,6.65,13300,6300,35100,5800,28000,9900,12100,3000,2700,2000,13900,11600,800,11500,13400,35400,3000,33100,3900,69400
415.0,6.55,472000,3094457.0,6.53,6.52,6.51,6.5,6.48,6.47,6.46,6.45,6.44,6.41,6.55,6.56,6.57,6.58,6.59,6.6,6.62,6.63,6.64,6.65,13300,6300,37900,5800,28000,9900,12100,3000,2700,2000,13900,11600,800,11500,13400,35400,3000,33100,3900,69400
416.0,6.55,474700,3112142.0,6.53,6.52,6.51,6.5,6.48,6.47,6.46,6.45,6.44,6.41,6.55,6.56,6.57,6.58,6.59,6.6,6.62,6.63,6.64,6.65,13700,6300,37900,5800,28000,9900,12100,3000,2700,2000,11600,11600,800,11500,13400,35400,3000,33100,3900,69400
417.0,6.55,475800,3119347.0,6.53,6.52,6.51,6.5,6.48,6.47,6.46,6.45,6.44,6.41,6.55,6.56,6.57,6.58,6.59,6.6,6.62,6.63,6.64,6.65,13700,6300,37900,5800,28000,9900,12100,3000,2700,2000,10500,11600,800,11500,13400,35400,3000,33100,3900,69400
418.0,6.55,475800,3119347.0,6.53,6.52,6.51,6.5,6.48,6.47,6.46,6.45,6.44,6.41,6.55,6.56,6.57,6.58,6.59,6.6,6.62,6.63,6.64,6.65,14100,6300,37900,5800,28000,9900,12100,3000,2700,2000,10900,11600,800,11500,13400,35400,3000,33100,3900,69400
419.0,6.55,476800,3125897.0,6.53,6.52,6.51,6.5,6.48,6.47,6.46,6.45,6.44,6.41,6.54,6.55,6.56,6.57,6.58,6.59,6.6,6.62,6.63,6.64,14200,6300,37900,5800,28000,9900,12100,3000,2700,2000,500,9900,11600,800,11500,13400,35400,3000,33100,3900
420.0,6.55,476800,3125897.0,6.53,6.52,6.51,6.5,6.48,6.47,6.46,6.45,6.44,6.41,6.54,6.55,6.56,6.57,6.58,6.59,6.6,6.62,6.63,6.64,14200,6300,37900,5800,28000,9900,12100,3000,2700,2000,500,9900,11600,800,11500,13400,35400,3000,33100,3900
421.0,6.54,476900,3126551.0,6.53,6.52,6.51,6.5,6.48,6.47,6.46,6.45,6.44,6.41,6.54,6.55,6.56,6.57,6.58,6.59,6.6,6.62,6.63,6.64,14200,6300,37900,5800,28000,9900,12100,3000,2700,2000,400,9900,11600,800,11500,13400,35400,3000,33100,3900
422.0,6.54,476900,3126551.0,6.53,6.52,6.51,6.5,6.48,6.47,6.46,6.45,6.44,6.41,6.54,6.55,6.56,6.57,6.58,6.59,6.6,6.62,6.63,6.64,14200,6300,37900,5800,28000,9900,12100,3000,2700,2000,400,9900,11600,800,11500,13400,35400,3000,33100,3900
