LocalTime,LastPrice,TradeVolume,TradeValue,BidPrice1,BidPrice2,BidPrice3,BidPrice4,BidPrice5,BidPrice6,BidPrice7,BidPrice8,BidPrice9,BidPriceA,AskPrice1,AskPrice2,AskPrice3,AskPrice4,AskPrice5,AskPrice6,AskPrice7,AskPrice8,AskPrice9,AskPriceA,BidVolume1,BidVolume2,BidVolume3,BidVolume4,BidVolume5,BidVolume6,BidVolume7,BidVolume8,BidVolume9,BidVolumeA,AskVolume1,AskVolume2,AskVolume3,AskVolume4,AskVolume5,AskVolume6,AskVolume7,AskVolume8,AskVolume9,AskVolumeA
0.0,8.88,7700,68376.0,8.8,8.76,8.73,8.72,8.7,8.69,8.68,8.66,8.65,8.61,8.88,8.89,8.9,8.92,8.93,8.94,8.97,8.98,8.99,9.0,5200,2000,1000,2600,5000,900,6100,400,700,1000,3500,100,5500,800,15000,400,600,1100,300,13400
1.0,8.88,7700,68376.0,8.8,8.76,8.73,8.72,8.7,8.69,8.68,8.66,8.65,8.61,8.86,8.87,8.88,8.89,8.9,8.92,8.93,8.94,8.97,8.98,5200,2000,1000,2600,5000,900,6100,400,700,1000,100,1800,4200,100,5500,900,15000,400,600,1100
2.0,8.8,8300,73656.0,8.8,8.76,8.73,8.72,8.7,8.68,8.66,8.65,8.61,8.6,8.86,8.87,8.88,8.89,8.9,8.92,8.93,8.94,8.97,8.98,4600,3000,100,2600,5000,6100,400,700,1000,1100,100,1800,4200,100,2000,900,15000,400,600,1100
3.0,8.8,13400,118562.0,8.8,8.76,8.73,8.72,8.7,8.69,8.68,8.66,8.65,8.61,8.86,8.87,8.88,8.89,8.9,8.92,8.93,8.97,8.98,8.99,2700,3000,100,2600,5000,5100,6100,400,700,1000,1200,1800,4200,100,2000,1600,15300,600,1100,300
4.0,8.8,19800,175096.0,8.76,8.73,8.72,8.7,8.69,8.68,8.66,8.65,8.61,8.6,8.8,8.86,8.88,8.89,8.9,8.92,8.93,8.97,8.98,8.99,3000,3800,2600,5300,5100,6100,400,700,1000,1100,400,300,1600,100,2000,3700,15300,600,1100,300
5.0,8.82,21700,191830.0,8.82,8.78,8.76,8.73,8.72,8.7,8.69,8.68,8.66,8.65,8.84,8.86,8.87,8.88,8.89,8.9,8.92,8.93,8.97,8.98,1000,4900,3000,3800,2600,5300,5100,6100,400,700,500,900,5500,1600,100,2300,3700,15300,600,1100
6.0,8.8,24700,218250.0,8.76,8.73,8.72,8.7,8.69,8.68,8.66,8.65,8.61,8.6,8.8,8.82,8.84,8.86,8.87,8.88,8.89,8.9,8.92,8.93,3000,3800,2600,5300,5100,6100,400,700,1000,1100,25000,900,900,1400,6800,1600,100,2300,4700,15300
7.0,8.8,24700,218250.0,8.76,8.73,8.72,8.7,8.69,8.68,8.66,8.65,8.61,8.6,8.8,8.82,8.86,8.87,8.88,8.89,8.9,8.92,8.93,8.95,3000,3800,2600,5300,5100,6100,400,700,1000,1100,28100,500,1400,6800,1600,1200,4300,4700,15300,1000
8.0,8.8,30100,265642.0,8.73,8.72,8.7,8.69,8.68,8.66,8.65,8.61,8.6,8.55,8.8,8.82,8.84,8.86,8.87,8.88,8.89,8.9,8.92,8.93,3800,2600,5300,5100,6100,400,1700,1000,1100,1500,26100,1300,500,900,6800,1800,1200,4800,4700,20300
9.0,8.8,30400,268282.0,8.73,8.72,8.71,8.7,8.69,8.68,8.66,8.65,8.61,8.6,8.8,8.81,8.82,8.83,8.84,8.85,8.86,8.87,8.88,8.89,3800,2600,1000,5300,5100,6100,400,1700,1000,1100,26400,1500,1300,1800,500,2400,1200,8200,2200,1800
10.0,8.8,30400,268282.0,8.77,8.73,8.72,8.71,8.7,8.69,8.68,8.66,8.65,8.61,8.8,8.81,8.82,8.83,8.84,8.85,8.86,8.87,8.88,8.89,1100,3800,2600,1000,5300,5100,6100,400,1700,1000,26400,1700,3100,1800,500,2400,1200,8200,2200,2200
11.0,8.73,35400,311976.0,8.72,8.71,8.7,8.69,8.68,8.66,8.65,8.61,8.6,8.55,8.73,8.75,8.79,8.8,8.81,8.82,8.83,8.85,8.86,8.87,2600,1000,5300,5100,6100,400,1700,1000,1100,1500,7500,1200,1700,28600,2000,2000,3100,2000,1200,8200
12.0,8.72,39100,344251.0,8.71,8.7,8.69,8.68,8.66,8.65,8.61,8.6,8.55,8.51,8.72,8.73,8.75,8.79,8.8,8.81,8.82,8.83,8.85,8.86,1000,5300,5100,6100,400,1700,1000,1100,1500,700,1300,8100,300,3000,11500,200,2000,2700,2000,1200
13.0,8.72,39500,347739.0,8.71,8.7,8.69,8.68,8.66,8.65,8.61,8.6,8.55,8.51,8.72,8.73,8.75,8.79,8.8,8.81,8.82,8.83,8.85,8.86,1000,5300,5100,6100,400,1700,1000,1100,1500,700,1400,8500,500,3000,9700,200,2000,2200,2000,1200
14.0,8.71,40500,356451.0,8.71,8.7,8.69,8.68,8.66,8.65,8.61,8.6,8.55,8.51,8.72,8.73,8.75,8.78,8.79,8.8,8.81,8.82,8.83,8.84,200,5300,5100,6100,400,1700,1000,1100,1500,700,2800,3500,800,17000,3000,9500,200,19300,2200,17400
15.0,8.72,40600,357323.0,8.71,8.7,8.69,8.68,8.66,8.65,8.61,8.6,8.55,8.51,8.72,8.73,8.75,8.78,8.79,8.8,8.81,8.82,8.83,8.84,1100,5300,5100,6100,400,1700,1000,1100,1500,700,400,3400,900,17000,3000,9500,200,19300,2200,17400
16.0,8.71,45600,400945.0,8.7,8.69,8.68,8.66,8.65,8.61,8.6,8.55,8.51,8.5,8.71,8.73,8.75,8.78,8.79,8.8,8.81,8.82,8.83,8.84,5300,5100,6100,400,1700,1000,1100,1500,700,6000,700,100,900,17000,3000,8700,200,19300,2200,17400
17.0,8.7,45700,401815.0,8.7,8.69,8.68,8.66,8.65,8.61,8.6,8.55,8.51,8.5,8.71,8.73,8.75,8.78,8.79,8.8,8.81,8.82,8.83,8.84,5200,5100,6100,400,1700,1000,1100,1500,700,6000,700,100,6900,17000,3000,8700,200,19300,2200,17400
18.0,8.71,45800,402686.0,8.7,8.69,8.68,8.66,8.65,8.61,8.6,8.55,8.51,8.5,8.71,8.73,8.75,8.78,8.79,8.8,8.81,8.82,8.83,8.84,5200,5100,6100,400,1700,1000,1100,1500,700,6000,700,100,900,17100,3000,8700,200,19300,2200,17400
19.0,8.71,45800,402686.0,8.7,8.69,8.68,8.66,8.65,8.61,8.6,8.55,8.51,8.5,8.71,8.73,8.75,8.78,8.79,8.8,8.81,8.82,8.83,8.84,5200,5100,6100,400,1700,1000,1100,1500,700,6000,700,100,900,17100,3000,8700,200,19300,2200,17400
20.0,8.71,46300,407041.0,8.7,8.69,8.68,8.66,8.65,8.61,8.6,8.55,8.51,8.5,8.71,8.75,8.78,8.79,8.8,8.81,8.82,8.83,8.84,8.85,5200,5100,6100,400,1700,1000,1100,1500,700,6000,200,900,17300,1300,8700,200,19300,2200,17400,2000
21.0,8.72,48700,427967.0,8.72,8.7,8.69,8.68,8.66,8.65,8.61,8.6,8.55,8.51,8.75,8.78,8.79,8.8,8.81,8.82,8.83,8.84,8.85,8.86,3600,5200,5100,6100,400,1700,1000,1100,1500,700,900,17300,1300,8700,200,19300,2200,17400,2000,1200
22.0,8.72,50200,441047.0,8.72,8.71,8.7,8.69,8.68,8.66,8.65,8.61,8.6,8.55,8.75,8.78,8.8,8.81,8.82,8.83,8.84,8.85,8.86,8.87,2100,1200,5200,5100,6100,400,1700,1000,1100,1500,900,17300,8700,200,19300,2200,17400,2000,1200,6400
23.0,8.72,51700,454127.0,8.72,8.71,8.7,8.69,8.68,8.66,8.65,8.61,8.6,8.55,8.75,8.78,8.8,8.81,8.82,8.83,8.84,8.85,8.86,8.87,600,3000,5200,5100,6100,400,1700,1000,1100,1500,1800,17300,8400,200,19300,2200,17400,2000,1200,6400
24.0,8.72,51700,454127.0,8.72,8.71,8.7,8.69,8.68,8.66,8.65,8.61,8.6,8.55,8.75,8.78,8.8,8.81,8.82,8.83,8.84,8.85,8.86,8.87,600,13000,5600,5100,6100,400,1700,1000,1100,1500,1800,17300,8400,200,19300,2200,17400,2000,1200,6400
25.0,8.72,51700,454127.0,8.72,8.71,8.7,8.69,8.68,8.66,8.65,8.61,8.6,8.55,8.75,8.78,8.8,8.81,8.82,8.83,8.84,8.85,8.86,8.87,600,13000,5600,5100,6100,400,1700,1000,1100,1500,1800,17300,8400,200,19300,2200,17400,2000,1200,6400
26.0,8.72,51700,454127.0,8.73,8.72,8.71,8.7,8.69,8.68,8.66,8.65,8.61,8.6,8.75,8.78,8.8,8.81,8.82,8.83,8.84,8.85,8.86,8.87,5700,1100,13000,5600,5100,100,400,1700,1000,1100,1800,17300,8400,200,19300,2200,17400,2000,1200,6400
27.0,8.72,51700,454127.0,8.73,8.72,8.71,8.7,8.69,8.68,8.66,8.65,8.61,8.6,8.75,8.78,8.8,8.81,8.82,8.83,8.84,8.85,8.86,8.87,5700,1100,13000,6600,5100,100,400,1700,1000,1100,1800,300,8400,200,19300,2200,17400,2000,1200,6400
28.0,8.72,51700,454127.0,8.73,8.72,8.71,8.7,8.69,8.68,8.66,8.65,8.61,8.6,8.75,8.77,8.78,8.79,8.8,8.81,8.82,8.83,8.84,8.85,5700,1100,13000,6600,5100,100,400,1700,1000,1100,1800,100,300,17100,8400,200,19300,2200,17400,2000
29.0,8.72,51700,454127.0,8.73,8.72,8.71,8.7,8.69,8.68,8.66,8.65,8.61,8.6,8.75,8.77,8.78,8.79,8.8,8.81,8.82,8.83,8.84,8.85,5800,3100,13000,6600,5100,100,400,1700,1000,1100,1800,100,300,17100,8400,200,19300,2200,17400,2000
30.0,8.73,53000,465476.0,8.73,8.72,8.71,8.7,8.69,8.68,8.66,8.65,8.61,8.6,8.74,8.75,8.77,8.78,8.79,8.8,8.81,8.82,8.83,8.84,4500,3100,13000,6600,5100,100,400,1700,1000,1100,1000,1800,100,300,17100,8400,200,19300,2200,17400
31.0,8.73,55200,484682.0,8.73,8.72,8.71,8.7,8.69,8.68,8.66,8.65,8.61,8.6,8.74,8.75,8.77,8.78,8.79,8.8,8.81,8.82,8.83,8.84,2300,3100,13000,6600,5100,100,400,1700,1000,1100,2500,1800,100,300,17100,8400,200,19300,2200,17400
32.0,8.73,58900,516988.0,8.72,8.71,8.7,8.69,8.68,8.66,8.65,8.61,8.6,8.55,8.73,8.74,8.75,8.77,8.78,8.79,8.8,8.81,8.82,8.83,3400,13000,6600,5100,100,400,1700,1000,1100,1500,4200,1900,1900,100,300,17100,8400,200,19300,2200
33.0,8.72,60200,528324.0,8.72,8.71,8.7,8.69,8.68,8.66,8.65,8.61,8.6,8.55,8.73,8.74,8.75,8.77,8.78,8.79,8.8,8.81,8.82,8.83,2100,13000,6600,5100,100,400,1700,1000,1100,1500,6000,1900,1900,100,300,17100,8400,200,18800,2200
34.0,8.72,61200,537044.0,8.72,8.71,8.7,8.69,8.68,8.66,8.65,8.61,8.6,8.55,8.73,8.74,8.75,8.77,8.78,8.79,8.8,8.81,8.82,8.83,1100,13000,6600,5100,100,400,1700,1000,1100,1500,6800,1900,1800,100,300,17100,8400,200,18800,2200
35.0,8.72,61800,542276.0,8.72,8.71,8.7,8.69,8.68,8.66,8.65,8.61,8.6,8.55,8.73,8.74,8.75,8.77,8.78,8.79,8.8,8.81,8.82,8.83,500,13000,6600,5100,100,400,1700,1000,1100,1500,6800,1900,1800,100,300,17100,8000,200,18800,2200
36.0,8.72,62200,545764.0,8.72,8.71,8.7,8.69,8.68,8.66,8.65,8.61,8.6,8.55,8.73,8.74,8.75,8.77,8.78,8.79,8.8,8.81,8.82,8.83,100,13000,6600,5100,100,400,1700,1000,1100,1500,6800,1900,1800,100,300,17100,8000,200,18800,2200
37.0,8.73,62400,547509.0,8.71,8.7,8.69,8.68,8.66,8.65,8.61,8.6,8.55,8.51,8.73,8.74,8.75,8.77,8.78,8.79,8.8,8.81,8.82,8.83,13000,6800,5100,100,400,1700,1000,1100,1500,700,6800,1800,1800,100,300,17100,8000,200,18800,2200
38.0,8.73,67700,593754.0,8.72,8.71,8.7,8.69,8.68,8.66,8.65,8.61,8.6,8.55,8.73,8.74,8.75,8.77,8.78,8.79,8.8,8.81,8.82,8.83,600,11900,7800,5100,100,400,1700,1000,1100,1500,2800,1500,1800,100,300,17100,8000,200,17300,1800
39.0,8.72,67800,594626.0,8.72,8.71,8.7,8.69,8.68,8.66,8.65,8.61,8.6,8.55,8.73,8.74,8.75,8.77,8.78,8.79,8.8,8.81,8.82,8.83,2500,1900,8000,5100,100,400,1700,1000,1100,1500,2700,500,1800,100,300,17100,8000,200,17300,1800
40.0,8.72,69000,605092.0,8.72,8.71,8.7,8.69,8.68,8.66,8.65,8.61,8.6,8.55,8.73,8.74,8.75,8.77,8.78,8.79,8.8,8.81,8.82,8.83,1500,1900,9000,5100,100,400,1700,1000,1100,1500,2600,500,1800,100,300,17100,8000,200,17300,1800
41.0,8.72,72700,637356.0,8.71,8.7,8.69,8.68,8.66,8.65,8.61,8.6,8.55,8.51,8.72,8.73,8.75,8.77,8.78,8.79,8.8,8.81,8.82,8.83,1900,9000,5100,100,400,1700,1000,1100,1500,700,3200,3000,1500,100,300,17100,8000,200,17300,1800
42.0,8.72,72700,637356.0,8.71,8.7,8.69,8.68,8.66,8.65,8.61,8.6,8.55,8.51,8.72,8.73,8.75,8.77,8.78,8.79,8.8,8.81,8.82,8.83,1900,9000,5100,100,400,1700,1000,1100,1500,700,3200,3100,1500,100,300,17100,8000,200,17300,1800
43.0,8.72,72700,637356.0,8.71,8.7,8.69,8.68,8.66,8.65,8.61,8.6,8.55,8.51,8.72,8.73,8.75,8.77,8.78,8.79,8.8,8.81,8.82,8.83,1900,9000,5100,100,400,1700,1000,1100,1500,700,3200,3100,1500,100,300,17100,8000,200,17300,1800
44.0,8.71,73400,643459.0,8.71,8.7,8.69,8.68,8.66,8.65,8.61,8.6,8.55,8.51,8.72,8.73,8.75,8.77,8.78,8.79,8.8,8.81,8.82,8.83,1800,10000,5100,100,400,1700,1000,1100,1500,700,2700,2300,1500,100,300,17100,8000,200,17300,1800
45.0,8.71,73400,643459.0,8.71,8.7,8.69,8.68,8.66,8.65,8.61,8.6,8.55,8.51,8.72,8.73,8.75,8.77,8.78,8.79,8.8,8.81,8.82,8.83,1800,10000,5100,100,400,1700,1000,1100,1500,700,2800,600,1500,100,300,17100,8000,200,17300,1800
46.0,8.71,73400,643459.0,8.71,8.7,8.69,8.68,8.66,8.65,8.61,8.6,8.55,8.51,8.72,8.73,8.75,8.77,8.78,8.79,8.8,8.81,8.82,8.83,1800,11000,5100,100,400,1700,1000,1100,1500,700,2800,500,1500,100,300,17100,8000,200,17300,1800
47.0,8.71,73700,646074.0,8.71,8.7,8.69,8.68,8.66,8.65,8.61,8.6,8.55,8.51,8.72,8.73,8.75,8.77,8.78,8.79,8.8,8.81,8.82,8.83,1700,11000,5100,100,400,1700,1000,1100,1500,700,2600,500,1500,100,300,17100,8000,200,17300,1800
48.0,8.71,73700,646074.0,8.71,8.7,8.69,8.68,8.66,8.65,8.61,8.6,8.55,8.51,8.72,8.73,8.75,8.77,8.78,8.79,8.8,8.81,8.82,8.83,1700,11000,5100,100,1400,1700,1000,1100,1500,700,2900,500,1500,100,300,17100,8000,200,17300,1800
49.0,8.71,75400,660881.0,8.7,8.69,8.68,8.66,8.65,8.61,8.6,8.55,8.51,8.5,8.71,8.72,8.73,8.75,8.77,8.78,8.79,8.8,8.81,8.82,11000,5100,100,1400,1700,1000,1100,1500,700,6000,300,2900,500,1500,100,300,17100,8000,200,17300
50.0,8.71,77000,674806.0,8.7,8.69,8.68,8.66,8.65,8.61,8.6,8.55,8.51,8.5,8.71,8.72,8.73,8.75,8.77,8.78,8.79,8.8,8.81,8.82,9900,5100,100,1400,1700,1000,1100,1500,700,6000,400,3500,500,1500,100,300,17100,8000,200,17300
51.0,8.71,80000,700936.0,8.71,8.7,8.69,8.68,8.66,8.65,8.62,8.61,8.6,8.55,8.72,8.73,8.75,8.77,8.78,8.79,8.8,8.81,8.82,8.83,7800,9900,5100,100,1400,1700,2000,1000,1100,1500,3500,500,1500,100,300,17100,8000,200,17300,1800
52.0,8.71,83400,730550.0,8.71,8.7,8.69,8.68,8.66,8.65,8.62,8.61,8.6,8.55,8.72,8.73,8.75,8.77,8.78,8.79,8.8,8.81,8.82,8.83,4400,9900,5100,100,1400,1700,2000,1000,1100,1500,3500,500,1500,100,300,17100,8000,200,17300,1800
53.0,8.71,84000,735778.0,8.71,8.7,8.69,8.68,8.66,8.65,8.62,8.61,8.6,8.55,8.72,8.73,8.75,8.77,8.78,8.79,8.8,8.81,8.82,8.83,4000,10900,5100,100,1400,1700,2000,1000,1100,1500,3300,500,1500,100,300,17100,8000,200,17300,1800
54.0,8.72,84300,738394.0,8.71,8.7,8.69,8.68,8.66,8.65,8.62,8.61,8.6,8.55,8.72,8.73,8.75,8.77,8.78,8.79,8.8,8.81,8.82,8.83,5100,10900,5100,100,1400,1700,2000,1000,1100,1500,3000,500,1500,100,300,17100,8000,200,17300,1800
55.0,8.72,84300,738394.0,8.71,8.7,8.69,8.68,8.66,8.65,8.62,8.61,8.6,8.55,8.72,8.73,8.75,8.77,8.78,8.79,8.8,8.81,8.82,8.83,5100,11000,5100,100,1400,1700,2000,1000,1100,1500,3000,500,1500,100,300,17100,8000,200,17300,1800
56.0,8.71,84800,742749.0,8.71,8.7,8.69,8.68,8.66,8.65,8.62,8.61,8.6,8.55,8.72,8.73,8.75,8.77,8.78,8.79,8.8,8.81,8.82,8.83,4600,11000,5100,100,1400,1700,2000,1000,1100,1500,3000,500,1500,100,300,17100,8000,200,17300,1800
57.0,8.71,84900,743620.0,8.71,8.7,8.69,8.68,8.66,8.65,8.62,8.61,8.6,8.55,8.72,8.73,8.75,8.77,8.78,8.79,8.8,8.81,8.82,8.83,4500,11000,5100,100,1400,1700,2000,1000,1100,1500,3000,500,1500,100,300,17100,8000,200,17300,1800
58.0,8.71,84900,743620.0,8.71,8.7,8.69,8.68,8.66,8.65,8.62,8.61,8.6,8.55,8.72,8.73,8.75,8.77,8.78,8.79,8.8,8.81,8.82,8.83,4500,11000,5100,40600,1400,1700,2000,1000,1100,1500,3000,500,1500,100,300,17100,8000,200,17300,1800
59.0,8.72,88700,776752.0,8.72,8.71,8.7,8.69,8.68,8.66,8.65,8.62,8.61,8.6,8.73,8.75,8.77,8.78,8.79,8.8,8.81,8.82,8.83,8.84,1000,4100,11000,5100,40600,1400,1700,2000,1000,1100,500,1500,100,300,17100,8000,200,17300,500,17400
60.0,8.72,88700,776752.0,8.72,8.71,8.7,8.69,8.68,8.66,8.65,8.62,8.61,8.6,8.73,8.75,8.77,8.78,8.79,8.8,8.81,8.82,8.83,8.84,1200,4100,11000,5100,40600,1400,1700,2000,1000,1100,500,1500,100,300,17100,8000,200,17300,500,17400
61.0,8.72,88700,776752.0,8.72,8.71,8.7,8.69,8.68,8.66,8.65,8.63,8.62,8.61,8.73,8.75,8.77,8.78,8.79,8.8,8.81,8.82,8.83,8.84,1200,4100,11000,5100,40600,1400,1700,7300,2000,1000,500,1500,100,300,17100,8000,200,17300,500,17400
62.0,8.71,91800,803801.0,8.73,8.71,8.7,8.69,8.68,8.66,8.65,8.63,8.62,8.61,8.74,8.75,8.77,8.78,8.79,8.8,8.81,8.82,8.83,8.84,500,4000,11000,5100,40600,1400,1700,7300,2000,1000,3500,1500,100,300,17100,8000,200,17300,500,17400
63.0,8.73,93100,815150.0,8.71,8.7,8.69,8.68,8.66,8.65,8.63,8.62,8.61,8.6,8.73,8.74,8.75,8.77,8.78,8.79,8.8,8.81,8.82,8.83,5000,11000,5100,40600,1400,1700,7300,2000,1000,1100,200,3500,1500,100,300,17100,8000,200,17300,500
64.0,8.73,93200,816023.0,8.71,8.7,8.69,8.68,8.66,8.65,8.63,8.62,8.61,8.6,8.72,8.73,8.74,8.75,8.77,8.78,8.79,8.8,8.81,8.82,5000,11000,6100,40600,1400,1700,7300,2000,1000,1100,6000,100,3500,1500,100,300,17100,6400,200,17300
65.0,8.71,95200,833462.0,8.71,8.7,8.69,8.68,8.66,8.65,8.63,8.62,8.61,8.6,8.72,8.74,8.75,8.77,8.78,8.79,8.8,8.81,8.82,8.83,4900,11000,6100,40600,1400,1700,7300,2000,1000,1100,4100,3500,1500,100,300,17100,6200,200,17300,500
66.0,8.72,95600,836950.0,8.71,8.7,8.69,8.68,8.66,8.65,8.63,8.62,8.61,8.6,8.72,8.74,8.75,8.77,8.78,8.79,8.8,8.81,8.82,8.83,4900,11000,6100,40600,1400,1700,7300,2000,1000,1100,3700,3500,1500,100,300,17100,6200,200,17300,500
67.0,8.72,95600,836950.0,8.71,8.7,8.69,8.68,8.66,8.65,8.63,8.62,8.61,8.6,8.72,8.74,8.75,8.77,8.78,8.79,8.8,8.81,8.82,8.83,4900,11000,6100,40600,1400,1700,7300,2000,1000,1100,3700,3500,1500,100,300,17100,6200,200,17300,500
68.0,8.72,96100,841310.0,8.71,8.7,8.69,8.68,8.66,8.65,8.63,8.62,8.61,8.6,8.72,8.75,8.77,8.78,8.79,8.8,8.81,8.82,8.84,8.85,4900,11000,6100,40600,1400,1700,7300,2000,1000,1100,3200,1500,500,300,17100,6200,200,17300,17400,2000
69.0,8.72,96700,846542.0,8.71,8.7,8.69,8.68,8.66,8.65,8.63,8.62,8.61,8.6,8.72,8.75,8.77,8.78,8.79,8.8,8.81,8.82,8.84,8.85,5900,11000,6100,40600,1400,1700,7300,2000,1000,1100,2600,1500,400,300,17100,6200,200,17300,17400,2000
70.0,8.72,97000,849158.0,8.71,8.7,8.69,8.68,8.66,8.65,8.63,8.62,8.61,8.6,8.72,8.74,8.75,8.77,8.78,8.79,8.8,8.81,8.82,8.84,5900,11000,6100,40600,1400,1700,7300,2000,1000,1100,2300,400,1500,400,300,17100,6200,200,17300,17400
71.0,8.72,97000,849158.0,8.71,8.7,8.69,8.68,8.66,8.65,8.63,8.62,8.61,8.6,8.72,8.73,8.74,8.75,8.77,8.78,8.79,8.8,8.81,8.82,5900,11000,6100,40600,1400,1700,7300,2000,1000,1100,2300,1400,400,1500,400,300,17100,6200,200,17300
72.0,8.72,99300,869214.0,8.72,8.71,8.7,8.69,8.68,8.66,8.65,8.63,8.62,8.61,8.73,8.74,8.75,8.77,8.78,8.79,8.8,8.81,8.82,8.84,4500,4000,11000,6100,40600,1400,1700,7300,2000,1000,1600,400,1500,400,300,17100,6200,200,17300,17400
73.0,8.72,99300,869214.0,8.72,8.71,8.7,8.69,8.68,8.66,8.65,8.63,8.62,8.61,8.73,8.74,8.75,8.77,8.78,8.79,8.8,8.81,8.82,8.84,4800,4000,13000,6100,40600,1400,1700,7300,2000,1000,3300,400,1500,400,300,17100,6200,200,17300,17400
74.0,8.73,99700,872706.0,8.72,8.71,8.7,8.69,8.68,8.66,8.65,8.63,8.62,8.61,8.73,8.74,8.75,8.77,8.78,8.79,8.8,8.81,8.82,8.84,4800,4000,13000,6100,42600,1400,1700,7300,2000,1000,2900,400,1600,400,300,17100,6200,200,17300,17400
75.0,8.73,99700,872706.0,8.72,8.71,8.7,8.69,8.68,8.66,8.65,8.63,8.62,8.61,8.73,8.75,8.77,8.78,8.79,8.8,8.81,8.82,8.84,8.85,4800,4000,13000,6100,42600,1400,1700,7300,2000,1000,2900,1600,400,300,17100,6200,200,17300,17400,2000
76.0,8.73,99900,874452.0,8.72,8.71,8.7,8.69,8.68,8.66,8.65,8.63,8.62,8.61,8.73,8.75,8.77,8.78,8.79,8.8,8.81,8.82,8.84,8.85,4700,6700,13000,6300,42600,1400,1700,7300,2000,1000,2700,1600,400,300,17100,6200,200,17300,17400,2000
77.0,8.73,99900,874452.0,8.72,8.71,8.7,8.69,8.68,8.66,8.65,8.63,8.62,8.61,8.73,8.75,8.77,8.78,8.79,8.8,8.81,8.82,8.84,8.85,4700,7700,14500,6300,42600,1400,1700,7300,2000,1000,2700,1600,400,300,17100,6200,200,17300,17400,2000
78.0,8.73,99900,874452.0,8.72,8.71,8.7,8.69,8.68,8.66,8.65,8.63,8.62,8.61,8.73,8.75,8.77,8.78,8.79,8.8,8.81,8.82,8.84,8.85,4800,8500,14500,6300,42600,1400,1700,7300,2000,1000,2700,1600,400,300,17100,6200,200,17300,17400,2000
79.0,8.73,100100,876198.0,8.72,8.71,8.7,8.69,8.68,8.66,8.65,8.63,8.62,8.61,8.73,8.75,8.77,8.78,8.79,8.8,8.81,8.82,8.84,8.85,4800,9000,14500,6300,42600,1400,1700,7300,2000,1000,2500,1600,400,300,17100,6200,200,17300,17400,2000
80.0,8.73,100100,876198.0,8.72,8.71,8.7,8.69,8.68,8.66,8.65,8.63,8.62,8.61,8.73,8.75,8.77,8.78,8.79,8.8,8.81,8.82,8.84,8.85,4800,9000,15100,6300,42600,1400,1700,7300,2000,1000,2500,1600,400,300,17100,6200,200,17300,17400,2000
81.0,8.73,100100,876198.0,8.72,8.71,8.7,8.69,8.68,8.66,8.65,8.63,8.62,8.61,8.73,8.75,8.77,8.78,8.79,8.8,8.81,8.82,8.84,8.85,4800,9000,15100,6300,42600,1400,1700,7300,2000,1000,2500,1600,400,300,17100,6200,200,17300,17400,2000
82.0,8.72,100800,882304.0,8.72,8.71,8.7,8.69,8.68,8.66,8.65,8.63,8.62,8.61,8.73,8.75,8.77,8.78,8.79,8.8,8.81,8.82,8.84,8.85,4300,10000,15100,6300,42600,1400,1700,7300,2000,1000,2300,1600,400,300,17100,6200,200,17300,17400,2000
83.0,8.72,100900,883176.0,8.72,8.71,8.7,8.69,8.68,8.66,8.65,8.63,8.62,8.61,8.74,8.75,8.77,8.78,8.79,8.8,8.81,8.82,8.84,8.85,4200,10000,15100,6300,42600,1400,1700,7300,2000,1000,1300,1600,500,300,17100,6200,200,17300,17400,2000
84.0,8.72,100900,883176.0,8.72,8.71,8.7,8.69,8.68,8.66,8.65,8.63,8.62,8.61,8.74,8.75,8.77,8.78,8.79,8.8,8.81,8.82,8.84,8.85,4200,10000,15100,6300,42600,1400,1700,7300,2000,1000,1300,1600,500,300,17100,6200,200,17300,17400,2000
85.0,8.72,100900,883176.0,8.72,8.71,8.7,8.69,8.68,8.66,8.65,8.63,8.62,8.61,8.74,8.75,8.77,8.78,8.79,8.8,8.81,8.82,8.84,8.85,4200,10000,15100,6300,42600,1400,1700,7300,2000,1000,1300,1600,500,300,17100,6200,200,17300,17400,2000
86.0,8.74,101000,884050.0,8.72,8.71,8.7,8.69,8.68,8.66,8.65,8.63,8.62,8.61,8.74,8.75,8.77,8.78,8.79,8.8,8.81,8.82,8.84,8.85,4200,10000,15100,6300,42600,1400,1700,7300,2000,1000,1200,1600,600,300,17100,4400,200,17300,17400,2000
87.0,8.74,101000,884050.0,8.72,8.71,8.7,8.69,8.68,8.66,8.65,8.63,8.62,8.61,8.74,8.75,8.77,8.78,8.79,8.8,8.81,8.82,8.84,8.85,4200,10000,15100,6300,42600,1400,1700,7300,2000,1000,1200,1600,600,300,17100,4400,200,17300,17400,2000
88.0,8.74,101000,884050.0,8.72,8.71,8.7,8.69,8.68,8.66,8.65,8.63,8.62,8.61,8.74,8.75,8.77,8.78,8.79,8.8,8.81,8.82,8.84,8.85,4200,10000,15100,6300,42600,1400,1700,7300,2000,1000,1200,1600,600,300,17100,4400,200,17300,17400,2000
89.0,8.74,101100,884924.0,8.72,8.71,8.7,8.69,8.68,8.66,8.65,8.63,8.62,8.61,8.74,8.75,8.77,8.78,8.79,8.8,8.81,8.82,8.84,8.85,4200,10000,15100,6300,42600,1400,1700,7300,2000,1000,1100,1600,600,300,17100,4400,200,17300,17400,2000
90.0,8.74,101100,884924.0,8.72,8.71,8.7,8.69,8.68,8.66,8.65,8.63,8.62,8.61,8.74,8.75,8.77,8.78,8.79,8.8,8.81,8.82,8.84,8.85,4200,10000,15100,6300,42600,1400,1700,7300,2000,1000,1100,1600,600,300,17100,4400,200,17300,17400,2000
91.0,8.74,101100,884924.0,8.72,8.71,8.7,8.69,8.68,8.66,8.65,8.63,8.62,8.61,8.74,8.75,8.77,8.78,8.79,8.8,8.81,8.82,8.84,8.85,4200,10000,15100,6300,42600,1400,1700,7300,2000,1000,1100,1600,600,300,17100,4400,200,17300,17400,2000
92.0,8.72,102100,893646.0,8.72,8.71,8.7,8.69,8.68,8.66,8.65,8.63,8.62,8.61,8.74,8.75,8.77,8.78,8.79,8.8,8.81,8.82,8.84,8.85,3300,10000,15100,6300,42600,1400,1700,7300,2000,1000,1000,1600,600,300,17100,4400,200,17300,17400,2000
93.0,8.74,102500,897142.0,8.72,8.71,8.7,8.69,8.68,8.66,8.65,8.63,8.62,8.61,8.73,8.74,8.75,8.77,8.78,8.79,8.8,8.81,8.82,8.84,3300,10000,25100,6300,42600,1400,1700,7300,2000,1000,2000,600,1600,600,300,17100,4400,200,17300,17400
94.0,8.74,102500,897142.0,8.72,8.71,8.7,8.69,8.68,8.66,8.65,8.63,8.62,8.61,8.73,8.74,8.75,8.77,8.78,8.79,8.8,8.81,8.82,8.84,3300,9000,25100,6300,42600,1400,1700,7300,2000,1000,2000,600,1600,600,300,17100,4400,200,17300,17400
95.0,8.72,103600,906736.0,8.72,8.71,8.7,8.69,8.68,8.66,8.65,8.63,8.62,8.61,8.73,8.74,8.75,8.77,8.78,8.79,8.8,8.81,8.82,8.84,2400,9000,25100,6300,42600,1400,1700,7300,2000,1000,1800,600,1600,600,300,17100,4400,200,17300,17400
96.0,8.73,103700,907609.0,8.72,8.71,8.7,8.69,8.68,8.66,8.65,8.63,8.62,8.61,8.73,8.74,8.75,8.77,8.78,8.79,8.8,8.81,8.82,8.84,3000,9000,25100,6300,42600,1400,1700,7300,2000,1000,2400,600,1600,600,300,17100,4400,200,17300,17400
97.0,8.73,103700,907609.0,8.72,8.71,8.7,8.69,8.68,8.66,8.65,8.63,8.62,8.61,8.73,8.74,8.75,8.77,8.78,8.79,8.8,8.81,8.82,8.84,3000,9000,25100,6300,42600,1400,1700,7300,2000,1000,2400,600,1600,600,300,17100,4400,200,17300,17400
98.0,8.73,103700,907609.0,8.72,8.71,8.7,8.69,8.68,8.66,8.65,8.63,8.62,8.61,8.73,8.74,8.75,8.77,8.78,8.79,8.8,8.81,8.82,8.84,3000,9000,25100,6300,42600,1400,1700,7300,2000,1000,2400,600,1600,600,300,17100,4400,200,17300,17400
99.0,8.73,103900,909355.0,8.72,8.71,8.7,8.69,8.68,8.66,8.65,8.63,8.62,8.61,8.73,8.74,8.75,8.77,8.78,8.79,8.8,8.81,8.82,8.84,3000,9000,25100,6300,42600,1400,1700,7300,2000,1000,2200,600,1600,600,300,17100,4400,200,17300,17400
100.0,8.73,104300,912847.0,8.72,8.71,8.7,8.69,8.68,8.66,8.65,8.63,8.62,8.61,8.73,8.74,8.75,8.77,8.78,8.79,8.8,8.81,8.82,8.84,3000,9000,25100,6300,42600,1400,1700,7300,2000,1000,1800,600,1600,600,300,17100,4400,200,17300,17400
101.0,8.73,104300,912847.0,8.72,8.71,8.7,8.69,8.68,8.66,8.65,8.63,8.62,8.61,8.73,8.74,8.75,8.77,8.78,8.79,8.8,8.81,8.82,8.84,3000,9000,25100,6300,42600,1400,1700,7300,2000,1000,1800,600,1600,600,300,17100,4400,200,17300,17400
102.0,8.73,104400,913720.0,8.72,8.71,8.7,8.69,8.68,8.66,8.65,8.63,8.62,8.61,8.73,8.74,8.75,8.77,8.78,8.79,8.8,8.81,8.82,8.84,3400,9000,25100,6300,42600,1400,1700,7300,2000,1000,1700,600,1600,600,300,17100,4400,200,17300,17400
103.0,8.73,104500,914593.0,8.72,8.71,8.7,8.69,8.68,8.66,8.65,8.63,8.62,8.61,8.73,8.74,8.75,8.77,8.78,8.79,8.8,8.81,8.82,8.84,6000,11000,25100,6300,42600,1400,1700,7300,2000,1000,1600,600,1600,600,300,17100,4400,200,17300,17400
104.0,8.73,104500,914593.0,8.72,8.71,8.7,8.69,8.68,8.66,8.65,8.63,8.62,8.61,8.73,8.74,8.75,8.77,8.78,8.79,8.8,8.81,8.82,8.84,6100,11000,25100,6300,42600,1400,1700,7300,2000,1000,1600,600,1600,600,300,17100,4400,200,17300,17400
105.0,8.73,104600,915466.0,8.72,8.71,8.7,8.69,8.68,8.66,8.65,8.63,8.62,8.61,8.73,8.74,8.75,8.77,8.78,8.79,8.8,8.81,8.82,8.84,6100,11000,25100,6300,42600,1400,1700,7300,2000,1000,1500,600,1600,600,300,17100,4400,200,17300,17400
106.0,8.73,104600,915466.0,8.72,8.71,8.7,8.69,8.68,8.66,8.65,8.63,8.62,8.61,8.73,8.74,8.75,8.77,8.78,8.79,8.8,8.81,8.82,8.84,6100,13600,25100,6300,42600,1400,1700,7300,2000,1000,1500,600,1600,600,300,17100,4400,200,17300,17400
107.0,8.73,104600,915466.0,8.72,8.71,8.7,8.69,8.68,8.66,8.65,8.63,8.62,8.61,8.73,8.74,8.75,8.77,8.78,8.79,8.8,8.81,8.82,8.84,6100,13600,25100,6300,42600,1400,1700,7300,2000,1000,1500,600,1600,600,300,17100,4400,200,17300,17400
108.0,8.73,104600,915466.0,8.72,8.71,8.7,8.69,8.68,8.66,8.65,8.63,8.62,8.61,8.73,8.74,8.75,8.77,8.78,8.79,8.8,8.81,8.82,8.84,6100,13600,25100,6300,42600,1400,1700,7300,2000,1000,1500,600,1600,600,300,17100,4400,200,17300,17400
109.0,8.73,104700,916339.0,8.72,8.71,8.7,8.69,8.68,8.66,8.65,8.63,8.62,8.61,8.73,8.74,8.75,8.77,8.78,8.79,8.8,8.81,8.82,8.84,6100,13600,25100,6300,42600,1400,1700,7300,2000,1000,1400,600,1600,600,300,17100,4400,200,17300,17400
110.0,8.73,104700,916339.0,8.72,8.71,8.7,8.69,8.68,8.66,8.65,8.63,8.62,8.61,8.73,8.74,8.75,8.77,8.78,8.79,8.8,8.81,8.82,8.84,6100,13600,25100,6300,42600,1400,1700,7300,2000,1000,1400,600,1600,600,300,17100,4400,200,17300,17400
111.0,8.73,104800,917212.0,8.72,8.71,8.7,8.69,8.68,8.66,8.65,8.63,8.62,8.61,8.73,8.74,8.75,8.77,8.78,8.79,8.8,8.81,8.82,8.84,6100,13600,25100,6300,42600,1400,1700,7300,2000,1000,1300,600,1600,600,300,17100,4400,200,17300,17400
112.0,8.73,105100,919831.0,8.72,8.71,8.7,8.69,8.68,8.66,8.65,8.63,8.62,8.61,8.73,8.74,8.75,8.77,8.78,8.79,8.8,8.81,8.82,8.84,6100,13600,25100,6300,52600,1400,1700,7300,2000,1000,1000,600,1600,600,300,17100,4400,200,17300,17400
113.0,8.73,105100,919831.0,8.72,8.71,8.7,8.69,8.68,8.66,8.65,8.63,8.62,8.61,8.73,8.74,8.75,8.77,8.78,8.79,8.8,8.81,8.82,8.84,6600,13600,27100,6300,52600,1400,1700,7300,2000,1000,300,800,1600,600,300,17100,4400,200,17300,17400
114.0,8.73,105100,919831.0,8.72,8.71,8.7,8.69,8.68,8.66,8.65,8.63,8.62,8.61,8.73,8.74,8.75,8.77,8.78,8.79,8.8,8.81,8.82,8.84,6600,13600,27100,6300,52600,1400,1700,7300,2000,1000,300,800,1600,600,300,17100,4400,200,17300,17400
115.0,8.73,105100,919831.0,8.72,8.71,8.7,8.69,8.68,8.66,8.65,8.63,8.62,8.61,8.73,8.74,8.75,8.77,8.78,8.79,8.8,8.81,8.82,8.84,6600,13600,27100,6300,52600,1400,1700,7300,2000,1000,300,800,1600,600,300,17100,4400,200,17300,17400
116.0,8.73,105100,919831.0,8.72,8.71,8.7,8.69,8.68,8.66,8.65,8.63,8.62,8.61,8.73,8.74,8.75,8.77,8.78,8.79,8.8,8.81,8.82,8.84,4000,13600,27100,6300,52600,1400,1700,7300,2000,1000,300,800,1600,600,300,17100,4400,200,17300,17400
117.0,8.73,105100,919831.0,8.72,8.71,8.7,8.69,8.68,8.66,8.65,8.63,8.62,8.61,8.73,8.74,8.75,8.77,8.78,8.79,8.8,8.81,8.82,8.84,4000,13600,28100,6300,52600,1400,1700,7300,2000,1000,300,800,1600,600,300,17100,4400,200,17300,17400
118.0,8.73,105100,919831.0,8.72,8.71,8.7,8.69,8.68,8.66,8.65,8.63,8.62,8.61,8.73,8.74,8.75,8.77,8.78,8.79,8.8,8.81,8.82,8.84,4000,13600,28100,6300,52600,1400,1700,7300,2000,1000,500,600,1600,600,300,17100,4400,200,17300,17400
119.0,8.73,105100,919831.0,8.72,8.71,8.7,8.69,8.68,8.66,8.65,8.63,8.62,8.61,8.73,8.74,8.75,8.77,8.78,8.79,8.8,8.81,8.82,8.84,4000,13600,28100,6600,52600,1400,1700,7300,2000,1000,500,600,1600,600,300,17100,4400,200,17300,17400
120.0,8.73,105100,919831.0,8.72,8.71,8.7,8.69,8.68,8.66,8.65,8.63,8.62,8.61,8.73,8.74,8.75,8.77,8.78,8.79,8.8,8.81,8.82,8.84,4000,13600,28100,6600,52600,1400,1700,7300,2000,1000,500,600,1600,600,300,17100,4400,200,17300,17400
121.0,8.73,105100,919831.0,8.72,8.71,8.7,8.69,8.68,8.66,8.65,8.63,8.62,8.61,8.73,8.74,8.75,8.77,8.78,8.79,8.8,8.81,8.82,8.84,4000,13600,28100,6600,52600,2700,1700,7300,2000,1000,500,600,1600,600,300,17100,4400,200,17300,17400
122.0,8.74,106300,930314.0,8.74,8.73,8.72,8.71,8.7,8.69,8.68,8.66,8.65,8.63,8.75,8.77,8.78,8.79,8.8,8.81,8.82,8.84,8.85,8.86,600,2200,4000,13600,28100,6600,52600,2700,1700,7300,1600,600,300,17100,4400,200,17300,17400,2000,300
123.0,8.74,106300,930314.0,8.74,8.73,8.72,8.71,8.7,8.69,8.68,8.66,8.65,8.63,8.75,8.77,8.78,8.79,8.8,8.81,8.82,8.84,8.85,8.86,600,2200,4000,13600,28100,6600,52600,2700,1700,7300,1600,600,300,17100,4400,200,17300,17400,2000,300
124.0,8.74,107100,937309.0,8.74,8.73,8.72,8.71,8.7,8.69,8.68,8.66,8.65,8.63,8.75,8.77,8.78,8.79,8.8,8.81,8.82,8.84,8.85,8.86,100,2500,7900,13600,28100,6600,52600,2700,2700,7300,1300,600,300,17100,4400,200,17300,17400,2000,300
125.0,8.73,108400,948663.0,8.73,8.72,8.71,8.7,8.69,8.68,8.66,8.65,8.63,8.62,8.75,8.77,8.78,8.79,8.8,8.81,8.82,8.84,8.85,8.86,1900,7900,13600,28100,6600,52600,2700,2700,7300,2000,1100,600,300,17100,4400,200,17300,17400,2000,300
126.0,8.73,108400,948663.0,8.73,8.72,8.71,8.7,8.69,8.68,8.66,8.65,8.63,8.62,8.75,8.77,8.78,8.79,8.8,8.81,8.82,8.84,8.85,8.86,2000,7900,13600,28100,6600,52600,2700,2700,7300,2000,1200,600,300,17100,4400,200,17300,17400,2000,300
127.0,8.73,108400,948663.0,8.73,8.72,8.71,8.7,8.69,8.68,8.66,8.65,8.63,8.62,8.75,8.77,8.78,8.79,8.8,8.81,8.82,8.84,8.85,8.86,2000,7900,13600,28100,6600,52600,2700,2700,7300,2000,1200,600,300,17100,4400,200,17300,17400,2000,300
128.0,8.73,109600,959139.0,8.73,8.72,8.71,8.7,8.69,8.68,8.66,8.65,8.63,8.62,8.75,8.77,8.78,8.79,8.8,8.81,8.82,8.84,8.85,8.86,800,8800,13600,28100,6600,52600,2700,2700,7300,2000,1200,900,300,17100,4400,200,17300,17400,2000,300
129.0,8.75,109700,960014.0,8.73,8.72,8.71,8.7,8.69,8.68,8.66,8.65,8.63,8.62,8.75,8.77,8.78,8.79,8.8,8.81,8.82,8.84,8.85,8.86,900,8800,13600,28100,6600,52600,2700,2700,7300,2000,1200,900,300,17100,4400,200,17300,17400,2000,300
130.0,8.75,109700,960014.0,8.73,8.72,8.71,8.7,8.69,8.68,8.66,8.65,8.63,8.62,8.75,8.77,8.78,8.79,8.8,8.81,8.82,8.84,8.85,8.86,900,8800,13600,28100,6600,52600,2700,2700,7300,2000,1200,900,300,17100,4400,200,17300,17400,2000,300
131.0,8.75,109700,960014.0,8.73,8.72,8.71,8.7,8.69,8.68,8.66,8.65,8.63,8.62,8.75,8.77,8.78,8.79,8.8,8.81,8.82,8.84,8.85,8.86,1000,8800,13600,28100,6600,52600,2700,2700,7300,2000,1300,900,300,17100,4400,200,17300,17400,2000,300
132.0,8.73,110000,962635.0,8.73,8.72,8.71,8.7,8.69,8.68,8.66,8.65,8.63,8.62,8.75,8.77,8.78,8.79,8.8,8.81,8.82,8.84,8.85,8.86,1400,8800,13600,28100,6600,52600,2700,2700,7300,2000,1200,900,300,17100,4400,200,17300,17400,2000,300
133.0,8.73,110000,962635.0,8.73,8.72,8.71,8.7,8.69,8.68,8.66,8.65,8.63,8.62,8.75,8.77,8.78,8.79,8.8,8.81,8.82,8.84,8.85,8.86,3400,8800,13600,29100,6600,52600,2700,2700,7300,2000,1200,900,300,17100,4400,200,17300,17400,2000,300
134.0,8.73,110400,966127.0,8.73,8.72,8.71,8.7,8.69,8.68,8.66,8.65,8.63,8.62,8.75,8.77,8.78,8.79,8.8,8.81,8.82,8.84,8.85,8.86,3000,8800,13600,29100,6600,52600,2700,2700,7300,2000,1200,900,300,17100,4400,200,17300,17400,2000,300
135.0,8.75,110700,968752.0,8.73,8.72,8.71,8.7,8.69,8.68,8.66,8.65,8.63,8.62,8.75,8.77,8.78,8.79,8.8,8.81,8.82,8.84,8.85,8.86,3000,8800,13600,29100,6600,52600,2700,2700,7300,2000,900,900,300,17100,4400,200,17300,17400,2000,300
136.0,8.75,110700,968752.0,8.73,8.72,8.71,8.7,8.69,8.68,8.66,8.65,8.63,8.62,8.75,8.77,8.78,8.79,8.8,8.81,8.82,8.84,8.85,8.86,3000,8800,13600,31100,6600,52600,2700,2700,7300,2000,900,900,300,17100,4400,200,17300,17400,2000,300
137.0,8.75,110700,968752.0,8.73,8.72,8.71,8.7,8.69,8.68,8.66,8.65,8.63,8.62,8.75,8.77,8.78,8.79,8.8,8.81,8.82,8.84,8.85,8.86,3000,8800,13600,31100,6600,52600,2700,2700,7300,2000,900,1000,300,17100,4400,200,17300,17400,2000,300
138.0,8.75,110700,968752.0,8.73,8.72,8.71,8.7,8.69,8.68,8.66,8.65,8.63,8.62,8.75,8.77,8.78,8.79,8.8,8.81,8.82,8.84,8.85,8.86,3400,8400,13600,31100,6600,52600,2700,2700,7300,2000,900,1000,300,17100,4400,200,17300,17400,2000,300
139.0,8.73,111000,971371.0,8.73,8.72,8.71,8.7,8.69,8.68,8.66,8.65,8.63,8.62,8.75,8.77,8.78,8.79,8.8,8.81,8.82,8.84,8.85,8.86,3100,8400,13600,31100,6600,52600,2700,2700,7300,2000,900,1000,300,17100,4400,200,17300,17400,2000,300
140.0,8.73,111400,974863.0,8.73,8.72,8.71,8.7,8.69,8.68,8.66,8.65,8.63,8.62,8.75,8.77,8.78,8.79,8.8,8.81,8.82,8.84,8.85,8.86,4900,8400,13600,31100,6600,52600,2700,2700,7300,2000,900,1000,300,17100,4400,200,17300,17400,2000,300
141.0,8.73,111400,974863.0,8.73,8.72,8.71,8.7,8.69,8.68,8.66,8.65,8.63,8.62,8.75,8.77,8.78,8.79,8.8,8.81,8.82,8.84,8.85,8.86,4900,8400,13600,31100,6600,52600,2700,2700,7300,2000,900,1000,300,17100,4400,200,17300,17400,2000,300
142.0,8.73,111400,974863.0,8.73,8.72,8.71,8.7,8.69,8.68,8.66,8.65,8.63,8.62,8.75,8.77,8.78,8.79,8.8,8.81,8.82,8.84,8.85,8.86,4900,8400,13600,31100,6600,52600,2700,2700,7300,2000,900,1000,300,17100,4400,200,17300,17400,2000,300
143.0,8.75,111500,975738.0,8.73,8.72,8.71,8.7,8.69,8.68,8.66,8.65,8.63,8.62,8.75,8.77,8.78,8.79,8.8,8.81,8.82,8.84,8.85,8.86,4900,8400,13600,31100,6600,52600,2700,2700,7300,2000,800,1000,300,17100,4400,200,17300,17400,2000,300
144.0,8.73,113000,988833.0,8.73,8.72,8.71,8.7,8.69,8.68,8.66,8.65,8.63,8.62,8.75,8.77,8.78,8.79,8.8,8.81,8.82,8.84,8.85,8.86,3400,4500,13600,31100,6600,52600,2700,2700,7300,2000,800,1000,300,17100,4400,200,17300,17400,2000,300
145.0,8.73,113000,988833.0,8.73,8.72,8.71,8.7,8.69,8.68,8.66,8.65,8.63,8.62,8.75,8.77,8.78,8.79,8.8,8.81,8.82,8.84,8.85,8.86,3400,4500,13600,31100,6600,52600,2700,2700,7300,2000,800,1000,300,17100,4400,200,17300,17400,2000,300
146.0,8.73,113000,988833.0,8.73,8.72,8.71,8.7,8.69,8.68,8.66,8.65,8.63,8.62,8.75,8.77,8.78,8.79,8.8,8.81,8.82,8.84,8.85,8.86,3400,4500,13600,29100,6600,52600,2700,2700,7300,2000,800,1000,300,17100,4400,200,17300,17400,2000,300
147.0,8.75,113400,992327.0,8.73,8.72,8.71,8.7,8.69,8.68,8.66,8.65,8.63,8.62,8.75,8.77,8.78,8.79,8.8,8.81,8.82,8.84,8.85,8.86,3100,4500,13600,29100,6600,52600,2700,2700,7300,2000,700,1000,300,17100,4400,200,17300,17400,2000,300
148.0,8.75,113400,992327.0,8.73,8.72,8.71,8.7,8.69,8.68,8.66,8.65,8.63,8.62,8.75,8.77,8.78,8.79,8.8,8.81,8.82,8.84,8.85,8.86,3100,4500,13600,29100,6600,52600,2700,2700,7300,2000,700,1000,300,17100,4400,200,17300,17400,2000,300
149.0,8.75,113400,992327.0,8.73,8.72,8.71,8.7,8.69,8.68,8.66,8.65,8.63,8.62,8.75,8.77,8.78,8.79,8.8,8.81,8.82,8.84,8.85,8.86,3100,4500,13600,29100,6600,52600,2700,2700,7300,2000,700,1100,300,17100,4400,200,17300,17400,2000,300
150.0,8.75,113400,992327.0,8.73,8.72,8.71,8.7,8.69,8.68,8.66,8.65,8.63,8.62,8.75,8.77,8.78,8.79,8.8,8.81,8.82,8.84,8.85,8.86,3100,4500,13600,29100,6600,52600,2700,2700,7300,2000,700,1100,300,17100,4400,200,17300,17400,2000,300
151.0,8.75,113400,992327.0,8.73,8.72,8.71,8.7,8.69,8.68,8.66,8.65,8.63,8.62,8.75,8.77,8.78,8.79,8.8,8.81,8.82,8.84,8.85,8.86,3100,4400,13600,29100,6600,52600,2700,2700,7300,2000,700,1100,300,17100,4400,200,17300,17400,2000,300
152.0,8.75,113400,992327.0,8.73,8.72,8.71,8.7,8.69,8.68,8.66,8.65,8.63,8.62,8.75,8.77,8.78,8.79,8.8,8.81,8.82,8.84,8.85,8.86,3100,4400,13600,29100,6600,52600,2700,2700,7300,2000,700,1100,300,17100,4400,200,17300,17400,2000,300
153.0,8.79,118100,1033484.0,8.73,8.72,8.71,8.7,8.69,8.68,8.66,8.65,8.63,8.62,8.78,8.79,8.8,8.81,8.82,8.84,8.85,8.86,8.87,8.88,1800,4400,13600,28100,6600,52600,2700,2700,7300,2000,4200,16300,4400,200,17300,17400,2000,300,6400,5500
154.0,8.72,120600,1055302.0,8.72,8.71,8.7,8.69,8.68,8.66,8.65,8.63,8.62,8.61,8.73,8.74,8.75,8.76,8.77,8.78,8.79,8.8,8.81,8.82,3700,15600,28100,6600,52600,2700,2700,7300,2000,1000,300,4200,200,4200,4800,4200,16300,4400,200,17300
155.0,8.74,122700,1073622.0,8.72,8.71,8.7,8.69,8.68,8.66,8.65,8.63,8.62,8.61,8.74,8.75,8.76,8.77,8.78,8.79,8.8,8.81,8.82,8.84,2100,15600,28100,6600,52600,2700,2700,7300,2000,1000,3900,200,4200,6500,4200,16300,4300,200,17300,17400
156.0,8.74,122900,1075370.0,8.72,8.71,8.7,8.69,8.68,8.66,8.65,8.63,8.62,8.61,8.74,8.75,8.76,8.77,8.78,8.79,8.8,8.81,8.82,8.84,2100,15600,28100,6600,52600,2700,2700,7300,2000,1000,3700,200,4200,6500,4200,16300,4300,200,17300,17400
157.0,8.73,124200,1086719.0,8.72,8.71,8.7,8.69,8.68,8.66,8.65,8.63,8.62,8.61,8.73,8.74,8.75,8.76,8.77,8.78,8.79,8.8,8.81,8.82,2100,15600,27900,6600,52600,2700,2700,7300,2000,1000,800,3700,200,4200,6500,4200,16300,4300,200,17300
158.0,8.73,124300,1087592.0,8.72,8.71,8.7,8.69,8.68,8.66,8.65,8.63,8.62,8.61,8.73,8.74,8.75,8.76,8.77,8.78,8.79,8.8,8.81,8.82,2100,15700,27900,6600,52600,2700,2700,7300,2000,1000,700,3700,200,4200,6500,4200,16300,4300,200,17300
159.0,8.72,126400,1105904.0,8.71,8.7,8.69,8.68,8.66,8.65,8.63,8.62,8.61,8.6,8.72,8.74,8.75,8.76,8.77,8.78,8.79,8.8,8.81,8.82,15700,27900,6600,52600,2700,2700,7300,2000,1000,1100,900,3700,200,4200,6500,4200,16300,4300,200,17300
160.0,8.71,126800,1109388.0,8.71,8.7,8.69,8.68,8.66,8.65,8.63,8.62,8.61,8.6,8.72,8.74,8.75,8.76,8.77,8.78,8.79,8.8,8.81,8.82,15300,27900,6600,52600,2700,2700,7300,2000,1000,1100,900,3700,200,4200,6500,4200,16300,4300,200,17300
161.0,8.71,128100,1120712.0,8.71,8.7,8.69,8.68,8.66,8.65,8.63,8.62,8.61,8.6,8.72,8.74,8.75,8.76,8.77,8.78,8.79,8.8,8.81,8.82,15100,27900,6600,52600,2700,2700,7300,2000,1000,1100,800,3700,200,4200,6500,4200,16300,4300,200,17300
162.0,8.71,128100,1120712.0,8.71,8.7,8.69,8.68,8.66,8.65,8.63,8.62,8.61,8.6,8.72,8.74,8.75,8.76,8.77,8.78,8.79,8.8,8.81,8.82,15100,27900,6600,54800,2700,2700,7300,2000,1000,1100,800,3700,200,4200,6500,4200,16300,4300,200,17300
163.0,8.71,128100,1120712.0,8.71,8.7,8.69,8.68,8.66,8.65,8.63,8.62,8.61,8.6,8.72,8.74,8.75,8.76,8.77,8.78,8.79,8.8,8.81,8.82,15100,27900,6600,54800,2700,2700,7300,2000,1000,1100,800,3700,200,4200,4500,4200,16300,4300,200,17300
164.0,8.72,128200,1121584.0,8.71,8.7,8.69,8.68,8.66,8.65,8.63,8.62,8.61,8.6,8.72,8.73,8.74,8.75,8.76,8.77,8.78,8.79,8.8,8.81,15100,28700,6600,54800,2700,2700,7300,2000,1000,1100,700,700,3700,200,4200,3600,4200,16300,4300,200
165.0,8.72,128200,1121584.0,8.71,8.7,8.69,8.68,8.66,8.65,8.63,8.62,8.61,8.6,8.72,8.73,8.74,8.75,8.76,8.77,8.78,8.79,8.8,8.81,17100,28700,6600,54800,2700,2700,7300,2000,1000,1100,700,700,3700,200,4200,3600,4200,16300,4300,200
166.0,8.72,128200,1121584.0,8.71,8.7,8.69,8.68,8.66,8.65,8.63,8.62,8.61,8.6,8.72,8.73,8.74,8.75,8.76,8.77,8.78,8.79,8.8,8.81,17100,28900,6600,54800,2700,2700,7300,2000,1000,1100,700,700,3700,200,4200,400,4200,16300,4300,200
167.0,8.72,128200,1121584.0,8.71,8.7,8.69,8.68,8.66,8.65,8.63,8.62,8.61,8.6,8.72,8.73,8.74,8.75,8.76,8.78,8.79,8.8,8.81,8.82,18100,28900,6600,54800,2700,2700,7300,2000,1000,1100,700,700,3700,200,4200,4200,16300,4300,200,17300
168.0,8.71,129300,1131165.0,8.71,8.7,8.69,8.68,8.66,8.65,8.63,8.62,8.61,8.6,8.72,8.73,8.74,8.75,8.76,8.78,8.79,8.8,8.81,8.82,17000,28900,6600,54800,2700,2700,7300,2000,1000,1100,700,700,3700,200,4200,4200,16300,4300,200,17300
169.0,8.71,129300,1131165.0,8.71,8.7,8.69,8.68,8.66,8.65,8.63,8.62,8.61,8.6,8.72,8.73,8.74,8.75,8.76,8.78,8.79,8.8,8.81,8.82,17000,28900,6600,54800,2700,2700,7300,2000,1000,1100,700,700,3700,200,4200,4200,16300,4300,200,17300
170.0,8.72,129400,1132037.0,8.71,8.7,8.69,8.68,8.66,8.65,8.63,8.62,8.61,8.6,8.72,8.73,8.74,8.75,8.76,8.78,8.79,8.8,8.81,8.82,17000,28900,6600,54800,2700,2700,7300,2000,1000,1100,600,700,3700,200,4200,4200,16300,4300,200,17300
171.0,8.72,129400,1132037.0,8.71,8.7,8.69,8.68,8.66,8.65,8.63,8.62,8.61,8.6,8.72,8.73,8.74,8.75,8.76,8.78,8.79,8.8,8.81,8.82,17000,28900,6600,54800,2700,2700,7300,2000,1000,1100,600,700,3700,200,4200,4200,16300,4300,200,17300
172.0,8.72,130000,1137269.0,8.72,8.71,8.7,8.69,8.68,8.66,8.65,8.63,8.62,8.61,8.73,8.74,8.75,8.76,8.78,8.79,8.8,8.81,8.82,8.84,400,17000,28900,6600,54800,2700,2700,7300,2000,1000,700,3700,200,4200,4200,16300,4300,200,17300,17400
173.0,8.72,130000,1137269.0,8.72,8.71,8.7,8.69,8.68,8.66,8.65,8.63,8.62,8.61,8.73,8.74,8.75,8.76,8.78,8.79,8.8,8.81,8.82,8.84,400,17000,28900,6600,54800,2700,2700,7300,2000,1000,700,3700,200,4200,4200,16300,4300,200,17300,17400
174.0,8.71,134000,1172113.0,8.71,8.7,8.69,8.68,8.66,8.65,8.63,8.62,8.61,8.6,8.73,8.74,8.75,8.76,8.78,8.79,8.8,8.81,8.82,8.84,13400,28900,6600,54800,2700,2700,7300,2000,1000,1100,700,3700,100,4200,4200,16300,4300,200,17300,17400
175.0,8.71,134000,1172113.0,8.72,8.71,8.7,8.69,8.68,8.66,8.65,8.63,8.62,8.61,8.73,8.74,8.75,8.76,8.78,8.79,8.8,8.81,8.82,8.84,1700,13400,28900,6600,54800,2700,2700,7300,2000,1000,700,3700,100,4200,4200,16300,4300,200,17300,17400
176.0,8.71,134000,1172113.0,8.72,8.71,8.7,8.69,8.68,8.66,8.65,8.63,8.62,8.61,8.73,8.74,8.75,8.76,8.78,8.79,8.8,8.81,8.82,8.84,1700,15400,28900,6600,54800,2700,2700,7300,2000,1000,700,3700,100,4200,4200,16300,4300,200,17300,17400
177.0,8.71,134000,1172113.0,8.72,8.71,8.7,8.69,8.68,8.66,8.65,8.63,8.62,8.61,8.73,8.74,8.75,8.76,8.78,8.79,8.8,8.81,8.82,8.84,1700,15400,28900,6600,54800,2700,2700,7300,2000,1000,900,3700,100,4200,4200,16300,4300,200,17300,17400
178.0,8.71,136100,1190421.0,8.71,8.7,8.69,8.68,8.66,8.65,8.63,8.62,8.61,8.6,8.73,8.74,8.75,8.76,8.78,8.79,8.8,8.81,8.82,8.84,18900,28900,6600,54800,2700,2700,7300,2000,1000,1100,900,3700,100,4200,4200,16300,4300,200,17300,17400
179.0,8.72,136200,1191293.0,8.71,8.7,8.69,8.68,8.66,8.65,8.63,8.62,8.61,8.6,8.72,8.73,8.74,8.75,8.76,8.78,8.79,8.8,8.81,8.82,18800,28900,6600,54800,2700,2700,7300,2000,1000,1100,1800,900,3700,100,4200,4200,16300,4300,200,17300
180.0,8.72,136300,1192165.0,8.71,8.7,8.69,8.68,8.66,8.65,8.63,8.62,8.61,8.6,8.72,8.73,8.74,8.75,8.76,8.78,8.79,8.8,8.81,8.82,18800,29500,6600,54800,2700,2700,7300,2000,1000,1100,1700,900,3700,100,4200,4200,16300,4300,200,17300
181.0,8.72,136300,1192165.0,8.71,8.7,8.69,8.68,8.66,8.65,8.63,8.62,8.61,8.6,8.72,8.74,8.75,8.76,8.78,8.79,8.8,8.81,8.82,8.84,18800,29500,6600,54800,2700,2700,7300,2000,1000,1100,1700,3700,100,4200,4200,16300,4300,200,17300,17400
182.0,8.72,136600,1194781.0,8.71,8.7,8.69,8.68,8.66,8.65,8.63,8.62,8.61,8.6,8.72,8.74,8.75,8.76,8.78,8.79,8.8,8.81,8.82,8.84,18800,29500,6600,54800,2700,2700,7300,2000,1000,1100,1400,3700,100,4200,4200,16300,4300,200,17300,17400
183.0,8.72,136800,1196525.0,8.71,8.7,8.69,8.68,8.66,8.65,8.63,8.62,8.61,8.6,8.72,8.74,8.75,8.76,8.78,8.79,8.8,8.81,8.82,8.84,18800,29500,6600,54800,2700,2700,7300,2000,1000,1100,1200,3700,100,4200,4200,16300,4300,200,17300,17400
184.0,8.72,136800,1196525.0,8.71,8.7,8.69,8.68,8.66,8.65,8.63,8.62,8.61,8.6,8.72,8.74,8.75,8.76,8.78,8.79,8.8,8.81,8.82,8.84,18800,29500,6600,54800,2700,2700,7300,2000,1000,1100,1200,3700,100,4200,4200,16300,4300,200,17300,17400
185.0,8.72,136800,1196525.0,8.71,8.7,8.69,8.68,8.66,8.65,8.63,8.62,8.61,8.6,8.72,8.74,8.75,8.76,8.78,8.79,8.8,8.81,8.82,8.84,18800,29500,6600,54800,2700,2700,7300,2000,1000,1100,1200,3700,100,4200,4200,16300,4300,200,17300,17400
186.0,8.72,139600,1220925.0,8.72,8.71,8.7,8.69,8.68,8.66,8.65,8.63,8.62,8.61,8.74,8.75,8.76,8.78,8.79,8.8,8.81,8.82,8.84,8.85,100,17200,29500,6600,54800,2700,2700,7300,2000,1000,3700,100,4200,4200,16300,4300,200,17300,17400,2000
187.0,8.74,139900,1223547.0,8.72,8.71,8.7,8.69,8.68,8.66,8.65,8.63,8.62,8.61,8.74,8.75,8.76,8.78,8.79,8.8,8.81,8.82,8.84,8.85,100,17200,29500,6600,54800,2700,2700,7300,2000,1000,3400,100,4200,4200,16300,4300,200,17300,17400,2000
188.0,8.74,139900,1223547.0,8.72,8.71,8.7,8.69,8.68,8.66,8.65,8.63,8.62,8.61,8.74,8.75,8.76,8.78,8.79,8.8,8.81,8.82,8.84,8.85,100,17200,29500,6600,54800,2700,2700,7300,2000,1000,4000,100,4200,4200,16300,4300,200,17300,17400,2000
189.0,8.74,139900,1223547.0,8.72,8.71,8.7,8.69,8.68,8.66,8.65,8.63,8.62,8.61,8.74,8.75,8.76,8.78,8.79,8.8,8.81,8.82,8.84,8.85,100,17200,29500,6600,54800,2700,2700,7300,2000,1000,4000,100,4200,4200,16300,4300,200,17300,17400,2000
190.0,8.74,140700,1230539.0,8.72,8.71,8.7,8.69,8.68,8.66,8.65,8.63,8.62,8.61,8.74,8.75,8.76,8.78,8.79,8.8,8.81,8.82,8.84,8.85,100,18000,29500,6600,54800,2700,2700,7300,2000,1000,3200,100,4200,4200,16300,4300,200,17300,17400,2000
191.0,8.71,141600,1238379.0,8.71,8.7,8.69,8.68,8.66,8.65,8.63,8.62,8.61,8.6,8.74,8.75,8.76,8.78,8.79,8.8,8.81,8.82,8.84,8.85,17200,29500,6600,54800,2700,2700,7300,2000,1000,1100,3200,100,4200,4200,16300,4300,200,17300,17400,2000
192.0,8.71,141600,1238379.0,8.71,8.7,8.69,8.68,8.66,8.65,8.63,8.62,8.61,8.6,8.74,8.75,8.76,8.78,8.79,8.8,8.81,8.82,8.84,8.85,17200,29500,6600,54800,2700,2700,7300,2000,1000,1100,3200,100,4200,4200,16300,4300,200,17300,17400,2000
193.0,8.71,145100,1268891.0,8.71,8.7,8.69,8.68,8.66,8.65,8.63,8.62,8.61,8.6,8.74,8.75,8.76,8.78,8.79,8.8,8.81,8.82,8.84,8.85,14600,29500,6600,54800,2700,2700,7300,2000,1000,1100,2600,100,4200,4200,16300,4300,200,17300,17400,2000
194.0,8.71,160200,1400412.0,8.7,8.69,8.68,8.66,8.65,8.63,8.62,8.61,8.6,8.58,8.71,8.72,8.74,8.76,8.78,8.79,8.8,8.81,8.82,8.84,29500,6600,54800,2700,2700,7300,2000,1000,1100,1800,14600,2800,2800,4200,4200,16300,4300,200,17300,17400
195.0,8.71,162800,1423033.0,8.7,8.69,8.68,8.66,8.65,8.63,8.62,8.61,8.6,8.58,8.71,8.72,8.74,8.76,8.78,8.79,8.8,8.81,8.82,8.84,27000,6600,54800,2700,2700,7300,2000,1000,1100,1800,16600,2700,2800,4200,4200,16300,4200,200,17300,17400
196.0,8.71,162800,1423033.0,8.7,8.69,8.68,8.66,8.65,8.63,8.62,8.61,8.6,8.58,8.71,8.72,8.74,8.76,8.78,8.79,8.8,8.81,8.82,8.84,27000,6600,54800,2700,2700,7300,2000,1000,1100,1800,16600,2700,2800,4200,4200,16300,4200,200,17300,17400
197.0,8.7,170700,1491801.0,8.7,8.69,8.68,8.66,8.65,8.63,8.62,8.61,8.6,8.58,8.71,8.72,8.74,8.76,8.78,8.79,8.8,8.81,8.82,8.84,23000,6600,54800,2700,2700,7300,2000,1000,1100,1800,12800,2800,2800,4200,4200,16300,4200,200,17300,17400
198.0,8.7,170700,1491801.0,8.7,8.69,8.68,8.66,8.65,8.63,8.62,8.61,8.6,8.58,8.71,8.72,8.74,8.76,8.78,8.79,8.8,8.81,8.82,8.84,23000,6600,54800,2700,2700,7300,2000,1000,1100,1800,12800,2700,2800,4200,4200,16300,4200,200,17300,17400
199.0,8.7,170700,1491801.0,8.7,8.69,8.68,8.66,8.65,8.63,8.62,8.61,8.6,8.58,8.71,8.72,8.74,8.76,8.78,8.79,8.8,8.81,8.82,8.84,23000,6600,54800,2700,2700,7300,2000,1000,1100,1800,12800,2700,2800,4200,4200,16300,4200,200,17300,17400
200.0,8.7,171900,1502252.0,8.7,8.69,8.68,8.66,8.65,8.63,8.62,8.61,8.6,8.58,8.71,8.72,8.74,8.76,8.78,8.79,8.8,8.81,8.82,8.84,22900,6600,54800,2700,2700,7300,2000,1000,1100,1800,9900,2700,2800,4200,4200,16300,4200,200,17300,17400
201.0,8.7,173600,1517042.0,8.7,8.69,8.68,8.66,8.65,8.63,8.62,8.61,8.6,8.58,8.71,8.72,8.74,8.76,8.78,8.79,8.8,8.81,8.82,8.84,21200,6600,54800,2700,2700,7300,2000,1000,1100,1800,9900,2700,2800,4200,4200,16300,4200,200,17300,17400
202.0,8.7,173600,1517042.0,8.7,8.69,8.68,8.66,8.65,8.63,8.62,8.61,8.6,8.58,8.71,8.72,8.74,8.76,8.78,8.79,8.8,8.81,8.82,8.84,21200,6600,54800,2700,2700,7300,2000,1000,1100,1800,9900,2700,2800,4200,4200,16300,4200,200,17300,17400
203.0,8.7,184400,1611011.0,8.7,8.69,8.68,8.66,8.65,8.63,8.62,8.61,8.6,8.58,8.71,8.72,8.74,8.76,8.78,8.79,8.8,8.81,8.82,8.84,11300,6600,54800,2700,2700,7300,2000,1000,1100,1800,9100,2700,2800,4200,4200,16300,4200,200,17300,17400
204.0,8.7,191900,1676265.0,8.7,8.69,8.68,8.66,8.65,8.63,8.62,8.61,8.6,8.58,8.71,8.72,8.74,8.76,8.78,8.79,8.8,8.81,8.82,8.84,4200,6600,54800,2700,2700,7300,2000,1000,1100,1800,8600,2700,2800,4200,4200,16300,4200,200,17300,17400
205.0,8.71,194400,1698040.0,8.7,8.69,8.68,8.66,8.65,8.63,8.62,8.61,8.6,8.58,8.71,8.72,8.74,8.76,8.78,8.79,8.8,8.81,8.82,8.84,4200,6600,54800,2700,2700,7300,2000,1000,1100,1800,6100,2700,2800,4200,4200,16300,4200,200,17300,17400
206.0,8.69,201600,1760650.0,8.69,8.68,8.66,8.65,8.63,8.62,8.61,8.6,8.58,8.55,8.7,8.71,8.72,8.74,8.76,8.78,8.79,8.8,8.81,8.82,2600,54800,2700,2700,7300,2000,1000,1100,1800,1500,5800,6200,2700,2800,4200,4200,16300,4200,200,17300
207.0,8.69,203000,1772821.0,8.69,8.68,8.66,8.65,8.63,8.62,8.61,8.6,8.58,8.55,8.7,8.71,8.72,8.74,8.76,8.78,8.79,8.8,8.81,8.82,1700,54800,2700,2700,7300,2000,1000,1100,1800,1500,6700,6200,2700,2800,4200,4200,16300,4200,200,17300
208.0,8.71,215000,1877274.0,8.69,8.68,8.66,8.65,8.63,8.62,8.61,8.6,8.58,8.55,8.71,8.72,8.74,8.76,8.78,8.79,8.8,8.81,8.82,8.84,1700,54800,2700,2700,7300,2000,1000,1100,1800,1500,900,2700,2800,4200,4200,16300,4200,200,17300,17400
209.0,8.71,215000,1877274.0,8.69,8.68,8.66,8.65,8.63,8.62,8.61,8.6,8.58,8.55,8.71,8.72,8.74,8.76,8.78,8.79,8.8,8.81,8.82,8.84,1800,54800,2700,2700,7300,2000,1000,1100,1800,1500,1000,2700,2800,4200,4200,16300,4200,200,17300,17400
210.0,8.71,215100,1878145.0,8.69,8.68,8.66,8.65,8.63,8.62,8.61,8.6,8.58,8.55,8.71,8.72,8.74,8.76,8.78,8.79,8.8,8.81,8.82,8.84,1800,54800,2700,2700,7300,2000,1000,1100,1800,1500,900,2700,2800,4200,4200,16300,4200,200,17300,17400
211.0,8.71,215100,1878145.0,8.69,8.68,8.66,8.65,8.63,8.62,8.61,8.6,8.58,8.55,8.71,8.72,8.74,8.76,8.78,8.79,8.8,8.81,8.82,8.84,1800,54800,2700,2700,7300,2000,1000,1100,1800,1500,900,2700,2800,4200,4200,16300,4200,200,17300,17400
212.0,8.71,215100,1878145.0,8.69,8.68,8.66,8.65,8.63,8.62,8.61,8.6,8.58,8.55,8.71,8.72,8.74,8.76,8.78,8.79,8.8,8.81,8.82,8.84,1800,54800,2700,2700,7300,2000,1000,1100,1800,1500,900,2700,2800,4200,4200,16300,4200,200,17300,17400
213.0,8.71,215100,1878145.0,8.69,8.68,8.66,8.65,8.63,8.62,8.61,8.6,8.58,8.55,8.71,8.72,8.74,8.76,8.78,8.79,8.8,8.81,8.82,8.84,1800,54800,2700,2700,7300,2000,1000,1100,1800,1500,1100,2700,2800,4200,4200,16300,4200,200,17300,17400
214.0,8.71,215200,1879016.0,8.69,8.68,8.66,8.65,8.63,8.62,8.61,8.6,8.58,8.55,8.71,8.72,8.74,8.76,8.78,8.79,8.8,8.81,8.82,8.84,1800,54800,2700,2700,7300,2000,1000,1100,1800,1500,1000,2700,2800,4200,4200,16300,4200,200,17300,17400
215.0,8.71,215200,1879016.0,8.69,8.68,8.66,8.65,8.63,8.62,8.61,8.6,8.58,8.55,8.71,8.72,8.74,8.76,8.78,8.79,8.8,8.81,8.82,8.84,1800,54800,2700,2700,7300,2000,1000,1100,1800,1500,1000,2700,2800,4200,4200,16300,4200,200,17300,17400
216.0,8.71,216200,1887726.0,8.71,8.69,8.68,8.66,8.65,8.63,8.62,8.61,8.6,8.58,8.72,8.74,8.76,8.78,8.79,8.8,8.81,8.82,8.84,8.85,2700,1800,54800,2700,2700,7300,2000,1000,1100,1800,2700,2800,4200,4200,16300,4200,200,17300,17400,2000
217.0,8.72,216900,1893830.0,8.71,8.69,8.68,8.66,8.65,8.63,8.62,8.61,8.6,8.58,8.72,8.74,8.76,8.78,8.79,8.8,8.81,8.82,8.84,8.85,2700,1800,54800,2700,2700,7300,2000,1000,1100,1800,2000,2800,4200,4200,16300,4200,200,17300,17400,2000
218.0,8.72,217800,1901678.0,8.71,8.69,8.68,8.66,8.65,8.63,8.62,8.61,8.6,8.58,8.72,8.74,8.76,8.78,8.79,8.8,8.81,8.82,8.84,8.85,2700,1800,54800,2700,2700,7300,2000,1000,1100,1800,1100,2800,4200,4200,16300,4200,200,17300,17400,2000
219.0,8.72,217900,1902550.0,8.71,8.69,8.68,8.66,8.65,8.63,8.62,8.61,8.6,8.58,8.72,8.74,8.76,8.78,8.79,8.8,8.81,8.82,8.84,8.85,2700,1800,54800,2700,2700,7300,2000,1000,1100,1800,1000,2800,4200,4200,16300,4200,200,17300,17400,2000
220.0,8.72,218000,1903422.0,8.71,8.69,8.68,8.66,8.65,8.63,8.62,8.61,8.6,8.58,8.72,8.74,8.76,8.78,8.79,8.8,8.81,8.82,8.84,8.85,2700,1800,54800,2700,2700,7300,2000,1000,1100,1800,900,2800,4200,4200,16300,4200,200,17300,17400,2000
221.0,8.72,218000,1903422.0,8.71,8.69,8.68,8.66,8.65,8.63,8.62,8.61,8.6,8.58,8.72,8.74,8.76,8.78,8.79,8.8,8.81,8.82,8.84,8.85,2700,1800,54800,2700,2700,7300,2000,1000,1100,1800,900,2800,4200,4200,16300,4200,200,17300,17400,2000
222.0,8.72,218000,1903422.0,8.71,8.69,8.68,8.66,8.65,8.63,8.62,8.61,8.6,8.58,8.72,8.74,8.76,8.78,8.79,8.8,8.81,8.82,8.84,8.85,2700,1800,54800,2700,2700,7300,2000,1000,1100,1800,900,2800,4200,4200,16300,4200,200,17300,17400,2000
223.0,8.71,220700,1926939.0,8.69,8.68,8.66,8.65,8.63,8.62,8.61,8.6,8.58,8.55,8.71,8.72,8.74,8.76,8.78,8.79,8.8,8.81,8.82,8.84,1800,54800,2700,2700,7300,2000,1000,1100,1800,1500,7600,900,2800,4200,4200,16300,4200,200,17300,17400
224.0,8.69,220900,1928677.0,8.69,8.68,8.66,8.65,8.63,8.62,8.61,8.6,8.58,8.55,8.71,8.72,8.74,8.76,8.78,8.79,8.8,8.81,8.82,8.84,1600,54800,2700,2700,7300,2000,1000,1100,1800,1500,7600,900,2800,4200,4200,16300,4200,200,17300,17400
225.0,8.69,220900,1928677.0,8.69,8.68,8.66,8.65,8.63,8.62,8.61,8.6,8.58,8.55,8.7,8.71,8.72,8.74,8.76,8.78,8.79,8.8,8.81,8.82,1600,54800,2700,2700,7300,2000,1000,1100,1800,1500,100,7600,900,2800,4200,4200,16300,4200,200,17300
226.0,8.69,221600,1934760.0,8.69,8.68,8.66,8.65,8.63,8.62,8.61,8.6,8.58,8.55,8.7,8.71,8.72,8.74,8.76,8.78,8.79,8.8,8.81,8.82,900,54800,2700,2700,7300,2000,1000,1100,1800,1500,100,7600,900,2800,4200,4200,16300,4200,200,17300
227.0,8.69,221600,1934760.0,8.69,8.68,8.66,8.65,8.63,8.62,8.61,8.6,8.58,8.55,8.7,8.71,8.72,8.74,8.76,8.78,8.79,8.8,8.81,8.82,6200,54800,2700,2700,7300,2000,1000,1100,1800,1500,100,7600,900,2800,4200,4200,16300,4200,200,17300
228.0,8.69,223900,1954747.0,8.69,8.68,8.66,8.65,8.63,8.62,8.61,8.6,8.58,8.55,8.7,8.71,8.72,8.74,8.76,8.78,8.79,8.8,8.81,8.82,3900,54800,2700,2700,7300,2000,1000,1100,1800,1500,100,7600,900,2800,4200,4200,16300,4200,200,17300
229.0,8.69,223900,1954747.0,8.69,8.68,8.66,8.65,8.63,8.62,8.61,8.6,8.58,8.55,8.7,8.71,8.72,8.74,8.76,8.78,8.79,8.8,8.81,8.82,4900,54800,2700,2700,7300,2000,1000,1100,1800,1500,100,7600,900,2800,4200,4200,16300,4200,200,17300
230.0,8.69,223900,1954747.0,8.69,8.68,8.66,8.65,8.63,8.62,8.61,8.6,8.58,8.55,8.7,8.71,8.72,8.74,8.76,8.78,8.79,8.8,8.81,8.82,4900,54800,2700,2700,7300,2000,1000,1100,1800,1500,100,7600,900,2800,4200,4200,16300,4200,200,17300
231.0,8.69,223900,1954747.0,8.69,8.68,8.66,8.65,8.63,8.62,8.61,8.6,8.58,8.55,8.7,8.71,8.72,8.74,8.76,8.78,8.79,8.8,8.81,8.82,4900,54800,2700,2700,7300,2000,1000,1100,1800,1500,1500,7600,900,2800,4200,4200,16300,4200,200,17300
232.0,8.69,223900,1954747.0,8.69,8.68,8.66,8.65,8.63,8.62,8.61,8.6,8.58,8.55,8.7,8.71,8.72,8.74,8.76,8.78,8.79,8.8,8.81,8.82,4900,54800,2700,2700,7300,2000,1000,1100,1800,1500,1500,7600,900,2800,4200,4200,16300,4200,200,17300
233.0,8.69,224100,1956486.0,8.69,8.68,8.66,8.65,8.63,8.62,8.61,8.6,8.58,8.55,8.7,8.71,8.72,8.74,8.76,8.78,8.79,8.8,8.81,8.82,5300,54800,2700,2700,7300,2000,1000,1100,1800,1500,1400,7600,900,2800,4200,4200,16300,4200,200,17300
234.0,8.7,224200,1957356.0,8.69,8.68,8.66,8.65,8.63,8.62,8.61,8.6,8.58,8.55,8.7,8.71,8.72,8.74,8.76,8.78,8.79,8.8,8.81,8.82,5300,54800,2700,2700,7300,2000,1000,1100,1800,1500,1300,7600,900,2800,4200,4200,16300,4200,200,17300
235.0,8.7,224200,1957356.0,8.69,8.68,8.66,8.65,8.63,8.62,8.61,8.6,8.58,8.55,8.7,8.71,8.72,8.74,8.76,8.78,8.79,8.8,8.81,8.82,5500,54800,2700,2700,7300,2000,1000,1100,1800,1500,1300,7600,900,2800,4200,4200,16300,4200,200,17300
236.0,8.7,224200,1957356.0,8.69,8.68,8.66,8.65,8.63,8.62,8.61,8.6,8.58,8.55,8.7,8.71,8.72,8.74,8.76,8.78,8.79,8.8,8.81,8.82,5500,54800,2700,2700,8600,2000,1000,1100,1800,1500,1300,7600,900,2800,4200,4200,16300,4200,200,17300
237.0,8.7,224300,1958226.0,8.69,8.68,8.66,8.65,8.63,8.62,8.61,8.6,8.58,8.55,8.7,8.71,8.72,8.74,8.76,8.78,8.79,8.8,8.81,8.82,5500,54800,2700,2700,8600,2000,1000,1100,1800,1500,1200,7600,900,2800,4200,4200,16300,4200,200,17300
238.0,8.7,224300,1958226.0,8.69,8.68,8.66,8.65,8.63,8.62,8.61,8.6,8.58,8.55,8.7,8.71,8.72,8.74,8.76,8.78,8.79,8.8,8.81,8.82,5500,54800,2700,2700,8600,2000,1000,1100,1800,1500,1200,7600,900,2800,4200,4200,16300,4200,200,17300
239.0,8.7,224300,1958226.0,8.69,8.68,8.66,8.65,8.63,8.62,8.61,8.6,8.58,8.55,8.7,8.71,8.72,8.74,8.76,8.78,8.79,8.8,8.81,8.82,8500,54800,2700,2700,8600,2000,1000,1100,1800,1500,1200,7600,900,2800,4200,4200,16300,4200,200,17300
240.0,8.7,224600,1960836.0,8.69,8.68,8.66,8.65,8.63,8.62,8.61,8.6,8.58,8.55,8.7,8.71,8.72,8.74,8.76,8.78,8.79,8.8,8.81,8.82,8500,54800,2700,2700,8600,2000,1000,1100,1800,1500,900,7600,900,2800,4200,4200,16300,4200,200,17300
241.0,8.7,224600,1960836.0,8.69,8.68,8.66,8.65,8.63,8.62,8.61,8.6,8.58,8.55,8.7,8.71,8.72,8.74,8.76,8.78,8.79,8.8,8.81,8.82,9000,54800,2700,2700,8600,2000,1000,1100,1800,1500,900,7600,900,2800,4200,4200,16300,4200,200,17300
242.0,8.7,224600,1960836.0,8.69,8.68,8.66,8.65,8.63,8.62,8.61,8.6,8.58,8.55,8.7,8.71,8.72,8.74,8.76,8.78,8.79,8.8,8.81,8.82,9000,54800,2700,2700,8600,2000,1000,1100,1800,1500,900,7600,900,2800,4200,4200,16300,4200,200,17300
243.0,8.7,224600,1960836.0,8.69,8.68,8.66,8.65,8.63,8.62,8.61,8.6,8.58,8.55,8.7,8.71,8.72,8.74,8.76,8.78,8.79,8.8,8.81,8.82,9000,54800,2700,2700,8600,2000,1000,1100,1800,1500,900,7600,900,2800,4200,4200,16300,4200,200,17300
244.0,8.7,224600,1960836.0,8.69,8.68,8.66,8.65,8.63,8.62,8.61,8.6,8.58,8.55,8.7,8.71,8.72,8.74,8.76,8.78,8.79,8.8,8.81,8.82,9000,54800,2700,2700,8600,2000,1000,1100,1800,1500,900,7600,900,2800,4200,4200,16300,4200,200,17300
245.0,8.7,224600,1960836.0,8.69,8.68,8.66,8.65,8.63,8.62,8.61,8.6,8.58,8.55,8.7,8.71,8.72,8.74,8.76,8.78,8.79,8.8,8.81,8.82,9000,54800,2700,2700,8600,2000,1000,1100,1800,1500,900,7600,900,2800,4200,4200,16300,4200,200,17300
246.0,8.69,233600,2039046.0,8.68,8.66,8.65,8.63,8.62,8.61,8.6,8.58,8.55,8.51,8.69,8.7,8.71,8.72,8.74,8.76,8.78,8.79,8.8,8.81,54800,2700,2700,8600,2000,1000,1100,1800,1500,700,7500,900,7600,900,2800,4200,4200,16300,4200,200
247.0,8.69,234400,2045998.0,8.68,8.66,8.65,8.63,8.62,8.61,8.6,8.58,8.55,8.51,8.69,8.7,8.71,8.72,8.74,8.76,8.78,8.79,8.8,8.81,54800,2700,2700,8600,2000,1000,1100,1800,1500,700,6700,900,7600,900,2800,4200,4200,16300,4200,200
248.0,8.69,241100,2104221.0,8.69,8.68,8.66,8.65,8.63,8.62,8.61,8.6,8.58,8.55,8.7,8.71,8.72,8.74,8.76,8.78,8.79,8.8,8.81,8.82,300,54800,2700,2700,8600,2000,1000,1100,1800,1500,900,7600,900,2800,4200,4200,16300,4200,200,17300
249.0,8.69,241200,2105090.0,8.69,8.68,8.66,8.65,8.63,8.62,8.61,8.6,8.58,8.55,8.7,8.71,8.72,8.74,8.76,8.78,8.79,8.8,8.81,8.82,1200,54800,2700,2700,8600,2000,1000,1100,1800,1500,900,7600,900,2800,4200,4200,16300,4200,200,17300
250.0,8.69,242400,2115518.0,8.68,8.66,8.65,8.63,8.62,8.61,8.6,8.58,8.55,8.51,8.69,8.7,8.71,8.72,8.74,8.76,8.78,8.79,8.8,8.81,54800,2700,2700,8600,2000,1000,1100,1800,1500,700,900,900,7600,900,2800,4200,4200,16300,4200,200
251.0,8.68,244300,2132010.0,8.68,8.66,8.65,8.63,8.62,8.61,8.6,8.58,8.55,8.51,8.69,8.7,8.71,8.72,8.74,8.76,8.78,8.79,8.8,8.81,52900,2700,2700,8600,2000,1000,1100,1800,1500,700,900,900,7600,900,2800,4200,4200,16300,4200,200
252.0,8.69,244400,2132879.0,8.68,8.66,8.65,8.63,8.62,8.61,8.6,8.58,8.55,8.51,8.69,8.7,8.71,8.72,8.74,8.76,8.78,8.79,8.8,8.81,52900,2700,2700,8600,2000,1000,1100,1800,1500,700,800,900,7600,900,2800,4200,4200,16300,4200,200
253.0,8.69,244400,2132879.0,8.68,8.66,8.65,8.63,8.62,8.61,8.6,8.58,8.55,8.51,8.69,8.7,8.71,8.72,8.74,8.76,8.78,8.79,8.8,8.81,52900,2700,2700,8600,2000,1000,1100,1800,1500,700,800,900,7600,900,2800,4200,4200,16300,4200,200
254.0,8.68,244600,2134615.0,8.68,8.66,8.65,8.63,8.62,8.61,8.6,8.58,8.55,8.51,8.69,8.7,8.71,8.72,8.74,8.76,8.78,8.79,8.8,8.81,52700,2700,2700,8600,2000,1000,1100,1800,1500,700,800,900,7600,900,2800,4200,4200,16300,4200,200
255.0,8.68,244600,2134615.0,8.68,8.66,8.65,8.63,8.62,8.61,8.6,8.58,8.55,8.51,8.69,8.7,8.71,8.72,8.74,8.76,8.78,8.79,8.8,8.81,52700,2700,2700,8600,2000,1000,1100,1800,1500,700,800,900,7600,900,2800,4200,4200,16300,4200,200
256.0,8.69,245000,2138091.0,8.68,8.66,8.65,8.63,8.62,8.61,8.6,8.58,8.55,8.51,8.69,8.7,8.71,8.72,8.74,8.76,8.78,8.79,8.8,8.81,52700,2700,2700,8600,2000,1000,1100,1800,1500,700,400,900,7600,900,2800,4200,4200,16300,4200,200
257.0,8.68,245800,2145035.0,8.68,8.66,8.65,8.63,8.62,8.61,8.6,8.58,8.55,8.51,8.69,8.7,8.71,8.72,8.74,8.76,8.78,8.79,8.8,8.81,51900,2700,2700,8600,2000,1000,1100,1800,1500,700,400,900,7600,900,2800,4200,4200,16300,4200,200
258.0,8.68,245800,2145035.0,8.68,8.66,8.65,8.63,8.62,8.61,8.6,8.58,8.55,8.51,8.69,8.7,8.71,8.72,8.74,8.76,8.78,8.79,8.8,8.81,51900,2700,2700,8600,2000,1000,1100,1800,1500,700,400,900,7600,900,2800,4200,4200,16300,4200,200
259.0,8.69,246200,2148511.0,8.69,8.68,8.66,8.65,8.63,8.62,8.61,8.6,8.58,8.55,8.7,8.71,8.72,8.74,8.76,8.78,8.79,8.8,8.81,8.82,3600,51900,2700,2700,8600,2000,1000,1100,1800,1500,900,7600,900,2800,4200,4200,16300,4200,200,17300
260.0,8.69,248100,2165022.0,8.69,8.68,8.66,8.65,8.63,8.62,8.61,8.6,8.58,8.55,8.7,8.71,8.72,8.74,8.76,8.78,8.79,8.8,8.81,8.82,1700,51900,2700,2700,8600,2000,1000,1100,1800,1500,900,7600,900,2800,4200,4200,16300,4200,200,17300
261.0,8.69,248100,2165022.0,8.69,8.68,8.66,8.65,8.63,8.62,8.61,8.6,8.58,8.55,8.7,8.71,8.72,8.74,8.76,8.78,8.79,8.8,8.81,8.82,1700,51900,2700,2700,8600,2000,1000,1100,1800,1500,900,7600,900,2800,4200,4200,16300,4200,200,17300
262.0,8.69,248100,2165022.0,8.69,8.68,8.66,8.65,8.63,8.62,8.61,8.6,8.58,8.55,8.7,8.71,8.72,8.74,8.76,8.78,8.79,8.8,8.81,8.82,1700,51900,2700,3700,8600,2000,1000,1100,1800,1500,900,7600,900,2800,4200,4200,16300,4200,200,17300
263.0,8.69,249900,2180665.0,8.68,8.66,8.65,8.63,8.62,8.61,8.6,8.58,8.55,8.51,8.69,8.7,8.71,8.72,8.74,8.76,8.78,8.79,8.8,8.81,51900,2700,3700,8600,2000,1000,1100,1800,1500,700,300,800,7600,900,2800,4200,4200,16300,4200,200
264.0,8.69,249900,2180665.0,8.68,8.66,8.65,8.63,8.62,8.61,8.6,8.58,8.55,8.51,8.69,8.7,8.71,8.72,8.74,8.76,8.78,8.79,8.8,8.81,51900,2700,3700,8600,2000,1000,1100,1800,1500,700,300,800,7600,900,2800,4200,4200,16300,4200,200
265.0,8.69,249900,2180665.0,8.68,8.66,8.65,8.63,8.62,8.61,8.6,8.58,8.55,8.51,8.69,8.7,8.71,8.72,8.74,8.76,8.78,8.79,8.8,8.81,51900,2700,3700,8600,2000,1000,1100,1800,1500,700,300,800,7600,900,2800,4200,4200,16300,4200,200
266.0,8.69,249900,2180665.0,8.68,8.66,8.65,8.63,8.62,8.61,8.6,8.58,8.55,8.51,8.69,8.7,8.71,8.72,8.74,8.76,8.78,8.79,8.8,8.81,52900,2700,3700,8600,2000,1000,1100,1800,1500,700,300,800,7600,900,2800,4200,4200,16300,4200,200
267.0,8.69,249900,2180665.0,8.68,8.66,8.65,8.63,8.62,8.61,8.6,8.58,8.55,8.51,8.69,8.7,8.71,8.72,8.74,8.76,8.78,8.79,8.8,8.81,52900,2700,3700,8600,2000,1000,1100,1800,1500,700,300,800,7600,900,2800,4200,4200,16300,4200,200
268.0,8.69,249900,2180665.0,8.68,8.66,8.65,8.63,8.62,8.61,8.6,8.58,8.55,8.51,8.69,8.7,8.71,8.72,8.74,8.76,8.78,8.79,8.8,8.81,52900,2700,3700,8600,2000,1000,1100,1800,1500,700,300,800,7600,900,2800,4200,4200,16300,4200,200
269.0,8.69,249900,2180665.0,8.68,8.66,8.65,8.63,8.62,8.61,8.6,8.58,8.55,8.51,8.69,8.7,8.71,8.72,8.74,8.76,8.78,8.79,8.8,8.81,52900,2700,3700,8600,2000,1000,1100,1800,1500,700,300,800,7600,900,2800,4200,4200,16300,4200,200
270.0,8.69,249900,2180665.0,8.68,8.66,8.65,8.63,8.62,8.61,8.6,8.58,8.55,8.51,8.69,8.7,8.71,8.72,8.74,8.76,8.78,8.79,8.8,8.81,53900,2700,3700,8600,2000,1000,1100,1800,1500,700,2300,800,7600,900,2800,4200,4200,16300,4200,200
271.0,8.69,250100,2182403.0,8.68,8.66,8.65,8.63,8.62,8.61,8.6,8.58,8.55,8.51,8.69,8.7,8.71,8.72,8.74,8.76,8.78,8.79,8.8,8.81,53900,2700,3700,8600,2000,1000,1100,1800,1500,700,2100,800,7600,900,2800,4200,4200,16300,4200,200
272.0,8.69,250100,2182403.0,8.68,8.66,8.65,8.63,8.62,8.61,8.6,8.58,8.55,8.51,8.69,8.7,8.71,8.72,8.74,8.76,8.78,8.79,8.8,8.81,53900,1400,3700,8600,2000,1000,1100,1800,1500,700,2100,800,7600,900,2800,4200,4200,16300,4200,200
273.0,8.69,250100,2182403.0,8.68,8.66,8.65,8.63,8.62,8.61,8.6,8.58,8.55,8.51,8.69,8.7,8.71,8.72,8.74,8.76,8.78,8.79,8.8,8.81,53900,1400,3700,8600,2000,1000,1100,1800,1500,700,2100,800,7600,900,2800,4200,4200,16300,4200,200
274.0,8.69,250100,2182403.0,8.68,8.66,8.65,8.63,8.62,8.61,8.6,8.58,8.55,8.51,8.69,8.7,8.71,8.72,8.74,8.76,8.78,8.79,8.8,8.81,53900,1400,3700,8600,2000,1000,1100,1800,1500,700,2100,800,7600,900,2800,4200,4200,16300,4200,200
275.0,8.69,250700,2187617.0,8.68,8.66,8.65,8.63,8.62,8.61,8.6,8.58,8.55,8.51,8.69,8.7,8.71,8.72,8.74,8.76,8.78,8.79,8.8,8.81,53900,1400,3700,8600,2000,1000,1100,1800,1500,700,1500,800,7600,900,2800,4200,4200,16300,4200,200
276.0,8.69,250700,2187617.0,8.68,8.66,8.65,8.63,8.62,8.61,8.6,8.58,8.55,8.51,8.69,8.7,8.71,8.72,8.74,8.76,8.78,8.79,8.8,8.81,53900,1400,3700,8600,2000,1000,1100,1800,1500,700,1500,800,7600,900,2800,4200,4200,16300,4200,200
277.0,8.68,252000,2198901.0,8.68,8.66,8.65,8.63,8.62,8.61,8.6,8.58,8.55,8.51,8.69,8.7,8.71,8.72,8.74,8.76,8.78,8.79,8.8,8.81,52600,1400,3700,8600,2000,1000,1100,1800,1500,700,1500,800,7600,900,2800,4200,4200,16300,4200,200
278.0,8.69,252100,2199770.0,8.68,8.66,8.65,8.63,8.62,8.61,8.6,8.58,8.55,8.51,8.69,8.7,8.71,8.72,8.74,8.76,8.78,8.79,8.8,8.81,58600,1400,3700,8600,2000,1000,1100,1800,1500,700,1400,800,7600,900,2800,4200,4200,16300,4200,200
279.0,8.69,252200,2200639.0,8.68,8.66,8.65,8.63,8.62,8.61,8.6,8.58,8.55,8.51,8.69,8.7,8.71,8.72,8.74,8.76,8.78,8.79,8.8,8.81,58600,1400,3700,8600,2000,1000,1100,1800,1500,700,1300,800,7600,900,2800,4200,4200,16300,4200,200
280.0,8.69,252500,2203246.0,8.68,8.66,8.65,8.63,8.62,8.61,8.6,8.58,8.55,8.51,8.69,8.7,8.71,8.72,8.74,8.76,8.78,8.79,8.8,8.81,60600,1400,3700,8600,2000,1000,1100,1800,1500,700,1000,800,7600,900,2800,4200,4200,16300,4200,200
281.0,8.69,252500,2203246.0,8.68,8.66,8.65,8.63,8.62,8.61,8.6,8.58,8.55,8.51,8.69,8.7,8.71,8.72,8.74,8.76,8.78,8.79,8.8,8.81,61600,1400,3700,8600,2000,1000,1100,1800,1500,700,4400,800,7600,900,2800,4200,4200,16300,4200,200
282.0,8.69,252900,2206722.0,8.68,8.66,8.65,8.63,8.62,8.61,8.6,8.58,8.55,8.51,8.69,8.7,8.71,8.72,8.74,8.76,8.78,8.79,8.8,8.81,61600,1400,3700,8600,2000,1000,1100,1800,1500,700,4000,800,7600,900,2800,4200,4200,16300,4200,200
283.0,8.69,252900,2206722.0,8.68,8.66,8.65,8.63,8.62,8.61,8.6,8.58,8.55,8.51,8.69,8.7,8.71,8.72,8.74,8.76,8.78,8.79,8.8,8.81,60600,1400,3700,8600,2000,6000,1100,1800,1500,700,4000,800,7600,900,2800,4200,4200,16300,4200,200
284.0,8.69,252900,2206722.0,8.68,8.66,8.65,8.63,8.62,8.61,8.6,8.58,8.55,8.51,8.69,8.7,8.71,8.72,8.74,8.76,8.78,8.79,8.8,8.81,60600,1400,3700,8600,2000,6000,1100,1800,1500,700,4000,800,7600,900,2800,4200,4200,16300,4200,200
285.0,8.69,253700,2213674.0,8.68,8.66,8.65,8.63,8.62,8.61,8.6,8.58,8.55,8.51,8.69,8.7,8.71,8.72,8.74,8.76,8.78,8.79,8.8,8.81,60600,1400,3700,8600,2000,6000,1100,1800,1500,700,3200,800,7600,900,2800,4200,4200,16300,4200,200
286.0,8.69,253700,2213674.0,8.68,8.66,8.65,8.63,8.62,8.61,8.6,8.58,8.55,8.51,8.69,8.7,8.71,8.72,8.74,8.76,8.78,8.79,8.8,8.81,60600,1400,3700,8600,2000,6000,6100,1800,1500,700,3200,800,7600,900,2800,4200,4200,16300,4200,200
287.0,8.69,254300,2218888.0,8.68,8.66,8.65,8.63,8.62,8.61,8.6,8.58,8.55,8.51,8.69,8.7,8.71,8.72,8.74,8.76,8.78,8.79,8.8,8.81,60600,1400,3700,8600,2000,6000,6100,1800,1500,700,2600,800,7600,900,2800,4200,4200,16300,4200,200
288.0,8.69,256900,2241482.0,8.69,8.68,8.66,8.65,8.63,8.62,8.61,8.6,8.58,8.55,8.7,8.71,8.72,8.74,8.76,8.78,8.79,8.8,8.81,8.82,2400,60600,1400,2700,8600,2000,6000,6100,1800,1500,800,7600,900,2800,4200,4200,16300,4200,200,17300
289.0,8.69,257000,2242351.0,8.69,8.68,8.66,8.65,8.63,8.62,8.61,8.6,8.58,8.55,8.7,8.71,8.72,8.74,8.76,8.78,8.79,8.8,8.81,8.82,2300,60600,1400,2700,8600,2000,6000,6100,1800,1500,800,7600,900,2800,4200,4200,16300,4200,200,17300
290.0,8.69,257000,2242351.0,8.69,8.68,8.66,8.65,8.63,8.62,8.61,8.6,8.58,8.55,8.7,8.71,8.72,8.74,8.76,8.78,8.79,8.8,8.81,8.82,2300,60600,1400,2700,8600,2000,6000,6100,1800,1500,800,7600,900,2800,4200,4200,16300,4200,200,17300
291.0,8.69,257000,2242351.0,8.69,8.68,8.66,8.65,8.63,8.62,8.61,8.6,8.58,8.55,8.7,8.71,8.72,8.74,8.76,8.78,8.79,8.8,8.81,8.82,2300,60600,1400,2700,8600,2000,6000,6100,1800,1500,800,7600,900,2800,4200,4200,16300,4200,200,17300
292.0,8.69,257000,2242351.0,8.69,8.68,8.66,8.65,8.63,8.62,8.61,8.6,8.58,8.55,8.7,8.71,8.72,8.74,8.76,8.78,8.79,8.8,8.81,8.82,2400,60600,1400,2700,8600,2000,6000,6100,1800,1500,800,7600,900,2800,4200,4200,16300,4200,200,17300
293.0,8.69,257000,2242351.0,8.69,8.68,8.66,8.65,8.63,8.62,8.61,8.6,8.58,8.55,8.7,8.71,8.72,8.74,8.76,8.78,8.79,8.8,8.81,8.82,2400,60600,1400,2700,8600,2000,6000,6100,1800,1500,800,7600,900,2800,4200,4200,16300,4200,200,17300
294.0,8.69,257000,2242351.0,8.69,8.68,8.66,8.65,8.63,8.62,8.61,8.6,8.58,8.55,8.7,8.71,8.72,8.74,8.76,8.78,8.79,8.8,8.81,8.82,2400,60600,1400,2700,8600,2000,6000,6100,1800,1500,800,7600,900,2800,4200,4200,16300,4200,200,17300
295.0,8.69,258000,2251041.0,8.69,8.68,8.66,8.65,8.63,8.62,8.61,8.6,8.58,8.55,8.7,8.71,8.72,8.74,8.76,8.78,8.79,8.8,8.81,8.82,1400,60600,1400,2700,8600,2000,6000,6100,1800,1500,800,7600,900,2800,4200,4200,16300,4200,200,17300
296.0,8.69,258400,2254517.0,8.69,8.68,8.66,8.65,8.63,8.62,8.61,8.6,8.58,8.55,8.7,8.71,8.72,8.74,8.76,8.78,8.79,8.8,8.81,8.82,1000,60600,1400,2700,8600,2000,6000,6100,1800,1500,800,7600,900,2800,4200,4200,16300,4200,200,17300
297.0,8.69,259400,2263207.0,8.68,8.66,8.65,8.63,8.62,8.61,8.6,8.58,8.55,8.51,8.7,8.71,8.72,8.74,8.76,8.78,8.79,8.8,8.81,8.82,62000,1400,2700,8600,2000,6000,6100,1800,1500,700,800,7600,900,2800,4200,4200,16300,4200,200,17300
298.0,8.7,259500,2264077.0,8.68,8.66,8.65,8.63,8.62,8.61,8.6,8.58,8.55,8.51,8.7,8.71,8.72,8.74,8.76,8.78,8.79,8.8,8.81,8.82,62200,1400,2700,8600,2000,6000,1100,1800,1500,700,900,7600,900,2800,4200,4200,16300,4200,200,17300
299.0,8.69,260200,2270160.0,8.69,8.68,8.66,8.65,8.63,8.62,8.61,8.6,8.58,8.55,8.7,8.71,8.72,8.74,8.76,8.78,8.79,8.8,8.81,8.82,300,62600,1400,2700,8600,2000,6000,1100,1800,1500,1300,7600,900,2800,4200,4200,16300,4200,200,17300
300.0,8.69,260500,2272767.0,8.68,8.66,8.65,8.63,8.62,8.61,8.6,8.58,8.55,8.51,8.69,8.7,8.71,8.72,8.74,8.76,8.78,8.79,8.8,8.81,62600,1400,2700,8600,2000,6000,1100,1800,1500,700,2300,1700,7600,900,2800,4200,4200,16300,4200,200
301.0,8.69,260500,2272767.0,8.68,8.66,8.65,8.63,8.62,8.61,8.6,8.58,8.55,8.51,8.69,8.7,8.71,8.72,8.74,8.76,8.78,8.79,8.8,8.81,62600,1400,2700,8600,2000,6000,1100,1800,1500,700,3300,1700,7600,900,2800,4200,4200,16300,4200,200
302.0,8.68,262300,2288394.0,8.68,8.66,8.65,8.63,8.62,8.61,8.6,8.58,8.55,8.51,8.69,8.7,8.71,8.72,8.74,8.76,8.78,8.79,8.8,8.81,61100,1400,2700,8600,2000,6000,1100,1800,1500,700,4200,3000,7600,900,2800,4200,4200,16300,4200,200
303.0,8.68,262300,2288394.0,8.68,8.66,8.65,8.63,8.62,8.61,8.6,8.58,8.55,8.51,8.69,8.7,8.71,8.72,8.74,8.76,8.78,8.79,8.8,8.81,61100,1400,2700,8600,2000,6000,1100,1800,1500,700,4200,3000,7600,900,2800,4200,4200,16300,4200,200
304.0,8.68,262300,2288394.0,8.68,8.66,8.65,8.63,8.62,8.61,8.6,8.58,8.55,8.51,8.69,8.7,8.71,8.72,8.74,8.76,8.78,8.79,8.8,8.81,61100,1400,2700,8600,2000,6000,1100,1800,1500,700,4200,3000,7600,900,2800,4200,4200,16300,4200,200
305.0,8.68,264800,2310094.0,8.68,8.66,8.65,8.63,8.62,8.61,8.6,8.58,8.55,8.51,8.69,8.7,8.71,8.72,8.74,8.76,8.78,8.79,8.8,8.81,59600,1400,2700,8600,2000,6000,1100,1800,1500,700,5600,3000,7600,900,2800,4200,4200,16300,4200,200
306.0,8.68,323500,2819615.0,8.68,8.66,8.65,8.63,8.62,8.61,8.6,8.58,8.55,8.51,8.69,8.7,8.71,8.72,8.74,8.76,8.78,8.79,8.8,8.81,1400,1400,2700,8600,2000,6000,1100,1800,1500,700,7400,3000,7600,900,2800,4200,4200,16300,4200,200
307.0,8.68,330800,2882986.0,8.66,8.65,8.63,8.62,8.61,8.6,8.58,8.55,8.51,8.5,8.67,8.68,8.69,8.7,8.71,8.72,8.74,8.76,8.78,8.79,1400,2700,8600,2000,6000,1100,1800,1500,700,6400,9700,6400,6700,3000,7600,900,2800,4200,4200,16300
308.0,8.66,331400,2888182.0,8.66,8.65,8.63,8.62,8.61,8.6,8.58,8.55,8.51,8.5,8.67,8.68,8.69,8.7,8.71,8.72,8.74,8.76,8.78,8.79,1100,2700,8600,2000,6000,1100,1800,1500,700,6400,9700,600,5500,3000,7600,900,2800,4200,4200,16300
309.0,8.66,331400,2888182.0,8.66,8.65,8.63,8.62,8.61,8.6,8.58,8.55,8.51,8.5,8.67,8.68,8.69,8.7,8.71,8.72,8.74,8.76,8.78,8.79,1100,2700,8600,2000,6000,1100,1800,1500,700,6400,9700,600,5500,3000,7600,900,2800,4200,4200,16300
310.0,8.67,334900,2918527.0,8.66,8.65,8.63,8.62,8.61,8.6,8.58,8.55,8.51,8.5,8.67,8.68,8.69,8.7,8.71,8.72,8.74,8.76,8.78,8.79,1100,2700,8600,2000,6000,1100,1800,1500,700,6400,1900,600,5500,3000,7600,900,2800,4200,4200,16300
311.0,8.68,337400,2940208.0,8.68,8.66,8.65,8.63,8.62,8.61,8.6,8.58,8.55,8.51,8.69,8.7,8.71,8.72,8.74,8.76,8.78,8.79,8.8,8.81,800,1100,2700,8600,2000,6000,1100,1800,1500,700,5500,3000,7600,900,2800,4200,4200,16300,4200,200
312.0,8.68,339000,2954104.0,8.66,8.65,8.63,8.62,8.61,8.6,8.58,8.55,8.51,8.5,8.67,8.69,8.7,8.71,8.72,8.74,8.76,8.78,8.79,8.8,1100,2700,8600,2000,6000,1100,1800,1500,700,6400,300,4700,3000,7600,900,2800,4200,4200,16300,4200
313.0,8.68,339000,2954104.0,8.66,8.65,8.63,8.62,8.61,8.6,8.58,8.55,8.51,8.5,8.67,8.69,8.7,8.71,8.72,8.74,8.76,8.78,8.79,8.8,1100,2700,8600,2000,6000,1100,1800,1500,700,6400,300,4700,3000,7600,900,2800,4200,4200,16300,4200
314.0,8.68,339000,2954104.0,8.66,8.65,8.63,8.62,8.61,8.6,8.58,8.55,8.51,8.5,8.67,8.69,8.7,8.71,8.72,8.74,8.76,8.78,8.79,8.8,1100,2700,8600,2000,6000,1100,1800,1500,700,6400,300,4700,3000,7600,900,2800,4200,4200,16300,4200
315.0,8.68,339000,2954104.0,8.66,8.65,8.63,8.62,8.61,8.6,8.58,8.55,8.51,8.5,8.67,8.69,8.7,8.71,8.72,8.74,8.76,8.78,8.79,8.8,2300,2700,8600,2000,6000,1100,1800,1500,700,6400,300,4200,3000,7600,900,2800,4200,4200,16300,4200
316.0,8.68,339000,2954104.0,8.66,8.65,8.63,8.62,8.61,8.6,8.58,8.55,8.51,8.5,8.67,8.69,8.7,8.71,8.72,8.74,8.76,8.78,8.79,8.8,2300,2700,8600,2000,6000,1100,1800,1500,700,6400,300,4200,3000,7600,900,2800,4200,4200,16300,4200
317.0,8.68,339000,2954104.0,8.66,8.65,8.63,8.62,8.61,8.6,8.58,8.55,8.51,8.5,8.67,8.69,8.7,8.71,8.72,8.74,8.76,8.78,8.79,8.8,2300,2700,8600,2000,6000,1100,1800,1500,700,6400,300,4200,3000,7600,900,2800,4200,4200,16300,4200
318.0,8.67,339300,2956705.0,8.66,8.65,8.63,8.62,8.61,8.6,8.58,8.55,8.51,8.5,8.69,8.7,8.71,8.72,8.74,8.76,8.78,8.79,8.8,8.81,2400,2700,8600,2000,6000,1100,1800,1500,700,6400,3800,3000,7600,900,2800,4200,4200,16300,4200,200
319.0,8.66,339700,2960178.0,8.66,8.65,8.63,8.62,8.61,8.6,8.58,8.55,8.51,8.5,8.69,8.7,8.71,8.72,8.74,8.76,8.78,8.79,8.8,8.81,3400,2700,8600,2000,6000,1100,1800,1500,700,6400,4200,3000,7600,900,2800,4200,4200,16300,4200,200
320.0,8.66,339700,2960178.0,8.66,8.65,8.63,8.62,8.61,8.6,8.58,8.55,8.51,8.5,8.69,8.7,8.71,8.72,8.74,8.76,8.78,8.79,8.8,8.81,3900,2700,8600,2000,6000,1100,1800,1500,700,6400,4700,3000,7600,900,2800,4200,4200,16300,4200,200
321.0,8.66,341300,2974073.0,8.67,8.66,8.65,8.63,8.62,8.61,8.6,8.58,8.55,8.51,8.69,8.7,8.71,8.72,8.74,8.76,8.78,8.79,8.8,8.81,2000,4700,2700,8600,2000,6000,1100,1800,1500,700,4500,3000,7600,900,2800,4200,4200,16300,4200,200
322.0,8.67,341900,2979283.0,8.67,8.66,8.65,8.63,8.62,8.61,8.6,8.58,8.55,8.51,8.69,8.7,8.71,8.72,8.74,8.76,8.78,8.79,8.8,8.81,3000,6200,2700,8600,2000,6000,1100,1800,1500,700,5300,3000,7600,900,2800,4200,4200,16300,4200,200
323.0,8.67,341900,2979283.0,8.67,8.66,8.65,8.63,8.62,8.61,8.6,8.58,8.55,8.51,8.69,8.7,8.71,8.72,8.74,8.76,8.78,8.79,8.8,8.81,3000,6200,2700,8600,2000,6000,1100,1800,1500,700,5300,3000,7600,900,2800,4200,4200,16300,4200,200
324.0,8.67,341900,2979283.0,8.67,8.66,8.65,8.63,8.62,8.61,8.6,8.58,8.55,8.51,8.69,8.7,8.71,8.72,8.74,8.76,8.78,8.79,8.8,8.81,3700,6200,2700,8600,2000,6000,1100,1800,1500,700,6000,3000,7600,900,2800,4200,4200,16300,4200,200
325.0,8.67,341900,2979283.0,8.67,8.66,8.65,8.63,8.62,8.61,8.6,8.58,8.55,8.51,8.68,8.69,8.7,8.71,8.72,8.74,8.76,8.78,8.79,8.8,4200,6200,3700,8600,2000,6000,1100,1800,1500,700,100,6500,3000,7600,900,2800,4200,4200,16300,4200
326.0,8.67,341900,2979283.0,8.67,8.66,8.65,8.63,8.62,8.61,8.6,8.58,8.55,8.51,8.68,8.69,8.7,8.71,8.72,8.74,8.76,8.78,8.79,8.8,4200,6200,3700,8600,2000,6000,1100,1800,1500,700,100,6500,3000,7600,900,2800,4200,4200,16300,4200
327.0,8.67,341900,2979283.0,8.67,8.66,8.65,8.63,8.62,8.61,8.6,8.58,8.55,8.54,8.68,8.69,8.7,8.71,8.72,8.74,8.76,8.78,8.79,8.8,4200,6200,3700,8600,2000,6000,1100,1800,1500,5100,100,6500,3000,7600,900,2800,4200,4200,16300,4200
328.0,8.67,341900,2979283.0,8.67,8.66,8.65,8.63,8.62,8.61,8.6,8.58,8.55,8.54,8.68,8.69,8.7,8.71,8.72,8.74,8.76,8.78,8.79,8.8,4200,6200,3700,8600,2000,6000,1100,1800,1500,5100,100,6500,3000,7600,900,2800,4200,4200,16300,4200
329.0,8.67,341900,2979283.0,8.67,8.66,8.65,8.63,8.62,8.61,8.6,8.58,8.55,8.54,8.68,8.69,8.7,8.71,8.72,8.74,8.76,8.78,8.79,8.8,4200,6200,3700,8600,2000,6000,1100,1800,1500,5100,100,6500,3000,7600,900,2800,4200,4200,16300,4200
330.0,8.67,341900,2979283.0,8.67,8.66,8.65,8.63,8.62,8.61,8.6,8.58,8.55,8.54,8.68,8.69,8.7,8.71,8.72,8.74,8.76,8.78,8.79,8.8,4200,6200,3700,8600,2000,6000,1100,1800,1500,5100,400,6500,3000,7600,900,2800,4200,4200,16300,4200
331.0,8.67,341900,2979283.0,8.67,8.66,8.65,8.63,8.62,8.61,8.6,8.58,8.55,8.54,8.68,8.69,8.7,8.71,8.72,8.74,8.76,8.78,8.79,8.8,4200,6200,3700,8600,2000,6000,1100,1800,1500,5100,700,6500,3000,7600,900,2800,4200,4200,16300,4200
332.0,8.68,342000,2980151.0,8.67,8.66,8.65,8.63,8.62,8.61,8.6,8.58,8.55,8.54,8.68,8.69,8.7,8.71,8.72,8.74,8.76,8.78,8.79,8.8,4200,6200,3700,8600,2000,6000,1100,1800,1500,5100,600,6500,3000,7600,900,2800,4200,4200,16300,4200
333.0,8.68,342000,2980151.0,8.67,8.66,8.65,8.63,8.62,8.61,8.6,8.58,8.55,8.54,8.68,8.69,8.7,8.71,8.72,8.74,8.76,8.78,8.79,8.8,4200,6200,4700,8600,2000,6000,1100,1800,1500,5100,600,6500,3000,7600,900,2800,4200,4200,16300,4200
334.0,8.68,342000,2980151.0,8.67,8.66,8.65,8.63,8.62,8.61,8.6,8.58,8.55,8.54,8.68,8.69,8.7,8.71,8.72,8.74,8.76,8.78,8.79,8.8,4200,6200,6000,8600,2000,6000,1100,1800,1500,5100,600,6500,3000,7600,900,2800,4200,4200,16300,4200
335.0,8.68,345500,3010497.0,8.67,8.66,8.65,8.63,8.62,8.61,8.6,8.58,8.55,8.54,8.68,8.69,8.7,8.71,8.72,8.74,8.76,8.78,8.79,8.8,900,6100,6000,8600,2000,6000,1100,1800,1500,5100,500,6500,3000,7600,900,2800,4200,4200,16300,4200
336.0,8.68,345500,3010497.0,8.67,8.66,8.65,8.63,8.62,8.61,8.6,8.58,8.55,8.54,8.68,8.69,8.7,8.71,8.72,8.74,8.76,8.78,8.79,8.8,900,6000,6000,8600,2000,6000,1100,1800,1500,5100,500,6500,3000,7600,900,2800,4200,4200,16300,4200
337.0,8.68,345500,3010497.0,8.67,8.66,8.65,8.63,8.62,8.61,8.6,8.58,8.55,8.54,8.68,8.69,8.7,8.71,8.72,8.74,8.76,8.78,8.79,8.8,900,6000,6000,8600,2000,6000,1100,1800,1500,5100,500,6700,3000,7600,900,2800,4200,4200,16300,4200
338.0,8.68,345600,3011365.0,8.67,8.66,8.65,8.63,8.62,8.61,8.6,8.58,8.55,8.54,8.68,8.69,8.7,8.71,8.72,8.74,8.76,8.78,8.79,8.8,2000,6000,6100,8600,2000,6000,1100,1800,1500,5100,400,6400,3000,7600,900,2800,4200,4200,16300,4200
339.0,8.68,345600,3011365.0,8.67,8.66,8.65,8.63,8.62,8.61,8.6,8.58,8.55,8.54,8.68,8.69,8.7,8.71,8.72,8.74,8.76,8.78,8.79,8.8,2000,6000,6100,8600,2000,6000,1100,1800,1500,5100,400,6400,3000,7600,900,2800,4200,4200,16300,4200
340.0,8.68,345600,3011365.0,8.67,8.66,8.65,8.63,8.62,8.61,8.6,8.58,8.55,8.54,8.68,8.69,8.7,8.71,8.72,8.74,8.76,8.78,8.79,8.8,2000,6000,6100,8600,2000,6000,1100,1800,1500,5100,600,6200,3000,7600,900,2800,4200,4200,16300,4200
341.0,8.67,347100,3024390.0,8.67,8.66,8.65,8.63,8.62,8.61,8.6,8.58,8.55,8.54,8.69,8.7,8.71,8.72,8.74,8.76,8.78,8.79,8.8,8.81,53200,6000,6100,8600,2000,7000,1100,1800,1500,5100,5500,3000,7600,900,2800,4200,4200,16300,4200,200
342.0,8.69,348500,3036556.0,8.67,8.66,8.65,8.63,8.62,8.61,8.6,8.58,8.55,8.54,8.69,8.7,8.71,8.72,8.74,8.76,8.78,8.79,8.8,8.81,53200,6000,6100,8600,7000,7000,1100,1800,1500,5100,4100,3000,7600,900,2800,4200,4200,16300,4200,200
343.0,8.69,348500,3036556.0,8.67,8.66,8.65,8.63,8.62,8.61,8.6,8.58,8.55,8.54,8.69,8.7,8.71,8.72,8.74,8.76,8.78,8.79,8.8,8.81,54400,6200,6100,8600,7000,7000,1100,1800,1500,5100,5300,3000,7600,900,2800,4200,4200,16300,4200,200
344.0,8.69,350000,3049591.0,8.68,8.67,8.66,8.65,8.63,8.62,8.61,8.6,8.58,8.55,8.69,8.7,8.71,8.72,8.74,8.76,8.78,8.79,8.8,8.81,200,54400,6200,6100,8600,7000,7000,1100,1800,1500,3800,3000,7600,900,2800,4200,4200,16300,4200,200
345.0,8.68,350100,3050459.0,8.68,8.67,8.66,8.65,8.63,8.62,8.61,8.6,8.58,8.55,8.69,8.7,8.71,8.72,8.74,8.76,8.78,8.79,8.8,8.81,100,54400,7200,6100,8600,7000,7000,1100,1800,1500,3800,3000,7600,900,2800,4200,4200,16300,4200,200
346.0,8.68,350500,3053934.0,8.67,8.66,8.65,8.63,8.62,8.61,8.6,8.58,8.55,8.54,8.68,8.69,8.7,8.71,8.72,8.74,8.76,8.78,8.79,8.8,54400,7200,6100,8600,7000,7000,1100,1800,1500,5100,1500,3500,3000,7600,900,2800,4200,4200,16300,4200
347.0,8.68,350500,3053934.0,8.67,8.66,8.65,8.63,8.62,8.61,8.6,8.58,8.55,8.54,8.68,8.69,8.7,8.71,8.72,8.74,8.76,8.78,8.79,8.8,55800,7200,6100,8600,7000,7000,1100,1800,1500,5100,2500,3500,3000,7600,900,2800,4200,4200,16300,4200
348.0,8.68,350500,3053934.0,8.67,8.66,8.65,8.63,8.62,8.61,8.6,8.58,8.55,8.54,8.68,8.69,8.7,8.71,8.72,8.74,8.76,8.78,8.79,8.8,55900,8200,6100,8600,7000,7000,1100,1800,1500,5100,2500,3500,3000,7600,900,2800,4200,4200,16300,4200
349.0,8.68,350500,3053934.0,8.67,8.66,8.65,8.63,8.62,8.61,8.6,8.58,8.55,8.54,8.68,8.69,8.7,8.71,8.72,8.74,8.76,8.78,8.79,8.8,55900,8200,6100,8600,7000,7000,1100,1800,1500,5100,2500,3500,3000,7600,900,2800,4200,4200,16300,4200
350.0,8.68,351200,3060010.0,8.67,8.66,8.65,8.63,8.62,8.61,8.6,8.58,8.55,8.54,8.68,8.69,8.7,8.71,8.72,8.74,8.76,8.78,8.79,8.8,55900,8200,6300,8600,7000,7000,1100,1800,1500,5100,1800,3500,3000,7600,900,2800,4200,4200,16300,4200
351.0,8.68,351300,3060878.0,8.67,8.66,8.65,8.63,8.62,8.61,8.6,8.58,8.55,8.54,8.68,8.69,8.7,8.71,8.72,8.74,8.76,8.78,8.79,8.8,55900,8200,6300,8600,7000,7000,1100,1800,1500,5100,1700,3500,3000,7600,900,2800,4200,4200,16300,4200
352.0,8.68,351300,3060878.0,8.67,8.66,8.65,8.63,8.62,8.61,8.6,8.58,8.55,8.54,8.68,8.69,8.7,8.71,8.72,8.74,8.76,8.78,8.79,8.8,55900,8200,6300,8600,7000,7000,1100,1800,1500,5100,1700,3500,3000,7600,900,2800,4200,4200,16300,4200
353.0,8.68,351400,3061746.0,8.67,8.66,8.65,8.63,8.62,8.61,8.6,8.58,8.55,8.54,8.68,8.69,8.7,8.71,8.72,8.74,8.76,8.78,8.79,8.8,55900,8200,6300,8600,7000,7000,1100,1800,1500,5100,1600,3500,2600,7600,900,2800,4200,4200,16300,4200
354.0,8.68,351400,3061746.0,8.67,8.66,8.65,8.63,8.62,8.61,8.6,8.58,8.55,8.54,8.68,8.69,8.7,8.71,8.72,8.74,8.76,8.78,8.79,8.8,55900,8200,6400,8600,7000,7000,1100,1800,1500,5100,1600,3500,2600,7600,900,2800,4200,4200,16300,4200
355.0,8.68,351400,3061746.0,8.67,8.66,8.65,8.63,8.62,8.61,8.6,8.58,8.55,8.54,8.68,8.69,8.7,8.71,8.72,8.74,8.76,8.78,8.79,8.8,55900,8200,7400,8600,7000,7000,1100,1800,1500,5100,1600,3500,2600,7600,900,2800,4200,4200,16300,4200
356.0,8.68,351800,3065218.0,8.67,8.66,8.65,8.63,8.62,8.61,8.6,8.58,8.55,8.54,8.68,8.69,8.7,8.71,8.72,8.74,8.76,8.78,8.79,8.8,55900,8200,7400,8600,7000,7000,1100,1800,1500,5100,1200,3500,2600,7600,900,2800,4200,4200,16300,4200
357.0,8.68,351800,3065218.0,8.67,8.66,8.65,8.63,8.62,8.61,8.6,8.59,8.58,8.55,8.68,8.69,8.7,8.71,8.72,8.74,8.76,8.78,8.79,8.8,55900,8200,7400,8600,5000,7000,1100,500,1800,1500,1200,3500,2600,7600,900,2800,4200,4200,16300,4200
358.0,8.68,351800,3065218.0,8.67,8.66,8.65,8.63,8.62,8.61,8.6,8.59,8.58,8.55,8.68,8.69,8.7,8.71,8.72,8.74,8.76,8.78,8.79,8.8,55900,8200,7400,8600,5000,7000,1100,500,1800,1500,1200,3500,2600,7600,900,2800,4200,4200,16300,4200
359.0,8.68,351900,3066086.0,8.67,8.66,8.65,8.63,8.62,8.61,8.6,8.59,8.58,8.55,8.68,8.69,8.7,8.71,8.72,8.74,8.76,8.78,8.79,8.8,55900,8700,7400,8600,5000,7000,1100,500,1800,1500,1100,3500,2600,7600,900,2800,4200,4200,16300,4200
360.0,8.68,353000,3075634.0,8.67,8.66,8.65,8.63,8.62,8.61,8.6,8.59,8.58,8.55,8.69,8.7,8.71,8.72,8.74,8.76,8.78,8.79,8.8,8.81,55900,8700,7400,8600,5000,7000,1100,500,1800,1500,3500,2600,7600,900,2800,4200,4200,16300,4200,200
361.0,8.68,353000,3075634.0,8.67,8.66,8.65,8.63,8.62,8.61,8.6,8.59,8.58,8.55,8.69,8.7,8.71,8.72,8.74,8.76,8.78,8.79,8.8,8.81,57200,8700,7400,8600,5000,7000,1100,500,1800,1500,4700,2600,7600,900,2800,4200,4200,16300,4200,200
362.0,8.68,353000,3075634.0,8.67,8.66,8.65,8.63,8.62,8.61,8.6,8.59,8.58,8.55,8.69,8.7,8.71,8.72,8.74,8.76,8.78,8.79,8.8,8.81,57200,8700,7400,8600,5000,7000,1100,500,1800,1500,4700,2600,7600,900,2800,4200,4200,16300,4200,200
363.0,8.67,355800,3099920.0,8.67,8.66,8.65,8.63,8.62,8.61,8.6,8.59,8.58,8.55,8.68,8.69,8.7,8.71,8.72,8.74,8.76,8.78,8.79,8.8,55000,8700,7400,8600,5000,7000,1100,500,1800,1500,100,4300,2600,7600,900,2800,4200,4200,16300,3200
364.0,8.67,355800,3099920.0,8.67,8.66,8.65,8.64,8.63,8.62,8.61,8.6,8.59,8.58,8.68,8.69,8.7,8.71,8.72,8.74,8.76,8.78,8.79,8.8,55000,8700,7400,1500,8600,5000,7000,1100,500,1800,100,4300,2600,7600,900,2800,4200,4200,16300,3200
365.0,8.67,355800,3099920.0,8.67,8.66,8.65,8.64,8.63,8.62,8.61,8.6,8.59,8.58,8.68,8.69,8.7,8.71,8.72,8.74,8.76,8.78,8.79,8.81,54900,8700,7400,1500,8600,5000,7000,1100,500,1800,100,4300,2600,7600,900,2800,4200,4200,16300,100
366.0,8.67,355800,3099920.0,8.67,8.66,8.65,8.64,8.63,8.62,8.61,8.6,8.59,8.58,8.68,8.69,8.7,8.71,8.72,8.74,8.76,8.78,8.79,8.81,54900,8700,7400,1500,8600,5000,7000,1100,500,1800,200,4300,2600,7600,900,2800,4200,4200,16300,100
367.0,8.67,355800,3099920.0,8.67,8.66,8.65,8.64,8.63,8.62,8.61,8.6,8.59,8.58,8.68,8.69,8.7,8.71,8.72,8.74,8.76,8.78,8.79,8.81,54900,8700,7400,1500,8600,5000,7000,1100,500,1800,200,4300,2600,7600,900,2800,4200,4200,16300,100
368.0,8.67,355800,3099920.0,8.67,8.66,8.65,8.64,8.63,8.62,8.61,8.6,8.59,8.58,8.68,8.69,8.7,8.71,8.72,8.74,8.76,8.78,8.79,8.82,54900,8700,7400,1500,8600,5000,8000,1100,500,1800,200,4300,2600,7600,900,2800,4200,4200,16300,17300
369.0,8.67,355800,3099920.0,8.67,8.66,8.65,8.64,8.63,8.62,8.61,8.6,8.59,8.58,8.68,8.69,8.7,8.71,8.72,8.74,8.76,8.78,8.79,8.82,54900,8700,7400,1500,8600,5000,8000,1100,500,1800,200,4300,2600,7600,900,2800,4200,4200,16300,17300
370.0,8.67,355800,3099920.0,8.67,8.66,8.65,8.64,8.63,8.62,8.61,8.6,8.59,8.58,8.68,8.69,8.7,8.71,8.72,8.74,8.76,8.78,8.79,8.82,54900,8700,7400,1500,8600,5000,8000,1100,500,1800,200,4300,2600,7600,900,2800,4200,4200,16300,17300
371.0,8.67,355800,3099920.0,8.67,8.66,8.65,8.64,8.63,8.62,8.61,8.6,8.59,8.58,8.68,8.69,8.7,8.71,8.72,8.74,8.76,8.78,8.79,8.82,54900,8700,7400,1500,8600,5000,8000,1100,500,1800,200,4300,2600,7600,900,2800,4200,4200,16300,17300
372.0,8.67,355800,3099920.0,8.67,8.66,8.65,8.64,8.63,8.62,8.61,8.6,8.59,8.58,8.68,8.69,8.7,8.71,8.72,8.74,8.76,8.78,8.79,8.82,54900,8700,7400,1500,8600,5000,8000,1100,500,1800,200,4300,2600,8000,900,2800,4200,4200,16300,17300
373.0,8.67,355800,3099920.0,8.67,8.66,8.65,8.64,8.63,8.62,8.61,8.6,8.59,8.58,8.68,8.69,8.7,8.71,8.72,8.74,8.76,8.78,8.79,8.8,54900,8700,7400,1500,8600,5000,8000,1100,500,1800,200,4300,2600,8000,900,2800,4200,4200,16300,1000
374.0,8.67,355800,3099920.0,8.67,8.66,8.65,8.64,8.63,8.62,8.61,8.6,8.59,8.58,8.68,8.69,8.7,8.71,8.72,8.74,8.76,8.78,8.79,8.8,54900,9700,7400,1500,8600,5000,8000,1100,500,1800,200,4300,2600,8000,900,2800,4200,4200,16300,1000
375.0,8.67,355800,3099920.0,8.67,8.66,8.65,8.64,8.63,8.62,8.61,8.6,8.59,8.58,8.68,8.69,8.7,8.71,8.72,8.74,8.76,8.78,8.79,8.8,54900,9700,7400,1500,8600,5000,8000,1100,500,1800,200,4300,2600,8000,900,2800,4200,4200,16300,1000
376.0,8.67,355800,3099920.0,8.67,8.66,8.65,8.64,8.63,8.62,8.61,8.6,8.59,8.58,8.68,8.69,8.7,8.71,8.72,8.74,8.76,8.78,8.79,8.8,54900,9700,7400,1500,8600,5000,8000,1100,500,1800,200,4300,2600,8000,900,2800,4200,4200,16300,1000
377.0,8.67,356000,3101654.0,8.67,8.66,8.65,8.64,8.63,8.62,8.61,8.6,8.59,8.58,8.68,8.69,8.7,8.71,8.72,8.74,8.76,8.78,8.79,8.8,54700,9700,7400,1500,8600,5000,8000,1100,500,2400,200,4300,2600,8000,900,2800,4200,4200,16300,1000
378.0,8.67,356100,3102521.0,8.67,8.66,8.65,8.64,8.63,8.62,8.61,8.6,8.59,8.58,8.68,8.69,8.7,8.71,8.72,8.74,8.76,8.78,8.79,8.8,54600,9700,7400,1500,8600,5000,8000,1100,500,2400,200,4300,2600,8000,900,2800,4200,4200,16300,1000
379.0,8.68,356300,3104257.0,8.68,8.67,8.66,8.65,8.64,8.63,8.62,8.61,8.6,8.59,8.69,8.7,8.71,8.72,8.74,8.76,8.78,8.79,8.8,8.82,600,54600,9700,7400,1500,8600,5000,8000,1100,500,4300,2600,8000,900,2800,4200,4200,16300,1000,17300
380.0,8.67,357300,3112933.0,8.67,8.66,8.65,8.64,8.63,8.62,8.61,8.6,8.59,8.58,8.69,8.7,8.71,8.72,8.74,8.76,8.78,8.79,8.8,8.82,54200,9700,7400,1500,8600,5000,8000,1100,500,2400,4300,2600,8000,900,2800,4200,4200,16300,1000,17300
381.0,8.69,357700,3116409.0,8.67,8.66,8.65,8.64,8.63,8.62,8.61,8.6,8.59,8.58,8.69,8.7,8.71,8.72,8.74,8.76,8.78,8.79,8.8,8.82,54500,9700,7400,1500,8600,5000,8000,1100,500,2400,4000,2600,8000,900,2800,4200,4200,16300,1000,17300
382.0,8.69,357700,3116409.0,8.67,8.66,8.65,8.64,8.63,8.62,8.61,8.6,8.59,8.58,8.69,8.7,8.71,8.72,8.74,8.76,8.78,8.79,8.8,8.82,54500,9700,7400,1500,8600,5000,8000,1100,500,2400,4000,2600,8000,900,2800,4200,4200,16300,1000,17300
383.0,8.69,358100,3119885.0,8.67,8.66,8.65,8.64,8.63,8.62,8.61,8.6,8.59,8.58,8.69,8.7,8.71,8.72,8.74,8.76,8.78,8.79,8.8,8.82,54900,9700,7400,1500,8600,5000,8000,1100,500,2400,12300,2600,8000,900,2800,4200,4200,16300,1000,17300
384.0,8.67,360000,3136375.0,8.67,8.66,8.65,8.64,8.63,8.62,8.61,8.6,8.59,8.58,8.68,8.69,8.7,8.71,8.72,8.74,8.76,8.78,8.79,8.8,55900,9500,7400,1500,8600,5000,8000,1100,500,2400,1800,12400,2600,8000,900,2800,4200,4200,16300,1000
385.0,8.67,360000,3136375.0,8.67,8.66,8.65,8.64,8.63,8.62,8.61,8.6,8.59,8.58,8.68,8.69,8.7,8.71,8.72,8.74,8.76,8.78,8.79,8.8,55900,9500,7400,1500,8600,5000,8000,1100,500,2400,1800,12400,2600,8000,900,2800,4200,4200,16300,1000
386.0,8.67,368600,3210945.0,8.67,8.66,8.65,8.64,8.63,8.62,8.61,8.6,8.59,8.58,8.68,8.69,8.7,8.71,8.72,8.74,8.76,8.78,8.79,8.8,48100,9500,7400,1500,8600,5000,8000,1100,500,2400,1400,12400,2600,8000,900,2800,4200,4200,16300,1000
387.0,8.67,368600,3210945.0,8.67,8.66,8.65,8.64,8.63,8.62,8.61,8.6,8.59,8.58,8.68,8.69,8.7,8.71,8.72,8.74,8.76,8.78,8.79,8.8,48200,9500,7400,1500,8600,5000,8000,1100,500,2400,1500,12400,2600,8000,900,2800,4200,4200,16300,1000
388.0,8.68,368700,3211813.0,8.67,8.66,8.65,8.64,8.63,8.62,8.61,8.6,8.59,8.58,8.68,8.69,8.7,8.71,8.72,8.74,8.76,8.78,8.79,8.8,48200,9500,7400,1500,8600,5000,8000,1100,500,2400,1400,12400,2600,8000,900,2800,4200,4200,16300,1000
389.0,8.67,369200,3216149.0,8.67,8.66,8.65,8.64,8.63,8.62,8.61,8.6,8.59,8.58,8.68,8.69,8.7,8.71,8.72,8.74,8.76,8.78,8.79,8.8,47800,9500,7400,1500,8600,5000,8000,1100,500,2400,1300,12400,2600,8000,900,2800,4200,4200,16300,1000
390.0,8.67,369200,3216149.0,8.67,8.66,8.65,8.64,8.63,8.62,8.61,8.6,8.59,8.58,8.68,8.69,8.7,8.71,8.72,8.74,8.76,8.78,8.79,8.8,47800,9500,7400,12800,8600,5000,8000,1100,500,2400,1300,12400,2600,8000,900,2800,4200,4200,16300,1000
391.0,8.68,370500,3227433.0,8.68,8.67,8.66,8.65,8.64,8.63,8.62,8.61,8.6,8.59,8.69,8.7,8.71,8.72,8.74,8.76,8.78,8.79,8.8,8.82,900,47800,9500,7400,12800,8600,5000,8000,1100,500,12400,2600,8000,900,2800,4200,4200,16300,1000,17300
392.0,8.68,371400,3235245.0,8.67,8.66,8.65,8.64,8.63,8.62,8.61,8.6,8.59,8.58,8.68,8.69,8.7,8.71,8.72,8.74,8.76,8.78,8.79,8.8,47800,9500,7400,12800,8600,5000,8000,1100,500,2400,500,14600,2600,8000,900,2800,4200,4200,16300,1000
393.0,8.68,371400,3235245.0,8.67,8.66,8.65,8.64,8.63,8.62,8.61,8.6,8.59,8.58,8.68,8.69,8.7,8.71,8.72,8.74,8.76,8.78,8.79,8.8,47800,9500,7400,12800,8600,5000,8000,1100,500,2400,500,14600,2600,8000,900,2800,4200,4200,16300,1000
394.0,8.68,371600,3236981.0,8.67,8.66,8.65,8.64,8.63,8.62,8.61,8.6,8.59,8.58,8.68,8.69,8.7,8.71,8.72,8.74,8.76,8.78,8.79,8.8,47800,9500,7400,12800,8600,5000,8000,1100,500,2400,800,14600,2600,8000,900,2800,4200,4200,16300,1000
395.0,8.68,371600,3236981.0,8.67,8.66,8.65,8.64,8.63,8.62,8.61,8.6,8.59,8.58,8.68,8.69,8.7,8.71,8.72,8.74,8.76,8.78,8.79,8.8,47800,9500,7400,12800,8600,5000,8000,1100,500,2400,800,14600,2600,8000,900,2800,4200,4200,16300,1000
396.0,8.67,396000,3448529.0,8.67,8.66,8.65,8.64,8.63,8.62,8.61,8.6,8.59,8.58,8.68,8.69,8.7,8.71,8.72,8.74,8.76,8.78,8.79,8.8,23400,9500,8400,12800,8600,5000,8000,1100,500,2400,1200,14600,2600,8000,900,2800,4200,4200,16300,1000
397.0,8.67,396000,3448529.0,8.67,8.66,8.65,8.64,8.63,8.62,8.61,8.6,8.59,8.58,8.68,8.69,8.7,8.71,8.72,8.74,8.76,8.78,8.79,8.8,23400,9500,8400,12800,8600,5000,8000,1100,500,2400,1200,14600,2600,8000,900,2800,4200,4200,16300,1000
398.0,8.68,396200,3450265.0,8.67,8.66,8.65,8.64,8.63,8.62,8.61,8.6,8.59,8.58,8.68,8.69,8.7,8.71,8.72,8.74,8.76,8.78,8.79,8.8,23400,9500,8400,12800,8600,5000,8000,1100,500,2400,1000,14600,2600,8000,900,2800,4200,4200,16300,1000
399.0,8.68,396300,3451133.0,8.67,8.66,8.65,8.64,8.63,8.62,8.61,8.6,8.59,8.58,8.68,8.69,8.7,8.71,8.72,8.74,8.76,8.78,8.79,8.8,23400,9500,8400,12800,8600,5000,8000,1100,500,2400,900,14600,2600,8000,900,2800,4200,4200,16300,1000
400.0,8.67,397700,3463271.0,8.67,8.66,8.65,8.64,8.63,8.62,8.61,8.6,8.59,8.58,8.68,8.69,8.7,8.71,8.72,8.74,8.76,8.78,8.79,8.8,22000,10500,8400,12800,8600,5000,8000,1100,500,2400,900,14600,2600,8000,900,2800,4200,4200,16300,1000
401.0,8.67,397700,3463271.0,8.67,8.66,8.65,8.64,8.63,8.62,8.61,8.6,8.59,8.58,8.68,8.69,8.7,8.71,8.72,8.74,8.76,8.78,8.79,8.8,22000,10500,8400,12800,8600,5000,8000,1100,500,2400,900,14600,2600,8000,900,2800,4200,4200,16300,1000
402.0,8.67,397700,3463271.0,8.67,8.66,8.65,8.64,8.63,8.62,8.61,8.6,8.59,8.58,8.68,8.69,8.7,8.71,8.72,8.74,8.76,8.78,8.79,8.8,22000,10500,8400,12800,8600,5000,8000,1100,500,2400,900,14600,2600,8000,900,2800,4200,4200,16300,1000
403.0,8.68,397800,3464139.0,8.67,8.66,8.65,8.64,8.63,8.62,8.61,8.6,8.59,8.58,8.68,8.69,8.7,8.71,8.72,8.74,8.76,8.78,8.79,8.8,20900,10500,8400,12800,8600,5000,8000,1100,500,2400,800,14600,2600,8000,900,2800,4200,4200,16300,1000
404.0,8.68,397800,3464139.0,8.67,8.66,8.65,8.64,8.63,8.62,8.61,8.6,8.59,8.58,8.68,8.69,8.7,8.71,8.72,8.74,8.76,8.78,8.79,8.8,20900,10500,8400,12800,8600,5000,8000,1100,500,2400,800,14600,2700,8000,900,2800,4200,4200,16300,1000
405.0,8.68,398200,3467611.0,8.67,8.66,8.65,8.64,8.63,8.62,8.61,8.6,8.59,8.58,8.68,8.69,8.7,8.71,8.72,8.74,8.76,8.78,8.79,8.8,20900,10500,8400,12800,8600,5000,8000,1100,500,2400,400,14600,2700,8000,900,2800,4200,4200,16300,1000
406.0,8.68,398200,3467611.0,8.67,8.66,8.65,8.64,8.63,8.62,8.61,8.6,8.59,8.58,8.68,8.69,8.7,8.71,8.72,8.74,8.76,8.78,8.79,8.8,20900,10500,8400,12800,8900,5000,8000,1100,500,2400,3400,6300,2700,8000,900,2800,4200,4200,16300,1000
407.0,8.68,398200,3467611.0,8.67,8.66,8.65,8.64,8.63,8.62,8.61,8.6,8.59,8.58,8.68,8.69,8.7,8.71,8.72,8.74,8.76,8.78,8.79,8.8,20900,10500,8400,12800,8900,5000,8000,1100,500,2400,3400,6300,2700,8000,900,2800,4200,4200,16300,1000
408.0,8.68,398200,3467611.0,8.67,8.66,8.65,8.64,8.63,8.62,8.61,8.6,8.59,8.58,8.68,8.69,8.7,8.71,8.72,8.74,8.76,8.78,8.79,8.8,20900,10500,8400,12800,8900,5000,8000,1100,500,2400,3400,6300,2700,8000,900,2800,4200,4200,16300,1000
409.0,8.68,398500,3470215.0,8.67,8.66,8.65,8.64,8.63,8.62,8.61,8.6,8.59,8.58,8.68,8.69,8.7,8.71,8.72,8.74,8.76,8.78,8.79,8.8,20900,10500,8400,12800,8900,5000,8000,1100,500,2400,3100,6300,2700,8000,900,2800,4200,4200,16300,1000
410.0,8.68,398500,3470215.0,8.67,8.66,8.65,8.64,8.63,8.62,8.61,8.6,8.59,8.58,8.68,8.69,8.7,8.71,8.72,8.74,8.76,8.78,8.79,8.8,20900,10500,15100,12800,8900,5000,8000,1100,500,2400,3100,6300,2700,8000,900,2800,4200,4200,16300,1000
411.0,8.67,401400,3495372.0,8.67,8.66,8.65,8.64,8.63,8.62,8.61,8.6,8.59,8.58,8.68,8.69,8.7,8.71,8.72,8.74,8.76,8.78,8.79,8.8,19400,10500,15100,12800,8900,5000,8000,1100,500,2400,1700,6300,2700,8000,900,2800,4200,4200,16300,1000
412.0,8.67,401500,3496239.0,8.67,8.66,8.65,8.64,8.63,8.62,8.61,8.6,8.59,8.58,8.68,8.69,8.7,8.71,8.72,8.74,8.76,8.78,8.79,8.8,19300,10500,15100,12800,8900,5000,8000,1100,500,2400,1700,6300,2700,8000,900,2800,4200,4200,16300,1000
413.0,8.68,401600,3497107.0,8.67,8.66,8.65,8.64,8.63,8.62,8.61,8.6,8.59,8.58,8.68,8.69,8.7,8.71,8.72,8.74,8.76,8.78,8.79,8.8,19300,10500,15100,12800,8900,5000,8000,1100,500,2400,1600,6300,2700,8000,900,2800,4200,4200,16300,1000
414.0,8.68,401600,3497107.0,8.67,8.66,8.65,8.64,8.63,8.62,8.61,8.6,8.59,8.58,8.68,8.69,8.7,8.71,8.72,8.74,8.76,8.78,8.79,8.8,20300,10500,15100,12800,8900,5000,8000,1100,500,2400,1600,6300,2700,8000,900,2800,4200,4200,16300,1000
415.0,8.68,401900,3499711.0,8.67,8.66,8.65,8.64,8.63,8.62,8.61,8.6,8.59,8.58,8.68,8.69,8.7,8.71,8.72,8.74,8.76,8.78,8.79,8.8,20300,10500,15100,12800,8900,5000,8000,1100,500,2400,1300,6300,2700,8000,900,2800,4200,4200,16300,1000
416.0,8.68,402000,3500579.0,8.67,8.66,8.65,8.64,8.63,8.62,8.61,8.6,8.59,8.58,8.68,8.69,8.7,8.71,8.72,8.74,8.76,8.78,8.79,8.8,20300,10500,15100,12800,8900,5000,8000,1100,500,2400,1200,6300,2700,8000,900,2800,4200,4200,16300,1000
417.0,8.67,405000,3526589.0,8.67,8.66,8.65,8.64,8.63,8.62,8.61,8.6,8.59,8.58,8.68,8.69,8.7,8.71,8.72,8.74,8.76,8.78,8.79,8.8,17300,10500,15100,12800,8900,5000,8000,1100,500,2400,1200,6300,2700,8000,900,2800,4200,4200,16300,1000
418.0,8.68,405100,3527457.0,8.67,8.66,8.65,8.64,8.63,8.62,8.61,8.6,8.59,8.58,8.68,8.69,8.7,8.71,8.72,8.74,8.76,8.78,8.79,8.8,17300,10500,15100,12800,8900,5000,8000,1100,500,2400,1100,6300,2700,8000,900,2800,4200,4200,16300,1000
419.0,8.68,405100,3527457.0,8.67,8.66,8.65,8.64,8.63,8.62,8.61,8.6,8.59,8.58,8.68,8.69,8.7,8.71,8.72,8.74,8.76,8.78,8.79,8.8,17300,10500,14100,12800,8900,5000,8000,1100,500,2400,2100,6300,2700,8000,900,2800,4200,4200,16300,1000
420.0,8.68,405300,3529193.0,8.67,8.66,8.65,8.64,8.63,8.62,8.61,8.6,8.59,8.58,8.68,8.69,8.7,8.71,8.72,8.74,8.76,8.78,8.79,8.8,17300,10500,14100,12800,8900,5000,8000,1100,500,2400,1900,6300,2700,8000,900,2800,4200,4200,16300,1000
421.0,8.67,405400,3530060.0,8.67,8.66,8.65,8.64,8.63,8.62,8.61,8.6,8.59,8.58,8.68,8.69,8.7,8.71,8.72,8.74,8.76,8.78,8.79,8.8,17200,10500,14100,12800,8900,5000,8000,1100,500,2400,5600,6300,2700,8000,900,2800,4200,4200,16300,1000
422.0,8.67,406900,3543065.0,8.67,8.66,8.65,8.64,8.63,8.62,8.61,8.6,8.59,8.58,8.68,8.69,8.7,8.71,8.72,8.74,8.76,8.78,8.79,8.8,15700,10500,14100,12800,8900,5000,8000,1100,500,2400,5600,6300,2700,8000,900,2800,4200,4200,16300,1000
423.0,8.67,422900,3681790.0,8.67,8.66,8.65,8.64,8.63,8.62,8.61,8.6,8.59,8.58,8.68,8.69,8.7,8.71,8.72,8.74,8.76,8.78,8.79,8.8,200,10500,14100,12800,8900,5000,8000,1100,500,2400,5600,6300,2700,8000,900,2800,4200,4200,16300,1000
424.0,8.67,423100,3683524.0,8.66,8.65,8.64,8.63,8.62,8.61,8.6,8.59,8.58,8.55,8.67,8.68,8.69,8.7,8.71,8.72,8.74,8.76,8.78,8.79,10500,14100,12800,8900,5000,8000,1100,500,2400,1500,1300,5800,6300,2700,8000,900,2800,4200,4200,16300
425.0,8.67,423100,3683524.0,8.66,8.65,8.64,8.63,8.62,8.61,8.6,8.59,8.58,8.55,8.67,8.68,8.69,8.7,8.71,8.72,8.74,8.76,8.78,8.79,10200,14100,12800,8900,5000,8000,1100,500,2400,1500,1300,4800,6200,2700,8000,900,2800,4200,4200,16300
426.0,8.66,426200,3710382.0,8.66,8.65,8.64,8.63,8.62,8.61,8.6,8.59,8.58,8.55,8.67,8.68,8.69,8.7,8.71,8.72,8.74,8.76,8.78,8.79,8300,14100,12800,8900,5000,8000,1100,500,2400,1500,100,4800,6200,2700,8000,900,2800,4200,4200,16300
427.0,8.66,426200,3710382.0,8.66,8.65,8.64,8.63,8.62,8.61,8.6,8.59,8.58,8.55,8.67,8.68,8.69,8.7,8.71,8.72,8.74,8.76,8.78,8.79,8300,14100,12800,8900,5000,8000,1100,500,2400,1500,100,4800,6200,2700,8000,900,2800,4200,4200,16300
428.0,8.66,426200,3710382.0,8.66,8.65,8.64,8.63,8.62,8.61,8.6,8.59,8.58,8.55,8.67,8.68,8.69,8.7,8.71,8.72,8.74,8.76,8.78,8.79,8300,14100,12800,8900,5000,8000,1100,500,2400,1500,100,4800,6200,2700,8000,900,2800,4200,4200,16300
429.0,8.68,427200,3719061.0,8.66,8.65,8.64,8.63,8.62,8.61,8.6,8.59,8.58,8.55,8.68,8.69,8.7,8.71,8.72,8.74,8.76,8.78,8.79,8.8,8300,14100,12800,8900,5000,8000,1100,500,2400,1500,3900,6200,2700,8000,900,2800,4200,4200,16300,1000
430.0,8.68,427200,3719061.0,8.66,8.65,8.64,8.63,8.62,8.61,8.6,8.59,8.58,8.55,8.67,8.68,8.69,8.7,8.71,8.72,8.74,8.76,8.78,8.79,8600,14100,12800,8900,5000,8000,1100,500,2400,1500,200,4200,6200,2700,8000,900,2800,4200,4200,16300
431.0,8.68,427200,3719061.0,8.66,8.65,8.64,8.63,8.62,8.61,8.6,8.59,8.58,8.55,8.67,8.68,8.69,8.7,8.71,8.72,8.74,8.76,8.78,8.79,8600,14100,12800,8900,5000,8000,1100,500,2400,1500,200,4200,6200,2700,8000,900,2800,4200,4200,16300
432.0,8.68,427200,3719061.0,8.66,8.65,8.64,8.63,8.62,8.61,8.6,8.59,8.58,8.55,8.67,8.68,8.69,8.7,8.71,8.72,8.74,8.76,8.78,8.79,8600,14100,13400,8900,5000,8000,1100,500,2400,1500,200,4200,6200,2700,8000,900,2800,4200,4200,16300
433.0,8.68,427200,3719061.0,8.66,8.65,8.64,8.63,8.62,8.61,8.6,8.59,8.58,8.55,8.67,8.68,8.69,8.7,8.71,8.72,8.74,8.76,8.78,8.79,8600,14100,13400,8900,5000,8000,1100,500,2400,1500,200,4200,6200,2700,8000,900,2800,4200,4200,16300
434.0,8.68,427200,3719061.0,8.66,8.65,8.64,8.63,8.62,8.61,8.6,8.59,8.58,8.55,8.67,8.68,8.69,8.7,8.71,8.72,8.74,8.76,8.78,8.79,8600,12800,13400,8900,5000,8000,1100,500,2400,1500,200,4200,6200,2700,8000,900,2800,4200,4200,16300
435.0,8.68,427200,3719061.0,8.66,8.65,8.64,8.63,8.62,8.61,8.6,8.59,8.58,8.55,8.67,8.68,8.69,8.7,8.71,8.72,8.74,8.76,8.78,8.79,8600,12800,13400,8900,5000,8000,1100,500,2400,1500,200,4200,6200,2700,8000,900,2800,4200,4200,16300
436.0,8.68,427200,3719061.0,8.66,8.65,8.64,8.63,8.62,8.61,8.6,8.59,8.58,8.55,8.67,8.68,8.69,8.7,8.71,8.72,8.74,8.76,8.78,8.79,9400,12800,13400,8900,5000,8000,1100,500,2400,1500,200,4200,6200,2700,8000,900,2800,4200,4200,16300
437.0,8.66,427700,3723391.0,8.66,8.65,8.64,8.63,8.62,8.61,8.6,8.59,8.58,8.56,8.67,8.68,8.69,8.7,8.71,8.72,8.74,8.76,8.78,8.79,8900,12800,13400,8900,5000,8000,1100,500,2400,5500,1700,4200,6200,2700,7600,900,2800,4200,4200,16300
438.0,8.66,427700,3723391.0,8.66,8.65,8.64,8.63,8.62,8.61,8.6,8.59,8.58,8.56,8.67,8.68,8.69,8.7,8.71,8.72,8.74,8.76,8.78,8.79,8900,12800,13400,8900,5000,8000,1100,500,2400,5500,1700,4200,6200,2700,7600,900,2800,4200,4200,16300
439.0,8.67,427800,3724258.0,8.66,8.65,8.64,8.63,8.62,8.61,8.6,8.59,8.58,8.56,8.67,8.68,8.69,8.7,8.71,8.72,8.74,8.76,8.78,8.79,8900,12800,13400,8900,5000,8000,1100,500,2400,5500,2800,4200,6200,2700,7600,900,2800,4200,4200,16300
440.0,8.66,428700,3732054.0,8.66,8.65,8.64,8.63,8.62,8.61,8.6,8.59,8.58,8.56,8.67,8.68,8.69,8.7,8.71,8.72,8.74,8.76,8.78,8.79,8200,12800,13400,8900,5000,8000,1100,500,2400,5500,3300,4200,6200,2700,7600,900,2800,4200,4200,16300
441.0,8.67,431000,3751995.0,8.66,8.65,8.64,8.63,8.62,8.61,8.6,8.59,8.58,8.56,8.67,8.68,8.69,8.7,8.71,8.72,8.74,8.76,8.78,8.79,9900,12800,13400,8900,5000,8000,1100,500,2400,5500,1000,4200,6200,2700,7600,900,2800,4200,4200,16300
