LocalTime,LastPrice,TradeVolume,TradeValue,BidPrice1,BidPrice2,BidPrice3,BidPrice4,BidPrice5,BidPrice6,BidPrice7,BidPrice8,BidPrice9,BidPriceA,AskPrice1,AskPrice2,AskPrice3,AskPrice4,AskPrice5,AskPrice6,AskPrice7,AskPrice8,AskPrice9,AskPriceA,BidVolume1,BidVolume2,BidVolume3,BidVolume4,BidVolume5,BidVolume6,BidVolume7,BidVolume8,BidVolume9,BidVolumeA,AskVolume1,AskVolume2,AskVolume3,AskVolume4,AskVolume5,AskVolume6,AskVolume7,AskVolume8,AskVolume9,AskVolumeA
0.0,27.57,1900,52383.0,27.57,27.38,27.15,27.11,27.08,27.05,27.0,26.98,26.8,26.75,27.89,27.93,27.98,27.99,28.0,28.25,28.28,28.4,28.49,28.5,200,200,400,400,1000,1200,10000,1000,15300,8500,300,100,200,23400,600,200,500,10000,100,200
1.0,27.57,2100,57897.0,27.38,27.15,27.11,27.08,27.05,27.0,26.98,26.8,26.75,26.6,27.57,27.58,27.88,27.89,27.93,27.98,27.99,28.0,28.25,28.28,200,400,400,1000,1200,10200,1000,15300,8500,17600,200,100,100,300,100,200,23400,600,200,500
2.0,27.91,3100,85697.0,27.38,27.15,27.11,27.1,27.08,27.05,27.0,26.98,26.8,26.75,27.57,27.93,27.97,27.98,27.99,28.0,28.12,28.25,28.28,28.4,200,400,400,4100,1000,1200,10200,1000,15300,8500,200,100,28500,24200,23400,600,100,200,500,10000
3.0,27.88,4700,130213.0,27.91,27.89,27.38,27.15,27.11,27.1,27.08,27.05,27.0,26.98,27.93,27.97,27.98,27.99,28.0,28.12,28.25,28.28,28.4,28.49,1700,200,200,400,1400,4100,1000,1200,10200,1000,100,28500,24200,23400,600,100,200,500,10000,100
4.0,27.88,4700,130213.0,27.91,27.89,27.38,27.15,27.11,27.1,27.08,27.05,27.0,26.98,27.93,27.97,27.98,27.99,28.0,28.12,28.25,28.28,28.4,28.49,2500,200,200,400,1400,4100,1000,1200,10200,1000,100,28500,24200,23400,600,100,200,500,10000,100
5.0,27.91,5100,141377.0,27.91,27.89,27.38,27.15,27.11,27.1,27.08,27.05,27.0,26.98,27.92,27.93,27.97,27.98,27.99,28.0,28.12,28.25,28.28,28.4,3100,200,200,400,1400,4100,1000,1200,10200,1000,1000,100,28500,24200,23400,600,100,200,500,10000
6.0,27.93,6200,172090.0,27.93,27.91,27.89,27.57,27.51,27.44,27.38,27.15,27.11,27.1,27.97,27.98,27.99,28.0,28.12,28.25,28.28,28.4,28.49,28.5,1600,3100,200,3300,3800,600,200,400,1400,4100,28500,51400,23400,2500,100,200,3200,10000,100,200
7.0,27.93,6700,186055.0,27.93,27.91,27.89,27.57,27.51,27.44,27.38,27.2,27.15,27.11,27.97,27.98,27.99,28.0,28.12,28.25,28.28,28.4,28.49,28.5,1100,3100,200,3300,3800,600,200,1000,400,1400,28500,51900,23400,2500,100,200,3200,10000,100,200
8.0,27.93,7400,205606.0,27.93,27.91,27.89,27.57,27.51,27.44,27.38,27.2,27.15,27.11,27.97,27.98,27.99,28.0,28.05,28.12,28.25,28.28,28.4,28.49,400,3100,200,3300,3800,600,200,1000,500,1400,28500,51900,23400,2500,100,100,200,3200,10000,100
9.0,27.91,8700,241897.0,27.91,27.89,27.57,27.51,27.44,27.38,27.2,27.16,27.15,27.13,27.92,27.97,27.98,27.99,28.0,28.05,28.12,28.25,28.28,28.4,2200,200,3500,3800,600,200,1000,1000,500,300,1600,28500,52900,23400,2500,100,100,200,3200,10000
10.0,27.91,11100,308883.0,27.57,27.44,27.38,27.2,27.16,27.15,27.13,27.11,27.1,27.08,27.83,27.91,27.92,27.97,27.98,27.99,28.0,28.05,28.12,28.2,2300,400,200,1000,1000,500,300,2200,4100,6000,1500,7500,1400,28500,52900,23400,2500,100,100,600
11.0,27.91,11100,308883.0,27.57,27.44,27.38,27.2,27.16,27.15,27.13,27.11,27.1,27.08,27.83,27.9,27.91,27.92,27.96,27.97,27.98,27.99,28.0,28.05,2100,400,200,1000,1000,500,300,2200,4100,6000,1500,1200,4900,1600,100,28500,52900,23400,2500,100
12.0,27.57,12000,333696.0,27.58,27.57,27.44,27.38,27.2,27.16,27.15,27.13,27.11,27.1,27.9,27.91,27.92,27.93,27.96,27.97,27.98,27.99,28.0,28.05,500,1200,400,200,1000,1000,500,300,2200,4100,1200,1800,1500,500,100,28500,52900,23400,2500,100
13.0,27.83,12200,339262.0,27.58,27.57,27.44,27.38,27.2,27.16,27.15,27.13,27.11,27.08,27.91,27.92,27.93,27.96,27.97,27.98,27.99,28.0,28.05,28.12,1300,1200,400,200,1000,1000,500,300,2200,6000,2000,1400,1300,100,28500,52900,23400,2500,100,100
14.0,27.83,12200,339262.0,27.83,27.58,27.57,27.44,27.38,27.2,27.16,27.15,27.13,27.11,27.9,27.91,27.92,27.93,27.96,27.97,27.98,27.99,28.0,28.05,200,1800,1100,400,200,1000,1600,500,300,2200,1800,1700,1400,1300,100,28500,52900,23400,2500,100
15.0,27.83,12400,344835.0,27.83,27.58,27.57,27.44,27.38,27.2,27.16,27.15,27.13,27.11,27.9,27.91,27.92,27.93,27.96,27.97,27.98,27.99,28.0,28.05,100,1800,1100,400,200,1000,1600,500,300,2200,1900,700,1400,1300,100,28500,52900,23400,2500,100
16.0,27.83,12500,347618.0,27.59,27.58,27.57,27.44,27.38,27.2,27.16,27.15,27.13,27.11,27.83,27.9,27.91,27.92,27.93,27.96,27.97,27.98,27.99,28.0,300,1000,1100,400,200,1000,1600,500,300,2200,100,1900,700,1400,800,100,28500,52900,23400,600
17.0,27.83,12500,347618.0,27.6,27.59,27.58,27.57,27.44,27.38,27.2,27.16,27.15,27.13,27.83,27.9,27.91,27.92,27.96,27.97,27.98,27.99,28.0,28.05,100,300,1000,1100,400,200,1000,1600,500,300,100,1900,700,1400,100,28500,52900,23400,600,100
18.0,27.83,12500,347618.0,27.61,27.6,27.59,27.58,27.57,27.44,27.38,27.2,27.16,27.15,27.83,27.89,27.9,27.91,27.92,27.96,27.97,27.98,27.99,28.0,700,100,300,1000,1100,400,200,1000,1600,500,100,6000,1900,700,1400,100,28500,52900,23400,600
19.0,27.83,12500,347618.0,27.61,27.6,27.59,27.58,27.57,27.44,27.38,27.2,27.16,27.15,27.83,27.9,27.91,27.92,27.96,27.97,27.98,27.99,28.0,28.05,700,100,300,1000,1100,400,200,1000,1600,500,100,1900,700,1400,100,28500,52900,23400,600,100
20.0,27.83,12500,347618.0,27.61,27.6,27.59,27.58,27.57,27.44,27.38,27.2,27.16,27.15,27.83,27.89,27.9,27.91,27.92,27.96,27.97,27.98,27.99,28.0,700,100,300,1000,1100,400,200,1000,1600,500,100,5900,1900,100,1400,100,28500,52900,23400,600
21.0,27.83,12500,347618.0,27.63,27.62,27.61,27.6,27.59,27.58,27.57,27.44,27.38,27.2,27.83,27.9,27.92,27.96,27.97,27.98,27.99,28.0,28.05,28.12,900,100,700,100,300,1000,1100,400,200,1000,100,1900,1400,100,28500,52900,23400,600,100,100
22.0,27.83,12500,347618.0,27.63,27.62,27.61,27.6,27.59,27.58,27.57,27.44,27.38,27.2,27.82,27.9,27.92,27.96,27.97,27.98,27.99,28.0,28.05,28.12,900,100,700,100,300,1000,1100,400,200,1000,200,1900,1400,100,28500,52900,23400,600,100,100
23.0,27.83,12500,347618.0,27.63,27.62,27.61,27.6,27.59,27.58,27.57,27.44,27.38,27.2,27.82,27.88,27.9,27.92,27.96,27.97,27.98,27.99,28.0,28.05,900,100,700,100,300,1000,1100,400,200,1000,200,5800,1900,1400,100,28500,52900,23400,600,100
24.0,27.83,12500,347618.0,27.63,27.62,27.61,27.6,27.59,27.58,27.57,27.44,27.38,27.2,27.82,27.9,27.92,27.96,27.97,27.98,27.99,28.0,28.05,28.12,900,100,700,100,300,1000,1100,400,200,1000,200,1900,1400,100,28500,52900,23400,600,100,100
25.0,27.83,12500,347618.0,27.63,27.62,27.61,27.6,27.59,27.58,27.57,27.44,27.38,27.2,27.82,27.88,27.9,27.92,27.96,27.97,27.98,27.99,28.0,28.05,900,100,700,100,300,1000,1100,400,200,1000,200,5800,1900,1400,100,28500,52900,23400,600,100
26.0,27.83,12500,347618.0,27.62,27.61,27.6,27.59,27.58,27.57,27.44,27.38,27.2,27.16,27.8,27.81,27.82,27.9,27.92,27.96,27.97,27.98,27.99,28.0,100,700,100,300,1000,1100,400,200,1000,1600,100,1500,200,1900,1400,100,28500,52900,23400,600
27.0,27.83,12500,347618.0,27.62,27.61,27.6,27.58,27.57,27.44,27.38,27.2,27.16,27.15,27.8,27.81,27.82,27.9,27.92,27.96,27.97,27.98,27.99,28.0,100,700,100,1000,1100,400,200,1000,1600,500,100,1500,200,1900,1400,100,28500,52900,23400,600
28.0,27.83,12500,347618.0,27.62,27.61,27.6,27.58,27.57,27.44,27.38,27.2,27.16,27.15,27.8,27.81,27.82,27.9,27.92,27.96,27.97,27.98,27.99,28.0,100,700,100,1000,1100,400,200,1000,1600,500,100,1500,200,1900,1400,100,28500,52900,23400,600
29.0,27.83,12500,347618.0,27.62,27.61,27.6,27.58,27.57,27.44,27.38,27.2,27.16,27.15,27.8,27.81,27.82,27.9,27.92,27.96,27.97,27.98,27.99,28.0,100,700,100,1000,1100,400,200,1000,1800,500,100,1500,200,1900,1400,100,28500,52500,23400,600
30.0,27.83,12500,347618.0,27.62,27.61,27.6,27.58,27.57,27.44,27.39,27.38,27.2,27.16,27.8,27.81,27.82,27.87,27.9,27.92,27.96,27.97,27.98,27.99,100,700,100,1000,1000,400,5900,200,1000,1800,100,1500,200,1500,1900,1400,100,28500,52500,23400
31.0,27.83,12500,347618.0,27.62,27.61,27.6,27.58,27.57,27.44,27.39,27.38,27.2,27.16,27.8,27.81,27.82,27.87,27.9,27.92,27.96,27.97,27.98,27.99,100,700,100,1000,1000,400,5900,200,1000,1800,100,1500,200,1500,1900,1400,100,28500,52500,23400
32.0,27.83,12500,347618.0,27.62,27.58,27.57,27.44,27.39,27.38,27.2,27.16,27.15,27.13,27.8,27.81,27.82,27.87,27.9,27.92,27.96,27.97,27.98,27.99,100,1000,1000,400,5900,200,1000,1800,500,300,100,1500,200,1500,1900,1400,100,28500,52500,23400
33.0,27.83,12500,347618.0,27.62,27.58,27.57,27.44,27.39,27.38,27.2,27.16,27.15,27.13,27.8,27.81,27.82,27.87,27.9,27.92,27.96,27.97,27.98,27.99,100,1000,1000,400,5900,200,1000,1800,500,300,100,1500,200,1500,1900,1400,100,28500,52500,23400
34.0,27.83,12500,347618.0,27.62,27.58,27.57,27.44,27.39,27.38,27.2,27.16,27.15,27.13,27.8,27.81,27.82,27.87,27.9,27.92,27.96,27.97,27.98,27.99,100,1000,1000,400,5900,200,1000,1800,500,300,100,1500,200,1500,1900,1400,100,28500,52500,23400
35.0,27.83,12500,347618.0,27.62,27.58,27.57,27.44,27.39,27.38,27.2,27.16,27.15,27.13,27.8,27.81,27.82,27.87,27.9,27.92,27.96,27.97,27.98,27.99,100,1000,100,200,5900,200,1000,1800,500,300,100,1500,200,1500,1800,1400,100,28500,52500,23400
36.0,27.83,12500,347618.0,27.62,27.58,27.57,27.44,27.39,27.38,27.2,27.16,27.15,27.13,27.77,27.78,27.79,27.8,27.81,27.82,27.87,27.9,27.92,27.96,100,500,100,200,5900,200,1000,1800,500,300,2200,100,1400,100,1500,200,1500,1800,1400,100
37.0,27.83,12500,347618.0,27.62,27.58,27.57,27.51,27.44,27.39,27.38,27.2,27.16,27.15,27.74,27.75,27.76,27.78,27.79,27.8,27.81,27.87,27.9,27.92,100,500,100,200,200,5900,200,1000,1800,500,100,1000,100,100,1400,100,1500,1500,1800,1400
38.0,27.83,12500,347618.0,27.62,27.58,27.57,27.51,27.44,27.39,27.38,27.2,27.16,27.15,27.73,27.74,27.75,27.76,27.78,27.79,27.8,27.87,27.9,27.92,100,500,100,200,200,5900,200,1000,1800,500,100,300,1000,100,100,1400,100,1500,1800,1400
39.0,27.83,12500,347618.0,27.62,27.58,27.57,27.51,27.44,27.39,27.38,27.2,27.16,27.15,27.73,27.74,27.75,27.76,27.78,27.79,27.8,27.87,27.9,27.92,100,500,100,200,200,5900,200,1000,1800,500,100,300,1000,100,100,1400,100,1500,1800,1400
40.0,27.83,12500,347618.0,27.62,27.58,27.57,27.51,27.44,27.39,27.38,27.2,27.16,27.15,27.71,27.72,27.73,27.74,27.75,27.76,27.78,27.79,27.8,27.87,400,500,100,200,200,5900,200,1000,1800,500,100,100,100,1800,1000,100,100,1400,100,1500
41.0,27.62,12900,358666.0,27.58,27.57,27.51,27.44,27.39,27.38,27.2,27.16,27.15,27.13,27.7,27.71,27.72,27.73,27.74,27.75,27.76,27.78,27.79,27.8,500,100,200,200,5900,200,1000,1800,500,300,100,100,100,100,1300,1000,100,100,1400,100
42.0,27.58,13000,361424.0,27.57,27.51,27.44,27.39,27.38,27.2,27.16,27.15,27.13,27.11,27.7,27.71,27.72,27.73,27.74,27.75,27.76,27.78,27.79,27.8,100,200,200,5900,200,1000,1800,500,300,2200,100,100,100,100,1300,1000,100,100,1400,100
43.0,27.58,13000,361424.0,27.57,27.51,27.44,27.39,27.38,27.32,27.2,27.16,27.15,27.13,27.7,27.71,27.72,27.73,27.74,27.75,27.76,27.78,27.79,27.8,100,200,200,5900,200,6000,1000,1800,500,300,100,600,100,100,1300,1000,100,100,1400,100
44.0,27.58,13000,361424.0,27.57,27.51,27.44,27.39,27.38,27.32,27.2,27.16,27.15,27.13,27.7,27.71,27.72,27.73,27.74,27.75,27.76,27.78,27.79,27.8,100,200,200,5900,200,6000,1000,1800,500,300,100,600,100,100,300,1000,100,100,1400,100
45.0,27.58,13000,361424.0,27.57,27.51,27.44,27.39,27.38,27.32,27.2,27.16,27.15,27.13,27.7,27.71,27.72,27.73,27.74,27.75,27.76,27.78,27.79,27.8,100,200,200,5900,200,6000,1000,1800,500,300,100,600,100,100,300,1000,100,100,1400,100
46.0,27.58,13000,361424.0,27.57,27.51,27.44,27.39,27.38,27.32,27.2,27.16,27.15,27.13,27.68,27.69,27.7,27.71,27.72,27.73,27.74,27.75,27.76,27.78,100,200,200,5900,200,6000,1000,1800,500,300,100,1000,100,600,100,100,300,1000,100,100
47.0,27.58,13000,361424.0,27.57,27.51,27.44,27.39,27.38,27.32,27.2,27.16,27.15,27.13,27.68,27.69,27.7,27.71,27.72,27.73,27.74,27.75,27.76,27.78,100,200,200,5900,200,6000,1000,1800,500,300,100,1000,100,100,100,100,300,1200,100,100
48.0,27.58,13000,361424.0,27.57,27.51,27.44,27.39,27.38,27.32,27.2,27.16,27.15,27.13,27.68,27.69,27.7,27.71,27.72,27.73,27.74,27.75,27.76,27.78,100,200,200,5900,200,6000,1000,1800,500,300,100,1000,100,100,100,100,300,1200,100,100
49.0,27.58,13000,361424.0,27.57,27.51,27.44,27.39,27.38,27.32,27.2,27.16,27.15,27.13,27.66,27.67,27.68,27.69,27.7,27.71,27.72,27.73,27.74,27.75,100,200,200,5900,200,6000,1000,1800,500,300,300,500,100,1000,100,100,100,100,100,1200
50.0,27.57,13100,364181.0,27.51,27.39,27.38,27.32,27.2,27.16,27.15,27.13,27.11,27.08,27.65,27.66,27.67,27.68,27.7,27.71,27.72,27.73,27.74,27.75,200,5900,200,6000,1000,1800,500,300,2200,6000,100,300,500,100,100,100,100,100,100,1200
51.0,27.57,13100,364181.0,27.51,27.39,27.38,27.32,27.2,27.16,27.15,27.13,27.11,27.08,27.65,27.66,27.67,27.68,27.7,27.71,27.72,27.73,27.74,27.75,200,5900,200,6000,1000,1800,500,300,2200,6000,100,300,500,100,100,100,100,100,100,1200
52.0,27.57,13100,364181.0,27.51,27.39,27.38,27.32,27.2,27.16,27.15,27.13,27.11,27.08,27.65,27.66,27.67,27.68,27.7,27.71,27.72,27.73,27.74,27.75,200,5900,200,6000,1000,1800,500,300,2200,6000,100,1300,500,100,100,100,100,100,100,1200
53.0,27.57,13100,364181.0,27.51,27.39,27.38,27.32,27.26,27.2,27.16,27.15,27.13,27.11,27.64,27.65,27.66,27.68,27.7,27.71,27.72,27.74,27.75,27.76,200,5900,200,6000,5900,1000,1800,500,300,2200,100,100,1300,100,100,100,100,100,1200,100
54.0,27.57,13100,364181.0,27.51,27.39,27.38,27.32,27.26,27.2,27.16,27.15,27.13,27.11,27.64,27.65,27.66,27.68,27.7,27.71,27.72,27.73,27.74,27.75,200,5900,200,6000,5900,1000,1800,500,300,2200,100,100,1300,100,100,100,100,400,100,1200
55.0,27.57,13100,364181.0,27.51,27.39,27.38,27.32,27.26,27.2,27.16,27.15,27.13,27.11,27.63,27.64,27.65,27.66,27.68,27.7,27.71,27.72,27.73,27.74,200,5900,200,6000,5900,1000,1800,500,300,2200,100,100,600,1300,100,100,100,100,400,100
56.0,27.57,13100,364181.0,27.51,27.39,27.38,27.32,27.26,27.2,27.16,27.15,27.13,27.11,27.62,27.63,27.64,27.65,27.66,27.68,27.7,27.72,27.73,27.74,200,5900,200,6000,5900,1000,1800,500,300,2200,100,100,100,600,1300,100,100,100,400,100
57.0,27.57,13100,364181.0,27.51,27.39,27.38,27.32,27.26,27.2,27.16,27.15,27.13,27.11,27.62,27.63,27.64,27.65,27.66,27.68,27.7,27.72,27.73,27.74,200,5900,200,6000,5900,1000,1800,500,300,2200,100,100,100,600,1300,100,100,100,400,100
58.0,27.57,13100,364181.0,27.51,27.39,27.38,27.32,27.26,27.2,27.16,27.15,27.13,27.11,27.61,27.62,27.63,27.64,27.65,27.66,27.68,27.7,27.72,27.73,200,5900,200,6000,5900,1000,1800,500,300,2200,100,100,100,100,600,1300,100,100,100,400
59.0,27.57,13100,364181.0,27.51,27.39,27.38,27.32,27.26,27.2,27.16,27.15,27.13,27.11,27.61,27.62,27.63,27.64,27.65,27.66,27.68,27.7,27.72,27.73,200,5900,200,6000,5900,1000,1800,500,300,2200,100,100,100,100,600,1300,100,100,100,400
60.0,27.57,13100,364181.0,27.51,27.39,27.38,27.32,27.26,27.2,27.16,27.15,27.13,27.11,27.61,27.62,27.63,27.64,27.65,27.66,27.68,27.7,27.72,27.73,200,5900,200,6000,5900,1000,1800,500,300,2200,100,100,100,100,600,1300,100,100,100,400
61.0,27.57,13100,364181.0,27.51,27.39,27.38,27.32,27.26,27.2,27.16,27.15,27.13,27.11,27.59,27.6,27.62,27.64,27.65,27.66,27.68,27.7,27.72,27.73,200,5900,5200,6000,5900,1000,1800,500,300,2200,800,200,100,100,600,1000,100,100,100,400
62.0,27.57,13100,364181.0,27.51,27.39,27.38,27.32,27.26,27.2,27.16,27.15,27.13,27.11,27.59,27.6,27.62,27.64,27.65,27.66,27.68,27.7,27.72,27.73,200,5900,5200,6000,5900,1000,1800,500,300,2200,800,200,100,100,600,1000,100,100,100,400
63.0,27.57,13100,364181.0,27.51,27.39,27.38,27.32,27.26,27.2,27.16,27.15,27.13,27.11,27.59,27.6,27.62,27.64,27.65,27.66,27.68,27.7,27.72,27.73,200,5900,5200,6000,5900,1000,1800,500,300,2200,800,200,100,100,600,1000,100,100,100,400
64.0,27.57,13100,364181.0,27.51,27.39,27.38,27.32,27.26,27.2,27.16,27.15,27.13,27.11,27.59,27.6,27.62,27.64,27.65,27.66,27.68,27.7,27.72,27.73,100,5900,5200,6000,5900,1000,1800,500,300,2200,800,200,100,100,600,1000,100,100,100,400
65.0,27.59,14900,413843.0,27.51,27.39,27.38,27.32,27.26,27.2,27.16,27.15,27.13,27.11,27.57,27.58,27.6,27.62,27.64,27.65,27.7,27.72,27.73,27.74,300,5900,5200,6000,5900,1000,1800,500,300,2200,300,700,200,100,100,500,100,100,400,800
66.0,27.57,15500,430385.0,27.51,27.39,27.38,27.32,27.26,27.2,27.16,27.15,27.13,27.11,27.58,27.6,27.62,27.64,27.65,27.7,27.72,27.73,27.74,27.75,300,5900,5200,6000,5900,1000,1800,500,300,2200,700,200,100,100,500,100,100,400,800,1200
67.0,27.58,15900,441417.0,27.51,27.39,27.38,27.32,27.26,27.2,27.16,27.15,27.13,27.11,27.58,27.6,27.62,27.64,27.65,27.7,27.72,27.73,27.74,27.75,300,5900,5200,6000,5900,1000,1800,500,300,2200,1300,200,100,100,500,100,100,400,800,1200
68.0,27.58,18900,524157.0,27.58,27.53,27.51,27.39,27.38,27.32,27.26,27.2,27.16,27.15,27.6,27.62,27.64,27.65,27.7,27.72,27.73,27.74,27.75,27.76,900,1200,1300,5900,5200,6000,5900,1000,1800,500,200,100,100,500,100,100,400,800,1200,100
69.0,27.62,20900,579342.0,27.58,27.53,27.51,27.39,27.38,27.32,27.26,27.2,27.16,27.15,27.62,27.63,27.64,27.65,27.7,27.72,27.73,27.74,27.75,27.76,900,1200,1300,5900,5200,6000,5900,1000,1800,500,300,400,100,500,100,100,400,800,1200,100
70.0,27.62,20900,579342.0,27.58,27.53,27.51,27.39,27.38,27.32,27.26,27.2,27.16,27.15,27.62,27.63,27.64,27.65,27.7,27.72,27.73,27.74,27.75,27.76,900,1200,1300,5900,5200,6000,5900,1000,1800,500,300,400,100,500,100,100,400,800,1200,100
71.0,27.58,21800,604164.0,27.51,27.39,27.38,27.32,27.26,27.2,27.16,27.15,27.13,27.11,27.56,27.59,27.62,27.63,27.64,27.7,27.72,27.73,27.74,27.75,600,5900,5200,6000,5900,1000,1800,500,300,2200,300,200,300,400,100,100,100,400,800,1200
72.0,27.58,21800,604164.0,27.51,27.39,27.38,27.32,27.26,27.2,27.16,27.15,27.13,27.11,27.56,27.59,27.62,27.63,27.64,27.7,27.72,27.73,27.74,27.75,600,5900,5200,6000,5900,1000,1800,500,300,2200,300,200,500,400,100,100,100,400,800,1200
73.0,27.56,22100,612432.0,27.52,27.51,27.4,27.39,27.38,27.32,27.26,27.2,27.16,27.15,27.57,27.59,27.61,27.62,27.63,27.7,27.72,27.73,27.74,27.75,400,600,200,5900,5200,6000,5900,1000,1800,500,300,200,500,500,400,100,100,400,800,1200
74.0,27.56,22100,612432.0,27.52,27.51,27.4,27.39,27.38,27.32,27.26,27.2,27.16,27.15,27.57,27.59,27.62,27.63,27.7,27.72,27.73,27.74,27.75,27.76,700,700,200,5900,5200,6000,5900,1000,1800,500,300,200,500,400,100,100,400,800,1200,100
75.0,27.56,22100,612432.0,27.52,27.51,27.4,27.39,27.38,27.32,27.26,27.2,27.16,27.15,27.57,27.59,27.62,27.63,27.7,27.72,27.73,27.74,27.75,27.76,700,700,200,5900,5200,6000,5900,1000,1800,500,300,200,500,400,100,100,400,800,1200,100
76.0,27.52,22200,615184.0,27.52,27.51,27.4,27.39,27.38,27.32,27.26,27.2,27.16,27.15,27.56,27.57,27.58,27.59,27.62,27.63,27.7,27.72,27.73,27.74,600,700,200,5900,5200,6000,5900,1000,1800,500,500,300,100,200,500,400,100,100,400,800
77.0,27.52,22200,615184.0,27.52,27.51,27.4,27.39,27.38,27.32,27.26,27.2,27.16,27.15,27.56,27.57,27.58,27.59,27.62,27.63,27.7,27.72,27.73,27.74,600,700,200,5900,5200,6000,5900,1000,1800,500,500,300,100,200,500,400,100,100,400,800
78.0,27.52,22200,615184.0,27.53,27.52,27.51,27.4,27.39,27.38,27.32,27.26,27.16,27.15,27.56,27.57,27.58,27.59,27.62,27.63,27.7,27.72,27.73,27.74,200,600,700,200,5900,5200,6000,5900,1800,500,500,300,100,200,500,400,100,100,400,800
79.0,27.52,22200,615184.0,27.53,27.52,27.51,27.4,27.39,27.38,27.32,27.26,27.16,27.15,27.56,27.57,27.58,27.59,27.62,27.63,27.7,27.72,27.73,27.74,200,600,700,200,5900,5200,6000,5900,1800,500,500,300,100,200,500,400,100,100,400,800
80.0,27.52,22200,615184.0,27.53,27.52,27.51,27.4,27.39,27.38,27.32,27.26,27.16,27.15,27.56,27.57,27.58,27.59,27.62,27.63,27.7,27.72,27.73,27.74,800,600,700,5200,5900,5200,6000,5900,1800,500,500,300,100,200,500,400,100,100,400,800
81.0,27.52,22200,615184.0,27.53,27.52,27.51,27.4,27.39,27.38,27.32,27.26,27.16,27.15,27.56,27.57,27.58,27.59,27.62,27.63,27.7,27.72,27.73,27.74,800,600,700,5200,5900,5200,6000,5900,1800,500,500,300,100,200,500,400,100,100,400,800
82.0,27.52,22200,615184.0,27.53,27.52,27.51,27.4,27.39,27.38,27.32,27.26,27.16,27.15,27.56,27.57,27.58,27.59,27.62,27.63,27.7,27.72,27.73,27.74,800,600,700,5200,5900,5200,6000,5900,1800,500,500,300,100,200,500,400,100,100,400,800
83.0,27.56,22500,623452.0,27.53,27.52,27.51,27.4,27.39,27.38,27.32,27.26,27.16,27.15,27.56,27.57,27.58,27.59,27.62,27.63,27.7,27.72,27.73,27.74,800,600,700,5200,5900,5200,6000,5900,1800,500,200,300,100,200,500,400,100,100,400,800
84.0,27.56,22700,628964.0,27.56,27.55,27.53,27.52,27.51,27.4,27.39,27.38,27.32,27.26,27.57,27.58,27.59,27.62,27.63,27.7,27.72,27.73,27.74,27.75,300,200,800,600,700,5200,5900,5200,6000,5900,300,100,200,500,400,100,100,400,800,1200
85.0,27.57,23000,637235.0,27.57,27.56,27.53,27.52,27.51,27.4,27.39,27.38,27.32,27.26,27.58,27.59,27.62,27.63,27.7,27.72,27.73,27.74,27.75,27.76,700,300,800,600,700,5200,5900,5200,6000,5900,100,200,500,400,100,100,400,800,1200,100
86.0,27.59,23300,645511.0,27.6,27.58,27.57,27.56,27.54,27.53,27.52,27.51,27.4,27.39,27.62,27.63,27.7,27.72,27.73,27.74,27.75,27.76,27.78,27.8,200,1000,1300,300,1100,800,600,600,5200,5900,500,400,100,100,400,800,1200,100,100,100
87.0,27.59,23300,645511.0,27.6,27.58,27.57,27.56,27.54,27.53,27.52,27.51,27.4,27.39,27.62,27.63,27.7,27.72,27.73,27.74,27.75,27.76,27.78,27.8,200,1000,1300,300,1100,800,600,600,5200,5900,500,400,100,100,400,800,1200,100,100,100
88.0,27.59,23300,645511.0,27.6,27.58,27.57,27.56,27.54,27.53,27.52,27.51,27.4,27.39,27.62,27.63,27.7,27.72,27.73,27.74,27.75,27.76,27.78,27.8,200,1000,900,300,1100,800,300,600,5200,5900,600,400,100,100,400,800,1200,100,100,100
89.0,27.6,23500,651031.0,27.58,27.57,27.56,27.54,27.53,27.52,27.51,27.4,27.39,27.38,27.61,27.62,27.63,27.7,27.72,27.73,27.74,27.75,27.76,27.78,100,300,300,1100,800,300,600,5200,5900,5200,400,600,400,100,100,400,800,1000,100,100
90.0,27.6,23500,651031.0,27.58,27.57,27.56,27.54,27.53,27.52,27.51,27.4,27.39,27.38,27.61,27.62,27.63,27.7,27.72,27.73,27.74,27.75,27.76,27.78,100,300,300,1100,800,300,600,5200,5900,5200,400,600,400,100,100,400,800,1000,100,100
91.0,27.61,23600,653792.0,27.58,27.57,27.56,27.54,27.53,27.52,27.51,27.4,27.39,27.38,27.61,27.62,27.63,27.7,27.72,27.73,27.74,27.75,27.76,27.78,100,300,300,1100,800,300,600,5200,5900,5200,300,600,400,100,100,400,800,1000,100,100
92.0,27.58,23700,656550.0,27.57,27.56,27.54,27.53,27.52,27.51,27.4,27.39,27.38,27.32,27.61,27.62,27.63,27.7,27.72,27.73,27.74,27.75,27.76,27.78,300,300,700,800,300,600,5200,5900,5200,6000,300,600,400,100,100,400,800,1000,100,100
93.0,27.58,23700,656550.0,27.57,27.56,27.54,27.53,27.52,27.51,27.4,27.39,27.38,27.32,27.61,27.62,27.63,27.7,27.72,27.73,27.74,27.75,27.76,27.78,300,300,700,800,300,600,5200,5900,5200,6000,300,600,400,100,100,400,800,1000,100,100
94.0,27.58,23700,656550.0,27.57,27.56,27.54,27.53,27.52,27.51,27.4,27.39,27.38,27.32,27.61,27.62,27.63,27.7,27.72,27.73,27.74,27.75,27.76,27.78,300,300,400,800,300,600,5200,5900,5200,6000,300,600,400,100,100,400,800,1000,100,100
95.0,27.59,24300,673093.0,27.53,27.52,27.51,27.4,27.39,27.38,27.32,27.26,27.16,27.15,27.61,27.62,27.63,27.7,27.72,27.73,27.74,27.75,27.76,27.78,600,300,600,5200,5900,5200,6000,5900,1800,500,300,600,400,100,100,400,800,1000,100,100
96.0,27.59,24300,673093.0,27.53,27.52,27.51,27.4,27.39,27.38,27.32,27.26,27.16,27.15,27.59,27.6,27.61,27.62,27.63,27.7,27.72,27.73,27.74,27.75,600,300,600,5200,5900,5200,6000,5900,1800,500,700,700,200,500,400,100,100,400,800,1000
97.0,27.59,24300,673093.0,27.53,27.52,27.51,27.4,27.39,27.38,27.32,27.26,27.16,27.15,27.58,27.59,27.62,27.63,27.7,27.72,27.73,27.74,27.75,27.76,600,300,600,5200,5900,5200,6000,5900,1800,500,400,500,500,400,100,100,400,800,1000,100
98.0,27.59,24300,673093.0,27.53,27.52,27.51,27.4,27.39,27.38,27.32,27.26,27.16,27.15,27.58,27.59,27.62,27.63,27.7,27.72,27.73,27.74,27.75,27.76,600,300,600,5200,5900,5200,6000,5900,1800,500,400,500,500,400,100,100,400,800,1000,100
99.0,27.53,24400,675846.0,27.53,27.52,27.51,27.4,27.39,27.38,27.32,27.26,27.16,27.15,27.58,27.59,27.62,27.63,27.7,27.72,27.73,27.74,27.75,27.76,500,300,600,5200,5900,5200,6000,5900,1800,500,400,500,500,400,100,100,400,800,1000,100
100.0,27.53,24400,675846.0,27.53,27.52,27.51,27.4,27.39,27.38,27.32,27.26,27.16,27.15,27.58,27.59,27.62,27.63,27.7,27.72,27.73,27.74,27.75,27.76,500,300,600,5200,5900,5200,6000,5900,1800,500,400,500,500,400,100,100,400,800,1000,100
101.0,27.53,24400,675846.0,27.53,27.52,27.51,27.4,27.39,27.38,27.32,27.26,27.16,27.15,27.57,27.59,27.62,27.63,27.7,27.72,27.73,27.74,27.75,27.76,500,300,600,5200,5900,5200,6000,5900,1800,500,1100,300,500,400,100,100,400,800,1000,100
102.0,27.53,24400,675846.0,27.53,27.52,27.51,27.4,27.39,27.38,27.32,27.26,27.16,27.15,27.57,27.59,27.62,27.63,27.7,27.72,27.73,27.74,27.75,27.76,500,300,600,5200,5900,5200,6000,5900,1800,500,1100,300,500,400,100,100,400,800,1000,100
103.0,27.53,24400,675846.0,27.53,27.52,27.51,27.4,27.39,27.38,27.32,27.26,27.16,27.15,27.57,27.59,27.62,27.63,27.7,27.72,27.73,27.74,27.75,27.76,500,300,600,5200,5900,5200,6000,5900,1800,500,1100,300,500,400,100,100,400,800,1000,100
104.0,27.52,25200,697867.0,27.52,27.51,27.4,27.39,27.38,27.32,27.26,27.16,27.15,27.13,27.53,27.56,27.59,27.62,27.63,27.7,27.72,27.73,27.74,27.75,300,600,5200,5900,5200,6000,5900,1800,500,300,2600,600,100,500,400,100,100,400,800,1000
105.0,27.52,25500,706123.0,27.51,27.4,27.39,27.38,27.32,27.3,27.26,27.16,27.15,27.13,27.52,27.53,27.56,27.59,27.62,27.63,27.7,27.72,27.73,27.74,800,5200,5900,5200,6000,100,5900,1800,500,300,1600,2600,600,100,500,400,100,100,400,800
106.0,27.52,25500,706123.0,27.51,27.4,27.39,27.38,27.32,27.3,27.26,27.16,27.15,27.13,27.52,27.53,27.56,27.59,27.62,27.63,27.7,27.72,27.73,27.74,800,5200,5900,5200,6000,100,5900,1800,500,300,1600,2600,600,100,500,400,100,100,400,800
107.0,27.52,25600,708875.0,27.51,27.4,27.39,27.38,27.32,27.3,27.26,27.16,27.15,27.13,27.52,27.53,27.56,27.59,27.62,27.63,27.7,27.72,27.73,27.74,800,5200,5900,5200,6000,100,5900,1800,500,300,1500,2600,600,100,500,400,100,100,400,800
108.0,27.51,25900,717128.0,27.51,27.4,27.39,27.38,27.32,27.3,27.26,27.16,27.15,27.13,27.52,27.53,27.56,27.59,27.62,27.63,27.7,27.72,27.73,27.74,500,5200,5900,5200,6000,100,5900,1800,500,300,1500,2600,600,100,500,400,100,100,400,800
109.0,27.51,25900,717128.0,27.51,27.4,27.39,27.38,27.32,27.3,27.26,27.16,27.15,27.13,27.52,27.53,27.56,27.59,27.62,27.63,27.7,27.72,27.73,27.74,500,5200,5900,5200,6000,100,5900,1800,500,300,1500,2200,600,100,500,400,100,100,400,800
110.0,27.51,27300,755642.0,27.51,27.48,27.41,27.4,27.38,27.32,27.3,27.26,27.16,27.15,27.52,27.53,27.56,27.62,27.63,27.7,27.72,27.73,27.74,27.75,400,400,500,5200,5200,6000,100,5900,1800,500,1500,2200,600,500,400,100,100,400,800,1000
111.0,27.52,29300,810677.0,27.48,27.41,27.4,27.38,27.32,27.3,27.26,27.16,27.15,27.13,27.52,27.53,27.56,27.62,27.63,27.7,27.72,27.73,27.74,27.75,400,500,5200,5200,6000,100,5900,1800,500,300,1800,2200,600,500,400,100,100,400,800,1000
112.0,27.52,29400,813429.0,27.48,27.41,27.4,27.38,27.32,27.3,27.26,27.16,27.15,27.13,27.52,27.53,27.56,27.62,27.63,27.7,27.72,27.73,27.74,27.75,400,500,5200,5200,6000,100,5900,1800,500,300,1700,2200,600,500,400,100,100,400,800,1000
113.0,27.51,29700,821683.0,27.48,27.41,27.4,27.38,27.32,27.3,27.26,27.16,27.15,27.13,27.52,27.53,27.56,27.62,27.63,27.7,27.72,27.73,27.74,27.75,1100,500,5200,5200,6000,100,5900,1800,500,300,1600,2200,600,500,400,100,100,400,800,1000
114.0,27.52,29800,824435.0,27.48,27.41,27.4,27.38,27.32,27.3,27.26,27.16,27.15,27.13,27.52,27.53,27.56,27.62,27.63,27.7,27.72,27.73,27.74,27.75,1100,500,5200,5200,6000,100,5900,1800,500,300,1500,2200,600,500,400,100,100,400,800,1000
115.0,27.52,29800,824435.0,27.48,27.41,27.4,27.38,27.32,27.3,27.26,27.16,27.15,27.13,27.52,27.53,27.56,27.62,27.63,27.7,27.72,27.73,27.74,27.75,1100,500,5200,5200,6000,100,5900,1800,500,300,1500,2200,600,500,400,100,100,400,800,1000
116.0,27.48,29900,827183.0,27.48,27.41,27.4,27.38,27.32,27.3,27.26,27.16,27.15,27.13,27.52,27.53,27.56,27.62,27.63,27.7,27.72,27.73,27.74,27.75,1000,500,5200,5200,6000,100,5900,1800,500,300,1500,2200,600,500,400,100,100,400,800,1000
117.0,27.48,29900,827183.0,27.48,27.41,27.4,27.38,27.32,27.3,27.26,27.16,27.15,27.13,27.52,27.53,27.56,27.62,27.63,27.7,27.72,27.73,27.74,27.75,1000,500,5200,5200,6000,100,5900,1800,500,300,1500,2200,600,500,400,100,100,400,800,1000
118.0,27.52,30000,829935.0,27.48,27.41,27.4,27.38,27.32,27.3,27.26,27.16,27.15,27.13,27.52,27.53,27.56,27.62,27.63,27.7,27.72,27.73,27.74,27.75,1000,500,5200,5200,6000,100,5900,1800,500,300,1400,2200,600,500,400,100,100,400,800,1000
119.0,27.52,30000,829935.0,27.48,27.41,27.4,27.38,27.32,27.3,27.26,27.16,27.15,27.13,27.52,27.53,27.56,27.62,27.63,27.7,27.72,27.73,27.74,27.75,1000,500,5200,5200,6000,100,5900,1800,500,300,1400,2200,600,500,400,100,100,400,800,1000
120.0,27.52,30000,829935.0,27.49,27.48,27.41,27.4,27.38,27.32,27.3,27.26,27.16,27.15,27.52,27.53,27.56,27.62,27.63,27.7,27.72,27.73,27.74,27.75,400,1000,500,5200,5200,6000,100,5900,1800,500,1400,2200,600,500,400,100,100,400,800,1000
121.0,27.52,31400,868463.0,27.52,27.49,27.48,27.41,27.4,27.38,27.32,27.3,27.26,27.16,27.53,27.56,27.62,27.63,27.7,27.72,27.73,27.74,27.75,27.76,300,500,900,500,5200,5200,6000,100,5900,1800,2200,600,500,400,100,100,400,800,1000,100
122.0,27.53,32600,901499.0,27.52,27.51,27.49,27.48,27.41,27.4,27.38,27.32,27.3,27.26,27.53,27.56,27.62,27.63,27.7,27.72,27.73,27.74,27.75,27.76,500,200,700,700,500,5200,5200,6000,100,5900,1000,600,200,400,100,100,400,800,1000,100
123.0,27.53,33000,912511.0,27.52,27.51,27.49,27.48,27.41,27.4,27.38,27.32,27.3,27.26,27.53,27.56,27.62,27.63,27.7,27.72,27.73,27.74,27.75,27.76,500,200,900,700,500,5200,5200,6000,100,5900,600,600,200,400,100,100,400,800,1000,100
124.0,27.53,33600,929029.0,27.53,27.52,27.49,27.48,27.41,27.4,27.38,27.32,27.3,27.26,27.55,27.56,27.62,27.7,27.72,27.73,27.74,27.75,27.76,27.78,500,500,900,700,500,5200,5200,6000,100,5900,700,600,200,100,100,400,800,1000,100,100
125.0,27.53,33600,929029.0,27.53,27.52,27.49,27.48,27.41,27.4,27.38,27.32,27.3,27.26,27.55,27.56,27.62,27.7,27.72,27.73,27.74,27.75,27.76,27.78,1100,500,1100,500,100,5200,5200,6000,100,5900,700,600,200,100,100,400,800,1000,100,100
126.0,27.52,34900,964816.0,27.52,27.49,27.48,27.41,27.4,27.38,27.32,27.3,27.26,27.16,27.53,27.54,27.55,27.56,27.62,27.7,27.72,27.73,27.74,27.75,300,2000,500,100,5200,5200,6000,100,5900,1800,100,100,700,600,200,100,100,400,800,1000
127.0,27.52,34900,964816.0,27.52,27.49,27.48,27.41,27.4,27.38,27.32,27.3,27.26,27.16,27.53,27.54,27.55,27.56,27.62,27.7,27.72,27.73,27.74,27.75,300,2000,500,100,5200,5200,6000,100,5900,1800,100,100,700,600,200,100,100,400,800,1000
128.0,27.54,35100,970323.0,27.52,27.49,27.48,27.41,27.4,27.38,27.32,27.3,27.26,27.16,27.54,27.55,27.56,27.62,27.7,27.72,27.73,27.74,27.75,27.76,300,2000,500,100,5200,5200,6000,100,5900,1800,100,800,200,200,100,100,400,800,1000,100
129.0,27.54,35100,970323.0,27.52,27.49,27.48,27.41,27.4,27.38,27.32,27.3,27.26,27.16,27.54,27.55,27.56,27.62,27.7,27.72,27.73,27.74,27.75,27.76,300,2000,500,100,5200,5200,6000,100,5900,1800,100,800,200,200,100,100,400,800,1000,100
130.0,27.54,35100,970323.0,27.52,27.49,27.48,27.41,27.4,27.38,27.32,27.3,27.26,27.16,27.54,27.55,27.56,27.62,27.7,27.72,27.73,27.74,27.75,27.76,300,2000,500,100,5200,6200,6000,100,5900,1800,100,800,200,200,100,100,400,800,1000,100
131.0,27.54,35100,970323.0,27.52,27.49,27.48,27.41,27.4,27.38,27.32,27.3,27.26,27.16,27.54,27.55,27.56,27.62,27.7,27.72,27.73,27.74,27.75,27.76,300,2000,500,100,5200,6200,6000,100,5900,1800,100,800,200,200,100,100,400,800,1000,100
132.0,27.54,35100,970323.0,27.52,27.49,27.48,27.41,27.4,27.38,27.32,27.3,27.26,27.16,27.54,27.55,27.56,27.62,27.7,27.72,27.73,27.74,27.75,27.76,300,2000,500,100,5200,6200,6000,100,5900,1800,100,800,200,200,100,100,400,800,1000,100
133.0,27.54,35100,970323.0,27.52,27.49,27.48,27.41,27.4,27.38,27.32,27.3,27.26,27.16,27.54,27.55,27.56,27.62,27.7,27.72,27.73,27.74,27.75,27.76,300,2000,500,100,5200,6200,6000,100,5900,1800,100,800,200,200,100,100,400,800,1000,100
134.0,27.54,35100,970323.0,27.52,27.49,27.48,27.41,27.4,27.38,27.32,27.3,27.26,27.16,27.54,27.55,27.56,27.62,27.7,27.72,27.73,27.74,27.75,27.76,300,2000,500,100,5200,6200,6000,100,5900,1800,100,800,200,200,100,100,400,800,1000,100
135.0,27.54,35100,970323.0,27.52,27.49,27.48,27.41,27.4,27.38,27.32,27.3,27.26,27.16,27.54,27.55,27.56,27.62,27.7,27.72,27.73,27.74,27.75,27.76,300,2000,500,100,5200,6200,6000,100,5900,1800,100,800,200,200,100,100,400,800,1000,100
136.0,27.54,35100,970323.0,27.52,27.49,27.48,27.41,27.4,27.38,27.32,27.3,27.26,27.16,27.54,27.55,27.56,27.62,27.7,27.72,27.73,27.74,27.75,27.76,300,2000,500,100,5200,6200,6000,100,5900,1800,100,800,200,200,100,100,400,800,1000,100
137.0,27.54,35100,970323.0,27.52,27.49,27.48,27.41,27.4,27.38,27.32,27.3,27.26,27.16,27.54,27.55,27.56,27.62,27.7,27.72,27.73,27.74,27.75,27.76,300,2000,500,100,5200,6200,6000,100,5900,1800,100,800,200,200,100,100,400,800,1000,100
138.0,27.54,35100,970323.0,27.52,27.49,27.48,27.41,27.4,27.38,27.32,27.3,27.26,27.16,27.54,27.55,27.56,27.62,27.7,27.72,27.73,27.74,27.75,27.76,300,2000,500,100,5200,6200,6000,100,5900,1800,100,800,200,200,100,100,400,800,1000,100
139.0,27.53,35300,975829.0,27.52,27.49,27.48,27.41,27.4,27.38,27.32,27.3,27.26,27.16,27.54,27.55,27.56,27.62,27.7,27.72,27.73,27.74,27.75,27.76,300,2000,500,100,5200,6200,8000,100,5900,1800,100,800,200,200,100,100,400,800,1000,100
140.0,27.53,35300,975829.0,27.52,27.49,27.48,27.41,27.4,27.38,27.32,27.3,27.26,27.16,27.54,27.55,27.56,27.62,27.7,27.72,27.73,27.74,27.75,27.76,300,2000,500,100,5200,6200,8000,100,5900,1800,100,800,200,200,100,100,400,800,1000,100
141.0,27.53,35300,975829.0,27.52,27.49,27.48,27.41,27.4,27.38,27.32,27.3,27.26,27.16,27.54,27.55,27.56,27.62,27.7,27.72,27.73,27.74,27.75,27.76,300,2000,500,100,5200,6200,8000,100,5900,1800,100,800,200,200,100,100,400,800,1000,100
142.0,27.53,35300,975829.0,27.52,27.49,27.48,27.41,27.4,27.38,27.32,27.3,27.26,27.16,27.53,27.54,27.55,27.56,27.62,27.7,27.72,27.73,27.74,27.75,300,2000,500,100,5200,6200,8000,100,5900,1800,200,100,800,200,200,100,100,400,800,1000
143.0,27.53,35300,975829.0,27.52,27.49,27.48,27.41,27.4,27.38,27.32,27.3,27.26,27.16,27.53,27.54,27.55,27.56,27.62,27.7,27.72,27.73,27.74,27.75,300,2000,500,100,5200,6200,8000,100,5900,1800,200,100,800,200,200,100,100,400,800,1000
144.0,27.53,35300,975829.0,27.52,27.49,27.48,27.41,27.4,27.38,27.32,27.3,27.26,27.16,27.53,27.54,27.55,27.56,27.62,27.7,27.72,27.73,27.74,27.75,300,2000,500,100,5200,6200,8000,100,5900,1800,200,100,800,200,200,100,100,400,800,1000
145.0,27.53,35300,975829.0,27.52,27.49,27.48,27.41,27.4,27.38,27.32,27.3,27.26,27.16,27.53,27.54,27.55,27.56,27.62,27.7,27.72,27.73,27.74,27.75,300,2000,500,400,5200,6200,8000,100,5900,1800,200,100,800,200,200,100,100,400,800,1000
146.0,27.53,35300,975829.0,27.52,27.49,27.48,27.41,27.4,27.38,27.32,27.3,27.26,27.16,27.53,27.54,27.55,27.56,27.62,27.7,27.72,27.73,27.74,27.75,300,2000,500,400,5200,6200,8000,100,5900,1800,200,100,800,200,200,100,100,400,800,1000
147.0,27.53,35300,975829.0,27.52,27.49,27.48,27.41,27.4,27.38,27.32,27.3,27.26,27.16,27.53,27.54,27.55,27.56,27.62,27.7,27.72,27.73,27.74,27.75,300,2000,500,400,5200,6300,8000,100,5900,1800,200,100,800,200,200,100,100,400,800,1000
148.0,27.49,35900,992332.0,27.49,27.48,27.41,27.4,27.38,27.32,27.3,27.26,27.16,27.15,27.53,27.54,27.55,27.56,27.62,27.7,27.72,27.73,27.74,27.75,1700,500,700,5200,6300,8000,100,5900,1800,500,1400,100,800,200,200,100,100,400,800,1000
149.0,27.49,35900,992332.0,27.49,27.48,27.41,27.4,27.38,27.32,27.3,27.26,27.16,27.15,27.53,27.54,27.55,27.56,27.62,27.7,27.72,27.73,27.74,27.75,1700,500,700,5200,6300,8000,100,5900,1800,500,1400,100,800,200,200,100,100,400,800,1000
150.0,27.53,36000,995085.0,27.49,27.48,27.41,27.4,27.38,27.32,27.3,27.26,27.16,27.15,27.53,27.54,27.55,27.56,27.62,27.7,27.72,27.73,27.74,27.75,1700,500,700,5200,6300,8000,100,5900,1800,500,1300,100,800,200,200,100,100,400,800,1000
151.0,27.49,37300,1030822.0,27.49,27.48,27.41,27.4,27.38,27.32,27.3,27.26,27.16,27.15,27.51,27.53,27.54,27.55,27.62,27.7,27.72,27.73,27.74,27.76,400,500,700,5200,6300,8000,100,5900,1800,500,100,1800,100,800,200,100,100,400,800,100
152.0,27.49,37600,1039069.0,27.49,27.48,27.41,27.4,27.38,27.32,27.3,27.26,27.16,27.15,27.51,27.53,27.54,27.55,27.62,27.7,27.72,27.73,27.74,27.76,100,500,700,5200,6300,8000,100,5900,1800,500,100,1800,100,800,200,100,100,400,800,100
153.0,27.49,37600,1039069.0,27.49,27.48,27.41,27.4,27.38,27.32,27.3,27.26,27.16,27.15,27.51,27.53,27.54,27.55,27.62,27.7,27.72,27.73,27.74,27.76,100,500,700,5200,6300,8000,100,5900,1800,500,100,1800,100,800,200,100,100,400,800,100
154.0,27.48,38100,1052810.0,27.48,27.41,27.4,27.38,27.32,27.3,27.26,27.16,27.15,27.13,27.51,27.53,27.54,27.55,27.62,27.7,27.72,27.73,27.74,27.76,100,700,5200,6300,8000,100,5900,1800,500,300,600,1300,100,800,200,100,100,400,800,100
155.0,27.48,38100,1052810.0,27.48,27.41,27.4,27.38,27.32,27.3,27.26,27.16,27.15,27.13,27.51,27.53,27.54,27.55,27.62,27.7,27.72,27.73,27.74,27.76,100,700,5200,6300,8000,100,5900,1800,500,300,600,1300,100,800,200,100,100,400,800,100
156.0,27.48,38100,1052810.0,27.48,27.41,27.4,27.38,27.32,27.3,27.26,27.16,27.15,27.13,27.51,27.53,27.54,27.55,27.62,27.7,27.72,27.73,27.74,27.76,100,700,5200,6300,8000,100,5900,1800,500,300,600,1200,100,800,200,100,100,400,800,100
157.0,27.48,38100,1052810.0,27.48,27.42,27.41,27.4,27.38,27.32,27.3,27.26,27.16,27.15,27.51,27.53,27.54,27.55,27.62,27.7,27.72,27.73,27.74,27.76,100,400,700,5200,6300,8000,100,5900,1800,500,600,1200,100,800,200,100,100,400,800,100
158.0,27.51,40000,1105079.0,27.48,27.42,27.41,27.4,27.38,27.32,27.3,27.26,27.16,27.15,27.53,27.54,27.55,27.62,27.7,27.72,27.73,27.74,27.76,27.78,100,400,1000,5200,6300,8000,100,5900,1800,500,1200,100,800,200,100,100,400,800,100,100
159.0,27.51,40000,1105079.0,27.48,27.42,27.41,27.4,27.38,27.32,27.3,27.26,27.16,27.15,27.53,27.54,27.55,27.62,27.7,27.72,27.73,27.74,27.76,27.78,100,400,1000,5200,6300,8000,100,5900,1800,500,1200,100,800,200,100,100,400,800,100,100
160.0,27.53,40100,1107832.0,27.48,27.42,27.41,27.4,27.38,27.32,27.3,27.26,27.16,27.15,27.53,27.54,27.55,27.62,27.7,27.72,27.73,27.74,27.76,27.78,100,400,1000,5200,6300,8000,100,5900,1800,500,1100,100,800,200,100,100,400,800,100,100
161.0,27.53,40100,1107832.0,27.48,27.42,27.41,27.4,27.38,27.32,27.3,27.26,27.16,27.15,27.53,27.54,27.55,27.62,27.7,27.72,27.73,27.74,27.76,27.78,100,600,700,5200,6300,8000,100,5900,1800,500,1100,100,800,200,100,100,400,800,100,100
162.0,27.53,40100,1107832.0,27.48,27.42,27.41,27.4,27.38,27.32,27.3,27.26,27.16,27.15,27.53,27.54,27.55,27.62,27.7,27.72,27.73,27.74,27.76,27.78,100,600,700,5200,6300,8000,100,5900,1800,500,1100,100,800,200,100,100,400,800,100,100
163.0,27.53,40200,1110585.0,27.48,27.42,27.41,27.4,27.38,27.32,27.3,27.26,27.16,27.15,27.53,27.54,27.55,27.62,27.7,27.72,27.73,27.74,27.76,27.78,100,600,700,5200,6300,8000,100,5900,1800,500,1000,100,800,200,100,100,400,800,100,100
164.0,27.48,40300,1113333.0,27.42,27.41,27.4,27.38,27.32,27.3,27.26,27.16,27.15,27.13,27.53,27.54,27.55,27.62,27.7,27.72,27.73,27.74,27.76,27.78,600,700,5200,6300,8000,100,5900,1800,500,300,1000,100,800,200,100,100,400,800,100,100
165.0,27.48,40300,1113333.0,27.42,27.41,27.4,27.38,27.32,27.3,27.26,27.16,27.15,27.13,27.5,27.51,27.54,27.55,27.62,27.7,27.72,27.73,27.74,27.76,600,700,5200,6300,8000,100,5900,1800,500,300,500,200,100,800,200,100,100,400,800,100
166.0,27.48,40300,1113333.0,27.42,27.41,27.4,27.38,27.32,27.3,27.26,27.16,27.15,27.13,27.5,27.51,27.54,27.55,27.62,27.7,27.72,27.73,27.74,27.76,600,700,5200,6300,8000,100,5900,1800,500,300,500,200,100,800,200,100,100,400,800,100
167.0,27.48,40300,1113333.0,27.42,27.41,27.4,27.38,27.32,27.3,27.26,27.16,27.15,27.13,27.5,27.51,27.54,27.55,27.62,27.7,27.72,27.73,27.74,27.76,600,700,5200,6300,8000,100,5900,1800,500,300,500,200,100,800,200,100,100,400,800,100
168.0,27.5,40400,1116083.0,27.43,27.42,27.41,27.4,27.38,27.32,27.3,27.26,27.16,27.15,27.5,27.51,27.54,27.55,27.62,27.7,27.72,27.73,27.74,27.76,300,600,700,5200,6300,8000,100,5900,1800,500,400,200,100,800,200,100,100,400,800,100
169.0,27.5,40400,1116083.0,27.43,27.42,27.41,27.4,27.38,27.32,27.3,27.26,27.16,27.15,27.5,27.51,27.54,27.55,27.62,27.7,27.72,27.73,27.74,27.76,300,600,700,5200,6300,8000,100,5900,1800,500,400,200,100,800,200,100,100,400,800,100
170.0,27.5,40400,1116083.0,27.43,27.42,27.41,27.4,27.38,27.32,27.3,27.26,27.16,27.15,27.5,27.51,27.54,27.55,27.62,27.7,27.72,27.73,27.74,27.76,300,600,700,5200,6300,8000,100,5900,1800,500,400,200,100,800,200,100,100,400,800,100
171.0,27.5,40400,1116083.0,27.43,27.42,27.41,27.4,27.38,27.32,27.3,27.26,27.16,27.15,27.5,27.51,27.54,27.55,27.62,27.7,27.72,27.73,27.74,27.76,300,600,700,5200,6300,8000,100,5900,1800,500,400,200,100,800,200,100,100,400,800,100
172.0,27.5,40400,1116083.0,27.43,27.42,27.41,27.4,27.38,27.32,27.3,27.26,27.16,27.15,27.5,27.54,27.55,27.62,27.7,27.72,27.73,27.74,27.76,27.78,300,300,700,5200,6300,8000,100,5900,1800,500,400,100,800,200,100,100,400,800,100,100
173.0,27.5,40400,1116083.0,27.43,27.42,27.41,27.4,27.38,27.32,27.3,27.26,27.16,27.15,27.5,27.54,27.55,27.62,27.7,27.72,27.73,27.74,27.76,27.78,300,300,700,5200,6300,8000,100,5900,1800,500,400,100,800,200,100,100,400,800,100,100
174.0,27.5,40400,1116083.0,27.43,27.42,27.41,27.4,27.38,27.32,27.3,27.26,27.16,27.15,27.5,27.54,27.55,27.62,27.7,27.72,27.73,27.74,27.76,27.78,300,300,700,5200,6300,8000,100,5900,1800,500,400,100,800,200,100,100,400,800,100,100
175.0,27.5,40400,1116083.0,27.43,27.42,27.41,27.4,27.38,27.32,27.3,27.26,27.16,27.15,27.5,27.54,27.55,27.62,27.7,27.72,27.73,27.74,27.76,27.78,300,300,700,5200,6300,8000,100,5900,1800,500,400,100,800,200,100,100,400,800,100,100
176.0,27.5,40400,1116083.0,27.43,27.42,27.41,27.4,27.38,27.32,27.3,27.26,27.16,27.15,27.5,27.54,27.55,27.62,27.7,27.72,27.73,27.74,27.76,27.78,300,300,700,5000,6300,8000,100,5900,1800,500,400,100,800,200,100,100,400,800,100,100
177.0,27.5,40400,1116083.0,27.43,27.42,27.41,27.4,27.38,27.32,27.3,27.26,27.16,27.15,27.5,27.54,27.55,27.62,27.7,27.72,27.73,27.74,27.76,27.78,300,300,700,5000,6300,8000,100,5900,1800,500,400,100,800,200,100,100,400,800,100,100
178.0,27.5,40400,1116083.0,27.43,27.42,27.41,27.4,27.38,27.32,27.3,27.26,27.16,27.15,27.5,27.54,27.55,27.62,27.7,27.72,27.73,27.74,27.76,27.78,300,300,700,5000,6300,8000,100,5900,1800,500,400,100,800,200,100,100,400,800,100,100
179.0,27.5,40400,1116083.0,27.43,27.42,27.41,27.4,27.38,27.32,27.3,27.26,27.16,27.15,27.5,27.54,27.55,27.62,27.7,27.72,27.73,27.74,27.76,27.78,300,300,700,5000,6300,8000,100,5900,1800,500,400,100,800,200,100,100,400,800,100,100
180.0,27.43,40600,1121569.0,27.43,27.42,27.41,27.4,27.38,27.32,27.3,27.26,27.16,27.15,27.5,27.54,27.55,27.62,27.7,27.72,27.73,27.74,27.76,27.78,100,300,700,5100,6300,8000,100,5900,1800,500,400,100,800,200,100,100,400,800,100,100
181.0,27.43,40600,1121569.0,27.43,27.42,27.41,27.4,27.38,27.32,27.3,27.26,27.16,27.15,27.5,27.54,27.55,27.62,27.7,27.72,27.73,27.74,27.76,27.78,100,300,700,5100,6300,8000,100,5900,1800,500,400,100,800,200,100,100,400,800,100,100
182.0,27.43,40600,1121569.0,27.43,27.42,27.41,27.4,27.38,27.32,27.3,27.26,27.16,27.15,27.5,27.54,27.55,27.62,27.7,27.72,27.73,27.74,27.76,27.78,100,300,700,5100,6300,8000,100,5900,1800,500,400,100,800,200,100,100,400,800,100,100
183.0,27.43,40600,1121569.0,27.43,27.42,27.41,27.4,27.38,27.32,27.3,27.26,27.16,27.15,27.5,27.54,27.55,27.62,27.7,27.72,27.73,27.74,27.76,27.78,100,300,700,5100,6300,8000,100,5900,1800,500,400,100,800,200,100,100,400,800,100,100
184.0,27.43,40600,1121569.0,27.43,27.42,27.41,27.4,27.38,27.32,27.3,27.26,27.16,27.15,27.5,27.54,27.55,27.62,27.7,27.72,27.73,27.74,27.76,27.78,100,300,700,5100,6300,8000,100,5900,1800,500,400,100,800,200,100,100,400,800,100,100
185.0,27.43,40600,1121569.0,27.43,27.42,27.41,27.4,27.38,27.32,27.3,27.26,27.16,27.15,27.5,27.54,27.55,27.62,27.7,27.72,27.73,27.74,27.76,27.78,100,300,700,5100,6300,8000,100,5900,1800,500,400,100,800,200,100,100,400,800,100,100
186.0,27.43,40600,1121569.0,27.43,27.42,27.41,27.4,27.38,27.32,27.31,27.3,27.26,27.16,27.5,27.54,27.55,27.7,27.72,27.73,27.74,27.76,27.78,27.8,100,300,700,5100,6300,8000,200,100,5900,1800,400,100,800,100,100,400,800,100,100,100
187.0,27.43,40600,1121569.0,27.43,27.42,27.41,27.4,27.38,27.32,27.31,27.3,27.26,27.16,27.5,27.54,27.55,27.7,27.72,27.73,27.74,27.76,27.78,27.8,100,300,700,5100,6300,8000,200,100,5900,1800,400,100,800,100,100,400,800,100,100,100
188.0,27.42,41000,1132539.0,27.42,27.41,27.4,27.38,27.32,27.31,27.3,27.26,27.16,27.15,27.48,27.49,27.5,27.54,27.55,27.7,27.72,27.73,27.74,27.76,100,700,5100,6300,8000,200,100,5900,1800,500,700,100,400,100,800,100,100,400,800,100
189.0,27.42,41000,1132539.0,27.42,27.41,27.4,27.38,27.32,27.31,27.3,27.26,27.16,27.15,27.48,27.49,27.5,27.54,27.55,27.7,27.72,27.73,27.74,27.76,100,700,5100,6300,8000,200,100,5900,1800,500,700,100,400,100,800,100,100,400,800,100
190.0,27.42,41000,1132539.0,27.42,27.41,27.4,27.38,27.32,27.31,27.3,27.26,27.16,27.15,27.48,27.49,27.5,27.54,27.55,27.7,27.72,27.73,27.74,27.76,100,700,5100,6300,8000,200,100,5900,1800,500,700,100,400,100,800,100,100,400,800,100
191.0,27.48,41100,1135287.0,27.42,27.41,27.4,27.38,27.32,27.31,27.3,27.26,27.16,27.15,27.47,27.48,27.54,27.55,27.7,27.72,27.73,27.74,27.76,27.78,100,800,5100,6300,8000,200,100,5900,1800,500,600,600,100,800,100,100,400,800,100,100
192.0,27.48,41100,1135287.0,27.42,27.41,27.4,27.38,27.32,27.31,27.3,27.26,27.16,27.15,27.47,27.48,27.54,27.55,27.7,27.72,27.73,27.74,27.76,27.78,100,800,5100,6300,8000,200,100,5900,1800,500,600,600,100,800,100,100,400,800,100,100
193.0,27.48,41100,1135287.0,27.42,27.41,27.4,27.38,27.32,27.31,27.3,27.26,27.16,27.15,27.47,27.48,27.54,27.55,27.7,27.72,27.73,27.74,27.76,27.78,100,800,5100,6300,8000,200,100,5900,1800,500,600,600,100,800,100,100,400,800,100,100
194.0,27.48,41100,1135287.0,27.42,27.41,27.4,27.38,27.32,27.31,27.3,27.26,27.16,27.15,27.47,27.48,27.54,27.55,27.7,27.72,27.73,27.74,27.76,27.78,100,800,5100,6300,8000,200,100,5900,1800,500,600,600,100,800,100,100,400,800,100,100
195.0,27.42,41400,1143517.0,27.41,27.4,27.38,27.32,27.31,27.3,27.26,27.16,27.15,27.13,27.47,27.48,27.54,27.55,27.7,27.72,27.73,27.74,27.76,27.78,800,5100,6300,8000,200,100,5900,1800,500,300,600,600,100,800,100,100,400,800,100,100
196.0,27.42,41400,1143517.0,27.41,27.4,27.38,27.32,27.31,27.3,27.26,27.16,27.15,27.13,27.47,27.48,27.54,27.55,27.7,27.72,27.73,27.74,27.76,27.78,800,5100,6300,2000,200,100,5900,1800,500,300,600,600,100,800,100,100,400,800,100,100
197.0,27.42,41400,1143517.0,27.42,27.41,27.4,27.38,27.32,27.31,27.3,27.26,27.16,27.15,27.47,27.48,27.54,27.55,27.7,27.72,27.73,27.74,27.76,27.78,200,800,5100,6300,2000,200,100,5900,1800,500,600,600,100,800,100,100,400,800,100,100
198.0,27.42,41400,1143517.0,27.42,27.41,27.4,27.38,27.32,27.31,27.3,27.26,27.16,27.15,27.47,27.48,27.54,27.55,27.7,27.72,27.73,27.74,27.76,27.78,200,800,5100,6300,2000,200,100,5900,1800,500,600,600,100,800,100,100,400,800,100,100
199.0,27.42,41400,1143517.0,27.42,27.41,27.4,27.38,27.32,27.31,27.3,27.26,27.16,27.15,27.47,27.48,27.54,27.55,27.7,27.72,27.73,27.74,27.76,27.78,200,800,5100,6300,2000,200,100,5900,1800,500,600,600,100,800,100,100,400,800,100,100
200.0,27.42,41400,1143517.0,27.42,27.41,27.4,27.38,27.32,27.31,27.3,27.26,27.16,27.15,27.47,27.48,27.54,27.55,27.7,27.72,27.73,27.74,27.76,27.78,200,800,5100,6300,2000,200,100,5900,1800,500,600,600,100,800,100,100,400,800,100,100
201.0,27.42,41500,1146259.0,27.42,27.41,27.4,27.38,27.32,27.31,27.3,27.26,27.16,27.15,27.47,27.48,27.54,27.55,27.7,27.72,27.73,27.74,27.76,27.78,100,800,5100,6300,2000,200,100,5900,1800,500,600,600,100,800,100,100,400,800,100,100
202.0,27.42,41500,1146259.0,27.42,27.41,27.4,27.38,27.32,27.31,27.3,27.26,27.16,27.15,27.47,27.48,27.54,27.55,27.7,27.72,27.73,27.74,27.76,27.78,100,800,5100,6300,2000,200,100,5900,1800,500,600,600,100,800,100,100,400,800,100,100
203.0,27.47,41600,1149006.0,27.42,27.41,27.4,27.38,27.32,27.31,27.3,27.26,27.16,27.15,27.46,27.47,27.48,27.54,27.55,27.7,27.72,27.73,27.74,27.76,200,700,5100,6300,2000,200,100,5900,1800,500,100,500,600,100,800,100,100,400,800,100
204.0,27.42,41800,1154490.0,27.41,27.4,27.38,27.32,27.31,27.3,27.26,27.16,27.15,27.13,27.45,27.46,27.47,27.54,27.55,27.7,27.72,27.73,27.74,27.76,700,5100,6300,2000,200,100,5900,1800,500,300,600,100,500,100,800,100,100,400,800,100
205.0,27.42,41800,1154490.0,27.41,27.4,27.38,27.32,27.31,27.3,27.26,27.16,27.15,27.13,27.44,27.45,27.46,27.47,27.54,27.55,27.7,27.72,27.73,27.74,700,5100,6300,2000,200,100,5900,1800,500,300,200,600,100,500,100,700,100,100,400,800
206.0,27.42,41800,1154490.0,27.43,27.41,27.4,27.38,27.32,27.31,27.3,27.26,27.16,27.15,27.44,27.45,27.46,27.47,27.54,27.55,27.7,27.72,27.73,27.74,500,700,5100,6300,2000,200,100,5900,1800,500,200,600,100,500,100,700,100,100,400,800
207.0,27.42,41800,1154490.0,27.43,27.41,27.4,27.38,27.32,27.31,27.3,27.26,27.16,27.15,27.44,27.45,27.46,27.47,27.54,27.55,27.7,27.72,27.73,27.74,500,700,5100,6300,2000,200,100,5900,1800,500,200,600,100,500,100,700,100,100,400,800
208.0,27.42,41800,1154490.0,27.43,27.41,27.4,27.38,27.32,27.31,27.3,27.26,27.16,27.15,27.44,27.45,27.46,27.47,27.54,27.55,27.7,27.72,27.73,27.74,500,700,5100,6300,2000,200,100,5900,1800,500,200,600,100,500,100,700,100,100,400,800
209.0,27.42,41800,1154490.0,27.43,27.41,27.4,27.38,27.32,27.31,27.3,27.26,27.16,27.15,27.44,27.45,27.46,27.47,27.54,27.55,27.7,27.72,27.73,27.74,500,700,5100,6300,2000,200,100,5900,1800,500,200,600,100,500,100,700,100,100,400,800
210.0,27.42,41800,1154490.0,27.43,27.41,27.4,27.39,27.38,27.32,27.31,27.3,27.26,27.16,27.44,27.45,27.46,27.47,27.54,27.55,27.7,27.72,27.73,27.74,500,700,5100,100,6300,2000,400,100,5900,1800,200,600,100,500,100,700,100,100,400,800
211.0,27.42,41800,1154490.0,27.43,27.41,27.4,27.39,27.38,27.32,27.31,27.3,27.26,27.16,27.44,27.45,27.46,27.47,27.54,27.55,27.6,27.7,27.72,27.73,500,700,5100,100,6300,2000,400,100,5900,1800,200,600,100,500,100,700,500,100,100,400
212.0,27.43,42300,1168205.0,27.41,27.4,27.39,27.38,27.32,27.31,27.3,27.26,27.16,27.15,27.43,27.44,27.45,27.46,27.54,27.55,27.6,27.7,27.72,27.73,700,5100,100,6300,2000,400,100,5900,1800,500,200,200,600,100,100,700,500,100,100,400
213.0,27.43,42300,1168205.0,27.41,27.4,27.39,27.38,27.32,27.31,27.3,27.26,27.16,27.15,27.43,27.44,27.45,27.46,27.54,27.55,27.6,27.7,27.72,27.73,700,5100,100,6300,2000,400,100,5900,1800,500,200,200,600,100,100,700,500,100,100,400
214.0,27.43,42600,1176434.0,27.42,27.41,27.4,27.39,27.38,27.32,27.31,27.3,27.26,27.16,27.43,27.44,27.45,27.46,27.54,27.55,27.6,27.7,27.72,27.73,100,700,5100,100,6300,2000,400,100,5900,1800,1100,100,600,100,100,700,500,100,100,400
215.0,27.43,42900,1184663.0,27.42,27.41,27.4,27.39,27.38,27.32,27.31,27.3,27.26,27.16,27.43,27.44,27.45,27.46,27.54,27.55,27.6,27.7,27.72,27.73,100,700,5100,100,6300,2000,400,100,5900,1800,800,100,600,100,100,700,500,100,100,400
216.0,27.43,42900,1184663.0,27.42,27.41,27.4,27.39,27.38,27.32,27.31,27.3,27.26,27.16,27.43,27.44,27.45,27.46,27.54,27.55,27.6,27.7,27.72,27.73,100,700,5100,100,6300,2000,400,100,5900,1800,800,100,600,100,100,700,500,100,100,400
217.0,27.43,42900,1184663.0,27.42,27.41,27.4,27.39,27.38,27.32,27.31,27.3,27.26,27.16,27.43,27.44,27.45,27.46,27.54,27.55,27.6,27.7,27.72,27.73,100,700,5100,100,6300,2000,400,100,5900,1800,800,100,600,100,100,700,500,100,100,400
218.0,27.43,42900,1184663.0,27.41,27.4,27.39,27.38,27.32,27.31,27.3,27.26,27.16,27.15,27.43,27.44,27.45,27.46,27.54,27.55,27.6,27.7,27.72,27.73,700,5100,100,6300,2000,400,100,5900,1800,500,800,100,600,100,100,700,500,100,100,400
219.0,27.42,43000,1187405.0,27.41,27.4,27.39,27.38,27.32,27.31,27.3,27.26,27.16,27.15,27.43,27.44,27.45,27.46,27.54,27.55,27.6,27.7,27.72,27.73,700,5100,100,6300,2000,400,100,5900,1800,500,800,100,600,100,100,700,500,100,100,400
220.0,27.43,43100,1190148.0,27.41,27.4,27.39,27.38,27.32,27.31,27.3,27.26,27.16,27.15,27.43,27.44,27.45,27.46,27.54,27.55,27.6,27.7,27.72,27.73,700,5100,100,6300,2000,400,100,5900,1800,500,700,100,600,100,100,700,500,100,100,400
221.0,27.43,43100,1190148.0,27.41,27.4,27.39,27.38,27.32,27.31,27.3,27.26,27.16,27.15,27.43,27.44,27.45,27.46,27.54,27.55,27.6,27.7,27.72,27.73,700,5100,100,6300,2000,400,100,5900,1800,500,700,100,600,100,100,700,500,100,100,400
222.0,27.43,43100,1190148.0,27.41,27.4,27.39,27.38,27.32,27.31,27.3,27.26,27.16,27.15,27.43,27.44,27.45,27.46,27.54,27.55,27.6,27.7,27.72,27.73,700,5100,100,6300,2000,400,100,5900,1800,500,700,100,600,100,100,700,500,100,100,400
223.0,27.43,43100,1190148.0,27.41,27.4,27.39,27.38,27.32,27.31,27.3,27.26,27.16,27.15,27.43,27.44,27.45,27.46,27.54,27.55,27.6,27.7,27.72,27.73,700,5100,100,6300,2000,400,100,5900,1800,500,700,100,600,100,100,700,500,100,100,400
224.0,27.43,43800,1209349.0,27.43,27.41,27.4,27.39,27.38,27.32,27.31,27.3,27.26,27.16,27.44,27.45,27.46,27.54,27.55,27.6,27.7,27.72,27.73,27.74,300,700,5100,100,6300,2000,400,100,5900,1800,100,600,100,100,700,500,100,100,400,800
225.0,27.43,43800,1209349.0,27.43,27.41,27.4,27.39,27.38,27.32,27.31,27.3,27.26,27.16,27.44,27.45,27.46,27.54,27.55,27.6,27.7,27.72,27.73,27.74,300,700,5100,100,6300,2000,400,100,5900,1800,100,600,100,100,700,500,100,100,400,800
226.0,27.43,43800,1209349.0,27.43,27.41,27.4,27.39,27.38,27.32,27.31,27.3,27.26,27.16,27.44,27.45,27.46,27.54,27.55,27.6,27.7,27.72,27.73,27.74,300,700,5100,100,6300,2000,400,100,5900,1800,100,600,100,100,700,500,100,100,400,800
227.0,27.43,43800,1209349.0,27.43,27.41,27.4,27.39,27.38,27.32,27.31,27.3,27.26,27.16,27.44,27.45,27.46,27.54,27.55,27.6,27.7,27.72,27.73,27.74,300,700,5100,100,6300,2000,400,100,5900,1800,100,600,100,100,700,500,100,100,400,800
228.0,27.43,43800,1209349.0,27.43,27.41,27.4,27.39,27.38,27.32,27.31,27.3,27.26,27.16,27.44,27.45,27.46,27.54,27.55,27.6,27.7,27.72,27.73,27.74,300,700,5100,100,6300,2000,400,100,5900,1800,100,600,100,100,700,500,100,100,400,800
229.0,27.43,43800,1209349.0,27.43,27.41,27.4,27.39,27.38,27.32,27.31,27.3,27.26,27.16,27.44,27.45,27.46,27.54,27.55,27.6,27.7,27.72,27.73,27.74,300,700,5100,100,6300,2000,400,100,5900,1800,100,600,100,100,700,500,100,100,400,800
230.0,27.43,43800,1209349.0,27.43,27.41,27.4,27.39,27.38,27.32,27.31,27.3,27.28,27.26,27.44,27.45,27.46,27.54,27.55,27.6,27.7,27.72,27.73,27.74,300,700,5100,100,6300,2000,400,100,1000,5900,100,600,100,100,700,500,100,100,400,800
231.0,27.43,43800,1209349.0,27.43,27.41,27.4,27.39,27.38,27.32,27.31,27.3,27.28,27.26,27.44,27.45,27.46,27.54,27.55,27.6,27.7,27.72,27.73,27.74,300,700,5100,100,6300,2000,400,100,1000,5900,100,600,100,100,700,500,100,100,400,800
232.0,27.43,43800,1209349.0,27.43,27.41,27.4,27.39,27.38,27.32,27.31,27.3,27.28,27.26,27.44,27.45,27.46,27.54,27.55,27.6,27.7,27.72,27.73,27.74,300,700,5100,100,6300,2000,400,100,1000,5900,100,600,100,100,700,500,100,100,400,800
233.0,27.43,43800,1209349.0,27.43,27.41,27.4,27.39,27.38,27.32,27.31,27.3,27.28,27.26,27.44,27.45,27.46,27.54,27.55,27.6,27.7,27.72,27.73,27.74,300,700,5100,100,6300,2000,400,100,1000,5900,100,600,100,100,700,500,100,100,400,800
234.0,27.43,43800,1209349.0,27.43,27.41,27.4,27.39,27.38,27.32,27.31,27.3,27.28,27.26,27.44,27.45,27.46,27.54,27.55,27.6,27.7,27.72,27.73,27.74,300,700,100,100,6300,2000,400,100,1000,5900,100,600,100,100,700,500,100,100,400,800
235.0,27.43,43800,1209349.0,27.43,27.41,27.4,27.39,27.38,27.32,27.31,27.3,27.28,27.26,27.44,27.45,27.46,27.54,27.55,27.6,27.7,27.72,27.73,27.74,300,700,100,100,6300,2000,400,100,1000,5900,100,600,100,100,700,500,100,100,400,800
236.0,27.43,43800,1209349.0,27.43,27.41,27.4,27.39,27.38,27.32,27.31,27.3,27.28,27.26,27.44,27.45,27.46,27.54,27.55,27.6,27.7,27.72,27.73,27.74,300,700,100,100,6300,2000,400,100,1000,5900,100,600,100,100,700,500,100,100,400,800
237.0,27.43,43800,1209349.0,27.43,27.41,27.4,27.39,27.38,27.32,27.31,27.3,27.28,27.26,27.44,27.45,27.46,27.54,27.55,27.6,27.7,27.72,27.73,27.74,300,700,100,100,6300,2000,400,100,1000,5900,100,600,100,100,700,500,100,100,400,800
238.0,27.43,43800,1209349.0,27.43,27.41,27.4,27.39,27.38,27.32,27.31,27.3,27.28,27.26,27.44,27.45,27.46,27.54,27.55,27.6,27.7,27.72,27.73,27.74,300,700,100,100,6300,2000,400,100,1000,5900,100,600,100,100,700,500,100,100,400,800
239.0,27.43,43800,1209349.0,27.43,27.41,27.4,27.39,27.38,27.32,27.31,27.3,27.28,27.26,27.44,27.45,27.46,27.54,27.55,27.6,27.7,27.72,27.73,27.74,300,700,100,100,6300,2000,400,100,1000,5900,100,600,100,100,700,500,100,100,400,800
240.0,27.41,44800,1236765.0,27.4,27.39,27.38,27.32,27.31,27.3,27.28,27.26,27.16,27.15,27.44,27.45,27.46,27.54,27.55,27.6,27.7,27.72,27.73,27.74,100,100,6300,2000,400,100,1000,5900,1800,500,100,600,100,100,700,500,100,100,400,800
241.0,27.41,44800,1236765.0,27.4,27.39,27.38,27.32,27.31,27.3,27.28,27.26,27.16,27.15,27.44,27.45,27.46,27.54,27.55,27.6,27.7,27.72,27.73,27.74,100,100,6300,2000,400,100,1000,5900,1800,500,100,600,100,100,700,500,100,100,400,800
242.0,27.41,44800,1236765.0,27.4,27.39,27.38,27.32,27.31,27.3,27.28,27.26,27.16,27.15,27.44,27.45,27.46,27.54,27.55,27.6,27.7,27.72,27.73,27.74,100,100,6300,2000,400,100,1000,5900,1800,500,100,600,100,100,700,500,100,100,400,800
243.0,27.41,44800,1236765.0,27.4,27.39,27.38,27.32,27.31,27.3,27.28,27.26,27.16,27.15,27.44,27.45,27.46,27.54,27.55,27.6,27.7,27.72,27.73,27.74,100,100,6300,2000,400,100,1000,5900,1800,500,100,600,100,100,700,500,100,100,400,800
244.0,27.41,44800,1236765.0,27.4,27.39,27.38,27.32,27.31,27.3,27.28,27.26,27.16,27.15,27.44,27.45,27.46,27.54,27.55,27.6,27.7,27.72,27.73,27.74,100,100,6300,2000,400,100,1000,5900,1800,500,100,600,100,100,700,500,100,100,400,800
245.0,27.41,44800,1236765.0,27.4,27.39,27.38,27.32,27.31,27.3,27.28,27.26,27.16,27.15,27.44,27.45,27.46,27.54,27.55,27.6,27.7,27.72,27.73,27.74,100,100,6300,2000,400,100,1000,5900,1800,500,100,600,100,100,700,500,100,100,400,800
246.0,27.41,44800,1236765.0,27.4,27.39,27.38,27.32,27.31,27.3,27.28,27.26,27.16,27.15,27.44,27.45,27.46,27.54,27.55,27.6,27.7,27.72,27.73,27.74,100,100,6300,2000,400,100,1000,5900,1800,500,100,600,100,100,700,500,100,100,400,800
247.0,27.41,44800,1236765.0,27.4,27.39,27.38,27.32,27.31,27.3,27.28,27.26,27.16,27.15,27.44,27.45,27.46,27.54,27.55,27.6,27.7,27.72,27.73,27.74,100,100,6300,2000,400,100,1000,5900,1800,500,100,600,100,100,700,500,100,100,400,800
248.0,27.41,44800,1236765.0,27.4,27.39,27.38,27.32,27.31,27.3,27.28,27.26,27.16,27.15,27.44,27.45,27.46,27.54,27.55,27.6,27.7,27.72,27.73,27.74,100,100,6300,2000,400,100,1000,5900,1800,500,100,600,100,100,700,500,100,100,400,800
249.0,27.41,44800,1236765.0,27.4,27.39,27.38,27.32,27.31,27.3,27.28,27.26,27.16,27.15,27.44,27.45,27.46,27.54,27.55,27.6,27.7,27.72,27.73,27.74,100,100,6300,2000,400,100,1000,5900,1800,500,100,600,100,100,700,500,100,100,400,800
250.0,27.39,47100,1299771.0,27.39,27.38,27.32,27.31,27.3,27.28,27.26,27.16,27.15,27.13,27.44,27.45,27.46,27.54,27.55,27.6,27.7,27.72,27.73,27.74,300,6300,2000,400,5100,1000,5900,1800,500,300,100,600,100,100,700,500,100,100,400,800
251.0,27.39,47100,1299771.0,27.39,27.38,27.32,27.31,27.3,27.28,27.26,27.16,27.15,27.13,27.44,27.45,27.46,27.54,27.55,27.6,27.7,27.72,27.73,27.74,300,6300,2000,400,5100,1000,5900,1800,500,300,100,600,100,100,700,500,100,100,400,800
252.0,27.39,47400,1307988.0,27.38,27.32,27.31,27.3,27.28,27.26,27.16,27.15,27.13,27.11,27.44,27.45,27.46,27.54,27.55,27.6,27.7,27.72,27.73,27.74,6300,2000,400,5100,1000,5900,1800,500,300,2200,100,600,100,100,700,500,100,100,400,800
253.0,27.39,47400,1307988.0,27.38,27.32,27.31,27.3,27.28,27.26,27.16,27.15,27.13,27.11,27.44,27.45,27.46,27.54,27.55,27.6,27.7,27.72,27.73,27.74,6300,2000,400,5100,1000,5900,1800,500,300,2200,100,600,100,100,700,500,100,100,400,800
254.0,27.44,47600,1313476.0,27.42,27.39,27.38,27.32,27.31,27.3,27.28,27.26,27.16,27.15,27.45,27.46,27.54,27.55,27.6,27.7,27.72,27.73,27.74,27.76,300,5500,6300,2000,400,5100,1000,5900,1800,500,600,100,100,700,500,100,100,400,800,100
255.0,27.44,47600,1313476.0,27.42,27.39,27.38,27.32,27.31,27.3,27.28,27.26,27.16,27.15,27.45,27.46,27.54,27.55,27.6,27.7,27.72,27.73,27.74,27.76,300,5500,6300,2000,400,5100,1000,5900,1800,500,600,100,100,700,500,100,100,400,800,100
256.0,27.44,47600,1313476.0,27.42,27.39,27.38,27.32,27.31,27.3,27.28,27.26,27.16,27.15,27.45,27.46,27.54,27.55,27.6,27.7,27.72,27.73,27.74,27.76,300,5500,6300,2000,400,5100,1000,5900,1800,500,600,100,100,700,500,100,100,400,800,100
257.0,27.42,48100,1327192.0,27.39,27.38,27.32,27.31,27.3,27.28,27.26,27.16,27.15,27.13,27.45,27.46,27.54,27.55,27.6,27.7,27.72,27.73,27.74,27.76,900,6300,2000,400,5100,1000,5900,1800,500,300,400,100,100,700,500,100,100,400,800,100
258.0,27.42,48100,1327192.0,27.39,27.38,27.32,27.31,27.3,27.28,27.26,27.16,27.15,27.13,27.45,27.46,27.54,27.55,27.6,27.7,27.72,27.73,27.74,27.76,900,6300,2000,400,5100,1000,5900,1800,500,300,400,100,100,700,500,100,100,400,800,100
259.0,27.42,48100,1327192.0,27.39,27.38,27.32,27.31,27.3,27.28,27.26,27.16,27.15,27.13,27.45,27.46,27.54,27.55,27.6,27.7,27.72,27.73,27.74,27.76,900,6300,2000,400,5100,1000,5900,1800,500,300,400,100,100,700,500,100,100,400,800,100
260.0,27.44,48500,1338166.0,27.39,27.38,27.32,27.31,27.3,27.28,27.26,27.16,27.15,27.13,27.42,27.43,27.44,27.45,27.54,27.55,27.6,27.7,27.72,27.73,900,6300,2000,400,5100,1000,5900,1800,500,300,600,100,700,400,100,700,500,100,100,400
261.0,27.42,48600,1340908.0,27.39,27.38,27.32,27.31,27.3,27.28,27.26,27.16,27.15,27.13,27.42,27.43,27.44,27.45,27.54,27.55,27.6,27.7,27.72,27.73,900,6300,2000,400,5100,1000,5900,1800,500,300,500,100,700,400,100,700,500,100,100,400
262.0,27.42,48600,1340908.0,27.39,27.38,27.32,27.31,27.3,27.28,27.26,27.16,27.15,27.13,27.42,27.43,27.44,27.45,27.54,27.55,27.6,27.7,27.72,27.73,900,6300,2000,400,5100,1000,5900,1800,500,300,500,100,700,400,100,700,500,100,100,400
263.0,27.42,48600,1340908.0,27.39,27.38,27.32,27.31,27.3,27.28,27.26,27.16,27.15,27.13,27.42,27.43,27.44,27.45,27.54,27.55,27.6,27.7,27.72,27.73,900,6300,2000,400,5100,1000,5900,1800,500,300,500,100,700,400,100,700,500,100,100,400
264.0,27.39,48800,1346386.0,27.39,27.38,27.32,27.31,27.3,27.28,27.26,27.16,27.15,27.13,27.41,27.42,27.43,27.44,27.45,27.54,27.55,27.6,27.7,27.72,700,6300,2000,400,5100,1000,5900,1800,500,300,3100,500,100,700,400,100,700,500,100,100
265.0,27.39,48800,1346386.0,27.39,27.38,27.32,27.31,27.3,27.28,27.26,27.16,27.15,27.13,27.41,27.42,27.43,27.44,27.45,27.54,27.55,27.6,27.7,27.72,700,6300,2000,400,5100,1000,5900,1800,500,300,3100,500,100,700,400,100,700,500,100,100
266.0,27.41,49300,1360091.0,27.39,27.38,27.32,27.31,27.3,27.28,27.26,27.16,27.15,27.13,27.41,27.42,27.43,27.44,27.45,27.54,27.55,27.6,27.7,27.72,5700,6300,2000,400,5100,1000,5900,1800,500,300,2600,500,100,700,400,100,700,500,100,100
267.0,27.41,49300,1360091.0,27.39,27.38,27.32,27.31,27.3,27.28,27.26,27.16,27.15,27.13,27.41,27.42,27.43,27.44,27.45,27.54,27.55,27.6,27.7,27.72,5700,6300,2000,400,5100,1000,5900,1800,500,300,2600,500,100,700,400,100,700,500,100,100
268.0,27.41,49300,1360091.0,27.39,27.38,27.32,27.31,27.3,27.28,27.26,27.16,27.15,27.13,27.41,27.42,27.43,27.44,27.45,27.54,27.55,27.6,27.7,27.72,5700,6300,2000,400,5100,1000,5900,1800,500,300,2600,500,100,700,400,100,700,500,100,100
269.0,27.41,51700,1425875.0,27.4,27.39,27.38,27.32,27.31,27.3,27.28,27.26,27.16,27.15,27.41,27.42,27.43,27.44,27.45,27.54,27.55,27.6,27.7,27.72,1600,5700,6300,2000,400,5100,1000,5900,1800,500,200,500,100,700,400,100,700,500,100,100
270.0,27.42,52400,1445067.0,27.4,27.39,27.38,27.32,27.31,27.3,27.28,27.26,27.16,27.15,27.43,27.44,27.45,27.54,27.55,27.6,27.7,27.72,27.73,27.74,2500,5700,6300,2000,400,5100,1000,5900,1800,500,100,700,400,100,700,500,100,100,400,800
271.0,27.42,52400,1445067.0,27.42,27.4,27.39,27.38,27.32,27.31,27.3,27.28,27.26,27.16,27.44,27.45,27.54,27.55,27.6,27.7,27.72,27.73,27.74,27.76,100,2500,5900,6300,2000,400,5100,1000,5900,1800,700,400,100,700,500,100,100,400,800,100
272.0,27.42,52400,1445067.0,27.42,27.41,27.4,27.39,27.38,27.32,27.31,27.3,27.28,27.26,27.44,27.45,27.54,27.55,27.6,27.7,27.72,27.73,27.74,27.76,1500,500,2500,5900,6300,2000,400,5100,1000,5900,700,400,100,700,500,100,100,400,800,100
273.0,27.44,52500,1447811.0,27.42,27.41,27.4,27.39,27.38,27.32,27.31,27.3,27.28,27.26,27.44,27.45,27.54,27.55,27.6,27.7,27.72,27.73,27.74,27.76,1500,500,2500,5900,6300,2000,400,5100,1000,5900,600,400,100,700,500,100,100,400,800,100
274.0,27.44,53200,1467009.0,27.42,27.41,27.4,27.39,27.38,27.32,27.31,27.3,27.28,27.26,27.45,27.54,27.55,27.6,27.7,27.72,27.73,27.74,27.76,27.78,1000,500,2300,5900,6300,2000,400,5100,1000,5900,400,100,700,500,100,100,400,800,100,100
275.0,27.45,53400,1472496.0,27.44,27.43,27.42,27.4,27.39,27.38,27.32,27.31,27.3,27.28,27.45,27.54,27.55,27.6,27.7,27.72,27.73,27.74,27.76,27.78,200,1200,900,1100,5900,6300,2000,400,5100,1000,300,100,700,500,100,100,400,800,100,100
276.0,27.45,53400,1472496.0,27.44,27.43,27.42,27.4,27.39,27.38,27.32,27.31,27.3,27.28,27.45,27.54,27.55,27.6,27.7,27.72,27.73,27.74,27.76,27.78,200,1200,900,1100,5900,6300,2000,400,5100,1000,300,100,700,500,100,100,400,800,100,100
277.0,27.45,54000,1488958.0,27.43,27.42,27.4,27.39,27.38,27.32,27.31,27.3,27.28,27.26,27.45,27.54,27.55,27.6,27.7,27.72,27.73,27.74,27.76,27.78,900,900,1100,5900,6300,2000,400,5100,1000,5900,200,100,700,500,100,100,400,800,100,100
278.0,27.45,54200,1494448.0,27.43,27.42,27.4,27.39,27.38,27.32,27.31,27.3,27.28,27.26,27.54,27.55,27.6,27.7,27.72,27.73,27.74,27.76,27.78,27.8,900,100,1100,5900,6300,2000,400,5100,1000,5900,100,700,500,100,100,400,800,100,100,100
279.0,27.38,66300,1825876.0,27.38,27.32,27.31,27.3,27.28,27.26,27.16,27.15,27.13,27.11,27.39,27.54,27.55,27.6,27.7,27.72,27.73,27.74,27.76,27.78,2200,2000,400,5100,1000,5900,1800,500,300,2200,22000,100,700,500,100,100,400,800,100,100
280.0,27.38,68900,1897068.0,27.32,27.31,27.3,27.28,27.16,27.15,27.13,27.11,27.08,27.05,27.39,27.54,27.55,27.6,27.7,27.72,27.73,27.74,27.76,27.78,2000,400,5100,1000,1800,500,300,2200,6000,1200,21600,100,700,500,100,100,400,800,100,100
281.0,27.39,71600,1971020.0,27.37,27.32,27.31,27.3,27.28,27.16,27.15,27.13,27.11,27.08,27.39,27.54,27.55,27.6,27.7,27.72,27.73,27.74,27.76,27.78,1300,2200,400,5100,1000,1800,500,300,2200,6000,19000,100,700,500,100,100,400,800,100,100
282.0,27.39,71600,1971020.0,27.37,27.32,27.31,27.3,27.28,27.16,27.15,27.13,27.11,27.08,27.39,27.54,27.55,27.6,27.7,27.72,27.73,27.74,27.76,27.78,1300,2200,400,5100,1000,1800,500,300,2200,6000,19000,100,700,500,100,100,400,800,100,100
283.0,27.39,71900,1979237.0,27.37,27.32,27.31,27.3,27.28,27.16,27.15,27.13,27.11,27.08,27.39,27.54,27.55,27.6,27.7,27.72,27.73,27.74,27.76,27.78,1300,2200,400,5100,1000,1800,500,300,2200,6000,18700,100,700,500,100,100,400,800,100,100
284.0,27.39,72200,1987454.0,27.38,27.37,27.32,27.31,27.3,27.28,27.16,27.15,27.13,27.11,27.39,27.54,27.55,27.6,27.7,27.72,27.73,27.74,27.76,27.78,200,1300,2200,400,5100,1000,1800,500,300,2200,18400,100,700,500,100,100,400,800,100,100
285.0,27.39,73900,2034015.0,27.37,27.32,27.31,27.3,27.28,27.16,27.15,27.13,27.11,27.08,27.39,27.54,27.55,27.6,27.7,27.72,27.73,27.74,27.76,27.78,1300,2200,400,5100,1000,1800,500,300,1200,6000,16900,100,700,500,100,100,400,800,100,100
286.0,27.39,73900,2034015.0,27.37,27.32,27.31,27.3,27.28,27.16,27.15,27.13,27.11,27.08,27.39,27.54,27.55,27.6,27.7,27.72,27.73,27.74,27.76,27.78,1300,2200,400,5100,1000,1800,500,300,1200,6000,16900,100,700,500,100,100,400,800,100,100
287.0,27.39,74400,2047710.0,27.37,27.32,27.31,27.3,27.28,27.16,27.15,27.13,27.11,27.08,27.39,27.54,27.55,27.6,27.7,27.72,27.73,27.74,27.76,27.78,1300,2200,400,5100,1000,1800,500,300,1200,6000,16400,100,700,500,100,100,400,800,100,100
288.0,27.37,75900,2088769.0,27.32,27.31,27.3,27.28,27.16,27.15,27.13,27.11,27.08,27.05,27.38,27.39,27.54,27.55,27.6,27.7,27.72,27.73,27.74,27.76,2200,400,100,1000,1800,500,300,1200,6000,1200,1900,16200,100,700,500,100,100,400,800,100
289.0,27.38,76100,2094245.0,27.32,27.31,27.3,27.28,27.16,27.15,27.13,27.11,27.08,27.05,27.38,27.39,27.54,27.55,27.6,27.7,27.72,27.73,27.74,27.76,2200,400,100,1000,1800,500,300,1200,6000,1200,2300,16200,100,700,500,100,100,400,800,100
290.0,27.37,76800,2113404.0,27.32,27.31,27.3,27.28,27.16,27.15,27.13,27.11,27.08,27.05,27.38,27.39,27.54,27.55,27.6,27.7,27.72,27.73,27.74,27.76,2500,400,100,1000,1800,500,300,1200,6000,1200,2000,16200,100,700,500,100,100,400,800,100
291.0,27.39,97200,2672140.0,27.36,27.34,27.32,27.31,27.3,27.28,27.16,27.15,27.13,27.11,27.38,27.54,27.55,27.6,27.7,27.72,27.73,27.74,27.76,27.78,400,200,2500,400,100,1000,1800,500,300,1200,2400,100,700,500,100,100,400,800,100,100
292.0,27.39,97200,2672140.0,27.36,27.34,27.32,27.31,27.3,27.28,27.16,27.15,27.13,27.11,27.38,27.54,27.55,27.6,27.7,27.72,27.73,27.74,27.76,27.78,400,200,2500,400,100,1000,1800,500,300,1200,2400,100,700,500,100,100,400,800,100,100
293.0,27.38,97400,2677616.0,27.37,27.36,27.34,27.32,27.31,27.3,27.28,27.16,27.15,27.13,27.38,27.54,27.55,27.6,27.7,27.72,27.73,27.74,27.76,27.78,200,600,200,2300,400,100,1000,1800,500,300,2200,100,700,500,100,100,400,800,100,100
294.0,27.38,97600,2683092.0,27.37,27.36,27.34,27.32,27.31,27.3,27.28,27.16,27.15,27.13,27.38,27.54,27.55,27.6,27.7,27.72,27.73,27.74,27.76,27.78,200,600,200,2400,400,100,1000,1800,500,300,2000,100,700,500,100,100,400,800,100,100
295.0,27.38,99600,2737852.0,27.38,27.37,27.36,27.34,27.32,27.31,27.3,27.28,27.16,27.15,27.54,27.55,27.6,27.7,27.72,27.73,27.74,27.76,27.78,27.8,200,200,200,200,2400,400,100,1000,1800,500,100,700,500,100,100,400,800,100,100,100
296.0,27.38,99600,2737852.0,27.4,27.39,27.38,27.37,27.34,27.32,27.31,27.3,27.28,27.16,27.54,27.55,27.6,27.7,27.72,27.73,27.74,27.76,27.78,27.8,200,400,4200,400,200,2400,400,100,1000,1800,300,700,500,100,100,400,800,100,100,100
297.0,27.38,99600,2737852.0,27.4,27.39,27.38,27.37,27.34,27.32,27.31,27.3,27.28,27.16,27.54,27.55,27.6,27.7,27.72,27.73,27.74,27.76,27.78,27.8,200,400,4200,400,200,2400,400,100,1000,1800,300,700,500,100,100,400,800,100,100,100
298.0,27.38,99600,2737852.0,27.4,27.39,27.38,27.37,27.34,27.32,27.31,27.3,27.28,27.16,27.54,27.55,27.6,27.7,27.72,27.73,27.74,27.76,27.78,27.8,200,400,4200,400,200,2400,400,100,1000,1800,300,700,500,100,100,400,800,100,100,100
299.0,27.38,99600,2737852.0,27.45,27.4,27.39,27.38,27.34,27.32,27.31,27.3,27.28,27.16,27.54,27.55,27.6,27.7,27.72,27.73,27.74,27.76,27.78,27.8,200,400,400,8200,200,2400,400,100,1000,1800,1200,700,500,100,100,400,800,100,100,100
300.0,27.45,99700,2740597.0,27.45,27.4,27.39,27.38,27.34,27.32,27.31,27.3,27.28,27.16,27.52,27.53,27.54,27.55,27.6,27.7,27.72,27.73,27.74,27.76,100,400,400,8200,200,2400,400,100,1000,1800,700,500,500,700,500,100,100,400,800,100
301.0,27.45,99700,2740597.0,27.45,27.4,27.39,27.38,27.34,27.32,27.31,27.3,27.28,27.16,27.52,27.53,27.54,27.55,27.6,27.7,27.72,27.73,27.74,27.76,100,400,400,8200,200,2400,400,100,1000,1800,700,500,500,700,500,100,100,400,800,100
302.0,27.52,99900,2746101.0,27.45,27.4,27.39,27.38,27.34,27.32,27.31,27.3,27.28,27.16,27.48,27.49,27.5,27.51,27.54,27.55,27.6,27.7,27.72,27.73,100,400,400,8200,200,2400,400,100,1000,1800,700,1100,300,1000,500,700,500,100,100,400
303.0,27.52,99900,2746101.0,27.45,27.4,27.39,27.38,27.34,27.32,27.31,27.3,27.28,27.16,27.46,27.47,27.49,27.51,27.54,27.55,27.6,27.7,27.72,27.73,100,400,400,8200,200,2400,400,100,1000,1800,500,1200,1100,1000,500,700,500,100,100,400
304.0,27.52,99900,2746101.0,27.45,27.4,27.39,27.38,27.34,27.32,27.31,27.3,27.28,27.16,27.46,27.47,27.49,27.51,27.54,27.55,27.6,27.7,27.72,27.73,100,400,400,8200,200,2400,400,100,1000,1800,500,1200,1100,1000,500,700,500,100,100,400
305.0,27.52,99900,2746101.0,27.45,27.4,27.39,27.38,27.34,27.32,27.31,27.3,27.28,27.16,27.46,27.47,27.49,27.51,27.54,27.55,27.6,27.7,27.72,27.73,100,400,400,8200,200,2400,400,100,1000,1800,500,1200,1100,1000,500,700,500,100,100,400
306.0,27.52,99900,2746101.0,27.45,27.4,27.39,27.38,27.34,27.32,27.31,27.3,27.28,27.16,27.46,27.47,27.49,27.51,27.54,27.55,27.6,27.7,27.72,27.73,100,400,400,8200,200,2400,400,100,1000,1800,500,1200,1100,1000,500,700,500,100,100,400
307.0,27.45,100000,2748846.0,27.4,27.39,27.38,27.34,27.32,27.31,27.3,27.28,27.16,27.15,27.45,27.47,27.49,27.51,27.54,27.55,27.6,27.7,27.72,27.73,400,400,8200,200,2400,400,5100,1000,1800,500,1200,1200,1100,1000,500,700,500,100,100,400
308.0,27.45,100300,2757081.0,27.4,27.39,27.38,27.34,27.32,27.31,27.3,27.28,27.16,27.15,27.45,27.47,27.49,27.51,27.54,27.55,27.6,27.7,27.72,27.73,400,400,4200,200,2400,400,5100,1000,1800,500,900,1200,1100,1000,500,700,500,100,100,400
309.0,27.45,100300,2757081.0,27.4,27.39,27.38,27.34,27.32,27.31,27.3,27.28,27.16,27.15,27.44,27.45,27.47,27.49,27.51,27.54,27.55,27.6,27.7,27.72,400,400,3300,200,2400,400,5100,1000,1800,500,500,900,1200,1100,1000,500,700,500,100,100
310.0,27.44,100400,2759825.0,27.4,27.39,27.38,27.34,27.32,27.31,27.3,27.28,27.16,27.15,27.44,27.45,27.47,27.49,27.51,27.54,27.55,27.6,27.7,27.72,400,400,3300,200,2400,400,5100,1000,1800,500,400,900,1200,1100,1000,500,700,500,100,100
311.0,27.44,100400,2759825.0,27.4,27.39,27.38,27.34,27.32,27.31,27.3,27.28,27.16,27.15,27.44,27.45,27.47,27.49,27.51,27.54,27.55,27.6,27.7,27.72,400,400,3300,200,2400,400,5100,1000,1800,500,400,900,1200,1100,1000,500,700,500,100,100
312.0,27.44,100400,2759825.0,27.4,27.39,27.38,27.34,27.32,27.31,27.3,27.28,27.18,27.16,27.44,27.45,27.47,27.49,27.51,27.54,27.55,27.6,27.7,27.72,400,400,3300,200,2400,400,5100,1000,1000,1800,400,900,1200,1100,1000,500,700,500,100,100
313.0,27.44,100400,2759825.0,27.4,27.39,27.38,27.34,27.32,27.31,27.3,27.28,27.18,27.16,27.44,27.45,27.47,27.49,27.51,27.54,27.55,27.6,27.7,27.72,400,400,3300,200,2400,400,5100,1000,1000,1800,400,900,1200,1100,1000,500,700,500,100,100
314.0,27.44,100400,2759825.0,27.4,27.39,27.38,27.34,27.32,27.31,27.3,27.28,27.18,27.16,27.44,27.45,27.47,27.49,27.51,27.54,27.55,27.6,27.7,27.72,400,400,3300,200,2400,400,5100,1000,1000,1800,400,900,1200,1100,1000,500,700,500,100,100
315.0,27.44,100400,2759825.0,27.4,27.39,27.38,27.34,27.32,27.31,27.3,27.28,27.18,27.16,27.44,27.45,27.47,27.49,27.51,27.54,27.55,27.6,27.7,27.72,400,400,3300,200,2400,400,5100,1000,1000,1800,400,900,1200,1100,1000,500,700,500,100,100
316.0,27.44,100400,2759825.0,27.4,27.39,27.38,27.34,27.32,27.31,27.3,27.28,27.18,27.16,27.44,27.45,27.47,27.49,27.51,27.54,27.55,27.6,27.7,27.72,400,400,3300,200,2400,400,5100,1000,1000,1800,400,900,1200,1100,1000,500,700,500,100,100
317.0,27.44,100400,2759825.0,27.4,27.39,27.38,27.34,27.32,27.31,27.3,27.28,27.18,27.16,27.44,27.45,27.47,27.49,27.51,27.54,27.55,27.6,27.7,27.72,400,400,3300,200,2400,400,5100,1000,1000,1800,400,900,1200,1100,1000,500,700,500,100,100
318.0,27.44,100400,2759825.0,27.4,27.39,27.38,27.34,27.32,27.31,27.3,27.28,27.18,27.16,27.44,27.45,27.47,27.49,27.51,27.54,27.55,27.6,27.7,27.72,400,400,3300,200,2400,400,5100,1000,1000,1800,400,900,1200,1100,1000,500,700,500,100,100
319.0,27.44,100400,2759825.0,27.4,27.39,27.38,27.34,27.32,27.31,27.3,27.28,27.18,27.16,27.44,27.45,27.47,27.49,27.51,27.54,27.55,27.6,27.7,27.72,400,400,3300,200,2400,400,5100,1000,1000,1800,400,900,1200,1100,1000,500,700,500,100,100
320.0,27.44,100400,2759825.0,27.4,27.39,27.38,27.34,27.32,27.31,27.3,27.28,27.18,27.16,27.44,27.45,27.47,27.49,27.51,27.54,27.55,27.6,27.7,27.72,400,400,3300,200,2400,400,5100,1000,1000,1800,400,900,1200,1100,1000,500,700,500,100,100
321.0,27.44,100400,2759825.0,27.4,27.39,27.38,27.34,27.32,27.31,27.3,27.28,27.18,27.16,27.44,27.45,27.47,27.49,27.51,27.54,27.55,27.6,27.7,27.72,400,400,3300,200,2400,400,5100,1000,1000,1800,400,900,1200,1100,1000,500,700,500,100,100
322.0,27.44,100400,2759825.0,27.4,27.39,27.38,27.34,27.32,27.31,27.3,27.28,27.18,27.16,27.44,27.45,27.47,27.49,27.51,27.54,27.55,27.6,27.7,27.72,400,400,3300,200,2400,400,5100,1000,1000,1800,400,900,1200,1100,1000,500,700,500,100,100
323.0,27.44,100400,2759825.0,27.4,27.39,27.38,27.34,27.32,27.31,27.3,27.28,27.18,27.16,27.44,27.45,27.47,27.49,27.51,27.54,27.55,27.6,27.7,27.72,400,400,3300,200,2400,400,5100,1000,1000,1800,400,900,1200,1100,1000,500,700,500,100,100
324.0,27.44,100400,2759825.0,27.4,27.39,27.38,27.34,27.32,27.31,27.3,27.28,27.18,27.16,27.44,27.45,27.47,27.49,27.51,27.54,27.55,27.6,27.7,27.72,400,400,3300,200,2400,400,5100,1000,1000,1800,400,900,1200,1100,1000,500,700,500,100,100
325.0,27.43,101200,2781769.0,27.4,27.39,27.38,27.32,27.31,27.3,27.28,27.18,27.16,27.15,27.43,27.45,27.47,27.49,27.51,27.54,27.55,27.6,27.7,27.72,400,400,3300,2400,400,5100,1000,1000,1800,500,500,900,1200,1100,1000,500,700,500,100,100
326.0,27.43,101200,2781769.0,27.4,27.39,27.38,27.32,27.31,27.3,27.28,27.18,27.16,27.15,27.43,27.45,27.47,27.49,27.51,27.54,27.55,27.6,27.7,27.72,400,400,3300,2400,400,5100,1000,1000,1800,500,500,900,1200,1100,1000,500,700,500,100,100
327.0,27.43,101200,2781769.0,27.4,27.39,27.38,27.34,27.32,27.31,27.3,27.28,27.18,27.16,27.43,27.45,27.47,27.49,27.51,27.54,27.55,27.6,27.7,27.72,400,400,3300,1000,2400,400,5100,1000,1000,1800,500,900,1200,1100,1000,500,700,500,100,100
328.0,27.43,101200,2781769.0,27.4,27.39,27.38,27.34,27.32,27.31,27.3,27.28,27.18,27.16,27.43,27.45,27.47,27.49,27.51,27.54,27.55,27.6,27.7,27.72,400,400,3300,1000,2400,400,5100,1000,1000,1800,500,900,1200,1100,1000,500,700,500,100,100
329.0,27.43,101200,2781769.0,27.4,27.39,27.38,27.34,27.32,27.31,27.3,27.28,27.18,27.16,27.42,27.43,27.45,27.47,27.49,27.51,27.54,27.55,27.6,27.7,400,400,3100,1000,2400,400,5100,1000,1000,1800,500,500,900,1200,1100,1000,500,700,500,100
330.0,27.43,101200,2781769.0,27.4,27.39,27.38,27.34,27.32,27.31,27.3,27.28,27.18,27.16,27.42,27.43,27.45,27.47,27.49,27.51,27.54,27.55,27.6,27.7,400,400,3100,1000,2400,400,5100,1000,1000,1800,500,500,900,1200,1100,1000,500,700,500,100
331.0,27.39,101800,2798210.0,27.39,27.38,27.34,27.32,27.31,27.3,27.28,27.2,27.18,27.16,27.4,27.41,27.42,27.43,27.45,27.47,27.49,27.51,27.54,27.55,300,3100,1000,2400,700,5100,1000,300,1000,1800,2100,1400,400,1200,900,1200,1100,1000,500,700
332.0,27.39,102100,2806427.0,27.38,27.34,27.32,27.31,27.3,27.28,27.2,27.18,27.16,27.15,27.39,27.4,27.41,27.42,27.43,27.45,27.47,27.49,27.51,27.54,3100,1000,2400,700,5100,1000,300,1000,1800,500,1300,2100,1400,400,1200,900,1200,1100,1000,500
333.0,27.39,102100,2806427.0,27.38,27.34,27.32,27.31,27.3,27.28,27.2,27.18,27.16,27.15,27.39,27.4,27.41,27.43,27.45,27.47,27.49,27.51,27.54,27.55,3100,1000,2400,700,5100,1000,300,1000,1800,500,1300,2100,1400,1200,900,1200,1100,1000,500,700
334.0,27.38,102800,2825595.0,27.38,27.34,27.32,27.31,27.3,27.28,27.2,27.18,27.16,27.15,27.39,27.4,27.41,27.43,27.45,27.47,27.49,27.51,27.54,27.55,2600,1000,2400,700,5100,1000,300,1000,1600,500,1100,2100,1400,1200,900,1200,1100,1000,500,700
335.0,27.38,102800,2825595.0,27.38,27.34,27.32,27.31,27.3,27.28,27.2,27.18,27.16,27.15,27.39,27.4,27.41,27.43,27.45,27.47,27.49,27.51,27.54,27.55,2600,1000,2400,700,5100,1000,300,1000,1600,500,1100,2100,1400,1200,900,1200,1100,1000,500,700
336.0,27.38,102800,2825595.0,27.38,27.34,27.32,27.31,27.3,27.28,27.2,27.18,27.16,27.15,27.39,27.4,27.41,27.43,27.45,27.47,27.49,27.51,27.54,27.55,2600,1000,2400,700,5100,1000,300,1000,1600,500,1100,2100,1400,1200,900,1200,1100,1000,500,700
337.0,27.39,102900,2828334.0,27.38,27.34,27.32,27.31,27.3,27.28,27.2,27.18,27.16,27.15,27.39,27.4,27.41,27.43,27.45,27.47,27.49,27.51,27.54,27.55,2600,1000,2400,700,5100,1000,300,1000,1600,500,1000,2100,1400,1200,900,1200,1100,1000,500,700
338.0,27.39,102900,2828334.0,27.38,27.34,27.32,27.31,27.3,27.28,27.2,27.18,27.16,27.15,27.39,27.4,27.41,27.43,27.45,27.47,27.49,27.51,27.54,27.55,2600,1000,2400,700,5100,1000,300,1000,1600,500,1000,2100,1400,1200,900,1200,1100,1000,500,700
339.0,27.39,102900,2828334.0,27.38,27.34,27.32,27.31,27.3,27.28,27.2,27.18,27.16,27.15,27.39,27.4,27.41,27.43,27.45,27.47,27.49,27.51,27.54,27.55,2600,1000,2400,700,5100,1000,300,1000,1600,500,1000,2100,1400,1200,900,1200,1100,1000,500,700
340.0,27.39,102900,2828334.0,27.38,27.34,27.32,27.31,27.3,27.28,27.2,27.18,27.16,27.15,27.39,27.4,27.41,27.43,27.45,27.47,27.49,27.51,27.54,27.55,2600,1000,2400,700,5100,1000,300,1000,1600,500,1000,2100,1400,1200,900,1200,1100,1000,500,700
341.0,27.39,103400,2842029.0,27.38,27.34,27.32,27.31,27.3,27.28,27.2,27.18,27.16,27.15,27.39,27.4,27.41,27.43,27.45,27.47,27.49,27.51,27.54,27.55,2600,1000,2400,5700,5100,1000,300,1000,1600,500,500,2100,1400,1200,900,1200,1100,1000,500,700
342.0,27.39,103400,2842029.0,27.38,27.34,27.32,27.31,27.3,27.28,27.2,27.18,27.16,27.15,27.39,27.4,27.41,27.43,27.45,27.47,27.49,27.51,27.54,27.55,2600,1000,2400,5700,5100,1000,300,1000,1600,500,500,2100,1400,1200,900,1200,1100,1000,500,700
343.0,27.39,103500,2844768.0,27.38,27.34,27.32,27.31,27.3,27.28,27.2,27.18,27.16,27.15,27.4,27.41,27.43,27.45,27.47,27.49,27.51,27.54,27.55,27.7,2600,1000,2400,5700,5100,1000,300,1000,1600,500,2100,1400,1200,900,1200,1100,1000,500,700,100
344.0,27.4,103700,2850248.0,27.38,27.34,27.32,27.31,27.3,27.28,27.2,27.18,27.16,27.15,27.4,27.41,27.43,27.45,27.47,27.49,27.51,27.54,27.55,27.7,2600,1000,2400,5700,5100,1000,300,1000,1600,500,1900,1400,1200,900,1200,1100,1000,500,700,100
345.0,27.4,103700,2850248.0,27.38,27.34,27.32,27.31,27.3,27.28,27.2,27.18,27.16,27.15,27.4,27.41,27.43,27.45,27.47,27.49,27.51,27.54,27.55,27.7,2600,1000,2400,5700,5100,1000,300,1000,1600,500,1900,1400,1200,900,1200,1100,1000,500,700,100
346.0,27.4,103700,2850248.0,27.38,27.34,27.32,27.31,27.3,27.28,27.2,27.18,27.16,27.15,27.4,27.41,27.43,27.45,27.47,27.49,27.51,27.54,27.55,27.7,2600,1000,2400,5700,5100,1000,300,1000,1600,500,1900,1400,1200,900,1200,1100,1000,500,700,100
347.0,27.4,103700,2850248.0,27.38,27.34,27.32,27.31,27.3,27.28,27.2,27.18,27.16,27.15,27.4,27.41,27.43,27.45,27.47,27.49,27.51,27.54,27.55,27.7,2600,1000,2400,5700,5100,1000,300,1000,1600,500,1900,1400,1200,900,1200,1100,1000,500,700,100
348.0,27.4,103800,2852988.0,27.38,27.34,27.32,27.31,27.3,27.28,27.2,27.18,27.16,27.15,27.4,27.41,27.43,27.45,27.47,27.49,27.51,27.54,27.55,27.7,2600,1000,2400,5700,5100,1000,300,1000,1600,500,1800,1400,1200,900,1200,1100,1000,500,700,100
349.0,27.4,103900,2855728.0,27.38,27.34,27.32,27.31,27.3,27.28,27.2,27.18,27.16,27.15,27.39,27.4,27.41,27.43,27.45,27.47,27.49,27.51,27.54,27.55,2600,1000,2400,5700,5100,1000,300,1000,1600,500,600,1700,1400,1200,900,1200,1100,1000,500,700
350.0,27.4,103900,2855728.0,27.38,27.34,27.32,27.31,27.3,27.28,27.2,27.18,27.16,27.15,27.39,27.4,27.41,27.43,27.45,27.47,27.49,27.51,27.54,27.55,2600,1000,2400,5700,5100,1000,300,1000,1600,500,600,1700,1400,1200,900,1200,1100,1000,500,700
351.0,27.4,103900,2855728.0,27.38,27.34,27.32,27.31,27.3,27.28,27.2,27.18,27.16,27.15,27.39,27.4,27.41,27.43,27.45,27.47,27.49,27.51,27.54,27.55,2600,1000,2400,5700,5100,1000,300,1000,1600,500,600,1700,1400,1200,900,1200,1100,1000,500,700
352.0,27.4,103900,2855728.0,27.38,27.34,27.32,27.31,27.3,27.28,27.2,27.18,27.16,27.15,27.39,27.4,27.41,27.43,27.45,27.47,27.49,27.51,27.54,27.55,2600,1000,2400,5700,5100,1000,300,1000,1600,500,600,1700,1400,1200,900,1200,1100,1000,500,700
353.0,27.4,103900,2855728.0,27.38,27.34,27.32,27.31,27.3,27.28,27.2,27.18,27.16,27.15,27.39,27.4,27.41,27.43,27.45,27.47,27.49,27.51,27.54,27.55,2600,1000,2400,5700,5100,1000,300,1000,1600,500,600,1700,1400,1200,900,1200,1100,1000,500,700
354.0,27.39,104000,2858467.0,27.38,27.34,27.32,27.31,27.3,27.28,27.2,27.18,27.16,27.15,27.39,27.4,27.41,27.43,27.45,27.47,27.49,27.51,27.54,27.55,2600,1000,2400,5700,5100,1000,300,1000,1600,500,500,1700,1400,1200,900,1200,1100,1000,500,700
355.0,27.39,104000,2858467.0,27.38,27.34,27.32,27.31,27.3,27.28,27.2,27.18,27.16,27.15,27.39,27.4,27.41,27.43,27.45,27.47,27.49,27.51,27.54,27.55,2600,1000,2400,5700,5100,1000,300,1000,1600,500,500,1700,1400,1200,900,1200,1100,1000,500,700
356.0,27.39,104000,2858467.0,27.38,27.34,27.32,27.31,27.3,27.28,27.2,27.18,27.16,27.15,27.39,27.4,27.41,27.43,27.45,27.47,27.49,27.51,27.54,27.55,2600,1000,2400,5700,5100,1000,300,1000,1600,500,500,1700,1400,1200,900,1200,1100,1000,500,700
357.0,27.39,104000,2858467.0,27.38,27.34,27.32,27.31,27.3,27.28,27.2,27.18,27.16,27.15,27.39,27.4,27.41,27.43,27.45,27.47,27.49,27.51,27.54,27.55,2600,1000,2400,5700,5100,1000,300,1000,1600,500,500,1700,1400,1200,900,1200,1100,1000,500,700
358.0,27.39,104000,2858467.0,27.38,27.34,27.32,27.31,27.3,27.28,27.2,27.18,27.16,27.15,27.39,27.4,27.41,27.43,27.45,27.47,27.49,27.51,27.54,27.55,2600,1000,2400,5700,5100,1000,300,1000,1600,500,500,1700,1400,1200,900,1200,1100,1000,500,700
359.0,27.39,104000,2858467.0,27.38,27.34,27.32,27.31,27.3,27.28,27.2,27.18,27.16,27.15,27.39,27.4,27.41,27.43,27.45,27.47,27.49,27.51,27.54,27.55,2600,1000,2400,5700,5100,1000,300,1000,1600,500,500,1700,1400,1200,900,1200,1100,1000,500,700
360.0,27.39,104000,2858467.0,27.38,27.34,27.32,27.31,27.3,27.28,27.2,27.18,27.16,27.15,27.39,27.4,27.41,27.43,27.45,27.47,27.49,27.51,27.54,27.55,2600,1000,2400,5700,5100,1000,300,1000,1600,500,500,1700,1400,1200,900,1200,1100,1000,500,700
361.0,27.39,104000,2858467.0,27.38,27.34,27.32,27.31,27.3,27.28,27.2,27.18,27.16,27.15,27.39,27.4,27.41,27.43,27.45,27.47,27.49,27.51,27.54,27.55,2600,1000,2400,5700,5100,1000,300,1000,1600,500,500,1700,1400,1200,900,1200,1100,1000,500,700
362.0,27.39,104000,2858467.0,27.38,27.34,27.32,27.31,27.3,27.28,27.2,27.18,27.16,27.15,27.39,27.4,27.41,27.43,27.45,27.47,27.49,27.5,27.51,27.54,2600,1000,2400,5700,5100,1000,300,1000,1600,500,500,1700,1400,1200,900,1200,1100,500,1000,500
363.0,27.39,104000,2858467.0,27.38,27.34,27.32,27.31,27.3,27.28,27.2,27.18,27.16,27.15,27.39,27.4,27.41,27.43,27.45,27.47,27.49,27.5,27.51,27.54,2600,1000,2400,5700,5100,1000,300,1000,1600,500,500,1700,1400,1200,900,1200,1100,500,1000,500
364.0,27.38,106600,2929655.0,27.34,27.32,27.31,27.3,27.28,27.2,27.18,27.16,27.15,27.13,27.39,27.4,27.41,27.43,27.45,27.47,27.49,27.5,27.51,27.54,1000,2400,5500,5100,1000,300,1000,1600,500,300,500,1700,1400,1200,900,1200,1100,500,1000,500
365.0,27.38,106600,2929655.0,27.34,27.32,27.31,27.3,27.28,27.2,27.18,27.16,27.15,27.13,27.39,27.4,27.41,27.43,27.45,27.47,27.49,27.5,27.51,27.54,1000,2400,5500,5100,1000,300,1000,1600,500,300,500,1700,1400,1200,900,1200,1100,500,1000,500
366.0,27.39,106700,2932394.0,27.34,27.32,27.31,27.3,27.28,27.2,27.18,27.16,27.15,27.13,27.39,27.4,27.41,27.43,27.45,27.47,27.49,27.5,27.51,27.54,1000,2400,5500,5100,1000,300,1000,1600,500,300,400,1700,1400,1200,900,1200,1100,500,1000,500
367.0,27.39,106700,2932394.0,27.34,27.32,27.31,27.3,27.28,27.2,27.18,27.16,27.15,27.13,27.39,27.4,27.41,27.43,27.45,27.47,27.49,27.5,27.51,27.54,1000,2400,5500,5100,1000,300,1000,1600,500,300,400,1700,1400,1200,900,1200,1100,500,1000,500
368.0,27.34,106800,2935128.0,27.34,27.32,27.31,27.3,27.28,27.2,27.18,27.16,27.15,27.13,27.39,27.4,27.41,27.43,27.45,27.47,27.49,27.5,27.51,27.54,900,2400,5500,6100,1000,300,1000,1600,500,300,400,1700,1400,1200,900,1200,1100,500,1000,500
369.0,27.34,106800,2935128.0,27.34,27.32,27.31,27.3,27.28,27.2,27.18,27.16,27.15,27.13,27.39,27.4,27.41,27.43,27.45,27.47,27.49,27.5,27.51,27.54,900,2400,5500,6100,1000,300,1000,1600,500,300,400,1700,1400,1200,900,1200,1100,500,1000,500
370.0,27.34,106800,2935128.0,27.34,27.32,27.31,27.3,27.28,27.2,27.18,27.16,27.15,27.13,27.39,27.4,27.41,27.43,27.45,27.47,27.49,27.5,27.51,27.54,900,2400,5500,6100,1000,300,1000,1600,500,300,400,1700,1400,1200,900,1200,1100,500,1000,500
371.0,27.34,106800,2935128.0,27.34,27.32,27.31,27.3,27.28,27.2,27.18,27.16,27.15,27.13,27.39,27.4,27.41,27.43,27.45,27.47,27.49,27.5,27.51,27.54,900,2400,5500,6100,1000,300,1000,1600,500,300,400,1700,1400,1200,900,1200,1100,500,1000,500
372.0,27.34,106800,2935128.0,27.34,27.32,27.31,27.3,27.28,27.2,27.18,27.16,27.15,27.13,27.39,27.4,27.41,27.43,27.45,27.47,27.49,27.5,27.51,27.54,900,2400,5500,6100,1000,300,1000,1600,500,300,400,1700,1400,1200,900,1200,1100,500,1000,500
373.0,27.34,106800,2935128.0,27.34,27.32,27.31,27.3,27.28,27.2,27.18,27.16,27.15,27.13,27.39,27.4,27.41,27.43,27.45,27.47,27.49,27.5,27.51,27.54,900,2400,5500,6100,1000,300,1000,1600,500,300,400,1700,1400,1200,900,1200,1100,500,1000,500
374.0,27.34,106800,2935128.0,27.34,27.32,27.31,27.3,27.28,27.2,27.18,27.16,27.15,27.13,27.39,27.4,27.41,27.43,27.45,27.47,27.49,27.5,27.51,27.54,900,2400,5500,6100,1000,300,1000,1600,500,300,400,1700,1400,1200,900,1200,1100,500,1000,500
375.0,27.34,106800,2935128.0,27.34,27.32,27.31,27.3,27.28,27.2,27.18,27.16,27.15,27.13,27.39,27.4,27.41,27.43,27.45,27.47,27.49,27.5,27.51,27.54,900,2400,5500,6100,1000,300,1000,1600,500,300,400,1700,1400,1200,900,1200,1100,500,1000,500
376.0,27.34,106800,2935128.0,27.34,27.32,27.31,27.3,27.28,27.23,27.2,27.18,27.16,27.15,27.38,27.39,27.4,27.41,27.43,27.45,27.47,27.49,27.5,27.51,900,2400,5500,6100,1000,200,300,1000,1600,500,200,400,1700,1400,1200,900,1200,1100,500,1000
377.0,27.34,106800,2935128.0,27.34,27.32,27.31,27.3,27.28,27.23,27.2,27.18,27.16,27.15,27.38,27.39,27.4,27.41,27.43,27.45,27.47,27.49,27.5,27.51,900,2400,5500,6100,1000,200,300,1000,1600,500,200,400,1700,1400,1200,900,1200,1100,500,1000
378.0,27.34,106800,2935128.0,27.34,27.32,27.31,27.3,27.28,27.23,27.2,27.18,27.16,27.15,27.38,27.39,27.4,27.41,27.43,27.45,27.47,27.49,27.5,27.51,900,2400,5500,6100,1000,200,300,1000,1600,500,200,400,1700,1400,1200,900,1200,1100,500,1000
379.0,27.34,106800,2935128.0,27.34,27.32,27.31,27.3,27.28,27.23,27.2,27.18,27.16,27.15,27.38,27.39,27.4,27.41,27.43,27.45,27.47,27.49,27.5,27.51,900,2400,5500,6100,1000,200,300,1000,1600,500,200,400,1700,1400,1200,900,1200,1100,500,1000
380.0,27.34,106800,2935128.0,27.34,27.32,27.31,27.3,27.28,27.23,27.2,27.18,27.16,27.15,27.38,27.39,27.4,27.41,27.43,27.45,27.47,27.49,27.5,27.51,1100,2400,5500,6100,1000,200,300,1000,1600,500,200,400,1700,1400,1200,900,1200,1100,500,1000
381.0,27.34,106800,2935128.0,27.34,27.32,27.31,27.3,27.28,27.23,27.2,27.18,27.16,27.15,27.38,27.39,27.4,27.41,27.43,27.45,27.47,27.49,27.5,27.51,1100,2400,5500,6100,1000,200,300,1000,1600,500,200,400,1700,1400,1200,900,1200,1100,500,1000
382.0,27.34,106800,2935128.0,27.34,27.32,27.31,27.3,27.28,27.23,27.2,27.18,27.16,27.15,27.38,27.39,27.4,27.41,27.43,27.45,27.47,27.49,27.5,27.51,1100,2400,5500,6100,1000,200,300,1000,1600,500,200,400,1700,1400,1200,900,1200,1100,500,1000
383.0,27.34,106800,2935128.0,27.34,27.32,27.31,27.3,27.28,27.23,27.2,27.18,27.16,27.15,27.38,27.39,27.4,27.41,27.43,27.45,27.47,27.49,27.5,27.51,1100,2400,5500,6100,1000,200,300,1000,1600,500,200,400,1700,1400,1200,900,1200,1100,500,1000
384.0,27.34,106800,2935128.0,27.34,27.32,27.31,27.3,27.28,27.23,27.2,27.18,27.16,27.15,27.38,27.39,27.4,27.41,27.43,27.45,27.47,27.49,27.5,27.51,1100,2400,5500,6100,1000,200,300,1000,1600,500,200,400,1700,1400,1200,900,1200,1100,500,1000
385.0,27.34,106800,2935128.0,27.34,27.32,27.31,27.3,27.28,27.23,27.2,27.18,27.16,27.15,27.38,27.39,27.4,27.41,27.43,27.45,27.47,27.49,27.5,27.51,1100,2400,5500,6100,1000,200,300,1000,1600,500,200,400,1700,1400,1200,900,1200,1100,500,1000
386.0,27.34,106800,2935128.0,27.34,27.32,27.31,27.3,27.28,27.23,27.2,27.18,27.16,27.15,27.38,27.39,27.4,27.41,27.43,27.45,27.47,27.49,27.5,27.51,1100,2400,5500,6100,1000,200,300,1000,1600,500,200,400,1700,1400,1200,900,1200,1100,500,1000
387.0,27.34,106800,2935128.0,27.34,27.32,27.31,27.3,27.28,27.23,27.2,27.18,27.16,27.15,27.38,27.39,27.4,27.41,27.43,27.45,27.47,27.49,27.5,27.51,1100,2400,5500,6100,1000,200,300,1000,1600,500,200,400,1700,1400,1200,900,1200,1100,500,1000
388.0,27.34,106800,2935128.0,27.34,27.32,27.31,27.3,27.28,27.23,27.2,27.18,27.16,27.15,27.38,27.39,27.4,27.41,27.43,27.45,27.47,27.49,27.5,27.51,1100,2400,5500,6100,1000,200,300,1000,1600,500,200,400,1700,1400,1200,900,1200,1100,500,1000
389.0,27.34,106800,2935128.0,27.34,27.32,27.31,27.3,27.28,27.23,27.2,27.18,27.16,27.15,27.38,27.39,27.4,27.41,27.43,27.45,27.47,27.49,27.5,27.51,2100,2400,5500,6100,1000,200,300,1000,1600,500,200,400,1700,1400,1200,900,1200,1100,500,1000
390.0,27.34,106800,2935128.0,27.34,27.32,27.31,27.3,27.28,27.23,27.2,27.18,27.16,27.15,27.38,27.39,27.4,27.41,27.43,27.45,27.47,27.49,27.5,27.51,2100,2400,5500,6100,1000,200,300,1000,1600,500,200,400,1700,1400,1200,900,1200,1100,500,1000
391.0,27.34,106800,2935128.0,27.34,27.32,27.31,27.3,27.28,27.23,27.2,27.18,27.16,27.15,27.38,27.39,27.4,27.41,27.43,27.45,27.47,27.49,27.5,27.51,2100,2400,5500,6100,1000,200,300,1000,1600,500,200,400,1700,1400,1200,900,1200,1100,500,1000
392.0,27.34,106800,2935128.0,27.34,27.32,27.31,27.3,27.28,27.23,27.2,27.18,27.16,27.15,27.38,27.39,27.4,27.41,27.43,27.45,27.47,27.49,27.5,27.51,2100,2400,5500,6100,1000,200,300,1000,1600,500,200,400,1700,1400,1200,900,1200,1100,500,1000
393.0,27.34,106800,2935128.0,27.34,27.32,27.31,27.3,27.28,27.23,27.2,27.18,27.16,27.15,27.38,27.39,27.4,27.41,27.43,27.45,27.47,27.49,27.5,27.51,2100,2400,5500,6100,1000,200,300,1000,1600,500,200,400,1700,1400,1200,900,1200,1100,500,1000
394.0,27.34,106800,2935128.0,27.34,27.32,27.31,27.3,27.28,27.23,27.2,27.18,27.16,27.15,27.38,27.39,27.4,27.41,27.43,27.45,27.47,27.49,27.5,27.51,2100,2400,5500,6100,1000,200,300,1000,1600,500,200,400,1700,1400,1200,900,1200,1100,500,1000
395.0,27.34,106800,2935128.0,27.34,27.32,27.31,27.3,27.28,27.23,27.2,27.18,27.16,27.15,27.38,27.39,27.4,27.41,27.43,27.45,27.47,27.49,27.5,27.51,2100,2400,5500,6100,1000,200,300,1000,1600,500,200,400,1700,1400,1200,900,1200,1100,500,1000
396.0,27.34,106800,2935128.0,27.35,27.34,27.32,27.31,27.3,27.28,27.23,27.2,27.18,27.16,27.38,27.39,27.4,27.41,27.43,27.45,27.47,27.49,27.5,27.51,200,2100,2400,5500,6100,1000,200,300,1000,1600,200,400,1700,1400,1200,900,1200,1100,500,1000
397.0,27.34,106800,2935128.0,27.35,27.34,27.32,27.31,27.3,27.28,27.23,27.2,27.18,27.16,27.38,27.39,27.4,27.41,27.43,27.45,27.47,27.49,27.5,27.51,200,2100,2400,5500,6100,1000,200,300,1000,1600,200,400,1700,1400,1200,900,1200,1100,500,1000
398.0,27.35,107000,2940598.0,27.34,27.32,27.31,27.3,27.28,27.23,27.2,27.18,27.16,27.15,27.38,27.39,27.4,27.41,27.43,27.45,27.47,27.49,27.5,27.51,2100,2400,5500,6100,1000,200,300,1000,1600,500,200,400,1700,1400,1200,900,1200,1100,500,1000
399.0,27.35,107000,2940598.0,27.34,27.32,27.31,27.3,27.28,27.23,27.2,27.18,27.16,27.15,27.38,27.39,27.4,27.41,27.43,27.45,27.47,27.49,27.5,27.51,2100,2400,5500,6100,1000,200,300,1000,1600,500,200,400,1700,1400,1200,900,1200,1100,500,1000
400.0,27.35,107000,2940598.0,27.34,27.32,27.31,27.3,27.28,27.23,27.2,27.18,27.16,27.15,27.38,27.39,27.4,27.41,27.43,27.45,27.47,27.49,27.5,27.51,2100,2400,5500,6100,1000,200,300,1000,1600,500,200,400,1700,1400,1200,900,1200,1100,500,1000
401.0,27.35,107000,2940598.0,27.34,27.32,27.31,27.3,27.28,27.23,27.2,27.18,27.16,27.15,27.38,27.39,27.4,27.41,27.43,27.45,27.47,27.49,27.5,27.51,2700,2400,5500,6100,1000,200,300,1000,1600,500,200,400,1700,1400,1200,900,1200,1100,500,1000
402.0,27.35,107000,2940598.0,27.34,27.32,27.31,27.3,27.28,27.23,27.2,27.18,27.16,27.15,27.38,27.39,27.4,27.41,27.43,27.45,27.47,27.49,27.5,27.51,2700,2400,5500,6100,1000,200,300,1000,1600,500,200,400,1700,1400,1200,900,1200,1100,500,1000
403.0,27.35,107000,2940598.0,27.34,27.32,27.31,27.3,27.28,27.23,27.2,27.18,27.16,27.15,27.38,27.39,27.4,27.41,27.43,27.45,27.47,27.49,27.5,27.51,2700,2400,5500,6100,1000,200,300,1000,1600,500,200,400,1700,1400,1200,900,1200,1100,500,1000
404.0,27.35,107000,2940598.0,27.34,27.32,27.31,27.3,27.28,27.23,27.2,27.18,27.16,27.15,27.38,27.39,27.4,27.41,27.43,27.45,27.47,27.49,27.5,27.51,2700,2400,5500,6100,1000,200,300,1000,1600,500,200,400,1700,1400,1200,900,1200,1100,500,1000
405.0,27.35,107000,2940598.0,27.34,27.32,27.31,27.3,27.28,27.23,27.2,27.18,27.16,27.15,27.38,27.39,27.4,27.41,27.43,27.45,27.47,27.49,27.5,27.51,2700,2400,5500,6100,1000,200,300,1000,1600,500,200,400,1700,1400,1200,900,1200,1100,500,1000
406.0,27.35,107000,2940598.0,27.34,27.32,27.31,27.3,27.28,27.23,27.2,27.18,27.16,27.15,27.38,27.39,27.4,27.41,27.43,27.45,27.47,27.49,27.5,27.51,2700,2400,5500,6100,1000,200,300,1000,1600,500,200,400,1700,1400,1200,900,1200,1100,500,1000
407.0,27.35,107000,2940598.0,27.34,27.32,27.31,27.3,27.28,27.23,27.2,27.18,27.16,27.15,27.38,27.39,27.4,27.41,27.43,27.45,27.47,27.49,27.5,27.51,2700,2400,5500,6100,1000,200,300,1000,1600,500,200,400,1700,1400,1200,900,1200,1100,500,1000
408.0,27.35,107000,2940598.0,27.34,27.32,27.31,27.3,27.28,27.23,27.2,27.18,27.16,27.15,27.38,27.39,27.4,27.41,27.43,27.45,27.47,27.49,27.5,27.51,2700,2400,5500,6100,1000,200,300,1000,1600,500,200,400,1700,1400,1200,900,1200,1100,500,1000
409.0,27.35,107000,2940598.0,27.34,27.32,27.31,27.3,27.28,27.23,27.2,27.18,27.16,27.15,27.38,27.39,27.4,27.41,27.43,27.45,27.47,27.49,27.5,27.51,2700,2400,5500,6100,1000,200,300,1000,1600,500,200,400,1700,1400,1200,900,1200,1100,500,1000
410.0,27.35,107000,2940598.0,27.34,27.32,27.31,27.3,27.28,27.23,27.2,27.18,27.16,27.15,27.38,27.39,27.4,27.41,27.43,27.45,27.47,27.49,27.5,27.51,2700,2400,5500,6100,1000,200,300,1000,1600,500,200,400,1700,1400,1200,900,1200,1100,500,1000
411.0,27.35,107000,2940598.0,27.34,27.32,27.31,27.3,27.28,27.23,27.2,27.18,27.16,27.15,27.38,27.39,27.4,27.41,27.43,27.45,27.47,27.49,27.5,27.51,2700,2400,5500,6100,1000,200,300,1000,1600,500,200,400,1700,1400,1200,900,1200,1100,500,1000
412.0,27.35,107000,2940598.0,27.34,27.32,27.31,27.3,27.28,27.23,27.2,27.18,27.16,27.15,27.35,27.38,27.39,27.4,27.41,27.43,27.45,27.47,27.49,27.5,2700,2400,5500,6100,1000,200,300,1000,1600,500,100,200,400,1700,1400,1200,900,1200,1100,500
413.0,27.35,107000,2940598.0,27.34,27.32,27.31,27.3,27.28,27.23,27.2,27.18,27.16,27.15,27.35,27.38,27.39,27.4,27.41,27.43,27.45,27.47,27.49,27.5,2700,2400,5500,6600,1000,200,300,1000,1600,500,100,200,400,1700,1400,1200,900,1200,1100,500
414.0,27.35,107000,2940598.0,27.34,27.32,27.31,27.3,27.28,27.23,27.2,27.18,27.16,27.15,27.35,27.38,27.39,27.4,27.41,27.43,27.45,27.47,27.49,27.5,2700,2400,5500,6600,1000,200,300,1000,1600,500,100,200,400,1700,1400,1200,900,1200,1100,500
415.0,27.35,107000,2940598.0,27.34,27.32,27.31,27.3,27.28,27.23,27.2,27.18,27.16,27.15,27.35,27.38,27.39,27.4,27.41,27.43,27.45,27.47,27.49,27.5,2100,2400,5500,6600,1000,200,300,1000,1600,500,100,200,400,1700,1400,1200,900,1200,1100,500
416.0,27.35,107000,2940598.0,27.34,27.32,27.31,27.3,27.28,27.23,27.2,27.18,27.16,27.15,27.35,27.38,27.39,27.4,27.41,27.43,27.45,27.47,27.49,27.5,2100,2400,5500,6600,1000,200,300,1000,1600,500,100,200,400,1700,1400,1200,900,1200,1100,500
417.0,27.35,107000,2940598.0,27.34,27.32,27.31,27.3,27.28,27.23,27.2,27.18,27.16,27.15,27.35,27.38,27.39,27.4,27.41,27.43,27.45,27.47,27.49,27.5,2100,2400,5500,6600,1000,200,300,1000,1600,500,100,200,400,1700,1400,1200,900,1200,1100,500
418.0,27.35,107000,2940598.0,27.34,27.32,27.31,27.3,27.28,27.23,27.2,27.18,27.16,27.15,27.35,27.38,27.39,27.4,27.41,27.43,27.45,27.47,27.49,27.5,2300,2400,5500,6600,1000,200,300,1000,1600,500,100,200,400,1700,1400,1200,900,1200,1100,500
419.0,27.35,107000,2940598.0,27.34,27.32,27.31,27.3,27.28,27.23,27.2,27.18,27.16,27.15,27.35,27.38,27.39,27.4,27.41,27.43,27.45,27.47,27.49,27.5,2300,2400,5500,6600,1000,200,300,1000,1600,500,700,200,400,1700,1400,1200,900,1200,1100,500
420.0,27.35,107600,2957008.0,27.34,27.32,27.31,27.3,27.28,27.23,27.2,27.18,27.16,27.15,27.35,27.38,27.39,27.4,27.41,27.43,27.45,27.47,27.49,27.5,2300,2400,5500,6600,1000,200,300,1000,1600,500,100,200,400,1700,1400,1200,900,1200,1100,500
421.0,27.35,107700,2959743.0,27.36,27.34,27.32,27.31,27.3,27.28,27.23,27.2,27.18,27.16,27.38,27.39,27.4,27.41,27.43,27.45,27.47,27.49,27.5,27.51,500,2300,2400,5500,7100,1000,200,300,1000,1600,200,400,1700,1400,1200,900,1200,1100,500,1000
422.0,27.35,107700,2959743.0,27.36,27.34,27.32,27.31,27.3,27.28,27.23,27.2,27.18,27.16,27.38,27.39,27.4,27.41,27.43,27.45,27.47,27.49,27.5,27.51,500,2300,2400,5900,7100,1000,200,300,1000,1600,200,400,1700,1400,1200,900,1200,1100,500,1000
423.0,27.35,107700,2959743.0,27.36,27.34,27.32,27.31,27.3,27.28,27.23,27.2,27.18,27.16,27.38,27.39,27.4,27.41,27.43,27.45,27.47,27.49,27.5,27.51,500,2300,2400,5900,7100,1000,200,300,1000,1600,200,400,1700,1400,1200,900,1200,1100,500,1000
424.0,27.35,107700,2959743.0,27.36,27.34,27.32,27.31,27.3,27.28,27.23,27.2,27.18,27.16,27.38,27.39,27.4,27.41,27.43,27.45,27.47,27.49,27.5,27.51,500,2300,2400,5900,7100,1000,200,300,1000,1600,400,400,1700,1400,1200,900,1200,1100,500,1000
425.0,27.35,107700,2959743.0,27.36,27.34,27.32,27.31,27.3,27.28,27.23,27.2,27.18,27.16,27.38,27.39,27.4,27.41,27.43,27.45,27.47,27.49,27.5,27.51,500,2300,2400,5900,7100,1000,200,300,1000,1600,400,400,1700,1400,1200,900,1200,1100,500,1000
426.0,27.35,107700,2959743.0,27.36,27.34,27.32,27.31,27.3,27.28,27.23,27.2,27.18,27.16,27.38,27.39,27.4,27.41,27.43,27.45,27.47,27.49,27.5,27.51,500,2300,2400,5900,7100,1000,200,300,1000,1600,400,400,1700,1400,1200,900,1200,1100,500,1000
