LocalTime,LastPrice,TradeVolume,TradeValue,BidPrice1,BidPrice2,BidPrice3,BidPrice4,BidPrice5,BidPrice6,BidPrice7,BidPrice8,BidPrice9,BidPriceA,AskPrice1,AskPrice2,AskPrice3,AskPrice4,AskPrice5,AskPrice6,AskPrice7,AskPrice8,AskPrice9,AskPriceA,BidVolume1,BidVolume2,BidVolume3,BidVolume4,BidVolume5,BidVolume6,BidVolume7,BidVolume8,BidVolume9,BidVolumeA,AskVolume1,AskVolume2,AskVolume3,AskVolume4,AskVolume5,AskVolume6,AskVolume7,AskVolume8,AskVolume9,AskVolumeA
0.0,13.77,700400,9644508.0,13.77,13.68,13.67,13.66,13.65,13.63,13.62,13.6,13.57,13.56,13.78,13.79,13.8,13.81,13.82,13.83,13.84,13.85,13.86,13.87,24900,700,2300,10000,200,100,3000,1200,200,3000,2500,54400,83800,600,500,19700,200,16000,5000,3000
1.0,13.75,790700,10884851.0,13.67,13.66,13.65,13.63,13.62,13.6,13.57,13.56,13.55,13.53,13.75,13.76,13.77,13.78,13.79,13.8,13.81,13.82,13.83,13.84,2700,2000,55200,600,3000,400,1000,3000,2000,300,138200,12800,118500,56800,54400,45700,600,500,19700,200
2.0,13.75,1026100,14121383.0,13.65,13.64,13.63,13.62,13.6,13.57,13.56,13.55,13.53,13.52,13.75,13.77,13.78,13.79,13.8,13.81,13.82,13.83,13.84,13.85,54000,100,1000,3100,1900,1000,3000,2000,300,41400,6100,152200,66600,53400,40500,600,200,19700,200,16000
3.0,13.76,1247400,17166579.0,13.68,13.67,13.65,13.64,13.63,13.62,13.6,13.58,13.57,13.56,13.76,13.77,13.78,13.79,13.8,13.81,13.82,13.83,13.84,13.85,7200,500,55500,100,1000,3700,5200,12100,1000,3000,34200,15800,74400,55600,41400,600,200,19700,200,34000
4.0,13.7,1329400,18293132.0,13.65,13.64,13.63,13.62,13.61,13.6,13.58,13.57,13.56,13.55,13.7,13.73,13.75,13.76,13.77,13.78,13.79,13.8,13.81,13.82,56400,600,1000,3900,500,16300,12100,2000,3000,2000,4100,1500,40000,3300,55800,104000,60100,41700,600,300
5.0,13.78,1515700,20854473.0,13.67,13.65,13.64,13.63,13.62,13.61,13.6,13.58,13.57,13.56,13.78,13.79,13.8,13.81,13.82,13.83,13.84,13.85,13.86,13.87,3000,52200,600,1000,3900,1500,17200,13100,2000,3100,106900,61900,51000,600,800,1000,200,35500,4400,3000
6.0,13.76,1592500,21910544.0,13.68,13.67,13.65,13.64,13.63,13.62,13.61,13.6,13.58,13.57,13.76,13.77,13.78,13.79,13.8,13.81,13.82,13.83,13.84,13.85,2700,1200,51200,600,1000,3900,2800,17800,13500,2000,1400,24700,117800,61900,51700,600,1000,1000,2200,36000
7.0,13.66,1807900,24866287.0,13.64,13.63,13.62,13.61,13.6,13.58,13.57,13.56,13.55,13.54,13.66,13.67,13.77,13.78,13.79,13.8,13.81,13.82,13.83,13.84,400,1000,3900,2800,18100,14000,3700,4200,9400,10600,400,2000,1500,87300,15400,52700,700,1000,1000,2200
8.0,13.69,1968300,27073981.0,13.69,13.68,13.65,13.62,13.61,13.6,13.59,13.58,13.57,13.56,13.73,13.76,13.77,13.79,13.8,13.81,13.82,13.83,13.84,13.85,900,100,100,4500,3100,18900,200,15500,3700,6600,100,5000,1500,800,53500,700,2700,1000,2200,39000
9.0,13.7,2147700,29537590.0,13.63,13.62,13.6,13.59,13.58,13.57,13.56,13.55,13.54,13.53,13.7,13.77,13.78,13.79,13.8,13.81,13.82,13.83,13.84,13.85,300,1000,6700,800,16500,3700,6600,14700,11300,4900,100,9800,4900,100,5200,700,3700,2200,2200,43500
10.0,13.65,2236200,30748231.0,13.62,13.6,13.59,13.58,13.57,13.56,13.55,13.54,13.53,13.52,13.65,13.66,13.68,13.7,13.71,13.75,13.76,13.77,13.78,13.79,900,8700,800,16500,4200,6600,16900,11300,5200,46000,86800,2600,700,4900,11100,600,1000,8200,10700,2100
11.0,13.65,2269700,31205437.0,13.6,13.59,13.58,13.57,13.56,13.55,13.54,13.53,13.52,13.51,13.65,13.66,13.68,13.69,13.7,13.74,13.75,13.76,13.77,13.78,8800,800,16500,4200,6600,16900,11300,5200,46000,17100,36500,2600,700,10200,10400,1200,4800,5800,25800,11200
12.0,13.65,2330000,32028305.0,13.6,13.59,13.58,13.57,13.56,13.55,13.54,13.53,13.52,13.51,13.64,13.65,13.67,13.68,13.69,13.7,13.72,13.74,13.75,13.76,2000,800,16500,4200,7400,16900,11300,5200,46000,17100,700,2600,500,1600,13200,14700,400,1400,90700,8900
13.0,13.61,2359400,32429355.0,13.59,13.58,13.57,13.56,13.55,13.54,13.53,13.52,13.51,13.5,13.64,13.69,13.7,13.71,13.72,13.74,13.75,13.76,13.77,13.78,500,16500,4200,7400,16900,11300,5200,46000,17100,114400,89700,10300,21400,200,400,1100,4700,9700,37300,15200
14.0,13.57,2414800,33182480.0,13.56,13.55,13.54,13.53,13.52,13.51,13.5,13.49,13.48,13.47,13.57,13.61,13.63,13.64,13.65,13.69,13.7,13.71,13.72,13.74,7400,16900,11300,5200,46000,17100,114400,1700,1500,5800,62000,200,200,100,37800,10300,18900,200,2000,1100
15.0,13.56,2427500,33354747.0,13.55,13.54,13.53,13.52,13.51,13.5,13.49,13.48,13.47,13.46,13.56,13.57,13.58,13.59,13.6,13.61,13.62,13.65,13.69,13.7,16900,11300,5200,46000,17100,113400,1700,1500,5800,5200,75000,12600,7700,200,2400,200,2100,35900,10300,18900
16.0,13.51,2530600,34749525.0,13.51,13.5,13.49,13.48,13.47,13.46,13.45,13.44,13.43,13.42,13.52,13.53,13.54,13.55,13.56,13.57,13.58,13.59,13.6,13.61,9200,113400,1700,1500,5300,5200,15500,2300,7900,6100,1100,600,60200,16000,4800,2900,4600,200,8700,5500
17.0,13.53,2608200,35797357.0,13.5,13.49,13.48,13.47,13.46,13.45,13.44,13.43,13.42,13.41,13.53,13.54,13.55,13.56,13.57,13.58,13.59,13.6,13.61,13.62,49100,1700,1500,5300,5200,15500,2300,7900,6100,8200,2600,57900,4000,4800,2900,5200,200,13300,5500,2100
18.0,13.53,2625500,36031316.0,13.5,13.49,13.48,13.47,13.46,13.45,13.44,13.43,13.42,13.41,13.53,13.54,13.55,13.56,13.57,13.58,13.59,13.6,13.61,13.62,45200,1700,1500,5300,5200,15500,2300,7900,6100,8200,5000,55000,7100,4900,2900,6400,200,13800,5500,2100
19.0,13.54,2634800,36157160.0,13.5,13.49,13.48,13.47,13.46,13.45,13.44,13.43,13.42,13.41,13.54,13.55,13.56,13.57,13.58,13.59,13.6,13.61,13.62,13.65,44600,1700,1500,5300,5200,15500,2300,7900,6100,8200,52000,7300,4900,2900,6400,200,21800,15500,2100,213900
20.0,13.49,2682500,36801137.0,13.48,13.47,13.46,13.45,13.44,13.43,13.42,13.41,13.4,13.39,13.49,13.5,13.52,13.54,13.55,13.56,13.57,13.58,13.59,13.6,1500,5300,5200,15500,2300,7900,6100,8200,15300,200,42200,4200,200,7000,6700,4600,2900,8400,200,21700
21.0,13.49,2706900,37130064.0,13.46,13.45,13.44,13.43,13.42,13.41,13.4,13.39,13.38,13.37,13.49,13.5,13.52,13.53,13.54,13.55,13.56,13.57,13.58,13.59,3900,15500,2300,7900,6100,8200,15300,200,16100,3600,33200,2800,200,10200,7000,4000,4600,2900,8400,200
22.0,13.49,2716500,37259568.0,13.46,13.45,13.44,13.43,13.42,13.41,13.4,13.39,13.38,13.37,13.49,13.5,13.52,13.53,13.54,13.55,13.56,13.57,13.58,13.59,3900,15500,2300,7900,6100,8200,15300,200,16100,3600,23600,1400,200,10900,7000,4000,4600,2900,7500,200
23.0,13.49,2728600,37422680.0,13.45,13.44,13.43,13.42,13.41,13.4,13.39,13.38,13.37,13.36,13.49,13.5,13.52,13.53,13.54,13.55,13.56,13.57,13.58,13.59,15500,2300,7900,6100,8200,15300,200,16100,3600,8900,15000,1400,200,20700,9000,4000,4600,2900,7500,200
24.0,13.45,2749700,37706999.0,13.45,13.44,13.43,13.42,13.41,13.4,13.39,13.38,13.37,13.36,13.46,13.48,13.49,13.5,13.52,13.53,13.54,13.55,13.56,13.57,14400,2300,7900,6100,8200,15300,200,16100,3600,8900,1200,1600,9300,1500,200,27100,9000,4000,4600,2900
25.0,13.48,2767900,37951879.0,13.44,13.43,13.42,13.41,13.4,13.39,13.38,13.37,13.36,13.35,13.48,13.49,13.5,13.52,13.53,13.54,13.55,13.56,13.57,13.58,2300,7900,6100,8200,15300,1200,16100,3600,9700,20700,6100,3500,3700,200,34600,9000,4000,4600,2900,8700
26.0,13.46,2786700,38205358.0,13.44,13.43,13.42,13.41,13.4,13.39,13.38,13.37,13.36,13.35,13.46,13.52,13.53,13.54,13.55,13.56,13.57,13.58,13.59,13.6,1400,7900,6100,8500,15300,1200,16100,3600,9700,20700,800,200,29300,9000,4000,4600,2900,8700,200,28700
27.0,13.48,2808500,38499902.0,13.48,13.47,13.46,13.45,13.44,13.43,13.42,13.41,13.4,13.39,13.53,13.54,13.55,13.56,13.57,13.58,13.6,13.61,13.65,13.69,400,800,500,8600,2800,7900,6100,8500,15300,1200,18200,9000,4000,4600,2900,6800,28700,13200,211600,9900
28.0,13.47,2814000,38574042.0,13.47,13.46,13.45,13.44,13.43,13.42,13.41,13.4,13.39,13.38,13.49,13.5,13.52,13.53,13.54,13.55,13.56,13.57,13.58,13.6,300,1300,2000,2800,7900,6400,8700,15300,1200,16100,1000,1200,1700,18200,300,4000,4600,2900,6800,25400
29.0,13.44,2833100,38830785.0,13.43,13.42,13.41,13.4,13.39,13.38,13.37,13.36,13.35,13.34,13.46,13.48,13.49,13.5,13.52,13.53,13.54,13.55,13.56,13.57,200,7200,8700,16400,1200,16100,3600,9700,20700,5100,100,1100,1600,9600,1700,18200,600,4000,4600,2900
30.0,13.48,2838600,38904881.0,13.45,13.44,13.43,13.42,13.41,13.4,13.39,13.38,13.37,13.36,13.48,13.49,13.5,13.52,13.53,13.54,13.55,13.56,13.57,13.58,1500,6400,900,8200,8700,16400,1200,16100,3600,9700,1900,1600,14600,1700,16600,600,4000,4600,2900,4700
31.0,13.48,2875100,39396673.0,13.45,13.43,13.42,13.41,13.4,13.39,13.38,13.37,13.36,13.35,13.48,13.5,13.52,13.53,13.54,13.55,13.56,13.57,13.58,13.6,1000,1500,8200,8700,17100,1200,16100,3600,9700,20700,500,2600,1700,16600,600,4000,4600,2900,4700,20100
32.0,13.5,2902500,39766170.0,13.45,13.44,13.43,13.42,13.41,13.4,13.39,13.38,13.37,13.36,13.48,13.5,13.52,13.53,13.54,13.55,13.56,13.57,13.58,13.6,800,700,1500,8200,8700,17100,1200,16100,3600,9700,1400,4600,1700,16600,600,4000,4600,2900,4700,20100
33.0,13.49,2926100,40085102.0,13.49,13.48,13.47,13.45,13.44,13.43,13.42,13.41,13.4,13.39,13.52,13.53,13.54,13.55,13.56,13.57,13.58,13.6,13.61,13.65,18500,2700,500,800,1000,1500,8200,8700,18100,1200,1400,8400,600,4000,4600,2900,3200,20100,13200,203500
34.0,13.48,2965900,40622022.0,13.47,13.45,13.44,13.43,13.42,13.41,13.4,13.39,13.38,13.37,13.48,13.53,13.54,13.55,13.56,13.57,13.58,13.6,13.61,13.65,500,800,1100,4400,8200,8700,18100,1200,16300,3600,11800,8900,600,4000,4600,2900,3200,19900,13200,203500
35.0,13.47,2978900,40797016.0,13.43,13.42,13.41,13.4,13.39,13.38,13.37,13.36,13.35,13.34,13.47,13.48,13.49,13.5,13.52,13.53,13.54,13.55,13.56,13.57,3600,8200,8700,18600,1200,16300,3600,9700,20700,5100,9500,16800,11000,300,300,8900,600,4000,5200,2900
36.0,13.5,3034900,41552443.0,13.46,13.44,13.43,13.42,13.41,13.4,13.39,13.38,13.37,13.36,13.5,13.52,13.53,13.54,13.55,13.56,13.57,13.58,13.6,13.61,1000,200,3300,8200,8700,18600,1200,16300,3600,9700,3300,500,8900,5800,4000,5200,2900,3200,19900,13200
37.0,13.5,3038900,41606439.0,13.48,13.46,13.44,13.43,13.42,13.41,13.4,13.39,13.38,13.37,13.5,13.51,13.52,13.53,13.54,13.55,13.56,13.57,13.58,13.6,100,1000,200,3300,8200,8700,19500,1200,16300,3600,4800,6300,7000,8900,5500,4000,800,2900,3200,15500
38.0,13.49,3044200,41677930.0,13.47,13.46,13.45,13.44,13.43,13.42,13.41,13.4,13.39,13.38,13.49,13.5,13.51,13.52,13.53,13.54,13.55,13.56,13.57,13.58,500,1000,300,200,1000,9200,9800,19500,1200,16300,3600,7400,6300,7000,5900,5500,4000,800,2900,3200
39.0,13.5,3071200,42041323.0,13.43,13.42,13.41,13.4,13.39,13.38,13.37,13.36,13.35,13.34,13.5,13.51,13.52,13.53,13.54,13.55,13.56,13.57,13.58,13.6,2500,9200,9800,20700,1200,16300,3600,9700,20900,5100,4500,6300,10900,5900,5500,9000,800,2900,3200,15500
40.0,13.48,3086700,42250569.0,13.48,13.45,13.43,13.42,13.41,13.4,13.39,13.38,13.37,13.36,13.5,13.51,13.52,13.53,13.54,13.55,13.56,13.57,13.58,13.6,4700,200,2300,9200,10000,20700,1200,16300,3600,9700,300,2500,10900,6700,5500,9000,800,2900,3200,15500
41.0,13.48,3120500,42706528.0,13.44,13.43,13.42,13.41,13.4,13.39,13.38,13.37,13.36,13.35,13.48,13.5,13.52,13.53,13.54,13.55,13.56,13.57,13.58,13.6,8900,2300,9200,10100,20700,200,16300,3600,9700,20900,2400,200300,17000,6700,5500,9000,800,2900,3200,16100
42.0,13.44,3145800,43046976.0,13.44,13.43,13.42,13.41,13.4,13.39,13.38,13.37,13.36,13.35,13.45,13.46,13.5,13.52,13.53,13.54,13.55,13.56,13.57,13.58,500,2300,9200,10100,20700,200,16300,3600,9700,21700,22500,1600,199600,19000,6700,5500,9000,800,2900,3200
43.0,13.49,3206000,43858791.0,13.45,13.42,13.41,13.4,13.39,13.38,13.37,13.36,13.35,13.34,13.49,13.5,13.52,13.53,13.54,13.55,13.56,13.57,13.58,13.6,200,6200,10100,20700,200,16300,3600,9700,21700,5100,1800,171000,19200,6700,5500,9000,800,2900,2700,16100
44.0,13.47,3257100,44548400.0,13.43,13.42,13.41,13.4,13.39,13.38,13.37,13.36,13.35,13.34,13.47,13.48,13.49,13.5,13.52,13.53,13.54,13.55,13.56,13.58,500,6200,10100,20700,200,16300,3600,9700,21700,5100,3300,18000,3100,127900,18600,6700,5500,9000,800,2700
45.0,13.47,3269800,44719529.0,13.44,13.43,13.42,13.41,13.4,13.39,13.38,13.37,13.36,13.35,13.46,13.47,13.48,13.49,13.5,13.52,13.53,13.54,13.55,13.56,1000,500,6500,10100,20700,200,16300,3600,8900,21700,12600,3400,5900,3500,128000,22500,6700,5500,9000,800
46.0,13.46,3274800,44786825.0,13.44,13.43,13.42,13.41,13.4,13.39,13.38,13.37,13.36,13.35,13.46,13.47,13.48,13.49,13.5,13.52,13.53,13.54,13.55,13.56,800,18900,6400,10100,20700,200,16300,3600,8900,21700,12300,3400,5900,3500,128000,24500,6700,5500,9000,900
47.0,13.47,3296000,45072045.0,13.43,13.42,13.41,13.4,13.39,13.38,13.37,13.36,13.35,13.34,13.45,13.47,13.48,13.49,13.5,13.52,13.53,13.54,13.55,13.56,18900,6400,5300,26300,200,16300,3600,8900,21700,5100,1000,11100,5900,9800,126700,24500,6700,5500,9000,900
48.0,13.47,3308700,45243043.0,13.44,13.43,13.42,13.41,13.4,13.39,13.38,13.37,13.36,13.35,13.47,13.48,13.49,13.5,13.52,13.53,13.54,13.55,13.56,13.58,2300,18000,6400,5300,26300,200,16300,3600,8400,21700,800,5900,10200,129100,24500,6700,5500,9000,900,2700
49.0,13.44,3318200,45370973.0,13.43,13.42,13.41,13.4,13.39,13.38,13.37,13.36,13.35,13.34,13.44,13.48,13.49,13.5,13.52,13.53,13.54,13.55,13.56,13.58,18000,7700,5300,26300,200,16300,3600,8400,21700,5100,2300,4000,10200,134100,24500,6700,5500,9000,900,2700
50.0,13.44,3346700,45754632.0,13.45,13.43,13.42,13.41,13.4,13.39,13.38,13.37,13.36,13.35,13.48,13.49,13.5,13.52,13.53,13.54,13.55,13.56,13.58,13.6,2300,11300,7700,5300,26400,700,16300,3600,8400,21700,2500,6600,135700,26200,6700,5500,9000,900,2700,16200
51.0,13.43,3356700,45889141.0,13.43,13.42,13.41,13.4,13.39,13.38,13.37,13.36,13.35,13.34,13.46,13.47,13.48,13.49,13.5,13.52,13.53,13.54,13.55,13.56,10600,8000,5300,28600,700,16300,3600,8500,21700,5100,900,400,2900,9800,135800,26200,6700,5500,9000,900
52.0,13.46,3365500,46007485.0,13.46,13.44,13.43,13.42,13.41,13.4,13.39,13.38,13.37,13.36,13.47,13.48,13.49,13.5,13.51,13.52,13.53,13.54,13.55,13.56,100,100,9200,8000,5300,28600,700,16300,3600,8500,400,2900,13600,135800,1500,26200,6700,5500,9000,900
53.0,13.48,3384200,46259237.0,13.43,13.42,13.41,13.4,13.39,13.38,13.37,13.36,13.35,13.34,13.47,13.48,13.49,13.5,13.51,13.52,13.53,13.54,13.55,13.56,9100,8000,5300,30200,700,16300,3600,8500,21700,5100,600,19700,15500,135800,1500,26500,6700,5500,9000,900
54.0,13.47,3398000,46445006.0,13.44,13.43,13.42,13.41,13.4,13.39,13.38,13.37,13.36,13.35,13.47,13.48,13.49,13.5,13.51,13.52,13.53,13.54,13.55,13.56,100,24400,8000,5300,30200,700,16300,3600,8500,21700,1000,27300,15500,135800,1500,26500,6700,5500,9000,900
55.0,13.44,3423300,46785900.0,13.43,13.42,13.41,13.4,13.39,13.38,13.37,13.36,13.35,13.34,13.44,13.48,13.49,13.5,13.51,13.52,13.53,13.54,13.55,13.56,24400,8000,5300,30200,700,16100,3600,8500,21700,5100,3800,10300,15500,141100,1500,26500,6700,5500,9000,900
56.0,13.48,3445500,47084800.0,13.48,13.46,13.45,13.44,13.43,13.42,13.41,13.4,13.39,13.38,13.49,13.5,13.51,13.52,13.53,13.54,13.55,13.56,13.58,13.6,6000,12800,600,6100,24400,8000,5300,31000,700,16100,15800,141600,1500,26500,6700,5600,9800,1400,2800,15900
57.0,13.48,3453400,47191301.0,13.48,13.46,13.45,13.44,13.43,13.42,13.41,13.4,13.39,13.38,13.49,13.5,13.51,13.52,13.53,13.54,13.55,13.56,13.58,13.6,1200,21500,1000,7300,24400,9600,5300,31800,700,17100,20000,141600,1500,26500,6700,5600,9800,1400,2800,15900
58.0,13.46,3462000,47307095.0,13.46,13.45,13.44,13.43,13.42,13.41,13.4,13.39,13.38,13.37,13.48,13.49,13.5,13.51,13.52,13.53,13.54,13.55,13.56,13.58,19800,1000,10700,24400,9600,5300,31800,700,17100,3600,2800,30200,141600,1500,26500,6700,5600,9800,1400,3100
59.0,13.46,3473900,47467271.0,13.46,13.45,13.44,13.43,13.42,13.41,13.4,13.39,13.38,13.37,13.48,13.49,13.5,13.51,13.52,13.53,13.54,13.55,13.56,13.58,10500,1200,10900,24400,9800,10000,31800,700,17100,3600,2700,30800,141600,1500,26500,6700,5600,9800,1400,1600
60.0,13.49,3479900,47548046.0,13.46,13.45,13.44,13.43,13.42,13.41,13.4,13.39,13.38,13.37,13.47,13.49,13.5,13.51,13.52,13.53,13.54,13.55,13.56,13.58,20600,2100,10900,24400,9800,10000,31700,700,17100,3600,5000,32300,141600,1500,26500,6700,5600,9800,1400,1600
61.0,13.46,3490100,47685389.0,13.46,13.45,13.44,13.43,13.42,13.41,13.4,13.39,13.38,13.37,13.47,13.48,13.49,13.5,13.51,13.52,13.53,13.54,13.55,13.56,17600,2800,19800,24600,8400,15000,31800,700,17100,3600,1000,6300,32300,141800,1500,29400,6700,5600,9800,1400
62.0,13.46,3533900,48275106.0,13.46,13.45,13.44,13.43,13.42,13.41,13.4,13.39,13.38,13.37,13.47,13.48,13.49,13.5,13.51,13.52,13.53,13.54,13.55,13.56,100,2700,21400,24600,8400,15000,32500,700,17100,3600,500,3300,31900,127500,1500,29400,6700,5600,9800,1400
63.0,13.46,3557900,48598625.0,13.46,13.45,13.44,13.43,13.42,13.41,13.4,13.39,13.38,13.37,13.48,13.49,13.5,13.51,13.52,13.53,13.54,13.55,13.56,13.58,1300,1900,20600,27100,8100,15000,33000,700,17100,3600,800,19400,128500,1500,29500,6700,5600,9800,1400,1600
64.0,13.49,3574500,48822253.0,13.46,13.44,13.43,13.42,13.41,13.4,13.39,13.38,13.37,13.36,13.49,13.5,13.51,13.52,13.53,13.54,13.55,13.56,13.58,13.6,10000,20600,25800,8100,15000,33000,700,17100,3600,4600,15500,128100,1500,29500,6700,5600,9800,1400,1600,16400
65.0,13.46,3611400,49319890.0,13.46,13.44,13.43,13.42,13.41,13.4,13.39,13.38,13.37,13.36,13.47,13.48,13.49,13.5,13.51,13.52,13.53,13.54,13.55,13.56,5400,20600,25800,8100,15000,33500,700,17100,3600,4600,400,1400,2700,118400,1500,29500,6700,5600,9800,1400
66.0,13.46,3628300,49547302.0,13.44,13.43,13.42,13.41,13.4,13.39,13.38,13.37,13.36,13.35,13.46,13.47,13.48,13.49,13.5,13.51,13.52,13.53,13.54,13.55,31900,26000,8100,16200,34400,700,17100,3600,4600,22100,3000,1900,1400,4000,118400,1500,29500,6700,5600,5800
67.0,13.46,3649900,49838198.0,13.46,13.44,13.43,13.42,13.41,13.4,13.39,13.38,13.37,13.36,13.49,13.5,13.51,13.52,13.53,13.54,13.55,13.56,13.58,13.6,200,25400,26000,8300,16200,34400,700,17100,3600,4600,6200,118400,1500,29500,6700,5600,5800,1400,1600,16400
68.0,13.5,3663100,50016021.0,13.44,13.43,13.42,13.41,13.4,13.39,13.38,13.37,13.36,13.35,13.5,13.51,13.52,13.53,13.54,13.55,13.56,13.58,13.6,13.61,25200,26000,8300,16200,34400,700,17100,3600,4600,22100,118900,1600,29000,6700,5600,5800,1400,1600,16400,10200
69.0,13.45,3668400,50087386.0,13.44,13.43,13.42,13.41,13.4,13.39,13.38,13.37,13.36,13.35,13.45,13.46,13.48,13.49,13.5,13.51,13.52,13.53,13.54,13.55,25200,26800,8300,16200,34400,700,17100,3600,4600,22100,8900,11600,1500,1900,118200,1600,29000,6700,5600,5800
70.0,13.45,3680800,50254159.0,13.44,13.43,13.42,13.41,13.4,13.39,13.38,13.37,13.36,13.35,13.45,13.46,13.48,13.49,13.5,13.51,13.52,13.53,13.54,13.55,25800,26800,8300,16200,34700,700,17100,3600,4600,22100,8800,17900,2500,1900,118200,1600,29000,6700,5600,800
71.0,13.46,3765900,51398061.0,13.42,13.41,13.4,13.39,13.38,13.37,13.36,13.35,13.34,13.33,13.45,13.46,13.47,13.48,13.49,13.5,13.51,13.52,13.53,13.54,7500,16200,34700,700,17100,3600,4600,22100,5600,11900,100,4400,400,2500,3400,119700,1600,29000,6700,5600
72.0,13.46,3782600,51622874.0,13.46,13.45,13.44,13.42,13.41,13.4,13.39,13.38,13.37,13.36,13.48,13.49,13.5,13.51,13.52,13.53,13.54,13.55,13.56,13.58,1500,500,8200,8000,16200,34700,700,17100,3600,4900,1100,3400,119700,1600,29000,6700,5600,800,1400,1600
73.0,13.49,3843000,52438027.0,13.49,13.48,13.47,13.46,13.45,13.44,13.43,13.42,13.41,13.4,13.5,13.51,13.52,13.53,13.54,13.55,13.56,13.58,13.6,13.61,2100,200,14100,6600,500,8400,2000,8000,16200,34700,78800,1600,29000,6700,5600,800,1400,1600,15900,10200
74.0,13.5,3858800,52651224.0,13.47,13.46,13.45,13.44,13.43,13.42,13.41,13.4,13.39,13.38,13.5,13.51,13.52,13.53,13.54,13.55,13.56,13.58,13.6,13.61,11700,6700,6900,8400,2000,8000,16200,35700,700,17900,67000,1600,29000,6700,5600,800,1400,1600,15900,10200
75.0,13.5,3874900,52868319.0,13.49,13.48,13.47,13.46,13.45,13.44,13.43,13.42,13.41,13.4,13.5,13.51,13.52,13.53,13.54,13.55,13.56,13.58,13.6,13.61,200,100,12800,7000,13500,9400,2000,8000,17900,36200,63400,1600,29000,6700,5600,800,1400,1600,15900,10200
76.0,13.49,3908400,53320535.0,13.48,13.47,13.46,13.45,13.44,13.43,13.42,13.41,13.4,13.39,13.49,13.5,13.51,13.52,13.53,13.54,13.55,13.56,13.58,13.6,11600,13000,7000,14600,9400,2000,8000,17900,36200,700,2400,33500,1900,29000,6700,5600,800,1400,1600,15900
77.0,13.49,3932300,53643034.0,13.49,13.48,13.47,13.46,13.45,13.44,13.43,13.42,13.41,13.4,13.5,13.51,13.52,13.53,13.54,13.55,13.56,13.58,13.6,13.61,100,6700,13200,8000,11000,9400,2000,8000,17900,36200,19800,1900,29000,6700,5600,800,1400,1600,15900,10200
78.0,13.49,3938600,53727984.0,13.49,13.48,13.47,13.46,13.45,13.44,13.43,13.42,13.41,13.4,13.5,13.51,13.52,13.53,13.54,13.55,13.56,13.58,13.6,13.61,3000,3300,13400,8000,13200,9700,2200,8000,20500,36300,21400,1900,29000,6700,5600,800,1400,1600,15900,10200
79.0,13.47,3969600,54146087.0,13.47,13.46,13.45,13.44,13.43,13.42,13.41,13.4,13.39,13.38,13.5,13.51,13.52,13.53,13.54,13.55,13.56,13.58,13.6,13.61,10000,7700,13200,9700,2200,8000,20500,36300,700,17900,18000,1900,29000,6700,5600,800,1400,1600,15900,10200
80.0,13.49,3983900,54339023.0,13.49,13.48,13.47,13.46,13.45,13.44,13.43,13.42,13.41,13.4,13.5,13.51,13.52,13.53,13.54,13.55,13.56,13.58,13.6,13.61,1200,300,9300,7700,16200,9700,2700,8000,20500,37300,13300,1900,29000,6700,5600,800,1400,1600,15900,10200
81.0,13.5,3991000,54434873.0,13.49,13.48,13.47,13.46,13.45,13.44,13.43,13.42,13.41,13.4,13.5,13.51,13.52,13.53,13.54,13.55,13.56,13.58,13.6,13.61,12500,13800,9600,7600,15800,10100,3300,8000,21500,37300,7900,1900,29000,6700,5600,800,1400,1700,15900,10200
82.0,13.49,3996100,54503696.0,13.49,13.48,13.47,13.46,13.45,13.44,13.43,13.42,13.41,13.4,13.5,13.51,13.52,13.53,13.54,13.55,13.56,13.58,13.6,13.61,11200,14100,9500,7600,15700,10100,3300,8000,21500,37500,5500,1900,27000,6700,5600,1300,1400,1700,15900,10200
83.0,13.51,4031800,54985817.0,13.5,13.49,13.48,13.47,13.46,13.45,13.44,13.43,13.42,13.41,13.51,13.52,13.53,13.54,13.55,13.56,13.58,13.6,13.61,13.65,21600,29200,14100,12100,8100,16800,10100,3300,8000,21500,15200,24900,6700,5700,1300,1400,1700,15900,10200,3300
84.0,13.5,4085900,55716748.0,13.5,13.49,13.48,13.47,13.46,13.45,13.44,13.43,13.42,13.41,13.52,13.53,13.54,13.55,13.56,13.58,13.6,13.61,13.65,13.69,19000,42300,13800,12100,8500,17000,10100,3300,7500,20200,7000,6700,5700,1300,1400,1700,15900,10200,3300,10900
85.0,13.53,4098900,55892527.0,13.5,13.49,13.48,13.47,13.46,13.45,13.44,13.43,13.42,13.41,13.53,13.54,13.55,13.56,13.58,13.6,13.61,13.65,13.69,13.7,33100,44700,13800,12100,8800,17100,10100,3300,7500,20200,4800,5700,1300,1400,1700,15900,10200,100,10900,13700
86.0,13.54,4115500,56117106.0,13.53,13.51,13.5,13.49,13.48,13.47,13.46,13.45,13.44,13.43,13.54,13.55,13.56,13.58,13.6,13.61,13.62,13.65,13.69,13.7,5100,15500,54300,46100,13500,12100,9100,17100,10100,3300,800,600,1200,1700,15900,10200,1000,100,10900,13600
87.0,13.55,4119700,56173955.0,13.55,13.53,13.52,13.51,13.5,13.49,13.48,13.47,13.46,13.45,13.56,13.58,13.6,13.61,13.62,13.65,13.69,13.7,13.72,13.74,4400,2600,20600,15500,61800,46600,13500,12100,9200,17100,1200,1700,15900,10200,1000,100,10900,10900,1400,500
88.0,13.58,4121000,56191585.0,13.55,13.53,13.52,13.51,13.5,13.49,13.48,13.47,13.46,13.45,13.58,13.59,13.6,13.61,13.62,13.65,13.69,13.7,13.72,13.74,5400,2600,20800,15500,69100,48300,13500,12100,9800,17100,1600,1600,15900,10200,1000,100,10900,10900,1400,500
89.0,13.58,4187300,57088250.0,13.56,13.54,13.53,13.52,13.51,13.5,13.49,13.48,13.47,13.46,13.58,13.59,13.6,13.61,13.62,13.65,13.69,13.7,13.72,13.74,100,300,2700,6000,15500,75100,48300,13500,12100,9800,500,1600,15900,10200,1000,100,10900,10900,1400,500
90.0,13.58,4192400,57157476.0,13.58,13.57,13.56,13.54,13.53,13.52,13.51,13.5,13.49,13.48,13.59,13.6,13.61,13.62,13.65,13.69,13.7,13.72,13.74,13.75,100,100,100,1100,3400,10100,15500,76900,48500,13500,1100,18400,10200,1000,100,10900,10900,1400,500,3600
91.0,13.59,4203500,57308176.0,13.54,13.53,13.52,13.51,13.5,13.49,13.48,13.47,13.46,13.45,13.59,13.6,13.61,13.62,13.65,13.69,13.7,13.72,13.74,13.75,1100,3400,11700,15500,91100,48500,13500,12100,10300,17100,200,18400,10200,1000,100,10900,10900,1400,500,3800
92.0,13.58,4222300,57563521.0,13.58,13.55,13.54,13.53,13.52,13.51,13.5,13.49,13.48,13.47,13.6,13.61,13.62,13.65,13.69,13.7,13.72,13.74,13.75,13.76,2700,2800,1100,4400,13900,15500,96100,34700,13400,12100,14100,200,1000,100,10900,10900,1400,500,3800,1200
93.0,13.5,4273200,58252080.0,13.5,13.49,13.48,13.47,13.46,13.45,13.44,13.43,13.42,13.41,13.53,13.58,13.6,13.61,13.62,13.65,13.69,13.7,13.72,13.74,98400,34700,13400,11900,10300,11200,7300,3300,6700,15500,20000,600,14100,200,1000,100,10900,10900,1400,500
94.0,13.52,4295100,58548357.0,13.5,13.49,13.48,13.47,13.46,13.45,13.44,13.43,13.42,13.41,13.52,13.55,13.56,13.58,13.6,13.61,13.62,13.65,13.69,13.7,91100,33900,13400,11900,10300,21200,7300,3300,6700,15500,300,2200,3300,600,14100,200,1000,100,10900,10900
95.0,13.57,4344900,59221582.0,13.5,13.49,13.48,13.47,13.46,13.45,13.44,13.43,13.42,13.41,13.52,13.56,13.57,13.58,13.59,13.6,13.61,13.62,13.65,13.69,59400,33900,13400,11900,10300,21200,7500,3300,6700,15500,900,300,2900,2600,2400,14100,200,1000,100,10900
96.0,13.5,4404700,60029002.0,13.5,13.49,13.48,13.47,13.46,13.45,13.44,13.43,13.42,13.41,13.52,13.53,13.56,13.57,13.58,13.59,13.6,13.61,13.62,13.65,11300,33600,14200,11900,10300,21200,7500,3300,6700,15500,4200,600,4000,2800,3600,1800,14100,200,1000,100
97.0,13.52,4472500,60943820.0,13.48,13.47,13.46,13.45,13.44,13.43,13.42,13.41,13.4,13.39,13.52,13.56,13.57,13.58,13.59,13.6,13.61,13.62,13.65,13.69,1500,11900,10300,23200,7500,3300,6700,15500,37300,700,400,14200,3300,3600,1800,14100,200,1000,100,10900
98.0,13.48,4497000,61275627.0,13.47,13.46,13.45,13.44,13.43,13.42,13.41,13.4,13.39,13.38,13.48,13.56,13.57,13.58,13.59,13.6,13.61,13.62,13.65,13.69,10100,10300,23700,7400,3300,6700,15500,37400,700,18700,1900,900,3000,5500,4300,14100,200,1500,100,10900
99.0,13.53,4513100,61493609.0,13.53,13.47,13.46,13.45,13.44,13.43,13.42,13.41,13.4,13.39,13.56,13.57,13.58,13.59,13.6,13.61,13.62,13.65,13.69,13.7,2100,7000,10300,21600,7400,3300,6700,15500,37400,700,2100,700,100,4200,14100,200,1500,100,10900,11100
100.0,13.5,4520500,61593611.0,13.48,13.47,13.46,13.45,13.44,13.43,13.42,13.41,13.4,13.39,13.5,13.52,13.53,13.55,13.56,13.57,13.58,13.59,13.6,13.61,1000,6900,10300,21600,7400,3300,6700,15500,37400,700,17600,400,900,4000,2400,1000,1100,4200,17100,200
101.0,13.48,4524700,61650277.0,13.47,13.46,13.45,13.44,13.43,13.42,13.41,13.4,13.39,13.38,13.48,13.5,13.52,13.53,13.55,13.56,13.57,13.58,13.59,13.6,6900,10300,21700,7400,3300,6700,13300,37400,700,18700,400,16800,400,900,6600,2400,1000,1100,4200,17100
102.0,13.5,4533500,61768998.0,13.48,13.47,13.46,13.45,13.44,13.43,13.42,13.41,13.4,13.39,13.5,13.52,13.53,13.55,13.56,13.57,13.58,13.59,13.6,13.61,3200,4800,10300,21700,7400,3300,6700,13300,37400,700,14300,400,2300,6600,2400,1000,1100,4200,17100,200
103.0,13.57,4566100,62209857.0,13.56,13.54,13.51,13.5,13.48,13.47,13.46,13.45,13.44,13.43,13.57,13.58,13.59,13.6,13.61,13.62,13.65,13.69,13.7,13.72,2600,21900,100,2900,5200,4800,10300,21700,7400,3300,500,1100,4200,17100,200,1500,100,10900,12600,1400
104.0,13.56,4567300,62226131.0,13.56,13.54,13.53,13.51,13.5,13.48,13.47,13.46,13.45,13.44,13.57,13.58,13.59,13.6,13.61,13.62,13.65,13.69,13.7,13.72,1600,22100,100,100,15200,5200,4800,10800,21700,7400,300,1600,4200,17100,200,1500,100,10900,12600,1400
105.0,13.54,4580900,62410307.0,13.54,13.53,13.51,13.5,13.49,13.48,13.47,13.46,13.45,13.44,13.56,13.57,13.58,13.59,13.6,13.61,13.62,13.65,13.69,13.7,10100,600,100,20900,1100,6600,5300,10800,21700,7400,100,300,1600,8000,17100,200,1500,100,10900,12600
106.0,13.54,4582800,62436051.0,13.54,13.53,13.52,13.51,13.5,13.49,13.48,13.47,13.46,13.45,13.55,13.56,13.57,13.58,13.59,13.6,13.61,13.62,13.65,13.69,9100,600,11300,100,25100,1100,5300,5300,10800,24700,28500,300,300,1600,8000,17100,200,1500,100,10900
107.0,13.54,4590000,62533582.0,13.54,13.53,13.52,13.51,13.5,13.49,13.48,13.47,13.46,13.45,13.55,13.56,13.57,13.58,13.59,13.6,13.61,13.62,13.65,13.69,6200,600,11300,100,51500,1100,7400,8300,11800,24900,24400,300,900,1600,8000,17100,200,1500,100,13100
108.0,13.55,4594700,62597226.0,13.54,13.53,13.52,13.51,13.5,13.49,13.48,13.47,13.46,13.45,13.55,13.56,13.57,13.58,13.59,13.6,13.61,13.62,13.65,13.67,3100,1400,11300,100,53600,1100,7400,8300,11800,23800,24600,1200,900,1600,8000,17100,200,1500,100,300
109.0,13.5,4626800,63031509.0,13.5,13.49,13.48,13.47,13.46,13.45,13.44,13.43,13.42,13.41,13.55,13.56,13.57,13.58,13.59,13.6,13.61,13.62,13.65,13.67,65100,1100,7900,8500,11800,23800,7000,7600,6700,14000,13800,1200,1100,1600,8000,17100,200,1500,100,300
110.0,13.53,4635200,63145260.0,13.5,13.49,13.48,13.47,13.46,13.45,13.44,13.43,13.42,13.41,13.52,13.55,13.56,13.57,13.58,13.59,13.6,13.61,13.62,13.65,76600,1100,8700,8500,11800,23800,7000,3300,6700,14000,8300,13300,1700,6300,1600,8000,17200,200,1500,100
111.0,13.55,4684300,63808372.0,13.5,13.49,13.48,13.47,13.46,13.45,13.44,13.43,13.42,13.41,13.55,13.56,13.57,13.58,13.59,13.6,13.61,13.62,13.65,13.67,42500,1100,9200,9000,11800,26300,7000,7600,6700,14000,12100,1700,6300,1600,8000,17200,200,1500,100,300
112.0,13.55,4699200,64009930.0,13.5,13.49,13.48,13.47,13.46,13.45,13.44,13.43,13.42,13.41,13.55,13.56,13.57,13.58,13.59,13.6,13.61,13.62,13.65,13.67,36000,1100,9200,9000,11800,27900,7000,3300,6800,14000,7300,1700,6300,1800,8000,17200,200,1500,100,300
113.0,13.55,4710800,64166954.0,13.5,13.49,13.48,13.47,13.46,13.45,13.44,13.43,13.42,13.41,13.54,13.55,13.56,13.57,13.58,13.59,13.6,13.61,13.62,13.65,34700,1100,9200,9000,11800,27900,7600,3300,6800,14000,200,3300,1700,6300,2800,13000,17200,200,1500,100
114.0,13.53,4726700,64382331.0,13.5,13.49,13.48,13.47,13.46,13.45,13.44,13.43,13.42,13.41,13.53,13.54,13.55,13.56,13.57,13.58,13.59,13.6,13.61,13.62,34000,1100,9200,9000,11800,27900,7600,3300,6600,14000,3000,9700,6900,2000,6300,2800,10500,17200,200,1500
115.0,13.5,4765600,64907481.0,13.49,13.48,13.47,13.46,13.45,13.44,13.43,13.42,13.41,13.4,13.5,13.51,13.52,13.53,13.54,13.55,13.56,13.57,13.58,13.59,1100,9300,9000,11800,27900,7600,3300,6600,14200,38300,1500,1100,300,3000,9700,6700,2000,6300,2800,10500
116.0,13.54,4777600,65069586.0,13.5,13.48,13.47,13.46,13.45,13.44,13.43,13.42,13.41,13.4,13.54,13.55,13.56,13.57,13.58,13.59,13.6,13.61,13.62,13.65,12900,7400,9000,11800,27700,7600,3300,6600,14200,38300,8800,7200,2000,6300,2800,10500,17200,200,1500,100
117.0,13.54,4784700,65165692.0,13.52,13.51,13.5,13.48,13.47,13.46,13.45,13.44,13.43,13.42,13.54,13.55,13.56,13.57,13.58,13.59,13.6,13.61,13.62,13.65,200,600,12400,7400,9000,11800,27700,7600,3300,6600,5400,7200,2000,6300,2800,10500,17400,200,1500,100
118.0,13.51,4799000,65359291.0,13.51,13.5,13.48,13.47,13.46,13.45,13.44,13.43,13.42,13.41,13.53,13.55,13.56,13.57,13.58,13.59,13.6,13.61,13.62,13.65,5000,14900,7400,9500,11800,27700,7600,3300,6600,14200,2600,4900,2000,8000,2800,10500,18200,1200,1500,100
119.0,13.51,4803300,65417410.0,13.51,13.5,13.48,13.47,13.46,13.45,13.44,13.43,13.42,13.41,13.53,13.55,13.56,13.57,13.58,13.59,13.6,13.61,13.62,13.65,2000,23500,9400,9500,11800,27700,7600,3300,6600,14200,1300,7600,2000,8000,5600,10500,18200,1200,1500,100
120.0,13.53,4805100,65441740.0,13.52,13.51,13.5,13.48,13.47,13.46,13.45,13.44,13.43,13.42,13.53,13.55,13.56,13.57,13.58,13.59,13.6,13.61,13.62,13.65,100,2100,29900,10400,9800,11800,27700,7600,3300,6600,700,11800,5300,8000,5700,10500,18200,1200,1500,100
121.0,13.52,4812600,65543034.0,13.52,13.5,13.48,13.47,13.46,13.45,13.44,13.43,13.42,13.41,13.53,13.55,13.56,13.57,13.58,13.59,13.6,13.61,13.62,13.65,2900,33700,10500,9800,11800,27700,7600,3300,6600,14200,700,11900,5300,8000,5700,10500,17700,1200,1500,100
122.0,13.52,4820700,65652588.0,13.5,13.49,13.48,13.47,13.46,13.45,13.44,13.43,13.42,13.41,13.52,13.53,13.54,13.55,13.56,13.57,13.58,13.59,13.6,13.61,42400,5100,10500,9800,11800,27400,7600,3300,6600,14200,14700,2000,700,12400,5300,8000,5700,10500,17700,1200
123.0,13.51,4828600,65759320.0,13.5,13.49,13.48,13.47,13.46,13.45,13.44,13.43,13.42,13.41,13.51,13.52,13.53,13.54,13.55,13.56,13.57,13.58,13.59,13.6,42500,5100,11400,9800,12500,27400,7600,3300,6600,14200,3900,15300,2100,700,14200,5300,2200,5700,10500,17700
124.0,13.52,4868700,66301011.0,13.52,13.5,13.49,13.48,13.47,13.46,13.45,13.44,13.43,13.42,13.53,13.54,13.55,13.56,13.57,13.58,13.59,13.6,13.61,13.62,1700,21800,5100,12400,9800,12000,27400,7600,3300,6600,2100,700,14200,6400,2200,5700,10500,17700,1200,1500
125.0,13.49,4905400,66796660.0,13.49,13.48,13.47,13.46,13.45,13.44,13.43,13.42,13.41,13.4,13.5,13.51,13.53,13.54,13.55,13.56,13.57,13.58,13.59,13.6,4900,12300,9600,12000,27400,7600,3300,6600,14200,37800,5900,1100,300,5000,18900,6400,2200,5700,10500,17700
126.0,13.48,4917000,66953167.0,13.48,13.47,13.46,13.45,13.44,13.43,13.42,13.41,13.4,13.39,13.5,13.51,13.53,13.54,13.55,13.56,13.57,13.58,13.59,13.6,10200,9600,12000,25400,7600,3300,6600,14200,37800,2800,5000,500,300,5000,21900,6400,2200,5700,10500,18700
127.0,13.54,4926200,67077337.0,13.5,13.48,13.47,13.46,13.45,13.44,13.43,13.42,13.41,13.4,13.51,13.52,13.54,13.55,13.56,13.57,13.58,13.59,13.6,13.61,1300,8600,9600,12000,25400,7600,3300,6600,14200,37800,1000,2800,5000,21900,6400,2200,5700,10500,18700,1200
128.0,13.51,4959000,67521457.0,13.51,13.5,13.48,13.47,13.46,13.45,13.44,13.43,13.42,13.41,13.52,13.54,13.55,13.56,13.57,13.58,13.59,13.6,13.61,13.62,6000,4800,8600,9600,13500,25400,7600,3300,6600,14200,3800,400,1700,6400,7200,5700,10500,19100,1200,1500
129.0,13.51,4966900,67628252.0,13.51,13.5,13.48,13.47,13.46,13.45,13.44,13.43,13.42,13.41,13.52,13.53,13.54,13.55,13.56,13.57,13.58,13.59,13.6,13.61,5500,5700,11600,9600,13500,26400,7600,3300,6500,14200,2600,300,400,1700,6400,7200,5600,10500,19100,1200
130.0,13.51,4986000,67886529.0,13.51,13.5,13.48,13.47,13.46,13.45,13.44,13.43,13.42,13.41,13.55,13.56,13.57,13.58,13.59,13.6,13.61,13.62,13.65,13.66,2900,5900,11600,12400,13500,26400,7600,3300,6500,14200,400,6400,7200,5600,18200,19100,1200,1500,100,800
131.0,13.49,5005000,68143042.0,13.48,13.47,13.46,13.45,13.44,13.43,13.42,13.41,13.4,13.39,13.49,13.53,13.54,13.55,13.56,13.57,13.58,13.59,13.6,13.61,11600,9400,13500,28400,7600,3300,6500,14200,37700,900,2400,3400,600,1000,6600,7200,4600,19200,19600,1700
132.0,13.47,5030000,68480243.0,13.47,13.46,13.45,13.44,13.43,13.42,13.41,13.4,13.39,13.38,13.53,13.54,13.55,13.56,13.57,13.58,13.59,13.6,13.61,13.62,8000,13500,28400,7600,3300,6500,14200,38200,900,19000,3400,600,1000,6700,7200,4600,19200,19600,1700,1500
133.0,13.5,5038900,68600331.0,13.52,13.47,13.46,13.45,13.44,13.43,13.42,13.41,13.4,13.39,13.53,13.54,13.55,13.56,13.57,13.58,13.59,13.6,13.61,13.62,100,5600,13500,28400,7600,3300,6500,14200,38200,900,2400,1600,1400,7700,7200,4600,19200,19600,1700,1500
134.0,13.53,5049300,68740863.0,13.48,13.47,13.46,13.45,13.44,13.43,13.42,13.41,13.4,13.39,13.53,13.54,13.55,13.56,13.57,13.58,13.59,13.6,13.61,13.62,600,5600,13700,28400,7600,3300,6500,14200,39300,900,9200,1600,2400,6600,7200,4600,19400,19600,1700,1500
135.0,13.5,5049900,68748963.0,13.48,13.47,13.46,13.45,13.44,13.43,13.42,13.41,13.4,13.39,13.5,13.52,13.53,13.54,13.55,13.56,13.57,13.58,13.59,13.6,900,5600,13700,28200,7600,3300,6600,14200,39700,900,500,4500,9300,1600,4400,6600,7200,5600,19400,19900
136.0,13.5,5055600,68825941.0,13.49,13.48,13.47,13.46,13.45,13.44,13.43,13.42,13.41,13.4,13.5,13.52,13.53,13.54,13.55,13.56,13.57,13.58,13.59,13.6,1700,1500,5600,12200,27800,7600,3300,6600,14200,38800,2600,3900,9300,1600,4400,6600,7200,5700,19400,19900
137.0,13.51,5064300,68943493.0,13.51,13.49,13.48,13.47,13.46,13.45,13.44,13.43,13.42,13.41,13.52,13.53,13.54,13.55,13.56,13.57,13.58,13.59,13.6,13.61,200,1200,1700,5600,12200,27800,7600,3300,6600,14200,600,10300,1600,5400,6600,7200,5700,19400,21900,1700
138.0,13.52,5065900,68965110.0,13.51,13.5,13.49,13.48,13.47,13.46,13.45,13.44,13.43,13.42,13.52,13.53,13.54,13.55,13.56,13.57,13.58,13.59,13.6,13.61,34900,1900,1200,3800,6200,12200,25800,7600,3300,6600,500,11900,1600,5400,6600,7200,5700,19400,21900,1700
139.0,13.53,5084800,69220610.0,13.51,13.5,13.49,13.48,13.47,13.46,13.45,13.44,13.43,13.42,13.53,13.54,13.55,13.56,13.57,13.58,13.59,13.6,13.61,13.62,24700,7100,1800,7800,6700,12200,26100,7600,3300,6600,4500,1700,5400,6600,7200,5700,19400,21900,1700,1500
140.0,13.53,5093000,69331511.0,13.53,13.51,13.5,13.49,13.48,13.47,13.46,13.45,13.44,13.43,13.54,13.55,13.56,13.57,13.58,13.59,13.6,13.61,13.62,13.65,100,25600,7900,1800,8500,6900,7200,26100,7600,3300,1700,5600,6600,7200,5700,19400,21900,1700,1500,100
141.0,13.51,5113100,69603082.0,13.51,13.5,13.49,13.48,13.47,13.46,13.45,13.44,13.43,13.42,13.53,13.54,13.55,13.56,13.57,13.58,13.59,13.6,13.61,13.62,8900,9800,1800,9100,6900,7200,26100,7600,3300,6600,1300,1300,5600,6800,7200,5700,19400,21900,1700,1500
142.0,13.51,5117400,69661246.0,13.51,13.5,13.49,13.48,13.47,13.46,13.45,13.44,13.43,13.42,13.52,13.54,13.55,13.56,13.57,13.58,13.59,13.6,13.61,13.62,14600,9800,2100,10600,6900,7300,26100,7700,3300,6600,2600,2500,5800,6800,7200,5700,19400,21900,1700,1500
143.0,13.52,5144100,70022125.0,13.52,13.51,13.5,13.49,13.48,13.47,13.46,13.45,13.44,13.43,13.53,13.54,13.55,13.56,13.57,13.58,13.59,13.6,13.61,13.62,4200,18200,9800,2100,13000,7400,7300,26100,7700,3300,400,2500,6400,7200,7200,5700,19400,21900,1700,1500
144.0,13.53,5156700,70192730.0,13.53,13.52,13.51,13.5,13.49,13.48,13.47,13.46,13.45,13.44,13.55,13.56,13.57,13.58,13.59,13.6,13.61,13.62,13.65,13.66,3900,4200,18200,9800,2100,13400,7400,7300,26100,9500,1700,7200,7200,6000,19400,21900,1700,1500,10100,800
145.0,13.53,5158600,70218437.0,13.53,13.52,13.51,13.5,13.49,13.48,13.47,13.46,13.45,13.44,13.55,13.56,13.57,13.58,13.59,13.6,13.61,13.62,13.64,13.65,3700,5200,18200,10200,2100,13900,7600,7300,26300,9500,1700,7200,7200,6000,19400,21900,1700,1500,1000,10100
146.0,13.51,5181900,70533389.0,13.51,13.5,13.49,13.48,13.47,13.46,13.45,13.44,13.43,13.42,13.52,13.53,13.54,13.55,13.56,13.57,13.58,13.59,13.6,13.61,7400,10200,2100,17100,7100,7300,26300,9500,3300,6600,30300,6800,5900,1900,7200,7200,6000,19400,21900,1700
147.0,13.5,5200300,70781872.0,13.49,13.48,13.47,13.46,13.45,13.44,13.43,13.42,13.41,13.4,13.5,13.51,13.52,13.53,13.54,13.55,13.56,13.57,13.58,13.59,2100,17100,7100,7300,26300,9500,3300,6600,12500,38800,2100,2700,30200,8800,5900,1900,7200,7200,6000,25900
148.0,13.51,5207300,70876365.0,13.48,13.47,13.46,13.45,13.44,13.43,13.42,13.41,13.4,13.39,13.51,13.52,13.53,13.54,13.55,13.56,13.57,13.58,13.59,13.6,17100,7100,7300,26300,9500,3300,6600,12500,38800,900,1800,30500,9200,5900,1900,7200,7200,6000,25900,22400
149.0,13.51,5241600,71339836.0,13.48,13.47,13.46,13.45,13.44,13.43,13.42,13.41,13.4,13.39,13.51,13.52,13.53,13.54,13.55,13.56,13.57,13.58,13.59,13.6,17800,7100,7300,26400,9900,3300,6600,12500,38800,900,200,14900,9200,5900,1900,7200,7200,6000,25900,22400
150.0,13.51,5247800,71423507.0,13.48,13.47,13.46,13.45,13.44,13.43,13.42,13.41,13.4,13.39,13.52,13.53,13.54,13.55,13.56,13.57,13.58,13.59,13.6,13.61,14800,7100,7300,26500,9900,3300,6600,12500,38800,900,14900,9400,5900,1900,7200,7200,6000,25900,22600,1700
151.0,13.53,5265200,71658768.0,13.52,13.5,13.48,13.47,13.46,13.45,13.44,13.43,13.42,13.41,13.53,13.54,13.55,13.56,13.57,13.58,13.59,13.6,13.61,13.62,100,600,14800,7100,7300,26500,9900,3300,6600,12500,7600,5900,1900,7200,7200,6000,25900,23100,1700,1500
152.0,13.51,5277500,71824964.0,13.51,13.5,13.49,13.48,13.47,13.46,13.45,13.44,13.43,13.42,13.53,13.54,13.55,13.56,13.57,13.58,13.59,13.6,13.61,13.62,1000,700,100,14900,7100,7300,26500,9900,3300,6600,6600,5900,1900,7200,7200,6000,25900,23600,1700,1500
153.0,13.5,5280300,71862779.0,13.48,13.47,13.46,13.45,13.44,13.43,13.42,13.41,13.4,13.39,13.5,13.51,13.52,13.53,13.54,13.55,13.56,13.57,13.58,13.59,14900,7100,7300,27500,9900,3300,6600,12500,37800,900,7300,1100,400,6600,6700,1900,7200,7200,6000,25900
154.0,13.53,5290700,72003246.0,13.48,13.47,13.46,13.45,13.44,13.43,13.42,13.41,13.4,13.39,13.51,13.53,13.54,13.55,13.56,13.57,13.58,13.59,13.6,13.61,16300,7100,7300,27500,9900,3300,6600,12500,37800,900,500,5200,6700,1900,7200,7200,6000,25900,27600,1700
155.0,13.52,5313600,72312081.0,13.52,13.51,13.47,13.46,13.45,13.44,13.43,13.42,13.41,13.4,13.53,13.54,13.55,13.56,13.57,13.58,13.59,13.6,13.61,13.62,17200,500,6100,7600,27500,9900,3300,6600,12500,37800,7200,6700,1900,7200,7200,6000,25900,29600,1700,1500
156.0,13.52,5330500,72540814.0,13.52,13.51,13.5,13.47,13.46,13.45,13.44,13.43,13.42,13.41,13.54,13.55,13.56,13.57,13.58,13.59,13.6,13.61,13.62,13.64,16400,2100,300,6100,7600,27500,9900,3300,6600,12500,500,600,7200,7200,6000,25900,29600,1700,1500,1000
157.0,13.55,5334600,72596368.0,13.55,13.52,13.51,13.5,13.47,13.46,13.45,13.44,13.43,13.42,13.56,13.57,13.58,13.59,13.6,13.61,13.62,13.64,13.65,13.66,6600,16600,13400,300,6100,7600,27300,9900,3300,6600,6800,7300,6000,25900,29600,1700,1500,1000,10100,800
158.0,13.55,5337300,72632953.0,13.55,13.52,13.51,13.5,13.49,13.47,13.46,13.45,13.44,13.43,13.56,13.57,13.58,13.59,13.6,13.61,13.62,13.64,13.65,13.66,4200,16700,13400,2000,700,6100,7600,27300,9900,3300,6800,7300,6000,25900,29600,1700,1500,1000,10100,800
159.0,13.55,5338800,72653278.0,13.55,13.52,13.51,13.5,13.49,13.48,13.47,13.46,13.45,13.44,13.56,13.57,13.58,13.59,13.6,13.61,13.62,13.64,13.65,13.66,2700,16700,16200,16600,700,500,6100,7700,27300,9900,6800,7300,6000,25900,29600,1700,1500,1000,10100,800
160.0,13.52,5342300,72700679.0,13.52,13.51,13.5,13.49,13.48,13.47,13.46,13.45,13.44,13.43,13.56,13.57,13.58,13.59,13.6,13.61,13.62,13.64,13.65,13.66,17300,24800,25700,1500,1500,6100,7700,27300,9900,3300,6800,7300,6000,25900,30600,1700,1500,1000,10100,800
161.0,13.52,5344200,72726419.0,13.52,13.51,13.5,13.49,13.48,13.47,13.46,13.45,13.44,13.43,13.56,13.57,13.58,13.59,13.6,13.61,13.62,13.64,13.65,13.66,16000,25700,28800,1500,1500,6400,7700,27300,9900,3300,7000,7300,6000,25900,30600,1700,1500,1000,10100,800
162.0,13.55,5347700,72773801.0,13.52,13.51,13.5,13.49,13.48,13.47,13.46,13.45,13.44,13.43,13.55,13.56,13.57,13.58,13.59,13.6,13.61,13.62,13.64,13.65,14100,25700,28600,1500,3500,6400,7700,28100,9900,3300,2600,6300,7300,6000,25900,30600,1700,1500,1000,10100
163.0,13.55,5347700,72773801.0,13.52,13.51,13.5,13.49,13.48,13.47,13.46,13.45,13.44,13.43,13.54,13.55,13.56,13.57,13.58,13.59,13.6,13.61,13.62,13.64,14100,26800,29900,2500,3500,6400,7700,28100,9900,3300,400,5900,6300,7300,6000,25900,30600,1700,1500,1000
164.0,13.49,5425300,73821931.0,13.49,13.48,13.47,13.46,13.45,13.44,13.43,13.42,13.41,13.4,13.5,13.52,13.54,13.55,13.56,13.57,13.58,13.59,13.6,13.61,500,13200,6400,7700,28100,9900,3300,7600,12500,37800,125400,300,500,5900,6300,7300,6900,25900,30600,1700
165.0,13.5,5430400,73890781.0,13.49,13.48,13.47,13.46,13.45,13.44,13.43,13.42,13.41,13.4,13.5,13.52,13.54,13.55,13.56,13.57,13.58,13.59,13.6,13.61,800,13200,6400,7700,28100,9900,3300,7600,12500,37800,120300,2300,500,8400,6700,7300,6900,25900,30600,1700
166.0,13.49,5433800,73936673.0,13.48,13.47,13.46,13.45,13.44,13.43,13.42,13.41,13.4,13.39,13.5,13.52,13.54,13.55,13.56,13.57,13.58,13.59,13.6,13.61,13200,6400,7700,28100,9900,3300,7600,12500,37800,900,117700,2800,500,11600,6700,7300,6900,25900,30600,1700
167.0,13.5,5441100,74035223.0,13.48,13.47,13.46,13.45,13.44,13.43,13.42,13.41,13.4,13.39,13.49,13.5,13.52,13.54,13.55,13.56,13.57,13.58,13.59,13.6,13200,6400,10700,28100,9900,3300,7600,12500,37800,900,300,111900,2700,5500,12400,6100,7300,6900,25900,31100
168.0,13.5,5445400,74093270.0,13.48,13.47,13.46,13.45,13.44,13.43,13.42,13.41,13.4,13.39,13.5,13.52,13.53,13.54,13.55,13.56,13.57,13.58,13.59,13.6,51500,7400,10700,28100,9900,3300,6300,12500,37800,900,107900,4700,100,5500,12800,6600,7300,6900,25900,31100
169.0,13.5,5450200,74158042.0,13.48,13.47,13.46,13.45,13.44,13.43,13.42,13.41,13.4,13.39,13.5,13.52,13.53,13.54,13.55,13.56,13.57,13.58,13.59,13.6,50100,7400,10700,29100,9900,3300,6300,12500,37800,900,104600,4700,100,5500,12800,7100,7300,7200,25900,31100
170.0,13.5,5451400,74174242.0,13.48,13.47,13.46,13.45,13.44,13.43,13.42,13.41,13.4,13.39,13.5,13.52,13.53,13.54,13.55,13.56,13.57,13.58,13.59,13.6,50100,7400,10700,29100,9900,3300,6300,12500,37900,900,104000,4700,100,5500,12800,7100,7300,7200,25900,31100
171.0,13.5,5464400,74349614.0,13.48,13.47,13.46,13.45,13.44,13.43,13.42,13.41,13.4,13.39,13.5,13.52,13.53,13.54,13.55,13.56,13.57,13.58,13.59,13.6,43800,7400,10700,29100,9900,3300,6300,12500,37900,900,98000,4700,100,7600,12800,10100,7300,7200,25900,31100
172.0,13.5,5521900,75125850.0,13.49,13.48,13.47,13.46,13.45,13.44,13.43,13.42,13.41,13.4,13.5,13.52,13.53,13.54,13.55,13.56,13.57,13.58,13.59,13.6,600,43100,7400,10700,29100,9900,3300,6300,12500,37900,40200,4700,100,7600,12800,10200,7300,7200,25900,31100
173.0,13.5,5523200,75143400.0,13.49,13.48,13.47,13.46,13.45,13.44,13.43,13.42,13.41,13.4,13.5,13.52,13.53,13.54,13.55,13.56,13.57,13.58,13.59,13.6,600,43100,7400,10700,29100,9900,3300,6300,12500,37900,39300,4700,100,7600,32800,10200,7300,7200,25900,31100
174.0,13.5,5526700,75190650.0,13.49,13.48,13.47,13.46,13.45,13.44,13.43,13.42,13.41,13.4,13.5,13.52,13.53,13.54,13.55,13.56,13.57,13.58,13.59,13.6,600,44000,7400,10700,30600,9900,3300,7000,12500,37900,35800,4700,200,7600,32800,9500,7300,7200,25900,31100
175.0,13.5,5533800,75286480.0,13.48,13.47,13.46,13.45,13.44,13.43,13.42,13.41,13.4,13.39,13.5,13.52,13.53,13.54,13.55,13.56,13.57,13.58,13.59,13.6,44300,7500,11100,30400,9900,3300,7000,12500,37900,900,30700,4700,100,7600,32800,10900,7300,7200,25900,31100
176.0,13.5,5549400,75497056.0,13.48,13.47,13.46,13.45,13.44,13.43,13.42,13.41,13.4,13.39,13.5,13.52,13.53,13.54,13.55,13.56,13.57,13.58,13.59,13.6,44500,7500,11100,30400,9900,3300,7000,12500,37200,900,18000,4700,100,7600,33100,11000,7300,7200,25900,31100
177.0,13.49,5553400,75551017.0,13.48,13.47,13.46,13.45,13.44,13.43,13.42,13.41,13.4,13.39,13.49,13.5,13.52,13.53,13.54,13.55,13.56,13.57,13.58,13.59,43800,7500,11100,30400,9900,3300,7000,12500,37200,900,300,17200,4700,100,9000,30500,11000,7300,7200,25900
178.0,13.5,5557600,75607700.0,13.48,13.47,13.46,13.45,13.44,13.43,13.42,13.41,13.4,13.39,13.5,13.52,13.53,13.54,13.55,13.56,13.57,13.58,13.59,13.6,51500,7500,11100,30400,9900,3300,7000,12500,37200,900,14000,4700,100,9000,30700,11000,7300,7200,25900,31100
179.0,13.48,5594900,76110705.0,13.48,13.47,13.46,13.45,13.44,13.43,13.42,13.41,13.4,13.39,13.49,13.5,13.52,13.53,13.54,13.55,13.56,13.57,13.58,13.59,24300,7500,11100,30400,9900,3300,7000,12500,37500,900,1000,4600,4700,100,9100,30700,11000,7300,7200,25900
180.0,13.5,5598900,76164695.0,13.49,13.48,13.47,13.46,13.45,13.44,13.43,13.42,13.41,13.4,13.5,13.52,13.53,13.54,13.55,13.56,13.57,13.58,13.59,13.6,2100,24300,7500,11100,30400,9900,3300,7000,12500,37500,1600,4700,100,9100,38400,11000,7300,7200,25900,31100
181.0,13.5,5601100,76194393.0,13.5,13.49,13.48,13.47,13.46,13.45,13.44,13.43,13.42,13.41,13.52,13.53,13.54,13.55,13.56,13.57,13.58,13.59,13.6,13.61,900,2600,24300,7500,11100,30900,9900,3300,7000,12500,5900,100,9100,49100,10400,7300,7200,25900,31100,1700
182.0,13.49,5607400,76279402.0,13.49,13.48,13.47,13.46,13.45,13.44,13.43,13.42,13.41,13.4,13.5,13.51,13.52,13.53,13.54,13.55,13.56,13.57,13.58,13.59,400,26500,7500,11300,30900,9900,3300,7000,12500,37500,8800,400,6000,100,9100,51200,10400,7300,7200,25900
183.0,13.49,5609600,76309094.0,13.48,13.47,13.46,13.45,13.44,13.43,13.42,13.41,13.4,13.39,13.49,13.5,13.51,13.52,13.53,13.54,13.55,13.56,13.57,13.58,26500,7500,11300,30900,9900,8300,7000,12500,37700,900,4700,1400,300,6000,100,9100,51200,10400,7800,7200
184.0,13.5,5644700,76782629.0,13.5,13.48,13.47,13.46,13.45,13.44,13.43,13.42,13.41,13.4,13.51,13.52,13.53,13.54,13.55,13.56,13.57,13.58,13.59,13.6,20400,14300,7500,11300,30900,9900,8300,7000,12500,37700,300,6000,100,9100,51300,11400,7800,7200,22100,23000
185.0,13.49,5675300,77195595.0,13.48,13.47,13.46,13.45,13.44,13.43,13.42,13.41,13.4,13.39,13.49,13.51,13.52,13.53,13.54,13.55,13.56,13.57,13.58,13.59,11100,7500,11300,30900,9900,8300,7300,12500,37700,900,68100,300,6000,100,9100,51300,11400,7800,7200,22100
186.0,13.48,5687800,77364217.0,13.48,13.47,13.46,13.45,13.44,13.43,13.42,13.41,13.4,13.39,13.49,13.51,13.52,13.53,13.54,13.55,13.56,13.57,13.58,13.59,10800,7500,11300,31700,9900,8300,7300,12500,37700,900,57500,2400,9000,100,9100,59200,11400,7800,9200,22100
187.0,13.49,5712000,77690620.0,13.48,13.47,13.46,13.45,13.44,13.43,13.42,13.41,13.4,13.39,13.49,13.5,13.51,13.52,13.53,13.54,13.55,13.56,13.57,13.58,5300,12000,11300,31700,9900,8300,6300,12500,37700,900,39400,800,2400,8700,100,7100,58900,11400,7800,11200
188.0,13.48,5717700,77767456.0,13.47,13.46,13.45,13.44,13.43,13.42,13.41,13.4,13.39,13.38,13.48,13.49,13.5,13.51,13.52,13.53,13.54,13.55,13.56,13.57,12000,11000,31700,9900,8300,6300,12500,37700,900,24000,20500,39400,3000,2400,8700,100,7100,58900,11400,7800
189.0,13.45,5744700,78131034.0,13.45,13.44,13.43,13.42,13.41,13.4,13.39,13.38,13.37,13.36,13.46,13.47,13.48,13.49,13.5,13.51,13.52,13.53,13.54,13.55,30300,9900,8300,6300,12500,37700,900,24000,4900,4800,1400,5000,53400,40200,3100,2300,8400,100,7100,48900
190.0,13.45,5760700,78346337.0,13.45,13.44,13.43,13.42,13.41,13.4,13.39,13.38,13.37,13.36,13.47,13.48,13.49,13.5,13.51,13.52,13.53,13.54,13.55,13.56,18600,9900,8300,6300,12500,37700,900,24000,4900,4800,11600,54900,39600,3100,2300,8400,100,7100,48900,11400
191.0,13.47,5772800,78509152.0,13.45,13.44,13.43,13.42,13.41,13.4,13.39,13.38,13.37,13.36,13.47,13.48,13.49,13.5,13.51,13.52,13.53,13.54,13.55,13.56,10000,9900,8300,6300,12500,37700,900,24000,4900,4800,9100,55200,39900,3100,2300,8400,100,7100,48900,11400
192.0,13.45,5782100,78634317.0,13.45,13.44,13.43,13.42,13.41,13.4,13.39,13.38,13.37,13.36,13.47,13.48,13.49,13.5,13.51,13.52,13.53,13.54,13.55,13.56,4700,9900,8300,6300,12500,37700,900,24000,4900,4800,4800,59400,39900,3100,2300,8400,100,7200,48900,11400
193.0,13.44,5790900,78752723.0,13.44,13.43,13.42,13.41,13.4,13.39,13.38,13.37,13.36,13.35,13.45,13.47,13.48,13.49,13.5,13.51,13.52,13.53,13.54,13.55,8700,8300,6300,12500,37700,900,24000,4900,4800,23600,4600,700,61700,39900,3100,200,8400,100,7200,49100
194.0,13.43,5802500,78908626.0,13.43,13.42,13.41,13.4,13.39,13.38,13.37,13.36,13.35,13.34,13.45,13.46,13.47,13.48,13.49,13.5,13.51,13.52,13.53,13.54,6800,6300,12500,37700,900,27000,4900,4800,23600,5400,4000,200,800,61600,39900,3100,200,6400,100,7200
195.0,13.42,5829000,79264194.0,13.4,13.39,13.38,13.37,13.36,13.35,13.34,13.33,13.32,13.31,13.42,13.43,13.45,13.46,13.47,13.48,13.49,13.5,13.51,13.52,37700,900,27000,4900,4800,23600,5800,11900,5100,9100,17900,2400,4000,1100,3300,58900,39900,3100,200,6400
196.0,13.42,5850000,79545994.0,13.4,13.39,13.38,13.37,13.36,13.35,13.34,13.33,13.32,13.31,13.42,13.43,13.44,13.45,13.46,13.47,13.48,13.49,13.5,13.51,36700,900,27000,4900,4800,23600,5800,11900,5100,9100,3300,2400,4700,4900,1100,3300,71500,39000,4500,200
197.0,13.41,5854900,79611729.0,13.4,13.39,13.38,13.37,13.36,13.35,13.34,13.33,13.32,13.31,13.41,13.42,13.43,13.44,13.45,13.46,13.47,13.48,13.49,13.5,36100,900,27000,4900,4800,23600,5800,8100,5100,9100,6000,200,2400,4700,6100,200,3300,71500,39000,4500
198.0,13.41,5858500,79659996.0,13.4,13.39,13.38,13.37,13.36,13.35,13.34,13.33,13.32,13.31,13.41,13.42,13.43,13.44,13.45,13.46,13.47,13.48,13.49,13.5,35200,900,27000,4900,4800,23600,5800,8100,5100,9100,3300,200,7900,4700,5700,4200,3300,69500,39000,4500
199.0,13.41,5860300,79684126.0,13.4,13.39,13.38,13.37,13.36,13.35,13.34,13.33,13.32,13.31,13.41,13.42,13.43,13.44,13.45,13.46,13.47,13.48,13.49,13.5,34400,900,27000,4900,4800,23600,5800,8100,5100,9100,2300,200,7900,4700,20000,4200,3300,69400,39000,4500
200.0,13.4,5874400,79873093.0,13.4,13.39,13.38,13.37,13.36,13.35,13.34,13.33,13.32,13.31,13.42,13.43,13.44,13.45,13.46,13.47,13.48,13.49,13.5,13.51,22800,900,27000,4900,4800,23600,5800,8100,5100,9100,100,7900,4700,19100,4200,6100,69400,39000,4500,200
201.0,13.4,5900700,80225511.0,13.39,13.38,13.37,13.36,13.35,13.34,13.33,13.32,13.31,13.3,13.4,13.41,13.42,13.43,13.44,13.45,13.46,13.47,13.48,13.49,700,27000,4900,4800,23600,5800,8100,5100,9100,16500,3900,100,4400,7900,4700,21100,4200,6000,69400,39000
202.0,13.4,5902900,80254986.0,13.39,13.38,13.37,13.36,13.35,13.34,13.33,13.32,13.31,13.3,13.4,13.41,13.42,13.43,13.44,13.45,13.46,13.47,13.48,13.49,200,27000,4900,4800,22100,5800,8100,5100,9100,16500,8200,100,7700,7900,4700,28100,4200,6000,69400,39000
203.0,13.39,5903300,80260344.0,13.38,13.37,13.36,13.35,13.34,13.33,13.32,13.31,13.3,13.29,13.39,13.4,13.42,13.43,13.44,13.45,13.46,13.47,13.48,13.49,27000,4900,4800,22100,5800,8100,5100,9100,16500,2400,800,10800,9200,7900,4700,28100,4200,6000,68400,39000
204.0,13.38,5904300,80273724.0,13.38,13.37,13.36,13.35,13.34,13.33,13.32,13.31,13.3,13.29,13.39,13.4,13.42,13.43,13.44,13.45,13.46,13.47,13.48,13.49,26000,4900,4800,22100,5800,8100,5100,9100,16500,2400,800,39500,9200,7900,4700,28100,4200,6000,67500,39000
205.0,13.4,5906900,80308542.0,13.38,13.37,13.36,13.35,13.34,13.33,13.32,13.31,13.3,13.29,13.4,13.41,13.42,13.43,13.44,13.45,13.46,13.47,13.48,13.49,25300,4900,4800,22100,5800,6600,5100,9100,16500,2400,49400,800,9200,2400,4700,28100,4200,6000,67500,39000
206.0,13.39,5933200,80660496.0,13.38,13.37,13.36,13.35,13.34,13.33,13.32,13.31,13.3,13.29,13.39,13.4,13.41,13.42,13.43,13.44,13.45,13.46,13.47,13.48,5000,4900,4800,22100,5800,6600,5100,9100,16500,2400,9000,52900,800,9200,2400,4700,13800,4200,6000,67500
207.0,13.38,5938800,80735477.0,13.38,13.37,13.36,13.35,13.34,13.33,13.32,13.31,13.3,13.29,13.39,13.4,13.41,13.42,13.43,13.44,13.45,13.46,13.47,13.48,5300,4900,4800,22100,5800,6600,5100,9100,16500,2400,4300,53200,800,9200,2400,4700,14800,4200,6000,67500
208.0,13.38,5942000,80778298.0,13.38,13.37,13.36,13.35,13.34,13.33,13.32,13.31,13.3,13.29,13.39,13.4,13.41,13.42,13.43,13.44,13.45,13.46,13.47,13.48,2600,4900,5600,22100,5800,6600,5100,9100,16500,2400,3800,55500,800,6900,2400,4700,12800,4200,6000,67500
209.0,13.36,5949600,80879935.0,13.36,13.35,13.34,13.33,13.32,13.31,13.3,13.29,13.28,13.27,13.38,13.39,13.4,13.41,13.42,13.43,13.44,13.45,13.46,13.47,5500,22100,5800,6600,5100,9000,16500,2400,11400,4300,6800,3900,57000,800,6900,2400,4700,12700,4200,3500
210.0,13.38,5950700,80894653.0,13.36,13.35,13.34,13.33,13.32,13.31,13.3,13.29,13.28,13.27,13.38,13.39,13.4,13.41,13.42,13.43,13.44,13.45,13.46,13.47,5500,22100,5800,6600,5100,9000,17400,2400,11400,4300,10200,3900,56500,800,6900,2400,4700,12700,4200,3500
211.0,13.38,5955600,80960188.0,13.36,13.35,13.34,13.33,13.32,13.31,13.3,13.29,13.28,13.27,13.38,13.39,13.4,13.41,13.42,13.43,13.44,13.45,13.46,13.47,4500,22200,5800,6600,5100,9000,17400,2400,11400,4300,8500,4000,32000,800,6900,2400,4700,12700,4200,2800
212.0,13.38,5956700,80974892.0,13.36,13.35,13.34,13.33,13.32,13.31,13.3,13.29,13.28,13.27,13.38,13.39,13.4,13.41,13.42,13.43,13.44,13.45,13.46,13.48,4200,22200,5800,6600,5100,9000,17400,2400,11400,4300,9800,5000,29000,800,6900,2400,4700,11600,4200,66000
213.0,13.38,5958300,80996292.0,13.36,13.35,13.34,13.33,13.32,13.31,13.3,13.29,13.28,13.27,13.38,13.39,13.4,13.41,13.42,13.43,13.44,13.45,13.46,13.48,3800,22200,5900,6600,5100,9000,17400,2400,11400,4300,22000,5000,29000,800,6900,2400,4700,11600,4200,66000
214.0,13.38,5986500,81373601.0,13.37,13.36,13.35,13.34,13.33,13.32,13.31,13.3,13.29,13.28,13.38,13.39,13.4,13.41,13.42,13.43,13.44,13.45,13.46,13.48,200,3800,22200,5900,6600,5100,9000,16400,2400,11400,200,6000,20000,800,5900,2400,4700,11000,4200,66000
215.0,13.36,6001900,81579699.0,13.37,13.36,13.35,13.34,13.33,13.32,13.31,13.3,13.29,13.28,13.38,13.39,13.4,13.41,13.42,13.43,13.44,13.45,13.46,13.48,300,3600,22200,5900,6600,5100,9000,16400,2400,11400,9000,400,20000,800,5900,2400,4700,11000,4200,66000
216.0,13.36,6021600,81842985.0,13.35,13.34,13.33,13.32,13.31,13.3,13.29,13.28,13.27,13.26,13.36,13.37,13.38,13.39,13.4,13.42,13.43,13.44,13.45,13.46,11100,5900,6600,5100,9000,16400,2400,11400,4300,7100,2400,200,5900,400,20000,2300,2400,4700,11000,4200
217.0,13.38,6045500,82162221.0,13.38,13.34,13.33,13.32,13.31,13.3,13.29,13.28,13.27,13.26,13.39,13.4,13.42,13.43,13.44,13.45,13.46,13.48,13.49,13.5,2300,1900,6600,5100,9000,16400,2700,11400,4300,7100,400,20000,2300,2400,4700,11000,4200,66000,39000,4500
218.0,13.38,6050200,82225108.0,13.35,13.34,13.33,13.32,13.31,13.3,13.29,13.28,13.27,13.26,13.36,13.37,13.39,13.4,13.42,13.43,13.44,13.45,13.46,13.48,100,7200,6600,5100,9000,16400,2700,11400,4300,6800,600,200,300,20000,2400,2400,4700,11000,4200,66000
219.0,13.4,6060800,82367095.0,13.38,13.37,13.36,13.34,13.33,13.32,13.31,13.3,13.29,13.28,13.4,13.42,13.43,13.44,13.45,13.46,13.48,13.49,13.5,13.51,2500,500,200,25200,6600,5100,9000,16400,2700,11400,10900,2400,2400,4700,11000,4200,66000,39000,4500,100
220.0,13.38,6082300,82654980.0,13.38,13.37,13.36,13.34,13.33,13.32,13.31,13.3,13.29,13.28,13.42,13.43,13.44,13.45,13.46,13.48,13.49,13.5,13.51,13.52,1400,1400,1000,25200,6400,5100,9000,16500,2700,11400,3400,2400,4700,8000,4200,66000,39000,4500,100,3500
221.0,13.37,6097800,82862408.0,13.37,13.36,13.34,13.33,13.32,13.31,13.3,13.29,13.28,13.27,13.42,13.43,13.44,13.45,13.46,13.48,13.49,13.5,13.51,13.52,5000,1000,25200,6400,5100,9000,16500,2700,11400,4300,13600,2400,4700,8000,4200,66000,39000,4500,100,3500
222.0,13.39,6098200,82867762.0,13.38,13.37,13.36,13.34,13.33,13.32,13.31,13.3,13.29,13.28,13.39,13.42,13.43,13.44,13.45,13.46,13.48,13.49,13.5,13.51,1000,15600,1000,25200,6400,5100,9000,16500,2700,11400,700,23400,2400,4700,8000,4200,66000,39000,4500,100
223.0,13.37,6143300,83470621.0,13.37,13.35,13.34,13.33,13.32,13.31,13.3,13.29,13.28,13.27,13.39,13.41,13.42,13.43,13.44,13.45,13.46,13.48,13.49,13.5,6600,16300,25200,6400,5100,9000,16500,2700,11400,4300,700,300,23400,2400,4700,8000,4200,66000,39000,4500
224.0,13.37,6151800,83584288.0,13.36,13.35,13.34,13.33,13.32,13.31,13.3,13.29,13.28,13.27,13.37,13.39,13.4,13.41,13.42,13.43,13.44,13.45,13.46,13.48,1300,17500,25200,6400,5900,9000,16500,2700,11400,4300,500,400,1000,300,22800,2400,4700,8000,4200,66000
225.0,13.38,6154100,83615054.0,13.37,13.36,13.35,13.34,13.33,13.32,13.31,13.3,13.29,13.28,13.38,13.39,13.4,13.41,13.42,13.43,13.44,13.45,13.46,13.48,2600,18200,17500,25200,6400,5900,9000,16500,2700,11400,1600,400,1000,300,22800,2400,4700,8000,4200,66000
226.0,13.41,6157200,83656559.0,13.4,13.38,13.37,13.36,13.35,13.34,13.33,13.32,13.31,13.3,13.41,13.42,13.43,13.44,13.45,13.46,13.48,13.49,13.5,13.51,600,2400,5800,18700,17500,25200,5900,5900,9000,16500,200,22800,2400,4700,8000,4200,66000,39000,4500,100
227.0,13.38,6163400,83739531.0,13.38,13.37,13.36,13.35,13.34,13.33,13.32,13.31,13.3,13.29,13.4,13.41,13.42,13.43,13.44,13.45,13.46,13.48,13.49,13.5,2900,17100,18700,17500,29100,5900,5900,9000,16500,2700,1400,800,22800,2400,4700,8000,4200,66000,39000,4500
228.0,13.35,6216300,84446445.0,13.38,13.35,13.34,13.33,13.32,13.31,13.3,13.29,13.28,13.27,13.4,13.41,13.42,13.43,13.44,13.45,13.46,13.48,13.49,13.5,1000,6000,39100,5900,5900,9000,18000,2700,11400,4300,1300,800,22900,2400,4700,8000,4200,66000,39000,3500
229.0,13.37,6218300,84473198.0,13.35,13.34,13.33,13.32,13.31,13.3,13.29,13.28,13.27,13.26,13.37,13.4,13.41,13.42,13.43,13.44,13.45,13.46,13.48,13.49,6000,39100,5900,5900,9000,18000,2700,11400,4300,6500,1000,1300,800,22900,2400,4700,8000,4200,66000,39000
230.0,13.37,6220100,84497240.0,13.35,13.34,13.33,13.32,13.31,13.3,13.29,13.28,13.27,13.26,13.37,13.38,13.4,13.41,13.42,13.43,13.44,13.45,13.46,13.48,7100,39100,5900,5900,9000,18600,2700,11400,4300,6500,400,12000,1300,800,23300,2400,4800,13000,4200,66000
231.0,13.38,6222700,84532014.0,13.37,13.36,13.35,13.34,13.33,13.32,13.31,13.3,13.29,13.28,13.38,13.4,13.41,13.42,13.43,13.44,13.45,13.46,13.48,13.49,700,100,7100,39100,5900,5900,9500,18600,2700,11400,11500,1300,800,23300,2400,4800,13000,4200,66000,39000
232.0,13.38,6224200,84552084.0,13.37,13.36,13.35,13.34,13.33,13.32,13.31,13.3,13.29,13.28,13.38,13.4,13.41,13.42,13.43,13.44,13.45,13.46,13.48,13.49,1700,100,8100,39100,5900,5900,9500,22200,2700,11400,10000,2100,800,23300,2400,4800,13000,4200,66000,39000
233.0,13.38,6228200,84605579.0,13.35,13.34,13.33,13.32,13.31,13.3,13.29,13.28,13.27,13.26,13.38,13.4,13.41,13.42,13.43,13.44,13.45,13.46,13.48,13.49,8200,39100,5900,5900,9500,22200,2700,11400,4300,6500,9300,2600,200,23300,2400,4800,13000,4200,66000,39000
234.0,13.37,6232100,84657746.0,13.35,13.34,13.33,13.32,13.31,13.3,13.29,13.28,13.27,13.26,13.37,13.38,13.4,13.41,13.42,13.43,13.44,13.45,13.46,13.48,12500,39100,5900,5900,9500,22200,2700,11400,3500,6500,2400,11100,4100,200,23300,2400,4800,13000,4200,66000
235.0,13.38,6241600,84784757.0,13.35,13.34,13.33,13.32,13.31,13.3,13.29,13.28,13.27,13.26,13.38,13.4,13.41,13.42,13.43,13.44,13.45,13.46,13.48,13.49,10000,39100,5900,5900,9500,22200,2700,11400,3500,6500,8000,4100,200,23500,2400,4800,13000,4200,66000,39000
236.0,13.38,6245200,84832898.0,13.35,13.34,13.33,13.32,13.31,13.3,13.29,13.28,13.27,13.26,13.38,13.4,13.41,13.42,13.43,13.44,13.45,13.46,13.48,13.49,9400,39100,6200,5900,9500,23600,2700,11400,3500,6500,7000,4100,200,23500,2400,4800,13000,4200,67000,39000
237.0,13.38,6253700,84946602.0,13.35,13.34,13.33,13.32,13.31,13.3,13.29,13.28,13.27,13.26,13.38,13.4,13.41,13.42,13.43,13.44,13.45,13.46,13.48,13.49,15100,35200,6200,5900,9500,23600,2700,11400,3500,6500,7100,4100,200,23500,2400,4800,13000,4200,67000,39000
238.0,13.38,6269200,85153827.0,13.35,13.34,13.33,13.32,13.31,13.3,13.29,13.28,13.27,13.26,13.4,13.41,13.42,13.43,13.44,13.45,13.46,13.48,13.49,13.5,9600,35700,6200,5900,9500,23600,2700,11400,3500,6500,4600,200,23500,2400,4800,13000,4200,67000,39000,6700
239.0,13.35,6276000,85244611.0,13.35,13.34,13.33,13.32,13.31,13.3,13.29,13.28,13.27,13.26,13.38,13.4,13.41,13.42,13.43,13.44,13.45,13.46,13.48,13.49,3600,36700,6200,5900,9500,23600,2700,11400,3500,6500,2400,5600,200,23500,2400,4800,13000,4200,67000,39000
240.0,13.36,6281800,85322149.0,13.37,13.36,13.35,13.34,13.33,13.32,13.31,13.3,13.29,13.28,13.38,13.4,13.41,13.42,13.43,13.44,13.45,13.46,13.48,13.49,100,3300,11200,38500,6200,5900,9500,23600,2700,11400,4500,5600,200,23500,2400,4800,13000,4200,67000,39000
241.0,13.35,6300000,85565167.0,13.34,13.33,13.32,13.31,13.3,13.29,13.28,13.27,13.26,13.25,13.35,13.37,13.38,13.4,13.41,13.42,13.43,13.44,13.45,13.46,38500,6200,5900,9500,27400,2700,11400,3500,6500,3600,46000,1700,5800,5600,200,23500,2400,4800,13000,4200
242.0,13.35,6314200,85754655.0,13.34,13.33,13.32,13.31,13.3,13.29,13.28,13.27,13.26,13.25,13.35,13.37,13.38,13.4,13.41,13.42,13.43,13.44,13.45,13.46,30300,6200,5900,9500,27400,2700,11400,3500,6500,3600,41000,3500,8100,5600,200,23500,2400,4800,13000,4200
243.0,13.35,6318000,85805378.0,13.34,13.33,13.32,13.31,13.3,13.29,13.28,13.27,13.26,13.25,13.35,13.37,13.38,13.4,13.41,13.42,13.43,13.44,13.45,13.46,30200,6200,5900,9500,27500,2700,11400,3500,4800,3600,38100,5500,8100,5600,200,23500,2400,4800,13000,4700
244.0,13.35,6337000,86059025.0,13.34,13.33,13.32,13.31,13.3,13.29,13.28,13.27,13.26,13.25,13.35,13.37,13.38,13.4,13.41,13.42,13.43,13.44,13.45,13.46,29900,3200,5900,9500,27500,2700,11400,3500,9800,3600,19700,5500,12100,5600,200,23500,2400,4800,13000,4700
245.0,13.34,6354200,86288638.0,13.34,13.33,13.32,13.31,13.3,13.29,13.28,13.27,13.26,13.25,13.35,13.37,13.38,13.4,13.41,13.42,13.43,13.44,13.45,13.46,29200,3200,5900,9500,27500,2700,11400,3400,11800,3600,3800,8300,14800,5600,200,23500,2400,4800,13000,4700
246.0,13.34,6373400,86544801.0,13.34,13.33,13.32,13.31,13.3,13.29,13.28,13.27,13.26,13.25,13.35,13.37,13.38,13.4,13.41,13.42,13.43,13.44,13.45,13.46,13500,3200,5900,9500,27500,2700,11400,3400,11800,3600,300,8300,14800,5600,200,23500,2400,4800,13000,4700
247.0,13.35,6379200,86622231.0,13.35,13.34,13.33,13.32,13.31,13.3,13.29,13.28,13.27,13.26,13.37,13.38,13.4,13.41,13.42,13.43,13.44,13.45,13.46,13.48,500,13500,3200,5900,9500,27500,2700,11400,3400,11800,8300,14400,5600,200,23500,2400,4800,13000,700,67000
248.0,13.37,6380800,86643623.0,13.35,13.34,13.33,13.32,13.31,13.3,13.29,13.28,13.27,13.26,13.37,13.38,13.4,13.41,13.42,13.43,13.44,13.45,13.46,13.48,27700,16700,3200,5900,9500,27500,2700,11400,3400,11800,6700,12400,5600,200,23500,2400,4800,13000,700,67000
249.0,13.35,6392700,86802520.0,13.36,13.35,13.34,13.33,13.32,13.31,13.3,13.29,13.28,13.27,13.37,13.38,13.4,13.41,13.42,13.43,13.44,13.45,13.46,13.48,500,22800,27900,3200,5900,20900,27800,2700,11400,3400,5100,13900,5600,200,23500,2400,4800,13000,700,67000
250.0,13.35,6399200,86889379.0,13.35,13.34,13.33,13.32,13.31,13.3,13.29,13.28,13.27,13.26,13.37,13.38,13.4,13.41,13.42,13.43,13.44,13.45,13.46,13.48,24200,27900,3200,5900,20900,27800,2700,11400,3400,11800,1500,11100,5600,200,23500,2400,4800,13000,700,67000
251.0,13.37,6407100,86994876.0,13.36,13.35,13.34,13.33,13.32,13.31,13.3,13.29,13.28,13.27,13.37,13.38,13.4,13.41,13.42,13.43,13.44,13.45,13.46,13.48,7300,19000,28200,3200,9900,20900,27800,2700,11400,3400,900,11100,5600,200,23500,2400,4800,13000,700,67000
252.0,13.37,6408100,87008238.0,13.36,13.35,13.34,13.33,13.32,13.31,13.3,13.29,13.28,13.27,13.37,13.38,13.4,13.41,13.42,13.43,13.44,13.45,13.46,13.48,8700,20300,33900,3500,9900,20900,27800,2700,11400,3400,700,11100,5600,200,23500,2400,4800,13000,700,67000
253.0,13.36,6410800,87044310.0,13.36,13.35,13.34,13.33,13.32,13.31,13.3,13.29,13.28,13.27,13.37,13.38,13.4,13.41,13.42,13.43,13.44,13.45,13.46,13.48,6000,21000,33900,3500,9900,21900,27800,2700,11400,3400,700,11100,5600,200,23500,2400,4800,13000,700,67400
254.0,13.36,6417000,87127154.0,13.36,13.35,13.34,13.33,13.32,13.31,13.3,13.29,13.28,13.27,13.37,13.38,13.4,13.41,13.42,13.43,13.44,13.45,13.46,13.48,12000,23300,33900,3500,10700,22100,27800,2700,11400,3400,4500,14000,5600,200,23600,2400,4800,13000,700,67900
255.0,13.37,6424300,87224735.0,13.37,13.36,13.35,13.34,13.33,13.32,13.31,13.3,13.29,13.28,13.38,13.4,13.41,13.42,13.43,13.44,13.45,13.46,13.48,13.49,400,10200,23300,33900,4500,10700,22100,26300,2700,11400,14000,6100,200,23600,2400,4800,13000,700,67900,39000
256.0,13.37,6424300,87224735.0,13.37,13.36,13.35,13.34,13.33,13.32,13.31,13.3,13.29,13.28,13.38,13.4,13.41,13.42,13.43,13.44,13.45,13.46,13.48,13.49,2100,10200,23400,33900,4500,10700,22100,26300,2700,11400,17200,6100,200,23600,2400,4800,13000,700,67900,40000
257.0,13.38,6431400,87319640.0,13.37,13.36,13.35,13.34,13.33,13.32,13.31,13.3,13.29,13.28,13.38,13.4,13.41,13.42,13.43,13.44,13.45,13.46,13.48,13.49,21500,9000,23200,33900,5500,10700,22100,26300,2700,11400,16400,6200,200,23600,2400,4800,13000,700,67900,40000
258.0,13.37,6432100,87329002.0,13.37,13.36,13.35,13.34,13.33,13.32,13.31,13.3,13.29,13.28,13.38,13.4,13.41,13.42,13.43,13.44,13.45,13.46,13.48,13.49,21400,9000,54100,33900,5500,10700,22100,26300,2700,11400,16100,6200,200,23600,2400,4800,13000,700,67900,40000
259.0,13.37,6433800,87351738.0,13.37,13.36,13.35,13.34,13.33,13.32,13.31,13.3,13.29,13.28,13.38,13.39,13.4,13.41,13.42,13.43,13.44,13.45,13.46,13.48,21200,10600,69300,34400,5700,10700,22100,26300,2700,11500,15400,2000,7200,200,23700,2400,4800,13000,700,67900
260.0,13.37,6440300,87438653.0,13.37,13.36,13.35,13.34,13.33,13.32,13.31,13.3,13.29,13.28,13.38,13.39,13.4,13.41,13.42,13.43,13.44,13.45,13.46,13.48,16200,10600,70100,34400,6900,10700,22100,26300,2700,11500,14400,2000,7200,200,23300,2400,4800,13000,700,67900
261.0,13.37,6440900,87446675.0,13.37,13.36,13.35,13.34,13.33,13.32,13.31,13.3,13.29,13.28,13.38,13.39,13.4,13.41,13.42,13.43,13.44,13.45,13.46,13.48,17000,10600,71600,34400,6900,10700,22100,26300,2700,11500,15100,2000,7200,200,23300,2400,4800,13000,700,67900
262.0,13.37,6443100,87476096.0,13.37,13.36,13.35,13.34,13.33,13.32,13.31,13.3,13.29,13.28,13.38,13.39,13.4,13.41,13.42,13.43,13.44,13.45,13.46,13.48,16200,10800,72000,34400,6900,10700,23100,26300,2700,11500,14400,2000,7500,200,23300,2400,4800,13000,700,67900
263.0,13.38,6452300,87599192.0,13.37,13.36,13.35,13.34,13.33,13.32,13.31,13.3,13.29,13.28,13.38,13.39,13.4,13.41,13.42,13.43,13.44,13.45,13.46,13.48,32900,10100,71900,34400,6900,10700,23100,26400,2700,11500,5800,2000,7500,200,23300,2400,4800,13000,700,67900
264.0,13.37,6456200,87651335.0,13.37,13.36,13.35,13.34,13.33,13.32,13.31,13.3,13.29,13.28,13.38,13.39,13.4,13.41,13.42,13.43,13.44,13.45,13.46,13.48,31600,10100,72800,34400,6900,10700,24100,26400,2700,11500,5800,2000,7500,200,23300,2400,4800,13000,700,67900
265.0,13.38,6466700,87791722.0,13.37,13.36,13.35,13.34,13.33,13.32,13.31,13.3,13.29,13.28,13.38,13.39,13.4,13.41,13.42,13.43,13.44,13.45,13.46,13.48,24500,10100,74000,34500,6900,10700,24100,28300,2700,11500,5600,2000,7500,200,23300,2400,4800,13000,700,67900
266.0,13.38,6471900,87861275.0,13.37,13.36,13.35,13.34,13.33,13.32,13.31,13.3,13.29,13.28,13.38,13.39,13.4,13.41,13.42,13.43,13.44,13.45,13.46,13.48,23400,10100,58900,28800,6900,10700,24100,28300,2700,11500,2700,2000,7500,200,23300,2400,4800,15000,700,67900
267.0,13.38,6476700,87925466.0,13.37,13.36,13.35,13.34,13.33,13.32,13.31,13.3,13.29,13.28,13.38,13.39,13.4,13.41,13.42,13.43,13.44,13.45,13.46,13.48,20200,10100,58900,28800,6900,10700,24100,28300,2700,11500,1200,2000,7500,200,23300,2400,4800,15000,700,67900
268.0,13.38,6477100,87930818.0,13.37,13.36,13.35,13.34,13.33,13.32,13.31,13.3,13.29,13.28,13.38,13.39,13.4,13.41,13.42,13.43,13.44,13.45,13.46,13.48,20200,10100,56200,28800,6900,10700,24100,28300,2700,11400,800,2000,9500,200,23300,2400,4800,15000,700,67900
269.0,13.38,6481300,87986986.0,13.37,13.36,13.35,13.34,13.33,13.32,13.31,13.3,13.29,13.28,13.38,13.39,13.4,13.41,13.42,13.43,13.44,13.45,13.46,13.48,19200,10200,56200,17600,6900,10700,24100,28300,2700,11400,200,2700,9500,200,23300,2400,4800,15000,700,67900
270.0,13.39,6483700,88019113.0,13.38,13.37,13.36,13.35,13.34,13.33,13.32,13.31,13.3,13.29,13.39,13.4,13.41,13.42,13.43,13.44,13.45,13.46,13.48,13.49,10600,19200,11200,56200,17600,6900,10700,24100,28300,2700,1200,9500,200,23300,2400,4800,15000,700,67900,38500
271.0,13.38,6488200,88079323.0,13.38,13.37,13.36,13.35,13.34,13.33,13.32,13.31,13.3,13.29,13.39,13.4,13.41,13.42,13.43,13.44,13.45,13.46,13.48,13.49,6800,19200,11200,56000,17600,6900,10700,24100,28300,2700,2100,10000,500,23300,2400,4800,15000,700,67900,38500
272.0,13.38,6501000,88250797.0,13.39,13.38,13.37,13.36,13.35,13.34,13.33,13.32,13.31,13.3,13.4,13.41,13.42,13.43,13.44,13.45,13.46,13.48,13.49,13.5,100,16400,19200,11200,55000,17600,6900,10700,24100,28000,800,500,23400,2400,4800,15000,700,67900,38500,16100
273.0,13.39,6501200,88253475.0,13.39,13.38,13.37,13.36,13.35,13.34,13.33,13.32,13.31,13.3,13.4,13.41,13.42,13.43,13.44,13.45,13.46,13.48,13.49,13.5,1600,20000,19200,11200,55000,17600,6900,10300,24100,28000,1000,500,23400,2400,4800,15000,700,70900,38500,16100
274.0,13.39,6503600,88285626.0,13.4,13.39,13.38,13.37,13.36,13.35,13.34,13.33,13.32,13.31,13.41,13.42,13.43,13.44,13.45,13.46,13.48,13.49,13.5,13.51,7300,3100,21200,19100,11200,55000,17600,6900,10300,24100,100,23400,2400,5100,15000,700,70900,38500,16100,3100
275.0,13.4,6506500,88324486.0,13.4,13.39,13.38,13.37,13.36,13.35,13.34,13.33,13.32,13.31,13.41,13.42,13.43,13.44,13.45,13.46,13.48,13.49,13.5,13.51,18000,4400,24600,19100,11200,55100,17600,6900,10300,24100,100,24000,2400,5100,15000,700,70900,38500,16100,3100
276.0,13.4,6510400,88376746.0,13.4,13.39,13.38,13.37,13.36,13.35,13.34,13.33,13.32,13.31,13.41,13.42,13.43,13.44,13.45,13.46,13.48,13.49,13.5,13.51,14100,9500,25800,19100,11200,55100,17600,6900,10300,24100,4200,24000,2400,5100,15000,700,70900,38500,16100,3100
277.0,13.4,6518400,88483950.0,13.4,13.39,13.38,13.37,13.36,13.35,13.34,13.33,13.32,13.31,13.41,13.42,13.43,13.44,13.45,13.46,13.48,13.49,13.5,13.51,6600,28300,26800,19100,10900,55100,17600,6900,10300,24100,3800,22900,2400,6200,15000,700,70900,38500,16100,3100
278.0,13.39,6530200,88642018.0,13.39,13.38,13.37,13.36,13.35,13.34,13.33,13.32,13.31,13.3,13.41,13.42,13.43,13.44,13.45,13.46,13.48,13.49,13.5,13.51,27400,26800,19100,10900,55600,17600,6900,10300,24100,26900,4400,22300,2400,6200,15000,700,70900,38500,16100,3100
279.0,13.39,6530900,88651391.0,13.39,13.38,13.37,13.36,13.35,13.34,13.33,13.32,13.31,13.3,13.41,13.42,13.43,13.44,13.45,13.46,13.48,13.49,13.5,13.51,41300,27800,19100,11000,56000,17600,6900,10300,24100,26900,4400,22300,2400,6200,15000,700,70900,38500,16000,3100
280.0,13.41,6531800,88663460.0,13.39,13.38,13.37,13.36,13.35,13.34,13.33,13.32,13.31,13.3,13.41,13.42,13.43,13.44,13.45,13.46,13.48,13.49,13.5,13.51,41500,29900,19100,13500,56300,17600,6900,10300,24100,26900,3500,22300,2400,6200,15000,700,70900,38500,16000,3100
281.0,13.41,6532400,88671506.0,13.39,13.38,13.37,13.36,13.35,13.34,13.33,13.32,13.31,13.3,13.4,13.41,13.42,13.43,13.44,13.45,13.46,13.48,13.49,13.5,41600,29900,19100,13500,56300,17600,6900,10300,24100,26900,400,3600,22300,2400,6200,15100,700,71100,38500,16000
282.0,13.4,6533800,88690266.0,13.4,13.39,13.38,13.37,13.36,13.35,13.34,13.33,13.32,13.31,13.41,13.42,13.43,13.44,13.45,13.46,13.48,13.49,13.5,13.51,11200,42200,29900,19100,13500,56300,17600,6900,10300,24100,3600,22300,2400,6200,15100,700,71100,38500,16000,3100
283.0,13.4,6543000,88813677.0,13.4,13.39,13.38,13.37,13.36,13.35,13.34,13.33,13.32,13.31,13.42,13.43,13.44,13.45,13.46,13.48,13.49,13.5,13.51,13.52,17000,42200,29900,19100,13500,56300,17600,6900,10300,24300,17700,2400,6200,15100,700,71400,38500,16000,3100,2700
284.0,13.42,6551800,88931740.0,13.41,13.4,13.39,13.38,13.37,13.36,13.35,13.34,13.33,13.32,13.42,13.43,13.44,13.45,13.46,13.48,13.49,13.5,13.51,13.52,10200,30200,42200,29900,19100,13500,56300,17600,6900,10300,12200,2400,6400,15100,700,71400,38500,17200,3100,2700
285.0,13.41,6552900,88946492.0,13.41,13.4,13.39,13.38,13.37,13.36,13.35,13.34,13.33,13.32,13.42,13.43,13.44,13.45,13.46,13.48,13.49,13.5,13.51,13.52,9200,31400,42200,24900,19100,13600,54700,17600,6900,10300,12100,2400,6400,15100,700,71400,38500,17700,3100,2700
286.0,13.41,6556400,88993427.0,13.41,13.4,13.39,13.38,13.37,13.36,13.35,13.34,13.33,13.32,13.42,13.43,13.44,13.45,13.46,13.48,13.49,13.5,13.51,13.52,8600,31600,41200,24900,18300,13600,54700,17600,6900,10300,12100,2400,6400,15100,700,71400,38500,17700,3100,2700
287.0,13.42,6557100,89002821.0,13.41,13.4,13.39,13.38,13.37,13.36,13.35,13.34,13.33,13.32,13.42,13.43,13.44,13.45,13.46,13.48,13.49,13.5,13.51,13.52,9200,31600,41200,25300,18300,13600,53600,17600,6900,10300,11400,2400,7400,15100,700,71400,38500,17700,3100,2700
288.0,13.41,6558500,89021595.0,13.41,13.4,13.39,13.38,13.37,13.36,13.35,13.34,13.33,13.32,13.42,13.43,13.44,13.45,13.46,13.48,13.49,13.5,13.51,13.52,7800,31600,41200,24700,18300,13600,53400,17600,6900,10300,11400,2400,7400,15100,700,71400,38500,17700,3100,2700
289.0,13.42,6562100,89069907.0,13.41,13.4,13.39,13.38,13.37,13.36,13.35,13.34,13.33,13.32,13.42,13.43,13.44,13.45,13.46,13.48,13.49,13.5,13.51,13.52,17700,35500,42500,24700,18300,13700,53300,17600,6900,10300,7800,7500,8500,15100,700,71400,38500,17700,100,2700
290.0,13.41,6569100,89163846.0,13.41,13.4,13.39,13.38,13.37,13.36,13.35,13.34,13.33,13.32,13.42,13.43,13.44,13.45,13.46,13.48,13.49,13.5,13.51,13.52,17600,35500,42500,21500,18500,13700,53300,17600,6900,10300,900,9000,8500,15100,700,71400,38500,17600,100,2700
291.0,13.43,6570400,89181296.0,13.42,13.41,13.4,13.39,13.38,13.37,13.36,13.35,13.34,13.33,13.43,13.44,13.45,13.46,13.48,13.49,13.5,13.51,13.52,13.54,200,14400,35700,42500,21500,18500,13700,53400,17600,6900,9300,8500,15100,700,71400,38500,17600,100,2700,800
292.0,13.43,6577900,89282021.0,13.42,13.41,13.4,13.39,13.38,13.37,13.36,13.35,13.34,13.33,13.43,13.44,13.45,13.46,13.48,13.49,13.5,13.51,13.52,13.54,200,14500,35700,27900,21200,18500,13700,53400,17600,6900,2100,8500,15400,700,71400,38500,17600,100,2700,800
293.0,13.43,6578100,89284707.0,13.42,13.41,13.4,13.39,13.38,13.37,13.36,13.35,13.34,13.33,13.43,13.44,13.45,13.46,13.48,13.49,13.5,13.51,13.52,13.54,200,14500,35700,27900,21200,18500,13700,53500,17600,6900,8400,9900,16600,700,71400,38500,17600,100,2700,800
294.0,13.44,6588700,89427057.0,13.43,13.42,13.41,13.4,13.39,13.38,13.37,13.36,13.35,13.34,13.44,13.45,13.46,13.48,13.49,13.5,13.51,13.52,13.54,13.55,400,700,14000,35900,27900,21000,18500,13700,53500,22600,9700,16600,700,71400,38500,17600,100,2700,800,59200
295.0,13.42,6590300,89448549.0,13.42,13.41,13.4,13.39,13.38,13.37,13.36,13.35,13.34,13.33,13.43,13.44,13.45,13.46,13.48,13.49,13.5,13.51,13.52,13.54,300,14000,35900,27800,21000,18500,13700,53500,22600,6900,400,10500,16600,700,71400,38500,17600,100,2700,800
296.0,13.44,6592100,89472725.0,13.42,13.41,13.4,13.39,13.38,13.37,13.36,13.35,13.34,13.33,13.44,13.45,13.46,13.48,13.49,13.5,13.51,13.52,13.54,13.55,1200,13900,35900,27800,21000,18500,13700,52500,22600,6900,11600,15600,700,71400,38500,18700,100,2700,800,59400
297.0,13.44,6604500,89639378.0,13.44,13.43,13.42,13.41,13.4,13.39,13.38,13.37,13.36,13.35,13.45,13.46,13.48,13.49,13.5,13.51,13.52,13.54,13.55,13.56,900,200,1200,13300,35700,27800,21000,18500,13700,52500,15600,700,71400,38500,18700,100,2700,800,59400,7300
298.0,13.43,6607500,89679713.0,13.44,13.43,13.42,13.41,13.4,13.39,13.38,13.37,13.36,13.35,13.45,13.46,13.48,13.49,13.5,13.51,13.52,13.54,13.55,13.56,1000,100,1200,13400,35700,27800,21000,18500,13700,52500,13700,1000,71400,38500,18700,100,2700,800,59400,7300
299.0,13.44,6608500,89693153.0,13.43,13.42,13.41,13.4,13.39,13.38,13.37,13.36,13.35,13.34,13.45,13.46,13.48,13.49,13.5,13.51,13.52,13.54,13.55,13.56,21000,1200,15600,35700,27800,21000,18500,14200,52500,22600,15800,2300,71400,38500,18700,100,2700,800,59400,7300
300.0,13.45,6611200,89729425.0,13.43,13.42,13.41,13.4,13.39,13.38,13.37,13.36,13.35,13.34,13.44,13.45,13.46,13.47,13.48,13.49,13.5,13.51,13.52,13.54,21500,1200,15600,30400,26500,21000,18500,14200,52500,22600,700,16000,2300,300,71400,38500,18700,100,2700,800
301.0,13.43,6622700,89884061.0,13.43,13.42,13.41,13.4,13.39,13.38,13.37,13.36,13.35,13.34,13.45,13.46,13.47,13.48,13.49,13.5,13.51,13.52,13.54,13.55,31200,1200,15600,23900,26500,21000,18500,14200,52500,22600,8200,2300,300,71400,38500,19200,100,2700,800,58900
302.0,13.45,6627300,89945930.0,13.44,13.43,13.42,13.41,13.4,13.39,13.38,13.37,13.36,13.35,13.45,13.46,13.47,13.48,13.49,13.5,13.51,13.52,13.54,13.55,6600,31700,1400,15600,12500,26500,21000,18500,14200,52500,3700,2300,300,71400,38500,19200,100,2700,800,58900
303.0,13.45,6629700,89978206.0,13.44,13.43,13.42,13.41,13.4,13.39,13.38,13.37,13.36,13.35,13.45,13.46,13.47,13.48,13.49,13.5,13.51,13.52,13.54,13.55,6500,14400,1400,15600,12500,26500,18400,18500,14200,52900,1700,2300,300,71400,38500,19200,100,2700,800,58900
304.0,13.45,6630600,89990311.0,13.44,13.43,13.42,13.41,13.4,13.39,13.38,13.37,13.36,13.35,13.45,13.46,13.47,13.48,13.49,13.5,13.51,13.52,13.54,13.55,7500,16300,1400,15600,12500,26500,18400,18500,14200,52900,6700,2000,5800,71400,38500,19200,100,2700,800,58900
305.0,13.44,6639100,90104624.0,13.44,13.43,13.42,13.41,13.4,13.39,13.38,13.37,13.36,13.35,13.45,13.46,13.47,13.48,13.49,13.5,13.51,13.52,13.54,13.55,9100,16500,1400,15600,12500,26500,18400,18500,14200,53300,15200,2600,5800,71400,38500,19200,100,2700,800,58900
306.0,13.45,6650700,90260635.0,13.44,13.43,13.42,13.41,13.4,13.39,13.38,13.37,13.36,13.35,13.45,13.46,13.47,13.48,13.49,13.5,13.51,13.52,13.54,13.55,9000,16500,1400,15600,13300,26500,18400,18300,15200,53300,6000,3900,5800,71400,38500,18700,100,2700,800,58900
307.0,13.44,6652700,90287519.0,13.44,13.43,13.42,13.41,13.4,13.39,13.38,13.37,13.36,13.35,13.45,13.46,13.47,13.48,13.49,13.5,13.51,13.52,13.54,13.55,8100,16500,1400,15600,12700,26500,20900,18300,15200,53300,13100,3900,5800,71400,38500,18700,100,2700,800,58900
308.0,13.45,6654400,90310377.0,13.44,13.43,13.42,13.41,13.4,13.39,13.38,13.37,13.36,13.35,13.45,13.46,13.47,13.48,13.49,13.5,13.51,13.52,13.54,13.55,14800,16500,1400,15600,14700,26500,20900,18300,13100,53300,12700,10300,5800,71400,38500,18700,100,2700,800,58400
309.0,13.45,6660900,90397800.0,13.44,13.43,13.42,13.41,13.4,13.39,13.38,13.37,13.36,13.35,13.45,13.46,13.47,13.48,13.49,13.5,13.51,13.52,13.54,13.55,14600,16500,1400,19200,14700,26500,20900,18300,13100,53300,17400,10400,6800,71400,38500,18700,100,2700,800,58400
310.0,13.42,6700700,90932521.0,13.41,13.4,13.39,13.38,13.37,13.36,13.35,13.34,13.33,13.32,13.42,13.43,13.44,13.45,13.46,13.47,13.48,13.49,13.5,13.51,19200,14700,26500,20900,18300,13100,53300,22900,8900,9500,100,9100,11700,8100,10400,10800,71400,38500,18800,100
311.0,13.43,6723900,91243895.0,13.41,13.4,13.39,13.38,13.37,13.36,13.35,13.34,13.33,13.32,13.42,13.43,13.44,13.45,13.46,13.47,13.48,13.49,13.5,13.51,19200,14700,26500,20900,8100,7100,53300,22900,8900,9500,15800,7300,800,8100,10400,13800,71400,38500,18800,100
312.0,13.41,6759100,91715797.0,13.4,13.39,13.38,13.37,13.36,13.35,13.34,13.33,13.32,13.31,13.41,13.42,13.43,13.44,13.45,13.46,13.47,13.48,13.49,13.5,3000,26500,20900,8100,7100,53300,19700,8900,9500,24300,14800,1000,7500,800,9100,10400,13800,71400,38500,16800
313.0,13.4,6775900,91940849.0,13.39,13.38,13.37,13.36,13.35,13.34,13.33,13.32,13.31,13.3,13.4,13.41,13.42,13.43,13.44,13.45,13.46,13.47,13.48,13.49,19300,20900,8100,7100,53300,19700,8900,9500,24300,40800,13800,5000,1000,7500,800,9100,11400,13800,71400,38500
314.0,13.37,6906400,93691425.0,13.37,13.36,13.35,13.34,13.33,13.32,13.31,13.3,13.29,13.28,13.39,13.45,13.46,13.47,13.48,13.49,13.5,13.51,13.52,13.54,7800,7100,51700,19700,8900,9500,24300,40800,2700,9400,21600,9700,11400,13800,71400,38500,16800,100,2700,800
315.0,13.38,6911800,93763670.0,13.37,13.36,13.35,13.34,13.33,13.32,13.31,13.3,13.29,13.28,13.38,13.39,13.42,13.44,13.45,13.46,13.47,13.48,13.49,13.5,7100,7100,51600,19700,8900,9500,24300,40800,2700,9400,2200,10400,100,500,21100,12300,13800,71400,38500,16800
316.0,13.37,6931400,94025800.0,13.36,13.35,13.34,13.33,13.32,13.31,13.3,13.29,13.28,13.27,13.37,13.39,13.42,13.43,13.44,13.45,13.46,13.47,13.48,13.49,7100,51600,19700,8900,9500,24300,37700,2700,9400,8900,4000,5000,100,4800,4800,21100,12300,14100,71400,38500
317.0,13.36,6935900,94085964.0,13.36,13.35,13.34,13.33,13.32,13.31,13.3,13.29,13.28,13.27,13.37,13.39,13.42,13.43,13.44,13.45,13.46,13.47,13.48,13.49,7100,51600,19700,8900,9500,24300,37700,2700,9400,8900,5300,5000,100,5900,8100,21100,12300,14100,71400,38500
318.0,13.36,6943200,94183492.0,13.35,13.34,13.33,13.32,13.31,13.3,13.29,13.28,13.27,13.26,13.36,13.37,13.39,13.42,13.43,13.44,13.45,13.46,13.47,13.48,51600,19700,8900,9500,24300,37700,2700,9400,8900,14700,3000,700,6000,100,5900,8100,21100,13300,14100,71400
319.0,13.35,6995500,94881711.0,13.34,13.33,13.32,13.31,13.3,13.29,13.28,13.27,13.26,13.25,13.35,13.39,13.42,13.43,13.44,13.45,13.46,13.47,13.48,13.49,19700,8900,9500,24300,37700,2700,9400,8900,14700,3800,400,6000,100,11400,8100,22700,13300,8600,71400,38500
320.0,13.34,6995800,94885715.0,13.34,13.33,13.32,13.31,13.3,13.29,13.28,13.27,13.26,13.25,13.35,13.39,13.42,13.43,13.44,13.45,13.46,13.47,13.48,13.49,19600,8900,9500,24300,37700,2700,9400,8900,14700,3800,800,9000,100,11400,8100,10400,13300,8600,71400,38500
321.0,13.35,7006000,95021875.0,13.34,13.33,13.32,13.31,13.3,13.29,13.28,13.27,13.26,13.25,13.35,13.38,13.39,13.42,13.43,13.44,13.45,13.46,13.47,13.48,13400,8900,9500,24300,37700,2700,9400,8900,14700,3800,2500,21400,9000,100,11400,8100,10400,13300,8600,71400
322.0,13.35,7007300,95039228.0,13.34,13.33,13.32,13.31,13.3,13.29,13.28,13.27,13.26,13.25,13.35,13.38,13.39,13.42,13.43,13.44,13.45,13.46,13.47,13.48,13200,8900,9500,24300,37900,1800,9400,8900,14700,3800,1400,21400,9000,100,11400,8100,10400,13300,8600,71400
323.0,13.34,7010100,95076582.0,13.34,13.33,13.32,13.31,13.3,13.29,13.28,13.27,13.26,13.25,13.35,13.38,13.39,13.42,13.43,13.44,13.45,13.46,13.47,13.48,28900,8900,9500,24300,37900,1800,9400,8900,14700,3800,1800,21400,9000,100,11400,8100,10400,13300,8600,71400
324.0,13.34,7022500,95242112.0,13.37,13.35,13.34,13.33,13.32,13.31,13.3,13.29,13.28,13.27,13.38,13.39,13.42,13.43,13.44,13.45,13.46,13.47,13.48,13.49,1100,800,21900,8900,9500,24300,37900,1800,9400,8900,21400,9400,100,11400,8100,10400,13300,8600,71400,38500
325.0,13.35,7024600,95270169.0,13.34,13.33,13.32,13.31,13.3,13.29,13.28,13.27,13.26,13.25,13.35,13.36,13.37,13.39,13.42,13.43,13.44,13.45,13.46,13.47,21900,8900,9500,24300,37900,1800,9400,8900,14700,3800,11000,10400,100,9400,100,11400,8100,11000,13300,8600
326.0,13.39,7046700,95565111.0,13.34,13.33,13.32,13.31,13.3,13.29,13.28,13.27,13.26,13.25,13.39,13.42,13.43,13.44,13.45,13.46,13.47,13.48,13.49,13.5,11200,8900,9500,25000,37900,1800,9400,8900,14700,3800,9100,100,11400,8100,11000,11400,8600,71400,38500,16400
327.0,13.38,7049300,95599864.0,13.35,13.34,13.33,13.32,13.31,13.3,13.29,13.28,13.27,13.26,13.38,13.39,13.42,13.43,13.44,13.45,13.46,13.47,13.48,13.49,3200,18800,8900,10400,25000,37900,1900,9400,8900,14700,2300,16000,100,11400,8100,11000,11400,8600,71400,38500
328.0,13.35,7051500,95629234.0,13.35,13.34,13.33,13.32,13.31,13.3,13.29,13.28,13.27,13.26,13.38,13.39,13.4,13.42,13.43,13.44,13.45,13.46,13.47,13.48,4300,19200,8900,10400,25000,37900,1900,9400,8900,14700,2300,16000,1900,100,11400,11200,11000,11400,8600,71400
329.0,13.38,7054300,95666634.0,13.35,13.34,13.33,13.32,13.31,13.3,13.29,13.28,13.27,13.26,13.38,13.39,13.4,13.42,13.43,13.44,13.45,13.46,13.47,13.48,12200,39200,8900,10400,25000,37900,2200,9400,8900,14700,5900,16000,2000,100,11400,11200,11000,11400,8600,71400
330.0,13.38,7068800,95860332.0,13.35,13.34,13.33,13.32,13.31,13.3,13.29,13.28,13.27,13.26,13.38,13.39,13.4,13.42,13.43,13.44,13.45,13.46,13.47,13.48,7100,39600,8900,10400,25000,37900,2200,9400,8900,14700,5100,16000,2000,100,11400,11200,11000,11400,8600,71400
331.0,13.35,7082100,96037887.0,13.34,13.33,13.32,13.31,13.3,13.29,13.28,13.27,13.26,13.25,13.35,13.37,13.38,13.39,13.4,13.42,13.43,13.44,13.45,13.46,40100,8900,16000,24000,49800,2200,9400,8900,14700,3800,186700,1600,8800,17100,2000,100,11400,11200,11000,11400
332.0,13.35,7088200,96119316.0,13.34,13.33,13.32,13.31,13.3,13.29,13.28,13.27,13.26,13.25,13.35,13.37,13.38,13.39,13.4,13.42,13.43,13.44,13.45,13.46,39500,8900,16000,24000,49800,2200,9400,8900,14700,3800,181200,1600,8800,17100,2000,100,10300,11200,11000,11400
333.0,13.34,7093300,96187358.0,13.34,13.33,13.32,13.31,13.3,13.29,13.28,13.27,13.26,13.25,13.35,13.36,13.37,13.38,13.39,13.4,13.42,13.43,13.44,13.45,35200,8900,16000,24000,49800,2200,9400,8900,14700,3800,181400,500,1600,8800,17100,2000,100,10300,11200,11000
334.0,13.35,7114200,96466289.0,13.34,13.33,13.32,13.31,13.3,13.29,13.28,13.27,13.26,13.25,13.35,13.36,13.37,13.38,13.39,13.4,13.42,13.43,13.44,13.45,26800,9100,17000,24000,49800,2200,9400,8900,14700,3800,168900,500,1600,8800,14100,2000,100,10300,11200,11000
335.0,13.34,7128000,96650414.0,13.34,13.33,13.32,13.31,13.3,13.29,13.28,13.27,13.26,13.25,13.35,13.36,13.37,13.38,13.39,13.4,13.42,13.43,13.44,13.45,16800,9100,17000,24000,50800,2200,9400,8900,14700,3800,166100,500,1600,8800,14100,2000,100,10300,11200,11000
336.0,13.34,7142200,96839842.0,13.34,13.33,13.32,13.31,13.3,13.29,13.28,13.27,13.26,13.25,13.35,13.36,13.37,13.38,13.39,13.4,13.42,13.43,13.44,13.45,7000,9100,17000,24000,50800,2200,9400,8900,15000,3800,169700,500,1600,9000,14100,2000,100,12600,11200,11000
337.0,13.33,7151200,96959910.0,13.33,13.32,13.31,13.3,13.29,13.28,13.27,13.26,13.25,13.24,13.34,13.35,13.36,13.37,13.38,13.39,13.4,13.42,13.43,13.44,8500,17000,24000,50800,2200,9400,8900,15000,3800,9000,1600,167600,500,1600,9000,14100,2000,100,12600,11200
338.0,13.35,7168100,97185355.0,13.33,13.32,13.31,13.3,13.29,13.28,13.27,13.26,13.25,13.24,13.34,13.35,13.36,13.37,13.38,13.39,13.4,13.42,13.43,13.44,800,17000,24000,50800,2200,9400,8900,15000,3800,9000,200,162200,500,1600,9000,14100,2000,100,12600,8400
339.0,13.35,7179300,97334559.0,13.33,13.32,13.31,13.3,13.29,13.28,13.27,13.26,13.25,13.24,13.35,13.36,13.37,13.38,13.39,13.4,13.42,13.43,13.44,13.45,400,7400,24000,50800,3200,9400,8900,15000,3300,9000,162100,500,1600,9000,14100,2000,100,12600,8400,13000
340.0,13.35,7181800,97367926.0,13.32,13.31,13.3,13.29,13.28,13.27,13.26,13.25,13.24,13.23,13.35,13.36,13.37,13.38,13.39,13.4,13.42,13.43,13.44,13.45,7400,24000,51300,3200,9400,8900,15000,3300,9000,12100,160000,500,1600,9000,13700,2000,100,12600,8400,13000
341.0,13.32,7184800,97407886.0,13.32,13.31,13.3,13.29,13.28,13.27,13.26,13.25,13.24,13.23,13.33,13.34,13.35,13.36,13.37,13.38,13.39,13.4,13.42,13.43,4400,24000,51100,3700,9400,8900,15000,3300,9000,12100,1200,300,160000,500,1600,9000,13700,2000,100,12600
342.0,13.31,7190300,97481150.0,13.31,13.3,13.29,13.28,13.27,13.26,13.25,13.24,13.23,13.22,13.32,13.33,13.34,13.35,13.36,13.37,13.38,13.39,13.4,13.42,23900,51100,3700,9400,8900,15000,3300,9000,12100,4100,18500,700,1200,160000,500,1600,9000,13700,2000,100
343.0,13.31,7194600,97538387.0,13.31,13.3,13.29,13.28,13.27,13.26,13.25,13.24,13.23,13.22,13.32,13.33,13.34,13.35,13.36,13.37,13.38,13.39,13.4,13.42,20000,51100,3700,9400,8900,15000,3300,9000,12100,4100,19100,700,1200,162000,500,1600,9000,13700,2000,100
344.0,13.31,7212200,97772737.0,13.31,13.3,13.29,13.28,13.27,13.26,13.25,13.24,13.23,13.22,13.32,13.33,13.34,13.35,13.36,13.37,13.38,13.39,13.4,13.42,11800,51100,3700,9400,8900,15000,3300,9000,12100,4100,9700,700,1500,162000,500,1600,9000,13700,2000,100
345.0,13.32,7214700,97806024.0,13.31,13.3,13.29,13.28,13.27,13.26,13.25,13.24,13.23,13.22,13.32,13.33,13.34,13.35,13.36,13.37,13.38,13.39,13.4,13.42,10500,52100,2700,9400,8900,15000,3300,9000,12100,4100,8500,700,1500,162000,500,1600,9000,13700,2000,100
346.0,13.34,7224000,97929909.0,13.33,13.31,13.3,13.29,13.28,13.27,13.26,13.25,13.24,13.23,13.34,13.35,13.36,13.37,13.38,13.39,13.4,13.42,13.43,13.44,2300,10500,52100,2700,9400,8900,15000,3300,9000,12100,1400,162000,500,1600,9000,13700,2000,100,12600,8400
347.0,13.32,7228800,97993849.0,13.32,13.31,13.3,13.29,13.28,13.27,13.26,13.25,13.24,13.23,13.34,13.35,13.36,13.37,13.38,13.39,13.4,13.42,13.43,13.44,2700,8600,53100,2700,9400,8900,15000,3400,9000,12100,2800,162000,500,1600,9000,13700,2000,100,12600,8400
348.0,13.32,7228800,97993849.0,13.32,13.31,13.3,13.29,13.28,13.27,13.26,13.25,13.24,13.23,13.34,13.35,13.36,13.37,13.38,13.39,13.4,13.42,13.43,13.44,2700,10500,52000,2700,9400,8900,15000,3400,9000,12100,6800,159100,500,1600,9000,13700,2000,100,12600,8400
349.0,13.31,7243000,98182884.0,13.3,13.29,13.28,13.27,13.26,13.25,13.24,13.23,13.22,13.21,13.31,13.34,13.35,13.36,13.37,13.38,13.39,13.4,13.42,13.43,52000,2700,9400,8900,15000,3400,9000,12100,4100,7300,4400,6600,159100,500,1600,9000,13700,2000,100,12600
350.0,13.31,7245300,98213497.0,13.3,13.29,13.28,13.27,13.26,13.25,13.24,13.23,13.22,13.21,13.31,13.32,13.34,13.35,13.36,13.37,13.38,13.39,13.4,13.42,50600,2900,9400,8900,15000,3400,9000,12100,4100,7300,5800,1000,6600,159100,500,1600,9000,13700,2000,100
351.0,13.33,7256000,98355908.0,13.33,13.32,13.31,13.3,13.29,13.28,13.27,13.26,13.25,13.24,13.34,13.35,13.36,13.37,13.38,13.39,13.4,13.42,13.43,13.44,1400,100,3300,48600,3800,9400,8900,15100,3400,9000,6600,159100,500,1600,9000,13000,2000,100,12600,8400
352.0,13.3,7304600,99002405.0,13.33,13.31,13.3,13.29,13.28,13.27,13.26,13.25,13.24,13.23,13.34,13.35,13.36,13.37,13.38,13.39,13.4,13.42,13.43,13.44,500,300,6800,3800,9400,8900,15100,3400,9000,12100,6600,159100,500,1600,9000,13000,2000,100,12600,8400
353.0,13.3,7313800,99124822.0,13.29,13.28,13.27,13.26,13.25,13.24,13.23,13.22,13.21,13.2,13.3,13.31,13.32,13.34,13.35,13.36,13.37,13.38,13.39,13.4,3800,9400,10100,15100,3400,9000,12100,4100,7300,35400,7200,6900,10500,6200,159200,500,1600,9000,13000,2000
354.0,13.3,7317400,99172694.0,13.29,13.28,13.27,13.26,13.25,13.24,13.23,13.22,13.21,13.2,13.3,13.31,13.32,13.34,13.35,13.36,13.37,13.38,13.39,13.4,3000,9400,10100,15100,3400,9000,12100,4100,8600,35400,4400,11900,10500,6300,159200,500,1600,9000,13000,2000
355.0,13.3,7321900,99232514.0,13.28,13.27,13.26,13.25,13.24,13.23,13.22,13.21,13.2,13.19,13.3,13.31,13.32,13.34,13.35,13.36,13.37,13.38,13.39,13.4,9400,10100,15100,3400,9000,12100,4100,8600,35400,8400,3400,15900,22600,6800,159200,500,1600,9000,13000,3000
356.0,13.3,7325000,99273738.0,13.28,13.27,13.26,13.25,13.24,13.23,13.22,13.21,13.2,13.19,13.3,13.31,13.32,13.34,13.35,13.36,13.37,13.38,13.39,13.4,10600,10100,15100,3400,9000,12100,4100,8600,35400,8400,600,16800,23300,6800,159200,500,1600,9000,13000,3000
357.0,13.28,7326800,99297678.0,13.28,13.27,13.26,13.25,13.24,13.23,13.22,13.21,13.2,13.19,13.29,13.3,13.31,13.32,13.34,13.35,13.36,13.37,13.38,13.39,10200,10100,15100,3400,9000,12100,4100,8600,35400,8400,1100,2600,18000,23300,6800,159200,500,1600,9000,13000
358.0,13.3,7331100,99354815.0,13.28,13.27,13.26,13.25,13.24,13.23,13.22,13.21,13.2,13.19,13.3,13.31,13.32,13.34,13.35,13.36,13.37,13.38,13.39,13.4,8100,10100,15100,3400,9000,12100,4100,8600,35400,8400,1500,18000,23300,7800,159200,500,1600,9000,13000,3000
359.0,13.29,7342500,99506232.0,13.27,13.26,13.25,13.24,13.23,13.22,13.21,13.2,13.19,13.18,13.29,13.3,13.31,13.32,13.34,13.35,13.37,13.38,13.39,13.4,10100,15100,4000,9000,12100,4100,8600,35400,8400,47400,800,1600,13500,23300,7800,159200,1600,9000,13000,3000
360.0,13.27,7343200,99515521.0,13.28,13.27,13.26,13.25,13.24,13.23,13.22,13.21,13.2,13.19,13.29,13.3,13.31,13.32,13.33,13.34,13.35,13.37,13.38,13.39,100,9400,15100,4000,9000,12100,4100,8600,35400,8400,1100,1600,10600,23300,500,7800,159200,1600,9000,13000
361.0,13.27,7349100,99593831.0,13.27,13.26,13.25,13.24,13.23,13.22,13.21,13.2,13.19,13.18,13.28,13.29,13.3,13.31,13.32,13.33,13.34,13.35,13.37,13.38,5100,15000,4100,9000,12100,4100,8600,35400,8400,47100,8200,500,1600,11500,23300,500,7800,159200,1600,9000
362.0,13.26,7357100,99699962.0,13.26,13.25,13.24,13.23,13.22,13.21,13.2,13.19,13.18,13.17,13.27,13.28,13.29,13.3,13.31,13.32,13.33,13.34,13.35,13.37,12100,4100,9000,12100,4100,8600,35400,8400,47100,14000,7500,8400,1300,1500,11500,23300,500,7800,159300,1600
363.0,13.26,7368900,99856430.0,13.26,13.25,13.24,13.23,13.22,13.21,13.2,13.19,13.18,13.17,13.27,13.28,13.29,13.3,13.31,13.32,13.33,13.34,13.35,13.37,300,4100,9000,12100,4100,8600,35400,8400,47100,14000,6500,9200,1300,1500,11500,23300,500,7800,159300,1600
364.0,13.27,7372000,99897543.0,13.25,13.24,13.23,13.22,13.21,13.2,13.19,13.18,13.17,13.16,13.27,13.28,13.29,13.3,13.31,13.32,13.33,13.34,13.35,13.37,3700,9000,12100,4100,8600,35400,8400,47100,14000,58200,7600,22200,1000,2400,12500,23300,500,7800,159300,1600
365.0,13.22,7400200,100270905.0,13.22,13.21,13.2,13.19,13.18,13.17,13.16,13.15,13.14,13.13,13.23,13.24,13.25,13.26,13.27,13.28,13.29,13.3,13.31,13.32,3900,8600,36400,8400,47100,14000,58200,3700,4400,7600,7100,3600,100,17600,5400,22300,1000,2400,12300,23300
366.0,13.21,7414000,100453257.0,13.2,13.19,13.18,13.17,13.16,13.15,13.14,13.13,13.12,13.11,13.21,13.22,13.25,13.26,13.27,13.28,13.29,13.3,13.31,13.32,36400,8400,47100,14000,58200,3700,4400,7600,1100,3400,18200,2700,100,100,8300,22000,800,1800,10300,23300
367.0,13.2,7452100,100956187.0,13.2,13.19,13.18,13.17,13.16,13.15,13.14,13.13,13.12,13.11,13.21,13.22,13.25,13.26,13.27,13.28,13.29,13.3,13.31,13.32,5700,8400,47100,14000,58200,3700,4400,7600,1100,3400,17700,2200,100,100,8300,17500,800,900,10400,23300
368.0,13.21,7455700,101003771.0,13.21,13.2,13.19,13.18,13.17,13.16,13.15,13.14,13.13,13.12,13.22,13.26,13.27,13.28,13.29,13.3,13.31,13.32,13.33,13.34,18800,6200,8400,47100,14000,58200,3700,4400,7600,1100,900,100,9300,21500,1100,2200,10400,22700,500,7800
369.0,13.27,7456300,101011722.0,13.24,13.22,13.21,13.2,13.19,13.18,13.17,13.16,13.15,13.14,13.27,13.28,13.29,13.3,13.31,13.32,13.33,13.34,13.35,13.37,1300,9900,20100,7000,8400,47100,14000,58200,3700,4400,9400,21500,1100,2200,10400,22700,500,7800,157300,1600
370.0,13.26,7461100,101075372.0,13.26,13.24,13.22,13.21,13.2,13.19,13.18,13.17,13.16,13.15,13.27,13.28,13.29,13.3,13.31,13.32,13.33,13.34,13.35,13.37,400,1300,9600,20900,7000,8400,47100,14000,58200,3700,9200,21500,1100,2200,9400,22000,500,7800,157300,1600
371.0,13.25,7463100,101101890.0,13.24,13.22,13.21,13.2,13.19,13.18,13.17,13.16,13.15,13.14,13.27,13.28,13.29,13.3,13.31,13.32,13.33,13.34,13.35,13.37,1300,11100,20900,7000,8400,47100,14000,58200,3700,4400,8600,21500,1100,1300,9400,22000,500,7800,157300,1600
372.0,13.27,7463600,101108521.0,13.26,13.24,13.22,13.21,13.2,13.19,13.18,13.17,13.16,13.15,13.27,13.28,13.29,13.3,13.31,13.32,13.33,13.34,13.35,13.37,1600,12000,11700,21400,7000,8400,47100,14000,58200,3700,17600,21300,1100,2300,9400,22000,500,7800,157300,1600
373.0,13.27,7463700,101109848.0,13.26,13.24,13.22,13.21,13.2,13.19,13.18,13.17,13.16,13.15,13.27,13.28,13.29,13.3,13.31,13.32,13.33,13.34,13.35,13.37,2000,12000,11700,21400,7200,8400,46500,13600,58200,3700,17700,21300,1100,2300,9400,22000,500,8500,157300,1600
374.0,13.26,7467900,101165559.0,13.26,13.24,13.22,13.21,13.2,13.19,13.18,13.17,13.16,13.15,13.27,13.28,13.29,13.3,13.31,13.32,13.33,13.34,13.35,13.37,500,12000,11300,21400,7200,8400,46700,13600,58200,3700,15800,21800,1200,2300,9400,22000,500,8500,157300,1600
375.0,13.24,7470600,101201338.0,13.24,13.22,13.21,13.2,13.19,13.18,13.17,13.16,13.15,13.14,13.27,13.28,13.29,13.3,13.31,13.32,13.33,13.34,13.35,13.37,10500,11300,21400,8800,8400,46700,13900,59200,3700,4400,15100,21800,1200,2300,9400,22000,500,8500,157300,1600
376.0,13.25,7477100,101287563.0,13.24,13.22,13.21,13.2,13.19,13.18,13.17,13.16,13.15,13.14,13.27,13.28,13.29,13.3,13.31,13.32,13.33,13.34,13.35,13.37,20900,16100,21500,8900,8400,46700,13900,59200,3700,4400,30700,21800,1200,2300,9400,22000,500,8500,157300,1600
377.0,13.27,7494200,101514475.0,13.24,13.22,13.21,13.2,13.19,13.18,13.17,13.16,13.15,13.14,13.26,13.27,13.28,13.29,13.3,13.31,13.32,13.33,13.34,13.35,31100,16100,3200,9100,9500,46700,13900,57500,3700,4400,300,14200,22300,1200,3400,8500,22000,500,8500,157300
378.0,13.26,7509600,101718788.0,13.25,13.24,13.22,13.21,13.2,13.19,13.18,13.17,13.16,13.15,13.26,13.27,13.28,13.29,13.3,13.31,13.32,13.33,13.34,13.35,200,30100,16100,3200,13200,9500,46700,13900,57500,3700,700,900,22300,1200,3500,8500,22000,500,8500,157300
379.0,13.25,7510700,101733376.0,13.25,13.24,13.22,13.21,13.2,13.19,13.18,13.17,13.16,13.15,13.26,13.27,13.28,13.29,13.3,13.31,13.32,13.33,13.34,13.35,100,30100,16100,3200,13800,9500,46700,14400,57500,3700,2900,800,22300,1200,11000,8500,11500,500,8500,157300
380.0,13.27,7521900,101881974.0,13.27,13.25,13.24,13.22,13.21,13.2,13.19,13.18,13.17,13.16,13.28,13.29,13.3,13.31,13.32,13.33,13.34,13.35,13.37,13.38,5800,100,31200,16100,1900,13800,9500,46700,14400,57500,22000,1200,11000,8500,11500,500,8500,157300,1600,9000
381.0,13.27,7524400,101915171.0,13.27,13.25,13.24,13.23,13.22,13.21,13.2,13.19,13.18,13.17,13.28,13.29,13.3,13.31,13.32,13.33,13.34,13.35,13.37,13.38,5600,100,31700,400,16100,2600,13800,9500,46700,14400,20600,1200,11000,8500,11500,500,8500,157300,1600,9000
382.0,13.27,7527200,101952327.0,13.27,13.25,13.24,13.23,13.22,13.21,13.2,13.19,13.18,13.17,13.28,13.29,13.3,13.31,13.32,13.33,13.34,13.35,13.37,13.38,2800,100,31700,400,16100,2600,13800,9800,46700,14400,20600,1200,11000,8500,11500,500,8500,157300,1600,9000
383.0,13.27,7527400,101954981.0,13.27,13.25,13.24,13.23,13.22,13.21,13.2,13.19,13.18,13.17,13.28,13.29,13.3,13.31,13.32,13.33,13.34,13.35,13.37,13.38,2700,15800,31700,400,16200,3500,13800,9800,46700,14400,20800,1200,11000,8500,11500,500,8500,157300,1600,9000
384.0,13.25,7538500,102102185.0,13.27,13.25,13.24,13.23,13.22,13.21,13.2,13.19,13.18,13.17,13.28,13.29,13.3,13.31,13.32,13.33,13.34,13.35,13.37,13.38,1500,10800,31700,500,15600,3600,13800,9800,46700,14400,20100,1200,9700,8500,11500,500,8500,157300,1600,9000
385.0,13.27,7545200,102191067.0,13.26,13.25,13.24,13.23,13.22,13.21,13.2,13.19,13.18,13.17,13.27,13.28,13.29,13.3,13.31,13.32,13.33,13.34,13.35,13.37,3200,10800,31700,500,15600,3600,13800,9800,46700,14400,2400,19100,1200,9700,8500,11500,500,8500,157300,1600
386.0,13.27,7557300,102351466.0,13.25,13.24,13.23,13.22,13.21,13.2,13.19,13.18,13.17,13.16,13.27,13.28,13.29,13.3,13.31,13.32,13.33,13.34,13.35,13.37,4200,31700,500,15600,3600,23800,9800,46700,14400,57800,1000,19100,1200,9700,8500,11500,500,8500,157300,1600
387.0,13.27,7562600,102421797.0,13.25,13.24,13.23,13.22,13.21,13.2,13.19,13.18,13.17,13.16,13.27,13.28,13.29,13.3,13.31,13.32,13.33,13.34,13.35,13.37,9000,31700,500,15600,3600,23800,9800,46700,14400,58000,200,19100,1200,9700,8500,12500,500,8500,157300,1600
388.0,13.25,7573300,102563638.0,13.25,13.24,13.23,13.22,13.21,13.2,13.19,13.18,13.17,13.16,13.26,13.27,13.28,13.29,13.3,13.31,13.32,13.33,13.34,13.35,1900,32000,1000,15600,3600,24800,9800,46700,14400,58000,100,2800,18800,1200,2200,8500,12500,500,8500,157300
389.0,13.27,7573900,102571599.0,13.25,13.24,13.23,13.22,13.21,13.2,13.19,13.18,13.17,13.16,13.27,13.28,13.29,13.3,13.31,13.32,13.33,13.34,13.35,13.37,1900,32000,1000,15600,3100,25800,9800,46700,14400,58400,2300,19300,1200,2200,8500,12500,500,8500,157300,1600
