LocalTime,LastPrice,TradeVolume,TradeValue,BidPrice1,BidPrice2,BidPrice3,BidPrice4,BidPrice5,BidPrice6,BidPrice7,BidPrice8,BidPrice9,BidPriceA,AskPrice1,AskPrice2,AskPrice3,AskPrice4,AskPrice5,AskPrice6,AskPrice7,AskPrice8,AskPrice9,AskPriceA,BidVolume1,BidVolume2,BidVolume3,BidVolume4,BidVolume5,BidVolume6,BidVolume7,BidVolume8,BidVolume9,BidVolumeA,AskVolume1,AskVolume2,AskVolume3,AskVolume4,AskVolume5,AskVolume6,AskVolume7,AskVolume8,AskVolume9,AskVolumeA
0.0,14.4,8900,128160.0,14.42,14.4,14.39,14.38,14.35,14.33,14.32,14.3,14.28,14.27,14.45,14.46,14.47,14.48,14.49,14.5,14.52,14.53,14.55,14.56,10900,2900,100,5000,500,1200,400,600,1500,500,2000,1600,2000,5300,500,100,800,1100,2900,1600
1.0,14.42,11100,159884.0,14.42,14.4,14.39,14.38,14.35,14.33,14.32,14.3,14.28,14.27,14.44,14.45,14.46,14.47,14.48,14.49,14.5,14.52,14.53,14.55,8700,2900,100,5000,500,1200,400,600,1500,500,100,2100,1700,2000,5300,1500,100,800,1100,3300
2.0,14.42,11300,162768.0,14.42,14.4,14.39,14.38,14.35,14.34,14.33,14.32,14.3,14.28,14.44,14.45,14.46,14.48,14.49,14.5,14.52,14.53,14.55,14.56,8500,3300,100,5000,2500,200,1200,400,600,1500,100,100,1700,5300,1500,100,800,1100,3300,1600
3.0,14.42,12000,172862.0,14.42,14.4,14.39,14.38,14.35,14.34,14.33,14.32,14.3,14.28,14.44,14.45,14.46,14.48,14.49,14.5,14.52,14.53,14.55,14.56,8800,3300,100,5000,2500,200,1200,400,600,1500,100,100,1700,5300,1500,100,800,1100,3300,1600
4.0,14.43,13900,200266.0,14.43,14.42,14.4,14.39,14.38,14.36,14.35,14.34,14.33,14.32,14.44,14.45,14.46,14.48,14.49,14.5,14.52,14.53,14.55,14.56,800,8500,3300,100,5000,500,2500,200,1200,400,300,600,2300,5300,1500,100,800,1100,3300,1600
5.0,14.42,14900,214694.0,14.42,14.4,14.39,14.38,14.36,14.35,14.34,14.33,14.32,14.3,14.44,14.45,14.46,14.48,14.49,14.5,14.52,14.53,14.55,14.56,10300,3300,100,5000,500,3000,200,1200,400,600,300,100,2300,5300,1500,100,800,1100,3300,2600
6.0,14.42,22800,328629.0,14.42,14.4,14.39,14.38,14.36,14.35,14.34,14.33,14.32,14.31,14.44,14.45,14.46,14.48,14.49,14.5,14.52,14.53,14.55,14.56,4100,3300,100,5000,500,3100,200,1200,400,500,400,100,2300,5300,1500,100,800,1100,3300,12600
7.0,14.42,24000,345933.0,14.42,14.4,14.39,14.38,14.36,14.35,14.34,14.33,14.32,14.31,14.43,14.44,14.45,14.46,14.47,14.48,14.49,14.5,14.52,14.53,2900,3300,1100,5000,500,3100,200,1200,400,800,2600,400,100,7300,5000,5300,1500,100,800,1100
8.0,14.42,29400,423825.0,14.4,14.39,14.38,14.36,14.35,14.34,14.33,14.32,14.31,14.3,14.42,14.43,14.44,14.45,14.46,14.47,14.48,14.49,14.5,14.52,3300,1100,5000,500,3100,200,1200,400,800,600,5000,2200,300,100,7300,5000,5300,1500,1600,800
9.0,14.42,29600,426709.0,14.4,14.39,14.38,14.37,14.36,14.35,14.34,14.33,14.32,14.31,14.42,14.43,14.44,14.45,14.46,14.47,14.48,14.49,14.5,14.52,3300,2300,5000,1000,500,3100,200,1200,400,800,8100,2200,300,100,10300,5000,5300,1500,1600,800
10.0,14.42,29600,426709.0,14.4,14.39,14.38,14.37,14.36,14.35,14.34,14.33,14.32,14.31,14.42,14.43,14.44,14.45,14.46,14.47,14.48,14.49,14.5,14.52,3300,2300,5000,1000,500,4100,200,1200,400,800,8400,4300,300,100,10300,5000,5300,1500,1600,800
11.0,14.4,32400,467030.0,14.4,14.39,14.38,14.37,14.36,14.35,14.34,14.33,14.32,14.31,14.41,14.42,14.43,14.44,14.45,14.46,14.47,14.48,14.49,14.5,800,2300,5000,1000,500,4100,200,1200,3900,800,100,7300,3300,300,100,10300,5000,5300,1500,1600
12.0,14.4,33600,484317.0,14.39,14.38,14.37,14.36,14.35,14.34,14.33,14.32,14.31,14.3,14.4,14.41,14.42,14.43,14.44,14.45,14.46,14.47,14.48,14.49,2300,5000,1000,500,4100,200,1200,3900,800,600,2500,1400,12600,3500,300,100,10300,5000,5300,1500
13.0,14.39,36400,524616.0,14.39,14.38,14.37,14.36,14.35,14.34,14.33,14.32,14.31,14.3,14.4,14.41,14.42,14.43,14.44,14.45,14.46,14.47,14.48,14.49,200,5000,1000,500,4100,200,1200,3900,800,700,3100,300,13100,3300,300,100,10300,5000,5300,1500
14.0,14.38,36800,530370.0,14.38,14.37,14.36,14.35,14.34,14.33,14.32,14.31,14.3,14.28,14.39,14.4,14.41,14.42,14.43,14.44,14.45,14.46,14.47,14.48,4800,1000,500,4100,200,1200,3900,800,700,1500,700,12500,300,9900,3300,300,100,10300,5000,5300
15.0,14.38,42100,606584.0,14.37,14.36,14.35,14.34,14.33,14.32,14.31,14.3,14.28,14.27,14.38,14.39,14.4,14.41,14.42,14.43,14.44,14.45,14.46,14.47,1000,500,4100,200,1200,3900,800,700,1500,2500,12000,700,12000,300,9900,3300,300,100,10300,5000
16.0,14.37,43100,620954.0,14.36,14.35,14.34,14.33,14.32,14.31,14.3,14.28,14.27,14.26,14.37,14.38,14.39,14.4,14.41,14.42,14.43,14.44,14.45,14.46,500,4100,200,1200,3900,800,700,1500,2500,100,400,10100,300,12000,300,9900,3300,300,100,10300
17.0,14.35,46600,671184.0,14.35,14.34,14.33,14.32,14.31,14.3,14.28,14.27,14.26,14.25,14.36,14.37,14.38,14.39,14.4,14.41,14.42,14.43,14.44,14.45,1100,200,1200,3900,800,700,1500,2500,100,100,1600,400,6400,300,12000,300,9900,2400,300,100
18.0,14.36,47600,685540.0,14.35,14.34,14.33,14.32,14.31,14.3,14.28,14.27,14.26,14.25,14.36,14.37,14.38,14.39,14.4,14.41,14.42,14.43,14.44,14.45,700,200,1200,3900,800,700,1500,2500,100,100,1000,500,6400,200,12000,300,7500,1700,300,100
19.0,14.36,47700,686976.0,14.35,14.34,14.33,14.32,14.31,14.3,14.28,14.27,14.26,14.25,14.36,14.37,14.38,14.39,14.4,14.41,14.42,14.43,14.44,14.45,700,200,1200,3900,800,700,1500,2500,100,100,900,600,6400,200,12000,300,5400,1700,300,100
20.0,14.35,48400,697021.0,14.34,14.33,14.32,14.31,14.3,14.28,14.27,14.26,14.25,14.23,14.36,14.37,14.38,14.39,14.4,14.41,14.42,14.43,14.44,14.45,200,1200,3900,800,700,1500,2500,100,100,500,1000,600,6400,200,12000,300,5200,1700,300,100
21.0,14.35,48400,697021.0,14.34,14.33,14.32,14.31,14.3,14.28,14.27,14.26,14.25,14.23,14.36,14.37,14.38,14.39,14.4,14.41,14.42,14.43,14.44,14.45,200,1200,3900,800,700,1500,2500,100,100,500,1000,600,6400,200,12000,300,5200,1700,300,100
22.0,14.34,48600,699889.0,14.33,14.32,14.31,14.3,14.28,14.27,14.26,14.25,14.23,14.22,14.35,14.36,14.37,14.38,14.39,14.4,14.41,14.42,14.43,14.44,1200,3900,800,700,1500,2500,100,100,500,1800,300,1400,600,6400,200,11000,300,5200,1700,300
23.0,14.35,49400,711370.0,14.33,14.32,14.31,14.3,14.28,14.27,14.26,14.25,14.23,14.22,14.36,14.37,14.38,14.39,14.4,14.41,14.42,14.43,14.44,14.45,1200,3900,800,700,1500,2500,100,100,500,1800,1300,600,2500,100,11000,300,5200,1700,300,100
24.0,14.33,49600,714236.0,14.33,14.32,14.31,14.3,14.28,14.27,14.26,14.25,14.23,14.22,14.36,14.37,14.38,14.39,14.4,14.41,14.42,14.43,14.44,14.45,1200,3900,800,700,1500,2500,100,100,500,1800,1300,600,2500,100,10000,300,5200,1700,300,100
25.0,14.33,49600,714236.0,14.34,14.33,14.32,14.31,14.3,14.28,14.27,14.26,14.25,14.23,14.36,14.37,14.38,14.39,14.4,14.41,14.42,14.43,14.44,14.45,100,1200,3900,800,700,1500,2500,100,100,500,1300,600,2500,100,10000,300,5200,1700,300,100
26.0,14.33,49600,714236.0,14.34,14.33,14.32,14.31,14.3,14.28,14.27,14.26,14.25,14.23,14.36,14.37,14.38,14.39,14.4,14.41,14.42,14.43,14.44,14.45,100,1200,3900,800,700,1500,2500,100,100,500,1400,600,2500,100,5200,300,5200,1700,300,100
27.0,14.33,49800,717103.0,14.33,14.32,14.31,14.3,14.28,14.27,14.26,14.25,14.23,14.22,14.35,14.36,14.37,14.38,14.39,14.4,14.41,14.42,14.43,14.44,1100,3900,800,700,1500,2500,100,100,500,1800,500,1400,600,2500,100,5200,300,5200,1700,300
28.0,14.33,49800,717103.0,14.33,14.32,14.31,14.3,14.28,14.27,14.26,14.25,14.23,14.22,14.35,14.36,14.37,14.38,14.39,14.4,14.41,14.42,14.43,14.44,1000,3900,800,700,1500,2500,100,100,500,1800,500,1400,600,2500,100,5200,300,5200,1700,300
29.0,14.34,51100,735734.0,14.32,14.31,14.3,14.28,14.27,14.26,14.25,14.23,14.22,14.21,14.34,14.35,14.36,14.37,14.38,14.39,14.4,14.41,14.42,14.43,4600,800,700,1500,2500,100,100,500,1800,100,1400,1200,1400,600,2500,100,5100,300,5200,1700
30.0,14.34,51100,735734.0,14.32,14.31,14.3,14.28,14.27,14.26,14.25,14.23,14.22,14.21,14.34,14.35,14.36,14.37,14.38,14.39,14.4,14.41,14.42,14.43,4600,800,700,1500,2500,100,100,500,1800,100,1400,1500,1400,600,2500,100,5100,300,1000,1700
31.0,14.34,51700,744338.0,14.32,14.31,14.3,14.28,14.27,14.26,14.25,14.23,14.22,14.21,14.34,14.35,14.36,14.37,14.38,14.39,14.4,14.41,14.42,14.43,4600,800,700,1500,2500,100,100,500,1800,100,800,1500,1400,600,2200,100,5100,300,1000,1700
32.0,14.36,70900,1020019.0,14.33,14.32,14.31,14.3,14.28,14.27,14.26,14.25,14.23,14.22,14.36,14.37,14.38,14.39,14.4,14.41,14.42,14.43,14.44,14.45,100,4600,800,600,1500,2500,100,100,500,1800,400,1400,2200,100,5100,300,1000,1700,300,100
33.0,14.32,72100,1037204.0,14.32,14.31,14.3,14.28,14.27,14.26,14.25,14.23,14.22,14.21,14.36,14.37,14.38,14.39,14.4,14.41,14.42,14.43,14.44,14.45,3500,800,600,1500,2500,100,100,500,1800,100,400,1400,2200,100,5100,300,1000,1700,300,100
34.0,14.32,72100,1037204.0,14.34,14.33,14.32,14.31,14.3,14.28,14.27,14.26,14.25,14.23,14.36,14.37,14.38,14.39,14.4,14.41,14.42,14.43,14.44,14.45,1000,300,3500,800,600,1500,2500,100,100,500,400,1400,2200,100,5100,300,1100,1700,300,100
35.0,14.34,83600,1201909.0,14.33,14.31,14.3,14.29,14.28,14.27,14.26,14.25,14.23,14.22,14.36,14.37,14.38,14.39,14.4,14.41,14.42,14.43,14.44,14.45,1000,800,3600,500,1500,2500,100,100,500,1900,500,1400,2200,100,5100,300,1100,1600,300,100
36.0,14.33,83700,1203342.0,14.33,14.31,14.3,14.29,14.28,14.27,14.26,14.25,14.23,14.22,14.36,14.37,14.38,14.39,14.4,14.41,14.42,14.43,14.44,14.45,900,800,3600,500,1500,2500,100,100,500,1900,700,1400,800,100,5100,300,1100,1600,300,100
37.0,14.36,84000,1207650.0,14.33,14.31,14.3,14.29,14.28,14.27,14.26,14.25,14.23,14.22,14.36,14.37,14.38,14.39,14.4,14.41,14.42,14.43,14.44,14.45,900,800,3600,500,1500,2500,100,100,500,1900,400,1400,800,100,5100,300,1100,1600,300,100
38.0,14.36,84000,1207650.0,14.33,14.31,14.3,14.29,14.28,14.27,14.26,14.25,14.23,14.22,14.36,14.37,14.38,14.39,14.4,14.41,14.42,14.43,14.44,14.45,1900,800,3600,500,1500,2500,100,100,500,1900,400,1400,800,100,5100,300,1100,1600,300,100
39.0,14.33,84100,1209083.0,14.34,14.33,14.32,14.31,14.3,14.29,14.28,14.27,14.26,14.25,14.36,14.37,14.38,14.39,14.4,14.41,14.42,14.43,14.44,14.45,100,1800,200,800,3600,500,1500,2500,100,100,400,1400,800,100,5100,300,1100,1600,300,100
40.0,14.33,84100,1209083.0,14.34,14.33,14.32,14.31,14.3,14.29,14.28,14.27,14.26,14.25,14.36,14.37,14.38,14.39,14.4,14.41,14.42,14.43,14.44,14.45,100,2800,200,800,3600,500,1500,2500,100,100,400,1400,800,100,5100,300,1100,1600,300,100
41.0,14.36,84200,1210519.0,14.34,14.33,14.32,14.31,14.3,14.29,14.28,14.27,14.26,14.25,14.36,14.37,14.38,14.39,14.4,14.41,14.42,14.43,14.44,14.45,300,2800,200,800,3600,500,1500,2500,100,100,300,600,800,100,5100,300,1100,1600,300,100
42.0,14.36,84200,1210519.0,14.34,14.33,14.32,14.31,14.3,14.29,14.28,14.27,14.26,14.25,14.36,14.37,14.38,14.39,14.4,14.41,14.42,14.43,14.44,14.45,300,2800,200,800,3600,500,1500,2500,100,100,700,600,800,100,5100,300,1100,1600,300,100
43.0,14.33,88400,1270708.0,14.33,14.32,14.31,14.3,14.29,14.28,14.27,14.26,14.25,14.23,14.36,14.37,14.38,14.39,14.4,14.41,14.42,14.43,14.44,14.45,400,200,800,3600,500,6500,2500,100,100,500,800,500,800,100,5100,300,1100,1600,300,100
44.0,14.36,89100,1280754.0,14.33,14.32,14.31,14.3,14.29,14.28,14.27,14.26,14.25,14.23,14.36,14.37,14.38,14.39,14.4,14.41,14.42,14.43,14.44,14.45,2600,400,800,3600,500,6500,4500,100,100,500,400,500,800,100,5100,300,800,1600,300,100
45.0,14.33,89300,1283620.0,14.33,14.32,14.31,14.3,14.29,14.28,14.27,14.26,14.25,14.23,14.36,14.37,14.38,14.39,14.4,14.41,14.42,14.43,14.44,14.45,2400,400,800,3600,500,6500,4500,100,100,500,400,500,800,100,5100,300,800,1600,300,100
46.0,14.33,89300,1283620.0,14.33,14.32,14.31,14.3,14.29,14.28,14.27,14.26,14.25,14.23,14.36,14.37,14.38,14.39,14.4,14.41,14.42,14.43,14.44,14.45,2400,400,800,3600,500,6500,4500,100,100,500,400,500,800,100,5100,300,800,1600,300,100
47.0,14.33,89300,1283620.0,14.33,14.32,14.31,14.3,14.29,14.28,14.27,14.26,14.25,14.23,14.36,14.37,14.38,14.39,14.4,14.41,14.42,14.43,14.44,14.45,2200,400,800,3600,500,6500,4500,100,100,500,400,500,800,100,5100,300,800,1600,300,100
48.0,14.36,89900,1292230.0,14.33,14.32,14.31,14.3,14.29,14.28,14.27,14.26,14.25,14.23,14.37,14.38,14.39,14.4,14.41,14.42,14.43,14.44,14.45,14.46,2000,400,2800,3600,500,6500,4500,100,100,500,500,800,100,5100,300,800,1600,300,100,10300
49.0,14.36,89900,1292230.0,14.35,14.33,14.32,14.31,14.3,14.29,14.28,14.27,14.26,14.25,14.37,14.38,14.39,14.4,14.41,14.42,14.43,14.44,14.45,14.46,1700,2000,400,2800,3600,500,6500,4500,100,10100,500,800,100,5100,300,800,1600,300,100,10300
50.0,14.36,89900,1292230.0,14.35,14.33,14.32,14.31,14.3,14.29,14.28,14.27,14.26,14.25,14.37,14.38,14.39,14.4,14.41,14.42,14.43,14.44,14.45,14.46,1700,800,900,2800,3600,500,6500,4500,100,10100,600,800,100,5100,300,800,1300,300,100,10300
51.0,14.35,90000,1293665.0,14.35,14.34,14.33,14.32,14.31,14.3,14.29,14.28,14.27,14.26,14.36,14.37,14.38,14.39,14.4,14.41,14.42,14.43,14.44,14.45,1600,2000,800,900,2800,3600,500,6500,4500,100,2800,600,800,100,5100,300,800,1300,300,100
52.0,14.36,90300,1297973.0,14.35,14.34,14.33,14.32,14.31,14.3,14.29,14.28,14.27,14.26,14.36,14.37,14.38,14.39,14.4,14.41,14.42,14.43,14.44,14.45,1600,2600,800,900,2800,3600,500,6500,4500,100,2500,600,800,100,5100,300,800,1300,300,100
53.0,14.35,90700,1303716.0,14.35,14.34,14.33,14.32,14.31,14.3,14.29,14.28,14.27,14.26,14.36,14.37,14.38,14.39,14.4,14.41,14.42,14.43,14.44,14.45,1600,2600,800,900,2800,3600,500,6500,4500,100,2200,600,800,100,5100,200,800,1300,300,100
54.0,14.36,90900,1306588.0,14.35,14.34,14.33,14.32,14.31,14.3,14.29,14.28,14.27,14.26,14.36,14.37,14.38,14.39,14.4,14.41,14.42,14.43,14.44,14.45,100,2600,800,900,2800,3600,500,6500,4500,100,2000,600,800,100,5100,200,300,1300,300,100
55.0,14.34,92100,1323801.0,14.34,14.33,14.32,14.31,14.3,14.29,14.28,14.27,14.26,14.25,14.36,14.37,14.38,14.39,14.4,14.41,14.42,14.43,14.44,14.45,2200,800,900,2800,3600,500,6500,4500,100,10100,1800,600,800,100,5100,200,300,1300,300,100
56.0,14.34,92500,1329537.0,14.34,14.33,14.32,14.31,14.3,14.29,14.28,14.27,14.26,14.25,14.36,14.37,14.38,14.39,14.4,14.41,14.42,14.43,14.44,14.45,1800,800,900,2800,3600,500,6500,4500,100,10100,3800,600,800,100,5100,200,300,1300,300,100
57.0,14.34,93600,1345311.0,14.34,14.33,14.32,14.31,14.3,14.29,14.28,14.27,14.26,14.25,14.36,14.37,14.38,14.39,14.4,14.41,14.42,14.43,14.44,14.45,700,800,900,2800,3600,500,7000,4500,100,10100,3800,600,800,100,5100,200,300,1300,300,100
58.0,14.34,93600,1345311.0,14.34,14.33,14.32,14.31,14.3,14.29,14.28,14.27,14.26,14.25,14.35,14.36,14.37,14.38,14.39,14.4,14.41,14.42,14.43,14.44,700,8600,900,2800,3600,500,7000,4500,100,10100,300,3800,600,800,100,5100,200,300,1300,300
59.0,14.34,94000,1351047.0,14.34,14.33,14.32,14.31,14.3,14.29,14.28,14.27,14.26,14.25,14.35,14.36,14.37,14.38,14.39,14.4,14.41,14.42,14.43,14.44,300,8600,900,2800,3600,500,7000,4500,100,10100,300,3800,600,800,100,5100,200,300,1300,300
60.0,14.36,95000,1365404.0,14.35,14.34,14.33,14.32,14.31,14.3,14.29,14.28,14.27,14.26,14.36,14.37,14.38,14.39,14.4,14.41,14.42,14.43,14.44,14.45,1300,300,8600,900,2800,3600,500,7000,4500,100,3100,600,800,100,5100,200,300,1300,300,100
61.0,14.36,98100,1409920.0,14.36,14.35,14.34,14.33,14.32,14.31,14.3,14.29,14.28,14.27,14.37,14.38,14.39,14.4,14.41,14.42,14.43,14.44,14.45,14.46,600,3500,300,8600,900,2800,3600,500,7000,4500,600,800,100,5100,200,300,1300,300,100,10300
62.0,14.36,98100,1409920.0,14.36,14.35,14.34,14.33,14.32,14.31,14.3,14.29,14.28,14.27,14.37,14.38,14.39,14.4,14.41,14.42,14.44,14.45,14.46,14.47,2300,3500,300,8600,900,2800,3600,500,7000,4500,600,800,100,5100,200,300,300,100,10300,6500
63.0,14.36,98100,1409920.0,14.36,14.35,14.34,14.33,14.32,14.31,14.3,14.29,14.28,14.27,14.37,14.38,14.39,14.4,14.41,14.42,14.44,14.45,14.46,14.47,3000,3500,300,8600,900,2800,3600,500,7000,4500,600,800,100,5100,200,300,300,100,10300,6500
64.0,14.36,98100,1409920.0,14.36,14.35,14.34,14.33,14.32,14.31,14.3,14.29,14.28,14.27,14.37,14.38,14.39,14.4,14.41,14.42,14.44,14.45,14.46,14.47,1700,3500,300,8600,900,2800,3600,500,7000,4500,600,800,100,5100,200,300,300,100,10300,6500
65.0,14.36,98100,1409920.0,14.36,14.35,14.34,14.33,14.32,14.31,14.3,14.29,14.28,14.27,14.37,14.38,14.39,14.4,14.41,14.42,14.44,14.45,14.46,14.47,1700,3500,300,8600,900,2800,3600,500,7000,4500,600,800,100,5100,200,300,300,100,10300,6500
66.0,14.36,99600,1431463.0,14.36,14.35,14.34,14.33,14.32,14.31,14.3,14.29,14.28,14.27,14.37,14.38,14.39,14.4,14.41,14.42,14.44,14.45,14.46,14.47,500,2200,300,8600,900,2800,3600,500,7000,4500,300,800,100,5100,200,300,300,100,10300,6500
67.0,14.36,99700,1432899.0,14.36,14.35,14.34,14.33,14.32,14.31,14.3,14.29,14.28,14.27,14.37,14.38,14.39,14.4,14.41,14.42,14.44,14.45,14.46,14.47,500,2200,300,8600,900,2800,3600,500,7000,4500,300,800,100,5100,200,300,300,100,10300,6500
68.0,14.36,99700,1432899.0,14.36,14.35,14.34,14.33,14.32,14.31,14.3,14.29,14.28,14.27,14.37,14.38,14.39,14.4,14.41,14.42,14.44,14.45,14.46,14.47,500,2300,300,8600,900,2800,3600,500,7000,4500,400,800,100,5100,200,300,300,100,10300,6500
69.0,14.36,99700,1432899.0,14.36,14.35,14.34,14.33,14.32,14.31,14.3,14.29,14.28,14.27,14.37,14.38,14.39,14.4,14.41,14.42,14.44,14.45,14.46,14.47,500,2300,300,8600,900,2800,3600,500,7000,4500,400,800,100,5100,200,300,300,100,10300,6500
70.0,14.36,99700,1432899.0,14.36,14.35,14.34,14.33,14.32,14.31,14.3,14.29,14.28,14.27,14.37,14.38,14.39,14.4,14.41,14.42,14.44,14.45,14.46,14.47,500,2300,300,8600,900,2800,3600,500,7000,4500,400,800,100,5100,200,300,300,100,10300,6500
71.0,14.36,99700,1432899.0,14.36,14.35,14.34,14.33,14.32,14.31,14.3,14.29,14.28,14.27,14.37,14.38,14.39,14.4,14.41,14.42,14.44,14.45,14.46,14.47,500,2300,300,8600,900,2800,3600,500,7000,4500,1700,800,100,5100,200,100,300,100,10300,6500
72.0,14.36,99700,1432899.0,14.36,14.35,14.34,14.33,14.32,14.31,14.3,14.29,14.28,14.27,14.37,14.38,14.39,14.4,14.41,14.42,14.44,14.45,14.46,14.47,1000,2300,300,8600,1900,2800,3600,500,7000,4500,1700,800,100,5100,200,100,300,100,10300,6500
73.0,14.35,101800,1463046.0,14.35,14.34,14.33,14.32,14.31,14.3,14.29,14.28,14.27,14.26,14.37,14.38,14.39,14.4,14.41,14.42,14.44,14.45,14.46,14.47,1300,300,8600,1900,2800,3600,500,7000,4500,100,1600,800,100,5100,200,100,300,100,10300,6500
74.0,14.35,101800,1463046.0,14.35,14.34,14.33,14.32,14.31,14.3,14.29,14.28,14.27,14.26,14.37,14.38,14.39,14.4,14.41,14.42,14.44,14.45,14.46,14.47,1300,300,8600,1900,2800,3600,500,7000,4500,100,1600,800,100,5100,200,100,300,100,10300,6500
75.0,14.37,101900,1464483.0,14.35,14.34,14.33,14.32,14.31,14.3,14.29,14.28,14.27,14.26,14.37,14.38,14.39,14.4,14.41,14.42,14.44,14.45,14.46,14.47,1300,300,8600,1900,2800,3600,500,7000,4500,100,1500,800,100,5100,200,100,300,100,10300,6500
76.0,14.37,102000,1465920.0,14.35,14.34,14.33,14.32,14.31,14.3,14.29,14.28,14.27,14.26,14.37,14.38,14.39,14.4,14.41,14.42,14.44,14.45,14.46,14.47,1300,300,8600,1900,2800,3600,500,7000,4500,100,1400,800,100,5100,200,100,300,100,10300,6500
77.0,14.35,102100,1467355.0,14.35,14.34,14.33,14.32,14.31,14.3,14.29,14.28,14.27,14.26,14.37,14.38,14.39,14.4,14.41,14.42,14.44,14.45,14.46,14.47,1200,300,7800,1700,2800,3600,500,7000,4500,100,1400,800,100,5100,200,100,300,100,10300,6500
78.0,14.37,102500,1473099.0,14.35,14.34,14.33,14.32,14.31,14.3,14.29,14.28,14.27,14.26,14.37,14.38,14.39,14.4,14.41,14.42,14.44,14.45,14.46,14.47,3000,300,7800,1700,2800,3600,500,7000,4500,100,1200,800,100,5100,200,100,300,100,10300,6500
79.0,14.37,102500,1473099.0,14.35,14.34,14.33,14.32,14.31,14.3,14.29,14.28,14.27,14.26,14.37,14.38,14.39,14.4,14.41,14.42,14.44,14.45,14.46,14.47,3000,300,7800,1700,2800,3600,500,7000,4500,100,1200,800,100,5100,200,100,300,100,10300,6500
80.0,14.37,102600,1474536.0,14.35,14.34,14.33,14.32,14.31,14.3,14.29,14.28,14.27,14.26,14.37,14.38,14.39,14.4,14.41,14.42,14.44,14.45,14.46,14.47,3000,300,7800,1700,2800,3600,500,7000,4500,100,1100,800,100,5100,200,100,300,100,10300,6500
81.0,14.37,102600,1474536.0,14.35,14.34,14.33,14.32,14.31,14.3,14.29,14.28,14.27,14.26,14.37,14.38,14.39,14.4,14.41,14.42,14.44,14.45,14.46,14.47,3000,300,7800,1900,2800,3600,500,7000,4500,100,1100,800,100,5100,200,100,300,100,10300,6500
82.0,14.35,103800,1491756.0,14.35,14.34,14.33,14.32,14.31,14.3,14.29,14.28,14.27,14.26,14.37,14.38,14.39,14.4,14.41,14.42,14.44,14.45,14.46,14.47,1800,300,7800,1900,2800,3600,500,7000,4500,100,1100,800,100,5100,200,100,300,100,10300,6500
83.0,14.35,105700,1519023.0,14.34,14.33,14.32,14.31,14.3,14.29,14.28,14.27,14.26,14.25,14.35,14.36,14.37,14.38,14.39,14.4,14.41,14.42,14.44,14.45,300,7800,1900,2800,3600,500,7000,4500,100,10500,4000,800,1000,800,100,5100,200,100,300,100
84.0,14.34,106000,1523325.0,14.33,14.32,14.31,14.3,14.29,14.28,14.27,14.26,14.25,14.23,14.34,14.35,14.36,14.37,14.38,14.39,14.4,14.41,14.42,14.44,7800,1900,2800,3600,500,7000,4500,100,10500,500,200,4100,900,1000,800,100,5100,200,100,300
85.0,14.34,106100,1524759.0,14.33,14.32,14.31,14.3,14.29,14.28,14.27,14.26,14.25,14.23,14.34,14.35,14.36,14.37,14.38,14.39,14.4,14.41,14.42,14.44,7800,1900,2800,3600,500,7000,4500,100,10500,500,100,4100,900,1000,800,100,5100,200,100,300
86.0,14.35,106800,1534803.0,14.33,14.32,14.31,14.3,14.29,14.28,14.27,14.26,14.25,14.23,14.35,14.36,14.37,14.38,14.39,14.4,14.41,14.42,14.44,14.45,7800,1900,2800,3600,500,7000,4500,100,10500,500,8600,900,1000,800,100,5100,200,100,300,100
87.0,14.35,106800,1534803.0,14.33,14.32,14.31,14.3,14.29,14.28,14.27,14.26,14.25,14.23,14.35,14.36,14.37,14.38,14.39,14.4,14.41,14.42,14.44,14.45,7800,1900,2800,3600,500,7000,4500,100,10500,500,8600,900,1000,800,100,5100,200,100,300,100
88.0,14.35,106800,1534803.0,14.33,14.32,14.31,14.3,14.29,14.28,14.27,14.26,14.25,14.23,14.35,14.36,14.37,14.38,14.39,14.4,14.41,14.42,14.44,14.45,7800,1900,2800,3600,500,7000,4500,100,10500,500,8500,4400,1000,800,100,5100,200,100,300,100
89.0,14.35,111000,1595047.0,14.33,14.32,14.31,14.3,14.29,14.28,14.27,14.26,14.25,14.23,14.35,14.36,14.37,14.38,14.39,14.4,14.41,14.42,14.44,14.45,6500,1900,2800,3600,500,7000,4500,100,10500,500,5600,4400,1000,800,100,5100,200,100,300,100
90.0,14.33,111200,1597915.0,14.33,14.32,14.31,14.3,14.29,14.28,14.27,14.26,14.25,14.23,14.35,14.36,14.37,14.38,14.39,14.4,14.41,14.42,14.44,14.45,6400,1900,2800,3600,500,7000,4500,100,10500,500,5500,4400,1000,800,100,5100,200,3600,300,100
91.0,14.35,111300,1599350.0,14.33,14.32,14.31,14.3,14.29,14.28,14.27,14.26,14.25,14.23,14.35,14.36,14.37,14.38,14.39,14.4,14.41,14.42,14.44,14.45,6400,1900,2800,3600,500,7000,4500,100,10500,500,5400,4300,1000,800,100,5100,200,3600,300,100
92.0,14.35,111300,1599350.0,14.33,14.32,14.31,14.3,14.29,14.28,14.27,14.26,14.25,14.23,14.35,14.36,14.37,14.38,14.39,14.4,14.41,14.42,14.44,14.45,6400,1900,2800,3600,500,7000,4500,100,10500,500,5400,4300,1000,800,100,5100,200,3600,300,100
93.0,14.35,111900,1607960.0,14.33,14.32,14.31,14.3,14.29,14.28,14.27,14.26,14.25,14.23,14.35,14.36,14.37,14.38,14.39,14.4,14.41,14.42,14.44,14.45,6400,1900,2800,3600,500,7000,4500,100,10500,500,4800,4300,1000,800,100,5100,200,3600,300,100
94.0,14.35,112500,1616570.0,14.33,14.32,14.31,14.3,14.29,14.28,14.27,14.26,14.25,14.23,14.35,14.36,14.37,14.38,14.39,14.4,14.41,14.42,14.44,14.45,6400,1900,2800,3600,500,7000,4500,100,10500,500,4200,4300,1000,800,100,5100,200,3600,300,100
95.0,14.35,112500,1616570.0,14.33,14.32,14.31,14.3,14.29,14.28,14.27,14.26,14.25,14.23,14.35,14.36,14.37,14.38,14.39,14.4,14.41,14.42,14.44,14.45,6400,1900,2800,3600,500,7000,4500,100,10500,500,4500,4300,1000,800,100,5100,200,3600,300,100
96.0,14.33,113300,1628044.0,14.33,14.32,14.31,14.3,14.29,14.28,14.27,14.26,14.25,14.23,14.35,14.36,14.37,14.38,14.39,14.4,14.41,14.42,14.44,14.45,6100,1900,2800,3600,500,7000,4500,100,11100,500,4000,4300,1000,800,100,5100,200,3600,300,100
97.0,14.35,113700,1633784.0,14.33,14.32,14.31,14.3,14.29,14.28,14.27,14.26,14.25,14.23,14.35,14.36,14.37,14.38,14.39,14.4,14.41,14.42,14.44,14.45,6100,1900,2800,3600,500,7000,4500,100,11100,500,3600,4300,1000,800,100,5100,200,3600,300,100
98.0,14.33,113800,1635217.0,14.33,14.32,14.31,14.3,14.29,14.28,14.27,14.26,14.25,14.23,14.35,14.36,14.37,14.38,14.39,14.4,14.41,14.42,14.44,14.45,6000,1900,2800,3600,500,7000,4500,100,11100,500,3600,4300,1000,800,100,5100,200,3600,300,100
99.0,14.35,114100,1639522.0,14.33,14.32,14.31,14.3,14.29,14.28,14.27,14.26,14.25,14.23,14.35,14.36,14.37,14.38,14.39,14.4,14.41,14.42,14.44,14.45,6000,1900,2800,3600,500,7000,4500,100,11100,500,3300,4300,1000,800,100,5100,200,3600,300,100
100.0,14.35,114100,1639522.0,14.33,14.32,14.31,14.3,14.29,14.28,14.27,14.26,14.25,14.23,14.35,14.36,14.37,14.38,14.39,14.4,14.41,14.42,14.44,14.45,6000,1900,2800,3600,500,7000,4500,100,11100,500,3600,4300,1000,800,100,5100,200,3600,300,100
101.0,14.35,115200,1655307.0,14.33,14.32,14.31,14.3,14.29,14.28,14.27,14.26,14.25,14.23,14.35,14.36,14.37,14.38,14.39,14.4,14.41,14.42,14.44,14.45,6000,1900,2800,3600,500,7000,4500,100,11100,500,2500,4300,1000,800,100,5100,200,3600,300,100
102.0,14.35,115400,1658177.0,14.33,14.32,14.31,14.3,14.29,14.28,14.27,14.26,14.25,14.23,14.35,14.36,14.37,14.38,14.39,14.4,14.41,14.42,14.44,14.45,6000,1900,2800,3600,500,7000,4500,100,11100,500,2300,4300,1000,800,100,5100,200,3600,300,100
103.0,14.35,115600,1661047.0,14.33,14.32,14.31,14.3,14.29,14.28,14.27,14.26,14.25,14.23,14.35,14.36,14.37,14.38,14.39,14.4,14.41,14.42,14.44,14.45,6000,2900,2800,3600,500,7000,4500,100,11100,500,2100,4300,1000,800,100,5100,200,3600,300,100
104.0,14.33,124300,1785816.0,14.33,14.32,14.31,14.3,14.29,14.28,14.27,14.26,14.25,14.23,14.36,14.37,14.38,14.39,14.4,14.41,14.42,14.44,14.45,14.46,2400,2900,2800,3600,500,7000,4500,100,11100,500,2700,1000,800,100,5100,200,3600,300,100,10300
105.0,14.33,124300,1785816.0,14.35,14.33,14.32,14.31,14.3,14.29,14.28,14.27,14.26,14.25,14.36,14.37,14.38,14.39,14.4,14.41,14.42,14.44,14.45,14.46,100,2400,3300,2800,3600,500,7000,4500,100,11100,2700,1000,800,100,5100,200,3600,300,100,9700
106.0,14.36,124500,1788688.0,14.35,14.33,14.32,14.31,14.3,14.29,14.28,14.27,14.26,14.25,14.36,14.37,14.38,14.39,14.4,14.41,14.42,14.44,14.45,14.46,100,2400,3300,2800,3600,500,7000,4500,100,11100,2500,1000,800,100,5100,200,3600,300,100,9700
107.0,14.36,124500,1788688.0,14.35,14.33,14.32,14.31,14.3,14.29,14.28,14.27,14.26,14.25,14.36,14.37,14.38,14.39,14.4,14.41,14.42,14.44,14.45,14.46,100,2400,3300,2800,3600,500,7000,4500,100,11100,2500,1000,800,100,5100,200,3600,300,100,9700
108.0,14.36,124500,1788688.0,14.35,14.34,14.33,14.32,14.31,14.3,14.29,14.28,14.27,14.26,14.36,14.37,14.38,14.39,14.4,14.41,14.42,14.44,14.45,14.46,100,600,2400,3300,2800,3600,500,7000,4500,100,2500,1000,800,100,5100,200,3600,300,100,9700
109.0,14.36,124700,1791560.0,14.35,14.34,14.33,14.32,14.31,14.3,14.29,14.28,14.27,14.26,14.36,14.37,14.38,14.39,14.4,14.41,14.42,14.44,14.45,14.46,2600,600,2400,3300,2800,3600,500,7000,4500,100,2300,1000,800,100,5100,200,3600,300,100,9700
110.0,14.34,127700,1834606.0,14.34,14.33,14.32,14.31,14.3,14.29,14.28,14.27,14.26,14.25,14.36,14.37,14.38,14.39,14.4,14.41,14.42,14.44,14.45,14.46,200,2400,3300,2800,3600,500,7000,4500,100,10800,2300,1000,800,100,5100,200,3600,300,100,9700
111.0,14.36,127900,1837478.0,14.34,14.33,14.32,14.31,14.3,14.29,14.28,14.27,14.26,14.25,14.35,14.36,14.37,14.38,14.39,14.4,14.41,14.42,14.44,14.45,200,2400,3300,2800,3600,500,7000,4500,100,10800,100,2100,1000,800,100,5100,200,3600,300,100
112.0,14.36,127900,1837478.0,14.34,14.33,14.32,14.31,14.3,14.29,14.28,14.27,14.26,14.25,14.35,14.36,14.37,14.38,14.39,14.4,14.41,14.42,14.44,14.45,200,2400,3300,2800,3600,500,9000,4500,100,10800,100,2100,1000,800,100,5100,200,3600,300,100
113.0,14.35,128000,1838913.0,14.34,14.33,14.32,14.31,14.3,14.29,14.28,14.27,14.26,14.25,14.36,14.37,14.38,14.39,14.4,14.41,14.42,14.44,14.45,14.46,200,2400,3300,2800,3600,500,9000,4500,100,10800,2100,1000,800,100,5100,200,3600,300,100,9700
114.0,14.35,128000,1838913.0,14.34,14.33,14.32,14.31,14.3,14.29,14.28,14.27,14.26,14.25,14.36,14.37,14.38,14.39,14.4,14.41,14.42,14.44,14.45,14.46,3100,2400,3300,2800,3600,500,9000,4500,100,10800,2100,1000,800,100,5100,200,3600,300,100,9700
115.0,14.35,128000,1838913.0,14.34,14.33,14.32,14.31,14.3,14.29,14.28,14.27,14.26,14.25,14.36,14.37,14.38,14.39,14.4,14.41,14.42,14.44,14.45,14.46,3100,2400,3300,2800,3600,500,9000,4500,100,10800,2100,1000,800,100,5100,200,3600,300,100,9700
116.0,14.36,128200,1841785.0,14.34,14.33,14.32,14.31,14.3,14.29,14.28,14.27,14.26,14.25,14.36,14.37,14.38,14.39,14.4,14.41,14.42,14.44,14.45,14.46,3100,2400,3300,2800,3600,500,9000,4500,100,10800,1900,1000,800,100,5100,200,3600,300,100,9700
117.0,14.36,128200,1841785.0,14.34,14.33,14.32,14.31,14.3,14.29,14.28,14.27,14.26,14.25,14.36,14.37,14.38,14.39,14.4,14.41,14.42,14.44,14.45,14.46,3100,2600,3300,2800,3600,500,9000,5400,100,10800,1900,1000,800,100,5100,200,3600,300,100,9700
118.0,14.36,131100,1883383.0,14.34,14.33,14.32,14.31,14.3,14.29,14.28,14.27,14.26,14.25,14.36,14.37,14.38,14.39,14.4,14.41,14.42,14.44,14.45,14.46,800,2600,3300,2800,3600,500,9000,5400,100,10800,1400,1000,800,100,5100,200,3600,300,100,9700
119.0,14.36,132100,1897743.0,14.34,14.33,14.32,14.31,14.3,14.29,14.28,14.27,14.26,14.25,14.35,14.36,14.37,14.38,14.39,14.4,14.41,14.42,14.44,14.45,800,2600,3300,2800,3600,500,9000,5400,100,10800,3000,400,1000,800,100,5100,200,3600,300,100
120.0,14.35,132400,1902048.0,14.34,14.33,14.32,14.31,14.3,14.29,14.28,14.27,14.26,14.25,14.35,14.36,14.37,14.38,14.39,14.4,14.41,14.42,14.44,14.45,800,2600,3300,2800,3600,500,9000,5400,100,10800,2700,400,1000,800,100,5100,200,3600,300,100
121.0,14.35,135100,1940793.0,14.35,14.34,14.33,14.32,14.31,14.3,14.29,14.28,14.27,14.26,14.36,14.37,14.38,14.39,14.4,14.41,14.42,14.44,14.45,14.46,4400,800,2600,3300,2800,3600,500,9000,3400,100,400,1000,800,100,5100,200,3600,300,100,9700
122.0,14.36,135500,1946537.0,14.36,14.35,14.34,14.33,14.32,14.31,14.3,14.29,14.28,14.27,14.37,14.38,14.39,14.4,14.41,14.42,14.44,14.45,14.46,14.47,1000,7400,1000,2600,3300,2800,3600,500,9000,3400,1000,800,100,5100,200,3600,300,100,9700,6500
123.0,14.37,135600,1947974.0,14.36,14.35,14.34,14.33,14.32,14.31,14.3,14.29,14.28,14.27,14.37,14.38,14.39,14.4,14.41,14.42,14.44,14.45,14.46,14.47,1000,7400,1000,2600,3300,2800,3600,500,9000,3400,900,800,100,5100,200,3600,300,100,9700,6500
124.0,14.37,136500,1960907.0,14.37,14.36,14.35,14.34,14.33,14.32,14.31,14.3,14.29,14.28,14.38,14.39,14.4,14.41,14.42,14.44,14.45,14.46,14.47,14.48,2200,2400,7400,2100,2600,3800,2800,3600,500,9000,800,100,5100,200,3600,200,100,9700,6500,600
125.0,14.37,136500,1960907.0,14.37,14.36,14.35,14.34,14.33,14.32,14.31,14.3,14.29,14.28,14.38,14.39,14.4,14.41,14.42,14.44,14.45,14.46,14.47,14.48,2200,6000,7400,2100,2600,3800,2800,3600,500,9000,800,100,5100,200,3600,200,100,9700,6500,600
126.0,14.37,136500,1960907.0,14.37,14.36,14.35,14.34,14.33,14.32,14.31,14.3,14.29,14.28,14.38,14.39,14.4,14.41,14.42,14.44,14.45,14.46,14.47,14.48,2200,6000,7400,2100,2600,3800,2800,3600,500,9000,800,100,5100,200,3600,200,100,9700,6500,600
127.0,14.37,137000,1968092.0,14.37,14.36,14.35,14.34,14.33,14.32,14.31,14.3,14.29,14.28,14.38,14.39,14.4,14.41,14.42,14.44,14.45,14.46,14.47,14.48,1700,6000,7400,2100,2700,3800,2800,3600,500,9000,800,100,5100,200,3600,200,100,9700,6500,600
128.0,14.36,141000,2025579.0,14.36,14.35,14.34,14.33,14.32,14.31,14.3,14.29,14.28,14.27,14.39,14.4,14.41,14.42,14.44,14.45,14.46,14.47,14.48,14.49,2200,7400,2100,2700,3800,2800,3600,500,9000,3400,100,5100,200,3600,200,100,9700,6500,600,1500
129.0,14.36,141000,2025579.0,14.36,14.35,14.34,14.33,14.32,14.31,14.3,14.29,14.28,14.27,14.39,14.4,14.41,14.42,14.44,14.45,14.46,14.47,14.48,14.49,2700,7400,2100,2700,3800,2800,3600,500,9000,3400,600,5100,200,3600,200,100,9700,6500,600,1500
130.0,14.36,141000,2025579.0,14.36,14.35,14.34,14.33,14.32,14.31,14.3,14.29,14.28,14.27,14.39,14.4,14.41,14.42,14.44,14.45,14.46,14.47,14.48,14.49,2700,7400,2100,2700,3800,3300,3600,500,9000,3400,600,5100,200,3600,200,100,9700,6500,600,1500
131.0,14.36,141000,2025579.0,14.36,14.35,14.34,14.33,14.32,14.31,14.3,14.28,14.27,14.26,14.38,14.39,14.4,14.41,14.42,14.44,14.45,14.46,14.47,14.48,6000,7500,2100,2700,3800,3300,3600,9000,3400,100,600,1100,5100,200,3600,200,100,9700,6500,600
132.0,14.38,141500,2032769.0,14.36,14.35,14.34,14.33,14.32,14.31,14.3,14.28,14.27,14.26,14.38,14.39,14.4,14.41,14.42,14.44,14.45,14.46,14.47,14.48,6200,7500,2100,2700,3800,3300,3600,9000,3400,100,100,1100,5100,200,3600,200,100,9700,6500,600
133.0,14.38,141500,2032769.0,14.36,14.35,14.34,14.33,14.32,14.31,14.3,14.28,14.27,14.26,14.38,14.39,14.4,14.41,14.42,14.44,14.45,14.46,14.47,14.48,6200,7500,2100,2700,3800,3300,3600,9000,3400,100,100,1100,5100,200,3600,200,100,9700,6500,600
134.0,14.38,141500,2032769.0,14.36,14.35,14.34,14.33,14.32,14.31,14.3,14.28,14.27,14.26,14.39,14.4,14.41,14.42,14.44,14.45,14.46,14.47,14.48,14.49,5600,7500,2100,2700,3800,3300,3600,9000,3400,100,1100,5100,200,3600,200,100,9700,6500,600,1500
135.0,14.38,141500,2032769.0,14.36,14.35,14.34,14.33,14.32,14.31,14.3,14.28,14.27,14.26,14.37,14.39,14.4,14.41,14.42,14.44,14.45,14.46,14.47,14.48,5600,7500,2100,3700,3800,3300,3600,9000,3400,100,100,1400,5100,200,3600,200,100,9700,6500,600
136.0,14.38,141500,2032769.0,14.36,14.35,14.34,14.33,14.32,14.31,14.3,14.28,14.27,14.26,14.37,14.39,14.4,14.41,14.42,14.44,14.45,14.46,14.47,14.48,5900,7600,2100,3700,3800,3300,3600,9000,3400,100,100,1400,5100,200,3600,200,100,9700,6500,600
137.0,14.37,141600,2034206.0,14.36,14.35,14.34,14.33,14.32,14.31,14.3,14.28,14.27,14.26,14.39,14.4,14.41,14.42,14.44,14.45,14.46,14.47,14.48,14.49,6900,7600,2100,3700,3800,3300,3900,9000,3400,100,1400,5100,200,3600,200,100,9700,6500,600,1500
138.0,14.37,141600,2034206.0,14.36,14.35,14.34,14.33,14.32,14.31,14.3,14.28,14.27,14.26,14.39,14.4,14.41,14.42,14.44,14.45,14.46,14.47,14.48,14.49,7400,7600,2100,3700,3800,3300,3900,9000,3400,100,1900,5100,200,3600,200,100,9700,6500,600,1500
139.0,14.39,141700,2035645.0,14.36,14.35,14.34,14.33,14.32,14.31,14.3,14.28,14.27,14.26,14.39,14.4,14.41,14.42,14.44,14.45,14.46,14.47,14.48,14.49,7400,7600,2100,3700,3800,3300,3900,9000,3400,100,1800,5100,200,3600,200,100,9700,6500,600,1500
140.0,14.36,142300,2044264.0,14.36,14.35,14.34,14.33,14.32,14.31,14.3,14.28,14.27,14.26,14.39,14.4,14.41,14.42,14.44,14.45,14.46,14.47,14.48,14.49,7400,7600,2100,3700,3800,3300,3900,9000,3400,100,2300,5100,200,3600,200,100,9700,6500,600,1500
141.0,14.36,142300,2044264.0,14.36,14.35,14.34,14.33,14.32,14.31,14.3,14.28,14.27,14.26,14.38,14.39,14.4,14.41,14.42,14.44,14.45,14.46,14.47,14.48,7400,7600,2100,3700,3800,3300,3900,9000,3400,100,100,2300,5100,200,3600,200,100,9700,6500,600
142.0,14.36,142700,2050008.0,14.36,14.35,14.34,14.33,14.32,14.31,14.3,14.28,14.27,14.26,14.38,14.39,14.4,14.41,14.42,14.44,14.45,14.46,14.47,14.48,7300,7600,2100,3700,3800,3300,3900,9000,3400,100,100,3300,5100,200,3600,200,100,9700,6500,600
143.0,14.36,142700,2050008.0,14.36,14.35,14.34,14.33,14.32,14.31,14.3,14.28,14.27,14.26,14.37,14.38,14.39,14.4,14.41,14.42,14.44,14.45,14.46,14.47,10300,7600,2100,3700,3800,3300,3900,9000,3400,100,300,300,3300,5100,200,3600,200,100,9700,6500
144.0,14.36,142700,2050008.0,14.36,14.35,14.34,14.33,14.32,14.31,14.3,14.28,14.27,14.26,14.37,14.38,14.39,14.4,14.41,14.42,14.44,14.45,14.46,14.47,10300,7600,2100,3700,3800,3300,3900,9000,3400,100,300,300,3300,5100,200,3600,200,100,9700,6500
145.0,14.36,142700,2050008.0,14.36,14.35,14.34,14.33,14.32,14.31,14.3,14.28,14.27,14.26,14.37,14.38,14.39,14.4,14.41,14.42,14.44,14.45,14.46,14.47,10300,7600,2100,3700,3800,3300,3900,9000,3400,100,300,300,3300,5100,200,3600,200,100,9700,6500
146.0,14.36,142700,2050008.0,14.36,14.35,14.34,14.33,14.32,14.31,14.3,14.28,14.27,14.26,14.37,14.38,14.39,14.4,14.41,14.42,14.44,14.45,14.46,14.47,12300,7600,2100,3700,3800,3300,3900,9000,3400,100,300,300,3300,5100,200,3600,200,100,9700,6500
147.0,14.37,143000,2054319.0,14.36,14.35,14.34,14.33,14.32,14.31,14.3,14.28,14.27,14.26,14.38,14.39,14.4,14.41,14.42,14.44,14.45,14.46,14.47,14.48,12300,7600,2100,3700,3800,3300,3900,9000,3400,100,300,3300,5100,200,3600,200,100,9700,6500,600
148.0,14.36,143500,2061499.0,14.36,14.35,14.34,14.33,14.32,14.31,14.3,14.28,14.27,14.26,14.38,14.39,14.4,14.41,14.42,14.44,14.45,14.46,14.47,14.48,11800,7600,2100,3700,3800,3300,3900,9000,3400,100,300,3300,5100,200,3600,200,100,9700,6500,600
149.0,14.36,143500,2061499.0,14.36,14.35,14.34,14.33,14.32,14.31,14.3,14.28,14.27,14.26,14.38,14.39,14.4,14.41,14.42,14.44,14.45,14.46,14.47,14.48,11800,7600,2100,3700,3800,3300,3900,9000,3400,100,1300,3300,5100,200,3600,200,100,9700,6500,600
150.0,14.36,143500,2061499.0,14.36,14.35,14.34,14.33,14.32,14.31,14.3,14.28,14.27,14.26,14.38,14.39,14.4,14.41,14.42,14.44,14.45,14.46,14.47,14.48,11800,7500,2100,3700,3800,3300,3900,9000,3400,100,1300,3300,5100,200,3600,200,100,9700,6500,600
151.0,14.36,143500,2061499.0,14.36,14.35,14.34,14.33,14.32,14.31,14.3,14.28,14.27,14.26,14.38,14.39,14.4,14.41,14.42,14.44,14.45,14.46,14.47,14.48,11800,7500,2100,3700,3800,3300,3900,9000,3400,100,1300,3300,5100,200,3600,200,100,9700,6500,600
152.0,14.38,143600,2062937.0,14.36,14.35,14.34,14.33,14.32,14.31,14.3,14.28,14.27,14.26,14.38,14.39,14.4,14.41,14.42,14.44,14.45,14.46,14.47,14.48,11700,7500,2100,3700,3800,3300,3900,9000,3400,100,1200,3300,5100,200,3600,200,100,9700,6500,600
153.0,14.38,144100,2070127.0,14.36,14.35,14.34,14.33,14.32,14.31,14.3,14.28,14.27,14.26,14.38,14.39,14.4,14.41,14.42,14.44,14.45,14.46,14.47,14.48,11700,7500,2100,3700,3800,3300,3900,9000,3400,100,700,3300,5100,200,3600,200,100,9700,6500,600
154.0,14.38,145700,2093117.0,14.38,14.36,14.35,14.34,14.33,14.32,14.31,14.3,14.28,14.27,14.39,14.4,14.41,14.42,14.44,14.45,14.46,14.47,14.48,14.49,600,10800,7500,2100,4200,3800,3300,3900,9000,3400,3300,5100,200,3600,200,100,9700,6500,600,1500
155.0,14.39,147300,2116141.0,14.38,14.36,14.35,14.34,14.33,14.32,14.31,14.3,14.28,14.27,14.39,14.4,14.41,14.42,14.44,14.45,14.46,14.47,14.48,14.49,600,10800,7500,2100,4200,3800,3300,3900,9000,3400,1700,5100,200,3600,200,100,9700,6500,600,1500
156.0,14.39,147600,2120458.0,14.38,14.36,14.35,14.34,14.33,14.32,14.31,14.3,14.28,14.27,14.39,14.4,14.41,14.42,14.44,14.45,14.46,14.47,14.48,14.49,600,10800,7500,2100,4200,3800,3300,3900,9000,3400,1400,5100,200,3600,200,100,9700,6500,600,1500
157.0,14.39,147600,2120458.0,14.38,14.36,14.35,14.34,14.33,14.32,14.31,14.3,14.28,14.27,14.39,14.4,14.41,14.42,14.44,14.45,14.46,14.47,14.48,14.49,600,10800,7500,2100,4200,3800,3300,3900,9000,3400,1400,5100,200,3600,200,100,9700,6500,600,1500
158.0,14.4,149800,2152124.0,14.38,14.36,14.35,14.34,14.33,14.32,14.31,14.3,14.28,14.27,14.4,14.41,14.42,14.44,14.45,14.46,14.47,14.48,14.49,14.5,100,10800,7500,2100,4200,3800,3300,3900,9000,3400,4300,200,3600,200,100,9700,6500,600,1500,100
159.0,14.4,150600,2163644.0,14.38,14.36,14.35,14.34,14.33,14.32,14.31,14.3,14.28,14.27,14.4,14.41,14.42,14.44,14.45,14.46,14.47,14.48,14.49,14.5,100,10800,7500,2100,4200,3800,3300,4400,9000,3400,3500,200,3600,200,100,9700,6500,600,1500,100
160.0,14.4,150600,2163644.0,14.38,14.36,14.35,14.34,14.33,14.32,14.31,14.3,14.28,14.27,14.4,14.41,14.42,14.44,14.45,14.46,14.47,14.48,14.49,14.5,600,10800,7500,2100,4200,3800,3300,4400,9000,3400,3500,200,3600,200,100,9700,6500,600,1500,100
161.0,14.4,153900,2211164.0,14.39,14.38,14.36,14.35,14.34,14.33,14.32,14.31,14.3,14.28,14.4,14.41,14.42,14.44,14.45,14.46,14.47,14.48,14.49,14.5,300,600,10800,7500,2100,4200,3800,3300,4400,9000,200,200,3600,200,200,9700,6500,600,1500,100
162.0,14.4,153900,2211164.0,14.39,14.38,14.36,14.35,14.34,14.33,14.32,14.31,14.3,14.28,14.4,14.41,14.42,14.44,14.45,14.46,14.47,14.48,14.49,14.5,300,2600,10800,7500,2100,4200,3800,3300,4400,9000,200,200,3600,200,200,9700,6500,600,1500,100
163.0,14.4,153900,2211164.0,14.39,14.38,14.37,14.36,14.35,14.34,14.33,14.32,14.31,14.3,14.4,14.41,14.42,14.44,14.45,14.46,14.47,14.48,14.49,14.5,800,2600,3000,10800,7500,2100,4200,3800,3300,4400,200,200,3600,200,200,9700,6500,600,1500,100
164.0,14.4,154000,2212604.0,14.39,14.38,14.37,14.36,14.35,14.34,14.33,14.32,14.31,14.3,14.4,14.41,14.42,14.44,14.45,14.46,14.47,14.48,14.49,14.5,800,2600,3000,10800,7500,2100,4200,3800,3300,4400,100,500,3600,200,200,9700,6500,600,1500,100
165.0,14.38,158100,2271570.0,14.38,14.37,14.36,14.35,14.34,14.33,14.32,14.31,14.3,14.28,14.4,14.41,14.42,14.44,14.45,14.46,14.47,14.48,14.49,14.5,1600,3000,9300,7500,2100,3200,3800,3300,4400,9000,100,500,3600,200,200,9700,6500,600,1500,100
166.0,14.38,158100,2271570.0,14.39,14.38,14.37,14.36,14.35,14.34,14.33,14.32,14.31,14.3,14.4,14.41,14.42,14.44,14.45,14.46,14.47,14.48,14.49,14.5,3500,1600,3000,9300,7500,2100,3200,3800,3300,4400,100,500,3600,200,200,9700,6500,600,1500,100
167.0,14.38,158100,2271570.0,14.39,14.38,14.37,14.36,14.35,14.34,14.33,14.32,14.31,14.3,14.4,14.41,14.42,14.44,14.45,14.46,14.47,14.48,14.49,14.5,3500,1600,3000,9300,7500,2100,3200,3800,3300,4400,100,500,3600,200,200,9700,6500,600,1500,100
168.0,14.38,158100,2271570.0,14.39,14.38,14.37,14.36,14.35,14.34,14.33,14.32,14.31,14.3,14.4,14.41,14.42,14.44,14.45,14.46,14.47,14.48,14.49,14.5,3500,1600,3000,9300,7500,1900,3200,3800,3300,4400,100,500,3600,200,200,9700,6500,600,1500,100
169.0,14.38,158100,2271570.0,14.39,14.38,14.37,14.36,14.35,14.34,14.33,14.32,14.31,14.3,14.4,14.41,14.42,14.44,14.45,14.46,14.47,14.48,14.49,14.5,3500,1600,3000,9300,7500,1900,3200,3800,3300,4400,100,500,3600,200,200,9700,6500,600,1500,100
170.0,14.4,158200,2273010.0,14.4,14.39,14.38,14.37,14.36,14.35,14.34,14.33,14.32,14.31,14.41,14.42,14.44,14.45,14.46,14.47,14.48,14.49,14.5,14.52,2600,3500,1600,3000,9200,7500,1900,3200,3800,3300,500,3600,200,200,9700,6500,600,1500,100,700
171.0,14.4,158200,2273010.0,14.4,14.39,14.38,14.37,14.36,14.35,14.34,14.33,14.32,14.31,14.41,14.42,14.44,14.45,14.46,14.47,14.48,14.49,14.5,14.52,2600,3500,1600,3000,9200,7500,1900,3200,3800,3300,500,3600,200,200,9700,6500,600,1500,100,700
172.0,14.39,161700,2323401.0,14.39,14.38,14.37,14.36,14.35,14.34,14.33,14.32,14.31,14.3,14.41,14.42,14.44,14.45,14.46,14.47,14.48,14.49,14.5,14.52,2600,1600,3000,9200,8200,1900,3200,3800,3300,4400,500,3600,200,200,9700,6500,600,1500,100,700
173.0,14.39,161700,2323401.0,14.39,14.38,14.37,14.36,14.35,14.34,14.33,14.32,14.31,14.3,14.41,14.42,14.44,14.45,14.46,14.47,14.48,14.49,14.5,14.52,2600,1600,3000,9200,8200,1900,3200,3800,3300,4400,500,3600,200,200,9700,6500,600,1500,100,700
174.0,14.39,161700,2323401.0,14.39,14.38,14.37,14.36,14.35,14.34,14.33,14.32,14.31,14.3,14.41,14.42,14.44,14.45,14.46,14.47,14.48,14.49,14.5,14.52,2600,1600,3000,9200,8200,1900,3200,3800,3300,4400,500,3600,200,200,9700,6500,600,1500,100,700
175.0,14.39,161700,2323401.0,14.39,14.38,14.37,14.36,14.35,14.34,14.33,14.32,14.31,14.3,14.41,14.42,14.44,14.45,14.46,14.47,14.48,14.49,14.5,14.52,4100,1600,3000,9200,8200,1900,3200,3800,3300,4400,500,3600,200,200,9700,6500,600,1500,100,700
176.0,14.39,161700,2323401.0,14.39,14.38,14.37,14.36,14.35,14.34,14.33,14.32,14.31,14.3,14.41,14.42,14.44,14.45,14.46,14.47,14.48,14.49,14.5,14.52,4100,1600,3000,9200,8200,1900,3200,3800,3300,4400,500,3600,200,200,9700,6500,600,1500,100,700
177.0,14.39,161700,2323401.0,14.39,14.38,14.37,14.36,14.35,14.34,14.33,14.32,14.31,14.3,14.41,14.42,14.44,14.45,14.46,14.47,14.48,14.49,14.5,14.52,4100,1600,3000,9100,8200,1900,3200,3800,3300,4400,500,3600,200,200,9700,6500,600,1500,100,700
178.0,14.39,161700,2323401.0,14.39,14.38,14.37,14.36,14.35,14.34,14.33,14.32,14.31,14.3,14.4,14.41,14.42,14.44,14.45,14.46,14.47,14.48,14.49,14.5,4100,1600,3000,9100,8200,1900,3200,3800,3300,4400,500,500,3600,200,4900,9700,6500,600,1500,100
179.0,14.39,162500,2334913.0,14.39,14.38,14.37,14.36,14.35,14.34,14.33,14.32,14.31,14.3,14.4,14.41,14.42,14.44,14.45,14.46,14.47,14.48,14.49,14.5,3300,1600,3000,9100,8200,1900,3200,3800,3300,4400,500,500,3600,200,4900,9700,6500,600,1500,100
180.0,14.39,162500,2334913.0,14.39,14.38,14.37,14.36,14.35,14.34,14.33,14.32,14.31,14.3,14.4,14.41,14.42,14.44,14.45,14.46,14.47,14.48,14.49,14.5,3300,1600,3000,8100,8200,1900,3200,3800,3300,4400,500,700,3600,200,4900,9700,6500,600,1500,100
181.0,14.4,163000,2342113.0,14.4,14.39,14.38,14.37,14.36,14.35,14.34,14.33,14.32,14.31,14.41,14.42,14.44,14.45,14.46,14.47,14.48,14.49,14.5,14.52,4300,3300,1600,3000,8100,8200,1900,3200,3800,3300,700,3600,200,4900,9700,6500,600,1500,100,700
182.0,14.4,163500,2349314.0,14.4,14.39,14.38,14.37,14.36,14.35,14.34,14.33,14.32,14.31,14.41,14.42,14.44,14.45,14.46,14.47,14.48,14.49,14.5,14.52,3900,3300,1600,3000,8100,8200,1900,3200,3800,3300,300,3600,200,4900,9700,6500,600,1500,100,700
183.0,14.4,163500,2349314.0,14.4,14.39,14.38,14.37,14.36,14.35,14.34,14.33,14.32,14.31,14.41,14.42,14.44,14.45,14.46,14.47,14.48,14.49,14.5,14.52,3900,3300,1600,3000,8100,8200,1900,3200,3800,3300,300,3600,200,4900,9700,6500,600,1500,100,700
184.0,14.4,164700,2366594.0,14.4,14.39,14.38,14.37,14.36,14.35,14.34,14.33,14.32,14.31,14.41,14.42,14.44,14.45,14.46,14.47,14.48,14.49,14.5,14.52,2700,3300,1600,3000,8100,8200,1900,3200,3800,3300,4800,3600,200,4900,9700,6500,600,1500,100,700
185.0,14.4,166000,2385314.0,14.4,14.39,14.38,14.37,14.36,14.35,14.34,14.33,14.32,14.31,14.41,14.42,14.44,14.45,14.46,14.47,14.48,14.49,14.5,14.52,1400,3300,1600,3000,8100,8200,1900,3200,3800,3300,4900,3600,200,4900,9700,6500,600,1500,100,700
186.0,14.4,166400,2391074.0,14.4,14.39,14.38,14.37,14.36,14.35,14.34,14.33,14.32,14.31,14.41,14.42,14.44,14.45,14.46,14.47,14.48,14.49,14.5,14.52,1000,3300,1600,3000,8100,8200,1900,3200,3800,3300,4900,3600,200,4900,9700,6500,600,1500,100,700
187.0,14.4,168300,2418443.0,14.39,14.38,14.37,14.36,14.35,14.34,14.33,14.32,14.31,14.3,14.41,14.42,14.44,14.45,14.46,14.47,14.48,14.49,14.5,14.52,3300,1600,3000,8100,8200,1900,3200,3800,3300,4400,4000,3600,200,4900,9700,6500,600,1500,100,700
188.0,14.4,168300,2418443.0,14.4,14.39,14.38,14.37,14.36,14.35,14.34,14.33,14.32,14.31,14.41,14.42,14.44,14.45,14.46,14.47,14.48,14.49,14.5,14.52,200,3300,1600,3000,8100,8200,1900,3200,3800,3300,4000,3600,200,4900,9700,6500,600,1500,100,700
189.0,14.41,169000,2428530.0,14.4,14.39,14.38,14.37,14.36,14.35,14.34,14.33,14.32,14.31,14.41,14.42,14.44,14.45,14.46,14.47,14.48,14.49,14.5,14.52,200,3300,1600,3000,8100,8200,1900,3200,3800,3300,3300,3600,200,4900,9700,6500,600,1500,100,700
190.0,14.41,169000,2428530.0,14.4,14.39,14.38,14.37,14.36,14.35,14.34,14.33,14.32,14.31,14.41,14.42,14.44,14.45,14.46,14.47,14.48,14.49,14.5,14.52,200,3300,1600,3000,8100,8200,1900,3200,3800,3300,3300,3600,200,4900,9700,1500,600,1500,100,700
191.0,14.41,171000,2457340.0,14.39,14.38,14.37,14.36,14.35,14.34,14.33,14.32,14.31,14.3,14.41,14.42,14.44,14.45,14.46,14.47,14.48,14.49,14.5,14.52,3300,1600,3000,8100,8200,1900,8200,3800,3300,4400,2400,3600,200,4900,9700,1500,600,1500,100,700
192.0,14.41,171000,2457340.0,14.4,14.39,14.38,14.37,14.36,14.35,14.34,14.33,14.32,14.31,14.41,14.42,14.44,14.45,14.46,14.47,14.48,14.49,14.5,14.52,100,3300,1600,3000,8100,8200,1900,8200,3800,3300,2400,3600,200,4900,9700,1500,600,1500,100,700
193.0,14.4,172000,2471740.0,14.4,14.39,14.38,14.37,14.36,14.35,14.34,14.33,14.32,14.31,14.41,14.42,14.44,14.45,14.46,14.47,14.48,14.49,14.5,14.52,100,4500,1600,3000,8100,8200,1900,8200,3800,3300,2400,3600,200,200,9700,1500,600,1500,100,700
194.0,14.42,176000,2529396.0,14.4,14.39,14.38,14.37,14.36,14.35,14.34,14.33,14.32,14.31,14.42,14.44,14.45,14.46,14.47,14.48,14.49,14.5,14.52,14.53,5600,3300,1600,3000,8100,8200,1900,8200,3800,3300,2000,200,200,9700,1500,600,1500,100,700,2100
195.0,14.42,176000,2529396.0,14.4,14.39,14.38,14.37,14.36,14.35,14.34,14.33,14.32,14.31,14.42,14.44,14.45,14.46,14.47,14.48,14.49,14.5,14.52,14.53,5600,3300,1600,3000,8100,8200,1900,8200,3800,3300,2000,200,200,9700,1500,600,1500,100,700,2100
196.0,14.42,176000,2529396.0,14.4,14.39,14.38,14.37,14.36,14.35,14.34,14.33,14.32,14.31,14.42,14.44,14.45,14.46,14.47,14.48,14.49,14.5,14.52,14.53,5600,3300,1600,3000,8100,8200,2500,8200,3800,3300,2000,200,200,9700,1500,600,1500,100,700,2100
197.0,14.42,178000,2558236.0,14.43,14.42,14.41,14.4,14.39,14.38,14.37,14.36,14.35,14.34,14.44,14.45,14.46,14.47,14.48,14.49,14.5,14.52,14.53,14.54,900,900,1700,5600,3300,1600,3000,8100,8200,2500,200,200,9700,1500,600,500,100,700,2100,1200
198.0,14.42,178000,2558236.0,14.43,14.42,14.41,14.4,14.39,14.38,14.37,14.36,14.35,14.34,14.44,14.45,14.46,14.47,14.48,14.49,14.5,14.52,14.53,14.54,900,900,1700,5500,3300,1600,3000,8100,8200,2500,200,200,9700,1500,600,500,100,800,2100,1200
199.0,14.43,179000,2572667.0,14.42,14.41,14.4,14.39,14.38,14.37,14.36,14.35,14.34,14.33,14.43,14.44,14.45,14.46,14.47,14.48,14.49,14.5,14.52,14.53,900,2100,5700,3300,1600,3000,8100,8200,1400,8200,100,100,200,9700,1500,600,500,100,800,2100
200.0,14.43,179000,2572667.0,14.42,14.41,14.4,14.39,14.38,14.37,14.36,14.35,14.34,14.33,14.43,14.44,14.45,14.46,14.47,14.48,14.49,14.5,14.52,14.53,1000,400,5700,3300,1600,3000,8100,8200,1400,8200,200,100,200,10800,1500,600,500,100,800,2100
201.0,14.43,179000,2572667.0,14.42,14.41,14.4,14.39,14.38,14.37,14.36,14.35,14.34,14.33,14.43,14.44,14.45,14.46,14.47,14.48,14.49,14.5,14.52,14.53,1000,400,5700,3300,1600,3000,8100,8200,1400,8200,200,100,200,10800,1500,600,500,100,800,2100
202.0,14.43,179000,2572667.0,14.42,14.41,14.4,14.39,14.38,14.37,14.36,14.35,14.34,14.33,14.43,14.44,14.45,14.46,14.47,14.48,14.49,14.5,14.52,14.53,1000,400,5700,3300,1600,3000,8100,8200,1400,8200,200,100,200,10800,1500,600,500,100,800,2100
203.0,14.43,179000,2572667.0,14.42,14.41,14.4,14.39,14.38,14.37,14.36,14.35,14.34,14.33,14.43,14.44,14.45,14.46,14.47,14.48,14.49,14.5,14.52,14.53,1000,400,5700,3300,1600,3000,8100,8200,1400,8200,200,100,200,10800,1500,600,500,100,800,2100
204.0,14.43,179000,2572667.0,14.42,14.41,14.4,14.39,14.38,14.37,14.36,14.35,14.34,14.33,14.43,14.44,14.45,14.46,14.47,14.48,14.49,14.5,14.52,14.53,1000,400,5700,3300,1600,3000,8100,8200,1400,8200,200,100,200,10800,1500,600,500,100,800,2100
205.0,14.43,179000,2572667.0,14.42,14.41,14.4,14.39,14.38,14.37,14.36,14.35,14.34,14.33,14.43,14.44,14.45,14.46,14.47,14.48,14.49,14.5,14.52,14.53,1000,400,5700,3300,1600,3000,8100,8200,1400,8200,200,100,4900,10800,1500,600,500,100,800,2100
206.0,14.43,179000,2572667.0,14.42,14.41,14.4,14.39,14.38,14.37,14.36,14.35,14.34,14.33,14.43,14.44,14.45,14.46,14.47,14.48,14.49,14.5,14.52,14.53,900,400,5700,3300,1600,3000,8100,8200,1400,8200,200,100,4900,12800,1500,600,500,100,800,2100
207.0,14.43,179000,2572667.0,14.42,14.41,14.4,14.39,14.38,14.37,14.36,14.35,14.34,14.33,14.43,14.44,14.45,14.46,14.47,14.48,14.49,14.5,14.52,14.53,900,400,5700,3300,1600,3000,5100,8200,1400,8200,200,100,4900,12800,1500,600,500,100,800,2100
208.0,14.43,179000,2572667.0,14.42,14.41,14.4,14.39,14.38,14.37,14.36,14.35,14.34,14.33,14.43,14.44,14.45,14.46,14.47,14.48,14.49,14.5,14.52,14.53,900,400,5700,3300,1600,3000,5100,8200,1400,8200,200,100,4900,12800,1500,600,500,100,800,2100
209.0,14.43,179000,2572667.0,14.42,14.41,14.4,14.39,14.38,14.37,14.36,14.35,14.34,14.33,14.43,14.44,14.45,14.46,14.47,14.48,14.49,14.5,14.52,14.53,900,500,5700,3300,1600,3000,5100,8200,1400,8200,200,100,4900,12800,1500,600,500,100,800,2100
210.0,14.43,179000,2572667.0,14.42,14.41,14.4,14.39,14.38,14.37,14.36,14.35,14.34,14.33,14.43,14.44,14.45,14.46,14.47,14.48,14.49,14.5,14.52,14.53,900,500,5700,3300,1600,3000,5100,8200,1400,8200,200,100,4900,12800,1500,600,500,100,800,2100
211.0,14.42,179900,2585645.0,14.41,14.4,14.39,14.38,14.37,14.36,14.35,14.34,14.33,14.32,14.42,14.43,14.44,14.45,14.46,14.47,14.48,14.49,14.5,14.52,500,5700,3300,1600,3000,5100,8200,1400,8200,4200,4200,200,100,4900,12800,1500,600,500,100,800
212.0,14.41,180900,2600059.0,14.4,14.39,14.38,14.37,14.36,14.35,14.34,14.33,14.32,14.31,14.41,14.42,14.43,14.44,14.45,14.46,14.47,14.48,14.49,14.5,5700,3300,1600,3000,5100,8200,1400,8200,4200,3300,300,4000,200,100,4900,12800,1500,600,500,100
213.0,14.41,181000,2601500.0,14.4,14.39,14.38,14.37,14.36,14.35,14.34,14.33,14.32,14.31,14.41,14.42,14.43,14.44,14.45,14.46,14.47,14.48,14.49,14.5,5700,3300,1600,3000,5100,8200,1400,8200,4200,3300,200,4000,200,100,4900,12800,1500,600,500,100
214.0,14.41,181000,2601500.0,14.4,14.39,14.38,14.37,14.36,14.35,14.34,14.33,14.32,14.31,14.41,14.42,14.43,14.44,14.45,14.46,14.47,14.48,14.49,14.5,5700,3300,1600,3000,5100,8200,1400,8200,4200,3300,200,4000,100,100,4900,12800,1500,600,500,100
215.0,14.41,181100,2602941.0,14.4,14.39,14.38,14.37,14.36,14.35,14.34,14.33,14.32,14.31,14.41,14.42,14.44,14.45,14.46,14.47,14.48,14.49,14.5,14.52,6200,3300,1600,3000,5100,8200,1400,8200,4200,3300,100,4000,100,4900,12800,1500,600,500,100,800
216.0,14.41,181100,2602941.0,14.4,14.39,14.38,14.37,14.36,14.35,14.34,14.33,14.32,14.31,14.41,14.42,14.44,14.45,14.46,14.47,14.48,14.49,14.5,14.52,6200,3300,1600,3000,5100,8200,1400,8200,4200,3300,100,4000,100,4900,12800,1500,600,500,100,800
217.0,14.41,181100,2602941.0,14.4,14.39,14.38,14.37,14.36,14.35,14.34,14.33,14.32,14.31,14.41,14.42,14.44,14.45,14.46,14.47,14.48,14.49,14.5,14.52,6200,3300,1600,3000,5100,8200,1400,8200,4200,3300,100,4000,100,4900,11900,1500,600,500,100,800
218.0,14.4,181200,2604381.0,14.4,14.39,14.38,14.37,14.36,14.35,14.34,14.33,14.32,14.31,14.41,14.42,14.44,14.45,14.46,14.47,14.48,14.49,14.5,14.52,6100,3300,1600,3000,5100,8200,1400,8200,3200,3300,100,3800,100,4900,11900,1500,600,500,100,800
219.0,14.4,181200,2604381.0,14.4,14.39,14.38,14.37,14.36,14.35,14.34,14.33,14.32,14.31,14.41,14.42,14.44,14.45,14.46,14.47,14.48,14.49,14.5,14.52,6100,3300,1600,3000,5100,8200,1400,8200,3000,3300,200,3800,100,4900,11900,1500,600,500,100,800
220.0,14.4,181200,2604381.0,14.4,14.39,14.38,14.37,14.36,14.35,14.34,14.33,14.32,14.31,14.41,14.42,14.44,14.45,14.46,14.47,14.48,14.49,14.5,14.52,6100,3300,1600,3000,5100,8200,1400,8200,3000,3300,200,3800,100,4900,11900,1500,600,500,100,800
221.0,14.4,181200,2604381.0,14.4,14.39,14.38,14.37,14.36,14.35,14.34,14.33,14.32,14.31,14.41,14.42,14.44,14.45,14.46,14.47,14.48,14.49,14.5,14.52,6100,3300,1600,3000,5100,8200,1400,8200,3000,3300,200,3800,100,5100,11900,1500,600,500,100,800
222.0,14.4,181200,2604381.0,14.4,14.39,14.38,14.37,14.36,14.35,14.34,14.33,14.32,14.31,14.41,14.42,14.44,14.45,14.46,14.47,14.48,14.49,14.5,14.52,6100,3300,1600,3000,5100,8200,1400,8200,3000,3300,200,3800,100,5100,11900,1500,600,500,100,800
223.0,14.4,181200,2604381.0,14.4,14.39,14.38,14.37,14.36,14.35,14.34,14.33,14.32,14.31,14.41,14.42,14.44,14.45,14.46,14.47,14.48,14.49,14.5,14.52,6100,3300,1600,3000,5100,8200,1400,8200,3000,3300,200,3800,100,5100,11900,1500,600,500,100,800
224.0,14.4,181200,2604381.0,14.4,14.39,14.38,14.37,14.36,14.35,14.34,14.33,14.32,14.31,14.41,14.42,14.44,14.45,14.46,14.47,14.48,14.49,14.5,14.52,6100,3300,1600,3000,5100,8200,1400,8200,3000,3300,200,3800,100,5100,11900,1500,600,500,100,800
225.0,14.4,181200,2604381.0,14.4,14.39,14.38,14.37,14.36,14.35,14.34,14.33,14.32,14.31,14.41,14.42,14.44,14.45,14.46,14.47,14.48,14.49,14.5,14.52,6100,3300,1600,3000,5100,8200,1400,8200,3000,3300,200,3800,100,5100,11900,1500,600,500,100,800
226.0,14.4,181200,2604381.0,14.4,14.39,14.38,14.37,14.36,14.35,14.34,14.33,14.32,14.31,14.41,14.42,14.44,14.45,14.46,14.47,14.48,14.49,14.5,14.52,6100,3300,1600,3000,5100,8200,1400,8200,3000,3300,200,3800,100,5100,11900,1500,600,500,100,800
227.0,14.4,181800,2613021.0,14.4,14.39,14.38,14.37,14.36,14.35,14.34,14.33,14.32,14.31,14.41,14.42,14.44,14.45,14.46,14.47,14.48,14.49,14.5,14.52,5500,3300,1600,3000,5100,8200,1400,8200,3000,3300,200,3800,100,5100,11900,1500,600,500,100,800
228.0,14.4,181900,2614461.0,14.4,14.39,14.38,14.37,14.36,14.35,14.34,14.33,14.32,14.31,14.41,14.42,14.44,14.45,14.46,14.47,14.48,14.49,14.5,14.52,5400,3300,1600,3000,5100,8200,1400,8200,3000,3300,200,3800,100,5100,11900,1500,600,500,100,800
229.0,14.41,182100,2617343.0,14.41,14.4,14.39,14.38,14.37,14.36,14.35,14.34,14.33,14.32,14.42,14.44,14.45,14.46,14.47,14.48,14.49,14.5,14.52,14.53,700,5400,3300,1600,3000,5100,8200,1400,8200,3000,3800,100,5100,11900,1500,600,500,100,800,2100
230.0,14.41,182100,2617343.0,14.41,14.4,14.39,14.38,14.37,14.36,14.35,14.34,14.33,14.32,14.42,14.44,14.45,14.46,14.47,14.48,14.49,14.5,14.52,14.53,700,5400,3300,1600,3000,5100,8200,1400,8200,3000,3800,100,5100,11900,1500,600,500,100,800,2100
231.0,14.41,182100,2617343.0,14.41,14.4,14.39,14.38,14.37,14.36,14.35,14.34,14.33,14.32,14.42,14.44,14.45,14.46,14.47,14.48,14.49,14.5,14.52,14.53,700,5900,3300,1600,3000,5100,8200,1400,8200,3000,3800,100,5100,11900,1500,600,500,100,800,2100
232.0,14.41,182800,2627430.0,14.4,14.39,14.38,14.37,14.36,14.35,14.34,14.33,14.32,14.31,14.42,14.44,14.45,14.46,14.47,14.48,14.49,14.5,14.52,14.53,4300,3300,1600,3000,5100,8200,1400,8200,3000,3300,3800,100,5100,11900,1500,600,500,100,800,2100
233.0,14.41,182800,2627430.0,14.4,14.39,14.38,14.37,14.36,14.35,14.34,14.33,14.32,14.31,14.42,14.44,14.45,14.46,14.47,14.48,14.49,14.5,14.52,14.53,4300,3300,1600,3000,5100,8200,1400,8200,3000,3300,3800,100,5100,11900,1500,600,500,100,800,2100
234.0,14.4,183200,2633190.0,14.4,14.39,14.38,14.37,14.36,14.35,14.34,14.33,14.32,14.31,14.42,14.44,14.45,14.46,14.47,14.48,14.49,14.5,14.52,14.53,4100,3300,1600,3000,5100,8200,1400,8200,3000,3300,3800,100,5100,11900,1500,600,500,100,800,2100
235.0,14.4,185500,2666316.0,14.4,14.39,14.38,14.37,14.36,14.35,14.34,14.33,14.32,14.31,14.42,14.44,14.45,14.46,14.47,14.48,14.49,14.5,14.52,14.53,2100,3300,1600,3000,5100,8200,1400,8200,3000,3300,3500,100,5100,11900,1500,600,500,100,800,2100
236.0,14.4,185500,2666316.0,14.4,14.39,14.38,14.37,14.36,14.35,14.34,14.33,14.32,14.31,14.41,14.42,14.44,14.45,14.46,14.47,14.48,14.49,14.5,14.52,2100,3300,1600,3000,5100,8200,1400,8200,3000,3300,300,3500,100,5100,11900,1500,600,500,100,800
237.0,14.4,185700,2669196.0,14.4,14.39,14.38,14.37,14.36,14.35,14.34,14.33,14.32,14.31,14.41,14.42,14.44,14.45,14.46,14.47,14.48,14.49,14.5,14.52,1900,3300,1600,3000,5100,8200,1400,8200,3000,3300,300,3500,100,5100,11900,1500,600,500,100,800
238.0,14.4,185700,2669196.0,14.4,14.39,14.38,14.37,14.36,14.35,14.34,14.33,14.32,14.31,14.41,14.42,14.44,14.45,14.46,14.47,14.48,14.49,14.5,14.52,1900,3300,1600,3000,5100,8200,1400,8200,3000,3300,1200,3500,100,5100,11900,1500,600,500,100,800
239.0,14.4,185700,2669196.0,14.4,14.39,14.38,14.37,14.36,14.35,14.34,14.33,14.32,14.31,14.41,14.42,14.44,14.45,14.46,14.47,14.48,14.49,14.5,14.52,1900,3300,1600,3000,5100,3800,1400,9000,3000,3300,1300,3500,100,5100,11900,1500,600,500,100,800
240.0,14.41,185900,2672078.0,14.4,14.39,14.38,14.37,14.36,14.35,14.34,14.33,14.32,14.31,14.41,14.42,14.44,14.45,14.46,14.47,14.48,14.49,14.5,14.52,1900,3300,1600,3000,5100,3800,1400,9000,3000,3300,1100,3500,100,5100,11900,1500,600,500,100,800
241.0,14.4,186200,2676400.0,14.4,14.39,14.38,14.37,14.36,14.35,14.34,14.33,14.32,14.31,14.41,14.42,14.44,14.45,14.46,14.47,14.48,14.49,14.5,14.52,1800,3300,1600,3000,5100,3800,1400,9000,3000,3300,900,3500,100,5100,11900,1500,600,500,100,800
242.0,14.4,186200,2676400.0,14.4,14.39,14.38,14.37,14.36,14.35,14.34,14.33,14.32,14.31,14.41,14.42,14.44,14.45,14.46,14.47,14.48,14.49,14.5,14.52,1800,3300,1600,3000,5100,3800,1400,9000,3000,3300,900,3500,100,5100,11900,1500,600,500,100,800
243.0,14.4,186400,2679281.0,14.4,14.39,14.38,14.37,14.36,14.35,14.34,14.33,14.32,14.31,14.41,14.42,14.44,14.45,14.46,14.47,14.48,14.49,14.5,14.52,1800,3300,1600,3000,5100,3800,800,9000,3000,3300,800,3500,100,5100,11900,1500,600,500,100,800
244.0,14.4,186800,2685041.0,14.4,14.39,14.38,14.37,14.36,14.35,14.34,14.33,14.32,14.31,14.41,14.42,14.44,14.45,14.46,14.47,14.48,14.49,14.5,14.52,1400,3300,1600,3000,5100,3800,800,9000,3000,3300,800,3500,100,5100,11900,1500,600,500,100,800
245.0,14.4,187000,2687922.0,14.4,14.39,14.38,14.37,14.36,14.35,14.34,14.33,14.32,14.31,14.41,14.42,14.44,14.45,14.46,14.47,14.48,14.49,14.5,14.52,1100,3300,1600,3000,5100,3800,800,9000,3000,3300,700,3500,100,200,11900,1800,600,500,100,800
246.0,14.4,187100,2689362.0,14.4,14.39,14.38,14.37,14.36,14.35,14.34,14.33,14.32,14.31,14.41,14.42,14.44,14.45,14.46,14.47,14.48,14.49,14.5,14.52,1000,3300,1600,3000,5100,3800,800,9000,3000,3300,800,3500,100,200,11900,1800,600,500,100,800
247.0,14.4,187100,2689362.0,14.4,14.39,14.38,14.37,14.36,14.35,14.34,14.33,14.32,14.31,14.41,14.42,14.44,14.45,14.46,14.47,14.48,14.49,14.5,14.52,1000,3300,1600,3000,5100,3800,800,9000,3000,3300,800,3500,100,200,11900,1800,600,500,100,800
248.0,14.4,188000,2702328.0,14.4,14.39,14.38,14.37,14.36,14.35,14.34,14.33,14.32,14.31,14.41,14.42,14.44,14.45,14.46,14.47,14.48,14.49,14.5,14.52,700,3300,1600,3000,5100,3800,800,9000,3000,3300,1200,3500,100,200,11900,1800,600,500,100,800
249.0,14.41,188100,2703769.0,14.4,14.39,14.38,14.37,14.36,14.35,14.34,14.33,14.32,14.31,14.41,14.42,14.44,14.45,14.46,14.47,14.48,14.49,14.5,14.52,700,3300,1600,3000,5100,3800,800,9000,3000,3300,1100,3500,100,200,11900,1800,600,500,100,800
250.0,14.4,188300,2706649.0,14.4,14.39,14.38,14.37,14.36,14.35,14.34,14.33,14.32,14.31,14.41,14.42,14.44,14.45,14.46,14.47,14.48,14.49,14.5,14.52,500,3300,1600,3000,5100,3800,800,9000,3000,3300,1200,3500,100,200,11900,1800,600,500,100,800
251.0,14.41,189000,2716736.0,14.4,14.39,14.38,14.37,14.36,14.35,14.34,14.33,14.32,14.31,14.41,14.42,14.44,14.45,14.46,14.47,14.48,14.49,14.5,14.52,500,3300,1600,3000,5100,3800,800,9000,3000,3300,500,3500,100,200,11900,1800,600,500,100,800
252.0,14.4,189600,2725377.0,14.39,14.38,14.37,14.36,14.35,14.34,14.33,14.32,14.31,14.3,14.4,14.41,14.42,14.44,14.45,14.46,14.47,14.48,14.49,14.5,3300,1600,3000,5100,3800,800,9000,3000,3300,1400,1900,400,3500,100,200,11900,1800,600,500,100
253.0,14.39,189700,2726816.0,14.39,14.38,14.37,14.36,14.35,14.34,14.33,14.32,14.31,14.3,14.4,14.41,14.42,14.44,14.45,14.46,14.47,14.48,14.49,14.5,3100,1600,3000,5100,3800,800,9000,3000,3300,1400,3200,400,3500,100,200,11900,1800,600,500,100
254.0,14.39,190200,2734011.0,14.39,14.38,14.37,14.36,14.35,14.34,14.33,14.32,14.31,14.3,14.4,14.41,14.42,14.44,14.45,14.46,14.47,14.48,14.49,14.5,2600,1600,3000,5100,3800,800,9000,3000,3300,1400,3200,500,3500,100,200,11900,1800,600,500,100
255.0,14.39,190300,2735450.0,14.39,14.38,14.37,14.36,14.35,14.34,14.33,14.32,14.31,14.3,14.4,14.41,14.42,14.44,14.45,14.46,14.47,14.48,14.49,14.5,2500,1600,3000,5100,3800,800,9000,3000,3300,1400,3200,500,3500,100,200,11900,1800,600,500,100
256.0,14.4,190600,2739770.0,14.39,14.38,14.37,14.36,14.35,14.34,14.33,14.32,14.31,14.3,14.4,14.41,14.42,14.44,14.45,14.46,14.47,14.48,14.49,14.5,2500,1600,3000,5100,3800,800,9000,3000,3300,1400,3000,500,3500,100,200,11900,1800,600,500,100
257.0,14.39,191200,2748404.0,14.39,14.38,14.37,14.36,14.35,14.34,14.33,14.32,14.31,14.3,14.4,14.41,14.42,14.44,14.45,14.46,14.47,14.48,14.49,14.5,1900,1600,3000,5100,3800,800,9000,3000,3300,1400,3000,500,3500,100,200,11900,1800,600,500,100
258.0,14.39,193100,2775745.0,14.37,14.36,14.35,14.34,14.33,14.32,14.31,14.3,14.28,14.27,14.4,14.41,14.42,14.44,14.45,14.46,14.47,14.48,14.49,14.5,3000,5100,3800,800,9000,3000,3300,1400,11100,2500,3000,500,3500,100,200,11900,1800,600,500,100
259.0,14.39,193100,2775745.0,14.37,14.36,14.35,14.34,14.33,14.32,14.31,14.3,14.28,14.27,14.39,14.4,14.41,14.42,14.44,14.45,14.46,14.47,14.48,14.49,3200,5100,3800,800,9000,3000,3300,1400,11100,2500,1400,3200,500,3500,100,200,11900,1800,600,500
260.0,14.39,193100,2775745.0,14.37,14.36,14.35,14.34,14.33,14.32,14.31,14.3,14.28,14.27,14.39,14.4,14.41,14.42,14.44,14.45,14.46,14.47,14.48,14.49,3200,5100,3800,800,9000,3000,3300,1400,11100,2500,1400,3200,500,3500,100,200,11900,1800,600,500
261.0,14.38,193500,2781494.0,14.37,14.36,14.35,14.34,14.33,14.32,14.31,14.3,14.28,14.27,14.39,14.4,14.41,14.42,14.44,14.45,14.46,14.47,14.48,14.49,3200,7100,3800,800,9000,3000,3300,1400,11100,2500,1400,3200,500,3500,100,200,11900,1800,600,500
262.0,14.39,193600,2782933.0,14.37,14.36,14.35,14.34,14.33,14.32,14.31,14.3,14.28,14.27,14.39,14.4,14.41,14.42,14.44,14.45,14.46,14.47,14.48,14.49,4300,7100,3800,800,9000,3000,3300,1400,11100,2500,1300,3200,500,3500,100,200,11900,1800,600,500
263.0,14.39,195200,2805957.0,14.39,14.38,14.37,14.36,14.35,14.34,14.33,14.32,14.31,14.3,14.4,14.41,14.42,14.44,14.45,14.46,14.47,14.48,14.49,14.5,1100,2100,4300,7100,3800,800,9000,3000,12300,1400,3100,500,3500,100,200,11900,1800,600,500,100
264.0,14.4,196100,2818917.0,14.39,14.38,14.37,14.36,14.35,14.34,14.33,14.32,14.31,14.3,14.4,14.41,14.42,14.44,14.45,14.46,14.47,14.48,14.49,14.5,1100,2100,4300,7100,3800,800,9000,3000,12300,1400,2200,500,3500,100,200,11900,1800,600,500,100
265.0,14.39,196200,2820356.0,14.39,14.38,14.37,14.36,14.35,14.34,14.33,14.32,14.31,14.3,14.4,14.41,14.42,14.44,14.45,14.46,14.47,14.48,14.49,14.5,1000,2100,4300,7100,3800,800,9000,3000,12300,1400,2200,500,3500,100,200,11900,1800,600,500,100
266.0,14.39,196200,2820356.0,14.39,14.38,14.37,14.36,14.35,14.34,14.33,14.32,14.31,14.3,14.4,14.41,14.42,14.44,14.45,14.46,14.47,14.48,14.49,14.5,1100,2100,4300,7100,3800,800,9000,3000,12300,1400,2200,500,3500,100,200,11900,1800,600,500,100
267.0,14.39,196200,2820356.0,14.39,14.38,14.37,14.36,14.35,14.34,14.33,14.32,14.31,14.3,14.4,14.41,14.42,14.44,14.45,14.46,14.47,14.48,14.49,14.5,1100,2100,4300,7100,3800,800,9000,3000,12300,1400,2200,500,3500,100,200,11900,1800,600,500,100
268.0,14.39,196200,2820356.0,14.39,14.38,14.37,14.36,14.35,14.34,14.33,14.32,14.31,14.3,14.4,14.41,14.42,14.44,14.45,14.46,14.47,14.48,14.49,14.5,1100,2100,4300,7100,3800,800,9000,3000,12300,1400,2200,500,3500,100,200,11900,1800,600,500,100
269.0,14.39,196300,2821795.0,14.39,14.38,14.37,14.36,14.35,14.34,14.33,14.32,14.31,14.3,14.4,14.41,14.42,14.44,14.45,14.46,14.47,14.48,14.49,14.5,1000,2100,4300,7100,3800,800,9000,3000,12300,1400,2200,500,3500,100,200,11900,1800,600,500,100
270.0,14.39,196300,2821795.0,14.39,14.38,14.37,14.36,14.35,14.34,14.33,14.32,14.31,14.3,14.4,14.41,14.42,14.44,14.45,14.46,14.47,14.48,14.49,14.5,1000,2100,4800,7100,3800,800,9000,3000,12300,1400,2200,500,3500,100,200,11900,1800,600,500,100
271.0,14.4,196500,2824675.0,14.39,14.38,14.37,14.36,14.35,14.34,14.33,14.32,14.31,14.3,14.4,14.41,14.42,14.44,14.45,14.46,14.47,14.48,14.49,14.5,1000,2100,4800,7200,3800,800,9000,3000,12300,1400,2000,500,3500,100,200,11900,1800,600,500,100
272.0,14.39,196600,2826114.0,14.39,14.38,14.37,14.36,14.35,14.34,14.33,14.32,14.31,14.3,14.4,14.41,14.42,14.44,14.45,14.46,14.47,14.48,14.49,14.5,900,2100,4800,7200,3800,800,9000,3000,12300,1400,2000,500,3500,100,200,11900,1800,600,500,300
273.0,14.39,197100,2833309.0,14.39,14.38,14.37,14.36,14.35,14.34,14.33,14.32,14.31,14.3,14.4,14.41,14.42,14.44,14.45,14.46,14.47,14.48,14.49,14.5,1600,2100,4800,7200,3800,800,9000,3000,12300,1400,2000,500,3500,100,200,11900,1800,600,500,300
274.0,14.4,197200,2834749.0,14.39,14.38,14.37,14.36,14.35,14.34,14.33,14.32,14.31,14.3,14.4,14.41,14.42,14.44,14.45,14.46,14.47,14.48,14.49,14.5,1600,2100,4800,7200,3800,800,9000,3000,12300,1400,1900,500,3500,100,200,11900,1800,600,500,300
275.0,14.39,198800,2857773.0,14.38,14.37,14.36,14.35,14.34,14.33,14.32,14.31,14.3,14.28,14.39,14.4,14.41,14.42,14.44,14.45,14.46,14.47,14.48,14.49,2100,4800,7200,3800,800,9000,3000,12300,1400,11100,100,1900,500,3500,100,200,11900,1800,600,500
276.0,14.38,199000,2860649.0,14.38,14.37,14.36,14.35,14.34,14.33,14.32,14.31,14.3,14.28,14.39,14.4,14.41,14.42,14.44,14.45,14.46,14.47,14.48,14.49,1900,4800,7200,3800,800,9000,3000,12300,1400,11100,100,1900,500,3500,100,200,11900,1800,600,500
277.0,14.38,199500,2867839.0,14.38,14.37,14.36,14.35,14.34,14.33,14.32,14.31,14.3,14.28,14.39,14.4,14.41,14.42,14.44,14.45,14.46,14.47,14.48,14.49,1400,4800,7200,3800,800,9000,6500,12300,1400,11100,100,1900,500,3500,100,200,11900,1800,600,500
278.0,14.38,199500,2867839.0,14.38,14.37,14.36,14.35,14.34,14.33,14.32,14.31,14.3,14.28,14.39,14.4,14.41,14.42,14.44,14.45,14.46,14.47,14.48,14.49,1500,4800,7200,3800,800,9000,6500,12300,1400,11100,100,1900,500,3500,100,200,11900,1800,600,500
279.0,14.38,199600,2869277.0,14.38,14.37,14.36,14.35,14.34,14.33,14.32,14.31,14.3,14.28,14.39,14.4,14.41,14.42,14.44,14.45,14.46,14.47,14.48,14.49,1400,4800,7200,3800,800,9000,6500,12300,1400,11100,100,1900,500,3500,100,200,11900,1800,600,500
280.0,14.38,199600,2869277.0,14.38,14.37,14.36,14.35,14.34,14.33,14.32,14.31,14.3,14.28,14.39,14.4,14.41,14.42,14.44,14.45,14.46,14.47,14.48,14.49,1400,4800,7200,3800,800,9000,6500,12300,1400,11100,100,1900,500,3500,100,200,11900,1800,600,500
281.0,14.38,199600,2869277.0,14.38,14.37,14.36,14.35,14.34,14.33,14.32,14.31,14.3,14.28,14.39,14.4,14.41,14.42,14.44,14.45,14.46,14.47,14.48,14.49,1400,4800,7200,3800,800,9000,6500,12300,1400,11100,800,1900,500,3500,100,200,11900,1800,600,500
282.0,14.38,199600,2869277.0,14.38,14.37,14.36,14.35,14.34,14.33,14.32,14.31,14.3,14.28,14.39,14.4,14.41,14.42,14.44,14.45,14.46,14.47,14.48,14.49,100,4800,10200,3800,800,9000,6500,12300,1400,11100,800,1900,500,3500,100,200,11900,1800,600,500
283.0,14.38,199600,2869277.0,14.38,14.37,14.36,14.35,14.34,14.33,14.32,14.31,14.3,14.28,14.39,14.4,14.41,14.42,14.44,14.45,14.46,14.47,14.48,14.49,100,4800,10200,3800,800,9000,6500,12300,1400,11100,800,1900,500,3500,100,200,11900,1800,600,500
284.0,14.39,199900,2873594.0,14.38,14.37,14.36,14.35,14.34,14.33,14.32,14.31,14.3,14.28,14.39,14.4,14.41,14.42,14.44,14.45,14.46,14.47,14.48,14.49,100,4800,10200,3800,800,9000,6500,12300,1400,11100,500,1900,500,3500,100,200,11900,1800,600,500
285.0,14.39,199900,2873594.0,14.38,14.37,14.36,14.35,14.34,14.33,14.32,14.31,14.3,14.28,14.39,14.4,14.41,14.42,14.44,14.45,14.46,14.47,14.48,14.49,100,4800,10200,3800,800,9000,6500,12300,1400,11100,500,1900,500,3500,100,200,11900,1800,600,500
286.0,14.39,199900,2873594.0,14.38,14.37,14.36,14.35,14.34,14.33,14.32,14.31,14.3,14.28,14.39,14.4,14.41,14.42,14.44,14.45,14.46,14.47,14.48,14.49,100,4800,10200,3800,800,7600,6500,12300,1400,11100,500,1900,500,3500,500,200,11900,1800,600,500
287.0,14.39,200000,2875033.0,14.38,14.37,14.36,14.35,14.34,14.33,14.32,14.31,14.3,14.28,14.39,14.4,14.41,14.42,14.44,14.45,14.46,14.47,14.48,14.49,100,4800,10200,3800,800,7600,6500,12300,1400,11100,400,2000,500,3500,500,200,11900,1800,600,500
288.0,14.39,200000,2875033.0,14.38,14.37,14.36,14.35,14.34,14.33,14.32,14.31,14.3,14.28,14.39,14.4,14.41,14.42,14.44,14.45,14.46,14.47,14.48,14.49,100,4800,10200,3800,800,7600,6500,12300,1400,11100,400,2000,500,3500,500,200,11900,1800,600,500
289.0,14.39,200000,2875033.0,14.38,14.37,14.36,14.35,14.34,14.33,14.32,14.31,14.3,14.28,14.39,14.4,14.41,14.42,14.44,14.45,14.46,14.47,14.48,14.49,100,4800,10200,3800,800,7600,6500,12300,1400,11100,400,2000,500,3500,500,200,11900,1800,600,500
290.0,14.39,200000,2875033.0,14.38,14.37,14.36,14.35,14.34,14.33,14.32,14.31,14.3,14.28,14.39,14.4,14.41,14.42,14.44,14.45,14.46,14.47,14.48,14.49,1100,4800,10200,3800,800,7600,6500,12300,1400,11100,2100,2000,500,3500,500,200,11900,1800,600,500
291.0,14.39,200000,2875033.0,14.38,14.37,14.36,14.35,14.34,14.33,14.32,14.31,14.3,14.28,14.39,14.4,14.41,14.42,14.44,14.45,14.46,14.47,14.48,14.49,1100,4800,10200,3800,800,7600,6500,12300,1400,11100,2600,2000,500,3500,500,200,11900,1800,600,500
292.0,14.39,200000,2875033.0,14.38,14.37,14.36,14.35,14.34,14.33,14.32,14.31,14.3,14.28,14.39,14.4,14.41,14.42,14.44,14.45,14.46,14.47,14.48,14.49,1100,4600,10200,3800,800,7600,6500,12300,1400,11100,2600,2000,500,3500,500,200,11900,1800,600,500
293.0,14.38,200900,2887977.0,14.38,14.37,14.36,14.35,14.34,14.33,14.32,14.31,14.3,14.28,14.39,14.4,14.41,14.42,14.44,14.45,14.46,14.47,14.48,14.49,400,4600,10200,3800,800,9100,6500,12300,1900,11100,2400,2000,500,3500,500,200,11900,1800,600,500
294.0,14.38,200900,2887977.0,14.38,14.37,14.36,14.35,14.34,14.33,14.32,14.31,14.3,14.28,14.39,14.4,14.41,14.42,14.44,14.45,14.46,14.47,14.48,14.49,400,4600,10200,3800,800,9100,6500,12300,1900,11100,2400,2000,500,3500,500,200,11900,1800,600,500
295.0,14.38,201000,2889415.0,14.38,14.37,14.36,14.35,14.34,14.33,14.32,14.31,14.3,14.28,14.39,14.4,14.41,14.42,14.44,14.45,14.46,14.47,14.48,14.49,300,4600,10200,3800,800,9100,6500,12300,1900,11100,2400,2000,500,3500,500,200,11900,1800,600,500
296.0,14.38,201400,2895167.0,14.37,14.36,14.35,14.34,14.33,14.32,14.31,14.3,14.28,14.27,14.38,14.39,14.4,14.41,14.42,14.44,14.45,14.46,14.47,14.48,4600,10200,3800,800,9100,6500,12300,1900,11100,2500,1900,2400,2000,500,3500,500,200,11900,1800,600
297.0,14.38,201400,2895167.0,14.37,14.36,14.35,14.34,14.33,14.32,14.31,14.3,14.28,14.27,14.38,14.39,14.4,14.41,14.42,14.44,14.45,14.46,14.47,14.48,4600,10200,3800,800,9100,6500,12300,1900,11100,2500,1900,2400,2000,500,3500,500,200,11900,1800,600
298.0,14.38,201400,2895167.0,14.37,14.36,14.35,14.34,14.33,14.32,14.31,14.3,14.28,14.27,14.38,14.39,14.4,14.41,14.42,14.44,14.45,14.46,14.47,14.48,4600,10200,3800,800,9100,6500,12300,1900,11100,2500,1900,2400,2000,500,3500,500,200,11900,1800,600
299.0,14.38,201700,2899481.0,14.37,14.36,14.35,14.34,14.33,14.32,14.31,14.3,14.28,14.27,14.38,14.39,14.4,14.41,14.42,14.44,14.45,14.46,14.47,14.48,4600,10200,3800,800,9100,6500,12300,1900,11100,2500,2000,2400,2000,500,3500,500,200,11900,1800,600
300.0,14.37,202300,2908105.0,14.37,14.36,14.35,14.34,14.33,14.32,14.31,14.3,14.28,14.27,14.38,14.39,14.4,14.41,14.42,14.44,14.45,14.46,14.47,14.48,4200,10200,3800,800,9100,6500,12300,1900,11100,2500,1800,2500,2000,500,3500,500,200,11900,1800,600
301.0,14.37,202300,2908105.0,14.37,14.36,14.35,14.34,14.33,14.32,14.31,14.3,14.28,14.27,14.38,14.39,14.4,14.41,14.42,14.44,14.45,14.46,14.47,14.48,4200,10200,3800,800,9100,6500,12300,1900,11100,2500,1800,2500,2000,500,3500,500,200,11900,1800,600
302.0,14.38,202400,2909543.0,14.37,14.36,14.35,14.34,14.33,14.32,14.31,14.3,14.28,14.27,14.38,14.39,14.4,14.41,14.42,14.44,14.45,14.46,14.47,14.48,4200,10200,3800,800,9100,6500,12300,1900,11100,2500,1800,2500,1900,500,3500,500,200,11900,1800,600
303.0,14.37,202800,2915291.0,14.37,14.36,14.35,14.34,14.33,14.32,14.31,14.3,14.28,14.27,14.38,14.39,14.4,14.41,14.42,14.44,14.45,14.46,14.47,14.48,3800,10200,3800,800,9100,7500,12300,1900,11100,2500,1800,2500,1900,500,3500,500,200,11900,1800,600
304.0,14.38,203000,2918167.0,14.37,14.36,14.35,14.34,14.33,14.32,14.31,14.3,14.28,14.27,14.38,14.39,14.4,14.41,14.42,14.44,14.45,14.46,14.47,14.48,3800,10200,3800,800,9100,7500,12300,1900,11100,2500,1600,2400,1900,500,3500,500,200,11900,1800,600
305.0,14.38,203000,2918167.0,14.37,14.36,14.35,14.34,14.33,14.32,14.31,14.3,14.28,14.27,14.38,14.39,14.4,14.41,14.42,14.44,14.45,14.46,14.47,14.48,3800,10200,3800,800,9100,7500,12300,1900,10300,2500,1700,2400,1900,500,3500,500,200,11900,1800,600
306.0,14.38,203000,2918167.0,14.37,14.36,14.35,14.34,14.33,14.32,14.31,14.3,14.28,14.27,14.38,14.39,14.4,14.41,14.42,14.44,14.45,14.46,14.47,14.48,3800,10200,4700,800,9100,7500,12300,1900,10300,2500,1700,2400,1900,500,3500,500,200,11900,1800,600
307.0,14.38,205000,2946924.0,14.38,14.37,14.36,14.35,14.34,14.33,14.32,14.31,14.3,14.28,14.39,14.4,14.41,14.42,14.43,14.44,14.45,14.46,14.47,14.48,5500,3500,10200,4700,800,9100,7500,12300,1900,10300,2200,1500,500,3500,4500,500,200,11900,1800,600
308.0,14.38,205000,2946924.0,14.38,14.37,14.36,14.35,14.34,14.33,14.32,14.31,14.3,14.28,14.39,14.4,14.41,14.42,14.43,14.44,14.45,14.46,14.47,14.48,5500,3500,10200,4700,800,9100,7500,12300,1900,10300,2200,1500,500,3500,4500,500,200,11900,1800,600
309.0,14.39,210100,3020278.0,14.38,14.37,14.36,14.35,14.34,14.33,14.32,14.31,14.3,14.28,14.39,14.4,14.41,14.42,14.43,14.44,14.45,14.46,14.47,14.48,2000,3500,10200,4700,800,9100,7500,12300,1900,10300,600,1500,500,3500,4500,500,200,11900,1800,600
310.0,14.39,210800,3030345.0,14.38,14.37,14.36,14.35,14.34,14.33,14.32,14.31,14.3,14.28,14.39,14.4,14.41,14.42,14.43,14.44,14.45,14.46,14.47,14.48,1400,3500,10200,4700,800,9100,7500,12300,1900,10300,500,1500,500,3500,4500,500,200,11900,1800,600
311.0,14.39,210800,3030345.0,14.38,14.37,14.36,14.35,14.34,14.33,14.32,14.31,14.3,14.28,14.39,14.4,14.41,14.42,14.43,14.44,14.45,14.46,14.47,14.48,1400,3500,10200,4700,800,9100,7500,12300,1900,10300,500,1500,500,3500,4500,500,200,11900,1800,600
312.0,14.38,211000,3033222.0,14.38,14.37,14.36,14.35,14.34,14.33,14.32,14.31,14.3,14.28,14.39,14.4,14.41,14.42,14.43,14.44,14.45,14.46,14.47,14.48,1300,6600,7200,4700,800,9100,7500,12300,1900,10300,400,1500,500,5500,4500,500,200,11900,1800,3100
313.0,14.39,211600,3041854.0,14.39,14.38,14.37,14.36,14.35,14.34,14.33,14.32,14.31,14.3,14.4,14.41,14.42,14.43,14.44,14.45,14.46,14.47,14.48,14.49,1200,1100,6600,7200,4700,800,9100,7500,12300,1900,1500,500,5500,4500,500,200,11900,1800,3100,500
314.0,14.4,211700,3043294.0,14.39,14.38,14.37,14.36,14.35,14.34,14.33,14.32,14.31,14.3,14.4,14.41,14.42,14.43,14.44,14.45,14.46,14.47,14.48,14.49,1200,1100,6600,7200,4700,800,9100,7500,12300,1900,1400,500,5500,4500,500,200,11900,1800,3100,500
315.0,14.4,211700,3043294.0,14.39,14.38,14.37,14.36,14.35,14.34,14.33,14.32,14.31,14.3,14.4,14.41,14.42,14.43,14.44,14.45,14.46,14.47,14.48,14.49,1200,1100,6600,7200,4700,800,9100,7500,12300,1900,1400,500,5500,4500,500,200,11900,1800,3100,500
316.0,14.41,227600,3271977.0,14.41,14.4,14.39,14.38,14.37,14.36,14.35,14.34,14.33,14.32,14.42,14.43,14.44,14.45,14.46,14.47,14.48,14.49,14.5,14.52,2000,3800,9900,7900,5900,7200,4700,800,9100,7500,5500,4500,500,600,11900,1800,3100,500,300,800
317.0,14.41,227800,3274859.0,14.41,14.4,14.39,14.38,14.37,14.36,14.35,14.34,14.33,14.32,14.42,14.43,14.44,14.45,14.46,14.47,14.48,14.49,14.5,14.52,1800,6300,9900,7900,5800,7200,4700,800,9100,7500,5500,4500,500,600,11900,1800,3100,500,300,800
318.0,14.41,227800,3274859.0,14.41,14.4,14.39,14.38,14.37,14.36,14.35,14.34,14.33,14.32,14.42,14.43,14.44,14.45,14.46,14.47,14.48,14.49,14.5,14.52,1800,6300,9900,7900,5800,7200,4700,800,9100,7500,5500,4500,500,600,11900,1800,3100,500,300,800
319.0,14.41,227800,3274859.0,14.41,14.4,14.39,14.38,14.37,14.36,14.35,14.34,14.33,14.32,14.42,14.43,14.44,14.45,14.46,14.47,14.48,14.49,14.5,14.52,1800,6300,9900,7900,5800,7200,4700,800,9100,7500,5500,4500,500,600,11900,1800,3100,500,300,800
320.0,14.42,233400,3355610.0,14.41,14.4,14.39,14.38,14.37,14.36,14.35,14.34,14.33,14.32,14.43,14.44,14.45,14.46,14.47,14.48,14.49,14.5,14.52,14.53,1800,4000,6700,7900,5800,7200,4700,800,9100,7500,4500,500,200,11900,1800,3100,500,300,800,2100
321.0,14.43,233700,3359939.0,14.41,14.4,14.39,14.38,14.37,14.36,14.35,14.34,14.33,14.32,14.43,14.44,14.45,14.46,14.47,14.48,14.49,14.5,14.52,14.53,1800,4000,6600,7900,5800,7200,4700,800,9100,7500,4200,500,200,11900,1800,3100,500,300,800,2100
322.0,14.41,235300,3383005.0,14.41,14.4,14.39,14.38,14.37,14.36,14.35,14.34,14.33,14.32,14.43,14.44,14.45,14.46,14.47,14.48,14.49,14.5,14.52,14.53,1900,4000,6600,7900,5800,7200,4700,800,9100,7500,4600,500,200,11900,1800,3100,500,300,800,2100
323.0,14.41,236000,3393092.0,14.41,14.4,14.39,14.38,14.37,14.36,14.35,14.34,14.33,14.32,14.42,14.43,14.44,14.45,14.46,14.47,14.48,14.49,14.5,14.52,1400,4000,6600,7900,5800,7200,4700,800,9100,7500,100,4800,500,200,11900,1800,3100,500,300,800
324.0,14.41,236000,3393092.0,14.41,14.4,14.39,14.38,14.37,14.36,14.35,14.34,14.33,14.32,14.42,14.43,14.44,14.45,14.46,14.47,14.48,14.49,14.5,14.52,2200,4000,6600,7900,5800,7200,4700,800,9100,7500,100,4800,500,600,11900,1800,3100,500,300,800
325.0,14.41,236000,3393092.0,14.41,14.4,14.39,14.38,14.37,14.36,14.35,14.34,14.33,14.32,14.42,14.43,14.44,14.45,14.46,14.47,14.48,14.49,14.5,14.52,2200,4000,6600,7900,5800,7200,4700,800,9100,7500,100,4800,500,600,11900,1800,3100,500,300,800
326.0,14.41,236200,3395974.0,14.41,14.4,14.39,14.38,14.37,14.36,14.35,14.34,14.33,14.32,14.42,14.43,14.44,14.45,14.46,14.47,14.48,14.49,14.5,14.52,2000,4000,6600,7900,5800,7200,4700,800,9100,7500,100,4800,500,600,11900,1800,3100,500,300,800
327.0,14.41,236200,3395974.0,14.41,14.4,14.39,14.38,14.37,14.36,14.35,14.34,14.33,14.32,14.42,14.43,14.44,14.45,14.46,14.47,14.48,14.49,14.5,14.52,2000,4000,6600,7900,5800,7200,4700,800,9100,7500,100,4800,500,600,11900,1800,3100,500,300,800
328.0,14.41,236200,3395974.0,14.41,14.4,14.39,14.38,14.37,14.36,14.35,14.34,14.33,14.32,14.42,14.43,14.44,14.45,14.46,14.47,14.48,14.49,14.5,14.52,2000,4000,6600,7900,5800,7200,4700,800,9100,7500,100,4800,500,600,11900,1800,3100,500,300,800
329.0,14.41,236400,3398856.0,14.41,14.4,14.39,14.38,14.37,14.36,14.35,14.34,14.33,14.32,14.42,14.43,14.44,14.45,14.46,14.47,14.48,14.49,14.5,14.52,1800,4000,6600,7900,5800,7200,4700,800,9100,7500,100,4800,500,600,11900,1800,3100,500,300,800
330.0,14.41,236400,3398856.0,14.41,14.4,14.39,14.38,14.37,14.36,14.35,14.34,14.33,14.32,14.42,14.43,14.44,14.45,14.46,14.47,14.48,14.49,14.5,14.52,1800,4000,6600,7900,5800,7200,4700,800,9100,7500,100,4800,500,600,11900,1800,3100,500,300,800
331.0,14.41,236400,3398856.0,14.41,14.4,14.39,14.38,14.37,14.36,14.35,14.34,14.33,14.32,14.42,14.43,14.44,14.45,14.46,14.47,14.48,14.49,14.5,14.52,1800,4000,6600,7900,5800,7200,4700,800,9100,7500,100,4800,500,600,11900,1800,3100,500,300,800
332.0,14.42,236600,3401739.0,14.41,14.4,14.39,14.38,14.37,14.36,14.35,14.34,14.33,14.32,14.43,14.44,14.45,14.46,14.47,14.48,14.49,14.5,14.52,14.53,1000,4000,7600,7900,2700,7200,4700,800,9100,7500,4800,500,600,11900,1800,3100,500,300,800,2100
333.0,14.41,236800,3404621.0,14.41,14.4,14.39,14.38,14.37,14.36,14.35,14.34,14.33,14.32,14.43,14.44,14.45,14.46,14.47,14.48,14.49,14.5,14.52,14.53,1500,4000,7600,7900,2700,7200,4700,800,9100,7500,5500,500,600,11900,1800,3100,500,300,800,2100
334.0,14.43,237000,3407507.0,14.41,14.4,14.39,14.38,14.37,14.36,14.35,14.34,14.33,14.32,14.43,14.44,14.45,14.46,14.47,14.48,14.49,14.5,14.52,14.53,1800,4000,7600,7900,2700,7200,4700,800,9100,7500,5600,500,600,11900,1800,3100,500,300,800,2100
335.0,14.41,237200,3410389.0,14.41,14.4,14.39,14.38,14.37,14.36,14.35,14.34,14.33,14.32,14.43,14.44,14.45,14.46,14.47,14.48,14.49,14.5,14.52,14.53,1600,4000,7600,7900,2700,7200,4700,800,9100,7500,5700,500,600,11900,1800,3100,500,300,800,2100
336.0,14.43,237400,3413273.0,14.41,14.4,14.39,14.38,14.37,14.36,14.35,14.34,14.33,14.32,14.43,14.44,14.45,14.46,14.47,14.48,14.49,14.5,14.52,14.53,2200,4000,7600,7900,2700,7200,4700,800,9100,7500,6600,500,600,11900,1800,3100,500,300,800,2100
337.0,14.43,238000,3421931.0,14.41,14.4,14.39,14.38,14.37,14.36,14.35,14.34,14.33,14.32,14.43,14.44,14.45,14.46,14.47,14.48,14.49,14.5,14.52,14.53,2500,4000,7600,7900,2700,7200,4700,800,9100,7500,6000,500,600,11900,1800,3100,500,300,800,2100
338.0,14.42,238100,3423373.0,14.41,14.4,14.39,14.38,14.37,14.36,14.35,14.34,14.33,14.32,14.42,14.43,14.44,14.45,14.46,14.47,14.48,14.49,14.5,14.52,3000,4000,7600,7900,2700,7200,4700,800,9100,7500,400,6500,500,600,11900,1800,3100,500,300,800
339.0,14.42,238100,3423373.0,14.41,14.4,14.39,14.38,14.37,14.36,14.35,14.34,14.33,14.32,14.42,14.43,14.44,14.45,14.46,14.47,14.48,14.49,14.5,14.52,4700,4000,7600,7900,2700,7200,4700,800,9100,7500,400,6500,500,200,11900,1800,3100,500,300,800
340.0,14.41,238300,3426255.0,14.41,14.4,14.39,14.38,14.37,14.36,14.35,14.34,14.33,14.32,14.42,14.43,14.44,14.45,14.46,14.47,14.48,14.49,14.5,14.52,4500,4000,7600,7900,2700,7200,4700,800,9100,7500,400,6500,500,200,11900,1800,3100,500,300,800
341.0,14.41,238300,3426255.0,14.41,14.4,14.39,14.38,14.37,14.36,14.35,14.34,14.33,14.32,14.42,14.43,14.44,14.45,14.46,14.47,14.48,14.49,14.5,14.52,4500,4000,7600,7900,2700,7200,4700,800,9100,7500,400,6500,500,200,11900,1800,3100,500,300,800
342.0,14.41,238300,3426255.0,14.41,14.4,14.39,14.38,14.37,14.36,14.35,14.34,14.33,14.32,14.42,14.43,14.44,14.45,14.46,14.47,14.48,14.49,14.5,14.52,4500,4000,7600,7900,2700,7200,4700,800,9100,7500,400,6500,500,200,11900,1800,3100,500,300,800
343.0,14.42,238900,3434903.0,14.41,14.4,14.39,14.38,14.37,14.36,14.35,14.34,14.33,14.32,14.42,14.43,14.44,14.45,14.46,14.47,14.48,14.49,14.5,14.52,4100,4000,7600,7900,2700,7200,4700,800,9100,7500,200,6500,500,200,11900,1800,3100,500,300,800
344.0,14.42,238900,3434903.0,14.41,14.4,14.39,14.38,14.37,14.36,14.35,14.34,14.33,14.32,14.42,14.43,14.44,14.45,14.46,14.47,14.48,14.49,14.5,14.52,4100,4000,7600,7900,2700,7200,4700,800,9100,7500,200,6500,500,4900,11900,1800,3100,500,300,800
345.0,14.41,239700,3446431.0,14.41,14.4,14.39,14.38,14.37,14.36,14.35,14.34,14.33,14.32,14.42,14.43,14.44,14.45,14.46,14.47,14.48,14.49,14.5,14.52,3300,4000,7600,7900,2700,7200,4700,800,9100,7500,200,6500,500,4900,11900,1800,3100,500,300,800
346.0,14.41,239700,3446431.0,14.41,14.4,14.39,14.38,14.37,14.36,14.35,14.34,14.33,14.32,14.42,14.43,14.44,14.45,14.46,14.47,14.48,14.49,14.5,14.52,3300,4000,7600,7900,2700,7200,4700,800,9100,7500,500,6500,500,4900,11900,1800,3100,500,300,800
347.0,14.41,240000,3450754.0,14.41,14.4,14.39,14.38,14.37,14.36,14.35,14.34,14.33,14.32,14.42,14.43,14.44,14.45,14.46,14.47,14.48,14.49,14.5,14.52,3000,4000,7600,7900,2700,7200,4700,800,9100,7500,500,6500,500,4900,11900,1800,3100,500,300,800
348.0,14.41,243000,3493984.0,14.4,14.39,14.38,14.37,14.36,14.35,14.34,14.33,14.32,14.31,14.41,14.42,14.43,14.44,14.45,14.46,14.47,14.48,14.49,14.5,13100,7600,7900,2700,7200,4700,800,9100,7500,12300,300,500,6500,500,4900,11900,1800,3100,500,300
349.0,14.42,244000,3508399.0,14.42,14.41,14.4,14.39,14.38,14.37,14.36,14.35,14.34,14.33,14.43,14.44,14.45,14.46,14.47,14.48,14.49,14.5,14.52,14.53,200,300,14100,7600,7900,2700,7200,4700,800,9100,6500,500,4900,11900,1800,3100,500,300,800,2100
350.0,14.42,244100,3509841.0,14.42,14.41,14.4,14.39,14.38,14.37,14.36,14.35,14.34,14.33,14.43,14.44,14.45,14.46,14.47,14.48,14.49,14.5,14.52,14.53,100,400,14100,7600,7900,2700,7200,4700,800,9100,6400,500,4900,11900,1800,3100,500,300,800,2100
351.0,14.42,244100,3509841.0,14.42,14.41,14.4,14.39,14.38,14.37,14.36,14.35,14.34,14.33,14.43,14.44,14.45,14.46,14.47,14.48,14.49,14.5,14.52,14.53,100,400,14100,7600,7900,2700,7200,4700,800,9100,6400,500,4900,11900,1800,3100,500,300,800,2100
352.0,14.43,244700,3518499.0,14.42,14.41,14.4,14.39,14.38,14.37,14.36,14.35,14.34,14.33,14.43,14.44,14.45,14.46,14.47,14.48,14.49,14.5,14.52,14.53,100,400,14100,7600,7900,2700,7200,4700,800,9100,5800,500,4900,11900,1800,3100,500,300,800,2100
353.0,14.43,244700,3518499.0,14.42,14.41,14.4,14.39,14.38,14.37,14.36,14.35,14.34,14.33,14.43,14.44,14.45,14.46,14.47,14.48,14.49,14.5,14.52,14.53,200,400,14200,7600,7900,2700,7200,4700,800,9100,5800,500,4900,11900,1800,3100,500,300,800,2100
354.0,14.43,244700,3518499.0,14.42,14.41,14.4,14.39,14.38,14.37,14.36,14.35,14.34,14.33,14.43,14.44,14.45,14.46,14.47,14.48,14.49,14.5,14.52,14.53,200,400,14200,7600,7900,2700,7200,4700,800,9100,5800,500,4900,11900,1800,3100,500,300,800,2100
355.0,14.43,244700,3518499.0,14.42,14.41,14.4,14.39,14.38,14.37,14.36,14.35,14.34,14.33,14.43,14.44,14.45,14.46,14.47,14.48,14.49,14.5,14.52,14.53,200,400,14200,7600,7900,2700,7200,4700,800,9100,5800,500,200,11900,1800,3100,500,300,800,2100
356.0,14.41,245400,3528588.0,14.4,14.39,14.38,14.37,14.36,14.35,14.34,14.33,14.32,14.31,14.41,14.43,14.44,14.45,14.46,14.47,14.48,14.49,14.5,14.52,14200,7600,7900,2700,7200,4700,800,9100,7500,12300,17100,5800,500,200,11900,1800,3100,500,300,800
357.0,14.4,247300,3555948.0,14.4,14.39,14.38,14.37,14.36,14.35,14.34,14.33,14.32,14.31,14.41,14.43,14.44,14.45,14.46,14.47,14.48,14.49,14.5,14.52,12800,7600,7900,2700,7200,4700,800,9100,7500,12300,17800,5800,500,200,11900,1800,3100,500,300,800
358.0,14.4,247300,3555948.0,14.4,14.39,14.38,14.37,14.36,14.35,14.34,14.33,14.32,14.31,14.41,14.43,14.44,14.45,14.46,14.47,14.48,14.49,14.5,14.52,12800,7600,7900,2700,7200,4700,800,9100,7500,12300,17800,5800,3500,200,11900,1800,3100,500,300,800
359.0,14.41,248800,3577563.0,14.4,14.39,14.38,14.37,14.36,14.35,14.34,14.33,14.32,14.31,14.41,14.43,14.44,14.45,14.46,14.47,14.48,14.49,14.5,14.52,12800,7600,7900,2700,7200,4700,800,9100,7500,12300,16300,5800,3500,200,11900,1800,3100,500,300,800
360.0,14.4,249700,3590523.0,14.4,14.39,14.38,14.37,14.36,14.35,14.34,14.33,14.32,14.31,14.41,14.42,14.43,14.44,14.45,14.46,14.47,14.48,14.49,14.5,15000,7600,7900,2700,7200,4700,800,9100,7500,12300,16300,6700,5800,3500,200,11900,1800,3100,500,300
361.0,14.4,249700,3590523.0,14.4,14.39,14.38,14.37,14.36,14.35,14.34,14.33,14.32,14.31,14.41,14.42,14.43,14.44,14.45,14.46,14.47,14.48,14.49,14.5,15000,7600,7900,2700,7200,4700,800,9100,7500,12300,16300,6700,5800,3500,200,11900,1800,3100,500,300
362.0,14.41,250800,3606374.0,14.4,14.39,14.38,14.37,14.36,14.35,14.34,14.33,14.32,14.31,14.41,14.42,14.43,14.44,14.45,14.46,14.47,14.48,14.49,14.5,15000,7600,7900,2700,7200,4700,800,9100,7500,12300,15200,6700,5800,3500,200,11900,1800,3100,500,300
363.0,14.4,256600,3689894.0,14.4,14.39,14.38,14.37,14.36,14.35,14.34,14.33,14.32,14.31,14.41,14.42,14.43,14.44,14.45,14.46,14.47,14.48,14.49,14.5,9200,7600,7900,2700,7200,4700,800,9100,7500,12300,15200,6700,5800,3500,200,11900,1800,3100,500,300
364.0,14.4,257100,3697094.0,14.4,14.39,14.38,14.37,14.36,14.35,14.34,14.33,14.32,14.31,14.41,14.42,14.43,14.44,14.45,14.46,14.47,14.48,14.49,14.5,8700,7600,7700,2700,7200,5200,800,9100,7500,12300,15200,6700,5800,3500,200,11900,1800,3100,500,300
365.0,14.4,257200,3698534.0,14.4,14.39,14.38,14.37,14.36,14.35,14.34,14.33,14.32,14.31,14.41,14.42,14.43,14.44,14.45,14.46,14.47,14.48,14.49,14.5,8600,7600,7700,2700,7200,5200,800,9100,7500,12300,15200,6700,5800,3500,200,11900,1800,3100,500,300
366.0,14.4,258900,3723020.0,14.4,14.39,14.38,14.37,14.36,14.35,14.34,14.33,14.32,14.31,14.41,14.42,14.43,14.44,14.45,14.46,14.47,14.48,14.49,14.5,7500,7600,7700,2700,7200,5200,800,9100,7500,12300,14600,6700,5800,3500,200,11900,1800,3100,500,300
367.0,14.4,259800,3735980.0,14.4,14.39,14.38,14.37,14.36,14.35,14.34,14.33,14.32,14.31,14.41,14.42,14.43,14.44,14.45,14.46,14.47,14.48,14.49,14.5,6600,7600,7700,2700,7200,5200,800,9100,7500,12300,14600,6700,5800,3500,200,11900,1800,3100,500,300
368.0,14.4,266400,3831020.0,14.39,14.38,14.37,14.36,14.35,14.34,14.33,14.32,14.31,14.3,14.4,14.41,14.42,14.43,14.44,14.45,14.46,14.47,14.48,14.49,7600,7700,2700,7200,5200,800,9100,7500,12300,1900,4000,14600,6700,5800,3500,200,11900,1800,3100,500
369.0,14.39,266500,3832459.0,14.39,14.38,14.37,14.36,14.35,14.34,14.33,14.32,14.31,14.3,14.4,14.41,14.42,14.43,14.44,14.45,14.46,14.47,14.48,14.49,7500,7700,2700,7200,5200,800,9100,7600,12300,1900,4000,14600,6700,5800,3500,200,11900,1800,3100,500
370.0,14.39,267200,3842532.0,14.39,14.38,14.37,14.36,14.35,14.34,14.33,14.32,14.31,14.3,14.4,14.41,14.42,14.43,14.44,14.45,14.46,14.47,14.48,14.49,6800,7700,2700,7200,5200,800,9100,7600,12300,1900,4000,14600,6700,5800,3500,200,6900,1800,3100,500
371.0,14.39,267200,3842532.0,14.39,14.38,14.37,14.36,14.35,14.34,14.33,14.32,14.31,14.3,14.4,14.41,14.42,14.43,14.44,14.45,14.46,14.47,14.48,14.49,6800,7700,2700,7200,5200,800,9100,7600,12300,1900,4000,14600,6700,5800,3500,200,6900,1800,3100,500
372.0,14.39,267200,3842532.0,14.39,14.38,14.37,14.36,14.35,14.34,14.33,14.32,14.31,14.3,14.4,14.41,14.42,14.43,14.44,14.45,14.46,14.47,14.48,14.49,6800,7700,2700,7200,5200,800,9100,7600,12300,1900,4000,14600,6700,5800,3500,200,6900,1800,3100,500
373.0,14.39,268000,3854044.0,14.39,14.38,14.37,14.36,14.35,14.34,14.33,14.32,14.31,14.3,14.4,14.41,14.42,14.43,14.44,14.45,14.46,14.47,14.48,14.49,6000,7700,2700,7200,5200,800,9100,7600,12300,1900,3800,14600,2600,5800,3500,200,6900,1800,3100,500
374.0,14.4,268300,3858364.0,14.39,14.38,14.37,14.36,14.35,14.34,14.33,14.32,14.31,14.3,14.4,14.41,14.42,14.43,14.44,14.45,14.46,14.47,14.48,14.49,6000,7700,2700,7200,5200,800,9100,7600,12300,1900,3500,14600,2600,5800,3500,200,6900,1800,3100,500
375.0,14.4,268300,3858364.0,14.39,14.38,14.37,14.36,14.35,14.34,14.33,14.32,14.31,14.3,14.4,14.41,14.42,14.43,14.44,14.45,14.46,14.47,14.48,14.49,6000,7700,2700,7200,5200,800,9100,7600,12300,1900,3600,14600,2600,5800,3500,200,6900,1800,3100,500
376.0,14.4,268300,3858364.0,14.39,14.37,14.36,14.35,14.34,14.33,14.32,14.31,14.3,14.28,14.4,14.41,14.42,14.43,14.44,14.45,14.46,14.47,14.48,14.49,6000,2700,7200,5200,800,9100,7600,12300,1900,10300,3600,14600,2600,5800,3500,200,6900,1800,3100,500
377.0,14.39,269200,3871317.0,14.39,14.37,14.36,14.35,14.34,14.33,14.32,14.31,14.3,14.28,14.4,14.41,14.42,14.43,14.44,14.45,14.46,14.47,14.48,14.49,5300,2700,7200,5200,800,9100,7600,12300,1900,10300,3400,14600,2600,5800,3500,200,6900,1800,3100,500
378.0,14.39,270200,3885707.0,14.39,14.37,14.36,14.35,14.34,14.33,14.32,14.31,14.3,14.28,14.4,14.41,14.42,14.43,14.44,14.45,14.46,14.47,14.48,14.49,4300,2700,7200,5200,800,9100,7600,12300,1900,10300,3400,14600,2600,5800,3500,200,6900,1800,3100,500
379.0,14.39,270200,3885707.0,14.39,14.37,14.36,14.35,14.34,14.33,14.32,14.31,14.3,14.28,14.4,14.41,14.42,14.43,14.44,14.45,14.46,14.47,14.48,14.49,4300,2700,7200,5200,800,9100,7600,12300,1900,10300,3400,14600,2600,5800,3500,200,6900,1800,3100,500
380.0,14.4,272000,3911611.0,14.39,14.37,14.36,14.35,14.34,14.33,14.32,14.31,14.3,14.28,14.4,14.41,14.42,14.43,14.44,14.45,14.46,14.47,14.48,14.49,2700,2700,7200,5200,800,9100,7600,12300,1900,10300,3400,14600,2600,5800,3500,200,6900,1800,3100,500
381.0,14.4,272300,3915931.0,14.39,14.37,14.36,14.35,14.34,14.33,14.32,14.31,14.3,14.28,14.4,14.41,14.42,14.43,14.44,14.45,14.46,14.47,14.48,14.49,2700,2700,7200,5200,800,9100,7600,12300,1900,10300,3400,14600,2600,5800,3500,200,6900,1800,3100,500
382.0,14.39,272400,3917370.0,14.39,14.37,14.36,14.35,14.34,14.33,14.32,14.31,14.3,14.28,14.4,14.41,14.42,14.43,14.44,14.45,14.46,14.47,14.48,14.49,2600,2700,7200,5200,800,9100,7600,12300,1900,10300,3400,14600,2600,5800,3500,200,6900,1800,3100,500
383.0,14.39,272600,3920248.0,14.39,14.37,14.36,14.35,14.34,14.33,14.32,14.31,14.3,14.28,14.4,14.41,14.42,14.43,14.44,14.45,14.46,14.47,14.48,14.49,2400,2700,7200,5200,800,9100,7600,12300,1900,10300,3400,14600,2600,5800,3500,200,6900,1800,3100,500
384.0,14.39,272700,3921687.0,14.39,14.37,14.36,14.35,14.34,14.33,14.32,14.31,14.3,14.28,14.4,14.41,14.42,14.43,14.44,14.45,14.46,14.47,14.48,14.49,2300,2700,7200,5200,800,9100,7600,12300,1900,10300,3400,14600,2600,5800,3500,200,6900,1800,3100,500
385.0,14.39,272700,3921687.0,14.39,14.37,14.36,14.35,14.34,14.33,14.32,14.31,14.3,14.28,14.4,14.41,14.42,14.43,14.44,14.45,14.46,14.47,14.48,14.49,2300,2700,7200,5200,800,9100,7600,12300,1900,10300,3400,14600,2600,5800,3500,200,6900,1800,3100,500
386.0,14.39,272700,3921687.0,14.39,14.38,14.37,14.36,14.35,14.34,14.33,14.32,14.31,14.3,14.4,14.41,14.42,14.43,14.44,14.45,14.46,14.47,14.48,14.49,2300,3900,2700,7200,5200,800,9100,7600,12300,1900,5100,14600,2600,5800,3500,200,6900,1800,3100,500
387.0,14.39,275000,3954784.0,14.38,14.37,14.36,14.35,14.34,14.33,14.32,14.31,14.3,14.28,14.39,14.4,14.41,14.42,14.43,14.44,14.45,14.46,14.47,14.48,3900,2700,7200,5200,800,9100,7600,12300,1900,10300,3600,5100,14600,2600,5800,3500,200,6900,1800,3100
388.0,14.39,275000,3954784.0,14.38,14.37,14.36,14.35,14.34,14.33,14.32,14.31,14.3,14.28,14.39,14.4,14.41,14.42,14.43,14.44,14.45,14.46,14.47,14.48,3900,2700,7200,5200,800,9100,7600,12300,1900,10300,3600,5100,14600,2600,5800,3500,200,6900,1800,3100
389.0,14.39,276300,3973491.0,14.38,14.37,14.36,14.35,14.34,14.33,14.32,14.31,14.3,14.28,14.39,14.4,14.41,14.42,14.43,14.44,14.45,14.46,14.47,14.48,3900,2700,7200,5200,800,9100,7600,12300,1900,10300,2300,5100,14600,2600,5800,3500,200,6900,1800,3100
390.0,14.39,276400,3974930.0,14.38,14.37,14.36,14.35,14.34,14.33,14.32,14.31,14.3,14.28,14.39,14.4,14.41,14.42,14.43,14.44,14.45,14.46,14.47,14.48,3900,2700,7200,5200,800,9100,7600,12300,1900,10300,2200,5100,14600,2600,5800,3500,200,6900,1800,3100
391.0,14.38,277300,3987872.0,14.38,14.37,14.36,14.35,14.34,14.33,14.32,14.31,14.3,14.28,14.39,14.4,14.41,14.42,14.43,14.44,14.45,14.46,14.47,14.48,3000,2700,7200,5200,800,9100,7600,12300,1900,10300,2200,5100,14600,2600,5800,3500,200,6900,1800,3100
392.0,14.39,279300,4016646.0,14.38,14.37,14.36,14.35,14.34,14.33,14.32,14.31,14.3,14.28,14.39,14.4,14.41,14.42,14.43,14.44,14.45,14.46,14.47,14.48,2400,2700,7200,5200,800,9100,7600,12300,1900,10300,800,5200,14600,2600,5800,3500,200,6900,1800,3100
393.0,14.39,280400,4032475.0,14.38,14.37,14.36,14.35,14.34,14.33,14.32,14.31,14.3,14.28,14.39,14.4,14.41,14.42,14.43,14.44,14.45,14.46,14.47,14.48,2400,2700,7200,5200,800,9100,7600,12300,1900,10300,600,5200,14600,2600,5800,3500,200,6900,1800,3100
394.0,14.39,280400,4032475.0,14.38,14.37,14.36,14.35,14.34,14.33,14.32,14.31,14.3,14.28,14.39,14.4,14.41,14.42,14.43,14.44,14.45,14.46,14.47,14.48,2400,2700,7200,5200,800,9100,7600,12300,1900,10300,600,5200,14600,2600,5800,3500,200,6900,1800,3100
395.0,14.39,280400,4032475.0,14.38,14.37,14.36,14.35,14.34,14.33,14.32,14.31,14.3,14.28,14.39,14.4,14.41,14.42,14.43,14.44,14.45,14.46,14.47,14.48,2400,2700,7200,5200,800,9100,7600,12300,1900,10300,600,5400,14600,2600,5800,3500,200,6900,1800,3100
396.0,14.39,280700,4036792.0,14.38,14.37,14.36,14.35,14.34,14.33,14.32,14.31,14.3,14.28,14.39,14.4,14.41,14.42,14.43,14.44,14.45,14.46,14.47,14.48,2400,2700,7200,5200,800,9100,7600,12300,1900,10300,300,5400,14600,2600,5800,3500,200,6900,1800,3100
397.0,14.39,280700,4036792.0,14.38,14.37,14.36,14.35,14.34,14.33,14.32,14.31,14.3,14.28,14.39,14.4,14.41,14.42,14.43,14.44,14.45,14.46,14.47,14.48,2400,2700,7200,5200,800,9100,7600,12300,1900,10300,300,5400,14600,2600,5800,3500,200,6900,1800,3100
398.0,14.39,280700,4036792.0,14.38,14.37,14.36,14.35,14.34,14.33,14.32,14.31,14.3,14.28,14.39,14.4,14.41,14.42,14.43,14.44,14.45,14.46,14.47,14.48,2400,2700,7200,5200,800,9100,7600,12300,1900,10300,300,5900,14600,2600,5800,3500,200,6900,1800,3100
399.0,14.39,280700,4036792.0,14.38,14.37,14.36,14.35,14.34,14.33,14.32,14.31,14.3,14.28,14.39,14.4,14.41,14.42,14.43,14.44,14.45,14.46,14.47,14.48,2400,2700,7200,5200,800,9100,7600,12300,1900,10300,300,5900,14600,2600,5800,3500,200,6900,1800,3100
400.0,14.38,281500,4048296.0,14.38,14.37,14.36,14.35,14.34,14.33,14.32,14.31,14.3,14.28,14.39,14.4,14.41,14.42,14.43,14.44,14.45,14.46,14.47,14.48,1600,2700,7200,5200,800,9100,7600,12300,1900,10300,300,5900,14600,2600,5800,3500,200,6900,1800,3100
401.0,14.38,281500,4048296.0,14.38,14.37,14.36,14.35,14.34,14.33,14.32,14.31,14.3,14.28,14.39,14.4,14.41,14.42,14.43,14.44,14.45,14.46,14.47,14.48,1600,2200,7200,5200,800,9100,7600,12300,1900,10300,3800,22700,14600,2600,5800,3500,200,6900,1800,3100
402.0,14.38,281500,4048296.0,14.38,14.37,14.36,14.35,14.34,14.33,14.32,14.31,14.3,14.28,14.39,14.4,14.41,14.42,14.43,14.44,14.45,14.46,14.47,14.48,1600,2200,7200,5200,800,9100,7600,12300,1900,10300,3800,22700,14600,2600,5800,3500,200,6900,1800,3100
403.0,14.38,283400,4075621.0,14.37,14.36,14.35,14.34,14.33,14.32,14.31,14.3,14.28,14.27,14.38,14.39,14.4,14.41,14.42,14.43,14.44,14.45,14.46,14.47,2200,7200,5200,800,9100,7600,12300,1900,10300,2500,400,3500,22700,14600,2600,5800,3500,200,6900,1800
404.0,14.37,283800,4081369.0,14.37,14.36,14.35,14.34,14.33,14.32,14.31,14.3,14.28,14.27,14.38,14.39,14.4,14.41,14.42,14.43,14.44,14.45,14.46,14.47,1800,7200,6200,800,9100,7600,12300,1900,10300,2500,2100,3700,22500,14600,2600,5800,3500,200,6900,1800
405.0,14.38,284200,4087121.0,14.37,14.36,14.35,14.34,14.33,14.32,14.31,14.3,14.28,14.27,14.38,14.39,14.4,14.41,14.42,14.43,14.44,14.45,14.46,14.47,1800,7200,6200,800,9100,7600,12300,2900,10300,2500,1700,3700,22500,14600,2600,5800,3500,200,6900,1800
406.0,14.38,284200,4087121.0,14.37,14.36,14.35,14.34,14.33,14.32,14.31,14.3,14.28,14.27,14.38,14.39,14.4,14.41,14.42,14.43,14.44,14.45,14.46,14.47,1800,7200,6200,800,9100,7600,12300,2900,10300,2500,1700,3700,23000,14600,2600,5800,3500,200,6900,1800
407.0,14.38,284300,4088559.0,14.37,14.36,14.35,14.34,14.33,14.32,14.31,14.3,14.28,14.27,14.38,14.39,14.4,14.41,14.42,14.43,14.44,14.45,14.46,14.47,1800,7200,6200,800,9100,7600,12300,2900,10300,2500,1600,900,23000,14600,2600,5800,3500,200,6900,1800
408.0,14.38,284300,4088559.0,14.37,14.36,14.35,14.34,14.33,14.32,14.31,14.3,14.28,14.27,14.38,14.39,14.4,14.41,14.42,14.43,14.44,14.45,14.46,14.47,1800,7200,6200,800,9100,7100,12300,2900,10300,2500,1600,900,23000,14600,2600,5800,3500,200,6900,1800
409.0,14.38,284300,4088559.0,14.37,14.36,14.35,14.34,14.33,14.32,14.31,14.3,14.28,14.27,14.38,14.39,14.4,14.41,14.42,14.43,14.44,14.45,14.46,14.47,1800,7200,6200,800,9100,7100,12300,2900,10300,2500,1600,900,23000,14600,2600,5800,3500,200,6900,1800
410.0,14.37,286200,4115863.0,14.36,14.35,14.34,14.33,14.32,14.31,14.3,14.28,14.27,14.26,14.37,14.38,14.39,14.4,14.41,14.42,14.43,14.44,14.45,14.46,7200,6200,800,9100,7100,12300,2900,10300,2500,1000,2300,1500,900,23000,14600,2600,5800,3500,200,6900
411.0,14.36,286500,4120173.0,14.36,14.35,14.34,14.33,14.32,14.31,14.3,14.28,14.27,14.26,14.37,14.38,14.39,14.4,14.41,14.42,14.43,14.44,14.45,14.46,7100,6200,800,9100,7100,12300,2900,10300,2500,1000,4300,1500,900,23500,14600,2600,5800,3500,200,6900
412.0,14.36,291600,4193409.0,14.36,14.35,14.34,14.33,14.32,14.31,14.3,14.28,14.27,14.26,14.37,14.38,14.39,14.4,14.41,14.42,14.43,14.44,14.45,14.46,6000,6200,800,9100,7100,12300,2900,10300,2500,1000,4300,1500,900,23500,14600,2600,5800,3500,200,6900
