LocalTime,LastPrice,TradeVolume,TradeValue,BidPrice1,BidPrice2,BidPrice3,BidPrice4,BidPrice5,BidPrice6,BidPrice7,BidPrice8,BidPrice9,BidPriceA,AskPrice1,AskPrice2,AskPrice3,AskPrice4,AskPrice5,AskPrice6,AskPrice7,AskPrice8,AskPrice9,AskPriceA,BidVolume1,BidVolume2,BidVolume3,BidVolume4,BidVolume5,BidVolume6,BidVolume7,BidVolume8,BidVolume9,BidVolumeA,AskVolume1,AskVolume2,AskVolume3,AskVolume4,AskVolume5,AskVolume6,AskVolume7,AskVolume8,AskVolume9,AskVolumeA
0.0,18.25,4000,73000.0,18.8,18.75,18.71,18.7,18.68,18.66,18.65,18.62,18.55,18.54,18.94,18.95,18.99,19.04,19.05,19.08,19.15,19.16,19.18,19.19,1700,1300,1000,300,2000,1100,100,800,500,300,1000,1100,2800,1000,5000,9500,7900,1000,7100,13700
1.0,18.25,4000,73000.0,18.81,18.8,18.75,18.71,18.7,18.68,18.66,18.65,18.62,18.55,18.83,18.93,18.94,18.95,18.99,19.04,19.05,19.08,19.15,19.16,3000,8700,10300,6000,300,2000,1100,100,800,500,500,400,1000,1600,5800,6000,5000,9500,7800,1000
2.0,18.81,4200,76762.0,18.81,18.8,18.75,18.72,18.71,18.7,18.69,18.68,18.66,18.65,18.83,18.92,18.93,18.94,18.95,18.99,19.04,19.05,19.08,19.15,2800,8700,10300,2500,6000,300,700,2600,1100,100,500,5000,600,1000,1500,5800,6000,5000,9500,7800
3.0,18.81,5200,95572.0,18.81,18.8,18.75,18.72,18.71,18.7,18.69,18.68,18.66,18.65,18.83,18.92,18.93,18.94,18.95,18.99,19.04,19.05,19.08,19.15,1800,9300,10300,2500,6000,300,700,2600,1100,100,500,5000,2300,1000,1500,10800,6000,5600,9500,7800
4.0,18.81,5900,108739.0,18.81,18.8,18.75,18.72,18.71,18.7,18.69,18.68,18.66,18.65,18.83,18.91,18.92,18.93,18.94,18.95,18.99,19.04,19.05,19.08,2100,9300,10300,2500,6000,300,800,2600,1100,100,500,1000,5000,2300,1000,1500,10800,6000,5600,9500
5.0,18.81,6200,114382.0,18.81,18.8,18.75,18.72,18.71,18.7,18.69,18.68,18.66,18.65,18.83,18.91,18.92,18.93,18.94,18.95,18.99,19.04,19.05,19.08,1800,9300,10300,2500,6000,300,800,2600,1100,100,500,1000,5000,2300,1000,1500,10800,6000,5600,9500
6.0,18.81,6200,114382.0,18.81,18.8,18.75,18.72,18.71,18.7,18.69,18.68,18.66,18.65,18.83,18.91,18.92,18.93,18.94,18.95,18.99,19.04,19.05,19.08,1800,9300,10300,2500,6000,300,800,2600,1100,100,500,1000,5000,2900,1000,1500,10800,6000,5600,9500
7.0,18.83,6300,116265.0,18.81,18.8,18.75,18.72,18.71,18.7,18.69,18.68,18.66,18.65,18.83,18.91,18.92,18.93,18.94,18.95,18.99,19.04,19.05,19.08,1800,9300,10300,2500,6000,500,800,4100,1100,100,400,1000,5000,2900,1000,1500,10800,6000,5600,9500
8.0,18.83,6400,118148.0,18.81,18.8,18.75,18.72,18.71,18.7,18.69,18.68,18.66,18.65,18.83,18.91,18.92,18.93,18.94,18.95,18.99,19.04,19.05,19.08,1800,9600,10300,2500,6000,1200,800,4100,1100,1100,300,1000,5000,3100,1000,1500,10800,6000,5600,9500
9.0,18.81,7900,146363.0,18.81,18.8,18.75,18.72,18.71,18.7,18.69,18.68,18.66,18.65,18.83,18.91,18.92,18.93,18.94,18.95,18.99,19.04,19.05,19.08,300,9600,10300,2500,6000,1600,800,4100,1100,1100,300,1000,5000,3100,1000,1500,10800,6000,5600,9500
10.0,18.81,7900,146363.0,18.81,18.8,18.75,18.72,18.71,18.7,18.69,18.68,18.66,18.65,18.83,18.91,18.92,18.93,18.94,18.95,18.99,19.04,19.05,19.08,300,9600,10300,2500,6000,4100,800,4100,1100,1600,300,1000,5000,3200,1000,1500,10800,6000,5600,9500
11.0,18.8,10400,193368.0,18.8,18.75,18.72,18.71,18.7,18.69,18.68,18.66,18.65,18.64,18.81,18.83,18.91,18.92,18.93,18.94,18.95,18.97,18.99,19.04,7600,10300,2500,6000,4100,800,4100,1100,1600,200,700,400,1000,5000,3200,1000,1500,600,10800,6000
12.0,18.8,13700,255408.0,18.8,18.75,18.72,18.71,18.7,18.69,18.68,18.66,18.65,18.64,18.81,18.9,18.91,18.92,18.93,18.94,18.95,18.97,18.99,19.04,4300,10300,2500,6000,4100,800,4100,3100,1600,200,1200,4700,1000,5000,4600,1000,1500,600,10800,8000
13.0,18.75,18100,338123.0,18.75,18.72,18.71,18.7,18.69,18.68,18.66,18.65,18.64,18.62,18.79,18.8,18.81,18.9,18.91,18.92,18.93,18.94,18.95,18.97,10200,2500,6000,4100,800,4100,3100,1600,200,800,700,1500,1200,4700,1000,5000,4600,1000,1500,600
14.0,18.75,21300,398261.0,18.75,18.72,18.71,18.7,18.69,18.68,18.66,18.65,18.64,18.62,18.8,18.81,18.9,18.91,18.92,18.93,18.94,18.95,18.97,18.99,9900,2500,6000,4100,800,4100,3100,1600,200,800,1300,1600,4700,1000,5000,4600,1000,1500,600,10800
15.0,18.75,21900,409511.0,18.75,18.72,18.71,18.7,18.69,18.68,18.66,18.65,18.64,18.62,18.79,18.8,18.81,18.9,18.91,18.92,18.93,18.94,18.95,18.97,9300,2500,6000,4100,800,4100,3100,1600,200,800,600,800,1200,4700,1000,5000,4400,1000,1500,600
16.0,18.75,23200,433886.0,18.75,18.72,18.71,18.7,18.69,18.68,18.66,18.65,18.64,18.62,18.79,18.8,18.81,18.9,18.91,18.92,18.93,18.94,18.95,18.97,8000,2500,6000,4100,800,4100,3100,1600,200,800,600,800,1200,4700,1000,5000,4400,1000,1500,600
17.0,18.75,28400,531386.0,18.75,18.72,18.71,18.7,18.69,18.68,18.66,18.65,18.64,18.62,18.77,18.78,18.79,18.8,18.81,18.9,18.91,18.92,18.93,18.94,2800,2500,6000,4100,800,4100,3100,1600,200,800,1800,500,1000,800,1200,4700,1000,5000,4400,1000
18.0,18.76,32400,606358.0,18.72,18.71,18.7,18.69,18.68,18.66,18.65,18.64,18.62,18.61,18.76,18.77,18.78,18.79,18.8,18.81,18.9,18.91,18.92,18.93,1500,6000,4100,800,4100,3100,1600,200,800,1600,1400,1800,500,1000,800,1200,4700,1000,5000,4400
19.0,18.72,32900,615718.0,18.72,18.71,18.7,18.69,18.68,18.66,18.65,18.64,18.62,18.61,18.75,18.76,18.77,18.78,18.79,18.8,18.81,18.9,18.91,18.92,1000,6000,4100,800,4100,3100,1600,200,800,1600,300,200,1800,500,1000,800,1200,4700,1000,5000
20.0,18.75,33100,619468.0,18.72,18.71,18.7,18.69,18.68,18.66,18.65,18.64,18.62,18.61,18.75,18.76,18.77,18.78,18.79,18.8,18.81,18.9,18.91,18.92,1000,6000,4100,800,4100,3100,1600,200,800,1600,100,200,1800,500,600,800,1200,4700,1000,5000
21.0,18.75,33100,619468.0,18.72,18.71,18.7,18.69,18.68,18.66,18.65,18.64,18.62,18.61,18.75,18.76,18.77,18.78,18.79,18.8,18.81,18.9,18.91,18.92,2500,6000,4100,800,14100,3100,1600,200,800,1600,100,600,1800,500,600,800,1200,4700,1000,5000
22.0,18.72,33500,626956.0,18.72,18.71,18.7,18.69,18.68,18.66,18.65,18.64,18.62,18.61,18.75,18.76,18.77,18.78,18.79,18.8,18.81,18.9,18.91,18.92,2100,6000,4100,800,14100,3100,1600,200,800,1600,100,400,1800,500,600,800,1200,4700,1000,5000
23.0,18.72,33500,626956.0,18.72,18.71,18.7,18.69,18.68,18.66,18.65,18.64,18.62,18.61,18.75,18.76,18.77,18.78,18.79,18.8,18.81,18.9,18.91,18.92,2100,6000,4100,800,14100,3100,1600,200,800,1600,1200,400,1800,500,600,800,1200,4700,1000,5000
24.0,18.71,37500,701817.0,18.71,18.7,18.69,18.68,18.66,18.65,18.64,18.62,18.61,18.58,18.72,18.75,18.76,18.77,18.78,18.79,18.8,18.81,18.9,18.91,4100,4100,800,14100,3100,1600,200,800,1600,1500,600,2100,400,1800,500,600,800,600,4700,1000
25.0,18.71,38200,714914.0,18.71,18.7,18.69,18.68,18.66,18.65,18.64,18.62,18.61,18.58,18.72,18.75,18.76,18.77,18.78,18.79,18.8,18.81,18.9,18.91,3400,4100,800,14100,3100,1600,200,800,1600,1500,600,2100,400,1800,500,600,800,600,4700,1000
26.0,18.71,38200,714914.0,18.71,18.7,18.69,18.68,18.66,18.65,18.64,18.62,18.61,18.58,18.72,18.75,18.76,18.77,18.78,18.79,18.8,18.81,18.9,18.91,3400,4100,800,14100,3100,1600,200,800,1600,1500,700,1700,400,1800,500,600,800,600,4700,1000
27.0,18.72,38900,728018.0,18.72,18.71,18.7,18.69,18.68,18.66,18.65,18.64,18.62,18.61,18.75,18.76,18.77,18.78,18.79,18.8,18.81,18.9,18.91,18.92,1100,3400,4100,800,14100,3100,1600,200,800,1600,1700,400,1800,500,600,800,300,4700,1000,5000
28.0,18.72,38900,728018.0,18.72,18.71,18.7,18.69,18.68,18.66,18.65,18.64,18.62,18.61,18.75,18.76,18.77,18.78,18.79,18.8,18.9,18.91,18.92,18.93,1100,3400,4100,800,14100,3100,1600,200,800,1600,1700,200,1800,500,600,3800,4700,1000,5000,4400
29.0,18.72,39000,729890.0,18.72,18.71,18.7,18.69,18.68,18.66,18.65,18.64,18.62,18.61,18.75,18.76,18.77,18.78,18.79,18.8,18.9,18.91,18.92,18.93,1000,3400,4100,800,14100,3100,1600,200,800,1600,1700,200,1800,500,600,3800,4700,1000,5000,4400
30.0,18.72,39500,739250.0,18.72,18.71,18.7,18.69,18.68,18.66,18.65,18.64,18.62,18.61,18.75,18.76,18.77,18.78,18.79,18.8,18.9,18.91,18.92,18.93,500,3400,4100,800,14100,3100,1600,200,800,1600,2100,200,1800,500,600,3800,4700,1000,5000,4400
31.0,18.75,39800,744872.0,18.72,18.71,18.7,18.69,18.68,18.66,18.65,18.64,18.62,18.61,18.75,18.76,18.77,18.78,18.79,18.8,18.9,18.91,18.92,18.93,400,3400,3600,800,14100,3100,1600,200,800,1600,1900,200,1800,500,600,3800,4700,1000,5000,4400
32.0,18.75,39800,744872.0,18.72,18.71,18.7,18.69,18.68,18.66,18.65,18.64,18.62,18.61,18.75,18.76,18.77,18.79,18.8,18.9,18.91,18.92,18.93,18.94,700,3400,3600,800,14100,3100,1600,200,800,1600,1900,200,1800,600,3800,4700,1000,5000,4400,1000
33.0,18.71,40700,761722.0,18.71,18.7,18.69,18.68,18.66,18.65,18.64,18.62,18.61,18.58,18.72,18.75,18.76,18.77,18.79,18.8,18.9,18.91,18.92,18.93,3300,3600,800,14100,3100,1600,200,800,1600,1500,1300,1800,200,1800,600,3800,4700,1000,5000,4400
34.0,18.72,41600,778570.0,18.71,18.7,18.69,18.68,18.66,18.65,18.64,18.62,18.61,18.58,18.72,18.75,18.76,18.77,18.79,18.8,18.9,18.91,18.92,18.93,3300,3600,800,14100,3100,1600,200,800,1600,1500,400,1800,200,1800,600,3800,4700,1000,5000,4400
35.0,18.71,41700,780441.0,18.71,18.7,18.69,18.68,18.66,18.65,18.64,18.62,18.61,18.58,18.72,18.75,18.76,18.77,18.79,18.8,18.9,18.91,18.92,18.93,3200,3600,800,14100,3100,1600,200,800,1600,1500,400,1400,200,1800,600,3800,4700,1000,5000,4400
36.0,18.72,42300,791668.0,18.71,18.7,18.69,18.68,18.66,18.65,18.64,18.62,18.61,18.58,18.72,18.75,18.76,18.77,18.79,18.8,18.9,18.91,18.92,18.93,2700,3600,800,14100,3100,1600,200,800,1600,1500,200,1400,200,1800,600,3800,4700,1000,5000,4400
37.0,18.73,42700,799158.0,18.73,18.71,18.7,18.69,18.68,18.66,18.65,18.64,18.62,18.61,18.74,18.75,18.76,18.77,18.8,18.9,18.91,18.92,18.93,18.94,200,2700,3600,800,14100,3100,1600,200,800,1600,600,2200,200,1800,3300,4700,1000,5000,4400,1000
38.0,18.72,44700,836600.0,18.71,18.7,18.69,18.68,18.66,18.65,18.64,18.62,18.61,18.58,18.72,18.73,18.74,18.75,18.76,18.77,18.8,18.9,18.91,18.92,2700,3600,800,14100,3100,1600,200,800,1600,1500,600,900,1000,1400,200,1800,3300,4700,1000,5000
39.0,18.72,47600,890862.0,18.71,18.7,18.69,18.68,18.66,18.65,18.64,18.62,18.61,18.58,18.72,18.73,18.74,18.75,18.76,18.77,18.8,18.9,18.91,18.92,100,3600,800,14100,3100,1600,200,800,1600,1500,300,1100,1000,1400,200,1800,3300,4700,1000,5000
40.0,18.72,47600,890862.0,18.71,18.7,18.69,18.68,18.66,18.65,18.64,18.62,18.61,18.58,18.72,18.73,18.74,18.75,18.76,18.77,18.8,18.9,18.91,18.92,100,3600,800,14100,3100,1600,200,800,1600,1500,300,1100,1000,1400,200,1800,3300,4700,1000,5000
41.0,18.7,51300,960053.0,18.69,18.68,18.66,18.65,18.64,18.62,18.61,18.58,18.56,18.55,18.71,18.72,18.73,18.74,18.75,18.76,18.77,18.8,18.9,18.91,800,14100,3100,1600,200,800,1600,1500,400,500,1900,300,1100,600,1400,200,1800,3300,4700,1000
42.0,18.69,51400,961922.0,18.69,18.68,18.66,18.65,18.64,18.62,18.61,18.58,18.56,18.55,18.71,18.73,18.74,18.75,18.76,18.77,18.8,18.9,18.91,18.92,700,14100,3100,1600,200,800,1600,1500,400,500,2300,400,600,1400,200,1800,3300,4700,1000,5000
43.0,18.71,51600,965664.0,18.69,18.68,18.66,18.65,18.64,18.62,18.61,18.58,18.56,18.55,18.71,18.73,18.74,18.75,18.76,18.77,18.8,18.9,18.91,18.92,700,14100,3100,1600,200,800,1600,1500,400,500,2100,400,600,1400,200,1800,3300,4700,1000,5000
44.0,18.69,51900,971271.0,18.69,18.68,18.66,18.65,18.64,18.63,18.62,18.61,18.58,18.56,18.71,18.73,18.74,18.75,18.76,18.77,18.8,18.9,18.91,18.92,400,14100,3100,1600,200,500,800,1600,1500,400,2500,400,600,1400,200,1800,3300,4700,1000,5000
45.0,18.71,54200,1014294.0,18.68,18.66,18.65,18.64,18.63,18.62,18.61,18.58,18.56,18.55,18.71,18.73,18.74,18.75,18.76,18.77,18.8,18.9,18.91,18.92,14100,3100,1600,200,500,800,1600,1500,400,500,700,400,600,1400,200,1800,3300,4700,1000,5000
46.0,18.71,54200,1014294.0,18.68,18.66,18.65,18.64,18.63,18.62,18.61,18.58,18.56,18.55,18.71,18.73,18.74,18.75,18.76,18.77,18.8,18.9,18.91,18.92,14100,3100,1600,200,500,800,1600,1500,400,500,700,400,600,1400,200,1800,3300,4700,1000,5000
47.0,18.71,54200,1014294.0,18.68,18.66,18.65,18.64,18.63,18.62,18.61,18.58,18.56,18.55,18.69,18.71,18.73,18.74,18.75,18.76,18.77,18.8,18.9,18.91,14500,3100,1600,200,500,800,1600,1500,400,500,400,700,400,600,1400,200,1800,3300,4700,1000
48.0,18.71,55800,1044222.0,18.71,18.68,18.66,18.65,18.64,18.63,18.62,18.61,18.58,18.56,18.72,18.73,18.75,18.76,18.77,18.8,18.9,18.91,18.92,18.93,200,14500,3100,1600,200,500,800,1600,1500,400,600,600,1400,200,1800,3300,4700,1000,5000,4400
49.0,18.71,56000,1047964.0,18.68,18.66,18.65,18.64,18.63,18.62,18.61,18.58,18.56,18.55,18.71,18.72,18.73,18.75,18.76,18.77,18.8,18.9,18.91,18.92,14500,3100,1600,200,500,800,1600,1500,400,500,100,800,400,1400,200,1800,3300,4700,1000,5000
50.0,18.71,56000,1047964.0,18.69,18.68,18.66,18.65,18.64,18.63,18.62,18.61,18.58,18.56,18.71,18.72,18.73,18.75,18.76,18.77,18.8,18.9,18.91,18.92,5300,14500,3100,1600,200,500,800,1600,1500,400,100,800,400,1400,200,1800,3300,4700,1000,5000
51.0,18.71,56000,1047964.0,18.69,18.68,18.66,18.65,18.64,18.63,18.62,18.61,18.58,18.56,18.71,18.72,18.73,18.75,18.76,18.77,18.8,18.9,18.91,18.92,5300,14500,3100,1600,200,500,800,1600,1500,400,100,800,400,1400,200,1800,3300,4700,1000,5000
52.0,18.69,57000,1066654.0,18.69,18.68,18.66,18.65,18.64,18.63,18.62,18.61,18.58,18.56,18.71,18.72,18.73,18.75,18.76,18.77,18.8,18.9,18.91,18.92,4300,14500,3100,1600,200,500,800,1600,1500,400,100,800,400,1400,200,1800,3300,4700,1000,5000
53.0,18.69,57800,1081606.0,18.69,18.68,18.66,18.65,18.64,18.63,18.62,18.61,18.58,18.56,18.71,18.72,18.73,18.75,18.76,18.77,18.8,18.9,18.91,18.92,3500,14500,3100,1600,200,500,800,1600,1500,400,100,800,400,1400,200,1800,3300,4700,1000,5000
54.0,18.69,57800,1081606.0,18.69,18.68,18.66,18.65,18.64,18.63,18.62,18.61,18.58,18.56,18.71,18.72,18.73,18.75,18.76,18.77,18.8,18.9,18.91,18.92,3500,14500,3100,1600,200,500,800,1600,1500,400,100,800,400,1400,200,1800,3300,4700,1000,5000
55.0,18.69,58100,1087213.0,18.69,18.68,18.66,18.65,18.64,18.63,18.62,18.61,18.58,18.56,18.71,18.72,18.73,18.75,18.76,18.77,18.8,18.9,18.91,18.92,3200,14500,4000,1600,200,500,800,1600,1500,400,200,800,400,1400,200,1800,300,4700,1000,5000
56.0,18.71,58600,1096568.0,18.69,18.68,18.66,18.65,18.64,18.63,18.62,18.61,18.58,18.56,18.71,18.72,18.73,18.75,18.76,18.77,18.8,18.9,18.91,18.92,3200,14500,4000,1600,200,500,800,1600,1500,400,100,800,400,1400,200,1800,300,4700,1000,5000
57.0,18.72,63700,1192039.0,18.72,18.69,18.68,18.66,18.65,18.64,18.63,18.62,18.61,18.58,18.73,18.75,18.76,18.77,18.8,18.9,18.91,18.92,18.93,18.94,200,3200,14500,4000,1600,200,500,800,1600,1500,400,1400,200,1800,300,4700,1000,5000,2800,1000
58.0,18.72,63900,1195783.0,18.69,18.68,18.66,18.65,18.64,18.63,18.62,18.61,18.58,18.56,18.72,18.73,18.75,18.76,18.77,18.8,18.9,18.91,18.92,18.93,5200,14500,4000,1600,200,500,800,1600,1500,400,400,400,1400,200,1800,300,4700,1000,5000,2800
59.0,18.72,64300,1203271.0,18.7,18.69,18.68,18.66,18.65,18.64,18.63,18.62,18.61,18.58,18.73,18.75,18.76,18.77,18.8,18.9,18.91,18.92,18.93,18.94,100,5200,14100,4000,1600,200,500,800,1600,1500,400,1400,200,1800,300,4700,1000,5000,2800,1000
60.0,18.72,64300,1203271.0,18.71,18.7,18.69,18.68,18.66,18.65,18.64,18.63,18.62,18.61,18.73,18.75,18.76,18.77,18.8,18.9,18.91,18.92,18.93,18.94,600,100,5200,14100,4000,1600,200,500,800,1600,400,1400,200,1800,300,4700,1000,5000,2800,1000
61.0,18.71,64900,1214497.0,18.7,18.69,18.68,18.66,18.65,18.64,18.63,18.62,18.61,18.58,18.71,18.73,18.75,18.76,18.77,18.8,18.9,18.91,18.92,18.93,100,5200,14100,4000,1600,200,500,800,1600,1500,100,400,1400,200,1800,300,4700,1000,5000,2800
62.0,18.69,65300,1221974.0,18.69,18.68,18.66,18.65,18.64,18.63,18.62,18.61,18.58,18.56,18.71,18.72,18.73,18.75,18.76,18.77,18.8,18.9,18.91,18.92,4900,14100,4000,1600,200,500,800,1600,1500,400,100,400,400,1400,200,1800,300,4700,1000,5000
63.0,18.7,65700,1229454.0,18.7,18.69,18.68,18.66,18.65,18.64,18.63,18.62,18.61,18.58,18.71,18.72,18.73,18.75,18.76,18.77,18.8,18.9,18.91,18.92,600,4900,14100,4000,1800,200,500,800,1600,1500,100,700,400,1400,200,1800,300,4700,1000,5000
64.0,18.7,66300,1240674.0,18.69,18.68,18.66,18.65,18.64,18.63,18.62,18.61,18.58,18.56,18.71,18.72,18.73,18.75,18.76,18.77,18.8,18.9,18.91,18.92,4900,14100,4000,1800,200,500,800,1600,1500,400,100,900,400,1400,200,1800,300,4700,1000,5000
65.0,18.7,68000,1272449.0,18.69,18.68,18.66,18.65,18.64,18.63,18.62,18.61,18.58,18.56,18.7,18.71,18.72,18.73,18.75,18.76,18.77,18.8,18.9,18.91,3400,14100,4000,1800,200,500,800,1600,1500,400,800,1500,900,400,1400,200,1800,300,4700,1000
66.0,18.69,70800,1324781.0,18.69,18.68,18.66,18.65,18.64,18.63,18.62,18.61,18.58,18.56,18.7,18.71,18.72,18.73,18.75,18.76,18.77,18.8,18.9,18.91,600,14100,4000,2800,200,500,800,1600,1500,400,1200,1500,800,400,1400,200,1800,300,4700,1000
67.0,18.7,70900,1326651.0,18.69,18.68,18.66,18.65,18.64,18.63,18.62,18.61,18.58,18.56,18.7,18.71,18.72,18.73,18.75,18.76,18.77,18.8,18.9,18.91,600,14100,4000,2800,200,500,800,1600,1500,400,1100,1500,800,400,1400,200,1800,300,4700,1000
68.0,18.68,72100,1349073.0,18.68,18.66,18.65,18.64,18.63,18.62,18.61,18.58,18.56,18.55,18.69,18.7,18.71,18.72,18.73,18.75,18.76,18.77,18.8,18.9,13500,4000,2800,200,500,800,1600,1500,400,500,4100,1100,1500,800,400,1400,200,1800,300,4700
69.0,18.68,74300,1390169.0,18.68,18.66,18.65,18.64,18.63,18.62,18.61,18.6,18.58,18.56,18.69,18.7,18.71,18.72,18.73,18.74,18.75,18.76,18.77,18.8,11300,4000,2800,200,500,800,1600,200,1500,400,4400,1100,1500,800,400,3000,1400,200,1800,300
70.0,18.68,79600,1489173.0,18.68,18.66,18.65,18.64,18.63,18.62,18.61,18.6,18.58,18.56,18.69,18.7,18.71,18.72,18.73,18.74,18.75,18.76,18.77,18.8,6000,4000,2800,200,500,800,1600,200,1500,400,4600,1100,1500,800,400,3000,1400,200,1800,300
71.0,18.68,98700,1845965.0,18.68,18.66,18.65,18.64,18.63,18.62,18.61,18.6,18.58,18.56,18.69,18.71,18.72,18.73,18.74,18.75,18.76,18.77,18.8,18.9,3300,4000,2800,200,500,800,1600,200,1500,400,4200,1500,700,400,3000,1400,200,1800,300,4700
72.0,18.68,103000,1926299.0,18.66,18.65,18.64,18.63,18.62,18.61,18.6,18.58,18.56,18.55,18.68,18.69,18.71,18.72,18.73,18.74,18.75,18.76,18.77,18.8,4000,2800,200,500,800,1600,200,1500,400,500,33600,3200,1500,700,400,3000,1400,200,1800,300
73.0,18.66,103800,1941235.0,18.66,18.65,18.64,18.63,18.62,18.61,18.6,18.58,18.56,18.55,18.68,18.69,18.7,18.71,18.72,18.73,18.74,18.75,18.76,18.77,3600,2800,200,500,800,1600,200,1500,400,500,34200,2800,2200,1500,700,400,3000,1400,200,1800
74.0,18.68,105200,1967387.0,18.66,18.65,18.64,18.63,18.62,18.61,18.6,18.58,18.57,18.56,18.68,18.69,18.7,18.71,18.72,18.73,18.74,18.75,18.76,18.77,4000,2300,200,500,800,1600,200,1500,900,400,36000,2900,2200,1500,700,400,3000,1400,200,1800
75.0,18.68,106400,1989803.0,18.66,18.65,18.64,18.63,18.62,18.61,18.6,18.58,18.57,18.56,18.68,18.69,18.7,18.71,18.72,18.73,18.74,18.75,18.76,18.77,4000,2300,200,500,800,1600,200,1500,900,400,34800,2900,2200,1500,700,400,3000,1400,200,1800
76.0,18.68,106400,1989803.0,18.66,18.65,18.64,18.63,18.62,18.61,18.6,18.58,18.57,18.56,18.68,18.69,18.7,18.71,18.72,18.73,18.74,18.75,18.76,18.77,4000,2300,200,500,800,1600,200,1500,900,400,34800,2900,2200,1500,700,400,3000,1400,200,1800
77.0,18.68,109400,2045843.0,18.66,18.65,18.64,18.63,18.62,18.61,18.6,18.58,18.57,18.56,18.68,18.69,18.7,18.71,18.72,18.73,18.74,18.75,18.76,18.77,5400,2300,200,500,800,1600,200,1500,900,400,31800,2500,2200,1500,700,400,3000,1400,200,1800
78.0,18.68,116200,2172850.0,18.66,18.65,18.64,18.63,18.62,18.61,18.6,18.58,18.57,18.56,18.68,18.69,18.7,18.71,18.72,18.73,18.74,18.75,18.76,18.77,5800,2300,200,500,800,1600,200,1500,900,400,27400,2500,2200,1500,700,400,3000,1400,200,1800
79.0,18.68,119200,2228890.0,18.66,18.65,18.64,18.63,18.62,18.61,18.6,18.58,18.57,18.56,18.68,18.69,18.7,18.71,18.72,18.73,18.74,18.75,18.76,18.77,5800,2300,200,500,800,1600,200,1500,900,400,24400,2500,2200,1500,700,400,3000,1400,200,1800
80.0,18.69,144800,2707095.0,18.68,18.66,18.65,18.64,18.63,18.62,18.61,18.6,18.58,18.57,18.69,18.7,18.71,18.72,18.73,18.74,18.75,18.76,18.77,18.8,2900,5100,2300,200,500,800,1600,200,1500,900,1800,2200,1500,700,400,3000,1400,200,1800,300
81.0,18.69,145400,2718309.0,18.68,18.66,18.65,18.64,18.63,18.62,18.61,18.6,18.58,18.57,18.69,18.7,18.71,18.72,18.73,18.74,18.75,18.76,18.77,18.8,5000,5100,2300,200,500,800,1600,200,1500,900,1200,2200,1500,700,400,3000,1400,200,1800,300
82.0,18.69,145400,2718309.0,18.68,18.66,18.65,18.64,18.63,18.62,18.61,18.6,18.58,18.57,18.69,18.7,18.71,18.72,18.73,18.74,18.75,18.76,18.77,18.8,5000,5100,2300,200,500,800,1600,200,1500,900,1200,2200,1500,700,400,3000,1400,200,1800,300
83.0,18.69,146800,2744472.0,18.68,18.66,18.65,18.64,18.63,18.62,18.61,18.6,18.58,18.57,18.69,18.7,18.71,18.72,18.73,18.74,18.75,18.76,18.77,18.8,4800,5100,2300,200,500,800,1600,200,1500,900,100,2200,1500,700,400,3000,1400,200,1800,300
84.0,18.69,146900,2746341.0,18.69,18.68,18.66,18.65,18.64,18.63,18.62,18.61,18.6,18.58,18.7,18.71,18.72,18.73,18.74,18.75,18.76,18.77,18.8,18.9,100,34800,4900,2300,200,500,800,1600,200,1500,2200,1500,700,400,3000,1400,200,1800,300,4700
85.0,18.69,146900,2746341.0,18.69,18.68,18.66,18.65,18.64,18.63,18.62,18.61,18.6,18.58,18.7,18.71,18.72,18.73,18.74,18.75,18.76,18.77,18.8,18.9,100,34800,4900,2300,200,500,800,1600,200,1500,2200,1500,700,400,3000,1400,200,1800,300,4700
86.0,18.7,147700,2761301.0,18.68,18.66,18.65,18.64,18.63,18.62,18.61,18.6,18.58,18.57,18.7,18.71,18.72,18.73,18.74,18.75,18.76,18.77,18.8,18.9,34800,4900,2300,200,500,800,1600,200,1500,900,1400,1500,700,400,3000,1400,200,1800,300,4700
87.0,18.68,148300,2772511.0,18.69,18.68,18.66,18.65,18.64,18.63,18.62,18.61,18.6,18.58,18.7,18.71,18.72,18.73,18.74,18.75,18.76,18.77,18.8,18.9,400,34200,4900,2300,200,500,800,1600,200,1500,1300,1500,700,400,3000,1400,200,1800,300,4700
88.0,18.7,148400,2774381.0,18.69,18.68,18.66,18.65,18.64,18.63,18.62,18.61,18.6,18.58,18.7,18.71,18.72,18.73,18.74,18.75,18.76,18.77,18.8,18.9,400,34200,4900,2300,200,500,800,1600,200,1500,1200,1500,700,400,3000,1400,200,1800,300,4700
89.0,18.7,148400,2774381.0,18.69,18.68,18.66,18.65,18.64,18.63,18.62,18.61,18.6,18.58,18.7,18.71,18.72,18.73,18.74,18.75,18.76,18.77,18.8,18.9,400,34200,4900,2300,200,500,800,1600,200,1500,1200,1500,700,400,3000,1400,200,1800,300,4700
90.0,18.7,148500,2776251.0,18.69,18.68,18.66,18.65,18.64,18.63,18.62,18.61,18.6,18.58,18.7,18.71,18.72,18.73,18.74,18.75,18.76,18.77,18.8,18.9,400,34200,4900,2300,200,500,800,1600,200,1500,1100,1500,700,400,3000,1400,200,1800,300,4700
91.0,18.7,149000,2785601.0,18.69,18.68,18.66,18.65,18.64,18.63,18.62,18.61,18.6,18.58,18.7,18.71,18.72,18.73,18.74,18.75,18.76,18.77,18.8,18.9,400,34200,4900,2300,200,500,800,1600,200,1500,600,1500,700,400,3000,1400,200,1800,300,4700
92.0,18.7,149000,2785601.0,18.69,18.68,18.66,18.65,18.64,18.63,18.62,18.61,18.6,18.58,18.7,18.71,18.72,18.73,18.74,18.75,18.76,18.77,18.8,18.9,400,34200,3500,2300,200,500,800,1600,200,1500,600,1500,700,400,3000,1400,200,1800,300,4700
93.0,18.7,149000,2785601.0,18.69,18.68,18.66,18.65,18.64,18.63,18.62,18.61,18.6,18.58,18.7,18.71,18.72,18.73,18.74,18.75,18.76,18.77,18.8,18.9,400,34200,3500,2300,200,500,800,1600,200,1500,600,1500,700,400,3000,1400,200,1800,300,4700
94.0,18.7,149100,2787471.0,18.69,18.68,18.66,18.65,18.64,18.63,18.62,18.61,18.6,18.58,18.7,18.71,18.72,18.73,18.74,18.75,18.76,18.77,18.8,18.9,500,34200,3500,2300,200,500,800,4000,200,1500,500,1500,700,400,3000,1400,200,1800,300,4700
95.0,18.7,149100,2787471.0,18.69,18.68,18.66,18.65,18.64,18.63,18.62,18.61,18.6,18.58,18.7,18.71,18.72,18.73,18.74,18.75,18.76,18.77,18.8,18.9,500,34200,3500,2300,200,500,800,4000,200,1500,500,1500,700,400,3000,1400,200,1800,300,4700
96.0,18.7,149100,2787471.0,18.69,18.68,18.66,18.65,18.64,18.63,18.62,18.61,18.6,18.58,18.7,18.71,18.72,18.73,18.74,18.75,18.76,18.77,18.8,18.9,1500,34200,3500,2300,600,500,800,4000,200,1500,500,1500,700,400,3000,1400,200,1800,300,4700
97.0,18.7,149100,2787471.0,18.69,18.68,18.66,18.65,18.64,18.63,18.62,18.61,18.6,18.58,18.7,18.71,18.72,18.73,18.74,18.75,18.76,18.77,18.8,18.9,1700,34200,3500,2300,600,500,800,4000,200,1500,500,1500,700,400,3000,1400,200,1800,300,4700
98.0,18.7,149600,2796821.0,18.7,18.69,18.68,18.66,18.65,18.64,18.63,18.62,18.61,18.6,18.71,18.72,18.73,18.74,18.75,18.76,18.77,18.8,18.9,18.91,1000,1700,34200,3500,2300,600,500,800,4000,200,100,700,400,3000,1400,200,1800,300,4700,1000
99.0,18.7,149600,2796821.0,18.7,18.69,18.68,18.66,18.65,18.64,18.63,18.62,18.61,18.6,18.71,18.72,18.73,18.74,18.75,18.76,18.77,18.8,18.9,18.91,1000,1700,34200,3500,2300,600,500,800,4000,200,100,700,400,3000,1400,200,1800,300,4700,1000
100.0,18.7,149600,2796821.0,18.7,18.69,18.68,18.66,18.65,18.64,18.63,18.62,18.61,18.6,18.71,18.72,18.73,18.74,18.75,18.76,18.77,18.8,18.9,18.91,1000,1700,4200,3500,2300,600,500,800,4000,200,100,700,400,3000,1400,200,1800,300,4700,1000
101.0,18.7,149600,2796821.0,18.7,18.69,18.68,18.66,18.65,18.64,18.63,18.62,18.61,18.6,18.71,18.72,18.73,18.74,18.75,18.76,18.77,18.8,18.9,18.91,1100,1700,1400,3700,2300,600,500,800,4000,200,100,1300,400,3000,1400,200,1800,300,4700,1000
102.0,18.7,149700,2798691.0,18.7,18.69,18.68,18.66,18.65,18.64,18.63,18.62,18.61,18.6,18.71,18.72,18.73,18.74,18.75,18.76,18.77,18.8,18.9,18.91,1000,6700,1400,3700,2300,600,500,800,4000,200,100,1300,400,3000,1400,200,1800,300,4700,1000
103.0,18.7,149700,2798691.0,18.7,18.69,18.68,18.66,18.65,18.64,18.63,18.62,18.61,18.6,18.71,18.72,18.73,18.74,18.75,18.76,18.77,18.8,18.9,18.91,1000,8000,1000,3700,2300,600,500,800,4000,200,100,1300,400,3000,1400,200,1800,300,4700,1000
104.0,18.7,149700,2798691.0,18.7,18.69,18.68,18.66,18.65,18.64,18.63,18.62,18.61,18.6,18.71,18.72,18.73,18.74,18.75,18.76,18.77,18.8,18.9,18.91,1000,8000,1000,3700,2300,600,500,800,4000,200,100,1300,400,3000,1400,200,1800,300,4700,1000
105.0,18.7,149700,2798691.0,18.7,18.69,18.68,18.66,18.65,18.64,18.63,18.62,18.61,18.6,18.71,18.72,18.73,18.74,18.75,18.76,18.77,18.8,18.9,18.91,1000,8000,1000,3700,2300,600,500,800,4000,200,500,1300,400,3000,1400,200,1800,300,4700,1000
106.0,18.7,149700,2798691.0,18.7,18.69,18.68,18.66,18.65,18.64,18.63,18.62,18.61,18.6,18.71,18.72,18.73,18.74,18.75,18.76,18.77,18.8,18.9,18.91,1000,8000,1000,3700,2300,600,500,800,4000,200,500,1300,400,3000,1400,200,1800,300,4700,1000
107.0,18.7,149700,2798691.0,18.7,18.69,18.68,18.66,18.65,18.64,18.63,18.62,18.61,18.6,18.71,18.72,18.73,18.74,18.75,18.76,18.77,18.8,18.9,18.91,1200,8000,1000,3700,2300,600,500,800,4000,200,500,700,400,3000,1400,200,1800,300,4700,1000
108.0,18.7,149700,2798691.0,18.7,18.69,18.68,18.66,18.65,18.64,18.63,18.62,18.61,18.6,18.71,18.72,18.73,18.74,18.75,18.76,18.77,18.8,18.9,18.91,1700,8000,1000,3700,2300,600,500,800,4000,200,500,700,400,3000,1400,200,1800,300,4700,1000
109.0,18.7,151400,2830481.0,18.69,18.68,18.66,18.65,18.64,18.63,18.62,18.61,18.6,18.58,18.7,18.71,18.72,18.73,18.74,18.75,18.76,18.77,18.8,18.9,8000,1000,3700,2500,600,500,800,4000,200,1500,3500,500,700,400,3000,1400,200,1800,300,4700
110.0,18.69,152900,2858526.0,18.69,18.68,18.66,18.65,18.64,18.63,18.62,18.61,18.6,18.58,18.7,18.71,18.72,18.73,18.74,18.75,18.76,18.77,18.8,18.9,7500,1000,3700,2500,600,500,800,4000,200,1500,2500,1100,700,400,3000,1400,200,1800,300,4700
111.0,18.7,155400,2905276.0,18.7,18.69,18.68,18.66,18.65,18.64,18.63,18.62,18.61,18.6,18.71,18.72,18.73,18.74,18.75,18.76,18.77,18.8,18.9,18.91,5500,7500,1000,3700,2500,600,500,800,4000,200,1100,700,400,3000,1400,200,1800,300,4700,1000
112.0,18.7,158200,2957636.0,18.7,18.69,18.68,18.66,18.65,18.64,18.63,18.62,18.61,18.6,18.71,18.72,18.73,18.74,18.75,18.76,18.77,18.8,18.9,18.91,2700,7500,1000,3700,2500,600,500,800,4000,200,1100,700,400,3000,1400,200,1800,300,4700,1000
113.0,18.7,158200,2957636.0,18.7,18.69,18.68,18.66,18.65,18.64,18.63,18.62,18.61,18.6,18.71,18.72,18.73,18.74,18.75,18.76,18.77,18.8,18.9,18.91,3300,7500,1000,3700,2500,600,500,800,4000,200,1100,700,400,3000,1400,200,2700,300,4700,1000
114.0,18.71,158300,2959507.0,18.7,18.69,18.68,18.66,18.65,18.64,18.63,18.62,18.61,18.6,18.71,18.72,18.73,18.74,18.75,18.76,18.77,18.8,18.9,18.91,3500,7500,1000,3700,2500,600,500,800,4000,200,1000,700,400,3000,1400,200,2700,300,4700,1000
115.0,18.71,158300,2959507.0,18.7,18.69,18.68,18.66,18.65,18.64,18.63,18.62,18.61,18.6,18.71,18.72,18.73,18.74,18.75,18.76,18.77,18.8,18.9,18.91,3500,7500,1000,3700,2500,600,500,800,4000,200,1000,700,400,3000,1400,200,2700,300,4700,1000
116.0,18.7,158600,2965117.0,18.7,18.69,18.68,18.66,18.65,18.64,18.63,18.62,18.61,18.6,18.71,18.72,18.73,18.74,18.75,18.76,18.77,18.8,18.9,18.91,3200,7500,1000,3700,2500,600,500,800,4000,200,1000,700,400,3000,1400,200,2700,300,4700,1000
117.0,18.71,158700,2966988.0,18.7,18.69,18.68,18.66,18.65,18.64,18.63,18.62,18.61,18.6,18.71,18.72,18.73,18.74,18.75,18.76,18.77,18.8,18.9,18.91,3200,7500,1000,3700,2500,600,500,800,4000,200,900,700,400,3000,1400,200,2700,300,4700,1000
118.0,18.71,159600,2983827.0,18.71,18.7,18.69,18.68,18.66,18.65,18.64,18.63,18.62,18.61,18.72,18.73,18.74,18.75,18.76,18.77,18.8,18.9,18.91,18.92,4100,3200,7500,1000,3700,2500,600,500,800,4000,700,400,3000,1400,200,2700,300,4700,1000,5000
119.0,18.71,159600,2983827.0,18.71,18.7,18.69,18.68,18.66,18.65,18.64,18.63,18.62,18.61,18.72,18.73,18.74,18.75,18.76,18.77,18.8,18.9,18.91,18.92,4100,3200,7500,1000,3700,2500,600,500,800,4000,700,400,3000,1400,200,2700,300,4700,1000,5000
120.0,18.71,159600,2983827.0,18.71,18.7,18.69,18.68,18.66,18.65,18.64,18.63,18.62,18.61,18.72,18.73,18.74,18.75,18.76,18.77,18.8,18.9,18.91,18.92,4100,3200,23500,1000,3700,2500,600,500,800,4000,700,400,3000,1400,200,2700,300,4700,1000,5000
121.0,18.71,159600,2983827.0,18.71,18.7,18.69,18.68,18.66,18.65,18.64,18.63,18.62,18.61,18.72,18.73,18.74,18.75,18.76,18.77,18.8,18.9,18.91,18.92,4100,3200,23500,1400,3700,2500,600,500,800,4000,2100,400,3000,1400,200,2700,300,4700,1000,5000
122.0,18.72,160100,2993187.0,18.71,18.7,18.69,18.68,18.66,18.65,18.64,18.63,18.62,18.61,18.72,18.73,18.74,18.75,18.76,18.77,18.8,18.9,18.91,18.92,4100,4200,23500,1400,3700,2500,600,500,800,4000,1600,400,3000,1400,200,2700,300,4700,1000,5000
123.0,18.71,160500,3000671.0,18.71,18.7,18.69,18.68,18.66,18.65,18.64,18.63,18.62,18.61,18.72,18.73,18.74,18.75,18.76,18.77,18.8,18.9,18.91,18.92,3700,4200,23500,1400,3700,2500,600,500,800,4000,1600,400,3000,1400,200,2700,300,4700,1000,5000
124.0,18.72,160600,3002543.0,18.71,18.7,18.69,18.68,18.66,18.65,18.64,18.63,18.62,18.61,18.72,18.73,18.74,18.75,18.76,18.77,18.8,18.9,18.91,18.92,3700,4200,23500,1400,3700,2500,600,500,800,4000,1500,400,3000,1400,200,2700,300,4700,1000,5000
125.0,18.72,161000,3010031.0,18.71,18.7,18.69,18.68,18.66,18.65,18.64,18.63,18.62,18.61,18.72,18.73,18.74,18.75,18.76,18.77,18.8,18.9,18.91,18.92,3700,3800,23500,1400,3700,2500,600,500,800,4000,1100,400,3000,1400,200,2700,300,4700,1000,5000
126.0,18.72,161000,3010031.0,18.71,18.7,18.69,18.68,18.66,18.65,18.64,18.63,18.62,18.61,18.72,18.73,18.74,18.75,18.76,18.77,18.8,18.9,18.91,18.92,3700,3800,23500,1400,3700,2500,600,500,800,4000,1100,400,3000,1400,200,2700,300,4700,1000,5000
127.0,18.72,161100,3011903.0,18.71,18.7,18.69,18.68,18.66,18.65,18.64,18.63,18.62,18.61,18.72,18.73,18.74,18.75,18.76,18.77,18.8,18.9,18.91,18.92,3700,3800,23500,1000,3700,2500,600,500,800,4000,1000,400,3000,1400,200,2700,300,4700,1000,5000
128.0,18.72,161100,3011903.0,18.71,18.7,18.69,18.68,18.66,18.65,18.64,18.63,18.62,18.61,18.72,18.73,18.74,18.75,18.76,18.77,18.8,18.85,18.9,18.91,4100,3800,23500,1000,3700,2500,200,500,800,4000,1000,400,3000,1400,200,2700,300,1000,4700,1000
129.0,18.72,162400,3036239.0,18.72,18.71,18.7,18.69,18.68,18.66,18.65,18.64,18.63,18.62,18.73,18.74,18.75,18.76,18.77,18.8,18.85,18.9,18.91,18.92,3700,4100,3800,23500,1000,3700,2500,200,500,800,400,3000,1400,200,2700,300,1000,4700,1000,5000
130.0,18.72,162400,3036239.0,18.72,18.71,18.7,18.69,18.68,18.66,18.65,18.64,18.63,18.62,18.73,18.74,18.75,18.76,18.77,18.8,18.85,18.9,18.91,18.92,3700,4100,3800,24000,1000,3700,2500,200,500,800,400,3000,1400,200,2700,300,1000,4700,1000,5000
131.0,18.72,162700,3041855.0,18.72,18.71,18.7,18.69,18.68,18.66,18.65,18.64,18.63,18.62,18.73,18.74,18.75,18.76,18.77,18.8,18.85,18.9,18.91,18.92,3400,4100,3800,24000,1000,3700,2500,200,500,800,400,3000,1400,200,2700,300,1000,4700,1000,5000
132.0,18.72,162700,3041855.0,18.72,18.71,18.7,18.69,18.68,18.66,18.65,18.64,18.63,18.62,18.73,18.74,18.75,18.76,18.77,18.8,18.85,18.9,18.91,18.92,3400,4100,5800,24000,1000,3700,2500,200,500,800,400,3000,1400,200,2700,300,1000,4700,1000,5000
133.0,18.72,162700,3041855.0,18.72,18.71,18.7,18.69,18.68,18.66,18.65,18.64,18.63,18.62,18.73,18.74,18.75,18.76,18.77,18.8,18.85,18.9,18.91,18.92,3400,4100,5800,24000,1000,3700,2500,200,500,800,400,3000,1400,200,2700,300,1000,4700,1000,5000
134.0,18.72,162700,3041855.0,18.72,18.71,18.7,18.69,18.68,18.66,18.65,18.64,18.63,18.62,18.73,18.74,18.75,18.76,18.77,18.8,18.85,18.9,18.91,18.92,4400,4100,5800,24000,1000,3700,2500,200,500,800,400,3000,1400,200,2700,300,1000,4700,1000,5000
135.0,18.72,162700,3041855.0,18.72,18.71,18.7,18.69,18.68,18.66,18.65,18.64,18.63,18.62,18.73,18.74,18.75,18.76,18.77,18.8,18.85,18.9,18.91,18.92,4400,4100,5800,24000,1000,3700,2500,200,500,800,400,3000,1400,200,2700,300,1000,4700,1000,5000
136.0,18.72,162700,3041855.0,18.72,18.71,18.7,18.69,18.68,18.66,18.65,18.64,18.63,18.62,18.73,18.74,18.75,18.76,18.77,18.8,18.85,18.9,18.91,18.92,4400,4100,5800,24000,1000,3700,2500,200,500,800,400,3000,1400,200,2700,300,1000,4700,1000,5000
137.0,18.72,162700,3041855.0,18.72,18.71,18.7,18.69,18.68,18.66,18.65,18.64,18.63,18.62,18.73,18.74,18.75,18.76,18.77,18.8,18.85,18.9,18.91,18.92,4400,4100,5800,24000,1000,3700,2500,200,500,800,400,3000,1400,200,2700,300,1000,4700,1000,5000
138.0,18.73,163100,3049347.0,18.72,18.71,18.7,18.69,18.68,18.66,18.65,18.64,18.63,18.62,18.74,18.75,18.76,18.77,18.8,18.85,18.9,18.91,18.92,18.93,5500,4100,5800,24000,1000,3700,2500,200,500,800,3000,1400,200,2700,300,1000,4700,1000,5000,2800
139.0,18.73,163100,3049347.0,18.73,18.72,18.71,18.7,18.69,18.68,18.66,18.65,18.64,18.63,18.74,18.75,18.76,18.77,18.8,18.85,18.9,18.91,18.92,18.93,1000,5500,4100,5800,24000,1000,3700,2500,200,500,3000,1400,200,2700,300,1000,4700,1000,5000,2800
140.0,18.74,163400,3054969.0,18.73,18.72,18.71,18.7,18.69,18.68,18.66,18.65,18.64,18.63,18.74,18.75,18.76,18.77,18.8,18.85,18.9,18.91,18.92,18.93,1000,5500,4100,5800,24000,1000,3700,2500,200,500,2700,1400,200,2700,300,1000,4700,1000,5000,2800
141.0,18.74,163400,3054969.0,18.73,18.72,18.71,18.7,18.69,18.68,18.66,18.65,18.64,18.63,18.74,18.75,18.76,18.77,18.8,18.85,18.9,18.91,18.92,18.93,1000,5500,4100,5800,24000,1000,3700,2500,200,500,2700,1400,200,2700,300,1000,4700,1000,5000,2800
142.0,18.74,163400,3054969.0,18.73,18.72,18.71,18.7,18.69,18.68,18.66,18.65,18.64,18.63,18.74,18.75,18.76,18.77,18.8,18.85,18.9,18.91,18.92,18.93,1500,5500,4100,5800,24000,1000,3700,2500,200,500,2700,1400,200,2700,300,1000,4700,1000,5000,2800
143.0,18.74,163600,3058717.0,18.73,18.72,18.71,18.7,18.69,18.68,18.66,18.65,18.64,18.63,18.74,18.75,18.76,18.77,18.8,18.85,18.9,18.91,18.92,18.93,1500,6400,4100,5800,24000,1000,3700,2500,200,500,2500,1400,200,2700,300,1000,4700,1000,5000,2800
144.0,18.74,163600,3058717.0,18.73,18.72,18.71,18.7,18.69,18.68,18.66,18.65,18.64,18.63,18.74,18.75,18.76,18.77,18.8,18.85,18.9,18.91,18.92,18.93,1700,6400,4100,5800,24000,1000,3700,2500,200,500,2500,1400,200,2700,300,1000,4700,1000,5000,2800
145.0,18.74,164300,3071835.0,18.73,18.72,18.71,18.7,18.69,18.68,18.66,18.65,18.64,18.63,18.74,18.75,18.76,18.77,18.8,18.85,18.9,18.91,18.92,18.93,1700,6400,4100,5800,24000,1000,3700,2500,200,500,1800,1400,200,2700,300,1000,4700,1000,5000,2800
146.0,18.71,173000,3234713.0,18.71,18.7,18.69,18.68,18.66,18.65,18.64,18.63,18.62,18.61,18.72,18.74,18.75,18.76,18.77,18.8,18.85,18.9,18.91,18.92,3600,5800,24000,1000,3700,2500,200,500,800,4000,21900,1700,1400,200,2700,300,1000,4700,1000,5000
147.0,18.7,179800,3361909.0,18.7,18.69,18.68,18.66,18.65,18.64,18.63,18.62,18.61,18.6,18.71,18.72,18.74,18.75,18.76,18.77,18.8,18.85,18.9,18.91,2600,24000,1000,3700,2500,200,500,800,4000,3400,1400,21900,1700,1400,200,2700,300,1000,4700,1000
148.0,18.7,179800,3361909.0,18.7,18.69,18.68,18.66,18.65,18.64,18.63,18.62,18.61,18.6,18.71,18.72,18.74,18.75,18.76,18.77,18.8,18.85,18.9,18.91,2600,24000,1000,3700,2500,200,500,800,4000,3400,1400,21900,1700,1400,200,2700,300,1000,4700,1000
149.0,18.7,179800,3361909.0,18.7,18.69,18.68,18.66,18.65,18.64,18.63,18.62,18.61,18.6,18.71,18.72,18.73,18.74,18.75,18.76,18.77,18.8,18.85,18.9,3000,24000,1000,3700,2500,200,500,800,4000,3400,1400,21900,500,1700,1400,200,2700,300,1000,4700
150.0,18.71,179900,3363780.0,18.7,18.69,18.68,18.66,18.65,18.64,18.63,18.62,18.61,18.6,18.71,18.72,18.73,18.74,18.75,18.76,18.77,18.8,18.85,18.9,3000,24000,1000,3700,2500,200,500,800,4000,3400,1300,21900,500,1700,1400,200,2700,300,1000,4700
151.0,18.7,181800,3399310.0,18.7,18.69,18.68,18.66,18.65,18.64,18.63,18.62,18.61,18.6,18.71,18.72,18.73,18.74,18.75,18.76,18.77,18.8,18.83,18.85,1100,24000,1000,3700,2500,200,500,800,4000,3400,900,21900,500,1700,1400,200,2700,300,1000,1000
152.0,18.7,182900,3419880.0,18.69,18.68,18.66,18.65,18.64,18.63,18.62,18.61,18.6,18.58,18.71,18.72,18.73,18.74,18.75,18.76,18.77,18.8,18.83,18.85,24000,1000,3700,2500,200,500,800,4000,3400,1500,900,21900,500,1700,1400,200,2700,300,1000,1000
153.0,18.7,182900,3419880.0,18.69,18.68,18.66,18.65,18.64,18.63,18.62,18.61,18.6,18.58,18.71,18.72,18.73,18.74,18.75,18.76,18.77,18.8,18.83,18.85,24000,1000,3700,2500,200,500,800,4000,3400,1500,900,21900,500,1700,1400,200,2700,300,1000,1000
154.0,18.71,183200,3425493.0,18.69,18.68,18.66,18.65,18.64,18.63,18.62,18.61,18.6,18.58,18.71,18.72,18.73,18.74,18.75,18.76,18.77,18.8,18.83,18.85,23500,1000,3700,2500,200,500,800,4000,3400,1500,600,21900,500,1700,1400,200,2700,300,1000,1000
155.0,18.71,183200,3425493.0,18.69,18.68,18.66,18.65,18.64,18.63,18.62,18.61,18.6,18.58,18.71,18.72,18.73,18.74,18.75,18.76,18.77,18.8,18.83,18.85,23500,1000,3700,2500,200,500,800,4000,3400,1500,600,21900,500,1700,1400,200,2700,300,1000,1000
156.0,18.71,183300,3427364.0,18.69,18.68,18.66,18.65,18.64,18.63,18.62,18.61,18.6,18.58,18.71,18.73,18.74,18.75,18.76,18.77,18.8,18.83,18.85,18.9,23500,1000,3700,2500,200,500,800,4000,3400,1500,500,500,1700,1400,200,2700,300,1000,1000,4700
157.0,18.69,183400,3429233.0,18.69,18.68,18.66,18.65,18.64,18.63,18.62,18.61,18.6,18.58,18.71,18.73,18.74,18.75,18.76,18.77,18.8,18.83,18.85,18.9,23400,1000,3700,2500,200,500,800,4000,3400,1500,500,500,1700,1400,200,2700,300,1000,1000,4700
158.0,18.69,184000,3440447.0,18.69,18.68,18.66,18.65,18.64,18.63,18.62,18.61,18.6,18.58,18.71,18.73,18.74,18.75,18.76,18.77,18.8,18.83,18.85,18.9,22800,1000,3700,2500,200,500,800,4000,3400,1500,500,500,1700,1400,200,2700,300,1000,1000,4700
159.0,18.71,184100,3442318.0,18.69,18.68,18.66,18.65,18.64,18.63,18.62,18.61,18.6,18.58,18.71,18.74,18.75,18.76,18.77,18.8,18.83,18.85,18.9,18.91,22800,1000,3700,2500,200,500,800,4000,3400,1500,400,1700,1400,200,2700,300,1000,1000,4700,1000
160.0,18.71,189700,3546986.0,18.69,18.68,18.66,18.65,18.64,18.63,18.62,18.61,18.6,18.58,18.71,18.74,18.75,18.76,18.77,18.8,18.83,18.85,18.9,18.91,17400,1000,3700,2500,200,500,800,4000,3400,1500,200,1700,1400,200,2700,300,1000,1000,4700,1000
161.0,18.7,189900,3550726.0,18.7,18.69,18.68,18.66,18.65,18.64,18.63,18.62,18.61,18.6,18.71,18.74,18.75,18.76,18.77,18.8,18.83,18.85,18.9,18.91,200,17400,1000,3700,2500,200,500,800,4000,3400,200,1700,1400,200,2700,300,1000,1000,4700,1000
162.0,18.7,189900,3550726.0,18.7,18.69,18.68,18.66,18.65,18.64,18.63,18.62,18.61,18.6,18.71,18.74,18.75,18.76,18.77,18.8,18.83,18.85,18.9,18.91,200,17400,1000,3700,2500,200,500,800,4000,3400,200,1700,1400,200,2700,300,1000,1000,4700,1000
163.0,18.69,191100,3573156.0,18.69,18.68,18.66,18.65,18.64,18.63,18.62,18.61,18.6,18.58,18.71,18.74,18.75,18.76,18.77,18.8,18.83,18.85,18.9,18.91,16400,1000,3700,3000,200,500,800,4000,3400,1500,200,1700,1400,200,2700,300,1000,1000,4700,1000
164.0,18.69,191100,3573156.0,18.7,18.69,18.68,18.66,18.65,18.64,18.63,18.62,18.61,18.6,18.71,18.74,18.75,18.76,18.77,18.8,18.83,18.85,18.9,18.91,1100,16400,1000,3700,3000,200,500,800,4000,3400,200,1700,1400,200,2700,300,1000,1000,4700,1000
165.0,18.69,191100,3573156.0,18.7,18.69,18.68,18.66,18.65,18.64,18.63,18.62,18.61,18.6,18.71,18.74,18.75,18.76,18.77,18.8,18.83,18.85,18.9,18.91,1100,16400,1000,3700,3000,200,500,800,4000,3400,200,1700,1400,200,2700,300,1000,1000,4700,1000
166.0,18.7,191200,3575026.0,18.7,18.69,18.68,18.66,18.65,18.64,18.63,18.62,18.61,18.6,18.71,18.74,18.75,18.76,18.77,18.8,18.83,18.85,18.9,18.91,1400,16400,1000,3700,3000,200,500,800,4000,3400,200,1700,1400,200,2700,300,1000,1000,4700,1000
167.0,18.7,191200,3575026.0,18.7,18.69,18.68,18.66,18.65,18.64,18.63,18.62,18.61,18.6,18.71,18.74,18.75,18.76,18.77,18.8,18.83,18.85,18.9,18.91,1800,16400,1000,3700,3000,200,500,800,4000,3400,200,1700,1400,200,2700,300,1000,1000,4700,1000
168.0,18.7,191200,3575026.0,18.7,18.69,18.68,18.66,18.65,18.64,18.63,18.62,18.61,18.6,18.71,18.74,18.75,18.76,18.77,18.8,18.83,18.85,18.9,18.91,1800,16400,1000,3700,3000,200,500,800,4000,3400,200,1700,1400,200,2700,300,1000,1000,4700,1000
169.0,18.7,191200,3575026.0,18.7,18.69,18.68,18.66,18.65,18.64,18.63,18.62,18.61,18.6,18.71,18.74,18.75,18.76,18.77,18.8,18.83,18.85,18.9,18.91,1800,16400,1000,3700,3000,200,500,800,4000,3400,200,1700,1400,200,2700,300,1000,1000,4700,1000
170.0,18.7,191200,3575026.0,18.7,18.69,18.68,18.66,18.65,18.64,18.63,18.62,18.61,18.6,18.71,18.74,18.75,18.76,18.77,18.8,18.83,18.85,18.9,18.91,1800,16400,1000,3700,3000,200,500,800,4000,3400,200,1700,1400,200,2700,300,1000,1000,4700,1000
171.0,18.7,191200,3575026.0,18.7,18.69,18.68,18.66,18.65,18.64,18.63,18.62,18.61,18.6,18.71,18.74,18.75,18.76,18.77,18.8,18.83,18.85,18.9,18.91,1800,16400,1000,3700,3000,200,500,800,4000,3400,200,1700,1400,200,2700,300,1000,1000,4700,1000
172.0,18.7,191200,3575026.0,18.7,18.69,18.68,18.66,18.65,18.64,18.63,18.62,18.61,18.6,18.71,18.74,18.75,18.76,18.77,18.8,18.83,18.85,18.9,18.91,1800,16400,1000,3700,3000,200,500,800,4000,3400,200,1700,1400,200,2700,300,1000,1000,4700,1000
173.0,18.7,191200,3575026.0,18.7,18.69,18.68,18.66,18.65,18.64,18.63,18.62,18.61,18.6,18.71,18.74,18.75,18.76,18.77,18.8,18.83,18.85,18.9,18.91,1800,16400,1000,3700,3000,200,500,800,4000,3600,200,1700,1400,200,2700,300,1000,1000,4700,1000
174.0,18.7,191200,3575026.0,18.7,18.69,18.68,18.66,18.65,18.64,18.63,18.62,18.61,18.6,18.71,18.74,18.75,18.76,18.77,18.8,18.83,18.85,18.9,18.91,1800,16400,1000,3700,3000,200,500,800,4000,3600,200,1700,1400,200,2700,300,1000,1000,4700,1000
175.0,18.7,191200,3575026.0,18.7,18.69,18.68,18.66,18.65,18.64,18.63,18.62,18.61,18.6,18.71,18.74,18.75,18.76,18.77,18.8,18.83,18.85,18.9,18.91,1800,16400,1000,3700,3000,200,500,800,4000,3600,200,1700,1400,200,2700,300,1000,1000,4700,1000
176.0,18.7,191200,3575026.0,18.7,18.69,18.68,18.66,18.65,18.64,18.63,18.62,18.61,18.6,18.71,18.74,18.75,18.76,18.77,18.8,18.83,18.85,18.9,18.91,1800,16400,1000,3700,3000,200,500,800,4000,3600,200,1700,1400,200,2700,300,1000,1000,4700,1000
177.0,18.7,191200,3575026.0,18.7,18.69,18.68,18.66,18.65,18.64,18.63,18.62,18.61,18.6,18.71,18.74,18.75,18.76,18.77,18.8,18.83,18.85,18.9,18.91,1800,16400,1000,3700,3000,200,500,800,4000,3600,200,1700,1400,200,2700,300,1000,1000,4700,1000
178.0,18.7,191200,3575026.0,18.7,18.69,18.68,18.66,18.65,18.64,18.63,18.62,18.61,18.6,18.71,18.74,18.75,18.76,18.77,18.8,18.83,18.85,18.9,18.91,1800,16400,1000,3700,3000,200,500,800,4000,3600,1800,1700,1400,200,2700,300,1000,1000,4700,1000
179.0,18.7,191500,3580636.0,18.7,18.69,18.68,18.66,18.65,18.64,18.63,18.62,18.61,18.6,18.71,18.73,18.74,18.75,18.76,18.77,18.8,18.83,18.85,18.9,1500,16400,1000,3700,3000,200,500,800,4000,3600,1800,22200,1700,1400,200,2700,300,1000,1000,4700
180.0,18.7,192200,3593729.0,18.7,18.69,18.68,18.66,18.65,18.64,18.63,18.62,18.61,18.6,18.71,18.73,18.74,18.75,18.76,18.77,18.8,18.83,18.85,18.9,1100,16400,1000,3700,2800,200,500,800,4000,3600,1500,22200,1700,1400,200,2700,300,1000,1000,4700
181.0,18.69,195800,3661026.0,18.69,18.68,18.66,18.65,18.64,18.63,18.62,18.61,18.6,18.58,18.71,18.73,18.74,18.75,18.76,18.77,18.8,18.83,18.85,18.9,14000,1000,3700,2800,200,500,800,4000,3600,1500,1400,22200,1700,1400,200,2700,300,1000,1000,4700
182.0,18.71,195900,3662897.0,18.69,18.68,18.66,18.65,18.64,18.63,18.62,18.61,18.6,18.58,18.7,18.71,18.73,18.74,18.75,18.76,18.77,18.8,18.83,18.85,14200,1000,3700,2800,200,500,800,4000,3600,1500,300,1500,22200,1700,1400,200,2700,300,1000,1000
183.0,18.7,196200,3668507.0,18.69,18.68,18.66,18.65,18.64,18.63,18.62,18.61,18.6,18.58,18.7,18.71,18.73,18.74,18.75,18.76,18.77,18.8,18.83,18.85,14200,1000,3700,2800,200,500,800,4000,3600,1500,100,1500,22200,1700,1400,200,2700,300,1000,1000
184.0,18.7,196200,3668507.0,18.69,18.68,18.66,18.65,18.64,18.63,18.62,18.61,18.6,18.58,18.7,18.71,18.73,18.74,18.75,18.76,18.77,18.8,18.83,18.85,14200,1000,3700,2800,200,500,800,4000,3600,1500,100,2100,22200,1700,1400,200,2700,300,1000,1000
185.0,18.69,210400,3933905.0,18.68,18.66,18.65,18.64,18.63,18.62,18.61,18.6,18.58,18.57,18.69,18.7,18.71,18.73,18.74,18.75,18.76,18.77,18.8,18.83,1000,3700,2800,200,500,800,4000,3600,1500,900,2600,1300,2100,22200,1700,1400,200,2700,300,1000
186.0,18.69,210400,3933905.0,18.68,18.66,18.65,18.64,18.63,18.62,18.61,18.6,18.58,18.57,18.69,18.7,18.71,18.73,18.74,18.75,18.76,18.77,18.8,18.83,1000,3700,2800,200,500,800,4000,3600,1500,900,5600,1300,2100,22200,1700,1400,200,2700,300,1000
187.0,18.68,211400,3952585.0,18.66,18.65,18.64,18.63,18.62,18.61,18.6,18.58,18.57,18.56,18.68,18.69,18.7,18.71,18.73,18.74,18.75,18.76,18.77,18.8,3700,2800,200,500,800,4000,3600,1500,900,5400,1600,5600,1300,2100,22200,1700,1400,200,2700,300
188.0,18.68,211600,3956321.0,18.66,18.65,18.64,18.63,18.62,18.61,18.6,18.58,18.57,18.56,18.67,18.68,18.69,18.7,18.71,18.73,18.74,18.75,18.76,18.77,4600,2800,200,500,800,4000,3600,1500,900,5400,400,2000,5600,1300,2100,22200,1700,1400,200,2700
189.0,18.66,212300,3969383.0,18.66,18.65,18.64,18.63,18.62,18.61,18.6,18.58,18.57,18.56,18.67,18.68,18.69,18.7,18.71,18.73,18.74,18.75,18.76,18.77,3900,2800,200,500,800,4000,3600,1500,900,5400,400,2000,5600,1300,2100,22200,1700,1400,200,2700
190.0,18.66,212300,3969383.0,18.66,18.65,18.64,18.63,18.62,18.61,18.6,18.58,18.57,18.56,18.67,18.68,18.69,18.7,18.71,18.73,18.74,18.75,18.76,18.77,3900,2800,200,500,800,4000,3600,1500,900,5400,400,2000,5600,1300,2100,22200,1700,1400,200,2700
191.0,18.66,213400,3989909.0,18.66,18.65,18.64,18.63,18.62,18.61,18.6,18.58,18.57,18.56,18.67,18.68,18.69,18.7,18.71,18.73,18.74,18.75,18.76,18.77,2800,2800,200,500,800,4000,3600,1500,900,5400,400,2000,5600,1300,2100,22200,1700,1400,200,2700
192.0,18.66,213400,3989909.0,18.66,18.65,18.64,18.63,18.62,18.61,18.6,18.58,18.57,18.56,18.67,18.68,18.69,18.7,18.71,18.73,18.74,18.75,18.76,18.77,2800,2800,200,500,800,4000,3600,1500,900,5400,400,2000,5600,1300,2100,22200,1700,1400,200,2700
193.0,18.66,213400,3989909.0,18.66,18.65,18.64,18.63,18.62,18.61,18.6,18.58,18.57,18.56,18.67,18.68,18.69,18.7,18.71,18.73,18.75,18.76,18.77,18.8,2800,2800,200,500,800,4000,3600,1500,900,5400,400,2000,5600,1300,2100,22200,1400,200,2700,300
194.0,18.66,213400,3989909.0,18.66,18.65,18.64,18.63,18.62,18.61,18.6,18.58,18.57,18.56,18.67,18.68,18.69,18.7,18.71,18.73,18.75,18.76,18.77,18.8,2800,2800,200,500,800,4000,3600,1500,900,5400,400,2000,5600,1300,2100,22200,1400,200,2700,300
195.0,18.66,213400,3989909.0,18.66,18.65,18.64,18.63,18.62,18.61,18.6,18.58,18.57,18.56,18.67,18.68,18.69,18.7,18.71,18.73,18.75,18.76,18.77,18.8,2800,2800,200,500,800,4000,3600,1500,900,5400,400,2000,5300,1200,2100,22200,1400,200,2700,300
196.0,18.66,213500,3991775.0,18.66,18.65,18.64,18.63,18.62,18.61,18.6,18.58,18.57,18.56,18.67,18.68,18.69,18.7,18.71,18.73,18.75,18.76,18.77,18.8,2700,2800,200,500,800,4000,3600,1500,900,5400,400,2000,5300,1200,2100,22200,1400,200,2700,300
197.0,18.66,213800,3997373.0,18.66,18.65,18.64,18.63,18.62,18.61,18.6,18.58,18.57,18.56,18.67,18.68,18.69,18.7,18.71,18.73,18.75,18.76,18.77,18.8,2400,2800,200,500,800,4000,3600,1500,900,5400,400,2000,5100,1200,2100,22200,1400,200,2700,300
198.0,18.66,214300,4006707.0,18.66,18.65,18.64,18.63,18.62,18.61,18.6,18.58,18.57,18.56,18.68,18.69,18.7,18.71,18.73,18.75,18.76,18.77,18.8,18.83,2300,2800,200,500,3800,4000,3800,1500,900,5400,2000,1300,1200,2100,22200,1400,200,2700,300,1000
199.0,18.66,215400,4027233.0,18.66,18.65,18.64,18.63,18.62,18.61,18.6,18.58,18.57,18.56,18.68,18.69,18.7,18.71,18.73,18.75,18.76,18.77,18.8,18.83,1800,2800,200,500,3800,4000,3800,1500,900,5400,2800,1300,1200,2100,22200,1400,200,2700,300,1000
200.0,18.66,215400,4027233.0,18.66,18.65,18.64,18.63,18.62,18.61,18.6,18.58,18.57,18.56,18.68,18.69,18.7,18.71,18.73,18.75,18.76,18.77,18.8,18.83,2300,2800,200,500,3800,4000,3800,1500,900,5400,3100,1300,1200,2100,22200,1400,200,2700,300,1000
201.0,18.68,215700,4032837.0,18.66,18.65,18.64,18.63,18.62,18.61,18.6,18.58,18.57,18.56,18.68,18.69,18.7,18.71,18.73,18.75,18.76,18.77,18.8,18.83,2900,2800,200,500,3800,4000,3800,1500,900,5400,3400,1300,1200,2100,22200,1400,200,2700,300,1000
202.0,18.66,216900,4055233.0,18.66,18.65,18.64,18.63,18.62,18.61,18.6,18.58,18.57,18.56,18.68,18.69,18.7,18.71,18.73,18.75,18.76,18.77,18.8,18.83,2400,2800,200,500,3800,4000,3800,1500,900,5400,3700,1300,1200,2100,22200,1400,200,2700,300,1000
203.0,18.68,217900,4073913.0,18.66,18.65,18.64,18.63,18.62,18.61,18.6,18.58,18.57,18.56,18.68,18.69,18.7,18.71,18.73,18.75,18.76,18.77,18.8,18.83,2400,2800,200,500,3800,4000,3800,1500,900,5400,2900,1300,1200,2100,22200,1400,200,2700,300,1000
204.0,18.68,217900,4073913.0,18.66,18.65,18.64,18.63,18.62,18.61,18.6,18.58,18.57,18.56,18.68,18.69,18.7,18.71,18.73,18.75,18.76,18.77,18.8,18.83,3000,2800,200,500,3800,4000,3800,1500,900,5400,3500,1300,1200,2100,22200,1400,200,2700,300,1000
205.0,18.68,218200,4079517.0,18.67,18.66,18.65,18.64,18.63,18.62,18.61,18.6,18.58,18.57,18.68,18.69,18.7,18.71,18.73,18.75,18.76,18.77,18.8,18.83,1000,3600,2800,200,500,3800,4000,3800,1500,900,3800,1300,1200,2100,22200,1400,200,2700,300,1000
206.0,18.68,218200,4079517.0,18.67,18.66,18.65,18.64,18.63,18.62,18.61,18.6,18.58,18.57,18.68,18.69,18.7,18.71,18.73,18.75,18.76,18.77,18.8,18.83,1000,3600,2800,200,500,3800,4000,3800,1500,900,3800,1300,1200,2100,22200,1400,200,2700,300,1000
207.0,18.68,218200,4079517.0,18.67,18.66,18.65,18.64,18.63,18.62,18.61,18.6,18.58,18.57,18.68,18.69,18.7,18.71,18.73,18.75,18.76,18.77,18.8,18.83,1000,4100,2800,200,500,3800,4000,3800,1500,900,3800,1300,1200,2100,22200,1400,200,2700,300,1000
208.0,18.68,218500,4085121.0,18.67,18.66,18.65,18.64,18.63,18.62,18.61,18.6,18.58,18.57,18.68,18.69,18.7,18.71,18.73,18.75,18.76,18.77,18.8,18.83,1000,4100,3300,200,500,3800,4000,3800,1500,900,3500,1300,1200,2100,22200,1400,200,2700,300,1000
209.0,18.68,218500,4085121.0,18.67,18.66,18.65,18.64,18.63,18.62,18.61,18.6,18.58,18.57,18.68,18.69,18.7,18.71,18.73,18.75,18.76,18.77,18.8,18.83,1000,4100,3300,200,500,3800,4000,3800,1500,900,3500,1300,1200,2100,22200,1400,200,2700,300,1000
210.0,18.68,218800,4090725.0,18.67,18.66,18.65,18.64,18.63,18.62,18.61,18.6,18.58,18.57,18.68,18.69,18.7,18.71,18.73,18.75,18.76,18.77,18.8,18.83,1000,4100,3300,200,500,3800,4000,3800,1500,900,3200,1300,1200,2100,22200,1400,200,2700,300,1000
211.0,18.68,218800,4090725.0,18.67,18.66,18.65,18.64,18.63,18.62,18.61,18.6,18.58,18.57,18.68,18.69,18.7,18.71,18.73,18.75,18.76,18.77,18.8,18.83,1000,4400,3300,200,500,3800,4000,3800,1500,900,3200,1300,1200,2100,22200,1400,200,2700,300,1000
212.0,18.68,219100,4096329.0,18.67,18.66,18.65,18.64,18.63,18.62,18.61,18.6,18.58,18.57,18.68,18.69,18.7,18.71,18.73,18.75,18.76,18.77,18.8,18.83,1000,4400,3300,200,500,3800,4000,3800,1500,900,2900,1300,1200,2100,22200,1400,200,2700,300,1000
213.0,18.68,219100,4096329.0,18.67,18.66,18.65,18.64,18.63,18.62,18.61,18.6,18.58,18.57,18.68,18.69,18.7,18.71,18.73,18.75,18.76,18.77,18.8,18.83,1000,4400,3300,200,500,3800,4000,3800,1500,900,2900,1300,1200,5100,22200,1400,200,2700,300,1000
214.0,18.67,219400,4101930.0,18.67,18.66,18.65,18.64,18.63,18.62,18.61,18.6,18.58,18.57,18.68,18.69,18.7,18.71,18.73,18.75,18.76,18.77,18.8,18.83,700,4400,3300,200,500,3800,4000,3800,1500,900,2900,1300,1200,5400,22200,1400,200,2700,300,1000
215.0,18.67,221100,4133676.0,18.66,18.65,18.64,18.63,18.62,18.61,18.6,18.58,18.57,18.56,18.67,18.68,18.69,18.7,18.71,18.73,18.75,18.76,18.77,18.8,4200,3300,200,500,3800,4000,3800,1500,900,5400,900,2200,1300,1200,5400,22200,1400,200,2700,300
216.0,18.67,221400,4139277.0,18.66,18.65,18.64,18.63,18.62,18.61,18.6,18.58,18.57,18.56,18.67,18.68,18.69,18.7,18.71,18.73,18.75,18.76,18.77,18.8,4200,3300,200,500,3800,4000,3800,1500,900,5400,600,2200,1300,1200,5400,22200,1400,200,2700,300
217.0,18.67,221400,4139277.0,18.66,18.65,18.64,18.63,18.62,18.61,18.6,18.58,18.57,18.56,18.67,18.68,18.69,18.7,18.71,18.73,18.75,18.76,18.77,18.8,4200,3300,200,500,3800,4000,3800,1500,900,5400,600,2200,1300,1200,5400,22200,1400,200,2700,300
218.0,18.67,222000,4150479.0,18.67,18.66,18.65,18.64,18.63,18.62,18.61,18.6,18.58,18.57,18.68,18.69,18.7,18.71,18.73,18.75,18.76,18.77,18.8,18.83,2400,4200,3300,200,500,8800,4000,3800,1500,900,2000,1300,1200,5400,22200,1400,200,2700,300,1000
219.0,18.67,222000,4150479.0,18.67,18.66,18.65,18.64,18.63,18.62,18.61,18.6,18.58,18.57,18.68,18.69,18.7,18.71,18.73,18.75,18.76,18.77,18.8,18.83,2400,4200,3300,200,500,8800,4000,3800,1500,900,2000,1300,1200,5400,22200,1400,200,2700,300,1000
220.0,18.67,222000,4150479.0,18.67,18.66,18.65,18.64,18.63,18.62,18.61,18.6,18.58,18.57,18.68,18.69,18.7,18.71,18.73,18.75,18.76,18.77,18.8,18.83,2900,4200,3300,200,500,8800,4000,3800,1500,900,2000,1300,1200,5400,22200,1400,200,2700,300,1000
221.0,18.68,222200,4154215.0,18.67,18.66,18.65,18.64,18.63,18.62,18.61,18.6,18.58,18.57,18.68,18.69,18.7,18.71,18.73,18.75,18.76,18.77,18.8,18.83,2900,4200,3300,200,500,8800,4000,3800,1500,900,1800,1300,1200,5400,22200,1400,200,2700,300,1000
222.0,18.68,222200,4154215.0,18.67,18.66,18.65,18.64,18.63,18.62,18.61,18.6,18.58,18.57,18.68,18.69,18.7,18.71,18.73,18.75,18.76,18.77,18.8,18.83,2900,4500,3300,200,500,8800,4000,3800,1500,900,1800,1300,1200,5400,22200,1400,200,2700,300,1000
223.0,18.68,222200,4154215.0,18.67,18.66,18.65,18.64,18.63,18.62,18.61,18.6,18.58,18.57,18.68,18.69,18.7,18.71,18.73,18.75,18.76,18.77,18.8,18.83,2900,4500,3300,200,1500,8800,4000,3800,1500,900,1800,1300,1200,5400,22200,1400,200,2700,300,1000
224.0,18.67,223900,4185954.0,18.67,18.66,18.65,18.64,18.63,18.62,18.61,18.6,18.58,18.57,18.68,18.69,18.7,18.71,18.73,18.75,18.76,18.77,18.8,18.83,1200,4500,3300,200,1500,8800,4000,3800,1500,900,1800,1300,1200,5400,22200,1400,200,2700,300,1000
225.0,18.68,224100,4189690.0,18.67,18.66,18.65,18.64,18.63,18.62,18.61,18.6,18.58,18.57,18.68,18.69,18.7,18.71,18.73,18.75,18.76,18.77,18.8,18.83,1200,4500,3300,200,1500,8800,4000,3800,1500,900,1600,1300,1200,5400,22200,1400,200,2700,300,1000
226.0,18.68,224100,4189690.0,18.67,18.66,18.65,18.64,18.63,18.62,18.61,18.6,18.58,18.57,18.68,18.69,18.7,18.71,18.73,18.75,18.76,18.77,18.8,18.83,1200,4500,3300,200,1500,8800,4000,3800,1500,900,1600,1300,1200,5400,22200,1400,200,2700,300,1000
227.0,18.68,225700,4219578.0,18.68,18.67,18.66,18.65,18.64,18.63,18.62,18.61,18.6,18.58,18.69,18.7,18.71,18.73,18.75,18.76,18.77,18.8,18.83,18.85,1700,1200,4500,3300,200,1500,8800,4000,3800,1500,1300,1200,5400,22200,1400,200,2700,300,1000,1000
228.0,18.69,225800,4221447.0,18.68,18.67,18.66,18.65,18.64,18.63,18.62,18.61,18.6,18.58,18.69,18.7,18.71,18.73,18.75,18.76,18.77,18.8,18.83,18.85,2200,1200,4500,3300,200,1500,8800,4000,3800,1500,1200,1200,10400,22200,1400,200,2700,300,1000,1000
229.0,18.69,225800,4221447.0,18.68,18.67,18.66,18.65,18.64,18.63,18.62,18.61,18.6,18.58,18.69,18.7,18.71,18.73,18.75,18.76,18.77,18.8,18.83,18.85,2200,1200,4500,3300,200,1500,8800,4000,3800,1500,1200,1200,10400,22200,1400,200,2700,300,1000,1000
230.0,18.68,226300,4230787.0,18.68,18.67,18.66,18.65,18.64,18.63,18.62,18.61,18.6,18.58,18.69,18.7,18.71,18.73,18.75,18.76,18.77,18.8,18.83,18.85,4700,1200,4500,3300,200,1500,8800,4000,3800,1500,1200,1200,10400,22200,1400,200,2700,300,1000,1000
231.0,18.69,226400,4232656.0,18.68,18.67,18.66,18.65,18.64,18.63,18.62,18.61,18.6,18.58,18.69,18.7,18.71,18.73,18.75,18.76,18.77,18.8,18.83,18.85,4700,1200,4500,3300,200,1500,8800,4000,3800,1500,1100,1200,10400,22200,1400,200,2700,300,1000,1000
232.0,18.69,226500,4234525.0,18.68,18.67,18.66,18.65,18.64,18.63,18.62,18.61,18.6,18.58,18.69,18.7,18.71,18.73,18.75,18.76,18.77,18.8,18.83,18.85,4700,1200,4500,3300,200,1500,8800,4000,3800,1500,1000,1200,10400,22200,1400,200,2700,300,1000,1000
233.0,18.69,226500,4234525.0,18.68,18.67,18.66,18.65,18.64,18.63,18.62,18.61,18.6,18.58,18.69,18.7,18.71,18.73,18.75,18.76,18.77,18.8,18.83,18.85,4700,1200,4500,3300,200,1500,8800,4000,3800,1500,1000,1200,10400,22200,1400,200,2700,300,1000,1000
234.0,18.69,226500,4234525.0,18.68,18.67,18.66,18.65,18.64,18.63,18.62,18.61,18.6,18.58,18.69,18.7,18.71,18.73,18.75,18.76,18.77,18.8,18.83,18.85,4700,1200,4500,3300,200,1500,8800,4000,3800,1500,1000,1200,10400,22200,1400,200,2700,300,1000,1000
235.0,18.69,226600,4236394.0,18.68,18.67,18.66,18.65,18.64,18.63,18.62,18.61,18.6,18.58,18.69,18.7,18.71,18.73,18.75,18.76,18.77,18.8,18.83,18.85,4700,1200,4500,3300,200,1500,8800,4000,3800,1500,900,1200,10400,22200,1400,200,2700,300,1000,1000
236.0,18.69,226600,4236394.0,18.68,18.67,18.66,18.65,18.64,18.63,18.62,18.61,18.6,18.58,18.69,18.7,18.71,18.73,18.75,18.76,18.77,18.8,18.83,18.85,4700,1200,4500,3300,200,1500,8800,4000,3800,1500,900,1200,10400,22200,1400,200,2700,300,1000,1000
237.0,18.68,228300,4268150.0,18.68,18.67,18.66,18.65,18.64,18.63,18.62,18.61,18.6,18.58,18.69,18.7,18.71,18.73,18.75,18.76,18.77,18.8,18.83,18.85,3000,1200,4500,3300,200,1500,8800,4000,3800,1500,900,1200,10100,22200,1400,200,2700,300,1000,1000
238.0,18.69,228400,4270019.0,18.68,18.67,18.66,18.65,18.64,18.63,18.62,18.61,18.6,18.58,18.69,18.7,18.71,18.73,18.75,18.76,18.77,18.8,18.83,18.85,3000,1200,4500,3300,200,1500,8800,4000,3800,1500,800,1200,10100,22200,1400,200,2700,300,1000,1000
239.0,18.69,228400,4270019.0,18.68,18.67,18.66,18.65,18.64,18.63,18.62,18.61,18.6,18.58,18.69,18.7,18.71,18.73,18.75,18.76,18.77,18.8,18.83,18.85,3000,3200,4500,3300,200,1500,8800,4000,3800,1500,800,1200,10100,22200,1400,200,2700,300,1000,1000
240.0,18.69,228400,4270019.0,18.68,18.67,18.66,18.65,18.64,18.63,18.62,18.61,18.6,18.58,18.69,18.7,18.71,18.73,18.75,18.76,18.77,18.8,18.83,18.85,3000,3200,4500,3300,200,1500,8800,4000,3800,1500,800,1200,10100,22200,1400,200,2700,300,1000,1000
241.0,18.68,229400,4288699.0,18.68,18.67,18.66,18.65,18.64,18.63,18.62,18.61,18.6,18.58,18.69,18.7,18.71,18.73,18.75,18.76,18.77,18.8,18.83,18.85,2000,3200,4500,3300,200,1500,8800,4000,3800,1500,800,1200,10100,22200,1400,200,2700,300,1000,1000
242.0,18.68,230300,4305511.0,18.68,18.67,18.66,18.65,18.64,18.63,18.62,18.61,18.6,18.58,18.69,18.7,18.71,18.73,18.75,18.76,18.77,18.8,18.83,18.85,1100,3200,4500,3300,200,1500,8800,4000,3800,1500,800,1200,10100,22200,1400,200,2700,300,1000,1000
243.0,18.68,230900,4316719.0,18.68,18.67,18.66,18.65,18.64,18.63,18.62,18.61,18.6,18.58,18.69,18.7,18.71,18.73,18.75,18.76,18.77,18.8,18.83,18.85,500,3200,4500,3300,200,1500,8800,4000,3800,1500,800,1200,10100,22200,1400,200,2700,300,1000,1000
244.0,18.68,231000,4318587.0,18.68,18.67,18.66,18.65,18.64,18.63,18.62,18.61,18.6,18.58,18.69,18.7,18.71,18.73,18.75,18.76,18.77,18.8,18.83,18.85,400,3200,4500,3300,200,1500,8800,4000,3800,1500,800,1200,10100,22200,1400,200,2700,300,1000,1000
245.0,18.68,231400,4326059.0,18.67,18.66,18.65,18.64,18.63,18.62,18.61,18.6,18.58,18.57,18.68,18.69,18.7,18.71,18.73,18.75,18.76,18.77,18.8,18.83,3200,4500,3300,200,1500,8800,4000,3800,1500,900,400,1000,1200,10100,22200,1400,200,2700,300,1000
246.0,18.68,231400,4326059.0,18.67,18.66,18.65,18.64,18.63,18.62,18.61,18.6,18.58,18.57,18.68,18.69,18.7,18.71,18.73,18.75,18.76,18.77,18.8,18.83,3200,4500,3300,200,1500,8800,4000,3800,1500,900,700,1000,1200,10100,22200,1400,200,2700,300,1000
247.0,18.68,231400,4326059.0,18.67,18.66,18.65,18.64,18.63,18.62,18.61,18.6,18.58,18.57,18.68,18.69,18.7,18.71,18.73,18.75,18.76,18.77,18.8,18.83,3200,4500,3300,200,1500,8800,4000,3800,1500,900,1300,1000,1200,10100,22200,1400,200,2700,300,1000
248.0,18.67,234700,4387670.0,18.66,18.65,18.64,18.63,18.62,18.61,18.6,18.58,18.57,18.56,18.68,18.69,18.7,18.71,18.73,18.75,18.76,18.77,18.8,18.83,4500,3300,200,1500,8800,4000,3800,1500,900,5400,1600,800,1200,10100,22200,1400,200,2700,300,1000
249.0,18.68,239200,4471679.0,18.66,18.65,18.64,18.63,18.62,18.61,18.6,18.58,18.57,18.56,18.67,18.68,18.69,18.7,18.71,18.73,18.75,18.76,18.77,18.8,3900,3300,200,1500,8800,4000,3800,1500,900,5400,5800,1600,800,1200,10100,22200,1400,200,2700,300
250.0,18.67,240200,4490349.0,18.66,18.65,18.64,18.63,18.62,18.61,18.6,18.58,18.57,18.56,18.67,18.68,18.69,18.7,18.71,18.73,18.75,18.76,18.77,18.8,3900,3700,200,1500,8800,4000,3800,1500,900,5400,4800,1600,800,1200,10100,22200,1400,200,2700,300
251.0,18.66,240400,4494081.0,18.66,18.65,18.64,18.63,18.62,18.61,18.6,18.58,18.57,18.56,18.67,18.68,18.69,18.7,18.71,18.73,18.75,18.76,18.77,18.8,3700,3700,200,1500,8800,4000,3800,1500,900,5400,4800,1600,800,2200,8800,22200,1400,200,2700,300
252.0,18.67,240800,4501549.0,18.66,18.65,18.64,18.63,18.62,18.61,18.6,18.58,18.57,18.56,18.67,18.68,18.69,18.7,18.71,18.73,18.75,18.76,18.77,18.8,3700,3700,200,1500,8800,4000,3800,1500,900,5400,4400,1600,800,2200,8800,22200,1400,200,2700,300
253.0,18.66,240900,4503415.0,18.66,18.65,18.64,18.63,18.62,18.61,18.6,18.58,18.57,18.56,18.67,18.68,18.69,18.7,18.71,18.73,18.75,18.76,18.77,18.8,3700,4000,200,1500,8800,4000,3800,1500,900,5400,4400,1600,800,2200,8800,22200,1400,200,2700,300
254.0,18.67,242300,4529553.0,18.66,18.65,18.64,18.63,18.62,18.61,18.6,18.58,18.57,18.56,18.67,18.68,18.69,18.7,18.71,18.73,18.75,18.76,18.77,18.8,3700,4000,200,1500,8800,4000,3800,1500,900,5400,3000,1600,800,2200,8800,22200,1400,200,2700,300
255.0,18.67,242600,4535154.0,18.66,18.65,18.64,18.63,18.62,18.61,18.6,18.58,18.57,18.56,18.67,18.68,18.69,18.7,18.71,18.73,18.75,18.76,18.77,18.8,3700,4000,200,1500,8800,4000,3800,1500,900,5400,2700,1600,800,2200,8800,22200,1400,200,2700,300
256.0,18.67,242600,4535154.0,18.66,18.65,18.64,18.63,18.62,18.61,18.6,18.58,18.57,18.56,18.67,18.68,18.69,18.7,18.71,18.73,18.75,18.76,18.77,18.8,3700,4000,200,1500,8800,4000,3800,1500,900,5400,2700,1600,800,2200,8800,22200,1400,200,2700,300
257.0,18.67,242600,4535154.0,18.66,18.65,18.64,18.63,18.62,18.61,18.6,18.58,18.57,18.56,18.67,18.68,18.69,18.7,18.71,18.73,18.75,18.76,18.77,18.8,3700,4000,200,1500,8800,4000,3800,1500,900,5400,2700,1600,800,2200,8800,22200,1400,200,2700,300
258.0,18.67,242600,4535154.0,18.66,18.65,18.64,18.63,18.62,18.61,18.6,18.58,18.57,18.56,18.67,18.68,18.69,18.7,18.71,18.73,18.75,18.76,18.77,18.8,3700,4000,200,1500,8800,4000,3800,1500,900,5400,2700,1600,800,2200,8800,22200,1400,200,2700,300
259.0,18.66,243800,4557548.0,18.66,18.65,18.64,18.63,18.62,18.61,18.6,18.58,18.57,18.56,18.67,18.68,18.69,18.7,18.71,18.73,18.75,18.76,18.77,18.8,2700,4000,200,1500,8800,4000,3800,1500,900,5400,2500,900,800,2200,8800,22200,1400,200,2700,300
260.0,18.66,243800,4557548.0,18.66,18.65,18.64,18.63,18.62,18.61,18.6,18.58,18.57,18.56,18.67,18.68,18.69,18.7,18.71,18.73,18.75,18.76,18.77,18.8,2700,4000,200,1500,8800,4000,3800,1500,900,5400,2500,1100,800,2200,8800,22200,1400,200,2700,300
261.0,18.67,244500,4570617.0,18.66,18.65,18.64,18.63,18.62,18.61,18.6,18.58,18.57,18.56,18.67,18.68,18.69,18.7,18.71,18.73,18.75,18.76,18.77,18.8,2700,4000,200,1500,8800,4000,3800,1500,900,5400,1800,1100,800,2200,8800,22200,1400,200,2700,300
262.0,18.67,244600,4572484.0,18.66,18.65,18.64,18.63,18.62,18.61,18.6,18.58,18.57,18.56,18.67,18.68,18.69,18.7,18.71,18.73,18.75,18.76,18.77,18.8,2700,4000,200,1500,8800,4000,3800,1500,900,5400,1700,1100,800,2200,8800,22200,1400,200,2700,300
263.0,18.66,246200,4602340.0,18.66,18.65,18.64,18.63,18.62,18.61,18.6,18.58,18.57,18.56,18.67,18.68,18.69,18.7,18.71,18.73,18.75,18.76,18.77,18.8,1100,4000,200,1500,8800,4000,3800,1500,900,5400,1700,1100,800,2200,8800,22200,1400,200,2700,300
264.0,18.66,246500,4607938.0,18.66,18.65,18.64,18.63,18.62,18.61,18.6,18.58,18.57,18.56,18.67,18.68,18.69,18.7,18.71,18.73,18.75,18.76,18.77,18.8,800,4000,200,1500,8800,4000,3800,1500,900,5400,1700,1100,800,2200,8800,22200,1400,200,2700,300
265.0,18.66,246500,4607938.0,18.66,18.65,18.64,18.63,18.62,18.61,18.6,18.58,18.57,18.56,18.67,18.68,18.69,18.7,18.71,18.73,18.75,18.76,18.77,18.8,800,4700,200,1500,8800,4000,3800,1500,900,5400,1700,1100,800,2200,8800,22200,1400,200,2700,300
266.0,18.66,247000,4617269.0,18.66,18.65,18.64,18.63,18.62,18.61,18.6,18.58,18.57,18.56,18.67,18.68,18.69,18.7,18.71,18.73,18.75,18.76,18.77,18.8,400,4700,200,1500,8800,4000,3800,1500,900,5400,2200,1100,800,2200,8800,22200,1400,200,2700,300
267.0,18.67,249300,4660210.0,18.67,18.66,18.65,18.64,18.63,18.62,18.61,18.6,18.58,18.57,18.68,18.69,18.7,18.71,18.73,18.75,18.76,18.77,18.8,18.83,2800,400,4700,200,1500,8800,4000,3800,1500,900,1100,800,2200,8800,22200,1400,200,2700,300,1000
268.0,18.67,251500,4701284.0,18.67,18.66,18.65,18.64,18.63,18.62,18.61,18.6,18.58,18.57,18.68,18.69,18.7,18.71,18.73,18.75,18.76,18.77,18.8,18.83,600,400,4700,200,1500,8800,4000,3800,1500,900,1100,800,2200,8800,22200,1400,200,2700,300,1000
269.0,18.68,251600,4703152.0,18.67,18.66,18.65,18.64,18.63,18.62,18.61,18.6,18.58,18.57,18.68,18.69,18.7,18.71,18.73,18.75,18.76,18.77,18.8,18.83,600,400,4700,200,2000,8800,4000,3800,1500,900,1000,800,2200,8800,22200,1400,200,2700,300,1000
270.0,18.68,251600,4703152.0,18.67,18.66,18.65,18.64,18.63,18.62,18.61,18.6,18.58,18.57,18.68,18.69,18.7,18.71,18.73,18.75,18.76,18.77,18.8,18.83,600,1400,4700,200,2000,8800,4000,3800,1500,900,1000,800,2200,8800,22200,1400,200,2700,300,1000
271.0,18.68,251600,4703152.0,18.67,18.66,18.65,18.64,18.63,18.62,18.61,18.6,18.58,18.57,18.68,18.69,18.7,18.71,18.73,18.75,18.76,18.77,18.8,18.83,600,1400,4700,200,2000,8800,4000,3800,1500,900,1000,800,2200,8800,22200,1400,200,2700,300,1000
272.0,18.65,258300,4828133.0,18.64,18.63,18.62,18.61,18.6,18.58,18.57,18.56,18.55,18.54,18.65,18.68,18.69,18.7,18.71,18.73,18.75,18.76,18.77,18.8,6400,2000,8800,4000,3800,1500,900,5400,1500,300,33300,1500,800,2200,8800,22200,1400,200,2700,300
273.0,18.64,259800,4856103.0,18.64,18.63,18.62,18.61,18.6,18.58,18.57,18.56,18.55,18.54,18.65,18.68,18.69,18.7,18.71,18.73,18.75,18.76,18.77,18.8,5900,2000,8800,4000,3800,1500,900,5400,1500,300,32300,1500,800,2200,8800,22200,1400,200,2700,300
274.0,18.65,260300,4865428.0,18.64,18.63,18.62,18.61,18.6,18.58,18.57,18.56,18.55,18.54,18.65,18.68,18.69,18.7,18.71,18.73,18.75,18.76,18.77,18.8,5900,2000,8800,4000,3800,1500,900,5400,1500,300,31800,1500,800,2200,8800,22200,1400,200,2700,300
275.0,18.64,261100,4880340.0,18.64,18.63,18.62,18.61,18.6,18.58,18.57,18.56,18.55,18.54,18.65,18.68,18.69,18.7,18.71,18.73,18.75,18.76,18.77,18.8,5100,2000,8800,4000,3600,1500,900,5400,1500,300,31800,1500,800,2200,8800,22200,1400,200,2700,300
276.0,18.65,261600,4889665.0,18.64,18.63,18.62,18.61,18.6,18.58,18.57,18.56,18.55,18.54,18.65,18.68,18.69,18.7,18.71,18.73,18.75,18.76,18.77,18.8,5100,2000,8800,4000,3600,1500,900,5400,1500,300,31300,1500,800,2200,8800,22200,1400,200,2700,300
277.0,18.64,262100,4898985.0,18.64,18.63,18.62,18.61,18.6,18.58,18.57,18.56,18.55,18.54,18.65,18.68,18.69,18.7,18.71,18.73,18.75,18.76,18.77,18.8,4600,2000,8800,4000,3600,1500,900,5400,1500,300,31300,1500,800,2200,8800,22200,1400,200,2700,300
278.0,18.65,262800,4912040.0,18.64,18.63,18.62,18.61,18.6,18.58,18.57,18.56,18.55,18.54,18.65,18.68,18.69,18.7,18.71,18.73,18.75,18.76,18.77,18.8,4600,2000,8800,4000,3600,1500,900,5400,1500,300,30600,1500,800,2200,8800,22200,1400,200,2700,300
279.0,18.65,262800,4912040.0,18.64,18.63,18.62,18.61,18.6,18.58,18.57,18.56,18.55,18.54,18.65,18.68,18.69,18.7,18.71,18.73,18.75,18.76,18.77,18.8,4600,2000,8800,4000,3600,1500,900,5400,1500,300,30600,1500,800,2200,8800,22200,1400,200,2700,300
280.0,18.65,267000,4990370.0,18.64,18.63,18.62,18.61,18.6,18.58,18.57,18.56,18.55,18.54,18.65,18.68,18.69,18.7,18.71,18.73,18.75,18.76,18.77,18.8,4600,2000,8800,4000,3600,1500,900,5400,1500,300,26400,1500,800,2200,8800,22200,1400,200,2700,600
281.0,18.64,268500,5018341.0,18.64,18.63,18.62,18.61,18.6,18.58,18.57,18.56,18.55,18.54,18.65,18.68,18.69,18.7,18.71,18.73,18.75,18.76,18.77,18.8,4200,2000,8800,4000,3600,1500,900,5400,1500,300,25300,1500,800,2200,8800,22200,1400,200,2700,600
282.0,18.65,293800,5490186.0,18.65,18.64,18.63,18.62,18.61,18.6,18.58,18.57,18.56,18.55,18.66,18.68,18.69,18.7,18.71,18.73,18.75,18.76,18.77,18.8,7700,4200,2000,8800,4000,3600,1500,900,5400,1500,2700,1500,800,2200,8200,22200,1400,200,2700,600
283.0,18.66,294200,5497650.0,18.65,18.64,18.63,18.62,18.61,18.6,18.58,18.57,18.56,18.55,18.66,18.68,18.69,18.7,18.71,18.73,18.75,18.76,18.77,18.8,7700,4200,2000,8800,4000,3600,1500,900,5400,1500,2300,1500,800,2200,8200,22200,1400,200,2700,600
284.0,18.66,294200,5497650.0,18.65,18.64,18.63,18.62,18.61,18.6,18.58,18.57,18.56,18.55,18.66,18.68,18.69,18.7,18.71,18.73,18.75,18.76,18.77,18.8,7700,4200,2000,8800,4000,3600,1500,900,5400,1500,2300,1500,800,2200,8200,22200,1400,200,2700,600
285.0,18.66,296500,5540568.0,18.66,18.65,18.64,18.63,18.62,18.61,18.6,18.58,18.57,18.56,18.68,18.69,18.7,18.71,18.73,18.75,18.76,18.77,18.8,18.83,800,8800,4200,2000,8800,4000,3600,1500,900,5400,1400,800,2200,8200,22200,1400,200,2700,600,1500
286.0,18.66,296500,5540568.0,18.66,18.65,18.64,18.63,18.62,18.61,18.6,18.58,18.57,18.56,18.68,18.69,18.7,18.71,18.73,18.75,18.76,18.77,18.8,18.83,1600,8800,4200,2000,8800,4000,3600,1500,900,5400,1800,800,2200,8200,22200,1400,200,2700,600,1500
287.0,18.68,296600,5542436.0,18.66,18.65,18.64,18.63,18.62,18.61,18.6,18.58,18.57,18.56,18.68,18.69,18.7,18.71,18.75,18.76,18.77,18.8,18.83,18.85,3000,8800,4200,2000,8800,4000,3600,1500,900,5400,3100,800,2200,8200,1400,200,2700,600,1500,1000
288.0,18.68,297000,5549908.0,18.66,18.65,18.64,18.63,18.62,18.61,18.6,18.58,18.57,18.56,18.68,18.69,18.7,18.71,18.75,18.76,18.77,18.8,18.83,18.85,3000,8800,4200,2000,8800,4000,3600,1500,900,5400,2700,800,2200,8200,1400,200,2700,600,1500,1000
289.0,18.68,297000,5549908.0,18.66,18.65,18.64,18.63,18.62,18.61,18.6,18.58,18.57,18.56,18.68,18.69,18.7,18.71,18.75,18.76,18.77,18.8,18.83,18.85,4300,8800,4200,2000,8800,4000,3600,1500,900,5400,4000,800,2200,8200,1400,200,2700,600,1500,1000
290.0,18.68,297400,5557380.0,18.66,18.65,18.64,18.63,18.62,18.61,18.6,18.58,18.57,18.56,18.68,18.69,18.7,18.71,18.75,18.76,18.77,18.8,18.83,18.85,5100,8800,4200,2000,8800,4000,3600,1500,900,5400,4100,800,2200,8200,1400,200,2700,600,1500,1000
291.0,18.68,297800,5564852.0,18.66,18.65,18.64,18.63,18.62,18.61,18.6,18.58,18.57,18.56,18.68,18.69,18.7,18.71,18.75,18.76,18.77,18.8,18.83,18.85,6000,8800,4200,2000,8800,4000,3600,1500,900,5400,4600,800,2200,8200,1400,200,2700,600,1500,1000
292.0,18.68,297800,5564852.0,18.66,18.65,18.64,18.63,18.62,18.61,18.6,18.58,18.57,18.56,18.68,18.69,18.7,18.71,18.75,18.76,18.77,18.8,18.83,18.85,6800,8800,4200,2000,8800,4000,3600,1500,900,5400,5400,800,2200,8200,1400,200,2700,600,1500,1000
293.0,18.66,297900,5566718.0,18.66,18.65,18.64,18.63,18.62,18.61,18.6,18.58,18.57,18.56,18.68,18.69,18.7,18.71,18.75,18.76,18.77,18.8,18.83,18.85,7300,8800,4200,2000,8800,4000,3600,1500,900,5400,5400,800,2500,8200,1400,200,2700,600,1500,1000
294.0,18.68,298400,5576058.0,18.66,18.65,18.64,18.63,18.62,18.61,18.6,18.58,18.57,18.56,18.68,18.69,18.7,18.71,18.75,18.76,18.77,18.8,18.83,18.85,10100,8900,4200,2000,8800,4000,3600,1500,900,5400,6300,800,2500,8200,1400,200,2700,600,1500,1000
295.0,18.68,298400,5576058.0,18.66,18.65,18.64,18.63,18.62,18.61,18.6,18.58,18.57,18.56,18.68,18.69,18.7,18.71,18.75,18.76,18.77,18.8,18.83,18.85,10500,8900,4200,2000,8800,4000,3600,1500,900,5400,6700,800,2500,8200,1400,200,2700,600,1500,1000
296.0,18.68,299400,5594738.0,18.66,18.65,18.64,18.63,18.62,18.61,18.6,18.58,18.57,18.56,18.68,18.69,18.7,18.71,18.75,18.76,18.77,18.8,18.83,18.85,11900,8900,4200,2000,8800,4000,3600,1500,900,5400,7100,800,2500,8200,1400,200,2700,600,1500,1000
297.0,18.68,299900,5604078.0,18.66,18.65,18.64,18.63,18.62,18.61,18.6,18.58,18.57,18.56,18.68,18.69,18.7,18.71,18.75,18.76,18.77,18.8,18.83,18.85,11900,8900,4200,2000,8800,4000,3600,1500,900,5400,6600,800,2500,8200,1400,200,2700,600,1500,1000
298.0,18.66,301200,5628346.0,18.66,18.65,18.64,18.63,18.62,18.61,18.6,18.58,18.57,18.56,18.68,18.69,18.7,18.71,18.75,18.76,18.77,18.8,18.83,18.85,12400,7000,4200,2000,8800,4000,3600,1500,900,5400,7400,800,2500,8200,1400,200,2700,600,1500,1000
299.0,18.66,301200,5628346.0,18.66,18.65,18.64,18.63,18.62,18.61,18.6,18.58,18.57,18.56,18.68,18.69,18.7,18.71,18.75,18.76,18.77,18.8,18.83,18.85,12900,7000,4200,2000,8800,4000,3600,1500,900,5400,7900,800,2500,8200,1400,200,2700,600,1500,1000
300.0,18.66,301400,5632078.0,18.66,18.65,18.64,18.63,18.62,18.61,18.6,18.58,18.57,18.56,18.68,18.69,18.7,18.71,18.75,18.76,18.77,18.8,18.83,18.85,12700,9000,4200,2000,8800,4000,3600,1500,900,5400,7900,800,2500,8200,1400,200,2700,600,1500,1000
301.0,18.66,315100,5887730.0,18.65,18.64,18.63,18.62,18.61,18.6,18.58,18.57,18.56,18.55,18.66,18.68,18.69,18.7,18.71,18.75,18.76,18.77,18.8,18.83,10200,4200,2000,8800,4000,3600,1500,900,5400,1700,9000,8300,800,2500,8200,1400,200,2700,600,1500
302.0,18.66,316400,5911988.0,18.65,18.64,18.63,18.62,18.61,18.6,18.58,18.57,18.56,18.55,18.66,18.68,18.69,18.7,18.71,18.75,18.76,18.77,18.8,18.83,10200,4200,2000,8800,4000,3600,1500,900,5400,1700,8300,8300,800,2200,8200,1400,200,2700,600,1500
303.0,18.66,316500,5913854.0,18.65,18.64,18.63,18.62,18.61,18.6,18.58,18.57,18.56,18.55,18.66,18.68,18.69,18.7,18.71,18.75,18.76,18.77,18.8,18.83,10200,4200,2000,8800,4000,3600,1500,900,5400,1700,8200,8300,800,2200,8200,1400,200,2700,600,1500
304.0,18.66,320300,5984762.0,18.65,18.64,18.63,18.62,18.61,18.6,18.58,18.57,18.56,18.55,18.66,18.68,18.69,18.7,18.71,18.75,18.76,18.77,18.8,18.83,10200,4200,2000,8800,4000,3600,1500,900,5400,1700,6600,8300,800,2200,8200,1400,200,2700,600,1500
305.0,18.67,329600,6158327.0,18.66,18.65,18.64,18.63,18.62,18.61,18.6,18.58,18.57,18.56,18.67,18.68,18.69,18.7,18.71,18.75,18.76,18.77,18.8,18.83,14000,10600,4200,2000,8800,4000,3600,1500,900,5400,300,8300,800,2200,8200,1400,200,2700,600,1500
306.0,18.67,329900,6163928.0,18.67,18.66,18.65,18.64,18.63,18.62,18.61,18.6,18.58,18.57,18.68,18.69,18.7,18.71,18.75,18.76,18.77,18.8,18.83,18.85,2200,14000,10600,4200,2000,8800,4000,3600,1500,900,8300,800,2200,8200,1400,200,2700,600,1500,1000
307.0,18.68,331000,6184476.0,18.67,18.66,18.65,18.64,18.63,18.62,18.61,18.6,18.58,18.57,18.68,18.69,18.7,18.71,18.75,18.76,18.77,18.8,18.83,18.85,2200,14000,10600,4200,2000,8800,4000,3600,1500,900,7200,800,2200,8200,1400,200,2700,600,1500,1000
308.0,18.68,333800,6236780.0,18.67,18.66,18.65,18.64,18.63,18.62,18.61,18.6,18.58,18.57,18.68,18.69,18.7,18.71,18.75,18.76,18.77,18.8,18.83,18.85,2200,16400,10200,4200,2000,8800,4000,3600,1500,900,4400,800,2200,8200,1700,200,2700,600,1500,1000
309.0,18.68,334500,6249856.0,18.67,18.66,18.65,18.64,18.63,18.62,18.61,18.6,18.58,18.57,18.68,18.69,18.7,18.71,18.75,18.76,18.77,18.8,18.83,18.85,2200,16400,10200,4200,2000,8800,4000,3600,1500,900,3700,800,2200,8200,1700,200,2700,600,1500,1000
310.0,18.68,335000,6259196.0,18.67,18.66,18.65,18.64,18.63,18.62,18.61,18.6,18.58,18.57,18.68,18.69,18.7,18.71,18.75,18.76,18.77,18.8,18.83,18.85,2200,16400,8200,4200,2000,8800,4000,3600,1500,900,3200,800,2200,8200,1700,200,2700,600,1500,1000
311.0,18.68,337100,6298424.0,18.67,18.66,18.65,18.64,18.63,18.62,18.61,18.6,18.58,18.57,18.68,18.69,18.7,18.71,18.75,18.76,18.77,18.8,18.83,18.85,2200,16400,8200,4200,2000,8800,4000,3600,1500,900,1100,800,2200,8200,1700,200,2700,600,1500,1000
312.0,18.68,338100,6317104.0,18.67,18.66,18.65,18.64,18.63,18.62,18.61,18.6,18.58,18.57,18.68,18.69,18.7,18.71,18.75,18.76,18.77,18.8,18.83,18.85,2200,16400,8200,4200,2000,8800,4000,3600,1500,900,100,800,2200,8200,1400,200,2700,600,1500,1000
313.0,18.68,338100,6317104.0,18.67,18.66,18.65,18.64,18.63,18.62,18.61,18.6,18.58,18.57,18.68,18.69,18.7,18.71,18.75,18.76,18.77,18.8,18.83,18.85,2200,16400,8200,4200,2000,8800,4000,3600,1500,900,100,800,2200,8200,1400,200,2700,600,1500,1000
314.0,18.68,338100,6317104.0,18.67,18.66,18.65,18.64,18.63,18.62,18.61,18.6,18.58,18.57,18.68,18.69,18.7,18.71,18.75,18.76,18.77,18.8,18.83,18.85,2200,16400,8200,4200,2000,8800,4000,3600,1500,900,100,800,2200,8200,1400,500,2700,600,1500,1000
315.0,18.68,338100,6317104.0,18.67,18.66,18.65,18.64,18.63,18.62,18.61,18.6,18.58,18.57,18.68,18.69,18.7,18.71,18.75,18.76,18.77,18.8,18.83,18.85,2200,16400,8200,4200,2000,8800,4000,3600,1500,900,100,800,2800,8200,1400,500,2700,600,1500,1000
316.0,18.67,338300,6320838.0,18.67,18.66,18.65,18.64,18.63,18.62,18.61,18.6,18.58,18.57,18.68,18.69,18.7,18.71,18.75,18.76,18.77,18.8,18.83,18.85,2000,16400,8200,4200,2000,8800,4000,3600,1500,900,100,800,2800,8200,1400,500,2700,600,1500,1000
317.0,18.68,338400,6322706.0,18.67,18.66,18.65,18.64,18.63,18.62,18.61,18.6,18.58,18.57,18.69,18.7,18.71,18.75,18.76,18.77,18.8,18.83,18.85,18.88,2000,16400,8200,4200,2000,8800,4000,3600,1500,900,800,2800,8200,1400,500,2700,600,1500,1000,500
318.0,18.68,338400,6322706.0,18.67,18.66,18.65,18.64,18.63,18.62,18.61,18.6,18.58,18.57,18.69,18.7,18.71,18.75,18.76,18.77,18.8,18.83,18.85,18.88,3200,16400,8200,4200,2000,8800,4000,3600,1500,900,2000,2800,8200,1400,500,2700,600,1500,1000,500
319.0,18.69,339300,6339527.0,18.67,18.66,18.65,18.64,18.63,18.62,18.61,18.6,18.58,18.57,18.69,18.7,18.71,18.75,18.76,18.77,18.8,18.83,18.85,18.88,3200,16400,8200,4200,2000,8800,4000,3600,1500,900,1100,2800,8200,1400,500,2700,600,1500,1000,500
320.0,18.69,339300,6339527.0,18.68,18.67,18.66,18.65,18.64,18.63,18.62,18.61,18.6,18.58,18.69,18.7,18.71,18.75,18.76,18.77,18.8,18.83,18.85,18.88,1200,3900,16400,10200,4200,2000,8800,4000,3600,1500,1800,2800,8200,1400,500,2700,600,1500,1000,500
321.0,18.69,339400,6341396.0,18.68,18.67,18.66,18.65,18.64,18.63,18.62,18.61,18.6,18.58,18.69,18.7,18.71,18.75,18.76,18.77,18.8,18.83,18.85,18.88,1200,3900,16400,10200,4200,2000,8800,4000,3600,1500,1700,2800,8200,1400,500,2700,600,1500,1000,500
322.0,18.69,339600,6345134.0,18.68,18.67,18.66,18.65,18.64,18.63,18.62,18.61,18.6,18.58,18.69,18.7,18.71,18.75,18.76,18.77,18.8,18.83,18.85,18.88,1200,3900,16400,10200,4200,2000,8800,4000,3600,1500,1500,2800,8200,1400,500,2700,600,1500,1000,500
323.0,18.69,341100,6373169.0,18.68,18.67,18.66,18.65,18.64,18.63,18.62,18.61,18.6,18.58,18.7,18.71,18.75,18.76,18.77,18.8,18.83,18.85,18.88,18.9,1200,3900,16400,10200,4200,2000,8800,4000,3600,1500,2800,8200,1400,500,2700,600,1500,1000,500,4700
324.0,18.7,341500,6380649.0,18.68,18.67,18.66,18.65,18.64,18.63,18.62,18.61,18.6,18.58,18.7,18.71,18.75,18.76,18.77,18.8,18.83,18.85,18.88,18.9,1700,3900,16400,10200,4200,2000,8800,4000,3600,1500,2900,8200,1400,500,2700,600,1500,1000,500,4700
325.0,18.7,341500,6380649.0,18.68,18.67,18.66,18.65,18.64,18.63,18.62,18.61,18.6,18.58,18.7,18.71,18.75,18.76,18.77,18.8,18.83,18.85,18.88,18.9,2400,3900,16400,10200,4200,2000,8800,4000,3600,1500,3600,8200,1400,500,2700,600,1500,1000,500,4700
326.0,18.7,341500,6380649.0,18.68,18.67,18.66,18.65,18.64,18.63,18.62,18.61,18.6,18.58,18.69,18.7,18.71,18.75,18.76,18.77,18.8,18.83,18.85,18.88,2900,3900,16400,10200,4200,2000,8800,4000,3600,1500,200,4100,8200,1400,200,2700,600,1500,1000,500
327.0,18.7,341500,6380649.0,18.68,18.67,18.66,18.65,18.64,18.63,18.62,18.61,18.6,18.58,18.69,18.7,18.71,18.75,18.76,18.77,18.8,18.83,18.85,18.88,2900,3900,16400,10200,4200,2000,8800,4000,3600,1500,200,4100,8200,1400,200,2700,600,1500,1000,500
328.0,18.7,341500,6380649.0,18.68,18.67,18.66,18.65,18.64,18.63,18.62,18.61,18.6,18.58,18.69,18.7,18.71,18.75,18.76,18.77,18.8,18.83,18.85,18.88,2900,3900,16400,10200,4200,2000,8800,4000,3600,1500,200,4100,8200,1400,200,2700,600,1500,1000,500
329.0,18.69,341600,6382518.0,18.68,18.67,18.66,18.65,18.64,18.63,18.62,18.61,18.6,18.58,18.69,18.7,18.71,18.75,18.76,18.77,18.8,18.83,18.85,18.88,2900,3900,16400,10200,4200,2000,8800,4000,3600,1500,100,4100,8200,1400,200,2700,600,1500,1000,500
330.0,18.69,341600,6382518.0,18.68,18.67,18.66,18.65,18.64,18.63,18.62,18.61,18.6,18.58,18.69,18.7,18.71,18.75,18.76,18.77,18.8,18.83,18.85,18.88,2900,3900,16400,10200,4200,2000,8800,4000,3600,1500,100,4100,8300,1400,200,2700,600,1500,1000,500
331.0,18.69,341600,6382518.0,18.68,18.67,18.66,18.65,18.64,18.63,18.62,18.61,18.6,18.58,18.69,18.7,18.71,18.75,18.76,18.77,18.8,18.83,18.85,18.88,2900,3900,16400,10200,4200,2000,8800,4000,3900,1500,100,4800,8300,1400,200,2700,600,1500,1000,500
332.0,18.7,342100,6391867.0,18.68,18.67,18.66,18.65,18.64,18.63,18.62,18.61,18.6,18.58,18.7,18.71,18.75,18.76,18.77,18.8,18.83,18.85,18.88,18.9,2900,3900,16400,10200,4200,2000,8800,4000,3900,1500,4400,8300,1400,500,2700,600,1500,1000,500,4700
333.0,18.7,342100,6391867.0,18.68,18.67,18.66,18.65,18.64,18.63,18.62,18.61,18.6,18.58,18.7,18.71,18.75,18.76,18.77,18.8,18.83,18.85,18.88,18.9,2900,3900,16400,10200,4200,2000,8800,4000,3900,1500,4400,8300,1400,500,2700,600,1500,1000,500,4700
334.0,18.7,342900,6406827.0,18.68,18.67,18.66,18.65,18.64,18.63,18.62,18.61,18.6,18.58,18.7,18.71,18.75,18.76,18.77,18.8,18.83,18.85,18.88,18.9,3400,3900,16400,17200,4200,2000,8800,4000,3900,1500,4100,8300,1400,500,2700,600,1500,1000,500,4700
335.0,18.7,342900,6406827.0,18.68,18.67,18.66,18.65,18.64,18.63,18.62,18.61,18.6,18.58,18.7,18.71,18.75,18.76,18.77,18.8,18.83,18.85,18.88,18.9,4100,3900,16400,17200,4200,2000,8800,4000,3900,1500,4800,8300,1400,500,2700,600,1500,1000,500,4700
336.0,18.7,346700,6477887.0,18.68,18.67,18.66,18.65,18.64,18.63,18.62,18.61,18.6,18.58,18.7,18.71,18.75,18.76,18.77,18.8,18.83,18.85,18.88,18.9,4100,3900,16900,17200,4200,2000,8800,4000,3900,1500,1000,8300,1400,500,2700,600,1500,1000,500,4700
337.0,18.7,348200,6505937.0,18.7,18.68,18.67,18.66,18.65,18.64,18.63,18.62,18.61,18.6,18.71,18.75,18.76,18.77,18.8,18.83,18.85,18.88,18.9,18.91,3600,4600,3900,16900,17200,4200,2000,8800,4000,3900,8300,1400,500,2700,600,1500,1000,500,4700,1000
338.0,18.7,348200,6505937.0,18.7,18.68,18.67,18.66,18.65,18.64,18.63,18.62,18.61,18.6,18.71,18.75,18.76,18.77,18.8,18.83,18.85,18.88,18.9,18.91,3900,4600,3900,16900,17200,4200,2000,8800,4000,3900,8300,1400,200,2700,600,1500,1000,500,4700,1000
339.0,18.7,348200,6505937.0,18.7,18.68,18.67,18.66,18.65,18.64,18.63,18.62,18.61,18.6,18.71,18.75,18.76,18.77,18.8,18.83,18.85,18.88,18.9,18.91,5100,4600,3900,16900,18200,4200,2000,8800,4000,3900,8300,1400,200,2700,600,1500,1000,500,4700,1000
340.0,18.71,349500,6530260.0,18.7,18.68,18.67,18.66,18.65,18.64,18.63,18.62,18.61,18.6,18.71,18.75,18.76,18.77,18.8,18.83,18.85,18.88,18.9,18.91,5100,4600,3900,16900,18200,4200,2000,8800,4000,3900,7000,1400,200,2700,600,1500,1000,500,4700,1000
341.0,18.71,349600,6532131.0,18.7,18.68,18.67,18.66,18.65,18.64,18.63,18.62,18.61,18.6,18.71,18.75,18.76,18.77,18.8,18.83,18.85,18.88,18.9,18.91,5100,4600,3900,16900,18200,4200,2000,8800,4000,3900,6900,1400,200,3000,600,1500,1000,500,4700,1000
342.0,18.71,351400,6565809.0,18.7,18.68,18.67,18.66,18.65,18.64,18.63,18.62,18.61,18.6,18.71,18.75,18.76,18.77,18.8,18.83,18.85,18.88,18.9,18.91,5100,4600,3900,16900,18200,4200,2000,8800,4000,3900,5100,1400,200,3000,600,1500,1000,500,4700,1000
343.0,18.71,351400,6565809.0,18.7,18.68,18.67,18.66,18.65,18.64,18.63,18.62,18.61,18.6,18.71,18.75,18.76,18.77,18.8,18.83,18.85,18.88,18.9,18.91,5100,4600,3900,16900,18200,4200,2000,8800,4000,3900,5100,1400,200,3000,600,1500,1000,500,4700,1000
344.0,18.71,352100,6578906.0,18.7,18.68,18.67,18.66,18.65,18.64,18.63,18.62,18.61,18.6,18.71,18.75,18.76,18.77,18.8,18.83,18.85,18.88,18.9,18.91,5100,4600,3900,17900,18200,4200,2000,8800,4000,3900,4400,1400,200,3000,600,1500,1000,500,4700,1000
345.0,18.71,352200,6580777.0,18.7,18.68,18.67,18.66,18.65,18.64,18.63,18.62,18.61,18.6,18.71,18.75,18.76,18.77,18.8,18.83,18.85,18.88,18.9,18.91,5100,4600,3900,17900,18200,4200,2000,8800,4000,3900,4300,1400,200,3000,600,1500,1000,500,4700,1000
346.0,18.71,352200,6580777.0,18.7,18.68,18.67,18.66,18.65,18.64,18.63,18.62,18.61,18.6,18.71,18.75,18.76,18.77,18.8,18.83,18.85,18.88,18.9,18.91,5100,4600,3900,17900,18200,4200,2000,8800,4000,3900,4300,1400,200,3000,600,1500,1000,500,4700,1000
347.0,18.71,352500,6586390.0,18.7,18.68,18.67,18.66,18.65,18.64,18.63,18.62,18.61,18.6,18.71,18.75,18.76,18.77,18.8,18.83,18.85,18.88,18.9,18.91,5100,4600,3900,17900,17100,4200,2000,8800,4000,5900,4000,1400,200,3000,600,1500,1000,500,4700,1000
348.0,18.71,352900,6593874.0,18.7,18.68,18.67,18.66,18.65,18.64,18.63,18.62,18.61,18.6,18.71,18.75,18.76,18.77,18.8,18.83,18.85,18.88,18.9,18.91,5100,4600,3900,17900,17100,4200,2000,8800,4000,5900,3600,1400,200,3000,600,1500,1000,500,4700,1000
349.0,18.71,353300,6601358.0,18.7,18.68,18.67,18.66,18.65,18.64,18.63,18.62,18.61,18.6,18.71,18.75,18.76,18.77,18.8,18.83,18.85,18.88,18.9,18.91,5100,4600,3900,17900,17100,4200,2000,8800,4000,5900,3200,1400,200,3000,600,1500,1000,500,4700,1000
350.0,18.71,356500,6661230.0,18.71,18.7,18.68,18.67,18.66,18.65,18.64,18.63,18.62,18.61,18.75,18.76,18.77,18.8,18.83,18.85,18.88,18.9,18.91,18.92,2700,5100,4600,3900,17900,17100,4200,2000,8800,4000,1400,200,3000,600,1500,1000,500,4700,1000,5000
351.0,18.75,356600,6663105.0,18.71,18.7,18.68,18.67,18.66,18.65,18.64,18.63,18.62,18.61,18.75,18.76,18.77,18.8,18.83,18.85,18.88,18.9,18.91,18.92,3100,5100,4600,3900,17900,17100,4200,2000,8800,4000,1700,200,3000,600,1500,1000,500,4700,1000,5000
352.0,18.75,356600,6663105.0,18.71,18.7,18.68,18.67,18.66,18.65,18.64,18.63,18.62,18.61,18.75,18.76,18.77,18.8,18.83,18.85,18.88,18.9,18.91,18.92,3800,5100,4600,3900,17900,17100,4200,2000,8800,4000,2400,200,3000,600,1500,1000,500,4700,1000,5000
353.0,18.75,356700,6664980.0,18.74,18.71,18.7,18.68,18.67,18.66,18.65,18.64,18.63,18.62,18.75,18.76,18.77,18.8,18.83,18.85,18.88,18.9,18.91,18.92,200,5100,5100,4600,3900,17900,17100,4200,2000,8800,3200,200,3000,600,1500,1000,500,4700,1000,5000
354.0,18.75,357600,6681855.0,18.74,18.71,18.7,18.68,18.67,18.66,18.65,18.64,18.63,18.62,18.75,18.76,18.77,18.8,18.83,18.85,18.88,18.9,18.91,18.92,200,5100,5100,4600,3900,17900,17100,4200,2000,8800,2300,200,3000,600,1500,1000,500,4700,1000,5000
355.0,18.71,359700,6721152.0,18.71,18.7,18.68,18.67,18.66,18.65,18.64,18.63,18.62,18.61,18.75,18.76,18.77,18.8,18.83,18.85,18.88,18.9,18.91,18.92,3200,5100,4600,3900,22500,17100,4200,2000,8800,4000,2300,200,3000,600,1500,1000,500,4700,1000,5000
356.0,18.71,359700,6721152.0,18.71,18.7,18.68,18.67,18.66,18.65,18.64,18.63,18.62,18.61,18.75,18.76,18.77,18.8,18.83,18.85,18.88,18.9,18.91,18.92,4300,5100,4600,3900,22500,17100,4200,2000,8800,4000,3400,200,3000,600,1500,1000,500,4700,1000,5000
357.0,18.75,360000,6726777.0,18.71,18.7,18.68,18.67,18.66,18.65,18.64,18.63,18.62,18.61,18.75,18.76,18.77,18.8,18.83,18.85,18.88,18.9,18.91,18.92,4300,5100,4600,3900,22500,17100,4200,2000,8800,4000,3100,200,3000,600,1500,1000,500,4700,1000,5000
358.0,18.75,360300,6732402.0,18.71,18.7,18.68,18.67,18.66,18.65,18.64,18.63,18.62,18.61,18.75,18.76,18.77,18.8,18.83,18.85,18.88,18.9,18.91,18.92,5200,1500,4600,3900,22500,17100,4200,2000,8800,4000,3700,200,3000,600,1500,1000,500,4700,1000,5000
359.0,18.75,360300,6732402.0,18.71,18.7,18.68,18.67,18.66,18.65,18.64,18.63,18.62,18.61,18.75,18.76,18.77,18.8,18.83,18.85,18.88,18.9,18.91,18.92,5900,1500,4600,3900,22500,17100,4200,2000,8800,4000,4400,200,3000,600,1500,1000,500,4700,1000,5000
360.0,18.75,360300,6732402.0,18.71,18.7,18.68,18.67,18.66,18.65,18.64,18.63,18.62,18.61,18.75,18.76,18.77,18.8,18.83,18.85,18.88,18.9,18.91,18.92,6700,1500,4600,3900,22500,17100,4200,2000,8800,4000,5200,200,3000,600,1500,1000,500,4700,1000,5000
361.0,18.75,360800,6741777.0,18.71,18.7,18.68,18.67,18.66,18.65,18.64,18.63,18.62,18.61,18.75,18.76,18.77,18.8,18.83,18.85,18.88,18.9,18.91,18.92,7400,1500,4600,3900,22500,17100,4200,2000,8800,4000,5400,200,3000,600,1500,1000,500,4700,1000,5000
362.0,18.75,360800,6741777.0,18.71,18.7,18.68,18.67,18.66,18.65,18.64,18.63,18.62,18.61,18.75,18.76,18.77,18.8,18.83,18.85,18.88,18.9,18.91,18.92,7400,1500,4600,3900,22500,17100,4200,2000,8800,4000,6200,200,3000,600,1500,1000,500,4700,1000,5000
363.0,18.75,360800,6741777.0,18.71,18.7,18.68,18.67,18.66,18.65,18.64,18.63,18.62,18.61,18.75,18.76,18.77,18.8,18.83,18.85,18.88,18.9,18.91,18.92,8900,300,4600,3900,22500,17200,4200,2000,8800,4000,6900,200,3000,600,1500,1000,500,4700,1000,5000
364.0,18.71,363100,6784850.0,18.71,18.7,18.68,18.67,18.66,18.65,18.64,18.63,18.62,18.61,18.75,18.76,18.77,18.8,18.83,18.85,18.88,18.9,18.91,18.92,9600,300,4600,3900,22500,17300,4200,2000,8800,4000,5900,200,3000,600,1500,1000,500,4700,1000,5000
365.0,18.71,363100,6784850.0,18.71,18.7,18.68,18.67,18.66,18.65,18.64,18.63,18.62,18.61,18.75,18.76,18.77,18.8,18.83,18.85,18.88,18.9,18.91,18.92,13000,300,4600,3900,22500,17300,4200,2000,8800,4000,7400,200,3000,600,1500,1000,500,4700,1000,5000
366.0,18.75,364100,6803600.0,18.71,18.7,18.68,18.67,18.66,18.65,18.64,18.63,18.62,18.61,18.75,18.76,18.77,18.8,18.83,18.85,18.88,18.9,18.91,18.92,13000,300,4600,3900,22500,17300,4200,2000,8800,4000,6400,200,3000,600,1500,1000,500,4700,1000,5000
367.0,18.75,364100,6803600.0,18.71,18.7,18.68,18.67,18.66,18.65,18.64,18.63,18.62,18.61,18.75,18.76,18.77,18.8,18.83,18.85,18.88,18.9,18.91,18.92,14400,300,4600,3900,22500,17300,4200,2000,8800,4000,7800,200,3000,600,1500,1000,500,4700,1000,5000
368.0,18.75,364600,6812975.0,18.71,18.7,18.68,18.67,18.66,18.65,18.64,18.63,18.62,18.61,18.75,18.76,18.77,18.8,18.83,18.85,18.88,18.9,18.91,18.92,14400,300,4600,3900,22500,17300,4200,2000,8800,4000,7300,200,2700,600,1500,1000,500,4700,1000,5000
369.0,18.75,364600,6812975.0,18.71,18.7,18.68,18.67,18.66,18.65,18.64,18.63,18.62,18.61,18.75,18.76,18.77,18.8,18.83,18.85,18.88,18.9,18.91,18.92,15100,300,4600,4200,22500,17300,4200,2000,8800,4000,8600,200,2700,600,1500,1000,500,4700,1000,5000
370.0,18.75,364600,6812975.0,18.71,18.7,18.68,18.67,18.66,18.65,18.64,18.63,18.62,18.61,18.75,18.76,18.77,18.8,18.83,18.85,18.88,18.9,18.91,18.92,15700,300,4600,4200,22500,17300,4200,2000,8800,4000,8600,200,2700,600,1500,1000,500,4700,1000,5000
371.0,18.75,365100,6822350.0,18.71,18.7,18.68,18.67,18.66,18.65,18.64,18.63,18.62,18.61,18.75,18.76,18.77,18.8,18.83,18.85,18.88,18.9,18.91,18.92,16300,300,4600,4200,22500,17300,4200,2000,8800,4000,8700,200,2700,900,1500,1000,500,4700,1000,5000
372.0,18.75,365600,6831725.0,18.71,18.7,18.68,18.67,18.66,18.65,18.64,18.63,18.62,18.61,18.75,18.76,18.77,18.8,18.83,18.85,18.88,18.9,18.91,18.92,16900,300,4600,4200,22500,17300,4200,2000,8800,4000,8800,200,2700,900,1500,1000,500,4700,1000,5000
373.0,18.75,365600,6831725.0,18.71,18.7,18.68,18.67,18.66,18.65,18.64,18.63,18.62,18.61,18.75,18.76,18.77,18.8,18.83,18.85,18.88,18.9,18.91,18.92,17200,300,4600,4200,22500,17300,4200,2000,8800,4000,9200,200,2700,900,1500,1000,500,4700,1000,5000
374.0,18.75,365600,6831725.0,18.71,18.7,18.68,18.67,18.66,18.65,18.64,18.63,18.62,18.61,18.75,18.76,18.77,18.8,18.83,18.85,18.88,18.9,18.91,18.92,17900,300,4600,4200,22500,17300,4200,2000,8800,4000,9900,200,2700,900,1500,1000,500,4700,1000,5000
375.0,18.75,365600,6831725.0,18.71,18.7,18.68,18.67,18.66,18.65,18.64,18.63,18.62,18.61,18.75,18.76,18.77,18.8,18.83,18.85,18.88,18.9,18.91,18.92,17900,300,4600,4200,22500,17300,4200,2000,8800,4000,9900,200,2700,900,1500,1000,500,4700,1000,5000
376.0,18.75,365600,6831725.0,18.71,18.7,18.68,18.67,18.66,18.65,18.64,18.63,18.62,18.61,18.74,18.75,18.76,18.77,18.8,18.83,18.85,18.88,18.9,18.91,18100,300,4600,4200,22500,17300,4200,2000,8800,4000,2600,10100,200,2700,900,1500,1000,500,4700,1000
377.0,18.74,366100,6841095.0,18.71,18.7,18.68,18.67,18.66,18.65,18.64,18.63,18.62,18.61,18.73,18.74,18.75,18.76,18.77,18.8,18.83,18.85,18.88,18.9,18400,300,4600,4200,19100,16100,4200,2000,8800,4000,500,3200,10100,200,2700,600,1500,1000,500,4700
378.0,18.74,366100,6841095.0,18.71,18.7,18.68,18.67,18.66,18.65,18.64,18.63,18.62,18.61,18.73,18.74,18.75,18.76,18.77,18.8,18.83,18.85,18.88,18.9,18400,300,4600,4200,19100,16100,4200,2000,8800,4000,500,3200,10100,200,2700,600,1500,1000,500,4700
379.0,18.74,366100,6841095.0,18.71,18.7,18.68,18.67,18.66,18.65,18.64,18.63,18.62,18.61,18.73,18.74,18.75,18.76,18.77,18.8,18.83,18.85,18.88,18.9,18400,300,4600,4200,19100,16100,4200,2000,8800,4000,500,3200,10100,200,2700,600,1500,1000,500,4700
380.0,18.74,366100,6841095.0,18.71,18.7,18.68,18.67,18.66,18.65,18.64,18.63,18.62,18.61,18.73,18.74,18.75,18.76,18.77,18.8,18.83,18.85,18.88,18.9,18400,300,4600,4200,19100,15100,4200,2000,8800,4000,500,3200,10100,200,2700,600,1500,1000,500,4700
381.0,18.74,366100,6841095.0,18.71,18.7,18.68,18.67,18.66,18.65,18.64,18.63,18.62,18.61,18.73,18.74,18.75,18.76,18.77,18.8,18.83,18.85,18.88,18.9,18400,300,4600,4200,19100,15100,4200,2000,8800,4000,500,3200,10100,200,2700,600,1500,1000,500,4700
382.0,18.74,366100,6841095.0,18.71,18.7,18.68,18.67,18.66,18.65,18.64,18.63,18.62,18.61,18.73,18.74,18.75,18.76,18.77,18.8,18.83,18.85,18.88,18.9,18400,300,4600,4200,19800,15100,4200,2000,8800,4000,500,3200,10100,200,2700,600,1500,1000,500,4700
383.0,18.74,366100,6841095.0,18.71,18.7,18.68,18.67,18.66,18.65,18.64,18.63,18.62,18.61,18.73,18.74,18.75,18.76,18.77,18.8,18.83,18.85,18.88,18.9,18400,300,4600,4200,19800,15100,4200,2000,8800,4000,500,3200,10100,200,2700,600,1500,1000,500,4700
384.0,18.71,366600,6850450.0,18.71,18.7,18.68,18.67,18.66,18.65,18.64,18.63,18.62,18.61,18.73,18.74,18.75,18.76,18.77,18.8,18.83,18.85,18.88,18.9,17900,300,4600,4200,19800,15100,4200,2000,8800,4000,500,3200,10100,200,2700,600,1500,1000,500,4700
385.0,18.71,366600,6850450.0,18.71,18.7,18.68,18.67,18.66,18.65,18.64,18.63,18.62,18.61,18.73,18.74,18.75,18.76,18.77,18.8,18.83,18.85,18.88,18.9,17900,300,4600,4200,19800,15100,4200,2000,8800,4000,500,3200,10100,200,2700,600,1500,1000,500,4700
386.0,18.71,366600,6850450.0,18.71,18.7,18.68,18.67,18.66,18.65,18.64,18.63,18.62,18.61,18.73,18.74,18.75,18.76,18.77,18.8,18.83,18.85,18.88,18.9,17900,300,4600,4200,19800,15100,4200,2000,8800,4000,500,3200,10100,200,2700,600,1500,1000,500,4700
387.0,18.71,366600,6850450.0,18.71,18.7,18.68,18.67,18.66,18.65,18.64,18.63,18.62,18.61,18.73,18.74,18.75,18.76,18.77,18.8,18.83,18.85,18.88,18.9,17900,300,4600,4200,19800,15100,4200,2000,8800,4000,500,3200,10100,200,2700,600,1500,1000,500,4700
388.0,18.71,368600,6887870.0,18.71,18.7,18.68,18.67,18.66,18.65,18.64,18.63,18.62,18.61,18.73,18.74,18.75,18.76,18.77,18.8,18.83,18.85,18.88,18.9,15900,300,4600,4200,19800,15100,4200,2000,8800,4000,500,3200,10100,200,2700,600,1500,1000,500,4700
389.0,18.73,368700,6889743.0,18.71,18.7,18.68,18.67,18.66,18.65,18.64,18.63,18.62,18.61,18.73,18.74,18.75,18.76,18.77,18.8,18.83,18.85,18.88,18.9,15900,300,4600,4200,19800,15100,4200,2000,8800,4000,400,3200,10400,200,2700,600,1500,1000,500,4700
390.0,18.73,368700,6889743.0,18.71,18.7,18.68,18.67,18.66,18.65,18.64,18.63,18.62,18.61,18.73,18.74,18.75,18.76,18.77,18.8,18.83,18.85,18.88,18.9,15900,300,4600,4200,19800,15100,4200,2000,8800,4000,400,3200,10400,200,2700,600,1500,1000,500,4700
391.0,18.71,369200,6899098.0,18.71,18.7,18.68,18.67,18.66,18.65,18.64,18.63,18.62,18.61,18.73,18.74,18.75,18.76,18.77,18.8,18.83,18.85,18.88,18.9,15400,300,4600,4200,19800,15100,4200,2000,8800,4000,400,3200,10400,200,2700,600,1500,1000,500,4700
392.0,18.71,372200,6955228.0,18.71,18.7,18.68,18.67,18.66,18.65,18.64,18.63,18.62,18.61,18.73,18.74,18.75,18.76,18.77,18.8,18.83,18.85,18.88,18.9,12400,300,4600,4200,19800,15100,4200,2000,8800,4000,400,3200,10400,200,2700,600,1500,1000,500,4700
393.0,18.71,372200,6955228.0,18.71,18.7,18.68,18.67,18.66,18.65,18.64,18.63,18.62,18.61,18.73,18.74,18.75,18.76,18.77,18.8,18.83,18.85,18.88,18.9,12400,300,4600,4200,19800,15600,4200,2000,8800,4000,400,2400,10400,200,2700,600,1500,1000,500,4700
394.0,18.71,372700,6964583.0,18.71,18.7,18.68,18.67,18.66,18.65,18.64,18.63,18.62,18.61,18.73,18.74,18.75,18.76,18.77,18.8,18.83,18.85,18.88,18.9,11900,300,4600,4200,19800,15600,4200,2000,8800,4000,400,2400,10400,200,2700,600,1500,1000,500,4700
395.0,18.71,372700,6964583.0,18.71,18.7,18.68,18.67,18.66,18.65,18.64,18.63,18.62,18.61,18.73,18.74,18.75,18.76,18.77,18.8,18.83,18.85,18.88,18.9,11900,300,4600,4200,19800,15600,4200,2000,8800,4000,400,2400,10100,200,2700,600,1500,1000,500,4700
396.0,18.71,372700,6964583.0,18.71,18.7,18.68,18.67,18.66,18.65,18.64,18.63,18.62,18.61,18.73,18.74,18.75,18.76,18.77,18.8,18.83,18.85,18.88,18.9,11900,300,4600,4200,19800,15600,4200,2000,8800,4000,400,2400,10100,200,2700,600,1500,1000,500,4700
397.0,18.71,372700,6964583.0,18.71,18.7,18.68,18.67,18.66,18.65,18.64,18.63,18.62,18.61,18.73,18.74,18.75,18.76,18.77,18.8,18.83,18.85,18.88,18.9,11900,300,4600,4200,19800,15600,4200,2000,8800,4000,400,2400,10100,200,2700,600,1500,1000,500,4700
398.0,18.71,374300,6994519.0,18.71,18.7,18.68,18.67,18.66,18.65,18.64,18.63,18.62,18.61,18.73,18.74,18.75,18.76,18.77,18.8,18.83,18.85,18.88,18.9,10300,300,4600,4200,19800,15600,4200,2000,8800,4000,400,2700,10100,200,2700,600,1500,1000,500,4700
399.0,18.71,374300,6994519.0,18.71,18.7,18.68,18.67,18.66,18.65,18.64,18.63,18.62,18.61,18.73,18.74,18.75,18.76,18.77,18.8,18.83,18.85,18.88,18.9,10300,300,4600,4200,19800,15600,4200,2000,8800,4000,400,2700,10100,200,2700,600,1500,1000,500,4700
400.0,18.71,374300,6994519.0,18.71,18.7,18.68,18.67,18.66,18.65,18.64,18.63,18.62,18.61,18.73,18.74,18.75,18.76,18.77,18.8,18.83,18.85,18.88,18.9,10300,300,4600,4200,19800,15600,4200,2000,8800,4000,400,2700,10100,200,2700,600,1500,1000,500,4700
401.0,18.71,374800,7003874.0,18.71,18.7,18.68,18.67,18.66,18.65,18.64,18.63,18.62,18.61,18.73,18.74,18.75,18.76,18.77,18.8,18.83,18.85,18.88,18.9,9800,300,4600,4200,19800,15600,4200,2000,8800,4000,400,2700,10100,200,2700,600,1500,1000,500,4700
402.0,18.73,375000,7007620.0,18.71,18.7,18.68,18.67,18.66,18.65,18.64,18.63,18.62,18.61,18.73,18.74,18.75,18.76,18.77,18.8,18.83,18.85,18.88,18.9,9800,300,4600,4200,19800,15600,4200,2000,8800,4000,200,2700,10100,200,2700,600,1500,1000,500,4700
403.0,18.73,375000,7007620.0,18.71,18.7,18.68,18.67,18.66,18.65,18.64,18.63,18.62,18.61,18.73,18.74,18.75,18.76,18.77,18.8,18.83,18.85,18.88,18.9,9800,300,4600,4200,19800,15600,4200,2000,8800,4000,200,2700,10100,200,2700,600,1500,1000,500,4700
404.0,18.71,375500,7016975.0,18.71,18.7,18.68,18.67,18.66,18.65,18.64,18.63,18.62,18.61,18.73,18.74,18.75,18.76,18.77,18.8,18.83,18.85,18.88,18.9,9300,300,4600,4200,19800,15600,4200,2000,8800,4000,200,2700,10100,200,2700,600,1500,1000,500,4700
405.0,18.71,375500,7016975.0,18.71,18.7,18.68,18.67,18.66,18.65,18.64,18.63,18.62,18.61,18.73,18.74,18.75,18.76,18.77,18.8,18.83,18.85,18.88,18.9,9300,300,4600,4200,19800,15600,4200,2000,8800,4000,200,2700,10100,200,2700,600,1500,1000,500,4700
406.0,18.71,377000,7045040.0,18.71,18.7,18.68,18.67,18.66,18.65,18.64,18.63,18.62,18.61,18.73,18.74,18.75,18.76,18.77,18.8,18.83,18.85,18.88,18.9,7800,600,4600,4200,19800,15600,4200,2000,8800,4000,200,2700,10100,200,2700,600,1500,1000,500,4700
407.0,18.71,377000,7045040.0,18.71,18.7,18.68,18.67,18.66,18.65,18.64,18.63,18.62,18.61,18.73,18.74,18.75,18.76,18.77,18.8,18.83,18.85,18.88,18.9,7800,600,4600,4200,19800,15600,4200,2000,8800,4000,200,2700,10100,200,2700,600,1500,1000,500,4700
408.0,18.71,377500,7054395.0,18.71,18.7,18.68,18.67,18.66,18.65,18.64,18.63,18.62,18.61,18.73,18.74,18.75,18.76,18.77,18.8,18.83,18.85,18.88,18.9,7300,600,4600,4200,19800,15600,4200,2000,8800,4000,200,2700,10100,200,2700,600,1500,1000,500,4700
409.0,18.71,377500,7054395.0,18.71,18.7,18.68,18.67,18.66,18.65,18.64,18.63,18.62,18.61,18.73,18.74,18.75,18.76,18.77,18.8,18.83,18.85,18.88,18.9,7300,600,4600,4200,19800,15600,4200,2000,8800,4000,200,2700,10100,200,2700,600,1500,1000,500,4700
410.0,18.71,378900,7080589.0,18.71,18.7,18.69,18.68,18.67,18.66,18.65,18.64,18.63,18.62,18.73,18.74,18.75,18.76,18.77,18.8,18.83,18.85,18.88,18.9,5900,600,100,4600,4200,19800,15600,4200,2000,8800,200,2700,10100,200,2700,600,1500,1000,500,4700
411.0,18.71,379400,7089944.0,18.71,18.7,18.69,18.68,18.67,18.66,18.65,18.64,18.63,18.62,18.73,18.74,18.75,18.76,18.77,18.8,18.83,18.85,18.88,18.9,5400,600,100,4600,4200,19800,15600,4200,2000,8800,200,2700,10100,200,2700,600,1500,1000,500,4700
412.0,18.71,379400,7089944.0,18.71,18.7,18.69,18.68,18.67,18.66,18.65,18.64,18.63,18.62,18.73,18.74,18.75,18.76,18.77,18.8,18.83,18.85,18.88,18.9,5400,600,100,4600,4200,19800,15600,4200,2000,8800,200,2700,10100,200,2700,600,1500,1000,500,4700
