LocalTime,LastPrice,TradeVolume,TradeValue,BidPrice1,BidPrice2,BidPrice3,BidPrice4,BidPrice5,BidPrice6,BidPrice7,BidPrice8,BidPrice9,BidPriceA,AskPrice1,AskPrice2,AskPrice3,AskPrice4,AskPrice5,AskPrice6,AskPrice7,AskPrice8,AskPrice9,AskPriceA,BidVolume1,BidVolume2,BidVolume3,BidVolume4,BidVolume5,BidVolume6,BidVolume7,BidVolume8,BidVolume9,BidVolumeA,AskVolume1,AskVolume2,AskVolume3,AskVolume4,AskVolume5,AskVolume6,AskVolume7,AskVolume8,AskVolume9,AskVolumeA
0.0,28.78,700,20146.0,28.78,28.57,28.53,28.28,28.09,28.03,28.01,28.0,27.97,27.85,28.82,28.95,28.97,28.98,28.99,29.0,29.2,29.23,29.3,29.4,300,200,200,100,100,700,200,3000,100,100,1500,500,200,200,100,400,1600,3000,5000,500
1.0,28.78,1000,28780.0,28.57,28.53,28.28,28.09,28.03,28.01,28.0,27.97,27.85,27.75,28.72,28.78,28.82,28.95,28.97,28.98,28.99,29.0,29.18,29.2,200,200,100,100,700,200,3000,100,100,500,100,300,1500,500,200,200,100,400,700,1600
2.0,28.78,1000,28780.0,28.62,28.57,28.53,28.28,28.09,28.03,28.02,28.01,28.0,27.97,28.72,28.78,28.8,28.82,28.95,28.97,28.98,28.99,29.0,29.16,200,200,200,100,100,700,100,200,3000,100,100,4600,100,1500,500,200,1200,2800,500,200
3.0,28.78,2000,57554.0,28.62,28.57,28.53,28.28,28.09,28.03,28.02,28.01,28.0,27.97,28.78,28.8,28.82,28.95,28.97,28.98,28.99,29.0,29.02,29.16,200,200,200,100,100,700,100,200,33500,100,4600,100,1500,500,200,1200,2800,500,1100,200
4.0,28.78,2600,74822.0,28.62,28.6,28.57,28.53,28.28,28.1,28.09,28.03,28.02,28.01,28.78,28.8,28.82,28.97,28.98,28.99,29.0,29.02,29.16,29.18,200,300,200,200,1100,900,100,700,100,200,8300,100,1500,200,1200,3700,500,1100,1200,700
5.0,28.6,3100,89126.0,28.57,28.53,28.28,28.1,28.09,28.03,28.02,28.01,28.0,27.97,28.78,28.8,28.82,28.93,28.97,28.98,28.99,29.0,29.02,29.16,200,200,1100,900,100,700,100,200,33500,100,11700,100,1500,100,200,3200,3700,500,1100,1200
6.0,28.6,3100,89126.0,28.57,28.53,28.28,28.1,28.09,28.03,28.02,28.01,28.0,27.97,28.62,28.67,28.72,28.77,28.78,28.8,28.82,28.93,28.97,28.98,200,200,1100,1800,100,700,100,200,33500,100,2700,100,1000,100,12700,100,1500,100,200,3200
7.0,28.57,3300,94840.0,28.53,28.3,28.28,28.1,28.09,28.03,28.02,28.01,28.0,27.97,28.57,28.62,28.67,28.72,28.77,28.78,28.8,28.82,28.93,28.97,200,500,1100,2600,100,700,100,200,33500,100,100,3100,100,1000,200,11900,100,1500,100,200
8.0,28.57,3300,94840.0,28.53,28.3,28.28,28.12,28.1,28.09,28.03,28.02,28.01,28.0,28.57,28.62,28.67,28.72,28.77,28.78,28.8,28.82,28.93,28.97,200,500,1100,300,2600,100,700,100,200,33500,100,3200,100,1000,200,11700,100,1500,100,200
9.0,28.62,3500,100559.0,28.58,28.53,28.3,28.28,28.12,28.1,28.09,28.03,28.02,28.01,28.62,28.67,28.72,28.77,28.78,28.8,28.81,28.82,28.93,28.94,1800,200,500,1100,300,2600,100,700,100,200,3600,100,1000,600,11800,100,200,1500,100,2100
10.0,28.58,5300,152003.0,28.53,28.3,28.28,28.12,28.1,28.09,28.03,28.02,28.01,28.0,28.58,28.62,28.67,28.77,28.78,28.8,28.81,28.82,28.93,28.94,200,500,1100,300,2600,100,700,100,200,33500,1200,3800,100,700,5500,100,1300,1500,100,2100
11.0,28.58,5300,152003.0,28.53,28.3,28.28,28.12,28.1,28.09,28.03,28.02,28.01,28.0,28.58,28.62,28.67,28.77,28.78,28.8,28.81,28.82,28.93,28.94,200,500,1100,300,2600,100,700,100,200,34500,5200,3800,100,700,4900,100,1300,1500,100,2100
12.0,28.58,5600,160567.0,28.56,28.3,28.28,28.12,28.1,28.09,28.03,28.02,28.01,28.0,28.58,28.6,28.61,28.62,28.67,28.77,28.78,28.8,28.81,28.82,1000,500,1100,300,2600,100,700,100,200,34500,4000,1000,200,1200,100,700,6600,100,1300,1500
13.0,28.56,6600,189127.0,28.3,28.28,28.12,28.1,28.09,28.03,28.02,28.01,28.0,27.97,28.53,28.56,28.58,28.6,28.61,28.62,28.67,28.77,28.78,28.8,500,1100,300,2600,100,700,100,200,34500,100,400,1500,3200,1000,200,1200,100,700,6500,100
14.0,28.56,6600,189127.0,28.32,28.31,28.3,28.28,28.12,28.1,28.09,28.03,28.02,28.01,28.53,28.56,28.57,28.58,28.6,28.61,28.62,28.67,28.77,28.78,1800,2700,500,1100,300,2600,100,700,100,200,400,700,200,300,1000,200,1200,100,700,6500
15.0,28.56,6600,189127.0,28.33,28.32,28.31,28.3,28.28,28.12,28.1,28.09,28.03,28.02,28.53,28.56,28.57,28.58,28.6,28.61,28.62,28.67,28.77,28.78,300,1800,2700,500,1100,300,2600,100,700,100,400,600,200,300,1000,200,1200,100,700,6500
16.0,28.56,6600,189127.0,28.33,28.32,28.31,28.3,28.28,28.12,28.1,28.09,28.03,28.02,28.56,28.57,28.58,28.61,28.62,28.67,28.77,28.78,28.8,28.81,300,1800,2700,500,1100,300,2600,100,700,100,900,200,300,200,1200,100,700,6500,100,1300
17.0,28.56,6600,189127.0,28.33,28.32,28.31,28.3,28.28,28.12,28.1,28.09,28.03,28.02,28.56,28.57,28.58,28.61,28.62,28.67,28.77,28.78,28.8,28.81,300,1800,2700,500,1100,300,2600,100,700,100,900,200,300,200,1200,100,700,6400,100,1300
18.0,28.56,6600,189127.0,28.33,28.32,28.31,28.3,28.28,28.12,28.1,28.09,28.03,28.02,28.56,28.57,28.58,28.62,28.67,28.77,28.78,28.8,28.81,28.82,300,1800,2700,500,1100,300,2600,100,700,100,900,200,300,1200,100,700,4800,100,1300,1500
19.0,28.56,6600,189127.0,28.33,28.32,28.31,28.3,28.28,28.12,28.1,28.09,28.03,28.02,28.56,28.58,28.62,28.67,28.77,28.78,28.8,28.81,28.82,28.93,300,1800,2700,500,1100,300,2600,100,700,100,900,300,1200,100,700,4800,100,1300,1500,100
20.0,28.56,6600,189127.0,28.33,28.32,28.31,28.3,28.28,28.12,28.1,28.09,28.03,28.02,28.56,28.58,28.62,28.67,28.77,28.78,28.8,28.81,28.82,28.93,500,1800,2700,500,1100,300,2600,100,700,100,600,300,1200,100,700,4800,100,1300,1500,100
21.0,28.56,6600,189127.0,28.33,28.32,28.31,28.3,28.28,28.12,28.1,28.09,28.03,28.02,28.56,28.58,28.62,28.67,28.77,28.78,28.8,28.81,28.82,28.93,500,1800,2700,500,1100,300,2600,100,700,100,600,300,1200,100,700,4800,100,1300,1500,100
22.0,28.56,6600,189127.0,28.33,28.32,28.31,28.3,28.28,28.12,28.1,28.09,28.03,28.02,28.56,28.58,28.62,28.67,28.77,28.78,28.8,28.81,28.82,28.93,500,1800,2700,500,1100,300,2600,100,700,100,600,300,1200,100,700,3000,100,1300,1500,100
23.0,28.56,6600,189127.0,28.33,28.32,28.31,28.3,28.28,28.12,28.1,28.09,28.03,28.02,28.56,28.58,28.62,28.67,28.77,28.78,28.8,28.81,28.82,28.93,500,1800,2700,500,1100,300,2600,100,700,100,600,300,1200,100,700,3000,100,1300,1500,100
24.0,28.56,6600,189127.0,28.33,28.32,28.31,28.3,28.28,28.12,28.1,28.09,28.03,28.02,28.56,28.58,28.62,28.67,28.77,28.78,28.8,28.81,28.82,28.93,500,1800,2700,500,1100,300,2800,100,700,100,600,300,1200,100,700,3000,100,1300,1500,100
25.0,28.56,6600,189127.0,28.33,28.32,28.31,28.3,28.28,28.12,28.1,28.09,28.03,28.02,28.56,28.58,28.62,28.67,28.77,28.78,28.8,28.81,28.82,28.93,500,1800,2700,500,1100,300,2800,100,700,100,600,400,1200,100,700,3000,100,1300,1500,100
26.0,28.56,6600,189127.0,28.33,28.32,28.31,28.3,28.28,28.12,28.1,28.09,28.03,28.02,28.56,28.58,28.62,28.67,28.77,28.78,28.8,28.81,28.82,28.93,500,1800,2700,500,1100,300,2800,100,700,100,600,400,1200,100,700,3000,100,1300,1500,100
27.0,28.56,6600,189127.0,28.33,28.32,28.31,28.3,28.28,28.12,28.1,28.09,28.03,28.02,28.56,28.58,28.62,28.67,28.77,28.78,28.81,28.82,28.93,28.94,500,1800,2700,500,1100,300,2800,100,700,100,600,400,1200,100,700,3000,1300,1500,100,2100
28.0,28.56,6600,189127.0,28.33,28.32,28.31,28.3,28.28,28.12,28.1,28.09,28.03,28.02,28.56,28.58,28.62,28.67,28.77,28.78,28.81,28.82,28.93,28.94,500,1800,2700,500,1100,300,2800,100,700,100,600,400,1200,100,700,3000,1300,1500,100,2100
29.0,28.56,6600,189127.0,28.35,28.34,28.33,28.32,28.31,28.3,28.28,28.12,28.1,28.09,28.56,28.58,28.62,28.67,28.77,28.78,28.81,28.82,28.93,28.94,300,400,500,1800,2300,500,1100,300,2800,100,600,400,1200,100,700,3000,1300,1500,100,2100
30.0,28.56,6600,189127.0,28.35,28.34,28.33,28.32,28.31,28.3,28.28,28.12,28.1,28.09,28.56,28.58,28.62,28.67,28.77,28.78,28.81,28.82,28.93,28.94,300,400,500,1800,2300,500,1100,300,2800,100,600,400,1200,100,700,3000,1300,1500,100,2100
31.0,28.56,6700,191983.0,28.35,28.34,28.33,28.32,28.31,28.3,28.28,28.12,28.1,28.09,28.5,28.56,28.58,28.62,28.67,28.77,28.78,28.81,28.82,28.93,300,400,500,1800,2300,500,1100,300,2800,100,1000,500,400,1200,100,700,3000,1300,1500,100
32.0,28.5,6800,194833.0,28.35,28.34,28.33,28.32,28.31,28.3,28.28,28.12,28.1,28.09,28.5,28.56,28.58,28.62,28.67,28.77,28.78,28.81,28.82,28.93,400,400,300,1800,2300,500,1100,300,2800,100,900,500,400,1200,100,700,3000,1300,1500,100
33.0,28.5,6800,194833.0,28.35,28.34,28.33,28.32,28.31,28.3,28.28,28.12,28.1,28.09,28.5,28.56,28.58,28.62,28.77,28.78,28.81,28.82,28.93,28.94,400,900,300,1800,2300,500,1100,300,2800,100,900,500,400,1100,700,2300,1300,1500,100,2100
34.0,28.5,6800,194833.0,28.35,28.34,28.33,28.32,28.31,28.3,28.28,28.12,28.1,28.09,28.5,28.56,28.58,28.62,28.77,28.78,28.81,28.82,28.93,28.94,400,900,300,1800,2300,500,1100,300,2800,100,900,500,400,1100,700,2300,1300,1500,100,2100
35.0,28.5,6800,194833.0,28.41,28.4,28.35,28.34,28.33,28.32,28.31,28.3,28.28,28.12,28.5,28.56,28.58,28.62,28.77,28.78,28.81,28.82,28.93,28.94,400,900,400,900,300,1800,2300,500,1100,300,900,500,400,900,700,1900,1300,1500,100,2100
36.0,28.58,8300,237621.0,28.5,28.42,28.41,28.4,28.35,28.34,28.33,28.32,28.31,28.3,28.58,28.62,28.77,28.78,28.81,28.82,28.93,28.94,28.97,28.98,1600,400,400,900,400,900,300,1800,2300,600,300,900,700,1900,1300,1500,100,2100,200,4100
37.0,28.58,8300,237621.0,28.5,28.42,28.41,28.4,28.35,28.34,28.33,28.32,28.31,28.3,28.58,28.62,28.77,28.78,28.81,28.82,28.93,28.94,28.97,28.98,1600,400,400,900,400,900,300,1800,2300,600,300,900,700,1900,1300,1500,100,2100,200,4100
38.0,28.58,8600,246187.0,28.5,28.42,28.41,28.4,28.37,28.35,28.34,28.33,28.32,28.31,28.58,28.62,28.77,28.78,28.81,28.82,28.93,28.94,28.97,28.98,1500,400,400,900,200,300,900,300,1800,2300,100,900,700,1900,1300,1500,100,2100,200,4100
39.0,28.58,8600,246187.0,28.5,28.42,28.41,28.4,28.37,28.35,28.34,28.33,28.32,28.31,28.58,28.62,28.77,28.78,28.81,28.82,28.93,28.94,28.97,28.98,1500,400,400,900,200,300,900,300,1800,2300,100,900,700,1900,1300,1500,100,2100,200,4100
40.0,28.58,8600,246187.0,28.5,28.42,28.41,28.4,28.37,28.35,28.34,28.33,28.32,28.31,28.58,28.62,28.77,28.78,28.81,28.82,28.93,28.94,28.97,28.98,1500,400,400,900,200,300,900,300,1800,2300,100,900,700,1900,1300,1500,100,2100,200,4100
41.0,28.58,8600,246187.0,28.5,28.42,28.41,28.4,28.37,28.35,28.34,28.33,28.32,28.31,28.58,28.62,28.77,28.78,28.81,28.82,28.93,28.94,28.97,28.98,1500,400,400,900,200,300,900,300,1800,2300,100,900,700,1900,1300,1500,100,2100,200,4100
42.0,28.58,8600,246187.0,28.5,28.42,28.41,28.4,28.37,28.35,28.34,28.33,28.32,28.31,28.58,28.62,28.77,28.78,28.81,28.82,28.93,28.94,28.97,28.98,1500,400,400,900,200,300,900,300,1800,2300,100,900,700,1900,1300,1500,100,2100,200,4100
43.0,28.58,8600,246187.0,28.5,28.42,28.41,28.4,28.37,28.35,28.34,28.33,28.32,28.31,28.58,28.62,28.77,28.78,28.81,28.82,28.93,28.94,28.97,28.98,1500,400,400,900,200,300,900,300,1800,2300,100,900,700,1900,1300,1500,100,2100,200,4100
44.0,28.58,8600,246187.0,28.51,28.5,28.42,28.41,28.4,28.37,28.35,28.34,28.33,28.32,28.58,28.62,28.77,28.78,28.81,28.82,28.93,28.94,28.97,28.98,200,100,400,400,900,200,300,500,300,1800,100,900,700,1900,1300,1500,100,2100,200,4100
45.0,28.58,8600,246187.0,28.51,28.5,28.42,28.41,28.4,28.37,28.35,28.34,28.33,28.32,28.58,28.62,28.77,28.78,28.81,28.82,28.93,28.94,28.97,28.98,200,100,400,400,900,200,300,500,300,1800,100,900,700,1900,1300,1500,100,2100,200,4100
46.0,28.58,8600,246187.0,28.51,28.42,28.41,28.4,28.37,28.35,28.34,28.33,28.32,28.31,28.58,28.62,28.77,28.78,28.81,28.82,28.93,28.94,28.97,28.98,400,400,400,900,200,300,500,300,1800,2300,2000,900,700,1800,1300,1500,100,2100,200,4100
47.0,28.51,8700,249038.0,28.51,28.42,28.41,28.4,28.37,28.35,28.34,28.33,28.32,28.31,28.58,28.62,28.77,28.78,28.81,28.82,28.93,28.94,28.97,28.98,300,400,400,900,200,300,500,300,1800,2300,2000,900,700,1800,1300,1500,100,2100,200,4100
48.0,28.51,8700,249038.0,28.51,28.42,28.41,28.4,28.37,28.35,28.34,28.33,28.32,28.31,28.58,28.62,28.77,28.78,28.81,28.82,28.93,28.94,28.97,28.98,300,400,400,900,200,300,500,300,1800,2300,2000,900,700,1800,1300,1500,100,2100,200,4100
49.0,28.51,9100,260456.0,28.51,28.42,28.41,28.4,28.37,28.35,28.34,28.33,28.32,28.31,28.58,28.62,28.77,28.78,28.81,28.82,28.93,28.94,28.97,28.98,100,400,400,900,200,300,500,300,1800,2300,1800,900,700,1800,1300,1500,100,2100,200,4100
50.0,28.51,9600,274711.0,28.51,28.42,28.41,28.4,28.37,28.35,28.34,28.33,28.32,28.31,28.58,28.62,28.77,28.78,28.81,28.82,28.93,28.94,28.97,28.98,1100,400,400,900,200,300,500,300,1800,2300,1800,900,700,1800,1300,1500,100,2100,200,4100
51.0,28.51,9600,274711.0,28.51,28.42,28.41,28.4,28.37,28.35,28.34,28.33,28.32,28.31,28.58,28.62,28.77,28.78,28.81,28.82,28.93,28.94,28.97,28.98,1100,400,400,900,200,300,500,300,1800,2300,1800,900,700,1800,1300,1500,100,2100,200,4100
52.0,28.51,10100,288973.0,28.51,28.42,28.41,28.4,28.37,28.35,28.34,28.33,28.32,28.31,28.58,28.62,28.77,28.78,28.81,28.82,28.93,28.94,28.97,28.98,700,400,400,900,200,300,500,300,1800,2300,1800,900,700,1600,1300,1500,100,2100,200,4100
53.0,28.51,10400,297526.0,28.51,28.42,28.41,28.4,28.37,28.35,28.34,28.33,28.32,28.31,28.57,28.58,28.62,28.77,28.78,28.81,28.82,28.93,28.94,28.97,400,400,400,900,200,300,500,300,1800,2300,100,1800,900,700,1200,1300,1500,100,2100,200
54.0,28.51,10800,308930.0,28.42,28.41,28.4,28.37,28.35,28.34,28.33,28.32,28.31,28.3,28.51,28.57,28.58,28.62,28.77,28.78,28.81,28.82,28.93,28.94,400,400,900,200,300,500,300,1800,2300,600,200,100,1800,900,700,1200,1300,1500,100,2100
55.0,28.51,10800,308930.0,28.5,28.42,28.41,28.4,28.37,28.35,28.34,28.33,28.32,28.31,28.51,28.57,28.58,28.62,28.77,28.78,28.81,28.82,28.93,28.94,700,400,400,900,200,300,500,300,1800,2300,300,100,1700,900,700,1200,1300,1500,100,2100
56.0,28.5,11100,317481.0,28.5,28.42,28.41,28.4,28.37,28.35,28.34,28.33,28.32,28.31,28.51,28.57,28.58,28.62,28.77,28.78,28.81,28.82,28.93,28.94,500,500,400,900,200,300,500,300,1800,2300,200,100,1700,700,700,1200,1300,1500,100,2100
57.0,28.5,11100,317481.0,28.5,28.42,28.41,28.4,28.37,28.35,28.34,28.33,28.32,28.31,28.51,28.57,28.58,28.62,28.77,28.78,28.81,28.82,28.93,28.94,500,500,400,900,200,300,500,300,1800,2300,200,100,1700,700,700,1200,1300,1500,100,2100
58.0,28.5,11100,317481.0,28.5,28.42,28.41,28.4,28.37,28.35,28.34,28.33,28.32,28.31,28.51,28.57,28.62,28.77,28.78,28.81,28.82,28.93,28.94,28.97,500,500,400,900,200,300,500,300,1800,2300,200,100,700,700,1200,1300,1500,100,2100,200
59.0,28.5,11100,317481.0,28.5,28.42,28.41,28.4,28.37,28.35,28.34,28.33,28.32,28.31,28.51,28.57,28.62,28.77,28.78,28.81,28.82,28.93,28.94,28.97,500,500,400,900,200,300,500,300,1800,2300,200,100,200,700,1200,1300,1500,100,2100,200
60.0,28.57,11400,326040.0,28.51,28.5,28.42,28.41,28.4,28.37,28.35,28.34,28.33,28.32,28.62,28.77,28.78,28.81,28.82,28.93,28.94,28.97,28.98,28.99,1200,500,500,400,900,200,300,500,300,1800,200,700,1200,1300,1500,100,2100,200,4100,3700
61.0,28.57,11400,326040.0,28.51,28.5,28.42,28.41,28.4,28.37,28.35,28.34,28.33,28.32,28.62,28.77,28.78,28.81,28.82,28.93,28.94,28.97,28.98,28.99,1200,500,500,400,900,200,300,500,300,1800,200,700,1200,1300,1500,100,2100,200,4100,3700
62.0,28.57,11400,326040.0,28.51,28.5,28.42,28.41,28.4,28.37,28.35,28.34,28.33,28.32,28.62,28.77,28.78,28.81,28.82,28.93,28.94,28.97,28.98,28.99,1200,500,500,400,900,200,300,500,300,1800,200,700,1200,1300,1500,100,2100,200,4100,3700
63.0,28.57,11400,326040.0,28.52,28.51,28.5,28.42,28.41,28.4,28.37,28.35,28.34,28.33,28.62,28.77,28.78,28.81,28.82,28.93,28.94,28.97,28.98,28.99,100,1200,900,500,400,900,200,300,500,300,200,700,1200,1300,1500,100,2100,200,4100,3700
64.0,28.57,11400,326040.0,28.52,28.51,28.5,28.42,28.41,28.4,28.37,28.35,28.34,28.33,28.62,28.77,28.78,28.81,28.82,28.93,28.94,28.97,28.98,28.99,100,1200,900,500,400,900,200,300,500,300,200,700,1200,1300,1500,100,2100,200,4100,3700
65.0,28.57,11400,326040.0,28.53,28.52,28.51,28.5,28.42,28.41,28.4,28.37,28.35,28.34,28.62,28.77,28.78,28.81,28.82,28.93,28.94,28.97,28.98,28.99,1800,100,1200,900,500,400,900,200,300,500,200,700,700,1300,1500,100,2100,200,4100,3700
66.0,28.53,11500,328893.0,28.53,28.52,28.51,28.5,28.42,28.41,28.4,28.37,28.35,28.34,28.58,28.62,28.77,28.78,28.81,28.82,28.93,28.94,28.97,28.98,1700,100,1200,800,500,400,900,200,300,500,1800,200,700,700,1300,1500,100,2100,200,4100
67.0,28.58,11600,331751.0,28.53,28.52,28.51,28.5,28.42,28.41,28.4,28.37,28.35,28.34,28.58,28.62,28.77,28.78,28.81,28.82,28.93,28.94,28.97,28.98,1700,100,1200,800,500,400,900,200,300,500,1700,200,700,700,1300,1500,100,2100,200,4100
68.0,28.58,11600,331751.0,28.53,28.52,28.51,28.5,28.42,28.41,28.4,28.37,28.35,28.34,28.58,28.62,28.77,28.78,28.81,28.82,28.93,28.94,28.97,28.98,1900,100,1200,800,400,400,900,200,300,500,1700,100,700,600,1300,1500,100,2100,200,4100
69.0,28.58,11600,331751.0,28.53,28.52,28.51,28.5,28.42,28.41,28.4,28.37,28.35,28.34,28.58,28.62,28.77,28.78,28.81,28.82,28.93,28.94,28.97,28.98,1900,100,1200,800,400,400,900,200,300,500,1700,100,700,600,1300,1500,100,2100,200,4100
70.0,28.58,11600,331751.0,28.53,28.52,28.51,28.5,28.42,28.41,28.4,28.37,28.35,28.34,28.58,28.62,28.77,28.78,28.81,28.82,28.93,28.94,28.97,28.98,1900,100,1200,800,400,400,900,200,300,500,1700,100,700,600,1300,1500,100,2100,200,4100
71.0,28.53,11900,340315.0,28.53,28.52,28.51,28.5,28.42,28.41,28.4,28.37,28.35,28.34,28.58,28.62,28.77,28.78,28.81,28.82,28.93,28.94,28.97,28.98,1800,200,1200,800,400,400,900,200,300,500,1600,100,700,600,1300,1500,100,2100,200,4100
72.0,28.53,11900,340315.0,28.53,28.52,28.51,28.5,28.42,28.41,28.4,28.37,28.35,28.34,28.58,28.62,28.77,28.78,28.81,28.82,28.93,28.94,28.97,28.98,1800,200,1200,800,400,400,900,200,300,500,1600,100,700,600,1300,1500,100,2100,200,4100
73.0,28.53,11900,340315.0,28.53,28.52,28.51,28.5,28.42,28.41,28.4,28.37,28.35,28.34,28.58,28.62,28.77,28.78,28.81,28.82,28.93,28.94,28.97,28.98,1900,200,1200,800,400,400,900,200,300,500,1600,100,700,600,1300,1500,100,2100,200,4100
74.0,28.58,12100,346026.0,28.53,28.52,28.51,28.5,28.42,28.41,28.4,28.37,28.35,28.34,28.58,28.62,28.77,28.78,28.81,28.82,28.93,28.94,28.97,28.98,1800,200,1200,800,400,400,900,200,300,500,1500,100,700,600,1300,1500,100,2100,200,4100
75.0,28.58,12100,346026.0,28.53,28.52,28.51,28.5,28.42,28.41,28.4,28.37,28.35,28.34,28.58,28.62,28.77,28.78,28.81,28.82,28.93,28.94,28.97,28.98,1800,200,1200,800,400,400,900,200,300,500,1500,100,700,600,1300,1500,100,2100,200,4100
76.0,28.58,12100,346026.0,28.53,28.52,28.51,28.5,28.42,28.41,28.4,28.37,28.35,28.34,28.58,28.62,28.77,28.78,28.81,28.82,28.93,28.94,28.97,28.98,1800,200,1200,800,400,400,900,200,300,500,1500,100,700,600,1300,1500,100,2100,200,4100
77.0,28.58,12200,348884.0,28.53,28.52,28.51,28.5,28.42,28.41,28.4,28.37,28.35,28.34,28.58,28.62,28.77,28.78,28.81,28.82,28.93,28.94,28.97,28.98,1800,200,1200,800,400,400,900,200,300,500,1400,100,700,600,1300,1500,100,2100,200,4100
78.0,28.58,12200,348884.0,28.53,28.52,28.51,28.5,28.42,28.41,28.4,28.37,28.35,28.34,28.58,28.62,28.77,28.78,28.81,28.82,28.93,28.94,28.97,28.98,2200,200,1200,800,400,400,900,200,300,500,1400,100,700,600,1300,1500,100,2100,200,4100
79.0,28.58,12200,348884.0,28.53,28.52,28.51,28.5,28.42,28.41,28.4,28.37,28.35,28.34,28.58,28.62,28.77,28.78,28.81,28.82,28.93,28.94,28.97,28.98,2200,200,1200,800,400,400,900,200,300,500,1400,100,700,600,1300,1500,100,2100,200,4100
80.0,28.58,12200,348884.0,28.53,28.52,28.51,28.5,28.42,28.41,28.4,28.37,28.35,28.34,28.58,28.62,28.77,28.78,28.81,28.82,28.93,28.94,28.97,28.98,2200,200,1200,800,400,400,1700,200,300,500,1500,100,700,600,1300,1500,100,2100,200,4100
81.0,28.53,14300,408802.0,28.53,28.52,28.51,28.5,28.42,28.41,28.4,28.37,28.35,28.34,28.58,28.62,28.77,28.78,28.81,28.82,28.93,28.94,28.97,28.98,300,200,1200,800,400,400,1700,200,300,500,1400,100,700,600,1300,1500,100,2100,200,4100
82.0,28.53,14300,408802.0,28.53,28.52,28.51,28.5,28.42,28.41,28.4,28.37,28.35,28.34,28.58,28.62,28.77,28.78,28.81,28.82,28.93,28.94,28.97,28.98,300,200,1200,800,400,400,1700,200,300,500,1400,100,700,600,1300,1500,100,2100,200,4100
83.0,28.53,14300,408802.0,28.53,28.52,28.51,28.5,28.42,28.41,28.4,28.37,28.35,28.34,28.58,28.62,28.77,28.78,28.81,28.82,28.93,28.94,28.97,28.98,2200,200,1200,800,400,400,1700,200,300,500,100,100,700,600,1300,1500,100,2100,200,4100
84.0,28.53,14300,408802.0,28.53,28.52,28.51,28.5,28.42,28.41,28.4,28.37,28.35,28.34,28.58,28.62,28.77,28.78,28.81,28.82,28.93,28.94,28.97,28.98,2200,200,1200,800,400,400,1700,200,300,500,100,100,700,600,1300,1500,100,2100,200,4100
85.0,28.53,14300,408802.0,28.53,28.52,28.51,28.5,28.42,28.41,28.4,28.37,28.35,28.34,28.58,28.62,28.77,28.78,28.81,28.82,28.93,28.94,28.97,28.98,2200,200,1200,800,400,400,1700,200,300,500,100,100,700,600,1300,1500,100,2100,200,4100
86.0,28.53,14300,408802.0,28.54,28.53,28.52,28.51,28.5,28.42,28.41,28.4,28.37,28.35,28.58,28.62,28.77,28.78,28.81,28.82,28.93,28.94,28.97,28.98,200,2200,200,1200,800,400,400,1700,200,300,100,100,700,400,1300,1500,100,2100,200,4100
87.0,28.53,14300,408802.0,28.54,28.53,28.52,28.51,28.5,28.42,28.41,28.4,28.37,28.35,28.58,28.62,28.77,28.78,28.81,28.82,28.93,28.94,28.97,28.98,200,2200,200,1200,800,400,400,1700,200,300,100,100,700,400,1300,1500,100,2100,200,4100
88.0,28.53,14300,408802.0,28.54,28.53,28.52,28.51,28.5,28.42,28.41,28.4,28.37,28.35,28.58,28.62,28.77,28.78,28.81,28.82,28.93,28.94,28.97,28.98,200,2200,200,1200,800,400,400,1700,200,300,100,100,700,400,1300,1500,100,2100,200,4100
89.0,28.53,14300,408802.0,28.54,28.53,28.52,28.51,28.5,28.42,28.41,28.4,28.37,28.35,28.58,28.62,28.77,28.78,28.81,28.82,28.93,28.94,28.97,28.98,200,2200,200,1200,800,400,400,1700,200,300,100,100,700,400,1300,1500,100,2100,200,4100
90.0,28.53,14300,408802.0,28.54,28.53,28.52,28.51,28.5,28.42,28.41,28.4,28.37,28.35,28.58,28.62,28.77,28.78,28.81,28.82,28.93,28.94,28.97,28.98,200,2200,200,1200,800,400,400,1700,200,300,100,100,700,400,1300,1500,100,2100,200,4100
91.0,28.53,14300,408802.0,28.54,28.53,28.52,28.51,28.5,28.42,28.41,28.4,28.37,28.35,28.58,28.62,28.77,28.78,28.81,28.82,28.93,28.94,28.97,28.98,200,2200,200,1200,800,400,400,1700,200,300,100,100,700,400,1300,1500,100,2100,200,4100
92.0,28.53,16100,460158.0,28.53,28.52,28.51,28.5,28.42,28.41,28.4,28.37,28.35,28.34,28.58,28.62,28.77,28.78,28.81,28.82,28.93,28.94,28.97,28.98,700,200,1200,800,400,400,1700,200,300,500,100,100,700,400,1300,1500,100,2100,200,4100
93.0,28.53,16100,460158.0,28.53,28.52,28.51,28.5,28.42,28.41,28.4,28.37,28.35,28.34,28.57,28.58,28.62,28.77,28.78,28.81,28.82,28.93,28.94,28.97,700,200,1200,800,400,400,1700,200,300,500,200,100,100,700,400,1300,1500,100,2100,200
94.0,28.53,16100,460158.0,28.53,28.52,28.51,28.5,28.42,28.41,28.4,28.37,28.35,28.34,28.57,28.58,28.62,28.77,28.78,28.81,28.82,28.93,28.94,28.97,700,200,1200,800,400,400,1700,200,300,500,200,400,100,700,400,1300,1500,100,2100,200
95.0,28.53,16100,460158.0,28.53,28.52,28.51,28.5,28.42,28.41,28.4,28.37,28.35,28.34,28.57,28.58,28.62,28.77,28.78,28.81,28.82,28.93,28.94,28.97,700,200,1200,800,400,400,1700,200,300,500,200,500,100,700,400,1300,1500,100,2100,200
96.0,28.53,16100,460158.0,28.53,28.52,28.51,28.5,28.42,28.41,28.4,28.37,28.35,28.34,28.57,28.58,28.62,28.77,28.78,28.81,28.82,28.93,28.94,28.97,700,200,1200,800,400,400,1700,200,300,500,200,500,100,700,400,1300,1500,100,2100,200
97.0,28.53,16100,460158.0,28.53,28.52,28.51,28.5,28.42,28.41,28.4,28.37,28.35,28.34,28.57,28.58,28.62,28.77,28.78,28.81,28.82,28.93,28.94,28.97,700,200,1200,800,400,400,800,200,300,500,200,500,100,700,400,1300,1500,100,2100,200
98.0,28.53,16100,460158.0,28.55,28.53,28.52,28.51,28.5,28.42,28.41,28.4,28.37,28.35,28.57,28.58,28.62,28.77,28.78,28.81,28.82,28.93,28.94,28.97,200,700,200,1200,800,400,400,800,200,300,200,500,100,700,400,1300,1500,100,2100,200
99.0,28.55,16200,463013.0,28.55,28.53,28.51,28.5,28.42,28.41,28.4,28.37,28.35,28.34,28.57,28.58,28.62,28.77,28.78,28.81,28.82,28.93,28.94,28.97,300,700,1200,800,400,400,800,200,300,500,200,500,100,700,400,1300,1500,100,2100,200
100.0,28.55,16200,463013.0,28.55,28.53,28.51,28.5,28.42,28.41,28.4,28.37,28.35,28.34,28.57,28.58,28.62,28.77,28.78,28.81,28.82,28.93,28.94,28.97,400,700,1200,800,400,400,800,200,300,500,3500,500,100,700,400,1300,1500,100,2100,200
101.0,28.57,16500,471584.0,28.55,28.53,28.51,28.5,28.42,28.41,28.4,28.37,28.35,28.34,28.57,28.58,28.62,28.77,28.78,28.81,28.82,28.93,28.94,28.97,500,700,1200,800,400,400,800,200,300,500,3200,500,100,700,400,1300,1500,100,2100,200
102.0,28.57,16500,471584.0,28.55,28.53,28.51,28.5,28.42,28.41,28.4,28.37,28.35,28.34,28.57,28.58,28.62,28.77,28.78,28.81,28.82,28.93,28.94,28.97,500,700,1200,800,400,400,800,200,300,500,3200,500,100,700,400,1300,1500,100,2100,200
103.0,28.57,16500,471584.0,28.55,28.53,28.51,28.5,28.42,28.41,28.4,28.37,28.35,28.34,28.57,28.58,28.62,28.77,28.78,28.81,28.82,28.93,28.94,28.97,500,700,1200,800,400,400,800,200,300,500,3200,500,100,700,400,1300,1500,100,2100,200
104.0,28.57,16500,471584.0,28.55,28.53,28.51,28.5,28.42,28.41,28.4,28.37,28.35,28.34,28.57,28.58,28.62,28.77,28.78,28.81,28.82,28.93,28.94,28.97,500,700,1200,800,400,400,800,200,300,500,3200,500,100,700,400,1300,1500,100,2100,200
105.0,28.53,17900,511548.0,28.51,28.5,28.42,28.41,28.4,28.37,28.35,28.34,28.33,28.31,28.53,28.54,28.55,28.57,28.58,28.62,28.77,28.78,28.81,28.82,1200,800,400,400,800,200,300,500,300,300,300,300,400,2900,500,100,700,400,1300,1500
106.0,28.53,17900,511548.0,28.51,28.5,28.42,28.41,28.4,28.37,28.35,28.34,28.33,28.31,28.53,28.54,28.55,28.57,28.58,28.62,28.77,28.78,28.81,28.82,1200,800,400,400,800,200,300,500,300,300,300,300,400,2900,500,100,700,400,1300,1500
107.0,28.53,17900,511548.0,28.51,28.5,28.42,28.41,28.4,28.37,28.35,28.34,28.33,28.31,28.53,28.54,28.55,28.57,28.58,28.62,28.77,28.78,28.81,28.82,1200,800,400,400,800,200,300,500,300,300,300,300,400,2900,500,100,700,400,200,1500
108.0,28.53,17900,511548.0,28.51,28.5,28.42,28.41,28.4,28.37,28.35,28.34,28.33,28.31,28.53,28.54,28.55,28.57,28.58,28.62,28.77,28.78,28.81,28.82,1200,800,400,400,800,200,300,500,300,300,300,300,400,2900,500,100,700,400,200,1500
109.0,28.53,17900,511548.0,28.51,28.5,28.42,28.41,28.4,28.37,28.35,28.34,28.33,28.31,28.53,28.54,28.55,28.57,28.58,28.62,28.77,28.78,28.81,28.82,1200,800,400,400,800,200,300,500,300,300,300,300,400,2900,500,100,700,400,200,1500
110.0,28.53,18200,520105.0,28.51,28.5,28.42,28.41,28.4,28.37,28.35,28.34,28.33,28.31,28.53,28.55,28.57,28.58,28.62,28.77,28.78,28.81,28.82,28.93,1100,800,400,400,800,200,300,500,300,300,300,400,2900,500,100,700,400,200,1500,100
111.0,28.53,18200,520105.0,28.51,28.5,28.42,28.41,28.4,28.37,28.35,28.34,28.33,28.31,28.53,28.55,28.57,28.58,28.62,28.77,28.78,28.81,28.82,28.93,1100,800,400,400,800,200,300,500,300,300,300,400,2900,500,100,700,400,200,1500,100
112.0,28.53,18200,520105.0,28.51,28.5,28.42,28.41,28.4,28.37,28.35,28.34,28.33,28.31,28.53,28.55,28.57,28.58,28.62,28.77,28.78,28.81,28.82,28.93,1100,800,400,400,800,200,300,500,300,300,300,500,2900,500,100,700,400,200,1500,100
113.0,28.53,18200,520105.0,28.51,28.5,28.42,28.41,28.4,28.37,28.35,28.34,28.33,28.31,28.53,28.55,28.57,28.58,28.62,28.77,28.78,28.81,28.82,28.93,1100,800,400,400,800,200,300,500,300,300,300,500,2900,500,100,700,400,200,1500,100
114.0,28.53,18200,520105.0,28.51,28.5,28.42,28.41,28.4,28.37,28.35,28.34,28.33,28.31,28.53,28.55,28.57,28.58,28.62,28.77,28.78,28.81,28.82,28.93,1100,800,400,400,800,200,300,500,300,300,300,500,2900,500,100,700,400,200,1500,100
115.0,28.53,18200,520105.0,28.51,28.5,28.42,28.41,28.4,28.37,28.35,28.34,28.33,28.31,28.53,28.55,28.57,28.58,28.62,28.77,28.78,28.81,28.82,28.93,1100,800,400,400,800,200,300,500,300,300,300,500,2900,500,100,700,400,200,1500,100
116.0,28.53,18200,520105.0,28.51,28.5,28.42,28.41,28.4,28.37,28.35,28.34,28.33,28.31,28.53,28.55,28.57,28.58,28.62,28.77,28.78,28.81,28.82,28.93,1100,800,400,400,800,200,300,500,300,300,300,500,2900,500,100,700,400,200,1500,100
117.0,28.51,18300,522956.0,28.51,28.5,28.42,28.41,28.4,28.37,28.35,28.34,28.33,28.31,28.53,28.55,28.57,28.58,28.62,28.77,28.78,28.81,28.82,28.93,1000,800,400,400,800,200,300,500,300,300,300,500,2900,500,100,700,400,200,1500,100
118.0,28.51,18300,522956.0,28.51,28.5,28.42,28.41,28.4,28.37,28.35,28.34,28.33,28.31,28.53,28.55,28.57,28.58,28.62,28.77,28.78,28.81,28.82,28.93,1000,800,400,400,800,200,300,500,300,300,300,300,2900,500,100,700,400,200,1500,100
119.0,28.51,18300,522956.0,28.51,28.5,28.42,28.41,28.4,28.37,28.35,28.34,28.33,28.31,28.53,28.55,28.57,28.58,28.62,28.77,28.78,28.81,28.82,28.93,1000,800,400,400,800,200,300,500,300,300,300,300,2900,500,100,700,400,200,1500,100
120.0,28.51,18300,522956.0,28.51,28.5,28.42,28.41,28.4,28.37,28.35,28.34,28.33,28.31,28.53,28.55,28.57,28.58,28.62,28.77,28.78,28.81,28.82,28.93,1000,800,400,400,800,200,300,500,300,300,300,300,2900,500,100,700,400,200,1500,100
121.0,28.51,18300,522956.0,28.51,28.5,28.42,28.41,28.4,28.37,28.35,28.34,28.33,28.31,28.53,28.55,28.57,28.58,28.62,28.77,28.78,28.81,28.82,28.93,1200,800,400,400,800,200,300,500,300,300,400,300,2900,500,100,700,400,200,1500,100
122.0,28.51,18300,522956.0,28.51,28.5,28.42,28.41,28.4,28.37,28.35,28.34,28.33,28.31,28.53,28.55,28.57,28.58,28.62,28.77,28.78,28.81,28.82,28.93,1200,800,400,400,800,200,300,500,300,300,600,300,2900,500,100,700,400,200,1500,100
123.0,28.51,18300,522956.0,28.51,28.5,28.42,28.41,28.4,28.37,28.35,28.34,28.33,28.31,28.53,28.55,28.57,28.58,28.62,28.77,28.78,28.81,28.82,28.93,1200,800,400,400,800,200,300,500,300,300,600,300,2900,500,100,700,400,200,1500,100
124.0,28.51,18300,522956.0,28.51,28.5,28.42,28.41,28.4,28.37,28.35,28.34,28.33,28.31,28.53,28.55,28.57,28.58,28.62,28.77,28.78,28.81,28.82,28.93,1200,800,400,400,800,200,300,500,300,300,600,300,2900,500,100,700,400,200,1500,100
125.0,28.51,18400,525807.0,28.51,28.5,28.42,28.41,28.4,28.37,28.35,28.34,28.33,28.31,28.53,28.55,28.57,28.58,28.62,28.77,28.78,28.81,28.82,28.93,1100,800,400,400,800,200,300,500,300,300,600,300,2900,500,100,700,400,200,1500,100
126.0,28.51,19200,548615.0,28.51,28.5,28.42,28.41,28.4,28.37,28.35,28.34,28.33,28.31,28.53,28.55,28.57,28.58,28.62,28.77,28.78,28.81,28.82,28.93,300,800,400,400,800,200,300,500,300,300,600,300,2900,500,100,700,400,200,1500,100
127.0,28.5,20300,579968.0,28.42,28.41,28.4,28.37,28.35,28.34,28.33,28.31,28.3,28.28,28.5,28.51,28.52,28.53,28.55,28.57,28.58,28.62,28.77,28.78,400,400,800,200,300,500,300,300,600,1100,300,300,400,700,200,2900,500,100,700,400
128.0,28.5,20300,579968.0,28.42,28.41,28.4,28.37,28.35,28.34,28.33,28.31,28.3,28.28,28.5,28.51,28.52,28.53,28.55,28.57,28.58,28.62,28.77,28.78,400,400,800,200,300,500,300,300,600,1100,300,300,400,700,200,2900,500,100,700,400
129.0,28.5,20300,579968.0,28.42,28.41,28.4,28.37,28.35,28.34,28.33,28.31,28.3,28.28,28.5,28.51,28.52,28.53,28.55,28.57,28.58,28.62,28.77,28.78,400,400,800,200,300,500,300,300,600,1100,300,300,400,700,200,2900,500,100,700,400
130.0,28.5,20300,579968.0,28.42,28.41,28.4,28.37,28.35,28.34,28.33,28.31,28.3,28.28,28.5,28.51,28.53,28.55,28.57,28.58,28.62,28.77,28.78,28.81,400,400,800,200,300,500,300,300,600,1100,300,300,700,200,2900,500,100,700,400,200
131.0,28.5,20300,579968.0,28.42,28.41,28.4,28.37,28.35,28.34,28.33,28.31,28.3,28.28,28.5,28.51,28.53,28.55,28.57,28.58,28.62,28.77,28.78,28.81,400,400,800,200,300,500,300,300,600,1100,300,300,700,200,2900,500,100,700,400,200
132.0,28.5,20300,579968.0,28.42,28.41,28.4,28.37,28.35,28.34,28.33,28.31,28.3,28.28,28.5,28.51,28.53,28.55,28.57,28.58,28.62,28.77,28.78,28.81,400,400,800,200,300,500,300,300,600,1100,300,300,700,200,2900,500,100,700,400,200
133.0,28.5,20300,579968.0,28.42,28.41,28.4,28.37,28.35,28.34,28.33,28.31,28.3,28.28,28.5,28.51,28.53,28.55,28.57,28.58,28.62,28.77,28.78,28.81,400,400,800,200,300,500,300,300,600,1100,300,300,700,200,2900,500,100,700,400,200
134.0,28.5,20300,579968.0,28.42,28.41,28.4,28.37,28.35,28.34,28.33,28.31,28.3,28.28,28.5,28.51,28.53,28.55,28.57,28.58,28.62,28.77,28.78,28.81,400,400,800,200,300,500,300,300,600,1100,300,400,700,200,2900,400,100,700,400,200
135.0,28.5,20300,579968.0,28.42,28.41,28.4,28.37,28.35,28.34,28.33,28.31,28.3,28.28,28.5,28.51,28.53,28.55,28.57,28.58,28.62,28.77,28.78,28.81,400,400,800,200,300,500,300,300,100,1100,300,400,700,200,2900,400,100,700,400,200
136.0,28.5,20300,579968.0,28.42,28.41,28.4,28.37,28.35,28.34,28.33,28.31,28.3,28.28,28.5,28.51,28.53,28.55,28.57,28.58,28.62,28.77,28.78,28.81,400,400,800,200,300,500,300,300,100,1100,300,400,700,200,2900,400,100,700,400,200
137.0,28.5,20300,579968.0,28.42,28.41,28.4,28.37,28.35,28.34,28.33,28.31,28.3,28.28,28.5,28.51,28.53,28.55,28.57,28.58,28.62,28.77,28.78,28.81,400,400,800,200,300,500,300,300,100,1100,300,700,700,200,2900,400,100,500,400,200
138.0,28.5,20300,579968.0,28.42,28.41,28.4,28.37,28.35,28.34,28.33,28.31,28.3,28.28,28.5,28.51,28.53,28.55,28.57,28.58,28.62,28.77,28.78,28.81,400,400,800,200,300,500,300,300,100,1100,300,700,700,200,2900,400,100,500,400,200
139.0,28.5,20300,579968.0,28.42,28.41,28.4,28.37,28.35,28.34,28.33,28.31,28.3,28.28,28.5,28.51,28.53,28.55,28.57,28.58,28.62,28.77,28.78,28.81,400,400,800,200,300,500,300,300,100,1100,300,700,600,200,2900,400,100,500,400,200
140.0,28.5,20300,579968.0,28.43,28.42,28.41,28.4,28.37,28.35,28.34,28.33,28.31,28.3,28.5,28.51,28.53,28.55,28.57,28.58,28.62,28.77,28.78,28.81,1000,400,400,800,200,300,500,300,300,100,300,700,600,200,2900,400,100,500,400,200
141.0,28.5,20300,579968.0,28.43,28.42,28.41,28.4,28.37,28.35,28.34,28.33,28.31,28.3,28.5,28.51,28.53,28.55,28.57,28.58,28.62,28.77,28.78,28.81,1000,400,400,800,200,300,500,300,300,100,300,700,600,200,2900,400,100,500,400,200
142.0,28.5,20300,579968.0,28.43,28.42,28.41,28.4,28.37,28.35,28.34,28.33,28.31,28.3,28.5,28.51,28.53,28.55,28.57,28.58,28.62,28.77,28.78,28.81,1000,400,400,800,200,300,500,300,300,100,300,700,600,200,2900,400,100,500,400,200
143.0,28.5,20300,579968.0,28.43,28.42,28.41,28.4,28.37,28.35,28.34,28.33,28.31,28.3,28.5,28.51,28.53,28.55,28.57,28.58,28.62,28.77,28.78,28.81,1000,400,400,800,200,300,500,300,300,100,300,700,600,200,2900,400,100,500,400,200
144.0,28.5,20300,579968.0,28.43,28.42,28.41,28.4,28.37,28.35,28.34,28.33,28.31,28.3,28.5,28.51,28.53,28.55,28.57,28.58,28.62,28.77,28.78,28.81,2100,400,400,800,200,300,500,300,300,100,300,1400,600,200,2900,400,100,500,400,200
145.0,28.5,20300,579968.0,28.43,28.42,28.41,28.4,28.37,28.35,28.34,28.33,28.31,28.3,28.5,28.51,28.53,28.55,28.57,28.58,28.62,28.77,28.78,28.81,2100,400,400,800,200,300,500,300,300,100,300,1400,600,200,2900,400,100,500,400,200
146.0,28.5,20300,579968.0,28.43,28.42,28.41,28.4,28.37,28.35,28.34,28.33,28.31,28.3,28.5,28.51,28.53,28.55,28.57,28.58,28.62,28.77,28.78,28.81,2100,400,400,800,200,300,500,300,300,100,300,1400,600,200,2900,400,100,500,400,200
147.0,28.5,20300,579968.0,28.43,28.42,28.41,28.4,28.37,28.35,28.34,28.33,28.31,28.3,28.5,28.51,28.53,28.55,28.57,28.58,28.62,28.77,28.78,28.81,2100,400,400,800,200,300,500,300,300,100,300,1400,600,200,2900,400,100,500,400,200
148.0,28.5,20300,579968.0,28.43,28.42,28.41,28.4,28.37,28.35,28.34,28.33,28.31,28.3,28.5,28.51,28.53,28.55,28.57,28.58,28.62,28.77,28.78,28.81,2100,400,400,800,200,300,500,300,300,100,300,1400,600,200,2900,400,100,500,400,200
149.0,28.5,20300,579968.0,28.43,28.42,28.41,28.4,28.37,28.35,28.34,28.33,28.31,28.3,28.5,28.51,28.53,28.55,28.57,28.58,28.62,28.77,28.78,28.81,2100,400,400,800,200,300,500,300,300,100,300,1400,600,200,2900,400,100,500,400,200
150.0,28.43,20500,585654.0,28.43,28.42,28.41,28.4,28.37,28.35,28.34,28.33,28.31,28.3,28.5,28.51,28.53,28.55,28.57,28.58,28.62,28.77,28.78,28.81,1900,400,400,800,200,300,500,300,300,100,300,1400,600,200,2900,400,100,500,400,200
151.0,28.43,20500,585654.0,28.43,28.42,28.41,28.4,28.37,28.35,28.34,28.33,28.31,28.3,28.5,28.51,28.53,28.55,28.57,28.58,28.62,28.77,28.78,28.81,1900,400,400,800,200,300,500,300,300,100,300,1400,600,200,2900,400,100,500,400,200
152.0,28.43,20600,588497.0,28.43,28.42,28.41,28.4,28.37,28.35,28.34,28.33,28.31,28.3,28.5,28.51,28.53,28.55,28.57,28.58,28.62,28.77,28.78,28.81,1800,400,400,800,200,300,500,300,300,100,300,1400,600,200,2900,400,100,500,400,200
153.0,28.43,20600,588497.0,28.43,28.42,28.41,28.4,28.37,28.35,28.34,28.33,28.31,28.3,28.5,28.51,28.53,28.55,28.57,28.58,28.62,28.77,28.78,28.81,1800,400,400,800,200,300,500,300,300,100,300,1400,600,200,2900,400,100,500,400,200
154.0,28.43,20600,588497.0,28.43,28.42,28.41,28.4,28.37,28.35,28.34,28.33,28.31,28.3,28.5,28.51,28.53,28.55,28.57,28.58,28.62,28.77,28.78,28.81,1800,400,400,800,200,300,500,300,300,100,300,1400,600,200,2900,400,100,500,400,200
155.0,28.43,20600,588497.0,28.43,28.42,28.41,28.4,28.37,28.35,28.34,28.33,28.31,28.3,28.5,28.51,28.53,28.55,28.57,28.58,28.62,28.77,28.78,28.81,1800,400,400,800,200,300,500,300,300,100,300,1400,600,200,2900,400,100,500,400,200
156.0,28.43,20600,588497.0,28.43,28.42,28.41,28.4,28.37,28.35,28.34,28.33,28.31,28.3,28.5,28.51,28.53,28.55,28.57,28.58,28.62,28.77,28.78,28.81,1800,400,400,800,200,300,500,300,300,100,300,1400,600,200,2900,400,100,500,400,200
157.0,28.43,20600,588497.0,28.43,28.42,28.41,28.4,28.37,28.35,28.34,28.33,28.31,28.3,28.5,28.51,28.53,28.55,28.57,28.58,28.62,28.77,28.78,28.81,1800,400,400,800,200,300,500,300,300,100,300,1400,600,200,2900,400,100,500,400,200
158.0,28.43,20600,588497.0,28.43,28.42,28.41,28.4,28.37,28.35,28.34,28.33,28.31,28.3,28.5,28.51,28.53,28.55,28.57,28.58,28.62,28.77,28.78,28.81,1800,400,400,800,200,300,500,300,300,100,300,1400,600,200,2900,400,100,500,400,200
159.0,28.43,20600,588497.0,28.43,28.42,28.41,28.4,28.37,28.35,28.34,28.33,28.31,28.3,28.5,28.51,28.53,28.55,28.57,28.58,28.62,28.77,28.78,28.81,1800,400,400,800,200,300,500,300,300,100,300,1400,600,200,2900,400,100,500,400,200
160.0,28.43,20600,588497.0,28.43,28.42,28.41,28.4,28.37,28.35,28.34,28.33,28.31,28.3,28.5,28.51,28.53,28.55,28.57,28.58,28.62,28.77,28.78,28.81,1800,400,400,800,200,300,500,300,300,100,300,1400,600,200,2900,400,100,500,400,200
161.0,28.43,20600,588497.0,28.43,28.42,28.41,28.4,28.37,28.35,28.34,28.33,28.31,28.3,28.5,28.51,28.53,28.55,28.57,28.58,28.62,28.77,28.78,28.81,1800,400,400,800,200,300,500,300,300,100,300,1400,600,200,2900,400,100,500,400,200
162.0,28.43,20600,588497.0,28.43,28.42,28.41,28.4,28.37,28.35,28.34,28.33,28.31,28.3,28.5,28.51,28.53,28.55,28.57,28.58,28.62,28.77,28.78,28.81,1800,400,400,800,200,300,500,300,300,100,300,1400,600,200,2900,400,100,500,400,200
163.0,28.43,21600,616927.0,28.42,28.41,28.4,28.37,28.35,28.34,28.33,28.31,28.3,28.28,28.5,28.51,28.53,28.55,28.57,28.58,28.62,28.77,28.78,28.81,400,400,800,200,300,500,300,300,100,1100,300,1500,500,200,2900,400,100,500,400,200
164.0,28.43,21600,616927.0,28.42,28.41,28.4,28.37,28.35,28.34,28.33,28.31,28.3,28.28,28.5,28.51,28.53,28.55,28.57,28.58,28.62,28.77,28.78,28.81,400,400,800,200,300,500,300,300,100,1100,500,1500,500,200,2900,400,100,500,400,200
165.0,28.43,21600,616927.0,28.42,28.41,28.4,28.37,28.35,28.34,28.33,28.31,28.3,28.28,28.5,28.51,28.53,28.55,28.57,28.58,28.62,28.77,28.78,28.81,400,400,800,200,300,500,300,300,100,1100,500,1500,500,200,2900,400,100,500,400,200
166.0,28.43,21600,616927.0,28.42,28.41,28.4,28.37,28.35,28.34,28.33,28.31,28.3,28.28,28.5,28.51,28.53,28.55,28.57,28.58,28.62,28.77,28.78,28.81,400,400,800,200,300,500,300,300,100,1100,500,1500,500,200,2900,400,100,500,400,200
167.0,28.42,22000,628295.0,28.42,28.41,28.4,28.37,28.35,28.34,28.33,28.31,28.3,28.28,28.5,28.51,28.53,28.55,28.57,28.58,28.62,28.77,28.78,28.81,200,400,800,200,300,500,300,300,100,1100,600,1500,500,200,2900,400,100,500,400,200
168.0,28.42,22100,631137.0,28.42,28.41,28.4,28.37,28.35,28.34,28.33,28.31,28.3,28.28,28.5,28.51,28.53,28.55,28.57,28.58,28.62,28.77,28.78,28.81,100,400,800,200,300,500,300,300,100,1100,600,1500,500,200,2900,400,100,500,400,200
169.0,28.5,22200,633987.0,28.42,28.41,28.4,28.37,28.35,28.34,28.33,28.31,28.3,28.28,28.5,28.51,28.53,28.55,28.57,28.58,28.62,28.77,28.78,28.81,100,400,800,200,300,500,300,300,100,1100,500,1500,500,200,2900,400,100,500,400,200
170.0,28.42,22300,636829.0,28.41,28.4,28.37,28.35,28.34,28.33,28.31,28.3,28.28,28.12,28.5,28.51,28.53,28.55,28.57,28.58,28.62,28.77,28.78,28.81,400,800,200,300,500,300,300,100,1100,300,500,1500,500,200,2900,400,100,500,400,200
171.0,28.42,22300,636829.0,28.41,28.4,28.37,28.35,28.34,28.33,28.31,28.3,28.28,28.12,28.5,28.51,28.53,28.55,28.57,28.58,28.62,28.77,28.78,28.81,400,800,200,300,500,300,300,100,1100,300,500,1500,500,200,2900,400,100,500,400,200
172.0,28.42,22300,636829.0,28.41,28.4,28.37,28.35,28.34,28.33,28.31,28.3,28.28,28.12,28.5,28.51,28.53,28.55,28.57,28.58,28.62,28.77,28.78,28.81,400,800,200,300,500,300,300,100,1100,300,500,1500,500,200,2900,400,100,500,400,200
173.0,28.42,22300,636829.0,28.41,28.4,28.37,28.35,28.34,28.33,28.31,28.3,28.28,28.12,28.5,28.51,28.53,28.55,28.57,28.58,28.62,28.77,28.78,28.81,400,800,200,300,500,300,300,100,1100,300,500,1500,500,200,2900,400,100,500,400,200
174.0,28.42,22300,636829.0,28.41,28.4,28.37,28.35,28.34,28.33,28.31,28.3,28.28,28.12,28.5,28.51,28.53,28.55,28.57,28.58,28.62,28.77,28.78,28.81,400,800,200,300,500,300,300,100,1100,300,500,1500,500,200,2900,400,100,500,400,200
175.0,28.42,22300,636829.0,28.41,28.4,28.37,28.35,28.34,28.33,28.31,28.3,28.28,28.12,28.5,28.51,28.53,28.55,28.57,28.58,28.62,28.77,28.78,28.81,400,800,200,300,500,300,300,100,1100,300,500,1500,500,200,2900,400,100,500,400,200
176.0,28.41,22500,642511.0,28.41,28.4,28.37,28.35,28.34,28.33,28.31,28.3,28.28,28.12,28.43,28.5,28.51,28.53,28.55,28.57,28.58,28.62,28.77,28.78,200,800,200,300,500,300,300,100,1100,300,1000,500,1500,500,200,2900,400,100,500,400
177.0,28.41,22500,642511.0,28.41,28.4,28.37,28.35,28.34,28.33,28.31,28.3,28.28,28.12,28.43,28.5,28.51,28.53,28.55,28.57,28.58,28.62,28.77,28.78,200,800,200,300,500,300,300,100,1100,300,1000,500,1500,500,200,2900,400,100,500,400
178.0,28.43,22600,645354.0,28.41,28.4,28.37,28.35,28.34,28.33,28.31,28.3,28.28,28.12,28.5,28.51,28.53,28.55,28.57,28.58,28.62,28.77,28.78,28.81,200,800,200,300,500,300,300,100,1100,300,500,1500,500,200,2900,400,100,500,400,200
179.0,28.43,22600,645354.0,28.41,28.4,28.37,28.35,28.34,28.33,28.31,28.3,28.28,28.12,28.5,28.51,28.53,28.55,28.57,28.58,28.62,28.77,28.78,28.81,200,800,200,300,500,300,300,100,1100,300,500,1500,500,200,2900,400,100,500,400,200
180.0,28.5,22700,648204.0,28.44,28.41,28.4,28.37,28.35,28.34,28.33,28.31,28.3,28.28,28.5,28.51,28.53,28.55,28.57,28.58,28.62,28.77,28.78,28.81,200,200,800,200,300,500,300,300,100,1100,400,1500,500,200,2900,400,100,500,400,200
181.0,28.5,22700,648204.0,28.44,28.41,28.4,28.37,28.35,28.34,28.33,28.31,28.3,28.28,28.5,28.51,28.53,28.55,28.57,28.58,28.62,28.77,28.78,28.81,200,200,800,200,300,500,300,300,100,1100,400,1500,500,200,2900,400,100,500,400,200
182.0,28.44,22900,653892.0,28.41,28.4,28.37,28.35,28.34,28.33,28.31,28.3,28.28,28.12,28.5,28.51,28.53,28.55,28.57,28.58,28.62,28.77,28.78,28.81,200,800,200,300,500,300,300,300,1100,300,400,1500,500,200,2900,400,100,500,400,200
183.0,28.44,22900,653892.0,28.41,28.4,28.39,28.37,28.35,28.34,28.33,28.31,28.3,28.28,28.5,28.51,28.53,28.55,28.57,28.58,28.62,28.77,28.78,28.81,200,800,100,200,300,500,300,300,300,1100,400,1500,500,200,2900,400,100,500,400,200
184.0,28.44,22900,653892.0,28.41,28.4,28.39,28.37,28.35,28.34,28.33,28.31,28.3,28.28,28.5,28.51,28.53,28.55,28.57,28.58,28.62,28.77,28.78,28.81,200,800,100,200,300,500,300,300,300,1100,400,1500,500,200,2900,400,100,500,400,200
185.0,28.44,22900,653892.0,28.41,28.4,28.39,28.37,28.35,28.34,28.33,28.31,28.3,28.28,28.5,28.51,28.53,28.55,28.57,28.58,28.62,28.77,28.78,28.81,200,800,100,200,300,500,300,300,300,1100,400,1500,500,200,2900,400,100,500,400,200
186.0,28.44,22900,653892.0,28.41,28.4,28.39,28.37,28.35,28.34,28.33,28.31,28.3,28.28,28.5,28.51,28.53,28.55,28.57,28.58,28.62,28.77,28.78,28.81,200,800,100,200,300,500,300,300,300,1100,400,1500,500,200,2900,400,100,500,400,200
187.0,28.44,22900,653892.0,28.41,28.4,28.39,28.37,28.35,28.34,28.33,28.31,28.3,28.28,28.49,28.5,28.51,28.53,28.55,28.57,28.58,28.62,28.77,28.78,200,800,100,200,300,500,300,300,300,1100,100,400,1500,500,200,2900,400,100,500,400
188.0,28.44,22900,653892.0,28.41,28.4,28.39,28.37,28.35,28.34,28.33,28.31,28.3,28.28,28.49,28.5,28.51,28.53,28.55,28.57,28.58,28.62,28.77,28.78,200,800,100,200,300,500,300,300,300,1100,100,400,1400,500,200,2900,400,100,500,400
189.0,28.44,22900,653892.0,28.41,28.4,28.39,28.37,28.35,28.34,28.33,28.31,28.3,28.28,28.49,28.5,28.51,28.53,28.55,28.57,28.58,28.62,28.77,28.78,200,800,100,200,300,500,300,300,300,1100,100,400,1400,500,200,2900,400,100,500,400
190.0,28.44,22900,653892.0,28.41,28.4,28.39,28.37,28.35,28.34,28.33,28.31,28.3,28.28,28.49,28.5,28.51,28.53,28.55,28.57,28.58,28.62,28.77,28.78,200,800,100,200,300,500,300,300,300,1100,500,400,1400,500,200,2900,400,100,500,400
191.0,28.44,22900,653892.0,28.41,28.4,28.39,28.37,28.35,28.34,28.33,28.31,28.3,28.28,28.49,28.5,28.51,28.53,28.55,28.57,28.58,28.62,28.77,28.78,200,800,100,200,300,500,300,300,300,1100,500,400,1400,500,200,2900,400,100,500,400
192.0,28.49,23000,656741.0,28.41,28.4,28.39,28.37,28.35,28.34,28.33,28.31,28.3,28.28,28.49,28.5,28.51,28.53,28.55,28.57,28.58,28.62,28.77,28.78,200,800,100,200,300,500,300,300,300,1100,400,400,1400,500,200,2900,400,100,500,400
193.0,28.41,23200,662423.0,28.4,28.39,28.37,28.35,28.34,28.33,28.31,28.3,28.28,28.12,28.49,28.5,28.51,28.53,28.55,28.57,28.58,28.62,28.77,28.78,1300,100,200,300,500,300,300,300,1100,300,400,400,1400,500,200,2900,400,100,500,400
194.0,28.41,23200,662423.0,28.4,28.39,28.37,28.35,28.34,28.33,28.31,28.3,28.28,28.12,28.49,28.5,28.51,28.53,28.55,28.57,28.58,28.62,28.77,28.78,1300,100,200,300,500,300,300,300,1100,300,400,400,1400,500,200,2900,400,100,500,400
195.0,28.41,23200,662423.0,28.4,28.39,28.37,28.35,28.34,28.33,28.31,28.3,28.28,28.12,28.49,28.5,28.51,28.53,28.55,28.57,28.58,28.62,28.77,28.78,1300,100,200,300,500,300,300,300,1100,300,400,400,1400,500,200,2900,400,100,500,400
196.0,28.41,23200,662423.0,28.4,28.39,28.37,28.35,28.34,28.33,28.31,28.3,28.28,28.12,28.49,28.5,28.51,28.53,28.55,28.57,28.58,28.62,28.77,28.78,1300,100,200,300,500,300,300,300,1100,300,400,400,1400,500,200,2900,400,100,500,400
197.0,28.41,23200,662423.0,28.4,28.39,28.37,28.35,28.34,28.33,28.31,28.3,28.28,28.12,28.49,28.5,28.51,28.53,28.55,28.57,28.58,28.62,28.77,28.78,1300,100,200,300,500,300,300,300,1100,300,500,400,1300,500,200,2900,400,100,500,400
198.0,28.41,23200,662423.0,28.4,28.39,28.37,28.35,28.34,28.33,28.31,28.3,28.28,28.12,28.49,28.5,28.51,28.53,28.55,28.57,28.58,28.62,28.77,28.78,1300,100,200,300,500,300,300,300,1100,300,500,400,1300,500,200,2900,400,100,500,400
199.0,28.41,23200,662423.0,28.4,28.39,28.37,28.35,28.34,28.33,28.31,28.3,28.28,28.12,28.49,28.5,28.51,28.53,28.55,28.57,28.58,28.62,28.77,28.78,1300,100,200,300,500,300,300,300,1100,300,500,400,1300,500,200,2900,400,100,500,400
200.0,28.41,23200,662423.0,28.4,28.39,28.37,28.35,28.34,28.33,28.31,28.3,28.28,28.12,28.49,28.5,28.51,28.53,28.55,28.57,28.58,28.62,28.77,28.78,1400,100,200,300,500,300,300,300,1100,300,600,400,1000,500,200,2900,400,100,500,400
201.0,28.41,23200,662423.0,28.4,28.39,28.37,28.35,28.34,28.33,28.31,28.3,28.28,28.12,28.49,28.5,28.51,28.53,28.55,28.57,28.58,28.62,28.77,28.78,1400,100,200,300,500,300,300,300,1100,300,600,400,1000,500,200,2900,400,100,500,400
202.0,28.41,23200,662423.0,28.41,28.4,28.39,28.37,28.35,28.34,28.33,28.31,28.3,28.28,28.49,28.5,28.51,28.53,28.55,28.57,28.58,28.62,28.77,28.78,1000,1400,100,200,300,500,300,300,300,1100,600,400,1000,500,200,2900,400,100,500,400
203.0,28.41,23200,662423.0,28.41,28.4,28.39,28.37,28.35,28.34,28.33,28.31,28.3,28.28,28.49,28.5,28.51,28.53,28.55,28.57,28.58,28.62,28.77,28.78,1500,1400,100,200,300,500,300,300,300,1100,600,400,1000,500,200,2900,400,100,500,400
204.0,28.49,23300,665272.0,28.41,28.4,28.39,28.37,28.35,28.34,28.33,28.31,28.3,28.28,28.49,28.5,28.51,28.53,28.55,28.57,28.58,28.62,28.77,28.78,1500,1400,100,200,300,500,300,300,300,1100,500,400,1000,500,200,2900,400,100,500,400
205.0,28.49,23300,665272.0,28.41,28.4,28.39,28.37,28.35,28.34,28.33,28.31,28.3,28.28,28.49,28.5,28.51,28.53,28.55,28.57,28.58,28.62,28.77,28.78,1500,1400,100,200,300,500,300,300,300,1100,500,400,1000,500,200,2900,400,100,500,400
206.0,28.49,23300,665272.0,28.41,28.4,28.39,28.37,28.35,28.34,28.33,28.31,28.3,28.28,28.49,28.5,28.51,28.53,28.55,28.57,28.58,28.62,28.77,28.78,1500,1400,100,200,300,500,300,300,300,1100,500,400,1000,500,200,2900,400,100,500,400
207.0,28.49,23300,665272.0,28.41,28.4,28.39,28.37,28.35,28.34,28.33,28.31,28.3,28.28,28.49,28.5,28.51,28.53,28.55,28.57,28.58,28.62,28.77,28.78,1500,1400,100,200,300,500,300,300,300,1100,500,400,1000,500,200,2900,400,100,500,400
208.0,28.49,23300,665272.0,28.41,28.4,28.39,28.37,28.35,28.34,28.33,28.31,28.3,28.28,28.49,28.5,28.51,28.53,28.55,28.57,28.58,28.62,28.77,28.78,1500,1400,100,200,300,500,300,300,300,1100,500,400,1000,500,200,2900,400,100,500,400
209.0,28.49,23300,665272.0,28.41,28.4,28.39,28.37,28.35,28.34,28.33,28.31,28.3,28.28,28.49,28.5,28.51,28.53,28.55,28.57,28.58,28.62,28.77,28.78,1500,1400,100,200,300,500,300,300,300,1100,500,200,1000,500,200,2900,400,100,500,400
210.0,28.49,23300,665272.0,28.41,28.4,28.39,28.37,28.35,28.34,28.33,28.31,28.3,28.28,28.49,28.5,28.51,28.53,28.55,28.57,28.58,28.6,28.62,28.77,1500,1300,100,200,300,500,300,300,300,1100,500,200,1000,500,200,2900,400,1000,100,500
211.0,28.49,23300,665272.0,28.41,28.4,28.39,28.37,28.35,28.34,28.33,28.31,28.3,28.28,28.49,28.5,28.51,28.53,28.55,28.57,28.58,28.6,28.62,28.77,1500,1300,100,200,300,500,300,300,300,1100,500,200,1000,500,200,2900,400,1000,100,500
212.0,28.41,24300,693682.0,28.41,28.4,28.39,28.37,28.35,28.34,28.33,28.31,28.3,28.28,28.49,28.5,28.51,28.53,28.55,28.57,28.58,28.6,28.62,28.77,600,1300,100,200,300,500,300,300,300,1100,500,200,1000,500,200,2900,400,1000,100,500
213.0,28.41,24300,693682.0,28.41,28.4,28.39,28.37,28.35,28.34,28.33,28.31,28.3,28.28,28.48,28.49,28.5,28.51,28.53,28.55,28.57,28.58,28.6,28.62,600,1300,100,200,300,500,300,300,300,1100,200,500,200,1000,500,200,2900,400,1000,100
214.0,28.41,24300,693682.0,28.41,28.4,28.39,28.37,28.35,28.34,28.33,28.31,28.3,28.28,28.48,28.49,28.5,28.51,28.53,28.55,28.57,28.58,28.6,28.62,600,1300,100,200,300,500,300,300,300,1100,400,500,200,1000,500,200,2900,400,1000,100
215.0,28.41,24300,693682.0,28.41,28.4,28.39,28.37,28.35,28.34,28.33,28.31,28.3,28.28,28.47,28.48,28.49,28.5,28.51,28.53,28.55,28.57,28.58,28.6,600,1300,100,200,300,500,300,300,300,1100,100,400,500,200,1000,500,200,2900,400,1000
216.0,28.41,24300,693682.0,28.41,28.4,28.39,28.37,28.35,28.34,28.33,28.31,28.3,28.28,28.47,28.48,28.49,28.5,28.51,28.53,28.55,28.57,28.58,28.6,600,1300,100,200,300,500,300,300,300,1100,100,400,500,200,1000,500,200,2900,400,1000
217.0,28.41,24300,693682.0,28.41,28.4,28.39,28.37,28.35,28.34,28.33,28.31,28.3,28.28,28.47,28.48,28.49,28.5,28.51,28.53,28.55,28.57,28.58,28.6,600,1300,100,200,300,500,300,300,300,1100,100,400,500,200,1000,500,200,2900,400,1000
218.0,28.41,24300,693682.0,28.41,28.4,28.39,28.37,28.35,28.34,28.33,28.31,28.3,28.28,28.47,28.48,28.49,28.5,28.51,28.53,28.55,28.57,28.58,28.6,600,1300,100,200,300,500,300,300,300,1100,300,400,500,200,1000,500,200,2900,400,1000
219.0,28.41,24300,693682.0,28.41,28.4,28.39,28.37,28.35,28.34,28.33,28.31,28.3,28.28,28.47,28.48,28.49,28.5,28.51,28.53,28.55,28.57,28.58,28.6,600,1300,100,200,300,500,300,300,300,1100,300,400,500,200,1000,500,200,2900,400,1000
220.0,28.41,24300,693682.0,28.41,28.4,28.39,28.37,28.35,28.34,28.33,28.31,28.3,28.28,28.47,28.48,28.49,28.5,28.51,28.53,28.55,28.57,28.58,28.6,600,1300,100,200,300,500,300,300,300,1100,300,400,500,200,1000,500,200,2900,400,1000
221.0,28.41,24300,693682.0,28.41,28.4,28.39,28.37,28.35,28.34,28.33,28.31,28.3,28.28,28.47,28.48,28.49,28.5,28.51,28.53,28.55,28.57,28.58,28.6,600,1300,100,200,300,500,300,300,300,1100,300,400,500,200,1000,500,200,2900,400,1000
222.0,28.41,24300,693682.0,28.41,28.4,28.39,28.37,28.35,28.34,28.33,28.31,28.3,28.28,28.47,28.48,28.49,28.5,28.51,28.53,28.55,28.57,28.58,28.6,600,1300,100,200,300,500,300,300,300,1100,300,400,500,200,1000,500,200,2900,400,1000
223.0,28.41,24300,693682.0,28.41,28.4,28.39,28.37,28.35,28.34,28.33,28.31,28.3,28.28,28.47,28.48,28.49,28.5,28.51,28.53,28.55,28.57,28.58,28.6,600,1300,100,200,300,500,300,300,300,1100,900,400,500,200,1000,500,200,2900,400,1000
224.0,28.41,24300,693682.0,28.41,28.4,28.39,28.37,28.35,28.34,28.33,28.31,28.3,28.28,28.47,28.48,28.49,28.5,28.51,28.53,28.55,28.57,28.58,28.6,100,1300,100,200,300,500,300,300,300,1100,900,400,500,200,1000,500,200,2900,400,1000
225.0,28.41,24300,693682.0,28.41,28.4,28.39,28.37,28.35,28.34,28.33,28.31,28.3,28.28,28.47,28.48,28.49,28.5,28.51,28.53,28.55,28.57,28.58,28.6,100,1300,100,200,300,500,300,300,300,1100,900,400,500,200,1000,500,200,2900,400,1000
226.0,28.41,24300,693682.0,28.41,28.4,28.39,28.37,28.35,28.34,28.33,28.31,28.3,28.28,28.46,28.47,28.48,28.49,28.5,28.51,28.53,28.57,28.58,28.6,1600,1300,100,200,300,500,300,300,300,1100,900,800,400,200,200,900,500,2900,400,1000
227.0,28.41,24300,693682.0,28.41,28.4,28.39,28.37,28.35,28.34,28.33,28.31,28.3,28.28,28.46,28.47,28.48,28.49,28.5,28.51,28.53,28.57,28.58,28.6,1600,1300,100,200,300,500,300,300,300,1100,900,800,400,200,200,900,500,2900,400,1000
228.0,28.46,24400,696528.0,28.41,28.4,28.39,28.37,28.35,28.34,28.33,28.31,28.3,28.28,28.46,28.47,28.48,28.49,28.5,28.51,28.53,28.57,28.58,28.6,1600,1300,100,200,300,500,300,300,300,1100,800,800,400,200,200,900,500,2900,400,1000
229.0,28.46,24400,696528.0,28.41,28.4,28.39,28.37,28.35,28.34,28.33,28.31,28.3,28.28,28.46,28.47,28.48,28.49,28.5,28.51,28.53,28.57,28.58,28.6,1600,1300,100,200,300,500,300,300,300,1100,800,800,400,200,200,900,500,2900,400,1000
230.0,28.41,26000,741984.0,28.4,28.39,28.37,28.35,28.34,28.33,28.31,28.3,28.28,28.12,28.41,28.46,28.47,28.48,28.49,28.5,28.51,28.53,28.57,28.58,900,100,200,300,500,300,300,300,1100,300,1700,800,800,400,100,200,900,500,2900,400
231.0,28.41,26100,744825.0,28.4,28.37,28.35,28.34,28.33,28.31,28.3,28.28,28.12,28.1,28.41,28.45,28.46,28.47,28.48,28.49,28.5,28.51,28.53,28.57,900,200,300,500,300,300,300,1100,300,2800,1600,200,800,800,400,100,200,900,500,2900
232.0,28.4,26200,747665.0,28.4,28.37,28.35,28.34,28.33,28.31,28.3,28.28,28.12,28.1,28.41,28.45,28.46,28.47,28.48,28.49,28.5,28.51,28.53,28.57,800,200,300,500,300,300,300,1100,300,2800,2300,200,800,300,400,100,200,900,500,2900
233.0,28.4,26200,747665.0,28.4,28.37,28.35,28.34,28.33,28.31,28.3,28.28,28.12,28.1,28.41,28.45,28.46,28.47,28.48,28.49,28.5,28.51,28.53,28.57,800,200,300,500,300,300,300,1100,300,2800,2300,200,800,300,400,100,200,900,500,2900
234.0,28.4,26200,747665.0,28.4,28.37,28.35,28.34,28.33,28.31,28.3,28.28,28.12,28.1,28.41,28.45,28.46,28.47,28.48,28.49,28.5,28.51,28.53,28.57,800,200,300,500,300,300,300,1100,300,2800,2300,200,800,300,400,100,200,900,500,2900
235.0,28.41,26400,753347.0,28.4,28.37,28.35,28.34,28.33,28.31,28.3,28.28,28.12,28.1,28.41,28.45,28.46,28.47,28.48,28.49,28.5,28.51,28.53,28.57,800,200,300,500,300,300,300,1100,300,2800,2100,200,800,300,400,100,200,900,500,2900
236.0,28.41,26400,753347.0,28.4,28.37,28.35,28.34,28.33,28.31,28.3,28.28,28.12,28.1,28.41,28.45,28.46,28.47,28.48,28.49,28.5,28.51,28.53,28.57,800,200,300,500,300,300,300,1100,300,2800,2100,200,800,300,400,100,200,900,500,2900
237.0,28.41,26400,753347.0,28.4,28.37,28.35,28.34,28.33,28.31,28.3,28.28,28.12,28.1,28.41,28.45,28.46,28.47,28.48,28.49,28.5,28.51,28.53,28.57,800,200,300,500,300,300,300,1100,300,2800,2100,200,800,300,400,100,200,900,500,2900
238.0,28.41,26400,753347.0,28.4,28.37,28.35,28.34,28.33,28.31,28.3,28.28,28.12,28.1,28.41,28.45,28.46,28.47,28.48,28.49,28.5,28.51,28.53,28.57,800,200,300,500,300,300,300,1100,300,2800,2100,200,800,300,400,100,200,900,500,2900
239.0,28.41,27000,770393.0,28.4,28.37,28.35,28.34,28.33,28.31,28.3,28.28,28.12,28.1,28.41,28.45,28.46,28.47,28.48,28.49,28.5,28.51,28.53,28.57,800,200,300,500,300,300,300,1100,300,2800,1500,200,800,300,400,100,200,900,500,2900
240.0,28.41,28500,813008.0,28.42,28.41,28.4,28.37,28.35,28.34,28.33,28.31,28.3,28.28,28.45,28.46,28.47,28.48,28.49,28.5,28.51,28.53,28.57,28.58,500,400,800,200,300,500,300,300,300,1100,200,800,300,400,100,200,900,500,2900,400
241.0,28.41,28500,813008.0,28.42,28.41,28.4,28.37,28.35,28.34,28.33,28.31,28.3,28.28,28.45,28.46,28.47,28.48,28.49,28.5,28.51,28.53,28.57,28.58,500,400,800,200,300,500,300,300,300,1100,200,800,300,400,100,200,900,500,2900,400
242.0,28.41,28500,813008.0,28.42,28.41,28.4,28.37,28.35,28.34,28.33,28.31,28.3,28.28,28.45,28.46,28.47,28.48,28.49,28.5,28.51,28.53,28.57,28.58,600,400,800,200,300,500,300,300,300,1100,200,800,300,400,100,200,900,500,2900,400
243.0,28.41,28500,813008.0,28.42,28.41,28.4,28.37,28.35,28.34,28.33,28.31,28.3,28.28,28.45,28.46,28.47,28.48,28.49,28.5,28.51,28.53,28.57,28.58,600,400,800,200,300,500,300,300,300,1100,200,800,300,400,100,200,900,500,2900,400
244.0,28.41,28500,813008.0,28.42,28.41,28.4,28.37,28.35,28.34,28.33,28.31,28.3,28.28,28.45,28.46,28.47,28.48,28.49,28.5,28.51,28.53,28.57,28.58,600,400,800,200,300,500,300,300,300,1100,200,800,300,400,100,200,900,500,2900,400
245.0,28.41,28500,813008.0,28.42,28.41,28.4,28.37,28.35,28.34,28.33,28.31,28.3,28.28,28.45,28.46,28.47,28.48,28.49,28.5,28.51,28.53,28.57,28.58,700,400,800,200,300,500,300,300,300,1100,200,800,300,200,100,200,900,500,2900,400
246.0,28.41,28500,813008.0,28.42,28.41,28.4,28.37,28.35,28.34,28.33,28.31,28.3,28.28,28.45,28.46,28.47,28.49,28.5,28.51,28.53,28.57,28.58,28.6,700,400,800,200,300,500,300,300,300,1100,200,800,300,100,200,900,500,2900,400,1000
247.0,28.41,28500,813008.0,28.42,28.41,28.4,28.37,28.35,28.34,28.33,28.31,28.3,28.28,28.45,28.46,28.47,28.49,28.5,28.51,28.53,28.57,28.58,28.6,700,400,800,200,300,500,300,300,300,1100,200,800,300,100,200,900,500,2900,400,1000
248.0,28.41,28500,813008.0,28.42,28.41,28.4,28.37,28.35,28.34,28.33,28.31,28.3,28.28,28.45,28.46,28.47,28.49,28.5,28.51,28.53,28.57,28.58,28.6,700,400,800,200,300,500,300,300,300,1100,200,800,300,100,200,900,500,2900,400,1000
249.0,28.41,28500,813008.0,28.42,28.41,28.4,28.37,28.35,28.34,28.33,28.31,28.3,28.28,28.45,28.46,28.47,28.49,28.5,28.51,28.53,28.57,28.58,28.6,700,400,800,200,300,500,300,300,300,1100,200,800,300,100,200,900,500,2900,400,1000
250.0,28.41,28500,813008.0,28.42,28.41,28.4,28.37,28.35,28.34,28.33,28.31,28.3,28.28,28.45,28.46,28.47,28.49,28.5,28.51,28.53,28.57,28.58,28.6,700,400,800,200,300,500,300,300,300,1100,200,800,300,100,200,900,500,2900,400,1000
251.0,28.42,28900,824376.0,28.42,28.41,28.4,28.37,28.35,28.34,28.33,28.31,28.3,28.28,28.45,28.46,28.47,28.49,28.5,28.51,28.53,28.57,28.58,28.6,2100,1500,800,200,300,500,300,300,300,1100,200,800,300,100,200,900,500,2900,400,1000
252.0,28.47,30200,861375.0,28.47,28.46,28.43,28.42,28.41,28.4,28.37,28.35,28.34,28.33,28.49,28.5,28.51,28.53,28.57,28.58,28.6,28.62,28.77,28.78,100,100,2200,2100,1500,800,200,300,500,300,100,200,900,500,2900,400,1000,100,500,400
253.0,28.47,30200,861375.0,28.46,28.43,28.42,28.41,28.4,28.37,28.35,28.34,28.33,28.31,28.49,28.5,28.51,28.53,28.57,28.58,28.6,28.62,28.77,28.78,100,2800,2100,1500,800,200,300,500,300,300,100,200,900,500,2900,400,1000,100,500,400
254.0,28.49,30300,864224.0,28.46,28.44,28.43,28.42,28.41,28.4,28.37,28.35,28.34,28.33,28.49,28.5,28.51,28.53,28.57,28.58,28.6,28.62,28.77,28.78,100,700,2800,2100,1500,700,200,300,500,300,100,200,900,500,2900,400,1000,100,500,400
255.0,28.46,30400,867070.0,28.44,28.43,28.42,28.41,28.4,28.37,28.35,28.34,28.33,28.31,28.49,28.5,28.51,28.53,28.57,28.58,28.6,28.62,28.77,28.78,700,2800,2100,1500,700,200,300,500,300,300,100,200,900,500,2900,400,1000,100,500,400
256.0,28.46,30400,867070.0,28.44,28.43,28.42,28.41,28.4,28.37,28.35,28.34,28.33,28.31,28.49,28.5,28.51,28.53,28.57,28.58,28.6,28.62,28.77,28.78,700,2800,2100,1500,700,200,300,500,300,300,800,200,900,500,2900,400,1000,100,500,400
257.0,28.46,30400,867070.0,28.44,28.43,28.42,28.41,28.4,28.37,28.35,28.34,28.33,28.31,28.49,28.5,28.51,28.53,28.57,28.58,28.6,28.62,28.77,28.78,700,2800,2100,1500,700,200,300,500,300,300,800,200,900,500,2900,400,1000,100,500,400
258.0,28.46,30400,867070.0,28.44,28.43,28.42,28.41,28.4,28.37,28.35,28.34,28.33,28.31,28.49,28.5,28.51,28.53,28.57,28.58,28.6,28.62,28.77,28.78,700,2800,2100,1500,700,200,300,500,300,300,800,200,900,500,2900,400,1000,100,500,400
259.0,28.46,30400,867070.0,28.44,28.43,28.42,28.41,28.4,28.37,28.35,28.34,28.33,28.31,28.49,28.5,28.51,28.53,28.57,28.58,28.6,28.62,28.77,28.78,700,2800,2100,1500,700,200,300,500,300,300,800,200,900,500,2900,400,1000,100,500,400
260.0,28.46,30400,867070.0,28.44,28.43,28.42,28.41,28.4,28.37,28.35,28.34,28.33,28.31,28.49,28.5,28.51,28.53,28.57,28.58,28.6,28.62,28.77,28.78,700,2800,2100,1500,700,200,300,500,300,300,800,200,900,500,2900,400,1000,100,500,400
261.0,28.46,30400,867070.0,28.44,28.43,28.42,28.41,28.4,28.37,28.35,28.34,28.33,28.31,28.49,28.5,28.51,28.53,28.57,28.58,28.6,28.62,28.77,28.78,700,2800,2100,1500,700,200,300,500,300,300,800,200,900,500,2900,400,1000,100,500,400
262.0,28.46,30400,867070.0,28.44,28.43,28.42,28.41,28.4,28.37,28.35,28.34,28.33,28.31,28.49,28.5,28.51,28.53,28.57,28.58,28.6,28.62,28.77,28.78,700,2800,2100,1500,700,200,300,500,300,300,800,200,900,500,2900,400,1000,100,500,400
263.0,28.49,30500,869919.0,28.44,28.43,28.42,28.41,28.4,28.37,28.35,28.34,28.33,28.31,28.49,28.5,28.51,28.53,28.57,28.58,28.6,28.62,28.77,28.78,700,2800,2100,1500,700,200,300,500,300,300,700,200,900,500,2900,400,1000,100,500,400
264.0,28.49,30500,869919.0,28.44,28.43,28.42,28.41,28.4,28.37,28.35,28.34,28.33,28.31,28.49,28.5,28.51,28.53,28.57,28.58,28.6,28.62,28.77,28.78,700,2800,2100,1500,700,200,300,500,300,300,700,200,900,500,2900,400,1000,100,500,400
265.0,28.49,30500,869919.0,28.44,28.43,28.42,28.41,28.4,28.37,28.35,28.34,28.33,28.31,28.49,28.5,28.51,28.53,28.57,28.58,28.6,28.62,28.77,28.78,700,2800,2100,1500,700,200,300,500,300,300,700,200,900,500,2900,400,1000,100,500,400
266.0,28.49,30500,869919.0,28.44,28.43,28.42,28.41,28.4,28.37,28.35,28.34,28.33,28.31,28.49,28.5,28.51,28.53,28.57,28.58,28.6,28.62,28.77,28.78,700,2800,2100,1500,700,200,300,500,300,300,700,200,900,500,2900,400,1000,100,500,400
267.0,28.49,30500,869919.0,28.44,28.43,28.42,28.41,28.4,28.37,28.35,28.34,28.33,28.31,28.49,28.5,28.51,28.53,28.57,28.58,28.6,28.62,28.77,28.78,700,2800,2100,1500,700,200,300,500,300,300,700,200,900,500,2900,400,1000,100,500,400
268.0,28.49,30500,869919.0,28.44,28.43,28.42,28.41,28.4,28.37,28.35,28.34,28.33,28.31,28.49,28.5,28.51,28.53,28.57,28.58,28.6,28.62,28.77,28.78,700,2800,2100,1500,700,200,300,500,300,300,700,200,900,500,2900,400,1000,100,500,400
269.0,28.49,30500,869919.0,28.44,28.43,28.42,28.41,28.4,28.37,28.35,28.34,28.33,28.31,28.49,28.5,28.51,28.53,28.57,28.58,28.6,28.62,28.77,28.78,700,600,2100,1400,700,200,300,500,300,300,700,200,900,500,2900,400,1000,100,500,400
270.0,28.49,30500,869919.0,28.44,28.43,28.42,28.41,28.4,28.37,28.35,28.34,28.33,28.31,28.49,28.5,28.51,28.53,28.57,28.58,28.6,28.62,28.77,28.78,700,600,2100,1400,700,200,300,500,300,300,700,200,900,500,2900,400,1000,100,500,400
271.0,28.49,30500,869919.0,28.44,28.43,28.42,28.41,28.4,28.37,28.35,28.34,28.33,28.31,28.49,28.5,28.51,28.53,28.57,28.58,28.6,28.62,28.77,28.78,700,600,2100,1400,700,200,300,500,300,300,700,200,900,500,2900,400,1000,100,500,400
272.0,28.49,30500,869919.0,28.44,28.43,28.42,28.41,28.4,28.37,28.35,28.34,28.33,28.31,28.49,28.5,28.51,28.53,28.57,28.58,28.6,28.62,28.77,28.78,1800,600,2100,1400,700,200,300,500,300,300,700,200,900,500,2900,400,1000,100,500,400
273.0,28.49,30500,869919.0,28.44,28.43,28.42,28.41,28.4,28.37,28.35,28.34,28.33,28.31,28.49,28.5,28.51,28.53,28.57,28.58,28.6,28.62,28.77,28.78,1800,600,2100,1400,700,200,300,500,300,300,700,200,900,500,2900,400,1000,100,500,400
274.0,28.49,30600,872768.0,28.44,28.43,28.42,28.41,28.4,28.37,28.35,28.34,28.33,28.31,28.49,28.5,28.51,28.53,28.57,28.58,28.6,28.62,28.77,28.78,1800,600,2100,1400,700,200,300,500,300,300,600,200,900,500,2900,400,1000,100,500,400
275.0,28.44,30700,875612.0,28.44,28.43,28.42,28.41,28.4,28.37,28.35,28.34,28.33,28.31,28.49,28.5,28.51,28.53,28.57,28.58,28.6,28.62,28.77,28.78,1700,600,2100,1400,700,200,300,500,300,300,600,200,900,500,2900,400,1000,100,500,400
276.0,28.44,30700,875612.0,28.45,28.44,28.43,28.42,28.41,28.4,28.37,28.35,28.34,28.33,28.49,28.5,28.51,28.53,28.57,28.58,28.6,28.62,28.77,28.78,2200,1700,600,2100,1400,700,200,300,500,300,600,200,900,500,2900,400,1000,100,500,400
277.0,28.44,30700,875612.0,28.45,28.44,28.43,28.42,28.41,28.4,28.37,28.35,28.34,28.33,28.49,28.5,28.51,28.53,28.57,28.58,28.6,28.62,28.77,28.78,2200,1700,600,2100,1400,700,200,300,500,300,600,200,900,500,2900,400,1000,100,500,400
278.0,28.44,30700,875612.0,28.45,28.44,28.43,28.42,28.41,28.4,28.37,28.35,28.34,28.33,28.49,28.5,28.51,28.53,28.57,28.58,28.6,28.62,28.77,28.78,2200,1700,600,2100,1400,700,200,300,500,300,600,200,900,500,2900,400,1000,100,500,400
279.0,28.44,30700,875612.0,28.45,28.44,28.43,28.42,28.41,28.4,28.37,28.35,28.34,28.33,28.49,28.5,28.51,28.53,28.57,28.58,28.6,28.62,28.77,28.78,2200,1700,600,2100,1400,700,200,300,500,300,600,200,900,500,2900,400,1000,100,500,400
280.0,28.44,30700,875612.0,28.45,28.44,28.43,28.42,28.41,28.4,28.37,28.35,28.34,28.33,28.49,28.5,28.51,28.53,28.57,28.58,28.6,28.62,28.77,28.78,2200,1700,600,2100,1400,700,200,300,500,300,600,200,900,500,2900,400,1000,100,500,400
281.0,28.44,30700,875612.0,28.45,28.44,28.43,28.42,28.41,28.4,28.37,28.35,28.34,28.33,28.49,28.5,28.51,28.53,28.57,28.58,28.6,28.62,28.77,28.78,2200,1700,600,2100,1400,700,200,300,500,300,600,200,900,500,2900,400,1000,100,500,400
282.0,28.44,30700,875612.0,28.45,28.44,28.43,28.42,28.41,28.4,28.37,28.35,28.34,28.33,28.49,28.5,28.51,28.53,28.57,28.58,28.6,28.62,28.77,28.78,2200,1700,600,2100,1400,700,200,300,500,300,600,200,900,500,2900,400,1000,100,500,400
283.0,28.44,30700,875612.0,28.45,28.44,28.43,28.42,28.41,28.4,28.37,28.35,28.34,28.33,28.49,28.5,28.51,28.53,28.57,28.58,28.6,28.62,28.77,28.78,2200,1700,600,2100,1400,700,200,300,500,300,600,200,900,500,2900,400,1000,100,500,400
284.0,28.44,30700,875612.0,28.46,28.45,28.44,28.43,28.42,28.41,28.4,28.37,28.35,28.34,28.49,28.5,28.51,28.53,28.57,28.58,28.6,28.62,28.77,28.78,2000,2200,1600,600,2100,1400,700,200,300,500,600,200,900,500,2900,400,1000,100,500,400
285.0,28.44,30700,875612.0,28.46,28.45,28.44,28.43,28.42,28.41,28.4,28.37,28.35,28.34,28.49,28.5,28.51,28.53,28.57,28.58,28.6,28.62,28.77,28.78,2000,2200,1600,600,2100,1400,700,200,300,500,600,200,900,500,2900,400,1000,100,500,400
286.0,28.49,30800,878461.0,28.46,28.45,28.44,28.43,28.42,28.41,28.4,28.37,28.35,28.34,28.49,28.5,28.51,28.53,28.57,28.58,28.6,28.62,28.77,28.78,2100,2200,1600,600,2100,1400,700,200,300,500,500,200,900,500,2900,400,1000,100,500,400
287.0,28.49,30800,878461.0,28.46,28.45,28.44,28.43,28.42,28.41,28.4,28.37,28.35,28.34,28.49,28.5,28.51,28.53,28.57,28.58,28.6,28.62,28.77,28.78,2100,2200,1600,600,2100,1400,700,200,300,500,500,200,900,500,2900,400,1000,100,500,400
288.0,28.49,30800,878461.0,28.46,28.45,28.44,28.43,28.42,28.41,28.4,28.37,28.35,28.34,28.49,28.5,28.51,28.53,28.57,28.58,28.6,28.62,28.77,28.78,2100,2200,1600,600,2100,1400,700,200,300,500,500,200,900,500,2900,400,1000,100,500,400
289.0,28.49,30800,878461.0,28.46,28.45,28.44,28.43,28.42,28.41,28.4,28.37,28.35,28.34,28.49,28.5,28.51,28.53,28.57,28.58,28.6,28.62,28.77,28.78,2100,2200,1600,600,2100,1400,700,200,300,500,500,200,900,500,2900,400,1000,100,500,400
290.0,28.49,30800,878461.0,28.46,28.45,28.44,28.43,28.42,28.41,28.4,28.37,28.35,28.34,28.49,28.5,28.51,28.53,28.57,28.58,28.6,28.62,28.77,28.78,2100,2200,1600,600,2100,1400,700,200,300,500,500,200,900,500,2900,400,1000,100,500,400
291.0,28.49,30800,878461.0,28.46,28.45,28.44,28.43,28.42,28.41,28.4,28.37,28.35,28.34,28.49,28.5,28.51,28.53,28.57,28.58,28.6,28.62,28.77,28.78,2100,2200,1600,600,2100,1400,700,200,300,500,500,200,900,500,2900,400,1000,100,500,400
292.0,28.49,31300,892706.0,28.49,28.46,28.45,28.44,28.43,28.42,28.41,28.4,28.37,28.35,28.5,28.51,28.53,28.57,28.58,28.6,28.62,28.77,28.78,28.81,400,2100,2200,1600,600,2100,1400,700,200,300,200,900,500,2900,400,1000,100,500,400,200
293.0,28.49,31300,892706.0,28.49,28.46,28.45,28.44,28.43,28.42,28.41,28.4,28.37,28.35,28.5,28.51,28.53,28.57,28.58,28.6,28.62,28.77,28.78,28.81,800,2100,2200,1600,600,2100,1400,700,200,300,200,900,500,2900,400,1000,100,500,400,200
294.0,28.49,31300,892706.0,28.49,28.46,28.45,28.44,28.43,28.42,28.41,28.4,28.37,28.35,28.5,28.51,28.53,28.57,28.58,28.6,28.62,28.77,28.78,28.81,800,2100,2200,1600,600,2100,1400,700,200,300,200,900,500,2900,400,1000,100,500,400,200
295.0,28.49,31300,892706.0,28.49,28.46,28.45,28.44,28.43,28.42,28.41,28.4,28.37,28.35,28.5,28.51,28.53,28.57,28.58,28.6,28.62,28.77,28.78,28.81,800,2100,2200,1600,600,2100,1400,700,200,300,200,900,500,2900,400,1000,100,500,400,200
296.0,28.49,31300,892706.0,28.49,28.46,28.45,28.44,28.43,28.42,28.41,28.4,28.37,28.35,28.5,28.51,28.53,28.57,28.58,28.6,28.62,28.77,28.78,28.81,800,2100,2200,1600,600,2100,1400,700,200,300,200,900,500,2900,400,1000,100,500,400,200
297.0,28.49,31300,892706.0,28.49,28.46,28.45,28.44,28.43,28.42,28.41,28.4,28.37,28.35,28.5,28.51,28.53,28.57,28.58,28.6,28.62,28.77,28.78,28.81,800,2100,2200,1600,600,2100,1400,700,200,300,200,900,500,2900,400,1000,100,500,400,200
298.0,28.49,31300,892706.0,28.49,28.46,28.45,28.44,28.43,28.42,28.41,28.4,28.37,28.35,28.5,28.51,28.53,28.57,28.58,28.6,28.62,28.77,28.78,28.81,800,2000,2200,1600,600,2100,1400,700,200,300,1000,900,500,2900,400,1000,100,500,400,200
299.0,28.49,31300,892706.0,28.49,28.46,28.45,28.44,28.43,28.42,28.41,28.4,28.37,28.35,28.5,28.51,28.53,28.57,28.58,28.6,28.62,28.77,28.78,28.81,800,2000,2200,1600,600,2100,1400,700,200,300,1000,900,500,2900,400,1000,100,500,400,200
300.0,28.5,31400,895556.0,28.49,28.46,28.45,28.44,28.43,28.42,28.41,28.4,28.37,28.35,28.5,28.51,28.53,28.57,28.58,28.6,28.62,28.77,28.78,28.81,800,2000,2200,1600,600,2100,1400,700,200,300,900,900,500,2900,400,1000,100,500,400,200
301.0,28.5,31400,895556.0,28.49,28.46,28.45,28.44,28.43,28.42,28.41,28.4,28.37,28.35,28.5,28.51,28.53,28.57,28.58,28.6,28.62,28.77,28.78,28.81,800,2000,2200,1600,600,2100,1400,700,200,300,900,900,500,2900,400,1000,100,500,400,200
302.0,28.5,32300,921206.0,28.49,28.46,28.45,28.44,28.43,28.42,28.41,28.4,28.37,28.35,28.51,28.53,28.57,28.58,28.6,28.62,28.77,28.78,28.81,28.82,800,2000,2200,1600,600,2100,1400,700,200,300,900,500,2900,400,1000,100,500,400,200,1500
303.0,28.5,32300,921206.0,28.49,28.46,28.45,28.44,28.43,28.42,28.41,28.4,28.37,28.35,28.51,28.53,28.57,28.58,28.6,28.62,28.77,28.78,28.81,28.82,800,2000,2200,1600,600,2100,1400,700,200,300,900,500,2900,400,1000,100,500,400,200,1500
304.0,28.5,32300,921206.0,28.49,28.46,28.44,28.43,28.42,28.41,28.4,28.37,28.35,28.34,28.51,28.53,28.57,28.58,28.6,28.62,28.77,28.78,28.81,28.82,800,2000,1600,600,2100,1400,700,200,300,500,900,500,2900,400,1000,100,500,400,200,1500
305.0,28.5,32300,921206.0,28.49,28.46,28.44,28.43,28.42,28.41,28.4,28.37,28.35,28.34,28.51,28.53,28.57,28.58,28.6,28.62,28.77,28.78,28.81,28.82,800,2000,1600,600,2100,1400,700,200,300,500,900,500,2900,400,1000,100,500,400,200,1500
306.0,28.5,32300,921206.0,28.49,28.46,28.44,28.43,28.42,28.41,28.4,28.37,28.35,28.34,28.51,28.53,28.57,28.58,28.6,28.62,28.77,28.78,28.81,28.82,800,2000,1600,600,2100,1400,700,200,300,500,900,500,2900,400,1000,100,500,400,200,1500
307.0,28.5,32300,921206.0,28.49,28.46,28.44,28.43,28.42,28.41,28.4,28.37,28.35,28.34,28.51,28.53,28.57,28.58,28.6,28.62,28.77,28.78,28.81,28.82,800,2000,1600,600,2100,1400,700,200,300,500,900,500,2900,400,1000,100,500,400,200,1500
308.0,28.5,32300,921206.0,28.49,28.46,28.44,28.43,28.42,28.41,28.4,28.37,28.35,28.34,28.5,28.51,28.53,28.57,28.58,28.6,28.62,28.77,28.78,28.81,800,2000,1600,600,2100,1400,700,200,300,500,200,900,500,2900,400,1000,100,500,400,200
309.0,28.5,32300,921206.0,28.49,28.46,28.44,28.43,28.42,28.41,28.4,28.37,28.35,28.34,28.5,28.51,28.53,28.57,28.58,28.6,28.62,28.77,28.78,28.81,800,2000,1600,600,2100,1400,700,200,300,500,200,900,500,2900,400,1000,100,500,400,200
310.0,28.51,34100,972515.0,28.51,28.49,28.46,28.44,28.43,28.42,28.41,28.4,28.37,28.35,28.53,28.57,28.58,28.6,28.62,28.77,28.78,28.81,28.82,28.85,400,800,2000,1600,600,2100,1400,700,200,300,500,2900,400,1000,100,500,400,200,1500,200
311.0,28.51,34100,972515.0,28.51,28.49,28.46,28.44,28.43,28.42,28.41,28.4,28.37,28.35,28.53,28.57,28.58,28.6,28.62,28.77,28.78,28.81,28.82,28.85,400,800,2000,1600,600,2100,1400,700,200,300,500,2900,400,1000,100,500,400,200,1500,200
312.0,28.51,34100,972515.0,28.51,28.49,28.46,28.44,28.43,28.42,28.41,28.4,28.37,28.35,28.53,28.57,28.58,28.6,28.62,28.77,28.78,28.81,28.82,28.85,400,800,2000,1600,600,2100,1400,700,200,300,500,2900,400,1000,100,500,400,200,1500,200
313.0,28.51,34100,972515.0,28.51,28.49,28.47,28.46,28.44,28.43,28.42,28.41,28.4,28.37,28.53,28.57,28.58,28.6,28.62,28.77,28.78,28.81,28.82,28.85,400,800,2000,2000,1600,600,2100,1400,700,200,900,2900,400,1000,100,500,400,200,1500,200
314.0,28.51,34400,981068.0,28.51,28.49,28.47,28.46,28.44,28.43,28.42,28.41,28.4,28.37,28.53,28.57,28.58,28.6,28.62,28.77,28.78,28.81,28.82,28.85,100,800,2000,2000,1600,600,2100,1400,700,200,900,2900,400,1000,100,500,400,200,1500,200
315.0,28.51,34400,981068.0,28.51,28.49,28.47,28.46,28.44,28.43,28.42,28.41,28.4,28.37,28.53,28.57,28.58,28.6,28.62,28.77,28.78,28.81,28.82,28.85,100,800,2000,2000,1600,600,2100,1400,700,200,900,2900,400,1000,100,500,400,200,1500,200
316.0,28.51,34500,983919.0,28.5,28.49,28.47,28.46,28.44,28.43,28.42,28.41,28.4,28.37,28.51,28.53,28.57,28.58,28.6,28.62,28.77,28.78,28.81,28.82,300,800,2000,2000,1600,600,2100,1400,700,200,200,900,2900,400,1000,100,500,400,200,1500
317.0,28.5,34600,986769.0,28.5,28.49,28.47,28.46,28.44,28.43,28.42,28.41,28.4,28.37,28.51,28.53,28.57,28.58,28.6,28.62,28.77,28.78,28.81,28.82,200,800,2000,2000,1600,600,2100,1400,700,200,200,900,2900,400,1000,100,500,400,200,1500
318.0,28.5,34600,986769.0,28.5,28.49,28.47,28.46,28.44,28.43,28.42,28.41,28.4,28.37,28.51,28.53,28.57,28.58,28.6,28.62,28.77,28.78,28.81,28.82,200,800,2000,2000,1600,600,2100,1400,700,200,200,900,2900,400,1000,100,500,400,200,1500
319.0,28.5,34600,986769.0,28.49,28.47,28.46,28.44,28.43,28.42,28.41,28.4,28.37,28.35,28.51,28.53,28.57,28.58,28.6,28.62,28.77,28.78,28.81,28.82,800,2000,2000,1600,600,2100,1400,700,200,300,500,900,2900,400,1000,100,500,400,200,1500
320.0,28.5,34600,986769.0,28.49,28.47,28.46,28.44,28.43,28.42,28.41,28.4,28.37,28.35,28.51,28.53,28.57,28.58,28.6,28.62,28.77,28.78,28.81,28.82,800,2000,2000,1600,600,2100,1400,700,200,300,500,900,2900,400,1000,100,500,400,200,1500
321.0,28.53,35300,1006730.0,28.49,28.47,28.46,28.44,28.43,28.42,28.41,28.4,28.37,28.35,28.53,28.57,28.58,28.6,28.62,28.77,28.78,28.81,28.82,28.85,800,2000,2000,1600,600,2100,1400,700,200,300,700,2900,400,1000,100,500,400,200,1500,200
322.0,28.53,35300,1006730.0,28.49,28.47,28.46,28.44,28.43,28.42,28.41,28.4,28.37,28.35,28.53,28.57,28.58,28.6,28.62,28.77,28.78,28.81,28.82,28.85,800,2000,2000,1600,600,2100,1400,700,200,300,700,2900,400,1000,100,500,400,200,1500,200
323.0,28.53,35300,1006730.0,28.49,28.47,28.46,28.44,28.43,28.42,28.41,28.4,28.37,28.35,28.53,28.57,28.58,28.6,28.62,28.77,28.78,28.81,28.82,28.85,800,2000,2000,1600,600,2100,1400,700,200,300,700,2900,400,1000,100,500,400,200,1500,200
324.0,28.53,35300,1006730.0,28.49,28.47,28.46,28.44,28.43,28.42,28.41,28.4,28.37,28.35,28.53,28.57,28.58,28.6,28.62,28.77,28.78,28.81,28.82,28.85,800,2000,2000,1600,600,2100,1400,700,200,300,700,2900,400,1000,100,500,400,200,1500,200
325.0,28.53,35300,1006730.0,28.49,28.47,28.46,28.44,28.43,28.42,28.41,28.4,28.37,28.35,28.53,28.57,28.58,28.6,28.62,28.77,28.78,28.81,28.82,28.85,800,2000,2000,1600,600,2100,1400,700,200,300,700,2900,400,1000,100,500,400,200,1500,200
326.0,28.53,35300,1006730.0,28.49,28.47,28.46,28.44,28.43,28.42,28.41,28.4,28.37,28.35,28.53,28.57,28.58,28.6,28.62,28.77,28.78,28.81,28.82,28.85,800,2000,2000,1600,600,2100,1400,700,200,300,700,2900,400,1000,100,500,400,200,1500,200
327.0,28.53,35300,1006730.0,28.49,28.47,28.46,28.44,28.43,28.42,28.41,28.4,28.37,28.35,28.53,28.57,28.58,28.6,28.62,28.77,28.78,28.81,28.82,28.85,800,2000,2000,1600,600,2100,1400,700,200,300,700,2900,400,1000,100,500,400,200,1500,200
328.0,28.53,35300,1006730.0,28.49,28.47,28.46,28.44,28.43,28.42,28.41,28.4,28.37,28.35,28.53,28.57,28.58,28.6,28.62,28.77,28.78,28.81,28.82,28.85,800,2000,2000,1600,600,2100,1400,700,200,300,700,2900,400,1000,100,500,400,200,1500,200
329.0,28.53,35300,1006730.0,28.49,28.47,28.46,28.44,28.43,28.42,28.41,28.4,28.37,28.35,28.53,28.57,28.58,28.6,28.62,28.77,28.78,28.81,28.82,28.85,800,2000,2000,1600,600,2100,1400,700,200,300,700,2900,400,1000,100,500,400,200,1500,200
330.0,28.53,35300,1006730.0,28.49,28.47,28.46,28.44,28.43,28.42,28.41,28.4,28.37,28.35,28.53,28.57,28.58,28.6,28.62,28.77,28.78,28.81,28.82,28.85,800,2000,2000,1600,600,2100,1400,700,200,300,700,2900,400,1000,100,500,400,200,1500,200
331.0,28.53,35300,1006730.0,28.49,28.47,28.46,28.44,28.43,28.42,28.41,28.4,28.37,28.35,28.53,28.57,28.58,28.6,28.62,28.77,28.78,28.81,28.82,28.85,800,2000,2000,1600,600,2100,1400,700,200,300,2800,2900,400,1000,100,500,400,200,1500,200
332.0,28.49,35700,1018134.0,28.49,28.47,28.46,28.44,28.43,28.42,28.41,28.4,28.37,28.35,28.53,28.57,28.58,28.6,28.62,28.77,28.78,28.81,28.82,28.85,600,2000,2000,1600,600,2100,1400,700,200,300,2600,2900,400,1000,100,500,400,200,1500,200
333.0,28.53,36200,1032399.0,28.49,28.47,28.46,28.44,28.43,28.42,28.41,28.4,28.37,28.35,28.52,28.53,28.57,28.58,28.6,28.62,28.77,28.78,28.81,28.82,600,2000,2000,1600,600,2100,1400,700,200,300,200,2100,2900,400,1000,100,500,400,200,1500
334.0,28.53,37100,1058072.0,28.49,28.47,28.46,28.44,28.43,28.42,28.41,28.4,28.37,28.35,28.53,28.57,28.58,28.6,28.62,28.77,28.78,28.81,28.82,28.85,600,2000,2000,1600,600,2100,1400,700,200,300,1600,2900,400,1000,100,500,400,200,1500,200
335.0,28.53,37100,1058072.0,28.49,28.47,28.46,28.44,28.43,28.42,28.41,28.4,28.37,28.35,28.53,28.57,28.58,28.6,28.62,28.77,28.78,28.81,28.82,28.85,600,2000,2000,1600,600,2100,1400,700,200,300,1600,2900,400,1000,100,500,400,200,1500,200
336.0,28.53,37100,1058072.0,28.49,28.47,28.46,28.44,28.43,28.42,28.41,28.4,28.37,28.35,28.53,28.57,28.58,28.6,28.62,28.77,28.78,28.81,28.82,28.85,600,2000,2000,1600,600,2100,1400,700,200,300,1600,2900,400,1000,100,500,400,200,1500,200
337.0,28.53,37100,1058072.0,28.49,28.47,28.46,28.44,28.43,28.42,28.41,28.4,28.37,28.35,28.53,28.57,28.58,28.6,28.62,28.77,28.78,28.81,28.82,28.85,600,2000,2000,1600,600,2100,1400,700,200,300,1600,2900,400,1000,100,500,400,200,1500,200
338.0,28.53,38700,1103720.0,28.53,28.5,28.49,28.47,28.46,28.44,28.43,28.42,28.41,28.4,28.57,28.58,28.6,28.62,28.77,28.78,28.81,28.82,28.85,28.93,600,100,600,2000,2000,1600,600,2100,1400,700,2900,400,1000,100,500,400,200,1500,200,100
339.0,28.57,38900,1109434.0,28.53,28.5,28.49,28.47,28.46,28.44,28.43,28.42,28.41,28.4,28.57,28.58,28.6,28.62,28.77,28.78,28.81,28.82,28.85,28.93,500,100,600,2000,2000,1600,600,2100,1400,700,2700,400,1000,100,500,400,200,1500,200,100
340.0,28.57,38900,1109434.0,28.53,28.5,28.49,28.47,28.46,28.44,28.43,28.42,28.41,28.4,28.57,28.58,28.6,28.62,28.77,28.78,28.81,28.82,28.85,28.93,500,100,600,2000,2000,1600,600,2100,1400,700,2700,400,1000,100,500,400,200,1500,200,100
341.0,28.57,38900,1109434.0,28.53,28.5,28.49,28.47,28.46,28.44,28.43,28.42,28.41,28.4,28.57,28.58,28.6,28.62,28.77,28.78,28.81,28.82,28.85,28.93,500,100,600,2000,2000,1600,600,2100,1400,700,2700,400,1000,100,500,400,200,1500,200,100
342.0,28.57,38900,1109434.0,28.53,28.5,28.49,28.47,28.46,28.44,28.43,28.42,28.41,28.4,28.57,28.58,28.6,28.62,28.77,28.78,28.81,28.82,28.85,28.93,500,100,600,2000,2000,1600,600,2100,1400,700,2700,400,1000,100,500,400,200,1500,200,100
343.0,28.57,38900,1109434.0,28.53,28.5,28.49,28.47,28.46,28.44,28.43,28.42,28.41,28.4,28.57,28.58,28.6,28.62,28.77,28.78,28.81,28.82,28.85,28.93,500,100,600,2000,2000,1600,600,2100,1400,700,2700,400,1000,100,500,400,200,1500,200,100
344.0,28.57,39400,1123719.0,28.53,28.5,28.49,28.47,28.46,28.44,28.43,28.42,28.41,28.4,28.57,28.58,28.6,28.62,28.77,28.78,28.81,28.82,28.85,28.93,500,100,600,2000,2000,1600,600,2100,1400,700,2200,400,1000,100,500,400,200,1500,200,100
345.0,28.57,39400,1123719.0,28.53,28.5,28.49,28.47,28.46,28.44,28.43,28.42,28.41,28.4,28.57,28.58,28.6,28.62,28.77,28.78,28.81,28.82,28.85,28.93,500,100,600,2000,2000,1600,600,2100,1400,700,2200,400,1000,100,500,400,200,1500,200,100
346.0,28.57,39600,1129433.0,28.53,28.5,28.49,28.47,28.46,28.44,28.43,28.42,28.41,28.4,28.57,28.58,28.6,28.62,28.77,28.78,28.81,28.82,28.85,28.93,500,100,600,2000,2000,1600,600,2100,1400,700,2000,400,1000,100,500,400,200,1500,200,100
347.0,28.57,39600,1129433.0,28.53,28.5,28.49,28.47,28.46,28.44,28.43,28.42,28.41,28.4,28.57,28.58,28.6,28.62,28.77,28.78,28.81,28.82,28.85,28.93,500,100,600,2000,2000,1600,600,2100,1400,700,2000,400,1000,100,500,400,200,1500,200,100
348.0,28.57,39600,1129433.0,28.53,28.5,28.49,28.47,28.46,28.44,28.43,28.42,28.41,28.4,28.57,28.58,28.6,28.62,28.77,28.78,28.81,28.82,28.85,28.93,500,100,600,2000,2000,1600,600,2100,1400,700,2000,400,1000,100,500,400,200,1500,200,100
349.0,28.57,39600,1129433.0,28.53,28.5,28.49,28.47,28.46,28.44,28.43,28.42,28.41,28.4,28.57,28.58,28.6,28.62,28.77,28.78,28.81,28.82,28.85,28.93,500,100,600,2000,2000,1600,600,2100,1400,700,2000,400,1000,100,500,400,200,1500,200,100
350.0,28.57,39600,1129433.0,28.53,28.5,28.49,28.47,28.46,28.44,28.43,28.42,28.41,28.4,28.57,28.58,28.6,28.62,28.77,28.78,28.81,28.82,28.85,28.93,500,100,600,2000,2000,1600,600,2100,1400,700,2000,400,1000,100,500,400,200,1500,200,100
351.0,28.53,39900,1137992.0,28.53,28.5,28.49,28.47,28.46,28.44,28.43,28.42,28.41,28.4,28.57,28.58,28.6,28.62,28.77,28.78,28.81,28.82,28.85,28.93,200,500,600,2000,2000,1600,600,2100,1400,700,2000,400,1000,100,500,400,200,1500,200,100
352.0,28.53,39900,1137992.0,28.53,28.5,28.49,28.47,28.46,28.44,28.43,28.42,28.41,28.4,28.57,28.58,28.6,28.62,28.77,28.78,28.81,28.82,28.85,28.93,200,500,600,2000,2000,1600,600,2100,1400,700,2000,400,1000,100,500,400,200,1500,200,100
353.0,28.53,39900,1137992.0,28.53,28.5,28.49,28.47,28.46,28.44,28.43,28.42,28.41,28.4,28.57,28.58,28.6,28.62,28.77,28.78,28.81,28.82,28.85,28.93,200,500,600,2000,2000,1600,600,2100,1400,700,2000,400,1000,100,500,400,200,1500,200,100
354.0,28.57,40100,1143706.0,28.53,28.5,28.49,28.47,28.46,28.44,28.43,28.42,28.41,28.4,28.57,28.58,28.6,28.62,28.77,28.78,28.81,28.82,28.85,28.93,200,500,600,2000,2000,1600,600,2100,1400,700,1800,400,1000,100,500,400,200,1500,200,100
355.0,28.57,40100,1143706.0,28.53,28.5,28.49,28.47,28.46,28.44,28.43,28.42,28.41,28.4,28.57,28.58,28.6,28.62,28.77,28.78,28.81,28.82,28.85,28.93,200,500,600,2000,2000,1600,600,2100,1400,700,1800,400,1000,100,500,400,200,1500,200,100
356.0,28.57,40400,1152277.0,28.53,28.5,28.49,28.47,28.46,28.44,28.43,28.42,28.41,28.4,28.57,28.58,28.6,28.62,28.77,28.78,28.81,28.82,28.85,28.93,200,500,600,2000,2000,1600,600,2100,1400,700,1500,400,1000,100,500,400,200,1500,200,100
357.0,28.57,40400,1152277.0,28.53,28.5,28.49,28.47,28.46,28.44,28.43,28.42,28.41,28.4,28.57,28.58,28.6,28.62,28.77,28.78,28.81,28.82,28.85,28.93,200,500,600,2000,2000,1600,600,2100,1400,700,1500,400,1000,100,500,400,200,1500,200,100
358.0,28.57,40400,1152277.0,28.53,28.5,28.49,28.47,28.46,28.44,28.43,28.42,28.41,28.4,28.57,28.58,28.6,28.62,28.77,28.78,28.81,28.82,28.85,28.93,200,500,600,2000,2000,1600,600,2100,1400,700,1500,300,1000,100,500,400,200,1500,200,100
359.0,28.57,40400,1152277.0,28.53,28.5,28.49,28.47,28.46,28.44,28.43,28.42,28.41,28.4,28.57,28.58,28.6,28.62,28.77,28.78,28.81,28.82,28.85,28.93,200,500,600,2000,2000,1600,600,2100,1400,700,1500,300,1000,100,500,400,200,1500,200,100
360.0,28.57,40400,1152277.0,28.53,28.5,28.49,28.47,28.46,28.44,28.43,28.42,28.41,28.4,28.57,28.58,28.6,28.62,28.77,28.78,28.81,28.82,28.85,28.93,200,500,600,2000,2000,1600,600,2100,1400,700,1500,300,1000,100,500,400,200,1500,200,100
361.0,28.57,40500,1155134.0,28.53,28.5,28.49,28.47,28.46,28.44,28.43,28.42,28.41,28.4,28.57,28.58,28.6,28.62,28.77,28.78,28.81,28.82,28.85,28.93,200,500,600,2000,2000,1600,600,2100,1400,700,1400,300,1000,100,500,400,200,1500,200,100
362.0,28.57,40500,1155134.0,28.53,28.51,28.5,28.49,28.47,28.46,28.44,28.43,28.42,28.41,28.57,28.58,28.6,28.62,28.77,28.78,28.81,28.82,28.85,28.93,200,100,1000,600,2000,2000,1600,600,2100,1400,1400,300,1000,100,500,400,200,1500,200,100
363.0,28.57,40500,1155134.0,28.53,28.51,28.5,28.49,28.47,28.46,28.44,28.43,28.42,28.41,28.57,28.58,28.6,28.62,28.77,28.78,28.81,28.82,28.85,28.93,200,100,1000,600,2000,2000,1600,600,2100,1400,1400,300,1000,100,500,400,200,1500,200,100
364.0,28.57,40500,1155134.0,28.53,28.51,28.5,28.49,28.47,28.46,28.44,28.43,28.42,28.41,28.57,28.58,28.6,28.62,28.77,28.78,28.81,28.82,28.85,28.93,200,100,1000,600,2000,2000,1600,600,2100,1400,1400,300,1000,100,500,400,200,1500,200,100
365.0,28.57,40500,1155134.0,28.53,28.51,28.5,28.49,28.47,28.46,28.44,28.43,28.42,28.41,28.57,28.58,28.6,28.62,28.77,28.78,28.81,28.82,28.85,28.93,200,100,1000,600,2000,2000,1600,600,2100,1400,1400,300,1000,100,500,300,200,1500,200,100
366.0,28.57,40500,1155134.0,28.53,28.51,28.5,28.49,28.47,28.46,28.44,28.43,28.42,28.41,28.57,28.58,28.6,28.62,28.77,28.78,28.81,28.82,28.85,28.93,200,100,1000,600,2000,2000,1600,600,2100,1400,1400,300,1000,100,500,300,200,1500,200,100
367.0,28.57,40500,1155134.0,28.53,28.51,28.5,28.49,28.47,28.46,28.44,28.43,28.42,28.41,28.57,28.58,28.6,28.62,28.77,28.78,28.81,28.82,28.85,28.93,200,100,700,600,2000,2000,1600,600,2100,1400,1400,300,1000,100,500,300,200,1500,200,100
368.0,28.57,40700,1160848.0,28.53,28.51,28.5,28.49,28.47,28.46,28.44,28.43,28.42,28.41,28.56,28.57,28.58,28.6,28.62,28.77,28.78,28.81,28.82,28.85,200,100,700,600,2000,2000,1600,600,2100,1400,100,1200,300,1000,100,500,300,200,1500,200
369.0,28.57,40700,1160848.0,28.53,28.5,28.49,28.47,28.46,28.44,28.43,28.42,28.41,28.4,28.56,28.57,28.58,28.6,28.62,28.77,28.78,28.81,28.82,28.85,200,700,600,2000,2000,1600,600,2100,1400,700,100,1200,300,1000,100,1000,300,200,1500,200
370.0,28.57,40700,1160848.0,28.53,28.5,28.49,28.47,28.46,28.44,28.43,28.42,28.41,28.4,28.56,28.57,28.58,28.6,28.62,28.77,28.78,28.81,28.82,28.85,200,700,600,2000,2000,1600,600,2100,1400,700,800,1200,300,1000,100,1000,300,200,1500,200
371.0,28.57,40700,1160848.0,28.53,28.5,28.49,28.47,28.46,28.44,28.43,28.42,28.41,28.4,28.56,28.57,28.58,28.6,28.62,28.77,28.78,28.81,28.82,28.85,200,700,600,2000,2000,1600,600,2100,1400,700,1200,1200,300,1000,100,1000,300,200,1500,200
372.0,28.57,40700,1160848.0,28.53,28.5,28.49,28.47,28.46,28.44,28.43,28.42,28.41,28.4,28.56,28.57,28.58,28.6,28.62,28.77,28.78,28.81,28.82,28.85,200,700,600,2000,2000,1600,600,2100,1400,700,1200,1200,300,1000,100,1000,300,200,1500,200
373.0,28.57,40700,1160848.0,28.53,28.5,28.49,28.47,28.46,28.44,28.43,28.42,28.41,28.4,28.56,28.57,28.58,28.6,28.62,28.77,28.78,28.81,28.82,28.85,200,700,600,2000,2000,1600,600,2100,1400,700,1200,1200,300,1100,100,1000,300,200,1500,200
374.0,28.57,40700,1160848.0,28.53,28.5,28.49,28.47,28.46,28.44,28.43,28.42,28.41,28.4,28.56,28.57,28.58,28.6,28.62,28.77,28.78,28.81,28.82,28.85,200,700,600,2000,2000,1600,600,2100,1400,700,1200,1200,300,1100,100,1000,300,200,1500,200
375.0,28.57,40700,1160848.0,28.53,28.5,28.49,28.47,28.46,28.44,28.43,28.42,28.41,28.4,28.56,28.57,28.58,28.6,28.62,28.77,28.78,28.81,28.82,28.85,200,2000,600,2000,2000,1600,600,2100,1400,700,1200,1200,300,1100,100,1000,300,200,1500,200
376.0,28.56,40800,1163704.0,28.53,28.5,28.49,28.47,28.46,28.44,28.43,28.42,28.41,28.4,28.56,28.57,28.58,28.6,28.62,28.77,28.78,28.81,28.82,28.85,200,2000,600,2000,2000,1600,600,2100,1400,700,1100,1200,300,1100,100,1000,300,200,1500,200
377.0,28.56,40800,1163704.0,28.53,28.5,28.49,28.47,28.46,28.44,28.43,28.42,28.41,28.4,28.56,28.57,28.58,28.6,28.62,28.77,28.78,28.81,28.82,28.85,200,2000,600,2000,2000,1600,600,2100,1400,700,1100,1200,300,1100,100,1000,300,200,1500,200
378.0,28.56,40800,1163704.0,28.53,28.5,28.49,28.47,28.46,28.44,28.43,28.42,28.41,28.4,28.56,28.57,28.58,28.6,28.62,28.77,28.78,28.81,28.82,28.85,200,2000,600,2000,2000,1600,600,2100,1400,700,1100,1200,300,1100,100,1000,300,200,1500,200
379.0,28.56,40800,1163704.0,28.53,28.51,28.5,28.49,28.47,28.46,28.44,28.43,28.42,28.41,28.56,28.57,28.58,28.6,28.62,28.77,28.78,28.81,28.82,28.85,200,2900,2000,600,2000,2000,1600,600,2100,1400,1100,1200,300,1100,100,1000,300,200,1500,200
380.0,28.56,41000,1169416.0,28.53,28.51,28.5,28.49,28.47,28.46,28.44,28.43,28.42,28.41,28.56,28.57,28.58,28.6,28.62,28.77,28.78,28.81,28.82,28.85,200,2900,2000,600,2000,2000,1600,600,2100,1400,900,1200,300,1100,100,1000,300,200,1500,200
381.0,28.56,41000,1169416.0,28.53,28.51,28.5,28.49,28.47,28.46,28.44,28.43,28.42,28.41,28.56,28.57,28.58,28.6,28.62,28.77,28.78,28.81,28.82,28.85,200,2900,2000,600,2000,2000,1600,600,2100,1400,900,1200,300,1100,100,1000,300,200,1500,200
382.0,28.56,41000,1169416.0,28.53,28.51,28.5,28.49,28.47,28.46,28.44,28.43,28.42,28.41,28.56,28.57,28.58,28.6,28.62,28.77,28.78,28.81,28.82,28.85,200,2900,2000,600,2000,2000,1600,600,2100,1400,900,1200,300,1100,100,1000,300,200,1500,200
383.0,28.56,41000,1169416.0,28.53,28.51,28.5,28.49,28.47,28.46,28.44,28.43,28.42,28.41,28.56,28.57,28.58,28.6,28.62,28.77,28.78,28.81,28.82,28.85,200,2900,2000,600,2000,2000,1600,600,2100,1400,900,1200,300,1100,100,1000,300,200,1500,200
384.0,28.61,44800,1278022.0,28.61,28.6,28.59,28.58,28.57,28.56,28.53,28.52,28.51,28.5,28.71,28.76,28.77,28.78,28.81,28.82,28.85,28.93,28.97,28.98,1300,1000,2700,1200,2600,1500,200,600,2000,1400,100,900,500,300,200,1500,200,100,200,4100
385.0,28.61,44800,1278022.0,28.61,28.6,28.59,28.58,28.57,28.56,28.53,28.52,28.51,28.5,28.71,28.76,28.77,28.78,28.81,28.82,28.85,28.93,28.97,28.98,1300,1000,2700,1200,2600,1500,200,600,2000,1400,200,900,500,300,200,1500,200,100,200,4100
386.0,28.6,48400,1381003.0,28.59,28.58,28.57,28.56,28.53,28.51,28.5,28.49,28.47,28.46,28.6,28.61,28.71,28.76,28.77,28.78,28.81,28.82,28.85,28.93,2700,1200,2600,1500,200,1200,1400,600,2000,2000,1000,4100,1000,900,500,300,200,1500,200,100
387.0,28.61,53600,1529717.0,28.6,28.59,28.58,28.57,28.56,28.53,28.51,28.5,28.49,28.47,28.61,28.71,28.76,28.77,28.78,28.81,28.82,28.85,28.93,28.97,2200,1100,1200,2200,1500,200,1200,1400,600,2000,800,1000,900,500,300,200,1500,200,100,200
388.0,28.61,54300,1549742.0,28.6,28.59,28.58,28.57,28.56,28.53,28.51,28.5,28.49,28.47,28.61,28.71,28.76,28.77,28.78,28.81,28.82,28.85,28.93,28.97,1900,1100,1200,2200,1500,200,1200,1400,600,2000,300,1000,900,500,300,200,1500,200,100,200
389.0,28.61,56900,1624119.0,28.61,28.6,28.59,28.58,28.57,28.56,28.53,28.51,28.5,28.49,28.7,28.71,28.76,28.77,28.78,28.81,28.82,28.85,28.93,28.97,600,1000,1100,1200,2200,1500,200,1200,1400,600,700,1000,900,500,300,200,1500,200,100,200
390.0,28.61,56900,1624119.0,28.61,28.6,28.59,28.58,28.57,28.56,28.53,28.51,28.5,28.49,28.7,28.71,28.76,28.77,28.78,28.81,28.82,28.85,28.93,28.97,1000,1000,1100,1200,2200,1500,200,1200,1400,600,1000,1000,900,500,300,200,1500,200,100,200
391.0,28.7,57200,1632729.0,28.61,28.6,28.59,28.58,28.57,28.56,28.53,28.51,28.5,28.49,28.7,28.71,28.76,28.77,28.78,28.81,28.82,28.85,28.93,28.97,1100,1000,1100,1200,2200,1500,200,1200,1400,600,700,1000,900,500,300,200,1500,200,100,200
392.0,28.59,60100,1715674.0,28.59,28.58,28.57,28.56,28.53,28.51,28.5,28.49,28.47,28.46,28.61,28.7,28.71,28.76,28.77,28.78,28.81,28.82,28.85,28.93,400,1200,2200,1500,200,1200,1400,600,2000,2000,1000,1300,1000,900,500,300,200,1500,200,100
393.0,28.59,60500,1727110.0,28.58,28.57,28.56,28.53,28.51,28.5,28.49,28.47,28.46,28.44,28.59,28.61,28.7,28.71,28.76,28.77,28.78,28.81,28.82,28.85,1200,2200,1500,200,1200,1400,600,2000,2000,1600,100,1600,1300,1000,900,500,300,200,1500,200
394.0,28.58,60600,1729968.0,28.57,28.56,28.53,28.51,28.5,28.49,28.47,28.46,28.44,28.43,28.59,28.61,28.7,28.71,28.76,28.77,28.78,28.81,28.82,28.85,2000,1500,200,1200,1400,600,2000,2000,1600,600,100,2500,1300,1000,900,500,300,200,1500,200
395.0,28.58,60600,1729968.0,28.57,28.56,28.53,28.51,28.5,28.49,28.47,28.46,28.44,28.43,28.58,28.59,28.61,28.7,28.71,28.76,28.77,28.78,28.81,28.82,2000,300,200,1200,1400,600,2000,2000,1600,600,600,100,2700,1300,1000,900,500,300,200,1500
396.0,28.58,60600,1729968.0,28.57,28.56,28.53,28.51,28.5,28.49,28.47,28.46,28.44,28.43,28.58,28.59,28.61,28.7,28.71,28.76,28.77,28.78,28.81,28.82,2000,300,200,1200,1400,600,2000,2000,1600,600,600,100,2700,1300,1000,900,500,300,200,1500
397.0,28.57,61000,1741397.0,28.57,28.56,28.53,28.51,28.5,28.49,28.47,28.46,28.44,28.43,28.58,28.59,28.61,28.7,28.71,28.76,28.77,28.78,28.81,28.82,1700,300,200,1200,1400,600,2000,2000,1600,600,500,100,2700,1300,1000,900,500,300,200,1500
398.0,28.57,61300,1749968.0,28.57,28.56,28.53,28.51,28.5,28.49,28.47,28.46,28.44,28.43,28.58,28.59,28.61,28.7,28.71,28.76,28.77,28.78,28.81,28.82,1400,300,200,1200,1400,600,2000,2000,1600,600,500,100,1700,1300,1000,900,500,300,200,1500
399.0,28.57,61300,1749968.0,28.57,28.56,28.53,28.51,28.5,28.49,28.47,28.46,28.44,28.43,28.58,28.59,28.61,28.7,28.71,28.76,28.77,28.78,28.81,28.82,1400,300,200,1200,1400,600,2000,2000,1600,600,500,100,1700,1300,1000,900,500,300,200,1500
400.0,28.57,61500,1755682.0,28.57,28.56,28.53,28.51,28.5,28.49,28.47,28.46,28.44,28.43,28.58,28.59,28.61,28.7,28.71,28.76,28.77,28.78,28.81,28.82,1200,300,200,1200,1400,600,2000,2000,1600,600,500,100,1700,1300,1000,900,500,300,200,1500
401.0,28.57,61500,1755682.0,28.57,28.56,28.54,28.53,28.51,28.5,28.49,28.47,28.46,28.44,28.59,28.61,28.7,28.71,28.76,28.77,28.78,28.81,28.82,28.85,1200,300,100,200,1200,1400,600,2000,2000,1600,100,1700,1300,1000,900,500,300,200,1500,200
402.0,28.57,61500,1755682.0,28.57,28.56,28.54,28.53,28.51,28.5,28.49,28.47,28.46,28.44,28.59,28.61,28.7,28.71,28.76,28.77,28.78,28.81,28.82,28.85,1200,300,100,200,1200,1400,600,2000,2000,1600,100,1700,1300,1000,900,500,300,200,1500,200
403.0,28.57,61500,1755682.0,28.58,28.57,28.56,28.54,28.53,28.51,28.5,28.49,28.47,28.46,28.59,28.61,28.7,28.71,28.76,28.77,28.78,28.81,28.82,28.85,100,1200,300,100,200,1200,1400,600,2000,2000,100,1700,1300,1000,900,500,300,200,1500,200
404.0,28.57,61500,1755682.0,28.58,28.57,28.56,28.54,28.53,28.51,28.5,28.49,28.47,28.46,28.59,28.61,28.7,28.71,28.76,28.77,28.78,28.81,28.82,28.85,100,1200,300,100,200,1200,1400,600,2000,2000,100,1300,1300,1000,900,500,300,200,1500,200
405.0,28.57,61500,1755682.0,28.58,28.57,28.56,28.54,28.53,28.51,28.5,28.49,28.47,28.46,28.59,28.61,28.7,28.71,28.76,28.77,28.78,28.81,28.82,28.85,100,1200,300,100,200,1200,1400,600,2000,2000,100,1300,1300,1000,900,500,300,200,1500,200
406.0,28.57,61500,1755682.0,28.58,28.57,28.56,28.54,28.53,28.51,28.5,28.49,28.47,28.46,28.59,28.61,28.7,28.71,28.76,28.77,28.78,28.81,28.82,28.85,200,1200,300,100,200,1200,1400,600,2000,2000,100,1300,1300,1000,900,500,300,200,1500,200
407.0,28.57,61800,1764255.0,28.57,28.56,28.54,28.53,28.51,28.5,28.49,28.47,28.46,28.44,28.59,28.61,28.7,28.71,28.76,28.77,28.78,28.81,28.82,28.85,1100,300,100,200,1200,1400,600,2000,2000,1600,100,900,1300,1000,900,500,300,200,1500,200
408.0,28.57,61800,1764255.0,28.57,28.56,28.54,28.53,28.51,28.5,28.49,28.47,28.46,28.44,28.59,28.61,28.7,28.71,28.76,28.77,28.78,28.81,28.82,28.85,1100,300,100,200,1200,1400,600,2000,2000,1600,100,900,1300,1000,900,500,300,200,1500,200
409.0,28.57,61800,1764255.0,28.57,28.56,28.54,28.53,28.51,28.5,28.49,28.47,28.46,28.44,28.59,28.61,28.7,28.71,28.76,28.77,28.78,28.81,28.82,28.85,1100,300,100,200,1200,1400,600,2000,2000,1600,100,900,1300,1000,900,500,300,200,1500,200
410.0,28.57,61900,1767112.0,28.57,28.56,28.54,28.53,28.51,28.5,28.49,28.47,28.46,28.44,28.59,28.61,28.7,28.71,28.76,28.77,28.78,28.81,28.82,28.85,1000,300,100,200,1200,1400,600,2000,2000,1600,100,900,1300,1000,900,500,300,200,1500,200
411.0,28.57,61900,1767112.0,28.57,28.56,28.54,28.53,28.51,28.5,28.49,28.47,28.46,28.44,28.59,28.61,28.7,28.71,28.76,28.77,28.78,28.81,28.82,28.85,1000,300,100,200,1200,1400,600,2000,2000,1600,100,900,1300,1000,900,500,300,200,1500,200
412.0,28.57,61900,1767112.0,28.57,28.56,28.54,28.53,28.51,28.5,28.49,28.47,28.46,28.44,28.59,28.61,28.7,28.71,28.76,28.77,28.78,28.81,28.82,28.85,1000,300,100,200,1200,1400,600,2000,2000,1600,100,900,1300,1000,900,500,300,200,1500,200
413.0,28.57,62000,1769969.0,28.57,28.56,28.54,28.53,28.51,28.5,28.49,28.47,28.46,28.44,28.59,28.61,28.7,28.71,28.76,28.77,28.78,28.81,28.82,28.85,900,300,100,200,1200,1400,600,2000,2000,1600,100,900,1300,1000,900,500,300,200,1500,200
414.0,28.57,62100,1772826.0,28.57,28.56,28.54,28.53,28.51,28.5,28.49,28.47,28.46,28.44,28.59,28.61,28.7,28.71,28.76,28.77,28.78,28.81,28.82,28.85,800,300,100,200,1200,1400,600,2000,2000,1600,100,900,1300,1000,900,500,300,200,1500,200
415.0,28.57,62100,1772826.0,28.57,28.56,28.54,28.53,28.51,28.5,28.49,28.47,28.46,28.44,28.59,28.61,28.7,28.71,28.76,28.77,28.78,28.81,28.82,28.85,800,300,100,200,1200,1400,600,2000,2000,1600,100,900,1300,1000,900,500,300,200,1500,200
416.0,28.57,62100,1772826.0,28.57,28.56,28.54,28.53,28.51,28.5,28.49,28.47,28.46,28.44,28.59,28.61,28.7,28.71,28.76,28.77,28.78,28.81,28.82,28.85,800,300,100,200,1200,1400,600,2000,2000,1600,100,900,1300,900,900,500,300,200,1500,200
417.0,28.57,62100,1772826.0,28.57,28.56,28.54,28.53,28.51,28.5,28.49,28.47,28.46,28.44,28.59,28.61,28.7,28.71,28.76,28.77,28.78,28.81,28.82,28.85,800,300,100,200,1200,1400,600,2000,2000,1600,100,900,1300,900,900,500,300,200,1500,200
418.0,28.57,62100,1772826.0,28.57,28.56,28.54,28.53,28.51,28.5,28.49,28.47,28.46,28.44,28.59,28.61,28.7,28.71,28.76,28.77,28.78,28.81,28.82,28.85,800,300,100,200,3200,1400,600,2000,2000,1600,100,900,1300,900,900,500,300,200,1500,200
419.0,28.57,62100,1772826.0,28.57,28.56,28.54,28.53,28.52,28.51,28.5,28.49,28.47,28.46,28.59,28.61,28.7,28.71,28.76,28.77,28.78,28.81,28.82,28.85,800,300,100,200,1100,3300,1400,600,2000,2000,100,900,1300,900,900,500,300,200,1500,200
420.0,28.57,62100,1772826.0,28.57,28.56,28.54,28.53,28.52,28.51,28.5,28.49,28.47,28.46,28.59,28.61,28.7,28.71,28.76,28.77,28.78,28.81,28.82,28.85,800,300,100,200,1100,3300,1400,600,2000,2000,100,900,1300,900,900,500,300,200,1500,200
421.0,28.57,62100,1772826.0,28.57,28.56,28.54,28.53,28.52,28.51,28.5,28.49,28.47,28.46,28.59,28.61,28.7,28.71,28.76,28.77,28.78,28.81,28.82,28.85,800,300,100,200,1100,3300,1400,600,2000,2000,100,900,1300,900,900,500,300,200,1500,200
422.0,28.57,62100,1772826.0,28.57,28.56,28.54,28.53,28.52,28.51,28.5,28.49,28.47,28.46,28.59,28.61,28.7,28.71,28.76,28.77,28.78,28.81,28.82,28.85,800,300,400,400,1100,3300,1400,600,2000,2000,100,900,1300,900,900,500,300,200,1500,200
423.0,28.57,62100,1772826.0,28.57,28.56,28.54,28.53,28.52,28.51,28.5,28.49,28.47,28.46,28.59,28.61,28.7,28.71,28.76,28.77,28.78,28.81,28.82,28.85,800,300,400,400,1100,3300,1400,600,2000,2000,100,900,1300,900,900,500,300,200,1500,200
424.0,28.57,62100,1772826.0,28.57,28.56,28.54,28.53,28.52,28.51,28.5,28.49,28.47,28.46,28.59,28.61,28.7,28.71,28.76,28.77,28.78,28.81,28.82,28.85,800,300,400,400,1100,3300,1400,600,2000,2000,100,900,1300,900,900,500,300,200,1500,200
425.0,28.57,62200,1775683.0,28.57,28.56,28.54,28.53,28.52,28.51,28.5,28.49,28.47,28.46,28.59,28.61,28.7,28.71,28.76,28.77,28.78,28.81,28.82,28.85,700,300,400,400,1100,3300,1400,600,2000,2000,100,900,1300,900,900,500,300,200,1500,200
426.0,28.56,63200,1804250.0,28.54,28.53,28.52,28.51,28.5,28.49,28.47,28.46,28.44,28.43,28.59,28.61,28.7,28.71,28.76,28.77,28.78,28.81,28.82,28.85,400,400,1100,3300,1400,600,2000,2000,1600,600,100,900,1300,900,900,500,300,200,1500,200
427.0,28.56,63200,1804250.0,28.54,28.53,28.52,28.51,28.5,28.49,28.47,28.46,28.44,28.43,28.59,28.61,28.7,28.71,28.76,28.77,28.78,28.81,28.82,28.85,400,600,500,3300,1400,600,2000,2000,1600,600,100,900,1300,900,900,500,300,200,1500,200
428.0,28.56,63200,1804250.0,28.54,28.53,28.52,28.51,28.5,28.49,28.47,28.46,28.44,28.43,28.59,28.61,28.7,28.71,28.76,28.77,28.78,28.81,28.82,28.85,500,600,500,3300,1400,600,2000,2000,1600,600,200,900,1300,900,900,500,300,200,1500,200
429.0,28.56,63200,1804250.0,28.54,28.53,28.52,28.51,28.5,28.49,28.47,28.46,28.44,28.43,28.59,28.61,28.7,28.71,28.76,28.77,28.78,28.81,28.82,28.85,500,600,500,3300,1400,600,2000,2000,1600,600,200,900,1300,900,900,500,300,200,1500,200
430.0,28.56,63200,1804250.0,28.54,28.53,28.52,28.51,28.5,28.49,28.47,28.46,28.44,28.43,28.59,28.61,28.7,28.71,28.76,28.77,28.78,28.81,28.82,28.85,600,600,500,3300,1400,600,2000,2000,1600,600,300,900,1300,900,900,500,300,200,1500,200
431.0,28.56,63200,1804250.0,28.54,28.53,28.52,28.51,28.5,28.49,28.47,28.46,28.44,28.43,28.59,28.61,28.7,28.71,28.76,28.77,28.78,28.81,28.82,28.85,600,600,500,3300,1400,600,2000,2000,1600,600,300,900,1300,900,900,500,300,200,1500,200
