LocalTime,LastPrice,TradeVolume,TradeValue,BidPrice1,BidPrice2,BidPrice3,BidPrice4,BidPrice5,BidPrice6,BidPrice7,BidPrice8,BidPrice9,BidPriceA,AskPrice1,AskPrice2,AskPrice3,AskPrice4,AskPrice5,AskPrice6,AskPrice7,AskPrice8,AskPrice9,AskPriceA,BidVolume1,BidVolume2,BidVolume3,BidVolume4,BidVolume5,BidVolume6,BidVolume7,BidVolume8,BidVolume9,BidVolumeA,AskVolume1,AskVolume2,AskVolume3,AskVolume4,AskVolume5,AskVolume6,AskVolume7,AskVolume8,AskVolume9,AskVolumeA
0.0,11.38,8500,96730.0,11.37,11.36,11.35,11.34,11.33,11.32,11.31,11.3,11.29,11.28,11.38,11.39,11.41,11.42,11.43,11.44,11.45,11.46,11.47,11.48,1000,12900,200,1000,1000,30000,2300,13700,1300,11100,12400,10900,1700,5000,6800,42600,51200,12400,9500,83800
1.0,11.38,8500,96730.0,11.37,11.36,11.35,11.34,11.33,11.32,11.31,11.3,11.29,11.28,11.38,11.39,11.41,11.42,11.43,11.44,11.45,11.46,11.47,11.48,1000,12900,200,1000,6000,33600,2300,15700,1300,11100,23100,10900,12400,5000,6800,42600,55800,12400,9500,83800
2.0,11.37,11500,130840.0,11.36,11.35,11.34,11.33,11.32,11.31,11.3,11.29,11.28,11.27,11.37,11.38,11.39,11.41,11.42,11.43,11.44,11.45,11.46,11.47,12900,200,2000,6000,33600,3300,15700,1300,11100,800,28000,20900,6600,12400,5000,16400,42600,55800,12400,12000
3.0,11.37,13900,158122.0,11.36,11.35,11.34,11.33,11.32,11.31,11.3,11.29,11.28,11.27,11.37,11.38,11.39,11.41,11.42,11.43,11.44,11.45,11.46,11.47,12300,200,2000,6000,33600,14300,54700,1300,11100,800,26700,20900,6600,12400,8400,19500,42600,55800,12400,12000
4.0,11.37,21800,247876.0,11.36,11.35,11.34,11.33,11.32,11.31,11.3,11.29,11.28,11.27,11.37,11.38,11.39,11.41,11.42,11.43,11.44,11.45,11.46,11.47,5400,200,2000,6000,3600,34300,84700,1500,11100,3800,26200,20900,6200,12400,8400,19500,42600,55800,12400,15000
5.0,11.36,29800,338786.0,11.36,11.35,11.34,11.33,11.32,11.31,11.3,11.29,11.28,11.27,11.37,11.38,11.39,11.41,11.42,11.43,11.44,11.45,11.46,11.47,4600,200,2000,6000,3600,34300,84700,1500,11100,4800,23200,19200,6200,12400,11400,19500,42600,58900,12400,15000
6.0,11.36,33600,381954.0,11.36,11.35,11.34,11.33,11.32,11.31,11.3,11.29,11.28,11.27,11.37,11.38,11.39,11.41,11.42,11.43,11.44,11.45,11.46,11.47,2300,17600,2000,6000,3600,34300,85700,4500,13100,4800,25700,19200,6200,13300,11400,19500,42600,59800,12400,16000
7.0,11.35,36300,412624.0,11.35,11.34,11.33,11.32,11.31,11.3,11.29,11.28,11.27,11.26,11.36,11.37,11.38,11.39,11.41,11.42,11.43,11.44,11.45,11.46,17300,2000,6000,3600,35800,85700,4500,13100,6500,8400,14000,26600,19200,6200,14500,11400,20500,42600,59800,12400
8.0,11.36,39300,446704.0,11.35,11.34,11.33,11.32,11.31,11.3,11.29,11.28,11.27,11.26,11.36,11.37,11.38,11.39,11.4,11.41,11.42,11.43,11.44,11.45,17300,2000,6200,3600,36100,96400,5500,13100,8100,8400,21000,27800,54000,6200,1600,14500,11400,20500,42600,59800
9.0,11.35,45100,512534.0,11.35,11.34,11.33,11.32,11.31,11.3,11.29,11.28,11.27,11.26,11.36,11.37,11.38,11.39,11.4,11.41,11.42,11.43,11.44,11.45,11500,2000,6200,3600,36100,96700,5500,16600,10300,8400,21300,29600,54000,6200,1600,14500,11400,20500,42600,65000
10.0,11.35,45700,519344.0,11.35,11.34,11.33,11.32,11.31,11.3,11.29,11.28,11.27,11.26,11.36,11.37,11.38,11.39,11.4,11.41,11.42,11.43,11.44,11.45,10900,2000,6200,3600,36100,97200,5500,18600,10300,9400,41300,29600,56100,6200,1600,14500,9400,26700,42600,67700
11.0,11.35,45700,519344.0,11.35,11.34,11.33,11.32,11.31,11.3,11.29,11.28,11.27,11.26,11.36,11.37,11.38,11.39,11.4,11.41,11.42,11.43,11.44,11.45,11000,2000,7200,3600,36100,97200,5500,19200,10300,9400,44800,27300,57600,6200,1600,14500,9400,28200,42600,67700
12.0,11.35,46000,522749.0,11.35,11.34,11.33,11.32,11.31,11.3,11.29,11.28,11.27,11.26,11.36,11.37,11.38,11.39,11.4,11.41,11.42,11.43,11.44,11.45,10700,2000,7200,3600,36900,97200,5500,19200,10300,9400,39300,26600,58400,6200,1600,14500,9400,28200,42600,67700
13.0,11.35,56900,646466.0,11.34,11.33,11.32,11.31,11.3,11.29,11.28,11.27,11.26,11.25,11.35,11.36,11.37,11.38,11.39,11.4,11.41,11.42,11.43,11.44,2000,7200,3600,36900,97200,5500,19200,10300,9400,77800,1500,39100,26400,58400,6200,1600,14500,9400,28200,42600
14.0,11.35,56900,646466.0,11.34,11.33,11.32,11.31,11.3,11.29,11.28,11.27,11.26,11.25,11.35,11.36,11.37,11.38,11.39,11.4,11.41,11.42,11.43,11.44,2000,7200,3600,36900,97200,5500,19200,10300,9400,77800,8800,39100,26400,58400,6200,1600,14500,9400,28200,42600
15.0,11.34,57700,655538.0,11.34,11.33,11.32,11.31,11.3,11.29,11.28,11.27,11.26,11.25,11.35,11.36,11.37,11.38,11.39,11.4,11.41,11.42,11.43,11.44,1200,7200,3600,36900,97200,5500,19200,10300,9400,77800,8000,39400,26400,58400,6200,1600,14500,9400,28200,42600
16.0,11.34,57700,655538.0,11.34,11.33,11.32,11.31,11.3,11.29,11.28,11.27,11.26,11.25,11.35,11.36,11.37,11.38,11.39,11.4,11.41,11.42,11.43,11.44,1200,7200,3600,36900,97200,5500,19200,10300,9400,77800,8000,39400,26400,58400,6200,1600,14500,9400,28200,42600
17.0,11.34,57700,655538.0,11.34,11.33,11.32,11.31,11.3,11.29,11.28,11.27,11.26,11.25,11.35,11.36,11.37,11.38,11.39,11.4,11.41,11.42,11.43,11.44,1200,7200,3600,36900,97200,5500,19200,10300,9400,77800,6900,39400,26400,58400,6200,1600,14500,9400,28200,42600
18.0,11.34,58800,668012.0,11.34,11.33,11.32,11.31,11.3,11.29,11.28,11.27,11.26,11.25,11.35,11.36,11.37,11.38,11.39,11.4,11.41,11.42,11.43,11.44,100,7200,3600,36900,97200,5500,19200,10300,9400,77800,5700,29400,26400,58400,6200,1600,14500,9400,28200,42600
19.0,11.35,59600,677092.0,11.34,11.33,11.32,11.31,11.3,11.29,11.28,11.27,11.26,11.25,11.35,11.36,11.37,11.38,11.39,11.4,11.41,11.42,11.43,11.44,100,7200,3600,36900,98200,5500,19200,10300,9400,77800,4900,29400,26400,58400,6200,1600,14500,6000,28200,42600
20.0,11.35,60600,688442.0,11.34,11.33,11.32,11.31,11.3,11.29,11.28,11.27,11.26,11.25,11.35,11.36,11.37,11.38,11.39,11.4,11.41,11.42,11.43,11.44,100,7200,3600,36900,98200,5500,19200,10300,9400,77800,4000,29400,26400,58400,6200,1600,14500,6000,28200,42600
21.0,11.34,61000,692978.0,11.33,11.32,11.31,11.3,11.29,11.28,11.27,11.26,11.25,11.24,11.34,11.35,11.36,11.37,11.38,11.39,11.4,11.41,11.42,11.43,7200,3600,36900,98200,5500,19200,10300,9400,77800,23000,200,4200,29400,26400,58400,6200,1600,14500,6000,28200
22.0,11.34,61500,698650.0,11.33,11.32,11.31,11.3,11.29,11.28,11.27,11.26,11.25,11.24,11.34,11.35,11.36,11.37,11.38,11.39,11.4,11.41,11.42,11.43,7200,3600,36900,98200,5500,19200,10300,9400,77800,23000,7300,4000,29400,26400,58400,6200,1600,14500,6000,28200
23.0,11.33,68700,780226.0,11.32,11.31,11.3,11.29,11.28,11.27,11.26,11.25,11.24,11.23,11.33,11.34,11.35,11.36,11.37,11.38,11.39,11.4,11.41,11.42,3600,36900,98200,5500,19200,10300,9400,77800,23000,24300,200,7300,3700,29400,26400,58400,6200,1600,14500,6000
24.0,11.33,68800,781359.0,11.32,11.31,11.3,11.29,11.28,11.27,11.26,11.25,11.24,11.23,11.33,11.34,11.35,11.36,11.37,11.38,11.39,11.4,11.41,11.42,3600,36900,98200,5500,19200,10300,9400,77800,23000,24300,100,7300,3700,29400,26400,58400,6200,1600,14500,6000
25.0,11.33,68800,781359.0,11.32,11.31,11.3,11.29,11.28,11.27,11.26,11.25,11.24,11.23,11.33,11.34,11.35,11.36,11.37,11.38,11.39,11.4,11.41,11.42,3600,36900,98200,5500,19200,10300,9400,77800,23000,24300,100,12900,3700,29100,25200,58400,6200,1600,14500,6000
26.0,11.32,72400,822111.0,11.31,11.3,11.29,11.28,11.27,11.26,11.25,11.24,11.23,11.22,11.32,11.33,11.34,11.35,11.36,11.37,11.38,11.39,11.4,11.41,36900,98200,5500,19200,10300,9400,77800,23000,24300,10000,3800,100,12900,2500,25900,25200,58400,6200,1600,14500
27.0,11.32,72400,822111.0,11.31,11.3,11.29,11.28,11.27,11.26,11.25,11.24,11.23,11.22,11.32,11.33,11.34,11.35,11.36,11.37,11.38,11.39,11.4,11.41,36900,98200,5500,19200,10300,9400,77800,23000,24300,10000,4300,100,12900,2500,25900,25200,58400,6200,1600,14500
28.0,11.32,72400,822111.0,11.31,11.3,11.29,11.28,11.27,11.26,11.25,11.24,11.23,11.22,11.32,11.33,11.34,11.35,11.36,11.37,11.38,11.39,11.4,11.41,36900,98200,5500,19200,10300,9400,77800,23000,24300,10000,4300,100,13000,2500,25900,25100,58400,6200,1600,14500
29.0,11.32,74400,844751.0,11.31,11.3,11.29,11.28,11.27,11.26,11.25,11.24,11.23,11.22,11.32,11.33,11.34,11.35,11.36,11.37,11.38,11.39,11.4,11.41,37700,98200,5500,19200,10300,9400,77800,23000,24300,10000,2400,100,13000,2500,25900,25100,58400,6200,1600,14500
30.0,11.32,76800,871919.0,11.32,11.31,11.3,11.29,11.28,11.27,11.26,11.25,11.24,11.23,11.33,11.34,11.35,11.36,11.37,11.38,11.39,11.4,11.41,11.42,3600,37700,98200,5500,19200,10300,9400,77800,23000,24300,1300,13300,2500,25900,25100,58400,6200,1600,14500,6000
31.0,11.32,80400,912671.0,11.31,11.3,11.29,11.28,11.27,11.26,11.25,11.24,11.23,11.22,11.32,11.33,11.34,11.35,11.36,11.37,11.38,11.39,11.4,11.41,37700,98200,5500,19200,10300,9400,77800,23000,24300,10000,3800,3900,13300,2500,25900,25100,58400,4500,1600,14500
32.0,11.31,82000,930767.0,11.31,11.3,11.29,11.28,11.27,11.26,11.25,11.24,11.23,11.22,11.32,11.33,11.34,11.35,11.36,11.37,11.38,11.39,11.4,11.41,36100,98200,5500,19200,10300,9400,77800,23000,24300,10000,3800,4000,13300,2500,25900,25100,58400,4500,1600,14500
33.0,11.32,82100,931899.0,11.31,11.3,11.29,11.28,11.27,11.26,11.25,11.24,11.23,11.22,11.32,11.33,11.34,11.35,11.36,11.37,11.38,11.39,11.4,11.41,36100,98200,5500,19200,10300,9400,77800,23000,24300,10000,3700,4000,13000,2500,25900,25100,58400,4500,1600,14500
34.0,11.32,82100,931899.0,11.31,11.3,11.29,11.28,11.27,11.26,11.25,11.24,11.23,11.22,11.32,11.33,11.34,11.35,11.36,11.37,11.38,11.39,11.4,11.41,36100,98200,8500,19200,10300,9400,77800,23000,24300,10000,13700,4000,13000,2500,25900,25100,58400,4500,1600,14500
35.0,11.31,84200,955650.0,11.31,11.3,11.29,11.28,11.27,11.26,11.25,11.24,11.23,11.22,11.32,11.33,11.34,11.35,11.36,11.37,11.38,11.39,11.4,11.41,34000,98200,8500,19200,10300,9400,77800,23000,24300,10000,14200,4000,13000,2500,25900,25100,58400,4500,1600,14500
36.0,11.31,84200,955650.0,11.31,11.3,11.29,11.28,11.27,11.26,11.25,11.24,11.23,11.22,11.32,11.33,11.34,11.35,11.36,11.37,11.38,11.39,11.4,11.41,34000,97700,8500,19200,10300,9400,77800,23000,24300,10000,14200,4000,13000,2500,25900,25100,58400,4500,1600,14500
37.0,11.32,86200,978290.0,11.31,11.3,11.29,11.28,11.27,11.26,11.25,11.24,11.23,11.22,11.32,11.33,11.34,11.35,11.36,11.37,11.38,11.39,11.4,11.41,34000,97700,8500,19200,10300,9400,77800,23000,24300,10000,13100,4000,13000,2500,25900,25100,58400,4500,1600,14500
38.0,11.32,89000,1009978.0,11.31,11.3,11.29,11.28,11.27,11.26,11.25,11.24,11.23,11.22,11.32,11.33,11.34,11.35,11.36,11.37,11.38,11.39,11.4,11.41,33200,97700,8500,17200,10300,9400,77800,23000,24300,10000,11800,4000,13000,2500,25700,25100,56300,4500,1600,14500
39.0,11.31,89800,1019026.0,11.31,11.3,11.29,11.28,11.27,11.26,11.25,11.24,11.23,11.22,11.32,11.33,11.34,11.35,11.36,11.37,11.38,11.39,11.4,11.41,32400,97700,8500,17200,10300,9400,77800,23000,24300,10000,13900,4000,13000,2500,25700,25100,56300,4500,1600,14500
40.0,11.31,90200,1023550.0,11.31,11.3,11.29,11.28,11.27,11.26,11.25,11.24,11.23,11.22,11.32,11.33,11.34,11.35,11.36,11.37,11.38,11.39,11.4,11.41,32000,97700,8500,17200,10300,9400,77800,23000,24300,10000,13900,4000,13000,2500,25700,25100,56300,4500,1600,14500
41.0,11.31,92600,1050694.0,11.31,11.3,11.29,11.28,11.27,11.26,11.25,11.24,11.23,11.22,11.32,11.33,11.34,11.35,11.36,11.37,11.38,11.39,11.4,11.41,29600,97700,8500,17200,10300,9400,76900,23000,24300,10000,13900,4000,13000,2500,25700,25100,56300,4500,1600,14500
42.0,11.32,92700,1051826.0,11.31,11.3,11.29,11.28,11.27,11.26,11.25,11.24,11.23,11.22,11.32,11.33,11.34,11.35,11.36,11.37,11.38,11.39,11.4,11.41,29600,97700,8500,17200,10300,9400,76900,23000,24300,10000,13900,4000,13000,2500,25700,25100,56300,4500,1600,14500
43.0,11.32,93000,1055222.0,11.31,11.3,11.29,11.28,11.27,11.26,11.25,11.24,11.23,11.22,11.32,11.33,11.34,11.35,11.36,11.37,11.38,11.39,11.4,11.41,29600,97700,8500,17200,10300,9400,76900,23000,24300,10000,13600,4000,13000,2500,25700,25100,56300,4500,1600,14500
44.0,11.31,94000,1066532.0,11.31,11.3,11.29,11.28,11.27,11.26,11.25,11.24,11.23,11.22,11.32,11.33,11.34,11.35,11.36,11.37,11.38,11.39,11.4,11.41,28600,97700,8500,17200,10300,9400,76900,24000,24300,10000,13600,4000,13000,2500,25700,25100,56300,4500,1600,14500
45.0,11.31,94000,1066532.0,11.31,11.3,11.29,11.28,11.27,11.26,11.25,11.24,11.23,11.22,11.32,11.33,11.34,11.35,11.36,11.37,11.38,11.39,11.4,11.41,28600,97700,8500,17200,10300,9400,76900,24000,24300,10000,13600,4000,13000,2500,25700,25100,56300,4500,1600,14500
46.0,11.31,94800,1075580.0,11.31,11.3,11.29,11.28,11.27,11.26,11.25,11.24,11.23,11.22,11.32,11.33,11.34,11.35,11.36,11.37,11.38,11.39,11.4,11.41,27800,97700,8500,17200,10300,9400,76900,24000,24300,10000,13600,4000,13000,2500,25700,25100,56300,4500,1600,14500
47.0,11.32,114900,1303112.0,11.32,11.31,11.3,11.29,11.28,11.27,11.26,11.25,11.24,11.23,11.33,11.34,11.35,11.36,11.37,11.38,11.39,11.4,11.41,11.42,100,27800,97700,8500,17200,10300,9400,76900,24000,24300,4100,13000,2500,25700,25100,56300,4500,1600,14500,6000
48.0,11.32,114900,1303112.0,11.32,11.31,11.3,11.29,11.28,11.27,11.26,11.25,11.24,11.23,11.33,11.34,11.35,11.36,11.37,11.38,11.39,11.4,11.41,11.42,100,27800,97700,8500,17200,10300,9400,76900,24000,24300,4100,13000,2500,25700,25100,56300,4500,1600,14500,6000
49.0,11.32,114900,1303112.0,11.32,11.31,11.3,11.29,11.28,11.27,11.26,11.25,11.24,11.23,11.33,11.34,11.35,11.36,11.37,11.38,11.39,11.4,11.41,11.42,100,27800,97700,8500,17200,10300,9400,76900,24000,24300,4100,13000,2500,25700,25100,56300,4500,1600,14500,6000
50.0,11.32,115000,1304244.0,11.31,11.3,11.29,11.28,11.27,11.26,11.25,11.24,11.23,11.22,11.33,11.34,11.35,11.36,11.37,11.38,11.39,11.4,11.41,11.42,27800,97700,8500,17200,12300,9400,76900,24000,24300,10000,4100,13000,2400,25700,25100,56300,4500,1600,14500,6000
51.0,11.32,115000,1304244.0,11.31,11.3,11.29,11.28,11.27,11.26,11.25,11.24,11.23,11.22,11.33,11.34,11.35,11.36,11.37,11.38,11.39,11.4,11.41,11.42,27800,97700,8500,17200,12300,9400,76900,24000,24300,10000,4400,13000,2400,25700,25100,56300,4500,1600,14500,6000
52.0,11.32,115000,1304244.0,11.32,11.31,11.3,11.29,11.28,11.27,11.26,11.25,11.24,11.23,11.33,11.34,11.35,11.36,11.37,11.38,11.39,11.4,11.41,11.42,1400,29300,98600,8500,17200,12300,9400,76900,24000,24300,4400,13000,2400,25700,23600,56300,4500,1600,14500,6000
53.0,11.32,125200,1419711.0,11.32,11.31,11.3,11.29,11.28,11.27,11.26,11.25,11.24,11.23,11.33,11.34,11.35,11.36,11.37,11.38,11.39,11.4,11.41,11.42,9800,29300,98600,8500,17200,12300,9400,76900,24000,24300,4300,13000,2400,25700,23600,56300,4500,1600,14500,6000
54.0,11.32,135000,1530647.0,11.31,11.3,11.29,11.28,11.27,11.26,11.25,11.24,11.23,11.22,11.32,11.33,11.34,11.35,11.36,11.37,11.38,11.39,11.4,11.41,29300,98600,8500,17200,12300,9400,76900,24000,25200,10000,800,8600,13000,2400,25700,23600,56300,4500,1600,14500
55.0,11.31,136700,1549874.0,11.31,11.3,11.29,11.28,11.27,11.26,11.25,11.24,11.23,11.22,11.32,11.33,11.34,11.35,11.36,11.37,11.38,11.39,11.4,11.41,27600,98600,8500,17200,12300,9400,76900,24000,25200,10000,900,8600,13000,2400,25700,23600,56300,4500,1600,14500
56.0,11.32,137300,1556666.0,11.31,11.3,11.29,11.28,11.27,11.26,11.25,11.24,11.23,11.22,11.32,11.33,11.34,11.35,11.36,11.37,11.38,11.39,11.4,11.41,27600,106500,8500,17200,12300,9400,76900,24000,25200,10000,300,8600,13000,2400,25700,23600,56300,4500,1600,14500
57.0,11.32,137300,1556666.0,11.31,11.3,11.29,11.28,11.27,11.26,11.25,11.24,11.23,11.22,11.32,11.33,11.34,11.35,11.36,11.37,11.38,11.39,11.4,11.41,27600,106500,8500,17200,12300,9400,76900,24000,25200,10000,300,8600,13000,2400,25700,23600,56300,4500,1600,14500
58.0,11.32,137300,1556666.0,11.31,11.3,11.29,11.28,11.27,11.26,11.25,11.24,11.23,11.22,11.32,11.33,11.34,11.35,11.36,11.37,11.38,11.39,11.4,11.41,28100,106500,8500,17200,12300,9400,76900,24000,25200,10000,700,8600,13000,2400,25700,23100,56300,4500,1600,14500
59.0,11.31,147300,1669766.0,11.31,11.3,11.29,11.28,11.27,11.26,11.25,11.24,11.23,11.22,11.32,11.33,11.34,11.35,11.36,11.37,11.38,11.39,11.4,11.41,18100,106500,8500,17200,12300,9400,76900,24000,25200,10000,800,8600,13000,2400,25700,23100,56300,4500,1600,14500
60.0,11.32,149300,1692398.0,11.31,11.3,11.29,11.28,11.27,11.26,11.25,11.24,11.23,11.22,11.32,11.33,11.34,11.35,11.36,11.37,11.38,11.39,11.4,11.41,18800,106500,8500,17200,12300,9400,76900,24000,25200,10000,700,8800,13000,2900,25700,23100,56300,4500,1600,14500
61.0,11.31,150100,1701446.0,11.31,11.3,11.29,11.28,11.27,11.26,11.25,11.24,11.23,11.22,11.32,11.33,11.34,11.35,11.36,11.37,11.38,11.39,11.4,11.41,18000,106500,8500,19200,12300,9400,76900,24000,25200,10000,700,8800,13000,3400,26200,23100,56300,4500,1600,14500
62.0,11.31,150100,1701446.0,11.31,11.3,11.29,11.28,11.27,11.26,11.25,11.24,11.23,11.22,11.32,11.33,11.34,11.35,11.36,11.37,11.38,11.39,11.4,11.41,18000,106500,8500,19200,12300,9400,76900,24000,25200,10000,700,8900,13500,3400,26200,23100,56300,4500,1600,14500
63.0,11.31,150100,1701446.0,11.31,11.3,11.29,11.28,11.27,11.26,11.25,11.24,11.23,11.22,11.32,11.33,11.34,11.35,11.36,11.37,11.38,11.39,11.4,11.41,18000,106500,8500,19200,12300,9400,76900,24000,25200,10000,1200,8900,13500,3400,26200,23100,56300,4500,1600,14500
64.0,11.31,150100,1701446.0,11.31,11.3,11.29,11.28,11.27,11.26,11.25,11.24,11.23,11.22,11.32,11.33,11.34,11.35,11.36,11.37,11.38,11.39,11.4,11.41,18000,106500,8500,19200,12300,9400,76900,24000,25200,10000,1200,8900,13500,3400,26200,23100,56300,4500,1600,14500
65.0,11.32,150200,1702578.0,11.31,11.3,11.29,11.28,11.27,11.26,11.25,11.24,11.23,11.22,11.32,11.33,11.34,11.35,11.36,11.37,11.38,11.39,11.4,11.41,18000,106500,8500,19200,12300,9400,76900,24000,25200,10000,1300,8800,13000,3400,26200,23600,56300,4500,1600,14500
66.0,11.32,153200,1736521.0,11.32,11.31,11.3,11.29,11.28,11.27,11.26,11.25,11.24,11.23,11.33,11.34,11.35,11.36,11.37,11.38,11.39,11.4,11.41,11.42,8400,16300,106500,8500,19200,12300,10400,76900,24000,25200,8800,13000,3400,26200,23600,56300,4500,1600,14500,6000
67.0,11.32,161600,1831609.0,11.31,11.3,11.29,11.28,11.27,11.26,11.25,11.24,11.23,11.22,11.32,11.33,11.34,11.35,11.36,11.37,11.38,11.39,11.4,11.41,16300,106500,8500,19200,12300,10400,76900,24000,25200,10000,600,9300,13000,3400,26200,23600,56300,4500,1600,14500
68.0,11.32,174300,1975334.0,11.31,11.3,11.29,11.28,11.27,11.26,11.25,11.24,11.23,11.22,11.32,11.33,11.34,11.35,11.36,11.37,11.38,11.39,11.4,11.41,12400,106500,8500,19200,14300,10400,76900,24000,25200,10000,3200,8800,13000,3400,16700,23600,56300,4500,1600,14500
69.0,11.32,178600,2024010.0,11.32,11.31,11.3,11.29,11.28,11.27,11.26,11.25,11.24,11.23,11.33,11.34,11.35,11.36,11.37,11.38,11.39,11.4,11.41,11.42,100,14200,106500,8500,19200,14300,10400,76900,24000,25200,8800,13000,3400,16700,23600,56300,4500,1600,14500,6000
70.0,11.32,178700,2025142.0,11.31,11.3,11.29,11.28,11.27,11.26,11.25,11.24,11.23,11.22,11.32,11.33,11.34,11.35,11.36,11.37,11.38,11.39,11.4,11.41,14200,106500,8500,19200,14300,10400,76900,24000,25200,10000,200,7800,13000,3400,16700,23600,56300,4500,1600,14500
71.0,11.32,178700,2025142.0,11.31,11.3,11.29,11.28,11.27,11.26,11.25,11.24,11.23,11.22,11.32,11.33,11.34,11.35,11.36,11.37,11.38,11.39,11.4,11.41,14200,106500,8500,19200,14300,10400,76900,24000,25200,10000,200,7800,13000,3400,16700,23200,56300,4500,1600,14500
72.0,11.31,180100,2040976.0,11.31,11.3,11.29,11.28,11.27,11.26,11.25,11.24,11.23,11.22,11.32,11.33,11.34,11.35,11.36,11.37,11.38,11.39,11.4,11.41,12800,106500,8500,19200,14300,10400,76900,24000,25200,10000,200,7800,13000,3400,16700,23200,56300,4500,1600,14500
73.0,11.32,180300,2043240.0,11.32,11.31,11.3,11.29,11.28,11.27,11.26,11.25,11.24,11.23,11.33,11.34,11.35,11.36,11.37,11.38,11.39,11.4,11.41,11.42,300,12800,106500,8500,19200,14300,10400,76900,24000,25200,7800,13000,3400,16700,23200,56300,4500,1600,14500,6000
74.0,11.31,182200,2064732.0,11.31,11.3,11.29,11.28,11.27,11.26,11.25,11.24,11.23,11.22,11.32,11.33,11.34,11.35,11.36,11.37,11.38,11.39,11.4,11.41,11200,106500,8500,19200,14300,10400,76900,24000,25200,10000,1200,7800,13000,3400,16700,23200,56300,4500,1600,14500
75.0,11.32,182400,2066996.0,11.31,11.3,11.29,11.28,11.27,11.26,11.25,11.24,11.23,11.22,11.32,11.33,11.34,11.35,11.36,11.37,11.38,11.39,11.4,11.41,13700,106500,8500,19200,14300,10400,76900,24000,25200,10000,6000,7800,13000,3400,16700,23200,56300,4500,1600,14500
76.0,11.32,183800,2082836.0,11.31,11.3,11.29,11.28,11.27,11.26,11.25,11.24,11.23,11.22,11.32,11.33,11.34,11.35,11.36,11.37,11.38,11.39,11.4,11.41,12900,106500,8500,19200,14300,10400,76900,24000,25200,10000,5400,7800,13000,3400,16700,23200,56300,4500,1600,14500
77.0,11.32,184300,2088496.0,11.31,11.3,11.29,11.28,11.27,11.26,11.25,11.24,11.23,11.22,11.32,11.33,11.34,11.35,11.36,11.37,11.38,11.39,11.4,11.41,17100,106500,8500,19200,14300,10400,76900,24000,25200,10000,4900,7800,13000,3400,16700,23200,56300,4500,1600,14500
78.0,11.31,186000,2107723.0,11.31,11.3,11.29,11.28,11.27,11.26,11.25,11.24,11.23,11.22,11.32,11.33,11.34,11.35,11.36,11.37,11.38,11.39,11.4,11.41,16400,106500,8500,20200,14300,10400,76900,24000,25200,10000,4900,7800,13000,3400,16700,23200,56300,4500,1600,14500
79.0,11.32,186400,2112251.0,11.31,11.3,11.29,11.28,11.27,11.26,11.25,11.24,11.23,11.22,11.32,11.33,11.34,11.35,11.36,11.37,11.38,11.39,11.4,11.41,16700,106500,8500,20200,14300,10400,76900,24000,25200,10000,14500,7800,13000,3400,16700,23200,56300,4500,1600,14500
80.0,11.32,186400,2112251.0,11.31,11.3,11.29,11.28,11.27,11.26,11.25,11.24,11.23,11.22,11.32,11.33,11.34,11.35,11.36,11.37,11.38,11.39,11.4,11.41,16700,106500,8500,20200,14300,10400,76900,24000,25200,10000,14500,7800,13000,3400,16700,23200,56300,4500,1600,14500
81.0,11.31,189700,2149596.0,11.31,11.3,11.29,11.28,11.27,11.26,11.25,11.24,11.23,11.22,11.32,11.33,11.34,11.35,11.36,11.37,11.38,11.39,11.4,11.41,15600,106500,8500,20200,14300,10400,76900,24000,25200,10000,12300,7800,13000,3400,16700,23200,56300,4500,1600,14500
82.0,11.32,190700,2160916.0,11.31,11.3,11.29,11.28,11.27,11.26,11.25,11.24,11.23,11.22,11.32,11.33,11.34,11.35,11.36,11.37,11.38,11.39,11.4,11.41,16600,106500,8500,20200,14300,10400,76900,24000,25200,10000,11300,7800,13000,3400,16700,23200,56300,4500,1600,14500
83.0,11.31,192300,2179020.0,11.31,11.3,11.29,11.28,11.27,11.26,11.25,11.24,11.23,11.22,11.32,11.33,11.34,11.35,11.36,11.37,11.38,11.39,11.4,11.41,15800,106500,8500,20200,14300,10400,77500,24000,25200,10000,10700,7500,13000,3400,16700,23200,56300,4500,1600,14500
84.0,11.31,192300,2179020.0,11.31,11.3,11.29,11.28,11.27,11.26,11.25,11.24,11.23,11.22,11.32,11.33,11.34,11.35,11.36,11.37,11.38,11.39,11.4,11.41,15800,106500,8500,20200,14300,10400,77500,24000,25200,10000,10700,7500,13000,3400,16700,23200,56300,4500,1600,14500
85.0,11.31,202400,2293251.0,11.31,11.3,11.29,11.28,11.27,11.26,11.25,11.24,11.23,11.22,11.32,11.33,11.34,11.35,11.36,11.37,11.38,11.39,11.4,11.41,5700,106500,8500,20200,14300,10400,77500,24000,25200,10000,10700,7500,13000,3400,16700,23200,56300,4500,1600,14500
86.0,11.31,203500,2305700.0,11.31,11.3,11.29,11.28,11.27,11.26,11.25,11.24,11.23,11.22,11.32,11.33,11.34,11.35,11.36,11.37,11.38,11.39,11.4,11.41,5400,106500,8500,20200,14300,10400,77500,24000,25200,10000,10100,7400,13000,3400,16700,23200,56300,4500,1600,14500
87.0,11.31,203500,2305700.0,11.31,11.3,11.29,11.28,11.27,11.26,11.25,11.24,11.23,11.22,11.32,11.33,11.34,11.35,11.36,11.37,11.38,11.39,11.4,11.41,8400,106500,8500,20200,14300,10400,77500,24000,25200,10000,10100,7400,13000,3400,16700,23200,56300,4500,1600,14500
88.0,11.31,205100,2323796.0,11.31,11.3,11.29,11.28,11.27,11.26,11.25,11.24,11.23,11.22,11.32,11.33,11.34,11.35,11.36,11.37,11.38,11.39,11.4,11.41,6800,106500,8500,20200,14300,10400,77500,24000,25200,10000,10100,7400,13000,3400,16700,23200,56300,4500,1600,14500
89.0,11.32,205900,2332852.0,11.31,11.3,11.29,11.28,11.27,11.26,11.25,11.24,11.23,11.22,11.32,11.33,11.34,11.35,11.36,11.37,11.38,11.39,11.4,11.41,6800,106500,8500,20200,14300,11000,77500,24000,25200,10000,9300,7400,13000,3400,16700,23200,56300,4500,1600,14500
90.0,11.31,206500,2339638.0,11.31,11.3,11.29,11.28,11.27,11.26,11.25,11.24,11.23,11.22,11.32,11.33,11.34,11.35,11.36,11.37,11.38,11.39,11.4,11.41,11200,106500,8500,20200,14300,11000,77500,24000,25200,10000,9300,7400,13000,3400,16700,23200,56300,4500,1600,14500
91.0,11.31,206500,2339638.0,11.31,11.3,11.29,11.28,11.27,11.26,11.25,11.24,11.23,11.22,11.32,11.33,11.34,11.35,11.36,11.37,11.38,11.39,11.4,11.41,11200,106500,8500,20200,14300,11000,77500,24000,25200,10000,9300,7400,13000,3400,16700,23200,56300,4500,1600,14500
92.0,11.31,206500,2339638.0,11.31,11.3,11.29,11.28,11.27,11.26,11.25,11.24,11.23,11.22,11.32,11.33,11.34,11.35,11.36,11.37,11.38,11.39,11.4,11.41,11200,106500,8500,20200,14300,11000,77500,24000,25200,10000,9300,7400,13000,3400,16700,23200,56300,4500,1600,14500
93.0,11.32,208500,2362278.0,11.31,11.3,11.29,11.28,11.27,11.26,11.25,11.24,11.23,11.22,11.32,11.33,11.34,11.35,11.36,11.37,11.38,11.39,11.4,11.41,11200,106500,8500,20200,14300,11000,77500,24000,25200,10000,7300,7400,13000,3400,16700,23200,45600,4500,1600,14500
94.0,11.32,208500,2362278.0,11.31,11.3,11.29,11.28,11.27,11.26,11.25,11.24,11.23,11.22,11.32,11.33,11.34,11.35,11.36,11.37,11.38,11.39,11.4,11.41,12200,106500,8500,20200,14300,11000,77500,24000,25200,10000,8900,7400,13000,3400,1700,23200,45600,4500,1600,14500
95.0,11.32,213000,2413218.0,11.31,11.3,11.29,11.28,11.27,11.26,11.25,11.24,11.23,11.22,11.32,11.33,11.34,11.35,11.36,11.37,11.38,11.39,11.4,11.41,13700,106500,8500,20200,14300,11000,77500,24000,25200,10000,4400,7400,13000,3400,1700,23200,45600,4500,1600,14500
96.0,11.31,215600,2442631.0,11.31,11.3,11.29,11.28,11.27,11.26,11.25,11.24,11.23,11.22,11.32,11.33,11.34,11.35,11.36,11.37,11.38,11.39,11.4,11.41,11800,106500,8500,20200,14300,11000,77500,24000,25200,10000,3700,7400,13000,3400,1700,23200,45600,4500,1600,14500
97.0,11.31,216400,2451679.0,11.31,11.3,11.29,11.28,11.27,11.26,11.25,11.24,11.23,11.22,11.32,11.33,11.34,11.35,11.36,11.37,11.38,11.39,11.4,11.41,11400,107000,8500,20200,14300,11000,77500,24000,25200,10000,3700,8300,13000,3400,1700,23200,45600,4500,1600,14500
98.0,11.31,216400,2451679.0,11.31,11.3,11.29,11.28,11.27,11.26,11.25,11.24,11.23,11.22,11.32,11.33,11.34,11.35,11.36,11.37,11.38,11.39,11.4,11.41,12400,107000,8500,20200,14300,11000,77500,24000,25200,10000,3700,8300,13000,3400,1700,23200,45600,4500,1600,14500
99.0,11.32,216700,2455075.0,11.31,11.3,11.29,11.28,11.27,11.26,11.25,11.24,11.23,11.22,11.32,11.33,11.34,11.35,11.36,11.37,11.38,11.39,11.4,11.41,14400,107000,8500,20200,14300,11000,77500,24000,25200,10000,3400,8300,7400,3400,1700,23200,45600,4500,1600,14500
100.0,11.31,231700,2624731.0,11.3,11.29,11.28,11.27,11.26,11.25,11.24,11.23,11.22,11.21,11.31,11.32,11.33,11.34,11.35,11.36,11.37,11.38,11.39,11.4,107000,8500,20200,14300,11000,78500,24000,25200,10000,16300,14400,7600,4000,7400,3400,1700,23200,45600,4500,1600
101.0,11.31,241000,2729914.0,11.3,11.29,11.28,11.27,11.26,11.25,11.24,11.23,11.22,11.21,11.31,11.32,11.33,11.34,11.35,11.36,11.37,11.38,11.39,11.4,107000,8500,20200,14300,11900,78500,24000,25200,10000,16300,22300,7100,4000,7400,3400,1700,23200,45600,4500,1600
102.0,11.31,241000,2729914.0,11.3,11.29,11.28,11.27,11.26,11.25,11.24,11.23,11.22,11.21,11.31,11.32,11.33,11.34,11.35,11.36,11.37,11.38,11.39,11.4,105600,8500,20200,14300,11900,78500,24000,25200,10000,16300,23200,7100,4000,7400,3400,1700,23200,45600,4500,1600
103.0,11.31,241800,2738962.0,11.3,11.29,11.28,11.27,11.26,11.25,11.24,11.23,11.22,11.21,11.31,11.32,11.33,11.34,11.35,11.36,11.37,11.38,11.39,11.4,105600,9500,20200,14300,11900,78500,24000,25200,10000,16300,23300,7100,4000,7400,3400,1700,23200,45600,4500,1600
104.0,11.31,241800,2738962.0,11.3,11.29,11.28,11.27,11.26,11.25,11.24,11.23,11.22,11.21,11.31,11.32,11.33,11.34,11.35,11.36,11.37,11.38,11.39,11.4,105600,9500,20200,14300,11900,78500,24000,25200,10000,16300,23400,7100,3900,7400,3400,1700,23200,45600,4500,1600
105.0,11.31,242900,2751395.0,11.3,11.29,11.28,11.27,11.26,11.25,11.24,11.23,11.22,11.21,11.31,11.32,11.33,11.34,11.35,11.36,11.37,11.38,11.39,11.4,104800,9500,20200,14300,11900,78500,24000,25200,10000,16300,22200,12700,3900,7400,3400,1700,23200,45600,4500,1600
106.0,11.31,243700,2760443.0,11.3,11.29,11.28,11.27,11.26,11.25,11.24,11.23,11.22,11.21,11.31,11.32,11.33,11.34,11.35,11.36,11.37,11.38,11.39,11.4,104800,9500,20200,14300,11900,78500,24000,25200,10000,16300,21400,12700,3900,7400,3400,1700,23200,45600,4500,1600
107.0,11.3,244500,2769483.0,11.3,11.29,11.28,11.27,11.26,11.25,11.24,11.23,11.22,11.21,11.31,11.32,11.33,11.34,11.35,11.36,11.37,11.38,11.39,11.4,104000,9500,20200,14300,11900,78500,24000,25200,10000,16300,21400,12700,3900,7400,3400,1700,23200,45600,4500,1600
108.0,11.3,244500,2769483.0,11.3,11.29,11.28,11.27,11.26,11.25,11.24,11.23,11.22,11.21,11.31,11.32,11.33,11.34,11.35,11.36,11.37,11.38,11.39,11.4,104000,9500,20200,14300,11900,79000,24000,25200,10000,16300,21400,12700,3900,7400,3400,1700,23200,45600,4500,1600
109.0,11.3,244500,2769483.0,11.3,11.29,11.28,11.27,11.26,11.25,11.24,11.23,11.22,11.21,11.31,11.32,11.33,11.34,11.35,11.36,11.37,11.38,11.39,11.4,104000,9500,20200,14300,11900,79000,24000,25200,10000,16300,21400,12700,3900,7400,3400,1700,23200,45600,4500,1600
110.0,11.31,245300,2778531.0,11.3,11.29,11.28,11.27,11.26,11.25,11.24,11.23,11.22,11.21,11.31,11.32,11.33,11.34,11.35,11.36,11.37,11.38,11.39,11.4,104000,9500,20200,14300,11900,79000,24000,25200,10000,16300,20600,12700,3900,7400,3400,1700,23200,45600,4500,1600
111.0,11.31,245300,2778531.0,11.3,11.29,11.28,11.27,11.26,11.25,11.24,11.23,11.22,11.21,11.31,11.32,11.33,11.34,11.35,11.36,11.37,11.38,11.39,11.4,104000,9500,20200,14300,11900,79000,24000,25200,10000,16300,20600,12700,3900,7400,3400,1700,23200,45600,4500,1600
112.0,11.31,263800,2987612.0,11.3,11.29,11.28,11.27,11.26,11.25,11.24,11.23,11.22,11.21,11.31,11.32,11.33,11.34,11.35,11.36,11.37,11.38,11.39,11.4,88600,9500,20200,14300,11900,79000,24000,25200,10000,16300,17500,12700,3900,7400,3400,1700,23200,45600,4500,1600
113.0,11.31,264600,2996660.0,11.3,11.29,11.28,11.27,11.26,11.25,11.24,11.23,11.22,11.21,11.31,11.32,11.33,11.34,11.35,11.36,11.37,11.38,11.39,11.4,88600,9500,20200,14800,11900,79000,24000,25200,10000,16300,16800,12500,3900,7400,3400,1700,23200,45600,4500,1600
114.0,11.31,264600,2996660.0,11.3,11.29,11.28,11.27,11.26,11.25,11.24,11.23,11.22,11.21,11.31,11.32,11.33,11.34,11.35,11.36,11.37,11.38,11.39,11.4,88600,9500,22200,14800,11900,79000,24000,25200,10000,16300,17300,12500,3900,7400,3400,1700,23200,44100,4500,1600
115.0,11.31,264600,2996660.0,11.3,11.29,11.28,11.27,11.26,11.25,11.24,11.23,11.22,11.21,11.31,11.32,11.33,11.34,11.35,11.36,11.37,11.38,11.39,11.4,88600,9500,22200,14800,11900,79000,24000,25200,10000,16300,16800,6900,3900,7400,3400,1700,23200,44100,4500,1600
116.0,11.3,265700,3009098.0,11.3,11.29,11.28,11.27,11.26,11.25,11.24,11.23,11.22,11.21,11.31,11.32,11.33,11.34,11.35,11.36,11.37,11.38,11.39,11.4,88300,9500,22200,14800,11900,79000,24000,25200,10000,16300,16600,6700,3900,7400,3400,1700,23200,44100,4500,1600
117.0,11.3,265700,3009098.0,11.3,11.29,11.28,11.27,11.26,11.25,11.24,11.23,11.22,11.21,11.31,11.32,11.33,11.34,11.35,11.36,11.37,11.38,11.39,11.4,88300,9500,22200,16800,11900,79000,24000,25200,10000,16300,16100,6700,3900,7400,3400,1700,23200,44100,4500,1600
118.0,11.3,283200,3206873.0,11.3,11.29,11.28,11.27,11.26,11.25,11.24,11.23,11.22,11.21,11.31,11.32,11.33,11.34,11.35,11.36,11.37,11.38,11.39,11.4,73300,9500,22200,16800,11900,79000,24000,25200,10000,16300,14100,6700,3900,7400,3400,1700,23200,44100,4500,1600
119.0,11.3,284300,3219303.0,11.3,11.29,11.28,11.27,11.26,11.25,11.24,11.23,11.22,11.21,11.31,11.32,11.33,11.34,11.35,11.36,11.37,11.38,11.39,11.4,72200,9500,22200,16800,11900,79000,24000,25200,10000,16300,14100,6700,3900,7400,3400,1700,23200,44100,4500,1600
120.0,11.31,285100,3228351.0,11.3,11.29,11.28,11.27,11.26,11.25,11.24,11.23,11.22,11.21,11.31,11.32,11.33,11.34,11.35,11.36,11.37,11.38,11.39,11.4,72200,9500,22200,16800,11900,79000,24000,25200,10000,16300,13300,6700,3900,7400,3400,1700,23200,44100,4500,1600
121.0,11.3,346600,3923301.0,11.3,11.29,11.28,11.27,11.26,11.25,11.24,11.23,11.22,11.21,11.31,11.32,11.33,11.34,11.35,11.36,11.37,11.38,11.39,11.4,10700,9500,22200,16800,11900,79000,24000,25200,10000,16300,17600,8000,3900,7400,3400,1700,23200,44100,4500,1600
122.0,11.3,357400,4045341.0,11.29,11.28,11.27,11.26,11.25,11.24,11.23,11.22,11.21,11.2,11.3,11.31,11.32,11.33,11.34,11.35,11.36,11.37,11.38,11.39,9500,22200,16800,11900,79000,24000,26300,11100,17400,39400,21800,14200,8000,3900,7400,3400,1700,22700,44100,4500
123.0,11.3,359900,4073591.0,11.29,11.28,11.27,11.26,11.25,11.24,11.23,11.22,11.21,11.2,11.3,11.31,11.32,11.33,11.34,11.35,11.36,11.37,11.38,11.39,9500,22200,16800,11900,79000,24000,26300,11100,17400,39400,24600,14200,8000,3900,7400,3400,1700,22700,44100,4500
124.0,11.29,369400,4180846.0,11.28,11.27,11.26,11.25,11.24,11.23,11.22,11.21,11.2,11.19,11.29,11.3,11.31,11.32,11.33,11.34,11.35,11.36,11.37,11.38,22200,16800,11900,79000,24000,25200,11100,17400,40500,1700,3000,24600,15800,6400,3900,100,3400,1200,22700,44100
125.0,11.29,369400,4180846.0,11.28,11.27,11.26,11.25,11.24,11.23,11.22,11.21,11.2,11.19,11.29,11.3,11.31,11.32,11.33,11.34,11.35,11.36,11.37,11.38,23200,16800,11900,79000,24000,25200,11100,17400,40500,1700,5700,25700,16500,6400,3600,100,3400,1200,22700,44100
126.0,11.29,369400,4180846.0,11.28,11.27,11.26,11.25,11.24,11.23,11.22,11.21,11.2,11.19,11.29,11.3,11.31,11.32,11.33,11.34,11.35,11.36,11.37,11.38,23200,16800,11900,79000,24000,25200,11100,17400,40500,1700,7900,25700,16500,6400,3600,100,3400,1200,22700,44100
127.0,11.28,376200,4257557.0,11.28,11.27,11.26,11.25,11.24,11.23,11.22,11.21,11.2,11.19,11.29,11.3,11.31,11.32,11.33,11.34,11.35,11.36,11.37,11.38,17100,16800,11900,79000,24000,25200,11100,17400,40500,1700,11500,40800,16300,6400,3600,100,3400,1200,22700,44100
128.0,11.29,381700,4319605.0,11.28,11.27,11.26,11.25,11.24,11.23,11.22,11.21,11.2,11.19,11.29,11.3,11.31,11.32,11.33,11.34,11.35,11.36,11.37,11.38,12400,16800,11900,79000,24000,25200,10000,17400,40500,1700,6100,40800,16300,6400,3600,100,3400,1200,22700,44100
129.0,11.29,381700,4319605.0,11.28,11.27,11.26,11.25,11.24,11.23,11.22,11.21,11.2,11.19,11.29,11.3,11.31,11.32,11.33,11.34,11.35,11.36,11.37,11.38,12400,16800,11900,79000,24000,25200,10000,17400,40500,1700,6100,35500,16300,6400,3600,100,3400,1200,22700,44100
130.0,11.29,381700,4319605.0,11.28,11.27,11.26,11.25,11.24,11.23,11.22,11.21,11.2,11.19,11.29,11.3,11.31,11.32,11.33,11.34,11.35,11.36,11.37,11.38,12400,16800,11900,79000,24000,25200,10000,17400,40500,1700,6100,35500,16000,6400,3600,100,3400,1200,22700,44100
131.0,11.28,387600,4386163.0,11.28,11.27,11.26,11.25,11.24,11.23,11.22,11.21,11.2,11.19,11.29,11.3,11.31,11.32,11.33,11.34,11.35,11.36,11.37,11.38,7100,16800,14900,79000,24000,25200,10000,17400,40500,1700,5500,35500,16000,6400,3600,100,3400,1200,22700,44100
132.0,11.28,390200,4415491.0,11.28,11.27,11.26,11.25,11.24,11.23,11.22,11.21,11.2,11.19,11.29,11.3,11.31,11.32,11.33,11.34,11.35,11.36,11.37,11.38,4500,16800,14900,79000,24000,25200,10000,17400,40500,1700,5500,35500,16000,6400,3600,100,3400,1200,22700,44100
133.0,11.28,391200,4426771.0,11.28,11.27,11.26,11.25,11.24,11.23,11.22,11.21,11.2,11.19,11.29,11.3,11.31,11.32,11.33,11.34,11.35,11.36,11.37,11.38,3500,16800,14900,79200,24000,25200,10000,17400,40500,1700,5500,35500,16000,6400,3600,100,3400,1200,22700,44100
134.0,11.28,393600,4453848.0,11.28,11.27,11.26,11.25,11.24,11.23,11.22,11.21,11.2,11.19,11.29,11.3,11.31,11.32,11.33,11.34,11.35,11.36,11.37,11.38,1600,16800,14900,79200,24000,25200,10000,17400,40500,1700,5200,35200,16000,6400,3600,100,3400,1200,22700,44100
135.0,11.28,396200,4483186.0,11.27,11.26,11.25,11.24,11.23,11.22,11.21,11.2,11.19,11.18,11.28,11.29,11.3,11.31,11.32,11.33,11.34,11.35,11.36,11.37,17100,14900,79200,24000,25200,10000,17400,40500,1700,3700,2400,4200,35200,16000,800,3600,100,2900,1200,22700
136.0,11.28,396200,4483186.0,11.27,11.26,11.25,11.24,11.23,11.22,11.21,11.2,11.19,11.18,11.28,11.29,11.3,11.31,11.32,11.33,11.34,11.35,11.36,11.37,17100,14900,79200,24000,25200,10000,17400,40500,1700,3700,2400,4200,35200,16000,800,3600,100,2900,1200,22700
137.0,11.28,396400,4485442.0,11.27,11.26,11.25,11.24,11.23,11.22,11.21,11.2,11.19,11.18,11.28,11.29,11.3,11.31,11.32,11.33,11.34,11.35,11.36,11.37,17100,14900,79200,24000,25200,10000,17400,40500,1700,3700,2300,4200,35200,16000,800,3600,100,2900,1200,22700
138.0,11.27,398400,4507982.0,11.27,11.26,11.25,11.24,11.23,11.22,11.21,11.2,11.19,11.18,11.28,11.29,11.3,11.31,11.32,11.33,11.34,11.35,11.36,11.37,15100,14900,79200,24000,25200,10000,17400,40500,1700,3700,3100,4200,34200,16000,800,3600,100,2900,1200,22700
139.0,11.27,399200,4516998.0,11.27,11.26,11.25,11.24,11.23,11.22,11.21,11.2,11.19,11.18,11.28,11.29,11.3,11.31,11.32,11.33,11.34,11.35,11.36,11.37,14300,11700,79200,24000,25200,10000,17400,40500,1700,3700,2000,4200,34200,15400,800,3600,100,2900,1200,22700
140.0,11.28,400200,4528278.0,11.27,11.26,11.25,11.24,11.23,11.22,11.21,11.2,11.19,11.18,11.28,11.29,11.3,11.31,11.32,11.33,11.34,11.35,11.36,11.37,14300,11700,79200,24100,25200,10000,17400,40500,1700,3700,1000,4200,34200,15400,800,3600,100,2900,1200,22700
141.0,11.27,401100,4538422.0,11.27,11.26,11.25,11.24,11.23,11.22,11.21,11.2,11.19,11.18,11.28,11.29,11.3,11.31,11.32,11.33,11.34,11.35,11.36,11.37,13500,11700,79200,24100,25200,10000,17400,40500,1700,3700,900,4200,34200,15400,800,3600,100,700,1200,22700
142.0,11.27,401100,4538422.0,11.27,11.26,11.25,11.24,11.23,11.22,11.21,11.2,11.19,11.18,11.28,11.29,11.3,11.31,11.32,11.33,11.34,11.35,11.36,11.37,13500,11700,79200,24100,25200,10000,17400,40500,1700,3700,900,4200,34200,15400,800,3600,100,700,1200,22700
143.0,11.27,401700,4545184.0,11.27,11.26,11.25,11.24,11.23,11.22,11.21,11.2,11.19,11.18,11.28,11.29,11.3,11.31,11.32,11.33,11.34,11.35,11.36,11.37,12900,11700,79200,24100,25200,10000,17400,40500,1700,3700,900,4200,34200,13800,800,3600,100,700,1200,22700
144.0,11.27,401700,4545184.0,11.27,11.26,11.25,11.24,11.23,11.22,11.21,11.2,11.19,11.18,11.28,11.29,11.3,11.31,11.32,11.33,11.34,11.35,11.36,11.37,13800,11700,79200,24100,25200,10000,17400,40500,1700,3700,900,4200,34200,13800,800,3600,100,700,1200,22700
145.0,11.28,402400,4553078.0,11.27,11.26,11.25,11.24,11.23,11.22,11.21,11.2,11.19,11.18,11.28,11.29,11.3,11.31,11.32,11.33,11.34,11.35,11.36,11.37,13600,11700,81900,24100,25200,10000,22400,40500,1700,3700,1500,4200,34200,13800,800,3600,100,700,1200,22700
146.0,11.28,402400,4553078.0,11.27,11.26,11.25,11.24,11.23,11.22,11.21,11.2,11.19,11.18,11.28,11.29,11.3,11.31,11.32,11.33,11.34,11.35,11.36,11.37,13600,11700,81900,24100,25200,10000,22400,40500,1700,3700,1500,4200,34200,13800,800,3600,100,700,1200,22700
147.0,11.27,408300,4619574.0,11.27,11.26,11.25,11.24,11.23,11.22,11.21,11.2,11.19,11.18,11.28,11.29,11.3,11.31,11.32,11.33,11.34,11.35,11.36,11.37,8000,11700,81900,24100,25200,10000,22400,40500,1700,3700,1200,7700,34200,13800,800,3600,100,700,1200,22700
148.0,11.28,408600,4622958.0,11.27,11.26,11.25,11.24,11.23,11.22,11.21,11.2,11.19,11.18,11.28,11.29,11.3,11.31,11.32,11.33,11.34,11.35,11.36,11.37,8000,11700,81900,29100,25200,10000,22400,40500,1700,3700,900,7700,34200,13800,800,3600,100,700,1200,22700
149.0,11.27,409400,4631974.0,11.27,11.26,11.25,11.24,11.23,11.22,11.21,11.2,11.19,11.18,11.28,11.29,11.3,11.31,11.32,11.33,11.34,11.35,11.36,11.37,7200,11700,84900,27300,25200,10000,22400,40500,1700,3700,1200,7700,34200,13800,800,3600,100,700,1200,22700
150.0,11.27,411200,4652260.0,11.27,11.26,11.25,11.24,11.23,11.22,11.21,11.2,11.19,11.18,11.28,11.29,11.3,11.31,11.32,11.33,11.34,11.35,11.36,11.37,5400,10700,84900,27300,25200,10000,22400,40500,1700,3700,1200,7700,34200,13800,800,3600,100,700,1200,22700
151.0,11.27,416700,4714246.0,11.26,11.25,11.24,11.23,11.22,11.21,11.2,11.19,11.18,11.16,11.27,11.28,11.29,11.3,11.31,11.32,11.33,11.34,11.35,11.36,10700,84900,27300,25200,10000,22400,40500,1700,3700,3100,3600,3200,7700,34200,13800,800,3600,100,700,1200
152.0,11.27,422000,4773977.0,11.27,11.26,11.25,11.24,11.23,11.22,11.21,11.2,11.19,11.18,11.28,11.29,11.3,11.31,11.32,11.33,11.34,11.35,11.36,11.37,900,11200,84900,27300,25200,10000,22400,40500,1700,3700,4800,7700,34200,11700,800,3600,100,700,1200,22700
153.0,11.27,422900,4784120.0,11.26,11.25,11.24,11.23,11.22,11.21,11.2,11.19,11.18,11.16,11.27,11.28,11.29,11.3,11.31,11.32,11.33,11.34,11.35,11.36,11200,84900,27300,25200,10000,22400,40500,1700,3700,3100,2700,4800,7700,34200,11700,800,3600,100,700,1200
154.0,11.27,426400,4823531.0,11.26,11.25,11.24,11.23,11.22,11.21,11.2,11.19,11.18,11.16,11.27,11.28,11.29,11.3,11.31,11.32,11.33,11.34,11.35,11.36,7800,84900,27300,25200,10000,22400,40500,1700,3700,3100,2600,4800,7700,34200,11700,800,3600,100,700,1200
155.0,11.27,426600,4825785.0,11.26,11.25,11.24,11.23,11.22,11.21,11.2,11.19,11.18,11.16,11.27,11.28,11.29,11.3,11.31,11.32,11.33,11.34,11.35,11.36,7800,84900,27300,25200,10000,22400,60300,1700,3700,3100,1700,4800,7700,34200,11700,800,3500,100,700,1200
156.0,11.27,430100,4865223.0,11.26,11.25,11.24,11.23,11.22,11.21,11.2,11.19,11.18,11.16,11.27,11.28,11.29,11.3,11.31,11.32,11.33,11.34,11.35,11.36,6100,84900,27300,25200,10000,22400,60300,1700,3700,3100,500,4800,7700,34200,11700,800,3500,100,700,1200
157.0,11.27,430100,4865223.0,11.26,11.25,11.24,11.23,11.22,11.21,11.2,11.19,11.18,11.16,11.27,11.28,11.29,11.3,11.31,11.32,11.33,11.34,11.35,11.36,6100,84900,27300,25200,10000,22400,60300,1700,6700,3100,500,4800,7700,34200,11700,800,3500,100,700,1200
158.0,11.27,430400,4868604.0,11.26,11.25,11.24,11.23,11.22,11.21,11.2,11.19,11.18,11.16,11.27,11.28,11.29,11.3,11.31,11.32,11.33,11.34,11.35,11.36,7100,85900,27300,26200,10000,23400,60300,1700,6700,3100,5300,5800,7700,34200,11700,800,3500,100,700,1200
159.0,11.27,431400,4879874.0,11.26,11.25,11.24,11.23,11.22,11.21,11.2,11.19,11.18,11.16,11.27,11.28,11.29,11.3,11.31,11.32,11.33,11.34,11.35,11.36,9100,85900,27300,26200,10000,23400,60300,1700,6700,3100,4300,5800,7700,34200,11700,800,3500,100,700,1200
160.0,11.27,431700,4883255.0,11.26,11.25,11.24,11.23,11.22,11.21,11.2,11.19,11.18,11.16,11.27,11.28,11.29,11.3,11.31,11.32,11.33,11.34,11.35,11.36,8200,85900,27300,26200,10000,23400,60300,1700,6700,3100,4000,5800,7700,34200,11700,800,3500,100,700,2100
161.0,11.27,434300,4912557.0,11.26,11.25,11.24,11.23,11.22,11.21,11.2,11.19,11.18,11.16,11.27,11.28,11.29,11.3,11.31,11.32,11.33,11.34,11.35,11.36,8600,85900,27300,26200,11000,23400,60300,1700,6700,3100,1400,5800,7700,34200,11700,800,3500,100,700,2100
162.0,11.26,436100,4932826.0,11.26,11.25,11.24,11.23,11.22,11.21,11.2,11.19,11.18,11.16,11.27,11.28,11.29,11.3,11.31,11.32,11.33,11.34,11.35,11.36,6900,87200,27300,26200,11000,23400,60300,1700,6700,3100,1300,5800,7700,34200,11700,800,3500,100,700,2100
163.0,11.26,436700,4939582.0,11.26,11.25,11.24,11.23,11.22,11.21,11.2,11.19,11.18,11.16,11.27,11.28,11.29,11.3,11.31,11.32,11.33,11.34,11.35,11.36,6300,87200,27300,26200,11000,23400,60300,1700,6700,3100,1300,5800,7700,34200,11700,800,3500,100,700,2100
164.0,11.26,437900,4953099.0,11.26,11.25,11.24,11.23,11.22,11.21,11.2,11.19,11.18,11.16,11.27,11.28,11.29,11.3,11.31,11.32,11.33,11.34,11.35,11.36,5600,87200,27300,26200,13000,23400,60300,1700,6700,3100,800,5800,7700,34200,11700,800,3500,100,700,2100
165.0,11.28,438900,4964371.0,11.26,11.25,11.24,11.23,11.22,11.21,11.2,11.19,11.18,11.16,11.28,11.29,11.3,11.31,11.32,11.33,11.34,11.35,11.36,11.37,5600,87200,27300,26200,13000,23400,60300,1700,6700,3100,5600,7700,34200,11700,800,3500,100,700,2100,22300
166.0,11.28,439400,4970011.0,11.26,11.25,11.24,11.23,11.22,11.21,11.2,11.19,11.18,11.16,11.28,11.29,11.3,11.31,11.32,11.33,11.34,11.35,11.36,11.37,9900,90000,27300,26200,13000,23400,60300,1700,6700,3100,9400,7700,34200,11700,800,3500,100,700,2100,22300
167.0,11.28,439400,4970011.0,11.26,11.25,11.24,11.23,11.22,11.21,11.2,11.19,11.18,11.16,11.28,11.29,11.3,11.31,11.32,11.33,11.34,11.35,11.36,11.37,11500,93000,27300,26200,13000,23400,60300,1700,6700,3100,10500,7700,34200,11700,800,3500,100,700,2100,22300
168.0,11.28,439400,4970011.0,11.27,11.26,11.25,11.24,11.23,11.22,11.21,11.2,11.19,11.18,11.28,11.29,11.3,11.31,11.32,11.33,11.34,11.35,11.36,11.37,200,16900,93000,29300,26200,13000,23400,60300,1700,6700,14400,7700,34200,11700,1900,3500,100,700,2100,22300
169.0,11.28,440200,4979035.0,11.27,11.26,11.25,11.24,11.23,11.22,11.21,11.2,11.19,11.18,11.28,11.29,11.3,11.31,11.32,11.33,11.34,11.35,11.36,11.37,1200,18800,93000,24300,26200,14000,23400,60300,1700,7000,14700,7700,34200,100,1900,3500,100,700,2100,22300
170.0,11.28,440200,4979035.0,11.27,11.26,11.25,11.24,11.23,11.22,11.21,11.2,11.19,11.18,11.28,11.29,11.3,11.31,11.32,11.33,11.34,11.35,11.36,11.37,1300,21300,93000,24300,26200,14000,23400,60300,1700,7000,13600,7700,34200,100,1100,3500,100,700,2100,22300
171.0,11.27,442000,4999338.0,11.27,11.26,11.25,11.24,11.23,11.22,11.21,11.2,11.19,11.18,11.28,11.29,11.3,11.31,11.32,11.33,11.34,11.35,11.36,11.37,2400,24300,93000,24300,26200,14000,23400,60300,1700,7000,11900,7700,34200,100,1100,3500,100,700,2100,22300
172.0,11.26,478300,5408120.0,11.27,11.26,11.25,11.24,11.23,11.22,11.21,11.2,11.19,11.18,11.28,11.29,11.3,11.31,11.32,11.33,11.34,11.35,11.36,11.37,5700,4300,102500,24300,26200,14000,23400,60300,1700,7000,12000,3900,34200,100,1100,3500,100,700,2100,22300
173.0,11.28,479100,5417144.0,11.27,11.26,11.25,11.24,11.23,11.22,11.21,11.2,11.19,11.18,11.28,11.29,11.3,11.31,11.32,11.33,11.34,11.35,11.36,11.37,5700,16400,102500,24300,26200,14000,23400,60800,1700,7000,10800,3900,34200,100,1100,3500,100,700,2100,22300
174.0,11.27,480000,5427287.0,11.27,11.26,11.25,11.24,11.23,11.22,11.21,11.2,11.19,11.18,11.28,11.29,11.3,11.31,11.32,11.33,11.34,11.35,11.36,11.37,4800,18400,102000,24300,26200,14000,23400,60800,1700,7000,10800,3900,34200,100,1100,3500,100,700,2100,22300
175.0,11.27,480000,5427287.0,11.27,11.26,11.25,11.24,11.23,11.22,11.21,11.2,11.19,11.18,11.28,11.29,11.3,11.31,11.32,11.33,11.34,11.35,11.36,11.37,4800,20900,102000,24300,26200,14000,23400,60800,1700,7000,10800,3900,34200,100,1100,3500,100,700,2100,22300
176.0,11.28,480800,5436311.0,11.27,11.26,11.25,11.24,11.23,11.22,11.21,11.2,11.19,11.18,11.28,11.29,11.3,11.31,11.32,11.33,11.34,11.35,11.36,11.37,6200,25900,103000,24300,26900,14000,23400,60800,1700,7000,10000,3900,34200,100,1100,3500,100,700,2100,22300
177.0,11.27,480900,5437438.0,11.27,11.26,11.25,11.24,11.23,11.22,11.21,11.2,11.19,11.18,11.28,11.29,11.3,11.31,11.32,11.33,11.34,11.35,11.36,11.37,6100,25900,103000,25300,26900,14000,23400,60800,1700,7000,10000,3900,34200,100,1100,3500,100,700,2100,22300
178.0,11.28,483700,5469022.0,11.27,11.26,11.25,11.24,11.23,11.22,11.21,11.2,11.19,11.18,11.28,11.29,11.3,11.31,11.32,11.33,11.34,11.35,11.36,11.37,6100,37600,103000,25300,26900,14000,23400,60800,1700,7000,7200,3900,34200,100,1100,3500,100,700,3200,22300
179.0,11.27,485800,5492689.0,11.27,11.26,11.25,11.24,11.23,11.22,11.21,11.2,11.19,11.18,11.28,11.29,11.3,11.31,11.32,11.33,11.34,11.35,11.36,11.37,4200,37600,103500,25300,26900,14900,23400,60800,1700,7000,7200,3900,34200,100,1100,3500,100,700,3200,22300
180.0,11.27,488800,5526506.0,11.27,11.26,11.25,11.24,11.23,11.22,11.21,11.2,11.19,11.18,11.28,11.29,11.3,11.31,11.32,11.33,11.34,11.35,11.36,11.37,4000,38600,103500,25300,26900,14900,23400,60800,1700,7000,6500,3900,34200,100,1100,3500,100,700,3200,22300
181.0,11.27,488800,5526506.0,11.27,11.26,11.25,11.24,11.23,11.22,11.21,11.2,11.19,11.18,11.28,11.29,11.3,11.31,11.32,11.33,11.34,11.35,11.36,11.37,4000,38600,103500,25300,26900,14900,23400,60800,1700,7000,6500,3900,16200,100,1100,3500,100,700,3200,22300
182.0,11.28,489300,5532146.0,11.27,11.26,11.25,11.24,11.23,11.22,11.21,11.2,11.19,11.18,11.28,11.29,11.3,11.31,11.32,11.33,11.34,11.35,11.36,11.37,4500,38600,103500,25300,26900,14900,23400,60800,1700,7000,13800,3900,16200,100,1100,3500,100,700,3200,22300
183.0,11.28,492300,5565986.0,11.27,11.26,11.25,11.24,11.23,11.22,11.21,11.2,11.19,11.18,11.28,11.29,11.3,11.31,11.32,11.33,11.34,11.35,11.36,11.37,6500,38600,103500,25300,26900,14900,23400,60800,1700,7000,10800,3900,16200,100,1100,3500,100,700,3200,22300
184.0,11.28,492300,5565986.0,11.27,11.26,11.25,11.24,11.23,11.22,11.21,11.2,11.19,11.18,11.28,11.29,11.3,11.31,11.32,11.33,11.34,11.35,11.36,11.37,6500,38600,103900,25300,26900,14900,23400,60800,1700,7000,10800,3900,16200,100,1100,3500,100,700,3200,22300
185.0,11.28,492300,5565986.0,11.27,11.26,11.25,11.24,11.23,11.22,11.21,11.2,11.19,11.18,11.28,11.29,11.3,11.31,11.32,11.33,11.34,11.35,11.36,11.37,6500,40700,103900,25300,26900,14900,23400,60800,1700,7000,10900,3900,16200,100,1100,3500,100,700,3200,22300
186.0,11.28,493100,5575010.0,11.27,11.26,11.25,11.24,11.23,11.22,11.21,11.2,11.19,11.18,11.28,11.29,11.3,11.31,11.32,11.33,11.34,11.35,11.36,11.37,6500,42700,103900,25300,26900,14900,23400,60800,1700,7000,10100,3900,16200,100,1100,3500,100,700,3200,22300
187.0,11.28,493900,5584034.0,11.27,11.26,11.25,11.24,11.23,11.22,11.21,11.2,11.19,11.18,11.28,11.29,11.3,11.31,11.32,11.33,11.34,11.35,11.36,11.37,8500,42700,103900,25300,26900,14900,23400,60800,1700,7000,9300,3900,16200,100,1100,3500,100,700,4700,22300
188.0,11.28,493900,5584034.0,11.27,11.26,11.25,11.24,11.23,11.22,11.21,11.2,11.19,11.18,11.28,11.29,11.3,11.31,11.32,11.33,11.34,11.35,11.36,11.37,21500,42700,103900,25300,26900,14900,23400,60800,1700,7000,9400,3900,16200,100,1100,3500,100,700,4700,22300
189.0,11.28,497500,5624632.0,11.27,11.26,11.25,11.24,11.23,11.22,11.21,11.2,11.19,11.18,11.28,11.29,11.3,11.31,11.32,11.33,11.34,11.35,11.36,11.37,20500,43700,103900,25300,26900,14900,23400,60800,1700,7000,7200,3900,16300,100,1100,3500,100,700,4700,22300
190.0,11.27,500200,5655070.0,11.27,11.26,11.25,11.24,11.23,11.22,11.21,11.2,11.19,11.18,11.28,11.29,11.3,11.31,11.32,11.33,11.34,11.35,11.36,11.37,18700,43700,103900,25800,26900,14900,23400,60800,1700,7000,6300,3900,16300,100,1100,3500,100,700,4700,22300
191.0,11.27,500200,5655070.0,11.27,11.26,11.25,11.24,11.23,11.22,11.21,11.2,11.19,11.18,11.28,11.29,11.3,11.31,11.32,11.33,11.34,11.35,11.36,11.37,20400,44700,103900,25800,26900,14900,23400,60800,1700,7000,5800,3900,16300,100,1100,3500,100,700,4700,22300
192.0,11.27,500200,5655070.0,11.27,11.26,11.25,11.24,11.23,11.22,11.21,11.2,11.19,11.18,11.28,11.29,11.3,11.31,11.32,11.33,11.34,11.35,11.36,11.37,20400,45500,103900,25800,26900,14900,23400,60800,1700,7000,5800,3900,16300,100,1100,3500,100,700,4700,22300
193.0,11.28,500700,5660710.0,11.27,11.26,11.25,11.24,11.23,11.22,11.21,11.2,11.19,11.18,11.28,11.29,11.3,11.31,11.32,11.33,11.34,11.35,11.36,11.37,20900,45500,103600,25800,26900,14900,23400,63800,1700,7000,5300,3900,16300,100,1100,3500,100,700,4700,22300
194.0,11.28,502700,5683270.0,11.27,11.26,11.25,11.24,11.23,11.22,11.21,11.2,11.19,11.18,11.28,11.29,11.3,11.31,11.32,11.33,11.34,11.35,11.36,11.37,23100,49200,103600,25800,26900,14900,23400,63800,1700,7000,5000,3900,16300,100,1100,3500,100,700,4700,22300
195.0,11.28,502700,5683270.0,11.27,11.26,11.25,11.24,11.23,11.22,11.21,11.2,11.19,11.18,11.28,11.29,11.3,11.31,11.32,11.33,11.34,11.35,11.36,11.37,25300,47200,103600,25800,26900,14900,23400,63800,1700,7000,5000,3900,16300,100,1100,3500,100,700,4700,22300
196.0,11.28,502700,5683270.0,11.27,11.26,11.25,11.24,11.23,11.22,11.21,11.2,11.19,11.18,11.28,11.29,11.3,11.31,11.32,11.33,11.34,11.35,11.36,11.37,25300,47200,103600,25800,26900,14900,23400,63800,1700,7000,5000,3900,16300,100,1100,3500,100,700,4700,22300
197.0,11.28,504200,5700190.0,11.27,11.26,11.25,11.24,11.23,11.22,11.21,11.2,11.19,11.18,11.28,11.29,11.3,11.31,11.32,11.33,11.34,11.35,11.36,11.37,25300,47200,103600,25800,26900,14900,23400,63800,1700,7000,3500,3900,16300,100,1100,3500,100,700,4700,22300
198.0,11.28,506300,5723878.0,11.27,11.26,11.25,11.24,11.23,11.22,11.21,11.2,11.19,11.18,11.28,11.29,11.3,11.31,11.32,11.33,11.34,11.35,11.36,11.37,26300,47200,103900,25800,26900,14900,23400,63800,1700,7000,1400,3900,16300,100,1100,3500,100,700,4700,22300
199.0,11.28,506300,5723878.0,11.27,11.26,11.25,11.24,11.23,11.22,11.21,11.2,11.19,11.18,11.28,11.29,11.3,11.31,11.32,11.33,11.34,11.35,11.36,11.37,26300,50200,105900,25800,26900,14900,23400,63800,1700,7000,1400,3900,16300,100,1100,3500,100,700,4700,22300
200.0,11.28,506500,5726134.0,11.27,11.26,11.25,11.24,11.23,11.22,11.21,11.2,11.19,11.18,11.28,11.29,11.3,11.31,11.32,11.33,11.34,11.35,11.36,11.37,26300,50200,104900,25800,26900,14900,23400,63800,1700,7000,1200,3900,16300,100,1100,3500,100,700,4700,22300
201.0,11.28,507700,5739670.0,11.28,11.27,11.26,11.25,11.24,11.23,11.22,11.21,11.2,11.19,11.29,11.3,11.31,11.32,11.33,11.34,11.35,11.36,11.37,11.38,1800,28300,50200,105400,25800,26900,14900,23400,63800,1700,3900,16300,100,1100,3500,100,700,4700,22300,8800
202.0,11.27,509600,5761101.0,11.28,11.27,11.26,11.25,11.24,11.23,11.22,11.21,11.2,11.19,11.29,11.3,11.31,11.32,11.33,11.34,11.35,11.36,11.37,11.38,100,28300,50200,105400,25800,26900,14900,23400,63800,1700,3900,16300,100,1100,3500,100,700,4700,22300,8800
203.0,11.27,510300,5768991.0,11.27,11.26,11.25,11.24,11.23,11.22,11.21,11.2,11.19,11.18,11.28,11.29,11.3,11.31,11.32,11.33,11.34,11.35,11.36,11.37,27700,51200,105400,25800,26900,14900,23400,63800,1700,7000,500,3900,16300,100,1100,3500,100,700,4700,22300
204.0,11.28,510400,5770119.0,11.27,11.26,11.25,11.24,11.23,11.22,11.21,11.2,11.19,11.18,11.28,11.29,11.3,11.31,11.32,11.33,11.34,11.35,11.36,11.37,27700,48800,107400,25800,26900,14900,23400,63800,1700,7000,400,3900,16300,100,1100,3500,100,700,4700,22300
205.0,11.28,510400,5770119.0,11.27,11.26,11.25,11.24,11.23,11.22,11.21,11.2,11.19,11.18,11.28,11.29,11.3,11.31,11.32,11.33,11.34,11.35,11.36,11.37,27700,48800,107400,25800,26900,14900,23400,63800,1700,7000,400,3900,16300,100,1100,3500,100,700,4700,22300
206.0,11.27,511300,5780262.0,11.27,11.26,11.25,11.24,11.23,11.22,11.21,11.2,11.19,11.18,11.28,11.29,11.3,11.31,11.32,11.33,11.34,11.35,11.36,11.37,26800,48800,107400,25800,26900,14900,23400,63800,1700,7000,400,3900,16300,100,1100,3500,100,700,4700,22300
207.0,11.27,511300,5780262.0,11.27,11.26,11.25,11.24,11.23,11.22,11.21,11.2,11.19,11.18,11.28,11.29,11.3,11.31,11.32,11.33,11.34,11.35,11.36,11.37,26800,49500,107400,25800,26900,14900,23400,63800,1700,7000,400,3900,16300,100,1100,3500,100,700,4700,22300
208.0,11.27,511300,5780262.0,11.27,11.26,11.25,11.24,11.23,11.22,11.21,11.2,11.19,11.18,11.28,11.29,11.3,11.31,11.32,11.33,11.34,11.35,11.36,11.37,29800,50000,107400,25800,26900,14900,23400,63800,1700,6000,400,3900,16300,100,1100,3500,100,700,4700,22300
209.0,11.27,511300,5780262.0,11.27,11.26,11.25,11.24,11.23,11.22,11.21,11.2,11.19,11.18,11.28,11.29,11.3,11.31,11.32,11.33,11.34,11.35,11.36,11.37,30600,55000,108900,25800,26900,14900,23400,63800,1700,6000,400,3900,16300,100,1100,3500,100,700,4700,22300
210.0,11.27,511300,5780262.0,11.27,11.26,11.25,11.24,11.23,11.22,11.21,11.2,11.19,11.18,11.28,11.29,11.3,11.31,11.32,11.33,11.34,11.35,11.36,11.37,30900,55000,108900,25800,26900,12300,23400,63800,1700,6000,400,3900,16300,100,1100,3500,100,700,4700,22300
211.0,11.27,511400,5781389.0,11.27,11.26,11.25,11.24,11.23,11.22,11.21,11.2,11.19,11.18,11.28,11.29,11.3,11.31,11.32,11.33,11.34,11.35,11.36,11.37,30800,55000,108900,30800,26900,12300,23400,63800,1700,6000,400,3900,16300,100,1100,3500,100,700,4700,22300
212.0,11.27,511400,5781389.0,11.27,11.26,11.25,11.24,11.23,11.22,11.21,11.2,11.19,11.18,11.28,11.29,11.3,11.31,11.32,11.33,11.34,11.35,11.36,11.37,30800,55000,108900,30800,26900,12300,23900,63800,1700,6000,400,3900,16300,100,1100,3500,100,700,4700,22300
213.0,11.27,511400,5781389.0,11.27,11.26,11.25,11.24,11.23,11.22,11.21,11.2,11.19,11.18,11.28,11.29,11.3,11.31,11.32,11.33,11.34,11.35,11.36,11.37,30800,56100,109000,30800,26900,12300,23900,66800,1700,6000,400,3900,16300,100,1100,3500,100,700,4700,22300
214.0,11.27,511400,5781389.0,11.27,11.26,11.25,11.24,11.23,11.22,11.21,11.2,11.19,11.18,11.28,11.29,11.3,11.31,11.32,11.33,11.34,11.35,11.36,11.37,31300,56100,109000,30800,26900,12300,23900,66800,1700,6000,400,3900,16300,100,1100,3500,100,700,4700,22300
215.0,11.27,511400,5781389.0,11.27,11.26,11.25,11.24,11.23,11.22,11.21,11.2,11.19,11.18,11.28,11.29,11.3,11.31,11.32,11.33,11.34,11.35,11.36,11.37,31300,56100,111000,30800,26900,12300,23900,66800,1700,6000,400,3900,16300,100,1100,3500,100,700,4700,22300
216.0,11.27,523600,5918982.0,11.28,11.27,11.26,11.25,11.24,11.23,11.22,11.21,11.2,11.19,11.29,11.3,11.31,11.32,11.33,11.34,11.35,11.36,11.37,11.38,10000,29200,61100,111000,30800,26900,12300,23900,66800,1700,4700,16300,100,1100,3500,100,700,4700,22300,8000
217.0,11.27,558900,6316923.0,11.27,11.26,11.25,11.24,11.23,11.22,11.21,11.2,11.19,11.18,11.29,11.3,11.31,11.32,11.33,11.34,11.35,11.36,11.37,11.38,5000,59700,108600,30800,26900,12300,23900,66800,1700,6000,4700,16300,100,1100,3500,100,700,4700,22300,8000
218.0,11.27,562700,6359793.0,11.27,11.26,11.25,11.24,11.23,11.22,11.21,11.2,11.19,11.18,11.29,11.3,11.31,11.32,11.33,11.34,11.35,11.36,11.37,11.38,10700,65700,108600,30800,26900,12300,23900,66800,1700,6000,3600,16300,100,1100,3500,100,700,4700,22300,8000
219.0,11.27,562700,6359793.0,11.28,11.27,11.26,11.25,11.24,11.23,11.22,11.21,11.2,11.19,11.29,11.3,11.31,11.32,11.33,11.34,11.35,11.36,11.37,11.38,500,11500,65700,108600,30800,26900,12300,23900,66800,1700,4400,16300,100,1100,3500,100,700,4700,22300,8000
220.0,11.29,563100,6364309.0,11.28,11.27,11.26,11.25,11.24,11.23,11.22,11.21,11.2,11.19,11.29,11.3,11.31,11.32,11.33,11.34,11.35,11.36,11.37,11.38,1000,11500,65700,108600,30800,26900,12300,23900,66800,1700,4000,16300,100,1100,3500,100,700,4700,22300,8000
221.0,11.28,564700,6382357.0,11.28,11.27,11.26,11.25,11.24,11.23,11.22,11.21,11.2,11.19,11.29,11.3,11.31,11.32,11.33,11.34,11.35,11.36,11.37,11.38,1400,12000,65700,108600,30800,26900,12300,23900,66800,1700,5800,16300,100,1100,3500,100,700,4700,22300,8000
222.0,11.28,566600,6403794.0,11.27,11.26,11.25,11.24,11.23,11.22,11.21,11.2,11.19,11.18,11.29,11.3,11.31,11.32,11.33,11.34,11.35,11.36,11.37,11.38,12000,70200,111200,30800,26900,12300,23900,66800,1700,6000,5300,16300,100,1100,3500,100,700,4700,22300,8000
223.0,11.29,567100,6409439.0,11.27,11.26,11.25,11.24,11.23,11.22,11.21,11.2,11.19,11.18,11.28,11.29,11.3,11.31,11.32,11.33,11.34,11.35,11.36,11.37,13000,70200,111200,30800,26900,12300,23900,66800,1700,6000,800,5800,16300,100,1100,3500,100,700,4700,22300
224.0,11.29,567100,6409439.0,11.27,11.26,11.25,11.24,11.23,11.22,11.21,11.2,11.19,11.18,11.28,11.29,11.3,11.31,11.32,11.33,11.34,11.35,11.36,11.37,14000,70200,111200,30800,26900,13300,23900,66800,1700,6000,800,6500,16300,100,1100,3500,100,700,4700,22300
225.0,11.29,567100,6409439.0,11.27,11.26,11.25,11.24,11.23,11.22,11.21,11.2,11.19,11.18,11.28,11.29,11.3,11.31,11.32,11.33,11.34,11.35,11.36,11.37,14000,70200,111200,30800,26900,13300,23900,66800,1700,6000,800,6500,16300,100,1100,3500,100,700,4700,22300
226.0,11.28,567200,6410567.0,11.27,11.26,11.25,11.24,11.23,11.22,11.21,11.2,11.19,11.18,11.28,11.29,11.3,11.31,11.32,11.33,11.34,11.35,11.36,11.37,16900,70200,111200,30800,26900,13300,23900,66800,1700,6000,700,6500,16300,100,1100,3500,100,700,4700,22300
227.0,11.28,567200,6410567.0,11.27,11.26,11.25,11.24,11.23,11.22,11.21,11.2,11.19,11.18,11.28,11.29,11.3,11.31,11.32,11.33,11.34,11.35,11.36,11.37,16900,70200,111200,30800,26900,13300,23900,66800,1700,6000,700,6500,16300,100,1100,3500,100,700,4700,22300
228.0,11.28,567200,6410567.0,11.27,11.26,11.25,11.24,11.23,11.22,11.21,11.2,11.19,11.18,11.28,11.29,11.3,11.31,11.32,11.33,11.34,11.35,11.36,11.37,24900,70200,111200,30800,26900,13300,23900,66800,1700,6000,700,6500,16300,100,1100,3500,100,700,4700,22300
229.0,11.28,567200,6410567.0,11.27,11.26,11.25,11.24,11.23,11.22,11.21,11.2,11.19,11.18,11.28,11.29,11.3,11.31,11.32,11.33,11.34,11.35,11.36,11.37,26900,70200,111200,30800,26900,13300,23900,66800,1700,6000,700,6500,17200,100,1100,3500,100,700,4700,22300
230.0,11.28,567300,6411695.0,11.27,11.26,11.25,11.24,11.23,11.22,11.21,11.2,11.19,11.18,11.28,11.29,11.3,11.31,11.32,11.33,11.34,11.35,11.36,11.37,26900,75200,111200,32600,26900,14300,23900,66800,1700,6000,2700,6500,17200,100,1100,3500,100,700,4700,22300
231.0,11.28,567300,6411695.0,11.27,11.26,11.25,11.24,11.23,11.22,11.21,11.2,11.19,11.18,11.28,11.29,11.3,11.31,11.32,11.33,11.34,11.35,11.36,11.37,26900,75200,108200,32600,26900,14300,23900,66800,1700,6000,2700,6500,17200,100,1100,3500,100,700,4700,22300
232.0,11.28,567300,6411695.0,11.27,11.26,11.25,11.24,11.23,11.22,11.21,11.2,11.19,11.18,11.28,11.29,11.3,11.31,11.32,11.33,11.34,11.35,11.36,11.37,26900,75200,108200,32600,26900,14300,23900,66800,1700,6000,2700,6500,17200,100,1100,3500,100,700,4700,22300
233.0,11.28,567300,6411695.0,11.27,11.26,11.25,11.24,11.23,11.22,11.21,11.2,11.19,11.18,11.28,11.29,11.3,11.31,11.32,11.33,11.34,11.35,11.36,11.37,26900,75200,108200,32600,26900,14300,25700,66800,1700,6000,2700,6500,17200,100,1100,3500,100,700,4700,22300
234.0,11.27,568300,6422972.0,11.27,11.26,11.25,11.24,11.23,11.22,11.21,11.2,11.19,11.18,11.28,11.29,11.3,11.31,11.32,11.33,11.34,11.35,11.36,11.37,26600,75500,108200,32600,26900,14300,25700,66800,1700,6000,2000,6500,17200,100,1100,3500,100,700,4700,22300
235.0,11.27,572900,6474859.0,11.27,11.26,11.25,11.24,11.23,11.22,11.21,11.2,11.19,11.18,11.29,11.3,11.31,11.32,11.33,11.34,11.35,11.36,11.37,11.38,27500,76500,108200,32600,26900,14300,25700,66800,1700,6000,6500,17200,100,1100,3500,100,700,4700,22300,8000
236.0,11.27,572900,6474859.0,11.27,11.26,11.25,11.24,11.23,11.22,11.21,11.2,11.19,11.18,11.29,11.3,11.31,11.32,11.33,11.34,11.35,11.36,11.37,11.38,27500,76500,108200,32600,26900,14300,25700,66800,1700,6000,6500,17200,100,1100,3500,100,700,4700,22300,8000
237.0,11.29,574100,6488407.0,11.27,11.26,11.25,11.24,11.23,11.22,11.21,11.2,11.19,11.18,11.28,11.29,11.3,11.31,11.32,11.33,11.34,11.35,11.36,11.37,30700,79500,108200,32600,26900,14300,26700,66800,1700,6000,200,8500,17200,100,1100,3500,100,700,4700,22300
238.0,11.29,574100,6488407.0,11.27,11.26,11.25,11.24,11.23,11.22,11.21,11.2,11.19,11.18,11.28,11.29,11.3,11.31,11.32,11.33,11.34,11.35,11.36,11.37,31700,81600,108200,32600,26900,14300,26700,66800,1700,6000,200,8500,17200,100,1100,3500,100,700,4700,22300
239.0,11.28,577300,6524472.0,11.27,11.26,11.25,11.24,11.23,11.22,11.21,11.2,11.19,11.18,11.28,11.29,11.3,11.31,11.32,11.33,11.34,11.35,11.36,11.37,28600,82600,108200,32600,26900,14300,26600,66800,1700,6800,100,8500,17200,100,1100,3500,100,700,3600,22300
240.0,11.28,577300,6524472.0,11.27,11.26,11.25,11.24,11.23,11.22,11.21,11.2,11.19,11.18,11.28,11.29,11.3,11.31,11.32,11.33,11.34,11.35,11.36,11.37,28600,83600,108200,32600,26900,14300,26600,66800,1700,6800,100,8500,17200,100,1100,3500,100,700,3600,22300
241.0,11.28,577300,6524472.0,11.27,11.26,11.25,11.24,11.23,11.22,11.21,11.2,11.19,11.18,11.28,11.29,11.3,11.31,11.32,11.33,11.34,11.35,11.36,11.37,28600,83600,108200,32600,26900,14300,26600,66800,1700,6800,100,8500,17200,100,1100,3500,100,700,3600,22300
242.0,11.28,577400,6525600.0,11.28,11.27,11.26,11.25,11.24,11.23,11.22,11.21,11.2,11.19,11.29,11.3,11.31,11.32,11.33,11.34,11.35,11.36,11.37,11.38,900,29100,83600,108200,32600,26900,14300,26600,66800,1700,8500,17200,100,1100,3500,100,700,3600,22300,8000
243.0,11.28,578300,6535752.0,11.27,11.26,11.25,11.24,11.23,11.22,11.21,11.2,11.19,11.18,11.28,11.29,11.3,11.31,11.32,11.33,11.34,11.35,11.36,11.37,29100,83600,108200,32600,26900,14300,26600,66800,1700,6800,900,8500,17200,100,1100,3500,100,700,3600,22300
244.0,11.28,578300,6535752.0,11.27,11.26,11.25,11.24,11.23,11.22,11.21,11.2,11.19,11.18,11.28,11.29,11.3,11.31,11.32,11.33,11.34,11.35,11.36,11.37,29100,83600,109200,32600,26900,14300,26600,66800,1700,6800,900,8500,17200,100,1100,3500,100,700,3600,22300
245.0,11.28,579200,6545904.0,11.28,11.27,11.26,11.25,11.24,11.23,11.22,11.21,11.2,11.19,11.29,11.3,11.31,11.32,11.33,11.34,11.35,11.36,11.37,11.38,2200,31600,83600,109200,35600,26900,14300,26600,66800,1700,8500,17200,100,1100,3500,100,700,3600,22300,8000
246.0,11.28,581700,6574107.0,11.27,11.26,11.25,11.24,11.23,11.22,11.21,11.2,11.19,11.18,11.29,11.3,11.31,11.32,11.33,11.34,11.35,11.36,11.37,11.38,31600,83600,109200,35600,26900,14300,26600,66800,1700,6800,8200,17200,100,1100,3500,100,700,3600,22300,8000
247.0,11.27,584000,6600050.0,11.27,11.26,11.25,11.24,11.23,11.22,11.21,11.2,11.19,11.18,11.29,11.3,11.31,11.32,11.33,11.34,11.35,11.36,11.37,11.38,34200,83600,109200,35600,26900,14300,26600,66800,1700,6800,8900,17300,100,1100,3500,100,700,3600,22300,8000
248.0,11.29,584900,6610211.0,11.27,11.26,11.25,11.24,11.23,11.22,11.21,11.2,11.19,11.18,11.29,11.3,11.31,11.32,11.33,11.34,11.35,11.36,11.37,11.38,30800,83600,109200,35600,26900,14300,26600,66800,1700,6800,9200,17300,100,1100,3500,100,700,3600,22300,8000
249.0,11.28,586400,6627131.0,11.27,11.26,11.25,11.24,11.23,11.22,11.21,11.2,11.19,11.18,11.29,11.3,11.31,11.32,11.33,11.34,11.35,11.36,11.37,11.38,32000,83600,108200,35600,26900,14300,26600,66800,1700,6800,10400,17300,100,1100,3500,100,700,3600,22300,8000
250.0,11.29,587300,6637292.0,11.27,11.26,11.25,11.24,11.23,11.22,11.21,11.2,11.19,11.18,11.29,11.3,11.31,11.32,11.33,11.34,11.35,11.36,11.37,11.38,33300,83600,108200,35600,26900,14300,26600,66800,1700,6800,9500,17300,100,1100,3500,100,700,3600,22300,8000
251.0,11.29,588100,6646324.0,11.28,11.27,11.26,11.25,11.24,11.23,11.22,11.21,11.2,11.19,11.29,11.3,11.31,11.32,11.33,11.34,11.35,11.36,11.37,11.38,1500,35000,83600,109200,35600,26900,14300,26600,66800,1700,11200,17300,100,1100,3500,100,700,4400,22300,8000
252.0,11.28,590400,6672276.0,11.27,11.26,11.25,11.24,11.23,11.22,11.21,11.2,11.19,11.18,11.29,11.3,11.31,11.32,11.33,11.34,11.35,11.36,11.37,11.38,36800,83600,109200,35600,26900,14300,26600,66800,1700,6800,10400,17300,100,1100,3500,100,700,4400,22300,8000
253.0,11.29,592100,6691469.0,11.27,11.26,11.25,11.24,11.23,11.22,11.21,11.2,11.19,11.18,11.29,11.3,11.31,11.32,11.33,11.34,11.35,11.36,11.37,11.38,38000,83600,109200,35600,26900,14300,26600,66800,1700,6800,9900,17300,100,1100,3500,100,700,4400,22300,8000
254.0,11.29,593400,6706146.0,11.27,11.26,11.25,11.24,11.23,11.22,11.21,11.2,11.19,11.18,11.29,11.3,11.31,11.32,11.33,11.34,11.35,11.36,11.37,11.38,39200,87100,109400,35600,26900,14300,26600,66800,1700,6800,9800,17300,100,1100,3500,100,700,4400,22300,8000
255.0,11.29,593400,6706146.0,11.27,11.26,11.25,11.24,11.23,11.22,11.21,11.2,11.19,11.18,11.29,11.3,11.31,11.32,11.33,11.34,11.35,11.36,11.37,11.38,39200,85100,109400,35600,26900,15200,26600,66800,1700,6800,9800,17300,100,1100,3500,100,700,4400,22300,8000
256.0,11.27,595300,6727563.0,11.27,11.26,11.25,11.24,11.23,11.22,11.21,11.2,11.19,11.18,11.29,11.3,11.31,11.32,11.33,11.34,11.35,11.36,11.37,11.38,38900,85100,109400,35600,26900,15200,26600,66800,1700,6800,11000,17300,100,1100,3500,100,700,4400,22300,8000
257.0,11.29,596400,6739982.0,11.27,11.26,11.25,11.24,11.23,11.22,11.21,11.2,11.19,11.18,11.29,11.3,11.31,11.32,11.33,11.34,11.35,11.36,11.37,11.38,42100,85300,109400,35600,26900,15200,26600,66800,1700,6800,10300,17300,100,1100,3500,100,700,4400,22300,8000
258.0,11.27,597800,6755776.0,11.27,11.26,11.25,11.24,11.23,11.22,11.21,11.2,11.19,11.18,11.29,11.3,11.31,11.32,11.33,11.34,11.35,11.36,11.37,11.38,47700,85300,110700,35600,26900,15200,26600,66800,1700,6800,10700,17300,100,1100,3500,100,700,4400,22300,8000
259.0,11.29,598700,6765937.0,11.27,11.26,11.25,11.24,11.23,11.22,11.21,11.2,11.19,11.18,11.29,11.3,11.31,11.32,11.33,11.34,11.35,11.36,11.37,11.38,50900,85300,110700,35600,26900,15200,26600,66800,1700,6800,11000,17300,100,1100,3500,100,700,4400,22300,8000
260.0,11.29,599500,6774969.0,11.28,11.27,11.26,11.25,11.24,11.23,11.22,11.21,11.2,11.19,11.29,11.3,11.31,11.32,11.33,11.34,11.35,11.36,11.37,11.38,400,52900,85300,110700,35600,27000,15200,26600,66800,1700,10200,17300,100,1100,3500,100,700,4400,22300,8000
261.0,11.29,600300,6784001.0,11.28,11.27,11.26,11.25,11.24,11.23,11.22,11.21,11.2,11.19,11.29,11.3,11.31,11.32,11.33,11.34,11.35,11.36,11.37,11.38,400,54900,85300,76700,35600,27000,15200,26600,66800,1700,9400,17300,100,1100,3500,100,700,4400,22300,8000
262.0,11.29,600300,6784001.0,11.28,11.27,11.26,11.25,11.24,11.23,11.22,11.21,11.2,11.19,11.29,11.3,11.31,11.32,11.33,11.34,11.35,11.36,11.37,11.38,400,54900,85300,67900,35600,27000,15200,26600,66800,3400,9400,17300,100,1100,3500,100,700,4400,22300,9000
263.0,11.28,600400,6785129.0,11.28,11.27,11.26,11.25,11.24,11.23,11.22,11.21,11.2,11.19,11.29,11.3,11.31,11.32,11.33,11.34,11.35,11.36,11.37,11.38,300,58000,85300,67900,36600,27000,15200,28700,66800,3400,9400,17300,100,1100,3500,100,700,4400,22300,9000
264.0,11.27,617200,6974468.0,11.27,11.26,11.25,11.24,11.23,11.22,11.21,11.2,11.19,11.18,11.28,11.29,11.3,11.31,11.32,11.33,11.34,11.35,11.36,11.37,42500,86300,67900,36600,27000,15200,28700,66800,3600,6800,100,9400,17300,100,1100,3500,100,700,4400,22300
265.0,11.27,617200,6974468.0,11.27,11.26,11.25,11.24,11.23,11.22,11.21,11.2,11.19,11.18,11.28,11.29,11.3,11.31,11.32,11.33,11.34,11.35,11.36,11.37,42700,86300,67900,36600,27000,15200,28700,66800,3600,6800,400,9400,17300,100,1100,3500,100,700,4400,22300
266.0,11.27,658600,7441046.0,11.27,11.26,11.25,11.24,11.23,11.22,11.21,11.2,11.19,11.18,11.28,11.29,11.3,11.31,11.32,11.33,11.34,11.35,11.36,11.37,21300,86300,67900,36600,27000,15200,28700,66800,3600,6800,5600,9400,17300,100,1100,3500,100,700,4400,22300
267.0,11.27,664300,7505290.0,11.27,11.26,11.25,11.24,11.23,11.22,11.21,11.2,11.19,11.18,11.28,11.29,11.3,11.31,11.32,11.33,11.34,11.35,11.36,11.37,16100,87200,67900,35600,27000,15200,27600,66800,3600,6800,5100,9400,17300,100,1100,3500,100,700,4400,22300
268.0,11.28,664800,7510930.0,11.27,11.26,11.25,11.24,11.23,11.22,11.21,11.2,11.19,11.18,11.28,11.29,11.3,11.31,11.32,11.33,11.34,11.35,11.36,11.37,16100,86200,67900,35600,27500,15200,28600,66800,3600,6800,4600,9400,17300,100,1100,3500,100,700,4400,22300
269.0,11.28,668700,7554897.0,11.27,11.26,11.25,11.24,11.23,11.22,11.21,11.2,11.19,11.18,11.28,11.29,11.3,11.31,11.32,11.33,11.34,11.35,11.36,11.37,29900,86200,67900,35600,27500,15200,28600,66800,3600,6800,2400,9400,17300,100,1100,3500,100,700,4400,22300
270.0,11.28,668700,7554897.0,11.27,11.26,11.25,11.24,11.23,11.22,11.21,11.2,11.19,11.18,11.28,11.29,11.3,11.31,11.32,11.33,11.34,11.35,11.36,11.37,36900,86200,67900,35600,27500,15200,28600,65300,3600,6800,2400,9400,17300,100,1100,3500,100,700,4400,22300
271.0,11.28,668700,7554897.0,11.27,11.26,11.25,11.24,11.23,11.22,11.21,11.2,11.19,11.18,11.28,11.29,11.3,11.31,11.32,11.33,11.34,11.35,11.36,11.37,36900,86200,67900,35600,27500,15500,28600,65300,3600,6800,2400,9400,17300,100,1100,3500,100,700,4400,22300
272.0,11.28,668900,7557153.0,11.27,11.26,11.25,11.24,11.23,11.22,11.21,11.2,11.19,11.18,11.28,11.29,11.3,11.31,11.32,11.33,11.34,11.35,11.36,11.37,36900,86200,67900,35600,27500,16500,28600,65300,3600,6800,4200,9400,17300,100,1100,3500,100,700,4400,22300
273.0,11.28,668900,7557153.0,11.27,11.26,11.25,11.24,11.23,11.22,11.21,11.2,11.19,11.18,11.28,11.29,11.3,11.31,11.32,11.33,11.34,11.35,11.36,11.37,36900,88900,67900,35600,27500,16500,28600,65300,3600,7200,4200,9400,17300,100,1100,3500,100,700,4400,22300
274.0,11.27,669500,7563915.0,11.27,11.26,11.25,11.24,11.23,11.22,11.21,11.2,11.19,11.18,11.28,11.29,11.3,11.31,11.32,11.33,11.34,11.35,11.36,11.37,36900,88900,67900,35600,27500,16500,28600,65300,3600,7200,2000,9400,17300,100,1100,3500,100,700,4400,22300
275.0,11.28,669900,7568427.0,11.27,11.26,11.25,11.24,11.23,11.22,11.21,11.2,11.19,11.18,11.28,11.29,11.3,11.31,11.32,11.33,11.34,11.35,11.36,11.37,36900,93700,67900,35600,27500,16500,28600,65300,13600,7200,1600,9400,17300,100,1100,3500,100,700,4400,22300
276.0,11.28,670200,7571811.0,11.27,11.26,11.25,11.24,11.23,11.22,11.21,11.2,11.19,11.18,11.28,11.29,11.3,11.31,11.32,11.33,11.34,11.35,11.36,11.37,36900,93700,67900,35600,27500,16500,28600,65300,13600,7200,1300,9400,17300,100,1100,3500,100,700,4400,22300
277.0,11.28,673700,7611267.0,11.27,11.26,11.25,11.24,11.23,11.22,11.21,11.2,11.19,11.18,11.28,11.29,11.3,11.31,11.32,11.33,11.34,11.35,11.36,11.37,34500,94100,67900,35600,27500,16500,28600,65300,13600,7200,200,9400,17300,100,1100,3500,100,700,4400,22300
278.0,11.28,673700,7611267.0,11.27,11.26,11.25,11.24,11.23,11.22,11.21,11.2,11.19,11.18,11.28,11.29,11.3,11.31,11.32,11.33,11.34,11.35,11.36,11.37,34500,94100,67900,35600,27500,16500,28600,65300,13600,7200,300,9400,17300,100,1100,3500,100,700,4400,22300
279.0,11.28,673700,7611267.0,11.27,11.26,11.25,11.24,11.23,11.22,11.21,11.2,11.19,11.18,11.28,11.29,11.3,11.31,11.32,11.33,11.34,11.35,11.36,11.37,36000,94200,67900,35600,27500,16500,28600,65300,13600,7200,300,9400,17300,100,1100,3500,100,700,4400,22300
280.0,11.28,674000,7614651.0,11.28,11.27,11.26,11.25,11.24,11.23,11.22,11.21,11.2,11.19,11.29,11.3,11.31,11.32,11.33,11.34,11.35,11.36,11.37,11.38,200,36300,94200,67900,35600,27500,16500,30600,66300,13600,9400,17300,100,1100,3500,100,700,4400,22300,9000
281.0,11.28,674000,7614651.0,11.28,11.27,11.26,11.25,11.24,11.23,11.22,11.21,11.2,11.19,11.29,11.3,11.31,11.32,11.33,11.34,11.35,11.36,11.37,11.38,200,36300,94200,67900,35600,27500,16500,30600,66300,13600,9400,17300,100,1100,3500,100,700,4400,22300,9000
282.0,11.29,675600,7632715.0,11.28,11.27,11.26,11.25,11.24,11.23,11.22,11.21,11.2,11.19,11.29,11.3,11.31,11.32,11.33,11.34,11.35,11.36,11.37,11.38,200,37300,128200,67900,35600,27900,16500,30600,66300,13600,7800,17300,100,1100,3500,100,700,4400,22300,9000
283.0,11.29,675600,7632715.0,11.28,11.27,11.26,11.25,11.24,11.23,11.22,11.21,11.2,11.19,11.29,11.3,11.31,11.32,11.33,11.34,11.35,11.36,11.37,11.38,500,37300,128200,67900,35600,27900,16500,30600,66300,13600,7800,17300,100,1100,3500,100,700,4400,22300,9000
284.0,11.28,676100,7638355.0,11.27,11.26,11.25,11.24,11.23,11.22,11.21,11.2,11.19,11.18,11.28,11.29,11.3,11.31,11.32,11.33,11.34,11.35,11.36,11.37,37300,128200,68100,35600,27900,16500,30600,66300,13600,7200,1100,7800,17300,100,1100,3500,100,700,4400,22300
285.0,11.27,677200,7650753.0,11.27,11.26,11.25,11.24,11.23,11.22,11.21,11.2,11.19,11.18,11.28,11.29,11.3,11.31,11.32,11.33,11.34,11.35,11.36,11.37,39300,128200,69900,35600,27900,16500,30600,66300,13600,7200,1000,7800,17300,100,1100,3500,100,700,4400,22300
286.0,11.27,677300,7651880.0,11.27,11.26,11.25,11.24,11.23,11.22,11.21,11.2,11.19,11.18,11.28,11.29,11.3,11.31,11.32,11.33,11.34,11.35,11.36,11.37,39400,128200,69900,35600,27900,17300,30600,66300,13600,7200,1000,7800,17300,100,1100,3500,100,700,4400,22300
287.0,11.27,677300,7651880.0,11.27,11.26,11.25,11.24,11.23,11.22,11.21,11.2,11.19,11.18,11.28,11.29,11.3,11.31,11.32,11.33,11.34,11.35,11.36,11.37,39400,128200,68900,35600,27900,17300,30600,66300,13600,7200,1000,7800,17300,100,1100,3500,100,700,4400,22300
288.0,11.28,677500,7654136.0,11.27,11.26,11.25,11.24,11.23,11.22,11.21,11.2,11.19,11.18,11.28,11.29,11.3,11.31,11.32,11.33,11.34,11.35,11.36,11.37,39400,130500,68900,35600,27900,17300,28600,66300,13600,7200,800,7800,17300,100,1100,3500,100,700,4400,22300
289.0,11.28,678200,7662032.0,11.27,11.26,11.25,11.24,11.23,11.22,11.21,11.2,11.19,11.18,11.28,11.29,11.3,11.31,11.32,11.33,11.34,11.35,11.36,11.37,39400,130500,68900,35600,27900,17300,28600,66300,13600,7200,100,7800,17300,100,1100,3500,100,700,4400,22300
290.0,11.28,678300,7663160.0,11.28,11.27,11.26,11.25,11.24,11.23,11.22,11.21,11.2,11.19,11.29,11.3,11.31,11.32,11.33,11.34,11.35,11.36,11.37,11.38,200,39600,130500,68900,35600,27900,18200,28600,66300,13600,7800,17300,100,1100,3500,100,700,4400,22300,9000
291.0,11.29,678400,7664289.0,11.28,11.27,11.26,11.25,11.24,11.23,11.22,11.21,11.2,11.19,11.29,11.3,11.31,11.32,11.33,11.34,11.35,11.36,11.37,11.38,200,40400,131500,68900,35600,27900,18200,28600,66300,13600,7700,17300,100,1100,3500,100,700,4400,22300,9000
292.0,11.28,679300,7674448.0,11.27,11.26,11.25,11.24,11.23,11.22,11.21,11.2,11.19,11.18,11.28,11.29,11.3,11.31,11.32,11.33,11.34,11.35,11.36,11.37,40400,131500,68900,35600,27900,18200,28600,66300,13600,7200,500,7000,17300,100,1100,3500,100,700,4400,22300
293.0,11.28,679300,7674448.0,11.27,11.26,11.25,11.24,11.23,11.22,11.21,11.2,11.19,11.18,11.28,11.29,11.3,11.31,11.32,11.33,11.34,11.35,11.36,11.37,43400,134100,68900,36600,27900,18200,28600,66300,13600,7200,500,7000,17300,100,1100,3500,100,700,4400,22300
294.0,11.28,679300,7674448.0,11.27,11.26,11.25,11.24,11.23,11.22,11.21,11.2,11.19,11.18,11.28,11.29,11.3,11.31,11.32,11.33,11.34,11.35,11.36,11.37,43400,134100,68900,36600,27900,18200,28600,66300,13600,7200,500,7000,17300,100,1100,3500,100,700,4400,22300
295.0,11.28,679300,7674448.0,11.27,11.26,11.25,11.24,11.23,11.22,11.21,11.2,11.19,11.18,11.28,11.29,11.3,11.31,11.32,11.33,11.34,11.35,11.36,11.37,44300,136100,68900,36600,27900,18200,28600,66300,13600,7200,500,7000,17300,100,1100,3500,100,700,4400,22300
296.0,11.28,679400,7675576.0,11.27,11.26,11.25,11.24,11.23,11.22,11.21,11.2,11.19,11.18,11.28,11.29,11.3,11.31,11.32,11.33,11.34,11.35,11.36,11.37,44800,136100,68900,36600,27900,18200,28600,66300,13600,7200,400,7000,17300,100,1100,3500,100,700,4400,22300
297.0,11.28,679400,7675576.0,11.27,11.26,11.25,11.24,11.23,11.22,11.21,11.2,11.19,11.18,11.28,11.29,11.3,11.31,11.32,11.33,11.34,11.35,11.36,11.37,44800,138100,68900,36600,27900,18200,28600,66300,13600,7200,400,7000,17300,100,1100,3500,100,700,4400,22300
298.0,11.27,679600,7677830.0,11.27,11.26,11.25,11.24,11.23,11.22,11.21,11.2,11.19,11.18,11.28,11.29,11.3,11.31,11.32,11.33,11.34,11.35,11.36,11.37,45600,138100,69000,36600,27900,18200,28600,66300,13600,7200,400,7000,17300,100,1100,3500,100,700,4400,22300
299.0,11.28,680000,7682342.0,11.27,11.26,11.25,11.24,11.23,11.22,11.21,11.2,11.19,11.18,11.28,11.29,11.3,11.31,11.32,11.33,11.34,11.35,11.36,11.37,51600,138100,69000,36600,27900,18200,28600,66300,13600,7200,100,7000,17300,100,1100,3500,100,700,4400,22300
300.0,11.28,680000,7682342.0,11.27,11.26,11.25,11.24,11.23,11.22,11.21,11.2,11.19,11.18,11.28,11.29,11.3,11.31,11.32,11.33,11.34,11.35,11.36,11.37,51600,138100,69000,36600,27900,18200,28600,66300,13600,7200,100,7000,17300,100,1100,3500,100,700,4400,22300
301.0,11.28,680100,7683470.0,11.28,11.27,11.26,11.25,11.24,11.23,11.22,11.21,11.2,11.19,11.29,11.3,11.31,11.32,11.33,11.34,11.35,11.36,11.37,11.38,100,52500,138100,69000,36600,27900,18200,28600,66300,13600,7000,17300,100,1100,3500,100,700,4400,22300,9000
302.0,11.29,680800,7691373.0,11.28,11.27,11.26,11.25,11.24,11.23,11.22,11.21,11.2,11.19,11.29,11.3,11.31,11.32,11.33,11.34,11.35,11.36,11.37,11.38,4300,52500,138100,69000,36600,27900,18200,28600,67900,13600,6300,17300,100,1100,3500,100,700,4400,22300,9000
303.0,11.29,680800,7691373.0,11.28,11.27,11.26,11.25,11.24,11.23,11.22,11.21,11.2,11.19,11.29,11.3,11.31,11.32,11.33,11.34,11.35,11.36,11.37,11.38,4800,52500,138100,69000,36600,27900,18200,28600,67900,13600,6300,17300,100,1100,3500,100,700,4400,22300,9000
304.0,11.29,681400,7698147.0,11.28,11.27,11.26,11.25,11.24,11.23,11.22,11.21,11.2,11.19,11.29,11.3,11.31,11.32,11.33,11.34,11.35,11.36,11.37,11.38,4800,52500,138100,69000,36600,27900,18200,32600,67400,13600,5700,17300,100,1100,3500,100,700,4400,22300,9000
305.0,11.28,682000,7704920.0,11.28,11.27,11.26,11.25,11.24,11.23,11.22,11.21,11.2,11.19,11.29,11.3,11.31,11.32,11.33,11.34,11.35,11.36,11.37,11.38,4700,53500,138100,69000,36600,27900,18200,32600,67400,13600,5200,17300,100,1100,3500,100,700,4400,22300,9000
306.0,11.28,682000,7704920.0,11.28,11.27,11.26,11.25,11.24,11.23,11.22,11.21,11.2,11.19,11.29,11.3,11.31,11.32,11.33,11.34,11.35,11.36,11.37,11.38,4700,53500,138100,69000,36600,27900,18200,32600,67400,13600,5200,17200,100,1100,3500,100,700,4400,22300,9000
307.0,11.28,682000,7704920.0,11.28,11.27,11.26,11.25,11.24,11.23,11.22,11.21,11.2,11.19,11.29,11.3,11.31,11.32,11.33,11.34,11.35,11.36,11.37,11.38,4700,54500,138100,69000,36600,27900,18200,32600,67800,13600,5200,17200,100,1100,3500,100,700,4400,22300,9000
308.0,11.29,682500,7710565.0,11.28,11.27,11.26,11.25,11.24,11.23,11.22,11.21,11.2,11.19,11.29,11.3,11.31,11.32,11.33,11.34,11.35,11.36,11.37,11.38,5500,54200,138100,69000,36600,27900,18200,32600,67800,13600,4800,17200,100,1100,3500,100,700,4400,22300,9000
309.0,11.29,683400,7720726.0,11.28,11.27,11.26,11.25,11.24,11.23,11.22,11.21,11.2,11.19,11.29,11.3,11.31,11.32,11.33,11.34,11.35,11.36,11.37,11.38,5500,54000,138100,69000,36600,27900,18200,32600,67800,13600,3900,17200,100,1100,3500,100,700,4400,22300,9000
310.0,11.29,683400,7720726.0,11.28,11.27,11.26,11.25,11.24,11.23,11.22,11.21,11.2,11.19,11.29,11.3,11.31,11.32,11.33,11.34,11.35,11.36,11.37,11.38,5500,54000,139100,69000,36600,27900,18200,32600,67800,13600,4100,17200,100,1100,3500,100,700,4400,22300,9000
311.0,11.28,685900,7748942.0,11.28,11.27,11.26,11.25,11.24,11.23,11.22,11.21,11.2,11.19,11.29,11.3,11.31,11.32,11.33,11.34,11.35,11.36,11.37,11.38,4600,54000,139100,69000,36600,27900,18200,32600,67800,13600,2700,16700,900,1100,3500,100,700,4400,22300,9000
312.0,11.28,685900,7748942.0,11.28,11.27,11.26,11.25,11.24,11.23,11.22,11.21,11.2,11.19,11.29,11.3,11.31,11.32,11.33,11.34,11.35,11.36,11.37,11.38,6000,55300,139100,69000,36600,27900,18200,32600,67800,13600,2700,16700,900,1100,3500,100,700,3300,22300,9000
313.0,11.28,685900,7748942.0,11.28,11.27,11.26,11.25,11.24,11.23,11.22,11.21,11.2,11.19,11.29,11.3,11.31,11.32,11.33,11.34,11.35,11.36,11.37,11.38,6600,55300,139100,69000,36600,27900,18200,32600,67800,13600,2700,16700,900,1100,3500,100,700,3300,22300,9000
314.0,11.29,687900,7771522.0,11.28,11.27,11.26,11.25,11.24,11.23,11.22,11.21,11.2,11.19,11.29,11.3,11.31,11.32,11.33,11.34,11.35,11.36,11.37,11.38,7400,55300,140400,69000,36600,27900,18200,32600,68300,13600,2000,17500,900,1100,3500,100,700,3300,22300,9000
315.0,11.28,691100,7807620.0,11.28,11.27,11.26,11.25,11.24,11.23,11.22,11.21,11.2,11.19,11.29,11.3,11.31,11.32,11.33,11.34,11.35,11.36,11.37,11.38,4400,55300,140400,69000,36600,27900,18200,32600,68300,13600,800,17500,900,1100,3500,100,700,3300,22300,9000
316.0,11.28,691100,7807620.0,11.28,11.27,11.26,11.25,11.24,11.23,11.22,11.21,11.2,11.19,11.29,11.3,11.31,11.32,11.33,11.34,11.35,11.36,11.37,11.38,4400,56300,140400,69000,36600,27900,18200,32600,68300,13600,800,19000,900,1100,3500,100,700,3300,22300,9000
317.0,11.28,691100,7807620.0,11.28,11.27,11.26,11.25,11.24,11.23,11.22,11.21,11.2,11.19,11.29,11.3,11.31,11.32,11.33,11.34,11.35,11.36,11.37,11.38,4400,56300,140400,69000,36600,27900,18200,32600,68300,13600,900,21200,900,1100,3500,100,700,3300,22300,9000
318.0,11.28,695500,7857252.0,11.27,11.26,11.25,11.24,11.23,11.22,11.21,11.2,11.19,11.18,11.28,11.29,11.3,11.31,11.32,11.33,11.34,11.35,11.36,11.37,57800,140400,69500,36600,27900,18200,32600,68300,13600,7200,15000,900,21200,900,1100,3500,100,700,3300,22300
319.0,11.28,698300,7888836.0,11.27,11.26,11.25,11.24,11.23,11.22,11.21,11.2,11.19,11.18,11.28,11.29,11.3,11.31,11.32,11.33,11.34,11.35,11.36,11.37,57800,140400,69500,36600,27900,18200,32600,68300,13600,7200,12200,900,21200,900,1100,3500,100,700,3300,22300
320.0,11.28,698300,7888836.0,11.27,11.26,11.25,11.24,11.23,11.22,11.21,11.2,11.19,11.18,11.28,11.29,11.3,11.31,11.32,11.33,11.34,11.35,11.36,11.37,57800,140400,69500,36600,27900,18200,32600,68300,13600,7200,12200,900,21200,900,1100,3500,100,700,3300,22300
321.0,11.28,699100,7897860.0,11.27,11.26,11.25,11.24,11.23,11.22,11.21,11.2,11.19,11.18,11.28,11.29,11.3,11.31,11.32,11.33,11.34,11.35,11.36,11.37,57800,140400,69500,36600,27900,18200,32600,68300,13600,7200,11400,900,21200,900,1100,3500,100,700,3300,22300
322.0,11.28,699100,7897860.0,11.27,11.26,11.25,11.24,11.23,11.22,11.21,11.2,11.19,11.18,11.28,11.29,11.3,11.31,11.32,11.33,11.34,11.35,11.36,11.37,57800,140400,69500,36600,27900,18200,32600,68300,13600,7200,11400,900,21200,900,1100,3500,100,700,3300,22300
323.0,11.28,700800,7917036.0,11.27,11.26,11.25,11.24,11.23,11.22,11.21,11.2,11.19,11.18,11.28,11.29,11.3,11.31,11.32,11.33,11.34,11.35,11.36,11.37,57800,140400,69500,36600,27900,18200,32600,68300,13600,7200,9700,900,21200,900,1100,3500,100,700,3300,22300
324.0,11.28,716100,8089564.0,11.28,11.27,11.26,11.25,11.24,11.23,11.22,11.21,11.2,11.19,11.29,11.3,11.31,11.32,11.33,11.34,11.35,11.36,11.37,11.38,1100,52200,140400,69500,36600,27900,18200,32600,68300,13600,900,21200,900,1100,3500,100,700,3300,22300,9000
325.0,11.28,716100,8089564.0,11.28,11.27,11.26,11.25,11.24,11.23,11.22,11.21,11.2,11.19,11.29,11.3,11.31,11.32,11.33,11.34,11.35,11.36,11.37,11.38,11300,52700,106400,69500,36600,27900,18200,32600,68300,13600,900,21200,900,1100,3500,100,700,3300,22300,9000
326.0,11.28,716500,8094076.0,11.28,11.27,11.26,11.25,11.24,11.23,11.22,11.21,11.2,11.19,11.29,11.3,11.31,11.32,11.33,11.34,11.35,11.36,11.37,11.38,11900,54700,106400,69500,36600,27900,18200,32600,68300,13600,900,21200,900,1100,3500,100,700,3300,22300,9000
327.0,11.28,716500,8094076.0,11.28,11.27,11.26,11.25,11.24,11.23,11.22,11.21,11.2,11.19,11.29,11.3,11.31,11.32,11.33,11.34,11.35,11.36,11.37,11.38,11900,55100,106400,69500,36600,27900,18200,32600,68300,13600,900,21200,900,1100,3500,100,700,3300,22300,9000
328.0,11.28,716500,8094076.0,11.28,11.27,11.26,11.25,11.24,11.23,11.22,11.21,11.2,11.19,11.29,11.3,11.31,11.32,11.33,11.34,11.35,11.36,11.37,11.38,11900,56900,106400,69500,36600,27900,18200,32600,68300,13600,900,21200,900,1100,3500,100,700,3300,22300,9000
329.0,11.28,716500,8094076.0,11.28,11.27,11.26,11.25,11.24,11.23,11.22,11.21,11.2,11.19,11.29,11.3,11.31,11.32,11.33,11.34,11.35,11.36,11.37,11.38,11900,56900,106800,70500,36600,27900,18200,32600,68300,13600,1400,21200,900,1100,3500,100,700,3300,22300,9000
330.0,11.28,716500,8094076.0,11.28,11.27,11.26,11.25,11.24,11.23,11.22,11.21,11.2,11.19,11.29,11.3,11.31,11.32,11.33,11.34,11.35,11.36,11.37,11.38,11900,57900,106800,72000,36600,27900,18200,32600,68300,13600,1400,21200,900,1100,3500,100,700,3300,22300,9000
331.0,11.29,716600,8095205.0,11.28,11.27,11.26,11.25,11.24,11.23,11.22,11.21,11.2,11.19,11.29,11.3,11.31,11.32,11.33,11.34,11.35,11.36,11.37,11.38,21900,57900,106800,72000,36600,27900,18200,32600,68300,13600,1300,21200,900,1100,3500,100,700,3300,22300,9000
332.0,11.29,716600,8095205.0,11.28,11.27,11.26,11.25,11.24,11.23,11.22,11.21,11.2,11.19,11.29,11.3,11.31,11.32,11.33,11.34,11.35,11.36,11.37,11.38,21900,57900,106800,72000,36600,27900,18200,32600,68300,13600,1300,21200,900,1100,3500,100,700,3300,22300,9000
333.0,11.29,716600,8095205.0,11.28,11.27,11.26,11.25,11.24,11.23,11.22,11.21,11.2,11.19,11.29,11.3,11.31,11.32,11.33,11.34,11.35,11.36,11.37,11.38,21900,59700,106800,72000,36600,27900,18200,32600,68300,13600,1300,21200,900,1100,3500,100,700,3300,22300,9000
334.0,11.29,716900,8098592.0,11.28,11.27,11.26,11.25,11.24,11.23,11.22,11.21,11.2,11.19,11.29,11.3,11.31,11.32,11.33,11.34,11.35,11.36,11.37,11.38,21900,59700,106800,72000,36600,27900,18200,32800,78300,13600,3100,21200,900,1100,3500,100,700,3300,22300,9000
335.0,11.29,717500,8105366.0,11.28,11.27,11.26,11.25,11.24,11.23,11.22,11.21,11.2,11.19,11.29,11.3,11.31,11.32,11.33,11.34,11.35,11.36,11.37,11.38,21900,59900,106800,72000,36600,28600,18200,32800,78300,13600,2500,21200,900,1100,3500,100,700,3300,22300,9000
336.0,11.29,717500,8105366.0,11.28,11.27,11.26,11.25,11.24,11.23,11.22,11.21,11.2,11.19,11.29,11.3,11.31,11.32,11.33,11.34,11.35,11.36,11.37,11.38,21900,60500,106800,72000,36600,28600,18200,32800,79300,13600,2500,21200,900,1100,3500,100,700,3300,22300,9000
337.0,11.29,717500,8105366.0,11.28,11.27,11.26,11.25,11.24,11.23,11.22,11.21,11.2,11.19,11.29,11.3,11.31,11.32,11.33,11.34,11.35,11.36,11.37,11.38,21900,60500,106800,72000,36600,28600,18200,32800,79300,13600,2500,21200,900,1100,3500,100,700,3300,22300,9000
338.0,11.29,720000,8133591.0,11.29,11.28,11.27,11.26,11.25,11.24,11.23,11.22,11.21,11.2,11.3,11.31,11.32,11.33,11.34,11.35,11.36,11.37,11.38,11.39,1400,21900,70500,106800,72000,36600,28600,18200,32800,79300,20400,900,1100,3500,100,700,3300,22300,9000,8700
339.0,11.28,721900,8155037.0,11.28,11.27,11.26,11.25,11.24,11.23,11.22,11.21,11.2,11.19,11.3,11.31,11.32,11.33,11.34,11.35,11.36,11.37,11.38,11.39,21900,70500,106800,72000,36600,28600,18200,32800,79300,13600,20400,900,1100,3500,100,700,3300,22300,9000,8700
340.0,11.28,722700,8164061.0,11.28,11.27,11.26,11.25,11.24,11.23,11.22,11.21,11.2,11.19,11.3,11.31,11.32,11.33,11.34,11.35,11.36,11.37,11.38,11.39,21400,70500,106800,72000,36600,28600,18200,32800,79300,13600,20700,900,1100,3500,100,700,3300,22300,9000,8700
341.0,11.3,723500,8173101.0,11.28,11.27,11.26,11.25,11.24,11.23,11.22,11.21,11.2,11.19,11.3,11.31,11.32,11.33,11.34,11.35,11.36,11.37,11.38,11.39,22200,70500,106800,72000,36600,28600,18200,32800,79300,13600,23100,900,1100,3500,100,700,3300,22300,9000,8700
342.0,11.3,723900,8177621.0,11.28,11.27,11.26,11.25,11.24,11.23,11.22,11.21,11.2,11.19,11.3,11.31,11.32,11.33,11.34,11.35,11.36,11.37,11.38,11.39,22200,70500,104800,72000,36600,28600,18200,32800,79300,13600,22700,900,1100,3500,100,700,3300,25300,9000,8700
343.0,11.28,724700,8186645.0,11.28,11.27,11.26,11.25,11.24,11.23,11.22,11.21,11.2,11.19,11.3,11.31,11.32,11.33,11.34,11.35,11.36,11.37,11.38,11.39,33300,70500,104800,72000,36600,28600,18200,32800,79300,13600,23800,900,1100,3500,100,700,3300,25300,9000,8700
344.0,11.28,724700,8186645.0,11.28,11.27,11.26,11.25,11.24,11.23,11.22,11.21,11.2,11.19,11.3,11.31,11.32,11.33,11.34,11.35,11.36,11.37,11.38,11.39,67900,70500,105800,72000,36600,28600,18200,32800,79300,13600,24100,900,1100,3500,100,700,3300,25300,9000,8700
345.0,11.28,724700,8186645.0,11.28,11.27,11.26,11.25,11.24,11.23,11.22,11.21,11.2,11.19,11.3,11.31,11.32,11.33,11.34,11.35,11.36,11.37,11.38,11.39,69300,70500,105800,72000,36600,28600,18200,32800,79300,13600,25200,900,1100,3500,100,700,3300,25300,9000,8700
346.0,11.28,724700,8186645.0,11.28,11.27,11.26,11.25,11.24,11.23,11.22,11.21,11.2,11.19,11.3,11.31,11.32,11.33,11.34,11.35,11.36,11.37,11.38,11.39,69500,70500,105800,72000,36600,28600,18200,32800,79300,13600,25200,900,1100,3500,100,700,3300,25300,9000,8700
347.0,11.28,727200,8214879.0,11.28,11.27,11.26,11.25,11.24,11.23,11.22,11.21,11.2,11.19,11.3,11.31,11.32,11.33,11.34,11.35,11.36,11.37,11.38,11.39,73400,70500,105800,71800,36600,28600,18200,32800,79300,13600,24400,900,1100,3500,100,700,3300,25300,9000,8700
348.0,11.3,728000,8223919.0,11.28,11.27,11.26,11.25,11.24,11.23,11.22,11.21,11.2,11.19,11.3,11.31,11.32,11.33,11.34,11.35,11.36,11.37,11.38,11.39,73600,70500,105800,71800,36600,28600,18200,32800,79300,13600,23800,900,1100,3500,100,700,3300,25300,9000,8700
349.0,11.3,728000,8223919.0,11.28,11.27,11.26,11.25,11.24,11.23,11.22,11.21,11.2,11.19,11.3,11.31,11.32,11.33,11.34,11.35,11.36,11.37,11.38,11.39,74200,68500,105800,71800,36600,28600,18200,32800,79300,13600,24400,900,1100,3500,100,700,3300,25300,9000,8700
350.0,11.28,728800,8232943.0,11.28,11.27,11.26,11.25,11.24,11.23,11.22,11.21,11.2,11.19,11.3,11.31,11.32,11.33,11.34,11.35,11.36,11.37,11.38,11.39,73900,68500,105800,71800,36600,28600,18200,32800,78300,13600,24600,900,1100,3500,100,700,3300,25300,9000,8700
351.0,11.28,728800,8232943.0,11.28,11.27,11.26,11.25,11.24,11.23,11.22,11.21,11.2,11.19,11.3,11.31,11.32,11.33,11.34,11.35,11.36,11.37,11.38,11.39,73900,68500,105800,71800,36600,28600,18200,32800,78300,13600,24600,900,1100,3500,100,700,3300,25300,9000,8700
352.0,11.28,728800,8232943.0,11.28,11.27,11.26,11.25,11.24,11.23,11.22,11.21,11.2,11.19,11.3,11.31,11.32,11.33,11.34,11.35,11.36,11.37,11.38,11.39,73900,68500,105800,71800,36600,28600,18200,32800,78300,13600,24600,900,1100,3500,100,700,3300,25300,9000,8700
353.0,11.28,728800,8232943.0,11.28,11.27,11.26,11.25,11.24,11.23,11.22,11.21,11.2,11.19,11.3,11.31,11.32,11.33,11.34,11.35,11.36,11.37,11.38,11.39,73300,68500,105800,71800,36600,28600,18200,32800,78300,13600,25100,900,1100,3500,100,700,3300,25300,9000,8700
354.0,11.3,729400,8239723.0,11.28,11.27,11.26,11.25,11.24,11.23,11.22,11.21,11.2,11.19,11.3,11.31,11.32,11.33,11.34,11.35,11.36,11.37,11.38,11.39,73300,68500,105800,71800,36600,28600,18200,32800,78300,13600,24500,900,1100,3500,100,700,3300,25300,9000,8700
355.0,11.3,729400,8239723.0,11.28,11.27,11.26,11.25,11.24,11.23,11.22,11.21,11.2,11.19,11.3,11.31,11.32,11.33,11.34,11.35,11.36,11.37,11.38,11.39,73600,70500,105800,73600,36600,28600,18200,32800,78300,13600,24800,900,1100,3500,100,700,3300,25300,9000,8700
356.0,11.28,731100,8258917.0,11.28,11.27,11.26,11.25,11.24,11.23,11.22,11.21,11.2,11.19,11.3,11.31,11.32,11.33,11.34,11.35,11.36,11.37,11.38,11.39,73000,68700,105800,73600,36600,28600,17400,32800,78300,13600,24100,900,1100,3500,100,700,5100,25300,9000,8700
357.0,11.28,731100,8258917.0,11.28,11.27,11.26,11.25,11.24,11.23,11.22,11.21,11.2,11.19,11.3,11.31,11.32,11.33,11.34,11.35,11.36,11.37,11.38,11.39,73000,68100,106800,73600,36600,28600,17400,32800,78300,13600,24400,900,1100,3500,100,700,5100,25300,9000,8700
358.0,11.3,732800,8278127.0,11.28,11.27,11.26,11.25,11.24,11.23,11.22,11.21,11.2,11.19,11.3,11.31,11.32,11.33,11.34,11.35,11.36,11.37,11.38,11.39,73500,68100,106800,73600,36600,28600,17400,32800,78300,13600,22900,900,1100,3500,100,700,5100,25300,9000,8700
359.0,11.3,732800,8278127.0,11.28,11.27,11.26,11.25,11.24,11.23,11.22,11.21,11.2,11.19,11.3,11.31,11.32,11.33,11.34,11.35,11.36,11.37,11.38,11.39,73500,68100,106800,71100,36600,28600,17400,32800,78300,13600,22900,900,1100,3500,100,700,5100,25300,9000,8700
360.0,11.28,733600,8287151.0,11.28,11.27,11.26,11.25,11.24,11.23,11.22,11.21,11.2,11.19,11.3,11.31,11.32,11.33,11.34,11.35,11.36,11.37,11.38,11.39,74500,68100,106800,71100,36600,28600,17400,32800,78300,13600,23300,900,1100,3500,100,700,5100,25300,12000,8700
361.0,11.28,733600,8287151.0,11.28,11.27,11.26,11.25,11.24,11.23,11.22,11.21,11.2,11.19,11.3,11.31,11.32,11.33,11.34,11.35,11.36,11.37,11.38,11.39,76700,68100,106800,71100,36600,28600,17400,32800,78300,13600,23500,900,1100,3500,100,700,5100,25300,12000,8700
362.0,11.28,733600,8287151.0,11.28,11.27,11.26,11.25,11.24,11.23,11.22,11.21,11.2,11.19,11.3,11.31,11.32,11.33,11.34,11.35,11.36,11.37,11.38,11.39,77700,70100,106800,71100,36600,28600,17400,32800,78300,13600,23500,100,1100,3500,100,700,5100,26100,12000,8700
363.0,11.3,735200,8305215.0,11.28,11.27,11.26,11.25,11.24,11.23,11.22,11.21,11.2,11.19,11.3,11.31,11.32,11.33,11.34,11.35,11.36,11.37,11.38,11.39,77500,70100,106800,71100,36600,29200,17400,32800,78300,13600,23300,100,1100,3500,100,700,5100,26100,12000,8700
364.0,11.3,735200,8305215.0,11.28,11.27,11.26,11.25,11.24,11.23,11.22,11.21,11.2,11.19,11.3,11.31,11.32,11.33,11.34,11.35,11.36,11.37,11.38,11.39,77500,71100,106800,71100,36600,29200,17400,32800,78300,13600,23300,100,1100,3500,100,700,5100,26100,12000,8700
365.0,11.3,735200,8305215.0,11.28,11.27,11.26,11.25,11.24,11.23,11.22,11.21,11.2,11.19,11.3,11.31,11.32,11.33,11.34,11.35,11.36,11.37,11.38,11.39,77900,76100,106800,71100,36600,29200,17400,32800,78300,13600,23700,100,1100,3500,100,700,5100,26100,12000,8700
366.0,11.28,736000,8314239.0,11.28,11.27,11.26,11.25,11.24,11.23,11.22,11.21,11.2,11.19,11.3,11.31,11.32,11.33,11.34,11.35,11.36,11.37,11.38,11.39,77300,76100,106800,72100,36600,29200,17400,32800,78300,13600,23900,100,1100,3500,100,700,5100,26100,12000,8700
367.0,11.28,736000,8314239.0,11.28,11.27,11.26,11.25,11.24,11.23,11.22,11.21,11.2,11.19,11.3,11.31,11.32,11.33,11.34,11.35,11.36,11.37,11.38,11.39,77300,78000,106800,72100,36600,29200,17400,32800,78300,13600,23900,100,1100,3500,100,700,5100,26100,12000,8700
368.0,11.28,736000,8314239.0,11.28,11.27,11.26,11.25,11.24,11.23,11.22,11.21,11.2,11.19,11.3,11.31,11.32,11.33,11.34,11.35,11.36,11.37,11.38,11.39,77700,78000,106800,72100,36600,29200,17400,32800,78300,13600,24300,100,1100,3500,100,700,5100,26100,12000,8700
369.0,11.28,736000,8314239.0,11.28,11.27,11.26,11.25,11.24,11.23,11.22,11.21,11.2,11.19,11.3,11.31,11.32,11.33,11.34,11.35,11.36,11.37,11.38,11.39,77900,78000,106800,72100,36600,29200,17400,32800,78300,13600,24500,100,1100,3500,100,700,5100,26100,12000,8700
370.0,11.3,738500,8342473.0,11.28,11.27,11.26,11.25,11.24,11.23,11.22,11.21,11.2,11.19,11.3,11.31,11.32,11.33,11.34,11.35,11.36,11.37,11.38,11.39,77100,78000,106800,72100,36600,29200,18600,32800,78300,13600,22800,100,1100,3500,100,700,5100,29100,12000,8700
371.0,11.3,739300,8351513.0,11.28,11.27,11.26,11.25,11.24,11.23,11.22,11.21,11.2,11.19,11.3,11.31,11.32,11.33,11.34,11.35,11.36,11.37,11.38,11.39,77300,78000,106800,72100,36600,29200,18600,33800,78300,13600,22200,100,1100,3500,100,700,5100,29100,12000,8700
372.0,11.3,759300,8577513.0,11.28,11.27,11.26,11.25,11.24,11.23,11.22,11.21,11.2,11.19,11.3,11.31,11.32,11.33,11.34,11.35,11.36,11.37,11.38,11.39,93600,80000,104400,64400,36600,29200,18600,33800,78300,13600,2300,100,1100,3500,100,700,5100,29100,12000,8700
373.0,11.28,760100,8586537.0,11.28,11.27,11.26,11.25,11.24,11.23,11.22,11.21,11.2,11.19,11.3,11.31,11.32,11.33,11.34,11.35,11.36,11.37,11.38,11.39,98900,80000,104400,64200,36600,29200,18600,33800,78300,13600,2300,100,1100,3500,100,700,5100,29100,12000,8700
374.0,11.28,760100,8586537.0,11.28,11.27,11.26,11.25,11.24,11.23,11.22,11.21,11.2,11.19,11.3,11.31,11.32,11.33,11.34,11.35,11.36,11.37,11.38,11.39,104000,80000,104400,64200,36600,29200,18600,34800,86600,13600,2500,100,1100,3500,100,700,5100,29100,12000,8700
375.0,11.28,760100,8586537.0,11.28,11.27,11.26,11.25,11.24,11.23,11.22,11.21,11.2,11.19,11.3,11.31,11.32,11.33,11.34,11.35,11.36,11.37,11.38,11.39,104000,79100,104400,63800,36600,29200,18600,34800,86600,13600,2500,100,1100,3500,100,700,5100,29100,12000,8700
376.0,11.28,760900,8595561.0,11.28,11.27,11.26,11.25,11.24,11.23,11.22,11.21,11.2,11.19,11.3,11.31,11.32,11.33,11.34,11.35,11.36,11.37,11.38,11.39,103500,79100,104400,64800,36600,29200,18600,34800,86600,13600,2800,100,1100,3500,500,700,5100,29100,12000,8700
377.0,11.3,761200,8598951.0,11.28,11.27,11.26,11.25,11.24,11.23,11.22,11.21,11.2,11.19,11.3,11.31,11.32,11.33,11.34,11.35,11.36,11.37,11.38,11.39,103500,79100,104400,64800,37500,29200,18600,34800,86600,13600,2500,100,1100,3500,500,700,5100,29100,12000,8700
378.0,11.3,761400,8601211.0,11.28,11.27,11.26,11.25,11.24,11.23,11.22,11.21,11.2,11.19,11.3,11.31,11.32,11.33,11.34,11.35,11.36,11.37,11.38,11.39,103500,79100,104400,64800,37500,29200,18600,34800,86600,13600,2300,100,1100,3500,500,700,5100,29100,12000,8700
379.0,11.28,762200,8610235.0,11.28,11.27,11.26,11.25,11.24,11.23,11.22,11.21,11.2,11.19,11.3,11.31,11.32,11.33,11.34,11.35,11.36,11.37,11.38,11.39,103000,78700,104400,64800,37500,29200,18600,34800,86600,13600,2600,100,1100,3500,500,700,5100,29100,12000,8700
380.0,11.28,765200,8644075.0,11.28,11.27,11.26,11.25,11.24,11.23,11.22,11.21,11.2,11.19,11.3,11.31,11.32,11.33,11.34,11.35,11.36,11.37,11.38,11.39,100000,78700,104400,64800,37500,29200,18600,34800,86600,13600,2600,100,1100,3500,500,700,5100,29100,12000,8700
381.0,11.3,765700,8649725.0,11.29,11.28,11.27,11.26,11.25,11.24,11.23,11.22,11.21,11.2,11.3,11.31,11.32,11.33,11.34,11.35,11.36,11.37,11.38,11.39,1800,100400,78700,104400,64800,37500,29200,18600,34800,86600,4400,3200,1100,3500,500,700,5100,29100,12000,8700
382.0,11.29,765800,8650854.0,11.29,11.28,11.27,11.26,11.25,11.24,11.23,11.22,11.21,11.2,11.3,11.31,11.32,11.33,11.34,11.35,11.36,11.37,11.38,11.39,1700,100400,83700,104400,64800,37500,29200,18600,34800,86600,4400,3200,1100,3500,500,700,5100,29100,12000,8700
383.0,11.29,765800,8650854.0,11.29,11.28,11.27,11.26,11.25,11.24,11.23,11.22,11.21,11.2,11.3,11.31,11.32,11.33,11.34,11.35,11.36,11.37,11.38,11.39,2600,99100,83700,104400,64800,41000,29200,18600,34800,86600,4400,3200,1100,3500,500,700,5100,29100,12000,8700
384.0,11.29,765800,8650854.0,11.29,11.28,11.27,11.26,11.25,11.24,11.23,11.22,11.21,11.2,11.3,11.31,11.32,11.33,11.34,11.35,11.36,11.37,11.38,11.39,2600,99100,83700,104400,64800,41000,29200,18600,34800,86600,4400,3200,1100,3500,500,5700,5100,29100,12000,8700
385.0,11.29,765800,8650854.0,11.29,11.28,11.27,11.26,11.25,11.24,11.23,11.22,11.21,11.2,11.3,11.31,11.32,11.33,11.34,11.35,11.36,11.37,11.38,11.39,2600,99100,83700,105400,64800,41000,29200,18600,34800,86600,4400,3200,1100,3500,500,5700,5100,29100,12000,8700
386.0,11.3,766400,8657632.0,11.29,11.28,11.27,11.26,11.25,11.24,11.23,11.22,11.21,11.2,11.3,11.31,11.32,11.33,11.34,11.35,11.36,11.37,11.38,11.39,3400,99100,83700,105400,64800,41800,29200,18600,34800,86600,5600,3200,1100,3500,500,5700,5100,29100,12000,8700
387.0,11.3,766400,8657632.0,11.29,11.28,11.27,11.26,11.25,11.24,11.23,11.22,11.21,11.2,11.3,11.31,11.32,11.33,11.34,11.35,11.36,11.37,11.38,11.39,3400,99100,83700,105400,65900,41800,29200,20800,34800,86600,10600,3200,1100,3500,500,5700,5100,29100,12000,8700
