LocalTime,LastPrice,TradeVolume,TradeValue,BidPrice1,BidPrice2,BidPrice3,BidPrice4,BidPrice5,BidPrice6,BidPrice7,BidPrice8,BidPrice9,BidPriceA,AskPrice1,AskPrice2,AskPrice3,AskPrice4,AskPrice5,AskPrice6,AskPrice7,AskPrice8,AskPrice9,AskPriceA,BidVolume1,BidVolume2,BidVolume3,BidVolume4,BidVolume5,BidVolume6,BidVolume7,BidVolume8,BidVolume9,BidVolumeA,AskVolume1,AskVolume2,AskVolume3,AskVolume4,AskVolume5,AskVolume6,AskVolume7,AskVolume8,AskVolume9,AskVolumeA
0.0,283.77,2700,766179.0,284.0,283.88,283.77,281.78,281.66,281.2,281.02,281.0,280.17,280.16,284.34,285.0,285.28,285.5,285.6,285.88,285.98,285.99,286.0,286.35,100,100,200,100,200,200,100,100,500,100,500,100,100,200,100,100,100,100,900,100
1.0,284.0,2900,823013.0,283.88,283.77,282.48,281.78,281.66,281.58,281.2,281.04,281.02,281.0,283.98,284.0,284.34,285.0,285.28,285.5,285.59,285.6,285.88,285.98,100,200,200,100,200,100,200,1000,100,100,300,1100,400,100,100,200,100,100,100,100
2.0,283.77,3200,908176.0,283.77,282.48,281.78,281.66,281.58,281.2,281.04,281.02,281.0,280.17,283.98,284.0,284.34,285.0,285.28,285.5,285.59,285.6,285.88,285.98,100,200,100,200,100,200,1000,100,100,500,300,1300,400,300,100,200,100,100,200,100
3.0,283.77,3300,936553.0,282.48,281.78,281.66,281.58,281.2,281.04,281.02,281.0,280.17,280.16,283.98,284.0,284.34,285.0,285.28,285.5,285.59,285.6,285.88,285.98,200,100,200,100,200,1000,100,100,500,100,400,1800,400,300,100,200,100,100,300,100
4.0,283.77,3300,936553.0,282.48,281.78,281.66,281.58,281.2,281.04,281.02,281.0,280.17,280.16,283.98,283.99,284.0,284.34,284.96,285.0,285.28,285.5,285.56,285.59,200,100,200,100,200,1000,100,100,500,100,500,200,2000,400,100,400,100,300,100,100
5.0,283.88,3500,993329.0,282.48,281.78,281.66,281.58,281.2,281.04,281.02,281.0,280.17,280.16,283.88,283.98,283.99,284.0,284.34,284.9,284.96,285.0,285.28,285.5,200,100,200,100,200,1000,100,100,500,100,100,500,200,1500,400,100,100,400,100,300
6.0,282.48,3700,1049825.0,282.01,281.78,281.66,281.58,281.2,281.04,281.02,281.0,280.17,280.16,282.48,283.0,283.32,283.77,283.84,283.88,283.98,283.99,284.0,284.34,100,100,200,100,200,1000,100,100,500,100,200,900,200,11000,200,400,1600,200,1300,400
7.0,283.0,4000,1134621.0,282.01,281.78,281.66,281.6,281.58,281.2,281.04,281.02,281.0,280.17,283.0,283.2,283.32,283.77,283.84,283.88,283.98,283.99,284.0,284.34,100,100,200,100,100,200,1000,100,400,500,800,100,200,13000,300,700,1600,200,1300,400
8.0,283.0,4300,1219521.0,282.01,281.78,281.66,281.6,281.58,281.2,281.04,281.02,281.0,280.17,283.0,283.2,283.32,283.76,283.77,283.84,283.88,283.98,283.99,284.0,100,100,200,100,100,200,1000,100,400,500,500,100,200,100,13900,300,700,1700,200,1300
9.0,283.0,4700,1332669.0,282.01,281.78,281.66,281.6,281.58,281.2,281.04,281.02,281.0,280.5,283.0,283.2,283.32,283.76,283.77,283.84,283.88,283.97,283.98,283.99,100,100,200,100,100,200,1000,100,400,100,200,100,200,100,12500,300,1000,1300,1800,200
10.0,281.78,5000,1417348.0,281.66,281.6,281.58,281.2,281.04,281.02,281.0,280.5,280.17,280.16,282.01,282.67,282.99,283.0,283.2,283.32,283.77,283.84,283.88,283.97,200,100,100,200,1000,100,400,100,500,100,100,200,1900,300,100,200,4000,200,700,700
11.0,282.01,5100,1445549.0,281.66,281.6,281.58,281.2,281.04,281.02,281.0,280.5,280.22,280.17,282.01,282.67,282.99,283.0,283.77,283.84,283.88,283.97,283.98,283.99,200,100,100,200,1000,100,400,100,100,500,2200,200,1900,500,4100,200,700,700,600,200
12.0,281.66,5800,1642777.0,281.6,281.58,281.2,281.04,281.02,281.0,280.5,280.22,280.17,280.16,281.66,281.73,281.77,281.99,282.01,282.99,283.0,283.77,283.84,283.88,100,100,200,1000,100,400,100,100,500,100,500,200,300,1100,100,800,400,3800,200,700
13.0,281.6,6600,1867981.0,281.04,281.02,281.0,280.5,280.22,280.17,280.16,280.02,280.01,280.0,281.6,281.62,281.66,281.76,281.77,282.99,283.0,283.77,283.84,283.88,1000,100,400,100,100,500,100,100,100,800,100,100,600,100,100,800,400,3700,200,700
14.0,281.6,6600,1867981.0,281.19,281.04,281.02,281.0,280.5,280.22,280.17,280.16,280.02,280.01,281.2,281.23,281.56,281.58,281.59,281.6,281.66,281.76,281.77,282.99,100,1000,100,400,100,100,500,100,100,100,100,200,100,1000,300,100,200,100,100,800
15.0,281.23,6900,1952347.0,281.23,281.19,281.04,281.02,281.0,280.5,280.22,280.17,280.16,280.02,281.56,281.58,281.6,281.66,281.76,281.77,282.99,283.0,283.77,283.84,100,100,1000,100,400,100,100,500,100,100,100,1000,100,200,100,100,800,100,3700,200
16.0,281.23,6900,1952347.0,281.23,281.19,281.04,281.02,281.0,280.5,280.22,280.17,280.16,280.02,281.56,281.58,281.6,281.66,281.76,281.77,282.99,283.0,283.77,283.84,100,100,1000,100,400,100,100,500,100,100,100,1000,100,200,100,100,800,100,3700,200
17.0,281.23,6900,1952347.0,281.23,281.19,281.07,281.04,281.02,281.0,280.5,280.22,280.17,280.16,281.48,281.56,281.58,281.6,281.66,281.76,281.77,282.99,283.0,283.77,100,100,300,1000,100,400,100,100,500,100,100,100,1000,100,200,100,100,800,100,3700
18.0,281.23,6900,1952347.0,281.23,281.19,281.07,281.04,281.02,281.0,280.5,280.22,280.17,280.16,281.48,281.56,281.6,281.66,281.76,281.77,282.99,283.0,283.77,283.84,100,100,300,1000,100,400,100,100,500,100,100,100,100,200,100,100,800,100,3700,200
19.0,281.56,7800,2205473.0,281.21,281.19,281.07,281.04,281.02,281.0,280.5,280.22,280.17,280.16,281.56,281.6,281.66,281.76,281.77,282.99,283.0,283.75,283.77,283.84,300,100,300,1000,100,400,100,100,500,100,100,100,200,100,100,800,100,100,3700,200
20.0,281.56,8000,2261776.0,281.21,281.19,281.07,281.04,281.02,281.0,280.5,280.22,280.17,280.16,281.6,281.66,281.76,281.77,282.99,283.0,283.75,283.77,283.84,283.88,500,100,300,1000,100,400,100,100,500,100,100,100,100,100,800,100,100,3700,200,500
21.0,281.21,8300,2346139.0,281.21,281.19,281.07,281.04,281.02,281.0,280.5,280.22,280.17,280.16,281.6,281.66,281.76,281.77,282.99,283.0,283.75,283.77,283.84,283.88,200,100,300,1000,100,400,100,100,500,100,100,100,100,100,800,100,100,3700,200,500
22.0,281.22,8400,2374261.0,281.21,281.19,281.07,281.04,281.02,281.0,280.5,280.22,280.17,280.16,281.56,281.6,281.66,281.76,281.77,282.99,283.0,283.75,283.77,283.84,200,100,300,1000,100,400,100,100,500,100,100,100,100,100,100,800,100,100,3700,200
23.0,281.21,8600,2430503.0,281.19,281.07,281.04,281.02,281.0,280.5,280.22,280.17,280.16,280.02,281.56,281.6,281.66,281.76,281.77,282.99,283.0,283.75,283.77,283.84,100,300,1000,100,400,100,100,500,100,100,100,100,100,100,100,800,100,100,3700,200
24.0,281.21,8600,2430503.0,281.21,281.19,281.07,281.04,281.02,281.0,280.5,280.22,280.17,280.16,281.56,281.6,281.66,281.76,281.77,282.99,283.0,283.75,283.77,283.84,100,100,300,1000,100,400,100,100,500,100,100,100,100,100,100,800,100,100,3700,200
25.0,281.55,8700,2458658.0,281.22,281.21,281.19,281.07,281.04,281.02,281.0,280.5,280.22,280.17,281.56,281.6,281.66,281.76,281.77,282.99,283.0,283.75,283.77,283.84,100,100,100,300,1000,100,400,100,100,500,100,100,100,100,100,800,100,100,3400,200
26.0,281.21,8900,2514901.0,281.21,281.19,281.07,281.04,281.02,281.0,280.5,280.17,280.16,280.02,281.44,281.54,281.55,281.56,281.6,281.76,281.77,282.99,283.0,283.75,100,100,300,1000,100,400,100,500,100,100,100,100,100,100,100,100,100,800,100,100
27.0,281.21,8900,2514901.0,281.21,281.19,281.07,281.04,281.02,281.0,280.5,280.17,280.16,280.02,281.23,281.44,281.54,281.55,281.56,281.6,281.76,281.77,282.99,283.0,100,100,300,1000,100,400,100,500,100,100,200,100,100,100,100,100,100,100,800,100
28.0,281.21,8900,2514901.0,281.21,281.19,281.07,281.04,281.02,281.0,280.5,280.17,280.16,280.02,281.23,281.44,281.54,281.55,281.56,281.6,281.76,281.77,282.99,283.0,100,100,300,1000,100,400,100,500,100,100,200,100,100,100,100,100,100,100,800,100
29.0,281.55,9400,2655577.0,281.21,281.19,281.07,281.04,281.02,281.0,280.5,280.17,280.16,280.02,281.56,281.6,281.76,281.77,282.99,283.0,283.75,283.77,283.84,283.88,100,100,300,1000,100,400,100,500,100,100,100,100,100,100,800,100,100,3300,200,500
30.0,281.55,9400,2655577.0,281.21,281.19,281.07,281.04,281.02,281.0,280.5,280.17,280.16,280.02,281.56,281.6,281.76,281.77,282.99,283.0,283.75,283.77,283.84,283.88,300,100,300,1000,100,400,100,500,100,100,100,100,100,100,800,100,100,3300,200,500
31.0,281.23,9700,2739944.0,281.23,281.21,281.19,281.07,281.04,281.02,281.0,280.5,280.17,280.16,281.56,281.6,281.76,281.77,282.99,283.0,283.75,283.77,283.84,283.88,500,200,100,300,1000,100,400,100,500,100,100,100,100,100,800,100,100,3300,200,500
32.0,281.24,9800,2768068.0,281.23,281.21,281.19,281.07,281.04,281.02,281.0,280.5,280.17,280.16,281.56,281.6,281.76,281.77,282.99,283.0,283.75,283.76,283.77,283.84,500,300,100,300,1000,100,400,100,500,100,100,100,100,100,800,100,100,100,3300,200
33.0,281.6,10100,2852507.0,281.26,281.25,281.24,281.23,281.22,281.21,281.19,281.07,281.04,281.02,281.76,281.77,282.99,283.0,283.75,283.76,283.77,283.84,283.88,283.97,100,100,300,400,100,400,100,300,1000,100,100,100,800,100,100,100,3300,200,500,600
34.0,281.34,10500,2965128.0,281.37,281.34,281.25,281.24,281.23,281.22,281.21,281.19,281.07,281.04,282.26,282.27,282.28,282.29,282.3,282.31,282.32,282.33,282.34,282.35,700,400,100,300,400,100,400,100,300,1000,100,100,100,100,100,200,100,100,100,100
35.0,281.41,11600,3274707.0,281.41,281.34,281.25,281.24,281.23,281.22,281.21,281.07,281.04,281.02,282.24,282.25,282.31,282.35,282.37,282.43,282.44,282.57,282.59,282.62,200,400,100,300,400,100,400,300,1000,100,200,100,100,100,100,100,600,100,100,100
36.0,281.41,11600,3274707.0,281.41,281.34,281.25,281.24,281.23,281.22,281.21,281.07,281.04,281.02,282.24,282.25,282.31,282.35,282.37,282.43,282.44,282.57,282.59,282.62,200,400,100,300,400,100,400,300,1000,100,200,100,100,100,100,100,600,100,100,100
37.0,281.41,11600,3274707.0,281.42,281.41,281.34,281.25,281.24,281.23,281.22,281.21,281.07,281.04,282.24,282.25,282.31,282.35,282.37,282.43,282.44,282.57,282.59,282.62,100,200,400,100,300,200,100,400,300,1000,200,100,100,100,100,100,600,100,100,100
38.0,282.43,12400,3500471.0,281.43,281.42,281.41,281.34,281.25,281.24,281.23,281.22,281.21,281.07,282.23,282.44,282.57,282.59,282.62,282.63,282.74,282.99,283.0,283.75,100,100,200,400,100,300,200,100,400,300,100,600,100,100,100,100,100,800,100,100
39.0,282.43,12400,3500471.0,281.43,281.42,281.41,281.34,281.25,281.24,281.23,281.22,281.21,281.07,282.23,282.44,282.57,282.59,282.62,282.63,282.74,282.99,283.0,283.75,100,100,200,200,100,300,200,100,400,300,100,600,100,100,100,100,100,800,100,100
40.0,282.43,12400,3500471.0,281.43,281.42,281.41,281.34,281.25,281.24,281.23,281.22,281.21,281.07,282.23,282.44,282.57,282.59,282.62,282.63,282.74,282.99,283.0,283.75,100,100,200,200,100,300,200,100,400,300,100,600,100,100,100,100,100,800,100,100
41.0,282.43,12400,3500471.0,281.45,281.44,281.43,281.42,281.41,281.34,281.25,281.24,281.23,281.22,282.23,282.44,282.57,282.59,282.62,282.63,282.74,282.99,283.0,283.75,100,100,200,100,200,200,100,300,200,100,100,600,100,100,100,100,100,800,100,100
42.0,282.43,12400,3500471.0,281.45,281.44,281.43,281.42,281.41,281.34,281.25,281.24,281.23,281.22,282.23,282.44,282.57,282.59,282.62,282.63,282.74,282.99,283.0,283.75,100,100,100,100,200,200,100,300,200,100,100,600,100,100,100,100,100,800,100,100
43.0,281.45,12500,3528616.0,281.44,281.43,281.42,281.41,281.34,281.25,281.24,281.23,281.22,281.21,281.97,282.23,282.44,282.57,282.59,282.62,282.63,282.74,282.99,283.0,100,100,100,200,200,100,300,200,100,400,100,100,600,100,100,100,100,100,800,100
44.0,281.45,12600,3556761.0,281.44,281.43,281.42,281.41,281.34,281.25,281.24,281.23,281.22,281.21,281.97,282.23,282.44,282.57,282.59,282.62,282.63,282.74,282.99,283.0,100,100,100,200,200,100,300,200,100,400,200,100,600,100,100,100,100,100,800,100
45.0,281.97,12800,3613155.0,281.47,281.46,281.45,281.43,281.42,281.41,281.25,281.24,281.23,281.22,282.23,282.44,282.57,282.59,282.62,282.63,282.74,282.99,283.0,283.75,100,200,200,100,100,200,100,300,200,100,100,600,100,100,100,100,100,800,100,100
46.0,281.97,12800,3613155.0,282.02,281.47,281.46,281.45,281.43,281.42,281.41,281.24,281.22,281.21,282.22,282.23,282.44,282.57,282.59,282.63,282.74,282.99,283.0,283.75,100,100,200,200,100,100,200,300,100,400,100,100,600,100,100,100,100,800,100,100
47.0,282.18,13000,3669575.0,281.46,281.45,281.43,281.42,281.41,281.24,281.22,281.21,281.1,281.07,282.22,282.23,282.44,282.57,282.59,282.63,282.74,282.99,283.0,283.75,100,200,100,100,200,300,100,400,100,300,100,100,600,100,100,100,100,800,100,100
48.0,282.27,14700,4149767.0,281.47,281.46,281.45,281.43,281.42,281.41,281.3,281.24,281.22,281.21,282.27,282.49,282.5,282.51,282.52,282.53,282.54,282.55,282.56,282.57,300,200,200,100,100,200,100,300,100,400,1100,100,100,100,100,100,100,200,100,700
49.0,282.27,14700,4149767.0,281.47,281.46,281.45,281.43,281.42,281.41,281.3,281.24,281.22,281.21,282.27,282.54,282.55,282.56,282.57,282.59,282.63,282.74,282.99,283.0,300,200,200,100,100,200,100,300,100,400,1100,100,200,100,700,100,100,100,600,100
50.0,282.27,14700,4149767.0,281.47,281.46,281.45,281.43,281.42,281.41,281.3,281.24,281.22,281.21,282.27,282.55,282.56,282.57,282.59,282.63,282.74,282.99,283.0,283.75,300,200,200,100,200,200,100,300,100,400,1100,200,100,700,100,100,100,600,100,100
51.0,282.27,14700,4149767.0,281.5,281.49,281.48,281.47,281.46,281.45,281.43,281.42,281.4,281.3,282.27,282.55,282.56,282.57,282.59,282.63,282.74,282.99,283.0,283.75,200,400,100,300,200,200,100,200,100,100,400,200,100,700,100,100,100,600,100,100
52.0,282.27,14700,4149767.0,281.5,281.49,281.48,281.47,281.46,281.45,281.43,281.42,281.4,281.3,282.27,282.55,282.56,282.57,282.59,282.63,282.74,282.88,282.99,283.0,200,400,100,300,200,200,100,200,100,100,700,200,100,700,100,100,100,100,600,100
53.0,282.27,14700,4149767.0,281.5,281.49,281.48,281.47,281.46,281.45,281.43,281.42,281.4,281.3,282.27,282.55,282.56,282.57,282.59,282.63,282.74,282.88,282.99,283.0,200,400,100,300,200,200,100,200,100,100,700,200,100,700,100,100,100,100,600,100
54.0,282.27,14700,4149767.0,281.5,281.49,281.48,281.47,281.46,281.45,281.43,281.42,281.4,281.3,282.27,282.55,282.56,282.57,282.59,282.63,282.74,282.88,282.99,283.0,200,400,100,300,200,200,100,200,100,100,700,200,100,700,100,100,100,100,600,100
55.0,282.27,14700,4149767.0,281.52,281.51,281.5,281.49,281.48,281.47,281.46,281.45,281.43,281.42,282.27,282.55,282.56,282.57,282.59,282.63,282.74,282.88,282.99,283.0,100,200,200,400,100,300,200,300,100,200,700,200,100,700,100,100,100,100,600,100
56.0,281.52,14800,4177919.0,281.51,281.5,281.49,281.48,281.47,281.46,281.45,281.43,281.42,281.4,282.27,282.55,282.56,282.57,282.59,282.63,282.74,282.88,282.99,283.0,200,200,400,100,300,200,300,100,200,100,700,200,100,700,100,100,100,100,600,100
57.0,281.5,15100,4262371.0,281.53,281.52,281.51,281.5,281.49,281.48,281.47,281.46,281.45,281.43,282.27,282.55,282.56,282.57,282.59,282.63,282.74,282.88,282.99,283.0,100,100,400,100,400,100,300,200,300,100,700,200,100,700,100,100,100,100,600,100
58.0,281.5,15100,4262371.0,281.55,281.54,281.53,281.52,281.51,281.5,281.49,281.48,281.47,281.46,282.27,282.55,282.56,282.57,282.59,282.63,282.74,282.88,282.99,283.0,200,100,100,100,400,100,400,100,300,200,800,200,100,700,100,100,100,100,600,100
59.0,281.5,15100,4262371.0,281.55,281.54,281.53,281.52,281.51,281.5,281.49,281.48,281.47,281.46,281.78,282.27,282.55,282.56,282.57,282.59,282.63,282.74,282.88,282.99,200,100,100,100,400,100,400,100,300,200,100,800,200,100,700,100,100,100,100,600
60.0,281.7,15300,4318696.0,281.55,281.54,281.53,281.52,281.51,281.5,281.49,281.48,281.47,281.46,281.78,282.27,282.55,282.56,282.59,282.63,282.74,282.88,282.99,283.0,100,100,100,100,500,100,400,100,300,200,100,800,200,100,100,100,100,100,600,100
61.0,281.7,15300,4318696.0,281.54,281.53,281.52,281.51,281.5,281.49,281.48,281.47,281.46,281.45,281.78,282.27,282.55,282.56,282.59,282.63,282.74,282.88,282.99,283.0,100,100,100,500,100,400,100,300,200,300,100,800,200,100,100,100,100,100,600,100
62.0,281.78,15400,4346874.0,281.54,281.53,281.52,281.51,281.5,281.49,281.48,281.47,281.46,281.45,282.26,282.27,282.55,282.56,282.59,282.63,282.74,282.88,282.99,283.0,100,100,100,300,100,400,100,300,200,300,100,800,200,100,100,100,100,100,600,100
63.0,281.78,15400,4346874.0,281.54,281.53,281.52,281.51,281.5,281.48,281.47,281.46,281.45,281.43,281.78,282.26,282.27,282.55,282.56,282.59,282.63,282.74,282.88,282.99,100,100,100,300,300,100,300,200,300,100,300,100,800,200,100,100,100,100,100,600
64.0,281.78,15400,4346874.0,281.54,281.53,281.52,281.51,281.5,281.48,281.46,281.45,281.43,281.42,281.78,282.26,282.27,282.55,282.56,282.59,282.63,282.74,282.88,282.99,100,100,100,300,400,100,200,300,100,200,300,100,800,200,100,100,100,100,100,600
65.0,281.78,15400,4346874.0,281.54,281.53,281.52,281.51,281.5,281.48,281.46,281.45,281.43,281.42,281.78,282.26,282.27,282.55,282.56,282.59,282.63,282.74,282.88,282.99,100,100,100,300,400,100,200,300,100,200,300,100,800,200,100,100,100,100,100,600
66.0,281.78,15400,4346874.0,281.7,281.6,281.54,281.53,281.52,281.51,281.5,281.48,281.46,281.45,281.78,282.26,282.27,282.55,282.56,282.59,282.63,282.74,282.88,282.99,100,1300,100,100,100,300,400,100,200,300,300,100,800,200,100,100,100,100,100,600
67.0,281.78,15400,4346874.0,281.71,281.7,281.6,281.53,281.52,281.51,281.5,281.48,281.46,281.45,281.78,282.26,282.27,282.55,282.56,282.59,282.63,282.74,282.88,282.99,100,100,1300,100,100,300,400,100,200,300,300,100,700,200,100,100,100,100,100,600
68.0,281.7,15700,4431393.0,281.6,281.53,281.52,281.51,281.5,281.48,281.46,281.45,281.43,281.42,281.7,281.78,282.27,282.55,282.56,282.59,282.63,282.74,282.88,282.99,1300,300,100,300,400,100,200,300,100,200,100,200,700,200,100,100,100,100,100,600
69.0,281.7,15700,4431393.0,281.6,281.53,281.52,281.51,281.5,281.48,281.46,281.45,281.43,281.42,281.7,281.78,282.27,282.55,282.56,282.59,282.63,282.74,282.88,282.99,1300,300,100,300,500,100,200,300,100,200,100,200,700,200,100,100,100,100,100,600
70.0,281.7,15700,4431393.0,281.6,281.53,281.52,281.51,281.5,281.48,281.46,281.45,281.43,281.42,281.7,281.78,282.27,282.55,282.56,282.59,282.63,282.74,282.88,282.99,1300,300,100,300,500,100,200,300,100,200,100,200,700,200,100,100,100,100,100,600
71.0,281.6,17100,4825643.0,281.53,281.52,281.51,281.5,281.48,281.46,281.45,281.43,281.42,281.4,281.78,282.27,282.55,282.56,282.59,282.63,282.74,282.88,282.99,283.0,200,100,300,400,100,100,300,100,200,100,400,700,200,100,100,100,100,100,600,100
72.0,281.6,17100,4825643.0,281.53,281.52,281.51,281.5,281.48,281.46,281.45,281.43,281.42,281.4,281.7,281.78,282.27,282.55,282.56,282.59,282.63,282.74,282.88,282.99,200,100,300,400,100,100,300,100,200,100,200,400,700,200,100,100,100,100,100,600
73.0,281.6,17100,4825643.0,281.53,281.52,281.51,281.5,281.48,281.46,281.45,281.43,281.42,281.4,281.7,281.78,282.27,282.55,282.56,282.59,282.63,282.74,282.88,282.99,200,100,300,400,100,100,300,100,200,100,200,400,700,200,100,100,100,100,100,600
74.0,281.04,20600,5810247.0,281.04,281.02,281.0,280.5,280.42,280.17,280.16,280.02,280.01,280.0,281.1,281.21,281.25,281.3,281.4,281.46,281.48,281.5,281.7,281.78,400,100,400,100,100,500,100,100,100,800,900,600,1100,100,300,100,100,300,300,400
75.0,281.0,21500,6063165.0,280.5,280.42,280.17,280.16,280.02,280.01,280.0,279.1,279.06,279.0,281.0,281.01,281.21,281.25,281.3,281.4,281.46,281.48,281.5,281.52,100,100,500,100,100,100,800,100,100,600,1000,100,600,1100,100,300,100,200,200,200
76.0,281.0,21600,6091265.0,280.5,280.42,280.17,280.16,280.02,280.01,280.0,279.1,279.06,279.0,281.0,281.01,281.25,281.3,281.4,281.46,281.48,281.5,281.52,281.53,200,100,500,100,100,100,800,100,100,600,900,100,100,100,300,100,100,200,200,200
77.0,281.24,23500,6624341.0,280.52,280.51,280.5,280.42,280.17,280.16,280.02,280.01,280.0,279.1,281.25,281.3,281.4,281.46,281.52,281.53,281.7,281.78,282.0,282.27,100,100,200,100,500,100,100,200,800,100,100,100,300,100,200,200,300,400,100,700
78.0,281.24,23500,6624341.0,280.52,280.5,280.42,280.17,280.16,280.02,280.01,280.0,279.1,279.06,281.25,281.3,281.4,281.46,281.52,281.53,281.7,281.78,282.0,282.27,100,200,100,500,100,100,200,800,100,100,100,100,300,100,200,300,300,400,100,700
79.0,281.25,23600,6652466.0,280.52,280.5,280.42,280.17,280.16,280.02,280.01,280.0,279.1,279.06,281.3,281.4,281.46,281.52,281.53,281.7,281.78,282.0,282.27,282.55,100,200,100,500,100,100,200,800,100,100,100,300,100,200,300,300,400,100,700,100
80.0,281.25,23600,6652466.0,280.52,280.5,280.42,280.17,280.16,280.02,280.01,280.0,279.1,279.06,281.3,281.4,281.46,281.52,281.53,281.7,281.78,282.0,282.27,282.55,200,200,100,500,100,100,200,800,100,100,100,300,100,200,300,300,400,100,700,100
81.0,281.4,23800,6708736.0,280.53,280.52,280.5,280.42,280.17,280.16,280.02,280.01,280.0,279.1,281.19,281.2,281.21,281.22,281.23,281.24,281.25,281.26,281.27,281.28,100,100,200,100,500,100,100,200,800,100,100,100,100,200,100,100,100,100,100,300
82.0,281.4,23800,6708736.0,280.52,280.5,280.42,280.17,280.16,280.02,280.01,280.0,279.1,279.06,281.1,281.11,281.12,281.19,281.2,281.21,281.22,281.23,281.24,281.25,100,200,100,500,100,100,200,800,100,100,100,200,300,100,100,100,200,100,100,100
83.0,281.4,23800,6708736.0,280.53,280.5,280.42,280.17,280.16,280.02,280.01,280.0,279.1,279.06,281.11,281.12,281.18,281.19,281.21,281.22,281.24,281.25,281.26,281.27,100,200,100,500,100,100,200,800,100,100,100,300,100,100,100,200,100,100,100,100
84.0,281.4,23800,6708736.0,280.53,280.5,280.42,280.17,280.16,280.02,280.01,280.0,279.1,279.06,281.11,281.12,281.18,281.22,281.24,281.25,281.26,281.27,281.28,281.34,100,200,100,500,100,100,200,800,100,100,100,300,100,100,100,100,100,100,300,100
85.0,280.53,24000,6764900.0,280.5,280.42,280.17,280.16,280.02,280.01,280.0,279.1,279.06,279.0,281.12,281.18,281.19,281.22,281.25,281.28,281.34,281.35,281.36,281.37,200,100,500,100,100,200,800,100,100,600,300,100,100,100,100,100,100,100,100,100
86.0,280.53,24000,6764900.0,280.5,280.42,280.17,280.16,280.02,280.01,280.0,279.1,279.06,279.0,281.1,281.12,281.18,281.19,281.22,281.25,281.28,281.34,281.35,281.36,200,100,500,100,100,200,1000,100,100,600,200,300,100,100,100,100,100,100,100,100
87.0,280.53,24000,6764900.0,280.53,280.5,280.42,280.18,280.17,280.16,280.02,280.01,280.0,279.1,281.1,281.12,281.18,281.19,281.22,281.25,281.28,281.34,281.35,281.36,100,200,100,100,500,100,100,200,1000,100,200,300,100,100,100,100,100,100,100,100
88.0,281.1,24400,6877223.0,280.5,280.42,280.18,280.17,280.16,280.02,280.01,280.0,279.1,279.06,280.9,281.11,281.12,281.18,281.19,281.22,281.25,281.28,281.34,281.35,100,100,100,500,100,100,200,1000,100,100,100,100,300,100,100,100,100,100,100,100
89.0,280.5,24500,6905273.0,280.42,280.18,280.17,280.16,280.02,280.01,280.0,279.1,279.06,279.0,280.9,281.1,281.11,281.12,281.18,281.19,281.22,281.25,281.28,281.34,100,100,500,100,100,200,1000,100,100,800,100,200,100,300,100,100,100,100,100,100
90.0,280.9,24600,6933363.0,280.5,280.42,280.18,280.17,280.16,280.02,280.01,280.0,279.1,279.06,281.1,281.11,281.12,281.18,281.19,281.22,281.25,281.28,281.34,281.35,100,100,100,500,100,100,200,1100,100,100,200,100,300,100,100,100,100,100,100,100
91.0,280.5,24700,6961413.0,280.42,280.18,280.17,280.16,280.02,280.01,280.0,279.1,279.06,279.0,281.0,281.07,281.1,281.11,281.12,281.18,281.19,281.22,281.25,281.28,100,100,500,100,100,200,1100,100,100,800,100,100,200,100,300,100,100,100,100,100
92.0,280.5,24700,6961413.0,280.53,280.42,280.18,280.17,280.16,280.1,280.02,280.01,280.0,279.1,281.0,281.07,281.1,281.11,281.12,281.18,281.19,281.22,281.25,281.28,200,100,100,500,100,500,100,200,1200,100,100,100,200,100,300,100,100,100,100,100
93.0,280.5,25000,7045569.0,280.5,280.42,280.18,280.17,280.16,280.1,280.02,280.01,280.0,279.1,281.0,281.1,281.11,281.12,281.18,281.19,281.22,281.25,281.28,281.34,100,100,100,500,100,500,100,200,1200,100,200,200,100,300,100,100,100,100,100,100
94.0,280.5,25100,7073619.0,280.42,280.18,280.17,280.16,280.1,280.02,280.01,280.0,279.1,279.06,281.0,281.1,281.11,281.12,281.18,281.19,281.22,281.25,281.28,281.34,100,100,500,100,500,100,200,1200,100,100,200,200,100,300,100,100,100,100,100,100
95.0,280.56,25200,7101675.0,280.42,280.18,280.17,280.16,280.1,280.02,280.01,280.0,279.1,279.06,280.97,281.0,281.1,281.11,281.12,281.18,281.19,281.22,281.25,281.28,100,100,500,100,500,100,200,1200,100,100,100,400,200,100,300,100,100,100,100,100
96.0,280.56,25200,7101675.0,280.42,280.18,280.17,280.16,280.1,280.02,280.01,280.0,279.1,279.06,280.97,281.0,281.1,281.11,281.12,281.18,281.19,281.22,281.25,281.28,100,100,500,100,500,100,200,1200,100,100,100,400,200,100,300,100,100,100,100,100
97.0,280.97,25300,7129772.0,280.54,280.42,280.18,280.17,280.16,280.1,280.02,280.01,280.0,279.1,281.0,281.1,281.11,281.12,281.18,281.19,281.22,281.25,281.28,281.34,100,100,100,500,100,500,100,200,1200,100,400,200,100,300,100,100,100,100,100,100
98.0,280.97,25300,7129772.0,280.54,280.42,280.18,280.17,280.16,280.1,280.02,280.01,280.0,279.1,281.0,281.1,281.11,281.12,281.18,281.19,281.22,281.25,281.28,281.34,100,100,100,500,100,500,100,200,1200,100,400,200,100,300,100,100,100,100,100,100
99.0,280.42,25500,7185868.0,280.18,280.17,280.16,280.1,280.06,280.02,280.01,280.0,279.1,279.06,280.96,280.97,281.0,281.1,281.11,281.12,281.18,281.19,281.22,281.25,100,500,100,500,100,100,200,700,100,100,100,100,300,200,100,300,100,100,100,100
100.0,280.42,25500,7185868.0,280.22,280.19,280.18,280.17,280.16,280.1,280.06,280.02,280.01,280.0,280.96,280.97,281.0,281.1,281.11,281.12,281.18,281.19,281.22,281.25,100,100,100,500,100,500,100,100,200,700,100,100,300,200,100,300,100,100,100,100
101.0,280.42,25500,7185868.0,280.22,280.19,280.18,280.17,280.16,280.1,280.06,280.02,280.01,280.0,280.96,280.97,281.0,281.1,281.11,281.12,281.18,281.19,281.22,281.25,100,100,100,500,100,500,100,100,200,700,100,100,300,200,100,300,100,100,100,100
102.0,280.42,25500,7185868.0,280.22,280.19,280.18,280.17,280.16,280.1,280.06,280.02,280.01,280.0,280.54,280.91,280.96,280.97,281.0,281.1,281.11,281.12,281.18,281.19,100,100,100,500,100,500,100,100,200,700,100,100,200,100,300,200,100,300,100,100
103.0,280.42,25500,7185868.0,280.22,280.19,280.18,280.17,280.16,280.1,280.08,280.06,280.02,280.01,280.54,280.91,280.96,280.97,281.0,281.1,281.11,281.12,281.18,281.19,100,100,100,500,100,500,200,100,200,200,100,100,200,100,300,200,100,300,100,100
104.0,280.18,25900,7297981.0,280.2,280.17,280.16,280.1,280.08,280.06,280.02,280.01,280.0,279.1,280.88,280.89,280.9,280.91,280.96,280.97,281.0,281.1,281.11,281.12,100,500,100,500,200,100,200,200,700,100,100,100,100,100,200,100,300,200,100,300
105.0,280.17,26100,7354018.0,280.17,280.16,280.1,280.08,280.06,280.02,280.01,280.0,279.1,279.06,280.86,280.87,280.88,280.89,280.9,280.91,280.96,280.97,281.0,281.1,400,100,800,200,100,200,100,700,100,100,100,100,100,100,100,100,200,100,300,200
106.0,280.18,27000,7606212.0,280.19,280.18,280.17,280.16,280.1,280.08,280.06,280.02,280.01,280.0,280.54,280.91,280.96,280.97,281.0,281.1,281.11,281.12,281.18,281.19,100,400,400,100,800,200,100,200,100,700,100,100,200,100,300,200,100,300,100,100
107.0,280.18,27000,7606212.0,280.19,280.18,280.17,280.16,280.1,280.08,280.06,280.02,280.01,280.0,280.54,280.91,280.96,280.97,281.0,281.1,281.11,281.12,281.18,281.19,200,300,400,100,800,200,100,200,100,700,100,100,200,100,300,200,100,300,100,100
108.0,280.18,27000,7606212.0,280.2,280.19,280.18,280.17,280.16,280.1,280.08,280.06,280.02,280.01,280.54,280.91,280.96,280.97,281.0,281.1,281.11,281.12,281.18,281.19,100,200,300,400,100,800,200,100,200,100,100,100,200,100,300,200,100,300,100,100
109.0,280.18,27000,7606212.0,280.2,280.19,280.18,280.17,280.16,280.1,280.08,280.06,280.02,280.01,280.54,280.87,280.91,280.96,280.97,281.0,281.1,281.11,281.12,281.18,100,200,300,400,100,800,200,100,200,100,100,100,100,200,100,300,200,100,300,100
110.0,280.18,27000,7606212.0,280.2,280.19,280.18,280.17,280.16,280.1,280.08,280.06,280.02,280.01,280.54,280.87,280.91,280.96,280.97,281.0,281.1,281.11,281.12,281.18,100,200,300,400,100,800,200,100,200,100,100,100,100,200,100,300,200,100,300,100
111.0,280.19,27400,7718324.0,280.18,280.17,280.16,280.1,280.08,280.06,280.02,280.01,280.0,279.15,280.54,280.87,280.91,280.96,280.97,281.0,281.1,281.11,281.12,281.18,400,400,100,800,200,100,200,100,800,100,100,100,100,200,100,300,200,100,300,100
112.0,280.19,27400,7718324.0,280.18,280.17,280.16,280.1,280.08,280.06,280.02,280.01,280.0,279.15,280.54,280.87,280.91,280.96,280.97,281.0,281.1,281.11,281.12,281.18,500,400,100,800,200,100,200,100,800,100,100,100,100,200,100,300,200,100,300,100
113.0,280.19,27400,7718324.0,280.18,280.17,280.16,280.1,280.08,280.06,280.02,280.01,280.0,279.15,280.54,280.87,280.91,280.96,280.97,281.0,281.1,281.11,281.12,281.18,500,400,100,800,200,100,200,100,800,100,100,100,100,200,100,300,200,100,300,100
114.0,280.54,27600,7774398.0,280.42,280.21,280.2,280.18,280.17,280.16,280.1,280.08,280.06,280.02,280.87,280.91,280.96,280.97,281.0,281.1,281.11,281.12,281.18,281.19,100,100,500,500,400,100,800,200,100,200,100,100,200,100,300,200,100,300,100,100
115.0,280.54,27600,7774398.0,280.42,280.21,280.2,280.18,280.17,280.16,280.1,280.08,280.06,280.02,280.54,280.87,280.91,280.96,280.97,281.0,281.1,281.11,281.12,281.18,100,100,400,500,400,100,800,200,100,200,100,100,100,200,100,300,200,100,300,100
116.0,280.54,27600,7774398.0,280.42,280.21,280.2,280.18,280.17,280.16,280.1,280.08,280.06,280.02,280.54,280.86,280.87,280.91,280.96,280.97,281.0,281.1,281.11,281.12,100,100,400,500,400,100,800,200,100,200,100,100,100,100,200,100,300,200,100,300
117.0,280.54,27600,7774398.0,280.42,280.21,280.2,280.18,280.17,280.16,280.1,280.08,280.06,280.02,280.54,280.86,280.87,280.91,280.96,280.97,281.0,281.1,281.11,281.12,100,100,200,600,400,100,800,200,100,200,100,100,100,100,200,100,300,200,100,300
118.0,280.54,27600,7774398.0,280.42,280.21,280.2,280.18,280.17,280.16,280.1,280.08,280.06,280.02,280.54,280.86,280.87,280.91,280.96,280.97,281.0,281.1,281.11,281.12,100,100,200,700,400,100,800,200,100,200,100,100,100,100,200,100,300,200,100,300
119.0,280.42,27700,7802440.0,280.21,280.2,280.18,280.17,280.16,280.1,280.08,280.06,280.02,280.01,280.54,280.86,280.87,280.91,280.96,280.97,281.0,281.1,281.11,281.12,100,200,700,400,100,800,200,100,200,100,100,100,100,100,200,100,500,200,100,300
120.0,280.41,27800,7830481.0,280.21,280.18,280.17,280.16,280.1,280.08,280.06,280.02,280.01,280.0,280.54,280.86,280.87,280.91,280.96,280.97,281.0,281.1,281.11,281.12,100,600,400,100,800,200,100,200,100,800,100,100,100,100,200,100,500,200,100,300
121.0,280.54,27900,7858535.0,280.54,280.21,280.18,280.17,280.16,280.1,280.08,280.06,280.02,280.01,280.86,280.87,280.91,280.96,280.97,281.0,281.1,281.11,281.12,281.18,100,100,500,400,100,800,200,100,200,100,100,100,100,200,100,500,200,100,300,100
122.0,280.54,27900,7858535.0,280.54,280.21,280.18,280.17,280.16,280.1,280.08,280.06,280.02,280.01,280.85,280.86,280.87,280.96,280.97,281.0,281.1,281.11,281.12,281.18,100,100,500,400,100,800,200,100,200,100,100,100,100,200,100,500,200,100,300,100
123.0,280.54,27900,7858535.0,280.54,280.21,280.2,280.18,280.17,280.16,280.1,280.08,280.06,280.02,280.79,280.85,280.86,280.87,280.96,280.97,281.0,281.1,281.11,281.12,100,100,300,500,400,100,800,200,100,200,100,100,100,100,200,100,500,200,100,300
124.0,280.2,28200,7942630.0,280.21,280.2,280.18,280.17,280.16,280.1,280.08,280.06,280.02,280.01,280.79,280.85,280.86,280.87,280.96,280.97,281.0,281.1,281.11,281.12,100,200,500,400,100,800,200,100,200,100,200,100,100,100,200,100,500,200,100,300
125.0,280.2,28200,7942630.0,280.21,280.2,280.18,280.17,280.16,280.1,280.08,280.06,280.02,280.01,280.79,280.85,280.86,280.87,280.96,280.97,281.0,281.1,281.11,281.12,100,200,500,400,100,800,200,100,200,100,300,100,100,100,200,100,500,200,100,300
126.0,280.2,28200,7942630.0,280.54,280.23,280.2,280.18,280.17,280.16,280.1,280.08,280.06,280.02,280.79,280.86,280.87,280.96,280.97,281.0,281.1,281.11,281.12,281.18,600,200,200,500,400,100,800,200,100,200,300,100,100,200,100,500,200,100,300,100
127.0,280.54,28800,8110954.0,280.25,280.24,280.23,280.2,280.18,280.17,280.16,280.1,280.08,280.06,280.79,280.86,280.87,280.96,280.97,281.0,281.1,281.11,281.12,281.18,200,100,200,200,500,400,100,800,200,100,300,100,100,200,100,500,200,100,300,100
128.0,280.79,28900,8139033.0,280.25,280.24,280.23,280.2,280.18,280.17,280.16,280.1,280.08,280.06,280.79,280.86,280.87,280.96,280.97,281.0,281.1,281.11,281.12,281.18,200,100,200,200,500,400,100,800,200,100,200,100,100,200,100,500,200,100,300,100
129.0,280.25,29200,8223111.0,280.25,280.24,280.23,280.2,280.18,280.17,280.16,280.1,280.08,280.06,280.79,280.86,280.87,280.96,280.97,281.0,281.1,281.11,281.12,281.18,100,100,200,200,400,400,100,800,200,100,300,100,100,200,100,400,200,100,300,100
130.0,281.19,30900,8700778.0,280.87,280.86,280.84,280.32,280.3,280.26,280.25,280.24,280.23,280.2,281.46,281.52,281.53,281.98,282.27,282.55,282.56,282.63,282.74,282.88,200,100,100,200,200,100,100,100,200,300,100,200,200,100,400,100,100,100,100,100
131.0,281.19,30900,8700778.0,280.94,280.88,280.87,280.86,280.84,280.32,280.3,280.26,280.25,280.24,281.46,281.52,281.53,281.98,282.27,282.55,282.56,282.63,282.74,282.88,200,100,200,100,200,200,200,100,100,100,100,200,200,100,400,100,100,100,100,100
132.0,281.19,30900,8700778.0,280.94,280.88,280.87,280.86,280.84,280.32,280.3,280.26,280.25,280.24,281.46,281.52,281.53,281.98,282.27,282.55,282.56,282.63,282.74,282.88,200,100,200,100,200,200,200,100,100,100,100,200,200,100,400,100,100,100,100,100
133.0,281.46,31000,8728924.0,281.02,280.96,280.95,280.88,280.87,280.86,280.84,280.32,280.3,280.26,281.52,281.53,281.98,282.27,282.55,282.56,282.63,282.74,282.88,282.99,200,100,100,100,200,100,300,100,200,100,200,200,100,400,100,100,100,100,100,100
134.0,281.46,31000,8728924.0,281.03,280.95,280.87,280.86,280.84,280.32,280.3,280.26,280.25,280.24,281.52,281.53,281.98,282.27,282.55,282.56,282.63,282.74,282.88,282.99,100,100,200,100,300,100,200,100,100,100,200,200,100,400,100,100,100,100,100,100
135.0,281.46,31000,8728924.0,281.03,280.95,280.88,280.87,280.86,280.84,280.32,280.3,280.26,280.25,281.52,281.53,281.98,282.27,282.55,282.56,282.63,282.74,282.88,282.99,100,100,100,200,100,200,100,200,100,200,200,200,100,400,100,100,100,100,100,100
136.0,281.46,31000,8728924.0,281.03,280.95,280.88,280.87,280.86,280.84,280.32,280.3,280.26,280.25,281.52,281.53,281.98,282.27,282.55,282.56,282.63,282.74,282.88,282.99,100,200,100,200,100,100,100,200,100,200,200,200,100,400,100,100,100,100,100,100
137.0,281.46,31000,8728924.0,281.03,280.95,280.88,280.87,280.86,280.84,280.32,280.3,280.26,280.25,281.52,281.53,281.98,282.27,282.55,282.56,282.63,282.74,282.88,282.99,100,200,100,200,100,100,100,200,100,200,200,200,100,400,100,100,100,100,100,100
138.0,281.46,31000,8728924.0,281.2,281.03,280.95,280.88,280.87,280.32,280.3,280.26,280.25,280.24,281.52,281.53,281.98,282.27,282.55,282.56,282.63,282.74,282.88,282.99,100,300,200,100,200,100,200,100,200,100,200,200,100,400,100,100,100,100,100,100
139.0,281.46,31000,8728924.0,281.2,281.03,280.95,280.88,280.87,280.32,280.3,280.26,280.25,280.24,281.52,281.53,281.98,282.27,282.55,282.56,282.63,282.74,282.88,282.99,100,200,200,100,200,100,200,100,200,100,200,200,100,400,100,100,100,100,100,100
140.0,281.52,31100,8757076.0,281.2,281.03,280.95,280.88,280.87,280.32,280.3,280.26,280.25,280.24,281.52,281.53,281.98,282.27,282.55,282.56,282.63,282.74,282.88,282.99,100,200,100,100,200,100,200,100,200,100,100,200,100,400,100,100,100,100,100,100
141.0,281.52,31200,8785228.0,281.2,281.03,281.0,280.95,280.88,280.87,280.32,280.3,280.26,280.25,281.53,281.98,282.27,282.55,282.56,282.63,282.74,282.88,282.99,283.75,100,200,100,100,100,200,100,200,100,300,200,100,400,100,100,100,100,100,100,100
142.0,281.52,31200,8785228.0,281.2,281.03,281.0,280.95,280.88,280.87,280.32,280.3,280.26,280.25,281.53,281.98,282.27,282.55,282.56,282.63,282.74,282.88,282.99,283.75,100,200,100,100,100,200,100,200,100,300,200,100,400,100,100,100,100,100,100,100
143.0,281.52,31200,8785228.0,281.2,281.03,281.0,280.95,280.88,280.87,280.32,280.3,280.26,280.25,281.53,281.98,282.27,282.55,282.56,282.63,282.74,282.88,282.99,283.75,100,200,100,100,100,200,100,200,100,300,200,100,400,100,100,100,100,100,100,100
144.0,281.52,31200,8785228.0,281.2,281.03,281.0,280.95,280.88,280.87,280.32,280.3,280.26,280.25,281.53,281.98,282.27,282.55,282.56,282.63,282.74,282.88,282.99,283.75,100,200,100,100,100,200,100,200,100,300,200,100,400,100,100,100,100,100,100,100
145.0,281.2,31300,8813348.0,281.04,281.03,281.0,280.95,280.88,280.87,280.32,280.3,280.26,280.25,281.53,281.98,282.27,282.55,282.56,282.63,282.74,282.88,282.99,283.75,100,200,100,100,100,200,100,200,100,300,200,100,400,100,100,100,100,100,100,100
146.0,281.2,31300,8813348.0,281.04,281.03,281.0,280.95,280.88,280.87,280.32,280.3,280.26,280.25,281.53,281.98,282.27,282.55,282.56,282.63,282.74,282.88,282.99,283.75,100,200,100,100,100,200,100,200,100,300,200,100,400,100,100,100,100,100,100,100
147.0,281.03,31600,8897658.0,281.0,280.95,280.88,280.87,280.79,280.32,280.3,280.26,280.25,280.24,281.53,281.98,282.27,282.55,282.56,282.63,282.74,282.88,282.99,283.75,100,100,100,200,100,100,200,100,200,100,200,100,400,100,100,100,100,100,100,100
148.0,281.03,31600,8897658.0,281.0,280.95,280.88,280.87,280.79,280.32,280.3,280.26,280.25,280.24,281.53,281.98,282.27,282.55,282.56,282.63,282.74,282.88,282.99,283.75,100,100,100,200,100,100,200,100,200,100,200,100,400,100,100,100,100,100,100,100
149.0,281.03,31600,8897658.0,281.0,280.95,280.88,280.87,280.79,280.32,280.3,280.26,280.25,280.24,281.53,281.98,282.27,282.55,282.56,282.63,282.74,282.88,282.99,283.75,100,100,100,200,100,100,200,100,200,100,200,100,400,100,100,100,100,100,100,100
150.0,281.03,31600,8897658.0,281.0,280.87,280.79,280.32,280.3,280.26,280.25,280.24,280.23,280.2,281.52,281.53,281.98,282.27,282.55,282.56,282.63,282.74,282.88,282.99,100,200,100,100,200,100,200,100,200,500,100,200,100,400,100,100,100,100,100,100
151.0,281.03,31600,8897658.0,281.0,280.87,280.79,280.32,280.3,280.26,280.25,280.24,280.23,280.2,281.52,281.53,281.98,282.27,282.55,282.56,282.63,282.74,282.88,282.99,100,200,100,100,200,100,200,100,200,500,100,200,100,400,100,100,100,100,100,100
152.0,281.03,31600,8897658.0,281.0,280.87,280.79,280.32,280.3,280.26,280.25,280.24,280.23,280.2,281.52,281.53,281.98,282.27,282.55,282.56,282.63,282.74,282.88,282.99,100,200,100,100,200,100,200,100,200,500,100,200,100,400,100,100,100,100,100,100
153.0,281.03,31600,8897658.0,281.0,280.87,280.79,280.32,280.3,280.26,280.25,280.24,280.23,280.2,281.52,281.53,281.98,282.27,282.55,282.56,282.63,282.74,282.88,282.99,200,200,100,100,200,100,200,100,200,500,100,200,100,400,100,100,100,100,100,100
154.0,281.0,31800,8953858.0,280.87,280.79,280.32,280.3,280.26,280.25,280.24,280.23,280.2,280.18,281.52,281.53,281.98,282.27,282.55,282.56,282.63,282.74,282.88,282.99,200,100,100,200,100,200,100,200,500,200,100,200,100,400,100,100,100,100,100,100
155.0,281.0,31800,8953858.0,280.87,280.79,280.32,280.3,280.26,280.25,280.24,280.23,280.2,280.18,281.52,281.53,281.98,282.27,282.55,282.56,282.63,282.74,282.88,282.99,200,100,100,200,100,200,100,200,500,200,100,200,100,400,100,100,100,100,100,100
156.0,281.0,31800,8953858.0,280.87,280.79,280.32,280.3,280.26,280.25,280.24,280.23,280.2,280.18,281.52,281.53,281.98,282.27,282.55,282.56,282.63,282.74,282.88,282.99,200,100,100,200,100,200,100,200,500,200,100,200,100,400,100,100,100,100,100,100
157.0,281.52,31900,8982010.0,280.87,280.32,280.3,280.26,280.25,280.24,280.23,280.2,280.18,280.17,281.53,281.98,282.27,282.55,282.56,282.63,282.74,282.88,282.99,283.75,200,100,200,100,200,100,200,500,200,500,200,100,400,100,100,100,100,100,100,100
158.0,280.87,32100,9038184.0,281.04,280.96,280.89,280.88,280.32,280.3,280.26,280.25,280.24,280.23,281.53,281.98,282.27,282.55,282.56,282.63,282.74,282.88,282.99,283.75,400,100,100,1100,100,200,100,200,100,200,200,100,400,100,100,100,100,100,100,100
159.0,280.87,32100,9038184.0,281.04,281.0,280.89,280.88,280.32,280.3,280.26,280.25,280.24,280.23,281.53,281.98,282.27,282.55,282.56,282.63,282.74,282.88,282.99,283.75,400,700,100,1100,100,200,100,200,100,200,200,100,400,100,100,100,100,100,100,100
160.0,280.87,32100,9038184.0,281.04,281.0,280.89,280.88,280.32,280.3,280.26,280.25,280.24,280.23,281.53,281.98,282.27,282.55,282.56,282.63,282.74,282.88,282.99,283.75,400,700,100,1100,100,200,100,200,100,200,200,100,400,100,100,100,100,100,100,100
161.0,281.53,32300,9094490.0,281.18,281.06,281.05,281.04,281.0,280.89,280.88,280.32,280.3,280.26,281.98,282.27,282.55,282.56,282.63,282.74,282.88,282.99,283.75,283.76,100,100,200,400,700,100,1100,100,200,100,100,400,100,100,100,100,100,100,100,100
162.0,281.53,32300,9094490.0,281.18,281.06,281.05,281.04,281.0,280.89,280.88,280.32,280.3,280.26,281.98,282.27,282.55,282.56,282.63,282.74,282.88,282.99,283.75,283.76,100,100,100,400,700,100,1100,200,200,100,100,400,100,100,100,100,100,100,100,100
163.0,281.18,32400,9122608.0,281.05,281.04,281.0,280.88,280.32,280.3,280.26,280.25,280.24,280.23,281.75,281.96,281.97,281.98,282.27,282.55,282.56,282.63,282.74,282.88,100,400,700,1100,200,200,100,200,100,200,100,100,100,100,400,100,100,100,100,100
164.0,281.18,32400,9122608.0,281.05,281.04,281.0,280.88,280.32,280.3,280.26,280.25,280.24,280.23,281.75,281.96,281.97,281.98,282.27,282.55,282.56,282.63,282.74,282.88,100,400,700,1100,200,200,100,200,100,200,100,100,100,100,400,100,100,100,100,100
165.0,281.06,32700,9206926.0,281.17,281.08,281.07,281.06,281.05,281.0,280.88,280.32,280.3,280.26,281.73,281.97,281.98,282.27,282.55,282.56,282.63,282.74,282.88,282.99,600,200,200,1300,100,700,1100,200,200,100,100,100,100,400,100,100,100,100,100,100
166.0,281.06,32700,9206926.0,281.17,281.08,281.07,281.06,281.05,281.0,280.88,280.32,280.3,280.26,281.73,281.97,281.98,282.27,282.55,282.56,282.63,282.74,282.88,282.99,600,200,200,1000,100,700,1100,200,200,100,100,100,100,400,100,100,100,100,100,100
167.0,281.06,32700,9206926.0,281.26,281.18,281.08,281.07,281.06,281.05,281.0,280.88,280.32,280.3,281.97,281.98,282.27,282.55,282.56,282.63,282.74,282.88,282.99,283.75,600,100,200,200,1000,100,700,1100,200,200,100,100,400,100,100,100,100,100,100,100
168.0,281.06,32700,9206926.0,281.27,281.26,281.18,281.08,281.07,281.06,281.05,281.0,280.88,280.32,281.95,281.97,281.98,282.27,282.55,282.56,282.63,282.74,282.88,282.99,200,600,100,200,100,600,100,700,1100,200,100,100,100,400,100,100,100,100,100,100
169.0,281.06,32700,9206926.0,281.27,281.26,281.18,281.08,281.07,281.06,281.05,281.0,280.88,280.32,281.95,281.97,281.98,282.27,282.55,282.56,282.63,282.74,282.88,282.99,300,600,100,200,100,600,100,700,1100,200,100,100,100,400,100,100,100,100,100,100
170.0,281.26,33100,9319433.0,281.26,281.18,281.08,281.07,281.05,281.0,280.88,280.32,280.3,280.26,281.67,281.74,281.97,281.98,282.27,282.55,282.56,282.63,282.74,282.88,500,100,200,100,100,700,1100,200,200,100,100,100,200,100,400,100,100,100,100,100
171.0,281.26,33100,9319433.0,281.26,281.18,281.17,281.07,281.0,280.88,280.32,280.3,280.26,280.25,281.5,281.74,281.97,281.98,282.27,282.55,282.56,282.63,282.74,282.88,500,100,200,100,700,1100,200,200,100,200,100,100,200,100,400,100,100,100,100,100
172.0,281.26,33200,9347559.0,281.18,281.17,281.0,280.88,280.32,280.3,280.26,280.25,280.24,280.23,281.5,281.74,281.94,281.97,281.98,282.27,282.55,282.56,282.63,282.74,100,200,700,1100,200,200,100,200,100,200,200,100,100,200,100,400,100,100,100,100
173.0,281.18,33400,9403795.0,281.17,281.0,280.88,280.32,280.3,280.26,280.25,280.24,280.23,280.2,281.18,281.27,281.49,281.5,281.74,281.94,281.97,281.98,282.27,282.55,200,700,1000,200,200,100,200,100,200,500,200,100,100,200,100,100,200,100,400,100
174.0,281.18,33600,9460031.0,281.17,281.0,280.88,280.32,280.3,280.26,280.25,280.23,280.2,280.18,281.27,281.49,281.5,281.74,281.94,281.97,281.98,282.27,282.55,282.56,200,700,1000,200,200,100,200,200,500,200,100,100,200,100,100,200,100,400,100,100
175.0,281.18,33600,9460031.0,281.17,281.03,281.0,280.88,280.32,280.3,280.26,280.25,280.23,280.2,281.27,281.49,281.5,281.74,281.94,281.97,281.98,282.27,282.55,282.56,200,100,700,1000,200,200,100,200,200,500,100,100,200,100,100,200,100,400,100,100
176.0,281.18,33600,9460031.0,281.17,281.03,281.0,280.88,280.32,280.3,280.26,280.25,280.23,280.2,281.27,281.49,281.5,281.74,281.94,281.97,281.98,282.27,282.55,282.56,200,100,700,1000,200,200,100,200,200,500,100,100,200,100,100,200,100,400,100,100
177.0,281.27,33700,9488158.0,281.17,281.03,281.0,280.88,280.32,280.3,280.26,280.25,280.23,280.2,281.46,281.5,281.74,281.94,281.97,281.98,282.27,282.55,282.56,282.63,200,100,700,1000,200,200,100,200,200,500,100,200,100,100,200,100,400,100,100,100
178.0,281.27,33700,9488158.0,281.17,281.03,281.0,280.88,280.32,280.3,280.26,280.25,280.23,280.2,281.18,281.5,281.74,281.94,281.97,281.98,282.27,282.55,282.56,282.63,200,100,700,1000,200,200,100,200,200,500,100,200,100,100,200,100,400,100,100,100
179.0,281.27,33700,9488158.0,281.17,281.03,281.0,280.88,280.32,280.3,280.26,280.25,280.23,280.2,281.18,281.5,281.74,281.94,281.97,281.98,282.27,282.55,282.56,282.63,200,100,700,1000,200,200,100,200,200,400,100,200,100,100,200,100,400,100,100,100
180.0,281.27,33700,9488158.0,281.17,281.03,281.0,280.88,280.32,280.3,280.26,280.25,280.23,280.2,281.18,281.5,281.74,281.94,281.97,281.98,282.27,282.55,282.56,282.63,200,100,800,1000,200,200,100,200,200,400,100,200,100,100,200,100,400,100,100,100
181.0,282.0,34900,9826336.0,281.17,281.03,281.0,280.88,280.32,280.3,280.26,280.25,280.23,280.2,281.78,281.96,281.97,281.98,281.99,282.0,282.27,282.55,282.56,282.63,200,100,800,1000,200,200,200,200,200,400,100,100,100,100,100,800,500,100,100,100
182.0,282.0,34900,9826336.0,281.17,281.03,281.0,280.88,280.32,280.3,280.26,280.25,280.23,280.2,281.78,281.96,281.98,281.99,282.0,282.27,282.55,282.56,282.63,282.74,200,100,800,1000,200,200,200,200,200,400,100,100,100,100,800,400,100,100,100,100
183.0,281.17,35100,9882570.0,281.03,281.0,280.88,280.32,280.3,280.26,280.25,280.23,280.2,280.18,281.78,281.96,281.98,282.0,282.27,282.55,282.56,282.63,282.74,282.88,100,800,1000,200,200,200,200,200,400,300,100,100,100,800,400,100,100,100,100,100
184.0,281.17,35100,9882570.0,281.03,281.0,280.88,280.32,280.3,280.26,280.25,280.23,280.2,280.18,281.78,281.94,281.95,281.96,281.98,282.0,282.27,282.55,282.56,282.63,100,800,1000,200,200,200,200,200,500,300,100,100,200,100,100,800,400,100,100,100
185.0,281.17,35100,9882570.0,281.03,281.0,280.88,280.32,280.3,280.26,280.25,280.23,280.2,280.18,281.78,281.94,281.95,281.96,281.98,282.0,282.27,282.55,282.56,282.63,100,800,1000,200,200,200,200,200,500,200,100,100,200,100,100,800,400,100,100,100
186.0,281.03,35300,9938776.0,281.03,281.0,280.88,280.32,280.3,280.26,280.25,280.23,280.2,280.18,281.78,281.96,281.98,282.27,282.55,282.56,282.63,282.74,282.88,282.99,100,800,1000,200,200,200,200,200,500,200,100,100,100,400,100,100,100,100,100,100
187.0,281.78,35400,9966954.0,281.03,281.0,280.88,280.32,280.3,280.26,280.25,280.23,280.2,280.18,281.96,281.98,282.27,282.55,282.56,282.63,282.74,282.88,282.99,283.75,100,800,1000,200,200,200,200,200,500,200,100,100,400,100,100,100,100,100,100,100
188.0,281.78,35400,9966954.0,281.24,281.2,281.17,281.15,281.13,281.12,281.07,281.04,281.03,281.0,281.96,281.98,282.27,282.55,282.56,282.63,282.74,282.88,282.99,283.75,100,300,100,100,100,100,100,100,100,800,100,100,400,100,100,100,100,100,100,100
189.0,281.24,35500,9995078.0,281.21,281.2,281.17,281.15,281.13,281.12,281.07,281.04,281.0,280.88,281.96,281.98,282.27,282.55,282.56,282.63,282.74,282.88,282.99,283.75,100,300,100,100,100,100,100,100,800,1000,100,100,400,100,100,100,100,100,100,100
190.0,281.24,35500,9995078.0,281.21,281.2,281.17,281.15,281.13,281.12,281.07,281.04,281.0,280.88,281.96,281.98,282.27,282.55,282.56,282.63,282.74,282.88,282.99,283.75,100,300,100,100,100,100,100,100,800,1000,100,100,400,100,100,100,100,100,100,100
191.0,281.24,35500,9995078.0,281.21,281.2,281.13,281.07,281.04,281.0,280.88,280.32,280.3,280.26,281.96,281.97,281.98,282.27,282.55,282.56,282.63,282.74,282.88,282.99,100,300,100,200,100,800,1000,200,200,200,100,100,100,400,100,100,100,100,100,100
192.0,281.24,35500,9995078.0,281.21,281.2,281.13,281.07,281.04,281.0,280.88,280.32,280.3,280.26,281.96,281.97,281.98,282.27,282.55,282.56,282.63,282.74,282.88,282.99,100,300,100,100,100,800,1000,200,200,200,100,100,100,400,100,100,100,100,100,100
193.0,281.24,35500,9995078.0,281.21,281.2,281.13,281.07,281.04,281.0,280.88,280.32,280.3,280.26,281.96,281.97,281.98,282.27,282.55,282.56,282.63,282.74,282.88,282.99,100,300,100,100,100,800,1000,200,200,200,100,100,100,400,100,100,100,100,100,100
194.0,281.24,35500,9995078.0,281.21,281.2,281.13,281.07,281.04,281.03,281.0,280.88,280.32,280.3,281.96,281.97,281.98,282.27,282.55,282.56,282.63,282.74,282.88,282.99,100,300,100,100,100,100,800,1000,200,200,100,100,100,400,100,100,100,100,100,100
195.0,281.24,35500,9995078.0,281.21,281.2,281.13,281.07,281.03,281.0,280.88,280.32,280.3,280.26,281.96,281.97,281.98,282.27,282.55,282.56,282.63,282.74,282.88,282.99,100,300,100,100,100,800,1000,200,200,200,100,100,100,400,100,100,100,100,100,100
196.0,281.21,35700,10051395.0,281.2,281.13,281.07,281.03,281.0,280.88,280.32,280.3,280.26,280.25,281.97,281.98,282.27,282.55,282.56,282.63,282.74,282.88,282.99,283.75,300,100,100,100,800,1000,200,200,200,200,100,100,400,100,100,100,100,100,100,100
197.0,281.21,35700,10051395.0,281.2,281.13,281.03,281.0,280.88,280.32,280.3,280.26,280.25,280.23,281.96,281.97,281.98,282.27,282.55,282.56,282.63,282.74,282.88,282.99,200,100,100,800,1000,200,200,200,200,200,100,200,100,400,100,100,100,100,100,100
198.0,281.21,35700,10051395.0,281.2,281.13,281.03,281.0,280.88,280.32,280.3,280.26,280.25,280.23,281.95,281.96,281.97,281.98,282.27,282.55,282.56,282.63,282.74,282.88,300,100,100,800,1000,200,200,200,200,200,100,100,200,100,400,100,100,100,100,100
199.0,281.21,35700,10051395.0,281.2,281.13,281.03,281.0,280.88,280.32,280.3,280.26,280.25,280.23,281.95,281.96,281.97,281.98,282.27,282.55,282.56,282.63,282.74,282.88,300,100,100,800,1000,200,200,200,200,200,100,100,200,100,400,100,100,100,100,100
200.0,281.21,35700,10051395.0,281.2,281.13,281.03,281.0,280.88,280.32,280.3,280.26,280.25,280.23,281.95,281.96,281.97,281.98,282.27,282.55,282.56,282.63,282.74,282.88,300,100,100,800,1000,200,200,200,200,200,100,100,200,100,400,100,100,100,100,100
201.0,281.2,35900,10107635.0,281.23,281.2,281.03,281.0,280.88,280.32,280.3,280.26,280.25,280.23,281.87,281.94,281.95,281.96,281.97,281.98,282.27,282.55,282.56,282.63,100,100,100,800,1000,200,200,200,200,200,100,200,100,100,200,100,400,100,100,100
202.0,281.23,36000,10135758.0,281.23,281.2,281.03,281.0,280.88,280.32,280.3,280.26,280.25,280.23,281.87,281.94,281.95,281.96,281.97,281.98,282.27,282.55,282.56,282.63,200,100,100,800,1000,200,200,200,200,200,100,200,100,100,200,100,400,100,100,100
203.0,281.23,36000,10135758.0,281.23,281.2,281.03,281.0,280.88,280.32,280.3,280.26,280.25,280.23,281.87,281.94,281.95,281.96,281.97,281.98,282.27,282.55,282.56,282.63,200,100,100,800,1000,200,200,200,200,200,100,200,100,100,200,100,400,100,100,100
204.0,281.23,36000,10135758.0,281.23,281.2,281.03,281.0,280.88,280.32,280.3,280.26,280.25,280.23,281.87,281.94,281.95,281.96,281.97,281.98,282.27,282.55,282.56,282.63,200,100,100,800,1000,200,200,200,200,200,100,200,100,100,200,100,400,100,100,100
205.0,281.23,36000,10135758.0,281.23,281.2,281.03,281.0,280.88,280.32,280.3,280.26,280.25,280.23,281.87,281.94,281.95,281.96,281.97,281.98,282.27,282.55,282.56,282.63,200,100,100,800,1000,200,200,200,200,200,100,200,100,100,200,100,400,100,100,100
206.0,281.23,36000,10135758.0,281.23,281.2,281.03,281.0,280.88,280.32,280.3,280.26,280.25,280.23,281.87,281.94,281.95,281.96,281.97,281.98,282.27,282.55,282.56,282.63,200,100,100,800,1000,200,200,200,200,200,100,200,100,100,200,100,400,100,100,100
207.0,281.87,36300,10220319.0,281.23,281.2,281.03,281.0,280.88,280.32,280.3,280.26,280.25,280.23,281.85,281.86,281.87,281.96,281.97,281.98,282.27,282.55,282.56,282.63,200,100,100,800,1000,200,200,200,200,200,100,200,2300,100,200,100,400,100,100,100
208.0,281.87,36300,10220319.0,281.23,281.2,281.03,281.0,280.88,280.32,280.3,280.26,280.25,280.23,281.85,281.86,281.87,281.96,281.97,281.98,282.27,282.55,282.56,282.63,200,100,100,800,1000,200,200,200,200,200,100,200,2200,100,200,100,400,100,100,100
209.0,281.23,36600,10304688.0,281.2,281.03,281.0,280.88,280.32,280.3,280.26,280.25,280.23,280.2,281.84,281.85,281.86,281.87,281.96,281.97,281.98,282.27,282.55,282.56,100,100,800,1000,200,200,200,200,200,1000,100,100,200,800,100,200,100,400,100,100
210.0,281.23,36600,10304688.0,281.2,281.03,281.0,280.88,280.32,280.3,280.26,280.25,280.23,280.2,281.84,281.85,281.86,281.87,281.96,281.97,281.98,282.27,282.55,282.56,100,100,800,1000,200,200,200,200,200,1000,100,100,200,800,100,200,100,400,100,100
211.0,281.2,36700,10332808.0,281.03,281.0,280.88,280.32,280.3,280.26,280.25,280.23,280.2,280.18,281.84,281.85,281.86,281.87,281.96,281.97,281.98,282.27,282.55,282.56,100,800,1000,200,200,200,200,200,1000,200,100,100,100,600,100,200,100,400,100,100
212.0,281.2,36700,10332808.0,281.03,281.0,280.88,280.32,280.3,280.26,280.25,280.23,280.2,280.18,281.84,281.85,281.86,281.87,281.96,281.97,281.98,282.27,282.55,282.56,100,800,1000,200,200,200,200,200,1000,200,100,100,100,400,100,200,100,400,100,100
213.0,281.2,36700,10332808.0,281.03,281.0,280.88,280.32,280.3,280.26,280.25,280.23,280.2,280.18,281.84,281.85,281.86,281.87,281.96,281.97,281.98,282.27,282.55,282.56,100,800,1000,200,200,200,200,200,1000,200,100,100,100,400,100,200,100,400,100,100
214.0,281.2,36700,10332808.0,281.03,281.0,280.32,280.3,280.26,280.25,280.23,280.2,280.18,280.17,281.84,281.85,281.86,281.87,281.96,281.97,281.98,282.27,282.55,282.56,100,800,200,200,200,200,200,1000,200,500,100,100,100,400,100,200,100,400,100,100
215.0,281.83,37100,10445537.0,281.05,281.04,281.03,281.0,280.32,280.3,280.26,280.25,280.23,280.2,281.84,281.85,281.97,281.98,282.27,282.55,282.56,282.63,282.74,282.88,100,200,100,800,200,200,200,200,200,1000,500,100,200,100,400,100,100,100,100,100
216.0,281.04,37400,10529850.0,281.03,281.0,280.32,280.3,280.26,280.25,280.23,280.2,280.18,280.17,281.84,281.85,281.97,281.98,282.27,282.55,282.56,282.63,282.74,282.88,100,800,200,200,200,200,200,1000,200,500,500,100,100,100,100,100,100,100,100,100
217.0,281.05,37500,10557955.0,281.04,281.03,281.0,280.32,280.3,280.26,280.25,280.23,280.2,280.18,281.84,281.85,281.97,281.98,282.27,282.55,282.56,282.63,282.74,282.88,100,100,800,200,200,200,200,200,1000,200,500,100,100,100,100,100,100,100,100,100
218.0,281.84,37600,10586139.0,281.04,281.03,281.0,280.32,280.3,280.26,280.25,280.23,280.2,280.18,281.83,281.84,281.85,281.97,281.98,282.27,282.55,282.56,282.63,282.74,100,100,800,200,200,200,200,200,1000,200,200,600,100,100,100,100,100,100,100,100
219.0,281.0,37900,10670446.0,281.0,280.32,280.3,280.26,280.25,280.23,280.2,280.18,280.17,280.16,281.71,281.81,281.82,281.84,281.85,281.97,281.98,282.27,282.55,282.56,700,200,200,200,200,200,1000,100,500,100,100,200,300,600,100,100,100,100,100,100
220.0,281.0,37900,10670446.0,281.0,280.32,280.3,280.26,280.25,280.23,280.2,280.18,280.17,280.16,281.7,281.71,281.81,281.82,281.84,281.85,281.97,281.98,282.27,282.55,700,200,200,200,200,200,1000,100,500,100,200,100,200,300,500,100,100,100,100,100
221.0,281.7,38000,10698616.0,281.0,280.32,280.3,280.26,280.25,280.23,280.2,280.18,280.17,280.16,281.7,281.71,281.81,281.82,281.84,281.85,281.97,281.98,282.27,282.55,700,200,500,200,200,200,1000,100,500,100,100,100,200,300,500,100,100,100,100,100
222.0,281.7,38000,10698616.0,281.0,280.33,280.32,280.3,280.26,280.25,280.23,280.2,280.18,280.17,281.7,281.71,281.81,281.82,281.84,281.85,281.97,281.98,282.27,282.55,700,1000,200,500,200,200,200,1000,100,500,100,100,200,300,500,100,100,100,100,100
223.0,281.7,38000,10698616.0,281.01,281.0,280.33,280.32,280.3,280.26,280.25,280.23,280.2,280.18,281.7,281.81,281.82,281.84,281.85,281.97,281.98,282.27,282.55,282.56,100,700,1000,200,500,200,200,200,1000,100,100,100,300,500,100,100,100,100,100,100
224.0,281.0,38500,10839119.0,281.02,281.01,281.0,280.33,280.32,280.3,280.26,280.25,280.23,280.2,281.84,281.85,281.97,281.98,282.27,282.55,282.56,282.63,282.74,282.88,100,500,400,1000,200,500,200,200,200,1000,500,100,100,100,100,100,100,100,100,100
225.0,281.0,38500,10839119.0,281.22,281.18,281.12,281.11,281.1,281.02,281.01,281.0,280.33,280.32,281.84,281.97,281.98,282.27,282.55,282.56,282.63,282.74,282.88,282.99,200,100,100,100,100,100,500,400,1000,200,500,100,100,100,100,100,100,100,100,100
226.0,281.0,38500,10839119.0,281.22,281.18,281.12,281.11,281.1,281.02,281.01,281.0,280.33,280.32,281.84,281.97,281.98,282.27,282.55,282.56,282.63,282.74,282.88,282.99,200,100,100,100,100,100,500,400,1000,200,500,100,100,100,100,100,100,100,100,100
227.0,281.12,38900,10951593.0,281.11,281.1,281.02,281.01,281.0,280.33,280.32,280.3,280.26,280.25,281.84,281.97,281.98,282.27,282.55,282.56,282.63,282.74,282.88,282.99,200,100,100,500,400,1000,200,500,200,200,500,100,100,100,100,100,100,100,100,100
228.0,281.12,38900,10951593.0,281.11,281.1,281.02,281.01,281.0,280.33,280.32,280.3,280.26,280.25,281.84,281.97,281.98,282.27,282.55,282.56,282.63,282.74,282.88,282.99,200,100,100,500,400,1000,200,500,200,200,500,100,100,100,100,100,100,100,100,100
229.0,281.84,39000,10979777.0,281.11,281.1,281.02,281.01,281.0,280.33,280.32,280.3,280.26,280.25,281.84,281.97,281.98,282.27,282.55,282.56,282.63,282.74,282.88,282.99,200,100,100,500,400,1000,200,500,200,200,400,100,100,100,100,100,100,100,100,100
230.0,281.84,39000,10979777.0,281.12,281.11,281.1,281.02,281.01,281.0,280.33,280.32,280.3,280.26,281.84,281.97,281.98,282.27,282.55,282.56,282.63,282.74,282.88,282.99,200,200,100,100,500,400,1000,200,500,200,400,100,100,100,100,100,100,100,100,100
231.0,281.84,39000,10979777.0,281.12,281.11,281.1,281.02,281.01,281.0,280.33,280.32,280.3,280.26,281.84,281.97,281.98,282.27,282.55,282.56,282.63,282.74,282.88,282.99,200,200,100,100,500,400,1000,200,500,200,400,100,100,100,100,100,100,100,100,100
232.0,281.84,39500,11120697.0,281.29,281.12,281.11,281.1,281.02,281.01,281.0,280.33,280.32,280.3,281.81,281.97,282.01,282.2,282.21,282.26,282.27,282.55,282.56,282.63,100,300,200,100,100,500,500,1000,200,500,100,100,100,200,200,100,100,100,100,100
233.0,281.84,39500,11120697.0,281.29,281.12,281.11,281.1,281.02,281.01,281.0,280.33,280.32,280.3,281.81,281.97,282.01,282.2,282.21,282.26,282.27,282.55,282.56,282.63,100,300,200,100,100,500,500,1000,200,500,100,100,100,200,200,100,100,100,100,100
234.0,281.84,39500,11120697.0,281.29,281.12,281.11,281.1,281.02,281.01,281.0,280.33,280.32,280.3,281.81,281.97,282.01,282.2,282.21,282.26,282.27,282.55,282.56,282.63,100,300,200,100,100,500,500,1000,200,500,100,100,100,200,200,100,100,100,100,100
235.0,281.84,39500,11120697.0,281.3,281.29,281.12,281.11,281.1,281.02,281.01,281.0,280.33,280.32,281.81,281.97,282.2,282.21,282.26,282.27,282.55,282.56,282.63,282.74,100,100,300,200,100,100,500,500,1000,200,100,100,200,200,100,100,100,100,100,100
236.0,281.84,39500,11120697.0,281.3,281.29,281.12,281.11,281.1,281.02,281.01,281.0,280.33,280.32,281.81,281.97,282.2,282.21,282.26,282.27,282.55,282.56,282.63,282.74,100,100,300,200,100,100,500,500,1000,200,100,100,200,200,100,100,100,100,100,100
237.0,281.3,39600,11148827.0,281.29,281.12,281.11,281.1,281.02,281.01,281.0,280.33,280.32,280.3,281.81,281.97,282.2,282.21,282.26,282.27,282.55,282.56,282.63,282.74,100,300,200,100,100,500,500,1000,200,500,100,100,200,200,100,100,100,100,100,100
238.0,281.3,39600,11148827.0,281.29,281.12,281.11,281.1,281.02,281.01,281.0,280.33,280.32,280.3,281.81,281.97,282.2,282.21,282.26,282.27,282.55,282.56,282.63,282.74,100,300,200,100,100,500,500,1000,200,500,100,100,200,200,100,100,100,100,100,100
239.0,281.3,39600,11148827.0,281.29,281.12,281.11,281.1,281.02,281.01,281.0,280.33,280.32,280.3,281.81,281.97,282.2,282.21,282.26,282.27,282.55,282.56,282.63,282.74,100,300,200,100,100,500,500,1000,200,500,100,100,200,200,100,100,100,100,100,100
240.0,281.3,39600,11148827.0,281.12,281.11,281.1,281.02,281.01,281.0,280.33,280.32,280.3,280.26,281.81,281.97,282.2,282.21,282.26,282.27,282.55,282.56,282.63,282.74,300,200,100,100,500,500,1000,200,500,200,100,100,200,200,100,100,100,100,100,100
241.0,281.3,39600,11148827.0,281.12,281.11,281.1,281.01,281.0,280.33,280.32,280.3,280.26,280.25,281.66,281.8,281.81,281.97,282.2,282.21,282.26,282.27,282.55,282.56,300,100,100,500,600,1000,200,500,200,200,200,100,300,100,200,200,100,100,100,100
242.0,281.3,39600,11148827.0,281.12,281.11,281.1,281.01,281.0,280.33,280.32,280.3,280.26,280.25,281.66,281.8,281.81,281.97,282.2,282.21,282.26,282.27,282.55,282.56,300,100,100,500,600,1000,200,500,200,200,200,100,300,100,200,200,100,100,100,100
243.0,281.3,39600,11148827.0,281.12,281.11,281.1,281.01,281.0,280.33,280.32,280.3,280.26,280.25,281.66,281.8,281.81,281.97,282.2,282.21,282.26,282.27,282.55,282.56,300,100,100,500,600,1000,200,500,200,200,200,100,300,100,200,200,100,100,100,100
244.0,281.3,39600,11148827.0,281.12,281.11,281.1,281.01,281.0,280.33,280.32,280.3,280.26,280.25,281.66,281.8,281.81,281.97,282.2,282.21,282.26,282.27,282.55,282.56,300,100,100,500,600,1000,200,500,200,200,200,100,300,100,200,200,100,100,100,100
245.0,281.3,39600,11148827.0,281.12,281.11,281.1,281.01,281.0,280.33,280.32,280.3,280.26,280.25,281.66,281.8,281.81,281.97,282.2,282.21,282.26,282.27,282.55,282.56,300,100,100,500,600,1000,200,500,200,200,200,100,300,100,200,200,100,100,100,100
246.0,281.3,39600,11148827.0,281.12,281.11,281.1,281.01,281.0,280.33,280.32,280.3,280.26,280.25,281.66,281.8,281.81,281.97,282.2,282.21,282.26,282.27,282.55,282.56,300,100,100,500,600,1000,200,500,200,200,200,100,300,100,200,200,100,100,100,100
247.0,281.3,39600,11148827.0,281.12,281.11,281.1,281.01,281.0,280.33,280.32,280.3,280.26,280.25,281.66,281.8,281.81,281.97,282.2,282.21,282.26,282.27,282.55,282.56,300,100,100,500,600,1000,200,500,200,200,200,100,300,100,200,200,100,100,100,100
248.0,281.3,39600,11148827.0,281.31,281.12,281.11,281.1,281.01,281.0,280.33,280.32,280.3,280.26,281.66,281.8,281.81,281.97,282.2,282.21,282.26,282.27,282.55,282.56,200,100,100,100,500,700,1100,200,500,200,200,100,300,100,200,200,100,100,100,100
249.0,281.3,39600,11148827.0,281.31,281.12,281.11,281.1,281.01,281.0,280.33,280.32,280.3,280.26,281.66,281.8,281.81,281.97,282.2,282.21,282.26,282.27,282.55,282.56,200,100,100,100,500,800,1100,200,500,200,200,100,300,100,200,200,100,100,100,100
250.0,281.3,39600,11148827.0,281.31,281.12,281.11,281.1,281.01,281.0,280.33,280.32,280.3,280.26,281.66,281.8,281.81,281.97,282.2,282.21,282.26,282.27,282.55,282.56,200,100,100,100,500,800,1100,200,500,200,200,100,300,100,200,200,100,100,100,100
251.0,281.3,39600,11148827.0,281.31,281.12,281.11,281.1,281.01,281.0,280.8,280.33,280.32,280.3,281.66,281.8,281.81,281.97,282.2,282.21,282.26,282.27,282.55,282.56,200,100,100,100,500,800,100,1100,200,500,200,100,300,100,200,200,100,100,100,100
252.0,281.66,39800,11205159.0,281.31,281.12,281.11,281.1,281.01,281.0,280.8,280.33,280.32,280.3,281.81,281.97,282.2,282.21,282.26,282.27,282.55,282.56,282.63,282.74,200,100,100,100,500,800,100,1100,200,500,300,100,200,200,100,100,100,100,100,100
253.0,281.66,39800,11205159.0,281.66,281.31,281.12,281.11,281.1,281.01,281.0,280.8,280.5,280.33,281.81,281.97,282.2,282.21,282.26,282.27,282.55,282.56,282.63,282.74,100,200,100,100,100,500,800,100,100,1100,300,100,200,200,100,100,100,100,100,100
254.0,281.66,39900,11233325.0,281.31,281.12,281.11,281.1,281.01,281.0,280.8,280.5,280.33,280.32,281.81,281.97,282.2,282.21,282.26,282.27,282.55,282.56,282.63,282.74,200,100,100,100,500,800,200,100,1100,200,300,100,200,200,100,100,100,100,100,100
255.0,281.12,40200,11317699.0,281.12,281.11,281.1,281.01,281.0,280.8,280.5,280.33,280.32,280.3,281.8,281.81,281.97,282.2,282.21,282.26,282.27,282.55,282.56,282.63,100,100,100,500,800,200,100,1100,200,500,100,300,100,200,200,100,100,100,100,100
256.0,281.12,40200,11317699.0,281.3,281.12,281.11,281.1,281.01,281.0,280.8,280.5,280.33,280.32,281.8,281.81,281.97,282.2,282.21,282.26,282.27,282.55,282.56,282.63,100,100,100,100,500,800,200,100,1100,200,200,300,100,200,200,100,100,100,100,100
257.0,281.12,40200,11317699.0,281.3,281.11,281.1,281.01,281.0,280.8,280.5,280.33,280.32,280.3,281.8,281.81,281.97,282.2,282.21,282.26,282.27,282.55,282.56,282.63,200,100,100,500,800,200,100,1100,200,500,200,300,100,200,200,100,100,100,100,100
258.0,281.12,40200,11317699.0,281.3,281.11,281.1,281.01,281.0,280.8,280.5,280.33,280.32,280.3,281.8,281.81,281.97,282.2,282.21,282.26,282.27,282.55,282.56,282.63,200,100,100,500,800,200,100,1100,200,500,200,300,100,200,200,100,100,100,100,100
259.0,281.12,40200,11317699.0,281.3,281.11,281.1,281.01,281.0,280.8,280.5,280.33,280.32,280.3,281.8,281.81,281.97,282.2,282.21,282.26,282.27,282.55,282.56,282.63,200,100,100,500,800,200,100,1100,200,500,200,300,100,200,200,100,100,100,100,100
260.0,281.12,40200,11317699.0,281.3,281.11,281.1,281.01,281.0,280.8,280.5,280.33,280.32,280.3,281.8,281.81,281.97,282.2,282.21,282.26,282.27,282.55,282.56,282.63,200,100,100,500,800,200,100,1100,200,500,200,300,100,200,200,100,100,100,100,100
261.0,281.12,40200,11317699.0,281.3,281.11,281.1,281.01,281.0,280.8,280.5,280.33,280.32,280.3,281.8,281.81,281.97,282.2,282.21,282.26,282.27,282.55,282.56,282.63,200,100,100,500,800,200,100,1100,200,500,200,300,100,200,200,100,100,100,100,100
262.0,281.12,40200,11317699.0,281.3,281.11,281.1,281.01,281.0,280.8,280.5,280.33,280.32,280.3,281.8,281.81,281.97,282.2,282.21,282.26,282.27,282.55,282.56,282.63,200,100,100,500,800,200,100,1100,200,500,200,300,100,200,200,100,100,100,100,100
263.0,281.12,40200,11317699.0,281.3,281.2,281.11,281.1,281.01,281.0,280.8,280.5,280.33,280.32,281.8,281.81,281.97,282.2,282.21,282.26,282.27,282.55,282.56,282.63,300,100,100,100,500,800,200,100,1100,200,200,300,100,200,200,100,100,100,100,100
264.0,281.3,40300,11345829.0,281.3,281.2,281.11,281.1,281.01,281.0,280.8,280.5,280.33,280.32,281.8,281.81,281.97,282.2,282.21,282.26,282.27,282.55,282.56,282.63,200,100,100,100,500,800,200,100,1100,200,200,300,100,200,200,100,100,100,100,100
265.0,281.3,40300,11345829.0,281.3,281.2,281.11,281.1,281.01,281.0,280.8,280.5,280.33,280.32,281.8,281.81,281.97,282.2,282.21,282.26,282.27,282.55,282.56,282.63,200,100,100,100,500,800,200,100,1100,200,200,300,100,200,200,100,100,100,100,100
266.0,281.3,40300,11345829.0,281.3,281.2,281.11,281.1,281.01,281.0,280.8,280.5,280.33,280.32,281.8,281.81,281.97,282.2,282.21,282.26,282.27,282.55,282.56,282.63,200,100,100,100,500,800,200,100,1100,200,200,300,100,200,200,100,100,100,100,100
267.0,281.3,40300,11345829.0,281.3,281.2,281.11,281.1,281.01,281.0,280.8,280.5,280.33,280.32,281.8,281.81,281.97,282.2,282.21,282.26,282.27,282.55,282.56,282.63,200,100,100,100,500,800,200,100,1100,200,200,300,100,200,200,100,100,100,100,100
268.0,281.3,40300,11345829.0,281.3,281.2,281.11,281.1,281.01,281.0,280.8,280.5,280.33,280.32,281.8,281.81,281.97,282.2,282.21,282.26,282.27,282.55,282.56,282.63,200,100,100,100,500,800,200,100,1100,200,200,300,100,200,200,100,100,100,100,100
269.0,281.8,40400,11374009.0,281.3,281.2,281.13,281.11,281.1,281.01,281.0,280.8,280.5,280.33,281.8,281.81,281.97,282.2,282.21,282.26,282.27,282.55,282.56,282.63,200,100,100,100,100,500,800,200,100,1100,100,300,100,200,200,100,100,100,100,100
270.0,281.8,40400,11374009.0,281.3,281.2,281.13,281.11,281.1,281.01,281.0,280.8,280.5,280.36,281.8,281.81,281.97,282.2,282.21,282.26,282.27,282.55,282.56,282.63,200,100,100,100,100,500,700,200,100,100,100,300,100,200,200,100,100,100,100,100
271.0,281.8,40400,11374009.0,281.3,281.2,281.13,281.11,281.1,281.01,281.0,280.8,280.5,280.36,281.8,281.97,282.2,282.21,282.26,282.27,282.55,282.56,282.63,282.74,200,100,100,100,100,500,700,200,100,100,100,100,200,200,100,100,100,100,100,100
272.0,281.8,40700,11458549.0,281.3,281.2,281.13,281.11,281.1,281.01,281.0,280.8,280.5,280.36,281.8,281.97,282.16,282.27,282.55,282.56,282.63,282.74,282.88,282.99,200,100,100,100,100,500,700,200,100,100,100,100,100,100,100,100,100,100,100,100
273.0,281.8,41100,11571109.0,281.22,281.18,281.13,281.11,281.1,281.01,281.0,280.8,280.5,280.36,281.97,282.16,282.27,282.55,282.56,282.63,282.74,282.88,282.99,283.28,300,100,100,100,100,500,700,200,100,100,100,100,100,100,100,100,100,100,100,100
274.0,281.8,41100,11571109.0,281.22,281.18,281.13,281.11,281.1,281.01,281.0,280.8,280.5,280.36,281.97,282.16,282.27,282.55,282.56,282.63,282.74,282.88,282.99,283.28,300,100,100,100,100,500,700,200,100,100,100,100,100,100,100,100,100,100,100,100
275.0,281.8,41100,11571109.0,281.8,281.24,281.23,281.18,281.11,281.1,281.01,281.0,280.8,280.5,281.97,282.16,282.27,282.55,282.56,282.63,282.74,282.88,282.99,283.28,100,100,100,100,100,100,500,700,200,100,100,300,100,100,100,100,100,100,100,100
276.0,281.8,41100,11571109.0,281.8,281.24,281.23,281.18,281.11,281.1,281.01,281.0,280.8,280.5,281.97,282.16,282.27,282.55,282.56,282.63,282.74,282.88,282.99,283.28,100,100,100,100,100,100,500,700,200,100,100,300,100,100,100,100,100,100,100,100
277.0,281.8,41100,11571109.0,281.8,281.24,281.18,281.11,281.1,281.01,281.0,280.8,280.5,280.36,281.97,282.16,282.27,282.55,282.56,282.63,282.74,282.88,282.99,283.28,100,100,100,100,100,500,700,200,100,100,100,300,100,100,100,100,100,100,100,100
278.0,281.8,41200,11599289.0,281.24,281.18,281.11,281.1,281.01,281.0,280.8,280.5,280.36,280.33,281.8,281.97,282.16,282.27,282.55,282.56,282.63,282.74,282.88,282.99,100,100,100,100,500,700,200,100,100,1000,900,100,300,100,100,100,100,100,100,100
279.0,281.8,41200,11599289.0,281.24,281.18,281.11,281.1,281.01,281.0,280.8,280.5,280.36,280.33,281.8,281.97,282.16,282.27,282.55,282.56,282.63,282.74,282.88,282.99,100,100,100,100,500,700,200,100,100,1000,900,100,300,100,100,100,100,100,100,100
280.0,281.8,41200,11599289.0,281.24,281.18,281.11,281.1,281.01,281.0,280.8,280.5,280.36,280.33,281.8,281.97,282.16,282.27,282.55,282.56,282.63,282.74,282.88,282.99,100,100,100,100,500,700,200,100,100,1000,900,100,300,100,100,100,100,100,100,100
281.0,281.8,41300,11627469.0,281.25,281.11,281.1,281.01,281.0,280.8,280.5,280.36,280.33,280.32,281.8,281.97,282.16,282.27,282.55,282.56,282.63,282.74,282.88,282.99,300,100,100,500,700,200,200,100,1000,200,800,100,300,100,100,100,100,100,100,100
282.0,281.8,41500,11683829.0,281.25,281.11,281.1,281.01,281.0,280.8,280.5,280.36,280.33,280.32,281.8,281.97,282.16,282.27,282.55,282.56,282.63,282.74,282.88,282.99,300,100,100,500,600,200,200,100,1000,200,600,100,300,100,100,100,100,100,100,100
283.0,281.8,42000,11824729.0,281.26,281.25,281.11,281.1,281.01,281.0,280.8,280.5,280.36,280.33,281.8,281.97,282.16,282.27,282.55,282.56,282.63,282.74,282.88,282.99,100,300,100,100,500,600,200,200,100,1000,100,100,300,100,100,100,100,100,100,100
284.0,281.8,42100,11852909.0,281.94,281.8,281.26,281.11,281.1,281.01,281.0,280.8,280.5,280.36,281.97,282.16,282.27,282.55,282.56,282.63,282.74,282.88,282.99,283.28,200,100,100,100,100,500,600,200,200,100,100,300,100,100,100,100,100,100,100,100
285.0,281.8,42100,11852909.0,281.94,281.8,281.26,281.11,281.1,281.01,281.0,280.8,280.5,280.36,281.97,282.16,282.27,282.55,282.56,282.63,282.74,282.88,282.99,283.28,200,100,100,100,100,500,600,200,200,100,100,300,100,100,100,100,100,100,100,100
286.0,281.97,42200,11881106.0,281.94,281.8,281.26,281.25,281.1,281.01,281.0,280.8,280.5,280.36,282.16,282.27,282.55,282.56,282.63,282.74,282.88,282.99,283.28,283.75,200,100,100,100,100,500,600,200,200,100,300,100,100,100,100,100,100,100,100,100
287.0,281.94,42500,11965710.0,281.8,281.26,281.25,281.1,281.01,281.0,280.8,280.5,280.36,280.33,282.16,282.27,282.55,282.56,282.63,282.74,282.88,282.99,283.28,283.75,300,100,100,100,500,600,100,200,100,1000,200,100,100,100,100,100,100,100,100,100
288.0,281.94,42500,11965710.0,281.8,281.26,281.25,281.1,281.01,281.0,280.8,280.5,280.36,280.33,282.16,282.27,282.55,282.56,282.63,282.74,282.88,282.99,283.28,283.75,300,100,100,100,500,600,100,200,100,1000,200,100,100,100,100,100,100,100,100,100
289.0,281.94,42500,11965710.0,281.8,281.26,281.25,281.1,281.01,281.0,280.8,280.5,280.36,280.33,282.16,282.27,282.55,282.56,282.63,282.74,282.88,282.99,283.28,283.75,300,100,100,100,500,600,100,200,100,1000,200,100,100,100,100,100,100,100,100,100
290.0,281.94,42500,11965710.0,281.8,281.26,281.25,281.1,281.01,281.0,280.8,280.5,280.36,280.33,282.16,282.27,282.55,282.56,282.63,282.74,282.88,282.99,283.28,283.75,300,100,100,100,500,600,100,200,100,1000,200,100,100,100,100,100,100,100,100,100
291.0,281.8,42800,12050250.0,281.25,281.1,281.01,281.0,280.8,280.5,280.36,280.33,280.32,280.3,281.98,282.07,282.08,282.09,282.1,282.11,282.12,282.13,282.14,282.15,100,100,500,600,100,200,100,1000,200,500,200,300,100,200,200,200,100,200,100,100
292.0,281.8,42800,12050250.0,281.25,281.1,281.01,281.0,280.8,280.5,280.36,280.33,280.32,280.3,281.79,281.8,281.97,281.98,282.07,282.08,282.09,282.1,282.11,282.12,100,100,500,600,100,200,100,1000,200,500,100,100,100,200,300,100,200,200,200,100
293.0,281.79,42900,12078429.0,281.25,281.1,281.01,281.0,280.8,280.5,280.36,280.33,280.32,280.3,281.8,281.97,281.98,282.07,282.08,282.09,282.1,282.11,282.12,282.13,100,100,500,600,100,200,100,1000,200,500,100,100,200,300,100,200,200,200,100,200
294.0,281.8,43100,12134789.0,281.25,281.1,281.01,281.0,280.8,280.5,280.36,280.33,280.32,280.3,281.76,281.77,281.78,281.79,281.8,281.86,281.88,281.95,281.97,281.98,100,100,500,600,100,200,100,1000,200,500,100,200,200,100,1600,100,200,100,100,100
295.0,281.8,43100,12134789.0,281.25,281.1,281.01,281.0,280.8,280.5,280.36,280.33,280.32,280.3,281.77,281.78,281.79,281.8,281.86,281.88,281.95,281.97,281.98,282.07,100,100,500,600,100,200,100,1000,200,500,100,100,100,600,100,200,100,100,100,300
296.0,281.8,43100,12134789.0,281.25,281.1,281.01,281.0,280.8,280.5,280.36,280.33,280.32,280.3,281.77,281.78,281.79,281.8,281.86,281.88,281.95,281.97,281.98,282.07,100,100,500,600,100,200,100,1000,200,500,100,100,100,500,100,200,100,100,100,300
297.0,281.8,43100,12134789.0,281.25,281.1,281.02,281.01,281.0,280.8,280.5,280.36,280.33,280.32,281.77,281.78,281.79,281.8,281.86,281.88,281.98,282.07,282.08,282.09,200,100,100,500,600,100,200,100,1000,200,100,100,100,300,100,200,100,300,100,200
298.0,281.8,43100,12134789.0,281.25,281.1,281.02,281.01,281.0,280.8,280.5,280.36,280.33,280.32,281.77,281.78,281.79,281.8,281.86,281.88,281.98,282.07,282.08,282.09,200,100,100,500,600,100,200,100,1000,200,100,100,100,300,100,200,100,300,100,200
299.0,281.8,43100,12134789.0,281.25,281.1,281.02,281.01,281.0,280.8,280.5,280.36,280.33,280.32,281.77,281.78,281.79,281.8,281.86,281.88,281.98,282.07,282.08,282.09,200,100,100,500,600,100,200,100,1000,200,100,100,100,100,100,200,100,200,100,100
300.0,281.76,43200,12162965.0,281.25,281.1,281.02,281.01,281.0,280.8,280.5,280.36,280.33,280.32,281.76,281.77,281.78,281.8,281.86,281.88,281.98,282.07,282.13,282.14,200,100,100,500,600,100,200,100,1000,200,400,100,100,100,100,200,100,100,200,100
301.0,281.76,43300,12191141.0,281.25,281.1,281.02,281.01,281.0,280.8,280.5,280.36,280.33,280.32,281.76,281.77,281.78,281.8,281.86,281.88,281.98,282.07,282.13,282.14,200,100,100,500,600,100,200,100,1000,200,100,100,100,100,100,200,100,100,200,100
302.0,281.76,43400,12219317.0,281.25,281.1,281.02,281.01,281.0,280.8,280.5,280.36,280.33,280.32,281.77,281.78,281.8,281.88,281.98,282.07,282.13,282.14,282.16,282.27,200,100,100,500,600,100,200,100,1000,200,100,100,100,200,100,100,200,100,200,100
303.0,281.76,43400,12219317.0,281.25,281.1,281.02,281.01,281.0,280.8,280.5,280.36,280.33,280.32,281.77,281.78,281.8,281.88,281.98,282.07,282.13,282.14,282.16,282.27,200,100,100,500,600,100,200,100,1000,200,100,100,100,200,100,100,200,100,200,100
304.0,281.76,43400,12219317.0,281.25,281.1,281.02,281.01,281.0,280.8,280.5,280.36,280.33,280.32,281.77,281.78,281.8,281.88,281.98,282.07,282.13,282.14,282.16,282.27,200,100,100,500,600,100,200,100,1000,200,100,100,100,200,100,100,200,100,200,100
305.0,281.76,43400,12219317.0,281.25,281.1,281.02,281.01,281.0,280.8,280.5,280.36,280.33,280.32,281.77,281.8,281.88,282.07,282.13,282.14,282.16,282.27,282.55,282.56,300,100,100,500,600,100,200,100,1000,200,100,100,200,100,200,100,200,100,100,100
306.0,281.76,43400,12219317.0,281.53,281.25,281.1,281.02,281.01,281.0,280.8,280.5,280.36,280.33,281.77,281.8,281.88,282.13,282.16,282.27,282.55,282.56,282.63,282.74,100,400,100,100,500,700,100,200,100,1000,100,100,200,100,200,100,100,100,100,100
307.0,281.76,43400,12219317.0,281.53,281.25,281.1,281.02,281.01,281.0,280.8,280.5,280.36,280.33,281.77,281.8,281.88,282.13,282.16,282.27,282.55,282.56,282.63,282.74,100,500,100,100,500,700,100,200,100,1000,100,100,200,100,200,100,100,100,100,100
308.0,281.76,43400,12219317.0,281.53,281.25,281.1,281.02,281.01,281.0,280.8,280.5,280.36,280.33,281.77,281.8,282.16,282.27,282.55,282.56,282.63,282.74,282.88,282.99,100,700,100,100,500,700,100,200,100,1000,100,100,200,100,100,100,100,100,100,100
309.0,281.77,43800,12331897.0,281.43,281.26,281.25,281.1,281.02,281.01,281.0,280.8,280.5,280.36,281.8,282.27,282.55,282.56,282.63,282.74,282.88,282.99,283.28,283.49,200,100,500,100,100,500,700,100,200,100,100,100,100,100,100,100,100,100,100,1900
310.0,281.77,43800,12331897.0,281.43,281.26,281.25,281.1,281.02,281.01,281.0,280.8,280.5,280.36,281.77,281.8,282.27,282.55,282.56,282.63,282.74,282.88,282.99,283.49,200,100,500,100,100,500,700,100,200,100,100,100,100,100,100,100,100,100,100,1900
311.0,281.77,43900,12360074.0,281.44,281.43,281.26,281.25,281.1,281.02,281.01,281.0,280.8,280.5,281.8,282.27,282.55,282.56,282.63,282.74,282.88,282.99,283.49,283.75,100,100,100,500,100,200,600,700,100,200,100,100,100,100,100,100,100,100,1900,100
312.0,281.8,44000,12388254.0,281.94,281.77,281.53,281.44,281.43,281.26,281.25,281.1,281.02,281.01,282.27,282.55,282.56,282.63,282.74,282.88,282.99,283.49,283.75,283.77,300,400,200,100,100,100,300,100,200,600,100,100,100,100,100,100,100,1900,100,600
313.0,281.8,44000,12388254.0,281.94,281.77,281.53,281.44,281.43,281.26,281.25,281.1,281.02,281.01,282.27,282.55,282.56,282.63,282.74,282.88,282.99,283.49,283.75,283.77,300,600,200,100,100,100,300,100,200,600,100,100,100,100,100,100,100,1900,100,600
314.0,281.94,44200,12444642.0,281.94,281.77,281.53,281.44,281.43,281.26,281.25,281.1,281.02,281.01,282.27,282.55,282.56,282.63,282.74,282.88,282.99,283.49,283.75,283.77,100,600,200,100,100,100,300,100,200,700,200,100,100,100,100,100,100,1900,100,600
315.0,281.94,44200,12444642.0,281.94,281.77,281.53,281.44,281.43,281.26,281.25,281.1,281.02,281.01,282.27,282.55,282.56,282.63,282.74,282.88,282.99,283.49,283.75,283.77,100,600,200,100,100,100,300,100,200,700,200,100,100,100,100,100,100,1900,100,600
316.0,281.94,44200,12444642.0,281.94,281.77,281.53,281.44,281.43,281.26,281.25,281.1,281.02,281.01,282.27,282.55,282.56,282.63,282.74,282.88,282.99,283.49,283.75,283.77,100,600,200,100,100,100,300,100,200,700,200,100,100,100,100,100,100,1900,100,600
317.0,282.27,44300,12472869.0,281.77,281.53,281.44,281.43,281.26,281.25,281.1,281.02,281.01,281.0,282.27,282.55,282.56,282.63,282.74,282.88,282.99,283.49,283.75,283.77,600,200,100,100,100,300,100,200,700,700,200,100,100,100,100,100,100,1900,100,600
318.0,282.27,44300,12472869.0,281.77,281.53,281.44,281.43,281.26,281.25,281.1,281.02,281.01,281.0,282.26,282.27,282.55,282.56,282.63,282.74,282.88,282.99,283.49,283.75,600,200,100,100,100,300,100,200,700,700,100,200,100,100,100,100,100,100,1900,100
319.0,282.27,44300,12472869.0,281.77,281.53,281.44,281.43,281.26,281.25,281.1,281.02,281.01,281.0,282.26,282.27,282.55,282.56,282.63,282.74,282.88,282.99,283.49,283.75,600,200,100,100,100,300,100,200,700,700,100,200,100,100,100,100,100,100,1900,100
320.0,282.25,44400,12501094.0,281.77,281.44,281.43,281.26,281.25,281.1,281.02,281.01,281.0,280.8,282.25,282.26,282.27,282.55,282.56,282.63,282.74,282.88,282.99,283.49,600,100,100,100,400,100,200,700,700,100,100,100,200,100,100,100,100,100,100,1900
321.0,282.25,44400,12501094.0,281.77,281.44,281.43,281.26,281.25,281.1,281.02,281.01,281.0,280.8,282.25,282.26,282.27,282.55,282.56,282.63,282.74,282.88,282.99,283.49,600,100,100,100,400,100,200,700,700,100,100,100,200,100,100,100,100,100,100,1900
322.0,282.25,44400,12501094.0,281.77,281.44,281.43,281.26,281.25,281.1,281.02,281.01,281.0,280.8,282.25,282.26,282.27,282.55,282.56,282.63,282.74,282.88,282.99,283.49,600,100,100,100,400,100,200,700,700,100,100,100,200,100,100,100,100,100,100,1900
323.0,282.25,44400,12501094.0,281.77,281.44,281.43,281.26,281.25,281.1,281.02,281.01,281.0,280.8,282.25,282.26,282.27,282.55,282.56,282.63,282.74,282.88,282.99,283.49,600,100,100,100,400,100,200,700,700,100,100,100,200,100,100,100,100,100,100,1900
324.0,282.25,44400,12501094.0,281.77,281.44,281.43,281.26,281.25,281.1,281.02,281.01,281.0,280.8,282.22,282.23,282.25,282.26,282.27,282.55,282.56,282.63,282.74,282.88,600,100,100,100,400,100,200,700,700,100,200,100,100,100,200,100,100,100,100,100
325.0,282.25,44400,12501094.0,281.77,281.44,281.43,281.26,281.25,281.1,281.02,281.01,281.0,280.8,282.22,282.23,282.25,282.26,282.27,282.55,282.56,282.63,282.74,282.88,600,100,100,100,400,100,200,700,700,100,200,100,200,100,200,100,100,100,100,100
326.0,282.25,44400,12501094.0,281.77,281.44,281.43,281.26,281.25,281.1,281.02,281.01,281.0,280.8,282.22,282.23,282.25,282.26,282.27,282.55,282.56,282.63,282.74,282.88,600,100,100,100,400,100,200,800,700,100,200,100,200,100,200,100,100,100,100,100
327.0,281.77,44600,12557448.0,281.77,281.44,281.43,281.26,281.25,281.1,281.02,281.01,281.0,280.8,282.22,282.23,282.25,282.26,282.27,282.55,282.56,282.63,282.74,282.88,400,100,100,100,400,100,200,800,700,100,200,100,200,100,200,100,100,100,100,100
328.0,281.77,44600,12557448.0,281.77,281.44,281.43,281.26,281.25,281.1,281.02,281.01,281.0,280.8,282.22,282.23,282.25,282.26,282.27,282.55,282.56,282.63,282.74,282.88,400,100,100,100,400,100,200,800,700,100,200,100,200,100,200,100,100,100,100,100
329.0,281.77,44600,12557448.0,281.77,281.44,281.43,281.26,281.25,281.1,281.02,281.01,281.0,280.8,282.22,282.23,282.25,282.26,282.27,282.55,282.56,282.63,282.74,282.88,400,100,100,100,400,100,200,800,700,100,100,100,200,100,100,100,100,100,100,100
330.0,281.77,44600,12557448.0,281.77,281.44,281.43,281.26,281.25,281.1,281.02,281.01,281.0,280.8,282.22,282.23,282.25,282.26,282.27,282.55,282.56,282.63,282.74,282.88,400,100,100,100,400,100,200,800,700,100,100,100,200,100,100,100,100,100,100,100
331.0,281.77,44600,12557448.0,281.77,281.44,281.43,281.26,281.25,281.1,281.02,281.01,281.0,280.8,282.22,282.23,282.25,282.26,282.27,282.55,282.56,282.63,282.74,282.88,400,100,100,100,400,100,200,800,700,100,100,100,200,100,100,100,100,100,100,100
332.0,281.77,44600,12557448.0,281.77,281.44,281.43,281.26,281.25,281.1,281.02,281.01,281.0,280.8,282.22,282.23,282.25,282.26,282.27,282.55,282.56,282.63,282.74,282.88,400,100,100,100,400,100,200,800,700,100,100,100,200,100,100,100,100,100,100,100
333.0,281.77,44600,12557448.0,281.77,281.44,281.43,281.26,281.25,281.1,281.02,281.01,281.0,280.8,282.22,282.23,282.25,282.26,282.27,282.55,282.56,282.63,282.74,282.88,400,100,100,100,400,100,200,800,700,100,300,100,100,100,100,100,100,100,100,100
334.0,281.77,44600,12557448.0,281.77,281.44,281.43,281.26,281.25,281.1,281.02,281.01,281.0,280.8,282.22,282.23,282.25,282.26,282.27,282.55,282.56,282.63,282.74,282.88,400,100,100,100,400,100,200,800,700,100,300,100,100,100,100,100,100,100,100,100
335.0,281.77,44600,12557448.0,281.77,281.44,281.43,281.26,281.25,281.1,281.02,281.01,281.0,280.8,282.22,282.23,282.25,282.26,282.27,282.55,282.56,282.63,282.74,282.88,400,100,100,100,400,100,200,800,700,100,300,100,100,100,100,100,100,100,100,100
336.0,281.77,44600,12557448.0,281.77,281.44,281.43,281.26,281.25,281.1,281.02,281.01,281.0,280.8,282.22,282.23,282.25,282.26,282.27,282.55,282.56,282.63,282.74,282.88,400,100,100,100,400,100,200,800,700,100,300,100,100,100,100,100,100,100,100,100
337.0,281.77,44600,12557448.0,281.77,281.44,281.43,281.26,281.25,281.1,281.08,281.02,281.01,281.0,282.22,282.23,282.25,282.26,282.27,282.55,282.56,282.63,282.74,282.88,700,100,100,100,200,100,100,200,800,700,300,100,100,100,100,100,100,100,100,100
338.0,281.77,44600,12557448.0,281.77,281.44,281.43,281.26,281.25,281.1,281.08,281.02,281.01,281.0,282.2,282.22,282.25,282.26,282.27,282.55,282.56,282.63,282.74,282.88,700,100,100,100,200,100,100,200,800,700,100,300,100,100,100,100,100,100,100,100
339.0,281.77,44600,12557448.0,281.77,281.44,281.43,281.26,281.25,281.1,281.08,281.02,281.01,281.0,282.2,282.21,282.22,282.25,282.26,282.27,282.55,282.56,282.63,282.74,800,100,100,100,200,100,100,200,800,700,100,100,300,100,100,100,100,100,100,100
340.0,282.2,44700,12585668.0,281.77,281.44,281.43,281.26,281.25,281.1,281.08,281.02,281.01,281.0,282.19,282.21,282.22,282.25,282.26,282.27,282.55,282.56,282.63,282.74,900,100,100,100,200,100,100,200,800,700,300,100,300,100,100,100,100,100,100,100
341.0,282.2,44700,12585668.0,281.77,281.44,281.43,281.26,281.25,281.1,281.08,281.02,281.01,281.0,282.19,282.2,282.21,282.22,282.25,282.26,282.27,282.55,282.56,282.63,900,100,100,100,200,100,100,200,800,700,300,200,100,200,100,100,100,100,100,100
342.0,282.2,44700,12585668.0,281.77,281.44,281.43,281.26,281.25,281.1,281.08,281.02,281.01,281.0,282.19,282.2,282.21,282.22,282.25,282.26,282.27,282.55,282.56,282.63,900,100,100,100,200,100,100,200,800,700,300,200,100,200,100,100,100,100,100,100
343.0,282.2,44700,12585668.0,281.77,281.44,281.43,281.26,281.25,281.1,281.08,281.02,281.01,281.0,282.19,282.2,282.21,282.22,282.25,282.26,282.27,282.55,282.56,282.63,900,100,100,100,200,100,100,200,800,700,300,200,100,200,100,100,100,100,100,100
344.0,282.2,44700,12585668.0,281.77,281.44,281.43,281.26,281.25,281.1,281.08,281.02,281.01,281.0,282.19,282.2,282.21,282.22,282.25,282.26,282.27,282.55,282.56,282.63,900,100,100,100,200,100,100,200,800,700,300,200,100,200,100,100,100,100,100,100
345.0,281.77,45000,12670199.0,281.77,281.44,281.43,281.26,281.25,281.1,281.08,281.02,281.01,281.0,282.18,282.19,282.2,282.21,282.22,282.25,282.26,282.27,282.55,282.56,600,100,100,100,200,100,100,200,800,700,200,300,200,100,200,100,100,100,100,100
346.0,281.77,45000,12670199.0,281.8,281.77,281.44,281.43,281.26,281.25,281.1,281.08,281.02,281.01,282.14,282.18,282.19,282.2,282.21,282.22,282.25,282.26,282.27,282.55,100,600,100,100,100,200,100,100,200,800,500,200,300,200,100,200,100,100,100,100
347.0,281.77,45000,12670199.0,281.8,281.77,281.44,281.43,281.26,281.25,281.1,281.08,281.02,281.01,282.08,282.14,282.18,282.19,282.2,282.21,282.22,282.25,282.26,282.27,100,700,100,100,100,200,100,100,200,800,100,500,100,300,100,100,200,100,100,100
348.0,281.77,45000,12670199.0,281.8,281.77,281.44,281.43,281.26,281.25,281.1,281.08,281.02,281.01,282.08,282.14,282.18,282.19,282.2,282.22,282.25,282.26,282.27,282.55,100,700,100,100,100,200,100,100,200,800,100,500,100,300,100,200,100,100,100,100
349.0,281.77,45000,12670199.0,281.8,281.77,281.44,281.43,281.26,281.25,281.1,281.08,281.02,281.01,282.08,282.14,282.18,282.19,282.2,282.22,282.25,282.26,282.27,282.55,100,700,100,100,100,200,100,100,200,800,100,500,100,300,100,200,100,100,100,100
350.0,281.77,45000,12670199.0,281.8,281.77,281.44,281.43,281.26,281.25,281.1,281.08,281.02,281.01,282.08,282.14,282.19,282.2,282.22,282.25,282.26,282.27,282.55,282.56,100,700,100,100,100,200,100,100,200,800,200,500,300,100,200,100,100,100,100,100
351.0,281.77,45000,12670199.0,281.8,281.77,281.44,281.43,281.26,281.25,281.1,281.08,281.02,281.01,282.08,282.14,282.19,282.2,282.22,282.25,282.26,282.27,282.55,282.56,100,700,100,100,100,200,100,100,200,800,200,500,300,100,200,100,100,100,100,100
352.0,281.77,45000,12670199.0,281.8,281.77,281.44,281.43,281.26,281.25,281.1,281.08,281.02,281.01,282.08,282.14,282.19,282.2,282.22,282.25,282.26,282.27,282.55,282.56,100,700,100,100,100,200,100,100,200,800,200,500,300,100,200,100,100,100,100,100
353.0,281.77,45000,12670199.0,281.8,281.77,281.44,281.43,281.26,281.25,281.1,281.08,281.02,281.01,282.08,282.14,282.19,282.2,282.22,282.25,282.26,282.27,282.55,282.56,100,700,100,100,100,200,100,100,200,800,200,500,300,100,200,100,100,100,100,100
354.0,281.77,45400,12782910.0,281.77,281.44,281.43,281.26,281.25,281.1,281.08,281.02,281.01,281.0,282.08,282.14,282.19,282.2,282.22,282.25,282.26,282.27,282.55,282.56,400,100,100,100,200,100,100,200,800,700,200,500,300,100,200,100,100,100,100,100
355.0,281.77,45400,12782910.0,281.77,281.44,281.43,281.26,281.25,281.1,281.08,281.02,281.01,281.0,282.08,282.14,282.19,282.2,282.22,282.25,282.26,282.27,282.55,282.56,400,100,100,100,200,100,100,100,800,700,200,500,300,100,200,100,100,100,100,100
356.0,281.77,45400,12782910.0,281.77,281.44,281.43,281.26,281.25,281.1,281.08,281.02,281.01,281.0,281.98,282.08,282.14,282.19,282.2,282.22,282.25,282.26,282.27,282.55,400,100,100,100,200,100,100,100,800,700,100,200,500,300,100,200,100,100,100,100
357.0,281.98,45800,12895639.0,281.77,281.44,281.26,281.25,281.1,281.08,281.02,281.01,281.0,280.8,282.08,282.14,282.19,282.2,282.22,282.25,282.26,282.27,282.55,282.56,100,100,100,200,100,100,100,800,700,100,200,500,300,100,200,100,100,100,100,100
358.0,282.07,45900,12923846.0,281.77,281.44,281.26,281.25,281.1,281.08,281.02,281.01,281.0,280.8,282.07,282.08,282.14,282.19,282.2,282.22,282.25,282.26,282.27,282.55,100,100,100,200,100,100,100,800,700,100,100,300,500,300,100,200,100,100,100,100
359.0,281.77,46000,12952023.0,281.44,281.26,281.25,281.1,281.08,281.02,281.01,281.0,280.8,280.5,281.74,282.06,282.07,282.08,282.14,282.19,282.2,282.22,282.25,282.26,100,100,200,100,100,100,800,800,100,300,100,100,100,200,500,300,100,200,100,100
360.0,281.77,46000,12952023.0,281.44,281.26,281.25,281.1,281.08,281.02,281.01,281.0,280.8,280.5,281.74,281.77,282.06,282.07,282.08,282.14,282.19,282.2,282.22,282.25,100,100,200,100,100,100,800,800,100,300,100,100,400,100,200,500,300,100,200,100
361.0,281.77,46000,12952023.0,281.44,281.26,281.25,281.1,281.08,281.02,281.01,281.0,280.8,280.5,281.74,281.77,282.06,282.07,282.08,282.14,282.19,282.2,282.22,282.25,100,100,200,100,100,100,800,800,100,300,100,100,400,100,200,500,300,100,200,100
362.0,281.74,46100,12980197.0,281.44,281.25,281.1,281.08,281.02,281.01,281.0,280.8,280.5,280.36,281.74,281.77,282.06,282.08,282.14,282.19,282.2,282.22,282.25,282.27,100,200,100,100,100,800,800,100,300,100,100,100,400,100,500,300,100,200,100,100
363.0,281.44,46300,13036485.0,281.25,281.1,281.08,281.02,281.01,281.0,280.8,280.5,280.36,280.32,281.74,281.77,282.06,282.08,282.14,282.19,282.2,282.22,282.25,282.27,200,100,100,100,800,800,100,300,100,200,100,100,400,100,500,300,100,200,100,100
364.0,281.44,46300,13036485.0,281.26,281.25,281.1,281.08,281.02,281.01,281.0,280.8,280.5,280.36,281.74,281.77,282.06,282.08,282.19,282.2,282.22,282.25,282.27,282.55,100,200,100,100,100,800,800,100,300,100,100,100,400,100,300,100,200,100,100,100
365.0,281.44,46300,13036485.0,281.26,281.25,281.1,281.08,281.02,281.01,281.0,280.8,280.5,280.36,281.74,281.77,282.06,282.08,282.19,282.2,282.22,282.25,282.27,282.55,100,200,100,100,100,800,800,100,300,100,200,100,400,100,300,100,200,100,100,100
366.0,281.44,46300,13036485.0,281.26,281.25,281.1,281.08,281.02,281.01,281.0,280.8,280.5,280.36,281.74,281.77,282.06,282.08,282.19,282.2,282.22,282.25,282.27,282.55,100,200,100,100,100,800,800,100,300,100,200,100,400,100,300,100,200,100,100,100
367.0,281.44,46300,13036485.0,281.26,281.25,281.1,281.08,281.02,281.01,281.0,280.8,280.5,280.36,281.74,281.77,282.06,282.08,282.2,282.22,282.25,282.27,282.55,282.56,100,200,100,100,100,800,800,100,300,100,200,100,400,100,100,200,100,100,100,100
368.0,281.44,46300,13036485.0,281.26,281.25,281.1,281.08,281.02,281.01,281.0,280.8,280.5,280.36,281.74,281.77,282.06,282.08,282.2,282.22,282.25,282.27,282.55,282.56,100,200,100,100,100,800,800,100,300,100,200,100,400,100,100,200,100,100,100,100
369.0,281.44,46300,13036485.0,281.27,281.26,281.25,281.1,281.08,281.02,281.01,281.0,280.8,280.5,281.74,281.77,282.06,282.08,282.2,282.22,282.25,282.27,282.55,282.56,100,100,200,100,100,100,800,800,100,300,200,100,400,100,100,200,100,100,100,100
370.0,281.44,46300,13036485.0,281.27,281.26,281.25,281.1,281.08,281.02,281.01,281.0,280.8,280.5,281.74,281.77,282.06,282.08,282.2,282.22,282.25,282.27,282.55,282.56,100,100,200,100,100,100,800,800,100,300,200,100,400,100,100,200,100,100,100,100
371.0,281.44,46300,13036485.0,281.28,281.27,281.25,281.1,281.08,281.02,281.01,281.0,280.8,280.5,281.74,281.77,282.06,282.08,282.2,282.22,282.25,282.27,282.55,282.56,100,100,200,100,100,100,800,800,100,300,200,100,100,100,100,200,100,100,100,100
372.0,281.44,46300,13036485.0,281.28,281.27,281.25,281.1,281.08,281.02,281.01,281.0,280.8,280.5,281.74,282.06,282.08,282.2,282.22,282.25,282.27,282.55,282.56,282.63,100,100,200,100,100,100,800,800,100,300,200,100,100,100,200,100,100,100,100,100
373.0,281.44,46300,13036485.0,281.28,281.27,281.25,281.1,281.08,281.02,281.01,281.0,280.8,280.5,281.74,282.06,282.08,282.2,282.22,282.25,282.27,282.55,282.56,282.63,100,100,200,100,100,100,800,800,100,300,200,100,100,100,200,100,100,100,100,100
374.0,281.74,46400,13064659.0,281.28,281.27,281.25,281.1,281.08,281.02,281.01,281.0,280.8,280.5,281.74,282.06,282.2,282.22,282.25,282.27,282.55,282.56,282.63,282.74,100,100,200,100,100,100,700,800,100,300,100,100,100,200,100,100,100,100,100,100
375.0,281.74,46400,13064659.0,281.28,281.27,281.25,281.1,281.08,281.02,281.01,281.0,280.8,280.5,281.74,282.06,282.2,282.22,282.25,282.27,282.55,282.56,282.63,282.74,100,100,200,100,100,100,700,800,100,300,100,100,100,200,100,100,100,100,100,100
376.0,281.74,46400,13064659.0,281.28,281.27,281.25,281.1,281.08,281.02,281.01,281.0,280.8,280.5,281.74,282.06,282.2,282.22,282.25,282.27,282.55,282.56,282.63,282.74,200,100,200,100,100,100,700,800,100,300,100,100,100,200,100,100,100,100,100,100
377.0,281.74,46400,13064659.0,281.28,281.27,281.25,281.1,281.08,281.02,281.01,281.0,280.8,280.5,281.74,282.06,282.2,282.22,282.25,282.27,282.55,282.56,282.63,282.74,200,100,200,100,100,300,700,800,100,300,100,100,100,200,100,100,100,100,100,100
378.0,281.74,46400,13064659.0,281.28,281.27,281.25,281.1,281.08,281.02,281.01,281.0,280.8,280.5,281.74,282.06,282.2,282.22,282.25,282.27,282.55,282.56,282.63,282.74,200,100,200,100,100,300,700,800,100,300,100,100,100,200,100,100,100,100,100,100
379.0,281.74,46400,13064659.0,281.48,281.28,281.27,281.25,281.1,281.08,281.02,281.01,281.0,280.8,281.74,282.06,282.2,282.22,282.25,282.27,282.55,282.56,282.63,282.74,200,200,100,200,100,100,300,700,800,100,100,100,200,200,100,100,100,100,100,100
380.0,281.65,46600,13120998.0,281.49,281.48,281.28,281.27,281.25,281.1,281.08,281.02,281.01,281.0,281.65,282.2,282.22,282.25,282.27,282.55,282.56,282.63,282.74,282.8,100,200,100,100,200,100,100,300,700,800,400,200,200,100,100,100,100,100,100,600
381.0,281.48,46800,13177295.0,281.48,281.28,281.25,281.1,281.08,281.02,281.01,281.0,280.8,280.5,281.65,282.2,282.22,282.25,282.27,282.55,282.56,282.63,282.74,282.8,100,100,200,100,100,300,700,1300,100,300,400,200,200,100,100,100,100,100,100,600
382.0,281.48,46800,13177295.0,281.48,281.28,281.25,281.1,281.08,281.02,281.01,281.0,280.8,280.5,281.65,282.2,282.22,282.25,282.27,282.55,282.56,282.63,282.74,282.8,100,100,200,100,100,300,700,1400,100,300,400,200,200,100,100,100,100,100,100,600
383.0,281.48,46800,13177295.0,281.48,281.28,281.25,281.1,281.08,281.02,281.01,281.0,280.8,280.5,281.65,282.2,282.22,282.25,282.27,282.55,282.56,282.63,282.74,282.8,100,100,200,100,100,300,700,1400,100,300,400,200,200,100,100,100,100,100,100,600
384.0,281.48,46800,13177295.0,281.48,281.28,281.25,281.1,281.08,281.02,281.01,281.0,280.8,280.5,281.65,282.2,282.22,282.25,282.27,282.55,282.56,282.63,282.74,282.8,100,100,200,100,100,300,700,1400,100,300,400,200,200,100,100,100,100,100,100,600
385.0,281.48,46800,13177295.0,281.48,281.28,281.25,281.1,281.08,281.02,281.01,281.0,280.8,280.5,281.65,282.2,282.22,282.25,282.27,282.55,282.56,282.63,282.74,282.8,100,100,200,100,100,300,700,1400,100,300,400,200,200,100,100,100,100,100,100,600
386.0,281.48,46800,13177295.0,281.48,281.28,281.25,281.1,281.08,281.02,281.01,281.0,280.8,280.5,281.65,282.2,282.22,282.25,282.27,282.55,282.56,282.63,282.74,282.8,100,100,200,100,100,300,700,1400,100,300,400,200,200,100,100,100,100,100,100,600
387.0,281.48,46800,13177295.0,281.48,281.28,281.25,281.1,281.08,281.02,281.01,281.0,280.8,280.5,281.65,282.2,282.22,282.25,282.27,282.55,282.56,282.63,282.74,282.8,100,100,200,100,100,300,700,1400,100,300,400,200,200,100,100,100,100,100,100,600
388.0,281.48,46800,13177295.0,281.48,281.28,281.25,281.1,281.08,281.02,281.01,281.0,280.8,280.5,281.65,282.2,282.22,282.25,282.27,282.55,282.56,282.63,282.74,282.8,100,100,200,100,100,300,700,1400,100,300,400,200,200,100,100,100,100,100,100,600
389.0,281.48,46800,13177295.0,281.48,281.28,281.25,281.1,281.08,281.02,281.01,281.0,280.8,280.5,281.65,282.2,282.22,282.25,282.27,282.55,282.56,282.63,282.74,282.8,100,100,200,100,100,300,700,1400,100,300,400,200,200,100,100,100,100,100,100,600
390.0,281.48,46800,13177295.0,281.48,281.28,281.25,281.1,281.08,281.02,281.01,281.0,280.8,280.5,281.65,282.2,282.22,282.25,282.27,282.55,282.56,282.63,282.74,282.8,100,100,200,100,100,300,700,1400,100,300,400,200,200,100,100,100,100,100,100,600
391.0,281.48,46800,13177295.0,281.48,281.28,281.25,281.1,281.08,281.02,281.01,281.0,280.8,280.5,281.65,282.2,282.22,282.25,282.27,282.55,282.56,282.63,282.74,282.8,100,100,200,100,100,300,700,1400,100,300,400,200,200,100,100,100,100,100,100,600
392.0,281.48,46800,13177295.0,281.48,281.28,281.25,281.1,281.08,281.02,281.01,281.0,280.8,280.5,281.65,282.2,282.22,282.25,282.27,282.55,282.56,282.63,282.74,282.8,100,100,200,100,100,300,700,1400,100,300,400,200,200,100,100,100,100,100,100,600
393.0,281.48,46800,13177295.0,281.48,281.28,281.25,281.1,281.08,281.02,281.01,281.0,280.8,280.5,281.65,282.2,282.22,282.25,282.27,282.55,282.56,282.63,282.74,282.8,200,100,200,100,100,300,700,1400,100,300,400,200,200,100,100,100,100,100,100,600
394.0,281.48,46800,13177295.0,281.48,281.28,281.25,281.1,281.08,281.02,281.01,281.0,280.8,280.5,281.65,282.2,282.22,282.25,282.27,282.55,282.56,282.63,282.74,282.8,300,100,200,100,100,300,700,1400,100,300,400,200,200,100,100,100,100,100,100,600
395.0,281.48,46800,13177295.0,281.48,281.28,281.25,281.08,281.02,281.01,281.0,280.8,280.5,280.36,281.65,282.2,282.22,282.25,282.27,282.55,282.56,282.63,282.74,282.8,300,100,200,100,300,700,1400,100,300,100,400,200,200,100,100,100,100,100,100,600
396.0,281.48,46900,13205443.0,281.48,281.25,281.08,281.02,281.01,281.0,280.8,280.5,280.36,280.32,281.65,282.2,282.22,282.25,282.27,282.55,282.56,282.63,282.74,282.8,200,200,100,300,700,1400,100,300,100,200,400,200,200,100,100,100,100,100,100,600
397.0,281.48,47000,13233591.0,281.48,281.25,281.08,281.02,281.01,281.0,280.8,280.5,280.36,280.32,281.65,282.2,282.22,282.25,282.27,282.55,282.56,282.63,282.74,282.8,100,200,100,300,700,1400,100,300,100,200,500,200,200,100,100,100,100,100,100,600
398.0,281.48,47000,13233591.0,281.48,281.25,281.08,281.02,281.01,281.0,280.8,280.5,280.36,280.32,281.65,282.2,282.22,282.25,282.27,282.55,282.56,282.63,282.74,282.8,100,200,100,300,700,1400,100,300,100,200,500,200,200,100,100,100,100,100,100,600
399.0,281.28,47200,13289867.0,281.25,281.08,281.02,281.01,281.0,280.8,280.5,280.36,280.32,280.3,281.65,282.13,282.2,282.22,282.25,282.27,282.55,282.56,282.63,282.74,200,100,300,700,1500,100,300,100,200,500,500,100,200,200,100,100,100,100,100,100
400.0,281.28,47200,13289867.0,281.25,281.08,281.02,281.01,281.0,280.8,280.5,280.36,280.32,280.3,281.65,282.13,282.2,282.22,282.25,282.27,282.55,282.56,282.63,282.74,200,100,300,700,1500,100,300,100,200,500,500,100,200,200,100,100,100,100,100,100
401.0,281.25,47400,13346117.0,281.09,281.08,281.02,281.01,281.0,280.8,280.5,280.36,280.32,280.3,281.65,282.13,282.2,282.22,282.25,282.27,282.55,282.56,282.63,282.74,100,100,300,700,1500,100,300,100,200,500,500,100,200,200,100,100,100,100,100,100
402.0,281.65,47800,13458777.0,281.1,281.09,281.08,281.02,281.01,281.0,280.8,280.5,280.36,280.32,281.65,282.13,282.2,282.22,282.25,282.27,282.55,282.56,282.63,282.74,100,100,100,300,700,1500,100,300,100,200,100,100,200,200,100,100,100,100,100,100
403.0,281.65,47800,13458777.0,281.1,281.08,281.02,281.01,281.0,280.8,280.5,280.36,280.32,280.3,281.65,282.13,282.2,282.22,282.25,282.27,282.55,282.56,282.63,282.74,300,100,300,700,1500,100,300,100,200,500,100,100,200,200,100,100,100,100,100,100
404.0,281.65,47900,13486942.0,281.1,281.08,281.02,281.01,281.0,280.8,280.5,280.36,280.32,280.3,281.86,281.94,281.96,281.98,282.0,282.07,282.08,282.09,282.11,282.12,200,100,300,700,1500,100,300,100,200,600,100,100,100,100,200,200,200,300,100,200
