LocalTime,LastPrice,TradeVolume,TradeValue,BidPrice1,BidPrice2,BidPrice3,BidPrice4,BidPrice5,BidPrice6,BidPrice7,BidPrice8,BidPrice9,BidPriceA,AskPrice1,AskPrice2,AskPrice3,AskPrice4,AskPrice5,AskPrice6,AskPrice7,AskPrice8,AskPrice9,AskPriceA,BidVolume1,BidVolume2,BidVolume3,BidVolume4,BidVolume5,BidVolume6,BidVolume7,BidVolume8,BidVolume9,BidVolumeA,AskVolume1,AskVolume2,AskVolume3,AskVolume4,AskVolume5,AskVolume6,AskVolume7,AskVolume8,AskVolume9,AskVolumeA
0.0,3.87,20300,78561.0,3.86,3.85,3.84,3.83,3.82,3.81,3.8,3.79,3.78,3.77,3.87,3.88,3.91,3.93,3.94,3.95,3.96,3.97,3.98,3.99,1000,1000,1000,1000,7000,7000,10900,2700,1500,2700,200,140200,3000,10000,2600,1700,3000,11300,5000,11300
1.0,3.87,20300,78561.0,3.86,3.85,3.84,3.83,3.82,3.81,3.8,3.79,3.78,3.77,3.87,3.88,3.91,3.93,3.94,3.95,3.96,3.97,3.98,3.99,1000,1000,1000,1000,7000,7000,10100,4300,1500,2700,200,120600,3000,10000,2600,1700,6000,11300,5000,11300
2.0,3.87,20500,79335.0,3.86,3.85,3.84,3.83,3.82,3.81,3.8,3.79,3.78,3.77,3.87,3.88,3.91,3.93,3.94,3.95,3.96,3.97,3.98,3.99,1000,9200,1000,1000,7000,7000,10100,4300,1500,2700,700,120600,3000,10000,2600,7700,6000,11300,5000,11300
3.0,3.85,28000,108220.0,3.85,3.84,3.83,3.82,3.81,3.8,3.79,3.78,3.77,3.76,3.87,3.88,3.91,3.93,3.94,3.95,3.96,3.97,3.98,3.99,2700,1000,1000,7000,54000,10100,4300,1500,2700,3000,1000,120600,3000,10000,2600,49100,6000,94000,5000,11300
4.0,3.85,28000,108220.0,3.85,3.84,3.83,3.82,3.81,3.8,3.79,3.78,3.77,3.76,3.87,3.88,3.91,3.93,3.94,3.95,3.96,3.97,3.98,3.99,2700,1000,1000,7000,54000,10100,4300,1500,2700,3000,3500,120600,3000,10000,7600,49100,26000,94000,5000,11300
5.0,3.85,28000,108220.0,3.85,3.84,3.83,3.82,3.81,3.8,3.79,3.78,3.77,3.76,3.87,3.88,3.91,3.93,3.94,3.95,3.96,3.97,3.98,3.99,10700,5000,1000,7000,57000,10100,4300,1500,2700,3000,3500,16200,3000,10000,7600,53400,26000,94000,5000,11300
6.0,3.85,28000,108220.0,3.85,3.84,3.83,3.82,3.81,3.8,3.79,3.78,3.77,3.76,3.87,3.88,3.91,3.93,3.94,3.95,3.96,3.97,3.98,3.99,10700,5000,1000,7000,57000,13100,4300,1500,2700,4300,3500,16200,3000,10000,7600,53400,26000,94000,5000,13900
7.0,3.85,28000,108220.0,3.85,3.84,3.83,3.82,3.81,3.8,3.79,3.78,3.77,3.76,3.87,3.88,3.91,3.93,3.94,3.95,3.96,3.97,3.98,3.99,28000,5000,1000,7000,57000,13100,4300,1500,2700,4300,5500,16200,3000,10000,7600,60900,26000,94000,20000,23900
8.0,3.85,28900,111685.0,3.85,3.84,3.83,3.82,3.81,3.8,3.79,3.78,3.77,3.76,3.87,3.88,3.91,3.93,3.94,3.95,3.96,3.97,3.98,3.99,27100,5000,1000,7000,66900,13100,4300,1500,2700,4300,5500,46200,3000,10000,7600,60900,26000,94000,20000,23900
9.0,3.85,52400,202569.0,3.85,3.84,3.83,3.82,3.81,3.8,3.79,3.78,3.77,3.76,3.87,3.88,3.91,3.93,3.94,3.95,3.96,3.97,3.98,3.99,24100,5000,1000,7000,66900,13100,4300,1500,2700,4300,36900,51100,3000,10000,7600,60900,26000,94000,20000,23900
10.0,3.85,52400,202569.0,3.85,3.84,3.83,3.82,3.81,3.8,3.79,3.78,3.77,3.76,3.87,3.88,3.91,3.93,3.94,3.95,3.96,3.97,3.98,3.99,24100,5000,1000,7000,66900,13100,4300,1500,2700,4300,36900,51100,3000,10000,7600,60900,26000,94000,20000,23900
11.0,3.85,52400,202569.0,3.85,3.84,3.83,3.82,3.81,3.8,3.79,3.78,3.77,3.76,3.87,3.88,3.91,3.93,3.94,3.95,3.96,3.97,3.98,3.99,24100,5000,1000,7000,66900,13100,4300,1500,2700,4300,36900,51100,3000,10000,7600,60900,26000,94000,20000,23900
12.0,3.85,60000,231829.0,3.85,3.84,3.83,3.82,3.81,3.8,3.79,3.78,3.77,3.76,3.87,3.88,3.91,3.93,3.94,3.95,3.96,3.97,3.98,3.99,16500,5000,1000,7000,66900,13100,4300,1500,2700,4300,36900,51100,3000,10000,7600,60900,26000,94000,20000,23900
13.0,3.85,76500,295354.0,3.84,3.83,3.82,3.81,3.8,3.79,3.78,3.77,3.76,3.75,3.85,3.87,3.88,3.91,3.93,3.94,3.95,3.96,3.97,3.98,5000,1000,7000,66900,13100,4300,1500,2700,4300,5700,3100,36900,51100,3000,10000,7600,60900,26000,94000,20000
14.0,3.85,76500,295354.0,3.84,3.83,3.82,3.81,3.8,3.79,3.78,3.77,3.76,3.75,3.85,3.87,3.88,3.91,3.93,3.94,3.95,3.96,3.97,3.98,5000,1000,7000,66900,13100,4300,1500,2700,4300,5700,30000,36900,51100,3000,10000,7600,60900,26000,94000,20000
15.0,3.85,76500,295354.0,3.84,3.83,3.82,3.81,3.8,3.79,3.78,3.77,3.76,3.75,3.85,3.87,3.88,3.91,3.93,3.94,3.95,3.96,3.97,3.98,5000,1000,7000,66900,13100,4300,1500,2700,4300,5700,30000,36900,51100,3000,10000,7600,60900,26000,94000,20000
16.0,3.85,76500,295354.0,3.84,3.83,3.82,3.81,3.8,3.79,3.78,3.77,3.76,3.75,3.85,3.87,3.88,3.91,3.93,3.94,3.95,3.96,3.97,3.98,5000,1000,7000,66900,13100,4300,1500,2700,4300,5700,30000,36900,51100,3000,10000,7600,60900,26000,94000,20000
17.0,3.85,76500,295354.0,3.84,3.83,3.82,3.81,3.8,3.79,3.78,3.77,3.76,3.75,3.85,3.87,3.88,3.91,3.93,3.94,3.95,3.96,3.97,3.98,5000,1000,7000,66900,13100,4300,1500,2700,4300,5700,30000,36900,51100,3000,10000,7600,60900,26000,94000,20000
18.0,3.85,76500,295354.0,3.84,3.83,3.82,3.81,3.8,3.79,3.78,3.77,3.76,3.75,3.85,3.87,3.88,3.91,3.93,3.94,3.95,3.96,3.97,3.98,5000,1000,15800,66900,13100,4300,1500,2700,4300,5700,30000,36900,51100,3000,10000,7600,60900,26000,94000,20000
19.0,3.85,76500,295354.0,3.84,3.83,3.82,3.81,3.8,3.79,3.78,3.77,3.76,3.75,3.85,3.87,3.88,3.91,3.93,3.94,3.95,3.96,3.97,3.98,5000,1000,15800,66900,13100,4300,1500,2700,4300,5700,30000,36900,51100,3000,10000,7600,60900,26000,94000,20000
20.0,3.85,76500,295354.0,3.84,3.83,3.82,3.81,3.8,3.79,3.78,3.77,3.76,3.75,3.85,3.87,3.88,3.91,3.93,3.94,3.95,3.96,3.97,3.98,5000,1000,15800,66900,13100,4300,1500,2700,4300,5700,30000,36900,51100,3000,10000,7600,60900,26000,94000,20000
21.0,3.85,79300,306134.0,3.84,3.83,3.82,3.81,3.8,3.79,3.78,3.77,3.76,3.75,3.85,3.87,3.88,3.91,3.93,3.94,3.95,3.96,3.97,3.98,5000,1000,15800,66900,13100,4300,1500,2700,4300,5700,27200,36900,51100,3000,10000,7600,60900,26000,94000,20000
22.0,3.85,79300,306134.0,3.84,3.83,3.82,3.81,3.8,3.79,3.78,3.77,3.76,3.75,3.85,3.87,3.88,3.91,3.93,3.94,3.95,3.96,3.97,3.98,5000,1000,15800,66900,13100,4300,1500,2700,4300,5700,27200,36900,51100,3000,10000,7600,60900,26000,94000,20000
23.0,3.85,79300,306134.0,3.84,3.83,3.82,3.81,3.8,3.79,3.78,3.77,3.76,3.75,3.85,3.87,3.88,3.91,3.93,3.94,3.95,3.96,3.97,3.98,5000,1000,15800,66900,13100,4300,1500,2700,4300,5700,27200,36900,51100,3000,10000,7600,60900,26000,94000,20000
24.0,3.85,79300,306134.0,3.84,3.83,3.82,3.81,3.8,3.79,3.78,3.77,3.76,3.75,3.85,3.87,3.88,3.91,3.93,3.94,3.95,3.96,3.97,3.98,5000,1000,15800,66900,13100,4300,1500,2700,4300,5700,27200,36900,51100,3000,10000,7600,60900,26000,94000,20000
25.0,3.85,79300,306134.0,3.84,3.83,3.82,3.81,3.8,3.79,3.78,3.77,3.76,3.75,3.85,3.87,3.88,3.91,3.93,3.94,3.95,3.96,3.97,3.98,5000,1000,15800,66900,13100,4300,1500,2700,4300,5700,27200,36900,51100,3000,10000,7600,60900,26000,94000,20000
26.0,3.85,79300,306134.0,3.84,3.83,3.82,3.81,3.8,3.79,3.78,3.77,3.76,3.75,3.85,3.87,3.88,3.91,3.93,3.94,3.95,3.96,3.97,3.98,5000,1000,15800,66900,13100,4300,1500,2700,4300,5700,27200,36900,51100,3000,10000,7600,60900,26000,94000,20000
27.0,3.85,79300,306134.0,3.84,3.83,3.82,3.81,3.8,3.79,3.78,3.77,3.76,3.75,3.85,3.87,3.88,3.91,3.93,3.94,3.95,3.96,3.97,3.98,5000,1000,15800,66900,13100,4300,1500,2700,4300,5700,27200,36900,51100,3000,10000,7600,60900,26000,94000,20000
28.0,3.85,79300,306134.0,3.84,3.83,3.82,3.81,3.8,3.79,3.78,3.77,3.76,3.75,3.85,3.87,3.88,3.91,3.93,3.94,3.95,3.96,3.97,3.98,5000,1000,15800,66900,13100,4300,1500,2700,4300,5700,27200,36900,51100,3000,10000,7600,60900,26000,94000,20000
29.0,3.85,79300,306134.0,3.84,3.83,3.82,3.81,3.8,3.79,3.78,3.77,3.76,3.75,3.85,3.87,3.88,3.91,3.93,3.94,3.95,3.96,3.97,3.98,5000,1000,15800,66900,13100,4300,1500,2700,4300,5700,27200,36900,51100,3000,10000,7600,60900,26000,94000,20000
30.0,3.85,79300,306134.0,3.84,3.83,3.82,3.81,3.8,3.79,3.78,3.77,3.76,3.75,3.85,3.87,3.88,3.91,3.93,3.94,3.95,3.96,3.97,3.98,5000,1000,15800,66900,13100,4300,1500,2700,4300,5700,28000,36900,51100,3000,10000,7600,60900,26000,94000,20000
31.0,3.85,79300,306134.0,3.84,3.83,3.82,3.81,3.8,3.79,3.78,3.77,3.76,3.75,3.85,3.87,3.88,3.91,3.93,3.94,3.95,3.96,3.97,3.98,5000,1000,15800,66900,13100,4300,1500,2700,4300,5700,28000,36900,51100,3000,10000,7600,60900,26000,94000,20000
32.0,3.85,79300,306134.0,3.84,3.83,3.82,3.81,3.8,3.79,3.78,3.77,3.76,3.75,3.85,3.87,3.88,3.91,3.93,3.94,3.95,3.96,3.97,3.98,5000,1000,15800,66900,13100,4300,1500,2700,4300,5700,28000,36900,51100,3000,10000,7600,60900,26000,94000,20000
33.0,3.84,82800,319574.0,3.84,3.83,3.82,3.81,3.8,3.79,3.78,3.77,3.76,3.75,3.85,3.87,3.88,3.91,3.93,3.94,3.95,3.96,3.97,3.98,1500,1000,15800,66900,13100,4300,1500,2700,4300,5700,28000,36900,51100,3000,10000,7600,60900,26000,94000,20000
34.0,3.84,82800,319574.0,3.84,3.83,3.82,3.81,3.8,3.79,3.78,3.77,3.76,3.75,3.85,3.87,3.88,3.91,3.93,3.94,3.95,3.96,3.97,3.98,1500,1000,25500,66900,13100,4300,1500,2700,4300,5700,28000,36900,51100,3000,10000,7600,60900,26000,94000,20000
35.0,3.84,82800,319574.0,3.84,3.83,3.82,3.81,3.8,3.79,3.78,3.77,3.76,3.75,3.85,3.87,3.88,3.91,3.93,3.94,3.95,3.96,3.97,3.98,1500,1000,25500,66900,13100,4300,1500,2700,4300,5700,28000,36900,51100,3000,10000,7600,60900,26000,94000,20000
36.0,3.84,82900,319958.0,3.84,3.83,3.82,3.81,3.8,3.79,3.78,3.77,3.76,3.75,3.85,3.87,3.88,3.91,3.93,3.94,3.95,3.96,3.97,3.98,1400,1000,25500,66900,13100,4300,1500,2700,4300,5700,28000,36900,51100,3000,10000,7600,60900,26000,94000,20000
37.0,3.84,82900,319958.0,3.84,3.83,3.82,3.81,3.8,3.79,3.78,3.77,3.76,3.75,3.85,3.87,3.88,3.91,3.93,3.94,3.95,3.96,3.97,3.98,1400,1000,25500,66900,13100,4300,1500,2700,4300,5700,28000,36900,51100,3000,10000,7600,60900,26000,94000,20000
38.0,3.84,82900,319958.0,3.84,3.83,3.82,3.81,3.8,3.79,3.78,3.77,3.76,3.75,3.85,3.87,3.88,3.91,3.93,3.94,3.95,3.96,3.97,3.98,1400,1000,25500,66900,13100,4300,1500,2700,4300,5700,28000,36900,51100,3000,10000,7600,60900,26000,94000,20000
39.0,3.84,83000,320342.0,3.84,3.83,3.82,3.81,3.8,3.79,3.78,3.77,3.76,3.75,3.85,3.87,3.88,3.91,3.93,3.94,3.95,3.96,3.97,3.98,1300,1000,28500,66900,13100,4300,1500,2700,4300,5700,28000,36900,51100,3000,10000,7600,60900,26000,94000,20000
40.0,3.84,83000,320342.0,3.84,3.83,3.82,3.81,3.8,3.79,3.78,3.77,3.76,3.75,3.85,3.87,3.88,3.91,3.93,3.94,3.95,3.96,3.97,3.98,1300,1000,28500,66900,13100,4300,1500,2700,4300,5700,28000,36900,51100,3000,10000,7600,60900,26000,94000,20000
41.0,3.84,83000,320342.0,3.84,3.83,3.82,3.81,3.8,3.79,3.78,3.77,3.76,3.75,3.85,3.87,3.88,3.91,3.93,3.94,3.95,3.96,3.97,3.98,1300,1000,28500,66900,13100,4300,1500,2700,4300,5700,28000,36900,51100,3000,10000,7600,60900,26000,94000,20000
42.0,3.84,83100,320726.0,3.84,3.83,3.82,3.81,3.8,3.79,3.78,3.77,3.76,3.75,3.85,3.87,3.88,3.91,3.93,3.94,3.95,3.96,3.97,3.98,1200,3600,28500,66900,13100,4300,1500,2700,4300,5700,28000,36900,51100,3000,10000,7600,60900,26000,94000,20000
43.0,3.84,83100,320726.0,3.84,3.83,3.82,3.81,3.8,3.79,3.78,3.77,3.76,3.75,3.85,3.87,3.88,3.91,3.93,3.94,3.95,3.96,3.97,3.98,1200,3600,28500,66900,13100,4300,1500,2700,4300,5700,28000,36900,51100,3000,10000,7600,60900,26000,94000,20000
44.0,3.84,83100,320726.0,3.84,3.83,3.82,3.81,3.8,3.79,3.78,3.77,3.76,3.75,3.85,3.87,3.88,3.91,3.93,3.94,3.95,3.96,3.97,3.98,1200,3600,28500,66900,13100,4300,1500,2700,4300,5700,28000,36900,51100,3000,10000,7600,60900,26000,94000,20000
45.0,3.85,84500,326115.0,3.84,3.83,3.82,3.81,3.8,3.79,3.78,3.77,3.76,3.75,3.85,3.87,3.88,3.91,3.93,3.94,3.95,3.96,3.97,3.98,1100,3600,28500,66900,13100,4300,1500,2700,4300,5700,26700,36900,51100,3000,10000,7600,60900,26000,94000,20000
46.0,3.84,85500,329955.0,3.84,3.83,3.82,3.81,3.8,3.79,3.78,3.77,3.76,3.75,3.85,3.87,3.88,3.91,3.93,3.94,3.95,3.96,3.97,3.98,100,3600,28500,66900,13100,4300,1500,2700,4300,5700,26700,36900,51100,3000,10000,7600,60900,26000,94000,20000
47.0,3.84,85500,329955.0,3.84,3.83,3.82,3.81,3.8,3.79,3.78,3.77,3.76,3.75,3.85,3.87,3.88,3.91,3.93,3.94,3.95,3.96,3.97,3.98,100,3600,28500,66900,13100,4300,1500,2700,4300,5700,26700,36900,51100,3000,10000,7600,60900,26000,94000,20000
48.0,3.84,85600,330339.0,3.83,3.82,3.81,3.8,3.79,3.78,3.77,3.76,3.75,3.73,3.84,3.85,3.87,3.88,3.91,3.93,3.94,3.95,3.96,3.97,3600,28500,66900,13100,4300,1500,2700,4300,5700,118800,88800,26700,36900,51100,3000,10000,7600,60900,26000,94000
49.0,3.84,85800,331107.0,3.83,3.82,3.81,3.8,3.79,3.78,3.77,3.76,3.75,3.73,3.84,3.85,3.87,3.88,3.91,3.93,3.94,3.95,3.96,3.97,3600,28500,66900,13100,4300,1500,2700,4300,5700,118800,88600,26700,36900,51100,3000,10000,7600,60900,26000,94000
50.0,3.84,85800,331107.0,3.83,3.82,3.81,3.8,3.79,3.78,3.77,3.76,3.75,3.73,3.84,3.85,3.87,3.88,3.91,3.93,3.94,3.95,3.96,3.97,3600,28500,66900,13100,4300,1500,2700,4300,5700,118800,88600,26700,36900,51100,3000,10000,7600,60900,26000,94000
51.0,3.83,86100,332256.0,3.83,3.82,3.81,3.8,3.79,3.78,3.77,3.76,3.75,3.73,3.84,3.85,3.87,3.88,3.91,3.93,3.94,3.95,3.96,3.97,3300,38300,66900,13100,4300,1500,2700,4300,5700,118800,88600,26700,36900,51100,3000,10000,7600,60900,26000,94000
52.0,3.83,86100,332256.0,3.83,3.82,3.81,3.8,3.79,3.78,3.77,3.76,3.75,3.73,3.84,3.85,3.87,3.88,3.91,3.93,3.94,3.95,3.96,3.97,3300,38300,66900,13100,4300,1500,2700,4300,5700,118800,88600,26700,36900,51100,3000,10000,7600,60900,26000,94000
53.0,3.83,86100,332256.0,3.83,3.82,3.81,3.8,3.79,3.78,3.77,3.76,3.75,3.73,3.84,3.85,3.87,3.88,3.91,3.93,3.94,3.95,3.96,3.97,6300,38300,66900,13100,4300,1500,2700,4300,5700,118800,88600,26700,36900,51100,3000,10000,7600,60900,26000,94000
54.0,3.83,86700,334554.0,3.83,3.82,3.81,3.8,3.79,3.78,3.77,3.76,3.75,3.73,3.84,3.85,3.87,3.88,3.91,3.93,3.94,3.95,3.96,3.97,5700,38300,66900,13100,4300,1500,2700,4300,5700,118800,88700,26700,36900,51100,3000,10000,7600,60900,26000,94000
55.0,3.83,86700,334554.0,3.83,3.82,3.81,3.8,3.79,3.78,3.77,3.76,3.75,3.73,3.84,3.85,3.87,3.88,3.91,3.93,3.94,3.95,3.96,3.97,5700,38300,66900,13100,4300,1500,2700,4300,5700,118800,88700,26700,36900,51100,3000,10000,7600,60900,26000,94000
56.0,3.83,86700,334554.0,3.83,3.82,3.81,3.8,3.79,3.78,3.77,3.76,3.75,3.73,3.84,3.85,3.87,3.88,3.91,3.93,3.94,3.95,3.96,3.97,5700,38300,66900,13100,4300,1500,2700,4300,5700,118800,88700,26700,36900,51100,3000,10000,7600,60900,26000,94000
57.0,3.83,87200,336469.0,3.83,3.82,3.81,3.8,3.79,3.78,3.77,3.76,3.75,3.73,3.84,3.85,3.87,3.88,3.91,3.93,3.94,3.95,3.96,3.97,5200,38300,66900,13100,4300,1500,2700,4300,5700,118800,88700,26700,36900,51100,3000,10000,7600,60900,26000,94000
58.0,3.83,92400,356385.0,3.82,3.81,3.8,3.79,3.78,3.77,3.76,3.75,3.73,3.72,3.83,3.84,3.85,3.87,3.88,3.91,3.93,3.94,3.95,3.96,38300,66900,13100,4300,1500,2700,4300,5700,118800,3000,800,88700,26700,36900,51100,3000,10000,7600,60900,26000
59.0,3.83,92400,356385.0,3.82,3.81,3.8,3.79,3.78,3.77,3.76,3.75,3.73,3.72,3.83,3.84,3.85,3.87,3.88,3.91,3.93,3.94,3.95,3.96,38300,66900,13100,4300,1500,2700,4300,5700,118800,3000,800,88700,26700,36900,51100,3000,10000,7600,60900,26000
60.0,3.82,95000,366317.0,3.82,3.81,3.8,3.79,3.78,3.77,3.76,3.75,3.73,3.72,3.83,3.84,3.85,3.87,3.88,3.91,3.93,3.94,3.95,3.96,35700,66900,13100,4300,1500,2700,4300,5700,118800,3000,800,88700,27700,36900,51100,3000,10000,7600,60900,26000
61.0,3.82,95000,366317.0,3.82,3.81,3.8,3.79,3.78,3.77,3.76,3.75,3.73,3.72,3.83,3.84,3.85,3.87,3.88,3.91,3.93,3.94,3.95,3.96,35700,66900,13100,4300,1500,2700,4300,5700,118800,3000,800,95500,27700,36900,51100,3000,10000,7600,60900,26000
62.0,3.82,95000,366317.0,3.82,3.81,3.8,3.79,3.78,3.77,3.76,3.75,3.73,3.72,3.83,3.84,3.85,3.87,3.88,3.91,3.93,3.94,3.95,3.96,40700,66900,16100,4300,1500,2700,4300,5700,118800,3000,800,95500,27700,36900,51100,3000,10000,7600,60900,26000
63.0,3.84,97100,374373.0,3.82,3.81,3.8,3.79,3.78,3.77,3.76,3.75,3.73,3.72,3.84,3.85,3.87,3.88,3.91,3.93,3.94,3.95,3.96,3.97,40700,66900,16100,4300,1500,2700,4300,5700,118800,3000,94200,27700,36900,51100,3000,10000,7600,60900,26000,94000
64.0,3.82,99300,382777.0,3.82,3.81,3.8,3.79,3.78,3.77,3.76,3.75,3.73,3.72,3.84,3.85,3.87,3.88,3.91,3.93,3.94,3.95,3.96,3.97,38500,66900,26100,4300,1500,2700,4300,5700,118800,3000,94200,27700,36900,51100,3000,10000,7600,60900,26000,94000
65.0,3.82,99300,382777.0,3.82,3.81,3.8,3.79,3.78,3.77,3.76,3.75,3.73,3.72,3.84,3.85,3.87,3.88,3.91,3.93,3.94,3.95,3.96,3.97,38500,66900,26100,4300,1500,2700,4300,5700,118800,3000,94200,27700,36900,51100,3000,10000,7600,60900,26000,94000
66.0,3.84,101900,392761.0,3.82,3.81,3.8,3.79,3.78,3.77,3.76,3.75,3.73,3.72,3.84,3.85,3.87,3.88,3.91,3.93,3.94,3.95,3.96,3.97,38500,66900,26100,4300,1500,2700,4300,5700,118800,3000,91600,27700,36900,51100,3000,10000,12600,60900,26000,94000
67.0,3.82,107100,412625.0,3.82,3.81,3.8,3.79,3.78,3.77,3.76,3.75,3.73,3.72,3.84,3.85,3.87,3.88,3.91,3.93,3.94,3.95,3.96,3.97,33300,66900,26100,4300,1500,2700,4300,5700,118800,3000,91600,27200,36900,51100,3000,10000,12600,60900,26000,94000
68.0,3.82,107100,412625.0,3.82,3.81,3.8,3.79,3.78,3.77,3.76,3.75,3.73,3.72,3.84,3.85,3.87,3.88,3.91,3.93,3.94,3.95,3.96,3.97,33300,66900,26100,4300,1500,2700,4300,5700,118800,3000,91600,27000,36900,51100,3000,10000,12600,60900,26000,94000
69.0,3.84,127800,492113.0,3.82,3.81,3.8,3.79,3.78,3.77,3.76,3.75,3.73,3.72,3.83,3.84,3.85,3.87,3.88,3.91,3.93,3.94,3.95,3.96,33300,66900,26100,4300,1500,2700,4300,5700,118800,3000,1400,70900,27000,36900,51100,3000,10000,12600,60900,26000
70.0,3.83,127900,492496.0,3.82,3.81,3.8,3.79,3.78,3.77,3.76,3.75,3.73,3.72,3.83,3.84,3.85,3.87,3.88,3.91,3.93,3.94,3.95,3.96,33300,66900,26100,4300,1500,2700,4300,5700,118800,3000,1300,70900,27000,36900,51100,3000,10000,12600,60900,26000
71.0,3.83,127900,492496.0,3.82,3.81,3.8,3.79,3.78,3.77,3.76,3.75,3.73,3.72,3.83,3.84,3.85,3.87,3.88,3.91,3.93,3.94,3.95,3.96,33300,66900,26100,4300,1500,2700,4300,5700,118800,3000,1300,70900,1100,36900,51100,3000,10000,12600,60900,26000
72.0,3.83,127900,492496.0,3.82,3.81,3.8,3.79,3.78,3.77,3.76,3.75,3.73,3.72,3.83,3.84,3.85,3.87,3.88,3.91,3.93,3.94,3.95,3.96,33300,66900,26100,4300,1500,2700,4300,5700,118800,3000,1300,70900,1100,36900,51100,3000,10000,12600,60900,26000
73.0,3.83,128000,492879.0,3.82,3.81,3.8,3.79,3.78,3.77,3.76,3.75,3.73,3.72,3.83,3.84,3.85,3.87,3.88,3.91,3.93,3.94,3.95,3.96,33300,66900,26100,4300,1500,2700,4300,5700,118800,3000,1200,70900,1100,36900,51100,3000,10000,12600,60900,26000
74.0,3.83,128000,492879.0,3.82,3.81,3.8,3.79,3.78,3.77,3.76,3.75,3.73,3.72,3.83,3.84,3.85,3.87,3.88,3.91,3.93,3.94,3.95,3.96,33300,66900,26100,4300,1500,2700,4300,5700,118800,3000,1200,70900,1100,36900,51100,3000,10000,12600,60900,26000
75.0,3.83,128200,493645.0,3.82,3.81,3.8,3.79,3.78,3.77,3.76,3.75,3.73,3.72,3.83,3.84,3.85,3.87,3.88,3.91,3.93,3.94,3.95,3.96,33300,66900,86100,4300,1500,2700,4300,5700,118800,3000,1000,70900,1100,36900,51100,3000,10000,12600,60900,26000
76.0,3.84,134400,517443.0,3.82,3.81,3.8,3.79,3.78,3.77,3.76,3.75,3.73,3.72,3.84,3.85,3.87,3.88,3.91,3.93,3.94,3.95,3.96,3.97,33300,66900,86100,4300,1500,2700,4300,5700,118800,3000,65700,1100,36900,51100,3000,10000,12600,60900,26000,94000
77.0,3.84,134400,517443.0,3.82,3.81,3.8,3.79,3.78,3.77,3.76,3.75,3.73,3.72,3.84,3.85,3.87,3.88,3.91,3.93,3.94,3.95,3.96,3.97,33300,66900,86100,4300,1500,2700,4300,5700,118800,3000,65700,1100,36900,51100,3000,10000,12600,60900,26000,94000
78.0,3.82,139600,537307.0,3.82,3.81,3.8,3.79,3.78,3.77,3.76,3.75,3.73,3.72,3.84,3.85,3.87,3.88,3.91,3.93,3.94,3.95,3.96,3.97,28100,66900,86100,4300,1500,2700,4300,5700,118800,3000,65700,1100,36900,51100,3000,10000,12600,60900,26000,94000
79.0,3.82,139600,537307.0,3.82,3.81,3.8,3.79,3.78,3.77,3.76,3.75,3.73,3.72,3.84,3.85,3.87,3.88,3.91,3.93,3.94,3.95,3.96,3.97,28100,66900,86100,4300,1500,2700,4300,5700,118800,3000,66700,1100,36900,51100,3000,10000,12600,60900,26000,94000
80.0,3.84,142200,547291.0,3.82,3.81,3.8,3.79,3.78,3.77,3.76,3.75,3.73,3.72,3.83,3.84,3.85,3.87,3.88,3.91,3.93,3.94,3.95,3.96,28100,66900,86100,4300,1500,2700,4300,5700,118800,3000,1000,64100,1100,36900,51100,3000,10000,12600,60900,26000
81.0,3.83,142700,549206.0,3.82,3.81,3.8,3.79,3.78,3.77,3.76,3.75,3.73,3.72,3.83,3.84,3.85,3.87,3.88,3.89,3.91,3.93,3.94,3.95,28100,66900,86100,4300,1500,2700,4300,5700,118800,3000,500,64100,1100,36900,51100,10000,3000,10000,12600,60900
82.0,3.83,142700,549206.0,3.82,3.81,3.8,3.79,3.78,3.77,3.76,3.75,3.73,3.72,3.83,3.84,3.85,3.87,3.88,3.89,3.91,3.93,3.94,3.95,28100,66900,86100,4300,1500,2700,4300,5700,118800,3000,500,64100,1100,36900,51100,10000,3000,10000,12600,60900
83.0,3.83,142700,549206.0,3.82,3.81,3.8,3.79,3.78,3.77,3.76,3.75,3.73,3.72,3.83,3.84,3.85,3.87,3.88,3.89,3.91,3.93,3.94,3.95,28100,66900,86100,4300,1500,2700,4300,5700,118800,3000,500,64100,1100,36900,51100,10000,3000,10000,12600,60900
84.0,3.83,142700,549206.0,3.82,3.81,3.8,3.79,3.78,3.77,3.76,3.75,3.73,3.72,3.83,3.84,3.85,3.87,3.88,3.89,3.91,3.93,3.94,3.95,28100,66900,86100,4300,1500,2700,4300,9700,118800,3000,500,64100,1100,36900,51100,10000,3000,10000,12600,60900
85.0,3.83,142700,549206.0,3.82,3.81,3.8,3.79,3.78,3.77,3.76,3.75,3.73,3.72,3.83,3.84,3.85,3.87,3.88,3.89,3.91,3.93,3.94,3.95,38100,66900,86100,4300,1500,2700,4300,9700,118800,3000,500,64100,1100,36900,51100,10000,3000,10000,12600,60900
86.0,3.83,142700,549206.0,3.82,3.81,3.8,3.79,3.78,3.77,3.76,3.75,3.73,3.72,3.83,3.84,3.85,3.87,3.88,3.89,3.91,3.93,3.94,3.95,38100,66900,86100,4300,1500,2700,4300,9700,118800,3000,3500,64100,1100,36900,51100,10000,3000,10000,12600,60900
87.0,3.83,143000,550355.0,3.82,3.81,3.8,3.79,3.78,3.77,3.76,3.75,3.73,3.72,3.83,3.84,3.85,3.87,3.88,3.89,3.91,3.93,3.94,3.95,38100,66900,86100,4300,1500,2700,4300,9700,118800,3000,3200,64100,1100,36900,51100,10000,3000,10000,12600,60900
88.0,3.83,143000,550355.0,3.82,3.81,3.8,3.79,3.78,3.77,3.76,3.75,3.73,3.72,3.83,3.84,3.85,3.87,3.88,3.89,3.91,3.93,3.94,3.95,38100,66900,86100,4300,1500,2700,4300,9700,118800,3000,3200,64100,1100,36900,51100,10000,3000,10000,12600,60900
89.0,3.82,148200,570219.0,3.82,3.81,3.8,3.79,3.78,3.77,3.76,3.75,3.73,3.72,3.83,3.84,3.85,3.87,3.88,3.89,3.91,3.93,3.94,3.95,32900,71900,86100,4300,1500,2700,4300,9700,118800,3000,3200,64100,1100,36900,51100,10000,3000,10000,12600,60900
90.0,3.83,148500,571368.0,3.82,3.81,3.8,3.79,3.78,3.77,3.76,3.75,3.73,3.72,3.83,3.84,3.85,3.87,3.88,3.89,3.91,3.93,3.94,3.95,32900,71900,86100,4300,1500,2700,4300,9700,118800,3000,2900,64100,1100,36900,51100,10000,3000,10000,12600,60900
91.0,3.82,198800,763378.0,3.82,3.81,3.8,3.79,3.78,3.77,3.76,3.75,3.73,3.72,3.83,3.84,3.85,3.87,3.88,3.89,3.91,3.93,3.94,3.95,26200,58300,86100,4300,1500,2700,4300,19600,118800,3000,2900,64100,1100,36900,51100,10000,3000,10000,12600,60900
92.0,3.82,213800,820678.0,3.82,3.81,3.8,3.79,3.78,3.77,3.76,3.75,3.73,3.72,3.83,3.84,3.85,3.87,3.88,3.89,3.91,3.93,3.94,3.95,11200,58300,86100,4300,1500,2700,4300,19600,118800,3000,2900,64100,1100,36900,51100,10000,3000,10000,12600,60900
93.0,3.83,214000,821444.0,3.82,3.81,3.8,3.79,3.78,3.77,3.76,3.75,3.73,3.72,3.83,3.84,3.85,3.87,3.88,3.89,3.91,3.93,3.94,3.95,11200,58300,86100,4300,1500,2700,4300,19600,118800,3000,2700,64100,1100,36900,51100,10000,3000,10000,12600,60900
94.0,3.83,215300,826423.0,3.82,3.81,3.8,3.79,3.78,3.77,3.76,3.75,3.73,3.72,3.83,3.84,3.85,3.87,3.88,3.89,3.91,3.93,3.94,3.95,11200,58300,86100,4300,1500,2700,4300,19600,118800,3000,1400,64100,1100,36900,51100,10000,3000,10000,12600,60900
95.0,3.83,215300,826423.0,3.82,3.81,3.8,3.79,3.78,3.77,3.76,3.75,3.73,3.72,3.83,3.84,3.85,3.87,3.88,3.89,3.91,3.93,3.94,3.95,11200,58300,86100,4300,1500,2700,4300,19600,118800,3000,1400,64100,1100,36900,51100,10000,3000,10000,12600,60900
96.0,3.83,228200,875715.0,3.83,3.81,3.8,3.79,3.78,3.77,3.76,3.75,3.73,3.72,3.84,3.85,3.87,3.88,3.89,3.91,3.93,3.94,3.95,3.96,18300,58300,86100,4300,2000,2700,4300,19600,118800,3000,64100,1100,36900,51100,10000,3000,10000,12600,60900,26000
97.0,3.84,231800,889539.0,3.83,3.81,3.8,3.79,3.78,3.77,3.76,3.75,3.73,3.72,3.84,3.85,3.87,3.88,3.89,3.91,3.93,3.94,3.95,3.96,18300,58300,86100,4300,2000,2700,4300,19600,118800,3000,60500,1100,36900,51100,10000,3000,10000,12600,60900,26000
98.0,3.83,233600,896433.0,3.83,3.81,3.8,3.79,3.78,3.77,3.76,3.75,3.73,3.72,3.84,3.85,3.87,3.88,3.89,3.91,3.93,3.94,3.95,3.96,16500,58300,86100,4300,2000,2700,4300,19600,118800,3000,60500,1100,36900,51100,10000,3000,10000,12600,60900,26000
99.0,3.83,233600,896433.0,3.83,3.81,3.8,3.79,3.78,3.77,3.76,3.75,3.73,3.72,3.84,3.85,3.87,3.88,3.89,3.91,3.93,3.94,3.95,3.96,16500,58300,86100,4300,2000,2700,4300,19600,118800,3000,60500,1100,36900,51100,10000,3000,10000,12600,60900,26000
100.0,3.84,236200,906417.0,3.83,3.81,3.8,3.79,3.78,3.77,3.76,3.75,3.73,3.72,3.84,3.85,3.87,3.88,3.89,3.91,3.93,3.94,3.95,3.96,16500,58300,86100,4300,2000,2700,4300,19600,118800,3000,57900,1100,36900,51100,10000,3000,10000,12600,60900,26000
101.0,3.84,241400,926385.0,3.83,3.81,3.8,3.79,3.78,3.77,3.76,3.75,3.73,3.72,3.84,3.85,3.87,3.88,3.89,3.91,3.93,3.94,3.95,3.96,16500,58300,86100,4300,2000,2700,4300,19600,118800,3000,52700,1100,36900,51100,10000,3000,10000,12600,60900,26000
102.0,3.84,241400,926385.0,3.83,3.81,3.8,3.79,3.78,3.77,3.76,3.75,3.73,3.72,3.84,3.85,3.87,3.88,3.89,3.91,3.93,3.94,3.95,3.96,16500,58300,86100,4300,2000,2700,4300,19600,118800,3000,52700,1100,36900,51100,10000,3000,10000,12600,60900,26000
103.0,3.83,244400,937875.0,3.83,3.81,3.8,3.79,3.78,3.77,3.76,3.75,3.73,3.72,3.84,3.85,3.87,3.88,3.89,3.91,3.93,3.94,3.95,3.96,14500,58300,86100,4300,2000,2700,4300,19600,118800,3000,52700,1100,36900,51100,10000,3000,10000,12600,60900,26000
104.0,3.84,247000,947859.0,3.83,3.81,3.8,3.79,3.78,3.77,3.76,3.75,3.73,3.72,3.84,3.85,3.87,3.88,3.89,3.91,3.93,3.94,3.95,3.96,14500,58300,86100,4300,2000,2700,4300,19600,118800,3000,50100,1100,36900,51100,10000,3000,10000,12600,60900,26000
105.0,3.83,248400,953221.0,3.83,3.81,3.8,3.79,3.78,3.77,3.76,3.75,3.73,3.72,3.84,3.85,3.87,3.88,3.89,3.91,3.93,3.94,3.95,3.96,13100,58300,86100,4300,2000,2700,4300,19600,118800,3000,50100,1100,36900,51100,10000,3000,10000,12600,60900,26000
106.0,3.83,261500,1003394.0,3.81,3.8,3.79,3.78,3.77,3.76,3.75,3.73,3.72,3.71,3.82,3.84,3.85,3.87,3.88,3.89,3.91,3.93,3.94,3.95,58300,86100,4300,2000,2700,4300,19600,118800,3000,38300,5700,50100,1100,36900,51100,10000,3000,10000,12600,60900
107.0,3.82,264200,1013708.0,3.81,3.8,3.79,3.78,3.77,3.76,3.75,3.73,3.72,3.71,3.82,3.84,3.85,3.87,3.88,3.89,3.91,3.93,3.94,3.95,58300,86100,4300,2000,2700,4300,19600,118800,3000,38300,3000,50100,1100,36900,51100,10000,3000,10000,12600,60900
108.0,3.82,267200,1025168.0,3.82,3.81,3.8,3.79,3.78,3.77,3.76,3.75,3.73,3.72,3.83,3.84,3.85,3.87,3.88,3.89,3.91,3.93,3.94,3.95,7000,58300,86100,4300,2000,2700,4300,19600,118800,3000,92700,50100,1100,36900,51100,10000,3000,10000,12600,61900
109.0,3.82,267200,1025168.0,3.82,3.81,3.8,3.79,3.78,3.77,3.76,3.75,3.73,3.72,3.83,3.84,3.85,3.87,3.88,3.89,3.91,3.93,3.94,3.95,7000,58300,86100,4300,2000,2700,4300,19600,118800,3000,121000,50100,1100,36900,51100,10000,3000,10000,12600,61900
110.0,3.82,276800,1061866.0,3.81,3.8,3.79,3.78,3.77,3.76,3.75,3.73,3.72,3.71,3.82,3.83,3.84,3.85,3.88,3.89,3.91,3.93,3.94,3.95,58300,76100,4300,2000,2700,4300,19600,118800,3000,38300,21700,160900,50100,1100,51100,10000,3000,10000,12600,61900
111.0,3.82,276800,1061866.0,3.81,3.8,3.79,3.78,3.77,3.76,3.75,3.73,3.72,3.71,3.82,3.83,3.84,3.85,3.88,3.89,3.91,3.93,3.94,3.95,58300,76100,4300,2000,2700,4300,19600,118800,3000,38300,21700,160900,50100,1100,51100,10000,3000,10000,12600,61900
112.0,3.82,301100,1154666.0,3.82,3.81,3.8,3.79,3.78,3.77,3.76,3.75,3.73,3.72,3.83,3.84,3.85,3.88,3.89,3.91,3.93,3.94,3.95,3.96,7400,55700,76100,4300,2000,2700,4300,19600,118800,3000,420500,50100,1100,51100,10000,3000,10000,12600,61900,26000
113.0,3.82,301100,1154666.0,3.82,3.81,3.8,3.79,3.78,3.77,3.76,3.75,3.73,3.72,3.83,3.84,3.85,3.88,3.89,3.91,3.93,3.94,3.95,3.96,7400,55700,76100,4300,2000,2700,4300,19600,118800,3000,420500,50100,1100,51100,10000,3000,10000,12600,61900,86000
114.0,3.83,303700,1164624.0,3.82,3.81,3.8,3.79,3.78,3.77,3.76,3.75,3.73,3.72,3.83,3.84,3.85,3.88,3.89,3.91,3.93,3.94,3.95,3.96,17400,55700,76100,4300,2000,2700,4300,19600,118800,3000,417900,50100,1100,51100,10000,3000,10000,12600,61900,86000
115.0,3.83,303700,1164624.0,3.82,3.81,3.8,3.79,3.78,3.77,3.76,3.75,3.73,3.72,3.83,3.84,3.85,3.88,3.89,3.91,3.93,3.94,3.95,3.96,17400,55700,76100,4300,2000,2700,4300,19600,118800,3000,417900,50100,1100,51100,10000,3000,10000,12600,61900,86000
116.0,3.83,303700,1164624.0,3.82,3.81,3.8,3.79,3.78,3.77,3.76,3.75,3.73,3.72,3.83,3.84,3.85,3.88,3.89,3.91,3.93,3.94,3.95,3.96,18400,55700,76100,4300,2000,2700,4300,19600,118800,3000,392000,50100,1100,51100,10000,3000,10000,12600,61900,86000
117.0,3.82,324700,1244870.0,3.81,3.8,3.79,3.78,3.77,3.76,3.75,3.73,3.72,3.71,3.82,3.83,3.84,3.85,3.88,3.89,3.91,3.93,3.94,3.95,55700,76100,4300,2000,2700,4300,19600,118800,3000,38300,10400,396500,50100,1100,51100,10000,3000,10000,12600,61900
118.0,3.82,365100,1398829.0,3.81,3.8,3.79,3.78,3.77,3.76,3.75,3.73,3.72,3.71,3.82,3.83,3.84,3.85,3.88,3.89,3.91,3.93,3.94,3.95,18800,76100,4300,2000,2700,4300,19600,118800,23000,38300,56900,396500,50100,1100,51100,10000,3000,10000,12600,61900
119.0,3.82,365100,1398829.0,3.81,3.8,3.79,3.78,3.77,3.76,3.75,3.73,3.72,3.71,3.82,3.83,3.84,3.85,3.88,3.89,3.91,3.93,3.94,3.95,18800,76100,4300,2000,2700,4300,19600,118800,23000,38300,62900,354000,43300,1100,51100,10000,3000,10000,12600,61900
120.0,3.81,366900,1405687.0,3.81,3.8,3.79,3.78,3.77,3.76,3.75,3.73,3.72,3.71,3.82,3.83,3.84,3.85,3.88,3.89,3.91,3.93,3.94,3.95,17000,76100,4300,2000,2700,4300,19600,118800,23000,38300,83400,354000,43300,1100,51100,10000,3000,10000,12600,61900
121.0,3.8,462600,1769569.0,3.79,3.78,3.77,3.76,3.75,3.73,3.72,3.71,3.7,3.69,3.8,3.82,3.83,3.84,3.85,3.88,3.89,3.91,3.93,3.94,4300,2000,2700,4300,19600,118800,23000,38300,30900,165900,56900,80800,354000,43300,1100,51100,10000,3000,10000,12600
122.0,3.8,462600,1769569.0,3.79,3.78,3.77,3.76,3.75,3.73,3.72,3.71,3.7,3.69,3.8,3.82,3.83,3.84,3.85,3.88,3.89,3.91,3.93,3.94,4300,2000,2700,4300,19600,118800,23000,38300,30900,165900,56900,80800,355000,43300,1100,51100,10000,3000,10000,12600
123.0,3.8,462600,1769569.0,3.79,3.78,3.77,3.76,3.75,3.73,3.72,3.71,3.7,3.69,3.8,3.82,3.83,3.84,3.85,3.88,3.89,3.91,3.93,3.94,4300,2000,2700,4300,19600,118800,23000,38300,30900,165900,56900,80800,355000,43300,1100,51100,10000,3000,10000,12600
124.0,3.8,470400,1799209.0,3.79,3.78,3.77,3.76,3.75,3.73,3.72,3.71,3.7,3.69,3.8,3.82,3.83,3.84,3.85,3.88,3.89,3.91,3.93,3.94,4300,2000,2700,4300,17600,118800,23000,38300,30900,165900,49100,80800,355000,43300,1100,51100,10000,3000,10000,12600
125.0,3.8,472700,1807949.0,3.79,3.78,3.77,3.76,3.75,3.73,3.72,3.71,3.7,3.69,3.8,3.82,3.83,3.84,3.85,3.88,3.89,3.91,3.93,3.94,4300,2000,2700,4300,17600,118800,23000,38300,30900,165900,46800,80800,385000,43300,1100,51100,10000,3000,10000,12600
126.0,3.8,472700,1807949.0,3.79,3.78,3.77,3.76,3.75,3.73,3.72,3.71,3.7,3.69,3.8,3.82,3.83,3.84,3.85,3.88,3.89,3.91,3.93,3.94,4300,2000,2700,4300,17600,118800,23000,38300,30900,165900,46800,80800,385000,43300,1100,51100,10000,3000,10000,12600
127.0,3.75,503600,1924153.0,3.73,3.72,3.71,3.7,3.69,0.0,0.0,0.0,0.0,0.0,3.75,3.8,3.82,3.83,3.84,3.85,3.88,3.89,3.91,3.93,118800,23000,38300,30900,165900,0,0,0,0,0,880900,75700,80800,385000,43300,1100,51100,10000,3000,10000
128.0,3.75,512900,1959028.0,3.74,3.73,3.72,3.71,3.7,3.69,0.0,0.0,0.0,0.0,3.75,3.8,3.82,3.83,3.84,3.85,3.88,3.89,3.91,3.93,1600,119200,23500,38400,30900,165900,0,0,0,0,871600,79700,80800,385000,43300,1100,51100,10000,3000,10000
129.0,3.75,514000,1963153.0,3.74,3.73,3.72,3.71,3.7,3.69,3.68,3.67,3.66,3.65,3.75,3.8,3.82,3.83,3.84,3.85,3.88,3.89,3.91,3.93,2400,120000,24500,38600,31500,166500,200,1200,400,400,920300,79700,80800,385000,43300,1100,51100,10000,3000,10000
130.0,3.75,514000,1963153.0,3.74,3.73,3.72,3.71,3.7,3.69,3.68,3.67,3.66,3.65,3.75,3.8,3.82,3.83,3.84,3.85,3.88,3.89,3.91,3.93,2400,120000,24500,38600,31500,166800,300,1800,600,600,920300,85700,80800,385000,43300,1100,51100,10000,3000,10000
131.0,3.75,516600,1972903.0,3.74,3.73,3.72,3.71,3.7,3.69,3.68,3.67,3.66,3.65,3.75,3.79,3.8,3.82,3.83,3.84,3.85,3.88,3.89,3.91,2400,120000,24500,38600,31500,166800,300,1800,600,600,917700,52400,85700,80800,385000,43300,1100,51100,10000,3000
132.0,3.75,530600,2025403.0,3.74,3.73,3.72,3.71,3.7,3.69,3.68,3.67,3.66,3.65,3.75,3.79,3.8,3.82,3.83,3.84,3.85,3.88,3.89,3.91,2400,120000,24500,38600,31500,166800,300,1800,600,600,903700,52400,85700,80800,385000,43300,1100,51100,10000,3000
133.0,3.75,540600,2062903.0,3.74,3.73,3.72,3.71,3.7,3.69,3.68,3.67,3.66,3.65,3.75,3.79,3.8,3.82,3.83,3.84,3.85,3.88,3.89,3.91,2400,120000,24500,38600,31500,166800,300,1800,600,600,893700,102400,85700,80800,385000,43300,1100,51100,10000,3000
134.0,3.73,606900,2310226.0,3.73,3.72,3.71,3.7,3.69,3.68,3.67,3.66,3.65,3.64,3.75,3.79,3.8,3.81,3.82,3.83,3.84,3.85,3.88,3.89,56100,24500,38600,31500,166800,300,1800,600,600,300,893700,102400,85700,5600,80800,385000,43300,1100,51100,10000
135.0,3.75,612100,2329674.0,3.74,3.73,3.72,3.71,3.7,3.69,3.68,3.67,3.66,3.65,3.75,3.79,3.8,3.81,3.82,3.83,3.84,3.85,3.88,3.89,600,53800,24500,38600,31500,166800,300,1800,600,600,891100,102400,85700,5600,80800,385000,43300,1100,51100,10000
136.0,3.75,617400,2349549.0,3.74,3.73,3.72,3.71,3.7,3.69,3.68,3.67,3.66,3.65,3.75,3.79,3.8,3.81,3.82,3.83,3.84,3.85,3.88,3.89,600,53800,24500,48500,31500,166800,300,1800,600,600,885800,102400,85700,5600,80800,385000,43300,1100,51100,10000
137.0,3.75,617400,2349549.0,3.74,3.73,3.72,3.71,3.7,3.69,3.68,3.67,3.66,3.65,3.75,3.79,3.8,3.81,3.82,3.83,3.84,3.85,3.88,3.89,600,53800,24500,48500,31500,166800,300,1800,600,600,885800,102400,85700,5600,80800,385000,43300,1100,51100,10000
138.0,3.73,645900,2455912.0,3.73,3.72,3.71,3.7,3.69,3.68,3.67,3.66,3.65,3.64,3.75,3.79,3.8,3.81,3.82,3.83,3.84,3.85,3.88,3.89,28500,24500,48500,31500,166800,300,1800,600,600,300,833400,102400,85700,5600,80800,385000,43300,1100,51100,10000
139.0,3.73,645900,2455912.0,3.74,3.73,3.72,3.71,3.7,3.69,3.68,3.67,3.66,3.65,3.75,3.79,3.8,3.81,3.82,3.83,3.84,3.85,3.88,3.89,300,31200,24500,48500,31500,166800,300,1800,600,600,836100,102400,56800,5600,80800,385000,43300,1100,51100,10000
140.0,3.75,649100,2467912.0,3.74,3.73,3.72,3.71,3.7,3.69,3.68,3.67,3.66,3.65,3.75,3.79,3.8,3.81,3.82,3.83,3.84,3.85,3.88,3.89,600,34300,24500,48500,31500,166800,300,1800,600,600,832900,102400,56800,5600,80800,385000,43300,1100,51100,10000
141.0,3.75,671700,2552662.0,3.74,3.73,3.72,3.71,3.7,3.69,3.68,3.67,3.66,3.65,3.75,3.79,3.8,3.81,3.82,3.83,3.84,3.85,3.88,3.89,600,34300,24500,48500,31500,166800,300,1800,600,600,810300,102400,56800,5600,76500,385000,43300,1100,51100,10000
142.0,3.75,671700,2552662.0,3.74,3.73,3.72,3.71,3.7,3.69,3.68,3.67,3.66,3.65,3.75,3.79,3.8,3.81,3.82,3.83,3.84,3.85,3.88,3.89,600,34300,24500,48500,36800,166800,300,1800,600,600,810300,102400,56800,5600,76500,385000,43300,1100,51100,10000
143.0,3.73,682500,2592952.0,3.73,3.72,3.71,3.7,3.69,3.68,3.67,3.66,3.65,3.64,3.75,3.79,3.8,3.81,3.82,3.83,3.84,3.85,3.88,3.89,24100,24500,48500,36800,166800,300,1800,600,600,300,810300,102400,56800,5600,76500,385000,43300,1100,51100,10000
144.0,3.73,702500,2667564.0,3.73,3.72,3.71,3.7,3.69,3.68,3.67,3.66,3.65,3.64,3.75,3.79,3.8,3.81,3.82,3.83,3.84,3.85,3.88,3.89,5600,24500,48500,36800,166800,300,1800,600,600,300,810300,102400,56800,5600,76500,377900,43300,1100,51100,10000
145.0,3.75,705100,2677314.0,3.73,3.72,3.71,3.7,3.69,3.68,3.67,3.66,3.65,3.64,3.75,3.79,3.8,3.82,3.83,3.84,3.85,3.88,3.89,3.91,8700,24500,48500,36800,166800,300,1800,600,600,300,810500,102400,56800,76500,377900,43300,1100,51100,10000,3000
146.0,3.75,705100,2677314.0,3.73,3.72,3.71,3.7,3.69,3.68,3.67,3.66,3.65,3.64,3.75,3.79,3.8,3.82,3.83,3.84,3.85,3.88,3.89,3.91,8700,24500,48500,36800,166800,300,1800,600,600,300,810500,102400,56800,76500,377900,43300,1100,51100,10000,3000
147.0,3.75,705100,2677314.0,3.73,3.72,3.71,3.7,3.69,3.68,3.67,3.66,3.65,3.64,3.75,3.79,3.8,3.82,3.83,3.84,3.85,3.88,3.89,3.91,8700,24500,48500,36800,163800,300,1800,600,600,300,810500,102400,56800,73500,377900,43300,1100,51100,10000,3000
148.0,3.75,710400,2697189.0,3.73,3.72,3.71,3.7,3.69,3.68,3.67,3.66,3.65,3.64,3.75,3.79,3.8,3.82,3.83,3.84,3.85,3.88,3.89,3.91,11500,24500,48500,36800,168800,300,1800,600,600,300,808000,102400,56800,73500,377900,43300,1100,51100,10000,3000
149.0,3.73,714100,2711042.0,3.73,3.72,3.71,3.7,3.69,3.68,3.67,3.66,3.65,3.64,3.75,3.79,3.8,3.82,3.83,3.84,3.85,3.88,3.89,3.91,10400,24500,48500,36800,168800,300,1800,600,600,300,835400,102400,56800,73500,377900,43300,1100,51100,10000,3000
150.0,3.72,746700,2832447.0,3.72,3.71,3.7,3.69,3.68,3.67,3.66,3.65,3.64,3.63,3.75,3.79,3.8,3.82,3.83,3.84,3.85,3.88,3.89,3.91,5200,48500,36800,168800,300,1800,600,600,300,300,840800,102400,56800,73500,377900,43300,1100,51100,10000,3000
151.0,3.72,746700,2832447.0,3.73,3.72,3.71,3.7,3.69,3.68,3.67,3.66,3.65,3.64,3.75,3.79,3.8,3.82,3.83,3.84,3.85,3.88,3.89,3.91,600,5600,48500,43800,168800,300,1800,600,600,300,840800,102400,56800,73500,377900,43300,1100,51100,10000,3000
152.0,3.75,749300,2842197.0,3.73,3.72,3.71,3.7,3.69,3.68,3.67,3.66,3.65,3.64,3.75,3.79,3.8,3.82,3.83,3.84,3.85,3.88,3.89,3.91,600,9400,48500,43800,168800,300,1800,600,600,300,43700,102400,56800,73500,377900,43300,1100,51100,10000,3000
153.0,3.72,762300,2890593.0,3.71,3.7,3.69,3.68,3.67,3.66,3.65,3.64,3.63,0.0,3.72,3.75,3.79,3.8,3.82,3.83,3.84,3.85,3.88,3.89,48500,43800,168800,300,1800,600,600,300,300,0,57000,46700,102400,56800,73500,377900,43300,1100,51100,10000
154.0,3.72,762300,2890593.0,3.71,3.7,3.69,3.68,3.67,3.66,3.65,3.64,3.63,0.0,3.72,3.75,3.79,3.8,3.82,3.83,3.84,3.85,3.88,3.91,48500,43800,181900,300,1800,600,600,300,300,0,117200,46700,102400,56800,73500,377900,43300,1100,51100,3000
155.0,3.71,777200,2945923.0,3.71,3.7,3.69,3.68,3.67,3.66,3.65,3.64,3.63,0.0,3.72,3.75,3.79,3.8,3.82,3.83,3.84,3.85,3.88,3.91,42500,45000,183400,500,2200,900,1100,300,300,0,112100,46700,102400,56800,73500,377900,43300,1100,51100,3000
156.0,3.72,782800,2966755.0,3.71,3.7,3.69,3.68,3.67,3.66,3.65,3.64,3.63,3.62,3.72,3.75,3.79,3.8,3.82,3.83,3.84,3.85,3.88,3.91,42500,45000,186400,600,2400,1500,1600,2800,2300,2000,106500,46700,59900,56800,73500,377900,43300,1100,51100,3000
157.0,3.71,785400,2976401.0,3.71,3.7,3.69,3.68,3.67,3.66,3.65,3.64,3.63,3.62,3.72,3.75,3.79,3.8,3.82,3.83,3.84,3.85,3.88,3.91,39900,35000,186400,600,2400,1500,1600,2800,2300,2000,126500,46700,59900,56800,73500,377900,43300,1100,51100,3000
158.0,3.71,825300,3124430.0,3.7,3.69,3.68,3.67,3.66,3.65,3.64,3.63,3.62,3.61,3.71,3.72,3.75,3.79,3.8,3.82,3.83,3.84,3.85,3.88,35000,186500,600,2400,1500,1600,2800,2300,2000,1000,21800,126500,46700,59900,56800,23500,377900,43300,1100,51100
159.0,3.71,831700,3148174.0,3.7,3.69,3.68,3.67,3.66,3.65,3.64,3.63,3.62,3.61,3.71,3.72,3.75,3.79,3.8,3.82,3.83,3.84,3.85,3.88,35000,186500,600,2400,1500,1600,2800,2300,2000,1000,15400,126500,44200,59900,56800,23500,377900,43300,1100,51100
160.0,3.71,831700,3148174.0,3.7,3.69,3.68,3.67,3.66,3.65,3.64,3.63,3.62,3.61,3.71,3.72,3.75,3.79,3.8,3.82,3.83,3.84,3.85,3.88,35000,186500,600,2400,1500,1600,2800,2300,2000,1000,15400,85100,44200,59900,56800,23500,365700,43300,1100,51100
161.0,3.71,831700,3148174.0,3.7,3.69,3.68,3.67,3.66,3.65,3.64,3.63,3.62,3.61,3.71,3.72,3.75,3.79,3.8,3.82,3.83,3.84,3.85,3.88,35000,186500,600,2400,1500,1600,2800,2300,2000,1000,42500,85100,44200,59900,56800,23500,365700,43300,1100,51100
162.0,3.71,833500,3154852.0,3.7,3.69,3.68,3.67,3.66,3.65,3.64,3.63,3.62,3.61,3.71,3.72,3.75,3.79,3.8,3.82,3.83,3.84,3.85,3.88,35000,186500,600,2400,1500,1600,2800,2300,2000,1000,40700,58800,44200,59900,56800,23500,365700,43300,1100,51100
163.0,3.71,857300,3243150.0,3.7,3.69,3.68,3.67,3.66,3.65,3.64,3.63,3.62,3.61,3.71,3.72,3.75,3.79,3.8,3.82,3.83,3.84,3.85,3.88,35000,186500,600,2400,1500,1600,2800,2300,2000,1000,16900,62200,44200,59900,56800,3000,365700,43300,1100,51100
164.0,3.7,859900,3252770.0,3.7,3.69,3.68,3.67,3.66,3.65,3.64,3.63,3.62,3.61,3.71,3.72,3.75,3.79,3.8,3.82,3.83,3.84,3.85,3.88,30200,186500,600,2400,1500,1600,2800,2300,2000,1000,16900,62200,44200,59900,56800,3000,365700,43300,1100,51100
165.0,3.7,859900,3252770.0,3.7,3.69,3.68,3.67,3.66,3.65,3.64,3.63,3.62,3.61,3.71,3.72,3.75,3.79,3.8,3.82,3.83,3.84,3.85,3.88,30200,193400,600,2400,1500,1600,2800,2300,2000,1000,16900,62200,44200,59900,56800,3000,365700,43300,1100,51100
166.0,3.71,861500,3258706.0,3.7,3.69,3.68,3.67,3.66,3.65,3.64,3.63,3.62,3.61,3.71,3.72,3.75,3.79,3.8,3.82,3.83,3.84,3.85,3.88,30200,224100,600,2400,1500,1600,2800,2300,2000,1000,15300,62200,44200,59900,56800,3000,365700,43300,1100,51100
167.0,3.71,861500,3258706.0,3.7,3.69,3.68,3.67,3.66,3.65,3.64,3.63,3.62,3.61,3.71,3.72,3.75,3.79,3.8,3.82,3.83,3.84,3.85,3.88,30200,225600,600,2400,1500,1600,2800,2300,2000,1000,15300,62200,44200,59900,56800,3000,365700,43300,1100,51100
168.0,3.71,861500,3258706.0,3.7,3.69,3.68,3.67,3.66,3.65,3.64,3.63,3.62,3.61,3.71,3.72,3.75,3.79,3.8,3.82,3.83,3.84,3.85,3.88,33200,225600,600,2400,1500,1600,2800,2300,2000,1000,15300,62200,44200,59900,56800,3000,365700,43300,1100,46200
169.0,3.7,876500,3314206.0,3.7,3.69,3.68,3.67,3.66,3.65,3.64,3.63,3.62,3.61,3.71,3.72,3.75,3.79,3.8,3.82,3.83,3.84,3.85,3.88,11200,226600,600,2400,1500,1600,2800,2300,2000,1000,15300,62200,44200,59900,56800,3000,365700,43300,1100,46200
170.0,3.71,894300,3380244.0,3.71,3.7,3.69,3.68,3.67,3.66,3.65,3.64,3.63,3.62,3.72,3.73,3.75,3.79,3.8,3.82,3.83,3.84,3.85,3.88,13700,11200,226600,600,2400,1500,1600,2800,2300,2000,62200,7100,44200,59900,56800,3000,365700,43300,1100,46200
171.0,3.71,900900,3404783.0,3.71,3.7,3.69,3.68,3.67,3.66,3.65,3.64,3.63,3.62,3.72,3.73,3.75,3.79,3.8,3.82,3.83,3.84,3.85,3.88,12400,11200,266600,600,2400,1500,1600,2800,2300,2000,56900,7100,44200,59900,56800,3000,365700,43300,1100,46200
172.0,3.71,903400,3414058.0,3.71,3.7,3.69,3.68,3.67,3.66,3.65,3.64,3.63,3.62,3.72,3.73,3.75,3.79,3.8,3.82,3.83,3.84,3.85,3.88,43300,11200,321600,600,2400,1500,1600,2800,2300,2000,56900,7100,44200,59900,56800,3000,365700,43300,1100,46200
173.0,3.72,906000,3423730.0,3.71,3.7,3.69,3.68,3.67,3.66,3.65,3.64,3.63,3.62,3.72,3.73,3.75,3.79,3.8,3.82,3.83,3.84,3.85,3.88,43300,11200,321600,600,2400,1500,1600,2800,2300,2000,60800,7100,44200,59900,56800,3000,365700,43300,1100,46200
174.0,3.71,936000,3535030.0,3.71,3.7,3.69,3.68,3.67,3.66,3.65,3.64,3.63,3.62,3.72,3.73,3.75,3.79,3.8,3.82,3.83,3.84,3.85,3.88,13300,11200,321600,600,2400,1500,1600,2800,2300,2000,60800,7100,44200,59900,56800,3000,365700,43300,1100,46200
175.0,3.7,960500,3625813.0,3.69,3.68,3.67,3.66,3.65,3.64,3.63,3.62,3.61,3.6,3.7,3.72,3.73,3.75,3.79,3.8,3.82,3.83,3.84,3.85,321600,600,2400,1500,1600,2800,2300,2000,1000,1000,16200,60800,7100,44200,59900,10000,3000,365700,43300,1100
176.0,3.7,960500,3625813.0,3.69,3.68,3.67,3.66,3.65,3.64,3.63,3.62,3.61,3.6,3.7,3.71,3.72,3.73,3.75,3.79,3.8,3.82,3.83,3.84,321600,600,2400,1500,1600,2800,2300,2000,1000,1000,16200,6800,60800,7100,44200,59900,10000,3000,365700,43300
177.0,3.7,976700,3685753.0,3.7,3.69,3.68,3.67,3.66,3.65,3.64,3.63,3.62,3.61,3.71,3.72,3.73,3.75,3.79,3.8,3.82,3.83,3.84,3.85,9700,321600,600,2400,1500,1600,2800,2300,2000,1000,17500,60800,7100,44200,59900,10000,3000,365700,43300,1100
178.0,3.7,976700,3685753.0,3.7,3.69,3.68,3.67,3.66,3.65,3.64,3.63,3.62,3.61,3.71,3.72,3.73,3.75,3.79,3.8,3.82,3.83,3.84,3.85,9700,321600,600,2400,1500,1600,2800,2300,2000,1000,17500,60800,7100,44200,59900,10000,3000,365700,43300,1100
179.0,3.71,978400,3692060.0,3.7,3.69,3.68,3.67,3.66,3.65,3.64,3.63,3.62,3.61,3.71,3.72,3.73,3.75,3.79,3.8,3.82,3.83,3.84,3.85,19700,334400,600,2400,1500,1600,2800,2300,2000,1000,15800,60800,7100,44200,59900,10000,3000,365700,43300,1100
180.0,3.71,994200,3750678.0,3.71,3.7,3.69,3.68,3.67,3.66,3.65,3.64,3.63,3.62,3.72,3.73,3.75,3.79,3.8,3.82,3.83,3.84,3.85,3.88,2600,19700,334400,600,2400,1500,1600,2800,2300,2000,60800,7100,44200,59900,10000,3000,365700,43300,1100,46200
181.0,3.69,1350900,5067150.0,3.68,3.67,3.66,3.65,3.64,3.63,3.62,3.61,3.6,0.0,3.69,3.72,3.73,3.75,3.79,3.8,3.82,3.83,3.84,3.85,600,2400,1500,1600,2800,2300,2000,1000,1000,0,473800,60800,7100,44200,59900,10000,3000,365700,43300,1100
182.0,3.69,1376000,5159769.0,3.68,3.67,3.66,3.65,3.64,3.63,3.62,3.61,3.6,3.59,3.69,3.72,3.73,3.75,3.79,3.8,3.82,3.83,3.84,3.85,2400,2800,2000,1700,3000,2600,2600,2100,2200,1200,448700,60800,7100,44200,59900,10000,3000,365700,43300,1100
183.0,3.69,1381400,5179695.0,3.68,3.67,3.66,3.65,3.64,3.63,3.62,3.61,3.6,3.59,3.69,3.7,3.72,3.73,3.75,3.79,3.8,3.82,3.83,3.84,2400,2800,2000,1700,3000,2600,2600,2100,2200,1200,443300,1000,60800,7100,44200,59900,10000,3000,365700,43300
184.0,3.69,1389500,5209584.0,3.68,3.67,3.66,3.65,3.64,3.63,3.62,3.61,3.6,3.59,3.69,3.7,3.72,3.73,3.75,3.79,3.8,3.82,3.83,3.84,2400,2800,2000,1700,3000,2600,2600,2100,2200,1200,435200,1000,60800,7100,44200,59900,10000,3000,365700,43300
185.0,3.69,1398300,5242056.0,3.68,3.67,3.66,3.65,3.64,3.63,3.62,3.61,3.6,3.59,3.69,3.7,3.72,3.73,3.75,3.79,3.8,3.82,3.83,3.84,2400,2800,2000,1700,3000,2600,2600,2100,2200,1200,426400,4500,60800,7100,44200,59900,10000,3000,365700,43300
186.0,3.69,1405000,5266779.0,3.68,3.67,3.66,3.65,3.64,3.63,3.62,3.61,3.6,3.59,3.69,3.7,3.72,3.73,3.75,3.79,3.8,3.82,3.83,3.84,2400,2800,2000,1700,3000,2600,2600,2100,2200,1200,419700,4500,60800,7100,44200,59900,10000,3000,365700,43300
187.0,3.69,1407700,5276742.0,3.68,3.67,3.66,3.65,3.64,3.63,3.62,3.61,3.6,3.59,3.69,3.7,3.71,3.72,3.73,3.75,3.79,3.8,3.82,3.83,2400,2800,2000,1700,3000,2600,2600,2100,2200,1200,417000,4500,4000,60800,7100,44200,59900,10000,3000,365700
188.0,3.69,1447800,5424711.0,3.68,3.67,3.66,3.65,3.64,3.63,3.62,3.61,3.6,3.59,3.69,3.7,3.71,3.72,3.73,3.75,3.79,3.8,3.82,3.83,2400,2800,2000,1700,3000,2600,2600,2100,2200,1200,376900,4500,4000,60800,7100,44200,59900,10000,3000,365700
189.0,3.69,1447800,5424711.0,3.68,3.67,3.66,3.65,3.64,3.63,3.62,3.61,3.6,3.59,3.69,3.7,3.71,3.72,3.73,3.75,3.79,3.8,3.82,3.83,2400,2800,2000,1700,3000,2600,2600,2100,2200,1200,376900,4500,4000,60800,7100,44200,59900,10000,3000,365700
190.0,3.69,1497800,5609211.0,3.68,3.67,3.66,3.65,3.64,3.63,3.62,3.61,3.6,3.59,3.69,3.7,3.71,3.72,3.73,3.75,3.79,3.8,3.82,3.83,2400,2800,2000,1700,3000,2600,2600,2100,2200,1200,326900,4500,4000,60800,7100,44200,59900,10000,3000,365700
191.0,3.69,1505500,5637624.0,3.68,3.67,3.66,3.65,3.64,3.63,3.62,3.61,3.6,3.59,3.69,3.7,3.71,3.72,3.73,3.75,3.79,3.8,3.82,3.83,2400,2800,2000,1700,3000,2600,2600,2100,2200,1200,319200,1000,4000,60800,7100,44200,59900,10000,3000,365700
192.0,3.69,1520300,5692236.0,3.68,3.67,3.66,3.65,3.64,3.63,3.62,3.61,3.6,3.59,3.69,3.7,3.71,3.72,3.73,3.75,3.79,3.8,3.82,3.83,2400,2800,2000,1700,3000,2600,2600,2100,2200,1200,324400,1000,4000,60800,7100,44200,59900,10000,3000,365700
193.0,3.69,1520900,5694450.0,3.68,3.67,3.66,3.65,3.64,3.63,3.62,3.61,3.6,3.59,3.69,3.7,3.71,3.72,3.73,3.75,3.79,3.8,3.82,3.83,2400,2800,2000,1700,3000,2600,2600,2100,2200,1200,327800,1000,4000,40800,7100,44200,59900,10000,3000,365700
194.0,3.69,1528800,5723601.0,3.68,3.67,3.66,3.65,3.64,3.63,3.62,3.61,3.6,3.59,3.69,3.7,3.71,3.72,3.73,3.75,3.79,3.8,3.82,3.83,2400,2800,2000,1700,3000,2600,2600,2100,2200,1200,323400,1000,4000,40800,7100,44200,59900,10000,3000,365700
195.0,3.69,1546600,5789283.0,3.68,3.67,3.66,3.65,3.64,3.63,3.62,3.61,3.6,3.59,3.69,3.7,3.71,3.72,3.73,3.75,3.79,3.8,3.82,3.83,2400,2800,2000,1700,3000,2600,2600,2100,2200,1200,305600,1000,4000,40800,7100,44200,59900,4000,3000,365700
196.0,3.69,1551300,5806626.0,3.68,3.67,3.66,3.65,3.64,3.63,3.62,3.61,3.6,3.59,3.69,3.7,3.71,3.72,3.73,3.75,3.79,3.8,3.82,3.83,2400,2800,2000,1700,3000,2600,2600,2100,2200,1200,300900,1000,4000,40800,7100,44200,59900,4000,3000,365700
197.0,3.69,1655500,6191124.0,3.68,3.67,3.66,3.65,3.64,3.63,3.62,3.61,3.6,3.59,3.69,3.7,3.71,3.72,3.73,3.75,3.79,3.8,3.82,3.83,2400,2800,2000,1700,3000,2600,2600,2100,2200,1200,196700,1000,4000,30800,7100,49200,59900,4000,3000,365700
198.0,3.69,1658400,6201825.0,3.68,3.67,3.66,3.65,3.64,3.63,3.62,3.61,3.6,3.59,3.69,3.7,3.71,3.72,3.73,3.75,3.79,3.8,3.82,3.83,2400,2800,2000,1700,3000,2600,2600,2100,2200,1200,193800,1000,4000,30800,7100,49200,59900,4000,3000,106100
199.0,3.69,1674400,6260865.0,3.68,3.67,3.66,3.65,3.64,3.63,3.62,3.61,3.6,3.59,3.69,3.7,3.71,3.72,3.73,3.75,3.79,3.8,3.82,3.83,2400,2800,2000,1700,3000,2600,2600,2100,2200,1200,177800,1000,4000,30800,7100,49200,59900,4000,3000,106100
200.0,3.69,1679400,6279315.0,3.68,3.67,3.66,3.65,3.64,3.63,3.62,3.61,3.6,3.59,3.69,3.7,3.71,3.72,3.73,3.75,3.79,3.8,3.82,3.83,2400,2800,2000,1700,3000,2600,2600,2100,2200,1200,172800,1000,4000,30800,7100,49200,59900,4000,3000,106100
201.0,3.69,1686200,6304407.0,3.68,3.67,3.66,3.65,3.64,3.63,3.62,3.61,3.6,3.59,3.69,3.7,3.71,3.72,3.73,3.75,3.79,3.8,3.82,3.83,2400,2800,2000,1700,3000,2600,2600,2100,2200,1200,166000,1000,4000,30800,7100,49200,59900,4000,3000,106100
202.0,3.69,1696200,6341307.0,3.68,3.67,3.66,3.65,3.64,3.63,3.62,3.61,3.6,3.59,3.69,3.7,3.71,3.72,3.73,3.75,3.79,3.8,3.82,3.83,2400,2800,2000,1700,3000,2600,2600,2100,2200,1200,156000,1000,4000,30800,7100,49200,59900,4000,3000,106100
203.0,3.69,1716200,6415107.0,3.68,3.67,3.66,3.65,3.64,3.63,3.62,3.61,3.6,3.59,3.69,3.7,3.71,3.72,3.73,3.75,3.79,3.8,3.82,3.83,2400,2800,2000,1700,3000,2600,2600,2100,2200,1200,136000,1000,4000,30800,7100,49200,59900,4000,3000,106100
204.0,3.69,1718900,6425070.0,3.68,3.67,3.66,3.65,3.64,3.63,3.62,3.61,3.6,3.59,3.69,3.7,3.71,3.72,3.73,3.75,3.79,3.8,3.82,3.83,2400,2800,2000,1700,3000,2600,2600,2100,2200,1200,133300,1000,4000,30800,7100,49200,59900,4000,3000,106100
205.0,3.69,1732200,6474147.0,3.68,3.67,3.66,3.65,3.64,3.63,3.62,3.61,3.6,3.59,3.69,3.7,3.71,3.72,3.73,3.75,3.79,3.8,3.82,3.83,2400,2800,2000,1700,3000,2600,2600,2100,2200,1200,120000,1000,4000,30800,7100,49200,59900,4000,3000,76100
206.0,3.69,1737200,6492597.0,3.68,3.67,3.66,3.65,3.64,3.63,3.62,3.61,3.6,3.59,3.69,3.7,3.71,3.72,3.73,3.75,3.79,3.8,3.82,3.83,2400,2800,2000,1700,3000,2600,2600,2100,2200,1200,115000,1000,4000,30800,7100,49200,59900,4000,3000,76100
207.0,3.69,1780900,6653850.0,3.68,3.67,3.66,3.65,3.64,3.63,3.62,3.61,3.6,3.59,3.69,3.7,3.71,3.72,3.73,3.75,3.79,3.8,3.82,3.83,2400,2800,2000,1700,3000,2600,2600,2100,2200,1200,71300,1000,4000,30800,7100,49200,59900,4000,3000,76100
208.0,3.69,1826700,6822852.0,3.68,3.67,3.66,3.65,3.64,3.63,3.62,3.61,3.6,3.59,3.69,3.7,3.71,3.72,3.73,3.75,3.79,3.8,3.82,3.83,2400,2800,2000,1700,3000,2600,2600,2100,2200,1200,31500,1000,4000,30800,7100,49200,59900,4000,3000,76100
209.0,3.69,1836700,6859752.0,3.68,3.67,3.66,3.65,3.64,3.63,3.62,3.61,3.6,3.59,3.69,3.7,3.71,3.72,3.73,3.75,3.79,3.8,3.82,3.83,2400,2800,2000,1700,3000,2600,2600,2100,2200,1200,23500,1000,4000,30800,7100,49200,59900,4000,3000,76100
210.0,3.69,1880200,7020267.0,3.69,3.68,3.67,3.66,3.65,3.64,3.63,3.62,3.61,3.6,3.7,3.71,3.72,3.73,3.75,3.79,3.8,3.82,3.83,3.84,77900,2400,2800,2000,1700,3000,2600,2600,2100,2200,1000,4000,30800,7100,49200,59900,4000,3000,76100,43300
211.0,3.71,1885200,7038807.0,3.71,3.7,3.69,3.68,3.67,3.66,3.65,3.64,3.63,3.62,3.72,3.73,3.75,3.79,3.8,3.82,3.83,3.84,3.85,3.87,7500,12100,177900,2400,2800,2000,1700,3000,2600,2600,30800,7100,49200,59900,4000,3000,76100,43300,1100,16000
212.0,3.71,1885200,7038807.0,3.71,3.7,3.69,3.68,3.67,3.66,3.65,3.64,3.63,3.62,3.72,3.73,3.75,3.79,3.8,3.82,3.83,3.84,3.85,3.87,7500,12100,179900,2400,2800,2000,1700,3000,2600,2600,30800,7100,49200,59900,4000,3000,76100,43300,1100,16000
213.0,3.71,1885200,7038807.0,3.71,3.7,3.69,3.68,3.67,3.66,3.65,3.64,3.63,3.62,3.72,3.73,3.75,3.79,3.8,3.82,3.83,3.84,3.85,3.87,7500,12100,227900,2400,2800,2000,1700,3000,2600,2600,30800,7100,49200,59900,4000,3000,76100,43300,1100,16000
214.0,3.72,1887800,7048479.0,3.71,3.7,3.69,3.68,3.67,3.66,3.65,3.64,3.63,3.62,3.72,3.73,3.75,3.79,3.8,3.82,3.83,3.84,3.85,3.87,7500,12100,236200,2400,2800,2000,1700,3000,2600,2600,28200,7100,49200,59900,4000,3000,76100,43300,1100,16000
215.0,3.72,1890400,7058151.0,3.71,3.7,3.69,3.68,3.67,3.66,3.65,3.64,3.63,3.62,3.72,3.73,3.75,3.79,3.8,3.82,3.83,3.84,3.85,3.87,7500,12100,386200,2400,2800,2000,1700,3000,2600,2600,25600,7100,49200,59900,4000,3000,76100,43300,1100,16000
216.0,3.72,1890400,7058151.0,3.71,3.7,3.69,3.68,3.67,3.66,3.65,3.64,3.63,3.62,3.72,3.73,3.75,3.79,3.8,3.82,3.83,3.84,3.85,3.87,7500,12100,386200,2400,2800,2000,1700,3000,2600,2600,25600,7100,49200,59900,4000,3000,76100,43300,1100,16000
217.0,3.72,1892900,7067451.0,3.71,3.7,3.69,3.68,3.67,3.66,3.65,3.64,3.63,3.62,3.72,3.73,3.75,3.79,3.8,3.82,3.83,3.84,3.85,3.87,7500,12100,390800,2400,2800,2000,1700,3000,2600,2600,23100,7100,49200,59900,4000,3000,76100,43300,1100,16000
218.0,3.72,1892900,7067451.0,3.71,3.7,3.69,3.68,3.67,3.66,3.65,3.64,3.63,3.62,3.72,3.73,3.75,3.79,3.8,3.82,3.83,3.84,3.85,3.87,7500,12100,388800,2400,2800,2000,1700,3000,2600,2600,23100,7100,49200,59900,4000,3000,76100,43300,1100,16000
219.0,3.69,1928600,7199926.0,3.69,3.68,3.67,3.66,3.65,3.64,3.63,3.62,3.61,3.6,3.72,3.73,3.75,3.79,3.8,3.82,3.83,3.84,3.85,3.87,388400,2400,2800,2000,1700,3000,2600,2600,2100,2200,7400,7100,49200,59900,4000,3000,76100,43300,1100,16000
220.0,3.72,1929300,7202530.0,3.71,3.7,3.69,3.68,3.67,3.66,3.65,3.64,3.63,3.62,3.72,3.73,3.75,3.79,3.8,3.82,3.83,3.84,3.85,3.87,400,800,388400,2400,2800,2000,1700,3000,2600,2600,6700,7100,59200,59900,4000,3000,76100,43300,1100,16000
221.0,3.72,1930300,7206250.0,3.71,3.7,3.69,3.68,3.67,3.66,3.65,3.64,3.63,3.62,3.72,3.73,3.75,3.79,3.8,3.82,3.83,3.84,3.85,3.87,400,800,388400,2400,2800,2000,1700,3000,2600,2600,5700,7100,29200,59900,4000,3000,76100,43300,1100,16000
222.0,3.72,1930300,7206250.0,3.71,3.7,3.69,3.68,3.67,3.66,3.65,3.64,3.63,3.62,3.72,3.73,3.75,3.79,3.8,3.82,3.83,3.84,3.85,3.87,400,800,388400,2400,2800,2000,1700,3000,2600,2600,5700,7100,29200,59900,4000,3000,76100,43300,1100,16000
223.0,3.72,1932400,7214062.0,3.71,3.7,3.69,3.68,3.67,3.66,3.65,3.64,3.63,3.62,3.72,3.73,3.75,3.79,3.8,3.82,3.83,3.84,3.85,3.87,400,800,388400,2400,2800,2000,1700,3000,2600,2600,3600,7100,29200,59900,4000,3000,76100,43300,1100,16000
224.0,3.72,1936000,7227454.0,3.72,3.71,3.7,3.69,3.68,3.67,3.66,3.65,3.64,3.63,3.73,3.75,3.79,3.8,3.82,3.83,3.84,3.85,3.87,3.88,12300,400,800,433600,2400,2800,2000,1700,3000,2600,7100,29200,59900,4000,3000,76100,43300,1100,16000,46200
225.0,3.72,1936000,7227454.0,3.72,3.71,3.7,3.69,3.68,3.67,3.66,3.65,3.64,3.63,3.73,3.75,3.79,3.8,3.82,3.83,3.84,3.85,3.87,3.88,12300,400,800,433600,2400,2800,2000,1700,3000,2600,7100,29200,59900,4000,3000,76100,43300,1100,16000,46200
226.0,3.72,1936000,7227454.0,3.72,3.71,3.7,3.69,3.68,3.67,3.66,3.65,3.64,3.63,3.73,3.75,3.79,3.8,3.82,3.83,3.84,3.85,3.87,3.88,12300,400,800,437100,2400,2800,2000,1700,3000,2600,7100,29200,59900,4000,3000,76100,43300,1100,16000,46200
227.0,3.73,1938100,7235287.0,3.72,3.71,3.7,3.69,3.68,3.67,3.66,3.65,3.64,3.63,3.73,3.75,3.79,3.8,3.82,3.83,3.84,3.85,3.87,3.88,12300,400,800,443400,2400,2800,2000,1700,3000,2600,5000,29200,59900,4000,3000,76100,43300,1100,16000,46200
228.0,3.72,1950400,7281043.0,3.71,3.7,3.69,3.68,3.67,3.66,3.65,3.64,3.63,3.62,3.72,3.73,3.75,3.79,3.8,3.82,3.83,3.84,3.85,3.87,400,800,446900,2400,2800,2000,1700,3000,2600,2600,32100,5000,29200,59900,4000,3000,76100,43300,1100,16000
229.0,3.72,1950400,7281043.0,3.71,3.7,3.69,3.68,3.67,3.66,3.65,3.64,3.63,3.62,3.72,3.73,3.75,3.79,3.8,3.82,3.83,3.84,3.85,3.87,400,800,447900,2400,2800,2000,1700,3000,2600,2600,32100,5000,29200,59900,4000,3000,76100,43300,1100,16000
230.0,3.69,1959800,7315982.0,3.69,3.68,3.67,3.66,3.65,3.64,3.63,3.62,3.61,3.6,3.72,3.73,3.75,3.79,3.8,3.82,3.83,3.84,3.85,3.87,447600,2400,2800,2000,1700,3000,2600,2600,2100,2200,24200,5000,29200,59900,4000,3000,76100,43300,1100,16000
231.0,3.72,1962300,7325282.0,3.7,3.69,3.68,3.67,3.66,3.65,3.64,3.63,3.62,3.61,3.72,3.73,3.75,3.79,3.8,3.82,3.83,3.84,3.85,3.87,3900,458200,2400,2800,2000,1700,3000,2600,2600,2100,27300,5000,29200,59900,4000,3000,76100,43300,1100,16000
232.0,3.7,1963000,7327877.0,3.7,3.69,3.68,3.67,3.66,3.65,3.64,3.63,3.62,3.61,3.72,3.73,3.75,3.79,3.8,3.82,3.83,3.84,3.85,3.87,3800,458200,2400,2800,2000,1700,3000,2600,2600,2100,27300,5000,29200,59900,4000,3000,76100,43300,1100,16000
233.0,3.7,1963000,7327877.0,3.71,3.7,3.69,3.68,3.67,3.66,3.65,3.64,3.63,3.62,3.72,3.73,3.75,3.79,3.8,3.82,3.83,3.84,3.85,3.87,200,4000,458200,2400,2800,2000,1700,3000,2600,2600,27300,5000,29200,59900,4000,3000,76100,43300,1100,16000
234.0,3.69,1990600,7429843.0,3.69,3.68,3.67,3.66,3.65,3.64,3.63,3.62,3.61,3.6,3.72,3.73,3.75,3.79,3.8,3.82,3.83,3.84,3.85,3.87,441500,2400,2800,2000,1700,3000,2600,2600,2100,2200,24700,5000,29200,59900,4000,3000,76100,43300,1100,16000
235.0,3.69,1990600,7429843.0,3.7,3.69,3.68,3.67,3.66,3.65,3.64,3.63,3.62,3.61,3.72,3.73,3.75,3.79,3.8,3.82,3.83,3.84,3.85,3.87,500,444500,2400,2800,2000,1700,3000,2600,2600,2100,24700,5000,29200,59900,4000,3000,76100,43300,1100,16000
236.0,3.69,1990600,7429843.0,3.7,3.69,3.68,3.67,3.66,3.65,3.64,3.63,3.62,3.61,3.71,3.72,3.73,3.75,3.79,3.8,3.82,3.83,3.84,3.85,600,444500,2400,2800,2000,1700,3000,2600,2600,2100,22500,24700,5000,29200,59900,4000,3000,76100,43300,1100
237.0,3.71,1992800,7438005.0,3.7,3.69,3.68,3.67,3.66,3.65,3.64,3.63,3.62,3.61,3.71,3.72,3.73,3.75,3.79,3.8,3.82,3.83,3.84,3.85,600,444500,2400,2800,2000,1700,3000,2600,2600,2100,20300,24700,5000,29200,59900,4000,3000,76100,43300,1100
238.0,3.69,2044600,7629193.0,3.69,3.68,3.67,3.66,3.65,3.64,3.63,3.62,3.61,3.6,3.71,3.72,3.73,3.75,3.79,3.8,3.82,3.83,3.84,3.85,395300,2400,2800,2000,1700,3000,2600,2600,2100,2200,18300,24700,5000,29200,59900,4000,3000,76100,43300,1100
239.0,3.71,2055900,7671116.0,3.7,3.69,3.68,3.67,3.66,3.65,3.64,3.63,3.62,3.61,3.71,3.72,3.73,3.75,3.79,3.8,3.82,3.83,3.84,3.85,200,401200,2400,2800,2000,1700,3000,2600,2600,2100,12900,24700,5000,29200,59900,4000,3000,76100,43300,1100
240.0,3.71,2055900,7671116.0,3.7,3.69,3.68,3.67,3.66,3.65,3.64,3.63,3.62,3.61,3.71,3.72,3.73,3.75,3.79,3.8,3.82,3.83,3.84,3.85,400,401400,2400,2800,2000,1700,3000,2600,2600,2100,12900,24700,5000,29200,59900,4000,3000,76100,43300,1100
241.0,3.71,2057100,7675568.0,3.7,3.69,3.68,3.67,3.66,3.65,3.64,3.63,3.62,3.61,3.71,3.72,3.73,3.75,3.79,3.8,3.82,3.83,3.84,3.85,400,404400,2400,2800,2000,1700,3000,2600,2600,2100,11700,24700,5000,29200,59900,4000,3000,76100,43300,1100
242.0,3.71,2059400,7684101.0,3.7,3.69,3.68,3.67,3.66,3.65,3.64,3.63,3.62,3.61,3.71,3.72,3.73,3.75,3.79,3.8,3.82,3.83,3.84,3.85,400,404400,2400,2800,2000,1700,3000,2600,2600,2100,9400,24700,5000,29200,59900,4000,3000,76100,43300,1100
243.0,3.71,2059400,7684101.0,3.7,3.69,3.68,3.67,3.66,3.65,3.64,3.63,3.62,3.61,3.71,3.72,3.73,3.75,3.79,3.8,3.82,3.83,3.84,3.85,400,434400,2400,2800,2000,1700,3000,2600,2600,2100,9400,24700,5000,29200,59900,4000,3000,76100,43300,1100
244.0,3.71,2069100,7720085.0,3.71,3.7,3.69,3.68,3.67,3.66,3.65,3.64,3.63,3.62,3.72,3.73,3.75,3.79,3.8,3.82,3.83,3.84,3.85,3.87,7200,100,434400,2400,2800,2000,1700,3000,2600,2600,24700,5000,29200,59900,4000,3000,76100,43300,1100,16000
245.0,3.72,2073900,7737941.0,3.71,3.7,3.69,3.68,3.67,3.66,3.65,3.64,3.63,3.62,3.72,3.73,3.75,3.79,3.8,3.82,3.83,3.84,3.85,3.87,21900,100,442500,2400,2800,2000,1700,3000,2600,2600,19900,5000,29200,59900,4000,3000,76100,43300,1100,16000
246.0,3.72,2073900,7737941.0,3.71,3.7,3.69,3.68,3.67,3.66,3.65,3.64,3.63,3.62,3.72,3.73,3.75,3.79,3.8,3.82,3.83,3.84,3.85,3.87,23500,100,442500,2400,2800,2000,1700,3000,2600,2600,19900,5000,29200,59900,4000,3000,76100,43300,1100,16000
247.0,3.72,2073900,7737941.0,3.71,3.7,3.69,3.68,3.67,3.66,3.65,3.64,3.63,3.62,3.72,3.73,3.75,3.79,3.8,3.82,3.83,3.84,3.85,3.87,23500,100,453500,2400,2800,2000,1700,3000,2600,2600,19900,5000,29200,59900,4000,3000,76100,43300,1100,16000
248.0,3.72,2075800,7745009.0,3.71,3.7,3.69,3.68,3.67,3.66,3.65,3.64,3.63,3.62,3.72,3.73,3.75,3.79,3.8,3.82,3.83,3.84,3.85,3.87,23500,100,469500,2400,2800,2000,1700,3000,2600,2600,18000,5000,29200,59900,4000,3000,76100,43300,1100,16000
249.0,3.72,2077100,7749845.0,3.71,3.7,3.69,3.68,3.67,3.66,3.65,3.64,3.63,3.62,3.72,3.73,3.75,3.79,3.8,3.82,3.83,3.84,3.85,3.87,23500,100,469500,2400,2800,2000,1700,3000,2600,2600,16700,5000,29200,59900,4000,3000,76100,43300,1100,16000
250.0,3.69,2107100,7861016.0,3.69,3.68,3.67,3.66,3.65,3.64,3.63,3.62,3.61,3.6,3.72,3.73,3.75,3.79,3.8,3.82,3.83,3.84,3.85,3.87,463100,2400,2800,2000,1700,3000,2600,2600,2100,2200,16700,5000,29200,59900,4000,3000,76100,43300,1100,16000
251.0,3.72,2108700,7866968.0,3.71,3.7,3.69,3.68,3.67,3.66,3.65,3.64,3.63,3.62,3.72,3.73,3.75,3.79,3.8,3.82,3.83,3.84,3.85,3.87,9500,400,463100,2400,2800,2000,1700,3000,2600,2600,15100,5000,29200,59900,4000,3000,126100,43300,1100,16000
252.0,3.72,2108700,7866968.0,3.71,3.7,3.69,3.68,3.67,3.66,3.65,3.64,3.63,3.62,3.72,3.73,3.75,3.79,3.8,3.82,3.83,3.84,3.85,3.87,28000,400,463100,2400,2800,2000,1700,3000,2600,2600,15100,5000,29200,59900,4000,3000,126100,43300,1100,16000
253.0,3.72,2113200,7883708.0,3.71,3.7,3.69,3.68,3.67,3.66,3.65,3.64,3.63,3.62,3.72,3.73,3.75,3.79,3.8,3.82,3.83,3.84,3.85,3.87,32200,400,467900,2400,2800,2000,1700,3000,2600,2600,10600,5000,29200,59900,4000,3000,126100,43300,1100,16000
254.0,3.72,2113200,7883708.0,3.71,3.7,3.69,3.68,3.67,3.66,3.65,3.64,3.63,3.62,3.72,3.73,3.75,3.79,3.8,3.82,3.83,3.84,3.85,3.87,32200,400,467900,2400,2800,2000,1700,3000,2600,2600,10600,5000,39200,59900,4000,3000,126100,43300,1100,16000
255.0,3.72,2114200,7887428.0,3.71,3.7,3.69,3.68,3.67,3.66,3.65,3.64,3.63,3.62,3.72,3.73,3.75,3.79,3.8,3.82,3.83,3.84,3.85,3.87,34200,400,467900,2400,2800,2000,1700,3000,2600,2600,9600,5000,39200,59900,4000,3000,126100,43300,1100,16000
256.0,3.72,2173800,8109140.0,3.72,3.71,3.7,3.69,3.68,3.67,3.66,3.65,3.64,3.63,3.73,3.75,3.79,3.8,3.82,3.83,3.84,3.85,3.87,3.88,1700,34200,400,467900,2400,2800,2000,1700,3000,2600,5000,39200,59900,4000,3000,126100,43300,1100,16000,46200
257.0,3.72,2173800,8109140.0,3.72,3.71,3.7,3.69,3.68,3.67,3.66,3.65,3.64,3.63,3.73,3.75,3.79,3.8,3.82,3.83,3.84,3.85,3.87,3.88,1700,34200,400,471900,2400,2800,2000,1700,3000,2600,5000,39200,59900,4000,3000,53400,43300,1100,16000,46200
258.0,3.73,2178800,8127790.0,3.73,3.72,3.71,3.7,3.69,3.68,3.67,3.66,3.65,3.64,3.75,3.79,3.8,3.82,3.83,3.84,3.85,3.87,3.88,3.91,16600,1700,34200,400,471900,2400,2800,2000,1700,3000,39200,59900,4000,3000,53400,43300,1100,16000,46200,3000
259.0,3.73,2189000,8165836.0,3.73,3.72,3.71,3.7,3.69,3.68,3.67,3.66,3.65,3.64,3.74,3.75,3.79,3.8,3.82,3.83,3.84,3.85,3.87,3.88,6400,1700,34200,400,471900,2400,2800,2000,1700,3000,200,39400,59900,4000,3000,52400,42300,1100,16000,46200
260.0,3.73,2194500,8186351.0,3.73,3.72,3.71,3.7,3.69,3.68,3.67,3.66,3.65,3.64,3.74,3.75,3.79,3.8,3.82,3.83,3.84,3.85,3.87,3.88,900,1700,34200,400,481900,2400,2800,2000,1700,3000,200,39400,59900,4000,3000,52400,42200,1100,16000,46200
261.0,3.73,2194500,8186351.0,3.73,3.72,3.71,3.7,3.69,3.68,3.67,3.66,3.65,3.64,3.74,3.75,3.79,3.8,3.82,3.83,3.84,3.85,3.87,3.88,1100,1700,37200,400,481900,2400,2800,2000,1700,3000,200,39400,59900,4000,3000,52400,42200,1100,16000,46200
262.0,3.72,2197300,8196778.0,3.71,3.7,3.69,3.68,3.67,3.66,3.65,3.64,3.63,3.62,3.72,3.74,3.75,3.79,3.8,3.82,3.83,3.84,3.85,3.87,37200,400,481900,2400,2800,2000,1700,3000,2600,2600,4700,200,39400,59900,4000,3000,52400,42200,100,16000
263.0,3.72,2197300,8196778.0,3.71,3.7,3.69,3.68,3.67,3.66,3.65,3.64,3.63,3.62,3.72,3.74,3.75,3.79,3.8,3.82,3.83,3.84,3.85,3.87,37200,400,481900,2400,2800,2000,1700,3000,2600,2600,4700,200,39400,59900,4000,3000,52400,42200,100,16000
264.0,3.72,2197300,8196778.0,3.71,3.7,3.69,3.68,3.67,3.66,3.65,3.64,3.63,3.62,3.72,3.74,3.75,3.79,3.8,3.82,3.83,3.84,3.87,3.88,37200,400,481900,2400,2800,2000,1700,3000,2600,2600,4700,200,39400,60900,4000,3000,52400,42200,16000,46200
265.0,3.72,2198600,8201614.0,3.71,3.7,3.69,3.68,3.67,3.66,3.65,3.64,3.63,3.62,3.72,3.74,3.75,3.79,3.8,3.82,3.83,3.84,3.87,3.88,37200,400,481900,2400,2800,2000,1700,3000,2600,2600,3400,200,143800,60900,4000,3000,52400,42200,16000,46200
266.0,3.72,2198600,8201614.0,3.71,3.7,3.69,3.68,3.67,3.66,3.65,3.64,3.63,3.62,3.72,3.74,3.75,3.79,3.8,3.82,3.83,3.84,3.87,3.88,37200,1900,481900,2400,2800,2000,1700,3000,2600,2600,3400,200,143800,60900,4000,3000,52400,42200,16000,46200
267.0,3.72,2198600,8201614.0,3.71,3.7,3.69,3.68,3.67,3.66,3.65,3.64,3.63,3.62,3.72,3.74,3.75,3.79,3.8,3.82,3.83,3.84,3.87,3.88,37200,1900,481900,2400,2800,2000,1700,3000,2600,2600,3400,200,146700,60900,4000,3000,52400,42200,16000,46200
268.0,3.72,2198900,8202730.0,3.71,3.7,3.69,3.68,3.67,3.66,3.65,3.64,3.63,3.62,3.72,3.74,3.75,3.79,3.8,3.82,3.83,3.84,3.87,3.88,37200,1900,481900,2400,2800,2000,1700,3000,2600,2600,3100,200,146700,60900,4000,3000,52400,42200,16000,46200
269.0,3.72,2199200,8203846.0,3.71,3.7,3.69,3.68,3.67,3.66,3.65,3.64,3.63,3.62,3.72,3.74,3.75,3.79,3.8,3.82,3.83,3.84,3.87,3.88,37200,1900,481900,2400,2800,2000,1700,3000,2600,2600,2800,200,146700,60900,4000,3000,52400,42200,16000,46200
270.0,3.72,2199700,8205706.0,3.71,3.7,3.69,3.68,3.67,3.66,3.65,3.64,3.63,3.62,3.72,3.74,3.75,3.79,3.8,3.82,3.83,3.84,3.87,3.88,37200,1900,482200,2400,2800,2000,1700,3000,2600,2600,2300,200,146700,60900,4000,3000,52400,42200,16000,96200
271.0,3.72,2199700,8205706.0,3.71,3.7,3.69,3.68,3.67,3.66,3.65,3.64,3.63,3.62,3.72,3.74,3.75,3.79,3.8,3.82,3.83,3.84,3.87,3.88,37200,1900,482200,2400,2800,2000,1700,3000,2600,2600,2300,200,146700,60900,4000,3000,52400,42200,16000,96200
272.0,3.72,2203900,8221330.0,3.71,3.7,3.69,3.68,3.67,3.66,3.65,3.64,3.63,3.62,3.72,3.74,3.75,3.79,3.8,3.82,3.83,3.84,3.87,3.88,37200,1900,482200,2400,2800,2000,1700,3000,2600,2600,15300,10500,146700,60900,4000,3000,52400,42200,16000,96200
273.0,3.72,2203900,8221330.0,3.71,3.7,3.69,3.68,3.67,3.66,3.65,3.64,3.63,3.62,3.72,3.74,3.75,3.79,3.8,3.82,3.83,3.84,3.87,3.88,37200,1900,507200,2400,2800,2000,1700,3000,2600,2600,15300,10500,146700,60900,4000,3000,52400,42200,16000,96200
274.0,3.72,2203900,8221330.0,3.71,3.7,3.69,3.68,3.67,3.66,3.65,3.64,3.63,3.62,3.72,3.74,3.75,3.79,3.8,3.82,3.83,3.84,3.87,3.88,37200,1900,507200,2400,2800,2000,1700,3000,2600,2600,15300,10500,146700,60900,4000,3000,52400,42200,16000,96200
275.0,3.72,2205400,8226910.0,3.71,3.7,3.69,3.68,3.67,3.66,3.65,3.64,3.63,3.62,3.72,3.74,3.75,3.79,3.8,3.82,3.83,3.84,3.87,3.88,37200,1900,556200,2400,2800,2000,1700,3000,2600,2600,13800,10500,146700,60900,4000,3000,52400,42200,16000,96200
276.0,3.72,2206700,8231746.0,3.71,3.7,3.69,3.68,3.67,3.66,3.65,3.64,3.63,3.62,3.72,3.74,3.75,3.79,3.8,3.81,3.82,3.83,3.84,3.87,37200,1900,557000,2400,2800,2000,1700,3000,2600,2600,12500,13400,146700,60900,4000,1000,3000,52400,42200,16000
277.0,3.72,2209200,8241046.0,3.71,3.7,3.69,3.68,3.67,3.66,3.65,3.64,3.63,3.62,3.72,3.74,3.75,3.79,3.8,3.81,3.82,3.83,3.84,3.87,37200,1900,557000,2400,2800,2000,1700,3000,2600,2600,10000,13400,146700,60900,4000,1000,3000,52400,42200,16000
278.0,3.71,2223600,8294470.0,3.71,3.7,3.69,3.68,3.67,3.66,3.65,3.64,3.63,3.62,3.72,3.74,3.75,3.79,3.8,3.81,3.82,3.83,3.84,3.87,22800,1900,557000,2400,2800,2000,1700,3000,2600,2600,10000,13400,146700,60900,4000,1000,3000,52400,42200,16000
279.0,3.72,2233600,8331670.0,3.72,3.71,3.7,3.69,3.68,3.67,3.66,3.65,3.64,3.63,3.74,3.75,3.79,3.8,3.81,3.82,3.83,3.84,3.87,3.88,21000,24800,1900,557000,2400,2800,2000,1700,3000,2600,13400,146700,60900,4000,1000,3000,52400,42200,16000,96200
280.0,3.72,2233600,8331670.0,3.72,3.71,3.7,3.69,3.68,3.67,3.66,3.65,3.64,3.63,3.74,3.75,3.79,3.8,3.81,3.82,3.83,3.84,3.87,3.88,21000,24800,1900,557000,2400,2800,2000,1700,3000,2600,13400,146700,60900,4000,1000,3000,52400,42200,16000,96200
281.0,3.74,2237000,8344386.0,3.72,3.71,3.7,3.69,3.68,3.67,3.66,3.65,3.64,3.63,3.74,3.75,3.79,3.8,3.81,3.82,3.83,3.84,3.87,3.88,23200,24800,1900,557000,2400,2800,2000,1700,3000,2600,12200,146700,60900,4000,1000,3000,52400,42200,16000,96200
282.0,3.74,2238200,8348874.0,3.72,3.71,3.7,3.69,3.68,3.67,3.66,3.65,3.64,3.63,3.74,3.75,3.79,3.8,3.81,3.82,3.83,3.84,3.87,3.88,23200,24800,1900,557000,2400,2800,2000,1700,3000,2600,11000,146700,60900,4000,1000,3000,52400,42200,16000,96200
283.0,3.74,2239300,8352988.0,3.72,3.71,3.7,3.69,3.68,3.67,3.66,3.65,3.64,3.63,3.74,3.75,3.79,3.8,3.81,3.82,3.83,3.84,3.87,3.88,25200,24800,1900,557000,2400,2800,2000,1700,3000,2600,11900,136700,60900,4000,1000,3000,52400,42200,16000,96200
284.0,3.74,2239300,8352988.0,3.72,3.71,3.7,3.69,3.68,3.67,3.66,3.65,3.64,3.63,3.74,3.75,3.79,3.8,3.81,3.82,3.83,3.84,3.87,3.88,111100,24800,1900,557000,2400,2800,2000,1700,3000,2600,11900,136700,60900,4000,1000,3000,52400,42200,16000,96200
285.0,3.74,2239300,8352988.0,3.72,3.71,3.7,3.69,3.68,3.67,3.66,3.65,3.64,3.63,3.74,3.75,3.79,3.8,3.81,3.82,3.83,3.84,3.87,3.88,111100,24800,1900,558800,2400,2800,2000,1700,3000,2600,11900,136700,60900,4000,1000,3000,52400,42200,16000,96200
286.0,3.74,2240400,8357102.0,3.72,3.71,3.7,3.69,3.68,3.67,3.66,3.65,3.64,3.63,3.74,3.75,3.79,3.8,3.81,3.82,3.83,3.84,3.87,3.88,162800,24800,1900,558800,2400,2800,2000,1700,3000,2600,12500,146700,60900,4000,1000,3000,52400,42200,16000,96200
287.0,3.74,2240400,8357102.0,3.72,3.71,3.7,3.69,3.68,3.67,3.66,3.65,3.64,3.63,3.74,3.75,3.79,3.8,3.81,3.82,3.83,3.84,3.87,3.88,162800,24800,1900,559000,2400,2800,2000,1700,3000,2600,12500,146700,60900,4000,1000,3000,52400,42200,16000,96200
288.0,3.74,2240400,8357102.0,3.72,3.71,3.7,3.69,3.68,3.67,3.66,3.65,3.64,3.63,3.74,3.75,3.79,3.8,3.81,3.82,3.83,3.84,3.87,3.88,162800,24800,13700,559000,2400,2800,2000,1700,3000,2600,12500,146700,60900,4000,1000,3000,52400,42200,16000,96200
289.0,3.74,2244100,8370940.0,3.72,3.71,3.7,3.69,3.68,3.67,3.66,3.65,3.64,3.63,3.74,3.75,3.79,3.8,3.81,3.82,3.83,3.84,3.87,3.88,169200,24800,13700,562000,2400,2800,2000,1700,3000,2600,10500,146700,60900,4000,1000,3000,52400,42200,16000,96200
290.0,3.74,2245100,8374680.0,3.72,3.71,3.7,3.69,3.68,3.67,3.66,3.65,3.64,3.63,3.74,3.75,3.79,3.8,3.81,3.82,3.83,3.84,3.87,3.88,169200,24800,13700,562000,2400,2800,2000,1700,3000,2600,9500,146700,60900,4000,1000,3000,52400,42200,16000,96200
291.0,3.74,2245500,8376176.0,3.72,3.71,3.7,3.69,3.68,3.67,3.66,3.65,3.64,3.63,3.74,3.75,3.79,3.8,3.81,3.82,3.83,3.84,3.87,3.88,170900,24800,13700,562200,2400,2800,2000,1700,3000,2600,10800,146700,60900,4000,1000,3000,52400,42200,16000,96200
292.0,3.74,2245500,8376176.0,3.72,3.71,3.7,3.69,3.68,3.67,3.66,3.65,3.64,3.63,3.74,3.75,3.79,3.8,3.81,3.82,3.83,3.84,3.87,3.88,170900,24800,13700,575800,2400,2800,2000,1700,3000,2600,10800,146700,60900,4000,1000,3000,52400,42200,16000,96200
293.0,3.72,2248300,8386612.0,3.72,3.71,3.7,3.69,3.68,3.67,3.66,3.65,3.64,3.63,3.74,3.75,3.79,3.8,3.81,3.82,3.83,3.84,3.87,3.88,169100,24800,13700,575800,2400,2800,2000,1700,3000,2600,9800,146700,60900,14000,1000,3000,52400,42200,16000,96200
294.0,3.72,2248300,8386612.0,3.72,3.71,3.7,3.69,3.68,3.67,3.66,3.65,3.64,3.63,3.74,3.75,3.79,3.8,3.81,3.82,3.83,3.84,3.87,3.88,170800,24800,13700,575800,2400,2800,2000,1700,3000,2600,11500,146700,60900,14000,1000,3000,52400,42200,16000,96200
295.0,3.74,2249300,8390352.0,3.72,3.71,3.7,3.69,3.68,3.67,3.66,3.65,3.64,3.63,3.74,3.75,3.79,3.8,3.81,3.82,3.83,3.84,3.87,3.88,170800,24800,13700,575800,2400,2800,2000,1700,3000,2600,10500,146700,60900,14000,1000,3000,52400,42200,16000,96200
296.0,3.74,2250300,8394092.0,3.72,3.71,3.7,3.69,3.68,3.67,3.66,3.65,3.64,3.63,3.74,3.75,3.79,3.8,3.81,3.82,3.83,3.84,3.87,3.88,170800,24800,13700,575800,2400,2800,2000,1700,3000,2600,11000,146700,60900,14000,1000,3000,52400,42200,16000,96200
297.0,3.74,2250300,8394092.0,3.72,3.71,3.7,3.69,3.68,3.67,3.66,3.65,3.64,3.63,3.74,3.75,3.79,3.8,3.81,3.82,3.83,3.84,3.87,3.88,172300,24800,13700,575800,2400,2800,2000,1700,3000,2600,11000,146700,60900,14000,1000,3000,52400,42200,16000,96200
298.0,3.72,2303200,8590902.0,3.72,3.71,3.7,3.69,3.68,3.67,3.66,3.65,3.64,3.63,3.74,3.75,3.79,3.8,3.81,3.82,3.83,3.84,3.87,3.88,120500,24800,13700,575800,2400,2800,2000,1700,3000,2600,9900,146700,60900,14000,1000,3000,52400,42200,16000,96200
299.0,3.74,2304100,8594268.0,3.72,3.71,3.7,3.69,3.68,3.67,3.66,3.65,3.64,3.63,3.74,3.75,3.79,3.8,3.81,3.82,3.83,3.84,3.87,3.88,122300,24800,15700,575800,2400,2800,2000,1700,3000,2600,10800,146700,60900,14000,1000,3000,52400,42200,16000,96200
300.0,3.74,2306200,8602122.0,3.72,3.71,3.7,3.69,3.68,3.67,3.66,3.65,3.64,3.63,3.74,3.75,3.79,3.8,3.81,3.82,3.83,3.84,3.87,3.88,122300,24800,15700,575800,2400,2800,2000,1700,3000,2600,8700,146700,60900,14000,1000,3000,52400,42200,16000,96200
301.0,3.72,2313000,8627418.0,3.72,3.71,3.7,3.69,3.68,3.67,3.66,3.65,3.64,3.63,3.74,3.75,3.79,3.8,3.81,3.82,3.83,3.84,3.87,3.88,117300,24800,15700,575800,2400,2800,2000,1700,3000,2600,10500,146700,60900,14000,1000,3000,52400,42200,16000,96200
302.0,3.74,2314000,8631158.0,3.72,3.71,3.7,3.69,3.68,3.67,3.66,3.65,3.64,3.63,3.74,3.75,3.79,3.8,3.81,3.82,3.83,3.84,3.87,3.88,117300,24800,15700,575800,2400,2800,2000,1700,3000,2600,9500,146700,60900,14000,1000,3000,52400,42200,16000,96200
303.0,3.74,2314000,8631158.0,3.72,3.71,3.7,3.69,3.68,3.67,3.66,3.65,3.64,3.63,3.74,3.75,3.79,3.8,3.81,3.82,3.83,3.84,3.87,3.88,119100,24800,15700,578500,2400,2800,2000,1700,3000,2600,11300,146700,60900,14000,1000,3000,52400,42200,16000,96200
304.0,3.72,2316600,8640830.0,3.72,3.71,3.7,3.69,3.68,3.67,3.66,3.65,3.64,3.63,3.74,3.75,3.79,3.8,3.81,3.82,3.83,3.84,3.87,3.88,116500,24800,15700,578500,2400,2800,2000,1700,3000,2600,11300,146700,60900,14000,1000,3000,52400,42200,16000,96200
305.0,3.74,2324100,8668880.0,3.73,3.72,3.71,3.7,3.69,3.68,3.67,3.66,3.65,3.64,3.74,3.75,3.79,3.8,3.81,3.82,3.83,3.84,3.87,3.88,68600,116500,24800,15700,580500,2400,2800,2000,1700,3000,3800,146700,60900,14000,1000,3000,52400,42200,16000,96200
306.0,3.74,2328400,8684962.0,3.73,3.72,3.71,3.7,3.69,3.68,3.67,3.66,3.65,3.64,3.74,3.75,3.79,3.8,3.81,3.82,3.83,3.84,3.87,3.88,54400,116500,24800,15700,580500,2400,2800,2000,1700,3000,9500,146700,60900,14000,1000,3000,52400,42200,16000,96200
307.0,3.74,2328400,8684962.0,3.73,3.72,3.71,3.7,3.69,3.68,3.67,3.66,3.65,3.64,3.74,3.75,3.79,3.8,3.81,3.82,3.83,3.84,3.87,3.88,54400,116500,24800,15700,606800,2400,2800,2000,1700,3000,12500,146700,60900,14000,1000,3000,52400,42200,16000,96200
308.0,3.73,2343400,8740912.0,3.73,3.72,3.71,3.7,3.69,3.68,3.67,3.66,3.65,3.64,3.74,3.75,3.79,3.8,3.81,3.82,3.83,3.84,3.87,3.88,39400,116500,24800,15700,610300,2400,2800,2000,1700,3000,12500,148700,60900,14000,1000,3000,52400,42200,16000,103100
309.0,3.74,2344600,8745400.0,3.73,3.72,3.71,3.7,3.69,3.68,3.67,3.66,3.65,3.64,3.74,3.75,3.79,3.8,3.81,3.82,3.83,3.84,3.87,3.88,39400,116500,24800,15700,610300,2400,2800,2000,1700,3000,11300,148700,60900,14000,1000,3000,52400,42200,16000,103100
310.0,3.74,2344600,8745400.0,3.73,3.72,3.71,3.7,3.69,3.68,3.67,3.66,3.65,3.64,3.74,3.75,3.79,3.8,3.81,3.82,3.83,3.84,3.87,3.88,39400,116500,24800,15700,610300,2400,2800,2000,1700,3000,11300,148700,60900,14000,1000,3000,52400,42200,16000,103100
311.0,3.74,2344600,8745400.0,3.73,3.72,3.71,3.7,3.69,3.68,3.67,3.66,3.65,3.64,3.74,3.75,3.79,3.8,3.81,3.82,3.83,3.84,3.87,3.88,39400,116500,24800,15700,610300,2400,2800,2000,1700,3000,11300,148700,60900,14000,1000,3000,52400,42200,16000,103100
312.0,3.74,2349000,8761856.0,3.73,3.72,3.71,3.7,3.69,3.68,3.67,3.66,3.65,3.64,3.74,3.75,3.79,3.8,3.81,3.82,3.83,3.84,3.87,3.88,39400,116500,24800,15700,610300,2400,2800,2000,1700,3000,6900,148700,60900,14000,1000,3000,52400,42200,16000,103100
313.0,3.74,2350000,8765596.0,3.73,3.72,3.71,3.7,3.69,3.68,3.67,3.66,3.65,3.64,3.74,3.75,3.79,3.8,3.81,3.82,3.83,3.84,3.87,3.88,39400,116500,24800,15700,618000,2400,2800,2000,1700,3000,5900,148700,60900,14000,1000,3000,52400,42200,16000,103100
314.0,3.74,2350000,8765596.0,3.73,3.72,3.71,3.7,3.69,3.68,3.67,3.66,3.65,3.64,3.74,3.75,3.79,3.8,3.81,3.82,3.83,3.84,3.87,3.88,39400,116500,24800,15700,618000,2400,2800,2000,1700,3000,5900,148700,60900,14000,1000,3000,52400,42200,16000,103100
315.0,3.74,2350500,8767466.0,3.73,3.72,3.71,3.7,3.69,3.68,3.67,3.66,3.65,3.64,3.74,3.75,3.79,3.8,3.81,3.82,3.83,3.84,3.87,3.88,39400,116500,24800,15700,618000,2400,2800,2000,1700,3000,5400,148700,60900,14000,1000,3000,52400,42200,16000,103100
316.0,3.74,2350500,8767466.0,3.73,3.72,3.71,3.7,3.69,3.68,3.67,3.66,3.65,3.64,3.74,3.75,3.79,3.8,3.81,3.82,3.83,3.84,3.87,3.88,10100,116500,24800,15700,572800,2400,2800,2000,1700,3000,5400,148700,60900,14000,1000,3000,52400,42200,16000,103100
317.0,3.74,2350500,8767466.0,3.73,3.72,3.71,3.7,3.69,3.68,3.67,3.66,3.65,3.64,3.74,3.75,3.79,3.8,3.81,3.82,3.83,3.84,3.87,3.88,10100,116500,24800,15700,572800,2400,2800,2000,1700,3000,12400,148700,60900,14000,1000,3000,52400,42200,16000,103100
318.0,3.74,2351700,8771954.0,3.73,3.72,3.71,3.7,3.69,3.68,3.67,3.66,3.65,3.64,3.74,3.75,3.79,3.8,3.81,3.82,3.83,3.84,3.87,3.88,10100,116500,24800,15700,572800,2400,2800,2000,1700,3000,11200,148700,60900,14000,1000,3000,52400,42200,16000,103100
319.0,3.73,2355800,8787258.0,3.73,3.72,3.71,3.7,3.69,3.68,3.67,3.66,3.65,3.64,3.74,3.75,3.79,3.8,3.81,3.82,3.83,3.84,3.87,3.88,7100,116500,24800,15700,552800,2400,2800,2000,1700,3000,10100,148700,60900,14000,1000,3000,52400,42200,16000,103100
320.0,3.73,2355800,8787258.0,3.73,3.72,3.71,3.7,3.69,3.68,3.67,3.66,3.65,3.64,3.74,3.75,3.79,3.8,3.81,3.82,3.83,3.84,3.87,3.88,7100,116500,24800,15700,552800,2400,2800,2000,1700,3000,10100,148700,60900,14000,1000,3000,52400,42200,16000,103100
321.0,3.74,2356800,8790998.0,3.73,3.72,3.71,3.7,3.69,3.68,3.67,3.66,3.65,3.64,3.74,3.75,3.79,3.8,3.81,3.82,3.83,3.84,3.87,3.88,7100,116500,24800,15700,552800,2400,2800,2000,1700,3000,9100,146700,60900,14000,1000,3000,52400,42200,16000,103100
322.0,3.74,2356800,8790998.0,3.73,3.72,3.71,3.7,3.69,3.68,3.67,3.66,3.65,3.64,3.74,3.75,3.79,3.8,3.81,3.82,3.83,3.84,3.87,3.88,7100,116500,24800,15700,552800,2400,2800,2000,1700,3000,9100,146700,60900,14000,1000,3000,52400,42200,16000,103100
323.0,3.74,2356800,8790998.0,3.73,3.72,3.71,3.7,3.69,3.68,3.67,3.66,3.65,3.64,3.74,3.75,3.79,3.8,3.81,3.82,3.83,3.84,3.87,3.88,7100,116500,24800,15700,552800,2400,2800,2000,1700,3000,9100,146700,60900,14000,1000,3000,52400,42200,16000,103100
324.0,3.74,2358600,8797730.0,3.73,3.72,3.71,3.7,3.69,3.68,3.67,3.66,3.65,3.64,3.74,3.75,3.79,3.8,3.81,3.82,3.83,3.84,3.87,3.88,7100,116500,24800,15700,552800,2400,2800,2000,1700,3000,7300,146700,60900,14000,1000,3000,52400,42200,16000,103100
325.0,3.74,2359300,8800348.0,3.73,3.72,3.71,3.7,3.69,3.68,3.67,3.66,3.65,3.64,3.74,3.75,3.79,3.8,3.81,3.82,3.83,3.84,3.87,3.88,7100,116500,24800,15700,552800,2400,2800,2000,1700,3000,13600,146700,60900,14000,1000,3000,52400,42200,16000,103100
326.0,3.74,2359300,8800348.0,3.73,3.72,3.71,3.7,3.69,3.68,3.67,3.66,3.65,3.64,3.74,3.75,3.79,3.8,3.81,3.82,3.83,3.84,3.87,3.88,7100,116500,24800,15700,552800,2400,2800,2000,1700,3000,13600,146700,60900,14000,1000,3000,52400,42200,16000,103100
327.0,3.73,2362600,8812670.0,3.73,3.72,3.71,3.7,3.69,3.68,3.67,3.66,3.65,3.64,3.74,3.75,3.79,3.8,3.81,3.82,3.83,3.84,3.87,3.88,5100,116500,24800,15700,552800,2400,2800,2000,1700,3000,12300,146700,60900,14000,1000,3000,52400,42200,16000,103100
328.0,3.74,2363800,8817158.0,3.73,3.72,3.71,3.7,3.69,3.68,3.67,3.66,3.65,3.64,3.74,3.75,3.79,3.8,3.81,3.82,3.83,3.84,3.87,3.88,5100,116500,24800,15700,552800,2400,2800,2000,1700,3000,11100,146700,60900,14000,1000,3000,52400,42200,16000,103100
329.0,3.74,2363800,8817158.0,3.73,3.72,3.71,3.7,3.69,3.68,3.67,3.66,3.65,3.64,3.74,3.75,3.79,3.8,3.81,3.82,3.83,3.84,3.87,3.88,5100,116500,24800,15700,552800,2400,2800,2000,1700,3000,19400,146700,60900,14000,1000,3000,52400,42200,16000,103100
330.0,3.74,2363800,8817158.0,3.73,3.72,3.71,3.7,3.69,3.68,3.67,3.66,3.65,3.64,3.74,3.75,3.79,3.8,3.81,3.82,3.83,3.84,3.85,3.87,5100,116500,24800,15700,552800,2400,2800,2000,1700,3000,19400,146700,60900,14000,1000,3000,52400,42200,15800,16000
331.0,3.74,2365700,8824264.0,3.73,3.72,3.71,3.7,3.69,3.68,3.67,3.66,3.65,3.64,3.74,3.75,3.79,3.8,3.81,3.82,3.83,3.84,3.85,3.87,5100,116500,24800,60300,552800,2400,2800,2000,1700,3000,17500,146700,60900,14000,1000,3000,52400,42200,15800,16000
332.0,3.74,2365700,8824264.0,3.73,3.72,3.71,3.7,3.69,3.68,3.67,3.66,3.65,3.64,3.74,3.75,3.79,3.8,3.81,3.82,3.83,3.84,3.85,3.87,5100,116500,24800,60300,552800,2400,2800,2000,1700,3000,17500,146700,60900,14000,1000,3000,52400,42200,15800,16000
333.0,3.73,2370800,8843287.0,3.72,3.71,3.7,3.69,3.68,3.67,3.66,3.65,3.64,3.63,3.73,3.74,3.75,3.79,3.8,3.81,3.82,3.83,3.84,3.85,116500,24800,60300,552800,2400,2800,2000,1700,3000,2600,20800,17500,146700,60900,14000,1000,3000,52400,42200,15800
334.0,3.73,2374800,8858207.0,3.72,3.71,3.7,3.69,3.68,3.67,3.66,3.65,3.64,3.63,3.73,3.74,3.75,3.79,3.8,3.81,3.82,3.83,3.84,3.85,116500,24800,60300,552800,2400,2800,2000,1700,3000,2600,16800,17500,146700,60900,14000,1000,3000,52400,42200,15800
335.0,3.73,2378300,8871262.0,3.72,3.71,3.7,3.69,3.68,3.67,3.66,3.65,3.64,3.63,3.73,3.74,3.75,3.79,3.8,3.81,3.82,3.83,3.84,3.85,116500,24800,60300,552800,2400,2800,2000,1700,3000,2600,13300,17500,146700,60900,14000,1000,3000,52400,42200,15800
336.0,3.73,2378300,8871262.0,3.72,3.71,3.7,3.69,3.68,3.67,3.66,3.65,3.64,3.63,3.73,3.74,3.75,3.79,3.8,3.81,3.82,3.83,3.84,3.85,116500,24800,60300,562800,2400,2800,2000,1700,3000,2600,13300,17500,146700,60900,14000,1000,3000,52400,42200,15800
337.0,3.73,2378300,8871262.0,3.72,3.71,3.7,3.69,3.68,3.67,3.66,3.65,3.64,3.63,3.73,3.74,3.75,3.79,3.8,3.81,3.82,3.83,3.84,3.85,116500,24800,60300,562800,2400,2800,2000,1700,3000,2600,13300,17500,146700,60900,14000,1000,3000,52400,42200,15800
338.0,3.73,2379600,8876111.0,3.72,3.71,3.7,3.69,3.68,3.67,3.66,3.65,3.64,3.63,3.73,3.74,3.75,3.79,3.8,3.81,3.82,3.83,3.84,3.85,116500,24800,60300,562800,2400,2800,2000,1700,3000,2600,12000,17500,146700,60900,14000,1000,3000,52400,42200,15800
339.0,3.74,2409500,8987813.0,3.74,3.72,3.71,3.7,3.69,3.68,3.67,3.66,3.65,3.64,3.75,3.79,3.8,3.81,3.82,3.83,3.84,3.85,3.87,3.88,20100,116500,24800,60300,562800,2400,2800,2000,1700,3000,146700,60900,14000,1000,3000,52400,42200,15800,16000,103100
340.0,3.74,2409500,8987813.0,3.74,3.72,3.71,3.7,3.69,3.68,3.67,3.66,3.65,3.64,3.75,3.79,3.8,3.81,3.82,3.83,3.84,3.85,3.87,3.88,20100,116500,24800,65700,562800,2400,2800,2000,1700,3000,146700,60900,14000,1000,3000,52400,42200,15800,16000,103100
341.0,3.75,2414700,9007313.0,3.74,3.72,3.71,3.7,3.69,3.68,3.67,3.66,3.65,3.64,3.75,3.79,3.8,3.81,3.82,3.83,3.84,3.85,3.87,3.88,20100,116500,24800,65700,562900,2400,2800,2000,1700,3000,141500,60900,14000,1000,3000,52400,42200,15800,16000,103100
342.0,3.75,2414700,9007313.0,3.74,3.72,3.71,3.7,3.69,3.68,3.67,3.66,3.65,3.64,3.75,3.79,3.8,3.81,3.82,3.83,3.84,3.85,3.87,3.88,20100,116500,24800,65700,562900,2400,2800,2000,1700,3000,141500,60900,14000,1000,3000,52400,42200,15800,16000,103100
343.0,3.75,2416500,9014063.0,3.74,3.72,3.71,3.7,3.69,3.68,3.67,3.66,3.65,3.64,3.75,3.79,3.8,3.81,3.82,3.83,3.84,3.85,3.87,3.88,20100,116500,26300,65700,562900,2400,2800,2000,1700,3000,139700,60900,14000,1000,3000,52400,42200,15800,16000,103100
344.0,3.75,2419100,9023813.0,3.74,3.72,3.71,3.7,3.69,3.68,3.67,3.66,3.65,3.64,3.75,3.79,3.8,3.81,3.82,3.83,3.84,3.85,3.87,3.88,20100,116500,26300,65700,572900,2400,2800,2000,1700,3000,137100,60900,14000,1000,3000,52400,42200,15800,16000,103100
345.0,3.75,2419100,9023813.0,3.74,3.72,3.71,3.7,3.69,3.68,3.67,3.66,3.65,3.64,3.75,3.79,3.8,3.81,3.82,3.83,3.84,3.85,3.87,3.88,20100,116500,26300,65700,572900,2400,2800,2000,1700,3000,137100,60900,14000,1000,3000,52400,42200,15800,16000,103100
346.0,3.75,2419100,9023813.0,3.74,3.72,3.71,3.7,3.69,3.68,3.67,3.66,3.65,3.64,3.75,3.79,3.8,3.81,3.82,3.83,3.84,3.85,3.87,3.88,20100,116500,26300,65700,572900,2400,2800,2000,1700,3000,137100,60900,14000,1000,3000,52400,42200,15800,16000,103100
347.0,3.75,2427000,9053438.0,3.74,3.72,3.71,3.7,3.69,3.68,3.67,3.66,3.65,3.64,3.75,3.79,3.8,3.81,3.82,3.83,3.84,3.85,3.87,3.88,20100,116500,26300,105700,581900,2400,2800,2000,1700,3000,129200,60900,14000,1000,3000,52400,42200,15800,16000,103100
348.0,3.75,2427000,9053438.0,3.74,3.72,3.71,3.7,3.69,3.68,3.67,3.66,3.65,3.64,3.75,3.79,3.8,3.81,3.82,3.83,3.84,3.85,3.87,3.88,20100,116500,26300,105700,581900,2400,2800,2000,1700,3000,129200,60900,14000,1000,3000,52400,42200,15800,16000,103100
349.0,3.75,2429600,9063188.0,3.74,3.72,3.71,3.7,3.69,3.68,3.67,3.66,3.65,3.64,3.75,3.79,3.8,3.81,3.82,3.83,3.84,3.85,3.87,3.88,21100,116500,26300,105700,581900,2400,2800,2000,1700,3000,126600,60900,14000,1000,3000,52400,42200,15800,16000,103100
350.0,3.75,2432200,9072938.0,3.74,3.73,3.72,3.71,3.7,3.69,3.68,3.67,3.66,3.65,3.75,3.79,3.8,3.81,3.82,3.83,3.84,3.85,3.87,3.88,21800,4400,116500,26300,105700,583900,2400,2800,2000,1700,124000,60900,14000,1000,3000,52400,42200,15800,16000,103100
351.0,3.75,2432200,9072938.0,3.74,3.73,3.72,3.71,3.7,3.69,3.68,3.67,3.66,3.65,3.75,3.79,3.8,3.81,3.82,3.83,3.84,3.85,3.87,3.88,21800,4400,116500,26300,105700,583900,2400,2800,2000,1700,124000,60900,14000,1000,3000,52400,42200,15800,16000,103100
352.0,3.75,2432200,9072938.0,3.74,3.73,3.72,3.71,3.7,3.69,3.68,3.67,3.66,3.65,3.75,3.79,3.8,3.81,3.82,3.83,3.84,3.85,3.87,3.88,21800,4400,116500,26300,105700,583900,2400,2800,2000,1700,124000,60900,14000,1000,3000,52400,42200,15800,16000,103100
353.0,3.75,2432200,9072938.0,3.74,3.73,3.72,3.71,3.7,3.69,3.68,3.67,3.66,3.65,3.75,3.79,3.8,3.81,3.82,3.83,3.84,3.85,3.87,3.88,21800,4400,116500,26300,105700,583900,2400,2800,2000,1700,124000,60900,14000,1000,3000,52400,42200,15800,16000,103100
354.0,3.75,2434800,9082688.0,3.74,3.73,3.72,3.71,3.7,3.69,3.68,3.67,3.66,3.65,3.75,3.79,3.8,3.81,3.82,3.83,3.84,3.85,3.87,3.88,21800,4400,116500,26300,105700,583900,2400,2800,2000,1700,121400,60900,14000,1000,3000,52400,42900,15800,16000,103100
355.0,3.75,2434800,9082688.0,3.74,3.73,3.72,3.71,3.7,3.69,3.68,3.67,3.66,3.65,3.75,3.79,3.8,3.81,3.82,3.83,3.84,3.85,3.87,3.88,21800,4400,116500,26300,105700,583900,2400,2800,2000,1700,121400,60900,14000,1000,3000,52400,42900,15800,16000,103100
356.0,3.75,2442800,9112688.0,3.74,3.73,3.72,3.71,3.7,3.69,3.68,3.67,3.66,3.65,3.75,3.79,3.8,3.81,3.82,3.83,3.84,3.85,3.87,3.88,21800,4400,116500,26300,105700,583900,2400,2800,2000,1700,113400,60900,14000,1000,3000,52400,42900,15800,16000,107800
357.0,3.74,2444900,9120542.0,3.74,3.73,3.72,3.71,3.7,3.69,3.68,3.67,3.66,3.65,3.75,3.79,3.8,3.81,3.82,3.83,3.84,3.85,3.87,3.88,19700,4400,116500,33300,105700,583900,2400,2800,2000,1700,113400,60900,14000,1000,3000,52400,42900,15800,16000,107800
358.0,3.74,2444900,9120542.0,3.74,3.73,3.72,3.71,3.7,3.69,3.68,3.67,3.66,3.65,3.75,3.79,3.8,3.81,3.82,3.83,3.84,3.85,3.87,3.88,19700,4400,116500,43300,105700,583900,2400,2800,2000,1700,113400,60900,14000,1000,3000,52400,42900,15800,16000,107800
359.0,3.75,2450200,9140417.0,3.74,3.73,3.72,3.71,3.7,3.69,3.68,3.67,3.66,3.65,3.75,3.79,3.8,3.81,3.82,3.83,3.84,3.85,3.87,3.88,19700,4400,116500,43300,105700,583900,2400,2800,2000,1700,108100,60900,14000,1000,3000,52400,42900,15800,16000,107800
360.0,3.74,2452100,9147523.0,3.74,3.73,3.72,3.71,3.7,3.69,3.68,3.67,3.66,3.65,3.75,3.79,3.8,3.81,3.82,3.83,3.84,3.85,3.87,3.88,17800,4400,116500,43300,105700,585900,2400,2800,2000,1700,108100,60900,14000,1000,3000,52400,42900,15800,16000,107800
361.0,3.74,2452100,9147523.0,3.74,3.73,3.72,3.71,3.7,3.69,3.68,3.67,3.66,3.65,3.75,3.79,3.8,3.81,3.82,3.83,3.84,3.85,3.87,3.88,18700,4400,116500,43300,105700,585900,2400,2800,2000,1700,108100,60900,14000,1000,3000,52400,42900,15800,16000,107800
362.0,3.74,2452100,9147523.0,3.74,3.73,3.72,3.71,3.7,3.69,3.68,3.67,3.66,3.65,3.75,3.79,3.8,3.81,3.82,3.83,3.84,3.85,3.87,3.88,18700,4400,116500,43300,105700,595000,2400,2800,2000,1700,108100,60900,14000,1000,3000,52400,42900,15800,16000,107800
363.0,3.74,2453900,9154255.0,3.74,3.73,3.72,3.71,3.7,3.69,3.68,3.67,3.66,3.65,3.75,3.79,3.8,3.81,3.82,3.83,3.84,3.85,3.87,3.88,16900,4400,116500,43300,105700,595000,2400,2800,2000,1700,108100,60900,14000,1000,3000,52400,42900,15800,16000,107800
364.0,3.74,2457500,9167745.0,3.74,3.73,3.72,3.71,3.7,3.69,3.68,3.67,3.66,3.65,3.75,3.79,3.8,3.81,3.82,3.83,3.84,3.85,3.87,3.88,15900,4400,116500,43300,105700,595000,2400,2800,2000,1700,105500,60900,14000,1000,3000,52400,42900,15800,16000,107800
365.0,3.74,2457500,9167745.0,3.74,3.73,3.72,3.71,3.7,3.69,3.68,3.67,3.66,3.65,3.75,3.79,3.8,3.81,3.82,3.83,3.84,3.85,3.87,3.88,15900,4400,116500,43300,105700,595000,2400,2800,2000,1700,105500,60900,14000,1000,3000,52400,42900,15800,16000,107800
366.0,3.74,2462400,9186071.0,3.74,3.73,3.72,3.71,3.7,3.69,3.68,3.67,3.66,3.65,3.75,3.79,3.8,3.81,3.82,3.83,3.84,3.85,3.87,3.88,11000,4400,116500,43300,105700,595000,2400,2800,2000,1700,105500,60900,14000,1000,3000,52400,42900,15800,16000,107800
367.0,3.75,2463600,9190560.0,3.74,3.73,3.72,3.71,3.7,3.69,3.68,3.67,3.66,3.65,3.75,3.79,3.8,3.81,3.82,3.83,3.84,3.85,3.87,3.88,9900,4400,116500,43300,106200,595000,2400,2800,2000,1700,105400,60900,14000,1000,3000,52400,42900,15800,16000,107800
368.0,3.75,2463600,9190560.0,3.74,3.73,3.72,3.71,3.7,3.69,3.68,3.67,3.66,3.65,3.75,3.79,3.8,3.81,3.82,3.83,3.84,3.85,3.87,3.88,9900,4900,116500,53300,106200,595000,2400,2800,2000,1700,105400,60900,14000,1000,3000,52400,42900,15800,16000,107800
369.0,3.75,2463600,9190560.0,3.74,3.73,3.72,3.71,3.7,3.69,3.68,3.67,3.66,3.65,3.75,3.79,3.8,3.81,3.82,3.83,3.84,3.85,3.87,3.88,9900,4900,116500,53300,106200,595000,2400,2800,2000,1700,105400,60900,14000,1000,3000,52400,42900,15800,16000,107800
370.0,3.75,2469800,9213801.0,3.74,3.73,3.72,3.71,3.7,3.69,3.68,3.67,3.66,3.65,3.75,3.79,3.8,3.81,3.82,3.83,3.84,3.85,3.87,3.88,9000,4900,116500,53300,106200,592000,2400,2800,2000,1700,100100,60900,14000,1000,3000,52400,42900,15800,16000,107800
371.0,3.75,2472400,9223551.0,3.74,3.73,3.72,3.71,3.7,3.69,3.68,3.67,3.66,3.65,3.75,3.79,3.8,3.81,3.82,3.83,3.84,3.85,3.87,3.88,9000,4900,116500,53300,106200,592000,2400,2800,2000,1700,97500,60900,14000,1000,3000,52400,42900,15800,16000,107800
372.0,3.75,2472400,9223551.0,3.74,3.73,3.72,3.71,3.7,3.69,3.68,3.67,3.66,3.65,3.75,3.79,3.8,3.81,3.82,3.83,3.84,3.85,3.87,3.88,9000,4900,116500,55300,106200,592000,2400,2800,2000,1700,97500,60900,14000,1000,3000,52400,42900,15800,16000,107800
373.0,3.74,2473300,9226917.0,3.74,3.73,3.72,3.71,3.7,3.69,3.68,3.67,3.66,3.65,3.75,3.79,3.8,3.81,3.82,3.83,3.84,3.85,3.87,3.88,13900,4900,116500,55300,106200,592000,2400,2800,2000,1700,97500,60900,14000,1000,3000,52400,42900,15800,16000,107800
374.0,3.74,2473300,9226917.0,3.74,3.73,3.72,3.71,3.7,3.69,3.68,3.67,3.66,3.65,3.75,3.79,3.8,3.81,3.82,3.83,3.84,3.85,3.87,3.88,13900,4900,116500,55300,106200,592000,2400,2800,2000,1700,97500,60900,14000,1000,3000,52400,42900,15800,16000,107800
375.0,3.74,2473300,9226917.0,3.74,3.73,3.72,3.71,3.7,3.69,3.68,3.67,3.66,3.65,3.75,3.79,3.8,3.81,3.82,3.83,3.84,3.85,3.87,3.88,13900,4900,116500,55300,106200,592000,2400,2800,2000,1700,97500,60900,14000,1000,3000,52400,42900,15800,16000,107800
376.0,3.74,2473300,9226917.0,3.74,3.73,3.72,3.71,3.7,3.69,3.68,3.67,3.66,3.65,3.75,3.79,3.8,3.81,3.82,3.83,3.84,3.85,3.87,3.88,13900,4900,116500,55300,106200,592000,2400,2800,2000,1700,97500,60900,14000,1000,3000,52400,42900,15800,16000,107800
377.0,3.74,2474600,9231779.0,3.74,3.73,3.72,3.71,3.7,3.69,3.68,3.67,3.66,3.65,3.75,3.79,3.8,3.81,3.82,3.83,3.84,3.85,3.87,3.88,12600,4900,116500,55300,106200,593900,2400,2800,2000,1700,97500,60900,14000,1000,3000,52400,42900,15800,16000,107800
378.0,3.75,2474900,9232904.0,3.74,3.73,3.72,3.71,3.7,3.69,3.68,3.67,3.66,3.65,3.75,3.79,3.8,3.81,3.82,3.83,3.84,3.85,3.87,3.88,12600,4900,116500,55300,106200,593900,2400,2800,2000,1700,97200,60900,14000,1000,3000,52400,42900,15800,16000,107800
379.0,3.74,2480000,9252004.0,3.74,3.73,3.72,3.71,3.7,3.69,3.68,3.67,3.66,3.65,3.75,3.79,3.8,3.81,3.82,3.83,3.84,3.85,3.87,3.88,10100,4900,116500,55300,106200,593900,2400,2800,2000,1700,94600,60900,14000,1000,3000,52400,42900,15800,16000,107800
380.0,3.74,2481000,9255744.0,3.74,3.73,3.72,3.71,3.7,3.69,3.68,3.67,3.66,3.65,3.75,3.79,3.8,3.81,3.82,3.83,3.84,3.85,3.87,3.88,9100,4900,116500,55300,108700,633900,2400,2800,2000,1700,94600,60900,14000,1000,3000,52400,42900,15800,16000,107800
381.0,3.75,2482600,9261744.0,3.74,3.73,3.72,3.71,3.7,3.69,3.68,3.67,3.66,3.65,3.75,3.79,3.8,3.81,3.82,3.83,3.84,3.85,3.87,3.88,9100,4900,116500,55300,108700,633900,2400,2800,2000,1700,93000,60900,14000,1000,3000,52400,42900,15800,16000,107800
382.0,3.73,2551900,9521430.0,3.72,3.71,3.7,3.69,3.68,3.67,3.66,3.65,3.64,3.63,3.73,3.75,3.79,3.8,3.81,3.82,3.83,3.84,3.85,3.87,116500,55300,118800,633900,2400,2800,2000,1700,3000,2600,16000,37700,60900,14000,1000,3000,52400,42900,15800,16000
383.0,3.72,2554500,9531102.0,3.72,3.71,3.7,3.69,3.68,3.67,3.66,3.65,3.64,3.63,3.73,3.75,3.79,3.8,3.81,3.82,3.83,3.84,3.85,3.87,113900,55300,118800,633900,2400,2800,2000,1700,3000,2600,16000,37700,60900,14000,1000,3000,52400,42900,15800,16000
384.0,3.72,2554500,9531102.0,3.72,3.71,3.7,3.69,3.68,3.67,3.66,3.65,3.64,3.63,3.73,3.75,3.79,3.8,3.81,3.82,3.83,3.84,3.85,3.87,113900,55300,118800,633900,2400,2800,2000,1700,3000,2600,16000,37700,60900,14000,1000,3000,52400,42900,15800,16000
385.0,3.72,2554500,9531102.0,3.72,3.71,3.7,3.69,3.68,3.67,3.66,3.65,3.64,3.63,3.73,3.75,3.79,3.8,3.81,3.82,3.83,3.84,3.85,3.87,113900,55300,138800,633900,2400,2800,2000,1700,3000,2600,16000,37700,60900,14000,1000,3000,52400,42900,15800,16000
386.0,3.73,2558700,9546742.0,3.72,3.71,3.7,3.69,3.68,3.67,3.66,3.65,3.64,3.63,3.73,3.75,3.79,3.8,3.81,3.82,3.83,3.84,3.85,3.87,111300,55300,138800,634900,2400,2800,2000,1700,3000,2600,14400,37700,60900,14000,1000,3000,52400,42900,15800,16000
387.0,3.73,2558700,9546742.0,3.72,3.71,3.7,3.69,3.68,3.67,3.66,3.65,3.64,3.63,3.73,3.75,3.79,3.8,3.81,3.82,3.83,3.84,3.85,3.87,111300,55300,138800,634900,2400,2800,2000,1700,3000,2600,14400,37700,60900,14000,1000,3000,52400,42900,15800,16000
388.0,3.73,2558700,9546742.0,3.72,3.71,3.7,3.69,3.68,3.67,3.66,3.65,3.64,3.63,3.73,3.75,3.79,3.8,3.81,3.82,3.83,3.84,3.85,3.87,111300,53800,138800,636900,2400,2800,2000,1700,3000,2600,14400,37700,60900,14000,1000,3000,52400,42900,15800,16000
389.0,3.72,2561300,9556414.0,3.72,3.71,3.7,3.69,3.68,3.67,3.66,3.65,3.64,3.63,3.73,3.75,3.79,3.8,3.81,3.82,3.83,3.84,3.85,3.87,108700,53800,138800,639900,2400,2800,2000,1700,3000,2600,14400,37700,60900,14000,1000,3000,52400,42900,15800,16000
390.0,3.72,2561300,9556414.0,3.72,3.71,3.7,3.69,3.68,3.67,3.66,3.65,3.64,3.63,3.73,3.75,3.79,3.8,3.81,3.82,3.83,3.84,3.85,3.87,108700,53800,138800,639900,2400,2800,2000,1700,3000,2600,14400,37700,60900,14000,1000,3000,52400,42900,15800,16000
391.0,3.72,2561300,9556414.0,3.72,3.71,3.7,3.69,3.68,3.67,3.66,3.65,3.64,3.63,3.73,3.75,3.79,3.8,3.81,3.82,3.83,3.84,3.85,3.87,108700,253800,138800,640400,2400,2800,2000,1700,3000,2600,14400,37700,60900,14000,1000,3000,52400,42900,15800,16000
392.0,3.72,2561300,9556414.0,3.72,3.71,3.7,3.69,3.68,3.67,3.66,3.65,3.64,3.63,3.73,3.75,3.79,3.8,3.81,3.82,3.83,3.84,3.85,3.87,108700,253800,138800,640400,2400,2800,2000,1700,3000,2600,14400,37700,60900,14000,1000,3000,52400,42900,15800,16000
393.0,3.72,2563900,9566086.0,3.72,3.71,3.7,3.69,3.68,3.67,3.66,3.65,3.64,3.63,3.73,3.75,3.78,3.79,3.8,3.81,3.82,3.83,3.84,3.85,106100,253800,138800,640400,2400,2800,2000,1700,3000,2600,14400,37700,10000,60900,14000,1000,3000,52400,42900,15800
394.0,3.73,2568100,9581752.0,3.72,3.71,3.7,3.69,3.68,3.67,3.66,3.65,3.64,3.63,3.73,3.75,3.78,3.79,3.8,3.81,3.82,3.83,3.84,3.85,106100,253800,138800,640400,2400,2800,2000,1700,3000,2600,10200,37700,10000,60900,14000,1000,3000,52400,42900,15800
395.0,3.73,2568200,9582125.0,3.72,3.71,3.7,3.69,3.68,3.67,3.66,3.65,3.64,3.63,3.73,3.75,3.78,3.79,3.8,3.81,3.82,3.83,3.84,3.85,106100,253800,138800,640400,2400,2800,2000,1700,3000,2600,10100,37700,10000,60900,14000,1000,3000,52400,42900,15800
396.0,3.72,2570800,9591797.0,3.72,3.71,3.7,3.69,3.68,3.67,3.66,3.65,3.64,3.63,3.73,3.75,3.78,3.79,3.8,3.81,3.82,3.83,3.84,3.85,103500,253800,138800,640400,2400,2800,2000,1700,3000,2600,10100,37700,10000,60900,14000,1000,3000,52400,42900,15800
397.0,3.73,2580900,9629470.0,3.73,3.72,3.71,3.7,3.69,3.68,3.67,3.66,3.65,3.64,3.75,3.78,3.79,3.8,3.81,3.82,3.83,3.84,3.85,3.87,14900,103500,253800,138800,640400,2400,2800,2000,1700,3000,37700,10000,60900,14000,1000,3000,52400,42900,15800,16000
398.0,3.73,2581100,9630216.0,3.73,3.72,3.71,3.7,3.69,3.68,3.67,3.66,3.65,3.64,3.74,3.75,3.78,3.79,3.8,3.81,3.82,3.83,3.84,3.85,14700,103500,253800,138800,640400,2400,2800,2000,1700,3000,200,39000,10000,60900,14000,1000,3000,52400,42900,15800
399.0,3.73,2582500,9635438.0,3.73,3.72,3.71,3.7,3.69,3.68,3.67,3.66,3.65,3.64,3.74,3.75,3.78,3.79,3.8,3.81,3.82,3.83,3.84,3.85,14400,103500,253800,138800,640400,2400,2800,2000,1700,3000,200,39000,10000,60900,14000,1000,3000,52400,42900,15800
400.0,3.73,2582500,9635438.0,3.73,3.72,3.71,3.7,3.69,3.68,3.67,3.66,3.65,3.64,3.74,3.75,3.78,3.79,3.8,3.81,3.82,3.83,3.84,3.85,14400,103500,253800,138800,640400,2400,2800,2000,1700,3000,200,39000,10000,60900,14000,1000,3000,52400,42900,15800
401.0,3.73,2586200,9649239.0,3.73,3.72,3.71,3.7,3.69,3.68,3.67,3.66,3.65,3.64,3.74,3.75,3.78,3.79,3.8,3.81,3.82,3.83,3.84,3.85,10700,116900,253800,138800,640400,2400,2800,2000,1700,3000,200,39000,10000,60900,14000,1000,3000,52400,42900,15800
402.0,3.73,2586200,9649239.0,3.73,3.72,3.71,3.7,3.69,3.68,3.67,3.66,3.65,3.64,3.74,3.75,3.78,3.79,3.8,3.81,3.82,3.83,3.84,3.85,10700,116900,253800,138800,640400,2400,2800,2000,1700,3000,200,39000,10000,60900,14000,1000,3000,52400,42900,15800
403.0,3.73,2587200,9652969.0,3.73,3.72,3.71,3.7,3.69,3.68,3.67,3.66,3.65,3.64,3.74,3.75,3.78,3.79,3.8,3.81,3.82,3.83,3.84,3.85,9700,116900,253800,138800,640400,2400,2800,2000,1700,3000,200,39000,10000,60900,14000,1000,3000,52400,42900,15800
404.0,3.73,2587200,9652969.0,3.73,3.72,3.71,3.7,3.69,3.68,3.67,3.66,3.65,3.64,3.74,3.75,3.78,3.79,3.8,3.81,3.82,3.83,3.84,3.85,9700,126900,253800,138800,640400,2400,2800,2000,1700,3000,200,39000,10000,60900,14000,1000,3000,52400,42900,15800
405.0,3.74,2587300,9653343.0,3.73,3.72,3.71,3.7,3.69,3.68,3.67,3.66,3.65,3.64,3.74,3.75,3.78,3.79,3.8,3.81,3.82,3.83,3.84,3.85,9700,126900,253800,138800,640400,2400,2800,2000,1700,3000,100,39000,10000,60900,14000,1000,3000,52400,42900,15800
406.0,3.73,2588200,9656700.0,3.73,3.72,3.71,3.7,3.69,3.68,3.67,3.66,3.65,3.64,3.74,3.75,3.78,3.79,3.8,3.81,3.82,3.83,3.84,3.85,8800,126900,253800,138800,640400,2400,2800,2000,1700,3000,100,39000,10000,60900,14000,1000,3000,52400,42900,15800
407.0,3.73,2589200,9660430.0,3.73,3.72,3.71,3.7,3.69,3.68,3.67,3.66,3.65,3.64,3.74,3.75,3.78,3.79,3.8,3.81,3.82,3.83,3.84,3.85,7800,126900,253800,138800,640400,2400,2800,2000,1700,3000,100,39000,10000,60900,14000,1000,3000,52400,42900,15800
408.0,3.73,2589200,9660430.0,3.73,3.72,3.71,3.7,3.69,3.68,3.67,3.66,3.65,3.64,3.74,3.75,3.78,3.79,3.8,3.81,3.82,3.83,3.84,3.85,7800,126900,263800,138800,640400,2400,2800,2000,1700,3000,100,39000,10000,60900,14000,1000,3000,52400,42900,15800
409.0,3.73,2589900,9663041.0,3.73,3.72,3.71,3.7,3.69,3.68,3.67,3.66,3.65,3.64,3.74,3.75,3.78,3.79,3.8,3.81,3.82,3.83,3.84,3.85,7100,126900,263800,138800,640400,2400,2800,2000,1700,3000,100,39000,10000,60900,14000,1000,3000,52400,42900,15800
410.0,3.73,2589900,9663041.0,3.73,3.72,3.71,3.7,3.69,3.68,3.67,3.66,3.65,3.64,3.74,3.75,3.78,3.79,3.8,3.81,3.82,3.83,3.84,3.85,8500,126900,263800,138800,640400,2400,2800,2000,1700,3000,100,39000,10000,60900,14000,1000,3000,52400,42900,15800
411.0,3.73,2589900,9663041.0,3.73,3.72,3.71,3.7,3.69,3.68,3.67,3.66,3.65,3.64,3.74,3.75,3.78,3.79,3.8,3.81,3.82,3.83,3.84,3.85,13000,126900,263800,138800,640400,2400,2800,2000,1700,3000,100,39000,10000,60900,14000,1000,3000,52400,42900,15800
412.0,3.73,2591200,9667890.0,3.73,3.72,3.71,3.7,3.69,3.68,3.67,3.66,3.65,3.64,3.74,3.75,3.78,3.79,3.8,3.81,3.82,3.83,3.84,3.85,11700,126900,263800,138800,640400,2400,2800,2000,1700,3000,100,39000,10000,60900,14000,1000,3000,52400,42900,15800
413.0,3.73,2601200,9705190.0,3.73,3.72,3.71,3.7,3.69,3.68,3.67,3.66,3.65,3.64,3.74,3.75,3.78,3.79,3.8,3.81,3.82,3.83,3.84,3.85,1700,126900,263800,138800,640400,2400,2800,2000,1700,3000,100,39000,10000,60900,14000,1000,3000,52400,42900,15800
414.0,3.73,2601200,9705190.0,3.73,3.72,3.71,3.7,3.69,3.68,3.67,3.66,3.65,3.64,3.74,3.75,3.78,3.79,3.8,3.81,3.82,3.83,3.84,3.85,1700,126900,263800,138800,645400,2400,2800,2000,1700,3000,100,39000,10000,60900,14000,1000,3000,52400,42900,15800
415.0,3.73,2601200,9705190.0,3.73,3.72,3.71,3.7,3.69,3.68,3.67,3.66,3.65,3.64,3.74,3.75,3.78,3.79,3.8,3.81,3.82,3.83,3.84,3.85,1700,126900,263800,138800,645400,2400,2800,2000,1700,3000,100,39000,10000,60900,14000,1000,3000,52400,42900,15800
416.0,3.73,2601300,9705563.0,3.73,3.72,3.71,3.7,3.69,3.68,3.67,3.66,3.65,3.64,3.74,3.75,3.78,3.79,3.8,3.81,3.82,3.83,3.84,3.85,1600,126900,263800,138800,645400,2400,2800,2000,1700,3000,100,39000,10000,60900,14000,1000,3000,52400,42900,15800
