LocalTime,LastPrice,TradeVolume,TradeValue,BidPrice1,BidPrice2,BidPrice3,BidPrice4,BidPrice5,BidPrice6,BidPrice7,BidPrice8,BidPrice9,BidPriceA,AskPrice1,AskPrice2,AskPrice3,AskPrice4,AskPrice5,AskPrice6,AskPrice7,AskPrice8,AskPrice9,AskPriceA,BidVolume1,BidVolume2,BidVolume3,BidVolume4,BidVolume5,BidVolume6,BidVolume7,BidVolume8,BidVolume9,BidVolumeA,AskVolume1,AskVolume2,AskVolume3,AskVolume4,AskVolume5,AskVolume6,AskVolume7,AskVolume8,AskVolume9,AskVolumeA
0.0,13.09,5700,74613.0,13.08,13.01,13.0,12.98,12.95,12.94,12.93,12.91,12.9,12.85,13.09,13.16,13.18,13.19,13.2,13.22,13.28,13.3,13.35,13.36,1300,3600,400,200,200,500,1600,300,1300,10700,1300,200,100,200,600,1500,2000,2500,1700,5000
1.0,13.08,10000,130966.0,13.01,13.0,12.98,12.95,12.94,12.93,12.91,12.9,12.85,12.8,13.08,13.2,13.22,13.28,13.3,13.35,13.36,13.38,13.39,13.48,3600,200,200,200,500,1600,300,1300,10700,100,1700,1100,1500,2000,2500,1700,5000,1000,100,3200
2.0,13.08,10000,130966.0,13.01,13.0,12.98,12.95,12.94,12.93,12.91,12.9,12.85,12.8,13.08,13.09,13.2,13.22,13.28,13.3,13.35,13.36,13.38,13.39,3600,16200,200,200,500,1600,300,1300,10700,100,1800,400,1100,1500,2000,2500,1700,5000,1000,100
3.0,13.08,11300,147970.0,13.01,13.0,12.98,12.95,12.94,12.93,12.91,12.9,12.85,12.8,13.08,13.09,13.2,13.22,13.28,13.3,13.35,13.36,13.38,13.39,3600,16200,200,200,500,1600,300,1300,10700,100,1000,400,1100,1500,2000,2500,1700,5000,1000,100
4.0,13.08,11400,149278.0,13.01,13.0,12.98,12.95,12.94,12.93,12.91,12.9,12.85,12.8,13.08,13.09,13.2,13.22,13.28,13.3,13.35,13.36,13.38,13.39,3600,16200,200,1200,500,1600,300,1300,10700,100,1000,400,1100,1500,2000,2500,1700,5000,1000,100
5.0,13.08,12600,164969.0,13.03,13.01,13.0,12.98,12.95,12.94,12.93,12.91,12.9,12.85,13.08,13.09,13.2,13.22,13.28,13.29,13.3,13.35,13.36,13.38,700,3600,16200,200,1200,500,1600,300,1300,10700,300,400,1100,1500,2000,800,2500,1700,5000,1000
6.0,13.09,13400,175438.0,13.09,13.03,13.01,13.0,12.98,12.95,12.94,12.93,12.91,12.9,13.19,13.2,13.22,13.28,13.29,13.3,13.35,13.36,13.38,13.39,1500,700,3600,16200,200,1200,500,1600,300,1300,800,1100,1500,2000,800,2500,1700,5000,1000,100
7.0,13.09,13400,175438.0,13.09,13.08,13.03,13.02,13.01,13.0,12.98,12.95,12.94,12.93,13.19,13.2,13.22,13.28,13.29,13.3,13.35,13.36,13.38,13.39,2900,2500,700,21000,3600,16200,200,2200,500,1600,800,1100,1500,2000,800,2500,1700,5000,1000,100
8.0,13.09,13400,175438.0,13.09,13.08,13.03,13.02,13.01,13.0,12.98,12.95,12.94,12.93,13.18,13.19,13.2,13.22,13.28,13.29,13.3,13.35,13.36,13.38,4300,3600,700,21100,3600,16200,200,2200,500,1600,18800,800,21100,1500,2000,800,2500,1700,5000,1000
9.0,13.09,13400,175438.0,13.09,13.08,13.03,13.02,13.01,13.0,12.98,12.96,12.95,12.94,13.13,13.18,13.19,13.2,13.22,13.28,13.29,13.3,13.31,13.35,4400,4600,700,21200,3800,16200,200,200,2200,500,600,18800,800,21100,1500,2000,800,2500,500,1700
10.0,13.09,13800,180674.0,13.09,13.08,13.03,13.02,13.01,13.0,12.98,12.96,12.95,12.94,13.13,13.18,13.19,13.2,13.22,13.28,13.29,13.3,13.31,13.35,9500,5200,700,23100,4000,16200,200,200,2200,500,600,18800,800,21100,1500,2000,800,2500,500,1700
11.0,13.09,16900,221254.0,13.09,13.08,13.03,13.02,13.01,13.0,12.98,12.96,12.95,12.94,13.13,13.18,13.19,13.2,13.22,13.28,13.29,13.3,13.31,13.35,7100,5200,700,22900,4000,16200,200,200,2200,500,700,18800,800,21100,1500,2000,800,2500,500,1700
12.0,13.09,17800,233035.0,13.09,13.08,13.03,13.02,13.01,13.0,12.98,12.96,12.95,12.94,13.13,13.18,13.19,13.2,13.22,13.28,13.29,13.3,13.31,13.35,7700,4400,700,22900,4000,16300,200,200,2200,500,800,18800,800,21100,1500,2000,800,2500,500,1700
13.0,13.13,18700,244848.0,13.09,13.08,13.03,13.02,13.01,13.0,12.98,12.96,12.95,12.94,13.14,13.18,13.19,13.2,13.22,13.27,13.28,13.29,13.3,13.31,7900,3800,700,22900,4000,16300,200,200,2200,500,100,18800,800,21100,1500,1200,2000,800,2500,500
14.0,13.13,25900,339314.0,13.09,13.08,13.03,13.02,13.01,13.0,12.98,12.96,12.95,12.94,13.17,13.18,13.19,13.2,13.22,13.27,13.28,13.29,13.3,13.31,3900,3500,700,22900,4000,16300,200,200,2200,500,7000,19900,800,21100,1500,1200,2000,800,2500,500
15.0,13.09,28600,374657.0,13.08,13.03,13.02,13.01,13.0,12.98,12.96,12.95,12.94,12.93,13.09,13.12,13.13,13.14,13.16,13.17,13.18,13.19,13.2,13.22,3500,700,22900,4000,16300,200,200,2200,500,1600,1300,200,600,200,1200,7400,19200,800,21100,1500
16.0,13.08,32100,420437.0,13.04,13.03,13.02,13.01,13.0,12.98,12.96,12.95,12.94,12.93,13.08,13.09,13.12,13.13,13.14,13.16,13.17,13.18,13.19,13.2,4300,700,22900,4000,16300,200,200,2200,500,1600,300,1500,400,500,200,1200,7200,19200,800,21100
17.0,13.08,32400,424361.0,13.08,13.05,13.04,13.03,13.02,13.01,13.0,12.98,12.96,12.95,13.09,13.12,13.13,13.14,13.16,13.17,13.18,13.19,13.2,13.22,100,500,4300,700,22800,4000,16300,200,200,2200,1500,400,500,200,1200,7200,19200,800,21100,1500
18.0,13.08,32400,424361.0,13.08,13.05,13.04,13.03,13.02,13.01,13.0,12.98,12.96,12.95,13.09,13.12,13.13,13.14,13.16,13.17,13.18,13.19,13.2,13.22,100,500,4300,700,22800,4000,16300,200,200,2200,1500,400,500,200,1200,7200,19200,800,21100,1500
19.0,13.09,32500,425670.0,13.08,13.05,13.04,13.03,13.02,13.01,13.0,12.98,12.96,12.95,13.09,13.12,13.13,13.14,13.16,13.17,13.18,13.19,13.2,13.22,100,500,4300,700,22800,4000,16300,200,200,2200,1400,400,200,200,1200,7200,19200,800,21100,1500
20.0,13.09,32500,425670.0,13.08,13.05,13.04,13.03,13.02,13.01,13.0,12.98,12.96,12.95,13.09,13.12,13.13,13.14,13.16,13.17,13.18,13.19,13.2,13.22,400,500,4300,700,22800,4000,16300,200,200,2200,1400,400,200,200,1200,7200,19200,800,21100,1500
21.0,13.09,32500,425670.0,13.08,13.05,13.04,13.03,13.02,13.01,13.0,12.98,12.96,12.95,13.09,13.12,13.13,13.14,13.16,13.17,13.18,13.19,13.2,13.22,600,500,4300,700,22800,4000,16300,200,200,2200,1400,400,200,200,1200,7200,19200,800,21100,1500
22.0,13.09,33900,443996.0,13.09,13.08,13.05,13.04,13.03,13.02,13.01,13.0,12.98,12.96,13.12,13.13,13.14,13.16,13.17,13.18,13.19,13.2,13.22,13.27,700,700,500,4300,700,22800,4000,16300,200,200,400,200,200,1200,7200,19200,800,21100,1500,1200
23.0,13.09,33900,443996.0,13.09,13.08,13.05,13.04,13.03,13.02,13.01,13.0,12.98,12.96,13.12,13.13,13.14,13.16,13.17,13.18,13.19,13.2,13.22,13.27,900,700,500,4300,700,22700,4000,16300,200,200,400,200,200,1200,7100,19200,800,21100,1500,1200
24.0,13.09,33900,443996.0,13.09,13.08,13.05,13.04,13.03,13.02,13.01,13.0,12.98,12.96,13.12,13.13,13.14,13.16,13.17,13.18,13.19,13.2,13.22,13.27,300,900,500,4300,700,22700,4000,16300,200,200,400,200,200,1200,7100,19200,800,21100,1500,1200
25.0,13.09,33900,443996.0,13.09,13.08,13.05,13.04,13.03,13.02,13.01,13.0,12.98,12.96,13.12,13.13,13.14,13.16,13.17,13.18,13.19,13.2,13.22,13.27,1700,900,500,4300,700,22700,4000,16300,200,200,400,200,200,1200,7100,19200,800,21100,1500,1200
26.0,13.09,33900,443996.0,13.09,13.08,13.05,13.04,13.03,13.02,13.01,13.0,12.98,12.96,13.12,13.13,13.14,13.16,13.17,13.18,13.19,13.2,13.22,13.27,2000,900,500,4300,700,22700,4000,16300,200,200,600,200,200,1200,7100,19200,800,21100,1500,1200
27.0,13.09,33900,443996.0,13.09,13.08,13.05,13.04,13.03,13.02,13.01,13.0,12.98,12.96,13.12,13.13,13.14,13.16,13.17,13.18,13.19,13.2,13.22,13.27,2000,900,500,4300,700,22700,4000,16300,200,200,600,200,200,1200,7100,19200,800,21100,1500,1200
28.0,13.09,33900,443996.0,13.09,13.08,13.05,13.04,13.03,13.02,13.01,13.0,12.98,12.96,13.11,13.12,13.13,13.14,13.16,13.17,13.18,13.19,13.2,13.22,2000,900,1000,4300,900,22700,4000,16300,200,200,100,600,200,200,1300,7100,19200,800,21100,1500
29.0,13.09,34500,451854.0,13.09,13.08,13.05,13.04,13.03,13.02,13.01,13.0,12.98,12.96,13.11,13.12,13.13,13.14,13.16,13.17,13.18,13.19,13.2,13.22,1800,900,1100,4300,900,22700,4000,16300,200,200,300,600,200,200,1300,7100,19200,800,21100,1500
30.0,13.09,34500,451854.0,13.09,13.08,13.05,13.04,13.03,13.02,13.01,13.0,12.98,12.96,13.11,13.12,13.13,13.14,13.16,13.17,13.18,13.19,13.2,13.22,1700,900,1100,4300,900,22700,4000,16300,2200,200,300,600,200,200,1300,7100,19200,800,21100,1500
31.0,13.09,34800,455781.0,13.09,13.08,13.05,13.04,13.03,13.02,13.01,13.0,12.98,12.96,13.11,13.12,13.13,13.14,13.16,13.17,13.18,13.19,13.2,13.22,1400,800,1100,4300,900,22700,4000,16300,2200,200,300,600,200,200,1300,7100,19200,1100,21100,1500
32.0,13.09,35700,467562.0,13.09,13.08,13.05,13.04,13.03,13.02,13.01,13.0,12.98,12.96,13.11,13.12,13.13,13.14,13.16,13.17,13.18,13.19,13.2,13.22,500,800,1100,4300,900,22700,4000,16300,2200,200,500,600,200,200,1300,7100,19300,1100,21100,1500
33.0,13.09,36300,475416.0,13.08,13.05,13.04,13.03,13.02,13.01,13.0,12.98,12.96,12.95,13.09,13.11,13.12,13.13,13.14,13.16,13.17,13.18,13.19,13.2,800,1100,4300,900,22700,4000,16300,2200,200,2200,700,500,600,200,200,1300,7100,19300,1100,21100
34.0,13.08,37200,487189.0,13.06,13.05,13.04,13.03,13.02,13.01,13.0,12.98,12.96,12.95,13.08,13.09,13.11,13.12,13.13,13.14,13.16,13.17,13.18,13.19,100,1200,4300,900,22600,4000,16300,2200,200,2200,200,600,500,600,200,200,1300,7100,19300,1100
35.0,13.09,37400,489807.0,13.06,13.05,13.04,13.03,13.02,13.01,13.0,12.98,12.96,12.95,13.09,13.11,13.12,13.13,13.14,13.16,13.17,13.18,13.19,13.2,100,1100,4300,900,22600,4000,16300,2200,200,2200,1100,500,600,200,200,1300,7100,19100,1100,21100
36.0,13.09,37400,489807.0,13.06,13.05,13.04,13.03,13.02,13.01,13.0,12.98,12.96,12.95,13.08,13.09,13.11,13.12,13.13,13.14,13.16,13.17,13.18,13.19,100,1100,4300,900,22600,4000,16300,2200,200,2200,200,1100,500,600,200,200,1300,7100,19100,1100
37.0,13.09,37400,489807.0,13.06,13.05,13.04,13.03,13.02,13.01,13.0,12.98,12.96,12.95,13.08,13.09,13.11,13.12,13.13,13.14,13.16,13.17,13.18,13.19,100,1100,4300,900,22600,4000,16300,2200,200,2200,200,1100,500,600,200,200,1300,7100,19100,1100
38.0,13.08,37500,491115.0,13.06,13.05,13.04,13.03,13.02,13.01,13.0,12.98,12.96,12.95,13.08,13.09,13.11,13.12,13.13,13.14,13.16,13.17,13.18,13.19,100,1100,4300,900,22600,4000,16300,2200,200,2200,100,500,500,600,200,200,1300,7100,19100,1100
39.0,13.08,37500,491115.0,13.06,13.05,13.04,13.03,13.02,13.01,13.0,12.98,12.96,12.95,13.08,13.09,13.11,13.12,13.13,13.14,13.16,13.17,13.18,13.19,100,1100,4300,900,22600,4000,16300,2200,200,2200,100,500,400,600,200,200,1300,7100,19100,1100
40.0,13.08,37500,491115.0,13.06,13.05,13.04,13.03,13.02,13.01,13.0,12.98,12.96,12.95,13.08,13.09,13.11,13.12,13.13,13.14,13.16,13.17,13.18,13.19,400,1100,4300,900,22600,3800,16300,2200,200,2200,100,500,400,600,200,200,1300,7100,19100,1100
41.0,13.08,37500,491115.0,13.07,13.06,13.05,13.04,13.03,13.02,13.01,13.0,12.98,12.96,13.09,13.11,13.12,13.13,13.14,13.16,13.17,13.18,13.19,13.2,100,1400,100,4300,900,22600,3800,16300,2200,200,200,400,500,200,200,1300,7100,19100,1100,21100
42.0,13.08,37500,491115.0,13.07,13.06,13.05,13.04,13.03,13.02,13.01,13.0,12.98,12.96,13.09,13.11,13.12,13.13,13.14,13.16,13.17,13.18,13.19,13.2,200,1400,100,4300,900,22500,3800,16300,2200,200,200,400,500,200,200,1300,7100,19100,1100,21100
43.0,13.08,37500,491115.0,13.07,13.06,13.05,13.04,13.03,13.02,13.01,13.0,12.98,12.96,13.09,13.11,13.12,13.13,13.14,13.16,13.17,13.18,13.19,13.2,200,1400,100,4300,900,22500,3800,16300,2200,200,200,400,500,200,200,1300,7100,19100,1100,21100
44.0,13.08,37500,491115.0,13.07,13.06,13.05,13.04,13.03,13.02,13.01,13.0,12.98,12.96,13.09,13.11,13.12,13.13,13.14,13.16,13.17,13.18,13.19,13.2,500,1400,100,4300,900,22500,3800,16300,2200,200,200,400,500,200,200,1300,7100,19100,1100,21100
45.0,13.06,39400,515934.0,13.05,13.04,13.03,13.02,13.01,13.0,12.98,12.96,12.95,12.94,13.06,13.09,13.11,13.12,13.13,13.14,13.16,13.17,13.18,13.19,200,4300,900,18500,3800,16300,2200,200,2200,500,9600,200,400,500,200,200,1300,7100,19100,1100
46.0,13.06,49000,641310.0,13.07,13.06,13.05,13.04,13.03,13.02,13.01,13.0,12.98,12.96,13.08,13.09,13.11,13.12,13.13,13.14,13.16,13.17,13.18,13.19,500,100,200,4300,900,18500,3800,16300,2200,200,100,400,400,500,200,200,1300,7100,19100,1100
47.0,13.08,49100,642618.0,13.08,13.07,13.06,13.05,13.04,13.03,13.02,13.01,13.0,12.98,13.09,13.11,13.12,13.13,13.14,13.16,13.17,13.18,13.19,13.2,500,600,100,200,4300,900,18500,3800,16300,2200,400,400,500,200,200,1300,7100,19100,1100,21100
48.0,13.08,49100,642618.0,13.08,13.07,13.06,13.05,13.04,13.03,13.02,13.01,13.0,12.98,13.09,13.11,13.12,13.13,13.14,13.16,13.17,13.18,13.19,13.2,500,600,100,200,4300,900,18500,3800,16300,2200,500,400,500,200,200,1300,7100,19100,1100,21100
49.0,13.08,49100,642618.0,13.08,13.07,13.06,13.05,13.04,13.03,13.02,13.01,13.0,12.98,13.09,13.11,13.12,13.14,13.16,13.17,13.18,13.19,13.2,13.22,500,600,100,200,4300,900,18500,3800,16300,2200,500,400,500,200,1300,7100,19100,1100,21100,1500
50.0,13.06,50600,662224.0,13.05,13.04,13.03,13.02,13.01,13.0,12.98,12.96,12.95,12.94,13.06,13.07,13.08,13.09,13.11,13.12,13.14,13.16,13.17,13.18,200,4300,900,18500,3800,16300,2200,200,2200,500,200,1900,2000,1400,400,500,200,1300,7100,19100
51.0,13.06,50600,662224.0,13.05,13.04,13.03,13.02,13.01,13.0,12.98,12.96,12.95,12.94,13.06,13.07,13.08,13.09,13.11,13.12,13.14,13.16,13.17,13.18,200,4300,900,18500,3800,16300,2200,200,2200,500,200,1900,2000,1400,400,500,200,1300,7100,19100
52.0,13.06,50600,662224.0,13.05,13.04,13.03,13.02,13.01,13.0,12.98,12.96,12.95,12.94,13.06,13.07,13.08,13.09,13.11,13.12,13.14,13.16,13.17,13.18,200,4300,900,18500,3800,16300,2200,200,2200,500,200,1900,2000,1400,400,500,200,1300,7100,19000
53.0,13.06,50600,662224.0,13.05,13.03,13.02,13.01,13.0,12.98,12.96,12.95,12.94,12.93,13.06,13.07,13.08,13.09,13.11,13.12,13.14,13.16,13.17,13.18,200,900,18500,3800,16300,2200,200,2200,500,1600,200,1900,1000,700,400,500,200,1300,7100,19000
54.0,13.06,50600,662224.0,13.05,13.03,13.02,13.01,13.0,12.98,12.96,12.95,12.94,12.93,13.06,13.07,13.08,13.09,13.11,13.12,13.14,13.16,13.17,13.18,300,900,18500,3800,16300,2200,200,2200,500,1600,200,1900,800,700,400,500,200,1300,7100,19000
55.0,13.06,50800,664836.0,13.06,13.05,13.03,13.02,13.01,13.0,12.98,12.96,12.95,12.94,13.07,13.08,13.09,13.11,13.12,13.14,13.16,13.17,13.18,13.19,500,300,900,18500,3800,16300,2200,200,2200,500,1900,800,700,400,500,200,1300,7100,19000,1100
56.0,13.06,50800,664836.0,13.06,13.05,13.03,13.02,13.01,13.0,12.98,12.96,12.95,12.94,13.07,13.08,13.09,13.11,13.12,13.14,13.16,13.17,13.18,13.19,500,200,900,18500,3800,16300,2200,200,2200,500,1900,800,700,400,500,200,1300,7100,19000,1100
57.0,13.06,51300,671368.0,13.06,13.05,13.03,13.02,13.01,13.0,12.98,12.96,12.95,12.94,13.07,13.08,13.09,13.11,13.12,13.14,13.16,13.17,13.18,13.19,200,200,900,18500,3800,16300,2200,200,2200,500,3300,800,600,400,500,200,1300,7100,19000,1100
58.0,13.06,51800,677898.0,13.05,13.03,13.02,13.01,13.0,12.98,12.96,12.95,12.94,12.93,13.06,13.07,13.08,13.09,13.11,13.12,13.14,13.16,13.17,13.18,200,900,18500,3800,16300,2200,200,2200,500,1600,100,3300,800,600,400,500,200,1300,7100,19000
59.0,13.06,51800,677898.0,13.05,13.03,13.02,13.01,13.0,12.98,12.96,12.95,12.94,12.93,13.06,13.07,13.08,13.09,13.11,13.12,13.14,13.16,13.17,13.18,200,900,18500,3800,16300,2200,200,2200,500,1600,1500,3300,800,600,400,500,200,1300,7100,19000
60.0,13.06,51800,677898.0,13.05,13.03,13.02,13.01,13.0,12.98,12.96,12.95,12.94,12.93,13.06,13.07,13.08,13.09,13.11,13.12,13.14,13.16,13.17,13.18,200,900,18500,3800,16300,2200,200,2200,500,1600,1500,3300,800,600,400,500,200,1300,7100,19000
61.0,13.06,51900,679204.0,13.05,13.03,13.02,13.01,13.0,12.98,12.96,12.95,12.94,12.93,13.06,13.07,13.08,13.09,13.11,13.12,13.14,13.16,13.17,13.18,400,900,18500,3800,16300,2200,200,2200,500,1600,1400,3500,800,600,400,500,200,1300,7100,19000
62.0,13.06,52300,684428.0,13.05,13.03,13.02,13.01,13.0,12.98,12.96,12.95,12.94,12.93,13.06,13.07,13.08,13.09,13.11,13.12,13.14,13.16,13.17,13.18,600,900,18500,3800,16300,2200,200,2200,500,1600,1100,3500,800,600,400,500,200,1300,7100,19000
63.0,13.06,52300,684428.0,13.05,13.03,13.02,13.01,13.0,12.98,12.96,12.95,12.94,12.93,13.06,13.07,13.08,13.09,13.11,13.12,13.14,13.16,13.17,13.18,600,900,18500,3800,16300,2200,200,2200,500,1600,1200,3500,800,600,400,500,200,1300,7100,19000
64.0,13.02,64000,836797.0,13.02,13.01,13.0,12.98,12.96,12.95,12.94,12.93,12.91,12.9,13.06,13.07,13.08,13.09,13.11,13.12,13.14,13.16,13.17,13.18,7900,3800,16300,2200,200,2200,500,1600,300,1300,1000,3500,800,600,400,500,200,1300,7100,19000
65.0,13.06,66500,869384.0,13.03,13.02,13.01,13.0,12.98,12.96,12.95,12.94,12.93,12.91,13.06,13.07,13.08,13.09,13.11,13.12,13.14,13.16,13.17,13.18,100,5200,3800,16300,2200,200,2200,500,1600,300,300,3500,800,600,400,500,200,1300,7100,19000
66.0,13.05,67200,878520.0,13.02,13.01,13.0,12.98,12.96,12.95,12.94,12.93,12.91,12.9,13.05,13.06,13.07,13.08,13.09,13.11,13.12,13.14,13.16,13.17,5200,3800,16300,2200,200,2200,500,1600,300,1300,2300,2500,3500,800,600,400,500,200,1300,7100
67.0,13.05,67400,881130.0,13.02,13.01,13.0,12.98,12.96,12.95,12.94,12.93,12.91,12.9,13.05,13.06,13.07,13.08,13.09,13.11,13.12,13.14,13.16,13.17,5200,3800,16300,2200,200,2200,500,1600,300,1300,2100,2500,3500,800,600,400,500,200,1300,7100
68.0,13.02,69400,907181.0,13.01,13.0,12.98,12.96,12.95,12.94,12.93,12.91,12.9,12.86,13.03,13.05,13.07,13.08,13.09,13.11,13.12,13.14,13.16,13.17,3800,16300,2200,200,2200,500,1600,300,1300,2300,2000,1400,3500,800,600,400,500,200,1300,7100
69.0,13.02,69400,907181.0,13.01,13.0,12.98,12.96,12.95,12.94,12.93,12.91,12.9,12.86,13.03,13.05,13.07,13.08,13.09,13.11,13.12,13.14,13.16,13.17,3800,16300,2200,200,2200,500,1600,300,1300,2300,2000,1400,3500,800,600,400,500,200,1300,7100
70.0,13.02,69400,907181.0,13.01,13.0,12.98,12.96,12.95,12.94,12.93,12.91,12.9,12.86,13.03,13.05,13.07,13.08,13.09,13.11,13.12,13.14,13.16,13.17,3800,16300,2200,200,2200,500,1600,300,1300,2300,2000,1400,3500,800,600,400,500,200,1300,7100
71.0,13.03,69600,909787.0,13.02,13.01,13.0,12.98,12.96,12.95,12.94,12.93,12.91,12.9,13.03,13.05,13.07,13.08,13.09,13.11,13.12,13.14,13.16,13.17,1900,3800,16300,2200,200,2200,500,1600,300,1300,1800,1400,3500,800,600,400,500,200,1300,7100
72.0,13.03,69600,909787.0,13.02,13.01,13.0,12.98,12.96,12.95,12.94,12.93,12.91,12.9,13.03,13.05,13.07,13.08,13.09,13.11,13.12,13.14,13.16,13.17,2000,3800,16300,2200,200,2200,500,1600,300,1300,1900,1400,3400,800,600,400,500,200,1300,7100
73.0,13.03,69700,911090.0,13.02,13.01,13.0,12.98,12.96,12.95,12.94,12.93,12.91,12.9,13.03,13.05,13.07,13.08,13.09,13.11,13.12,13.14,13.16,13.17,2000,3800,16300,2200,200,2200,500,1600,300,1300,1800,1400,3400,800,600,400,500,200,1300,7100
74.0,13.03,69900,913696.0,13.02,13.01,13.0,12.98,12.96,12.95,12.94,12.93,12.91,12.9,13.03,13.05,13.07,13.08,13.09,13.11,13.12,13.14,13.16,13.17,2000,3800,16300,2200,200,2200,500,1600,300,1300,100,1400,3400,800,600,400,500,200,1300,6900
75.0,13.03,69900,913696.0,13.02,13.01,13.0,12.98,12.96,12.95,12.94,12.93,12.91,12.9,13.03,13.05,13.07,13.08,13.09,13.11,13.12,13.14,13.16,13.17,2000,3800,16300,2200,200,2200,500,1600,300,1300,100,1400,3400,800,600,400,500,200,1300,6900
76.0,13.03,70000,914999.0,13.02,13.01,13.0,12.98,12.96,12.95,12.94,12.93,12.91,12.9,13.04,13.07,13.08,13.09,13.11,13.12,13.14,13.16,13.17,13.18,2000,3800,16300,2200,200,2200,500,1600,300,1300,200,3200,800,600,400,500,200,1300,6900,18900
77.0,13.04,70200,917607.0,13.03,13.02,13.01,13.0,12.98,12.96,12.95,12.94,12.93,12.91,13.04,13.07,13.08,13.09,13.11,13.12,13.14,13.16,13.17,13.18,200,2000,3800,16300,2200,200,2200,500,1600,300,1600,3200,800,600,400,500,200,1300,6900,18900
78.0,13.04,70300,918911.0,13.03,13.02,13.01,13.0,12.98,12.96,12.95,12.94,12.93,12.91,13.04,13.07,13.08,13.09,13.11,13.12,13.14,13.16,13.17,13.18,200,2000,3800,16300,2200,200,2200,500,1600,300,1500,3200,800,600,400,500,200,1300,6900,18900
79.0,13.02,72300,944953.0,13.02,13.01,13.0,12.98,12.96,12.95,12.94,12.93,12.91,12.9,13.04,13.07,13.08,13.09,13.11,13.12,13.14,13.16,13.17,13.18,300,3800,16300,2200,200,2200,500,1600,300,1300,1500,3200,800,600,400,500,200,1300,6900,18900
80.0,13.03,72400,946256.0,13.02,13.01,13.0,12.98,12.96,12.95,12.94,12.93,12.91,12.9,13.03,13.04,13.07,13.08,13.09,13.11,13.12,13.14,13.16,13.17,300,3800,16300,2200,200,2200,500,1600,300,1300,1500,1600,3200,800,600,400,500,200,1300,6900
81.0,13.03,72600,948862.0,13.02,13.01,13.0,12.98,12.96,12.95,12.94,12.93,12.91,12.9,13.03,13.04,13.07,13.08,13.09,13.11,13.12,13.14,13.16,13.17,300,7100,16300,2200,200,2200,500,1600,300,1300,1300,1700,3200,800,600,400,500,200,1300,6900
82.0,13.03,72700,950165.0,13.02,13.01,13.0,12.98,12.96,12.95,12.94,12.93,12.91,12.9,13.03,13.04,13.07,13.08,13.09,13.11,13.12,13.14,13.16,13.17,300,7100,16300,2200,200,2200,500,1600,300,1300,1200,1900,3200,800,400,400,500,200,1300,6900
83.0,13.03,72900,952771.0,13.02,13.01,13.0,12.98,12.96,12.95,12.94,12.93,12.91,12.9,13.03,13.04,13.07,13.09,13.11,13.12,13.14,13.16,13.17,13.18,300,7100,16300,2200,200,2200,500,1600,300,1300,2100,1900,3200,400,400,500,200,1300,6900,18900
84.0,13.03,72900,952771.0,13.02,13.01,13.0,12.98,12.96,12.95,12.94,12.93,12.91,12.9,13.03,13.04,13.07,13.09,13.11,13.12,13.14,13.16,13.17,13.18,900,7100,16300,2200,200,2200,500,1600,300,1300,2100,1900,3200,400,400,400,200,1300,6900,18900
85.0,13.03,73100,955377.0,13.02,13.01,13.0,12.98,12.96,12.95,12.94,12.93,12.91,12.9,13.03,13.04,13.07,13.09,13.11,13.12,13.14,13.16,13.17,13.18,900,7100,16300,2200,200,2200,500,1700,300,1300,1900,1900,3200,400,400,400,200,1300,6900,18900
86.0,13.03,74700,976225.0,13.02,13.01,13.0,12.98,12.96,12.95,12.94,12.93,12.91,12.9,13.03,13.04,13.07,13.09,13.11,13.12,13.14,13.16,13.17,13.18,1000,7100,16300,2200,200,2200,500,1700,300,1300,2000,400,3200,400,400,400,200,1300,6900,18900
87.0,13.03,74700,976225.0,13.02,13.01,13.0,12.98,12.96,12.95,12.94,12.93,12.91,12.9,13.03,13.04,13.07,13.09,13.11,13.12,13.14,13.16,13.17,13.18,1000,8100,16300,2200,200,2200,500,1700,300,1300,2800,400,3200,400,400,400,200,1300,6900,18900
88.0,13.03,74900,978831.0,13.02,13.01,13.0,12.98,12.96,12.95,12.94,12.93,12.91,12.9,13.03,13.04,13.07,13.09,13.11,13.12,13.14,13.16,13.17,13.18,1000,8100,16300,2200,200,2200,500,1700,300,1300,2600,400,3200,400,400,400,200,1300,6900,18900
89.0,13.03,75100,981437.0,13.02,13.01,13.0,12.98,12.96,12.95,12.94,12.93,12.91,12.9,13.03,13.04,13.07,13.09,13.11,13.12,13.14,13.16,13.17,13.18,1400,8100,16300,2200,200,2200,500,1700,300,1300,2400,400,3200,400,400,400,200,1300,6900,18900
90.0,13.03,75700,989255.0,13.02,13.01,13.0,12.98,12.96,12.95,12.94,12.93,12.91,12.9,13.03,13.04,13.07,13.09,13.11,13.12,13.14,13.16,13.17,13.18,1400,8100,16300,2200,200,2200,500,1700,300,1300,1800,400,3200,400,400,400,200,1300,6900,18900
91.0,13.04,77900,1017925.0,13.04,13.03,13.02,13.01,13.0,12.98,12.96,12.95,12.94,12.93,13.07,13.09,13.11,13.12,13.14,13.16,13.17,13.18,13.19,13.2,2900,4800,1400,8100,16300,2200,200,2200,500,1700,3200,400,400,400,200,1300,6900,18900,1100,21600
92.0,13.07,78300,1023153.0,13.04,13.03,13.02,13.01,13.0,12.98,12.96,12.95,12.94,12.93,13.06,13.07,13.09,13.11,13.12,13.14,13.16,13.17,13.18,13.19,2900,4800,2200,8100,16300,2200,200,2200,500,1700,500,2800,400,400,400,200,1300,6900,18900,1100
93.0,13.07,78300,1023153.0,13.04,13.03,13.02,13.01,13.0,12.98,12.96,12.95,12.94,12.93,13.06,13.07,13.09,13.11,13.12,13.14,13.16,13.17,13.18,13.19,2900,4800,2200,8100,16300,2200,200,2200,500,1700,500,2800,400,400,400,200,1300,6900,18900,1100
94.0,13.07,78300,1023153.0,13.04,13.03,13.02,13.01,13.0,12.98,12.96,12.95,12.94,12.93,13.06,13.07,13.09,13.11,13.12,13.14,13.16,13.17,13.18,13.19,2900,4800,2200,8100,16300,2200,200,2200,500,1700,500,2800,400,400,400,200,2300,6900,18900,1100
95.0,13.07,78300,1023153.0,13.04,13.03,13.02,13.01,13.0,12.98,12.96,12.95,12.94,12.93,13.05,13.06,13.07,13.09,13.11,13.12,13.14,13.16,13.17,13.18,2900,4800,2200,8100,16300,2200,200,2200,500,1700,100,700,2800,400,400,400,200,2300,6900,18900
96.0,13.07,78300,1023153.0,13.04,13.03,13.02,13.01,13.0,12.98,12.96,12.95,12.94,12.93,13.05,13.06,13.07,13.09,13.11,13.12,13.14,13.16,13.17,13.18,2900,4800,2200,8100,16300,2200,200,2200,500,1700,100,700,2800,400,400,400,200,2300,6900,18900
97.0,13.07,78300,1023153.0,13.04,13.03,13.02,13.01,13.0,12.98,12.96,12.95,12.94,12.93,13.05,13.06,13.07,13.09,13.11,13.12,13.14,13.16,13.17,13.18,2900,4800,2200,8100,16300,2200,200,2200,500,1700,100,700,2800,400,400,400,200,2300,6900,18900
98.0,13.07,78300,1023153.0,13.03,13.02,13.01,13.0,12.98,12.96,12.95,12.94,12.93,12.91,13.05,13.06,13.07,13.09,13.11,13.12,13.14,13.16,13.17,13.18,4800,2100,8100,16300,2200,200,2200,500,1700,300,700,400,2800,400,400,400,200,2300,6900,18900
99.0,13.05,78400,1024458.0,13.03,13.02,13.01,13.0,12.98,12.96,12.95,12.94,12.93,12.91,13.05,13.06,13.07,13.09,13.11,13.12,13.14,13.16,13.17,13.18,4800,2100,8100,16300,2200,200,2200,500,1700,300,1600,400,2800,400,400,400,200,2300,6900,18900
100.0,13.05,78400,1024458.0,13.03,13.02,13.01,13.0,12.98,12.96,12.95,12.94,12.93,12.91,13.05,13.06,13.07,13.09,13.11,13.12,13.14,13.16,13.17,13.18,4800,2100,8100,16300,2200,200,2200,500,1700,300,1600,400,2800,400,400,400,200,2300,6900,18900
101.0,13.05,78500,1025763.0,13.03,13.02,13.01,13.0,12.98,12.96,12.95,12.94,12.93,12.91,13.05,13.06,13.07,13.09,13.11,13.12,13.14,13.16,13.17,13.18,1500,2100,8100,16300,2200,200,2200,500,1700,300,1700,400,2800,400,400,400,200,2300,6900,18900
102.0,13.05,78500,1025763.0,13.03,13.02,13.01,13.0,12.98,12.96,12.95,12.94,12.93,12.91,13.05,13.06,13.07,13.09,13.11,13.12,13.14,13.16,13.17,13.18,1500,2100,8100,16300,2200,200,2200,500,1700,300,1700,400,2800,400,400,400,200,2300,6900,18900
103.0,13.05,79700,1041423.0,13.03,13.02,13.01,13.0,12.98,12.96,12.95,12.94,12.93,12.91,13.05,13.06,13.07,13.09,13.11,13.12,13.14,13.16,13.17,13.18,1500,2100,8100,16300,2200,200,2200,500,1700,300,500,400,2800,400,400,400,200,2300,6900,18900
104.0,13.05,79700,1041423.0,13.03,13.02,13.01,13.0,12.98,12.96,12.95,12.94,12.93,12.91,13.05,13.06,13.07,13.09,13.11,13.12,13.14,13.16,13.17,13.18,1700,2100,9100,16300,2200,200,2200,500,1700,300,500,400,2800,400,400,400,200,2300,6900,18800
105.0,13.05,79700,1041423.0,13.03,13.02,13.01,13.0,12.98,12.96,12.95,12.94,12.93,12.91,13.05,13.06,13.07,13.09,13.11,13.12,13.14,13.16,13.17,13.18,1700,2100,9100,16300,2200,200,2200,500,1700,300,500,400,2800,400,400,400,200,2300,6900,18800
106.0,13.05,79700,1041423.0,13.03,13.02,13.01,13.0,12.98,12.96,12.95,12.94,12.93,12.91,13.05,13.06,13.07,13.09,13.11,13.12,13.14,13.16,13.17,13.18,1700,2100,9100,16300,2200,200,2200,500,1700,300,500,400,2800,400,400,400,200,2300,6900,18800
107.0,13.05,79700,1041423.0,13.03,13.02,13.01,13.0,12.98,12.96,12.95,12.94,12.93,12.91,13.05,13.06,13.07,13.09,13.11,13.12,13.14,13.16,13.17,13.18,1700,2100,9100,16300,2400,200,2200,500,1700,300,600,400,2800,400,400,400,200,2300,6900,18800
108.0,13.05,79700,1041423.0,13.03,13.02,13.01,13.0,12.98,12.96,12.95,12.94,12.93,12.91,13.05,13.06,13.07,13.09,13.11,13.12,13.14,13.16,13.17,13.18,1700,2100,9100,16300,2400,200,2200,500,1700,300,600,400,2800,400,400,400,200,2300,6900,18800
109.0,13.05,79700,1041423.0,13.03,13.02,13.01,13.0,12.98,12.96,12.95,12.94,12.93,12.91,13.05,13.06,13.07,13.09,13.11,13.12,13.14,13.16,13.17,13.18,1800,2100,9100,16300,2400,200,2200,500,1700,300,700,400,2800,400,400,400,200,2300,6900,18800
110.0,13.05,79800,1042728.0,13.03,13.02,13.01,13.0,12.98,12.96,12.95,12.94,12.93,12.91,13.05,13.06,13.07,13.09,13.11,13.12,13.14,13.16,13.17,13.18,1800,2000,9100,16300,2400,200,2200,500,1700,300,600,400,2800,400,400,400,200,2300,6900,18800
111.0,13.05,79800,1042728.0,13.03,13.02,13.01,13.0,12.98,12.97,12.96,12.95,12.94,12.93,13.05,13.06,13.07,13.09,13.11,13.12,13.14,13.16,13.17,13.18,1800,2000,9100,16300,2400,500,200,2200,500,1700,600,400,2800,400,400,400,200,2300,6900,18800
112.0,13.05,79800,1042728.0,13.03,13.02,13.01,13.0,12.98,12.97,12.96,12.95,12.94,12.93,13.05,13.06,13.07,13.09,13.11,13.12,13.14,13.16,13.17,13.18,1800,1900,9100,16300,2400,500,200,2200,500,1700,600,400,2800,400,400,400,200,2300,6900,18800
113.0,13.05,79800,1042728.0,13.03,13.02,13.01,13.0,12.98,12.97,12.96,12.95,12.94,12.93,13.05,13.06,13.07,13.09,13.11,13.12,13.14,13.16,13.17,13.18,1800,1900,9100,16300,2400,500,200,2200,500,1700,700,400,2800,400,400,400,200,2300,6900,18800
114.0,13.05,79800,1042728.0,13.03,13.02,13.01,13.0,12.98,12.97,12.96,12.95,12.94,12.93,13.05,13.06,13.07,13.09,13.11,13.12,13.14,13.16,13.17,13.18,1900,1900,9100,16300,2400,500,200,2200,500,1700,700,400,2800,400,400,400,200,2300,6900,18800
115.0,13.05,79800,1042728.0,13.03,13.02,13.01,13.0,12.98,12.97,12.96,12.95,12.94,12.93,13.05,13.06,13.07,13.09,13.11,13.12,13.14,13.16,13.17,13.18,2100,1900,9100,16300,2400,500,200,2200,500,1700,700,400,2800,400,400,400,200,2300,6900,18800
116.0,13.05,79800,1042728.0,13.03,13.02,13.01,13.0,12.98,12.97,12.96,12.95,12.94,12.93,13.05,13.06,13.07,13.09,13.11,13.12,13.14,13.16,13.17,13.18,600,1900,9100,16300,2400,500,200,2200,500,1700,700,400,2800,400,400,400,200,2300,6900,18800
117.0,13.05,79800,1042728.0,13.03,13.02,13.01,13.0,12.98,12.97,12.96,12.95,12.94,12.93,13.05,13.06,13.07,13.09,13.11,13.12,13.14,13.16,13.17,13.18,600,1900,9100,16300,2400,500,200,2200,500,1700,700,400,2800,400,400,400,200,2300,6900,18800
118.0,13.03,79900,1044031.0,13.03,13.02,13.01,13.0,12.98,12.97,12.96,12.95,12.94,12.93,13.05,13.06,13.07,13.09,13.11,13.12,13.14,13.16,13.17,13.18,500,1900,9100,16300,2400,500,200,2200,500,1700,600,400,2800,400,400,400,200,2300,6900,18800
119.0,13.03,79900,1044031.0,13.03,13.02,13.01,13.0,12.98,12.97,12.96,12.95,12.94,12.93,13.05,13.06,13.07,13.09,13.11,13.12,13.14,13.16,13.17,13.18,500,1900,9100,16300,2400,500,200,2200,500,1700,600,400,2800,400,400,400,200,2300,6900,18800
120.0,13.03,79900,1044031.0,13.03,13.02,13.01,13.0,12.98,12.97,12.96,12.95,12.94,12.93,13.05,13.06,13.07,13.09,13.11,13.12,13.14,13.16,13.17,13.18,500,1900,9100,16300,2400,500,200,2200,500,1700,600,400,2800,400,400,400,200,2300,6900,18800
121.0,13.03,79900,1044031.0,13.03,13.02,13.01,13.0,12.98,12.97,12.96,12.95,12.94,12.93,13.04,13.05,13.06,13.07,13.09,13.11,13.12,13.14,13.16,13.17,400,1900,9100,16300,2400,500,200,2200,500,1700,400,700,400,2800,400,400,400,200,2300,6900
122.0,13.03,79900,1044031.0,13.03,13.02,13.01,13.0,12.98,12.97,12.96,12.95,12.94,12.93,13.04,13.05,13.06,13.07,13.09,13.11,13.12,13.14,13.16,13.17,400,1900,9100,16300,2400,500,200,2200,500,1700,400,700,400,2800,400,400,400,200,2300,6900
123.0,13.03,80200,1047940.0,13.03,13.02,13.01,13.0,12.98,12.97,12.96,12.95,12.94,12.93,13.04,13.05,13.06,13.07,13.09,13.11,13.12,13.14,13.16,13.17,100,1900,9100,16300,2400,500,200,2200,500,1700,400,700,400,2800,400,400,400,200,2300,6900
124.0,13.03,80300,1049243.0,13.02,13.01,13.0,12.98,12.97,12.96,12.95,12.94,12.93,12.91,13.03,13.04,13.05,13.06,13.07,13.09,13.11,13.12,13.14,13.16,1900,9100,16300,2400,500,200,2200,500,1700,300,100,500,700,400,2800,400,400,400,200,2300
125.0,13.02,80400,1050545.0,13.02,13.01,13.0,12.98,12.97,12.96,12.95,12.94,12.93,12.91,13.03,13.04,13.05,13.06,13.07,13.09,13.11,13.12,13.14,13.16,2000,9100,16300,2400,500,200,2200,500,1700,300,300,600,700,400,2800,400,400,400,200,2300
126.0,13.02,80400,1050545.0,13.02,13.01,13.0,12.98,12.97,12.96,12.95,12.94,12.93,12.91,13.03,13.04,13.05,13.06,13.07,13.09,13.11,13.12,13.14,13.16,2000,9100,16300,2400,500,200,2200,500,1700,300,300,600,700,400,1800,400,400,400,200,2300
127.0,13.02,80400,1050545.0,13.02,13.01,13.0,12.98,12.97,12.96,12.95,12.94,12.93,12.91,13.03,13.04,13.05,13.06,13.07,13.09,13.11,13.12,13.14,13.16,2000,9100,16300,2400,500,200,2200,500,1700,300,300,600,700,400,1800,400,400,400,200,2300
128.0,13.01,82500,1077884.0,13.01,13.0,12.98,12.97,12.96,12.95,12.94,12.93,12.91,12.9,13.03,13.04,13.05,13.06,13.07,13.09,13.11,13.12,13.14,13.16,8800,16300,2400,500,200,2200,500,1700,300,1300,500,600,600,400,1800,400,400,400,200,2300
129.0,13.01,82500,1077884.0,13.01,13.0,12.98,12.97,12.96,12.95,12.94,12.93,12.91,12.9,13.03,13.04,13.05,13.06,13.07,13.09,13.11,13.12,13.14,13.16,8800,16300,2400,500,200,2200,500,1700,300,1300,1400,600,600,400,1300,400,400,400,200,2300
130.0,13.01,82500,1077884.0,13.01,13.0,12.98,12.97,12.96,12.95,12.94,12.93,12.91,12.9,13.02,13.03,13.04,13.05,13.06,13.07,13.09,13.11,13.12,13.14,8900,16300,2400,500,200,2200,500,1700,300,1300,100,1400,600,600,400,1300,400,400,400,200
131.0,13.01,82700,1080486.0,13.01,13.0,12.98,12.97,12.96,12.95,12.94,12.93,12.91,12.9,13.02,13.03,13.04,13.05,13.06,13.07,13.09,13.11,13.12,13.14,8700,16300,2400,500,200,2200,500,1700,300,1300,100,1500,600,400,400,1300,400,400,400,200
132.0,13.01,85000,1110409.0,13.01,13.0,12.98,12.97,12.96,12.95,12.94,12.93,12.91,12.9,13.02,13.03,13.04,13.05,13.06,13.07,13.09,13.11,13.12,13.14,6400,16300,2400,500,200,2200,500,1700,300,1300,100,1500,600,400,400,1300,400,400,400,200
133.0,13.01,85000,1110409.0,13.01,13.0,12.98,12.97,12.96,12.95,12.94,12.93,12.91,12.9,13.02,13.03,13.04,13.05,13.06,13.07,13.09,13.11,13.12,13.14,6400,16300,2400,500,200,2200,500,1700,300,1300,100,1500,600,400,400,1300,400,400,400,200
134.0,13.01,85300,1114312.0,13.01,13.0,12.98,12.97,12.96,12.95,12.94,12.93,12.91,12.9,13.02,13.03,13.04,13.05,13.06,13.07,13.09,13.11,13.12,13.14,6100,16300,2400,500,200,2200,500,1700,300,1300,100,1500,600,400,400,1300,400,400,400,200
135.0,13.01,85300,1114312.0,13.01,13.0,12.98,12.97,12.96,12.95,12.94,12.93,12.91,12.9,13.02,13.03,13.04,13.05,13.06,13.07,13.09,13.11,13.12,13.14,6100,16300,2400,500,200,2200,500,1700,300,1300,100,1500,600,400,400,1300,400,400,400,200
136.0,13.0,91900,1200173.0,13.0,12.98,12.97,12.96,12.95,12.94,12.93,12.91,12.9,12.86,13.01,13.02,13.03,13.04,13.05,13.06,13.07,13.09,13.11,13.12,15800,2400,500,200,2200,500,1700,300,1300,2300,6100,100,1500,600,400,400,1300,400,400,400
137.0,13.01,109000,1422483.0,12.98,12.97,12.96,12.95,12.94,12.93,12.91,12.9,12.86,12.85,13.0,13.01,13.02,13.03,13.04,13.05,13.06,13.07,13.09,13.11,2400,500,200,2200,500,1700,300,1300,2300,10700,1200,5700,300,1500,500,400,400,1300,400,400
138.0,13.0,109300,1426383.0,12.98,12.97,12.96,12.95,12.94,12.93,12.91,12.9,12.86,12.85,13.0,13.01,13.02,13.03,13.04,13.05,13.06,13.07,13.09,13.11,2400,500,200,2200,500,1700,300,1300,2300,10700,900,5700,400,1500,500,400,400,1300,400,400
139.0,13.01,112200,1464103.0,12.99,12.98,12.97,12.96,12.95,12.94,12.93,12.91,12.9,12.86,13.0,13.01,13.02,13.03,13.04,13.05,13.06,13.07,13.09,13.11,400,2400,500,200,2200,500,1700,300,1300,2300,100,3700,400,1500,500,400,400,1300,400,400
140.0,13.0,112300,1465403.0,12.99,12.98,12.97,12.96,12.95,12.94,12.93,12.92,12.91,12.9,13.01,13.02,13.03,13.04,13.05,13.06,13.07,13.09,13.11,13.12,500,2400,500,200,2200,500,1700,2700,300,1300,3700,400,1500,500,400,400,1300,400,400,400
141.0,13.0,112300,1465403.0,12.99,12.98,12.97,12.96,12.95,12.94,12.93,12.92,12.91,12.9,13.01,13.02,13.03,13.04,13.05,13.06,13.07,13.09,13.11,13.12,500,2400,500,200,2200,500,1700,2700,300,1300,3000,400,1500,500,400,400,1300,400,400,400
142.0,13.0,112300,1465403.0,12.99,12.98,12.97,12.96,12.95,12.94,12.93,12.92,12.91,12.9,13.01,13.02,13.03,13.04,13.05,13.06,13.07,13.09,13.11,13.12,500,2400,500,200,2200,500,1700,2700,300,1300,3000,400,1500,500,400,400,1300,400,400,400
143.0,13.01,112700,1470607.0,12.99,12.98,12.97,12.96,12.95,12.94,12.93,12.92,12.91,12.9,13.01,13.02,13.03,13.04,13.05,13.06,13.07,13.09,13.11,13.12,500,2400,500,200,2200,500,1700,2700,300,1300,2800,300,1300,100,400,400,1300,400,400,400
144.0,13.01,112700,1470607.0,12.99,12.98,12.97,12.96,12.95,12.94,12.93,12.92,12.91,12.9,13.01,13.02,13.03,13.04,13.05,13.06,13.07,13.09,13.11,13.12,600,2400,500,200,2200,500,1700,2700,300,1300,2800,300,1300,100,400,400,1300,400,400,400
145.0,13.01,113200,1477112.0,12.99,12.98,12.97,12.96,12.95,12.94,12.93,12.92,12.91,12.9,13.01,13.02,13.03,13.04,13.05,13.06,13.07,13.09,13.11,13.12,1000,2400,500,200,2200,500,1700,2700,300,1300,2300,300,1300,100,400,400,1300,400,400,400
146.0,13.01,113400,1479714.0,12.99,12.98,12.97,12.96,12.95,12.94,12.93,12.92,12.91,12.9,13.01,13.02,13.03,13.04,13.05,13.06,13.07,13.09,13.11,13.12,1000,2400,500,200,2200,500,1700,2700,300,1300,2100,300,1300,100,400,400,1300,400,400,400
147.0,12.99,113500,1481013.0,12.99,12.98,12.97,12.96,12.95,12.94,12.93,12.92,12.91,12.9,13.01,13.02,13.03,13.04,13.05,13.06,13.07,13.09,13.11,13.12,900,2400,500,200,2200,500,1700,2700,300,1300,2100,300,1300,100,400,400,1300,400,400,400
148.0,12.99,113700,1483611.0,12.99,12.98,12.97,12.96,12.95,12.94,12.93,12.92,12.91,12.9,13.01,13.02,13.03,13.04,13.05,13.06,13.07,13.09,13.11,13.12,800,2400,500,200,2200,500,1700,2700,300,1300,2100,300,1300,100,400,400,1300,400,400,400
149.0,12.99,113700,1483611.0,12.99,12.98,12.97,12.96,12.95,12.94,12.93,12.92,12.91,12.9,13.01,13.02,13.03,13.04,13.05,13.06,13.07,13.09,13.11,13.12,800,2400,500,200,2200,500,1700,2700,300,1300,2100,300,1300,100,400,400,1300,400,400,400
150.0,13.01,113900,1486213.0,12.99,12.98,12.97,12.96,12.95,12.94,12.93,12.92,12.91,12.9,13.01,13.02,13.03,13.04,13.05,13.06,13.07,13.09,13.11,13.12,800,2400,500,200,2200,500,1700,2700,300,1300,3000,300,400,100,200,400,1300,400,400,400
151.0,13.01,113900,1486213.0,12.99,12.98,12.97,12.96,12.95,12.94,12.93,12.92,12.91,12.9,13.01,13.02,13.03,13.04,13.05,13.06,13.07,13.09,13.11,13.12,1000,2400,500,200,2200,500,1700,2700,300,1300,3100,300,400,100,200,400,1300,400,400,400
152.0,12.99,114900,1499203.0,12.98,12.97,12.96,12.95,12.94,12.93,12.92,12.91,12.9,12.86,12.99,13.01,13.02,13.03,13.04,13.05,13.06,13.07,13.09,13.11,2400,500,200,2200,500,1700,2700,300,1300,2300,700,3200,300,300,100,200,400,1300,400,400
153.0,12.99,114900,1499203.0,12.98,12.97,12.96,12.95,12.94,12.93,12.92,12.91,12.9,12.86,12.99,13.0,13.01,13.02,13.03,13.04,13.05,13.06,13.07,13.09,2400,500,200,2200,500,1700,2700,300,1300,2300,700,500,3200,300,300,100,200,400,1300,400
154.0,12.99,115200,1503100.0,12.98,12.97,12.96,12.95,12.94,12.93,12.92,12.91,12.9,12.86,12.99,13.0,13.01,13.02,13.03,13.04,13.05,13.06,13.07,13.09,2400,500,200,2200,500,1700,2700,300,1300,2300,400,500,3200,300,300,100,200,400,1300,400
155.0,12.98,115400,1505696.0,12.98,12.97,12.96,12.95,12.94,12.93,12.92,12.91,12.9,12.86,12.99,13.0,13.01,13.02,13.03,13.04,13.05,13.06,13.07,13.09,2200,500,200,2200,500,1700,2700,300,1300,2300,400,500,3200,300,300,100,200,400,1300,400
156.0,12.99,115800,1510892.0,12.99,12.98,12.97,12.96,12.95,12.94,12.93,12.92,12.91,12.9,13.0,13.01,13.02,13.03,13.04,13.05,13.06,13.07,13.09,13.11,1600,2900,500,200,2200,500,1700,2700,300,1300,1300,3200,300,300,100,200,400,1300,400,400
157.0,12.99,116200,1516091.0,12.99,12.98,12.97,12.96,12.95,12.94,12.93,12.92,12.91,12.9,13.0,13.01,13.02,13.03,13.04,13.05,13.06,13.07,13.09,13.11,1500,2900,500,200,2200,500,1700,2700,300,1300,1000,3200,300,300,100,200,400,1300,400,400
158.0,12.99,116200,1516091.0,12.99,12.98,12.97,12.96,12.95,12.94,12.93,12.92,12.91,12.9,13.0,13.01,13.02,13.03,13.04,13.05,13.06,13.07,13.09,13.11,1500,2900,500,200,2200,500,1700,2700,300,1300,1000,3200,300,300,100,200,400,1300,400,400
159.0,12.99,116200,1516091.0,12.99,12.98,12.97,12.96,12.95,12.94,12.93,12.92,12.91,12.9,13.0,13.01,13.02,13.03,13.04,13.05,13.06,13.07,13.09,13.11,1500,2900,500,200,2200,500,1700,2700,300,1300,1000,3200,300,300,100,200,400,1300,400,400
160.0,12.99,116200,1516091.0,12.99,12.98,12.97,12.96,12.95,12.94,12.93,12.92,12.91,12.9,13.0,13.01,13.02,13.03,13.04,13.05,13.06,13.07,13.09,13.11,1500,2900,500,200,2200,500,1700,2700,300,1300,1000,3200,300,300,100,200,400,1300,400,400
161.0,13.0,116300,1517391.0,12.99,12.98,12.97,12.96,12.95,12.94,12.93,12.92,12.91,12.9,13.0,13.01,13.02,13.03,13.04,13.05,13.06,13.07,13.09,13.11,1500,2900,500,200,2200,500,1700,2700,300,1300,900,3200,300,300,100,200,400,1300,400,400
162.0,12.99,116400,1518690.0,12.99,12.98,12.97,12.96,12.95,12.94,12.93,12.92,12.91,12.9,13.0,13.01,13.02,13.03,13.04,13.05,13.06,13.07,13.09,13.11,1400,2900,500,200,2200,500,1700,2700,300,1300,900,3200,300,300,100,200,400,1300,400,400
163.0,12.99,116400,1518690.0,12.99,12.98,12.97,12.96,12.95,12.94,12.93,12.92,12.91,12.9,13.0,13.01,13.02,13.03,13.04,13.05,13.06,13.07,13.09,13.11,1400,2900,500,200,2200,500,1700,2700,300,1300,900,3200,300,200,100,200,400,1300,400,400
164.0,12.99,116400,1518690.0,12.99,12.98,12.97,12.96,12.95,12.94,12.93,12.92,12.91,12.9,13.0,13.01,13.02,13.03,13.04,13.05,13.06,13.07,13.09,13.11,1400,2900,500,200,2200,500,1700,2700,300,1300,900,3200,300,200,100,200,400,1300,400,400
165.0,12.99,117800,1536876.0,12.98,12.97,12.96,12.95,12.94,12.93,12.92,12.91,12.9,12.86,12.99,13.0,13.01,13.02,13.03,13.04,13.05,13.06,13.07,13.09,2900,500,200,2400,500,1700,2700,300,1300,2300,10600,1000,3100,300,200,100,200,400,1300,400
166.0,12.99,117800,1536876.0,12.98,12.97,12.96,12.95,12.94,12.93,12.92,12.91,12.9,12.86,12.99,13.0,13.01,13.02,13.03,13.04,13.05,13.06,13.07,13.09,2900,500,200,2400,500,1700,2700,300,1300,2300,10600,1000,3100,300,100,100,200,400,1300,400
167.0,12.98,118000,1539472.0,12.98,12.97,12.96,12.95,12.94,12.93,12.92,12.91,12.9,12.86,12.99,13.0,13.01,13.02,13.03,13.04,13.05,13.06,13.07,13.09,16900,500,200,2400,500,1700,2700,300,1300,2300,10700,1100,2900,300,100,100,200,400,1300,400
168.0,12.99,118700,1548565.0,12.98,12.97,12.96,12.95,12.94,12.93,12.92,12.91,12.9,12.86,12.99,13.0,13.01,13.02,13.03,13.04,13.05,13.06,13.07,13.09,16900,500,200,2400,500,1700,2700,300,1300,2300,10900,1100,2800,300,100,100,200,400,1300,400
169.0,12.98,120900,1577136.0,12.98,12.97,12.96,12.95,12.94,12.93,12.92,12.91,12.9,12.86,12.99,13.0,13.01,13.02,13.03,13.04,13.05,13.06,13.07,13.09,16300,500,200,2400,500,1700,2700,300,1300,2300,9400,1100,2800,300,100,100,200,400,1300,400
170.0,13.01,134100,1748669.0,13.01,13.0,12.99,12.98,12.97,12.96,12.95,12.94,12.93,12.92,13.02,13.03,13.04,13.05,13.06,13.07,13.09,13.11,13.12,13.14,1000,500,4500,16400,500,200,2400,500,1700,2700,300,100,100,200,400,1300,400,400,400,200
171.0,13.02,134400,1752575.0,13.02,13.01,13.0,12.99,12.98,12.97,12.96,12.95,12.94,12.93,13.03,13.04,13.05,13.06,13.07,13.09,13.11,13.12,13.14,13.16,400,2900,500,4400,16400,500,200,2400,500,1700,100,100,200,400,1300,400,400,400,200,2300
172.0,13.02,134400,1752575.0,13.02,13.01,13.0,12.99,12.98,12.97,12.96,12.95,12.94,12.93,13.03,13.04,13.05,13.06,13.07,13.09,13.11,13.12,13.14,13.16,400,2900,500,4400,16400,500,200,3800,500,1700,100,100,200,400,1300,400,400,400,200,2300
173.0,13.03,134700,1756484.0,13.02,13.01,12.99,12.98,12.97,12.96,12.95,12.94,12.93,12.92,13.04,13.05,13.06,13.07,13.09,13.11,13.12,13.14,13.16,13.17,400,2900,3600,16400,500,400,3800,500,1700,2700,100,200,400,1300,400,400,400,200,2300,1100
174.0,13.03,134700,1756484.0,13.02,13.01,12.99,12.98,12.97,12.96,12.95,12.94,12.93,12.92,13.04,13.05,13.06,13.07,13.09,13.11,13.12,13.14,13.16,13.17,500,2900,3600,16400,500,400,3800,500,1700,2700,100,200,400,1300,400,400,400,200,2300,1100
175.0,13.03,134700,1756484.0,13.02,13.01,12.99,12.98,12.97,12.96,12.95,12.94,12.93,12.92,13.04,13.05,13.06,13.07,13.09,13.11,13.12,13.14,13.16,13.17,500,2900,3600,16400,500,400,3800,500,1700,2700,100,200,400,1300,400,400,400,200,2300,1100
176.0,13.03,134700,1756484.0,13.02,13.01,12.99,12.98,12.97,12.96,12.95,12.94,12.93,12.92,13.04,13.05,13.06,13.07,13.09,13.11,13.12,13.14,13.16,13.17,500,2900,2400,16400,500,400,3800,500,1700,2700,300,200,400,1300,400,400,400,200,2300,1100
177.0,13.02,134800,1757786.0,13.02,13.01,12.99,12.98,12.97,12.96,12.95,12.94,12.93,12.92,13.04,13.05,13.06,13.07,13.09,13.11,13.12,13.14,13.16,13.17,400,2900,2400,16400,500,400,3800,500,1700,2700,300,200,400,1300,400,400,400,200,2200,1100
178.0,13.02,134800,1757786.0,13.02,13.01,12.99,12.98,12.97,12.96,12.95,12.94,12.93,12.92,13.04,13.05,13.06,13.07,13.09,13.11,13.12,13.14,13.16,13.17,400,2900,2400,16400,500,400,3800,500,1700,2700,300,200,400,1300,400,400,400,200,2200,1100
179.0,13.02,135200,1762994.0,13.01,12.99,12.98,12.97,12.96,12.95,12.94,12.93,12.92,12.91,13.03,13.04,13.05,13.06,13.07,13.09,13.11,13.12,13.14,13.16,2900,2400,16400,500,400,3800,500,1700,2700,4300,800,1400,200,400,1300,400,400,400,200,2200
180.0,13.02,135200,1762994.0,13.01,12.99,12.98,12.97,12.96,12.95,12.94,12.93,12.92,12.91,13.03,13.04,13.05,13.06,13.07,13.09,13.11,13.12,13.14,13.16,2900,2400,16400,500,400,3800,500,1700,2700,4300,800,1400,200,400,1300,400,400,400,200,2200
181.0,13.03,135400,1765600.0,13.01,12.99,12.98,12.97,12.96,12.95,12.94,12.93,12.92,12.91,13.03,13.04,13.05,13.06,13.07,13.09,13.11,13.12,13.14,13.16,2900,2400,16400,500,400,3800,500,1700,2700,4300,700,1400,200,400,1300,400,400,400,200,2200
182.0,13.03,135400,1765600.0,13.01,12.99,12.98,12.97,12.96,12.95,12.94,12.93,12.92,12.91,13.03,13.04,13.05,13.06,13.07,13.09,13.11,13.12,13.14,13.16,2900,2400,16400,500,400,3800,500,1700,2700,4300,800,800,200,400,1300,400,400,400,200,2200
183.0,13.03,135400,1765600.0,13.01,12.99,12.98,12.97,12.96,12.95,12.94,12.93,12.92,12.91,13.03,13.04,13.05,13.06,13.07,13.09,13.11,13.12,13.14,13.16,2900,2400,16400,500,400,3800,500,1700,2700,4300,1600,800,200,400,1300,400,400,400,200,2200
184.0,13.03,135500,1766903.0,13.01,12.99,12.98,12.97,12.96,12.95,12.94,12.93,12.92,12.91,13.03,13.04,13.05,13.06,13.07,13.09,13.11,13.12,13.14,13.16,2900,2400,16400,500,400,3800,500,1700,2700,4300,1500,800,200,400,1300,400,400,400,200,2200
185.0,13.03,135600,1768206.0,13.01,12.99,12.98,12.97,12.96,12.95,12.94,12.93,12.92,12.91,13.03,13.04,13.05,13.06,13.07,13.09,13.11,13.12,13.14,13.16,2900,2400,16400,500,400,3800,500,1700,2700,4300,1400,800,200,400,1300,400,400,400,200,2200
186.0,13.03,135600,1768206.0,13.02,13.01,12.99,12.98,12.97,12.96,12.95,12.94,12.93,12.92,13.03,13.04,13.05,13.06,13.07,13.09,13.11,13.12,13.14,13.16,1200,2900,2400,16400,500,400,3800,500,1700,2700,1400,800,200,400,1300,400,400,400,200,2200
187.0,13.03,135600,1768206.0,13.02,13.01,12.99,12.98,12.97,12.96,12.95,12.94,12.93,12.92,13.03,13.04,13.05,13.06,13.07,13.09,13.11,13.12,13.14,13.16,1200,2900,2400,16400,500,400,3800,500,1700,2700,1400,800,200,400,1300,400,400,400,200,2200
188.0,13.03,135600,1768206.0,13.02,13.01,12.99,12.98,12.97,12.96,12.95,12.94,12.93,12.92,13.03,13.04,13.05,13.06,13.07,13.09,13.11,13.12,13.14,13.16,1200,2900,2400,16400,500,400,3800,500,1700,2700,1400,800,200,400,1300,400,400,400,200,2200
189.0,13.03,135900,1772115.0,13.02,13.01,12.99,12.98,12.97,12.96,12.95,12.94,12.93,12.92,13.03,13.04,13.05,13.06,13.07,13.09,13.11,13.12,13.14,13.16,1200,2900,2400,16400,500,400,3800,500,1700,2700,200,800,200,400,1300,400,400,400,200,2200
190.0,13.03,135900,1772115.0,13.02,13.01,12.99,12.98,12.97,12.96,12.95,12.94,12.93,12.92,13.03,13.04,13.05,13.06,13.07,13.09,13.11,13.12,13.14,13.16,1200,2900,5400,16400,500,400,3800,500,1700,2700,200,700,300,400,1300,400,400,400,200,2200
191.0,13.04,136300,1777329.0,13.03,13.02,13.01,12.99,12.98,12.97,12.96,12.95,12.94,12.93,13.04,13.05,13.06,13.07,13.09,13.11,13.12,13.14,13.16,13.17,800,1200,2900,5400,16400,500,400,3800,500,1700,500,300,400,1300,400,400,400,200,2200,1100
192.0,13.04,136300,1777329.0,13.03,13.02,13.01,12.99,12.98,12.97,12.96,12.95,12.94,12.93,13.04,13.05,13.06,13.07,13.09,13.11,13.12,13.14,13.16,13.17,800,1200,2900,5400,16400,500,400,3800,500,1700,500,300,400,1300,400,400,400,200,2200,1100
193.0,13.03,136700,1782542.0,13.03,13.02,13.01,12.99,12.98,12.97,12.96,12.95,12.94,12.93,13.04,13.05,13.06,13.07,13.09,13.11,13.12,13.14,13.16,13.17,500,1200,2900,5400,16400,500,400,3800,500,1700,400,300,400,1300,400,400,400,200,2200,1100
194.0,13.03,137200,1789057.0,13.02,13.01,12.99,12.98,12.97,12.96,12.95,12.94,12.93,12.92,13.04,13.05,13.06,13.07,13.09,13.11,13.12,13.14,13.16,13.17,1200,2900,5400,16400,500,400,3800,500,1700,2700,500,300,400,1300,400,400,400,200,2200,1100
195.0,13.03,137200,1789057.0,13.02,13.01,12.99,12.98,12.97,12.96,12.95,12.94,12.93,12.92,13.04,13.05,13.06,13.07,13.09,13.11,13.12,13.14,13.16,13.17,1200,2900,5400,16400,500,400,3800,500,1700,2700,500,300,400,1300,400,400,400,200,2200,1100
196.0,13.03,137200,1789057.0,13.02,13.01,12.99,12.98,12.97,12.96,12.95,12.94,12.93,12.92,13.04,13.05,13.06,13.07,13.09,13.11,13.12,13.14,13.16,13.17,1200,2900,5400,16400,500,400,3800,500,1700,2700,500,300,400,1300,400,400,400,200,2200,1100
197.0,13.03,137300,1790360.0,13.03,13.02,13.01,12.99,12.98,12.97,12.96,12.95,12.94,12.93,13.04,13.05,13.06,13.07,13.09,13.11,13.12,13.14,13.16,13.17,3100,1200,2900,5400,16400,500,400,3800,500,1700,1100,300,400,1300,400,400,400,200,2200,1100
198.0,13.03,137300,1790360.0,13.03,13.02,13.01,12.99,12.98,12.97,12.96,12.95,12.94,12.93,13.04,13.05,13.06,13.07,13.09,13.11,13.12,13.14,13.16,13.17,3100,1200,2900,5400,16400,500,400,3800,500,1700,1000,300,400,1300,400,400,400,200,2200,1100
199.0,13.04,137500,1792968.0,13.03,13.02,13.01,13.0,12.99,12.98,12.97,12.96,12.95,12.94,13.04,13.05,13.06,13.07,13.09,13.11,13.12,13.14,13.16,13.17,3100,1200,2900,300,5400,16400,500,400,3800,500,800,300,500,1300,400,400,400,200,2200,1100
200.0,13.04,137500,1792968.0,13.03,13.02,13.01,13.0,12.99,12.98,12.97,12.96,12.95,12.94,13.04,13.05,13.06,13.07,13.09,13.11,13.12,13.14,13.16,13.17,3100,1200,2900,300,5400,16400,500,400,3800,500,800,300,500,1300,400,400,400,200,2200,1100
201.0,13.04,137500,1792968.0,13.03,13.02,13.01,13.0,12.99,12.98,12.97,12.96,12.95,12.94,13.04,13.05,13.06,13.07,13.09,13.11,13.12,13.14,13.16,13.17,3100,1200,2900,300,5400,16400,500,400,3800,500,900,300,500,1300,400,400,400,200,2200,1100
202.0,13.04,137500,1792968.0,13.03,13.02,13.01,13.0,12.99,12.98,12.97,12.96,12.95,12.94,13.04,13.05,13.06,13.07,13.09,13.11,13.12,13.14,13.16,13.17,3100,1200,2900,300,5400,16400,500,400,3800,500,900,300,500,1300,400,400,400,200,2200,1100
203.0,13.03,138400,1804695.0,13.03,13.02,13.01,13.0,12.99,12.98,12.97,12.96,12.95,12.94,13.04,13.05,13.06,13.07,13.09,13.11,13.12,13.14,13.16,13.17,2200,1200,2900,300,5400,16400,500,400,3800,500,900,300,500,1300,400,400,400,200,2200,1100
204.0,13.03,138900,1811210.0,13.03,13.02,13.01,13.0,12.99,12.98,12.97,12.96,12.95,12.94,13.04,13.05,13.06,13.07,13.09,13.11,13.12,13.14,13.16,13.17,1800,1200,2900,300,5400,16400,500,400,3800,500,900,300,500,1300,400,400,400,200,2200,1100
205.0,13.04,139000,1812514.0,13.03,13.02,13.01,13.0,12.99,12.98,12.97,12.96,12.95,12.94,13.04,13.05,13.06,13.07,13.09,13.11,13.12,13.14,13.16,13.17,1800,1200,2900,300,5400,16400,500,400,3800,500,800,300,500,1300,400,400,400,200,2200,1100
206.0,13.03,140000,1825544.0,13.03,13.02,13.01,13.0,12.99,12.98,12.97,12.96,12.95,12.94,13.04,13.05,13.06,13.07,13.09,13.11,13.12,13.14,13.16,13.17,800,1200,2900,300,5400,16400,500,400,3800,500,1600,300,500,1300,400,400,400,200,2200,1100
207.0,13.03,140000,1825544.0,13.03,13.02,13.01,13.0,12.99,12.98,12.97,12.96,12.95,12.94,13.04,13.05,13.06,13.07,13.09,13.11,13.12,13.14,13.16,13.17,800,1200,2900,300,5400,16400,500,400,3800,500,1600,300,500,1300,400,400,400,200,2200,1100
208.0,13.03,140000,1825544.0,13.03,13.02,13.01,13.0,12.99,12.98,12.97,12.96,12.95,12.94,13.04,13.05,13.06,13.07,13.09,13.11,13.12,13.14,13.16,13.17,800,1200,2900,300,5400,16400,500,400,3800,500,1600,300,500,1300,400,400,400,200,2200,1100
209.0,13.03,140900,1837272.0,13.02,13.01,13.0,12.99,12.98,12.97,12.96,12.95,12.94,12.93,13.03,13.04,13.05,13.06,13.07,13.09,13.11,13.12,13.14,13.16,1200,2900,300,5400,16400,500,400,3800,500,1700,300,2300,300,500,1300,400,400,400,200,2200
210.0,13.03,140900,1837272.0,13.02,13.01,13.0,12.99,12.98,12.97,12.96,12.95,12.94,12.93,13.03,13.04,13.05,13.06,13.07,13.09,13.11,13.12,13.14,13.16,1200,2900,300,5400,16400,500,400,3800,500,1700,300,2300,300,500,1300,400,400,400,200,2200
211.0,13.03,140900,1837272.0,13.02,13.01,13.0,12.99,12.98,12.97,12.96,12.95,12.94,12.93,13.03,13.04,13.05,13.06,13.07,13.09,13.11,13.12,13.14,13.16,1200,2900,300,5400,16400,500,400,3800,500,1700,300,2300,300,500,1300,400,400,400,200,2200
212.0,13.03,140900,1837272.0,13.02,13.01,13.0,12.99,12.98,12.97,12.96,12.95,12.94,12.93,13.03,13.04,13.05,13.06,13.07,13.09,13.11,13.12,13.14,13.16,2100,2900,300,5400,16400,500,400,3800,500,1700,300,900,300,500,1300,400,400,400,200,2200
213.0,13.03,140900,1837272.0,13.02,13.01,13.0,12.99,12.98,12.97,12.96,12.95,12.94,12.93,13.03,13.04,13.05,13.06,13.07,13.09,13.11,13.12,13.14,13.16,2100,2900,300,5400,16400,500,400,3800,500,1700,300,900,300,500,1300,400,400,400,200,2200
214.0,13.03,141100,1839878.0,13.02,13.01,13.0,12.99,12.98,12.97,12.96,12.95,12.94,12.93,13.03,13.04,13.05,13.06,13.07,13.09,13.11,13.12,13.14,13.16,2100,2900,300,5400,16400,500,400,13800,500,1700,100,900,300,500,1300,400,400,400,200,2200
215.0,13.03,141200,1841181.0,13.03,13.02,13.01,13.0,12.99,12.98,12.97,12.96,12.95,12.94,13.04,13.05,13.06,13.07,13.09,13.11,13.12,13.14,13.16,13.17,800,2100,2900,300,5400,16400,500,400,13800,500,900,300,500,1300,400,400,400,200,2200,1100
216.0,13.04,141500,1845093.0,13.03,13.02,13.01,13.0,12.99,12.98,12.97,12.96,12.95,12.94,13.04,13.05,13.06,13.07,13.09,13.11,13.12,13.14,13.16,13.17,900,2100,2900,300,5400,16400,500,400,13800,500,600,300,500,1300,400,400,400,200,2200,1100
217.0,13.04,141500,1845093.0,13.03,13.02,13.01,13.0,12.99,12.98,12.97,12.96,12.95,12.94,13.04,13.05,13.06,13.07,13.09,13.11,13.12,13.14,13.16,13.17,1000,2400,2900,300,5400,16400,500,400,13800,500,600,300,500,1300,400,400,400,200,2200,1100
218.0,13.04,141500,1845093.0,13.03,13.02,13.01,13.0,12.99,12.98,12.97,12.96,12.95,12.94,13.04,13.05,13.06,13.07,13.09,13.11,13.12,13.14,13.16,13.17,1000,2400,2900,300,5400,16400,500,400,13800,500,600,300,500,1300,400,400,400,200,2200,1100
219.0,13.04,141500,1845093.0,13.03,13.02,13.01,13.0,12.99,12.98,12.97,12.96,12.95,12.94,13.04,13.05,13.06,13.07,13.09,13.11,13.12,13.14,13.16,13.17,1000,2400,2900,300,5400,16400,500,400,13800,500,600,300,500,1300,400,400,400,200,2200,1100
220.0,13.04,141700,1847701.0,13.03,13.02,13.01,13.0,12.99,12.98,12.97,12.96,12.95,12.94,13.04,13.05,13.06,13.07,13.09,13.11,13.12,13.14,13.16,13.17,1000,2400,2900,300,5400,16400,500,800,13800,500,400,300,500,1300,400,400,400,200,2200,1100
221.0,13.04,141700,1847701.0,13.03,13.02,13.01,13.0,12.99,12.98,12.97,12.96,12.95,12.94,13.04,13.05,13.06,13.07,13.09,13.11,13.12,13.14,13.16,13.17,1000,2400,2900,300,5400,16400,500,800,13800,500,400,300,500,1300,400,400,400,200,2200,1100
222.0,13.04,141700,1847701.0,13.03,13.02,13.01,13.0,12.99,12.98,12.97,12.96,12.95,12.94,13.04,13.05,13.06,13.07,13.09,13.11,13.12,13.14,13.16,13.17,1000,2400,2900,300,5400,16400,500,800,13800,500,400,300,500,1300,400,400,400,200,2200,1100
223.0,13.04,141700,1847701.0,13.03,13.02,13.01,13.0,12.99,12.98,12.97,12.96,12.95,12.94,13.04,13.05,13.06,13.07,13.09,13.11,13.12,13.14,13.16,13.17,1000,2400,2900,300,5400,16400,500,800,13800,500,400,300,500,1300,400,400,400,200,2200,1100
224.0,13.04,141700,1847701.0,13.03,13.02,13.01,13.0,12.99,12.98,12.97,12.96,12.95,12.94,13.04,13.05,13.06,13.07,13.09,13.11,13.12,13.14,13.16,13.17,1000,2400,2900,300,5400,16400,500,800,13800,500,1000,300,500,1300,400,400,400,200,2200,1100
225.0,13.04,141800,1849005.0,13.03,13.02,13.01,13.0,12.99,12.98,12.97,12.96,12.95,12.94,13.04,13.05,13.06,13.07,13.09,13.11,13.12,13.14,13.16,13.17,1000,2400,2900,300,5400,16400,500,800,13800,500,900,300,500,1300,400,400,400,200,2200,1100
226.0,13.04,141800,1849005.0,13.03,13.02,13.01,13.0,12.99,12.98,12.97,12.96,12.95,12.94,13.04,13.05,13.06,13.07,13.09,13.11,13.12,13.14,13.16,13.17,1000,2400,2900,300,5400,16400,500,800,13800,500,1000,300,500,1300,400,400,400,200,2200,1100
227.0,13.04,141800,1849005.0,13.03,13.02,13.01,13.0,12.99,12.98,12.97,12.96,12.95,12.94,13.04,13.05,13.06,13.07,13.09,13.11,13.12,13.14,13.16,13.17,1000,2400,2900,300,5400,16400,500,800,13800,500,2000,300,500,1300,400,400,400,200,2200,1100
228.0,13.04,142600,1859437.0,13.03,13.02,13.01,13.0,12.99,12.98,12.97,12.96,12.95,12.94,13.04,13.05,13.06,13.07,13.09,13.11,13.12,13.14,13.16,13.17,1000,2400,2900,300,5400,16400,500,800,13800,500,1200,300,500,1300,400,400,400,200,2200,1100
229.0,13.04,142600,1859437.0,13.03,13.02,13.01,13.0,12.99,12.98,12.97,12.96,12.95,12.94,13.04,13.05,13.06,13.07,13.09,13.11,13.12,13.14,13.16,13.17,1000,2400,2900,300,5400,16400,500,800,13800,500,1200,300,500,1300,400,400,400,200,2200,1100
230.0,13.03,143200,1867255.0,13.03,13.02,13.01,13.0,12.99,12.98,12.97,12.96,12.95,12.94,13.04,13.05,13.06,13.07,13.09,13.11,13.12,13.14,13.16,13.17,400,2400,2900,300,5400,16400,500,800,13800,500,1200,300,500,1300,400,400,400,200,2200,1100
231.0,13.03,143400,1869861.0,13.03,13.02,13.01,13.0,12.99,12.98,12.97,12.96,12.95,12.94,13.04,13.05,13.06,13.07,13.09,13.11,13.12,13.14,13.16,13.17,200,2400,2900,300,5400,16400,500,800,13800,500,1200,300,500,1300,400,400,400,200,2200,1100
232.0,13.04,143500,1871165.0,13.03,13.02,13.01,13.0,12.99,12.98,12.97,12.96,12.95,12.94,13.04,13.05,13.06,13.07,13.09,13.11,13.12,13.14,13.16,13.17,400,2400,2900,300,5400,16400,500,800,13800,500,1100,300,500,1300,400,400,400,200,2200,1100
233.0,13.03,143900,1876377.0,13.02,13.01,13.0,12.99,12.98,12.97,12.96,12.95,12.94,12.93,13.03,13.04,13.05,13.06,13.07,13.09,13.11,13.12,13.14,13.16,2400,2900,300,5400,16400,500,800,13800,500,1700,100,1100,300,500,1300,400,400,400,200,2200
234.0,13.03,144000,1877680.0,13.02,13.01,13.0,12.99,12.98,12.97,12.96,12.95,12.94,12.93,13.04,13.05,13.06,13.07,13.09,13.11,13.12,13.14,13.16,13.17,2400,2900,300,5400,16400,500,800,13800,500,1700,1100,300,500,1300,400,400,400,200,2200,1100
235.0,13.02,144300,1881590.0,13.02,13.01,13.0,12.99,12.98,12.97,12.96,12.95,12.94,12.93,13.04,13.05,13.06,13.07,13.09,13.11,13.12,13.14,13.16,13.17,2400,2900,300,5400,16400,500,800,13800,500,1700,1000,300,500,1300,400,400,400,200,2200,1100
236.0,13.02,144900,1889402.0,13.02,13.01,13.0,12.99,12.98,12.97,12.96,12.95,12.94,12.93,13.04,13.05,13.06,13.07,13.09,13.11,13.12,13.14,13.16,13.17,1800,2900,300,5400,16400,500,800,13800,500,1700,1000,300,500,1300,400,400,400,200,2200,1100
237.0,13.02,144900,1889402.0,13.02,13.01,13.0,12.99,12.98,12.97,12.96,12.95,12.94,12.93,13.04,13.05,13.06,13.07,13.09,13.11,13.12,13.14,13.16,13.17,1800,2900,300,5400,16400,500,800,13800,500,1700,1000,300,500,1300,400,400,400,200,2200,1100
238.0,13.02,144900,1889402.0,13.02,13.01,13.0,12.99,12.98,12.97,12.96,12.95,12.94,12.93,13.04,13.05,13.06,13.07,13.09,13.11,13.12,13.14,13.16,13.17,1900,2900,300,5400,15500,500,800,13800,500,1700,1200,300,500,1300,400,400,400,200,2200,1100
239.0,13.04,145000,1890706.0,13.02,13.01,13.0,12.99,12.98,12.97,12.96,12.95,12.94,12.93,13.04,13.05,13.06,13.07,13.09,13.11,13.12,13.14,13.16,13.17,1900,2900,300,5400,15500,500,800,13800,500,1700,1100,300,500,1300,400,400,400,200,2200,1100
240.0,13.04,145200,1893314.0,13.02,13.01,13.0,12.99,12.98,12.97,12.96,12.95,12.94,12.93,13.04,13.05,13.06,13.07,13.09,13.11,13.12,13.14,13.16,13.17,1900,2900,300,5400,15500,500,800,13800,500,1700,900,300,500,1300,400,400,400,200,2200,1100
241.0,13.04,145200,1893314.0,13.02,13.01,13.0,12.99,12.98,12.97,12.96,12.95,12.94,12.93,13.04,13.05,13.06,13.07,13.09,13.11,13.12,13.14,13.16,13.17,2200,2900,300,5400,15500,500,800,13800,500,1700,1100,300,500,1300,400,400,400,200,2200,1100
242.0,13.04,145200,1893314.0,13.02,13.01,13.0,12.99,12.98,12.97,12.96,12.95,12.94,12.93,13.04,13.05,13.06,13.07,13.09,13.11,13.12,13.14,13.16,13.17,2300,2900,15300,5400,15500,500,800,13800,500,1700,1000,300,500,1300,400,400,400,200,2200,1100
243.0,13.02,145500,1897224.0,13.02,13.01,13.0,12.99,12.98,12.97,12.96,12.95,12.94,12.93,13.04,13.05,13.06,13.07,13.09,13.11,13.12,13.14,13.16,13.17,2300,2900,15300,5400,15500,500,800,13800,500,1700,800,300,600,1300,400,400,400,200,2200,1100
244.0,13.04,145800,1901136.0,13.02,13.01,13.0,12.99,12.98,12.97,12.96,12.95,12.94,12.93,13.04,13.05,13.06,13.07,13.09,13.11,13.12,13.14,13.16,13.17,2300,2900,15300,5400,15500,500,800,13800,500,1700,500,300,600,1300,400,400,400,200,2200,1100
245.0,13.04,145800,1901136.0,13.03,13.02,13.01,13.0,12.99,12.98,12.97,12.96,12.95,12.94,13.04,13.05,13.06,13.07,13.09,13.11,13.12,13.14,13.16,13.17,100,2300,2900,15300,5400,15500,500,800,13800,500,500,300,600,1300,400,400,400,200,2200,1100
246.0,13.04,145800,1901136.0,13.03,13.02,13.01,13.0,12.99,12.98,12.97,12.96,12.95,12.94,13.04,13.05,13.06,13.07,13.09,13.11,13.12,13.14,13.16,13.17,100,2300,2900,15300,5400,15500,500,800,13800,500,500,300,600,1300,400,400,400,200,2200,1100
247.0,13.04,145800,1901136.0,13.03,13.02,13.01,13.0,12.99,12.98,12.97,12.96,12.95,12.94,13.04,13.05,13.06,13.07,13.09,13.11,13.12,13.14,13.16,13.17,100,2300,2900,15300,5400,15500,500,800,13800,500,500,300,600,1300,400,400,400,200,2200,1100
248.0,13.04,145800,1901136.0,13.03,13.02,13.01,13.0,12.99,12.98,12.97,12.96,12.95,12.94,13.04,13.05,13.06,13.07,13.09,13.11,13.12,13.14,13.16,13.17,100,2300,3800,15300,5400,15500,500,800,13800,500,500,300,600,1300,400,400,400,200,2200,1100
249.0,13.04,145800,1901136.0,13.03,13.02,13.01,13.0,12.99,12.98,12.97,12.96,12.95,12.94,13.04,13.05,13.06,13.07,13.09,13.11,13.12,13.14,13.16,13.17,100,2300,3800,15300,5400,15500,500,800,13800,500,500,300,600,1300,400,400,400,200,2200,1100
250.0,13.04,145800,1901136.0,13.03,13.02,13.01,13.0,12.99,12.98,12.97,12.96,12.95,12.94,13.04,13.05,13.06,13.07,13.09,13.11,13.12,13.14,13.16,13.17,100,2300,3800,15300,5400,15500,500,800,13800,500,500,300,600,1300,400,400,400,200,2200,1100
251.0,13.04,145900,1902440.0,13.03,13.02,13.01,13.0,12.99,12.98,12.97,12.96,12.95,12.94,13.04,13.05,13.06,13.07,13.09,13.11,13.12,13.14,13.16,13.17,200,2300,3800,15300,5200,15500,500,800,13800,500,500,300,600,1300,400,400,400,200,2200,1100
252.0,13.04,145900,1902440.0,13.03,13.02,13.01,13.0,12.99,12.98,12.97,12.96,12.95,12.94,13.04,13.05,13.06,13.07,13.09,13.11,13.12,13.14,13.16,13.17,200,2300,3800,15300,5200,15500,500,800,13800,500,500,300,600,1300,400,400,400,200,2200,1100
253.0,13.04,145900,1902440.0,13.03,13.02,13.01,13.0,12.99,12.98,12.97,12.96,12.95,12.94,13.04,13.05,13.06,13.07,13.09,13.11,13.12,13.14,13.16,13.17,400,2300,3800,15300,5200,15500,500,800,13800,500,500,300,600,1300,400,400,400,200,2200,1100
254.0,13.04,145900,1902440.0,13.03,13.02,13.01,13.0,12.99,12.98,12.97,12.96,12.95,12.94,13.04,13.05,13.06,13.07,13.09,13.11,13.12,13.14,13.16,13.17,400,2300,3800,15300,5200,15500,500,800,13800,500,500,300,600,1300,400,400,400,200,2200,1100
255.0,13.04,145900,1902440.0,13.03,13.02,13.01,13.0,12.99,12.98,12.97,12.96,12.95,12.94,13.04,13.05,13.06,13.07,13.09,13.11,13.12,13.14,13.16,13.17,400,2300,3800,15300,5200,15500,500,800,13800,500,500,300,600,1300,400,400,400,200,2200,1100
256.0,13.04,145900,1902440.0,13.03,13.02,13.01,13.0,12.99,12.98,12.97,12.96,12.95,12.94,13.04,13.05,13.06,13.07,13.09,13.11,13.12,13.14,13.16,13.17,400,2300,3800,15300,5200,15500,500,800,13800,500,500,300,600,1300,400,400,400,200,2200,1100
257.0,13.04,145900,1902440.0,13.03,13.02,13.01,13.0,12.99,12.98,12.97,12.96,12.95,12.94,13.04,13.05,13.06,13.07,13.09,13.11,13.12,13.14,13.16,13.17,400,2300,3800,15300,5200,15500,500,800,13800,500,500,300,600,1300,400,400,400,200,2200,1100
258.0,13.04,145900,1902440.0,13.03,13.02,13.01,13.0,12.99,12.98,12.97,12.96,12.95,12.94,13.04,13.05,13.06,13.07,13.09,13.11,13.12,13.14,13.16,13.17,400,2300,3800,15300,5200,15500,500,800,13800,500,500,300,600,1300,400,400,400,200,2200,1100
259.0,13.04,145900,1902440.0,13.03,13.02,13.01,13.0,12.99,12.98,12.97,12.96,12.95,12.94,13.04,13.05,13.06,13.07,13.09,13.11,13.12,13.14,13.16,13.17,400,2300,3800,15300,5400,15500,500,800,13800,500,500,300,600,1300,400,400,400,200,2200,1100
260.0,13.04,145900,1902440.0,13.03,13.02,13.01,13.0,12.99,12.98,12.97,12.96,12.95,12.94,13.04,13.05,13.06,13.07,13.09,13.11,13.12,13.14,13.16,13.17,400,2300,3800,15300,5400,15500,500,800,13800,500,500,300,600,1300,400,400,400,200,2200,1100
261.0,13.03,146400,1908955.0,13.03,13.02,13.01,13.0,12.99,12.98,12.97,12.96,12.95,12.94,13.04,13.05,13.06,13.07,13.09,13.11,13.12,13.14,13.16,13.17,200,1900,3800,15300,5400,15500,500,800,13800,500,500,300,600,1300,400,400,400,200,2200,1100
262.0,13.03,146900,1915470.0,13.02,13.01,13.0,12.99,12.98,12.97,12.96,12.95,12.94,12.93,13.04,13.05,13.06,13.07,13.09,13.11,13.12,13.14,13.16,13.17,1900,3800,15300,5400,15500,500,800,13800,500,1700,500,300,600,1300,400,400,400,200,2200,1100
263.0,13.04,147000,1916774.0,13.03,13.02,13.01,13.0,12.99,12.98,12.97,12.96,12.95,12.94,13.04,13.05,13.06,13.07,13.09,13.11,13.12,13.14,13.16,13.17,300,1900,3800,15300,5400,15500,500,800,13800,500,1700,300,600,1300,400,400,400,200,2200,1100
264.0,13.04,147000,1916774.0,13.03,13.02,13.01,13.0,12.99,12.98,12.97,12.96,12.95,12.94,13.04,13.05,13.06,13.07,13.09,13.11,13.12,13.14,13.16,13.17,300,2000,3800,15300,5400,15500,500,800,13800,500,1700,300,600,1300,400,400,400,200,2200,1100
265.0,13.04,147000,1916774.0,13.03,13.02,13.01,13.0,12.99,12.98,12.97,12.96,12.95,12.94,13.04,13.05,13.06,13.07,13.09,13.11,13.12,13.14,13.16,13.17,400,1900,3800,15300,5400,15500,500,800,13800,500,1700,300,600,1300,400,400,400,200,2200,1100
266.0,13.04,147200,1919382.0,13.03,13.02,13.01,13.0,12.99,12.98,12.97,12.96,12.95,12.94,13.04,13.05,13.06,13.07,13.09,13.11,13.12,13.14,13.16,13.17,400,1900,3800,15300,5400,15500,500,800,13800,500,1500,300,600,1300,400,400,400,200,2200,1100
267.0,13.03,147300,1920685.0,13.03,13.02,13.01,13.0,12.99,12.98,12.97,12.96,12.95,12.94,13.04,13.05,13.06,13.07,13.09,13.11,13.12,13.14,13.16,13.17,300,1900,3800,15300,5400,15500,500,800,13800,500,1500,300,600,1300,400,400,400,200,2200,1100
268.0,13.03,147300,1920685.0,13.03,13.02,13.01,13.0,12.99,12.98,12.97,12.96,12.95,12.94,13.04,13.05,13.06,13.07,13.09,13.11,13.12,13.14,13.16,13.17,300,1900,3800,15300,5400,15500,500,800,13800,500,1500,300,600,1300,400,400,400,200,2200,1100
269.0,13.03,147300,1920685.0,13.03,13.02,13.01,13.0,12.99,12.98,12.97,12.96,12.95,12.94,13.04,13.05,13.06,13.07,13.09,13.11,13.12,13.14,13.16,13.17,300,1900,3800,15300,5400,15500,500,800,13800,500,2300,300,600,1300,400,400,400,200,2200,1100
270.0,13.04,147500,1923293.0,13.03,13.02,13.01,13.0,12.99,12.98,12.97,12.96,12.95,12.94,13.04,13.05,13.06,13.07,13.09,13.11,13.12,13.14,13.16,13.17,300,1900,3800,15300,5400,15500,500,800,13800,500,2100,300,600,1300,400,400,400,200,2200,1100
271.0,13.04,147500,1923293.0,13.03,13.02,13.01,13.0,12.99,12.98,12.97,12.96,12.95,12.94,13.04,13.05,13.06,13.07,13.09,13.11,13.12,13.14,13.16,13.17,300,1900,3800,15300,5400,15500,500,800,13800,500,2100,300,600,1300,400,400,400,200,2200,1100
272.0,13.04,147500,1923293.0,13.03,13.02,13.01,13.0,12.99,12.98,12.97,12.96,12.95,12.94,13.04,13.05,13.06,13.07,13.09,13.11,13.12,13.14,13.16,13.17,300,1900,3800,15300,5400,15500,500,800,13800,500,2100,300,600,1300,400,400,400,200,2200,1100
273.0,13.03,148000,1929812.0,13.03,13.02,13.01,13.0,12.99,12.98,12.97,12.96,12.95,12.94,13.04,13.05,13.06,13.07,13.09,13.11,13.12,13.14,13.16,13.17,200,1900,3800,15300,5400,15500,500,800,13800,500,1700,300,600,1300,400,400,400,200,2200,1100
274.0,13.03,148000,1929812.0,13.03,13.02,13.01,13.0,12.99,12.98,12.97,12.96,12.95,12.94,13.04,13.05,13.06,13.07,13.09,13.11,13.12,13.14,13.16,13.17,200,1900,3800,15300,5400,15500,500,800,13800,500,1700,300,600,1300,400,400,400,200,2200,1100
275.0,13.03,148500,1936330.0,13.02,13.01,13.0,12.99,12.98,12.97,12.96,12.95,12.94,12.93,13.04,13.05,13.06,13.07,13.09,13.11,13.12,13.14,13.16,13.17,1900,3800,15300,5400,15500,500,800,13800,500,1700,1400,300,600,1300,400,400,400,200,2200,1100
276.0,13.03,148500,1936330.0,13.02,13.01,13.0,12.99,12.98,12.97,12.96,12.95,12.94,12.93,13.04,13.05,13.06,13.07,13.09,13.11,13.12,13.14,13.16,13.17,1900,3800,15300,5400,15500,500,800,13800,500,1700,1400,300,600,1300,400,400,400,200,2200,1100
277.0,13.02,148600,1937632.0,13.02,13.01,13.0,12.99,12.98,12.97,12.96,12.95,12.94,12.93,13.04,13.05,13.06,13.07,13.09,13.11,13.12,13.14,13.16,13.17,1800,3800,15300,5400,15500,500,800,13800,500,1700,1500,300,600,1300,400,400,400,200,2200,1100
278.0,13.02,148600,1937632.0,13.02,13.01,13.0,12.99,12.98,12.97,12.96,12.95,12.94,12.93,13.04,13.05,13.06,13.07,13.09,13.11,13.12,13.14,13.16,13.17,1800,3800,15300,5400,15500,500,800,13800,500,1700,1500,300,600,1300,400,400,400,200,2200,1100
279.0,13.02,148600,1937632.0,13.02,13.01,13.0,12.99,12.98,12.97,12.96,12.95,12.94,12.93,13.04,13.05,13.06,13.07,13.09,13.11,13.12,13.14,13.16,13.17,1800,3800,15300,5400,15500,500,800,13800,500,1700,1500,300,600,1300,400,400,400,200,2200,1100
280.0,13.02,148700,1938934.0,13.02,13.01,13.0,12.99,12.98,12.97,12.96,12.95,12.94,12.93,13.03,13.04,13.05,13.06,13.07,13.09,13.11,13.12,13.14,13.16,1700,3800,15300,5400,15500,500,800,13800,500,1700,100,1500,300,600,1300,400,400,400,200,2200
281.0,13.03,148800,1940237.0,13.02,13.01,13.0,12.99,12.98,12.97,12.96,12.95,12.94,12.93,13.04,13.05,13.06,13.07,13.09,13.11,13.12,13.14,13.16,13.17,1700,3800,15300,5400,15500,500,800,13800,500,1700,1500,300,600,1300,400,400,400,200,2200,1100
282.0,13.03,148800,1940237.0,13.02,13.01,13.0,12.99,12.98,12.97,12.96,12.95,12.94,12.93,13.04,13.05,13.06,13.07,13.09,13.11,13.12,13.14,13.16,13.17,1700,3800,15300,5400,15500,500,800,13800,500,1700,1500,300,600,1300,400,400,400,200,2200,1100
283.0,13.03,148800,1940237.0,13.02,13.01,13.0,12.99,12.98,12.97,12.96,12.95,12.94,12.93,13.04,13.05,13.06,13.07,13.09,13.11,13.12,13.14,13.16,13.17,1700,3800,15300,5400,15500,500,800,13800,500,1700,1500,300,600,1300,400,400,400,200,2200,1100
284.0,13.03,148800,1940237.0,13.02,13.01,13.0,12.99,12.98,12.97,12.96,12.95,12.94,12.93,13.04,13.05,13.06,13.07,13.09,13.11,13.12,13.14,13.16,13.17,1700,3800,15300,5400,15500,500,800,13800,500,1700,1500,300,600,1300,400,400,400,200,2200,1100
285.0,13.03,148800,1940237.0,13.02,13.01,13.0,12.99,12.98,12.97,12.96,12.95,12.94,12.93,13.04,13.05,13.06,13.07,13.09,13.11,13.12,13.14,13.16,13.17,1700,3800,15300,5400,15500,500,800,13800,500,1700,1500,300,600,1300,400,400,400,200,2200,1100
286.0,13.03,148800,1940237.0,13.03,13.02,13.01,13.0,12.99,12.98,12.97,12.96,12.95,12.94,13.04,13.05,13.06,13.07,13.09,13.11,13.12,13.14,13.16,13.17,300,1700,3800,15300,5400,15500,500,800,13800,500,1500,300,600,1300,400,400,400,200,2200,1100
287.0,13.04,149100,1944149.0,13.03,13.02,13.01,13.0,12.99,12.98,12.97,12.96,12.95,12.94,13.04,13.05,13.06,13.07,13.09,13.11,13.12,13.14,13.16,13.17,400,1700,3800,15300,5400,15500,500,800,13800,500,1200,300,600,1300,400,400,400,200,2200,1100
288.0,13.04,149200,1945453.0,13.03,13.02,13.01,13.0,12.99,12.98,12.97,12.96,12.95,12.94,13.04,13.05,13.06,13.07,13.09,13.11,13.12,13.14,13.16,13.17,400,1700,3800,15300,5400,15500,500,800,13800,500,1100,300,600,1300,400,400,400,200,2200,1100
289.0,13.04,149200,1945453.0,13.03,13.02,13.01,13.0,12.99,12.98,12.97,12.96,12.95,12.94,13.04,13.05,13.06,13.07,13.09,13.11,13.12,13.14,13.16,13.17,400,1700,3800,15300,5400,15500,500,800,13800,500,1100,300,600,1300,400,400,400,200,2200,1100
290.0,13.04,149200,1945453.0,13.03,13.02,13.01,13.0,12.99,12.98,12.97,12.96,12.95,12.94,13.04,13.05,13.06,13.07,13.09,13.11,13.12,13.14,13.16,13.17,400,1700,3800,15300,5400,15500,500,800,13800,500,1100,300,600,1300,400,400,400,200,2200,1100
291.0,13.04,149200,1945453.0,13.03,13.02,13.01,13.0,12.99,12.98,12.97,12.96,12.95,12.94,13.04,13.05,13.06,13.07,13.09,13.11,13.12,13.14,13.16,13.17,400,1700,3800,15300,5400,15500,500,800,13800,500,1100,300,600,1300,400,400,400,200,2200,1100
292.0,13.04,149200,1945453.0,13.03,13.02,13.01,13.0,12.99,12.98,12.97,12.96,12.95,12.94,13.04,13.05,13.06,13.07,13.09,13.11,13.12,13.14,13.16,13.17,400,1600,3800,15300,5400,15500,500,800,13800,500,1100,300,600,1300,400,400,400,200,2200,1100
293.0,13.04,149200,1945453.0,13.03,13.02,13.01,13.0,12.99,12.98,12.97,12.96,12.95,12.94,13.04,13.05,13.06,13.07,13.09,13.11,13.12,13.14,13.16,13.17,400,1600,3800,15300,5400,15500,500,800,13800,500,1100,300,600,1300,400,400,400,200,2200,1100
294.0,13.03,149800,1953271.0,13.02,13.01,13.0,12.99,12.98,12.97,12.96,12.95,12.94,12.93,13.03,13.04,13.05,13.06,13.07,13.09,13.11,13.12,13.14,13.16,1600,3800,15300,5400,15500,500,800,13800,500,1700,200,1100,300,600,1300,400,400,400,200,2200
295.0,13.03,150000,1955877.0,13.03,13.02,13.01,13.0,12.99,12.98,12.97,12.96,12.95,12.94,13.04,13.05,13.06,13.07,13.09,13.11,13.12,13.14,13.16,13.17,4600,1600,3800,15300,5400,15500,500,800,13800,500,1100,300,600,1300,400,400,400,200,2200,1100
296.0,13.04,151500,1975437.0,13.04,13.03,13.02,13.01,13.0,12.99,12.98,12.97,12.96,12.95,13.05,13.06,13.07,13.09,13.11,13.12,13.14,13.16,13.17,13.18,1000,4600,1600,3800,15300,5400,15500,500,800,13800,300,600,1300,400,400,400,200,2200,1100,18800
297.0,13.04,151600,1976741.0,13.04,13.03,13.02,13.01,13.0,12.99,12.98,12.97,12.96,12.95,13.05,13.06,13.07,13.09,13.11,13.12,13.14,13.16,13.17,13.18,900,4600,1600,3800,15300,5400,15500,500,800,13800,300,600,1300,400,400,400,200,2200,1100,18800
298.0,13.05,151900,1980656.0,13.04,13.03,13.02,13.01,13.0,12.99,12.98,12.97,12.96,12.95,13.06,13.07,13.09,13.11,13.12,13.14,13.16,13.17,13.18,13.19,1100,4600,1600,3800,15300,5400,15500,500,800,13800,600,1300,400,400,400,200,2200,1100,18800,800
299.0,13.05,151900,1980656.0,13.04,13.03,13.02,13.01,13.0,12.99,12.98,12.97,12.96,12.95,13.06,13.07,13.09,13.11,13.12,13.14,13.16,13.17,13.18,13.19,1100,4600,1600,3800,15300,5400,15500,500,800,13800,600,1300,400,400,400,200,2200,1100,18800,800
300.0,13.05,151900,1980656.0,13.04,13.03,13.02,13.01,13.0,12.99,12.98,12.97,12.96,12.95,13.06,13.07,13.09,13.11,13.12,13.14,13.16,13.17,13.18,13.19,1100,4600,1600,3800,15300,5400,15500,500,800,13800,600,1300,400,400,400,200,2200,1100,18800,800
301.0,13.05,151900,1980656.0,13.04,13.03,13.02,13.01,13.0,12.99,12.98,12.97,12.96,12.95,13.06,13.07,13.09,13.11,13.12,13.14,13.16,13.17,13.18,13.19,1100,4600,1600,3800,15300,5400,15500,500,800,13800,600,1300,400,400,400,200,2200,1100,18800,800
302.0,13.05,151900,1980656.0,13.04,13.03,13.02,13.01,13.0,12.99,12.98,12.97,12.96,12.95,13.06,13.07,13.09,13.11,13.12,13.14,13.16,13.17,13.18,13.19,1500,4600,1600,3800,15300,5400,15500,500,800,13800,600,1300,400,400,400,200,2200,1100,18800,800
303.0,13.05,151900,1980656.0,13.04,13.03,13.02,13.01,13.0,12.99,12.98,12.97,12.96,12.95,13.06,13.07,13.09,13.11,13.12,13.14,13.16,13.17,13.18,13.19,1500,4600,1600,3800,15300,5400,15500,500,800,13800,600,1300,400,400,400,200,2200,1100,18800,800
304.0,13.05,151900,1980656.0,13.04,13.03,13.02,13.01,13.0,12.99,12.98,12.97,12.96,12.95,13.06,13.07,13.09,13.11,13.12,13.14,13.16,13.17,13.18,13.19,1500,4600,1600,3800,15300,5400,15500,500,800,13800,600,1300,400,400,400,200,2200,1100,18800,800
305.0,13.06,152000,1981962.0,13.04,13.03,13.02,13.01,13.0,12.99,12.98,12.97,12.96,12.95,13.06,13.07,13.09,13.11,13.12,13.14,13.16,13.17,13.18,13.19,1400,4600,1600,3800,15300,5400,15500,500,800,13800,500,1300,400,400,400,200,2200,1100,18800,800
306.0,13.06,152000,1981962.0,13.04,13.03,13.02,13.01,13.0,12.99,12.98,12.97,12.96,12.95,13.06,13.07,13.09,13.11,13.12,13.14,13.16,13.17,13.18,13.19,1400,4600,1600,3800,15300,5400,15500,500,800,13800,500,1300,400,400,400,200,1900,1100,18800,800
307.0,13.04,152200,1984570.0,13.04,13.03,13.02,13.01,13.0,12.99,12.98,12.97,12.96,12.95,13.06,13.07,13.09,13.11,13.12,13.14,13.16,13.17,13.18,13.19,1200,4600,1600,3800,15300,5400,15500,500,800,13800,500,1300,400,400,400,200,1900,1100,18800,800
308.0,13.04,152200,1984570.0,13.04,13.03,13.02,13.01,13.0,12.99,12.98,12.97,12.96,12.95,13.06,13.07,13.09,13.11,13.12,13.14,13.16,13.17,13.18,13.19,1200,4600,1600,3800,15300,5400,15500,500,800,13800,500,1300,400,400,400,200,1900,1100,18800,800
309.0,13.04,152200,1984570.0,13.04,13.03,13.02,13.01,13.0,12.99,12.98,12.97,12.96,12.95,13.06,13.07,13.09,13.11,13.12,13.14,13.16,13.17,13.18,13.19,1300,4600,1600,3800,15300,5400,15500,500,800,13800,500,1300,400,400,400,200,1900,1100,18800,800
310.0,13.06,152300,1985876.0,13.04,13.03,13.02,13.01,13.0,12.99,12.98,12.97,12.96,12.95,13.06,13.07,13.09,13.11,13.12,13.14,13.16,13.17,13.18,13.19,1300,4600,1600,3800,15300,5400,15500,500,800,13800,400,1300,400,400,400,200,1900,1100,18800,800
311.0,13.06,152500,1988488.0,13.04,13.03,13.02,13.01,13.0,12.99,12.98,12.97,12.96,12.95,13.06,13.07,13.09,13.11,13.12,13.14,13.16,13.17,13.18,13.19,1400,4600,1600,3800,15300,5400,15500,500,800,13800,200,1300,400,400,400,200,1900,1100,18800,800
312.0,13.06,152500,1988488.0,13.04,13.03,13.02,13.01,13.0,12.99,12.98,12.97,12.96,12.95,13.06,13.07,13.09,13.11,13.12,13.14,13.16,13.17,13.18,13.19,1400,4600,1600,3800,15300,5400,15500,500,800,13800,200,1300,400,400,400,200,1900,1100,18800,800
313.0,13.06,152500,1988488.0,13.04,13.03,13.02,13.01,13.0,12.99,12.98,12.97,12.96,12.95,13.06,13.07,13.09,13.11,13.12,13.14,13.16,13.17,13.18,13.19,1400,4700,1600,3800,15300,5400,15500,500,800,13800,200,1300,400,400,400,200,1900,1100,18800,800
314.0,13.06,152500,1988488.0,13.04,13.03,13.02,13.01,13.0,12.99,12.98,12.97,12.96,12.95,13.05,13.06,13.07,13.09,13.11,13.12,13.14,13.16,13.17,13.18,1400,4700,1600,3300,15300,5400,15500,500,800,13800,100,200,1300,400,400,400,200,1900,1100,18800
315.0,13.05,152600,1989793.0,13.04,13.03,13.02,13.01,13.0,12.99,12.98,12.97,12.96,12.95,13.06,13.07,13.09,13.1,13.11,13.12,13.14,13.16,13.17,13.18,1400,4700,1600,3300,15300,5400,15500,500,800,13800,200,1300,400,200,400,400,200,1900,1100,18800
316.0,13.05,152600,1989793.0,13.04,13.03,13.02,13.01,13.0,12.99,12.98,12.97,12.96,12.95,13.06,13.07,13.09,13.1,13.11,13.12,13.14,13.16,13.17,13.18,1400,4700,1600,3300,15300,5400,15500,500,800,13800,200,1300,400,200,400,400,200,1900,1100,18800
317.0,13.05,152600,1989793.0,13.04,13.03,13.02,13.01,13.0,12.99,12.98,12.97,12.96,12.95,13.06,13.07,13.09,13.1,13.11,13.12,13.14,13.16,13.17,13.18,1400,4700,1600,3300,15300,5400,15500,500,800,13800,200,1300,400,200,400,400,200,1900,1100,18800
318.0,13.05,152700,1991098.0,13.04,13.03,13.02,13.01,13.0,12.99,12.98,12.97,12.96,12.95,13.06,13.07,13.09,13.1,13.11,13.12,13.14,13.16,13.17,13.18,1400,4700,1600,3300,15300,5400,15500,500,800,13800,200,1300,400,200,400,400,200,1900,1100,18800
319.0,13.05,152700,1991098.0,13.04,13.03,13.02,13.01,13.0,12.99,12.98,12.97,12.96,12.95,13.06,13.07,13.09,13.1,13.11,13.12,13.14,13.16,13.17,13.18,1500,4700,1600,3300,15300,5400,15500,500,800,13800,200,1300,400,200,400,400,200,1900,1100,18800
320.0,13.05,152700,1991098.0,13.04,13.03,13.02,13.01,13.0,12.99,12.98,12.97,12.96,12.95,13.06,13.07,13.09,13.1,13.11,13.12,13.14,13.16,13.17,13.18,1500,4700,1600,3300,15300,5400,15500,500,800,13800,200,1300,400,200,400,400,200,1900,1100,18800
321.0,13.05,152700,1991098.0,13.04,13.03,13.02,13.01,13.0,12.99,12.98,12.97,12.96,12.95,13.05,13.06,13.07,13.09,13.1,13.11,13.12,13.14,13.16,13.17,1500,4700,1600,3300,15300,5400,15500,500,800,13800,300,200,1300,400,200,400,400,200,1900,1100
322.0,13.05,152700,1991098.0,13.04,13.03,13.02,13.01,13.0,12.99,12.98,12.97,12.96,12.95,13.05,13.06,13.07,13.09,13.1,13.11,13.12,13.14,13.16,13.17,1500,4700,1600,3300,15300,5400,15500,500,800,13800,400,200,1300,400,200,400,400,200,1900,1100
323.0,13.05,152700,1991098.0,13.04,13.03,13.02,13.01,13.0,12.99,12.98,12.97,12.96,12.95,13.05,13.06,13.07,13.09,13.1,13.11,13.12,13.14,13.16,13.17,1500,4700,1600,3300,15300,5400,15500,500,800,13800,400,200,1300,400,200,400,400,200,1900,1100
324.0,13.05,152700,1991098.0,13.04,13.03,13.02,13.01,13.0,12.99,12.98,12.97,12.96,12.95,13.05,13.06,13.07,13.09,13.1,13.11,13.12,13.14,13.16,13.17,1500,4700,1600,3300,15300,5400,15500,500,800,13800,500,200,1300,400,200,400,400,200,1900,1100
325.0,13.04,152800,1992402.0,13.04,13.03,13.02,13.01,13.0,12.99,12.98,12.97,12.96,12.95,13.05,13.06,13.07,13.09,13.1,13.11,13.12,13.14,13.16,13.17,1400,4700,1600,3300,15300,5400,15500,500,800,13800,800,200,1300,400,200,400,400,200,1900,1100
326.0,13.04,152800,1992402.0,13.04,13.03,13.02,13.01,13.0,12.99,12.98,12.97,12.96,12.95,13.05,13.06,13.07,13.09,13.1,13.11,13.12,13.14,13.16,13.17,1400,4700,1600,3300,15300,5400,15500,500,800,13800,900,200,1300,400,200,400,400,200,1900,1100
327.0,13.04,153200,1997618.0,13.04,13.03,13.02,13.01,13.0,12.99,12.98,12.97,12.96,12.95,13.05,13.06,13.07,13.09,13.1,13.11,13.12,13.14,13.16,13.17,1000,4700,1600,3300,15300,5400,15500,500,800,13800,900,200,1300,400,200,400,400,200,1900,1100
328.0,13.04,153200,1997618.0,13.04,13.03,13.02,13.01,13.0,12.99,12.98,12.97,12.96,12.95,13.05,13.06,13.07,13.09,13.1,13.11,13.12,13.14,13.16,13.17,1000,4700,1600,3300,15300,5400,15500,500,800,13800,900,200,1300,400,200,400,400,200,1900,1100
329.0,13.04,153300,1998922.0,13.04,13.03,13.02,13.01,13.0,12.99,12.98,12.97,12.96,12.95,13.05,13.06,13.07,13.09,13.1,13.11,13.12,13.14,13.16,13.17,900,4700,1600,3300,15300,5400,15500,500,800,13800,900,200,1300,400,200,400,400,200,1900,1100
330.0,13.05,153400,2000227.0,13.04,13.03,13.02,13.01,13.0,12.99,12.98,12.97,12.96,12.95,13.05,13.06,13.07,13.09,13.1,13.11,13.12,13.14,13.16,13.17,900,4700,1600,3300,15300,5400,15500,500,800,13800,800,200,1300,400,200,400,400,200,1900,1100
331.0,13.04,153900,2006751.0,13.04,13.03,13.02,13.01,13.0,12.99,12.98,12.97,12.96,12.95,13.05,13.06,13.07,13.09,13.1,13.11,13.12,13.14,13.16,13.17,1300,4700,1600,3300,15300,5400,15500,500,800,13800,400,200,1300,400,200,400,400,200,1900,1100
332.0,13.04,153900,2006751.0,13.04,13.03,13.02,13.01,13.0,12.99,12.98,12.97,12.96,12.95,13.05,13.06,13.07,13.09,13.1,13.11,13.12,13.14,13.16,13.17,1300,4700,1600,3300,15300,5400,15500,500,800,13800,400,200,1300,400,200,400,400,200,1900,1100
333.0,13.04,154500,2014575.0,13.04,13.03,13.02,13.01,13.0,12.99,12.98,12.97,12.96,12.95,13.05,13.06,13.07,13.09,13.1,13.11,13.12,13.14,13.16,13.17,700,4700,1600,3300,15300,5400,15500,500,800,13800,400,200,1300,400,200,400,400,200,1900,1100
334.0,13.04,154500,2014575.0,13.04,13.03,13.02,13.01,13.0,12.99,12.98,12.97,12.96,12.95,13.05,13.06,13.07,13.09,13.1,13.11,13.12,13.14,13.16,13.17,700,4700,1600,3300,15300,5400,15500,500,800,13800,2700,200,1300,400,200,400,400,200,1900,1100
335.0,13.04,154500,2014575.0,13.04,13.03,13.02,13.01,13.0,12.99,12.98,12.97,12.96,12.95,13.05,13.06,13.07,13.09,13.1,13.11,13.12,13.14,13.16,13.17,700,4700,1600,3300,15300,5400,15500,500,800,13800,2700,200,1300,400,200,400,400,200,1900,1100
336.0,13.04,154500,2014575.0,13.04,13.03,13.02,13.01,13.0,12.99,12.98,12.97,12.96,12.95,13.05,13.06,13.07,13.09,13.1,13.11,13.12,13.14,13.16,13.17,700,4700,1600,3300,15300,5400,15400,500,800,13800,2700,200,1300,400,200,400,400,200,1900,1100
337.0,13.04,154500,2014575.0,13.04,13.03,13.02,13.01,13.0,12.99,12.98,12.97,12.96,12.95,13.05,13.06,13.07,13.09,13.1,13.11,13.12,13.14,13.16,13.17,700,5000,1600,3300,15300,5400,15400,500,800,13800,2700,200,1300,400,200,400,400,200,1900,1100
338.0,13.04,154500,2014575.0,13.04,13.03,13.02,13.01,13.0,12.99,12.98,12.97,12.96,12.95,13.05,13.06,13.07,13.09,13.1,13.11,13.12,13.14,13.16,13.17,700,5000,1600,3300,15300,5400,15400,500,800,13800,2800,200,1300,400,200,400,400,200,1900,1100
339.0,13.05,154700,2017185.0,13.04,13.03,13.02,13.01,13.0,12.99,12.98,12.97,12.96,12.95,13.05,13.06,13.07,13.09,13.1,13.11,13.12,13.14,13.16,13.17,700,5000,1600,3300,15300,5400,15400,500,800,13800,2600,200,1300,400,200,400,400,200,1900,1100
340.0,13.05,154700,2017185.0,13.04,13.03,13.02,13.01,13.0,12.99,12.98,12.97,12.96,12.95,13.05,13.06,13.07,13.09,13.1,13.11,13.12,13.14,13.16,13.17,700,5000,1600,3300,15300,5400,15400,500,800,13800,2600,200,1300,400,200,400,400,200,1900,1100
341.0,13.05,154700,2017185.0,13.04,13.03,13.02,13.01,13.0,12.99,12.98,12.97,12.96,12.95,13.05,13.06,13.07,13.09,13.1,13.11,13.12,13.14,13.16,13.17,700,5000,2100,3300,15300,5400,15400,500,800,13800,2600,200,1300,400,200,400,400,200,1900,1100
342.0,13.05,154700,2017185.0,13.04,13.03,13.02,13.01,13.0,12.99,12.98,12.97,12.96,12.95,13.05,13.06,13.07,13.09,13.1,13.11,13.12,13.14,13.16,13.17,700,5000,2100,3300,15300,5400,15400,500,800,13800,2600,200,1300,400,200,400,400,200,1900,1100
343.0,13.05,154700,2017185.0,13.04,13.03,13.02,13.01,13.0,12.99,12.98,12.97,12.96,12.95,13.05,13.06,13.07,13.09,13.1,13.11,13.12,13.14,13.16,13.17,700,5000,2100,3300,15300,5400,15400,500,800,13800,2600,200,1300,400,200,400,400,200,1900,1100
344.0,13.05,154700,2017185.0,13.04,13.03,13.02,13.01,13.0,12.99,12.98,12.97,12.96,12.95,13.05,13.06,13.07,13.09,13.1,13.11,13.12,13.14,13.16,13.17,700,5100,2100,3300,15300,5400,15400,500,800,13800,2600,200,1300,400,200,400,400,200,1900,1100
345.0,13.05,155200,2023710.0,13.04,13.03,13.02,13.01,13.0,12.99,12.98,12.97,12.96,12.95,13.05,13.06,13.07,13.09,13.1,13.11,13.12,13.14,13.16,13.17,700,5100,2100,3300,15300,5400,15400,500,800,13800,2100,200,1300,400,200,400,400,200,1900,1100
346.0,13.05,155200,2023710.0,13.04,13.03,13.02,13.01,13.0,12.99,12.98,12.97,12.96,12.95,13.05,13.06,13.07,13.09,13.1,13.11,13.12,13.14,13.16,13.17,700,5100,2100,3300,15300,5400,15400,500,800,13800,2300,200,1300,400,200,400,400,200,1900,1100
347.0,13.05,155400,2026320.0,13.04,13.03,13.02,13.01,13.0,12.99,12.98,12.97,12.96,12.95,13.05,13.06,13.07,13.09,13.1,13.11,13.12,13.14,13.16,13.17,700,5100,2100,3300,15300,5400,15400,500,800,13800,2100,200,1300,400,200,400,400,200,1900,1100
348.0,13.05,155400,2026320.0,13.04,13.03,13.02,13.01,13.0,12.99,12.98,12.97,12.96,12.95,13.05,13.06,13.07,13.09,13.1,13.11,13.12,13.14,13.16,13.17,700,5100,2100,3300,15300,5400,15400,500,800,13800,2100,200,1300,400,200,400,400,200,1900,1100
349.0,13.05,155400,2026320.0,13.04,13.03,13.02,13.01,13.0,12.99,12.98,12.97,12.96,12.95,13.05,13.06,13.07,13.09,13.1,13.11,13.12,13.14,13.16,13.17,700,5100,2100,3300,15300,5400,15400,500,800,13800,2100,200,1300,400,200,400,400,200,1900,1100
350.0,13.05,155400,2026320.0,13.04,13.03,13.02,13.01,13.0,12.99,12.98,12.97,12.96,12.95,13.05,13.06,13.07,13.09,13.1,13.11,13.12,13.14,13.16,13.17,700,5100,2100,3300,15300,5400,15400,500,800,13800,2100,200,1300,400,200,400,400,200,1900,1100
351.0,13.05,155400,2026320.0,13.04,13.03,13.02,13.01,13.0,12.99,12.98,12.97,12.96,12.95,13.05,13.06,13.07,13.09,13.1,13.11,13.12,13.14,13.16,13.17,700,5100,2100,3300,15300,5400,15400,500,800,13800,2100,200,1300,400,200,400,400,200,1900,1100
352.0,13.05,155400,2026320.0,13.04,13.03,13.02,13.01,13.0,12.99,12.98,12.97,12.96,12.95,13.05,13.06,13.07,13.09,13.1,13.11,13.12,13.14,13.16,13.17,700,5300,2100,3300,15300,5400,15400,500,800,13800,2100,200,1300,400,200,400,400,200,1900,1100
353.0,13.05,155400,2026320.0,13.04,13.03,13.02,13.01,13.0,12.99,12.98,12.97,12.96,12.95,13.05,13.06,13.07,13.09,13.1,13.11,13.12,13.14,13.16,13.17,700,5300,2100,3300,15300,5400,15400,500,800,13800,2100,200,1300,400,200,400,400,200,1900,1100
354.0,13.05,155600,2028930.0,13.04,13.03,13.02,13.01,13.0,12.99,12.98,12.97,12.96,12.95,13.05,13.06,13.07,13.09,13.1,13.11,13.12,13.14,13.16,13.17,700,5300,2100,3300,15300,5400,15400,500,800,13800,1900,200,1300,400,200,400,400,200,1900,1100
355.0,13.05,155600,2028930.0,13.04,13.03,13.02,13.01,13.0,12.99,12.98,12.97,12.96,12.95,13.05,13.06,13.07,13.09,13.1,13.11,13.12,13.14,13.16,13.17,700,5300,2100,3300,15300,5400,15400,500,800,13800,1900,200,1300,400,200,400,400,200,1900,1100
356.0,13.04,155700,2030234.0,13.04,13.03,13.02,13.01,13.0,12.99,12.98,12.97,12.96,12.95,13.05,13.06,13.07,13.09,13.1,13.11,13.12,13.14,13.16,13.17,600,5300,2100,3300,15300,5400,15400,500,800,13800,1900,200,1300,400,200,400,400,200,1900,1100
357.0,13.04,155800,2031538.0,13.04,13.03,13.02,13.01,13.0,12.99,12.98,12.97,12.96,12.95,13.05,13.06,13.07,13.09,13.1,13.11,13.12,13.14,13.16,13.17,500,5300,2100,3300,15300,5400,15400,500,800,13800,1900,200,1300,400,200,400,400,200,1900,1100
358.0,13.04,155800,2031538.0,13.04,13.03,13.02,13.01,13.0,12.99,12.98,12.97,12.96,12.95,13.05,13.06,13.07,13.09,13.1,13.11,13.12,13.14,13.16,13.17,500,5400,2100,3300,15300,5400,15400,500,800,13800,1900,200,1300,400,200,400,400,200,1900,1100
359.0,13.04,155800,2031538.0,13.04,13.03,13.02,13.01,13.0,12.99,12.98,12.97,12.96,12.95,13.05,13.06,13.07,13.09,13.1,13.11,13.12,13.14,13.16,13.17,500,5400,2100,3300,15300,5400,15400,500,800,13800,2000,200,1300,400,200,400,400,200,1900,1100
360.0,13.04,155800,2031538.0,13.04,13.03,13.02,13.01,13.0,12.99,12.98,12.97,12.96,12.95,13.05,13.06,13.07,13.09,13.1,13.11,13.12,13.14,13.16,13.17,500,5400,2100,3300,15300,5400,15400,500,800,13800,2000,200,1300,400,200,400,400,200,1900,1100
361.0,13.04,155800,2031538.0,13.04,13.03,13.02,13.01,13.0,12.99,12.98,12.97,12.96,12.95,13.05,13.06,13.07,13.09,13.1,13.11,13.12,13.14,13.16,13.17,500,5400,2100,3300,15300,5400,15400,500,800,13800,2000,200,1300,400,200,400,400,200,1900,1100
362.0,13.05,156000,2034148.0,13.04,13.03,13.02,13.01,13.0,12.99,12.98,12.97,12.96,12.95,13.05,13.06,13.07,13.09,13.1,13.11,13.12,13.14,13.16,13.17,500,5400,2100,3300,15300,5400,15400,500,800,13800,1800,100,5400,400,200,400,400,200,1900,1100
363.0,13.04,156100,2035452.0,13.04,13.03,13.02,13.01,13.0,12.99,12.98,12.97,12.96,12.95,13.05,13.06,13.07,13.09,13.1,13.11,13.12,13.14,13.16,13.17,400,5200,2100,3300,15300,5400,15400,500,800,13800,1900,100,5400,400,200,400,400,200,1900,1100
364.0,13.04,156100,2035452.0,13.04,13.03,13.02,13.01,13.0,12.99,12.98,12.97,12.96,12.95,13.05,13.06,13.07,13.09,13.1,13.11,13.12,13.14,13.16,13.17,400,5200,2100,3300,15300,5400,15400,500,800,13800,1900,100,5400,400,200,400,400,200,1900,1100
365.0,13.04,156100,2035452.0,13.04,13.03,13.02,13.01,13.0,12.99,12.98,12.97,12.96,12.95,13.05,13.06,13.07,13.09,13.1,13.11,13.12,13.14,13.16,13.17,400,5200,2100,3300,15300,5400,15400,500,800,13800,2200,100,5400,400,200,400,400,200,1900,1100
366.0,13.04,156100,2035452.0,13.04,13.03,13.02,13.01,13.0,12.99,12.98,12.97,12.96,12.95,13.05,13.06,13.07,13.09,13.1,13.11,13.12,13.14,13.16,13.17,400,5200,2100,3300,15300,5400,15400,500,800,13800,2200,100,5400,400,200,400,400,200,1900,1100
367.0,13.04,156100,2035452.0,13.04,13.03,13.02,13.01,13.0,12.99,12.98,12.97,12.96,12.95,13.05,13.06,13.07,13.09,13.1,13.11,13.12,13.14,13.16,13.17,400,5200,2100,3300,15300,5400,15400,500,800,13800,2200,100,5400,400,200,400,400,200,1900,1100
368.0,13.03,156600,2041971.0,13.03,13.02,13.01,13.0,12.99,12.98,12.97,12.96,12.95,12.94,13.05,13.06,13.07,13.09,13.1,13.11,13.12,13.14,13.16,13.17,5300,2100,3300,15300,5400,15400,500,800,13800,500,2200,100,5400,400,200,400,400,200,1900,1100
369.0,13.05,156800,2044581.0,13.03,13.02,13.01,13.0,12.99,12.98,12.97,12.96,12.95,12.94,13.05,13.06,13.07,13.09,13.1,13.11,13.12,13.14,13.16,13.17,5300,2100,3300,15300,5400,15400,500,800,13800,500,2000,100,5400,400,200,400,400,200,1900,1100
370.0,13.05,156800,2044581.0,13.03,13.02,13.01,13.0,12.99,12.98,12.97,12.96,12.95,12.94,13.05,13.06,13.07,13.09,13.1,13.11,13.12,13.14,13.16,13.17,5300,2100,3300,15300,5400,15400,500,800,13800,500,2400,100,5400,400,200,400,400,200,1900,1100
371.0,13.03,157500,2053702.0,13.03,13.02,13.01,13.0,12.99,12.98,12.97,12.96,12.95,12.94,13.05,13.06,13.07,13.09,13.1,13.11,13.12,13.14,13.16,13.17,4600,2100,3300,15300,5400,15400,500,800,13800,500,2400,100,5400,400,200,400,400,200,1900,1100
372.0,13.03,158100,2061520.0,13.03,13.02,13.01,13.0,12.99,12.98,12.97,12.96,12.95,12.94,13.05,13.06,13.07,13.09,13.1,13.11,13.12,13.14,13.16,13.17,4000,2100,3300,15300,5400,15400,500,800,13800,500,2400,100,5400,400,200,400,400,200,1900,1100
373.0,13.03,158100,2061520.0,13.03,13.02,13.01,13.0,12.99,12.98,12.97,12.96,12.95,12.94,13.05,13.06,13.07,13.09,13.1,13.11,13.12,13.14,13.16,13.17,4000,2100,3300,15300,5400,15400,500,800,13800,500,2400,100,5400,400,200,400,400,200,1900,1100
374.0,13.03,158500,2066732.0,13.03,13.02,13.01,13.0,12.99,12.98,12.97,12.96,12.95,12.94,13.04,13.05,13.06,13.07,13.09,13.1,13.11,13.12,13.14,13.16,3600,2100,3300,15300,5400,15400,500,800,13800,500,500,2400,100,5400,400,200,400,400,200,1900
375.0,13.03,158500,2066732.0,13.03,13.02,13.01,13.0,12.99,12.98,12.97,12.96,12.95,12.94,13.04,13.05,13.06,13.07,13.09,13.1,13.11,13.12,13.14,13.16,3600,2100,4000,15300,5400,15400,500,800,13800,500,500,2400,100,5400,400,200,400,400,200,1900
376.0,13.03,158500,2066732.0,13.03,13.02,13.01,13.0,12.99,12.98,12.97,12.96,12.95,12.94,13.04,13.05,13.06,13.07,13.09,13.1,13.11,13.12,13.14,13.16,3600,2100,6400,15300,5400,15400,500,800,13800,500,500,2400,100,5400,400,200,400,400,200,1900
377.0,13.03,158600,2068035.0,13.03,13.02,13.01,13.0,12.99,12.98,12.97,12.96,12.95,12.94,13.04,13.05,13.06,13.07,13.09,13.1,13.11,13.12,13.14,13.16,3900,2100,6400,15300,5400,15400,500,800,13800,500,500,2100,100,5400,400,200,400,400,200,1900
378.0,13.03,158900,2071944.0,13.03,13.02,13.01,13.0,12.99,12.98,12.97,12.96,12.95,12.94,13.04,13.05,13.06,13.07,13.09,13.1,13.11,13.12,13.14,13.16,3600,2100,6400,15300,5400,15400,500,800,13800,500,500,2100,100,5400,400,200,400,400,200,1900
379.0,13.03,158900,2071944.0,13.03,13.02,13.01,13.0,12.99,12.98,12.97,12.96,12.95,12.94,13.04,13.05,13.06,13.07,13.09,13.1,13.11,13.12,13.14,13.16,3600,2100,6400,15300,5400,15400,500,800,13800,500,500,2100,100,5400,400,200,400,400,200,1900
380.0,13.03,159600,2081065.0,13.03,13.02,13.01,13.0,12.99,12.98,12.97,12.96,12.95,12.94,13.04,13.05,13.06,13.07,13.09,13.1,13.11,13.12,13.14,13.16,2900,2100,6400,15300,5400,15400,500,800,13800,500,500,2100,100,5400,400,200,400,400,200,1900
381.0,13.03,159800,2083671.0,13.03,13.02,13.01,13.0,12.99,12.98,12.97,12.96,12.95,12.94,13.04,13.05,13.06,13.07,13.09,13.1,13.11,13.12,13.14,13.16,2800,2100,6400,15300,5400,15400,500,800,13800,500,500,2000,100,5400,400,200,400,400,200,1900
382.0,13.03,159800,2083671.0,13.03,13.02,13.01,13.0,12.99,12.98,12.97,12.96,12.95,12.94,13.04,13.05,13.06,13.07,13.09,13.1,13.11,13.12,13.14,13.16,2800,2100,6400,15300,5400,15400,500,800,13800,500,500,2000,100,5400,400,200,400,400,200,1900
383.0,13.03,159800,2083671.0,13.03,13.02,13.01,13.0,12.99,12.98,12.97,12.96,12.95,12.94,13.04,13.05,13.06,13.07,13.09,13.1,13.11,13.12,13.14,13.16,2800,2100,6400,15300,5400,15400,500,800,13800,500,500,2000,100,5400,400,200,400,400,200,1900
384.0,13.03,160000,2086277.0,13.03,13.02,13.01,13.0,12.99,12.98,12.97,12.96,12.95,12.94,13.04,13.05,13.06,13.07,13.09,13.1,13.11,13.12,13.14,13.16,2600,3400,6400,15300,5400,15400,500,800,13800,500,500,2000,100,5400,400,200,400,400,200,1900
385.0,13.03,160000,2086277.0,13.03,13.02,13.01,13.0,12.99,12.98,12.97,12.96,12.95,12.94,13.04,13.05,13.06,13.07,13.09,13.1,13.11,13.12,13.14,13.16,2600,3400,6400,15300,5400,15400,500,800,13800,500,700,1800,100,5400,400,200,400,400,200,1900
386.0,13.03,160000,2086277.0,13.03,13.02,13.01,13.0,12.99,12.98,12.97,12.96,12.95,12.94,13.04,13.05,13.06,13.07,13.09,13.1,13.11,13.12,13.14,13.16,2600,3400,6400,15300,5400,15400,500,800,13800,500,800,1800,100,5400,400,200,400,400,200,1900
387.0,13.03,160200,2088883.0,13.03,13.02,13.01,13.0,12.99,12.98,12.97,12.96,12.95,12.94,13.04,13.05,13.06,13.07,13.09,13.1,13.11,13.12,13.14,13.16,2600,3400,6400,15300,5400,15400,500,800,13800,500,800,1800,100,5400,400,200,400,400,200,1900
388.0,13.03,160200,2088883.0,13.03,13.02,13.01,13.0,12.99,12.98,12.97,12.96,12.95,12.94,13.04,13.05,13.06,13.07,13.09,13.1,13.11,13.12,13.14,13.16,2600,3400,6400,15300,5400,15400,500,800,13800,500,800,1800,100,5400,400,200,400,400,200,1900
389.0,13.03,160200,2088883.0,13.03,13.02,13.01,13.0,12.99,12.98,12.97,12.96,12.95,12.94,13.04,13.05,13.06,13.07,13.09,13.1,13.11,13.12,13.14,13.16,2700,3400,6400,15300,5400,15400,500,800,13800,500,800,600,100,5400,400,200,400,400,200,1900
390.0,13.03,160200,2088883.0,13.03,13.02,13.01,13.0,12.99,12.98,12.97,12.96,12.95,12.94,13.04,13.05,13.06,13.07,13.09,13.1,13.11,13.12,13.14,13.16,2700,3400,6400,15300,5400,15400,500,800,13800,500,800,600,100,5400,400,200,400,400,200,1900
391.0,13.03,160900,2098004.0,13.03,13.02,13.01,13.0,12.99,12.98,12.97,12.96,12.95,12.94,13.04,13.05,13.06,13.07,13.09,13.1,13.11,13.12,13.14,13.16,2000,3400,6400,15300,5400,15400,500,800,13800,500,800,600,100,5400,400,200,400,400,200,1900
392.0,13.03,160900,2098004.0,13.03,13.02,13.01,13.0,12.99,12.98,12.97,12.96,12.95,12.94,13.04,13.05,13.06,13.07,13.09,13.1,13.11,13.12,13.14,13.16,2000,3400,6400,15300,5400,15400,500,800,13800,500,800,600,100,5400,400,200,400,400,200,1900
393.0,13.03,160900,2098004.0,13.03,13.02,13.01,13.0,12.99,12.98,12.97,12.96,12.95,12.94,13.04,13.05,13.06,13.07,13.09,13.1,13.11,13.12,13.14,13.16,2000,3400,6400,16300,5400,15400,500,800,13800,500,800,600,100,5400,400,200,400,400,200,1900
394.0,13.03,161100,2100610.0,13.03,13.02,13.01,13.0,12.99,12.98,12.97,12.96,12.95,12.94,13.04,13.05,13.06,13.07,13.09,13.1,13.11,13.12,13.14,13.16,1800,3400,6400,16300,5400,15400,500,800,13800,500,800,600,100,5400,400,200,400,400,200,1900
395.0,13.03,161100,2100610.0,13.03,13.02,13.01,13.0,12.99,12.98,12.97,12.96,12.95,12.94,13.04,13.05,13.06,13.07,13.09,13.1,13.11,13.12,13.14,13.16,2000,3400,6400,16300,5400,15300,500,800,13800,500,800,600,100,5400,400,200,400,400,200,1900
396.0,13.03,161100,2100610.0,13.03,13.02,13.01,13.0,12.99,12.98,12.97,12.96,12.95,12.94,13.04,13.05,13.06,13.07,13.09,13.1,13.11,13.12,13.14,13.16,2000,3400,6400,16300,5400,15300,500,800,13800,500,800,600,100,5400,400,200,400,400,200,1900
397.0,13.03,161300,2103216.0,13.03,13.02,13.01,13.0,12.99,12.98,12.97,12.96,12.95,12.94,13.04,13.05,13.06,13.07,13.09,13.1,13.11,13.12,13.14,13.16,1800,3400,6400,16300,5400,15300,500,800,13800,500,800,600,100,5400,400,200,400,400,200,1900
398.0,13.03,161400,2104519.0,13.03,13.02,13.01,13.0,12.99,12.98,12.97,12.96,12.95,12.94,13.04,13.05,13.06,13.07,13.09,13.1,13.11,13.12,13.14,13.16,1700,3400,6400,16300,5400,15300,500,800,13800,500,800,600,100,5400,300,200,400,400,200,1900
399.0,13.03,161400,2104519.0,13.03,13.02,13.01,13.0,12.99,12.98,12.97,12.96,12.95,12.94,13.04,13.05,13.06,13.07,13.09,13.1,13.11,13.12,13.14,13.16,1700,3400,6400,16300,5400,15300,500,800,13800,500,800,600,100,5400,300,200,400,400,200,1900
400.0,13.03,163100,2126670.0,13.02,13.01,13.0,12.99,12.98,12.97,12.96,12.95,12.94,12.93,13.03,13.04,13.05,13.06,13.07,13.09,13.1,13.11,13.12,13.14,3400,6400,16300,5400,15300,500,800,13800,500,1700,600,1100,600,100,5400,300,200,400,400,200
401.0,13.02,163400,2130576.0,13.02,13.01,13.0,12.99,12.98,12.97,12.96,12.95,12.94,12.93,13.03,13.04,13.05,13.06,13.07,13.09,13.1,13.11,13.12,13.14,3100,6400,16300,5400,15300,500,800,13800,500,1700,600,1800,600,100,5400,300,200,400,400,200
402.0,13.02,163400,2130576.0,13.02,13.01,13.0,12.99,12.98,12.97,12.96,12.95,12.94,12.93,13.03,13.04,13.05,13.06,13.07,13.09,13.1,13.11,13.12,13.14,3100,6400,16300,5400,15300,500,800,13800,500,1700,600,1800,600,100,5400,300,200,400,400,200
403.0,13.02,164000,2138388.0,13.02,13.01,13.0,12.99,12.98,12.97,12.96,12.95,12.94,12.93,13.03,13.04,13.05,13.06,13.07,13.09,13.1,13.11,13.12,13.14,2500,6400,16300,5400,15300,500,800,13800,500,1700,1100,1800,700,100,5400,300,200,400,400,200
404.0,13.02,164200,2140992.0,13.02,13.01,13.0,12.99,12.98,12.97,12.96,12.95,12.94,12.93,13.03,13.04,13.05,13.06,13.07,13.09,13.1,13.11,13.12,13.14,2200,6400,17300,5400,15300,500,800,13800,500,1700,1100,2600,700,100,5400,300,200,400,400,200
405.0,13.02,164200,2140992.0,13.02,13.01,13.0,12.99,12.98,12.97,12.96,12.95,12.94,12.93,13.03,13.04,13.05,13.06,13.07,13.09,13.1,13.11,13.12,13.14,2200,6400,17300,5400,15300,500,800,13800,500,1700,1100,2600,700,100,5400,300,200,400,400,200
406.0,13.02,164200,2140992.0,13.02,13.01,13.0,12.99,12.98,12.97,12.96,12.95,12.94,12.93,13.03,13.04,13.05,13.06,13.07,13.09,13.1,13.11,13.12,13.14,2200,6400,17300,5400,15400,500,800,13800,500,1700,1100,2600,700,100,5400,300,200,400,400,200
407.0,13.02,164500,2144899.0,13.02,13.01,13.0,12.99,12.98,12.97,12.96,12.95,12.94,12.93,13.03,13.04,13.05,13.06,13.07,13.09,13.1,13.11,13.12,13.14,2000,6400,17300,5400,15400,500,800,13800,500,1700,1000,2700,700,100,5400,300,200,400,400,200
408.0,13.02,164500,2144899.0,13.02,13.01,13.0,12.99,12.98,12.97,12.96,12.95,12.94,12.93,13.03,13.04,13.05,13.06,13.07,13.09,13.1,13.11,13.12,13.14,2000,6400,17300,5400,15400,500,800,13800,500,1700,1000,2700,700,100,5400,300,200,400,400,200
409.0,13.02,164500,2144899.0,13.02,13.01,13.0,12.99,12.98,12.97,12.96,12.95,12.94,12.93,13.03,13.04,13.05,13.06,13.07,13.09,13.1,13.11,13.12,13.14,2000,6400,17300,5400,15400,500,800,13800,500,1700,1000,2700,700,100,5400,300,200,400,400,200
410.0,13.02,164500,2144899.0,13.02,13.01,13.0,12.99,12.98,12.97,12.96,12.95,12.94,12.93,13.03,13.04,13.05,13.06,13.07,13.09,13.1,13.11,13.12,13.14,2000,6400,17300,5400,15400,500,800,13800,500,1700,1000,2700,700,600,5400,300,200,400,400,200
411.0,13.02,164700,2147503.0,13.02,13.01,13.0,12.99,12.98,12.97,12.96,12.95,12.94,12.93,13.03,13.04,13.05,13.06,13.07,13.09,13.1,13.11,13.12,13.14,1800,6400,17300,5400,15400,500,800,13800,500,1700,1000,2700,700,600,5400,300,200,400,400,200
412.0,13.02,164700,2147503.0,13.02,13.01,13.0,12.99,12.98,12.97,12.96,12.95,12.94,12.93,13.03,13.04,13.05,13.06,13.07,13.09,13.1,13.11,13.12,13.14,1800,6400,17300,5400,15400,500,800,13800,500,1700,1000,2700,700,600,5400,300,200,400,400,200
413.0,13.02,164700,2147503.0,13.02,13.01,13.0,12.99,12.98,12.97,12.96,12.95,12.94,12.93,13.03,13.04,13.05,13.06,13.07,13.09,13.1,13.11,13.12,13.14,1800,6400,17300,5400,15400,500,800,13800,500,1700,1000,2700,700,600,5400,300,200,400,400,200
414.0,13.02,165200,2154014.0,13.02,13.01,13.0,12.99,12.98,12.97,12.96,12.95,12.94,12.93,13.03,13.04,13.05,13.06,13.07,13.09,13.1,13.11,13.12,13.14,1400,6400,17300,5400,15400,500,800,13800,500,1700,900,2700,700,600,5400,300,200,400,400,200
