LocalTime,LastPrice,TradeVolume,TradeValue,BidPrice1,BidPrice2,BidPrice3,BidPrice4,BidPrice5,BidPrice6,BidPrice7,BidPrice8,BidPrice9,BidPriceA,AskPrice1,AskPrice2,AskPrice3,AskPrice4,AskPrice5,AskPrice6,AskPrice7,AskPrice8,AskPrice9,AskPriceA,BidVolume1,BidVolume2,BidVolume3,BidVolume4,BidVolume5,BidVolume6,BidVolume7,BidVolume8,BidVolume9,BidVolumeA,AskVolume1,AskVolume2,AskVolume3,AskVolume4,AskVolume5,AskVolume6,AskVolume7,AskVolume8,AskVolume9,AskVolumeA
0.0,6.5,22000,143000.0,6.5,6.49,6.47,6.43,6.41,6.4,6.37,6.36,6.35,6.34,6.51,6.52,6.53,6.54,6.55,6.56,6.57,6.58,6.59,6.6,200,9200,8900,800,50000,9500,1600,21000,4000,10000,3600,9500,100,1100,6100,11600,13200,3500,3200,23000
1.0,6.5,23200,150800.0,6.5,6.49,6.47,6.43,6.41,6.4,6.37,6.36,6.35,6.34,6.51,6.52,6.53,6.54,6.55,6.56,6.57,6.58,6.59,6.6,11200,9200,8900,800,50000,9500,1600,21000,4000,10000,4900,9500,100,1100,6100,11600,13200,3500,11200,23000
2.0,6.5,24300,157950.0,6.5,6.49,6.47,6.43,6.41,6.4,6.37,6.36,6.35,6.34,6.51,6.52,6.53,6.54,6.55,6.56,6.57,6.58,6.59,6.6,10200,9200,8900,800,50000,9500,1600,21000,4300,10000,5400,49500,100,6000,6300,11600,13200,3500,11200,23000
3.0,6.5,24500,159250.0,6.5,6.49,6.47,6.44,6.43,6.41,6.4,6.39,6.37,6.36,6.51,6.52,6.53,6.54,6.55,6.56,6.57,6.58,6.59,6.6,14000,9200,8900,1500,800,50000,9500,3000,1600,21000,44000,49500,100,11000,7800,11600,13200,3500,11200,23000
4.0,6.5,25900,168350.0,6.5,6.49,6.47,6.44,6.43,6.41,6.4,6.39,6.37,6.36,6.51,6.52,6.53,6.54,6.55,6.56,6.57,6.58,6.59,6.6,12600,9200,8900,1500,800,50000,9500,3000,1600,21000,44000,49500,2100,11000,7800,11600,13200,3500,11200,23000
5.0,6.51,27500,178766.0,6.5,6.49,6.47,6.44,6.43,6.41,6.4,6.39,6.37,6.36,6.51,6.52,6.53,6.54,6.55,6.56,6.57,6.58,6.59,6.6,13000,9200,8900,1500,800,50000,9500,3000,1600,21000,47400,49500,2100,11000,7800,11600,13200,3500,12200,23000
6.0,6.5,45500,295736.0,6.49,6.47,6.44,6.43,6.41,6.4,6.39,6.37,6.36,6.35,6.5,6.51,6.52,6.53,6.54,6.55,6.56,6.57,6.58,6.59,6200,8900,1500,800,50000,9500,3000,1600,21000,4300,30500,84100,49500,2100,11000,7800,11600,13200,3500,12200
7.0,6.5,45500,295736.0,6.49,6.47,6.44,6.43,6.41,6.4,6.39,6.37,6.36,6.35,6.5,6.51,6.52,6.53,6.54,6.55,6.56,6.57,6.58,6.59,6200,8900,1500,800,50000,9500,3000,1600,21000,4600,43200,88900,49500,2100,11000,27800,11600,13200,3500,12200
8.0,6.5,46200,300286.0,6.49,6.47,6.44,6.43,6.41,6.4,6.39,6.37,6.36,6.35,6.5,6.51,6.52,6.53,6.54,6.55,6.56,6.57,6.58,6.59,6200,8900,1500,800,50000,9500,3000,1600,21000,4600,44500,88900,49500,7100,11000,37100,11600,13200,4500,29200
9.0,6.49,46700,303531.0,6.49,6.47,6.44,6.43,6.41,6.4,6.39,6.37,6.36,6.35,6.5,6.51,6.52,6.53,6.54,6.55,6.56,6.57,6.58,6.59,5700,8900,6500,10800,50000,9500,3000,1600,21000,4600,74900,85000,49500,7100,11000,42100,11600,13200,5000,29200
10.0,6.48,54300,352852.0,6.47,6.44,6.43,6.41,6.4,6.39,6.37,6.36,6.35,6.34,6.48,6.49,6.5,6.51,6.52,6.53,6.54,6.55,6.56,6.57,8900,6500,12800,50000,9500,3000,1600,21000,4600,10000,5400,47200,71900,57300,49500,7100,11000,42100,11600,13200
11.0,6.48,54400,353500.0,6.47,6.44,6.43,6.41,6.4,6.39,6.37,6.36,6.35,6.34,6.48,6.49,6.5,6.51,6.52,6.53,6.54,6.55,6.56,6.57,8900,6500,14700,50000,9500,3000,1600,21000,4600,10000,5300,47800,66300,57300,49500,7100,11000,42100,12600,13200
12.0,6.47,64900,421435.0,6.44,6.43,6.42,6.41,6.4,6.39,6.37,6.36,6.35,6.34,6.47,6.48,6.49,6.5,6.51,6.52,6.53,6.54,6.55,6.56,6500,15200,3000,50000,9500,3000,1600,21000,4600,10000,16300,32200,43300,27000,56000,49500,7100,11000,42600,12600
13.0,6.47,73000,473841.0,6.44,6.43,6.42,6.41,6.4,6.39,6.37,6.36,6.35,6.34,6.47,6.48,6.49,6.5,6.51,6.52,6.53,6.54,6.55,6.56,8100,15600,3000,50000,9500,3000,1600,21000,4600,10000,700,30400,39800,27100,56000,49500,7100,11000,42600,12600
14.0,6.47,81100,526278.0,6.47,6.46,6.45,6.44,6.43,6.42,6.41,6.4,6.39,6.37,6.48,6.49,6.5,6.51,6.52,6.53,6.54,6.55,6.56,6.57,6700,300,1300,8300,15600,3000,50000,9500,3000,1600,23800,21600,27100,56000,49500,7100,11000,42600,12600,13200
15.0,6.48,86300,559932.0,6.47,6.46,6.45,6.44,6.43,6.42,6.41,6.4,6.39,6.37,6.48,6.49,6.5,6.51,6.52,6.53,6.54,6.55,6.56,6.57,3100,300,1900,6900,15600,3000,50000,9500,3000,1600,10900,21600,26900,56000,49500,7100,11000,42600,12600,13200
16.0,6.47,87300,566411.0,6.47,6.46,6.45,6.44,6.43,6.42,6.41,6.4,6.39,6.37,6.48,6.49,6.5,6.51,6.52,6.53,6.54,6.55,6.56,6.57,3000,300,1900,6900,15600,3000,50000,9500,3000,1600,10000,21600,26900,56000,49500,7100,11000,42600,12600,13200
17.0,6.48,88000,570943.0,6.47,6.46,6.45,6.44,6.43,6.42,6.41,6.4,6.39,6.37,6.48,6.49,6.5,6.51,6.52,6.53,6.54,6.55,6.56,6.57,2500,300,1900,6800,15600,3000,50000,9500,3000,1600,9000,21600,26900,56000,49500,7100,11000,42600,12600,13200
18.0,6.48,88000,570943.0,6.47,6.46,6.45,6.44,6.43,6.42,6.41,6.4,6.39,6.37,6.48,6.49,6.5,6.51,6.52,6.53,6.54,6.55,6.56,6.57,2500,300,1900,7100,15600,3000,50000,9500,3000,1600,9000,21600,26900,56000,49500,7100,11000,42600,12600,13200
19.0,6.48,89100,578069.0,6.47,6.46,6.45,6.44,6.43,6.42,6.41,6.4,6.39,6.37,6.48,6.49,6.5,6.51,6.52,6.53,6.54,6.55,6.56,6.57,2300,300,2000,7100,15600,3000,50000,9500,3000,1600,8100,21600,26900,56000,49500,7100,11000,42600,12600,13200
20.0,6.48,89100,578069.0,6.47,6.46,6.45,6.44,6.43,6.42,6.41,6.4,6.39,6.37,6.48,6.49,6.5,6.51,6.52,6.53,6.54,6.55,6.56,6.57,4200,300,2000,7100,15600,3000,50000,9500,3000,1600,8600,21600,26900,55400,49500,7100,11000,42600,12600,13200
21.0,6.48,89100,578069.0,6.47,6.46,6.45,6.44,6.43,6.42,6.41,6.4,6.39,6.37,6.48,6.49,6.5,6.51,6.52,6.53,6.54,6.55,6.56,6.57,4200,300,2000,6700,15600,3000,50000,9500,3000,1600,8600,21600,26900,55400,49500,7100,11000,42600,12600,13200
22.0,6.48,89100,578069.0,6.47,6.46,6.45,6.44,6.43,6.42,6.41,6.4,6.39,6.37,6.48,6.49,6.5,6.51,6.52,6.53,6.54,6.55,6.56,6.57,4300,300,2000,6700,15600,3000,50000,9500,3000,1600,8600,16300,26900,55400,49500,7100,11000,42600,12600,13200
23.0,6.48,89100,578069.0,6.47,6.46,6.45,6.44,6.43,6.42,6.41,6.4,6.39,6.37,6.48,6.49,6.5,6.51,6.52,6.53,6.54,6.55,6.56,6.57,9400,300,2000,6700,15600,3000,50000,9500,3000,1600,8600,16200,26700,55400,49500,7100,11000,42600,12600,13200
24.0,6.48,89100,578069.0,6.47,6.46,6.45,6.44,6.43,6.42,6.41,6.4,6.39,6.37,6.48,6.49,6.5,6.51,6.52,6.53,6.54,6.55,6.56,6.57,9200,300,2000,6500,15600,3000,50000,9500,3000,1600,8600,10500,26700,55400,49500,7100,11000,42600,12600,13200
25.0,6.48,89100,578069.0,6.47,6.46,6.45,6.44,6.43,6.42,6.41,6.4,6.39,6.37,6.48,6.49,6.5,6.51,6.52,6.53,6.54,6.55,6.56,6.57,8000,300,2100,6500,15600,3000,50000,9500,3000,1600,8600,4800,26700,55400,49500,7100,11000,42600,12600,13200
26.0,6.48,89100,578069.0,6.47,6.46,6.45,6.44,6.43,6.42,6.41,6.4,6.39,6.37,6.48,6.49,6.5,6.51,6.52,6.53,6.54,6.55,6.56,6.57,7900,300,2100,6500,15600,3000,50000,9500,3000,1600,8200,4600,26700,55400,49500,7100,11000,42600,12600,13200
27.0,6.48,89100,578069.0,6.47,6.46,6.45,6.44,6.43,6.42,6.41,6.4,6.39,6.37,6.48,6.49,6.5,6.51,6.52,6.53,6.54,6.55,6.56,6.57,7900,300,2100,6500,15600,3000,50000,9500,3000,1600,8200,4600,26700,55900,49500,7100,11000,42600,12600,13200
28.0,6.48,89100,578069.0,6.47,6.46,6.45,6.44,6.43,6.42,6.41,6.4,6.39,6.37,6.48,6.49,6.5,6.51,6.52,6.53,6.54,6.55,6.56,6.57,7900,300,2100,6500,15600,3000,50000,9500,3000,1600,8200,4600,26700,55900,49500,7100,11000,42600,12600,13200
29.0,6.47,91000,590362.0,6.47,6.46,6.45,6.44,6.43,6.42,6.41,6.4,6.39,6.37,6.48,6.49,6.5,6.51,6.52,6.53,6.54,6.55,6.56,6.57,7100,300,2100,6500,15600,3000,50000,9500,3000,1600,8200,4600,26700,55900,49500,7100,11000,42600,12600,13200
30.0,6.47,91700,594891.0,6.47,6.46,6.45,6.44,6.43,6.42,6.41,6.4,6.39,6.37,6.48,6.49,6.5,6.51,6.52,6.53,6.54,6.55,6.56,6.57,6400,300,2100,6500,15600,3000,50000,9500,3000,1600,8200,4600,26700,55900,49500,7100,11000,42600,12600,13200
31.0,6.47,94100,610419.0,6.47,6.46,6.45,6.44,6.43,6.42,6.41,6.4,6.39,6.37,6.48,6.49,6.5,6.51,6.52,6.53,6.54,6.55,6.56,6.57,4000,300,2100,6500,15600,3000,50000,9500,3000,1600,8200,4600,26600,55900,49500,7100,11000,42600,12600,13200
32.0,6.46,98500,638883.0,6.45,6.44,6.43,6.42,6.41,6.4,6.39,6.37,6.36,6.35,6.46,6.47,6.48,6.49,6.5,6.51,6.52,6.53,6.54,6.55,1600,6500,15600,3000,50000,9500,3000,1600,21000,4600,2200,1600,10100,4600,26600,55900,49500,7100,11000,42600
33.0,6.46,99000,642113.0,6.45,6.44,6.43,6.42,6.41,6.4,6.39,6.37,6.36,6.35,6.46,6.47,6.48,6.49,6.5,6.51,6.52,6.53,6.54,6.55,1800,6500,15600,3000,50000,9500,3000,1600,21000,4600,1700,1600,9600,4600,26600,55900,49500,7100,11000,42600
34.0,6.45,99100,642758.0,6.45,6.44,6.43,6.42,6.41,6.4,6.39,6.37,6.36,6.35,6.46,6.47,6.48,6.49,6.5,6.51,6.52,6.53,6.54,6.55,1700,6500,15600,3000,50000,9500,3000,1600,21000,4600,1700,1600,9600,4600,26600,55900,49500,7100,11000,42600
35.0,6.46,100300,650510.0,6.45,6.44,6.43,6.42,6.41,6.4,6.39,6.37,6.36,6.35,6.46,6.47,6.48,6.49,6.5,6.51,6.52,6.53,6.54,6.55,1900,7400,15600,3000,50000,9500,3000,1600,21000,4600,500,3300,9900,4600,24800,55900,54500,7100,11000,42600
36.0,6.46,100800,653740.0,6.45,6.44,6.43,6.42,6.41,6.4,6.39,6.37,6.36,6.35,6.47,6.48,6.49,6.5,6.51,6.52,6.53,6.54,6.55,6.56,3500,7400,15600,3000,50000,9500,3000,1600,21000,4600,3300,9900,4600,24800,55900,54500,7100,11000,42600,12600
37.0,6.45,101100,655675.0,6.45,6.44,6.43,6.42,6.41,6.4,6.39,6.37,6.36,6.35,6.47,6.48,6.49,6.5,6.51,6.52,6.53,6.54,6.55,6.56,5900,7400,15600,3000,50000,9500,3000,1600,21000,4600,3300,10100,4600,24600,55900,54500,7100,11000,42600,12600
38.0,6.45,101600,658900.0,6.45,6.44,6.43,6.42,6.41,6.4,6.39,6.37,6.36,6.35,6.47,6.48,6.49,6.5,6.51,6.52,6.53,6.54,6.55,6.56,5400,7400,15600,3000,50000,9500,3000,1600,21000,4600,3300,10100,4600,24600,55900,54500,7100,11000,42600,12600
39.0,6.45,101600,658900.0,6.46,6.45,6.44,6.43,6.42,6.41,6.4,6.39,6.37,6.36,6.47,6.48,6.49,6.5,6.51,6.52,6.53,6.54,6.55,6.56,600,5400,7400,15600,3000,50000,9500,3000,1600,21000,3300,10100,4600,24600,55900,54500,7100,11000,42600,12600
40.0,6.45,101600,658900.0,6.46,6.45,6.44,6.43,6.42,6.41,6.4,6.39,6.37,6.36,6.47,6.48,6.49,6.5,6.51,6.52,6.53,6.54,6.55,6.56,2800,5400,7400,15600,3000,50000,9500,3000,1600,21000,3300,10100,4600,24600,55900,54500,7100,11000,42600,12600
41.0,6.45,101600,658900.0,6.46,6.45,6.44,6.43,6.42,6.41,6.4,6.39,6.37,6.36,6.47,6.48,6.49,6.5,6.51,6.52,6.53,6.54,6.55,6.56,3100,5400,7400,15600,3000,50000,9500,3000,1600,21000,3300,10100,4600,24600,55900,54500,7100,11100,42600,12600
42.0,6.46,102200,662776.0,6.46,6.45,6.44,6.43,6.42,6.41,6.4,6.39,6.37,6.36,6.47,6.48,6.49,6.5,6.51,6.52,6.53,6.54,6.55,6.56,2500,5400,7400,15600,3000,50000,9500,3000,1600,21000,3300,10100,4600,24600,55900,54500,7100,11100,42600,12600
43.0,6.47,102800,666658.0,6.46,6.45,6.44,6.43,6.42,6.41,6.4,6.39,6.37,6.36,6.47,6.48,6.49,6.5,6.51,6.52,6.53,6.54,6.55,6.56,3300,5400,7400,15600,3000,50000,9500,3000,1600,21000,2700,10100,4600,24600,55900,54500,7100,11100,42600,12600
44.0,6.47,103300,669893.0,6.46,6.45,6.44,6.43,6.42,6.41,6.4,6.39,6.37,6.36,6.47,6.48,6.49,6.5,6.51,6.52,6.53,6.54,6.55,6.56,3400,5400,7400,15600,3000,50000,9500,3000,1600,21000,2200,10100,4600,34600,55900,54500,7100,11100,42600,12600
45.0,6.46,103600,671831.0,6.46,6.45,6.44,6.43,6.42,6.41,6.4,6.39,6.37,6.36,6.47,6.48,6.49,6.5,6.51,6.52,6.53,6.54,6.55,6.56,3100,5400,7400,15600,3000,50000,9500,3000,1600,21000,2200,10100,4600,34600,55900,54500,7100,11100,42600,12600
46.0,6.47,104100,675066.0,6.46,6.45,6.44,6.43,6.42,6.41,6.4,6.39,6.37,6.36,6.47,6.48,6.49,6.5,6.51,6.52,6.53,6.54,6.55,6.56,3100,5400,7400,15600,3000,50000,9500,3000,1600,21000,1700,10100,4600,34600,55900,54500,7100,11100,42600,12600
47.0,6.47,104100,675066.0,6.46,6.45,6.44,6.43,6.42,6.41,6.4,6.39,6.37,6.36,6.47,6.48,6.49,6.5,6.51,6.52,6.53,6.54,6.55,6.56,3100,5400,7400,15600,3000,50000,9500,3000,1600,21000,4200,13500,10300,34600,55900,54500,7100,11100,42600,12600
48.0,6.47,104100,675066.0,6.46,6.45,6.44,6.43,6.42,6.41,6.4,6.39,6.37,6.36,6.47,6.48,6.49,6.5,6.51,6.52,6.53,6.54,6.55,6.56,3100,5400,7400,15600,3000,50000,9500,3000,1600,21000,4200,13500,12500,34600,55900,54500,7100,11100,42600,12600
49.0,6.47,104100,675066.0,6.46,6.45,6.44,6.43,6.42,6.41,6.4,6.39,6.37,6.36,6.47,6.48,6.49,6.5,6.51,6.52,6.53,6.54,6.55,6.56,3100,5400,7400,15600,3000,50000,9500,3000,1600,21000,4200,13500,12500,34600,55900,54500,7100,11100,42600,12600
50.0,6.47,104100,675066.0,6.46,6.45,6.44,6.43,6.42,6.41,6.4,6.39,6.37,6.36,6.47,6.48,6.49,6.5,6.51,6.52,6.53,6.54,6.55,6.56,3100,5400,7400,15600,3000,50000,9500,3000,1600,21000,4200,11700,12500,34600,55900,54500,7100,11100,42600,12600
51.0,6.47,104200,675713.0,6.46,6.45,6.44,6.43,6.42,6.41,6.4,6.39,6.37,6.36,6.47,6.48,6.49,6.5,6.51,6.52,6.53,6.54,6.55,6.56,3100,5400,7400,15600,3000,50000,9500,3000,1600,21000,4100,11700,12500,34600,55900,54500,7100,11100,42600,12600
52.0,6.46,104500,677651.0,6.46,6.45,6.44,6.43,6.42,6.41,6.4,6.39,6.37,6.36,6.47,6.48,6.49,6.5,6.51,6.52,6.53,6.54,6.55,6.56,2800,5400,7400,15600,3000,50000,9500,3000,1600,21000,4100,11700,12500,34600,55900,54500,7100,11100,42600,12600
53.0,6.46,105000,680881.0,6.46,6.45,6.44,6.43,6.42,6.41,6.4,6.39,6.37,6.36,6.47,6.48,6.49,6.5,6.51,6.52,6.53,6.54,6.55,6.56,2400,5400,7400,15600,3000,50000,9500,3000,1600,21000,4200,11700,12500,34600,55900,54500,7100,11100,42600,12600
54.0,6.46,105000,680881.0,6.46,6.45,6.44,6.43,6.42,6.41,6.4,6.39,6.37,6.36,6.47,6.48,6.49,6.5,6.51,6.52,6.53,6.54,6.55,6.56,2400,5400,7400,15600,3000,50000,9500,3000,1600,21000,4200,11700,12500,34600,55900,54500,7100,11100,42600,12600
55.0,6.46,105000,680881.0,6.46,6.45,6.44,6.43,6.42,6.41,6.4,6.39,6.37,6.36,6.47,6.48,6.49,6.5,6.51,6.52,6.53,6.54,6.55,6.56,2400,5400,7400,15600,3000,50000,9500,3000,1600,21000,4200,11700,12500,34600,55900,54500,7100,11100,42600,12600
56.0,6.46,105000,680881.0,6.46,6.45,6.44,6.43,6.42,6.41,6.4,6.39,6.37,6.36,6.47,6.48,6.49,6.5,6.51,6.52,6.53,6.54,6.55,6.56,2400,5400,7400,15600,3000,50000,9500,3000,1600,21000,5800,11700,11400,34600,55900,54500,7100,11100,42600,12600
57.0,6.46,105100,681527.0,6.46,6.45,6.44,6.43,6.42,6.41,6.4,6.39,6.37,6.36,6.47,6.48,6.49,6.5,6.51,6.52,6.53,6.54,6.55,6.56,2300,5400,7400,15600,3000,50000,9500,3000,1600,21000,5800,11700,11400,34600,55900,54500,7100,11100,42600,12600
58.0,6.46,105100,681527.0,6.46,6.45,6.44,6.43,6.42,6.41,6.4,6.39,6.37,6.36,6.47,6.48,6.49,6.5,6.51,6.52,6.53,6.54,6.55,6.56,2300,5400,7400,15600,3000,50000,9500,3000,1600,21000,5800,11700,11400,34600,55900,54500,7100,11100,42600,12600
59.0,6.46,105500,684111.0,6.46,6.45,6.44,6.43,6.42,6.41,6.4,6.39,6.37,6.36,6.47,6.48,6.49,6.5,6.51,6.52,6.53,6.54,6.55,6.56,1900,5400,7400,15600,3000,50000,9500,3000,1600,21000,5800,11700,11400,44600,55900,54500,7100,11100,42600,12600
60.0,6.46,105500,684111.0,6.46,6.45,6.44,6.43,6.42,6.41,6.4,6.39,6.37,6.36,6.47,6.48,6.49,6.5,6.51,6.52,6.53,6.54,6.55,6.56,1900,5400,7400,15600,3000,50000,9500,3000,1600,21000,5800,11700,11400,44600,55900,54500,7100,11100,42600,12600
61.0,6.46,105500,684111.0,6.46,6.45,6.44,6.43,6.42,6.41,6.4,6.39,6.37,6.36,6.47,6.48,6.49,6.5,6.51,6.52,6.53,6.54,6.55,6.56,2100,5400,7400,15600,3000,50000,9500,3000,1600,21000,5800,11700,11400,44600,55900,54500,7100,11100,42600,12600
62.0,6.46,105700,685403.0,6.46,6.45,6.44,6.43,6.42,6.41,6.4,6.39,6.37,6.36,6.47,6.48,6.49,6.5,6.51,6.52,6.53,6.54,6.55,6.56,1900,5400,7400,15600,3000,50000,9500,3000,1600,21000,6200,11700,11400,44600,54800,54500,7100,11100,42600,12600
63.0,6.46,105700,685403.0,6.46,6.45,6.44,6.43,6.42,6.41,6.4,6.39,6.37,6.36,6.47,6.48,6.49,6.5,6.51,6.52,6.53,6.54,6.55,6.56,1900,5400,7400,15600,3000,50000,9500,3000,1600,21000,6200,11700,11400,44600,54800,54500,7100,11100,42600,12600
64.0,6.46,106600,691223.0,6.46,6.45,6.44,6.43,6.42,6.41,6.4,6.39,6.37,6.36,6.47,6.48,6.49,6.5,6.51,6.52,6.53,6.54,6.55,6.56,1800,5400,7400,15600,3000,50000,9500,3000,1600,21000,5600,11700,11400,44600,54800,54500,7100,11100,42600,12600
65.0,6.46,106800,692515.0,6.46,6.45,6.44,6.43,6.42,6.41,6.4,6.39,6.37,6.36,6.47,6.48,6.49,6.5,6.51,6.52,6.53,6.54,6.55,6.56,1600,5000,7400,15600,3000,50000,9500,3000,1600,21000,6700,11700,11400,43000,54800,54500,7100,11100,42600,12600
66.0,6.46,106900,693161.0,6.46,6.45,6.44,6.43,6.42,6.41,6.4,6.39,6.37,6.36,6.47,6.48,6.49,6.5,6.51,6.52,6.53,6.54,6.55,6.56,1500,5000,7400,15600,3000,50000,9500,3000,1600,21000,6700,16100,11400,43000,54800,54500,7100,11100,42600,12600
67.0,6.47,107500,697043.0,6.46,6.45,6.44,6.43,6.42,6.41,6.4,6.39,6.37,6.36,6.47,6.48,6.49,6.5,6.51,6.52,6.53,6.54,6.55,6.56,1500,5000,7400,15600,3000,50000,9500,3000,1600,21000,6100,16100,11400,43000,54800,54500,7100,11100,42600,12600
68.0,6.47,108200,701570.0,6.46,6.45,6.44,6.43,6.42,6.41,6.4,6.39,6.37,6.36,6.47,6.48,6.49,6.5,6.51,6.52,6.53,6.54,6.55,6.56,1300,5000,7900,19100,3000,50000,9500,3000,1600,21000,5600,16100,11400,42400,54800,54500,7100,11100,42600,12600
69.0,6.46,109500,709968.0,6.45,6.44,6.43,6.42,6.41,6.4,6.39,6.37,6.36,6.35,6.46,6.47,6.48,6.49,6.5,6.51,6.52,6.53,6.54,6.55,5000,7900,19100,3000,50000,9500,3000,1600,21000,4600,300,5600,16100,11400,42400,54800,54500,7100,11100,42600
70.0,6.46,109500,709968.0,6.45,6.44,6.43,6.42,6.41,6.4,6.39,6.37,6.36,6.35,6.46,6.47,6.48,6.49,6.5,6.51,6.52,6.53,6.54,6.55,5000,7900,19100,3000,50000,9500,3000,1600,21000,4600,500,5600,15900,11400,42400,54800,54500,7100,11100,42600
71.0,6.46,109500,709968.0,6.45,6.44,6.43,6.42,6.41,6.4,6.39,6.37,6.36,6.35,6.46,6.47,6.48,6.49,6.5,6.51,6.52,6.53,6.54,6.55,5000,7900,19100,3000,50000,9500,3000,1600,21000,4600,500,5600,15900,11400,42400,54800,54500,7100,11100,42600
72.0,6.46,109500,709968.0,6.45,6.44,6.43,6.42,6.41,6.4,6.39,6.37,6.36,6.35,6.46,6.47,6.48,6.49,6.5,6.51,6.52,6.53,6.54,6.55,5000,7900,19100,3000,50000,9500,3000,1600,21000,4600,500,5600,15900,11400,42400,54800,54500,7100,11100,42600
73.0,6.45,110000,713193.0,6.45,6.44,6.43,6.42,6.41,6.4,6.39,6.37,6.36,6.35,6.46,6.47,6.48,6.49,6.5,6.51,6.52,6.53,6.54,6.55,4500,7900,19100,3000,50000,9500,3000,1600,21000,4600,500,5600,15900,11400,42400,54800,54500,7100,11100,42600
74.0,6.45,110000,713193.0,6.45,6.44,6.43,6.42,6.41,6.4,6.39,6.37,6.36,6.35,6.46,6.47,6.48,6.49,6.5,6.51,6.52,6.53,6.54,6.55,4500,7900,19100,3000,50000,9500,3000,1600,21000,4600,1500,6500,15900,11400,42400,54800,54500,7100,11100,42600
75.0,6.45,110000,713193.0,6.45,6.44,6.43,6.42,6.41,6.4,6.39,6.37,6.36,6.35,6.46,6.47,6.48,6.49,6.5,6.51,6.52,6.53,6.54,6.55,4500,7900,19100,3000,50000,9500,3000,1600,21000,4600,1500,6500,15900,11400,44000,54800,54500,7100,11100,42600
76.0,6.45,110900,718998.0,6.45,6.44,6.43,6.42,6.41,6.4,6.39,6.37,6.36,6.35,6.46,6.47,6.48,6.49,6.5,6.51,6.52,6.53,6.54,6.55,3600,7900,19100,3000,50000,9500,3000,1600,21000,4600,3100,6500,15900,11400,44000,54800,55500,7100,11100,42600
77.0,6.45,111300,721581.0,6.45,6.44,6.43,6.42,6.41,6.4,6.39,6.37,6.36,6.35,6.46,6.47,6.48,6.49,6.5,6.51,6.52,6.53,6.54,6.55,3500,7900,19100,3000,50000,9500,3000,1600,21000,4600,5100,6500,15900,11400,44000,54800,55500,7100,11100,42600
78.0,6.45,111300,721581.0,6.45,6.44,6.43,6.42,6.41,6.4,6.39,6.37,6.36,6.35,6.46,6.47,6.48,6.49,6.5,6.51,6.52,6.53,6.54,6.55,3500,7900,19100,3000,50000,9500,3000,1600,21000,4600,5100,6400,15900,11400,44000,54800,55500,7100,11100,42600
79.0,6.45,111300,721581.0,6.45,6.44,6.43,6.42,6.41,6.4,6.39,6.37,6.36,6.35,6.46,6.47,6.48,6.49,6.5,6.51,6.52,6.53,6.54,6.55,3500,7900,19100,3000,50000,9500,3000,1600,21000,4600,5100,6400,15900,11400,44000,54800,55500,7100,11100,42600
80.0,6.45,111300,721581.0,6.45,6.44,6.43,6.42,6.41,6.4,6.39,6.37,6.36,6.35,6.46,6.47,6.48,6.49,6.5,6.51,6.52,6.53,6.54,6.55,3500,7900,19100,3000,50000,9500,3000,1600,21000,4600,8000,4900,13300,11400,46000,59800,55500,7100,11100,42600
81.0,6.45,112400,728684.0,6.45,6.44,6.43,6.42,6.41,6.4,6.39,6.37,6.36,6.35,6.46,6.47,6.48,6.49,6.5,6.51,6.52,6.53,6.54,6.55,3200,7900,19100,3000,50000,9500,3000,1600,21000,4600,7200,4900,13300,11400,46000,59800,55500,7100,11100,42600
82.0,6.45,112400,728684.0,6.45,6.44,6.43,6.42,6.41,6.4,6.39,6.37,6.36,6.35,6.46,6.47,6.48,6.49,6.5,6.51,6.52,6.53,6.54,6.55,3200,7900,19100,3000,50000,9500,3000,1600,21000,4600,7200,4900,13300,11400,46000,59800,55500,7100,11100,42600
83.0,6.45,112400,728684.0,6.45,6.44,6.43,6.42,6.41,6.4,6.39,6.37,6.36,6.35,6.46,6.47,6.48,6.49,6.5,6.51,6.52,6.53,6.54,6.55,3200,7900,19100,3000,50000,9500,3000,1600,21000,4600,9600,4900,13300,11400,46000,59800,55500,7100,11100,42600
84.0,6.46,113300,734498.0,6.45,6.44,6.43,6.42,6.41,6.4,6.39,6.37,6.36,6.35,6.46,6.47,6.48,6.49,6.5,6.51,6.52,6.53,6.54,6.55,3200,7900,19100,3000,50000,9500,3000,1600,21000,4600,8700,4900,13300,11400,46000,59800,55500,7100,11100,52600
85.0,6.46,113300,734498.0,6.45,6.44,6.43,6.42,6.41,6.4,6.39,6.37,6.36,6.35,6.46,6.47,6.48,6.49,6.5,6.51,6.52,6.53,6.54,6.55,3200,7900,19100,3000,50000,9500,3000,1600,21000,4600,8700,4900,13300,11400,46000,59800,55500,7100,11100,52600
86.0,6.46,113400,735144.0,6.45,6.44,6.43,6.42,6.41,6.4,6.39,6.37,6.36,6.35,6.46,6.47,6.48,6.49,6.5,6.51,6.52,6.53,6.54,6.55,3200,7900,19100,3000,50000,9500,3000,1600,21000,4600,8600,4900,13300,11400,46000,59800,55500,7100,11100,52600
87.0,6.46,113400,735144.0,6.45,6.44,6.43,6.42,6.41,6.4,6.39,6.37,6.36,6.35,6.46,6.47,6.48,6.49,6.5,6.51,6.52,6.53,6.54,6.55,3200,7900,19100,3000,50000,9500,3000,1600,21000,4600,8600,4900,15300,11400,46000,59800,55500,7100,11100,52600
88.0,6.45,113700,737079.0,6.45,6.44,6.43,6.42,6.41,6.4,6.39,6.37,6.36,6.35,6.46,6.47,6.48,6.49,6.5,6.51,6.52,6.53,6.54,6.55,2900,7900,19100,3000,50000,9500,3000,1600,21000,4600,8600,4900,15300,11400,46000,59800,55500,7100,11100,52600
89.0,6.45,113700,737079.0,6.45,6.44,6.43,6.42,6.41,6.4,6.39,6.37,6.36,6.35,6.46,6.47,6.48,6.49,6.5,6.51,6.52,6.53,6.54,6.55,2900,7900,19100,3000,50000,9500,3000,1600,21000,4600,11300,4900,14800,11400,46000,59800,55500,7100,11100,52600
90.0,6.46,113900,738371.0,6.45,6.44,6.43,6.42,6.41,6.4,6.39,6.37,6.36,6.35,6.46,6.47,6.48,6.49,6.5,6.51,6.52,6.53,6.54,6.55,2900,7900,19100,3000,50000,9500,3000,1600,21000,4600,12500,4900,14800,11400,46000,59800,58500,7100,11100,52600
91.0,6.46,114100,739663.0,6.45,6.44,6.43,6.42,6.41,6.4,6.39,6.37,6.36,6.35,6.46,6.47,6.48,6.49,6.5,6.51,6.52,6.53,6.54,6.55,2900,7900,19100,3000,50000,9500,3000,1600,21000,4600,12300,4900,14800,11400,46000,59800,58500,7100,11100,52600
92.0,6.46,114100,739663.0,6.45,6.44,6.43,6.42,6.41,6.4,6.39,6.37,6.36,6.35,6.46,6.47,6.48,6.49,6.5,6.51,6.52,6.53,6.54,6.55,2900,7900,19100,3000,50000,9500,3000,1600,21000,4600,12800,4900,14800,11400,46000,59800,58500,7100,11100,52600
93.0,6.46,114100,739663.0,6.45,6.44,6.43,6.42,6.41,6.4,6.39,6.37,6.36,6.35,6.46,6.47,6.48,6.49,6.5,6.51,6.52,6.53,6.54,6.55,5900,7900,19100,3000,50000,9500,3000,1600,21000,4600,12800,4900,14800,11400,46000,59800,58500,7100,11100,52600
94.0,6.46,114100,739663.0,6.45,6.44,6.43,6.42,6.41,6.4,6.39,6.37,6.36,6.35,6.46,6.47,6.48,6.49,6.5,6.51,6.52,6.53,6.54,6.55,5900,7900,19100,3000,50000,9500,3000,1600,21000,4600,12800,4900,14800,11400,46000,59800,58500,7100,11100,52600
95.0,6.45,114600,742888.0,6.45,6.44,6.43,6.42,6.41,6.4,6.39,6.37,6.36,6.35,6.46,6.47,6.48,6.49,6.5,6.51,6.52,6.53,6.54,6.55,5400,7400,19100,3000,50000,9500,3000,1600,21000,4600,13600,4900,14800,11400,46000,59800,58500,7100,11100,52600
96.0,6.45,114600,742888.0,6.45,6.44,6.43,6.42,6.41,6.4,6.39,6.37,6.36,6.35,6.46,6.47,6.48,6.49,6.5,6.51,6.52,6.53,6.54,6.55,5400,7400,19100,3000,50000,9500,3000,1600,21000,4600,13600,4900,14800,11400,46000,59800,58500,7100,11100,52600
97.0,6.45,114600,742888.0,6.45,6.44,6.43,6.42,6.41,6.4,6.39,6.37,6.36,6.35,6.46,6.47,6.48,6.49,6.5,6.51,6.52,6.53,6.54,6.55,5400,7400,19100,3000,50000,9500,3000,1600,21000,4600,13600,4900,14800,11400,46000,59700,58500,7100,11100,52600
98.0,6.45,115600,749338.0,6.45,6.44,6.43,6.42,6.41,6.4,6.39,6.37,6.36,6.35,6.46,6.47,6.48,6.49,6.5,6.51,6.52,6.53,6.54,6.55,4400,7400,19100,3000,50000,9500,3000,1600,21000,4600,13600,4900,14800,11400,46000,59700,58500,7100,11100,52600
99.0,6.45,115600,749338.0,6.45,6.44,6.43,6.42,6.41,6.4,6.39,6.37,6.36,6.35,6.46,6.47,6.48,6.49,6.5,6.51,6.52,6.53,6.54,6.55,4400,7400,19100,3000,50000,9500,3000,1600,21000,4600,13600,4900,14800,11400,46000,59700,58500,7100,11100,52600
100.0,6.45,115600,749338.0,6.45,6.44,6.43,6.42,6.41,6.4,6.39,6.37,6.36,6.35,6.46,6.47,6.48,6.49,6.5,6.51,6.52,6.53,6.54,6.55,4400,7400,19100,3000,50000,9500,3000,1600,21000,4600,13600,4900,14800,11400,46000,59700,58500,7100,11100,52600
101.0,6.45,115600,749338.0,6.45,6.44,6.43,6.42,6.41,6.4,6.39,6.37,6.36,6.35,6.46,6.47,6.48,6.49,6.5,6.51,6.52,6.53,6.54,6.55,4400,7400,19100,3000,50000,9500,3000,1600,21000,4600,13600,4900,14800,11400,46000,59700,58500,7100,11100,52600
102.0,6.45,115600,749338.0,6.45,6.44,6.43,6.42,6.41,6.4,6.39,6.37,6.36,6.35,6.46,6.47,6.48,6.49,6.5,6.51,6.52,6.53,6.54,6.55,4400,7400,19100,3000,50000,9500,3000,1600,21000,4600,13600,4900,14800,11400,46000,59700,58500,7100,11100,52600
103.0,6.45,115600,749338.0,6.45,6.44,6.43,6.42,6.41,6.4,6.39,6.37,6.36,6.35,6.46,6.47,6.48,6.49,6.5,6.51,6.52,6.53,6.54,6.55,4400,7400,19100,3000,60000,9500,3000,1600,21000,4600,13600,4900,14800,11400,46000,59700,58500,7100,11100,52600
104.0,6.45,115600,749338.0,6.45,6.44,6.43,6.42,6.41,6.4,6.39,6.37,6.36,6.35,6.46,6.47,6.48,6.49,6.5,6.51,6.52,6.53,6.54,6.55,4400,7400,19600,3000,60000,9500,3000,1600,21000,4600,13800,4900,14800,11400,48400,59700,58500,7100,11100,52600
105.0,6.46,116900,757736.0,6.45,6.44,6.43,6.42,6.41,6.4,6.39,6.37,6.36,6.35,6.46,6.47,6.48,6.49,6.5,6.51,6.52,6.53,6.54,6.55,4400,7400,19600,3000,60000,9500,3000,1600,21000,4600,12500,4900,14800,11400,48400,59700,58500,7100,11100,52600
106.0,6.46,116900,757736.0,6.45,6.44,6.43,6.42,6.41,6.4,6.39,6.37,6.36,6.35,6.46,6.47,6.48,6.49,6.5,6.51,6.52,6.53,6.54,6.55,4600,7400,19600,3000,60000,9500,3000,1600,21000,4600,13800,4900,14800,11400,48400,59700,58500,7100,11100,52600
107.0,6.46,116900,757736.0,6.45,6.44,6.43,6.42,6.41,6.4,6.39,6.37,6.36,6.35,6.46,6.47,6.48,6.49,6.5,6.51,6.52,6.53,6.54,6.55,4600,7400,19600,3000,60000,9500,3000,1600,21000,4600,13800,4900,14800,11400,48400,59700,58500,7100,11100,52600
108.0,6.46,118200,766134.0,6.45,6.44,6.43,6.42,6.41,6.4,6.39,6.37,6.36,6.35,6.46,6.47,6.48,6.49,6.5,6.51,6.52,6.53,6.54,6.55,4600,7400,19600,3000,60000,9500,3000,1600,21000,4600,12500,4900,14800,11400,48400,59700,58500,7100,11100,52600
109.0,6.46,118200,766134.0,6.45,6.44,6.43,6.42,6.41,6.4,6.39,6.37,6.36,6.35,6.46,6.47,6.48,6.49,6.5,6.51,6.52,6.53,6.54,6.55,4600,7400,19600,3000,60500,9500,3000,1600,21000,4600,12500,4900,14800,11400,48400,59700,58500,7100,11100,52600
110.0,6.46,120700,782284.0,6.45,6.44,6.43,6.42,6.41,6.4,6.39,6.37,6.36,6.35,6.46,6.47,6.48,6.49,6.5,6.51,6.52,6.53,6.54,6.55,4600,7400,19600,3000,60500,9500,3000,1600,21000,4600,10000,4900,14800,11400,48800,59700,59300,7100,11100,52600
111.0,6.46,121700,788744.0,6.45,6.44,6.43,6.42,6.41,6.4,6.39,6.37,6.36,6.35,6.46,6.47,6.48,6.49,6.5,6.51,6.52,6.53,6.54,6.55,4600,7400,19600,3000,60500,9500,3000,1600,21000,4600,9000,4900,14800,11400,48800,59700,59300,7100,11100,52600
112.0,6.46,121700,788744.0,6.45,6.44,6.43,6.42,6.41,6.4,6.39,6.37,6.36,6.35,6.46,6.47,6.48,6.49,6.5,6.51,6.52,6.53,6.54,6.55,4600,7400,19600,3000,60500,9500,3000,1600,21000,4600,9000,4900,14800,11400,48800,59700,59300,7100,11100,52600
113.0,6.45,121800,789389.0,6.45,6.44,6.43,6.42,6.41,6.4,6.39,6.37,6.36,6.35,6.46,6.47,6.48,6.49,6.5,6.51,6.52,6.53,6.54,6.55,4500,7400,19600,3000,60500,9500,3000,1600,21000,4600,13400,4900,14800,11400,48800,59700,59300,7100,11100,52600
114.0,6.46,123100,797787.0,6.45,6.44,6.43,6.42,6.41,6.4,6.39,6.37,6.36,6.35,6.46,6.47,6.48,6.49,6.5,6.51,6.52,6.53,6.54,6.55,4500,7400,19600,3000,60500,9500,3000,1600,21000,4600,12100,4900,14800,11400,48800,59700,59300,7100,11100,52600
115.0,6.46,123100,797787.0,6.45,6.44,6.43,6.42,6.41,6.4,6.39,6.37,6.36,6.35,6.46,6.47,6.48,6.49,6.5,6.51,6.52,6.53,6.54,6.55,4500,7400,19600,3000,60500,9500,3000,1600,21000,4600,12100,4900,14800,11400,48800,59700,59300,7100,11100,52600
116.0,6.45,124900,809397.0,6.45,6.44,6.43,6.42,6.41,6.4,6.39,6.37,6.36,6.35,6.46,6.47,6.48,6.49,6.5,6.51,6.52,6.53,6.54,6.55,2700,7400,19600,3000,60500,9500,3000,1600,21000,4600,12100,4900,14800,11400,48800,59700,59300,7100,11100,52600
117.0,6.45,125800,815202.0,6.45,6.44,6.43,6.42,6.41,6.4,6.39,6.37,6.36,6.35,6.46,6.47,6.48,6.49,6.5,6.51,6.52,6.53,6.54,6.55,1800,7400,19600,3000,60500,9500,3000,1600,21000,4600,12100,4900,14800,11400,48800,59700,59300,7100,11100,52600
118.0,6.46,127000,822954.0,6.45,6.44,6.43,6.42,6.41,6.4,6.39,6.37,6.36,6.35,6.46,6.47,6.48,6.49,6.5,6.51,6.52,6.53,6.54,6.55,1800,7400,19600,3000,60500,9500,3000,1600,21000,4600,12200,4900,14800,11400,48800,59700,59300,7100,11100,52600
119.0,6.46,144100,933371.0,6.46,6.44,6.43,6.42,6.41,6.4,6.39,6.37,6.36,6.35,6.47,6.48,6.49,6.5,6.51,6.52,6.53,6.54,6.55,6.56,4700,7400,19600,5000,60500,9500,3000,1600,21000,4600,4900,14700,10100,48200,59700,59300,7100,11100,52600,12600
120.0,6.46,145200,940477.0,6.46,6.44,6.43,6.42,6.41,6.4,6.39,6.37,6.36,6.35,6.47,6.48,6.49,6.5,6.51,6.52,6.53,6.54,6.55,6.56,3600,7400,19600,5000,60500,9500,3000,1600,21000,4600,5300,14700,10100,48200,59700,59300,7100,11100,52600,12600
121.0,6.46,150300,973438.0,6.45,6.44,6.43,6.42,6.41,6.4,6.39,6.37,6.36,6.35,6.46,6.47,6.48,6.49,6.5,6.51,6.52,6.53,6.54,6.55,300,7400,19600,5000,60500,9500,3000,1600,21000,4600,1100,3800,14700,10100,48200,59700,59300,7100,11100,52600
122.0,6.46,150300,973438.0,6.45,6.44,6.43,6.42,6.41,6.4,6.39,6.37,6.36,6.35,6.46,6.47,6.48,6.49,6.5,6.51,6.52,6.53,6.54,6.55,500,7400,19600,5000,60500,9500,3000,1600,21000,4600,2100,3400,14700,10100,48200,59700,59300,7100,11100,52600
123.0,6.45,150900,977308.0,6.44,6.43,6.42,6.41,6.4,6.39,6.37,6.36,6.35,6.34,6.45,6.46,6.47,6.48,6.49,6.5,6.51,6.52,6.53,6.54,7400,19600,5000,60500,9500,3000,1600,21000,4600,10000,3500,2100,3400,14700,10100,48200,59700,59300,7100,11100
124.0,6.45,151300,979888.0,6.44,6.43,6.42,6.41,6.4,6.39,6.37,6.36,6.35,6.34,6.45,6.46,6.47,6.48,6.49,6.5,6.51,6.52,6.53,6.54,7700,19600,5000,60500,9500,3000,1600,21000,4600,10000,3100,2100,3400,14700,10100,48200,59700,59300,7100,11100
125.0,6.45,154500,1000521.0,6.44,6.43,6.42,6.41,6.4,6.39,6.37,6.36,6.35,6.34,6.45,6.46,6.47,6.48,6.49,6.5,6.51,6.52,6.53,6.54,8600,19600,5000,60500,9500,3000,1600,21000,4600,10000,600,2100,2300,14700,10100,48200,59700,59300,7100,11100
126.0,6.45,155100,1004391.0,6.45,6.44,6.43,6.42,6.41,6.4,6.39,6.37,6.36,6.35,6.46,6.47,6.48,6.49,6.5,6.51,6.52,6.53,6.54,6.55,3200,8600,19600,5000,60500,9500,3000,1600,21000,4600,2100,2300,14700,10100,48200,59700,59300,7100,11100,52600
127.0,6.45,155100,1004391.0,6.45,6.44,6.43,6.42,6.41,6.4,6.39,6.37,6.36,6.35,6.46,6.47,6.48,6.49,6.5,6.51,6.52,6.53,6.54,6.55,3900,8600,19600,5000,60500,9500,3000,1600,21000,4600,2100,2300,14700,10100,48200,59700,59300,7100,11100,52600
128.0,6.45,155100,1004391.0,6.45,6.44,6.43,6.42,6.41,6.4,6.39,6.37,6.36,6.35,6.46,6.47,6.48,6.49,6.5,6.51,6.52,6.53,6.54,6.55,4000,7000,19600,5000,60500,9500,3000,1600,21000,4600,3200,2300,14700,10100,48200,59700,59300,7100,11100,52600
129.0,6.46,155400,1006329.0,6.45,6.44,6.43,6.42,6.41,6.4,6.39,6.37,6.36,6.35,6.46,6.47,6.48,6.49,6.5,6.51,6.52,6.53,6.54,6.55,4000,7000,19600,5000,60500,9500,3000,1600,21000,4600,2900,2300,14700,10100,48200,59700,59300,7100,11100,52600
130.0,6.46,155400,1006329.0,6.45,6.44,6.43,6.42,6.41,6.4,6.39,6.37,6.36,6.35,6.46,6.47,6.48,6.49,6.5,6.51,6.52,6.53,6.54,6.55,4000,7000,19600,5000,60500,9500,3000,1600,21000,4600,2900,2300,14700,10100,48200,59700,59300,9100,11100,52600
131.0,6.45,156200,1011489.0,6.45,6.44,6.43,6.42,6.41,6.4,6.39,6.37,6.36,6.35,6.46,6.47,6.48,6.49,6.5,6.51,6.52,6.53,6.54,6.55,3200,7000,19600,5000,60500,9500,3000,1600,21000,4600,2900,2300,14700,10100,48200,59700,59300,9100,11100,52600
132.0,6.46,159400,1032158.0,6.46,6.45,6.44,6.43,6.42,6.41,6.4,6.39,6.37,6.36,6.47,6.48,6.49,6.5,6.51,6.52,6.53,6.54,6.55,6.56,1200,3300,7000,19600,5000,60500,9500,3000,1600,21000,2300,14700,10100,48200,59700,59300,9100,11100,52600,12600
133.0,6.47,159800,1034746.0,6.46,6.45,6.44,6.43,6.42,6.41,6.4,6.39,6.37,6.36,6.47,6.48,6.49,6.5,6.51,6.52,6.53,6.54,6.55,6.56,1200,3300,7000,19600,5000,60500,9500,3000,1600,21000,1900,14700,10100,48200,59700,59300,9100,11100,52600,12600
134.0,6.47,159800,1034746.0,6.46,6.45,6.44,6.43,6.42,6.41,6.4,6.39,6.37,6.36,6.47,6.48,6.49,6.5,6.51,6.52,6.53,6.54,6.55,6.56,1200,3300,7000,19600,5000,60500,9500,3000,1600,21000,1900,14700,10100,48200,59700,59300,9100,11100,52600,12600
135.0,6.47,159800,1034746.0,6.46,6.45,6.44,6.43,6.42,6.41,6.4,6.39,6.37,6.36,6.47,6.48,6.49,6.5,6.51,6.52,6.53,6.54,6.55,6.56,1200,3300,7000,19600,5000,60500,9500,3000,1600,21000,1900,14700,10100,48200,59700,59300,9100,11100,52600,12600
136.0,6.47,159900,1035393.0,6.46,6.45,6.44,6.43,6.42,6.41,6.4,6.39,6.37,6.36,6.47,6.48,6.49,6.5,6.51,6.52,6.53,6.54,6.55,6.56,1200,3300,7000,19600,5000,60500,9500,3000,1600,21000,1800,14700,10100,48200,59700,59300,9100,11100,52600,12600
137.0,6.46,160100,1036685.0,6.46,6.45,6.44,6.43,6.42,6.41,6.4,6.39,6.37,6.36,6.47,6.48,6.49,6.5,6.51,6.52,6.53,6.54,6.55,6.56,1000,3600,7000,19600,5000,60500,9500,3000,1600,21000,1800,14700,10100,48200,59700,59300,9100,11100,52600,12600
138.0,6.47,160400,1038626.0,6.46,6.45,6.44,6.43,6.42,6.41,6.4,6.39,6.37,6.36,6.47,6.48,6.49,6.5,6.51,6.52,6.53,6.54,6.55,6.56,1000,3600,7000,19600,5000,60500,9500,3000,1600,21000,1500,14700,10100,48200,59700,59300,9100,11100,52600,12600
139.0,6.46,160600,1039919.0,6.46,6.45,6.44,6.43,6.42,6.41,6.4,6.39,6.37,6.36,6.47,6.48,6.49,6.5,6.51,6.52,6.53,6.54,6.55,6.56,900,3600,7000,19600,5000,60500,9500,3000,1600,21000,1400,14700,10100,48200,59700,59300,9100,11100,52600,12600
140.0,6.46,161100,1043149.0,6.46,6.45,6.44,6.43,6.42,6.41,6.4,6.39,6.37,6.36,6.47,6.48,6.49,6.5,6.51,6.52,6.53,6.54,6.55,6.56,400,4200,7000,19600,5000,60500,9500,3000,1600,21000,1400,14700,10100,48200,59700,59300,9100,11100,52600,12600
141.0,6.46,161100,1043149.0,6.46,6.45,6.44,6.43,6.42,6.41,6.4,6.39,6.37,6.36,6.47,6.48,6.49,6.5,6.51,6.52,6.53,6.54,6.55,6.56,400,4200,7000,19600,5000,60500,9500,3000,1600,21000,1400,14700,10100,48200,59700,59300,9100,11100,52600,12600
142.0,6.47,161200,1043796.0,6.46,6.45,6.44,6.43,6.42,6.41,6.4,6.39,6.37,6.36,6.47,6.48,6.49,6.5,6.51,6.52,6.53,6.54,6.55,6.56,400,4200,7000,19600,5000,60500,9500,3000,1600,21000,1300,14700,10100,48200,59700,59300,9100,11100,52600,12600
143.0,6.47,161200,1043796.0,6.46,6.45,6.44,6.43,6.42,6.41,6.4,6.39,6.37,6.36,6.47,6.48,6.49,6.5,6.51,6.52,6.53,6.54,6.55,6.56,400,4200,7000,19600,5000,60500,9500,3000,1600,21000,1300,14700,10100,48200,59700,64300,9100,11100,52600,12600
144.0,6.47,161200,1043796.0,6.46,6.45,6.44,6.43,6.42,6.41,6.4,6.39,6.37,6.36,6.47,6.48,6.49,6.5,6.51,6.52,6.53,6.54,6.55,6.56,400,4200,7000,19600,5000,60500,9500,3000,1600,21000,1300,14700,10100,48200,59700,64300,9100,11100,52600,12600
145.0,6.47,161400,1045090.0,6.46,6.45,6.44,6.43,6.42,6.41,6.4,6.39,6.37,6.36,6.47,6.48,6.49,6.5,6.51,6.52,6.53,6.54,6.55,6.56,400,4200,7000,19600,5000,60500,9500,3000,1600,21000,1100,14700,10100,48200,59700,64300,9100,11100,52600,12600
146.0,6.47,161500,1045737.0,6.46,6.45,6.44,6.43,6.42,6.41,6.4,6.39,6.37,6.36,6.47,6.48,6.49,6.5,6.51,6.52,6.53,6.54,6.55,6.56,400,4400,7000,19600,5000,60500,9500,3000,1600,22000,1000,14700,10100,48200,59700,64300,9100,11100,52600,12600
147.0,6.47,161500,1045737.0,6.46,6.45,6.44,6.43,6.42,6.41,6.4,6.39,6.37,6.36,6.47,6.48,6.49,6.5,6.51,6.52,6.53,6.54,6.55,6.56,400,4400,7000,19600,5000,60500,9500,3000,1600,22000,1000,14700,10100,48200,59700,64300,9100,11100,52600,12600
148.0,6.47,161500,1045737.0,6.46,6.45,6.44,6.43,6.42,6.41,6.4,6.39,6.37,6.36,6.47,6.48,6.49,6.5,6.51,6.52,6.53,6.54,6.55,6.56,400,4400,7000,19600,5000,60500,9500,3000,1600,22000,1000,14700,10100,48200,59700,64300,9100,11100,52600,12600
149.0,6.46,162000,1048968.0,6.45,6.44,6.43,6.42,6.41,6.4,6.39,6.37,6.36,6.35,6.46,6.47,6.48,6.49,6.5,6.51,6.52,6.53,6.54,6.55,4400,7000,19600,5000,60500,9500,3000,1600,22000,4600,700,900,14700,10100,48200,59700,64300,9100,11100,52600
150.0,6.46,162000,1048968.0,6.45,6.44,6.43,6.42,6.41,6.4,6.39,6.37,6.36,6.35,6.46,6.47,6.48,6.49,6.5,6.51,6.52,6.53,6.54,6.55,4400,7000,19600,5000,60500,9500,3000,1600,22000,4600,700,900,14700,10100,46600,59700,64300,9100,11100,52600
151.0,6.46,162000,1048968.0,6.45,6.44,6.43,6.42,6.41,6.4,6.39,6.37,6.36,6.35,6.46,6.47,6.48,6.49,6.5,6.51,6.52,6.53,6.54,6.55,4400,7000,19600,5000,60500,9500,3000,1600,22000,4600,2400,900,14700,10100,46600,59700,64300,9100,11100,52600
152.0,6.45,166300,1076703.0,6.44,6.43,6.42,6.41,6.4,6.39,6.37,6.36,6.35,6.34,6.45,6.46,6.48,6.49,6.5,6.51,6.52,6.53,6.54,6.55,7000,19600,5000,60500,9500,3000,1600,22000,4600,10000,100,2800,14700,10100,46600,59700,64300,9100,11100,52600
153.0,6.46,167000,1081224.0,6.44,6.43,6.42,6.41,6.4,6.39,6.37,6.36,6.35,6.34,6.46,6.48,6.49,6.5,6.51,6.52,6.53,6.54,6.55,6.56,7000,19600,5000,60500,9500,3000,1600,22000,4600,10000,1800,14700,10100,46600,59700,64300,9100,11100,52600,12600
154.0,6.44,168200,1088962.0,6.45,6.44,6.43,6.42,6.41,6.4,6.39,6.37,6.36,6.35,6.46,6.48,6.49,6.5,6.51,6.52,6.53,6.54,6.55,6.56,600,6300,19600,5000,60500,9500,3000,1600,22000,4600,1300,14700,10100,46600,59700,64300,9100,11100,52600,12600
155.0,6.45,168800,1092832.0,6.44,6.43,6.42,6.41,6.4,6.39,6.37,6.36,6.35,6.34,6.45,6.46,6.48,6.49,6.5,6.51,6.52,6.53,6.54,6.55,6300,19600,5000,60500,9500,3000,1600,22000,4600,10000,2200,1800,14700,10100,54100,59700,64300,9100,11100,52600
156.0,6.45,168800,1092832.0,6.44,6.43,6.42,6.41,6.4,6.39,6.37,6.36,6.35,6.34,6.45,6.46,6.48,6.49,6.5,6.51,6.52,6.53,6.54,6.55,6300,19600,5000,60500,9500,3000,1600,22000,4600,10000,5900,1800,14700,10100,54100,59700,64300,9100,11100,52600
157.0,6.45,169900,1099927.0,6.44,6.43,6.42,6.41,6.4,6.39,6.37,6.36,6.35,6.34,6.45,6.46,6.48,6.49,6.5,6.51,6.52,6.53,6.54,6.55,6300,19600,5000,60500,9500,3000,1600,22000,4600,10000,4800,1800,14700,10100,54100,59700,64300,9100,11100,52600
158.0,6.45,169900,1099927.0,6.44,6.43,6.42,6.41,6.4,6.39,6.37,6.36,6.35,6.34,6.45,6.46,6.48,6.49,6.5,6.51,6.52,6.53,6.54,6.55,7900,19600,5000,60500,9500,3000,1600,22000,4600,10000,4800,1300,14700,10100,54100,59700,67300,9100,11100,52600
159.0,6.45,169900,1099927.0,6.44,6.43,6.42,6.41,6.4,6.39,6.37,6.36,6.35,6.34,6.45,6.46,6.48,6.49,6.5,6.51,6.52,6.53,6.54,6.55,7900,19600,5000,60500,9500,3000,1600,22000,4600,10000,4800,1300,14700,10100,54100,59700,67300,9100,11100,52600
160.0,6.45,170300,1102507.0,6.44,6.43,6.42,6.41,6.4,6.39,6.37,6.36,6.35,6.34,6.45,6.46,6.48,6.49,6.5,6.51,6.52,6.53,6.54,6.55,7900,19600,5000,60500,9500,3000,1600,22000,4600,10000,4400,1300,14700,10100,54100,59700,67300,9100,11100,52600
161.0,6.44,171000,1107015.0,6.44,6.43,6.42,6.41,6.4,6.39,6.37,6.36,6.35,6.34,6.45,6.46,6.48,6.49,6.5,6.51,6.52,6.53,6.54,6.55,7000,19600,5000,60500,9500,3000,1600,22000,4600,10000,6900,2900,14700,10100,54100,59700,67300,9100,11100,52600
162.0,6.44,171000,1107015.0,6.44,6.43,6.42,6.41,6.4,6.39,6.37,6.36,6.35,6.34,6.45,6.46,6.48,6.49,6.5,6.51,6.52,6.53,6.54,6.55,7000,19600,5000,60500,9500,3000,1600,22000,4600,10000,6900,2900,14700,10100,54100,59700,67300,9100,11100,52600
163.0,6.45,172000,1113465.0,6.44,6.43,6.42,6.41,6.4,6.39,6.37,6.36,6.35,6.34,6.45,6.46,6.48,6.49,6.5,6.51,6.52,6.53,6.54,6.55,7000,19600,5000,60500,9500,3000,1600,22000,4600,10000,5900,2900,14700,10100,54100,59700,67300,9100,11100,52600
164.0,6.45,172500,1116690.0,6.44,6.43,6.42,6.41,6.4,6.39,6.37,6.36,6.35,6.34,6.45,6.46,6.48,6.49,6.5,6.51,6.52,6.53,6.54,6.55,7000,19600,5000,60500,9500,3000,1600,22000,4600,10000,5400,2900,14700,10100,54100,59700,67300,9100,11100,52600
165.0,6.45,172500,1116690.0,6.44,6.43,6.42,6.41,6.4,6.39,6.37,6.36,6.35,6.34,6.45,6.46,6.48,6.49,6.5,6.51,6.52,6.53,6.54,6.55,7000,19600,5000,60500,9500,3000,1600,22000,4600,10000,5400,1300,14700,10100,54100,59700,67300,9100,11100,52600
166.0,6.45,172500,1116690.0,6.44,6.43,6.42,6.41,6.4,6.39,6.37,6.36,6.35,6.34,6.45,6.46,6.48,6.49,6.5,6.51,6.52,6.53,6.54,6.55,7000,19600,5000,60500,10500,3000,1600,22000,4600,10000,5400,1300,14700,10100,54100,59700,67300,9100,11100,52600
167.0,6.45,173000,1119915.0,6.44,6.43,6.42,6.41,6.4,6.39,6.37,6.36,6.35,6.34,6.45,6.46,6.48,6.49,6.5,6.51,6.52,6.53,6.54,6.55,7900,19600,5000,60500,10500,3000,1600,22000,4600,10000,4900,1300,14700,10100,54100,59700,67300,9100,11100,52600
168.0,6.45,174500,1129590.0,6.44,6.43,6.42,6.41,6.4,6.39,6.37,6.36,6.35,6.34,6.45,6.46,6.48,6.49,6.5,6.51,6.52,6.53,6.54,6.55,7900,19600,5000,60500,10500,3000,1600,22000,4600,10000,3400,1300,14700,10100,54100,59700,67300,9100,11100,52600
169.0,6.44,175200,1134098.0,6.44,6.43,6.42,6.41,6.4,6.39,6.37,6.36,6.35,6.34,6.45,6.46,6.48,6.49,6.5,6.51,6.52,6.53,6.54,6.55,7200,19600,5000,60500,10500,3000,1600,22000,4600,10000,3400,1300,14700,10100,54100,59700,66300,9100,11100,52600
170.0,6.44,175200,1134098.0,6.44,6.43,6.42,6.41,6.4,6.39,6.37,6.36,6.35,6.34,6.45,6.46,6.48,6.49,6.5,6.51,6.52,6.53,6.54,6.55,7200,20000,5000,60500,10500,3000,1600,22000,4600,10000,3600,1300,14700,10100,54100,59700,66300,9100,11100,52600
171.0,6.45,175500,1136033.0,6.44,6.43,6.42,6.41,6.4,6.39,6.37,6.36,6.35,6.34,6.45,6.46,6.48,6.49,6.5,6.51,6.52,6.53,6.54,6.55,7200,20000,5000,60500,10500,3000,1600,22000,4600,10000,4900,1300,14700,10100,54100,59700,66300,9100,11100,52600
172.0,6.45,175500,1136033.0,6.44,6.43,6.42,6.41,6.4,6.39,6.37,6.36,6.35,6.34,6.45,6.46,6.48,6.49,6.5,6.51,6.52,6.53,6.54,6.55,7200,20000,5000,60500,10500,3000,1600,22000,4600,10000,4900,1300,14700,10100,54100,59700,66300,9100,11100,52600
173.0,6.45,175500,1136033.0,6.44,6.43,6.42,6.41,6.4,6.39,6.37,6.36,6.35,6.34,6.45,6.46,6.48,6.49,6.5,6.51,6.52,6.53,6.54,6.55,7200,20000,5000,60500,10500,3000,1600,22000,4600,10000,4900,1300,14700,10100,54100,59700,66300,9100,11100,52600
174.0,6.45,175900,1138613.0,6.44,6.43,6.42,6.41,6.4,6.39,6.37,6.36,6.35,6.34,6.45,6.46,6.48,6.49,6.5,6.51,6.52,6.53,6.54,6.55,7200,20000,5000,60500,10500,3000,1600,22000,4600,10000,4500,1300,14700,10100,54100,59700,66300,9100,11100,52600
175.0,6.45,175900,1138613.0,6.44,6.43,6.42,6.41,6.4,6.39,6.37,6.36,6.35,6.34,6.45,6.46,6.48,6.49,6.5,6.51,6.52,6.53,6.54,6.55,7200,20000,5000,60500,10500,3000,1600,22000,4600,10000,4500,1300,14700,10100,54100,59700,66300,9100,11100,52600
176.0,6.44,176600,1143121.0,6.44,6.43,6.42,6.41,6.4,6.39,6.37,6.36,6.35,6.34,6.45,6.46,6.48,6.49,6.5,6.51,6.52,6.53,6.54,6.55,6500,19500,5000,60500,10500,3000,1600,22000,4600,10000,6700,1300,14700,10100,54100,59700,66300,9100,11100,52600
177.0,6.45,177200,1146991.0,6.44,6.43,6.42,6.41,6.4,6.39,6.37,6.36,6.35,6.34,6.45,6.46,6.48,6.49,6.5,6.51,6.52,6.53,6.54,6.55,6900,19500,5000,60500,10500,3000,1600,22000,4600,10000,6100,1300,14700,10100,54100,59700,66300,9100,11100,52600
178.0,6.45,177200,1146991.0,6.44,6.43,6.42,6.41,6.4,6.39,6.37,6.36,6.35,6.34,6.45,6.46,6.48,6.49,6.5,6.51,6.52,6.53,6.54,6.55,6900,19500,5000,60500,10500,3000,1600,22000,4600,10000,6100,1300,14700,10100,54100,59700,66300,9100,11100,52600
179.0,6.45,177200,1146991.0,6.44,6.43,6.42,6.41,6.4,6.39,6.37,6.36,6.35,6.34,6.45,6.46,6.48,6.49,6.5,6.51,6.52,6.53,6.54,6.55,7300,19500,5000,60500,10500,3000,1600,22000,4600,10000,6500,1300,14700,10100,54100,59700,66300,9100,11100,52600
180.0,6.45,178500,1155376.0,6.44,6.43,6.42,6.41,6.4,6.39,6.37,6.36,6.35,6.34,6.45,6.46,6.48,6.49,6.5,6.51,6.52,6.53,6.54,6.55,7300,19500,5000,60500,10500,3000,1600,22000,4600,10000,5200,1300,14700,10100,54100,59700,66300,9100,11100,52600
181.0,6.45,179000,1158601.0,6.44,6.43,6.42,6.41,6.4,6.39,6.37,6.36,6.35,6.34,6.45,6.46,6.48,6.49,6.5,6.51,6.52,6.53,6.54,6.55,7700,19500,5000,60500,10500,3000,1600,22000,4600,10000,4700,1300,14700,10100,54100,59700,66300,9100,11100,52600
182.0,6.45,179000,1158601.0,6.44,6.43,6.42,6.41,6.4,6.39,6.37,6.36,6.35,6.34,6.45,6.46,6.48,6.49,6.5,6.51,6.52,6.53,6.54,6.55,7700,19500,5000,60500,10500,3000,1600,22000,4600,10000,4700,1300,14700,10100,54100,59700,66300,9100,11100,52600
183.0,6.45,179000,1158601.0,6.44,6.43,6.42,6.41,6.4,6.39,6.37,6.36,6.35,6.34,6.45,6.46,6.48,6.49,6.5,6.51,6.52,6.53,6.54,6.55,8800,20600,5000,60500,10500,3000,1600,22000,4600,10000,4700,1300,14700,10100,54100,59700,66300,9100,11000,52600
184.0,6.45,179400,1161181.0,6.44,6.43,6.42,6.41,6.4,6.39,6.37,6.36,6.35,6.34,6.45,6.46,6.48,6.49,6.5,6.51,6.52,6.53,6.54,6.55,8800,20600,5000,60500,10500,3000,1600,22000,4600,10000,4300,1300,14700,10100,54100,59700,66300,9100,11000,52600
185.0,6.45,179800,1163761.0,6.44,6.43,6.42,6.41,6.4,6.39,6.37,6.36,6.35,6.34,6.45,6.46,6.48,6.49,6.5,6.51,6.52,6.53,6.54,6.55,8800,21000,5000,60500,10500,3000,1600,22000,4600,10000,3900,1300,14700,10100,54100,59700,66300,9100,11000,52600
186.0,6.45,179800,1163761.0,6.44,6.43,6.42,6.41,6.4,6.39,6.37,6.36,6.35,6.34,6.45,6.46,6.48,6.49,6.5,6.51,6.52,6.53,6.54,6.55,8800,21000,5000,60500,10500,3000,1600,22000,4600,10000,3900,1300,14700,10100,54100,59700,66300,9100,11000,52600
187.0,6.45,179800,1163761.0,6.44,6.43,6.42,6.41,6.4,6.39,6.37,6.36,6.35,6.34,6.45,6.46,6.48,6.49,6.5,6.51,6.52,6.53,6.54,6.55,8800,21000,5500,60500,10500,3000,1600,22000,4600,10000,3900,1300,14700,10100,54100,59700,66300,9100,11000,52600
188.0,6.45,181800,1176661.0,6.44,6.43,6.42,6.41,6.4,6.39,6.37,6.36,6.35,6.34,6.45,6.46,6.48,6.49,6.5,6.51,6.52,6.53,6.54,6.55,9000,21000,5500,60500,10500,3000,1600,22000,4600,10000,2100,1300,14700,10100,54100,59700,66300,9100,11000,52600
189.0,6.45,181800,1176661.0,6.44,6.43,6.42,6.41,6.4,6.39,6.37,6.36,6.35,6.34,6.45,6.46,6.48,6.49,6.5,6.51,6.52,6.53,6.54,6.55,9000,21000,5500,60500,10500,3000,1600,22000,4600,10000,2100,1300,14700,10100,54100,59700,66300,9100,11000,52600
190.0,6.45,181800,1176661.0,6.44,6.43,6.42,6.41,6.4,6.39,6.37,6.36,6.35,6.34,6.45,6.46,6.48,6.49,6.5,6.51,6.52,6.53,6.54,6.55,9000,21000,5500,60500,10500,3000,1600,22000,4600,10000,2100,1300,14700,10100,54100,59700,66300,9100,11000,52600
191.0,6.45,182400,1180531.0,6.44,6.43,6.42,6.41,6.4,6.39,6.37,6.36,6.35,6.34,6.45,6.46,6.48,6.49,6.5,6.51,6.52,6.53,6.54,6.55,9500,21000,5500,60500,10500,3000,1600,22000,4600,10000,1700,1300,14700,10100,54100,59700,66300,9100,11000,52600
192.0,6.45,182900,1183756.0,6.44,6.43,6.42,6.41,6.4,6.39,6.37,6.36,6.35,6.34,6.45,6.46,6.48,6.49,6.5,6.51,6.52,6.53,6.54,6.55,9500,21000,5500,60500,10500,3000,1600,22000,4600,10000,1200,1300,14700,10100,54100,59700,66300,9100,11000,52600
193.0,6.45,182900,1183756.0,6.44,6.43,6.42,6.41,6.4,6.39,6.37,6.36,6.35,6.34,6.45,6.46,6.48,6.49,6.5,6.51,6.52,6.53,6.54,6.55,9500,21000,5500,60500,10500,3000,1600,22000,4600,10000,1200,1300,14700,10100,54100,59700,66300,9100,11000,52600
194.0,6.45,182900,1183756.0,6.44,6.43,6.42,6.41,6.4,6.39,6.37,6.36,6.35,6.34,6.45,6.46,6.48,6.49,6.5,6.51,6.52,6.53,6.54,6.55,9600,21000,5500,60500,10500,3000,1600,22000,4600,10000,1700,1300,14700,10100,54100,59700,66300,9100,11000,52600
195.0,6.45,184600,1194721.0,6.45,6.44,6.43,6.42,6.41,6.4,6.39,6.37,6.36,6.35,6.46,6.48,6.49,6.5,6.51,6.52,6.53,6.54,6.55,6.56,1700,9600,21000,5500,60500,10500,3000,1600,22000,4600,1300,14700,10100,54100,59700,66300,9100,11000,52600,12600
196.0,6.45,184600,1194721.0,6.45,6.44,6.43,6.42,6.41,6.4,6.39,6.37,6.36,6.35,6.46,6.48,6.49,6.5,6.51,6.52,6.53,6.54,6.55,6.56,1700,9600,21000,5500,60500,10500,3000,1600,22000,4600,1300,14700,10100,54100,59700,66300,9100,11000,52600,12600
197.0,6.45,184600,1194721.0,6.45,6.44,6.43,6.42,6.41,6.4,6.39,6.37,6.36,6.35,6.46,6.48,6.49,6.5,6.51,6.52,6.53,6.54,6.55,6.56,2100,9800,21000,5500,60500,10500,3000,1600,22000,4600,1300,14700,10100,54100,59700,66300,9100,11000,52600,12600
198.0,6.46,184700,1195367.0,6.45,6.44,6.43,6.42,6.41,6.4,6.39,6.37,6.36,6.35,6.46,6.48,6.49,6.5,6.51,6.52,6.53,6.54,6.55,6.56,2100,9900,21000,5500,60500,10500,3000,1600,22000,4600,1200,14700,10100,54200,59700,66300,9100,11000,52600,12600
199.0,6.46,184800,1196013.0,6.45,6.44,6.43,6.42,6.41,6.4,6.39,6.37,6.36,6.35,6.46,6.48,6.49,6.5,6.51,6.52,6.53,6.54,6.55,6.56,2100,10200,17500,5500,60500,10500,3000,1600,22000,4600,1100,14700,10100,54200,59700,66300,9100,11000,52600,12600
200.0,6.46,184800,1196013.0,6.45,6.44,6.43,6.42,6.41,6.4,6.39,6.37,6.36,6.35,6.46,6.48,6.49,6.5,6.51,6.52,6.53,6.54,6.55,6.56,2100,11600,17500,5500,60500,10500,3000,1600,22000,4600,1100,14700,10100,54200,59700,66300,9100,11000,52600,12600
201.0,6.46,184800,1196013.0,6.45,6.44,6.43,6.42,6.41,6.4,6.39,6.37,6.36,6.35,6.46,6.48,6.49,6.5,6.51,6.52,6.53,6.54,6.55,6.56,2400,11900,17500,5500,60500,10500,3000,1600,22000,4600,1100,14700,10100,54200,59700,66300,9100,11000,52600,12600
202.0,6.46,184900,1196659.0,6.45,6.44,6.43,6.42,6.41,6.4,6.39,6.37,6.36,6.35,6.46,6.48,6.49,6.5,6.51,6.52,6.53,6.54,6.55,6.56,2400,11900,17500,5500,60500,10500,3000,1600,22000,4600,1000,14700,10100,54200,59700,66300,9100,11000,52600,12600
203.0,6.46,184900,1196659.0,6.45,6.44,6.43,6.42,6.41,6.4,6.39,6.37,6.36,6.35,6.46,6.48,6.49,6.5,6.51,6.52,6.53,6.54,6.55,6.56,2700,11900,17500,5500,60500,10500,3000,1600,22000,4600,1000,14700,10100,54200,59700,66300,9100,11000,52600,12600
204.0,6.45,185300,1199241.0,6.45,6.44,6.43,6.42,6.41,6.4,6.39,6.37,6.36,6.35,6.46,6.48,6.49,6.5,6.51,6.52,6.53,6.54,6.55,6.56,2500,11900,17500,5500,60500,10500,3000,1600,22000,4600,800,14700,10100,54200,59700,66300,9100,11000,52600,12600
205.0,6.45,185300,1199241.0,6.45,6.44,6.43,6.42,6.41,6.4,6.39,6.37,6.36,6.35,6.46,6.48,6.49,6.5,6.51,6.52,6.53,6.54,6.55,6.56,2500,11900,17500,5500,60500,10500,3000,1600,22000,4600,800,14700,10100,54200,59700,66300,9100,11000,52600,12600
206.0,6.45,185600,1201176.0,6.45,6.44,6.43,6.42,6.41,6.4,6.39,6.37,6.36,6.35,6.46,6.48,6.49,6.5,6.51,6.52,6.53,6.54,6.55,6.56,2200,11900,17500,5500,60500,10500,3000,1600,22000,4600,800,14700,10100,54200,59700,66300,9100,11000,52600,12600
207.0,6.45,185600,1201176.0,6.45,6.44,6.43,6.42,6.41,6.4,6.39,6.37,6.36,6.35,6.46,6.48,6.49,6.5,6.51,6.52,6.53,6.54,6.55,6.56,2200,12500,17500,5500,60500,10500,3000,1600,22000,4600,800,14700,10100,54200,59700,66300,9100,11000,52600,12600
208.0,6.45,185600,1201176.0,6.45,6.44,6.43,6.42,6.41,6.4,6.39,6.37,6.36,6.35,6.46,6.48,6.49,6.5,6.51,6.52,6.53,6.54,6.55,6.56,2200,12500,17500,5500,60500,10500,3000,1600,22000,4600,800,14700,10100,54200,59700,66300,9100,11000,52600,12600
209.0,6.45,185600,1201176.0,6.45,6.44,6.43,6.42,6.41,6.4,6.39,6.37,6.36,6.35,6.46,6.48,6.49,6.5,6.51,6.52,6.53,6.54,6.55,6.56,3300,12500,17500,5500,60500,10500,3000,1600,22000,4600,800,14700,10100,54200,59700,66300,9100,11000,52600,12600
210.0,6.45,186200,1205046.0,6.45,6.44,6.43,6.42,6.41,6.4,6.39,6.37,6.36,6.35,6.46,6.48,6.49,6.5,6.51,6.52,6.53,6.54,6.55,6.56,2700,12500,17500,5500,60500,10500,3000,1600,22000,4600,800,14700,10100,54200,59700,66300,9100,11000,52600,12600
211.0,6.45,186200,1205046.0,6.45,6.44,6.43,6.42,6.41,6.4,6.39,6.37,6.36,6.35,6.46,6.48,6.49,6.5,6.51,6.52,6.53,6.54,6.55,6.56,3600,12500,17500,5500,60500,10500,3000,1600,22000,4600,800,14700,10100,54200,59700,66300,9100,11000,52600,12600
212.0,6.45,187400,1212786.0,6.45,6.44,6.43,6.42,6.41,6.4,6.39,6.37,6.36,6.35,6.46,6.48,6.49,6.5,6.51,6.52,6.53,6.54,6.55,6.56,2400,13000,17500,5500,60500,10500,3000,1600,22000,4600,800,14700,10100,54200,59700,66300,9100,11000,52600,12600
213.0,6.45,187400,1212786.0,6.45,6.44,6.43,6.42,6.41,6.4,6.39,6.37,6.36,6.35,6.46,6.48,6.49,6.5,6.51,6.52,6.53,6.54,6.55,6.56,2400,13000,17500,5500,60500,10500,3000,1600,22000,4600,800,14700,10100,54200,59700,66300,9100,11000,52600,12600
214.0,6.45,187400,1212786.0,6.45,6.44,6.43,6.42,6.41,6.4,6.39,6.37,6.36,6.35,6.46,6.48,6.49,6.5,6.51,6.52,6.53,6.54,6.55,6.56,2400,13000,17500,5500,60500,10500,3000,1600,22000,4600,800,14700,10100,54200,59700,66300,9100,11000,52600,12600
215.0,6.45,187400,1212786.0,6.45,6.44,6.43,6.42,6.41,6.4,6.39,6.37,6.36,6.35,6.46,6.48,6.49,6.5,6.51,6.52,6.53,6.54,6.55,6.56,2400,13000,17500,5500,60500,10500,3000,1600,22000,4600,800,14700,10100,54200,59700,66300,9100,11000,52600,12600
216.0,6.46,187700,1214724.0,6.45,6.44,6.43,6.42,6.41,6.4,6.39,6.37,6.36,6.35,6.46,6.48,6.49,6.5,6.51,6.52,6.53,6.54,6.55,6.56,3400,13000,17500,5500,60500,10500,3000,1600,22000,4600,500,14700,10100,54200,59700,66300,9100,11000,52600,12600
217.0,6.46,187700,1214724.0,6.45,6.44,6.43,6.42,6.41,6.4,6.39,6.37,6.36,6.35,6.46,6.48,6.49,6.5,6.51,6.52,6.53,6.54,6.55,6.56,3400,13000,17500,5500,60500,10500,3000,1600,22000,4600,500,14700,10100,54200,59700,66300,9100,11000,52600,12600
218.0,6.46,187700,1214724.0,6.45,6.44,6.43,6.42,6.41,6.4,6.39,6.37,6.36,6.35,6.46,6.48,6.49,6.5,6.51,6.52,6.53,6.54,6.55,6.56,3400,13000,17500,5500,60500,10500,3000,1600,22000,4600,500,14700,10100,54200,59700,66300,9100,11000,52600,12600
219.0,6.46,187700,1214724.0,6.45,6.44,6.43,6.42,6.41,6.4,6.39,6.37,6.36,6.35,6.46,6.48,6.49,6.5,6.51,6.52,6.53,6.54,6.55,6.56,4200,13000,17500,5500,60500,10500,3000,1600,22000,4600,500,14700,10100,54200,59700,66300,9100,11000,52600,12600
220.0,6.46,187700,1214724.0,6.45,6.44,6.43,6.42,6.41,6.4,6.39,6.37,6.36,6.35,6.46,6.48,6.49,6.5,6.51,6.52,6.53,6.54,6.55,6.56,4200,13000,17500,7500,60500,10500,3000,1600,22000,4600,500,14700,10100,54200,59700,66300,9100,11000,52600,12600
221.0,6.46,187700,1214724.0,6.45,6.44,6.43,6.42,6.41,6.4,6.39,6.37,6.36,6.35,6.46,6.48,6.49,6.5,6.51,6.52,6.53,6.54,6.55,6.56,4800,13000,17500,7500,60500,10500,3000,1600,22000,4600,500,14700,10100,54200,59700,66300,9100,11000,52600,12600
222.0,6.46,187700,1214724.0,6.45,6.44,6.43,6.42,6.41,6.4,6.39,6.37,6.36,6.35,6.46,6.48,6.49,6.5,6.51,6.52,6.53,6.54,6.55,6.56,4800,13000,17500,7500,60500,10500,3000,1600,22000,4600,500,14700,10100,54200,59700,66300,9100,11000,52600,12600
223.0,6.46,187700,1214724.0,6.45,6.44,6.43,6.42,6.41,6.4,6.39,6.37,6.36,6.35,6.46,6.48,6.49,6.5,6.51,6.52,6.53,6.54,6.55,6.56,5300,13000,17500,7500,60500,10500,3000,1600,22000,4600,500,14700,10100,54200,59700,66300,9100,11000,52600,12600
224.0,6.46,187700,1214724.0,6.45,6.44,6.43,6.42,6.41,6.4,6.39,6.37,6.36,6.35,6.46,6.48,6.49,6.5,6.51,6.52,6.53,6.54,6.55,6.56,5300,13600,17500,7500,60500,10500,3000,1600,22000,4600,500,14700,10100,54200,59700,66300,9100,11000,52600,12600
225.0,6.46,187700,1214724.0,6.45,6.44,6.43,6.42,6.41,6.4,6.39,6.37,6.36,6.35,6.46,6.48,6.49,6.5,6.51,6.52,6.53,6.54,6.55,6.56,5800,13600,17500,7500,60500,10500,3000,1600,22000,4600,500,14700,10100,54200,59700,66300,9100,11000,52600,12600
226.0,6.45,191900,1241814.0,6.45,6.44,6.43,6.42,6.41,6.4,6.39,6.37,6.36,6.35,6.46,6.48,6.49,6.5,6.51,6.52,6.53,6.54,6.55,6.56,1600,13600,17500,7500,60500,10500,3000,1600,22000,4600,500,14700,10100,54200,59700,66300,9100,11000,52600,12600
227.0,6.46,192000,1242460.0,6.45,6.44,6.43,6.42,6.41,6.4,6.39,6.37,6.36,6.35,6.46,6.48,6.49,6.5,6.51,6.52,6.53,6.54,6.55,6.56,1600,13600,17500,7500,60500,10500,3000,1600,22000,4600,400,14700,10100,54200,59700,66300,9100,11000,52600,12600
228.0,6.46,192000,1242460.0,6.45,6.44,6.43,6.42,6.41,6.4,6.39,6.37,6.36,6.35,6.46,6.48,6.49,6.5,6.51,6.52,6.53,6.54,6.55,6.56,1600,13600,17500,7500,60500,10500,3000,1600,22000,4600,400,14700,10100,54200,59700,66300,9100,11000,52600,12600
229.0,6.46,192400,1245044.0,6.45,6.44,6.43,6.42,6.41,6.4,6.39,6.37,6.36,6.35,6.48,6.49,6.5,6.51,6.52,6.53,6.54,6.55,6.56,6.57,1600,13600,17500,7500,60500,10500,3000,1600,22000,4600,14700,10100,54200,59700,66300,9100,11000,52600,12600,13200
230.0,6.45,193100,1249559.0,6.45,6.44,6.43,6.42,6.41,6.4,6.39,6.37,6.36,6.35,6.48,6.49,6.5,6.51,6.52,6.53,6.54,6.55,6.56,6.57,1100,13600,17500,7500,60500,10500,3000,1600,22000,4600,14900,10100,54200,59700,66300,9100,11000,52600,12600,13200
231.0,6.48,194500,1258631.0,6.45,6.44,6.43,6.42,6.41,6.4,6.39,6.37,6.36,6.35,6.48,6.49,6.5,6.51,6.52,6.53,6.54,6.55,6.56,6.57,1100,13600,17500,7500,60500,10500,3000,1600,22000,4600,13500,10100,54200,59700,66300,9100,11000,52600,12600,13200
232.0,6.48,194500,1258631.0,6.45,6.44,6.43,6.42,6.41,6.4,6.39,6.37,6.36,6.35,6.48,6.49,6.5,6.51,6.52,6.53,6.54,6.55,6.56,6.57,1200,13600,17500,7500,60500,10500,3000,1600,22000,4600,13600,10100,54200,59700,66300,9100,11000,52600,12600,13200
233.0,6.45,194900,1261211.0,6.45,6.44,6.43,6.42,6.41,6.4,6.39,6.37,6.36,6.35,6.48,6.49,6.5,6.51,6.52,6.53,6.54,6.55,6.56,6.57,1000,13600,17500,7500,60500,10500,3000,1600,22000,4600,13800,10100,54200,59700,66300,9100,11000,52600,12600,13200
234.0,6.45,194900,1261211.0,6.45,6.44,6.43,6.42,6.41,6.4,6.39,6.37,6.36,6.35,6.48,6.49,6.5,6.51,6.52,6.53,6.54,6.55,6.56,6.57,1000,13600,17500,7500,60500,10500,3000,1600,22000,4600,13800,10100,54200,59700,66300,9100,11000,52600,12600,13200
235.0,6.48,196200,1269635.0,6.45,6.44,6.43,6.42,6.41,6.4,6.39,6.37,6.36,6.35,6.48,6.49,6.5,6.51,6.52,6.53,6.54,6.55,6.56,6.57,1100,13600,17500,7500,60500,10500,3000,1600,22000,4600,12600,10100,54200,59700,66300,9100,11000,52600,12600,13200
236.0,6.44,201700,1305068.0,6.44,6.43,6.42,6.41,6.4,6.39,6.37,6.36,6.35,6.34,6.45,6.48,6.49,6.5,6.51,6.52,6.53,6.54,6.55,6.56,9100,17300,7700,60500,10500,3000,1600,22000,4600,10000,1700,12800,10100,44200,59700,66300,9100,11000,52600,12600
237.0,6.44,201700,1305068.0,6.44,6.43,6.42,6.41,6.4,6.39,6.37,6.36,6.35,6.34,6.45,6.48,6.49,6.5,6.51,6.52,6.53,6.54,6.55,6.56,9100,17300,7700,60500,10500,3000,1600,22000,4600,10000,1900,12800,10100,44200,59700,66300,9100,11000,52600,12600
238.0,6.45,201800,1305713.0,6.44,6.43,6.42,6.41,6.4,6.39,6.37,6.36,6.35,6.34,6.45,6.48,6.49,6.5,6.51,6.52,6.53,6.54,6.55,6.56,9100,17300,7700,60500,10500,3000,1600,22000,4600,10000,1800,12800,10100,44200,59700,66300,9100,11000,52600,12600
239.0,6.44,203900,1319240.0,6.44,6.43,6.42,6.41,6.4,6.39,6.37,6.36,6.35,6.34,6.45,6.48,6.49,6.5,6.51,6.52,6.53,6.54,6.55,6.56,7300,17300,7700,60500,10500,3000,1600,22000,4600,10000,2600,12800,10100,44200,59700,66300,9100,11000,52600,12600
240.0,6.44,203900,1319240.0,6.44,6.43,6.42,6.41,6.4,6.39,6.37,6.36,6.35,6.34,6.45,6.48,6.49,6.5,6.51,6.52,6.53,6.54,6.55,6.56,7300,17300,7700,60500,10500,3000,1600,22000,4600,10000,2600,12800,10100,44200,59700,66300,9100,11000,52600,12600
241.0,6.44,203900,1319240.0,6.44,6.43,6.42,6.41,6.4,6.39,6.37,6.36,6.35,6.34,6.45,6.48,6.49,6.5,6.51,6.52,6.53,6.54,6.55,6.56,7300,17300,7700,60500,10500,3000,1600,22000,4600,10000,2600,12800,10100,44200,59700,66300,9100,11000,52600,12600
242.0,6.44,204500,1323108.0,6.44,6.43,6.42,6.41,6.4,6.39,6.37,6.36,6.35,6.34,6.45,6.48,6.49,6.5,6.51,6.52,6.53,6.54,6.55,6.56,6600,16300,7700,60500,10500,3000,1600,22000,4600,10000,2200,12800,10100,44200,59700,66300,9100,11000,52600,12600
243.0,6.44,204500,1323108.0,6.44,6.43,6.42,6.41,6.4,6.39,6.37,6.36,6.35,6.34,6.45,6.48,6.49,6.5,6.51,6.52,6.53,6.54,6.55,6.56,6600,16300,7700,60500,10500,3000,1600,22000,4600,10000,2200,12800,10100,44200,59700,66300,9100,11000,52600,12600
244.0,6.44,204500,1323108.0,6.44,6.43,6.42,6.41,6.4,6.39,6.37,6.36,6.35,6.34,6.45,6.48,6.49,6.5,6.51,6.52,6.53,6.54,6.55,6.56,6700,16300,8400,60500,10500,3000,1600,22000,4600,10000,2200,12800,10100,44200,59700,66300,9100,11000,52600,12600
245.0,6.45,204700,1324398.0,6.44,6.43,6.42,6.41,6.4,6.39,6.37,6.36,6.35,6.34,6.45,6.48,6.49,6.5,6.51,6.52,6.53,6.54,6.55,6.56,6700,16300,8400,60500,10500,3000,1600,22000,4600,10000,2000,12800,10100,44200,59700,66300,9100,11000,52600,12600
246.0,6.45,204800,1325043.0,6.44,6.43,6.42,6.41,6.4,6.39,6.37,6.36,6.35,6.34,6.45,6.48,6.49,6.5,6.51,6.52,6.53,6.54,6.55,6.56,6700,16300,8400,60500,10500,3000,1600,22000,4600,10000,1900,12800,10100,44200,59700,66300,9100,11000,52600,12600
247.0,6.45,204800,1325043.0,6.44,6.43,6.42,6.41,6.4,6.39,6.37,6.36,6.35,6.34,6.45,6.48,6.49,6.5,6.51,6.52,6.53,6.54,6.55,6.56,7100,16300,8400,60500,10500,3000,1600,22000,4600,10000,1900,12800,10100,44200,59700,66300,9100,11000,52600,12600
248.0,6.45,204800,1325043.0,6.44,6.43,6.42,6.41,6.4,6.39,6.37,6.36,6.35,6.34,6.45,6.48,6.49,6.5,6.51,6.52,6.53,6.54,6.55,6.56,7100,16300,8400,60500,10500,3000,1600,22000,4600,10000,1900,12800,10100,44200,59700,66300,9100,11000,52600,12600
249.0,6.45,204900,1325688.0,6.44,6.43,6.42,6.41,6.4,6.39,6.37,6.36,6.35,6.34,6.45,6.48,6.49,6.5,6.51,6.52,6.53,6.54,6.55,6.56,7100,16300,8400,60500,10500,3000,1600,22000,4600,10000,1800,12800,10100,44200,59700,66300,9100,11000,52600,12600
250.0,6.45,205000,1326333.0,6.44,6.43,6.42,6.41,6.4,6.39,6.37,6.36,6.35,6.34,6.45,6.48,6.49,6.5,6.51,6.52,6.53,6.54,6.55,6.56,10700,16300,8400,60500,10500,3000,1600,22000,4600,10000,1700,12800,10100,44200,59700,66300,9100,11000,52600,12600
251.0,6.45,205300,1328268.0,6.44,6.43,6.42,6.41,6.4,6.39,6.37,6.36,6.35,6.34,6.45,6.48,6.49,6.5,6.51,6.52,6.53,6.54,6.55,6.56,10700,16300,8400,60500,10500,3000,1600,22000,4600,10000,1400,12800,10100,44200,59700,66300,9100,11000,52600,12600
252.0,6.45,205400,1328913.0,6.44,6.43,6.42,6.41,6.4,6.39,6.37,6.36,6.35,6.34,6.45,6.48,6.49,6.5,6.51,6.52,6.53,6.54,6.55,6.56,10700,16300,8400,60500,10500,3000,1600,22000,4600,10000,2500,12800,10100,44200,59700,66300,9100,11000,52600,12600
253.0,6.45,205400,1328913.0,6.44,6.43,6.42,6.41,6.4,6.39,6.37,6.36,6.35,6.34,6.45,6.48,6.49,6.5,6.51,6.52,6.53,6.54,6.55,6.56,10700,26300,8400,60500,10500,3000,1600,22000,4600,10000,2500,12800,10100,44200,59700,66300,9100,11000,52600,12600
254.0,6.45,205400,1328913.0,6.44,6.43,6.42,6.41,6.4,6.39,6.37,6.36,6.35,6.34,6.45,6.48,6.49,6.5,6.51,6.52,6.53,6.54,6.55,6.56,10700,26300,8400,60500,10500,3000,1600,22000,4600,10000,2500,12800,10100,44200,59700,66300,9100,11000,52600,12600
255.0,6.45,205400,1328913.0,6.44,6.43,6.42,6.41,6.4,6.39,6.37,6.36,6.35,6.34,6.45,6.48,6.49,6.5,6.51,6.52,6.53,6.54,6.55,6.56,10700,26300,8400,60500,10500,3000,1600,22000,4600,10000,2500,12800,10100,44200,59700,66300,9100,11000,52600,12600
256.0,6.45,205600,1330203.0,6.44,6.43,6.42,6.41,6.4,6.39,6.37,6.36,6.35,6.34,6.45,6.48,6.49,6.5,6.51,6.52,6.53,6.54,6.55,6.56,10700,26300,8400,60500,10500,3000,1600,22000,4600,10000,2300,12800,10100,44200,59700,66300,9100,11000,52600,12600
257.0,6.45,205600,1330203.0,6.44,6.43,6.42,6.41,6.4,6.39,6.37,6.36,6.35,6.34,6.45,6.48,6.49,6.5,6.51,6.52,6.53,6.54,6.55,6.56,8500,25200,8400,60500,10500,3000,1600,22000,4600,10000,2300,12800,10100,44200,59700,66300,9100,11000,52600,12600
258.0,6.44,206400,1335355.0,6.44,6.43,6.42,6.41,6.4,6.39,6.37,6.36,6.35,6.34,6.45,6.48,6.49,6.5,6.51,6.52,6.53,6.54,6.55,6.56,7700,25200,8400,60500,10500,3000,1600,22000,4600,10000,2300,12800,10100,44300,59700,66300,9100,11000,52600,12600
259.0,6.45,206600,1336645.0,6.44,6.43,6.42,6.41,6.4,6.39,6.37,6.36,6.35,6.34,6.45,6.48,6.49,6.5,6.51,6.52,6.53,6.54,6.55,6.56,7700,25200,8400,60500,10500,3000,1600,22000,4600,10000,2100,12800,10100,44300,59700,66300,9100,11000,52600,12600
260.0,6.45,206600,1336645.0,6.44,6.43,6.42,6.41,6.4,6.39,6.37,6.36,6.35,6.34,6.45,6.48,6.49,6.5,6.51,6.52,6.53,6.54,6.55,6.56,7700,25200,8400,60500,10500,3000,1600,22000,4600,10000,2100,12800,10100,44300,59700,66300,9100,11000,52600,12600
261.0,6.45,206600,1336645.0,6.44,6.43,6.42,6.41,6.4,6.39,6.37,6.36,6.35,6.34,6.45,6.48,6.49,6.5,6.51,6.52,6.53,6.54,6.55,6.56,7700,25200,8400,60500,10500,3000,1600,22000,4600,10000,2100,12800,10100,44300,59700,66300,9100,11000,52600,12600
262.0,6.44,207700,1343733.0,6.44,6.43,6.42,6.41,6.4,6.39,6.37,6.36,6.35,6.34,6.45,6.48,6.49,6.5,6.51,6.52,6.53,6.54,6.55,6.56,7600,25200,8400,60500,10500,3000,1600,22000,4600,10000,1700,12800,10100,44300,59700,66300,9100,11000,52600,12600
263.0,6.45,207800,1344378.0,6.44,6.43,6.42,6.41,6.4,6.39,6.37,6.36,6.35,6.34,6.45,6.48,6.49,6.5,6.51,6.52,6.53,6.54,6.55,6.56,7600,25200,8400,60500,10500,3000,1600,22000,4600,10000,1600,12800,10100,44300,59700,66300,9100,11000,52600,12600
264.0,6.45,207800,1344378.0,6.44,6.43,6.42,6.41,6.4,6.39,6.37,6.36,6.35,6.34,6.45,6.48,6.49,6.5,6.51,6.52,6.53,6.54,6.55,6.56,7500,25200,8400,60500,10500,3000,1600,22000,4600,10000,1600,12800,10100,44300,59700,66300,9100,11000,52600,12600
265.0,6.44,208500,1348886.0,6.44,6.43,6.42,6.41,6.4,6.39,6.37,6.36,6.35,6.34,6.45,6.48,6.49,6.5,6.51,6.52,6.53,6.54,6.55,6.56,7900,25200,8400,60500,10500,3000,1600,22000,4600,10000,1600,12800,10100,44300,59700,66300,9100,11000,52600,12600
266.0,6.44,208500,1348886.0,6.44,6.43,6.42,6.41,6.4,6.39,6.37,6.36,6.35,6.34,6.45,6.48,6.49,6.5,6.51,6.52,6.53,6.54,6.55,6.56,7900,25600,8400,60500,10500,3000,1600,22000,4600,10000,2000,12800,10100,44300,59700,66300,9100,11000,52600,12600
267.0,6.44,208500,1348886.0,6.44,6.43,6.42,6.41,6.4,6.39,6.37,6.36,6.35,6.34,6.45,6.48,6.49,6.5,6.51,6.52,6.53,6.54,6.55,6.56,7900,25600,8400,60500,10500,3000,1600,22000,4600,10000,2000,12800,10100,44300,59700,66300,9100,11000,52600,12600
268.0,6.44,208500,1348886.0,6.44,6.43,6.42,6.41,6.4,6.39,6.37,6.36,6.35,6.34,6.45,6.48,6.49,6.5,6.51,6.52,6.53,6.54,6.55,6.56,7900,25600,8400,60500,10500,3000,1600,22000,4600,10000,2000,12800,10100,44300,59700,66300,9100,11000,52600,12600
269.0,6.44,208500,1348886.0,6.44,6.43,6.42,6.41,6.4,6.39,6.37,6.36,6.35,6.34,6.45,6.48,6.49,6.5,6.51,6.52,6.53,6.54,6.55,6.56,10300,25600,8400,60500,10500,3000,1600,22000,4600,10000,2000,12800,10100,44300,59700,66300,9100,11000,52600,12600
270.0,6.44,208700,1350174.0,6.44,6.43,6.42,6.41,6.4,6.39,6.37,6.36,6.35,6.34,6.45,6.48,6.49,6.5,6.51,6.52,6.53,6.54,6.55,6.56,10100,25600,8400,60500,10500,3000,1600,22000,4600,10000,2000,12800,10100,44300,59700,66300,9100,11000,52600,12600
271.0,6.44,208700,1350174.0,6.44,6.43,6.42,6.41,6.4,6.39,6.37,6.36,6.35,6.34,6.45,6.48,6.49,6.5,6.51,6.52,6.53,6.54,6.55,6.56,10100,25600,8400,60500,10500,3000,1600,22000,4600,10000,2000,12800,10100,44300,59700,66300,9100,11000,52600,12600
272.0,6.44,208700,1350174.0,6.44,6.43,6.42,6.41,6.4,6.39,6.37,6.36,6.35,6.34,6.45,6.48,6.49,6.5,6.51,6.52,6.53,6.54,6.55,6.56,11200,25600,8400,60500,10500,3000,1600,22000,4600,10000,1600,12800,10100,44300,59700,66300,9100,11000,52600,12600
273.0,6.45,208900,1351464.0,6.44,6.43,6.42,6.41,6.4,6.39,6.37,6.36,6.35,6.34,6.45,6.48,6.49,6.5,6.51,6.52,6.53,6.54,6.55,6.56,11200,25600,8400,60500,10500,3000,1600,22000,4600,10000,1400,12800,10100,44300,59700,66300,9100,11000,52600,12600
274.0,6.45,209100,1352754.0,6.44,6.43,6.42,6.41,6.4,6.39,6.37,6.36,6.35,6.34,6.45,6.48,6.49,6.5,6.51,6.52,6.53,6.54,6.55,6.56,11200,25600,8400,60500,10500,3000,1600,22000,4600,10000,1200,12800,10100,44300,59700,66300,9100,11000,52600,12600
275.0,6.44,209500,1355330.0,6.44,6.43,6.42,6.41,6.4,6.39,6.37,6.36,6.35,6.34,6.45,6.48,6.49,6.5,6.51,6.52,6.53,6.54,6.55,6.56,10800,25600,8400,60500,10500,3000,1600,22000,4600,10000,2000,12800,10100,44300,59700,66300,9100,11000,52600,12600
276.0,6.45,209700,1356620.0,6.44,6.43,6.42,6.41,6.4,6.39,6.37,6.36,6.35,6.34,6.45,6.48,6.49,6.5,6.51,6.52,6.53,6.54,6.55,6.56,10800,25600,8400,60500,10500,3000,1600,22000,4600,10000,1800,12800,10100,44300,59700,66300,9100,11000,52600,12600
277.0,6.45,209700,1356620.0,6.44,6.43,6.42,6.41,6.4,6.39,6.37,6.36,6.35,6.34,6.45,6.48,6.49,6.5,6.51,6.52,6.53,6.54,6.55,6.56,10800,25600,8400,60500,10500,3000,1600,22000,4600,10000,2000,12800,10100,44300,59700,66300,9100,11000,52600,12600
278.0,6.45,209900,1357910.0,6.44,6.43,6.42,6.41,6.4,6.39,6.37,6.36,6.35,6.34,6.45,6.48,6.49,6.5,6.51,6.52,6.53,6.54,6.55,6.56,10800,25600,8400,60500,10500,3000,1600,22000,4600,10000,1800,12800,10100,44300,59700,66300,9100,11000,52600,12600
279.0,6.45,211200,1366295.0,6.44,6.43,6.42,6.41,6.4,6.39,6.37,6.36,6.35,6.34,6.45,6.48,6.49,6.5,6.51,6.52,6.53,6.54,6.55,6.56,10800,25600,13400,60500,10500,3000,1600,22000,4600,10000,500,12800,10100,44300,59700,66300,9100,11000,52600,12600
280.0,6.45,211200,1366295.0,6.44,6.43,6.42,6.41,6.4,6.39,6.37,6.36,6.35,6.34,6.45,6.48,6.49,6.5,6.51,6.52,6.53,6.54,6.55,6.56,10800,25600,13400,60500,10500,3000,1600,22000,4600,10000,500,12800,10100,44300,59700,66300,9100,11000,52600,12600
281.0,6.45,211700,1369520.0,6.46,6.44,6.43,6.42,6.41,6.4,6.39,6.37,6.36,6.35,6.48,6.49,6.5,6.51,6.52,6.53,6.54,6.55,6.56,6.57,300,10800,25600,13400,60500,10500,3000,1600,22000,4600,12800,10100,44300,59700,66300,9100,11000,52600,12600,13200
282.0,6.45,211700,1369520.0,6.46,6.44,6.43,6.42,6.41,6.4,6.39,6.37,6.36,6.35,6.48,6.49,6.5,6.51,6.52,6.53,6.54,6.55,6.56,6.57,300,10800,25600,13400,60500,10500,3000,1600,22000,4600,12800,10100,44300,59700,66300,9100,11000,52600,12600,13200
283.0,6.48,212900,1377296.0,6.46,6.44,6.43,6.42,6.41,6.4,6.39,6.37,6.36,6.35,6.48,6.49,6.5,6.51,6.52,6.53,6.54,6.55,6.56,6.57,300,10800,25600,13400,60500,10500,3000,1600,22000,4600,11600,10100,44300,59700,66300,9100,11000,52600,12600,13200
284.0,6.48,212900,1377296.0,6.46,6.45,6.44,6.43,6.42,6.41,6.4,6.39,6.37,6.36,6.48,6.49,6.5,6.51,6.52,6.53,6.54,6.55,6.56,6.57,400,400,19100,25600,13400,60500,10500,3000,1600,22000,11700,10100,44300,59700,66300,9100,11000,52600,12600,13200
285.0,6.48,212900,1377296.0,6.46,6.45,6.44,6.43,6.42,6.41,6.4,6.39,6.37,6.36,6.48,6.49,6.5,6.51,6.52,6.53,6.54,6.55,6.56,6.57,400,400,19100,25600,13400,60500,10500,3000,1600,22000,11700,10100,44300,59700,66300,9100,11000,52600,12600,13200
286.0,6.46,215500,1394138.0,6.46,6.45,6.44,6.43,6.42,6.41,6.4,6.39,6.37,6.36,6.48,6.49,6.5,6.51,6.52,6.53,6.54,6.55,6.56,6.57,100,400,19100,25600,13400,60500,10500,3000,1600,22000,9400,10100,44300,59700,66300,9100,11000,52600,12600,13200
287.0,6.48,216400,1399970.0,6.46,6.45,6.44,6.43,6.42,6.41,6.4,6.39,6.37,6.36,6.48,6.49,6.5,6.51,6.52,6.53,6.54,6.55,6.56,6.57,200,1100,19100,25600,13400,60500,10500,3000,1600,22000,8600,10100,44300,59700,66300,9100,11000,52600,12600,13200
288.0,6.48,217200,1405154.0,6.46,6.45,6.44,6.43,6.42,6.41,6.4,6.39,6.37,6.36,6.48,6.49,6.5,6.51,6.52,6.53,6.54,6.55,6.56,6.57,200,2000,19100,25600,16300,60500,10500,3000,1600,22000,7800,10100,44300,59700,66300,9100,11000,52600,12600,13200
289.0,6.48,217200,1405154.0,6.46,6.45,6.44,6.43,6.42,6.41,6.4,6.39,6.37,6.36,6.48,6.49,6.5,6.51,6.52,6.53,6.54,6.55,6.56,6.57,300,2000,19100,25600,16300,60500,10500,3000,1600,22000,7900,10100,44300,59700,66300,9100,11000,52600,12600,13200
290.0,6.45,221900,1435493.0,6.45,6.44,6.43,6.42,6.41,6.4,6.39,6.37,6.36,6.35,6.46,6.48,6.49,6.5,6.51,6.52,6.53,6.54,6.55,6.56,1400,16500,25600,26300,60500,10500,3000,1600,22000,4600,7600,7200,10100,44300,59700,66300,9100,11000,52600,12600
291.0,6.45,221900,1435493.0,6.45,6.44,6.43,6.42,6.41,6.4,6.39,6.37,6.36,6.35,6.46,6.48,6.49,6.5,6.51,6.52,6.53,6.54,6.55,6.56,1400,16500,25600,26300,60500,10500,3000,1600,22000,4600,7600,7200,10100,44300,59700,66300,9100,11000,52600,12600
292.0,6.45,221900,1435493.0,6.45,6.44,6.43,6.42,6.41,6.4,6.39,6.37,6.36,6.35,6.46,6.48,6.49,6.5,6.51,6.52,6.53,6.54,6.55,6.56,1400,16500,25600,26300,60500,10500,3000,1600,22000,4600,7600,7200,10100,44300,59700,66300,9100,11000,52600,12600
293.0,6.45,221900,1435493.0,6.45,6.44,6.43,6.42,6.41,6.4,6.39,6.37,6.36,6.35,6.46,6.48,6.49,6.5,6.51,6.52,6.53,6.54,6.55,6.56,1400,16500,26600,26300,60500,10500,3000,1600,22000,4600,7600,7200,10100,44300,59700,66300,9100,11000,52600,12600
294.0,6.46,222600,1440015.0,6.45,6.44,6.43,6.42,6.41,6.4,6.39,6.37,6.36,6.35,6.46,6.48,6.49,6.5,6.51,6.52,6.53,6.54,6.55,6.56,1400,16500,26600,26300,60500,11700,3000,1600,22000,4600,6900,7200,10100,44300,59700,66300,9100,11000,52600,12600
295.0,6.46,223200,1443891.0,6.45,6.44,6.43,6.42,6.41,6.4,6.39,6.37,6.36,6.35,6.46,6.48,6.49,6.5,6.51,6.52,6.53,6.54,6.55,6.56,1400,16500,26600,26300,60500,11700,3000,1600,22000,4600,6300,7200,10100,44300,59700,66300,9100,11000,52600,12600
296.0,6.46,223200,1443891.0,6.45,6.44,6.43,6.42,6.41,6.4,6.39,6.37,6.36,6.35,6.46,6.48,6.49,6.5,6.51,6.52,6.53,6.54,6.55,6.56,1400,16500,26600,26300,60500,11700,3000,1600,22000,4600,7000,7200,10100,44300,59700,66300,9100,11000,52600,12600
297.0,6.45,225300,1457443.0,6.44,6.43,6.42,6.41,6.4,6.39,6.37,6.36,6.35,6.34,6.45,6.46,6.48,6.49,6.5,6.51,6.52,6.53,6.54,6.55,8200,26600,26300,60500,11700,3000,1600,22000,4600,10000,1100,6300,7200,10100,44300,59700,66300,9100,11000,52600
298.0,6.45,225500,1458733.0,6.44,6.43,6.42,6.41,6.4,6.39,6.37,6.36,6.35,6.34,6.45,6.46,6.48,6.49,6.5,6.51,6.52,6.53,6.54,6.55,8200,26600,26300,60500,11700,3000,1600,22000,4600,10000,900,6300,7200,10100,44300,59700,66300,9100,11000,52600
299.0,6.45,225500,1458733.0,6.44,6.43,6.42,6.41,6.4,6.39,6.37,6.36,6.35,6.34,6.45,6.46,6.48,6.49,6.5,6.51,6.52,6.53,6.54,6.55,8600,26600,26300,60500,11700,3000,1600,22000,4600,10000,900,4800,7200,10100,44300,59700,66300,9100,11000,52600
300.0,6.44,226200,1463241.0,6.44,6.43,6.42,6.41,6.4,6.39,6.37,6.36,6.35,6.34,6.45,6.46,6.48,6.49,6.5,6.51,6.52,6.53,6.54,6.55,7900,26600,26300,60500,11700,3000,1600,22000,4600,10000,900,4800,7200,10100,44300,59700,66300,9100,11000,52600
301.0,6.44,226200,1463241.0,6.44,6.43,6.42,6.41,6.4,6.39,6.37,6.36,6.35,6.34,6.45,6.46,6.48,6.49,6.5,6.51,6.52,6.53,6.54,6.55,7900,26600,26300,60500,11700,3000,1600,22000,4600,10000,900,4900,7200,10100,44300,59700,66300,9100,11000,52600
302.0,6.45,226500,1465176.0,6.44,6.43,6.42,6.41,6.4,6.39,6.37,6.36,6.35,6.34,6.45,6.46,6.48,6.49,6.5,6.51,6.52,6.53,6.54,6.55,7900,26600,26300,60500,11700,3000,1600,22000,4600,10000,600,4900,7200,10100,44300,59700,66300,9100,11000,52600
303.0,6.45,226500,1465176.0,6.44,6.43,6.42,6.41,6.4,6.39,6.37,6.36,6.35,6.34,6.45,6.46,6.48,6.49,6.5,6.51,6.52,6.53,6.54,6.55,7900,26600,26300,60500,11700,3000,1600,22000,4600,10000,600,4900,7200,10100,44300,59700,66300,9100,11000,52600
304.0,6.44,226700,1466464.0,6.44,6.43,6.42,6.41,6.4,6.39,6.37,6.36,6.35,6.34,6.45,6.46,6.48,6.49,6.5,6.51,6.52,6.53,6.54,6.55,7700,26600,26300,60500,11700,3000,1600,22000,4600,10000,600,4900,7200,10100,44300,59700,66300,9100,11000,52600
305.0,6.44,226700,1466464.0,6.44,6.43,6.42,6.41,6.4,6.39,6.37,6.36,6.35,6.34,6.45,6.46,6.48,6.49,6.5,6.51,6.52,6.53,6.54,6.55,7700,26600,26300,60500,11700,3000,1600,22000,4600,10000,600,4900,7200,10100,44300,59700,66300,9100,11000,52600
306.0,6.44,226700,1466464.0,6.44,6.43,6.42,6.41,6.4,6.39,6.37,6.36,6.35,6.34,6.45,6.46,6.48,6.49,6.5,6.51,6.52,6.53,6.54,6.55,7700,26600,26300,60500,11700,3000,1600,22000,4600,10000,600,4900,7200,10100,44300,59700,66300,9100,11000,52600
307.0,6.44,235200,1521210.0,6.43,6.42,6.41,6.4,6.39,6.37,6.36,6.35,6.34,6.33,6.44,6.46,6.48,6.49,6.5,6.51,6.52,6.53,6.54,6.55,25000,26300,60500,11700,3000,1600,22000,4600,10000,1000,18100,2500,7200,10100,44300,59700,66300,9100,11000,52600
308.0,6.44,235500,1523142.0,6.43,6.42,6.41,6.4,6.39,6.37,6.36,6.35,6.34,6.33,6.44,6.46,6.48,6.49,6.5,6.51,6.52,6.53,6.54,6.55,25000,26300,60500,11700,3000,1600,22000,4600,10000,1000,17800,2500,7200,10100,44300,59700,66300,9100,11000,52600
309.0,6.44,240600,1555986.0,6.43,6.42,6.41,6.4,6.39,6.37,6.36,6.35,6.34,6.33,6.44,6.46,6.48,6.49,6.5,6.51,6.52,6.53,6.54,6.55,25500,26300,60500,11700,3000,1600,22000,4600,10000,1000,12700,2500,7200,10100,44300,59700,66300,9100,11000,52600
310.0,6.44,243300,1573374.0,6.43,6.42,6.41,6.4,6.39,6.37,6.36,6.35,6.34,6.33,6.44,6.46,6.48,6.49,6.5,6.51,6.52,6.53,6.54,6.55,25500,26300,60500,11700,3000,1600,22000,4600,10000,1000,10000,2500,7200,10100,44300,59700,66300,9100,11000,52600
311.0,6.44,255800,1653885.0,6.44,6.43,6.42,6.41,6.4,6.39,6.37,6.36,6.35,6.34,6.45,6.46,6.48,6.49,6.5,6.51,6.52,6.53,6.54,6.55,16500,25000,26300,60500,11700,3000,1600,22000,4600,10000,400,3200,7200,10100,44300,59700,66300,9100,11000,52600
312.0,6.44,255800,1653885.0,6.44,6.43,6.42,6.41,6.4,6.39,6.37,6.36,6.35,6.34,6.45,6.46,6.48,6.49,6.5,6.51,6.52,6.53,6.54,6.55,16500,25400,26300,60500,11700,3000,1600,22000,4600,10000,400,3200,7200,10100,44300,59700,66300,9100,11000,52600
313.0,6.44,255800,1653885.0,6.44,6.43,6.42,6.41,6.4,6.39,6.37,6.36,6.35,6.34,6.45,6.46,6.48,6.49,6.5,6.51,6.52,6.53,6.54,6.55,16500,25400,26300,60500,11700,3000,1600,22000,4600,10000,400,3200,7200,10100,44300,59700,66300,9100,11000,52600
314.0,6.44,255800,1653885.0,6.44,6.43,6.42,6.41,6.4,6.39,6.37,6.36,6.35,6.34,6.45,6.46,6.48,6.49,6.5,6.51,6.52,6.53,6.54,6.55,16500,25400,26300,60500,11700,4600,1600,22000,4600,10000,2000,3200,7200,10100,44300,54900,66300,9100,11000,52600
315.0,6.44,255800,1653885.0,6.44,6.43,6.42,6.41,6.4,6.39,6.37,6.36,6.35,6.34,6.45,6.46,6.48,6.49,6.5,6.51,6.52,6.53,6.54,6.55,16400,25400,26300,60500,11700,4600,1600,22000,4600,10000,2000,3200,7200,10100,44300,54900,66300,9100,11000,52600
316.0,6.44,257300,1663545.0,6.44,6.43,6.42,6.41,6.4,6.39,6.37,6.36,6.35,6.34,6.45,6.46,6.48,6.49,6.5,6.51,6.52,6.53,6.54,6.55,14900,25400,26300,60500,11700,4600,1600,22000,4600,10000,2000,3200,7200,10100,44300,54900,66300,9100,11000,52600
317.0,6.45,257500,1664835.0,6.44,6.43,6.42,6.41,6.4,6.39,6.37,6.36,6.35,6.34,6.45,6.46,6.48,6.49,6.5,6.51,6.52,6.53,6.54,6.55,14900,25400,26300,60500,11700,4600,1600,22000,4600,10000,2900,3200,7200,10100,44300,54900,66300,9100,11000,52600
318.0,6.45,257500,1664835.0,6.44,6.43,6.42,6.41,6.4,6.39,6.37,6.36,6.35,6.34,6.45,6.46,6.48,6.49,6.5,6.51,6.52,6.53,6.54,6.55,14900,25400,26300,60500,11700,4600,1600,22000,4600,10000,2900,3200,7200,10100,44300,54900,66300,9100,11000,54600
319.0,6.44,258900,1673851.0,6.44,6.43,6.42,6.41,6.4,6.39,6.37,6.36,6.35,6.34,6.45,6.46,6.48,6.49,6.5,6.51,6.52,6.53,6.54,6.55,13500,25500,26300,60500,11700,4600,1600,22000,4600,10000,2900,3200,7200,10100,44300,54900,66300,9100,11000,54600
320.0,6.44,272400,1760791.0,6.43,6.42,6.41,6.4,6.39,6.37,6.36,6.35,6.34,6.33,6.44,6.45,6.46,6.48,6.49,6.5,6.51,6.52,6.53,6.54,25500,26300,60500,11700,4600,1600,22000,4600,10000,1000,12500,2900,3200,7200,2200,44300,54900,66300,9100,11000
321.0,6.44,274900,1776891.0,6.43,6.42,6.41,6.4,6.39,6.37,6.36,6.35,6.34,6.33,6.44,6.45,6.46,6.48,6.49,6.5,6.51,6.52,6.53,6.54,25500,26300,60500,11700,4600,1600,22000,4600,10000,1000,10000,2900,3200,7200,2200,44300,54900,66300,9100,11000
322.0,6.44,276500,1787180.0,6.43,6.42,6.41,6.4,6.39,6.37,6.36,6.35,6.34,6.33,6.44,6.45,6.46,6.48,6.49,6.5,6.51,6.52,6.53,6.54,24000,27300,60500,11700,4600,1600,22000,4600,10000,1000,9900,2900,3200,7200,2200,44300,54900,66300,9100,11000
323.0,6.44,276500,1787180.0,6.43,6.42,6.41,6.4,6.39,6.37,6.36,6.35,6.34,6.33,6.44,6.45,6.46,6.48,6.49,6.5,6.51,6.52,6.53,6.54,24000,27300,60500,11700,4600,1600,22000,4600,10000,1000,9900,200,1400,7200,2200,44300,54900,66300,9100,11000
324.0,6.44,277400,1792976.0,6.43,6.42,6.41,6.4,6.39,6.37,6.36,6.35,6.34,6.33,6.44,6.45,6.46,6.48,6.49,6.5,6.51,6.52,6.53,6.54,24000,27300,60500,11700,4600,1600,22000,4600,10000,1000,9000,200,1400,7200,2200,44300,54900,66300,9100,11000
325.0,6.44,277600,1794264.0,6.43,6.42,6.41,6.4,6.39,6.37,6.36,6.35,6.34,6.33,6.44,6.45,6.46,6.48,6.49,6.5,6.51,6.52,6.53,6.54,24200,27400,60500,11700,4600,1600,22000,4600,10000,1000,8800,200,1400,7200,2200,44300,54900,66300,9100,11000
326.0,6.44,283600,1832904.0,6.43,6.42,6.41,6.4,6.39,6.37,6.36,6.35,6.34,6.33,6.44,6.45,6.46,6.48,6.49,6.5,6.51,6.52,6.53,6.54,24400,27400,60500,11700,4600,1600,22000,4600,10000,1000,3400,200,1400,7200,2200,44300,54900,66300,9100,11000
327.0,6.44,287200,1856088.0,6.43,6.42,6.41,6.4,6.39,6.37,6.36,6.35,6.34,6.33,6.44,6.45,6.46,6.48,6.49,6.5,6.51,6.52,6.53,6.54,24400,27400,60500,11700,4600,1600,22000,4600,10000,1000,6500,200,1400,7200,2200,44300,54900,66300,9100,11000
328.0,6.44,287800,1859952.0,6.43,6.42,6.41,6.4,6.39,6.37,6.36,6.35,6.34,6.33,6.44,6.45,6.46,6.48,6.49,6.5,6.51,6.52,6.53,6.54,24400,27400,60500,11700,4600,1600,22000,4600,10000,1000,5900,200,1400,7200,2200,44300,54900,66300,9100,11000
329.0,6.44,292100,1887629.0,6.43,6.42,6.41,6.4,6.39,6.37,6.36,6.35,6.34,6.33,6.44,6.45,6.46,6.48,6.49,6.5,6.51,6.52,6.53,6.54,22900,27400,60500,11700,4600,1600,22000,4600,10000,1000,3100,200,1400,7200,2200,44300,54900,66300,9100,11000
330.0,6.44,292100,1887629.0,6.43,6.42,6.41,6.4,6.39,6.37,6.36,6.35,6.34,6.33,6.44,6.45,6.46,6.48,6.49,6.5,6.51,6.52,6.53,6.54,22900,27400,60500,11700,4600,1600,22000,4600,10000,1000,3100,200,1400,7200,2200,44300,54900,66300,9100,11000
331.0,6.44,292400,1889561.0,6.43,6.42,6.41,6.4,6.39,6.37,6.36,6.35,6.34,6.33,6.44,6.45,6.46,6.48,6.49,6.5,6.51,6.52,6.53,6.54,22900,27400,60500,11700,4600,1600,22000,4600,10000,1000,2800,200,1400,7200,2200,44300,54900,66300,9100,11000
332.0,6.44,293000,1893425.0,6.43,6.42,6.41,6.4,6.39,6.37,6.36,6.35,6.34,6.33,6.44,6.45,6.46,6.48,6.49,6.5,6.51,6.52,6.53,6.54,22900,27400,60500,11700,4600,1600,22000,4600,10000,1000,2200,200,1400,7200,2200,44700,54900,66300,9100,11000
333.0,6.43,306400,1979591.0,6.43,6.42,6.41,6.4,6.39,6.37,6.36,6.35,6.34,6.33,6.44,6.45,6.46,6.48,6.49,6.5,6.51,6.52,6.53,6.54,9900,27400,60500,11700,4600,1600,22000,4600,10000,1000,1800,200,1400,7200,2200,44700,54900,66300,9100,11000
334.0,6.43,306400,1979591.0,6.43,6.42,6.41,6.4,6.39,6.37,6.36,6.35,6.34,6.33,6.44,6.45,6.46,6.48,6.49,6.5,6.51,6.52,6.53,6.54,9900,27400,60500,11700,4600,1600,22000,4600,10000,1000,1800,200,1400,7200,2200,44700,54900,66300,9100,11000
335.0,6.44,306500,1980235.0,6.43,6.42,6.41,6.4,6.39,6.37,6.36,6.35,6.34,6.33,6.44,6.45,6.46,6.48,6.49,6.5,6.51,6.52,6.53,6.54,10200,26900,60500,11700,4600,1600,22000,4600,10000,1000,4500,200,1400,7200,2200,44700,54900,66300,9100,11000
336.0,6.44,306500,1980235.0,6.43,6.42,6.41,6.4,6.39,6.37,6.36,6.35,6.34,6.33,6.44,6.45,6.46,6.48,6.49,6.5,6.51,6.52,6.53,6.54,10200,26900,60500,11700,4600,1600,22000,4600,10000,1000,4500,200,1400,7200,2200,46700,54900,66300,9100,11000
337.0,6.43,306700,1981521.0,6.43,6.42,6.41,6.4,6.39,6.37,6.36,6.35,6.34,6.33,6.44,6.45,6.46,6.48,6.49,6.5,6.51,6.52,6.53,6.54,10600,26900,60500,11700,4600,1600,22000,4600,10000,1000,4500,200,1400,7200,2200,46700,54900,66300,9100,11000
338.0,6.43,306700,1981521.0,6.43,6.42,6.41,6.4,6.39,6.37,6.36,6.35,6.34,6.33,6.44,6.45,6.46,6.48,6.49,6.5,6.51,6.52,6.53,6.54,10600,26900,60500,11700,4600,1600,22000,4600,10000,1000,4500,200,1400,7200,2200,46700,54900,66300,9100,11000
339.0,6.44,307500,1986673.0,6.43,6.42,6.41,6.4,6.39,6.37,6.36,6.35,6.34,6.33,6.44,6.45,6.46,6.48,6.49,6.5,6.51,6.52,6.53,6.54,10600,26900,60500,11700,4600,1600,22000,4600,10000,1000,3700,200,1400,7200,2200,46700,54900,66300,9100,11000
340.0,6.43,319000,2060627.0,6.42,6.41,6.4,6.39,6.37,6.36,6.35,6.34,6.33,6.32,6.43,6.44,6.45,6.46,6.48,6.49,6.5,6.51,6.52,6.53,26000,60500,11700,4600,1600,22000,4600,10000,1000,300,47900,2800,200,1400,7200,2200,46700,54900,66300,9100
341.0,6.43,319100,2061270.0,6.42,6.41,6.4,6.39,6.37,6.36,6.35,6.34,6.33,6.32,6.43,6.44,6.45,6.46,6.48,6.49,6.5,6.51,6.52,6.53,26000,60500,11700,4600,1600,22000,4600,10000,1000,300,47800,4100,200,1400,7200,2200,46700,54900,66300,9100
342.0,6.43,320600,2070915.0,6.42,6.41,6.4,6.39,6.37,6.36,6.35,6.34,6.33,6.32,6.43,6.44,6.45,6.46,6.48,6.49,6.5,6.51,6.52,6.53,26000,60500,11700,4600,1600,22000,4600,10000,1000,300,46300,4100,200,1400,7200,2200,46700,54900,66300,9100
343.0,6.43,320600,2070915.0,6.42,6.41,6.4,6.39,6.37,6.36,6.35,6.34,6.33,6.32,6.43,6.44,6.45,6.46,6.48,6.49,6.5,6.51,6.52,6.53,26400,60500,12200,4600,1600,22000,4600,10000,1000,300,50400,4100,200,1400,7200,2200,46700,54900,66300,9100
344.0,6.43,324800,2097921.0,6.42,6.41,6.4,6.39,6.37,6.36,6.35,6.34,6.33,6.32,6.43,6.44,6.45,6.46,6.48,6.49,6.5,6.51,6.52,6.53,26400,60500,12200,4600,1600,22000,4600,10000,1000,300,46200,1400,200,1400,7200,2200,46700,54900,66300,9100
345.0,6.43,326300,2107566.0,6.42,6.41,6.4,6.39,6.37,6.36,6.35,6.34,6.33,6.32,6.43,6.44,6.45,6.46,6.48,6.49,6.5,6.51,6.52,6.53,26400,60500,12200,4600,1600,22000,4600,10000,1000,300,44700,1400,200,1400,7200,2200,46700,54900,66300,9100
346.0,6.43,327800,2117211.0,6.42,6.41,6.4,6.39,6.37,6.36,6.35,6.34,6.33,6.32,6.43,6.44,6.45,6.46,6.48,6.49,6.5,6.51,6.52,6.53,26400,60500,12200,4600,1600,22000,4600,10000,1000,300,43200,1400,200,1400,7200,2200,46700,54900,66300,9100
347.0,6.43,328100,2119140.0,6.42,6.41,6.4,6.39,6.37,6.36,6.35,6.34,6.33,6.32,6.43,6.44,6.45,6.46,6.48,6.49,6.5,6.51,6.52,6.53,26400,60500,12200,4600,1600,22000,4600,10000,1000,300,42900,1400,200,1400,7200,2200,46700,54900,66300,9100
348.0,6.43,331100,2138430.0,6.42,6.41,6.4,6.39,6.37,6.36,6.35,6.34,6.33,6.32,6.43,6.44,6.45,6.46,6.48,6.49,6.5,6.51,6.52,6.53,26400,60500,12200,4600,1600,22000,4600,10000,1000,300,39900,1400,200,1400,7200,2200,46700,54900,66300,9100
349.0,6.43,331100,2138430.0,6.42,6.41,6.4,6.39,6.37,6.36,6.35,6.34,6.33,6.32,6.43,6.44,6.45,6.46,6.48,6.49,6.5,6.51,6.52,6.53,26400,60500,12200,4600,1600,22000,4600,10000,1000,300,39900,1400,200,1400,7200,2200,46700,54900,66300,9100
350.0,6.42,344200,2222532.0,6.42,6.41,6.4,6.39,6.37,6.36,6.35,6.34,6.33,6.32,6.43,6.44,6.45,6.46,6.48,6.49,6.5,6.51,6.52,6.53,13300,60500,12200,4600,1600,22000,4600,10000,1000,300,39900,1400,200,1400,7200,2200,46700,54900,66300,9100
351.0,6.43,345700,2232177.0,6.42,6.41,6.4,6.39,6.37,6.36,6.35,6.34,6.33,6.32,6.43,6.44,6.45,6.46,6.48,6.49,6.5,6.51,6.52,6.53,13300,60500,12200,4600,1600,22000,4600,10000,1000,300,38400,1400,200,1400,7200,2200,46700,54900,66300,9100
352.0,6.43,345700,2232177.0,6.42,6.41,6.4,6.39,6.37,6.36,6.35,6.34,6.33,6.32,6.43,6.44,6.45,6.46,6.48,6.49,6.5,6.51,6.52,6.53,13300,60500,12200,4600,1600,22000,4600,10000,1000,300,38400,1400,200,1400,7200,2200,46700,54900,66300,9100
353.0,6.42,350700,2264277.0,6.42,6.41,6.4,6.39,6.37,6.36,6.35,6.34,6.33,6.32,6.43,6.44,6.45,6.46,6.48,6.49,6.5,6.51,6.52,6.53,8300,60500,12200,4600,1600,22000,4600,10000,1000,300,38400,1400,200,1400,7200,2200,46700,54900,66300,9100
354.0,6.43,354200,2286782.0,6.42,6.41,6.4,6.39,6.37,6.36,6.35,6.34,6.33,6.32,6.43,6.44,6.45,6.46,6.48,6.49,6.5,6.51,6.52,6.53,8300,60500,12200,4600,1600,22000,4600,10000,1000,300,34900,1400,200,1400,7200,2200,46700,54900,66300,9100
355.0,6.43,354200,2286782.0,6.42,6.41,6.4,6.39,6.37,6.36,6.35,6.34,6.33,6.32,6.43,6.44,6.45,6.46,6.48,6.49,6.5,6.51,6.52,6.53,8300,60500,12200,4600,1600,22000,4600,10000,1000,300,34900,1400,200,1400,7200,2200,46700,54900,66300,9100
356.0,6.42,355800,2297054.0,6.42,6.41,6.4,6.39,6.37,6.36,6.35,6.34,6.33,6.32,6.43,6.44,6.45,6.46,6.48,6.49,6.5,6.51,6.52,6.53,6700,60500,12200,4600,1600,22000,4600,10000,1000,300,34900,1400,200,800,7200,2200,46700,54900,66300,9100
357.0,6.42,355800,2297054.0,6.42,6.41,6.4,6.39,6.37,6.36,6.35,6.34,6.33,6.32,6.43,6.44,6.45,6.46,6.48,6.49,6.5,6.51,6.52,6.53,6700,60500,12200,4600,1600,22000,4600,10000,1000,300,34900,1400,200,800,7200,2200,46700,54900,66300,9100
358.0,6.43,373000,2407650.0,6.42,6.41,6.4,6.39,6.37,6.36,6.35,6.34,6.33,6.32,6.43,6.44,6.45,6.46,6.48,6.49,6.5,6.51,6.52,6.53,6800,60500,12200,4600,1600,22000,4600,10000,1000,300,17700,1400,200,800,7200,2200,46700,54900,66300,9100
359.0,6.43,375600,2424349.0,6.42,6.41,6.4,6.39,6.37,6.36,6.35,6.34,6.33,6.32,6.43,6.44,6.45,6.46,6.48,6.49,6.5,6.51,6.52,6.53,4900,60500,12200,4600,1600,22000,4600,10000,1000,300,17600,1400,200,800,7200,2200,46700,54900,66300,9100
360.0,6.43,375600,2424349.0,6.42,6.41,6.4,6.39,6.37,6.36,6.35,6.34,6.33,6.32,6.43,6.44,6.45,6.46,6.48,6.49,6.5,6.51,6.52,6.53,4900,60500,12200,4600,1600,22000,4600,10000,1000,300,17600,1400,200,800,7200,2200,46700,54900,66300,9100
361.0,6.43,378600,2443639.0,6.42,6.41,6.4,6.39,6.37,6.36,6.35,6.34,6.33,6.32,6.43,6.44,6.45,6.46,6.48,6.49,6.5,6.51,6.52,6.53,5100,60500,12200,4600,1600,22000,4600,10000,1000,300,14600,1400,200,800,9200,2200,46700,54900,66300,9100
362.0,6.43,378600,2443639.0,6.42,6.41,6.4,6.39,6.37,6.36,6.35,6.34,6.33,6.32,6.43,6.44,6.45,6.46,6.48,6.49,6.5,6.51,6.52,6.53,5100,60500,12200,4600,1600,22000,4600,10000,1000,300,14600,1400,200,800,9200,2200,46700,54900,66300,9100
363.0,6.43,378600,2443639.0,6.42,6.41,6.4,6.39,6.37,6.36,6.35,6.34,6.33,6.32,6.43,6.44,6.45,6.46,6.48,6.49,6.5,6.51,6.52,6.53,5100,60500,12200,4600,1600,22000,4600,10000,1000,300,14600,1400,200,800,9200,2200,46700,54900,66300,9100
364.0,6.43,389300,2512440.0,6.42,6.41,6.4,6.39,6.37,6.36,6.35,6.34,6.33,6.32,6.43,6.44,6.45,6.46,6.48,6.49,6.5,6.51,6.52,6.53,5100,60500,12200,4600,1600,22000,4600,10000,1000,300,3900,1400,200,800,9200,2200,44600,54900,66300,9100
365.0,6.43,389400,2513083.0,6.42,6.41,6.4,6.39,6.37,6.36,6.35,6.34,6.33,6.32,6.43,6.44,6.45,6.46,6.48,6.49,6.5,6.51,6.52,6.53,5100,60500,12200,4600,1600,22000,4600,10000,1000,300,3800,1400,200,800,9200,2200,42900,54900,66300,9100
366.0,6.43,389500,2513726.0,6.42,6.41,6.4,6.39,6.37,6.36,6.35,6.34,6.33,6.32,6.43,6.44,6.45,6.46,6.48,6.49,6.5,6.51,6.52,6.53,5100,60500,12200,4600,1600,22000,4600,10000,1000,300,3700,1400,200,800,9200,2200,42900,54900,66300,9100
367.0,6.43,389500,2513726.0,6.42,6.41,6.4,6.39,6.37,6.36,6.35,6.34,6.33,6.32,6.43,6.44,6.46,6.48,6.49,6.5,6.51,6.52,6.53,6.54,5100,60500,12200,4600,1600,22000,4600,10000,1000,300,3700,1400,300,9200,2200,42900,54900,66300,9100,11000
368.0,6.43,390500,2520156.0,6.42,6.41,6.4,6.39,6.37,6.36,6.35,6.34,6.33,6.32,6.43,6.46,6.48,6.49,6.5,6.51,6.52,6.53,6.54,6.55,5100,60500,12200,1600,1600,22000,4600,10000,1000,300,2700,300,9200,800,42900,54900,66300,9100,11000,54600
369.0,6.43,390700,2521442.0,6.42,6.41,6.4,6.39,6.37,6.36,6.35,6.34,6.33,6.32,6.43,6.46,6.48,6.49,6.5,6.51,6.52,6.53,6.54,6.55,5100,60500,12200,1600,1600,22000,4600,10000,1000,300,2500,300,9200,800,42900,54900,66300,9100,11000,54600
370.0,6.43,390700,2521442.0,6.42,6.41,6.4,6.39,6.37,6.36,6.35,6.34,6.33,6.32,6.43,6.46,6.48,6.49,6.5,6.51,6.52,6.53,6.54,6.55,5500,60500,12200,1600,1600,22000,4600,10000,1000,300,2700,300,9200,800,42900,54900,66300,9100,11000,54600
371.0,6.42,392100,2530432.0,6.42,6.41,6.4,6.39,6.37,6.36,6.35,6.34,6.33,6.32,6.43,6.46,6.48,6.49,6.5,6.51,6.52,6.53,6.54,6.55,4800,60500,12200,1600,1600,22000,4600,10000,1000,300,2500,300,9200,800,42900,54900,66300,9100,11000,54600
372.0,6.42,392100,2530432.0,6.42,6.41,6.4,6.39,6.37,6.36,6.35,6.34,6.33,6.32,6.43,6.46,6.48,6.49,6.5,6.51,6.52,6.53,6.54,6.55,4800,60500,12200,1600,1600,22000,4600,10000,1000,300,2500,300,9200,800,42900,54900,66300,9100,11000,54600
373.0,6.42,392100,2530432.0,6.42,6.41,6.4,6.39,6.37,6.36,6.35,6.34,6.33,6.32,6.43,6.46,6.48,6.49,6.5,6.51,6.52,6.53,6.54,6.55,4800,60500,12200,1600,1600,22000,4600,10000,1000,300,2500,300,9200,800,42900,54900,66300,9100,11000,54600
374.0,6.42,395300,2550978.0,6.42,6.41,6.4,6.39,6.37,6.36,6.35,6.34,6.33,6.32,6.43,6.46,6.48,6.49,6.5,6.51,6.52,6.53,6.54,6.55,18300,60500,12200,1600,1600,22000,4600,10000,1000,300,2300,300,9200,800,42900,54900,66300,9100,11000,54600
375.0,6.43,396500,2558694.0,6.42,6.41,6.4,6.39,6.37,6.36,6.35,6.34,6.33,6.32,6.43,6.46,6.48,6.49,6.5,6.51,6.52,6.53,6.54,6.55,18300,60500,12200,1600,1600,22000,4600,10000,1000,300,1100,300,9200,800,42900,54900,66300,9100,11000,54600
376.0,6.43,397000,2561909.0,6.42,6.41,6.4,6.39,6.37,6.36,6.35,6.34,6.33,6.32,6.43,6.46,6.48,6.49,6.5,6.51,6.52,6.53,6.54,6.55,17900,60500,12200,1600,1600,22000,4600,10000,1000,300,600,300,9200,800,42900,54900,66300,9100,11000,54600
377.0,6.43,397600,2565767.0,6.43,6.42,6.41,6.4,6.39,6.37,6.36,6.35,6.34,6.33,6.46,6.48,6.49,6.5,6.51,6.52,6.53,6.54,6.55,6.56,200,23300,60500,12200,1600,4000,22000,4600,10000,1000,300,9200,800,42900,54900,66300,9100,11000,54600,12600
378.0,6.43,397600,2565767.0,6.43,6.42,6.41,6.4,6.39,6.37,6.36,6.35,6.34,6.33,6.46,6.48,6.49,6.5,6.51,6.52,6.53,6.54,6.55,6.56,20500,32100,60500,12200,1600,4000,22000,4600,10000,1000,2000,9200,800,42900,54900,66300,9100,11000,54600,12600
379.0,6.46,398000,2568351.0,6.43,6.42,6.41,6.4,6.39,6.37,6.36,6.35,6.34,6.33,6.46,6.48,6.49,6.5,6.51,6.52,6.53,6.54,6.55,6.56,22000,32100,60500,12200,2300,4000,22000,4600,10000,1000,1600,9200,800,42900,54900,66300,9100,11000,54600,12600
380.0,6.46,398100,2568997.0,6.43,6.42,6.41,6.4,6.39,6.37,6.36,6.35,6.34,6.33,6.46,6.48,6.49,6.5,6.51,6.52,6.53,6.54,6.55,6.56,22900,32100,60500,12200,2300,4000,22000,4600,10000,1000,2300,9200,800,42900,54900,66300,9100,11000,54600,12600
381.0,6.46,398100,2568997.0,6.43,6.42,6.41,6.4,6.39,6.37,6.36,6.35,6.34,6.33,6.46,6.48,6.49,6.5,6.51,6.52,6.53,6.54,6.55,6.56,24600,32100,60500,12200,2300,4000,22000,4600,10000,1000,4000,9200,800,42900,54900,66300,9100,11000,54600,12600
382.0,6.46,398100,2568997.0,6.43,6.42,6.41,6.4,6.39,6.37,6.36,6.35,6.34,6.33,6.46,6.48,6.49,6.5,6.51,6.52,6.53,6.54,6.55,6.56,25300,32100,60500,12200,2300,4000,22000,4600,10000,1000,4700,9200,800,42900,54900,66300,9100,11000,54600,12600
383.0,6.46,398100,2568997.0,6.43,6.42,6.41,6.4,6.39,6.37,6.36,6.35,6.34,6.33,6.46,6.48,6.49,6.5,6.51,6.52,6.53,6.54,6.55,6.56,27000,32100,60500,12200,2300,4000,22000,4600,10000,1000,6400,9200,800,44600,54900,66300,9100,11000,54600,12600
384.0,6.46,399300,2576749.0,6.44,6.43,6.42,6.41,6.4,6.39,6.37,6.36,6.35,6.34,6.46,6.48,6.49,6.5,6.51,6.52,6.53,6.54,6.55,6.56,1000,27000,32100,60500,12200,2300,4000,22000,4600,10000,5200,9200,800,44600,54900,66300,9100,11000,54600,12600
385.0,6.46,399300,2576749.0,6.44,6.43,6.42,6.41,6.4,6.39,6.37,6.36,6.35,6.34,6.46,6.48,6.49,6.5,6.51,6.52,6.53,6.54,6.55,6.56,2100,27600,32100,60500,12200,2300,4000,22000,4600,10000,5900,9200,800,44600,54900,66300,9100,11000,54600,12600
386.0,6.46,399300,2576749.0,6.44,6.43,6.42,6.41,6.4,6.39,6.37,6.36,6.35,6.34,6.46,6.48,6.49,6.5,6.51,6.52,6.53,6.54,6.55,6.56,2100,27600,32100,60500,12200,2300,4000,22000,4600,10000,5900,9200,800,44600,54900,66300,9100,11000,54600,12600
387.0,6.46,399800,2579979.0,6.44,6.43,6.42,6.41,6.4,6.39,6.37,6.36,6.35,6.34,6.46,6.48,6.49,6.5,6.51,6.52,6.53,6.54,6.55,6.56,2800,32600,32100,60500,12200,2300,4000,22000,4600,10000,6100,9200,800,44600,54900,66300,9100,11000,54600,12600
388.0,6.46,399800,2579979.0,6.44,6.43,6.42,6.41,6.4,6.39,6.37,6.36,6.35,6.34,6.46,6.48,6.49,6.5,6.51,6.52,6.53,6.54,6.55,6.56,2800,79200,26800,60500,12200,2300,4000,22000,4600,10000,6100,9200,800,44600,54900,66300,9100,11000,54600,12600
389.0,6.46,399800,2579979.0,6.44,6.43,6.42,6.41,6.4,6.39,6.37,6.36,6.35,6.34,6.46,6.48,6.49,6.5,6.51,6.52,6.53,6.54,6.55,6.56,18600,73900,20800,60500,12200,2300,4000,22000,4600,10000,6800,9200,800,44600,54900,66300,9100,11000,54600,12600
390.0,6.46,400400,2583855.0,6.44,6.43,6.42,6.41,6.4,6.39,6.37,6.36,6.35,6.34,6.46,6.48,6.49,6.5,6.51,6.52,6.53,6.54,6.55,6.56,20000,73900,20800,60500,12200,2300,4000,22000,4600,10000,6300,9200,12300,44600,54900,66300,9100,11000,54600,12600
391.0,6.46,402200,2595483.0,6.44,6.43,6.42,6.41,6.4,6.39,6.37,6.36,6.35,6.34,6.46,6.48,6.49,6.5,6.51,6.52,6.53,6.54,6.55,6.56,20000,74000,20800,60500,12200,2300,4000,22000,4600,10000,4500,9200,12300,44600,54900,66300,9100,11000,54600,12600
392.0,6.44,405900,2619322.0,6.44,6.43,6.42,6.41,6.4,6.39,6.37,6.36,6.35,6.34,6.45,6.46,6.48,6.49,6.5,6.51,6.52,6.53,6.54,6.55,18200,74000,20700,60500,12200,2300,4000,22000,4600,10000,500,8500,9200,12300,44600,54900,66300,9100,11000,54600
393.0,6.44,405900,2619322.0,6.44,6.43,6.42,6.41,6.4,6.39,6.37,6.36,6.35,6.34,6.45,6.46,6.48,6.49,6.5,6.51,6.52,6.53,6.54,6.55,18200,74000,20700,60500,12200,2300,4000,22000,4600,10000,500,8500,9200,12300,44600,54900,66300,9100,11000,54600
394.0,6.44,405900,2619322.0,6.44,6.43,6.42,6.41,6.4,6.39,6.37,6.36,6.35,6.34,6.45,6.46,6.48,6.49,6.5,6.51,6.52,6.53,6.54,6.55,18100,74000,20600,60500,12200,2300,4000,22000,4600,10000,500,8500,9200,12300,44600,54900,66300,9100,11000,54600
395.0,6.44,406000,2619966.0,6.44,6.43,6.42,6.41,6.4,6.39,6.37,6.36,6.35,6.34,6.45,6.46,6.48,6.49,6.5,6.51,6.52,6.53,6.54,6.55,18000,74000,20600,60500,12200,2300,4000,22000,4600,10000,1900,6100,9200,12300,44600,54900,66300,9100,11000,54600
396.0,6.44,406000,2619966.0,6.44,6.43,6.42,6.41,6.4,6.39,6.37,6.36,6.35,6.34,6.45,6.46,6.48,6.49,6.5,6.51,6.52,6.53,6.54,6.55,18000,74000,20600,60500,12200,2300,4000,22000,4600,10000,1900,6100,9200,12300,44600,54900,66300,9100,11000,54600
397.0,6.45,406200,2621256.0,6.44,6.43,6.42,6.41,6.4,6.39,6.37,6.36,6.35,6.34,6.45,6.46,6.48,6.49,6.5,6.51,6.52,6.53,6.54,6.55,18000,74000,20600,60500,12200,2300,4000,22000,4600,10000,1700,6100,9200,12300,44600,54900,66300,9100,11000,54600
398.0,6.44,408100,2633492.0,6.44,6.43,6.42,6.41,6.4,6.39,6.37,6.36,6.35,6.34,6.45,6.46,6.48,6.49,6.5,6.51,6.52,6.53,6.54,6.55,16100,74000,20600,60500,12200,2300,4000,22000,4600,10000,2200,6100,9200,12300,44600,54900,66300,9100,11000,54600
399.0,6.45,408300,2634782.0,6.44,6.43,6.42,6.41,6.4,6.39,6.37,6.36,6.35,6.34,6.45,6.46,6.48,6.49,6.5,6.51,6.52,6.53,6.54,6.55,16100,74000,20600,61000,12200,2300,4000,22000,4600,10000,2000,6100,9200,12300,44600,54900,66300,9100,11000,54600
400.0,6.45,408500,2636072.0,6.44,6.43,6.42,6.41,6.4,6.39,6.37,6.36,6.35,6.34,6.45,6.46,6.48,6.49,6.5,6.51,6.52,6.53,6.54,6.55,16100,74000,20600,61000,12200,2300,4000,22000,4600,10000,1800,6100,9200,12300,44600,54900,66300,9100,11000,54600
401.0,6.45,408500,2636072.0,6.44,6.43,6.42,6.41,6.4,6.39,6.37,6.36,6.35,6.34,6.45,6.46,6.48,6.49,6.5,6.51,6.52,6.53,6.54,6.55,20300,73500,20600,61000,12200,2300,4000,22000,4600,10000,1800,6100,9200,12300,44600,54900,66300,9100,11000,54600
402.0,6.44,414000,2671509.0,6.44,6.43,6.42,6.41,6.4,6.39,6.37,6.36,6.35,6.34,6.45,6.46,6.48,6.49,6.5,6.51,6.52,6.53,6.54,6.55,16900,73500,20600,61000,12200,2300,4000,22000,4600,10000,100,6100,9200,12300,44600,54900,66300,9100,11000,54600
403.0,6.44,414000,2671509.0,6.44,6.43,6.42,6.41,6.4,6.39,6.37,6.36,6.35,6.34,6.45,6.46,6.48,6.49,6.5,6.51,6.52,6.53,6.54,6.55,16900,73500,20600,61000,12200,2300,4000,22000,4600,10000,100,6100,9200,12900,44600,54900,66300,9100,11000,54600
404.0,6.44,414200,2672797.0,6.44,6.43,6.42,6.41,6.4,6.39,6.37,6.36,6.35,6.34,6.45,6.46,6.47,6.48,6.49,6.5,6.51,6.52,6.53,6.54,16700,73500,20600,61000,12200,2300,4000,22000,4600,10000,100,6100,13900,9200,12900,44600,54900,66300,9100,11000
405.0,6.44,414200,2672797.0,6.44,6.43,6.42,6.41,6.4,6.39,6.37,6.36,6.35,6.34,6.45,6.46,6.47,6.48,6.49,6.5,6.51,6.52,6.53,6.54,16700,73500,20600,61000,12200,2300,4000,22000,4600,10000,100,6100,13900,9200,12900,44600,54900,66300,9100,11000
406.0,6.44,414200,2672797.0,6.44,6.43,6.42,6.41,6.4,6.39,6.37,6.36,6.35,6.34,6.45,6.46,6.47,6.48,6.49,6.5,6.51,6.52,6.53,6.54,16700,73500,20600,61000,12200,2300,4000,22000,4600,10000,100,6100,13900,9200,12900,44600,54900,66300,9100,11000
407.0,6.44,414200,2672797.0,6.44,6.43,6.42,6.41,6.4,6.39,6.37,6.36,6.35,6.34,6.45,6.46,6.47,6.48,6.49,6.5,6.51,6.52,6.53,6.54,16900,73500,20600,61000,12200,2300,4000,22000,4600,10000,100,6100,13900,9200,12900,44600,54900,66300,9100,11000
408.0,6.44,414200,2672797.0,6.44,6.43,6.42,6.41,6.4,6.39,6.37,6.36,6.35,6.34,6.45,6.46,6.47,6.48,6.49,6.5,6.51,6.52,6.53,6.54,16900,73500,20600,61000,12200,2300,4000,22000,4600,10000,100,6100,13900,9200,12900,44600,54900,66300,9100,11000
409.0,6.44,414200,2672797.0,6.44,6.43,6.42,6.41,6.4,6.39,6.37,6.36,6.35,6.34,6.45,6.46,6.47,6.48,6.49,6.5,6.51,6.52,6.53,6.54,16900,73500,20600,61000,12500,2300,4000,22000,4600,10000,1000,6100,13900,9200,12900,44600,54900,66300,9100,11000
410.0,6.45,414300,2673442.0,6.44,6.43,6.42,6.41,6.4,6.39,6.37,6.36,6.35,6.34,6.45,6.46,6.47,6.48,6.49,6.5,6.51,6.52,6.53,6.54,16900,73500,20600,61000,12500,2300,4000,22000,4600,10000,900,6100,13900,9200,12900,44600,54900,66300,9100,11000
411.0,6.45,414300,2673442.0,6.44,6.43,6.42,6.41,6.4,6.39,6.37,6.36,6.35,6.34,6.45,6.46,6.47,6.48,6.49,6.5,6.51,6.52,6.53,6.54,16900,73500,20600,61000,12500,2300,4000,22000,4600,10000,900,6100,13900,9200,12900,44600,54900,66300,9100,11000
412.0,6.45,414300,2673442.0,6.44,6.43,6.42,6.41,6.4,6.39,6.37,6.36,6.35,6.34,6.45,6.46,6.47,6.48,6.49,6.5,6.51,6.52,6.53,6.54,16900,74000,20600,61000,12500,2300,4000,22000,4600,10000,1900,6100,13900,9200,12900,44600,54900,66300,9100,11000
413.0,6.44,421900,2722387.0,6.44,6.43,6.42,6.41,6.4,6.39,6.37,6.36,6.35,6.34,6.45,6.46,6.47,6.48,6.49,6.5,6.51,6.52,6.53,6.54,12500,74000,20600,61000,12500,2300,4000,22000,4600,10000,1800,6100,13900,9200,12900,44600,54900,66300,9100,11000
414.0,6.44,422900,2728831.0,6.44,6.43,6.42,6.41,6.4,6.39,6.37,6.36,6.35,6.34,6.45,6.46,6.47,6.48,6.49,6.5,6.51,6.52,6.53,6.54,11900,74000,20600,61000,12500,2300,4000,22000,4600,10000,1400,6100,13900,9200,12900,44600,54900,66300,9100,11000
415.0,6.44,424000,2735915.0,6.44,6.43,6.42,6.41,6.4,6.39,6.37,6.36,6.35,6.34,6.45,6.46,6.47,6.48,6.49,6.5,6.51,6.52,6.53,6.54,10800,73400,20600,61000,12500,2300,4000,22000,4600,10000,1400,16100,13900,9200,1400,44600,54900,66300,9100,11000
416.0,6.44,426800,2753947.0,6.44,6.43,6.42,6.41,6.4,6.39,6.37,6.36,6.35,6.34,6.45,6.46,6.47,6.48,6.49,6.5,6.51,6.52,6.53,6.54,8000,73400,20600,61000,12500,2300,4000,22000,4600,10000,2600,16100,13900,9200,1400,44600,54900,66300,9100,11000
417.0,6.44,427100,2755881.0,6.44,6.43,6.42,6.41,6.4,6.39,6.37,6.36,6.35,6.34,6.45,6.46,6.47,6.48,6.49,6.5,6.51,6.52,6.53,6.54,7900,73400,20600,61000,12500,2300,4000,22000,4600,10000,2400,16100,13900,9200,1400,44600,54900,66300,9100,11000
418.0,6.45,427300,2757171.0,6.44,6.43,6.42,6.41,6.4,6.39,6.37,6.36,6.35,6.34,6.45,6.46,6.47,6.48,6.49,6.5,6.51,6.52,6.53,6.54,7900,73400,20600,61000,12500,2300,4000,22000,4600,10000,2200,16100,13900,9200,1400,44600,54900,66300,9100,11000
419.0,6.45,427300,2757171.0,6.44,6.43,6.42,6.41,6.4,6.39,6.37,6.36,6.35,6.34,6.45,6.46,6.47,6.48,6.49,6.5,6.51,6.52,6.53,6.54,7900,73200,20600,61000,12500,2300,4000,22000,4600,10000,2200,16100,13900,9200,1400,44600,54900,66300,9100,11000
420.0,6.45,427500,2758461.0,6.44,6.43,6.42,6.41,6.4,6.39,6.37,6.36,6.35,6.34,6.45,6.46,6.47,6.48,6.49,6.5,6.51,6.52,6.53,6.54,7900,73200,20600,61000,12500,2300,4000,22000,4600,10000,2000,16100,13900,9200,1400,44600,54900,66300,9100,11000
