LocalTime,LastPrice,TradeVolume,TradeValue,BidPrice1,BidPrice2,BidPrice3,BidPrice4,BidPrice5,BidPrice6,BidPrice7,BidPrice8,BidPrice9,BidPriceA,AskPrice1,AskPrice2,AskPrice3,AskPrice4,AskPrice5,AskPrice6,AskPrice7,AskPrice8,AskPrice9,AskPriceA,BidVolume1,BidVolume2,BidVolume3,BidVolume4,BidVolume5,BidVolume6,BidVolume7,BidVolume8,BidVolume9,BidVolumeA,AskVolume1,AskVolume2,AskVolume3,AskVolume4,AskVolume5,AskVolume6,AskVolume7,AskVolume8,AskVolume9,AskVolumeA
0.0,18.69,35600,665364.0,18.69,18.63,18.6,18.59,18.58,18.56,18.55,18.54,18.53,18.5,18.73,18.74,18.75,18.76,18.77,18.78,18.79,18.8,18.87,18.88,300,2300,7600,15100,400,800,800,300,300,2700,600,100,500,900,400,100,2200,7900,400,2000
1.0,18.72,38200,713987.0,18.65,18.63,18.6,18.59,18.58,18.56,18.55,18.54,18.53,18.5,18.68,18.72,18.73,18.74,18.75,18.76,18.77,18.78,18.79,18.8,300,2300,7600,15200,400,800,800,300,300,2700,300,1100,600,100,500,1400,400,100,2200,7900
2.0,18.69,39000,728932.0,18.69,18.65,18.63,18.61,18.6,18.59,18.58,18.56,18.55,18.54,18.72,18.73,18.74,18.75,18.76,18.77,18.78,18.79,18.8,18.83,200,300,2300,500,7600,15700,400,800,800,300,1100,2000,100,500,1700,900,100,2700,7900,100
3.0,18.69,42200,788758.0,18.63,18.61,18.6,18.59,18.58,18.56,18.55,18.54,18.53,18.5,18.69,18.7,18.72,18.73,18.74,18.75,18.76,18.77,18.78,18.79,2300,500,7600,18100,1200,800,800,300,300,2700,2700,1400,300,2000,100,500,1700,900,200,3200
4.0,18.63,43600,814900.0,18.66,18.63,18.61,18.6,18.59,18.58,18.56,18.55,18.54,18.53,18.69,18.7,18.72,18.73,18.74,18.75,18.76,18.77,18.78,18.79,2000,1900,500,7600,18200,1200,800,800,300,300,3000,1400,500,3000,100,1500,1700,900,200,4200
5.0,18.69,44800,837325.0,18.66,18.63,18.61,18.6,18.59,18.58,18.56,18.55,18.54,18.53,18.69,18.7,18.72,18.73,18.74,18.75,18.76,18.77,18.78,18.79,1900,1900,500,17600,18200,1300,1800,1300,300,300,2700,1400,1400,3000,100,3900,1700,4700,200,21900
6.0,18.69,50200,938251.0,18.69,18.66,18.63,18.61,18.6,18.59,18.58,18.57,18.56,18.55,18.7,18.72,18.73,18.74,18.75,18.76,18.77,18.78,18.79,18.8,7600,1900,1900,500,19100,18200,2300,1000,3300,1300,1400,1500,3000,800,3900,3200,4700,200,21900,13100
7.0,18.71,53400,998101.0,18.69,18.66,18.63,18.61,18.6,18.59,18.58,18.57,18.56,18.55,18.72,18.73,18.74,18.75,18.76,18.77,18.78,18.79,18.8,18.82,7700,1900,1900,500,19100,18200,2300,1000,3500,1300,1100,3200,800,4300,3200,4500,200,21900,13100,7500
8.0,18.7,53600,1001841.0,18.7,18.69,18.66,18.64,18.63,18.62,18.61,18.6,18.59,18.58,18.72,18.73,18.74,18.75,18.76,18.77,18.78,18.79,18.8,18.82,1600,8100,1900,2400,1900,2900,1700,20300,18200,2300,11700,3200,800,3300,3200,4500,1700,21900,13100,7500
9.0,18.72,59600,1114114.0,18.69,18.66,18.64,18.63,18.62,18.61,18.6,18.59,18.58,18.57,18.72,18.73,18.74,18.75,18.76,18.77,18.78,18.79,18.8,18.82,7600,1900,2400,1100,2900,1700,31000,19600,3800,1000,7800,3200,800,3300,3200,5100,1700,21900,13100,7500
10.0,18.69,63100,1179604.0,18.69,18.68,18.66,18.65,18.64,18.63,18.62,18.61,18.6,18.59,18.71,18.72,18.73,18.74,18.75,18.76,18.77,18.78,18.79,18.8,8700,1000,1900,600,3100,1800,2900,1700,31000,19600,1100,5400,3200,800,3300,3200,5100,1700,21900,13100
11.0,18.68,75900,1418807.0,18.68,18.66,18.65,18.64,18.63,18.62,18.61,18.6,18.59,18.58,18.71,18.72,18.73,18.74,18.75,18.76,18.77,18.78,18.79,18.8,300,2700,600,3100,1800,2900,2700,31800,19600,3800,1400,6000,3400,800,3300,3200,5100,1700,21900,13100
12.0,18.7,81800,1529154.0,18.7,18.66,18.65,18.64,18.63,18.61,18.6,18.59,18.58,18.57,18.72,18.73,18.74,18.75,18.76,18.77,18.78,18.79,18.8,18.82,700,2700,600,3100,1800,1500,30600,19600,3800,1700,3400,3400,800,3300,3200,5100,1700,21900,13100,7500
13.0,18.69,88700,1658167.0,18.69,18.68,18.67,18.66,18.65,18.64,18.63,18.61,18.6,18.59,18.72,18.73,18.74,18.75,18.76,18.77,18.78,18.79,18.8,18.82,500,600,3900,2500,600,3100,700,1500,30600,19600,1900,3400,800,3300,3200,5100,1700,21900,13100,7500
14.0,18.71,90700,1695575.0,18.7,18.69,18.68,18.67,18.66,18.65,18.64,18.63,18.61,18.6,18.71,18.72,18.73,18.74,18.75,18.76,18.77,18.78,18.79,18.8,1900,300,600,3900,1900,600,3100,700,1500,30600,300,1900,3400,800,3300,3200,5100,1700,21900,13100
15.0,18.72,91800,1716164.0,18.7,18.69,18.68,18.67,18.66,18.65,18.64,18.63,18.61,18.6,18.72,18.73,18.74,18.75,18.76,18.77,18.78,18.79,18.8,18.82,1900,200,600,3900,1900,600,3100,700,1500,30600,1700,3400,800,3300,3200,5100,1700,21900,13100,7500
16.0,18.72,92800,1734884.0,18.7,18.69,18.68,18.67,18.66,18.65,18.64,18.63,18.61,18.6,18.72,18.73,18.74,18.75,18.76,18.77,18.78,18.79,18.8,18.82,1900,200,600,3900,1900,600,3100,700,1500,30600,700,3400,800,3300,3200,5100,1700,21900,13100,7500
17.0,18.7,92900,1736754.0,18.7,18.69,18.68,18.67,18.66,18.65,18.64,18.63,18.61,18.6,18.71,18.72,18.73,18.74,18.75,18.76,18.77,18.78,18.79,18.8,1800,1200,600,3900,1900,600,3100,700,1500,30600,100,700,3400,800,3300,3200,5100,1700,21900,13100
18.0,18.71,94100,1759214.0,18.72,18.7,18.69,18.68,18.67,18.66,18.65,18.64,18.63,18.61,18.73,18.74,18.75,18.76,18.77,18.78,18.79,18.8,18.82,18.83,200,1800,1200,600,3900,1900,600,3100,700,1500,3400,800,3300,3200,5100,1700,21900,13100,7500,100
19.0,18.72,96600,1806038.0,18.72,18.69,18.68,18.67,18.66,18.65,18.64,18.63,18.61,18.6,18.73,18.74,18.75,18.76,18.77,18.78,18.79,18.8,18.82,18.83,700,1000,600,3900,1900,600,3100,700,1500,30600,1000,800,3300,3200,5100,1700,21900,13100,7500,100
20.0,18.72,96600,1806038.0,18.72,18.69,18.68,18.67,18.66,18.65,18.64,18.63,18.61,18.6,18.73,18.74,18.75,18.76,18.77,18.78,18.79,18.8,18.82,18.83,700,1000,600,3900,1900,600,3100,700,1500,30600,1000,800,3300,3200,5100,1700,21900,13100,7500,100
21.0,18.7,99900,1867802.0,18.7,18.69,18.68,18.67,18.66,18.65,18.64,18.63,18.61,18.6,18.73,18.74,18.75,18.76,18.77,18.78,18.79,18.8,18.82,18.83,700,2200,600,3900,1900,600,3100,700,1500,30600,1000,800,3300,3200,5100,1700,21900,13100,7500,100
22.0,18.73,100600,1880909.0,18.7,18.69,18.68,18.67,18.66,18.65,18.64,18.63,18.61,18.6,18.73,18.74,18.75,18.76,18.77,18.78,18.79,18.8,18.82,18.83,1200,2200,600,3900,1900,600,3100,700,1500,30600,500,2800,3300,3200,5100,1700,21900,13100,7500,100
23.0,18.73,100600,1880909.0,18.7,18.69,18.68,18.67,18.66,18.65,18.64,18.63,18.61,18.6,18.73,18.74,18.75,18.76,18.77,18.78,18.79,18.8,18.82,18.83,1200,2200,600,3900,1900,600,3100,700,1500,30600,500,2800,3300,3200,5100,1700,21900,13100,7500,100
24.0,18.73,101100,1890274.0,18.7,18.69,18.68,18.67,18.66,18.65,18.64,18.63,18.61,18.6,18.74,18.75,18.76,18.77,18.78,18.79,18.8,18.82,18.83,18.84,1200,2200,1600,3900,1900,600,3100,700,1500,30600,2800,3300,3200,5100,1700,21900,13100,7500,100,600
25.0,18.7,103100,1927722.0,18.7,18.69,18.68,18.67,18.66,18.65,18.64,18.63,18.61,18.6,18.74,18.75,18.76,18.77,18.78,18.79,18.8,18.82,18.83,18.84,700,1000,1600,3900,1900,600,3100,700,1500,30600,1600,3300,3200,5100,1700,21900,13100,7500,100,600
26.0,18.74,103200,1929596.0,18.71,18.7,18.69,18.68,18.67,18.66,18.65,18.64,18.63,18.61,18.74,18.75,18.76,18.77,18.78,18.79,18.8,18.82,18.83,18.84,400,3500,1000,1600,3900,1900,600,3100,700,1500,1600,3300,3200,5100,1700,21900,13100,7500,100,600
27.0,18.73,103700,1938961.0,18.73,18.71,18.7,18.69,18.68,18.67,18.66,18.65,18.64,18.63,18.74,18.75,18.76,18.77,18.78,18.79,18.8,18.82,18.83,18.84,500,900,3500,1000,1600,3900,1900,600,3100,700,1600,3300,3200,5100,1700,21900,13100,7500,100,600
28.0,18.73,104900,1961443.0,18.73,18.71,18.7,18.69,18.68,18.67,18.66,18.65,18.64,18.63,18.74,18.75,18.76,18.77,18.78,18.79,18.8,18.82,18.83,18.84,1200,4500,4000,1500,1600,3900,1900,600,3100,700,1000,3300,3200,5100,1700,21900,13100,7500,100,600
29.0,18.73,107200,2004523.0,18.73,18.72,18.71,18.7,18.69,18.68,18.67,18.66,18.65,18.64,18.74,18.75,18.76,18.77,18.78,18.79,18.8,18.82,18.83,18.84,4700,500,5500,4000,1000,1600,3900,1900,600,3100,900,3300,3200,5100,1700,21900,13100,7500,100,600
30.0,18.73,109500,2047630.0,18.73,18.72,18.71,18.7,18.69,18.68,18.67,18.66,18.65,18.64,18.75,18.76,18.77,18.78,18.79,18.8,18.82,18.83,18.84,18.85,4300,500,5500,3600,1000,1600,3900,1900,600,3100,2400,3200,5100,1700,21900,13100,7500,100,600,12700
31.0,18.73,111700,2088836.0,18.73,18.72,18.71,18.7,18.69,18.68,18.67,18.66,18.65,18.64,18.74,18.75,18.76,18.77,18.78,18.79,18.8,18.82,18.83,18.84,2100,500,5500,4800,1000,1600,3900,1900,600,3100,300,2400,3200,5100,1700,21900,13100,7500,100,600
32.0,18.74,111900,2092583.0,18.73,18.72,18.71,18.7,18.69,18.68,18.67,18.66,18.65,18.64,18.74,18.75,18.76,18.77,18.78,18.79,18.8,18.82,18.83,18.84,3000,500,5500,4800,1000,1600,3900,1900,600,3100,300,2400,3200,5100,1700,21900,13100,7500,100,600
33.0,18.74,111900,2092583.0,18.73,18.72,18.71,18.7,18.69,18.68,18.67,18.66,18.65,18.64,18.74,18.75,18.76,18.77,18.78,18.79,18.8,18.82,18.83,18.84,3000,500,5500,4800,1000,1600,3900,1900,600,3100,600,2400,3600,5100,1700,21900,13100,7500,100,600
34.0,18.74,112400,2101953.0,18.73,18.72,18.71,18.7,18.69,18.68,18.67,18.66,18.65,18.64,18.74,18.75,18.76,18.77,18.78,18.79,18.8,18.82,18.83,18.84,3200,500,5600,4800,1000,1600,3900,1900,600,3100,100,2400,3600,5100,1700,21900,13100,7500,100,600
35.0,18.74,114300,2137546.0,18.74,18.73,18.72,18.71,18.7,18.69,18.68,18.67,18.66,18.65,18.75,18.76,18.77,18.78,18.79,18.8,18.82,18.83,18.84,18.85,1300,2400,500,5600,5500,1000,1600,3900,1900,600,2400,3600,5100,1700,21400,13100,7500,100,600,12700
36.0,18.74,115400,2158160.0,18.74,18.73,18.72,18.71,18.7,18.69,18.68,18.67,18.66,18.65,18.75,18.76,18.77,18.78,18.79,18.8,18.82,18.83,18.84,18.85,700,2700,500,5600,5500,1000,1600,3900,1900,600,2600,3600,5100,1700,21400,13100,7500,100,600,12700
37.0,18.74,117500,2197525.0,18.74,18.73,18.72,18.71,18.7,18.69,18.68,18.67,18.66,18.65,18.75,18.76,18.77,18.78,18.79,18.8,18.82,18.83,18.84,18.85,200,2800,500,5600,5500,1000,1600,3900,1900,600,1500,3600,5100,1700,21400,13100,7500,100,600,12700
38.0,18.74,117500,2197525.0,18.74,18.73,18.72,18.71,18.7,18.69,18.68,18.67,18.66,18.65,18.75,18.76,18.77,18.78,18.79,18.8,18.82,18.83,18.84,18.85,500,2800,500,5600,5500,1000,1600,3900,1900,600,1500,3600,5100,1700,21400,13100,7500,100,600,12700
39.0,18.74,117500,2197525.0,18.74,18.73,18.72,18.71,18.7,18.69,18.68,18.67,18.66,18.65,18.75,18.76,18.77,18.78,18.79,18.8,18.82,18.83,18.84,18.85,500,2800,500,5600,5500,1000,1600,3900,1900,600,1500,3600,5100,1700,22400,13100,7500,100,600,12700
40.0,18.75,117800,2203150.0,18.74,18.73,18.72,18.71,18.7,18.69,18.68,18.67,18.66,18.65,18.75,18.76,18.77,18.78,18.79,18.8,18.82,18.83,18.84,18.85,500,2800,500,5900,5500,1000,1600,3900,1900,600,1200,3600,5100,1700,22400,13100,7500,100,600,12700
41.0,18.75,119000,2225650.0,18.75,18.74,18.73,18.72,18.71,18.7,18.69,18.68,18.67,18.66,18.76,18.77,18.78,18.79,18.8,18.82,18.83,18.84,18.85,18.86,800,600,2800,500,5900,5500,1000,1600,3900,1900,3600,5100,4000,22400,13100,7500,100,600,12700,8800
42.0,18.76,119700,2238782.0,18.75,18.74,18.73,18.72,18.71,18.7,18.69,18.68,18.67,18.66,18.76,18.77,18.78,18.79,18.8,18.82,18.83,18.84,18.85,18.86,800,900,2800,500,5900,5500,1000,1600,3900,1900,2900,5100,6400,22400,13100,7500,100,600,12700,8800
43.0,18.75,122300,2287532.0,18.75,18.74,18.73,18.72,18.71,18.7,18.69,18.68,18.67,18.66,18.76,18.77,18.78,18.79,18.8,18.82,18.83,18.84,18.85,18.86,100,1900,2800,500,5900,5500,1000,1600,3900,1900,3000,5100,6400,22400,13100,7500,100,600,12700,8800
44.0,18.75,122400,2289407.0,18.74,18.73,18.71,18.7,18.69,18.68,18.67,18.66,18.65,18.64,18.76,18.77,18.78,18.79,18.8,18.82,18.83,18.84,18.85,18.86,2700,2800,5900,5500,1000,1600,3900,1900,600,2400,3000,5100,6500,22400,13100,7500,100,600,12700,8800
45.0,18.74,122700,2295029.0,18.74,18.73,18.71,18.7,18.69,18.68,18.67,18.66,18.65,18.64,18.76,18.77,18.78,18.79,18.8,18.82,18.83,18.84,18.85,18.86,2400,2800,5900,5500,1000,1600,3900,1900,600,2400,3000,5100,6500,22400,13100,7500,100,600,12700,8800
46.0,18.74,124000,2319391.0,18.75,18.74,18.73,18.71,18.7,18.69,18.68,18.67,18.66,18.65,18.76,18.77,18.78,18.79,18.8,18.82,18.83,18.84,18.85,18.86,100,1100,2800,2300,5500,1000,1600,3900,1900,600,3000,5100,6500,22400,13100,7500,100,600,12700,8800
47.0,18.76,124900,2336271.0,18.74,18.73,18.71,18.7,18.69,18.68,18.67,18.66,18.65,18.64,18.76,18.77,18.78,18.79,18.8,18.82,18.83,18.84,18.85,18.86,1800,2800,2300,5500,1000,1600,3900,1900,600,2400,2400,5100,7000,22400,13100,7500,100,600,12700,8800
48.0,18.74,125200,2341893.0,18.75,18.74,18.73,18.71,18.7,18.69,18.68,18.67,18.66,18.65,18.76,18.77,18.78,18.79,18.8,18.82,18.83,18.84,18.85,18.86,2000,1500,2800,2300,5500,1000,1600,3900,1900,600,2400,5100,7000,22400,13100,7500,100,600,12700,8800
49.0,18.76,125300,2343769.0,18.75,18.74,18.73,18.71,18.7,18.69,18.68,18.67,18.66,18.65,18.76,18.77,18.78,18.79,18.8,18.82,18.83,18.84,18.85,18.86,2000,1500,2800,2300,5500,1000,1600,3900,1900,600,3500,5100,7000,22400,13100,7500,100,600,12700,8800
50.0,18.74,128800,2409379.0,18.73,18.71,18.7,18.69,18.68,18.67,18.66,18.65,18.64,18.63,18.74,18.76,18.77,18.78,18.79,18.8,18.82,18.83,18.84,18.85,2900,2300,5500,1000,1600,3900,1900,600,2400,700,200,3500,5100,7000,22400,13100,7500,100,600,12700
51.0,18.73,136500,2553648.0,18.71,18.7,18.69,18.68,18.67,18.66,18.65,18.64,18.63,18.61,18.73,18.74,18.75,18.76,18.77,18.78,18.79,18.8,18.82,18.83,2400,5500,1000,2000,3900,1900,600,2400,700,1500,400,200,400,3500,5100,7000,22400,13100,7500,100
52.0,18.73,136500,2553648.0,18.71,18.7,18.69,18.68,18.67,18.66,18.65,18.64,18.63,18.61,18.73,18.74,18.75,18.76,18.77,18.78,18.79,18.8,18.82,18.83,2100,5500,1000,2000,3900,1900,600,2400,700,1500,400,500,500,3500,5100,7000,22400,13100,7500,100
53.0,18.71,136700,2557390.0,18.71,18.7,18.69,18.68,18.67,18.66,18.65,18.64,18.63,18.61,18.73,18.74,18.75,18.76,18.77,18.78,18.79,18.8,18.82,18.83,2300,9300,1000,2000,3900,1900,600,2400,700,1500,400,700,500,3500,5100,7000,22400,13100,7500,100
54.0,18.74,137200,2566756.0,18.71,18.7,18.69,18.68,18.67,18.66,18.65,18.64,18.63,18.61,18.74,18.75,18.76,18.77,18.78,18.79,18.8,18.82,18.83,18.84,2300,9300,1000,2000,3900,1900,600,2400,700,1500,600,600,3500,5100,7000,21400,13100,7500,100,600
55.0,18.74,137500,2572378.0,18.71,18.7,18.69,18.68,18.67,18.66,18.65,18.64,18.63,18.61,18.74,18.75,18.76,18.77,18.78,18.79,18.8,18.82,18.83,18.84,2400,9300,1000,2000,3900,1900,600,2400,700,1500,300,800,3500,5100,7700,21400,13100,7500,100,600
56.0,18.76,152800,2859382.0,18.72,18.71,18.7,18.69,18.68,18.67,18.66,18.65,18.64,18.63,18.74,18.75,18.76,18.77,18.78,18.79,18.8,18.82,18.83,18.84,2400,2400,9500,1000,2000,3900,1900,600,2400,700,100,3000,16800,5100,7700,21400,13100,7500,100,600
57.0,18.76,152800,2859382.0,18.72,18.71,18.7,18.69,18.68,18.67,18.66,18.65,18.64,18.63,18.75,18.76,18.77,18.78,18.79,18.8,18.82,18.83,18.84,18.85,2400,2400,9500,1000,2000,3900,1900,600,2400,700,3000,16800,5100,7700,21400,13100,7500,100,600,12700
58.0,18.76,152800,2859382.0,18.72,18.71,18.7,18.69,18.68,18.67,18.66,18.65,18.64,18.63,18.75,18.76,18.77,18.78,18.79,18.8,18.82,18.83,18.84,18.85,2400,2500,9500,1000,2000,3900,1900,600,2400,700,3000,16800,5100,7700,21400,13100,7500,100,600,12700
59.0,18.76,152800,2859382.0,18.72,18.71,18.7,18.69,18.68,18.67,18.66,18.65,18.64,18.63,18.75,18.76,18.77,18.78,18.79,18.8,18.82,18.83,18.84,18.85,2400,2500,9500,1000,2000,3900,1900,600,2400,700,3700,16800,5100,7700,21400,13100,7500,100,600,12700
60.0,18.75,157500,2947501.0,18.73,18.72,18.71,18.7,18.69,18.68,18.67,18.66,18.65,18.63,18.75,18.76,18.77,18.78,18.79,18.8,18.82,18.83,18.84,18.85,4800,2200,2500,9500,1000,2000,3900,1900,600,700,16200,5200,5100,7700,23000,13800,7500,100,600,12700
61.0,18.73,158100,2958739.0,18.73,18.72,18.71,18.7,18.69,18.68,18.67,18.66,18.65,18.63,18.75,18.76,18.77,18.78,18.79,18.8,18.82,18.83,18.84,18.85,4200,2200,2500,9500,1000,2000,3900,1900,600,700,2400,5200,5100,7900,23000,13800,7500,100,600,12700
62.0,18.73,158900,2973723.0,18.73,18.72,18.71,18.7,18.69,18.68,18.67,18.66,18.65,18.63,18.75,18.76,18.77,18.78,18.79,18.8,18.82,18.83,18.84,18.85,3400,3200,2500,9500,1000,2000,3900,1900,600,700,4500,5200,5100,7900,23000,13800,7500,100,600,12700
63.0,18.73,159300,2981215.0,18.73,18.72,18.71,18.7,18.69,18.68,18.67,18.66,18.65,18.63,18.75,18.76,18.77,18.78,18.79,18.8,18.82,18.83,18.84,18.85,3400,3200,2500,5500,1000,2000,3900,1900,600,700,4500,5200,5100,9400,23000,13800,7500,100,600,12700
64.0,18.73,159300,2981215.0,18.73,18.72,18.71,18.7,18.69,18.68,18.67,18.66,18.65,18.63,18.75,18.76,18.77,18.78,18.79,18.8,18.82,18.83,18.84,18.85,3400,3200,2500,5500,1000,2000,3900,1900,600,700,2100,5200,5100,9400,23000,14300,7500,100,600,12700
65.0,18.75,160000,2994334.0,18.73,18.72,18.71,18.7,18.69,18.68,18.67,18.66,18.65,18.63,18.75,18.76,18.77,18.78,18.79,18.8,18.82,18.83,18.84,18.85,3100,3200,2500,5500,1000,2000,3900,1900,600,700,1700,5200,5100,9500,23000,14600,7500,100,600,12700
66.0,18.76,170500,3191297.0,18.76,18.75,18.73,18.72,18.71,18.7,18.69,18.68,18.67,18.66,18.77,18.78,18.79,18.8,18.82,18.83,18.84,18.85,18.86,18.87,2500,1100,3100,3200,2500,5500,1000,2000,3900,1900,5100,9500,23000,14600,7500,100,600,12700,8800,400
67.0,18.75,175500,3285072.0,18.75,18.73,18.72,18.71,18.7,18.69,18.68,18.67,18.66,18.65,18.77,18.78,18.79,18.8,18.82,18.83,18.84,18.85,18.86,18.87,5100,3100,3200,2500,5500,1000,2000,3900,1900,600,5100,9500,23000,14600,7500,100,600,12700,8800,400
68.0,18.75,176100,3296322.0,18.75,18.73,18.72,18.71,18.7,18.69,18.68,18.67,18.66,18.65,18.76,18.77,18.78,18.79,18.8,18.82,18.83,18.84,18.85,18.86,4800,3100,3200,2500,5500,1000,2000,3900,1900,600,1900,5200,9500,23000,14600,7500,100,600,12700,8800
69.0,18.76,176300,3300074.0,18.75,18.73,18.72,18.71,18.7,18.69,18.68,18.67,18.66,18.65,18.76,18.77,18.78,18.79,18.8,18.82,18.83,18.84,18.85,18.86,4800,6500,3200,2500,5500,1000,2000,3900,1900,600,1700,5200,12500,23000,14600,7500,100,600,12700,8800
70.0,18.76,176300,3300074.0,18.75,18.73,18.72,18.71,18.7,18.69,18.68,18.67,18.66,18.65,18.76,18.77,18.78,18.79,18.8,18.82,18.83,18.84,18.85,18.86,500,6500,3200,2500,5500,1000,2000,3900,1900,600,1700,5200,12500,23000,14600,7500,100,600,12700,8800
71.0,18.76,176300,3300074.0,18.75,18.73,18.72,18.71,18.7,18.69,18.68,18.67,18.66,18.65,18.76,18.77,18.78,18.79,18.8,18.82,18.83,18.84,18.85,18.86,600,6500,3200,2500,5500,1000,2000,3900,1900,600,1700,5200,12500,23000,14600,7500,100,600,12700,8800
72.0,18.75,176900,3311324.0,18.73,18.72,18.71,18.7,18.69,18.68,18.67,18.66,18.65,18.63,18.75,18.76,18.77,18.78,18.79,18.8,18.82,18.83,18.84,18.85,7500,3200,2500,4300,1000,2000,3900,1900,600,700,1500,1700,5200,13100,23000,14600,7500,100,600,12700
73.0,18.73,178200,3335679.0,18.73,18.72,18.71,18.7,18.69,18.68,18.67,18.66,18.65,18.63,18.75,18.76,18.77,18.78,18.79,18.8,18.82,18.83,18.84,18.85,6500,3200,2500,4300,1000,2000,3900,1900,600,700,1300,1700,5200,13100,23000,14600,7500,100,600,12700
74.0,18.75,182400,3414438.0,18.73,18.72,18.71,18.7,18.69,18.68,18.67,18.66,18.65,18.63,18.75,18.76,18.77,18.78,18.79,18.8,18.82,18.83,18.84,18.85,6000,3200,2500,4300,1000,2000,3900,1900,600,700,600,1700,5400,13200,23000,14600,7500,100,600,12700
75.0,18.75,183000,3425678.0,18.74,18.73,18.72,18.71,18.7,18.69,18.68,18.67,18.66,18.65,18.75,18.76,18.77,18.78,18.79,18.8,18.82,18.83,18.84,18.85,100,5500,3200,2500,4300,1000,2000,3900,1900,600,600,2400,5500,13200,23000,14900,7500,100,600,12700
76.0,18.76,184600,3455688.0,18.74,18.73,18.72,18.71,18.7,18.69,18.68,18.67,18.66,18.65,18.76,18.77,18.78,18.79,18.8,18.82,18.83,18.84,18.85,18.86,100,5500,3200,2500,4300,1000,2000,3900,1900,600,1400,5400,13200,23000,14900,7500,100,600,12700,8800
77.0,18.76,184800,3459440.0,18.74,18.73,18.72,18.71,18.7,18.69,18.68,18.67,18.66,18.65,18.76,18.77,18.78,18.79,18.8,18.82,18.83,18.84,18.85,18.86,100,5500,3200,2500,4300,3500,2000,3900,1900,600,1600,5400,13200,23000,14900,7500,100,600,12700,8800
78.0,18.76,186800,3496960.0,18.74,18.73,18.72,18.71,18.7,18.69,18.68,18.67,18.66,18.65,18.75,18.76,18.77,18.78,18.79,18.8,18.82,18.83,18.84,18.85,200,5500,3200,2500,4300,3500,2000,3900,1900,600,1400,1000,5400,13100,23000,15200,7500,100,600,12700
79.0,18.73,192500,3603723.0,18.72,18.71,18.7,18.69,18.68,18.67,18.66,18.65,18.63,18.61,18.73,18.75,18.76,18.77,18.78,18.79,18.8,18.82,18.83,18.84,3200,2500,4300,3500,2000,3900,1900,600,700,1500,5300,1400,1000,5400,13100,23000,15200,7500,100,600
80.0,18.73,193000,3613088.0,18.72,18.71,18.7,18.69,18.68,18.67,18.66,18.65,18.63,18.61,18.73,18.75,18.76,18.77,18.78,18.79,18.8,18.82,18.83,18.84,6000,2500,4300,3500,2000,3900,1900,600,700,1500,4800,1400,1000,5400,13100,23000,15200,7500,100,600
81.0,18.73,195000,3650548.0,18.72,18.71,18.7,18.69,18.68,18.67,18.66,18.65,18.63,18.61,18.73,18.75,18.76,18.77,18.78,18.79,18.8,18.82,18.83,18.84,6100,2500,4300,3500,2000,3900,1900,600,700,1500,3000,1400,1400,6400,13100,23000,15200,7500,100,600
82.0,18.72,196000,3669268.0,18.72,18.71,18.7,18.69,18.68,18.67,18.66,18.65,18.63,18.61,18.73,18.75,18.76,18.77,18.78,18.79,18.8,18.82,18.83,18.84,5100,2500,4300,3500,2000,3900,1900,600,700,1500,3000,1600,1400,9900,13100,23000,15200,7500,100,600
83.0,18.73,196100,3671141.0,18.72,18.71,18.7,18.69,18.68,18.67,18.66,18.65,18.63,18.61,18.73,18.74,18.75,18.76,18.77,18.78,18.79,18.8,18.82,18.83,7400,2500,4300,3500,2000,3900,1900,600,700,1500,2900,1000,1600,2400,9900,13100,23000,15200,7500,100
84.0,18.73,196100,3671141.0,18.72,18.71,18.7,18.69,18.68,18.67,18.66,18.65,18.63,18.61,18.73,18.74,18.75,18.76,18.77,18.78,18.79,18.8,18.82,18.83,8200,2500,4300,3500,2000,3900,1900,600,700,1500,2900,1000,1600,2900,9900,13100,23000,15200,7500,100
85.0,18.72,197100,3689861.0,18.72,18.71,18.7,18.69,18.68,18.67,18.66,18.65,18.63,18.61,18.73,18.74,18.75,18.76,18.77,18.78,18.79,18.8,18.82,18.83,7200,2500,4300,3500,2000,3900,1900,600,700,1500,2900,1200,1900,2900,9900,13100,23000,15200,7500,100
86.0,18.72,197100,3689861.0,18.72,18.71,18.7,18.69,18.68,18.67,18.66,18.65,18.63,18.61,18.73,18.74,18.75,18.76,18.77,18.78,18.79,18.8,18.82,18.83,7700,2500,4300,3500,2000,3900,1900,600,700,1500,2900,1200,1900,2900,10100,13100,23000,15200,7500,100
87.0,18.72,198800,3721685.0,18.72,18.71,18.7,18.69,18.68,18.67,18.66,18.65,18.63,18.61,18.73,18.74,18.75,18.76,18.77,18.78,18.79,18.8,18.82,18.83,6000,2500,4300,3500,2000,3900,1900,600,700,1500,2900,1200,2300,3100,11600,13100,23000,14600,7500,100
88.0,18.72,214100,4008083.0,18.72,18.71,18.7,18.69,18.68,18.67,18.66,18.65,18.63,18.61,18.73,18.74,18.75,18.76,18.77,18.78,18.79,18.8,18.82,18.83,1000,200,4300,3500,2000,3900,1900,600,700,1500,2900,1200,2300,7100,11600,13100,23000,14600,7500,100
89.0,18.72,215300,4030547.0,18.71,18.7,18.69,18.68,18.67,18.66,18.65,18.63,18.61,18.6,18.72,18.73,18.74,18.75,18.76,18.77,18.78,18.79,18.8,18.82,3600,4300,3500,2000,3900,1900,600,700,1500,29800,800,3100,1200,2500,7100,11600,13100,23000,14600,7500
90.0,18.72,216300,4049267.0,18.71,18.7,18.69,18.68,18.67,18.66,18.65,18.63,18.61,18.6,18.72,18.73,18.74,18.75,18.76,18.77,18.78,18.79,18.8,18.82,3600,4300,3500,2000,3900,1900,600,700,1500,29800,100,3100,1200,2500,7200,11600,13100,23000,14600,7500
91.0,18.72,216400,4051139.0,18.72,18.71,18.7,18.69,18.68,18.67,18.66,18.65,18.63,18.61,18.73,18.74,18.75,18.76,18.77,18.78,18.79,18.8,18.82,18.83,800,3600,4300,3500,2000,3900,1900,600,700,1500,3500,1200,2900,7200,11600,13100,23000,14600,7500,100
92.0,18.72,219200,4103575.0,18.71,18.7,18.69,18.68,18.67,18.66,18.65,18.63,18.61,18.6,18.72,18.73,18.74,18.75,18.76,18.77,18.78,18.79,18.8,18.82,3600,4300,3500,2000,3900,1900,600,700,1500,29800,3500,1500,1200,2900,7200,11600,18100,23000,14600,7500
93.0,18.72,219200,4103575.0,18.71,18.7,18.69,18.68,18.67,18.66,18.65,18.63,18.61,18.6,18.72,18.73,18.74,18.75,18.76,18.77,18.78,18.79,18.8,18.82,3600,4300,3500,2000,3900,1900,600,700,1500,29800,3500,1500,1200,2900,7700,11600,18100,23000,15100,7500
94.0,18.72,219200,4103575.0,18.71,18.7,18.69,18.68,18.67,18.66,18.65,18.63,18.61,18.6,18.72,18.73,18.74,18.75,18.76,18.77,18.78,18.79,18.8,18.82,3600,4300,3500,2000,3900,1900,600,700,1500,29800,3500,1500,200,2900,7700,11600,18100,23000,15100,7500
95.0,18.72,219900,4116676.0,18.71,18.7,18.69,18.68,18.67,18.66,18.65,18.63,18.61,18.6,18.72,18.73,18.74,18.75,18.76,18.77,18.78,18.79,18.8,18.82,3300,4300,3500,2000,3900,1900,600,700,1500,29800,4100,1500,200,2900,7700,11600,17400,23000,15100,7500
96.0,18.71,220200,4122289.0,18.71,18.7,18.69,18.68,18.67,18.66,18.65,18.63,18.61,18.6,18.72,18.73,18.74,18.75,18.76,18.77,18.78,18.79,18.8,18.82,3000,4300,3500,2000,3900,1900,600,700,1500,30300,5900,1500,200,3200,7700,11600,17400,23000,15100,7500
97.0,18.71,220200,4122289.0,18.71,18.7,18.69,18.68,18.67,18.65,18.63,18.61,18.6,18.59,18.72,18.73,18.74,18.75,18.76,18.77,18.78,18.79,18.8,18.82,6600,4300,3500,2000,3900,600,700,1500,30300,19600,7400,4200,200,3200,7700,11600,17400,23000,15100,7500
98.0,18.72,221000,4137260.0,18.71,18.7,18.69,18.68,18.67,18.65,18.63,18.61,18.6,18.59,18.72,18.73,18.74,18.75,18.76,18.77,18.78,18.79,18.8,18.82,6300,4300,3500,2000,3900,600,700,1500,30300,19600,7200,4200,200,3200,7700,11600,17400,23000,15100,7500
99.0,18.71,223000,4174680.0,18.71,18.7,18.69,18.68,18.67,18.65,18.63,18.61,18.6,18.59,18.72,18.73,18.74,18.75,18.76,18.77,18.78,18.79,18.8,18.82,4300,4300,3500,2000,3900,600,700,1500,30300,19600,7600,4200,200,3200,7700,11600,17400,23000,15100,7500
100.0,18.71,224700,4206487.0,18.71,18.7,18.69,18.68,18.67,18.65,18.63,18.61,18.6,18.59,18.72,18.73,18.74,18.75,18.76,18.77,18.78,18.79,18.8,18.82,2600,4300,3500,2000,3900,600,700,1500,30300,19600,8600,4200,200,3400,8100,12200,17400,23000,15100,7500
101.0,18.71,227600,4260749.0,18.7,18.69,18.68,18.67,18.65,18.63,18.61,18.6,18.59,18.58,18.71,18.72,18.73,18.74,18.75,18.76,18.77,18.78,18.79,18.8,4300,3500,2000,3900,600,700,1500,30300,19600,3800,300,8300,4200,200,3400,8100,12200,17400,23000,15100
102.0,18.7,228000,4268229.0,18.7,18.69,18.68,18.67,18.65,18.63,18.61,18.6,18.59,18.58,18.71,18.72,18.73,18.74,18.75,18.76,18.77,18.78,18.79,18.8,10700,3500,1600,3900,600,700,1500,30300,19600,3800,300,8300,4200,200,3900,9100,12200,17400,23000,15100
103.0,18.7,228000,4268229.0,18.7,18.69,18.68,18.67,18.65,18.63,18.61,18.6,18.59,18.58,18.71,18.72,18.73,18.74,18.75,18.76,18.77,18.78,18.79,18.8,10700,3500,1600,3900,600,700,1500,30300,19600,3800,300,7300,1500,200,3900,9300,12200,17400,23000,15100
104.0,18.72,233700,4374930.0,18.71,18.7,18.69,18.68,18.67,18.65,18.63,18.61,18.6,18.59,18.72,18.73,18.74,18.75,18.76,18.77,18.78,18.79,18.8,18.82,100,11000,3500,1600,3900,600,700,1500,30300,19600,1900,1500,200,3900,9300,12200,17400,23000,15100,7500
105.0,18.71,233800,4376801.0,18.7,18.69,18.68,18.67,18.65,18.63,18.61,18.6,18.59,18.58,18.71,18.72,18.73,18.74,18.75,18.76,18.77,18.78,18.79,18.8,11000,3500,1600,3900,600,700,1500,30300,19600,3800,300,1900,1500,200,4100,9200,12200,17400,23000,16100
106.0,18.71,233800,4376801.0,18.7,18.69,18.68,18.67,18.65,18.63,18.61,18.6,18.59,18.58,18.71,18.72,18.73,18.74,18.75,18.76,18.77,18.78,18.79,18.8,11000,3500,1600,3900,600,700,1500,30300,19600,3800,4100,1900,6500,200,4600,9200,12200,17400,23000,16100
107.0,18.71,233800,4376801.0,18.7,18.69,18.68,18.67,18.65,18.63,18.61,18.6,18.59,18.58,18.71,18.72,18.73,18.74,18.75,18.76,18.77,18.78,18.79,18.8,6800,4700,1600,3900,600,700,1500,19600,19600,3800,4100,1900,7000,200,4600,10200,12200,17400,23000,16100
108.0,18.71,233900,4378672.0,18.7,18.69,18.68,18.67,18.65,18.63,18.61,18.6,18.59,18.58,18.71,18.72,18.73,18.74,18.75,18.76,18.77,18.78,18.79,18.8,6800,4700,1600,3900,600,700,1500,19600,19600,3800,5200,1900,7000,200,4600,10200,12200,17400,23000,16100
109.0,18.7,234400,4388022.0,18.7,18.69,18.68,18.67,18.65,18.63,18.61,18.6,18.59,18.58,18.71,18.72,18.73,18.74,18.75,18.76,18.77,18.78,18.79,18.8,6300,4700,1600,3900,600,700,1500,19600,19600,3800,7200,1900,7000,200,4600,10200,12200,17400,23000,16100
110.0,18.7,235700,4412332.0,18.7,18.69,18.68,18.67,18.65,18.63,18.61,18.6,18.59,18.58,18.71,18.72,18.73,18.74,18.75,18.76,18.77,18.78,18.79,18.8,5000,4700,1600,3900,600,700,1500,19600,19600,3800,7500,1900,7000,200,4600,10200,11700,17400,23000,16100
111.0,18.7,240000,4492743.0,18.7,18.69,18.68,18.67,18.65,18.63,18.61,18.6,18.59,18.58,18.71,18.72,18.73,18.74,18.75,18.76,18.77,18.78,18.79,18.8,800,4700,1600,3900,600,700,1500,19600,19600,3800,32800,1900,7000,200,4600,10200,11700,17400,23000,16100
112.0,18.7,240800,4507703.0,18.69,18.68,18.67,18.65,18.63,18.61,18.6,18.59,18.58,18.57,18.7,18.71,18.72,18.73,18.74,18.75,18.76,18.77,18.78,18.79,4700,1600,3900,600,700,1500,19600,19600,3800,1700,1500,32800,1900,7000,200,3200,10200,11700,17400,23000
113.0,18.7,241100,4513313.0,18.69,18.68,18.67,18.65,18.63,18.61,18.6,18.59,18.58,18.57,18.7,18.71,18.72,18.73,18.74,18.75,18.76,18.77,18.78,18.79,11600,1600,3900,600,700,1500,19600,19600,3800,1700,1200,34100,1900,7000,200,3300,10200,11700,17400,23000
114.0,18.7,241100,4513313.0,18.69,18.68,18.67,18.65,18.63,18.61,18.6,18.59,18.58,18.57,18.7,18.71,18.72,18.73,18.74,18.75,18.76,18.77,18.78,18.79,11600,1600,3900,600,700,1500,19600,19600,3800,1700,1200,34100,1900,7000,200,3300,10200,11700,17400,23000
115.0,18.69,241600,4522658.0,18.69,18.68,18.67,18.65,18.63,18.61,18.6,18.59,18.58,18.57,18.7,18.71,18.72,18.73,18.74,18.75,18.76,18.77,18.78,18.79,11100,1600,3900,600,700,1500,19600,19600,3800,1700,1700,34100,1900,7000,200,3300,10200,11700,17400,23000
116.0,18.71,244200,4571279.0,18.69,18.68,18.67,18.65,18.63,18.61,18.6,18.59,18.58,18.57,18.7,18.71,18.72,18.73,18.74,18.75,18.76,18.77,18.78,18.79,11600,1600,3900,600,700,1500,19600,19600,3800,1700,3000,35100,1900,7000,200,3300,10200,11700,17400,23000
117.0,18.7,244400,4575019.0,18.69,18.68,18.67,18.65,18.63,18.61,18.6,18.59,18.58,18.57,18.7,18.71,18.72,18.73,18.74,18.75,18.76,18.77,18.78,18.79,11600,1600,4500,600,700,1500,19600,19600,3800,1700,5100,35100,1900,7000,200,3300,10200,11700,17400,23000
118.0,18.7,245300,4591844.0,18.69,18.68,18.67,18.65,18.63,18.61,18.6,18.59,18.58,18.57,18.7,18.71,18.72,18.73,18.74,18.75,18.76,18.77,18.78,18.79,11100,1600,4500,600,700,1500,19600,19600,3800,1700,7500,35100,1900,7000,200,2300,12500,11700,17400,23000
119.0,18.69,245800,4601189.0,18.69,18.68,18.67,18.65,18.63,18.61,18.6,18.59,18.58,18.57,18.7,18.71,18.72,18.73,18.74,18.75,18.76,18.77,18.78,18.79,4500,1600,4500,600,700,1500,19600,19600,3800,1700,8700,35100,1900,7000,200,2300,12500,11700,17400,23000
120.0,18.69,245800,4601189.0,18.69,18.68,18.67,18.65,18.63,18.61,18.6,18.59,18.58,18.57,18.7,18.71,18.72,18.73,18.74,18.75,18.76,18.77,18.78,18.79,4500,1600,4500,600,700,1500,19600,19600,3800,1700,9400,35100,1900,7000,200,2300,12500,11700,17400,23000
121.0,18.7,247200,4627369.0,18.69,18.68,18.67,18.65,18.63,18.61,18.6,18.59,18.58,18.57,18.7,18.71,18.72,18.73,18.74,18.75,18.76,18.77,18.78,18.79,4500,1600,4500,600,700,1500,19600,19600,3800,1700,8000,35000,1900,7000,200,2300,12500,11700,17400,23000
122.0,18.69,248500,4651666.0,18.69,18.68,18.67,18.65,18.63,18.61,18.6,18.59,18.58,18.57,18.7,18.71,18.72,18.73,18.74,18.75,18.76,18.77,18.78,18.79,3200,1600,4500,600,700,1500,19600,19600,3800,1700,8000,35000,1900,7000,200,2300,12500,11700,17400,23000
123.0,18.69,248500,4651666.0,18.69,18.68,18.67,18.65,18.63,18.61,18.6,18.59,18.58,18.57,18.7,18.71,18.72,18.73,18.74,18.75,18.76,18.77,18.78,18.79,3200,2500,4500,600,700,1500,19600,19600,3800,1700,8300,36800,1900,7000,200,2300,12500,11700,17400,23000
124.0,18.7,248900,4659146.0,18.69,18.68,18.67,18.65,18.63,18.61,18.6,18.59,18.58,18.57,18.7,18.71,18.72,18.73,18.74,18.75,18.76,18.77,18.78,18.79,3200,2500,4500,600,700,1500,19600,19600,3800,1700,7900,37200,2300,7000,200,2300,12500,11700,17400,23000
125.0,18.7,248900,4659146.0,18.69,18.68,18.67,18.65,18.63,18.61,18.6,18.59,18.58,18.57,18.7,18.71,18.72,18.73,18.74,18.75,18.76,18.77,18.78,18.79,3200,2500,4500,600,700,1500,19600,19600,3800,1700,8200,37200,2300,7000,200,2300,12500,11700,17400,23000
126.0,18.7,249700,4674100.0,18.69,18.68,18.67,18.65,18.63,18.61,18.6,18.59,18.58,18.57,18.7,18.71,18.72,18.73,18.74,18.75,18.76,18.77,18.78,18.79,2600,2500,4500,600,700,1500,19600,19600,3800,1700,8000,37300,2300,7000,200,2300,12500,11700,17400,23000
127.0,18.68,253500,4745110.0,18.68,18.67,18.65,18.63,18.61,18.6,18.59,18.58,18.57,18.56,18.69,18.7,18.71,18.72,18.73,18.74,18.75,18.76,18.77,18.78,1300,600,600,700,1500,19600,19600,3800,1700,3500,3600,9000,37300,2300,7000,200,2300,12500,11700,17400
128.0,18.69,266600,4989992.0,18.69,18.68,18.67,18.65,18.63,18.61,18.6,18.59,18.58,18.57,18.7,18.71,18.72,18.73,18.74,18.75,18.76,18.77,18.78,18.79,2200,1300,600,600,700,1500,19600,19600,3800,1700,4700,37300,2300,7000,200,2100,17500,11700,17400,23000
129.0,18.69,267100,4999337.0,18.69,18.68,18.67,18.65,18.63,18.61,18.6,18.59,18.58,18.57,18.7,18.71,18.72,18.73,18.74,18.75,18.76,18.77,18.78,18.79,1700,1300,600,600,700,1500,19600,19600,3800,1700,4700,37300,2300,7000,200,2100,17500,11700,17400,23000
130.0,18.69,267200,5001206.0,18.69,18.68,18.67,18.65,18.63,18.61,18.6,18.59,18.58,18.57,18.7,18.71,18.72,18.73,18.74,18.75,18.76,18.77,18.78,18.79,1600,1300,600,600,700,1500,19600,19600,3800,1700,4700,37300,2300,7000,200,2100,17500,11700,17400,23000
131.0,18.69,267300,5003075.0,18.68,18.67,18.65,18.63,18.61,18.6,18.59,18.58,18.57,18.56,18.7,18.71,18.72,18.73,18.74,18.75,18.76,18.77,18.78,18.79,4000,600,600,700,1500,19600,19600,3800,1700,3500,5700,35500,2300,7000,200,2100,17500,11700,17400,23000
132.0,18.67,271700,5085272.0,18.67,18.65,18.63,18.61,18.6,18.59,18.58,18.57,18.56,18.55,18.7,18.71,18.72,18.73,18.74,18.75,18.76,18.77,18.78,18.79,500,600,700,1500,19600,19600,3800,1700,3500,2000,10900,35500,2300,7000,200,2600,17500,11700,17400,23000
133.0,18.67,272300,5096474.0,18.67,18.65,18.63,18.61,18.6,18.59,18.58,18.57,18.56,18.55,18.69,18.7,18.71,18.72,18.73,18.74,18.75,18.76,18.77,18.78,500,600,700,1500,19600,19600,3800,1700,3500,2000,23100,16500,35500,2300,7000,200,2600,17500,11700,17400
134.0,18.67,272800,5105813.0,18.67,18.66,18.65,18.63,18.61,18.6,18.59,18.58,18.57,18.56,18.68,18.69,18.7,18.71,18.72,18.73,18.74,18.75,18.76,18.77,700,2000,1200,700,1500,19600,19600,3800,1700,3500,7200,32100,16500,33500,2300,7000,200,2600,17000,11700
135.0,18.67,274100,5130094.0,18.67,18.66,18.65,18.63,18.61,18.6,18.59,18.58,18.57,18.56,18.68,18.69,18.7,18.71,18.72,18.73,18.74,18.75,18.76,18.77,400,2000,1200,700,1500,19600,17000,3800,1700,3500,6200,32700,16500,33500,2300,7000,200,2600,14700,11700
136.0,18.66,276300,5171150.0,18.66,18.65,18.63,18.61,18.6,18.59,18.58,18.57,18.56,18.55,18.68,18.69,18.7,18.71,18.72,18.73,18.74,18.75,18.76,18.77,200,1200,700,1500,19600,17000,3800,1700,3500,2000,10200,35700,16500,33500,2300,7000,200,2600,14700,11700
137.0,18.66,276300,5171150.0,18.66,18.65,18.63,18.61,18.6,18.59,18.58,18.57,18.56,18.55,18.68,18.69,18.7,18.71,18.72,18.73,18.74,18.75,18.76,18.77,200,1200,700,1500,19600,17000,3800,1700,3500,2000,10200,35700,16500,33000,2300,7500,200,2600,14700,11700
138.0,18.68,286500,5361686.0,18.66,18.65,18.63,18.61,18.6,18.59,18.58,18.57,18.56,18.55,18.68,18.69,18.7,18.71,18.72,18.73,18.74,18.75,18.76,18.77,500,1900,700,1500,19600,17000,3800,1700,3500,2000,2700,35700,16700,33000,2300,7500,200,2600,14700,11700
139.0,18.68,286500,5361686.0,18.66,18.65,18.63,18.61,18.6,18.59,18.58,18.57,18.56,18.55,18.67,18.68,18.69,18.7,18.71,18.72,18.73,18.74,18.75,18.76,500,1900,700,1500,19600,17000,3800,1700,3500,2000,600,2800,33600,16700,33000,2300,7500,200,2600,14700
140.0,18.68,286500,5361686.0,18.66,18.65,18.63,18.61,18.6,18.59,18.58,18.57,18.56,18.55,18.67,18.68,18.69,18.7,18.71,18.72,18.73,18.74,18.75,18.76,500,1900,700,1500,19600,17000,3800,1700,3500,2000,600,2800,34600,16700,33000,2300,7500,200,2600,14700
141.0,18.65,287300,5376611.0,18.65,18.63,18.61,18.6,18.59,18.58,18.57,18.56,18.55,18.54,18.67,18.68,18.69,18.7,18.71,18.72,18.73,18.74,18.75,18.76,1600,700,1500,19600,17000,3800,1700,3500,2000,2800,600,2800,34800,16700,32900,2300,7500,200,5600,14700
142.0,18.65,287300,5376611.0,18.65,18.63,18.61,18.6,18.59,18.58,18.57,18.56,18.55,18.54,18.66,18.67,18.68,18.69,18.7,18.71,18.72,18.73,18.74,18.75,1600,700,1500,19600,17000,3800,1700,3500,2000,2800,500,900,2800,36400,17200,32900,2300,7500,200,5600
143.0,18.66,287900,5387806.0,18.65,18.64,18.63,18.61,18.6,18.59,18.58,18.57,18.56,18.55,18.66,18.67,18.68,18.69,18.7,18.71,18.72,18.73,18.74,18.75,3900,300,700,1500,19600,17000,3800,1700,3500,2000,1600,900,2800,35400,17200,32900,2300,7500,200,5600
144.0,18.65,288100,5391536.0,18.65,18.64,18.63,18.61,18.6,18.59,18.58,18.57,18.56,18.55,18.66,18.67,18.68,18.69,18.7,18.71,18.72,18.73,18.74,18.75,3700,300,700,2500,19600,17000,3800,1700,3500,2000,1600,900,3800,34800,17200,32900,2300,7500,200,5600
145.0,18.65,288100,5391536.0,18.65,18.64,18.63,18.61,18.6,18.59,18.58,18.57,18.56,18.55,18.66,18.67,18.68,18.69,18.7,18.71,18.72,18.73,18.74,18.75,4200,300,700,2500,19600,17000,3800,1700,3500,2000,2800,1200,3800,33900,17200,8100,2300,7500,200,5600
146.0,18.65,292800,5479201.0,18.65,18.64,18.63,18.61,18.6,18.59,18.58,18.57,18.56,18.55,18.66,18.67,18.68,18.69,18.7,18.71,18.72,18.73,18.74,18.75,1300,300,700,2500,19600,17000,3800,1700,3500,2000,1800,1200,3800,33800,17000,7800,2300,7500,200,5600
147.0,18.65,293000,5482931.0,18.65,18.64,18.63,18.61,18.6,18.59,18.58,18.57,18.56,18.55,18.66,18.67,18.68,18.69,18.7,18.71,18.72,18.73,18.74,18.75,2700,300,700,2500,19600,17000,3800,1700,3500,2000,1800,1200,3800,33800,17000,6800,2300,7500,200,5600
148.0,18.65,294100,5503453.0,18.65,18.64,18.63,18.61,18.6,18.59,18.58,18.57,18.56,18.55,18.66,18.67,18.68,18.69,18.7,18.71,18.72,18.73,18.74,18.75,3500,3200,700,2500,19600,17000,3800,1700,3500,2000,1100,900,6000,32200,17000,6800,2300,7500,200,5600
149.0,18.67,296000,5538913.0,18.66,18.65,18.64,18.63,18.61,18.6,18.59,18.58,18.57,18.56,18.67,18.68,18.69,18.7,18.71,18.72,18.73,18.74,18.75,18.76,2600,3800,3200,700,2500,19600,17000,3800,1700,3500,300,6500,32200,17000,6800,2300,7500,200,5600,14700
150.0,18.66,296700,5551975.0,18.66,18.65,18.64,18.63,18.61,18.6,18.59,18.58,18.57,18.56,18.67,18.68,18.69,18.7,18.71,18.72,18.73,18.74,18.75,18.76,2000,4300,3200,700,2500,19600,17000,3800,1700,3500,300,6500,32200,17000,6800,2300,7500,200,5600,14700
151.0,18.67,297000,5557576.0,18.67,18.66,18.65,18.64,18.63,18.61,18.6,18.59,18.58,18.57,18.68,18.69,18.7,18.71,18.72,18.73,18.74,18.75,18.76,18.77,900,2100,4300,3200,700,2500,19600,17000,3800,1700,6500,32200,17000,6800,2300,7100,200,5600,14700,11700
152.0,18.67,299300,5600505.0,18.67,18.66,18.65,18.64,18.63,18.61,18.6,18.59,18.58,18.57,18.68,18.69,18.7,18.71,18.72,18.73,18.74,18.75,18.76,18.77,2300,900,4300,3200,700,2500,19600,17000,3800,1700,6500,31200,17000,6800,2300,7100,200,5600,14700,11700
153.0,18.65,305100,5708732.0,18.65,18.64,18.63,18.61,18.6,18.59,18.58,18.57,18.56,18.55,18.68,18.69,18.7,18.71,18.72,18.73,18.74,18.75,18.76,18.77,2000,3200,700,2500,19600,17000,3800,1700,3500,2000,6500,31200,17000,6600,2300,7100,200,5600,14700,11700
154.0,18.66,307700,5757233.0,18.66,18.65,18.64,18.63,18.61,18.6,18.59,18.58,18.57,18.56,18.68,18.69,18.7,18.71,18.72,18.73,18.74,18.75,18.76,18.77,900,3200,3200,700,2500,19600,17000,3800,1700,3500,9100,29400,17000,6600,2300,7100,200,5600,14700,11700
155.0,18.68,308600,5774045.0,18.66,18.65,18.64,18.63,18.61,18.6,18.59,18.58,18.57,18.56,18.68,18.69,18.7,18.71,18.72,18.73,18.74,18.75,18.76,18.77,900,3600,3200,700,2500,19600,17000,3800,1700,3500,8200,29400,17000,6300,2300,7100,200,5600,14700,11700
156.0,18.67,310800,5815119.0,18.66,18.65,18.64,18.63,18.61,18.6,18.59,18.58,18.57,18.56,18.67,18.68,18.69,18.7,18.71,18.72,18.73,18.74,18.75,18.76,900,3700,3200,700,2500,19600,17000,3800,1700,3500,2600,8200,29400,17000,6300,2300,7100,200,5600,14700
157.0,18.67,310800,5815119.0,18.66,18.65,18.64,18.63,18.61,18.6,18.59,18.58,18.57,18.56,18.67,18.68,18.69,18.7,18.71,18.72,18.73,18.74,18.75,18.76,1100,4200,3200,700,2500,19600,17000,3800,1700,3500,2600,8200,29400,17800,6300,2300,7100,200,5600,14700
158.0,18.67,312400,5844986.0,18.66,18.65,18.64,18.63,18.61,18.6,18.59,18.58,18.57,18.56,18.67,18.68,18.69,18.7,18.71,18.72,18.73,18.74,18.75,18.76,600,4200,3200,700,2500,19600,17000,3800,1700,3500,1500,8200,29400,17800,6300,2300,7100,200,5600,14700
159.0,18.67,312500,5846853.0,18.66,18.65,18.64,18.63,18.61,18.6,18.59,18.58,18.57,18.56,18.67,18.68,18.69,18.7,18.71,18.72,18.73,18.74,18.75,18.76,700,4200,3200,700,2500,19600,17900,3800,1700,3500,1400,8500,22700,17800,6300,2300,7100,200,5600,14700
160.0,18.67,312700,5850587.0,18.66,18.65,18.64,18.63,18.61,18.6,18.59,18.58,18.57,18.56,18.67,18.68,18.69,18.7,18.71,18.72,18.73,18.74,18.75,18.76,800,4200,3200,700,2500,19600,16500,3800,1700,3500,3600,8500,22700,17800,6300,2300,7100,200,5600,14700
161.0,18.66,313700,5869249.0,18.65,18.64,18.63,18.61,18.6,18.59,18.58,18.57,18.56,18.55,18.66,18.67,18.68,18.69,18.7,18.71,18.72,18.73,18.74,18.75,4200,3200,700,2500,19600,16500,3800,1700,3500,2000,1500,3400,8500,22700,17800,5300,2300,7100,200,5600
162.0,18.65,314100,5876709.0,18.65,18.64,18.63,18.61,18.6,18.59,18.58,18.57,18.56,18.55,18.66,18.67,18.68,18.69,18.7,18.71,18.72,18.73,18.74,18.75,3900,3200,700,2500,19600,16500,3800,1700,3500,2000,1500,3400,8500,22700,17800,5300,2300,7100,200,5600
163.0,18.65,314100,5876709.0,18.65,18.64,18.63,18.61,18.6,18.59,18.58,18.57,18.56,18.55,18.66,18.67,18.68,18.69,18.7,18.71,18.72,18.73,18.74,18.75,4000,3200,700,2500,19600,16500,3800,1700,3500,2000,2000,3400,8500,22700,17800,4800,2300,7100,200,5600
164.0,18.65,314100,5876709.0,18.65,18.64,18.63,18.61,18.6,18.59,18.58,18.57,18.56,18.55,18.66,18.67,18.68,18.69,18.7,18.71,18.72,18.73,18.74,18.75,4100,3200,700,2500,19600,16500,3800,1700,3500,2000,4000,3400,8500,22700,17800,4800,2300,7100,200,5600
165.0,18.65,314500,5884169.0,18.65,18.64,18.63,18.61,18.6,18.59,18.58,18.57,18.56,18.55,18.66,18.67,18.68,18.69,18.7,18.71,18.72,18.73,18.74,18.75,3700,3200,700,2500,19600,16500,3800,1700,3500,2000,4000,3400,8500,22700,17800,4800,2300,7100,200,5600
166.0,18.65,314500,5884169.0,18.65,18.64,18.63,18.61,18.6,18.59,18.58,18.57,18.56,18.55,18.66,18.67,18.68,18.69,18.7,18.71,18.72,18.73,18.74,18.75,3700,3200,700,2500,19600,16500,3800,1700,3500,2000,4000,3400,8500,22700,17800,4800,2300,7100,200,5600
167.0,18.65,314500,5884169.0,18.65,18.64,18.63,18.61,18.6,18.59,18.58,18.57,18.56,18.55,18.66,18.67,18.68,18.69,18.7,18.71,18.72,18.73,18.74,18.75,3900,3200,700,2500,19600,16500,3800,1700,3500,2000,4400,3400,8500,22700,17800,4800,1300,7100,200,5600
168.0,18.65,314800,5889764.0,18.65,18.64,18.63,18.61,18.6,18.59,18.58,18.57,18.56,18.55,18.66,18.67,18.68,18.69,18.7,18.71,18.72,18.73,18.74,18.75,3700,3200,700,2500,19600,16500,3800,1700,3500,2000,6700,3400,8500,22700,17800,4800,1300,7100,200,5600
169.0,18.65,314800,5889764.0,18.65,18.64,18.63,18.61,18.6,18.59,18.58,18.57,18.56,18.55,18.66,18.67,18.68,18.69,18.7,18.71,18.72,18.73,18.74,18.75,3800,3200,700,2500,19600,16500,2800,1700,3500,2000,7700,3400,8500,22700,17800,4800,1300,7100,200,5600
170.0,18.65,316600,5923337.0,18.65,18.64,18.63,18.61,18.6,18.59,18.58,18.57,18.56,18.55,18.66,18.67,18.68,18.69,18.7,18.71,18.72,18.73,18.74,18.75,2700,3200,700,3500,19600,16500,2800,1700,3500,2000,6800,4200,8800,22700,17800,4800,1300,7100,200,5600
171.0,18.65,316600,5923337.0,18.65,18.64,18.63,18.61,18.6,18.59,18.58,18.57,18.56,18.55,18.66,18.67,18.68,18.69,18.7,18.71,18.72,18.73,18.74,18.75,2700,3300,700,3500,19600,16500,2800,1700,3500,2000,8600,4200,8800,22700,17800,4800,1300,7100,200,5600
172.0,18.65,316800,5927067.0,18.65,18.64,18.63,18.61,18.6,18.59,18.58,18.57,18.56,18.55,18.66,18.67,18.68,18.69,18.7,18.71,18.72,18.73,18.74,18.75,2500,3300,700,3500,19600,16500,2800,1700,3500,2000,9600,4200,8800,22700,17800,4700,1300,7100,200,5600
173.0,18.65,316800,5927067.0,18.65,18.64,18.63,18.61,18.6,18.59,18.58,18.57,18.56,18.55,18.66,18.67,18.68,18.69,18.7,18.71,18.72,18.73,18.74,18.75,2500,3400,700,3500,19600,16500,2800,1700,3500,2000,9800,4200,8800,22700,17800,4700,1300,7100,200,6100
174.0,18.65,316800,5927067.0,18.65,18.64,18.63,18.61,18.6,18.59,18.58,18.57,18.56,18.55,18.66,18.67,18.68,18.69,18.7,18.71,18.72,18.73,18.74,18.75,2500,3500,700,3500,19600,16500,2800,1700,3500,2000,9800,4200,8800,22700,17800,4700,1300,7100,200,6100
175.0,18.65,317000,5930797.0,18.65,18.64,18.63,18.61,18.6,18.59,18.58,18.57,18.56,18.55,18.66,18.67,18.68,18.69,18.7,18.71,18.72,18.73,18.74,18.75,2300,3500,700,3500,19600,16500,2800,1700,3500,2000,9800,4200,8800,22700,17800,4700,1300,7100,200,6100
176.0,18.65,318500,5958772.0,18.65,18.64,18.63,18.61,18.6,18.59,18.58,18.57,18.56,18.55,18.66,18.67,18.68,18.69,18.7,18.71,18.72,18.73,18.74,18.75,800,3600,700,3500,19600,16500,2800,1700,3500,2000,9300,4200,8800,22700,17800,4700,1300,7100,200,6100
177.0,18.66,320900,6003520.0,18.64,18.63,18.61,18.6,18.59,18.58,18.57,18.56,18.55,18.54,18.65,18.66,18.67,18.68,18.69,18.7,18.71,18.72,18.73,18.74,2300,700,3500,19600,16500,2800,1700,3500,2000,2800,4500,9100,4200,8800,22700,17800,4700,1300,7100,200
178.0,18.64,321100,6007248.0,18.64,18.63,18.61,18.6,18.59,18.58,18.57,18.56,18.55,18.54,18.65,18.66,18.67,18.68,18.69,18.7,18.71,18.72,18.73,18.74,2100,700,3500,19600,16500,2800,1700,3500,2000,2800,4500,8700,3900,8800,22700,17800,4700,1300,7100,200
179.0,18.64,321100,6007248.0,18.64,18.63,18.61,18.6,18.59,18.58,18.57,18.56,18.55,18.54,18.65,18.66,18.67,18.68,18.69,18.7,18.71,18.72,18.73,18.74,2100,800,3500,19600,16500,2800,1700,3500,2000,2800,34300,8700,1800,8800,22700,17800,4700,1300,7100,200
180.0,18.65,322300,6029628.0,18.64,18.63,18.61,18.6,18.59,18.58,18.57,18.56,18.55,18.54,18.65,18.66,18.67,18.68,18.69,18.7,18.71,18.72,18.73,18.74,2100,900,3500,19600,16500,2800,1700,3500,2000,2800,33100,8700,2800,8800,22700,17800,4700,1300,7100,200
181.0,18.64,322700,6037084.0,18.64,18.63,18.61,18.6,18.59,18.58,18.57,18.56,18.55,18.54,18.65,18.66,18.67,18.68,18.69,18.7,18.71,18.72,18.73,18.74,1700,3400,3500,19600,16500,2800,1700,3500,2000,2800,33300,8700,2800,6500,22700,17800,4700,1300,7100,200
182.0,18.64,322900,6040813.0,18.64,18.63,18.61,18.6,18.59,18.58,18.57,18.56,18.55,18.54,18.65,18.66,18.67,18.68,18.69,18.7,18.71,18.72,18.73,18.74,1600,7500,3500,19600,16500,2800,1700,3500,2000,2800,33200,10700,2800,6500,22700,17800,4700,1300,7100,200
183.0,18.64,323700,6055725.0,18.64,18.63,18.61,18.6,18.59,18.58,18.57,18.56,18.55,18.54,18.65,18.66,18.67,18.68,18.69,18.7,18.71,18.72,18.73,18.74,800,7500,3500,19600,15700,2800,1700,3500,2000,2800,33200,10700,2800,6500,22700,17800,4700,1300,7100,200
184.0,18.64,323700,6055725.0,18.64,18.63,18.61,18.6,18.59,18.58,18.57,18.56,18.55,18.54,18.65,18.66,18.67,18.68,18.69,18.7,18.71,18.72,18.73,18.74,800,7500,3500,19600,15700,2800,1700,3500,2000,2800,32000,10700,2800,6500,22700,17800,4700,1300,7100,200
185.0,18.64,323700,6055725.0,18.64,18.63,18.61,18.6,18.59,18.58,18.57,18.56,18.55,18.54,18.65,18.66,18.67,18.68,18.69,18.7,18.71,18.72,18.73,18.74,6600,7500,3500,19600,15700,2800,1700,3500,2000,2800,32000,9300,2800,6500,22700,17800,4700,1300,7100,200
186.0,18.65,329600,6165755.0,18.64,18.63,18.61,18.6,18.59,18.58,18.57,18.56,18.55,18.54,18.65,18.66,18.67,18.68,18.69,18.7,18.71,18.72,18.73,18.74,6100,7500,3500,19600,15700,2800,1700,3500,2000,2800,26600,8300,2800,6500,22700,17800,4700,1300,7100,200
187.0,18.65,330200,6176945.0,18.64,18.63,18.61,18.6,18.59,18.58,18.57,18.56,18.55,18.54,18.65,18.66,18.67,18.68,18.69,18.7,18.71,18.72,18.73,18.74,6100,7500,3500,19600,15700,2800,1700,3500,2000,2800,26000,8300,2800,6500,22700,17800,4700,1300,7100,200
188.0,18.66,370100,6921252.0,18.66,18.65,18.64,18.63,18.61,18.6,18.59,18.58,18.57,18.56,18.68,18.69,18.7,18.71,18.72,18.73,18.74,18.75,18.76,18.77,5600,4100,6100,7500,4100,19600,15700,2800,1700,3500,6400,22700,17800,4700,1300,7100,200,6100,13700,10100
189.0,18.69,398300,7448225.0,18.66,18.65,18.64,18.63,18.61,18.6,18.59,18.58,18.57,18.56,18.69,18.7,18.71,18.72,18.73,18.74,18.75,18.76,18.77,18.78,5700,4800,6700,7500,4100,19600,15700,2800,1700,3500,2000,17800,4700,1300,7100,200,6100,13700,10100,15200
190.0,18.66,408200,7633054.0,18.66,18.65,18.64,18.63,18.61,18.6,18.59,18.58,18.57,18.56,18.69,18.7,18.71,18.72,18.73,18.74,18.75,18.76,18.77,18.78,3000,4800,7000,7500,4100,19600,15700,2800,1700,3500,2300,17800,4700,1300,7100,200,6100,13700,10100,15200
191.0,18.7,411200,7689127.0,18.68,18.67,18.66,18.65,18.64,18.63,18.61,18.6,18.59,18.58,18.7,18.71,18.72,18.73,18.74,18.75,18.76,18.77,18.78,18.79,2300,3900,30000,4800,7200,9100,4100,19600,15700,2800,12800,4700,1300,7100,200,6100,13700,9100,15200,22800
192.0,18.68,425600,7958375.0,18.68,18.67,18.66,18.65,18.64,18.63,18.61,18.6,18.59,18.58,18.7,18.71,18.72,18.73,18.74,18.75,18.76,18.77,18.78,18.79,1600,3900,30000,4800,7200,2300,4100,19600,15700,2800,900,4700,1300,7100,200,6100,13700,9100,15200,22800
193.0,18.68,426000,7965847.0,18.68,18.67,18.66,18.65,18.64,18.63,18.61,18.6,18.59,18.58,18.7,18.71,18.72,18.73,18.74,18.75,18.76,18.77,18.78,18.79,1200,3900,30000,3100,7200,2300,4100,19600,15700,2800,900,4700,1300,7100,200,6100,13700,9100,15200,22800
194.0,18.7,426700,7978937.0,18.68,18.67,18.66,18.65,18.64,18.63,18.61,18.6,18.59,18.58,18.7,18.71,18.72,18.73,18.74,18.75,18.76,18.77,18.78,18.79,2000,3900,30000,700,7200,2300,4100,19600,15700,2800,1000,4700,1300,7100,200,6100,13700,9100,15200,22800
195.0,18.68,427300,7990145.0,18.68,18.67,18.66,18.65,18.64,18.63,18.61,18.6,18.59,18.58,18.7,18.71,18.72,18.73,18.74,18.75,18.76,18.77,18.78,18.79,1400,3900,30000,700,7200,2300,4100,20100,15700,2800,1000,4700,1300,7100,200,6100,13700,9100,15200,22800
196.0,18.71,440600,8238460.0,18.67,18.66,18.65,18.64,18.63,18.61,18.6,18.59,18.58,18.57,18.71,18.72,18.73,18.74,18.75,18.76,18.77,18.78,18.79,18.8,2800,25200,700,7200,1100,4100,20100,15700,2800,1700,4500,2400,7100,200,6100,13700,9100,15200,22800,16100
197.0,18.71,440600,8238460.0,18.7,18.67,18.66,18.65,18.64,18.63,18.61,18.6,18.59,18.58,18.71,18.72,18.73,18.74,18.75,18.76,18.77,18.78,18.79,18.8,300,5700,25200,700,7200,1100,4100,20100,15700,2800,8900,2400,7100,200,6100,13700,9100,15200,22800,16100
198.0,18.7,440900,8244070.0,18.67,18.66,18.65,18.64,18.63,18.61,18.6,18.59,18.58,18.57,18.7,18.71,18.72,18.73,18.74,18.75,18.76,18.77,18.78,18.79,5700,25200,1100,7200,1100,3100,20100,15700,2800,1700,700,8900,1300,7100,200,6100,13700,9100,15200,22800
199.0,18.67,441400,8253405.0,18.67,18.66,18.65,18.64,18.63,18.61,18.6,18.59,18.58,18.57,18.7,18.71,18.72,18.73,18.74,18.75,18.76,18.77,18.78,18.79,9500,25200,1100,7200,1100,3100,20100,15700,2800,1700,5000,8900,1500,7100,200,6100,13700,9100,15200,22800
200.0,18.67,441900,8262740.0,18.68,18.67,18.66,18.65,18.64,18.63,18.61,18.6,18.59,18.58,18.7,18.71,18.72,18.73,18.74,18.75,18.76,18.77,18.78,18.79,800,9200,4900,1100,1400,1100,3100,20100,15700,2800,5000,8900,1500,7100,200,6100,13700,9100,15200,22800
201.0,18.67,441900,8262740.0,18.68,18.67,18.66,18.65,18.64,18.63,18.61,18.6,18.59,18.58,18.7,18.71,18.72,18.73,18.74,18.75,18.76,18.77,18.78,18.79,900,8900,4900,400,1400,1100,3100,20100,15700,2800,5000,8900,1500,7100,200,6100,13700,9100,15200,22800
202.0,18.67,441900,8262740.0,18.68,18.67,18.66,18.65,18.64,18.63,18.61,18.6,18.59,18.58,18.7,18.71,18.72,18.73,18.74,18.75,18.76,18.77,18.78,18.79,1800,11000,5100,400,1400,1100,3100,20100,15700,2800,5000,8900,1500,7100,200,6100,13700,9100,15200,22800
203.0,18.7,444700,8315095.0,18.68,18.67,18.66,18.65,18.64,18.63,18.61,18.6,18.59,18.58,18.7,18.71,18.72,18.73,18.74,18.75,18.76,18.77,18.78,18.79,2600,11200,5100,1200,1400,1100,3100,20100,15700,2800,4700,8900,1500,83100,200,6100,13700,9100,15200,22800
204.0,18.7,444700,8315095.0,18.68,18.67,18.66,18.65,18.64,18.63,18.61,18.6,18.59,18.58,18.7,18.71,18.72,18.73,18.74,18.75,18.76,18.77,18.78,18.79,2900,11500,5100,1200,1400,1100,3100,20100,15700,2800,4700,8900,1500,83100,200,6100,13700,9100,15200,22800
205.0,18.68,445200,8324435.0,18.68,18.67,18.66,18.65,18.64,18.63,18.61,18.6,18.59,18.58,18.7,18.71,18.72,18.73,18.74,18.75,18.76,18.77,18.78,18.79,2400,11500,5100,1200,1400,1100,3100,20100,15700,2800,4700,8900,1500,83100,200,6100,13700,9100,15200,22800
206.0,18.68,445400,8328171.0,18.68,18.67,18.66,18.65,18.64,18.63,18.61,18.6,18.59,18.58,18.7,18.71,18.72,18.73,18.74,18.75,18.76,18.77,18.78,18.79,2200,11500,5100,1200,1400,1100,3100,20100,15700,2800,4700,8900,1300,83100,200,6100,13700,9100,15200,22800
207.0,18.68,445600,8331907.0,18.68,18.67,18.66,18.65,18.64,18.63,18.61,18.6,18.59,18.58,18.7,18.71,18.72,18.73,18.74,18.75,18.76,18.77,18.78,18.79,2000,11500,5100,1200,1400,1100,3100,20100,15700,2800,4700,11100,1300,83100,200,6100,13700,9100,15200,22800
208.0,18.68,445600,8331907.0,18.68,18.67,18.66,18.65,18.64,18.63,18.61,18.6,18.59,18.58,18.7,18.71,18.72,18.73,18.74,18.75,18.76,18.77,18.78,18.79,2000,11500,5100,1200,1400,1100,3100,20100,15700,2800,4700,11100,1300,83100,200,6100,13700,9100,15200,22800
209.0,18.68,448500,8386084.0,18.67,18.66,18.65,18.64,18.63,18.61,18.6,18.59,18.58,18.57,18.68,18.69,18.7,18.71,18.72,18.73,18.74,18.75,18.76,18.77,11500,5100,1200,1400,1100,3100,20100,15700,2800,1700,900,400,4800,11100,1500,83100,200,6100,13700,9100
210.0,18.68,448500,8386084.0,18.67,18.66,18.65,18.64,18.63,18.61,18.6,18.59,18.58,18.57,18.68,18.69,18.7,18.71,18.72,18.73,18.74,18.75,18.76,18.77,11500,5100,1200,1400,1100,3100,20100,15700,2800,1700,1200,1400,5200,11100,2600,83100,200,6100,13700,9100
211.0,18.67,448900,8393553.0,18.67,18.66,18.65,18.64,18.63,18.61,18.6,18.59,18.58,18.57,18.68,18.69,18.7,18.71,18.72,18.73,18.74,18.75,18.76,18.77,11200,5100,1200,1400,1100,3100,20100,15700,2800,1700,1100,1400,5200,11100,2600,83100,200,7300,13700,9100
212.0,18.67,450700,8427159.0,18.67,18.66,18.65,18.64,18.63,18.61,18.6,18.59,18.58,18.57,18.68,18.69,18.7,18.71,18.72,18.73,18.74,18.75,18.76,18.77,9400,5100,1200,1400,1100,3100,20100,15700,2800,1700,1100,1400,5200,11300,2600,83100,200,7300,13700,9100
213.0,18.67,458900,8580427.0,18.67,18.66,18.65,18.64,18.63,18.61,18.6,18.59,18.58,18.57,18.69,18.7,18.71,18.72,18.73,18.74,18.75,18.76,18.77,18.78,8200,5100,1200,1400,1100,3100,20100,15700,2800,1700,11000,33900,11300,2600,83100,200,7300,13700,9100,15200
214.0,18.67,459400,8589762.0,18.67,18.66,18.65,18.64,18.63,18.61,18.6,18.59,18.58,18.57,18.68,18.69,18.7,18.71,18.72,18.73,18.74,18.75,18.76,18.77,7700,5100,1200,1400,1100,3100,20100,15700,2800,1700,2000,11000,27900,11300,2600,83100,200,7300,13700,9100
215.0,18.68,460800,8615901.0,18.67,18.66,18.65,18.64,18.63,18.61,18.6,18.59,18.58,18.57,18.68,18.69,18.7,18.71,18.72,18.73,18.74,18.75,18.76,18.77,6400,5100,1200,1400,1100,3100,20100,15700,2800,1700,1900,11000,27900,11300,2600,83100,200,7300,13700,9100
216.0,18.67,461700,8632704.0,18.67,18.66,18.65,18.64,18.63,18.61,18.6,18.59,18.58,18.57,18.68,18.69,18.7,18.71,18.72,18.73,18.74,18.75,18.76,18.77,5500,5100,1200,1400,1100,3100,20100,15700,2800,1700,1900,11000,27900,11300,2600,83100,200,7300,13700,9100
217.0,18.64,475800,8895843.0,18.63,18.61,18.6,18.59,18.58,18.57,18.56,18.55,18.54,18.53,18.64,18.65,18.66,18.68,18.69,18.7,18.71,18.72,18.73,18.74,1100,3100,20100,15700,2800,1700,3500,2000,2800,300,17800,1200,1700,1000,11000,12900,21300,2600,83100,200
218.0,18.63,476900,8916336.0,18.62,18.61,18.6,18.59,18.58,18.57,18.56,18.55,18.54,18.53,18.63,18.64,18.65,18.66,18.68,18.7,18.71,18.72,18.73,18.74,2200,3100,20100,15700,2800,1700,3500,2000,2800,300,2200,17800,1200,1700,1000,8700,21300,3600,83100,200
219.0,18.64,480900,8990870.0,18.62,18.61,18.6,18.59,18.58,18.57,18.56,18.55,18.54,18.53,18.64,18.65,18.66,18.68,18.7,18.71,18.72,18.73,18.74,18.75,4900,3100,20100,15700,2800,1700,3500,2000,2800,300,3400,1200,1700,1000,8900,41300,3600,83100,200,7300
220.0,18.65,484700,9061706.0,18.62,18.61,18.6,18.59,18.58,18.57,18.56,18.55,18.54,18.53,18.65,18.66,18.67,18.68,18.7,18.71,18.72,18.73,18.74,18.75,4900,3100,20100,15700,2800,1700,3500,2000,2800,300,800,1700,300,1500,8900,41300,3400,83100,200,7300
221.0,18.65,486100,9087804.0,18.62,18.61,18.6,18.59,18.58,18.57,18.56,18.55,18.54,18.53,18.65,18.66,18.67,18.68,18.7,18.71,18.72,18.73,18.74,18.75,7600,5500,20100,15700,2800,1700,3500,2000,2800,300,2900,1700,400,1500,8900,41300,3400,83100,200,7300
222.0,18.62,486600,9097114.0,18.62,18.61,18.6,18.59,18.58,18.57,18.56,18.55,18.54,18.53,18.65,18.66,18.67,18.68,18.7,18.71,18.72,18.73,18.74,18.75,8400,5500,20100,15700,2800,1700,3500,2000,2800,300,4200,1700,400,1500,8900,41300,3400,83100,200,7300
223.0,18.65,487700,9117629.0,18.62,18.61,18.6,18.59,18.58,18.57,18.56,18.55,18.54,18.53,18.65,18.66,18.67,18.68,18.7,18.71,18.72,18.73,18.74,18.75,9300,5500,20100,15700,2800,1700,3500,2000,2800,300,4000,1700,400,2500,8900,41300,3400,83100,200,7300
224.0,18.65,487700,9117629.0,18.64,18.62,18.61,18.6,18.59,18.58,18.57,18.56,18.55,18.54,18.65,18.66,18.67,18.68,18.7,18.71,18.72,18.73,18.74,18.75,3400,11500,3100,20100,15700,2800,1700,3500,2000,2800,6200,1700,400,2500,8900,41300,3400,82700,200,7300
225.0,18.65,489100,9143731.0,18.64,18.62,18.61,18.6,18.59,18.58,18.57,18.56,18.55,18.54,18.65,18.66,18.67,18.68,18.7,18.71,18.72,18.73,18.74,18.75,2600,11500,3100,20100,15700,2800,1700,3500,2000,2800,5600,1700,400,2500,8900,41300,3400,82700,200,7300
226.0,18.64,490700,9173556.0,18.64,18.62,18.61,18.6,18.59,18.58,18.57,18.56,18.55,18.54,18.65,18.66,18.67,18.68,18.7,18.71,18.72,18.73,18.74,18.75,2200,11500,3100,20100,15700,2800,1700,3500,2000,2800,5500,1700,400,2500,8900,41300,3400,82700,200,7300
227.0,18.64,490700,9173556.0,18.64,18.62,18.61,18.6,18.59,18.58,18.57,18.56,18.55,18.54,18.65,18.66,18.67,18.68,18.7,18.71,18.72,18.73,18.74,18.75,2200,11500,3100,20100,15700,2800,1700,3500,2000,2800,5500,1700,400,2000,8900,41300,3400,82700,200,7300
228.0,18.64,491300,9184740.0,18.64,18.62,18.61,18.6,18.59,18.58,18.57,18.56,18.55,18.54,18.65,18.66,18.67,18.68,18.7,18.71,18.72,18.73,18.74,18.75,1600,11500,3100,20100,15700,2800,1700,3500,2000,2800,5500,1700,400,2000,8900,41300,3400,82700,200,7300
229.0,18.64,491400,9186604.0,18.64,18.62,18.61,18.6,18.59,18.58,18.57,18.56,18.55,18.54,18.65,18.66,18.67,18.68,18.7,18.71,18.72,18.73,18.74,18.75,1500,12500,3100,20100,15700,2800,1700,3500,2000,2800,7300,1700,400,2000,8900,41300,3400,82700,200,6100
230.0,18.64,491800,9194060.0,18.64,18.62,18.61,18.6,18.59,18.58,18.57,18.56,18.55,18.54,18.65,18.66,18.67,18.68,18.7,18.71,18.72,18.73,18.74,18.75,1100,12500,3100,20100,15700,2800,1700,3500,2000,2800,7400,1800,300,2000,8900,41300,3400,82700,200,6100
231.0,18.64,491800,9194060.0,18.64,18.62,18.61,18.6,18.59,18.58,18.57,18.56,18.55,18.54,18.65,18.66,18.67,18.68,18.7,18.71,18.72,18.73,18.74,18.75,1100,12500,3100,20100,15700,2800,1700,3500,2000,2800,7400,1800,300,2000,8900,41300,3400,82700,200,6100
232.0,18.65,492300,9203385.0,18.64,18.62,18.61,18.6,18.59,18.58,18.57,18.56,18.55,18.54,18.65,18.66,18.67,18.68,18.7,18.71,18.72,18.73,18.74,18.75,1100,12500,3100,20100,15700,2800,1700,3500,2000,2800,6900,2300,2300,2000,8900,41300,3400,82700,200,6100
233.0,18.65,492800,9212710.0,18.64,18.63,18.62,18.61,18.6,18.59,18.58,18.57,18.56,18.55,18.65,18.66,18.67,18.68,18.7,18.71,18.72,18.73,18.74,18.75,1100,1800,12500,3100,20100,15700,2800,1700,3500,2000,6400,2300,2300,2000,8900,41300,3400,82700,200,6100
234.0,18.64,493400,9223894.0,18.64,18.63,18.62,18.61,18.6,18.59,18.58,18.57,18.56,18.55,18.65,18.66,18.67,18.68,18.7,18.71,18.72,18.73,18.74,18.75,500,1800,12500,3100,20100,15200,2800,1700,3500,2000,6400,2300,2300,2000,8900,41300,3400,82700,200,6100
235.0,18.64,493400,9223894.0,18.64,18.63,18.62,18.61,18.6,18.59,18.58,18.57,18.56,18.55,18.65,18.66,18.67,18.68,18.7,18.71,18.72,18.73,18.74,18.75,1400,1800,12500,3100,20100,15200,2800,1700,3500,2000,6400,2300,2300,2000,8900,41300,3400,82700,200,6100
236.0,18.63,496700,9285397.0,18.63,18.62,18.61,18.6,18.59,18.58,18.57,18.56,18.55,18.54,18.65,18.66,18.67,18.68,18.7,18.71,18.72,18.73,18.74,18.75,700,13500,3100,20100,15200,2800,1700,3500,2000,2800,5900,2300,2300,2000,8900,41300,3400,82700,200,6100
237.0,18.62,501700,9378504.0,18.62,18.61,18.6,18.59,18.58,18.57,18.56,18.55,18.54,18.53,18.65,18.66,18.67,18.68,18.7,18.71,18.72,18.73,18.74,18.75,9200,3100,20100,15200,2800,1700,3500,2000,2800,300,5900,600,2300,2000,8900,41300,3400,82700,200,6100
238.0,18.62,501700,9378504.0,18.63,18.62,18.61,18.6,18.59,18.58,18.57,18.56,18.55,18.54,18.65,18.66,18.67,18.68,18.7,18.71,18.72,18.73,18.74,18.75,2800,12400,3100,20200,15200,2800,1700,3500,2000,2800,9100,600,2300,1000,9200,41300,3400,82700,200,6100
239.0,18.65,502200,9387829.0,18.63,18.62,18.61,18.6,18.59,18.58,18.57,18.56,18.55,18.54,18.65,18.66,18.67,18.68,18.7,18.71,18.72,18.73,18.74,18.75,2800,12400,3100,20200,15200,2800,1700,5500,1300,2800,9500,500,2300,1000,9200,41300,3400,82700,200,6100
240.0,18.63,502700,9397144.0,18.63,18.62,18.61,18.6,18.59,18.58,18.57,18.56,18.55,18.54,18.64,18.65,18.66,18.67,18.68,18.7,18.71,18.72,18.73,18.74,2300,12400,3100,20200,15200,2800,1700,5500,1300,2800,700,9500,500,2300,1000,9500,41300,3400,82700,200
241.0,18.63,502700,9397144.0,18.63,18.62,18.61,18.6,18.59,18.58,18.57,18.56,18.55,18.54,18.64,18.65,18.66,18.67,18.68,18.7,18.71,18.72,18.73,18.74,2400,13700,3400,20200,15200,2800,1700,5500,1300,2800,700,9600,500,2300,1000,9500,41300,3400,82700,200
242.0,18.64,503400,9410192.0,18.64,18.63,18.62,18.61,18.6,18.59,18.58,18.57,18.56,18.55,18.65,18.66,18.67,18.68,18.7,18.71,18.72,18.73,18.74,18.75,1300,2400,13700,3400,20200,15200,2800,1700,5500,1300,9600,500,2300,1000,9500,41300,3400,82700,200,6100
243.0,18.64,504500,9430701.0,18.64,18.63,18.62,18.61,18.6,18.59,18.58,18.57,18.56,18.55,18.65,18.66,18.67,18.68,18.7,18.71,18.72,18.73,18.74,18.75,700,2500,13700,3400,20200,15200,2800,1700,5500,1300,9100,500,2300,1000,9500,41300,3400,82700,200,6100
244.0,18.64,505000,9440021.0,18.64,18.63,18.62,18.61,18.6,18.59,18.58,18.57,18.56,18.55,18.65,18.66,18.67,18.68,18.7,18.71,18.72,18.73,18.74,18.75,200,2500,13700,3400,20200,15200,2800,1700,5500,1300,9100,500,2300,1000,9500,41300,3400,82700,200,6100
245.0,18.65,509600,9525811.0,18.64,18.63,18.62,18.61,18.6,18.59,18.58,18.57,18.56,18.55,18.65,18.66,18.67,18.68,18.7,18.71,18.72,18.73,18.74,18.75,2700,4500,13700,3400,20200,15200,2800,1700,5500,1300,4500,500,2300,1000,9500,41300,3400,82700,200,6100
246.0,18.65,510000,9533271.0,18.64,18.63,18.62,18.61,18.6,18.59,18.58,18.57,18.56,18.55,18.65,18.66,18.67,18.68,18.7,18.71,18.72,18.73,18.74,18.75,2700,4500,13700,3400,20400,15200,2800,1700,5500,1300,4100,500,2300,1000,9500,41300,3400,82700,200,6100
247.0,18.64,510600,9544457.0,18.64,18.63,18.62,18.61,18.6,18.59,18.58,18.57,18.56,18.55,18.65,18.66,18.67,18.68,18.7,18.71,18.72,18.73,18.74,18.75,2300,4500,13700,3400,20400,15200,2800,1700,5500,1300,3900,500,2300,1000,9500,41300,3400,82700,200,6100
248.0,18.64,511100,9553777.0,18.64,18.63,18.62,18.61,18.6,18.59,18.58,18.57,18.56,18.55,18.65,18.66,18.67,18.68,18.7,18.71,18.72,18.73,18.74,18.75,1800,4500,13700,5100,20400,15200,2800,1700,5500,1300,3900,500,2300,1000,9500,41300,3400,82700,200,6100
249.0,18.64,511100,9553777.0,18.64,18.63,18.62,18.61,18.6,18.59,18.58,18.57,18.56,18.55,18.65,18.66,18.67,18.68,18.7,18.71,18.72,18.73,18.74,18.75,1800,4500,13700,5100,20400,15200,2800,1700,5500,1300,3900,800,2300,1000,9500,41300,3400,82700,200,6100
250.0,18.65,511400,9559372.0,18.64,18.63,18.62,18.61,18.6,18.59,18.58,18.57,18.56,18.55,18.65,18.66,18.67,18.68,18.7,18.71,18.72,18.73,18.74,18.75,1800,4500,12700,5100,20400,15200,2800,1700,5500,1300,3600,800,2300,1000,9500,41300,3400,82700,200,6100
251.0,18.64,511500,9561236.0,18.64,18.63,18.62,18.61,18.6,18.59,18.58,18.57,18.56,18.55,18.65,18.66,18.67,18.68,18.7,18.71,18.72,18.73,18.74,18.75,1700,4500,12700,5100,20400,15200,2800,1700,5500,1300,3600,800,2300,1000,9500,41300,3400,82700,200,6100
252.0,18.63,517800,9678622.0,18.62,18.61,18.6,18.59,18.58,18.57,18.56,18.55,18.54,18.53,18.63,18.64,18.65,18.66,18.67,18.68,18.7,18.71,18.72,18.73,12500,5100,20400,15200,2800,1700,5500,1300,2800,300,9900,800,3600,800,2300,1000,9500,41300,3400,82700
253.0,18.62,532600,9954373.0,18.62,18.61,18.6,18.59,18.58,18.57,18.56,18.55,18.54,18.53,18.65,18.66,18.67,18.68,18.7,18.71,18.72,18.73,18.74,18.75,10400,5700,20400,15200,2800,1700,5500,1300,2800,300,1600,25900,2300,1000,9500,41300,3400,82700,200,6100
254.0,18.62,532600,9954373.0,18.62,18.61,18.6,18.59,18.58,18.57,18.56,18.55,18.54,18.53,18.63,18.65,18.66,18.67,18.68,18.7,18.71,18.72,18.73,18.74,10400,20100,20400,15200,2800,1700,5500,1300,2800,300,400,11100,21100,2300,1000,9500,41300,3400,82700,200
255.0,18.62,532600,9954373.0,18.62,18.61,18.6,18.59,18.58,18.57,18.56,18.55,18.54,18.53,18.63,18.65,18.66,18.67,18.68,18.69,18.7,18.71,18.72,18.73,10400,20100,20400,15200,2800,1700,5500,1300,2800,300,400,2600,21100,2300,1000,700,9500,41300,3400,82700
256.0,18.62,532600,9954373.0,18.62,18.61,18.6,18.59,18.58,18.57,18.56,18.55,18.54,18.53,18.63,18.64,18.65,18.66,18.67,18.68,18.69,18.7,18.71,18.72,10400,20100,20400,15200,2800,1700,5500,1300,2800,300,400,4300,2600,21100,2300,1000,700,9900,41300,3400
257.0,18.62,532600,9954373.0,18.62,18.61,18.6,18.59,18.58,18.57,18.56,18.55,18.54,18.53,18.63,18.64,18.65,18.66,18.67,18.68,18.69,18.7,18.71,18.72,10600,5700,43700,15200,2800,1700,5500,1300,2800,300,400,4300,2600,21100,2300,1000,700,9900,41300,3400
258.0,18.63,533000,9961825.0,18.62,18.61,18.6,18.59,18.58,18.57,18.56,18.55,18.54,18.53,18.64,18.65,18.66,18.67,18.68,18.69,18.7,18.71,18.72,18.73,10600,15300,44000,15200,2800,1700,5500,1300,2800,300,4300,2600,19900,2300,1000,700,9900,41300,3400,82700
259.0,18.62,533500,9971135.0,18.63,18.62,18.61,18.6,18.59,18.58,18.57,18.56,18.55,18.54,18.64,18.65,18.66,18.67,18.68,18.69,18.7,18.71,18.72,18.73,7400,10100,15300,44000,15200,2800,1700,5500,1300,2800,4300,2600,19900,2300,1000,700,9900,41300,3400,82700
260.0,18.63,537100,10038207.0,18.63,18.62,18.61,18.6,18.59,18.58,18.57,18.56,18.55,18.54,18.64,18.65,18.66,18.67,18.68,18.69,18.7,18.71,18.72,18.73,4200,10100,15000,44000,15200,2800,1700,5500,1300,2800,3900,2600,23400,2300,1000,700,9900,41300,3400,82700
261.0,18.63,537300,10041933.0,18.63,18.62,18.61,18.6,18.59,18.58,18.57,18.56,18.55,18.54,18.64,18.65,18.66,18.67,18.68,18.69,18.7,18.71,18.72,18.73,4000,10200,15000,44000,15200,2800,1700,5500,1300,2800,4000,2600,23400,2300,1000,700,10600,41300,3400,82700
262.0,18.63,537600,10047522.0,18.63,18.62,18.61,18.6,18.59,18.58,18.57,18.56,18.55,18.54,18.64,18.65,18.66,18.67,18.68,18.69,18.7,18.71,18.72,18.73,3700,10200,14400,44000,15200,4800,1700,5500,1300,2800,4000,2600,23400,2300,1000,700,10600,41300,3400,82700
263.0,18.63,538300,10060563.0,18.63,18.62,18.61,18.6,18.59,18.58,18.57,18.56,18.55,18.54,18.64,18.65,18.66,18.67,18.68,18.69,18.7,18.71,18.72,18.73,3800,11100,14400,47000,15200,4800,1700,5500,1300,2800,4000,2800,23400,2300,1000,700,10600,41300,3400,82700
264.0,18.63,539100,10075471.0,18.63,18.62,18.61,18.6,18.59,18.58,18.57,18.56,18.55,18.54,18.64,18.65,18.66,18.67,18.68,18.69,18.7,18.71,18.72,18.73,3400,11100,14400,47200,15200,4800,1700,5500,1300,2800,3600,2800,23400,2300,1000,700,10600,41300,3400,82700
265.0,18.63,539100,10075471.0,18.63,18.62,18.61,18.6,18.59,18.58,18.57,18.56,18.55,18.54,18.64,18.65,18.66,18.67,18.68,18.69,18.7,18.71,18.72,18.73,3400,11600,14400,47200,15200,4800,1700,5500,1300,2800,3600,2800,23400,2300,1000,700,10600,41300,3400,82700
266.0,18.63,539400,10081060.0,18.63,18.62,18.61,18.6,18.59,18.58,18.57,18.56,18.55,18.54,18.64,18.65,18.66,18.67,18.68,18.69,18.7,18.71,18.72,18.73,4100,11700,14400,47200,15200,4800,1700,5500,1300,2800,3600,2800,23400,2300,1000,700,10600,41300,3400,82700
267.0,18.63,540500,10101556.0,18.63,18.62,18.61,18.6,18.59,18.58,18.57,18.56,18.55,18.54,18.64,18.65,18.66,18.67,18.68,18.69,18.7,18.71,18.72,18.73,4300,12700,14400,47200,15200,4800,1700,5500,1300,2800,3300,2800,23400,2300,1000,700,10600,41300,3400,82700
268.0,18.64,540800,10107148.0,18.63,18.62,18.61,18.6,18.59,18.58,18.57,18.56,18.55,18.54,18.64,18.65,18.66,18.67,18.68,18.69,18.7,18.71,18.72,18.73,4400,12700,14400,47200,15200,4800,1700,5500,1300,2800,3000,2800,23400,2300,1000,700,10600,41300,3400,82700
269.0,18.63,541000,10110874.0,18.63,18.62,18.61,18.6,18.59,18.58,18.57,18.56,18.55,18.54,18.64,18.65,18.66,18.67,18.68,18.69,18.7,18.71,18.72,18.73,4300,12600,14400,47200,15200,4800,1700,5500,1300,2800,3000,2800,23400,2300,1000,700,10600,41300,3400,82700
270.0,18.63,542300,10135096.0,18.63,18.62,18.61,18.6,18.59,18.58,18.57,18.56,18.55,18.54,18.64,18.65,18.66,18.67,18.68,18.69,18.7,18.71,18.72,18.73,3400,12600,14400,47200,15200,4800,1700,5500,1300,2800,2700,2800,19900,2300,1000,700,10600,41300,3400,82700
271.0,18.63,542900,10146274.0,18.63,18.62,18.61,18.6,18.59,18.58,18.57,18.56,18.55,18.54,18.64,18.65,18.66,18.67,18.68,18.69,18.7,18.71,18.72,18.73,2800,12600,14400,47200,15200,4800,1700,5500,1300,2800,2700,3300,19900,2300,1000,700,10600,41300,3400,84000
272.0,18.63,542900,10146274.0,18.63,18.62,18.61,18.6,18.59,18.58,18.57,18.56,18.55,18.54,18.64,18.65,18.66,18.67,18.68,18.69,18.7,18.71,18.72,18.73,2800,12600,14400,47200,15200,4800,1700,5500,1300,2800,2700,3300,19900,2300,1000,700,10600,41300,3400,84000
273.0,18.63,543200,10151863.0,18.63,18.62,18.61,18.6,18.59,18.58,18.57,18.56,18.55,18.54,18.64,18.65,18.66,18.67,18.68,18.69,18.7,18.71,18.72,18.73,2700,12700,14400,47200,15200,4800,1700,5500,1300,2800,2700,3300,19900,2300,1000,700,10600,41300,3400,84000
274.0,18.64,544100,10168637.0,18.63,18.62,18.61,18.6,18.59,18.58,18.57,18.56,18.55,18.54,18.64,18.65,18.66,18.67,18.68,18.69,18.7,18.71,18.72,18.73,2500,12700,14400,47200,14400,4800,1700,5500,1300,2800,2000,3300,19900,2300,1000,700,10600,41300,3400,84000
275.0,18.63,544600,10177952.0,18.63,18.62,18.61,18.6,18.59,18.58,18.57,18.56,18.55,18.54,18.64,18.65,18.66,18.67,18.68,18.69,18.7,18.71,18.72,18.73,2400,12700,14400,48000,14400,4800,1700,5500,1300,2800,2000,3300,19900,2300,1000,700,10600,41300,3400,84000
276.0,18.64,549400,10267400.0,18.64,18.62,18.61,18.6,18.59,18.58,18.57,18.56,18.55,18.54,18.65,18.66,18.67,18.68,18.69,18.7,18.71,18.72,18.73,18.74,700,12700,14400,48000,14400,4800,1700,5500,1300,2800,3300,19900,2300,1000,700,10600,41300,2300,84000,200
277.0,18.65,549700,10272995.0,18.64,18.62,18.61,18.6,18.59,18.58,18.57,18.56,18.55,18.54,18.65,18.66,18.67,18.68,18.69,18.7,18.71,18.72,18.73,18.74,700,11700,14400,48000,14400,4800,1700,5500,1300,2800,3000,19900,2300,1000,700,10600,41300,2300,84000,200
278.0,18.65,549700,10272995.0,18.64,18.62,18.61,18.6,18.59,18.58,18.57,18.56,18.55,18.54,18.65,18.66,18.67,18.68,18.69,18.7,18.71,18.72,18.73,18.74,700,11700,14400,48000,14400,4800,1700,5500,1300,2800,5000,19900,2300,1000,700,10600,41300,2300,84000,200
279.0,18.64,551000,10297235.0,18.64,18.62,18.61,18.6,18.59,18.58,18.57,18.56,18.55,18.54,18.65,18.66,18.67,18.68,18.69,18.7,18.71,18.72,18.73,18.74,200,11700,14400,48000,14400,4800,1700,5500,1300,2800,4200,19900,2300,1000,700,10700,41300,2300,84000,200
280.0,18.62,552100,10317726.0,18.63,18.62,18.61,18.6,18.59,18.58,18.57,18.56,18.55,18.54,18.64,18.65,18.66,18.67,18.68,18.69,18.7,18.71,18.72,18.73,1000,11600,14400,48000,14400,4800,1700,5500,1300,2800,200,4200,19900,2300,1000,700,10700,41300,2300,84000
281.0,18.63,552200,10319589.0,18.63,18.62,18.61,18.6,18.59,18.58,18.57,18.56,18.55,18.54,18.64,18.65,18.66,18.67,18.68,18.69,18.7,18.71,18.72,18.73,900,11600,14400,48000,14400,4800,1700,5500,1300,2800,200,4200,19900,2300,1000,700,11700,41300,2300,84000
282.0,18.64,552600,10327045.0,18.64,18.63,18.62,18.61,18.6,18.59,18.58,18.57,18.56,18.55,18.65,18.66,18.67,18.68,18.69,18.7,18.71,18.72,18.73,18.74,2000,900,11600,14400,49000,14400,4800,1700,5800,1300,4200,19900,2300,1000,700,11700,41300,2300,84000,200
283.0,18.64,553700,10347549.0,18.64,18.63,18.62,18.61,18.6,18.59,18.58,18.57,18.56,18.55,18.65,18.66,18.67,18.68,18.69,18.7,18.71,18.72,18.73,18.74,1000,900,11600,14400,49000,14400,4800,2600,5800,1300,4200,19900,2300,1000,700,11700,41300,2300,84000,200
284.0,18.64,554600,10364329.0,18.64,18.63,18.62,18.61,18.6,18.59,18.58,18.57,18.56,18.55,18.65,18.66,18.67,18.68,18.69,18.7,18.71,18.72,18.73,18.74,900,2500,11600,4800,49000,14400,4800,2600,5800,1300,4900,16000,2300,1000,700,11700,41300,2300,84000,200
285.0,18.64,554900,10369921.0,18.64,18.63,18.62,18.61,18.6,18.59,18.58,18.57,18.56,18.55,18.65,18.66,18.67,18.68,18.69,18.7,18.71,18.72,18.73,18.74,600,2500,11600,4800,49000,14400,4800,2600,5800,1300,4900,16000,2300,1000,700,11700,41300,2300,84000,200
286.0,18.64,554900,10369921.0,18.64,18.63,18.62,18.61,18.6,18.59,18.58,18.57,18.56,18.55,18.65,18.66,18.67,18.68,18.69,18.7,18.71,18.72,18.73,18.74,600,2500,11600,4800,49000,14400,4800,2600,5800,1300,4900,16000,2300,1000,700,11700,41300,2300,84000,200
287.0,18.64,555000,10371785.0,18.64,18.63,18.62,18.61,18.6,18.59,18.58,18.57,18.56,18.55,18.65,18.66,18.67,18.68,18.69,18.7,18.71,18.72,18.73,18.74,500,2500,11600,4800,49000,14400,4800,2600,5800,1300,4900,16000,2300,1000,700,11700,41300,2300,84000,200
288.0,18.64,555900,10388565.0,18.64,18.63,18.62,18.61,18.6,18.59,18.58,18.57,18.56,18.55,18.65,18.66,18.67,18.68,18.69,18.7,18.71,18.72,18.73,18.74,1200,2500,11600,4800,49000,14400,4800,2600,5800,1300,4500,16000,2300,1000,700,11700,41300,2300,84000,200
289.0,18.64,556200,10394157.0,18.64,18.63,18.62,18.61,18.6,18.59,18.58,18.57,18.56,18.55,18.65,18.66,18.67,18.68,18.69,18.7,18.71,18.72,18.73,18.74,900,1700,11600,4300,49000,14400,4800,2600,5800,1300,4500,16000,2300,1000,700,11600,41300,2300,84000,200
290.0,18.65,556300,10396022.0,18.64,18.63,18.62,18.61,18.6,18.59,18.58,18.57,18.56,18.55,18.65,18.66,18.67,18.68,18.69,18.7,18.71,18.72,18.73,18.74,900,1700,11600,4300,49000,14400,4800,2600,5800,1300,4400,16000,2300,1000,700,11600,41300,2300,84000,200
291.0,18.65,557300,10414667.0,18.64,18.63,18.62,18.61,18.6,18.59,18.58,18.57,18.56,18.55,18.65,18.66,18.67,18.68,18.69,18.7,18.71,18.72,18.73,18.74,4500,1700,11600,4300,49000,14400,4800,2600,5800,1300,3900,16000,2300,1000,700,11600,41300,2300,84000,200
292.0,18.64,559000,10446355.0,18.64,18.63,18.62,18.61,18.6,18.59,18.58,18.57,18.56,18.55,18.65,18.66,18.67,18.68,18.69,18.7,18.71,18.72,18.73,18.74,3900,1700,11600,4300,49000,14400,4800,2600,5800,1300,3900,16000,2300,1000,700,11600,41300,2300,84000,200
293.0,18.64,559000,10446355.0,18.64,18.63,18.62,18.61,18.6,18.59,18.58,18.57,18.56,18.55,18.65,18.66,18.67,18.68,18.69,18.7,18.71,18.72,18.73,18.74,4900,1700,11600,4300,49000,14400,4800,2600,5800,1300,3900,16000,2300,1000,700,11600,41300,2300,84000,200
294.0,18.64,559500,10455678.0,18.64,18.63,18.62,18.61,18.6,18.59,18.58,18.57,18.56,18.55,18.65,18.66,18.67,18.68,18.69,18.7,18.71,18.72,18.73,18.74,4700,1800,11600,4300,49000,14400,4800,2600,5800,1300,3600,16000,2300,1000,700,11600,41300,2300,84000,200
295.0,18.64,559500,10455678.0,18.64,18.63,18.62,18.61,18.6,18.59,18.58,18.57,18.56,18.55,18.65,18.66,18.67,18.68,18.69,18.7,18.71,18.72,18.73,18.74,4800,1800,11600,4300,49000,14400,4800,2600,5800,1300,3600,16000,2300,1000,700,11600,41300,2300,84000,200
296.0,18.64,559900,10463134.0,18.64,18.63,18.62,18.61,18.6,18.59,18.58,18.57,18.56,18.55,18.65,18.66,18.67,18.68,18.69,18.7,18.71,18.72,18.73,18.74,5200,1800,11600,4300,49000,14400,4800,2600,5800,1300,3600,16000,2300,1000,700,12600,41300,2300,84000,200
297.0,18.63,565500,10567517.0,18.63,18.62,18.61,18.6,18.59,18.58,18.57,18.56,18.55,18.54,18.64,18.65,18.66,18.67,18.68,18.69,18.7,18.71,18.72,18.73,2700,11600,4300,49000,14400,4800,1900,5800,1300,2800,2400,3800,16000,2300,1000,700,12600,41300,2300,84000
298.0,18.63,565800,10573108.0,18.63,18.62,18.61,18.6,18.59,18.58,18.57,18.56,18.55,18.54,18.64,18.65,18.66,18.67,18.68,18.69,18.7,18.71,18.72,18.73,2700,11600,4300,49000,14400,4700,1900,5800,1300,2800,2200,3800,16000,2300,1000,700,12600,41300,2300,84000
299.0,18.64,567500,10604791.0,18.63,18.62,18.61,18.6,18.59,18.58,18.57,18.56,18.55,18.54,18.64,18.65,18.66,18.67,18.68,18.69,18.7,18.71,18.72,18.73,2200,12900,4300,49000,14400,4700,1900,5800,1300,2800,1000,3800,16000,2300,1000,700,12600,41300,2300,84000
300.0,18.63,568300,10619695.0,18.63,18.62,18.61,18.6,18.59,18.58,18.57,18.56,18.55,18.54,18.64,18.65,18.66,18.67,18.68,18.69,18.7,18.71,18.72,18.73,1400,14100,4300,49000,14400,4700,1900,5800,1300,2800,1900,3800,16000,2300,1000,700,12600,41300,2300,84000
301.0,18.64,568400,10621559.0,18.63,18.62,18.61,18.6,18.59,18.58,18.57,18.56,18.55,18.54,18.64,18.65,18.66,18.67,18.68,18.69,18.7,18.71,18.72,18.73,1400,14300,4300,49000,14400,4700,1900,5800,1300,2800,1800,3800,16000,2300,1000,700,12600,41300,2300,84000
302.0,18.64,569300,10638335.0,18.63,18.62,18.61,18.6,18.59,18.58,18.57,18.56,18.55,18.54,18.64,18.65,18.66,18.67,18.68,18.69,18.7,18.71,18.72,18.73,1400,15300,4300,49000,14400,4700,1900,5800,1300,2800,2000,3800,16000,2300,1000,700,12600,41300,2300,84000
303.0,18.63,569600,10643924.0,18.63,18.62,18.61,18.6,18.59,18.58,18.57,18.56,18.55,18.54,18.64,18.65,18.66,18.67,18.68,18.69,18.7,18.71,18.72,18.73,1100,15300,4300,49000,14400,4700,1900,5800,1300,2800,2000,3800,16000,2300,1000,700,12600,41300,2300,84000
304.0,18.64,574800,10740852.0,18.63,18.62,18.61,18.6,18.59,18.58,18.57,18.56,18.55,18.54,18.65,18.66,18.67,18.68,18.69,18.7,18.71,18.72,18.73,18.74,1100,15300,4300,49000,14400,4700,1900,5800,1300,2800,3800,16000,2300,1000,700,12600,41300,2300,84000,200
305.0,18.64,574800,10740852.0,18.64,18.63,18.62,18.61,18.6,18.59,18.58,18.57,18.56,18.55,18.65,18.66,18.67,18.68,18.69,18.7,18.71,18.72,18.73,18.74,500,1500,15300,4300,49000,14400,4700,1900,5800,1300,4200,16000,2300,1000,700,12600,41300,2300,84000,200
306.0,18.64,575200,10748308.0,18.64,18.63,18.62,18.61,18.6,18.59,18.58,18.57,18.56,18.55,18.65,18.66,18.67,18.68,18.69,18.7,18.71,18.72,18.73,18.74,100,1500,15300,4300,49000,14400,4700,1900,5800,1300,4200,16000,2300,1000,700,12600,41300,2300,84000,200
307.0,18.64,575700,10757632.0,18.63,18.62,18.61,18.6,18.59,18.58,18.57,18.56,18.55,18.54,18.64,18.65,18.66,18.67,18.68,18.69,18.7,18.71,18.72,18.73,1500,15300,4300,49000,14400,4700,1900,5800,1300,2800,200,3800,16000,2300,1000,700,12600,41300,2300,84000
308.0,18.64,575700,10757632.0,18.63,18.62,18.61,18.6,18.59,18.58,18.57,18.56,18.55,18.54,18.64,18.65,18.66,18.67,18.68,18.69,18.7,18.71,18.72,18.73,1500,15300,4300,49000,14400,4700,1900,5800,1300,2800,2500,3800,16000,2300,1000,700,12600,41300,2300,84000
309.0,18.64,578600,10811688.0,18.64,18.63,18.62,18.61,18.6,18.59,18.58,18.57,18.56,18.55,18.65,18.66,18.67,18.68,18.69,18.7,18.71,18.72,18.73,18.74,100,1500,14500,4300,49000,14400,4700,1900,5800,1300,3800,16000,2300,1000,700,12600,41300,2300,84000,200
310.0,18.63,581100,10858284.0,18.63,18.62,18.61,18.6,18.59,18.58,18.57,18.56,18.55,18.54,18.65,18.66,18.67,18.68,18.69,18.7,18.71,18.72,18.73,18.74,100,14500,4300,49000,14400,4700,1900,5800,1300,2800,2800,16000,2300,1000,700,12600,41300,2300,84000,200
311.0,18.63,581400,10863877.0,18.62,18.61,18.6,18.59,18.58,18.57,18.56,18.55,18.54,18.53,18.65,18.66,18.67,18.68,18.69,18.7,18.71,18.72,18.73,18.74,23300,4300,49000,14400,4700,1900,5800,1300,2800,300,2600,16000,2300,1000,700,12600,41300,2300,84000,200
312.0,18.63,581400,10863877.0,18.62,18.61,18.6,18.59,18.58,18.57,18.56,18.55,18.54,18.53,18.65,18.66,18.67,18.68,18.69,18.7,18.71,18.72,18.73,18.74,23300,4300,49000,14400,4700,1900,5800,1300,2800,300,2600,16000,2300,1000,700,12600,41300,2300,84000,200
313.0,18.63,581400,10863877.0,18.64,18.63,18.62,18.61,18.6,18.59,18.58,18.57,18.56,18.55,18.65,18.66,18.67,18.68,18.69,18.7,18.71,18.72,18.73,18.74,500,100,24600,4300,49000,14400,4700,1900,5800,1300,3900,16000,2300,1000,700,12600,41300,2300,84000,200
314.0,18.63,583700,10906737.0,18.63,18.62,18.61,18.6,18.59,18.58,18.57,18.56,18.55,18.54,18.65,18.66,18.67,18.68,18.69,18.7,18.71,18.72,18.73,18.74,300,24600,4300,49000,14400,4700,1900,5800,1300,2800,3600,16000,2300,1000,700,12600,41300,2300,84000,200
315.0,18.63,583700,10906737.0,18.63,18.62,18.61,18.6,18.59,18.58,18.57,18.56,18.55,18.54,18.65,18.66,18.67,18.68,18.69,18.7,18.71,18.72,18.73,18.74,7600,24600,4300,49000,14400,4700,1900,5800,1300,2800,3600,16000,2300,1000,700,12600,41300,2300,84000,200
316.0,18.63,583700,10906737.0,18.63,18.62,18.61,18.6,18.59,18.58,18.57,18.56,18.55,18.54,18.65,18.66,18.67,18.68,18.69,18.7,18.71,18.72,18.73,18.74,7600,24600,4300,49000,14400,4700,1900,5800,1300,2800,3600,16000,2300,1000,700,12600,41300,2300,84000,200
317.0,18.65,584000,10912332.0,18.63,18.62,18.61,18.6,18.59,18.58,18.57,18.56,18.55,18.54,18.65,18.66,18.67,18.68,18.69,18.7,18.71,18.72,18.73,18.74,7600,24600,4300,49000,14400,4700,1900,5800,1300,2800,3300,16000,2300,1000,700,12600,41300,2300,84000,200
318.0,18.63,584500,10921647.0,18.63,18.62,18.61,18.6,18.59,18.58,18.57,18.56,18.55,18.54,18.64,18.65,18.66,18.67,18.68,18.69,18.7,18.71,18.72,18.73,7100,24600,4300,49000,14400,4700,1900,5800,1300,2800,1000,3300,16000,2300,1000,700,12600,41300,2300,84000
319.0,18.64,584900,10929103.0,18.63,18.62,18.61,18.6,18.59,18.58,18.57,18.56,18.55,18.54,18.64,18.65,18.66,18.67,18.68,18.69,18.7,18.71,18.72,18.73,7200,24600,4300,49000,14400,4700,1900,5800,1300,2800,600,3300,16000,2300,1000,700,12600,41300,2300,84000
320.0,18.63,592100,11063239.0,18.62,18.61,18.6,18.59,18.58,18.57,18.56,18.55,18.54,18.53,18.63,18.64,18.65,18.66,18.67,18.68,18.69,18.7,18.71,18.72,24600,4300,49000,14400,4700,1900,5800,1300,2800,300,2400,600,4300,16000,2300,1000,700,12600,41300,2300
321.0,18.63,592100,11063239.0,18.62,18.61,18.6,18.59,18.58,18.57,18.56,18.55,18.54,18.53,18.63,18.64,18.65,18.66,18.67,18.68,18.69,18.7,18.71,18.72,24600,4300,49000,14400,4700,1900,5800,1300,2800,300,2400,600,4300,16000,2300,1000,700,12600,41300,2300
322.0,18.63,592500,11070691.0,18.62,18.61,18.6,18.59,18.58,18.57,18.56,18.55,18.54,18.53,18.63,18.64,18.65,18.66,18.67,18.68,18.69,18.7,18.71,18.72,24600,4300,49000,14400,4700,1900,5800,1300,2800,300,2000,600,4300,16000,2300,1000,700,12600,41300,2300
323.0,18.63,592700,11074417.0,18.62,18.61,18.6,18.59,18.58,18.57,18.56,18.55,18.54,18.53,18.63,18.64,18.65,18.66,18.67,18.68,18.69,18.7,18.71,18.72,22700,4300,49000,14400,4700,1900,5800,1300,2800,300,1800,600,4300,16000,2300,1000,700,12600,41300,2300
324.0,18.63,592700,11074417.0,18.62,18.61,18.6,18.59,18.58,18.57,18.56,18.55,18.54,18.53,18.63,18.65,18.66,18.67,18.68,18.69,18.7,18.71,18.72,18.73,22700,4300,49000,14400,4700,1900,5800,1300,2800,300,1800,4800,16000,2300,1000,700,12600,41300,2300,84000
325.0,18.63,594900,11115398.0,18.62,18.61,18.6,18.59,18.58,18.57,18.56,18.55,18.54,18.53,18.63,18.65,18.66,18.67,18.68,18.69,18.7,18.71,18.72,18.73,22200,4300,49000,14400,4700,1900,5800,1300,2800,300,100,4800,16000,2300,1000,700,12600,41300,2300,84000
326.0,18.63,595000,11117261.0,18.62,18.61,18.6,18.59,18.58,18.57,18.56,18.55,18.54,18.53,18.65,18.66,18.67,18.68,18.69,18.7,18.71,18.72,18.73,18.74,22200,4300,49000,14400,4700,1900,5800,1300,2800,300,4800,11600,2300,1000,700,12600,41300,19800,84000,200
327.0,18.65,595400,11124721.0,18.62,18.61,18.6,18.59,18.58,18.57,18.56,18.55,18.54,18.53,18.65,18.66,18.67,18.68,18.69,18.7,18.71,18.72,18.73,18.74,23200,4300,49000,14400,4700,1900,5800,1300,2800,300,5400,11600,2300,1000,700,12600,41300,19800,84000,200
328.0,18.65,595400,11124721.0,18.62,18.61,18.6,18.59,18.58,18.57,18.56,18.55,18.54,18.53,18.65,18.66,18.67,18.68,18.69,18.7,18.71,18.72,18.73,18.74,23200,4300,49000,14400,4700,1900,5800,1300,2800,300,5400,11600,2300,1000,700,12600,41300,19800,84000,200
329.0,18.65,595400,11124721.0,18.62,18.61,18.6,18.59,18.58,18.57,18.56,18.55,18.54,18.53,18.65,18.66,18.67,18.68,18.69,18.7,18.71,18.72,18.73,18.74,24600,4300,49000,14400,4700,1900,5800,1300,2800,300,6800,11300,2300,1000,700,12600,41300,19800,84000,200
330.0,18.65,595900,11134046.0,18.62,18.61,18.6,18.59,18.58,18.57,18.56,18.55,18.54,18.53,18.65,18.66,18.67,18.68,18.69,18.7,18.71,18.72,18.73,18.74,24300,4300,49000,14400,4700,1900,5800,1300,2800,300,6300,11300,2300,1000,700,12600,41300,19800,84000,200
331.0,18.65,595900,11134046.0,18.62,18.61,18.6,18.59,18.58,18.57,18.56,18.55,18.54,18.53,18.65,18.66,18.67,18.68,18.69,18.7,18.71,18.72,18.73,18.74,24700,4300,49000,14400,4700,1900,5800,1300,2800,300,7300,11300,2300,1000,700,12600,41300,19800,84000,200
332.0,18.62,596400,11143356.0,18.62,18.61,18.6,18.59,18.58,18.57,18.56,18.55,18.54,18.53,18.63,18.65,18.66,18.67,18.68,18.69,18.7,18.71,18.72,18.73,25000,4300,49000,14400,4700,1900,5800,1300,2800,300,300,7500,11300,2300,1000,700,12700,41300,19800,84000
333.0,18.63,596800,11150808.0,18.63,18.62,18.61,18.6,18.59,18.58,18.57,18.56,18.55,18.54,18.65,18.66,18.67,18.68,18.69,18.7,18.71,18.72,18.73,18.74,2700,26000,4300,49000,14400,4700,1900,5800,1300,2800,7500,11300,2300,1000,700,12700,41300,19800,84000,200
334.0,18.65,597800,11169458.0,18.63,18.62,18.61,18.6,18.59,18.58,18.57,18.56,18.55,18.54,18.65,18.66,18.67,18.68,18.69,18.7,18.71,18.72,18.73,18.74,2700,26000,4300,49000,14400,4700,1900,5800,1300,2800,6500,11300,2300,1000,700,12700,41300,19800,84000,200
335.0,18.63,598000,11173184.0,18.63,18.62,18.61,18.6,18.59,18.58,18.57,18.56,18.55,18.54,18.65,18.66,18.67,18.68,18.69,18.7,18.71,18.72,18.73,18.74,2500,28400,4300,49000,14400,4700,1900,5800,1300,2800,6500,11300,2300,1000,700,12700,41300,19800,84000,200
336.0,18.63,604600,11296272.0,18.63,18.62,18.61,18.6,18.59,18.58,18.57,18.56,18.55,18.54,18.65,18.66,18.67,18.68,18.69,18.7,18.71,18.72,18.73,18.74,2400,28400,4300,49000,14400,4700,1900,5800,1300,2800,2300,11300,2300,1000,700,14700,41300,19800,84000,200
337.0,18.63,604600,11296272.0,18.63,18.62,18.61,18.6,18.59,18.58,18.57,18.56,18.55,18.54,18.65,18.66,18.67,18.68,18.69,18.7,18.71,18.72,18.73,18.74,2800,28400,4300,49000,14400,4700,1900,5800,1300,2800,2300,11300,2300,1000,700,14700,41300,19800,84000,200
338.0,18.63,607300,11346573.0,18.63,18.62,18.61,18.6,18.59,18.58,18.57,18.56,18.55,18.54,18.65,18.66,18.67,18.68,18.69,18.7,18.71,18.72,18.73,18.74,100,28400,4300,49000,14400,4700,1900,5800,1300,2800,2300,11300,2300,1000,700,15900,41300,19800,84000,200
339.0,18.62,608100,11361470.0,18.62,18.61,18.6,18.59,18.58,18.57,18.56,18.55,18.54,18.53,18.65,18.66,18.67,18.68,18.69,18.7,18.71,18.72,18.73,18.74,27700,4300,46500,14400,4700,1900,5800,1300,2800,300,2300,11300,2300,1000,700,15900,41300,19800,84000,200
340.0,18.63,609400,11385688.0,18.62,18.61,18.6,18.59,18.58,18.57,18.56,18.55,18.54,18.53,18.63,18.65,18.66,18.67,18.68,18.69,18.7,18.71,18.72,18.73,28600,4300,46500,14400,4700,1900,5800,1300,2800,300,900,3500,11300,2300,1000,700,15900,41300,19800,84000
341.0,18.63,609800,11393140.0,18.62,18.61,18.6,18.59,18.58,18.57,18.56,18.55,18.54,18.53,18.63,18.65,18.66,18.67,18.68,18.69,18.7,18.71,18.72,18.73,28800,4300,46500,14400,4700,1900,5800,1300,2800,300,500,3500,11300,2300,1000,700,15900,41300,19800,84000
342.0,18.62,610000,11396864.0,18.62,18.61,18.6,18.59,18.58,18.57,18.56,18.55,18.54,18.53,18.63,18.65,18.66,18.67,18.68,18.69,18.7,18.71,18.72,18.73,28600,4300,46500,14400,4700,1900,5800,1300,2800,300,1200,5500,11300,2300,1000,700,15900,41300,19800,84000
343.0,18.63,610100,11398727.0,18.62,18.61,18.6,18.59,18.58,18.57,18.56,18.55,18.54,18.53,18.63,18.65,18.66,18.67,18.68,18.69,18.7,18.71,18.72,18.73,28600,4300,46500,14400,4700,1900,5800,1300,2800,300,1100,5500,11300,2300,1000,700,15900,41300,19800,84000
344.0,18.63,610100,11398727.0,18.62,18.61,18.6,18.59,18.58,18.57,18.56,18.55,18.54,18.53,18.63,18.65,18.66,18.67,18.68,18.69,18.7,18.71,18.72,18.73,28600,4300,46500,14400,4700,1900,5800,1300,2800,300,3100,5500,11300,2300,1000,700,15900,41300,19800,84000
345.0,18.63,610700,11409905.0,18.62,18.61,18.6,18.59,18.58,18.57,18.56,18.55,18.54,18.53,18.63,18.65,18.66,18.67,18.68,18.69,18.7,18.71,18.72,18.73,28600,4300,46500,14400,4700,1900,5800,1300,2800,300,2500,5500,11300,2300,1000,700,14900,41300,19800,84000
346.0,18.63,610900,11413631.0,18.62,18.61,18.6,18.59,18.58,18.57,18.56,18.55,18.54,18.53,18.63,18.65,18.66,18.67,18.68,18.69,18.7,18.71,18.72,18.73,28600,2600,46500,14400,4700,1900,5800,1300,2800,300,2300,5500,11300,2300,1000,700,14900,41300,19800,84000
347.0,18.62,611400,11422941.0,18.62,18.61,18.6,18.59,18.58,18.57,18.56,18.55,18.54,18.53,18.63,18.65,18.66,18.67,18.68,18.69,18.7,18.71,18.72,18.73,28200,2600,46500,14400,4700,1900,5800,1300,2800,300,2300,5500,11300,2300,1000,700,14900,41300,19800,84000
348.0,18.62,628800,11746929.0,18.62,18.61,18.6,18.59,18.58,18.57,18.56,18.55,18.54,18.53,18.63,18.65,18.66,18.67,18.68,18.69,18.7,18.71,18.72,18.73,10900,3100,46500,14400,4700,1900,5800,1300,2800,300,2300,5500,11300,2300,1000,700,14800,41300,19800,84000
349.0,18.63,629300,11756243.0,18.62,18.61,18.6,18.59,18.58,18.57,18.56,18.55,18.54,18.53,18.63,18.65,18.66,18.67,18.68,18.69,18.7,18.71,18.72,18.73,10800,3100,46500,14400,4700,1900,5800,1300,2800,300,1900,5500,11300,2300,1000,700,14800,41300,19800,84000
350.0,18.62,629400,11758105.0,18.62,18.61,18.6,18.59,18.58,18.57,18.56,18.55,18.54,18.53,18.63,18.64,18.65,18.66,18.67,18.68,18.69,18.7,18.71,18.72,10700,3400,46500,14400,4700,1900,5800,1300,2800,300,1900,1000,5500,11300,2300,1000,700,14800,41300,19800
351.0,18.62,629400,11758105.0,18.62,18.61,18.6,18.59,18.58,18.57,18.56,18.55,18.54,18.53,18.63,18.64,18.65,18.66,18.67,18.68,18.69,18.7,18.71,18.72,10700,3400,46500,14400,4700,1900,5800,1300,2800,300,1900,1000,5500,11300,2300,1000,700,14800,41300,19800
352.0,18.63,629500,11759968.0,18.62,18.61,18.6,18.59,18.58,18.57,18.56,18.55,18.54,18.53,18.63,18.64,18.65,18.66,18.67,18.68,18.69,18.7,18.71,18.72,10700,3400,46700,14400,4700,1900,5800,1300,2800,300,1800,1000,5500,11300,2300,1000,3700,14800,41300,19800
353.0,18.62,629900,11767416.0,18.62,18.61,18.6,18.59,18.58,18.57,18.56,18.55,18.54,18.53,18.63,18.64,18.65,18.66,18.67,18.68,18.69,18.7,18.71,18.72,10300,3400,46700,14400,4700,1900,5800,1300,2800,300,1800,1000,5500,11300,2300,1000,3700,14800,41300,19800
354.0,18.62,631700,11800935.0,18.62,18.61,18.6,18.59,18.58,18.57,18.56,18.55,18.54,18.53,18.63,18.64,18.65,18.66,18.67,18.68,18.69,18.7,18.71,18.72,8800,3400,46700,14400,4700,1900,5800,1300,2800,300,1500,1000,5500,11300,2300,1000,3700,14800,41300,19800
355.0,18.62,632500,11815832.0,18.62,18.61,18.6,18.59,18.58,18.57,18.56,18.55,18.54,18.53,18.63,18.64,18.65,18.66,18.67,18.68,18.69,18.7,18.71,18.72,8100,3400,46700,14400,4700,1900,5800,1300,2800,300,1400,1000,5500,11300,2300,1000,3700,14100,41300,19800
356.0,18.62,632500,11815832.0,18.62,18.61,18.6,18.59,18.58,18.57,18.56,18.55,18.54,18.53,18.63,18.64,18.65,18.66,18.67,18.68,18.69,18.7,18.71,18.72,8100,3400,46700,14400,4700,1900,5800,1300,2800,300,1400,1000,5500,11300,2300,1000,3700,14100,41300,19800
357.0,18.63,632700,11819558.0,18.62,18.61,18.6,18.59,18.58,18.57,18.56,18.55,18.54,18.53,18.63,18.64,18.65,18.66,18.67,18.68,18.69,18.7,18.71,18.72,8100,3400,46700,14400,4700,1900,5800,1300,2800,300,1200,1000,5700,11300,2300,1000,3700,14100,41300,19800
358.0,18.62,640500,11964794.0,18.62,18.61,18.6,18.59,18.58,18.57,18.56,18.55,18.54,18.53,18.63,18.64,18.65,18.66,18.67,18.68,18.69,18.7,18.71,18.72,300,3400,46700,14400,4700,1900,5800,1300,2800,300,1200,1000,5700,11300,2300,1000,3700,14100,39300,19800
359.0,18.63,640700,11968520.0,18.62,18.61,18.6,18.59,18.58,18.57,18.56,18.55,18.54,18.53,18.63,18.64,18.65,18.66,18.67,18.68,18.69,18.7,18.71,18.72,300,3400,46700,15600,4700,1900,5800,1300,2800,300,1000,1000,5700,11300,2300,1000,3700,14100,39300,19800
360.0,18.62,640800,11970382.0,18.62,18.61,18.6,18.59,18.58,18.57,18.56,18.55,18.54,18.53,18.63,18.64,18.65,18.66,18.67,18.68,18.69,18.7,18.71,18.72,200,3400,46700,15600,4700,1900,5800,1300,2800,300,1000,1000,5700,11300,2300,1000,3700,14100,39300,19800
361.0,18.61,643800,12026214.0,18.61,18.6,18.59,18.58,18.57,18.56,18.55,18.54,18.53,18.52,18.63,18.64,18.65,18.66,18.67,18.68,18.69,18.7,18.71,18.72,600,46700,15600,4700,1900,5800,1300,2800,300,3500,1000,1000,5700,11300,2300,1000,3700,14100,39300,19800
362.0,18.63,644000,12029940.0,18.61,18.6,18.59,18.58,18.57,18.56,18.55,18.54,18.53,18.52,18.63,18.64,18.65,18.66,18.67,18.68,18.69,18.7,18.71,18.72,600,46700,15600,4700,1900,5800,1300,2800,300,3500,1800,1000,5700,11300,2300,1000,3700,14100,39300,19800
363.0,18.63,644000,12029940.0,18.61,18.6,18.59,18.58,18.57,18.56,18.55,18.54,18.53,18.52,18.62,18.63,18.64,18.65,18.66,18.67,18.68,18.69,18.7,18.71,900,47000,15600,4700,1900,5800,1300,2800,300,3500,1000,1800,1000,5700,11300,2300,1000,3700,14100,39300
364.0,18.6,645500,12057849.0,18.6,18.59,18.58,18.57,18.56,18.55,18.54,18.53,18.52,18.51,18.62,18.63,18.64,18.65,18.66,18.67,18.68,18.69,18.7,18.71,46400,15600,4700,1900,5800,1300,2800,300,3500,300,1000,1800,1000,5700,11300,2300,1000,3700,14100,42300
365.0,18.62,645600,12059711.0,18.61,18.6,18.59,18.58,18.57,18.56,18.55,18.54,18.53,18.52,18.62,18.63,18.64,18.65,18.66,18.67,18.68,18.69,18.7,18.71,100,46400,15600,4700,1900,5800,1300,2800,300,3500,900,1800,1000,5700,11300,2300,1000,3700,14100,42300
366.0,18.6,650600,12152712.0,18.6,18.59,18.58,18.57,18.56,18.55,18.54,18.53,18.52,18.51,18.62,18.63,18.64,18.65,18.66,18.67,18.68,18.69,18.7,18.71,41500,15600,4700,1900,5800,1300,2800,300,3500,300,900,1800,1000,6400,11300,2300,1000,3700,14100,42300
367.0,18.6,650600,12152712.0,18.6,18.59,18.58,18.57,18.56,18.55,18.54,18.53,18.52,18.51,18.62,18.63,18.64,18.65,18.66,18.67,18.68,18.69,18.7,18.71,41500,15600,4700,1900,5800,1300,2800,300,3500,300,900,1800,1000,6400,11300,2300,1000,3700,14100,42300
368.0,18.6,650600,12152712.0,18.6,18.59,18.58,18.57,18.56,18.55,18.54,18.53,18.52,18.51,18.61,18.62,18.63,18.64,18.65,18.66,18.67,18.68,18.69,18.7,42800,15600,4700,1900,5800,1300,2800,300,3500,300,500,1300,1800,1000,6400,11300,2300,1000,3700,14100
369.0,18.61,650700,12154573.0,18.6,18.59,18.58,18.57,18.56,18.55,18.54,18.53,18.52,18.51,18.61,18.62,18.63,18.64,18.65,18.66,18.67,18.68,18.69,18.7,42800,15600,4700,1900,5800,1300,2800,300,3500,300,400,1300,1800,1000,6400,11300,2300,1000,3700,14100
370.0,18.6,651200,12163873.0,18.6,18.59,18.58,18.57,18.56,18.55,18.54,18.53,18.52,18.51,18.61,18.62,18.63,18.64,18.65,18.66,18.67,18.68,18.69,18.7,42300,15600,4700,1900,5800,1300,2800,300,3500,300,400,1300,1800,1000,6400,11300,2300,1000,3700,14100
371.0,18.61,651400,12167595.0,18.6,18.59,18.58,18.57,18.56,18.55,18.54,18.53,18.52,18.51,18.61,18.62,18.63,18.64,18.65,18.66,18.67,18.68,18.69,18.7,42800,15600,4700,1000,5800,1300,2800,300,3500,300,1200,1300,1800,1000,6400,11300,2300,1000,3700,14100
372.0,18.61,652600,12189927.0,18.61,18.6,18.59,18.58,18.57,18.56,18.55,18.54,18.53,18.52,18.62,18.63,18.64,18.65,18.66,18.67,18.68,18.69,18.7,18.71,8900,45100,15600,4700,1000,5800,1300,2800,300,3500,1300,1800,1000,6400,11300,2300,1000,3700,14100,42300
373.0,18.61,654900,12232730.0,18.61,18.6,18.59,18.58,18.57,18.56,18.55,18.54,18.53,18.52,18.62,18.63,18.64,18.65,18.66,18.67,18.68,18.69,18.7,18.71,7700,45100,15600,4700,1000,5800,1300,2800,300,3500,1300,1800,1000,6400,11300,2300,1000,3700,14100,42300
374.0,18.61,657100,12273672.0,18.61,18.6,18.59,18.58,18.57,18.56,18.55,18.54,18.53,18.52,18.62,18.63,18.64,18.65,18.66,18.67,18.68,18.69,18.7,18.71,5700,45100,15600,4700,1000,5800,1300,2800,300,3500,1300,1800,1000,6400,11300,2300,1000,3700,14100,42300
375.0,18.62,657200,12275534.0,18.61,18.6,18.59,18.58,18.57,18.56,18.55,18.54,18.53,18.52,18.62,18.63,18.64,18.65,18.66,18.67,18.68,18.69,18.7,18.71,5700,45100,15600,4700,1000,5800,1300,2800,300,3500,1200,1800,1000,6400,11300,2300,1000,3700,14100,42300
376.0,18.62,657400,12279258.0,18.61,18.6,18.59,18.58,18.57,18.56,18.55,18.54,18.53,18.52,18.62,18.63,18.64,18.65,18.66,18.67,18.68,18.69,18.7,18.71,5700,45100,15600,4700,1000,5800,1300,2800,300,3500,1000,1800,1000,6400,11300,2300,1000,3700,14100,42300
377.0,18.61,657900,12288563.0,18.61,18.6,18.59,18.58,18.57,18.56,18.55,18.54,18.53,18.52,18.62,18.63,18.64,18.65,18.66,18.67,18.68,18.69,18.7,18.71,5200,45100,15600,4700,1000,5800,1300,2800,300,3500,1000,1800,1000,6400,11300,2300,1000,3700,14100,42300
378.0,18.61,660000,12327645.0,18.61,18.6,18.59,18.58,18.57,18.56,18.55,18.54,18.53,18.52,18.62,18.63,18.64,18.65,18.66,18.67,18.68,18.69,18.7,18.71,3300,45100,15600,4700,1000,5800,1300,2800,300,3500,900,1800,1000,6400,11300,2300,1000,3700,14100,42300
379.0,18.61,660000,12327645.0,18.61,18.6,18.59,18.58,18.57,18.56,18.55,18.54,18.53,18.52,18.62,18.63,18.64,18.65,18.66,18.67,18.68,18.69,18.7,18.71,3300,45100,15600,4700,1000,5800,1300,2800,300,3500,900,1800,1000,6400,11300,2300,1000,3700,14100,42300
380.0,18.62,660100,12329507.0,18.61,18.6,18.59,18.58,18.57,18.56,18.55,18.54,18.53,18.52,18.62,18.63,18.64,18.65,18.66,18.67,18.68,18.69,18.7,18.71,3300,45100,14400,4700,1000,5800,1300,2800,300,3500,800,1800,1000,6400,11300,2300,1000,21200,14100,42300
381.0,18.61,661800,12361144.0,18.61,18.6,18.59,18.58,18.57,18.56,18.55,18.54,18.53,18.52,18.62,18.63,18.64,18.65,18.66,18.67,18.68,18.69,18.7,18.71,1600,46500,14400,4700,1000,5800,1300,2800,1400,3500,800,1800,1000,6400,11300,2300,1000,21200,14100,42300
382.0,18.61,661900,12363005.0,18.61,18.6,18.59,18.58,18.57,18.56,18.55,18.54,18.53,18.52,18.62,18.63,18.64,18.65,18.66,18.67,18.68,18.69,18.7,18.71,1500,46500,14400,4700,1000,5800,1300,2800,1400,3500,1200,1800,1000,6400,11300,2300,1000,21200,14100,42300
383.0,18.61,662400,12372310.0,18.61,18.6,18.59,18.58,18.57,18.56,18.55,18.54,18.53,18.52,18.62,18.63,18.64,18.65,18.66,18.67,18.68,18.69,18.7,18.71,2400,46500,14400,5700,1000,5800,1300,2800,1400,3500,1200,1800,1000,6400,1400,2300,1000,21200,14100,42300
384.0,18.61,663100,12385337.0,18.61,18.6,18.59,18.58,18.57,18.56,18.55,18.54,18.53,18.52,18.62,18.63,18.64,18.65,18.66,18.67,18.68,18.69,18.7,18.71,1700,47500,14400,5700,1000,5800,1300,2800,1400,3500,1200,1800,1000,6400,1400,2300,1000,21200,14100,42300
385.0,18.61,664400,12409531.0,18.61,18.6,18.59,18.58,18.57,18.56,18.55,18.54,18.53,18.52,18.62,18.63,18.64,18.65,18.66,18.67,18.68,18.69,18.7,18.71,600,48000,14400,5700,1000,5800,1300,2800,1400,3500,1100,1800,1000,6400,1400,2300,1000,21200,14100,42300
386.0,18.61,666500,12448612.0,18.61,18.6,18.59,18.58,18.57,18.56,18.55,18.54,18.53,18.52,18.62,18.63,18.64,18.65,18.66,18.67,18.68,18.69,18.7,18.71,300,48200,14500,5700,1000,5800,1300,2800,1400,3500,1100,800,1000,6400,1400,2300,1000,21200,14100,42300
387.0,18.62,668300,12482121.0,18.62,18.61,18.6,18.59,18.58,18.57,18.56,18.55,18.54,18.53,18.63,18.64,18.65,18.66,18.67,18.68,18.69,18.7,18.71,18.72,14500,500,48200,14500,5700,1000,5800,1300,2800,1400,800,1000,6400,1400,2300,1000,21200,14100,42300,19800
388.0,18.62,668300,12482121.0,18.62,18.61,18.6,18.59,18.58,18.57,18.56,18.55,18.54,18.53,18.63,18.64,18.65,18.66,18.67,18.68,18.69,18.7,18.71,18.72,14500,700,48200,14500,5700,1000,5800,1300,2800,1400,800,1000,6400,1400,2300,1000,21200,14100,42300,19800
389.0,18.62,668700,12489569.0,18.62,18.61,18.6,18.59,18.58,18.57,18.56,18.55,18.54,18.53,18.63,18.64,18.65,18.66,18.67,18.68,18.69,18.7,18.71,18.72,14100,700,48200,14500,5700,1000,5800,1300,2800,1400,800,1000,6400,1400,2300,1000,21200,14100,42300,19800
390.0,18.62,669800,12510051.0,18.62,18.61,18.6,18.59,18.58,18.57,18.56,18.55,18.54,18.53,18.63,18.64,18.65,18.66,18.67,18.68,18.69,18.7,18.71,18.72,13000,500,48200,14500,5700,1000,5800,1300,2800,1400,800,1000,6400,1400,2300,1000,21200,14100,42300,19800
391.0,18.62,670900,12530533.0,18.62,18.61,18.6,18.59,18.58,18.57,18.56,18.55,18.54,18.53,18.63,18.64,18.65,18.66,18.67,18.68,18.69,18.7,18.71,18.72,11900,500,48200,14500,5700,1000,5800,1300,2800,1400,800,1000,6400,1400,2300,1000,21200,14100,42300,19800
392.0,18.62,671700,12545430.0,18.62,18.61,18.6,18.59,18.58,18.57,18.56,18.55,18.54,18.53,18.63,18.64,18.65,18.66,18.67,18.68,18.69,18.7,18.71,18.72,11200,500,48200,14500,5700,1000,5800,1300,2800,1400,700,1000,6400,1400,2300,1000,21200,14100,42300,19800
393.0,18.62,671900,12549154.0,18.62,18.61,18.6,18.59,18.58,18.57,18.56,18.55,18.54,18.53,18.63,18.64,18.65,18.66,18.67,18.68,18.69,18.7,18.71,18.72,11300,500,48200,14500,5700,1000,5800,1300,2800,1400,700,1000,6400,1400,2300,1000,21200,14100,42300,19800
394.0,18.62,671900,12549154.0,18.62,18.61,18.6,18.59,18.58,18.57,18.56,18.55,18.54,18.53,18.63,18.64,18.65,18.66,18.67,18.68,18.69,18.7,18.71,18.72,11300,500,48200,14500,5700,1000,5800,1300,2800,1400,700,1000,6400,1400,2300,1000,21200,14100,42300,19800
395.0,18.62,671900,12549154.0,18.62,18.61,18.6,18.59,18.58,18.57,18.56,18.55,18.54,18.53,18.63,18.64,18.65,18.66,18.67,18.68,18.69,18.7,18.71,18.72,11700,500,48200,14500,5700,1000,5800,1300,2800,1400,700,1000,6400,1400,2300,1000,21200,14100,42300,19800
396.0,18.62,671900,12549154.0,18.62,18.61,18.6,18.59,18.58,18.57,18.56,18.55,18.54,18.53,18.63,18.64,18.65,18.66,18.67,18.68,18.69,18.7,18.71,18.72,11700,800,48200,14500,5700,1000,5800,1300,2800,1400,4700,1000,6400,1400,2300,1000,21200,14100,42300,19800
397.0,18.62,672200,12554740.0,18.62,18.61,18.6,18.59,18.58,18.57,18.56,18.55,18.54,18.53,18.63,18.64,18.65,18.66,18.67,18.68,18.69,18.7,18.71,18.72,11400,800,48200,14500,5700,1000,5800,1300,2800,1400,4700,1000,6400,1400,2300,1000,21200,14100,42300,19800
