LocalTime,LastPrice,TradeVolume,TradeValue,BidPrice1,BidPrice2,BidPrice3,BidPrice4,BidPrice5,BidPrice6,BidPrice7,BidPrice8,BidPrice9,BidPriceA,AskPrice1,AskPrice2,AskPrice3,AskPrice4,AskPrice5,AskPrice6,AskPrice7,AskPrice8,AskPrice9,AskPriceA,BidVolume1,BidVolume2,BidVolume3,BidVolume4,BidVolume5,BidVolume6,BidVolume7,BidVolume8,BidVolume9,BidVolumeA,AskVolume1,AskVolume2,AskVolume3,AskVolume4,AskVolume5,AskVolume6,AskVolume7,AskVolume8,AskVolume9,AskVolumeA
0.0,10.67,1300,13871.0,10.62,10.55,10.51,10.45,10.42,10.4,10.35,10.34,10.29,10.2,10.67,10.68,10.69,10.73,10.74,10.75,10.78,10.79,10.8,10.81,400,3600,20700,500,1000,1300,2000,500,500,1300,1500,1100,7300,1800,1000,1400,100,2000,600,500
1.0,10.67,1300,13871.0,10.62,10.55,10.51,10.45,10.42,10.4,10.35,10.34,10.29,10.2,10.66,10.67,10.68,10.69,10.73,10.74,10.75,10.78,10.79,10.8,400,3600,20700,500,1000,1300,2000,500,500,1300,400,1500,700,7300,1800,1000,1400,100,2000,600
2.0,10.67,1300,13871.0,10.62,10.55,10.51,10.45,10.42,10.4,10.35,10.34,10.29,10.2,10.66,10.67,10.68,10.69,10.73,10.74,10.75,10.78,10.79,10.8,400,3600,20700,500,1000,1300,2000,500,500,1300,400,1500,700,7300,1800,1000,1400,100,2000,600
3.0,10.62,1700,18119.0,10.55,10.51,10.45,10.42,10.4,10.35,10.34,10.29,10.2,9.7,10.6,10.62,10.66,10.67,10.68,10.69,10.73,10.74,10.75,10.78,3600,20700,25600,1000,1300,2000,500,500,1300,700,500,10400,400,1500,700,3400,1800,1000,1400,100
4.0,10.62,1700,18119.0,10.55,10.51,10.45,10.42,10.4,10.35,10.34,10.29,10.2,9.7,10.6,10.62,10.66,10.67,10.69,10.73,10.74,10.75,10.78,10.79,3600,20700,25600,1000,1300,2000,500,500,1300,700,500,10400,400,1500,3400,2800,1000,1400,100,2000
5.0,10.62,2500,26605.0,10.55,10.51,10.45,10.42,10.4,10.34,10.29,10.2,9.7,0.0,10.62,10.66,10.67,10.69,10.7,10.73,10.74,10.75,10.78,10.79,3600,20700,25600,1000,1300,500,500,1300,700,0,10100,400,1500,3400,300,2800,1000,1400,100,2000
6.0,10.62,2500,26605.0,10.6,10.58,10.56,10.55,10.52,10.51,10.48,10.45,10.42,10.4,10.62,10.66,10.67,10.69,10.7,10.73,10.74,10.75,10.78,10.79,3400,100,100,3600,900,20700,1700,25600,1000,1300,10100,400,1500,2200,300,2800,1000,1400,100,2000
7.0,10.62,3500,37225.0,10.6,10.58,10.56,10.55,10.52,10.51,10.48,10.45,10.42,10.4,10.62,10.65,10.66,10.67,10.69,10.7,10.73,10.74,10.75,10.78,3900,100,100,3600,900,20700,1700,25600,1000,1300,9100,1000,400,1500,2200,300,2800,1000,1400,100
8.0,10.62,3700,39349.0,10.6,10.58,10.56,10.55,10.52,10.51,10.5,10.48,10.45,10.42,10.62,10.65,10.67,10.69,10.7,10.73,10.74,10.75,10.78,10.79,4100,100,100,3600,900,20700,1700,1700,25600,1000,8900,1000,1500,2200,300,2800,1000,1400,100,2000
9.0,10.62,9700,103069.0,10.6,10.58,10.56,10.55,10.52,10.51,10.5,10.48,10.45,10.42,10.62,10.65,10.67,10.69,10.7,10.72,10.73,10.74,10.75,10.78,4300,1000,800,3600,900,20700,1700,1700,25600,1000,2900,1000,1500,2200,300,200,2800,1000,1400,100
10.0,10.62,12600,133867.0,10.64,10.62,10.6,10.58,10.56,10.55,10.52,10.51,10.5,10.48,10.65,10.67,10.69,10.7,10.72,10.73,10.74,10.75,10.78,10.79,2800,4000,4300,900,800,3600,900,20700,1700,1700,1000,1500,2200,300,200,2800,1000,1400,100,2000
11.0,10.65,13500,143452.0,10.64,10.62,10.6,10.58,10.56,10.55,10.52,10.51,10.5,10.48,10.65,10.67,10.69,10.7,10.72,10.73,10.74,10.75,10.78,10.79,2800,5100,4300,900,1200,3600,900,20700,1700,1700,100,1500,2200,300,200,2800,1000,1400,100,2000
12.0,10.65,15700,166924.0,10.65,10.62,10.61,10.6,10.58,10.56,10.55,10.52,10.51,10.5,10.69,10.7,10.72,10.73,10.74,10.75,10.78,10.79,10.8,10.81,1200,3400,300,3700,900,1200,3600,900,20700,1700,1900,300,200,2800,1000,1400,100,2000,600,500
13.0,10.65,15700,166924.0,10.66,10.65,10.62,10.61,10.6,10.58,10.56,10.55,10.52,10.51,10.69,10.7,10.72,10.73,10.74,10.75,10.78,10.79,10.8,10.81,1200,1300,4100,600,1300,900,500,3600,900,20700,1900,300,200,2800,1000,1400,100,2000,600,500
14.0,10.69,17100,181890.0,10.67,10.66,10.65,10.62,10.61,10.6,10.58,10.56,10.55,10.52,10.69,10.7,10.72,10.73,10.74,10.75,10.78,10.79,10.8,10.81,500,7700,200,2400,600,1500,900,200,3600,900,500,300,200,2800,1000,1400,100,2000,600,500
15.0,10.69,17800,189373.0,10.69,10.67,10.66,10.65,10.62,10.61,10.6,10.58,10.56,10.55,10.7,10.72,10.73,10.74,10.75,10.78,10.79,10.8,10.81,10.84,800,600,6500,300,1800,600,1600,900,100,3600,300,200,2800,1000,1400,100,2000,600,500,2000
16.0,10.7,18100,192583.0,10.7,10.69,10.67,10.66,10.65,10.62,10.61,10.6,10.58,10.56,10.71,10.72,10.73,10.74,10.75,10.78,10.79,10.8,10.81,10.84,200,5400,700,6500,400,1800,300,1600,900,100,200,200,2800,1000,1400,100,2000,600,500,2000
17.0,10.69,18400,195792.0,10.69,10.67,10.66,10.65,10.62,10.61,10.6,10.58,10.56,10.55,10.71,10.72,10.73,10.74,10.75,10.78,10.79,10.8,10.81,10.84,5400,700,3900,200,1800,300,1600,900,100,3600,200,200,2800,1000,1400,100,2000,600,500,2000
18.0,10.69,18600,197930.0,10.69,10.67,10.66,10.65,10.62,10.61,10.6,10.58,10.56,10.55,10.71,10.72,10.73,10.74,10.75,10.78,10.79,10.8,10.81,10.84,5200,700,3900,200,1800,300,1400,900,100,3600,200,200,2800,1000,1400,100,2000,600,500,2000
19.0,10.7,18800,200070.0,10.7,10.69,10.67,10.66,10.65,10.62,10.61,10.6,10.58,10.56,10.71,10.72,10.73,10.74,10.75,10.78,10.79,10.8,10.81,10.84,500,5200,700,3900,200,1800,300,1300,900,100,200,200,2800,1000,1400,100,2000,600,500,2000
20.0,10.71,19000,202212.0,10.71,10.7,10.69,10.67,10.66,10.65,10.62,10.61,10.6,10.58,10.72,10.73,10.74,10.75,10.78,10.79,10.8,10.81,10.84,10.85,100,500,4700,700,4200,800,1200,300,1300,900,200,2800,1000,1400,100,2000,600,500,2000,2500
21.0,10.71,19000,202212.0,10.71,10.7,10.69,10.67,10.66,10.65,10.62,10.61,10.6,10.58,10.72,10.73,10.74,10.75,10.78,10.79,10.8,10.81,10.84,10.85,100,500,4700,600,4200,800,1200,300,1300,900,200,2800,1000,1400,100,2000,600,500,2000,2500
22.0,10.71,19000,202212.0,10.71,10.7,10.69,10.67,10.66,10.65,10.62,10.61,10.6,10.58,10.72,10.73,10.74,10.75,10.78,10.79,10.8,10.81,10.84,10.85,100,500,4700,600,4300,700,700,300,1300,900,200,2800,1000,1400,100,2000,600,500,2000,2500
23.0,10.7,19600,208633.0,10.7,10.69,10.67,10.66,10.65,10.62,10.61,10.6,10.58,10.56,10.71,10.72,10.73,10.74,10.75,10.78,10.79,10.8,10.81,10.84,500,4700,600,4000,700,700,300,1300,900,100,1500,2400,2800,1000,1400,100,2000,600,500,2000
24.0,10.69,24200,257807.0,10.67,10.66,10.65,10.62,10.61,10.6,10.58,10.56,10.55,10.52,10.69,10.7,10.71,10.72,10.73,10.74,10.75,10.78,10.79,10.8,600,4000,700,700,300,1300,900,100,3600,900,400,1600,1500,2400,2800,1000,1400,100,2000,600
25.0,10.69,24400,259944.0,10.68,10.67,10.66,10.65,10.62,10.61,10.6,10.58,10.56,10.55,10.69,10.7,10.71,10.72,10.73,10.74,10.75,10.78,10.79,10.8,400,300,3900,700,700,300,1300,900,100,3600,300,1600,1500,2400,2800,1000,1400,100,2000,600
26.0,10.69,24400,259944.0,10.68,10.67,10.66,10.65,10.62,10.61,10.6,10.58,10.56,10.55,10.69,10.7,10.71,10.72,10.73,10.74,10.75,10.78,10.79,10.8,400,100,3900,700,600,300,1300,900,100,3600,300,1600,1900,2400,2800,1000,1400,100,2000,600
27.0,10.69,24400,259944.0,10.68,10.67,10.66,10.65,10.62,10.61,10.6,10.58,10.56,10.55,10.69,10.7,10.71,10.72,10.73,10.74,10.75,10.78,10.79,10.8,400,100,3900,700,600,300,1300,900,100,3600,300,1600,1500,2400,2800,1000,1400,100,2000,600
28.0,10.68,24800,264216.0,10.67,10.66,10.65,10.62,10.61,10.6,10.58,10.56,10.55,10.52,10.68,10.69,10.7,10.71,10.72,10.73,10.74,10.75,10.78,10.79,100,3900,700,600,300,1300,900,100,3600,900,300,300,1600,6600,2400,2800,1000,1400,100,2000
29.0,10.68,25000,266351.0,10.66,10.65,10.62,10.61,10.6,10.58,10.56,10.55,10.52,10.51,10.68,10.7,10.71,10.72,10.73,10.74,10.75,10.78,10.79,10.8,3500,700,600,300,1300,900,100,3600,900,20700,600,1600,6600,2400,2800,1000,1400,100,2000,600
30.0,10.68,25000,266351.0,10.66,10.65,10.62,10.61,10.6,10.58,10.56,10.55,10.52,10.51,10.68,10.7,10.71,10.72,10.73,10.74,10.75,10.78,10.79,10.8,3500,700,600,300,1300,900,100,3600,900,20700,800,1600,6600,2400,2800,1000,1400,100,2000,600
31.0,10.66,25600,272747.0,10.66,10.65,10.62,10.61,10.6,10.58,10.56,10.55,10.52,10.51,10.68,10.7,10.71,10.72,10.73,10.74,10.75,10.78,10.79,10.8,2900,700,600,300,1300,900,100,3600,900,20700,800,1600,6600,2400,2800,1000,1400,100,2000,600
32.0,10.66,26100,278077.0,10.66,10.65,10.62,10.61,10.6,10.58,10.56,10.55,10.52,10.51,10.68,10.7,10.71,10.72,10.73,10.74,10.75,10.78,10.79,10.8,2400,700,600,300,1300,900,100,3600,900,20700,800,1600,6600,2400,2800,1000,1400,100,2000,600
33.0,10.66,26100,278077.0,10.65,10.62,10.61,10.6,10.58,10.56,10.55,10.52,10.51,10.5,10.68,10.7,10.71,10.72,10.73,10.74,10.75,10.78,10.79,10.8,1000,600,300,1200,900,100,3600,900,20700,1700,800,1600,6600,2400,2800,1000,1400,100,2000,600
34.0,10.65,26200,279142.0,10.65,10.62,10.61,10.6,10.58,10.56,10.55,10.52,10.51,10.5,10.68,10.7,10.71,10.72,10.73,10.74,10.75,10.78,10.79,10.8,900,600,300,1200,900,100,3600,900,20700,1700,800,1600,6600,2400,2800,1000,1400,100,2000,600
35.0,10.65,26200,279142.0,10.66,10.65,10.62,10.61,10.6,10.58,10.56,10.55,10.52,10.51,10.68,10.7,10.71,10.72,10.73,10.74,10.75,10.78,10.79,10.8,100,1100,600,300,600,900,100,3600,900,20700,800,1600,6600,200,2800,1000,1400,100,2000,600
36.0,10.65,26200,279142.0,10.66,10.65,10.62,10.6,10.58,10.56,10.55,10.52,10.51,10.5,10.67,10.68,10.7,10.71,10.72,10.73,10.74,10.75,10.78,10.79,100,1100,600,600,900,100,3600,900,20700,1700,1100,800,1600,6600,200,2800,1000,1400,100,2000
37.0,10.67,26500,282343.0,10.66,10.65,10.62,10.6,10.58,10.56,10.55,10.52,10.51,10.5,10.67,10.68,10.69,10.7,10.71,10.72,10.73,10.74,10.75,10.78,100,1100,600,600,900,100,3600,900,20700,1700,800,800,100,1600,6600,200,2800,1000,1400,100
38.0,10.67,26800,285544.0,10.66,10.65,10.62,10.6,10.58,10.56,10.55,10.52,10.51,10.5,10.67,10.68,10.69,10.7,10.71,10.72,10.73,10.74,10.75,10.78,300,500,600,600,900,100,3600,900,20700,1700,500,600,100,1600,6600,200,2800,1000,1400,100
39.0,10.65,27400,291937.0,10.62,10.6,10.58,10.56,10.55,10.52,10.51,10.5,10.48,10.45,10.65,10.66,10.67,10.68,10.69,10.71,10.72,10.73,10.74,10.75,1600,600,900,100,3600,900,20700,1700,1700,25600,200,900,500,600,100,6600,200,2800,1000,1400
40.0,10.65,27700,295129.0,10.63,10.62,10.6,10.58,10.56,10.55,10.52,10.51,10.5,10.48,10.65,10.67,10.68,10.69,10.71,10.72,10.73,10.74,10.75,10.78,800,1400,600,900,100,3600,900,20700,1700,1700,500,500,600,100,6600,200,2800,1000,1400,100
41.0,10.65,28200,300454.0,10.65,10.63,10.62,10.6,10.58,10.56,10.55,10.52,10.51,10.5,10.66,10.67,10.68,10.69,10.71,10.72,10.73,10.74,10.75,10.78,1100,700,1400,600,900,100,3600,900,20700,1700,200,500,600,100,6600,200,2800,1000,1400,100
42.0,10.65,28200,300454.0,10.65,10.63,10.62,10.6,10.58,10.56,10.55,10.52,10.51,10.5,10.66,10.67,10.68,10.69,10.7,10.71,10.72,10.73,10.74,10.75,1200,700,1400,600,900,100,3600,900,20700,1700,200,500,600,100,2300,6600,200,2800,1000,1400
43.0,10.65,28500,303649.0,10.65,10.63,10.62,10.6,10.58,10.56,10.55,10.52,10.51,10.5,10.66,10.67,10.68,10.69,10.7,10.71,10.72,10.73,10.74,10.75,900,700,1400,600,900,100,3600,900,20700,1700,200,500,400,100,2300,6600,200,2800,1000,1400
44.0,10.65,28500,303649.0,10.65,10.63,10.62,10.6,10.58,10.56,10.55,10.52,10.51,10.5,10.66,10.67,10.69,10.7,10.71,10.72,10.73,10.74,10.75,10.78,900,700,1400,600,900,100,3600,900,20700,1700,200,500,100,2300,6600,200,2800,1000,1400,100
45.0,10.65,28500,303649.0,10.65,10.63,10.62,10.6,10.58,10.56,10.55,10.52,10.51,10.5,10.66,10.67,10.7,10.71,10.72,10.73,10.74,10.75,10.78,10.79,900,700,1400,600,900,100,3600,900,20700,1700,200,500,2300,6600,200,2800,1000,1400,100,2000
46.0,10.65,28500,303649.0,10.65,10.63,10.62,10.6,10.58,10.56,10.55,10.52,10.51,10.5,10.66,10.67,10.7,10.71,10.72,10.73,10.74,10.75,10.78,10.79,900,700,1400,600,900,100,3600,900,20700,1700,200,500,2300,7100,200,2800,1000,1400,100,2000
47.0,10.65,28500,303649.0,10.65,10.63,10.62,10.6,10.58,10.56,10.55,10.52,10.51,10.5,10.66,10.67,10.7,10.71,10.72,10.73,10.74,10.75,10.78,10.79,900,700,1400,600,900,100,3600,900,20700,1700,400,500,2300,7100,200,2800,1000,1400,100,2500
48.0,10.65,28500,303649.0,10.65,10.63,10.62,10.6,10.58,10.56,10.55,10.52,10.51,10.5,10.66,10.67,10.7,10.71,10.72,10.73,10.74,10.75,10.78,10.79,1000,700,1400,600,900,100,3600,900,20700,1700,400,500,2300,7100,200,2800,1000,1400,100,2500
49.0,10.65,28700,305779.0,10.65,10.63,10.62,10.6,10.58,10.56,10.55,10.52,10.51,10.5,10.66,10.67,10.7,10.71,10.72,10.73,10.74,10.75,10.78,10.79,800,700,1400,600,900,100,3600,900,20700,1700,400,500,2300,7100,200,2800,1000,1400,100,2500
50.0,10.65,28700,305779.0,10.65,10.63,10.62,10.6,10.58,10.56,10.55,10.52,10.51,10.5,10.66,10.67,10.7,10.71,10.72,10.73,10.74,10.75,10.78,10.79,800,700,1300,600,900,100,3600,900,20700,1700,400,500,2300,7100,200,2800,1000,1400,100,2500
51.0,10.65,28700,305779.0,10.65,10.63,10.62,10.6,10.58,10.56,10.55,10.52,10.51,10.5,10.66,10.67,10.69,10.7,10.71,10.72,10.73,10.74,10.75,10.78,800,700,1300,600,900,100,3600,900,20700,1700,400,500,2200,2300,7100,200,2800,1000,1400,100
52.0,10.65,29400,313234.0,10.63,10.62,10.6,10.58,10.56,10.55,10.52,10.51,10.5,10.48,10.65,10.66,10.67,10.69,10.7,10.71,10.72,10.73,10.74,10.75,700,1300,600,900,100,3600,900,20700,1700,1700,200,400,500,2200,2300,7100,200,2800,1000,1400
53.0,10.65,29400,313234.0,10.63,10.62,10.6,10.58,10.56,10.55,10.52,10.51,10.5,10.48,10.65,10.66,10.67,10.69,10.7,10.71,10.72,10.73,10.74,10.75,400,1300,600,900,100,3600,900,20700,1700,1700,800,400,500,2200,2300,7100,200,2800,1000,1400
54.0,10.65,29400,313234.0,10.63,10.62,10.6,10.58,10.56,10.55,10.52,10.51,10.5,10.48,10.65,10.66,10.67,10.69,10.7,10.71,10.72,10.73,10.74,10.75,400,1300,600,900,100,3600,900,20700,1700,1700,800,400,500,2200,2300,7100,200,2800,1000,1400
55.0,10.65,29400,313234.0,10.63,10.62,10.6,10.58,10.56,10.55,10.52,10.51,10.5,10.48,10.65,10.66,10.67,10.69,10.7,10.71,10.72,10.73,10.74,10.75,400,1300,600,900,100,3600,900,20700,1700,1700,800,400,500,2200,2300,7100,200,2800,1000,1400
56.0,10.65,29400,313234.0,10.63,10.62,10.6,10.58,10.56,10.55,10.52,10.51,10.5,10.48,10.65,10.66,10.67,10.69,10.7,10.71,10.72,10.73,10.74,10.75,400,1300,600,900,100,3600,900,20700,1700,1700,800,400,500,2200,2300,7100,200,2800,1000,1400
57.0,10.65,29400,313234.0,10.63,10.62,10.6,10.58,10.56,10.55,10.52,10.51,10.5,10.48,10.65,10.66,10.67,10.69,10.7,10.71,10.72,10.73,10.74,10.75,400,1300,600,900,100,3600,900,20700,1700,1700,700,400,500,2200,2300,7100,200,2800,1000,1400
58.0,10.65,29400,313234.0,10.63,10.62,10.6,10.58,10.56,10.55,10.52,10.51,10.5,10.48,10.65,10.66,10.67,10.69,10.7,10.71,10.72,10.73,10.74,10.75,400,1300,600,900,100,3600,900,20700,1700,1700,700,400,500,2200,2300,7100,200,2800,1000,1400
59.0,10.65,29700,316429.0,10.63,10.62,10.6,10.58,10.56,10.55,10.52,10.51,10.5,10.48,10.65,10.66,10.67,10.69,10.7,10.71,10.72,10.73,10.74,10.75,100,1300,500,900,100,3600,900,20700,1700,1700,600,200,500,2200,2300,7100,200,2800,1000,1400
60.0,10.65,29700,316429.0,10.63,10.62,10.6,10.58,10.56,10.55,10.52,10.51,10.5,10.48,10.65,10.66,10.67,10.69,10.7,10.71,10.72,10.73,10.74,10.75,100,1300,500,900,100,3600,900,20700,1700,1700,600,200,500,2200,2300,7100,200,2800,1000,1400
61.0,10.65,29700,316429.0,10.63,10.62,10.6,10.58,10.56,10.55,10.52,10.51,10.5,10.48,10.65,10.66,10.67,10.69,10.7,10.71,10.72,10.73,10.74,10.75,100,1300,500,900,100,3600,900,20700,1700,1700,600,200,500,2200,2300,7100,200,2800,1000,1400
62.0,10.65,30200,321754.0,10.63,10.62,10.6,10.58,10.56,10.55,10.52,10.51,10.5,10.48,10.65,10.66,10.67,10.69,10.7,10.71,10.72,10.73,10.74,10.75,100,1300,400,900,100,3600,900,20700,1700,1700,100,200,500,2200,2300,7100,200,2800,1000,1400
63.0,10.65,30200,321754.0,10.63,10.62,10.6,10.58,10.56,10.55,10.52,10.51,10.5,10.48,10.65,10.66,10.67,10.69,10.7,10.71,10.72,10.73,10.74,10.75,100,1300,400,900,100,3600,900,20700,1700,1700,100,200,500,2200,2300,7100,200,2800,1000,1400
64.0,10.65,30200,321754.0,10.63,10.62,10.6,10.58,10.56,10.55,10.52,10.51,10.5,10.48,10.65,10.66,10.67,10.69,10.7,10.71,10.72,10.73,10.74,10.75,100,1300,400,900,100,3600,900,20700,1700,1700,100,200,500,2200,2300,7100,200,2800,1000,1400
65.0,10.65,30200,321754.0,10.63,10.62,10.6,10.58,10.56,10.55,10.52,10.51,10.5,10.48,10.65,10.66,10.67,10.69,10.7,10.71,10.72,10.73,10.74,10.75,100,1300,200,900,100,3600,900,20700,1700,1700,100,200,500,2200,2300,7100,200,2800,1000,1400
66.0,10.65,30200,321754.0,10.63,10.62,10.6,10.58,10.56,10.55,10.52,10.51,10.5,10.48,10.65,10.66,10.67,10.69,10.7,10.71,10.72,10.73,10.74,10.75,100,1300,200,900,100,3600,900,20700,1700,1700,100,200,500,2200,2300,7100,200,2800,1000,1400
67.0,10.65,30200,321754.0,10.63,10.62,10.6,10.58,10.56,10.55,10.52,10.51,10.5,10.48,10.65,10.66,10.67,10.69,10.7,10.71,10.72,10.73,10.74,10.75,100,1300,200,900,100,3600,900,20700,1700,1700,100,200,500,2200,2300,7100,200,2800,1000,1400
68.0,10.65,30200,321754.0,10.63,10.62,10.6,10.58,10.56,10.55,10.52,10.51,10.5,10.48,10.65,10.67,10.69,10.7,10.71,10.72,10.73,10.74,10.75,10.78,300,1300,100,900,100,3600,900,20700,1700,1700,600,500,2200,2300,7100,200,2800,1000,1400,100
69.0,10.65,30200,321754.0,10.63,10.62,10.6,10.58,10.56,10.55,10.52,10.51,10.5,10.48,10.65,10.67,10.69,10.7,10.71,10.72,10.73,10.74,10.75,10.78,300,1300,100,900,100,3600,900,20700,1700,1700,600,500,2200,2300,7100,200,2800,1000,1400,100
70.0,10.65,30200,321754.0,10.63,10.62,10.6,10.58,10.56,10.55,10.52,10.51,10.5,10.48,10.65,10.67,10.69,10.7,10.71,10.72,10.73,10.74,10.75,10.78,300,1300,100,900,100,3600,900,20700,1700,1700,600,500,2200,2300,7100,200,2800,1000,1400,100
71.0,10.65,30500,324949.0,10.63,10.62,10.6,10.58,10.56,10.55,10.52,10.51,10.5,10.48,10.65,10.66,10.67,10.69,10.7,10.71,10.72,10.73,10.74,10.75,300,1200,100,900,100,3600,900,20700,1700,1700,1200,600,500,2200,2300,7100,200,2800,1000,1400
72.0,10.65,30500,324949.0,10.63,10.62,10.6,10.58,10.56,10.55,10.52,10.51,10.5,10.48,10.65,10.66,10.67,10.69,10.7,10.71,10.72,10.73,10.74,10.75,200,1200,100,900,100,3600,900,20700,1700,1700,1200,600,500,2200,2300,7100,200,2800,1000,1400
73.0,10.65,30500,324949.0,10.63,10.62,10.6,10.58,10.56,10.55,10.52,10.51,10.5,10.48,10.65,10.66,10.67,10.69,10.7,10.71,10.72,10.73,10.74,10.75,300,1200,100,900,100,3600,900,20700,1700,1700,1200,600,500,2200,2300,7100,200,2800,1000,1400
74.0,10.65,30500,324949.0,10.63,10.62,10.6,10.58,10.56,10.55,10.52,10.51,10.5,10.48,10.65,10.66,10.67,10.69,10.7,10.71,10.72,10.73,10.74,10.75,200,500,100,900,100,3600,900,20700,1700,1700,1200,600,1500,2200,2300,7100,200,2800,1000,1400
75.0,10.65,30500,324949.0,10.63,10.62,10.6,10.58,10.56,10.55,10.52,10.51,10.5,10.48,10.65,10.66,10.67,10.69,10.7,10.71,10.72,10.73,10.74,10.75,200,500,100,900,100,3600,900,20700,1700,1700,1200,600,1500,2200,2300,7100,200,2800,1000,1400
76.0,10.6,31500,335562.0,10.6,10.58,10.56,10.55,10.52,10.51,10.5,10.48,10.45,10.42,10.64,10.65,10.67,10.69,10.7,10.71,10.72,10.73,10.74,10.75,2300,900,100,3600,900,20700,1700,1700,25600,1000,1000,1300,1500,2200,2300,7100,200,2800,1000,1400
77.0,10.6,31900,339802.0,10.6,10.56,10.55,10.52,10.51,10.5,10.48,10.45,10.42,10.4,10.64,10.65,10.67,10.69,10.7,10.71,10.72,10.73,10.74,10.75,1900,100,3600,900,20700,1700,1700,25600,1000,1300,1000,1300,1500,2200,2300,7100,200,2800,1000,1400
78.0,10.6,32000,340862.0,10.6,10.56,10.55,10.52,10.51,10.5,10.48,10.45,10.42,10.4,10.63,10.64,10.65,10.67,10.69,10.7,10.71,10.72,10.73,10.74,1800,100,3600,900,20700,1700,1700,25600,1000,1300,400,1000,1300,1500,2200,2300,7100,200,2800,1000
79.0,10.6,32000,340862.0,10.61,10.6,10.56,10.55,10.52,10.51,10.5,10.48,10.45,10.42,10.63,10.64,10.65,10.67,10.69,10.7,10.71,10.72,10.73,10.74,200,2700,100,3600,900,20700,1700,1700,25600,1000,400,800,1300,1500,2200,2300,7100,200,2800,1000
80.0,10.63,32400,345114.0,10.63,10.61,10.6,10.56,10.55,10.52,10.51,10.5,10.48,10.45,10.64,10.65,10.67,10.69,10.7,10.71,10.72,10.73,10.74,10.75,100,200,2700,100,3600,900,20700,1700,1700,25600,800,1300,1500,2200,2300,7100,200,2800,1000,1400
81.0,10.63,32400,345114.0,10.63,10.61,10.6,10.56,10.55,10.52,10.51,10.5,10.48,10.45,10.64,10.65,10.67,10.69,10.7,10.71,10.72,10.73,10.74,10.75,100,200,2700,100,3600,900,20700,1700,1700,25600,800,1300,1500,2200,2300,7100,200,2800,1000,1400
82.0,10.63,32400,345114.0,10.63,10.62,10.61,10.6,10.56,10.55,10.52,10.51,10.5,10.48,10.64,10.65,10.67,10.69,10.7,10.71,10.72,10.73,10.74,10.75,100,100,200,2700,100,3600,900,20700,1700,1700,800,1300,1500,2200,2300,7100,200,2800,1000,1400
83.0,10.64,32500,346178.0,10.63,10.62,10.61,10.6,10.56,10.55,10.52,10.51,10.5,10.48,10.64,10.65,10.67,10.69,10.7,10.71,10.72,10.73,10.74,10.75,100,100,200,2700,100,3600,900,20700,1700,1700,700,1300,1500,2200,2300,7100,200,2800,1000,1400
84.0,10.64,32600,347242.0,10.63,10.62,10.61,10.6,10.56,10.55,10.52,10.51,10.5,10.48,10.64,10.65,10.67,10.69,10.7,10.71,10.72,10.73,10.74,10.75,100,100,200,900,100,3600,900,20700,1700,1700,600,1300,1500,2200,2300,7100,200,2800,1000,1400
85.0,10.63,32700,348305.0,10.63,10.62,10.61,10.6,10.56,10.55,10.52,10.51,10.5,10.48,10.64,10.65,10.67,10.69,10.7,10.71,10.72,10.73,10.74,10.75,300,100,200,900,100,3600,900,20700,1700,1700,600,1200,1500,2200,2300,7100,200,2800,1000,1400
86.0,10.63,32700,348305.0,10.63,10.62,10.61,10.6,10.56,10.55,10.52,10.51,10.5,10.48,10.64,10.65,10.67,10.69,10.7,10.71,10.72,10.73,10.74,10.75,300,100,200,900,100,3600,900,20700,1700,1700,600,600,1500,2200,2300,7100,200,2800,1000,1400
87.0,10.63,32700,348305.0,10.63,10.62,10.61,10.6,10.56,10.55,10.52,10.51,10.5,10.48,10.64,10.65,10.67,10.69,10.7,10.71,10.72,10.73,10.74,10.75,300,100,200,900,100,3600,900,20700,1700,1700,600,600,1500,2200,2300,7100,200,2800,1000,1400
88.0,10.63,32700,348305.0,10.63,10.62,10.61,10.6,10.56,10.55,10.52,10.51,10.5,10.48,10.64,10.65,10.67,10.69,10.7,10.71,10.72,10.73,10.74,10.75,300,100,200,900,100,3600,900,20700,1700,1700,600,600,1500,2200,2300,7100,200,2800,1000,1400
89.0,10.63,32700,348305.0,10.63,10.61,10.6,10.56,10.55,10.52,10.51,10.5,10.48,10.45,10.65,10.67,10.69,10.7,10.71,10.72,10.73,10.74,10.75,10.78,300,200,900,100,3600,900,20700,1700,1700,25600,600,1500,2200,2300,7100,200,2800,1000,1400,100
90.0,10.63,32700,348305.0,10.64,10.63,10.61,10.6,10.56,10.55,10.52,10.51,10.5,10.48,10.65,10.67,10.69,10.7,10.71,10.72,10.73,10.74,10.75,10.78,100,300,200,900,100,3600,900,20700,1700,1700,600,1500,2200,2300,2000,200,2800,1000,1400,100
91.0,10.63,32700,348305.0,10.64,10.63,10.61,10.6,10.56,10.55,10.52,10.51,10.5,10.48,10.65,10.67,10.69,10.7,10.71,10.72,10.73,10.74,10.75,10.78,100,300,200,900,100,3600,900,20700,1700,1700,600,1500,2200,2300,2000,200,2800,1000,1400,100
92.0,10.63,32700,348305.0,10.64,10.63,10.61,10.6,10.56,10.55,10.52,10.51,10.5,10.48,10.65,10.67,10.69,10.7,10.71,10.72,10.73,10.74,10.75,10.78,100,300,200,900,100,3600,900,20700,1700,1700,600,1500,2200,2300,2000,200,2800,1000,1400,100
93.0,10.63,32700,348305.0,10.64,10.63,10.61,10.6,10.56,10.55,10.52,10.51,10.5,10.48,10.65,10.67,10.69,10.7,10.71,10.72,10.73,10.74,10.75,10.78,100,300,200,900,100,3600,900,20700,1700,1700,600,1500,2200,2300,2000,200,2800,1000,1400,100
94.0,10.63,32700,348305.0,10.64,10.63,10.61,10.6,10.56,10.55,10.52,10.51,10.5,10.48,10.65,10.67,10.69,10.7,10.71,10.72,10.73,10.74,10.75,10.78,100,300,200,900,100,3600,900,20700,1700,1700,600,1500,2200,2300,2000,200,2800,1000,1400,100
95.0,10.63,32700,348305.0,10.64,10.63,10.61,10.6,10.56,10.55,10.52,10.51,10.5,10.48,10.65,10.67,10.69,10.7,10.71,10.72,10.73,10.74,10.75,10.78,100,300,200,900,100,3600,900,20700,1700,1700,600,1500,2200,2300,2000,200,2800,1000,1400,100
96.0,10.63,32700,348305.0,10.64,10.63,10.61,10.6,10.56,10.55,10.52,10.51,10.5,10.48,10.65,10.67,10.69,10.7,10.71,10.72,10.73,10.74,10.75,10.78,100,300,200,900,100,3600,900,20700,1700,1700,600,1500,2200,2300,2000,200,2800,1000,1400,100
97.0,10.63,32700,348305.0,10.64,10.63,10.61,10.6,10.56,10.55,10.52,10.51,10.5,10.48,10.65,10.67,10.69,10.7,10.71,10.72,10.73,10.74,10.75,10.78,100,300,200,900,100,3600,900,20700,1700,1700,600,1500,2200,2300,2000,200,2800,1000,1400,100
98.0,10.64,32800,349369.0,10.63,10.61,10.6,10.56,10.55,10.52,10.51,10.5,10.48,10.45,10.64,10.65,10.67,10.68,10.69,10.7,10.71,10.72,10.73,10.74,300,200,900,100,3600,900,20700,1700,1700,25600,500,600,1500,5100,2200,2300,2000,200,2800,1000
99.0,10.64,32800,349369.0,10.63,10.61,10.6,10.56,10.55,10.52,10.51,10.5,10.48,10.45,10.64,10.65,10.67,10.68,10.69,10.7,10.71,10.72,10.73,10.74,300,200,900,100,3600,900,20700,1700,1700,25600,500,600,1500,5100,2200,2300,2000,200,2800,1000
100.0,10.64,32800,349369.0,10.63,10.61,10.6,10.56,10.55,10.52,10.51,10.5,10.48,10.45,10.64,10.65,10.67,10.68,10.69,10.7,10.71,10.72,10.73,10.74,300,200,900,100,3600,900,20700,1700,1700,25600,500,600,1500,5100,2200,2300,2000,200,2800,1000
101.0,10.63,33300,354686.0,10.61,10.6,10.56,10.55,10.52,10.51,10.5,10.48,10.45,10.42,10.64,10.65,10.67,10.68,10.69,10.7,10.71,10.72,10.73,10.74,200,900,100,3600,900,20700,1700,1700,25600,1000,300,600,1500,5100,2200,2300,2000,200,2800,1000
102.0,10.63,33300,354686.0,10.61,10.6,10.56,10.55,10.52,10.51,10.5,10.48,10.45,10.42,10.64,10.65,10.67,10.68,10.69,10.7,10.71,10.72,10.73,10.74,200,900,100,3600,900,20700,1700,1700,25600,1000,300,600,1500,5100,2200,2300,2000,200,2800,1000
103.0,10.63,33300,354686.0,10.61,10.6,10.56,10.55,10.52,10.51,10.5,10.48,10.45,10.42,10.64,10.65,10.67,10.68,10.69,10.7,10.71,10.72,10.73,10.74,200,900,100,3600,900,20700,1700,1700,25600,1000,300,600,1500,5100,2200,2300,2000,200,2800,1000
104.0,10.64,33600,357878.0,10.61,10.6,10.56,10.55,10.52,10.51,10.5,10.48,10.45,10.42,10.64,10.65,10.67,10.68,10.69,10.7,10.71,10.72,10.73,10.74,400,900,100,3600,900,20700,1700,1700,25600,1000,1700,600,1500,5100,2200,2300,2000,200,2800,1000
105.0,10.64,33600,357878.0,10.61,10.6,10.56,10.55,10.52,10.51,10.5,10.48,10.45,10.42,10.64,10.65,10.67,10.68,10.69,10.7,10.71,10.72,10.73,10.74,400,900,100,3600,900,20700,1700,1700,25600,1000,1700,600,1500,5100,2200,2300,2000,200,2800,1000
106.0,10.64,33800,360006.0,10.61,10.6,10.56,10.55,10.52,10.51,10.5,10.48,10.45,10.42,10.64,10.65,10.67,10.68,10.69,10.7,10.71,10.72,10.73,10.74,400,900,100,3600,900,20700,1700,1700,25600,1000,1500,600,1500,5100,2200,2300,2000,200,2800,1000
107.0,10.64,34200,364262.0,10.61,10.6,10.56,10.55,10.52,10.51,10.5,10.48,10.45,10.42,10.64,10.65,10.67,10.68,10.69,10.7,10.71,10.72,10.73,10.74,600,900,100,3600,900,20700,1700,1700,25600,1000,1100,600,1500,5100,2200,2300,2000,200,2800,1000
108.0,10.64,34300,365326.0,10.61,10.6,10.56,10.55,10.52,10.51,10.5,10.48,10.45,10.42,10.64,10.65,10.67,10.68,10.69,10.7,10.71,10.72,10.73,10.74,700,900,100,3600,900,20700,1700,1700,25600,1000,1000,600,1500,5100,2200,2300,2000,200,2800,1000
109.0,10.64,35800,381286.0,10.61,10.6,10.56,10.55,10.52,10.51,10.5,10.48,10.45,10.42,10.65,10.67,10.68,10.69,10.7,10.71,10.72,10.73,10.74,10.75,900,900,100,3600,900,20700,1700,1700,25600,1000,900,1500,5100,2200,2300,2000,200,2800,1000,1400
110.0,10.64,35900,382350.0,10.64,10.61,10.6,10.56,10.55,10.52,10.51,10.5,10.48,10.45,10.65,10.67,10.68,10.69,10.7,10.71,10.72,10.73,10.74,10.75,100,900,900,100,3600,900,20700,1700,1700,25600,900,1500,5100,2200,2300,2000,200,2800,1000,1400
111.0,10.61,36900,392963.0,10.6,10.56,10.55,10.52,10.51,10.5,10.48,10.45,10.42,10.4,10.61,10.65,10.67,10.68,10.69,10.7,10.71,10.72,10.73,10.74,900,100,3600,900,20700,1700,1700,25600,1000,1300,700,900,1500,5100,2200,2300,2000,200,2800,1000
112.0,10.61,37600,400390.0,10.62,10.61,10.6,10.56,10.55,10.52,10.51,10.5,10.48,10.45,10.64,10.65,10.67,10.68,10.69,10.7,10.71,10.72,10.73,10.74,100,900,900,100,3600,900,20700,1700,1700,25600,3700,900,1500,5100,2200,2300,2000,200,2800,1000
113.0,10.64,38000,404646.0,10.62,10.61,10.6,10.56,10.55,10.52,10.51,10.5,10.48,10.45,10.63,10.64,10.65,10.67,10.68,10.69,10.7,10.71,10.72,10.73,100,1800,900,100,3600,900,20700,1700,1700,25600,1300,3300,900,1500,5100,2200,2300,2000,200,2800
114.0,10.64,38000,404646.0,10.62,10.61,10.6,10.56,10.55,10.52,10.51,10.5,10.48,10.45,10.63,10.64,10.65,10.67,10.68,10.69,10.7,10.71,10.72,10.73,100,1800,900,100,3600,900,20700,1700,1700,25600,1300,3300,900,1500,5100,2200,2300,2000,200,2800
115.0,10.64,38000,404646.0,10.62,10.61,10.6,10.56,10.55,10.52,10.51,10.5,10.48,10.45,10.63,10.64,10.65,10.67,10.68,10.69,10.7,10.71,10.72,10.73,100,1800,900,100,3600,900,20700,1700,1700,25600,1300,3300,900,1500,5100,2200,2300,2000,200,2800
116.0,10.64,38000,404646.0,10.62,10.61,10.6,10.56,10.55,10.52,10.51,10.5,10.48,10.45,10.63,10.64,10.65,10.67,10.68,10.69,10.7,10.71,10.72,10.73,100,1000,900,100,3600,900,20700,1700,1700,25600,1300,3300,900,1500,5100,2200,2300,2000,200,2800
117.0,10.64,38000,404646.0,10.62,10.61,10.6,10.56,10.55,10.52,10.51,10.5,10.48,10.45,10.63,10.64,10.65,10.67,10.68,10.69,10.7,10.71,10.72,10.73,100,1200,900,100,3600,900,20700,1700,1700,25600,1300,3300,900,1500,5100,2200,2300,2000,200,2800
118.0,10.63,38100,405709.0,10.62,10.61,10.6,10.56,10.55,10.52,10.51,10.5,10.48,10.45,10.63,10.64,10.65,10.67,10.68,10.69,10.7,10.71,10.72,10.73,100,200,900,100,3600,900,20700,1700,1700,25600,1200,3300,900,1500,5100,2200,2300,2000,200,2800
119.0,10.63,38100,405709.0,10.62,10.61,10.6,10.56,10.55,10.52,10.51,10.5,10.48,10.45,10.63,10.64,10.65,10.67,10.68,10.69,10.7,10.71,10.72,10.73,100,200,900,100,3600,900,20700,1700,1700,25600,1200,3300,900,1500,5100,2200,2300,2000,200,2800
120.0,10.63,38100,405709.0,10.62,10.61,10.6,10.56,10.55,10.52,10.51,10.5,10.48,10.45,10.63,10.64,10.65,10.67,10.68,10.69,10.7,10.71,10.72,10.73,100,200,900,100,3600,900,20700,1700,1700,25600,1200,3300,900,1500,5100,2200,2300,2000,200,2800
121.0,10.61,38300,407832.0,10.61,10.6,10.56,10.55,10.52,10.51,10.5,10.48,10.45,10.42,10.63,10.64,10.65,10.67,10.68,10.69,10.7,10.71,10.72,10.73,300,900,100,3600,900,20700,1700,1700,25600,1000,1200,3300,900,1500,5100,2200,2300,2000,200,2800
122.0,10.61,38400,408893.0,10.6,10.56,10.55,10.52,10.51,10.5,10.48,10.45,10.42,10.4,10.62,10.63,10.64,10.65,10.67,10.68,10.69,10.7,10.71,10.72,900,100,3600,900,20700,1700,1700,25600,1000,1300,400,1600,3300,900,1500,5100,2200,2300,2000,200
123.0,10.61,38400,408893.0,10.6,10.56,10.55,10.52,10.51,10.5,10.48,10.45,10.42,10.4,10.62,10.63,10.64,10.65,10.67,10.68,10.7,10.71,10.72,10.73,300,100,3600,900,21800,1700,1700,25600,1000,1300,400,1600,3300,900,1500,5100,2300,2000,200,2800
124.0,10.61,38400,408893.0,10.6,10.56,10.55,10.52,10.51,10.5,10.48,10.45,10.42,10.4,10.62,10.63,10.64,10.65,10.67,10.68,10.7,10.71,10.72,10.73,300,100,3600,900,21800,1700,1700,25600,1000,1300,400,1600,3300,900,1500,5100,2300,2000,200,2800
125.0,10.6,38700,412073.0,10.56,10.55,10.52,10.51,10.5,10.48,10.45,10.42,10.4,10.34,10.6,10.62,10.63,10.64,10.65,10.67,10.68,10.7,10.71,10.72,1000,3600,900,21800,1700,1700,25600,1000,1300,500,2100,500,1600,3300,900,1500,5100,2300,2000,200
126.0,10.56,38900,414185.0,10.56,10.55,10.52,10.51,10.5,10.48,10.45,10.42,10.4,10.34,10.6,10.62,10.63,10.64,10.65,10.67,10.68,10.7,10.71,10.72,800,3600,900,21800,1700,1700,25600,1000,1300,500,2100,500,1600,3300,900,1500,5100,2300,2000,200
127.0,10.56,38900,414185.0,10.58,10.57,10.56,10.55,10.52,10.51,10.5,10.48,10.45,10.42,10.6,10.62,10.63,10.64,10.65,10.67,10.68,10.7,10.71,10.72,3000,6000,900,3600,900,21800,1700,1700,25600,1000,2200,500,1600,3300,900,1500,5100,2300,2000,200
128.0,10.6,40300,429025.0,10.58,10.57,10.56,10.55,10.52,10.51,10.5,10.48,10.45,10.42,10.6,10.62,10.63,10.64,10.65,10.67,10.68,10.7,10.71,10.72,3000,6000,900,3600,900,21800,1700,1700,25600,1000,800,500,1600,3300,900,1500,5100,2300,2000,200
129.0,10.58,40600,432199.0,10.58,10.57,10.56,10.55,10.52,10.51,10.5,10.48,10.45,10.42,10.6,10.62,10.63,10.64,10.65,10.67,10.68,10.7,10.71,10.72,2700,6000,900,3600,900,21800,1700,1700,25600,1000,800,500,1600,3300,900,1500,5100,2300,2000,200
130.0,10.6,41400,440679.0,10.6,10.58,10.57,10.56,10.55,10.52,10.51,10.5,10.48,10.45,10.62,10.63,10.64,10.65,10.67,10.68,10.7,10.71,10.72,10.73,1300,2700,6000,900,3600,900,21800,1700,1700,25600,500,1600,3300,900,1500,5100,2300,2000,200,2800
131.0,10.6,41400,440679.0,10.6,10.58,10.57,10.56,10.55,10.52,10.51,10.5,10.48,10.45,10.62,10.63,10.64,10.65,10.67,10.68,10.7,10.71,10.72,10.73,1300,2700,6000,900,3600,900,21800,1700,1700,25600,500,1600,3300,900,1500,5100,2300,2000,200,2800
132.0,10.6,41400,440679.0,10.6,10.58,10.57,10.56,10.55,10.52,10.51,10.5,10.48,10.45,10.62,10.63,10.64,10.65,10.67,10.68,10.7,10.71,10.72,10.73,1300,2700,6000,900,3600,900,21800,1700,1700,25600,500,1600,3300,900,1500,5100,2300,2000,200,2800
133.0,10.6,41600,442799.0,10.6,10.58,10.57,10.56,10.55,10.52,10.51,10.5,10.48,10.46,10.61,10.62,10.63,10.64,10.65,10.67,10.68,10.7,10.71,10.72,1100,2700,6000,900,3600,900,21800,1700,1700,2200,600,500,1600,3300,900,1500,5100,2300,2000,200
134.0,10.6,41800,444919.0,10.6,10.58,10.57,10.56,10.55,10.52,10.51,10.5,10.48,10.46,10.61,10.62,10.63,10.64,10.65,10.67,10.68,10.7,10.71,10.72,900,2700,6000,900,3600,900,21800,1700,1700,2200,600,500,1600,3300,900,1500,5100,2300,2000,200
135.0,10.6,41800,444919.0,10.6,10.58,10.57,10.56,10.55,10.52,10.51,10.5,10.48,10.46,10.61,10.62,10.63,10.64,10.65,10.67,10.68,10.7,10.71,10.72,900,2700,6000,900,3600,900,21800,1700,1700,2200,600,500,1600,3300,900,1500,5100,2300,2000,200
136.0,10.6,41800,444919.0,10.58,10.57,10.56,10.55,10.52,10.51,10.5,10.48,10.46,10.45,10.61,10.62,10.63,10.64,10.65,10.67,10.68,10.7,10.71,10.72,2700,6000,900,3600,900,21800,1700,1700,2200,25600,600,500,1600,3300,900,1500,5100,2300,2000,200
137.0,10.6,41800,444919.0,10.59,10.58,10.57,10.56,10.55,10.52,10.51,10.5,10.48,10.46,10.61,10.62,10.63,10.64,10.65,10.67,10.68,10.7,10.71,10.72,200,2700,6000,900,3600,900,21800,1700,1700,2200,900,500,1600,3300,600,1500,5100,2300,2000,200
138.0,10.6,41800,444919.0,10.59,10.58,10.57,10.56,10.55,10.52,10.51,10.5,10.48,10.46,10.61,10.62,10.63,10.64,10.65,10.67,10.68,10.7,10.71,10.72,200,2700,6000,900,3600,900,21800,1700,1700,2200,900,500,1600,3300,600,1500,5100,2300,2000,200
139.0,10.6,41800,444919.0,10.59,10.58,10.57,10.56,10.55,10.52,10.51,10.5,10.48,10.46,10.61,10.62,10.63,10.64,10.65,10.67,10.68,10.7,10.71,10.72,200,2700,6000,900,3600,900,21800,1700,1700,2200,900,500,1600,3300,600,1500,5100,2300,2000,200
140.0,10.6,41800,444919.0,10.59,10.58,10.57,10.56,10.55,10.52,10.51,10.5,10.48,10.46,10.61,10.62,10.63,10.64,10.65,10.67,10.68,10.7,10.71,10.72,200,2700,6000,900,3600,900,21800,1700,1700,2200,900,500,1600,3300,600,1500,5100,2300,2000,200
141.0,10.6,41800,444919.0,10.59,10.58,10.57,10.56,10.55,10.52,10.51,10.5,10.48,10.46,10.61,10.62,10.63,10.64,10.65,10.67,10.68,10.7,10.71,10.72,200,2700,6000,900,3600,900,21800,1700,1700,2200,900,500,1600,3300,600,1500,5100,2300,2000,200
142.0,10.6,41800,444919.0,10.59,10.58,10.57,10.56,10.55,10.52,10.51,10.5,10.48,10.46,10.61,10.62,10.63,10.64,10.65,10.67,10.68,10.7,10.71,10.72,200,2700,6000,900,3600,900,21800,1700,1700,2200,900,500,1600,3300,600,1500,5100,2300,2000,200
143.0,10.6,41800,444919.0,10.59,10.58,10.57,10.56,10.55,10.52,10.51,10.5,10.48,10.46,10.61,10.62,10.63,10.64,10.65,10.67,10.68,10.7,10.71,10.72,200,2700,6000,900,3600,900,21800,1700,1700,2200,900,500,1600,3300,600,1500,5100,2300,2000,200
144.0,10.6,41800,444919.0,10.59,10.58,10.57,10.56,10.55,10.52,10.51,10.5,10.48,10.46,10.61,10.62,10.63,10.64,10.65,10.67,10.68,10.7,10.71,10.72,200,2700,6000,900,3600,900,21800,1700,1700,2200,900,500,1600,3300,600,1500,5100,2300,2000,200
145.0,10.6,41800,444919.0,10.59,10.58,10.57,10.56,10.55,10.52,10.51,10.5,10.48,10.46,10.61,10.62,10.63,10.64,10.65,10.67,10.68,10.7,10.71,10.72,200,2700,6000,900,3600,900,21800,1700,1700,2200,900,500,1600,3300,600,1500,5100,2300,2000,200
146.0,10.6,41800,444919.0,10.59,10.58,10.57,10.56,10.55,10.52,10.51,10.5,10.48,10.46,10.61,10.62,10.63,10.64,10.65,10.67,10.68,10.7,10.71,10.72,200,2700,6000,900,3600,900,21800,1700,1700,2200,900,500,1600,3300,600,1500,5100,2300,2000,200
147.0,10.6,41800,444919.0,10.59,10.58,10.57,10.56,10.55,10.52,10.51,10.5,10.48,10.46,10.61,10.62,10.63,10.64,10.65,10.67,10.68,10.7,10.71,10.72,200,2700,6000,900,3600,900,21800,1700,1700,2200,900,500,1600,3300,600,1500,5100,2300,2000,200
148.0,10.6,41800,444919.0,10.59,10.58,10.57,10.56,10.55,10.52,10.51,10.5,10.48,10.46,10.61,10.62,10.63,10.64,10.65,10.67,10.68,10.7,10.71,10.72,200,2700,6000,900,3600,900,21800,1700,1700,2200,900,500,1600,3300,600,1500,5100,2300,2000,200
149.0,10.6,41800,444919.0,10.59,10.58,10.57,10.56,10.55,10.52,10.51,10.5,10.48,10.46,10.61,10.62,10.63,10.64,10.65,10.67,10.68,10.7,10.71,10.72,200,2700,6000,900,3600,900,21800,1700,1700,2200,900,500,1600,3300,600,1500,5100,2300,2000,200
150.0,10.6,41800,444919.0,10.59,10.58,10.57,10.56,10.55,10.52,10.51,10.5,10.48,10.46,10.61,10.62,10.63,10.64,10.65,10.67,10.68,10.7,10.71,10.72,200,2700,6000,900,3600,900,21800,1700,1700,2200,900,500,1600,3300,600,1500,5100,2300,2000,200
151.0,10.6,41800,444919.0,10.59,10.58,10.57,10.56,10.55,10.52,10.51,10.5,10.48,10.46,10.61,10.62,10.63,10.64,10.65,10.67,10.68,10.7,10.71,10.72,200,2700,6000,900,3600,900,21800,1700,1700,2200,900,500,1600,3300,600,1500,5100,2300,2000,200
152.0,10.6,41800,444919.0,10.59,10.58,10.57,10.56,10.55,10.52,10.51,10.5,10.48,10.46,10.61,10.62,10.63,10.64,10.65,10.67,10.68,10.7,10.71,10.72,200,2700,6000,900,3600,900,21800,1700,1700,2200,900,500,1600,3300,600,1500,5100,2300,2000,200
153.0,10.59,41900,445978.0,10.59,10.58,10.57,10.56,10.55,10.52,10.51,10.5,10.48,10.46,10.61,10.62,10.63,10.64,10.65,10.67,10.68,10.7,10.71,10.72,100,2700,6000,900,3600,900,21800,1700,1700,2200,900,500,1600,3300,600,1500,5100,2300,2000,200
154.0,10.59,41900,445978.0,10.59,10.58,10.57,10.56,10.55,10.52,10.51,10.5,10.48,10.46,10.61,10.62,10.63,10.64,10.65,10.67,10.68,10.7,10.71,10.72,100,2700,6000,900,3600,900,21800,1700,1700,2200,900,500,1600,3300,600,1500,5100,2300,2000,200
155.0,10.59,41900,445978.0,10.59,10.58,10.57,10.56,10.55,10.52,10.51,10.5,10.48,10.46,10.61,10.62,10.63,10.64,10.65,10.67,10.68,10.7,10.71,10.72,100,2700,6000,900,3600,900,21800,1700,1700,2200,900,500,1600,3300,600,1500,5100,2300,2000,200
156.0,10.59,41900,445978.0,10.59,10.58,10.57,10.56,10.55,10.52,10.51,10.5,10.48,10.46,10.61,10.62,10.63,10.64,10.65,10.67,10.68,10.7,10.71,10.72,100,2700,6000,900,3600,900,21800,1700,1700,2200,900,500,1600,3300,600,1500,5100,2300,2000,200
157.0,10.59,41900,445978.0,10.59,10.58,10.57,10.56,10.55,10.52,10.51,10.5,10.48,10.46,10.61,10.62,10.63,10.64,10.65,10.67,10.68,10.7,10.71,10.72,100,2700,6000,900,3600,900,21800,1700,1700,2200,900,500,1600,3300,600,1500,5100,2300,2000,200
158.0,10.59,41900,445978.0,10.59,10.58,10.57,10.56,10.55,10.52,10.51,10.5,10.48,10.46,10.61,10.62,10.63,10.64,10.65,10.67,10.68,10.7,10.71,10.72,100,2700,6000,900,3600,900,21800,1700,1700,2200,900,500,1600,3300,600,1500,5100,2300,2000,200
159.0,10.59,41900,445978.0,10.59,10.58,10.57,10.56,10.55,10.52,10.51,10.5,10.48,10.46,10.61,10.62,10.63,10.64,10.65,10.67,10.68,10.7,10.71,10.72,100,2700,6000,900,3600,900,21800,1700,1700,2200,900,500,1600,3300,600,1500,5100,2300,2000,200
160.0,10.59,41900,445978.0,10.59,10.58,10.57,10.56,10.55,10.52,10.51,10.5,10.48,10.46,10.61,10.62,10.63,10.64,10.65,10.67,10.68,10.7,10.71,10.72,100,2700,6000,900,3600,900,21800,1700,1700,2200,900,500,1600,3300,600,1500,5100,2300,2000,200
161.0,10.59,41900,445978.0,10.59,10.58,10.57,10.56,10.55,10.52,10.51,10.5,10.48,10.46,10.61,10.62,10.63,10.64,10.65,10.67,10.68,10.7,10.71,10.72,100,2700,6000,900,3600,900,21800,1700,1700,2200,900,500,1600,3300,600,1500,5100,2300,2000,200
162.0,10.59,41900,445978.0,10.59,10.58,10.57,10.56,10.55,10.52,10.51,10.5,10.48,10.46,10.61,10.62,10.63,10.64,10.65,10.67,10.68,10.7,10.71,10.72,100,2700,6000,900,3600,900,21800,1700,1700,2200,900,500,1600,3300,600,1500,5100,2300,2000,200
163.0,10.59,41900,445978.0,10.59,10.58,10.57,10.56,10.55,10.52,10.51,10.5,10.48,10.46,10.6,10.61,10.62,10.63,10.64,10.65,10.67,10.68,10.7,10.71,100,2700,6000,900,3600,900,21800,1700,1700,2200,100,900,500,1600,3300,600,1500,5100,2300,2000
164.0,10.61,42900,456587.0,10.59,10.58,10.57,10.56,10.55,10.52,10.51,10.5,10.48,10.46,10.61,10.62,10.63,10.64,10.65,10.67,10.68,10.7,10.71,10.72,100,2700,6000,900,3600,900,21800,1700,1700,2200,100,500,1600,3300,600,1500,5100,2300,2000,200
165.0,10.61,42900,456587.0,10.59,10.58,10.57,10.56,10.55,10.52,10.51,10.5,10.48,10.46,10.61,10.62,10.63,10.64,10.65,10.67,10.68,10.7,10.71,10.72,100,2700,6000,900,3600,900,21800,1700,1700,2200,100,500,1600,3300,600,1500,5100,2300,2000,200
166.0,10.61,42900,456587.0,10.59,10.58,10.57,10.56,10.55,10.52,10.51,10.5,10.48,10.46,10.61,10.62,10.63,10.64,10.65,10.67,10.68,10.7,10.71,10.72,100,2700,6000,900,3600,900,21800,1700,1700,2200,100,500,1600,3300,600,1500,5100,2300,2000,200
167.0,10.61,42900,456587.0,10.59,10.58,10.57,10.56,10.55,10.52,10.51,10.5,10.48,10.46,10.61,10.62,10.63,10.64,10.65,10.67,10.68,10.7,10.71,10.72,100,2700,6000,900,3600,900,21800,1700,1700,2200,100,500,1600,3300,600,1500,5100,2300,2000,200
168.0,10.58,43900,467168.0,10.58,10.57,10.56,10.55,10.52,10.51,10.5,10.48,10.46,10.45,10.61,10.62,10.63,10.64,10.65,10.67,10.68,10.7,10.71,10.72,1800,6000,900,3600,900,21800,1700,1700,2200,25600,700,500,1600,3300,600,1500,5100,2300,2000,200
169.0,10.58,46300,492556.0,10.57,10.56,10.55,10.52,10.51,10.5,10.48,10.46,10.45,10.42,10.58,10.6,10.61,10.62,10.63,10.64,10.65,10.67,10.68,10.7,5600,900,3600,900,21800,1700,1700,2200,25600,1000,300,600,700,500,1600,3300,600,1500,5100,2300
170.0,10.57,46800,497841.0,10.57,10.56,10.55,10.52,10.51,10.5,10.48,10.46,10.45,10.42,10.58,10.6,10.61,10.62,10.63,10.64,10.65,10.67,10.68,10.7,5100,900,3600,900,21800,1700,1700,2200,25600,1000,300,600,700,500,1600,3300,600,1500,5100,2300
171.0,10.57,48000,510525.0,10.57,10.56,10.55,10.52,10.51,10.5,10.48,10.46,10.45,10.42,10.58,10.6,10.61,10.62,10.63,10.64,10.65,10.67,10.68,10.7,3900,900,3600,900,21800,1700,1700,2200,25600,1000,300,600,700,500,1600,3300,600,1500,5100,2300
172.0,10.57,48000,510525.0,10.57,10.56,10.55,10.52,10.51,10.5,10.48,10.46,10.45,10.42,10.58,10.6,10.61,10.62,10.63,10.64,10.65,10.67,10.68,10.7,3900,900,3600,900,21800,1700,1700,2200,25600,1000,300,600,700,500,1600,3300,600,1500,5100,2300
173.0,10.58,48100,511583.0,10.57,10.56,10.55,10.52,10.51,10.5,10.48,10.46,10.45,10.42,10.58,10.6,10.61,10.62,10.63,10.64,10.65,10.67,10.68,10.7,3900,900,3600,900,21800,1700,1700,2200,25600,1000,200,600,700,500,1600,3300,600,1500,5100,2300
174.0,10.58,48100,511583.0,10.57,10.56,10.55,10.52,10.51,10.5,10.48,10.46,10.45,10.42,10.58,10.6,10.61,10.62,10.63,10.64,10.65,10.67,10.68,10.7,3900,900,3600,900,21800,1700,1700,2200,25600,1000,200,600,700,500,1600,3300,600,1500,5100,2300
175.0,10.58,48100,511583.0,10.57,10.56,10.55,10.52,10.51,10.5,10.48,10.46,10.45,10.42,10.58,10.6,10.61,10.62,10.63,10.64,10.65,10.67,10.68,10.7,3900,900,3600,900,21800,1700,1700,2200,25600,1000,200,600,700,500,1600,3300,600,1500,5100,2300
176.0,10.57,48200,512640.0,10.57,10.56,10.55,10.53,10.52,10.51,10.5,10.48,10.46,10.45,10.58,10.6,10.61,10.62,10.63,10.64,10.65,10.67,10.68,10.7,3800,900,3600,200,900,21800,1700,1700,2200,25600,200,1800,700,500,1600,3300,600,1500,5100,2300
177.0,10.57,48500,515811.0,10.57,10.56,10.55,10.53,10.52,10.51,10.5,10.48,10.46,10.45,10.58,10.6,10.61,10.62,10.63,10.64,10.65,10.67,10.68,10.7,3500,900,3600,200,900,21800,1700,1700,2200,25600,200,1800,700,500,1600,3300,600,1500,5100,2300
178.0,10.57,48500,515811.0,10.57,10.56,10.55,10.53,10.52,10.51,10.5,10.48,10.46,10.45,10.58,10.6,10.61,10.62,10.63,10.64,10.65,10.67,10.68,10.7,3500,900,3600,200,900,21800,1700,1700,2200,25600,200,1800,700,500,1600,3300,600,1500,5100,2300
179.0,10.58,48600,516869.0,10.57,10.56,10.55,10.53,10.52,10.51,10.5,10.48,10.46,10.45,10.58,10.59,10.6,10.61,10.62,10.63,10.64,10.65,10.67,10.68,3500,900,3600,200,900,21800,1700,1700,2200,25600,100,200,1800,600,500,1600,3300,600,1500,5100
180.0,10.58,48600,516869.0,10.57,10.56,10.55,10.53,10.52,10.51,10.5,10.48,10.46,10.45,10.58,10.59,10.6,10.61,10.62,10.63,10.64,10.65,10.67,10.68,3500,900,3600,200,900,21800,1700,1700,2200,25600,100,200,1800,600,500,400,3300,600,1500,5100
181.0,10.57,49300,524268.0,10.57,10.56,10.55,10.53,10.52,10.51,10.5,10.48,10.46,10.45,10.58,10.59,10.6,10.61,10.62,10.63,10.64,10.65,10.67,10.68,2800,900,3600,200,900,21800,1700,1700,2200,25600,100,200,1800,600,500,400,3300,600,1500,5100
182.0,10.58,49400,525326.0,10.57,10.56,10.55,10.53,10.52,10.51,10.5,10.48,10.46,10.45,10.59,10.6,10.61,10.62,10.63,10.64,10.65,10.67,10.68,10.7,2800,900,3600,200,900,21800,1700,1700,2200,25600,200,1800,600,500,400,3300,600,1500,5100,2300
183.0,10.58,49400,525326.0,10.57,10.56,10.55,10.53,10.52,10.51,10.5,10.48,10.46,10.45,10.59,10.6,10.61,10.62,10.63,10.64,10.65,10.67,10.68,10.7,2800,900,3600,200,900,21800,1700,1700,2200,25600,200,1800,600,500,400,3300,600,1500,5100,2300
184.0,10.57,49600,527440.0,10.57,10.56,10.55,10.53,10.52,10.51,10.5,10.48,10.46,10.45,10.59,10.6,10.61,10.62,10.63,10.64,10.65,10.67,10.68,10.7,2600,900,3600,200,900,21800,1700,1700,2200,25600,200,1800,600,500,400,3300,600,1500,5100,2300
185.0,10.57,49600,527440.0,10.57,10.56,10.55,10.53,10.52,10.51,10.5,10.48,10.46,10.45,10.59,10.6,10.61,10.62,10.63,10.64,10.65,10.67,10.68,10.7,2600,900,3600,200,900,21800,1700,1700,2200,25600,200,1800,600,500,400,3300,600,1500,5100,2300
186.0,10.57,49600,527440.0,10.57,10.56,10.55,10.53,10.52,10.51,10.5,10.48,10.46,10.45,10.59,10.6,10.61,10.62,10.63,10.64,10.65,10.67,10.68,10.7,2600,900,3600,200,900,21800,1700,1700,2200,25600,200,1800,600,500,400,3300,600,1500,5100,2300
187.0,10.57,49600,527440.0,10.57,10.56,10.55,10.53,10.52,10.51,10.5,10.48,10.46,10.45,10.59,10.6,10.61,10.62,10.63,10.64,10.65,10.67,10.68,10.7,2600,900,3600,200,900,21800,1700,1700,2200,25600,200,1800,600,500,400,3300,600,1500,5100,2300
188.0,10.57,49600,527440.0,10.57,10.56,10.55,10.53,10.52,10.51,10.5,10.48,10.46,10.45,10.59,10.6,10.61,10.62,10.63,10.64,10.65,10.67,10.68,10.7,2600,900,3600,200,900,21800,1700,1700,2200,25600,200,1800,600,500,400,3300,600,1500,5100,2300
189.0,10.57,49600,527440.0,10.57,10.56,10.55,10.53,10.52,10.51,10.5,10.48,10.46,10.45,10.59,10.6,10.61,10.62,10.63,10.64,10.65,10.67,10.68,10.7,2600,900,3600,200,900,21800,1700,1700,2200,25600,200,1800,600,500,400,3300,600,1500,5100,2300
190.0,10.57,49600,527440.0,10.57,10.56,10.55,10.53,10.52,10.51,10.5,10.48,10.46,10.45,10.59,10.6,10.61,10.62,10.63,10.64,10.65,10.67,10.68,10.7,2600,900,3600,200,900,21800,1700,1700,2200,25600,200,1800,600,500,400,3300,600,1500,5100,2300
191.0,10.57,49600,527440.0,10.57,10.56,10.55,10.53,10.52,10.51,10.5,10.48,10.46,10.45,10.59,10.6,10.61,10.62,10.63,10.64,10.65,10.67,10.68,10.7,2600,900,3600,200,900,21800,1700,1700,2200,25600,200,1000,600,500,400,3300,600,1500,5100,2300
192.0,10.57,49800,529554.0,10.57,10.56,10.55,10.53,10.52,10.51,10.5,10.48,10.46,10.45,10.58,10.59,10.6,10.61,10.62,10.63,10.64,10.65,10.67,10.68,2400,900,3600,200,900,21800,1700,1700,2200,25600,100,300,1000,600,500,400,3300,600,1500,5100
193.0,10.57,50200,533782.0,10.57,10.56,10.55,10.53,10.52,10.51,10.5,10.48,10.46,10.45,10.58,10.59,10.6,10.61,10.62,10.63,10.64,10.65,10.67,10.68,2000,900,3600,200,900,21800,1700,1700,2200,25600,400,300,1000,600,500,400,3300,600,1500,5100
194.0,10.57,50200,533782.0,10.57,10.56,10.55,10.53,10.52,10.51,10.5,10.48,10.46,10.45,10.58,10.59,10.6,10.61,10.62,10.63,10.64,10.65,10.67,10.68,2000,900,3600,200,900,21800,1700,1700,2200,25600,500,200,1000,600,400,400,3300,600,1500,5100
195.0,10.57,50200,533782.0,10.57,10.56,10.55,10.53,10.52,10.51,10.5,10.48,10.46,10.45,10.58,10.59,10.6,10.61,10.62,10.63,10.64,10.65,10.67,10.68,2000,900,3600,200,900,21800,1700,1700,2200,25600,500,200,1000,600,400,400,3300,600,1500,5100
196.0,10.57,50200,533782.0,10.57,10.56,10.55,10.53,10.52,10.51,10.5,10.48,10.46,10.45,10.58,10.59,10.6,10.61,10.62,10.63,10.64,10.65,10.67,10.68,2000,900,3600,200,900,21800,1700,1700,2200,25600,500,200,1000,600,400,400,3300,600,1500,5100
197.0,10.57,50400,535896.0,10.57,10.56,10.55,10.53,10.52,10.51,10.5,10.48,10.46,10.45,10.58,10.59,10.6,10.61,10.62,10.63,10.64,10.65,10.67,10.68,1800,300,3600,200,900,21800,1700,1700,2200,25600,1000,300,600,600,400,400,3300,600,1500,5100
198.0,10.57,50500,536953.0,10.57,10.56,10.55,10.53,10.52,10.51,10.5,10.48,10.46,10.45,10.58,10.59,10.6,10.61,10.62,10.63,10.64,10.65,10.66,10.67,1700,100,3600,200,900,21800,1700,1700,2200,25600,1000,300,600,600,400,400,3300,600,4900,1500
199.0,10.58,50700,539068.0,10.57,10.56,10.55,10.53,10.52,10.51,10.5,10.48,10.46,10.45,10.58,10.59,10.6,10.61,10.62,10.63,10.64,10.65,10.66,10.67,1600,100,3600,200,900,21800,1700,1700,2200,25600,900,400,600,600,400,400,3300,600,4900,1500
200.0,10.58,50700,539068.0,10.57,10.56,10.55,10.53,10.52,10.51,10.5,10.48,10.46,10.45,10.58,10.59,10.6,10.61,10.62,10.63,10.64,10.65,10.66,10.67,1600,100,3600,200,900,21800,1700,1700,2200,25600,900,400,600,600,400,400,3300,600,4900,1500
201.0,10.58,50700,539068.0,10.57,10.56,10.55,10.53,10.52,10.51,10.5,10.48,10.46,10.45,10.58,10.59,10.6,10.61,10.62,10.63,10.64,10.65,10.66,10.67,1600,100,3600,200,900,21800,1700,1700,2200,25600,900,500,600,600,400,400,3300,600,4900,1500
202.0,10.58,50700,539068.0,10.57,10.56,10.55,10.53,10.52,10.51,10.5,10.48,10.46,10.45,10.58,10.59,10.6,10.61,10.62,10.63,10.64,10.65,10.66,10.67,1600,100,3600,200,900,21800,1700,1700,2200,25600,900,500,600,600,400,400,3300,600,4900,1500
203.0,10.58,50700,539068.0,10.57,10.56,10.55,10.53,10.52,10.51,10.5,10.48,10.46,10.45,10.58,10.59,10.6,10.61,10.62,10.63,10.64,10.65,10.66,10.67,1600,100,3600,200,900,21800,1700,1700,2200,25600,900,500,600,600,400,400,3300,600,4900,1500
204.0,10.58,50700,539068.0,10.57,10.56,10.55,10.53,10.52,10.51,10.5,10.48,10.46,10.45,10.58,10.59,10.6,10.61,10.62,10.63,10.64,10.65,10.66,10.67,1600,100,3600,200,900,21800,1700,1700,2200,25600,900,500,600,600,400,400,3300,600,4900,1500
205.0,10.58,50700,539068.0,10.57,10.56,10.55,10.53,10.52,10.51,10.5,10.48,10.46,10.45,10.58,10.59,10.6,10.61,10.62,10.63,10.64,10.65,10.66,10.67,1600,100,3600,200,900,21800,1700,1700,2200,25600,900,500,600,600,400,400,3300,600,4900,1500
206.0,10.57,50800,540125.0,10.57,10.56,10.55,10.53,10.52,10.51,10.5,10.48,10.46,10.45,10.58,10.59,10.6,10.61,10.62,10.63,10.64,10.65,10.66,10.67,1500,100,3600,200,900,21800,1700,1700,2200,25600,900,500,600,600,400,400,3300,600,4900,1500
207.0,10.57,51300,545410.0,10.57,10.56,10.55,10.53,10.52,10.51,10.5,10.48,10.46,10.45,10.58,10.59,10.6,10.61,10.62,10.63,10.64,10.65,10.66,10.67,1000,100,3600,200,900,21800,1700,1700,2200,25600,900,400,600,600,400,400,3300,600,4900,1500
208.0,10.57,51300,545410.0,10.57,10.56,10.55,10.53,10.52,10.51,10.5,10.48,10.46,10.45,10.58,10.59,10.6,10.61,10.62,10.63,10.64,10.65,10.66,10.67,1000,100,3600,200,900,21800,1700,1700,2200,25600,900,400,600,600,400,400,3300,600,4900,1500
209.0,10.57,51300,545410.0,10.57,10.56,10.55,10.53,10.52,10.51,10.5,10.48,10.46,10.45,10.58,10.59,10.6,10.61,10.62,10.63,10.64,10.65,10.66,10.67,1000,100,3600,200,900,21800,1700,1700,2200,25600,900,400,600,600,400,400,3300,600,4900,1500
210.0,10.57,51300,545410.0,10.57,10.56,10.55,10.53,10.52,10.51,10.5,10.48,10.46,10.45,10.58,10.59,10.6,10.61,10.62,10.63,10.64,10.65,10.66,10.67,1000,100,3600,200,900,21800,1700,1700,2200,25600,900,400,600,600,400,400,3300,600,4900,1500
211.0,10.57,51300,545410.0,10.57,10.56,10.55,10.53,10.52,10.51,10.5,10.48,10.46,10.45,10.58,10.59,10.6,10.61,10.62,10.63,10.64,10.65,10.66,10.67,1000,100,3600,200,900,21800,1700,1700,2200,25600,900,400,5700,600,400,400,3300,600,4900,1500
212.0,10.57,52300,555980.0,10.56,10.55,10.53,10.52,10.51,10.5,10.48,10.46,10.45,10.42,10.57,10.58,10.59,10.6,10.61,10.62,10.63,10.64,10.65,10.66,100,3600,200,900,21800,1700,1700,2200,25600,1000,3000,900,600,5700,600,400,400,3300,600,4900
213.0,10.57,52300,555980.0,10.56,10.55,10.53,10.52,10.51,10.5,10.48,10.46,10.45,10.42,10.57,10.58,10.59,10.6,10.61,10.62,10.63,10.64,10.65,10.66,100,3600,200,900,21800,1700,1700,2200,25600,1000,3000,1000,600,5700,600,400,400,3300,600,4900
214.0,10.55,52700,560201.0,10.55,10.53,10.52,10.51,10.5,10.48,10.46,10.45,10.42,10.41,10.57,10.58,10.59,10.6,10.61,10.62,10.63,10.64,10.65,10.66,3300,200,900,21800,1700,1700,2200,25600,1000,1400,4200,200,600,5700,600,400,400,3300,600,4900
215.0,10.57,53100,564429.0,10.55,10.53,10.52,10.51,10.5,10.48,10.46,10.45,10.42,10.41,10.56,10.57,10.58,10.59,10.6,10.61,10.62,10.63,10.64,10.65,3300,200,900,21800,1700,1700,2200,25600,1000,1400,300,3800,200,600,5700,600,400,400,3300,600
216.0,10.57,53100,564429.0,10.55,10.53,10.52,10.51,10.5,10.48,10.46,10.45,10.42,10.41,10.56,10.57,10.58,10.59,10.6,10.61,10.62,10.63,10.64,10.65,3300,200,900,21800,1700,1700,2200,25600,1000,1400,300,3800,200,600,5700,600,400,400,3300,600
217.0,10.56,53200,565485.0,10.55,10.53,10.52,10.51,10.5,10.48,10.46,10.45,10.42,10.41,10.56,10.57,10.58,10.59,10.6,10.61,10.62,10.63,10.64,10.65,3300,200,900,21800,1700,1700,2200,25600,1000,1400,200,3800,200,600,5700,600,400,400,3300,600
218.0,10.56,53200,565485.0,10.55,10.53,10.52,10.51,10.5,10.48,10.46,10.45,10.42,10.41,10.56,10.57,10.58,10.59,10.6,10.61,10.62,10.63,10.64,10.65,3300,200,2300,21800,1700,1700,2200,25600,1000,1400,200,3800,200,600,5700,600,400,400,3300,600
219.0,10.56,53200,565485.0,10.55,10.53,10.52,10.51,10.5,10.48,10.46,10.45,10.42,10.41,10.56,10.57,10.58,10.59,10.6,10.61,10.62,10.63,10.64,10.65,3300,200,2300,21800,1700,1700,2200,25600,1000,1400,200,3800,200,600,5700,600,400,400,3300,600
220.0,10.56,53200,565485.0,10.55,10.53,10.52,10.51,10.5,10.48,10.46,10.45,10.42,10.41,10.56,10.57,10.58,10.59,10.6,10.61,10.62,10.63,10.64,10.65,3300,200,2300,21800,1700,1700,2200,25600,1000,1400,200,3800,200,600,5700,600,400,400,3300,600
221.0,10.56,53700,570762.0,10.56,10.55,10.53,10.52,10.51,10.5,10.48,10.46,10.45,10.42,10.57,10.58,10.59,10.6,10.61,10.62,10.63,10.64,10.65,10.66,800,3000,200,2300,21800,1700,1700,2200,25600,1000,3800,200,600,5700,600,400,400,3300,600,4900
222.0,10.57,54000,573933.0,10.56,10.55,10.53,10.52,10.51,10.5,10.48,10.46,10.45,10.42,10.57,10.58,10.59,10.6,10.61,10.62,10.63,10.64,10.65,10.66,800,3000,200,2300,21800,1700,1700,2200,25600,1000,3500,200,600,5700,600,400,400,3300,600,4900
223.0,10.57,54000,573933.0,10.56,10.55,10.53,10.52,10.51,10.5,10.48,10.46,10.45,10.42,10.57,10.58,10.59,10.6,10.61,10.62,10.63,10.64,10.65,10.66,800,3000,200,2300,21800,1700,1700,2200,25600,1000,3500,200,600,5700,600,400,400,3300,600,4900
224.0,10.57,54000,573933.0,10.56,10.55,10.53,10.52,10.51,10.5,10.48,10.46,10.45,10.42,10.57,10.58,10.59,10.6,10.61,10.62,10.63,10.64,10.65,10.66,800,3000,200,2300,21800,1700,1700,2200,25600,1000,3100,200,600,5700,600,400,400,3300,600,4900
225.0,10.57,54300,577104.0,10.56,10.55,10.53,10.52,10.51,10.5,10.48,10.46,10.45,10.42,10.57,10.58,10.59,10.6,10.61,10.62,10.63,10.64,10.65,10.66,800,3000,200,2300,21800,1700,1700,2200,25600,1000,2800,200,600,5700,600,400,400,3300,600,4900
226.0,10.57,54300,577104.0,10.56,10.55,10.53,10.52,10.51,10.5,10.48,10.46,10.45,10.42,10.57,10.58,10.59,10.6,10.61,10.62,10.63,10.64,10.65,10.66,800,3000,200,2300,21800,1700,1700,2200,25600,1000,2800,200,600,5700,600,400,400,3300,600,4900
227.0,10.57,54300,577104.0,10.56,10.55,10.53,10.52,10.51,10.5,10.48,10.46,10.45,10.42,10.57,10.58,10.59,10.6,10.61,10.62,10.63,10.64,10.65,10.66,100,3000,200,2300,21800,1700,1700,2200,25600,1000,2800,200,600,5700,600,400,400,3300,600,4900
228.0,10.57,54800,582389.0,10.56,10.55,10.53,10.52,10.51,10.5,10.48,10.46,10.45,10.42,10.57,10.58,10.59,10.6,10.61,10.62,10.63,10.64,10.65,10.66,800,3100,200,2300,21800,1700,1700,2200,25600,1000,2300,200,600,5700,600,400,400,3300,600,4900
229.0,10.57,55000,584503.0,10.56,10.55,10.53,10.52,10.51,10.5,10.48,10.46,10.45,10.42,10.57,10.58,10.59,10.6,10.61,10.62,10.63,10.64,10.65,10.66,800,3100,200,2300,21800,1700,1700,2200,25600,1000,2100,200,600,5700,600,400,400,3300,600,4900
230.0,10.57,55100,585560.0,10.56,10.55,10.53,10.52,10.51,10.5,10.48,10.46,10.45,10.42,10.57,10.58,10.59,10.6,10.61,10.62,10.63,10.64,10.65,10.66,800,3100,200,2300,21800,1700,1700,2200,25600,1000,2000,200,600,5700,600,400,400,3300,600,4900
231.0,10.57,55100,585560.0,10.56,10.55,10.53,10.52,10.51,10.5,10.48,10.46,10.45,10.42,10.57,10.58,10.59,10.6,10.61,10.62,10.63,10.64,10.65,10.66,800,3100,200,2300,21800,1700,1700,2200,25600,1000,2000,200,600,5700,600,400,400,3300,600,4900
232.0,10.57,55300,587674.0,10.56,10.55,10.53,10.52,10.51,10.5,10.48,10.46,10.45,10.42,10.57,10.58,10.59,10.6,10.61,10.62,10.63,10.64,10.65,10.66,800,3100,200,2300,21800,1700,1700,2200,25600,1000,1800,200,600,5700,600,400,400,3300,600,4900
233.0,10.57,55300,587674.0,10.56,10.55,10.53,10.52,10.51,10.5,10.48,10.46,10.45,10.42,10.57,10.58,10.59,10.6,10.61,10.62,10.63,10.64,10.65,10.66,800,3100,200,2300,21800,1700,1700,2200,25600,1000,1800,200,600,5700,600,400,400,3300,600,4900
234.0,10.57,55300,587674.0,10.56,10.55,10.53,10.52,10.51,10.5,10.48,10.46,10.45,10.42,10.57,10.58,10.59,10.6,10.61,10.62,10.63,10.64,10.65,10.66,800,3100,200,2300,21800,1700,1700,2200,25600,1000,1800,200,600,5700,600,400,400,3300,600,4900
235.0,10.57,55300,587674.0,10.56,10.55,10.53,10.52,10.51,10.5,10.48,10.46,10.45,10.42,10.57,10.58,10.59,10.6,10.61,10.62,10.63,10.64,10.65,10.66,800,3100,200,2300,21800,1700,1700,2200,25600,1000,1800,200,600,5700,600,400,400,3300,600,4900
236.0,10.57,55400,588731.0,10.56,10.55,10.53,10.52,10.51,10.5,10.48,10.46,10.45,10.42,10.57,10.58,10.59,10.6,10.61,10.62,10.63,10.64,10.65,10.66,800,3100,200,2300,21800,1700,1700,2200,25600,1000,1700,200,600,5700,600,400,400,3300,600,4900
237.0,10.57,55400,588731.0,10.56,10.55,10.53,10.52,10.51,10.5,10.48,10.46,10.45,10.42,10.57,10.58,10.59,10.6,10.61,10.62,10.63,10.64,10.65,10.66,800,3100,200,2300,21800,1700,1700,2200,25600,1000,1700,200,600,5700,600,400,400,3300,600,4900
238.0,10.57,55400,588731.0,10.56,10.55,10.53,10.52,10.51,10.5,10.48,10.46,10.45,10.42,10.57,10.58,10.59,10.6,10.61,10.62,10.63,10.64,10.65,10.66,800,3100,200,2300,21800,1700,1700,2200,25600,1000,1700,200,600,5700,600,400,400,3300,600,4900
239.0,10.57,55500,589788.0,10.56,10.55,10.53,10.52,10.51,10.5,10.48,10.46,10.45,10.42,10.57,10.58,10.59,10.6,10.61,10.62,10.63,10.64,10.65,10.66,800,3100,200,2300,21800,1700,1700,2200,25600,1000,1600,200,600,5700,600,400,400,3300,600,4900
240.0,10.57,55800,592959.0,10.56,10.55,10.53,10.52,10.51,10.5,10.48,10.46,10.45,10.42,10.57,10.58,10.59,10.6,10.61,10.62,10.63,10.64,10.65,10.66,800,3100,200,2300,21800,1700,1700,2200,25600,1000,1300,200,600,5700,600,400,400,3300,600,4900
241.0,10.57,55800,592959.0,10.56,10.55,10.53,10.52,10.51,10.5,10.48,10.46,10.45,10.42,10.57,10.58,10.59,10.6,10.61,10.62,10.63,10.64,10.65,10.66,800,3100,200,2300,21800,1700,1700,2200,25600,1000,1300,200,600,5700,600,400,400,3300,600,4900
242.0,10.57,55800,592959.0,10.56,10.55,10.53,10.52,10.51,10.5,10.48,10.46,10.45,10.42,10.57,10.58,10.59,10.6,10.61,10.62,10.63,10.64,10.65,10.66,800,3100,200,2300,21800,1700,1700,2200,25600,1000,1300,200,600,5700,600,400,400,3300,600,4900
243.0,10.57,55900,594016.0,10.56,10.55,10.53,10.52,10.51,10.5,10.48,10.46,10.45,10.42,10.57,10.58,10.59,10.6,10.61,10.62,10.63,10.64,10.65,10.66,2100,3100,200,2300,21800,1900,1700,2200,25600,1000,1200,200,600,5700,600,400,400,3300,600,4900
244.0,10.57,55900,594016.0,10.56,10.55,10.53,10.52,10.51,10.5,10.48,10.46,10.45,10.42,10.57,10.58,10.59,10.6,10.61,10.62,10.63,10.64,10.65,10.66,2100,3100,200,2300,21800,1900,1700,2200,25600,1000,500,100,600,5700,600,400,400,3300,600,4900
245.0,10.57,55900,594016.0,10.56,10.55,10.53,10.52,10.51,10.5,10.48,10.46,10.45,10.42,10.57,10.58,10.59,10.6,10.61,10.62,10.63,10.64,10.65,10.66,2600,3100,200,2300,21800,1900,1700,2200,25600,1000,500,100,600,5700,600,400,400,3300,600,4900
246.0,10.57,56100,596130.0,10.56,10.55,10.53,10.52,10.51,10.5,10.48,10.46,10.45,10.42,10.57,10.58,10.59,10.6,10.61,10.62,10.63,10.64,10.65,10.66,2600,3100,200,2300,21800,1900,1700,2200,25600,1000,300,600,700,5700,600,400,400,3300,600,4900
247.0,10.57,56100,596130.0,10.56,10.55,10.53,10.52,10.51,10.5,10.48,10.46,10.45,10.42,10.57,10.58,10.59,10.6,10.61,10.62,10.63,10.64,10.65,10.66,2600,3100,200,2300,21800,1900,1700,2200,25600,1000,300,600,700,5700,600,400,400,3300,600,4900
248.0,10.57,56100,596130.0,10.56,10.55,10.53,10.52,10.51,10.5,10.48,10.46,10.45,10.42,10.57,10.58,10.59,10.6,10.61,10.62,10.63,10.64,10.65,10.66,2600,3100,200,2300,21800,1900,1700,2200,25600,1000,300,600,700,5700,600,400,400,3300,600,4900
249.0,10.57,56100,596130.0,10.56,10.55,10.53,10.52,10.51,10.5,10.48,10.46,10.45,10.42,10.57,10.58,10.59,10.6,10.61,10.62,10.63,10.64,10.65,10.66,2600,3100,200,2300,21800,1900,1700,2200,25600,1000,300,600,700,5700,600,400,400,3300,600,4900
250.0,10.57,56100,596130.0,10.56,10.55,10.53,10.52,10.51,10.5,10.48,10.46,10.45,10.42,10.57,10.58,10.59,10.6,10.61,10.62,10.63,10.64,10.65,10.66,2600,3100,200,2300,21800,1900,1700,2200,25600,1000,300,600,700,5700,600,400,400,3300,600,4900
251.0,10.57,56500,600356.0,10.56,10.55,10.53,10.52,10.51,10.5,10.48,10.46,10.45,10.42,10.57,10.58,10.59,10.6,10.61,10.62,10.63,10.64,10.65,10.66,2200,3100,200,2300,21800,1900,1700,2200,25600,1000,600,600,700,5700,600,400,400,3300,600,4900
252.0,10.57,56600,601413.0,10.56,10.55,10.53,10.52,10.51,10.5,10.48,10.46,10.45,10.42,10.57,10.58,10.59,10.6,10.61,10.62,10.63,10.64,10.65,10.66,2200,3100,200,2300,21800,1900,1700,2200,25600,1000,500,600,700,5700,600,400,400,3300,600,4900
253.0,10.57,56600,601413.0,10.56,10.55,10.53,10.52,10.51,10.5,10.48,10.46,10.45,10.42,10.57,10.58,10.59,10.6,10.61,10.62,10.63,10.64,10.65,10.66,2200,3100,200,2300,21800,1900,1700,2200,25600,1000,500,600,700,5700,600,400,400,3300,600,4900
254.0,10.57,56600,601413.0,10.56,10.55,10.53,10.52,10.51,10.5,10.48,10.46,10.45,10.42,10.57,10.58,10.59,10.6,10.61,10.62,10.63,10.64,10.65,10.66,2100,3100,200,2300,21800,1900,1700,2200,25600,1000,1700,600,700,5700,600,400,400,3300,600,4900
255.0,10.57,56600,601413.0,10.56,10.55,10.53,10.52,10.51,10.5,10.48,10.46,10.45,10.42,10.57,10.58,10.59,10.6,10.61,10.62,10.63,10.64,10.65,10.66,2100,3100,200,2300,21800,1900,1700,2200,25600,1000,1700,600,700,5700,600,400,400,3300,600,4900
256.0,10.57,56600,601413.0,10.56,10.55,10.53,10.52,10.51,10.5,10.48,10.46,10.45,10.42,10.57,10.58,10.59,10.6,10.61,10.62,10.63,10.64,10.65,10.66,2100,3100,200,2300,21800,1900,1700,2200,25600,1000,1700,600,700,5700,600,400,400,3300,600,4900
257.0,10.57,56700,602470.0,10.56,10.55,10.53,10.52,10.51,10.5,10.48,10.46,10.45,10.42,10.57,10.58,10.59,10.6,10.61,10.62,10.63,10.64,10.65,10.66,1800,3100,200,2300,21800,1900,1700,2200,25600,1000,1600,600,700,5700,600,400,400,3300,600,4900
258.0,10.56,56800,603526.0,10.56,10.55,10.53,10.52,10.51,10.5,10.48,10.46,10.45,10.42,10.57,10.58,10.59,10.6,10.61,10.62,10.63,10.64,10.65,10.66,1700,3100,200,2300,21800,1900,1700,2200,25600,1000,1600,600,700,5700,600,400,400,3300,600,4900
259.0,10.56,56800,603526.0,10.56,10.55,10.53,10.52,10.51,10.5,10.48,10.46,10.45,10.42,10.57,10.58,10.59,10.6,10.61,10.62,10.63,10.64,10.65,10.66,1700,3100,200,2300,21800,1900,1700,2200,25600,1000,1600,600,700,5700,600,400,400,3300,600,4900
260.0,10.57,57200,607754.0,10.56,10.55,10.53,10.52,10.51,10.5,10.48,10.46,10.45,10.42,10.57,10.58,10.59,10.6,10.61,10.62,10.63,10.64,10.65,10.66,1700,3100,200,2300,21800,1900,1700,2200,25600,1000,1200,600,700,5700,600,400,400,3300,600,4900
261.0,10.57,57200,607754.0,10.56,10.55,10.53,10.52,10.51,10.5,10.48,10.46,10.45,10.42,10.57,10.58,10.59,10.6,10.61,10.62,10.63,10.64,10.65,10.66,1700,3100,200,2300,21800,1900,1700,2200,25600,1000,1200,600,700,5700,600,400,400,3300,600,4900
262.0,10.57,57200,607754.0,10.56,10.55,10.53,10.52,10.51,10.5,10.48,10.46,10.45,10.42,10.57,10.58,10.59,10.6,10.61,10.62,10.63,10.64,10.65,10.66,1700,3100,200,2300,21800,1900,1700,2200,25600,1000,1200,600,700,5700,600,400,400,3300,600,4900
263.0,10.57,58400,620438.0,10.57,10.56,10.55,10.53,10.52,10.51,10.5,10.48,10.46,10.45,10.58,10.59,10.6,10.61,10.62,10.63,10.64,10.65,10.66,10.67,500,1800,3100,200,2300,21800,1900,1700,2200,25600,600,600,5700,600,400,400,3300,600,4900,1000
264.0,10.58,58800,624670.0,10.56,10.55,10.53,10.52,10.51,10.5,10.48,10.46,10.45,10.42,10.58,10.59,10.6,10.61,10.62,10.63,10.64,10.65,10.66,10.67,1800,3100,200,2300,21800,1900,1700,2200,25600,1000,200,600,5700,600,400,400,3300,600,4900,1000
265.0,10.58,58800,624670.0,10.56,10.55,10.53,10.52,10.51,10.5,10.48,10.46,10.45,10.42,10.58,10.59,10.6,10.61,10.62,10.63,10.64,10.65,10.66,10.67,1800,3100,200,2300,21800,1900,1700,2200,25600,1000,200,600,5700,600,400,400,3300,600,4900,1000
266.0,10.58,59200,628900.0,10.58,10.56,10.55,10.53,10.52,10.51,10.5,10.48,10.46,10.45,10.59,10.6,10.61,10.62,10.63,10.64,10.65,10.66,10.67,10.68,300,1700,3100,200,2300,21800,1900,1700,2200,25600,600,5700,600,400,400,3300,600,4900,1000,2300
267.0,10.58,59200,628900.0,10.58,10.56,10.55,10.53,10.52,10.51,10.5,10.48,10.46,10.45,10.59,10.6,10.61,10.62,10.63,10.64,10.65,10.66,10.67,10.68,300,1700,3100,200,2300,21800,1900,1700,2200,25600,600,5700,600,400,400,3300,600,4900,1000,2300
268.0,10.58,59200,628900.0,10.58,10.56,10.55,10.53,10.52,10.51,10.5,10.48,10.46,10.45,10.59,10.6,10.61,10.62,10.63,10.64,10.65,10.66,10.67,10.68,300,1700,3100,200,2300,21800,1900,1700,2200,25600,600,5700,600,400,400,3300,600,4900,1000,2300
269.0,10.58,59200,628900.0,10.58,10.56,10.55,10.53,10.52,10.51,10.5,10.48,10.46,10.45,10.59,10.6,10.61,10.62,10.63,10.64,10.65,10.66,10.67,10.68,300,1700,3100,200,2300,21800,1900,1700,2200,25600,600,5700,600,400,400,3300,600,4900,1000,2300
270.0,10.58,59400,631016.0,10.58,10.56,10.55,10.53,10.52,10.51,10.5,10.48,10.46,10.45,10.59,10.6,10.61,10.62,10.63,10.64,10.65,10.66,10.67,10.68,100,1700,3100,200,2300,21800,1900,1700,2200,25600,600,5700,600,400,400,3300,600,4900,1000,2300
271.0,10.58,59400,631016.0,10.58,10.56,10.55,10.53,10.52,10.51,10.5,10.48,10.46,10.45,10.59,10.6,10.61,10.62,10.63,10.64,10.65,10.66,10.67,10.68,100,1700,3100,200,2300,21800,1900,1700,2200,25600,600,5700,600,400,400,3300,600,4900,1000,2300
272.0,10.58,59400,631016.0,10.58,10.56,10.55,10.53,10.52,10.51,10.5,10.48,10.46,10.45,10.59,10.6,10.61,10.62,10.63,10.64,10.65,10.66,10.67,10.68,100,1700,3100,200,2300,21800,1900,1700,2200,25600,600,5700,600,400,400,3900,600,4900,1000,2300
273.0,10.58,59400,631016.0,10.58,10.56,10.55,10.53,10.52,10.51,10.5,10.48,10.46,10.45,10.59,10.6,10.61,10.62,10.63,10.64,10.65,10.66,10.67,10.68,100,1700,3100,200,2300,21800,1900,1700,2200,25600,600,5700,600,400,400,3900,600,4900,1000,2300
274.0,10.58,59400,631016.0,10.58,10.56,10.55,10.53,10.52,10.51,10.5,10.48,10.46,10.45,10.59,10.6,10.61,10.62,10.63,10.64,10.65,10.66,10.67,10.68,100,1700,3100,200,2300,21800,1900,1700,2200,25600,600,5700,600,400,400,3900,600,4900,1000,2300
275.0,10.59,59500,632075.0,10.58,10.56,10.55,10.53,10.52,10.51,10.5,10.48,10.46,10.45,10.59,10.6,10.61,10.62,10.63,10.64,10.65,10.66,10.67,10.68,100,1700,3100,200,2300,21800,1900,1700,2200,25600,500,5700,600,400,400,3900,600,4900,1000,2300
276.0,10.58,59600,633133.0,10.56,10.55,10.53,10.52,10.51,10.5,10.48,10.46,10.45,10.42,10.58,10.59,10.6,10.61,10.62,10.63,10.64,10.65,10.66,10.67,1700,3100,200,2300,21800,1900,1700,2200,25600,1000,500,500,5700,600,400,400,3900,600,4900,1000
277.0,10.58,59600,633133.0,10.56,10.55,10.53,10.52,10.51,10.5,10.48,10.46,10.45,10.42,10.58,10.59,10.6,10.61,10.62,10.63,10.64,10.65,10.66,10.67,1700,3100,200,2300,21800,1900,1700,2200,25600,1000,900,500,5700,600,400,400,3900,600,4900,1000
278.0,10.58,59600,633133.0,10.56,10.55,10.53,10.52,10.51,10.5,10.48,10.46,10.45,10.42,10.58,10.59,10.6,10.61,10.62,10.63,10.64,10.65,10.66,10.67,1700,3100,200,2300,21800,1900,1700,2200,25600,1000,900,500,5700,600,400,400,3900,600,4900,1000
279.0,10.58,59600,633133.0,10.56,10.55,10.53,10.52,10.51,10.5,10.48,10.46,10.45,10.42,10.58,10.59,10.6,10.61,10.62,10.63,10.64,10.65,10.66,10.67,1700,3100,200,2300,21800,1900,1700,2200,25600,1000,900,500,5700,600,400,400,3900,600,4900,1000
280.0,10.58,59600,633133.0,10.56,10.55,10.53,10.52,10.51,10.5,10.48,10.46,10.45,10.42,10.58,10.59,10.6,10.61,10.62,10.63,10.64,10.65,10.66,10.67,1700,3100,200,2300,21800,1900,1700,2200,25600,1000,900,500,5700,600,400,400,3900,600,4900,1000
281.0,10.56,59700,634189.0,10.56,10.55,10.53,10.52,10.51,10.5,10.48,10.46,10.45,10.42,10.58,10.59,10.6,10.61,10.62,10.63,10.64,10.65,10.66,10.67,1600,3100,200,2300,21800,1900,1700,2200,25600,1000,900,500,5700,600,400,400,3900,600,4900,1000
282.0,10.56,59700,634189.0,10.56,10.55,10.53,10.52,10.51,10.5,10.48,10.46,10.45,10.42,10.58,10.59,10.6,10.61,10.62,10.63,10.64,10.65,10.66,10.67,1600,3100,200,2300,21800,1900,1700,2200,25600,1000,900,500,5700,600,400,400,3900,600,4900,1000
283.0,10.56,59700,634189.0,10.56,10.55,10.53,10.52,10.51,10.5,10.48,10.46,10.45,10.42,10.58,10.59,10.6,10.61,10.62,10.63,10.64,10.65,10.66,10.67,1600,3100,200,2300,21800,1900,1700,2200,25600,1000,900,500,5700,600,400,400,3900,600,4900,1000
284.0,10.56,59700,634189.0,10.56,10.55,10.53,10.52,10.51,10.5,10.48,10.46,10.45,10.42,10.58,10.59,10.6,10.61,10.62,10.63,10.64,10.65,10.66,10.67,1600,3100,200,2300,21800,1900,1700,2200,25600,1000,1100,500,5700,600,400,400,3900,600,4900,1000
285.0,10.56,59700,634189.0,10.56,10.55,10.53,10.52,10.51,10.5,10.48,10.46,10.45,10.42,10.58,10.59,10.6,10.61,10.62,10.63,10.64,10.65,10.66,10.67,1600,3100,200,2300,21800,1900,1700,2200,25600,1000,1100,500,5700,600,400,400,3900,600,4900,1000
286.0,10.56,59700,634189.0,10.56,10.55,10.53,10.52,10.51,10.5,10.48,10.46,10.45,10.42,10.58,10.59,10.6,10.61,10.62,10.63,10.64,10.65,10.66,10.67,1600,3100,200,2300,21800,1900,1700,2200,25600,1000,1400,400,5700,600,400,400,3900,600,4900,1000
287.0,10.58,59900,636305.0,10.56,10.55,10.53,10.52,10.51,10.5,10.48,10.46,10.45,10.42,10.58,10.59,10.6,10.61,10.62,10.63,10.64,10.65,10.66,10.67,1600,3100,200,2300,21800,1900,1700,2200,25600,1000,1200,400,5700,600,400,400,3900,600,4900,1000
288.0,10.56,60100,638419.0,10.56,10.55,10.53,10.52,10.51,10.5,10.48,10.46,10.45,10.42,10.58,10.59,10.6,10.61,10.62,10.63,10.64,10.65,10.66,10.67,1500,3100,200,2300,21800,1900,1700,2200,25600,1000,1100,400,5700,600,400,400,3900,600,4900,1000
289.0,10.56,60100,638419.0,10.56,10.55,10.53,10.52,10.51,10.5,10.48,10.46,10.45,10.42,10.58,10.59,10.6,10.61,10.62,10.63,10.64,10.65,10.66,10.67,1500,3100,200,2300,21800,1900,1700,2200,25600,1000,1100,400,5700,600,400,400,3900,600,4900,1000
290.0,10.56,60100,638419.0,10.56,10.55,10.53,10.52,10.51,10.5,10.48,10.46,10.45,10.42,10.58,10.59,10.6,10.61,10.62,10.63,10.64,10.65,10.66,10.67,1500,3100,200,2300,21800,1900,1700,2200,25600,1000,1100,400,5700,600,400,400,3900,600,4900,1000
291.0,10.58,60200,639477.0,10.56,10.55,10.53,10.52,10.51,10.5,10.48,10.46,10.45,10.42,10.58,10.59,10.6,10.61,10.62,10.63,10.64,10.65,10.66,10.67,1500,3100,200,2300,21800,1900,1700,2200,25600,1000,1000,400,5700,600,400,400,3900,600,4900,1000
292.0,10.58,60200,639477.0,10.56,10.55,10.53,10.52,10.51,10.5,10.48,10.46,10.45,10.42,10.57,10.58,10.59,10.6,10.61,10.62,10.63,10.64,10.65,10.66,1500,3100,200,2300,21800,1900,1700,2200,25600,1000,400,800,400,5700,600,400,400,3900,600,4900
293.0,10.58,60200,639477.0,10.56,10.55,10.53,10.52,10.51,10.5,10.48,10.46,10.45,10.42,10.57,10.58,10.59,10.6,10.61,10.62,10.63,10.64,10.65,10.66,1500,3100,200,2300,21800,1900,1700,2200,25600,1000,400,800,400,5700,600,400,400,3900,600,4900
294.0,10.58,60200,639477.0,10.56,10.55,10.53,10.52,10.51,10.5,10.48,10.46,10.45,10.42,10.57,10.58,10.59,10.6,10.61,10.62,10.63,10.64,10.65,10.66,1500,3100,200,2300,21800,1900,1700,2200,25600,1000,400,800,400,5700,600,400,400,3900,600,4900
295.0,10.58,60200,639477.0,10.56,10.55,10.53,10.52,10.51,10.5,10.48,10.46,10.45,10.42,10.57,10.58,10.59,10.6,10.61,10.62,10.63,10.64,10.65,10.66,1500,3100,200,2300,21800,1900,1700,2200,25600,1000,400,800,400,5700,600,400,400,3900,600,4900
296.0,10.56,60300,640533.0,10.56,10.55,10.53,10.52,10.51,10.5,10.48,10.46,10.45,10.42,10.57,10.58,10.59,10.6,10.61,10.62,10.63,10.64,10.65,10.66,1400,3100,200,2300,21800,1900,1700,2200,25600,1000,400,800,400,5700,600,400,400,3900,600,4900
297.0,10.56,60300,640533.0,10.56,10.55,10.53,10.52,10.51,10.5,10.48,10.46,10.45,10.42,10.57,10.58,10.59,10.6,10.61,10.62,10.63,10.64,10.65,10.66,1400,3100,200,2300,21800,1900,1700,2200,25600,1000,400,800,400,5700,600,400,400,3900,600,4900
298.0,10.56,61100,648981.0,10.56,10.55,10.53,10.52,10.51,10.5,10.48,10.46,10.45,10.42,10.57,10.58,10.59,10.6,10.61,10.62,10.63,10.64,10.65,10.66,400,3100,200,2300,21800,1900,1700,2200,25600,1000,400,800,400,5700,600,400,400,3900,600,4900
299.0,10.56,61100,648981.0,10.56,10.55,10.53,10.52,10.51,10.5,10.48,10.46,10.45,10.42,10.57,10.58,10.59,10.6,10.61,10.62,10.63,10.64,10.65,10.66,100,3100,200,2300,21800,1900,1700,2200,25600,1000,400,800,400,5700,600,400,400,3900,600,4900
300.0,10.56,61100,648981.0,10.56,10.55,10.53,10.52,10.51,10.5,10.48,10.46,10.45,10.42,10.57,10.58,10.59,10.6,10.61,10.62,10.63,10.64,10.65,10.66,100,3100,200,2300,21800,1900,1700,2200,25600,1000,400,800,400,5700,600,400,400,3900,600,4900
301.0,10.56,61100,648981.0,10.56,10.55,10.53,10.52,10.51,10.5,10.48,10.46,10.45,10.42,10.57,10.58,10.59,10.6,10.61,10.62,10.63,10.64,10.65,10.66,100,3100,200,2300,21800,1900,1700,2200,25600,1000,400,800,400,5700,600,400,400,3900,600,4900
302.0,10.56,61100,648981.0,10.56,10.55,10.53,10.52,10.51,10.5,10.48,10.46,10.45,10.42,10.57,10.58,10.59,10.6,10.61,10.62,10.63,10.64,10.65,10.66,100,3100,200,2300,21800,1900,1700,2200,25600,1000,400,800,400,5700,600,400,400,3900,600,4900
303.0,10.56,61100,648981.0,10.56,10.55,10.53,10.52,10.51,10.5,10.48,10.46,10.45,10.42,10.57,10.58,10.59,10.6,10.61,10.62,10.63,10.64,10.65,10.66,100,3100,200,2300,21800,1900,1700,2200,25600,1000,400,800,400,5700,600,400,400,3900,600,4900
304.0,10.56,61100,648981.0,10.56,10.55,10.53,10.52,10.51,10.5,10.48,10.46,10.45,10.42,10.57,10.58,10.59,10.6,10.61,10.62,10.63,10.64,10.65,10.66,100,3100,200,2300,21800,1900,1700,2200,25600,1000,400,800,400,5700,600,400,400,3900,600,4900
305.0,10.56,61100,648981.0,10.56,10.55,10.53,10.52,10.51,10.5,10.48,10.46,10.45,10.42,10.57,10.58,10.59,10.6,10.61,10.62,10.63,10.64,10.65,10.66,100,3100,200,2300,21800,1900,1700,2200,25600,1000,400,800,400,5700,600,400,400,3900,600,4900
306.0,10.56,61100,648981.0,10.56,10.55,10.53,10.52,10.51,10.5,10.48,10.46,10.45,10.42,10.57,10.58,10.59,10.6,10.61,10.62,10.63,10.64,10.65,10.66,100,3100,200,2300,21800,1900,1700,2200,25600,1000,400,800,300,5700,600,400,400,3900,600,4900
307.0,10.56,61200,650037.0,10.55,10.53,10.52,10.51,10.5,10.48,10.46,10.45,10.42,10.41,10.56,10.57,10.58,10.59,10.6,10.61,10.62,10.63,10.64,10.65,3100,200,2300,21800,1900,1700,2200,25600,1000,1400,300,400,800,300,5700,600,400,400,3900,600
308.0,10.56,61200,650037.0,10.55,10.53,10.52,10.51,10.5,10.48,10.46,10.45,10.42,10.41,10.56,10.57,10.58,10.59,10.6,10.61,10.62,10.63,10.64,10.65,3100,200,2300,21800,1900,1700,2200,25600,1000,1400,300,500,800,1100,5700,600,400,400,3900,600
309.0,10.56,61200,650037.0,10.55,10.53,10.52,10.51,10.5,10.48,10.46,10.45,10.42,10.41,10.56,10.57,10.58,10.59,10.6,10.61,10.62,10.63,10.64,10.65,3100,200,2300,21800,1900,1700,2200,25600,1000,1400,300,600,800,1100,5700,600,400,400,3900,600
310.0,10.55,61500,653202.0,10.55,10.53,10.52,10.51,10.5,10.48,10.46,10.45,10.42,10.41,10.56,10.57,10.58,10.59,10.6,10.61,10.62,10.63,10.64,10.65,2800,200,2300,21800,1900,1700,2200,25600,1000,1400,300,600,800,1100,5700,600,400,400,3900,600
311.0,10.55,61500,653202.0,10.55,10.53,10.52,10.51,10.5,10.48,10.46,10.45,10.42,10.41,10.56,10.57,10.58,10.59,10.6,10.61,10.62,10.63,10.64,10.65,2800,200,2300,21800,1900,1700,2200,25600,1000,1400,300,600,800,1100,5700,600,400,400,3900,600
312.0,10.55,61500,653202.0,10.55,10.53,10.52,10.51,10.5,10.48,10.46,10.45,10.42,10.41,10.56,10.57,10.58,10.59,10.6,10.61,10.62,10.63,10.64,10.65,2800,200,2300,21800,1900,1700,2200,25600,1000,1400,300,600,800,1100,5700,600,400,400,3900,600
313.0,10.55,61500,653202.0,10.55,10.53,10.52,10.51,10.5,10.48,10.46,10.45,10.42,10.41,10.56,10.57,10.58,10.59,10.6,10.61,10.62,10.63,10.64,10.65,2800,200,2300,21800,1900,1700,2200,25600,1000,1400,300,600,800,1100,5700,600,400,400,3900,600
314.0,10.55,61500,653202.0,10.55,10.53,10.52,10.51,10.5,10.48,10.46,10.45,10.42,10.41,10.56,10.57,10.58,10.59,10.6,10.61,10.62,10.63,10.64,10.65,2800,200,2300,21800,1900,1700,2200,25600,1000,1400,300,600,800,1100,5700,600,400,400,3900,600
315.0,10.56,61600,654258.0,10.55,10.53,10.52,10.51,10.5,10.48,10.46,10.45,10.42,10.41,10.56,10.57,10.58,10.59,10.6,10.61,10.62,10.63,10.64,10.65,2800,200,2300,21800,1900,1700,2200,25600,1000,1400,400,700,800,900,5700,600,400,400,3900,600
316.0,10.56,61600,654258.0,10.55,10.53,10.52,10.51,10.5,10.48,10.46,10.45,10.42,10.41,10.56,10.57,10.58,10.59,10.6,10.61,10.62,10.63,10.64,10.65,2800,200,2300,21800,1900,1700,2200,25600,1000,1400,400,700,800,900,5700,600,400,400,3900,600
317.0,10.56,61900,657426.0,10.55,10.53,10.52,10.51,10.5,10.48,10.46,10.45,10.42,10.41,10.56,10.57,10.58,10.59,10.6,10.61,10.62,10.63,10.64,10.65,2800,200,2300,21800,1900,1700,2200,25600,1000,1400,300,700,800,900,5700,600,400,400,3900,600
318.0,10.56,61900,657426.0,10.55,10.53,10.52,10.51,10.5,10.48,10.46,10.45,10.42,10.41,10.56,10.57,10.58,10.59,10.6,10.61,10.62,10.63,10.64,10.65,2700,200,2300,21800,1900,1700,2200,25600,1000,1400,300,700,800,900,5700,600,400,400,3900,600
319.0,10.56,61900,657426.0,10.55,10.53,10.52,10.51,10.5,10.48,10.46,10.45,10.42,10.41,10.56,10.57,10.58,10.59,10.6,10.61,10.62,10.63,10.64,10.65,2700,200,2300,21800,1900,1700,2200,25600,1000,1400,300,700,800,900,5700,600,400,400,3900,600
320.0,10.56,61900,657426.0,10.55,10.53,10.52,10.51,10.5,10.48,10.46,10.45,10.42,10.41,10.56,10.57,10.58,10.59,10.6,10.61,10.62,10.63,10.64,10.65,2700,200,2300,21800,1900,1700,2200,25600,1000,1400,300,700,800,900,5700,600,400,400,3900,600
321.0,10.56,61900,657426.0,10.55,10.53,10.52,10.51,10.5,10.48,10.46,10.45,10.42,10.41,10.56,10.57,10.58,10.59,10.6,10.61,10.62,10.63,10.64,10.65,2700,200,2300,21800,1900,1700,2200,25600,1000,1400,300,700,800,900,5700,600,400,400,3900,600
322.0,10.56,62200,660594.0,10.55,10.53,10.52,10.51,10.5,10.48,10.46,10.45,10.42,10.41,10.56,10.57,10.58,10.59,10.6,10.64,10.65,10.66,10.67,10.68,2700,200,2300,21800,1900,1700,2200,25600,1000,1400,300,300,800,900,5100,3900,300,4900,1000,2300
323.0,10.55,62600,664815.0,10.55,10.53,10.52,10.51,10.5,10.48,10.46,10.45,10.42,10.41,10.56,10.57,10.58,10.59,10.6,10.64,10.65,10.66,10.67,10.68,2500,200,2300,21800,1900,1700,2200,25600,1000,1400,500,600,800,900,5100,3900,300,4900,1000,2300
324.0,10.55,62900,667980.0,10.55,10.53,10.52,10.51,10.5,10.48,10.46,10.45,10.42,10.41,10.56,10.57,10.58,10.59,10.6,10.64,10.65,10.66,10.67,10.68,2200,200,2300,21800,1900,1700,2200,25600,1000,1400,500,600,800,900,5100,3900,300,4900,1000,2300
325.0,10.55,63400,673255.0,10.55,10.53,10.52,10.51,10.5,10.48,10.46,10.45,10.42,10.41,10.56,10.57,10.58,10.59,10.6,10.64,10.65,10.66,10.67,10.68,1700,200,2300,21800,1900,1700,2200,25600,1000,1400,600,600,800,900,5100,3900,300,4900,1000,2300
326.0,10.55,63700,676420.0,10.55,10.53,10.52,10.51,10.5,10.48,10.46,10.45,10.42,10.41,10.56,10.57,10.58,10.59,10.6,10.64,10.65,10.66,10.67,10.68,1400,200,2300,21800,1900,1700,2200,25600,1000,1400,600,600,800,900,5100,3900,300,4900,1000,2300
327.0,10.55,63700,676420.0,10.55,10.53,10.52,10.51,10.5,10.48,10.46,10.45,10.42,10.41,10.56,10.57,10.58,10.59,10.6,10.64,10.65,10.66,10.67,10.68,1400,200,2300,21800,1900,1700,2200,25600,1000,1400,600,600,800,900,5100,3900,300,4900,1000,2300
328.0,10.56,64300,682756.0,10.56,10.55,10.53,10.52,10.51,10.5,10.48,10.46,10.45,10.42,10.57,10.58,10.59,10.6,10.64,10.65,10.66,10.67,10.68,10.7,5400,1400,200,2300,21800,1900,1700,2200,25600,1000,600,800,900,5100,3900,300,4900,1000,2300,2900
329.0,10.56,64300,682756.0,10.56,10.55,10.53,10.52,10.51,10.5,10.48,10.46,10.45,10.42,10.57,10.58,10.59,10.6,10.64,10.65,10.66,10.67,10.68,10.7,5400,1400,200,2300,21800,1900,1700,2200,25600,1000,600,800,900,5100,3900,300,4900,1000,2300,2900
330.0,10.56,64300,682756.0,10.56,10.55,10.53,10.52,10.51,10.5,10.48,10.46,10.45,10.42,10.57,10.58,10.59,10.6,10.64,10.65,10.66,10.67,10.68,10.7,5400,1400,200,2300,21800,1900,1700,2200,25600,1000,600,800,900,5100,3900,300,4900,1000,2300,2900
331.0,10.56,64300,682756.0,10.56,10.55,10.53,10.52,10.51,10.5,10.48,10.46,10.45,10.42,10.57,10.58,10.59,10.6,10.64,10.65,10.66,10.67,10.68,10.7,5400,1400,200,2300,21800,1900,1700,2200,25600,1000,600,800,900,5100,3900,300,4900,1000,2300,2900
332.0,10.56,64300,682756.0,10.56,10.55,10.53,10.52,10.51,10.5,10.48,10.46,10.45,10.42,10.57,10.58,10.59,10.6,10.64,10.65,10.66,10.67,10.68,10.7,5400,1400,200,2300,21800,1900,1700,2200,25600,1000,600,800,900,5100,3900,300,4900,1000,2300,2900
333.0,10.56,64300,682756.0,10.56,10.55,10.53,10.52,10.51,10.5,10.48,10.46,10.45,10.42,10.57,10.58,10.59,10.6,10.64,10.65,10.66,10.67,10.68,10.7,5400,1400,200,2300,21800,1900,1700,2200,25600,1000,600,800,900,5100,3900,300,4900,1000,2300,2900
334.0,10.57,64400,683813.0,10.56,10.55,10.53,10.52,10.51,10.5,10.48,10.46,10.45,10.42,10.57,10.58,10.59,10.6,10.64,10.65,10.66,10.67,10.68,10.7,5400,1400,200,2300,21800,1900,1700,2200,25600,1000,500,800,900,5100,3900,300,4900,1000,2300,2900
335.0,10.57,64400,683813.0,10.56,10.55,10.53,10.52,10.51,10.5,10.48,10.46,10.45,10.42,10.57,10.58,10.59,10.6,10.64,10.65,10.66,10.67,10.68,10.7,5400,1400,200,2300,21800,1900,1700,2200,25600,1000,500,800,900,5100,3900,300,4900,1000,2300,2900
336.0,10.57,64400,683813.0,10.56,10.55,10.53,10.52,10.51,10.5,10.48,10.46,10.45,10.42,10.57,10.58,10.59,10.6,10.64,10.65,10.66,10.67,10.68,10.7,5400,1400,200,2300,21800,1900,1700,2200,25600,1000,600,800,3100,5100,3900,300,4900,1000,2300,2900
337.0,10.57,64400,683813.0,10.56,10.55,10.53,10.52,10.51,10.5,10.48,10.46,10.45,10.42,10.57,10.58,10.59,10.6,10.64,10.65,10.66,10.67,10.68,10.7,5400,1400,200,2300,21800,1900,1700,2200,25600,1000,600,800,3100,5100,3900,300,4900,1000,2300,2900
338.0,10.57,64400,683813.0,10.56,10.55,10.53,10.52,10.51,10.5,10.48,10.46,10.45,10.42,10.57,10.58,10.59,10.6,10.64,10.65,10.66,10.67,10.68,10.7,5400,1400,200,2300,21800,1900,1700,2200,25600,1000,600,800,3100,5100,3900,300,4900,1000,2300,2900
339.0,10.57,64400,683813.0,10.56,10.55,10.53,10.52,10.51,10.5,10.48,10.46,10.45,10.42,10.57,10.58,10.59,10.6,10.64,10.65,10.66,10.67,10.68,10.7,5400,1400,200,2300,21800,1900,1700,2200,25600,1000,600,800,3100,5100,3900,300,4900,1000,2300,2900
340.0,10.57,64400,683813.0,10.56,10.55,10.53,10.52,10.51,10.5,10.48,10.46,10.45,10.42,10.57,10.58,10.59,10.6,10.64,10.65,10.66,10.67,10.68,10.7,5400,1400,200,2300,21800,1900,1700,2200,25600,1000,600,800,3100,5100,3900,300,4900,1000,2300,2900
341.0,10.57,64400,683813.0,10.56,10.55,10.53,10.52,10.51,10.5,10.48,10.46,10.45,10.42,10.57,10.58,10.59,10.6,10.64,10.65,10.66,10.67,10.68,10.7,5400,1400,200,2300,21800,1900,1700,2200,25600,1000,600,800,3100,5100,3900,300,4900,1000,2300,2900
342.0,10.57,64400,683813.0,10.56,10.55,10.53,10.52,10.51,10.5,10.48,10.46,10.45,10.42,10.57,10.58,10.59,10.6,10.64,10.65,10.66,10.67,10.68,10.7,5400,1400,200,2300,21800,1900,1700,2200,25600,1000,600,800,3100,5100,3900,300,4900,1000,2300,2900
343.0,10.57,64400,683813.0,10.56,10.55,10.53,10.52,10.51,10.5,10.48,10.46,10.45,10.42,10.57,10.58,10.59,10.6,10.64,10.65,10.66,10.67,10.68,10.7,5400,1400,200,2300,21800,1900,1700,2200,25600,1000,600,800,3100,5100,3900,300,4900,1000,2300,2900
344.0,10.57,64400,683813.0,10.56,10.55,10.53,10.52,10.51,10.5,10.48,10.46,10.45,10.42,10.57,10.58,10.59,10.6,10.64,10.65,10.66,10.67,10.68,10.7,5400,1400,200,2300,21800,1900,1700,2200,25600,1000,600,800,3100,5100,3900,300,4900,1000,2300,2900
345.0,10.57,64500,684870.0,10.56,10.55,10.53,10.52,10.51,10.5,10.48,10.46,10.45,10.42,10.57,10.58,10.59,10.6,10.64,10.65,10.66,10.67,10.68,10.7,5400,1400,200,2300,21800,1900,1700,2200,25600,1000,500,800,3100,5100,3900,300,4900,1000,2300,2900
346.0,10.56,69900,741894.0,10.55,10.53,10.52,10.51,10.5,10.48,10.46,10.45,10.42,10.41,10.56,10.57,10.58,10.59,10.6,10.64,10.65,10.66,10.67,10.68,1900,200,2300,21800,1900,1700,2200,25600,1000,1400,200,500,800,3100,5100,3900,300,4900,1000,2300
347.0,10.56,69900,741894.0,10.55,10.53,10.52,10.51,10.5,10.48,10.46,10.45,10.42,10.41,10.56,10.57,10.58,10.59,10.6,10.64,10.65,10.66,10.67,10.68,1900,200,2300,21800,1900,1700,2200,25600,1000,1400,200,500,800,3100,5100,3900,300,4900,1000,2300
348.0,10.56,69900,741894.0,10.55,10.53,10.52,10.51,10.5,10.48,10.46,10.45,10.42,10.41,10.56,10.57,10.58,10.59,10.6,10.64,10.65,10.66,10.67,10.68,1900,200,2300,21800,1900,1700,2200,25600,1000,1400,200,500,800,3100,5100,3900,300,4900,1000,2300
349.0,10.56,69900,741894.0,10.55,10.53,10.52,10.51,10.5,10.48,10.46,10.45,10.42,10.41,10.56,10.57,10.58,10.59,10.6,10.64,10.65,10.66,10.67,10.68,1900,200,2300,21800,1900,1700,2200,25600,1000,1400,200,500,800,3100,5100,3900,300,4900,1000,2300
350.0,10.56,69900,741894.0,10.55,10.53,10.52,10.51,10.5,10.48,10.46,10.45,10.42,10.41,10.56,10.57,10.58,10.59,10.6,10.64,10.65,10.66,10.67,10.68,1900,200,2300,21800,1900,1700,2200,25600,1000,1400,200,500,800,3100,5100,3900,300,4900,1000,2300
351.0,10.56,69900,741894.0,10.55,10.53,10.52,10.51,10.5,10.48,10.46,10.45,10.42,10.41,10.56,10.57,10.58,10.59,10.6,10.64,10.65,10.66,10.67,10.68,1900,200,2300,21800,1900,1700,2200,25600,1000,1400,200,500,800,3100,5100,3900,300,4900,1000,2300
352.0,10.56,69900,741894.0,10.55,10.53,10.52,10.51,10.5,10.48,10.46,10.45,10.42,10.41,10.56,10.57,10.58,10.59,10.6,10.64,10.65,10.66,10.67,10.68,1900,200,2300,21800,1900,1700,2200,25600,1000,1400,200,500,800,3100,5100,3900,300,4900,1000,2300
353.0,10.56,69900,741894.0,10.55,10.53,10.52,10.51,10.5,10.48,10.46,10.45,10.42,10.41,10.56,10.57,10.58,10.59,10.6,10.64,10.65,10.66,10.67,10.68,1900,200,2300,21800,1900,1700,2200,25600,1000,1400,200,500,800,3100,5100,3900,300,4900,1000,2300
354.0,10.56,69900,741894.0,10.55,10.53,10.52,10.51,10.5,10.48,10.46,10.45,10.42,10.41,10.56,10.57,10.58,10.59,10.6,10.64,10.65,10.66,10.67,10.68,1900,200,2300,21800,1900,1700,2200,25600,1000,1400,200,500,800,3100,5100,3900,300,4900,1000,2300
355.0,10.56,69900,741894.0,10.55,10.53,10.52,10.51,10.5,10.48,10.46,10.45,10.42,10.41,10.56,10.57,10.58,10.59,10.6,10.64,10.65,10.66,10.67,10.68,1900,200,2300,21800,1900,1700,2200,25600,1000,1400,200,500,800,3100,5100,3900,300,4900,1000,2300
356.0,10.56,69900,741894.0,10.55,10.53,10.52,10.51,10.5,10.48,10.46,10.45,10.42,10.41,10.56,10.57,10.58,10.59,10.6,10.64,10.65,10.66,10.67,10.68,1900,200,2300,21800,1900,1700,3200,25600,1000,1400,200,500,800,3100,5100,3900,300,4900,1000,2300
357.0,10.56,69900,741894.0,10.55,10.53,10.52,10.51,10.5,10.48,10.46,10.45,10.42,10.41,10.56,10.57,10.58,10.59,10.6,10.64,10.65,10.66,10.67,10.68,1900,200,2300,21800,1900,1700,3200,25600,1000,1400,200,500,800,3100,5100,3900,300,4900,1000,2300
358.0,10.56,69900,741894.0,10.55,10.53,10.52,10.51,10.5,10.48,10.46,10.45,10.42,10.41,10.56,10.57,10.58,10.59,10.6,10.64,10.65,10.66,10.67,10.68,1900,200,2300,21800,1900,1700,3200,25600,1000,1400,200,500,800,3100,5100,3900,300,4900,1000,2300
359.0,10.56,69900,741894.0,10.55,10.53,10.52,10.51,10.5,10.48,10.46,10.45,10.42,10.41,10.56,10.57,10.58,10.59,10.6,10.64,10.65,10.66,10.67,10.68,1900,200,2300,21800,1900,1700,3200,25600,1000,1400,200,500,800,3100,5100,3900,300,4900,1000,2300
360.0,10.56,69900,741894.0,10.55,10.53,10.52,10.51,10.5,10.48,10.46,10.45,10.42,10.41,10.56,10.57,10.58,10.59,10.6,10.64,10.65,10.66,10.67,10.68,1900,200,2300,21800,1900,1700,3200,25600,1000,1400,200,500,800,3100,5100,3900,300,4900,1000,2300
361.0,10.56,69900,741894.0,10.55,10.53,10.52,10.51,10.5,10.48,10.46,10.45,10.42,10.41,10.56,10.57,10.58,10.59,10.6,10.64,10.65,10.66,10.67,10.68,1900,200,2300,21800,1900,1700,3200,25600,1000,1400,200,500,800,3100,5100,3900,300,4900,1000,2300
362.0,10.56,69900,741894.0,10.55,10.53,10.52,10.51,10.5,10.48,10.46,10.45,10.42,10.41,10.56,10.57,10.58,10.59,10.6,10.64,10.65,10.66,10.67,10.68,1900,200,2300,21800,1900,1700,3200,25600,1000,1400,200,500,800,3100,5100,3900,300,4900,1000,2300
363.0,10.56,69900,741894.0,10.55,10.53,10.52,10.51,10.5,10.48,10.46,10.45,10.42,10.41,10.56,10.57,10.58,10.59,10.6,10.64,10.65,10.66,10.67,10.68,1900,200,2300,21800,1900,1700,3200,25600,1000,1400,200,500,800,3100,5100,3900,300,4900,1000,2300
364.0,10.56,69900,741894.0,10.55,10.53,10.52,10.51,10.5,10.48,10.46,10.45,10.42,10.41,10.56,10.57,10.58,10.59,10.6,10.64,10.65,10.66,10.67,10.68,1900,200,2300,21800,1900,1700,3200,25600,1000,1400,200,500,800,3100,5100,3900,300,4900,1000,2300
365.0,10.56,69900,741894.0,10.55,10.53,10.52,10.51,10.5,10.48,10.46,10.45,10.42,10.41,10.56,10.57,10.58,10.59,10.6,10.64,10.65,10.66,10.67,10.68,1900,200,2300,21800,1900,1700,3200,25600,1000,1400,200,500,800,3100,5100,3900,300,4900,1000,2300
366.0,10.56,69900,741894.0,10.55,10.53,10.52,10.51,10.5,10.48,10.46,10.45,10.42,10.41,10.56,10.57,10.58,10.59,10.6,10.64,10.65,10.66,10.67,10.68,1900,200,2300,21800,1900,1700,3200,25600,1000,1400,200,500,400,3100,5100,3900,300,4900,1000,2300
367.0,10.55,70300,746114.0,10.55,10.53,10.52,10.51,10.5,10.48,10.46,10.45,10.42,10.41,10.56,10.57,10.58,10.59,10.6,10.64,10.65,10.66,10.67,10.68,1000,200,2300,21800,1900,1700,3200,25600,1000,1400,500,400,400,3100,5100,3900,300,4900,1000,2300
368.0,10.55,70400,747169.0,10.55,10.53,10.52,10.51,10.5,10.48,10.46,10.45,10.42,10.41,10.56,10.57,10.58,10.59,10.6,10.64,10.65,10.66,10.67,10.68,900,200,2300,21800,1900,1700,3200,25600,1000,1400,500,400,400,3100,5100,3900,300,4900,1000,2300
369.0,10.56,70500,748225.0,10.55,10.53,10.52,10.51,10.5,10.48,10.46,10.45,10.42,10.41,10.56,10.57,10.58,10.59,10.6,10.64,10.65,10.66,10.67,10.68,900,200,2300,21800,1900,1700,3200,25600,1000,1400,800,400,400,3100,5100,3900,300,4900,1000,2300
370.0,10.55,71300,756665.0,10.55,10.53,10.52,10.51,10.5,10.48,10.46,10.45,10.42,10.41,10.56,10.57,10.58,10.59,10.6,10.64,10.65,10.66,10.67,10.68,100,200,2300,21800,1900,1700,3200,25600,1000,1400,800,400,400,3100,5100,3900,300,4900,1000,2300
371.0,10.55,71300,756665.0,10.55,10.53,10.52,10.51,10.5,10.48,10.46,10.45,10.42,10.41,10.56,10.57,10.58,10.59,10.6,10.64,10.65,10.66,10.67,10.68,100,200,2300,21800,1900,1700,3200,25600,1000,1400,800,400,400,3100,5100,3900,300,4900,1000,2300
372.0,10.55,71300,756665.0,10.55,10.53,10.52,10.51,10.5,10.48,10.46,10.45,10.42,10.41,10.56,10.57,10.58,10.59,10.6,10.64,10.65,10.66,10.67,10.68,100,200,2300,21800,1900,1700,3200,25600,1000,1400,800,400,400,3100,5100,3900,300,4900,1000,2300
373.0,10.55,71300,756665.0,10.55,10.53,10.52,10.51,10.5,10.48,10.46,10.45,10.42,10.41,10.56,10.57,10.58,10.59,10.6,10.64,10.65,10.66,10.67,10.68,100,200,2300,21800,1900,1700,3200,25600,1000,1400,800,400,400,3100,5100,3900,300,4900,1000,2300
374.0,10.55,71300,756665.0,10.55,10.53,10.52,10.51,10.5,10.48,10.46,10.45,10.42,10.41,10.56,10.57,10.58,10.59,10.6,10.64,10.65,10.66,10.67,10.68,200,200,2300,21800,1900,1700,3200,25600,1000,1400,800,400,400,3100,5100,3900,300,4900,1000,2300
375.0,10.55,71300,756665.0,10.55,10.53,10.52,10.51,10.5,10.48,10.46,10.45,10.42,10.41,10.56,10.57,10.58,10.59,10.6,10.64,10.65,10.66,10.67,10.68,200,200,2300,21800,1900,1700,3200,25600,1000,1400,800,400,400,3100,5100,3900,300,4900,1000,2300
376.0,10.55,71300,756665.0,10.55,10.53,10.52,10.51,10.5,10.48,10.46,10.45,10.42,10.41,10.56,10.57,10.58,10.59,10.6,10.64,10.65,10.66,10.67,10.68,200,200,2300,21800,1900,1700,3200,25600,1000,1400,800,400,400,3100,5100,3900,300,4900,1000,2300
377.0,10.55,71300,756665.0,10.55,10.53,10.52,10.51,10.5,10.48,10.46,10.45,10.42,10.41,10.56,10.57,10.58,10.59,10.6,10.64,10.65,10.66,10.67,10.68,200,200,2300,21800,1900,1700,3200,25600,1000,1400,800,400,400,3100,5100,3900,300,4900,1000,2300
378.0,10.55,71300,756665.0,10.55,10.53,10.52,10.51,10.5,10.48,10.46,10.45,10.42,10.41,10.56,10.57,10.58,10.59,10.6,10.64,10.65,10.66,10.67,10.68,200,200,2300,21800,1900,1700,3200,25600,1000,1400,800,400,400,3100,5100,3900,300,4900,1000,2300
379.0,10.55,71300,756665.0,10.55,10.53,10.52,10.51,10.5,10.48,10.46,10.45,10.42,10.41,10.56,10.57,10.58,10.59,10.6,10.64,10.65,10.66,10.67,10.68,200,200,2300,21800,1900,1700,3200,25600,1000,1400,800,400,400,3100,5100,3900,300,4900,1000,2300
380.0,10.56,71400,757721.0,10.55,10.53,10.52,10.51,10.5,10.48,10.46,10.45,10.42,10.41,10.56,10.57,10.58,10.59,10.6,10.64,10.65,10.66,10.67,10.68,200,200,2300,21800,1900,1700,3200,25600,1000,1400,700,400,400,3100,5100,3900,300,4900,1000,2300
381.0,10.55,71500,758776.0,10.55,10.53,10.52,10.51,10.5,10.48,10.46,10.45,10.42,10.41,10.56,10.57,10.58,10.59,10.6,10.64,10.65,10.66,10.67,10.68,100,200,2300,21800,1900,1700,3200,25600,1000,1400,700,400,400,3100,5100,3900,300,4900,1000,2300
382.0,10.55,71500,758776.0,10.55,10.53,10.52,10.51,10.5,10.48,10.46,10.45,10.42,10.41,10.56,10.57,10.58,10.59,10.6,10.64,10.65,10.66,10.67,10.68,100,200,2300,21800,1900,1700,3200,25600,1000,1400,700,400,400,3100,5100,3900,300,4900,1000,2300
383.0,10.55,71600,759831.0,10.53,10.52,10.51,10.5,10.48,10.46,10.45,10.42,10.41,10.4,10.55,10.56,10.57,10.58,10.59,10.6,10.64,10.65,10.66,10.67,200,2300,21800,1900,1700,3200,25600,1000,1400,1300,100,700,400,400,3100,5100,3900,300,4900,1000
384.0,10.55,71600,759831.0,10.53,10.52,10.51,10.5,10.48,10.46,10.45,10.42,10.41,10.4,10.55,10.56,10.57,10.58,10.59,10.6,10.64,10.65,10.66,10.67,300,2300,21800,1900,1700,3200,25600,1000,1400,1300,200,700,400,400,3100,5100,3900,300,4900,1000
385.0,10.55,71600,759831.0,10.53,10.52,10.51,10.5,10.48,10.46,10.45,10.42,10.41,10.4,10.55,10.56,10.57,10.58,10.59,10.6,10.64,10.65,10.66,10.67,300,2300,21800,1900,1700,3200,25600,1000,1400,1300,200,700,400,400,3100,5100,3900,300,4900,1000
386.0,10.55,71600,759831.0,10.53,10.52,10.51,10.5,10.48,10.46,10.45,10.42,10.41,10.4,10.55,10.56,10.57,10.58,10.59,10.6,10.64,10.65,10.66,10.67,400,2300,21800,1900,1700,3200,25600,1000,1400,1300,300,1400,400,400,3100,5100,3900,300,4900,1000
387.0,10.53,71700,760884.0,10.53,10.52,10.51,10.5,10.48,10.46,10.45,10.42,10.41,10.4,10.55,10.56,10.57,10.58,10.59,10.6,10.64,10.65,10.66,10.67,300,2300,21800,1900,1700,3200,25600,1000,1400,1300,300,1400,400,400,3100,5100,3900,300,4900,1000
388.0,10.53,71700,760884.0,10.53,10.52,10.51,10.5,10.48,10.46,10.45,10.42,10.41,10.4,10.55,10.56,10.57,10.58,10.59,10.6,10.64,10.65,10.66,10.67,400,2300,21800,1900,1700,3200,25600,1000,1400,1300,400,1400,400,400,3100,5100,3900,300,4900,1000
389.0,10.53,71700,760884.0,10.53,10.52,10.51,10.5,10.48,10.46,10.45,10.42,10.41,10.4,10.55,10.56,10.57,10.58,10.59,10.6,10.64,10.65,10.66,10.67,400,2300,21800,1900,1700,3200,25600,1000,1400,1300,400,700,400,400,3100,5100,3900,300,4900,1000
390.0,10.55,72000,764049.0,10.53,10.52,10.51,10.5,10.48,10.46,10.45,10.42,10.41,10.4,10.55,10.56,10.57,10.58,10.59,10.6,10.63,10.64,10.65,10.66,700,2300,21800,1900,1700,3200,25600,1000,1400,1300,800,400,400,400,3100,5100,5400,3900,300,4900
391.0,10.55,72000,764049.0,10.53,10.52,10.51,10.5,10.49,10.48,10.46,10.45,10.42,10.41,10.55,10.56,10.57,10.58,10.59,10.6,10.63,10.64,10.65,10.66,700,2300,21800,1900,100,1700,3200,25600,1000,1400,1400,400,400,400,3100,5100,5400,3900,300,4900
392.0,10.55,72400,768269.0,10.54,10.53,10.52,10.51,10.5,10.49,10.48,10.46,10.45,10.42,10.55,10.56,10.57,10.58,10.59,10.6,10.63,10.64,10.65,10.66,100,1000,2300,21800,1900,100,1700,3200,25600,1000,1100,400,400,500,3100,5100,5400,3900,300,4900
393.0,10.55,72800,772489.0,10.54,10.53,10.52,10.51,10.5,10.49,10.48,10.46,10.45,10.42,10.55,10.56,10.57,10.58,10.59,10.6,10.63,10.64,10.65,10.66,100,1000,2300,21800,1900,100,1700,3200,25600,1000,700,400,400,500,3100,5100,5400,3900,300,4900
394.0,10.55,72800,772489.0,10.54,10.53,10.52,10.51,10.5,10.49,10.48,10.46,10.45,10.42,10.55,10.56,10.57,10.58,10.59,10.6,10.63,10.64,10.65,10.66,100,1000,2300,21800,1900,100,1700,3200,25600,1000,700,400,400,500,3100,5100,5400,3900,300,4900
395.0,10.55,73100,775654.0,10.54,10.53,10.52,10.51,10.5,10.49,10.48,10.46,10.45,10.42,10.55,10.56,10.57,10.58,10.59,10.6,10.63,10.64,10.65,10.66,100,1000,2300,21800,1900,100,1700,3200,25600,1000,400,800,100,500,3100,5100,5400,3900,300,4900
396.0,10.55,73100,775654.0,10.54,10.53,10.52,10.51,10.5,10.49,10.48,10.46,10.45,10.42,10.55,10.56,10.57,10.58,10.59,10.6,10.63,10.64,10.65,10.66,100,1000,2300,21800,1900,100,1700,3200,25600,1000,400,400,100,500,3100,5100,5400,3900,300,4900
397.0,10.55,73100,775654.0,10.54,10.53,10.52,10.51,10.5,10.49,10.48,10.46,10.45,10.42,10.55,10.56,10.57,10.58,10.59,10.6,10.63,10.64,10.65,10.66,1500,1000,2300,21800,1900,100,1700,3200,25600,1000,400,400,100,500,3100,5100,5400,3900,300,4900
398.0,10.55,73100,775654.0,10.54,10.53,10.52,10.51,10.5,10.49,10.48,10.46,10.45,10.42,10.55,10.56,10.57,10.58,10.59,10.6,10.63,10.64,10.65,10.66,1500,1000,2300,21800,1900,100,1700,3200,25600,1000,400,400,100,500,900,5100,5400,3900,300,4900
399.0,10.54,73200,776708.0,10.54,10.53,10.52,10.51,10.5,10.49,10.48,10.46,10.45,10.42,10.55,10.56,10.57,10.58,10.59,10.6,10.63,10.64,10.65,10.66,1400,1000,2300,21800,1900,100,1700,3200,25600,1000,400,400,100,500,900,5100,5400,3900,300,4900
400.0,10.54,73200,776708.0,10.54,10.53,10.52,10.51,10.5,10.49,10.48,10.46,10.45,10.42,10.55,10.56,10.57,10.58,10.59,10.6,10.63,10.64,10.65,10.66,1400,1000,2300,21800,1900,100,1700,3200,25600,1000,400,400,100,500,900,5100,5400,3900,300,4900
401.0,10.54,73200,776708.0,10.54,10.53,10.52,10.51,10.5,10.49,10.48,10.46,10.45,10.42,10.55,10.56,10.57,10.58,10.59,10.6,10.63,10.64,10.65,10.66,1400,1000,2300,21800,1900,100,1700,3200,25600,1000,400,400,100,500,900,5100,5400,3900,300,4900
402.0,10.54,73200,776708.0,10.54,10.53,10.52,10.51,10.5,10.49,10.48,10.46,10.45,10.42,10.55,10.56,10.57,10.58,10.59,10.6,10.63,10.64,10.65,10.66,1400,1000,2300,21800,1900,100,1700,3200,25600,1000,400,400,100,500,900,5100,5400,3900,300,4900
403.0,10.54,73200,776708.0,10.54,10.53,10.52,10.51,10.5,10.49,10.48,10.46,10.45,10.42,10.55,10.56,10.57,10.58,10.59,10.6,10.63,10.64,10.65,10.66,1400,1000,2300,21800,1900,100,1700,3200,25600,1000,400,400,100,500,900,5100,5400,3900,300,4900
404.0,10.54,73200,776708.0,10.54,10.53,10.52,10.51,10.5,10.49,10.48,10.46,10.45,10.42,10.55,10.56,10.57,10.58,10.59,10.6,10.63,10.64,10.65,10.66,1400,1000,2300,21800,1900,100,1700,3200,25600,1000,400,400,100,500,900,5100,5400,3900,300,4900
405.0,10.54,73200,776708.0,10.54,10.53,10.52,10.51,10.5,10.49,10.48,10.46,10.45,10.42,10.55,10.56,10.57,10.58,10.59,10.6,10.63,10.64,10.65,10.66,1400,1000,2300,21800,1900,100,1700,3200,25600,1000,400,400,100,500,900,5100,5400,3900,300,4900
406.0,10.54,73200,776708.0,10.54,10.53,10.52,10.51,10.5,10.49,10.48,10.46,10.45,10.42,10.55,10.56,10.57,10.58,10.59,10.6,10.63,10.64,10.65,10.66,1400,1000,2300,21800,1900,100,1700,3200,25600,1000,400,400,100,500,900,5100,5400,3900,300,4900
407.0,10.54,73200,776708.0,10.54,10.53,10.52,10.51,10.5,10.49,10.48,10.46,10.45,10.42,10.55,10.56,10.57,10.58,10.59,10.6,10.63,10.64,10.65,10.66,1400,1000,2300,21800,1900,100,1700,3200,25600,1000,400,400,100,500,900,5100,5400,3900,300,4900
408.0,10.54,73200,776708.0,10.54,10.53,10.52,10.51,10.5,10.49,10.48,10.46,10.45,10.42,10.55,10.56,10.57,10.58,10.59,10.6,10.63,10.64,10.65,10.66,1400,1000,2300,21800,1900,100,1700,3200,25600,1000,400,400,100,500,900,5100,5400,3900,300,4900
409.0,10.54,73200,776708.0,10.54,10.53,10.52,10.51,10.5,10.49,10.48,10.46,10.45,10.42,10.55,10.56,10.57,10.58,10.59,10.6,10.63,10.64,10.65,10.66,1400,1000,2300,21800,1900,100,1700,3200,25600,1000,400,400,100,500,900,5100,5400,3900,300,4900
410.0,10.54,73200,776708.0,10.54,10.53,10.52,10.51,10.5,10.49,10.48,10.46,10.45,10.42,10.55,10.56,10.57,10.58,10.59,10.6,10.63,10.64,10.65,10.66,1400,1000,2300,21800,1900,100,1700,3200,25600,1000,400,400,100,500,900,5100,5400,3900,300,4900
411.0,10.54,73200,776708.0,10.54,10.53,10.52,10.51,10.5,10.49,10.48,10.46,10.45,10.42,10.55,10.56,10.57,10.58,10.59,10.6,10.63,10.64,10.65,10.66,1400,1000,2300,21800,1900,100,1700,3200,25600,1000,400,400,100,500,900,5100,5400,3900,300,4900
412.0,10.54,73200,776708.0,10.54,10.53,10.52,10.51,10.5,10.49,10.48,10.46,10.45,10.42,10.55,10.56,10.57,10.58,10.59,10.6,10.63,10.64,10.65,10.66,1400,1000,2300,21800,1900,100,1700,3200,25600,1000,400,400,100,500,900,5100,5400,3900,300,4900
413.0,10.54,73200,776708.0,10.54,10.53,10.52,10.51,10.5,10.49,10.48,10.46,10.45,10.42,10.55,10.56,10.57,10.58,10.59,10.6,10.63,10.64,10.65,10.66,1400,900,2300,21800,1900,100,1700,3200,25600,1000,400,400,100,500,900,5100,5400,3900,300,4900
414.0,10.54,73200,776708.0,10.54,10.53,10.52,10.51,10.5,10.49,10.48,10.46,10.45,10.42,10.55,10.56,10.57,10.58,10.59,10.6,10.63,10.64,10.65,10.66,1400,900,2300,21800,1900,100,1700,3200,25600,1000,400,400,100,500,900,5100,5400,3900,300,4900
415.0,10.54,73200,776708.0,10.54,10.53,10.52,10.51,10.5,10.49,10.48,10.46,10.45,10.42,10.55,10.56,10.57,10.58,10.59,10.6,10.63,10.64,10.65,10.66,1400,900,2300,21800,1900,100,1700,3200,25600,1000,400,400,100,500,900,5100,5400,3900,300,4900
416.0,10.54,73200,776708.0,10.54,10.53,10.52,10.51,10.5,10.49,10.48,10.46,10.45,10.42,10.55,10.56,10.57,10.58,10.59,10.6,10.63,10.64,10.65,10.66,1400,900,2300,21800,1900,100,1700,3200,25600,1000,400,400,100,500,900,5100,5400,3900,300,4900
