LocalTime,LastPrice,TradeVolume,TradeValue,BidPrice1,BidPrice2,BidPrice3,BidPrice4,BidPrice5,BidPrice6,BidPrice7,BidPrice8,BidPrice9,BidPriceA,AskPrice1,AskPrice2,AskPrice3,AskPrice4,AskPrice5,AskPrice6,AskPrice7,AskPrice8,AskPrice9,AskPriceA,BidVolume1,BidVolume2,BidVolume3,BidVolume4,BidVolume5,BidVolume6,BidVolume7,BidVolume8,BidVolume9,BidVolumeA,AskVolume1,AskVolume2,AskVolume3,AskVolume4,AskVolume5,AskVolume6,AskVolume7,AskVolume8,AskVolume9,AskVolumeA
0.0,0.0,0,0.0,5.97,5.95,5.93,5.91,5.9,5.89,5.87,5.86,5.84,5.82,6.0,6.02,6.05,6.08,6.09,6.14,6.15,6.18,6.2,6.25,6300,1000,1300,5100,17600,1500,5000,37700,100,100,2700,4800,11100,1000,1000,1400,1300,400,6300,4200
1.0,5.97,100,597.0,5.97,5.95,5.93,5.91,5.9,5.89,5.87,5.86,5.84,5.82,6.0,6.02,6.04,6.05,6.08,6.09,6.14,6.15,6.18,6.2,6200,1000,1300,5100,17600,1500,5000,57700,100,100,2700,4800,3100,11100,1000,1000,1400,1300,400,6300
2.0,5.97,100,597.0,5.97,5.95,5.93,5.91,5.9,5.89,5.87,5.86,5.84,5.82,6.0,6.02,6.04,6.05,6.08,6.09,6.14,6.15,6.18,6.2,6200,1000,8500,5100,17600,1500,5000,57700,100,100,3700,4800,3100,11100,1000,11000,1400,1300,400,6300
3.0,5.97,100,597.0,5.97,5.95,5.93,5.91,5.9,5.89,5.87,5.86,5.84,5.82,6.0,6.02,6.04,6.05,6.08,6.09,6.14,6.15,6.18,6.2,6200,1000,8500,5100,17600,1500,5000,57700,100,100,3700,4800,3100,11100,1000,11000,1400,1300,400,6300
4.0,5.97,100,597.0,5.97,5.95,5.93,5.92,5.91,5.9,5.89,5.87,5.86,5.84,6.0,6.02,6.04,6.05,6.08,6.09,6.14,6.15,6.18,6.2,6200,1000,8500,1000,5100,17600,1500,5000,57700,100,3700,4800,4100,11100,1000,11000,1400,1300,400,6300
5.0,5.97,100,597.0,5.97,5.95,5.94,5.93,5.92,5.91,5.9,5.89,5.87,5.86,6.0,6.02,6.04,6.05,6.08,6.09,6.14,6.15,6.18,6.2,6200,1000,400,8900,1000,48300,17600,1500,5000,57700,5800,12800,6600,11700,1000,11000,1400,1300,400,6300
6.0,5.97,100,597.0,5.98,5.97,5.95,5.94,5.93,5.92,5.91,5.9,5.89,5.87,6.0,6.02,6.04,6.05,6.08,6.09,6.14,6.15,6.18,6.2,100,6200,1000,400,8900,1000,48300,17600,1500,5000,5800,12800,6600,11700,1000,11000,1400,1300,400,3300
7.0,5.98,200,1195.0,5.97,5.95,5.94,5.93,5.92,5.91,5.9,5.89,5.87,5.86,6.0,6.02,6.03,6.04,6.05,6.08,6.09,6.14,6.15,6.18,6200,1500,400,8900,1000,48300,6600,1500,5000,57700,5800,12800,10000,12200,11700,1000,11000,1400,1300,400
8.0,5.98,200,1195.0,5.97,5.95,5.94,5.93,5.92,5.91,5.9,5.89,5.88,5.87,6.0,6.02,6.03,6.04,6.05,6.08,6.09,6.1,6.14,6.15,6200,1500,400,8900,1000,48300,6600,1500,600,5000,5800,12800,10000,12200,11700,1000,11000,1200,1400,1300
9.0,5.98,200,1195.0,5.97,5.95,5.94,5.93,5.92,5.91,5.9,5.89,5.88,5.87,6.0,6.02,6.03,6.04,6.05,6.08,6.09,6.1,6.14,6.15,6200,1500,400,8900,1000,48300,6600,1500,600,5000,5800,12800,10000,12200,11700,1000,12200,1200,1400,1300
10.0,5.98,200,1195.0,5.97,5.95,5.94,5.93,5.92,5.91,5.9,5.89,5.88,5.87,6.0,6.02,6.03,6.04,6.05,6.08,6.09,6.1,6.14,6.15,6200,1500,400,8900,1000,48300,6600,1500,600,5000,5800,12800,10000,12200,11700,1000,12200,1200,1400,1300
11.0,6.0,1500,8962.0,5.97,5.95,5.94,5.93,5.92,5.91,5.9,5.89,5.88,5.87,6.0,6.02,6.03,6.04,6.05,6.08,6.09,6.1,6.14,6.15,5100,1500,400,8900,1000,48300,6600,1500,600,5000,5600,12800,10000,12200,11700,1000,12200,1200,1700,1300
12.0,5.97,6600,39409.0,5.95,5.94,5.93,5.92,5.91,5.9,5.89,5.88,5.87,5.86,5.97,6.0,6.02,6.03,6.04,6.05,6.08,6.09,6.1,6.14,1500,400,8900,1000,48300,6600,1500,600,5000,57700,8900,5600,12800,10000,12200,11700,1000,12200,1200,1700
13.0,5.97,6600,39409.0,5.95,5.94,5.93,5.92,5.91,5.9,5.89,5.88,5.87,5.86,5.97,6.0,6.02,6.03,6.04,6.05,6.08,6.09,6.1,6.14,1500,400,8900,1000,48300,6600,1500,600,5000,57700,12300,5600,12800,10000,12200,11700,1000,12200,1200,1700
14.0,5.97,6600,39409.0,5.95,5.94,5.93,5.92,5.91,5.9,5.89,5.88,5.87,5.86,5.97,6.0,6.02,6.03,6.04,6.05,6.08,6.09,6.1,6.14,2100,400,8900,1000,48300,6600,1500,600,5000,57700,12500,5600,12800,10000,12200,11700,1000,12200,1200,1700
15.0,5.97,6600,39409.0,5.95,5.94,5.93,5.92,5.91,5.9,5.89,5.88,5.87,5.86,5.97,6.0,6.02,6.03,6.04,6.05,6.08,6.09,6.1,6.14,2100,400,8900,1000,48300,6600,1500,600,5000,57700,11600,5600,12800,10000,12200,11700,1000,12200,1200,1700
16.0,5.97,14900,88960.0,5.95,5.94,5.93,5.92,5.91,5.9,5.89,5.88,5.87,5.86,5.97,6.0,6.02,6.03,6.04,6.05,6.08,6.09,6.1,6.14,2100,400,8900,1300,48300,6600,1500,600,5000,57700,3300,5600,12800,10000,12200,11700,1000,12200,1200,1700
17.0,5.97,14900,88960.0,5.95,5.94,5.93,5.92,5.91,5.9,5.89,5.88,5.87,5.86,5.97,6.0,6.02,6.03,6.04,6.05,6.08,6.09,6.1,6.14,2100,400,8900,1300,48300,6600,1500,600,5000,57700,3300,5600,12800,15000,12200,11700,1000,12200,1200,1700
18.0,5.97,14900,88960.0,5.95,5.94,5.93,5.92,5.91,5.9,5.89,5.88,5.87,5.86,5.97,6.0,6.02,6.03,6.04,6.05,6.08,6.09,6.1,6.14,2100,400,8900,1300,48300,6600,1500,600,5000,57700,3300,5600,12800,15000,12200,11700,1000,12200,1200,1700
19.0,5.97,14900,88960.0,5.95,5.94,5.93,5.92,5.91,5.9,5.89,5.88,5.87,5.86,5.97,6.0,6.02,6.03,6.04,6.05,6.08,6.09,6.1,6.14,2100,400,8900,1300,48300,6600,1500,600,5000,57700,3300,6800,12800,15000,12200,11700,1000,12200,1200,1700
20.0,5.97,14900,88960.0,5.95,5.94,5.93,5.92,5.91,5.9,5.89,5.88,5.87,5.86,5.97,6.0,6.02,6.03,6.04,6.05,6.08,6.09,6.1,6.14,2100,400,8900,1300,48300,6600,1500,600,5000,57700,3300,6800,12800,15000,12200,11700,1000,12200,1200,1700
21.0,5.97,14900,88960.0,5.95,5.94,5.93,5.92,5.91,5.9,5.89,5.88,5.87,5.86,5.97,6.0,6.02,6.03,6.04,6.05,6.08,6.09,6.1,6.14,2100,400,8900,1300,48300,6600,1500,600,5000,57700,3300,6800,12800,15000,12200,11700,1000,12200,1200,1700
22.0,5.97,14900,88960.0,5.96,5.95,5.94,5.93,5.92,5.91,5.9,5.89,5.88,5.87,5.97,6.0,6.02,6.03,6.04,6.05,6.08,6.09,6.1,6.14,100,2100,400,8900,1300,48300,6600,1500,600,5000,3300,6800,12800,15000,12200,11700,1000,12200,1200,1700
23.0,5.97,14900,88960.0,5.96,5.95,5.94,5.93,5.92,5.91,5.9,5.89,5.88,5.87,5.97,6.0,6.02,6.03,6.04,6.05,6.08,6.09,6.1,6.14,100,2100,400,8900,1400,48300,6600,1500,600,5000,3300,6800,12800,15000,12200,11700,1000,12200,1200,1700
24.0,5.97,14900,88960.0,5.96,5.95,5.94,5.93,5.92,5.91,5.9,5.89,5.88,5.87,5.97,6.0,6.02,6.03,6.04,6.05,6.08,6.09,6.1,6.14,100,2100,400,8900,1500,48300,6600,1500,600,5000,3300,6800,12800,16500,12200,11700,1000,12200,1200,1700
25.0,5.97,14900,88960.0,5.96,5.95,5.94,5.93,5.92,5.91,5.9,5.89,5.88,5.87,5.97,6.0,6.02,6.03,6.04,6.05,6.08,6.09,6.1,6.14,100,2100,400,8900,1500,48300,6600,1500,600,5000,3300,6800,12800,16500,12200,11700,1000,12200,1200,1700
26.0,5.96,15000,89556.0,5.96,5.95,5.94,5.93,5.92,5.91,5.9,5.89,5.88,5.87,5.97,6.0,6.02,6.03,6.04,6.05,6.08,6.09,6.1,6.14,600,1500,400,8900,1500,48300,6600,1500,600,5000,3300,6800,12800,16500,12200,11700,1000,12200,1200,1700
27.0,5.96,15000,89556.0,5.96,5.95,5.94,5.93,5.92,5.91,5.9,5.89,5.88,5.87,5.97,6.0,6.02,6.03,6.04,6.05,6.08,6.09,6.1,6.14,600,1500,400,8900,1500,48300,6600,1500,600,5000,3300,6800,12800,16500,12200,11700,1000,12200,1200,1700
28.0,5.96,15000,89556.0,5.96,5.95,5.94,5.93,5.92,5.91,5.9,5.89,5.88,5.87,5.97,6.0,6.02,6.03,6.04,6.05,6.08,6.09,6.1,6.14,600,1500,400,8900,1500,48300,6600,1500,600,5000,3300,6800,12800,16500,12200,11700,1000,12200,1200,1700
29.0,5.96,15000,89556.0,5.96,5.95,5.94,5.93,5.92,5.91,5.9,5.89,5.88,5.87,5.97,6.0,6.02,6.03,6.04,6.05,6.08,6.09,6.1,6.14,600,1500,400,8900,1500,48300,6600,1500,600,5000,3300,6800,12800,16500,12200,11700,1000,12200,1200,1700
30.0,5.97,15100,90153.0,5.96,5.95,5.94,5.93,5.92,5.91,5.9,5.89,5.88,5.87,5.97,6.0,6.02,6.03,6.04,6.05,6.08,6.09,6.1,6.14,600,1500,400,8900,1500,48300,6600,1500,600,5000,3200,6800,12800,16500,12200,11700,1000,12200,1200,1700
31.0,5.97,15100,90153.0,5.96,5.95,5.94,5.93,5.92,5.91,5.9,5.89,5.88,5.87,5.97,6.0,6.02,6.03,6.04,6.05,6.08,6.09,6.1,6.14,600,1500,400,8900,1500,48300,6600,1500,600,5000,3200,6800,12800,16500,12200,11700,1000,12200,1200,1700
32.0,5.97,15100,90153.0,5.96,5.95,5.94,5.93,5.92,5.91,5.9,5.89,5.88,5.87,5.97,6.0,6.02,6.03,6.04,6.05,6.08,6.09,6.1,6.14,600,1500,400,8900,1500,48300,6600,1500,600,5000,4200,6800,12800,16500,12200,11700,1000,12200,1200,1700
33.0,5.97,15100,90153.0,5.96,5.95,5.94,5.93,5.92,5.91,5.9,5.89,5.88,5.87,5.97,6.0,6.02,6.03,6.04,6.05,6.08,6.09,6.1,6.14,600,1500,400,8900,1500,48300,6600,1500,600,5000,4200,6800,12800,16500,12200,11700,1000,12200,1200,1700
34.0,5.97,15100,90153.0,5.96,5.95,5.94,5.93,5.92,5.91,5.9,5.89,5.88,5.87,5.97,6.0,6.02,6.03,6.04,6.05,6.08,6.09,6.1,6.14,600,1500,400,8900,1500,48300,6600,1500,600,5000,4200,6800,12800,16500,12200,11700,1000,12200,1200,1700
35.0,5.96,15300,91345.0,5.96,5.95,5.94,5.93,5.92,5.91,5.9,5.89,5.88,5.87,5.97,6.0,6.02,6.03,6.04,6.05,6.08,6.09,6.1,6.14,400,1500,400,8900,1500,48300,6600,1500,600,5000,4200,6800,12800,16500,12200,11700,1000,12200,1200,1700
36.0,5.96,15300,91345.0,5.96,5.95,5.94,5.93,5.92,5.91,5.9,5.89,5.88,5.87,5.97,6.0,6.02,6.03,6.04,6.05,6.08,6.09,6.1,6.14,400,1500,400,8900,1500,48300,6600,1500,600,5000,4200,6800,12800,16500,12200,11700,1000,12200,1200,1700
37.0,5.96,15300,91345.0,5.96,5.95,5.94,5.93,5.92,5.91,5.9,5.89,5.88,5.87,5.97,6.0,6.02,6.03,6.04,6.05,6.08,6.09,6.1,6.14,400,1500,400,8900,1500,48300,6600,1500,600,5000,4200,6800,12800,16500,12200,11700,1000,12200,1200,1700
38.0,5.96,15300,91345.0,5.96,5.95,5.94,5.93,5.92,5.91,5.9,5.89,5.88,5.87,5.97,6.0,6.02,6.03,6.04,6.05,6.08,6.09,6.1,6.14,500,1500,400,8900,1500,48300,6600,1500,600,5000,4200,6800,12800,16500,12200,11700,1000,12200,1200,1700
39.0,5.96,15300,91345.0,5.96,5.95,5.94,5.93,5.92,5.91,5.9,5.89,5.88,5.87,5.97,6.0,6.02,6.03,6.04,6.05,6.08,6.09,6.1,6.14,500,1500,400,8900,1500,48300,6600,1500,600,5000,4200,6800,12800,16500,12200,11700,1000,12200,1200,1700
40.0,5.96,15300,91345.0,5.96,5.95,5.94,5.93,5.92,5.91,5.9,5.89,5.88,5.87,5.97,6.0,6.02,6.03,6.04,6.05,6.08,6.09,6.1,6.14,500,1500,400,8900,1500,48300,6600,1500,600,5000,4200,6800,12800,16500,12200,11700,1000,12200,1200,1700
41.0,5.96,15300,91345.0,5.96,5.95,5.94,5.93,5.92,5.91,5.9,5.89,5.88,5.87,5.97,6.0,6.02,6.03,6.04,6.05,6.08,6.09,6.1,6.14,500,1500,400,8900,1500,48300,6600,1500,600,5000,4200,6800,12800,16500,12200,11700,1000,12200,1200,1700
42.0,5.96,15300,91345.0,5.96,5.95,5.94,5.93,5.92,5.91,5.9,5.89,5.88,5.87,5.97,6.0,6.02,6.03,6.04,6.05,6.08,6.09,6.1,6.14,500,1500,400,8900,1500,48300,6600,1500,600,5000,4200,6800,12800,16500,12200,11700,1000,12200,1200,1700
43.0,5.96,15300,91345.0,5.96,5.95,5.94,5.93,5.92,5.91,5.9,5.89,5.88,5.87,5.97,6.0,6.02,6.03,6.04,6.05,6.08,6.09,6.1,6.14,500,1500,400,8900,1500,48300,6600,1500,600,5000,4200,6800,12800,16500,12200,11700,1000,12200,1200,1700
44.0,5.96,15300,91345.0,5.96,5.95,5.94,5.93,5.92,5.91,5.9,5.89,5.88,5.87,5.97,6.0,6.02,6.03,6.04,6.05,6.08,6.09,6.1,6.14,500,1500,400,8900,1500,48300,6600,1500,600,5000,4200,6800,12800,16500,12200,11700,2000,12200,1200,1700
45.0,5.96,15300,91345.0,5.96,5.95,5.94,5.93,5.92,5.91,5.9,5.89,5.88,5.87,5.97,6.0,6.02,6.03,6.04,6.05,6.08,6.09,6.1,6.14,500,1500,400,8900,1500,48300,6600,1500,600,5000,4200,6800,12800,16500,12200,11700,2000,12200,1200,1700
46.0,5.96,15800,94325.0,5.95,5.94,5.93,5.92,5.91,5.9,5.89,5.88,5.87,5.86,5.96,5.97,6.0,6.02,6.03,6.04,6.05,6.08,6.09,6.1,1500,400,8900,1500,48300,6600,1500,600,5000,57700,1100,1500,6800,12800,16500,12200,11700,2000,12200,1200
47.0,5.96,15800,94325.0,5.95,5.94,5.93,5.92,5.91,5.9,5.89,5.88,5.87,5.86,5.96,5.97,6.0,6.02,6.03,6.04,6.05,6.08,6.09,6.1,1500,400,8900,1500,48300,6600,1500,600,5000,57700,1100,1500,6800,12800,16500,12200,11700,2000,12200,1200
48.0,5.96,15800,94325.0,5.95,5.94,5.93,5.92,5.91,5.9,5.89,5.88,5.87,5.86,5.96,5.97,6.0,6.02,6.03,6.04,6.05,6.08,6.09,6.1,1500,400,8900,1500,48300,6600,1500,600,5000,57700,1100,1500,6800,12800,16500,12200,11700,2000,12200,1200
49.0,5.96,15800,94325.0,5.95,5.94,5.93,5.92,5.91,5.9,5.89,5.88,5.87,5.86,5.96,5.97,6.0,6.02,6.03,6.04,6.05,6.08,6.09,6.1,1500,400,8900,1500,48300,6600,1500,600,5000,57700,1100,1500,6800,12800,16500,12200,11700,2000,12200,1200
50.0,5.96,15800,94325.0,5.95,5.94,5.93,5.92,5.91,5.9,5.89,5.88,5.87,5.86,5.96,5.97,6.0,6.02,6.03,6.04,6.05,6.08,6.09,6.1,1500,400,8900,1500,48300,6600,1500,600,5000,57700,1100,1500,6800,12800,16500,6600,11700,2000,12200,1200
51.0,5.96,15800,94325.0,5.95,5.94,5.93,5.92,5.91,5.9,5.89,5.88,5.87,5.86,5.96,5.97,6.0,6.02,6.03,6.04,6.05,6.08,6.09,6.1,2100,400,8900,1500,48300,6600,1500,600,5000,57700,1100,1500,6800,12800,16500,6600,11700,2000,12200,1200
52.0,5.96,15800,94325.0,5.95,5.94,5.93,5.92,5.91,5.9,5.89,5.88,5.87,5.86,5.96,5.97,6.0,6.02,6.03,6.04,6.05,6.08,6.09,6.1,2100,400,8900,1500,48300,6600,1500,600,5000,57700,1100,2200,6800,12800,16500,6600,11700,2000,12200,1200
53.0,5.96,15800,94325.0,5.95,5.94,5.93,5.92,5.91,5.9,5.89,5.88,5.87,5.86,5.96,5.97,6.0,6.01,6.02,6.03,6.04,6.05,6.08,6.09,2100,400,8900,1700,48300,6600,1500,600,5000,57700,1100,2200,6800,8300,12800,16500,6600,11700,2000,12200
54.0,5.96,15800,94325.0,5.95,5.94,5.93,5.92,5.91,5.9,5.89,5.88,5.87,5.86,5.96,5.97,6.0,6.01,6.02,6.03,6.04,6.05,6.08,6.09,2100,400,8900,1700,48300,6600,1500,600,5000,57700,1100,2200,6800,8300,12800,16500,6600,11700,2000,12200
55.0,5.96,15800,94325.0,5.95,5.94,5.93,5.92,5.91,5.9,5.89,5.88,5.87,5.86,5.96,5.97,6.0,6.01,6.02,6.03,6.04,6.05,6.08,6.09,1600,400,8900,1700,48300,6600,1500,600,5000,57700,4600,2200,6800,8300,12800,16500,6600,11700,2000,12200
56.0,5.96,15800,94325.0,5.95,5.94,5.93,5.92,5.91,5.9,5.89,5.88,5.87,5.86,5.96,5.97,6.0,6.01,6.02,6.03,6.04,6.05,6.08,6.09,1600,400,8900,1700,48300,6600,1500,600,5000,57700,4600,2200,6800,8300,12800,16500,6600,11700,2000,12200
57.0,5.96,15800,94325.0,5.95,5.94,5.93,5.92,5.91,5.9,5.89,5.88,5.87,5.86,5.96,5.97,6.0,6.01,6.02,6.03,6.04,6.05,6.08,6.09,1600,400,8900,1700,48300,6600,1500,600,5000,57700,4600,2200,6800,8300,12800,16500,6600,11700,2000,12200
58.0,5.96,15800,94325.0,5.95,5.94,5.93,5.92,5.91,5.9,5.89,5.88,5.87,5.86,5.96,5.97,6.0,6.01,6.02,6.03,6.04,6.05,6.08,6.09,1600,400,8900,1700,48300,6600,1500,600,5000,57700,4600,2200,6800,8300,12800,16500,6600,11700,2000,12200
59.0,5.96,15800,94325.0,5.95,5.94,5.93,5.92,5.91,5.9,5.89,5.88,5.87,5.86,5.96,5.97,6.0,6.01,6.02,6.03,6.04,6.05,6.08,6.09,1600,400,8900,1700,48300,6600,1500,600,5000,57700,4600,2200,6800,8300,12800,16500,6600,11700,2000,12200
60.0,5.96,15800,94325.0,5.95,5.94,5.93,5.92,5.91,5.9,5.89,5.88,5.87,5.86,5.96,5.97,6.0,6.01,6.02,6.03,6.04,6.05,6.08,6.09,1600,400,8900,1700,48300,6600,1500,600,5000,57700,4600,2200,6800,8300,12800,16500,6600,11700,2000,12200
61.0,5.96,15800,94325.0,5.95,5.94,5.93,5.92,5.91,5.9,5.89,5.88,5.87,5.86,5.96,5.97,6.0,6.01,6.02,6.03,6.04,6.05,6.08,6.09,1600,400,8900,1700,48300,6600,1500,600,5000,57700,4600,2200,6800,8300,12800,16500,6600,11700,2000,12200
62.0,5.96,15800,94325.0,5.95,5.94,5.93,5.92,5.91,5.9,5.89,5.88,5.87,5.86,5.96,5.97,6.0,6.01,6.02,6.03,6.04,6.05,6.08,6.09,1600,400,8900,1700,48300,6600,1500,600,5000,57700,4600,2200,6800,8300,12800,16500,6600,11700,2000,12200
63.0,5.96,15800,94325.0,5.95,5.94,5.93,5.92,5.91,5.9,5.89,5.88,5.87,5.86,5.96,5.97,6.0,6.01,6.02,6.03,6.04,6.05,6.08,6.09,1600,400,8900,1700,48300,6600,1500,600,5000,57700,4600,2200,6800,8300,12800,16500,6600,11700,2000,12200
64.0,5.96,15800,94325.0,5.95,5.94,5.93,5.92,5.91,5.9,5.89,5.88,5.87,5.86,5.96,5.97,6.0,6.01,6.02,6.03,6.04,6.05,6.08,6.09,1600,400,8900,1700,48300,6600,1500,600,5000,57700,4600,2200,6800,8300,12800,16500,6600,11700,2000,12200
65.0,5.96,15800,94325.0,5.95,5.94,5.93,5.92,5.91,5.9,5.89,5.88,5.87,5.86,5.96,5.97,6.0,6.01,6.02,6.03,6.04,6.05,6.08,6.09,1900,400,8900,1700,48300,6600,1500,600,5000,57700,4600,2200,6800,10800,12800,16500,6600,11700,2000,12200
66.0,5.96,15800,94325.0,5.95,5.94,5.93,5.92,5.91,5.9,5.89,5.88,5.87,5.86,5.96,5.97,6.0,6.01,6.02,6.03,6.04,6.05,6.08,6.09,1900,400,8900,1700,48300,6600,1500,600,5000,57700,4600,2200,6800,10800,12800,16500,6600,11700,2000,12200
67.0,5.96,15800,94325.0,5.95,5.94,5.93,5.92,5.91,5.9,5.89,5.88,5.87,5.86,5.96,5.97,6.0,6.01,6.02,6.03,6.04,6.05,6.08,6.09,1900,400,8900,1700,48300,6600,1500,600,5000,57700,7000,2200,7100,10800,12800,16500,6600,11700,2000,12200
68.0,5.96,17000,101477.0,5.95,5.94,5.93,5.92,5.91,5.9,5.89,5.88,5.87,5.86,5.96,5.97,6.0,6.01,6.02,6.03,6.04,6.05,6.08,6.09,1900,400,8900,1700,48300,6600,1500,600,5000,57700,5800,2200,7100,10800,12800,16500,6600,11700,2000,12200
69.0,5.95,18200,108617.0,5.95,5.94,5.93,5.92,5.91,5.9,5.89,5.88,5.87,5.86,5.96,5.97,6.0,6.01,6.02,6.03,6.04,6.05,6.08,6.09,700,400,8900,1700,48300,6600,1500,600,5000,57700,5800,2200,7100,11000,12800,16500,4100,11700,2000,12200
70.0,5.95,18900,112782.0,5.94,5.93,5.92,5.91,5.9,5.89,5.88,5.87,5.86,5.84,5.96,5.97,6.0,6.01,6.02,6.03,6.04,6.05,6.08,6.09,400,8900,1700,48300,6600,1500,600,5000,57700,100,6700,2200,7100,11000,12800,16500,4100,11700,2000,12200
71.0,5.95,18900,112782.0,5.94,5.93,5.92,5.91,5.9,5.89,5.88,5.87,5.86,5.84,5.96,5.97,6.0,6.01,6.02,6.03,6.04,6.05,6.08,6.09,400,8900,15000,48300,6600,1500,600,5000,57700,100,6700,2200,7100,11000,12800,16500,4100,11700,2000,12200
72.0,5.95,18900,112782.0,5.94,5.93,5.92,5.91,5.9,5.89,5.88,5.87,5.86,5.84,5.96,5.97,6.0,6.01,6.02,6.03,6.04,6.05,6.08,6.09,400,8900,15000,48300,6600,1500,600,5000,57700,100,6700,1500,7100,11000,12800,16500,4100,11700,2000,12800
73.0,5.95,18900,112782.0,5.94,5.93,5.92,5.91,5.9,5.89,5.88,5.87,5.86,5.84,5.96,5.97,6.0,6.01,6.02,6.03,6.04,6.05,6.08,6.09,400,8900,15000,48300,6600,1500,600,5000,57700,100,6700,1500,7100,11000,12800,16500,4100,11700,2000,12800
74.0,5.95,18900,112782.0,5.94,5.93,5.92,5.91,5.9,5.89,5.88,5.87,5.86,5.84,5.96,5.97,6.0,6.01,6.02,6.03,6.04,6.05,6.08,6.09,400,8900,15000,48300,6600,1500,600,5000,57700,100,6700,1500,7100,11000,12800,16500,4100,11700,2000,12800
75.0,5.95,18900,112782.0,5.94,5.93,5.92,5.91,5.9,5.89,5.88,5.87,5.86,5.84,5.96,5.97,6.0,6.01,6.02,6.03,6.04,6.05,6.08,6.09,400,8900,15000,48300,6600,1500,600,5000,57700,100,6700,1500,7100,11000,12800,16500,4100,11700,2000,12800
76.0,5.95,18900,112782.0,5.94,5.93,5.92,5.91,5.9,5.89,5.88,5.87,5.86,5.84,5.96,5.97,6.0,6.01,6.02,6.03,6.04,6.05,6.08,6.09,400,8900,16400,48300,6600,1500,600,5000,57700,100,6800,1500,7100,11000,12800,16500,4100,11700,2000,12800
77.0,5.95,18900,112782.0,5.94,5.93,5.92,5.91,5.9,5.89,5.88,5.87,5.86,5.84,5.96,5.97,6.0,6.01,6.02,6.03,6.04,6.05,6.08,6.09,400,8900,16400,48300,6600,1500,600,5000,57700,100,6800,1500,7100,11000,12800,16500,4100,11700,2000,12800
78.0,5.95,18900,112782.0,5.94,5.93,5.92,5.91,5.9,5.89,5.88,5.87,5.86,5.84,5.96,5.97,6.0,6.01,6.02,6.03,6.04,6.05,6.08,6.09,400,8900,16400,48300,6600,1500,600,5000,57700,100,6800,1500,7100,11000,12800,16500,4100,11700,2000,12800
79.0,5.95,18900,112782.0,5.94,5.93,5.92,5.91,5.9,5.89,5.88,5.87,5.86,5.84,5.96,5.97,6.0,6.01,6.02,6.03,6.04,6.05,6.08,6.09,400,8900,16400,48300,6600,1500,600,5000,57700,100,6800,1500,7100,11000,12800,16500,1000,11700,2000,12800
80.0,5.95,18900,112782.0,5.94,5.93,5.92,5.91,5.9,5.89,5.88,5.87,5.86,5.84,5.96,5.97,6.0,6.01,6.02,6.03,6.04,6.05,6.08,6.09,400,8900,16400,48300,6600,1500,600,5000,57700,100,6800,1500,7100,11000,12800,16500,1000,11700,2000,12800
81.0,5.95,18900,112782.0,5.94,5.93,5.92,5.91,5.9,5.89,5.88,5.87,5.86,5.84,5.96,5.97,6.0,6.01,6.02,6.03,6.04,6.05,6.08,6.09,400,8900,16400,48300,11900,1500,600,5000,57700,100,7200,1500,7100,11000,12800,16500,1000,11700,2000,12800
82.0,5.95,18900,112782.0,5.94,5.93,5.92,5.91,5.9,5.89,5.88,5.87,5.86,5.84,5.96,5.97,6.0,6.01,6.02,6.03,6.04,6.05,6.08,6.09,400,8900,16400,48300,11900,1500,600,5000,57700,100,7200,1500,7100,11000,12800,16500,1000,11700,2000,12800
83.0,5.95,18900,112782.0,5.94,5.93,5.92,5.91,5.9,5.89,5.88,5.87,5.86,5.84,5.96,5.97,6.0,6.01,6.02,6.03,6.04,6.05,6.08,6.09,400,8900,16400,48300,11900,1500,600,5000,57700,100,7200,1500,7100,11000,12800,16500,1000,11700,2000,12800
84.0,5.94,19000,113376.0,5.94,5.93,5.92,5.91,5.9,5.89,5.88,5.87,5.86,5.84,5.95,5.96,5.97,6.0,6.01,6.02,6.03,6.04,6.05,6.08,300,8900,16400,48300,11900,1500,600,5000,57700,100,1100,7200,1500,7100,11000,12800,16500,1000,11700,2000
85.0,5.94,19000,113376.0,5.94,5.93,5.92,5.91,5.9,5.89,5.88,5.87,5.86,5.84,5.95,5.96,5.97,6.0,6.01,6.02,6.03,6.04,6.05,6.08,300,8900,16400,48300,11900,1500,600,5000,57700,100,1100,7200,1500,7100,11000,12800,16500,1000,11700,2000
86.0,5.94,19000,113376.0,5.94,5.93,5.92,5.91,5.9,5.89,5.88,5.87,5.86,5.84,5.95,5.96,5.97,6.0,6.01,6.02,6.03,6.04,6.05,6.08,300,8900,16400,48300,11900,1500,600,5000,57700,100,1100,7200,1500,7100,11000,12800,16500,1000,11700,2000
87.0,5.94,19000,113376.0,5.94,5.93,5.92,5.91,5.9,5.89,5.88,5.87,5.86,5.84,5.95,5.96,5.97,6.0,6.01,6.02,6.03,6.04,6.05,6.08,300,8900,16400,48300,11900,1500,600,5000,57700,100,1100,7200,1500,7100,11000,12800,16500,1000,11700,2000
88.0,5.94,19000,113376.0,5.94,5.93,5.92,5.91,5.9,5.89,5.88,5.87,5.86,5.84,5.95,5.96,5.97,6.0,6.01,6.02,6.03,6.04,6.05,6.08,300,8900,19400,48300,11900,1500,600,5000,57700,100,3700,7200,1500,7100,11000,12800,16500,1000,11700,2000
89.0,5.94,19000,113376.0,5.94,5.93,5.92,5.91,5.9,5.89,5.88,5.87,5.86,5.84,5.95,5.96,5.97,6.0,6.01,6.02,6.03,6.04,6.05,6.08,300,8900,19400,48300,11900,1500,600,5000,57700,100,3700,15400,1500,7100,11000,12800,16500,1000,11700,2000
90.0,5.94,19000,113376.0,5.94,5.93,5.92,5.91,5.9,5.89,5.88,5.87,5.86,5.84,5.95,5.96,5.97,6.0,6.01,6.02,6.03,6.04,6.05,6.08,300,8900,19400,48300,11900,1500,600,5000,57700,100,3700,15400,1500,7100,11000,12800,16500,1000,11700,2000
91.0,5.94,19000,113376.0,5.94,5.93,5.92,5.91,5.9,5.89,5.88,5.87,5.86,5.84,5.95,5.96,5.97,6.0,6.01,6.02,6.03,6.04,6.05,6.08,300,8900,19400,48300,11900,1500,600,5000,57700,100,3700,12300,1500,7100,11000,12800,16500,1000,11700,2000
92.0,5.94,19000,113376.0,5.94,5.93,5.92,5.91,5.9,5.89,5.88,5.87,5.86,5.84,5.95,5.96,5.97,6.0,6.01,6.02,6.03,6.04,6.05,6.08,300,8900,19400,48300,11900,1500,600,5000,57700,100,3700,12300,1500,7100,11000,12800,16500,1000,11700,2000
93.0,5.94,19000,113376.0,5.94,5.93,5.92,5.91,5.9,5.89,5.88,5.87,5.86,5.84,5.95,5.96,5.97,6.0,6.01,6.02,6.03,6.04,6.05,6.08,300,8900,19400,48300,11900,1500,600,5000,57700,100,6600,12300,1500,7100,11000,12800,16500,1000,11700,2000
94.0,5.94,19000,113376.0,5.94,5.93,5.92,5.91,5.9,5.89,5.88,5.87,5.86,5.84,5.95,5.96,5.97,6.0,6.01,6.02,6.03,6.04,6.05,6.08,300,8900,19400,48300,11900,1500,600,5000,57700,100,6600,12300,1500,7100,11000,12800,16500,1000,11700,2000
95.0,5.94,19000,113376.0,5.94,5.93,5.92,5.91,5.9,5.89,5.88,5.87,5.86,5.84,5.95,5.96,5.97,6.0,6.01,6.02,6.03,6.04,6.05,6.08,300,8900,19400,48300,11900,1500,600,5000,57700,100,6600,12300,1500,7100,11000,12800,16500,1000,11700,2000
96.0,5.94,19000,113376.0,5.94,5.93,5.92,5.91,5.9,5.89,5.88,5.87,5.86,5.84,5.95,5.96,5.97,6.0,6.01,6.02,6.03,6.04,6.05,6.08,300,8900,19400,48300,11900,1500,600,5000,57700,100,6600,12300,1500,7100,11000,12800,16500,1000,11700,2000
97.0,5.94,19000,113376.0,5.94,5.93,5.92,5.91,5.9,5.89,5.88,5.87,5.86,5.84,5.95,5.96,5.97,6.0,6.01,6.02,6.03,6.04,6.05,6.08,300,8900,19400,48300,11900,1500,600,5000,57700,100,6600,12300,1500,7100,11000,12800,16500,1000,11700,2000
98.0,5.94,19000,113376.0,5.94,5.93,5.92,5.91,5.9,5.89,5.88,5.87,5.86,5.84,5.95,5.96,5.97,6.0,6.01,6.02,6.03,6.04,6.05,6.08,300,8900,19400,48300,11900,1500,600,5000,57700,100,6600,12300,1500,7100,11000,12800,16500,1000,11700,2000
99.0,5.94,19000,113376.0,5.94,5.93,5.92,5.91,5.9,5.89,5.88,5.87,5.86,5.84,5.95,5.96,5.97,6.0,6.01,6.02,6.03,6.04,6.05,6.08,300,8900,19400,48300,11900,1500,600,5000,57700,100,6600,12300,1500,7100,11000,12800,16500,1000,11700,2000
100.0,5.94,19000,113376.0,5.94,5.93,5.92,5.91,5.9,5.89,5.88,5.87,5.86,5.84,5.95,5.96,5.97,6.0,6.01,6.02,6.03,6.04,6.05,6.08,300,8900,19400,48300,11900,1500,600,5000,57700,100,6600,12300,1500,7100,11000,12800,16500,1000,11700,2000
101.0,5.94,19000,113376.0,5.94,5.93,5.92,5.91,5.9,5.89,5.88,5.87,5.86,5.84,5.95,5.96,5.97,6.0,6.01,6.02,6.03,6.04,6.05,6.08,300,8900,19400,48300,11900,1500,600,5000,57700,100,6600,12300,1500,7100,11000,12800,16500,1000,11700,2000
102.0,5.94,19000,113376.0,5.94,5.93,5.92,5.91,5.9,5.89,5.88,5.87,5.86,5.84,5.95,5.96,5.97,6.0,6.01,6.02,6.03,6.04,6.05,6.08,300,8900,19400,48300,12200,1500,600,5000,57700,100,6600,12300,1500,7100,11000,12800,16500,1000,11700,2000
103.0,5.94,19300,115158.0,5.93,5.92,5.91,5.9,5.89,5.88,5.87,5.86,5.84,5.82,5.94,5.95,5.96,5.97,6.0,6.01,6.02,6.03,6.04,6.05,8900,19400,48300,12200,1500,600,5000,57700,100,100,700,6600,12300,1500,7100,11000,12800,16500,1000,11700
104.0,5.94,19300,115158.0,5.93,5.92,5.91,5.9,5.89,5.88,5.87,5.86,5.84,5.82,5.94,5.95,5.96,5.97,6.0,6.01,6.02,6.03,6.04,6.05,8900,19400,48300,12200,1500,600,5000,57700,100,100,700,6600,12300,1500,7100,11000,12800,16500,1000,11700
105.0,5.94,19300,115158.0,5.93,5.92,5.91,5.9,5.89,5.88,5.87,5.86,5.84,5.82,5.94,5.95,5.96,5.97,6.0,6.01,6.02,6.03,6.04,6.05,8900,19400,48300,12200,1500,600,5000,57700,100,100,700,6600,12300,1500,7100,11000,12800,16500,1000,11700
106.0,5.94,19300,115158.0,5.93,5.92,5.91,5.9,5.89,5.88,5.87,5.86,5.84,5.82,5.94,5.95,5.96,5.97,6.0,6.01,6.02,6.03,6.04,6.05,8900,19400,48300,12200,1500,600,5000,57700,100,100,700,6600,12300,1500,7100,11000,12800,16500,1000,11700
107.0,5.94,19300,115158.0,5.93,5.92,5.91,5.9,5.89,5.88,5.87,5.86,5.84,5.82,5.94,5.95,5.96,5.97,6.0,6.01,6.02,6.03,6.04,6.05,8900,19400,48300,12200,1500,600,5000,57700,100,100,700,6600,12300,1500,7100,4700,12800,16500,1000,11700
108.0,5.94,20000,119316.0,5.93,5.92,5.91,5.9,5.89,5.88,5.87,5.86,5.84,5.82,5.95,5.96,5.97,6.0,6.01,6.02,6.03,6.04,6.05,6.08,8900,27500,48300,12200,1500,600,5000,57700,100,100,6600,12300,1500,7100,4700,12800,16500,1000,11700,2000
109.0,5.94,20000,119316.0,5.94,5.93,5.92,5.91,5.9,5.89,5.88,5.87,5.86,5.84,5.95,5.96,5.97,6.0,6.01,6.02,6.03,6.04,6.05,6.08,1000,8900,27500,48300,12200,1500,600,5000,57700,100,6600,12300,2500,7100,4700,12800,16500,1000,11700,2000
110.0,5.94,20000,119316.0,5.94,5.93,5.92,5.91,5.9,5.89,5.88,5.87,5.86,5.84,5.95,5.96,5.97,6.0,6.01,6.02,6.03,6.04,6.05,6.08,1000,8900,27500,48300,12200,1500,600,5000,57700,100,6600,12300,2500,7100,4700,12800,16500,1000,11700,2000
111.0,5.94,20000,119316.0,5.94,5.93,5.92,5.91,5.9,5.89,5.88,5.87,5.86,5.84,5.95,5.96,5.97,6.0,6.01,6.02,6.03,6.04,6.05,6.08,1000,8900,27500,48300,12200,1500,600,5000,57700,100,6600,12300,2500,7100,4700,12800,16500,1000,11700,2000
112.0,5.94,20000,119316.0,5.94,5.93,5.92,5.91,5.9,5.89,5.88,5.87,5.86,5.84,5.95,5.96,5.97,6.0,6.01,6.02,6.03,6.04,6.05,6.08,1000,8900,27500,48300,12200,1500,600,5000,57700,100,6600,12300,2500,7100,4700,12800,16500,1000,11700,2000
113.0,5.94,20000,119316.0,5.94,5.93,5.92,5.91,5.9,5.89,5.88,5.87,5.86,5.84,5.95,5.96,5.97,6.0,6.01,6.02,6.03,6.04,6.05,6.08,1000,8900,27500,48300,12200,1500,600,5000,57700,100,6600,12300,2500,7100,4700,12800,16500,1000,11700,2000
114.0,5.94,20000,119316.0,5.94,5.93,5.92,5.91,5.9,5.89,5.88,5.87,5.86,5.84,5.95,5.96,5.97,6.0,6.01,6.02,6.03,6.04,6.05,6.08,1000,8900,27500,48300,12200,1500,600,5000,57700,100,6600,12300,2500,7100,4700,12800,16500,1000,11700,2000
115.0,5.94,20000,119316.0,5.94,5.93,5.92,5.91,5.9,5.89,5.88,5.87,5.86,5.84,5.95,5.96,5.97,6.0,6.01,6.02,6.03,6.04,6.05,6.08,1000,8900,27500,48300,12200,1500,600,5000,57700,100,6600,12300,2500,7100,4700,12800,16500,1000,11700,2000
116.0,5.94,20000,119316.0,5.94,5.93,5.92,5.91,5.9,5.89,5.88,5.87,5.86,5.84,5.95,5.96,5.97,6.0,6.01,6.02,6.03,6.04,6.05,6.08,1000,8900,27500,48300,12200,1500,600,5000,57700,100,6600,12300,2500,7100,4700,12800,16500,1000,11700,2000
117.0,5.94,20000,119316.0,5.94,5.93,5.92,5.91,5.9,5.89,5.88,5.87,5.86,5.84,5.95,5.96,5.97,6.0,6.01,6.02,6.03,6.04,6.05,6.08,1000,8900,27500,48300,12200,1500,600,5000,57700,100,6600,12300,1500,7100,4700,12800,16500,1000,11700,2000
118.0,5.94,20000,119316.0,5.94,5.93,5.92,5.91,5.9,5.89,5.88,5.87,5.86,5.84,5.95,5.96,5.97,6.0,6.01,6.02,6.03,6.04,6.05,6.08,1000,8900,27500,48300,12200,1500,600,5000,57700,100,6600,12300,1500,7100,4700,12800,16500,1000,11700,2000
119.0,5.94,20000,119316.0,5.94,5.93,5.92,5.91,5.9,5.89,5.88,5.87,5.86,5.84,5.95,5.96,5.97,6.0,6.01,6.02,6.03,6.04,6.05,6.08,1000,8900,27500,48300,12200,1500,600,5000,57700,100,6600,12300,1500,7100,4700,12800,16500,1000,11700,2000
120.0,5.94,20000,119316.0,5.94,5.93,5.92,5.91,5.9,5.89,5.88,5.87,5.86,5.84,5.95,5.96,5.97,6.0,6.01,6.02,6.03,6.04,6.05,6.08,1000,8900,27500,48300,12200,1500,600,5000,57700,100,6600,12300,1500,7100,4700,12800,16500,1000,11700,2000
121.0,5.94,20000,119316.0,5.94,5.93,5.92,5.91,5.9,5.89,5.88,5.87,5.86,5.84,5.95,5.96,5.97,6.0,6.01,6.02,6.03,6.04,6.05,6.08,1000,8900,27500,48300,12200,1500,600,5000,57700,100,6600,12300,1500,7100,4700,12800,16500,1000,11700,2000
122.0,5.94,20000,119316.0,5.94,5.93,5.92,5.91,5.9,5.89,5.88,5.87,5.86,5.84,5.95,5.96,5.97,6.0,6.01,6.02,6.03,6.04,6.05,6.08,1000,8900,27500,48300,12200,1500,600,5000,57700,100,6600,12300,1500,7100,4700,12800,16500,1000,11700,2000
123.0,5.94,20000,119316.0,5.94,5.93,5.92,5.91,5.9,5.89,5.88,5.87,5.86,5.84,5.95,5.96,5.97,6.0,6.01,6.02,6.03,6.04,6.05,6.08,1000,8900,27500,48300,12200,1500,600,5000,57700,100,6600,12300,1500,7100,4700,12800,16500,1000,11700,2000
124.0,5.94,20000,119316.0,5.94,5.93,5.92,5.91,5.9,5.89,5.88,5.87,5.86,5.84,5.95,5.96,5.97,6.0,6.01,6.02,6.03,6.04,6.05,6.08,1000,8900,27500,48300,12200,1500,600,5000,57700,100,6600,12300,1500,7100,4700,12800,16500,1000,11700,2000
125.0,5.94,21000,125256.0,5.93,5.92,5.91,5.9,5.89,5.88,5.87,5.86,5.84,5.82,5.95,5.96,5.97,6.0,6.01,6.02,6.03,6.04,6.05,6.08,8900,27500,48300,12200,1500,600,5000,57700,100,100,6600,12300,1500,7100,4700,12800,16500,1000,11700,2000
126.0,5.94,21000,125256.0,5.94,5.93,5.92,5.91,5.9,5.89,5.88,5.87,5.86,5.84,5.95,5.96,5.97,6.0,6.01,6.02,6.03,6.04,6.05,6.08,100,9000,27500,48300,12200,1500,600,5000,57700,100,6600,12300,1500,7100,4700,12800,16500,1000,11700,2000
127.0,5.94,21200,126444.0,5.93,5.92,5.91,5.9,5.89,5.88,5.87,5.86,5.84,5.82,5.95,5.96,5.97,6.0,6.01,6.02,6.03,6.04,6.05,6.08,9000,27500,48300,12200,1500,600,5000,57700,100,100,6600,12300,1500,7100,4700,12800,16500,1000,11700,2000
128.0,5.94,21200,126444.0,5.93,5.92,5.91,5.9,5.89,5.88,5.87,5.86,5.84,5.82,5.95,5.96,5.97,6.0,6.01,6.02,6.03,6.04,6.05,6.08,9000,27500,48300,12200,1500,600,5000,57700,100,100,6600,12300,1500,7100,5700,12800,16500,1000,11700,2000
129.0,5.94,21200,126444.0,5.93,5.92,5.91,5.9,5.89,5.88,5.87,5.86,5.84,5.82,5.95,5.96,5.97,6.0,6.01,6.02,6.03,6.04,6.05,6.08,9000,27500,48300,14200,1500,600,5000,57700,100,100,6600,12300,1500,7100,5700,12800,16500,1000,11700,2000
130.0,5.94,21200,126444.0,5.93,5.92,5.91,5.9,5.89,5.88,5.87,5.86,5.84,5.82,5.95,5.96,5.97,6.0,6.01,6.02,6.03,6.04,6.05,6.08,9000,27500,48300,14200,1500,600,5000,57700,100,100,6600,12300,1500,7100,5700,12800,16500,1000,11700,2000
131.0,5.94,21200,126444.0,5.93,5.92,5.91,5.9,5.89,5.88,5.87,5.86,5.84,5.82,5.95,5.96,5.97,6.0,6.01,6.02,6.03,6.04,6.05,6.08,9000,27500,48300,14200,1500,600,5000,57700,100,100,6600,12300,1500,7100,5700,12800,16500,1000,11700,2000
132.0,5.94,21200,126444.0,5.93,5.92,5.91,5.9,5.89,5.88,5.87,5.86,5.85,5.84,5.95,5.96,5.97,6.0,6.01,6.02,6.03,6.04,6.05,6.08,9000,27500,48300,14200,1500,600,5000,57700,1000,100,6600,12300,1500,7100,5700,12800,16500,1000,11700,2000
133.0,5.94,21200,126444.0,5.93,5.92,5.91,5.9,5.89,5.88,5.87,5.86,5.85,5.84,5.95,5.96,5.97,6.0,6.01,6.02,6.03,6.04,6.05,6.08,9000,27500,48300,14200,1500,600,5000,57700,1000,100,6600,12300,1500,7100,5700,12800,16500,1000,11700,2000
134.0,5.94,21200,126444.0,5.93,5.92,5.91,5.9,5.89,5.88,5.87,5.86,5.85,5.84,5.95,5.96,5.97,6.0,6.01,6.02,6.03,6.04,6.05,6.07,9000,28000,48300,14200,1500,600,5000,57700,1000,100,6600,12300,1500,7100,5700,12800,16500,1000,11700,2000
135.0,5.94,21200,126444.0,5.93,5.92,5.91,5.9,5.89,5.88,5.87,5.86,5.85,5.84,5.95,5.96,5.97,6.0,6.01,6.02,6.03,6.04,6.05,6.07,9000,28000,48300,14200,1500,600,5000,57700,1000,100,6600,12300,1500,7100,5500,12800,16500,1000,11700,2000
136.0,5.94,21200,126444.0,5.93,5.92,5.91,5.9,5.89,5.88,5.87,5.86,5.85,5.84,5.95,5.96,5.97,6.0,6.01,6.02,6.03,6.04,6.05,6.07,9000,28000,48300,14200,1500,600,5000,57700,1000,100,6600,12300,1500,7100,5500,12800,16500,1000,11700,2000
137.0,5.94,21200,126444.0,5.93,5.92,5.91,5.9,5.89,5.88,5.87,5.86,5.85,5.84,5.95,5.96,5.97,6.0,6.01,6.02,6.03,6.04,6.05,6.07,9000,28000,48300,14200,1500,600,5000,57700,1000,100,6600,12300,1500,7100,5500,12800,16500,1000,11700,2000
138.0,5.94,21200,126444.0,5.93,5.92,5.91,5.9,5.89,5.88,5.87,5.86,5.85,5.84,5.95,5.96,5.97,6.0,6.01,6.02,6.03,6.04,6.05,6.07,9000,28000,48300,14200,1500,600,5000,57700,1000,100,6600,12300,1500,7100,5500,12800,16500,1000,11700,2000
139.0,5.94,21200,126444.0,5.93,5.92,5.91,5.9,5.89,5.88,5.87,5.86,5.85,5.84,5.95,5.96,5.97,6.0,6.01,6.02,6.03,6.04,6.05,6.07,9000,28000,48300,14200,1500,600,5000,57700,1000,100,6600,12300,1500,7100,5500,12800,16500,1000,11700,2000
140.0,5.94,21200,126444.0,5.93,5.92,5.91,5.9,5.89,5.88,5.87,5.86,5.85,5.84,5.95,5.96,5.97,6.0,6.01,6.02,6.03,6.04,6.05,6.07,9000,28000,48300,14200,1500,600,5000,57700,1000,100,6600,12300,1500,7100,5500,12800,16500,1000,11700,2000
141.0,5.94,21200,126444.0,5.93,5.92,5.91,5.9,5.89,5.88,5.87,5.86,5.85,5.84,5.95,5.96,5.97,6.0,6.01,6.02,6.03,6.04,6.05,6.07,9000,28000,48300,14200,1500,600,5000,57700,1000,100,6600,12300,1500,7100,5500,12800,16500,1000,11700,2000
142.0,5.94,21200,126444.0,5.93,5.92,5.91,5.9,5.89,5.88,5.87,5.86,5.85,5.84,5.95,5.96,5.97,6.0,6.01,6.02,6.03,6.04,6.05,6.07,9000,28000,48300,14200,1500,600,5000,57700,1000,100,6600,12300,1500,7100,5500,12800,16500,1000,11700,2000
143.0,5.94,21200,126444.0,5.93,5.92,5.91,5.9,5.89,5.88,5.87,5.86,5.85,5.84,5.95,5.96,5.97,6.0,6.01,6.02,6.03,6.04,6.05,6.07,9000,28000,48300,14200,1500,600,5000,57700,1000,100,6600,12300,1500,7100,5500,12800,16500,1000,11700,2000
144.0,5.94,21200,126444.0,5.93,5.92,5.91,5.9,5.89,5.88,5.87,5.86,5.85,5.84,5.95,5.96,5.97,6.0,6.01,6.02,6.03,6.04,6.05,6.07,9000,28000,48300,14200,1500,600,5000,57700,1000,100,6600,12300,1500,7100,5500,12800,16500,1200,11700,2000
145.0,5.94,21200,126444.0,5.93,5.92,5.91,5.9,5.89,5.88,5.87,5.86,5.85,5.84,5.95,5.96,5.97,6.0,6.01,6.02,6.03,6.04,6.05,6.07,9000,28000,48300,14200,1500,600,5000,57700,1000,100,6600,12300,1500,7100,5500,12800,16500,1200,11700,2000
146.0,5.94,21200,126444.0,5.93,5.92,5.91,5.9,5.89,5.88,5.87,5.86,5.85,5.84,5.95,5.96,5.97,6.0,6.01,6.02,6.03,6.04,6.05,6.07,9000,28000,48300,14200,1500,600,5000,57700,1000,100,6600,12300,1500,7100,5500,12800,16500,1200,11700,2000
147.0,5.94,21200,126444.0,5.93,5.92,5.91,5.9,5.89,5.88,5.87,5.86,5.85,5.84,5.95,5.96,5.97,6.0,6.01,6.02,6.03,6.04,6.05,6.07,9000,28000,48300,14200,1500,600,5000,57700,1000,100,6600,12300,1500,7100,5500,12800,16500,1200,11700,2000
148.0,5.94,21200,126444.0,5.93,5.92,5.91,5.9,5.89,5.88,5.87,5.86,5.85,5.84,5.95,5.96,5.97,6.0,6.01,6.02,6.03,6.04,6.05,6.07,9000,28000,48300,14200,1500,600,5000,57700,1000,100,6600,12300,1500,7100,5500,12800,16500,1200,11700,2000
149.0,5.94,21200,126444.0,5.93,5.92,5.91,5.9,5.89,5.88,5.87,5.86,5.85,5.84,5.95,5.96,5.97,6.0,6.01,6.02,6.03,6.04,6.05,6.07,9000,28000,48300,14200,1500,600,5000,57700,1000,100,6600,12300,1500,7100,5500,12800,16500,1200,11700,2000
150.0,5.94,21200,126444.0,5.93,5.92,5.91,5.9,5.89,5.88,5.87,5.86,5.85,5.84,5.95,5.96,5.97,6.0,6.01,6.02,6.03,6.04,6.05,6.07,9000,28000,48300,14200,1500,600,5000,57700,1000,100,6600,12300,1500,7100,5500,12800,16500,1200,11700,2000
151.0,5.94,21200,126444.0,5.93,5.92,5.91,5.9,5.89,5.88,5.87,5.86,5.85,5.84,5.95,5.96,5.97,6.0,6.01,6.02,6.03,6.04,6.05,6.07,9000,28000,48300,14200,1500,600,5000,57700,1000,100,6600,12000,1500,7100,5500,12800,16500,1200,11700,2000
152.0,5.94,21200,126444.0,5.93,5.92,5.91,5.9,5.89,5.88,5.87,5.86,5.85,5.84,5.95,5.96,5.97,6.0,6.01,6.02,6.03,6.04,6.05,6.07,9000,28000,48300,14200,1500,600,5000,57700,1000,100,6600,12000,1500,7100,5500,12800,16500,1200,11700,2000
153.0,5.94,21200,126444.0,5.93,5.92,5.91,5.9,5.89,5.88,5.87,5.86,5.85,5.84,5.95,5.96,5.97,6.0,6.01,6.02,6.03,6.04,6.05,6.07,9000,28000,48300,14200,1500,600,5000,37700,1000,100,6600,12000,1500,7100,5500,12800,16500,1200,11700,2000
154.0,5.91,84600,501598.0,5.91,5.9,5.89,5.88,5.87,5.86,5.85,5.84,5.82,5.81,5.93,5.94,5.95,5.96,5.97,6.0,6.01,6.02,6.03,6.04,21900,14200,1500,600,5000,37700,1000,100,100,5000,1300,6700,5500,11100,1500,7100,5500,12800,16500,1200
155.0,5.91,84700,502189.0,5.91,5.9,5.89,5.88,5.87,5.86,5.85,5.84,5.82,5.81,5.93,5.94,5.95,5.96,5.97,6.0,6.01,6.02,6.03,6.04,21800,14200,1500,600,5000,37700,1000,100,100,5000,1300,6700,5500,11100,1500,7100,5500,12800,16500,1200
156.0,5.91,84700,502189.0,5.91,5.9,5.89,5.88,5.87,5.86,5.85,5.84,5.82,5.81,5.93,5.94,5.95,5.96,5.97,6.0,6.01,6.02,6.03,6.04,21800,14200,1500,600,5000,37700,1000,100,100,5000,1300,6700,5500,11100,1500,7100,5500,12800,16500,1200
157.0,5.91,84700,502189.0,5.91,5.9,5.89,5.88,5.87,5.86,5.85,5.84,5.82,5.81,5.93,5.94,5.95,5.96,5.97,6.0,6.01,6.02,6.03,6.04,21800,14200,1500,600,5000,37700,1000,100,100,5000,6600,6700,2600,9000,1500,7100,5500,12800,16500,1200
158.0,5.91,84900,503371.0,5.91,5.9,5.89,5.88,5.87,5.86,5.85,5.84,5.82,5.81,5.93,5.94,5.95,5.96,5.97,6.0,6.01,6.02,6.03,6.04,21600,14200,1500,600,5000,37700,1000,100,100,5000,6600,6700,8500,9000,1500,7100,5500,12800,16500,1200
159.0,5.91,84900,503371.0,5.91,5.9,5.89,5.88,5.87,5.86,5.85,5.84,5.82,5.81,5.93,5.94,5.95,5.96,5.97,6.0,6.01,6.02,6.03,6.04,21600,14200,1500,600,5000,37700,1000,100,100,5000,6600,6700,8500,9000,1500,7100,5500,12800,16500,1200
160.0,5.91,84900,503371.0,5.91,5.9,5.89,5.88,5.87,5.86,5.85,5.84,5.82,5.81,5.93,5.94,5.95,5.96,5.97,6.0,6.01,6.02,6.03,6.04,21600,14200,1500,600,5000,37700,1000,100,100,5000,6600,6700,8500,9000,1500,7100,5500,12800,16500,1200
161.0,5.91,84900,503371.0,5.91,5.9,5.89,5.88,5.87,5.86,5.85,5.84,5.82,5.81,5.93,5.94,5.95,5.96,5.97,6.0,6.01,6.02,6.03,6.04,21600,14200,1500,600,5000,37700,1000,100,100,5000,6600,6700,8500,9000,1500,7100,5500,12800,16500,1200
162.0,5.91,84900,503371.0,5.91,5.9,5.89,5.88,5.87,5.86,5.85,5.84,5.82,5.81,5.93,5.94,5.95,5.96,5.97,6.0,6.01,6.02,6.03,6.04,21600,14200,1500,600,5000,37700,1000,100,100,5000,6600,6700,8500,9000,1500,7100,5500,12800,16500,1200
163.0,5.91,106500,631027.0,5.9,5.89,5.88,5.87,5.86,5.85,5.84,5.82,5.81,5.8,5.91,5.93,5.94,5.95,5.96,5.97,6.0,6.01,6.02,6.03,14200,1500,600,5300,37700,1000,100,100,5000,800,10100,6600,6700,8500,9000,1500,7100,5500,12800,16500
164.0,5.91,116100,687763.0,5.9,5.89,5.88,5.87,5.86,5.85,5.84,5.82,5.81,5.8,5.91,5.93,5.94,5.95,5.96,5.97,6.0,6.01,6.02,6.03,14200,1500,600,5300,37700,1000,100,100,5000,800,500,6600,6700,8500,9000,1500,7100,5500,12800,16500
165.0,5.91,116600,690718.0,5.91,5.9,5.89,5.88,5.87,5.86,5.85,5.84,5.82,5.81,5.93,5.94,5.95,5.96,5.97,6.0,6.01,6.02,6.03,6.04,900,14200,1500,600,5300,37700,1000,100,100,5000,7200,6700,8500,8900,1500,7100,5500,12800,16500,1200
166.0,5.91,116600,690718.0,5.91,5.9,5.89,5.88,5.87,5.86,5.85,5.84,5.82,5.81,5.93,5.94,5.95,5.96,5.97,6.0,6.01,6.02,6.03,6.04,900,14200,1500,600,5300,37700,1000,100,100,5000,7200,6700,8500,8900,1500,7100,5500,12800,16500,1200
167.0,5.91,117500,696037.0,5.9,5.89,5.88,5.87,5.86,5.85,5.84,5.82,5.81,5.8,5.91,5.93,5.94,5.95,5.96,5.97,6.0,6.01,6.02,6.03,14200,1500,600,5300,37700,1000,100,100,5000,800,800,7200,6700,8500,8900,1500,7100,5500,12800,16500
168.0,5.91,117500,696037.0,5.9,5.89,5.88,5.87,5.86,5.85,5.84,5.82,5.81,5.8,5.91,5.93,5.94,5.95,5.96,5.97,6.0,6.01,6.02,6.03,14200,1500,600,5300,37700,1000,100,100,5000,800,800,7200,6700,8500,8900,1500,7100,5500,12800,16500
169.0,5.91,117700,697219.0,5.9,5.89,5.88,5.87,5.86,5.85,5.84,5.82,5.81,5.8,5.91,5.93,5.94,5.95,5.96,5.97,6.0,6.01,6.02,6.03,14200,1500,600,5500,37700,1000,100,100,5000,800,16400,7200,6700,8500,8900,1500,7100,5500,12800,16500
170.0,5.91,119200,706084.0,5.9,5.89,5.88,5.87,5.86,5.85,5.84,5.82,5.81,5.8,5.91,5.93,5.94,5.95,5.96,5.97,6.0,6.01,6.02,6.03,14200,1500,600,5500,37700,1000,100,100,5000,800,14900,7200,6700,8500,8900,1500,7100,5500,4800,16500
171.0,5.91,119200,706084.0,5.9,5.89,5.88,5.87,5.86,5.85,5.84,5.82,5.81,5.8,5.91,5.93,5.94,5.95,5.96,5.97,6.0,6.01,6.02,6.03,14200,1500,600,5500,37700,1000,100,100,5000,800,14900,7200,6700,8500,8900,1500,7100,5500,4800,16500
172.0,5.91,119300,706675.0,5.9,5.89,5.88,5.87,5.86,5.85,5.84,5.82,5.81,5.8,5.91,5.93,5.94,5.95,5.96,5.97,6.0,6.01,6.02,6.03,14200,1500,600,5500,37700,1000,100,100,5000,800,14800,4900,6700,8500,8900,1500,7100,5500,4800,16500
173.0,5.91,119700,709039.0,5.9,5.89,5.88,5.87,5.86,5.85,5.84,5.82,5.81,5.8,5.91,5.93,5.94,5.95,5.96,5.97,6.0,6.01,6.02,6.03,14200,1500,600,5500,37700,1000,100,100,5000,800,14400,4900,6700,8500,8900,1500,7100,5500,4800,16500
174.0,5.91,119700,709039.0,5.9,5.89,5.88,5.87,5.86,5.85,5.84,5.82,5.81,5.8,5.91,5.93,5.94,5.95,5.96,5.97,6.0,6.01,6.02,6.03,14200,1500,600,5500,37700,1000,100,100,5000,800,14400,4900,6700,8500,8900,1500,7100,5500,4800,16500
175.0,5.91,119700,709039.0,5.9,5.89,5.88,5.87,5.86,5.85,5.84,5.82,5.81,5.8,5.91,5.93,5.94,5.95,5.96,5.97,6.0,6.01,6.02,6.03,14200,1500,600,5500,37700,1000,100,100,5000,800,14400,4900,6700,8500,8900,1500,7100,5500,4800,16500
176.0,5.91,119700,709039.0,5.9,5.89,5.88,5.87,5.86,5.85,5.84,5.82,5.81,5.8,5.91,5.93,5.94,5.95,5.96,5.97,6.0,6.01,6.02,6.03,14200,1500,600,5500,37700,1000,100,100,5000,800,14400,4900,6700,8500,8900,1500,7100,5500,4800,16500
177.0,5.91,119700,709039.0,5.9,5.89,5.88,5.87,5.86,5.85,5.84,5.82,5.81,5.8,5.91,5.93,5.94,5.95,5.96,5.97,6.0,6.01,6.02,6.03,14200,1500,600,5500,37700,1000,100,100,5000,800,14400,4900,6700,8500,8900,1500,7100,5500,4800,16500
178.0,5.91,120000,710812.0,5.9,5.89,5.88,5.87,5.86,5.85,5.84,5.82,5.81,5.8,5.91,5.93,5.94,5.95,5.96,5.97,6.0,6.01,6.02,6.03,14200,1500,600,5600,37700,1000,100,100,5000,800,16000,4900,6700,6800,8900,1500,7100,5500,4800,16500
179.0,5.91,120000,710812.0,5.9,5.89,5.88,5.87,5.86,5.85,5.84,5.82,5.81,5.8,5.91,5.93,5.94,5.95,5.96,5.97,6.0,6.01,6.02,6.03,14200,1500,600,5600,37700,1000,100,100,5000,800,16000,4900,6700,6800,8900,1500,7100,5500,4800,16500
180.0,5.91,120000,710812.0,5.9,5.89,5.88,5.87,5.86,5.85,5.84,5.82,5.81,5.8,5.91,5.93,5.94,5.95,5.96,5.97,6.0,6.01,6.02,6.03,14200,1500,600,5600,37700,1000,100,100,5000,800,16000,4900,6700,6800,8900,1500,7100,5500,4800,16500
181.0,5.91,120400,713176.0,5.9,5.89,5.88,5.87,5.86,5.85,5.84,5.82,5.81,5.8,5.91,5.93,5.94,5.95,5.96,5.97,6.0,6.01,6.02,6.03,14200,1500,600,5600,37700,1000,100,100,5000,800,17900,4300,6700,6800,8900,1500,7100,5500,4800,16500
182.0,5.91,120400,713176.0,5.9,5.89,5.88,5.87,5.86,5.85,5.84,5.82,5.81,5.8,5.91,5.93,5.94,5.95,5.96,5.97,6.0,6.01,6.02,6.03,14200,1500,600,5600,37700,1000,100,100,5000,800,17900,4300,6700,6800,8500,9500,7100,5500,4800,16500
183.0,5.91,120400,713176.0,5.9,5.89,5.88,5.87,5.86,5.85,5.84,5.82,5.81,5.8,5.91,5.93,5.94,5.95,5.96,5.97,6.0,6.01,6.02,6.03,14300,1500,600,5600,37700,1000,100,100,5000,800,17900,4300,6700,6800,8500,9500,7100,5500,4800,16500
184.0,5.91,120400,713176.0,5.9,5.89,5.88,5.87,5.86,5.85,5.84,5.82,5.81,5.8,5.91,5.93,5.94,5.95,5.96,5.97,6.0,6.01,6.02,6.03,14300,1500,600,5600,37700,1000,100,100,5000,800,17900,4300,6700,6800,8500,9500,7100,5500,4800,16500
185.0,5.91,120400,713176.0,5.9,5.89,5.88,5.87,5.86,5.85,5.84,5.82,5.81,5.8,5.91,5.93,5.94,5.95,5.96,5.97,6.0,6.01,6.02,6.03,14300,1500,600,5600,37700,1000,100,100,5000,800,18300,4300,6700,6800,8500,9500,7100,5500,4800,16500
186.0,5.91,121500,719677.0,5.9,5.89,5.88,5.87,5.86,5.85,5.84,5.82,5.81,5.8,5.91,5.93,5.94,5.95,5.96,5.97,6.0,6.01,6.02,6.03,14300,1500,600,5600,37700,1000,100,100,5000,800,17200,4300,6700,6800,8500,9500,7100,5500,4800,16500
187.0,5.91,121500,719677.0,5.9,5.89,5.88,5.87,5.86,5.85,5.84,5.82,5.81,5.8,5.91,5.93,5.94,5.95,5.96,5.97,6.0,6.01,6.02,6.03,14300,1500,600,5600,37700,1000,100,100,5000,800,17200,4300,6700,6800,8500,9500,7100,5500,4800,16500
188.0,5.91,121500,719677.0,5.9,5.89,5.88,5.87,5.86,5.85,5.84,5.82,5.81,5.8,5.91,5.93,5.94,5.95,5.96,5.97,6.0,6.01,6.02,6.03,14300,1500,600,5600,37700,1000,100,100,5000,800,17200,4300,6700,6800,8500,9500,7100,5500,4800,16500
189.0,5.91,121500,719677.0,5.9,5.89,5.88,5.87,5.86,5.85,5.84,5.82,5.81,5.8,5.91,5.93,5.94,5.95,5.96,5.97,6.0,6.01,6.02,6.03,14300,1500,600,5600,37700,1000,100,100,5000,800,17200,4300,6700,6800,8500,9500,7100,5500,4800,16500
190.0,5.91,123400,730906.0,5.9,5.89,5.88,5.87,5.86,5.85,5.84,5.82,5.81,5.8,5.91,5.93,5.94,5.95,5.96,5.97,6.0,6.01,6.02,6.03,14300,1500,600,25600,37700,1000,100,100,5000,800,15300,4300,6700,6800,8500,9500,7100,5500,4800,16500
191.0,5.9,139900,828262.0,5.9,5.89,5.88,5.87,5.86,5.85,5.84,5.82,5.81,5.8,5.91,5.93,5.94,5.95,5.96,5.97,6.0,6.01,6.02,6.03,2400,1500,600,25600,37700,1000,100,100,5000,800,14700,4300,6700,6800,8500,9500,7100,5500,4800,16500
192.0,5.9,139900,828262.0,5.9,5.89,5.88,5.87,5.86,5.85,5.84,5.82,5.81,5.8,5.91,5.93,5.94,5.95,5.96,5.97,6.0,6.01,6.02,6.03,3100,1500,600,25600,37700,1000,100,100,5000,800,14700,4300,6700,6800,8500,9500,7100,5500,4800,16500
193.0,5.91,141400,837127.0,5.9,5.89,5.88,5.87,5.86,5.85,5.84,5.82,5.81,5.8,5.91,5.93,5.94,5.95,5.96,5.97,6.0,6.01,6.02,6.03,3100,1500,600,25600,37700,1000,100,100,5000,800,13200,4300,6700,6800,8500,9500,7100,5500,4800,16500
194.0,5.91,146000,864313.0,5.9,5.89,5.88,5.87,5.86,5.85,5.84,5.82,5.81,5.8,5.91,5.93,5.94,5.95,5.96,5.97,6.0,6.01,6.02,6.03,3100,1500,600,25600,37700,1000,100,100,5000,800,8600,4300,6700,6800,8500,9500,7100,5500,4800,16500
195.0,5.91,146000,864313.0,5.9,5.89,5.88,5.87,5.86,5.85,5.84,5.82,5.81,5.8,5.91,5.93,5.94,5.95,5.96,5.97,6.0,6.01,6.02,6.03,3100,1500,600,25600,37700,1000,100,100,5000,800,8600,4300,6700,6800,8500,9500,7100,5500,4800,16500
196.0,5.91,146000,864313.0,5.9,5.89,5.88,5.87,5.86,5.85,5.84,5.82,5.81,5.8,5.91,5.93,5.94,5.95,5.96,5.97,6.0,6.01,6.02,6.03,3100,1500,1600,25600,37700,1000,100,100,5000,800,8600,4300,6700,6800,8500,9500,7100,5500,4800,16500
197.0,5.9,146200,865493.0,5.9,5.89,5.88,5.87,5.86,5.85,5.84,5.82,5.81,5.8,5.91,5.93,5.94,5.95,5.96,5.97,6.0,6.01,6.02,6.03,2900,1500,1600,25600,37700,1000,100,100,5000,800,8600,4300,6700,6800,8500,9500,7100,5500,4800,16500
198.0,5.9,146300,866083.0,5.9,5.89,5.88,5.87,5.86,5.85,5.84,5.82,5.81,5.8,5.91,5.93,5.94,5.95,5.96,5.97,6.0,6.01,6.02,6.03,2800,1500,1600,25600,37700,1000,100,100,5000,800,8600,4300,6700,6800,8500,9500,7100,5500,4800,16500
199.0,5.9,146700,868443.0,5.9,5.89,5.88,5.87,5.86,5.85,5.84,5.82,5.81,5.8,5.91,5.93,5.94,5.95,5.96,5.97,6.0,6.01,6.02,6.03,2400,1500,1600,25600,37700,1000,100,100,5000,800,8600,4300,6700,6800,8500,9500,7100,5500,4800,16500
200.0,5.91,147100,870805.0,5.9,5.89,5.88,5.87,5.86,5.85,5.84,5.82,5.81,5.8,5.91,5.93,5.94,5.95,5.96,5.97,6.0,6.01,6.02,6.03,2200,1500,1600,25600,37700,1000,100,100,5000,800,8900,4300,6700,6800,8500,9500,7100,5500,4800,16500
201.0,5.9,147400,872575.0,5.9,5.89,5.88,5.87,5.86,5.85,5.84,5.82,5.81,5.8,5.91,5.93,5.94,5.95,5.96,5.97,6.0,6.01,6.02,6.03,1900,1500,1600,25600,37700,1000,100,100,5000,800,8900,4300,6700,6800,8500,9500,7100,5500,4800,16500
202.0,5.9,147400,872575.0,5.9,5.89,5.88,5.87,5.86,5.85,5.84,5.82,5.81,5.8,5.91,5.93,5.94,5.95,5.96,5.97,6.0,6.01,6.02,6.03,1900,1500,1600,25600,37700,1000,100,100,5000,800,8900,4300,6700,6800,8500,9500,7100,5500,4800,16500
203.0,5.9,147400,872575.0,5.9,5.89,5.88,5.87,5.86,5.85,5.84,5.82,5.81,5.8,5.91,5.93,5.94,5.95,5.96,5.97,6.0,6.01,6.02,6.03,1900,1500,1600,25600,37700,1000,100,100,5000,800,8900,4300,6700,6800,8500,9500,7100,5500,4800,16500
204.0,5.9,147400,872575.0,5.9,5.89,5.88,5.87,5.86,5.85,5.84,5.82,5.81,5.8,5.91,5.93,5.94,5.95,5.96,5.97,6.0,6.01,6.02,6.03,5600,1500,1600,25600,37700,1000,100,100,5000,800,8900,4300,6700,6800,8500,9500,7100,5500,4800,16500
205.0,5.9,147400,872575.0,5.9,5.89,5.88,5.87,5.86,5.85,5.84,5.82,5.81,5.8,5.91,5.93,5.94,5.95,5.96,5.97,6.0,6.01,6.02,6.03,5600,1500,1600,25600,37700,1000,100,100,5000,800,8900,4300,6700,6800,8500,9500,7100,5500,4800,16500
206.0,5.9,147400,872575.0,5.9,5.89,5.88,5.87,5.86,5.85,5.84,5.82,5.81,5.8,5.91,5.93,5.94,5.95,5.96,5.97,6.0,6.01,6.02,6.03,5600,1500,14900,25600,37700,1000,100,100,5000,800,8900,4300,6700,6800,8500,9500,7100,5500,4800,16500
207.0,5.9,147400,872575.0,5.9,5.89,5.88,5.87,5.86,5.85,5.84,5.82,5.81,5.8,5.91,5.93,5.94,5.95,5.96,5.97,6.0,6.01,6.02,6.03,5600,1500,14900,25600,37700,1000,100,100,5000,800,8900,4300,6700,6800,8500,9500,7100,5500,4800,16500
208.0,5.9,147400,872575.0,5.9,5.89,5.88,5.87,5.86,5.85,5.84,5.82,5.81,5.8,5.91,5.93,5.94,5.95,5.96,5.97,6.0,6.01,6.02,6.03,5600,1500,14900,25600,37700,1000,100,100,5000,800,5300,4300,6700,6800,8500,9500,7100,5500,4800,16500
209.0,5.9,147400,872575.0,5.9,5.89,5.88,5.87,5.86,5.85,5.84,5.82,5.81,5.8,5.91,5.93,5.94,5.95,5.96,5.97,6.0,6.01,6.02,6.03,5600,1500,14900,25600,37700,1000,100,100,5000,800,5300,4300,6700,6800,8500,9500,7100,5500,4800,16500
210.0,5.91,152700,903898.0,5.91,5.9,5.89,5.88,5.87,5.86,5.85,5.84,5.82,5.81,5.92,5.93,5.94,5.95,5.96,5.97,6.0,6.01,6.02,6.03,1500,4600,1500,14900,25600,37700,1000,100,100,5000,1000,5400,6700,6800,8500,9400,7100,5500,4800,16500
211.0,5.91,152700,903898.0,5.91,5.9,5.89,5.88,5.87,5.86,5.85,5.84,5.82,5.81,5.92,5.93,5.94,5.95,5.96,5.97,6.0,6.01,6.02,6.03,1700,4600,1500,14900,25600,37700,1000,100,100,5000,1000,5400,6700,6800,300,9400,7100,5500,4800,16500
212.0,5.91,152700,903898.0,5.91,5.9,5.89,5.88,5.87,5.86,5.85,5.84,5.82,5.81,5.92,5.93,5.94,5.95,5.96,5.97,6.0,6.01,6.02,6.03,1700,4600,1500,14900,25600,37700,1000,100,100,5000,1000,5400,6700,6800,300,9400,7100,5500,4800,16500
213.0,5.91,152700,903898.0,5.91,5.9,5.89,5.88,5.87,5.86,5.85,5.84,5.82,5.81,5.92,5.93,5.94,5.95,5.96,5.97,6.0,6.01,6.02,6.03,1700,4600,1500,14900,25600,37700,1000,100,100,5000,1000,5800,6700,6800,300,9400,7100,5500,4800,16500
214.0,5.91,153000,905671.0,5.91,5.9,5.89,5.88,5.87,5.86,5.85,5.84,5.82,5.81,5.92,5.93,5.94,5.95,5.96,5.97,6.0,6.01,6.02,6.03,1400,4600,1500,14900,25600,37700,1000,100,100,5000,1000,5800,6700,6800,300,9400,7100,5500,4800,16500
215.0,5.91,153000,905671.0,5.91,5.9,5.89,5.88,5.87,5.86,5.85,5.84,5.82,5.81,5.92,5.93,5.94,5.95,5.96,5.97,6.0,6.01,6.02,6.03,1400,4600,1500,14900,25600,37700,1000,100,100,5000,1000,5800,6700,6800,300,9400,7100,5500,4800,16500
216.0,5.91,153000,905671.0,5.91,5.9,5.89,5.88,5.87,5.86,5.85,5.84,5.82,5.81,5.92,5.93,5.94,5.95,5.96,5.97,6.0,6.01,6.02,6.03,1400,4600,14800,14900,25600,37700,1900,100,100,5000,1000,5800,6700,6800,300,9400,7100,5500,4800,16500
217.0,5.91,153000,905671.0,5.91,5.9,5.89,5.88,5.87,5.86,5.85,5.84,5.82,5.81,5.92,5.93,5.94,5.95,5.96,5.97,6.0,6.01,6.02,6.03,1400,4600,14800,14900,25600,37700,1900,100,100,5000,1000,5800,6700,6800,300,9400,7100,5500,4800,16500
218.0,5.91,153000,905671.0,5.91,5.9,5.89,5.88,5.87,5.86,5.85,5.84,5.82,5.81,5.92,5.93,5.94,5.95,5.96,5.97,6.0,6.01,6.02,6.03,1400,4900,14800,14900,25600,37700,1900,100,100,5000,1000,5800,6700,6800,300,9400,7100,5500,4800,16500
219.0,5.91,153000,905671.0,5.91,5.9,5.89,5.88,5.87,5.86,5.85,5.84,5.82,5.81,5.92,5.93,5.94,5.95,5.96,5.97,6.0,6.01,6.02,6.03,1400,4900,14800,14900,25600,37700,1900,100,100,5000,1000,5800,6700,6800,300,9400,7100,5500,4800,16500
220.0,5.91,153000,905671.0,5.91,5.9,5.89,5.88,5.87,5.86,5.85,5.84,5.82,5.81,5.92,5.93,5.94,5.95,5.96,5.97,6.0,6.01,6.02,6.03,1400,4900,14800,14900,25600,37700,1900,100,100,5000,1000,5800,6700,6800,300,9400,7100,5500,4800,16500
221.0,5.91,153000,905671.0,5.91,5.9,5.89,5.88,5.87,5.86,5.85,5.84,5.82,5.81,5.92,5.93,5.94,5.95,5.96,5.97,6.0,6.01,6.02,6.03,1400,4900,14800,14900,25600,37700,1900,100,100,5000,1000,5800,6700,6800,300,9400,7100,5500,4800,16500
222.0,5.91,153000,905671.0,5.91,5.9,5.89,5.88,5.87,5.86,5.85,5.84,5.82,5.81,5.92,5.93,5.94,5.95,5.96,5.97,6.0,6.01,6.02,6.03,1400,4900,14800,14900,25600,37700,1900,100,100,5000,1000,5800,6700,6800,300,9400,7100,5500,4800,16500
223.0,5.91,153000,905671.0,5.91,5.9,5.89,5.88,5.87,5.86,5.85,5.84,5.82,5.81,5.92,5.93,5.94,5.95,5.96,5.97,6.0,6.01,6.02,6.03,1400,4900,14800,14900,25600,37700,1900,100,100,5000,1000,5800,6700,6800,300,9400,7100,5500,4800,16500
224.0,5.91,153000,905671.0,5.91,5.9,5.89,5.88,5.87,5.86,5.85,5.84,5.82,5.81,5.92,5.93,5.94,5.95,5.96,5.97,6.0,6.01,6.02,6.03,1400,4900,14800,14900,25600,37700,1900,100,100,5000,1000,5800,6700,6800,300,9400,17100,5500,4800,16500
225.0,5.91,153000,905671.0,5.91,5.9,5.89,5.88,5.87,5.86,5.85,5.84,5.82,5.81,5.92,5.93,5.94,5.95,5.96,5.97,6.0,6.01,6.02,6.03,1500,4900,14800,14900,25600,37700,1900,100,100,5000,1000,5800,6700,6800,300,9400,17100,5500,4800,16500
226.0,5.91,153000,905671.0,5.91,5.9,5.89,5.88,5.87,5.86,5.85,5.84,5.82,5.81,5.92,5.93,5.94,5.95,5.96,5.97,6.0,6.01,6.02,6.03,1500,4900,14800,14900,25600,37700,1900,100,100,5000,1000,5800,6700,6800,300,9400,17100,5500,4800,16500
227.0,5.91,153000,905671.0,5.91,5.9,5.89,5.88,5.87,5.86,5.85,5.84,5.82,5.81,5.92,5.93,5.94,5.95,5.96,5.97,6.0,6.01,6.02,6.03,1500,18200,14800,14900,25600,37700,1900,100,100,5000,1000,5800,6700,6800,6300,9400,17100,5500,4800,16500
228.0,5.91,153000,905671.0,5.91,5.9,5.89,5.88,5.87,5.86,5.85,5.84,5.82,5.81,5.92,5.93,5.94,5.95,5.96,5.97,6.0,6.01,6.02,6.03,1500,18200,14800,14900,25600,37700,1900,100,100,5000,1000,5800,6700,6800,6300,9400,17100,5500,4800,16500
229.0,5.91,153000,905671.0,5.91,5.9,5.89,5.88,5.87,5.86,5.85,5.84,5.82,5.81,5.92,5.93,5.94,5.95,5.96,5.97,6.0,6.01,6.02,6.03,1500,18200,14800,14900,25600,37700,1900,100,100,5000,1000,5800,6700,6800,6300,9400,17100,5500,4800,16500
230.0,5.91,153000,905671.0,5.91,5.9,5.89,5.88,5.87,5.86,5.85,5.84,5.82,5.81,5.92,5.93,5.94,5.95,5.96,5.97,6.0,6.01,6.02,6.03,1500,18200,14800,14900,25600,38700,1900,100,100,5000,1000,5800,6700,6800,6300,9400,17100,5500,4800,16500
231.0,5.92,154000,911591.0,5.91,5.9,5.89,5.88,5.87,5.86,5.85,5.84,5.82,5.81,5.93,5.94,5.95,5.96,5.97,6.0,6.01,6.02,6.03,6.04,1500,20200,14800,14900,25600,38700,1900,100,100,5000,5800,6700,6800,6300,9400,17100,5500,4800,16500,1200
232.0,5.92,154000,911591.0,5.91,5.9,5.89,5.88,5.87,5.86,5.85,5.84,5.82,5.81,5.93,5.94,5.95,5.96,5.97,6.0,6.01,6.02,6.03,6.04,1500,20200,14800,14900,25600,38700,1900,100,100,5000,5800,6700,6800,6300,9400,17100,5500,4800,16500,1200
233.0,5.92,154000,911591.0,5.91,5.9,5.89,5.88,5.87,5.86,5.85,5.84,5.82,5.81,5.92,5.93,5.94,5.95,5.96,5.97,6.0,6.01,6.02,6.03,1500,20200,14800,14900,25600,38700,1900,100,100,5000,400,5800,6700,6800,6300,9400,17100,5500,4800,16500
234.0,5.92,154000,911591.0,5.91,5.9,5.89,5.88,5.87,5.86,5.85,5.84,5.82,5.81,5.92,5.93,5.94,5.95,5.96,5.97,6.0,6.01,6.02,6.03,1500,20200,14800,14900,25600,38700,1900,100,100,5000,400,5800,6700,6800,6300,9400,17100,5500,4800,16500
235.0,5.92,154000,911591.0,5.91,5.9,5.89,5.88,5.87,5.86,5.85,5.84,5.82,5.81,5.92,5.93,5.94,5.95,5.96,5.97,6.0,6.01,6.02,6.03,1500,20200,14800,14900,25600,38700,1900,100,100,5000,400,5800,6700,6800,6300,9400,17100,5500,4800,16500
236.0,5.92,154100,912183.0,5.91,5.9,5.89,5.88,5.87,5.86,5.85,5.84,5.82,5.81,5.92,5.93,5.94,5.95,5.96,5.97,6.0,6.01,6.02,6.03,1500,20200,14800,14900,25600,38700,1900,100,100,5000,400,5800,6700,6800,6300,9400,17100,5500,4800,16500
237.0,5.92,154100,912183.0,5.91,5.9,5.89,5.88,5.87,5.86,5.85,5.84,5.82,5.81,5.92,5.93,5.94,5.95,5.96,5.97,6.0,6.01,6.02,6.03,1500,20200,14800,14900,25600,38700,1900,100,100,5000,8600,5800,6700,6800,6300,9400,17100,5500,4800,16500
238.0,5.92,154100,912183.0,5.91,5.9,5.89,5.88,5.87,5.86,5.85,5.84,5.82,5.81,5.92,5.93,5.94,5.95,5.96,5.97,6.0,6.01,6.02,6.03,1500,20200,14800,14900,25600,38700,1900,100,100,5000,8600,5800,6700,6800,6300,9400,17100,5500,4800,16500
239.0,5.92,154500,914551.0,5.91,5.9,5.89,5.88,5.87,5.86,5.85,5.84,5.82,5.81,5.92,5.93,5.94,5.95,5.96,5.97,6.0,6.01,6.02,6.03,1500,20200,14800,14900,25600,38700,1900,100,100,5000,8200,5800,6700,6800,6300,9400,17100,5500,4800,16500
240.0,5.92,154500,914551.0,5.91,5.9,5.89,5.88,5.87,5.86,5.85,5.84,5.82,5.81,5.92,5.93,5.94,5.95,5.96,5.97,6.0,6.01,6.02,6.03,1500,20200,14800,14900,25600,38700,1900,100,100,5000,8200,5800,6700,6800,6300,9400,17100,5500,4800,16500
241.0,5.92,154500,914551.0,5.91,5.9,5.89,5.88,5.87,5.86,5.85,5.84,5.82,5.81,5.92,5.93,5.94,5.95,5.96,5.97,6.0,6.01,6.02,6.03,1500,20200,14800,14900,25600,38700,1900,100,100,5000,8200,5800,6700,6800,6300,9400,17100,5500,4800,16500
242.0,5.92,154500,914551.0,5.91,5.9,5.89,5.88,5.87,5.86,5.85,5.84,5.82,5.81,5.92,5.93,5.94,5.95,5.96,5.97,6.0,6.01,6.02,6.03,1500,20200,14800,14900,25600,38700,1900,100,100,5000,8200,5800,6700,6800,6300,9400,17100,5500,4800,16500
243.0,5.92,154500,914551.0,5.91,5.9,5.89,5.88,5.87,5.86,5.85,5.84,5.82,5.81,5.92,5.93,5.94,5.95,5.96,5.97,6.0,6.01,6.02,6.03,1500,20700,14800,14900,25600,38700,1900,100,100,5000,8200,5800,6700,6800,6300,9400,17100,5500,4800,16500
244.0,5.92,154500,914551.0,5.91,5.9,5.89,5.88,5.87,5.86,5.85,5.84,5.82,5.81,5.92,5.93,5.94,5.95,5.96,5.97,6.0,6.01,6.02,6.03,1500,20700,14800,14900,25600,38700,1900,100,100,5000,8200,5800,6700,6800,6300,9400,17100,5500,4800,16500
245.0,5.92,154500,914551.0,5.91,5.9,5.89,5.88,5.87,5.86,5.85,5.84,5.82,5.81,5.92,5.93,5.94,5.95,5.96,5.97,6.0,6.01,6.02,6.03,1500,20700,14800,14900,25600,38700,1900,100,100,5000,8200,5800,6700,6800,6300,9400,17100,5500,4800,16500
246.0,5.92,154500,914551.0,5.91,5.9,5.89,5.88,5.87,5.86,5.85,5.84,5.82,5.81,5.92,5.93,5.94,5.95,5.96,5.97,6.0,6.01,6.02,6.03,11500,20700,14800,14900,25600,38700,1900,100,100,5000,8200,5800,6700,6800,6300,9400,17100,5500,4800,16500
247.0,5.92,154500,914551.0,5.91,5.9,5.89,5.88,5.87,5.86,5.85,5.84,5.82,5.81,5.92,5.93,5.94,5.95,5.96,5.97,6.0,6.01,6.02,6.03,11500,20700,14800,14900,25600,38700,1900,100,100,5000,8200,5800,6700,6800,6300,9400,17100,5500,4800,16500
248.0,5.92,154500,914551.0,5.91,5.9,5.89,5.88,5.87,5.86,5.85,5.84,5.82,5.81,5.92,5.93,5.94,5.95,5.96,5.97,6.0,6.01,6.02,6.03,11500,20700,14800,14900,25600,38700,1900,100,100,5000,8200,5800,6700,6800,6300,9400,17100,5500,4800,16500
249.0,5.92,154500,914551.0,5.91,5.9,5.89,5.88,5.87,5.86,5.85,5.84,5.82,5.81,5.92,5.93,5.94,5.95,5.96,5.97,6.0,6.01,6.02,6.03,11500,20700,14800,14900,25600,38700,1900,100,100,5000,8200,5800,6700,6800,6300,9400,17100,5500,4800,16500
250.0,5.92,154500,914551.0,5.91,5.9,5.89,5.88,5.87,5.86,5.85,5.84,5.82,5.81,5.92,5.93,5.94,5.95,5.96,5.97,6.0,6.01,6.02,6.03,11500,20700,14800,14900,25600,38700,1900,100,100,5000,8200,5800,6700,6800,6300,9400,17100,5500,4800,16500
251.0,5.92,155200,918695.0,5.91,5.9,5.89,5.88,5.87,5.86,5.85,5.84,5.82,5.81,5.92,5.93,5.94,5.95,5.96,5.97,6.0,6.01,6.02,6.03,11500,20700,14800,14900,25600,38700,1900,100,100,5000,7500,5800,6700,6800,6300,9400,17100,5500,4800,16500
252.0,5.92,160300,948887.0,5.91,5.9,5.89,5.88,5.87,5.86,5.85,5.84,5.82,5.81,5.92,5.93,5.94,5.95,5.96,5.97,6.0,6.01,6.02,6.03,11500,20700,14800,14900,25600,38700,1900,100,100,5000,2400,5800,6700,6800,6300,9400,17100,5500,4800,16500
253.0,5.92,160300,948887.0,5.91,5.9,5.89,5.88,5.87,5.86,5.85,5.84,5.82,5.81,5.92,5.93,5.94,5.95,5.96,5.97,6.0,6.01,6.02,6.03,23000,20700,14800,14900,25600,38700,1900,100,100,5000,2400,5800,6700,6800,6300,9400,17100,5500,4800,16500
254.0,5.92,160800,951847.0,5.91,5.9,5.89,5.88,5.87,5.86,5.85,5.84,5.82,5.81,5.92,5.93,5.94,5.95,5.96,5.97,6.0,6.01,6.02,6.03,23000,20700,14800,14900,25600,38700,1900,100,100,5000,1900,5800,6700,6800,6300,9400,17100,5500,4800,16500
255.0,5.92,162100,959543.0,5.91,5.9,5.89,5.88,5.87,5.86,5.85,5.84,5.82,5.81,5.92,5.93,5.94,5.95,5.96,5.97,6.0,6.01,6.02,6.03,23000,20700,14800,14900,25600,38700,1900,100,100,5000,600,5800,6700,6800,6300,9400,17100,5500,4800,16500
256.0,5.92,162100,959543.0,5.91,5.9,5.89,5.88,5.87,5.86,5.85,5.84,5.82,5.81,5.92,5.93,5.94,5.95,5.96,5.97,6.0,6.01,6.02,6.03,23000,25700,14800,14900,25600,38700,1900,100,100,5000,600,5800,6700,6800,6300,9400,17100,5500,4800,16500
257.0,5.92,162700,963095.0,5.92,5.91,5.9,5.89,5.88,5.87,5.86,5.85,5.84,5.82,5.93,5.94,5.95,5.96,5.97,6.0,6.01,6.02,6.03,6.04,1200,22900,25700,14800,14900,25000,38700,1900,100,100,5800,6700,6800,6300,9400,17100,5500,4800,16500,1200
258.0,5.92,162700,963095.0,5.92,5.91,5.9,5.89,5.88,5.87,5.86,5.85,5.84,5.82,5.93,5.94,5.95,5.96,5.97,6.0,6.01,6.02,6.03,6.04,1900,23900,25700,14800,14900,25000,38700,1900,100,100,5800,6700,6800,6300,9400,17100,5500,4800,16500,1200
259.0,5.92,162700,963095.0,5.92,5.91,5.9,5.89,5.88,5.87,5.86,5.85,5.84,5.82,5.93,5.94,5.95,5.96,5.97,6.0,6.01,6.02,6.03,6.04,1900,24900,25700,14800,14900,25000,38700,1900,100,100,3400,6700,6800,6300,9400,17100,5500,4800,16500,1200
260.0,5.92,163300,966647.0,5.92,5.91,5.9,5.89,5.88,5.87,5.86,5.85,5.84,5.82,5.93,5.94,5.95,5.96,5.97,6.0,6.01,6.02,6.03,6.04,1300,24900,25700,14800,14900,25000,38700,1900,100,100,3400,6700,6800,6300,9400,17100,5500,4800,16500,1200
261.0,5.92,163700,969015.0,5.92,5.91,5.9,5.89,5.88,5.87,5.86,5.85,5.84,5.82,5.93,5.94,5.95,5.96,5.97,6.0,6.01,6.02,6.03,6.04,900,24900,25700,14800,14900,25000,38700,1900,100,100,3400,6700,6800,6300,9400,17100,5500,4800,16500,1200
262.0,5.92,163900,970199.0,5.92,5.91,5.9,5.89,5.88,5.87,5.86,5.85,5.84,5.82,5.93,5.94,5.95,5.96,5.97,6.0,6.01,6.02,6.03,6.04,800,24900,25700,14800,14900,25000,38700,1900,100,100,3400,6700,6800,6300,9400,17100,5500,4800,16500,1200
263.0,5.92,164000,970791.0,5.92,5.91,5.9,5.89,5.88,5.87,5.86,5.85,5.84,5.82,5.93,5.94,5.95,5.96,5.97,6.0,6.01,6.02,6.03,6.04,700,24900,25700,14800,14900,25000,38700,1900,100,100,3400,6700,6800,6300,9400,17100,5500,4800,16500,1200
264.0,5.92,164200,971975.0,5.92,5.91,5.9,5.89,5.88,5.87,5.86,5.85,5.84,5.82,5.93,5.94,5.95,5.96,5.97,6.0,6.01,6.02,6.03,6.04,500,24900,25700,14800,14900,25000,38700,1900,100,100,3400,6700,6800,6300,9400,17100,5500,4800,16500,1200
265.0,5.92,164200,971975.0,5.92,5.91,5.9,5.89,5.88,5.87,5.86,5.85,5.84,5.82,5.93,5.94,5.95,5.96,5.97,6.0,6.01,6.02,6.03,6.04,500,24900,25700,14800,14900,25000,38700,1900,100,100,3400,6700,6800,6300,9400,17100,5500,4800,16500,1200
266.0,5.92,164200,971975.0,5.92,5.91,5.9,5.89,5.88,5.87,5.86,5.85,5.84,5.82,5.93,5.94,5.95,5.96,5.97,6.0,6.01,6.02,6.03,6.04,500,24900,25700,14800,14900,25000,38700,1900,100,100,3400,6700,6800,6300,9400,17100,5500,4800,16500,1200
267.0,5.92,164200,971975.0,5.92,5.91,5.9,5.89,5.88,5.87,5.86,5.85,5.84,5.82,5.93,5.94,5.95,5.96,5.97,6.0,6.01,6.02,6.03,6.04,500,27400,25700,14800,14900,25000,38700,1900,100,100,3400,6700,6800,6300,9400,17100,5500,4800,16500,1200
268.0,5.92,164200,971975.0,5.92,5.91,5.9,5.89,5.88,5.87,5.86,5.85,5.84,5.82,5.93,5.94,5.95,5.96,5.97,6.0,6.01,6.02,6.03,6.04,500,27400,25700,14800,14900,25000,38700,1900,100,100,3400,6700,6800,6300,9400,17100,5500,4800,16500,1200
269.0,5.92,164200,971975.0,5.92,5.91,5.9,5.89,5.88,5.87,5.86,5.85,5.84,5.82,5.93,5.94,5.95,5.96,5.97,6.0,6.01,6.02,6.03,6.04,2500,27400,25700,14800,14900,25000,38700,1900,100,100,3400,6700,6800,6300,9400,17100,5500,4800,16500,1200
270.0,5.92,164200,971975.0,5.92,5.91,5.9,5.89,5.88,5.87,5.86,5.85,5.84,5.82,5.93,5.94,5.95,5.96,5.97,6.0,6.01,6.02,6.03,6.04,2500,27400,25700,14800,14900,25000,38700,1900,100,100,3400,6700,6800,6300,9400,17100,5500,4800,16500,1200
271.0,5.92,164200,971975.0,5.92,5.91,5.9,5.89,5.88,5.87,5.86,5.85,5.84,5.82,5.93,5.94,5.95,5.96,5.97,6.0,6.01,6.02,6.03,6.04,2500,27400,25700,14800,14900,25000,38700,1900,100,100,3400,6700,6800,6300,9400,17100,5500,4800,16500,1200
272.0,5.92,164200,971975.0,5.92,5.91,5.9,5.89,5.88,5.87,5.86,5.85,5.84,5.82,5.93,5.94,5.95,5.96,5.97,6.0,6.01,6.02,6.03,6.04,2500,27400,25700,14800,14900,25000,38700,1900,100,100,3400,6700,6800,6300,9400,17100,5500,4800,16500,1200
273.0,5.92,164200,971975.0,5.92,5.91,5.9,5.89,5.88,5.87,5.86,5.85,5.84,5.82,5.93,5.94,5.95,5.96,5.97,6.0,6.01,6.02,6.03,6.04,2500,27400,25700,14800,14900,25000,38700,1900,100,100,3400,6700,6800,6300,9400,17100,5500,4800,16500,1200
274.0,5.92,164200,971975.0,5.92,5.91,5.9,5.89,5.88,5.87,5.86,5.85,5.84,5.82,5.93,5.94,5.95,5.96,5.97,6.0,6.01,6.02,6.03,6.04,2500,27400,25700,14800,14900,25000,38700,1900,100,100,3400,6700,6800,6300,9400,17100,5500,4800,16500,1200
275.0,5.92,164200,971975.0,5.92,5.91,5.9,5.89,5.88,5.87,5.86,5.85,5.84,5.82,5.93,5.94,5.95,5.96,5.97,6.0,6.01,6.02,6.03,6.04,2500,27400,25700,14800,14900,25000,38700,1900,100,100,3400,6700,6800,6300,9400,17100,5500,4800,16500,1200
276.0,5.92,164200,971975.0,5.92,5.91,5.9,5.89,5.88,5.87,5.86,5.85,5.84,5.82,5.93,5.94,5.95,5.96,5.97,6.0,6.01,6.02,6.03,6.04,2500,27400,25700,14800,14900,25000,38700,1900,100,100,3400,6700,6800,6300,9400,17100,5500,4800,16500,1200
277.0,5.92,164200,971975.0,5.92,5.91,5.9,5.89,5.88,5.87,5.86,5.85,5.84,5.82,5.93,5.94,5.95,5.96,5.97,6.0,6.01,6.02,6.03,6.04,2500,27400,25700,14800,14900,25000,38700,1900,100,100,3400,6700,6800,6300,9400,17100,5500,4800,16500,1200
278.0,5.92,164200,971975.0,5.92,5.91,5.9,5.89,5.88,5.87,5.86,5.85,5.84,5.82,5.93,5.94,5.95,5.96,5.97,6.0,6.01,6.02,6.03,6.04,2500,27400,25700,14800,14900,25000,38700,1900,100,100,3400,6700,6800,6300,9400,17100,5500,4800,16500,1200
279.0,5.92,164200,971975.0,5.92,5.91,5.9,5.89,5.88,5.87,5.86,5.85,5.84,5.82,5.93,5.94,5.95,5.96,5.97,6.0,6.01,6.02,6.03,6.04,2500,27400,25700,14800,14900,25000,38700,1900,100,100,3400,6700,6800,6300,9400,17100,5500,4800,16500,1200
280.0,5.92,164200,971975.0,5.92,5.91,5.9,5.89,5.88,5.87,5.86,5.85,5.84,5.82,5.93,5.94,5.95,5.96,5.97,6.0,6.01,6.02,6.03,6.04,2500,27400,25700,14800,14900,25000,38700,1900,100,100,3400,6700,6800,6300,9400,17100,5500,4800,16500,1200
281.0,5.92,164200,971975.0,5.92,5.91,5.9,5.89,5.88,5.87,5.86,5.85,5.84,5.82,5.93,5.94,5.95,5.96,5.97,6.0,6.01,6.02,6.03,6.04,2500,27400,25700,14800,14900,25000,38700,1900,100,100,3400,6700,6800,6300,9400,17100,5500,4800,16500,1200
282.0,5.92,164200,971975.0,5.92,5.91,5.9,5.89,5.88,5.87,5.86,5.85,5.84,5.82,5.93,5.94,5.95,5.96,5.97,6.0,6.01,6.02,6.03,6.04,2500,27400,25700,14800,14900,25000,38700,1900,100,100,3400,6700,6800,6300,9400,17100,5500,4800,16500,1200
283.0,5.92,164200,971975.0,5.92,5.91,5.9,5.89,5.88,5.87,5.86,5.85,5.84,5.82,5.93,5.94,5.95,5.96,5.97,6.0,6.01,6.02,6.03,6.04,2500,27400,25700,14800,14900,25000,38700,1900,100,100,3400,6700,6800,6300,9400,17100,5500,4800,16500,1200
284.0,5.92,164200,971975.0,5.92,5.91,5.9,5.89,5.88,5.87,5.86,5.85,5.84,5.82,5.93,5.94,5.95,5.96,5.97,6.0,6.01,6.02,6.03,6.04,2500,27400,25700,14800,14900,25000,38700,1900,100,100,3400,6700,6800,6300,9400,17100,5500,4800,16500,1200
285.0,5.92,164200,971975.0,5.92,5.91,5.9,5.89,5.88,5.87,5.86,5.85,5.84,5.82,5.93,5.94,5.95,5.96,5.97,6.0,6.01,6.02,6.03,6.04,2600,27400,25700,14800,14900,25000,38700,1900,100,100,3400,6700,6800,6300,9400,17100,5500,4800,16500,1200
286.0,5.92,164200,971975.0,5.92,5.91,5.9,5.89,5.88,5.87,5.86,5.85,5.84,5.82,5.93,5.94,5.95,5.96,5.97,6.0,6.01,6.02,6.03,6.04,2600,27400,25700,14800,14900,25000,38700,1900,100,100,3400,6700,6800,6300,9400,17100,5500,4800,16500,1200
287.0,5.92,164200,971975.0,5.92,5.91,5.9,5.89,5.88,5.87,5.86,5.85,5.84,5.82,5.93,5.94,5.95,5.96,5.97,6.0,6.01,6.02,6.03,6.04,2600,27400,25700,15100,14900,25000,38700,1900,100,100,3400,6700,6800,6300,9400,17100,5500,4800,16500,1200
288.0,5.92,164200,971975.0,5.92,5.91,5.9,5.89,5.88,5.87,5.86,5.85,5.84,5.82,5.93,5.94,5.95,5.96,5.97,6.0,6.01,6.02,6.03,6.04,2600,27400,25700,15100,14900,25000,38700,1900,100,100,3400,6700,6800,6300,9400,17100,5500,4800,16500,1200
289.0,5.92,164200,971975.0,5.92,5.91,5.9,5.89,5.88,5.87,5.86,5.85,5.84,5.82,5.93,5.94,5.95,5.96,5.97,6.0,6.01,6.02,6.03,6.04,2600,27400,25700,15100,14900,25000,38700,1900,100,100,3400,6700,6800,6300,9400,17100,5500,4800,16500,1200
290.0,5.92,164200,971975.0,5.92,5.91,5.9,5.89,5.88,5.87,5.86,5.85,5.84,5.82,5.93,5.94,5.95,5.96,5.97,6.0,6.01,6.02,6.03,6.04,2600,27400,25700,15100,14900,25000,38700,1900,100,100,3400,6700,6800,6300,9400,17100,5500,4800,16500,1200
291.0,5.92,164200,971975.0,5.92,5.91,5.9,5.89,5.88,5.87,5.86,5.85,5.84,5.82,5.93,5.94,5.95,5.96,5.97,5.98,6.0,6.01,6.02,6.03,2600,27400,25700,15100,14900,25000,38700,1900,100,100,3400,6700,6800,6300,9400,1500,17100,5500,4800,16500
292.0,5.92,164700,974935.0,5.92,5.91,5.9,5.89,5.88,5.87,5.86,5.85,5.84,5.82,5.93,5.94,5.95,5.96,5.97,5.98,6.0,6.01,6.02,6.03,2100,27400,25700,15100,14900,25000,38700,1900,100,100,3400,6700,6800,6300,9400,1500,17100,5500,4800,16500
293.0,5.92,164700,974935.0,5.92,5.91,5.9,5.89,5.88,5.87,5.86,5.85,5.84,5.82,5.93,5.94,5.95,5.96,5.97,5.98,6.0,6.01,6.02,6.03,2100,27400,25700,15100,14900,25000,38700,1900,100,100,3400,6700,6800,6300,9400,1500,17100,5500,4800,16500
294.0,5.92,164700,974935.0,5.92,5.91,5.9,5.89,5.88,5.87,5.86,5.85,5.84,5.82,5.93,5.94,5.95,5.96,5.97,5.98,6.0,6.01,6.02,6.03,2100,27400,25700,15100,14900,25000,38700,1900,100,100,3400,6700,6800,6300,9400,1500,17100,5500,4800,16500
295.0,5.92,166800,987367.0,5.91,5.9,5.89,5.88,5.87,5.86,5.85,5.84,5.82,5.81,5.92,5.93,5.94,5.95,5.96,5.97,5.98,6.0,6.01,6.02,27400,25700,15100,14900,25000,38700,1900,100,100,5000,500,9000,6700,6800,6300,9400,1500,17100,5500,4800
296.0,5.92,167200,989735.0,5.91,5.9,5.89,5.88,5.87,5.86,5.85,5.84,5.82,5.81,5.92,5.93,5.94,5.95,5.96,5.97,5.98,6.0,6.01,6.02,27400,25700,15100,14900,25000,38700,1900,100,100,5000,100,9000,6700,6800,6300,9400,1500,17100,5500,4800
297.0,5.92,167200,989735.0,5.91,5.9,5.89,5.88,5.87,5.86,5.85,5.84,5.82,5.81,5.92,5.93,5.94,5.95,5.96,5.97,5.98,6.0,6.01,6.02,27400,25700,14800,14900,25000,38700,1900,100,100,5000,100,9000,6700,6800,6300,9400,1500,17100,5500,4800
298.0,5.92,167200,989735.0,5.91,5.9,5.89,5.88,5.87,5.86,5.85,5.84,5.82,5.81,5.92,5.93,5.94,5.95,5.96,5.97,5.98,6.0,6.01,6.02,27400,25700,14800,14900,25000,38700,1900,100,100,5000,100,9000,6700,6800,6300,9400,1500,17100,5500,4800
299.0,5.92,167300,990327.0,5.91,5.9,5.89,5.88,5.87,5.86,5.85,5.84,5.82,5.81,5.93,5.94,5.95,5.96,5.97,5.98,6.0,6.01,6.02,6.03,27400,25700,14800,14900,25000,38700,1900,100,100,5000,9000,6700,6800,6300,9400,1500,17100,5500,4800,16500
300.0,5.92,167300,990327.0,5.91,5.9,5.89,5.88,5.87,5.86,5.85,5.84,5.82,5.81,5.93,5.94,5.95,5.96,5.97,5.98,6.0,6.01,6.02,6.03,27400,25700,14800,14900,25000,38700,1900,100,100,5000,9000,6700,6800,6300,9400,1500,17100,5500,4800,16500
301.0,5.92,167300,990327.0,5.91,5.9,5.89,5.88,5.87,5.86,5.85,5.84,5.82,5.81,5.93,5.94,5.95,5.96,5.97,5.98,6.0,6.01,6.02,6.03,27400,25700,14800,14900,25000,38700,1900,100,100,5000,8100,6700,6800,6300,9400,1500,17100,5500,4800,16500
302.0,5.91,167400,990918.0,5.91,5.9,5.89,5.88,5.87,5.86,5.85,5.84,5.82,5.81,5.92,5.93,5.94,5.95,5.96,5.97,5.98,6.0,6.01,6.02,27300,25700,14800,14900,25000,38700,1900,100,100,5000,900,8100,6700,6800,6300,9400,1500,17100,5500,4800
303.0,5.91,167400,990918.0,5.91,5.9,5.89,5.88,5.87,5.86,5.85,5.84,5.82,5.81,5.92,5.93,5.94,5.95,5.96,5.97,5.98,6.0,6.01,6.02,27300,25700,14800,14900,25000,38700,1900,100,100,5000,900,8100,6700,6800,6300,9400,1500,17100,5500,4800
304.0,5.92,168300,996246.0,5.92,5.91,5.9,5.89,5.88,5.87,5.86,5.85,5.84,5.82,5.93,5.94,5.95,5.96,5.97,5.98,6.0,6.01,6.02,6.03,900,27300,25700,14800,14900,25000,38700,1900,100,100,8100,6700,6800,6300,9400,1500,17100,5500,4800,16500
305.0,5.92,168300,996246.0,5.92,5.91,5.9,5.89,5.88,5.87,5.86,5.85,5.84,5.82,5.93,5.94,5.95,5.96,5.97,5.98,6.0,6.01,6.02,6.03,1300,27300,25700,14800,14900,25000,38700,1900,100,100,8100,6700,6800,6300,9400,1500,17100,5500,4800,16500
306.0,5.92,168300,996246.0,5.92,5.91,5.9,5.89,5.88,5.87,5.86,5.85,5.84,5.82,5.93,5.94,5.95,5.96,5.97,5.98,6.0,6.01,6.02,6.03,1300,26700,25700,15100,14900,25000,38700,1900,100,100,8300,6700,6800,6300,9400,1500,17100,5500,4800,16500
307.0,5.92,168300,996246.0,5.92,5.91,5.9,5.89,5.88,5.87,5.86,5.85,5.84,5.82,5.93,5.94,5.95,5.96,5.97,5.98,6.0,6.01,6.02,6.03,1300,15200,25500,15100,14900,25000,38700,1900,100,100,8300,6700,6800,6300,9400,1500,17100,5500,4800,16500
308.0,5.92,169300,1002166.0,5.92,5.91,5.9,5.89,5.88,5.87,5.86,5.85,5.84,5.82,5.93,5.94,5.95,5.96,5.97,5.98,6.0,6.01,6.02,6.03,300,15200,25500,14800,14900,25000,38700,1900,100,100,8300,6700,6800,6300,9400,1500,17100,5500,4800,16500
309.0,5.91,170800,1011034.0,5.91,5.9,5.89,5.88,5.87,5.86,5.85,5.84,5.82,5.81,5.92,5.93,5.94,5.95,5.96,5.97,5.98,6.0,6.01,6.02,15500,25500,14800,14900,25000,38700,1900,100,100,5000,800,7600,6700,6800,6300,9400,1500,17100,5500,4800
310.0,5.91,170800,1011034.0,5.91,5.9,5.89,5.88,5.87,5.86,5.85,5.84,5.82,5.81,5.92,5.93,5.94,5.95,5.96,5.97,5.98,6.0,6.01,6.02,15500,25500,14800,14900,25000,38700,1900,100,100,5000,1200,7600,6700,6800,6300,9400,1500,17100,5500,4800
311.0,5.91,170800,1011034.0,5.91,5.9,5.89,5.88,5.87,5.86,5.85,5.84,5.82,5.81,5.92,5.93,5.94,5.95,5.96,5.97,5.98,6.0,6.01,6.02,15500,25500,14800,14900,25000,38700,1900,100,100,5000,1200,7600,6700,6800,6300,9400,1500,17100,5500,4800
312.0,5.91,170800,1011034.0,5.91,5.9,5.89,5.88,5.87,5.86,5.85,5.84,5.82,5.81,5.92,5.93,5.94,5.95,5.96,5.97,5.98,6.0,6.01,6.02,15500,25500,14800,14900,25000,38700,1900,100,100,5000,1200,7600,6700,6800,6300,9400,1500,17100,5500,4800
313.0,5.91,170800,1011034.0,5.91,5.9,5.89,5.88,5.87,5.86,5.85,5.84,5.82,5.81,5.92,5.93,5.94,5.95,5.96,5.97,5.98,6.0,6.01,6.02,15500,25500,14800,14900,25000,38700,1900,100,100,5000,1200,7600,6700,6800,6300,9400,1500,17100,5500,4800
314.0,5.91,170800,1011034.0,5.91,5.9,5.89,5.88,5.87,5.86,5.85,5.84,5.82,5.81,5.92,5.93,5.94,5.95,5.96,5.97,5.98,6.0,6.01,6.02,15500,25500,14800,14900,25000,38700,1900,100,100,5000,1200,7600,6700,6800,6300,9400,1500,17100,5500,4800
315.0,5.91,170800,1011034.0,5.91,5.9,5.89,5.88,5.87,5.86,5.85,5.84,5.82,5.81,5.92,5.93,5.94,5.95,5.96,5.97,5.98,6.0,6.01,6.02,15500,25500,14800,14900,25000,38700,1900,100,100,5000,1500,7600,6700,6800,6300,9400,1500,17100,5500,4800
316.0,5.91,170800,1011034.0,5.91,5.9,5.89,5.88,5.87,5.86,5.85,5.84,5.82,5.81,5.92,5.93,5.94,5.95,5.96,5.97,5.98,6.0,6.01,6.02,15500,25500,14800,14900,25000,38700,1900,100,100,5000,1500,7600,6700,6800,6300,9400,1500,17100,5500,4800
317.0,5.91,170800,1011034.0,5.91,5.9,5.89,5.88,5.87,5.86,5.85,5.84,5.82,5.81,5.92,5.93,5.94,5.95,5.96,5.97,5.98,6.0,6.01,6.02,15500,25500,14800,14900,25000,38700,1900,100,100,5000,1500,7600,6700,6800,6300,9400,1500,17100,5500,4800
318.0,5.91,170800,1011034.0,5.91,5.9,5.89,5.88,5.87,5.86,5.85,5.84,5.82,5.81,5.92,5.93,5.94,5.95,5.96,5.97,5.98,6.0,6.01,6.02,15500,25500,14800,14900,25000,38700,1900,100,100,5000,1500,7600,6700,6800,6300,9400,1500,17100,5500,4800
319.0,5.91,170800,1011034.0,5.91,5.9,5.89,5.88,5.87,5.86,5.85,5.84,5.82,5.81,5.92,5.93,5.94,5.95,5.96,5.97,5.98,6.0,6.01,6.02,14000,25500,14800,14900,25000,38700,1900,100,100,5000,1800,7600,6700,6800,6300,9400,1500,17100,5500,4800
320.0,5.91,170800,1011034.0,5.91,5.9,5.89,5.88,5.87,5.86,5.85,5.84,5.82,5.81,5.92,5.93,5.94,5.95,5.96,5.97,5.98,6.0,6.01,6.02,14000,25500,14800,14900,25000,38700,1900,100,100,5000,1800,7600,6700,6800,6300,9400,1500,17100,5500,4800
321.0,5.91,170800,1011034.0,5.91,5.9,5.89,5.88,5.87,5.86,5.85,5.84,5.82,5.81,5.92,5.93,5.94,5.95,5.96,5.97,5.98,6.0,6.01,6.02,14000,25500,14800,14900,25000,38700,1900,100,100,5000,1800,7600,6700,6800,6300,9400,1500,17100,5500,4800
322.0,5.91,170800,1011034.0,5.91,5.9,5.89,5.88,5.87,5.86,5.85,5.84,5.82,5.81,5.92,5.93,5.94,5.95,5.96,5.97,5.98,6.0,6.01,6.02,14000,26000,14800,14900,25000,38700,1900,100,100,5000,6800,4500,6700,5900,6300,9400,1500,17100,5500,4800
323.0,5.91,170800,1011034.0,5.91,5.9,5.89,5.88,5.87,5.86,5.85,5.84,5.82,5.81,5.92,5.93,5.94,5.95,5.96,5.97,5.98,6.0,6.01,6.02,14000,26000,14800,14900,25000,38700,1900,100,100,5000,6800,4500,6700,5900,6300,9400,1500,17100,5500,4800
324.0,5.91,170800,1011034.0,5.91,5.9,5.89,5.88,5.87,5.86,5.85,5.84,5.82,5.81,5.92,5.93,5.94,5.95,5.96,5.97,5.98,6.0,6.01,6.02,14000,26000,14800,14900,25000,38700,1900,100,100,5000,7000,4500,6700,5900,6300,9400,1500,17100,5500,4800
325.0,5.91,170800,1011034.0,5.91,5.9,5.89,5.88,5.87,5.86,5.85,5.84,5.82,5.81,5.92,5.93,5.94,5.95,5.96,5.97,5.98,6.0,6.01,6.02,14000,26000,14800,14900,25000,38700,1900,100,100,5000,7200,3600,6700,5900,6300,9400,1500,17100,5500,4800
326.0,5.91,170800,1011034.0,5.91,5.9,5.89,5.88,5.87,5.86,5.85,5.84,5.82,5.81,5.92,5.93,5.94,5.95,5.96,5.97,5.98,6.0,6.01,6.02,14000,26000,14800,14900,25000,38700,1900,100,100,5000,7200,3600,6700,5900,6300,9400,1500,17100,5500,4800
327.0,5.91,170800,1011034.0,5.91,5.9,5.89,5.88,5.87,5.86,5.85,5.84,5.82,5.81,5.92,5.93,5.94,5.95,5.96,5.97,5.98,6.0,6.01,6.02,14000,26000,14800,14900,25000,38700,1900,100,100,5000,7200,3600,6700,5900,6300,9400,1500,17100,5500,4800
328.0,5.91,170800,1011034.0,5.91,5.9,5.89,5.88,5.87,5.86,5.85,5.84,5.82,5.81,5.92,5.93,5.94,5.95,5.96,5.97,5.98,6.0,6.01,6.02,14000,26000,14800,14900,25000,38700,1900,100,100,5000,7200,3600,6700,5900,6300,9400,1500,17100,5500,4800
329.0,5.91,170800,1011034.0,5.91,5.9,5.89,5.88,5.87,5.86,5.85,5.84,5.82,5.81,5.92,5.93,5.94,5.95,5.96,5.97,5.98,6.0,6.01,6.02,14000,26000,14800,14900,25000,38700,1900,100,100,5000,7200,3600,6700,5900,6300,9400,1500,17100,5500,4800
330.0,5.91,170800,1011034.0,5.91,5.9,5.89,5.88,5.87,5.86,5.85,5.84,5.82,5.81,5.92,5.93,5.94,5.95,5.96,5.97,5.98,6.0,6.01,6.02,14000,26000,14800,14900,25000,38700,1900,100,100,5000,7200,3600,6700,5900,11900,9400,1500,17100,5500,4800
331.0,5.91,170800,1011034.0,5.91,5.9,5.89,5.88,5.87,5.86,5.85,5.84,5.82,5.81,5.92,5.93,5.94,5.95,5.96,5.97,5.98,6.0,6.01,6.02,15000,26000,14800,14900,25000,38700,1900,100,100,5000,7200,3600,6700,5900,11900,9400,1500,17100,5500,4800
332.0,5.92,171000,1012218.0,5.91,5.9,5.89,5.88,5.87,5.86,5.85,5.84,5.82,5.81,5.92,5.93,5.94,5.95,5.96,5.97,5.98,6.0,6.01,6.02,21700,26400,14800,14900,25000,38700,1900,100,100,5000,6900,3600,6700,5900,11900,9400,1500,17100,5500,4800
333.0,5.92,171000,1012218.0,5.91,5.9,5.89,5.88,5.87,5.86,5.85,5.84,5.82,5.81,5.92,5.93,5.94,5.95,5.96,5.97,5.98,6.0,6.01,6.02,28600,26400,14800,14900,25000,38700,1900,100,100,5000,6900,3600,6700,5900,11900,9400,1500,17100,5500,4800
334.0,5.92,171000,1012218.0,5.91,5.9,5.89,5.88,5.87,5.86,5.85,5.84,5.82,5.81,5.92,5.93,5.94,5.95,5.96,5.97,5.98,6.0,6.01,6.02,28600,26400,14800,14900,25000,38700,1900,100,100,5000,6900,3600,6700,5900,11900,9400,1500,17100,5500,4800
335.0,5.92,171000,1012218.0,5.91,5.9,5.89,5.88,5.87,5.86,5.85,5.84,5.82,5.81,5.92,5.93,5.94,5.95,5.96,5.97,5.98,6.0,6.01,6.02,28600,26400,14800,14900,25000,38700,1900,100,100,5000,6900,3600,6700,5900,11900,9400,1500,17100,5500,4800
336.0,5.92,171000,1012218.0,5.91,5.9,5.89,5.88,5.87,5.86,5.85,5.84,5.82,5.81,5.92,5.93,5.94,5.95,5.96,5.97,5.98,6.0,6.01,6.02,28600,26400,14800,14900,25000,38700,1900,100,100,5000,6900,3600,6700,5900,11900,9400,1500,17100,5500,4800
337.0,5.92,171000,1012218.0,5.91,5.9,5.89,5.88,5.87,5.86,5.85,5.84,5.82,5.81,5.92,5.93,5.94,5.95,5.96,5.97,5.98,6.0,6.01,6.02,28600,26400,14800,14900,25000,38700,1900,100,100,5000,6900,3600,6700,5900,11900,9400,1500,17100,5500,4800
338.0,5.92,171000,1012218.0,5.91,5.9,5.89,5.88,5.87,5.86,5.85,5.84,5.82,5.81,5.92,5.93,5.94,5.95,5.96,5.97,5.98,6.0,6.01,6.02,28600,26400,14800,14900,25000,38700,1900,100,100,5000,6900,3600,6700,5900,11900,9400,1500,17100,5500,4800
339.0,5.92,171000,1012218.0,5.91,5.9,5.89,5.88,5.87,5.86,5.85,5.84,5.82,5.81,5.92,5.93,5.94,5.95,5.96,5.97,5.98,6.0,6.01,6.02,28600,26400,14800,14900,25000,38700,1900,100,100,5000,6900,3600,6700,5900,11900,9400,1500,17100,5500,4800
340.0,5.92,171000,1012218.0,5.91,5.9,5.89,5.88,5.87,5.86,5.85,5.84,5.82,5.81,5.92,5.93,5.94,5.95,5.96,5.97,5.98,6.0,6.01,6.02,28600,26400,14800,14900,25000,38700,1900,100,100,5000,6900,3600,6700,5900,11900,9400,1500,17100,5500,4800
341.0,5.92,171000,1012218.0,5.91,5.9,5.89,5.88,5.87,5.86,5.85,5.84,5.82,5.81,5.92,5.93,5.94,5.95,5.96,5.97,5.98,6.0,6.01,6.02,28600,26400,14800,14900,25000,38700,1900,100,100,5000,6900,3600,6700,5900,11900,9400,1500,17100,5500,4800
342.0,5.92,171000,1012218.0,5.91,5.9,5.89,5.88,5.87,5.86,5.85,5.84,5.82,5.81,5.92,5.93,5.94,5.95,5.96,5.97,5.98,6.0,6.01,6.02,28600,26400,14800,14900,25000,38700,1900,100,100,5000,6900,3600,6700,5900,11900,9400,1500,17100,5500,4800
343.0,5.92,171000,1012218.0,5.91,5.9,5.89,5.88,5.87,5.86,5.85,5.84,5.82,5.81,5.92,5.93,5.94,5.95,5.96,5.97,5.98,6.0,6.01,6.02,28600,26400,14800,14900,25000,38700,1900,100,100,5000,6900,3600,6700,5900,11900,9400,1500,17100,5500,4800
344.0,5.92,171000,1012218.0,5.91,5.9,5.89,5.88,5.87,5.86,5.85,5.84,5.82,5.81,5.92,5.93,5.94,5.95,5.96,5.97,5.98,6.0,6.01,6.02,28600,26400,14800,14900,25000,38700,1900,100,100,5000,6900,3600,6700,5900,11900,9400,1500,17100,5500,4800
345.0,5.92,171000,1012218.0,5.91,5.9,5.89,5.88,5.87,5.86,5.85,5.84,5.82,5.81,5.92,5.93,5.94,5.95,5.96,5.97,5.98,6.0,6.01,6.02,28600,26400,14800,14900,25000,38700,1900,100,100,5000,6900,3600,6700,5900,11900,9400,1500,17100,5500,4800
346.0,5.92,176000,1041818.0,5.91,5.9,5.89,5.88,5.87,5.86,5.85,5.84,5.82,5.81,5.92,5.93,5.94,5.95,5.96,5.97,5.98,6.0,6.01,6.02,28600,26400,14800,14900,25000,38700,1900,100,100,5000,1900,3600,6700,5900,11900,9400,1500,17100,5500,4800
347.0,5.92,176300,1043594.0,5.91,5.9,5.89,5.88,5.87,5.86,5.85,5.84,5.82,5.81,5.92,5.93,5.94,5.95,5.96,5.97,5.98,6.0,6.01,6.02,28600,26400,14800,14900,25000,38700,1900,100,100,5000,1600,3600,6700,5900,11900,9400,1500,17100,5500,4800
348.0,5.92,177900,1053066.0,5.92,5.91,5.9,5.89,5.88,5.87,5.86,5.85,5.84,5.82,5.93,5.94,5.95,5.96,5.97,5.98,6.0,6.01,6.02,6.03,800,28600,26400,14800,14900,25000,38700,1900,100,100,3600,6700,5900,11900,9400,1500,17100,5500,4800,16500
349.0,5.92,177900,1053066.0,5.92,5.91,5.9,5.89,5.88,5.87,5.86,5.85,5.84,5.82,5.93,5.94,5.95,5.96,5.97,5.98,6.0,6.01,6.02,6.03,900,28600,26400,14800,14900,25000,38700,1900,100,100,3600,6700,5900,11900,9400,1500,17100,5500,4800,16500
350.0,5.92,177900,1053066.0,5.92,5.91,5.9,5.89,5.88,5.87,5.86,5.85,5.84,5.82,5.93,5.94,5.95,5.96,5.97,5.98,6.0,6.01,6.02,6.03,1600,28600,26400,14800,14900,25000,38700,1900,100,100,3600,6700,5900,11900,9400,1500,17100,5500,4800,16500
351.0,5.92,177900,1053066.0,5.92,5.91,5.9,5.89,5.88,5.87,5.86,5.85,5.84,5.82,5.93,5.94,5.95,5.96,5.97,5.98,6.0,6.01,6.02,6.03,1600,28600,26400,14800,14900,25000,38700,1900,100,100,3900,6700,5900,11900,9400,1500,17100,5500,4800,16500
352.0,5.92,177900,1053066.0,5.92,5.91,5.9,5.89,5.88,5.87,5.86,5.85,5.84,5.82,5.93,5.94,5.95,5.96,5.97,5.98,6.0,6.01,6.02,6.03,1300,28600,21600,15100,15900,25000,38700,1900,100,100,3900,6700,5900,11900,9400,1500,17100,5500,4800,16500
353.0,5.92,177900,1053066.0,5.92,5.91,5.9,5.89,5.88,5.87,5.86,5.85,5.84,5.82,5.93,5.94,5.95,5.96,5.97,5.98,6.0,6.01,6.02,6.03,1300,28600,21600,15100,15900,25000,38700,1900,100,100,3900,6700,5900,11900,9400,1500,17100,5500,4800,16500
354.0,5.92,177900,1053066.0,5.92,5.91,5.9,5.89,5.88,5.87,5.86,5.85,5.84,5.82,5.93,5.94,5.95,5.96,5.97,5.98,6.0,6.01,6.02,6.03,1200,28600,21600,15100,15900,25000,38700,1900,100,100,3900,6700,5900,11900,9400,1500,17100,5500,4800,16500
355.0,5.92,177900,1053066.0,5.92,5.91,5.9,5.89,5.88,5.87,5.86,5.85,5.84,5.82,5.93,5.94,5.95,5.96,5.97,5.98,6.0,6.01,6.02,6.03,1200,28600,21600,15100,15900,25000,38700,1900,100,100,3900,6700,5900,11900,9400,1500,17100,3500,4800,16500
356.0,5.92,177900,1053066.0,5.92,5.91,5.9,5.89,5.88,5.87,5.86,5.85,5.84,5.82,5.93,5.94,5.95,5.96,5.97,5.98,6.0,6.01,6.02,6.03,1200,28600,21600,15100,15900,25000,38700,1900,100,100,3900,6700,5900,11900,9400,1500,17100,3500,4800,16500
357.0,5.92,177900,1053066.0,5.92,5.91,5.9,5.89,5.88,5.87,5.86,5.85,5.84,5.82,5.93,5.94,5.95,5.96,5.97,5.98,6.0,6.01,6.02,6.03,1200,28600,21600,15100,15900,25000,38700,1900,100,100,3900,6700,5900,11900,9400,1500,17100,3500,4800,16500
358.0,5.92,177900,1053066.0,5.92,5.91,5.9,5.89,5.88,5.87,5.86,5.85,5.84,5.82,5.93,5.94,5.95,5.96,5.97,5.98,6.0,6.01,6.02,6.03,1200,28600,21600,15100,15900,25000,38700,1900,100,100,3900,6700,5900,11900,9400,1500,17100,3500,4800,16500
359.0,5.92,177900,1053066.0,5.92,5.91,5.9,5.89,5.88,5.87,5.86,5.85,5.84,5.82,5.93,5.94,5.95,5.96,5.97,5.98,6.0,6.01,6.02,6.03,1200,28600,21600,15100,15900,25000,38700,1900,100,100,3900,6700,5900,11900,9400,1500,17100,3500,4800,16500
360.0,5.92,177900,1053066.0,5.92,5.91,5.9,5.89,5.88,5.87,5.86,5.85,5.84,5.82,5.93,5.94,5.95,5.96,5.97,5.98,6.0,6.01,6.02,6.03,1200,28600,21600,15100,15900,25000,38700,1900,100,100,3900,6700,5900,11900,9400,1500,17100,1000,4800,16500
361.0,5.92,177900,1053066.0,5.92,5.91,5.9,5.89,5.88,5.87,5.86,5.85,5.84,5.82,5.93,5.94,5.95,5.96,5.97,5.98,6.0,6.01,6.02,6.03,1200,28600,21600,15100,15900,25000,38700,1900,100,100,3900,6700,5900,11900,9400,1500,17100,1000,4800,16500
362.0,5.92,177900,1053066.0,5.92,5.91,5.9,5.89,5.88,5.87,5.86,5.85,5.84,5.82,5.93,5.94,5.95,5.96,5.97,5.98,6.0,6.01,6.02,6.03,1200,28600,21600,15100,15900,25000,38700,1900,100,100,3900,6700,5900,11900,9400,1500,17100,1000,4800,16500
363.0,5.92,177900,1053066.0,5.92,5.91,5.9,5.89,5.88,5.87,5.86,5.85,5.84,5.82,5.93,5.94,5.95,5.96,5.97,5.98,6.0,6.01,6.02,6.03,1200,28600,21600,15100,15900,25000,38700,1900,100,100,3900,6700,5900,11900,9400,1500,17100,1000,4800,16500
364.0,5.92,177900,1053066.0,5.92,5.91,5.9,5.89,5.88,5.87,5.86,5.85,5.84,5.82,5.93,5.94,5.95,5.96,5.97,5.98,6.0,6.01,6.02,6.03,2200,28600,21600,15100,15900,25000,38700,1900,100,100,3900,6700,5900,11900,9400,1500,17100,1000,4800,16500
365.0,5.92,177900,1053066.0,5.92,5.91,5.9,5.89,5.88,5.87,5.86,5.85,5.84,5.82,5.93,5.94,5.95,5.96,5.97,5.98,6.0,6.01,6.02,6.03,2200,28600,21600,15100,15900,25000,38700,1900,100,100,3900,6700,5900,11900,9400,1500,17100,1000,4800,16500
366.0,5.92,177900,1053066.0,5.92,5.91,5.9,5.89,5.88,5.87,5.86,5.85,5.84,5.82,5.93,5.94,5.95,5.96,5.97,5.98,6.0,6.01,6.02,6.03,2200,28600,21600,15100,15900,25000,38700,1900,100,100,3900,6700,5900,11900,9400,1500,17100,1000,4800,16500
367.0,5.92,177900,1053066.0,5.92,5.91,5.9,5.89,5.88,5.87,5.86,5.85,5.84,5.82,5.93,5.94,5.95,5.96,5.97,5.98,6.0,6.01,6.02,6.03,2200,28600,21600,15100,15900,25000,38700,1900,100,100,3900,6700,5900,11900,9400,1500,19700,1000,4800,16500
368.0,5.92,177900,1053066.0,5.92,5.91,5.9,5.89,5.88,5.87,5.86,5.85,5.84,5.82,5.93,5.94,5.95,5.96,5.97,5.98,6.0,6.01,6.02,6.03,2200,28600,21600,15100,15900,25000,38700,1900,100,100,3900,6700,5900,11900,9400,1500,19700,1000,4800,16500
369.0,5.92,177900,1053066.0,5.92,5.91,5.9,5.89,5.88,5.87,5.86,5.85,5.84,5.82,5.93,5.94,5.95,5.96,5.97,5.98,6.0,6.01,6.02,6.03,2200,28600,21600,15100,15900,25000,38700,1900,100,100,3900,6700,5900,11900,9400,1500,19700,1000,4800,16500
370.0,5.92,177900,1053066.0,5.92,5.91,5.9,5.89,5.88,5.87,5.86,5.85,5.84,5.82,5.93,5.94,5.95,5.96,5.97,5.98,6.0,6.01,6.02,6.03,2200,28600,21600,15100,15900,25000,38700,1900,100,100,3900,6700,5900,11900,9400,1500,19700,1000,4800,16500
371.0,5.92,177900,1053066.0,5.92,5.91,5.9,5.89,5.88,5.87,5.86,5.85,5.84,5.82,5.93,5.94,5.95,5.96,5.97,5.98,6.0,6.01,6.02,6.03,2200,28600,21600,15100,15900,25000,38700,1900,100,100,4000,6700,5900,11900,9400,1500,19700,1000,4800,16500
372.0,5.92,180100,1066090.0,5.91,5.9,5.89,5.88,5.87,5.86,5.85,5.84,5.82,5.81,5.92,5.93,5.94,5.95,5.96,5.97,5.98,6.0,6.01,6.02,28600,21600,15100,15900,25000,38700,1900,100,100,5000,1200,4800,6700,5900,11900,9400,1500,19700,1000,4800
373.0,5.92,180100,1066090.0,5.91,5.9,5.89,5.88,5.87,5.86,5.85,5.84,5.82,5.81,5.92,5.93,5.94,5.95,5.96,5.97,5.98,6.0,6.01,6.02,29200,21600,15100,15900,25000,38700,1900,100,100,5000,1400,4800,6700,5900,11900,9400,1500,19700,1000,4800
374.0,5.92,180100,1066090.0,5.91,5.9,5.89,5.88,5.87,5.86,5.85,5.84,5.82,5.81,5.92,5.93,5.94,5.95,5.96,5.97,5.98,6.0,6.01,6.02,29200,21600,15100,15900,25000,38700,1900,100,100,5000,1400,4800,6700,5900,11900,9400,1500,19700,1000,4800
375.0,5.92,180100,1066090.0,5.91,5.9,5.89,5.88,5.87,5.86,5.85,5.84,5.82,5.81,5.92,5.93,5.94,5.95,5.96,5.97,5.98,6.0,6.01,6.02,29200,21600,15100,15900,25000,38700,1900,100,100,5000,1400,4400,6700,5900,11900,9400,1500,19700,1000,4800
376.0,5.92,180100,1066090.0,5.91,5.9,5.89,5.88,5.87,5.86,5.85,5.84,5.82,5.81,5.92,5.93,5.94,5.95,5.96,5.97,5.98,6.0,6.01,6.02,29200,21600,15100,15900,25000,38700,1900,100,100,5000,800,4400,6700,5900,11900,9400,1500,19700,1000,4800
377.0,5.92,180100,1066090.0,5.91,5.9,5.89,5.88,5.87,5.86,5.85,5.84,5.82,5.81,5.92,5.93,5.94,5.95,5.96,5.97,5.98,6.0,6.01,6.02,29200,21400,14800,15900,25000,38700,1900,100,100,5000,200,4400,6700,5900,11900,9400,1500,19700,1000,4800
378.0,5.92,180100,1066090.0,5.91,5.9,5.89,5.88,5.87,5.86,5.85,5.84,5.82,5.81,5.92,5.93,5.94,5.95,5.96,5.97,5.98,6.0,6.01,6.02,29200,21400,14800,15900,25000,38700,1900,100,100,5000,200,4400,6700,5900,11900,9400,1500,19700,1000,4800
379.0,5.92,180100,1066090.0,5.91,5.9,5.89,5.88,5.87,5.86,5.85,5.84,5.82,5.81,5.92,5.93,5.94,5.95,5.96,5.97,5.98,6.0,6.01,6.02,26700,21400,14800,15900,25000,38700,1900,100,100,5000,200,4400,6700,5900,11900,9400,1500,19700,1000,4800
380.0,5.92,180200,1066682.0,5.91,5.9,5.89,5.88,5.87,5.86,5.85,5.84,5.82,5.81,5.92,5.93,5.94,5.95,5.96,5.97,5.98,6.0,6.01,6.02,26700,21400,14800,15900,25000,38700,1900,100,100,5000,100,4400,6700,5900,11900,9400,1500,19700,1000,4800
381.0,5.93,180500,1068460.0,5.91,5.9,5.89,5.88,5.87,5.86,5.85,5.84,5.82,5.81,5.93,5.94,5.95,5.96,5.97,5.98,6.0,6.01,6.02,6.03,26700,21400,14800,15900,25000,38700,1900,100,100,5000,3000,6700,5900,11900,9400,1500,19700,1000,4800,16500
382.0,5.93,180500,1068460.0,5.91,5.9,5.89,5.88,5.87,5.86,5.85,5.84,5.82,5.81,5.93,5.94,5.95,5.96,5.97,5.98,6.0,6.01,6.02,6.03,26700,21400,14800,15900,25000,38700,1900,100,100,5000,3000,6700,5900,11900,9400,1500,19700,1000,4800,16500
383.0,5.93,180500,1068460.0,5.91,5.9,5.89,5.88,5.87,5.86,5.85,5.84,5.82,5.81,5.93,5.94,5.95,5.96,5.97,5.98,6.0,6.01,6.02,6.03,26700,21400,14800,15900,25000,38700,1900,100,100,5000,3000,6700,5900,11900,9400,1500,19700,1000,4800,16500
384.0,5.93,180500,1068460.0,5.91,5.9,5.89,5.88,5.87,5.86,5.85,5.84,5.82,5.81,5.93,5.94,5.95,5.96,5.97,5.98,6.0,6.01,6.02,6.03,26700,21400,14800,15900,25000,38700,1900,100,100,5000,3000,6700,5900,11900,9400,1500,19700,1000,4800,16500
385.0,5.93,180500,1068460.0,5.92,5.91,5.9,5.89,5.88,5.87,5.86,5.85,5.84,5.82,5.93,5.94,5.95,5.96,5.97,5.98,6.0,6.01,6.02,6.03,2500,26700,21600,15100,15900,25000,38700,1900,100,100,3000,6700,5900,11900,9400,1500,19700,1000,4800,16500
386.0,5.92,181800,1076156.0,5.92,5.91,5.9,5.89,5.88,5.87,5.86,5.85,5.84,5.82,5.93,5.94,5.95,5.96,5.97,5.98,6.0,6.01,6.02,6.03,1200,26700,21600,15100,15900,25000,38700,1900,100,100,3000,6700,5900,11900,9400,1500,19700,1000,4800,16500
387.0,5.92,181800,1076156.0,5.92,5.91,5.9,5.89,5.88,5.87,5.86,5.85,5.84,5.82,5.93,5.94,5.95,5.96,5.97,5.98,6.0,6.01,6.02,6.03,1200,26700,21600,15100,15900,25000,38700,1900,100,100,3000,6700,5900,11900,9400,1500,19700,1000,4800,16500
388.0,5.92,181800,1076156.0,5.92,5.91,5.9,5.89,5.88,5.87,5.86,5.85,5.84,5.82,5.93,5.94,5.95,5.96,5.97,5.98,6.0,6.01,6.02,6.03,1200,26700,21600,15100,15900,25000,38700,1900,100,100,3000,6700,5900,11900,9400,1500,19700,1000,4800,16500
389.0,5.92,181800,1076156.0,5.92,5.91,5.9,5.89,5.88,5.87,5.86,5.85,5.84,5.82,5.93,5.94,5.95,5.96,5.97,5.98,6.0,6.01,6.02,6.03,1200,26700,21600,15100,15900,25000,38700,1900,100,100,3000,6700,5900,11900,9400,1500,19700,1000,4800,16500
390.0,5.93,181900,1076749.0,5.92,5.91,5.9,5.89,5.88,5.87,5.86,5.85,5.84,5.82,5.93,5.94,5.95,5.96,5.97,5.98,6.0,6.01,6.02,6.03,2000,26100,21600,15100,15900,25000,38700,1900,100,100,2900,6700,5900,11900,9400,1500,19700,1000,4800,16500
391.0,5.93,181900,1076749.0,5.92,5.91,5.9,5.89,5.88,5.87,5.86,5.85,5.84,5.82,5.93,5.94,5.95,5.96,5.97,5.98,6.0,6.01,6.02,6.03,2000,26100,21600,15100,15900,25000,38700,1900,100,100,2900,6700,5900,11900,9400,1500,19700,1000,4800,16500
392.0,5.93,181900,1076749.0,5.92,5.91,5.9,5.89,5.88,5.87,5.86,5.85,5.84,5.82,5.93,5.94,5.95,5.96,5.97,5.98,6.0,6.01,6.02,6.03,2000,26100,21600,15100,15900,25000,38700,1900,100,100,2900,6700,5900,11900,9400,1500,19700,1000,4800,16500
393.0,5.93,181900,1076749.0,5.92,5.91,5.9,5.89,5.88,5.87,5.86,5.85,5.84,5.82,5.93,5.94,5.95,5.96,5.97,5.98,6.0,6.01,6.02,6.03,2000,26100,21600,15100,15900,25000,38700,1900,100,100,2900,6700,5900,11900,9400,1500,19700,1000,4800,16500
394.0,5.93,181900,1076749.0,5.92,5.91,5.9,5.89,5.88,5.87,5.86,5.85,5.84,5.82,5.93,5.94,5.95,5.96,5.97,5.98,6.0,6.01,6.02,6.03,6000,26100,21600,15100,15900,25000,38700,1900,100,100,2900,6700,5900,11900,9400,1500,19700,1000,4800,16500
395.0,5.93,182000,1077342.0,5.92,5.91,5.9,5.89,5.88,5.87,5.86,5.85,5.84,5.82,5.93,5.94,5.95,5.96,5.97,5.98,6.0,6.01,6.02,6.03,6000,26100,21600,15100,15900,25000,38700,1900,100,100,3300,6700,5900,11900,9400,1500,19700,1000,4800,16500
396.0,5.93,182000,1077342.0,5.92,5.91,5.9,5.89,5.88,5.87,5.86,5.85,5.84,5.82,5.93,5.94,5.95,5.96,5.97,5.98,6.0,6.01,6.02,6.03,6000,26100,21600,15100,15900,25000,38700,1900,100,100,3300,6700,5900,11900,9400,1500,19700,1000,4800,16500
397.0,5.93,182200,1078528.0,5.92,5.91,5.9,5.89,5.88,5.87,5.86,5.85,5.84,5.82,5.93,5.94,5.95,5.96,5.97,5.98,6.0,6.01,6.02,6.03,6000,26100,21600,15100,15900,25000,38700,1900,100,100,3100,6700,5900,11900,9400,1500,19700,1000,4800,16500
398.0,5.93,182200,1078528.0,5.92,5.91,5.9,5.89,5.88,5.87,5.86,5.85,5.84,5.82,5.93,5.94,5.95,5.96,5.97,5.98,6.0,6.01,6.02,6.03,6000,26100,21600,15100,15900,25000,38700,1900,100,100,3500,6700,5900,11900,9400,1500,19700,1000,4800,16500
399.0,5.93,182500,1080307.0,5.92,5.91,5.9,5.89,5.88,5.87,5.86,5.85,5.84,5.82,5.93,5.94,5.95,5.96,5.97,5.98,6.0,6.01,6.02,6.03,6000,26100,21600,15100,15900,25000,38700,1900,100,100,3200,6700,5900,11900,9400,1500,19700,1000,4800,16500
400.0,5.93,182500,1080307.0,5.92,5.91,5.9,5.89,5.88,5.87,5.86,5.85,5.84,5.82,5.93,5.94,5.95,5.96,5.97,5.98,6.0,6.01,6.02,6.03,6000,25100,21600,15100,15900,25000,38700,1900,100,100,4100,6700,5900,11900,9400,1500,19700,1000,4800,16500
401.0,5.93,182500,1080307.0,5.92,5.91,5.9,5.89,5.88,5.87,5.86,5.85,5.84,5.82,5.93,5.94,5.95,5.96,5.97,5.98,6.0,6.01,6.02,6.03,6000,25100,21600,15100,15900,25000,38700,1900,100,100,4400,6700,5900,11900,9400,1500,19700,1000,4800,16500
402.0,5.93,182600,1080900.0,5.92,5.91,5.9,5.89,5.88,5.87,5.86,5.85,5.84,5.82,5.93,5.94,5.95,5.96,5.97,5.98,6.0,6.01,6.02,6.03,6000,25100,21600,15100,15900,25000,38700,1900,100,100,4300,6700,5900,11900,9400,1500,19700,1000,4800,16500
403.0,5.93,182600,1080900.0,5.92,5.91,5.9,5.89,5.88,5.87,5.86,5.85,5.84,5.82,5.93,5.94,5.95,5.96,5.97,5.98,6.0,6.01,6.02,6.03,6000,25100,21600,15100,15900,25000,38700,1900,100,100,4300,6700,5900,11900,9400,1500,19700,1000,4800,16500
404.0,5.93,182600,1080900.0,5.92,5.91,5.9,5.89,5.88,5.87,5.86,5.85,5.84,5.82,5.93,5.94,5.95,5.96,5.97,5.98,6.0,6.01,6.02,6.03,6000,25100,21600,15100,15900,25000,38700,1900,100,100,4300,6700,5900,11900,9400,1500,19700,1000,4800,16500
405.0,5.93,182600,1080900.0,5.92,5.91,5.9,5.89,5.88,5.87,5.86,5.85,5.84,5.82,5.93,5.94,5.95,5.96,5.97,5.98,6.0,6.01,6.02,6.03,6000,25100,23700,15100,15900,25000,38700,1900,100,100,4300,6700,5900,11900,9400,1500,19700,1000,4800,16500
406.0,5.93,182600,1080900.0,5.92,5.91,5.9,5.89,5.88,5.87,5.86,5.85,5.84,5.82,5.93,5.94,5.95,5.96,5.97,5.98,6.0,6.01,6.02,6.03,6000,25100,23700,15100,15900,25000,38700,1900,100,100,4300,6700,5900,11900,9400,1500,19700,1000,4800,16500
407.0,5.93,182600,1080900.0,5.92,5.91,5.9,5.89,5.88,5.87,5.86,5.85,5.84,5.82,5.93,5.94,5.95,5.96,5.97,5.98,6.0,6.01,6.02,6.03,6000,25100,23700,15100,15900,25000,38700,1900,100,100,4300,6700,5900,11900,9400,1500,19700,1000,4800,16500
408.0,5.92,182900,1082676.0,5.92,5.91,5.9,5.89,5.88,5.87,5.86,5.85,5.84,5.82,5.93,5.94,5.95,5.96,5.97,5.98,6.0,6.01,6.02,6.03,5700,25100,23700,15100,15900,25000,38700,1900,100,100,4300,6700,5900,11900,9400,1500,19700,1000,4800,16500
409.0,5.92,182900,1082676.0,5.92,5.91,5.9,5.89,5.88,5.87,5.86,5.85,5.84,5.82,5.93,5.94,5.95,5.96,5.97,5.98,6.0,6.01,6.02,6.03,5700,25100,23700,15100,15900,25000,38700,1900,100,100,4300,6700,5900,11900,9400,1500,19700,1000,4800,16500
410.0,5.92,182900,1082676.0,5.92,5.91,5.9,5.89,5.88,5.87,5.86,5.85,5.84,5.82,5.93,5.94,5.95,5.96,5.97,5.98,6.0,6.01,6.02,6.03,5700,25100,23700,15100,15900,25000,38700,1900,100,100,4300,6700,5900,11900,9400,1500,19700,1000,4800,16500
411.0,5.92,182900,1082676.0,5.92,5.91,5.9,5.89,5.88,5.87,5.86,5.85,5.84,5.82,5.93,5.94,5.95,5.96,5.97,5.98,6.0,6.01,6.02,6.03,6700,25100,23700,15100,15900,25000,38700,1900,100,100,4300,6700,5900,11900,9400,1500,19700,1000,4800,16500
412.0,5.92,182900,1082676.0,5.92,5.91,5.9,5.89,5.88,5.87,5.86,5.85,5.84,5.82,5.93,5.94,5.95,5.96,5.97,5.98,6.0,6.01,6.02,6.03,6700,25100,23700,15100,15900,25000,38700,1900,100,100,4300,6700,5900,11900,9400,1500,19700,1000,4800,16500
413.0,5.92,182900,1082676.0,5.92,5.91,5.9,5.89,5.88,5.87,5.86,5.85,5.84,5.82,5.93,5.94,5.95,5.96,5.97,5.98,6.0,6.01,6.02,6.03,6700,25100,23700,15100,15900,25000,38700,1900,100,100,4300,6700,5900,11900,9400,1500,19700,1000,4800,16500
414.0,5.92,182900,1082676.0,5.92,5.91,5.9,5.89,5.88,5.87,5.86,5.85,5.84,5.82,5.93,5.94,5.95,5.96,5.97,5.98,6.0,6.01,6.02,6.03,6700,25100,23700,15100,15900,25000,38700,1900,100,100,4300,6700,5900,11900,9400,1500,19700,1000,4800,16500
415.0,5.92,182900,1082676.0,5.92,5.91,5.9,5.89,5.88,5.87,5.86,5.85,5.84,5.82,5.93,5.94,5.95,5.96,5.97,5.98,6.0,6.01,6.02,6.03,6700,25100,23700,15100,15900,25000,38700,1900,100,100,4300,6700,5900,11900,9400,1500,19700,1000,4800,16500
416.0,5.92,182900,1082676.0,5.92,5.91,5.9,5.89,5.88,5.87,5.86,5.85,5.84,5.82,5.93,5.94,5.95,5.96,5.97,5.98,6.0,6.01,6.02,6.03,6700,25100,23700,15100,15900,25000,38700,1900,100,100,4300,6700,5900,11900,9400,1500,19700,1000,4800,16500
417.0,5.92,182900,1082676.0,5.92,5.91,5.9,5.89,5.88,5.87,5.86,5.85,5.84,5.82,5.93,5.94,5.95,5.96,5.97,5.98,6.0,6.01,6.02,6.03,6700,25100,23700,15100,15900,25000,38700,1900,100,100,4300,6700,5900,11900,9400,1500,19700,1000,4800,16500
418.0,5.92,183100,1083860.0,5.92,5.91,5.9,5.89,5.88,5.87,5.86,5.85,5.84,5.82,5.93,5.94,5.95,5.96,5.97,5.98,6.0,6.01,6.02,6.03,6500,25100,23700,15100,15900,25000,38700,1900,100,100,4300,6700,5900,11900,9400,1500,19700,1000,4800,16500
419.0,5.92,183100,1083860.0,5.92,5.91,5.9,5.89,5.88,5.87,5.86,5.85,5.84,5.82,5.93,5.94,5.95,5.96,5.97,5.98,6.0,6.01,6.02,6.03,6500,25100,23700,15100,15900,25000,38700,1900,100,100,4300,6700,5900,11900,9400,1500,19700,1000,4800,16500
420.0,5.92,183100,1083860.0,5.92,5.91,5.9,5.89,5.88,5.87,5.86,5.85,5.84,5.82,5.93,5.94,5.95,5.96,5.97,5.98,6.0,6.01,6.02,6.03,6500,25100,23700,15100,15900,25000,38700,1900,100,100,4300,6700,5900,11900,9400,1500,19700,1000,4800,16500
421.0,5.92,183200,1084452.0,5.92,5.91,5.9,5.89,5.88,5.87,5.86,5.85,5.84,5.82,5.93,5.94,5.95,5.96,5.97,5.98,6.0,6.01,6.02,6.03,6400,25100,23700,15100,15900,25000,38700,1900,100,100,4300,6700,5900,11900,9400,1500,19700,1000,4800,16500
422.0,5.92,183300,1085044.0,5.92,5.91,5.9,5.89,5.88,5.87,5.86,5.85,5.84,5.82,5.93,5.94,5.95,5.96,5.97,5.98,6.0,6.01,6.02,6.03,6300,25100,23700,15100,15900,25000,38700,1900,100,100,4300,6700,5900,11900,9400,1500,19700,1000,4800,16500
423.0,5.92,183600,1086820.0,5.92,5.91,5.9,5.89,5.88,5.87,5.86,5.85,5.84,5.82,5.93,5.94,5.95,5.96,5.97,5.98,6.0,6.01,6.02,6.03,7000,25100,23700,15100,15900,25000,38700,1900,100,100,4300,6700,5900,11900,9400,1500,19700,1000,4800,16500
424.0,5.92,183600,1086820.0,5.92,5.91,5.9,5.89,5.88,5.87,5.86,5.85,5.84,5.82,5.93,5.94,5.95,5.96,5.97,5.98,6.0,6.01,6.02,6.03,7000,25100,23700,15100,15900,25000,38700,1900,100,100,4300,6700,5900,11900,9400,1500,19700,1000,4800,16500
425.0,5.92,183600,1086820.0,5.92,5.91,5.9,5.89,5.88,5.87,5.86,5.85,5.84,5.82,5.93,5.94,5.95,5.96,5.97,5.98,6.0,6.01,6.02,6.03,7000,25100,23700,15100,15900,25000,38700,1900,100,100,4300,6700,5900,11900,9400,1500,19700,1000,4800,16500
426.0,5.92,183600,1086820.0,5.92,5.91,5.9,5.89,5.88,5.87,5.86,5.85,5.84,5.82,5.93,5.94,5.95,5.96,5.97,5.98,6.0,6.01,6.02,6.03,7000,25100,23700,15100,15900,25000,38700,1900,100,100,4300,6700,5900,11900,9400,1500,19700,1000,4800,16500
427.0,5.92,183600,1086820.0,5.92,5.91,5.9,5.89,5.88,5.87,5.86,5.85,5.84,5.82,5.93,5.94,5.95,5.96,5.97,5.98,6.0,6.01,6.02,6.03,7000,25100,23700,15100,15900,25000,38700,1900,100,100,4300,6700,5900,11900,9400,1500,19700,1000,4800,16500
428.0,5.92,183600,1086820.0,5.92,5.91,5.9,5.89,5.88,5.87,5.86,5.85,5.84,5.82,5.93,5.94,5.95,5.96,5.97,5.98,6.0,6.01,6.02,6.03,7000,25100,23700,15100,15900,25000,38700,1900,100,100,4300,6700,5900,11900,9400,1500,19700,1000,4800,16500
429.0,5.92,183900,1088596.0,5.92,5.91,5.9,5.89,5.88,5.87,5.86,5.85,5.84,5.82,5.93,5.94,5.95,5.96,5.97,5.98,6.0,6.01,6.02,6.03,6000,25100,23700,15100,15900,25000,38700,1900,100,100,4300,6700,5900,11900,9400,1500,19700,1000,4800,16500
430.0,5.92,184800,1093924.0,5.92,5.91,5.9,5.89,5.88,5.87,5.86,5.85,5.84,5.82,5.93,5.94,5.95,5.96,5.97,5.98,6.0,6.01,6.02,6.03,5100,25100,23700,15100,15900,25000,38700,1900,100,100,4300,6700,5900,11900,9400,1500,19700,1000,4800,16500
431.0,5.93,185100,1095703.0,5.92,5.91,5.9,5.89,5.88,5.87,5.86,5.85,5.84,5.82,5.93,5.94,5.95,5.96,5.97,5.98,6.0,6.01,6.02,6.03,5100,25100,23700,15100,15900,25000,38700,1900,100,100,4000,6700,5900,11900,9400,1500,19700,1000,4800,16500
432.0,5.93,185100,1095703.0,5.92,5.91,5.9,5.89,5.88,5.87,5.86,5.85,5.84,5.82,5.93,5.94,5.95,5.96,5.97,5.98,6.0,6.01,6.02,6.03,5100,25100,23700,15100,15900,25000,38700,1900,100,100,4000,6700,5900,11900,9400,1500,19700,1000,4800,16500
433.0,5.93,185100,1095703.0,5.92,5.91,5.9,5.89,5.88,5.87,5.86,5.85,5.84,5.82,5.93,5.94,5.95,5.96,5.97,5.98,6.0,6.01,6.02,6.03,5100,25100,23700,15100,15900,25000,38700,1900,100,100,4100,6700,5900,11900,9400,1500,19700,1000,4800,16500
434.0,5.93,185100,1095703.0,5.92,5.91,5.9,5.89,5.88,5.87,5.86,5.85,5.84,5.82,5.93,5.94,5.95,5.96,5.97,5.98,6.0,6.01,6.02,6.03,5100,25100,23700,15100,15900,25000,38700,1900,100,100,4100,6700,5900,11900,9400,1500,19700,1000,4800,16500
