LocalTime,LastPrice,TradeVolume,TradeValue,BidPrice1,BidPrice2,BidPrice3,BidPrice4,BidPrice5,BidPrice6,BidPrice7,BidPrice8,BidPrice9,BidPriceA,AskPrice1,AskPrice2,AskPrice3,AskPrice4,AskPrice5,AskPrice6,AskPrice7,AskPrice8,AskPrice9,AskPriceA,BidVolume1,BidVolume2,BidVolume3,BidVolume4,BidVolume5,BidVolume6,BidVolume7,BidVolume8,BidVolume9,BidVolumeA,AskVolume1,AskVolume2,AskVolume3,AskVolume4,AskVolume5,AskVolume6,AskVolume7,AskVolume8,AskVolume9,AskVolumeA
0.0,19.27,6400,123328.0,19.27,19.26,19.21,19.18,19.11,19.1,19.08,19.06,19.05,19.01,19.29,19.3,19.38,19.4,19.42,19.43,19.45,19.46,19.47,19.48,1000,100,2400,500,500,4100,500,15100,300,1600,2400,1100,1000,500,2600,3000,2000,200,500,300
1.0,19.27,7400,142598.0,19.26,19.22,19.21,19.18,19.11,19.1,19.08,19.06,19.05,19.01,19.27,19.29,19.3,19.38,19.4,19.42,19.43,19.45,19.46,19.47,100,3300,2400,500,500,4100,500,15100,5300,1600,1200,2400,1100,6000,9500,2600,3000,2000,200,500
2.0,19.26,8000,154159.0,19.22,19.21,19.18,19.11,19.1,19.08,19.06,19.05,19.01,19.0,19.25,19.27,19.28,19.29,19.3,19.38,19.4,19.42,19.43,19.45,3300,2400,500,500,5600,500,15100,5300,1600,200,100,700,800,2600,1100,6000,19500,2600,3000,2000
3.0,19.29,12800,246717.0,19.29,19.22,19.21,19.18,19.15,19.11,19.1,19.08,19.06,19.05,19.3,19.38,19.4,19.42,19.43,19.45,19.46,19.47,19.48,19.49,200,3300,2400,500,1000,3000,5600,500,15100,5300,1100,6000,19500,2600,3000,2000,200,6800,300,1600
4.0,19.29,12900,248646.0,19.29,19.28,19.27,19.26,19.22,19.21,19.18,19.15,19.11,19.1,19.3,19.31,19.38,19.4,19.42,19.43,19.45,19.46,19.47,19.48,3100,100,3200,3500,3300,2400,500,1000,3000,5600,1100,2000,6000,19700,2600,3000,2000,200,6800,300
5.0,19.29,13000,250575.0,19.29,19.28,19.27,19.26,19.22,19.21,19.18,19.15,19.11,19.1,19.3,19.31,19.38,19.4,19.42,19.43,19.45,19.46,19.47,19.48,3000,10100,6800,3500,3300,4400,500,1000,3000,5600,1100,2000,6000,19700,2600,3000,2000,200,6800,300
6.0,19.29,13200,254433.0,19.29,19.28,19.27,19.26,19.22,19.21,19.2,19.18,19.15,19.11,19.3,19.31,19.38,19.4,19.41,19.42,19.43,19.45,19.46,19.47,3900,10100,8000,10900,6500,4400,1000,500,2300,3000,1100,2000,6000,20500,4200,2600,3000,2000,200,6800
7.0,19.29,14600,281439.0,19.29,19.28,19.27,19.26,19.22,19.21,19.2,19.18,19.15,19.11,19.3,19.31,19.38,19.4,19.41,19.42,19.43,19.45,19.46,19.47,3400,10100,10000,10900,6500,4400,1000,500,2300,6000,1100,2000,6000,20500,4200,2600,3000,2500,200,8800
8.0,19.27,31800,613058.0,19.27,19.26,19.22,19.21,19.2,19.18,19.16,19.15,19.14,19.12,19.29,19.3,19.31,19.38,19.4,19.41,19.42,19.43,19.45,19.46,7100,10900,6500,4400,1000,500,3600,2300,2400,3800,200,900,2000,6000,20500,4200,2600,3000,2500,200
9.0,19.27,31800,613058.0,19.27,19.26,19.22,19.21,19.2,19.18,19.16,19.15,19.14,19.12,19.29,19.3,19.31,19.38,19.4,19.41,19.42,19.43,19.45,19.46,7100,10900,6500,4900,1000,500,3600,2300,2400,3800,100,900,2000,6000,20500,5200,3100,3000,2500,200
10.0,19.3,32900,634287.0,19.3,19.27,19.26,19.22,19.21,19.2,19.18,19.16,19.15,19.14,19.31,19.38,19.4,19.41,19.42,19.43,19.45,19.46,19.47,19.48,1200,7100,10900,6500,4900,1000,500,3600,2300,2400,2000,6000,20500,5200,3100,3000,2500,200,8800,300
11.0,19.28,34300,661303.0,19.27,19.26,19.22,19.21,19.2,19.18,19.16,19.15,19.14,19.12,19.28,19.31,19.38,19.4,19.41,19.42,19.43,19.45,19.46,19.47,4100,10900,6500,4900,1000,500,3600,2300,2400,3800,500,2000,6000,20500,8200,3100,3000,2500,200,8800
12.0,19.29,37500,723029.0,19.27,19.26,19.22,19.21,19.2,19.18,19.16,19.15,19.14,19.12,19.29,19.31,19.35,19.38,19.4,19.41,19.42,19.43,19.45,19.46,3600,10900,6500,4900,1000,500,3600,2300,2400,3800,700,2000,1500,6000,20500,8200,3100,3000,2500,200
13.0,19.28,38100,734598.0,19.28,19.27,19.26,19.22,19.21,19.2,19.18,19.16,19.15,19.14,19.29,19.3,19.31,19.35,19.38,19.4,19.41,19.42,19.43,19.45,200,13600,10900,6500,4900,1000,500,3600,2300,2400,400,100,2700,1500,6000,20500,8200,3100,3000,2500
14.0,19.28,38100,734598.0,19.28,19.27,19.26,19.22,19.21,19.2,19.18,19.16,19.15,19.14,19.29,19.3,19.31,19.35,19.38,19.4,19.41,19.42,19.43,19.45,2200,13600,10900,6500,4900,1000,500,3600,2300,2400,400,100,2700,1500,6000,20500,8200,3100,3000,2500
15.0,19.29,38500,742314.0,19.29,19.28,19.27,19.26,19.22,19.21,19.2,19.18,19.16,19.15,19.3,19.31,19.35,19.38,19.4,19.41,19.42,19.43,19.45,19.46,400,2200,13600,10900,6500,4900,1000,500,3600,2300,100,2700,1500,6000,20500,8200,3100,3000,2500,200
16.0,19.29,38500,742314.0,19.29,19.28,19.27,19.26,19.22,19.21,19.2,19.18,19.16,19.15,19.3,19.31,19.35,19.38,19.4,19.41,19.42,19.43,19.45,19.46,500,2200,13600,10900,6500,4900,1000,500,3600,2300,100,2700,1500,6000,20500,8200,3100,3000,2500,200
17.0,19.3,38600,744244.0,19.29,19.28,19.27,19.26,19.22,19.21,19.2,19.18,19.16,19.15,19.31,19.35,19.38,19.4,19.41,19.42,19.43,19.45,19.46,19.47,500,2200,13600,10900,6500,4900,1000,500,3600,2300,2700,1500,6000,20500,8200,3100,3000,2500,200,8800
18.0,19.31,41300,796381.0,19.3,19.29,19.28,19.27,19.26,19.22,19.21,19.2,19.18,19.16,19.35,19.38,19.4,19.41,19.42,19.43,19.45,19.46,19.47,19.48,600,500,2800,13600,10900,6500,4900,1000,500,3600,1500,6000,20500,8200,3100,3000,2500,200,8800,300
19.0,19.31,41300,796381.0,19.3,19.29,19.28,19.27,19.26,19.22,19.21,19.2,19.18,19.16,19.35,19.38,19.4,19.41,19.42,19.43,19.45,19.46,19.47,19.48,600,500,3300,13600,10900,6500,4900,1000,500,3600,1500,6000,20500,8200,3100,3000,2500,200,8800,300
20.0,19.31,41300,796381.0,19.3,19.29,19.28,19.27,19.26,19.22,19.21,19.2,19.18,19.16,19.35,19.38,19.4,19.41,19.42,19.43,19.45,19.46,19.47,19.48,600,500,3300,13600,10900,6500,4900,1000,500,3600,1600,6000,20500,8200,3100,3000,2500,200,8800,300
21.0,19.3,43800,844631.0,19.3,19.29,19.28,19.27,19.26,19.22,19.21,19.2,19.18,19.16,19.35,19.38,19.4,19.41,19.42,19.43,19.45,19.46,19.47,19.48,100,500,3300,13600,10900,6500,4900,1000,500,3600,1600,6000,20500,8200,3100,3000,2500,200,8800,300
22.0,19.3,43800,844631.0,19.31,19.3,19.29,19.28,19.27,19.26,19.22,19.21,19.2,19.18,19.35,19.38,19.4,19.41,19.42,19.43,19.45,19.46,19.47,19.48,500,100,500,3700,13600,10900,6500,4900,1000,500,1600,6000,20500,8200,3100,3000,2500,200,8800,300
23.0,19.3,43800,844631.0,19.31,19.3,19.29,19.28,19.27,19.26,19.22,19.21,19.2,19.18,19.35,19.38,19.4,19.41,19.42,19.43,19.45,19.46,19.47,19.48,500,100,500,3700,13600,10900,6500,4900,1000,500,1600,6000,20500,8200,3100,3000,2500,200,8800,300
24.0,19.3,43800,844631.0,19.31,19.29,19.28,19.27,19.26,19.22,19.21,19.2,19.18,19.16,19.35,19.38,19.4,19.41,19.42,19.43,19.45,19.46,19.47,19.48,500,1100,13800,13600,10900,6500,4900,1000,500,3600,1600,6000,20500,8200,3100,3000,2500,200,8800,300
25.0,19.3,43800,844631.0,19.31,19.29,19.28,19.27,19.26,19.22,19.21,19.2,19.18,19.16,19.35,19.38,19.4,19.41,19.42,19.43,19.45,19.46,19.47,19.48,500,1100,13800,13600,10900,6500,4900,1000,500,3600,1600,6000,20500,8200,3100,3000,2500,200,8800,300
26.0,19.3,43800,844631.0,19.31,19.29,19.28,19.27,19.26,19.22,19.21,19.2,19.18,19.16,19.35,19.38,19.4,19.41,19.42,19.43,19.45,19.46,19.47,19.48,500,1100,13800,13300,10900,6500,4900,1000,500,3600,1600,6000,20500,8200,3100,3000,2500,200,8800,300
27.0,19.3,43800,844631.0,19.31,19.29,19.28,19.27,19.26,19.22,19.21,19.2,19.18,19.16,19.35,19.38,19.4,19.41,19.42,19.43,19.45,19.46,19.47,19.48,500,1100,13800,13300,10900,6500,4900,1000,500,3600,1600,6000,20500,8200,3100,3000,2500,200,8800,300
28.0,19.3,43800,844631.0,19.31,19.29,19.28,19.27,19.26,19.22,19.21,19.2,19.18,19.16,19.35,19.38,19.4,19.41,19.42,19.43,19.45,19.46,19.47,19.48,500,1100,13800,3300,10900,6500,4900,1000,500,3600,1600,6000,20500,8200,3100,3000,2500,200,8800,300
29.0,19.31,44600,860079.0,19.31,19.29,19.28,19.27,19.26,19.22,19.21,19.2,19.18,19.16,19.35,19.38,19.4,19.41,19.42,19.43,19.45,19.46,19.47,19.48,100,1000,13800,3300,10900,6500,4900,1000,500,3600,1600,6000,20500,8200,3100,3000,2500,200,8800,300
30.0,19.31,44600,860079.0,19.31,19.29,19.28,19.27,19.26,19.22,19.21,19.2,19.18,19.16,19.33,19.34,19.35,19.38,19.4,19.41,19.42,19.43,19.45,19.46,200,600,13800,3300,10900,6500,4900,1000,500,3600,200,100,1600,6000,20500,8200,3100,3000,2500,200
31.0,19.31,46300,892906.0,19.31,19.29,19.28,19.27,19.26,19.22,19.21,19.2,19.18,19.16,19.33,19.34,19.35,19.38,19.4,19.41,19.42,19.43,19.45,19.46,200,600,13200,3300,10900,6500,4900,1000,500,3600,200,100,1600,6000,20500,8200,3100,3000,2500,200
32.0,19.31,46400,894837.0,19.31,19.29,19.28,19.27,19.26,19.22,19.21,19.2,19.18,19.16,19.33,19.34,19.35,19.38,19.4,19.41,19.42,19.43,19.45,19.46,100,600,13200,3300,10900,6500,4900,1000,500,3600,300,100,1500,6000,20500,8200,3100,3000,2500,200
33.0,19.31,46400,894837.0,19.31,19.29,19.28,19.27,19.26,19.22,19.21,19.2,19.18,19.16,19.33,19.34,19.35,19.38,19.4,19.41,19.42,19.43,19.45,19.46,100,600,13200,3300,10900,6500,4900,1000,500,3600,300,100,1500,6000,20500,8200,3100,3000,2500,200
34.0,19.33,46600,898703.0,19.31,19.3,19.29,19.28,19.27,19.26,19.22,19.21,19.2,19.18,19.33,19.34,19.35,19.38,19.4,19.41,19.42,19.43,19.45,19.46,100,100,500,12600,3300,10900,6500,4900,1000,500,100,100,1500,6000,20500,8200,3100,3000,2500,200
35.0,19.33,46700,900636.0,19.33,19.31,19.3,19.29,19.28,19.27,19.26,19.22,19.21,19.2,19.34,19.35,19.37,19.38,19.4,19.41,19.42,19.43,19.45,19.46,500,100,100,500,12200,3300,10900,6500,4900,1000,100,2500,500,6000,20500,8200,3100,3000,2500,200
36.0,19.31,49400,952783.0,19.3,19.29,19.28,19.27,19.26,19.22,19.21,19.2,19.18,19.16,19.34,19.35,19.37,19.38,19.4,19.41,19.42,19.43,19.45,19.46,100,500,12200,3300,10900,6500,4900,1000,500,3600,100,2500,500,6000,20500,8200,3100,3000,2500,200
37.0,19.33,49500,954716.0,19.3,19.28,19.27,19.26,19.22,19.21,19.2,19.18,19.16,19.15,19.34,19.35,19.37,19.38,19.4,19.41,19.42,19.43,19.45,19.46,100,12200,3300,10900,6500,4900,1000,500,3600,2300,100,2500,500,6000,20500,8200,3100,3000,2500,200
38.0,19.35,49900,962455.0,19.31,19.3,19.28,19.27,19.26,19.22,19.21,19.2,19.18,19.16,19.34,19.35,19.37,19.38,19.4,19.41,19.42,19.43,19.45,19.46,800,100,12200,3300,10900,6500,4900,1000,500,3600,100,2200,500,6000,20500,8200,3100,3000,2500,200
39.0,19.35,49900,962455.0,19.31,19.3,19.28,19.27,19.26,19.22,19.21,19.2,19.18,19.16,19.34,19.35,19.37,19.38,19.4,19.41,19.42,19.43,19.45,19.46,200,100,12200,3300,10900,6500,4900,1000,500,3600,100,2200,500,6000,20500,8200,3100,3000,2000,200
40.0,19.35,49900,962455.0,19.31,19.3,19.28,19.27,19.26,19.22,19.21,19.2,19.18,19.16,19.34,19.35,19.37,19.38,19.4,19.41,19.42,19.43,19.45,19.46,700,100,12200,3300,10900,6500,4900,1000,500,3600,100,2200,500,6000,20500,8200,3400,3000,2000,200
41.0,19.35,49900,962455.0,19.31,19.3,19.28,19.27,19.26,19.22,19.21,19.2,19.18,19.16,19.34,19.35,19.37,19.38,19.4,19.41,19.42,19.43,19.45,19.46,700,100,12200,3300,10900,6500,4900,1000,500,3600,100,2200,500,6000,20500,8200,3400,3000,2000,200
42.0,19.35,49900,962455.0,19.31,19.3,19.28,19.27,19.26,19.22,19.21,19.2,19.18,19.16,19.34,19.35,19.37,19.38,19.4,19.41,19.42,19.43,19.45,19.46,700,100,12200,3300,10900,6500,4900,1000,500,3600,100,2200,500,6000,20500,8200,3400,3000,2000,200
43.0,19.35,49900,962455.0,19.31,19.3,19.28,19.27,19.26,19.22,19.21,19.2,19.18,19.16,19.34,19.35,19.37,19.38,19.4,19.41,19.42,19.43,19.45,19.46,700,100,12200,3300,10900,6500,4900,1000,500,3600,100,2200,500,6000,20500,8200,3400,3000,2000,200
44.0,19.35,49900,962455.0,19.33,19.31,19.3,19.29,19.28,19.27,19.26,19.22,19.21,19.2,19.34,19.35,19.37,19.38,19.4,19.41,19.42,19.43,19.45,19.46,100,700,100,10000,12200,3300,10900,6500,4900,1000,100,2200,500,6000,20500,8200,3400,3000,2000,200
45.0,19.35,49900,962455.0,19.33,19.31,19.3,19.29,19.28,19.27,19.26,19.22,19.21,19.2,19.34,19.35,19.37,19.38,19.4,19.41,19.42,19.43,19.45,19.46,100,700,100,10000,12200,3300,10900,6500,4900,1000,100,2200,500,6000,20500,8200,3400,3000,2000,200
46.0,19.35,49900,962455.0,19.33,19.31,19.3,19.29,19.28,19.27,19.26,19.22,19.21,19.2,19.34,19.35,19.37,19.38,19.4,19.41,19.42,19.43,19.45,19.46,100,200,100,10000,12200,3300,10900,6500,4900,1000,100,2200,500,6000,20500,8200,3400,3000,2000,200
47.0,19.35,49900,962455.0,19.33,19.31,19.3,19.29,19.28,19.27,19.26,19.22,19.21,19.2,19.34,19.35,19.37,19.38,19.4,19.41,19.42,19.43,19.45,19.46,100,200,100,10000,12200,3300,10900,6500,4900,1000,100,2200,500,6000,20500,8200,3400,3000,2000,200
48.0,19.31,52000,1003062.0,19.34,19.33,19.3,19.29,19.28,19.27,19.26,19.22,19.21,19.2,19.35,19.37,19.38,19.4,19.41,19.42,19.43,19.45,19.46,19.47,800,100,100,10000,12200,3300,10900,6500,4900,1000,2200,500,6000,20500,8200,3400,3000,2000,200,8800
49.0,19.31,52000,1003062.0,19.34,19.33,19.3,19.29,19.28,19.27,19.26,19.22,19.21,19.2,19.35,19.37,19.38,19.4,19.41,19.42,19.43,19.45,19.46,19.47,1900,100,100,10000,2200,3300,10900,6500,4900,1000,2200,500,6000,19700,8200,3400,3000,2000,200,8800
50.0,19.31,52000,1003062.0,19.34,19.33,19.3,19.29,19.28,19.27,19.26,19.22,19.21,19.2,19.35,19.37,19.38,19.4,19.41,19.42,19.43,19.45,19.46,19.47,1900,100,100,10000,2200,3300,10900,6500,4900,1000,1200,500,6000,19700,8200,3400,3000,2000,200,8800
51.0,19.35,52400,1010802.0,19.34,19.33,19.3,19.29,19.28,19.27,19.26,19.22,19.21,19.2,19.35,19.37,19.38,19.4,19.41,19.42,19.43,19.45,19.46,19.47,1900,100,100,10000,2200,3300,10900,6500,4900,1000,800,500,6000,19700,8200,3400,3000,1500,200,8800
52.0,19.34,52500,1012736.0,19.34,19.33,19.29,19.28,19.27,19.26,19.22,19.21,19.2,19.18,19.35,19.37,19.38,19.4,19.41,19.42,19.43,19.45,19.46,19.47,2000,100,10000,2200,3300,10900,6500,4900,1000,500,800,500,6000,19700,8200,3400,3000,1500,200,8800
53.0,19.35,52600,1014671.0,19.34,19.33,19.29,19.28,19.27,19.26,19.22,19.21,19.2,19.18,19.35,19.37,19.38,19.4,19.41,19.42,19.43,19.45,19.46,19.47,4900,100,10000,2200,3300,10900,6500,4900,1000,500,700,500,6000,19700,8200,3400,3000,1500,200,8800
54.0,19.35,52600,1014671.0,19.34,19.33,19.29,19.28,19.27,19.26,19.22,19.21,19.2,19.18,19.35,19.37,19.38,19.4,19.41,19.42,19.43,19.45,19.46,19.47,4900,100,10000,2200,3300,10900,6500,4900,1000,500,700,500,6000,19700,8200,3400,3000,1500,200,8800
55.0,19.34,53000,1022407.0,19.34,19.33,19.29,19.28,19.27,19.26,19.22,19.21,19.2,19.18,19.35,19.37,19.38,19.4,19.41,19.42,19.43,19.45,19.46,19.47,4500,100,10000,2200,3300,10900,6500,4900,1000,500,700,500,6000,19700,8200,3400,3000,1500,200,8800
56.0,19.34,53000,1022407.0,19.34,19.33,19.29,19.28,19.27,19.26,19.22,19.21,19.2,19.18,19.35,19.37,19.38,19.4,19.41,19.42,19.43,19.45,19.46,19.47,4500,100,10000,2200,3300,10900,6500,4900,1000,500,700,500,6000,19700,8200,3400,3000,1500,200,8800
57.0,19.34,53000,1022407.0,19.34,19.33,19.29,19.28,19.27,19.26,19.22,19.21,19.2,19.18,19.35,19.37,19.38,19.4,19.41,19.42,19.43,19.45,19.46,19.47,4500,100,10000,2200,3300,10900,6500,4900,1000,500,700,500,6000,19700,8200,3400,3000,1500,200,8800
58.0,19.35,54100,1043688.0,19.35,19.34,19.33,19.29,19.28,19.27,19.26,19.22,19.21,19.2,19.36,19.37,19.38,19.4,19.41,19.42,19.43,19.45,19.46,19.47,2400,4100,100,10000,2200,3300,10900,6500,4900,1000,1000,500,6000,19700,8200,3400,3000,1500,200,8800
59.0,19.36,54200,1045624.0,19.35,19.34,19.33,19.29,19.28,19.27,19.26,19.22,19.21,19.2,19.36,19.37,19.38,19.4,19.41,19.42,19.43,19.45,19.46,19.47,2400,4100,100,10000,2200,3300,10900,3200,4900,1000,900,500,6000,19700,8200,3400,3000,1500,200,8800
60.0,19.36,54200,1045624.0,19.35,19.34,19.33,19.3,19.29,19.28,19.27,19.26,19.22,19.21,19.36,19.37,19.38,19.4,19.41,19.42,19.43,19.45,19.46,19.47,2400,4100,100,600,10000,2200,3300,10900,3200,4900,900,1500,6000,19700,8200,3400,3000,1500,200,8800
61.0,19.35,54400,1049494.0,19.35,19.34,19.33,19.3,19.29,19.28,19.27,19.26,19.22,19.21,19.36,19.37,19.38,19.4,19.41,19.42,19.43,19.45,19.46,19.47,3200,4100,100,600,10000,2200,3300,10900,3200,4900,900,2500,6000,19700,8200,3400,3000,1500,200,8800
62.0,19.35,55000,1061104.0,19.35,19.34,19.3,19.29,19.28,19.27,19.26,19.22,19.21,19.2,19.36,19.37,19.38,19.4,19.41,19.42,19.43,19.45,19.46,19.47,2600,4100,600,10000,2200,3300,10900,3200,4900,1000,900,2500,6000,19700,8200,3400,3000,1500,200,8800
63.0,19.35,55000,1061104.0,19.35,19.34,19.3,19.29,19.28,19.27,19.26,19.22,19.21,19.2,19.36,19.37,19.38,19.4,19.41,19.42,19.43,19.45,19.46,19.47,2600,4100,600,10000,2200,3300,10900,3200,4900,1000,900,2500,6000,19700,8200,3400,3000,1500,200,8800
64.0,19.35,55400,1068845.0,19.35,19.34,19.3,19.29,19.28,19.27,19.26,19.22,19.21,19.2,19.36,19.37,19.38,19.4,19.41,19.42,19.43,19.45,19.46,19.47,2300,4100,600,10000,2200,3300,10900,3200,4900,1000,800,2500,6000,19700,8200,3400,3000,1500,200,8800
65.0,19.35,56500,1090130.0,19.35,19.34,19.3,19.29,19.28,19.27,19.26,19.22,19.21,19.2,19.36,19.37,19.38,19.4,19.41,19.42,19.43,19.45,19.46,19.47,1400,4100,600,10000,2200,3300,10900,3200,4900,1000,800,2500,6000,19700,8200,3400,3000,1500,200,8800
66.0,19.35,56500,1090130.0,19.35,19.34,19.3,19.29,19.28,19.27,19.26,19.22,19.21,19.2,19.36,19.37,19.38,19.4,19.41,19.42,19.43,19.45,19.46,19.47,1400,4100,600,10000,2200,3300,10900,3200,4900,1000,800,2500,6000,19700,8200,3400,3000,1500,200,8800
67.0,19.36,61300,1183037.0,19.35,19.34,19.3,19.29,19.28,19.27,19.26,19.22,19.21,19.2,19.37,19.38,19.4,19.41,19.42,19.43,19.45,19.46,19.47,19.48,3300,4100,600,10000,2200,3300,10900,3200,4900,1000,2500,6000,19700,8200,3400,3000,1500,200,8800,300
68.0,19.37,63500,1225651.0,19.36,19.35,19.34,19.3,19.29,19.28,19.27,19.26,19.22,19.21,19.37,19.38,19.4,19.41,19.42,19.43,19.45,19.46,19.47,19.48,8200,3300,4100,600,10000,2200,700,3500,3200,4900,300,6000,19700,8200,3400,3000,1500,200,8800,300
69.0,19.37,63500,1225651.0,19.36,19.35,19.34,19.3,19.29,19.28,19.27,19.26,19.22,19.21,19.37,19.38,19.4,19.41,19.42,19.43,19.45,19.46,19.47,19.48,8200,3300,4100,600,10000,2200,700,3500,3200,4900,300,6000,19700,8200,3400,3000,1500,200,8800,300
70.0,19.36,64000,1235331.0,19.36,19.35,19.34,19.3,19.29,19.28,19.27,19.26,19.22,19.21,19.37,19.38,19.4,19.41,19.42,19.43,19.45,19.46,19.47,19.48,7700,3300,4100,600,10000,2200,700,3500,3200,4900,300,6000,19700,8200,3400,3000,1500,200,8800,300
71.0,19.36,64000,1235331.0,19.36,19.35,19.34,19.3,19.29,19.28,19.27,19.26,19.22,19.21,19.37,19.38,19.4,19.41,19.42,19.43,19.45,19.46,19.47,19.48,7700,4300,3900,600,10000,2200,700,3500,3200,4900,300,6000,19700,8200,3400,3000,1500,200,8800,300
72.0,19.36,64000,1235331.0,19.36,19.35,19.34,19.3,19.29,19.28,19.27,19.26,19.22,19.21,19.37,19.38,19.4,19.41,19.42,19.43,19.45,19.46,19.47,19.48,7900,4300,3900,600,10000,2200,700,3500,3200,4900,300,6000,19700,8200,3400,3000,1500,200,8800,300
73.0,19.36,71900,1388275.0,19.35,19.34,19.3,19.29,19.28,19.27,19.26,19.22,19.21,19.2,19.36,19.37,19.38,19.4,19.41,19.42,19.43,19.45,19.46,19.47,4300,3900,600,10000,2200,700,3500,3200,4900,1000,2700,300,6000,19700,8200,3400,3000,1500,200,8800
74.0,19.35,76200,1471480.0,19.34,19.3,19.29,19.28,19.27,19.26,19.22,19.21,19.2,19.18,19.35,19.36,19.37,19.38,19.4,19.41,19.42,19.43,19.45,19.46,1000,600,10000,2100,700,3500,3200,4900,1000,500,700,2700,300,6000,19700,8200,3400,3000,1500,200
75.0,19.35,76200,1471480.0,19.34,19.3,19.29,19.28,19.27,19.26,19.22,19.21,19.2,19.18,19.35,19.36,19.37,19.38,19.4,19.41,19.42,19.43,19.45,19.46,1000,600,10000,2100,700,3500,3200,4900,1000,500,700,2700,300,6000,19700,8200,3400,3000,1500,200
76.0,19.35,76200,1471480.0,19.34,19.3,19.29,19.28,19.27,19.26,19.22,19.21,19.2,19.18,19.35,19.36,19.37,19.38,19.4,19.41,19.42,19.43,19.45,19.46,1000,600,10000,2100,700,3500,3200,4900,1000,500,700,2700,300,6000,19700,8200,3400,3000,1500,200
77.0,19.35,76500,1477284.0,19.34,19.3,19.29,19.28,19.27,19.26,19.22,19.21,19.2,19.18,19.35,19.36,19.37,19.38,19.4,19.41,19.42,19.43,19.45,19.46,900,600,10000,2100,700,3500,3200,4900,1000,500,800,2700,300,6000,19700,8200,3400,3000,1500,200
78.0,19.35,76500,1477284.0,19.34,19.3,19.29,19.28,19.27,19.26,19.22,19.21,19.2,19.18,19.35,19.36,19.37,19.38,19.4,19.41,19.42,19.43,19.45,19.46,900,600,10000,2100,700,3500,3200,4900,1000,500,800,3400,300,6000,19700,8200,3400,3000,1500,200
79.0,19.35,76500,1477284.0,19.34,19.3,19.29,19.28,19.27,19.26,19.22,19.21,19.2,19.18,19.35,19.36,19.37,19.38,19.4,19.41,19.42,19.43,19.45,19.46,900,600,10000,2100,700,3500,3200,4900,1000,500,800,3400,300,6000,19700,8200,3400,3000,1500,200
80.0,19.35,76500,1477284.0,19.34,19.3,19.29,19.28,19.27,19.26,19.22,19.21,19.2,19.18,19.35,19.36,19.37,19.38,19.4,19.41,19.42,19.43,19.45,19.46,900,600,10000,2100,700,3500,3200,4900,1000,500,800,3400,300,6000,19700,8200,3400,3000,1500,200
81.0,19.35,76500,1477284.0,19.34,19.3,19.29,19.28,19.27,19.26,19.22,19.21,19.2,19.18,19.35,19.36,19.37,19.38,19.4,19.41,19.42,19.43,19.45,19.46,900,600,10000,2100,700,3500,3200,4900,1000,500,800,3400,300,6000,19700,8200,3400,3000,1500,200
82.0,19.35,76500,1477284.0,19.34,19.3,19.29,19.28,19.27,19.26,19.22,19.21,19.2,19.18,19.35,19.36,19.37,19.38,19.4,19.41,19.42,19.43,19.45,19.46,900,600,10000,2100,700,3500,3200,4900,1000,500,2100,3400,300,6000,19700,8200,3400,3000,1500,200
83.0,19.35,76500,1477284.0,19.34,19.3,19.29,19.28,19.27,19.26,19.22,19.21,19.2,19.18,19.35,19.36,19.37,19.38,19.4,19.41,19.42,19.43,19.45,19.46,900,600,10000,2100,700,3500,3200,4900,1000,500,2100,3400,300,6000,19700,8200,3400,3000,1500,200
84.0,19.35,76500,1477284.0,19.34,19.3,19.29,19.28,19.27,19.26,19.22,19.21,19.2,19.18,19.35,19.36,19.37,19.38,19.4,19.41,19.42,19.43,19.45,19.46,900,600,10000,2100,700,3500,3200,4900,1000,500,2100,3400,300,6000,20200,8200,3400,3000,1500,200
85.0,19.35,76500,1477284.0,19.34,19.3,19.29,19.28,19.27,19.26,19.22,19.21,19.2,19.18,19.35,19.36,19.37,19.38,19.4,19.41,19.42,19.43,19.45,19.46,900,600,10000,4400,700,3500,3200,4900,1000,500,2100,3400,300,6000,20200,8200,3400,3000,1500,200
86.0,19.35,76500,1477284.0,19.34,19.3,19.29,19.28,19.27,19.26,19.22,19.21,19.2,19.18,19.35,19.36,19.37,19.38,19.4,19.41,19.42,19.43,19.45,19.46,900,2200,10000,4400,700,3500,3200,4900,1000,500,2100,3400,300,6000,20200,8200,3400,3000,1500,200
87.0,19.34,76600,1479218.0,19.34,19.3,19.29,19.28,19.27,19.26,19.22,19.21,19.2,19.18,19.35,19.36,19.37,19.38,19.4,19.41,19.42,19.43,19.45,19.46,800,2200,10000,4400,700,3500,3200,4900,1000,500,2100,3400,300,6000,20200,8200,3400,3000,1500,200
88.0,19.35,76800,1483088.0,19.34,19.3,19.29,19.28,19.27,19.26,19.22,19.21,19.2,19.18,19.35,19.36,19.37,19.38,19.4,19.41,19.42,19.43,19.45,19.46,800,2200,10000,4400,700,3500,3200,4900,1000,500,1900,3400,300,6000,20200,8200,3400,3000,1500,200
89.0,19.34,77600,1498560.0,19.3,19.29,19.28,19.27,19.26,19.24,19.22,19.21,19.2,19.18,19.34,19.35,19.36,19.37,19.38,19.4,19.41,19.42,19.43,19.45,2200,10000,4400,700,3500,300,3200,4900,1000,500,1200,1900,3400,300,6000,20200,8200,2900,3000,1500
90.0,19.36,82600,1595297.0,19.3,19.29,19.28,19.27,19.26,19.24,19.22,19.21,19.2,19.18,19.35,19.36,19.37,19.38,19.4,19.41,19.42,19.43,19.45,19.46,2200,10000,4400,700,3500,300,3200,4900,1000,500,700,3000,300,6000,20200,8200,2900,3000,1500,200
91.0,19.35,83100,1604962.0,19.3,19.29,19.28,19.27,19.26,19.24,19.22,19.21,19.2,19.18,19.35,19.36,19.37,19.38,19.4,19.41,19.42,19.43,19.45,19.46,2000,10000,4400,700,3500,300,3200,4900,1000,500,400,3000,300,6000,20200,8200,2900,3000,1500,200
92.0,19.35,83100,1604962.0,19.31,19.3,19.29,19.28,19.27,19.26,19.24,19.22,19.21,19.2,19.36,19.37,19.38,19.4,19.41,19.42,19.43,19.45,19.46,19.47,300,2000,10000,4400,700,3500,300,3200,4900,1000,3000,300,6000,20200,8200,2900,3000,1500,200,8800
93.0,19.35,83100,1604962.0,19.31,19.3,19.29,19.28,19.27,19.26,19.24,19.22,19.21,19.2,19.36,19.37,19.38,19.4,19.41,19.42,19.43,19.45,19.46,19.47,300,3000,10000,4400,700,3500,300,3200,4900,1000,1200,300,6000,20200,8200,2900,3000,1500,200,8800
94.0,19.36,83200,1606898.0,19.31,19.3,19.29,19.28,19.27,19.26,19.24,19.22,19.21,19.2,19.36,19.37,19.38,19.39,19.4,19.41,19.42,19.43,19.45,19.46,300,3000,10000,4400,700,3500,300,3200,4900,1000,1100,300,6000,1100,20200,8200,2900,3000,1500,200
95.0,19.36,83300,1608834.0,19.31,19.3,19.29,19.28,19.27,19.26,19.24,19.22,19.21,19.2,19.34,19.36,19.37,19.38,19.39,19.4,19.41,19.42,19.43,19.45,300,3000,10000,4400,700,3500,300,3200,4900,1000,1000,1000,300,6000,1100,20200,8200,2900,3000,1500
96.0,19.31,84700,1635902.0,19.3,19.29,19.28,19.27,19.26,19.24,19.22,19.21,19.2,19.18,19.36,19.37,19.38,19.39,19.4,19.41,19.42,19.43,19.45,19.46,3000,10000,4400,700,3500,300,3200,4900,1000,500,1000,300,6000,1100,20200,8200,2900,3000,1500,200
97.0,19.3,85000,1641692.0,19.3,19.29,19.28,19.27,19.26,19.24,19.22,19.21,19.2,19.18,19.36,19.37,19.38,19.39,19.4,19.41,19.42,19.43,19.45,19.46,2700,10000,4400,700,3500,300,3200,4900,1000,500,1000,300,6000,1100,20200,8200,2900,3000,1500,200
98.0,19.36,87500,1690062.0,19.3,19.29,19.28,19.27,19.26,19.24,19.22,19.21,19.2,19.18,19.37,19.38,19.39,19.4,19.41,19.42,19.43,19.45,19.46,19.47,2200,10000,4400,700,3500,300,3200,4900,1000,500,300,6000,1100,20200,8200,2900,3000,1500,200,8800
99.0,19.36,87500,1690062.0,19.3,19.29,19.28,19.27,19.26,19.24,19.22,19.21,19.2,19.18,19.37,19.38,19.39,19.4,19.41,19.42,19.43,19.45,19.46,19.47,2200,10000,4400,700,3500,300,3200,4900,1000,500,300,6000,1100,20200,8200,2900,3000,1500,200,8800
100.0,19.36,87500,1690062.0,19.3,19.29,19.28,19.27,19.26,19.24,19.22,19.21,19.2,19.18,19.36,19.37,19.38,19.39,19.4,19.41,19.42,19.43,19.45,19.46,2200,10000,4400,700,3500,300,3200,4900,1000,500,300,300,6000,1100,20200,8200,2900,3000,1500,200
101.0,19.3,87700,1693922.0,19.3,19.29,19.28,19.27,19.26,19.24,19.22,19.21,19.2,19.18,19.35,19.36,19.37,19.38,19.39,19.4,19.41,19.42,19.43,19.45,2500,10000,4400,700,3500,300,3200,4900,1000,500,1400,800,300,8400,1100,20200,8200,2900,3000,1500
102.0,19.3,91100,1759542.0,19.29,19.28,19.27,19.26,19.24,19.22,19.21,19.2,19.18,19.16,19.3,19.34,19.35,19.36,19.37,19.38,19.39,19.4,19.41,19.42,10000,4400,700,3500,300,3200,4900,1000,500,3700,700,500,1400,800,300,8400,1100,20200,8200,2900
103.0,19.3,91100,1759542.0,19.29,19.28,19.27,19.26,19.24,19.22,19.21,19.2,19.18,19.16,19.3,19.34,19.35,19.36,19.37,19.38,19.39,19.4,19.41,19.42,10000,4400,700,3500,300,3200,4900,1000,500,3700,700,500,30400,800,300,8700,1100,20200,8200,2900
104.0,19.29,91600,1769187.0,19.29,19.28,19.27,19.26,19.24,19.22,19.21,19.2,19.18,19.16,19.3,19.33,19.34,19.35,19.36,19.37,19.38,19.39,19.4,19.41,9500,4400,700,3500,300,3200,4900,1000,500,3700,700,700,500,30400,800,600,8700,1100,20200,8200
105.0,19.29,91600,1769187.0,19.29,19.28,19.27,19.26,19.24,19.22,19.21,19.2,19.18,19.16,19.3,19.33,19.34,19.35,19.36,19.37,19.38,19.39,19.4,19.41,9500,4400,700,3500,300,3200,4900,1000,500,3700,700,700,5400,30400,800,600,8700,1100,20200,8200
106.0,19.29,91600,1769187.0,19.29,19.28,19.27,19.26,19.24,19.22,19.21,19.2,19.18,19.16,19.3,19.33,19.34,19.35,19.36,19.37,19.38,19.39,19.4,19.41,9500,4400,700,3500,300,3200,4900,1000,500,3700,700,700,5400,30400,500,600,8700,1100,20200,8200
107.0,19.29,91600,1769187.0,19.29,19.28,19.27,19.26,19.24,19.22,19.21,19.2,19.18,19.16,19.3,19.33,19.34,19.35,19.36,19.37,19.38,19.39,19.4,19.41,9500,4400,700,3500,300,3200,4900,1000,500,3700,700,700,5400,30400,500,600,8700,1100,20200,8200
108.0,19.29,92100,1778832.0,19.29,19.28,19.27,19.26,19.24,19.22,19.21,19.2,19.18,19.16,19.3,19.33,19.34,19.35,19.36,19.37,19.38,19.39,19.4,19.41,9000,4400,700,3500,300,3200,4900,1000,500,3700,700,700,5400,30400,500,600,8700,1100,20200,8200
109.0,19.3,101800,1965952.0,19.3,19.28,19.27,19.26,19.24,19.22,19.21,19.2,19.18,19.16,19.33,19.34,19.35,19.36,19.37,19.38,19.39,19.4,19.41,19.42,2400,4400,700,3500,300,3200,4900,1000,500,3700,700,5400,30400,500,600,8700,1100,20200,8200,2900
110.0,19.3,102200,1973672.0,19.3,19.28,19.27,19.26,19.24,19.22,19.21,19.2,19.18,19.16,19.33,19.34,19.35,19.36,19.37,19.38,19.39,19.4,19.41,19.42,2000,4400,700,3500,300,3200,4900,1000,500,3700,700,5400,30400,500,600,8700,1100,20200,8200,2900
111.0,19.3,102400,1977532.0,19.3,19.28,19.27,19.26,19.24,19.22,19.21,19.2,19.18,19.16,19.33,19.34,19.35,19.36,19.37,19.38,19.39,19.4,19.41,19.42,1800,4400,700,3500,300,3200,4900,1000,500,3700,700,5400,30400,500,600,8700,1100,20200,8200,2900
112.0,19.3,102400,1977532.0,19.3,19.28,19.27,19.26,19.24,19.22,19.21,19.2,19.18,19.16,19.33,19.34,19.35,19.36,19.37,19.38,19.39,19.4,19.41,19.42,1800,4400,700,3500,300,3200,4900,1000,500,3700,700,5400,30400,500,600,9300,1100,20200,8200,2900
113.0,19.3,102400,1977532.0,19.3,19.28,19.27,19.26,19.24,19.22,19.21,19.2,19.18,19.16,19.33,19.34,19.35,19.36,19.37,19.38,19.39,19.4,19.41,19.42,1800,4400,700,3500,300,3200,4900,1000,500,3700,700,5400,30400,500,600,9300,6100,20200,8200,2900
114.0,19.3,102500,1979462.0,19.3,19.28,19.27,19.26,19.24,19.22,19.21,19.2,19.18,19.16,19.33,19.34,19.35,19.36,19.37,19.38,19.39,19.4,19.41,19.42,1700,4400,700,3500,300,3200,4900,1000,500,3700,700,5400,30400,500,600,9300,6100,20200,8200,2900
115.0,19.3,102500,1979462.0,19.3,19.28,19.27,19.26,19.24,19.22,19.21,19.2,19.18,19.16,19.33,19.34,19.35,19.36,19.37,19.38,19.39,19.4,19.41,19.42,1700,4400,700,3500,300,3200,4900,1000,500,3700,1600,5400,30400,500,600,9300,6100,20200,8200,2900
116.0,19.3,104300,2014205.0,19.28,19.27,19.26,19.24,19.22,19.21,19.2,19.18,19.16,19.15,19.3,19.33,19.34,19.35,19.36,19.37,19.38,19.39,19.4,19.41,4400,700,3500,300,3200,4900,1000,500,3700,2300,2600,1500,5400,30400,500,600,9300,6100,20200,8200
117.0,19.3,104300,2014205.0,19.28,19.27,19.26,19.24,19.22,19.21,19.2,19.18,19.16,19.15,19.29,19.3,19.33,19.34,19.35,19.36,19.37,19.38,19.39,19.4,4400,700,3500,300,3200,4900,1000,500,3700,2300,200,2600,1500,5400,30400,500,600,9300,6200,20200
118.0,19.28,104700,2021917.0,19.28,19.27,19.26,19.24,19.22,19.21,19.2,19.18,19.16,19.15,19.29,19.3,19.33,19.34,19.35,19.36,19.37,19.38,19.39,19.4,4000,700,3500,300,3200,4900,1000,500,3700,2300,200,2600,1500,5400,30400,500,600,9300,6200,20200
119.0,19.28,104700,2021917.0,19.28,19.27,19.26,19.24,19.22,19.21,19.2,19.18,19.16,19.15,19.29,19.3,19.33,19.34,19.35,19.36,19.37,19.38,19.39,19.4,4000,700,3500,300,3200,4900,1000,500,3700,2300,200,2600,1500,5400,30400,500,600,9300,6200,20200
120.0,19.28,104700,2021917.0,19.28,19.27,19.26,19.24,19.22,19.21,19.2,19.18,19.16,19.15,19.29,19.3,19.33,19.34,19.35,19.36,19.37,19.38,19.39,19.4,4000,700,3500,300,3200,4900,1000,500,3700,2300,1000,2600,1500,5400,30400,1000,600,9300,6200,20200
121.0,19.28,105900,2045053.0,19.28,19.27,19.26,19.24,19.22,19.21,19.2,19.18,19.16,19.15,19.29,19.3,19.33,19.34,19.35,19.36,19.37,19.38,19.39,19.4,2800,700,3500,300,3200,4900,1000,500,3700,2300,1000,2600,1500,5400,30400,1000,600,9300,6200,20200
122.0,19.28,105900,2045053.0,19.28,19.27,19.26,19.24,19.22,19.21,19.2,19.18,19.16,19.15,19.29,19.32,19.33,19.34,19.35,19.36,19.37,19.38,19.39,19.4,2800,700,3500,300,3200,4900,1000,500,3700,2300,1000,100,1500,5400,30400,1000,600,9300,6200,20200
123.0,19.29,116900,2256833.0,19.23,19.22,19.21,19.2,19.18,19.16,19.15,19.14,19.13,19.12,19.29,19.3,19.31,19.33,19.34,19.35,19.36,19.37,19.38,19.39,5300,4900,4600,1000,500,3700,2300,2400,3000,3800,800,500,1600,1500,5400,1400,1000,600,9300,6200
124.0,19.29,116900,2256833.0,19.24,19.23,19.22,19.21,19.2,19.18,19.16,19.15,19.14,19.13,19.29,19.3,19.33,19.34,19.35,19.36,19.37,19.38,19.39,19.4,1600,6300,5000,4600,1000,500,3700,2300,2400,3000,1800,500,1500,5400,1400,1000,600,9400,6200,20200
125.0,19.24,117000,2258757.0,19.24,19.23,19.22,19.21,19.2,19.18,19.16,19.15,19.14,19.13,19.29,19.3,19.33,19.34,19.35,19.36,19.37,19.38,19.39,19.4,1900,6300,5000,4600,1000,500,3700,2300,2400,3000,2600,500,1500,5400,1400,1000,600,9400,6200,20400
126.0,19.24,117000,2258757.0,19.24,19.23,19.22,19.21,19.2,19.18,19.16,19.15,19.14,19.13,19.29,19.3,19.33,19.34,19.35,19.36,19.37,19.38,19.39,19.4,2200,6300,5000,4600,1000,500,3700,2300,2400,3000,2900,300,1500,5400,1400,1000,600,9900,6200,20400
127.0,19.24,117000,2258757.0,19.24,19.23,19.22,19.21,19.2,19.18,19.16,19.15,19.14,19.13,19.29,19.3,19.32,19.33,19.34,19.35,19.36,19.37,19.38,19.39,2600,6300,5000,4600,1000,500,3700,2300,2400,3000,3300,300,1900,1500,5400,1400,1000,600,9900,6200
128.0,19.24,117200,2262605.0,19.24,19.23,19.22,19.21,19.2,19.18,19.16,19.15,19.14,19.13,19.29,19.3,19.32,19.33,19.34,19.35,19.36,19.37,19.38,19.39,2400,6300,5000,4600,1000,500,3700,2300,2400,3000,3300,300,1900,1500,5400,1400,1000,600,7500,6200
129.0,19.24,117200,2262605.0,19.24,19.23,19.22,19.21,19.2,19.18,19.16,19.15,19.14,19.13,19.29,19.3,19.32,19.33,19.34,19.35,19.36,19.37,19.38,19.39,1400,6300,5000,4600,1000,500,3700,2300,2400,3000,3600,300,1900,1500,5400,1400,1000,600,7500,6200
130.0,19.24,117200,2262605.0,19.24,19.23,19.22,19.21,19.2,19.18,19.16,19.15,19.14,19.13,19.29,19.3,19.32,19.33,19.34,19.35,19.36,19.37,19.38,19.39,1400,6300,5000,4600,1000,500,3700,2300,2400,3000,4000,300,1900,1500,5400,1400,1000,600,7500,6200
131.0,19.24,117200,2262605.0,19.24,19.23,19.22,19.21,19.2,19.18,19.16,19.15,19.14,19.13,19.29,19.3,19.32,19.33,19.34,19.35,19.36,19.37,19.38,19.39,1800,6300,5000,4600,1000,500,3700,2300,2400,3000,4000,300,1900,1500,5400,1400,1000,600,7500,6200
132.0,19.29,117500,2268387.0,19.24,19.23,19.22,19.21,19.2,19.18,19.16,19.15,19.14,19.13,19.28,19.29,19.3,19.31,19.32,19.33,19.34,19.35,19.36,19.37,2000,6300,5000,4600,1000,500,3700,2300,2400,3000,1200,4100,300,100,1900,1500,5400,1400,1000,600
133.0,19.28,118200,2281867.0,19.24,19.23,19.22,19.21,19.2,19.18,19.16,19.15,19.14,19.13,19.28,19.29,19.3,19.31,19.32,19.33,19.34,19.35,19.36,19.37,1600,6300,5000,4600,1000,500,3700,2300,2400,3000,900,4100,300,100,1900,1500,5400,1400,1000,600
134.0,19.28,119100,2299219.0,19.24,19.23,19.22,19.21,19.2,19.18,19.16,19.15,19.14,19.13,19.29,19.3,19.31,19.32,19.33,19.34,19.35,19.36,19.37,19.38,1600,6300,5000,4600,1000,500,3700,2300,2400,3000,3700,800,100,1900,1500,4900,1400,1000,600,7500
135.0,19.28,119400,2304999.0,19.28,19.24,19.23,19.22,19.21,19.2,19.18,19.16,19.15,19.14,19.29,19.3,19.31,19.32,19.33,19.34,19.35,19.36,19.37,19.38,500,1800,6300,5000,4600,1000,500,3700,2300,2400,4000,800,100,1900,1500,4900,1400,1000,600,7500
136.0,19.28,119400,2304999.0,19.28,19.24,19.23,19.22,19.21,19.2,19.18,19.16,19.15,19.14,19.29,19.3,19.31,19.32,19.33,19.34,19.35,19.36,19.37,19.38,500,1800,6300,5000,4600,1000,500,3700,2300,2400,4000,800,100,1900,1500,4900,1400,1000,600,7500
137.0,19.29,119500,2306928.0,19.28,19.24,19.23,19.22,19.21,19.2,19.18,19.16,19.15,19.14,19.29,19.3,19.31,19.32,19.33,19.34,19.35,19.36,19.37,19.38,500,1800,6300,5000,4600,1000,500,3700,2300,2400,3900,800,100,1900,1500,4900,1400,1000,600,7500
138.0,19.29,119500,2306928.0,19.28,19.24,19.23,19.22,19.21,19.2,19.18,19.16,19.15,19.14,19.29,19.3,19.31,19.32,19.33,19.34,19.35,19.36,19.37,19.38,500,1800,6300,5000,4600,1000,500,3700,2300,2400,3900,800,100,1900,1500,4900,1400,1000,600,7500
139.0,19.28,120000,2316568.0,19.24,19.23,19.22,19.21,19.2,19.18,19.16,19.15,19.14,19.13,19.29,19.3,19.31,19.32,19.33,19.34,19.35,19.36,19.37,19.38,1800,6300,5000,4600,1000,500,3700,2300,2400,3000,3900,800,100,1900,1500,4900,1400,1000,600,7500
140.0,19.29,120300,2322355.0,19.26,19.24,19.23,19.22,19.21,19.2,19.18,19.16,19.15,19.14,19.29,19.3,19.31,19.32,19.33,19.34,19.35,19.36,19.37,19.38,7400,2200,6300,5000,4600,1000,500,3700,2300,2400,4000,800,100,1900,1500,4900,1400,1000,600,7500
141.0,19.3,130300,2515215.0,19.26,19.24,19.23,19.22,19.21,19.2,19.18,19.16,19.15,19.14,19.3,19.31,19.32,19.33,19.34,19.35,19.36,19.37,19.38,19.39,7400,2200,7300,5000,4600,1000,500,3700,2300,2400,1500,100,1900,1500,4900,1400,1000,600,7500,6200
142.0,19.26,130800,2524845.0,19.26,19.24,19.23,19.22,19.21,19.2,19.18,19.16,19.15,19.14,19.3,19.31,19.32,19.33,19.34,19.35,19.36,19.37,19.38,19.39,6900,2200,7300,5000,4600,1000,500,3700,2300,2400,1500,100,1900,1500,4900,1400,1000,600,7500,6200
143.0,19.26,130800,2524845.0,19.26,19.24,19.23,19.22,19.21,19.2,19.18,19.16,19.15,19.14,19.3,19.31,19.32,19.33,19.34,19.35,19.36,19.37,19.38,19.39,6900,2200,7300,5000,4600,1000,500,3700,2300,2400,1500,100,1900,1500,4900,1400,1000,600,7500,6200
144.0,19.26,130800,2524845.0,19.26,19.24,19.23,19.22,19.21,19.2,19.18,19.16,19.15,19.14,19.3,19.31,19.32,19.33,19.34,19.35,19.36,19.37,19.38,19.39,6900,2200,7300,5000,4600,1000,500,3700,2300,2400,1500,100,1900,1500,4900,1400,1000,600,7500,6200
145.0,19.26,131800,2544105.0,19.26,19.24,19.23,19.22,19.21,19.2,19.18,19.16,19.15,19.14,19.3,19.31,19.32,19.33,19.34,19.35,19.36,19.37,19.38,19.39,5900,2200,7300,5000,4600,1000,500,3700,2300,2400,1500,100,1900,1500,4900,1400,1000,600,7500,6200
146.0,19.33,136300,2630989.0,19.26,19.24,19.23,19.22,19.21,19.2,19.18,19.16,19.15,19.14,19.33,19.34,19.35,19.36,19.37,19.38,19.39,19.4,19.41,19.42,5400,2200,7300,5000,4600,1000,500,3700,2300,2400,1100,4900,1400,1000,600,7500,6200,20400,8200,2900
147.0,19.33,136300,2630989.0,19.31,19.26,19.24,19.23,19.22,19.21,19.2,19.18,19.16,19.15,19.33,19.34,19.35,19.36,19.37,19.38,19.39,19.4,19.41,19.42,300,6100,2200,7300,4900,4600,1000,500,3700,2300,2100,4900,1400,1000,600,7500,6200,20400,8200,2900
148.0,19.33,136300,2630989.0,19.31,19.26,19.24,19.23,19.22,19.21,19.2,19.18,19.16,19.15,19.33,19.34,19.35,19.36,19.37,19.38,19.39,19.4,19.41,19.42,300,6100,2200,7300,4900,4600,1000,500,3700,2300,2100,4900,1400,1000,600,7500,6200,20400,8200,2900
149.0,19.31,136400,2632920.0,19.31,19.26,19.24,19.23,19.22,19.21,19.2,19.18,19.16,19.15,19.33,19.34,19.35,19.36,19.37,19.38,19.39,19.4,19.41,19.42,200,6100,2200,7300,4900,4600,1000,500,3700,2300,2100,4900,1400,1000,600,7500,6200,20400,8200,2900
150.0,19.31,136400,2632920.0,19.31,19.26,19.24,19.23,19.22,19.21,19.2,19.18,19.16,19.15,19.33,19.34,19.35,19.36,19.37,19.38,19.39,19.4,19.41,19.42,200,6100,2200,7300,4900,4600,1000,500,3700,2300,2100,4900,1400,1000,600,7500,6200,20400,8200,2900
151.0,19.31,136400,2632920.0,19.31,19.26,19.24,19.23,19.22,19.21,19.2,19.18,19.16,19.15,19.33,19.34,19.35,19.36,19.37,19.38,19.39,19.4,19.41,19.42,200,6100,2200,7300,4900,4600,1000,500,3700,2300,2100,4900,1400,1000,600,7500,6200,20400,8200,2900
152.0,19.31,136600,2636782.0,19.26,19.24,19.23,19.22,19.21,19.2,19.18,19.16,19.15,19.14,19.33,19.35,19.36,19.37,19.38,19.39,19.4,19.41,19.42,19.43,6100,2200,7300,4900,4600,1000,500,3700,2300,2400,2100,1400,1000,600,7500,6200,20400,8200,2900,3000
153.0,19.33,137600,2656077.0,19.26,19.24,19.23,19.22,19.21,19.2,19.18,19.16,19.15,19.14,19.33,19.35,19.36,19.37,19.38,19.39,19.4,19.41,19.42,19.43,6600,2200,10600,4900,4600,1000,500,3700,2300,2400,2600,1400,1300,600,7500,6200,20400,8200,2900,3000
154.0,19.26,138100,2665707.0,19.26,19.24,19.23,19.22,19.21,19.2,19.18,19.16,19.15,19.14,19.33,19.35,19.36,19.37,19.38,19.39,19.4,19.41,19.42,19.43,6100,2200,10600,4900,4600,1000,500,3700,2300,2400,2600,1400,1300,600,7500,6200,20400,8200,2900,3000
155.0,19.26,138100,2665707.0,19.3,19.26,19.24,19.23,19.22,19.21,19.2,19.18,19.16,19.15,19.33,19.35,19.36,19.37,19.38,19.39,19.4,19.41,19.42,19.43,200,6100,2200,10600,4900,4600,1000,500,3700,2300,2600,1400,1300,600,7500,6200,20400,8200,2900,3000
156.0,19.26,138100,2665707.0,19.31,19.3,19.26,19.24,19.23,19.22,19.21,19.2,19.18,19.16,19.33,19.35,19.36,19.37,19.38,19.39,19.4,19.41,19.42,19.43,800,200,6100,2200,10600,4900,4600,1000,500,3700,2600,1400,1300,600,7500,6200,20400,8200,2900,3000
157.0,19.31,138200,2667638.0,19.31,19.3,19.26,19.24,19.23,19.22,19.21,19.2,19.18,19.16,19.33,19.35,19.36,19.37,19.38,19.39,19.4,19.41,19.42,19.43,800,200,6100,2200,10600,4900,4600,1000,500,3700,2600,1400,1300,600,7500,6200,20400,8200,2900,3000
158.0,19.31,138200,2667638.0,19.31,19.3,19.26,19.24,19.23,19.22,19.21,19.2,19.18,19.16,19.33,19.35,19.36,19.37,19.38,19.39,19.4,19.41,19.42,19.43,800,500,6100,2200,10600,4900,4600,1000,500,3700,2600,1400,1300,600,7500,6200,20400,8200,2900,3000
159.0,19.33,138300,2669571.0,19.31,19.3,19.26,19.24,19.23,19.22,19.21,19.2,19.18,19.16,19.33,19.35,19.36,19.37,19.38,19.39,19.4,19.41,19.42,19.43,1300,500,6100,2200,10600,4900,4600,1000,500,3700,2500,1400,1300,600,7500,6200,20400,8200,2900,3000
160.0,19.31,138400,2671502.0,19.31,19.3,19.26,19.24,19.23,19.22,19.21,19.2,19.18,19.16,19.33,19.35,19.36,19.37,19.38,19.39,19.4,19.41,19.42,19.43,1200,500,6100,2200,10600,4900,4600,1000,500,3700,2500,1400,1300,600,7500,6200,20400,8200,2900,3000
161.0,19.31,138400,2671502.0,19.31,19.3,19.26,19.24,19.23,19.22,19.21,19.2,19.18,19.16,19.33,19.35,19.36,19.37,19.38,19.39,19.4,19.41,19.42,19.43,1200,500,6100,2200,10600,4900,4600,1000,500,3700,2500,1400,1300,600,7500,6200,20400,8200,2900,3000
162.0,19.31,138400,2671502.0,19.31,19.3,19.26,19.24,19.23,19.22,19.21,19.2,19.18,19.16,19.33,19.35,19.36,19.37,19.38,19.39,19.4,19.41,19.42,19.43,1200,500,6100,2200,10600,4900,4600,1000,500,3700,2500,1400,1300,600,7500,6200,20400,8200,2900,3000
163.0,19.31,138400,2671502.0,19.31,19.3,19.26,19.24,19.23,19.22,19.21,19.2,19.18,19.16,19.33,19.35,19.36,19.37,19.38,19.39,19.4,19.41,19.42,19.43,1200,500,6100,2200,10600,4900,4600,1000,500,3700,2500,1400,1300,600,7500,6200,20400,8200,2900,3000
164.0,19.31,138500,2673433.0,19.31,19.3,19.26,19.24,19.23,19.22,19.21,19.2,19.18,19.16,19.33,19.35,19.36,19.37,19.38,19.39,19.4,19.41,19.42,19.43,1100,500,6100,2200,10600,4900,4600,1000,500,3700,2500,1400,1300,600,7500,6200,20400,8200,2900,3000
165.0,19.31,138500,2673433.0,19.31,19.3,19.26,19.24,19.23,19.22,19.21,19.2,19.18,19.16,19.33,19.35,19.36,19.37,19.38,19.39,19.4,19.41,19.42,19.43,1100,900,6100,2200,10600,4900,4600,1000,500,3700,2500,1400,1300,600,7500,6200,20400,8200,2900,3000
166.0,19.31,138500,2673433.0,19.31,19.3,19.26,19.24,19.23,19.22,19.21,19.2,19.18,19.16,19.33,19.35,19.36,19.37,19.38,19.39,19.4,19.41,19.42,19.43,1100,900,6100,2200,10600,4900,4600,1000,500,3700,2500,1400,1300,600,7500,6200,20400,8200,2900,3000
167.0,19.31,138600,2675364.0,19.31,19.3,19.26,19.24,19.23,19.22,19.21,19.2,19.18,19.16,19.33,19.35,19.36,19.37,19.38,19.39,19.4,19.41,19.42,19.43,1100,900,6100,2200,10600,4900,4600,1000,500,3700,2500,1400,1300,600,7500,6200,20400,8200,2900,3000
168.0,19.31,138800,2679226.0,19.31,19.3,19.26,19.24,19.23,19.22,19.21,19.2,19.18,19.16,19.33,19.35,19.36,19.37,19.38,19.39,19.4,19.41,19.42,19.43,900,900,6100,2200,10600,4900,4600,1000,500,3700,2500,1400,1300,600,7500,6200,20400,8200,2900,3000
169.0,19.31,138800,2679226.0,19.31,19.3,19.26,19.24,19.23,19.22,19.21,19.2,19.18,19.16,19.33,19.35,19.36,19.37,19.38,19.39,19.4,19.41,19.42,19.43,900,900,6100,2200,12600,4900,4600,1000,500,3700,2500,2100,1300,600,7500,6200,20400,8200,2900,3000
170.0,19.31,138800,2679226.0,19.31,19.3,19.26,19.24,19.23,19.22,19.21,19.2,19.18,19.16,19.33,19.35,19.36,19.37,19.38,19.39,19.4,19.41,19.42,19.43,900,900,6100,2200,12600,4900,4600,1000,500,3700,2500,9100,1300,600,7500,6200,20400,8200,2900,3000
171.0,19.31,138800,2679226.0,19.31,19.3,19.26,19.24,19.23,19.22,19.21,19.2,19.18,19.16,19.33,19.35,19.36,19.37,19.38,19.39,19.4,19.41,19.42,19.43,3300,900,6100,2200,12600,4900,4600,1000,500,3700,2500,9100,1300,600,7500,6200,20400,8200,2900,3000
172.0,19.31,138800,2679226.0,19.31,19.3,19.26,19.24,19.23,19.22,19.21,19.2,19.18,19.16,19.33,19.35,19.36,19.37,19.38,19.39,19.4,19.41,19.42,19.43,3300,900,6100,2200,12600,4900,4600,1000,500,3700,2500,9100,1300,600,7500,6200,20400,8200,2900,3000
173.0,19.31,138800,2679226.0,19.31,19.3,19.26,19.24,19.23,19.22,19.21,19.2,19.18,19.16,19.33,19.35,19.36,19.37,19.38,19.39,19.4,19.41,19.42,19.43,3300,900,6100,2200,12600,4900,4600,1000,500,3700,2500,9100,1300,600,7500,6200,20400,8200,2900,3000
174.0,19.31,139100,2685019.0,19.32,19.31,19.3,19.26,19.24,19.23,19.22,19.21,19.2,19.18,19.33,19.35,19.36,19.37,19.38,19.39,19.4,19.41,19.42,19.43,100,3000,900,6100,2200,12600,4900,4600,1000,500,2500,9100,1300,600,7500,6200,20400,8200,2900,3000
175.0,19.31,139100,2685019.0,19.32,19.31,19.3,19.26,19.24,19.23,19.22,19.21,19.2,19.18,19.33,19.35,19.36,19.37,19.38,19.39,19.4,19.41,19.42,19.43,100,3000,900,6100,2200,12600,4900,4600,1000,500,2500,9100,1300,600,7500,6200,20400,8200,2900,3000
176.0,19.31,139400,2690813.0,19.31,19.3,19.26,19.24,19.23,19.22,19.21,19.2,19.18,19.16,19.33,19.35,19.36,19.37,19.38,19.39,19.4,19.41,19.42,19.43,2800,900,6100,2200,12600,4900,4600,1000,500,3700,2500,9100,1300,600,7500,6200,20400,8200,2900,3000
177.0,19.31,139600,2694675.0,19.31,19.3,19.26,19.24,19.23,19.22,19.21,19.2,19.18,19.16,19.33,19.35,19.36,19.37,19.38,19.39,19.4,19.41,19.42,19.43,2600,900,6100,2200,12600,4900,4600,1000,500,3900,2500,9100,1300,600,7500,6200,20400,8200,2900,3000
178.0,19.31,139600,2694675.0,19.31,19.3,19.26,19.24,19.23,19.22,19.21,19.2,19.18,19.16,19.32,19.33,19.35,19.36,19.37,19.38,19.39,19.4,19.41,19.42,2600,900,6100,2200,12600,4900,4600,1000,500,3900,100,2500,10200,1300,600,7500,6200,20400,8200,2900
179.0,19.31,139600,2694675.0,19.31,19.3,19.28,19.26,19.24,19.23,19.22,19.21,19.2,19.18,19.32,19.33,19.35,19.36,19.37,19.38,19.39,19.4,19.41,19.42,2600,900,100,6100,2200,12600,4900,4600,1000,500,700,2500,10200,3700,600,7500,6200,20400,8200,2900
180.0,19.32,140300,2708194.0,19.31,19.3,19.28,19.26,19.24,19.23,19.22,19.21,19.2,19.18,19.32,19.33,19.35,19.36,19.37,19.38,19.39,19.4,19.41,19.42,2100,900,100,6100,2200,12600,4900,4600,1000,500,500,2500,10200,3700,600,7500,6200,20400,8200,2900
181.0,19.31,140500,2712056.0,19.31,19.3,19.28,19.26,19.24,19.23,19.22,19.21,19.2,19.18,19.32,19.33,19.35,19.36,19.37,19.38,19.39,19.4,19.41,19.42,1900,900,100,6100,2200,12600,4900,4600,1100,500,500,2500,10200,3700,600,7500,6200,20400,8200,2900
182.0,19.31,141000,2721714.0,19.31,19.3,19.28,19.26,19.24,19.23,19.22,19.21,19.2,19.18,19.32,19.33,19.35,19.36,19.37,19.38,19.39,19.4,19.41,19.42,1700,900,100,6100,2200,12600,4900,4600,1100,500,200,2500,10200,3700,600,7500,6200,20400,8200,2900
183.0,19.31,141100,2723645.0,19.31,19.3,19.28,19.26,19.24,19.23,19.22,19.21,19.2,19.18,19.32,19.33,19.35,19.36,19.37,19.38,19.39,19.4,19.41,19.42,1600,900,100,6100,2200,12600,4900,4600,1100,500,200,2500,10200,3700,600,7500,6200,20400,8200,2900
184.0,19.31,141100,2723645.0,19.31,19.3,19.28,19.26,19.24,19.23,19.22,19.21,19.2,19.18,19.32,19.33,19.35,19.36,19.37,19.38,19.39,19.4,19.41,19.42,1600,900,100,6100,2200,12600,4900,4600,1100,500,200,2500,10200,3700,600,7500,6200,20400,8200,2900
185.0,19.31,141200,2725576.0,19.31,19.3,19.28,19.26,19.24,19.23,19.22,19.21,19.2,19.18,19.32,19.33,19.34,19.35,19.36,19.37,19.38,19.39,19.4,19.41,1500,900,100,6100,2200,12600,4900,4600,1100,500,200,2500,500,10200,3700,600,7500,6200,20400,8200
186.0,19.31,141200,2725576.0,19.31,19.3,19.28,19.26,19.24,19.23,19.22,19.21,19.2,19.18,19.32,19.33,19.34,19.35,19.36,19.37,19.38,19.39,19.4,19.41,1500,900,100,6100,2200,12600,4900,4600,1100,500,200,2500,500,10200,3700,600,7500,6200,20400,8200
187.0,19.31,141200,2725576.0,19.31,19.3,19.28,19.26,19.24,19.23,19.22,19.21,19.2,19.18,19.32,19.33,19.34,19.35,19.36,19.37,19.38,19.39,19.4,19.41,1500,900,100,6100,2200,12600,4900,4600,1100,500,200,2500,500,10200,3700,600,7500,6200,20400,8200
188.0,19.31,141300,2727507.0,19.31,19.3,19.28,19.26,19.24,19.23,19.22,19.21,19.2,19.18,19.33,19.34,19.35,19.36,19.37,19.38,19.39,19.4,19.41,19.42,1400,900,100,6100,2200,12600,4900,4600,1100,500,2500,500,10200,3700,600,7500,6200,20400,8200,2900
189.0,19.31,141300,2727507.0,19.31,19.3,19.28,19.26,19.24,19.23,19.22,19.21,19.2,19.18,19.33,19.34,19.35,19.36,19.37,19.38,19.39,19.4,19.41,19.42,1400,900,100,6100,2200,12600,4900,4600,1100,500,2500,500,10200,3700,600,7500,6200,20400,8200,2900
190.0,19.31,141500,2731369.0,19.31,19.3,19.28,19.26,19.24,19.23,19.22,19.21,19.2,19.18,19.33,19.34,19.35,19.36,19.37,19.38,19.39,19.4,19.41,19.42,1200,900,100,6100,2200,12600,4900,4600,1100,500,3100,500,10400,3700,600,7500,6200,20400,8200,2900
191.0,19.31,141700,2735231.0,19.31,19.3,19.28,19.26,19.24,19.23,19.22,19.21,19.2,19.18,19.33,19.34,19.35,19.36,19.37,19.38,19.39,19.4,19.41,19.42,1000,900,100,6100,2200,12600,4900,4600,1100,500,3100,3500,10400,3700,600,7500,6200,20400,8200,2900
192.0,19.31,145400,2806678.0,19.3,19.28,19.26,19.24,19.23,19.22,19.21,19.2,19.18,19.16,19.31,19.33,19.34,19.35,19.36,19.37,19.38,19.39,19.4,19.41,900,100,6100,2200,12600,4900,4600,1100,500,3900,11500,3100,3500,9300,3700,600,7500,6200,20400,8200
193.0,19.31,145400,2806678.0,19.3,19.28,19.26,19.24,19.23,19.22,19.21,19.2,19.18,19.16,19.31,19.33,19.34,19.35,19.36,19.37,19.38,19.39,19.4,19.41,900,100,6100,2200,12600,4900,4600,1100,500,3900,11500,2500,3500,9300,3700,600,7500,6200,20400,8200
194.0,19.31,145400,2806678.0,19.3,19.28,19.26,19.24,19.23,19.22,19.21,19.2,19.18,19.16,19.31,19.33,19.34,19.35,19.36,19.37,19.38,19.39,19.4,19.41,900,100,6100,2200,12600,4900,4600,1100,500,3900,11500,2500,3500,9300,3700,600,7500,6200,20400,8200
195.0,19.31,145400,2806678.0,19.3,19.28,19.26,19.24,19.23,19.22,19.21,19.2,19.18,19.16,19.31,19.33,19.34,19.35,19.36,19.37,19.38,19.39,19.4,19.41,900,100,6100,2200,12600,4900,4600,1100,500,3900,11500,2500,3500,9300,3700,600,7500,6500,20400,8200
196.0,19.31,145400,2806678.0,19.3,19.28,19.26,19.24,19.23,19.22,19.21,19.2,19.18,19.16,19.31,19.33,19.34,19.35,19.36,19.37,19.38,19.39,19.4,19.41,900,100,6100,2200,12600,4900,4600,1100,500,3900,11500,2500,3500,9300,3700,600,7500,6500,20400,8200
197.0,19.3,146000,2818258.0,19.3,19.28,19.26,19.24,19.23,19.22,19.21,19.2,19.18,19.16,19.31,19.33,19.34,19.35,19.36,19.37,19.38,19.39,19.4,19.41,300,100,6100,2200,12600,4900,4600,1100,500,3900,11500,2500,3500,9300,3700,600,7500,6500,20400,8200
198.0,19.3,146000,2818258.0,19.3,19.28,19.26,19.24,19.23,19.22,19.21,19.2,19.18,19.16,19.31,19.33,19.34,19.35,19.36,19.37,19.38,19.39,19.4,19.41,300,100,6100,2200,12600,4900,4600,1100,500,3900,11500,2500,3500,9300,3700,600,7500,6500,20400,8200
199.0,19.3,146500,2827910.0,19.28,19.26,19.24,19.23,19.22,19.21,19.2,19.18,19.16,19.15,19.3,19.31,19.33,19.34,19.35,19.36,19.37,19.38,19.39,19.4,100,6100,2200,12600,4900,4600,1100,500,3900,2300,5700,11300,2500,3500,9300,3700,600,7500,6500,20400
200.0,19.3,146500,2827910.0,19.26,19.24,19.23,19.22,19.21,19.2,19.18,19.16,19.15,19.14,19.3,19.31,19.33,19.34,19.35,19.36,19.37,19.38,19.39,19.4,6100,2200,12600,4900,4600,1100,500,3900,2300,2400,5700,11300,2500,3500,9300,3700,300,7500,6500,20400
201.0,19.3,146500,2827910.0,19.26,19.24,19.23,19.22,19.21,19.2,19.18,19.16,19.15,19.14,19.3,19.31,19.33,19.34,19.35,19.36,19.37,19.38,19.39,19.4,6300,2200,12600,4900,4600,1100,500,3900,2300,2400,5800,11300,2500,3500,9300,3700,300,7500,6500,20400
202.0,19.26,147000,2837540.0,19.26,19.24,19.23,19.22,19.21,19.2,19.18,19.16,19.15,19.14,19.3,19.31,19.33,19.34,19.35,19.36,19.37,19.38,19.39,19.4,5800,2200,12600,4900,4600,1100,500,3900,2300,2400,5800,11300,2500,3500,9300,3700,300,7500,6500,20400
203.0,19.26,147000,2837540.0,19.27,19.26,19.24,19.23,19.22,19.21,19.2,19.18,19.16,19.15,19.3,19.31,19.33,19.34,19.35,19.36,19.37,19.38,19.39,19.4,3100,5800,2200,12700,4900,4600,1100,500,3900,2300,5800,11300,2500,3500,9300,3700,300,7500,6500,20400
204.0,19.27,147600,2849102.0,19.27,19.26,19.24,19.23,19.22,19.21,19.2,19.18,19.16,19.15,19.3,19.31,19.33,19.34,19.35,19.36,19.37,19.38,19.39,19.4,2500,5800,2200,12700,4900,4600,1100,500,3900,2300,5800,11300,2500,3500,9300,3700,300,7500,6500,20400
205.0,19.27,147800,2852956.0,19.26,19.24,19.23,19.22,19.21,19.2,19.18,19.16,19.15,19.14,19.3,19.31,19.33,19.34,19.35,19.36,19.37,19.38,19.39,19.4,5800,2200,12700,4900,4600,1100,500,3900,2300,2400,5800,11300,2500,3500,9300,3700,300,7500,6500,20400
206.0,19.26,148300,2862586.0,19.26,19.24,19.23,19.22,19.21,19.2,19.18,19.16,19.15,19.14,19.3,19.31,19.33,19.34,19.35,19.36,19.37,19.38,19.39,19.4,5300,2200,12700,4900,4600,1100,500,3900,2300,2400,5800,11300,2500,3500,9300,3700,300,7500,6500,20900
207.0,19.26,148300,2862586.0,19.26,19.24,19.23,19.22,19.21,19.2,19.18,19.16,19.15,19.14,19.3,19.31,19.33,19.34,19.35,19.36,19.37,19.38,19.39,19.4,5300,2200,12700,4900,4600,1100,500,3900,2300,2400,5800,11300,2500,3500,9300,3700,300,7500,6500,20900
208.0,19.26,148800,2872216.0,19.26,19.25,19.24,19.23,19.22,19.21,19.2,19.18,19.16,19.15,19.3,19.31,19.33,19.34,19.35,19.36,19.37,19.38,19.39,19.4,4800,100,2200,12700,4900,4600,1100,500,3900,2300,5800,11300,2500,3000,9300,3700,300,7500,6500,20900
209.0,19.26,149300,2881846.0,19.26,19.25,19.24,19.23,19.22,19.21,19.2,19.18,19.16,19.15,19.3,19.31,19.33,19.34,19.35,19.36,19.37,19.38,19.39,19.4,4300,100,2200,12700,4900,4600,1100,500,3900,2300,5800,11300,2500,3000,9300,3700,300,7500,6500,20900
210.0,19.3,149400,2883776.0,19.26,19.25,19.24,19.23,19.22,19.21,19.2,19.18,19.16,19.15,19.3,19.31,19.33,19.34,19.35,19.36,19.37,19.38,19.39,19.4,4300,100,2200,12700,4900,4600,1100,500,3900,2300,5700,11300,2500,3000,9300,3700,300,7500,6500,20900
211.0,19.26,149800,2891480.0,19.26,19.25,19.24,19.23,19.22,19.21,19.2,19.18,19.16,19.15,19.3,19.31,19.33,19.34,19.35,19.36,19.37,19.38,19.39,19.4,3900,100,2200,12700,4900,4600,1100,500,3900,2300,5700,11300,2500,3000,9300,3700,300,7500,6500,20900
212.0,19.26,149800,2891480.0,19.26,19.25,19.24,19.23,19.22,19.21,19.2,19.18,19.16,19.15,19.3,19.31,19.33,19.34,19.35,19.36,19.37,19.38,19.39,19.4,3900,100,2200,12700,4900,4600,1100,500,3900,2300,5700,11300,2500,3000,9300,3700,300,7500,6500,20900
213.0,19.26,150100,2897258.0,19.26,19.25,19.24,19.23,19.22,19.21,19.2,19.18,19.16,19.15,19.3,19.31,19.33,19.34,19.35,19.36,19.37,19.38,19.39,19.4,3600,100,2200,12700,4900,4600,1100,500,3900,2300,5700,11300,2500,3000,9300,3700,300,7500,6500,20900
214.0,19.26,150400,2903036.0,19.26,19.25,19.24,19.23,19.22,19.21,19.2,19.18,19.16,19.15,19.3,19.31,19.33,19.34,19.35,19.36,19.37,19.38,19.39,19.4,3300,100,2200,12700,4900,4600,1100,500,3900,2300,5700,11300,2500,3000,9300,3700,300,7500,6500,20900
215.0,19.26,150400,2903036.0,19.26,19.25,19.24,19.23,19.22,19.21,19.2,19.18,19.16,19.15,19.3,19.31,19.33,19.34,19.35,19.36,19.37,19.38,19.39,19.4,3300,100,2200,12700,4900,4600,1100,500,3900,2300,5700,11300,2500,3000,9300,3700,300,7500,6500,20900
216.0,19.3,156700,3024602.0,19.3,19.26,19.25,19.24,19.23,19.22,19.21,19.2,19.18,19.16,19.31,19.33,19.34,19.35,19.36,19.37,19.38,19.39,19.4,19.41,4400,2900,100,2200,12700,4900,4600,1100,500,3900,11300,2500,3000,9300,3700,300,6500,6500,20900,8200
217.0,19.3,156700,3024602.0,19.3,19.26,19.25,19.24,19.23,19.22,19.21,19.2,19.18,19.16,19.31,19.33,19.34,19.35,19.36,19.37,19.38,19.39,19.4,19.41,4400,2900,100,2200,12700,4900,4600,1100,500,3900,12000,2500,3000,9300,3700,300,6500,6500,20900,8200
218.0,19.3,157100,3032322.0,19.3,19.26,19.25,19.24,19.23,19.22,19.21,19.2,19.18,19.16,19.31,19.33,19.34,19.35,19.36,19.37,19.38,19.39,19.4,19.41,5100,3000,100,2200,12700,4900,4600,1100,500,3900,12000,2500,3000,9300,3700,300,6500,6500,20900,8200
219.0,19.3,157100,3032322.0,19.3,19.27,19.26,19.25,19.24,19.23,19.22,19.21,19.2,19.18,19.31,19.33,19.34,19.35,19.36,19.37,19.38,19.39,19.4,19.41,5100,2600,3000,100,2200,12700,4900,4600,1100,500,12000,2500,3000,9300,3700,300,6500,6500,20900,8200
220.0,19.3,157600,3041972.0,19.3,19.27,19.26,19.25,19.24,19.23,19.22,19.21,19.2,19.18,19.31,19.33,19.34,19.35,19.36,19.37,19.38,19.39,19.4,19.41,4600,2600,3000,100,2200,12700,4900,4600,1100,500,12000,2500,3000,9300,3700,300,6500,6500,20900,8200
221.0,19.3,158000,3049692.0,19.3,19.27,19.26,19.25,19.24,19.23,19.22,19.21,19.2,19.18,19.31,19.33,19.34,19.35,19.36,19.37,19.38,19.39,19.4,19.41,4200,2600,3000,100,2200,12700,4900,4600,1100,500,12000,2500,3000,9300,3700,300,6500,6500,20900,8200
222.0,19.3,159000,3068992.0,19.3,19.27,19.26,19.25,19.24,19.23,19.22,19.21,19.2,19.18,19.31,19.33,19.34,19.35,19.36,19.37,19.38,19.39,19.4,19.41,3200,2600,3000,100,2200,12700,4900,4600,1100,500,12000,2500,3000,9300,3700,300,6500,7000,20900,8200
223.0,19.3,159000,3068992.0,19.3,19.27,19.26,19.25,19.24,19.23,19.22,19.21,19.2,19.18,19.31,19.33,19.34,19.35,19.36,19.37,19.38,19.39,19.4,19.41,3200,2600,3000,100,2200,12700,4900,4600,1100,500,12000,2500,3000,9300,3700,300,6500,7000,20900,8200
224.0,19.31,159400,3076713.0,19.3,19.27,19.26,19.25,19.24,19.23,19.22,19.21,19.2,19.18,19.31,19.33,19.34,19.35,19.36,19.37,19.38,19.39,19.4,19.41,2900,2600,3000,100,2200,12700,4900,4600,1100,500,11900,2500,3000,9300,3700,300,6500,7000,20900,8200
225.0,19.3,159600,3080573.0,19.3,19.27,19.26,19.25,19.24,19.23,19.22,19.21,19.2,19.18,19.31,19.33,19.34,19.35,19.36,19.37,19.38,19.39,19.4,19.41,2700,2600,3000,100,2200,12700,4900,4600,1100,500,11900,2500,3000,8600,3700,300,6500,7000,20900,8200
226.0,19.3,159600,3080573.0,19.3,19.27,19.26,19.25,19.24,19.23,19.22,19.21,19.2,19.18,19.31,19.33,19.34,19.35,19.36,19.37,19.38,19.39,19.4,19.41,2700,2600,3000,100,2200,12700,4900,4600,1100,500,11900,2500,3000,8600,3700,300,6700,7000,20900,8200
227.0,19.3,162300,3132683.0,19.27,19.26,19.25,19.24,19.23,19.22,19.21,19.2,19.18,19.16,19.3,19.31,19.33,19.34,19.35,19.36,19.37,19.38,19.39,19.4,2600,3000,100,2200,12700,4900,4600,1100,500,3900,2500,11900,2500,3000,8600,3700,300,6700,7000,20900
228.0,19.27,162500,3136537.0,19.27,19.26,19.25,19.24,19.23,19.22,19.21,19.2,19.18,19.16,19.29,19.3,19.31,19.33,19.34,19.35,19.36,19.37,19.38,19.39,2400,3000,100,2200,12700,4900,4600,1100,500,3900,200,3300,11900,2500,3000,8600,3700,300,6700,7000
229.0,19.27,162500,3136537.0,19.27,19.26,19.25,19.24,19.23,19.22,19.21,19.2,19.18,19.16,19.29,19.3,19.31,19.33,19.34,19.35,19.36,19.37,19.38,19.39,2400,3000,100,2200,12700,4900,4600,1100,500,3900,200,3300,11900,2500,3000,8600,3700,300,6700,7000
230.0,19.27,162500,3136537.0,19.27,19.26,19.25,19.24,19.23,19.22,19.21,19.2,19.18,19.16,19.29,19.3,19.31,19.33,19.34,19.35,19.36,19.37,19.38,19.39,2400,3000,100,2200,12700,4900,4600,1100,500,3900,200,3600,11900,2500,3000,8600,3700,300,6700,7000
231.0,19.27,162500,3136537.0,19.27,19.26,19.25,19.24,19.23,19.22,19.21,19.2,19.18,19.16,19.29,19.3,19.31,19.33,19.34,19.35,19.36,19.37,19.38,19.39,2400,3000,100,2200,12700,4900,4600,1100,500,3900,200,3600,11900,2500,3000,8600,3700,300,6700,7000
232.0,19.27,162500,3136537.0,19.27,19.26,19.25,19.24,19.23,19.22,19.21,19.2,19.18,19.16,19.29,19.3,19.31,19.33,19.34,19.35,19.36,19.37,19.38,19.39,2400,3000,100,2200,12700,4900,4600,1100,500,3900,200,4300,11900,2500,3000,8600,3700,300,6700,7000
233.0,19.27,162500,3136537.0,19.27,19.26,19.25,19.24,19.23,19.22,19.21,19.2,19.18,19.16,19.29,19.3,19.31,19.33,19.34,19.35,19.36,19.37,19.38,19.39,2400,3000,100,2200,12700,4900,4600,1100,500,3900,200,4600,11900,2500,3000,8600,3700,300,6700,7000
234.0,19.27,162500,3136537.0,19.27,19.26,19.25,19.24,19.23,19.22,19.21,19.2,19.18,19.16,19.29,19.3,19.31,19.33,19.34,19.35,19.36,19.37,19.38,19.39,2400,3000,100,2200,12700,4900,4600,1100,500,3900,200,4600,11900,2500,3000,8600,3700,300,6700,7000
235.0,19.27,162700,3140391.0,19.27,19.26,19.25,19.24,19.23,19.22,19.21,19.2,19.18,19.16,19.29,19.3,19.31,19.33,19.34,19.35,19.36,19.37,19.38,19.39,2200,3000,100,2200,12700,4900,4600,1100,500,3900,200,4600,11900,2500,3000,8600,3700,300,6700,7000
236.0,19.27,162700,3140391.0,19.27,19.26,19.25,19.24,19.23,19.22,19.21,19.2,19.18,19.16,19.29,19.3,19.31,19.33,19.34,19.35,19.36,19.37,19.38,19.39,2200,3000,100,2200,12700,4900,4600,1100,500,3900,200,5700,11900,2500,3000,8600,3700,300,6700,7000
237.0,19.27,162700,3140391.0,19.27,19.26,19.25,19.24,19.23,19.22,19.21,19.2,19.18,19.16,19.29,19.3,19.31,19.33,19.34,19.35,19.36,19.37,19.38,19.39,2200,2800,100,2200,12700,4900,4600,1100,500,3900,200,5700,11900,2500,3000,8600,3700,300,6700,7000
238.0,19.27,162700,3140391.0,19.27,19.26,19.25,19.24,19.23,19.22,19.21,19.2,19.18,19.16,19.29,19.3,19.31,19.33,19.34,19.35,19.36,19.37,19.38,19.39,2200,2800,100,2200,12700,4900,4600,1100,500,3900,200,5700,11900,3500,3000,8600,3700,300,6700,7000
239.0,19.27,163100,3148099.0,19.27,19.26,19.25,19.24,19.23,19.22,19.21,19.2,19.18,19.16,19.29,19.3,19.31,19.33,19.34,19.35,19.36,19.37,19.38,19.39,1800,2800,100,2200,12700,4900,4600,1100,500,3900,200,6700,11900,3500,3000,8600,3700,300,6700,7000
240.0,19.27,163100,3148099.0,19.27,19.26,19.25,19.24,19.23,19.22,19.21,19.2,19.18,19.16,19.29,19.3,19.31,19.33,19.34,19.35,19.36,19.37,19.38,19.39,2800,2800,100,2200,12700,4900,4600,1100,500,3900,200,6700,11900,3500,3000,8600,3700,300,6700,7000
241.0,19.27,163100,3148099.0,19.27,19.26,19.25,19.24,19.23,19.22,19.21,19.2,19.18,19.16,19.29,19.3,19.31,19.33,19.34,19.35,19.36,19.37,19.38,19.39,2800,2800,100,2200,12700,4900,4600,1100,500,3900,200,6700,11900,3500,3000,8600,3700,300,6700,7000
242.0,19.27,163300,3151953.0,19.27,19.26,19.25,19.24,19.23,19.22,19.21,19.2,19.18,19.16,19.29,19.3,19.31,19.33,19.34,19.35,19.36,19.37,19.38,19.39,2600,2800,100,2200,12700,4900,4600,1100,500,3900,200,6700,11900,3500,3000,8600,3700,300,6700,7000
243.0,19.27,163300,3151953.0,19.27,19.26,19.25,19.24,19.23,19.22,19.21,19.2,19.18,19.16,19.29,19.3,19.31,19.33,19.34,19.35,19.36,19.37,19.38,19.39,2600,2800,100,2200,12700,4900,4600,1100,500,3900,200,6700,11900,3500,3000,8600,3700,300,6700,7000
244.0,19.27,163300,3151953.0,19.27,19.26,19.25,19.24,19.23,19.22,19.21,19.2,19.18,19.16,19.29,19.3,19.31,19.33,19.34,19.35,19.36,19.37,19.38,19.39,2600,2800,100,2200,12700,4900,4600,1100,500,3900,700,6700,11900,3500,3000,9100,3700,300,6700,7000
245.0,19.27,163300,3151953.0,19.27,19.26,19.25,19.24,19.23,19.22,19.21,19.2,19.18,19.16,19.29,19.3,19.31,19.33,19.34,19.35,19.36,19.37,19.38,19.39,2600,2800,100,2200,12700,4900,4600,1100,500,3900,700,6700,11900,3500,3000,9100,3700,300,6700,7000
246.0,19.27,163300,3151953.0,19.27,19.26,19.25,19.24,19.23,19.22,19.21,19.2,19.18,19.16,19.28,19.29,19.3,19.31,19.33,19.34,19.35,19.36,19.37,19.38,2600,2800,100,2200,12700,4900,4600,1100,500,3900,300,700,6700,11900,3500,3000,9100,3700,300,6700
247.0,19.27,163300,3151953.0,19.27,19.26,19.25,19.24,19.23,19.22,19.21,19.2,19.18,19.16,19.28,19.29,19.3,19.31,19.33,19.34,19.35,19.36,19.37,19.38,2800,2800,100,2200,12700,4900,4600,1100,500,3900,300,700,7300,11900,3500,3000,9100,3700,300,6700
248.0,19.27,163300,3151953.0,19.27,19.26,19.25,19.24,19.23,19.22,19.21,19.2,19.18,19.16,19.28,19.29,19.3,19.31,19.33,19.34,19.35,19.36,19.37,19.38,2800,2800,100,2200,12700,4900,4600,1100,500,3900,300,700,7300,11900,3500,3000,9100,3700,300,6700
249.0,19.27,163300,3151953.0,19.27,19.26,19.25,19.24,19.23,19.22,19.21,19.2,19.18,19.16,19.28,19.29,19.3,19.31,19.33,19.34,19.35,19.36,19.37,19.38,2800,2800,100,2200,12700,4900,4600,1100,500,3900,300,700,7200,11900,3500,3000,9100,3700,300,6700
250.0,19.27,163500,3155807.0,19.27,19.26,19.25,19.24,19.23,19.22,19.21,19.2,19.18,19.16,19.28,19.29,19.3,19.31,19.33,19.34,19.35,19.36,19.37,19.38,2600,2800,100,2200,12700,4900,4600,1100,500,3900,300,700,7200,11900,3500,3000,9100,3700,300,6700
251.0,19.27,164000,3165442.0,19.27,19.26,19.25,19.24,19.23,19.22,19.21,19.2,19.18,19.16,19.28,19.29,19.3,19.31,19.33,19.34,19.35,19.36,19.37,19.38,2100,2800,100,2200,12700,4900,4600,1100,500,3900,300,700,7200,11900,3500,3000,9100,3700,300,6700
252.0,19.27,164000,3165442.0,19.27,19.26,19.25,19.24,19.23,19.22,19.21,19.2,19.18,19.16,19.28,19.29,19.3,19.31,19.33,19.34,19.35,19.36,19.37,19.38,2100,2700,100,2200,12700,4900,4600,1100,500,3900,300,800,7200,11900,3500,3000,9100,3700,300,6700
253.0,19.27,166100,3205909.0,19.26,19.25,19.24,19.23,19.22,19.21,19.2,19.18,19.16,19.15,19.27,19.28,19.29,19.3,19.31,19.33,19.34,19.35,19.36,19.37,2600,100,2200,12700,4900,4600,1100,500,3900,2300,2100,300,800,7200,11900,3500,3000,9100,3700,300
254.0,19.27,166100,3205909.0,19.26,19.25,19.24,19.23,19.22,19.21,19.2,19.18,19.16,19.15,19.27,19.29,19.3,19.31,19.33,19.34,19.35,19.36,19.37,19.38,2600,100,2200,12700,4900,4600,1100,500,3900,2300,2100,800,7200,11900,3500,3000,9100,3700,300,6700
255.0,19.27,166100,3205909.0,19.26,19.25,19.24,19.23,19.22,19.21,19.2,19.18,19.16,19.15,19.27,19.29,19.3,19.31,19.33,19.34,19.35,19.36,19.37,19.38,2600,100,2200,12700,4900,4600,1100,500,3900,2300,2100,800,7200,11900,3500,3000,9100,3700,300,6700
256.0,19.27,166300,3209763.0,19.26,19.25,19.24,19.23,19.22,19.21,19.2,19.18,19.16,19.15,19.27,19.29,19.3,19.31,19.33,19.34,19.35,19.36,19.37,19.38,2600,100,2200,12700,4900,4600,1100,500,3900,2300,1900,800,7200,11900,3500,3000,9100,3700,300,6700
257.0,19.27,167200,3227104.0,19.26,19.24,19.23,19.22,19.21,19.2,19.18,19.16,19.15,19.14,19.27,19.29,19.3,19.31,19.33,19.34,19.35,19.36,19.37,19.38,2400,2200,12700,4900,4600,1100,500,3900,2300,2400,1200,800,7200,11900,3500,3000,9100,3700,300,6700
258.0,19.27,167200,3227104.0,19.26,19.24,19.23,19.22,19.21,19.2,19.18,19.16,19.15,19.14,19.27,19.29,19.3,19.31,19.33,19.34,19.35,19.36,19.37,19.38,2400,2200,12700,4900,4600,1100,500,3900,2300,2400,1200,800,7200,11900,3500,3000,9100,3700,300,6700
259.0,19.27,167400,3230958.0,19.26,19.24,19.23,19.22,19.21,19.2,19.18,19.16,19.15,19.14,19.27,19.29,19.3,19.31,19.33,19.34,19.35,19.36,19.37,19.38,2400,2200,12700,4900,4600,1100,500,3900,2300,2400,1000,300,7200,11900,3500,3000,9100,3700,300,6700
260.0,19.27,167400,3230958.0,19.26,19.24,19.23,19.22,19.21,19.2,19.18,19.16,19.15,19.14,19.27,19.29,19.3,19.31,19.33,19.34,19.35,19.36,19.37,19.38,2400,2200,12700,4900,4600,1100,500,3900,2300,2400,1200,300,7200,11900,3500,3000,9100,3700,300,6700
261.0,19.27,167400,3230958.0,19.26,19.24,19.23,19.22,19.21,19.2,19.18,19.16,19.15,19.14,19.27,19.29,19.3,19.31,19.33,19.34,19.35,19.36,19.37,19.38,2400,2200,12700,4900,4600,1100,500,3900,2300,2400,1200,300,7200,11900,3500,3000,9100,3700,300,6700
262.0,19.26,167800,3238662.0,19.26,19.24,19.23,19.22,19.21,19.2,19.18,19.16,19.15,19.14,19.27,19.29,19.3,19.31,19.33,19.34,19.35,19.36,19.37,19.38,2000,2200,12700,4900,4600,1100,500,3900,2300,2400,1200,300,7200,11900,3500,3000,9100,3700,300,6700
263.0,19.27,168000,3242516.0,19.26,19.24,19.23,19.22,19.21,19.2,19.18,19.16,19.15,19.14,19.27,19.29,19.3,19.31,19.33,19.34,19.35,19.36,19.37,19.38,2000,2200,12700,4900,4600,1100,500,3900,2300,2400,1000,600,7200,11900,3500,3000,9100,3700,300,6700
264.0,19.27,168000,3242516.0,19.26,19.24,19.23,19.22,19.21,19.2,19.18,19.16,19.15,19.14,19.27,19.29,19.3,19.31,19.33,19.34,19.35,19.36,19.37,19.38,2000,2200,12700,4900,4600,1100,500,3900,2300,2400,1000,600,7200,11900,3500,3000,9100,3700,300,6700
265.0,19.26,168200,3246368.0,19.26,19.24,19.23,19.22,19.21,19.2,19.18,19.16,19.15,19.14,19.27,19.29,19.3,19.31,19.33,19.34,19.35,19.36,19.37,19.38,1800,2200,12700,4900,4600,1100,500,3900,2300,2400,1000,600,7200,11900,3500,3000,9100,3700,300,6700
266.0,19.27,168400,3250222.0,19.26,19.24,19.23,19.22,19.21,19.2,19.18,19.16,19.15,19.14,19.27,19.29,19.3,19.31,19.33,19.34,19.35,19.36,19.37,19.38,1800,2200,12700,4900,4600,1100,500,3900,2300,2400,800,600,7200,11900,3500,3000,9100,3700,300,6700
267.0,19.27,168400,3250222.0,19.26,19.24,19.23,19.22,19.21,19.2,19.18,19.16,19.15,19.14,19.27,19.29,19.3,19.31,19.33,19.34,19.35,19.36,19.37,19.38,1800,2200,12700,4900,4600,1100,500,3900,2300,2400,800,600,6600,11900,3500,3000,9100,3700,300,6700
268.0,19.27,168400,3250222.0,19.26,19.24,19.23,19.22,19.21,19.2,19.18,19.16,19.15,19.14,19.27,19.29,19.3,19.31,19.33,19.34,19.35,19.36,19.37,19.38,1800,2200,12700,4900,4600,1100,500,3900,2300,2400,800,600,6600,11900,3500,3000,9100,3700,300,6700
269.0,19.27,168400,3250222.0,19.26,19.24,19.23,19.22,19.21,19.2,19.18,19.16,19.15,19.14,19.27,19.29,19.3,19.31,19.33,19.34,19.35,19.36,19.37,19.38,1800,2200,12700,4900,4600,1100,500,3900,2300,2400,800,600,7600,11900,3500,3000,9100,3700,300,6700
270.0,19.27,168400,3250222.0,19.26,19.24,19.23,19.22,19.21,19.2,19.18,19.16,19.15,19.14,19.27,19.29,19.3,19.31,19.33,19.34,19.35,19.36,19.37,19.38,1800,2200,12700,4900,4600,1100,500,3900,2300,2400,800,600,7600,11900,3500,3000,9100,3700,300,6700
271.0,19.27,168400,3250222.0,19.26,19.24,19.23,19.22,19.21,19.2,19.18,19.16,19.15,19.14,19.27,19.29,19.3,19.31,19.33,19.34,19.35,19.36,19.37,19.38,1800,2200,12700,4900,4600,1100,500,3900,2300,2400,800,600,7600,11900,3500,3000,9100,3700,300,6700
272.0,19.26,168500,3252148.0,19.26,19.24,19.23,19.22,19.21,19.2,19.18,19.16,19.15,19.14,19.27,19.29,19.3,19.31,19.33,19.34,19.35,19.36,19.37,19.38,1700,2200,12700,4900,4600,1100,500,3900,2300,2400,800,600,7600,11900,3500,3000,9100,3700,300,6700
273.0,19.26,168500,3252148.0,19.26,19.24,19.23,19.22,19.21,19.2,19.18,19.16,19.15,19.14,19.27,19.29,19.3,19.31,19.33,19.34,19.35,19.36,19.37,19.38,1700,2200,12700,4900,4600,1100,500,3900,2300,2400,800,600,7600,11900,3500,3000,9100,3700,300,6700
274.0,19.26,168800,3257926.0,19.26,19.24,19.23,19.22,19.21,19.2,19.18,19.16,19.15,19.14,19.27,19.29,19.3,19.31,19.33,19.34,19.35,19.36,19.37,19.38,1400,2200,12700,4900,4600,1100,500,3900,2300,2400,800,600,7600,11900,3500,3000,9100,3700,300,6700
275.0,19.26,169100,3263704.0,19.26,19.24,19.23,19.22,19.21,19.2,19.18,19.16,19.15,19.14,19.27,19.29,19.3,19.31,19.33,19.34,19.35,19.36,19.37,19.38,1100,2200,12700,4900,4600,1600,500,3900,2300,2400,800,600,7600,11900,3500,3000,9100,3700,300,6700
276.0,19.29,170500,3290694.0,19.29,19.28,19.26,19.24,19.23,19.22,19.21,19.2,19.18,19.16,19.3,19.31,19.33,19.34,19.35,19.36,19.37,19.38,19.39,19.4,900,1500,1100,2200,12700,4900,4600,1600,500,3900,8600,11900,3500,3000,9100,3700,300,6700,7000,20900
277.0,19.29,170500,3290694.0,19.29,19.28,19.26,19.24,19.23,19.22,19.21,19.2,19.18,19.16,19.3,19.31,19.33,19.34,19.35,19.36,19.37,19.38,19.39,19.4,900,1500,1100,2200,12700,4900,4600,1600,500,3900,8600,11900,3500,3000,9100,3700,300,6700,7000,20900
278.0,19.29,171900,3317705.0,19.28,19.26,19.24,19.23,19.22,19.21,19.2,19.18,19.16,19.15,19.29,19.3,19.31,19.33,19.34,19.35,19.36,19.37,19.38,19.39,1500,1100,2200,12700,4900,4600,1600,500,3900,2300,3500,8100,11900,3500,3000,9100,3700,300,6700,7000
279.0,19.28,173000,3338913.0,19.28,19.26,19.24,19.23,19.22,19.21,19.2,19.18,19.16,19.15,19.29,19.3,19.31,19.33,19.34,19.35,19.36,19.37,19.38,19.39,400,1100,2200,12700,4900,4600,1600,500,3900,2300,1400,8100,11900,3500,3000,9100,3700,300,6700,7000
280.0,19.29,173100,3340842.0,19.28,19.26,19.24,19.23,19.22,19.21,19.2,19.18,19.16,19.15,19.29,19.3,19.31,19.33,19.34,19.35,19.36,19.37,19.38,19.39,400,1100,2200,12700,4900,4600,1600,500,3900,2300,1300,8100,11900,3500,3000,9200,3700,300,6700,7000
281.0,19.29,173100,3340842.0,19.28,19.26,19.24,19.23,19.22,19.21,19.2,19.18,19.16,19.15,19.29,19.3,19.31,19.33,19.34,19.35,19.36,19.37,19.38,19.39,400,1100,2200,12700,4900,4600,1600,500,3900,2300,1300,8100,11900,3500,3000,9200,3700,300,6700,7000
282.0,19.29,173100,3340842.0,19.28,19.26,19.24,19.23,19.22,19.21,19.2,19.18,19.16,19.15,19.29,19.3,19.31,19.33,19.34,19.35,19.36,19.37,19.38,19.39,1400,1100,2200,12700,4900,4600,1600,500,3900,2300,1300,8100,11900,3500,3000,9200,3700,300,6700,7000
283.0,19.29,173200,3342771.0,19.28,19.26,19.24,19.23,19.22,19.21,19.2,19.18,19.16,19.15,19.29,19.3,19.31,19.33,19.34,19.35,19.36,19.37,19.38,19.39,1400,1100,2200,12700,4900,4600,1600,500,3900,2300,1200,8100,11900,3500,3000,9200,3700,300,6700,7000
284.0,19.29,173200,3342771.0,19.28,19.26,19.24,19.23,19.22,19.21,19.2,19.18,19.16,19.15,19.29,19.3,19.31,19.33,19.34,19.35,19.36,19.37,19.38,19.39,1400,1100,2200,12700,4900,4600,1600,500,3900,2300,1200,8100,11900,3500,3000,9200,3700,300,6700,7000
285.0,19.29,173200,3342771.0,19.28,19.26,19.24,19.23,19.22,19.21,19.2,19.18,19.16,19.15,19.29,19.3,19.31,19.33,19.34,19.35,19.36,19.37,19.38,19.39,1400,1100,2200,12700,4900,4600,1600,500,3900,2300,1200,8100,11900,3500,3000,9200,3700,300,6700,7000
286.0,19.28,173400,3346627.0,19.28,19.26,19.24,19.23,19.22,19.21,19.2,19.18,19.16,19.15,19.29,19.3,19.31,19.33,19.34,19.35,19.36,19.37,19.38,19.39,1200,1100,2200,12700,4900,4600,1600,500,3900,2300,1200,8100,11900,3500,3000,9200,3700,300,6700,7000
287.0,19.28,173600,3350484.0,19.28,19.26,19.24,19.23,19.22,19.21,19.2,19.18,19.16,19.15,19.29,19.3,19.31,19.33,19.34,19.35,19.36,19.37,19.38,19.39,1100,1100,2200,12700,4900,4600,1600,500,3900,2300,1100,8100,11900,3500,3000,9200,3700,300,6700,7000
288.0,19.28,173600,3350484.0,19.28,19.26,19.24,19.23,19.22,19.21,19.2,19.18,19.16,19.15,19.29,19.3,19.31,19.33,19.34,19.35,19.36,19.37,19.38,19.39,1100,1100,2200,12700,4900,4600,1600,500,3900,2300,1100,8100,11900,3500,3000,9200,3700,300,6700,7000
289.0,19.28,174700,3371692.0,19.26,19.24,19.23,19.22,19.21,19.2,19.18,19.16,19.15,19.14,19.28,19.3,19.31,19.33,19.34,19.35,19.36,19.37,19.38,19.39,1100,2200,12700,4900,4600,1600,500,3900,2300,2400,3900,8100,11900,3500,3000,9200,3700,300,6700,7000
290.0,19.28,175000,3377476.0,19.26,19.24,19.23,19.22,19.21,19.2,19.18,19.16,19.15,19.14,19.28,19.3,19.31,19.33,19.34,19.35,19.36,19.37,19.38,19.39,1100,2200,12700,4900,4600,1600,500,3900,2300,2400,4600,8100,11900,3500,3000,9200,3700,300,6700,7000
291.0,19.28,175000,3377476.0,19.26,19.24,19.23,19.22,19.21,19.2,19.18,19.16,19.15,19.14,19.28,19.3,19.31,19.33,19.34,19.35,19.36,19.37,19.38,19.39,1100,2200,12700,4900,4600,1600,500,3900,2300,2400,4600,8100,11900,3500,3000,9200,3700,300,6700,7000
292.0,19.28,175000,3377476.0,19.26,19.24,19.23,19.22,19.21,19.2,19.18,19.16,19.15,19.14,19.28,19.29,19.3,19.31,19.33,19.34,19.35,19.36,19.37,19.38,1100,2200,12700,4900,4600,1600,500,3900,2300,2400,4600,800,8100,11900,3500,3000,9200,3700,300,6700
293.0,19.28,175400,3385188.0,19.26,19.24,19.23,19.22,19.21,19.2,19.18,19.16,19.15,19.14,19.28,19.29,19.3,19.31,19.33,19.34,19.35,19.36,19.37,19.38,2300,2200,12700,4900,4600,1600,500,3900,2300,2400,4200,800,8100,11900,3500,3000,9200,3700,300,6700
294.0,19.28,175400,3385188.0,19.26,19.24,19.23,19.22,19.21,19.2,19.18,19.16,19.15,19.14,19.28,19.29,19.3,19.31,19.33,19.34,19.35,19.36,19.37,19.38,2300,2200,12700,4900,4600,1600,500,3900,2300,2400,4200,800,8100,11900,3500,3000,9200,3700,300,6700
295.0,19.26,175600,3389040.0,19.26,19.24,19.23,19.22,19.21,19.2,19.18,19.16,19.15,19.14,19.28,19.29,19.3,19.31,19.33,19.34,19.35,19.36,19.37,19.38,2100,2200,12700,4900,4600,1600,500,3900,2300,2400,4200,800,8100,11900,3500,3000,8500,3700,300,6700
296.0,19.28,175900,3394824.0,19.26,19.24,19.23,19.22,19.21,19.2,19.18,19.16,19.15,19.14,19.28,19.29,19.3,19.31,19.33,19.34,19.35,19.36,19.37,19.38,2100,2200,12700,4900,4600,1600,500,3900,2300,2400,3900,800,8100,11900,3500,3000,8500,3700,300,6700
297.0,19.28,176200,3400608.0,19.26,19.24,19.23,19.22,19.21,19.2,19.18,19.16,19.15,19.14,19.28,19.29,19.3,19.31,19.33,19.34,19.35,19.36,19.37,19.38,2100,2200,12700,4900,4600,1600,500,3900,2300,2400,3600,800,8100,11900,3500,3000,8500,3700,300,6700
298.0,19.26,176600,3408312.0,19.26,19.24,19.23,19.22,19.21,19.2,19.18,19.16,19.15,19.14,19.28,19.29,19.3,19.31,19.33,19.34,19.35,19.36,19.37,19.38,1700,2200,12700,4900,4600,1600,500,3900,2300,2400,3600,800,8100,11900,3500,3000,8500,3700,300,6700
299.0,19.28,177400,3423736.0,19.26,19.24,19.23,19.22,19.21,19.2,19.18,19.16,19.15,19.14,19.28,19.29,19.3,19.31,19.33,19.34,19.35,19.36,19.37,19.38,1700,2200,12700,4900,4600,1600,500,3900,2300,2400,2800,800,8100,11900,3500,3000,8500,3700,300,6700
300.0,19.28,177600,3427592.0,19.26,19.24,19.23,19.22,19.21,19.2,19.18,19.16,19.15,19.14,19.28,19.29,19.3,19.31,19.33,19.34,19.35,19.36,19.37,19.38,1700,2200,12700,4900,4600,1600,500,3900,2300,2400,2600,800,8100,11900,3500,3000,8500,3700,300,6700
301.0,19.28,177600,3427592.0,19.26,19.24,19.23,19.22,19.21,19.2,19.18,19.16,19.15,19.14,19.28,19.29,19.3,19.31,19.33,19.34,19.35,19.36,19.37,19.38,1700,2200,12700,4900,4600,1600,500,3900,2300,2400,2600,800,8100,11900,3500,3000,8500,3700,300,6700
302.0,19.29,181200,3497007.0,19.29,19.28,19.26,19.24,19.23,19.22,19.21,19.2,19.18,19.16,19.3,19.31,19.33,19.34,19.35,19.36,19.37,19.38,19.39,19.4,3400,2400,1600,2400,12700,4900,4600,1600,500,3900,8100,11900,3500,3000,8500,3700,300,6700,7000,21100
303.0,19.3,181700,3506657.0,19.29,19.28,19.26,19.24,19.23,19.22,19.21,19.2,19.18,19.16,19.3,19.31,19.33,19.34,19.35,19.36,19.37,19.38,19.39,19.4,3400,2400,1600,2400,12700,4900,4600,1600,500,3900,7600,11900,3500,3000,8500,3700,300,6700,7000,21100
304.0,19.3,181700,3506657.0,19.29,19.28,19.26,19.24,19.23,19.22,19.21,19.2,19.18,19.16,19.3,19.31,19.33,19.34,19.35,19.36,19.37,19.38,19.39,19.4,3400,2400,1600,2400,12700,4900,2600,1600,500,3800,7600,11900,3500,3000,8500,3700,300,6700,7000,21100
305.0,19.3,182700,3525957.0,19.29,19.28,19.26,19.24,19.23,19.22,19.21,19.2,19.18,19.16,19.3,19.31,19.33,19.34,19.35,19.36,19.37,19.38,19.39,19.4,3400,1800,1600,2400,13000,4900,2600,1600,500,3800,6600,11900,3500,3000,8500,3700,300,6700,7000,21100
306.0,19.31,198600,3832910.0,19.3,19.29,19.28,19.26,19.24,19.23,19.22,19.21,19.2,19.18,19.31,19.33,19.34,19.35,19.36,19.37,19.38,19.39,19.4,19.41,400,2900,1700,1600,2400,13000,4900,2600,1600,500,3100,3500,3000,8700,3700,300,6700,7000,21100,8200
307.0,19.31,199100,3842565.0,19.3,19.29,19.28,19.26,19.24,19.23,19.22,19.21,19.2,19.18,19.31,19.33,19.34,19.35,19.36,19.37,19.38,19.39,19.4,19.41,400,4000,1700,1600,2400,13000,4900,2600,1600,500,2600,3500,3000,8700,3700,300,6700,7000,21100,8200
308.0,19.31,199700,3854151.0,19.3,19.29,19.28,19.26,19.24,19.23,19.22,19.21,19.2,19.18,19.31,19.33,19.34,19.35,19.36,19.37,19.38,19.39,19.4,19.41,400,4000,1600,1600,2400,13000,4900,2600,1600,500,2000,3500,3000,8700,3700,300,6700,7000,21100,8200
309.0,19.31,200300,3865737.0,19.3,19.29,19.28,19.26,19.24,19.23,19.22,19.21,19.2,19.18,19.31,19.33,19.34,19.35,19.36,19.37,19.38,19.39,19.4,19.41,400,4000,1600,1600,2400,13000,4900,2600,1600,500,1400,4300,3000,8700,3700,300,6700,7000,21200,8200
310.0,19.31,200500,3869599.0,19.3,19.29,19.28,19.26,19.24,19.23,19.22,19.21,19.2,19.18,19.31,19.33,19.34,19.35,19.36,19.37,19.38,19.39,19.4,19.41,400,4000,1600,1600,2400,13000,4900,2600,1600,500,1200,4300,3000,8700,3700,300,6700,7000,21200,8200
311.0,19.31,200600,3871530.0,19.3,19.29,19.28,19.26,19.24,19.23,19.22,19.21,19.2,19.18,19.31,19.33,19.34,19.35,19.36,19.37,19.38,19.39,19.4,19.41,500,4000,1600,1600,2400,13000,4900,2600,1600,500,1100,4300,3000,8700,3700,300,6700,7000,21200,8200
312.0,19.31,200900,3877323.0,19.3,19.29,19.28,19.26,19.24,19.23,19.22,19.21,19.2,19.18,19.31,19.33,19.34,19.35,19.36,19.37,19.38,19.39,19.4,19.41,500,4000,1600,1600,2400,13000,4900,2600,1600,500,800,4300,3000,8700,3700,300,6700,7000,21200,8200
313.0,19.31,200900,3877323.0,19.3,19.29,19.28,19.26,19.24,19.23,19.22,19.21,19.2,19.18,19.31,19.33,19.34,19.35,19.36,19.37,19.38,19.39,19.4,19.41,500,4000,1600,1600,2400,13000,4900,2600,1600,500,800,4300,3000,8700,3700,300,6700,7000,21200,8200
314.0,19.31,200900,3877323.0,19.3,19.29,19.28,19.26,19.24,19.23,19.22,19.21,19.2,19.18,19.31,19.33,19.34,19.35,19.36,19.37,19.38,19.39,19.4,19.41,500,4000,1600,1600,2400,13000,4900,2600,1600,500,800,4300,3000,8700,3700,300,6700,7000,21200,8200
315.0,19.31,200900,3877323.0,19.3,19.29,19.28,19.26,19.24,19.23,19.22,19.21,19.2,19.18,19.31,19.33,19.34,19.35,19.36,19.37,19.38,19.39,19.4,19.41,500,4000,1600,1600,2400,13000,4900,2600,1600,500,800,4300,3000,8700,3700,300,6700,7000,21200,8200
316.0,19.33,201900,3896637.0,19.3,19.29,19.28,19.26,19.24,19.23,19.22,19.21,19.2,19.18,19.33,19.34,19.35,19.36,19.37,19.38,19.39,19.4,19.41,19.42,500,4000,1600,1600,2400,13000,4900,2600,1600,500,4100,3000,8700,3700,300,6700,7000,21200,8200,2900
317.0,19.33,202000,3898570.0,19.3,19.29,19.28,19.26,19.24,19.23,19.22,19.21,19.2,19.18,19.33,19.34,19.35,19.36,19.37,19.38,19.39,19.4,19.41,19.42,600,4000,1600,1600,2400,13000,4900,2600,1600,500,4100,3000,8700,3700,300,6700,7000,21200,8200,2900
318.0,19.33,202000,3898570.0,19.3,19.29,19.28,19.26,19.24,19.23,19.22,19.21,19.2,19.18,19.33,19.34,19.35,19.36,19.37,19.38,19.39,19.4,19.41,19.42,600,4000,1600,1600,2400,13000,4900,2600,1600,500,4100,3000,8700,3700,300,6700,7000,21200,8200,2900
319.0,19.33,202500,3908235.0,19.31,19.3,19.29,19.28,19.26,19.24,19.23,19.22,19.21,19.2,19.33,19.34,19.35,19.36,19.37,19.38,19.39,19.4,19.41,19.42,1000,700,4000,1600,1600,2400,13000,4900,2600,1600,3700,3000,8700,3700,300,6700,7000,21200,8200,2900
320.0,19.33,202700,3912101.0,19.31,19.3,19.29,19.28,19.26,19.24,19.23,19.22,19.21,19.2,19.33,19.34,19.35,19.36,19.37,19.38,19.39,19.4,19.41,19.42,1800,700,4000,1600,1600,2400,13000,4900,2600,1600,3500,3000,8700,3700,300,6700,7000,21200,8200,2900
321.0,19.33,203400,3925632.0,19.31,19.3,19.29,19.28,19.26,19.24,19.23,19.22,19.21,19.2,19.33,19.34,19.35,19.36,19.37,19.38,19.39,19.4,19.41,19.42,1800,700,4000,1600,1600,2400,13000,4900,2600,1600,2900,3000,8700,3700,300,6700,7000,21200,8200,2900
322.0,19.33,203600,3929498.0,19.31,19.3,19.29,19.28,19.26,19.24,19.23,19.22,19.21,19.2,19.33,19.34,19.35,19.36,19.37,19.38,19.39,19.4,19.41,19.42,1800,700,4000,1600,1600,2400,13000,4900,2600,1600,2700,3000,8700,3700,300,6700,7000,21200,8200,2900
323.0,19.33,203600,3929498.0,19.31,19.3,19.29,19.28,19.26,19.24,19.23,19.22,19.21,19.2,19.33,19.34,19.35,19.36,19.37,19.38,19.39,19.4,19.41,19.42,1800,700,4000,1600,1600,2400,13000,4900,2600,1600,2700,3000,8700,3700,300,6700,7000,21200,8200,2900
324.0,19.31,203700,3931429.0,19.32,19.31,19.3,19.29,19.28,19.26,19.24,19.23,19.22,19.21,19.33,19.34,19.35,19.36,19.37,19.38,19.39,19.4,19.41,19.42,100,1700,700,4000,1600,1600,2400,13400,4900,2600,2700,3000,8700,3700,300,6700,7000,21200,8200,2900
325.0,19.31,203700,3931429.0,19.32,19.31,19.3,19.29,19.28,19.26,19.24,19.23,19.22,19.21,19.33,19.34,19.35,19.36,19.37,19.38,19.39,19.4,19.41,19.42,100,1700,700,4000,1600,1600,2400,13400,4900,2600,2700,3000,8700,3700,300,6700,7000,21200,8200,2900
326.0,19.33,204300,3943024.0,19.31,19.3,19.29,19.28,19.26,19.24,19.23,19.22,19.21,19.2,19.33,19.34,19.35,19.36,19.37,19.38,19.39,19.4,19.41,19.42,1700,700,4000,1600,1600,2400,13400,4900,2600,1600,3100,3000,8700,3700,300,6700,7000,21200,8200,2900
327.0,19.33,204300,3943024.0,19.31,19.3,19.29,19.28,19.26,19.24,19.23,19.22,19.21,19.2,19.33,19.34,19.35,19.36,19.37,19.38,19.39,19.4,19.41,19.42,1700,700,4000,1600,1600,2400,13400,4900,2600,1600,8100,3000,8700,3700,300,6700,7000,21200,8200,2900
328.0,19.33,204300,3943024.0,19.31,19.3,19.29,19.28,19.26,19.24,19.23,19.22,19.21,19.2,19.33,19.34,19.35,19.36,19.37,19.38,19.39,19.4,19.41,19.42,1700,700,4000,1600,1600,2400,13400,4900,2600,1600,8100,3000,8700,3700,300,6700,7500,21200,8200,2900
329.0,19.31,204400,3944955.0,19.31,19.3,19.29,19.28,19.26,19.24,19.23,19.22,19.21,19.2,19.33,19.34,19.35,19.36,19.37,19.38,19.39,19.4,19.41,19.42,1600,700,4000,1600,400,2400,13400,4900,2600,1600,8100,3000,8700,3700,300,6700,7500,21200,8200,2900
330.0,19.31,204400,3944955.0,19.31,19.3,19.29,19.28,19.26,19.24,19.23,19.22,19.21,19.2,19.33,19.34,19.35,19.36,19.37,19.38,19.39,19.4,19.41,19.42,1600,700,4000,1600,400,2400,13400,4900,2600,1600,8100,3000,8700,3700,300,6700,7500,21200,8200,2900
331.0,19.31,204500,3946886.0,19.31,19.3,19.29,19.28,19.26,19.24,19.23,19.22,19.21,19.2,19.33,19.34,19.35,19.36,19.37,19.38,19.39,19.4,19.41,19.42,1500,700,4000,1600,400,2400,13400,4900,2600,1600,8100,3000,8700,3700,300,6700,7500,21200,8200,2900
332.0,19.33,205600,3968147.0,19.31,19.3,19.29,19.28,19.26,19.24,19.23,19.22,19.21,19.2,19.33,19.34,19.35,19.36,19.37,19.38,19.39,19.4,19.41,19.42,1400,700,4000,1600,400,2400,13400,4900,2600,1600,7100,3000,8700,3700,300,6700,7500,21200,8200,2900
333.0,19.31,207100,3997114.0,19.3,19.29,19.28,19.26,19.24,19.23,19.22,19.21,19.2,19.18,19.31,19.33,19.34,19.35,19.36,19.37,19.38,19.39,19.4,19.41,700,4000,1600,400,2400,13400,4900,2600,1600,500,100,7000,3000,8700,3700,300,6700,7500,21200,8200
334.0,19.31,207200,3999045.0,19.31,19.3,19.29,19.28,19.26,19.24,19.23,19.22,19.21,19.2,19.33,19.34,19.35,19.36,19.37,19.38,19.39,19.4,19.41,19.42,1100,700,4000,1600,400,2400,13400,4900,2600,1600,7000,3000,8700,3700,300,6700,7500,21200,8200,2900
335.0,19.31,207300,4000976.0,19.31,19.3,19.29,19.28,19.26,19.24,19.23,19.22,19.21,19.2,19.33,19.34,19.35,19.36,19.37,19.38,19.39,19.4,19.41,19.42,1000,700,4000,1600,400,2400,13400,4900,2600,1600,7100,3000,8700,3700,300,6700,7500,21000,8200,2900
336.0,19.31,207300,4000976.0,19.31,19.3,19.29,19.28,19.26,19.24,19.23,19.22,19.21,19.2,19.33,19.34,19.35,19.36,19.37,19.38,19.39,19.4,19.41,19.42,1000,700,4000,1600,400,2400,13400,4900,2600,1600,7100,3000,8700,3700,300,6700,7500,21000,8200,2900
337.0,19.31,207300,4000976.0,19.31,19.3,19.29,19.28,19.26,19.24,19.23,19.22,19.21,19.2,19.33,19.34,19.35,19.36,19.37,19.38,19.39,19.4,19.41,19.42,1000,700,4000,1600,400,2400,13400,4900,2600,1600,7100,3000,8700,3700,300,6700,7500,21000,8200,2900
338.0,19.31,207400,4002907.0,19.31,19.3,19.29,19.28,19.26,19.24,19.23,19.22,19.21,19.2,19.33,19.34,19.35,19.36,19.37,19.38,19.39,19.4,19.41,19.42,900,700,4000,1600,400,2400,13400,4900,2600,1600,7100,3000,8700,3700,300,6700,7500,21000,8200,2900
339.0,19.3,208600,4026076.0,19.3,19.29,19.28,19.26,19.24,19.23,19.22,19.21,19.2,19.18,19.31,19.32,19.33,19.34,19.35,19.36,19.37,19.38,19.39,19.4,100,4000,1600,400,2400,13400,4900,2600,1600,500,1000,1700,7100,3000,9800,3700,300,6700,7500,21000
340.0,19.31,209000,4033800.0,19.3,19.29,19.28,19.26,19.24,19.23,19.22,19.21,19.2,19.18,19.31,19.32,19.33,19.34,19.35,19.36,19.37,19.38,19.39,19.4,100,4000,1600,400,2400,13400,4900,2600,1600,500,600,1700,7100,3000,9800,3700,300,6700,7500,21000
341.0,19.3,209100,4035730.0,19.29,19.28,19.26,19.24,19.23,19.22,19.21,19.2,19.18,19.16,19.31,19.32,19.33,19.34,19.35,19.36,19.37,19.38,19.39,19.4,4000,1600,400,2400,13400,4900,2600,1600,500,3800,700,1700,7100,3000,9800,3700,300,6700,7500,21000
342.0,19.29,209500,4043446.0,19.29,19.28,19.26,19.24,19.23,19.22,19.21,19.2,19.18,19.16,19.31,19.32,19.33,19.34,19.35,19.36,19.37,19.38,19.39,19.4,3600,1600,400,2400,13400,4900,2600,1600,500,3800,1300,1700,7100,3000,9800,3700,300,6700,7500,21000
343.0,19.29,209500,4043446.0,19.29,19.28,19.26,19.24,19.23,19.22,19.21,19.2,19.18,19.16,19.31,19.32,19.33,19.34,19.35,19.36,19.37,19.38,19.39,19.4,3600,1600,400,2400,13400,4900,2600,1600,500,3800,1000,1700,7100,3000,9800,3700,300,6700,7500,21000
344.0,19.31,209700,4047308.0,19.3,19.29,19.28,19.26,19.24,19.23,19.22,19.21,19.2,19.18,19.31,19.32,19.33,19.34,19.35,19.36,19.37,19.38,19.39,19.4,1000,3600,1600,400,2400,13400,4900,2600,1600,500,700,1700,7100,3000,9800,3700,300,6700,7500,21000
345.0,19.3,209800,4049238.0,19.3,19.29,19.28,19.26,19.24,19.23,19.22,19.21,19.2,19.18,19.31,19.32,19.33,19.34,19.35,19.36,19.37,19.38,19.39,19.4,900,3600,1600,400,2400,13400,4900,2600,1600,500,900,1700,7100,3000,9800,3700,300,6700,7500,21000
346.0,19.3,209800,4049238.0,19.3,19.29,19.28,19.26,19.24,19.23,19.22,19.21,19.2,19.18,19.31,19.32,19.33,19.34,19.35,19.36,19.37,19.38,19.39,19.4,900,3600,1600,400,2400,13400,4900,2600,1600,500,900,1700,7100,3000,9800,6000,300,6700,7500,21000
347.0,19.3,210500,4062748.0,19.3,19.29,19.28,19.26,19.24,19.23,19.22,19.21,19.2,19.18,19.31,19.32,19.33,19.34,19.35,19.36,19.37,19.38,19.39,19.4,200,3600,1600,400,2400,13400,4900,2600,1600,500,900,1700,7100,3000,9800,6000,300,6700,7500,21000
348.0,19.3,210700,4066608.0,19.29,19.28,19.26,19.24,19.23,19.22,19.21,19.2,19.18,19.16,19.31,19.32,19.33,19.34,19.35,19.36,19.37,19.38,19.39,19.4,3600,1600,400,2400,13400,4900,2600,1600,500,3800,900,1700,7100,3000,9800,6000,300,6700,7500,21000
349.0,19.3,210700,4066608.0,19.29,19.28,19.26,19.24,19.23,19.22,19.21,19.2,19.18,19.16,19.31,19.32,19.33,19.34,19.35,19.36,19.37,19.38,19.39,19.4,3600,1600,400,2400,13400,4900,2600,1600,500,3800,900,1700,7100,3000,9800,6000,300,6700,7500,21000
350.0,19.3,210700,4066608.0,19.29,19.28,19.26,19.24,19.23,19.22,19.21,19.2,19.18,19.16,19.31,19.32,19.33,19.34,19.35,19.36,19.37,19.38,19.39,19.4,3600,1700,400,2400,13400,4900,2600,1800,500,3800,900,1700,7100,3000,9800,6000,300,6700,7500,20900
351.0,19.3,210700,4066608.0,19.29,19.28,19.26,19.24,19.23,19.22,19.21,19.2,19.18,19.16,19.31,19.32,19.33,19.34,19.35,19.36,19.37,19.38,19.39,19.4,3600,1700,400,2400,13400,4900,2600,1800,500,3800,900,1700,7100,3000,9800,6000,300,6700,7500,20900
352.0,19.29,211500,4082040.0,19.29,19.28,19.26,19.24,19.23,19.22,19.21,19.2,19.18,19.16,19.3,19.31,19.32,19.33,19.34,19.35,19.36,19.37,19.38,19.39,2800,1700,400,2400,13400,4900,2600,1800,500,3800,100,700,1700,7100,3000,9800,6000,300,6700,7500
353.0,19.29,213000,4110975.0,19.29,19.28,19.26,19.24,19.23,19.22,19.21,19.2,19.18,19.16,19.3,19.31,19.32,19.33,19.34,19.35,19.36,19.37,19.38,19.39,1300,1700,400,2400,13400,4900,2600,1800,500,3800,400,700,1700,7100,3000,9800,6000,300,6700,7500
354.0,19.29,213600,4122549.0,19.29,19.28,19.26,19.24,19.23,19.22,19.21,19.2,19.18,19.16,19.3,19.31,19.32,19.33,19.34,19.35,19.36,19.37,19.38,19.39,700,1700,400,2400,13400,4900,2600,1800,500,3800,1700,700,1700,7100,3000,9800,6000,300,6700,7500
355.0,19.29,214300,4136052.0,19.28,19.26,19.24,19.23,19.22,19.21,19.2,19.18,19.16,19.15,19.29,19.3,19.31,19.32,19.33,19.34,19.35,19.36,19.37,19.38,1700,400,2400,13400,4900,2600,1800,500,3800,2300,100,1700,700,1700,7100,3000,9800,6000,300,6700
356.0,19.3,215200,4153421.0,19.28,19.26,19.24,19.23,19.22,19.21,19.2,19.18,19.16,19.15,19.3,19.31,19.32,19.33,19.34,19.35,19.36,19.37,19.38,19.39,1700,400,2400,13400,4900,2600,1800,500,3800,2300,1000,700,1700,7100,3000,9800,6000,300,6700,7500
357.0,19.3,215200,4153421.0,19.28,19.26,19.24,19.23,19.22,19.21,19.2,19.18,19.16,19.15,19.3,19.31,19.32,19.33,19.34,19.35,19.36,19.37,19.38,19.39,1700,400,2400,13400,4900,2600,1800,500,3800,2300,900,700,1700,7100,3000,9800,6000,300,6700,7500
358.0,19.28,215300,4155349.0,19.28,19.26,19.24,19.23,19.22,19.21,19.2,19.18,19.16,19.15,19.3,19.31,19.32,19.33,19.34,19.35,19.36,19.37,19.38,19.39,1600,400,2400,13400,4900,2600,1800,500,3800,2300,900,700,1700,7100,3000,9800,6000,300,6700,7500
359.0,19.28,215300,4155349.0,19.28,19.26,19.24,19.23,19.22,19.21,19.2,19.18,19.16,19.15,19.29,19.3,19.31,19.32,19.33,19.34,19.35,19.36,19.37,19.38,1600,400,2400,13400,4900,2600,1800,500,3800,2300,600,900,700,1700,7100,3000,9800,6000,300,6700
360.0,19.29,216300,4174639.0,19.28,19.26,19.24,19.23,19.22,19.21,19.2,19.18,19.16,19.15,19.29,19.3,19.31,19.32,19.33,19.34,19.35,19.36,19.37,19.38,1600,400,2400,13400,4900,2600,1800,500,3800,2300,100,900,700,1700,7100,3000,9800,6000,300,6700
361.0,19.3,217500,4197796.0,19.3,19.28,19.26,19.24,19.23,19.22,19.21,19.2,19.18,19.16,19.31,19.32,19.33,19.34,19.35,19.36,19.37,19.38,19.39,19.4,3600,1500,400,2400,13400,4900,2600,1800,500,3800,700,1700,7100,3000,9800,6000,300,6700,7500,20900
362.0,19.3,217500,4197796.0,19.3,19.28,19.26,19.24,19.23,19.22,19.21,19.2,19.18,19.16,19.31,19.32,19.33,19.34,19.35,19.36,19.37,19.38,19.39,19.4,3600,1500,400,2400,13400,4900,2600,1800,500,3800,700,1700,7100,3000,9800,6000,300,6700,7500,20900
363.0,19.3,218500,4217096.0,19.3,19.28,19.26,19.24,19.23,19.22,19.21,19.2,19.18,19.16,19.31,19.32,19.33,19.34,19.35,19.36,19.37,19.38,19.39,19.4,2600,1500,400,2400,13400,4900,2600,1800,500,3800,700,1700,7100,3000,9800,6000,300,6700,7500,20900
364.0,19.3,218500,4217096.0,19.3,19.28,19.26,19.24,19.23,19.22,19.21,19.2,19.18,19.16,19.31,19.32,19.33,19.34,19.35,19.36,19.37,19.38,19.39,19.4,2600,1500,400,2400,13400,4900,2600,1800,500,3800,2100,1700,7100,3000,9800,6000,300,6700,7500,20900
365.0,19.3,221100,4267276.0,19.28,19.26,19.24,19.23,19.22,19.21,19.2,19.18,19.16,19.15,19.3,19.31,19.32,19.33,19.34,19.35,19.36,19.37,19.38,19.39,1500,400,2400,13400,4900,2600,1800,500,3800,2300,2500,2100,1700,7100,3000,9800,6000,300,6700,7500
366.0,19.29,221800,4280784.0,19.29,19.28,19.26,19.24,19.23,19.22,19.21,19.2,19.18,19.16,19.3,19.31,19.32,19.33,19.34,19.35,19.36,19.37,19.38,19.39,300,1500,400,2400,13400,4900,2600,1800,500,3800,200,2100,1700,7100,3000,9800,6000,300,6700,7500
367.0,19.31,229600,4431400.0,19.3,19.29,19.28,19.26,19.24,19.23,19.22,19.21,19.2,19.18,19.32,19.33,19.34,19.35,19.36,19.37,19.38,19.39,19.4,19.41,800,300,1500,400,2400,13400,4900,2600,1800,500,1700,7100,3000,9800,6000,300,6700,7500,20900,8200
368.0,19.3,230400,4446846.0,19.3,19.29,19.28,19.26,19.24,19.23,19.22,19.21,19.2,19.18,19.32,19.33,19.34,19.35,19.36,19.37,19.38,19.39,19.4,19.41,300,300,1400,400,2400,13400,4900,2600,1800,500,1400,7100,3000,9800,6000,300,6700,7500,20900,8200
369.0,19.3,230400,4446846.0,19.3,19.29,19.28,19.26,19.24,19.23,19.22,19.21,19.2,19.18,19.32,19.33,19.34,19.35,19.36,19.37,19.38,19.39,19.4,19.41,300,300,1400,400,2400,13400,4900,2600,1800,500,1400,7100,3000,9800,6000,300,6700,7500,20900,8200
370.0,19.3,230500,4448776.0,19.3,19.29,19.28,19.26,19.24,19.23,19.22,19.21,19.2,19.18,19.32,19.33,19.34,19.35,19.36,19.37,19.38,19.39,19.4,19.41,200,300,1400,400,2400,13400,4900,2600,1800,500,1900,7100,3000,9800,6000,300,6700,7500,20900,8200
371.0,19.3,230500,4448776.0,19.3,19.29,19.28,19.26,19.24,19.23,19.22,19.21,19.2,19.18,19.32,19.33,19.34,19.35,19.36,19.37,19.38,19.39,19.4,19.41,200,300,1400,400,2400,13400,4900,2600,1800,500,1900,7100,3000,9800,6000,300,6700,7500,20900,8200
372.0,19.3,230500,4448776.0,19.3,19.29,19.28,19.26,19.24,19.23,19.22,19.21,19.2,19.18,19.32,19.33,19.34,19.35,19.36,19.37,19.38,19.39,19.4,19.41,200,300,1400,400,2400,13400,4900,2600,1800,500,1900,7100,3000,9800,6000,300,6700,7500,20900,8200
373.0,19.3,230500,4448776.0,19.3,19.29,19.28,19.26,19.24,19.23,19.22,19.21,19.2,19.18,19.32,19.33,19.34,19.35,19.36,19.37,19.38,19.39,19.4,19.41,200,300,1400,400,2400,13400,4900,2600,1800,500,1900,7100,3000,9800,6000,300,6700,7500,20900,8200
374.0,19.3,230700,4452638.0,19.3,19.29,19.28,19.26,19.24,19.23,19.22,19.21,19.2,19.18,19.31,19.32,19.33,19.34,19.35,19.36,19.37,19.38,19.39,19.4,100,300,1400,400,2400,13400,4900,2600,1800,500,100,1800,7100,3000,9800,6000,300,6700,7500,20900
375.0,19.3,230800,4454568.0,19.29,19.28,19.26,19.24,19.23,19.22,19.21,19.2,19.18,19.16,19.3,19.31,19.32,19.33,19.34,19.35,19.36,19.37,19.38,19.39,300,1400,400,2400,13400,4900,2600,1800,500,3800,100,100,5100,7100,3000,9800,6000,300,6700,7500
376.0,19.3,230800,4454568.0,19.29,19.28,19.26,19.24,19.23,19.22,19.21,19.2,19.18,19.16,19.3,19.31,19.32,19.33,19.34,19.35,19.36,19.37,19.38,19.39,300,1400,400,2400,13400,4900,2600,1800,500,3800,100,100,11800,7100,3000,9800,6000,300,6700,7500
377.0,19.29,231100,4460355.0,19.28,19.26,19.24,19.23,19.22,19.21,19.2,19.18,19.16,19.15,19.29,19.3,19.31,19.32,19.33,19.34,19.35,19.36,19.37,19.38,1400,400,2400,13400,4900,2600,1800,500,3800,2300,100,100,100,11800,7100,3000,9800,6000,300,6700
378.0,19.29,231100,4460355.0,19.28,19.26,19.24,19.23,19.22,19.21,19.2,19.18,19.16,19.15,19.29,19.31,19.32,19.33,19.34,19.35,19.36,19.37,19.38,19.39,1400,400,2400,13400,4900,2600,1800,500,3800,2300,1900,100,11800,7100,3000,9800,6000,300,6700,7500
379.0,19.29,232500,4487361.0,19.28,19.26,19.24,19.23,19.22,19.21,19.2,19.18,19.16,19.15,19.29,19.31,19.32,19.33,19.34,19.35,19.36,19.37,19.38,19.39,1400,400,2400,13400,4900,2600,1800,500,3800,2300,500,100,11800,7100,3000,9800,6000,300,6700,7500
380.0,19.29,232500,4487361.0,19.28,19.26,19.24,19.23,19.22,19.21,19.2,19.18,19.16,19.15,19.29,19.31,19.32,19.33,19.34,19.35,19.36,19.37,19.38,19.39,1400,400,2400,13400,4900,2600,1800,500,3800,2300,800,100,11800,7100,3000,9800,6000,300,6700,7500
381.0,19.28,232700,4491217.0,19.28,19.26,19.24,19.23,19.22,19.21,19.2,19.18,19.16,19.15,19.29,19.31,19.32,19.33,19.34,19.35,19.36,19.37,19.38,19.39,1200,400,2400,13400,4900,2600,1800,500,3800,2300,800,100,11800,7100,3000,9800,6000,300,6700,7500
382.0,19.28,232700,4491217.0,19.28,19.26,19.24,19.23,19.22,19.21,19.2,19.18,19.16,19.15,19.29,19.31,19.32,19.33,19.34,19.35,19.36,19.37,19.38,19.39,1200,400,2400,13400,4900,2600,1800,500,3800,2300,800,100,11800,7100,3000,9800,6000,300,6700,7500
383.0,19.28,232700,4491217.0,19.28,19.26,19.25,19.24,19.23,19.22,19.21,19.2,19.18,19.16,19.29,19.31,19.32,19.33,19.34,19.35,19.36,19.37,19.38,19.39,1200,400,300,2400,13400,4900,2600,1800,500,3800,800,100,11800,7100,3000,9800,6000,300,6700,7500
384.0,19.28,232800,4493145.0,19.28,19.26,19.25,19.24,19.23,19.22,19.21,19.2,19.18,19.16,19.29,19.31,19.32,19.33,19.34,19.35,19.36,19.37,19.38,19.39,1100,400,300,2400,13400,4900,2600,1800,500,3800,800,100,11800,7100,3000,9800,6000,300,6700,7500
385.0,19.28,232800,4493145.0,19.28,19.26,19.25,19.24,19.23,19.22,19.21,19.2,19.18,19.16,19.29,19.31,19.32,19.33,19.34,19.35,19.36,19.37,19.38,19.39,1100,400,300,2400,13400,4900,2600,1800,500,3800,900,100,11800,7100,3000,9800,6000,300,6700,7500
386.0,19.28,232800,4493145.0,19.28,19.26,19.25,19.24,19.23,19.22,19.21,19.2,19.18,19.16,19.29,19.31,19.32,19.33,19.34,19.35,19.36,19.37,19.38,19.39,1100,400,300,2400,13400,4900,2600,1800,500,3800,900,100,11800,7100,3000,9800,6000,1300,6700,7500
387.0,19.28,232800,4493145.0,19.28,19.26,19.25,19.24,19.23,19.22,19.21,19.2,19.18,19.16,19.29,19.31,19.32,19.33,19.34,19.35,19.36,19.37,19.38,19.39,1100,400,300,2400,13400,4900,2600,1800,500,3800,900,100,11800,7100,3000,9800,6000,1300,6700,7500
388.0,19.28,232800,4493145.0,19.28,19.26,19.25,19.24,19.23,19.22,19.21,19.2,19.18,19.16,19.29,19.31,19.32,19.33,19.34,19.35,19.36,19.37,19.38,19.39,1100,400,300,2400,13400,4900,2600,1800,500,3800,900,100,11800,7100,3000,9800,6000,1300,6700,7500
389.0,19.28,232900,4495073.0,19.28,19.26,19.25,19.24,19.23,19.22,19.21,19.2,19.18,19.16,19.29,19.3,19.32,19.33,19.34,19.35,19.36,19.37,19.38,19.39,1000,400,300,2400,13400,4900,2600,1800,500,3800,900,29000,11800,7100,3000,9800,6000,1300,6700,7500
390.0,19.28,232900,4495073.0,19.28,19.26,19.25,19.24,19.23,19.22,19.21,19.2,19.18,19.16,19.29,19.3,19.32,19.33,19.34,19.35,19.36,19.37,19.38,19.39,1000,400,300,2400,13400,4900,2600,1800,500,3800,900,29000,11800,7100,3000,9800,6000,1300,6700,7500
391.0,19.28,233000,4497001.0,19.28,19.26,19.25,19.24,19.23,19.22,19.21,19.2,19.18,19.16,19.29,19.3,19.32,19.33,19.34,19.35,19.36,19.37,19.38,19.39,900,400,300,2400,13400,4900,2600,1800,500,3800,900,29000,11800,7100,3000,9800,6000,1300,6700,7500
392.0,19.28,233000,4497001.0,19.28,19.26,19.25,19.24,19.23,19.22,19.21,19.2,19.18,19.16,19.29,19.3,19.32,19.33,19.34,19.35,19.36,19.37,19.38,19.39,900,400,300,2400,13400,4900,2600,1800,500,3800,900,29000,11800,7100,3000,9800,6000,1300,6700,7500
393.0,19.28,233000,4497001.0,19.28,19.26,19.25,19.24,19.23,19.22,19.21,19.2,19.18,19.16,19.29,19.3,19.32,19.33,19.34,19.35,19.36,19.37,19.38,19.39,900,400,300,2400,13400,4900,2600,1800,500,3800,900,29000,11800,7100,3000,9800,6000,1300,6700,7500
394.0,19.28,233000,4497001.0,19.28,19.26,19.25,19.24,19.23,19.22,19.21,19.2,19.18,19.16,19.29,19.3,19.32,19.33,19.34,19.35,19.36,19.37,19.38,19.39,900,400,300,2400,13400,4900,2600,1800,500,3800,900,29000,11800,7100,3000,9800,6000,1300,6700,7500
395.0,19.28,233000,4497001.0,19.28,19.26,19.25,19.24,19.23,19.22,19.21,19.2,19.18,19.16,19.29,19.3,19.32,19.33,19.34,19.35,19.36,19.37,19.38,19.39,900,400,300,2400,13400,4900,2600,3800,500,3800,1900,29000,11800,7100,3000,9800,6000,1300,6700,7500
396.0,19.28,233000,4497001.0,19.28,19.26,19.25,19.24,19.23,19.22,19.21,19.2,19.18,19.16,19.29,19.3,19.32,19.33,19.34,19.35,19.36,19.37,19.38,19.39,900,400,300,2400,13400,4900,2600,3800,500,3800,1900,29000,11800,7100,3000,9800,6000,1300,6700,7500
397.0,19.28,233600,4508569.0,19.28,19.26,19.25,19.24,19.23,19.22,19.21,19.2,19.18,19.16,19.29,19.3,19.32,19.33,19.34,19.35,19.36,19.37,19.38,19.39,300,400,300,2400,13000,4900,2600,3800,500,3800,2400,29000,11800,7100,3000,9800,6000,1300,6700,7500
398.0,19.28,233600,4508569.0,19.28,19.26,19.25,19.24,19.23,19.22,19.21,19.2,19.18,19.16,19.29,19.3,19.32,19.33,19.34,19.35,19.36,19.37,19.38,19.39,300,400,300,2400,13000,4900,2600,3800,500,3800,2400,29000,11800,7100,3000,9800,6000,1300,6700,7500
399.0,19.28,233600,4508569.0,19.28,19.26,19.25,19.24,19.23,19.22,19.21,19.2,19.18,19.16,19.29,19.3,19.32,19.33,19.34,19.35,19.36,19.37,19.38,19.39,300,400,300,2400,13000,4900,2600,3800,500,3800,2400,29000,11800,7100,3000,9800,6000,1600,6700,7500
400.0,19.28,233600,4508569.0,19.28,19.26,19.25,19.24,19.23,19.22,19.21,19.2,19.18,19.16,19.29,19.3,19.32,19.33,19.34,19.35,19.36,19.37,19.38,19.39,300,400,300,2400,13000,4900,2600,3800,500,3800,2400,29000,11800,7100,3000,9800,6000,1600,6700,7500
401.0,19.28,233600,4508569.0,19.28,19.26,19.25,19.24,19.23,19.22,19.21,19.2,19.18,19.16,19.29,19.3,19.32,19.33,19.34,19.35,19.36,19.37,19.38,19.39,300,400,300,2400,13000,4900,2600,3800,500,3800,2400,29000,11800,7100,3000,9800,6000,1600,6700,7500
402.0,19.29,233800,4512427.0,19.28,19.26,19.25,19.24,19.23,19.22,19.21,19.2,19.18,19.16,19.29,19.3,19.32,19.33,19.34,19.35,19.36,19.37,19.38,19.39,300,400,300,2400,13000,4900,2600,3800,500,3800,2200,29000,11800,7100,3000,9800,6000,1600,6700,7500
403.0,19.29,233800,4512427.0,19.28,19.26,19.25,19.24,19.23,19.22,19.21,19.2,19.18,19.16,19.29,19.3,19.32,19.33,19.34,19.35,19.36,19.37,19.38,19.39,300,400,300,2400,13000,4900,2600,3800,500,3800,2200,29000,11800,7100,3000,9800,3600,1600,6700,7500
404.0,19.29,235000,4535575.0,19.28,19.26,19.25,19.24,19.23,19.22,19.21,19.2,19.18,19.16,19.29,19.3,19.32,19.33,19.34,19.35,19.36,19.37,19.38,19.39,300,400,300,2400,13000,4900,2600,3800,500,3800,1000,29000,11800,7100,3000,9800,3600,1600,6700,7500
405.0,19.29,235000,4535575.0,19.28,19.26,19.25,19.24,19.23,19.22,19.21,19.2,19.18,19.16,19.29,19.3,19.32,19.33,19.34,19.35,19.36,19.37,19.38,19.39,300,400,300,2400,13000,4900,2600,3800,500,3800,1000,29000,11800,7100,3000,9800,3600,1600,6700,7500
406.0,19.29,235000,4535575.0,19.28,19.26,19.25,19.24,19.23,19.22,19.21,19.2,19.18,19.16,19.29,19.3,19.32,19.33,19.34,19.35,19.36,19.37,19.38,19.39,300,400,300,2400,13000,4900,2600,3800,500,3800,1000,29000,11800,7100,3000,9800,3600,1600,6700,7500
407.0,19.29,236000,4554865.0,19.29,19.28,19.26,19.25,19.24,19.23,19.22,19.21,19.2,19.19,19.3,19.32,19.33,19.34,19.35,19.36,19.37,19.38,19.39,19.4,2700,300,400,300,2400,13000,4900,2600,3800,400,29000,11800,7100,3000,9800,3600,1600,6700,7500,20900
