LocalTime,LastPrice,TradeVolume,TradeValue,BidPrice1,BidPrice2,BidPrice3,BidPrice4,BidPrice5,BidPrice6,BidPrice7,BidPrice8,BidPrice9,BidPriceA,AskPrice1,AskPrice2,AskPrice3,AskPrice4,AskPrice5,AskPrice6,AskPrice7,AskPrice8,AskPrice9,AskPriceA,BidVolume1,BidVolume2,BidVolume3,BidVolume4,BidVolume5,BidVolume6,BidVolume7,BidVolume8,BidVolume9,BidVolumeA,AskVolume1,AskVolume2,AskVolume3,AskVolume4,AskVolume5,AskVolume6,AskVolume7,AskVolume8,AskVolume9,AskVolumeA
0.0,5.4,25600,138240.0,5.4,5.39,5.38,5.37,5.36,5.35,5.34,5.33,5.32,5.31,5.41,5.44,5.45,5.46,5.47,5.48,5.49,5.5,5.51,5.52,26600,29000,7600,15500,11500,27900,6900,5300,5800,4300,1000,10000,3000,7900,23500,3000,3000,11000,32700,10800
1.0,5.41,26600,143650.0,5.42,5.4,5.39,5.38,5.37,5.36,5.35,5.34,5.33,5.32,5.44,5.45,5.46,5.47,5.48,5.49,5.5,5.51,5.52,5.53,1900,26600,29000,7600,15500,11500,29900,6900,5300,5800,10000,3000,9900,23500,3000,3000,13000,32700,10800,7000
2.0,5.41,26600,143650.0,5.42,5.41,5.4,5.39,5.38,5.37,5.36,5.35,5.34,5.33,5.44,5.45,5.46,5.47,5.48,5.49,5.5,5.51,5.52,5.53,1900,4100,27600,32000,7600,15500,11500,30900,6900,5300,10000,3000,12400,23500,3000,3000,13000,32700,10800,7000
3.0,5.41,26600,143650.0,5.42,5.41,5.4,5.39,5.38,5.37,5.36,5.35,5.34,5.33,5.44,5.45,5.46,5.47,5.48,5.49,5.5,5.51,5.52,5.53,1900,4400,27600,37000,12600,15500,11500,30900,6900,5300,10000,3000,13900,23500,3000,3000,13000,32700,10800,7000
4.0,5.41,26600,143650.0,5.42,5.41,5.4,5.39,5.38,5.37,5.36,5.35,5.34,5.33,5.44,5.45,5.46,5.47,5.48,5.49,5.5,5.51,5.52,5.53,1900,15300,27600,37000,12600,15500,11500,30900,6900,5300,10000,3000,13900,23500,3000,13600,13000,32700,10800,7000
5.0,5.41,26600,143650.0,5.42,5.41,5.4,5.39,5.38,5.37,5.36,5.35,5.34,5.33,5.43,5.44,5.45,5.46,5.47,5.48,5.49,5.5,5.51,5.52,1900,16300,27600,37000,12600,15500,11500,30900,8900,5300,6000,10000,3000,25800,23500,3000,13600,13000,32700,10800
6.0,5.41,26600,143650.0,5.42,5.41,5.4,5.39,5.38,5.37,5.36,5.35,5.34,5.33,5.43,5.44,5.45,5.46,5.47,5.48,5.49,5.5,5.51,5.52,2500,28000,28600,37000,22600,15500,12300,30900,8900,7300,6000,14900,3800,26000,23500,3000,13600,15400,43600,10800
7.0,5.41,26600,143650.0,5.42,5.41,5.4,5.39,5.38,5.37,5.36,5.35,5.34,5.33,5.43,5.44,5.45,5.46,5.47,5.48,5.49,5.5,5.51,5.52,6000,28600,28600,38000,23600,15500,16600,30900,8900,7300,7500,14900,3800,33500,23500,3000,13600,15400,43600,10800
8.0,5.43,39400,212966.0,5.41,5.4,5.39,5.38,5.37,5.36,5.35,5.34,5.33,5.32,5.43,5.44,5.45,5.46,5.47,5.48,5.49,5.5,5.51,5.52,22200,28600,39000,24600,15500,22600,38900,8900,7300,7800,7100,14900,3800,33500,23500,3000,13600,15400,43600,10800
9.0,5.43,39400,212966.0,5.41,5.4,5.39,5.38,5.37,5.36,5.35,5.34,5.33,5.32,5.43,5.44,5.45,5.46,5.47,5.48,5.49,5.5,5.51,5.52,30200,41600,48300,25600,15500,22600,39900,8900,7300,7800,8000,15400,3800,33500,23500,3000,13600,15400,43600,10800
10.0,5.42,39700,214592.0,5.41,5.4,5.39,5.38,5.37,5.36,5.35,5.34,5.33,5.32,5.42,5.43,5.44,5.45,5.46,5.47,5.48,5.49,5.5,5.51,29800,43600,48300,25600,15500,25600,39900,8900,7300,7800,3900,8000,15400,3800,33500,23500,3000,20900,15400,43600
11.0,5.42,42400,229226.0,5.41,5.4,5.39,5.38,5.37,5.36,5.35,5.34,5.33,5.32,5.42,5.43,5.44,5.45,5.46,5.47,5.48,5.49,5.5,5.51,29800,43600,48300,25600,15500,28900,39900,8900,7300,12800,1200,8000,19700,3800,33500,23500,3000,20900,15400,43600
12.0,5.42,42800,231394.0,5.41,5.4,5.39,5.38,5.37,5.36,5.35,5.34,5.33,5.32,5.42,5.43,5.44,5.45,5.46,5.47,5.48,5.49,5.5,5.51,80800,43600,48300,25600,15500,28900,39900,8900,7300,12800,800,8000,19700,3800,33500,23500,3000,20900,15400,43600
13.0,5.42,43600,235730.0,5.42,5.41,5.4,5.39,5.38,5.37,5.36,5.35,5.34,5.33,5.43,5.44,5.45,5.46,5.47,5.48,5.49,5.5,5.51,5.52,6800,80800,42600,48300,25600,15500,28900,39900,8900,7300,10600,19700,3800,33500,23500,3000,20900,15400,43600,11000
14.0,5.42,50700,274212.0,5.41,5.4,5.39,5.38,5.37,5.36,5.35,5.34,5.33,5.32,5.42,5.43,5.44,5.45,5.46,5.47,5.48,5.49,5.5,5.51,80900,42600,48300,25600,15500,28900,39900,8900,7300,12800,100,10600,19700,3800,33500,23500,3000,20900,15400,43600
15.0,5.43,51200,276926.0,5.42,5.41,5.4,5.39,5.38,5.37,5.36,5.35,5.34,5.33,5.43,5.44,5.45,5.46,5.47,5.48,5.49,5.5,5.51,5.52,2400,80900,42600,48300,25600,15500,28900,39900,8900,7300,10200,19700,3800,33500,23500,3000,20900,15400,43600,11000
16.0,5.43,51200,276926.0,5.42,5.41,5.4,5.39,5.38,5.37,5.36,5.35,5.34,5.33,5.43,5.44,5.45,5.46,5.47,5.48,5.49,5.5,5.51,5.52,2400,80800,42600,48300,25600,15500,28900,39900,8900,7300,10200,19700,3800,33500,23500,3000,20900,15400,43600,11000
17.0,5.43,51200,276926.0,5.42,5.41,5.4,5.39,5.38,5.37,5.36,5.35,5.34,5.33,5.43,5.44,5.45,5.46,5.47,5.48,5.49,5.5,5.51,5.52,2400,80800,42600,48300,25600,15500,28900,39900,8900,7300,7600,19700,3800,33500,23500,3000,20900,15400,43600,11000
18.0,5.43,51200,276926.0,5.42,5.41,5.4,5.39,5.38,5.37,5.36,5.35,5.34,5.33,5.43,5.44,5.45,5.46,5.47,5.48,5.49,5.5,5.51,5.52,2500,80800,39300,48300,25600,15500,28900,39900,8900,7300,7600,19700,3800,33500,23500,3000,20900,15400,43600,11000
19.0,5.43,51200,276926.0,5.42,5.41,5.4,5.39,5.38,5.37,5.36,5.35,5.34,5.33,5.43,5.44,5.45,5.46,5.47,5.48,5.49,5.5,5.51,5.52,2500,80800,39300,48300,25600,15500,28900,39900,8900,7300,7600,19700,3800,33500,23500,3000,20900,15400,43600,11000
20.0,5.43,51200,276926.0,5.42,5.41,5.4,5.39,5.38,5.37,5.36,5.35,5.34,5.33,5.43,5.44,5.45,5.46,5.47,5.48,5.49,5.5,5.51,5.52,2400,80800,39300,48300,25600,15500,28900,39900,8900,7300,7600,19700,3800,33500,23500,3000,20900,15400,43600,11000
21.0,5.43,51200,276926.0,5.42,5.41,5.4,5.39,5.38,5.37,5.36,5.35,5.34,5.33,5.43,5.44,5.45,5.46,5.47,5.48,5.49,5.5,5.51,5.52,4500,79800,39300,48300,25600,15500,28900,39900,8900,7300,7600,19700,3800,33500,23500,3000,20900,15400,43600,11000
22.0,5.43,51200,276926.0,5.42,5.41,5.4,5.39,5.38,5.37,5.36,5.35,5.34,5.33,5.43,5.44,5.45,5.46,5.47,5.48,5.49,5.5,5.51,5.52,7800,79800,39300,48300,25600,15500,28900,39900,8900,7300,7600,19700,3800,33500,23500,3000,20900,15400,43600,11000
23.0,5.43,51200,276926.0,5.42,5.41,5.4,5.39,5.38,5.37,5.36,5.35,5.34,5.33,5.43,5.44,5.45,5.46,5.47,5.48,5.49,5.5,5.51,5.52,7800,79800,39300,48300,25600,15500,28900,39900,8900,7300,7600,19700,3800,33500,23500,3000,20900,15400,43600,11000
24.0,5.43,51200,276926.0,5.42,5.41,5.4,5.39,5.38,5.37,5.36,5.35,5.34,5.33,5.43,5.44,5.45,5.46,5.47,5.48,5.49,5.5,5.51,5.52,7800,79800,39300,48300,25600,15500,28900,39900,8900,7300,7600,19700,3800,33500,23500,3000,20900,15400,43600,11000
25.0,5.43,51200,276926.0,5.42,5.41,5.4,5.39,5.38,5.37,5.36,5.35,5.34,5.33,5.43,5.44,5.45,5.46,5.47,5.48,5.49,5.5,5.51,5.52,7800,79800,39300,48300,25600,15500,28900,39900,8900,7300,7600,19700,3800,33500,23500,3000,20900,15400,43600,11000
26.0,5.43,51400,278012.0,5.42,5.41,5.4,5.39,5.38,5.37,5.36,5.35,5.34,5.33,5.43,5.44,5.45,5.46,5.47,5.48,5.49,5.5,5.51,5.52,9100,78800,44300,48300,25600,15500,28900,39900,8900,7300,7400,19700,3800,33500,23500,3000,20900,15400,43600,11000
27.0,5.43,51400,278012.0,5.42,5.41,5.4,5.39,5.38,5.37,5.36,5.35,5.34,5.33,5.43,5.44,5.45,5.46,5.47,5.48,5.49,5.5,5.51,5.52,9100,78800,44800,48300,25600,15500,28900,39900,8900,7300,7400,19700,3800,33500,23500,3000,20900,15400,43600,11000
28.0,5.42,57000,308364.0,5.42,5.41,5.4,5.39,5.38,5.37,5.36,5.35,5.34,5.33,5.43,5.44,5.45,5.46,5.47,5.48,5.49,5.5,5.51,5.52,4700,78800,46800,48300,25600,15500,28900,39900,8900,7300,7400,19700,3800,33500,23500,3000,20900,15400,43600,11000
29.0,5.42,57000,308364.0,5.42,5.41,5.4,5.39,5.38,5.37,5.36,5.35,5.34,5.33,5.43,5.44,5.45,5.46,5.47,5.48,5.49,5.5,5.51,5.52,4700,78800,46800,48300,25600,15500,28900,39900,8900,7300,7400,19700,3800,33500,23500,3000,20900,15400,43600,11000
30.0,5.43,57400,310536.0,5.42,5.41,5.4,5.39,5.38,5.37,5.36,5.35,5.34,5.33,5.43,5.44,5.45,5.46,5.47,5.48,5.49,5.5,5.51,5.52,4700,78800,46800,48300,25600,15500,28900,39900,8900,7300,7000,19700,3800,33500,23500,3000,20900,15400,43600,11000
31.0,5.43,57400,310536.0,5.42,5.41,5.4,5.39,5.38,5.37,5.36,5.35,5.34,5.33,5.43,5.44,5.45,5.46,5.47,5.48,5.49,5.5,5.51,5.52,4700,83800,46800,48300,25600,15500,28900,39900,8900,7300,7000,19700,3800,33500,23500,3000,20900,15400,43600,11000
32.0,5.43,59800,323564.0,5.42,5.41,5.4,5.39,5.38,5.37,5.36,5.35,5.34,5.33,5.43,5.44,5.45,5.46,5.47,5.48,5.49,5.5,5.51,5.52,4300,83800,46800,48300,25600,15500,28900,39900,8900,7300,5000,19700,3800,33500,23500,3000,20900,15400,43600,11000
33.0,5.43,59800,323564.0,5.42,5.41,5.4,5.39,5.38,5.37,5.36,5.35,5.34,5.33,5.43,5.44,5.45,5.46,5.47,5.48,5.49,5.5,5.51,5.52,4300,83800,46800,48300,25600,15500,28900,39900,8900,7300,5000,19700,3800,33500,23500,3000,20900,15400,43600,11000
34.0,5.43,59800,323564.0,5.42,5.41,5.4,5.39,5.38,5.37,5.36,5.35,5.34,5.33,5.43,5.44,5.45,5.46,5.47,5.48,5.49,5.5,5.51,5.52,4600,83800,46800,48300,25600,15500,28900,39900,8900,7300,5000,19700,3800,33500,23500,3000,20900,15400,43600,11000
35.0,5.43,59800,323564.0,5.42,5.41,5.4,5.39,5.38,5.37,5.36,5.35,5.34,5.33,5.43,5.44,5.45,5.46,5.47,5.48,5.49,5.5,5.51,5.52,4600,83800,46800,48300,25600,15500,28900,39900,8900,7300,10400,19700,6400,33500,23500,3000,20900,15400,43600,11000
36.0,5.43,61800,334424.0,5.42,5.41,5.4,5.39,5.38,5.37,5.36,5.35,5.34,5.33,5.43,5.44,5.45,5.46,5.47,5.48,5.49,5.5,5.51,5.52,4600,83800,46800,48300,25600,15500,28900,39900,8900,7300,8400,19700,6400,33500,23500,3000,20900,15400,43600,11000
37.0,5.43,61800,334424.0,5.42,5.41,5.4,5.39,5.38,5.37,5.36,5.35,5.34,5.33,5.43,5.44,5.45,5.46,5.47,5.48,5.49,5.5,5.51,5.52,4600,83800,46800,48300,25600,15500,28900,39900,8900,7300,8400,19700,6400,33500,23500,3000,20900,15400,43600,11000
38.0,5.43,61800,334424.0,5.42,5.41,5.4,5.39,5.38,5.37,5.36,5.35,5.34,5.33,5.43,5.44,5.45,5.46,5.47,5.48,5.49,5.5,5.51,5.52,4600,83800,46800,48300,25600,15500,28900,39900,8900,7300,8400,19700,6400,33500,23500,3000,20900,15400,43600,11000
39.0,5.42,62200,336592.0,5.42,5.41,5.4,5.39,5.38,5.37,5.36,5.35,5.34,5.33,5.43,5.44,5.45,5.46,5.47,5.48,5.49,5.5,5.51,5.52,4200,83800,46800,48300,25600,15500,28900,39900,8900,7300,8400,19700,6400,33500,23500,3000,20900,15400,43600,11000
40.0,5.42,62200,336592.0,5.42,5.41,5.4,5.39,5.38,5.37,5.36,5.35,5.34,5.33,5.43,5.44,5.45,5.46,5.47,5.48,5.49,5.5,5.51,5.52,4200,83800,46800,48300,25600,15500,28900,39900,8900,7300,8400,19700,6400,33500,23500,3000,20900,15400,43600,11000
41.0,5.43,63200,342022.0,5.42,5.41,5.4,5.39,5.38,5.37,5.36,5.35,5.34,5.33,5.43,5.44,5.45,5.46,5.47,5.48,5.49,5.5,5.51,5.52,4200,83800,46800,48300,25600,15500,28900,39900,8900,7300,8400,19700,6400,33500,23500,3000,20900,15400,43600,11000
42.0,5.43,63200,342022.0,5.42,5.41,5.4,5.39,5.38,5.37,5.36,5.35,5.34,5.33,5.43,5.44,5.45,5.46,5.47,5.48,5.49,5.5,5.51,5.52,4200,83800,46800,48300,25600,15500,28900,39900,8900,7300,8400,19700,6400,33500,23500,3000,20900,15400,43600,11000
43.0,5.43,63200,342022.0,5.42,5.41,5.4,5.39,5.38,5.37,5.36,5.35,5.34,5.33,5.43,5.44,5.45,5.46,5.47,5.48,5.49,5.5,5.51,5.52,4200,83800,46800,48300,25600,17500,28900,39900,8900,7300,8400,19700,6400,33500,23500,3000,20900,15400,43600,11000
44.0,5.42,65200,352878.0,5.42,5.41,5.4,5.39,5.38,5.37,5.36,5.35,5.34,5.33,5.43,5.44,5.45,5.46,5.47,5.48,5.49,5.5,5.51,5.52,3800,83800,46800,48300,25600,17500,28900,39900,8900,7300,6800,19700,6400,33500,23500,3000,20900,15400,43600,11000
45.0,5.43,65500,354507.0,5.42,5.41,5.4,5.39,5.38,5.37,5.36,5.35,5.34,5.33,5.43,5.44,5.45,5.46,5.47,5.48,5.49,5.5,5.51,5.52,3800,83800,46800,48300,25600,17500,28900,39900,8900,7300,6500,19700,9400,33500,23500,3000,20900,15400,43600,11000
46.0,5.43,66300,358848.0,5.42,5.41,5.4,5.39,5.38,5.37,5.36,5.35,5.34,5.33,5.43,5.44,5.45,5.46,5.47,5.48,5.49,5.5,5.51,5.52,3500,83800,46800,48300,25600,17500,28900,39900,8900,7300,6000,19700,9400,33500,23500,3000,20900,15400,43600,11000
47.0,5.42,66600,360474.0,5.42,5.41,5.4,5.39,5.38,5.37,5.36,5.35,5.34,5.33,5.43,5.44,5.45,5.46,5.47,5.48,5.49,5.5,5.51,5.52,3200,83800,46800,48300,25600,17500,28900,39900,8900,7300,6000,19700,9400,33500,23500,3000,20900,15400,43600,11000
48.0,5.42,66600,360474.0,5.42,5.41,5.4,5.39,5.38,5.37,5.36,5.35,5.34,5.33,5.43,5.44,5.45,5.46,5.47,5.48,5.49,5.5,5.51,5.52,53200,83800,46800,48300,25600,17500,28900,39900,8900,7300,6000,19700,9400,33500,23500,3000,20900,15400,43600,11000
49.0,5.42,66600,360474.0,5.42,5.41,5.4,5.39,5.38,5.37,5.36,5.35,5.34,5.33,5.43,5.44,5.45,5.46,5.47,5.48,5.49,5.5,5.51,5.52,53200,83800,46800,48300,25600,17500,28900,39900,8900,7300,6000,19700,9400,33500,25000,3000,20900,15400,43600,11000
50.0,5.43,69000,373488.0,5.42,5.41,5.4,5.39,5.38,5.37,5.36,5.35,5.34,5.33,5.43,5.44,5.45,5.46,5.47,5.48,5.49,5.5,5.51,5.52,51500,83800,46800,48300,25600,17500,28900,39900,8900,7300,5400,19700,9400,33500,25000,3000,20900,15400,43600,11000
51.0,5.43,69000,373488.0,5.42,5.41,5.4,5.39,5.38,5.37,5.36,5.35,5.34,5.33,5.43,5.44,5.45,5.46,5.47,5.48,5.49,5.5,5.51,5.52,51500,83800,46800,48300,25600,17500,28900,39900,8900,7300,5400,19700,9400,33500,25000,3000,20900,15400,43600,11000
52.0,5.43,69300,375117.0,5.42,5.41,5.4,5.39,5.38,5.37,5.36,5.35,5.34,5.33,5.43,5.44,5.45,5.46,5.47,5.48,5.49,5.5,5.51,5.52,51500,83800,46800,48300,25600,17500,28900,39900,8900,7300,5700,19700,9400,33500,25000,3000,20900,15400,43600,11000
53.0,5.42,72900,394629.0,5.42,5.41,5.4,5.39,5.38,5.37,5.36,5.35,5.34,5.33,5.43,5.44,5.45,5.46,5.47,5.48,5.49,5.5,5.51,5.52,47900,83800,46800,43300,25600,17500,28900,39900,8900,7300,5700,19700,9400,33500,25000,3000,20900,15400,43600,11000
54.0,5.42,72900,394629.0,5.42,5.41,5.4,5.39,5.38,5.37,5.36,5.35,5.34,5.33,5.43,5.44,5.45,5.46,5.47,5.48,5.49,5.5,5.51,5.52,47900,83800,46800,43300,25600,17500,28900,39900,8900,7300,5700,19700,9400,33500,25000,3000,20900,15400,43600,11000
55.0,5.43,74000,400602.0,5.42,5.41,5.4,5.39,5.38,5.37,5.36,5.35,5.34,5.33,5.43,5.44,5.45,5.46,5.47,5.48,5.49,5.5,5.51,5.52,47900,83800,46800,43300,25600,17500,28900,39900,8900,7300,4600,19700,9400,33500,25000,3000,20900,15400,43600,11000
56.0,5.42,75800,410358.0,5.42,5.41,5.4,5.39,5.38,5.37,5.36,5.35,5.34,5.33,5.43,5.44,5.45,5.46,5.47,5.48,5.49,5.5,5.51,5.52,46100,83800,46800,43300,25600,17500,28900,39900,8900,7300,4600,19700,9400,33500,25000,3000,20900,15400,43600,11000
57.0,5.42,75800,410358.0,5.42,5.41,5.4,5.39,5.38,5.37,5.36,5.35,5.34,5.33,5.43,5.44,5.45,5.46,5.47,5.48,5.49,5.5,5.51,5.52,46100,83800,46800,43300,25600,17500,28900,39900,8900,7300,4600,19700,9400,33500,25000,3000,20900,15400,43600,11000
58.0,5.42,75800,410358.0,5.42,5.41,5.4,5.39,5.38,5.37,5.36,5.35,5.34,5.33,5.43,5.44,5.45,5.46,5.47,5.48,5.49,5.5,5.51,5.52,46100,83800,46800,43300,25600,17500,28900,39900,8900,7300,4600,19700,12900,33500,25000,3000,20900,15400,43600,11000
59.0,5.42,77600,420114.0,5.42,5.41,5.4,5.39,5.38,5.37,5.36,5.35,5.34,5.33,5.43,5.44,5.45,5.46,5.47,5.48,5.49,5.5,5.51,5.52,44300,83800,46800,43300,25600,17500,28900,39900,8900,7300,4600,19700,12900,33500,25000,3000,20900,15400,43600,11000
60.0,5.43,84000,454848.0,5.43,5.42,5.41,5.4,5.39,5.38,5.37,5.36,5.35,5.34,5.44,5.45,5.46,5.47,5.48,5.49,5.5,5.51,5.52,5.53,9700,42500,83800,46800,43300,25600,17500,28900,39900,8900,19700,12900,33500,25000,3000,20900,15400,43600,11000,7000
61.0,5.43,84000,454848.0,5.43,5.42,5.41,5.4,5.39,5.38,5.37,5.36,5.35,5.34,5.44,5.45,5.46,5.47,5.48,5.49,5.5,5.51,5.52,5.53,9700,42500,83800,46800,43300,25600,17500,28900,39900,8900,19700,12900,33500,25000,3000,20900,15400,43600,11000,7000
62.0,5.43,84000,454848.0,5.43,5.42,5.41,5.4,5.39,5.38,5.37,5.36,5.35,5.34,5.44,5.45,5.46,5.47,5.48,5.49,5.5,5.51,5.52,5.53,9800,42500,83800,47800,43300,25600,17500,28900,39900,8900,19700,12900,33500,25000,3000,20900,15400,43600,11000,7000
63.0,5.44,85700,464096.0,5.43,5.42,5.41,5.4,5.39,5.38,5.37,5.36,5.35,5.34,5.44,5.45,5.46,5.47,5.48,5.49,5.5,5.51,5.52,5.53,11800,42500,83800,47800,43300,25600,17500,28900,39900,8900,18000,12900,33500,25000,3000,20900,15400,43600,11000,7000
64.0,5.44,85700,464096.0,5.43,5.42,5.41,5.4,5.39,5.38,5.37,5.36,5.35,5.34,5.44,5.45,5.46,5.47,5.48,5.49,5.5,5.51,5.52,5.53,11800,42500,83800,47800,43300,25600,17500,28900,39900,8900,18000,12900,33500,25000,3000,20900,15400,43600,11000,7000
65.0,5.44,87500,473888.0,5.43,5.42,5.41,5.4,5.39,5.38,5.37,5.36,5.35,5.34,5.44,5.45,5.46,5.47,5.48,5.49,5.5,5.51,5.52,5.53,11800,42500,83800,47800,43300,25600,17500,28900,39900,8900,16200,12900,33500,25000,3000,20900,15400,43600,11000,7000
66.0,5.44,87500,473888.0,5.43,5.42,5.41,5.4,5.39,5.38,5.37,5.36,5.35,5.34,5.44,5.45,5.46,5.47,5.48,5.49,5.5,5.51,5.52,5.53,11900,42500,83800,47800,43300,25600,17500,28900,39900,8900,15700,12900,33500,25000,3000,20900,15400,43600,11000,7000
67.0,5.44,87500,473888.0,5.43,5.42,5.41,5.4,5.39,5.38,5.37,5.36,5.35,5.34,5.44,5.45,5.46,5.47,5.48,5.49,5.5,5.51,5.52,5.53,13000,42500,83800,47800,43300,25600,17500,28900,39900,8900,15700,12900,33500,25000,3000,20900,15400,43600,11000,7000
68.0,5.43,88800,480947.0,5.43,5.42,5.41,5.4,5.39,5.38,5.37,5.36,5.35,5.34,5.44,5.45,5.46,5.47,5.48,5.49,5.5,5.51,5.52,5.53,12400,42500,93600,47800,43300,25600,17500,28900,39900,8900,16700,12900,33500,25000,3000,20900,15400,43600,11000,7000
69.0,5.43,88800,480947.0,5.43,5.42,5.41,5.4,5.39,5.38,5.37,5.36,5.35,5.34,5.44,5.45,5.46,5.47,5.48,5.49,5.5,5.51,5.52,5.53,12400,42500,93600,47800,43300,25600,17500,28900,39900,8900,16700,12900,33500,25000,3000,20900,15400,43600,11000,7000
70.0,5.43,88800,480947.0,5.43,5.42,5.41,5.4,5.39,5.38,5.37,5.36,5.35,5.34,5.44,5.45,5.46,5.47,5.48,5.49,5.5,5.51,5.52,5.53,12400,42500,93600,47800,43300,25600,17500,28900,39900,8900,16700,12900,33500,25000,3000,20900,15400,43600,11000,7000
71.0,5.43,88800,480947.0,5.43,5.42,5.41,5.4,5.39,5.38,5.37,5.36,5.35,5.34,5.44,5.45,5.46,5.47,5.48,5.49,5.5,5.51,5.52,5.53,12400,42500,93600,47800,43300,25600,17500,28900,39900,8900,16700,12900,33500,25000,3000,20900,15400,48600,11000,7000
72.0,5.44,97300,527187.0,5.43,5.42,5.41,5.4,5.39,5.38,5.37,5.36,5.35,5.34,5.44,5.45,5.46,5.47,5.48,5.49,5.5,5.51,5.52,5.53,13800,42500,93600,47800,43300,25600,17500,28900,39900,8900,8200,12900,33500,25000,3000,20900,15400,48600,11000,7000
73.0,5.44,97300,527187.0,5.43,5.42,5.41,5.4,5.39,5.38,5.37,5.36,5.35,5.34,5.44,5.45,5.46,5.47,5.48,5.49,5.5,5.51,5.52,5.53,13800,42500,93600,47800,43300,25600,17500,28900,39900,8900,8200,12900,33500,25000,3000,20900,15400,48600,11000,7000
74.0,5.44,98100,531539.0,5.43,5.42,5.41,5.4,5.39,5.38,5.37,5.36,5.35,5.34,5.44,5.45,5.46,5.47,5.48,5.49,5.5,5.51,5.52,5.53,15100,42500,93600,47800,43300,25600,17500,28900,39900,8900,7400,12900,33500,25000,3000,20900,15400,48600,11000,7000
75.0,5.44,100600,545124.0,5.43,5.42,5.41,5.4,5.39,5.38,5.37,5.36,5.35,5.34,5.44,5.45,5.46,5.47,5.48,5.49,5.5,5.51,5.52,5.53,15900,42400,93600,47800,43300,25600,17500,28900,39900,8900,6400,12900,33500,25000,3000,20900,15400,48600,11000,7000
76.0,5.44,100600,545124.0,5.43,5.42,5.41,5.4,5.39,5.38,5.37,5.36,5.35,5.34,5.44,5.45,5.46,5.47,5.48,5.49,5.5,5.51,5.52,5.53,15900,42400,94100,47800,43300,25600,17500,28900,39900,8900,6400,12900,33500,25000,3000,20900,15400,48600,11000,7000
77.0,5.44,103200,559268.0,5.43,5.42,5.41,5.4,5.39,5.38,5.37,5.36,5.35,5.34,5.44,5.45,5.46,5.47,5.48,5.49,5.5,5.51,5.52,5.53,15900,42400,94100,47800,43300,25600,17500,28900,39900,8900,3800,15400,33500,25000,3000,20900,15400,48600,11000,7000
78.0,5.44,103400,560356.0,5.43,5.42,5.41,5.4,5.39,5.38,5.37,5.36,5.35,5.34,5.44,5.45,5.46,5.47,5.48,5.49,5.5,5.51,5.52,5.53,76300,42400,94100,47800,43300,25600,17500,28900,39900,8900,3600,15400,33500,25000,3000,20900,15400,48600,11000,7000
79.0,5.44,103700,561988.0,5.43,5.42,5.41,5.4,5.39,5.38,5.37,5.36,5.35,5.34,5.44,5.45,5.46,5.47,5.48,5.49,5.5,5.51,5.52,5.53,76300,42400,94100,47800,43300,25600,17500,28900,39900,8900,3300,15400,33500,27000,3000,20900,15400,48600,11000,7000
80.0,5.44,107000,579940.0,5.44,5.43,5.42,5.41,5.4,5.39,5.38,5.37,5.36,5.35,5.45,5.46,5.47,5.48,5.49,5.5,5.51,5.52,5.53,5.54,14100,79300,42400,94100,47800,43300,25600,17500,28900,39900,15400,33500,27000,3000,20900,15400,48600,11000,7000,7000
81.0,5.44,107000,579940.0,5.44,5.43,5.42,5.41,5.4,5.39,5.38,5.37,5.36,5.35,5.45,5.46,5.47,5.48,5.49,5.5,5.51,5.52,5.53,5.54,14100,79000,42400,94100,47800,43300,25600,17500,28900,39900,15400,34100,27000,3000,30900,15400,48600,11000,7000,7000
82.0,5.44,109900,595731.0,5.44,5.43,5.42,5.41,5.4,5.39,5.38,5.37,5.36,5.35,5.45,5.46,5.47,5.48,5.49,5.5,5.51,5.52,5.53,5.54,12700,79000,42400,94100,51000,43300,25600,17500,28900,39900,13900,34100,27000,3000,30900,15400,48600,11000,7000,7000
83.0,5.44,109900,595731.0,5.44,5.43,5.42,5.41,5.4,5.39,5.38,5.37,5.36,5.35,5.45,5.46,5.47,5.48,5.49,5.5,5.51,5.52,5.53,5.54,14200,79000,42400,94100,51000,43300,25600,17500,28900,39900,13900,34100,27000,3000,30900,15400,48600,11000,7000,7000
84.0,5.44,109900,595731.0,5.44,5.43,5.42,5.41,5.4,5.39,5.38,5.37,5.36,5.35,5.45,5.46,5.47,5.48,5.49,5.5,5.51,5.52,5.53,5.54,14200,78900,42400,94100,51000,43300,25600,17500,28900,39900,13900,34100,27000,3000,30900,15400,48600,11000,7000,7000
85.0,5.44,110900,601171.0,5.44,5.43,5.42,5.41,5.4,5.39,5.38,5.37,5.36,5.35,5.45,5.46,5.47,5.48,5.49,5.5,5.51,5.52,5.53,5.54,13700,78900,42400,94100,51000,43300,25600,17500,28900,39900,13900,34100,27000,3000,30900,15400,48600,11000,7000,7000
86.0,5.45,112200,608256.0,5.44,5.43,5.42,5.41,5.4,5.39,5.38,5.37,5.36,5.35,5.45,5.46,5.47,5.48,5.49,5.5,5.51,5.52,5.53,5.54,13700,78900,42400,94100,51000,43300,25600,17500,28900,39900,12600,34100,27000,5000,30900,15400,48600,11000,7000,7000
87.0,5.44,115200,624576.0,5.44,5.43,5.42,5.41,5.4,5.39,5.38,5.37,5.36,5.35,5.45,5.46,5.47,5.48,5.49,5.5,5.51,5.52,5.53,5.54,12000,19500,42400,94100,51000,43300,25600,17500,28900,39900,12600,34100,27000,5000,30900,15400,48600,11000,7000,7000
88.0,5.44,115200,624576.0,5.44,5.43,5.42,5.41,5.4,5.39,5.38,5.37,5.36,5.35,5.45,5.46,5.47,5.48,5.49,5.5,5.51,5.52,5.53,5.54,12000,19500,42400,94100,51000,43300,25600,17500,28900,39900,12600,34100,27000,5000,30900,15400,48600,11000,7000,7000
89.0,5.45,116400,631116.0,5.44,5.43,5.42,5.41,5.4,5.39,5.38,5.37,5.36,5.35,5.45,5.46,5.47,5.48,5.49,5.5,5.51,5.52,5.53,5.54,12000,19500,42400,94100,51000,43300,25600,17500,28900,39900,11700,34100,27000,5000,30900,15400,48600,11000,7000,7000
90.0,5.45,116400,631116.0,5.44,5.43,5.42,5.41,5.4,5.39,5.38,5.37,5.36,5.35,5.45,5.46,5.47,5.48,5.49,5.5,5.51,5.52,5.53,5.54,12000,19500,42400,94100,51000,43300,25600,17500,28900,39900,11700,34100,27000,5000,30900,15400,48600,11000,7000,7000
91.0,5.45,116400,631116.0,5.44,5.43,5.42,5.41,5.4,5.39,5.38,5.37,5.36,5.35,5.45,5.46,5.47,5.48,5.49,5.5,5.51,5.52,5.53,5.54,12000,19500,42400,94100,51000,43300,25600,17500,28900,39900,11700,34100,27000,5000,30900,15400,48600,11000,7000,7000
92.0,5.45,120700,654541.0,5.44,5.43,5.42,5.41,5.4,5.39,5.38,5.37,5.36,5.35,5.45,5.46,5.47,5.48,5.49,5.5,5.51,5.52,5.53,5.54,21000,19500,42400,94100,51000,43300,25600,17500,28900,39900,8400,34100,27000,5000,30900,15400,48600,11000,7000,7000
93.0,5.45,121300,657811.0,5.44,5.43,5.42,5.41,5.4,5.39,5.38,5.37,5.36,5.35,5.45,5.46,5.47,5.48,5.49,5.5,5.51,5.52,5.53,5.54,21000,18300,42400,94100,51000,43300,25600,17500,28900,39900,8800,34100,27000,5000,30900,15400,48600,11000,7000,7000
94.0,5.45,121300,657811.0,5.44,5.43,5.42,5.41,5.4,5.39,5.38,5.37,5.36,5.35,5.45,5.46,5.47,5.48,5.49,5.5,5.51,5.52,5.53,5.54,21000,18300,42400,94100,51000,43300,25600,17500,28900,39900,8800,34100,27000,5000,30900,15400,48600,11000,7000,7000
95.0,5.45,121300,657811.0,5.44,5.43,5.42,5.41,5.4,5.39,5.38,5.37,5.36,5.35,5.45,5.46,5.47,5.48,5.49,5.5,5.51,5.52,5.53,5.54,21000,18300,42400,94100,51000,43300,25600,33300,28900,39900,8800,34100,27000,5000,30900,15400,48600,11000,7000,7000
96.0,5.45,121600,659446.0,5.44,5.43,5.42,5.41,5.4,5.39,5.38,5.37,5.36,5.35,5.45,5.46,5.47,5.48,5.49,5.5,5.51,5.52,5.53,5.54,80400,18300,42400,94100,51000,43300,25600,33300,28900,39900,8500,34100,27000,5000,30900,15400,48600,11000,7000,7000
97.0,5.44,123400,669238.0,5.44,5.43,5.42,5.41,5.4,5.39,5.38,5.37,5.36,5.35,5.45,5.46,5.47,5.48,5.49,5.5,5.51,5.52,5.53,5.54,80000,17100,42400,94100,51000,43300,25600,33300,28900,39900,11500,34100,27000,5000,30900,15400,48600,11000,7000,7000
98.0,5.44,123400,669238.0,5.44,5.43,5.42,5.41,5.4,5.39,5.38,5.37,5.36,5.35,5.45,5.46,5.47,5.48,5.49,5.5,5.51,5.52,5.53,5.54,80000,16800,42400,94100,51000,43300,25600,33300,28900,39900,11500,33900,27000,5000,30900,15400,48600,11000,7000,7000
99.0,5.44,125200,679030.0,5.44,5.43,5.42,5.41,5.4,5.39,5.38,5.37,5.36,5.35,5.45,5.46,5.47,5.48,5.49,5.5,5.51,5.52,5.53,5.54,78200,16800,44400,94100,51000,43300,25600,33300,28900,39900,14500,33900,27000,5000,30900,15400,48600,11000,7000,7000
100.0,5.45,128100,694835.0,5.44,5.43,5.42,5.41,5.4,5.39,5.38,5.37,5.36,5.35,5.45,5.46,5.47,5.48,5.49,5.5,5.51,5.52,5.53,5.54,78200,16800,44400,94100,51000,43300,25600,33300,28900,39900,11600,33900,47000,5000,30900,15400,48600,11000,7000,7000
101.0,5.45,128100,694835.0,5.44,5.43,5.42,5.41,5.4,5.39,5.38,5.37,5.36,5.35,5.45,5.46,5.47,5.48,5.49,5.5,5.51,5.52,5.53,5.54,18800,16800,44400,94100,51000,43300,25600,33300,28900,39900,11600,34900,47000,5000,30900,15400,48600,11000,7000,7000
102.0,5.44,129900,704627.0,5.44,5.43,5.42,5.41,5.4,5.39,5.38,5.37,5.36,5.35,5.45,5.46,5.47,5.48,5.49,5.5,5.51,5.52,5.53,5.54,17000,16800,44400,94100,51000,43300,25600,33300,28900,39900,11600,34900,47000,5000,30900,15400,48600,11000,7000,7000
103.0,5.45,131900,715527.0,5.44,5.43,5.42,5.41,5.4,5.39,5.38,5.37,5.36,5.35,5.45,5.46,5.47,5.48,5.49,5.5,5.51,5.52,5.53,5.54,17000,16800,44400,94100,51000,43300,25600,33300,28900,39900,9600,34900,47000,5000,30900,15400,48600,11000,7000,7000
104.0,5.45,141500,767847.0,5.45,5.44,5.43,5.42,5.41,5.4,5.39,5.38,5.37,5.36,5.46,5.47,5.48,5.49,5.5,5.51,5.52,5.53,5.54,5.55,49800,18200,16800,44400,94100,50000,43300,25600,33300,28900,34900,47000,5000,30900,15400,48600,11000,7000,7000,6600
105.0,5.45,141500,767847.0,5.45,5.44,5.43,5.42,5.41,5.4,5.39,5.38,5.37,5.36,5.46,5.47,5.48,5.49,5.5,5.51,5.52,5.53,5.54,5.55,50100,18200,17900,44400,89100,50000,43300,25600,33300,28900,34900,47000,5000,30900,15400,48600,11000,7000,7000,6600
106.0,5.45,143300,777657.0,5.45,5.44,5.43,5.42,5.41,5.4,5.39,5.38,5.37,5.36,5.46,5.47,5.48,5.49,5.5,5.51,5.52,5.53,5.54,5.55,48300,18200,17900,44400,89100,50000,43300,25600,33300,28900,34900,47000,5000,30900,15400,48600,11000,7000,7000,6600
107.0,5.45,143300,777657.0,5.45,5.44,5.43,5.42,5.41,5.4,5.39,5.38,5.37,5.36,5.46,5.47,5.48,5.49,5.5,5.51,5.52,5.53,5.54,5.55,48300,15900,17900,44400,89100,50000,43300,25600,33300,28900,34900,47000,5000,30900,15400,48600,11000,7000,7000,6600
108.0,5.45,143300,777657.0,5.45,5.44,5.43,5.42,5.41,5.4,5.39,5.38,5.37,5.36,5.46,5.47,5.48,5.49,5.5,5.51,5.52,5.53,5.54,5.55,68300,15500,18600,44400,89100,50000,43300,25600,33300,28900,34900,47000,5000,30900,15400,48600,11000,7000,7000,6600
109.0,5.45,145100,787467.0,5.45,5.44,5.43,5.42,5.41,5.4,5.39,5.38,5.37,5.36,5.46,5.47,5.48,5.49,5.5,5.51,5.52,5.53,5.54,5.55,66500,15500,18600,44400,89100,50000,43300,25600,33300,28900,34900,47000,5000,30900,15400,48600,11000,7000,7000,6600
110.0,5.45,145100,787467.0,5.45,5.44,5.43,5.42,5.41,5.4,5.39,5.38,5.37,5.36,5.46,5.47,5.48,5.49,5.5,5.51,5.52,5.53,5.54,5.55,66500,15500,18600,44400,89100,50000,43300,25600,33300,28900,34900,47000,5000,27400,15400,48600,11000,7000,7000,6600
111.0,5.45,157500,855083.0,5.45,5.44,5.43,5.42,5.41,5.4,5.39,5.38,5.37,5.36,5.46,5.47,5.48,5.49,5.5,5.51,5.52,5.53,5.54,5.55,57700,14100,18600,44400,89100,50000,43300,25600,33300,28900,31300,47000,5000,27400,15400,48600,11000,7000,7000,6600
112.0,5.45,160900,873613.0,5.45,5.44,5.43,5.42,5.41,5.4,5.39,5.38,5.37,5.36,5.46,5.47,5.48,5.49,5.5,5.51,5.52,5.53,5.54,5.55,54300,14100,18600,44400,89100,50000,43300,25600,33300,28900,31300,47000,25000,27400,15900,48600,11000,7000,7000,6600
113.0,5.46,161100,874704.0,5.45,5.44,5.43,5.42,5.41,5.4,5.39,5.38,5.37,5.36,5.46,5.47,5.48,5.49,5.5,5.51,5.52,5.53,5.54,5.55,54200,14100,17900,44400,89100,50000,43300,25600,33300,28900,31200,47000,25000,27400,15900,48600,11000,7000,7000,6600
114.0,5.46,161100,874704.0,5.45,5.44,5.43,5.42,5.41,5.4,5.39,5.38,5.37,5.36,5.46,5.47,5.48,5.49,5.5,5.51,5.52,5.53,5.54,5.55,54200,14100,17900,44400,89100,50000,43300,25600,33300,28900,31200,47000,25000,27400,15900,48600,11000,7000,7000,6600
115.0,5.46,161100,874704.0,5.45,5.44,5.43,5.42,5.41,5.4,5.39,5.38,5.37,5.36,5.46,5.47,5.48,5.49,5.5,5.51,5.52,5.53,5.54,5.55,54500,14100,17900,44400,89100,50000,43300,25600,33300,28900,31200,47000,25000,27400,15900,48600,11000,7000,7000,6600
116.0,5.46,164900,895434.0,5.45,5.44,5.43,5.42,5.41,5.4,5.39,5.38,5.37,5.36,5.46,5.47,5.48,5.49,5.5,5.51,5.52,5.53,5.54,5.55,52700,14200,18200,44400,89100,50000,43300,25600,33300,28900,29200,47000,25000,27400,15900,48600,11000,7000,7000,6600
117.0,5.46,165300,897618.0,5.45,5.44,5.43,5.42,5.41,5.4,5.39,5.38,5.37,5.36,5.46,5.47,5.48,5.49,5.5,5.51,5.52,5.53,5.54,5.55,52700,14200,18200,44400,89100,49000,43300,25600,33300,28900,28800,47000,25000,27400,15900,48600,11000,7000,7000,6600
118.0,5.46,165300,897618.0,5.45,5.44,5.43,5.42,5.41,5.4,5.39,5.38,5.37,5.36,5.46,5.47,5.48,5.49,5.5,5.51,5.52,5.53,5.54,5.55,52700,14200,18200,44400,89100,49000,43300,25600,33300,28900,31100,47000,25000,27400,15900,48600,16000,7000,7000,6600
119.0,5.45,167100,907428.0,5.45,5.44,5.43,5.42,5.41,5.4,5.39,5.38,5.37,5.36,5.46,5.47,5.48,5.49,5.5,5.51,5.52,5.53,5.54,5.55,50900,14200,18200,44400,89100,49000,43300,25600,33300,28900,31100,47000,25000,27400,15900,48600,16000,7000,7000,6600
120.0,5.45,168900,917238.0,5.45,5.44,5.43,5.42,5.41,5.4,5.39,5.38,5.37,5.36,5.46,5.47,5.48,5.49,5.5,5.51,5.52,5.53,5.54,5.55,49100,14200,18200,44400,89100,49000,43300,25600,33300,28900,31100,47000,25000,27400,15900,48600,16000,7000,7000,6600
121.0,5.46,169200,918876.0,5.45,5.44,5.43,5.42,5.41,5.4,5.39,5.38,5.37,5.36,5.46,5.47,5.48,5.49,5.5,5.51,5.52,5.53,5.54,5.55,49100,14200,18200,44400,89100,49000,43300,25600,33300,28900,40900,47000,25000,27400,15900,48600,16000,7000,7000,6600
122.0,5.46,188700,1025346.0,5.45,5.44,5.43,5.42,5.41,5.4,5.39,5.38,5.37,5.36,5.46,5.47,5.48,5.49,5.5,5.51,5.52,5.53,5.54,5.55,49100,14200,18200,44400,89100,49000,43300,25600,33300,28900,21400,49000,25000,27400,15900,48600,16000,7000,15000,6600
123.0,5.46,194100,1054812.0,5.45,5.44,5.43,5.42,5.41,5.4,5.39,5.38,5.37,5.36,5.46,5.47,5.48,5.49,5.5,5.51,5.52,5.53,5.54,5.55,47300,14200,18200,44400,89100,49000,43300,25600,33300,28900,17800,49000,25000,27400,15900,48600,16000,7000,15000,6600
124.0,5.46,194100,1054812.0,5.45,5.44,5.43,5.42,5.41,5.4,5.39,5.38,5.37,5.36,5.46,5.47,5.48,5.49,5.5,5.51,5.52,5.53,5.54,5.55,47300,14200,18200,44400,89100,49000,21100,25600,33300,28900,17800,49000,25000,27400,15900,48600,16000,7000,15000,6600
125.0,5.46,194100,1054812.0,5.45,5.44,5.43,5.42,5.41,5.4,5.39,5.38,5.37,5.36,5.46,5.47,5.48,5.49,5.5,5.51,5.52,5.53,5.54,5.55,47300,14200,18200,44400,89100,49000,21100,25600,33300,28900,17800,49000,25000,27400,15900,48600,16000,7000,15000,6600
126.0,5.46,199900,1086444.0,5.45,5.44,5.43,5.42,5.41,5.4,5.39,5.38,5.37,5.36,5.46,5.47,5.48,5.49,5.5,5.51,5.52,5.53,5.54,5.55,43700,14200,18200,44400,89100,49000,21100,25600,33300,28900,15600,49000,25000,27400,15900,48600,16000,7000,15000,7600
127.0,5.46,199900,1086444.0,5.45,5.44,5.43,5.42,5.41,5.4,5.39,5.38,5.37,5.36,5.46,5.47,5.48,5.49,5.5,5.51,5.52,5.53,5.54,5.55,43700,14200,18200,44400,89100,49000,21100,25600,33300,28900,17100,49000,25000,27400,15900,48600,16000,7000,15000,7600
128.0,5.46,199900,1086444.0,5.45,5.44,5.43,5.42,5.41,5.4,5.39,5.38,5.37,5.36,5.46,5.47,5.48,5.49,5.5,5.51,5.52,5.53,5.54,5.55,43700,14200,18200,44400,89100,49000,21100,25600,33300,28900,17100,49000,25000,27400,15900,48600,16000,7000,15000,7600
129.0,5.46,202500,1100634.0,5.45,5.44,5.43,5.42,5.41,5.4,5.39,5.38,5.37,5.36,5.46,5.47,5.48,5.49,5.5,5.51,5.52,5.53,5.54,5.55,43100,14100,18200,44400,89100,49000,21100,25600,33300,28900,18100,49000,25000,27400,15900,48600,16000,7000,15000,7600
130.0,5.45,204300,1110444.0,5.45,5.44,5.43,5.42,5.41,5.4,5.39,5.38,5.37,5.36,5.46,5.47,5.48,5.49,5.5,5.51,5.52,5.53,5.54,5.55,41300,14100,18200,44400,89100,49000,21100,25600,33300,28900,18100,49000,25000,27400,15900,48600,16000,7000,15000,7600
131.0,5.46,204800,1113174.0,5.45,5.44,5.43,5.42,5.41,5.4,5.39,5.38,5.37,5.36,5.46,5.47,5.48,5.49,5.5,5.51,5.52,5.53,5.54,5.55,41300,14100,18200,44400,89100,49000,21100,25600,33300,28900,17600,55700,25000,32400,15900,48600,16000,7000,15000,7600
132.0,5.45,205600,1117534.0,5.45,5.44,5.43,5.42,5.41,5.4,5.39,5.38,5.37,5.36,5.46,5.47,5.48,5.49,5.5,5.51,5.52,5.53,5.54,5.55,40500,14100,18200,44400,89100,49000,21100,25600,33300,28900,17600,55700,25000,32400,15900,48600,16000,7000,15000,7600
133.0,5.45,205600,1117534.0,5.45,5.44,5.43,5.42,5.41,5.4,5.39,5.38,5.37,5.36,5.46,5.47,5.48,5.49,5.5,5.51,5.52,5.53,5.54,5.55,40500,14100,18200,44400,89100,49000,21100,25600,33300,28900,17600,55700,25000,32400,15900,48600,16000,7000,15000,7600
134.0,5.45,209200,1137154.0,5.45,5.44,5.43,5.42,5.41,5.4,5.39,5.38,5.37,5.36,5.46,5.47,5.48,5.49,5.5,5.51,5.52,5.53,5.54,5.55,36900,14100,18800,44400,89100,49000,21100,25600,33300,28900,17600,55700,25000,32400,16500,48600,16000,7000,15000,7600
135.0,5.45,212800,1156774.0,5.45,5.44,5.43,5.42,5.41,5.4,5.39,5.38,5.37,5.36,5.46,5.47,5.48,5.49,5.5,5.51,5.52,5.53,5.54,5.55,33300,14100,18800,44400,89100,49000,21100,25600,33300,28900,17600,55700,25000,32400,16500,48600,16000,7000,15000,7600
136.0,5.45,212800,1156774.0,5.45,5.44,5.43,5.42,5.41,5.4,5.39,5.38,5.37,5.36,5.46,5.47,5.48,5.49,5.5,5.51,5.52,5.53,5.54,5.55,33300,14100,18800,44400,89100,36000,21100,25600,33300,28900,17600,55700,25000,32400,16500,48600,16000,7000,15000,7600
137.0,5.45,215000,1168764.0,5.45,5.44,5.43,5.42,5.41,5.4,5.39,5.38,5.37,5.36,5.46,5.47,5.48,5.49,5.5,5.51,5.52,5.53,5.54,5.55,31100,14100,18800,44400,89100,36000,21100,25600,33300,28900,17600,55700,25000,32400,16500,48600,16000,7000,15000,7600
138.0,5.45,215800,1173124.0,5.45,5.44,5.43,5.42,5.41,5.4,5.39,5.38,5.37,5.36,5.46,5.47,5.48,5.49,5.5,5.51,5.52,5.53,5.54,5.55,30300,14100,18800,44400,89100,36000,21100,25600,33300,28900,23200,55700,25000,32400,16500,48600,16000,7000,15000,7600
139.0,5.45,216500,1176944.0,5.45,5.44,5.43,5.42,5.41,5.4,5.39,5.38,5.37,5.36,5.46,5.47,5.48,5.49,5.5,5.51,5.52,5.53,5.54,5.55,30100,14100,18800,44400,89100,36000,21100,25600,33300,28900,22700,55700,25000,32400,16700,48600,16000,7000,15000,7600
140.0,5.45,246600,1340989.0,5.44,5.43,5.42,5.41,5.4,5.39,5.38,5.37,5.36,5.35,5.45,5.46,5.47,5.48,5.49,5.5,5.51,5.52,5.53,5.54,14100,18800,44400,89100,36000,21100,25600,33300,28900,31900,200,22700,55700,25000,32400,16700,48600,16000,7000,15000
141.0,5.45,249100,1354600.0,5.44,5.43,5.42,5.41,5.4,5.39,5.38,5.37,5.36,5.35,5.45,5.46,5.47,5.48,5.49,5.5,5.51,5.52,5.53,5.54,12900,18800,44400,90100,36000,21100,25600,33300,28900,31900,19300,22700,55700,25000,32400,16700,48600,16000,7000,15000
142.0,5.45,250000,1359505.0,5.44,5.43,5.42,5.41,5.4,5.39,5.38,5.37,5.36,5.35,5.45,5.46,5.47,5.48,5.49,5.5,5.51,5.52,5.53,5.54,12900,18800,44400,90100,36000,21100,25600,33300,29300,31900,18500,22700,54200,25000,32400,16700,48600,16000,7000,15000
143.0,5.45,268400,1459785.0,5.44,5.43,5.42,5.41,5.4,5.39,5.38,5.37,5.36,5.35,5.45,5.46,5.47,5.48,5.49,5.5,5.51,5.52,5.53,5.54,12900,18800,44400,90100,36000,21100,25600,33300,29300,31900,200,27200,54200,25000,32400,16700,48600,16000,7000,15000
144.0,5.45,270000,1468493.0,5.44,5.43,5.42,5.41,5.4,5.39,5.38,5.37,5.36,5.35,5.45,5.46,5.47,5.48,5.49,5.5,5.51,5.52,5.53,5.54,11700,18800,44400,112200,36000,21100,25600,33300,29300,31900,4300,27200,54200,25000,32400,16700,48600,16000,7000,15000
145.0,5.45,270000,1468493.0,5.44,5.43,5.42,5.41,5.4,5.39,5.38,5.37,5.36,5.35,5.45,5.46,5.47,5.48,5.49,5.5,5.51,5.52,5.53,5.54,11700,18800,44400,112200,36000,21100,25600,33300,29300,31900,8400,27200,54200,26100,32400,16700,48600,16000,7000,15000
146.0,5.45,270000,1468493.0,5.44,5.43,5.42,5.41,5.4,5.39,5.38,5.37,5.36,5.35,5.45,5.46,5.47,5.48,5.49,5.5,5.51,5.52,5.53,5.54,11700,18800,44400,112200,36000,21100,24600,33300,29300,31900,8400,27200,54200,26100,32400,16700,48600,16000,7000,15000
147.0,5.44,273400,1486989.0,5.44,5.43,5.42,5.41,5.4,5.39,5.38,5.37,5.36,5.35,5.45,5.46,5.47,5.48,5.49,5.5,5.51,5.52,5.53,5.54,8300,18800,44400,112200,36000,21100,24600,33300,29300,31900,8400,27200,54200,26100,32400,16700,48600,16000,7000,15000
148.0,5.44,274200,1491341.0,5.44,5.43,5.42,5.41,5.4,5.39,5.38,5.37,5.36,5.35,5.45,5.46,5.47,5.48,5.49,5.5,5.51,5.52,5.53,5.54,7500,18800,44400,112200,36000,21100,24600,33300,29300,31900,62200,27200,54200,26100,32400,16700,48600,16000,7000,15000
149.0,5.44,274200,1491341.0,5.44,5.43,5.42,5.41,5.4,5.39,5.38,5.37,5.36,5.35,5.45,5.46,5.47,5.48,5.49,5.5,5.51,5.52,5.53,5.54,7500,18800,44400,112200,13900,21100,24600,33300,29300,31900,65200,27200,54200,26100,32400,16700,48600,16000,7000,15000
150.0,5.45,276500,1503876.0,5.44,5.43,5.42,5.41,5.4,5.39,5.38,5.37,5.36,5.35,5.45,5.46,5.47,5.48,5.49,5.5,5.51,5.52,5.53,5.54,7500,18800,44400,112200,13900,21100,24600,33300,29300,31900,62900,27200,54200,26100,32400,26700,48600,16000,7000,15000
151.0,5.44,281200,1529444.0,5.44,5.43,5.42,5.41,5.4,5.39,5.38,5.37,5.36,5.35,5.45,5.46,5.47,5.48,5.49,5.5,5.51,5.52,5.53,5.54,2800,18800,44400,112200,13900,21100,24600,33300,29300,31900,62900,27200,54200,26100,32400,26700,48600,16000,7000,15000
152.0,5.45,283200,1540344.0,5.44,5.43,5.42,5.41,5.4,5.39,5.38,5.37,5.36,5.35,5.45,5.46,5.47,5.48,5.49,5.5,5.51,5.52,5.53,5.54,2800,18800,44400,112200,13900,21100,24600,33300,29300,31900,65700,22600,54300,26100,32400,26700,48600,16000,7000,15000
153.0,5.44,285400,1552312.0,5.44,5.43,5.42,5.41,5.4,5.39,5.38,5.37,5.36,5.35,5.45,5.46,5.47,5.48,5.49,5.5,5.51,5.52,5.53,5.54,600,18800,44400,112200,13900,21100,24600,33300,29300,31900,80400,24400,54300,26100,32400,26700,48600,16000,7000,15000
154.0,5.44,285400,1552312.0,5.44,5.43,5.42,5.41,5.4,5.39,5.38,5.37,5.36,5.35,5.45,5.46,5.47,5.48,5.49,5.5,5.51,5.52,5.53,5.54,600,18800,44400,112200,13900,21100,24600,33300,29300,31900,80400,26400,54300,26100,32400,26700,48600,16000,7000,15000
155.0,5.45,287000,1561032.0,5.44,5.43,5.42,5.41,5.4,5.39,5.38,5.37,5.36,5.35,5.45,5.46,5.47,5.48,5.49,5.5,5.51,5.52,5.53,5.54,600,18800,44400,112200,13900,21100,24600,33300,29300,31900,78800,26400,54300,26100,32400,28700,48600,16000,7000,15000
156.0,5.44,290300,1578984.0,5.43,5.42,5.41,5.4,5.39,5.38,5.37,5.36,5.35,5.34,5.44,5.45,5.46,5.47,5.48,5.49,5.5,5.51,5.52,5.53,17500,44400,112200,13900,21100,24600,33300,29300,31900,8900,16700,78800,26400,54300,29900,32400,28700,48600,16000,7000
157.0,5.44,290300,1578984.0,5.43,5.42,5.41,5.4,5.39,5.38,5.37,5.36,5.35,5.34,5.44,5.45,5.46,5.47,5.48,5.49,5.5,5.51,5.52,5.53,17500,44400,112200,13900,21100,24600,33300,29300,31900,8900,16700,78800,26400,54300,29900,32400,28700,48600,16000,7000
158.0,5.44,296100,1610484.0,5.43,5.42,5.41,5.4,5.39,5.38,5.37,5.36,5.35,5.34,5.44,5.45,5.46,5.47,5.48,5.49,5.5,5.51,5.52,5.53,12300,44400,112200,13900,21100,24600,33300,29300,31900,8900,16100,78800,26400,54300,29900,32400,28700,48600,16000,7000
159.0,5.44,296100,1610484.0,5.43,5.42,5.41,5.4,5.39,5.38,5.37,5.36,5.35,5.34,5.44,5.45,5.46,5.47,5.48,5.49,5.5,5.51,5.52,5.53,12300,44400,112200,13900,21100,24600,33300,29300,31900,8900,16100,78800,26400,54300,29900,32400,28700,48600,16000,7000
160.0,5.44,296100,1610484.0,5.43,5.42,5.41,5.4,5.39,5.38,5.37,5.36,5.35,5.34,5.44,5.45,5.46,5.47,5.48,5.49,5.5,5.51,5.52,5.53,12300,47400,112200,13900,21100,24600,33300,29300,31900,8900,16100,78800,26400,54300,29900,32400,28700,48600,16000,7000
161.0,5.44,299200,1627348.0,5.43,5.42,5.41,5.4,5.39,5.38,5.37,5.36,5.35,5.34,5.44,5.45,5.46,5.47,5.48,5.49,5.5,5.51,5.52,5.53,12300,47400,112200,13900,21100,24600,33300,29300,31900,8900,13000,78800,26400,54300,29900,32400,28700,48600,16000,7000
162.0,5.43,302400,1644724.0,5.43,5.42,5.41,5.4,5.39,5.38,5.37,5.36,5.35,5.34,5.44,5.45,5.46,5.47,5.48,5.49,5.5,5.51,5.52,5.53,10200,47400,112200,13900,21100,24600,33300,29300,31900,8900,13000,78800,26400,54300,29900,32400,28700,48600,16000,7000
163.0,5.43,303400,1650154.0,5.43,5.42,5.41,5.4,5.39,5.38,5.37,5.36,5.35,5.34,5.44,5.45,5.46,5.47,5.48,5.49,5.5,5.51,5.52,5.53,9200,47400,112200,13900,21100,24600,33300,29300,31900,8900,13000,78800,26400,54600,29900,32400,28700,48600,16000,7000
164.0,5.44,303600,1651242.0,5.43,5.42,5.41,5.4,5.39,5.38,5.37,5.36,5.35,5.34,5.44,5.45,5.46,5.47,5.48,5.49,5.5,5.51,5.52,5.53,9700,47400,112200,13900,21100,24600,33300,29300,31900,8900,12800,81500,28400,54600,29900,32400,28700,48600,16000,7000
165.0,5.43,304500,1656129.0,5.43,5.42,5.41,5.4,5.39,5.38,5.37,5.36,5.35,5.34,5.44,5.45,5.46,5.47,5.48,5.49,5.5,5.51,5.52,5.53,8800,47400,112200,13900,24600,24600,33300,29300,31900,8900,12800,81500,28400,54600,29900,32400,28700,48600,16000,7000
166.0,5.44,306000,1664289.0,5.43,5.42,5.41,5.4,5.39,5.38,5.37,5.36,5.35,5.34,5.44,5.45,5.46,5.47,5.48,5.49,5.5,5.51,5.52,5.53,7700,69500,112200,13900,24600,24600,33300,29300,31900,8900,11300,81500,28400,54600,29900,32400,28700,48600,16000,7000
167.0,5.44,306000,1664289.0,5.43,5.42,5.41,5.4,5.39,5.38,5.37,5.36,5.35,5.34,5.44,5.45,5.46,5.47,5.48,5.49,5.5,5.51,5.52,5.53,7700,69500,112200,13900,24600,24600,33300,29300,31900,8900,11300,81500,28400,52600,29900,32400,28700,48600,16000,7000
168.0,5.44,306000,1664289.0,5.43,5.42,5.41,5.4,5.39,5.38,5.37,5.36,5.35,5.34,5.44,5.45,5.46,5.47,5.48,5.49,5.5,5.51,5.52,5.53,8300,69500,112200,13900,24600,24600,33300,26000,31900,8900,11300,83500,28400,52600,29900,32400,28700,48600,16000,7000
169.0,5.43,306800,1668633.0,5.43,5.42,5.41,5.4,5.39,5.38,5.37,5.36,5.35,5.34,5.44,5.45,5.46,5.47,5.48,5.49,5.5,5.51,5.52,5.53,7500,69500,112200,13900,24600,24600,33300,26000,31900,8900,11300,83500,33000,52600,29900,32400,28700,48600,16000,7000
170.0,5.43,309000,1680579.0,5.43,5.42,5.41,5.4,5.39,5.38,5.37,5.36,5.35,5.34,5.44,5.45,5.46,5.47,5.48,5.49,5.5,5.51,5.52,5.53,6000,69500,112200,13900,24600,24600,33300,26000,31900,8900,11300,83500,33000,52600,29900,27700,28700,49600,16000,7000
171.0,5.43,309000,1680579.0,5.43,5.42,5.41,5.4,5.39,5.38,5.37,5.36,5.35,5.34,5.44,5.45,5.46,5.47,5.48,5.49,5.5,5.51,5.52,5.53,6000,69500,112200,13900,24600,24600,33300,26000,31900,8900,11300,83500,33000,52600,32000,27700,28700,49600,16000,7000
172.0,5.43,309600,1683837.0,5.43,5.42,5.41,5.4,5.39,5.38,5.37,5.36,5.35,5.34,5.44,5.45,5.46,5.47,5.48,5.49,5.5,5.51,5.52,5.53,5400,69500,112200,13900,24600,24600,33300,26000,31900,8900,11300,83500,33000,52600,32000,27700,28700,49600,16000,7000
173.0,5.43,309600,1683837.0,5.43,5.42,5.41,5.4,5.39,5.38,5.37,5.36,5.35,5.34,5.44,5.45,5.46,5.47,5.48,5.49,5.5,5.51,5.52,5.53,6400,69500,112200,13900,24600,24600,33300,26000,31900,8900,11300,83500,33000,52600,32000,27700,28700,49600,16000,7000
174.0,5.43,309600,1683837.0,5.43,5.42,5.41,5.4,5.39,5.38,5.37,5.36,5.35,5.34,5.44,5.45,5.46,5.47,5.48,5.49,5.5,5.51,5.52,5.53,6400,69500,112200,13900,24600,24600,33300,26000,31900,8900,11300,78700,33000,52600,32000,27700,28700,49600,16000,7000
175.0,5.43,309600,1683837.0,5.43,5.42,5.41,5.4,5.39,5.38,5.37,5.36,5.35,5.34,5.44,5.45,5.46,5.47,5.48,5.49,5.5,5.51,5.52,5.53,10300,69500,112200,13900,24600,24600,33300,26000,31900,8900,11300,78700,33000,52600,32000,27700,30700,49600,16000,7000
176.0,5.44,310900,1690899.0,5.43,5.42,5.41,5.4,5.39,5.38,5.37,5.36,5.35,5.34,5.44,5.45,5.46,5.47,5.48,5.49,5.5,5.51,5.52,5.53,9300,69500,112200,13900,24600,24600,33300,26000,31900,8900,11000,78700,33000,52600,32000,27700,30700,49600,16000,7000
177.0,5.44,310900,1690899.0,5.43,5.42,5.41,5.4,5.39,5.38,5.37,5.36,5.35,5.34,5.44,5.45,5.46,5.47,5.48,5.49,5.5,5.51,5.52,5.53,9300,69500,103700,13900,24600,24600,33300,26000,31900,8900,11000,78700,33000,52600,32000,27700,30700,49600,16000,7000
178.0,5.43,311800,1695786.0,5.43,5.42,5.41,5.4,5.39,5.38,5.37,5.36,5.35,5.34,5.44,5.45,5.46,5.47,5.48,5.49,5.5,5.51,5.52,5.53,8400,69500,103700,13900,24600,24600,33300,26000,31900,8900,11000,78700,33000,52600,32000,27700,30700,49600,16000,7000
179.0,5.43,312600,1700130.0,5.43,5.42,5.41,5.4,5.39,5.38,5.37,5.36,5.35,5.34,5.44,5.45,5.46,5.47,5.48,5.49,5.5,5.51,5.52,5.53,8800,69500,103700,13900,24600,24600,33300,26000,31900,8900,11000,78700,33000,52600,32000,27700,30700,49600,16000,7000
180.0,5.43,312600,1700130.0,5.43,5.42,5.41,5.4,5.39,5.38,5.37,5.36,5.35,5.34,5.44,5.45,5.46,5.47,5.48,5.49,5.5,5.51,5.52,5.53,8800,69500,103700,13900,24600,24600,17500,26000,31900,8900,11000,78700,34000,52600,32000,27700,30700,49600,16000,7000
181.0,5.44,320200,1741474.0,5.43,5.42,5.41,5.4,5.39,5.38,5.37,5.36,5.35,5.34,5.44,5.45,5.46,5.47,5.48,5.49,5.5,5.51,5.52,5.53,9000,69500,103700,13900,24600,24600,17500,29000,31900,8900,3400,78700,34000,52600,32000,27700,30700,49600,16000,7000
182.0,5.44,323700,1760496.0,5.43,5.42,5.41,5.4,5.39,5.38,5.37,5.36,5.35,5.34,5.44,5.45,5.46,5.47,5.48,5.49,5.5,5.51,5.52,5.53,7200,69500,103700,13900,24600,24600,17500,29000,31900,8900,1700,78700,34000,52600,32000,27700,30700,49600,16000,7000
183.0,5.43,324600,1765385.0,5.43,5.42,5.41,5.4,5.39,5.38,5.37,5.36,5.35,5.34,5.44,5.45,5.46,5.47,5.48,5.49,5.5,5.51,5.52,5.53,6500,69500,103700,13900,24600,24600,17500,29000,31900,8900,1500,78700,34000,52600,32000,27700,30700,49600,16000,7000
184.0,5.44,326100,1773545.0,5.44,5.43,5.42,5.41,5.4,5.39,5.38,5.37,5.36,5.35,5.45,5.46,5.47,5.48,5.49,5.5,5.51,5.52,5.53,5.54,6900,6500,69500,103700,16900,24600,24600,17500,29000,31900,78700,34000,52600,32000,27700,30700,49600,16000,7000,15000
185.0,5.44,326700,1776809.0,5.44,5.43,5.42,5.41,5.4,5.39,5.38,5.37,5.36,5.35,5.45,5.46,5.47,5.48,5.49,5.5,5.51,5.52,5.53,5.54,6300,6500,69500,103700,16900,24600,24600,17500,29000,31900,78700,34000,52700,32000,27700,30700,49600,16000,7000,15000
186.0,5.44,327300,1780073.0,5.44,5.43,5.42,5.41,5.4,5.39,5.38,5.37,5.36,5.35,5.45,5.46,5.47,5.48,5.49,5.5,5.51,5.52,5.53,5.54,5700,6500,69500,103700,16900,24600,24600,17500,29000,31900,78700,34000,52700,32000,27700,30700,49600,16000,7000,15000
187.0,5.44,327300,1780073.0,5.44,5.43,5.42,5.41,5.4,5.39,5.38,5.37,5.36,5.35,5.45,5.46,5.47,5.48,5.49,5.5,5.51,5.52,5.53,5.54,6700,6500,69500,103700,16900,24600,24600,17500,29000,31900,78700,34000,52700,32000,27700,30700,49600,16000,7000,15000
188.0,5.44,327300,1780073.0,5.44,5.43,5.42,5.41,5.4,5.39,5.38,5.37,5.36,5.35,5.45,5.46,5.47,5.48,5.49,5.5,5.51,5.52,5.53,5.54,7300,16500,69500,103700,16900,24600,24600,17500,29000,31900,79700,34000,52700,32000,27700,30700,49600,16000,7000,15000
189.0,5.44,327300,1780073.0,5.44,5.43,5.42,5.41,5.4,5.39,5.38,5.37,5.36,5.35,5.45,5.46,5.47,5.48,5.49,5.5,5.51,5.52,5.53,5.54,7300,16500,69500,104700,16900,24600,24600,17500,29000,31900,79700,34000,52700,32000,27700,30700,49600,16000,7000,15000
190.0,5.44,328000,1783881.0,5.44,5.43,5.42,5.41,5.4,5.39,5.38,5.37,5.36,5.35,5.45,5.46,5.47,5.48,5.49,5.5,5.51,5.52,5.53,5.54,6600,16500,69500,104700,16900,24600,24600,17500,29000,31900,79700,34000,52700,32000,27700,30700,49600,16000,7000,15000
191.0,5.44,328000,1783881.0,5.44,5.43,5.42,5.41,5.4,5.39,5.38,5.37,5.36,5.35,5.45,5.46,5.47,5.48,5.49,5.5,5.51,5.52,5.53,5.54,6600,16500,69500,104700,16900,24600,24600,17500,29000,31900,79700,34000,52700,32000,27700,30700,49600,16000,7000,15000
192.0,5.44,328000,1783881.0,5.44,5.43,5.42,5.41,5.4,5.39,5.38,5.37,5.36,5.35,5.45,5.46,5.47,5.48,5.49,5.5,5.51,5.52,5.53,5.54,7600,16500,69500,104700,16900,24600,24600,17500,29000,31900,79700,34000,52700,32000,27700,30700,49600,16000,7000,15000
193.0,5.44,329400,1791497.0,5.44,5.43,5.42,5.41,5.4,5.39,5.38,5.37,5.36,5.35,5.45,5.46,5.47,5.48,5.49,5.5,5.51,5.52,5.53,5.54,6200,16500,69500,104700,16900,24600,24600,17500,29000,31900,79700,34000,52700,32000,27700,30700,49600,16000,7000,15000
194.0,5.44,330600,1798025.0,5.44,5.43,5.42,5.41,5.4,5.39,5.38,5.37,5.36,5.35,5.45,5.46,5.47,5.48,5.49,5.5,5.51,5.52,5.53,5.54,7500,15300,71000,104700,16900,24600,24600,17500,29000,31900,79700,34000,52700,32000,31700,30700,49600,16000,7000,15000
195.0,5.44,330600,1798025.0,5.44,5.43,5.42,5.41,5.4,5.39,5.38,5.37,5.36,5.35,5.45,5.46,5.47,5.48,5.49,5.5,5.51,5.52,5.53,5.54,7500,15300,71000,104700,16900,24600,24600,17500,29000,31900,79700,34000,52700,32000,31700,30700,49600,16000,7000,15000
196.0,5.44,330600,1798025.0,5.44,5.43,5.42,5.41,5.4,5.39,5.38,5.37,5.36,5.35,5.45,5.46,5.47,5.48,5.49,5.5,5.51,5.52,5.53,5.54,7500,15300,71000,104700,16900,24600,24600,17500,29000,31900,79700,34000,52700,32000,31700,30700,49600,16000,7000,15000
197.0,5.44,331600,1803465.0,5.44,5.43,5.42,5.41,5.4,5.39,5.38,5.37,5.36,5.35,5.45,5.46,5.47,5.48,5.49,5.5,5.51,5.52,5.53,5.54,6800,15300,71000,104700,16900,24600,24600,17500,29000,31900,79700,34000,52700,32000,31700,30700,49600,16000,7000,15000
198.0,5.44,331600,1803465.0,5.44,5.43,5.42,5.41,5.4,5.39,5.38,5.37,5.36,5.35,5.45,5.46,5.47,5.48,5.49,5.5,5.51,5.52,5.53,5.54,6800,15300,71000,104700,16900,24600,24600,17500,29000,34900,92700,34000,52700,32000,31700,30700,49600,16000,7000,15000
199.0,5.44,331600,1803465.0,5.44,5.43,5.42,5.41,5.4,5.39,5.38,5.37,5.36,5.35,5.45,5.46,5.47,5.48,5.49,5.5,5.51,5.52,5.53,5.54,6800,15300,71000,104700,16900,24600,24600,17500,29000,34900,92700,34000,52700,32000,31700,30700,49600,16000,7000,15000
200.0,5.44,332200,1806729.0,5.44,5.43,5.42,5.41,5.4,5.39,5.38,5.37,5.36,5.35,5.45,5.46,5.47,5.48,5.49,5.5,5.51,5.52,5.53,5.54,6200,15300,71000,104700,16900,24600,24600,17500,29000,34900,92700,34000,52700,32000,31700,30700,49600,16000,7000,15000
201.0,5.44,332200,1806729.0,5.44,5.43,5.42,5.41,5.4,5.39,5.38,5.37,5.36,5.35,5.45,5.46,5.47,5.48,5.49,5.5,5.51,5.52,5.53,5.54,6200,25300,71000,104700,16400,24600,24600,17500,29000,34900,92700,34000,52700,32000,31700,30700,49600,16000,7000,15000
202.0,5.44,332200,1806729.0,5.44,5.43,5.42,5.41,5.4,5.39,5.38,5.37,5.36,5.35,5.45,5.46,5.47,5.48,5.49,5.5,5.51,5.52,5.53,5.54,6200,25300,71000,104700,16400,24600,24600,17500,29000,34900,92700,34000,52700,32000,31700,30700,49600,16000,7000,15000
203.0,5.44,332200,1806729.0,5.44,5.43,5.42,5.41,5.4,5.39,5.38,5.37,5.36,5.35,5.45,5.46,5.47,5.48,5.49,5.5,5.51,5.52,5.53,5.54,6200,25300,71000,104700,16400,24600,24600,17500,29000,34900,78000,34000,52700,32000,31700,30700,49600,16000,7000,15000
204.0,5.44,332200,1806729.0,5.44,5.43,5.42,5.41,5.4,5.39,5.38,5.37,5.36,5.35,5.45,5.46,5.47,5.48,5.49,5.5,5.51,5.52,5.53,5.54,6200,25300,71000,104700,16400,24600,24600,17500,29000,34900,78000,34000,52700,32000,31700,30700,49600,16000,7000,15000
205.0,5.44,332200,1806729.0,5.44,5.43,5.42,5.41,5.4,5.39,5.38,5.37,5.36,5.35,5.45,5.46,5.47,5.48,5.49,5.5,5.51,5.52,5.53,5.54,6200,25300,71000,104700,16400,24600,24600,17500,29000,34900,78000,34000,52700,32000,31700,30700,49600,16000,7000,15000
206.0,5.44,333400,1813257.0,5.44,5.43,5.42,5.41,5.4,5.39,5.38,5.37,5.36,5.35,5.45,5.46,5.47,5.48,5.49,5.5,5.51,5.52,5.53,5.54,5000,25300,71000,104700,16400,24600,24600,17500,29000,34900,78000,34000,52700,32000,31700,30700,49600,16000,7000,15000
207.0,5.44,333900,1815977.0,5.44,5.43,5.42,5.41,5.4,5.39,5.38,5.37,5.36,5.35,5.45,5.46,5.47,5.48,5.49,5.5,5.51,5.52,5.53,5.54,4500,25300,71000,104700,16400,24600,24600,17500,29000,34900,78000,34000,52700,32000,31700,30700,49600,16000,7000,15000
208.0,5.44,333900,1815977.0,5.44,5.43,5.42,5.41,5.4,5.39,5.38,5.37,5.36,5.35,5.45,5.46,5.47,5.48,5.49,5.5,5.51,5.52,5.53,5.54,4500,25300,71000,104700,16400,24600,24600,17500,29000,34900,78000,34000,52700,32000,31700,30700,49600,16000,7000,15000
209.0,5.44,333900,1815977.0,5.44,5.43,5.42,5.41,5.4,5.39,5.38,5.37,5.36,5.35,5.45,5.46,5.47,5.48,5.49,5.5,5.51,5.52,5.53,5.54,4500,25300,71000,104700,16400,24600,24600,17500,29000,34900,78000,34000,52700,32000,31700,30700,49600,16000,7000,15000
210.0,5.44,333900,1815977.0,5.44,5.43,5.42,5.41,5.4,5.39,5.38,5.37,5.36,5.35,5.45,5.46,5.47,5.48,5.49,5.5,5.51,5.52,5.53,5.54,4500,25300,71000,104700,16400,24600,24600,17500,29000,34900,78000,35900,52700,32000,31700,30700,49600,16000,7000,15000
211.0,5.44,335700,1825786.0,5.44,5.43,5.42,5.41,5.4,5.39,5.38,5.37,5.36,5.35,5.45,5.46,5.47,5.48,5.49,5.5,5.51,5.52,5.53,5.54,4700,25300,71000,104700,16400,24600,24600,17500,29000,34900,76300,35900,52700,32000,31700,30700,49600,16000,7000,15000
212.0,5.44,335800,1826330.0,5.44,5.43,5.42,5.41,5.4,5.39,5.38,5.37,5.36,5.35,5.45,5.46,5.47,5.48,5.49,5.5,5.51,5.52,5.53,5.54,4700,25300,71000,104700,16400,24600,24600,17500,29000,34900,76300,35900,52700,32000,31700,30700,49600,16000,7000,15000
213.0,5.44,335800,1826330.0,5.44,5.43,5.42,5.41,5.4,5.39,5.38,5.37,5.36,5.35,5.45,5.46,5.47,5.48,5.49,5.5,5.51,5.52,5.53,5.54,4700,25300,71000,104700,16400,24600,24600,17500,29000,34900,76300,35900,52700,32000,31700,30700,49600,16000,7000,15000
214.0,5.45,340900,1854121.0,5.44,5.43,5.42,5.41,5.4,5.39,5.38,5.37,5.36,5.35,5.45,5.46,5.47,5.48,5.49,5.5,5.51,5.52,5.53,5.54,4300,25300,71000,104700,16400,24600,24600,17500,29000,34900,78600,35900,52700,32000,31700,30700,49600,16000,7000,15000
215.0,5.45,340900,1854121.0,5.44,5.43,5.42,5.41,5.4,5.39,5.38,5.37,5.36,5.35,5.45,5.46,5.47,5.48,5.49,5.5,5.51,5.52,5.53,5.54,4500,25300,71000,104700,19200,24600,24600,17500,29000,34900,78600,35900,52700,32000,31700,30700,49600,16000,7000,15000
216.0,5.45,340900,1854121.0,5.44,5.43,5.42,5.41,5.4,5.39,5.38,5.37,5.36,5.35,5.45,5.46,5.47,5.48,5.49,5.5,5.51,5.52,5.53,5.54,4500,25300,71000,104700,19200,24600,24600,17500,29000,34900,78600,35900,52700,32000,31700,30700,49600,16000,7000,15000
217.0,5.45,344000,1871007.0,5.44,5.43,5.42,5.41,5.4,5.39,5.38,5.37,5.36,5.35,5.45,5.46,5.47,5.48,5.49,5.5,5.51,5.52,5.53,5.54,4900,25300,71000,106900,19200,24600,24600,17500,29000,34900,76400,35900,52700,32000,31700,30700,49600,16000,7000,15000
218.0,5.45,345100,1876999.0,5.44,5.43,5.42,5.41,5.4,5.39,5.38,5.37,5.36,5.35,5.45,5.46,5.47,5.48,5.49,5.5,5.51,5.52,5.53,5.54,5000,25300,71000,106900,19200,24600,24600,17500,29000,34900,75600,35900,52700,32000,31700,30700,49600,16000,7000,15000
219.0,5.44,345600,1879719.0,5.44,5.43,5.42,5.41,5.4,5.39,5.38,5.37,5.36,5.35,5.45,5.46,5.47,5.48,5.49,5.5,5.51,5.52,5.53,5.54,4500,25300,71000,106900,19200,24600,24600,17500,29000,34900,75600,35900,52700,32000,31700,30700,49600,16000,7000,15000
220.0,5.45,346200,1882989.0,5.44,5.43,5.42,5.41,5.4,5.39,5.38,5.37,5.36,5.35,5.45,5.46,5.47,5.48,5.49,5.5,5.51,5.52,5.53,5.54,8500,25300,71000,106900,19200,24600,24600,17500,29000,34900,75000,35900,52700,32000,31700,30700,49600,16000,7000,15000
221.0,5.45,346700,1885714.0,5.44,5.43,5.42,5.41,5.4,5.39,5.38,5.37,5.36,5.35,5.45,5.46,5.47,5.48,5.49,5.5,5.51,5.52,5.53,5.54,8800,25300,71000,106900,19200,24600,24600,17500,29000,34900,74500,35900,52700,32000,31700,30700,49600,16000,7000,15000
222.0,5.44,351000,1909113.0,5.44,5.43,5.42,5.41,5.4,5.39,5.38,5.37,5.36,5.35,5.45,5.46,5.47,5.48,5.49,5.5,5.51,5.52,5.53,5.54,5200,25300,71000,106900,19200,24600,24600,17500,29000,34900,73800,35900,52700,32000,31700,32700,49600,16000,7000,15000
223.0,5.45,352300,1916193.0,5.44,5.43,5.42,5.41,5.4,5.39,5.38,5.37,5.36,5.35,5.45,5.46,5.47,5.48,5.49,5.5,5.51,5.52,5.53,5.54,4700,25300,71000,106900,19200,24600,24600,17500,29000,34900,73000,35900,52700,32000,31700,32700,49600,16000,7000,15000
224.0,5.45,352300,1916193.0,5.44,5.43,5.42,5.41,5.4,5.39,5.38,5.37,5.36,5.35,5.45,5.46,5.47,5.48,5.49,5.5,5.51,5.52,5.53,5.54,5400,24300,71000,106900,19200,24600,24600,17500,29000,34900,73000,35900,52700,32000,31700,32700,49600,16000,7000,15000
225.0,5.45,352300,1916193.0,5.44,5.43,5.42,5.41,5.4,5.39,5.38,5.37,5.36,5.35,5.45,5.46,5.47,5.48,5.49,5.5,5.51,5.52,5.53,5.54,5400,24300,71000,106900,19200,24600,24600,17500,29000,34900,73000,35900,52700,32000,31700,42700,49600,16000,7000,15000
226.0,5.45,354200,1926543.0,5.44,5.43,5.42,5.41,5.4,5.39,5.38,5.37,5.36,5.35,5.45,5.46,5.47,5.48,5.49,5.5,5.51,5.52,5.53,5.54,4900,24300,71000,106900,19200,24600,24600,17500,29000,34900,71600,35900,52700,32000,31700,42700,49600,16000,7000,15000
227.0,5.45,354200,1926543.0,5.44,5.43,5.42,5.41,5.4,5.39,5.38,5.37,5.36,5.35,5.45,5.46,5.47,5.48,5.49,5.5,5.51,5.52,5.53,5.54,4900,24300,71000,106900,19200,24600,24600,17500,29000,34900,71600,35900,52700,32000,31700,42700,49600,16000,7000,15000
228.0,5.45,354200,1926543.0,5.44,5.43,5.42,5.41,5.4,5.39,5.38,5.37,5.36,5.35,5.45,5.46,5.47,5.48,5.49,5.5,5.51,5.52,5.53,5.54,4900,24300,71000,106900,19200,24600,24600,17500,29000,34900,71600,35900,52700,32000,31700,42700,49600,16000,7000,15000
229.0,5.45,358300,1948880.0,5.44,5.43,5.42,5.41,5.4,5.39,5.38,5.37,5.36,5.35,5.45,5.46,5.47,5.48,5.49,5.5,5.51,5.52,5.53,5.54,4100,24300,71000,106900,19200,24600,23600,17500,29000,34900,68300,35900,52700,32000,31700,42700,49600,16000,7000,15000
230.0,5.45,358400,1949425.0,5.44,5.43,5.42,5.41,5.4,5.39,5.38,5.37,5.36,5.35,5.45,5.46,5.47,5.48,5.49,5.5,5.51,5.52,5.53,5.54,4400,24300,81000,106900,19200,24600,23600,17500,29000,34900,68200,35900,52700,32000,31700,42700,49600,16000,7000,15000
231.0,5.45,358600,1950515.0,5.44,5.43,5.42,5.41,5.4,5.39,5.38,5.37,5.36,5.35,5.45,5.46,5.47,5.48,5.49,5.5,5.51,5.52,5.53,5.54,4400,25400,81000,106900,16000,24600,23600,17500,29000,34900,68000,35900,52700,32000,31700,42700,49600,16000,7000,15000
232.0,5.45,358600,1950515.0,5.44,5.43,5.42,5.41,5.4,5.39,5.38,5.37,5.36,5.35,5.45,5.46,5.47,5.48,5.49,5.5,5.51,5.52,5.53,5.54,4400,25400,81000,106900,16000,24600,23600,17500,29000,34900,68000,35900,52700,32000,31700,42700,49600,16000,7000,15000
233.0,5.44,359000,1952691.0,5.44,5.43,5.42,5.41,5.4,5.39,5.38,5.37,5.36,5.35,5.45,5.46,5.47,5.48,5.49,5.5,5.51,5.52,5.53,5.54,4700,25400,81000,106900,16000,24600,23600,17500,29000,34900,68000,35900,52700,32000,31700,42700,49600,16000,7000,15000
234.0,5.45,359100,1953236.0,5.44,5.43,5.42,5.41,5.4,5.39,5.38,5.37,5.36,5.35,5.45,5.46,5.47,5.48,5.49,5.5,5.51,5.52,5.53,5.54,7700,25400,81000,106900,16000,24600,23600,17500,29000,34900,67900,35900,52700,32000,31700,42700,49600,16000,7000,15000
235.0,5.45,359100,1953236.0,5.44,5.43,5.42,5.41,5.4,5.39,5.38,5.37,5.36,5.35,5.45,5.46,5.47,5.48,5.49,5.5,5.51,5.52,5.53,5.54,7700,25400,81000,106900,16000,24600,23600,17500,29000,34900,67900,35900,52700,32000,31700,42700,49600,16000,7000,15000
236.0,5.44,359800,1957044.0,5.44,5.43,5.42,5.41,5.4,5.39,5.38,5.37,5.36,5.35,5.45,5.46,5.47,5.48,5.49,5.5,5.51,5.52,5.53,5.54,7800,25400,82000,106900,16000,24600,23600,17500,29000,34900,72900,35900,52700,32000,31700,42700,49600,16000,7000,15000
237.0,5.44,361000,1963572.0,5.44,5.43,5.42,5.41,5.4,5.39,5.38,5.37,5.36,5.35,5.45,5.46,5.47,5.48,5.49,5.5,5.51,5.52,5.53,5.54,6600,25400,82000,106900,16000,24600,23600,17500,29000,34900,72900,35900,52700,32000,31700,42700,49600,16000,7000,15000
238.0,5.44,361000,1963572.0,5.44,5.43,5.42,5.41,5.4,5.39,5.38,5.37,5.36,5.35,5.45,5.46,5.47,5.48,5.49,5.5,5.51,5.52,5.53,5.54,6600,25400,82000,106900,16000,24600,23600,17500,29000,34900,72900,35900,52700,32000,31700,42700,49600,16000,7000,15000
239.0,5.44,361000,1963572.0,5.44,5.43,5.42,5.41,5.4,5.39,5.38,5.37,5.36,5.35,5.45,5.46,5.47,5.48,5.49,5.5,5.51,5.52,5.53,5.54,6600,25400,82000,106900,16000,24600,23600,17500,29000,34900,72900,35900,52700,32000,31700,42700,49600,16000,7000,15000
240.0,5.44,361600,1966836.0,5.44,5.43,5.42,5.41,5.4,5.39,5.38,5.37,5.36,5.35,5.45,5.46,5.47,5.48,5.49,5.5,5.51,5.52,5.53,5.54,6000,25400,82000,106900,16000,24600,23600,17500,29000,34900,72900,35900,52700,32000,31700,42700,49600,16000,7000,15000
241.0,5.44,362800,1973364.0,5.44,5.43,5.42,5.41,5.4,5.39,5.38,5.37,5.36,5.35,5.45,5.46,5.47,5.48,5.49,5.5,5.51,5.52,5.53,5.54,4800,25400,82000,106900,16000,24600,23600,17500,29000,34900,72900,35900,52700,33000,31700,42700,49600,16000,7000,15000
242.0,5.44,362800,1973364.0,5.44,5.43,5.42,5.41,5.4,5.39,5.38,5.37,5.36,5.35,5.45,5.46,5.47,5.48,5.49,5.5,5.51,5.52,5.53,5.54,4800,25400,82000,106900,16000,24600,23600,17500,29000,34900,72900,35900,52700,33000,31700,42700,49600,16000,7000,15000
243.0,5.44,362800,1973364.0,5.44,5.43,5.42,5.41,5.4,5.39,5.38,5.37,5.36,5.35,5.45,5.46,5.47,5.48,5.49,5.5,5.51,5.52,5.53,5.54,4800,25400,82000,106900,16000,24600,23600,17500,29000,34900,72900,35900,52700,33000,31700,42700,49600,16000,7000,15000
244.0,5.44,363600,1977716.0,5.44,5.43,5.42,5.41,5.4,5.39,5.38,5.37,5.36,5.35,5.45,5.46,5.47,5.48,5.49,5.5,5.51,5.52,5.53,5.54,4000,25400,82000,106900,16000,24600,23600,17500,29000,34900,72900,39900,52700,33000,31700,42700,49600,16000,7000,15000
245.0,5.44,363600,1977716.0,5.44,5.43,5.42,5.41,5.4,5.39,5.38,5.37,5.36,5.35,5.45,5.46,5.47,5.48,5.49,5.5,5.51,5.52,5.53,5.54,4000,25400,82000,106900,16000,24600,23600,17500,29000,34900,72900,39900,52700,33000,31700,42700,49600,16000,7000,15000
246.0,5.45,369600,2010416.0,5.44,5.43,5.42,5.41,5.4,5.39,5.38,5.37,5.36,5.35,5.45,5.46,5.47,5.48,5.49,5.5,5.51,5.52,5.53,5.54,4000,25400,82000,106900,16000,24600,23600,17500,29000,34900,66900,39900,52700,33000,31700,42700,49600,16000,7000,15000
247.0,5.44,370000,2012592.0,5.44,5.43,5.42,5.41,5.4,5.39,5.38,5.37,5.36,5.35,5.45,5.46,5.47,5.48,5.49,5.5,5.51,5.52,5.53,5.54,3600,25400,82000,106900,16000,24600,23600,17500,29000,34900,66900,39900,52700,33000,31700,42700,49600,16000,7000,15000
248.0,5.45,370100,2013137.0,5.44,5.43,5.42,5.41,5.4,5.39,5.38,5.37,5.36,5.35,5.45,5.46,5.47,5.48,5.49,5.5,5.51,5.52,5.53,5.54,3600,25400,82000,106900,16000,24600,23600,17500,29000,34900,66800,39900,52700,33000,31700,42700,49600,16000,7000,15000
249.0,5.45,370100,2013137.0,5.44,5.43,5.42,5.41,5.4,5.39,5.38,5.37,5.36,5.35,5.45,5.46,5.47,5.48,5.49,5.5,5.51,5.52,5.53,5.54,3600,25400,82000,106900,16000,24600,23600,17500,29000,34900,66800,39900,52700,33000,31700,42700,49600,16000,7000,15000
250.0,5.44,370400,2014769.0,5.44,5.43,5.42,5.41,5.4,5.39,5.38,5.37,5.36,5.35,5.45,5.46,5.47,5.48,5.49,5.5,5.51,5.52,5.53,5.54,3300,25400,82000,106900,16000,24600,23600,17500,29000,34900,66800,39900,52700,33000,31700,42700,49600,16000,7000,15000
251.0,5.44,370400,2014769.0,5.44,5.43,5.42,5.41,5.4,5.39,5.38,5.37,5.36,5.35,5.45,5.46,5.47,5.48,5.49,5.5,5.51,5.52,5.53,5.54,3300,25400,82000,106900,16000,24600,23600,17500,29000,34900,66800,39900,52700,33000,31700,42700,49600,16000,7000,15000
252.0,5.44,371300,2019665.0,5.44,5.43,5.42,5.41,5.4,5.39,5.38,5.37,5.36,5.35,5.45,5.46,5.47,5.48,5.49,5.5,5.51,5.52,5.53,5.54,2400,25400,82000,106900,16000,24600,23600,17500,29000,34900,66800,39900,52700,33000,31700,42700,49600,16000,7000,15000
253.0,5.44,371300,2019665.0,5.44,5.43,5.42,5.41,5.4,5.39,5.38,5.37,5.36,5.35,5.45,5.46,5.47,5.48,5.49,5.5,5.51,5.52,5.53,5.54,2400,25400,82000,106900,16000,24600,23600,17500,29000,34900,66800,36300,52700,33000,31700,42700,49600,16000,7000,15000
254.0,5.44,371500,2020753.0,5.44,5.43,5.42,5.41,5.4,5.39,5.38,5.37,5.36,5.35,5.45,5.46,5.47,5.48,5.49,5.5,5.51,5.52,5.53,5.54,2200,25400,82000,106900,16000,24600,23600,17500,29000,34900,66800,36300,52700,33000,31700,42700,49600,16000,7000,15000
255.0,5.44,371500,2020753.0,5.44,5.43,5.42,5.41,5.4,5.39,5.38,5.37,5.36,5.35,5.45,5.46,5.47,5.48,5.49,5.5,5.51,5.52,5.53,5.54,2200,25400,82000,106900,16000,24600,23600,17500,29000,34900,66800,36300,52700,33000,31700,42700,49600,16000,7000,15000
256.0,5.44,371500,2020753.0,5.44,5.43,5.42,5.41,5.4,5.39,5.38,5.37,5.36,5.35,5.45,5.46,5.47,5.48,5.49,5.5,5.51,5.52,5.53,5.54,2200,25400,82000,106900,16000,24600,23600,17500,29000,34900,66800,36300,52700,33000,31700,42700,49600,16000,7000,15000
257.0,5.44,371700,2021841.0,5.44,5.43,5.42,5.41,5.4,5.39,5.38,5.37,5.36,5.35,5.45,5.46,5.47,5.48,5.49,5.5,5.51,5.52,5.53,5.54,2000,25400,82000,106900,16000,24600,23600,17500,29000,34900,66800,36300,52700,33000,31700,42700,49600,16000,7000,15000
258.0,5.44,371700,2021841.0,5.44,5.43,5.42,5.41,5.4,5.39,5.38,5.37,5.36,5.35,5.45,5.46,5.47,5.48,5.49,5.5,5.51,5.52,5.53,5.54,2000,25400,82000,106900,16000,24600,23600,17500,29000,34900,66800,36300,52700,33000,31700,42700,49600,16000,7000,15000
259.0,5.44,373700,2032721.0,5.43,5.42,5.41,5.4,5.39,5.38,5.37,5.36,5.35,5.34,5.44,5.45,5.46,5.47,5.48,5.49,5.5,5.51,5.52,5.53,25400,82000,106900,16000,24600,23600,17500,29000,34900,8900,200,66800,36300,52700,33000,31700,42700,49600,16000,7000
260.0,5.44,373700,2032721.0,5.43,5.42,5.41,5.4,5.39,5.38,5.37,5.36,5.35,5.34,5.44,5.45,5.46,5.47,5.48,5.49,5.5,5.51,5.52,5.53,25400,82000,106900,16000,24600,23600,17500,29000,34900,8900,300,66800,36300,52700,33000,31700,42700,49600,16000,7000
261.0,5.43,375500,2042495.0,5.43,5.42,5.41,5.4,5.39,5.38,5.37,5.36,5.35,5.34,5.44,5.45,5.46,5.47,5.48,5.49,5.5,5.51,5.52,5.53,24100,82000,106900,16000,24600,23600,17500,29000,34900,8900,800,66800,36300,52700,33500,31700,42700,49600,16000,7000
262.0,5.43,375500,2042495.0,5.43,5.42,5.41,5.4,5.39,5.38,5.37,5.36,5.35,5.34,5.44,5.45,5.46,5.47,5.48,5.49,5.5,5.51,5.52,5.53,24100,82000,106900,16000,24600,23600,17500,29000,34900,8900,800,69800,36300,52700,33500,31700,42700,49600,16000,7000
263.0,5.43,375500,2042495.0,5.43,5.42,5.41,5.4,5.39,5.38,5.37,5.36,5.35,5.34,5.44,5.45,5.46,5.47,5.48,5.49,5.5,5.51,5.52,5.53,24100,82000,106900,16000,24600,23600,17500,29000,34900,8900,1400,69800,36300,52700,33500,31700,42700,49600,16000,7000
264.0,5.43,380900,2071817.0,5.43,5.42,5.41,5.4,5.39,5.38,5.37,5.36,5.35,5.34,5.44,5.45,5.46,5.47,5.48,5.49,5.5,5.51,5.52,5.53,18900,82000,106900,16000,24600,23600,17500,29000,34900,8900,1600,69800,36300,52700,33500,31700,42700,49600,16000,7000
265.0,5.44,381900,2077257.0,5.43,5.42,5.41,5.4,5.39,5.38,5.37,5.36,5.35,5.34,5.44,5.45,5.46,5.47,5.48,5.49,5.5,5.51,5.52,5.53,18900,82000,106900,16000,24600,23600,17500,29000,34900,8900,600,69800,36300,52700,33500,31700,42700,49600,16000,7000
266.0,5.44,381900,2077257.0,5.43,5.42,5.41,5.4,5.39,5.38,5.37,5.36,5.35,5.34,5.44,5.45,5.46,5.47,5.48,5.49,5.5,5.51,5.52,5.53,19100,82000,106900,16000,24600,23600,17500,29000,34900,8900,4300,69800,36300,52700,33500,31700,42700,49600,16000,7000
267.0,5.43,383700,2087031.0,5.43,5.42,5.41,5.4,5.39,5.38,5.37,5.36,5.35,5.34,5.44,5.45,5.46,5.47,5.48,5.49,5.5,5.51,5.52,5.53,17300,82000,106900,16000,24600,23600,17500,29000,34900,8900,4300,69800,36300,52700,33500,31700,42700,49600,16000,7000
268.0,5.43,385400,2096262.0,5.43,5.42,5.41,5.4,5.39,5.38,5.37,5.36,5.35,5.34,5.44,5.45,5.46,5.47,5.48,5.49,5.5,5.51,5.52,5.53,15800,82000,106900,16000,24600,23600,17500,29000,34900,8900,4500,69800,56300,52700,33500,31700,42700,49600,16000,7000
269.0,5.44,385500,2096806.0,5.43,5.42,5.41,5.4,5.39,5.38,5.37,5.36,5.35,5.34,5.44,5.45,5.46,5.47,5.48,5.49,5.5,5.51,5.52,5.53,15800,82000,106900,16000,24600,23600,17500,29000,34900,8900,5500,69800,56300,52700,33500,31700,42700,49600,16000,7000
270.0,5.44,385500,2096806.0,5.43,5.42,5.41,5.4,5.39,5.38,5.37,5.36,5.35,5.34,5.44,5.45,5.46,5.47,5.48,5.49,5.5,5.51,5.52,5.53,15800,82000,106900,16000,24600,23600,17500,29000,34900,8900,5500,72800,56300,52700,33500,31700,42700,49600,16000,7000
271.0,5.43,387000,2104951.0,5.43,5.42,5.41,5.4,5.39,5.38,5.37,5.36,5.35,5.34,5.44,5.45,5.46,5.47,5.48,5.49,5.5,5.51,5.52,5.53,14500,82000,106900,11000,24600,23600,17500,29000,34900,8900,5700,72800,56300,52700,33500,31700,42700,49600,16000,7000
272.0,5.43,387000,2104951.0,5.43,5.42,5.41,5.4,5.39,5.38,5.37,5.36,5.35,5.34,5.44,5.45,5.46,5.47,5.48,5.49,5.5,5.51,5.52,5.53,14500,82000,106900,11000,24600,23600,17500,29000,34900,8900,5700,72800,56300,52700,33500,31700,42700,49600,16000,7000
273.0,5.43,387000,2104951.0,5.43,5.42,5.41,5.4,5.39,5.38,5.37,5.36,5.35,5.34,5.44,5.45,5.46,5.47,5.48,5.49,5.5,5.51,5.52,5.53,14700,82000,106900,11000,24600,23600,17500,29000,34900,8900,5900,72800,56300,52700,33500,31700,42700,49600,16000,7000
274.0,5.43,388400,2112553.0,5.43,5.42,5.41,5.4,5.39,5.38,5.37,5.36,5.35,5.34,5.44,5.45,5.46,5.47,5.48,5.49,5.5,5.51,5.52,5.53,13300,82000,106900,11000,24600,23600,17500,28600,34900,8900,5900,72800,56300,72700,33500,31700,42700,49600,16000,7000
275.0,5.44,391600,2129948.0,5.43,5.42,5.41,5.4,5.39,5.38,5.37,5.36,5.35,5.34,5.44,5.45,5.46,5.47,5.48,5.49,5.5,5.51,5.52,5.53,12200,82000,107100,11000,24600,23600,17500,28600,34900,8900,4200,72800,56300,72700,33500,31700,42700,49600,16000,7000
276.0,5.43,394000,2142980.0,5.43,5.42,5.41,5.4,5.39,5.38,5.37,5.36,5.35,5.34,5.44,5.45,5.46,5.47,5.48,5.49,5.5,5.51,5.52,5.53,9800,82000,107100,11000,24600,23600,17500,28600,34900,8900,4200,72800,56300,72700,33500,31700,42700,49600,16000,7000
277.0,5.43,395100,2148953.0,5.43,5.42,5.41,5.4,5.39,5.38,5.37,5.36,5.35,5.34,5.44,5.45,5.46,5.47,5.48,5.49,5.5,5.51,5.52,5.53,8700,82000,107100,11000,24600,23600,17500,28600,34900,8900,4200,72800,46200,72700,33500,31700,42700,49600,16000,7000
278.0,5.43,395900,2153297.0,5.43,5.42,5.41,5.4,5.39,5.38,5.37,5.36,5.35,5.34,5.44,5.45,5.46,5.47,5.48,5.49,5.5,5.51,5.52,5.53,8200,82000,107100,11000,24600,23600,17500,28600,34900,8900,4500,72800,46200,72700,33500,31700,42700,49600,16000,7000
279.0,5.44,400400,2177777.0,5.44,5.43,5.42,5.41,5.4,5.39,5.38,5.37,5.36,5.35,5.45,5.46,5.47,5.48,5.49,5.5,5.51,5.52,5.53,5.54,100,8200,82000,107100,11000,24600,23600,17500,28600,34900,72800,46200,72700,33500,31700,42700,49600,16000,7000,15000
280.0,5.44,402500,2189201.0,5.43,5.42,5.41,5.4,5.39,5.38,5.37,5.36,5.35,5.34,5.44,5.45,5.46,5.47,5.48,5.49,5.5,5.51,5.52,5.53,8200,82000,107100,11000,24600,23600,17500,28600,34900,8900,2900,72800,46200,72700,33500,31700,42700,49600,16000,7000
281.0,5.44,404200,2198441.0,5.43,5.42,5.41,5.4,5.39,5.38,5.37,5.36,5.35,5.34,5.44,5.45,5.46,5.47,5.48,5.49,5.5,5.51,5.52,5.53,7400,82000,107100,11000,24600,23600,17500,28600,34900,8900,2000,72800,46200,72700,33500,31700,42700,49600,16000,7000
282.0,5.43,404900,2202242.0,5.43,5.42,5.41,5.4,5.39,5.38,5.37,5.36,5.35,5.34,5.44,5.45,5.46,5.47,5.48,5.49,5.5,5.51,5.52,5.53,7000,82000,107100,11000,24600,23600,17500,28600,34900,8900,2300,72800,46200,72700,33500,31700,42700,49600,16000,7000
283.0,5.44,406700,2212034.0,5.43,5.42,5.41,5.4,5.39,5.38,5.37,5.36,5.35,5.34,5.44,5.45,5.46,5.47,5.48,5.49,5.5,5.51,5.52,5.53,7000,82000,107100,11000,24600,23600,17500,28600,34900,8900,16400,73000,46200,72700,33500,31700,42700,49600,16000,7000
284.0,5.44,406700,2212034.0,5.43,5.42,5.41,5.4,5.39,5.38,5.37,5.36,5.35,5.34,5.44,5.45,5.46,5.47,5.48,5.49,5.5,5.51,5.52,5.53,12000,82000,107100,11000,24600,23600,17500,28600,34900,8900,16400,73000,46200,72700,35500,31700,42700,49600,16000,7000
285.0,5.43,407900,2218550.0,5.43,5.42,5.41,5.4,5.39,5.38,5.37,5.36,5.35,5.34,5.44,5.45,5.46,5.47,5.48,5.49,5.5,5.51,5.52,5.53,11100,82000,107100,11000,24600,23600,17500,28600,34900,8900,16700,73000,46200,72700,35500,31700,42700,49600,16000,7000
286.0,5.44,409900,2229430.0,5.43,5.42,5.41,5.4,5.39,5.38,5.37,5.36,5.35,5.34,5.44,5.45,5.46,5.47,5.48,5.49,5.5,5.51,5.52,5.53,12100,82000,107100,11000,24600,23600,17500,28600,34900,8900,14700,73000,46200,72700,35500,31700,42700,49600,16000,7000
287.0,5.44,420200,2285462.0,5.43,5.42,5.41,5.4,5.39,5.38,5.37,5.36,5.35,5.34,5.44,5.45,5.46,5.47,5.48,5.49,5.5,5.51,5.52,5.53,12100,82000,107100,11000,24600,23600,17500,28600,34900,8900,9200,73000,46200,72700,35500,31700,42700,49600,16000,7000
288.0,5.43,422600,2298494.0,5.43,5.42,5.41,5.4,5.39,5.38,5.37,5.36,5.35,5.34,5.44,5.45,5.46,5.47,5.48,5.49,5.5,5.51,5.52,5.53,10100,82000,95400,11000,24600,23600,17500,28600,34900,8900,9600,73000,46200,72700,35500,31700,42700,49600,16000,7000
289.0,5.43,423600,2303924.0,5.43,5.42,5.41,5.4,5.39,5.38,5.37,5.36,5.35,5.34,5.44,5.45,5.46,5.47,5.48,5.49,5.5,5.51,5.52,5.53,9100,82000,95400,11000,24600,23600,17500,28600,34900,8900,9600,73000,46200,72700,35500,31700,42700,49600,16000,7000
290.0,5.44,431900,2349076.0,5.43,5.42,5.41,5.4,5.39,5.38,5.37,5.36,5.35,5.34,5.44,5.45,5.46,5.47,5.48,5.49,5.5,5.51,5.52,5.53,9100,82000,95400,11000,24600,23600,17500,28600,34900,8900,1300,73000,46200,72700,35500,31700,42700,49600,16000,7000
291.0,5.44,431900,2349076.0,5.43,5.42,5.41,5.4,5.39,5.38,5.37,5.36,5.35,5.34,5.44,5.45,5.46,5.47,5.48,5.49,5.5,5.51,5.52,5.53,9500,82000,95400,11100,24600,23600,17500,28600,34900,8900,1700,73000,46200,72700,35500,31700,42700,49600,16000,7000
292.0,5.44,431900,2349076.0,5.43,5.42,5.41,5.4,5.39,5.38,5.37,5.36,5.35,5.34,5.44,5.45,5.46,5.47,5.48,5.49,5.5,5.51,5.52,5.53,9500,82000,95400,11100,24600,23600,17500,28600,34900,8900,1700,73000,46200,72700,35500,31700,42700,49600,16000,7000
293.0,5.44,433500,2357780.0,5.43,5.42,5.41,5.4,5.39,5.38,5.37,5.36,5.35,5.34,5.44,5.45,5.46,5.47,5.48,5.49,5.5,5.51,5.52,5.53,9900,82000,95400,11100,24600,23600,17500,28600,34900,8900,500,73000,46200,72700,35500,31700,42700,49600,16000,7000
294.0,5.44,433500,2357780.0,5.43,5.42,5.41,5.4,5.39,5.38,5.37,5.36,5.35,5.34,5.44,5.45,5.46,5.47,5.48,5.49,5.5,5.51,5.52,5.53,9900,82000,95400,11100,24600,23600,17500,28600,34900,8900,500,73000,46200,72700,31700,31700,42700,49600,16000,7000
295.0,5.44,433500,2357780.0,5.43,5.42,5.41,5.4,5.39,5.38,5.37,5.36,5.35,5.34,5.44,5.45,5.46,5.47,5.48,5.49,5.5,5.51,5.52,5.53,9900,82000,95400,11100,24600,23600,17500,28600,34900,8900,500,73000,46200,72700,31700,31700,42700,49600,16000,7000
296.0,5.45,435800,2370306.0,5.44,5.43,5.42,5.41,5.4,5.39,5.38,5.37,5.36,5.35,5.45,5.46,5.47,5.48,5.49,5.5,5.51,5.52,5.53,5.54,11100,10300,82000,95400,11100,24600,23600,17500,28600,34900,71600,46200,72700,31700,31700,42700,49600,16000,7000,15000
297.0,5.44,436900,2376290.0,5.44,5.43,5.42,5.41,5.4,5.39,5.38,5.37,5.36,5.35,5.45,5.46,5.47,5.48,5.49,5.5,5.51,5.52,5.53,5.54,10000,10300,82000,95400,11100,24600,23600,17500,28600,34900,71600,46200,72700,31700,31700,42700,49600,16000,7000,15000
298.0,5.45,439200,2388825.0,5.44,5.43,5.42,5.41,5.4,5.39,5.38,5.37,5.36,5.35,5.45,5.46,5.47,5.48,5.49,5.5,5.51,5.52,5.53,5.54,10300,10300,82000,94400,11100,24600,23600,17500,28600,34900,69300,46200,72700,31700,31700,42700,49600,16000,7000,15000
299.0,5.45,445200,2421505.0,5.44,5.43,5.42,5.41,5.4,5.39,5.38,5.37,5.36,5.35,5.45,5.46,5.47,5.48,5.49,5.5,5.51,5.52,5.53,5.54,8300,10300,82000,94400,11100,24600,23600,17500,28600,34900,65300,46200,72700,31700,31700,42700,49600,16000,7000,15000
300.0,5.45,445200,2421505.0,5.44,5.43,5.42,5.41,5.4,5.39,5.38,5.37,5.36,5.35,5.45,5.46,5.47,5.48,5.49,5.5,5.51,5.52,5.53,5.54,8300,10300,82000,94400,11100,24600,23600,17500,28600,34900,65300,46200,72700,31700,31700,42700,49600,16000,7000,15000
301.0,5.45,447000,2431315.0,5.44,5.43,5.42,5.41,5.4,5.39,5.38,5.37,5.36,5.35,5.45,5.46,5.47,5.48,5.49,5.5,5.51,5.52,5.53,5.54,8300,10300,82000,94400,11100,24600,23600,17500,28600,34900,63500,46200,72700,31700,31700,42700,49600,16000,7000,15000
302.0,5.45,458100,2491810.0,5.44,5.43,5.42,5.41,5.4,5.39,5.38,5.37,5.36,5.35,5.45,5.46,5.47,5.48,5.49,5.5,5.51,5.52,5.53,5.54,8300,10300,82000,94400,11100,24600,23600,17500,28600,34900,52400,46200,72700,31700,31700,42700,49600,16000,7000,15000
303.0,5.45,458400,2493445.0,5.44,5.43,5.42,5.41,5.4,5.39,5.38,5.37,5.36,5.35,5.45,5.46,5.47,5.48,5.49,5.5,5.51,5.52,5.53,5.54,8300,10300,82000,94400,11100,24600,23600,17500,28600,34900,52100,46200,72700,31700,31700,43700,49600,16000,7000,15000
304.0,5.45,461000,2507607.0,5.44,5.43,5.42,5.41,5.4,5.39,5.38,5.37,5.36,5.35,5.45,5.46,5.47,5.48,5.49,5.5,5.51,5.52,5.53,5.54,7500,10300,82000,94400,11100,24600,23600,17500,28600,34900,50300,46200,72700,31700,31700,43700,49600,16000,7000,15000
305.0,5.45,483800,2631867.0,5.44,5.43,5.42,5.41,5.4,5.39,5.38,5.37,5.36,5.35,5.45,5.46,5.47,5.48,5.49,5.5,5.51,5.52,5.53,5.54,7600,10300,82000,94400,11100,24600,23600,17500,28600,34900,27500,46200,72700,31700,31700,43700,49600,16000,7000,15000
306.0,5.45,484400,2635137.0,5.44,5.43,5.42,5.41,5.4,5.39,5.38,5.37,5.36,5.35,5.45,5.46,5.47,5.48,5.49,5.5,5.51,5.52,5.53,5.54,9600,10300,82000,94400,11100,24600,23600,17500,28600,34900,26900,62500,72700,31700,31700,45700,49600,16000,7000,15000
307.0,5.45,484500,2635682.0,5.44,5.43,5.42,5.41,5.4,5.39,5.38,5.37,5.36,5.35,5.45,5.46,5.47,5.48,5.49,5.5,5.51,5.52,5.53,5.54,9600,10300,82000,94400,11100,24600,23600,17500,28600,34900,23800,62500,72700,31700,31700,45700,49600,16000,7000,15000
308.0,5.45,487000,2649307.0,5.44,5.43,5.42,5.41,5.4,5.39,5.38,5.37,5.36,5.35,5.45,5.46,5.47,5.48,5.49,5.5,5.51,5.52,5.53,5.54,9600,10300,82000,94400,11100,24600,23600,17500,28600,34900,21300,62500,72700,31700,31700,45700,49600,16000,7000,15000
309.0,5.45,487000,2649307.0,5.44,5.43,5.42,5.41,5.4,5.39,5.38,5.37,5.36,5.35,5.45,5.46,5.47,5.48,5.49,5.5,5.51,5.52,5.53,5.54,9600,10300,82000,94400,11100,24600,23600,17500,28600,34900,21300,62500,72700,31700,31700,45700,49600,16000,7000,15000
310.0,5.45,487000,2649307.0,5.44,5.43,5.42,5.41,5.4,5.39,5.38,5.37,5.36,5.35,5.45,5.46,5.47,5.48,5.49,5.5,5.51,5.52,5.53,5.54,9600,10300,82000,94400,11100,24600,23600,17500,28600,34900,21300,62500,72700,31700,32500,45700,49600,16000,7000,15000
311.0,5.45,491800,2675439.0,5.44,5.43,5.42,5.41,5.4,5.39,5.38,5.37,5.36,5.35,5.45,5.46,5.47,5.48,5.49,5.5,5.51,5.52,5.53,5.54,6800,10300,82000,94400,11100,24600,23600,17500,28600,34900,19300,62500,72700,31700,32500,45700,49600,16000,7000,15000
312.0,5.45,494700,2691244.0,5.44,5.43,5.42,5.41,5.4,5.39,5.38,5.37,5.36,5.35,5.45,5.46,5.47,5.48,5.49,5.5,5.51,5.52,5.53,5.54,6800,10300,82000,94400,11100,24600,23600,17500,28600,34900,16400,62500,72700,31700,32500,45700,49600,16000,12000,15000
313.0,5.45,494700,2691244.0,5.44,5.43,5.42,5.41,5.4,5.39,5.38,5.37,5.36,5.35,5.45,5.46,5.47,5.48,5.49,5.5,5.51,5.52,5.53,5.54,6800,10300,82000,94400,11100,24600,23600,17500,28600,34900,16400,62500,72700,31700,32500,45700,49600,16000,12000,15000
314.0,5.45,498300,2710864.0,5.44,5.43,5.42,5.41,5.4,5.39,5.38,5.37,5.36,5.35,5.45,5.46,5.47,5.48,5.49,5.5,5.51,5.52,5.53,5.54,6800,13500,82000,94400,11100,24600,23600,17500,28600,34900,12800,62500,72700,31700,32500,45700,49600,16000,12000,15000
315.0,5.45,498300,2710864.0,5.44,5.43,5.42,5.41,5.4,5.39,5.38,5.37,5.36,5.35,5.45,5.46,5.47,5.48,5.49,5.5,5.51,5.52,5.53,5.54,6800,13500,82000,94400,11100,24600,23600,17500,28600,34900,14300,62500,72700,31700,32500,45700,49600,16000,12000,15000
316.0,5.45,498300,2710864.0,5.44,5.43,5.42,5.41,5.4,5.39,5.38,5.37,5.36,5.35,5.45,5.46,5.47,5.48,5.49,5.5,5.51,5.52,5.53,5.54,8600,13500,82000,94400,11100,24600,23600,17500,28600,34900,14300,66300,72700,31700,32500,45700,49600,16000,12000,15000
317.0,5.45,501300,2727214.0,5.44,5.43,5.42,5.41,5.4,5.39,5.38,5.37,5.36,5.35,5.45,5.46,5.47,5.48,5.49,5.5,5.51,5.52,5.53,5.54,8600,13500,82000,94400,11100,24600,23600,17500,28600,34900,11900,66300,72700,31700,32500,45700,49600,16000,12000,15000
318.0,5.44,502100,2731566.0,5.44,5.43,5.42,5.41,5.4,5.39,5.38,5.37,5.36,5.35,5.45,5.46,5.47,5.48,5.49,5.5,5.51,5.52,5.53,5.54,9000,13500,82000,94400,11100,24600,23600,17500,28600,34900,11900,66300,72700,31700,32500,45700,49600,16000,12000,15000
319.0,5.45,503600,2739741.0,5.44,5.43,5.42,5.41,5.4,5.39,5.38,5.37,5.36,5.35,5.45,5.46,5.47,5.48,5.49,5.5,5.51,5.52,5.53,5.54,9000,13500,82000,94400,11100,24600,23600,17500,28600,34900,10400,66300,72700,31700,32500,45700,49600,16400,12000,15000
320.0,5.45,504000,2741921.0,5.44,5.43,5.42,5.41,5.4,5.39,5.38,5.37,5.36,5.35,5.45,5.46,5.47,5.48,5.49,5.5,5.51,5.52,5.53,5.54,9000,13500,82000,94400,11100,24600,23600,17500,28600,34900,10000,66300,72700,31700,32500,45700,49600,16400,12000,15000
321.0,5.44,507000,2758251.0,5.44,5.43,5.42,5.41,5.4,5.39,5.38,5.37,5.36,5.35,5.45,5.46,5.47,5.48,5.49,5.5,5.51,5.52,5.53,5.54,7000,13500,82000,94400,11100,24600,23600,17500,28600,34900,9000,66300,72700,31700,32500,47700,49600,16400,12000,15000
322.0,5.44,508400,2765867.0,5.44,5.43,5.42,5.41,5.4,5.39,5.38,5.37,5.36,5.35,5.45,5.46,5.47,5.48,5.49,5.5,5.51,5.52,5.53,5.54,5600,13500,82000,94400,11100,24600,23600,17500,28600,34900,9000,66300,72700,31700,32500,47700,49600,16400,12000,15000
323.0,5.44,508400,2765867.0,5.44,5.43,5.42,5.41,5.4,5.39,5.38,5.37,5.36,5.35,5.45,5.46,5.47,5.48,5.49,5.5,5.51,5.52,5.53,5.54,5600,13500,82000,94400,11100,24600,23600,17500,28600,34900,9200,66300,72700,31700,32500,47700,49600,16400,12000,15000
324.0,5.44,510500,2777300.0,5.44,5.43,5.42,5.41,5.4,5.39,5.38,5.37,5.36,5.35,5.45,5.46,5.47,5.48,5.49,5.5,5.51,5.52,5.53,5.54,4400,13500,82000,94400,11100,24600,23600,17500,28600,34900,8300,66300,72700,31700,32500,47700,49600,16400,12000,15000
325.0,5.44,510500,2777300.0,5.44,5.43,5.42,5.41,5.4,5.39,5.38,5.37,5.36,5.35,5.45,5.46,5.47,5.48,5.49,5.5,5.51,5.52,5.53,5.54,4400,13500,82000,94400,11100,24600,23600,17500,28600,34900,8300,85900,72700,31700,32500,47700,49600,16400,12000,15000
326.0,5.45,512300,2787106.0,5.44,5.43,5.42,5.41,5.4,5.39,5.38,5.37,5.36,5.35,5.45,5.46,5.47,5.48,5.49,5.5,5.51,5.52,5.53,5.54,4000,13500,82000,94400,11100,24600,23600,17500,28600,34900,6900,85900,72700,31700,32500,47700,49600,16400,12000,15000
327.0,5.45,516100,2807816.0,5.44,5.43,5.42,5.41,5.4,5.39,5.38,5.37,5.36,5.35,5.45,5.46,5.47,5.48,5.49,5.5,5.51,5.52,5.53,5.54,4000,13500,82000,94400,11100,24600,23600,17500,28600,34900,4500,85900,72700,31700,32500,47700,49600,16400,12000,15000
328.0,5.45,516100,2807816.0,5.44,5.43,5.42,5.41,5.4,5.39,5.38,5.37,5.36,5.35,5.45,5.46,5.47,5.48,5.49,5.5,5.51,5.52,5.53,5.54,4000,13500,82000,94400,11100,24600,23600,17500,28600,34900,4900,85900,72700,31700,32500,47700,49600,16400,12000,15000
329.0,5.44,518200,2819249.0,5.44,5.43,5.42,5.41,5.4,5.39,5.38,5.37,5.36,5.35,5.45,5.46,5.47,5.48,5.49,5.5,5.51,5.52,5.53,5.54,2800,13500,82000,94400,11100,24600,23600,17500,28600,34900,4000,85900,72700,31700,32500,47700,49600,16400,12000,15000
330.0,5.44,518200,2819249.0,5.44,5.43,5.42,5.41,5.4,5.39,5.38,5.37,5.36,5.35,5.45,5.46,5.47,5.48,5.49,5.5,5.51,5.52,5.53,5.54,2800,13500,82000,94400,11100,24600,23600,17500,28600,34900,4000,85900,72700,31700,32500,47700,49600,16400,12000,15000
331.0,5.45,520000,2829049.0,5.44,5.43,5.42,5.41,5.4,5.39,5.38,5.37,5.36,5.35,5.45,5.46,5.47,5.48,5.49,5.5,5.51,5.52,5.53,5.54,1800,13500,82000,94400,11100,24600,23600,17500,28600,34900,3200,85900,72700,31700,32500,47700,49600,16400,12000,15000
332.0,5.45,520000,2829049.0,5.44,5.43,5.42,5.41,5.4,5.39,5.38,5.37,5.36,5.35,5.45,5.46,5.47,5.48,5.49,5.5,5.51,5.52,5.53,5.54,1800,13500,82000,94400,11100,24600,23600,17500,28600,34900,3200,85900,72700,31700,32500,47700,49600,16400,12000,15000
333.0,5.45,520500,2831773.0,5.44,5.43,5.42,5.41,5.4,5.39,5.38,5.37,5.36,5.35,5.45,5.46,5.47,5.48,5.49,5.5,5.51,5.52,5.53,5.54,1700,13500,82000,94400,11100,24600,23600,17500,28600,34900,2800,85900,72700,31700,32500,47700,49600,16400,12000,15000
334.0,5.44,521000,2834495.0,5.44,5.43,5.42,5.41,5.4,5.39,5.38,5.37,5.36,5.35,5.45,5.46,5.47,5.48,5.49,5.5,5.51,5.52,5.53,5.54,1400,13500,82000,94400,11100,24600,23600,17500,28600,34900,2600,85900,72700,31700,32500,47700,49600,16400,12000,15000
335.0,5.44,521000,2834495.0,5.44,5.43,5.42,5.41,5.4,5.39,5.38,5.37,5.36,5.35,5.45,5.46,5.47,5.48,5.49,5.5,5.51,5.52,5.53,5.54,1400,13500,82000,94400,11100,24600,23600,17500,28600,34900,2600,85900,72700,31700,32500,47700,49600,16400,12000,15000
336.0,5.45,521400,2836675.0,5.44,5.43,5.42,5.41,5.4,5.39,5.38,5.37,5.36,5.35,5.45,5.46,5.47,5.48,5.49,5.5,5.51,5.52,5.53,5.54,1400,13500,82000,94400,11100,24600,23600,17500,28600,34900,2400,85900,72700,31700,32500,47700,49600,16400,12000,15000
337.0,5.45,521600,2837765.0,5.44,5.43,5.42,5.41,5.4,5.39,5.38,5.37,5.36,5.35,5.45,5.46,5.47,5.48,5.49,5.5,5.51,5.52,5.53,5.54,1400,13500,82000,94400,11100,24600,23600,17500,28600,34900,2200,85900,72700,31700,32500,47700,49600,16400,12000,15000
338.0,5.45,521700,2838310.0,5.44,5.43,5.42,5.41,5.4,5.39,5.38,5.37,5.36,5.35,5.45,5.46,5.47,5.48,5.49,5.5,5.51,5.52,5.53,5.54,1400,13500,82000,94400,11100,15300,23600,17500,28600,34900,2100,85900,72700,31700,32500,47700,49600,16400,12000,15000
339.0,5.45,521700,2838310.0,5.44,5.43,5.42,5.41,5.4,5.39,5.38,5.37,5.36,5.35,5.45,5.46,5.47,5.48,5.49,5.5,5.51,5.52,5.53,5.54,1400,13500,82000,94400,11100,15300,23600,17500,28600,34900,2100,85900,72700,31700,32700,47700,49600,16400,12000,15000
340.0,5.44,522000,2839944.0,5.44,5.43,5.42,5.41,5.4,5.39,5.38,5.37,5.36,5.35,5.45,5.46,5.47,5.48,5.49,5.5,5.51,5.52,5.53,5.54,1300,13500,82000,94400,11100,15300,23600,17500,28600,34900,1900,85900,72700,31700,32700,51200,49600,16400,12000,15000
341.0,5.45,522200,2841034.0,5.44,5.43,5.42,5.41,5.4,5.39,5.38,5.37,5.36,5.35,5.45,5.46,5.47,5.48,5.49,5.5,5.51,5.52,5.53,5.54,1300,13500,82000,94400,11100,15300,23600,17500,28600,34900,1700,85900,72700,31700,32700,51200,49600,16400,12000,15000
342.0,5.45,523000,2845394.0,5.44,5.43,5.42,5.41,5.4,5.39,5.38,5.37,5.36,5.35,5.45,5.46,5.47,5.48,5.49,5.5,5.51,5.52,5.53,5.54,1300,13500,82000,94400,11100,15300,23600,17500,28600,39900,900,85900,72700,31700,32700,51200,49600,16400,12000,15000
343.0,5.45,523000,2845394.0,5.44,5.43,5.42,5.41,5.4,5.39,5.38,5.37,5.36,5.35,5.45,5.46,5.47,5.48,5.49,5.5,5.51,5.52,5.53,5.54,1300,13500,82000,94400,11100,15300,23600,17500,28600,39900,900,85900,72700,31700,32700,51200,49600,16400,12000,15000
344.0,5.45,523000,2845394.0,5.44,5.43,5.42,5.41,5.4,5.39,5.38,5.37,5.36,5.35,5.45,5.46,5.47,5.48,5.49,5.5,5.51,5.52,5.53,5.54,1300,13500,82000,84600,11100,15300,23600,17500,28600,39900,900,85900,72700,31700,32700,51200,49600,16400,12000,15000
345.0,5.45,523000,2845394.0,5.44,5.43,5.42,5.41,5.4,5.39,5.38,5.37,5.36,5.35,5.45,5.46,5.47,5.48,5.49,5.5,5.51,5.52,5.53,5.54,1600,13500,82000,84600,11100,15300,23600,17500,28600,39900,900,85900,72700,31700,32700,51200,49600,16400,12000,15000
346.0,5.45,523100,2845939.0,5.44,5.43,5.42,5.41,5.4,5.39,5.38,5.37,5.36,5.35,5.45,5.46,5.47,5.48,5.49,5.5,5.51,5.52,5.53,5.54,1600,13500,82000,84600,11100,15300,23600,17500,28600,39900,800,85900,72700,31700,32700,51200,49600,16400,12000,15000
347.0,5.45,523100,2845939.0,5.44,5.43,5.42,5.41,5.4,5.39,5.38,5.37,5.36,5.35,5.45,5.46,5.47,5.48,5.49,5.5,5.51,5.52,5.53,5.54,1600,13500,82000,84600,11100,15300,23600,17500,28600,39900,1100,85900,72700,31700,32700,51200,49600,16400,12000,15000
348.0,5.44,523200,2846483.0,5.44,5.43,5.42,5.41,5.4,5.39,5.38,5.37,5.36,5.35,5.45,5.46,5.47,5.48,5.49,5.5,5.51,5.52,5.53,5.54,1500,13500,82000,86300,11100,15300,23600,17500,28600,39900,1100,85900,72700,31700,32700,53200,49600,16400,12000,15000
349.0,5.45,524200,2851933.0,5.44,5.43,5.42,5.41,5.4,5.39,5.38,5.37,5.36,5.35,5.45,5.46,5.47,5.48,5.49,5.5,5.51,5.52,5.53,5.54,1500,13500,82000,86300,11100,15300,23600,17500,28600,39900,100,91800,72700,31700,32700,53200,49600,16400,12000,15000
350.0,5.45,543200,2955671.0,5.44,5.43,5.42,5.41,5.4,5.39,5.38,5.37,5.36,5.35,5.46,5.47,5.48,5.49,5.5,5.51,5.52,5.53,5.54,5.55,6400,13500,82000,86300,11100,25300,23600,17500,28600,39900,73000,72700,31700,32700,53200,49600,16400,12000,15000,10100
351.0,5.45,543200,2955671.0,5.44,5.43,5.42,5.41,5.4,5.39,5.38,5.37,5.36,5.35,5.46,5.47,5.48,5.49,5.5,5.51,5.52,5.53,5.54,5.55,7900,13500,82000,86300,11100,25300,23600,17500,28600,39900,74500,72700,31700,32700,53200,49600,16400,12000,15000,10100
352.0,5.45,543200,2955671.0,5.44,5.43,5.42,5.41,5.4,5.39,5.38,5.37,5.36,5.35,5.46,5.47,5.48,5.49,5.5,5.51,5.52,5.53,5.54,5.55,7900,13500,82000,86300,11100,25300,23600,17500,28600,39900,74500,72700,31700,32700,53200,49600,16400,12000,15000,10100
353.0,5.45,543200,2955671.0,5.45,5.44,5.43,5.42,5.41,5.4,5.39,5.38,5.37,5.36,5.46,5.47,5.48,5.49,5.5,5.51,5.52,5.53,5.54,5.55,100,8500,13500,82000,86300,11100,25300,24400,17500,28600,75100,72700,31700,32700,53200,49600,16400,12000,15000,10100
354.0,5.45,543200,2955671.0,5.45,5.44,5.43,5.42,5.41,5.4,5.39,5.38,5.37,5.36,5.46,5.47,5.48,5.49,5.5,5.51,5.52,5.53,5.54,5.55,100,8500,13500,82000,86300,11100,25300,24400,17500,28600,75100,72700,31700,32700,53200,49600,16400,12000,15000,10100
355.0,5.46,544900,2964953.0,5.45,5.44,5.43,5.42,5.41,5.4,5.39,5.38,5.37,5.36,5.46,5.47,5.48,5.49,5.5,5.51,5.52,5.53,5.54,5.55,18900,8500,13500,82000,86300,11100,25300,24400,17500,28600,73400,72700,31700,32700,51200,49600,16400,12000,15000,10100
356.0,5.45,546900,2975853.0,5.45,5.44,5.43,5.42,5.41,5.4,5.39,5.38,5.37,5.36,5.46,5.47,5.48,5.49,5.5,5.51,5.52,5.53,5.54,5.55,17700,8500,13500,82000,86300,12100,25300,24400,17500,28600,73400,72700,31700,32700,51200,49600,16400,12000,15000,10100
357.0,5.45,546900,2975853.0,5.45,5.44,5.43,5.42,5.41,5.4,5.39,5.38,5.37,5.36,5.46,5.47,5.48,5.49,5.5,5.51,5.52,5.53,5.54,5.55,20500,8500,13500,82000,86300,12100,25300,24400,17500,28600,73400,72700,31700,32700,51200,49600,16400,12000,15000,10100
358.0,5.45,546900,2975853.0,5.45,5.44,5.43,5.42,5.41,5.4,5.39,5.38,5.37,5.36,5.46,5.47,5.48,5.49,5.5,5.51,5.52,5.53,5.54,5.55,20900,8500,13500,82000,86300,12100,25300,24400,17500,28600,73400,72700,31700,32700,51200,49600,16400,12000,15000,10100
359.0,5.45,548700,2985663.0,5.45,5.44,5.43,5.42,5.41,5.4,5.39,5.38,5.37,5.36,5.46,5.47,5.48,5.49,5.5,5.51,5.52,5.53,5.54,5.55,20500,8500,13500,82000,86300,12100,25300,24400,17500,28600,73400,72700,31700,32700,51200,49600,16400,12000,15000,10100
360.0,5.45,548700,2985663.0,5.45,5.44,5.43,5.42,5.41,5.4,5.39,5.38,5.37,5.36,5.46,5.47,5.48,5.49,5.5,5.51,5.52,5.53,5.54,5.55,20500,8500,13500,82000,86300,12100,25300,24400,17500,28600,73400,72700,31700,32700,51200,49600,16400,12000,15000,10100
361.0,5.46,548900,2986755.0,5.45,5.44,5.43,5.42,5.41,5.4,5.39,5.38,5.37,5.36,5.46,5.47,5.48,5.49,5.5,5.51,5.52,5.53,5.54,5.55,26500,10500,13500,82000,86300,12100,25300,24400,17500,28600,73200,72700,31700,32700,51200,49600,26400,12000,15000,10100
362.0,5.46,548900,2986755.0,5.45,5.44,5.43,5.42,5.41,5.4,5.39,5.38,5.37,5.36,5.46,5.47,5.48,5.49,5.5,5.51,5.52,5.53,5.54,5.55,24100,9700,13500,82000,86300,12100,25300,24400,17500,28600,73200,72700,31700,32700,51200,49600,26400,12000,15000,10100
363.0,5.45,552500,3006375.0,5.45,5.44,5.43,5.42,5.41,5.4,5.39,5.38,5.37,5.36,5.46,5.47,5.48,5.49,5.5,5.51,5.52,5.53,5.54,5.55,20500,9700,13500,82000,86300,12100,25300,24400,17500,28600,73200,72700,31700,32700,51200,49600,26400,12000,15000,10100
364.0,5.45,552500,3006375.0,5.45,5.44,5.43,5.42,5.41,5.4,5.39,5.38,5.37,5.36,5.46,5.47,5.48,5.49,5.5,5.51,5.52,5.53,5.54,5.55,20500,9700,13500,82000,86300,12100,25300,24400,17500,28600,73200,72700,31700,32700,51200,49600,26400,12000,15000,10100
365.0,5.45,552500,3006375.0,5.45,5.44,5.43,5.42,5.41,5.4,5.39,5.38,5.37,5.36,5.46,5.47,5.48,5.49,5.5,5.51,5.52,5.53,5.54,5.55,21000,9700,13500,82000,86300,10100,25300,24400,17500,28600,73200,72700,31700,32700,51200,49600,26400,12000,15000,10100
366.0,5.45,554300,3016185.0,5.45,5.44,5.43,5.42,5.41,5.4,5.39,5.38,5.37,5.36,5.46,5.47,5.48,5.49,5.5,5.51,5.52,5.53,5.54,5.55,19200,9700,13500,82000,86300,10100,25300,24400,17500,28600,73200,72700,31700,32700,51200,49600,26400,12000,15000,10100
367.0,5.46,554600,3017823.0,5.45,5.44,5.43,5.42,5.41,5.4,5.39,5.38,5.37,5.36,5.46,5.47,5.48,5.49,5.5,5.51,5.52,5.53,5.54,5.55,19200,10800,13500,82000,86300,10100,25300,24400,17500,28600,72900,72700,31700,32700,51200,49600,26400,12000,15000,10100
368.0,5.46,556800,3029835.0,5.45,5.44,5.43,5.42,5.41,5.4,5.39,5.38,5.37,5.36,5.46,5.47,5.48,5.49,5.5,5.51,5.52,5.53,5.54,5.55,19200,10800,13500,82000,86300,10100,25300,24400,17500,28600,70700,72700,31700,32700,51200,49600,26400,12000,15000,10100
369.0,5.46,559000,3041829.0,5.45,5.44,5.43,5.42,5.41,5.4,5.39,5.38,5.37,5.36,5.46,5.47,5.48,5.49,5.5,5.51,5.52,5.53,5.54,5.55,17400,10800,13500,82000,86300,11100,25300,24400,17500,28600,70300,72700,31700,32700,51200,49600,26400,12000,15000,10100
370.0,5.46,561100,3053278.0,5.45,5.44,5.43,5.42,5.41,5.4,5.39,5.38,5.37,5.36,5.46,5.47,5.48,5.49,5.5,5.51,5.52,5.53,5.54,5.55,15700,10800,13500,82000,86300,11100,25300,24400,17500,28600,69900,72700,31700,32700,51200,49600,26400,12000,15000,10100
371.0,5.46,564200,3070204.0,5.45,5.44,5.43,5.42,5.41,5.4,5.39,5.38,5.37,5.36,5.46,5.47,5.48,5.49,5.5,5.51,5.52,5.53,5.54,5.55,16100,10800,13500,82000,86300,11100,25300,24400,17500,28600,66800,72700,33700,32700,51200,49600,26400,12000,15000,10100
372.0,5.45,565800,3078924.0,5.45,5.44,5.43,5.42,5.41,5.4,5.39,5.38,5.37,5.36,5.46,5.47,5.48,5.49,5.5,5.51,5.52,5.53,5.54,5.55,14700,10800,13500,82000,86300,11100,25300,24400,17500,28600,60900,72700,33700,32700,51200,49600,26400,12000,15000,10100
373.0,5.45,565800,3078924.0,5.45,5.44,5.43,5.42,5.41,5.4,5.39,5.38,5.37,5.36,5.46,5.47,5.48,5.49,5.5,5.51,5.52,5.53,5.54,5.55,14700,10800,13500,82000,86300,11100,25300,24400,17500,28600,60900,72700,33700,32700,51200,49600,26400,12000,15000,10100
374.0,5.45,565800,3078924.0,5.45,5.44,5.43,5.42,5.41,5.4,5.39,5.38,5.37,5.36,5.46,5.47,5.48,5.49,5.5,5.51,5.52,5.53,5.54,5.55,14700,10800,13500,82000,86300,11100,25300,24400,17500,28600,60900,72700,33700,32700,51200,49600,26400,12000,15000,10100
375.0,5.45,567200,3086554.0,5.45,5.44,5.43,5.42,5.41,5.4,5.39,5.38,5.37,5.36,5.46,5.47,5.48,5.49,5.5,5.51,5.52,5.53,5.54,5.55,13300,10800,13500,82000,86300,11100,25300,24400,17500,28600,60900,72700,33700,32700,51200,49600,26400,12000,15000,10100
376.0,5.45,567200,3086554.0,5.45,5.44,5.43,5.42,5.41,5.4,5.39,5.38,5.37,5.36,5.46,5.47,5.48,5.49,5.5,5.51,5.52,5.53,5.54,5.55,13300,10800,13500,82000,86300,11100,25300,24400,17500,28600,60900,72700,33700,32700,51200,49600,26400,12000,15000,10100
377.0,5.46,588600,3203398.0,5.45,5.44,5.43,5.42,5.41,5.4,5.39,5.38,5.37,5.36,5.46,5.47,5.48,5.49,5.5,5.51,5.52,5.53,5.54,5.55,13300,10800,13500,82000,86300,11100,25300,24400,17500,28600,39500,72700,33700,32700,51200,49600,26400,12000,15000,10100
378.0,5.46,592600,3225225.0,5.45,5.44,5.43,5.42,5.41,5.4,5.39,5.38,5.37,5.36,5.46,5.47,5.48,5.49,5.5,5.51,5.52,5.53,5.54,5.55,12000,10800,13500,82000,86300,11100,25300,23400,17500,28600,36800,72700,33700,32700,51200,49600,26400,12000,15000,10100
379.0,5.45,593800,3231765.0,5.45,5.44,5.43,5.42,5.41,5.4,5.39,5.38,5.37,5.36,5.46,5.47,5.48,5.49,5.5,5.51,5.52,5.53,5.54,5.55,10800,10800,13500,82000,86300,11100,25300,23400,17500,28600,36800,72700,33700,32700,51200,49600,26400,12000,15000,10100
380.0,5.46,605500,3295628.0,5.45,5.44,5.43,5.42,5.41,5.4,5.39,5.38,5.37,5.36,5.46,5.47,5.48,5.49,5.5,5.51,5.52,5.53,5.54,5.55,8900,10800,13500,82000,86300,11100,25300,23400,17500,28600,27000,72700,33700,32700,51200,49600,26400,12000,15000,10100
381.0,5.46,623200,3392270.0,5.45,5.44,5.43,5.42,5.41,5.4,5.39,5.38,5.37,5.36,5.46,5.47,5.48,5.49,5.5,5.51,5.52,5.53,5.54,5.55,8900,10800,13500,82000,86300,11100,25300,23400,17500,28600,9300,72700,33700,32700,51200,49600,26400,12000,15000,10100
382.0,5.46,633300,3447408.0,5.46,5.45,5.44,5.43,5.42,5.41,5.4,5.39,5.38,5.37,5.47,5.48,5.49,5.5,5.51,5.52,5.53,5.54,5.55,5.56,100,8100,10800,13500,82000,86300,11100,25300,23400,17500,72700,33700,32700,51200,49600,26400,12000,15000,13100,6000
383.0,5.46,635500,3459403.0,5.46,5.45,5.44,5.43,5.42,5.41,5.4,5.39,5.38,5.37,5.47,5.48,5.49,5.5,5.51,5.52,5.53,5.54,5.55,5.56,1600,6400,10800,13500,82000,86300,11100,25300,23400,17500,72700,33700,32700,51200,49600,26400,12000,15000,13100,6000
384.0,5.46,635500,3459403.0,5.46,5.45,5.44,5.43,5.42,5.41,5.4,5.39,5.38,5.37,5.47,5.48,5.49,5.5,5.51,5.52,5.53,5.54,5.55,5.56,1700,6400,10800,13500,82000,86300,11100,25300,23400,17500,72700,33700,32700,51200,49600,26400,12000,15000,13100,6000
385.0,5.46,635700,3460495.0,5.46,5.45,5.44,5.43,5.42,5.41,5.4,5.39,5.38,5.37,5.47,5.48,5.49,5.5,5.51,5.52,5.53,5.54,5.55,5.56,1500,6400,10800,13500,82000,86300,11100,25300,23400,17500,72700,33700,32700,51200,49600,26400,12000,15000,13100,6000
386.0,5.47,638700,3476905.0,5.46,5.45,5.44,5.43,5.42,5.41,5.4,5.39,5.38,5.37,5.47,5.48,5.49,5.5,5.51,5.52,5.53,5.54,5.55,5.56,3700,7900,10800,13500,82000,86300,11100,25300,23400,17500,69700,33700,32700,51200,49600,26400,12000,15000,13100,6000
387.0,5.47,638700,3476905.0,5.46,5.45,5.44,5.43,5.42,5.41,5.4,5.39,5.38,5.37,5.47,5.48,5.49,5.5,5.51,5.52,5.53,5.54,5.55,5.56,3700,7900,5900,13500,82000,86300,11100,25300,23400,17500,69700,33700,32700,51200,49600,26400,12000,15000,13100,6000
388.0,5.45,643800,3504737.0,5.45,5.44,5.43,5.42,5.41,5.4,5.39,5.38,5.37,5.36,5.47,5.48,5.49,5.5,5.51,5.52,5.53,5.54,5.55,5.56,6500,5900,13500,82000,86300,11100,25300,23400,17500,28600,69700,33700,32700,51200,49600,26400,12000,15000,13100,6000
389.0,5.45,644700,3509644.0,5.46,5.45,5.44,5.43,5.42,5.41,5.4,5.39,5.38,5.37,5.47,5.48,5.49,5.5,5.51,5.52,5.53,5.54,5.55,5.56,1000,47000,5900,13500,82000,86300,11100,25300,23400,17500,71300,33700,32700,51200,49600,26400,12000,15000,13100,6000
390.0,5.45,644700,3509644.0,5.46,5.45,5.44,5.43,5.42,5.41,5.4,5.39,5.38,5.37,5.47,5.48,5.49,5.5,5.51,5.52,5.53,5.54,5.55,5.56,1000,47000,5900,13500,82000,86300,11100,25300,23400,17500,71300,33700,32700,52700,49600,26400,12000,15000,13100,6000
391.0,5.45,644700,3509644.0,5.46,5.45,5.44,5.43,5.42,5.41,5.4,5.39,5.38,5.37,5.47,5.48,5.49,5.5,5.51,5.52,5.53,5.54,5.55,5.56,4500,47000,5900,13500,82000,86300,11100,25300,23400,17500,71300,33700,32700,52700,49600,26400,12000,15000,13100,6000
392.0,5.47,646200,3517845.0,5.46,5.45,5.44,5.43,5.42,5.41,5.4,5.39,5.38,5.37,5.47,5.48,5.49,5.5,5.51,5.52,5.53,5.54,5.55,5.56,5100,47000,5900,13500,85300,86300,11100,25300,23400,17500,70100,33700,32700,52700,49600,26400,12000,15000,13100,6000
393.0,5.46,650300,3540267.0,5.46,5.45,5.44,5.43,5.42,5.41,5.4,5.39,5.38,5.37,5.47,5.48,5.49,5.5,5.51,5.52,5.53,5.54,5.55,5.56,5500,47000,5900,13500,85300,86300,11100,25300,23400,17500,66500,33700,32700,52700,49600,26400,12000,15000,13100,6000
394.0,5.46,650400,3540813.0,5.46,5.45,5.44,5.43,5.42,5.41,5.4,5.39,5.38,5.37,5.47,5.48,5.49,5.5,5.51,5.52,5.53,5.54,5.55,5.56,5400,47000,5900,13500,85300,86300,11100,25300,23400,17500,66500,33700,32700,52700,49600,26400,12000,15000,13100,6000
395.0,5.46,650900,3543543.0,5.46,5.45,5.44,5.43,5.42,5.41,5.4,5.39,5.38,5.37,5.47,5.48,5.49,5.5,5.51,5.52,5.53,5.54,5.55,5.56,4900,47000,5900,13500,85300,86300,11100,25300,23400,17500,66500,33700,32700,52700,49600,26400,12000,15000,13100,6000
396.0,5.46,650900,3543543.0,5.46,5.45,5.44,5.43,5.42,5.41,5.4,5.39,5.38,5.37,5.47,5.48,5.49,5.5,5.51,5.52,5.53,5.54,5.55,5.56,4900,47000,5900,13500,85300,86300,11100,25300,23400,17500,66500,33700,32700,52700,49600,26400,12000,15000,13100,6000
397.0,5.47,651600,3547368.0,5.46,5.45,5.44,5.43,5.42,5.41,5.4,5.39,5.38,5.37,5.47,5.48,5.49,5.5,5.51,5.52,5.53,5.54,5.55,5.56,4500,47000,5900,13500,85300,86300,11100,25300,23400,17500,66200,33700,32700,52700,49600,26400,12000,15000,13100,6000
398.0,5.47,653500,3557757.0,5.46,5.45,5.44,5.43,5.42,5.41,5.4,5.39,5.38,5.37,5.47,5.48,5.49,5.5,5.51,5.52,5.53,5.54,5.55,5.56,4100,47000,5900,13500,85300,86300,11100,25300,23400,17500,64700,33700,32700,52700,49600,26400,12000,15000,13100,6000
399.0,5.46,656000,3571407.0,5.46,5.45,5.44,5.43,5.42,5.41,5.4,5.39,5.38,5.37,5.47,5.48,5.49,5.5,5.51,5.52,5.53,5.54,5.55,5.56,1600,47000,5900,13500,85300,86300,11100,25300,23400,17500,64700,33700,31900,52700,49600,26400,12000,15000,13100,6000
400.0,5.46,658700,3586149.0,5.45,5.44,5.43,5.42,5.41,5.4,5.39,5.38,5.37,5.36,5.46,5.47,5.48,5.49,5.5,5.51,5.52,5.53,5.54,5.55,47100,5900,13500,85300,86300,11100,25300,23400,17500,28600,2900,64700,33700,31900,52700,49600,26400,12000,15000,13100
401.0,5.46,658800,3586695.0,5.45,5.44,5.43,5.42,5.41,5.4,5.39,5.38,5.37,5.36,5.46,5.47,5.48,5.49,5.5,5.51,5.52,5.53,5.54,5.55,47100,5900,13500,85300,86300,11100,25300,23400,17500,28600,2800,64700,33700,31900,52700,49600,26400,12000,15000,13100
402.0,5.48,733100,3993102.0,5.47,5.45,5.44,5.43,5.42,5.41,5.4,5.39,5.38,5.37,5.48,5.49,5.5,5.51,5.52,5.53,5.54,5.55,5.56,5.57,26400,45300,5900,13500,85300,85300,11100,25300,23400,17500,28700,31900,52700,49600,26400,12000,15000,13100,6000,14000
403.0,5.48,733100,3993102.0,5.47,5.45,5.44,5.43,5.42,5.41,5.4,5.39,5.38,5.37,5.48,5.49,5.5,5.51,5.52,5.53,5.54,5.55,5.56,5.57,27100,45300,5900,13500,85300,85300,11100,25300,23400,17500,28700,31900,52700,49600,26400,12000,15000,13100,6000,14000
404.0,5.48,740000,4030914.0,5.47,5.45,5.44,5.43,5.42,5.41,5.4,5.39,5.38,5.37,5.48,5.49,5.5,5.51,5.52,5.53,5.54,5.55,5.56,5.57,34100,45100,5900,13500,85300,85300,11100,25300,23400,17500,21800,31900,52700,49600,26400,12000,15000,13100,6000,14000
405.0,5.47,742800,4046230.0,5.47,5.45,5.44,5.43,5.42,5.41,5.4,5.39,5.38,5.37,5.48,5.49,5.5,5.51,5.52,5.53,5.54,5.55,5.56,5.57,31500,45100,5900,13500,85300,85300,11100,25300,23400,17500,21800,31900,52700,49600,26400,12000,15000,13100,6000,14000
406.0,5.47,742800,4046230.0,5.47,5.45,5.44,5.43,5.42,5.41,5.4,5.39,5.38,5.37,5.48,5.49,5.5,5.51,5.52,5.53,5.54,5.55,5.56,5.57,31500,45100,5900,13500,85300,85300,11100,25300,23400,17500,21800,31900,53200,49600,26400,12000,15000,13100,6000,14000
407.0,5.48,743400,4049518.0,5.47,5.45,5.44,5.43,5.42,5.41,5.4,5.39,5.38,5.37,5.48,5.49,5.5,5.51,5.52,5.53,5.54,5.55,5.56,5.57,31500,44900,5900,13500,85300,85300,11100,25300,23400,17500,21200,31900,53200,49600,26400,12000,15000,13100,6000,14000
408.0,5.47,747000,4069210.0,5.47,5.45,5.44,5.43,5.42,5.41,5.4,5.39,5.38,5.37,5.48,5.49,5.5,5.51,5.52,5.53,5.54,5.55,5.56,5.57,27900,44900,5900,13500,85300,85300,11100,25300,23400,17500,21200,31900,53200,49600,26400,12000,15000,13100,6000,14000
409.0,5.47,747000,4069210.0,5.47,5.45,5.44,5.43,5.42,5.41,5.4,5.39,5.38,5.37,5.48,5.49,5.5,5.51,5.52,5.53,5.54,5.55,5.56,5.57,27900,44900,5900,13500,85300,85300,11100,25300,23400,17500,20200,31900,53200,49600,26400,12000,15000,13100,6000,14000
