LocalTime,LastPrice,TradeVolume,TradeValue,BidPrice1,BidPrice2,BidPrice3,BidPrice4,BidPrice5,BidPrice6,BidPrice7,BidPrice8,BidPrice9,BidPriceA,AskPrice1,AskPrice2,AskPrice3,AskPrice4,AskPrice5,AskPrice6,AskPrice7,AskPrice8,AskPrice9,AskPriceA,BidVolume1,BidVolume2,BidVolume3,BidVolume4,BidVolume5,BidVolume6,BidVolume7,BidVolume8,BidVolume9,BidVolumeA,AskVolume1,AskVolume2,AskVolume3,AskVolume4,AskVolume5,AskVolume6,AskVolume7,AskVolume8,AskVolume9,AskVolumeA
0.0,0.0,0,0.0,8.8,8.79,8.78,8.75,8.73,8.72,8.71,8.7,8.62,8.61,8.9,8.92,8.98,8.99,9.0,9.02,9.05,9.09,9.17,9.18,3300,6300,1000,8300,1100,600,500,1500,1000,3800,1000,10100,1700,1100,400,3100,400,900,500,600
1.0,0.0,0,0.0,8.88,8.8,8.79,8.78,8.75,8.73,8.72,8.71,8.7,8.62,8.9,8.92,8.97,8.98,8.99,9.0,9.02,9.05,9.09,9.17,5300,3300,6300,1000,8300,1100,600,500,1500,1000,1000,10100,300,1700,1100,400,3100,400,900,500
2.0,8.89,200,1778.0,8.88,8.8,8.79,8.78,8.75,8.73,8.72,8.71,8.7,8.65,8.89,8.9,8.92,8.97,8.98,8.99,9.0,9.02,9.05,9.09,5300,3300,6300,1000,8300,1100,600,500,1500,1000,1200,2100,10100,300,1700,1100,400,3100,400,900
3.0,8.89,200,1778.0,8.88,8.8,8.79,8.78,8.77,8.75,8.73,8.72,8.71,8.7,8.89,8.9,8.92,8.97,8.98,8.99,9.0,9.02,9.05,9.09,5400,4400,6300,1000,2000,8300,1100,600,500,1500,1200,2100,10100,300,1700,1100,2000,3100,400,900
4.0,8.89,200,1778.0,8.88,8.8,8.79,8.78,8.77,8.75,8.73,8.72,8.71,8.7,8.89,8.9,8.92,8.97,8.98,8.99,9.0,9.02,9.05,9.09,5400,4500,6300,5500,2000,8300,1100,600,500,1500,1200,2100,10100,300,1700,1100,2000,3100,400,900
5.0,8.89,200,1778.0,8.88,8.8,8.79,8.78,8.77,8.75,8.73,8.72,8.71,8.7,8.89,8.9,8.92,8.97,8.98,8.99,9.0,9.02,9.05,9.09,5400,4500,1300,7500,2000,8300,1100,600,500,3500,1200,2100,10100,300,1700,1100,2000,8100,400,800
6.0,8.88,1200,10658.0,8.88,8.8,8.79,8.78,8.77,8.75,8.73,8.72,8.71,8.7,8.89,8.9,8.92,8.95,8.97,8.98,8.99,9.0,9.02,9.05,7800,5300,1300,7500,2000,8300,1100,600,500,4500,3200,2100,10100,1600,300,1700,1100,2000,8100,400
7.0,8.88,5100,45290.0,8.88,8.8,8.79,8.78,8.77,8.75,8.73,8.72,8.71,8.7,8.89,8.9,8.92,8.95,8.97,8.98,8.99,9.0,9.02,9.05,3900,5300,1300,7500,2000,8300,1100,600,500,4500,3200,2100,10100,1600,300,1700,1100,4000,8100,400
8.0,8.88,7500,66619.0,8.88,8.81,8.8,8.79,8.78,8.77,8.76,8.75,8.73,8.72,8.89,8.9,8.91,8.92,8.95,8.97,8.98,8.99,9.0,9.02,3200,2700,5500,1300,7500,2000,5500,8300,2300,600,1500,2100,3000,10100,1600,300,1700,1100,4500,8100
9.0,8.88,10800,95952.0,8.88,8.81,8.8,8.79,8.78,8.77,8.76,8.75,8.73,8.72,8.9,8.91,8.92,8.95,8.97,8.98,8.99,9.0,9.02,9.05,2100,2700,5500,1300,10500,2000,5500,8300,4100,600,1400,3000,10100,1600,300,1700,1100,4500,8100,400
10.0,8.88,12900,114600.0,8.81,8.8,8.79,8.78,8.77,8.76,8.75,8.73,8.72,8.71,8.87,8.9,8.91,8.92,8.95,8.97,8.98,8.99,9.0,9.02,2700,5500,1300,10500,2000,5500,8300,4100,600,500,900,1400,3000,10100,1600,300,1700,1100,4500,8100
11.0,8.87,13000,115487.0,8.82,8.81,8.8,8.79,8.78,8.77,8.76,8.75,8.73,8.72,8.87,8.9,8.91,8.92,8.95,8.97,8.98,8.99,9.0,9.02,800,3600,5500,1300,8500,2000,5500,8300,4100,600,800,1400,3000,10100,1600,300,1700,1100,4500,8100
12.0,8.9,15500,137713.0,8.87,8.82,8.81,8.8,8.79,8.78,8.77,8.76,8.75,8.73,8.88,8.9,8.91,8.92,8.95,8.97,8.98,8.99,9.0,9.02,2300,1900,4800,5500,1300,8500,2000,5500,8300,4100,100,14000,3400,10100,1600,300,1700,1100,4500,8100
13.0,8.89,15800,140380.0,8.89,8.88,8.87,8.82,8.81,8.8,8.79,8.78,8.77,8.76,8.9,8.91,8.92,8.95,8.97,8.98,8.99,9.0,9.02,9.05,200,100,2300,1900,4800,5500,1300,8500,2000,5500,23700,3400,10100,1600,300,1700,1100,4500,8100,400
14.0,8.89,17600,156382.0,8.88,8.82,8.81,8.8,8.79,8.78,8.77,8.76,8.75,8.73,8.89,8.9,8.91,8.92,8.95,8.97,8.98,8.99,9.0,9.02,100,1900,4800,5500,1300,8500,2000,5500,8300,4100,1700,20700,3000,10100,1600,300,1700,1100,4500,8100
15.0,8.88,17800,158158.0,8.84,8.83,8.82,8.81,8.8,8.79,8.78,8.77,8.76,8.75,8.88,8.89,8.9,8.91,8.92,8.95,8.97,8.98,8.99,9.0,1400,1800,1900,4800,5500,1300,8500,2000,5500,8300,1200,2000,9500,3000,10100,1600,300,1700,1100,4500
16.0,8.88,17800,158158.0,8.84,8.83,8.82,8.81,8.8,8.79,8.78,8.77,8.76,8.75,8.88,8.89,8.9,8.91,8.92,8.95,8.97,8.98,8.99,9.0,400,1800,1900,4800,5500,1300,8500,2000,5500,8300,1200,4300,10000,3000,10100,1600,300,1700,1100,4500
17.0,8.88,17800,158158.0,8.84,8.83,8.82,8.81,8.8,8.79,8.78,8.77,8.76,8.75,8.88,8.89,8.9,8.91,8.92,8.95,8.97,8.98,8.99,9.0,600,1800,1900,4800,5500,1300,8500,2000,5500,8300,1500,4500,3600,3000,10100,1600,300,1700,1100,4500
18.0,8.88,18100,160822.0,8.84,8.83,8.82,8.81,8.8,8.79,8.78,8.77,8.76,8.75,8.88,8.89,8.9,8.91,8.92,8.95,8.97,8.98,8.99,9.0,600,1800,1900,4800,5500,1300,8500,2000,5500,8300,1200,400,3600,3000,10100,1600,300,1700,1100,4500
19.0,8.88,18100,160822.0,8.84,8.83,8.82,8.81,8.8,8.79,8.78,8.77,8.76,8.75,8.88,8.89,8.9,8.91,8.92,8.95,8.97,8.98,8.99,9.0,2100,1800,1900,4800,5500,1300,8500,2000,5500,8300,1200,1400,3600,3000,10100,1600,300,1700,1100,4500
20.0,8.84,20600,182922.0,8.85,8.84,8.83,8.82,8.81,8.8,8.79,8.78,8.77,8.76,8.88,8.89,8.9,8.91,8.92,8.95,8.97,8.98,8.99,9.0,700,6700,1900,1100,4800,5500,1300,8500,2000,5500,1500,1400,3600,3000,10100,1600,300,1700,1100,4500
21.0,8.84,20600,182922.0,8.85,8.84,8.83,8.82,8.81,8.8,8.79,8.78,8.77,8.76,8.88,8.89,8.9,8.91,8.92,8.95,8.97,8.98,8.99,9.0,700,7300,1900,1100,4800,5500,1300,8500,2000,5500,1500,1400,3600,3000,10100,1600,300,1700,1100,4500
22.0,8.84,20600,182922.0,8.85,8.84,8.83,8.82,8.81,8.8,8.79,8.78,8.77,8.76,8.88,8.89,8.9,8.91,8.92,8.95,8.97,8.98,8.99,9.0,700,7800,1900,1100,4800,5500,1300,8500,2000,5500,1500,1500,3600,3000,10100,1600,300,1700,1100,4500
23.0,8.84,20600,182922.0,8.85,8.84,8.83,8.82,8.81,8.8,8.79,8.78,8.77,8.76,8.88,8.89,8.9,8.91,8.92,8.95,8.97,8.98,8.99,9.0,700,7800,1900,1100,4800,5500,1300,8500,2000,5500,1500,1500,3600,3000,10100,1600,300,1700,1100,4500
24.0,8.84,20600,182922.0,8.85,8.84,8.83,8.82,8.81,8.8,8.79,8.78,8.77,8.76,8.88,8.89,8.9,8.91,8.92,8.95,8.97,8.98,8.99,9.0,700,7800,1900,1100,4700,5500,1300,8500,2000,5500,1500,1700,3600,3000,10100,1600,300,1700,1100,4500
25.0,8.86,25900,230015.0,8.86,8.85,8.84,8.83,8.82,8.81,8.8,8.79,8.78,8.77,8.89,8.9,8.91,8.92,8.95,8.97,8.98,8.99,9.0,9.02,2600,800,7900,1900,1100,4700,5500,1300,8500,2000,1300,10100,3000,10100,1600,300,2100,1100,4500,8100
26.0,8.86,27000,239761.0,8.86,8.85,8.84,8.83,8.82,8.81,8.8,8.79,8.78,8.77,8.89,8.9,8.91,8.92,8.95,8.97,8.98,8.99,9.0,9.02,1500,800,7900,1900,1100,4700,5500,1300,8500,2000,6900,10900,3000,10100,1600,300,2100,1100,4500,8100
27.0,8.86,27000,239761.0,8.86,8.85,8.84,8.83,8.82,8.81,8.8,8.79,8.78,8.77,8.88,8.89,8.9,8.91,8.92,8.95,8.97,8.98,8.99,9.0,2300,800,7900,1900,1100,4700,5500,1300,8500,2000,600,16100,10900,3000,10100,1600,300,2100,1100,4500
28.0,8.86,27000,239761.0,8.86,8.85,8.84,8.83,8.82,8.81,8.8,8.79,8.78,8.77,8.88,8.89,8.9,8.91,8.92,8.95,8.97,8.98,8.99,9.0,2300,800,2900,1900,1100,4700,4700,1300,8500,2000,600,14800,10200,3000,10100,1600,300,2100,1100,4500
29.0,8.86,27900,247735.0,8.86,8.85,8.84,8.83,8.82,8.81,8.8,8.79,8.78,8.77,8.88,8.89,8.9,8.91,8.92,8.95,8.97,8.98,8.99,9.0,1400,800,2900,1900,1100,4700,4700,1300,8500,2000,600,8200,10200,3000,10100,1600,300,2100,1100,4500
30.0,8.86,27900,247735.0,8.86,8.85,8.84,8.83,8.82,8.81,8.8,8.79,8.78,8.77,8.88,8.89,8.9,8.91,8.92,8.95,8.97,8.98,8.99,9.0,1400,800,2900,1900,1100,4700,4700,1300,8500,2000,600,5700,9500,3000,10100,1600,300,2100,1100,4500
31.0,8.88,29000,257483.0,8.86,8.85,8.84,8.83,8.82,8.81,8.8,8.79,8.78,8.77,8.88,8.89,8.9,8.91,8.92,8.95,8.97,8.98,8.99,9.0,400,800,2900,1900,1100,4700,4700,1300,8500,2000,1300,5700,9500,3000,10100,1600,300,2100,1100,4500
32.0,8.88,29000,257483.0,8.86,8.85,8.84,8.83,8.82,8.81,8.8,8.79,8.78,8.77,8.88,8.89,8.9,8.91,8.92,8.95,8.97,8.98,8.99,9.0,400,800,2900,1900,1100,4700,4700,1300,8500,2000,1300,3600,9200,3000,10100,1600,300,2100,1100,4500
33.0,8.86,29400,261027.0,8.85,8.84,8.83,8.82,8.81,8.8,8.79,8.78,8.77,8.76,8.86,8.88,8.89,8.9,8.91,8.92,8.95,8.97,8.98,8.99,800,2900,1900,1100,4700,4700,1300,8500,2000,5500,1300,1300,600,9200,3000,10100,1600,300,2100,1100
34.0,8.86,29400,261027.0,8.85,8.84,8.83,8.82,8.81,8.8,8.79,8.78,8.77,8.76,8.86,8.88,8.89,8.9,8.91,8.92,8.95,8.97,8.98,8.99,800,2900,1900,1100,4700,4700,1300,8500,2000,5500,1200,1300,600,9200,3000,10100,1600,300,2100,1100
35.0,8.86,29400,261027.0,8.85,8.84,8.83,8.82,8.81,8.8,8.79,8.78,8.77,8.76,8.86,8.88,8.89,8.9,8.91,8.92,8.95,8.97,8.98,8.99,800,2500,1900,1100,4700,4700,1300,8500,2000,5500,1200,1300,600,9200,3000,10100,1600,300,2100,1100
36.0,8.86,30800,273431.0,8.86,8.85,8.84,8.83,8.82,8.81,8.8,8.79,8.78,8.77,8.88,8.89,8.9,8.91,8.92,8.95,8.97,8.98,8.99,9.0,3500,800,2500,1900,2200,4700,4700,1300,8500,2000,800,600,9200,3000,10100,1600,300,2100,1100,4500
37.0,8.86,30800,273431.0,8.86,8.85,8.84,8.83,8.82,8.81,8.8,8.79,8.78,8.77,8.88,8.89,8.9,8.91,8.92,8.95,8.97,8.98,8.99,9.0,3500,800,2500,1900,2200,4700,4700,1300,8500,2000,800,600,9200,3000,10100,1600,300,2100,1100,4500
38.0,8.86,30800,273431.0,8.86,8.85,8.84,8.83,8.82,8.81,8.8,8.79,8.78,8.77,8.88,8.89,8.9,8.91,8.92,8.95,8.97,8.98,8.99,9.0,3500,800,2500,1900,2200,4700,4700,1300,8500,2000,800,600,9200,5000,10100,1600,300,2100,1100,4500
39.0,8.86,30800,273431.0,8.86,8.85,8.84,8.83,8.82,8.81,8.8,8.79,8.78,8.77,8.88,8.89,8.9,8.91,8.92,8.95,8.97,8.98,8.99,9.0,3500,800,2500,1900,2200,4700,4700,1300,8500,2000,800,600,9200,5000,10100,1600,300,2100,1100,4500
40.0,8.86,30800,273431.0,8.86,8.85,8.84,8.83,8.82,8.81,8.8,8.79,8.78,8.77,8.88,8.89,8.9,8.91,8.92,8.95,8.97,8.98,8.99,9.0,3500,800,2500,1900,2200,4700,4700,1300,8500,2000,800,500,9200,5000,10100,1600,300,2100,1100,4500
41.0,8.86,30800,273431.0,8.86,8.85,8.84,8.83,8.82,8.81,8.8,8.79,8.78,8.77,8.88,8.89,8.9,8.91,8.92,8.95,8.97,8.98,8.99,9.0,3500,800,2500,1900,2200,4700,4700,1300,8500,2000,800,500,8000,5000,10100,1600,300,2100,1100,4500
42.0,8.86,30800,273431.0,8.86,8.85,8.84,8.83,8.82,8.81,8.8,8.79,8.78,8.77,8.88,8.89,8.9,8.91,8.92,8.95,8.97,8.98,8.99,9.0,3500,800,2500,1900,2200,4700,4700,1300,8500,2000,800,500,8000,5000,10100,1600,300,2100,1100,4500
43.0,8.86,30800,273431.0,8.86,8.85,8.84,8.83,8.82,8.81,8.8,8.79,8.78,8.77,8.87,8.88,8.89,8.9,8.91,8.92,8.95,8.97,8.98,8.99,3500,700,2500,1900,2200,4700,4700,1300,8500,2000,100,800,500,1500,5000,10100,1600,300,2100,1100
44.0,8.86,34300,304441.0,8.85,8.84,8.83,8.82,8.81,8.8,8.79,8.78,8.77,8.76,8.86,8.87,8.88,8.89,8.9,8.91,8.92,8.95,8.97,8.98,700,2500,1900,2200,4700,4700,1300,8500,2000,5500,400,100,1200,500,1500,5000,10100,1600,300,2100
45.0,8.86,34300,304441.0,8.85,8.84,8.83,8.82,8.81,8.8,8.79,8.78,8.77,8.76,8.86,8.87,8.88,8.89,8.9,8.91,8.92,8.95,8.97,8.98,700,2500,1900,2200,4700,4700,1300,8500,2000,5500,400,100,1200,500,1400,5000,10100,1600,300,2100
46.0,8.86,34300,304441.0,8.85,8.84,8.83,8.82,8.81,8.8,8.79,8.78,8.77,8.76,8.86,8.87,8.88,8.89,8.9,8.91,8.92,8.95,8.97,8.98,700,2500,1900,2200,4700,4700,1300,8500,2000,5500,400,100,1200,500,1400,5000,10100,1600,300,2100
47.0,8.86,34300,304441.0,8.85,8.84,8.83,8.82,8.81,8.8,8.79,8.78,8.77,8.76,8.86,8.87,8.88,8.89,8.9,8.91,8.92,8.95,8.97,8.98,700,1300,1900,2200,4700,4700,1300,8500,2000,5500,600,100,1200,500,1400,5000,10100,1600,300,2100
48.0,8.86,34300,304441.0,8.85,8.84,8.83,8.82,8.81,8.8,8.79,8.78,8.77,8.76,8.86,8.87,8.88,8.89,8.9,8.91,8.92,8.95,8.97,8.98,700,1300,1900,2200,4700,4700,1300,8500,2000,7100,600,100,800,500,1400,5000,10100,1600,300,2100
49.0,8.86,34300,304441.0,8.85,8.84,8.83,8.82,8.81,8.8,8.79,8.78,8.77,8.76,8.86,8.87,8.88,8.89,8.9,8.91,8.92,8.95,8.97,8.98,700,1300,1900,2200,4700,4700,1300,8500,2000,7100,600,100,800,500,1400,5000,10100,1600,300,2100
50.0,8.86,34300,304441.0,8.85,8.84,8.83,8.82,8.81,8.8,8.79,8.78,8.77,8.76,8.86,8.87,8.88,8.89,8.9,8.91,8.92,8.95,8.97,8.98,700,1300,1900,2200,4700,4700,1300,9600,2000,7100,600,100,800,500,1400,5000,10100,1600,300,2100
51.0,8.85,35000,310636.0,8.84,8.83,8.82,8.81,8.8,8.79,8.78,8.77,8.76,8.75,8.85,8.86,8.87,8.88,8.89,8.9,8.91,8.92,8.95,8.97,1300,1900,2200,4700,4700,1300,9600,2000,7100,8300,11300,1800,100,500,500,1400,5000,10100,1600,300
52.0,8.85,35000,310636.0,8.84,8.83,8.82,8.81,8.8,8.79,8.78,8.77,8.76,8.75,8.85,8.86,8.87,8.88,8.89,8.9,8.91,8.92,8.95,8.97,1300,1900,2200,4700,4700,1300,9600,2000,7100,8300,11300,1800,100,500,500,1400,5000,10100,1600,300
53.0,8.85,35000,310636.0,8.84,8.83,8.82,8.81,8.8,8.79,8.78,8.77,8.76,8.75,8.85,8.86,8.87,8.88,8.89,8.9,8.91,8.92,8.95,8.97,1300,1900,2200,4700,4700,1300,9600,2000,7100,8300,11300,1400,100,500,500,1400,5000,10100,1600,300
54.0,8.84,36300,322128.0,8.83,8.82,8.81,8.8,8.79,8.78,8.77,8.76,8.75,8.73,8.84,8.85,8.86,8.87,8.88,8.89,8.9,8.91,8.92,8.95,1800,2200,4700,4700,1300,9600,2000,7100,8300,4100,6200,11300,1400,100,500,500,1400,5000,10100,1600
55.0,8.84,36300,322128.0,8.83,8.82,8.81,8.8,8.79,8.78,8.77,8.76,8.75,8.73,8.84,8.85,8.86,8.87,8.88,8.89,8.9,8.91,8.92,8.95,1800,1100,4700,4700,1300,9600,2000,7100,8300,4100,11700,11300,900,100,500,500,1400,5000,10100,1600
56.0,8.83,36600,324777.0,8.83,8.82,8.81,8.8,8.79,8.78,8.77,8.76,8.75,8.73,8.84,8.85,8.86,8.87,8.88,8.89,8.9,8.91,8.92,8.95,1500,1100,4700,4700,1300,9600,2000,7100,8300,4100,13800,11300,900,100,500,500,1400,5000,10100,1600
57.0,8.83,37300,330958.0,8.83,8.82,8.81,8.8,8.79,8.78,8.77,8.76,8.75,8.73,8.84,8.85,8.86,8.87,8.88,8.89,8.9,8.91,8.92,8.95,800,1100,4700,5400,1300,9600,2000,7100,8300,4100,14700,11300,900,100,500,500,1400,5000,10100,1600
58.0,8.83,38100,338022.0,8.82,8.81,8.8,8.79,8.78,8.77,8.76,8.75,8.73,8.72,8.84,8.85,8.86,8.88,8.89,8.9,8.91,8.92,8.95,8.97,1100,4700,5400,1300,9600,2000,7100,8300,4100,600,14700,11300,900,500,500,1400,5000,10100,1600,300
59.0,8.83,38400,340671.0,8.82,8.81,8.8,8.79,8.78,8.77,8.76,8.75,8.73,8.72,8.83,8.84,8.85,8.86,8.88,8.89,8.9,8.91,8.92,8.95,1100,4700,5400,1300,9600,2000,7100,8300,4100,600,300,14700,11300,700,500,500,1400,5000,10100,1600
60.0,8.82,38900,345081.0,8.82,8.81,8.8,8.79,8.78,8.77,8.76,8.75,8.73,8.72,8.83,8.84,8.85,8.86,8.88,8.89,8.9,8.91,8.92,8.95,600,4700,5400,1300,9600,2000,7100,8300,4100,600,300,14700,11300,700,500,500,1400,5000,10100,1600
61.0,8.82,38900,345081.0,8.82,8.81,8.8,8.79,8.78,8.77,8.76,8.75,8.73,8.72,8.83,8.84,8.85,8.86,8.88,8.89,8.9,8.91,8.92,8.95,600,4700,5400,1300,9600,2000,7100,8300,4100,600,300,14700,11300,700,500,500,1400,5000,10100,1600
62.0,8.82,38900,345081.0,8.82,8.81,8.8,8.79,8.78,8.77,8.76,8.75,8.73,8.72,8.83,8.84,8.85,8.86,8.88,8.89,8.9,8.91,8.92,8.95,600,4700,5400,1300,9600,2000,7100,8300,4100,600,300,14700,11300,700,500,500,1400,5000,10100,1600
63.0,8.83,39300,348613.0,8.83,8.82,8.81,8.8,8.79,8.78,8.77,8.76,8.75,8.73,8.85,8.86,8.88,8.89,8.9,8.91,8.92,8.95,8.97,8.98,2400,600,4700,5400,1300,9600,2000,7100,8300,4100,11300,700,500,500,1400,5000,10100,1600,300,2100
64.0,8.85,43800,388351.0,8.81,8.8,8.79,8.78,8.77,8.76,8.75,8.73,8.72,8.71,8.85,8.86,8.88,8.89,8.9,8.91,8.92,8.95,8.97,8.98,4700,5400,1300,9600,2000,7100,8300,4100,600,500,10500,700,500,500,1400,5000,10100,1600,300,2100
65.0,8.82,47000,416575.0,8.82,8.81,8.8,8.79,8.78,8.77,8.76,8.75,8.73,8.72,8.85,8.86,8.88,8.89,8.9,8.91,8.92,8.95,8.97,8.98,1100,5400,5400,1300,9600,2000,7100,8300,4100,600,10500,700,500,500,1100,5000,10100,1600,300,2100
66.0,8.85,47900,424534.0,8.82,8.81,8.8,8.79,8.78,8.77,8.76,8.75,8.73,8.72,8.85,8.86,8.88,8.89,8.9,8.91,8.92,8.95,8.97,8.98,900,5500,5400,1300,9600,2000,7100,8300,4100,600,9800,700,500,500,1100,5000,10100,1600,300,2100
67.0,8.85,48600,430729.0,8.82,8.81,8.8,8.79,8.78,8.77,8.76,8.75,8.73,8.72,8.85,8.86,8.88,8.89,8.9,8.91,8.92,8.95,8.97,8.98,4200,5500,5400,1300,9600,2000,7100,8300,4100,600,9100,700,500,500,1100,5000,10100,1600,300,2100
68.0,8.85,49800,441349.0,8.82,8.81,8.8,8.79,8.78,8.77,8.76,8.75,8.73,8.72,8.85,8.86,8.88,8.89,8.9,8.91,8.92,8.95,8.97,8.98,4400,4600,5400,1300,9600,2000,7100,8300,4100,600,7900,700,500,500,1100,5000,10100,1600,300,2100
69.0,8.85,50300,445774.0,8.82,8.81,8.8,8.79,8.78,8.77,8.76,8.75,8.73,8.72,8.85,8.86,8.88,8.89,8.9,8.91,8.92,8.95,8.97,8.98,4900,2900,5400,1300,9600,2000,7100,8300,4100,600,7400,700,500,500,1100,5000,10100,1600,300,2100
70.0,8.85,50300,445774.0,8.82,8.81,8.8,8.79,8.78,8.77,8.76,8.75,8.73,8.72,8.85,8.86,8.88,8.89,8.9,8.91,8.92,8.95,8.97,8.98,4900,2900,5400,1300,9600,2000,7100,8300,4100,600,7400,700,500,500,1100,5000,10100,1600,300,2100
71.0,8.85,50500,447544.0,8.83,8.82,8.81,8.8,8.79,8.78,8.77,8.76,8.75,8.73,8.85,8.86,8.88,8.89,8.9,8.91,8.92,8.95,8.97,8.98,2300,5600,2900,5400,1300,9600,2000,7100,8300,4100,7200,700,500,500,1100,5000,10100,1600,300,2100
72.0,8.85,50500,447544.0,8.83,8.82,8.81,8.8,8.79,8.78,8.77,8.76,8.75,8.73,8.85,8.86,8.88,8.89,8.9,8.91,8.92,8.95,8.97,8.98,2300,5600,2900,5400,1300,9600,2000,7100,8300,4100,7200,700,500,500,1100,5000,10100,1600,300,2100
73.0,8.85,50500,447544.0,8.83,8.82,8.81,8.8,8.79,8.78,8.77,8.76,8.75,8.73,8.85,8.86,8.88,8.89,8.9,8.91,8.92,8.95,8.97,8.98,2300,5600,2900,5400,1300,9600,2000,7100,8300,4100,7200,700,500,500,1100,5000,10100,1600,300,2100
74.0,8.85,50500,447544.0,8.83,8.82,8.81,8.8,8.79,8.78,8.77,8.76,8.75,8.73,8.85,8.86,8.88,8.89,8.9,8.91,8.92,8.95,8.97,8.98,2300,5600,2900,5400,1300,9600,2000,7100,8300,4100,7200,700,500,500,1100,5000,10100,1600,300,2100
75.0,8.85,50500,447544.0,8.83,8.82,8.81,8.8,8.79,8.78,8.77,8.76,8.75,8.73,8.85,8.86,8.88,8.89,8.9,8.91,8.92,8.95,8.97,8.98,2300,5600,2900,5400,1300,9600,2000,7100,8300,4100,7200,700,500,500,1100,5000,10100,1600,300,2100
76.0,8.85,50500,447544.0,8.83,8.82,8.81,8.8,8.79,8.78,8.77,8.76,8.75,8.73,8.85,8.86,8.88,8.89,8.9,8.91,8.92,8.95,8.97,8.98,2300,5600,2900,5400,1300,9600,2000,7100,8300,4100,7300,700,500,500,1100,5000,10100,1600,300,2100
77.0,8.85,50500,447544.0,8.83,8.82,8.81,8.8,8.79,8.78,8.77,8.76,8.75,8.73,8.85,8.86,8.88,8.89,8.9,8.91,8.92,8.95,8.97,8.98,2300,6600,2900,5400,1300,9600,2000,7100,8300,4100,7300,700,500,500,1100,5000,10100,1600,300,2100
78.0,8.85,50500,447544.0,8.83,8.82,8.81,8.8,8.79,8.78,8.77,8.76,8.75,8.73,8.85,8.86,8.88,8.89,8.9,8.91,8.92,8.95,8.97,8.98,2300,6600,2900,5400,1300,9600,2000,7100,8300,4100,7300,700,500,500,1100,5000,10100,1600,300,2100
79.0,8.85,57800,512149.0,8.85,8.83,8.82,8.81,8.8,8.79,8.78,8.77,8.76,8.75,8.86,8.88,8.89,8.9,8.91,8.92,8.95,8.97,8.98,8.99,2800,2300,6600,2900,5400,1300,9600,2000,7100,8300,700,500,500,1100,5000,10100,1600,300,2100,1100
80.0,8.85,59800,529849.0,8.85,8.83,8.82,8.81,8.8,8.79,8.78,8.77,8.76,8.75,8.86,8.88,8.89,8.9,8.91,8.92,8.95,8.97,8.98,8.99,800,2300,6600,2900,5400,1300,9600,2000,7100,8300,900,500,500,1100,5000,10100,1600,300,2100,1100
81.0,8.85,59800,529849.0,8.85,8.83,8.82,8.81,8.8,8.79,8.78,8.77,8.76,8.75,8.86,8.88,8.89,8.9,8.91,8.92,8.95,8.97,8.98,8.99,800,2300,6600,2900,5400,1300,9600,2000,7100,8300,1200,500,500,1100,5000,10100,1600,300,2100,1100
82.0,8.85,59800,529849.0,8.85,8.83,8.82,8.81,8.8,8.79,8.78,8.77,8.76,8.75,8.86,8.88,8.89,8.9,8.91,8.92,8.95,8.97,8.98,8.99,800,2300,6600,2900,5400,1300,9600,2000,7100,8300,1200,500,500,1100,5000,10100,1600,300,2100,1100
83.0,8.85,60600,536929.0,8.83,8.82,8.81,8.8,8.79,8.78,8.77,8.76,8.75,8.73,8.85,8.86,8.88,8.89,8.9,8.91,8.92,8.95,8.97,8.98,2300,6600,2900,5400,1300,9600,2000,7100,8300,4100,500,1600,500,500,1100,5000,10100,1600,300,2100
84.0,8.85,60600,536929.0,8.83,8.82,8.81,8.8,8.79,8.78,8.77,8.76,8.75,8.73,8.85,8.86,8.88,8.89,8.9,8.91,8.92,8.95,8.97,8.98,2300,6600,2900,5400,1300,9600,2000,7100,8300,4100,500,1600,500,500,1100,5000,10100,1600,300,2100
85.0,8.85,60600,536929.0,8.83,8.82,8.81,8.8,8.79,8.78,8.77,8.76,8.75,8.73,8.84,8.85,8.86,8.88,8.89,8.9,8.91,8.92,8.95,8.97,2300,6600,2900,5400,1300,9600,2000,7100,8300,4100,100,500,1600,500,500,1100,5000,10100,1600,300
86.0,8.85,60600,536929.0,8.83,8.82,8.81,8.8,8.79,8.78,8.77,8.76,8.75,8.73,8.84,8.85,8.86,8.88,8.89,8.9,8.91,8.92,8.95,8.97,2300,6600,2900,4300,1300,9600,2000,7100,8300,4100,300,500,1600,500,500,1100,5000,10100,1600,300
87.0,8.83,60700,537812.0,8.83,8.82,8.81,8.8,8.79,8.78,8.77,8.76,8.75,8.73,8.84,8.85,8.86,8.88,8.89,8.9,8.91,8.92,8.95,8.97,2200,6600,2900,4300,1300,9600,2000,7100,8300,4100,300,500,1600,500,500,1100,5000,10100,1600,300
88.0,8.83,60700,537812.0,8.83,8.82,8.81,8.8,8.79,8.78,8.77,8.76,8.75,8.73,8.84,8.85,8.86,8.88,8.89,8.9,8.91,8.92,8.95,8.97,2200,6600,2800,4300,1300,9600,2000,7100,8300,4100,300,500,1600,500,500,1100,5000,10100,1600,300
89.0,8.83,60700,537812.0,8.83,8.82,8.81,8.8,8.79,8.78,8.77,8.76,8.75,8.73,8.84,8.85,8.86,8.88,8.89,8.9,8.91,8.92,8.95,8.97,2200,6600,2800,4300,1300,9600,2000,7100,8300,4100,300,500,1600,500,500,1100,5000,10100,1600,300
90.0,8.83,60700,537812.0,8.83,8.82,8.81,8.8,8.79,8.78,8.77,8.76,8.75,8.73,8.84,8.85,8.86,8.88,8.89,8.9,8.91,8.92,8.95,8.97,2200,6600,2800,4300,1300,9600,2000,7100,8300,4100,300,300,1600,500,500,1100,5000,10100,1600,300
91.0,8.83,60700,537812.0,8.83,8.82,8.81,8.8,8.79,8.78,8.77,8.76,8.75,8.73,8.84,8.85,8.86,8.88,8.89,8.9,8.91,8.92,8.95,8.97,2200,6600,2800,4300,1300,9600,2000,7100,8300,4100,300,300,1600,500,500,1100,5000,10100,1600,300
92.0,8.84,60900,539580.0,8.83,8.82,8.81,8.8,8.79,8.78,8.77,8.76,8.75,8.73,8.84,8.85,8.86,8.88,8.89,8.9,8.91,8.92,8.95,8.97,2300,5600,2800,4300,1300,9600,2000,7100,8300,4100,100,300,1300,500,500,1100,5000,10100,1600,300
93.0,8.84,60900,539580.0,8.83,8.82,8.81,8.8,8.79,8.78,8.77,8.76,8.75,8.73,8.84,8.85,8.86,8.88,8.89,8.9,8.91,8.92,8.95,8.97,2300,5600,2800,4300,1300,9600,2000,7100,8300,4100,100,300,1300,500,500,1100,5000,10100,1600,300
94.0,8.84,60900,539580.0,8.83,8.82,8.81,8.8,8.79,8.78,8.77,8.76,8.75,8.73,8.84,8.85,8.86,8.88,8.89,8.9,8.91,8.92,8.95,8.97,2300,5600,2800,4300,1300,9600,2000,7100,8300,4100,100,300,1300,500,500,1100,5000,10100,1600,300
95.0,8.84,60900,539580.0,8.83,8.82,8.81,8.8,8.79,8.78,8.77,8.76,8.75,8.73,8.84,8.85,8.86,8.88,8.89,8.9,8.91,8.92,8.95,8.97,2300,5600,2800,4300,1300,9600,2000,7100,8300,4100,100,300,1300,500,500,1100,5000,10100,1600,300
96.0,8.84,60900,539580.0,8.83,8.82,8.81,8.8,8.79,8.78,8.77,8.76,8.75,8.73,8.84,8.85,8.86,8.88,8.89,8.9,8.91,8.92,8.95,8.97,2300,5600,2800,4300,1300,9600,2000,7100,8300,4100,100,300,1300,500,500,1100,5000,10100,1600,300
97.0,8.84,60900,539580.0,8.83,8.82,8.81,8.8,8.79,8.78,8.77,8.76,8.75,8.73,8.84,8.85,8.86,8.88,8.89,8.9,8.91,8.92,8.95,8.97,2300,5600,2800,4300,1300,9600,2000,7100,8300,4100,100,300,1300,500,500,1100,5000,10100,1600,300
98.0,8.84,60900,539580.0,8.83,8.82,8.81,8.8,8.79,8.78,8.77,8.76,8.75,8.73,8.84,8.85,8.86,8.88,8.89,8.9,8.91,8.92,8.95,8.97,2300,5600,2800,4300,1300,9600,2000,7100,8300,4100,100,300,1300,500,500,1100,5000,10100,1600,300
99.0,8.84,61000,540464.0,8.84,8.83,8.82,8.81,8.8,8.79,8.78,8.77,8.76,8.75,8.85,8.86,8.88,8.89,8.9,8.91,8.92,8.95,8.97,8.98,4900,2300,2300,2800,4300,1300,9600,2000,7100,8300,300,1300,500,500,1100,5000,10100,1600,300,2100
100.0,8.84,61300,543116.0,8.84,8.83,8.82,8.81,8.8,8.79,8.78,8.77,8.76,8.75,8.85,8.86,8.88,8.89,8.9,8.91,8.92,8.95,8.97,8.98,4600,2300,2300,2800,4300,1300,9600,2000,7100,8300,500,1300,500,500,1100,5000,10100,1600,300,2100
101.0,8.84,61300,543116.0,8.84,8.83,8.82,8.81,8.8,8.79,8.78,8.77,8.76,8.75,8.85,8.86,8.88,8.89,8.9,8.91,8.92,8.95,8.97,8.98,4600,2300,2300,2800,4300,1300,9600,2000,7100,8300,500,1300,500,500,1100,5000,10100,1600,300,2100
102.0,8.84,61300,543116.0,8.84,8.83,8.82,8.81,8.8,8.79,8.78,8.77,8.76,8.75,8.85,8.86,8.88,8.89,8.9,8.91,8.92,8.95,8.97,8.98,4600,2300,2300,2800,4300,1300,9600,2000,7100,8300,500,700,500,500,1100,5000,10100,1600,300,2100
103.0,8.84,62000,549304.0,8.84,8.83,8.82,8.81,8.8,8.79,8.78,8.77,8.76,8.75,8.85,8.86,8.88,8.89,8.9,8.91,8.92,8.95,8.97,8.98,3900,2300,2300,2800,4300,1300,9600,2000,7100,8800,800,700,500,500,1100,5000,10100,1600,300,2100
104.0,8.84,62000,549304.0,8.84,8.83,8.82,8.81,8.8,8.79,8.78,8.77,8.76,8.75,8.85,8.86,8.88,8.89,8.9,8.91,8.92,8.95,8.97,8.98,3900,2300,2300,2800,4300,1300,9600,2000,7100,8800,1000,300,500,500,1100,5000,10100,1600,300,2100
105.0,8.84,62200,551072.0,8.84,8.83,8.82,8.81,8.8,8.79,8.78,8.77,8.76,8.75,8.85,8.86,8.88,8.89,8.9,8.91,8.92,8.95,8.97,8.98,3700,2300,2300,2800,4300,1300,9600,2000,7100,8800,1000,300,500,500,1100,5000,10100,1600,300,2100
106.0,8.84,62200,551072.0,8.84,8.83,8.82,8.81,8.8,8.79,8.78,8.77,8.76,8.75,8.85,8.86,8.88,8.89,8.9,8.91,8.92,8.95,8.97,8.98,3700,2300,2300,2800,4300,1300,9600,2000,7100,8800,1000,300,500,500,1100,5000,10100,1600,300,2100
107.0,8.85,62300,551957.0,8.84,8.83,8.82,8.81,8.8,8.79,8.78,8.77,8.76,8.75,8.85,8.86,8.88,8.89,8.9,8.91,8.92,8.95,8.97,8.98,3700,2300,2300,2800,4300,1300,9600,2000,7100,8800,1500,300,500,500,1100,5000,10100,1600,300,2100
108.0,8.85,62300,551957.0,8.84,8.83,8.82,8.81,8.8,8.79,8.78,8.77,8.76,8.75,8.85,8.86,8.88,8.89,8.9,8.91,8.92,8.95,8.97,8.98,3700,2300,2300,2800,4300,1300,9600,2000,7100,8800,1500,300,500,500,1100,5000,10100,1600,300,2100
109.0,8.85,62300,551957.0,8.84,8.83,8.82,8.81,8.8,8.79,8.78,8.77,8.76,8.75,8.85,8.86,8.88,8.89,8.9,8.91,8.92,8.95,8.97,8.98,3700,2300,2300,2800,4300,1300,9600,2000,7100,8800,1600,300,500,500,1100,5000,10100,1600,300,2100
110.0,8.84,62900,557261.0,8.84,8.83,8.82,8.81,8.8,8.79,8.78,8.77,8.76,8.75,8.85,8.86,8.88,8.89,8.9,8.91,8.92,8.95,8.97,8.98,3100,2300,2300,2800,4300,1300,9600,2000,7100,8800,1600,300,500,500,1100,5000,10100,1600,300,2100
111.0,8.84,62900,557261.0,8.84,8.83,8.82,8.81,8.8,8.79,8.78,8.77,8.76,8.75,8.85,8.86,8.88,8.89,8.9,8.91,8.92,8.95,8.97,8.98,3100,2300,2300,2800,4300,1300,9600,2000,7100,8800,1700,300,500,500,1100,5000,10100,1600,300,2100
112.0,8.84,63100,559029.0,8.84,8.83,8.82,8.81,8.8,8.79,8.78,8.77,8.76,8.75,8.85,8.86,8.88,8.89,8.9,8.91,8.92,8.95,8.97,8.98,2900,2300,2300,2800,4300,1300,9600,2000,7100,8800,2100,200,500,500,1100,5000,10100,1600,300,2100
113.0,8.84,63300,560797.0,8.84,8.83,8.82,8.81,8.8,8.79,8.78,8.77,8.76,8.75,8.85,8.86,8.88,8.89,8.9,8.91,8.92,8.95,8.97,8.98,2700,2300,2300,2800,4300,1300,9600,2000,7100,8800,2000,200,500,500,1100,5000,10100,1600,300,2100
114.0,8.84,63300,560797.0,8.84,8.83,8.82,8.81,8.8,8.79,8.78,8.77,8.76,8.75,8.85,8.86,8.88,8.89,8.9,8.91,8.92,8.95,8.97,8.98,2700,2300,2300,2800,4300,1300,9600,2000,7100,8800,2000,200,500,500,1100,5000,10100,1600,300,2100
115.0,8.84,63300,560797.0,8.84,8.83,8.82,8.81,8.8,8.79,8.78,8.77,8.76,8.75,8.85,8.86,8.88,8.89,8.9,8.91,8.92,8.95,8.97,8.98,2700,2300,2300,2800,4300,1300,9600,2000,7100,8800,2000,200,500,500,1100,5000,10100,1600,300,2100
116.0,8.83,66300,587314.0,8.83,8.82,8.81,8.8,8.79,8.78,8.77,8.76,8.75,8.73,8.84,8.85,8.86,8.88,8.89,8.9,8.91,8.92,8.95,8.97,2000,2300,2800,4300,1300,9600,2000,7100,8800,4100,8000,1600,200,500,500,1100,5000,10100,1600,300
117.0,8.83,68300,604974.0,8.82,8.81,8.8,8.79,8.78,8.77,8.76,8.75,8.73,8.72,8.83,8.84,8.85,8.86,8.88,8.89,8.9,8.91,8.92,8.95,2300,2800,4300,1300,9600,2000,7100,8800,4100,600,1000,11500,1700,200,500,500,1100,5000,10100,1600
118.0,8.83,68300,604974.0,8.82,8.81,8.8,8.79,8.78,8.77,8.76,8.75,8.73,8.72,8.83,8.84,8.85,8.86,8.88,8.89,8.9,8.91,8.92,8.95,2300,2800,4300,1300,9600,2000,7100,8800,4100,600,1100,13700,1600,200,500,500,1100,5000,10100,1600
119.0,8.82,69800,618204.0,8.82,8.81,8.8,8.79,8.78,8.77,8.76,8.75,8.73,8.72,8.83,8.84,8.85,8.86,8.88,8.89,8.9,8.91,8.92,8.95,800,2800,4300,1300,9600,2000,7100,9300,4100,600,1100,13900,1700,200,500,500,1100,5000,10100,1600
120.0,8.82,69800,618204.0,8.82,8.81,8.8,8.79,8.78,8.77,8.76,8.75,8.73,8.72,8.83,8.84,8.85,8.86,8.88,8.89,8.9,8.91,8.92,8.95,800,2800,4300,1300,9600,2000,7100,9300,4100,600,700,8000,500,200,500,500,1100,5000,10100,1600
121.0,8.82,69800,618204.0,8.82,8.81,8.8,8.79,8.78,8.77,8.76,8.75,8.73,8.72,8.83,8.84,8.85,8.86,8.88,8.89,8.9,8.91,8.92,8.95,800,2800,4300,1300,9600,2000,7100,9300,4100,600,800,8900,500,200,500,500,1100,5000,10100,1600
122.0,8.82,70100,620850.0,8.82,8.81,8.8,8.79,8.78,8.77,8.76,8.75,8.73,8.72,8.83,8.84,8.85,8.86,8.88,8.89,8.9,8.91,8.92,8.95,600,2800,4300,1300,9600,2000,7100,9300,4100,600,1800,1300,500,200,500,500,1100,5000,10100,1600
123.0,8.82,70100,620850.0,8.82,8.81,8.8,8.79,8.78,8.77,8.76,8.75,8.73,8.72,8.83,8.84,8.85,8.86,8.88,8.89,8.9,8.91,8.92,8.95,600,2800,4300,1300,9600,2000,7100,9300,4100,600,1900,1300,500,200,500,500,1100,5000,10100,1600
124.0,8.82,70100,620850.0,8.82,8.81,8.8,8.79,8.78,8.77,8.76,8.75,8.73,8.72,8.83,8.84,8.85,8.86,8.88,8.89,8.9,8.91,8.92,8.95,600,2800,4300,1300,9600,2000,7100,9300,4100,600,1900,1300,500,200,500,500,1100,5000,10100,1600
125.0,8.82,70700,626142.0,8.81,8.8,8.79,8.78,8.77,8.76,8.75,8.73,8.72,8.71,8.82,8.83,8.84,8.85,8.86,8.88,8.89,8.9,8.91,8.92,2800,4300,1300,9600,3000,7100,9300,4100,600,500,2600,1700,1300,500,200,500,500,1100,5000,10100
126.0,8.82,70700,626142.0,8.81,8.8,8.79,8.78,8.77,8.76,8.75,8.73,8.72,8.71,8.82,8.83,8.84,8.85,8.86,8.88,8.89,8.9,8.91,8.92,2800,4300,1300,9600,3000,7100,9300,4100,600,500,2600,1700,1300,500,200,500,500,1100,5000,10100
127.0,8.81,70800,627023.0,8.81,8.8,8.79,8.78,8.77,8.76,8.75,8.73,8.72,8.71,8.82,8.83,8.84,8.85,8.86,8.88,8.89,8.9,8.91,8.92,2700,4300,1300,9600,3000,7100,9300,4100,600,500,2600,1200,1300,500,200,500,500,1100,5000,10100
128.0,8.82,71300,631433.0,8.81,8.8,8.79,8.78,8.77,8.76,8.75,8.73,8.72,8.71,8.82,8.83,8.84,8.85,8.86,8.88,8.89,8.9,8.91,8.92,2700,4300,1300,9600,3000,7100,9300,4100,600,500,2100,1200,1500,500,200,500,500,1100,5000,10100
129.0,8.81,72100,638481.0,8.81,8.8,8.79,8.78,8.77,8.76,8.75,8.73,8.72,8.71,8.82,8.83,8.84,8.85,8.86,8.88,8.89,8.9,8.91,8.92,1900,4300,1300,9600,3000,7100,9300,4100,600,500,2100,1200,1400,500,200,500,500,1100,5000,10100
130.0,8.81,72100,638481.0,8.81,8.8,8.79,8.78,8.77,8.76,8.75,8.73,8.72,8.71,8.82,8.83,8.84,8.85,8.86,8.88,8.89,8.9,8.91,8.92,1900,4300,1300,9600,3000,7100,9300,4100,600,500,2100,1200,1400,500,200,500,500,1100,5000,10100
131.0,8.81,72100,638481.0,8.81,8.8,8.79,8.78,8.77,8.76,8.75,8.73,8.72,8.71,8.82,8.83,8.84,8.85,8.86,8.88,8.89,8.9,8.91,8.92,1900,4500,1300,9600,3000,7100,9300,4100,600,500,2100,1200,1400,500,200,500,500,1100,5000,10100
132.0,8.81,72100,638481.0,8.81,8.8,8.79,8.78,8.77,8.76,8.75,8.73,8.72,8.71,8.82,8.83,8.84,8.85,8.86,8.88,8.89,8.9,8.91,8.92,1900,4500,1300,9600,3000,7100,9300,4100,600,500,2100,1200,1800,500,200,500,500,1100,5000,10100
133.0,8.81,72100,638481.0,8.81,8.8,8.79,8.78,8.77,8.76,8.75,8.73,8.72,8.71,8.82,8.83,8.84,8.85,8.86,8.88,8.89,8.9,8.91,8.92,1900,4500,1300,9600,3000,7100,9300,4100,600,500,2100,1200,11300,500,200,500,500,1100,5000,10100
134.0,8.81,72100,638481.0,8.81,8.8,8.79,8.78,8.77,8.76,8.75,8.73,8.72,8.71,8.82,8.83,8.84,8.85,8.86,8.88,8.89,8.9,8.91,8.92,1800,4500,1300,9600,3000,7100,9300,4100,600,500,2100,1200,1200,500,200,500,500,1100,5000,10100
135.0,8.81,72100,638481.0,8.81,8.8,8.79,8.78,8.77,8.76,8.75,8.73,8.72,8.71,8.82,8.83,8.84,8.85,8.86,8.88,8.89,8.9,8.91,8.92,1800,4500,1300,9600,3000,7100,9300,4100,600,500,2900,1200,1200,500,200,500,500,1100,5000,10100
136.0,8.82,74100,656121.0,8.81,8.8,8.79,8.78,8.77,8.76,8.75,8.73,8.72,8.71,8.82,8.83,8.84,8.85,8.86,8.88,8.89,8.9,8.91,8.92,1800,4500,1300,9600,3000,7100,9300,4100,600,500,900,1200,1200,500,200,500,500,1100,5000,10100
137.0,8.82,74100,656121.0,8.81,8.8,8.79,8.78,8.77,8.76,8.75,8.73,8.72,8.71,8.82,8.83,8.84,8.85,8.86,8.88,8.89,8.9,8.91,8.92,2100,4500,1300,9600,3000,7100,9300,4100,600,500,3100,1200,1200,500,200,500,500,1100,5000,10100
138.0,8.82,74100,656121.0,8.81,8.8,8.79,8.78,8.77,8.76,8.75,8.73,8.72,8.71,8.82,8.83,8.84,8.85,8.86,8.88,8.89,8.9,8.91,8.92,2100,4500,1300,9600,3000,7100,9300,4100,600,500,3100,1200,1200,500,200,500,500,1100,5000,10100
139.0,8.82,76000,672879.0,8.81,8.8,8.79,8.78,8.77,8.76,8.75,8.73,8.72,8.71,8.82,8.83,8.84,8.85,8.86,8.88,8.89,8.9,8.91,8.92,2100,4500,1300,9600,3000,7100,9300,4100,600,500,1200,1200,1200,500,200,500,500,1100,5000,10100
140.0,8.82,76000,672879.0,8.81,8.8,8.79,8.78,8.77,8.76,8.75,8.73,8.72,8.71,8.82,8.83,8.84,8.85,8.86,8.88,8.89,8.9,8.91,8.92,2100,4500,1300,9600,3000,7100,9300,4100,600,500,1300,800,1200,1600,200,500,500,1100,5000,10100
141.0,8.81,77800,688747.0,8.81,8.8,8.79,8.78,8.77,8.76,8.75,8.73,8.72,8.71,8.82,8.83,8.84,8.85,8.86,8.88,8.89,8.9,8.91,8.92,1300,4500,1300,9600,3000,7100,9300,4100,600,500,800,700,1200,1600,200,500,500,1100,5000,10100
142.0,8.81,78200,692271.0,8.81,8.8,8.79,8.78,8.77,8.76,8.75,8.73,8.72,8.71,8.82,8.83,8.84,8.85,8.86,8.88,8.89,8.9,8.91,8.92,1500,4500,1300,9600,3000,7100,9300,4100,600,500,800,700,1200,1600,200,500,500,1100,5000,10100
143.0,8.81,79300,701962.0,8.81,8.8,8.79,8.78,8.77,8.76,8.75,8.73,8.72,8.71,8.82,8.83,8.84,8.85,8.86,8.88,8.89,8.9,8.91,8.92,400,4500,1300,9600,3000,7100,9300,4100,600,500,800,700,1200,1600,200,500,500,1100,5000,10100
144.0,8.81,79300,701962.0,8.81,8.8,8.79,8.78,8.77,8.76,8.75,8.73,8.72,8.71,8.82,8.83,8.84,8.85,8.86,8.88,8.89,8.9,8.91,8.92,400,4500,1300,9600,3000,7100,9300,4100,600,500,800,200,1200,1600,200,500,500,1100,5000,10100
145.0,8.81,79300,701962.0,8.81,8.8,8.79,8.78,8.77,8.76,8.75,8.73,8.72,8.71,8.82,8.83,8.84,8.85,8.86,8.88,8.89,8.9,8.91,8.92,400,4500,1300,9600,3000,7100,9300,4100,600,500,800,200,1200,1600,200,500,500,1100,5000,10100
146.0,8.81,79600,704605.0,8.81,8.8,8.79,8.78,8.77,8.76,8.75,8.73,8.72,8.71,8.82,8.83,8.84,8.85,8.86,8.88,8.89,8.9,8.91,8.92,100,4500,1300,9600,3000,7100,9300,4100,600,500,1100,200,1200,1600,200,500,500,1100,5000,10100
147.0,8.81,79600,704605.0,8.81,8.8,8.79,8.78,8.77,8.76,8.75,8.73,8.72,8.71,8.82,8.83,8.84,8.85,8.86,8.88,8.89,8.9,8.91,8.92,5100,4500,1400,9600,3000,7100,9300,4100,600,500,1100,200,1200,1600,200,500,500,1100,5000,10100
148.0,8.81,79600,704605.0,8.81,8.8,8.79,8.78,8.77,8.76,8.75,8.73,8.72,8.71,8.82,8.83,8.84,8.85,8.86,8.88,8.89,8.9,8.91,8.92,5100,4500,1400,9600,3000,7100,9300,4100,600,500,1100,200,1200,1600,200,500,500,1100,5000,10100
149.0,8.81,79600,704605.0,8.81,8.8,8.79,8.78,8.77,8.76,8.75,8.73,8.72,8.71,8.82,8.83,8.84,8.85,8.86,8.88,8.89,8.9,8.91,8.92,5100,4500,1400,9600,3000,7100,9300,4100,600,500,1100,200,1200,1600,200,500,500,1100,5000,10100
150.0,8.81,79600,704605.0,8.81,8.8,8.79,8.78,8.77,8.76,8.75,8.73,8.72,8.71,8.82,8.83,8.84,8.85,8.86,8.88,8.89,8.9,8.91,8.92,5600,4500,1400,9600,3000,7100,9300,4100,600,500,1100,200,1200,1600,200,500,500,1100,5000,10100
151.0,8.81,79600,704605.0,8.81,8.8,8.79,8.78,8.77,8.76,8.75,8.73,8.72,8.71,8.82,8.83,8.84,8.85,8.86,8.88,8.89,8.9,8.91,8.92,5600,4500,1400,9600,3000,7100,9300,4100,600,500,1100,200,1200,1600,200,500,500,1100,5000,10100
152.0,8.81,79600,704605.0,8.81,8.8,8.79,8.78,8.77,8.76,8.75,8.73,8.72,8.71,8.82,8.83,8.84,8.85,8.86,8.88,8.89,8.9,8.91,8.92,5600,4500,1400,9600,3000,7100,9300,4100,600,500,1100,200,1200,1600,200,500,500,1100,5000,10100
153.0,8.81,79600,704605.0,8.81,8.8,8.79,8.78,8.77,8.76,8.75,8.73,8.72,8.71,8.82,8.83,8.84,8.85,8.86,8.88,8.89,8.9,8.91,8.92,5600,4500,1400,9600,3000,7100,9300,4100,600,500,1100,200,1200,1600,200,500,500,1100,5000,10100
154.0,8.81,79600,704605.0,8.81,8.8,8.79,8.78,8.77,8.76,8.75,8.73,8.72,8.71,8.82,8.83,8.84,8.85,8.86,8.88,8.89,8.9,8.91,8.92,5600,4500,1400,9600,3000,7100,9300,4100,600,500,1100,200,1200,1600,200,500,500,1100,5000,10100
155.0,8.81,79600,704605.0,8.81,8.8,8.79,8.78,8.77,8.76,8.75,8.73,8.72,8.71,8.82,8.83,8.84,8.85,8.86,8.88,8.89,8.9,8.91,8.92,5600,4500,1400,9600,3000,7100,9300,4100,600,500,1100,200,1200,1600,200,500,500,1100,5000,10100
156.0,8.81,79600,704605.0,8.81,8.8,8.79,8.78,8.77,8.76,8.75,8.73,8.72,8.71,8.82,8.83,8.84,8.85,8.86,8.88,8.89,8.9,8.91,8.92,5600,4500,1400,9600,3000,7100,9300,4100,600,500,1100,200,1200,1600,200,500,500,1100,5000,10100
157.0,8.81,79600,704605.0,8.81,8.8,8.79,8.78,8.77,8.76,8.75,8.73,8.72,8.71,8.82,8.83,8.84,8.85,8.86,8.88,8.89,8.9,8.91,8.92,5600,4500,1400,9600,3000,7100,9300,4100,600,500,1100,200,1200,1600,200,500,500,1100,5000,10100
158.0,8.82,79700,705487.0,8.81,8.8,8.79,8.78,8.77,8.76,8.75,8.73,8.72,8.71,8.82,8.83,8.84,8.85,8.86,8.88,8.89,8.9,8.91,8.92,5600,4500,1400,9600,3000,7100,9300,4100,600,500,1000,200,1200,1600,200,500,500,1100,5000,10100
159.0,8.81,80100,709011.0,8.81,8.8,8.79,8.78,8.77,8.76,8.75,8.73,8.72,8.71,8.82,8.83,8.84,8.85,8.86,8.88,8.89,8.9,8.91,8.92,5200,4500,1400,9600,3000,7100,9300,4100,600,500,1000,200,1200,1600,200,500,500,1100,5000,10100
160.0,8.81,80100,709011.0,8.81,8.8,8.79,8.78,8.77,8.76,8.75,8.73,8.72,8.71,8.82,8.83,8.84,8.85,8.86,8.88,8.89,8.9,8.91,8.92,5200,4500,1400,9600,3000,7100,9300,4100,600,500,1000,200,1200,1600,200,500,500,1100,5000,10100
161.0,8.81,80100,709011.0,8.81,8.8,8.79,8.78,8.77,8.76,8.75,8.73,8.72,8.71,8.82,8.83,8.84,8.85,8.86,8.88,8.89,8.9,8.91,8.92,10200,4500,1400,9600,3000,7100,9300,4100,600,500,1000,200,1200,1600,200,500,500,1100,5000,10100
162.0,8.81,80100,709011.0,8.81,8.8,8.79,8.78,8.77,8.76,8.75,8.73,8.72,8.71,8.82,8.83,8.84,8.85,8.86,8.88,8.89,8.9,8.91,8.92,10200,4500,1400,9600,3000,7100,9300,4100,600,500,1000,200,1200,1600,200,500,500,1100,5000,10100
163.0,8.81,80100,709011.0,8.81,8.8,8.79,8.78,8.77,8.76,8.75,8.73,8.72,8.71,8.82,8.83,8.84,8.85,8.86,8.88,8.89,8.9,8.91,8.92,10200,4500,1400,9600,3000,7100,11300,4100,600,500,1000,200,1200,1600,200,500,500,1100,5000,10100
164.0,8.81,80100,709011.0,8.81,8.8,8.79,8.78,8.77,8.76,8.75,8.73,8.72,8.71,8.82,8.83,8.84,8.85,8.86,8.88,8.89,8.9,8.91,8.92,10200,4500,1400,9600,3000,7100,11300,4100,600,500,1000,200,1200,1600,200,500,500,1100,5000,10100
165.0,8.81,80100,709011.0,8.81,8.8,8.79,8.78,8.77,8.76,8.75,8.73,8.72,8.71,8.82,8.83,8.84,8.85,8.86,8.88,8.89,8.9,8.91,8.92,10200,4500,1400,9600,3000,7100,11300,4100,600,500,1000,200,1200,1600,200,500,500,1100,5000,10100
166.0,8.81,80100,709011.0,8.81,8.8,8.79,8.78,8.77,8.76,8.75,8.73,8.72,8.71,8.82,8.83,8.84,8.85,8.86,8.88,8.89,8.9,8.91,8.92,12500,4500,1400,9600,3000,7100,11300,4100,600,500,1000,200,1200,1600,200,500,500,1100,5000,10100
167.0,8.81,80100,709011.0,8.81,8.8,8.79,8.78,8.77,8.76,8.75,8.73,8.72,8.71,8.82,8.83,8.84,8.85,8.86,8.88,8.89,8.9,8.91,8.92,12500,4500,1400,9600,3000,7100,11300,4100,600,500,1000,200,1200,1600,200,500,500,1100,5000,10100
168.0,8.81,80100,709011.0,8.81,8.8,8.79,8.78,8.77,8.76,8.75,8.73,8.72,8.71,8.82,8.83,8.84,8.85,8.86,8.88,8.89,8.9,8.91,8.92,12500,9500,1400,9600,3000,7100,11300,4100,600,500,1000,200,1200,1600,200,500,500,1100,5000,10100
169.0,8.81,80100,709011.0,8.81,8.8,8.79,8.78,8.77,8.76,8.75,8.73,8.72,8.71,8.82,8.83,8.84,8.85,8.86,8.88,8.89,8.9,8.91,8.92,12500,9500,1400,9600,3000,7100,11300,4100,600,500,1000,200,1200,500,200,500,500,1100,5000,10100
170.0,8.81,80100,709011.0,8.81,8.8,8.79,8.78,8.77,8.76,8.75,8.73,8.72,8.71,8.82,8.83,8.84,8.85,8.86,8.88,8.89,8.9,8.91,8.92,12500,9500,1400,9600,3000,7100,11300,4100,600,500,1000,200,1200,500,200,500,500,1100,5000,10100
171.0,8.81,80100,709011.0,8.81,8.8,8.79,8.78,8.77,8.76,8.75,8.73,8.72,8.71,8.82,8.83,8.84,8.85,8.86,8.88,8.89,8.9,8.91,8.92,12500,9500,1400,9600,3000,7100,11300,4100,600,500,1000,200,1200,500,200,500,500,1100,5000,10100
172.0,8.81,80100,709011.0,8.81,8.8,8.79,8.78,8.77,8.76,8.75,8.73,8.72,8.71,8.82,8.83,8.84,8.85,8.86,8.88,8.89,8.9,8.91,8.92,12500,9500,1400,9600,3000,7100,11300,4100,600,500,1000,200,1200,500,200,500,500,1100,5000,10100
173.0,8.81,80100,709011.0,8.81,8.8,8.79,8.78,8.77,8.76,8.75,8.73,8.72,8.71,8.82,8.83,8.84,8.85,8.86,8.88,8.89,8.9,8.91,8.92,12500,9500,1400,9600,3000,7100,11300,4100,600,500,1000,200,1200,500,200,500,500,1100,5000,10100
174.0,8.81,80100,709011.0,8.81,8.8,8.79,8.78,8.77,8.76,8.75,8.73,8.72,8.71,8.82,8.83,8.84,8.85,8.86,8.88,8.89,8.9,8.91,8.92,12500,9500,1400,9600,3000,7100,11300,4100,600,500,1000,200,1200,500,200,500,500,1100,5000,10100
175.0,8.81,80100,709011.0,8.81,8.8,8.79,8.78,8.77,8.76,8.75,8.73,8.72,8.71,8.82,8.83,8.84,8.85,8.86,8.88,8.89,8.9,8.91,8.92,12500,9500,1400,9600,3000,7100,11300,4100,600,500,1000,200,1200,500,200,500,500,1100,5000,10100
176.0,8.81,80100,709011.0,8.81,8.8,8.79,8.78,8.77,8.76,8.75,8.73,8.72,8.71,8.82,8.83,8.84,8.85,8.86,8.88,8.89,8.9,8.91,8.92,12500,9500,1400,9600,3000,7100,11300,4100,600,500,1000,200,1200,500,200,500,500,1100,5000,10100
177.0,8.81,80100,709011.0,8.81,8.8,8.79,8.78,8.77,8.76,8.75,8.73,8.72,8.71,8.82,8.83,8.84,8.85,8.86,8.88,8.89,8.9,8.91,8.92,12500,9500,1400,9600,3000,7100,11300,4100,600,500,1000,200,1200,500,200,500,500,1100,5000,10100
178.0,8.81,80100,709011.0,8.81,8.8,8.79,8.78,8.77,8.76,8.75,8.73,8.72,8.71,8.82,8.83,8.84,8.85,8.86,8.88,8.89,8.9,8.91,8.92,12500,9500,1800,9600,3000,7100,11300,4100,600,500,1000,100,1200,500,200,500,500,1100,5000,10100
179.0,8.81,80100,709011.0,8.81,8.8,8.79,8.78,8.77,8.76,8.75,8.73,8.72,8.71,8.82,8.83,8.84,8.85,8.86,8.88,8.89,8.9,8.91,8.92,12500,9500,1800,9600,3000,7100,11300,4100,600,500,1000,100,1200,500,200,500,500,1100,5000,10100
180.0,8.81,80200,709892.0,8.81,8.8,8.79,8.78,8.77,8.76,8.75,8.73,8.72,8.71,8.82,8.83,8.84,8.85,8.86,8.88,8.89,8.9,8.91,8.92,12400,9500,1800,9600,3000,7100,11300,4100,600,500,1000,100,1200,500,200,500,500,1100,5000,10100
181.0,8.81,80200,709892.0,8.81,8.8,8.79,8.78,8.77,8.76,8.75,8.73,8.72,8.71,8.82,8.83,8.84,8.85,8.86,8.88,8.89,8.9,8.91,8.92,12400,9500,1800,9600,3000,7100,11300,4100,600,500,1000,100,1200,500,200,500,500,1100,5000,10100
182.0,8.81,80200,709892.0,8.81,8.8,8.79,8.78,8.77,8.76,8.75,8.73,8.72,8.71,8.82,8.83,8.84,8.85,8.86,8.88,8.89,8.9,8.91,8.92,12400,9500,1800,9600,3000,7100,11300,4100,600,500,1000,100,1200,500,200,500,500,1100,5000,10100
183.0,8.81,80200,709892.0,8.81,8.8,8.79,8.78,8.77,8.76,8.75,8.73,8.72,8.71,8.82,8.83,8.84,8.85,8.86,8.88,8.89,8.9,8.91,8.92,12400,9500,1800,9600,3000,7100,11300,4100,600,500,1000,100,1200,500,200,500,500,1100,5000,10100
184.0,8.81,80200,709892.0,8.81,8.8,8.79,8.78,8.77,8.76,8.75,8.73,8.72,8.71,8.82,8.83,8.84,8.85,8.86,8.88,8.89,8.9,8.91,8.92,12400,9500,1800,9600,3000,7100,11300,4100,600,500,1000,100,1200,500,200,500,500,1100,5000,10100
185.0,8.81,80200,709892.0,8.81,8.8,8.79,8.78,8.77,8.76,8.75,8.73,8.72,8.71,8.82,8.83,8.84,8.85,8.86,8.88,8.89,8.9,8.91,8.92,12400,9500,1800,9600,3000,7100,11300,4100,600,500,1000,100,1200,500,200,500,500,1100,5000,10100
186.0,8.81,80200,709892.0,8.81,8.8,8.79,8.78,8.77,8.76,8.75,8.73,8.72,8.71,8.82,8.83,8.84,8.85,8.86,8.88,8.89,8.9,8.91,8.92,12400,9500,1800,9600,3000,7100,11300,4100,600,500,1000,100,1200,500,200,500,500,1100,5000,10100
187.0,8.81,80200,709892.0,8.81,8.8,8.79,8.78,8.77,8.76,8.75,8.73,8.72,8.71,8.82,8.83,8.84,8.85,8.86,8.88,8.89,8.9,8.91,8.92,12400,9500,1800,9600,3000,7100,11300,4100,600,500,1000,100,1200,500,200,500,500,1100,5000,10100
188.0,8.81,80200,709892.0,8.81,8.8,8.79,8.78,8.77,8.76,8.75,8.73,8.72,8.71,8.82,8.83,8.84,8.85,8.86,8.88,8.89,8.9,8.91,8.92,12400,9500,1800,9600,3000,7100,11300,4100,600,500,1000,100,1200,500,200,500,500,1100,5000,10100
189.0,8.81,80200,709892.0,8.81,8.8,8.79,8.78,8.77,8.76,8.75,8.73,8.72,8.71,8.82,8.83,8.84,8.85,8.86,8.88,8.89,8.9,8.91,8.92,12400,9500,1800,9600,3000,7100,11300,4100,600,500,1000,100,1200,500,200,500,500,1100,5000,10100
190.0,8.82,81200,718712.0,8.82,8.81,8.8,8.79,8.78,8.77,8.76,8.75,8.73,8.72,8.83,8.84,8.85,8.86,8.88,8.89,8.9,8.91,8.92,8.95,2000,12400,9500,1800,9600,3000,7100,11300,4100,600,100,1200,500,200,500,500,1100,5000,10100,1600
191.0,8.82,81300,719594.0,8.82,8.81,8.8,8.79,8.78,8.77,8.76,8.75,8.73,8.72,8.83,8.84,8.85,8.86,8.88,8.89,8.9,8.91,8.92,8.95,2000,13400,9500,1800,9600,3000,7100,11300,4100,600,200,1200,500,200,500,500,1100,5000,10100,1600
192.0,8.82,81300,719594.0,8.82,8.81,8.8,8.79,8.78,8.77,8.76,8.75,8.73,8.72,8.83,8.84,8.85,8.86,8.88,8.89,8.9,8.91,8.92,8.95,2000,13400,9500,1800,9600,3000,7100,11300,4100,600,200,1200,500,200,500,500,1100,5000,10100,1600
193.0,8.82,81300,719594.0,8.82,8.81,8.8,8.79,8.78,8.77,8.76,8.75,8.73,8.72,8.83,8.84,8.85,8.86,8.88,8.89,8.9,8.91,8.92,8.95,2000,13400,9500,1800,9600,3000,7100,11400,4100,600,200,1200,500,200,500,500,1100,5000,10100,1600
194.0,8.82,83300,737234.0,8.81,8.8,8.79,8.78,8.77,8.76,8.75,8.73,8.72,8.71,8.82,8.83,8.84,8.85,8.86,8.88,8.89,8.9,8.91,8.92,13400,9500,1800,9600,3000,7100,11400,4100,600,500,300,100,1200,500,200,500,500,1100,5000,10100
195.0,8.82,83500,738998.0,8.81,8.8,8.79,8.78,8.77,8.76,8.75,8.73,8.72,8.71,8.82,8.83,8.84,8.85,8.86,8.88,8.89,8.9,8.91,8.92,13400,9500,1800,9600,3000,7100,11400,4100,600,500,400,200,1200,500,200,500,500,1100,5000,10100
196.0,8.82,83500,738998.0,8.81,8.8,8.79,8.78,8.77,8.76,8.75,8.73,8.72,8.71,8.82,8.83,8.84,8.85,8.86,8.88,8.89,8.9,8.91,8.92,13400,9500,1800,9600,3000,7100,11400,4100,600,500,400,200,1200,500,200,500,500,1100,5000,10100
197.0,8.82,83800,741643.0,8.81,8.8,8.79,8.78,8.77,8.76,8.75,8.73,8.72,8.71,8.82,8.83,8.84,8.85,8.86,8.88,8.89,8.9,8.91,8.92,13300,9500,1800,9600,3000,7100,11400,4100,600,500,200,200,1200,500,200,500,500,1100,5000,10100
198.0,8.82,83800,741643.0,8.81,8.8,8.79,8.78,8.77,8.76,8.75,8.73,8.72,8.71,8.82,8.83,8.84,8.85,8.86,8.88,8.89,8.9,8.91,8.92,13300,9500,1800,9600,3000,7100,11400,4100,600,500,2900,200,1200,500,200,500,500,1100,5000,10100
199.0,8.82,83800,741643.0,8.81,8.8,8.79,8.78,8.77,8.76,8.75,8.73,8.72,8.71,8.82,8.83,8.84,8.85,8.86,8.88,8.89,8.9,8.91,8.92,13300,9500,1800,9600,3000,7100,11400,4100,600,500,2900,200,1200,500,200,500,500,1100,5000,10100
200.0,8.81,84000,743405.0,8.81,8.8,8.79,8.78,8.77,8.76,8.75,8.73,8.72,8.71,8.82,8.83,8.84,8.85,8.86,8.88,8.89,8.9,8.91,8.92,13100,9500,1800,9600,3000,7100,11400,4100,600,500,2900,200,1200,500,200,500,500,1100,5000,10100
201.0,8.81,84000,743405.0,8.81,8.8,8.79,8.78,8.77,8.76,8.75,8.73,8.72,8.71,8.82,8.83,8.84,8.85,8.86,8.88,8.89,8.9,8.91,8.92,13100,9500,1800,9600,3000,7100,11400,4100,600,500,2900,200,1200,500,200,500,500,1100,5000,10100
202.0,8.81,84000,743405.0,8.81,8.8,8.79,8.78,8.77,8.76,8.75,8.73,8.72,8.71,8.82,8.83,8.84,8.85,8.86,8.88,8.89,8.9,8.91,8.92,13100,9500,1800,9600,3000,7100,11400,4100,1400,500,2900,200,1200,500,200,500,500,1100,5000,10100
203.0,8.81,85100,753096.0,8.81,8.8,8.79,8.78,8.77,8.76,8.75,8.73,8.72,8.71,8.82,8.83,8.84,8.85,8.86,8.88,8.89,8.9,8.91,8.92,12000,9500,1800,9600,3000,7100,11400,4100,1400,500,2900,200,1200,500,200,500,500,1100,5000,10100
204.0,8.81,85100,753096.0,8.81,8.8,8.79,8.78,8.77,8.76,8.75,8.73,8.72,8.71,8.82,8.83,8.84,8.85,8.86,8.88,8.89,8.9,8.91,8.92,12000,9500,1800,9600,3000,7100,11400,4100,1400,500,2900,200,1200,500,200,500,500,1100,5000,10100
205.0,8.81,85400,755739.0,8.81,8.8,8.79,8.78,8.77,8.76,8.75,8.73,8.72,8.71,8.82,8.83,8.84,8.85,8.86,8.88,8.89,8.9,8.91,8.92,11700,9500,1800,9600,3000,7100,11400,4100,1400,500,2900,200,1200,500,200,500,500,1100,5000,10100
206.0,8.81,85400,755739.0,8.81,8.8,8.79,8.78,8.77,8.76,8.75,8.73,8.72,8.71,8.82,8.83,8.84,8.85,8.86,8.88,8.89,8.9,8.91,8.92,11700,9500,1800,9600,3000,7100,11400,4100,1400,500,2900,200,1200,500,200,500,500,1100,5000,10100
207.0,8.81,85700,758382.0,8.81,8.8,8.79,8.78,8.77,8.76,8.75,8.73,8.72,8.71,8.82,8.83,8.84,8.85,8.86,8.88,8.89,8.9,8.91,8.92,11400,9500,1800,9600,3000,7100,11400,4100,1400,500,2900,200,1200,500,200,500,500,1100,5000,10100
208.0,8.81,85700,758382.0,8.81,8.8,8.79,8.78,8.77,8.76,8.75,8.73,8.72,8.71,8.82,8.83,8.84,8.85,8.86,8.88,8.89,8.9,8.91,8.92,11400,9500,1800,9600,3000,7100,11400,4100,1400,500,2900,200,1200,500,200,500,500,1100,5000,10100
209.0,8.81,87600,775121.0,8.81,8.8,8.79,8.78,8.77,8.76,8.75,8.73,8.72,8.71,8.82,8.83,8.84,8.85,8.86,8.88,8.89,8.9,8.91,8.92,9500,9500,1800,9600,3000,7100,11400,4100,1400,500,3500,200,1200,500,200,500,500,1100,5000,10100
210.0,8.81,87600,775121.0,8.81,8.8,8.79,8.78,8.77,8.76,8.75,8.73,8.72,8.71,8.82,8.83,8.84,8.85,8.86,8.88,8.89,8.9,8.91,8.92,9500,9500,1800,9600,3000,7100,11400,4100,1400,500,3500,200,1200,500,200,500,500,1100,5000,10100
211.0,8.81,87600,775121.0,8.81,8.8,8.79,8.78,8.77,8.76,8.75,8.73,8.72,8.71,8.82,8.83,8.84,8.85,8.86,8.88,8.89,8.9,8.91,8.92,9500,9500,1800,9600,3000,7100,11400,4100,1400,500,3500,200,1200,500,200,500,500,1100,5000,10100
212.0,8.81,93500,827100.0,8.81,8.8,8.79,8.78,8.77,8.76,8.75,8.73,8.72,8.71,8.82,8.83,8.84,8.85,8.86,8.88,8.89,8.9,8.91,8.92,3600,9500,1800,9600,3000,7100,11400,4100,1400,500,3500,200,1200,500,200,500,500,1100,5000,10100
213.0,8.81,93500,827100.0,8.81,8.8,8.79,8.78,8.77,8.76,8.75,8.73,8.72,8.71,8.82,8.83,8.84,8.85,8.86,8.88,8.89,8.9,8.91,8.92,3600,9500,1800,9600,3000,7100,11400,4100,1400,500,3500,100,1200,500,200,500,500,1100,5000,10100
214.0,8.81,97100,858816.0,8.8,8.79,8.78,8.77,8.76,8.75,8.73,8.72,8.71,8.7,8.81,8.82,8.83,8.84,8.85,8.86,8.88,8.89,8.9,8.91,9500,1800,9600,3000,7100,11400,4100,1400,500,4500,100,5000,100,1200,500,200,500,500,1100,5000
215.0,8.81,97100,858816.0,8.8,8.79,8.78,8.77,8.76,8.75,8.73,8.72,8.71,8.7,8.81,8.82,8.83,8.84,8.85,8.86,8.88,8.89,8.9,8.91,9500,1800,9600,3000,7100,11400,4100,1400,500,4500,300,5000,100,1200,500,200,500,500,1100,5000
216.0,8.81,97100,858816.0,8.8,8.79,8.78,8.77,8.76,8.75,8.73,8.72,8.71,8.7,8.81,8.82,8.83,8.84,8.85,8.86,8.88,8.89,8.9,8.91,9500,1800,9600,3000,7100,11400,4100,1400,500,4500,300,4500,100,1200,500,200,500,500,1100,5000
217.0,8.81,97100,858816.0,8.8,8.79,8.78,8.77,8.76,8.75,8.73,8.72,8.71,8.7,8.81,8.82,8.83,8.84,8.85,8.86,8.88,8.89,8.9,8.91,9500,1800,9600,3000,7100,11400,4100,1400,500,4500,300,4500,100,1200,500,200,500,500,1100,5000
218.0,8.81,97100,858816.0,8.8,8.79,8.78,8.77,8.76,8.75,8.73,8.72,8.71,8.7,8.81,8.82,8.83,8.84,8.85,8.86,8.88,8.89,8.9,8.91,9500,1800,9600,3000,7100,11400,4100,1400,500,4500,300,4500,100,1200,500,200,500,500,1100,5000
219.0,8.81,97100,858816.0,8.8,8.79,8.78,8.77,8.76,8.75,8.73,8.72,8.71,8.7,8.81,8.82,8.83,8.84,8.85,8.86,8.88,8.89,8.9,8.91,9500,1800,9600,3000,7100,11400,4100,1400,500,4500,300,4500,100,300,500,200,500,500,1100,5000
220.0,8.81,97400,861459.0,8.81,8.8,8.79,8.78,8.77,8.76,8.75,8.73,8.72,8.71,8.82,8.83,8.84,8.85,8.86,8.88,8.89,8.9,8.91,8.92,4700,9500,1800,9600,3000,7100,11400,4100,1400,500,4500,100,300,500,200,500,500,1100,5000,10100
221.0,8.81,97400,861459.0,8.81,8.8,8.79,8.78,8.77,8.76,8.75,8.73,8.72,8.71,8.82,8.83,8.84,8.85,8.86,8.88,8.89,8.9,8.91,8.92,4700,9500,1800,9600,3000,7100,11400,4100,1400,500,4500,100,300,500,200,500,500,1100,5000,10100
222.0,8.81,97400,861459.0,8.81,8.8,8.79,8.78,8.77,8.76,8.75,8.73,8.72,8.71,8.82,8.83,8.84,8.85,8.86,8.88,8.89,8.9,8.91,8.92,4700,9500,1800,9600,3000,7100,11400,4100,1400,500,4500,100,300,500,200,500,500,1100,5000,10100
223.0,8.81,97400,861459.0,8.81,8.8,8.79,8.78,8.77,8.76,8.75,8.73,8.72,8.71,8.82,8.83,8.84,8.85,8.86,8.88,8.89,8.9,8.91,8.92,4700,9500,1800,9600,3000,7100,11400,4100,1400,500,4500,100,300,500,200,500,500,1100,5000,10100
224.0,8.81,97400,861459.0,8.81,8.8,8.79,8.78,8.77,8.76,8.75,8.73,8.72,8.71,8.82,8.83,8.84,8.85,8.86,8.88,8.89,8.9,8.91,8.92,4700,9500,1800,9600,3000,7100,11400,4100,1400,500,5000,100,300,500,200,500,500,1100,5000,10100
225.0,8.81,97400,861459.0,8.81,8.8,8.79,8.78,8.77,8.76,8.75,8.73,8.72,8.71,8.82,8.83,8.84,8.85,8.86,8.88,8.89,8.9,8.91,8.92,4700,9500,1800,9600,3000,7100,11400,4100,1400,500,5000,100,300,500,200,500,500,1100,5000,10100
226.0,8.81,97400,861459.0,8.81,8.8,8.79,8.78,8.77,8.76,8.75,8.73,8.72,8.71,8.82,8.83,8.84,8.85,8.86,8.88,8.89,8.9,8.91,8.92,4700,9500,1800,9600,3000,7100,11400,4100,1400,500,5000,100,300,500,200,500,500,1100,5000,10100
227.0,8.81,97400,861459.0,8.81,8.8,8.79,8.78,8.77,8.76,8.75,8.73,8.72,8.71,8.82,8.83,8.84,8.85,8.86,8.88,8.89,8.9,8.91,8.92,4700,9500,1800,9600,3000,7100,11400,4100,1400,500,5000,100,300,500,200,500,500,1100,5000,10100
228.0,8.81,97400,861459.0,8.81,8.8,8.79,8.78,8.77,8.76,8.75,8.73,8.72,8.71,8.82,8.83,8.84,8.85,8.86,8.88,8.89,8.9,8.91,8.92,4700,9500,1800,9600,3000,7100,11400,4100,1400,500,5000,100,300,500,200,500,500,1100,5000,10100
229.0,8.81,97400,861459.0,8.81,8.8,8.79,8.78,8.77,8.76,8.75,8.73,8.72,8.71,8.82,8.83,8.84,8.85,8.86,8.88,8.89,8.9,8.91,8.92,4700,9500,1800,9600,3000,7100,11400,4100,1400,500,5000,100,300,500,200,500,500,1100,5000,10100
230.0,8.81,97400,861459.0,8.81,8.8,8.79,8.78,8.77,8.76,8.75,8.73,8.72,8.71,8.82,8.83,8.84,8.85,8.86,8.88,8.89,8.9,8.91,8.92,4700,9500,1800,9600,3000,7100,11400,4100,1400,500,5000,100,300,500,200,500,500,1100,5000,10100
231.0,8.81,97400,861459.0,8.81,8.8,8.79,8.78,8.77,8.76,8.75,8.73,8.72,8.71,8.82,8.83,8.84,8.85,8.86,8.88,8.89,8.9,8.91,8.92,5900,12200,1800,9600,3000,7100,11400,4100,1400,500,5100,100,300,500,200,500,500,1100,5000,10100
232.0,8.81,97400,861459.0,8.81,8.8,8.79,8.78,8.77,8.76,8.75,8.73,8.72,8.71,8.82,8.83,8.84,8.85,8.86,8.88,8.89,8.9,8.91,8.92,5900,12200,1800,9600,3000,7100,11400,4100,1400,500,5100,100,300,500,200,500,500,1100,5000,10100
233.0,8.81,97400,861459.0,8.81,8.8,8.79,8.78,8.77,8.76,8.75,8.73,8.72,8.71,8.82,8.83,8.84,8.85,8.86,8.88,8.89,8.9,8.91,8.92,5900,12200,1800,9600,3000,7100,11400,4100,1400,500,5100,100,300,500,200,500,500,1100,5000,10100
234.0,8.81,97400,861459.0,8.81,8.8,8.79,8.78,8.77,8.76,8.75,8.73,8.72,8.71,8.82,8.83,8.84,8.85,8.86,8.88,8.89,8.9,8.91,8.92,5900,12200,1800,9600,3000,7100,11400,4100,1400,500,5100,100,300,500,200,500,500,1100,5000,10100
235.0,8.81,97400,861459.0,8.81,8.8,8.79,8.78,8.77,8.76,8.75,8.73,8.72,8.71,8.82,8.83,8.84,8.85,8.86,8.88,8.89,8.9,8.91,8.92,5900,12200,1800,9600,3000,7100,11400,4100,1400,500,5100,100,300,500,200,500,500,1100,5000,10100
236.0,8.81,97400,861459.0,8.81,8.8,8.79,8.78,8.77,8.76,8.75,8.73,8.72,8.71,8.82,8.83,8.84,8.85,8.86,8.88,8.89,8.9,8.91,8.92,5900,12000,1800,9600,3000,7100,11400,4100,1400,500,5100,100,300,500,200,500,500,1100,5000,10100
237.0,8.81,97400,861459.0,8.81,8.8,8.79,8.78,8.77,8.76,8.75,8.73,8.72,8.71,8.82,8.83,8.84,8.85,8.86,8.88,8.89,8.9,8.91,8.92,5900,12000,1800,9600,3000,7100,11400,4100,1400,500,5100,100,300,500,200,500,500,1100,5000,10100
238.0,8.81,97400,861459.0,8.81,8.8,8.79,8.78,8.77,8.76,8.75,8.73,8.72,8.71,8.82,8.83,8.84,8.85,8.86,8.88,8.89,8.9,8.91,8.92,5900,12000,1800,9600,3000,7100,11400,4100,1400,500,5100,100,300,500,200,500,500,1100,5000,10100
239.0,8.81,97400,861459.0,8.81,8.8,8.79,8.78,8.77,8.76,8.75,8.73,8.72,8.71,8.82,8.83,8.84,8.85,8.86,8.88,8.89,8.9,8.91,8.92,5900,12000,1800,9600,3000,7100,11400,4100,1400,500,5100,100,300,500,200,500,500,1100,5000,10100
240.0,8.81,98100,867626.0,8.81,8.8,8.79,8.78,8.77,8.76,8.75,8.73,8.72,8.71,8.82,8.83,8.84,8.85,8.86,8.88,8.89,8.9,8.91,8.92,5200,12000,1800,9600,3000,7100,11400,4100,1400,500,5100,100,300,500,200,500,500,1100,5000,10100
241.0,8.81,100300,887008.0,8.81,8.8,8.79,8.78,8.77,8.76,8.75,8.73,8.72,8.71,8.82,8.83,8.84,8.85,8.86,8.88,8.89,8.9,8.91,8.92,3000,12000,1800,9600,3000,7100,11400,4100,1400,500,5100,100,300,500,200,500,500,1100,5000,10100
242.0,8.81,104300,922248.0,8.81,8.8,8.79,8.78,8.77,8.76,8.75,8.73,8.72,8.71,8.82,8.83,8.84,8.85,8.86,8.88,8.89,8.9,8.91,8.92,4300,12000,1800,9600,3000,7100,11400,4100,1400,500,7000,100,300,500,200,500,500,1100,5000,10100
243.0,8.81,107600,951321.0,8.81,8.8,8.79,8.78,8.77,8.76,8.75,8.73,8.72,8.71,8.82,8.83,8.84,8.85,8.86,8.88,8.89,8.9,8.91,8.92,1000,12000,1800,9600,3000,7100,11400,4100,1400,500,7000,100,300,500,200,500,500,1100,5000,10100
244.0,8.81,107700,952202.0,8.81,8.8,8.79,8.78,8.77,8.76,8.75,8.73,8.72,8.71,8.82,8.83,8.84,8.85,8.86,8.88,8.89,8.9,8.91,8.92,900,12000,1800,9600,3000,7100,11400,4100,1400,500,7000,100,300,500,200,500,500,1100,5000,10100
245.0,8.8,108700,961011.0,8.8,8.79,8.78,8.77,8.76,8.75,8.73,8.72,8.71,8.7,8.81,8.82,8.84,8.85,8.86,8.88,8.89,8.9,8.91,8.92,11900,1800,9600,3000,7100,11400,4100,1400,500,4500,1100,7000,300,500,200,500,500,1100,5000,10100
246.0,8.8,108700,961011.0,8.8,8.79,8.78,8.77,8.76,8.75,8.73,8.72,8.71,8.7,8.81,8.82,8.84,8.85,8.86,8.88,8.89,8.9,8.91,8.92,11900,1800,9600,3000,7100,11400,4100,1400,500,4500,1200,7000,300,500,200,500,500,1100,5000,10100
247.0,8.8,108700,961011.0,8.8,8.79,8.78,8.77,8.76,8.75,8.73,8.72,8.71,8.7,8.81,8.82,8.84,8.85,8.86,8.88,8.89,8.9,8.91,8.92,11900,1800,9600,3000,7100,11400,4100,1400,500,4500,1200,7000,300,500,200,500,500,1100,5000,10100
248.0,8.8,108700,961011.0,8.8,8.79,8.78,8.77,8.76,8.75,8.73,8.72,8.71,8.7,8.81,8.82,8.84,8.85,8.86,8.88,8.89,8.9,8.91,8.92,11900,1800,9600,3000,7100,11400,4100,1400,500,4500,1200,7000,300,500,200,500,500,1100,5000,10100
249.0,8.8,108700,961011.0,8.8,8.79,8.78,8.77,8.76,8.75,8.73,8.72,8.71,8.7,8.81,8.82,8.84,8.85,8.86,8.88,8.89,8.9,8.91,8.92,11900,1800,9600,3000,7100,11400,4100,1400,500,4500,1200,7000,300,500,200,500,500,1100,5000,10100
250.0,8.8,108700,961011.0,8.8,8.79,8.78,8.77,8.76,8.75,8.73,8.72,8.71,8.7,8.81,8.82,8.84,8.85,8.86,8.88,8.89,8.9,8.91,8.92,11900,1800,9600,3000,7100,11400,4100,1400,500,4500,1200,7000,300,500,200,500,500,1100,5000,10100
251.0,8.8,108700,961011.0,8.8,8.79,8.78,8.77,8.76,8.75,8.73,8.72,8.71,8.7,8.81,8.82,8.84,8.85,8.86,8.88,8.89,8.9,8.91,8.92,11900,1800,9600,3000,7100,11400,4100,1400,500,4500,1200,7000,300,500,200,500,500,1100,5000,10100
252.0,8.8,108700,961011.0,8.8,8.79,8.78,8.77,8.76,8.75,8.73,8.72,8.71,8.7,8.81,8.82,8.84,8.85,8.86,8.88,8.89,8.9,8.91,8.92,11900,1800,9600,3000,7100,11400,4100,1400,500,4500,1200,7000,300,500,200,500,500,1100,5000,10100
253.0,8.8,108700,961011.0,8.8,8.79,8.78,8.77,8.76,8.75,8.73,8.72,8.71,8.7,8.81,8.82,8.84,8.85,8.86,8.88,8.89,8.9,8.91,8.92,11900,1800,9600,3000,7100,11400,4100,1400,500,4500,1200,7000,300,500,200,500,500,1100,5000,10100
254.0,8.8,108700,961011.0,8.8,8.79,8.78,8.77,8.76,8.75,8.73,8.72,8.71,8.7,8.81,8.82,8.84,8.85,8.86,8.88,8.89,8.9,8.91,8.92,11900,1800,9600,3000,7100,11400,4100,1400,500,4500,1200,7000,300,500,200,500,500,1100,5000,10100
255.0,8.8,108700,961011.0,8.8,8.79,8.78,8.77,8.76,8.75,8.73,8.72,8.71,8.7,8.81,8.82,8.84,8.85,8.86,8.88,8.89,8.9,8.91,8.92,11900,1800,9600,3000,7100,11400,4100,1400,500,4500,1200,7000,300,500,200,500,500,1100,5000,10100
256.0,8.8,108700,961011.0,8.8,8.79,8.78,8.77,8.76,8.75,8.73,8.72,8.71,8.7,8.81,8.82,8.84,8.85,8.86,8.88,8.89,8.9,8.91,8.92,11900,1800,9600,3000,7100,11400,4100,1400,500,4500,1200,7000,300,500,200,500,500,1100,5000,10100
257.0,8.81,108900,962773.0,8.8,8.79,8.78,8.77,8.76,8.75,8.73,8.72,8.71,8.7,8.81,8.82,8.84,8.85,8.86,8.88,8.89,8.9,8.91,8.92,11900,1800,9600,3000,7100,11400,4100,1400,500,4500,1000,7000,300,500,200,500,500,1100,5000,10100
258.0,8.81,108900,962773.0,8.8,8.79,8.78,8.77,8.76,8.75,8.73,8.72,8.71,8.7,8.81,8.82,8.84,8.85,8.86,8.88,8.89,8.9,8.91,8.92,11900,1800,9600,3000,7100,11400,4100,1400,500,4500,1000,7000,300,500,200,500,500,1100,5000,10100
259.0,8.81,108900,962773.0,8.8,8.79,8.78,8.77,8.76,8.75,8.73,8.72,8.71,8.7,8.81,8.82,8.84,8.85,8.86,8.88,8.89,8.9,8.91,8.92,11900,1800,9600,3000,7100,11400,4100,1400,500,4500,1000,7000,300,500,200,500,500,1100,5000,10100
260.0,8.81,110000,972464.0,8.81,8.8,8.79,8.78,8.77,8.76,8.75,8.73,8.72,8.71,8.82,8.84,8.85,8.86,8.88,8.89,8.9,8.91,8.92,8.95,900,12100,1800,9600,3000,7100,11400,4100,1400,500,7000,300,500,200,500,500,1100,5000,10100,1600
261.0,8.81,110000,972464.0,8.81,8.8,8.79,8.78,8.77,8.76,8.75,8.73,8.72,8.71,8.82,8.84,8.85,8.86,8.88,8.89,8.9,8.91,8.92,8.95,900,12100,1800,9600,3000,7100,11400,4100,1400,500,7000,300,500,200,500,500,1100,5000,10100,1600
262.0,8.81,110000,972464.0,8.81,8.8,8.79,8.78,8.77,8.76,8.75,8.73,8.72,8.71,8.82,8.84,8.85,8.86,8.88,8.89,8.9,8.91,8.92,8.95,900,12100,1800,9600,3000,7100,11400,4100,1400,500,7000,300,500,200,500,500,1100,5000,10100,1600
263.0,8.81,110000,972464.0,8.81,8.8,8.79,8.78,8.77,8.76,8.75,8.73,8.72,8.71,8.82,8.84,8.85,8.86,8.88,8.89,8.9,8.91,8.92,8.95,900,12100,1800,9600,3000,7100,11400,4100,1400,500,7000,300,500,200,500,500,1100,5000,10100,1600
264.0,8.81,110000,972464.0,8.81,8.8,8.79,8.78,8.77,8.76,8.75,8.73,8.72,8.71,8.82,8.84,8.85,8.86,8.88,8.89,8.9,8.91,8.92,8.95,900,12100,1800,9600,3300,7100,11800,4100,1400,500,7000,300,500,200,500,500,1100,5000,10100,1600
265.0,8.81,110100,973345.0,8.81,8.8,8.79,8.78,8.77,8.76,8.75,8.73,8.72,8.71,8.82,8.84,8.85,8.86,8.88,8.89,8.9,8.91,8.92,8.95,800,12100,1800,9600,3300,7100,11800,4100,1400,500,7000,300,500,200,500,500,1100,5000,10100,1600
266.0,8.81,110100,973345.0,8.81,8.8,8.79,8.78,8.77,8.76,8.75,8.73,8.72,8.71,8.82,8.84,8.85,8.86,8.88,8.89,8.9,8.91,8.92,8.95,800,12100,1800,9600,3300,7100,11800,4100,1400,500,7000,300,500,200,500,500,1100,5000,10100,1600
267.0,8.81,110200,974226.0,8.81,8.8,8.79,8.78,8.77,8.76,8.75,8.73,8.72,8.71,8.82,8.84,8.85,8.86,8.88,8.89,8.9,8.91,8.92,8.95,800,12100,1800,9600,3000,7100,11400,4100,1400,500,7000,300,500,200,500,500,1100,5000,10100,1600
268.0,8.81,110200,974226.0,8.81,8.8,8.79,8.78,8.77,8.76,8.75,8.73,8.72,8.71,8.82,8.84,8.85,8.86,8.88,8.89,8.9,8.91,8.92,8.95,800,12100,1800,9600,3000,7100,11400,4100,1400,500,7000,300,500,200,500,500,1100,5000,10100,1600
269.0,8.81,111100,982155.0,8.8,8.79,8.78,8.77,8.76,8.75,8.73,8.72,8.71,8.7,8.81,8.82,8.84,8.85,8.86,8.88,8.89,8.9,8.91,8.92,12100,1800,9600,3000,7100,11400,4100,1400,500,4500,200,6900,300,500,200,500,500,1100,5000,10100
270.0,8.81,111100,982155.0,8.8,8.79,8.78,8.77,8.76,8.75,8.73,8.72,8.71,8.7,8.81,8.82,8.84,8.85,8.86,8.88,8.89,8.9,8.91,8.92,12100,1800,9600,3000,7100,11400,4100,1400,500,4500,200,6900,300,500,200,500,500,1100,5000,10100
271.0,8.81,111100,982155.0,8.8,8.79,8.78,8.77,8.76,8.75,8.73,8.72,8.71,8.7,8.81,8.82,8.84,8.85,8.86,8.88,8.89,8.9,8.91,8.92,12100,1800,9600,3000,7100,11400,4100,1400,500,4500,200,6900,300,500,200,500,500,1100,5000,10100
272.0,8.81,111100,982155.0,8.8,8.79,8.78,8.77,8.76,8.75,8.73,8.72,8.71,8.7,8.81,8.82,8.84,8.85,8.86,8.88,8.89,8.9,8.91,8.92,12100,1800,9600,3000,7100,11400,4100,1400,500,4500,200,6900,300,500,200,500,500,1100,5000,10100
273.0,8.81,111100,982155.0,8.8,8.79,8.78,8.77,8.76,8.75,8.73,8.72,8.71,8.7,8.81,8.82,8.84,8.85,8.86,8.88,8.89,8.9,8.91,8.92,12100,1800,9600,3000,7100,11400,4100,1400,500,4500,200,6900,300,500,200,500,500,1100,5000,10100
274.0,8.81,111100,982155.0,8.8,8.79,8.78,8.77,8.76,8.75,8.73,8.72,8.71,8.7,8.81,8.82,8.84,8.85,8.86,8.88,8.89,8.9,8.91,8.92,12100,1800,9600,3000,7100,11400,4100,1400,500,4500,200,6900,300,500,200,500,500,1100,5000,10100
275.0,8.81,111100,982155.0,8.8,8.79,8.78,8.77,8.76,8.75,8.73,8.72,8.71,8.7,8.81,8.82,8.84,8.85,8.86,8.88,8.89,8.9,8.91,8.92,12100,1800,9600,3000,7100,11400,4100,1400,500,4500,200,6700,300,500,200,500,500,1100,5000,10100
276.0,8.81,111100,982155.0,8.8,8.79,8.78,8.77,8.76,8.75,8.73,8.72,8.71,8.7,8.81,8.82,8.84,8.85,8.86,8.88,8.89,8.9,8.91,8.92,13700,1800,9600,3000,7100,11400,4100,1400,500,4500,300,6700,300,500,200,500,500,1100,5000,10100
277.0,8.81,111100,982155.0,8.8,8.79,8.78,8.77,8.76,8.75,8.73,8.72,8.71,8.7,8.81,8.82,8.84,8.85,8.86,8.88,8.89,8.9,8.91,8.92,13700,1800,9600,3000,7100,11400,4100,1400,500,4500,300,6700,300,500,200,500,500,1100,5000,10100
278.0,8.81,111100,982155.0,8.8,8.79,8.78,8.77,8.76,8.75,8.73,8.72,8.71,8.7,8.81,8.82,8.84,8.85,8.86,8.88,8.89,8.9,8.91,8.92,13700,1800,9600,3000,5500,11400,4100,1400,500,4500,300,6700,300,500,200,500,500,1100,5000,10100
279.0,8.81,111100,982155.0,8.8,8.79,8.78,8.77,8.76,8.75,8.73,8.72,8.71,8.7,8.81,8.82,8.84,8.85,8.86,8.88,8.89,8.9,8.91,8.92,13700,1800,9600,3000,5500,11400,4100,1400,500,4500,300,6700,300,500,200,500,500,1100,5000,10100
280.0,8.81,111100,982155.0,8.8,8.79,8.78,8.77,8.76,8.75,8.73,8.72,8.71,8.7,8.81,8.82,8.84,8.85,8.86,8.88,8.89,8.9,8.91,8.92,13700,1800,9600,3000,5500,11400,4100,1400,500,4500,300,6700,300,500,200,500,500,1100,5000,10100
281.0,8.81,111100,982155.0,8.8,8.79,8.78,8.77,8.76,8.75,8.73,8.72,8.71,8.7,8.81,8.82,8.84,8.85,8.86,8.88,8.89,8.9,8.91,8.92,13700,1800,9600,3000,5500,11400,4100,1400,500,4500,300,6700,300,500,200,500,500,1100,5000,10100
282.0,8.81,111100,982155.0,8.8,8.79,8.78,8.77,8.76,8.75,8.73,8.72,8.71,8.7,8.81,8.82,8.84,8.85,8.86,8.88,8.89,8.9,8.91,8.92,13700,1800,9600,3000,5500,11400,4100,1400,500,4500,300,6700,300,500,200,500,500,1100,5000,10100
283.0,8.81,111100,982155.0,8.8,8.79,8.78,8.77,8.76,8.75,8.73,8.72,8.71,8.7,8.81,8.82,8.84,8.85,8.86,8.88,8.89,8.9,8.91,8.92,13700,1800,9600,3000,5500,11400,4100,1400,500,4500,300,6700,300,500,200,500,500,1100,5000,10100
284.0,8.81,111100,982155.0,8.8,8.79,8.78,8.77,8.76,8.75,8.73,8.72,8.71,8.7,8.81,8.82,8.84,8.85,8.86,8.88,8.89,8.9,8.91,8.92,13700,1800,9600,3000,5500,11400,4100,1400,500,4500,300,6700,300,500,200,500,500,1100,5000,10100
285.0,8.81,111100,982155.0,8.8,8.79,8.78,8.77,8.76,8.75,8.73,8.72,8.71,8.7,8.81,8.82,8.84,8.85,8.86,8.88,8.89,8.9,8.91,8.92,13700,1800,9600,3000,5500,11400,4100,1400,500,4500,300,6700,300,500,200,500,500,1100,5000,10100
286.0,8.81,111100,982155.0,8.8,8.79,8.78,8.77,8.76,8.75,8.73,8.72,8.71,8.7,8.81,8.82,8.84,8.85,8.86,8.88,8.89,8.9,8.91,8.92,13700,1800,9600,3000,5500,11400,4100,1400,500,4500,300,6700,300,500,200,500,500,1100,5000,10100
287.0,8.81,111400,984798.0,8.81,8.8,8.79,8.78,8.77,8.76,8.75,8.73,8.72,8.71,8.82,8.84,8.85,8.86,8.88,8.89,8.9,8.91,8.92,8.95,1700,13700,1800,9600,3000,5500,11400,4100,1400,500,10200,300,500,200,500,500,1100,5000,10100,1600
288.0,8.81,111400,984798.0,8.81,8.8,8.79,8.78,8.77,8.76,8.75,8.73,8.72,8.71,8.82,8.84,8.85,8.86,8.88,8.89,8.9,8.91,8.92,8.95,1700,13700,1800,9600,3000,5500,11400,4100,1400,500,10200,300,500,200,500,500,1100,5000,10100,1600
289.0,8.81,111400,984798.0,8.81,8.8,8.79,8.78,8.77,8.76,8.75,8.73,8.72,8.71,8.82,8.84,8.85,8.86,8.88,8.89,8.9,8.91,8.92,8.95,1700,13700,1800,9600,3000,5500,11400,4100,1400,500,10200,300,500,200,500,500,1100,5000,10100,1600
290.0,8.81,113100,999775.0,8.8,8.79,8.78,8.77,8.76,8.75,8.73,8.72,8.71,8.7,8.81,8.82,8.84,8.85,8.86,8.88,8.89,8.9,8.91,8.92,13700,1800,9600,3000,5500,11400,4100,1400,500,4500,700,10200,300,500,200,500,500,1100,5000,10100
291.0,8.8,130400,1152015.0,8.8,8.79,8.78,8.77,8.76,8.75,8.73,8.72,8.71,8.7,8.81,8.82,8.84,8.85,8.86,8.88,8.89,8.9,8.91,8.92,1600,1800,9600,3000,5500,11400,4100,1400,500,4500,900,10200,300,500,200,500,500,1100,5000,10100
292.0,8.8,130800,1155535.0,8.8,8.79,8.78,8.77,8.76,8.75,8.73,8.72,8.71,8.7,8.81,8.82,8.84,8.85,8.86,8.88,8.89,8.9,8.91,8.92,1200,1800,9600,3000,5500,11400,4100,1400,500,4500,900,10200,300,500,200,500,500,1100,5000,10100
293.0,8.8,130800,1155535.0,8.8,8.79,8.78,8.77,8.76,8.75,8.73,8.72,8.71,8.7,8.81,8.82,8.84,8.85,8.86,8.88,8.89,8.9,8.91,8.92,1200,1800,9600,3000,5500,11400,4100,1400,500,4500,900,10200,300,500,200,500,500,1100,5000,10100
294.0,8.8,130800,1155535.0,8.79,8.78,8.77,8.76,8.75,8.73,8.72,8.71,8.7,8.68,8.81,8.82,8.84,8.85,8.86,8.88,8.89,8.9,8.91,8.92,1800,9600,3000,5500,11400,4100,1400,500,4500,9200,900,8200,300,500,200,500,500,1100,5000,10100
295.0,8.8,130800,1155535.0,8.79,8.78,8.77,8.76,8.75,8.73,8.72,8.71,8.7,8.68,8.81,8.82,8.84,8.85,8.86,8.88,8.89,8.9,8.91,8.92,1800,9600,3000,5500,11400,4100,1400,500,4500,9200,900,8200,300,500,200,500,500,1100,5000,10100
296.0,8.8,130800,1155535.0,8.8,8.79,8.78,8.77,8.76,8.75,8.73,8.72,8.71,8.7,8.81,8.82,8.84,8.85,8.86,8.88,8.89,8.9,8.91,8.92,1000,1800,9600,3000,5500,11400,4100,1400,500,4500,900,8200,300,500,200,500,500,1100,5000,10100
297.0,8.8,130800,1155535.0,8.8,8.79,8.78,8.77,8.76,8.75,8.73,8.72,8.71,8.7,8.81,8.82,8.84,8.85,8.86,8.88,8.89,8.9,8.91,8.92,1000,1800,9600,3000,5500,11400,4100,1400,500,4500,900,8200,300,500,200,500,500,1100,5000,10100
298.0,8.8,130800,1155535.0,8.8,8.79,8.78,8.77,8.76,8.75,8.73,8.72,8.71,8.7,8.81,8.82,8.84,8.85,8.86,8.88,8.89,8.9,8.91,8.92,1000,1800,9600,3000,5500,11400,4100,1400,500,4500,900,8200,300,500,200,500,500,1100,5000,10100
299.0,8.8,130800,1155535.0,8.8,8.79,8.78,8.77,8.76,8.75,8.73,8.72,8.71,8.7,8.81,8.82,8.84,8.85,8.86,8.88,8.89,8.9,8.91,8.92,1000,1800,9600,3000,5500,11400,4100,1400,500,4500,900,8200,300,500,200,500,500,1100,5000,10100
300.0,8.8,130800,1155535.0,8.8,8.79,8.78,8.77,8.76,8.75,8.73,8.72,8.71,8.7,8.81,8.82,8.84,8.85,8.86,8.88,8.89,8.9,8.91,8.92,1000,1800,9600,3000,5500,11400,4100,1400,500,4500,900,8200,300,500,200,500,500,1100,5000,10100
301.0,8.8,130800,1155535.0,8.8,8.79,8.78,8.77,8.76,8.75,8.73,8.72,8.71,8.7,8.81,8.82,8.84,8.85,8.86,8.88,8.89,8.9,8.91,8.92,1000,1800,9600,3000,5500,11400,4100,1400,500,4500,900,8200,300,500,200,500,500,1100,5000,10100
302.0,8.8,130800,1155535.0,8.8,8.79,8.78,8.77,8.76,8.75,8.73,8.72,8.71,8.7,8.81,8.82,8.84,8.85,8.86,8.88,8.89,8.9,8.91,8.92,1000,1800,9600,3000,5500,11400,4100,1400,500,4500,900,8200,300,500,200,500,500,1100,5000,10100
303.0,8.8,130800,1155535.0,8.8,8.79,8.78,8.77,8.76,8.75,8.73,8.72,8.71,8.7,8.81,8.82,8.84,8.85,8.86,8.88,8.89,8.9,8.91,8.92,1000,1800,9600,3000,5500,11400,4100,1400,500,4500,900,8200,300,500,200,500,500,1100,5000,10100
304.0,8.8,130800,1155535.0,8.8,8.79,8.78,8.77,8.76,8.75,8.73,8.72,8.71,8.7,8.81,8.82,8.84,8.85,8.86,8.88,8.89,8.9,8.91,8.92,1000,1800,9600,3000,5500,11400,4100,1400,500,4500,900,8200,300,500,200,500,500,1100,5000,10100
305.0,8.81,130900,1156416.0,8.8,8.79,8.78,8.77,8.76,8.75,8.73,8.72,8.71,8.7,8.81,8.82,8.84,8.85,8.86,8.88,8.89,8.9,8.91,8.92,1000,1800,9600,3000,6500,11400,4100,1400,500,4500,1600,8200,300,500,200,500,500,1100,5000,10100
306.0,8.8,131600,1162576.0,8.8,8.79,8.78,8.77,8.76,8.75,8.73,8.72,8.71,8.7,8.81,8.82,8.84,8.85,8.86,8.88,8.89,8.9,8.91,8.92,300,1800,9600,3000,6500,11400,4100,1400,500,4500,1800,8100,300,500,200,500,500,1100,5000,10100
307.0,8.8,131600,1162576.0,8.8,8.79,8.78,8.77,8.76,8.75,8.73,8.72,8.71,8.7,8.81,8.82,8.84,8.85,8.86,8.88,8.89,8.9,8.91,8.92,300,1800,9600,3000,6500,11400,4100,1400,500,4500,1800,8100,300,500,200,500,500,1100,5000,10100
308.0,8.8,131700,1163456.0,8.8,8.79,8.78,8.77,8.76,8.75,8.73,8.72,8.71,8.7,8.81,8.82,8.84,8.85,8.86,8.88,8.89,8.9,8.91,8.92,200,1800,9600,3000,6500,11400,4100,1400,500,4500,1800,8100,300,500,200,500,500,1100,5000,10100
309.0,8.8,131700,1163456.0,8.8,8.79,8.78,8.77,8.76,8.75,8.73,8.72,8.71,8.7,8.81,8.82,8.84,8.85,8.86,8.88,8.89,8.9,8.91,8.92,200,1800,9600,3000,6500,11400,4100,1400,500,4500,1800,8100,300,500,200,500,500,1100,5000,10100
310.0,8.8,131700,1163456.0,8.8,8.79,8.78,8.77,8.76,8.75,8.73,8.72,8.71,8.7,8.81,8.82,8.84,8.85,8.86,8.88,8.89,8.9,8.91,8.92,300,1800,9600,3000,6500,11400,4100,1400,500,4500,1800,8100,300,500,200,500,500,1100,5000,10100
311.0,8.81,131800,1164337.0,8.8,8.79,8.78,8.77,8.76,8.75,8.73,8.72,8.71,8.7,8.81,8.82,8.84,8.85,8.86,8.88,8.89,8.9,8.91,8.92,300,3000,9600,3000,6500,11400,4100,1400,500,4500,1700,8100,300,500,200,500,500,1100,5000,10100
312.0,8.81,131800,1164337.0,8.8,8.79,8.78,8.77,8.76,8.75,8.73,8.72,8.71,8.7,8.81,8.82,8.84,8.85,8.86,8.88,8.89,8.9,8.91,8.92,300,3000,9600,3000,6500,11400,4100,1400,500,4500,1700,8100,300,500,200,500,500,1100,5000,10100
313.0,8.81,131800,1164337.0,8.8,8.79,8.78,8.77,8.76,8.75,8.73,8.72,8.71,8.7,8.81,8.82,8.84,8.85,8.86,8.88,8.89,8.9,8.91,8.92,1100,5300,9600,3000,6500,11400,4100,1400,500,4500,1700,8100,300,500,200,500,500,1100,5000,10100
314.0,8.81,131800,1164337.0,8.8,8.79,8.78,8.77,8.76,8.75,8.73,8.72,8.71,8.7,8.81,8.82,8.84,8.85,8.86,8.88,8.89,8.9,8.91,8.92,1100,5300,9600,3000,6500,11400,4100,1400,500,4500,1700,8100,300,500,200,500,500,1100,5000,10100
315.0,8.81,131800,1164337.0,8.8,8.79,8.78,8.77,8.76,8.75,8.73,8.72,8.71,8.7,8.81,8.82,8.84,8.85,8.86,8.88,8.89,8.9,8.91,8.92,1100,5300,9600,3000,6500,11400,4100,1400,500,4500,1700,8100,300,500,200,500,500,1100,5000,10100
316.0,8.8,137100,1210977.0,8.8,8.79,8.78,8.77,8.76,8.75,8.73,8.72,8.71,8.7,8.81,8.82,8.84,8.85,8.86,8.88,8.89,8.9,8.91,8.92,2800,5300,9600,3000,6500,11400,4100,1400,500,4500,1700,8100,300,500,200,500,500,1100,5000,10100
317.0,8.81,138100,1219787.0,8.8,8.79,8.78,8.77,8.76,8.75,8.73,8.72,8.71,8.7,8.81,8.82,8.84,8.85,8.86,8.88,8.89,8.9,8.91,8.92,2800,5300,9600,3000,6500,11400,4100,1400,500,4500,700,8100,300,500,200,500,500,1100,5000,10100
318.0,8.81,138100,1219787.0,8.8,8.79,8.78,8.77,8.76,8.75,8.73,8.72,8.71,8.7,8.81,8.82,8.84,8.85,8.86,8.88,8.89,8.9,8.91,8.92,3600,5300,9600,3000,6500,11400,4100,1400,500,4500,700,8100,300,500,200,500,500,1100,5000,10100
319.0,8.81,138100,1219787.0,8.8,8.79,8.78,8.77,8.76,8.75,8.73,8.72,8.71,8.7,8.81,8.82,8.84,8.85,8.86,8.88,8.89,8.9,8.91,8.92,3600,5300,9600,3000,6500,11400,4100,1400,500,4500,700,8100,300,500,200,500,500,1100,5000,10100
320.0,8.81,138100,1219787.0,8.8,8.79,8.78,8.77,8.76,8.75,8.73,8.72,8.71,8.7,8.81,8.82,8.84,8.85,8.86,8.88,8.89,8.9,8.91,8.92,3600,5300,9600,3000,6500,11400,4100,1400,500,4500,700,8100,300,500,200,500,500,1100,5000,10100
321.0,8.81,138100,1219787.0,8.8,8.79,8.78,8.77,8.76,8.75,8.73,8.72,8.71,8.7,8.81,8.82,8.84,8.85,8.86,8.88,8.89,8.9,8.91,8.92,3600,5300,9600,3000,8500,11400,4100,1400,500,4500,700,8100,300,500,200,500,500,1100,5000,10100
322.0,8.8,138300,1221547.0,8.8,8.79,8.78,8.77,8.76,8.75,8.73,8.72,8.71,8.7,8.81,8.82,8.84,8.85,8.86,8.88,8.89,8.9,8.91,8.92,3400,5300,9600,3000,8500,11400,4100,1400,500,4500,700,8100,300,500,200,500,500,1100,5000,10100
323.0,8.8,138300,1221547.0,8.8,8.79,8.78,8.77,8.76,8.75,8.73,8.72,8.71,8.7,8.81,8.82,8.84,8.85,8.86,8.88,8.89,8.9,8.91,8.92,3500,5300,9600,3000,8500,11400,4100,1400,500,4500,700,8100,300,500,200,500,500,1100,5000,10100
324.0,8.81,138500,1223309.0,8.8,8.79,8.78,8.77,8.76,8.75,8.73,8.72,8.71,8.7,8.81,8.82,8.84,8.85,8.86,8.88,8.89,8.9,8.91,8.92,3500,5300,9600,3000,8500,11400,4100,1400,500,4500,500,8100,300,500,200,500,500,1100,5000,10100
325.0,8.8,140800,1243555.0,8.8,8.79,8.78,8.77,8.76,8.75,8.73,8.72,8.71,8.7,8.81,8.82,8.84,8.85,8.86,8.88,8.89,8.9,8.91,8.92,1800,5300,9600,3000,8500,11400,4100,1400,500,4500,400,5800,300,500,200,500,500,1100,5000,10100
326.0,8.8,142100,1254999.0,8.8,8.79,8.78,8.77,8.76,8.75,8.73,8.72,8.71,8.7,8.82,8.84,8.85,8.86,8.88,8.89,8.9,8.91,8.92,8.95,900,5300,9600,3000,8500,11400,4100,1400,500,4500,5600,300,500,200,500,500,1100,5000,10100,1600
327.0,8.8,142200,1255879.0,8.8,8.79,8.78,8.77,8.76,8.75,8.73,8.72,8.71,8.7,8.81,8.82,8.84,8.85,8.86,8.88,8.89,8.9,8.91,8.92,800,5300,9600,3000,8500,11400,4100,1400,500,4500,200,5600,300,500,200,500,500,1100,5000,10100
328.0,8.8,142200,1255879.0,8.8,8.79,8.78,8.77,8.76,8.75,8.73,8.72,8.71,8.7,8.81,8.82,8.84,8.85,8.86,8.88,8.89,8.9,8.91,8.92,800,5300,9600,3000,8500,11400,4100,1400,500,4500,200,5600,300,500,200,500,500,1100,5000,10100
329.0,8.8,142900,1262039.0,8.8,8.79,8.78,8.77,8.76,8.75,8.73,8.72,8.71,8.7,8.81,8.82,8.84,8.85,8.86,8.88,8.89,8.9,8.91,8.92,100,5300,9600,3000,8500,11400,4100,1400,500,4500,400,5600,300,500,200,500,500,1100,5000,10100
330.0,8.8,142900,1262039.0,8.8,8.79,8.78,8.77,8.76,8.75,8.73,8.72,8.71,8.7,8.81,8.82,8.84,8.85,8.86,8.88,8.89,8.9,8.91,8.92,100,5300,9600,3000,8500,11400,4100,1400,500,4500,400,5600,300,500,200,500,500,1100,5000,10100
331.0,8.8,142900,1262039.0,8.8,8.79,8.78,8.77,8.76,8.75,8.73,8.72,8.71,8.7,8.81,8.82,8.84,8.85,8.86,8.88,8.89,8.9,8.91,8.92,100,5300,9600,3000,8500,11400,4100,1400,500,4500,400,5600,300,500,200,500,500,1100,5000,10100
332.0,8.8,142900,1262039.0,8.8,8.79,8.78,8.77,8.76,8.75,8.73,8.72,8.71,8.7,8.81,8.82,8.84,8.85,8.86,8.88,8.89,8.9,8.91,8.92,600,5300,9600,3000,8500,11400,4100,1400,500,4500,500,5600,300,500,200,500,500,1100,5000,10100
333.0,8.8,142900,1262039.0,8.8,8.79,8.78,8.77,8.76,8.75,8.73,8.72,8.71,8.7,8.81,8.82,8.84,8.85,8.86,8.88,8.89,8.9,8.91,8.92,600,5300,9600,3000,8500,11400,4100,1400,500,4500,500,5600,300,500,200,500,500,1100,5000,10100
334.0,8.8,142900,1262039.0,8.8,8.79,8.78,8.77,8.76,8.75,8.73,8.72,8.71,8.7,8.81,8.82,8.84,8.85,8.86,8.88,8.89,8.9,8.91,8.92,600,5300,9600,3000,8500,11400,4100,1400,500,4500,500,5600,300,500,200,500,500,1100,5000,10100
335.0,8.8,142900,1262039.0,8.8,8.79,8.78,8.77,8.76,8.75,8.73,8.72,8.71,8.7,8.81,8.82,8.84,8.85,8.86,8.88,8.89,8.9,8.91,8.92,600,5300,9600,3000,8500,11400,4100,1400,500,4500,500,5600,300,500,200,500,500,1100,5000,10100
336.0,8.8,142900,1262039.0,8.8,8.79,8.78,8.77,8.76,8.75,8.73,8.72,8.71,8.7,8.81,8.82,8.84,8.85,8.86,8.88,8.89,8.9,8.91,8.92,600,5300,9600,3000,8500,11400,4100,1400,500,4500,500,5600,300,500,200,500,500,1100,5000,10100
337.0,8.8,142900,1262039.0,8.8,8.79,8.78,8.77,8.76,8.75,8.73,8.72,8.71,8.7,8.81,8.82,8.84,8.85,8.86,8.88,8.89,8.9,8.91,8.92,600,5300,9600,3000,8500,11400,4100,1400,500,4500,500,5600,300,500,200,500,500,1100,5000,10100
338.0,8.8,142900,1262039.0,8.8,8.79,8.78,8.77,8.76,8.75,8.73,8.72,8.71,8.7,8.81,8.82,8.84,8.85,8.86,8.88,8.89,8.9,8.91,8.92,600,5300,9600,3000,8500,11400,4100,1400,500,4500,500,5600,300,500,200,500,500,1100,5000,10100
339.0,8.8,142900,1262039.0,8.8,8.79,8.78,8.77,8.76,8.75,8.73,8.72,8.71,8.7,8.81,8.82,8.84,8.85,8.86,8.88,8.89,8.9,8.91,8.92,600,5300,9600,3000,8500,11400,4100,1400,500,4500,500,5600,300,500,200,500,500,1100,5000,10100
340.0,8.8,142900,1262039.0,8.8,8.79,8.78,8.77,8.76,8.75,8.73,8.72,8.71,8.7,8.81,8.82,8.84,8.85,8.86,8.88,8.89,8.9,8.91,8.92,2600,5300,9600,3000,8500,11400,4100,1400,500,4500,500,5600,300,500,200,500,500,1100,5000,10100
341.0,8.8,142900,1262039.0,8.8,8.79,8.78,8.77,8.76,8.75,8.73,8.72,8.71,8.7,8.81,8.82,8.84,8.85,8.86,8.88,8.89,8.9,8.91,8.92,2600,5300,9600,3000,8500,11400,4100,1400,500,4500,500,5600,300,500,200,500,500,1100,5000,10100
342.0,8.81,143400,1266444.0,8.81,8.8,8.79,8.78,8.77,8.76,8.75,8.73,8.72,8.71,8.82,8.84,8.85,8.86,8.88,8.89,8.9,8.91,8.92,8.95,1700,2700,4100,9600,3000,8500,11400,4100,1400,500,5600,300,500,200,500,500,1100,5000,10100,1600
343.0,8.81,143400,1266444.0,8.81,8.8,8.79,8.78,8.77,8.76,8.75,8.73,8.72,8.71,8.82,8.84,8.85,8.86,8.88,8.89,8.9,8.91,8.92,8.95,1700,2700,4100,9600,3000,8500,11400,4100,1400,500,5600,300,500,200,500,500,1100,5000,10100,1600
344.0,8.81,143400,1266444.0,8.81,8.8,8.79,8.78,8.77,8.76,8.75,8.73,8.72,8.71,8.82,8.84,8.85,8.86,8.88,8.89,8.9,8.91,8.92,8.95,1700,2700,4100,9600,3000,8500,11400,4100,1400,500,5600,300,500,200,500,500,1100,5000,10100,1600
345.0,8.81,143400,1266444.0,8.81,8.8,8.79,8.78,8.77,8.76,8.75,8.73,8.72,8.71,8.82,8.84,8.85,8.86,8.88,8.89,8.9,8.91,8.92,8.95,1700,2700,4100,9600,3000,8500,11400,4100,1400,500,5600,300,500,200,500,500,1100,5000,10100,1600
346.0,8.81,143400,1266444.0,8.81,8.8,8.79,8.78,8.77,8.76,8.75,8.73,8.72,8.71,8.82,8.84,8.85,8.86,8.88,8.89,8.9,8.91,8.92,8.95,1500,2700,4100,9600,3000,8500,11400,4100,1400,500,5600,300,500,200,500,500,1100,5000,10100,1600
347.0,8.81,143400,1266444.0,8.81,8.8,8.79,8.78,8.77,8.76,8.75,8.73,8.72,8.71,8.82,8.84,8.85,8.86,8.88,8.89,8.9,8.91,8.92,8.95,1500,4700,4100,9600,3000,8500,11400,4100,1400,500,5600,300,500,200,500,500,1100,5000,10100,1600
348.0,8.81,143400,1266444.0,8.81,8.8,8.79,8.78,8.77,8.76,8.75,8.73,8.72,8.71,8.82,8.84,8.85,8.86,8.88,8.89,8.9,8.91,8.92,8.95,1500,4600,4100,9600,3000,8500,11400,4100,1400,500,5600,300,500,200,500,500,1100,5000,10100,1600
349.0,8.81,143400,1266444.0,8.81,8.8,8.79,8.78,8.77,8.76,8.75,8.73,8.72,8.71,8.82,8.84,8.85,8.86,8.88,8.89,8.9,8.91,8.92,8.95,1500,4600,4100,9600,3000,8500,11400,4100,1400,500,5600,300,500,200,500,500,1100,5000,10100,1600
350.0,8.81,143400,1266444.0,8.81,8.8,8.79,8.78,8.77,8.76,8.75,8.73,8.72,8.71,8.82,8.84,8.85,8.86,8.88,8.89,8.9,8.91,8.92,8.95,1500,5600,4100,9600,3000,8500,11400,4100,1400,500,5600,300,500,200,500,500,1100,5000,10100,1600
351.0,8.81,143400,1266444.0,8.81,8.8,8.79,8.78,8.77,8.76,8.75,8.73,8.72,8.71,8.82,8.84,8.85,8.86,8.88,8.89,8.9,8.91,8.92,8.95,1500,5600,4100,9600,3000,8500,11400,4100,1400,500,5600,300,500,200,500,500,1100,5000,10100,1600
352.0,8.81,143400,1266444.0,8.81,8.8,8.79,8.78,8.77,8.76,8.75,8.73,8.72,8.71,8.82,8.84,8.85,8.86,8.88,8.89,8.9,8.91,8.92,8.95,1500,5600,4100,9600,3000,8500,11400,4100,1400,500,5600,300,500,200,500,500,1100,5000,10100,1600
353.0,8.81,143400,1266444.0,8.81,8.8,8.79,8.78,8.77,8.76,8.75,8.73,8.72,8.71,8.82,8.84,8.85,8.86,8.88,8.89,8.9,8.91,8.92,8.95,1500,5600,4100,9600,3000,8500,11400,4100,1400,500,5600,300,500,200,500,500,1100,5000,10100,1600
354.0,8.81,143400,1266444.0,8.81,8.8,8.79,8.78,8.77,8.76,8.75,8.73,8.72,8.71,8.82,8.84,8.85,8.86,8.88,8.89,8.9,8.91,8.92,8.95,1500,5600,5100,9600,3000,8500,11400,4100,1400,500,5600,300,500,200,500,500,1100,5000,10100,1600
355.0,8.81,143400,1266444.0,8.81,8.8,8.79,8.78,8.77,8.76,8.75,8.73,8.72,8.71,8.82,8.84,8.85,8.86,8.88,8.89,8.9,8.91,8.92,8.95,1500,5600,5100,9600,3000,8500,11400,4100,1400,500,5600,300,500,200,500,500,1100,5000,10100,1600
356.0,8.81,143400,1266444.0,8.81,8.8,8.79,8.78,8.77,8.76,8.75,8.73,8.72,8.71,8.82,8.84,8.85,8.86,8.88,8.89,8.9,8.91,8.92,8.95,1600,5600,5100,9600,3000,8500,11400,4100,1400,500,5600,300,500,200,500,500,1100,5000,10100,1600
357.0,8.81,143400,1266444.0,8.81,8.8,8.79,8.78,8.77,8.76,8.75,8.73,8.72,8.71,8.82,8.84,8.85,8.86,8.88,8.89,8.9,8.91,8.92,8.95,1600,5600,5100,9600,3000,8500,11400,4100,1400,500,5600,300,500,200,500,500,1100,5000,10100,1600
358.0,8.81,143400,1266444.0,8.81,8.8,8.79,8.78,8.77,8.76,8.75,8.73,8.72,8.71,8.82,8.84,8.85,8.86,8.88,8.89,8.9,8.91,8.92,8.95,1600,6200,5100,9600,2000,8500,11400,4100,1400,500,5600,300,500,200,500,500,1100,5000,10100,1600
359.0,8.81,143400,1266444.0,8.81,8.8,8.79,8.78,8.77,8.76,8.75,8.73,8.72,8.71,8.82,8.84,8.85,8.86,8.88,8.89,8.9,8.91,8.92,8.95,1600,6200,5100,9600,2000,8500,11400,4100,1400,500,5600,300,500,200,500,500,1100,5000,10100,1600
360.0,8.81,145200,1282302.0,8.8,8.79,8.78,8.77,8.76,8.75,8.73,8.72,8.71,8.7,8.81,8.82,8.84,8.85,8.86,8.88,8.89,8.9,8.91,8.92,7300,5100,9600,2000,8500,11400,4100,1400,500,4500,2700,3800,300,500,200,500,500,1100,5000,10100
361.0,8.81,146700,1295517.0,8.8,8.79,8.78,8.77,8.76,8.75,8.73,8.72,8.71,8.7,8.81,8.82,8.84,8.85,8.86,8.88,8.89,8.9,8.91,8.92,7300,5100,9600,2000,8500,11400,4100,1400,500,4500,1200,3800,300,500,200,500,500,1100,5000,10100
362.0,8.81,147900,1306089.0,8.81,8.8,8.79,8.78,8.77,8.76,8.75,8.73,8.72,8.71,8.82,8.84,8.85,8.86,8.88,8.89,8.9,8.91,8.92,8.95,100,8000,5100,9600,2000,8500,11400,4100,1400,500,3800,300,500,200,500,500,1100,5000,10100,1600
363.0,8.81,147900,1306089.0,8.81,8.8,8.79,8.78,8.77,8.76,8.75,8.73,8.72,8.71,8.82,8.84,8.85,8.86,8.88,8.89,8.9,8.91,8.92,8.95,100,8000,5100,9600,2000,8500,11400,4100,1400,500,3800,300,500,200,500,500,1100,5000,10100,1600
364.0,8.82,148000,1306971.0,8.81,8.8,8.79,8.78,8.77,8.76,8.75,8.73,8.72,8.71,8.82,8.84,8.85,8.86,8.88,8.89,8.9,8.91,8.92,8.95,100,8000,5100,9600,2100,8500,11400,4100,1400,500,3700,300,500,200,500,500,1100,5000,10100,1600
365.0,8.82,148000,1306971.0,8.81,8.8,8.79,8.78,8.77,8.76,8.75,8.73,8.72,8.71,8.82,8.84,8.85,8.86,8.88,8.89,8.9,8.91,8.92,8.95,100,8000,5100,9600,2100,8500,11400,4100,1400,500,3700,300,500,200,500,500,1100,5000,10100,1600
366.0,8.82,148000,1306971.0,8.81,8.8,8.79,8.78,8.77,8.76,8.75,8.73,8.72,8.71,8.82,8.84,8.85,8.86,8.88,8.89,8.9,8.91,8.92,8.95,100,8000,5100,9600,2100,8500,11400,4100,1400,500,3700,300,500,200,500,500,1100,5000,10100,1600
367.0,8.82,148000,1306971.0,8.81,8.8,8.79,8.78,8.77,8.76,8.75,8.73,8.72,8.71,8.82,8.84,8.85,8.86,8.88,8.89,8.9,8.91,8.92,8.95,100,8000,5100,9600,2100,8500,11400,4100,1400,500,3700,300,500,200,500,500,1100,5000,10100,1600
368.0,8.82,148000,1306971.0,8.81,8.8,8.79,8.78,8.77,8.76,8.75,8.73,8.72,8.71,8.82,8.84,8.85,8.86,8.88,8.89,8.9,8.91,8.92,8.95,100,18000,5100,9600,2100,8500,11400,4100,1400,500,3700,300,500,200,500,500,1100,5000,10100,1600
369.0,8.82,148000,1306971.0,8.81,8.8,8.79,8.78,8.77,8.76,8.75,8.73,8.72,8.71,8.82,8.84,8.85,8.86,8.88,8.89,8.9,8.91,8.92,8.95,100,18000,5100,9600,2100,8500,11400,4100,1400,500,3700,300,500,200,500,500,1100,5000,10100,1600
370.0,8.82,148000,1306971.0,8.81,8.8,8.79,8.78,8.77,8.76,8.75,8.73,8.72,8.71,8.82,8.84,8.85,8.86,8.88,8.89,8.9,8.91,8.92,8.95,100,18000,5100,9600,2100,8500,11400,4100,1400,500,3700,300,500,200,500,500,1100,5000,10100,1600
371.0,8.82,148000,1306971.0,8.81,8.8,8.79,8.78,8.77,8.76,8.75,8.73,8.72,8.71,8.82,8.84,8.85,8.86,8.88,8.89,8.9,8.91,8.92,8.95,100,18000,5100,9600,2100,8500,11400,4100,1400,500,3700,300,500,200,500,500,700,5000,10100,1600
372.0,8.82,148000,1306971.0,8.81,8.8,8.79,8.78,8.77,8.76,8.75,8.73,8.72,8.71,8.82,8.84,8.85,8.86,8.88,8.89,8.9,8.91,8.92,8.95,100,18000,5100,9600,2100,8500,11400,4100,1400,500,3700,300,500,200,500,500,700,5000,10100,1600
373.0,8.82,148000,1306971.0,8.81,8.8,8.79,8.78,8.77,8.76,8.75,8.73,8.72,8.71,8.82,8.84,8.85,8.86,8.88,8.89,8.9,8.91,8.92,8.95,100,18000,5100,9600,2100,8500,11400,4100,1400,500,3700,300,500,200,500,500,700,5000,10100,1600
374.0,8.82,148000,1306971.0,8.81,8.8,8.79,8.78,8.77,8.76,8.75,8.73,8.72,8.71,8.82,8.84,8.85,8.86,8.88,8.89,8.9,8.91,8.92,8.95,100,18000,5100,9600,2100,8500,11400,4100,1400,500,3700,300,500,200,500,500,700,5000,10100,1600
375.0,8.8,148900,1314892.0,8.8,8.79,8.78,8.77,8.76,8.75,8.73,8.72,8.71,8.7,8.82,8.84,8.85,8.86,8.88,8.89,8.9,8.91,8.92,8.95,17200,5100,9600,2100,8500,11400,4100,1400,500,4500,3700,300,500,200,500,500,700,5000,10100,1600
376.0,8.8,148900,1314892.0,8.81,8.8,8.79,8.78,8.77,8.76,8.75,8.73,8.72,8.71,8.82,8.84,8.85,8.86,8.88,8.89,8.9,8.91,8.92,8.95,700,17200,5100,9600,2100,8500,11400,4100,1400,500,3700,300,500,200,500,500,700,5000,10100,1600
377.0,8.8,148900,1314892.0,8.81,8.8,8.79,8.78,8.77,8.76,8.75,8.73,8.72,8.71,8.82,8.84,8.85,8.86,8.88,8.89,8.9,8.91,8.92,8.95,700,17200,5100,9600,2100,8500,11400,4100,1400,500,3700,300,500,200,500,500,700,5000,10100,1600
378.0,8.8,148900,1314892.0,8.81,8.8,8.79,8.78,8.77,8.76,8.75,8.73,8.72,8.71,8.82,8.84,8.85,8.86,8.88,8.89,8.9,8.91,8.92,8.95,700,17200,5100,9600,2100,8500,11400,4100,1400,500,3700,300,500,200,500,500,700,5000,10100,1600
379.0,8.8,148900,1314892.0,8.81,8.8,8.79,8.78,8.77,8.76,8.75,8.73,8.72,8.71,8.82,8.84,8.85,8.86,8.88,8.89,8.9,8.91,8.92,8.95,700,17200,5100,9600,2100,8500,11400,4100,1400,500,3700,300,500,200,500,500,700,5000,10100,1600
380.0,8.8,148900,1314892.0,8.81,8.8,8.79,8.78,8.77,8.76,8.75,8.73,8.72,8.71,8.82,8.84,8.85,8.86,8.88,8.89,8.9,8.91,8.92,8.95,700,17200,5100,9600,2100,8500,11400,4100,1400,500,3900,300,500,200,500,500,700,5000,10100,1600
381.0,8.81,149000,1315773.0,8.81,8.8,8.79,8.78,8.77,8.76,8.75,8.73,8.72,8.71,8.82,8.84,8.85,8.86,8.88,8.89,8.9,8.91,8.92,8.95,1100,17200,5100,9600,2100,8500,11400,4100,1400,500,3900,300,500,200,500,500,700,5000,10100,1600
382.0,8.81,149000,1315773.0,8.81,8.8,8.79,8.78,8.77,8.76,8.75,8.73,8.72,8.71,8.82,8.84,8.85,8.86,8.88,8.89,8.9,8.91,8.92,8.95,1100,17200,5100,9600,2100,8500,11400,4100,1400,500,3900,300,500,200,500,500,700,5000,10100,1600
383.0,8.81,149000,1315773.0,8.81,8.8,8.79,8.78,8.77,8.76,8.75,8.73,8.72,8.71,8.82,8.84,8.85,8.86,8.88,8.89,8.9,8.91,8.92,8.95,1100,17200,5100,9600,2100,8500,11400,4100,1400,500,3900,300,500,200,500,500,700,5000,10100,1600
384.0,8.81,149700,1321940.0,8.81,8.8,8.79,8.78,8.77,8.76,8.75,8.73,8.72,8.71,8.82,8.84,8.85,8.86,8.88,8.89,8.9,8.91,8.92,8.95,400,18200,5100,9600,2100,8500,11400,4100,1400,500,3900,300,500,200,500,500,700,5000,10100,1600
385.0,8.81,149700,1321940.0,8.81,8.8,8.79,8.78,8.77,8.76,8.75,8.73,8.72,8.71,8.82,8.84,8.85,8.86,8.88,8.89,8.9,8.91,8.92,8.95,1100,18200,5100,9600,2100,8500,11400,4100,1400,500,3900,300,500,200,500,500,700,5000,10100,1600
386.0,8.81,149700,1321940.0,8.81,8.8,8.79,8.78,8.77,8.76,8.75,8.73,8.72,8.71,8.82,8.84,8.85,8.86,8.88,8.89,8.9,8.91,8.92,8.95,1100,18200,5100,9600,2100,8500,11400,4100,1400,500,3900,300,500,200,500,500,700,5000,10100,1600
387.0,8.81,149700,1321940.0,8.81,8.8,8.79,8.78,8.77,8.76,8.75,8.73,8.72,8.71,8.82,8.84,8.85,8.86,8.88,8.89,8.9,8.91,8.92,8.95,1100,18200,5100,9600,2100,8500,11400,4100,1400,500,3900,300,500,200,500,500,700,5000,10100,1600
388.0,8.81,149900,1323702.0,8.81,8.8,8.79,8.78,8.77,8.76,8.75,8.73,8.72,8.71,8.82,8.84,8.85,8.86,8.88,8.89,8.9,8.91,8.92,8.95,900,18200,5100,9600,2100,8500,11400,4100,1400,500,3900,300,500,200,500,500,700,5000,10100,1600
389.0,8.81,149900,1323702.0,8.81,8.8,8.79,8.78,8.77,8.76,8.75,8.73,8.72,8.71,8.82,8.84,8.85,8.86,8.88,8.9,8.91,8.92,8.95,8.98,900,18200,5100,9600,2100,8500,11400,4100,1400,500,3900,300,500,200,500,700,5000,10100,1600,5500
390.0,8.81,149900,1323702.0,8.81,8.8,8.79,8.78,8.77,8.76,8.75,8.73,8.72,8.71,8.82,8.84,8.85,8.86,8.88,8.9,8.91,8.92,8.95,8.98,900,18200,5100,9600,2100,8500,11400,4100,1400,500,3900,300,500,200,500,700,5000,10100,1600,5500
391.0,8.81,149900,1323702.0,8.81,8.8,8.79,8.78,8.77,8.76,8.75,8.73,8.72,8.71,8.82,8.84,8.85,8.86,8.88,8.9,8.91,8.92,8.95,8.98,900,18200,5100,9600,2100,8500,11400,4100,1400,500,3900,300,500,200,500,700,5000,10100,1600,5500
392.0,8.81,149900,1323702.0,8.81,8.8,8.79,8.78,8.77,8.76,8.75,8.73,8.72,8.71,8.82,8.84,8.85,8.86,8.88,8.9,8.91,8.92,8.95,8.98,900,18200,5100,9600,2100,8500,11400,4100,1400,500,3900,300,500,200,500,700,5000,10100,1600,5500
393.0,8.81,149900,1323702.0,8.81,8.8,8.79,8.78,8.77,8.76,8.75,8.73,8.72,8.71,8.82,8.84,8.85,8.86,8.88,8.9,8.91,8.92,8.95,8.98,1000,18200,5100,9600,2100,8500,11400,4100,1400,500,3900,300,500,200,500,700,5000,10100,1600,5500
394.0,8.81,149900,1323702.0,8.81,8.8,8.79,8.78,8.77,8.76,8.75,8.73,8.72,8.71,8.82,8.84,8.85,8.86,8.88,8.9,8.91,8.92,8.95,8.98,1100,18200,5100,9600,2100,8500,11400,4100,1400,500,3900,300,500,200,500,700,5000,10100,1600,5500
395.0,8.81,149900,1323702.0,8.81,8.8,8.79,8.78,8.77,8.76,8.75,8.73,8.72,8.71,8.82,8.84,8.85,8.86,8.88,8.9,8.91,8.92,8.95,8.98,1100,18200,5100,9600,2100,8500,11400,4100,1400,500,3900,300,500,200,500,700,5000,10100,1600,5500
396.0,8.81,149900,1323702.0,8.81,8.8,8.79,8.78,8.77,8.76,8.75,8.73,8.72,8.71,8.82,8.84,8.85,8.86,8.88,8.9,8.91,8.92,8.95,8.98,1100,18200,5100,9600,2100,8500,11400,4100,1400,500,3900,300,500,200,500,700,5000,10100,1600,5500
397.0,8.81,149900,1323702.0,8.81,8.8,8.79,8.78,8.77,8.76,8.75,8.73,8.72,8.71,8.82,8.84,8.85,8.86,8.88,8.9,8.91,8.92,8.95,8.98,1100,18200,5100,9600,2100,8500,11400,4100,1400,500,3900,300,500,200,500,700,5000,10100,1600,5500
398.0,8.81,149900,1323702.0,8.81,8.8,8.79,8.78,8.77,8.76,8.75,8.73,8.72,8.71,8.82,8.84,8.85,8.86,8.88,8.9,8.91,8.92,8.95,8.98,1100,18200,5100,9600,2100,8500,11400,4100,1400,500,3900,300,500,200,500,700,5000,10100,1600,5500
399.0,8.81,149900,1323702.0,8.81,8.8,8.79,8.78,8.77,8.76,8.75,8.73,8.72,8.71,8.82,8.84,8.85,8.86,8.88,8.9,8.91,8.92,8.95,8.98,1100,18200,5100,9600,2100,8500,11400,4100,1400,500,3900,300,500,200,500,700,5000,10100,1600,5500
400.0,8.81,149900,1323702.0,8.81,8.8,8.79,8.78,8.77,8.76,8.75,8.73,8.72,8.71,8.82,8.84,8.85,8.86,8.88,8.9,8.91,8.92,8.95,8.98,1600,18200,5100,9600,2100,8500,11400,4100,1400,500,3900,300,500,200,500,700,5000,10100,1600,5500
401.0,8.81,149900,1323702.0,8.81,8.8,8.79,8.78,8.77,8.76,8.75,8.73,8.72,8.71,8.82,8.84,8.85,8.86,8.88,8.9,8.91,8.92,8.95,8.98,2100,18200,5100,9600,2100,8500,11400,4100,1400,500,3900,300,500,200,500,700,5000,10100,1600,5500
402.0,8.81,149900,1323702.0,8.81,8.8,8.79,8.78,8.77,8.76,8.75,8.73,8.72,8.71,8.82,8.84,8.85,8.86,8.88,8.9,8.91,8.92,8.95,8.98,2100,18200,5100,9600,2100,8500,11400,4100,1400,500,3900,300,500,200,500,700,5000,10100,1600,5500
403.0,8.81,149900,1323702.0,8.81,8.8,8.79,8.78,8.77,8.76,8.75,8.73,8.72,8.71,8.82,8.84,8.85,8.86,8.88,8.9,8.91,8.92,8.95,8.98,2100,18200,5100,9600,2100,8500,11400,4100,1400,500,3900,300,500,200,500,700,5000,10100,1600,5500
404.0,8.81,149900,1323702.0,8.81,8.8,8.79,8.78,8.77,8.76,8.75,8.73,8.72,8.71,8.82,8.84,8.85,8.86,8.88,8.9,8.91,8.92,8.95,8.98,2100,18200,5100,9600,2100,8500,11400,4100,1400,500,3900,300,500,200,500,700,5000,10100,1600,5500
405.0,8.81,149900,1323702.0,8.81,8.8,8.79,8.78,8.77,8.76,8.75,8.73,8.72,8.71,8.82,8.84,8.85,8.86,8.88,8.9,8.91,8.92,8.95,8.98,2100,18200,5100,9600,2100,8500,11400,4100,1400,500,3900,300,500,200,500,700,5000,10100,1600,5500
406.0,8.81,149900,1323702.0,8.81,8.8,8.79,8.78,8.77,8.76,8.75,8.73,8.72,8.71,8.82,8.84,8.85,8.86,8.88,8.9,8.91,8.92,8.95,8.98,2100,18200,5100,9600,2100,8500,11400,4100,1400,500,3900,300,500,200,500,700,5000,10100,1600,5500
407.0,8.81,149900,1323702.0,8.81,8.8,8.79,8.78,8.77,8.76,8.75,8.73,8.72,8.71,8.82,8.84,8.85,8.86,8.88,8.9,8.91,8.92,8.95,8.98,2100,18200,5100,9600,2100,8500,11400,4100,1400,500,3900,300,500,200,500,700,5000,10100,1600,5500
408.0,8.81,149900,1323702.0,8.81,8.8,8.79,8.78,8.77,8.76,8.75,8.73,8.72,8.71,8.82,8.84,8.85,8.86,8.88,8.9,8.91,8.92,8.95,8.98,2100,18200,5100,9600,2100,8500,11400,4100,1400,500,3900,300,500,200,500,700,5000,10100,1600,5500
409.0,8.81,149900,1323702.0,8.81,8.8,8.79,8.78,8.77,8.76,8.75,8.73,8.72,8.71,8.82,8.84,8.85,8.86,8.88,8.9,8.91,8.92,8.95,8.98,2000,18200,5100,9600,2100,8500,11400,4100,1400,500,3900,300,500,200,500,700,5000,10100,1600,5500
410.0,8.81,149900,1323702.0,8.81,8.8,8.79,8.78,8.77,8.76,8.75,8.73,8.72,8.71,8.82,8.84,8.85,8.86,8.88,8.9,8.91,8.92,8.95,8.98,2000,18200,5100,9600,2100,8500,11400,4100,1400,500,3900,300,500,200,500,700,5000,10100,1600,5500
411.0,8.81,149900,1323702.0,8.81,8.8,8.79,8.78,8.77,8.76,8.75,8.73,8.72,8.71,8.82,8.84,8.85,8.86,8.88,8.9,8.91,8.92,8.95,8.98,1800,18200,5100,9600,2100,8500,11400,4100,1400,500,3900,300,500,200,500,700,5000,10100,1600,5500
412.0,8.81,149900,1323702.0,8.81,8.8,8.79,8.78,8.77,8.76,8.75,8.73,8.72,8.71,8.82,8.84,8.85,8.86,8.88,8.9,8.91,8.92,8.95,8.98,1800,18200,5100,9600,2100,8500,11400,4100,1400,500,3900,300,500,200,500,700,5000,10100,1600,5500
413.0,8.81,149900,1323702.0,8.81,8.8,8.79,8.78,8.77,8.76,8.75,8.73,8.72,8.71,8.82,8.84,8.85,8.86,8.88,8.9,8.91,8.92,8.95,8.98,1800,18200,5100,9600,2100,8500,11400,4100,1400,500,3900,300,500,200,500,700,5000,10100,1600,5500
414.0,8.81,149900,1323702.0,8.81,8.8,8.79,8.78,8.77,8.76,8.75,8.73,8.72,8.71,8.82,8.84,8.85,8.86,8.88,8.9,8.91,8.92,8.95,8.98,1800,18200,5100,9600,2100,8500,11400,4100,1400,500,3900,300,500,200,500,700,5000,10100,1600,5500
415.0,8.81,149900,1323702.0,8.81,8.8,8.79,8.78,8.77,8.76,8.75,8.73,8.72,8.71,8.82,8.84,8.85,8.86,8.88,8.9,8.91,8.92,8.95,8.98,1800,18200,5100,9600,2100,8500,11400,4100,1400,500,3900,300,500,200,500,700,5000,10100,1600,5500
416.0,8.81,149900,1323702.0,8.81,8.8,8.79,8.78,8.77,8.76,8.75,8.73,8.72,8.71,8.82,8.84,8.85,8.86,8.88,8.9,8.91,8.92,8.95,8.98,1800,18200,5100,9600,2100,8500,11400,4100,1400,500,3900,300,500,200,500,700,5000,10100,1600,5500
417.0,8.81,149900,1323702.0,8.81,8.8,8.79,8.78,8.77,8.76,8.75,8.73,8.72,8.71,8.82,8.84,8.85,8.86,8.88,8.9,8.91,8.92,8.95,8.98,1900,18200,5100,9600,2100,8500,11400,4100,1400,500,3900,300,500,200,500,700,5000,10100,1600,5500
418.0,8.82,150300,1327230.0,8.81,8.8,8.79,8.78,8.77,8.76,8.75,8.73,8.72,8.71,8.82,8.84,8.85,8.86,8.88,8.9,8.91,8.92,8.95,8.98,1900,18200,5100,9600,2100,8500,11400,4100,1400,500,3500,300,500,200,500,700,5000,10100,1600,5500
419.0,8.82,151600,1338696.0,8.81,8.8,8.79,8.78,8.77,8.76,8.75,8.73,8.72,8.71,8.82,8.84,8.85,8.86,8.88,8.9,8.91,8.92,8.95,8.98,1400,18200,5100,9600,2100,8500,11400,4100,1400,500,2200,300,500,200,500,700,5000,10100,1600,5500
420.0,8.82,151700,1339578.0,8.81,8.8,8.79,8.78,8.77,8.76,8.75,8.73,8.72,8.71,8.82,8.84,8.85,8.86,8.88,8.9,8.91,8.92,8.95,8.98,1400,18200,5100,9600,2100,8500,11400,4100,1400,500,2100,300,500,200,500,700,5000,10100,1600,5500
421.0,8.82,152200,1343988.0,8.81,8.8,8.79,8.78,8.77,8.76,8.75,8.73,8.72,8.71,8.82,8.84,8.85,8.86,8.88,8.9,8.91,8.92,8.95,8.98,1400,18200,5100,9600,2100,8500,11400,4100,1400,500,1600,300,500,200,500,700,5000,10100,1600,5500
422.0,8.82,152200,1343988.0,8.81,8.8,8.79,8.78,8.77,8.76,8.75,8.73,8.72,8.71,8.82,8.84,8.85,8.86,8.88,8.9,8.91,8.92,8.95,8.98,1500,18200,5100,9600,2100,8500,11400,4100,1400,500,1600,300,500,200,500,700,5000,10100,1600,5500
423.0,8.82,152200,1343988.0,8.81,8.8,8.79,8.78,8.77,8.76,8.75,8.73,8.72,8.71,8.82,8.84,8.85,8.86,8.88,8.9,8.91,8.92,8.95,8.98,1500,18200,5100,9600,2100,8500,11400,4100,1400,500,1600,300,500,200,500,700,5000,10100,1600,5500
424.0,8.82,152200,1343988.0,8.81,8.8,8.79,8.78,8.77,8.76,8.75,8.73,8.72,8.71,8.82,8.84,8.85,8.86,8.88,8.9,8.91,8.92,8.95,8.98,1500,18200,5100,9600,2100,8500,11400,4100,1400,500,1600,300,500,200,500,700,5000,10100,1600,5500
425.0,8.82,152200,1343988.0,8.81,8.8,8.79,8.78,8.77,8.76,8.75,8.73,8.72,8.71,8.82,8.84,8.85,8.86,8.88,8.9,8.91,8.92,8.95,8.98,1400,18200,5100,9600,2100,8500,11400,4100,1400,500,1600,300,500,200,500,700,5000,10100,1600,5500
426.0,8.82,152200,1343988.0,8.81,8.8,8.79,8.78,8.77,8.76,8.75,8.73,8.72,8.71,8.82,8.84,8.85,8.86,8.88,8.9,8.91,8.92,8.95,8.98,1400,18200,5100,9600,2100,8500,11400,4100,1400,500,1600,300,500,200,500,700,5000,10100,1600,5500
427.0,8.82,152300,1344870.0,8.81,8.8,8.79,8.78,8.77,8.76,8.75,8.73,8.72,8.71,8.82,8.84,8.85,8.86,8.88,8.9,8.91,8.92,8.95,8.98,1400,18200,5100,9600,2100,8500,11400,4100,1400,500,1500,300,500,200,500,700,5000,10100,1600,5500
428.0,8.82,152300,1344870.0,8.81,8.8,8.79,8.78,8.77,8.76,8.75,8.73,8.72,8.71,8.82,8.84,8.85,8.86,8.88,8.9,8.91,8.92,8.95,8.98,1400,18200,5100,9600,2100,8500,11400,4100,1400,500,1500,300,500,200,500,700,5000,10100,1600,5500
429.0,8.82,152300,1344870.0,8.81,8.8,8.79,8.78,8.77,8.76,8.75,8.73,8.72,8.71,8.82,8.84,8.85,8.86,8.88,8.9,8.91,8.92,8.95,8.98,1500,18200,5100,9600,2100,9000,11400,4100,1400,500,1500,300,500,200,500,700,5000,10100,1600,5500
430.0,8.82,152300,1344870.0,8.81,8.8,8.79,8.78,8.77,8.76,8.75,8.73,8.72,8.71,8.82,8.84,8.85,8.86,8.88,8.9,8.91,8.92,8.95,8.98,1500,18200,5100,9600,2100,9000,11400,4100,1400,500,1500,300,500,200,500,700,5000,10100,1600,5500
431.0,8.82,152300,1344870.0,8.81,8.8,8.79,8.78,8.77,8.76,8.75,8.73,8.72,8.71,8.82,8.84,8.85,8.86,8.88,8.9,8.91,8.92,8.95,8.98,1500,18200,5100,9600,2100,9000,11400,4100,1400,500,1500,300,500,200,500,700,5000,10100,1600,5500
432.0,8.82,152300,1344870.0,8.81,8.8,8.79,8.78,8.77,8.76,8.75,8.73,8.72,8.71,8.82,8.84,8.85,8.86,8.88,8.9,8.91,8.92,8.95,8.98,1500,18200,5100,9600,2100,9000,11400,4100,1400,500,1500,400,500,200,500,700,5000,10100,1600,5500
433.0,8.81,153200,1352799.0,8.81,8.8,8.79,8.78,8.77,8.76,8.75,8.73,8.72,8.71,8.82,8.84,8.85,8.86,8.88,8.9,8.91,8.92,8.95,8.98,1200,18200,5100,9600,2100,9000,11400,4100,1400,500,14200,400,500,200,500,700,5000,10100,1600,5500
434.0,8.81,154500,1364252.0,8.8,8.79,8.78,8.77,8.76,8.75,8.73,8.72,8.71,8.7,8.81,8.82,8.84,8.85,8.86,8.88,8.9,8.91,8.92,8.95,18200,5100,9600,2100,9000,11400,4100,1400,500,4500,2000,14200,400,500,200,500,700,5000,10100,1600
435.0,8.81,154500,1364252.0,8.8,8.79,8.78,8.77,8.76,8.75,8.73,8.72,8.71,8.7,8.81,8.82,8.84,8.85,8.86,8.88,8.9,8.91,8.92,8.95,18200,5100,9600,2100,9000,11400,4100,1400,500,4500,2000,13600,400,500,200,500,700,5000,10100,1600
436.0,8.81,155900,1376586.0,8.8,8.79,8.78,8.77,8.76,8.75,8.73,8.72,8.71,8.7,8.81,8.82,8.84,8.85,8.86,8.88,8.9,8.91,8.92,8.95,18200,5100,9600,2100,9000,11400,4100,1400,500,4500,900,13600,400,500,200,500,700,5000,10100,1600
437.0,8.8,156700,1383633.0,8.8,8.79,8.78,8.77,8.76,8.75,8.73,8.72,8.71,8.7,8.81,8.82,8.84,8.85,8.86,8.88,8.9,8.91,8.92,8.95,18100,5100,9600,2100,9000,11400,4100,1400,500,4500,200,13600,400,500,200,500,700,5000,10100,1600
438.0,8.8,156700,1383633.0,8.8,8.79,8.78,8.77,8.76,8.75,8.73,8.72,8.71,8.7,8.81,8.82,8.84,8.85,8.86,8.88,8.9,8.91,8.92,8.95,18100,5100,9600,2100,9000,11400,4100,1400,500,4500,200,13600,400,500,200,500,700,5000,10100,1600
439.0,8.8,156700,1383633.0,8.8,8.79,8.78,8.77,8.76,8.75,8.73,8.72,8.71,8.7,8.81,8.82,8.84,8.85,8.86,8.88,8.9,8.91,8.92,8.95,18100,5100,9600,2100,9000,11400,4100,1400,500,4500,200,13600,400,500,200,500,700,5000,10100,1600
440.0,8.8,156700,1383633.0,8.8,8.79,8.78,8.77,8.76,8.75,8.73,8.72,8.71,8.7,8.81,8.82,8.84,8.85,8.86,8.88,8.9,8.91,8.92,8.95,18100,5100,9600,2100,9000,11400,4100,1400,500,4500,200,13600,400,500,200,500,700,5000,10100,1600
441.0,8.8,156700,1383633.0,8.8,8.79,8.78,8.77,8.76,8.75,8.73,8.72,8.71,8.7,8.81,8.82,8.84,8.85,8.86,8.88,8.9,8.91,8.92,8.95,18100,5100,9600,2100,9000,10200,4100,1400,500,4500,200,13600,400,500,200,500,700,5000,10100,1600
442.0,8.8,156700,1383633.0,8.8,8.79,8.78,8.77,8.76,8.75,8.73,8.72,8.71,8.7,8.81,8.82,8.84,8.85,8.86,8.88,8.9,8.91,8.92,8.95,18100,5100,9600,2100,9000,10200,4100,1400,500,4500,200,13600,400,500,200,500,700,5000,10100,1600
443.0,8.8,156700,1383633.0,8.8,8.79,8.78,8.77,8.76,8.75,8.73,8.72,8.71,8.7,8.81,8.82,8.84,8.85,8.88,8.9,8.91,8.92,8.95,8.98,18100,5100,9600,2100,9000,10200,4100,1400,500,4500,200,13600,400,500,500,700,5000,10100,1600,5500
444.0,8.8,156700,1383633.0,8.8,8.79,8.78,8.77,8.76,8.75,8.73,8.72,8.71,8.7,8.81,8.82,8.84,8.85,8.88,8.9,8.91,8.92,8.95,8.98,18100,5100,9600,2100,9000,10200,4100,1400,500,4500,200,13600,400,500,500,700,5000,10100,1600,5500
445.0,8.8,156700,1383633.0,8.8,8.79,8.78,8.77,8.76,8.75,8.73,8.72,8.71,8.7,8.81,8.82,8.84,8.85,8.88,8.9,8.91,8.92,8.95,8.98,18100,5100,9600,2100,9000,10200,4100,1400,500,4500,200,13600,400,500,500,700,5000,10100,1600,5500
446.0,8.8,156700,1383633.0,8.8,8.79,8.78,8.77,8.76,8.75,8.73,8.72,8.71,8.7,8.81,8.82,8.84,8.85,8.88,8.9,8.91,8.92,8.95,8.98,18100,5100,9600,2100,9000,10200,4100,1400,500,4500,200,13600,400,500,500,700,5000,10100,1600,5500
447.0,8.8,156700,1383633.0,8.8,8.79,8.78,8.77,8.76,8.75,8.73,8.72,8.71,8.7,8.81,8.82,8.84,8.85,8.88,8.9,8.91,8.92,8.95,8.98,18100,5100,9600,2100,9000,10200,4100,1400,500,4500,200,13600,400,500,500,700,5000,10100,1600,5500
448.0,8.8,156700,1383633.0,8.8,8.79,8.78,8.77,8.76,8.75,8.73,8.72,8.71,8.7,8.81,8.82,8.84,8.85,8.88,8.9,8.91,8.92,8.95,8.98,18100,5100,9600,2100,9000,10200,4100,1400,500,4500,200,13600,400,500,500,700,5000,10100,1600,5500
449.0,8.81,157300,1388919.0,8.81,8.8,8.79,8.78,8.77,8.76,8.75,8.73,8.72,8.71,8.82,8.84,8.85,8.88,8.9,8.91,8.92,8.95,8.98,8.99,500,18100,5100,9600,2100,9000,10200,4100,1400,500,13800,400,500,500,700,5000,10100,1600,5500,2200
450.0,8.81,157300,1388919.0,8.81,8.8,8.79,8.78,8.77,8.76,8.75,8.73,8.72,8.71,8.82,8.84,8.85,8.88,8.9,8.91,8.92,8.95,8.98,8.99,500,18100,5100,9600,2100,9000,10200,4100,1400,500,13800,400,500,500,700,5000,10100,1600,5500,2200
451.0,8.81,157400,1389800.0,8.81,8.8,8.79,8.78,8.77,8.76,8.75,8.73,8.72,8.71,8.82,8.84,8.85,8.88,8.9,8.91,8.92,8.95,8.98,8.99,400,18100,5100,9600,2100,9000,10200,4100,1400,500,13900,400,500,500,700,5000,10100,1600,5500,2200
