LocalTime,LastPrice,TradeVolume,TradeValue,BidPrice1,BidPrice2,BidPrice3,BidPrice4,BidPrice5,BidPrice6,BidPrice7,BidPrice8,BidPrice9,BidPriceA,AskPrice1,AskPrice2,AskPrice3,AskPrice4,AskPrice5,AskPrice6,AskPrice7,AskPrice8,AskPrice9,AskPriceA,BidVolume1,BidVolume2,BidVolume3,BidVolume4,BidVolume5,BidVolume6,BidVolume7,BidVolume8,BidVolume9,BidVolumeA,AskVolume1,AskVolume2,AskVolume3,AskVolume4,AskVolume5,AskVolume6,AskVolume7,AskVolume8,AskVolume9,AskVolumeA
0.0,14.21,7200,102312.0,14.2,14.17,14.15,14.14,14.13,14.12,14.11,14.1,14.08,14.07,14.21,14.24,14.25,14.27,14.32,14.33,14.34,14.35,14.36,14.37,2800,1000,2100,3000,1000,100,1100,300,900,1000,2500,100,700,3500,1700,2000,300,1600,200,1000
1.0,14.21,7700,109417.0,14.2,14.17,14.15,14.14,14.13,14.12,14.11,14.1,14.08,14.07,14.21,14.24,14.25,14.27,14.32,14.33,14.34,14.35,14.36,14.37,2800,1000,2100,3500,3600,1100,1100,700,900,1000,2000,100,700,3500,1700,2000,300,1600,200,1000
2.0,14.21,8700,123627.0,14.2,14.17,14.15,14.14,14.13,14.12,14.11,14.1,14.08,14.07,14.21,14.24,14.25,14.27,14.32,14.34,14.35,14.36,14.37,14.39,2800,1000,2100,3500,3600,1100,1100,1100,900,1000,1000,100,700,3500,1700,300,1600,200,1000,4500
3.0,14.21,9600,136416.0,14.2,14.17,14.15,14.14,14.13,14.12,14.11,14.1,14.08,14.07,14.21,14.24,14.25,14.27,14.31,14.32,14.34,14.35,14.36,14.37,2800,1000,2100,3500,3600,3100,1100,1100,900,1000,100,100,20000,3500,500,1700,300,1600,200,1000
4.0,14.21,9700,137837.0,14.2,14.17,14.15,14.14,14.13,14.12,14.11,14.1,14.08,14.07,14.24,14.25,14.27,14.31,14.32,14.34,14.35,14.36,14.37,14.39,2800,1000,2100,3500,3600,3100,1100,1100,900,1000,100,20000,3500,500,1700,300,1600,200,1000,4500
5.0,14.2,10700,152037.0,14.2,14.17,14.15,14.14,14.13,14.12,14.11,14.1,14.08,14.07,14.24,14.25,14.26,14.27,14.31,14.32,14.34,14.35,14.36,14.37,1800,1000,2100,3500,3600,3100,1100,1100,900,1000,100,20000,1000,3500,500,2700,300,1600,200,1000
6.0,14.2,10700,152037.0,14.21,14.2,14.17,14.15,14.14,14.13,14.12,14.11,14.1,14.08,14.24,14.25,14.26,14.27,14.29,14.3,14.31,14.32,14.34,14.35,400,1800,1000,2100,3500,3600,3100,1100,1100,900,100,20600,1000,3500,2000,100,500,2700,300,1600
7.0,14.2,11900,169081.0,14.2,14.17,14.15,14.14,14.13,14.12,14.11,14.1,14.08,14.07,14.23,14.24,14.25,14.26,14.27,14.29,14.3,14.31,14.32,14.34,1100,1000,2100,3500,3600,3100,1100,1100,900,1000,1100,100,20600,1000,3500,2000,100,500,12700,300
8.0,14.2,12300,174761.0,14.2,14.17,14.15,14.14,14.13,14.12,14.11,14.1,14.08,14.07,14.23,14.24,14.25,14.26,14.27,14.29,14.3,14.31,14.32,14.34,900,1000,2300,3500,3600,3100,1100,1100,900,1000,1100,100,25700,1000,3500,2000,100,500,12700,300
9.0,14.2,12900,183293.0,14.2,14.17,14.15,14.14,14.13,14.12,14.11,14.1,14.08,14.07,14.23,14.24,14.25,14.26,14.27,14.29,14.3,14.31,14.32,14.34,700,1000,2300,3500,3600,3100,1100,1100,900,1000,700,100,25700,1000,3500,2400,100,500,12700,300
10.0,14.2,13200,187555.0,14.2,14.17,14.16,14.15,14.14,14.13,14.12,14.11,14.1,14.08,14.22,14.23,14.24,14.25,14.26,14.27,14.29,14.3,14.31,14.32,600,1000,400,2300,3500,3800,3100,1100,1100,900,15300,400,100,25700,1000,3500,2400,100,500,12700
11.0,14.19,14000,198913.0,14.17,14.16,14.15,14.14,14.13,14.12,14.11,14.1,14.08,14.07,14.2,14.21,14.22,14.23,14.24,14.25,14.26,14.27,14.29,14.3,1000,400,2300,3500,3800,3100,1100,1100,900,1000,500,400,15300,500,100,25700,1000,3500,2400,100
12.0,14.19,14000,198913.0,14.17,14.16,14.15,14.14,14.13,14.12,14.11,14.1,14.08,14.07,14.19,14.2,14.21,14.23,14.24,14.25,14.26,14.27,14.29,14.3,1500,400,2300,3500,3800,3100,1100,1100,900,1000,500,2700,400,500,100,25700,1000,3500,2400,100
13.0,14.17,15600,221617.0,14.17,14.16,14.15,14.14,14.13,14.12,14.11,14.1,14.08,14.07,14.21,14.23,14.24,14.25,14.26,14.27,14.29,14.3,14.31,14.32,1200,400,2300,3500,3800,3100,1100,1100,900,1000,400,600,100,25700,1000,3500,2400,100,500,12700
14.0,14.17,15800,224451.0,14.17,14.16,14.15,14.14,14.13,14.12,14.11,14.1,14.08,14.07,14.21,14.23,14.24,14.25,14.26,14.27,14.29,14.3,14.31,14.32,1000,400,2300,3500,3800,3100,1100,1100,900,1000,400,700,100,25700,1000,3500,2400,100,500,12700
15.0,14.17,15800,224451.0,14.2,14.17,14.16,14.15,14.14,14.13,14.12,14.11,14.1,14.08,14.21,14.23,14.24,14.25,14.26,14.27,14.29,14.3,14.31,14.32,300,1100,400,5800,3500,3800,3100,1100,1100,900,400,700,100,25700,1000,3500,2400,100,500,12700
16.0,14.2,16000,227291.0,14.2,14.17,14.16,14.15,14.14,14.13,14.12,14.11,14.1,14.08,14.21,14.22,14.23,14.24,14.25,14.26,14.27,14.29,14.3,14.31,100,1100,400,5800,3500,3800,3100,1100,1100,900,400,4200,700,100,25700,1000,3500,2400,100,500
17.0,14.2,16100,228711.0,14.17,14.16,14.15,14.14,14.13,14.12,14.11,14.1,14.08,14.07,14.19,14.2,14.21,14.22,14.23,14.24,14.25,14.26,14.27,14.29,1100,400,5800,3500,3800,1100,1100,1100,900,1000,100,4000,400,4200,700,100,25700,1000,3500,2400
18.0,14.2,16100,228711.0,14.17,14.16,14.15,14.14,14.13,14.12,14.11,14.1,14.08,14.07,14.19,14.2,14.21,14.22,14.23,14.24,14.25,14.26,14.27,14.29,1200,400,5800,3500,3800,1100,1100,1100,900,1000,100,4200,400,4200,700,100,25700,1000,3500,2400
19.0,14.2,16100,228711.0,14.17,14.16,14.15,14.14,14.13,14.12,14.11,14.1,14.08,14.07,14.19,14.2,14.21,14.22,14.23,14.24,14.25,14.26,14.27,14.29,1200,400,5800,3500,3800,1100,1100,1100,900,1000,100,4200,400,4200,700,100,25700,1000,3500,2400
20.0,14.2,19000,269867.0,14.17,14.16,14.15,14.14,14.13,14.12,14.11,14.1,14.08,14.07,14.2,14.21,14.22,14.23,14.24,14.25,14.26,14.27,14.29,14.3,500,400,5800,3500,3800,1100,1100,1100,900,1000,2300,400,4200,600,100,25700,1000,3500,2400,100
21.0,14.2,19000,269867.0,14.18,14.17,14.16,14.15,14.14,14.13,14.12,14.11,14.1,14.08,14.2,14.21,14.22,14.23,14.24,14.25,14.26,14.27,14.29,14.3,200,500,400,5800,3500,3800,1100,1100,1100,900,2300,400,4200,600,100,25700,1000,3500,2400,100
22.0,14.2,19100,271287.0,14.18,14.17,14.16,14.15,14.14,14.13,14.12,14.11,14.1,14.08,14.2,14.21,14.22,14.23,14.24,14.25,14.26,14.27,14.29,14.3,400,500,400,5800,3500,3800,1100,1100,1100,900,2200,400,4200,600,100,25700,1000,3500,2400,100
23.0,14.2,19100,271287.0,14.18,14.17,14.16,14.15,14.14,14.13,14.12,14.11,14.1,14.08,14.2,14.21,14.22,14.23,14.24,14.25,14.26,14.27,14.29,14.3,500,1300,400,5800,3500,3800,1100,1100,1100,900,1600,400,4200,600,100,25700,1000,3500,2400,100
24.0,14.2,19100,271287.0,14.18,14.17,14.16,14.15,14.14,14.13,14.12,14.11,14.1,14.08,14.2,14.21,14.22,14.23,14.24,14.25,14.26,14.27,14.29,14.3,500,1300,400,5800,3500,3800,1100,1100,1100,900,1600,400,4200,600,100,25700,1000,3500,2400,100
25.0,14.18,19400,275541.0,14.18,14.17,14.16,14.15,14.14,14.13,14.12,14.11,14.1,14.08,14.21,14.22,14.23,14.24,14.25,14.26,14.27,14.29,14.3,14.31,200,1300,400,5800,3500,3800,1100,1100,1100,900,400,4200,500,100,25700,1000,3500,2400,100,500
26.0,14.18,19400,275541.0,14.18,14.17,14.16,14.15,14.14,14.13,14.12,14.11,14.1,14.08,14.2,14.21,14.22,14.23,14.24,14.25,14.26,14.27,14.29,14.3,200,1300,400,5800,3500,3800,1100,1100,1100,900,200,400,4200,500,100,25700,1000,3500,2400,100
27.0,14.18,19400,275541.0,14.18,14.17,14.16,14.15,14.14,14.13,14.12,14.11,14.1,14.08,14.2,14.21,14.22,14.23,14.24,14.25,14.26,14.27,14.29,14.3,300,1200,400,5800,3500,3800,1100,1100,1100,900,200,400,4200,500,100,25700,1000,3500,2400,100
28.0,14.2,19500,276961.0,14.18,14.17,14.16,14.15,14.14,14.13,14.12,14.11,14.1,14.08,14.2,14.21,14.22,14.23,14.24,14.25,14.26,14.27,14.29,14.3,1900,1200,2400,5800,3500,3800,1100,1100,1100,900,100,400,4200,500,100,25700,1000,3500,2400,100
29.0,14.2,19500,276961.0,14.18,14.17,14.16,14.15,14.14,14.13,14.12,14.11,14.1,14.08,14.2,14.21,14.22,14.23,14.24,14.25,14.26,14.27,14.29,14.3,1900,1200,2400,5800,3500,3800,1100,1100,1100,900,100,400,4200,400,100,25700,1000,3500,2400,100
30.0,14.2,19500,276961.0,14.18,14.17,14.16,14.15,14.14,14.13,14.12,14.11,14.1,14.08,14.2,14.21,14.22,14.23,14.24,14.25,14.26,14.27,14.29,14.3,1900,1200,2400,5800,3500,3800,1100,1100,1100,900,100,400,4200,400,100,25700,1000,3500,2400,100
31.0,14.19,19600,278380.0,14.18,14.17,14.16,14.15,14.14,14.13,14.12,14.11,14.1,14.08,14.2,14.21,14.22,14.23,14.24,14.25,14.26,14.27,14.29,14.3,1900,1200,2400,5800,3500,3800,1100,1100,1100,900,100,400,4200,400,100,25700,1000,3500,2400,100
32.0,14.19,19600,278380.0,14.18,14.17,14.16,14.15,14.14,14.13,14.12,14.11,14.1,14.08,14.2,14.21,14.22,14.23,14.24,14.25,14.26,14.27,14.29,14.3,1900,1200,2400,5800,3500,3800,1100,1100,1100,900,200,400,4200,400,100,25700,1000,3500,2400,100
33.0,14.19,19600,278380.0,14.18,14.17,14.16,14.15,14.14,14.13,14.12,14.11,14.1,14.08,14.2,14.21,14.22,14.23,14.24,14.25,14.26,14.27,14.29,14.3,2900,1200,7600,5800,3500,3800,1100,1100,1100,900,200,400,4200,400,100,25700,1000,3500,2400,100
34.0,14.18,20800,295396.0,14.18,14.17,14.16,14.15,14.14,14.13,14.12,14.11,14.1,14.08,14.2,14.21,14.22,14.23,14.24,14.25,14.26,14.27,14.29,14.3,1700,1200,7600,5800,3500,3800,1100,1100,1100,900,100,400,4200,400,100,25700,1000,3500,2400,100
35.0,14.18,20800,295396.0,14.19,14.18,14.17,14.16,14.15,14.14,14.13,14.12,14.11,14.1,14.2,14.21,14.22,14.23,14.24,14.25,14.26,14.27,14.29,14.3,700,1700,1200,7600,5800,3500,3800,1100,1100,1100,100,400,4200,400,100,25700,1000,3500,2400,100
36.0,14.18,20800,295396.0,14.19,14.18,14.17,14.16,14.15,14.14,14.13,14.12,14.11,14.1,14.2,14.21,14.22,14.23,14.24,14.25,14.26,14.27,14.29,14.3,700,1700,1200,7600,5800,3500,3800,1100,1100,1100,100,400,4200,400,100,25700,1000,3500,2400,100
37.0,14.18,20800,295396.0,14.19,14.18,14.17,14.16,14.15,14.14,14.13,14.12,14.11,14.1,14.2,14.21,14.22,14.23,14.24,14.25,14.26,14.27,14.29,14.3,700,1700,1200,15600,5800,3500,3800,1100,1100,1100,100,400,4200,400,100,25700,1000,3500,2400,100
38.0,14.19,23800,337989.0,14.18,14.17,14.16,14.15,14.14,14.13,14.12,14.11,14.1,14.08,14.2,14.21,14.22,14.23,14.24,14.25,14.26,14.27,14.29,14.3,1700,1200,15600,5800,3500,3800,1100,1100,1100,900,900,400,4200,400,100,25700,1000,3500,2400,100
39.0,14.19,23800,337989.0,14.18,14.17,14.16,14.15,14.14,14.13,14.12,14.11,14.1,14.08,14.21,14.22,14.23,14.24,14.25,14.26,14.27,14.29,14.3,14.31,1700,1200,15600,5800,3500,3800,1100,1100,1100,900,400,4200,400,100,25700,1000,3500,2400,100,500
40.0,14.19,23800,337989.0,14.19,14.18,14.17,14.16,14.15,14.14,14.13,14.12,14.11,14.1,14.21,14.22,14.23,14.24,14.25,14.26,14.27,14.29,14.3,14.31,100,1700,1200,15600,5800,3500,3800,1100,1100,1100,400,4200,400,100,25700,1000,3500,2400,100,500
41.0,14.19,23800,337989.0,14.19,14.18,14.17,14.16,14.15,14.14,14.13,14.12,14.11,14.1,14.21,14.22,14.24,14.25,14.26,14.27,14.29,14.3,14.31,14.32,100,1700,1200,15600,5800,13800,3800,1100,1100,1100,400,4200,100,25700,1000,3500,2400,100,500,12700
42.0,14.19,23800,337989.0,14.19,14.18,14.17,14.16,14.15,14.14,14.13,14.12,14.11,14.1,14.21,14.22,14.24,14.25,14.26,14.27,14.29,14.3,14.31,14.32,100,1700,1200,15600,5800,13800,3800,1100,1100,1100,400,4200,100,25700,1000,3500,2400,100,500,12700
43.0,14.19,23800,337989.0,14.19,14.18,14.17,14.16,14.15,14.14,14.13,14.12,14.11,14.1,14.21,14.22,14.24,14.25,14.26,14.27,14.29,14.3,14.31,14.32,100,1700,1200,15600,5800,13800,3800,1100,1100,1100,400,4200,100,25700,1000,3500,2400,100,500,12700
44.0,14.21,23900,339410.0,14.19,14.18,14.17,14.16,14.15,14.14,14.13,14.12,14.11,14.1,14.21,14.22,14.24,14.25,14.26,14.27,14.29,14.3,14.31,14.32,1100,1700,1200,15600,5800,13800,3800,1100,1100,1100,300,4200,100,25700,1000,3500,2400,100,500,12700
45.0,14.22,24500,347939.0,14.2,14.19,14.18,14.17,14.16,14.15,14.14,14.13,14.12,14.11,14.22,14.24,14.25,14.26,14.27,14.29,14.3,14.31,14.32,14.34,900,1100,1700,1200,15600,5800,13800,3800,1100,1100,3900,100,25700,1000,3500,2400,100,500,12700,300
46.0,14.22,24500,347939.0,14.2,14.19,14.18,14.17,14.16,14.15,14.14,14.13,14.12,14.11,14.22,14.24,14.25,14.26,14.27,14.29,14.3,14.31,14.32,14.34,900,1100,1700,1200,15600,5800,13800,3800,1100,1100,3900,100,25700,1000,3500,3300,100,500,12700,300
47.0,14.22,24800,352205.0,14.2,14.19,14.18,14.17,14.16,14.15,14.14,14.13,14.12,14.11,14.22,14.24,14.25,14.26,14.27,14.29,14.3,14.31,14.32,14.34,900,1100,1700,1200,15600,5800,13800,3800,1100,1100,3600,100,25700,1000,3500,3300,100,500,12700,300
48.0,14.22,25100,356471.0,14.2,14.19,14.18,14.17,14.16,14.15,14.14,14.13,14.12,14.11,14.22,14.24,14.25,14.26,14.27,14.29,14.3,14.31,14.32,14.34,900,1100,1700,1200,15600,5800,13800,3800,1100,1100,3300,100,25700,1000,3500,3300,100,500,12700,300
49.0,14.22,25500,362159.0,14.2,14.19,14.18,14.17,14.16,14.15,14.14,14.13,14.12,14.11,14.22,14.24,14.25,14.26,14.27,14.29,14.3,14.31,14.32,14.34,900,1100,1700,1200,15600,5800,13800,3800,1100,1100,2900,100,25700,1000,3500,3300,100,500,12700,300
50.0,14.22,25500,362159.0,14.2,14.19,14.18,14.17,14.16,14.15,14.14,14.13,14.12,14.11,14.22,14.24,14.25,14.26,14.27,14.29,14.3,14.31,14.32,14.34,900,1100,1700,1200,15600,5800,13800,3800,1100,1100,2900,100,25700,1000,3500,3300,100,500,12700,300
51.0,14.22,25700,365003.0,14.2,14.19,14.18,14.17,14.16,14.15,14.14,14.13,14.12,14.11,14.22,14.24,14.25,14.26,14.27,14.29,14.3,14.31,14.32,14.34,900,1000,1700,1200,15600,5800,13800,3800,1100,1100,2700,100,25700,1000,3500,3300,100,500,12700,300
52.0,14.22,25700,365003.0,14.21,14.2,14.19,14.18,14.17,14.16,14.15,14.14,14.13,14.12,14.22,14.24,14.25,14.26,14.27,14.29,14.3,14.31,14.32,14.34,700,1000,1000,1700,1200,15600,5800,13800,3800,1100,2700,100,25700,1000,3500,3300,100,500,12700,300
53.0,14.21,26200,372108.0,14.21,14.2,14.19,14.18,14.17,14.16,14.15,14.14,14.13,14.12,14.22,14.24,14.25,14.26,14.27,14.29,14.3,14.31,14.32,14.34,200,1000,1000,1700,1100,15600,5800,13800,3800,1100,2700,100,25700,1000,3500,3300,100,500,12700,300
54.0,14.22,26600,377796.0,14.21,14.2,14.19,14.18,14.17,14.16,14.15,14.14,14.13,14.12,14.22,14.24,14.25,14.26,14.27,14.29,14.3,14.31,14.32,14.34,200,1000,1000,1700,1100,15600,5800,13800,3800,1100,2300,100,25700,1000,3500,3300,100,500,12700,300
55.0,14.22,27000,383484.0,14.21,14.2,14.19,14.18,14.17,14.16,14.15,14.14,14.13,14.12,14.22,14.24,14.25,14.26,14.27,14.29,14.3,14.31,14.32,14.34,200,1000,1000,1700,1100,15600,5800,14500,3800,1100,1900,100,25700,1000,3500,3300,100,500,12700,300
56.0,14.22,27000,383484.0,14.21,14.2,14.19,14.18,14.17,14.16,14.15,14.14,14.13,14.12,14.22,14.24,14.25,14.26,14.27,14.29,14.3,14.31,14.32,14.34,200,1000,1100,1700,1100,15600,5800,14500,3800,1100,1900,100,25700,1000,3500,3300,100,500,12700,300
57.0,14.22,27100,384906.0,14.21,14.2,14.19,14.18,14.17,14.16,14.15,14.14,14.13,14.12,14.22,14.24,14.25,14.26,14.27,14.29,14.3,14.31,14.32,14.34,200,1000,1100,1700,1100,15600,5800,14500,3800,1100,1800,100,25700,1000,3500,3300,100,500,12700,300
58.0,14.22,27100,384906.0,14.21,14.2,14.19,14.18,14.17,14.16,14.15,14.14,14.13,14.12,14.22,14.24,14.25,14.26,14.27,14.29,14.3,14.31,14.32,14.34,200,1000,1100,1700,1100,15600,5800,14500,3800,1100,1800,100,25700,1000,3500,3300,100,500,12700,300
59.0,14.22,27100,384906.0,14.21,14.2,14.19,14.18,14.17,14.16,14.15,14.14,14.13,14.12,14.22,14.24,14.25,14.26,14.27,14.29,14.3,14.31,14.32,14.34,200,1000,1100,1700,1100,15600,5800,14500,3800,1100,1800,100,25700,1000,3500,3300,100,500,12700,300
60.0,14.21,27400,389170.0,14.2,14.19,14.18,14.17,14.16,14.15,14.14,14.13,14.12,14.11,14.21,14.22,14.24,14.25,14.26,14.27,14.29,14.3,14.31,14.32,1000,1100,1700,1100,15600,5800,14500,3800,1100,1100,300,1700,100,25700,1000,3500,3300,100,500,12700
61.0,14.21,27400,389170.0,14.2,14.19,14.18,14.17,14.16,14.15,14.14,14.13,14.12,14.11,14.21,14.22,14.24,14.25,14.26,14.27,14.29,14.3,14.31,14.32,4000,1100,1700,1100,15600,5800,14500,3800,1100,1100,300,1700,100,25700,1000,3500,3300,100,500,12700
62.0,14.21,27400,389170.0,14.2,14.19,14.18,14.17,14.16,14.15,14.14,14.13,14.12,14.11,14.21,14.22,14.24,14.25,14.26,14.27,14.29,14.3,14.31,14.32,4000,1100,700,1100,15600,5800,14500,3800,1100,1100,300,1700,100,25700,1000,3500,3300,100,500,12700
63.0,14.21,27400,389170.0,14.2,14.19,14.18,14.17,14.16,14.15,14.14,14.13,14.12,14.11,14.21,14.22,14.24,14.25,14.26,14.27,14.29,14.3,14.31,14.32,4000,1100,700,1100,15600,5800,14500,3800,1100,1100,300,1700,100,25700,1000,3500,3300,100,500,12700
64.0,14.21,27400,389170.0,14.2,14.19,14.18,14.17,14.16,14.15,14.14,14.13,14.12,14.11,14.21,14.22,14.24,14.25,14.26,14.27,14.29,14.3,14.31,14.32,3800,1100,700,1100,15600,5800,14500,3800,1100,1100,300,1700,100,25700,1000,3500,3300,100,500,12700
65.0,14.21,27400,389170.0,14.2,14.19,14.18,14.17,14.16,14.15,14.14,14.13,14.12,14.11,14.21,14.22,14.24,14.25,14.26,14.27,14.29,14.3,14.31,14.32,3500,1100,700,1100,15600,5800,14500,3800,1100,1100,300,1700,100,25700,1000,3500,3300,100,500,12700
66.0,14.21,27400,389170.0,14.2,14.19,14.18,14.17,14.16,14.15,14.14,14.13,14.12,14.11,14.21,14.22,14.24,14.25,14.26,14.27,14.29,14.3,14.31,14.32,3500,1100,700,1100,12600,5800,14500,3800,1100,1100,300,1700,100,25700,1000,3500,3300,100,500,12700
67.0,14.2,28100,399110.0,14.2,14.19,14.18,14.17,14.16,14.15,14.14,14.13,14.12,14.11,14.21,14.22,14.24,14.25,14.26,14.27,14.29,14.3,14.31,14.32,2800,1100,700,1100,12600,5800,14500,3800,1100,1100,900,1700,100,25700,1000,3500,3300,100,500,12700
68.0,14.2,28100,399110.0,14.2,14.19,14.18,14.17,14.16,14.15,14.14,14.13,14.12,14.11,14.21,14.22,14.24,14.25,14.26,14.27,14.29,14.3,14.31,14.32,2800,1100,700,1100,12600,5800,14500,3800,1100,1100,900,1700,100,25700,1000,3500,3300,100,500,12700
69.0,14.21,31100,441713.0,14.2,14.19,14.18,14.17,14.16,14.15,14.14,14.13,14.12,14.11,14.21,14.22,14.24,14.25,14.26,14.27,14.29,14.3,14.31,14.32,100,1100,700,1100,12600,5800,14500,3800,1100,1100,2600,1700,100,25700,1000,3500,3300,100,500,12700
70.0,14.21,31100,441713.0,14.2,14.19,14.18,14.17,14.16,14.15,14.14,14.13,14.12,14.11,14.21,14.22,14.24,14.25,14.26,14.27,14.29,14.3,14.31,14.32,100,1100,700,1100,12600,5800,14500,3800,1100,1100,2600,1700,100,25700,1000,3500,3300,100,500,12700
71.0,14.2,31200,443133.0,14.19,14.18,14.17,14.16,14.15,14.14,14.13,14.12,14.11,14.1,14.2,14.21,14.22,14.24,14.25,14.26,14.27,14.29,14.3,14.31,1100,700,1100,12600,5800,14500,3800,1100,1100,1100,1400,2600,1700,100,25700,1000,3500,3300,100,500
72.0,14.2,31500,447393.0,14.19,14.18,14.17,14.16,14.15,14.14,14.13,14.12,14.11,14.1,14.2,14.21,14.22,14.24,14.25,14.26,14.27,14.29,14.3,14.31,1100,700,1100,12600,5800,14500,3800,1100,1100,1100,1100,2600,1700,300,25700,1000,3500,3300,100,500
73.0,14.2,31600,448813.0,14.19,14.18,14.17,14.16,14.15,14.14,14.13,14.12,14.11,14.1,14.2,14.21,14.22,14.24,14.25,14.26,14.27,14.29,14.3,14.31,1100,700,1100,12600,5800,14500,3800,1100,1100,1100,1000,2600,1700,300,25700,1000,3500,3300,100,500
74.0,14.2,31600,448813.0,14.19,14.18,14.17,14.16,14.15,14.14,14.13,14.12,14.11,14.1,14.2,14.21,14.22,14.24,14.25,14.26,14.27,14.29,14.3,14.31,1100,700,1100,12600,5800,14500,3800,1100,1100,1100,4400,2600,1700,300,25700,1000,3500,3300,100,500
75.0,14.2,31600,448813.0,14.19,14.18,14.17,14.16,14.15,14.14,14.13,14.12,14.11,14.1,14.2,14.21,14.22,14.24,14.25,14.26,14.27,14.29,14.3,14.31,1100,700,1100,12600,5800,14500,3800,1100,1100,1100,4400,2600,1700,300,25700,1000,3500,3300,100,500
76.0,14.2,32000,454493.0,14.19,14.18,14.17,14.16,14.15,14.14,14.13,14.12,14.11,14.1,14.2,14.21,14.22,14.24,14.25,14.26,14.27,14.29,14.3,14.31,1200,700,1100,12600,5800,14500,3800,1100,1100,1100,4000,2600,1700,300,25700,1000,3500,3300,100,500
77.0,14.2,32000,454493.0,14.19,14.18,14.17,14.16,14.15,14.14,14.13,14.12,14.11,14.1,14.2,14.21,14.22,14.24,14.25,14.26,14.27,14.29,14.3,14.31,1200,700,1100,12600,5800,14500,3800,1100,1100,1100,4000,2600,1700,500,25700,1000,3500,3300,100,500
78.0,14.19,32200,457331.0,14.19,14.18,14.17,14.16,14.15,14.14,14.13,14.12,14.11,14.1,14.2,14.21,14.22,14.24,14.25,14.26,14.27,14.29,14.3,14.31,1000,700,1100,12600,5800,14500,3800,1100,1100,1100,4000,2600,1700,500,25700,1000,3500,3300,100,500
79.0,14.19,32200,457331.0,14.19,14.18,14.17,14.16,14.15,14.14,14.13,14.12,14.11,14.1,14.2,14.21,14.22,14.24,14.25,14.26,14.27,14.29,14.3,14.31,1000,700,1100,12600,5800,14500,3800,1100,1100,1100,4000,2600,1700,500,25700,1000,3500,3300,100,500
80.0,14.2,32600,463011.0,14.19,14.18,14.17,14.16,14.15,14.14,14.13,14.12,14.11,14.1,14.2,14.21,14.22,14.24,14.25,14.26,14.27,14.29,14.3,14.31,1000,700,1100,12600,5800,14500,3800,1100,1100,1100,3600,2600,1700,500,25700,1000,4200,3300,100,500
81.0,14.2,32600,463011.0,14.19,14.18,14.17,14.16,14.15,14.14,14.13,14.12,14.11,14.1,14.2,14.21,14.22,14.24,14.25,14.26,14.27,14.29,14.3,14.31,1000,700,1100,12600,5800,14500,3800,1100,1100,1100,3600,2600,1700,500,25700,1000,4200,3300,100,500
82.0,14.19,32800,465849.0,14.18,14.17,14.16,14.15,14.14,14.13,14.12,14.11,14.1,14.08,14.2,14.21,14.22,14.24,14.25,14.26,14.27,14.29,14.3,14.31,700,1100,12600,5800,14500,3800,1100,1100,1100,900,3600,2600,1700,500,25700,1000,4200,3300,100,500
83.0,14.2,33400,474369.0,14.18,14.17,14.16,14.15,14.14,14.13,14.12,14.11,14.1,14.08,14.2,14.21,14.22,14.24,14.25,14.26,14.27,14.29,14.3,14.31,2100,1100,12600,5800,14500,3800,1100,1100,1100,900,3000,2600,1700,500,25700,1000,4200,3300,100,500
84.0,14.2,33400,474369.0,14.18,14.17,14.16,14.15,14.14,14.13,14.12,14.11,14.1,14.08,14.21,14.22,14.24,14.25,14.26,14.27,14.29,14.3,14.31,14.32,2100,1100,12600,5800,14500,3800,1100,1100,1100,900,2600,1700,500,25700,1000,4200,3300,100,500,12700
85.0,14.2,33400,474369.0,14.18,14.17,14.16,14.15,14.14,14.13,14.12,14.11,14.1,14.08,14.21,14.22,14.24,14.25,14.26,14.27,14.29,14.3,14.31,14.32,2100,1100,12600,5800,14500,3800,1100,1100,1100,900,2600,1700,500,25700,1000,4200,3300,100,500,12700
86.0,14.21,33600,477211.0,14.18,14.17,14.16,14.15,14.14,14.13,14.12,14.11,14.1,14.08,14.21,14.22,14.24,14.25,14.26,14.27,14.29,14.3,14.31,14.32,2100,1100,10600,5800,14500,3800,1100,1100,1100,900,2400,1700,500,25700,1000,4200,3300,100,500,12700
87.0,14.21,33600,477211.0,14.18,14.17,14.16,14.15,14.14,14.13,14.12,14.11,14.1,14.08,14.21,14.22,14.24,14.25,14.26,14.27,14.29,14.3,14.31,14.32,2100,1100,10600,5800,14500,3800,1100,1100,1100,900,2400,1700,500,25700,1000,4200,3300,100,500,12700
88.0,14.21,33600,477211.0,14.18,14.17,14.16,14.15,14.14,14.13,14.12,14.11,14.1,14.08,14.21,14.22,14.24,14.25,14.26,14.27,14.29,14.3,14.31,14.32,2200,1100,10600,5800,14500,3800,1100,1100,1100,900,2400,1700,500,25700,1000,4200,3300,100,500,12700
89.0,14.18,34000,482883.0,14.18,14.17,14.16,14.15,14.14,14.13,14.12,14.11,14.1,14.08,14.21,14.22,14.24,14.25,14.26,14.27,14.29,14.3,14.31,14.32,1800,1100,10600,5800,14500,3800,1100,1100,1100,900,2400,1700,500,25700,1000,4200,3300,100,500,12700
90.0,14.21,34400,488567.0,14.18,14.17,14.16,14.15,14.14,14.13,14.12,14.11,14.1,14.08,14.21,14.22,14.24,14.25,14.26,14.27,14.29,14.3,14.31,14.32,1800,1100,10600,5800,14500,3800,1100,1100,1100,900,2000,1700,500,25700,1000,4200,3300,100,500,12700
91.0,14.21,34400,488567.0,14.18,14.17,14.16,14.15,14.14,14.13,14.12,14.11,14.1,14.08,14.21,14.22,14.24,14.25,14.26,14.27,14.29,14.3,14.31,14.32,1800,1100,10600,5800,14500,3800,1100,1100,1100,900,2000,1700,500,25700,1000,4200,3300,100,500,12700
92.0,14.21,34400,488567.0,14.18,14.17,14.16,14.15,14.14,14.13,14.12,14.11,14.1,14.08,14.21,14.22,14.24,14.25,14.26,14.27,14.29,14.3,14.31,14.32,1800,1100,10600,5800,14500,3800,1100,1100,1100,900,2000,1700,500,25700,1000,4200,3300,100,500,12700
93.0,14.21,34600,491409.0,14.18,14.17,14.16,14.15,14.14,14.13,14.12,14.11,14.1,14.08,14.21,14.22,14.24,14.25,14.26,14.27,14.29,14.3,14.31,14.32,1800,1100,10600,5800,14500,3800,1100,1100,1100,900,1800,1700,500,25700,1000,4200,3300,100,500,12700
94.0,14.21,34700,492830.0,14.18,14.17,14.16,14.15,14.14,14.13,14.12,14.11,14.1,14.08,14.21,14.22,14.24,14.25,14.26,14.27,14.29,14.3,14.31,14.32,1800,1100,10600,5800,14500,3800,1100,1100,1100,900,1700,1700,500,25700,1000,4200,3300,300,500,12700
95.0,14.21,34700,492830.0,14.18,14.17,14.16,14.15,14.14,14.13,14.12,14.11,14.1,14.08,14.21,14.22,14.24,14.25,14.26,14.27,14.29,14.3,14.31,14.32,1800,1100,10600,5800,14500,3800,1100,1100,1100,900,1700,1700,500,25700,1000,4200,3300,300,500,12700
96.0,14.21,34800,494251.0,14.18,14.17,14.16,14.15,14.14,14.13,14.12,14.11,14.1,14.08,14.21,14.22,14.24,14.25,14.26,14.27,14.29,14.3,14.31,14.32,1800,3100,10600,5800,14500,3800,1100,1100,1100,900,1600,1700,500,25700,1000,4200,3300,300,500,12700
97.0,14.18,38600,548135.0,14.18,14.17,14.16,14.15,14.14,14.13,14.12,14.11,14.1,14.08,14.21,14.22,14.24,14.25,14.26,14.27,14.29,14.3,14.31,14.32,300,9100,10600,5800,14500,4300,1100,1100,1100,900,1600,1700,500,25700,1000,4200,3300,300,500,12700
98.0,14.21,40200,570871.0,14.21,14.2,14.18,14.17,14.16,14.15,14.14,14.13,14.12,14.11,14.22,14.24,14.25,14.26,14.27,14.29,14.3,14.31,14.32,14.34,700,400,7200,9100,10600,5800,14500,4300,1100,1100,1700,500,25700,1000,4200,3300,300,500,12700,300
99.0,14.21,40300,572292.0,14.21,14.2,14.19,14.18,14.17,14.16,14.15,14.14,14.13,14.12,14.22,14.24,14.25,14.26,14.27,14.29,14.3,14.31,14.32,14.34,1300,400,100,7800,9100,10600,5800,14500,4300,1100,1700,500,25700,1000,4200,3300,300,500,12700,300
100.0,14.22,40400,573714.0,14.21,14.2,14.19,14.18,14.17,14.16,14.15,14.14,14.13,14.12,14.22,14.24,14.25,14.26,14.27,14.29,14.3,14.31,14.32,14.34,1300,400,100,7900,9100,10600,5800,14500,4300,1100,1600,500,25700,1000,4200,3300,300,500,12700,300
101.0,14.21,40900,580822.0,14.21,14.2,14.19,14.18,14.17,14.16,14.15,14.14,14.13,14.12,14.22,14.24,14.25,14.26,14.27,14.29,14.3,14.31,14.32,14.34,1100,400,100,3300,9200,10600,5800,14500,4300,1100,1300,500,25700,1000,4200,3300,300,500,12700,300
102.0,14.21,42000,596453.0,14.2,14.19,14.18,14.17,14.16,14.15,14.14,14.13,14.12,14.11,14.21,14.22,14.24,14.25,14.26,14.27,14.29,14.3,14.31,14.32,400,100,2500,9200,10600,5800,14500,4300,1100,1100,1000,1300,500,25700,1000,4200,3300,300,500,12700
103.0,14.21,42100,597874.0,14.2,14.19,14.18,14.17,14.16,14.15,14.14,14.13,14.12,14.11,14.21,14.22,14.24,14.25,14.26,14.27,14.29,14.3,14.31,14.32,400,100,2500,9200,10600,5800,14500,4300,1100,1100,900,1300,500,25700,1000,4200,3300,300,500,12700
104.0,14.21,42100,597874.0,14.2,14.19,14.18,14.17,14.16,14.15,14.14,14.13,14.12,14.11,14.21,14.22,14.24,14.25,14.26,14.27,14.29,14.3,14.31,14.32,400,100,2500,9800,10600,5800,14500,4300,1100,1100,900,1300,500,20600,1000,4200,3300,300,500,12700
105.0,14.21,42100,597874.0,14.2,14.19,14.18,14.17,14.16,14.15,14.14,14.13,14.12,14.11,14.21,14.22,14.24,14.25,14.26,14.27,14.29,14.3,14.31,14.32,400,100,2500,9800,10600,5800,14500,4300,1100,1100,900,1300,500,20600,1000,4200,3300,300,500,12700
106.0,14.21,42100,597874.0,14.2,14.19,14.18,14.17,14.16,14.15,14.14,14.13,14.12,14.11,14.21,14.22,14.24,14.25,14.26,14.27,14.29,14.3,14.31,14.32,400,100,2500,9800,10600,5800,14500,4300,1100,1100,900,1300,500,20600,1000,4200,3300,300,500,12700
107.0,14.21,42100,597874.0,14.2,14.19,14.18,14.17,14.16,14.15,14.14,14.13,14.12,14.11,14.21,14.22,14.24,14.25,14.26,14.27,14.29,14.3,14.31,14.32,400,100,3500,9800,10600,5800,14500,4300,1100,1100,900,1300,500,20600,1000,4200,3300,300,500,12700
108.0,14.21,42100,597874.0,14.2,14.19,14.18,14.17,14.16,14.15,14.14,14.13,14.12,14.11,14.21,14.22,14.24,14.25,14.26,14.27,14.29,14.3,14.31,14.32,400,100,3500,9800,10600,5800,14500,4300,1100,1100,900,1300,500,20600,1000,4200,3300,300,500,12700
109.0,14.21,42100,597874.0,14.2,14.19,14.18,14.17,14.16,14.15,14.14,14.13,14.12,14.11,14.21,14.22,14.24,14.25,14.26,14.27,14.29,14.3,14.31,14.32,400,100,4000,9800,10600,5800,14500,4300,1100,1100,900,1300,500,20600,1000,4200,3300,300,500,12700
110.0,14.18,47100,668783.0,14.19,14.18,14.17,14.16,14.15,14.14,14.13,14.12,14.11,14.1,14.22,14.24,14.25,14.26,14.27,14.29,14.3,14.31,14.32,14.34,300,1000,9800,10600,5800,14500,4300,1100,1100,1100,1300,500,20600,1000,4200,3300,300,500,12700,300
111.0,14.18,47100,668783.0,14.19,14.18,14.17,14.16,14.15,14.14,14.13,14.12,14.11,14.1,14.22,14.24,14.25,14.26,14.27,14.29,14.3,14.31,14.32,14.34,600,1000,9800,10600,5800,14500,4300,1100,1100,1100,1600,500,20600,1000,4200,3300,300,500,12700,300
112.0,14.22,47500,674471.0,14.19,14.18,14.17,14.16,14.15,14.14,14.13,14.12,14.11,14.1,14.22,14.24,14.25,14.26,14.27,14.29,14.3,14.31,14.32,14.34,600,1000,9800,10600,5800,14500,4300,1100,1100,1100,1200,500,20600,1000,4200,3300,300,500,12700,300
113.0,14.22,47600,675893.0,14.19,14.18,14.17,14.16,14.15,14.14,14.13,14.12,14.11,14.1,14.22,14.24,14.25,14.26,14.27,14.29,14.3,14.31,14.32,14.34,800,1000,9800,10600,5800,14500,4300,1100,1100,1100,1300,500,20600,1000,4200,3300,300,500,12700,300
114.0,14.19,48100,682988.0,14.19,14.18,14.17,14.16,14.15,14.14,14.13,14.12,14.11,14.1,14.21,14.22,14.24,14.25,14.26,14.27,14.29,14.3,14.31,14.32,300,3100,9800,10600,5800,14500,3800,1100,1100,1100,3900,1300,500,20600,1000,4200,3300,300,500,12700
115.0,14.19,48400,687245.0,14.18,14.17,14.16,14.15,14.14,14.13,14.12,14.11,14.1,14.08,14.21,14.22,14.24,14.25,14.26,14.27,14.29,14.3,14.31,14.32,3100,9700,10600,5800,14500,3800,1100,1100,1100,900,3900,1300,500,20600,1000,4200,3300,300,500,12700
116.0,14.19,48400,687245.0,14.18,14.17,14.16,14.15,14.14,14.13,14.12,14.11,14.1,14.08,14.21,14.22,14.24,14.25,14.26,14.27,14.29,14.3,14.31,14.32,3800,9700,10600,5800,14500,3800,1100,1100,1100,900,3900,1300,500,20600,1000,4200,3300,300,500,12700
117.0,14.21,48700,691508.0,14.18,14.17,14.16,14.15,14.14,14.13,14.12,14.11,14.1,14.08,14.21,14.22,14.24,14.25,14.26,14.27,14.29,14.3,14.31,14.32,4500,9700,10600,5800,14500,3800,1100,1100,1100,900,3700,1300,500,20600,1000,4200,3300,300,500,12700
118.0,14.21,48800,692929.0,14.18,14.17,14.16,14.15,14.14,14.13,14.12,14.11,14.1,14.08,14.21,14.22,14.24,14.25,14.26,14.27,14.29,14.3,14.31,14.32,4600,9700,10600,5800,14500,3800,1100,1100,1100,900,3700,1300,500,20600,1000,4200,3300,300,500,12700
119.0,14.21,48800,692929.0,14.18,14.17,14.16,14.15,14.14,14.13,14.12,14.11,14.1,14.08,14.21,14.22,14.24,14.25,14.26,14.27,14.29,14.3,14.31,14.32,4900,9700,10600,5800,14500,3800,1100,1100,1100,900,3700,1300,500,20600,1000,4200,3300,300,500,12700
120.0,14.21,49400,701455.0,14.18,14.17,14.16,14.15,14.14,14.13,14.12,14.11,14.1,14.08,14.21,14.22,14.24,14.25,14.26,14.27,14.29,14.3,14.31,14.32,5100,9700,10600,5800,14500,3800,1100,1100,1100,900,3300,1300,500,20600,1000,4200,3300,300,500,12700
121.0,14.18,49800,707127.0,14.18,14.17,14.16,14.15,14.14,14.13,14.12,14.11,14.1,14.08,14.21,14.22,14.24,14.25,14.26,14.27,14.29,14.3,14.31,14.32,4700,9700,10600,5800,14500,3800,1100,1100,1100,900,3300,1300,500,20600,1000,4200,3300,300,500,12700
122.0,14.18,49800,707127.0,14.18,14.17,14.16,14.15,14.14,14.13,14.12,14.11,14.1,14.08,14.21,14.22,14.24,14.25,14.26,14.27,14.29,14.3,14.31,14.32,4800,9700,10600,5800,14500,3800,1100,1100,1100,900,3400,1300,500,20600,1000,4200,3300,300,500,12700
123.0,14.18,49800,707127.0,14.18,14.17,14.16,14.15,14.14,14.13,14.12,14.11,14.1,14.08,14.21,14.22,14.24,14.25,14.26,14.27,14.29,14.3,14.31,14.32,4900,9700,10600,5800,14500,3800,1100,1100,1100,900,3500,1300,500,20600,1000,4200,3300,300,500,12700
124.0,14.21,50800,721337.0,14.18,14.17,14.16,14.15,14.14,14.13,14.12,14.11,14.1,14.08,14.21,14.22,14.24,14.25,14.26,14.27,14.29,14.3,14.31,14.32,5000,9700,10600,5800,14500,3800,1100,1100,1100,900,2600,1300,500,20600,1000,4200,3300,300,500,12700
125.0,14.21,50800,721337.0,14.18,14.17,14.16,14.15,14.14,14.13,14.12,14.11,14.1,14.08,14.21,14.22,14.24,14.25,14.26,14.27,14.29,14.3,14.31,14.32,5100,9700,10600,5800,14500,3800,1100,1100,1100,900,2700,1300,500,20600,1000,4200,3300,300,500,12700
126.0,14.21,50800,721337.0,14.18,14.17,14.16,14.15,14.14,14.13,14.12,14.11,14.1,14.08,14.21,14.22,14.24,14.25,14.26,14.27,14.29,14.3,14.31,14.32,5200,9700,10600,5800,14500,3800,1100,1100,1100,900,2800,1300,500,20600,1000,4200,3300,300,500,12700
127.0,14.21,51000,724179.0,14.18,14.17,14.16,14.15,14.14,14.13,14.12,14.11,14.1,14.08,14.21,14.22,14.24,14.25,14.26,14.27,14.29,14.3,14.31,14.32,5200,9700,10600,5800,14500,3800,1100,1100,1100,900,2600,1300,500,20600,1000,4200,3300,300,500,12700
128.0,14.21,51000,724179.0,14.18,14.17,14.16,14.15,14.14,14.13,14.12,14.11,14.1,14.08,14.21,14.22,14.24,14.25,14.26,14.27,14.29,14.3,14.31,14.32,5400,9700,10600,5800,14500,3800,1100,1100,1100,900,2700,1300,3900,20600,1000,4200,3300,300,500,12700
129.0,14.21,51000,724179.0,14.18,14.17,14.16,14.15,14.14,14.13,14.12,14.11,14.1,14.08,14.21,14.22,14.24,14.25,14.26,14.27,14.29,14.3,14.31,14.32,5400,9700,10600,5800,14500,3800,1100,1100,1100,900,2700,1300,3900,20600,1000,4200,3300,300,500,12700
130.0,14.21,51000,724179.0,14.18,14.17,14.16,14.15,14.14,14.13,14.12,14.11,14.1,14.08,14.2,14.21,14.22,14.24,14.25,14.26,14.27,14.29,14.3,14.31,5400,9700,10600,5800,14500,3800,1100,1100,1100,900,800,1000,1300,3900,20600,1000,4200,3300,300,500
131.0,14.21,51000,724179.0,14.19,14.18,14.17,14.16,14.15,14.14,14.13,14.12,14.11,14.1,14.2,14.21,14.22,14.24,14.25,14.26,14.27,14.29,14.3,14.31,900,5400,9700,10600,5800,14500,3800,1100,1100,1100,800,1000,1300,3900,20600,1000,4200,3300,300,500
132.0,14.2,51300,728439.0,14.2,14.19,14.18,14.17,14.16,14.15,14.14,14.13,14.12,14.11,14.21,14.22,14.24,14.25,14.26,14.27,14.29,14.3,14.31,14.32,1200,900,5400,11300,10600,5800,14500,3800,1100,1100,1000,1300,3900,20600,1000,4200,3300,300,500,12700
133.0,14.2,51300,728439.0,14.2,14.19,14.18,14.17,14.16,14.15,14.14,14.13,14.12,14.11,14.21,14.22,14.24,14.25,14.26,14.27,14.29,14.3,14.31,14.32,1300,900,6500,11300,10600,5800,14500,3800,1100,1100,1000,1300,3900,20600,1000,4200,3300,300,500,12700
134.0,14.21,51500,731281.0,14.2,14.19,14.18,14.17,14.16,14.15,14.14,14.13,14.12,14.11,14.21,14.22,14.24,14.25,14.26,14.27,14.29,14.3,14.31,14.32,1300,900,6500,11300,10600,5800,14500,3800,1100,1100,800,1300,3900,20600,1000,4200,3300,300,500,12700
135.0,14.21,51500,731281.0,14.2,14.18,14.17,14.16,14.15,14.14,14.13,14.12,14.11,14.1,14.21,14.22,14.24,14.25,14.26,14.27,14.29,14.3,14.31,14.32,100,6500,11300,10600,5800,14500,3800,1100,1100,1100,800,1300,3900,20600,1000,4200,3300,300,500,12700
136.0,14.21,51600,732702.0,14.2,14.18,14.17,14.16,14.15,14.14,14.13,14.12,14.11,14.1,14.21,14.22,14.24,14.25,14.26,14.27,14.29,14.3,14.31,14.32,100,6500,11300,10600,5800,14500,3800,1100,1100,1100,700,1300,3900,20600,1000,4200,3300,300,500,12700
137.0,14.21,51600,732702.0,14.2,14.18,14.17,14.16,14.15,14.14,14.13,14.12,14.11,14.1,14.21,14.22,14.24,14.25,14.26,14.27,14.29,14.3,14.31,14.32,100,6500,11300,10600,5800,14500,3800,1100,1100,1100,1200,1300,3900,20600,1000,4200,3300,300,500,12700
138.0,14.21,51700,734123.0,14.2,14.18,14.17,14.16,14.15,14.14,14.13,14.12,14.11,14.1,14.21,14.22,14.24,14.25,14.26,14.27,14.29,14.3,14.31,14.32,100,6500,11300,10600,5800,14500,3800,1100,1100,1100,1100,1300,3900,20600,1000,4200,3300,300,500,12700
139.0,14.21,51700,734123.0,14.2,14.18,14.17,14.16,14.15,14.14,14.13,14.12,14.11,14.1,14.21,14.22,14.24,14.25,14.26,14.27,14.29,14.3,14.31,14.32,100,6500,11300,10600,5800,14500,3800,1100,1100,1100,1100,1300,3900,20600,1000,4200,3300,300,500,12700
140.0,14.21,51700,734123.0,14.2,14.18,14.17,14.16,14.15,14.14,14.13,14.12,14.11,14.1,14.21,14.22,14.24,14.25,14.26,14.27,14.29,14.3,14.31,14.32,100,6500,11300,10600,5800,14500,3800,1100,1100,1100,1100,1300,3900,20600,1000,4200,3300,300,500,12700
141.0,14.2,51900,736964.0,14.18,14.17,14.16,14.15,14.14,14.13,14.12,14.11,14.1,14.08,14.2,14.21,14.22,14.24,14.25,14.26,14.27,14.29,14.3,14.31,6400,11300,10600,5800,14500,3800,1100,1100,1100,900,4100,1000,1300,3900,20600,1000,4200,3300,300,500
142.0,14.2,52300,742644.0,14.18,14.17,14.16,14.15,14.14,14.13,14.12,14.11,14.1,14.08,14.2,14.21,14.22,14.24,14.25,14.26,14.27,14.29,14.3,14.31,6400,11300,10600,5600,14500,3800,1100,1100,1100,900,4100,1000,1300,3900,20600,1000,4200,3300,300,500
143.0,14.2,52300,742644.0,14.18,14.17,14.16,14.15,14.14,14.13,14.12,14.11,14.1,14.08,14.2,14.21,14.22,14.24,14.25,14.26,14.27,14.29,14.3,14.31,6400,11300,10600,5600,14500,3800,1100,1100,1100,900,4100,1000,1300,3900,20600,1000,4200,3300,300,500
144.0,14.2,52300,742644.0,14.18,14.17,14.16,14.15,14.14,14.13,14.12,14.11,14.1,14.08,14.2,14.21,14.22,14.24,14.25,14.26,14.27,14.29,14.3,14.31,6400,11300,10600,5600,14500,3800,1100,1100,1100,900,4100,500,1300,3900,20600,1000,4200,3300,300,500
145.0,14.2,52700,748324.0,14.18,14.17,14.16,14.15,14.14,14.13,14.12,14.11,14.1,14.08,14.19,14.2,14.21,14.22,14.24,14.25,14.26,14.27,14.29,14.3,6400,11300,10600,5600,14500,3800,1100,1100,1100,900,500,3700,500,1300,3900,20600,1000,4200,3300,300
146.0,14.19,52900,751162.0,14.18,14.17,14.16,14.15,14.14,14.13,14.12,14.11,14.1,14.08,14.2,14.21,14.22,14.24,14.25,14.26,14.27,14.29,14.3,14.31,4400,11300,10600,5600,14500,3800,1100,1100,1100,900,3700,500,1300,3900,20600,1000,4200,3300,300,500
147.0,14.2,53600,761102.0,14.19,14.18,14.17,14.16,14.15,14.14,14.13,14.12,14.11,14.1,14.2,14.21,14.22,14.24,14.25,14.26,14.27,14.29,14.3,14.31,200,4400,11300,10600,5600,14500,3800,1100,1100,1100,3000,500,1300,3900,20600,1000,4200,3300,300,500
148.0,14.2,53900,765362.0,14.19,14.18,14.17,14.16,14.15,14.14,14.13,14.12,14.11,14.1,14.2,14.21,14.22,14.24,14.25,14.26,14.27,14.29,14.3,14.31,200,4400,11300,10600,5600,14500,3800,1100,1100,1100,2700,500,1300,3900,20600,1000,4200,3300,300,500
149.0,14.2,54100,768202.0,14.19,14.18,14.17,14.16,14.15,14.14,14.13,14.12,14.11,14.1,14.2,14.21,14.22,14.24,14.25,14.26,14.27,14.29,14.3,14.31,700,4300,11300,10600,5600,14500,3800,1100,1100,1100,2600,500,1300,3900,20600,1000,4200,3300,300,500
150.0,14.2,54100,768202.0,14.19,14.18,14.17,14.16,14.15,14.14,14.13,14.12,14.11,14.1,14.2,14.21,14.22,14.24,14.25,14.26,14.27,14.29,14.3,14.31,700,4300,11300,10600,5600,14500,3800,1100,1100,1100,2600,500,1300,3900,20600,1000,4200,3300,300,500
151.0,14.18,59100,839109.0,14.17,14.16,14.15,14.14,14.13,14.12,14.11,14.1,14.08,14.07,14.2,14.21,14.22,14.24,14.25,14.26,14.27,14.29,14.3,14.31,11300,10600,5600,14500,3800,1100,1100,1100,900,1000,2600,500,1300,3900,20600,1000,4200,3300,300,500
152.0,14.2,59300,841949.0,14.19,14.17,14.16,14.15,14.14,14.13,14.12,14.11,14.1,14.08,14.2,14.21,14.22,14.24,14.25,14.26,14.27,14.29,14.3,14.31,100,11400,10600,5600,14500,3800,1100,1100,1100,900,2500,500,1300,3900,20600,1000,4200,3300,300,500
153.0,14.2,59300,841949.0,14.19,14.18,14.17,14.16,14.15,14.14,14.13,14.12,14.11,14.1,14.2,14.21,14.22,14.24,14.25,14.26,14.27,14.29,14.3,14.31,200,300,11400,10600,5600,14500,3800,1100,1100,1100,1700,500,1300,3900,20600,1000,4200,3300,300,500
154.0,14.18,60300,856131.0,14.18,14.17,14.16,14.15,14.14,14.13,14.12,14.11,14.1,14.08,14.2,14.21,14.22,14.24,14.25,14.26,14.27,14.29,14.3,14.31,1500,11400,10600,5600,14500,3800,1100,1100,1100,900,600,500,1300,3900,20600,1000,4200,3300,300,500
155.0,14.18,60300,856131.0,14.18,14.17,14.16,14.15,14.14,14.13,14.12,14.11,14.1,14.08,14.2,14.21,14.22,14.24,14.25,14.26,14.27,14.29,14.3,14.31,1500,11400,10600,5600,14500,3800,1100,1100,1100,900,600,500,1300,3900,20600,1000,4200,3300,300,500
156.0,14.18,60600,860389.0,14.18,14.17,14.16,14.15,14.14,14.13,14.12,14.11,14.1,14.08,14.2,14.21,14.22,14.24,14.25,14.26,14.27,14.29,14.3,14.31,1400,11400,10600,5600,14500,3800,1100,1100,1100,900,400,500,1300,3900,20600,1000,4200,3300,300,500
157.0,14.18,60600,860389.0,14.18,14.17,14.16,14.15,14.14,14.13,14.12,14.11,14.1,14.08,14.2,14.21,14.22,14.24,14.25,14.26,14.27,14.29,14.3,14.31,1400,11400,10600,5600,14500,3800,1100,1100,1100,900,400,500,1300,3900,20600,1000,4200,3300,300,500
158.0,14.18,60600,860389.0,14.18,14.17,14.16,14.15,14.14,14.13,14.12,14.11,14.1,14.08,14.19,14.2,14.21,14.22,14.24,14.25,14.26,14.27,14.29,14.3,1400,11400,10600,5600,14500,3800,1100,1100,1100,900,4900,400,500,1300,3900,20600,1000,4200,3300,300
159.0,14.19,61900,878836.0,14.18,14.17,14.16,14.15,14.14,14.13,14.12,14.11,14.1,14.08,14.19,14.2,14.21,14.22,14.24,14.25,14.26,14.27,14.29,14.3,1400,11400,10600,5600,14500,3800,1100,1100,1100,900,3600,400,500,1300,3900,20600,1000,4200,3300,300
160.0,14.19,61900,878836.0,14.18,14.17,14.16,14.15,14.14,14.13,14.12,14.11,14.1,14.08,14.19,14.2,14.21,14.22,14.24,14.25,14.26,14.27,14.29,14.3,1400,11400,10600,5600,14500,3800,1100,1100,1100,900,3600,400,500,1300,3900,20600,1000,4200,3300,300
161.0,14.19,61900,878836.0,14.18,14.17,14.16,14.15,14.14,14.13,14.12,14.11,14.1,14.08,14.19,14.2,14.21,14.22,14.24,14.25,14.26,14.27,14.29,14.3,1400,11400,10600,5600,14500,3800,1100,1100,1100,900,3600,400,500,1300,3900,20600,1000,4200,3300,300
162.0,14.19,62000,880255.0,14.18,14.17,14.16,14.15,14.14,14.13,14.12,14.11,14.1,14.08,14.19,14.2,14.21,14.22,14.24,14.25,14.26,14.27,14.29,14.3,1400,11400,10600,5600,14500,3800,1100,1100,1100,900,3500,400,500,1300,3900,20600,1000,4200,3300,300
163.0,14.19,62300,884512.0,14.18,14.17,14.16,14.15,14.14,14.13,14.12,14.11,14.1,14.08,14.19,14.2,14.21,14.22,14.24,14.25,14.26,14.27,14.29,14.3,1400,11400,10600,5600,14500,3800,1100,1100,1100,900,3200,400,500,1300,3900,20600,1000,4200,3300,300
164.0,14.19,62300,884512.0,14.18,14.17,14.16,14.15,14.14,14.13,14.12,14.11,14.1,14.08,14.19,14.2,14.21,14.22,14.24,14.25,14.26,14.27,14.29,14.3,1400,11400,10600,5600,14500,3800,1100,1100,1100,900,3200,400,500,1300,3900,20600,1000,4200,3300,300
165.0,14.19,62300,884512.0,14.18,14.17,14.16,14.15,14.14,14.13,14.12,14.11,14.1,14.08,14.19,14.2,14.21,14.22,14.24,14.25,14.26,14.27,14.29,14.3,1400,11400,10600,5600,14500,3800,1100,1100,1100,900,3200,400,500,1300,3900,20600,2000,4200,3300,300
166.0,14.19,62600,888769.0,14.18,14.17,14.16,14.15,14.14,14.13,14.12,14.11,14.1,14.08,14.19,14.2,14.21,14.22,14.24,14.25,14.26,14.27,14.29,14.3,1400,11400,10600,5600,14500,3800,1100,1100,1100,900,2900,400,500,1300,3900,20600,2000,4200,3300,300
167.0,14.19,62600,888769.0,14.18,14.17,14.16,14.15,14.14,14.13,14.12,14.11,14.1,14.08,14.19,14.2,14.21,14.22,14.24,14.25,14.26,14.27,14.29,14.3,1400,11400,10600,5600,14500,3800,1100,1100,1100,900,2900,400,500,1300,3900,20600,2000,4200,3300,300
168.0,14.19,62600,888769.0,14.18,14.17,14.16,14.15,14.14,14.13,14.12,14.11,14.1,14.08,14.19,14.2,14.21,14.22,14.24,14.25,14.26,14.27,14.29,14.3,1400,11400,10600,5600,14500,3800,1100,1100,1100,900,2900,400,500,1300,3900,20600,2000,4200,3300,300
169.0,14.19,62600,888769.0,14.18,14.17,14.16,14.15,14.14,14.13,14.12,14.11,14.1,14.08,14.19,14.2,14.21,14.22,14.24,14.25,14.26,14.27,14.29,14.3,1400,11400,10600,5600,14500,3800,1100,1100,1100,900,2900,400,500,1300,3900,20600,2000,4200,3300,300
170.0,14.19,62800,891607.0,14.18,14.17,14.16,14.15,14.14,14.13,14.12,14.11,14.1,14.08,14.19,14.2,14.21,14.22,14.24,14.25,14.26,14.27,14.29,14.3,1400,11400,10600,5600,14500,3800,1100,1100,1100,900,2700,400,500,1300,3900,20600,2000,4200,3300,300
171.0,14.19,63500,901540.0,14.18,14.17,14.16,14.15,14.14,14.13,14.12,14.11,14.1,14.08,14.2,14.21,14.22,14.24,14.25,14.26,14.27,14.29,14.3,14.31,1400,11400,10600,5600,14500,3800,1100,1100,1100,900,400,500,1300,3900,20600,2000,4200,3300,300,500
172.0,14.19,63500,901540.0,14.18,14.17,14.16,14.15,14.14,14.13,14.12,14.11,14.1,14.08,14.2,14.21,14.22,14.24,14.25,14.26,14.27,14.29,14.3,14.31,1400,11400,10600,5600,14500,3800,1100,1100,1100,900,400,500,1300,3900,20600,2000,4200,3300,300,500
173.0,14.19,63500,901540.0,14.18,14.17,14.16,14.15,14.14,14.13,14.12,14.11,14.1,14.08,14.2,14.21,14.22,14.24,14.25,14.26,14.27,14.29,14.3,14.31,1400,11400,10600,6100,14500,3800,1100,1100,1100,900,400,500,1300,3900,20600,2000,4200,3300,300,500
174.0,14.19,63500,901540.0,14.18,14.17,14.16,14.15,14.14,14.13,14.12,14.11,14.1,14.08,14.2,14.21,14.22,14.24,14.25,14.26,14.27,14.29,14.3,14.31,1400,11400,10600,6100,14500,3800,1100,1100,1100,900,400,500,1300,3900,20600,2000,4200,3300,300,500
175.0,14.19,63500,901540.0,14.18,14.17,14.16,14.15,14.14,14.13,14.12,14.11,14.1,14.08,14.19,14.2,14.21,14.22,14.24,14.25,14.26,14.27,14.29,14.3,1400,11400,10600,6100,14500,3800,1100,1100,1100,900,400,200,500,1300,3900,20600,2000,4200,3300,300
176.0,14.18,65600,931318.0,14.17,14.16,14.15,14.14,14.13,14.12,14.11,14.1,14.08,14.07,14.18,14.19,14.2,14.21,14.22,14.24,14.25,14.26,14.27,14.29,11400,10600,6100,14500,3800,1100,1100,1100,900,1000,2900,400,200,500,1300,3900,20600,2000,4200,3300
177.0,14.18,65600,931318.0,14.17,14.16,14.15,14.14,14.13,14.12,14.11,14.1,14.08,14.07,14.18,14.19,14.2,14.21,14.22,14.24,14.25,14.26,14.27,14.29,11400,10600,6100,14500,3800,1100,1100,1100,900,1000,2900,400,200,500,1300,3900,20600,2000,4200,3300
178.0,14.18,66300,941244.0,14.17,14.16,14.15,14.14,14.13,14.12,14.11,14.1,14.08,14.07,14.18,14.19,14.2,14.21,14.22,14.24,14.25,14.26,14.27,14.29,11400,10600,6100,14500,3800,1100,1100,1100,900,1000,2200,400,200,500,1300,3900,20600,2000,4200,3300
179.0,14.18,66300,941244.0,14.17,14.16,14.15,14.14,14.13,14.12,14.11,14.1,14.08,14.07,14.18,14.19,14.2,14.21,14.22,14.24,14.25,14.26,14.27,14.29,11400,10600,6100,14500,3800,1100,1100,1100,900,1000,2200,400,200,500,1300,3900,20600,2000,4200,3300
180.0,14.18,66500,944080.0,14.17,14.16,14.15,14.14,14.13,14.12,14.11,14.1,14.08,14.07,14.18,14.19,14.2,14.21,14.22,14.24,14.25,14.26,14.27,14.29,11400,10600,6100,14500,3800,1100,1100,1100,900,1000,3000,400,200,500,1300,3900,20600,2000,4200,3300
181.0,14.18,66500,944080.0,14.17,14.16,14.15,14.14,14.13,14.12,14.11,14.1,14.08,14.07,14.18,14.19,14.2,14.21,14.22,14.24,14.25,14.26,14.27,14.29,11400,10600,6100,14500,3800,1100,1100,1100,900,1000,3000,400,200,500,1300,3900,20600,2000,4200,3300
182.0,14.18,67000,951170.0,14.17,14.16,14.15,14.14,14.13,14.12,14.11,14.1,14.08,14.07,14.18,14.19,14.2,14.21,14.22,14.24,14.25,14.26,14.27,14.29,11400,10600,6100,14500,3800,1100,1100,1100,900,1000,2500,400,200,500,1300,3900,20600,2000,4200,3300
183.0,14.18,67500,958260.0,14.17,14.16,14.15,14.14,14.13,14.12,14.11,14.1,14.08,14.07,14.18,14.19,14.2,14.21,14.22,14.24,14.25,14.26,14.27,14.29,11400,10600,6100,14500,3800,1100,1100,1100,900,1000,2000,400,200,500,1300,3900,20600,2000,4200,3300
184.0,14.18,67700,961096.0,14.17,14.16,14.15,14.14,14.13,14.12,14.11,14.1,14.08,14.07,14.18,14.2,14.21,14.22,14.24,14.25,14.26,14.27,14.29,14.3,11500,10600,6100,14500,3800,1100,1100,1100,900,1000,1800,200,500,1300,3900,20600,2000,4200,3300,300
185.0,14.18,68500,972440.0,14.17,14.16,14.15,14.14,14.13,14.12,14.11,14.1,14.08,14.07,14.18,14.2,14.21,14.22,14.24,14.25,14.26,14.27,14.29,14.3,11500,10600,6100,14500,3800,1100,1100,1100,900,1000,1000,200,500,1300,4900,20600,2000,4200,3300,300
186.0,14.18,68600,973858.0,14.17,14.16,14.15,14.14,14.13,14.12,14.11,14.1,14.08,14.07,14.18,14.2,14.21,14.22,14.24,14.25,14.26,14.27,14.29,14.3,11500,10600,6100,14500,3800,1100,1100,1100,900,1000,900,200,500,1300,4900,20600,2000,4200,3300,300
187.0,14.18,68600,973858.0,14.17,14.16,14.15,14.14,14.13,14.12,14.11,14.1,14.08,14.07,14.18,14.2,14.21,14.22,14.24,14.25,14.26,14.27,14.29,14.3,11500,10600,6100,14500,3800,1100,1100,1100,900,1000,900,200,500,1300,4900,20600,2000,4200,3300,300
188.0,14.18,69500,986620.0,14.18,14.17,14.16,14.15,14.14,14.13,14.12,14.11,14.1,14.08,14.2,14.21,14.22,14.24,14.25,14.26,14.27,14.29,14.3,14.31,3100,11500,10600,6100,14500,3800,1600,1100,1100,900,200,500,1300,4900,20600,2000,4200,3300,300,500
189.0,14.18,71100,1009308.0,14.18,14.17,14.16,14.15,14.14,14.13,14.12,14.11,14.1,14.08,14.2,14.21,14.22,14.24,14.25,14.26,14.27,14.29,14.3,14.31,1800,11500,10600,6100,14500,3800,1600,1100,1100,900,200,500,1300,4900,20600,2000,4200,3300,300,500
190.0,14.18,71100,1009308.0,14.18,14.17,14.16,14.15,14.14,14.13,14.12,14.11,14.1,14.08,14.2,14.21,14.22,14.24,14.25,14.26,14.27,14.29,14.3,14.31,1800,11500,10600,6100,14500,3800,1600,1100,1100,900,200,500,1300,4900,20600,2000,4200,3300,300,500
191.0,14.18,71100,1009308.0,14.18,14.17,14.16,14.15,14.14,14.13,14.12,14.11,14.1,14.08,14.19,14.2,14.21,14.22,14.24,14.25,14.26,14.27,14.29,14.3,2400,11500,10600,6100,14500,3800,1600,1100,1100,900,400,200,500,1300,3900,20600,2000,4200,3300,300
192.0,14.18,71100,1009308.0,14.18,14.17,14.16,14.15,14.14,14.13,14.12,14.11,14.1,14.08,14.19,14.2,14.21,14.22,14.24,14.25,14.26,14.27,14.29,14.3,2400,11500,10600,6100,14500,3800,1600,1100,1100,900,400,200,500,1300,3900,20600,2000,4200,3300,300
193.0,14.18,71100,1009308.0,14.18,14.17,14.16,14.15,14.14,14.13,14.12,14.11,14.1,14.08,14.19,14.2,14.21,14.22,14.24,14.25,14.26,14.27,14.29,14.3,2400,11500,10600,6100,14500,3800,1600,1100,1100,900,400,200,500,1300,3900,20600,2000,4200,3300,300
194.0,14.18,73500,1043340.0,14.17,14.16,14.15,14.14,14.13,14.12,14.11,14.1,14.08,14.07,14.18,14.19,14.2,14.21,14.22,14.24,14.25,14.26,14.27,14.29,11500,10600,6100,14500,3800,1600,1100,1100,900,1000,6600,400,900,500,1300,3900,20600,2000,4200,3300
195.0,14.18,75100,1066028.0,14.17,14.16,14.15,14.14,14.13,14.12,14.11,14.1,14.08,14.07,14.18,14.19,14.2,14.21,14.22,14.24,14.25,14.26,14.27,14.29,11500,10600,6100,14500,3800,1600,1100,1100,900,1000,5000,400,900,500,1300,3900,20600,2000,4200,3300
196.0,14.18,75100,1066028.0,14.17,14.16,14.15,14.14,14.13,14.12,14.11,14.1,14.08,14.07,14.18,14.2,14.21,14.22,14.24,14.25,14.26,14.27,14.29,14.3,11500,10600,6100,14500,3800,1600,1100,1100,900,1000,5000,900,500,1300,3900,20600,2000,4200,3300,300
197.0,14.18,75600,1073118.0,14.17,14.16,14.15,14.14,14.13,14.12,14.11,14.1,14.08,14.07,14.18,14.2,14.21,14.22,14.24,14.25,14.26,14.27,14.29,14.3,11500,10600,6100,14500,3800,1600,1100,1100,900,1000,4500,900,500,1300,3900,20600,2000,4200,3300,300
198.0,14.18,75600,1073118.0,14.17,14.16,14.15,14.14,14.13,14.12,14.11,14.1,14.08,14.07,14.18,14.2,14.21,14.22,14.24,14.25,14.26,14.27,14.28,14.29,11500,10600,6100,14500,3800,1600,1100,1100,900,1000,4500,900,500,1300,3900,20600,2000,4200,400,3300
199.0,14.18,80100,1136928.0,14.19,14.18,14.17,14.16,14.15,14.14,14.13,14.12,14.11,14.1,14.2,14.21,14.22,14.24,14.25,14.26,14.27,14.28,14.29,14.3,1000,2600,11500,10600,6100,14500,3800,1600,1100,1100,900,500,1300,3900,20600,2000,4200,400,3300,300
200.0,14.18,80100,1136928.0,14.19,14.18,14.17,14.16,14.15,14.14,14.13,14.12,14.11,14.1,14.2,14.21,14.22,14.24,14.25,14.26,14.27,14.28,14.29,14.3,1000,4000,11500,10600,6100,14500,3800,1600,1100,1100,900,500,1300,3900,20600,2000,4200,400,3300,300
201.0,14.18,80100,1136928.0,14.19,14.18,14.17,14.16,14.15,14.14,14.13,14.12,14.11,14.1,14.2,14.21,14.22,14.24,14.25,14.26,14.27,14.28,14.29,14.3,1000,4000,11500,10600,6100,14500,3800,1600,1100,1100,900,500,1300,3900,20600,2000,4200,400,3300,300
202.0,14.18,80100,1136928.0,14.19,14.18,14.17,14.16,14.15,14.14,14.13,14.12,14.11,14.1,14.2,14.21,14.22,14.24,14.25,14.26,14.27,14.28,14.29,14.3,1000,4000,11500,10600,6100,14500,3800,1600,1100,1100,900,500,1300,3900,20600,2000,4200,400,3300,300
203.0,14.18,80100,1136928.0,14.19,14.18,14.17,14.16,14.15,14.14,14.13,14.12,14.11,14.1,14.2,14.21,14.22,14.24,14.25,14.26,14.27,14.28,14.29,14.3,1000,3700,11500,10600,6100,14500,3800,1600,1100,1100,900,500,1300,3900,20600,2000,4200,400,3300,300
204.0,14.18,80100,1136928.0,14.19,14.18,14.17,14.16,14.15,14.14,14.13,14.12,14.11,14.1,14.2,14.21,14.22,14.24,14.25,14.26,14.27,14.28,14.29,14.3,1000,3700,11500,10600,6100,14500,3800,1600,1100,1100,900,500,1300,3900,20600,2000,4200,400,3300,300
205.0,14.2,80200,1138348.0,14.19,14.18,14.17,14.16,14.15,14.14,14.13,14.12,14.11,14.1,14.2,14.21,14.22,14.24,14.25,14.26,14.27,14.28,14.29,14.3,1000,3700,11500,10600,6100,14500,3800,1600,1100,1100,800,500,1300,3900,20600,2000,4200,400,3300,300
206.0,14.2,80200,1138348.0,14.19,14.18,14.17,14.16,14.15,14.14,14.13,14.12,14.11,14.1,14.2,14.21,14.22,14.24,14.25,14.26,14.27,14.28,14.29,14.3,1000,4200,11500,10600,6100,14500,3800,1600,1100,1100,800,500,1300,3900,20600,2000,4200,400,3300,300
207.0,14.2,80300,1139768.0,14.19,14.18,14.17,14.16,14.15,14.14,14.13,14.12,14.11,14.1,14.2,14.21,14.22,14.24,14.25,14.26,14.27,14.28,14.29,14.3,1500,4300,11400,10600,6100,14500,3800,1600,1100,1100,700,500,1300,3900,20600,2000,4200,400,3300,300
208.0,14.2,80300,1139768.0,14.19,14.18,14.17,14.16,14.15,14.14,14.13,14.12,14.11,14.1,14.2,14.21,14.22,14.24,14.25,14.26,14.27,14.28,14.29,14.3,1500,4300,11400,10600,6100,14500,3800,1600,1100,1100,700,500,1300,3900,20600,2000,4200,400,3300,300
209.0,14.2,80300,1139768.0,14.19,14.18,14.17,14.16,14.15,14.14,14.13,14.12,14.11,14.1,14.2,14.21,14.22,14.24,14.25,14.26,14.27,14.28,14.29,14.3,1500,3600,11400,10600,6100,14500,3800,1600,1100,1100,700,500,1300,3900,20600,2000,4200,400,3300,300
210.0,14.18,83600,1186577.0,14.18,14.17,14.16,14.15,14.14,14.13,14.12,14.11,14.1,14.08,14.2,14.21,14.22,14.24,14.25,14.26,14.27,14.28,14.29,14.3,4000,11400,10600,6100,14500,3800,1600,1100,2100,900,700,500,1300,3900,20600,2000,4200,400,3300,300
211.0,14.18,83600,1186577.0,14.18,14.17,14.16,14.15,14.14,14.13,14.12,14.11,14.1,14.08,14.2,14.21,14.22,14.24,14.25,14.26,14.27,14.28,14.29,14.3,4000,11400,10600,6100,14500,3800,1600,1100,2100,900,2300,500,1300,3900,20600,2000,4200,400,3300,300
212.0,14.2,83700,1187997.0,14.18,14.17,14.16,14.15,14.14,14.13,14.12,14.11,14.1,14.08,14.2,14.21,14.22,14.24,14.25,14.26,14.27,14.28,14.29,14.3,4200,11400,10600,6100,14500,3800,1600,1100,2100,900,2200,500,1300,3900,20600,2000,4200,400,3300,300
213.0,14.2,83700,1187997.0,14.18,14.17,14.16,14.15,14.14,14.13,14.12,14.11,14.1,14.08,14.19,14.2,14.21,14.22,14.24,14.25,14.26,14.27,14.28,14.29,4200,11400,10600,6100,14500,3800,1600,1100,2100,900,200,2200,500,1300,3900,20600,2000,4200,400,3300
214.0,14.2,83700,1187997.0,14.18,14.17,14.16,14.15,14.14,14.13,14.12,14.11,14.1,14.08,14.19,14.2,14.21,14.22,14.24,14.25,14.26,14.27,14.28,14.29,4200,11400,10600,6100,14500,3800,1600,1100,2100,900,200,2200,500,1300,3900,20600,2000,4200,400,3300
215.0,14.19,83900,1190835.0,14.19,14.18,14.17,14.16,14.15,14.14,14.13,14.12,14.11,14.1,14.2,14.21,14.22,14.24,14.25,14.26,14.27,14.28,14.29,14.3,100,4800,11900,10600,6100,14500,3800,1600,1100,2100,2200,500,1300,3900,20600,2000,4200,400,3300,300
216.0,14.19,83900,1190835.0,14.19,14.18,14.17,14.16,14.15,14.14,14.13,14.12,14.11,14.1,14.2,14.21,14.22,14.24,14.25,14.26,14.27,14.28,14.29,14.3,100,4800,11900,10600,6100,14500,3800,1600,1100,2100,2200,500,1300,3900,20600,2000,4200,400,3300,300
217.0,14.2,84100,1193675.0,14.19,14.18,14.17,14.16,14.15,14.14,14.13,14.12,14.11,14.1,14.2,14.21,14.22,14.24,14.25,14.26,14.27,14.28,14.29,14.3,100,4800,11900,10600,6100,14500,3800,1600,1100,2100,2000,500,1300,3900,20600,2000,4200,400,3300,300
218.0,14.2,84500,1199355.0,14.19,14.18,14.17,14.16,14.15,14.14,14.13,14.12,14.11,14.1,14.2,14.21,14.22,14.24,14.25,14.26,14.27,14.28,14.29,14.3,500,4800,11900,10600,6100,14500,3800,1600,1100,2100,1600,500,1300,3900,20600,2000,4200,400,3300,300
219.0,14.2,84700,1202195.0,14.19,14.18,14.17,14.16,14.15,14.14,14.13,14.12,14.11,14.1,14.2,14.21,14.22,14.24,14.25,14.26,14.27,14.28,14.29,14.3,500,4800,11900,10600,6100,14500,3800,1600,1100,2100,1400,500,1300,3900,20600,2000,4200,400,3300,300
220.0,14.2,84800,1203615.0,14.19,14.18,14.17,14.16,14.15,14.14,14.13,14.12,14.11,14.1,14.2,14.21,14.22,14.24,14.25,14.26,14.27,14.28,14.29,14.3,500,4800,11900,11200,6100,14500,3800,1600,1100,2100,1300,500,1300,3900,20600,2000,4200,400,3300,300
221.0,14.2,85500,1213555.0,14.19,14.18,14.17,14.16,14.15,14.14,14.13,14.12,14.11,14.1,14.2,14.21,14.22,14.24,14.25,14.26,14.27,14.28,14.29,14.3,500,4800,11900,11200,6100,14500,3800,1600,1100,2100,600,500,1300,3900,20600,2000,4200,400,3300,300
222.0,14.2,85500,1213555.0,14.19,14.18,14.17,14.16,14.15,14.14,14.13,14.12,14.11,14.1,14.2,14.21,14.22,14.24,14.25,14.26,14.27,14.28,14.29,14.3,500,4800,11900,11200,6100,14500,3800,1600,1100,2100,600,500,1300,3900,20600,2000,4200,400,3300,300
223.0,14.2,85500,1213555.0,14.19,14.18,14.17,14.16,14.15,14.14,14.13,14.12,14.11,14.1,14.2,14.21,14.22,14.24,14.25,14.26,14.27,14.28,14.29,14.3,500,4800,11900,11200,6100,14500,3800,1600,1100,2100,600,500,1300,3900,20600,2000,4200,400,3300,300
224.0,14.2,85500,1213555.0,14.19,14.18,14.17,14.16,14.15,14.14,14.13,14.12,14.11,14.1,14.2,14.21,14.22,14.24,14.25,14.26,14.27,14.28,14.29,14.3,500,4800,11900,11200,6100,14500,3800,1600,1100,2100,600,500,1300,3900,20600,2000,4200,400,3300,300
225.0,14.2,85900,1219235.0,14.19,14.18,14.17,14.16,14.15,14.14,14.13,14.12,14.11,14.1,14.2,14.21,14.22,14.24,14.25,14.26,14.27,14.28,14.29,14.3,500,4800,11900,11200,6100,14500,3800,1600,1100,2100,200,500,1300,3900,20600,2000,4200,400,3300,300
226.0,14.19,86500,1227749.0,14.18,14.17,14.16,14.15,14.14,14.13,14.12,14.11,14.1,14.08,14.19,14.2,14.21,14.22,14.24,14.25,14.26,14.27,14.28,14.29,10000,11900,11200,6100,14500,3800,1600,1100,2100,900,400,200,500,1300,3900,20600,2000,4200,400,3300
227.0,14.19,86900,1233425.0,14.19,14.18,14.17,14.16,14.15,14.14,14.13,14.12,14.11,14.1,14.2,14.21,14.22,14.24,14.25,14.26,14.27,14.28,14.29,14.3,1200,10000,11900,11200,6100,14500,3800,1600,1100,2100,200,500,1300,3900,20600,2000,4200,400,3300,300
228.0,14.19,86900,1233425.0,14.19,14.18,14.17,14.16,14.15,14.14,14.13,14.12,14.11,14.1,14.2,14.21,14.22,14.24,14.25,14.26,14.27,14.28,14.29,14.3,1200,10000,11900,11200,6100,14500,3800,1600,1100,2100,200,500,1300,3900,20600,2000,4200,400,3300,300
229.0,14.19,86900,1233425.0,14.19,14.18,14.17,14.16,14.15,14.14,14.13,14.12,14.11,14.1,14.2,14.21,14.22,14.24,14.25,14.26,14.27,14.28,14.29,14.3,1200,10000,11900,11200,6100,14500,3800,1600,1100,2100,200,500,1300,3900,20600,2000,4200,400,3300,300
230.0,14.19,86900,1233425.0,14.19,14.18,14.17,14.16,14.15,14.14,14.13,14.12,14.11,14.1,14.2,14.21,14.22,14.24,14.25,14.26,14.27,14.28,14.29,14.3,1200,10000,11900,11200,6100,14500,3800,1600,1100,2100,200,500,1300,3900,20600,2000,4200,400,2900,300
231.0,14.19,86900,1233425.0,14.19,14.18,14.17,14.16,14.15,14.14,14.13,14.12,14.11,14.1,14.2,14.21,14.22,14.24,14.25,14.26,14.27,14.28,14.29,14.3,1200,10000,11900,11200,6100,14500,3800,1600,1100,2100,200,500,1300,3900,20600,2000,4200,400,2900,300
232.0,14.21,87200,1237686.0,14.19,14.18,14.17,14.16,14.15,14.14,14.13,14.12,14.11,14.1,14.21,14.22,14.24,14.25,14.26,14.27,14.28,14.29,14.3,14.31,1200,10000,11900,11200,6100,14500,3800,1600,1100,2100,400,1300,3900,20600,2000,4200,400,2900,300,500
233.0,14.21,87200,1237686.0,14.19,14.18,14.17,14.16,14.15,14.14,14.13,14.12,14.11,14.1,14.21,14.22,14.24,14.25,14.26,14.27,14.28,14.29,14.3,14.31,1200,10000,11900,11200,6100,14500,3800,1600,1100,2100,400,1300,3900,20600,2000,4200,400,2900,300,500
234.0,14.19,87300,1239105.0,14.19,14.18,14.17,14.16,14.15,14.14,14.13,14.12,14.11,14.1,14.21,14.22,14.24,14.25,14.26,14.27,14.28,14.29,14.3,14.31,1500,10000,11900,11200,6100,14500,3800,1600,1100,2100,400,1300,3900,20600,2000,4200,400,2900,300,500
235.0,14.19,87300,1239105.0,14.19,14.18,14.17,14.16,14.15,14.14,14.13,14.12,14.11,14.1,14.21,14.22,14.24,14.25,14.26,14.27,14.28,14.29,14.3,14.31,1500,10000,11900,11200,6100,14500,3800,1600,1100,2100,400,1300,3900,20600,2000,4200,400,2900,300,500
236.0,14.19,87300,1239105.0,14.19,14.18,14.17,14.16,14.15,14.14,14.13,14.12,14.11,14.1,14.21,14.22,14.24,14.25,14.26,14.27,14.28,14.29,14.3,14.31,1300,10000,11900,11200,6100,14500,3800,1600,1100,2100,400,1300,3900,20600,2000,4200,400,2900,300,500
237.0,14.19,87300,1239105.0,14.19,14.18,14.17,14.16,14.15,14.14,14.13,14.12,14.11,14.1,14.21,14.22,14.24,14.25,14.26,14.27,14.28,14.29,14.3,14.31,1300,10000,11900,11200,6100,14500,3800,1600,1100,2100,400,1300,3900,20600,2000,4200,400,2900,300,500
238.0,14.19,87300,1239105.0,14.19,14.18,14.17,14.16,14.15,14.14,14.13,14.12,14.11,14.1,14.21,14.22,14.24,14.25,14.26,14.27,14.28,14.29,14.3,14.31,1300,10000,9900,11200,6100,14500,3800,1600,1100,2100,400,1300,3900,20600,2000,4200,400,2900,300,500
239.0,14.19,87300,1239105.0,14.19,14.18,14.17,14.16,14.15,14.14,14.13,14.12,14.11,14.1,14.21,14.22,14.24,14.25,14.26,14.27,14.28,14.29,14.3,14.31,1300,10000,9900,11200,6100,14500,3800,1600,1100,2100,400,1300,3900,20600,2000,4200,400,2900,300,500
240.0,14.19,87300,1239105.0,14.19,14.18,14.17,14.16,14.15,14.14,14.13,14.12,14.11,14.1,14.21,14.22,14.24,14.25,14.26,14.27,14.28,14.29,14.3,14.31,1300,10000,9900,11200,6100,14500,3800,1600,1100,2100,400,1300,3900,20600,2000,4200,400,2900,300,500
241.0,14.19,87400,1240524.0,14.19,14.18,14.17,14.16,14.15,14.14,14.13,14.12,14.11,14.1,14.21,14.22,14.24,14.25,14.26,14.27,14.28,14.29,14.3,14.31,1200,10000,9900,11200,6100,14500,3800,1600,1100,2100,400,1300,3900,20600,2000,4200,400,2900,300,500
242.0,14.19,87400,1240524.0,14.19,14.18,14.17,14.16,14.15,14.14,14.13,14.12,14.11,14.1,14.21,14.22,14.24,14.25,14.26,14.27,14.28,14.29,14.3,14.31,2000,10000,9900,11200,6100,14500,3800,1600,1100,2100,400,1300,3900,20600,2000,4200,400,2900,300,500
243.0,14.19,87400,1240524.0,14.19,14.18,14.17,14.16,14.15,14.14,14.13,14.12,14.11,14.1,14.21,14.22,14.24,14.25,14.26,14.27,14.28,14.29,14.3,14.31,1600,10000,9900,11200,6100,14500,3800,1600,1100,2100,400,1300,3900,20600,2000,4200,400,2900,300,500
244.0,14.19,87400,1240524.0,14.19,14.18,14.17,14.16,14.15,14.14,14.13,14.12,14.11,14.1,14.21,14.22,14.24,14.25,14.26,14.27,14.28,14.29,14.3,14.31,1600,10000,9900,11200,6100,14500,3800,1600,1100,1100,400,1300,3900,20600,2000,4200,400,2900,300,500
245.0,14.19,87900,1247619.0,14.19,14.18,14.17,14.16,14.15,14.14,14.13,14.12,14.11,14.1,14.21,14.22,14.24,14.25,14.26,14.27,14.28,14.29,14.3,14.31,1100,10000,9900,11200,6100,14500,3800,1600,1100,1100,400,1300,3900,20600,2000,4200,400,2900,300,500
246.0,14.19,87900,1247619.0,14.19,14.18,14.17,14.16,14.15,14.14,14.13,14.12,14.11,14.1,14.21,14.22,14.24,14.25,14.26,14.27,14.28,14.29,14.3,14.31,1100,10000,9900,11200,6100,14500,3800,1600,1100,1100,400,1300,3900,20600,2000,4200,400,2900,300,500
247.0,14.19,87900,1247619.0,14.19,14.18,14.17,14.16,14.15,14.14,14.13,14.12,14.11,14.1,14.21,14.22,14.24,14.25,14.26,14.27,14.28,14.29,14.3,14.31,3100,10000,9900,11200,6100,14500,3800,1600,1100,1100,400,1300,3900,20600,2000,4200,400,2900,300,500
248.0,14.19,87900,1247619.0,14.19,14.18,14.17,14.16,14.15,14.14,14.13,14.12,14.11,14.1,14.21,14.22,14.24,14.25,14.26,14.27,14.28,14.29,14.3,14.31,3100,10000,9900,11200,6100,14500,3800,1600,1100,1100,400,1300,3900,20600,2000,4200,400,2900,300,500
249.0,14.19,87900,1247619.0,14.19,14.18,14.17,14.16,14.15,14.14,14.13,14.12,14.11,14.1,14.21,14.22,14.24,14.25,14.26,14.27,14.28,14.29,14.3,14.31,3100,10000,9900,11200,6100,14500,3800,1600,1100,1100,400,1300,3900,20600,2000,4200,400,2900,300,500
250.0,14.2,88000,1249039.0,14.2,14.19,14.18,14.17,14.16,14.15,14.14,14.13,14.12,14.11,14.21,14.22,14.24,14.25,14.26,14.27,14.28,14.29,14.3,14.31,2400,3100,10000,9900,11200,6100,14500,3800,1600,1100,400,1300,3900,20600,2000,4200,400,2900,300,500
251.0,14.2,88000,1249039.0,14.2,14.19,14.18,14.17,14.16,14.15,14.14,14.13,14.12,14.11,14.21,14.22,14.24,14.25,14.26,14.27,14.28,14.29,14.3,14.31,2400,3100,10000,9900,11200,6100,14500,3800,1600,1100,400,1300,3900,20600,2000,4200,400,2900,300,500
252.0,14.2,88000,1249039.0,14.2,14.19,14.18,14.17,14.16,14.15,14.14,14.13,14.12,14.11,14.21,14.22,14.24,14.25,14.26,14.27,14.28,14.29,14.3,14.31,2400,2800,10000,9900,11200,6100,14500,3800,1600,1100,400,1300,3900,20600,2000,4200,400,2900,300,500
253.0,14.2,88000,1249039.0,14.2,14.19,14.18,14.17,14.16,14.15,14.14,14.13,14.12,14.11,14.21,14.22,14.24,14.25,14.26,14.27,14.28,14.29,14.3,14.31,2400,2800,10000,9900,11200,6100,14500,3800,1600,1100,400,1300,3900,20600,2000,4200,400,2900,300,500
254.0,14.2,88000,1249039.0,14.2,14.19,14.18,14.17,14.16,14.15,14.14,14.13,14.12,14.11,14.21,14.22,14.24,14.25,14.26,14.27,14.28,14.29,14.3,14.31,2400,2800,10000,9900,11200,6100,14500,3800,1600,1100,400,1300,3900,20600,2000,4200,400,2900,300,500
255.0,14.2,88000,1249039.0,14.2,14.19,14.18,14.17,14.16,14.15,14.14,14.13,14.12,14.11,14.21,14.22,14.24,14.25,14.26,14.27,14.28,14.29,14.3,14.31,2400,2800,10000,9900,11200,6100,14500,3800,1600,1100,400,1300,3900,20600,2000,4200,400,2900,300,500
256.0,14.2,88400,1254719.0,14.2,14.19,14.18,14.17,14.16,14.15,14.14,14.13,14.12,14.11,14.21,14.22,14.24,14.25,14.26,14.27,14.28,14.29,14.3,14.31,2000,2800,10000,9900,11200,6100,14500,3800,1600,1100,400,1300,3900,20600,2000,4200,400,2900,300,500
257.0,14.2,88500,1256139.0,14.2,14.19,14.18,14.17,14.16,14.15,14.14,14.13,14.12,14.11,14.21,14.22,14.24,14.25,14.26,14.27,14.28,14.29,14.3,14.31,3300,2800,10000,9900,11200,6100,14500,3800,1600,1100,400,1300,3900,20600,2000,4200,400,2900,300,500
258.0,14.2,90500,1284539.0,14.2,14.19,14.18,14.17,14.16,14.15,14.14,14.13,14.12,14.11,14.21,14.22,14.24,14.25,14.26,14.27,14.28,14.29,14.3,14.31,1300,2800,10000,9900,11200,6100,14500,3800,1600,1100,400,1300,3900,20600,2000,4200,400,2900,300,500
259.0,14.2,90500,1284539.0,14.2,14.19,14.18,14.17,14.16,14.15,14.14,14.13,14.12,14.11,14.21,14.22,14.24,14.25,14.26,14.27,14.28,14.29,14.3,14.31,1300,2800,10000,9900,11200,6100,14500,3800,1600,1100,400,1300,3900,20600,2000,4200,400,2900,300,500
260.0,14.2,90700,1287379.0,14.2,14.19,14.18,14.17,14.16,14.15,14.14,14.13,14.12,14.11,14.21,14.22,14.24,14.25,14.26,14.27,14.28,14.29,14.3,14.31,1200,2800,10000,9900,11200,6100,14500,3900,1600,1100,400,1300,3900,20600,2000,4200,400,2900,300,500
261.0,14.2,90700,1287379.0,14.2,14.19,14.18,14.17,14.16,14.15,14.14,14.13,14.12,14.11,14.21,14.22,14.24,14.25,14.26,14.27,14.28,14.29,14.3,14.31,1200,2800,10000,9900,11200,6100,14500,3900,1600,1100,400,1300,3900,20600,2000,4200,400,2900,300,500
262.0,14.2,90700,1287379.0,14.2,14.19,14.18,14.17,14.16,14.15,14.14,14.13,14.12,14.11,14.21,14.22,14.24,14.25,14.26,14.27,14.28,14.29,14.3,14.31,1500,2800,10000,9900,11200,6100,14500,3900,1600,1100,400,1300,3900,20600,2000,4200,400,2900,300,500
263.0,14.2,90700,1287379.0,14.2,14.19,14.18,14.17,14.16,14.15,14.14,14.13,14.12,14.11,14.21,14.22,14.24,14.25,14.26,14.27,14.28,14.29,14.3,14.31,1500,2800,10000,10400,11200,6100,14500,3900,1600,1100,400,1300,3900,20600,2000,4200,400,2900,300,500
264.0,14.2,90700,1287379.0,14.2,14.19,14.18,14.17,14.16,14.15,14.14,14.13,14.12,14.11,14.21,14.22,14.24,14.25,14.26,14.27,14.28,14.29,14.3,14.31,1500,2800,10000,10400,11200,6100,14500,3900,1600,1100,400,1300,3900,20600,2000,4200,400,2900,300,500
265.0,14.2,90700,1287379.0,14.2,14.19,14.18,14.17,14.16,14.15,14.14,14.13,14.12,14.11,14.21,14.22,14.24,14.25,14.26,14.27,14.28,14.29,14.3,14.31,1500,2800,10000,10400,11200,6100,14500,3900,1600,1100,400,1300,3900,20600,2000,4200,400,2900,300,500
266.0,14.2,90700,1287379.0,14.2,14.19,14.18,14.17,14.16,14.15,14.14,14.13,14.12,14.11,14.21,14.22,14.24,14.25,14.26,14.27,14.28,14.29,14.3,14.31,1500,2800,10000,10400,11200,6100,14500,3900,1600,1100,400,1300,3900,20600,2000,4200,400,2900,300,500
267.0,14.2,90700,1287379.0,14.2,14.19,14.18,14.17,14.16,14.15,14.14,14.13,14.12,14.11,14.21,14.22,14.24,14.25,14.26,14.27,14.28,14.29,14.3,14.31,1500,2800,10000,10400,11200,6100,14500,3900,1600,1100,400,1300,3900,20600,2000,4200,400,2900,300,500
268.0,14.2,90700,1287379.0,14.2,14.19,14.18,14.17,14.16,14.15,14.14,14.13,14.12,14.11,14.21,14.22,14.24,14.25,14.26,14.27,14.28,14.29,14.3,14.31,1500,2800,10000,10400,11200,6100,14500,3900,1600,1100,400,1300,3900,20600,2000,4200,400,2900,300,500
269.0,14.21,91000,1291642.0,14.2,14.19,14.18,14.17,14.16,14.15,14.14,14.13,14.12,14.11,14.21,14.22,14.24,14.25,14.26,14.27,14.28,14.29,14.3,14.31,3800,2800,10000,10400,11200,6100,14500,3900,1600,1100,100,1300,3900,20600,2000,4200,400,2900,300,500
270.0,14.21,91000,1291642.0,14.2,14.19,14.18,14.17,14.16,14.15,14.14,14.13,14.12,14.11,14.21,14.22,14.24,14.25,14.26,14.27,14.28,14.29,14.3,14.31,3800,2800,11000,10400,11200,6100,14500,3900,1600,1100,100,1300,3900,20600,2000,4200,400,2900,300,500
271.0,14.21,91100,1293063.0,14.2,14.19,14.18,14.17,14.16,14.15,14.14,14.13,14.12,14.11,14.22,14.24,14.25,14.26,14.27,14.28,14.29,14.3,14.31,14.32,3800,4600,11000,10400,11200,6100,14500,3900,1600,1100,1300,3900,20600,2000,4200,400,2900,300,500,12700
272.0,14.22,91200,1294485.0,14.2,14.19,14.18,14.17,14.16,14.15,14.14,14.13,14.12,14.11,14.22,14.24,14.25,14.26,14.27,14.28,14.29,14.3,14.31,14.32,3800,4600,11000,10400,11200,6100,14500,3900,1600,1100,1200,3900,20600,2000,4200,400,2900,300,500,12700
273.0,14.22,91200,1294485.0,14.2,14.19,14.18,14.17,14.16,14.15,14.14,14.13,14.12,14.11,14.22,14.24,14.25,14.26,14.27,14.28,14.29,14.3,14.31,14.32,3800,4600,11000,10400,11200,6100,14500,3900,1600,1100,1200,3900,20600,2000,4200,400,2900,300,500,12700
274.0,14.22,91200,1294485.0,14.2,14.19,14.18,14.17,14.16,14.15,14.14,14.13,14.12,14.11,14.22,14.24,14.25,14.26,14.27,14.28,14.29,14.3,14.31,14.32,3800,4600,11000,10400,11200,6400,14500,3900,1600,1100,1200,3900,20600,2000,4200,400,2900,300,500,12700
275.0,14.22,91400,1297329.0,14.2,14.19,14.18,14.17,14.16,14.15,14.14,14.13,14.12,14.11,14.22,14.24,14.25,14.26,14.27,14.28,14.29,14.3,14.31,14.32,3900,4600,11000,10400,11200,6400,14500,3900,1600,1100,1000,3900,20600,2000,4200,400,2900,300,500,12700
276.0,14.22,91400,1297329.0,14.2,14.19,14.18,14.17,14.16,14.15,14.14,14.13,14.12,14.11,14.22,14.24,14.25,14.26,14.27,14.28,14.29,14.3,14.31,14.32,3800,4600,11000,10400,11200,6400,14500,3900,1600,1100,1000,3900,20600,2000,4200,400,2900,300,500,12700
277.0,14.2,91900,1304433.0,14.2,14.19,14.18,14.17,14.16,14.15,14.14,14.13,14.12,14.11,14.22,14.24,14.25,14.26,14.27,14.28,14.29,14.3,14.31,14.32,3500,4600,11000,10400,11200,6400,14500,3900,1600,1100,800,3900,20600,2000,4200,400,2900,300,500,12700
278.0,14.2,91900,1304433.0,14.2,14.19,14.18,14.17,14.16,14.15,14.14,14.13,14.12,14.11,14.22,14.24,14.25,14.26,14.27,14.28,14.29,14.3,14.31,14.32,3500,4600,11000,10400,11200,6400,14500,3900,1600,1100,800,3900,20600,2000,4200,400,2900,300,500,12700
279.0,14.2,92200,1308693.0,14.2,14.19,14.18,14.17,14.16,14.15,14.14,14.13,14.12,14.11,14.22,14.24,14.25,14.26,14.27,14.28,14.29,14.3,14.31,14.32,3200,4600,11000,10400,11200,6400,14500,3900,1600,1100,800,3900,23600,2000,4200,400,2900,300,500,12700
280.0,14.2,92200,1308693.0,14.2,14.19,14.18,14.17,14.16,14.15,14.14,14.13,14.12,14.11,14.22,14.24,14.25,14.26,14.27,14.28,14.29,14.3,14.31,14.32,3200,4600,11000,10400,11200,6400,14500,3900,1600,1100,800,3900,23600,2000,4200,400,2900,300,500,12700
281.0,14.2,92200,1308693.0,14.2,14.19,14.18,14.17,14.16,14.15,14.14,14.13,14.12,14.11,14.22,14.24,14.25,14.26,14.27,14.28,14.29,14.3,14.31,14.32,3200,4600,11000,10400,11200,6400,14500,3900,1600,1100,800,3900,23600,2000,4200,400,2900,300,500,12700
282.0,14.2,92500,1312953.0,14.2,14.19,14.18,14.17,14.16,14.15,14.14,14.13,14.12,14.11,14.22,14.24,14.25,14.26,14.27,14.28,14.29,14.3,14.31,14.32,2900,4600,11000,10400,11200,6400,14500,3900,1600,1100,800,3900,23600,2000,4200,400,2900,300,500,12700
283.0,14.2,92500,1312953.0,14.2,14.19,14.18,14.17,14.16,14.15,14.14,14.13,14.12,14.11,14.22,14.24,14.25,14.26,14.27,14.28,14.29,14.3,14.31,14.32,2900,4500,11100,10400,11200,6400,14500,3900,1600,1100,1700,3900,23600,2000,4200,400,2900,300,500,12700
284.0,14.2,92500,1312953.0,14.2,14.19,14.18,14.17,14.16,14.15,14.14,14.13,14.12,14.11,14.22,14.24,14.25,14.26,14.27,14.28,14.29,14.3,14.31,14.32,2900,4500,11100,10400,11200,6400,14500,3900,1600,1100,1700,3900,23600,2000,4200,400,2900,300,500,12700
285.0,14.2,92500,1312953.0,14.2,14.19,14.18,14.17,14.16,14.15,14.14,14.13,14.12,14.11,14.22,14.24,14.25,14.26,14.27,14.28,14.29,14.3,14.31,14.32,2900,4500,11100,10400,11200,6400,14500,3900,1600,1100,1700,3900,23600,2000,4200,400,2900,300,500,12700
286.0,14.2,92700,1315793.0,14.2,14.19,14.18,14.17,14.16,14.15,14.14,14.13,14.12,14.11,14.22,14.24,14.25,14.26,14.27,14.28,14.29,14.3,14.31,14.32,2700,4500,11100,10400,11200,6400,14500,3900,1600,1100,2400,3900,23600,2000,4200,400,2900,300,500,12700
287.0,14.2,95400,1354133.0,14.19,14.18,14.17,14.16,14.15,14.14,14.13,14.12,14.11,14.1,14.2,14.21,14.22,14.24,14.25,14.26,14.27,14.28,14.29,14.3,4500,11100,10400,11200,6400,14500,3900,1600,1100,1100,200,900,1500,3900,23600,2000,4200,400,2900,300
288.0,14.2,95400,1354133.0,14.19,14.18,14.17,14.16,14.15,14.14,14.13,14.12,14.11,14.1,14.2,14.21,14.22,14.24,14.25,14.26,14.27,14.28,14.29,14.3,4500,11100,10400,11200,6400,14500,3900,1600,1100,1100,200,900,1500,3900,23600,2000,4200,400,2900,300
289.0,14.19,95800,1359809.0,14.19,14.18,14.17,14.16,14.15,14.14,14.13,14.12,14.11,14.1,14.2,14.21,14.22,14.24,14.25,14.26,14.27,14.28,14.29,14.3,4100,11100,10400,11200,6400,14500,3900,1600,1100,1100,200,900,1500,3900,23600,2000,4200,400,2900,300
290.0,14.19,95800,1359809.0,14.19,14.18,14.17,14.16,14.15,14.14,14.13,14.12,14.11,14.1,14.2,14.21,14.22,14.24,14.25,14.26,14.27,14.28,14.29,14.3,4100,11100,10400,11200,6400,14500,3900,1600,1100,1100,200,900,1500,3900,23600,2000,4200,400,2900,300
291.0,14.19,95800,1359809.0,14.19,14.18,14.17,14.16,14.15,14.14,14.13,14.12,14.11,14.1,14.2,14.21,14.22,14.24,14.25,14.26,14.27,14.28,14.29,14.3,4000,11100,10400,11200,6400,14500,3900,1600,1100,1100,200,900,1500,3900,23600,2000,4200,400,5900,300
292.0,14.2,96600,1371165.0,14.19,14.18,14.17,14.16,14.15,14.14,14.13,14.12,14.11,14.1,14.2,14.21,14.22,14.24,14.25,14.26,14.27,14.28,14.29,14.3,3600,11000,10400,11200,6400,14500,3900,1600,1100,1100,1800,900,800,3900,23600,2000,4200,400,5900,300
293.0,14.19,100200,1422249.0,14.18,14.17,14.16,14.15,14.14,14.13,14.12,14.11,14.1,14.08,14.19,14.2,14.21,14.22,14.24,14.25,14.26,14.27,14.28,14.29,11000,10400,11200,6400,14500,3900,1600,1100,1100,900,800,1800,900,800,3900,23600,2000,4200,400,5900
294.0,14.19,100200,1422249.0,14.18,14.17,14.16,14.15,14.14,14.13,14.12,14.11,14.1,14.08,14.19,14.2,14.21,14.22,14.24,14.25,14.26,14.27,14.28,14.29,11000,10400,11200,6400,14500,3900,1600,1100,1100,900,800,1800,900,800,3900,23600,2000,4200,400,5900
295.0,14.19,100200,1422249.0,14.18,14.17,14.16,14.15,14.14,14.13,14.12,14.11,14.1,14.08,14.19,14.2,14.21,14.22,14.24,14.25,14.26,14.27,14.28,14.29,11000,10400,11200,6400,14500,3900,1600,1100,1100,900,800,1800,900,800,3900,23600,2000,4200,400,5900
296.0,14.18,100900,1432175.0,14.18,14.17,14.16,14.15,14.14,14.13,14.12,14.11,14.1,14.08,14.19,14.2,14.21,14.22,14.24,14.25,14.26,14.27,14.28,14.29,10300,10400,11200,6400,14500,3900,1600,1100,1100,900,800,1800,900,800,3900,23600,2000,4200,400,5900
297.0,14.19,101300,1437851.0,14.18,14.17,14.16,14.15,14.14,14.13,14.12,14.11,14.1,14.08,14.19,14.2,14.21,14.22,14.24,14.25,14.26,14.27,14.28,14.29,10300,10400,11200,6400,14500,3900,1600,1100,1100,900,400,1800,900,800,3900,23600,2000,4200,400,5900
298.0,14.19,101300,1437851.0,14.18,14.17,14.16,14.15,14.14,14.13,14.12,14.11,14.1,14.08,14.19,14.2,14.21,14.22,14.24,14.25,14.26,14.27,14.28,14.29,10300,10400,11200,6400,14500,3900,1600,1100,1100,900,400,2200,900,800,3900,23600,2000,4200,400,5900
299.0,14.18,102000,1447777.0,14.18,14.17,14.16,14.15,14.14,14.13,14.12,14.11,14.1,14.08,14.19,14.2,14.21,14.22,14.24,14.25,14.26,14.27,14.28,14.29,9600,10400,11200,6400,14500,3900,1600,1100,1100,900,400,900,900,800,3900,23600,2000,4200,400,5900
300.0,14.18,102000,1447777.0,14.18,14.17,14.16,14.15,14.14,14.13,14.12,14.11,14.1,14.08,14.19,14.2,14.21,14.22,14.24,14.25,14.26,14.27,14.28,14.29,9600,10400,11200,6400,14500,3900,1600,1100,1100,900,400,900,900,800,3900,23600,2000,4200,400,5900
301.0,14.18,102000,1447777.0,14.18,14.17,14.16,14.15,14.14,14.13,14.12,14.11,14.1,14.08,14.19,14.2,14.21,14.22,14.24,14.25,14.26,14.27,14.28,14.29,9600,10400,11200,6400,14500,3900,1600,1100,1100,900,400,900,900,800,3900,23600,2000,4200,400,5900
302.0,14.19,102800,1459122.0,14.18,14.17,14.16,14.15,14.14,14.13,14.12,14.11,14.1,14.08,14.19,14.2,14.21,14.22,14.24,14.25,14.26,14.27,14.28,14.29,8900,10400,11200,6400,14500,3900,1600,1900,1100,900,300,900,900,800,5700,23600,2000,4200,400,5900
303.0,14.19,102800,1459122.0,14.18,14.17,14.16,14.15,14.14,14.13,14.12,14.11,14.1,14.08,14.19,14.2,14.21,14.22,14.24,14.25,14.26,14.27,14.28,14.29,8900,10500,11200,6400,14500,3900,1600,1900,1100,900,300,900,900,800,5700,23600,2000,4200,400,5900
304.0,14.18,104100,1477556.0,14.18,14.17,14.16,14.15,14.14,14.13,14.12,14.11,14.1,14.08,14.19,14.2,14.21,14.22,14.24,14.25,14.26,14.27,14.28,14.29,7600,10500,11200,6400,14500,3900,1600,1900,1100,900,300,900,900,800,5700,23600,2000,4200,400,5900
305.0,14.18,104100,1477556.0,14.18,14.17,14.16,14.15,14.14,14.13,14.12,14.11,14.1,14.08,14.19,14.2,14.21,14.22,14.24,14.25,14.26,14.27,14.28,14.29,7600,10500,11200,6400,14500,3900,1600,1900,1100,900,300,1500,900,800,5700,23600,2000,4200,400,5900
306.0,14.19,104200,1478975.0,14.18,14.17,14.16,14.15,14.14,14.13,14.12,14.11,14.1,14.08,14.19,14.2,14.21,14.22,14.24,14.25,14.26,14.27,14.28,14.29,7600,10500,11200,6400,14500,3900,1600,1900,1100,900,1000,1500,900,800,5700,23600,2000,4200,400,5900
307.0,14.19,104200,1478975.0,14.18,14.17,14.16,14.15,14.14,14.13,14.12,14.11,14.1,14.08,14.19,14.2,14.21,14.22,14.24,14.25,14.26,14.27,14.28,14.29,7600,10500,11200,6400,14500,3900,1600,1900,1100,900,1000,1500,900,800,5700,23600,2000,4200,400,5900
308.0,14.18,104900,1488901.0,14.18,14.17,14.16,14.15,14.14,14.13,14.12,14.11,14.1,14.08,14.19,14.2,14.21,14.22,14.24,14.25,14.26,14.27,14.28,14.29,6900,10500,11200,6400,14500,3900,1600,1900,1100,900,1000,1500,900,800,5700,23600,2000,4200,400,5900
309.0,14.18,104900,1488901.0,14.18,14.17,14.16,14.15,14.14,14.13,14.12,14.11,14.1,14.08,14.19,14.2,14.21,14.22,14.24,14.25,14.26,14.27,14.28,14.29,6900,10500,11200,6400,14500,3900,1600,1900,1100,900,1000,1500,900,800,5700,23600,2000,4200,400,5900
310.0,14.18,104900,1488901.0,14.18,14.17,14.16,14.15,14.14,14.13,14.12,14.11,14.1,14.08,14.19,14.2,14.21,14.22,14.24,14.25,14.26,14.27,14.28,14.29,6900,10500,11200,6400,14500,3900,1600,1900,1100,900,1000,1500,900,800,5700,23600,2000,4200,400,5900
311.0,14.19,105900,1503091.0,14.19,14.18,14.17,14.16,14.15,14.14,14.13,14.12,14.11,14.1,14.2,14.21,14.22,14.24,14.25,14.26,14.27,14.28,14.29,14.3,100,6900,10500,11200,6400,14500,3900,1600,1900,1100,1500,900,800,5700,23600,2000,4200,400,5900,300
312.0,14.2,107000,1518711.0,14.19,14.18,14.17,14.16,14.15,14.14,14.13,14.12,14.11,14.1,14.2,14.21,14.22,14.24,14.25,14.26,14.27,14.28,14.29,14.3,100,6900,10500,11200,6400,14500,3900,1600,1900,1100,400,1800,800,5700,23600,2000,4200,400,5900,300
313.0,14.2,107000,1518711.0,14.19,14.18,14.17,14.16,14.15,14.14,14.13,14.12,14.11,14.1,14.2,14.21,14.22,14.24,14.25,14.26,14.27,14.28,14.29,14.3,100,1700,10500,11200,6400,14500,3900,1600,1900,1100,800,1800,800,5700,23600,2000,4200,400,5900,300
314.0,14.18,108400,1538564.0,14.18,14.17,14.16,14.15,14.14,14.13,14.12,14.11,14.1,14.08,14.2,14.21,14.22,14.24,14.25,14.26,14.27,14.28,14.29,14.3,700,10500,11200,6400,14500,3900,1600,1900,1100,900,1100,1800,800,5700,23600,2000,4200,400,5900,300
315.0,14.18,108400,1538564.0,14.18,14.17,14.16,14.15,14.14,14.13,14.12,14.11,14.1,14.08,14.2,14.21,14.22,14.24,14.25,14.26,14.27,14.28,14.29,14.3,700,10500,11200,6400,14500,3900,1600,1900,1100,900,1100,1800,800,5700,23600,2000,4200,400,5900,300
316.0,14.18,108400,1538564.0,14.18,14.17,14.16,14.15,14.14,14.13,14.12,14.11,14.1,14.08,14.2,14.21,14.22,14.24,14.25,14.26,14.27,14.28,14.29,14.3,800,10500,11200,6400,14500,3900,1600,1900,1100,900,1200,1800,800,5700,23600,2000,4200,400,5900,300
317.0,14.18,108400,1538564.0,14.18,14.17,14.16,14.15,14.14,14.13,14.12,14.11,14.1,14.08,14.2,14.21,14.22,14.24,14.25,14.26,14.27,14.28,14.29,14.3,800,10500,11200,6400,14500,3900,1600,1900,1100,900,1200,1800,800,5700,23600,2000,4200,400,5900,300
318.0,14.18,108400,1538564.0,14.18,14.17,14.16,14.15,14.14,14.13,14.12,14.11,14.1,14.08,14.2,14.21,14.22,14.24,14.25,14.26,14.27,14.28,14.29,14.3,800,10500,11200,6400,14500,3900,1600,1900,1100,900,1200,1800,800,5700,23600,2000,4200,400,5900,300
319.0,14.2,108500,1539984.0,14.18,14.17,14.16,14.15,14.14,14.13,14.12,14.11,14.1,14.08,14.2,14.21,14.22,14.24,14.25,14.26,14.27,14.28,14.29,14.3,900,10500,11200,6400,14500,3900,1600,1900,1100,900,1200,1800,800,5700,23600,2000,4200,400,5900,300
320.0,14.2,108500,1539984.0,14.18,14.17,14.16,14.15,14.14,14.13,14.12,14.11,14.1,14.08,14.2,14.21,14.22,14.24,14.25,14.26,14.27,14.28,14.29,14.3,900,10500,11200,6400,14500,3900,1600,1900,1100,900,1200,1800,800,5700,23600,2000,4200,400,5900,300
321.0,14.2,108500,1539984.0,14.18,14.17,14.16,14.15,14.14,14.13,14.12,14.11,14.1,14.08,14.2,14.21,14.22,14.24,14.25,14.26,14.27,14.28,14.29,14.3,2000,4500,11200,6400,14500,3900,1600,1900,1100,900,1300,1800,800,5700,23600,2000,4200,400,5900,300
322.0,14.2,108500,1539984.0,14.18,14.17,14.16,14.15,14.14,14.13,14.12,14.11,14.1,14.08,14.2,14.21,14.22,14.24,14.25,14.26,14.27,14.28,14.29,14.3,2000,4500,11200,6400,14500,3900,1600,1900,1100,900,1300,1800,800,5700,23600,2000,4200,400,5900,300
323.0,14.18,108900,1545656.0,14.18,14.17,14.16,14.15,14.14,14.13,14.12,14.11,14.1,14.08,14.2,14.21,14.22,14.24,14.25,14.26,14.27,14.28,14.29,14.3,1700,4500,11200,6400,14500,3900,1600,1900,1100,900,1400,1800,800,5700,23600,2000,4200,400,5900,300
324.0,14.18,108900,1545656.0,14.18,14.17,14.16,14.15,14.14,14.13,14.12,14.11,14.1,14.08,14.19,14.2,14.21,14.22,14.24,14.25,14.26,14.27,14.28,14.29,1700,4500,11200,6400,14500,3900,1600,1900,1100,900,100,1400,1800,800,5700,23600,2000,4200,400,5900
325.0,14.18,108900,1545656.0,14.18,14.17,14.16,14.15,14.14,14.13,14.12,14.11,14.1,14.08,14.19,14.2,14.21,14.22,14.24,14.25,14.26,14.27,14.28,14.29,1700,4500,11200,6400,14500,3900,1600,1900,1100,900,100,1400,1800,800,5700,23600,2000,4200,400,5900
326.0,14.18,108900,1545656.0,14.18,14.17,14.16,14.15,14.14,14.13,14.12,14.11,14.1,14.08,14.19,14.2,14.21,14.22,14.24,14.25,14.26,14.27,14.28,14.29,1700,4500,11200,6400,14500,3900,1600,1900,1100,900,100,1100,1800,800,5700,23600,2000,4200,400,5900
327.0,14.18,108900,1545656.0,14.18,14.17,14.16,14.15,14.14,14.13,14.12,14.11,14.1,14.08,14.19,14.2,14.21,14.22,14.24,14.25,14.26,14.27,14.28,14.29,1700,4500,11200,6400,14500,3900,1600,1900,1100,900,100,1100,1800,800,5700,23600,2000,4200,400,5900
328.0,14.18,108900,1545656.0,14.18,14.17,14.16,14.15,14.14,14.13,14.12,14.11,14.1,14.08,14.19,14.2,14.21,14.22,14.24,14.25,14.26,14.27,14.28,14.29,1700,4500,11200,6400,14500,3900,1600,1900,1100,900,100,1100,1800,800,5700,23600,2000,4200,400,5900
329.0,14.18,108900,1545656.0,14.18,14.17,14.16,14.15,14.14,14.13,14.12,14.11,14.1,14.08,14.19,14.2,14.21,14.22,14.24,14.25,14.26,14.27,14.28,14.29,1700,4500,11200,6400,14500,3900,1600,1900,1100,900,100,1100,1800,800,5700,23600,2000,4200,400,5900
330.0,14.18,108900,1545656.0,14.18,14.17,14.16,14.15,14.14,14.13,14.12,14.11,14.1,14.08,14.19,14.2,14.21,14.22,14.24,14.25,14.26,14.27,14.28,14.29,2000,4500,11200,6400,14500,3900,1600,1900,1100,900,100,1100,1800,800,5700,23600,2000,4200,400,5900
331.0,14.18,108900,1545656.0,14.18,14.17,14.16,14.15,14.14,14.13,14.12,14.11,14.1,14.08,14.19,14.2,14.21,14.22,14.24,14.25,14.26,14.27,14.28,14.29,2000,4500,11200,6400,14500,3900,1600,1900,1100,900,100,1100,1800,800,5700,23600,2000,4200,400,5900
332.0,14.18,108900,1545656.0,14.18,14.17,14.16,14.15,14.14,14.13,14.12,14.11,14.1,14.08,14.19,14.2,14.21,14.22,14.24,14.25,14.26,14.27,14.28,14.29,2000,4500,11200,6400,14500,3900,1600,1900,1100,900,100,1100,1800,800,5700,23600,2000,4200,400,5900
333.0,14.18,108900,1545656.0,14.18,14.17,14.16,14.15,14.14,14.13,14.12,14.11,14.1,14.08,14.19,14.2,14.21,14.22,14.24,14.25,14.26,14.27,14.28,14.29,2000,4500,10600,6400,14500,3900,1600,1900,1100,900,100,1100,1800,800,5700,23600,2000,4200,400,5900
334.0,14.18,108900,1545656.0,14.18,14.17,14.16,14.15,14.14,14.13,14.12,14.11,14.1,14.08,14.19,14.2,14.21,14.22,14.24,14.25,14.26,14.27,14.28,14.29,2000,4500,10600,6400,14500,3900,1600,1900,1100,900,100,1100,1800,800,5700,23600,2000,4200,400,5900
335.0,14.18,109200,1549910.0,14.18,14.17,14.16,14.15,14.14,14.13,14.12,14.11,14.1,14.08,14.19,14.2,14.21,14.22,14.24,14.25,14.26,14.27,14.28,14.29,2500,4500,10600,6400,14500,3900,1600,1900,1100,900,1600,1100,1800,800,5700,23600,2000,4200,400,5900
336.0,14.18,109200,1549910.0,14.18,14.17,14.16,14.15,14.14,14.13,14.12,14.11,14.1,14.08,14.19,14.2,14.21,14.22,14.24,14.25,14.26,14.27,14.28,14.29,1700,4500,10600,6400,14500,3900,1600,1900,1100,900,2800,1100,1800,800,5700,23600,2000,4200,400,5900
337.0,14.18,110900,1574016.0,14.17,14.16,14.15,14.14,14.13,14.12,14.11,14.1,14.08,14.07,14.18,14.19,14.2,14.21,14.22,14.24,14.25,14.26,14.27,14.28,4500,10600,6400,14500,3900,1600,1900,1100,900,1000,300,2800,1100,1800,800,5700,23600,2000,4200,400
338.0,14.18,110900,1574016.0,14.17,14.16,14.15,14.14,14.13,14.12,14.11,14.1,14.08,14.07,14.18,14.19,14.2,14.21,14.22,14.24,14.25,14.26,14.27,14.28,4500,10600,6400,14500,3900,1600,1900,1100,900,1000,300,2800,1100,1800,800,5700,23600,2000,4200,400
339.0,14.18,110900,1574016.0,14.17,14.16,14.15,14.14,14.13,14.12,14.11,14.1,14.08,14.07,14.18,14.19,14.2,14.21,14.22,14.24,14.25,14.26,14.27,14.28,4500,10600,6400,14500,3900,1600,1900,1100,900,1000,300,2800,1100,1800,800,5700,23600,2000,4200,400
340.0,14.18,110900,1574016.0,14.17,14.16,14.15,14.14,14.13,14.12,14.11,14.1,14.08,14.07,14.18,14.19,14.2,14.21,14.22,14.24,14.25,14.26,14.27,14.28,4600,10600,6400,14000,3900,1600,1900,1100,900,1000,300,2800,1100,1800,800,5700,23600,2000,4200,400
341.0,14.18,110900,1574016.0,14.17,14.16,14.15,14.14,14.13,14.12,14.11,14.1,14.08,14.07,14.18,14.19,14.2,14.21,14.22,14.24,14.25,14.26,14.27,14.28,4600,10600,6400,14000,3900,1600,1900,1100,900,1000,300,2800,1100,1800,800,5700,23600,2000,4200,400
342.0,14.18,111000,1575434.0,14.17,14.16,14.15,14.14,14.13,14.12,14.11,14.1,14.08,14.07,14.18,14.19,14.2,14.21,14.22,14.24,14.25,14.26,14.27,14.28,4600,10600,6400,14000,3900,1600,1900,1100,900,1000,200,2800,1100,1800,800,5700,23600,2000,4200,400
343.0,14.18,111000,1575434.0,14.17,14.16,14.15,14.14,14.13,14.12,14.11,14.1,14.08,14.07,14.18,14.19,14.2,14.21,14.22,14.24,14.25,14.26,14.27,14.28,4600,10600,6400,14000,3900,1600,1900,1100,900,1000,11500,2800,1100,1800,800,5700,23600,2000,4200,400
344.0,14.18,111800,1586778.0,14.17,14.16,14.15,14.14,14.13,14.12,14.11,14.1,14.08,14.07,14.18,14.19,14.2,14.21,14.22,14.24,14.25,14.26,14.27,14.28,4600,10600,6400,14000,3900,1600,1900,1100,900,1000,10700,2800,1100,1800,800,5700,23600,2000,4200,400
345.0,14.18,111800,1586778.0,14.17,14.16,14.15,14.14,14.13,14.12,14.11,14.1,14.08,14.07,14.18,14.19,14.2,14.21,14.22,14.24,14.25,14.26,14.27,14.28,4600,10600,6400,14000,3900,1600,1900,1100,900,1000,10700,2800,1100,1800,800,5700,23600,2000,4200,400
346.0,14.18,111800,1586778.0,14.17,14.16,14.15,14.14,14.13,14.12,14.11,14.1,14.08,14.07,14.18,14.19,14.2,14.21,14.22,14.24,14.25,14.26,14.27,14.28,4600,10600,6400,14000,3900,1600,1900,1100,900,1000,10700,2800,1100,1800,800,5700,23600,2000,4200,400
347.0,14.17,112700,1599531.0,14.17,14.16,14.15,14.14,14.13,14.12,14.11,14.1,14.08,14.07,14.18,14.19,14.2,14.21,14.22,14.24,14.25,14.26,14.27,14.28,4000,10600,6400,14000,3900,1600,1900,1100,900,1000,10700,2800,1100,1800,800,5700,23600,2000,4200,400
348.0,14.18,112800,1600949.0,14.17,14.16,14.15,14.14,14.13,14.12,14.11,14.1,14.08,14.07,14.18,14.19,14.2,14.21,14.22,14.24,14.25,14.26,14.27,14.28,4000,10600,6400,14000,3900,1600,1900,1100,900,1000,10600,2800,1100,1800,800,5700,23600,2000,4200,400
349.0,14.16,124000,1759595.0,14.16,14.15,14.14,14.13,14.12,14.11,14.1,14.08,14.07,14.06,14.17,14.18,14.19,14.2,14.21,14.22,14.24,14.25,14.26,14.27,4100,6400,14000,3900,1600,1900,1100,900,1000,500,1500,9900,2800,1100,1800,800,5700,23600,2000,4200
350.0,14.16,124200,1762428.0,14.16,14.15,14.14,14.13,14.12,14.11,14.1,14.08,14.07,14.06,14.17,14.18,14.19,14.2,14.21,14.22,14.24,14.25,14.26,14.27,4000,6400,14000,3900,1600,1900,1100,900,1000,500,1400,9900,2800,1100,1800,800,5700,23600,2000,4200
351.0,14.16,124200,1762428.0,14.16,14.15,14.14,14.13,14.12,14.11,14.1,14.08,14.07,14.06,14.17,14.18,14.19,14.2,14.21,14.22,14.24,14.25,14.26,14.27,4000,6400,14000,3900,1600,1900,1100,900,1000,500,2000,9900,2800,1100,1800,800,5700,23600,2000,4200
352.0,14.16,124200,1762428.0,14.16,14.15,14.14,14.13,14.12,14.11,14.1,14.08,14.07,14.06,14.17,14.18,14.19,14.2,14.21,14.22,14.24,14.25,14.26,14.27,4000,6400,14000,3900,1600,1900,1100,900,1000,500,2000,9900,2800,1100,1800,800,5700,23600,2000,4200
353.0,14.17,125200,1776594.0,14.16,14.15,14.14,14.13,14.12,14.11,14.1,14.08,14.07,14.06,14.17,14.18,14.19,14.2,14.21,14.22,14.24,14.25,14.26,14.27,3600,6400,14000,3900,1600,1900,1100,900,1000,600,1400,9900,2800,1100,1800,800,5700,23600,2000,4200
354.0,14.17,125200,1776594.0,14.16,14.15,14.14,14.13,14.12,14.11,14.1,14.08,14.07,14.06,14.17,14.18,14.19,14.2,14.21,14.22,14.24,14.25,14.26,14.27,3600,6400,14000,3900,1600,1900,1100,900,1000,600,600,9900,2800,1100,1800,800,5700,23600,2000,4200
355.0,14.17,125200,1776594.0,14.16,14.15,14.14,14.13,14.12,14.11,14.1,14.08,14.07,14.06,14.17,14.18,14.19,14.2,14.21,14.22,14.24,14.25,14.26,14.27,3600,6400,14000,3900,1600,1900,1100,900,1000,600,1500,9900,2800,1100,1800,800,5700,23600,2000,4200
356.0,14.17,125400,1779428.0,14.16,14.15,14.14,14.13,14.12,14.11,14.1,14.08,14.07,14.06,14.17,14.18,14.19,14.2,14.21,14.22,14.24,14.25,14.26,14.27,3600,6400,14000,3900,1600,1900,1100,900,1000,600,1300,9900,2800,1100,1800,800,5700,23600,2000,4200
357.0,14.17,125500,1780845.0,14.16,14.15,14.14,14.13,14.12,14.11,14.1,14.08,14.07,14.06,14.17,14.18,14.19,14.2,14.21,14.22,14.24,14.25,14.26,14.27,3600,6400,14000,3900,1600,1900,1100,900,1000,600,1200,9900,2800,1100,1800,800,5700,23600,2000,4200
358.0,14.17,125500,1780845.0,14.16,14.15,14.14,14.13,14.12,14.11,14.1,14.08,14.07,14.06,14.17,14.18,14.19,14.2,14.21,14.22,14.24,14.25,14.26,14.27,3600,6400,14000,3900,1600,1900,1100,900,1000,600,1200,9900,2800,1100,1800,800,5700,23600,2000,4200
359.0,14.17,125500,1780845.0,14.16,14.15,14.14,14.13,14.12,14.11,14.1,14.08,14.07,14.06,14.17,14.18,14.19,14.2,14.21,14.22,14.24,14.25,14.26,14.27,3600,6400,14000,3900,1600,1900,1100,900,1000,600,1200,9900,2800,1100,1800,800,5700,23600,2000,4200
360.0,14.17,125500,1780845.0,14.16,14.15,14.14,14.13,14.12,14.11,14.1,14.08,14.07,14.06,14.17,14.18,14.19,14.2,14.21,14.22,14.24,14.25,14.26,14.27,3800,6400,14000,3900,1600,1900,1100,900,1000,600,1200,9900,2800,1100,1800,800,5700,23600,2000,4200
361.0,14.17,125500,1780845.0,14.16,14.15,14.14,14.13,14.12,14.11,14.1,14.08,14.07,14.06,14.17,14.18,14.19,14.2,14.21,14.22,14.24,14.25,14.26,14.27,3800,6400,14000,3900,1600,1900,1100,900,1000,600,1200,9900,2800,1100,1800,800,5700,23600,2000,4200
362.0,14.17,125500,1780845.0,14.16,14.15,14.14,14.13,14.12,14.11,14.1,14.08,14.07,14.06,14.17,14.18,14.19,14.2,14.21,14.22,14.24,14.25,14.26,14.27,3800,6400,14000,3900,1600,1900,1100,900,1000,600,1200,9900,2800,1100,1800,800,5700,23600,2000,4200
363.0,14.17,125500,1780845.0,14.16,14.15,14.14,14.13,14.12,14.11,14.1,14.08,14.07,14.06,14.17,14.18,14.19,14.2,14.21,14.22,14.24,14.25,14.26,14.27,3800,6400,14000,3900,1600,1900,1100,900,1000,600,1200,9900,2800,1100,1800,800,5700,23600,2000,4200
364.0,14.16,129400,1836070.0,14.15,14.14,14.13,14.12,14.11,14.1,14.08,14.07,14.06,14.05,14.16,14.17,14.18,14.19,14.2,14.21,14.22,14.24,14.25,14.26,6700,14000,3900,1600,1900,1100,900,1000,600,1900,800,1100,9900,2800,1100,1800,800,5700,23600,2000
365.0,14.16,129600,1838902.0,14.15,14.14,14.13,14.12,14.11,14.1,14.08,14.07,14.06,14.05,14.16,14.17,14.18,14.19,14.2,14.21,14.22,14.24,14.25,14.26,6700,14000,3900,1600,1900,1100,900,1000,600,1900,600,1100,9900,2800,1100,1800,800,5700,23600,2000
366.0,14.16,129600,1838902.0,14.15,14.14,14.13,14.12,14.11,14.1,14.08,14.07,14.06,14.05,14.16,14.17,14.18,14.19,14.2,14.21,14.22,14.24,14.25,14.26,6700,14000,3900,1600,1900,1100,900,1000,600,1900,600,1100,9900,2800,1100,1800,800,5700,23600,2000
367.0,14.16,129600,1838902.0,14.15,14.14,14.13,14.12,14.11,14.1,14.08,14.07,14.06,14.05,14.16,14.17,14.18,14.19,14.2,14.21,14.22,14.24,14.25,14.26,6700,14000,3900,1600,1900,1100,900,1000,600,1900,600,1100,9900,2800,1100,1800,800,5700,23600,2000
368.0,14.16,129600,1838902.0,14.15,14.14,14.13,14.12,14.11,14.1,14.08,14.07,14.06,14.05,14.16,14.17,14.18,14.19,14.2,14.21,14.22,14.24,14.25,14.26,6700,14000,3900,1600,1900,1100,900,1000,600,1900,600,1100,9900,2800,1100,1800,800,5700,23600,2000
369.0,14.15,129700,1840317.0,14.15,14.14,14.13,14.12,14.11,14.1,14.08,14.07,14.06,14.05,14.16,14.17,14.18,14.19,14.2,14.21,14.22,14.24,14.25,14.26,6600,14000,3900,1100,1100,1100,900,1000,600,1900,600,1100,9900,2800,1100,1800,800,5700,23600,2000
370.0,14.16,130400,1850229.0,14.15,14.14,14.13,14.12,14.11,14.1,14.08,14.07,14.06,14.05,14.16,14.17,14.18,14.19,14.2,14.21,14.22,14.24,14.25,14.26,6600,14000,3900,1100,1100,1100,900,1000,600,1900,400,1100,9900,2800,1100,1800,800,5700,23600,2000
371.0,14.16,130400,1850229.0,14.15,14.14,14.13,14.12,14.11,14.1,14.08,14.07,14.06,14.05,14.16,14.17,14.18,14.19,14.2,14.21,14.22,14.24,14.25,14.26,6600,14000,3900,1100,1100,1100,900,1000,600,1900,400,1100,9900,2800,1100,1800,800,5700,23600,2000
372.0,14.16,130400,1850229.0,14.15,14.14,14.13,14.12,14.11,14.1,14.08,14.07,14.06,14.05,14.16,14.17,14.18,14.19,14.2,14.21,14.22,14.24,14.25,14.26,6600,14000,3900,1100,1100,1100,900,1000,600,1900,400,1100,9900,2800,1100,1800,800,5700,23600,2000
373.0,14.16,130400,1850229.0,14.15,14.14,14.13,14.12,14.11,14.1,14.08,14.07,14.06,14.05,14.16,14.17,14.18,14.19,14.2,14.21,14.22,14.24,14.25,14.26,6600,14000,3900,1100,1100,1100,900,1000,600,1900,400,200,9900,2800,1100,1800,800,5700,23600,2000
374.0,14.17,131100,1860144.0,14.15,14.14,14.13,14.12,14.11,14.1,14.08,14.07,14.06,14.05,14.18,14.19,14.2,14.21,14.22,14.24,14.25,14.26,14.27,14.28,6600,14000,3900,1100,1100,1100,900,1000,600,1900,9900,2800,1100,900,800,5700,23600,2000,4200,400
375.0,14.17,131100,1860144.0,14.15,14.14,14.13,14.12,14.11,14.1,14.08,14.07,14.06,14.05,14.18,14.19,14.2,14.21,14.22,14.24,14.25,14.26,14.27,14.28,6800,14000,3900,1100,1100,1100,900,1000,600,1900,10100,2800,1100,900,800,5700,23600,2000,4200,400
376.0,14.18,131800,1870070.0,14.15,14.14,14.13,14.12,14.11,14.1,14.08,14.07,14.06,14.05,14.18,14.19,14.2,14.21,14.22,14.24,14.25,14.26,14.27,14.28,7100,14000,3900,1100,1100,1100,900,1000,600,1900,9700,2800,1100,900,800,5700,23600,2000,4200,400
377.0,14.18,131800,1870070.0,14.17,14.15,14.14,14.13,14.12,14.11,14.1,14.08,14.07,14.06,14.18,14.19,14.2,14.21,14.22,14.24,14.25,14.26,14.27,14.28,4000,7200,14000,3900,1100,1100,1100,900,1000,600,9800,2800,1100,900,800,5700,23600,2000,4200,400
378.0,14.17,132700,1882823.0,14.17,14.15,14.14,14.13,14.12,14.11,14.1,14.08,14.07,14.06,14.18,14.19,14.2,14.21,14.22,14.24,14.25,14.26,14.27,14.28,3100,7200,14000,3900,1100,1100,1100,900,1000,600,10200,2800,1100,900,800,5700,23600,2000,4200,400
379.0,14.18,133400,1892749.0,14.17,14.15,14.14,14.13,14.12,14.11,14.1,14.08,14.07,14.06,14.18,14.19,14.2,14.21,14.22,14.24,14.25,14.26,14.27,14.28,3100,8200,14000,3900,1100,1100,1100,900,1000,600,9500,2800,1100,900,800,5700,23600,2000,4200,400
380.0,14.17,133700,1897000.0,14.17,14.15,14.14,14.13,14.12,14.11,14.1,14.08,14.07,14.06,14.18,14.19,14.2,14.21,14.22,14.24,14.25,14.26,14.27,14.28,2800,8200,14000,3900,1100,1100,1100,900,1000,600,9500,2800,1100,900,800,5700,23600,2000,4200,400
381.0,14.17,133700,1897000.0,14.17,14.15,14.14,14.13,14.12,14.11,14.1,14.08,14.07,14.06,14.18,14.19,14.2,14.21,14.22,14.24,14.25,14.26,14.27,14.28,2800,8200,14000,3900,1100,1100,1100,900,1000,600,9500,2800,1100,900,800,5700,23600,2000,4200,400
382.0,14.18,135100,1916852.0,14.17,14.15,14.14,14.13,14.12,14.11,14.1,14.08,14.07,14.06,14.18,14.19,14.2,14.21,14.22,14.24,14.25,14.26,14.27,14.28,2800,12200,14000,3900,1100,1100,1100,900,1000,600,8100,2800,1100,900,800,5700,23600,2000,4200,400
383.0,14.18,135800,1926778.0,14.17,14.15,14.14,14.13,14.12,14.11,14.1,14.08,14.07,14.06,14.18,14.19,14.2,14.22,14.24,14.25,14.26,14.27,14.28,14.29,2800,12200,14000,3900,1100,1100,1100,900,1000,600,7400,2800,1100,800,5700,23600,2000,4200,400,5900
384.0,14.17,136300,1933863.0,14.17,14.15,14.14,14.13,14.12,14.11,14.1,14.08,14.07,14.06,14.18,14.19,14.2,14.22,14.24,14.25,14.26,14.27,14.28,14.29,2300,12200,14000,3900,1600,1100,1900,900,1000,600,7400,2800,1100,800,5700,23600,2000,4200,400,5900
385.0,14.17,136900,1942365.0,14.17,14.15,14.14,14.13,14.12,14.11,14.1,14.08,14.07,14.06,14.18,14.19,14.2,14.22,14.24,14.25,14.26,14.27,14.28,14.29,1700,12200,14000,3900,1600,1100,1900,900,1000,600,7400,2800,1100,800,5700,23600,2000,4200,400,5900
386.0,14.17,138500,1965051.0,14.17,14.15,14.14,14.13,14.12,14.11,14.1,14.08,14.07,14.06,14.18,14.19,14.2,14.22,14.24,14.25,14.26,14.27,14.28,14.29,1500,12200,14000,3900,1600,1100,1900,900,1000,600,6000,2800,1100,800,5700,23600,2000,4200,400,5900
387.0,14.17,140000,1986312.0,14.17,14.15,14.14,14.13,14.12,14.11,14.1,14.08,14.07,14.06,14.18,14.19,14.2,14.22,14.24,14.25,14.26,14.27,14.28,14.29,600,12200,14000,3900,1600,1100,1900,900,1000,600,5400,2800,1100,800,5700,23600,2000,4200,400,5900
388.0,14.17,140500,1993397.0,14.17,14.15,14.14,14.13,14.12,14.11,14.1,14.08,14.07,14.06,14.18,14.19,14.2,14.22,14.24,14.25,14.26,14.27,14.28,14.29,100,12200,14000,3900,1600,1100,1900,900,1000,600,5400,2800,1100,800,5700,23600,2000,4200,400,5900
389.0,14.18,141000,2000487.0,14.17,14.15,14.14,14.13,14.12,14.11,14.1,14.08,14.07,14.06,14.18,14.19,14.2,14.22,14.24,14.25,14.26,14.27,14.28,14.29,100,12200,14000,3900,1600,1100,1900,900,1000,600,4900,2800,1100,800,5700,23600,2000,4200,400,5900
390.0,14.18,141400,2006159.0,14.17,14.16,14.15,14.14,14.13,14.12,14.11,14.1,14.08,14.07,14.18,14.19,14.2,14.22,14.24,14.25,14.26,14.27,14.28,14.29,100,100,12200,14000,3900,1600,1100,1900,900,1000,4500,2800,1100,800,5700,23600,2000,4200,400,5900
391.0,14.18,141400,2006159.0,14.17,14.16,14.15,14.14,14.13,14.12,14.11,14.1,14.08,14.07,14.18,14.19,14.2,14.22,14.24,14.25,14.26,14.27,14.28,14.29,100,100,12200,14000,3900,1600,1100,1900,900,1000,4500,2800,1100,800,5700,23600,2000,4200,400,5900
392.0,14.16,141600,2008992.0,14.17,14.16,14.15,14.14,14.13,14.12,14.11,14.1,14.08,14.07,14.18,14.19,14.2,14.22,14.24,14.25,14.26,14.27,14.28,14.29,100,100,12200,14000,3900,1600,1100,1900,900,1000,4500,2800,1100,800,5700,23600,2000,4200,400,5900
393.0,14.17,143000,2028843.0,14.16,14.15,14.14,14.13,14.12,14.11,14.1,14.08,14.07,14.06,14.18,14.19,14.2,14.22,14.24,14.25,14.26,14.27,14.28,14.29,100,12200,14000,3900,1600,1100,1900,900,1000,600,3200,2800,1100,800,5700,23600,2000,4200,400,5900
394.0,14.18,143300,2033097.0,14.16,14.15,14.14,14.13,14.12,14.11,14.1,14.08,14.07,14.06,14.18,14.19,14.2,14.22,14.24,14.25,14.26,14.27,14.28,14.29,200,12200,14000,3900,1600,1100,1900,900,1000,600,3000,2800,1100,800,5700,23600,2000,4200,400,5900
395.0,14.18,143300,2033097.0,14.16,14.15,14.14,14.13,14.12,14.11,14.1,14.08,14.07,14.06,14.17,14.18,14.19,14.2,14.22,14.24,14.25,14.26,14.27,14.28,300,12200,14000,3900,1600,1100,1900,900,1000,600,300,3200,2800,1100,800,5700,23600,2000,4200,400
396.0,14.18,143300,2033097.0,14.16,14.15,14.14,14.13,14.12,14.11,14.1,14.08,14.07,14.06,14.17,14.18,14.19,14.2,14.22,14.24,14.25,14.26,14.27,14.28,300,12200,14000,3900,1600,1100,1900,900,1000,600,300,3200,2800,1100,800,5700,23600,2000,4200,400
397.0,14.18,143300,2033097.0,14.16,14.15,14.14,14.13,14.12,14.11,14.1,14.08,14.07,14.06,14.17,14.18,14.19,14.2,14.22,14.24,14.25,14.26,14.27,14.28,300,12200,19100,3900,1600,1100,1900,900,1000,600,300,3200,2800,1100,800,5700,23600,2000,4200,400
398.0,14.18,143300,2033097.0,14.16,14.15,14.14,14.13,14.12,14.11,14.1,14.08,14.07,14.06,14.17,14.18,14.19,14.2,14.22,14.24,14.25,14.26,14.27,14.28,300,12200,18100,3900,1600,1100,1900,900,1000,600,300,3200,2800,1100,800,5700,23600,2000,4200,400
399.0,14.17,143400,2034514.0,14.16,14.15,14.14,14.13,14.12,14.11,14.1,14.08,14.07,14.06,14.17,14.18,14.19,14.2,14.22,14.24,14.25,14.26,14.27,14.28,400,12200,18100,3900,1600,1100,1900,900,1000,600,200,3200,2800,1100,800,5700,23600,2000,4200,400
400.0,14.17,144000,2043012.0,14.17,14.15,14.14,14.13,14.12,14.11,14.1,14.08,14.07,14.06,14.18,14.19,14.2,14.22,14.24,14.25,14.26,14.27,14.28,14.29,1100,12200,18100,3900,1600,1100,1900,900,1000,600,3200,2800,1100,800,5700,23600,2000,4200,400,5900
401.0,14.18,147700,2095478.0,14.18,14.17,14.15,14.14,14.13,14.12,14.11,14.1,14.08,14.07,14.19,14.2,14.22,14.24,14.25,14.26,14.27,14.28,14.29,14.3,1300,1100,12200,18100,3900,1600,1100,1900,900,1000,2800,1100,800,5700,23600,2000,4200,400,5900,300
402.0,14.19,147900,2098316.0,14.18,14.17,14.15,14.14,14.13,14.12,14.11,14.1,14.08,14.07,14.19,14.2,14.22,14.24,14.25,14.26,14.27,14.28,14.29,14.3,1300,800,12200,18100,3900,1600,1100,1900,900,1000,2600,1100,800,5700,23600,2000,4200,400,5900,300
403.0,14.19,147900,2098316.0,14.18,14.17,14.15,14.14,14.13,14.12,14.11,14.1,14.08,14.07,14.19,14.2,14.22,14.24,14.25,14.26,14.27,14.28,14.29,14.3,1300,800,12200,18100,3900,2600,1100,1900,900,1000,2600,1100,800,5700,23600,2000,4200,400,5900,300
404.0,14.19,148200,2102573.0,14.18,14.17,14.16,14.15,14.14,14.13,14.12,14.11,14.1,14.08,14.19,14.2,14.22,14.24,14.25,14.26,14.27,14.28,14.29,14.3,1300,800,1000,12200,18100,3900,2600,1100,1900,900,2300,1100,800,5700,23600,2000,4200,400,5900,300
405.0,14.19,148600,2108249.0,14.18,14.17,14.16,14.15,14.14,14.13,14.12,14.11,14.1,14.08,14.19,14.2,14.22,14.24,14.25,14.26,14.27,14.28,14.29,14.3,1300,800,1000,12200,18100,3900,2600,1100,1900,900,1900,1100,800,5700,23600,2000,4200,400,5900,300
406.0,14.19,148700,2109668.0,14.18,14.17,14.16,14.15,14.14,14.13,14.12,14.11,14.1,14.08,14.19,14.2,14.22,14.24,14.25,14.26,14.27,14.28,14.29,14.3,1300,800,1000,12200,18100,3900,2600,1100,1900,900,1800,1100,800,5700,23600,2000,4200,400,5900,300
