LocalTime,LastPrice,TradeVolume,TradeValue,BidPrice1,BidPrice2,BidPrice3,BidPrice4,BidPrice5,BidPrice6,BidPrice7,BidPrice8,BidPrice9,BidPriceA,AskPrice1,AskPrice2,AskPrice3,AskPrice4,AskPrice5,AskPrice6,AskPrice7,AskPrice8,AskPrice9,AskPriceA,BidVolume1,BidVolume2,BidVolume3,BidVolume4,BidVolume5,BidVolume6,BidVolume7,BidVolume8,BidVolume9,BidVolumeA,AskVolume1,AskVolume2,AskVolume3,AskVolume4,AskVolume5,AskVolume6,AskVolume7,AskVolume8,AskVolume9,AskVolumeA
0.0,19.01,5200,98852.0,19.0,18.99,18.96,18.95,18.81,18.8,18.75,18.72,18.7,18.66,19.01,19.06,19.07,19.08,19.1,19.17,19.18,19.2,19.25,19.28,900,500,5000,1000,100,1600,300,100,8600,500,3200,2000,2100,100,5500,600,7300,10000,6000,1300
1.0,19.0,6600,125452.0,18.99,18.96,18.95,18.81,18.8,18.77,18.75,18.72,18.7,18.66,19.0,19.01,19.06,19.07,19.08,19.1,19.17,19.18,19.2,19.25,500,5000,1000,100,1600,10000,300,100,8600,500,600,3200,2000,2100,100,5500,600,7300,10000,6000
2.0,18.99,7100,134947.0,18.96,18.95,18.81,18.8,18.77,18.75,18.72,18.7,18.66,18.65,18.99,19.0,19.01,19.06,19.07,19.08,19.1,19.15,19.17,19.18,5000,1000,100,1700,10000,300,100,8600,500,500,9500,1100,3200,2000,2100,100,5500,100,600,7300
3.0,18.99,7100,134947.0,18.96,18.95,18.81,18.8,18.77,18.75,18.72,18.7,18.66,18.65,18.99,19.0,19.01,19.06,19.07,19.08,19.1,19.15,19.17,19.18,5000,1000,100,2200,10000,300,100,8600,500,500,9500,2100,3200,2500,2100,1100,5500,100,600,7300
4.0,18.99,9200,174826.0,18.97,18.96,18.95,18.81,18.8,18.77,18.75,18.72,18.7,18.66,18.99,19.0,19.01,19.05,19.06,19.07,19.08,19.1,19.15,19.17,2600,5000,1000,100,2200,10000,300,100,8600,500,7400,2100,3200,100,2500,2100,1100,5500,100,600
5.0,18.99,9200,174826.0,18.97,18.96,18.95,18.81,18.8,18.77,18.75,18.72,18.7,18.66,18.99,19.0,19.01,19.05,19.06,19.07,19.08,19.1,19.15,19.17,2600,5000,1000,100,2200,10000,300,1100,8600,500,7400,2500,4000,100,2500,2100,1100,6000,100,600
6.0,18.99,9600,182422.0,18.97,18.96,18.95,18.81,18.8,18.77,18.75,18.72,18.7,18.66,18.99,19.0,19.01,19.05,19.06,19.07,19.08,19.1,19.15,19.17,2600,5000,1000,100,2200,10000,300,1100,8600,500,7100,2500,4000,100,2500,2100,1100,6000,100,600
7.0,18.97,10900,207103.0,18.97,18.96,18.95,18.81,18.8,18.77,18.75,18.72,18.7,18.66,18.99,19.0,19.01,19.05,19.06,19.07,19.08,19.1,19.15,19.17,2300,5000,1000,100,2200,10000,300,1100,8600,500,6300,2500,4000,100,11600,2100,1100,6000,100,600
8.0,18.97,12000,227970.0,18.97,18.96,18.95,18.81,18.8,18.77,18.75,18.72,18.7,18.66,18.99,19.0,19.01,19.05,19.06,19.07,19.08,19.09,19.1,19.15,1200,5000,1000,100,2200,10000,300,1100,8600,500,6300,2500,4000,100,11600,2100,1100,1000,5000,100
9.0,18.97,12700,241259.0,18.97,18.96,18.95,18.81,18.8,18.77,18.75,18.72,18.7,18.66,18.99,19.0,19.01,19.05,19.06,19.08,19.09,19.1,19.15,19.17,2100,5000,1000,100,2200,10000,300,1100,8600,500,5800,2500,4000,100,11600,1400,1000,5000,100,2700
10.0,18.97,13000,246950.0,18.97,18.96,18.95,18.81,18.8,18.77,18.75,18.72,18.7,18.66,18.98,18.99,19.0,19.01,19.05,19.06,19.08,19.09,19.1,19.15,1800,5000,1000,100,2200,10000,300,1100,8600,500,200,5800,2300,4000,100,11600,1400,1500,5000,100
11.0,18.97,15800,300084.0,18.96,18.95,18.81,18.8,18.77,18.75,18.72,18.7,18.66,18.65,18.97,18.99,19.0,19.01,19.05,19.06,19.08,19.09,19.1,19.15,5000,1000,1100,2200,10000,300,1100,8600,500,500,1600,4800,2300,4000,100,11600,1400,1500,5500,100
12.0,18.99,18900,358894.0,18.96,18.95,18.81,18.8,18.77,18.75,18.72,18.7,18.66,18.65,18.97,18.99,19.0,19.01,19.05,19.06,19.08,19.09,19.1,19.15,4900,1000,1100,2200,10000,300,1100,8600,500,500,200,4600,2300,4000,100,11600,1400,1500,5500,100
13.0,18.97,23300,442341.0,18.96,18.95,18.81,18.8,18.77,18.75,18.72,18.7,18.66,18.65,18.99,19.0,19.01,19.05,19.06,19.08,19.09,19.1,19.15,19.17,1800,1000,1100,2200,10000,300,1100,8600,500,500,4500,2300,4000,100,11600,1400,1500,5500,100,2700
14.0,18.96,25100,476469.0,18.95,18.81,18.8,18.77,18.75,18.72,18.7,18.66,18.65,18.64,18.96,18.97,18.98,18.99,19.0,19.01,19.05,19.06,19.08,19.09,1000,1100,2200,10000,300,1100,8600,500,500,1300,400,500,800,4500,2300,4000,100,11600,1400,1500
15.0,18.95,25800,489734.0,18.95,18.81,18.8,18.77,18.75,18.72,18.7,18.66,18.65,18.64,18.96,18.97,18.98,18.99,19.0,19.01,19.05,19.06,19.08,19.09,300,1100,2200,10000,300,1100,8600,500,500,1300,1700,500,400,4500,2300,4000,100,11600,1400,1500
16.0,18.96,27200,516275.0,18.82,18.81,18.8,18.77,18.75,18.72,18.7,18.66,18.65,18.64,18.95,18.96,18.97,18.98,18.99,19.0,19.01,19.05,19.06,19.08,4900,1700,2200,10000,300,1100,8600,500,500,1300,600,2200,300,400,4500,2300,4000,100,11600,1400
17.0,18.95,27300,518170.0,18.84,18.83,18.82,18.81,18.8,18.77,18.75,18.72,18.7,18.66,18.95,18.96,18.97,18.98,18.99,19.0,19.01,19.05,19.06,19.08,1600,800,5700,1700,2200,10000,300,1100,8600,500,700,2100,300,400,4500,2300,4000,100,11600,1400
18.0,18.95,27300,518170.0,18.86,18.85,18.84,18.83,18.82,18.81,18.8,18.77,18.75,18.72,18.95,18.96,18.97,18.98,18.99,19.0,19.01,19.05,19.06,19.08,1600,200,1600,1200,5700,1700,2200,10000,300,1100,700,1300,300,400,4500,2300,4000,100,11600,1400
19.0,18.87,27400,520057.0,18.88,18.87,18.86,18.84,18.83,18.82,18.81,18.8,18.77,18.75,18.95,18.96,18.97,18.98,18.99,19.0,19.01,19.05,19.06,19.08,100,100,1600,1600,1200,4500,1100,2200,10000,300,700,1300,200,400,4500,2300,4000,100,11600,1400
20.0,18.95,28100,533322.0,18.89,18.88,18.87,18.86,18.84,18.83,18.82,18.81,18.8,18.77,18.96,18.97,18.98,18.99,19.0,19.01,19.05,19.06,19.08,19.09,100,100,100,1600,1600,600,4500,1100,2200,10000,1300,200,400,4500,2300,4000,100,11600,1400,1500
21.0,18.95,28100,533322.0,18.89,18.88,18.87,18.86,18.84,18.83,18.82,18.81,18.8,18.77,18.96,18.97,18.98,18.99,19.0,19.01,19.05,19.06,19.08,19.09,100,100,100,1600,1600,600,4500,1100,2200,10000,1300,200,400,4500,2300,4000,100,11600,1400,1500
22.0,18.95,28400,539007.0,18.95,18.89,18.88,18.87,18.86,18.84,18.83,18.82,18.81,18.8,18.96,18.97,18.99,19.0,19.01,19.05,19.06,19.08,19.09,19.1,100,100,100,100,1600,1600,600,4500,1100,2200,2000,200,4500,2300,4000,100,11600,1400,1500,5500
23.0,18.95,28500,540902.0,18.89,18.88,18.87,18.86,18.84,18.83,18.82,18.81,18.8,18.77,18.95,18.96,18.97,18.99,19.0,19.01,19.05,19.06,19.08,19.09,100,100,100,1600,1600,600,4500,1100,2200,10000,100,2000,200,4500,2300,4000,100,11600,1400,1500
24.0,18.95,28500,540902.0,18.89,18.88,18.87,18.86,18.84,18.83,18.82,18.81,18.8,18.77,18.94,18.95,18.96,18.97,18.99,19.0,19.01,19.05,19.06,19.08,100,100,100,1600,1600,600,4500,1100,2200,10000,200,2700,2000,200,4500,2300,4000,100,11600,1400
25.0,18.95,29500,559850.0,18.89,18.88,18.87,18.84,18.83,18.82,18.81,18.8,18.77,18.75,18.95,18.96,18.97,18.99,19.0,19.01,19.05,19.06,19.08,19.09,100,100,100,1600,600,6100,1100,2200,10000,300,1900,2000,200,4500,2300,4000,100,11600,1400,1500
26.0,18.95,29600,561745.0,18.89,18.88,18.87,18.84,18.83,18.82,18.81,18.8,18.77,18.75,18.95,18.96,18.97,18.99,19.0,19.01,19.05,19.06,19.08,19.09,100,100,100,1600,600,6100,1100,2200,10000,300,1800,2000,200,4500,2300,4000,100,11600,1400,1500
27.0,18.95,30000,569325.0,18.89,18.88,18.87,18.84,18.83,18.82,18.81,18.8,18.77,18.75,18.95,18.96,18.97,18.99,19.0,19.01,19.05,19.06,19.08,19.09,100,100,100,1600,600,6100,1100,2200,10000,300,1400,2000,100,4500,2300,4000,100,11600,1400,1500
28.0,18.95,30000,569325.0,18.89,18.88,18.87,18.84,18.83,18.82,18.81,18.8,18.77,18.75,18.95,18.96,18.99,19.0,19.01,19.05,19.06,19.08,19.09,19.1,100,100,100,1600,600,6100,1100,2200,10000,300,1400,2000,4500,2300,4000,100,11600,1400,1500,5500
29.0,18.95,35900,681130.0,18.95,18.89,18.88,18.87,18.84,18.83,18.82,18.81,18.8,18.77,18.96,18.99,19.0,19.01,19.05,19.06,19.08,19.09,19.1,19.15,4100,100,100,100,1600,600,6100,1100,2200,10000,1500,4500,2300,4000,100,11600,1400,1500,5500,100
30.0,18.95,36200,686815.0,18.95,18.89,18.88,18.87,18.84,18.83,18.82,18.81,18.8,18.77,18.96,18.99,19.0,19.01,19.05,19.06,19.08,19.09,19.1,19.15,3800,100,100,100,1600,600,6100,1100,2200,10000,1500,4500,2300,4000,100,2500,1400,1500,5500,100
31.0,18.95,36400,690605.0,18.95,18.89,18.88,18.87,18.84,18.83,18.82,18.81,18.8,18.77,18.96,18.99,19.0,19.01,19.05,19.06,19.08,19.09,19.1,19.15,3600,100,100,100,1600,600,6100,1100,2200,10000,1500,4500,2300,4000,100,2500,1400,1500,5500,100
32.0,18.95,36900,700080.0,18.95,18.89,18.88,18.87,18.84,18.83,18.82,18.81,18.8,18.77,18.96,18.99,19.0,19.01,19.05,19.06,19.08,19.09,19.1,19.15,3100,100,100,100,1600,600,6100,1100,2200,10000,1500,4500,2400,4000,100,2500,1400,1500,5500,100
33.0,18.95,36900,700080.0,18.95,18.89,18.88,18.87,18.84,18.83,18.82,18.81,18.8,18.77,18.96,18.99,19.0,19.01,19.05,19.06,19.08,19.09,19.1,19.15,3100,100,100,100,1600,600,6100,1100,2200,10000,1500,4500,2400,4000,100,2500,1400,1500,5500,100
34.0,18.98,38900,738010.0,18.95,18.89,18.88,18.87,18.84,18.83,18.82,18.81,18.8,18.77,18.98,18.99,19.0,19.01,19.05,19.06,19.08,19.09,19.1,19.15,3100,100,100,100,1600,600,6100,1100,2200,10000,100,4500,2200,4000,100,2500,1400,1500,5500,100
35.0,18.98,38900,738010.0,18.95,18.89,18.88,18.87,18.84,18.83,18.82,18.81,18.8,18.77,18.98,18.99,19.0,19.01,19.05,19.06,19.08,19.09,19.1,19.15,3100,400,100,100,1600,600,6100,1100,2200,10000,100,4500,2200,4000,100,2500,1400,1500,5500,100
36.0,18.98,38900,738010.0,18.95,18.89,18.87,18.84,18.83,18.82,18.81,18.8,18.77,18.75,18.97,18.99,19.0,19.01,19.05,19.06,19.08,19.09,19.1,19.15,3100,400,100,1600,600,6100,1100,2200,10000,300,400,4500,2200,4000,100,2500,1400,1500,5500,100
37.0,18.98,38900,738010.0,18.95,18.89,18.87,18.84,18.83,18.82,18.81,18.8,18.77,18.75,18.97,18.99,19.0,19.01,19.05,19.06,19.08,19.09,19.1,19.15,3100,400,100,1600,600,6100,1100,2200,10000,300,400,4500,2200,4000,100,2500,1400,1500,5500,100
38.0,18.98,38900,738010.0,18.95,18.89,18.87,18.84,18.83,18.82,18.81,18.8,18.77,18.75,18.97,18.99,19.0,19.01,19.05,19.06,19.08,19.09,19.1,19.15,3100,400,100,1600,600,6100,1100,2200,10000,300,400,4500,2200,4000,100,2500,1400,1500,5500,100
39.0,18.98,38900,738010.0,18.95,18.89,18.87,18.84,18.83,18.82,18.81,18.8,18.77,18.75,18.97,18.99,19.0,19.01,19.05,19.06,19.08,19.09,19.1,19.15,3100,400,100,1600,600,6100,1100,2200,10000,300,400,4500,2200,4000,100,2500,1400,1500,5500,100
40.0,18.95,39000,739905.0,18.95,18.89,18.87,18.84,18.83,18.82,18.81,18.8,18.77,18.75,18.97,18.99,19.0,19.01,19.05,19.06,19.08,19.09,19.1,19.15,3000,400,100,1600,600,6100,1100,2200,10000,300,400,4500,2200,4000,100,2500,1400,1500,5500,100
41.0,18.95,39000,739905.0,18.95,18.89,18.87,18.84,18.83,18.82,18.81,18.8,18.77,18.75,18.97,18.99,19.0,19.01,19.05,19.06,19.08,19.09,19.1,19.15,3000,400,100,1600,600,6100,1100,2200,10000,300,400,4500,2200,4000,100,2500,1400,1500,5500,100
42.0,18.97,39500,749388.0,18.98,18.95,18.89,18.87,18.84,18.83,18.82,18.81,18.8,18.77,18.99,19.0,19.01,19.05,19.06,19.08,19.09,19.1,19.15,19.17,4600,2900,400,100,1600,600,6100,1100,2200,10000,4500,2200,4000,100,2500,1400,1500,5500,100,2700
43.0,18.97,39500,749388.0,18.98,18.95,18.89,18.87,18.84,18.83,18.82,18.81,18.8,18.77,18.99,19.0,19.01,19.05,19.06,19.08,19.09,19.1,19.15,19.17,4600,2900,400,100,1600,600,6100,1100,2200,10000,4500,2200,4000,100,2500,1400,1500,5500,100,2700
44.0,18.98,44100,836696.0,18.95,18.89,18.87,18.84,18.83,18.82,18.81,18.8,18.77,18.75,18.98,18.99,19.0,19.01,19.05,19.06,19.08,19.09,19.1,19.15,3300,400,100,1600,600,6100,1100,2200,10000,300,700,4500,2200,4000,100,2500,1400,1500,5500,100
45.0,18.95,46900,889756.0,18.95,18.89,18.87,18.85,18.84,18.83,18.82,18.81,18.8,18.77,18.98,18.99,19.0,19.01,19.05,19.06,19.08,19.09,19.1,19.15,500,400,100,300,1600,600,6100,1100,2200,10000,700,4500,2200,4000,100,2500,1400,1500,5500,100
46.0,18.99,52100,988497.0,18.99,18.95,18.89,18.87,18.85,18.84,18.83,18.82,18.81,18.8,19.0,19.01,19.05,19.06,19.08,19.09,19.1,19.15,19.17,19.18,14600,500,400,100,300,1600,600,6100,1100,2200,2200,4000,100,2500,1400,1500,5500,100,2700,7900
47.0,19.0,53500,1015097.0,18.99,18.97,18.95,18.89,18.87,18.85,18.84,18.83,18.82,18.81,19.0,19.01,19.05,19.06,19.08,19.09,19.1,19.15,19.17,19.18,14600,1600,500,400,100,300,1600,600,5400,1100,800,4000,100,2500,1400,1500,5500,100,2700,7900
48.0,19.01,54700,1037901.0,19.0,18.99,18.97,18.95,18.89,18.87,18.85,18.84,18.83,18.82,19.01,19.05,19.06,19.08,19.09,19.1,19.15,19.17,19.18,19.19,100,14600,1600,500,400,100,300,1600,600,5400,3600,100,2500,1400,1500,5500,100,2700,7900,1100
49.0,19.01,54700,1037901.0,19.0,18.99,18.97,18.95,18.89,18.85,18.84,18.83,18.82,18.81,19.01,19.05,19.06,19.08,19.09,19.1,19.15,19.17,19.18,19.19,100,15200,1600,500,400,300,1600,600,5400,1100,3600,100,2500,1400,1500,5500,100,2700,7900,1100
50.0,19.01,58400,1108238.0,19.01,19.0,18.99,18.97,18.95,18.89,18.85,18.84,18.83,18.82,19.04,19.05,19.06,19.08,19.09,19.1,19.15,19.17,19.18,19.19,200,100,15200,1600,500,400,300,1600,600,5400,400,100,2500,1400,1500,5500,100,2700,7900,1100
51.0,19.01,58400,1108238.0,19.01,19.0,18.99,18.97,18.95,18.89,18.85,18.84,18.83,18.82,19.04,19.05,19.06,19.08,19.09,19.1,19.15,19.17,19.18,19.19,300,100,15200,1600,500,400,300,1600,600,5400,500,100,2500,1400,1500,5500,100,2700,7900,1100
52.0,19.01,58400,1108238.0,19.01,19.0,18.99,18.97,18.95,18.89,18.85,18.84,18.83,18.82,19.04,19.05,19.06,19.08,19.09,19.1,19.15,19.17,19.18,19.19,300,100,15200,1600,500,400,300,1600,600,5400,500,100,2500,1400,1500,5500,100,2700,7900,1100
53.0,19.01,58400,1108238.0,19.01,19.0,18.99,18.95,18.89,18.85,18.84,18.83,18.82,18.81,19.04,19.05,19.06,19.08,19.09,19.1,19.15,19.17,19.18,19.19,300,100,15200,500,400,300,1600,600,5400,1100,500,100,2500,1400,1500,5500,100,2700,7900,1100
54.0,19.04,58900,1117758.0,19.01,19.0,18.99,18.95,18.89,18.85,18.84,18.83,18.82,18.81,19.04,19.05,19.06,19.08,19.09,19.1,19.15,19.17,19.18,19.19,400,100,15200,500,400,300,1600,600,5400,1100,100,100,2500,1400,1500,5500,100,2700,7900,1100
55.0,19.04,58900,1117758.0,19.01,19.0,18.99,18.95,18.89,18.85,18.84,18.83,18.82,18.81,19.04,19.05,19.06,19.08,19.09,19.1,19.15,19.17,19.18,19.19,600,100,15200,500,400,300,1600,600,5400,1100,100,100,2500,1400,1500,5500,100,2700,7900,1100
56.0,19.04,58900,1117758.0,19.01,19.0,18.99,18.95,18.89,18.85,18.84,18.83,18.82,18.81,19.04,19.05,19.06,19.08,19.09,19.1,19.15,19.17,19.18,19.19,600,100,15200,500,400,300,1600,600,5400,1100,100,100,2500,1400,1500,5500,100,2700,7900,1100
57.0,19.04,58900,1117758.0,19.01,19.0,18.99,18.95,18.89,18.85,18.84,18.83,18.82,18.81,19.04,19.05,19.06,19.08,19.09,19.1,19.15,19.17,19.18,19.19,700,100,15200,500,400,300,1600,600,5400,1100,200,100,2500,1400,1500,5500,100,2700,7900,1100
58.0,19.04,58900,1117758.0,19.01,19.0,18.99,18.95,18.89,18.85,18.84,18.83,18.82,18.81,19.04,19.05,19.06,19.08,19.09,19.1,19.15,19.17,19.18,19.19,700,100,15200,500,400,300,1600,600,5400,1100,200,100,3000,1400,1500,5500,100,2700,7900,1100
59.0,19.06,61900,1174931.0,19.01,19.0,18.99,18.95,18.89,18.85,18.84,18.83,18.82,18.81,19.06,19.08,19.09,19.1,19.15,19.17,19.18,19.19,19.2,19.25,800,100,15200,500,400,300,1600,600,5400,1100,400,1400,1500,5500,100,2700,7900,1100,10000,6000
60.0,19.06,61900,1174931.0,19.01,19.0,18.99,18.95,18.89,18.85,18.84,18.83,18.82,18.81,19.06,19.08,19.09,19.1,19.15,19.17,19.18,19.19,19.2,19.25,800,100,15200,500,400,300,1600,600,5400,1100,400,1400,1500,5500,100,2700,7900,1100,10000,6000
61.0,19.06,62500,1186367.0,19.01,19.0,18.99,18.95,18.89,18.85,18.84,18.83,18.82,18.81,19.06,19.08,19.09,19.1,19.15,19.17,19.18,19.19,19.2,19.25,1200,100,15200,500,400,300,1600,600,5400,1100,300,1400,1500,5500,100,2700,7900,1100,10000,6000
62.0,19.06,62500,1186367.0,19.01,19.0,18.99,18.95,18.89,18.85,18.84,18.83,18.82,18.81,19.06,19.08,19.09,19.1,19.15,19.17,19.18,19.19,19.2,19.25,1300,100,15200,500,400,300,1600,600,5400,1100,300,1400,1500,5500,100,2700,7900,1100,10000,6000
63.0,19.06,62500,1186367.0,19.01,19.0,18.99,18.95,18.89,18.85,18.84,18.83,18.82,18.81,19.06,19.08,19.09,19.1,19.15,19.17,19.18,19.19,19.2,19.25,1300,100,15200,500,400,300,1600,600,5400,1100,300,1400,1500,5500,100,2700,7900,1100,10000,6000
64.0,19.01,62600,1188268.0,19.01,19.0,18.99,18.95,18.89,18.85,18.84,18.83,18.82,18.81,19.06,19.08,19.09,19.1,19.15,19.17,19.18,19.19,19.2,19.25,1700,100,15200,500,400,300,1600,600,5400,1100,800,1400,1500,5500,100,2700,7900,1100,10000,6000
65.0,19.01,62600,1188268.0,19.01,19.0,18.99,18.95,18.89,18.85,18.84,18.83,18.82,18.81,19.06,19.08,19.09,19.1,19.15,19.17,19.18,19.19,19.2,19.25,1700,100,15200,500,400,300,1600,600,5400,1100,800,1400,1500,5500,100,2700,7900,1100,10000,6000
66.0,19.01,62600,1188268.0,19.01,19.0,18.99,18.95,18.89,18.85,18.84,18.83,18.82,18.81,19.06,19.08,19.09,19.1,19.15,19.17,19.18,19.19,19.2,19.25,1900,100,15200,600,400,300,1600,600,5400,1100,1000,1400,1500,5500,100,2700,7900,1100,10000,6000
67.0,19.01,63700,1209179.0,19.01,18.99,18.95,18.89,18.85,18.84,18.83,18.82,18.81,18.8,19.06,19.07,19.08,19.09,19.1,19.15,19.17,19.18,19.19,19.2,900,15300,600,400,300,1600,600,5200,1100,4200,1100,300,1400,1500,5500,100,2700,7900,1100,10000
68.0,19.01,63700,1209179.0,19.02,19.01,19.0,18.99,18.95,18.89,18.85,18.84,18.83,18.82,19.06,19.07,19.08,19.09,19.1,19.15,19.17,19.18,19.19,19.2,1200,3800,600,15300,600,400,300,1600,600,5200,1300,300,1400,1500,5500,100,2700,7900,1100,10000
69.0,19.01,63700,1209179.0,19.02,19.01,19.0,18.99,18.95,18.89,18.85,18.84,18.83,18.82,19.06,19.07,19.08,19.09,19.1,19.15,19.17,19.18,19.19,19.2,1200,3800,600,15300,600,400,300,1600,600,5200,1300,300,1400,1500,5500,100,2700,7900,1100,10000
70.0,19.01,66600,1264320.0,19.01,19.0,18.99,18.95,18.89,18.85,18.84,18.83,18.82,18.81,19.06,19.07,19.08,19.09,19.1,19.15,19.17,19.18,19.19,19.2,400,600,15300,600,400,300,1600,600,5200,1100,1300,300,1400,1500,5500,100,2700,7900,1100,10000
71.0,19.06,66700,1266226.0,19.02,19.01,19.0,18.99,18.95,18.89,18.85,18.84,18.83,18.82,19.06,19.07,19.08,19.09,19.1,19.15,19.17,19.18,19.19,19.2,1700,500,600,15300,600,400,300,1600,600,5200,1300,300,1400,1500,5500,100,2700,7900,1100,10000
72.0,19.06,66700,1266226.0,19.02,19.01,19.0,18.99,18.95,18.89,18.85,18.84,18.83,18.82,19.06,19.07,19.08,19.09,19.1,19.15,19.17,19.18,19.19,19.2,1700,500,600,15300,600,400,300,1600,600,5200,1300,300,1400,1500,5500,100,2700,7900,1100,10000
73.0,19.02,66800,1268128.0,19.02,19.01,19.0,18.99,18.95,18.89,18.85,18.84,18.83,18.82,19.06,19.07,19.08,19.09,19.1,19.15,19.17,19.18,19.19,19.25,1600,500,600,15300,600,400,300,1600,600,5200,1300,300,1400,1500,5500,100,2700,7900,1100,6000
74.0,19.02,66800,1268128.0,19.02,19.01,19.0,18.99,18.95,18.89,18.85,18.84,18.83,18.82,19.06,19.07,19.08,19.09,19.1,19.15,19.17,19.18,19.19,19.25,1600,500,600,15300,600,400,300,1600,600,5200,1300,300,1400,1500,5500,100,2700,7900,1100,6000
75.0,19.02,66900,1270030.0,19.02,19.01,19.0,18.99,18.95,18.89,18.85,18.84,18.83,18.82,19.06,19.07,19.08,19.09,19.1,19.15,19.17,19.18,19.19,19.25,1500,500,600,15300,600,400,300,1600,600,5200,1300,300,1400,1500,5500,100,2700,7900,1100,6000
76.0,19.02,66900,1270030.0,19.02,19.01,19.0,18.99,18.95,18.89,18.85,18.84,18.83,18.82,19.06,19.07,19.08,19.09,19.1,19.15,19.17,19.18,19.19,19.25,1500,500,600,15300,600,400,300,1600,600,5200,1300,300,1400,1500,5500,100,2700,7900,1100,6000
77.0,19.02,66900,1270030.0,19.02,19.01,19.0,18.99,18.95,18.89,18.85,18.84,18.83,18.82,19.06,19.07,19.08,19.09,19.1,19.15,19.17,19.18,19.19,19.25,1500,500,600,15300,600,400,300,1600,600,5200,1300,300,1400,1500,5500,100,2700,7900,1100,6000
78.0,19.02,67000,1271932.0,19.02,19.01,19.0,18.99,18.95,18.89,18.85,18.84,18.83,18.82,19.06,19.07,19.08,19.09,19.1,19.15,19.17,19.18,19.19,19.25,1400,500,600,15300,600,400,300,1600,600,5200,1300,300,1400,2500,5500,100,2700,7900,1100,6000
79.0,19.02,67000,1271932.0,19.02,19.01,19.0,18.99,18.95,18.89,18.85,18.84,18.83,18.82,19.06,19.07,19.08,19.09,19.1,19.15,19.17,19.18,19.19,19.25,1400,500,600,15300,600,400,300,1600,600,5200,1300,300,1400,2500,5500,100,2700,7900,1100,6000
80.0,19.02,67000,1271932.0,19.05,19.02,19.01,19.0,18.99,18.95,18.89,18.85,18.84,18.83,19.06,19.07,19.08,19.09,19.1,19.15,19.17,19.18,19.19,19.25,2400,1400,500,600,15300,600,400,300,1600,600,1300,300,1400,2500,5500,100,2700,7900,1100,6000
81.0,19.05,67200,1275742.0,19.05,19.01,19.0,18.99,18.95,18.89,18.85,18.84,18.83,18.82,19.06,19.07,19.08,19.09,19.1,19.15,19.17,19.18,19.19,19.25,2200,500,600,15300,600,400,300,1600,600,5200,1300,400,1400,2500,5500,100,2700,7900,1100,6000
82.0,19.05,67200,1275742.0,19.05,19.01,19.0,18.99,18.95,18.89,18.85,18.84,18.83,18.82,19.06,19.07,19.08,19.09,19.1,19.15,19.17,19.18,19.19,19.25,2200,500,600,15300,600,400,300,1600,600,5200,1300,400,1400,2500,2500,100,2700,7900,1100,6000
83.0,19.05,67200,1275742.0,19.05,19.01,19.0,18.99,18.95,18.89,18.85,18.84,18.83,18.82,19.06,19.07,19.08,19.09,19.1,19.15,19.17,19.18,19.19,19.25,2200,500,600,15300,600,400,300,1600,600,5200,1300,400,1400,2500,2500,100,2700,7900,1100,6000
84.0,19.05,67400,1279552.0,19.05,19.01,19.0,18.99,18.95,18.89,18.85,18.84,18.83,18.82,19.06,19.07,19.08,19.09,19.1,19.15,19.17,19.18,19.19,19.25,2000,500,600,15300,600,400,1300,1600,600,5200,1300,400,1400,2500,2500,100,2700,7900,1100,6000
85.0,19.05,67400,1279552.0,19.05,19.01,19.0,18.99,18.95,18.89,18.85,18.84,18.83,18.82,19.06,19.07,19.08,19.09,19.1,19.15,19.17,19.18,19.19,19.25,2000,500,600,15300,600,400,1300,1600,600,5200,1300,400,1400,2500,2500,100,2700,7900,1100,6000
86.0,19.05,67400,1279552.0,19.05,19.01,19.0,18.99,18.95,18.89,18.85,18.84,18.83,18.82,19.06,19.07,19.08,19.09,19.1,19.15,19.17,19.18,19.19,19.25,2000,500,600,15300,200,400,1300,1600,600,5200,1300,6200,1400,2500,2500,100,2700,7900,1100,6000
87.0,19.05,67400,1279552.0,19.05,19.01,19.0,18.99,18.95,18.89,18.85,18.84,18.83,18.82,19.06,19.07,19.08,19.09,19.1,19.15,19.17,19.18,19.19,19.25,2000,500,600,15300,200,400,1300,1600,600,5200,1300,6200,1400,2500,2500,100,2700,7900,1100,6000
88.0,19.05,67600,1283362.0,19.05,19.01,19.0,18.99,18.95,18.89,18.85,18.84,18.83,18.82,19.06,19.07,19.08,19.09,19.1,19.15,19.17,19.18,19.19,19.25,1800,500,600,15300,200,400,1300,1600,600,5200,1300,6200,1400,2500,2500,100,2700,7900,1100,6000
89.0,19.05,67600,1283362.0,19.05,19.01,19.0,18.99,18.95,18.89,18.85,18.84,18.83,18.82,19.06,19.07,19.08,19.09,19.1,19.15,19.17,19.18,19.19,19.25,1800,500,600,15300,200,400,1300,1600,600,5200,1300,6200,1400,2500,2500,100,2700,7900,1100,6000
90.0,19.05,67600,1283362.0,19.05,19.01,19.0,18.99,18.95,18.89,18.85,18.84,18.83,18.82,19.06,19.07,19.08,19.09,19.1,19.15,19.17,19.18,19.19,19.25,1800,500,600,15300,200,400,1300,1600,600,5200,1300,6200,1400,2500,2500,100,2700,7900,1100,6000
91.0,19.06,68000,1290985.0,19.05,19.01,19.0,18.99,18.95,18.89,18.85,18.84,18.83,18.82,19.06,19.07,19.08,19.09,19.1,19.15,19.17,19.18,19.19,19.25,1700,500,600,15300,200,400,1300,1600,600,5200,1000,6200,1400,2500,2500,100,2700,7900,1100,6000
92.0,19.07,79700,1513892.0,19.05,19.01,19.0,18.99,18.95,18.89,18.85,18.84,18.83,18.82,19.06,19.07,19.08,19.09,19.1,19.15,19.17,19.18,19.19,19.25,600,500,600,15300,200,400,1300,1600,600,5200,4600,5600,1400,2500,3500,100,2700,7900,1100,6000
93.0,19.05,83400,1584408.0,19.01,19.0,18.99,18.95,18.89,18.85,18.84,18.83,18.82,18.81,19.05,19.06,19.07,19.08,19.09,19.1,19.15,19.17,19.18,19.19,500,600,15300,200,400,1300,1600,600,5200,1100,900,1500,5600,1400,2500,3500,100,2700,7900,1100
94.0,19.05,83400,1584408.0,19.01,19.0,18.99,18.95,18.89,18.85,18.84,18.83,18.82,18.81,19.05,19.06,19.07,19.08,19.09,19.1,19.15,19.17,19.18,19.19,500,2300,15300,200,400,1300,1600,600,5200,1100,900,1500,5600,1400,2500,3500,100,2700,7900,1100
95.0,19.05,83600,1588218.0,19.01,19.0,18.99,18.95,18.89,18.85,18.84,18.83,18.82,18.81,19.05,19.06,19.07,19.08,19.09,19.1,19.15,19.17,19.18,19.19,500,2900,15300,200,400,1300,1600,600,5200,1100,700,1500,5600,1400,2500,3500,100,2700,7900,1100
96.0,19.05,83600,1588218.0,19.01,19.0,18.99,18.95,18.89,18.85,18.84,18.83,18.82,18.81,19.05,19.06,19.07,19.08,19.09,19.1,19.15,19.17,19.18,19.19,500,2900,15300,200,400,1300,1600,600,5200,1100,300,1500,5600,1400,2500,3500,100,2700,7900,1100
97.0,19.05,83600,1588218.0,19.01,19.0,18.99,18.95,18.89,18.85,18.84,18.83,18.82,18.81,19.05,19.06,19.07,19.08,19.09,19.1,19.15,19.17,19.18,19.19,500,2900,15300,200,400,1300,1600,600,5200,1100,300,1500,5600,1400,2500,3500,100,2700,7900,1100
98.0,19.05,83700,1590123.0,19.01,19.0,18.99,18.95,18.89,18.85,18.84,18.83,18.82,18.81,19.05,19.06,19.07,19.08,19.09,19.1,19.15,19.17,19.18,19.19,500,2900,15300,200,400,1300,1600,600,5200,1100,200,1500,5600,1400,2500,3500,100,2700,7900,1100
99.0,19.05,83900,1593933.0,19.05,19.01,19.0,18.99,18.95,18.89,18.85,18.84,18.83,18.82,19.06,19.07,19.08,19.09,19.1,19.15,19.17,19.18,19.19,19.25,200,500,2900,15300,200,400,1300,1600,600,5200,1500,5600,1400,2500,3500,100,2700,7900,1100,6000
100.0,19.05,83900,1593933.0,19.05,19.01,19.0,18.99,18.95,18.89,18.85,18.84,18.83,18.82,19.06,19.07,19.08,19.09,19.1,19.15,19.17,19.18,19.19,19.25,200,500,1200,15300,200,400,1300,1600,600,5200,1500,5600,1400,2500,3500,100,2700,7900,1100,6000
101.0,19.05,83900,1593933.0,19.05,19.01,19.0,18.99,18.95,18.89,18.85,18.84,18.83,18.82,19.06,19.07,19.08,19.09,19.1,19.15,19.17,19.18,19.19,19.25,200,500,1200,15300,200,400,1300,1600,600,5200,1500,5600,1400,2500,3500,100,2700,7900,1100,6000
102.0,19.06,84000,1595839.0,19.05,19.01,19.0,18.99,18.95,18.89,18.85,18.84,18.83,18.82,19.06,19.07,19.08,19.09,19.1,19.15,19.17,19.18,19.19,19.25,200,500,1200,15300,200,400,1300,1600,600,5200,1400,5600,1400,2500,3500,100,2700,7900,1100,6000
103.0,19.06,84000,1595839.0,19.05,19.01,19.0,18.99,18.95,18.89,18.85,18.84,18.83,18.82,19.06,19.07,19.08,19.09,19.1,19.15,19.17,19.18,19.19,19.25,200,500,1200,15300,200,400,1300,1600,600,5200,1400,5600,1400,2500,3500,100,2700,7900,1100,6000
104.0,19.06,84000,1595839.0,19.05,19.01,19.0,18.99,18.95,18.89,18.85,18.84,18.83,18.82,19.06,19.07,19.08,19.09,19.1,19.15,19.17,19.18,19.19,19.25,200,500,1200,15300,200,400,1300,1600,600,5200,1400,5600,1400,2500,3500,100,2700,7900,1100,6000
105.0,19.06,84600,1607275.0,19.05,19.01,19.0,18.99,18.95,18.89,18.85,18.84,18.83,18.82,19.06,19.07,19.08,19.09,19.1,19.15,19.17,19.18,19.19,19.25,3300,500,1200,15300,200,400,1300,1600,600,5200,800,5600,1400,2500,3500,100,2700,7900,1100,6000
106.0,19.05,84900,1612990.0,19.05,19.01,19.0,18.99,18.95,18.89,18.85,18.84,18.83,18.82,19.06,19.07,19.08,19.09,19.1,19.15,19.17,19.18,19.19,19.25,3000,500,1200,15300,200,400,1300,1600,600,5200,800,5600,1400,2500,3500,100,2700,7900,1100,6000
107.0,19.08,92400,1756018.0,19.06,19.05,19.01,19.0,18.99,18.95,18.89,18.85,18.84,18.83,19.08,19.09,19.1,19.15,19.17,19.18,19.19,19.25,19.28,19.3,600,3600,500,600,15200,200,400,1300,1600,600,300,2500,3500,100,2700,7900,1100,6000,1300,1000
108.0,19.09,93300,1773196.0,19.08,19.06,19.05,19.01,19.0,18.99,18.95,18.89,18.85,18.84,19.09,19.1,19.15,19.17,19.18,19.19,19.25,19.28,19.3,19.32,100,600,3000,500,600,15200,200,400,1300,1600,1900,3500,100,2700,7900,1100,6000,1300,1000,700
109.0,19.08,95300,1811375.0,19.06,19.05,19.01,19.0,18.99,18.95,18.89,18.85,18.84,18.83,19.1,19.15,19.17,19.18,19.19,19.25,19.28,19.3,19.32,19.35,600,3000,500,600,15200,200,400,1300,1600,600,3500,100,2700,7900,1100,6000,1300,1000,700,800
110.0,19.1,96100,1826655.0,19.06,19.05,19.01,19.0,18.99,18.95,18.89,18.85,18.84,18.83,19.1,19.15,19.17,19.18,19.19,19.25,19.28,19.3,19.32,19.35,600,3000,500,600,15200,200,400,1300,1600,600,2700,100,2700,7900,1100,6000,1300,1000,700,800
111.0,19.1,96100,1826655.0,19.06,19.05,19.01,19.0,18.99,18.95,18.89,18.85,18.84,18.83,19.1,19.15,19.17,19.18,19.19,19.25,19.28,19.3,19.32,19.35,800,3000,500,600,15200,200,400,1300,1600,600,2900,100,2700,7900,1100,6000,1300,1000,700,800
112.0,19.06,96200,1828561.0,19.06,19.05,19.01,19.0,18.99,18.95,18.89,18.85,18.84,18.83,19.1,19.15,19.17,19.18,19.19,19.25,19.28,19.3,19.32,19.35,700,3000,500,600,15200,200,400,1300,1600,600,2900,100,2700,7900,1100,6000,1300,1000,700,800
113.0,19.07,96600,1836189.0,19.06,19.05,19.01,19.0,18.99,18.95,18.89,18.85,18.84,18.83,19.07,19.1,19.15,19.17,19.18,19.19,19.25,19.28,19.3,19.32,700,3000,500,600,15200,200,400,1300,1600,600,600,2900,100,2700,7900,1100,6000,1300,1000,700
114.0,19.07,96600,1836189.0,19.06,19.05,19.01,19.0,18.99,18.95,18.89,18.85,18.84,18.83,19.07,19.1,19.15,19.17,19.18,19.19,19.25,19.28,19.3,19.32,700,3000,500,600,15200,200,400,1300,1600,600,600,2900,100,2700,7900,1100,6000,1300,1000,700
115.0,19.1,97700,1857181.0,19.07,19.06,19.05,19.01,19.0,18.99,18.95,18.89,18.85,18.84,19.1,19.15,19.17,19.18,19.19,19.25,19.28,19.3,19.32,19.35,400,700,3000,500,600,15200,200,400,1300,1600,2400,100,2700,7900,1100,6000,1300,1000,700,800
116.0,19.15,100200,1904936.0,19.1,19.07,19.06,19.05,19.01,19.0,18.99,18.95,18.89,18.85,19.17,19.18,19.19,19.25,19.28,19.3,19.32,19.35,19.37,19.39,900,400,700,3000,500,600,15200,100,400,1300,2700,7900,1100,6000,1300,1000,700,800,1000,1000
117.0,19.1,101100,1922126.0,19.07,19.06,19.05,19.01,19.0,18.99,18.95,18.89,18.85,18.84,19.1,19.17,19.18,19.19,19.25,19.28,19.3,19.32,19.35,19.37,400,700,3000,500,600,15200,100,400,1300,1600,300,2700,7900,1100,6000,1300,1000,700,800,1000
118.0,19.1,101100,1922126.0,19.07,19.06,19.05,19.01,19.0,18.99,18.95,18.89,18.85,18.84,19.1,19.17,19.18,19.19,19.25,19.28,19.3,19.32,19.35,19.37,400,700,3000,500,600,15200,100,400,1300,1600,300,2700,7900,1100,6000,1300,1000,700,800,1000
119.0,19.1,101100,1922126.0,19.07,19.06,19.05,19.01,19.0,18.99,18.95,18.89,18.85,18.84,19.1,19.17,19.18,19.19,19.25,19.28,19.3,19.32,19.35,19.37,400,700,3000,500,600,15200,100,400,1300,1600,300,2700,7900,1100,6000,1300,1000,700,800,1000
120.0,19.1,101100,1922126.0,19.07,19.06,19.05,19.01,19.0,18.99,18.95,18.89,18.85,18.84,19.1,19.17,19.18,19.19,19.25,19.28,19.3,19.32,19.35,19.37,400,700,3000,500,600,15200,100,400,1300,1600,300,2700,7900,1100,6000,1300,1000,700,800,1000
121.0,19.1,101100,1922126.0,19.07,19.06,19.05,19.01,19.0,18.99,18.95,18.89,18.85,18.84,19.1,19.17,19.18,19.19,19.25,19.28,19.3,19.32,19.35,19.37,400,700,3000,500,600,15200,100,400,1300,1600,300,2700,7900,1100,6000,1300,1000,700,800,1000
122.0,19.1,101100,1922126.0,19.07,19.06,19.05,19.01,19.0,18.99,18.95,18.89,18.85,18.84,19.1,19.17,19.18,19.19,19.25,19.28,19.3,19.32,19.35,19.37,400,700,3000,500,600,15200,100,400,1300,1600,300,2700,7900,1100,6000,1300,1000,700,800,1000
123.0,19.1,101400,1927856.0,19.1,19.07,19.06,19.05,19.01,19.0,18.99,18.95,18.89,18.85,19.17,19.18,19.19,19.25,19.28,19.3,19.32,19.35,19.37,19.39,200,400,700,3000,500,600,15200,100,400,1300,2700,7900,1100,6000,1300,1000,700,800,1000,1000
124.0,19.1,101400,1927856.0,19.11,19.1,19.07,19.06,19.05,19.01,19.0,18.99,18.95,18.89,19.17,19.18,19.19,19.25,19.28,19.3,19.32,19.35,19.37,19.39,500,900,400,700,3000,500,600,15200,100,400,3400,7900,1100,6000,1300,1000,700,800,1000,1000
125.0,19.1,101400,1927856.0,19.11,19.1,19.07,19.06,19.05,19.01,19.0,18.99,18.95,18.89,19.17,19.18,19.19,19.25,19.28,19.3,19.32,19.35,19.37,19.39,500,900,400,700,3000,500,600,15200,100,400,3400,7900,1100,6000,1300,1000,700,800,1000,1000
126.0,19.1,101400,1927856.0,19.12,19.11,19.1,19.07,19.06,19.05,19.01,19.0,18.99,18.95,19.17,19.18,19.19,19.25,19.28,19.3,19.32,19.35,19.37,19.39,200,700,900,400,700,3000,500,600,15200,100,4000,7900,1100,6000,1300,1000,700,800,1000,1000
127.0,19.1,101400,1927856.0,19.12,19.11,19.1,19.07,19.06,19.05,19.01,19.0,18.99,18.95,19.17,19.18,19.19,19.25,19.28,19.3,19.32,19.35,19.37,19.39,200,1100,900,400,700,3000,500,600,15200,100,4300,7900,1100,6000,1300,1000,700,800,1000,1000
128.0,19.1,101400,1927856.0,19.12,19.11,19.1,19.07,19.06,19.05,19.01,19.0,18.99,18.95,19.17,19.18,19.19,19.25,19.28,19.3,19.32,19.35,19.37,19.39,500,1100,900,400,700,3000,500,600,15200,100,4300,7900,1100,6000,1300,1000,700,800,1000,1000
129.0,19.1,101400,1927856.0,19.12,19.11,19.1,19.07,19.06,19.05,19.01,19.0,18.99,18.95,19.17,19.18,19.19,19.25,19.28,19.3,19.32,19.35,19.37,19.39,700,1100,900,400,700,3000,500,600,15200,100,4500,7900,1100,6000,1300,1000,700,800,1000,1000
130.0,19.1,101400,1927856.0,19.12,19.11,19.1,19.06,19.05,19.01,19.0,18.99,18.95,18.89,19.16,19.17,19.18,19.19,19.25,19.28,19.3,19.32,19.35,19.37,700,1100,900,700,3000,500,600,15200,100,400,100,4500,7900,1100,6000,1300,1000,700,800,1000
131.0,19.1,101400,1927856.0,19.12,19.11,19.1,19.06,19.05,19.01,19.0,18.99,18.95,18.89,19.16,19.17,19.18,19.19,19.25,19.28,19.3,19.32,19.35,19.37,700,1100,900,700,3000,500,600,15200,100,400,100,4500,7300,1100,6000,1300,1500,700,800,1000
132.0,19.1,101400,1927856.0,19.12,19.11,19.1,19.06,19.05,19.01,19.0,18.99,18.95,18.89,19.16,19.17,19.18,19.19,19.25,19.28,19.3,19.32,19.35,19.37,700,1100,900,700,3000,500,600,15200,100,400,100,4500,7300,1100,6000,1300,1500,700,800,1000
133.0,19.12,102000,1939328.0,19.12,19.11,19.1,19.06,19.05,19.01,19.0,18.99,18.95,18.89,19.16,19.17,19.18,19.19,19.25,19.28,19.3,19.32,19.35,19.37,100,1100,900,700,3000,500,600,15200,100,400,200,4500,7300,1100,6000,1300,1500,700,800,1000
134.0,19.17,103000,1958496.0,19.12,19.11,19.1,19.06,19.05,19.01,19.0,18.99,18.95,18.89,19.17,19.18,19.19,19.25,19.28,19.3,19.32,19.35,19.37,19.39,200,1100,900,700,3000,500,600,15200,100,400,3700,7300,1100,6000,1300,1500,700,800,1000,1000
135.0,19.17,103000,1958496.0,19.12,19.11,19.1,19.06,19.05,19.01,19.0,18.99,18.95,18.89,19.17,19.18,19.19,19.25,19.28,19.3,19.32,19.35,19.37,19.39,400,1100,900,700,3000,500,600,15200,100,400,3900,7300,1100,6000,1300,1500,700,800,1000,1000
136.0,19.17,105300,2002587.0,19.12,19.11,19.1,19.06,19.05,19.01,19.0,18.99,18.95,18.89,19.17,19.18,19.19,19.25,19.28,19.3,19.32,19.35,19.37,19.39,400,1100,900,700,3000,500,600,15200,100,400,1600,7300,1100,6000,1300,1500,700,800,1000,1000
137.0,19.12,105700,2010235.0,19.11,19.1,19.06,19.05,19.01,19.0,18.99,18.95,18.89,18.85,19.12,19.15,19.17,19.18,19.19,19.25,19.28,19.3,19.32,19.35,1100,900,700,3000,500,600,15200,100,400,1300,600,1000,1800,7300,1100,6000,1300,1500,700,800
138.0,19.12,105700,2010235.0,19.11,19.1,19.06,19.05,19.01,19.0,18.99,18.95,18.89,18.85,19.12,19.15,19.17,19.18,19.19,19.25,19.28,19.3,19.32,19.35,1100,900,700,3000,500,600,15200,100,400,1300,600,1100,1800,7300,1100,6000,1300,1500,700,800
139.0,19.12,105700,2010235.0,19.11,19.1,19.06,19.05,19.01,19.0,18.99,18.95,18.89,18.85,19.12,19.15,19.17,19.18,19.19,19.25,19.28,19.3,19.32,19.35,1100,900,700,3000,500,600,15200,100,400,1300,600,1100,1800,7300,1100,6000,1300,1500,700,800
140.0,19.11,106200,2019791.0,19.11,19.1,19.06,19.05,19.01,19.0,18.99,18.95,18.89,18.85,19.12,19.15,19.17,19.18,19.19,19.25,19.28,19.3,19.32,19.35,700,900,700,3000,500,600,600,100,400,1300,500,1100,1800,7300,1100,6000,1300,1500,700,800
141.0,19.11,106200,2019791.0,19.11,19.1,19.06,19.05,19.01,19.0,18.99,18.95,18.89,18.85,19.12,19.15,19.17,19.18,19.19,19.25,19.28,19.3,19.32,19.35,700,900,700,3000,500,600,600,100,400,1300,500,1100,1800,6700,1100,6000,1300,1500,700,800
142.0,19.11,106200,2019791.0,19.11,19.1,19.06,19.05,19.01,19.0,18.99,18.95,18.89,18.85,19.12,19.15,19.17,19.18,19.19,19.25,19.28,19.3,19.32,19.35,700,900,700,3000,500,600,600,100,400,1300,500,1100,1800,6700,1100,6000,1300,1500,700,800
143.0,19.11,106200,2019791.0,19.11,19.1,19.06,19.05,19.02,19.01,19.0,18.99,18.95,18.89,19.12,19.15,19.17,19.18,19.19,19.2,19.25,19.28,19.3,19.32,3200,900,700,3000,400,500,600,600,100,400,500,1100,1800,6700,1100,1000,6000,1300,1500,700
144.0,19.11,108700,2067566.0,19.11,19.1,19.06,19.05,19.02,19.01,19.0,18.99,18.95,18.89,19.12,19.15,19.17,19.18,19.19,19.2,19.25,19.28,19.3,19.32,700,900,700,3000,400,500,600,600,100,400,9600,1100,1800,6700,1100,1000,6000,1300,1500,700
145.0,19.11,108800,2069477.0,19.11,19.1,19.06,19.05,19.02,19.01,19.0,18.99,18.95,18.89,19.12,19.15,19.17,19.18,19.19,19.2,19.25,19.28,19.3,19.32,600,900,700,3000,400,500,600,600,100,400,9600,1100,1800,6700,1100,1000,6000,1300,1500,700
146.0,19.11,108800,2069477.0,19.11,19.1,19.06,19.05,19.02,19.01,19.0,18.99,18.95,18.89,19.12,19.15,19.17,19.18,19.19,19.2,19.25,19.28,19.3,19.32,600,900,700,3000,400,500,600,600,100,400,9600,1100,1900,6700,1100,1000,6000,1300,1500,700
147.0,19.12,110200,2096245.0,19.11,19.1,19.06,19.05,19.02,19.01,19.0,18.99,18.95,18.89,19.12,19.15,19.16,19.17,19.18,19.19,19.2,19.25,19.28,19.3,600,900,700,3000,400,500,600,600,100,400,8200,1100,500,1900,6700,1100,1000,6000,1300,1500
148.0,19.12,110200,2096245.0,19.11,19.1,19.06,19.05,19.02,19.01,19.0,18.99,18.95,18.89,19.12,19.15,19.16,19.17,19.18,19.19,19.2,19.25,19.28,19.3,600,900,700,3000,400,500,600,600,100,400,8200,1100,500,1900,6700,1100,1000,6000,1300,1500
149.0,19.12,110200,2096245.0,19.11,19.1,19.06,19.05,19.02,19.01,19.0,18.99,18.95,18.89,19.12,19.15,19.16,19.17,19.18,19.19,19.2,19.25,19.28,19.3,600,900,700,3000,400,500,600,600,100,400,8200,1100,500,1900,6700,1100,1000,6000,1300,1500
150.0,19.11,110600,2103889.0,19.11,19.1,19.06,19.05,19.02,19.01,19.0,18.99,18.95,18.89,19.12,19.15,19.16,19.17,19.18,19.19,19.2,19.25,19.28,19.3,200,900,700,3000,400,500,600,600,100,400,8200,1100,500,1900,6700,1100,1000,6000,1300,1500
151.0,19.11,110800,2107711.0,19.1,19.06,19.05,19.02,19.01,19.0,18.99,18.95,18.89,18.85,19.12,19.15,19.16,19.17,19.18,19.19,19.2,19.25,19.28,19.3,900,700,3000,400,500,600,600,100,400,1300,8200,1100,500,1900,6700,1100,1000,6000,1300,1500
152.0,19.11,110800,2107711.0,19.1,19.06,19.05,19.02,19.01,19.0,18.99,18.95,18.89,18.85,19.12,19.15,19.16,19.17,19.18,19.19,19.2,19.25,19.28,19.3,1600,700,3000,400,500,600,600,100,400,1300,8200,1100,500,1900,6700,1100,1000,6000,1300,1500
153.0,19.1,111300,2117269.0,19.1,19.06,19.05,19.02,19.01,19.0,18.99,18.95,18.89,18.85,19.12,19.15,19.16,19.17,19.18,19.19,19.2,19.25,19.28,19.3,1500,700,3000,400,500,600,600,100,400,1300,7800,1100,500,1900,6700,1100,1000,6000,1300,1500
154.0,19.1,111300,2117269.0,19.1,19.06,19.05,19.02,19.01,19.0,18.99,18.95,18.89,18.85,19.12,19.15,19.16,19.17,19.18,19.19,19.2,19.25,19.28,19.3,1500,700,3000,400,500,600,600,100,400,1300,7800,1100,500,1900,6700,1100,1000,6000,1300,1500
155.0,19.1,111300,2117269.0,19.1,19.06,19.05,19.02,19.01,19.0,18.99,18.95,18.89,18.85,19.12,19.15,19.16,19.17,19.18,19.19,19.2,19.25,19.28,19.3,1500,700,3000,400,500,600,600,100,400,1300,7800,1100,500,1900,6700,1100,1000,6000,1300,1500
156.0,19.1,111400,2119179.0,19.1,19.06,19.05,19.02,19.01,19.0,18.99,18.95,18.89,18.85,19.12,19.15,19.16,19.17,19.18,19.19,19.2,19.25,19.28,19.3,1400,700,3000,400,500,600,600,100,400,1300,7800,1100,500,1900,6700,1100,1000,6000,1300,1500
157.0,19.1,111700,2124909.0,19.1,19.06,19.05,19.02,19.01,19.0,18.99,18.95,18.89,18.85,19.12,19.15,19.16,19.17,19.18,19.19,19.2,19.25,19.28,19.3,2100,700,3000,400,500,600,600,100,400,1300,7800,1100,500,1900,6700,1100,1000,6000,1300,1500
158.0,19.1,111700,2124909.0,19.11,19.1,19.06,19.05,19.02,19.01,19.0,18.99,18.95,18.89,19.12,19.15,19.16,19.17,19.18,19.19,19.2,19.25,19.28,19.3,200,2100,700,3000,400,500,600,600,100,400,7800,1100,500,1900,6700,1100,1000,6000,1300,1500
159.0,19.1,111700,2124909.0,19.11,19.1,19.06,19.05,19.02,19.01,19.0,18.99,18.95,18.89,19.12,19.14,19.15,19.16,19.17,19.18,19.19,19.2,19.25,19.28,400,2100,700,3000,400,500,600,600,100,400,7800,600,1100,500,1900,6700,1100,1000,6000,1300
160.0,19.1,111700,2124909.0,19.11,19.1,19.06,19.05,19.02,19.01,19.0,18.99,18.95,18.89,19.12,19.14,19.15,19.16,19.17,19.18,19.19,19.2,19.25,19.28,400,2100,700,3000,400,500,600,600,100,400,7800,600,1100,500,1900,6700,1100,1000,6000,1300
161.0,19.12,112200,2134469.0,19.11,19.1,19.06,19.05,19.02,19.01,19.0,18.99,18.95,18.89,19.12,19.14,19.15,19.16,19.17,19.18,19.19,19.2,19.23,19.25,400,2100,700,3000,400,500,600,600,100,400,7300,600,1100,500,1900,6700,1100,1000,1100,6000
162.0,19.12,114500,2178409.0,19.1,19.06,19.05,19.02,19.01,19.0,18.99,18.95,18.89,18.85,19.12,19.14,19.15,19.16,19.17,19.18,19.19,19.2,19.23,19.25,500,700,3000,400,500,600,600,100,400,1300,7000,600,1100,500,1900,6700,1100,1000,1100,6000
163.0,19.12,114500,2178409.0,19.1,19.06,19.05,19.02,19.01,19.0,18.99,18.95,18.89,18.85,19.12,19.14,19.15,19.16,19.17,19.18,19.19,19.2,19.23,19.25,500,700,3000,400,500,600,600,100,400,1300,7500,600,1100,500,1900,6700,1100,1000,1100,6000
164.0,19.12,119400,2272097.0,19.11,19.1,19.06,19.05,19.02,19.01,19.0,18.99,18.95,18.89,19.12,19.14,19.15,19.16,19.17,19.18,19.19,19.2,19.23,19.25,2500,500,700,3000,400,500,600,600,100,400,2600,600,1100,500,1900,6700,1100,1000,1100,6000
165.0,19.12,122000,2321809.0,19.12,19.11,19.1,19.06,19.05,19.02,19.01,19.0,18.99,18.95,19.14,19.15,19.16,19.17,19.18,19.19,19.2,19.23,19.25,19.28,700,2500,500,700,3000,400,500,600,600,100,600,1100,500,1900,6700,1100,1000,1100,6000,1300
166.0,19.12,122000,2321809.0,19.12,19.11,19.1,19.06,19.05,19.02,19.01,19.0,18.99,18.95,19.14,19.15,19.16,19.17,19.18,19.19,19.2,19.23,19.25,19.28,700,2500,500,700,3000,400,500,600,600,100,600,1100,500,1900,6700,1100,1000,1100,6000,1300
167.0,19.12,122000,2321809.0,19.12,19.11,19.1,19.06,19.05,19.02,19.01,19.0,18.99,18.95,19.14,19.15,19.16,19.17,19.18,19.19,19.2,19.23,19.25,19.28,700,2500,500,700,3000,400,500,600,600,100,600,1100,500,1900,6700,1100,1000,1100,6000,1300
168.0,19.14,122300,2327549.0,19.13,19.12,19.11,19.1,19.06,19.05,19.02,19.01,19.0,18.99,19.14,19.15,19.16,19.17,19.18,19.19,19.2,19.23,19.25,19.28,300,1200,2500,500,700,3000,400,500,600,600,400,1100,500,1900,6700,1100,1000,1100,6000,1300
169.0,19.14,122300,2327549.0,19.13,19.12,19.11,19.1,19.06,19.05,19.02,19.01,19.0,18.99,19.14,19.15,19.16,19.17,19.18,19.19,19.2,19.23,19.25,19.28,300,1200,2500,500,700,3000,400,500,600,600,400,1100,500,1900,6700,1100,1000,1100,6000,1300
170.0,19.14,122600,2333291.0,19.13,19.12,19.11,19.1,19.06,19.05,19.02,19.01,19.0,18.99,19.14,19.15,19.16,19.17,19.18,19.19,19.2,19.23,19.25,19.28,300,1200,2500,500,700,3000,400,500,600,600,100,1100,500,1900,6700,1100,1000,1100,6000,1300
171.0,19.14,122600,2333291.0,19.13,19.12,19.11,19.1,19.06,19.05,19.02,19.01,19.0,18.99,19.14,19.15,19.16,19.17,19.18,19.19,19.2,19.23,19.25,19.28,300,1200,2500,500,700,3000,400,500,600,600,100,1100,500,1900,6700,1100,1300,1100,6000,1300
172.0,19.14,122600,2333291.0,19.13,19.12,19.11,19.1,19.06,19.05,19.02,19.01,19.0,18.99,19.14,19.15,19.16,19.17,19.18,19.19,19.2,19.23,19.25,19.28,300,1200,2500,500,700,3000,400,500,600,600,100,1100,500,1900,6700,1100,1300,1100,6000,1300
173.0,19.14,122600,2333291.0,19.13,19.12,19.11,19.1,19.06,19.05,19.02,19.01,19.0,18.99,19.14,19.15,19.16,19.17,19.18,19.19,19.2,19.23,19.25,19.28,300,1200,2500,500,700,3000,400,500,600,600,100,11100,500,1900,6700,1100,1300,1100,6000,1300
174.0,19.14,122600,2333291.0,19.13,19.12,19.11,19.1,19.06,19.05,19.02,19.01,19.0,18.99,19.14,19.15,19.16,19.17,19.18,19.19,19.2,19.23,19.25,19.28,300,3300,2500,500,700,3000,400,500,600,600,100,11100,500,1900,6700,1100,1300,1100,6000,1300
175.0,19.14,122600,2333291.0,19.13,19.12,19.11,19.1,19.06,19.05,19.02,19.01,19.0,18.99,19.14,19.15,19.16,19.17,19.18,19.19,19.2,19.23,19.25,19.28,300,3300,2500,500,700,3000,400,500,600,600,100,11100,500,1900,6700,1100,1300,1100,6000,1300
176.0,19.14,122600,2333291.0,19.13,19.12,19.11,19.1,19.06,19.05,19.02,19.01,19.0,18.99,19.14,19.15,19.16,19.17,19.18,19.19,19.2,19.23,19.25,19.28,300,3300,2500,500,700,3000,400,500,600,600,100,11100,500,1900,6700,1100,1300,1100,6000,1300
177.0,19.14,122700,2335205.0,19.13,19.12,19.11,19.1,19.06,19.05,19.02,19.01,19.0,18.99,19.15,19.16,19.17,19.18,19.19,19.2,19.23,19.25,19.28,19.3,300,3300,2500,500,700,3000,400,500,600,600,11100,500,1900,6700,1100,1300,1100,6000,1300,1500
178.0,19.14,122700,2335205.0,19.12,19.11,19.1,19.06,19.05,19.02,19.01,19.0,18.99,18.95,19.15,19.16,19.17,19.18,19.19,19.2,19.23,19.25,19.28,19.3,3300,2500,500,700,3000,400,500,600,600,100,11100,500,2500,6700,1100,1300,1100,6000,1300,1500
179.0,19.12,123000,2340941.0,19.12,19.11,19.1,19.06,19.05,19.02,19.01,19.0,18.99,18.95,19.15,19.16,19.17,19.18,19.19,19.2,19.23,19.25,19.28,19.3,3000,2500,500,700,3000,400,500,600,600,100,11100,500,2500,6700,1100,1300,1100,6000,1300,1500
180.0,19.12,123700,2354328.0,19.12,19.11,19.1,19.06,19.05,19.02,19.01,19.0,18.99,18.95,19.15,19.16,19.17,19.18,19.19,19.2,19.23,19.25,19.28,19.3,2400,2500,500,700,3000,400,500,600,600,100,11000,500,2500,6700,1100,1300,1100,6000,1300,1500
181.0,19.12,123700,2354328.0,19.12,19.1,19.06,19.05,19.02,19.01,19.0,18.99,18.95,18.89,19.13,19.15,19.16,19.17,19.18,19.19,19.2,19.23,19.25,19.28,2400,500,700,3000,400,500,600,600,100,400,1000,11000,500,2500,6700,1100,1300,1100,6000,1300
182.0,19.14,127400,2425136.0,19.14,19.12,19.1,19.06,19.05,19.02,19.01,19.0,18.99,18.95,19.15,19.16,19.17,19.18,19.19,19.2,19.23,19.25,19.28,19.3,6300,2400,500,700,3000,400,500,600,600,100,11000,500,2500,6700,1100,1300,1100,6000,1300,1500
183.0,19.14,127900,2434706.0,19.14,19.12,19.1,19.06,19.05,19.02,19.01,19.0,18.99,18.95,19.15,19.16,19.17,19.18,19.19,19.2,19.23,19.25,19.28,19.3,5800,2400,500,700,3000,400,500,600,600,100,11000,500,2500,6700,1100,1300,1100,6000,1300,1500
184.0,19.14,132900,2530406.0,19.14,19.12,19.1,19.06,19.05,19.02,19.01,19.0,18.99,18.95,19.15,19.16,19.17,19.18,19.19,19.2,19.23,19.25,19.28,19.3,800,2400,500,700,3000,400,500,600,600,100,11000,500,2500,6700,1100,1300,1100,6000,1300,1500
185.0,19.14,133700,2545718.0,19.12,19.1,19.06,19.05,19.02,19.01,19.0,18.99,18.95,18.89,19.14,19.15,19.16,19.17,19.18,19.19,19.2,19.23,19.25,19.28,2400,500,700,3000,400,500,600,600,100,400,500,11000,500,2500,6700,1100,1300,1100,6000,1300
186.0,19.12,133900,2549542.0,19.13,19.12,19.1,19.06,19.05,19.02,19.01,19.0,18.99,18.95,19.14,19.15,19.16,19.17,19.18,19.19,19.2,19.23,19.25,19.28,400,2200,500,700,3000,400,500,600,600,100,600,11000,500,2500,6700,1100,1300,1100,6000,1300
187.0,19.12,133900,2549542.0,19.13,19.12,19.1,19.06,19.05,19.02,19.01,19.0,18.99,18.95,19.14,19.15,19.16,19.17,19.18,19.19,19.2,19.23,19.25,19.28,400,2200,500,700,3000,400,500,600,600,100,600,11000,500,2500,6700,1100,1300,1100,6000,1300
188.0,19.13,134200,2555281.0,19.13,19.12,19.1,19.06,19.05,19.02,19.01,19.0,18.99,18.95,19.14,19.15,19.16,19.17,19.18,19.19,19.2,19.23,19.25,19.28,100,2200,500,700,3000,400,500,600,600,100,1600,11000,500,2500,6700,1100,1300,1100,6000,1300
189.0,19.13,134200,2555281.0,19.13,19.12,19.1,19.06,19.05,19.02,19.01,19.0,18.99,18.95,19.14,19.15,19.16,19.17,19.18,19.19,19.2,19.23,19.25,19.28,1100,2200,500,700,3000,400,500,600,600,100,1600,11000,500,2500,6700,1100,1300,1100,6000,1300
190.0,19.13,134300,2557194.0,19.13,19.12,19.1,19.06,19.05,19.02,19.01,19.0,18.99,18.95,19.14,19.15,19.16,19.17,19.18,19.19,19.2,19.23,19.25,19.28,1000,2200,500,700,3000,400,500,600,600,100,1600,11000,500,2500,6700,1100,1300,1100,6000,1300
191.0,19.13,134500,2561020.0,19.13,19.12,19.1,19.06,19.05,19.02,19.01,19.0,18.99,18.95,19.14,19.15,19.16,19.17,19.18,19.19,19.2,19.23,19.25,19.28,800,2200,500,700,3000,400,500,600,600,100,1500,11000,500,2500,6700,1100,1300,1100,6000,1300
192.0,19.13,134500,2561020.0,19.13,19.12,19.1,19.06,19.05,19.02,19.01,19.0,18.99,18.95,19.14,19.15,19.16,19.17,19.18,19.19,19.2,19.23,19.25,19.28,800,2200,500,700,3000,400,500,600,600,100,1500,11000,500,2500,6700,1100,1300,1100,6000,1300
193.0,19.13,134500,2561020.0,19.13,19.12,19.1,19.06,19.05,19.02,19.01,19.0,18.99,18.95,19.14,19.15,19.16,19.17,19.18,19.19,19.2,19.23,19.25,19.28,800,2200,500,700,3000,400,500,600,600,100,1500,11000,500,2300,6700,1100,1300,1100,6000,1300
194.0,19.14,134800,2566762.0,19.13,19.12,19.1,19.06,19.05,19.02,19.01,19.0,18.99,18.95,19.14,19.15,19.16,19.17,19.18,19.19,19.2,19.23,19.25,19.28,800,2200,500,700,3000,400,500,600,600,100,1200,11000,500,2300,6700,1100,1300,1100,6000,1300
195.0,19.14,134800,2566762.0,19.13,19.12,19.1,19.06,19.05,19.02,19.01,19.0,18.99,18.95,19.14,19.15,19.16,19.17,19.18,19.19,19.2,19.23,19.25,19.28,800,2200,500,700,3000,400,500,600,600,100,1200,11000,500,2300,6700,1100,1300,1100,6000,1300
196.0,19.14,134800,2566762.0,19.13,19.12,19.1,19.06,19.05,19.02,19.01,19.0,18.99,18.95,19.14,19.15,19.16,19.17,19.18,19.19,19.2,19.23,19.25,19.28,800,2200,500,700,3000,400,500,600,600,100,1200,11000,500,2300,6700,1100,1300,1100,6000,1300
197.0,19.14,136100,2591644.0,19.13,19.12,19.1,19.06,19.05,19.02,19.01,19.0,18.99,18.95,19.14,19.15,19.16,19.17,19.18,19.19,19.2,19.23,19.25,19.28,800,2200,500,700,3000,400,500,600,600,100,400,11000,500,2300,6700,1100,1300,1100,6000,1300
198.0,19.14,136100,2591644.0,19.13,19.12,19.1,19.06,19.05,19.02,19.01,19.0,18.99,18.95,19.14,19.15,19.16,19.17,19.18,19.19,19.2,19.23,19.25,19.28,800,2200,500,700,3000,400,500,600,600,100,400,11000,500,2300,6700,1100,1300,1100,6000,1300
199.0,19.14,136100,2591644.0,19.13,19.12,19.1,19.06,19.05,19.02,19.01,19.0,18.99,18.95,19.14,19.15,19.16,19.17,19.18,19.19,19.2,19.23,19.25,19.28,800,2200,500,700,3000,400,500,600,600,100,400,11000,500,2300,6700,1100,1300,1100,6000,1300
200.0,19.13,136300,2595471.0,19.13,19.12,19.1,19.06,19.05,19.02,19.01,19.0,18.99,18.95,19.14,19.15,19.16,19.17,19.18,19.19,19.2,19.23,19.25,19.28,700,2200,500,700,3000,400,500,600,600,100,300,11000,500,2300,6700,1100,1300,1100,6000,1300
201.0,19.13,136300,2595471.0,19.13,19.12,19.1,19.06,19.05,19.02,19.01,19.0,18.99,18.95,19.14,19.15,19.16,19.17,19.18,19.19,19.2,19.23,19.25,19.28,700,2200,500,700,3000,400,500,600,600,100,300,11000,500,2300,6700,1100,1300,1100,6000,1300
202.0,19.13,136300,2595471.0,19.13,19.12,19.1,19.06,19.05,19.02,19.01,19.0,18.99,18.95,19.14,19.15,19.16,19.17,19.18,19.19,19.2,19.23,19.25,19.28,700,2200,500,800,3000,400,500,600,600,100,300,11000,500,2300,6700,1100,1300,1100,6000,1300
203.0,19.13,136400,2597384.0,19.13,19.12,19.1,19.06,19.05,19.02,19.01,19.0,18.99,18.95,19.14,19.15,19.16,19.17,19.18,19.19,19.2,19.23,19.25,19.28,600,2200,3500,800,3000,400,500,600,600,100,300,11000,500,2300,6700,1100,1300,1100,6000,1300
204.0,19.13,136400,2597384.0,19.13,19.12,19.1,19.06,19.05,19.02,19.01,19.0,18.99,18.95,19.14,19.15,19.16,19.17,19.18,19.19,19.2,19.23,19.25,19.28,600,2200,3500,800,3000,400,500,600,600,100,300,11100,500,2300,6700,1100,1300,1100,6000,1300
205.0,19.13,136400,2597384.0,19.13,19.12,19.1,19.06,19.05,19.02,19.01,19.0,18.99,18.95,19.14,19.15,19.16,19.17,19.18,19.19,19.2,19.23,19.25,19.28,600,2200,3500,700,3000,400,500,600,600,100,300,11100,500,2300,6700,1100,1300,1100,6000,1300
206.0,19.13,136400,2597384.0,19.13,19.12,19.1,19.06,19.05,19.02,19.01,19.0,18.99,18.95,19.14,19.15,19.16,19.17,19.18,19.19,19.2,19.23,19.25,19.28,600,2200,3500,700,3000,400,500,600,600,100,300,11100,500,2300,6700,1100,1300,1100,6000,1300
207.0,19.13,136400,2597384.0,19.13,19.12,19.1,19.06,19.05,19.02,19.01,19.0,18.99,18.95,19.14,19.15,19.16,19.17,19.18,19.19,19.2,19.23,19.25,19.28,600,2200,3500,700,3000,400,500,600,600,100,300,11100,500,2300,6700,1100,1300,1100,6000,1300
208.0,19.13,137000,2608862.0,19.12,19.1,19.06,19.05,19.02,19.01,19.0,18.99,18.95,18.9,19.14,19.15,19.16,19.17,19.18,19.19,19.2,19.23,19.25,19.28,2200,3500,700,3000,400,500,600,600,100,500,1300,11100,500,2300,6700,1100,1300,1100,6000,1300
209.0,19.12,139200,2650926.0,19.1,19.06,19.05,19.02,19.01,19.0,18.99,18.95,18.9,18.89,19.12,19.13,19.14,19.15,19.16,19.17,19.18,19.19,19.2,19.23,3500,700,3000,400,500,600,600,100,500,400,500,500,1300,12700,500,2300,6700,1100,1300,1100
210.0,19.12,139200,2650926.0,19.1,19.06,19.05,19.02,19.01,19.0,18.99,18.95,18.9,18.89,19.12,19.13,19.14,19.15,19.16,19.17,19.18,19.19,19.2,19.23,3500,700,3000,400,500,600,600,100,500,400,500,500,1300,12700,500,2300,6700,1100,1300,1100
211.0,19.1,139700,2660476.0,19.1,19.06,19.05,19.02,19.01,19.0,18.99,18.95,18.9,18.89,19.12,19.13,19.14,19.15,19.16,19.17,19.18,19.19,19.2,19.23,3000,700,3000,400,500,600,600,100,500,400,500,2600,7900,12700,500,2300,6700,1100,1300,1100
212.0,19.1,142700,2717776.0,19.06,19.05,19.02,19.01,19.0,18.99,18.95,18.9,18.89,18.85,19.09,19.1,19.12,19.13,19.14,19.15,19.16,19.17,19.18,19.19,700,3000,400,500,600,900,100,500,400,1000,1600,4100,1800,3000,7900,12700,500,2300,6700,1100
213.0,19.1,142700,2717776.0,19.06,19.05,19.02,19.01,19.0,18.99,18.95,18.9,18.89,18.85,19.09,19.1,19.12,19.13,19.14,19.15,19.16,19.17,19.18,19.19,700,3000,400,500,600,900,100,500,400,1000,1600,4100,500,2900,7900,12700,500,2300,6700,1100
214.0,19.1,142700,2717776.0,19.06,19.05,19.02,19.01,19.0,18.99,18.95,18.9,18.89,18.85,19.08,19.1,19.12,19.13,19.14,19.15,19.16,19.17,19.18,19.19,700,3000,400,500,600,900,100,500,400,1000,1800,3900,500,2900,7900,12700,500,2300,6700,1100
215.0,19.08,143100,2725406.0,19.06,19.05,19.02,19.01,19.0,18.99,18.95,18.9,18.89,18.85,19.08,19.1,19.12,19.13,19.14,19.15,19.16,19.17,19.18,19.19,200,3000,400,500,600,900,100,500,400,1000,1500,3700,500,2900,7900,12700,500,2300,6700,1100
216.0,19.08,143100,2725406.0,19.06,19.05,19.02,19.01,19.0,18.99,18.95,18.9,18.89,18.85,19.08,19.1,19.12,19.13,19.14,19.15,19.16,19.17,19.18,19.19,200,3000,400,500,600,900,100,500,400,1000,1500,3700,500,2900,7900,12700,500,2300,6700,1100
217.0,19.08,143100,2725406.0,19.06,19.05,19.02,19.01,19.0,18.99,18.95,18.9,18.89,18.85,19.08,19.1,19.12,19.13,19.14,19.15,19.16,19.17,19.18,19.19,200,3000,400,500,600,900,900,500,400,1000,1500,3700,500,2900,7900,12700,500,2300,6700,1100
218.0,19.06,143200,2727312.0,19.06,19.05,19.02,19.01,19.0,18.99,18.95,18.9,18.89,18.85,19.08,19.1,19.12,19.13,19.14,19.15,19.16,19.17,19.18,19.19,100,3000,400,500,600,900,900,500,400,1000,1500,3700,500,2900,7900,12700,500,2300,6700,1100
219.0,19.06,143200,2727312.0,19.06,19.05,19.02,19.01,19.0,18.99,18.95,18.9,18.89,18.85,19.08,19.1,19.12,19.13,19.14,19.15,19.16,19.17,19.18,19.19,100,3000,400,500,600,900,900,500,400,1000,1500,3700,500,2900,7900,12700,500,2300,6700,1100
220.0,19.06,143200,2727312.0,19.06,19.05,19.02,19.01,19.0,18.99,18.95,18.9,18.89,18.85,19.08,19.1,19.12,19.13,19.14,19.15,19.16,19.17,19.18,19.19,100,3000,400,500,600,900,5900,500,400,1000,1500,4700,500,2900,7900,12700,500,2300,6700,1100
221.0,19.06,143200,2727312.0,19.06,19.05,19.02,19.01,19.0,18.99,18.95,18.9,18.89,18.85,19.08,19.1,19.12,19.13,19.14,19.15,19.16,19.17,19.18,19.19,100,3000,400,500,600,900,5900,500,400,1000,1500,4700,500,2900,7800,12700,500,2300,6700,1100
222.0,19.06,143200,2727312.0,19.06,19.05,19.02,19.01,19.0,18.99,18.95,18.9,18.89,18.85,19.08,19.1,19.12,19.13,19.14,19.15,19.16,19.17,19.18,19.19,100,3000,400,500,600,900,5900,500,400,1000,1500,4700,500,2900,7800,12700,500,2300,6700,1100
223.0,19.06,143200,2727312.0,19.06,19.05,19.02,19.01,19.0,18.99,18.95,18.9,18.89,18.85,19.08,19.1,19.12,19.13,19.14,19.15,19.16,19.17,19.18,19.19,100,3000,400,500,600,900,5900,500,400,1000,1500,4700,500,2900,7800,12700,500,2300,6700,1100
224.0,19.06,143200,2727312.0,19.06,19.05,19.02,19.01,19.0,18.99,18.95,18.9,18.89,18.85,19.08,19.1,19.12,19.13,19.14,19.15,19.16,19.17,19.18,19.19,100,3000,400,500,600,900,5900,500,400,1000,1500,4700,500,2900,7800,12700,500,2300,6700,2100
225.0,19.06,143200,2727312.0,19.06,19.05,19.02,19.01,19.0,18.99,18.95,18.9,18.89,18.85,19.08,19.1,19.12,19.13,19.14,19.15,19.16,19.17,19.18,19.19,100,3000,400,500,600,900,5900,500,400,1000,1500,4700,500,2900,7800,12700,500,2300,6700,2100
226.0,19.06,143200,2727312.0,19.06,19.05,19.02,19.01,19.0,18.99,18.95,18.9,18.89,18.85,19.08,19.1,19.12,19.13,19.14,19.15,19.16,19.17,19.18,19.19,5100,3100,400,500,600,900,5900,500,400,1000,1500,4700,500,2900,7800,12700,500,2300,6700,2100
227.0,19.06,143700,2736842.0,19.06,19.05,19.02,19.01,19.0,18.99,18.95,18.9,18.89,18.85,19.08,19.1,19.12,19.13,19.14,19.15,19.16,19.17,19.18,19.19,4600,3100,400,500,600,900,5900,500,400,1000,1500,4700,500,2900,7800,12700,500,2300,6700,2100
228.0,19.06,144100,2744466.0,19.06,19.05,19.02,19.01,19.0,18.99,18.95,18.9,18.89,18.85,19.08,19.1,19.12,19.13,19.14,19.15,19.16,19.17,19.18,19.19,4200,3100,400,500,600,900,5100,500,400,1000,1500,4700,500,2900,7800,12700,500,2300,6700,2100
229.0,19.08,145600,2773086.0,19.08,19.06,19.05,19.02,19.01,19.0,18.99,18.95,18.9,18.89,19.1,19.12,19.13,19.14,19.15,19.16,19.17,19.18,19.19,19.2,300,4200,10900,400,500,600,900,5100,500,400,4700,500,2900,7800,12700,500,2300,6700,2100,1300
230.0,19.06,148700,2832178.0,19.08,19.07,19.06,19.05,19.02,19.01,19.0,18.99,18.95,18.9,19.1,19.12,19.13,19.14,19.15,19.17,19.18,19.19,19.2,19.23,800,1900,1400,10900,400,500,600,900,5100,500,4700,500,2900,7800,12700,2300,6700,2100,1300,1100
231.0,19.1,149700,2851270.0,19.08,19.07,19.06,19.05,19.02,19.01,19.0,18.99,18.95,18.9,19.1,19.12,19.13,19.14,19.15,19.17,19.18,19.19,19.2,19.23,400,1900,1400,10900,400,500,600,900,5100,500,4100,500,2900,7800,12700,2300,6700,2100,1300,1100
232.0,19.08,149800,2853178.0,19.08,19.06,19.05,19.02,19.01,19.0,18.99,18.95,18.9,18.89,19.1,19.12,19.13,19.14,19.15,19.17,19.18,19.19,19.2,19.23,300,1400,10900,400,500,600,900,5100,500,400,4100,500,2900,7800,12700,2300,6700,2100,1300,1100
233.0,19.08,149800,2853178.0,19.08,19.06,19.05,19.02,19.01,19.0,18.99,18.95,18.9,18.89,19.1,19.12,19.13,19.14,19.15,19.17,19.18,19.19,19.2,19.23,300,1400,10900,400,500,600,900,5100,500,400,4100,500,2900,7800,12700,2300,6700,2100,1300,1100
234.0,19.08,149800,2853178.0,19.08,19.06,19.05,19.02,19.01,19.0,18.99,18.95,18.9,18.89,19.1,19.12,19.13,19.14,19.15,19.17,19.18,19.19,19.2,19.23,300,1400,10900,400,500,600,900,5100,500,400,4100,500,2900,7800,12700,2300,6700,2100,1300,1100
235.0,19.08,149800,2853178.0,19.08,19.06,19.05,19.02,19.01,19.0,18.99,18.95,18.9,18.89,19.1,19.12,19.13,19.14,19.15,19.17,19.18,19.19,19.2,19.23,300,1400,10900,400,500,600,900,5100,500,400,4100,500,2900,7800,12700,2300,6700,2100,1300,1100
236.0,19.08,149800,2853178.0,19.06,19.05,19.02,19.01,19.0,18.99,18.95,18.9,18.89,18.85,19.1,19.12,19.13,19.14,19.15,19.17,19.18,19.19,19.2,19.23,1400,10900,400,500,600,900,5100,500,400,1000,4100,500,2900,7800,12700,2300,6700,2100,1300,1100
237.0,19.08,149800,2853178.0,19.06,19.05,19.02,19.01,19.0,18.99,18.95,18.9,18.89,18.85,19.1,19.12,19.13,19.14,19.15,19.17,19.18,19.19,19.2,19.23,1400,10900,400,500,600,900,5100,500,400,1000,4100,500,2900,7800,12700,2300,6700,2100,1300,1100
238.0,19.06,150100,2858896.0,19.06,19.05,19.02,19.01,19.0,18.99,18.95,18.9,18.89,18.85,19.1,19.12,19.13,19.14,19.15,19.17,19.18,19.19,19.2,19.23,1400,10900,400,500,600,900,5100,500,400,1000,4400,600,2900,7800,12700,2300,6700,2100,1300,1100
239.0,19.06,150100,2858896.0,19.06,19.05,19.02,19.01,19.0,18.99,18.95,18.9,18.89,18.85,19.1,19.12,19.13,19.14,19.15,19.17,19.18,19.19,19.2,19.23,1400,3100,400,500,600,900,5100,500,400,1000,4400,600,2900,7800,12700,2300,6700,2100,1300,1100
240.0,19.06,150100,2858896.0,19.06,19.05,19.02,19.01,19.0,18.99,18.95,18.9,18.89,18.85,19.1,19.12,19.13,19.14,19.15,19.17,19.18,19.19,19.2,19.23,1400,3100,400,500,600,900,5100,500,400,1000,4400,600,2900,7800,12700,2300,6700,2100,1300,1100
241.0,19.06,150100,2858896.0,19.06,19.05,19.02,19.01,19.0,18.99,18.95,18.9,18.89,18.85,19.1,19.12,19.13,19.14,19.15,19.17,19.18,19.19,19.2,19.23,1500,3100,400,500,600,900,5100,500,400,1000,4500,600,2900,7800,12700,2300,6700,2100,1300,1100
242.0,19.06,150300,2862708.0,19.06,19.05,19.02,19.01,19.0,18.99,18.95,18.9,18.89,18.85,19.1,19.12,19.13,19.14,19.15,19.17,19.18,19.19,19.2,19.23,1400,3100,400,500,600,900,5100,500,400,1000,4500,600,2900,7800,12700,2300,6700,2100,1300,1100
243.0,19.06,150300,2862708.0,19.06,19.05,19.02,19.01,19.0,18.99,18.95,18.9,18.89,18.85,19.08,19.1,19.12,19.13,19.14,19.15,19.17,19.18,19.19,19.2,1500,3100,400,500,600,900,5100,500,400,1000,300,4600,600,2900,7800,12700,2300,6700,2100,1300
244.0,19.06,150300,2862708.0,19.06,19.05,19.02,19.01,19.0,18.99,18.95,18.9,18.89,18.85,19.08,19.1,19.12,19.13,19.14,19.15,19.17,19.18,19.19,19.2,1500,3100,400,500,600,900,5100,500,400,1000,300,4600,600,2900,7800,12700,2300,6700,2100,1300
245.0,19.06,150400,2864614.0,19.06,19.05,19.02,19.01,19.0,18.99,18.95,18.9,18.89,18.85,19.08,19.1,19.12,19.13,19.14,19.15,19.17,19.18,19.19,19.2,1400,3100,400,500,600,900,5100,500,400,1000,300,4600,600,3400,7800,12700,2300,6700,2100,1300
246.0,19.06,150400,2864614.0,19.06,19.05,19.02,19.01,19.0,18.99,18.95,18.9,18.89,18.85,19.08,19.1,19.12,19.13,19.14,19.15,19.17,19.18,19.19,19.2,1400,3100,400,500,600,900,5100,500,400,1000,300,4600,600,3400,7800,12700,2300,6700,2100,1300
247.0,19.06,150400,2864614.0,19.06,19.05,19.02,19.01,19.0,18.99,18.95,18.9,18.89,18.85,19.08,19.1,19.12,19.13,19.14,19.15,19.17,19.18,19.19,19.2,1400,3100,400,500,600,900,5100,500,400,1000,300,4600,600,3400,7800,12700,2300,6700,2100,1300
248.0,19.06,150500,2866520.0,19.06,19.05,19.02,19.01,19.0,18.99,18.95,18.9,18.89,18.85,19.08,19.1,19.12,19.13,19.14,19.15,19.17,19.18,19.19,19.2,9100,3100,400,500,600,900,5100,500,400,1000,300,4600,600,3400,7800,12700,2300,6700,2100,1300
249.0,19.06,151000,2876050.0,19.06,19.05,19.02,19.01,19.0,18.99,18.95,18.94,18.9,18.89,19.08,19.1,19.12,19.13,19.14,19.15,19.17,19.18,19.19,19.2,8600,3100,400,500,600,900,5100,1000,500,400,300,4800,600,3400,7800,12700,2300,6700,2100,1300
250.0,19.06,152000,2895110.0,19.06,19.05,19.02,19.01,19.0,18.99,18.95,18.94,18.9,18.89,19.08,19.1,19.12,19.13,19.14,19.15,19.17,19.18,19.19,19.2,7600,3100,400,500,600,900,5100,1000,500,400,300,4800,600,3400,7800,12700,2300,6700,2100,1300
251.0,19.06,152100,2897016.0,19.06,19.05,19.02,19.01,19.0,18.99,18.95,18.94,18.9,18.89,19.08,19.1,19.12,19.13,19.14,19.15,19.17,19.18,19.19,19.2,7500,3100,400,500,600,900,5100,1000,500,400,300,4800,600,3400,7800,12700,2300,6700,2100,1300
252.0,19.06,152600,2906546.0,19.06,19.05,19.02,19.01,19.0,18.99,18.95,18.94,18.9,18.89,19.08,19.1,19.12,19.13,19.14,19.15,19.17,19.18,19.19,19.2,7000,3100,400,500,600,900,5100,1000,500,400,300,4800,600,3400,7800,12700,2300,6700,2100,1300
253.0,19.06,152600,2906546.0,19.06,19.05,19.02,19.01,19.0,18.99,18.95,18.94,18.9,18.89,19.08,19.1,19.12,19.13,19.14,19.15,19.17,19.18,19.19,19.2,7000,3100,400,500,600,900,5100,1000,500,400,300,4800,600,3400,7800,12700,2300,6700,2100,1300
254.0,19.1,156500,2981030.0,19.06,19.05,19.02,19.01,19.0,18.99,18.95,18.94,18.9,18.89,19.1,19.12,19.13,19.14,19.15,19.17,19.18,19.19,19.2,19.23,7000,3100,400,500,600,900,5100,1000,500,400,1200,600,3400,7800,12700,2300,6700,2100,1300,1100
255.0,19.06,157000,2990560.0,19.06,19.05,19.02,19.01,19.0,18.99,18.95,18.94,18.9,18.89,19.1,19.12,19.13,19.14,19.15,19.17,19.18,19.19,19.2,19.23,6500,3100,400,500,600,900,5100,1000,500,400,1200,600,3400,7800,12700,2300,6700,2100,1300,1100
256.0,19.06,157500,3000090.0,19.06,19.05,19.02,19.01,19.0,18.99,18.95,18.94,18.9,18.89,19.1,19.12,19.13,19.14,19.15,19.17,19.18,19.19,19.2,19.23,6200,3100,400,500,600,900,5100,1000,500,400,1700,600,3400,7800,12700,2300,6700,2100,1300,1100
257.0,19.06,157500,3000090.0,19.06,19.05,19.02,19.01,19.0,18.99,18.95,18.94,18.9,18.89,19.1,19.12,19.13,19.14,19.15,19.17,19.18,19.19,19.2,19.23,6200,3100,400,500,600,900,5100,1000,500,400,1700,600,3400,7800,12700,2300,6700,2100,1300,5400
258.0,19.06,158000,3009620.0,19.06,19.05,19.02,19.01,19.0,18.99,18.95,18.94,18.9,18.89,19.1,19.12,19.13,19.14,19.15,19.17,19.18,19.19,19.2,19.23,5800,3100,400,500,600,900,5100,1000,500,400,1800,600,3400,7800,12700,2300,6700,2100,1300,5400
259.0,19.06,158000,3009620.0,19.06,19.05,19.02,19.01,19.0,18.99,18.95,18.94,18.9,18.89,19.1,19.12,19.13,19.14,19.15,19.17,19.18,19.19,19.2,19.23,5800,3100,400,500,600,900,8900,1000,500,400,1800,600,3400,7800,12700,2300,6700,2100,1300,5400
260.0,19.06,158000,3009620.0,19.06,19.05,19.02,19.01,19.0,18.99,18.95,18.94,18.9,18.89,19.1,19.12,19.13,19.14,19.15,19.17,19.18,19.19,19.2,19.23,5800,3100,400,500,600,900,8900,1000,500,400,1800,600,3400,7800,12700,2300,6700,2100,1300,5400
261.0,19.06,159000,3028680.0,19.06,19.05,19.02,19.01,19.0,18.99,18.95,18.94,18.9,18.89,19.1,19.12,19.13,19.14,19.15,19.17,19.18,19.19,19.2,19.23,4900,3100,400,500,600,900,8900,1000,500,400,1900,600,3400,7800,12700,2300,6700,2100,1300,5400
262.0,19.1,159500,3038214.0,19.07,19.06,19.05,19.02,19.01,19.0,18.99,18.95,18.94,18.9,19.1,19.12,19.13,19.14,19.15,19.17,19.18,19.19,19.2,19.23,3000,400,3100,400,500,600,900,8900,1000,500,1800,600,3400,7800,12700,2300,6700,2100,1300,5400
263.0,19.1,159700,3042034.0,19.07,19.06,19.05,19.02,19.01,19.0,18.99,18.95,18.94,18.9,19.1,19.12,19.13,19.14,19.15,19.17,19.18,19.19,19.2,19.23,3000,400,3100,400,500,600,900,8900,1000,500,1600,600,3400,7800,12700,2300,6700,2100,1300,5400
264.0,19.1,160100,3049665.0,19.07,19.06,19.05,19.02,19.01,19.0,18.99,18.95,18.94,18.9,19.1,19.12,19.13,19.14,19.15,19.17,19.18,19.19,19.2,19.23,2700,400,3100,400,500,600,900,8900,1000,500,1500,600,1300,7800,12700,2300,6700,2100,1300,5400
265.0,19.07,160300,3053479.0,19.08,19.07,19.06,19.05,19.02,19.01,19.0,18.99,18.95,18.94,19.1,19.12,19.13,19.14,19.15,19.17,19.18,19.19,19.2,19.23,3000,2500,400,3100,400,500,600,900,8900,1000,1500,600,1300,7800,12700,2300,6700,2100,1300,5400
266.0,19.1,160500,3057299.0,19.08,19.07,19.06,19.05,19.02,19.01,19.0,18.99,18.95,18.94,19.1,19.12,19.13,19.14,19.15,19.17,19.18,19.19,19.2,19.23,3000,2500,400,3100,400,500,600,900,8900,1000,1300,600,1300,7800,12700,2300,6700,2100,1300,5400
267.0,19.1,160500,3057299.0,19.08,19.07,19.06,19.05,19.02,19.01,19.0,18.99,18.95,18.94,19.1,19.12,19.13,19.14,19.15,19.17,19.18,19.19,19.2,19.23,3000,2500,400,3500,400,500,600,900,8900,1000,1300,600,1300,7800,12700,2300,6700,2100,1300,5400
268.0,19.1,160500,3057299.0,19.08,19.07,19.06,19.05,19.02,19.01,19.0,18.99,18.95,18.94,19.1,19.12,19.13,19.14,19.15,19.17,19.18,19.19,19.2,19.23,3000,2500,400,3500,400,500,600,900,8900,1000,1300,600,1300,7800,12700,2300,6700,2100,1300,5400
269.0,19.1,161000,3066843.0,19.08,19.07,19.06,19.05,19.02,19.01,19.0,18.99,18.95,18.94,19.1,19.12,19.13,19.14,19.15,19.17,19.18,19.19,19.2,19.23,2700,2500,400,3500,400,500,600,900,8900,1000,1100,600,1300,7800,12700,2300,6700,2100,1300,5400
270.0,19.08,163000,3105003.0,19.08,19.07,19.06,19.05,19.02,19.01,19.0,18.99,18.95,18.94,19.1,19.12,19.13,19.14,19.15,19.17,19.18,19.19,19.2,19.23,700,2500,400,3500,400,500,600,900,8900,1000,1100,600,1300,7800,12700,2300,6700,2100,1300,5400
271.0,19.08,163000,3105003.0,19.08,19.07,19.06,19.05,19.02,19.01,19.0,18.99,18.95,18.94,19.1,19.12,19.13,19.14,19.15,19.17,19.18,19.19,19.2,19.23,700,2500,400,3500,400,500,600,900,8900,1000,1100,600,1300,7800,12700,2300,6700,2100,1300,5400
272.0,19.08,163000,3105003.0,19.08,19.07,19.06,19.05,19.02,19.01,19.0,18.99,18.95,18.94,19.1,19.12,19.13,19.14,19.15,19.17,19.18,19.19,19.2,19.23,700,2500,400,3500,400,500,600,900,8900,1000,1100,600,1300,1300,12600,2300,6700,2100,1300,5400
273.0,19.1,163700,3118361.0,19.09,19.08,19.07,19.06,19.05,19.02,19.01,19.0,18.99,18.95,19.1,19.12,19.13,19.14,19.15,19.17,19.18,19.19,19.2,19.23,2900,8000,2500,400,3500,400,500,600,900,8900,1000,600,1300,1300,12600,2300,6700,2100,1300,5400
274.0,19.1,163800,3120271.0,19.09,19.08,19.07,19.06,19.05,19.02,19.01,19.0,18.99,18.95,19.1,19.12,19.13,19.14,19.15,19.17,19.18,19.19,19.2,19.23,2900,8000,2500,400,3500,400,500,600,900,8900,900,600,1300,1300,12600,2300,6700,2100,1300,5400
275.0,19.1,163900,3122181.0,19.09,19.08,19.07,19.06,19.05,19.02,19.01,19.0,18.99,18.95,19.1,19.11,19.12,19.13,19.14,19.15,19.17,19.18,19.19,19.2,2900,8000,2500,400,3500,400,500,600,900,8900,800,100,600,1300,1300,12600,2300,6700,2100,1300
276.0,19.1,164300,3129819.0,19.09,19.08,19.07,19.06,19.05,19.02,19.01,19.0,18.99,18.95,19.1,19.11,19.12,19.13,19.14,19.15,19.17,19.18,19.19,19.2,2700,8000,2500,400,3500,400,500,600,900,8900,600,100,600,1300,1300,12600,2300,6700,2100,1300
277.0,19.1,164700,3137459.0,19.09,19.08,19.07,19.06,19.05,19.02,19.01,19.0,18.99,18.95,19.1,19.11,19.12,19.13,19.14,19.15,19.17,19.18,19.19,19.2,2700,8000,2500,400,3500,400,500,600,900,8900,200,100,600,1300,1300,12600,2300,6700,2100,1300
278.0,19.09,164900,3141277.0,19.09,19.08,19.07,19.06,19.05,19.02,19.01,19.0,18.99,18.95,19.1,19.11,19.12,19.13,19.14,19.15,19.17,19.18,19.19,19.2,2500,8000,2500,400,3500,400,500,600,900,8900,200,100,600,1300,1300,12600,2300,6700,2100,1300
279.0,19.09,165100,3145095.0,19.09,19.08,19.07,19.06,19.05,19.02,19.01,19.0,18.99,18.95,19.1,19.11,19.12,19.13,19.14,19.15,19.17,19.18,19.19,19.2,2300,8000,2500,400,3500,400,500,600,900,8900,200,100,600,1300,1300,12600,2300,6700,2100,1300
280.0,19.09,165100,3145095.0,19.09,19.08,19.07,19.06,19.05,19.02,19.01,19.0,18.99,18.95,19.1,19.11,19.12,19.13,19.14,19.15,19.17,19.18,19.19,19.2,2300,8000,2500,400,3500,400,500,600,900,8900,200,100,600,1300,1300,12600,2300,6700,2100,1300
281.0,19.09,165100,3145095.0,19.09,19.08,19.07,19.06,19.05,19.02,19.01,19.0,18.99,18.95,19.1,19.11,19.12,19.13,19.14,19.15,19.17,19.18,19.19,19.2,2300,8000,2500,400,3500,400,500,600,900,8900,200,100,600,1300,1300,12600,2300,6700,2100,1300
282.0,19.09,165300,3148913.0,19.09,19.08,19.07,19.06,19.05,19.02,19.01,19.0,18.99,18.95,19.1,19.11,19.12,19.13,19.14,19.15,19.17,19.18,19.19,19.2,2100,8000,2500,400,3500,400,500,600,900,8900,200,100,600,1300,1300,12600,2300,6700,2100,1300
283.0,19.1,165500,3152733.0,19.1,19.09,19.08,19.07,19.06,19.05,19.02,19.01,19.0,18.99,19.11,19.12,19.13,19.14,19.15,19.17,19.18,19.19,19.2,19.23,2900,2100,8000,2500,400,3500,400,500,600,900,100,600,1300,1300,12600,2300,6700,2100,1300,5400
284.0,19.1,165500,3152733.0,19.1,19.09,19.08,19.07,19.06,19.05,19.02,19.01,19.0,18.99,19.11,19.12,19.13,19.14,19.15,19.17,19.18,19.19,19.2,19.23,2900,200,300,2500,400,3500,400,500,600,900,100,600,1300,1300,12600,2300,6700,2100,1300,5400
285.0,19.12,166500,3171842.0,19.1,19.09,19.08,19.07,19.06,19.05,19.02,19.01,19.0,18.99,19.12,19.13,19.14,19.15,19.17,19.18,19.19,19.2,19.23,19.25,2400,200,300,2500,400,3500,400,500,600,900,2300,1300,1300,12600,2300,6700,2100,1300,5400,6200
286.0,19.1,166900,3179482.0,19.1,19.09,19.08,19.07,19.06,19.05,19.02,19.01,19.0,18.99,19.12,19.13,19.14,19.15,19.17,19.18,19.19,19.2,19.23,19.25,2000,200,300,2500,400,3400,400,500,600,900,2300,1300,1300,12600,2300,6700,2100,1300,5400,6200
287.0,19.1,166900,3179482.0,19.1,19.09,19.08,19.07,19.06,19.05,19.02,19.01,19.0,18.99,19.12,19.13,19.14,19.15,19.17,19.18,19.19,19.2,19.23,19.25,2000,200,300,2500,400,3400,400,500,600,900,2300,1300,1300,12600,2300,6700,2100,1300,5400,6200
288.0,19.1,166900,3179482.0,19.1,19.09,19.08,19.07,19.06,19.05,19.02,19.01,19.0,18.99,19.12,19.13,19.14,19.15,19.17,19.18,19.19,19.2,19.23,19.25,2000,200,300,2500,400,3400,400,500,600,900,2300,1300,1300,12600,2300,6700,2100,1300,5400,6200
289.0,19.1,167100,3183302.0,19.1,19.09,19.08,19.07,19.06,19.05,19.02,19.01,19.0,18.99,19.12,19.13,19.14,19.15,19.17,19.18,19.19,19.2,19.23,19.25,1800,200,300,2500,400,3400,400,500,600,900,2300,1300,1300,12600,2300,6700,2100,1300,5400,6200
290.0,19.1,167100,3183302.0,19.1,19.09,19.08,19.07,19.06,19.05,19.02,19.01,19.0,18.99,19.12,19.13,19.14,19.15,19.17,19.18,19.19,19.2,19.23,19.25,1800,200,300,2500,400,3400,400,500,600,900,2300,1300,1300,12600,2300,6700,2100,1300,5400,6200
291.0,19.1,167100,3183302.0,19.1,19.09,19.08,19.07,19.06,19.05,19.02,19.01,19.0,18.99,19.12,19.13,19.14,19.15,19.17,19.18,19.19,19.2,19.23,19.25,9500,200,300,2500,400,3400,400,500,600,900,2300,1300,1300,12600,2300,6700,2100,1300,5400,6200
292.0,19.1,167100,3183302.0,19.1,19.09,19.08,19.07,19.06,19.05,19.02,19.01,19.0,18.99,19.12,19.13,19.14,19.15,19.17,19.18,19.19,19.2,19.23,19.25,9500,200,300,2500,400,3400,400,500,600,900,2300,1300,1300,12600,2300,6700,2100,2300,5400,6200
293.0,19.12,168200,3204314.0,19.1,19.09,19.08,19.07,19.06,19.05,19.02,19.01,19.0,18.99,19.12,19.13,19.14,19.15,19.17,19.18,19.19,19.2,19.23,19.25,8500,200,300,2500,400,3400,400,500,600,900,2200,1300,1300,12600,2300,6700,2100,2300,5400,6200
294.0,19.12,168200,3204314.0,19.1,19.09,19.08,19.07,19.06,19.05,19.02,19.01,19.0,18.99,19.12,19.13,19.14,19.15,19.17,19.18,19.19,19.2,19.23,19.25,8500,200,300,2500,400,3400,400,500,600,900,2200,1300,1300,12600,2300,6700,2100,2300,5400,6200
295.0,19.12,168200,3204314.0,19.1,19.09,19.08,19.07,19.06,19.05,19.02,19.01,19.0,18.99,19.12,19.13,19.14,19.15,19.17,19.18,19.19,19.2,19.23,19.25,8500,200,200,2500,400,3400,400,500,600,900,2200,1300,1300,12600,2900,6700,2100,2300,5400,6200
296.0,19.12,170000,3238700.0,19.1,19.09,19.08,19.07,19.06,19.05,19.02,19.01,19.0,18.99,19.12,19.13,19.14,19.15,19.17,19.18,19.19,19.2,19.23,19.25,7000,200,200,2500,400,3400,400,500,600,900,1900,1300,1300,12600,2900,6700,2100,2300,5400,6200
297.0,19.12,170000,3238700.0,19.1,19.09,19.08,19.07,19.06,19.05,19.02,19.01,19.0,18.99,19.12,19.13,19.14,19.15,19.17,19.18,19.19,19.2,19.23,19.25,7000,200,200,2500,400,3400,400,500,600,900,1900,1300,1300,12600,2900,6700,2100,2300,5400,6200
298.0,19.12,170000,3238700.0,19.1,19.08,19.06,19.05,19.02,19.01,19.0,18.99,18.95,18.94,19.12,19.13,19.14,19.15,19.17,19.18,19.19,19.2,19.23,19.25,7000,200,400,3400,400,500,600,900,8900,1000,2300,1300,1300,12600,2900,6700,2100,2300,5400,6200
299.0,19.12,170000,3238700.0,19.1,19.08,19.06,19.05,19.01,19.0,18.99,18.95,18.94,18.9,19.12,19.13,19.14,19.15,19.17,19.18,19.19,19.2,19.23,19.25,7000,200,900,3400,500,600,900,8900,1000,500,2400,1300,1300,12600,2900,6700,2100,2300,5400,6200
300.0,19.1,170500,3248250.0,19.08,19.06,19.05,19.01,19.0,18.99,18.95,18.94,18.9,18.89,19.12,19.13,19.14,19.15,19.17,19.18,19.19,19.2,19.23,19.25,200,900,3400,500,600,900,8900,1000,500,400,2400,1300,1300,12600,2900,6700,2100,2300,5400,6200
301.0,19.1,170500,3248250.0,19.08,19.06,19.05,19.01,19.0,18.99,18.95,18.94,18.9,18.89,19.12,19.13,19.14,19.15,19.17,19.18,19.19,19.2,19.23,19.25,200,900,3400,500,600,900,8900,1000,500,400,2400,1300,1300,12600,2900,6700,2100,2300,5400,6200
302.0,19.1,170500,3248250.0,19.08,19.06,19.05,19.01,19.0,18.99,18.95,18.94,18.9,18.89,19.1,19.12,19.13,19.14,19.15,19.17,19.18,19.19,19.2,19.23,400,900,3400,500,600,900,8900,1000,500,400,2000,4500,1300,1300,12600,2900,6700,2100,2300,5400
303.0,19.1,170500,3248250.0,19.08,19.06,19.05,19.01,19.0,18.99,18.95,18.94,18.9,18.89,19.1,19.12,19.13,19.14,19.15,19.17,19.18,19.19,19.2,19.23,400,900,3400,500,600,900,8900,1000,500,400,2500,4900,1300,1300,12600,2900,6700,2100,2300,5400
304.0,19.1,170500,3248250.0,19.08,19.06,19.05,19.01,19.0,18.99,18.95,18.94,18.9,18.89,19.1,19.12,19.13,19.14,19.15,19.17,19.18,19.19,19.2,19.23,400,900,3400,500,600,900,8900,1000,500,400,2500,4900,1300,1300,12600,2900,6700,2100,2300,5400
305.0,19.1,170500,3248250.0,19.08,19.06,19.05,19.01,19.0,18.99,18.95,18.94,18.9,18.89,19.1,19.11,19.12,19.13,19.14,19.15,19.17,19.18,19.19,19.2,400,900,3400,500,600,900,8900,1000,10500,400,3000,200,4900,1300,1300,12600,2900,6700,2100,2300
306.0,19.1,170500,3248250.0,19.08,19.06,19.05,19.01,19.0,18.99,18.95,18.94,18.9,18.89,19.1,19.11,19.12,19.13,19.14,19.15,19.17,19.18,19.19,19.2,400,900,3400,500,600,900,8900,1000,10500,400,3000,200,4900,1300,1300,12600,2900,6700,2100,2300
307.0,19.1,170500,3248250.0,19.08,19.06,19.05,19.01,19.0,18.99,18.95,18.94,18.9,18.89,19.1,19.11,19.12,19.13,19.14,19.15,19.17,19.18,19.19,19.2,400,900,3400,500,600,900,8900,1000,10500,400,3000,200,4900,1300,1300,12600,2900,6700,2100,2300
308.0,19.12,178200,3395412.0,19.08,19.06,19.05,19.01,19.0,18.99,18.95,18.94,18.9,18.89,19.12,19.13,19.14,19.15,19.17,19.18,19.19,19.2,19.23,19.25,400,900,3400,500,600,900,8900,1000,10500,400,400,1300,1300,12600,2900,6700,2100,2300,5400,6200
309.0,19.12,178200,3395412.0,19.08,19.06,19.05,19.01,19.0,18.99,18.95,18.94,18.9,18.89,19.12,19.13,19.14,19.15,19.17,19.18,19.19,19.2,19.23,19.25,500,900,3400,500,1300,900,8900,1000,10500,400,500,1300,1300,12600,2900,6700,2100,2300,5400,6200
310.0,19.12,178200,3395412.0,19.08,19.06,19.05,19.01,19.0,18.99,18.95,18.94,18.9,18.89,19.12,19.13,19.14,19.15,19.17,19.18,19.19,19.2,19.23,19.25,700,900,3400,500,1300,900,8900,1000,10500,400,700,1300,1300,12600,2900,6700,2100,2300,5400,6200
311.0,19.12,178200,3395412.0,19.08,19.06,19.05,19.01,19.0,18.99,18.95,18.94,18.9,18.89,19.12,19.13,19.14,19.15,19.17,19.18,19.19,19.2,19.23,19.25,800,900,3400,500,1300,900,8900,1000,10500,400,800,1300,1300,12600,2900,6700,2100,2300,5400,6200
312.0,19.12,178200,3395412.0,19.08,19.06,19.05,19.01,19.0,18.99,18.95,18.94,18.9,18.89,19.12,19.13,19.14,19.15,19.17,19.18,19.19,19.2,19.23,19.25,800,900,3400,500,1300,900,8900,1000,10500,400,800,1300,1300,12600,2900,6700,2100,2300,5400,6200
313.0,19.12,178200,3395412.0,19.08,19.06,19.05,19.01,19.0,18.99,18.95,18.94,18.9,18.89,19.12,19.13,19.14,19.15,19.17,19.18,19.19,19.2,19.23,19.25,1000,900,3400,500,1300,900,8900,1000,10500,400,1000,1300,1300,12600,2900,6700,2100,2300,5400,6200
314.0,19.12,178200,3395412.0,19.08,19.06,19.05,19.01,19.0,18.99,18.95,18.94,18.9,18.89,19.12,19.13,19.14,19.15,19.17,19.18,19.19,19.2,19.23,19.25,1100,900,3400,500,1300,900,8900,1000,10500,400,1200,1300,1300,12600,2900,6700,2100,2300,5400,6200
315.0,19.12,178200,3395412.0,19.08,19.06,19.05,19.01,19.0,18.99,18.95,18.94,18.9,18.89,19.09,19.12,19.13,19.14,19.15,19.17,19.18,19.19,19.2,19.23,1300,900,3400,500,1300,900,8900,1000,10500,400,800,1400,1300,1300,12600,2900,6700,2100,2300,5400
316.0,19.08,178300,3397320.0,19.08,19.06,19.05,19.01,19.0,18.99,18.95,18.94,18.9,18.89,19.09,19.12,19.13,19.14,19.15,19.17,19.18,19.19,19.2,19.23,1200,900,3400,500,1300,900,8900,1000,10500,400,800,1400,1300,1300,12600,2900,6700,2100,2300,5400
317.0,19.08,178400,3399228.0,19.08,19.06,19.05,19.01,19.0,18.99,18.95,18.94,18.9,18.89,19.09,19.12,19.13,19.14,19.15,19.17,19.18,19.19,19.2,19.23,1100,900,3400,500,1300,900,8900,1000,10500,400,800,1400,1300,1300,12600,2900,6700,2100,2300,5400
318.0,19.08,178400,3399228.0,19.08,19.06,19.05,19.01,19.0,18.99,18.95,18.94,18.9,18.89,19.09,19.11,19.12,19.13,19.14,19.15,19.17,19.18,19.19,19.2,1100,900,3400,500,1300,900,8900,1000,10500,400,800,1500,1500,1300,1300,12600,2900,6700,2100,2300
319.0,19.08,178600,3403044.0,19.08,19.06,19.05,19.01,19.0,18.99,18.95,18.94,18.9,18.89,19.09,19.11,19.12,19.13,19.14,19.15,19.17,19.18,19.19,19.2,900,900,3400,500,1300,900,8900,1000,10500,400,800,1500,1500,1800,1300,12600,2900,6700,2100,2300
320.0,19.08,178600,3403044.0,19.08,19.06,19.05,19.01,19.0,18.99,18.95,18.94,18.9,18.89,19.09,19.11,19.12,19.13,19.14,19.15,19.17,19.18,19.19,19.2,900,900,3400,500,1300,900,9900,1000,10500,400,800,1500,1500,1800,1300,12600,2900,6700,2100,2300
321.0,19.08,178600,3403044.0,19.08,19.06,19.05,19.01,19.0,18.99,18.95,18.94,18.9,18.89,19.09,19.11,19.12,19.13,19.14,19.15,19.17,19.18,19.19,19.2,900,900,3400,500,1300,900,9900,1000,10500,400,800,1500,1500,1800,1300,12600,2900,6700,2100,2300
322.0,19.08,178600,3403044.0,19.08,19.06,19.05,19.01,19.0,18.99,18.95,18.94,18.9,18.89,19.09,19.11,19.12,19.13,19.14,19.15,19.17,19.18,19.19,19.2,900,900,3400,500,1300,900,9900,1000,10500,400,800,1500,1500,1800,1300,12600,2900,6700,2100,2300
323.0,19.08,178600,3403044.0,19.08,19.06,19.05,19.01,19.0,18.99,18.95,18.94,18.9,18.89,19.09,19.11,19.12,19.13,19.14,19.15,19.17,19.18,19.19,19.2,900,900,3400,500,1300,900,9900,1000,10500,400,800,2700,1500,1800,1300,12600,2900,6700,2100,2300
324.0,19.08,178600,3403044.0,19.08,19.06,19.05,19.01,19.0,18.99,18.95,18.94,18.9,18.89,19.09,19.11,19.12,19.13,19.14,19.15,19.17,19.18,19.19,19.2,900,900,3400,500,1300,900,9900,1000,10500,400,800,2700,2600,1800,1300,12600,2900,6700,2100,2300
325.0,19.08,178600,3403044.0,19.08,19.06,19.05,19.01,19.0,18.99,18.95,18.94,18.9,18.89,19.09,19.1,19.11,19.12,19.13,19.14,19.15,19.17,19.18,19.19,900,900,3400,500,1300,900,9900,1000,10500,400,800,200,2700,2600,1800,1300,12600,2900,6700,2100
326.0,19.08,178600,3403044.0,19.08,19.06,19.05,19.01,19.0,18.99,18.95,18.94,18.9,18.89,19.09,19.1,19.11,19.12,19.13,19.14,19.15,19.17,19.18,19.19,900,1000,3400,500,1300,900,9900,1000,10500,400,800,200,2700,2600,1800,1300,12600,2900,6700,2100
327.0,19.08,178600,3403044.0,19.08,19.06,19.05,19.01,19.0,18.99,18.95,18.94,18.9,18.89,19.09,19.1,19.11,19.12,19.13,19.14,19.15,19.17,19.18,19.19,900,1000,3400,500,1300,900,9900,1000,10500,400,800,200,2700,2600,1800,1300,12600,2900,6700,2100
328.0,19.08,178600,3403044.0,19.08,19.06,19.05,19.01,19.0,18.99,18.95,18.94,18.9,18.89,19.09,19.1,19.11,19.12,19.13,19.14,19.15,19.17,19.18,19.19,900,1000,3400,500,1300,900,9900,1000,10500,400,800,200,2700,2600,1800,1300,12600,2900,6700,2100
329.0,19.08,178600,3403044.0,19.08,19.06,19.05,19.01,19.0,18.99,18.95,18.94,18.9,18.89,19.09,19.1,19.11,19.12,19.13,19.14,19.15,19.17,19.18,19.19,900,1000,3400,500,1300,900,9900,1000,10500,400,800,200,2700,2600,1800,1300,12600,2900,6700,2100
330.0,19.08,178600,3403044.0,19.08,19.06,19.05,19.01,19.0,18.99,18.95,18.94,18.9,18.89,19.09,19.1,19.11,19.12,19.13,19.14,19.15,19.17,19.18,19.19,900,1000,3400,500,1300,900,9900,1000,10500,400,800,200,2700,2600,1800,1800,12600,2900,6700,2100
331.0,19.09,179000,3410679.0,19.08,19.06,19.05,19.01,19.0,18.99,18.95,18.94,18.9,18.89,19.09,19.1,19.11,19.12,19.13,19.14,19.15,19.17,19.18,19.19,800,900,3400,500,1300,900,9900,1000,10500,400,500,1500,3700,2600,1800,1800,12600,2900,6700,2100
332.0,19.09,179000,3410679.0,19.08,19.06,19.05,19.01,19.0,18.99,18.95,18.94,18.9,18.89,19.09,19.1,19.11,19.12,19.13,19.14,19.15,19.17,19.18,19.19,800,900,3400,500,1300,900,9900,1000,10500,400,500,1500,3700,2600,1800,1800,12600,2900,6700,2100
333.0,19.09,179000,3410679.0,19.08,19.06,19.05,19.01,19.0,18.99,18.95,18.94,18.9,18.89,19.09,19.1,19.11,19.12,19.13,19.14,19.15,19.17,19.18,19.19,800,900,3400,500,1300,900,9900,1000,10500,400,500,1500,3700,2600,1800,1800,12600,2900,6700,2100
334.0,19.09,179000,3410679.0,19.08,19.07,19.06,19.05,19.01,19.0,18.99,18.95,18.94,18.9,19.09,19.1,19.11,19.12,19.13,19.14,19.15,19.17,19.18,19.19,800,700,900,3400,500,1300,900,9900,1000,10500,500,1500,3700,2600,1800,1800,12600,2900,6700,2100
335.0,19.09,179000,3410679.0,19.08,19.07,19.06,19.05,19.01,19.0,18.99,18.95,18.94,18.9,19.09,19.1,19.11,19.12,19.13,19.14,19.15,19.17,19.18,19.19,800,700,900,3400,500,1300,900,9900,1000,10500,500,1500,3700,2600,1800,1800,12600,2900,6700,2100
336.0,19.09,179000,3410679.0,19.08,19.07,19.06,19.05,19.01,19.0,18.99,18.95,18.94,18.9,19.09,19.1,19.11,19.12,19.13,19.14,19.15,19.17,19.18,19.19,800,700,900,3400,500,1300,900,9900,1000,10500,500,1500,3700,2600,1800,1800,12600,2900,6700,2100
337.0,19.09,179000,3410679.0,19.08,19.07,19.06,19.05,19.01,19.0,18.99,18.95,18.94,18.9,19.09,19.1,19.11,19.12,19.13,19.14,19.15,19.17,19.18,19.19,800,700,900,3400,500,1300,900,9900,1000,10500,500,1500,3700,2600,1800,1800,12600,2900,6700,2100
338.0,19.09,179100,3412588.0,19.08,19.07,19.06,19.05,19.01,19.0,18.99,18.95,18.94,18.9,19.09,19.1,19.11,19.12,19.13,19.14,19.15,19.17,19.18,19.19,800,700,900,3400,500,1300,900,9900,1000,10500,400,1500,3700,2600,1800,1800,12600,2900,6700,2100
339.0,19.09,179100,3412588.0,19.08,19.07,19.06,19.05,19.01,19.0,18.99,18.95,18.94,18.9,19.09,19.1,19.11,19.12,19.13,19.14,19.15,19.17,19.18,19.19,800,700,900,3400,500,1300,900,9900,1000,10500,400,1500,3700,2600,1800,1800,12600,2900,6700,2100
340.0,19.09,179100,3412588.0,19.08,19.07,19.06,19.05,19.01,19.0,18.99,18.95,18.94,18.9,19.09,19.1,19.11,19.12,19.13,19.14,19.15,19.17,19.18,19.19,800,700,900,3400,500,1300,900,9900,1000,10500,400,1500,3700,2600,1800,1800,12600,2900,6700,2100
341.0,19.1,180100,3431684.0,19.08,19.07,19.06,19.05,19.01,19.0,18.99,18.95,18.94,18.9,19.1,19.11,19.12,19.13,19.14,19.15,19.17,19.18,19.19,19.2,800,700,900,3400,500,1300,900,9900,1000,10500,900,3700,2600,1800,1800,12600,2900,6700,2100,2300
342.0,19.1,180100,3431684.0,19.08,19.07,19.06,19.05,19.01,19.0,18.99,18.95,18.94,18.9,19.1,19.11,19.12,19.13,19.14,19.15,19.17,19.18,19.19,19.2,800,700,900,3400,500,1300,900,9900,1000,10500,900,3700,2600,1800,1800,12600,2900,6700,2100,2300
343.0,19.08,180200,3433592.0,19.08,19.07,19.06,19.05,19.01,19.0,18.99,18.95,18.94,18.9,19.1,19.11,19.12,19.13,19.14,19.15,19.17,19.18,19.19,19.2,700,700,900,3400,500,1300,900,9900,1000,10500,900,3700,2600,1800,1800,12600,2900,6700,2100,2300
344.0,19.08,180200,3433592.0,19.08,19.07,19.06,19.05,19.01,19.0,18.99,18.95,18.94,18.9,19.1,19.11,19.12,19.13,19.14,19.15,19.17,19.18,19.19,19.2,700,700,900,3400,500,1300,900,9900,1000,10500,900,3700,2600,1800,1800,12600,2900,6700,2100,2300
345.0,19.08,180200,3433592.0,19.08,19.07,19.06,19.05,19.01,19.0,18.99,18.95,18.94,18.9,19.1,19.11,19.12,19.13,19.14,19.15,19.17,19.18,19.19,19.2,700,700,900,3400,500,1300,900,9900,1000,10500,900,3700,2600,1800,1800,12600,2900,6700,2100,2300
346.0,19.08,180200,3433592.0,19.08,19.07,19.06,19.05,19.01,19.0,18.99,18.95,18.94,18.9,19.1,19.11,19.12,19.13,19.14,19.15,19.17,19.18,19.19,19.2,700,700,900,3400,500,1300,900,9900,1000,10500,900,3700,2600,1800,1800,12600,2900,6700,2100,2300
347.0,19.08,180200,3433592.0,19.08,19.07,19.06,19.05,19.01,19.0,18.99,18.95,18.94,18.9,19.1,19.11,19.12,19.13,19.14,19.15,19.17,19.18,19.19,19.2,700,700,900,3400,500,1300,900,9900,1000,10500,900,3700,2600,1800,1800,12600,2900,6700,2100,2300
348.0,19.08,180200,3433592.0,19.08,19.07,19.06,19.05,19.01,19.0,18.99,18.95,18.94,18.9,19.1,19.11,19.12,19.13,19.14,19.15,19.17,19.18,19.19,19.2,700,700,900,3400,500,1300,900,9900,1000,10500,900,3700,2600,1800,1800,12600,2900,6700,2100,2300
349.0,19.08,180200,3433592.0,19.08,19.07,19.06,19.05,19.01,19.0,18.99,18.95,18.94,18.9,19.1,19.11,19.12,19.13,19.14,19.15,19.17,19.18,19.19,19.2,700,700,900,3400,500,1300,900,9900,1000,10500,900,3700,2600,1800,1800,12600,2900,6700,2100,2300
350.0,19.08,180200,3433592.0,19.08,19.07,19.06,19.05,19.01,19.0,18.99,18.95,18.94,18.9,19.1,19.11,19.12,19.13,19.14,19.15,19.17,19.18,19.19,19.2,700,700,900,3400,500,1300,900,9900,1000,10500,900,3700,2600,1800,1800,12600,2900,6700,2100,2300
351.0,19.08,180200,3433592.0,19.08,19.07,19.06,19.05,19.01,19.0,18.99,18.95,18.94,18.9,19.1,19.11,19.12,19.13,19.14,19.15,19.17,19.18,19.19,19.2,700,700,400,3400,500,1300,900,9900,1000,10500,900,3700,2600,1800,1800,12600,2900,6700,2100,2300
352.0,19.08,180200,3433592.0,19.08,19.07,19.06,19.05,19.01,19.0,18.99,18.95,18.94,18.9,19.1,19.11,19.12,19.13,19.14,19.15,19.17,19.18,19.19,19.2,700,700,400,3400,500,1300,900,9900,1000,10500,900,3700,2600,1800,1800,12600,2900,6700,2100,2300
353.0,19.08,180200,3433592.0,19.08,19.07,19.06,19.05,19.01,19.0,18.99,18.95,18.94,18.9,19.1,19.11,19.12,19.13,19.14,19.15,19.17,19.18,19.19,19.2,700,700,400,3400,500,1300,900,9900,1000,10500,900,3700,2600,1800,1800,12600,2900,6700,2100,2300
354.0,19.1,181600,3460315.0,19.07,19.06,19.05,19.01,19.0,18.99,18.95,18.94,18.9,18.89,19.1,19.11,19.12,19.13,19.14,19.15,19.17,19.18,19.19,19.2,600,400,3400,500,1300,900,9900,1000,10500,400,300,3700,2600,1800,1800,12600,2900,6700,2100,2300
355.0,19.07,181700,3462222.0,19.07,19.06,19.05,19.01,19.0,18.99,18.95,18.94,18.9,18.89,19.1,19.11,19.12,19.13,19.14,19.15,19.17,19.18,19.19,19.2,500,400,3400,500,1300,900,9900,1000,10500,400,300,3700,2600,1800,1800,12600,2900,6700,2100,2300
356.0,19.07,181700,3462222.0,19.07,19.06,19.05,19.01,19.0,18.99,18.95,18.94,18.9,18.89,19.1,19.11,19.12,19.13,19.14,19.15,19.17,19.18,19.19,19.2,600,400,3400,500,1300,900,9900,1000,10500,400,300,3700,2600,1800,1800,12600,2900,6700,2100,2300
357.0,19.07,181700,3462222.0,19.07,19.06,19.05,19.01,19.0,18.99,18.95,18.94,18.9,18.89,19.1,19.11,19.12,19.13,19.14,19.15,19.17,19.18,19.19,19.2,600,400,3400,500,1300,900,9900,1000,10500,400,300,3700,2600,1800,1800,12600,2900,6700,2100,2300
358.0,19.07,181700,3462222.0,19.07,19.06,19.05,19.01,19.0,18.99,18.95,18.94,18.9,18.89,19.1,19.11,19.12,19.13,19.14,19.15,19.17,19.18,19.19,19.2,600,400,3400,500,1300,900,9900,1000,10500,400,300,3700,2600,1800,1800,12600,2900,6700,2100,2300
359.0,19.07,181700,3462222.0,19.07,19.06,19.05,19.01,19.0,18.99,18.95,18.94,18.9,18.89,19.1,19.11,19.12,19.13,19.14,19.15,19.17,19.18,19.19,19.2,700,400,3400,500,1300,900,9900,1000,10500,400,300,3700,2600,1800,1800,12600,2900,6700,2100,2300
360.0,19.07,181700,3462222.0,19.07,19.06,19.05,19.01,19.0,18.99,18.95,18.94,18.9,18.89,19.1,19.11,19.12,19.13,19.14,19.15,19.17,19.18,19.19,19.2,700,400,3400,500,1300,900,9900,1000,10500,400,300,3800,2600,1800,1800,12600,2900,6700,2100,2300
361.0,19.07,181700,3462222.0,19.08,19.07,19.06,19.05,19.01,19.0,18.99,18.95,18.94,18.9,19.1,19.11,19.12,19.13,19.14,19.15,19.17,19.18,19.19,19.2,100,700,400,3400,500,1300,900,9900,1000,10500,300,3800,2600,1800,1800,12600,2900,6700,2100,2300
362.0,19.07,181700,3462222.0,19.08,19.07,19.06,19.05,19.01,19.0,18.99,18.95,18.94,18.9,19.1,19.11,19.12,19.13,19.14,19.15,19.17,19.18,19.19,19.2,100,700,400,3400,500,1300,900,9900,1000,10500,1000,3900,2600,1800,1800,12600,2900,6700,2100,2300
363.0,19.07,181700,3462222.0,19.08,19.07,19.06,19.05,19.01,19.0,18.99,18.95,18.94,18.9,19.1,19.11,19.12,19.13,19.14,19.15,19.17,19.18,19.19,19.2,100,700,400,3400,500,1300,900,9900,1000,10500,1000,3900,2600,1800,1800,12600,2900,6700,2100,2300
364.0,19.07,182800,3483200.0,19.06,19.05,19.01,19.0,18.99,18.95,18.94,18.9,18.89,18.85,19.07,19.1,19.11,19.12,19.13,19.14,19.15,19.17,19.18,19.19,400,3400,500,1300,900,9900,1000,10500,400,1000,200,1000,3900,2600,1800,1800,12600,2900,6700,2100
365.0,19.07,183000,3487014.0,19.06,19.05,19.01,19.0,18.99,18.95,18.94,18.9,18.89,18.85,19.1,19.11,19.12,19.13,19.14,19.15,19.17,19.18,19.19,19.2,400,3400,500,1300,900,9900,1000,10500,400,1000,1000,3900,2600,1800,1800,12600,2900,6700,2100,2300
366.0,19.07,183000,3487014.0,19.06,19.05,19.01,19.0,18.99,18.95,18.94,18.9,18.89,18.85,19.1,19.11,19.12,19.13,19.14,19.15,19.17,19.18,19.19,19.2,400,3400,500,1300,900,9900,1000,10500,400,1000,1000,3900,2600,1800,1800,12600,2900,6700,2100,2300
367.0,19.07,183000,3487014.0,19.06,19.05,19.01,19.0,18.99,18.95,18.94,18.9,18.89,18.85,19.1,19.11,19.12,19.13,19.14,19.15,19.17,19.18,19.19,19.2,400,3400,500,1300,900,9900,1000,10500,400,1000,1000,3900,2600,1800,1800,12600,2900,6700,2100,2300
368.0,19.1,183100,3488924.0,19.06,19.05,19.01,19.0,18.99,18.95,18.94,18.9,18.89,18.85,19.1,19.11,19.12,19.13,19.14,19.15,19.17,19.18,19.19,19.2,400,3400,500,1300,900,9900,1000,10500,400,1000,900,3900,2600,1800,1800,12600,2900,6700,2100,2300
369.0,19.1,183100,3488924.0,19.07,19.06,19.05,19.01,19.0,18.99,18.95,18.94,18.9,18.89,19.1,19.11,19.12,19.13,19.14,19.15,19.17,19.18,19.19,19.2,600,400,3400,500,1300,900,9900,1000,10500,400,900,3900,2600,1800,1800,12600,2900,6700,2100,2300
370.0,19.1,183100,3488924.0,19.08,19.07,19.06,19.05,19.01,19.0,18.99,18.95,18.94,18.9,19.1,19.11,19.12,19.13,19.14,19.15,19.17,19.18,19.19,19.2,2600,600,400,3400,500,1300,900,9900,1000,10500,2900,3900,2600,1800,1800,12600,2900,6700,2100,2300
371.0,19.1,184100,3508024.0,19.08,19.07,19.06,19.05,19.01,19.0,18.99,18.95,18.94,18.9,19.1,19.11,19.12,19.13,19.14,19.15,19.17,19.18,19.19,19.2,2600,800,400,3400,500,1300,900,9900,1000,10500,1900,3900,2600,1800,1800,12600,2900,6700,2100,2300
372.0,19.1,184200,3509934.0,19.08,19.07,19.06,19.05,19.01,19.0,18.99,18.95,18.94,18.9,19.1,19.11,19.12,19.13,19.14,19.15,19.17,19.18,19.19,19.2,2600,800,400,3400,500,1300,900,9900,1000,10500,1800,3900,2600,1800,1800,12600,2900,6700,2100,2300
373.0,19.1,184600,3517574.0,19.08,19.07,19.06,19.05,19.01,19.0,18.99,18.95,18.94,18.9,19.1,19.11,19.12,19.13,19.14,19.15,19.17,19.18,19.19,19.2,3000,800,400,3400,500,1300,900,9900,1000,10500,1400,3900,2600,1800,1800,12600,2900,6700,2100,2300
374.0,19.1,184600,3517574.0,19.08,19.07,19.06,19.05,19.01,19.0,18.99,18.95,18.94,18.9,19.1,19.11,19.12,19.13,19.14,19.15,19.17,19.18,19.19,19.2,3000,300,400,3400,500,1700,900,9900,1000,10500,1400,3900,2600,1800,1800,12600,2900,6700,2100,2300
375.0,19.1,184700,3519484.0,19.08,19.07,19.06,19.05,19.01,19.0,18.99,18.95,18.94,18.9,19.1,19.11,19.12,19.13,19.14,19.15,19.17,19.18,19.19,19.2,3000,300,400,3400,500,1700,900,9900,1000,10500,1300,3900,2600,1800,1800,12600,2900,6700,2100,2300
376.0,19.08,185000,3525208.0,19.08,19.07,19.06,19.05,19.01,19.0,18.99,18.95,18.94,18.9,19.1,19.11,19.12,19.13,19.14,19.15,19.17,19.18,19.19,19.2,2700,100,400,3400,500,1700,900,9900,1000,10500,2300,3900,2600,1800,1800,12900,2900,6700,2100,2300
377.0,19.08,185000,3525208.0,19.08,19.07,19.06,19.05,19.01,19.0,18.99,18.95,18.94,18.9,19.1,19.11,19.12,19.13,19.14,19.15,19.17,19.18,19.19,19.2,2700,100,400,3400,500,1700,900,9900,1000,10500,2300,3900,2600,1800,1800,12900,2900,6700,2100,2300
378.0,19.08,185500,3534748.0,19.08,19.07,19.06,19.05,19.01,19.0,18.99,18.95,18.94,18.9,19.1,19.11,19.12,19.13,19.14,19.15,19.17,19.18,19.19,19.2,2200,100,400,3400,500,1700,900,9900,1000,10500,2300,3900,2600,1800,1800,12900,2900,6700,2100,2300
379.0,19.1,185700,3538568.0,19.08,19.06,19.05,19.01,19.0,18.99,18.95,18.94,18.9,18.89,19.1,19.11,19.12,19.13,19.14,19.15,19.17,19.18,19.19,19.2,2200,400,3400,500,1700,900,9900,1000,10500,400,2200,3900,2600,1800,1800,12900,2900,6700,2100,2300
380.0,19.1,185700,3538568.0,19.08,19.06,19.05,19.01,19.0,18.99,18.95,18.94,18.9,18.89,19.1,19.11,19.12,19.13,19.14,19.15,19.17,19.18,19.19,19.2,2200,400,3400,500,1700,900,9900,1000,10500,400,2200,3900,2600,1800,1800,12900,2900,6700,2100,2300
381.0,19.1,185700,3538568.0,19.08,19.06,19.05,19.01,19.0,18.99,18.95,18.94,18.9,18.89,19.1,19.11,19.12,19.13,19.14,19.15,19.17,19.18,19.19,19.2,2200,400,3400,500,1700,900,9900,1000,10500,400,2200,3900,2600,1800,1800,12900,2900,6700,2100,2300
382.0,19.1,185900,3542388.0,19.08,19.06,19.05,19.01,19.0,18.99,18.95,18.94,18.9,18.89,19.1,19.11,19.12,19.13,19.14,19.15,19.17,19.18,19.19,19.2,2200,400,3400,500,1700,900,9900,1000,10500,400,2000,3900,2600,1800,1800,12900,2900,6700,2100,2300
383.0,19.1,185900,3542388.0,19.08,19.06,19.05,19.01,19.0,18.99,18.95,18.94,18.9,18.89,19.1,19.11,19.12,19.13,19.14,19.15,19.17,19.18,19.19,19.2,2200,400,3400,500,1700,900,9900,1000,10500,400,2000,3900,2600,1800,1800,12900,2900,6700,2100,2300
384.0,19.08,186100,3546204.0,19.06,19.05,19.01,19.0,18.99,18.95,18.94,18.9,18.89,18.85,19.1,19.11,19.12,19.13,19.14,19.15,19.17,19.18,19.19,19.2,800,3400,500,1700,1300,9900,1000,10500,400,1000,2000,3900,2600,1800,1800,12900,2900,6700,2100,2300
385.0,19.1,186300,3550024.0,19.06,19.05,19.01,19.0,18.99,18.95,18.94,18.9,18.89,18.85,19.1,19.11,19.12,19.13,19.14,19.15,19.17,19.18,19.19,19.2,800,3400,500,1700,1300,9900,1000,10500,400,1000,1800,3900,2600,1800,1800,12900,2900,6700,2100,2300
386.0,19.11,188300,3588226.0,19.06,19.05,19.01,19.0,18.99,18.95,18.94,18.9,18.89,18.85,19.11,19.12,19.13,19.14,19.15,19.17,19.18,19.19,19.2,19.23,800,3400,500,1700,1300,9900,1000,10500,400,1000,3700,2600,1800,1800,12900,2900,6700,2100,2300,5400
387.0,19.11,188300,3588226.0,19.06,19.05,19.01,19.0,18.99,18.95,18.94,18.9,18.89,18.85,19.11,19.12,19.13,19.14,19.15,19.17,19.18,19.19,19.2,19.23,900,3400,500,1700,1300,9900,1000,10500,400,1000,3800,2600,1800,1800,12900,2900,6700,2100,2300,5400
388.0,19.11,188300,3588226.0,19.07,19.06,19.05,19.01,19.0,18.99,18.95,18.94,18.9,18.89,19.11,19.12,19.13,19.14,19.15,19.17,19.18,19.19,19.2,19.23,700,900,3400,500,1700,1400,9900,1000,11000,400,3800,2600,1800,1800,12900,2900,6700,2100,2000,5400
389.0,19.11,188600,3593959.0,19.1,19.07,19.06,19.05,19.01,19.0,18.99,18.95,18.94,18.9,19.11,19.12,19.13,19.14,19.15,19.17,19.18,19.19,19.2,19.23,2600,700,900,3400,500,1700,1400,9900,1000,11000,3500,2600,1800,1800,12900,2900,6700,2100,2000,5400
390.0,19.11,188600,3593959.0,19.1,19.07,19.06,19.05,19.01,19.0,18.99,18.95,18.94,18.9,19.11,19.12,19.13,19.14,19.15,19.17,19.18,19.19,19.2,19.23,2600,700,900,3400,500,1700,800,9900,1000,11000,3800,2600,1800,1800,12900,2900,6700,2100,2000,5400
391.0,19.1,188800,3597779.0,19.1,19.07,19.06,19.05,19.01,19.0,18.99,18.95,18.94,18.9,19.11,19.12,19.13,19.14,19.15,19.17,19.18,19.19,19.2,19.23,2400,700,900,3400,500,1700,800,9900,1000,11000,3800,2600,1800,1800,12900,2900,6700,2100,2000,5400
392.0,19.11,189100,3603512.0,19.1,19.07,19.06,19.05,19.01,19.0,18.99,18.95,18.94,18.9,19.11,19.12,19.13,19.14,19.15,19.17,19.18,19.19,19.2,19.23,2400,700,900,3400,500,1700,800,9900,1000,11000,3500,2600,1800,1800,12900,2900,6700,2100,2100,5400
393.0,19.11,189100,3603512.0,19.1,19.07,19.06,19.05,19.01,19.0,18.99,18.95,18.94,18.9,19.11,19.12,19.13,19.14,19.15,19.17,19.18,19.19,19.2,19.23,2400,700,900,3400,500,1700,800,9900,1000,11000,3500,2600,1800,1800,12900,2900,6700,2100,2100,5400
394.0,19.11,189100,3603512.0,19.1,19.07,19.06,19.05,19.01,19.0,18.99,18.95,18.94,18.9,19.11,19.12,19.13,19.14,19.15,19.17,19.18,19.19,19.2,19.23,2400,700,900,3400,500,1700,800,9900,1000,11000,3500,2600,1800,1800,12900,2900,6700,2100,2100,5400
395.0,19.1,189300,3607332.0,19.1,19.07,19.06,19.05,19.01,19.0,18.99,18.95,18.94,18.9,19.11,19.12,19.13,19.14,19.15,19.17,19.18,19.19,19.2,19.23,2200,700,900,3400,500,1700,800,9900,1000,11000,3500,2600,1800,1800,12900,2900,6700,2100,2100,5400
396.0,19.11,190200,3624531.0,19.1,19.07,19.06,19.05,19.01,19.0,18.99,18.95,18.94,18.9,19.11,19.12,19.13,19.14,19.15,19.17,19.18,19.19,19.2,19.23,2200,700,900,3400,500,1700,800,9900,1000,11000,2600,2600,1800,1800,12900,2900,6700,2100,2100,5400
397.0,19.11,190200,3624531.0,19.1,19.07,19.06,19.05,19.01,19.0,18.99,18.95,18.94,18.9,19.11,19.12,19.13,19.14,19.15,19.17,19.18,19.19,19.2,19.23,2200,700,900,3400,500,1700,800,9900,1000,11000,2600,2600,1800,1800,12900,2900,6700,2100,2100,5400
398.0,19.1,190400,3628351.0,19.1,19.07,19.06,19.05,19.01,19.0,18.99,18.95,18.94,18.9,19.11,19.12,19.13,19.14,19.15,19.17,19.18,19.19,19.2,19.23,2000,700,900,3400,500,1700,800,9900,1000,11000,2600,2600,1800,1800,12900,2900,6700,2100,2100,5400
399.0,19.11,190600,3632173.0,19.1,19.07,19.06,19.05,19.01,19.0,18.99,18.95,18.94,18.9,19.11,19.12,19.13,19.14,19.15,19.17,19.18,19.19,19.2,19.23,2000,700,900,3400,500,1700,800,9900,1000,11000,2400,2600,1800,1800,12900,2900,6700,2100,2100,5400
400.0,19.1,191700,3653184.0,19.1,19.07,19.06,19.05,19.01,19.0,18.99,18.95,18.94,18.9,19.11,19.12,19.13,19.14,19.15,19.17,19.18,19.19,19.2,19.23,1000,700,900,3400,500,1700,800,9900,1000,11000,2300,2600,1800,1800,12900,2900,6700,2100,2100,5400
401.0,19.1,191700,3653184.0,19.1,19.07,19.06,19.05,19.01,19.0,18.99,18.95,18.94,18.9,19.11,19.12,19.13,19.14,19.15,19.17,19.18,19.19,19.2,19.23,1000,700,900,3400,500,1700,800,9900,1000,11000,2300,2600,1800,1800,12900,2900,6700,2100,2100,5400
402.0,19.11,191900,3657006.0,19.1,19.07,19.06,19.05,19.01,19.0,18.99,18.95,18.94,18.9,19.11,19.12,19.13,19.14,19.15,19.17,19.18,19.19,19.2,19.23,1000,700,900,3400,500,1700,800,9900,1000,11000,2100,2600,1800,1800,12900,2900,6700,2100,2100,5400
403.0,19.11,191900,3657006.0,19.1,19.07,19.06,19.05,19.01,19.0,18.99,18.95,18.94,18.9,19.11,19.12,19.13,19.14,19.15,19.17,19.18,19.19,19.2,19.23,1000,700,900,3400,500,1700,800,9900,1000,11000,2100,2600,1800,1800,12900,2900,6700,2100,2100,5400
404.0,19.11,191900,3657006.0,19.1,19.07,19.06,19.05,19.01,19.0,18.99,18.95,18.94,18.9,19.11,19.12,19.13,19.14,19.15,19.17,19.18,19.19,19.2,19.23,1000,700,900,3400,500,1700,800,9900,1000,11000,2100,2600,1800,1800,12900,2900,6700,2100,2100,5400
405.0,19.11,191900,3657006.0,19.1,19.07,19.06,19.05,19.01,19.0,18.99,18.95,18.94,18.9,19.11,19.12,19.13,19.14,19.15,19.17,19.18,19.19,19.2,19.23,1000,700,900,3400,500,1700,800,9900,1000,11000,2100,2600,1800,1800,12900,2900,6700,2100,2100,5400
406.0,19.1,192200,3662738.0,19.1,19.07,19.06,19.05,19.01,19.0,18.99,18.95,18.94,18.9,19.11,19.12,19.13,19.14,19.15,19.17,19.18,19.19,19.2,19.23,900,700,900,3400,500,1700,800,9900,1000,11000,1900,2600,1800,1800,12900,2900,6700,2100,2100,5400
407.0,19.1,192200,3662738.0,19.1,19.07,19.06,19.05,19.01,19.0,18.99,18.95,18.94,18.9,19.11,19.12,19.13,19.14,19.15,19.17,19.18,19.19,19.2,19.23,900,700,900,3400,500,1700,800,9900,1000,11000,1900,2600,1800,1800,12900,2900,6700,2100,2100,5400
408.0,19.1,193100,3679928.0,19.07,19.06,19.05,19.01,19.0,18.99,18.95,18.94,18.9,18.89,19.1,19.11,19.12,19.13,19.14,19.15,19.17,19.18,19.19,19.2,1100,900,3400,500,1700,800,9900,1000,11000,400,900,1900,2600,1800,1800,12900,2900,6700,2100,2100
409.0,19.1,193100,3679928.0,19.07,19.06,19.05,19.01,19.0,18.99,18.95,18.94,18.9,18.89,19.1,19.11,19.12,19.13,19.14,19.15,19.17,19.18,19.19,19.2,1100,900,3400,500,1700,800,9900,1000,11000,400,1000,1900,2600,1800,1800,12900,2900,6700,2100,2100
410.0,19.1,193100,3679928.0,19.07,19.06,19.05,19.01,19.0,18.99,18.95,18.94,18.9,18.89,19.1,19.11,19.12,19.13,19.14,19.15,19.17,19.18,19.19,19.2,1100,900,3400,500,1700,800,9900,1000,11000,400,1000,1900,2600,1800,1800,12900,2900,6700,2100,2100
411.0,19.1,193100,3679928.0,19.07,19.06,19.05,19.01,19.0,18.99,18.95,18.94,18.9,18.89,19.1,19.11,19.12,19.13,19.14,19.15,19.17,19.18,19.19,19.2,400,900,3400,500,1700,800,9900,1000,11000,400,1000,1900,2600,1800,1800,12900,2900,6700,2100,2100
412.0,19.1,193300,3683748.0,19.07,19.06,19.05,19.01,19.0,18.99,18.95,18.94,18.9,18.89,19.1,19.11,19.12,19.13,19.14,19.15,19.17,19.18,19.19,19.2,3500,900,3400,500,1700,800,9900,1000,1000,400,800,1900,2600,1800,1800,12900,2900,6700,2100,2100
413.0,19.11,194300,3702850.0,19.07,19.06,19.05,19.01,19.0,18.99,18.95,18.94,18.9,18.89,19.11,19.12,19.13,19.14,19.15,19.17,19.18,19.19,19.2,19.23,3500,900,3400,500,1700,800,9900,1000,1000,400,1700,2600,1800,1800,12900,2900,6700,2100,2100,5400
414.0,19.07,194600,3708571.0,19.07,19.06,19.05,19.01,19.0,18.99,18.95,18.94,18.9,18.89,19.11,19.12,19.13,19.14,19.15,19.17,19.18,19.19,19.2,19.23,3300,900,3400,500,1700,800,9900,1000,1000,400,1800,2600,1800,1800,12900,2900,6700,2100,2100,5400
415.0,19.07,194600,3708571.0,19.07,19.06,19.05,19.01,19.0,18.99,18.95,18.94,18.9,18.89,19.11,19.12,19.13,19.14,19.15,19.17,19.18,19.19,19.2,19.23,3300,900,3400,500,1700,800,9900,1000,1000,400,1800,2600,1800,1800,12900,2900,6700,2100,2100,5400
