LocalTime,LastPrice,TradeVolume,TradeValue,BidPrice1,BidPrice2,BidPrice3,BidPrice4,BidPrice5,BidPrice6,BidPrice7,BidPrice8,BidPrice9,BidPriceA,AskPrice1,AskPrice2,AskPrice3,AskPrice4,AskPrice5,AskPrice6,AskPrice7,AskPrice8,AskPrice9,AskPriceA,BidVolume1,BidVolume2,BidVolume3,BidVolume4,BidVolume5,BidVolume6,BidVolume7,BidVolume8,BidVolume9,BidVolumeA,AskVolume1,AskVolume2,AskVolume3,AskVolume4,AskVolume5,AskVolume6,AskVolume7,AskVolume8,AskVolume9,AskVolumeA
0.0,6.16,16300,100408.0,6.16,6.15,6.14,6.13,6.12,6.11,6.1,6.09,6.08,6.07,6.17,6.18,6.19,6.2,6.21,6.22,6.24,6.25,6.26,6.27,1800,6500,200,13100,4000,1400,34600,23500,12300,1800,800,300,3200,3400,3900,11200,3800,7400,8900,6000
1.0,6.18,17400,107198.0,6.18,6.16,6.15,6.14,6.13,6.12,6.11,6.1,6.09,6.08,6.19,6.2,6.21,6.22,6.24,6.25,6.26,6.27,6.28,6.29,1900,1800,6500,200,13100,13100,1400,34600,23500,12300,3200,3400,3900,11200,3800,7400,8900,6000,1300,33400
2.0,6.18,17400,107198.0,6.18,6.16,6.15,6.14,6.13,6.12,6.11,6.1,6.09,6.08,6.19,6.2,6.21,6.22,6.24,6.25,6.26,6.27,6.28,6.29,1900,2000,6500,200,16100,13100,2400,34800,23500,10300,3200,3400,3900,11200,3800,7900,10400,16500,1300,34100
3.0,6.18,19100,117704.0,6.18,6.17,6.16,6.15,6.14,6.13,6.12,6.11,6.1,6.09,6.19,6.2,6.21,6.22,6.23,6.24,6.25,6.26,6.27,6.28,200,20500,2500,6500,200,16100,13100,2400,39400,23500,3200,3400,3900,11200,1000,3800,10600,10400,16500,1300
4.0,6.18,19100,117704.0,6.18,6.17,6.16,6.15,6.14,6.13,6.12,6.11,6.1,6.09,6.19,6.2,6.21,6.22,6.23,6.24,6.25,6.26,6.27,6.28,200,20500,2500,6500,200,16100,18100,17600,40400,23500,3200,3400,3900,11200,1000,3800,10600,10400,16500,1300
5.0,6.17,22600,139301.0,6.17,6.16,6.15,6.14,6.13,6.12,6.11,6.1,6.09,6.08,6.19,6.2,6.21,6.22,6.23,6.24,6.25,6.26,6.27,6.28,17500,2500,7100,3500,16100,19600,17600,40400,23500,11900,3200,3400,3900,20000,1000,3800,10600,10400,33200,1700
6.0,6.16,43600,268863.0,6.16,6.15,6.14,6.13,6.12,6.11,6.1,6.09,6.08,6.07,6.18,6.19,6.2,6.21,6.22,6.23,6.24,6.25,6.26,6.27,1700,7600,3500,16100,19600,18100,40900,25900,11900,1800,29800,11300,3400,3900,20000,1000,3800,10600,10400,33200
7.0,6.16,45500,280567.0,6.15,6.14,6.13,6.12,6.11,6.1,6.09,6.08,6.07,6.06,6.16,6.18,6.19,6.2,6.21,6.22,6.23,6.24,6.25,6.26,8200,3500,16100,19700,18100,40900,25900,12900,1800,30400,1400,40700,11300,3400,3900,23200,1000,3800,10600,10400
8.0,6.16,45900,283031.0,6.15,6.14,6.13,6.12,6.11,6.1,6.09,6.08,6.07,6.06,6.16,6.18,6.19,6.2,6.21,6.22,6.23,6.24,6.25,6.26,8200,3500,16100,19900,18100,46900,25900,12900,1800,30400,1000,44300,11500,3400,3900,23200,1000,3800,10600,10400
9.0,6.16,49000,302127.0,6.15,6.14,6.13,6.12,6.11,6.1,6.09,6.08,6.07,6.06,6.16,6.18,6.19,6.2,6.21,6.22,6.23,6.24,6.25,6.26,8200,3500,16100,19900,18100,48900,25900,12900,1800,30400,200,49200,18300,3400,3900,23200,1000,4300,11600,11400
10.0,6.16,49300,303975.0,6.15,6.14,6.13,6.12,6.11,6.1,6.09,6.08,6.07,6.06,6.16,6.18,6.19,6.2,6.21,6.22,6.23,6.24,6.25,6.26,8200,3500,16100,19900,18600,51900,55900,12900,1800,30400,4700,49300,18300,3400,3900,23200,11000,4300,11600,14400
11.0,6.18,51400,316914.0,6.17,6.16,6.15,6.14,6.13,6.12,6.11,6.1,6.09,6.08,6.18,6.19,6.2,6.21,6.22,6.23,6.24,6.25,6.26,6.27,500,1700,8700,3800,16100,19900,19100,56900,55900,12900,22500,18300,3400,3900,23200,11000,4300,11600,14400,33200
12.0,6.16,62600,385953.0,6.15,6.14,6.13,6.12,6.11,6.1,6.09,6.08,6.07,6.06,6.17,6.18,6.19,6.2,6.21,6.22,6.23,6.24,6.25,6.26,7300,3800,16100,19900,20000,56900,55900,13400,1800,30400,100,15300,18100,3400,3900,23200,11000,4300,11600,14400
13.0,6.16,63600,392110.0,6.15,6.14,6.13,6.12,6.11,6.1,6.09,6.08,6.07,6.06,6.17,6.18,6.19,6.2,6.21,6.22,6.23,6.24,6.25,6.26,7100,3800,16100,19900,20000,56900,55900,13400,1800,30400,400,13200,18200,3400,3900,23200,11000,4300,11600,14400
14.0,6.16,66500,409974.0,6.16,6.15,6.14,6.13,6.12,6.11,6.1,6.09,6.08,6.07,6.17,6.18,6.19,6.2,6.21,6.22,6.23,6.24,6.25,6.26,21800,7300,3800,16100,21900,20000,56900,55900,13400,1800,500,13200,18200,3400,3900,23200,11000,4300,11600,14400
15.0,6.17,67100,413676.0,6.17,6.16,6.15,6.14,6.13,6.12,6.11,6.1,6.09,6.08,6.18,6.19,6.2,6.21,6.22,6.23,6.24,6.25,6.26,6.27,500,2800,7300,3800,16100,21900,20000,56900,55900,13400,13200,18200,3400,3900,23200,11000,4300,11600,14400,33200
16.0,6.16,71100,438323.0,6.16,6.15,6.14,6.13,6.12,6.11,6.1,6.09,6.08,6.07,6.17,6.18,6.19,6.2,6.21,6.22,6.23,6.24,6.25,6.26,1200,7700,3800,28900,22400,20000,56900,55900,14400,1800,3600,12600,16500,3400,3900,23200,11000,4300,11600,14400
17.0,6.17,78000,480828.0,6.16,6.15,6.14,6.13,6.12,6.11,6.1,6.09,6.08,6.07,6.17,6.18,6.19,6.2,6.21,6.22,6.23,6.24,6.25,6.26,100,7900,3800,28900,22400,20000,56900,55900,14400,1800,5800,15500,11800,3400,3900,23200,11000,4300,11600,14400
18.0,6.17,78400,483296.0,6.16,6.15,6.14,6.13,6.12,6.11,6.1,6.09,6.08,6.07,6.17,6.18,6.19,6.2,6.21,6.22,6.23,6.24,6.25,6.26,1800,7800,3800,28900,22400,20000,56900,56900,14400,1800,5500,15500,11800,3400,3900,23200,11000,4300,11600,14400
19.0,6.17,78500,483913.0,6.16,6.15,6.14,6.13,6.12,6.11,6.1,6.09,6.08,6.07,6.17,6.18,6.19,6.2,6.21,6.22,6.23,6.24,6.25,6.26,1900,7800,3800,28900,22400,20000,56900,56900,14400,1800,9000,15500,11800,3400,3900,23200,11000,4300,11600,14400
20.0,6.17,78500,483913.0,6.16,6.15,6.14,6.13,6.12,6.11,6.1,6.09,6.08,6.07,6.17,6.18,6.19,6.2,6.21,6.22,6.23,6.24,6.25,6.26,7500,8800,3800,28900,22400,20000,56900,56900,14400,1800,9000,39100,11800,3400,3900,23200,11000,4300,11600,14400
21.0,6.16,81300,501161.0,6.16,6.15,6.14,6.13,6.12,6.11,6.1,6.09,6.08,6.07,6.17,6.18,6.19,6.2,6.21,6.22,6.23,6.24,6.25,6.26,4700,8800,3800,28900,22400,20000,56900,56900,17300,1800,9000,37400,11800,3400,3900,23200,11000,4300,11600,14400
22.0,6.17,83500,514735.0,6.16,6.15,6.14,6.13,6.12,6.11,6.1,6.09,6.08,6.07,6.17,6.18,6.19,6.2,6.21,6.22,6.23,6.24,6.25,6.26,4700,8800,3800,28900,22400,20000,56900,56900,17300,1800,6800,37400,11800,3400,3900,23200,11000,4300,11600,14400
23.0,6.16,87500,539382.0,6.16,6.15,6.14,6.13,6.12,6.11,6.1,6.09,6.08,6.07,6.17,6.18,6.19,6.2,6.21,6.22,6.23,6.24,6.25,6.26,1400,8800,3800,28900,22400,20000,56900,56900,17300,1800,17800,36900,11800,3400,3900,23200,11000,4300,11600,14400
24.0,6.16,88500,545542.0,6.16,6.15,6.14,6.13,6.12,6.11,6.1,6.09,6.08,6.07,6.17,6.18,6.19,6.2,6.21,6.22,6.23,6.24,6.25,6.26,400,8800,3800,28900,22400,20000,56900,56900,17300,1800,18100,37100,11800,3400,3900,23200,11000,4300,11600,14400
25.0,6.16,88500,545542.0,6.16,6.15,6.14,6.13,6.12,6.11,6.1,6.09,6.08,6.07,6.17,6.18,6.19,6.2,6.21,6.22,6.23,6.24,6.25,6.26,400,8800,3800,28900,22400,20000,56900,56900,17300,1800,18100,37100,11800,3400,3900,23200,11000,4300,11600,14400
26.0,6.15,95100,586136.0,6.15,6.14,6.13,6.12,6.11,6.1,6.09,6.08,6.07,6.06,6.16,6.17,6.18,6.19,6.2,6.21,6.22,6.23,6.24,6.25,2400,3800,28900,22400,20000,56900,56900,17300,1800,30400,4100,31300,37100,11100,3400,3900,23200,11000,4300,11600
27.0,6.15,97500,600896.0,6.14,6.13,6.12,6.11,6.1,6.09,6.08,6.07,6.06,6.05,6.15,6.16,6.17,6.18,6.19,6.2,6.21,6.22,6.23,6.24,3800,28900,22400,20000,56900,56900,17300,1800,30400,22600,3300,7800,31300,37100,11100,3400,3900,23200,11000,4300
28.0,6.14,101400,624842.0,6.13,6.12,6.11,6.1,6.09,6.08,6.07,6.06,6.05,6.04,6.14,6.15,6.16,6.17,6.18,6.19,6.2,6.21,6.22,6.23,28900,22400,20000,56900,56900,17300,1800,30400,22600,5000,2300,3600,7500,31300,37100,11100,3400,3900,23200,11000
29.0,6.15,104400,643264.0,6.14,6.13,6.12,6.11,6.1,6.09,6.08,6.07,6.06,6.05,6.15,6.16,6.17,6.18,6.19,6.2,6.21,6.22,6.23,6.24,1300,28900,22400,20000,56900,56900,20300,1800,30400,22600,10100,8300,29200,37100,11100,3400,3900,23200,11000,4300
30.0,6.15,110300,679549.0,6.14,6.13,6.12,6.11,6.1,6.09,6.08,6.07,6.06,6.05,6.15,6.16,6.17,6.18,6.19,6.2,6.21,6.22,6.23,6.24,1300,28900,22400,20000,56900,56900,20300,1800,30400,22600,4200,8300,29100,37100,10900,3400,3900,23200,11000,4300
31.0,6.14,112500,693062.0,6.14,6.13,6.12,6.11,6.1,6.09,6.08,6.07,6.06,6.05,6.15,6.16,6.17,6.18,6.19,6.2,6.21,6.22,6.23,6.24,1300,28900,22400,20000,56900,56900,20300,1800,30400,22600,4100,8300,29300,37100,10900,3400,3900,23200,11000,4300
32.0,6.16,119600,736731.0,6.15,6.14,6.13,6.12,6.11,6.1,6.09,6.08,6.07,6.06,6.16,6.17,6.18,6.19,6.2,6.21,6.22,6.23,6.24,6.25,200,1700,29100,22400,20000,61900,56900,20300,1800,30400,6300,29300,37100,10900,3400,3900,23200,11000,4300,11100
33.0,6.15,119800,737961.0,6.15,6.14,6.13,6.12,6.11,6.1,6.09,6.08,6.07,6.06,6.16,6.17,6.18,6.19,6.2,6.21,6.22,6.23,6.24,6.25,5700,2300,29100,22400,20000,61900,56900,20300,1800,30400,6300,29300,34800,10900,3400,3900,23200,11000,4300,11100
34.0,6.15,121900,750876.0,6.15,6.14,6.13,6.12,6.11,6.1,6.09,6.08,6.07,6.06,6.16,6.17,6.18,6.19,6.2,6.21,6.22,6.23,6.24,6.25,3900,2900,29100,22400,20000,61900,56900,20300,1800,30400,6300,29300,34800,10900,3400,3900,23200,11000,4300,11100
35.0,6.15,126000,776091.0,6.14,6.13,6.12,6.11,6.1,6.09,6.08,6.07,6.06,6.05,6.16,6.17,6.18,6.19,6.2,6.21,6.22,6.23,6.24,6.25,7000,29100,22400,20000,61900,56900,20300,1800,30400,22600,7400,29300,30400,10900,3400,3900,23200,11000,4300,14800
36.0,6.15,126600,779777.0,6.14,6.13,6.12,6.11,6.1,6.09,6.08,6.07,6.06,6.05,6.15,6.16,6.17,6.18,6.19,6.2,6.21,6.22,6.23,6.24,2500,29100,22400,20000,61900,56900,20300,1800,30400,22600,5800,7600,29300,30400,10900,3400,3900,23200,11000,4300
37.0,6.15,126600,779777.0,6.14,6.13,6.12,6.11,6.1,6.09,6.08,6.07,6.06,6.05,6.15,6.16,6.17,6.18,6.19,6.2,6.21,6.22,6.23,6.24,2900,29100,22400,20000,61900,56900,20300,1800,30400,22600,5800,7600,29300,30400,10900,3400,3900,23200,11000,4300
38.0,6.14,133800,824056.0,6.14,6.13,6.12,6.11,6.1,6.09,6.08,6.07,6.06,6.05,6.16,6.17,6.18,6.19,6.2,6.21,6.22,6.23,6.24,6.25,2800,29100,22400,20000,61900,56900,20300,1800,30400,22600,9500,29300,30400,10900,3400,122300,23200,11000,4300,14800
39.0,6.14,134600,828968.0,6.14,6.13,6.12,6.11,6.1,6.09,6.08,6.07,6.06,6.05,6.15,6.16,6.17,6.18,6.19,6.2,6.21,6.22,6.23,6.24,2300,29100,22400,20000,61900,56900,20300,1800,30400,22600,5400,9500,29300,30400,10900,3400,122300,23200,11000,4300
40.0,6.14,134600,828968.0,6.14,6.13,6.12,6.11,6.1,6.09,6.08,6.07,6.06,6.05,6.15,6.16,6.17,6.18,6.19,6.2,6.21,6.22,6.23,6.24,2400,29100,22400,20000,61900,56900,20300,1800,30400,22600,5400,9500,29300,30400,10900,3400,122300,23200,11000,4300
41.0,6.13,138800,854738.0,6.13,6.12,6.11,6.1,6.09,6.08,6.07,6.06,6.05,6.04,6.15,6.16,6.17,6.18,6.19,6.2,6.21,6.22,6.23,6.24,27300,22400,20000,61900,56900,20300,1800,30400,22600,5000,5400,9500,25400,30400,10900,3400,122300,23200,11000,4300
42.0,6.14,139100,856580.0,6.13,6.12,6.11,6.1,6.09,6.08,6.07,6.06,6.05,6.04,6.15,6.16,6.17,6.18,6.19,6.2,6.21,6.22,6.23,6.24,27100,22400,20000,61900,56900,20300,1800,30400,22600,5000,5400,9500,25400,30400,10900,3400,122300,23200,11000,4300
43.0,6.14,139100,856580.0,6.14,6.13,6.12,6.11,6.1,6.09,6.08,6.07,6.06,6.05,6.15,6.16,6.17,6.18,6.19,6.2,6.21,6.22,6.23,6.24,100,27100,22400,20000,61900,56900,20300,1800,30400,22600,5400,9500,25400,30400,10900,3400,122300,23200,11000,4300
44.0,6.14,139100,856580.0,6.14,6.13,6.12,6.11,6.1,6.09,6.08,6.07,6.06,6.05,6.15,6.16,6.17,6.18,6.19,6.2,6.21,6.22,6.23,6.24,100,27100,22400,20000,61900,56900,20300,1800,30400,22600,3300,9500,25200,30400,10900,3400,122300,23200,11000,4300
45.0,6.14,139100,856580.0,6.14,6.13,6.12,6.11,6.1,6.09,6.08,6.07,6.06,6.05,6.15,6.16,6.17,6.18,6.19,6.2,6.21,6.22,6.23,6.24,100,28200,22400,20000,61900,56900,20300,1800,30400,22600,3500,9500,25200,30400,10900,3400,122300,23200,11000,4300
46.0,6.14,139200,857194.0,6.14,6.13,6.12,6.11,6.1,6.09,6.08,6.07,6.06,6.05,6.15,6.16,6.17,6.18,6.19,6.2,6.21,6.22,6.23,6.24,2500,28200,22400,20000,61900,56900,20300,1800,30400,22600,5500,9500,25200,30400,10900,3400,122300,23200,11000,4300
47.0,6.14,139200,857194.0,6.14,6.13,6.12,6.11,6.1,6.09,6.08,6.07,6.06,6.05,6.15,6.16,6.17,6.18,6.19,6.2,6.21,6.22,6.23,6.24,2500,28200,22400,20000,61900,56900,20300,1800,30400,22600,5500,9500,25200,30400,10900,3400,122300,23200,11000,4300
48.0,6.14,140100,862720.0,6.14,6.13,6.12,6.11,6.1,6.09,6.08,6.07,6.06,6.05,6.15,6.16,6.17,6.18,6.19,6.2,6.21,6.22,6.23,6.24,1600,28200,22400,20000,61900,56900,20300,1800,30400,22600,5500,9500,25200,30400,10900,3400,122300,23200,11000,4300
49.0,6.14,141800,873158.0,6.13,6.12,6.11,6.1,6.09,6.08,6.07,6.06,6.05,6.04,6.14,6.15,6.16,6.17,6.18,6.19,6.2,6.21,6.22,6.23,31200,22400,20000,61900,56900,20300,1800,30400,27600,5000,1600,5500,9500,25200,30400,10900,3400,122300,23200,11000
50.0,6.14,143100,881140.0,6.13,6.12,6.11,6.1,6.09,6.08,6.07,6.06,6.05,6.04,6.14,6.15,6.16,6.17,6.18,6.19,6.2,6.21,6.22,6.23,31200,21900,20000,61900,56900,20300,1800,30400,27600,5000,300,7500,9500,25200,30400,10900,3400,122300,23200,11000
51.0,6.14,143400,882982.0,6.14,6.13,6.12,6.11,6.1,6.09,6.08,6.07,6.06,6.05,6.15,6.16,6.17,6.18,6.19,6.2,6.21,6.22,6.23,6.24,1000,31200,21900,20000,61900,56900,20300,1800,30400,27600,9500,9500,25200,30500,10900,3400,122300,23200,11000,4300
52.0,6.14,143800,885438.0,6.14,6.13,6.12,6.11,6.1,6.09,6.08,6.07,6.06,6.05,6.15,6.16,6.17,6.18,6.19,6.2,6.21,6.22,6.23,6.24,600,31900,21900,20000,61900,56900,20300,1800,30400,27600,9500,9500,25200,4400,10900,121300,122300,23200,11000,4300
53.0,6.15,151900,935253.0,6.14,6.13,6.12,6.11,6.1,6.09,6.08,6.07,6.06,6.05,6.15,6.16,6.17,6.18,6.19,6.2,6.21,6.22,6.23,6.24,1200,31900,21900,20000,62400,56900,20300,1800,30400,27600,1500,9500,32800,4400,10900,121300,122300,23200,11000,4300
54.0,6.14,153100,942621.0,6.13,6.12,6.11,6.1,6.09,6.08,6.07,6.06,6.05,6.04,6.14,6.15,6.16,6.17,6.18,6.19,6.2,6.21,6.22,6.23,31900,21900,20000,62400,56900,20300,1800,30400,27600,5000,900,1500,28500,32800,9100,10900,121300,122300,23200,11000
55.0,6.13,154100,948756.0,6.13,6.12,6.11,6.1,6.09,6.08,6.07,6.06,6.05,6.04,6.14,6.15,6.16,6.17,6.18,6.19,6.2,6.21,6.22,6.23,31400,26400,20000,62400,60300,20300,1800,30400,27600,5000,400,1500,32500,34900,16000,10900,121300,122300,23200,11000
56.0,6.14,156100,961020.0,6.14,6.13,6.12,6.11,6.1,6.09,6.08,6.07,6.06,6.05,6.15,6.16,6.17,6.18,6.19,6.2,6.21,6.22,6.23,6.24,500,30000,26400,20000,62400,60300,20300,1800,30400,27600,1500,32400,34900,16000,10900,121300,122300,23200,11000,4300
57.0,6.13,162300,999031.0,6.13,6.12,6.11,6.1,6.09,6.08,6.07,6.06,6.05,6.04,6.15,6.16,6.17,6.18,6.19,6.2,6.21,6.22,6.23,6.24,24300,26400,20000,62400,60300,20300,1800,30400,27600,5000,1700,32400,34900,16000,10900,121300,122300,23200,11000,4300
58.0,6.15,171800,1057289.0,6.13,6.12,6.11,6.1,6.09,6.08,6.07,6.06,6.05,6.04,6.15,6.16,6.17,6.18,6.19,6.2,6.21,6.22,6.23,6.24,16400,26400,20000,62900,60300,20300,1800,30400,27600,5000,1100,32400,31300,16000,10900,121300,122300,23200,11000,4300
59.0,6.13,195800,1204417.0,6.13,6.12,6.11,6.1,6.09,6.08,6.07,6.06,6.05,6.04,6.15,6.16,6.17,6.18,6.19,6.2,6.21,6.22,6.23,6.24,20900,32400,20000,62900,60300,20300,1800,30400,27600,5000,6700,32300,31300,15900,10900,121300,122300,23200,11000,4300
60.0,6.15,196800,1210567.0,6.13,6.12,6.11,6.1,6.09,6.08,6.07,6.06,6.05,6.04,6.15,6.16,6.17,6.18,6.19,6.2,6.21,6.22,6.23,6.24,21300,32400,20000,62900,60300,20300,1800,30400,27600,5000,7800,32300,31300,15900,10900,121300,122300,23200,11000,4300
61.0,6.15,196800,1210567.0,6.14,6.13,6.12,6.11,6.1,6.09,6.08,6.07,6.06,6.05,6.15,6.16,6.17,6.18,6.19,6.2,6.21,6.22,6.23,6.24,200,22600,32400,20000,62900,60300,20300,1800,30400,27600,8500,32300,31300,15900,10900,121300,122300,23200,11000,4300
62.0,6.15,197200,1213027.0,6.14,6.13,6.12,6.11,6.1,6.09,6.08,6.07,6.06,6.05,6.15,6.16,6.17,6.18,6.19,6.2,6.21,6.22,6.23,6.24,1100,25700,32400,20000,62900,60300,20300,1800,30400,27600,8100,30900,32900,15900,10900,121300,122300,23200,11000,4300
63.0,6.15,197200,1213027.0,6.14,6.13,6.12,6.11,6.1,6.09,6.08,6.07,6.06,6.05,6.15,6.16,6.17,6.18,6.19,6.2,6.21,6.22,6.23,6.24,1100,26300,32400,20000,62900,60300,20300,1800,30400,27600,8100,30900,32900,15900,10900,121300,122300,23200,11000,4300
64.0,6.15,197200,1213027.0,6.14,6.13,6.12,6.11,6.1,6.09,6.08,6.07,6.06,6.05,6.15,6.16,6.17,6.18,6.19,6.2,6.21,6.22,6.23,6.24,1100,26300,32400,20000,62900,60300,21300,1800,30400,27600,8100,30900,32900,15900,10900,121300,122300,23200,11000,4300
65.0,6.15,204800,1259756.0,6.15,6.14,6.13,6.12,6.11,6.1,6.09,6.08,6.07,6.06,6.16,6.17,6.18,6.19,6.2,6.21,6.22,6.23,6.24,6.25,100,9400,30300,26500,20000,62900,60300,21300,1800,30400,9600,32900,15900,27100,121300,122300,23200,11000,4300,14800
66.0,6.15,213000,1310186.0,6.14,6.13,6.12,6.11,6.1,6.09,6.08,6.07,6.06,6.05,6.15,6.16,6.17,6.18,6.19,6.2,6.21,6.22,6.23,6.24,9400,30300,26500,20000,62900,60300,21300,1800,30400,27600,2100,9600,32900,15900,29200,121300,122300,23200,11000,4300
67.0,6.14,217700,1339069.0,6.15,6.14,6.13,6.12,6.11,6.1,6.09,6.08,6.07,6.06,6.16,6.17,6.18,6.19,6.2,6.21,6.22,6.23,6.24,6.25,500,13600,29000,26500,20000,62900,60300,21300,1800,30400,9200,32900,15900,29200,121300,122300,23200,11000,4300,14800
68.0,6.14,217700,1339069.0,6.15,6.14,6.13,6.12,6.11,6.1,6.09,6.08,6.07,6.06,6.16,6.17,6.18,6.19,6.2,6.21,6.22,6.23,6.24,6.25,7600,13600,29000,26500,20000,72900,60300,21300,1800,30400,9200,32900,12400,29200,121300,122300,23200,11000,4300,14800
69.0,6.14,217700,1339069.0,6.15,6.14,6.13,6.12,6.11,6.1,6.09,6.08,6.07,6.06,6.16,6.17,6.18,6.19,6.2,6.21,6.22,6.23,6.24,6.25,43800,14600,30000,26500,20000,72900,60300,21300,1800,30400,9200,32900,7700,29200,121300,122300,23200,11000,4300,14800
70.0,6.16,229100,1409295.0,6.16,6.15,6.14,6.13,6.12,6.11,6.1,6.09,6.08,6.07,6.17,6.18,6.19,6.2,6.21,6.22,6.23,6.24,6.25,6.26,8000,45400,11600,30000,26500,20000,72900,60300,21300,1800,32700,7700,29200,121300,122300,23200,11000,4300,14800,14400
71.0,6.15,240800,1481366.0,6.15,6.14,6.13,6.12,6.11,6.1,6.09,6.08,6.07,6.06,6.16,6.17,6.18,6.19,6.2,6.21,6.22,6.23,6.24,6.25,46100,11600,30500,26500,20000,72900,60300,21300,1800,30400,1000,33300,7700,29200,121300,122300,23200,11000,4300,14800
72.0,6.15,240800,1481366.0,6.15,6.14,6.13,6.12,6.11,6.1,6.09,6.08,6.07,6.06,6.16,6.17,6.18,6.19,6.2,6.21,6.22,6.23,6.24,6.25,46100,11600,30600,26500,20400,72900,60300,21300,1800,30400,3900,33300,7700,29200,121300,122300,23200,11000,4300,14800
73.0,6.16,241500,1485678.0,6.15,6.14,6.13,6.12,6.11,6.1,6.09,6.08,6.07,6.06,6.16,6.17,6.18,6.19,6.2,6.21,6.22,6.23,6.24,6.25,48800,11600,30600,26500,20400,72900,60300,21300,1800,30400,3200,33300,7700,29200,121300,122300,23200,11000,4300,14800
74.0,6.15,251300,1546001.0,6.15,6.14,6.13,6.12,6.11,6.1,6.09,6.08,6.07,6.06,6.16,6.17,6.18,6.19,6.2,6.21,6.22,6.23,6.24,6.25,38000,11600,30600,28100,20400,72900,60300,21300,1800,30400,1700,33300,7700,29200,121300,122300,23200,11000,4300,14800
75.0,6.15,257800,1585976.0,6.15,6.14,6.13,6.12,6.11,6.1,6.09,6.08,6.07,6.06,6.16,6.17,6.18,6.19,6.2,6.21,6.22,6.23,6.24,6.25,32900,11600,30600,28100,20400,72900,60300,21300,1800,30400,6800,33300,800,29200,121300,122300,23200,11000,4300,14800
76.0,6.15,257900,1586591.0,6.15,6.14,6.13,6.12,6.11,6.1,6.09,6.08,6.07,6.06,6.16,6.17,6.18,6.19,6.2,6.21,6.22,6.23,6.24,6.25,31500,11600,30600,28100,20400,72900,60300,21300,1800,30400,15000,33300,800,29200,121300,122300,23200,11000,4300,14800
77.0,6.15,277300,1705901.0,6.15,6.14,6.13,6.12,6.11,6.1,6.09,6.08,6.07,6.06,6.16,6.17,6.18,6.19,6.2,6.21,6.22,6.23,6.24,6.25,12100,11600,30600,28100,20400,72900,60300,21300,1800,30400,28200,33300,10100,29200,121300,122300,23200,11000,4300,14800
78.0,6.15,282800,1739726.0,6.15,6.14,6.13,6.12,6.11,6.1,6.09,6.08,6.07,6.06,6.16,6.17,6.18,6.19,6.2,6.21,6.22,6.23,6.24,6.25,7600,8400,30600,26500,20400,72900,60300,21300,1800,30400,32900,33300,10100,29200,121300,122300,23200,11000,4300,14100
79.0,6.16,284400,1749582.0,6.15,6.14,6.13,6.12,6.11,6.1,6.09,6.08,6.07,6.06,6.16,6.17,6.18,6.19,6.2,6.21,6.22,6.23,6.24,6.25,7600,8400,30600,26500,20400,72900,60300,21300,1800,30400,31300,33300,10100,29200,121300,122300,23200,11000,4300,14100
80.0,6.15,292200,1797552.0,6.14,6.13,6.12,6.11,6.1,6.09,6.08,6.07,6.06,6.05,6.15,6.16,6.17,6.18,6.19,6.2,6.21,6.22,6.23,6.24,8400,30600,26500,20400,72900,60300,21300,1800,30400,27600,17100,36900,17300,10100,28200,121300,122300,23200,11000,4300
81.0,6.15,292800,1801242.0,6.14,6.13,6.12,6.11,6.1,6.09,6.08,6.07,6.06,6.05,6.15,6.16,6.17,6.18,6.19,6.2,6.21,6.22,6.23,6.24,8400,30600,26500,20400,73000,60300,21300,1800,30400,27600,22700,33100,17300,10100,28200,121300,122300,23200,11000,4300
82.0,6.15,292800,1801242.0,6.14,6.13,6.12,6.11,6.1,6.09,6.08,6.07,6.06,6.05,6.15,6.16,6.17,6.18,6.19,6.2,6.21,6.22,6.23,6.24,8400,30600,26500,26900,73000,60300,21300,1800,30400,27600,24500,39600,17300,10100,28200,121300,122300,23200,11000,4300
83.0,6.14,293100,1803084.0,6.14,6.13,6.12,6.11,6.1,6.09,6.08,6.07,6.06,6.05,6.15,6.16,6.17,6.18,6.19,6.2,6.21,6.22,6.23,6.24,8300,30600,26500,26900,73000,60300,21300,1800,30400,27600,28200,39600,17300,10100,28200,121300,122300,23200,11000,4300
84.0,6.15,293200,1803699.0,6.14,6.13,6.12,6.11,6.1,6.09,6.08,6.07,6.06,6.05,6.15,6.16,6.17,6.18,6.19,6.2,6.21,6.22,6.23,6.24,8300,30600,28700,26900,73000,60300,21300,1800,30400,27600,28100,39700,17300,10100,28200,121300,122300,23200,11000,4300
85.0,6.14,301700,1855906.0,6.14,6.13,6.12,6.11,6.1,6.09,6.08,6.07,6.06,6.05,6.15,6.16,6.17,6.18,6.19,6.2,6.21,6.22,6.23,6.24,4100,30600,28700,26900,73000,60300,21300,1800,30400,27600,26400,40000,17300,10100,28200,121300,122300,23200,11000,5000
86.0,6.15,303800,1868821.0,6.14,6.13,6.12,6.11,6.1,6.09,6.08,6.07,6.06,6.05,6.15,6.16,6.17,6.18,6.19,6.2,6.21,6.22,6.23,6.24,4100,30600,28700,26900,73000,60300,21300,1800,30400,27600,27300,42100,17300,10100,31000,121300,122300,23200,11000,5000
87.0,6.15,315900,1943167.0,6.13,6.12,6.11,6.1,6.09,6.08,6.07,6.06,6.05,6.04,6.15,6.16,6.17,6.18,6.19,6.2,6.21,6.22,6.23,6.24,29200,28700,26900,76000,60300,24600,1800,30400,27600,5000,27100,42100,17300,10100,31000,121300,122300,23200,11000,5000
88.0,6.13,320000,1968352.0,6.13,6.12,6.11,6.1,6.09,6.08,6.07,6.06,6.05,6.04,6.15,6.16,6.17,6.18,6.19,6.2,6.21,6.22,6.23,6.24,30200,28700,26900,75500,60300,24600,1800,30400,27600,5000,27000,42100,17300,10100,31000,121300,122300,23200,11000,5000
89.0,6.13,320000,1968352.0,6.14,6.13,6.12,6.11,6.1,6.09,6.08,6.07,6.06,6.05,6.15,6.16,6.17,6.18,6.19,6.2,6.21,6.22,6.23,6.24,100,31200,28700,26900,75500,60300,24600,1800,30400,27600,28000,42100,17300,10100,31000,121300,122300,23200,11000,5000
90.0,6.14,320200,1969580.0,6.13,6.12,6.11,6.1,6.09,6.08,6.07,6.06,6.05,6.04,6.14,6.15,6.16,6.17,6.18,6.19,6.2,6.21,6.22,6.23,31300,28700,26900,75500,60300,24600,1800,30400,27600,5000,1000,28200,42100,17300,10100,12700,121300,122300,23200,11000
91.0,6.13,324400,1995333.0,6.13,6.12,6.11,6.1,6.09,6.08,6.07,6.06,6.05,6.04,6.14,6.15,6.16,6.17,6.18,6.19,6.2,6.21,6.22,6.23,11900,28700,26900,75500,60300,24600,1800,30400,27600,5000,800,30500,42100,17300,10100,12700,121300,122300,23200,11000
92.0,6.15,353300,2173037.0,6.14,6.13,6.12,6.11,6.1,6.09,6.08,6.07,6.06,6.05,6.15,6.16,6.17,6.18,6.19,6.2,6.21,6.22,6.23,6.24,900,11900,28700,39000,75400,60300,24600,1800,30400,27600,13800,42100,17300,10100,12700,121300,122300,23200,11000,5000
93.0,6.15,355500,2186567.0,6.14,6.13,6.12,6.11,6.1,6.09,6.08,6.07,6.06,6.05,6.15,6.16,6.17,6.18,6.19,6.2,6.21,6.22,6.23,6.24,3600,11900,28700,39000,75400,60300,24600,1800,30400,27600,11600,42100,17300,10100,9900,121300,122300,23200,11000,5000
94.0,6.15,356600,2193332.0,6.14,6.13,6.12,6.11,6.1,6.09,6.08,6.07,6.06,6.05,6.15,6.16,6.17,6.18,6.19,6.2,6.21,6.22,6.23,6.24,3600,11900,28700,39000,75400,60300,24600,1800,30400,27600,10500,42100,17300,10100,9900,121300,122300,23200,11000,5000
95.0,6.15,356600,2193332.0,6.14,6.13,6.12,6.11,6.1,6.09,6.08,6.07,6.06,6.05,6.15,6.16,6.17,6.18,6.19,6.2,6.21,6.22,6.23,6.24,3700,11900,28700,39000,75400,60300,24600,1800,30400,27600,10500,42100,15700,10100,9900,121300,122300,23200,11000,5000
96.0,6.14,360300,2216050.0,6.13,6.12,6.11,6.1,6.09,6.08,6.07,6.06,6.05,6.04,6.14,6.15,6.16,6.17,6.18,6.19,6.2,6.21,6.22,6.23,11900,28700,39000,75400,60300,24600,1800,30400,27600,5000,3900,38100,42100,15700,10100,9900,121300,122300,23200,11000
97.0,6.14,360400,2216664.0,6.13,6.12,6.11,6.1,6.09,6.08,6.07,6.06,6.05,6.04,6.14,6.15,6.16,6.17,6.18,6.19,6.2,6.21,6.22,6.23,11900,28700,39000,75400,65300,24600,1800,30400,27600,5000,3800,38100,42000,15700,10100,9900,121300,122300,23200,11000
98.0,6.14,360400,2216664.0,6.13,6.12,6.11,6.1,6.09,6.08,6.07,6.06,6.05,6.04,6.14,6.15,6.16,6.17,6.18,6.19,6.2,6.21,6.22,6.23,11900,28700,39000,75400,65300,24600,1800,30400,27600,5000,3800,39100,42000,15700,10100,9900,121300,122300,23200,11000
99.0,6.14,360400,2216664.0,6.13,6.12,6.11,6.1,6.09,6.08,6.07,6.06,6.05,6.04,6.14,6.15,6.16,6.17,6.18,6.19,6.2,6.21,6.22,6.23,11900,28700,39100,75400,65300,24600,1800,30400,27600,5000,4600,39100,42000,15700,10100,9900,121300,122300,23200,11000
100.0,6.14,364500,2241827.0,6.13,6.12,6.11,6.1,6.09,6.08,6.07,6.06,6.05,6.04,6.14,6.15,6.16,6.17,6.18,6.19,6.2,6.21,6.22,6.23,14700,28700,39100,75400,65300,24600,1800,30400,27600,5000,2700,39100,42000,15700,10100,9900,121300,122300,23200,11000
101.0,6.14,364500,2241827.0,6.13,6.12,6.11,6.1,6.09,6.08,6.07,6.06,6.05,6.04,6.14,6.15,6.16,6.17,6.18,6.19,6.2,6.21,6.22,6.23,15000,28700,39100,76800,65300,24600,1800,30400,27600,5000,9600,32300,42000,15700,10100,9900,121300,122300,23200,11000
102.0,6.14,365100,2245511.0,6.13,6.12,6.11,6.1,6.09,6.08,6.07,6.06,6.05,6.04,6.14,6.15,6.16,6.17,6.18,6.19,6.2,6.21,6.22,6.23,16000,28700,39100,76800,65300,24600,1800,30400,27600,5000,11400,32300,42000,15700,10100,9900,121300,122300,23200,11000
103.0,6.14,366900,2256547.0,6.13,6.12,6.11,6.1,6.09,6.08,6.07,6.06,6.05,6.04,6.14,6.15,6.16,6.17,6.18,6.19,6.2,6.21,6.22,6.23,14400,28700,39100,76800,65300,24600,1800,30400,27600,5000,11200,32300,42000,15700,10100,9900,121300,122300,23200,11000
104.0,6.13,382300,2350949.0,6.12,6.11,6.1,6.09,6.08,6.07,6.06,6.05,6.04,6.03,6.13,6.14,6.15,6.16,6.17,6.18,6.19,6.2,6.21,6.22,29700,39100,76800,65300,24600,1800,30400,27600,5000,45900,20500,27500,12600,42000,15100,10100,9900,121300,122300,23200
105.0,6.13,410000,2520513.0,6.12,6.11,6.1,6.09,6.08,6.07,6.06,6.05,6.04,6.03,6.13,6.14,6.15,6.16,6.17,6.18,6.19,6.2,6.21,6.22,5900,39100,76800,65300,24600,1800,30400,27600,5000,45900,19600,26700,48800,42000,15100,10100,9900,121300,122300,23200
106.0,6.12,410500,2523573.0,6.12,6.11,6.1,6.09,6.08,6.07,6.06,6.05,6.04,6.03,6.13,6.14,6.15,6.16,6.17,6.18,6.19,6.2,6.21,6.22,5400,39100,76800,65300,24600,1800,30400,27600,5000,45900,19600,26700,48800,38800,15100,10100,9900,121300,122300,23200
107.0,6.13,410900,2526023.0,6.12,6.11,6.1,6.09,6.08,6.07,6.06,6.05,6.04,6.03,6.13,6.14,6.15,6.16,6.17,6.18,6.19,6.2,6.21,6.22,5200,39100,76800,65300,24600,1800,30400,29200,5000,45900,21400,26600,48800,32300,15100,800,9900,121300,122300,23200
108.0,6.12,414100,2545607.0,6.12,6.11,6.1,6.09,6.08,6.07,6.06,6.05,6.04,6.03,6.13,6.14,6.15,6.16,6.17,6.18,6.19,6.2,6.21,6.22,2000,39100,76800,65300,24600,1800,30400,29200,5000,45900,24500,26600,48800,30100,15100,800,9900,121300,122300,23200
109.0,6.12,414300,2546831.0,6.12,6.11,6.1,6.09,6.08,6.07,6.06,6.05,6.04,6.03,6.13,6.14,6.15,6.16,6.17,6.18,6.19,6.2,6.21,6.22,1900,39100,76800,65300,24600,1800,30400,29200,5000,45900,24500,26600,48800,30100,15100,800,9900,121300,122300,23200
110.0,6.11,428200,2631871.0,6.11,6.1,6.09,6.08,6.07,6.06,6.05,6.04,6.03,6.02,6.13,6.14,6.15,6.16,6.17,6.18,6.19,6.2,6.21,6.22,29800,76800,65300,24600,1800,30400,29200,5000,45900,20900,24500,26600,49800,28000,13000,800,9900,122300,122300,23200
111.0,6.11,428200,2631871.0,6.12,6.11,6.1,6.09,6.08,6.07,6.06,6.05,6.04,6.03,6.13,6.14,6.15,6.16,6.17,6.18,6.19,6.2,6.21,6.22,400,29800,76800,65300,24600,1800,30400,29200,5000,45900,24700,17400,49800,28000,13000,800,9900,122300,122300,23200
112.0,6.11,438500,2694872.0,6.11,6.1,6.09,6.08,6.07,6.06,6.05,6.04,6.03,6.02,6.12,6.13,6.14,6.15,6.16,6.17,6.18,6.19,6.2,6.21,11100,78300,65300,24600,1800,30400,29200,5000,45900,20900,12900,21300,17400,49800,28000,11600,800,9900,122300,122300
113.0,6.12,439900,2703440.0,6.11,6.1,6.09,6.08,6.07,6.06,6.05,6.04,6.03,6.02,6.12,6.13,6.14,6.15,6.16,6.17,6.18,6.19,6.2,6.21,11300,78300,65300,24600,1800,30400,29200,5000,45900,20900,12500,20500,17400,49800,28000,11600,800,9900,122300,122300
114.0,6.1,564000,3460569.0,6.1,6.09,6.08,6.07,6.06,6.05,6.04,6.03,6.02,6.01,6.12,6.13,6.14,6.15,6.16,6.17,6.18,6.19,6.2,6.21,15000,65300,24600,1800,30400,29200,5000,45900,20900,18200,12000,7400,17400,49800,16200,11600,800,9900,122300,122300
115.0,6.12,564200,3461793.0,6.1,6.09,6.08,6.07,6.06,6.05,6.04,6.03,6.02,6.01,6.12,6.13,6.14,6.15,6.16,6.17,6.18,6.19,6.2,6.21,100,65300,24600,1800,30400,29200,5000,45900,20900,18200,11800,7400,17400,49800,16200,11600,800,9900,122300,122300
116.0,6.12,571400,3505793.0,6.1,6.09,6.08,6.07,6.06,6.05,6.04,6.03,6.02,6.01,6.12,6.13,6.14,6.15,6.16,6.17,6.18,6.19,6.2,6.21,26400,65900,24600,21800,30400,29200,120900,45900,20900,18200,18200,7400,17400,49800,16200,11600,800,9900,122300,122300
117.0,6.11,603800,3703415.0,6.1,6.09,6.08,6.07,6.06,6.05,6.04,6.03,6.02,6.01,6.12,6.13,6.14,6.15,6.16,6.17,6.18,6.19,6.2,6.21,26400,63700,24600,21800,30400,29200,120900,45900,20900,18200,17500,5100,17400,49800,16200,11600,800,9900,122300,122300
118.0,6.12,608700,3733403.0,6.11,6.1,6.09,6.08,6.07,6.06,6.05,6.04,6.03,6.02,6.12,6.13,6.14,6.15,6.16,6.17,6.18,6.19,6.2,6.21,1100,26400,59700,24600,21800,30400,147200,120900,45900,20900,12900,5100,17400,49800,16200,11600,800,9900,122300,122300
119.0,6.11,614500,3768860.0,6.11,6.1,6.09,6.08,6.07,6.06,6.05,6.04,6.03,6.02,6.12,6.13,6.14,6.15,6.16,6.17,6.18,6.19,6.2,6.21,400,26400,59700,24600,21800,30400,147200,120900,45900,20900,11000,5100,17400,49800,16200,11600,800,9900,122300,122300
120.0,6.12,617000,3784160.0,6.11,6.1,6.09,6.08,6.07,6.06,6.05,6.04,6.03,6.02,6.12,6.13,6.14,6.15,6.16,6.17,6.18,6.19,6.2,6.21,400,31400,59700,24600,21800,30400,147200,120900,45900,20900,9400,5100,17400,49800,16200,11600,800,9900,122300,122300
121.0,6.12,618600,3793952.0,6.11,6.1,6.09,6.08,6.07,6.06,6.05,6.04,6.03,6.02,6.12,6.13,6.14,6.15,6.16,6.17,6.18,6.19,6.2,6.21,3700,31400,66600,24600,21800,30400,147200,120900,45900,20900,27900,5100,17400,49800,16200,11600,800,9900,122300,122300
122.0,6.11,620700,3806783.0,6.11,6.1,6.09,6.08,6.07,6.06,6.05,6.04,6.03,6.02,6.12,6.13,6.14,6.15,6.16,6.17,6.18,6.19,6.2,6.21,2000,31400,66600,24600,21800,30400,148900,120900,45900,20900,26100,5400,16600,49800,16200,11600,800,9900,122300,122300
123.0,6.11,620700,3806783.0,6.11,6.1,6.09,6.08,6.07,6.06,6.05,6.04,6.03,6.02,6.12,6.13,6.14,6.15,6.16,6.17,6.18,6.19,6.2,6.21,2600,33800,66600,24600,21800,30400,148900,120900,45900,20900,26100,3400,16600,49800,16200,11600,800,9900,122300,122300
124.0,6.12,624600,3830651.0,6.11,6.1,6.09,6.08,6.07,6.06,6.05,6.04,6.03,6.02,6.12,6.13,6.14,6.15,6.16,6.17,6.18,6.19,6.2,6.21,2600,33800,72700,24600,21800,30400,148900,120900,45900,20900,24600,3400,16600,49800,16200,11600,800,9900,122300,122300
125.0,6.12,624700,3831263.0,6.11,6.1,6.09,6.08,6.07,6.06,6.05,6.04,6.03,6.02,6.12,6.13,6.14,6.15,6.16,6.17,6.18,6.19,6.2,6.21,2900,34800,72700,24600,21800,30400,148900,120900,45900,20900,24900,3400,16600,49800,16200,11600,800,9900,122300,122300
126.0,6.12,652500,4001399.0,6.12,6.11,6.1,6.09,6.08,6.07,6.06,6.05,6.04,6.03,6.13,6.14,6.15,6.16,6.17,6.18,6.19,6.2,6.21,6.22,1800,4200,50700,72300,24600,21800,30400,148900,120900,45900,3400,16700,40200,16200,11600,800,9900,122300,122300,23200
127.0,6.13,652800,4003238.0,6.12,6.11,6.1,6.09,6.08,6.07,6.06,6.05,6.04,6.03,6.13,6.14,6.15,6.16,6.17,6.18,6.19,6.2,6.21,6.22,1800,6400,50700,72300,24600,22600,30400,148900,120900,45900,4300,16700,40200,16200,11600,800,9900,122300,122300,23200
128.0,6.11,656900,4028307.0,6.11,6.1,6.09,6.08,6.07,6.06,6.05,6.04,6.03,6.02,6.13,6.14,6.15,6.16,6.17,6.18,6.19,6.2,6.21,6.22,3900,52700,72300,24600,2600,30400,148900,120900,45900,20900,4300,16700,40200,16200,11600,800,9900,122300,122300,23200
129.0,6.13,658400,4037488.0,6.12,6.11,6.1,6.09,6.08,6.07,6.06,6.05,6.04,6.03,6.13,6.14,6.15,6.16,6.17,6.18,6.19,6.2,6.21,6.22,900,10900,52700,65400,24600,2600,30400,148900,120900,45900,12400,16700,40200,16200,11600,800,9900,122300,122300,23200
130.0,6.12,658800,4039939.0,6.12,6.11,6.1,6.09,6.08,6.07,6.06,6.05,6.04,6.03,6.13,6.14,6.15,6.16,6.17,6.18,6.19,6.2,6.21,6.22,800,13400,52700,68100,24600,2600,30400,148900,120900,45900,12100,16700,40200,16200,11600,800,9900,122300,122300,23200
131.0,6.11,662300,4061356.0,6.11,6.1,6.09,6.08,6.07,6.06,6.05,6.04,6.03,6.02,6.13,6.14,6.15,6.16,6.17,6.18,6.19,6.2,6.21,6.22,11900,52700,68100,24600,2600,31600,148900,120900,45900,20900,10900,16700,40200,16200,11600,800,9900,122300,122300,23200
132.0,6.12,664400,4074208.0,6.12,6.11,6.1,6.09,6.08,6.07,6.06,6.05,6.04,6.03,6.13,6.14,6.15,6.16,6.17,6.18,6.19,6.2,6.21,6.22,200,14500,52700,68100,24600,2600,31600,148900,120900,45900,15700,16700,40200,16200,11600,800,9900,122300,122300,23200
133.0,6.12,664600,4075432.0,6.11,6.1,6.09,6.08,6.07,6.06,6.05,6.04,6.03,6.02,6.12,6.13,6.14,6.15,6.16,6.17,6.18,6.19,6.2,6.21,18400,60500,68100,24600,2600,33100,148900,120900,45900,20900,2700,36100,16700,40200,16200,11600,800,9900,122300,122300
134.0,6.12,667300,4091956.0,6.12,6.11,6.1,6.09,6.08,6.07,6.06,6.05,6.04,6.03,6.13,6.14,6.15,6.16,6.17,6.18,6.19,6.2,6.21,6.22,400,55500,66700,68100,24600,2600,33100,148900,120900,45900,36100,16700,40200,16200,11600,800,9900,122300,122300,23200
135.0,6.12,667400,4092568.0,6.12,6.11,6.1,6.09,6.08,6.07,6.06,6.05,6.04,6.03,6.13,6.14,6.15,6.16,6.17,6.18,6.19,6.2,6.21,6.22,900,54100,66700,68100,24600,2600,33100,148900,120900,45900,36100,16700,40200,16200,11600,800,9900,122300,122300,23200
136.0,6.12,667400,4092568.0,6.12,6.11,6.1,6.09,6.08,6.07,6.06,6.05,6.04,6.03,6.13,6.14,6.15,6.16,6.17,6.18,6.19,6.2,6.21,6.22,900,54100,66700,68100,25600,2600,33100,148900,120900,45900,36100,16700,40200,16200,11600,800,9900,122300,122300,23200
137.0,6.12,678300,4159374.0,6.12,6.11,6.1,6.09,6.08,6.07,6.06,6.05,6.04,6.03,6.13,6.14,6.15,6.16,6.17,6.18,6.19,6.2,6.21,6.22,800,54100,66700,68100,25800,2600,33100,148900,120900,45900,36400,16700,40200,16200,11600,800,9900,122300,122300,23200
138.0,6.11,705600,4326702.0,6.11,6.1,6.09,6.08,6.07,6.06,6.05,6.04,6.03,6.02,6.13,6.14,6.15,6.16,6.17,6.18,6.19,6.2,6.21,6.22,54000,67300,68100,25800,9100,33100,148900,120900,45900,20900,13000,16400,40200,16200,11600,800,9900,122300,122300,23200
139.0,6.13,719200,4409991.0,6.12,6.11,6.1,6.09,6.08,6.07,6.06,6.05,6.04,6.03,6.13,6.14,6.15,6.16,6.17,6.18,6.19,6.2,6.21,6.22,7800,62100,69500,69200,26300,9100,33100,148900,120900,45900,14600,16400,40200,16200,11600,800,9900,122300,122300,23200
140.0,6.13,725100,4446158.0,6.12,6.11,6.1,6.09,6.08,6.07,6.06,6.05,6.04,6.03,6.13,6.14,6.15,6.16,6.17,6.18,6.19,6.2,6.21,6.22,8300,62100,69500,69200,26300,9100,33100,148900,120900,45900,10700,19300,40200,16200,11600,800,9900,122300,122300,23200
141.0,6.12,726300,4453512.0,6.12,6.11,6.1,6.09,6.08,6.07,6.06,6.05,6.04,6.03,6.13,6.14,6.15,6.16,6.17,6.18,6.19,6.2,6.21,6.22,10100,62100,70000,69200,27300,9100,33100,148900,120900,45900,33800,19500,40200,16200,11600,800,9900,122300,122300,23200
142.0,6.12,726400,4454124.0,6.12,6.11,6.1,6.09,6.08,6.07,6.06,6.05,6.04,6.03,6.13,6.14,6.15,6.16,6.17,6.18,6.19,6.2,6.21,6.22,11500,62100,70200,69200,27300,9100,33100,164200,120900,45900,33800,19600,40200,16200,11600,800,9900,122300,122300,23200
143.0,6.12,731700,4486560.0,6.12,6.11,6.1,6.09,6.08,6.07,6.06,6.05,6.04,6.03,6.13,6.14,6.15,6.16,6.17,6.18,6.19,6.2,6.21,6.22,6500,62100,74000,69500,27300,9100,33100,164200,120900,45900,44400,19600,40200,13700,11600,800,9900,122300,122300,23200
144.0,6.12,739800,4536148.0,6.11,6.1,6.09,6.08,6.07,6.06,6.05,6.04,6.03,6.02,6.12,6.13,6.14,6.15,6.16,6.17,6.18,6.19,6.2,6.21,61900,76000,69500,28300,9100,33100,164200,120900,45900,20900,10800,52400,16900,40200,11400,11600,800,9900,122300,122300
145.0,6.11,741100,4544092.0,6.11,6.1,6.09,6.08,6.07,6.06,6.05,6.04,6.03,6.02,6.12,6.13,6.14,6.15,6.16,6.17,6.18,6.19,6.2,6.21,61400,76000,69500,28300,9100,33100,164200,120900,45900,20900,10700,52400,16900,40200,9900,11600,800,9900,122300,122300
146.0,6.11,741100,4544092.0,6.11,6.1,6.09,6.08,6.07,6.06,6.05,6.04,6.03,6.02,6.12,6.13,6.14,6.15,6.16,6.17,6.18,6.19,6.2,6.21,75000,76600,69500,28300,9100,33100,164200,120900,45900,20900,11700,50200,16900,44100,9900,11600,800,9900,122300,122300
147.0,6.11,744700,4566119.0,6.11,6.1,6.09,6.08,6.07,6.06,6.05,6.04,6.03,6.02,6.12,6.13,6.14,6.15,6.16,6.17,6.18,6.19,6.2,6.21,74500,76600,69500,28300,9100,33100,164200,120900,45900,20900,9200,44600,16900,44100,9900,11600,800,9900,122300,122300
148.0,6.11,745200,4569174.0,6.11,6.1,6.09,6.08,6.07,6.06,6.05,6.04,6.03,6.02,6.12,6.13,6.14,6.15,6.16,6.17,6.18,6.19,6.2,6.21,75400,76600,69500,28300,9100,33100,164200,120900,45900,20900,24500,44400,16900,44100,9900,11600,800,9900,122300,122300
149.0,6.11,745200,4569174.0,6.11,6.1,6.09,6.08,6.07,6.06,6.05,6.04,6.03,6.02,6.12,6.13,6.14,6.15,6.16,6.17,6.18,6.19,6.2,6.21,76000,77400,69500,28300,9100,33100,164200,120900,45900,20900,27400,44400,16900,44100,9900,11600,800,9900,122300,122300
150.0,6.11,748300,4588131.0,6.11,6.1,6.09,6.08,6.07,6.06,6.05,6.04,6.03,6.02,6.12,6.13,6.14,6.15,6.16,6.17,6.18,6.19,6.2,6.21,100800,77400,69500,28600,9100,33100,164200,120900,45900,20900,25800,44400,16900,44100,9900,11600,800,9900,122300,122300
151.0,6.11,748500,4589353.0,6.11,6.1,6.09,6.08,6.07,6.06,6.05,6.04,6.03,6.02,6.12,6.13,6.14,6.15,6.16,6.17,6.18,6.19,6.2,6.21,100600,76400,69500,28600,9100,33100,164200,120900,45900,20900,26100,44400,16900,44100,9900,11600,800,9900,122300,122300
152.0,6.11,754800,4627846.0,6.11,6.1,6.09,6.08,6.07,6.06,6.05,6.04,6.03,6.02,6.12,6.13,6.14,6.15,6.16,6.17,6.18,6.19,6.2,6.21,96600,76400,70000,28600,9100,33100,164200,120900,45900,20900,26700,44400,16900,44100,9900,11600,800,9900,122300,122300
153.0,6.12,761200,4667014.0,6.11,6.1,6.09,6.08,6.07,6.06,6.05,6.04,6.03,6.02,6.12,6.13,6.14,6.15,6.16,6.17,6.18,6.19,6.2,6.21,96600,77400,70000,28600,9100,33100,164200,120900,45900,20900,21600,44400,16900,44100,9900,11600,800,9900,122300,122300
154.0,6.11,763200,4679236.0,6.11,6.1,6.09,6.08,6.07,6.06,6.05,6.04,6.03,6.02,6.12,6.13,6.14,6.15,6.16,6.17,6.18,6.19,6.2,6.21,96800,76800,70000,28600,9100,33100,164200,121900,45900,20900,31000,44400,16900,44100,9900,11600,800,9900,122300,122300
155.0,6.11,763200,4679236.0,6.11,6.1,6.09,6.08,6.07,6.06,6.05,6.04,6.03,6.02,6.12,6.13,6.14,6.15,6.16,6.17,6.18,6.19,6.2,6.21,97800,76900,70000,28600,9100,33100,164200,121900,45900,20900,31000,44400,16900,44100,9700,11600,800,9900,122300,122300
156.0,6.12,765900,4695760.0,6.11,6.1,6.09,6.08,6.07,6.06,6.05,6.04,6.03,6.02,6.12,6.13,6.14,6.15,6.16,6.17,6.18,6.19,6.2,6.21,98000,76900,70000,28600,9100,33100,164200,121900,45900,20900,28300,44400,16900,44100,9700,11600,800,9900,122300,122300
157.0,6.11,766000,4696371.0,6.11,6.1,6.09,6.08,6.07,6.06,6.05,6.04,6.03,6.02,6.12,6.13,6.14,6.15,6.16,6.17,6.18,6.19,6.2,6.21,97900,76900,70000,28600,9100,33100,164200,121900,45900,20900,28300,44400,16900,44100,9700,11600,800,9900,122300,122300
158.0,6.11,774000,4745309.0,6.11,6.1,6.09,6.08,6.07,6.06,6.05,6.04,6.03,6.02,6.12,6.13,6.14,6.15,6.16,6.17,6.18,6.19,6.2,6.21,95700,76900,100000,28600,9100,33100,164200,121900,45900,20900,22700,44400,16900,44100,9700,11600,800,9900,122300,122300
159.0,6.12,796700,4884233.0,6.12,6.11,6.1,6.09,6.08,6.07,6.06,6.05,6.04,6.03,6.13,6.14,6.15,6.16,6.17,6.18,6.19,6.2,6.21,6.22,13100,95900,77700,100000,28600,9100,33100,164200,121900,45900,44400,16900,44100,9700,11600,800,9900,122300,122300,23200
160.0,6.12,802700,4920953.0,6.12,6.11,6.1,6.09,6.08,6.07,6.06,6.05,6.04,6.03,6.13,6.14,6.15,6.16,6.17,6.18,6.19,6.2,6.21,6.22,8500,95900,78500,102000,28600,9100,33100,164200,121900,45900,44400,16900,44100,9700,11600,800,9900,122300,122300,23200
161.0,6.12,802700,4920953.0,6.12,6.11,6.1,6.09,6.08,6.07,6.06,6.05,6.04,6.03,6.13,6.14,6.15,6.16,6.17,6.18,6.19,6.2,6.21,6.22,9300,96500,78500,102000,28600,9100,33100,164200,121900,45900,51400,16900,44100,9700,11600,800,9900,122300,122300,23200
162.0,6.12,802700,4920953.0,6.12,6.11,6.1,6.09,6.08,6.07,6.06,6.05,6.04,6.03,6.13,6.14,6.15,6.16,6.17,6.18,6.19,6.2,6.21,6.22,9300,98600,78500,102000,28600,9100,33100,164200,121900,45900,51400,16900,44100,9700,11600,800,9900,122300,122300,23200
163.0,6.13,804700,4933213.0,6.12,6.11,6.1,6.09,6.08,6.07,6.06,6.05,6.04,6.03,6.13,6.14,6.15,6.16,6.17,6.18,6.19,6.2,6.21,6.22,9300,98600,78500,102000,28600,9100,33100,164200,121900,45900,59500,16900,44100,9700,11600,800,9900,122300,122300,23200
164.0,6.12,806400,4943633.0,6.12,6.11,6.1,6.09,6.08,6.07,6.06,6.05,6.04,6.03,6.13,6.14,6.15,6.16,6.17,6.18,6.19,6.2,6.21,6.22,9900,98600,79100,102000,28600,9100,33100,164200,121900,45900,58600,16900,44100,9700,11600,1800,9900,122300,122300,23200
165.0,6.12,811700,4976106.0,6.12,6.11,6.1,6.09,6.08,6.07,6.06,6.05,6.04,6.03,6.13,6.14,6.15,6.16,6.17,6.18,6.19,6.2,6.21,6.22,11100,98600,79100,102000,28600,19100,33100,164200,121900,45900,55000,16900,44100,9700,11600,1800,9900,122300,122300,23200
166.0,6.12,816100,5003052.0,6.12,6.11,6.1,6.09,6.08,6.07,6.06,6.05,6.04,6.03,6.13,6.14,6.15,6.16,6.17,6.18,6.19,6.2,6.21,6.22,8500,98400,79100,102000,28600,19900,33100,164200,121900,45900,54100,16900,44100,9700,11600,1800,9900,122300,122300,23200
167.0,6.12,816300,5004276.0,6.12,6.11,6.1,6.09,6.08,6.07,6.06,6.05,6.04,6.03,6.13,6.14,6.15,6.16,6.17,6.18,6.19,6.2,6.21,6.22,11900,98400,79100,102000,28600,19900,33100,163900,121900,45900,56000,16900,39000,9700,11600,1800,9900,122300,122300,23200
168.0,6.12,817500,5011620.0,6.12,6.11,6.1,6.09,6.08,6.07,6.06,6.05,6.04,6.03,6.13,6.14,6.15,6.16,6.17,6.18,6.19,6.2,6.21,6.22,10700,98400,79500,102000,28600,19900,33100,163900,121900,45900,45900,20400,39000,9700,11600,1800,9900,122300,122300,23200
169.0,6.13,893000,5474379.0,6.13,6.12,6.11,6.1,6.09,6.08,6.07,6.06,6.05,6.04,6.14,6.15,6.16,6.17,6.18,6.19,6.2,6.21,6.22,6.23,39700,45200,98400,79500,102000,28600,19900,33100,163900,121900,20100,39000,9700,11600,1800,9900,122300,122300,23200,11000
170.0,6.14,894600,5484203.0,6.13,6.12,6.11,6.1,6.09,6.08,6.07,6.06,6.05,6.04,6.14,6.15,6.16,6.17,6.18,6.19,6.2,6.21,6.22,6.23,53700,45200,118500,79500,102000,28600,19900,33100,163900,121900,18500,8400,9700,11600,1800,9900,122300,122300,23200,11000
171.0,6.14,895400,5489115.0,6.13,6.12,6.11,6.1,6.09,6.08,6.07,6.06,6.05,6.04,6.14,6.15,6.16,6.17,6.18,6.19,6.2,6.21,6.22,6.23,53800,45700,118400,79500,102000,28600,19900,33100,162900,121900,17700,2800,9700,11600,1800,9900,122300,122300,23200,11000
172.0,6.13,902800,5534477.0,6.13,6.12,6.11,6.1,6.09,6.08,6.07,6.06,6.05,6.04,6.14,6.15,6.16,6.17,6.18,6.19,6.2,6.21,6.22,6.23,46400,45700,118400,79500,102000,28600,19900,33100,162900,121900,17700,2800,9700,11600,1800,9900,122300,122300,23200,11000
173.0,6.14,924600,5668329.0,6.14,6.13,6.12,6.11,6.1,6.09,6.08,6.07,6.06,6.05,6.15,6.16,6.17,6.18,6.19,6.2,6.21,6.22,6.23,6.24,1400,46900,47900,118100,79500,102000,28600,19900,34100,162900,2800,9700,11600,1800,9900,122300,122300,23200,11000,5000
174.0,6.14,924600,5668329.0,6.14,6.13,6.12,6.11,6.1,6.09,6.08,6.07,6.06,6.05,6.15,6.16,6.17,6.18,6.19,6.2,6.21,6.22,6.23,6.24,1400,46900,47900,118100,79500,102000,28600,19900,30700,162900,2800,9700,11600,1800,9900,125300,122300,23200,11000,5000
175.0,6.14,924900,5670171.0,6.14,6.13,6.12,6.11,6.1,6.09,6.08,6.07,6.06,6.05,6.15,6.16,6.17,6.18,6.19,6.2,6.21,6.22,6.23,6.24,1100,14800,47900,118100,79500,102000,28600,19900,30700,162900,2800,9700,46400,93400,9900,125300,122300,23200,11000,5000
176.0,6.14,927400,5685521.0,6.13,6.12,6.11,6.1,6.09,6.08,6.07,6.06,6.05,6.04,6.14,6.15,6.16,6.17,6.18,6.19,6.2,6.21,6.22,6.23,600,47900,117900,89500,102000,28600,19900,30700,162900,121900,100,14500,9800,58600,93400,9900,126300,122300,23200,11000
177.0,6.15,927700,5687365.0,6.13,6.12,6.11,6.1,6.09,6.08,6.07,6.06,6.05,6.04,6.15,6.16,6.17,6.18,6.19,6.2,6.21,6.22,6.23,6.24,1900,47900,117900,89500,102000,28600,19900,30700,162900,121900,14300,9800,58600,93400,9900,126300,122300,23200,11000,5000
178.0,6.15,929100,5695975.0,6.13,6.12,6.11,6.1,6.09,6.08,6.07,6.06,6.05,6.04,6.14,6.15,6.16,6.17,6.18,6.19,6.2,6.21,6.22,6.23,10700,47900,117900,89500,102000,28600,19900,35000,162900,121900,23600,15700,9800,58600,93400,9900,126300,122300,23200,11000
179.0,6.13,936600,5742004.0,6.13,6.12,6.11,6.1,6.09,6.08,6.07,6.06,6.05,6.04,6.14,6.15,6.16,6.17,6.18,6.19,6.2,6.21,6.22,6.23,8700,48300,117900,89500,102000,28600,19900,35000,162900,121900,18200,15700,9800,58600,93400,9900,126300,122300,23200,11000
180.0,6.13,944700,5791722.0,6.13,6.12,6.11,6.1,6.09,6.08,6.07,6.06,6.05,6.04,6.14,6.15,6.16,6.17,6.18,6.19,6.2,6.21,6.22,6.23,7100,51300,117600,89500,102000,28600,19900,35000,162900,121900,11700,15700,9800,58600,93400,9900,126300,122300,23200,11000
181.0,6.13,944900,5792948.0,6.13,6.12,6.11,6.1,6.09,6.08,6.07,6.06,6.05,6.04,6.14,6.15,6.16,6.17,6.18,6.19,6.2,6.21,6.22,6.23,8100,51300,117600,94500,102000,28600,19900,35000,162900,121900,12200,15900,9800,58600,93400,9900,126300,122300,23200,11000
182.0,6.14,945600,5797246.0,6.13,6.12,6.11,6.1,6.09,6.08,6.07,6.06,6.05,6.04,6.14,6.15,6.16,6.17,6.18,6.19,6.2,6.21,6.22,6.23,8300,51300,117600,94500,102000,28600,19900,35000,162900,121900,14200,15900,9800,59700,93400,9900,126300,122300,23200,11000
183.0,6.14,948000,5811982.0,6.13,6.12,6.11,6.1,6.09,6.08,6.07,6.06,6.05,6.04,6.14,6.15,6.16,6.17,6.18,6.19,6.2,6.21,6.22,6.23,12700,51300,117600,94500,102000,28600,19900,35000,162900,121900,15600,15900,9800,59700,93400,11900,126300,122300,23200,11000
184.0,6.14,961700,5896100.0,6.13,6.12,6.11,6.1,6.09,6.08,6.07,6.06,6.05,6.04,6.14,6.15,6.16,6.17,6.18,6.19,6.2,6.21,6.22,6.23,13200,51300,116400,94500,103000,48600,19900,35000,162900,121900,1900,15900,9800,59700,93400,11900,126300,122300,23200,11000
185.0,6.14,961800,5896714.0,6.13,6.12,6.11,6.1,6.09,6.08,6.07,6.06,6.05,6.04,6.14,6.15,6.16,6.17,6.18,6.19,6.2,6.21,6.22,6.23,15800,51300,116400,94500,103000,48900,19900,35000,162900,121900,5100,16800,9800,59700,93400,11900,126300,122300,23200,11000
186.0,6.14,961800,5896714.0,6.13,6.12,6.11,6.1,6.09,6.08,6.07,6.06,6.05,6.04,6.14,6.15,6.16,6.17,6.18,6.19,6.2,6.21,6.22,6.23,17800,51300,116400,94500,103000,48900,19900,35000,162900,121900,5100,16800,9800,59700,93400,11900,126300,122300,23200,11000
187.0,6.14,962300,5899784.0,6.13,6.12,6.11,6.1,6.09,6.08,6.07,6.06,6.05,6.04,6.14,6.15,6.16,6.17,6.18,6.19,6.2,6.21,6.22,6.23,15400,51300,116400,94500,103000,49900,19900,35000,162900,121900,4600,4100,9800,59700,93400,11900,126300,122300,23200,11000
188.0,6.13,964100,5910818.0,6.13,6.12,6.11,6.1,6.09,6.08,6.07,6.06,6.05,6.04,6.14,6.15,6.16,6.17,6.18,6.19,6.2,6.21,6.22,6.23,13600,51300,116400,94500,96900,49900,19900,35000,162900,121900,1300,4100,9800,59700,93400,11900,126300,122300,23200,11000
189.0,6.13,964100,5910818.0,6.13,6.12,6.11,6.1,6.09,6.08,6.07,6.06,6.05,6.04,6.14,6.15,6.16,6.17,6.18,6.19,6.2,6.21,6.22,6.23,13600,51300,116400,94500,96900,49900,19900,35000,162900,121900,1300,4100,9800,59700,93400,11900,126300,122300,23200,11000
190.0,6.14,965900,5921865.0,6.14,6.13,6.12,6.11,6.1,6.09,6.08,6.07,6.06,6.05,6.15,6.16,6.17,6.18,6.19,6.2,6.21,6.22,6.23,6.24,11600,15000,51300,116400,94500,96900,49900,19900,35000,162900,4100,9800,59700,93400,11900,126300,122300,23200,11000,5000
191.0,6.15,966300,5924325.0,6.14,6.13,6.12,6.11,6.1,6.09,6.08,6.07,6.06,6.05,6.15,6.16,6.17,6.18,6.19,6.2,6.21,6.22,6.23,6.24,11600,20000,51900,116400,94500,96900,49900,19900,35000,162900,3800,9800,59700,1800,11900,126300,122300,23200,11000,5000
192.0,6.14,972600,5963014.0,6.14,6.13,6.12,6.11,6.1,6.09,6.08,6.07,6.06,6.05,6.15,6.16,6.17,6.18,6.19,6.2,6.21,6.22,6.23,6.24,7200,21000,51900,116400,95000,96900,49900,19900,35000,162900,4500,9800,59700,1800,11900,126300,122300,23200,11000,5000
193.0,6.14,976800,5988802.0,6.14,6.13,6.12,6.11,6.1,6.09,6.08,6.07,6.06,6.05,6.15,6.16,6.17,6.18,6.19,6.2,6.21,6.22,6.23,6.24,28900,21000,55700,118500,95000,96900,52900,19900,35000,162900,4600,9800,59700,1800,11900,126300,122300,23200,11000,5000
194.0,6.15,990400,6072394.0,6.14,6.13,6.12,6.11,6.1,6.09,6.08,6.07,6.06,6.05,6.15,6.16,6.17,6.18,6.19,6.2,6.21,6.22,6.23,6.24,9500,28300,56400,118500,95000,96900,52900,19900,35000,162900,2700,10100,59700,38500,11900,126300,122300,23200,11000,5000
195.0,6.15,990400,6072394.0,6.14,6.13,6.12,6.11,6.1,6.09,6.08,6.07,6.06,6.05,6.15,6.16,6.17,6.18,6.19,6.2,6.21,6.22,6.23,6.24,9600,28300,56400,118500,96600,96900,52900,19900,35000,162900,2800,10100,59700,38500,11900,126300,122300,23200,11000,5000
196.0,6.15,990400,6072394.0,6.14,6.13,6.12,6.11,6.1,6.09,6.08,6.07,6.06,6.05,6.15,6.16,6.17,6.18,6.19,6.2,6.21,6.22,6.23,6.24,9600,30300,56400,118500,96600,96900,52900,19900,35000,162900,2800,10100,59700,38500,11900,126300,122300,23200,11000,5000
197.0,6.16,997400,6115448.0,6.15,6.14,6.13,6.12,6.11,6.1,6.09,6.08,6.07,6.06,6.16,6.17,6.18,6.19,6.2,6.21,6.22,6.23,6.24,6.25,9900,8600,30300,56400,118400,102100,96900,52900,19900,35000,7800,59700,38500,11900,126300,122300,23200,11000,5000,20100
198.0,6.15,1006300,6170183.0,6.15,6.14,6.13,6.12,6.11,6.1,6.09,6.08,6.07,6.06,6.16,6.17,6.18,6.19,6.2,6.21,6.22,6.23,6.24,6.25,1000,12700,30300,56400,118400,102100,96900,52900,19900,35000,7800,59700,38500,11900,126300,122300,23200,11000,5000,20100
199.0,6.15,1006400,6170798.0,6.15,6.14,6.13,6.12,6.11,6.1,6.09,6.08,6.07,6.06,6.16,6.17,6.18,6.19,6.2,6.21,6.22,6.23,6.24,6.25,900,12700,30300,56400,118400,102100,96900,52900,19900,35000,7800,59700,38500,11900,126300,122300,23200,11000,5000,20100
200.0,6.14,1016100,6230452.0,6.14,6.13,6.12,6.11,6.1,6.09,6.08,6.07,6.06,6.05,6.15,6.16,6.17,6.18,6.19,6.2,6.21,6.22,6.23,6.24,12900,24900,56400,118400,107100,96900,52900,19900,35000,162900,2400,7800,59700,38500,11900,126300,122300,23200,11000,5000
201.0,6.15,1018300,6243982.0,6.14,6.13,6.12,6.11,6.1,6.09,6.08,6.07,6.06,6.05,6.15,6.16,6.17,6.18,6.19,6.2,6.21,6.22,6.23,6.24,13200,24500,56400,118400,107100,96900,52900,19900,35000,162900,200,7800,59700,38500,11900,126300,122300,23200,11000,5000
202.0,6.15,1018500,6245212.0,6.15,6.14,6.13,6.12,6.11,6.1,6.09,6.08,6.07,6.06,6.16,6.17,6.18,6.19,6.2,6.21,6.22,6.23,6.24,6.25,1600,13200,24500,56400,120300,107100,96900,52900,19900,35000,30300,59700,38500,11900,126300,122300,23200,11000,5000,20100
203.0,6.16,1031400,6324654.0,6.15,6.14,6.13,6.12,6.11,6.1,6.09,6.08,6.07,6.06,6.16,6.17,6.18,6.19,6.2,6.21,6.22,6.23,6.24,6.25,200,13200,29900,56400,120300,107100,96900,52900,19900,35000,23900,59700,38500,11900,126300,122300,23200,11000,5000,20100
204.0,6.15,1033100,6335125.0,6.15,6.14,6.13,6.12,6.11,6.1,6.09,6.08,6.07,6.06,6.16,6.17,6.18,6.19,6.2,6.21,6.22,6.23,6.24,6.25,100,13200,29900,56400,120300,108100,96900,52900,19900,35000,22400,59700,38500,11900,8400,122300,23200,11000,5000,20100
205.0,6.15,1033300,6336356.0,6.14,6.13,6.12,6.11,6.1,6.09,6.08,6.07,6.06,6.05,6.16,6.17,6.18,6.19,6.2,6.21,6.22,6.23,6.24,6.25,13200,30800,56400,119600,108100,96900,51900,19900,35000,162900,24800,59700,38500,11900,8400,122300,23200,11000,5000,20100
206.0,6.15,1036700,6357253.0,6.15,6.14,6.13,6.12,6.11,6.1,6.09,6.08,6.07,6.06,6.16,6.17,6.18,6.19,6.2,6.21,6.22,6.23,6.24,6.25,300,11900,30800,56400,119600,106700,97400,51900,19900,35000,24800,59700,38500,11900,8400,122300,23200,11000,5000,20100
207.0,6.16,1037600,6362797.0,6.15,6.14,6.13,6.12,6.11,6.1,6.09,6.08,6.07,6.06,6.16,6.17,6.18,6.19,6.2,6.21,6.22,6.23,6.24,6.25,700,11900,30800,56400,119600,110700,97400,51900,19900,35000,23900,59700,38500,11900,8400,122300,23200,11000,5000,20100
208.0,6.15,1047300,6422468.0,6.15,6.14,6.13,6.12,6.11,6.1,6.09,6.08,6.07,6.06,6.16,6.17,6.18,6.19,6.2,6.21,6.22,6.23,6.24,6.25,1300,20000,28800,56400,119600,110700,97400,51900,19900,35000,19800,59700,38500,11900,8400,122300,23200,11000,5000,20100
209.0,6.15,1047400,6423083.0,6.14,6.13,6.12,6.11,6.1,6.09,6.08,6.07,6.06,6.05,6.16,6.17,6.18,6.19,6.2,6.21,6.22,6.23,6.24,6.25,22000,28800,56400,119600,110700,97400,51900,19900,35000,162900,19800,59700,38500,11900,8400,122300,23200,11000,5000,20100
210.0,6.15,1047400,6423083.0,6.15,6.14,6.13,6.12,6.11,6.1,6.09,6.08,6.07,6.06,6.16,6.17,6.18,6.19,6.2,6.21,6.22,6.23,6.24,6.25,6400,24100,28800,56400,119600,110700,97400,51900,19900,35000,21900,59700,38500,11900,8400,122300,23200,11000,5000,20100
211.0,6.17,1072900,6580195.0,6.16,6.15,6.14,6.13,6.12,6.11,6.1,6.09,6.08,6.07,6.17,6.18,6.19,6.2,6.21,6.22,6.23,6.24,6.25,6.26,5400,16600,24100,28800,56400,119600,110700,97400,51900,19900,56800,38500,11900,8400,122300,23200,11000,5000,20100,16400
212.0,6.17,1072900,6580195.0,6.16,6.15,6.14,6.13,6.12,6.11,6.1,6.09,6.08,6.07,6.17,6.18,6.19,6.2,6.21,6.22,6.23,6.24,6.25,6.26,16300,16700,24100,28800,56400,119600,110700,97400,51900,19900,9500,38500,11900,52900,122300,23200,11000,5000,20100,16400
213.0,6.16,1075600,6596827.0,6.16,6.15,6.14,6.13,6.12,6.11,6.1,6.09,6.08,6.07,6.17,6.18,6.19,6.2,6.21,6.22,6.23,6.24,6.25,6.26,13600,17400,24100,28800,57400,119600,110700,97400,51900,19900,9500,38500,11200,52900,122300,23200,11000,5000,20100,16400
214.0,6.17,1085100,6655442.0,6.17,6.16,6.15,6.14,6.13,6.12,6.11,6.1,6.09,6.08,6.18,6.19,6.2,6.21,6.22,6.23,6.24,6.25,6.26,6.27,3400,14200,18000,23800,28800,57400,119600,110700,97400,51900,38800,11200,52900,3900,23200,11000,5000,20100,16400,35200
215.0,6.18,1093200,6705500.0,6.17,6.16,6.15,6.14,6.13,6.12,6.11,6.1,6.09,6.08,6.18,6.19,6.2,6.21,6.22,6.23,6.24,6.25,6.26,6.27,3800,19400,18000,23800,28600,57400,119600,110700,97400,51900,2300,11200,52900,3900,23200,11000,5000,20100,16400,35200
216.0,6.18,1093200,6705500.0,6.17,6.16,6.15,6.14,6.13,6.12,6.11,6.1,6.09,6.08,6.18,6.19,6.2,6.21,6.22,6.23,6.24,6.25,6.26,6.27,4000,19300,18000,23800,28600,57400,119600,110700,97400,51900,2300,11200,52900,3900,23200,11000,5000,20100,16400,35200
217.0,6.18,1096500,6725894.0,6.18,6.17,6.16,6.15,6.14,6.13,6.12,6.11,6.1,6.09,6.19,6.2,6.21,6.22,6.23,6.24,6.25,6.26,6.27,6.28,1100,4800,12900,18000,23800,28600,57400,119600,110700,97400,11100,52900,3900,23200,11000,5000,20100,16400,35200,9200
218.0,6.17,1106800,6789481.0,6.16,6.15,6.14,6.13,6.12,6.11,6.1,6.09,6.08,6.07,6.17,6.18,6.19,6.2,6.21,6.22,6.23,6.24,6.25,6.26,11400,18000,23500,28600,57400,119600,110700,97400,51900,19900,6000,10500,9800,52900,3900,23200,11000,5000,20100,16400
219.0,6.17,1106800,6789481.0,6.16,6.15,6.14,6.13,6.12,6.11,6.1,6.09,6.08,6.07,6.17,6.18,6.19,6.2,6.21,6.22,6.23,6.24,6.25,6.26,11400,23000,25000,28600,57400,119600,110700,97400,51900,19900,6000,10500,7800,52900,3900,23200,11000,5000,20100,16400
220.0,6.18,1113800,6832681.0,6.17,6.16,6.15,6.14,6.13,6.12,6.11,6.1,6.09,6.08,6.18,6.19,6.2,6.21,6.22,6.23,6.24,6.25,6.26,6.27,6900,11400,22800,25000,28600,56900,119100,110700,97400,51900,4300,7800,52900,3900,23200,11000,5000,20100,16400,35200
221.0,6.18,1114500,6837007.0,6.17,6.16,6.15,6.14,6.13,6.12,6.11,6.1,6.09,6.08,6.18,6.19,6.2,6.21,6.22,6.23,6.24,6.25,6.26,6.27,8300,11600,22800,23000,28600,56900,119100,110700,97400,51900,3600,7800,52900,17100,23200,11000,5000,20100,16400,35200
222.0,6.17,1127400,6916643.0,6.16,6.15,6.14,6.13,6.12,6.11,6.1,6.09,6.08,6.07,6.17,6.19,6.2,6.21,6.22,6.23,6.24,6.25,6.26,6.27,11600,15200,14900,28600,56900,119100,110700,97400,51900,19900,500,8500,52900,17100,23200,11000,5000,20100,16400,35200
223.0,6.17,1127500,6917260.0,6.16,6.15,6.14,6.13,6.12,6.11,6.1,6.09,6.08,6.07,6.17,6.18,6.19,6.2,6.21,6.22,6.23,6.24,6.25,6.26,11600,15200,14900,26600,56900,119100,110700,97400,51900,19900,400,7300,8900,52900,17100,23200,11000,5000,20100,16400
224.0,6.17,1127900,6919728.0,6.17,6.16,6.15,6.14,6.13,6.12,6.11,6.1,6.09,6.08,6.18,6.19,6.2,6.21,6.22,6.23,6.24,6.25,6.26,6.27,16600,11600,15200,14900,26600,56900,121100,111700,97400,52900,7300,8900,52900,17100,23200,11000,5000,20100,16400,35200
225.0,6.17,1128000,6920345.0,6.17,6.16,6.15,6.14,6.13,6.12,6.11,6.1,6.09,6.08,6.18,6.19,6.2,6.21,6.22,6.23,6.24,6.25,6.26,6.27,48900,11600,15200,14900,26600,56900,121100,113700,97400,52900,7300,8900,52900,17100,23200,11000,5000,20100,16400,35200
226.0,6.17,1128000,6920345.0,6.17,6.16,6.15,6.14,6.13,6.12,6.11,6.1,6.09,6.08,6.18,6.19,6.2,6.21,6.22,6.23,6.24,6.25,6.26,6.27,55000,12200,15200,14900,26600,50900,121100,113700,100500,52900,7300,8900,52900,17100,23200,11000,5000,20100,16400,35200
227.0,6.17,1129500,6929614.0,6.17,6.16,6.15,6.14,6.13,6.12,6.11,6.1,6.09,6.08,6.18,6.19,6.2,6.21,6.22,6.23,6.24,6.25,6.26,6.27,58500,12200,15200,14700,26600,50900,120500,114700,100500,52900,9900,8900,52900,17100,23200,11000,5000,20100,16400,35200
228.0,6.17,1132000,6945048.0,6.17,6.16,6.15,6.14,6.13,6.12,6.11,6.1,6.09,6.08,6.18,6.19,6.2,6.21,6.22,6.23,6.24,6.25,6.26,6.27,56900,11800,10200,14700,26600,50900,120500,114700,100500,52900,12500,8900,52900,17100,23200,11000,5000,20100,16400,35200
229.0,6.18,1132100,6945666.0,6.17,6.16,6.15,6.14,6.13,6.12,6.11,6.1,6.09,6.08,6.18,6.19,6.2,6.21,6.22,6.23,6.24,6.25,6.26,6.27,65800,11800,10200,14700,26600,50900,120500,114700,100500,52900,12400,8900,52900,17100,23200,11000,5000,20100,16400,35200
230.0,6.18,1132100,6945666.0,6.17,6.16,6.15,6.14,6.13,6.12,6.11,6.1,6.09,6.08,6.18,6.19,6.2,6.21,6.22,6.23,6.24,6.25,6.26,6.27,65800,11800,10200,14700,19200,50900,120500,114700,100500,52900,12400,8900,52900,17100,23200,11000,5000,20100,16400,35200
231.0,6.18,1144500,7022298.0,6.18,6.17,6.16,6.15,6.14,6.13,6.12,6.11,6.1,6.09,6.19,6.2,6.21,6.22,6.23,6.24,6.25,6.26,6.27,6.28,5800,77300,11800,10200,14700,19200,50900,120500,114700,100500,9200,52900,17100,23200,11000,5000,20100,16400,35200,9200
232.0,6.18,1144600,7022916.0,6.18,6.17,6.16,6.15,6.14,6.13,6.12,6.11,6.1,6.09,6.19,6.2,6.21,6.22,6.23,6.24,6.25,6.26,6.27,6.28,13800,79500,11800,10200,14700,19200,50900,118500,114700,100500,9200,52900,17100,23200,11000,2900,20100,16400,35200,9200
233.0,6.18,1144600,7022916.0,6.18,6.17,6.16,6.15,6.14,6.13,6.12,6.11,6.1,6.09,6.19,6.2,6.21,6.22,6.23,6.24,6.25,6.26,6.27,6.28,13800,82900,11800,10200,14700,19200,50900,118500,114700,100500,9600,52900,17100,23200,11000,2900,20100,16400,35200,9200
234.0,6.18,1144600,7022916.0,6.18,6.17,6.16,6.15,6.14,6.13,6.12,6.11,6.1,6.09,6.19,6.2,6.21,6.22,6.23,6.24,6.25,6.26,6.27,6.28,13800,82900,11800,10200,14700,19200,50900,118500,112700,100500,9600,52900,17100,23200,11000,2900,20100,16400,35200,9200
235.0,6.19,1146000,7031582.0,6.18,6.17,6.16,6.15,6.14,6.13,6.12,6.11,6.1,6.09,6.19,6.2,6.21,6.22,6.23,6.24,6.25,6.26,6.27,6.28,13800,82900,11800,10200,14700,19200,50900,118500,112700,100500,8200,52900,17100,23200,11000,2900,20100,16400,35200,9200
236.0,6.19,1146000,7031582.0,6.18,6.17,6.16,6.15,6.14,6.13,6.12,6.11,6.1,6.09,6.19,6.2,6.21,6.22,6.23,6.24,6.25,6.26,6.27,6.28,10500,71900,11600,10200,14700,19200,50900,118500,110700,100600,8200,52900,17100,23200,11000,2900,20100,16400,35200,9200
237.0,6.19,1146000,7031582.0,6.18,6.17,6.16,6.15,6.14,6.13,6.12,6.11,6.1,6.09,6.19,6.2,6.21,6.22,6.23,6.24,6.25,6.26,6.27,6.28,10500,71900,11600,10200,14700,17500,50900,118500,110700,100600,8200,52900,17100,23200,11000,2900,20100,16400,35200,9200
238.0,6.19,1149900,7055723.0,6.18,6.17,6.16,6.15,6.14,6.13,6.12,6.11,6.1,6.09,6.19,6.2,6.21,6.22,6.23,6.24,6.25,6.26,6.27,6.28,12300,73900,11600,15200,14700,17500,50900,118500,110700,100600,8000,52900,17100,23200,11000,2900,20100,16400,35200,9200
239.0,6.19,1152900,7074281.0,6.18,6.17,6.16,6.15,6.14,6.13,6.12,6.11,6.1,6.09,6.19,6.2,6.21,6.22,6.23,6.24,6.25,6.26,6.27,6.28,11100,74700,11600,15200,14700,17500,50900,118500,132700,100600,6300,52900,17100,23200,11000,2900,20100,16400,35200,9200
240.0,6.19,1153100,7075519.0,6.18,6.17,6.16,6.15,6.14,6.13,6.12,6.11,6.1,6.09,6.19,6.2,6.21,6.22,6.23,6.24,6.25,6.26,6.27,6.28,11300,74700,11600,15200,14700,14900,50900,118500,132700,100600,6100,52900,17100,23200,11000,2900,20100,16400,35200,9200
241.0,6.19,1160000,7118230.0,6.19,6.18,6.17,6.16,6.15,6.14,6.13,6.12,6.11,6.1,6.2,6.21,6.22,6.23,6.24,6.25,6.26,6.27,6.28,6.29,2800,12400,74700,11600,9000,14700,14900,50900,118500,132700,46000,17100,23200,11000,2900,20100,16400,35200,9200,44700
242.0,6.19,1160200,7119468.0,6.19,6.18,6.17,6.16,6.15,6.14,6.13,6.12,6.11,6.1,6.2,6.21,6.22,6.23,6.24,6.25,6.26,6.27,6.28,6.29,10000,12400,71200,11600,9000,14400,14000,50900,118500,132700,8500,17100,23200,11000,2900,20100,16400,35200,9200,44700
243.0,6.2,1161000,7124428.0,6.19,6.18,6.17,6.16,6.15,6.14,6.13,6.12,6.11,6.1,6.2,6.21,6.22,6.23,6.24,6.25,6.26,6.27,6.28,6.29,10700,12400,71200,11600,9000,14400,14000,50900,118500,137700,7700,17100,23200,11000,2900,20100,16400,35200,9200,44700
244.0,6.21,1169400,7176515.0,6.2,6.19,6.18,6.17,6.16,6.15,6.14,6.13,6.12,6.11,6.21,6.22,6.23,6.24,6.25,6.26,6.27,6.28,6.29,6.3,2900,10700,20400,68000,11600,9000,14400,14000,50900,118500,16500,14400,11000,2900,20100,16400,40000,9200,44700,42500
245.0,6.22,1172800,7197630.0,6.21,6.2,6.19,6.18,6.17,6.16,6.15,6.14,6.13,6.12,6.22,6.23,6.24,6.25,6.26,6.27,6.28,6.29,6.3,6.31,38800,2300,11100,26400,68000,11400,9000,14000,14000,50900,14600,11000,2900,20100,16400,40000,9200,44700,42500,5500
246.0,6.22,1175000,7211298.0,6.21,6.2,6.19,6.18,6.17,6.16,6.15,6.14,6.13,6.12,6.22,6.23,6.24,6.25,6.26,6.27,6.28,6.29,6.3,6.31,37200,1600,17100,26200,68000,11400,9000,14000,14000,50900,14000,11000,2900,20100,16400,40000,9200,44700,42500,5500
247.0,6.22,1189000,7298378.0,6.22,6.21,6.2,6.19,6.18,6.17,6.16,6.15,6.14,6.13,6.23,6.24,6.25,6.26,6.27,6.28,6.29,6.3,6.31,6.32,3700,37200,61600,18100,26200,68000,11400,9000,14000,14000,11000,2900,20100,19600,40000,9200,44700,42500,5500,10400
248.0,6.23,1206700,7408574.0,6.22,6.21,6.2,6.19,6.18,6.17,6.16,6.15,6.14,6.13,6.23,6.24,6.25,6.26,6.27,6.28,6.29,6.3,6.31,6.32,3200,40700,61600,12800,31200,65800,11400,9000,14000,13800,800,3300,20100,19600,40000,9200,44700,42500,5500,10400
249.0,6.23,1211700,7439721.0,6.23,6.22,6.21,6.2,6.19,6.18,6.17,6.16,6.15,6.14,6.24,6.25,6.26,6.27,6.28,6.29,6.3,6.31,6.32,6.33,1100,2900,40700,61500,12800,31200,65800,11400,9000,14000,9800,16400,19600,40000,9200,44700,42500,5500,10400,32100
250.0,6.24,1215900,7465918.0,6.22,6.21,6.2,6.19,6.18,6.17,6.16,6.15,6.14,6.13,6.24,6.25,6.26,6.27,6.28,6.29,6.3,6.31,6.32,6.33,3400,44300,61500,13600,31200,65800,11400,8400,13800,13300,6700,16400,19600,40000,9200,44700,42500,5500,10400,32100
251.0,6.23,1220000,7491456.0,6.22,6.21,6.2,6.19,6.18,6.17,6.16,6.15,6.14,6.13,6.23,6.24,6.25,6.26,6.27,6.28,6.29,6.3,6.31,6.32,2600,44000,61500,20500,41500,65800,11400,8400,13800,13300,400,6700,16400,19600,40000,9200,44700,42500,5500,10400
252.0,6.23,1220600,7495192.0,6.23,6.22,6.21,6.2,6.19,6.18,6.17,6.16,6.15,6.14,6.24,6.25,6.26,6.27,6.28,6.29,6.3,6.31,6.32,6.33,400,2400,44400,61500,20500,41500,65800,11400,8400,13800,6700,16400,19600,40000,9200,44700,42500,5500,10400,32100
253.0,6.22,1231700,7564421.0,6.22,6.21,6.2,6.19,6.18,6.17,6.16,6.15,6.14,6.13,6.23,6.24,6.25,6.26,6.27,6.28,6.29,6.3,6.31,6.32,2000,41200,61500,20500,41500,63500,11400,8400,13800,13300,1400,11000,16400,19600,35200,9200,44700,42500,5500,10400
254.0,6.23,1234500,7581862.0,6.22,6.21,6.2,6.19,6.18,6.17,6.16,6.15,6.14,6.13,6.23,6.24,6.25,6.26,6.27,6.28,6.29,6.3,6.31,6.32,1700,41200,61500,20500,40100,63500,11400,8400,13800,13300,12300,11000,16400,19600,35200,9200,44700,42500,5500,10400
255.0,6.23,1237700,7601798.0,6.22,6.21,6.2,6.19,6.18,6.17,6.16,6.15,6.14,6.13,6.23,6.24,6.25,6.26,6.27,6.28,6.29,6.3,6.31,6.32,1700,41000,61500,24300,40100,63500,11400,8400,13800,13300,9100,11000,16400,19600,35200,9200,44700,42500,5500,10400
256.0,6.23,1241100,7622979.0,6.22,6.21,6.2,6.19,6.18,6.17,6.16,6.15,6.14,6.13,6.23,6.24,6.25,6.26,6.27,6.28,6.29,6.3,6.31,6.32,1600,41000,61500,24300,40100,61300,10800,8400,13800,13300,5800,11000,16400,19600,36500,9200,44700,42500,5500,10400
257.0,6.24,1275500,7836838.0,6.22,6.21,6.2,6.19,6.18,6.17,6.16,6.15,6.14,6.13,6.24,6.25,6.26,6.27,6.28,6.29,6.3,6.31,6.32,6.33,17500,19000,61500,24300,40100,61300,10800,7900,13800,13300,10300,16400,19600,36500,9200,44700,42500,5500,10400,32100
258.0,6.23,1282000,7877395.0,6.22,6.21,6.2,6.19,6.18,6.17,6.16,6.15,6.14,6.13,6.23,6.24,6.25,6.26,6.27,6.28,6.29,6.3,6.31,6.32,21200,18800,61300,24100,39900,60500,10600,7700,13800,13300,8200,4000,27400,19600,36500,9200,44700,42500,5500,5600
259.0,6.23,1291800,7938433.0,6.23,6.22,6.21,6.2,6.19,6.18,6.17,6.16,6.15,6.14,6.24,6.25,6.26,6.27,6.28,6.29,6.3,6.31,6.32,6.33,12800,19600,18800,61300,24100,39900,60500,10600,7700,13800,4000,27400,19600,36500,9200,44700,42500,5500,5600,32100
260.0,6.23,1291800,7938433.0,6.23,6.22,6.21,6.2,6.19,6.18,6.17,6.16,6.15,6.14,6.24,6.25,6.26,6.27,6.28,6.29,6.3,6.31,6.32,6.33,12800,19600,18800,61300,24100,39900,60500,10600,7700,13800,4000,27400,19600,36500,9200,44700,42500,5500,5600,32100
261.0,6.23,1291800,7938433.0,6.23,6.22,6.21,6.2,6.19,6.18,6.17,6.16,6.15,6.14,6.24,6.25,6.26,6.27,6.28,6.29,6.3,6.31,6.32,6.33,15100,23000,18800,61300,24100,39900,28100,10600,7700,13700,4000,27400,19600,36500,9200,44700,42500,5500,5600,32100
262.0,6.23,1291800,7938433.0,6.23,6.22,6.21,6.2,6.19,6.18,6.17,6.16,6.15,6.14,6.24,6.25,6.26,6.27,6.28,6.29,6.3,6.31,6.32,6.33,20200,23800,18800,61300,24100,39900,28100,10600,7700,13700,4000,27400,19600,36500,9200,44700,42500,5500,5600,32100
263.0,6.23,1296400,7967091.0,6.23,6.22,6.21,6.2,6.19,6.18,6.17,6.16,6.15,6.14,6.24,6.25,6.26,6.27,6.28,6.29,6.3,6.31,6.32,6.33,15600,23800,18800,61300,24100,29900,28100,10600,7700,13700,4000,27400,19600,36500,9200,44700,42500,5500,5600,32100
264.0,6.23,1299400,7985781.0,6.23,6.22,6.21,6.2,6.19,6.18,6.17,6.16,6.15,6.14,6.24,6.25,6.26,6.27,6.28,6.29,6.3,6.31,6.32,6.33,14700,23800,18800,61300,24100,29900,28100,10600,7700,13700,9700,27400,19600,36500,13700,44700,43100,5500,5600,32100
265.0,6.24,1301900,8001381.0,6.23,6.22,6.21,6.2,6.19,6.18,6.17,6.16,6.15,6.14,6.24,6.25,6.26,6.27,6.28,6.29,6.3,6.31,6.32,6.33,14700,23800,18800,61300,24100,29900,28100,10600,7000,13700,10100,27400,19600,36500,13700,44700,43100,5500,5600,32100
266.0,6.24,1316800,8094343.0,6.23,6.22,6.21,6.2,6.19,6.18,6.17,6.16,6.15,6.14,6.24,6.25,6.26,6.27,6.28,6.29,6.3,6.31,6.32,6.33,14600,23800,18800,61300,24100,29900,28100,10600,7000,13700,17500,27400,19600,36500,13700,44700,43100,6000,5600,32100
267.0,6.24,1316800,8094343.0,6.23,6.22,6.21,6.2,6.19,6.18,6.17,6.16,6.15,6.14,6.24,6.25,6.26,6.27,6.28,6.29,6.3,6.31,6.32,6.33,14600,23800,18800,62300,24100,29900,28100,10600,7000,13700,17500,27400,19600,36500,13700,44700,43100,6000,5600,32100
268.0,6.23,1316900,8094966.0,6.23,6.22,6.21,6.2,6.19,6.18,6.17,6.16,6.15,6.14,6.24,6.25,6.26,6.27,6.28,6.29,6.3,6.31,6.32,6.33,16400,23800,18800,62300,24100,29900,28100,10600,7000,13700,21400,30400,19600,36000,13700,44700,43100,6000,5600,32100
269.0,6.23,1318100,8102442.0,6.23,6.22,6.21,6.2,6.19,6.18,6.17,6.16,6.15,6.14,6.24,6.25,6.26,6.27,6.28,6.29,6.3,6.31,6.32,6.33,15200,23800,18800,62300,24100,29900,28100,10600,7000,13700,24800,30400,19600,36000,13700,44700,43100,6000,5600,32100
270.0,6.23,1320900,8119886.0,6.23,6.22,6.21,6.2,6.19,6.18,6.17,6.16,6.15,6.14,6.24,6.25,6.26,6.27,6.28,6.29,6.3,6.31,6.32,6.33,13100,23800,18800,62300,24100,29900,28100,10600,7000,13700,35100,30400,19600,36000,13700,44700,43100,6000,5600,32100
271.0,6.24,1321500,8123630.0,6.23,6.22,6.21,6.2,6.19,6.18,6.17,6.16,6.15,6.14,6.24,6.25,6.26,6.27,6.28,6.29,6.3,6.31,6.32,6.33,9200,43800,18800,62300,23500,29900,28100,10600,7000,13700,34600,30400,19600,36000,13700,44700,43100,6000,5600,32100
272.0,6.23,1324100,8139844.0,6.23,6.22,6.21,6.2,6.19,6.18,6.17,6.16,6.15,6.14,6.24,6.25,6.26,6.27,6.28,6.29,6.3,6.31,6.32,6.33,10200,43800,18800,72200,23500,29900,28100,10600,7000,13700,43700,30400,19600,36000,14600,44700,43100,6000,5600,33700
273.0,6.24,1325600,8149194.0,6.23,6.22,6.21,6.2,6.19,6.18,6.17,6.16,6.15,6.14,6.24,6.25,6.26,6.27,6.28,6.29,6.3,6.31,6.32,6.33,9200,44800,18800,72200,23500,29900,28100,8000,7000,13700,44100,30400,19600,36000,14600,44700,43100,6000,5600,33700
274.0,6.23,1333200,8196542.0,6.23,6.22,6.21,6.2,6.19,6.18,6.17,6.16,6.15,6.14,6.24,6.25,6.26,6.27,6.28,6.29,6.3,6.31,6.32,6.33,1600,44800,18800,72200,23500,29900,28100,8000,7000,13700,45300,30400,19600,36000,14600,44800,43100,6000,5600,33700
275.0,6.23,1335400,8210248.0,6.22,6.21,6.2,6.19,6.18,6.17,6.16,6.15,6.14,6.13,6.23,6.24,6.25,6.26,6.27,6.28,6.29,6.3,6.31,6.32,44800,18800,72200,23500,29900,28100,8000,7000,13700,13300,2800,43000,30900,19600,36000,14600,44800,43100,6000,5600
276.0,6.23,1337300,8222069.0,6.22,6.21,6.2,6.19,6.18,6.17,6.16,6.15,6.14,6.13,6.23,6.24,6.25,6.26,6.27,6.28,6.29,6.3,6.31,6.32,43200,18800,72200,23500,29900,28100,8000,7000,13700,13300,3000,45000,31000,19600,36000,14600,44800,43100,6000,5600
277.0,6.23,1338800,8231414.0,6.22,6.21,6.2,6.19,6.18,6.17,6.16,6.15,6.14,6.13,6.23,6.24,6.25,6.26,6.27,6.28,6.29,6.3,6.31,6.32,43200,18800,72200,23500,29900,13300,8000,7000,13700,13300,1500,45000,31000,19600,36000,14600,44800,43100,6000,5600
278.0,6.23,1363600,8386028.0,6.23,6.22,6.21,6.2,6.19,6.18,6.17,6.16,6.15,6.14,6.24,6.25,6.26,6.27,6.28,6.29,6.3,6.31,6.32,6.33,4900,43200,18800,72200,23500,29900,13300,8000,12100,13700,37700,31000,19600,36000,14600,44800,43100,6000,5600,33700
279.0,6.23,1371300,8434056.0,6.23,6.22,6.21,6.2,6.19,6.18,6.17,6.16,6.15,6.14,6.24,6.25,6.26,6.27,6.28,6.29,6.3,6.31,6.32,6.33,2900,43200,18800,72200,23500,29900,13300,8000,12100,13700,33800,31000,19600,36000,14600,44800,43100,6000,5600,33700
280.0,6.23,1371500,8435302.0,6.23,6.22,6.21,6.2,6.19,6.18,6.17,6.16,6.15,6.14,6.24,6.25,6.26,6.27,6.28,6.29,6.3,6.31,6.32,6.33,2700,43200,18800,72300,23500,29900,13300,8000,12100,13700,48600,31000,17600,36000,14600,44800,43100,6000,5600,33700
281.0,6.24,1373900,8450268.0,6.23,6.22,6.21,6.2,6.19,6.18,6.17,6.16,6.15,6.14,6.24,6.25,6.26,6.27,6.28,6.29,6.3,6.31,6.32,6.33,2400,43200,18800,72300,23500,29900,13300,8000,12100,13700,47200,31000,17600,36000,14600,44800,43100,6000,5600,33700
282.0,6.23,1375300,8459000.0,6.23,6.22,6.21,6.2,6.19,6.18,6.17,6.16,6.15,6.14,6.24,6.25,6.26,6.27,6.28,6.29,6.3,6.31,6.32,6.33,11100,43200,18800,72300,23500,29900,13300,8000,12100,13700,46200,31000,17600,36000,14600,44800,43100,6000,5600,33700
283.0,6.23,1382000,8500744.0,6.23,6.22,6.21,6.2,6.19,6.18,6.17,6.16,6.15,6.14,6.24,6.25,6.26,6.27,6.28,6.29,6.3,6.31,6.32,6.33,4700,43200,18500,72300,23500,29900,13300,8000,12100,13700,49800,34000,17600,36000,14600,44800,43100,6000,6100,33700
284.0,6.24,1386500,8528823.0,6.23,6.22,6.21,6.2,6.19,6.18,6.17,6.16,6.15,6.14,6.24,6.25,6.26,6.27,6.28,6.29,6.3,6.31,6.32,6.33,4600,43200,22000,72300,23500,29900,13300,8000,12100,13700,55300,35000,17600,36000,14600,44800,43100,6000,6100,33700
285.0,6.23,1391700,8561219.0,6.22,6.21,6.2,6.19,6.18,6.17,6.16,6.15,6.14,6.13,6.23,6.24,6.25,6.26,6.27,6.28,6.29,6.3,6.31,6.32,43200,22000,72300,23500,29900,13300,8000,12100,13700,13300,14400,55500,35000,17600,36000,15600,44800,43100,6000,6100
286.0,6.23,1395600,8585516.0,6.22,6.21,6.2,6.19,6.18,6.17,6.16,6.15,6.14,6.13,6.23,6.24,6.25,6.26,6.27,6.28,6.29,6.3,6.31,6.32,43200,22000,72300,23500,29900,13300,8000,12100,13700,13300,11000,55500,35000,17600,36000,15600,44800,43100,6000,6100
287.0,6.23,1402600,8629110.0,6.22,6.21,6.2,6.19,6.18,6.17,6.16,6.15,6.14,6.13,6.23,6.24,6.25,6.26,6.27,6.28,6.29,6.3,6.31,6.32,41600,22000,72300,23500,29900,13300,8000,12100,13700,13300,5600,55500,35000,17600,36000,15600,44800,43100,6000,6100
288.0,6.23,1429200,8795022.0,6.23,6.22,6.21,6.2,6.19,6.18,6.17,6.16,6.15,6.14,6.24,6.25,6.26,6.27,6.28,6.29,6.3,6.31,6.32,6.33,5400,41600,22000,72300,23500,29900,13300,8000,12100,13700,36100,35000,17600,36000,15600,44800,43100,6000,6100,23700
289.0,6.23,1430800,8805000.0,6.23,6.22,6.21,6.2,6.19,6.18,6.17,6.16,6.15,6.14,6.24,6.25,6.26,6.27,6.28,6.29,6.3,6.31,6.32,6.33,4800,51700,22000,72300,23500,29900,13300,8000,12100,13700,28200,35000,18400,36000,15600,44800,43100,6000,6100,23700
290.0,6.22,1453500,8946368.0,6.23,6.22,6.21,6.2,6.19,6.18,6.17,6.16,6.15,6.14,6.24,6.25,6.26,6.27,6.28,6.29,6.3,6.31,6.32,6.33,200,46400,22000,72300,23500,29900,13300,8000,12100,9600,28200,35000,18400,36000,15600,44800,43100,6000,6100,23700
291.0,6.24,1471600,9059312.0,6.23,6.22,6.21,6.2,6.19,6.18,6.17,6.16,6.15,6.14,6.24,6.25,6.26,6.27,6.28,6.29,6.3,6.31,6.32,6.33,15800,42900,22000,72300,23500,29900,13300,8000,12100,9600,10100,35300,18400,36000,15700,44800,43100,6000,6100,23700
292.0,6.24,1473900,9073644.0,6.23,6.22,6.21,6.2,6.19,6.18,6.17,6.16,6.15,6.14,6.24,6.25,6.26,6.27,6.28,6.29,6.3,6.31,6.32,6.33,14300,42900,22000,72300,23500,29900,13300,8000,12100,9600,11000,35600,18400,25500,55900,44800,43100,6000,6100,23700
293.0,6.23,1475300,9082366.0,6.23,6.22,6.21,6.2,6.19,6.18,6.17,6.16,6.15,6.14,6.24,6.25,6.26,6.27,6.28,6.29,6.3,6.31,6.32,6.33,12900,42900,22000,72300,23500,29900,13300,8000,12100,9600,11400,40800,18400,25500,55900,44800,43100,6000,6100,23700
294.0,6.24,1478200,9100462.0,6.23,6.22,6.21,6.2,6.19,6.18,6.17,6.16,6.15,6.14,6.24,6.25,6.26,6.27,6.28,6.29,6.3,6.31,6.32,6.33,12900,23900,22000,72300,12100,29900,13300,8000,12100,9600,8500,52300,18400,25500,55900,44800,43100,6000,6100,23700
295.0,6.24,1478200,9100462.0,6.23,6.22,6.21,6.2,6.19,6.18,6.17,6.16,6.15,6.14,6.24,6.25,6.26,6.27,6.28,6.29,6.3,6.31,6.32,6.33,12900,23900,22000,72300,12100,29900,13300,8000,12100,9600,8900,52300,18400,25500,55900,44800,43100,6000,6100,23700
296.0,6.23,1479700,9109812.0,6.23,6.22,6.21,6.2,6.19,6.18,6.17,6.16,6.15,6.14,6.24,6.25,6.26,6.27,6.28,6.29,6.3,6.31,6.32,6.33,11900,23700,22000,72800,12100,29900,13300,8000,12100,9600,8700,56800,18400,25500,55900,44800,43100,6000,6100,23700
297.0,6.25,1548600,9540282.0,6.25,6.24,6.23,6.22,6.21,6.2,6.19,6.18,6.17,6.16,6.26,6.27,6.28,6.29,6.3,6.31,6.32,6.33,6.34,6.35,1600,13700,8500,23700,22000,71500,12100,29900,13300,8000,15200,25500,55900,44800,43100,6000,6100,23700,25600,14300
298.0,6.24,1554000,9573994.0,6.25,6.24,6.23,6.22,6.21,6.2,6.19,6.18,6.17,6.16,6.26,6.27,6.28,6.29,6.3,6.31,6.32,6.33,6.34,6.35,2500,10600,8500,23700,22000,71500,12100,28100,13300,8000,15200,25500,55900,42800,43100,6000,6100,23700,25600,14300
299.0,6.25,1567800,9660379.0,6.25,6.24,6.23,6.22,6.21,6.2,6.19,6.18,6.17,6.16,6.26,6.27,6.28,6.29,6.3,6.31,6.32,6.33,6.34,6.35,2600,10600,8500,23700,22000,71500,12100,28100,13300,8000,1700,25500,56800,42800,43100,6000,14900,23700,25600,14300
300.0,6.25,1570400,9676629.0,6.24,6.23,6.22,6.21,6.2,6.19,6.18,6.17,6.16,6.15,6.25,6.26,6.27,6.28,6.29,6.3,6.31,6.32,6.33,6.34,15600,8500,23700,22000,71500,12100,28100,13300,8000,12100,2100,17700,25500,56800,42800,43100,6000,14900,23700,25600
301.0,6.25,1571900,9686004.0,6.24,6.23,6.22,6.21,6.2,6.19,6.18,6.17,6.16,6.15,6.25,6.26,6.27,6.28,6.29,6.3,6.31,6.32,6.33,6.34,17300,8300,24200,22000,71500,12100,28100,13300,8000,12100,600,17900,25500,56800,42800,43100,6000,14900,23700,25600
302.0,6.24,1584800,9766746.0,6.24,6.23,6.22,6.21,6.2,6.19,6.18,6.17,6.16,6.15,6.26,6.27,6.28,6.29,6.3,6.31,6.32,6.33,6.34,6.35,17400,11300,24200,22000,71500,12100,28100,13300,8000,12100,6200,28800,56800,42800,43100,6000,16400,23700,25600,14300
303.0,6.24,1585200,9769242.0,6.24,6.23,6.22,6.21,6.2,6.19,6.18,6.17,6.16,6.15,6.25,6.26,6.27,6.28,6.29,6.3,6.31,6.32,6.33,6.34,19200,11300,24200,22000,71500,12100,17800,13300,8000,12100,5700,8400,28800,56800,42800,43100,6000,16400,23700,25600
304.0,6.25,1588800,9791723.0,6.24,6.23,6.22,6.21,6.2,6.19,6.18,6.17,6.16,6.15,6.25,6.26,6.27,6.28,6.29,6.3,6.31,6.32,6.33,6.34,17300,11300,24200,22000,71500,12100,17800,13300,8000,12100,39000,8400,28800,56800,42800,43100,6000,16400,23700,25600
305.0,6.25,1592100,9812348.0,6.24,6.23,6.22,6.21,6.2,6.19,6.18,6.17,6.16,6.15,6.25,6.26,6.27,6.28,6.29,6.3,6.31,6.32,6.33,6.34,17600,11300,24200,22000,11500,12100,17800,13300,8000,12100,35700,8400,28800,56800,42800,42100,6000,16400,23700,25600
306.0,6.25,1593100,9818598.0,6.24,6.23,6.22,6.21,6.2,6.19,6.18,6.17,6.16,6.15,6.25,6.26,6.27,6.28,6.29,6.3,6.31,6.32,6.33,6.34,23900,11300,24200,22000,11500,9100,17800,13300,8000,12100,34700,8400,28800,56800,42800,42100,6000,16400,23700,25600
307.0,6.25,1620600,9990457.0,6.24,6.23,6.22,6.21,6.2,6.19,6.18,6.17,6.16,6.15,6.25,6.26,6.27,6.28,6.29,6.3,6.31,6.32,6.33,6.34,16500,11300,24200,22000,11500,9100,17800,13300,8000,12100,8800,8400,28800,56800,42800,42100,6000,16400,23700,25600
308.0,6.25,1621300,9994832.0,6.24,6.23,6.22,6.21,6.2,6.19,6.18,6.17,6.16,6.15,6.25,6.26,6.27,6.28,6.29,6.3,6.31,6.32,6.33,6.34,16500,11300,24200,22000,11500,9100,17800,13300,8000,12100,11200,18900,29200,56800,42800,42100,6000,16400,23700,25600
309.0,6.25,1628600,10040425.0,6.24,6.23,6.22,6.21,6.2,6.19,6.18,6.17,6.16,6.15,6.25,6.26,6.27,6.28,6.29,6.3,6.31,6.32,6.33,6.34,17500,11300,24200,22000,11500,9100,17800,13300,8000,12100,13900,18900,29200,56800,58800,42100,6000,16400,23700,25600
310.0,6.25,1636000,10086659.0,6.24,6.23,6.22,6.21,6.2,6.19,6.18,6.17,6.16,6.15,6.25,6.26,6.27,6.28,6.29,6.3,6.31,6.32,6.33,6.34,15900,11300,24200,22000,11500,9100,17800,13300,8000,12100,12300,20000,29200,56800,59800,42100,6000,16400,23700,25600
311.0,6.25,1638800,10104158.0,6.24,6.23,6.22,6.21,6.2,6.19,6.18,6.17,6.16,6.15,6.25,6.26,6.27,6.28,6.29,6.3,6.31,6.32,6.33,6.34,15500,11300,24200,22000,11500,9100,17800,13300,8000,12100,11100,22200,28400,57800,60500,42100,6000,18400,23700,25600
312.0,6.25,1638800,10104158.0,6.24,6.23,6.22,6.21,6.2,6.19,6.18,6.17,6.16,6.15,6.25,6.26,6.27,6.28,6.29,6.3,6.31,6.32,6.33,6.34,15500,11300,24200,22000,11500,9100,17800,13300,8000,12100,12200,22500,28400,57800,60500,42100,6000,18400,23700,25600
313.0,6.25,1651300,10182283.0,6.25,6.24,6.23,6.22,6.21,6.2,6.19,6.18,6.17,6.16,6.26,6.27,6.28,6.29,6.3,6.31,6.32,6.33,6.34,6.35,7500,25700,11300,24200,22000,11500,9100,17800,13300,8000,25300,28400,57300,60500,43700,6000,18400,23700,25600,14300
314.0,6.25,1656100,10212285.0,6.25,6.24,6.23,6.22,6.21,6.2,6.19,6.18,6.17,6.16,6.26,6.27,6.28,6.29,6.3,6.31,6.32,6.33,6.34,6.35,3200,25700,11300,24200,22000,11500,9100,17800,13300,8000,23000,28900,57500,60500,43700,6000,18400,23700,25600,14300
315.0,6.25,1667100,10281035.0,6.25,6.24,6.23,6.22,6.21,6.2,6.19,6.18,6.17,6.16,6.26,6.27,6.28,6.29,6.3,6.31,6.32,6.33,6.34,6.35,2100,25700,11300,24200,22000,12000,9100,16900,13300,8000,23000,26900,57500,60500,44200,6000,18400,23700,25600,14300
316.0,6.26,1668600,10290420.0,6.25,6.24,6.23,6.22,6.21,6.2,6.19,6.18,6.17,6.16,6.26,6.27,6.28,6.29,6.3,6.31,6.32,6.33,6.34,6.35,1600,26000,11300,24200,22000,12000,9100,16900,13300,8000,22000,26900,57500,60500,44200,6000,18400,23700,25600,14300
317.0,6.26,1672200,10312955.0,6.25,6.24,6.23,6.22,6.21,6.2,6.19,6.18,6.17,6.16,6.26,6.27,6.28,6.29,6.3,6.31,6.32,6.33,6.34,6.35,2900,26000,11300,24200,22000,12000,9100,16900,13300,8000,24100,26900,57500,60500,44200,6000,18400,23700,25600,14300
318.0,6.26,1672200,10312955.0,6.25,6.24,6.23,6.22,6.21,6.2,6.19,6.18,6.17,6.16,6.26,6.27,6.28,6.29,6.3,6.31,6.32,6.33,6.34,6.35,2900,26000,11300,24200,22000,12000,9100,16900,13300,8000,26100,27900,57500,60500,44200,6000,18400,23700,25600,14300
319.0,6.26,1672200,10312955.0,6.25,6.24,6.23,6.22,6.21,6.2,6.19,6.18,6.17,6.16,6.26,6.27,6.28,6.29,6.3,6.31,6.32,6.33,6.34,6.35,2900,26000,11300,24200,22000,12000,9100,16900,13300,8000,28300,27900,57300,60500,44200,6000,18400,23700,25600,14300
320.0,6.25,1675400,10332977.0,6.25,6.24,6.23,6.22,6.21,6.2,6.19,6.18,6.17,6.16,6.26,6.27,6.28,6.29,6.3,6.31,6.32,6.33,6.34,6.35,9700,26000,11300,24200,22000,12000,9100,16900,13300,8000,26100,27900,57300,60500,45200,6000,18400,23700,25600,14300
321.0,6.26,1681300,10369902.0,6.25,6.24,6.23,6.22,6.21,6.2,6.19,6.18,6.17,6.16,6.26,6.27,6.28,6.29,6.3,6.31,6.32,6.33,6.34,6.35,8800,26000,11400,24200,22000,12000,9100,16900,13300,8000,30900,27900,57300,60500,45200,6000,18400,23700,25600,14300
322.0,6.26,1698200,10475696.0,6.25,6.24,6.23,6.22,6.21,6.2,6.19,6.18,6.17,6.16,6.26,6.27,6.28,6.29,6.3,6.31,6.32,6.33,6.34,6.35,16300,19700,11400,24200,22000,12000,9100,16900,13300,8000,14000,27900,57300,60500,45200,6000,18400,23700,25600,14300
323.0,6.27,1720700,10616631.0,6.26,6.25,6.24,6.23,6.22,6.21,6.2,6.19,6.18,6.17,6.27,6.28,6.29,6.3,6.31,6.32,6.33,6.34,6.35,6.36,3200,13300,19700,11400,24200,22000,12000,9100,16900,9900,38400,57300,60500,45200,6000,18400,23700,25600,16300,25400
324.0,6.27,1836900,11345891.0,6.27,6.26,6.25,6.24,6.23,6.22,6.21,6.2,6.19,6.18,6.29,6.3,6.31,6.32,6.33,6.34,6.35,6.36,6.37,6.38,19600,3000,13300,19700,11400,24200,22000,12000,9100,16900,54700,45200,6000,18400,23700,25600,16300,25400,4000,21400
325.0,6.27,1837000,11346518.0,6.27,6.26,6.25,6.24,6.23,6.22,6.21,6.2,6.19,6.18,6.29,6.3,6.31,6.32,6.33,6.34,6.35,6.36,6.37,6.38,22400,4000,13300,21700,11400,24200,22000,12000,9100,16900,57600,45200,6000,18400,23700,25600,16300,25400,4000,21400
326.0,6.27,1838100,11353415.0,6.27,6.26,6.25,6.24,6.23,6.22,6.21,6.2,6.19,6.18,6.28,6.29,6.3,6.31,6.32,6.33,6.34,6.35,6.36,6.37,32100,6400,13300,21100,11400,24200,22000,12000,9100,18900,100,64700,45200,6000,18400,23700,25600,16300,25400,4000
327.0,6.27,1840700,11369722.0,6.27,6.26,6.25,6.24,6.23,6.22,6.21,6.2,6.19,6.18,6.28,6.29,6.3,6.31,6.32,6.33,6.34,6.35,6.36,6.37,30000,6400,13300,21100,11400,24200,22000,12000,9100,18900,100,64700,45200,6000,18400,23700,25600,16300,25400,4000
328.0,6.28,1841800,11376630.0,6.28,6.27,6.26,6.25,6.24,6.23,6.22,6.21,6.2,6.19,6.29,6.3,6.31,6.32,6.33,6.34,6.35,6.36,6.37,6.38,1600,30000,6400,13300,21100,11400,24200,22000,12000,9100,74900,45200,6000,18400,23700,25600,16300,25400,4000,21400
329.0,6.29,1841900,11377259.0,6.28,6.27,6.26,6.25,6.24,6.23,6.22,6.21,6.2,6.19,6.29,6.3,6.31,6.32,6.33,6.34,6.35,6.36,6.37,6.38,3400,33700,6400,16000,31100,11400,24200,18900,12000,9100,88200,49900,6000,18400,23700,25600,16300,25400,4000,21400
330.0,6.29,1844100,11391079.0,6.28,6.27,6.26,6.25,6.24,6.23,6.22,6.21,6.2,6.19,6.29,6.3,6.31,6.32,6.33,6.34,6.35,6.36,6.37,6.38,1600,33700,8400,15800,31100,11400,24200,18900,12000,9100,87800,49900,6000,18400,23700,25600,16300,25400,4000,21400
331.0,6.29,1846300,11404917.0,6.28,6.27,6.26,6.25,6.24,6.23,6.22,6.21,6.2,6.19,6.29,6.3,6.31,6.32,6.33,6.34,6.35,6.36,6.37,6.38,1600,33700,8400,15800,31100,11400,24200,18900,12000,9100,85600,49900,6000,18400,23700,25600,18900,25400,4000,21400
332.0,6.27,1854500,11456388.0,6.27,6.26,6.25,6.24,6.23,6.22,6.21,6.2,6.19,6.18,6.28,6.29,6.3,6.31,6.32,6.33,6.34,6.35,6.36,6.37,29700,8400,16900,31400,11400,24200,18900,12000,9100,18900,13000,86100,49900,6000,18400,23700,25600,18900,25400,4000
333.0,6.27,1854500,11456388.0,6.27,6.26,6.25,6.24,6.23,6.22,6.21,6.2,6.19,6.18,6.28,6.29,6.3,6.31,6.32,6.33,6.34,6.35,6.36,6.37,29700,8400,16900,31400,11400,24200,18900,12000,9100,18900,13000,75900,47900,6000,18400,23700,25600,18900,25400,4000
334.0,6.28,1856700,11470189.0,6.27,6.26,6.25,6.24,6.23,6.22,6.21,6.2,6.19,6.18,6.28,6.29,6.3,6.31,6.32,6.33,6.34,6.35,6.36,6.37,27600,8400,9900,31400,11400,24200,18900,12000,9100,18900,18000,70000,47900,6000,18400,23700,25600,18900,25400,4000
335.0,6.27,1859700,11488999.0,6.27,6.26,6.25,6.24,6.23,6.22,6.21,6.2,6.19,6.18,6.28,6.29,6.3,6.31,6.32,6.33,6.34,6.35,6.36,6.37,24800,8400,9900,31400,11400,24200,18900,12000,9100,18900,27600,79300,47900,6000,18400,23700,25600,19500,25400,4000
336.0,6.27,1860100,11491507.0,6.27,6.26,6.25,6.24,6.23,6.22,6.21,6.2,6.19,6.18,6.28,6.29,6.3,6.31,6.32,6.33,6.34,6.35,6.36,6.37,24400,8300,9900,31400,11400,24200,18900,12000,9100,18900,27600,82300,47900,8000,18400,23700,25600,19500,27400,4000
337.0,6.27,1861600,11500912.0,6.27,6.26,6.25,6.24,6.23,6.22,6.21,6.2,6.19,6.18,6.28,6.29,6.3,6.31,6.32,6.33,6.34,6.35,6.36,6.37,22900,8300,9900,31400,11400,24200,18900,12000,9200,9200,27600,83900,47900,8000,18400,23700,25600,19500,27400,4000
338.0,6.27,1861600,11500912.0,6.27,6.26,6.25,6.24,6.23,6.22,6.21,6.2,6.19,6.18,6.28,6.29,6.3,6.31,6.32,6.33,6.34,6.35,6.36,6.37,23200,8300,9900,31400,11400,24200,18900,12000,9300,9200,31300,87300,47900,8000,18400,23700,25600,19500,27400,4000
339.0,6.28,1869000,11547384.0,6.27,6.26,6.25,6.24,6.23,6.22,6.21,6.2,6.19,6.18,6.28,6.29,6.3,6.31,6.32,6.33,6.34,6.35,6.36,6.37,23200,8300,9900,31400,11400,24200,18900,12000,9300,9200,26900,90400,47900,8000,18400,23700,25600,19500,27400,4000
340.0,6.27,1875500,11588139.0,6.27,6.26,6.25,6.24,6.23,6.22,6.21,6.2,6.19,6.18,6.28,6.29,6.3,6.31,6.32,6.33,6.34,6.35,6.36,6.37,16700,8300,9900,31400,11400,24200,18900,12000,9100,9200,35300,90400,51600,8000,18400,23700,25600,19500,27400,4000
341.0,6.27,1880200,11617608.0,6.27,6.26,6.25,6.24,6.23,6.22,6.21,6.2,6.19,6.18,6.28,6.29,6.3,6.31,6.32,6.33,6.34,6.35,6.36,6.37,12000,8300,9900,30600,11400,24200,18900,12000,9100,9200,40900,91000,51600,8000,18400,23700,25600,20000,27400,4000
342.0,6.27,1884000,11641434.0,6.27,6.26,6.25,6.24,6.23,6.22,6.21,6.2,6.19,6.18,6.28,6.29,6.3,6.31,6.32,6.33,6.34,6.35,6.36,6.37,13200,8300,10200,30600,11400,24200,18900,12000,9100,9200,40900,92000,52600,8000,18400,24700,25600,20000,27400,4000
343.0,6.28,1888300,11668425.0,6.27,6.26,6.25,6.24,6.23,6.22,6.21,6.2,6.19,6.18,6.28,6.29,6.3,6.31,6.32,6.33,6.34,6.35,6.36,6.37,11900,8300,10700,30600,11400,24200,18900,12000,9100,9200,31000,87500,52600,8000,18400,24700,25600,20000,27400,4000
344.0,6.27,1901000,11748054.0,6.26,6.25,6.24,6.23,6.22,6.21,6.2,6.19,6.18,6.17,6.27,6.28,6.29,6.3,6.31,6.32,6.33,6.34,6.35,6.36,5400,10700,30600,11400,24200,18900,12000,9100,9200,9900,2800,22600,78200,52600,8000,18400,24700,25600,20000,27400
345.0,6.26,1901200,11749306.0,6.26,6.25,6.24,6.23,6.22,6.21,6.2,6.19,6.18,6.17,6.27,6.28,6.29,6.3,6.31,6.32,6.33,6.34,6.35,6.36,5200,10700,30600,11400,24200,18900,12000,9100,9200,9900,13900,30800,78200,52600,8000,18400,24700,25600,20000,27400
346.0,6.27,1902200,11755571.0,6.26,6.25,6.24,6.23,6.22,6.21,6.2,6.19,6.18,6.17,6.27,6.28,6.29,6.3,6.31,6.32,6.33,6.34,6.35,6.36,4700,9600,30600,11400,24200,18900,12000,9100,9200,9900,13400,31000,82300,52600,8000,18400,24700,25600,20000,27400
347.0,6.27,1904000,11766853.0,6.26,6.25,6.24,6.23,6.22,6.21,6.2,6.19,6.18,6.17,6.27,6.28,6.29,6.3,6.31,6.32,6.33,6.34,6.35,6.36,5600,9600,30600,11300,24200,18900,12000,9100,9200,9800,12300,31500,84800,53600,8000,18400,24700,26800,20000,27400
348.0,6.27,1905600,11776885.0,6.26,6.25,6.24,6.23,6.22,6.21,6.2,6.19,6.18,6.17,6.27,6.28,6.29,6.3,6.31,6.32,6.33,6.34,6.35,6.36,6000,9600,30600,11300,24200,18900,12000,9100,9200,9800,10700,35000,85500,53600,8000,18400,24700,26800,20000,27400
349.0,6.27,1906800,11784403.0,6.26,6.25,6.24,6.23,6.22,6.21,6.2,6.19,6.18,6.17,6.27,6.28,6.29,6.3,6.31,6.32,6.33,6.34,6.35,6.36,5400,9600,30600,11300,24200,18900,12000,9100,9200,9800,10100,35000,85500,53600,8000,18400,25700,26800,20000,27400
350.0,6.27,1906800,11784403.0,6.26,6.25,6.24,6.23,6.22,6.21,6.2,6.19,6.18,6.17,6.27,6.28,6.29,6.3,6.31,6.32,6.33,6.34,6.35,6.36,6400,9600,35300,11300,24200,18900,12000,9100,9200,9800,17600,35000,85500,53600,8000,18600,25700,26800,20000,27400
351.0,6.27,1907900,11791300.0,6.26,6.25,6.24,6.23,6.22,6.21,6.2,6.19,6.18,6.17,6.27,6.28,6.29,6.3,6.31,6.32,6.33,6.34,6.35,6.36,6400,9600,35300,11300,24200,18900,12000,9100,9200,9800,46500,35500,83500,53600,8000,18600,25700,28800,22000,27400
352.0,6.26,1910500,11807576.0,6.26,6.25,6.24,6.23,6.22,6.21,6.2,6.19,6.18,6.17,6.27,6.28,6.29,6.3,6.31,6.32,6.33,6.34,6.35,6.36,3800,8400,35300,11300,24200,18900,12000,9100,9200,9800,46500,38000,82900,53600,8000,18600,25700,28800,22000,27400
353.0,6.28,2014200,12458504.0,6.28,6.27,6.26,6.25,6.24,6.23,6.22,6.21,6.2,6.19,6.29,6.3,6.31,6.32,6.33,6.34,6.35,6.36,6.37,6.38,2100,46600,4200,8400,35300,11300,24200,18900,12000,9100,66800,53600,8000,18600,26700,28800,22000,27400,4000,21400
354.0,6.28,2016300,12471692.0,6.27,6.26,6.25,6.24,6.23,6.22,6.21,6.2,6.19,6.18,6.28,6.29,6.3,6.31,6.32,6.33,6.34,6.35,6.36,6.37,46700,4200,8400,35300,11300,24200,18900,12000,9100,9200,100,67300,54100,8000,18600,26700,28800,22000,27400,5000
355.0,6.29,2041600,12630454.0,6.28,6.27,6.26,6.25,6.24,6.23,6.22,6.21,6.2,6.19,6.29,6.3,6.31,6.32,6.33,6.34,6.35,6.36,6.37,6.38,400,33000,4400,8400,35300,11300,24200,18900,12000,9100,64200,55100,8000,18600,26700,28800,22000,27400,5000,27400
356.0,6.28,2042400,12635479.0,6.27,6.26,6.25,6.24,6.23,6.22,6.21,6.2,6.19,6.18,6.28,6.29,6.3,6.31,6.32,6.33,6.34,6.35,6.36,6.37,33000,4400,7900,35300,11300,24200,18900,12000,9100,9200,2900,63600,55100,8000,20100,26700,28800,22000,27400,5000
357.0,6.28,2042400,12635479.0,6.27,6.26,6.25,6.24,6.23,6.22,6.21,6.2,6.19,6.18,6.28,6.29,6.3,6.31,6.32,6.33,6.34,6.35,6.36,6.37,33000,4400,7900,35300,11300,24200,18900,12000,9100,9200,2900,63600,55100,8000,20100,27000,28800,22000,27400,5000
358.0,6.3,2151300,13320735.0,6.29,6.28,6.27,6.26,6.25,6.24,6.23,6.22,6.21,6.2,6.3,6.31,6.32,6.33,6.34,6.35,6.36,6.37,6.38,6.39,6500,5000,21200,4400,7900,35300,11300,24200,18900,12000,21500,8000,20100,37300,28800,22000,27400,5000,27400,37000
359.0,6.28,2162100,13388624.0,6.28,6.27,6.26,6.25,6.24,6.23,6.22,6.21,6.2,6.19,6.3,6.31,6.32,6.33,6.34,6.35,6.36,6.37,6.38,6.39,11300,21700,4400,7900,35300,11300,14100,18900,12000,9100,21500,8000,25100,37300,28800,22000,27400,5000,27400,37000
360.0,6.28,2173800,13462100.0,6.28,6.27,6.26,6.25,6.24,6.23,6.22,6.21,6.2,6.19,6.3,6.31,6.32,6.33,6.34,6.35,6.36,6.37,6.38,6.39,25300,24600,4400,7900,35300,11300,14100,18900,12000,9100,33800,8000,25100,37300,28800,22000,27400,5000,27400,37000
361.0,6.29,2173900,13462729.0,6.29,6.28,6.27,6.26,6.25,6.24,6.23,6.22,6.21,6.2,6.3,6.31,6.32,6.33,6.34,6.35,6.36,6.37,6.38,6.39,1600,25300,28500,4400,7900,33600,11300,64100,18900,12000,34500,8000,25100,37300,28800,22000,27400,5000,27400,37000
362.0,6.29,2183200,13521181.0,6.29,6.28,6.27,6.26,6.25,6.24,6.23,6.22,6.21,6.2,6.3,6.31,6.32,6.33,6.34,6.35,6.36,6.37,6.38,6.39,2900,26500,28500,5400,7900,33600,11300,64100,18900,12000,34500,8000,25100,37300,28800,21900,27400,5000,27400,37000
363.0,6.3,2190700,13568431.0,6.29,6.28,6.27,6.26,6.25,6.24,6.23,6.22,6.21,6.2,6.3,6.31,6.32,6.33,6.34,6.35,6.36,6.37,6.38,6.39,3400,27600,28500,5400,7900,33600,11300,64100,18900,12000,27000,8000,25100,37300,28800,21900,27400,5000,27400,37000
364.0,6.29,2275900,14104519.0,6.29,6.28,6.27,6.26,6.25,6.24,6.23,6.22,6.21,6.2,6.3,6.31,6.32,6.33,6.34,6.35,6.36,6.37,6.38,6.39,12400,83800,28700,5400,7900,33600,11300,64100,18900,12000,7300,11900,25100,37300,28800,21900,27400,5000,27400,37000
365.0,6.32,2334900,14476774.0,6.3,6.29,6.28,6.27,6.26,6.25,6.24,6.23,6.22,6.21,6.32,6.33,6.34,6.35,6.36,6.37,6.38,6.39,6.4,6.41,15500,25100,80900,29200,5200,7900,33600,11300,64100,18900,17700,37300,28800,21900,27400,5000,27400,37000,81600,700
366.0,6.32,2424400,15042280.0,6.32,6.31,6.3,6.29,6.28,6.27,6.26,6.25,6.24,6.23,6.33,6.34,6.35,6.36,6.37,6.38,6.39,6.4,6.41,6.42,20500,16600,9100,27900,75500,28900,5200,7900,33600,10800,37000,28800,21900,27400,5000,150900,157200,81600,700,18500
367.0,6.31,2448500,15194567.0,6.31,6.3,6.29,6.28,6.27,6.26,6.25,6.24,6.23,6.22,6.32,6.33,6.34,6.35,6.36,6.37,6.38,6.39,6.4,6.41,21000,9100,27900,75500,28900,5200,7900,33600,10800,63300,55600,40400,28800,23200,27400,5000,150900,157200,81600,700
368.0,6.31,2469900,15329679.0,6.31,6.3,6.29,6.28,6.27,6.26,6.25,6.24,6.23,6.22,6.32,6.33,6.34,6.35,6.36,6.37,6.38,6.39,6.4,6.41,7700,9100,28100,76400,28900,4900,7900,33600,10800,63300,47800,39500,28800,23200,27400,5000,150900,157200,81600,700
369.0,6.31,2478700,15385218.0,6.3,6.29,6.28,6.27,6.26,6.25,6.24,6.23,6.22,6.21,6.31,6.32,6.33,6.34,6.35,6.36,6.37,6.38,6.39,6.4,11100,28100,76400,28900,4900,7900,33600,10600,63300,18900,1400,76500,26400,28800,23700,27400,5000,151900,157200,81600
370.0,6.31,2480000,15393420.0,6.3,6.29,6.28,6.27,6.26,6.25,6.24,6.23,6.22,6.21,6.31,6.32,6.33,6.34,6.35,6.36,6.37,6.38,6.39,6.4,35700,28100,76400,28900,4900,7900,33600,10600,63300,18900,200,76500,16100,28800,23700,27400,5000,151900,157200,81600
371.0,6.3,2482300,15407924.0,6.3,6.29,6.28,6.27,6.26,6.25,6.24,6.23,6.22,6.21,6.32,6.33,6.34,6.35,6.36,6.37,6.38,6.39,6.4,6.41,10600,28500,77200,28900,4900,7900,33600,10600,63300,18900,76100,16100,28800,23700,27400,5000,151900,157200,81600,700
372.0,6.3,2483800,15417374.0,6.3,6.29,6.28,6.27,6.26,6.25,6.24,6.23,6.22,6.21,6.31,6.32,6.33,6.34,6.35,6.36,6.37,6.38,6.39,6.4,17200,28500,76400,28900,4900,8100,33600,10600,63300,18900,200,80700,16100,28800,23700,27400,5000,151300,157200,81600
373.0,6.31,2484300,15420529.0,6.3,6.29,6.28,6.27,6.26,6.25,6.24,6.23,6.22,6.21,6.31,6.32,6.33,6.34,6.35,6.36,6.37,6.38,6.39,6.4,17200,32600,76400,28900,4900,8100,33600,10600,63300,18900,5800,79800,16100,28800,23700,27400,5000,151300,157200,81600
374.0,6.3,2489200,15451410.0,6.3,6.29,6.28,6.27,6.26,6.25,6.24,6.23,6.22,6.21,6.31,6.32,6.33,6.34,6.35,6.36,6.37,6.38,6.39,6.4,12600,32600,76400,28900,4900,8100,33600,10600,63300,18900,7400,50800,16100,28800,23700,27400,5000,151300,157200,79600
375.0,6.3,2496700,15498674.0,6.3,6.29,6.28,6.27,6.26,6.25,6.24,6.23,6.22,6.21,6.31,6.32,6.33,6.34,6.35,6.36,6.37,6.38,6.39,6.4,26500,7900,76400,28900,4900,8100,33600,10600,63300,18900,41900,51300,16100,28800,23700,27400,5000,151300,157200,79600
376.0,6.3,2521400,15654284.0,6.3,6.29,6.28,6.27,6.26,6.25,6.24,6.23,6.22,6.21,6.31,6.32,6.33,6.34,6.35,6.36,6.37,6.38,6.39,6.4,2800,7500,75600,28900,4900,8100,33600,10600,63300,18900,42800,52300,16100,28800,23700,27400,5000,151300,157200,79600
377.0,6.29,2525200,15678230.0,6.29,6.28,6.27,6.26,6.25,6.24,6.23,6.22,6.21,6.2,6.3,6.31,6.32,6.33,6.34,6.35,6.36,6.37,6.38,6.39,7300,75600,28900,4900,8100,33600,10600,63300,18900,12800,600,39400,52800,16100,28800,23700,27400,5000,151300,157200
378.0,6.29,2526600,15687036.0,6.29,6.28,6.27,6.26,6.25,6.24,6.23,6.22,6.21,6.2,6.3,6.31,6.32,6.33,6.34,6.35,6.36,6.37,6.38,6.39,5900,75600,28900,4900,8100,33600,10600,63300,18900,12800,600,39400,60900,16100,28800,23700,27400,5000,151300,157200
379.0,6.29,2539600,15768877.0,6.28,6.27,6.26,6.25,6.24,6.23,6.22,6.21,6.2,6.19,6.29,6.3,6.31,6.32,6.33,6.34,6.35,6.36,6.37,6.38,75500,28900,4900,8100,33600,10600,63300,18900,12800,6100,24400,37400,90300,60900,28000,28800,38400,27400,5000,151300
380.0,6.29,2573900,15984299.0,6.28,6.27,6.26,6.25,6.24,6.23,6.22,6.21,6.2,6.19,6.29,6.3,6.31,6.32,6.33,6.34,6.35,6.36,6.37,6.38,4900,28800,4900,8100,33600,10600,63300,18900,12800,6100,43800,40600,89500,64400,30000,28800,38400,27400,5000,151300
381.0,6.28,2574500,15988069.0,6.28,6.27,6.26,6.25,6.24,6.23,6.22,6.21,6.2,6.19,6.29,6.3,6.31,6.32,6.33,6.34,6.35,6.36,6.37,6.38,4500,28800,4900,8100,33600,10600,63300,18900,12800,6100,43600,41900,90000,68300,30000,28800,38400,27400,5000,151300
382.0,6.28,2574500,15988069.0,6.28,6.27,6.26,6.25,6.24,6.23,6.22,6.21,6.2,6.19,6.29,6.3,6.31,6.32,6.33,6.34,6.35,6.36,6.37,6.38,4500,28800,4900,8100,33600,10600,63300,18900,12800,6100,41800,55600,91500,68300,30000,28800,38400,27400,5000,151300
383.0,6.28,2613300,16231452.0,6.27,6.26,6.25,6.24,6.23,6.22,6.21,6.2,6.19,6.18,6.28,6.29,6.3,6.31,6.32,6.33,6.34,6.35,6.36,6.37,1900,15000,8100,33600,10700,63300,18900,12800,6100,9200,2000,12900,18100,91500,68300,30000,28800,38400,27400,5000
384.0,6.27,2621700,16284120.0,6.26,6.25,6.24,6.23,6.22,6.21,6.2,6.19,6.18,6.17,6.28,6.29,6.3,6.31,6.32,6.33,6.34,6.35,6.36,6.37,15000,8100,33600,17100,63300,18900,12800,6100,9200,9800,9900,12900,22200,55600,68300,31200,28800,38400,30400,5000
385.0,6.28,2684900,16681016.0,6.26,6.25,6.24,6.23,6.22,6.21,6.2,6.19,6.18,6.17,6.27,6.28,6.29,6.3,6.31,6.32,6.33,6.34,6.35,6.36,31700,8100,33600,17100,63300,18900,12800,6100,9200,9800,9300,34000,12900,21700,55600,68300,31200,28800,38400,30400
386.0,6.27,2688400,16702946.0,6.26,6.25,6.24,6.23,6.22,6.21,6.2,6.19,6.18,6.17,6.27,6.28,6.29,6.3,6.31,6.32,6.33,6.34,6.35,6.36,30200,8600,33600,17100,63300,18900,12800,6100,9200,9800,7800,37400,12900,22300,55600,68300,31200,28800,40600,30400
387.0,6.27,2689900,16712351.0,6.26,6.25,6.24,6.23,6.22,6.21,6.2,6.19,6.18,6.17,6.27,6.28,6.29,6.3,6.31,6.32,6.33,6.34,6.35,6.36,33200,8600,33600,17100,63300,18900,12800,6100,9200,9800,7400,39900,12900,22600,55600,85100,31200,28800,40600,30900
388.0,6.27,2689900,16712351.0,6.26,6.25,6.24,6.23,6.22,6.21,6.2,6.19,6.18,6.17,6.27,6.28,6.29,6.3,6.31,6.32,6.33,6.34,6.35,6.36,33200,8600,33600,17100,63300,18900,12800,6100,9200,9800,7900,42100,12900,22800,55600,85100,31200,28800,40600,30900
389.0,6.26,2704700,16805021.0,6.26,6.25,6.24,6.23,6.22,6.21,6.2,6.19,6.18,6.17,6.27,6.28,6.29,6.3,6.31,6.32,6.33,6.34,6.35,6.36,20600,8600,33600,17100,63300,18900,13200,6100,9200,9800,28400,45100,10300,21700,55600,85100,31200,28800,42000,30900
390.0,6.26,2709300,16833817.0,6.26,6.25,6.24,6.23,6.22,6.21,6.2,6.19,6.18,6.17,6.27,6.28,6.29,6.3,6.31,6.32,6.33,6.34,6.35,6.36,28100,8600,33600,17100,63300,18900,13200,6100,9200,9800,28400,44000,10300,21700,56100,87100,31200,28800,42000,30900
391.0,6.26,2709300,16833817.0,6.26,6.25,6.24,6.23,6.22,6.21,6.2,6.19,6.18,6.17,6.27,6.28,6.29,6.3,6.31,6.32,6.33,6.34,6.35,6.36,28100,8600,33600,17100,63300,18900,13200,6100,9200,9800,28600,42200,11700,21100,56100,89100,31200,28800,42000,30900
392.0,6.26,2714800,16868252.0,6.26,6.25,6.24,6.23,6.22,6.21,6.2,6.19,6.18,6.17,6.27,6.28,6.29,6.3,6.31,6.32,6.33,6.34,6.35,6.36,23100,8600,33600,17100,63300,18900,13200,6100,9200,9800,28100,43600,8500,20900,56100,89100,31200,28800,42000,30900
393.0,6.26,2716300,16877642.0,6.26,6.25,6.24,6.23,6.22,6.21,6.2,6.19,6.18,6.17,6.27,6.28,6.29,6.3,6.31,6.32,6.33,6.34,6.35,6.36,21600,8600,33600,17100,63300,18900,22300,6100,9200,9800,28100,42300,8500,20600,57200,89100,31200,28800,42000,30900
394.0,6.26,2718900,16893918.0,6.26,6.25,6.24,6.23,6.22,6.21,6.2,6.19,6.18,6.17,6.27,6.28,6.29,6.3,6.31,6.32,6.33,6.34,6.35,6.36,19000,8600,33600,17100,63300,18900,22300,6100,9200,9800,43600,40000,8500,20600,57200,89100,33100,28800,43700,30900
395.0,6.27,2723900,16925264.0,6.26,6.25,6.24,6.23,6.22,6.21,6.2,6.19,6.18,6.17,6.27,6.28,6.29,6.3,6.31,6.32,6.33,6.34,6.35,6.36,18600,8600,33600,17100,63300,18900,22300,6100,9200,9800,39100,40100,33500,21100,57200,90100,33100,28800,45100,30900
396.0,6.26,2743600,17048609.0,6.26,6.25,6.24,6.23,6.22,6.21,6.2,6.19,6.18,6.17,6.27,6.28,6.29,6.3,6.31,6.32,6.33,6.34,6.35,6.36,1200,8600,33600,17100,63300,18900,22300,6100,9200,9800,36800,37300,34500,21100,57200,90300,33100,28800,45100,30900
397.0,6.26,2745100,17057999.0,6.25,6.24,6.23,6.22,6.21,6.2,6.19,6.18,6.17,6.16,6.26,6.27,6.28,6.29,6.3,6.31,6.32,6.33,6.34,6.35,8600,33600,17100,63300,18900,22300,6100,9200,9800,8000,1400,36800,35300,34500,21100,57200,90300,33100,28800,45100
398.0,6.27,2804200,17428384.0,6.25,6.24,6.23,6.22,6.21,6.2,6.19,6.18,6.17,6.16,6.27,6.28,6.29,6.3,6.31,6.32,6.33,6.34,6.35,6.36,23100,33600,17100,63300,18900,22300,6100,14500,9800,8000,26900,30300,34500,21100,57200,90300,33100,28900,46100,28900
399.0,6.25,2807200,17447134.0,6.25,6.24,6.23,6.22,6.21,6.2,6.19,6.18,6.17,6.16,6.27,6.28,6.29,6.3,6.31,6.32,6.33,6.34,6.35,6.36,20100,33600,17100,63300,18900,22300,6100,14500,9800,8000,64100,29800,34500,21100,57200,90300,33100,28900,46100,28900
400.0,6.25,2807200,17447134.0,6.25,6.24,6.23,6.22,6.21,6.2,6.19,6.18,6.17,6.16,6.26,6.27,6.28,6.29,6.3,6.31,6.32,6.33,6.34,6.35,23100,33600,17300,63300,18900,22300,6100,14500,9800,8000,200,64400,1100,34500,21100,57200,90300,33100,28900,46100
401.0,6.27,2812000,17477155.0,6.26,6.25,6.24,6.23,6.22,6.21,6.2,6.19,6.18,6.17,6.27,6.28,6.29,6.3,6.31,6.32,6.33,6.34,6.35,6.36,38500,20400,33600,17300,63300,18900,22300,6100,14500,9800,64000,1100,34500,21100,57200,90300,35000,28900,46100,28900
402.0,6.27,2828200,17578649.0,6.26,6.25,6.24,6.23,6.22,6.21,6.2,6.19,6.18,6.17,6.27,6.28,6.29,6.3,6.31,6.32,6.33,6.34,6.35,6.36,30500,23500,33600,17300,63300,18900,22300,6100,14500,9800,56000,1100,34500,21100,57200,90300,35000,28900,46100,28900
403.0,6.26,2849600,17712782.0,6.26,6.25,6.24,6.23,6.22,6.21,6.2,6.19,6.18,6.17,6.27,6.28,6.29,6.3,6.31,6.32,6.33,6.34,6.35,6.36,26600,23500,33600,17300,63300,18900,22300,6100,14500,9800,38300,1100,34500,21100,57200,90300,35000,28900,46100,28900
404.0,6.27,2861700,17788639.0,6.26,6.25,6.24,6.23,6.22,6.21,6.2,6.19,6.18,6.17,6.27,6.28,6.29,6.3,6.31,6.32,6.33,6.34,6.35,6.36,25800,23500,33600,17300,63300,18900,22300,6100,14500,9800,35600,1100,34500,22400,57200,90300,35000,28900,46100,28900
405.0,6.28,2933100,18236537.0,6.27,6.26,6.25,6.24,6.23,6.22,6.21,6.2,6.19,6.18,6.29,6.3,6.31,6.32,6.33,6.34,6.35,6.36,6.37,6.38,38200,25800,23500,33600,10800,63300,18900,22300,6100,14500,30100,22400,57200,90300,35000,30900,46100,28900,15000,151300
406.0,6.29,2934900,18247829.0,6.27,6.26,6.25,6.24,6.23,6.22,6.21,6.2,6.19,6.18,6.29,6.3,6.31,6.32,6.33,6.34,6.35,6.36,6.37,6.38,42000,25800,24200,33600,10800,63300,18900,22300,6100,14500,35100,22400,57200,90300,35000,30900,46100,28900,15000,151300
407.0,6.29,2936700,18259118.0,6.27,6.26,6.25,6.24,6.23,6.22,6.21,6.2,6.19,6.18,6.29,6.3,6.31,6.32,6.33,6.34,6.35,6.36,6.37,6.38,55500,25300,23700,33600,16800,63300,18900,22300,6100,14500,48200,17400,57500,90300,35000,30900,46100,28900,15000,151300
408.0,6.29,2936700,18259118.0,6.27,6.26,6.25,6.24,6.23,6.22,6.21,6.2,6.19,6.18,6.29,6.3,6.31,6.32,6.33,6.34,6.35,6.36,6.37,6.38,74500,25300,23700,33600,16800,63300,18900,22300,6100,14500,53600,17500,57500,90300,35000,30900,46100,28900,15000,151300
