LocalTime,LastPrice,TradeVolume,TradeValue,BidPrice1,BidPrice2,BidPrice3,BidPrice4,BidPrice5,BidPrice6,BidPrice7,BidPrice8,BidPrice9,BidPriceA,AskPrice1,AskPrice2,AskPrice3,AskPrice4,AskPrice5,AskPrice6,AskPrice7,AskPrice8,AskPrice9,AskPriceA,BidVolume1,BidVolume2,BidVolume3,BidVolume4,BidVolume5,BidVolume6,BidVolume7,BidVolume8,BidVolume9,BidVolumeA,AskVolume1,AskVolume2,AskVolume3,AskVolume4,AskVolume5,AskVolume6,AskVolume7,AskVolume8,AskVolume9,AskVolumeA
0.0,27.37,3600,98532.0,27.02,27.01,27.0,26.96,26.81,26.8,26.75,26.5,26.42,26.11,27.37,27.38,27.59,27.66,27.69,27.7,27.78,27.94,27.99,28.0,100,10300,18100,100,200,11400,1000,20000,200,200,600,100,100,100,200,200,1500,200,400,11100
1.0,27.01,16800,455467.0,27.01,27.0,26.96,26.81,26.8,26.75,26.5,26.42,26.11,26.06,27.38,27.59,27.66,27.69,27.7,27.78,27.94,27.99,28.0,28.12,1600,18100,100,200,11400,1000,20000,200,200,100,100,100,100,200,200,1500,200,400,11100,200
2.0,27.01,16800,455467.0,27.03,27.01,27.0,26.96,26.81,26.8,26.75,26.5,26.42,26.11,27.38,27.59,27.66,27.69,27.7,27.78,27.94,27.99,28.0,28.12,500,1600,18100,100,200,11400,1000,20000,200,200,100,100,100,200,200,1500,200,400,11100,200
3.0,27.01,16800,455467.0,27.03,27.02,27.01,27.0,26.96,26.81,26.8,26.75,26.5,26.42,27.38,27.59,27.66,27.69,27.7,27.78,27.88,27.94,27.99,28.0,500,10000,1600,18100,100,200,11900,1000,20000,200,100,100,100,1200,200,1500,200,200,400,11100
4.0,27.01,16800,455467.0,27.37,27.03,27.02,27.01,27.0,26.96,26.81,26.8,26.75,26.5,27.38,27.59,27.66,27.69,27.7,27.76,27.78,27.88,27.94,27.99,300,500,10000,1600,18100,100,200,11900,1000,20000,100,100,100,1200,200,100,1500,200,200,400
5.0,27.38,16900,458205.0,27.37,27.03,27.02,27.01,27.0,26.96,26.81,26.8,26.75,26.5,27.59,27.66,27.69,27.7,27.76,27.78,27.88,27.94,27.99,28.0,1400,500,11000,1600,18100,100,200,11900,1000,20000,100,100,1400,200,100,1500,200,200,400,11100
6.0,27.37,18400,499260.0,27.38,27.04,27.03,27.02,27.01,27.0,26.96,26.81,26.8,26.75,27.59,27.66,27.69,27.7,27.76,27.78,27.88,27.94,27.99,28.0,2400,100,800,11300,1600,18500,100,200,11900,1000,100,100,1400,200,100,1500,200,200,400,11100
7.0,27.37,18400,499260.0,27.38,27.26,27.04,27.03,27.02,27.01,27.0,26.96,26.81,26.8,27.59,27.66,27.69,27.7,27.76,27.78,27.85,27.88,27.94,27.99,5500,100,200,1800,11300,1600,18600,100,200,11900,100,100,1400,200,100,2700,600,200,200,400
8.0,27.37,18400,499260.0,27.38,27.26,27.04,27.03,27.02,27.01,27.0,26.96,26.81,26.8,27.59,27.66,27.68,27.69,27.7,27.76,27.78,27.85,27.88,27.94,5800,100,300,2200,12300,1600,18100,100,200,11900,100,100,100,1400,200,100,2700,600,200,200
9.0,27.37,18400,499260.0,27.38,27.26,27.04,27.03,27.02,27.01,27.0,26.96,26.81,26.8,27.58,27.59,27.66,27.68,27.69,27.7,27.76,27.78,27.85,27.88,6200,100,300,2200,12300,1600,18600,100,200,11900,1700,100,100,600,1400,200,100,2700,600,200
10.0,27.58,19400,526660.0,27.38,27.37,27.04,27.03,27.02,27.01,27.0,26.96,26.81,26.8,27.58,27.59,27.66,27.68,27.69,27.7,27.76,27.78,27.85,27.88,5800,600,300,800,12300,1600,18600,100,200,11900,1600,100,100,600,1400,200,100,2700,600,200
11.0,27.58,19400,526660.0,27.39,27.38,27.37,27.04,27.03,27.02,27.01,27.0,26.96,26.81,27.58,27.59,27.66,27.68,27.69,27.7,27.76,27.78,27.85,27.88,100,5000,600,300,800,12300,1600,18600,100,200,1600,400,100,600,1400,200,100,2700,600,200
12.0,27.39,19500,529399.0,27.38,27.37,27.04,27.03,27.02,27.01,27.0,26.96,26.81,26.8,27.58,27.59,27.66,27.68,27.69,27.7,27.76,27.78,27.85,27.88,2000,600,300,800,12300,1600,18600,600,200,11900,1600,500,100,600,1400,200,100,2700,600,200
13.0,27.58,19600,532157.0,27.39,27.38,27.37,27.04,27.03,27.02,27.01,27.0,26.96,26.81,27.58,27.59,27.66,27.68,27.69,27.7,27.76,27.78,27.85,27.88,100,2000,600,300,800,13100,1600,18600,600,200,1500,500,100,600,1400,200,100,2700,600,200
14.0,27.58,19600,532157.0,27.39,27.38,27.37,27.04,27.03,27.02,27.01,27.0,26.96,26.81,27.58,27.59,27.66,27.68,27.69,27.7,27.76,27.78,27.85,27.88,100,2000,600,300,800,13100,1600,18600,600,200,1500,500,100,600,1400,200,100,2700,600,200
15.0,27.58,19600,532157.0,27.39,27.38,27.37,27.04,27.03,27.02,27.01,27.0,26.96,26.81,27.58,27.59,27.66,27.68,27.69,27.7,27.76,27.78,27.85,27.88,100,2000,600,300,800,13100,1600,18600,600,200,1500,500,100,600,1400,200,100,2700,600,200
16.0,27.58,19700,534915.0,27.4,27.39,27.38,27.37,27.04,27.03,27.02,27.01,27.0,26.96,27.58,27.59,27.66,27.68,27.69,27.7,27.76,27.78,27.85,27.88,1000,100,2000,600,300,800,13100,1600,18600,600,1400,500,100,600,1400,200,100,2700,600,200
17.0,27.58,19800,537673.0,27.41,27.39,27.38,27.37,27.04,27.03,27.02,27.01,27.0,26.96,27.58,27.59,27.66,27.68,27.69,27.7,27.76,27.78,27.85,27.88,1000,100,2000,600,300,800,13100,1600,18600,600,1700,100,100,600,1400,200,100,2700,600,200
18.0,27.58,19800,537673.0,27.41,27.39,27.38,27.37,27.04,27.03,27.02,27.01,27.0,26.96,27.58,27.59,27.66,27.68,27.69,27.7,27.76,27.78,27.85,27.88,1500,100,2000,600,300,800,13100,1600,19600,600,1700,100,100,600,1400,200,100,2700,600,200
19.0,27.58,19800,537673.0,27.41,27.39,27.38,27.37,27.04,27.03,27.02,27.01,27.0,26.96,27.58,27.59,27.66,27.68,27.69,27.7,27.76,27.78,27.85,27.88,1500,100,2000,600,300,800,13100,1600,19600,600,1700,100,100,600,1400,200,100,2700,600,200
20.0,27.58,19800,537673.0,27.42,27.41,27.38,27.37,27.04,27.03,27.02,27.01,27.0,26.96,27.58,27.59,27.66,27.68,27.69,27.7,27.76,27.78,27.85,27.88,1000,500,2000,600,300,800,13100,1600,19600,600,1700,100,100,600,1400,200,100,2700,600,200
21.0,27.58,19800,537673.0,27.42,27.41,27.38,27.37,27.04,27.03,27.02,27.01,27.0,26.96,27.58,27.59,27.66,27.68,27.69,27.7,27.76,27.78,27.85,27.88,1000,500,2000,600,300,800,13100,1600,19600,600,1700,100,100,600,1400,200,100,2700,600,200
22.0,27.58,19800,537673.0,27.42,27.41,27.38,27.37,27.04,27.03,27.02,27.01,27.0,26.96,27.58,27.59,27.66,27.68,27.69,27.7,27.76,27.78,27.85,27.88,1000,500,2000,600,300,800,13100,1600,19600,600,1700,100,100,600,1400,200,100,2700,600,200
23.0,27.57,20100,545944.0,27.44,27.43,27.41,27.38,27.37,27.04,27.03,27.02,27.01,27.0,27.57,27.58,27.59,27.66,27.68,27.69,27.7,27.76,27.78,27.85,300,1000,600,2000,600,300,800,13100,1600,19600,1800,1700,100,100,600,1400,200,100,2700,600
24.0,27.57,20100,545944.0,27.44,27.43,27.41,27.38,27.37,27.04,27.03,27.02,27.01,27.0,27.57,27.58,27.59,27.66,27.68,27.69,27.7,27.76,27.78,27.85,800,1000,600,2000,600,300,800,13100,1600,19600,1800,1700,100,100,600,1400,200,100,2700,600
25.0,27.57,20100,545944.0,27.44,27.43,27.42,27.41,27.38,27.37,27.04,27.03,27.02,27.01,27.57,27.58,27.59,27.66,27.68,27.69,27.7,27.76,27.78,27.85,800,1000,100,600,2000,600,300,800,13100,1600,1800,1700,100,100,600,1400,200,100,2700,600
26.0,27.57,20100,545944.0,27.45,27.44,27.42,27.41,27.38,27.37,27.04,27.03,27.02,27.01,27.57,27.58,27.59,27.66,27.68,27.69,27.7,27.76,27.78,27.85,1000,800,100,600,2000,600,300,800,13100,1600,1800,1700,100,100,600,1400,200,100,2700,600
27.0,27.57,20100,545944.0,27.45,27.44,27.42,27.41,27.39,27.38,27.37,27.2,27.14,27.09,27.57,27.58,27.59,27.66,27.68,27.69,27.7,27.76,27.78,27.85,1000,800,100,600,300,2000,600,11100,11100,10900,1800,1700,100,100,600,1400,200,100,2700,600
28.0,27.57,20100,545944.0,27.45,27.44,27.42,27.41,27.39,27.38,27.37,27.2,27.14,27.09,27.57,27.58,27.59,27.66,27.68,27.69,27.7,27.76,27.78,27.85,1000,800,100,600,300,2000,600,11100,11100,10900,1800,1700,100,100,600,1400,200,100,2700,600
29.0,27.57,20800,565243.0,27.46,27.45,27.44,27.42,27.41,27.39,27.38,27.37,27.2,27.14,27.57,27.58,27.59,27.66,27.68,27.69,27.7,27.76,27.78,27.85,1000,500,800,100,600,300,2000,600,11100,11100,1500,1300,100,100,600,1400,200,100,2700,600
30.0,27.57,20800,565243.0,27.46,27.44,27.42,27.41,27.39,27.38,27.37,27.2,27.14,27.09,27.57,27.58,27.59,27.66,27.68,27.69,27.7,27.76,27.78,27.85,1400,800,100,600,300,2000,600,11100,11100,10900,1500,1300,100,100,600,1400,200,100,2700,600
31.0,27.46,21100,573492.0,27.46,27.44,27.42,27.41,27.39,27.38,27.37,27.2,27.14,27.09,27.57,27.58,27.59,27.66,27.68,27.69,27.7,27.76,27.78,27.85,1700,800,100,600,300,1900,600,11100,11100,10900,1500,1300,100,100,600,1400,200,100,2700,600
32.0,27.46,21100,573492.0,27.47,27.46,27.44,27.42,27.41,27.39,27.38,27.37,27.2,27.14,27.57,27.58,27.59,27.66,27.68,27.69,27.7,27.76,27.78,27.85,1300,400,1100,100,600,300,1900,600,11100,11100,1500,1600,100,100,600,1400,200,100,2700,600
33.0,27.46,21100,573492.0,27.47,27.46,27.44,27.42,27.41,27.39,27.38,27.37,27.2,27.14,27.57,27.58,27.59,27.66,27.68,27.69,27.7,27.76,27.78,27.85,1300,400,1100,100,600,300,1700,600,11100,11100,1500,1600,100,100,600,1400,200,100,2700,600
34.0,27.57,21200,576249.0,27.47,27.46,27.44,27.42,27.41,27.39,27.38,27.37,27.2,27.14,27.57,27.58,27.59,27.66,27.68,27.69,27.7,27.76,27.78,27.85,1300,400,1100,100,600,300,1700,600,11100,11100,1300,1600,100,100,600,1400,200,100,2700,600
35.0,27.57,21400,581763.0,27.48,27.47,27.46,27.44,27.42,27.41,27.39,27.38,27.37,27.2,27.57,27.58,27.59,27.66,27.68,27.69,27.7,27.76,27.78,27.85,800,500,400,1100,100,600,300,1200,600,11100,1100,1600,100,100,600,1400,200,100,2700,600
36.0,27.57,21400,581763.0,27.48,27.47,27.46,27.44,27.42,27.41,27.39,27.38,27.37,27.2,27.57,27.58,27.59,27.66,27.68,27.69,27.7,27.76,27.78,27.85,800,500,400,1100,100,600,300,1200,600,11100,1100,1600,100,100,600,1400,200,100,2700,600
37.0,27.57,21400,581763.0,27.48,27.47,27.46,27.44,27.42,27.41,27.39,27.38,27.37,27.2,27.57,27.58,27.59,27.66,27.68,27.69,27.7,27.76,27.78,27.85,800,500,400,1100,100,600,300,1200,600,11100,1100,1600,100,100,600,1400,200,100,2700,600
38.0,27.57,22500,612090.0,27.5,27.49,27.47,27.46,27.44,27.42,27.41,27.39,27.38,27.37,27.58,27.59,27.66,27.68,27.69,27.7,27.76,27.78,27.85,27.88,400,800,500,400,1100,100,500,300,1200,600,1600,100,100,600,1400,200,100,2700,600,200
39.0,27.57,22500,612090.0,27.5,27.49,27.48,27.46,27.44,27.42,27.41,27.39,27.38,27.37,27.58,27.59,27.66,27.68,27.69,27.7,27.76,27.78,27.85,27.88,400,800,500,400,1100,100,500,300,1200,600,1600,100,100,600,1400,200,100,2700,600,200
40.0,27.57,22500,612090.0,27.57,27.5,27.49,27.48,27.46,27.44,27.42,27.41,27.39,27.38,27.58,27.59,27.66,27.68,27.69,27.7,27.76,27.78,27.85,27.88,100,400,800,500,400,1100,100,500,300,1200,1600,100,100,600,1400,200,100,2700,600,200
41.0,27.58,23100,628638.0,27.57,27.51,27.5,27.46,27.44,27.42,27.41,27.38,27.37,27.2,27.58,27.59,27.66,27.68,27.69,27.7,27.76,27.78,27.85,27.88,100,1300,400,400,1100,100,500,1200,600,11100,1000,100,100,600,1400,200,100,2700,600,200
42.0,27.58,23100,628638.0,27.57,27.51,27.5,27.46,27.44,27.42,27.41,27.38,27.37,27.2,27.58,27.59,27.66,27.68,27.69,27.7,27.76,27.78,27.85,27.88,100,1300,400,400,1100,100,500,1200,600,11100,1000,100,100,600,1400,200,100,2700,600,200
43.0,27.58,23900,650702.0,27.57,27.51,27.5,27.46,27.44,27.42,27.41,27.38,27.2,27.14,27.58,27.59,27.66,27.68,27.69,27.7,27.76,27.78,27.85,27.88,100,1300,400,400,1100,100,500,1200,11100,11100,200,100,100,600,1400,200,100,2700,600,200
44.0,27.59,24200,658977.0,27.61,27.6,27.58,27.57,27.5,27.46,27.44,27.42,27.41,27.38,27.65,27.66,27.68,27.69,27.7,27.76,27.78,27.85,27.88,27.94,100,100,1100,100,400,400,1100,100,500,1200,100,100,600,1400,200,100,2700,600,200,200
45.0,27.59,24200,658977.0,27.61,27.6,27.58,27.57,27.5,27.46,27.44,27.42,27.41,27.38,27.65,27.66,27.68,27.69,27.7,27.76,27.78,27.85,27.88,27.94,100,100,1100,100,400,400,1100,100,500,1200,100,100,600,1400,200,100,2700,600,200,200
46.0,27.59,24200,658977.0,27.61,27.6,27.58,27.57,27.5,27.46,27.44,27.42,27.41,27.38,27.65,27.66,27.68,27.69,27.7,27.76,27.78,27.85,27.88,27.94,100,100,1100,100,400,300,1100,100,500,1200,100,100,600,1400,200,100,2700,600,200,200
47.0,27.59,24200,658977.0,27.62,27.61,27.6,27.57,27.5,27.46,27.44,27.42,27.41,27.38,27.65,27.66,27.68,27.69,27.7,27.76,27.78,27.85,27.88,27.94,1100,100,100,100,400,200,1100,100,500,1200,100,100,600,1400,200,100,2700,600,200,200
48.0,27.59,24200,658977.0,27.62,27.61,27.6,27.57,27.5,27.46,27.44,27.42,27.41,27.38,27.65,27.66,27.68,27.69,27.7,27.76,27.78,27.85,27.88,27.94,1100,100,100,100,400,200,1100,100,500,1200,100,100,600,1400,200,100,2700,600,200,200
49.0,27.59,24200,658977.0,27.62,27.61,27.57,27.5,27.46,27.44,27.42,27.41,27.38,27.2,27.65,27.66,27.68,27.69,27.7,27.76,27.78,27.85,27.88,27.94,1100,100,100,400,100,1100,100,500,1200,11100,100,100,600,1400,200,100,2700,600,200,200
50.0,27.62,24400,664501.0,27.63,27.61,27.57,27.5,27.44,27.42,27.41,27.38,27.2,27.14,27.65,27.66,27.68,27.69,27.7,27.76,27.78,27.85,27.88,27.94,900,100,100,400,1100,100,500,1200,11100,11100,100,100,600,1400,200,100,2700,600,200,200
51.0,27.62,24400,664501.0,27.63,27.61,27.57,27.5,27.44,27.42,27.41,27.38,27.2,27.14,27.65,27.66,27.68,27.69,27.7,27.76,27.78,27.85,27.88,27.94,1500,100,100,400,1100,100,500,1200,11100,11100,100,100,600,1400,200,100,2700,600,200,200
52.0,27.62,24400,664501.0,27.63,27.61,27.57,27.5,27.44,27.42,27.41,27.38,27.2,27.14,27.65,27.66,27.68,27.69,27.7,27.76,27.78,27.85,27.88,27.94,1500,100,100,400,1100,100,500,1200,11100,11100,100,100,600,1400,200,100,2700,600,200,200
53.0,27.65,24600,670029.0,27.65,27.64,27.63,27.61,27.57,27.5,27.44,27.42,27.41,27.38,27.66,27.68,27.69,27.7,27.76,27.78,27.85,27.88,27.94,27.99,900,600,800,100,100,400,1100,100,500,1200,100,600,1400,200,100,2700,600,200,200,400
54.0,27.65,24600,670029.0,27.65,27.64,27.63,27.57,27.5,27.44,27.42,27.41,27.38,27.2,27.66,27.68,27.69,27.7,27.76,27.78,27.85,27.88,27.94,27.99,1200,600,800,100,400,1100,100,500,1200,11100,100,600,1400,200,100,2700,600,200,200,400
55.0,27.65,24700,672794.0,27.65,27.64,27.63,27.57,27.5,27.44,27.42,27.41,27.38,27.2,27.66,27.68,27.69,27.7,27.76,27.78,27.85,27.88,27.94,27.99,1100,600,800,100,400,1100,100,500,1200,11100,100,600,1400,200,100,2700,600,200,200,400
56.0,27.66,24800,675560.0,27.66,27.65,27.63,27.57,27.5,27.44,27.42,27.41,27.38,27.2,27.68,27.69,27.7,27.76,27.78,27.85,27.88,27.94,27.99,28.0,700,1200,800,100,400,1100,100,500,1200,11100,600,1400,200,100,2700,600,200,200,400,11100
57.0,27.66,24800,675560.0,27.66,27.65,27.63,27.57,27.5,27.44,27.42,27.41,27.38,27.2,27.68,27.69,27.7,27.76,27.78,27.85,27.88,27.94,27.99,28.0,700,900,200,100,400,1100,100,500,1200,11100,600,1400,200,100,2700,600,200,200,400,11100
58.0,27.66,24800,675560.0,27.66,27.65,27.64,27.57,27.5,27.44,27.42,27.41,27.38,27.2,27.68,27.69,27.7,27.76,27.78,27.85,27.88,27.94,27.99,28.0,2100,800,300,100,400,1100,100,500,1200,11100,600,1400,200,100,2700,600,200,200,400,11100
59.0,27.66,24800,675560.0,27.67,27.66,27.65,27.57,27.5,27.44,27.42,27.41,27.38,27.2,27.68,27.69,27.7,27.76,27.78,27.85,27.88,27.94,27.99,28.0,900,1600,800,100,400,1100,100,500,1100,11100,600,1400,200,100,2700,600,200,200,400,11100
60.0,27.68,24900,678328.0,27.67,27.66,27.65,27.57,27.5,27.44,27.42,27.41,27.38,27.2,27.68,27.69,27.7,27.76,27.78,27.85,27.88,27.94,27.99,28.0,1900,600,800,100,400,1100,100,500,1100,11100,500,1400,200,100,2700,600,200,200,400,11100
61.0,27.68,25400,692166.0,27.67,27.66,27.65,27.57,27.5,27.44,27.42,27.41,27.38,27.2,27.68,27.69,27.7,27.76,27.78,27.85,27.88,27.94,27.96,27.99,1700,600,800,100,400,1100,100,500,1100,11100,200,1400,200,100,2700,600,200,200,6100,400
62.0,27.68,25600,697702.0,27.68,27.67,27.66,27.65,27.57,27.5,27.44,27.42,27.41,27.38,27.69,27.7,27.76,27.78,27.85,27.88,27.94,27.96,27.99,28.0,800,1000,600,800,100,400,1100,100,500,1000,200,200,100,2700,600,200,200,6100,400,11100
63.0,27.69,25800,703240.0,27.68,27.67,27.66,27.65,27.57,27.5,27.44,27.42,27.41,27.38,27.7,27.76,27.78,27.85,27.88,27.94,27.96,27.99,28.0,28.12,700,600,200,800,100,400,1100,100,500,1000,200,100,2700,600,200,200,6100,400,11100,200
64.0,27.68,25900,706008.0,27.68,27.67,27.66,27.65,27.57,27.5,27.44,27.42,27.41,27.38,27.7,27.76,27.78,27.85,27.88,27.94,27.96,27.99,28.0,28.12,1500,500,200,800,100,400,1100,100,500,1000,200,100,2700,600,200,200,6100,400,11100,200
65.0,27.68,25900,706008.0,27.69,27.68,27.67,27.66,27.65,27.57,27.5,27.44,27.42,27.41,27.7,27.76,27.78,27.85,27.88,27.94,27.96,27.99,28.0,28.12,600,900,500,200,800,100,400,1100,100,500,200,100,2700,600,200,200,6100,400,11100,200
66.0,27.68,26800,730926.0,27.68,27.67,27.66,27.65,27.57,27.5,27.44,27.42,27.41,27.38,27.7,27.76,27.78,27.85,27.88,27.94,27.96,27.99,28.0,28.12,600,500,200,800,100,400,1100,100,500,800,200,100,3000,600,200,200,6100,400,11100,200
67.0,27.68,27200,741998.0,27.68,27.67,27.66,27.65,27.57,27.5,27.44,27.42,27.41,27.38,27.7,27.76,27.78,27.85,27.88,27.94,27.96,27.99,28.0,28.12,200,500,200,800,100,400,1100,100,500,600,200,100,3000,600,200,200,6100,400,11100,200
68.0,27.65,28900,789021.0,27.57,27.5,27.44,27.42,27.41,27.38,27.2,27.14,27.09,27.06,27.65,27.66,27.67,27.68,27.7,27.76,27.78,27.85,27.88,27.94,100,400,1100,100,500,500,11100,11100,10900,1000,500,200,1400,400,600,100,3000,600,200,200
69.0,27.65,29200,797316.0,27.59,27.58,27.57,27.5,27.44,27.42,27.41,27.38,27.2,27.14,27.67,27.68,27.7,27.76,27.78,27.85,27.88,27.94,27.96,27.99,300,100,100,400,1100,100,500,500,11100,11100,1400,400,600,100,3000,600,200,200,6100,400
70.0,27.65,29200,797316.0,27.59,27.58,27.57,27.5,27.44,27.42,27.41,27.38,27.2,27.14,27.67,27.68,27.7,27.76,27.78,27.85,27.88,27.94,27.96,27.99,400,200,100,400,1100,100,500,400,11100,11100,1400,400,600,100,3000,600,200,200,6100,400
71.0,27.59,29600,808352.0,27.58,27.57,27.5,27.44,27.42,27.41,27.38,27.2,27.14,27.09,27.67,27.68,27.7,27.76,27.78,27.85,27.88,27.94,27.96,27.99,200,100,400,1100,100,500,400,11100,11100,10900,1400,600,200,100,3000,600,200,200,6100,400
72.0,27.67,29900,816653.0,27.58,27.57,27.5,27.44,27.42,27.41,27.38,27.2,27.14,27.09,27.67,27.68,27.7,27.76,27.78,27.85,27.88,27.94,27.96,27.99,200,100,400,1100,100,500,400,11100,11100,10900,1100,600,200,100,3000,600,200,200,6100,400
73.0,27.67,29900,816653.0,27.58,27.57,27.5,27.44,27.42,27.41,27.38,27.2,27.14,27.09,27.67,27.68,27.7,27.76,27.78,27.85,27.88,27.94,27.96,27.99,200,100,400,1100,100,500,400,11100,11100,10900,1100,600,200,100,3000,600,200,200,6100,400
74.0,27.67,29900,816653.0,27.58,27.57,27.5,27.44,27.42,27.41,27.38,27.2,27.14,27.09,27.67,27.68,27.7,27.76,27.78,27.85,27.88,27.94,27.96,27.99,200,100,400,1100,100,500,300,11100,11100,10900,1100,200,200,100,3000,600,200,200,6100,400
75.0,27.67,29900,816653.0,27.58,27.57,27.5,27.44,27.42,27.41,27.38,27.2,27.14,27.09,27.67,27.68,27.7,27.76,27.78,27.85,27.88,27.94,27.96,27.99,200,100,400,1100,100,500,300,11100,11100,10900,1100,200,200,100,3000,600,200,200,6100,400
76.0,27.67,29900,816653.0,27.58,27.57,27.5,27.44,27.42,27.41,27.38,27.2,27.14,27.09,27.67,27.68,27.7,27.76,27.78,27.85,27.88,27.94,27.96,27.99,200,100,400,1100,100,500,300,11100,11100,10900,1100,200,200,100,3000,600,200,200,6100,400
77.0,27.67,29900,816653.0,27.58,27.57,27.5,27.44,27.42,27.41,27.38,27.2,27.14,27.09,27.67,27.68,27.7,27.76,27.78,27.85,27.88,27.94,27.96,27.99,200,100,400,1100,100,500,300,11100,11100,10900,1100,200,200,100,3000,600,200,200,6100,400
78.0,27.67,31000,847090.0,27.67,27.59,27.58,27.57,27.5,27.44,27.42,27.41,27.38,27.2,27.68,27.7,27.76,27.78,27.85,27.88,27.94,27.96,27.99,28.0,19900,600,300,100,400,1100,100,500,300,11100,200,200,100,3000,600,200,200,6100,400,11100
79.0,27.68,31600,863694.0,27.67,27.59,27.58,27.57,27.5,27.44,27.42,27.41,27.38,27.2,27.7,27.76,27.78,27.85,27.88,27.94,27.96,27.99,28.0,28.12,19500,600,300,100,400,1100,100,500,300,11100,200,100,3000,600,200,200,6100,400,11100,200
80.0,27.68,31600,863694.0,27.67,27.59,27.58,27.57,27.5,27.44,27.42,27.41,27.38,27.2,27.7,27.76,27.78,27.85,27.88,27.94,27.96,27.99,28.0,28.12,19500,600,300,100,400,1100,100,500,300,11100,200,100,3000,600,200,200,6100,400,11100,200
81.0,27.68,31600,863694.0,27.67,27.59,27.58,27.57,27.5,27.44,27.42,27.41,27.38,27.2,27.7,27.76,27.78,27.85,27.88,27.94,27.96,27.99,28.0,28.12,19500,600,300,100,400,1100,100,500,300,11100,200,100,3000,600,200,200,6100,400,11100,200
82.0,27.67,31900,871995.0,27.67,27.59,27.58,27.57,27.5,27.44,27.42,27.41,27.38,27.2,27.7,27.76,27.78,27.85,27.88,27.94,27.96,27.99,28.0,28.12,19200,600,300,100,400,1100,100,500,300,11100,200,100,3000,600,200,200,6100,400,11100,200
83.0,27.67,31900,871995.0,27.67,27.59,27.58,27.57,27.5,27.44,27.42,27.41,27.38,27.2,27.7,27.76,27.78,27.85,27.88,27.94,27.96,27.99,28.0,28.12,19200,600,300,100,400,1100,100,500,300,11100,200,100,3000,600,200,200,6100,400,11100,200
84.0,27.67,31900,871995.0,27.67,27.59,27.58,27.57,27.5,27.44,27.42,27.41,27.38,27.2,27.7,27.76,27.78,27.85,27.88,27.94,27.96,27.99,28.0,28.12,19200,600,300,100,400,1100,100,500,300,11100,200,100,3000,600,200,200,6100,400,11100,200
85.0,27.67,32200,880296.0,27.67,27.59,27.58,27.57,27.5,27.44,27.42,27.41,27.38,27.2,27.7,27.76,27.78,27.85,27.88,27.94,27.96,27.99,28.0,28.12,18900,600,300,100,400,1100,100,500,300,11100,200,100,3000,600,200,200,6100,400,11100,200
86.0,27.67,32200,880296.0,27.67,27.59,27.58,27.57,27.5,27.44,27.42,27.41,27.38,27.2,27.7,27.76,27.78,27.85,27.88,27.94,27.96,27.99,28.0,28.12,18900,500,300,100,900,1100,100,500,300,11100,200,100,3000,600,200,200,6100,400,11100,200
87.0,27.67,32200,880296.0,27.67,27.59,27.58,27.57,27.5,27.44,27.42,27.41,27.38,27.2,27.7,27.76,27.78,27.85,27.88,27.94,27.96,27.99,28.0,28.12,18900,300,300,100,900,1100,100,500,300,11100,200,100,3000,600,200,200,6100,400,11100,200
88.0,27.67,32500,888597.0,27.58,27.57,27.5,27.44,27.43,27.42,27.41,27.38,27.2,27.14,27.7,27.76,27.78,27.85,27.88,27.94,27.96,27.99,28.0,28.12,300,100,900,1100,200,100,500,300,11100,11100,200,100,3000,600,200,200,6100,400,11100,200
89.0,27.67,32500,888597.0,27.58,27.57,27.5,27.44,27.43,27.42,27.41,27.38,27.2,27.14,27.7,27.76,27.78,27.85,27.88,27.94,27.96,27.99,28.0,28.12,300,100,900,1100,200,100,500,300,11100,11100,200,1100,3000,600,200,200,6100,400,11100,200
90.0,27.67,32500,888597.0,27.58,27.57,27.5,27.44,27.43,27.42,27.41,27.38,27.2,27.14,27.7,27.76,27.78,27.85,27.88,27.94,27.96,27.99,28.0,28.12,300,100,900,1100,200,100,500,300,11100,11100,200,1100,3000,600,200,200,6100,400,11100,200
91.0,27.7,32600,891367.0,27.59,27.58,27.57,27.5,27.44,27.43,27.42,27.41,27.38,27.2,27.7,27.76,27.78,27.85,27.88,27.94,27.96,27.99,28.0,28.12,400,300,100,900,1100,200,100,500,300,11100,100,1100,3000,600,200,200,6100,400,11100,200
92.0,27.7,32600,891367.0,27.59,27.58,27.57,27.5,27.44,27.43,27.42,27.41,27.38,27.2,27.7,27.76,27.78,27.85,27.88,27.94,27.96,27.99,28.0,28.12,400,300,100,900,1100,200,100,500,300,11100,300,1100,3000,600,200,200,6100,400,11100,200
93.0,27.7,32600,891367.0,27.65,27.59,27.58,27.57,27.5,27.44,27.43,27.42,27.41,27.38,27.67,27.7,27.76,27.78,27.85,27.88,27.94,27.96,27.99,28.0,100,400,300,100,900,1100,200,100,500,300,300,300,1100,3000,600,200,200,6100,400,11100
94.0,27.7,32600,891367.0,27.65,27.59,27.58,27.57,27.5,27.44,27.43,27.42,27.41,27.38,27.67,27.7,27.76,27.78,27.85,27.88,27.94,27.96,27.99,28.0,100,400,300,100,900,1100,200,100,500,300,300,300,1100,3000,600,200,200,6100,400,11100
95.0,27.7,32600,891367.0,27.65,27.59,27.58,27.57,27.5,27.44,27.43,27.42,27.41,27.38,27.67,27.7,27.76,27.78,27.85,27.88,27.94,27.96,27.99,28.0,100,400,300,100,900,1100,200,100,500,300,300,300,1100,3000,600,200,200,6100,400,11100
96.0,27.7,32600,891367.0,27.65,27.59,27.58,27.57,27.5,27.44,27.43,27.42,27.41,27.38,27.67,27.7,27.76,27.78,27.85,27.88,27.94,27.96,27.99,28.0,100,400,300,100,900,1100,200,100,500,300,300,300,1100,3000,600,200,200,6100,400,11100
97.0,27.7,32600,891367.0,27.65,27.59,27.58,27.57,27.5,27.44,27.43,27.42,27.41,27.38,27.67,27.7,27.76,27.78,27.85,27.88,27.94,27.96,27.99,28.0,100,400,300,100,900,1100,200,100,500,300,300,300,1100,3000,600,200,200,6100,400,11100
98.0,27.7,32600,891367.0,27.65,27.59,27.58,27.57,27.5,27.44,27.43,27.42,27.41,27.38,27.67,27.7,27.76,27.78,27.85,27.88,27.94,27.96,27.99,28.0,100,400,300,100,900,1100,200,100,500,300,300,3200,1100,3000,600,200,200,6100,400,11100
99.0,27.7,32600,891367.0,27.65,27.59,27.58,27.57,27.5,27.44,27.43,27.42,27.41,27.38,27.67,27.7,27.76,27.78,27.85,27.88,27.94,27.96,27.99,28.0,300,400,300,100,900,1100,200,100,500,300,300,3200,1100,3000,600,200,200,6100,400,11100
100.0,27.7,32600,891367.0,27.65,27.59,27.58,27.57,27.5,27.44,27.43,27.42,27.41,27.38,27.67,27.7,27.76,27.78,27.85,27.88,27.94,27.96,27.99,28.0,300,400,300,100,900,1100,200,100,500,300,300,3200,1100,3000,600,200,200,6100,400,11100
101.0,27.7,32600,891367.0,27.65,27.59,27.58,27.57,27.5,27.44,27.43,27.42,27.41,27.38,27.67,27.7,27.76,27.78,27.85,27.88,27.94,27.96,27.99,28.0,300,200,300,100,900,1100,200,100,500,300,300,3200,1100,3000,600,200,200,6100,400,11100
102.0,27.65,32900,899662.0,27.58,27.57,27.5,27.44,27.43,27.42,27.41,27.38,27.2,27.14,27.67,27.7,27.76,27.78,27.85,27.88,27.94,27.96,27.99,28.0,300,100,900,1100,200,100,500,300,11100,11100,300,3200,1100,3000,600,200,200,6100,400,11100
103.0,27.65,32900,899662.0,27.58,27.57,27.5,27.44,27.43,27.42,27.41,27.38,27.2,27.14,27.66,27.67,27.68,27.7,27.76,27.78,27.85,27.88,27.94,27.96,300,100,900,1100,200,100,500,300,11100,11100,600,300,800,3200,1100,3000,600,200,200,6100
104.0,27.58,33100,905178.0,27.58,27.57,27.5,27.44,27.43,27.42,27.41,27.38,27.2,27.14,27.65,27.66,27.67,27.68,27.7,27.76,27.78,27.85,27.88,27.94,100,100,900,1100,200,100,500,300,11100,11100,800,600,300,800,3000,1100,3000,600,200,200
105.0,27.58,33100,905178.0,27.58,27.57,27.5,27.44,27.43,27.42,27.41,27.38,27.2,27.14,27.65,27.67,27.68,27.7,27.76,27.78,27.85,27.88,27.94,27.96,100,100,900,1100,200,100,500,300,11100,11100,800,300,800,3000,1100,3000,600,200,200,6100
106.0,27.58,33100,905178.0,27.58,27.57,27.5,27.44,27.43,27.42,27.41,27.38,27.2,27.14,27.65,27.67,27.68,27.7,27.76,27.78,27.85,27.88,27.94,27.96,100,100,900,1100,200,100,500,300,11100,11100,1400,300,800,4200,1100,3000,600,200,200,6100
107.0,27.58,33100,905178.0,27.58,27.57,27.5,27.44,27.43,27.42,27.41,27.38,27.2,27.14,27.65,27.67,27.68,27.7,27.76,27.78,27.85,27.88,27.94,27.96,100,100,900,1100,200,100,500,300,11100,11100,1400,300,800,4200,1100,3000,600,200,200,6100
108.0,27.58,33100,905178.0,27.58,27.57,27.5,27.44,27.43,27.42,27.41,27.38,27.2,27.14,27.64,27.65,27.67,27.68,27.7,27.76,27.78,27.85,27.88,27.94,100,100,500,1100,200,100,500,300,11100,11100,600,1400,300,800,4200,1100,3000,600,200,200
109.0,27.58,33100,905178.0,27.58,27.57,27.5,27.44,27.43,27.42,27.41,27.38,27.2,27.14,27.64,27.65,27.67,27.68,27.7,27.76,27.78,27.85,27.88,27.94,100,100,500,1100,200,100,500,300,11100,11100,600,1400,300,800,4200,1100,3000,600,200,200
110.0,27.58,33100,905178.0,27.58,27.57,27.5,27.44,27.43,27.42,27.41,27.38,27.2,27.14,27.64,27.65,27.67,27.68,27.7,27.76,27.78,27.85,27.88,27.94,100,100,500,1100,200,100,500,300,11100,11100,600,1400,300,800,4200,1100,3000,600,200,200
111.0,27.57,33300,910693.0,27.5,27.43,27.42,27.41,27.38,27.2,27.14,27.09,27.06,27.04,27.62,27.63,27.64,27.65,27.67,27.68,27.7,27.76,27.78,27.85,500,200,100,500,300,11100,11100,10900,1000,100,700,600,1000,1400,300,800,4200,1100,3000,600
112.0,27.5,33400,913443.0,27.5,27.43,27.42,27.41,27.38,27.25,27.2,27.14,27.09,27.06,27.61,27.62,27.64,27.65,27.67,27.68,27.7,27.76,27.78,27.85,400,200,100,500,300,10900,11100,11100,10900,1000,600,1300,400,1500,300,800,4200,1100,3000,600
113.0,27.61,33500,916204.0,27.5,27.43,27.42,27.41,27.38,27.25,27.2,27.14,27.09,27.06,27.61,27.62,27.64,27.65,27.67,27.68,27.7,27.76,27.78,27.85,400,200,100,500,300,10900,11100,11100,10900,1000,500,1300,400,1500,300,800,4200,1100,3000,600
114.0,27.61,33500,916204.0,27.5,27.43,27.42,27.41,27.38,27.25,27.2,27.14,27.09,27.06,27.61,27.62,27.64,27.65,27.67,27.68,27.7,27.76,27.78,27.85,400,200,100,500,300,10900,11100,11100,10900,1000,500,1300,400,1500,300,1800,4200,1100,3000,600
115.0,27.61,33500,916204.0,27.5,27.43,27.42,27.41,27.38,27.25,27.2,27.14,27.09,27.06,27.61,27.62,27.64,27.65,27.67,27.68,27.7,27.76,27.78,27.85,400,200,100,500,300,10900,11100,11100,10900,1000,500,1300,400,1500,300,1800,4200,1100,3000,600
116.0,27.61,33500,916204.0,27.5,27.43,27.42,27.41,27.38,27.25,27.2,27.14,27.09,27.06,27.61,27.62,27.64,27.65,27.67,27.68,27.7,27.76,27.78,27.85,400,200,100,500,300,10900,11100,11100,10900,1000,500,1300,400,1500,300,1800,4200,1100,3000,600
117.0,27.61,33500,916204.0,27.5,27.43,27.42,27.41,27.38,27.25,27.2,27.14,27.09,27.06,27.61,27.62,27.64,27.65,27.67,27.68,27.7,27.76,27.78,27.85,400,200,100,500,300,10900,11100,11100,10900,1000,500,1300,400,1500,300,1800,4200,1100,3000,600
118.0,27.62,34900,954787.0,27.45,27.44,27.43,27.42,27.41,27.38,27.25,27.2,27.14,27.09,27.62,27.64,27.65,27.68,27.7,27.76,27.78,27.85,27.88,27.94,900,100,200,100,500,300,10900,11100,11100,10900,100,400,1500,1800,4200,1100,1800,600,200,200
119.0,27.62,34900,954787.0,27.47,27.46,27.45,27.44,27.43,27.42,27.41,27.38,27.25,27.2,27.64,27.65,27.68,27.7,27.76,27.78,27.85,27.88,27.94,27.96,1000,600,900,100,200,100,500,300,10900,11100,400,1500,1800,4200,1100,1800,600,200,200,6100
120.0,27.61,35000,957548.0,27.48,27.47,27.45,27.43,27.42,27.41,27.38,27.25,27.2,27.14,27.64,27.65,27.68,27.7,27.76,27.78,27.85,27.88,27.94,27.96,600,1000,900,200,100,500,300,10900,11100,11100,400,700,1800,4200,1100,1800,600,200,200,6100
121.0,27.61,35000,957548.0,27.49,27.48,27.47,27.45,27.43,27.42,27.41,27.38,27.25,27.2,27.64,27.65,27.68,27.7,27.76,27.78,27.85,27.88,27.94,27.96,600,200,1000,900,200,100,500,300,10900,11100,400,700,1800,4200,1100,1800,600,200,200,6100
122.0,27.64,35300,965840.0,27.59,27.49,27.47,27.45,27.43,27.42,27.41,27.38,27.25,27.2,27.64,27.65,27.68,27.7,27.76,27.78,27.85,27.88,27.94,27.96,100,600,1000,900,200,100,500,300,10900,11100,100,700,1800,4200,1100,1800,600,200,200,6100
123.0,27.64,35300,965840.0,27.59,27.49,27.47,27.45,27.43,27.42,27.41,27.38,27.25,27.2,27.64,27.65,27.68,27.7,27.76,27.78,27.85,27.88,27.94,27.96,200,600,1000,900,200,100,500,300,10900,11100,100,700,1800,4200,1100,1800,600,200,200,6100
124.0,27.64,35300,965840.0,27.59,27.49,27.47,27.45,27.43,27.42,27.41,27.38,27.25,27.2,27.64,27.65,27.68,27.7,27.76,27.78,27.85,27.88,27.94,27.96,200,600,1000,900,200,100,500,300,10900,11100,100,700,1800,4200,1100,1800,600,200,200,6100
125.0,27.64,35300,965840.0,27.59,27.49,27.47,27.45,27.43,27.42,27.41,27.38,27.25,27.2,27.64,27.65,27.68,27.7,27.76,27.78,27.85,27.88,27.94,27.96,200,600,1000,900,200,100,500,300,10900,11100,100,700,1800,4200,1100,1800,600,200,200,6100
126.0,27.64,35300,965840.0,27.59,27.49,27.47,27.45,27.43,27.42,27.41,27.38,27.25,27.2,27.64,27.65,27.68,27.7,27.76,27.78,27.85,27.88,27.94,27.96,200,600,1000,900,200,100,500,300,10900,11100,100,700,1800,4200,1100,1800,600,200,200,6100
127.0,27.59,35400,968599.0,27.59,27.49,27.47,27.45,27.43,27.42,27.41,27.38,27.25,27.2,27.64,27.65,27.66,27.68,27.7,27.76,27.78,27.85,27.88,27.94,100,600,1000,900,200,100,500,300,10900,11100,100,700,1800,1800,4200,1100,1800,600,200,200
128.0,27.59,35500,971358.0,27.5,27.49,27.47,27.45,27.43,27.42,27.41,27.38,27.25,27.2,27.64,27.65,27.66,27.68,27.7,27.76,27.78,27.85,27.88,27.94,200,600,1000,900,200,100,500,300,10900,11100,100,700,1800,1800,4200,1100,1800,600,200,200
129.0,27.59,35500,971358.0,27.5,27.49,27.47,27.45,27.43,27.42,27.41,27.38,27.25,27.2,27.64,27.65,27.66,27.68,27.7,27.76,27.78,27.85,27.88,27.94,200,600,1000,900,200,100,500,300,10900,11100,200,700,1800,1800,4200,1100,1800,600,200,200
130.0,27.59,35500,971358.0,27.49,27.47,27.45,27.43,27.42,27.41,27.38,27.25,27.2,27.14,27.63,27.64,27.65,27.66,27.68,27.7,27.76,27.78,27.85,27.88,600,1000,900,200,100,500,300,10900,11100,11100,600,5200,700,1800,1800,4200,1100,1800,600,200
131.0,27.59,35500,971358.0,27.49,27.45,27.43,27.42,27.41,27.38,27.25,27.2,27.14,27.09,27.61,27.62,27.64,27.65,27.66,27.68,27.7,27.76,27.78,27.85,300,900,200,100,500,300,10900,11100,11100,10900,600,600,5200,700,1800,1800,4200,1100,1800,600
132.0,27.59,35500,971358.0,27.49,27.45,27.43,27.42,27.41,27.38,27.25,27.2,27.14,27.09,27.61,27.62,27.64,27.65,27.66,27.68,27.7,27.76,27.78,27.85,200,900,200,100,500,300,10900,11100,11100,10900,600,600,5200,700,1800,1800,4200,1100,1800,600
133.0,27.59,35500,971358.0,27.49,27.45,27.43,27.42,27.41,27.38,27.25,27.2,27.14,27.09,27.61,27.64,27.65,27.66,27.68,27.7,27.76,27.78,27.85,27.88,200,900,200,100,500,300,10900,11100,11100,10900,600,5200,700,1800,1800,4200,1100,1800,600,200
134.0,27.59,35500,971358.0,27.58,27.49,27.45,27.43,27.42,27.41,27.38,27.25,27.2,27.14,27.61,27.64,27.65,27.66,27.68,27.7,27.76,27.78,27.85,27.88,200,100,900,200,100,500,300,10900,11100,11100,600,5200,700,1800,1800,4200,1100,1800,600,200
135.0,27.59,35500,971358.0,27.58,27.49,27.45,27.43,27.42,27.41,27.38,27.25,27.2,27.14,27.61,27.64,27.65,27.66,27.68,27.7,27.76,27.78,27.85,27.88,200,100,900,200,100,500,300,10900,11100,11100,600,5200,700,1800,1800,4200,1100,1800,600,200
136.0,27.58,35600,974116.0,27.58,27.49,27.45,27.43,27.42,27.41,27.38,27.25,27.2,27.14,27.61,27.64,27.65,27.66,27.68,27.7,27.76,27.78,27.85,27.88,100,100,900,200,100,500,300,10900,11100,11100,600,5200,700,1800,1800,4200,1100,1800,600,200
137.0,27.58,35700,976874.0,27.49,27.45,27.43,27.42,27.41,27.38,27.25,27.2,27.14,27.09,27.61,27.64,27.65,27.66,27.68,27.7,27.76,27.78,27.85,27.88,100,900,200,100,500,300,10900,11100,11100,10900,600,5200,100,1800,1800,4200,1100,1800,600,200
138.0,27.5,36000,985124.0,27.49,27.45,27.43,27.42,27.41,27.38,27.25,27.2,27.14,27.09,27.61,27.64,27.65,27.66,27.68,27.7,27.76,27.78,27.85,27.88,100,900,200,100,500,300,10900,11100,11100,10900,600,5200,100,1800,1800,4200,1100,1800,600,200
139.0,27.5,36000,985124.0,27.49,27.45,27.43,27.42,27.41,27.38,27.25,27.2,27.14,27.09,27.61,27.64,27.65,27.66,27.68,27.7,27.76,27.78,27.85,27.88,100,900,200,100,500,300,10900,11100,11100,10900,600,5200,100,1800,1800,4200,1100,1800,600,200
140.0,27.5,36000,985124.0,27.49,27.45,27.43,27.42,27.41,27.38,27.25,27.2,27.14,27.09,27.58,27.59,27.6,27.64,27.65,27.66,27.68,27.7,27.76,27.78,100,900,200,100,500,300,10900,11100,11100,10900,800,1300,600,5200,100,1800,1800,4200,1100,1800
141.0,27.5,36000,985124.0,27.49,27.45,27.43,27.42,27.41,27.38,27.25,27.2,27.14,27.09,27.57,27.58,27.59,27.64,27.65,27.66,27.68,27.7,27.76,27.78,100,900,200,100,500,300,10900,11100,11100,10900,600,800,700,5200,100,1800,1800,4200,1100,1800
142.0,27.5,36000,985124.0,27.49,27.45,27.43,27.42,27.41,27.38,27.25,27.2,27.14,27.09,27.57,27.59,27.64,27.65,27.66,27.68,27.7,27.76,27.78,27.85,100,900,200,100,500,300,10900,11100,11100,10900,600,700,5200,100,1800,2000,4200,1100,1800,600
143.0,27.5,36000,985124.0,27.49,27.45,27.43,27.42,27.41,27.38,27.25,27.2,27.14,27.09,27.57,27.59,27.64,27.65,27.66,27.68,27.7,27.76,27.78,27.85,100,900,200,100,500,300,10900,11100,11100,10900,600,700,5200,100,1800,2000,4200,1100,1800,600
144.0,27.5,36000,985124.0,27.49,27.45,27.43,27.42,27.41,27.38,27.25,27.2,27.14,27.09,27.57,27.59,27.64,27.65,27.66,27.68,27.7,27.76,27.78,27.85,100,900,200,100,500,300,10900,11100,11100,10900,600,700,5200,100,1800,2000,4200,1100,1800,600
145.0,27.5,36000,985124.0,27.49,27.45,27.43,27.42,27.41,27.38,27.25,27.2,27.14,27.09,27.57,27.59,27.64,27.65,27.66,27.68,27.7,27.76,27.78,27.85,100,900,200,100,500,300,10900,11100,11100,10900,600,700,5200,100,1800,2000,4200,1100,1800,600
146.0,27.5,36000,985124.0,27.49,27.45,27.43,27.42,27.41,27.38,27.25,27.2,27.14,27.09,27.57,27.59,27.64,27.65,27.68,27.7,27.76,27.78,27.85,27.88,100,900,200,100,500,300,10900,11100,11100,10900,600,700,5200,100,2000,4200,1100,1800,600,200
147.0,27.5,36000,985124.0,27.49,27.45,27.43,27.42,27.41,27.38,27.25,27.2,27.14,27.09,27.57,27.59,27.64,27.65,27.68,27.7,27.76,27.78,27.85,27.88,100,900,200,100,500,300,10900,11100,11100,10900,600,700,5200,100,2000,4200,1100,1800,600,200
148.0,27.5,36000,985124.0,27.49,27.45,27.43,27.42,27.41,27.38,27.25,27.2,27.14,27.09,27.57,27.59,27.64,27.65,27.68,27.7,27.76,27.78,27.85,27.88,100,900,200,100,500,300,10900,11100,11100,10900,600,700,5200,100,2000,4200,1100,1800,600,200
149.0,27.5,36000,985124.0,27.49,27.45,27.43,27.42,27.41,27.38,27.25,27.2,27.14,27.09,27.57,27.59,27.64,27.65,27.68,27.7,27.76,27.78,27.85,27.88,100,900,200,100,500,300,10900,11100,11100,10900,600,700,5200,100,2000,4200,1100,1800,600,200
150.0,27.5,36000,985124.0,27.49,27.45,27.43,27.42,27.41,27.38,27.25,27.2,27.14,27.09,27.57,27.59,27.64,27.65,27.68,27.7,27.76,27.78,27.85,27.88,100,900,200,100,500,300,10900,11100,11100,10900,600,700,5200,100,2000,4200,1100,1800,600,200
151.0,27.49,36100,987873.0,27.45,27.43,27.42,27.41,27.38,27.25,27.2,27.14,27.09,27.06,27.57,27.59,27.64,27.65,27.68,27.7,27.75,27.76,27.78,27.85,900,200,100,500,300,10900,11100,11100,10900,1000,600,700,5200,100,2000,4200,300,1100,1800,600
152.0,27.49,36100,987873.0,27.45,27.43,27.42,27.41,27.38,27.25,27.2,27.14,27.09,27.06,27.57,27.59,27.64,27.65,27.68,27.7,27.75,27.76,27.78,27.85,900,200,100,500,300,10900,11100,11100,10900,1000,600,700,5200,100,2000,4200,300,1100,1800,600
153.0,27.49,36100,987873.0,27.45,27.43,27.42,27.41,27.38,27.25,27.2,27.14,27.09,27.06,27.57,27.59,27.64,27.65,27.68,27.7,27.75,27.76,27.78,27.85,900,200,100,500,300,10900,11100,11100,10900,1000,600,700,5200,100,2000,4200,300,1100,1800,600
154.0,27.49,36100,987873.0,27.43,27.42,27.41,27.38,27.25,27.2,27.14,27.09,27.06,27.03,27.57,27.59,27.64,27.65,27.68,27.7,27.75,27.76,27.78,27.85,200,100,500,300,10900,11100,11100,10900,1000,200,600,700,5200,100,2000,4200,800,1100,1800,600
155.0,27.49,36100,987873.0,27.42,27.41,27.38,27.25,27.2,27.14,27.09,27.06,27.03,27.02,27.49,27.59,27.64,27.65,27.68,27.7,27.75,27.76,27.78,27.85,100,500,300,10900,11100,11100,10900,1000,200,12700,600,700,5200,100,2000,4200,800,1100,1800,600
156.0,27.49,36100,987873.0,27.42,27.41,27.38,27.25,27.2,27.14,27.09,27.06,27.03,27.02,27.49,27.59,27.64,27.65,27.68,27.7,27.75,27.76,27.78,27.85,100,500,300,10900,11100,11100,10900,1000,200,12700,600,700,5200,100,2000,4200,800,1100,1800,600
157.0,27.49,36100,987873.0,27.42,27.41,27.38,27.25,27.2,27.14,27.09,27.06,27.03,27.02,27.49,27.59,27.64,27.65,27.68,27.7,27.75,27.76,27.78,27.85,100,500,300,10900,11100,11100,10900,1000,200,12700,600,700,5100,100,2000,4200,800,1100,1800,600
158.0,27.49,36300,993371.0,27.42,27.41,27.38,27.25,27.2,27.14,27.09,27.06,27.03,27.02,27.49,27.59,27.63,27.64,27.65,27.68,27.7,27.75,27.76,27.78,100,500,300,10900,11100,11100,10900,1000,200,12700,400,700,1800,5100,100,2000,4200,800,1100,1800
159.0,27.49,36300,993371.0,27.43,27.42,27.41,27.38,27.25,27.2,27.14,27.09,27.06,27.03,27.49,27.59,27.63,27.64,27.65,27.68,27.7,27.75,27.76,27.78,400,100,500,300,10900,11100,11100,10900,1000,200,400,700,1800,5100,100,2000,4200,800,1100,1800
160.0,27.49,36300,993371.0,27.43,27.42,27.41,27.38,27.25,27.2,27.14,27.09,27.06,27.03,27.49,27.59,27.63,27.64,27.65,27.68,27.7,27.75,27.76,27.78,400,100,3700,300,10900,11100,11100,10900,1000,200,400,700,2800,5100,100,2000,4200,800,1100,1800
161.0,27.49,36600,1001618.0,27.43,27.42,27.41,27.38,27.25,27.2,27.14,27.09,27.06,27.03,27.49,27.59,27.63,27.64,27.65,27.68,27.7,27.75,27.76,27.78,400,100,3700,300,10900,11100,11100,10900,1000,200,100,700,2800,5100,100,2000,4200,800,1100,1800
162.0,27.49,36600,1001618.0,27.43,27.42,27.41,27.38,27.25,27.2,27.14,27.09,27.06,27.03,27.49,27.59,27.63,27.64,27.65,27.68,27.7,27.75,27.76,27.78,400,100,3700,300,10900,11100,11100,10900,1000,200,100,700,2800,5100,100,2000,4200,800,1100,1800
163.0,27.49,36700,1004367.0,27.49,27.43,27.42,27.41,27.38,27.25,27.2,27.14,27.09,27.06,27.58,27.59,27.63,27.64,27.65,27.68,27.7,27.75,27.76,27.78,800,400,100,3700,500,10900,11100,11100,10900,1000,600,700,2800,5100,100,2000,4200,800,1100,1800
164.0,27.49,36700,1004367.0,27.49,27.43,27.42,27.41,27.38,27.25,27.2,27.14,27.09,27.06,27.58,27.59,27.63,27.64,27.65,27.68,27.7,27.75,27.76,27.78,800,400,100,3700,500,10900,11100,11100,10900,1000,600,700,2800,5100,100,2000,4200,800,1100,1800
165.0,27.49,36700,1004367.0,27.5,27.49,27.43,27.42,27.41,27.38,27.25,27.2,27.14,27.09,27.58,27.59,27.63,27.64,27.65,27.68,27.7,27.75,27.76,27.78,100,800,400,100,3700,500,10900,11100,11100,10900,600,700,2800,5100,100,2000,4200,800,1100,1800
166.0,27.49,36700,1004367.0,27.5,27.49,27.44,27.43,27.42,27.41,27.38,27.25,27.2,27.14,27.58,27.59,27.63,27.64,27.65,27.68,27.7,27.75,27.76,27.78,100,800,100,400,100,3700,500,10900,11100,11100,600,700,2800,5100,100,2000,4200,800,1100,1800
167.0,27.49,36700,1004367.0,27.5,27.49,27.44,27.43,27.42,27.41,27.38,27.25,27.2,27.14,27.58,27.59,27.63,27.64,27.65,27.68,27.7,27.75,27.76,27.78,100,800,100,400,100,3700,500,10900,11100,11100,600,700,2800,5100,100,2000,4200,800,1100,1800
168.0,27.49,36700,1004367.0,27.5,27.49,27.44,27.43,27.42,27.41,27.38,27.25,27.2,27.14,27.58,27.59,27.63,27.64,27.65,27.68,27.7,27.75,27.76,27.78,100,800,100,400,100,3700,500,10900,11100,11100,600,700,2800,5100,600,2000,4200,800,1100,1800
169.0,27.49,36700,1004367.0,27.5,27.44,27.43,27.42,27.41,27.38,27.25,27.2,27.14,27.09,27.58,27.59,27.63,27.64,27.65,27.68,27.7,27.75,27.76,27.78,100,100,400,100,3700,500,10900,11100,11100,10900,600,700,2800,5100,600,2000,4200,800,1100,1800
170.0,27.49,36700,1004367.0,27.5,27.44,27.43,27.42,27.41,27.38,27.26,27.25,27.2,27.14,27.58,27.59,27.63,27.64,27.65,27.68,27.7,27.75,27.76,27.78,100,100,400,100,3700,500,9800,10900,11100,11100,600,700,2800,5100,600,2000,4200,800,1100,1800
171.0,27.49,36700,1004367.0,27.5,27.44,27.43,27.42,27.41,27.38,27.26,27.25,27.2,27.14,27.58,27.59,27.63,27.64,27.65,27.68,27.7,27.75,27.76,27.78,100,100,400,100,3700,500,9800,10900,11100,11100,600,700,2800,5100,600,2000,4200,800,1100,1800
172.0,27.49,36700,1004367.0,27.5,27.44,27.43,27.42,27.41,27.38,27.26,27.25,27.2,27.14,27.58,27.59,27.63,27.64,27.65,27.68,27.7,27.75,27.76,27.78,100,100,400,100,3700,500,9800,10900,11100,11100,600,700,2800,5100,600,2000,4200,800,1100,1800
173.0,27.49,36700,1004367.0,27.5,27.43,27.42,27.41,27.38,27.26,27.25,27.2,27.14,27.09,27.58,27.59,27.63,27.64,27.65,27.68,27.7,27.75,27.76,27.78,100,200,100,3700,500,9800,10900,11100,11100,10900,600,700,2800,5100,600,2000,4200,800,1100,1800
174.0,27.49,36700,1004367.0,27.5,27.42,27.41,27.38,27.26,27.25,27.2,27.14,27.09,27.06,27.58,27.59,27.63,27.64,27.65,27.68,27.7,27.75,27.76,27.78,3000,100,3700,500,9800,10900,11100,11100,10900,1000,600,700,2800,5100,600,2000,3000,800,1100,1800
175.0,27.49,36700,1004367.0,27.5,27.42,27.41,27.38,27.26,27.25,27.2,27.14,27.09,27.06,27.58,27.59,27.63,27.64,27.65,27.68,27.7,27.75,27.76,27.78,3000,100,3700,500,9800,10900,11100,11100,10900,1000,600,700,2800,5100,600,2000,3000,800,1100,1800
176.0,27.5,37000,1012617.0,27.5,27.42,27.41,27.38,27.26,27.25,27.2,27.14,27.09,27.06,27.58,27.59,27.63,27.64,27.65,27.68,27.7,27.75,27.76,27.78,2700,100,3700,500,9800,10900,11100,11100,10900,1000,600,700,2800,5100,600,2000,3000,800,1100,1800
177.0,27.5,37000,1012617.0,27.5,27.42,27.41,27.38,27.26,27.25,27.2,27.14,27.09,27.06,27.58,27.59,27.63,27.64,27.65,27.68,27.7,27.75,27.76,27.78,2700,100,3700,500,9800,10900,11100,11100,10900,1000,600,700,2800,5100,600,2000,3000,800,1100,1800
178.0,27.5,37200,1018117.0,27.5,27.42,27.41,27.38,27.26,27.25,27.2,27.14,27.09,27.06,27.58,27.59,27.63,27.64,27.65,27.68,27.7,27.75,27.76,27.78,2500,100,3700,500,9800,10900,11100,11100,10900,1000,600,700,2800,5100,600,2000,3000,800,1100,1800
179.0,27.5,37400,1023617.0,27.5,27.42,27.41,27.38,27.26,27.25,27.2,27.14,27.09,27.06,27.58,27.59,27.63,27.64,27.65,27.68,27.7,27.75,27.76,27.78,2300,100,3700,500,9800,10900,11100,11100,10900,1000,600,700,2800,5100,600,2000,3000,800,1100,1800
180.0,27.5,37800,1034617.0,27.5,27.42,27.41,27.38,27.26,27.25,27.2,27.14,27.09,27.06,27.58,27.59,27.63,27.64,27.65,27.68,27.7,27.75,27.76,27.78,1900,100,3700,500,9800,10900,11100,11100,10900,1000,600,700,2800,5100,600,2000,3000,800,1100,1800
181.0,27.5,37800,1034617.0,27.5,27.42,27.41,27.38,27.26,27.25,27.2,27.14,27.09,27.06,27.58,27.59,27.63,27.64,27.65,27.68,27.7,27.75,27.76,27.78,1900,100,3700,500,9800,10900,11100,11100,10900,1000,600,700,2800,5100,600,2000,3000,800,1100,1800
182.0,27.5,37800,1034617.0,27.5,27.42,27.41,27.38,27.26,27.25,27.2,27.14,27.09,27.06,27.58,27.59,27.63,27.64,27.65,27.68,27.7,27.75,27.76,27.78,1900,100,3700,500,9800,10900,11100,11100,10900,1000,600,700,2800,5100,600,2000,3000,800,1100,1800
183.0,27.5,37900,1037367.0,27.5,27.42,27.41,27.38,27.26,27.25,27.2,27.14,27.09,27.06,27.58,27.59,27.63,27.64,27.65,27.68,27.7,27.75,27.76,27.78,1800,100,3700,500,9800,10900,11100,11100,10900,1000,600,700,2800,5100,600,2000,3000,800,1100,1800
184.0,27.5,37900,1037367.0,27.51,27.5,27.42,27.41,27.38,27.26,27.25,27.2,27.14,27.09,27.58,27.59,27.63,27.64,27.65,27.68,27.7,27.75,27.76,27.78,100,1800,100,3700,500,9800,10900,11100,11100,10900,600,700,2800,5100,600,2000,3000,800,1100,1800
185.0,27.5,37900,1037367.0,27.57,27.51,27.5,27.42,27.41,27.38,27.26,27.25,27.2,27.14,27.58,27.59,27.63,27.64,27.65,27.68,27.7,27.75,27.76,27.78,100,100,1800,100,3700,500,9800,10900,11100,11100,600,700,2800,5100,600,2000,3000,800,1100,1800
186.0,27.57,38000,1040124.0,27.51,27.5,27.42,27.41,27.38,27.26,27.25,27.2,27.14,27.09,27.58,27.59,27.63,27.64,27.65,27.68,27.7,27.75,27.76,27.78,400,1800,100,3700,500,9800,10900,11100,11100,10900,600,700,2800,5100,600,2000,3000,800,1100,1800
187.0,27.57,38000,1040124.0,27.52,27.51,27.5,27.42,27.41,27.38,27.26,27.25,27.2,27.14,27.58,27.59,27.63,27.64,27.65,27.68,27.7,27.75,27.76,27.78,600,400,1800,100,3700,500,9800,10900,11100,11100,600,700,2800,5100,600,2000,3000,800,1100,1800
188.0,27.57,38000,1040124.0,27.52,27.51,27.5,27.42,27.41,27.38,27.26,27.25,27.2,27.14,27.58,27.59,27.63,27.64,27.65,27.68,27.7,27.75,27.76,27.78,600,400,1800,100,3700,500,9800,10900,11100,11100,600,700,2800,5100,600,2000,3000,800,1100,1800
189.0,27.57,38000,1040124.0,27.54,27.53,27.52,27.51,27.5,27.42,27.41,27.38,27.26,27.25,27.58,27.59,27.63,27.64,27.65,27.68,27.7,27.75,27.76,27.78,200,400,600,400,1800,100,3700,500,9800,10900,600,700,2800,5100,600,2000,3000,800,1100,1800
190.0,27.57,38000,1040124.0,27.54,27.53,27.52,27.51,27.5,27.42,27.41,27.38,27.26,27.25,27.58,27.59,27.63,27.64,27.65,27.68,27.7,27.75,27.76,27.78,200,400,600,400,1800,100,3700,500,9800,10900,600,700,2800,5100,600,2000,3000,800,1100,1800
191.0,27.57,38000,1040124.0,27.54,27.53,27.52,27.51,27.5,27.42,27.41,27.38,27.26,27.25,27.58,27.59,27.63,27.64,27.65,27.68,27.7,27.75,27.76,27.78,200,400,600,400,1800,100,3700,500,9800,10900,600,700,2800,5100,600,2000,3000,800,1100,1800
192.0,27.57,38000,1040124.0,27.54,27.53,27.52,27.51,27.5,27.42,27.41,27.38,27.26,27.25,27.58,27.59,27.63,27.64,27.65,27.68,27.7,27.75,27.76,27.78,500,400,600,100,1800,100,3700,500,9800,10900,600,700,2800,5100,600,2000,3000,800,1100,1800
193.0,27.57,38000,1040124.0,27.54,27.53,27.52,27.51,27.5,27.42,27.41,27.38,27.26,27.25,27.58,27.59,27.63,27.64,27.65,27.68,27.7,27.75,27.76,27.78,500,400,600,100,1800,100,3700,500,9800,10900,600,700,2800,5100,600,2000,3000,800,1100,1800
194.0,27.57,38000,1040124.0,27.54,27.53,27.52,27.51,27.5,27.42,27.41,27.38,27.26,27.25,27.58,27.59,27.63,27.64,27.65,27.68,27.7,27.75,27.76,27.78,500,400,600,100,1800,100,3700,500,9800,10900,600,700,2800,5100,600,2000,3000,800,1100,1800
195.0,27.57,38000,1040124.0,27.54,27.53,27.52,27.51,27.5,27.42,27.41,27.38,27.26,27.25,27.58,27.59,27.63,27.64,27.65,27.68,27.7,27.75,27.76,27.78,500,400,600,100,1800,100,3700,500,9800,10900,600,700,2800,5100,600,2000,3000,800,1100,1800
196.0,27.57,38000,1040124.0,27.54,27.53,27.52,27.51,27.5,27.42,27.41,27.38,27.26,27.25,27.58,27.59,27.63,27.64,27.65,27.68,27.7,27.75,27.76,27.78,500,400,600,100,1800,100,3700,500,9800,10900,600,700,2800,5100,600,2000,3000,800,1100,1800
197.0,27.57,38000,1040124.0,27.54,27.53,27.52,27.51,27.5,27.42,27.41,27.38,27.26,27.25,27.58,27.59,27.63,27.64,27.65,27.68,27.7,27.75,27.76,27.78,500,400,600,100,1800,100,3700,500,9800,10900,600,700,2800,5100,600,2000,3000,800,1100,1800
198.0,27.58,38100,1042882.0,27.54,27.53,27.52,27.51,27.5,27.42,27.41,27.38,27.26,27.25,27.59,27.63,27.64,27.65,27.68,27.7,27.75,27.76,27.78,27.81,500,400,600,100,1800,100,3700,500,9800,10900,700,2800,5100,600,2000,3000,800,1100,1800,1000
199.0,27.58,38100,1042882.0,27.54,27.53,27.52,27.51,27.5,27.42,27.41,27.38,27.26,27.25,27.59,27.63,27.64,27.65,27.68,27.7,27.75,27.76,27.78,27.81,500,400,600,100,1800,100,3700,500,9800,10900,700,2800,5100,600,2000,3000,800,1100,1800,1000
200.0,27.58,38100,1042882.0,27.54,27.53,27.52,27.51,27.5,27.42,27.41,27.38,27.26,27.25,27.59,27.63,27.64,27.65,27.68,27.7,27.75,27.76,27.78,27.81,500,400,600,100,1800,100,3700,500,9800,10900,700,2800,5100,600,2000,3000,800,1100,1800,1000
201.0,27.58,38100,1042882.0,27.54,27.53,27.52,27.51,27.5,27.42,27.41,27.38,27.26,27.25,27.59,27.63,27.64,27.65,27.68,27.7,27.75,27.76,27.78,27.81,500,200,600,100,1800,100,3700,500,9800,10900,700,2800,5100,600,2000,3000,800,1100,1800,1000
202.0,27.58,38100,1042882.0,27.54,27.52,27.51,27.5,27.42,27.41,27.38,27.26,27.25,27.2,27.59,27.63,27.64,27.65,27.68,27.7,27.75,27.76,27.78,27.81,500,600,100,1800,100,3700,500,9800,10900,11100,700,2800,5100,600,2000,3000,800,1100,1800,1000
203.0,27.54,38200,1045636.0,27.54,27.52,27.51,27.5,27.42,27.41,27.38,27.26,27.25,27.2,27.59,27.63,27.64,27.65,27.68,27.7,27.75,27.76,27.78,27.81,400,600,100,1800,100,3700,500,9800,10900,11100,700,2800,5100,600,2000,3000,800,1100,1500,1000
204.0,27.54,38200,1045636.0,27.54,27.52,27.51,27.5,27.42,27.41,27.38,27.26,27.25,27.2,27.59,27.63,27.64,27.65,27.68,27.7,27.75,27.76,27.78,27.81,400,600,100,1800,100,3700,500,9800,10900,11100,700,2800,5100,600,2000,3000,800,1100,1500,1000
205.0,27.54,38200,1045636.0,27.54,27.52,27.51,27.5,27.42,27.41,27.38,27.26,27.25,27.2,27.59,27.63,27.64,27.65,27.68,27.7,27.75,27.76,27.78,27.81,400,600,100,1800,100,3700,500,9800,10900,11100,700,2800,5100,600,2000,3000,800,1100,1500,1000
206.0,27.54,38200,1045636.0,27.54,27.52,27.51,27.5,27.42,27.41,27.38,27.26,27.25,27.2,27.59,27.63,27.64,27.65,27.68,27.7,27.75,27.76,27.78,27.81,1900,600,100,1800,100,3700,500,9800,10900,11100,700,2800,5000,600,2000,3000,800,1100,1500,1000
207.0,27.54,38300,1048390.0,27.54,27.52,27.51,27.5,27.42,27.41,27.38,27.26,27.25,27.2,27.59,27.63,27.64,27.65,27.68,27.7,27.75,27.76,27.78,27.81,1800,600,100,1800,100,3700,500,9800,10900,11100,700,2800,5000,600,2000,3000,800,1100,1500,1000
208.0,27.54,38300,1048390.0,27.54,27.52,27.51,27.5,27.42,27.41,27.38,27.26,27.25,27.2,27.59,27.63,27.64,27.65,27.68,27.7,27.75,27.76,27.78,27.81,1800,600,100,1800,100,3700,500,9800,10900,11100,700,2800,5000,600,2000,3500,800,1100,1500,1000
209.0,27.54,38300,1048390.0,27.54,27.52,27.51,27.5,27.42,27.41,27.38,27.26,27.25,27.2,27.59,27.63,27.64,27.65,27.68,27.7,27.75,27.76,27.78,27.81,1800,600,100,1800,100,3700,500,9800,10900,11100,700,2800,5000,600,2000,3500,800,1100,1500,1000
210.0,27.54,38300,1048390.0,27.54,27.52,27.51,27.5,27.42,27.41,27.38,27.26,27.25,27.2,27.59,27.63,27.64,27.65,27.68,27.7,27.75,27.76,27.78,27.81,1800,600,100,1800,100,3700,500,9800,10900,11100,700,2800,5000,600,2000,3500,800,1100,1500,1000
211.0,27.54,38400,1051144.0,27.54,27.52,27.51,27.5,27.42,27.41,27.38,27.26,27.25,27.2,27.59,27.63,27.64,27.65,27.68,27.7,27.75,27.76,27.78,27.81,1700,600,100,1800,100,3700,500,9800,10900,11100,700,2800,5000,600,2000,3500,800,1100,1500,1000
212.0,27.54,38400,1051144.0,27.54,27.52,27.51,27.5,27.42,27.41,27.38,27.26,27.25,27.2,27.59,27.63,27.64,27.65,27.68,27.7,27.75,27.76,27.78,27.81,1700,600,100,1800,100,3700,500,9800,10900,11100,700,2800,5000,600,2000,3500,800,1100,1500,1000
213.0,27.58,39500,1081478.0,27.54,27.52,27.51,27.5,27.42,27.41,27.38,27.26,27.25,27.2,27.58,27.59,27.63,27.64,27.65,27.68,27.7,27.75,27.76,27.78,1600,600,100,1800,100,3700,500,9800,10900,11100,300,700,2800,5000,600,2000,3500,800,1100,1500
214.0,27.54,39600,1084232.0,27.54,27.52,27.51,27.5,27.42,27.41,27.38,27.26,27.25,27.2,27.58,27.59,27.63,27.64,27.65,27.68,27.7,27.75,27.76,27.78,1500,600,100,1800,100,3700,500,9800,10900,11100,300,700,2800,5000,600,2000,3500,800,1100,1500
215.0,27.54,39900,1092494.0,27.54,27.52,27.51,27.5,27.42,27.41,27.38,27.26,27.25,27.2,27.58,27.59,27.63,27.64,27.65,27.68,27.7,27.75,27.76,27.78,1200,600,100,1800,100,3700,500,9800,10900,11100,300,700,2800,5000,600,2000,3500,800,1100,1500
216.0,27.54,39900,1092494.0,27.54,27.52,27.51,27.5,27.42,27.41,27.38,27.26,27.25,27.2,27.58,27.59,27.63,27.64,27.65,27.68,27.7,27.75,27.76,27.78,1200,600,100,1800,100,3700,500,9800,10900,11100,300,700,2800,5000,600,2000,3500,800,1100,1500
217.0,27.54,39900,1092494.0,27.54,27.52,27.51,27.5,27.42,27.41,27.38,27.26,27.25,27.2,27.58,27.59,27.63,27.64,27.65,27.68,27.7,27.75,27.76,27.78,1200,600,100,1800,100,3700,500,9800,10900,11100,300,700,2800,5000,600,2000,3500,800,1100,1500
218.0,27.54,40000,1095248.0,27.54,27.52,27.51,27.5,27.42,27.41,27.38,27.26,27.25,27.2,27.58,27.59,27.63,27.64,27.65,27.68,27.7,27.75,27.76,27.78,1100,600,100,1800,100,3700,500,9800,10900,11100,300,700,2800,5000,600,2000,3500,800,1100,1500
219.0,27.54,40000,1095248.0,27.54,27.52,27.51,27.5,27.42,27.41,27.38,27.26,27.25,27.2,27.58,27.59,27.63,27.64,27.65,27.68,27.7,27.75,27.76,27.78,3100,600,100,1800,100,3700,500,9800,10900,11100,300,700,2800,5000,600,2000,3500,800,1100,1500
220.0,27.54,40300,1103510.0,27.54,27.52,27.51,27.5,27.42,27.41,27.38,27.26,27.25,27.2,27.58,27.59,27.63,27.64,27.65,27.68,27.7,27.75,27.76,27.78,2800,600,100,1800,100,3700,500,9800,10900,11100,300,700,2800,5000,600,2000,3500,800,1100,1500
221.0,27.54,40500,1109018.0,27.54,27.52,27.51,27.5,27.42,27.41,27.38,27.26,27.25,27.2,27.58,27.59,27.63,27.64,27.65,27.68,27.7,27.75,27.76,27.78,2600,600,100,1800,100,3700,500,9800,10900,11100,300,700,2800,5000,600,2000,3500,800,1100,1500
222.0,27.54,40500,1109018.0,27.54,27.52,27.51,27.5,27.42,27.41,27.38,27.26,27.25,27.2,27.58,27.59,27.63,27.64,27.65,27.68,27.69,27.7,27.75,27.76,2600,600,100,1800,100,3700,500,9800,10900,11100,300,700,2800,5000,600,2000,2900,3500,800,1100
223.0,27.54,40500,1109018.0,27.54,27.52,27.51,27.5,27.42,27.41,27.38,27.26,27.25,27.2,27.58,27.59,27.63,27.64,27.65,27.68,27.69,27.7,27.75,27.76,2600,600,100,1800,100,3700,500,9800,10900,11100,300,700,2800,5000,600,2000,2900,3500,800,1100
224.0,27.54,42100,1153082.0,27.54,27.52,27.51,27.5,27.42,27.41,27.38,27.26,27.25,27.2,27.55,27.58,27.59,27.63,27.64,27.65,27.68,27.69,27.7,27.75,1000,600,100,1800,100,3700,500,9800,10900,11100,100,300,700,2800,5000,600,2000,2900,3500,800
225.0,27.54,42100,1153082.0,27.54,27.52,27.51,27.5,27.42,27.41,27.38,27.26,27.25,27.2,27.55,27.58,27.59,27.63,27.64,27.65,27.68,27.69,27.7,27.75,1000,600,100,1800,100,3700,500,9800,10900,11100,100,300,700,2800,5000,600,2000,2900,3500,800
226.0,27.54,42100,1153082.0,27.54,27.52,27.51,27.5,27.42,27.41,27.38,27.26,27.25,27.2,27.55,27.58,27.59,27.63,27.64,27.65,27.68,27.69,27.7,27.75,1000,600,100,1800,100,3700,500,9800,10900,11100,100,300,700,2800,5000,600,2000,2900,3500,800
227.0,27.54,43100,1180622.0,27.52,27.51,27.5,27.42,27.41,27.38,27.26,27.25,27.2,27.14,27.54,27.55,27.58,27.59,27.63,27.64,27.65,27.68,27.69,27.7,600,100,1800,100,3700,500,9800,10900,11100,11100,600,100,300,700,2800,5000,600,2000,2900,3500
228.0,27.54,43100,1180622.0,27.52,27.51,27.5,27.42,27.41,27.38,27.26,27.25,27.2,27.14,27.54,27.55,27.58,27.59,27.63,27.64,27.65,27.68,27.69,27.7,600,100,1800,100,3700,500,9800,10900,11100,11100,600,100,300,700,2800,5000,600,2000,2900,3500
229.0,27.54,43100,1180622.0,27.52,27.5,27.42,27.41,27.38,27.26,27.25,27.2,27.14,27.09,27.54,27.55,27.58,27.59,27.63,27.64,27.65,27.68,27.69,27.7,600,1800,100,3700,500,9800,10900,11100,11100,10900,600,100,300,700,2800,5000,600,2000,2900,3500
230.0,27.54,43100,1180622.0,27.52,27.5,27.42,27.41,27.38,27.26,27.25,27.2,27.14,27.09,27.54,27.55,27.58,27.59,27.63,27.64,27.65,27.68,27.69,27.7,600,1800,100,3700,500,9800,10900,11100,11100,10900,600,100,300,700,2800,5000,600,2000,2900,3500
231.0,27.54,43500,1191638.0,27.52,27.5,27.42,27.41,27.38,27.26,27.25,27.2,27.14,27.09,27.54,27.55,27.58,27.59,27.63,27.64,27.65,27.68,27.69,27.7,600,1800,100,3700,500,9800,10900,11100,11100,10900,200,100,300,700,2800,5000,600,2000,2900,3500
232.0,27.55,43800,1199901.0,27.52,27.5,27.42,27.41,27.38,27.26,27.25,27.2,27.14,27.09,27.58,27.59,27.63,27.64,27.65,27.68,27.69,27.7,27.75,27.76,600,1800,100,3700,500,9800,10900,11100,11100,10900,300,700,2800,5000,600,2000,2900,3500,800,1100
233.0,27.58,43900,1202659.0,27.55,27.52,27.5,27.42,27.41,27.38,27.26,27.25,27.2,27.14,27.58,27.59,27.63,27.64,27.65,27.68,27.69,27.7,27.75,27.76,400,600,1800,100,3700,500,9800,10900,11100,11100,200,700,2800,5000,600,2000,2900,3500,800,1100
234.0,27.58,43900,1202659.0,27.55,27.52,27.5,27.42,27.41,27.38,27.26,27.25,27.2,27.14,27.58,27.59,27.63,27.64,27.65,27.68,27.69,27.7,27.75,27.76,500,600,1800,100,3700,500,9800,10900,11100,11100,200,700,2800,5000,600,2000,2900,3500,800,1100
235.0,27.58,43900,1202659.0,27.55,27.52,27.5,27.42,27.41,27.38,27.26,27.25,27.2,27.14,27.58,27.59,27.63,27.64,27.65,27.68,27.69,27.7,27.75,27.76,500,600,1800,100,3700,500,9800,10900,11100,11100,200,700,2800,5000,600,2000,2900,3500,800,1100
236.0,27.58,43900,1202659.0,27.55,27.52,27.5,27.42,27.41,27.38,27.26,27.25,27.2,27.14,27.58,27.59,27.63,27.64,27.65,27.68,27.69,27.7,27.75,27.76,500,600,1800,100,3700,500,9800,10900,11100,11100,200,700,2800,5000,600,2000,2900,3500,800,1100
237.0,27.58,43900,1202659.0,27.55,27.52,27.5,27.42,27.41,27.38,27.26,27.25,27.2,27.14,27.58,27.63,27.64,27.65,27.68,27.69,27.7,27.75,27.76,27.78,500,600,1800,100,3700,500,9800,10900,11100,11100,200,2800,5000,600,2000,2900,3500,800,1100,1500
238.0,27.55,44000,1205414.0,27.55,27.52,27.5,27.42,27.41,27.38,27.26,27.25,27.2,27.14,27.58,27.63,27.64,27.65,27.68,27.69,27.7,27.75,27.76,27.78,400,600,1800,100,3700,500,9800,10900,11100,11100,200,1000,5000,600,2000,2900,3500,800,1100,1500
239.0,27.55,44000,1205414.0,27.55,27.52,27.5,27.42,27.41,27.38,27.26,27.25,27.2,27.14,27.58,27.63,27.64,27.65,27.68,27.69,27.7,27.75,27.76,27.78,400,600,1800,100,3700,500,9800,10900,11100,11100,200,1000,5000,600,2000,2900,3500,800,1100,1500
240.0,27.55,44000,1205414.0,27.55,27.52,27.5,27.42,27.41,27.38,27.26,27.25,27.2,27.14,27.58,27.63,27.64,27.65,27.68,27.69,27.7,27.75,27.76,27.78,400,600,1800,100,3700,500,9800,10900,11100,11100,200,1000,5000,600,2000,2900,3500,800,1100,1500
241.0,27.55,44000,1205414.0,27.55,27.52,27.5,27.42,27.41,27.38,27.26,27.25,27.2,27.14,27.58,27.63,27.64,27.65,27.68,27.69,27.7,27.75,27.76,27.78,400,600,1800,100,3700,500,9800,10900,11100,11100,200,1400,5000,600,2000,2900,3500,800,1100,1500
242.0,27.55,44000,1205414.0,27.55,27.5,27.42,27.41,27.38,27.26,27.25,27.2,27.14,27.09,27.58,27.63,27.64,27.65,27.68,27.69,27.7,27.75,27.76,27.78,400,1800,100,3700,500,9800,10900,11100,11100,10900,200,1500,5000,600,2000,2900,3500,800,1100,1500
243.0,27.55,44000,1205414.0,27.55,27.5,27.42,27.41,27.38,27.26,27.25,27.2,27.14,27.09,27.58,27.63,27.64,27.65,27.68,27.69,27.7,27.75,27.76,27.78,400,1800,100,3700,500,9800,10900,11100,11100,10900,200,1500,5000,600,2000,2900,3500,800,1100,1500
244.0,27.55,44000,1205414.0,27.55,27.5,27.42,27.41,27.38,27.26,27.25,27.2,27.14,27.09,27.58,27.63,27.64,27.65,27.68,27.69,27.7,27.75,27.76,27.78,400,1800,100,3700,500,9800,10900,11100,11100,10900,200,1500,5000,600,2000,2900,3500,800,1100,1500
245.0,27.55,44000,1205414.0,27.55,27.5,27.42,27.41,27.38,27.26,27.25,27.2,27.14,27.09,27.58,27.63,27.64,27.65,27.68,27.69,27.7,27.75,27.76,27.78,400,1800,100,3700,500,9800,10900,11100,11100,10900,200,1500,5000,600,2000,2900,3500,800,1100,1500
246.0,27.55,44000,1205414.0,27.55,27.5,27.42,27.41,27.38,27.26,27.25,27.2,27.14,27.09,27.58,27.63,27.64,27.65,27.68,27.69,27.7,27.75,27.76,27.78,400,1800,100,3700,500,9800,10900,11100,11100,10900,200,1500,5000,600,2000,2900,3500,800,1100,1500
247.0,27.55,44000,1205414.0,27.55,27.5,27.42,27.41,27.38,27.26,27.25,27.2,27.14,27.09,27.58,27.63,27.64,27.65,27.68,27.69,27.7,27.75,27.76,27.78,400,1800,100,3700,500,9800,10900,11100,11100,10900,200,1500,5000,600,2000,2900,3500,800,1100,1500
248.0,27.55,44000,1205414.0,27.55,27.5,27.42,27.41,27.38,27.26,27.25,27.2,27.14,27.09,27.58,27.63,27.64,27.65,27.68,27.69,27.7,27.75,27.76,27.78,400,1800,100,3700,500,9800,10900,11100,11100,10900,200,1500,5000,600,2000,2900,3500,800,1100,1500
249.0,27.55,44000,1205414.0,27.55,27.5,27.42,27.41,27.38,27.26,27.25,27.2,27.14,27.09,27.58,27.63,27.64,27.65,27.68,27.69,27.7,27.75,27.76,27.78,400,1800,100,3700,500,9800,10900,11100,11100,10900,200,1500,5000,600,2000,2900,3500,800,1100,1500
250.0,27.55,44000,1205414.0,27.55,27.5,27.42,27.41,27.38,27.26,27.25,27.2,27.14,27.09,27.58,27.63,27.64,27.65,27.68,27.69,27.7,27.75,27.76,27.78,600,1800,100,3700,500,9800,10900,11100,11100,10900,200,1500,5000,600,2000,2900,3500,800,1100,1500
251.0,27.58,44100,1208172.0,27.55,27.5,27.42,27.41,27.38,27.26,27.25,27.2,27.14,27.09,27.58,27.63,27.64,27.65,27.68,27.69,27.7,27.75,27.76,27.78,600,1800,100,3700,500,9800,10900,11100,11100,10900,700,1500,5000,600,2000,2900,3500,800,1100,1500
252.0,27.58,44100,1208172.0,27.55,27.5,27.42,27.41,27.38,27.26,27.25,27.2,27.14,27.09,27.58,27.63,27.64,27.65,27.68,27.69,27.7,27.75,27.76,27.78,600,1800,100,3700,500,9800,10900,11100,11100,10900,700,1500,5000,600,2000,2900,3500,800,1100,1500
253.0,27.55,44700,1224702.0,27.5,27.42,27.41,27.38,27.26,27.25,27.2,27.14,27.09,27.06,27.55,27.58,27.63,27.64,27.65,27.68,27.69,27.7,27.75,27.76,1800,100,3700,500,9800,10900,11100,11100,10900,1000,100,700,1500,5000,600,2000,2900,3500,800,1100
254.0,27.55,44700,1224702.0,27.5,27.42,27.41,27.38,27.26,27.25,27.2,27.14,27.09,27.06,27.55,27.58,27.63,27.64,27.65,27.68,27.69,27.7,27.75,27.76,1800,100,3700,500,9800,10900,11100,11100,10900,1000,100,700,1500,5000,600,2000,2900,3500,800,1100
255.0,27.55,44700,1224702.0,27.5,27.42,27.41,27.38,27.26,27.25,27.2,27.14,27.09,27.06,27.55,27.58,27.63,27.64,27.65,27.68,27.69,27.7,27.75,27.76,1800,100,3700,500,9800,10900,11100,11100,10900,1000,100,700,1500,5000,600,2000,2900,3500,800,1100
256.0,27.58,45200,1238489.0,27.5,27.42,27.41,27.38,27.26,27.25,27.2,27.14,27.09,27.06,27.58,27.63,27.64,27.65,27.68,27.69,27.7,27.75,27.76,27.78,1800,100,3700,500,9800,10900,11100,11100,10900,1000,300,1500,5000,600,2000,2900,3500,800,1100,1500
257.0,27.5,45300,1241239.0,27.5,27.42,27.41,27.38,27.26,27.25,27.2,27.14,27.09,27.06,27.58,27.63,27.64,27.65,27.68,27.69,27.7,27.75,27.76,27.78,1700,100,3700,500,9800,10900,11100,11100,10900,1000,300,1500,5000,600,2000,2900,3500,800,1100,1500
258.0,27.5,45300,1241239.0,27.55,27.5,27.42,27.41,27.38,27.26,27.25,27.2,27.14,27.09,27.58,27.63,27.64,27.65,27.68,27.69,27.7,27.75,27.76,27.78,3800,1700,100,3700,500,9800,10900,11100,11100,10900,300,1500,5000,600,2000,2900,3500,800,1100,1500
259.0,27.5,45300,1241239.0,27.55,27.5,27.42,27.41,27.38,27.26,27.25,27.2,27.14,27.09,27.58,27.63,27.64,27.65,27.68,27.69,27.7,27.75,27.76,27.78,3800,1700,100,3700,500,9800,10900,11100,11100,10900,300,1500,5000,600,2000,2900,3500,800,1100,1500
260.0,27.5,45300,1241239.0,27.55,27.5,27.42,27.41,27.38,27.26,27.25,27.2,27.14,27.09,27.58,27.63,27.64,27.65,27.68,27.69,27.7,27.75,27.76,27.78,3800,1700,100,3700,500,9800,10900,11100,11100,10900,300,1500,5000,600,2000,2900,3500,800,1100,1500
261.0,27.5,45300,1241239.0,27.55,27.5,27.42,27.41,27.38,27.26,27.25,27.2,27.14,27.09,27.58,27.63,27.64,27.65,27.68,27.69,27.7,27.75,27.76,27.78,4000,1700,100,3700,500,9800,10900,11100,11100,10900,300,1500,5000,600,2000,2900,3500,800,1100,1500
262.0,27.55,46000,1260524.0,27.55,27.5,27.42,27.41,27.38,27.26,27.25,27.2,27.14,27.09,27.58,27.63,27.64,27.65,27.68,27.69,27.7,27.75,27.76,27.78,3300,1700,100,3700,500,9800,10900,11100,11100,10900,300,1500,5000,600,2000,2900,3500,800,1100,1500
263.0,27.55,46000,1260524.0,27.55,27.5,27.42,27.41,27.38,27.26,27.25,27.2,27.14,27.09,27.58,27.63,27.64,27.65,27.68,27.69,27.7,27.75,27.76,27.78,3300,1700,100,3700,500,9800,10900,11100,11100,10900,300,1500,5000,600,2000,2900,3500,800,1100,1500
264.0,27.55,46300,1268789.0,27.55,27.5,27.42,27.41,27.38,27.26,27.25,27.2,27.14,27.09,27.58,27.63,27.64,27.65,27.68,27.69,27.7,27.75,27.76,27.78,3000,1700,100,3700,500,9800,10900,11100,11100,10900,300,1500,5000,600,2000,2900,3500,800,1100,1500
265.0,27.55,46300,1268789.0,27.55,27.5,27.42,27.41,27.38,27.26,27.25,27.2,27.14,27.09,27.58,27.63,27.64,27.65,27.68,27.69,27.7,27.75,27.76,27.78,3000,1700,100,3700,500,9800,10900,11100,11100,10900,300,2100,5000,600,2000,2900,3500,800,1100,1500
266.0,27.55,46300,1268789.0,27.55,27.5,27.42,27.41,27.38,27.26,27.25,27.2,27.14,27.09,27.58,27.63,27.64,27.65,27.68,27.69,27.7,27.75,27.76,27.78,3000,1700,100,3700,500,9800,10900,11100,11100,10900,300,2100,5000,600,2000,2900,3500,800,1100,1500
267.0,27.55,46300,1268789.0,27.55,27.5,27.42,27.41,27.38,27.26,27.25,27.2,27.14,27.09,27.58,27.63,27.64,27.65,27.68,27.69,27.7,27.75,27.76,27.78,3000,1700,100,3700,500,9800,10900,11100,11100,10900,300,2100,5000,600,2000,2900,3500,800,1100,1500
268.0,27.55,46300,1268789.0,27.55,27.5,27.42,27.41,27.38,27.26,27.25,27.2,27.14,27.09,27.58,27.63,27.64,27.65,27.68,27.69,27.7,27.75,27.76,27.78,3000,1700,100,3700,500,9800,10900,11100,11100,10900,300,2100,5000,600,2000,2900,3500,800,1100,1500
269.0,27.55,46300,1268789.0,27.55,27.5,27.42,27.41,27.38,27.26,27.25,27.2,27.14,27.09,27.58,27.63,27.64,27.65,27.68,27.69,27.7,27.75,27.76,27.78,3000,1700,100,3700,500,9800,10900,11100,11100,10900,300,2100,5000,600,2000,2900,3500,800,1100,1500
270.0,27.55,46300,1268789.0,27.55,27.5,27.42,27.41,27.38,27.26,27.25,27.2,27.14,27.09,27.58,27.63,27.64,27.65,27.68,27.69,27.7,27.75,27.76,27.78,3000,1700,100,3700,500,9800,10900,11100,11100,10900,300,2100,5000,600,2000,2900,3500,800,1100,1500
271.0,27.55,46600,1277054.0,27.55,27.5,27.42,27.41,27.38,27.26,27.25,27.2,27.14,27.09,27.58,27.63,27.64,27.65,27.68,27.69,27.7,27.75,27.76,27.78,2700,1700,100,3700,500,9800,10900,11100,11100,10900,300,2100,5000,600,2000,2900,3500,800,1100,1500
272.0,27.55,46600,1277054.0,27.55,27.5,27.42,27.41,27.38,27.26,27.25,27.2,27.14,27.09,27.58,27.63,27.64,27.65,27.68,27.69,27.7,27.75,27.76,27.78,2700,1700,100,3700,500,9800,10900,11100,11100,10900,300,2100,5000,600,2000,2900,3500,800,1100,1500
273.0,27.55,47200,1293584.0,27.55,27.5,27.42,27.41,27.38,27.26,27.25,27.2,27.14,27.09,27.58,27.63,27.64,27.65,27.68,27.69,27.7,27.75,27.76,27.78,2100,1700,100,3700,500,9800,10900,11100,11100,10900,300,2100,5000,600,2000,2900,3500,800,1100,1500
274.0,27.55,47200,1293584.0,27.55,27.5,27.42,27.41,27.38,27.26,27.25,27.2,27.14,27.09,27.58,27.63,27.64,27.65,27.68,27.69,27.7,27.75,27.76,27.78,2100,1700,100,3700,500,9800,10900,11100,11100,10900,300,2100,5000,600,2000,2900,3500,800,1100,1500
275.0,27.55,47200,1293584.0,27.55,27.5,27.42,27.41,27.38,27.26,27.25,27.2,27.14,27.09,27.58,27.63,27.64,27.65,27.68,27.69,27.7,27.75,27.76,27.78,2100,1700,100,3700,500,9800,10900,11100,11100,10900,300,2100,5000,600,2000,2900,3500,800,1100,1500
276.0,27.55,47200,1293584.0,27.55,27.5,27.42,27.41,27.38,27.26,27.25,27.2,27.14,27.09,27.58,27.63,27.64,27.65,27.68,27.69,27.7,27.75,27.76,27.78,2100,1700,100,3700,500,9800,10900,11100,11100,10900,300,2100,5000,600,2000,2900,3500,800,1100,1500
277.0,27.55,47200,1293584.0,27.55,27.5,27.42,27.41,27.38,27.26,27.25,27.2,27.14,27.09,27.58,27.63,27.64,27.65,27.68,27.69,27.7,27.75,27.76,27.78,2100,1700,100,3700,500,9800,10900,11100,11100,10900,300,2100,5000,600,2000,2900,3500,800,1100,1500
278.0,27.55,47200,1293584.0,27.55,27.5,27.42,27.41,27.38,27.26,27.25,27.2,27.14,27.09,27.58,27.63,27.64,27.65,27.68,27.69,27.7,27.75,27.76,27.78,2100,1700,100,3700,500,9800,10900,11100,11100,10900,300,2100,5000,600,2000,2900,3500,800,1100,1500
279.0,27.55,47400,1299094.0,27.55,27.5,27.42,27.41,27.38,27.26,27.25,27.2,27.14,27.09,27.58,27.63,27.64,27.65,27.68,27.69,27.7,27.75,27.76,27.78,2000,1700,100,3700,500,9800,10900,11100,11100,10900,300,2100,5000,600,2000,2900,3500,800,1100,1500
280.0,27.55,47400,1299094.0,27.55,27.5,27.42,27.41,27.38,27.26,27.25,27.2,27.14,27.09,27.58,27.63,27.64,27.65,27.68,27.69,27.7,27.75,27.76,27.78,2000,1700,100,3700,500,9800,10900,11100,11100,10900,300,2100,5000,600,2000,2900,3500,800,1100,1500
281.0,27.55,47400,1299094.0,27.55,27.5,27.42,27.41,27.38,27.26,27.25,27.2,27.14,27.09,27.58,27.63,27.64,27.65,27.68,27.69,27.7,27.75,27.76,27.78,2000,1700,100,3700,500,9800,10900,11100,11100,10900,300,2100,5000,600,2000,2900,3500,800,1100,1500
282.0,27.55,47400,1299094.0,27.55,27.5,27.42,27.41,27.38,27.26,27.25,27.2,27.14,27.09,27.58,27.63,27.64,27.65,27.68,27.69,27.7,27.75,27.76,27.78,2000,1700,100,3700,500,9800,10900,11100,11100,10900,300,2100,5000,600,2000,2900,3500,800,1100,1500
283.0,27.55,47400,1299094.0,27.55,27.5,27.42,27.41,27.38,27.26,27.25,27.2,27.14,27.09,27.58,27.63,27.64,27.65,27.68,27.69,27.7,27.75,27.76,27.78,2000,1700,100,3700,500,9800,10900,11100,11100,10900,300,2100,5000,600,2000,2900,3500,800,1100,1500
284.0,27.55,47400,1299094.0,27.55,27.5,27.42,27.41,27.38,27.26,27.25,27.2,27.14,27.09,27.58,27.63,27.64,27.65,27.68,27.69,27.7,27.75,27.76,27.78,2000,1700,100,3700,500,9800,10900,11100,11100,10900,300,2100,5000,600,2000,2900,3500,800,1100,1500
285.0,27.55,47800,1310114.0,27.55,27.5,27.42,27.41,27.38,27.26,27.25,27.2,27.14,27.09,27.58,27.63,27.64,27.65,27.68,27.69,27.7,27.75,27.76,27.78,1600,1700,100,3700,500,9800,10900,11100,11100,10900,300,2100,5000,600,2000,2900,3500,800,1100,1500
286.0,27.58,48000,1315627.0,27.56,27.55,27.5,27.42,27.41,27.38,27.26,27.25,27.2,27.14,27.58,27.63,27.64,27.65,27.68,27.69,27.7,27.75,27.76,27.78,100,1500,1700,100,3700,500,9800,10900,11100,11100,200,2100,5000,600,2000,2900,3500,800,1100,1500
287.0,27.58,48000,1315627.0,27.56,27.55,27.5,27.42,27.41,27.38,27.26,27.25,27.2,27.14,27.58,27.63,27.64,27.65,27.68,27.69,27.7,27.75,27.76,27.78,100,1500,1700,100,3700,500,9800,10900,11100,11100,200,2100,5000,600,2000,2900,3500,800,1100,1500
288.0,27.58,48000,1315627.0,27.56,27.55,27.5,27.42,27.41,27.38,27.26,27.25,27.2,27.14,27.58,27.63,27.64,27.65,27.68,27.69,27.7,27.75,27.76,27.78,400,1200,1700,100,3700,500,9800,10900,11100,11100,200,2100,5000,600,2000,2900,3500,800,1100,1500
289.0,27.58,48000,1315627.0,27.56,27.55,27.5,27.42,27.41,27.38,27.26,27.25,27.2,27.14,27.58,27.63,27.64,27.65,27.68,27.69,27.7,27.75,27.76,27.78,400,1200,1700,100,3700,500,9800,10900,11100,11100,200,2100,5000,100,2000,2900,3500,800,1100,1500
290.0,27.58,48000,1315627.0,27.56,27.55,27.5,27.42,27.41,27.38,27.26,27.25,27.2,27.14,27.58,27.63,27.64,27.65,27.68,27.69,27.7,27.75,27.76,27.78,400,1200,1700,100,3700,500,9800,10900,11100,11100,200,2100,5000,100,2000,2900,3500,800,1100,1500
291.0,27.58,48000,1315627.0,27.56,27.55,27.5,27.42,27.41,27.38,27.26,27.25,27.2,27.14,27.58,27.63,27.64,27.65,27.68,27.69,27.7,27.75,27.76,27.78,400,1200,1700,100,3700,500,9800,10900,11100,11100,200,2100,5000,100,2000,2900,3500,800,1100,1500
292.0,27.58,48000,1315627.0,27.56,27.55,27.5,27.42,27.41,27.38,27.26,27.25,27.2,27.14,27.58,27.63,27.64,27.65,27.68,27.69,27.7,27.75,27.76,27.78,400,1200,1700,100,3700,500,9800,10900,11100,11100,200,2100,5000,100,2000,2900,3500,800,1100,1500
293.0,27.58,48000,1315627.0,27.56,27.55,27.5,27.42,27.41,27.38,27.26,27.25,27.2,27.14,27.58,27.63,27.64,27.65,27.68,27.69,27.7,27.75,27.76,27.78,400,1200,1700,100,3700,500,9800,10900,11100,11100,200,2100,5000,100,2000,2900,3500,800,1100,1500
294.0,27.58,48000,1315627.0,27.56,27.55,27.5,27.42,27.41,27.38,27.26,27.25,27.2,27.14,27.58,27.63,27.64,27.65,27.68,27.69,27.7,27.75,27.76,27.78,400,1200,1700,100,3700,500,9800,10900,11100,11100,200,2100,5000,100,2000,2900,3500,800,1100,1500
295.0,27.58,48000,1315627.0,27.56,27.55,27.5,27.42,27.41,27.38,27.26,27.25,27.2,27.14,27.58,27.63,27.64,27.65,27.68,27.69,27.7,27.75,27.76,27.78,400,1200,1700,100,3700,500,9800,10900,11100,11100,200,2100,5000,100,2000,2900,3500,800,1100,1500
296.0,27.58,48000,1315627.0,27.56,27.55,27.5,27.42,27.41,27.38,27.26,27.25,27.2,27.14,27.58,27.63,27.64,27.65,27.68,27.69,27.7,27.75,27.76,27.78,400,1200,1700,100,3700,500,9800,10900,11100,11100,200,2100,5000,100,2000,2900,3500,800,1100,1500
297.0,27.58,48000,1315627.0,27.56,27.55,27.5,27.42,27.41,27.38,27.26,27.25,27.2,27.14,27.58,27.63,27.64,27.65,27.68,27.69,27.7,27.75,27.76,27.78,400,1200,1700,100,3700,500,9800,10900,11100,11100,200,2100,5000,100,2000,2900,3500,800,1100,1500
298.0,27.58,48000,1315627.0,27.56,27.55,27.5,27.42,27.41,27.38,27.26,27.25,27.2,27.14,27.58,27.63,27.64,27.65,27.68,27.69,27.7,27.75,27.76,27.78,400,1200,1700,100,3700,500,9800,10900,11100,11100,200,2100,5000,100,2000,2900,3500,800,1100,1500
299.0,27.58,48000,1315627.0,27.56,27.55,27.5,27.42,27.41,27.38,27.26,27.25,27.2,27.14,27.58,27.63,27.64,27.65,27.68,27.69,27.7,27.75,27.76,27.78,400,1200,1700,100,3700,500,9800,10900,11100,11100,200,2100,5000,100,2000,2900,3500,800,1100,1500
300.0,27.56,48100,1318383.0,27.56,27.55,27.5,27.42,27.41,27.38,27.26,27.25,27.2,27.14,27.58,27.63,27.64,27.65,27.68,27.69,27.7,27.75,27.76,27.78,300,1200,1700,100,3700,800,9800,10900,11100,11100,200,2100,5000,100,2000,2900,3500,800,1100,1500
301.0,27.56,48100,1318383.0,27.56,27.55,27.5,27.42,27.41,27.38,27.26,27.25,27.2,27.14,27.58,27.63,27.64,27.65,27.68,27.69,27.7,27.75,27.76,27.78,300,1200,1700,100,3700,800,9800,10900,11100,11100,200,2100,5000,100,2000,2900,3500,800,1100,1500
302.0,27.56,48100,1318383.0,27.56,27.55,27.5,27.42,27.41,27.38,27.26,27.25,27.2,27.14,27.58,27.63,27.64,27.65,27.68,27.69,27.7,27.75,27.76,27.78,300,1200,1700,100,3700,800,9800,10900,11100,11100,200,2100,5000,100,2000,2900,3500,800,1100,1500
303.0,27.56,48100,1318383.0,27.56,27.55,27.5,27.42,27.41,27.38,27.26,27.25,27.2,27.14,27.58,27.63,27.64,27.65,27.68,27.69,27.7,27.75,27.76,27.78,300,1200,1700,100,3700,800,9800,10900,11100,11100,200,2100,5000,100,2000,2900,3500,800,1100,1500
304.0,27.56,48100,1318383.0,27.56,27.55,27.5,27.42,27.41,27.38,27.26,27.25,27.2,27.14,27.58,27.63,27.64,27.65,27.68,27.69,27.7,27.75,27.76,27.78,300,1200,1700,100,3700,800,9800,10900,11100,11100,200,2100,5000,100,2000,2900,3500,800,1100,1500
305.0,27.56,48100,1318383.0,27.56,27.55,27.5,27.42,27.41,27.38,27.26,27.25,27.2,27.14,27.58,27.63,27.64,27.65,27.68,27.69,27.7,27.75,27.76,27.78,300,1200,1700,100,3700,800,9800,10900,11100,11100,200,2100,5000,100,2000,2900,3500,800,1100,1500
306.0,27.56,48100,1318383.0,27.56,27.55,27.5,27.42,27.41,27.38,27.26,27.25,27.2,27.14,27.58,27.63,27.64,27.65,27.68,27.69,27.7,27.75,27.76,27.78,300,1200,1700,100,3700,800,9800,10900,11100,11100,200,2100,5000,100,2000,2900,3500,800,1100,1500
307.0,27.56,48100,1318383.0,27.56,27.55,27.5,27.42,27.41,27.38,27.26,27.25,27.2,27.14,27.58,27.63,27.64,27.65,27.68,27.69,27.7,27.75,27.76,27.78,300,1200,1700,100,3700,800,9800,10900,11100,11100,200,2100,5000,100,2000,2900,3500,800,1100,1500
308.0,27.56,48100,1318383.0,27.57,27.56,27.55,27.5,27.42,27.41,27.38,27.26,27.25,27.2,27.58,27.63,27.64,27.65,27.68,27.69,27.7,27.75,27.76,27.78,500,300,1200,1700,100,3700,800,9800,10900,11100,200,2100,5000,100,2000,2900,3500,800,1100,1500
309.0,27.56,48100,1318383.0,27.57,27.56,27.55,27.5,27.42,27.41,27.38,27.26,27.25,27.2,27.58,27.63,27.64,27.65,27.68,27.69,27.7,27.75,27.76,27.78,600,300,1200,1700,100,3700,800,9800,10900,11100,200,2600,5000,100,2000,2900,3500,800,1100,1500
310.0,27.56,48100,1318383.0,27.57,27.56,27.55,27.5,27.42,27.41,27.38,27.26,27.25,27.2,27.58,27.63,27.64,27.65,27.68,27.69,27.7,27.75,27.76,27.78,600,300,1200,1700,100,3700,800,9800,10900,11100,200,2600,5000,100,2000,2900,3500,800,1100,1500
311.0,27.56,48100,1318383.0,27.57,27.56,27.55,27.5,27.42,27.41,27.38,27.26,27.25,27.2,27.58,27.63,27.64,27.65,27.68,27.69,27.7,27.75,27.76,27.78,600,300,1200,1700,100,3700,800,9800,10900,11100,200,2600,5000,100,2000,2900,3500,800,1100,1500
312.0,27.56,48100,1318383.0,27.57,27.56,27.55,27.5,27.42,27.41,27.38,27.26,27.25,27.2,27.58,27.63,27.64,27.65,27.68,27.69,27.7,27.75,27.76,27.78,600,300,1200,1700,100,3700,800,9800,10900,11100,200,2600,5000,100,2000,2900,3500,800,1100,1500
313.0,27.56,48100,1318383.0,27.57,27.56,27.55,27.5,27.42,27.41,27.38,27.26,27.25,27.2,27.58,27.63,27.64,27.65,27.68,27.69,27.7,27.75,27.76,27.78,600,300,1200,1700,100,3700,800,9800,10900,11100,200,2600,5000,100,2000,2900,3500,800,1100,1500
314.0,27.56,48100,1318383.0,27.57,27.56,27.55,27.5,27.42,27.41,27.38,27.26,27.25,27.2,27.58,27.63,27.64,27.65,27.68,27.69,27.7,27.75,27.76,27.78,600,300,1200,1700,100,3700,800,9800,10900,11100,200,2600,5000,100,2000,2900,3500,800,1100,1500
315.0,27.56,48100,1318383.0,27.57,27.56,27.55,27.5,27.42,27.41,27.38,27.26,27.25,27.2,27.58,27.63,27.64,27.65,27.68,27.69,27.7,27.75,27.76,27.78,600,300,1200,1700,100,3700,800,9800,10900,11100,200,2600,5000,100,2000,2900,3800,800,1100,1500
316.0,27.56,48100,1318383.0,27.57,27.56,27.55,27.5,27.42,27.41,27.38,27.26,27.25,27.2,27.58,27.63,27.64,27.65,27.68,27.69,27.7,27.75,27.76,27.78,700,300,1200,1700,100,3700,800,9800,10900,11100,200,2600,5000,100,2000,2900,3800,800,1100,1500
317.0,27.56,48100,1318383.0,27.57,27.56,27.55,27.5,27.42,27.41,27.38,27.26,27.25,27.2,27.58,27.63,27.64,27.65,27.68,27.69,27.7,27.75,27.76,27.78,700,300,1200,1700,100,3700,800,9800,10900,11100,200,2600,5000,100,2000,2900,3800,800,1100,1500
318.0,27.56,48100,1318383.0,27.57,27.55,27.5,27.42,27.41,27.38,27.26,27.25,27.2,27.14,27.58,27.63,27.64,27.65,27.68,27.69,27.7,27.75,27.76,27.78,1000,1200,1700,100,3700,800,9800,10900,11100,11100,200,2600,5000,100,2000,2900,3800,800,1100,1500
319.0,27.56,48100,1318383.0,27.57,27.55,27.5,27.42,27.41,27.38,27.26,27.25,27.2,27.14,27.58,27.63,27.64,27.65,27.68,27.69,27.7,27.75,27.76,27.78,1000,1200,1700,100,3700,800,9800,10900,11100,11100,200,2600,5000,100,2000,2900,3800,800,1100,1500
320.0,27.57,48200,1321140.0,27.57,27.55,27.5,27.42,27.41,27.38,27.26,27.25,27.2,27.14,27.58,27.63,27.64,27.65,27.68,27.69,27.7,27.75,27.76,27.78,900,1200,1700,100,3700,800,9800,10900,11100,11100,200,2600,5000,100,2000,2900,3800,800,1100,1500
321.0,27.57,48200,1321140.0,27.57,27.55,27.5,27.42,27.41,27.38,27.26,27.25,27.2,27.14,27.58,27.63,27.64,27.65,27.68,27.69,27.7,27.75,27.76,27.78,900,1200,1700,100,3700,800,9800,10900,11100,11100,200,2600,5000,100,2000,2900,3800,800,1100,1500
322.0,27.57,48200,1321140.0,27.57,27.55,27.5,27.42,27.41,27.38,27.26,27.25,27.2,27.14,27.58,27.63,27.64,27.65,27.68,27.69,27.7,27.75,27.76,27.78,900,1200,1700,100,3700,800,9800,10900,11100,11100,200,3800,5000,100,2000,2900,3800,800,1100,1500
323.0,27.57,48200,1321140.0,27.57,27.55,27.5,27.42,27.41,27.38,27.26,27.25,27.2,27.14,27.58,27.63,27.64,27.65,27.68,27.69,27.7,27.75,27.76,27.78,900,1200,1700,100,3700,800,9800,10900,11100,11100,200,3800,5000,100,2000,2900,3800,800,1100,1500
324.0,27.57,48200,1321140.0,27.57,27.55,27.5,27.42,27.41,27.38,27.26,27.25,27.2,27.14,27.58,27.63,27.64,27.65,27.68,27.69,27.7,27.75,27.76,27.78,900,1200,1700,100,3200,800,9800,10900,11100,11100,200,3800,5000,100,2000,2900,3800,800,1100,1500
325.0,27.57,48200,1321140.0,27.57,27.55,27.5,27.42,27.41,27.38,27.26,27.25,27.2,27.14,27.58,27.63,27.64,27.65,27.68,27.69,27.7,27.75,27.76,27.78,900,1200,1700,100,3200,800,9800,10900,11100,11100,200,3800,5000,100,2000,2900,3800,800,1100,1500
326.0,27.57,48200,1321140.0,27.57,27.55,27.5,27.42,27.41,27.38,27.26,27.25,27.2,27.14,27.58,27.63,27.64,27.65,27.68,27.69,27.7,27.75,27.76,27.78,900,1200,1700,100,3200,800,9800,10900,11100,11100,200,3800,5000,100,2000,2900,3800,800,1100,1500
327.0,27.57,48200,1321140.0,27.57,27.55,27.5,27.42,27.41,27.38,27.26,27.25,27.2,27.14,27.58,27.63,27.64,27.65,27.68,27.69,27.7,27.75,27.76,27.78,900,1200,1700,100,3200,800,9800,10900,11100,11100,200,3800,5000,100,2000,2900,3800,800,1100,1500
328.0,27.57,48200,1321140.0,27.57,27.55,27.5,27.42,27.41,27.38,27.26,27.25,27.2,27.14,27.58,27.63,27.64,27.65,27.68,27.69,27.7,27.75,27.76,27.78,900,1200,1700,100,3200,800,9800,10900,11100,11100,200,3800,5000,100,2000,2900,3800,800,1100,1500
329.0,27.57,48200,1321140.0,27.57,27.55,27.5,27.42,27.41,27.38,27.26,27.25,27.2,27.14,27.58,27.63,27.64,27.65,27.68,27.69,27.7,27.75,27.76,27.78,900,1200,1700,100,3200,800,9800,10900,11100,11100,200,3800,5000,100,2000,2900,3800,800,1100,1500
330.0,27.57,48200,1321140.0,27.57,27.55,27.5,27.42,27.41,27.38,27.26,27.25,27.2,27.14,27.58,27.63,27.64,27.65,27.68,27.69,27.7,27.75,27.76,27.78,900,1200,1700,100,3200,800,9800,10900,11100,11100,200,3800,5000,100,2000,2900,3800,800,1100,1500
331.0,27.57,48200,1321140.0,27.57,27.55,27.5,27.42,27.41,27.38,27.26,27.25,27.2,27.14,27.58,27.63,27.64,27.65,27.68,27.69,27.7,27.75,27.76,27.78,800,1200,1700,100,3200,800,9800,10900,11100,11100,200,3800,5000,100,2000,2900,3800,800,1100,1500
332.0,27.57,48200,1321140.0,27.57,27.55,27.5,27.42,27.41,27.38,27.26,27.25,27.2,27.14,27.58,27.63,27.64,27.65,27.68,27.69,27.7,27.75,27.76,27.78,800,1200,1700,100,3200,800,9800,10900,11100,11100,200,3800,5000,100,2000,2900,3800,800,1100,1500
333.0,27.57,48200,1321140.0,27.57,27.55,27.5,27.42,27.41,27.38,27.26,27.25,27.2,27.14,27.58,27.63,27.64,27.65,27.68,27.69,27.7,27.75,27.76,27.78,800,1200,1700,100,3200,800,9800,10900,11100,11100,200,3800,5000,100,2000,2900,3800,800,1100,1500
334.0,27.57,48200,1321140.0,27.57,27.55,27.5,27.42,27.41,27.38,27.26,27.25,27.2,27.14,27.58,27.63,27.64,27.65,27.68,27.69,27.7,27.75,27.76,27.78,800,1200,1700,100,3200,800,9800,10900,11100,11100,200,3800,5000,100,2000,2900,3800,800,1100,1500
335.0,27.57,48200,1321140.0,27.57,27.55,27.5,27.42,27.41,27.38,27.26,27.25,27.2,27.14,27.58,27.63,27.64,27.65,27.68,27.69,27.7,27.75,27.76,27.78,800,1200,1700,100,3200,800,9800,10900,11100,11100,200,3800,5000,100,2000,2900,3800,800,1100,1500
336.0,27.57,48200,1321140.0,27.57,27.55,27.5,27.42,27.41,27.38,27.26,27.25,27.2,27.14,27.58,27.63,27.64,27.65,27.68,27.69,27.7,27.75,27.76,27.78,800,1200,1700,100,3200,800,9800,10900,11100,11100,200,3800,5000,100,2000,2900,3800,800,1100,1500
337.0,27.57,48200,1321140.0,27.57,27.55,27.5,27.42,27.41,27.38,27.26,27.25,27.2,27.14,27.58,27.63,27.64,27.65,27.68,27.69,27.7,27.75,27.76,27.78,800,1200,1700,100,3200,800,9800,10900,11100,11100,200,3800,5000,100,2000,2900,3800,800,1100,1500
338.0,27.57,48200,1321140.0,27.57,27.55,27.5,27.42,27.41,27.38,27.26,27.25,27.2,27.14,27.58,27.63,27.64,27.65,27.68,27.69,27.7,27.75,27.76,27.78,800,1200,1700,100,3200,800,9800,10900,11100,11100,200,3800,5000,100,2000,2900,3800,800,1100,1500
339.0,27.57,48200,1321140.0,27.57,27.55,27.5,27.42,27.41,27.38,27.26,27.25,27.2,27.14,27.58,27.63,27.64,27.65,27.68,27.69,27.7,27.75,27.76,27.78,800,1200,1700,100,3200,800,9800,10900,11100,11100,200,3800,5000,100,2000,2900,3800,800,1100,1500
340.0,27.57,48200,1321140.0,27.57,27.55,27.5,27.42,27.41,27.38,27.26,27.25,27.2,27.14,27.58,27.63,27.64,27.65,27.68,27.69,27.7,27.75,27.76,27.78,800,1200,1700,100,3200,800,9800,10900,11100,11100,200,3800,5000,100,2000,2900,3800,800,1100,1500
341.0,27.58,48400,1326656.0,27.58,27.57,27.55,27.5,27.42,27.41,27.38,27.26,27.25,27.2,27.63,27.64,27.65,27.68,27.69,27.7,27.75,27.76,27.78,27.81,400,800,1200,1700,100,3200,800,9800,10900,11100,3800,5000,100,2000,2900,3800,800,1100,1500,400
342.0,27.58,48400,1326656.0,27.58,27.57,27.55,27.5,27.42,27.41,27.38,27.26,27.25,27.2,27.63,27.64,27.65,27.68,27.69,27.7,27.75,27.76,27.78,27.81,700,500,1200,1700,100,3200,800,9800,10900,11100,3800,5000,100,2000,2900,3800,800,1100,1500,400
343.0,27.63,49100,1345997.0,27.58,27.57,27.55,27.5,27.42,27.41,27.38,27.26,27.25,27.2,27.63,27.64,27.65,27.68,27.69,27.7,27.75,27.76,27.78,27.81,900,500,1200,1700,100,3200,800,9800,10900,11100,3100,5000,100,2000,2900,3800,800,1100,1500,400
344.0,27.63,49100,1345997.0,27.58,27.57,27.55,27.5,27.45,27.42,27.41,27.38,27.26,27.25,27.63,27.64,27.65,27.68,27.69,27.7,27.75,27.76,27.78,27.81,900,500,1200,1700,100,100,3200,800,9800,10900,3100,5000,100,2600,2900,3800,800,1100,1500,400
345.0,27.63,49100,1345997.0,27.58,27.57,27.55,27.5,27.45,27.42,27.41,27.38,27.26,27.25,27.63,27.64,27.65,27.68,27.69,27.7,27.75,27.76,27.78,27.81,900,500,1200,1700,100,100,3200,800,9800,10900,3100,5000,100,2600,2900,3800,800,1100,1500,400
346.0,27.63,49100,1345997.0,27.58,27.57,27.55,27.5,27.45,27.42,27.41,27.38,27.26,27.25,27.63,27.64,27.65,27.68,27.69,27.7,27.75,27.76,27.78,27.81,900,500,1200,1700,100,100,3200,800,9800,10900,3100,5000,100,2600,2900,3800,800,1100,1500,400
347.0,27.63,49100,1345997.0,27.58,27.57,27.55,27.5,27.45,27.42,27.41,27.38,27.26,27.25,27.63,27.64,27.65,27.68,27.69,27.7,27.75,27.76,27.78,27.81,900,500,1200,1700,100,100,3200,800,9800,10900,3100,5000,100,2600,2900,3800,800,1100,1500,400
348.0,27.63,49100,1345997.0,27.58,27.57,27.55,27.5,27.45,27.42,27.41,27.38,27.26,27.25,27.63,27.64,27.65,27.68,27.69,27.7,27.75,27.76,27.78,27.81,1000,400,1200,1700,100,100,3200,800,9800,10900,3100,5000,100,2600,2900,3800,800,1100,1500,400
349.0,27.58,49200,1348755.0,27.58,27.57,27.55,27.5,27.45,27.42,27.41,27.38,27.26,27.25,27.63,27.64,27.65,27.68,27.69,27.7,27.75,27.76,27.78,27.81,900,400,1200,1700,100,100,3200,800,9800,10900,3100,5000,100,2600,2900,3800,800,1100,1500,400
350.0,27.58,49200,1348755.0,27.58,27.57,27.55,27.5,27.45,27.42,27.41,27.38,27.26,27.25,27.63,27.64,27.65,27.68,27.69,27.7,27.75,27.76,27.78,27.81,900,400,1200,1700,100,100,3200,800,9800,10900,3100,5000,100,2600,2900,3800,800,1100,1500,400
351.0,27.58,49200,1348755.0,27.58,27.57,27.55,27.5,27.45,27.42,27.41,27.38,27.26,27.25,27.63,27.64,27.65,27.68,27.69,27.7,27.75,27.76,27.78,27.81,900,400,1200,1700,100,100,3200,800,9800,10900,3100,5000,100,2600,2900,3800,800,1100,1500,400
352.0,27.58,49200,1348755.0,27.58,27.57,27.55,27.5,27.45,27.42,27.41,27.38,27.26,27.25,27.63,27.64,27.65,27.68,27.69,27.7,27.75,27.76,27.78,27.81,900,400,1200,1700,100,100,3200,800,9800,10900,3100,5000,100,2600,2900,3800,800,1100,1500,400
353.0,27.58,49200,1348755.0,27.58,27.57,27.55,27.5,27.45,27.42,27.41,27.38,27.26,27.25,27.63,27.64,27.65,27.68,27.69,27.7,27.75,27.76,27.78,27.81,900,400,1200,1700,100,100,3200,800,9800,10900,3100,5000,600,2600,2900,3800,800,1100,1500,400
354.0,27.58,49200,1348755.0,27.58,27.57,27.55,27.5,27.45,27.42,27.41,27.38,27.26,27.25,27.63,27.64,27.65,27.68,27.69,27.7,27.75,27.76,27.78,27.81,900,400,1200,1700,100,100,3200,800,9800,10900,3100,5000,600,2600,2900,3800,800,1100,1500,400
355.0,27.63,49800,1365333.0,27.58,27.57,27.55,27.5,27.45,27.42,27.41,27.38,27.26,27.25,27.63,27.64,27.65,27.68,27.69,27.7,27.75,27.76,27.78,27.81,900,400,1200,1700,100,100,3200,800,9800,10900,2500,5000,600,2600,2900,3800,800,1100,1500,400
356.0,27.63,49800,1365333.0,27.58,27.57,27.55,27.5,27.45,27.42,27.41,27.38,27.26,27.25,27.63,27.64,27.65,27.68,27.69,27.7,27.75,27.76,27.78,27.81,900,400,1200,1700,100,100,3200,800,9800,10900,2500,5000,600,2600,2900,3800,800,1100,1500,400
357.0,27.63,49800,1365333.0,27.58,27.57,27.55,27.5,27.45,27.42,27.41,27.38,27.26,27.25,27.63,27.64,27.65,27.68,27.69,27.7,27.75,27.76,27.78,27.81,900,400,1200,1700,100,100,3200,800,9800,10900,2500,5000,600,2600,2900,3800,800,1100,1500,400
358.0,27.63,49800,1365333.0,27.58,27.57,27.55,27.5,27.45,27.42,27.41,27.38,27.26,27.25,27.63,27.64,27.65,27.68,27.69,27.7,27.75,27.76,27.78,27.81,900,400,1200,1700,100,100,3200,800,9800,10900,2500,5000,600,2600,2900,3800,800,1100,1500,400
359.0,27.63,49800,1365333.0,27.58,27.57,27.55,27.5,27.45,27.42,27.41,27.38,27.26,27.25,27.63,27.64,27.65,27.68,27.69,27.7,27.75,27.76,27.78,27.81,900,400,1200,1700,100,100,3200,800,9800,10900,2500,5000,600,2600,2900,3800,800,1100,1500,400
360.0,27.63,49800,1365333.0,27.58,27.57,27.55,27.5,27.45,27.42,27.41,27.38,27.26,27.25,27.63,27.64,27.65,27.68,27.69,27.7,27.75,27.76,27.78,27.81,900,400,1200,1700,100,100,3200,800,9800,10900,2500,5000,600,2600,2900,3800,800,1100,1500,400
361.0,27.63,49800,1365333.0,27.58,27.57,27.55,27.5,27.45,27.42,27.41,27.38,27.26,27.25,27.63,27.64,27.65,27.68,27.69,27.7,27.75,27.76,27.78,27.81,900,400,1200,1700,100,100,3200,800,9800,10900,2500,5000,600,2600,2900,3800,800,1100,1500,400
362.0,27.63,49800,1365333.0,27.58,27.57,27.55,27.5,27.45,27.42,27.41,27.38,27.26,27.25,27.63,27.64,27.65,27.68,27.69,27.7,27.75,27.76,27.78,27.81,900,400,1200,1700,100,100,3200,800,9800,10900,2500,5000,600,2600,2900,3800,800,1100,1500,400
363.0,27.63,50800,1392963.0,27.59,27.58,27.57,27.55,27.5,27.45,27.42,27.41,27.38,27.26,27.63,27.64,27.65,27.68,27.69,27.7,27.75,27.76,27.78,27.81,400,900,400,1200,1700,100,100,3200,800,9800,1500,5000,600,2600,2900,3800,800,1100,1500,400
364.0,27.63,50800,1392963.0,27.59,27.58,27.57,27.55,27.5,27.45,27.42,27.41,27.38,27.26,27.63,27.64,27.65,27.68,27.69,27.7,27.75,27.76,27.78,27.81,700,900,400,1200,1700,100,100,3200,800,9800,1500,5000,600,2600,2900,3800,800,1100,1500,400
365.0,27.63,50800,1392963.0,27.59,27.58,27.57,27.55,27.5,27.45,27.42,27.41,27.38,27.26,27.63,27.64,27.65,27.68,27.69,27.7,27.75,27.76,27.78,27.81,700,900,400,1200,1700,100,100,3200,600,9800,1500,5000,600,2600,2900,3800,800,1100,1500,400
366.0,27.63,51100,1401252.0,27.59,27.58,27.57,27.55,27.5,27.45,27.42,27.41,27.38,27.26,27.63,27.64,27.65,27.68,27.69,27.7,27.75,27.76,27.78,27.81,1000,600,400,1200,1700,100,100,3200,600,9800,1200,5000,600,2600,2900,3800,800,1100,1500,400
367.0,27.63,51100,1401252.0,27.59,27.58,27.57,27.55,27.5,27.45,27.42,27.41,27.38,27.26,27.63,27.64,27.65,27.68,27.69,27.7,27.75,27.76,27.78,27.81,1000,600,400,1200,1700,100,100,3200,600,9800,1200,5000,600,2600,2900,3800,800,1100,1500,400
368.0,27.59,51300,1406770.0,27.59,27.58,27.57,27.55,27.5,27.45,27.42,27.41,27.38,27.26,27.63,27.64,27.65,27.68,27.69,27.7,27.75,27.76,27.78,27.81,900,600,400,1200,1700,100,100,3200,600,9800,1200,5000,600,2600,2900,3800,800,1100,1500,400
369.0,27.59,51300,1406770.0,27.59,27.58,27.57,27.55,27.5,27.45,27.42,27.41,27.38,27.26,27.63,27.64,27.65,27.68,27.69,27.7,27.75,27.76,27.78,27.81,1000,400,400,1200,1700,100,100,3200,600,9800,1200,5000,600,2600,2900,3800,800,1100,1500,400
370.0,27.59,51300,1406770.0,27.59,27.58,27.57,27.55,27.5,27.45,27.42,27.41,27.38,27.26,27.63,27.64,27.65,27.68,27.69,27.7,27.75,27.76,27.78,27.81,1300,400,400,1200,1700,100,100,3200,600,9800,1200,5000,600,2600,2900,3800,800,1100,1500,400
371.0,27.65,58100,1594716.0,27.65,27.64,27.63,27.6,27.59,27.58,27.57,27.55,27.5,27.45,27.67,27.68,27.69,27.7,27.75,27.76,27.78,27.81,27.85,27.88,600,200,1300,400,1300,300,400,1200,1700,100,1100,2600,2900,3800,800,1100,1500,400,600,200
372.0,27.65,58100,1594716.0,27.65,27.64,27.63,27.6,27.59,27.58,27.57,27.55,27.5,27.45,27.67,27.68,27.69,27.7,27.75,27.76,27.78,27.81,27.85,27.88,900,200,1300,400,900,300,400,1200,1700,100,1100,2600,2900,3800,800,1100,1500,400,600,200
373.0,27.65,58100,1594716.0,27.65,27.64,27.63,27.6,27.59,27.58,27.57,27.55,27.5,27.45,27.67,27.68,27.69,27.7,27.75,27.76,27.78,27.81,27.85,27.88,1000,200,1300,400,900,300,400,1200,1700,100,1100,2600,2900,3800,800,1100,1500,400,600,200
374.0,27.65,58300,1600246.0,27.65,27.63,27.6,27.59,27.58,27.57,27.55,27.5,27.45,27.42,27.67,27.68,27.69,27.7,27.75,27.76,27.78,27.81,27.85,27.88,400,800,400,900,300,400,1200,1700,100,100,1100,2600,2900,3800,800,1100,1500,400,600,200
375.0,27.65,58300,1600246.0,27.65,27.63,27.6,27.59,27.58,27.57,27.55,27.5,27.45,27.42,27.67,27.68,27.69,27.7,27.75,27.76,27.78,27.81,27.85,27.88,400,800,400,900,300,400,1200,1700,100,100,1100,2600,2900,4300,800,1100,1500,400,600,200
376.0,27.65,58300,1600246.0,27.65,27.63,27.6,27.59,27.58,27.57,27.55,27.5,27.45,27.42,27.67,27.68,27.69,27.7,27.75,27.76,27.78,27.81,27.85,27.88,400,600,400,900,300,400,1200,1700,100,100,1100,2600,2900,4300,800,1100,1500,400,600,200
377.0,27.65,58300,1600246.0,27.65,27.63,27.6,27.59,27.58,27.57,27.55,27.5,27.45,27.42,27.67,27.68,27.69,27.7,27.75,27.76,27.78,27.81,27.85,27.88,400,600,400,900,300,400,1200,1700,100,100,1100,2600,2900,4300,800,1100,1500,400,600,200
378.0,27.67,58500,1605780.0,27.65,27.63,27.6,27.59,27.58,27.57,27.55,27.5,27.45,27.42,27.67,27.68,27.69,27.7,27.75,27.76,27.78,27.81,27.85,27.88,400,600,400,900,300,400,1200,1700,100,100,900,2600,2900,4300,800,1100,1500,400,600,200
379.0,27.67,58500,1605780.0,27.65,27.63,27.6,27.59,27.58,27.57,27.55,27.5,27.45,27.42,27.67,27.68,27.69,27.7,27.75,27.76,27.78,27.81,27.85,27.88,400,600,400,900,300,400,1200,1700,100,100,900,2600,2900,4300,800,1100,1500,400,600,200
380.0,27.67,58500,1605780.0,27.65,27.63,27.6,27.59,27.58,27.57,27.55,27.5,27.45,27.42,27.67,27.68,27.69,27.7,27.75,27.76,27.78,27.81,27.85,27.88,400,600,400,900,300,400,1200,1700,100,100,900,2600,2900,4300,800,1100,1500,400,600,200
381.0,27.67,58500,1605780.0,27.65,27.63,27.6,27.59,27.58,27.57,27.55,27.5,27.45,27.42,27.67,27.68,27.69,27.7,27.75,27.76,27.78,27.81,27.85,27.88,400,600,400,900,300,400,1200,1700,100,100,900,2600,2900,4300,800,1100,1500,400,600,200
382.0,27.65,58600,1608545.0,27.65,27.63,27.6,27.59,27.58,27.57,27.55,27.5,27.45,27.42,27.67,27.68,27.69,27.7,27.75,27.76,27.78,27.81,27.85,27.88,300,600,400,900,300,400,1200,1700,100,100,900,2600,2900,4300,800,1100,1500,400,600,200
383.0,27.65,58900,1616840.0,27.63,27.6,27.59,27.58,27.57,27.55,27.5,27.45,27.42,27.41,27.67,27.68,27.69,27.7,27.75,27.76,27.78,27.81,27.85,27.88,600,400,900,300,400,1200,1700,100,100,3200,900,2600,2900,4300,800,1100,1500,400,600,200
384.0,27.65,58900,1616840.0,27.63,27.6,27.59,27.58,27.57,27.55,27.5,27.45,27.42,27.41,27.67,27.68,27.69,27.7,27.75,27.76,27.78,27.81,27.85,27.88,700,400,800,300,400,1200,1700,100,100,3200,900,2600,2900,4300,800,1100,1500,400,600,200
385.0,27.65,58900,1616840.0,27.63,27.6,27.59,27.58,27.57,27.55,27.5,27.45,27.42,27.41,27.67,27.68,27.69,27.7,27.75,27.76,27.78,27.81,27.85,27.88,700,400,800,300,400,1200,1700,100,100,3200,900,2600,2900,4300,800,1100,1500,400,600,200
386.0,27.65,58900,1616840.0,27.63,27.6,27.59,27.58,27.57,27.55,27.5,27.45,27.42,27.41,27.67,27.68,27.69,27.7,27.75,27.76,27.78,27.81,27.85,27.88,700,300,800,300,400,1200,1700,100,100,3200,900,2600,2900,4300,800,1100,1500,400,600,200
387.0,27.65,58900,1616840.0,27.63,27.6,27.59,27.58,27.57,27.55,27.5,27.45,27.42,27.41,27.67,27.68,27.69,27.7,27.75,27.76,27.78,27.81,27.85,27.88,700,300,800,300,400,1200,1700,100,100,3200,900,1600,2900,4300,800,1100,1500,400,600,200
388.0,27.65,58900,1616840.0,27.63,27.6,27.59,27.58,27.57,27.55,27.5,27.45,27.42,27.41,27.67,27.68,27.69,27.7,27.75,27.76,27.78,27.81,27.85,27.88,700,300,800,300,400,1200,1700,100,100,3200,900,1600,2900,4300,800,1100,1500,400,600,200
389.0,27.63,59000,1619603.0,27.63,27.6,27.59,27.58,27.57,27.55,27.5,27.45,27.42,27.41,27.67,27.68,27.69,27.7,27.75,27.76,27.78,27.81,27.85,27.88,600,300,800,300,400,1200,1700,100,100,3200,900,1600,2900,4300,800,1100,1500,400,600,200
390.0,27.63,59000,1619603.0,27.63,27.6,27.59,27.58,27.57,27.55,27.5,27.45,27.42,27.41,27.67,27.68,27.69,27.7,27.75,27.76,27.78,27.81,27.85,27.88,600,300,800,300,400,1200,1700,100,100,3200,900,1600,2900,4300,800,1100,1500,400,600,200
391.0,27.63,59000,1619603.0,27.63,27.6,27.59,27.58,27.57,27.55,27.5,27.45,27.42,27.41,27.67,27.68,27.69,27.7,27.75,27.76,27.78,27.81,27.85,27.88,600,300,800,300,400,1200,1700,100,100,3200,900,1600,2900,4300,800,1100,1500,400,600,200
392.0,27.63,59000,1619603.0,27.63,27.6,27.59,27.58,27.57,27.55,27.5,27.45,27.42,27.41,27.67,27.68,27.69,27.7,27.75,27.76,27.78,27.81,27.85,27.88,600,300,800,300,400,1200,1700,100,100,3200,900,1600,2900,4300,800,1100,1500,400,600,200
393.0,27.63,59000,1619603.0,27.63,27.6,27.59,27.58,27.57,27.55,27.5,27.45,27.42,27.41,27.67,27.68,27.69,27.7,27.75,27.76,27.78,27.81,27.85,27.88,600,300,800,300,400,1200,1700,100,100,3200,900,1600,2900,4300,800,1100,1500,400,600,200
394.0,27.67,59900,1644506.0,27.67,27.63,27.6,27.59,27.58,27.57,27.55,27.5,27.45,27.42,27.68,27.69,27.7,27.75,27.76,27.78,27.81,27.85,27.88,27.93,100,600,300,800,300,400,1200,1700,100,100,1600,2900,4300,800,1100,1500,400,600,200,300
395.0,27.67,59900,1644506.0,27.67,27.63,27.6,27.59,27.58,27.57,27.55,27.5,27.45,27.42,27.68,27.69,27.7,27.75,27.76,27.78,27.81,27.85,27.88,27.93,100,600,300,800,300,400,1200,1700,100,100,1600,2900,4300,800,1100,1500,400,600,200,300
396.0,27.67,60000,1647273.0,27.63,27.6,27.59,27.58,27.57,27.55,27.45,27.42,27.41,27.38,27.68,27.69,27.7,27.75,27.76,27.78,27.81,27.85,27.88,27.93,600,300,800,300,400,1200,100,100,3200,600,1600,2900,4300,800,1100,1500,400,600,200,300
397.0,27.67,60000,1647273.0,27.63,27.6,27.59,27.58,27.57,27.55,27.45,27.42,27.41,27.38,27.68,27.69,27.7,27.75,27.76,27.78,27.81,27.85,27.88,27.93,600,300,800,300,400,1200,100,100,3200,600,1600,2900,4300,800,1100,1500,400,600,200,300
398.0,27.67,60000,1647273.0,27.63,27.6,27.59,27.58,27.57,27.55,27.45,27.42,27.41,27.38,27.68,27.69,27.7,27.75,27.76,27.78,27.81,27.85,27.88,27.93,600,300,800,300,400,1200,100,100,3200,600,1600,2900,4300,800,1100,1500,400,600,200,300
399.0,27.67,60000,1647273.0,27.63,27.6,27.59,27.58,27.57,27.55,27.45,27.42,27.41,27.38,27.68,27.69,27.7,27.75,27.76,27.78,27.81,27.85,27.88,27.93,600,300,800,300,400,1200,100,100,3200,600,1600,2900,4300,800,1100,1500,400,600,200,300
400.0,27.68,60300,1655577.0,27.63,27.6,27.59,27.58,27.57,27.55,27.45,27.42,27.41,27.38,27.64,27.65,27.68,27.69,27.7,27.75,27.76,27.78,27.81,27.85,600,300,800,300,400,1200,100,100,3200,600,200,500,1300,2900,4300,800,1100,1500,400,600
401.0,27.64,60400,1658341.0,27.63,27.6,27.59,27.58,27.57,27.55,27.45,27.42,27.41,27.38,27.64,27.65,27.68,27.69,27.7,27.75,27.76,27.78,27.81,27.85,600,300,800,300,400,1200,100,100,3200,600,100,500,1300,2900,6700,800,1100,1500,400,600
402.0,27.64,60400,1658341.0,27.63,27.6,27.59,27.58,27.57,27.55,27.45,27.42,27.41,27.38,27.64,27.65,27.68,27.69,27.7,27.75,27.76,27.78,27.81,27.85,600,300,800,300,400,1200,100,100,3200,600,100,500,1300,2900,6700,800,1100,1500,400,600
403.0,27.64,60400,1658341.0,27.63,27.6,27.59,27.58,27.57,27.55,27.45,27.42,27.41,27.38,27.64,27.65,27.68,27.69,27.7,27.75,27.76,27.78,27.81,27.85,600,300,800,300,400,1200,100,100,3200,600,100,500,1300,2900,6700,800,1100,1500,400,600
404.0,27.7,68300,1877085.0,27.69,27.63,27.6,27.59,27.58,27.57,27.55,27.45,27.42,27.41,27.7,27.75,27.76,27.78,27.81,27.85,27.88,27.93,27.94,27.95,200,700,300,800,300,400,1200,100,100,3200,3600,800,1100,1500,400,600,200,300,200,100
405.0,27.7,68500,1882625.0,27.69,27.64,27.63,27.6,27.59,27.58,27.57,27.55,27.45,27.42,27.7,27.75,27.76,27.78,27.81,27.85,27.88,27.93,27.94,27.95,400,300,700,300,800,300,400,1200,100,100,3400,800,1100,1500,400,600,200,300,200,100
406.0,27.69,68700,1888163.0,27.69,27.65,27.64,27.63,27.6,27.59,27.58,27.57,27.55,27.45,27.7,27.75,27.76,27.78,27.81,27.85,27.88,27.93,27.94,27.95,200,100,600,700,300,800,300,400,1200,100,3400,800,1100,1500,400,600,200,300,200,100
407.0,27.69,68700,1888163.0,27.69,27.65,27.64,27.63,27.6,27.59,27.58,27.57,27.55,27.45,27.7,27.75,27.76,27.78,27.81,27.85,27.88,27.93,27.94,27.95,300,100,3500,700,300,800,300,400,1200,100,3400,800,1100,1500,400,600,200,300,200,100
408.0,27.69,68700,1888163.0,27.69,27.65,27.64,27.63,27.6,27.59,27.58,27.57,27.55,27.45,27.7,27.75,27.76,27.78,27.81,27.85,27.88,27.93,27.94,27.95,500,100,3500,600,300,800,300,400,1200,100,3400,800,1100,1500,400,600,200,300,200,100
409.0,27.69,68700,1888163.0,27.69,27.65,27.64,27.63,27.6,27.59,27.58,27.57,27.55,27.45,27.7,27.75,27.76,27.78,27.81,27.85,27.88,27.93,27.94,27.95,300,100,3500,600,300,800,300,400,1200,100,3400,800,1100,1500,400,600,200,300,200,100
410.0,27.69,68700,1888163.0,27.69,27.65,27.64,27.63,27.6,27.59,27.58,27.57,27.55,27.45,27.7,27.75,27.76,27.78,27.81,27.85,27.88,27.93,27.94,27.95,300,100,3500,600,300,800,300,400,1200,100,3400,800,1100,1500,400,600,200,300,200,100
411.0,27.69,69000,1896470.0,27.65,27.64,27.63,27.6,27.59,27.58,27.57,27.55,27.45,27.42,27.69,27.7,27.75,27.76,27.78,27.81,27.85,27.88,27.93,27.94,100,3500,600,300,800,300,400,1200,100,100,1700,3400,500,1100,1500,400,600,200,300,200
412.0,27.69,69000,1896470.0,27.65,27.64,27.63,27.6,27.59,27.58,27.57,27.55,27.45,27.42,27.69,27.7,27.75,27.76,27.78,27.81,27.85,27.88,27.93,27.94,100,3500,600,300,800,300,400,1200,100,100,1700,3400,500,1100,1500,400,600,200,300,200
413.0,27.69,69000,1896470.0,27.65,27.64,27.63,27.6,27.59,27.58,27.57,27.55,27.45,27.42,27.69,27.7,27.75,27.76,27.78,27.81,27.85,27.88,27.93,27.94,100,3500,600,300,800,300,400,1200,100,100,1700,3400,500,1100,1500,400,600,200,300,200
414.0,27.7,74100,2037723.0,27.7,27.65,27.64,27.63,27.6,27.59,27.58,27.57,27.55,27.45,27.75,27.76,27.78,27.81,27.85,27.88,27.93,27.94,27.95,27.96,500,200,3500,600,300,800,300,400,1200,100,500,1100,1500,400,600,200,300,200,100,6100
415.0,27.69,74800,2057112.0,27.7,27.69,27.65,27.64,27.63,27.6,27.59,27.58,27.57,27.55,27.75,27.76,27.78,27.81,27.85,27.88,27.93,27.94,27.95,27.96,6200,300,400,3500,600,300,800,300,400,1200,600,1100,1500,400,600,200,300,200,100,6100
416.0,27.75,75200,2068197.0,27.71,27.7,27.69,27.65,27.64,27.63,27.6,27.59,27.58,27.57,27.74,27.75,27.76,27.78,27.81,27.85,27.88,27.93,27.94,27.95,2000,6100,200,400,3500,600,300,800,300,400,100,500,1100,1500,400,600,200,300,200,100
417.0,27.75,75200,2068197.0,27.71,27.7,27.69,27.65,27.64,27.63,27.6,27.59,27.58,27.57,27.74,27.75,27.76,27.78,27.81,27.85,27.88,27.93,27.94,27.95,2000,6100,200,400,3400,600,300,800,300,400,100,500,1100,1500,400,600,200,300,200,100
418.0,27.75,75200,2068197.0,27.71,27.7,27.69,27.65,27.64,27.63,27.6,27.59,27.58,27.57,27.75,27.76,27.78,27.81,27.85,27.88,27.93,27.94,27.95,27.96,2000,6100,200,400,2900,600,300,800,300,400,500,1100,1500,400,600,200,300,200,100,6100
