LocalTime,LastPrice,TradeVolume,TradeValue,BidPrice1,BidPrice2,BidPrice3,BidPrice4,BidPrice5,BidPrice6,BidPrice7,BidPrice8,BidPrice9,BidPriceA,AskPrice1,AskPrice2,AskPrice3,AskPrice4,AskPrice5,AskPrice6,AskPrice7,AskPrice8,AskPrice9,AskPriceA,BidVolume1,BidVolume2,BidVolume3,BidVolume4,BidVolume5,BidVolume6,BidVolume7,BidVolume8,BidVolume9,BidVolumeA,AskVolume1,AskVolume2,AskVolume3,AskVolume4,AskVolume5,AskVolume6,AskVolume7,AskVolume8,AskVolume9,AskVolumeA
0.0,9.23,14600,134758.0,9.22,9.2,9.18,9.17,9.16,9.15,9.14,9.13,9.12,9.11,9.23,9.25,9.26,9.28,9.29,9.3,9.31,9.32,9.33,9.34,300,1200,1500,1000,4600,500,200,2300,1700,1100,8700,11000,300,1500,6500,4400,6000,1000,1000,10500
1.0,9.23,14600,134758.0,9.22,9.2,9.18,9.17,9.16,9.15,9.14,9.13,9.12,9.11,9.23,9.25,9.26,9.28,9.29,9.3,9.31,9.32,9.33,9.34,3500,1200,1500,1000,4600,500,700,2300,1700,1100,8700,12000,300,1500,6500,4400,6000,1500,1000,10500
2.0,9.23,19500,179985.0,9.22,9.21,9.2,9.18,9.17,9.16,9.15,9.14,9.13,9.12,9.23,9.25,9.26,9.28,9.29,9.3,9.31,9.32,9.33,9.34,3500,1000,1200,1500,1000,4600,500,700,2300,1700,3700,12400,300,1500,6500,4400,6000,3500,1000,10500
3.0,9.23,19500,179985.0,9.22,9.21,9.2,9.18,9.17,9.16,9.15,9.14,9.13,9.12,9.23,9.25,9.26,9.28,9.29,9.3,9.31,9.32,9.33,9.34,3500,3700,1200,500,1000,4600,500,700,4100,1700,3700,12400,300,1500,6500,9500,6000,3500,1000,10500
4.0,9.23,21500,198445.0,9.22,9.21,9.2,9.18,9.17,9.16,9.15,9.14,9.13,9.12,9.23,9.25,9.26,9.28,9.29,9.3,9.31,9.32,9.33,9.34,3500,3700,1200,500,1000,4600,500,700,4300,1500,1700,12400,300,1500,6500,9900,6000,3500,2000,10500
5.0,9.23,21500,198445.0,9.22,9.21,9.2,9.18,9.17,9.16,9.15,9.14,9.13,9.12,9.23,9.25,9.26,9.28,9.29,9.3,9.31,9.32,9.33,9.34,3500,3700,1200,500,1000,4600,500,700,4300,1500,1700,12400,300,1500,6500,9900,6000,3500,2000,11500
6.0,9.23,23500,216902.0,9.23,9.22,9.21,9.2,9.18,9.17,9.16,9.15,9.14,9.13,9.25,9.26,9.28,9.29,9.3,9.31,9.32,9.33,9.34,9.35,1000,3200,3700,1200,500,1000,6400,700,1400,4300,12400,300,1500,6500,9900,6000,3500,2000,11500,29600
7.0,9.23,24300,224286.0,9.23,9.22,9.21,9.2,9.18,9.17,9.16,9.15,9.14,9.13,9.25,9.26,9.28,9.29,9.3,9.31,9.32,9.33,9.34,9.35,1400,3200,3700,1200,600,1000,6400,700,1400,4300,12400,300,1500,6500,9900,6000,3500,2000,11500,29600
8.0,9.23,27000,249207.0,9.22,9.21,9.2,9.18,9.17,9.16,9.15,9.14,9.13,9.12,9.23,9.25,9.26,9.28,9.29,9.3,9.31,9.32,9.33,9.34,3200,3700,1200,9300,1000,6400,700,1400,4300,1500,8500,12400,300,1500,6500,9900,6000,3500,2000,11500
9.0,9.23,27500,253822.0,9.22,9.21,9.2,9.18,9.17,9.16,9.15,9.14,9.13,9.12,9.23,9.25,9.26,9.28,9.29,9.3,9.31,9.32,9.33,9.34,3700,3700,1400,9300,1600,6400,700,1400,4300,1500,8000,12400,300,1500,6500,10900,6000,3500,3000,11500
10.0,9.23,31000,286127.0,9.22,9.21,9.2,9.18,9.17,9.16,9.15,9.14,9.13,9.12,9.23,9.25,9.26,9.28,9.29,9.3,9.31,9.32,9.33,9.34,3700,3700,1400,9300,1600,6400,700,1400,4900,1500,4500,12400,300,1500,6500,10900,6000,3500,3000,11500
11.0,9.23,34200,315643.0,9.22,9.21,9.2,9.18,9.17,9.16,9.15,9.14,9.13,9.12,9.23,9.25,9.26,9.28,9.29,9.3,9.31,9.32,9.33,9.34,1700,3700,1400,9300,1600,6400,700,1400,4900,14500,3300,12400,300,1500,6500,10900,6000,3500,6000,11500
12.0,9.23,34200,315643.0,9.22,9.21,9.2,9.18,9.17,9.16,9.15,9.14,9.13,9.12,9.23,9.25,9.26,9.28,9.29,9.3,9.31,9.32,9.33,9.34,500,8800,1400,9300,1600,7500,700,1400,4900,15000,5300,12400,300,1500,6500,10900,6000,3500,6000,11500
13.0,9.22,37300,344243.0,9.21,9.2,9.18,9.17,9.16,9.15,9.14,9.13,9.12,9.11,9.22,9.23,9.25,9.26,9.28,9.29,9.3,9.31,9.32,9.33,8800,1400,9300,1600,7500,700,1400,4900,15000,1100,1700,3700,12400,300,1500,6500,10900,6000,3500,6000
14.0,9.22,47800,440979.0,9.21,9.2,9.18,9.17,9.16,9.15,9.14,9.13,9.12,9.11,9.23,9.25,9.26,9.28,9.29,9.3,9.31,9.32,9.33,9.34,1400,1400,9300,1600,7500,700,1400,4900,15000,1100,3700,12400,300,1500,6500,10900,6000,3500,6000,11500
15.0,9.23,50300,464047.0,9.22,9.21,9.2,9.18,9.17,9.16,9.15,9.14,9.13,9.12,9.23,9.25,9.26,9.28,9.29,9.3,9.31,9.32,9.33,9.34,3200,1400,1400,9300,1600,7500,700,1400,4900,15000,1900,12400,300,1500,6500,10900,6000,3500,6000,11500
16.0,9.23,53200,490804.0,9.23,9.22,9.21,9.2,9.18,9.17,9.16,9.15,9.14,9.13,9.25,9.26,9.28,9.29,9.3,9.31,9.32,9.33,9.34,9.35,1900,2800,1400,1400,9300,1600,7500,700,1400,4900,12400,300,1500,6500,10900,6000,3500,6000,11500,29600
17.0,9.23,53300,491727.0,9.23,9.22,9.21,9.2,9.18,9.17,9.16,9.15,9.14,9.13,9.25,9.26,9.28,9.29,9.3,9.31,9.32,9.33,9.34,9.35,100,2800,1400,1400,9300,1600,7500,700,1400,4900,12400,300,1500,6500,10900,6000,3500,6000,11500,29600
18.0,9.22,54000,498182.0,9.23,9.22,9.21,9.2,9.18,9.17,9.16,9.15,9.14,9.13,9.25,9.26,9.28,9.29,9.3,9.31,9.32,9.33,9.34,9.35,800,2200,1400,5200,9300,1600,7500,700,1400,4900,12400,300,1500,6500,10900,6000,3500,6000,11500,29600
19.0,9.22,54000,498182.0,9.23,9.22,9.21,9.2,9.18,9.17,9.16,9.15,9.14,9.13,9.25,9.26,9.28,9.29,9.3,9.31,9.32,9.33,9.34,9.35,800,2200,1400,5200,9300,1600,7500,700,1400,4900,12400,300,1500,6500,10900,6000,3500,6000,11500,29600
20.0,9.22,54000,498182.0,9.23,9.22,9.21,9.2,9.18,9.17,9.16,9.15,9.14,9.13,9.25,9.26,9.28,9.29,9.3,9.31,9.32,9.33,9.34,9.35,800,2200,1400,5200,9300,1600,7500,700,1400,4900,12400,300,1500,6500,10900,6000,3500,6000,11500,29600
21.0,9.22,54000,498182.0,9.23,9.22,9.21,9.2,9.18,9.17,9.16,9.15,9.14,9.13,9.25,9.26,9.28,9.29,9.3,9.31,9.32,9.33,9.34,9.35,1700,2000,1400,5200,9300,1600,7500,700,1400,4900,12400,300,1500,6500,10900,6000,3500,6000,11500,29600
22.0,9.22,54000,498182.0,9.23,9.21,9.2,9.18,9.17,9.16,9.15,9.14,9.13,9.12,9.25,9.26,9.28,9.29,9.3,9.31,9.32,9.33,9.34,9.35,1700,1400,5200,9300,1600,7500,700,1400,4900,15000,12400,300,1500,6500,10900,6000,3500,6000,11500,29600
23.0,9.25,64300,593457.0,9.24,9.23,9.21,9.2,9.18,9.17,9.16,9.15,9.14,9.13,9.25,9.26,9.28,9.29,9.3,9.31,9.32,9.33,9.34,9.35,4200,1700,1400,5200,9300,1600,7500,700,1400,4900,2100,300,1500,6500,10900,6000,3500,6000,11500,29600
24.0,9.25,65300,602707.0,9.24,9.23,9.21,9.2,9.18,9.17,9.16,9.15,9.14,9.13,9.25,9.26,9.28,9.29,9.3,9.31,9.32,9.33,9.34,9.35,4200,1700,1400,5200,9300,1600,7500,700,1400,4900,1200,300,1500,6500,10900,6000,3500,6000,11500,29600
25.0,9.25,66500,613807.0,9.24,9.23,9.21,9.2,9.18,9.17,9.16,9.15,9.14,9.13,9.26,9.28,9.29,9.3,9.31,9.32,9.33,9.34,9.35,9.36,4200,1700,1400,5200,9300,1600,7500,700,1400,4900,300,1500,6500,10900,6000,3500,6000,11500,29600,11700
26.0,9.26,66600,614733.0,9.24,9.23,9.2,9.18,9.17,9.16,9.15,9.14,9.13,9.12,9.26,9.28,9.29,9.3,9.31,9.32,9.33,9.34,9.35,9.36,4200,1700,5200,9300,1600,7500,700,1400,4900,15000,200,1500,6500,10900,6000,3500,6000,11500,29600,11700
27.0,9.24,69600,642465.0,9.24,9.23,9.2,9.18,9.17,9.16,9.15,9.14,9.13,9.12,9.26,9.28,9.29,9.3,9.31,9.32,9.33,9.34,9.35,9.36,2400,1700,5200,9300,1600,7500,700,1400,4900,15000,200,1500,6500,10900,6000,3500,6000,11500,29600,11700
28.0,9.24,69600,642465.0,9.24,9.23,9.2,9.18,9.17,9.16,9.15,9.14,9.13,9.12,9.26,9.28,9.29,9.3,9.31,9.32,9.33,9.34,9.35,9.36,2400,1700,5200,9300,1600,7500,700,1400,4900,15000,200,1500,6500,10900,6000,3500,6000,11500,29600,11700
29.0,9.24,69600,642465.0,9.25,9.24,9.23,9.2,9.18,9.17,9.16,9.15,9.14,9.13,9.26,9.28,9.29,9.3,9.31,9.32,9.33,9.34,9.35,9.36,1700,2400,1700,5200,9300,1600,7500,700,1400,4900,200,1500,6500,10900,6000,3500,6000,11500,29600,11700
30.0,9.24,69600,642465.0,9.25,9.24,9.23,9.21,9.2,9.18,9.17,9.16,9.15,9.14,9.26,9.28,9.29,9.3,9.31,9.32,9.33,9.34,9.35,9.36,1700,2400,1700,5300,5200,9300,1600,7500,700,1400,200,1500,6500,10900,6000,3500,6000,11500,29600,11700
31.0,9.24,69600,642465.0,9.25,9.24,9.23,9.21,9.2,9.18,9.17,9.16,9.15,9.14,9.26,9.28,9.29,9.3,9.31,9.32,9.33,9.34,9.35,9.36,1700,2400,1700,5300,5200,9300,1600,7500,700,1400,200,1500,6500,10900,6000,3500,6000,11500,29600,11700
32.0,9.26,69700,643391.0,9.25,9.24,9.23,9.21,9.2,9.18,9.17,9.16,9.15,9.14,9.26,9.28,9.29,9.3,9.31,9.32,9.33,9.34,9.35,9.36,1700,2400,1700,5300,5200,9300,1000,7500,700,1400,100,1500,6500,10900,6000,3500,6000,11500,29600,11700
33.0,9.26,69800,644317.0,9.26,9.25,9.24,9.23,9.21,9.2,9.18,9.17,9.16,9.15,9.28,9.29,9.3,9.31,9.32,9.33,9.34,9.35,9.36,9.37,1300,1700,2400,1700,5300,5200,9300,1000,7500,700,2200,6500,20100,6000,3500,6000,11500,29600,11700,4600
34.0,9.26,69800,644317.0,9.26,9.25,9.24,9.23,9.21,9.2,9.18,9.17,9.16,9.15,9.28,9.29,9.3,9.31,9.32,9.33,9.34,9.35,9.36,9.37,1300,1700,8500,3800,5300,5200,9300,1000,7500,700,2200,6500,20100,6000,3500,6000,11500,29600,11700,4600
35.0,9.26,69800,644317.0,9.26,9.25,9.24,9.23,9.21,9.2,9.18,9.17,9.16,9.15,9.28,9.29,9.3,9.31,9.32,9.33,9.34,9.35,9.36,9.37,1500,1700,8500,10400,5300,5200,9300,1000,7500,700,2200,6500,20100,6000,3500,6000,11500,29600,11700,4600
36.0,9.26,69800,644317.0,9.26,9.25,9.24,9.23,9.21,9.2,9.18,9.17,9.16,9.15,9.28,9.29,9.3,9.31,9.32,9.33,9.34,9.35,9.36,9.37,1500,1700,8500,10400,5300,5200,9300,1000,7500,700,2200,6500,20100,6000,3500,6000,11500,29600,11700,4600
37.0,9.26,69800,644317.0,9.26,9.25,9.24,9.23,9.21,9.2,9.18,9.17,9.16,9.15,9.28,9.29,9.3,9.31,9.32,9.33,9.34,9.35,9.36,9.37,1500,1700,8500,10400,5300,5200,9300,1000,7500,700,2200,6500,20100,6000,3500,6000,11500,29600,11700,4600
38.0,9.26,69800,644317.0,9.26,9.25,9.24,9.23,9.21,9.2,9.18,9.17,9.16,9.15,9.28,9.29,9.3,9.31,9.32,9.33,9.34,9.35,9.36,9.37,18900,1700,8500,10400,5300,5200,9300,1000,7500,700,2200,6500,20100,6000,3500,6000,11500,29600,11700,4600
39.0,9.26,69800,644317.0,9.26,9.25,9.24,9.23,9.21,9.2,9.18,9.17,9.16,9.15,9.28,9.29,9.3,9.31,9.32,9.33,9.34,9.35,9.36,9.37,18900,1700,8500,10400,5300,5200,9300,1000,7500,700,2200,6500,20100,6000,3500,6000,11500,29600,11700,4600
40.0,9.26,70800,653577.0,9.26,9.25,9.24,9.23,9.22,9.21,9.2,9.18,9.17,9.16,9.28,9.29,9.3,9.31,9.32,9.33,9.34,9.35,9.36,9.37,17900,1700,8500,8300,2000,5300,5200,9300,1000,7500,2200,6500,20100,6000,3500,6000,11500,29600,11700,4600
41.0,9.26,70800,653577.0,9.26,9.25,9.24,9.23,9.22,9.21,9.2,9.18,9.17,9.16,9.28,9.29,9.3,9.31,9.32,9.33,9.34,9.35,9.36,9.37,17900,1700,8500,8300,2000,5300,5200,9300,1000,7500,1600,6500,20100,6000,3500,6000,11500,29600,11700,4600
42.0,9.26,70900,654503.0,9.26,9.25,9.24,9.23,9.22,9.21,9.2,9.18,9.17,9.16,9.28,9.29,9.3,9.31,9.32,9.33,9.34,9.35,9.36,9.37,17800,1700,8500,8300,2000,5300,5200,9300,1000,7500,1600,6500,20100,6000,3500,6000,11500,29600,11700,4600
43.0,9.29,76300,704627.0,9.28,9.27,9.26,9.25,9.24,9.23,9.22,9.21,9.2,9.18,9.29,9.3,9.31,9.32,9.33,9.34,9.35,9.36,9.37,9.38,400,2500,17100,1700,8500,8300,2000,5300,5200,9300,6400,20100,6000,3500,6000,11500,29600,11700,4600,7500
44.0,9.29,79300,732497.0,9.28,9.27,9.26,9.25,9.24,9.23,9.22,9.21,9.2,9.18,9.29,9.3,9.31,9.32,9.33,9.34,9.35,9.36,9.37,9.38,1000,2500,17100,1700,8500,8300,2000,5300,5200,9300,3400,20100,6000,3500,6000,11500,29600,11700,4600,7500
45.0,9.29,79300,732497.0,9.28,9.27,9.26,9.25,9.24,9.23,9.22,9.21,9.2,9.18,9.29,9.3,9.31,9.32,9.33,9.34,9.35,9.36,9.37,9.38,1000,2500,17100,1700,8500,8300,2000,5300,5200,9300,3400,20100,6000,3500,6000,11500,29600,11700,4600,7500
46.0,9.27,82800,764952.0,9.26,9.25,9.24,9.23,9.22,9.21,9.2,9.18,9.17,9.16,9.29,9.3,9.31,9.32,9.33,9.34,9.35,9.36,9.37,9.38,18100,1700,8500,8300,2000,5300,5200,9200,1000,7500,3400,20100,6000,3500,6000,11500,29600,11700,4600,7500
47.0,9.27,82800,764952.0,9.26,9.25,9.24,9.23,9.22,9.2,9.18,9.17,9.16,9.15,9.28,9.29,9.3,9.31,9.32,9.33,9.34,9.35,9.36,9.37,18100,1700,2400,8300,2000,5200,9200,1000,7500,700,500,3400,20100,6000,3500,6000,11500,29600,11700,4600
48.0,9.28,83300,769592.0,9.28,9.26,9.25,9.24,9.23,9.22,9.2,9.18,9.17,9.16,9.29,9.3,9.31,9.32,9.33,9.34,9.35,9.36,9.37,9.38,600,18100,1700,2400,8300,2500,5200,9200,1000,7500,4100,20100,6000,3500,6000,11500,29600,11700,4600,7500
49.0,9.27,84600,781643.0,9.26,9.25,9.23,9.22,9.2,9.18,9.17,9.16,9.15,9.14,9.27,9.28,9.29,9.3,9.31,9.32,9.33,9.34,9.35,9.36,17500,1700,8300,2500,5200,9200,1000,7500,700,1400,3200,29400,3400,20100,6000,3500,6000,11500,29600,11700
50.0,9.26,91000,840910.0,9.26,9.25,9.23,9.22,9.2,9.18,9.17,9.16,9.15,9.14,9.27,9.28,9.29,9.3,9.31,9.32,9.33,9.34,9.35,9.36,11400,1700,8300,2500,5200,9200,1000,7500,700,1400,3600,29400,3400,20100,6000,3500,6000,11500,29600,11700
51.0,9.27,91200,842764.0,9.26,9.25,9.23,9.22,9.2,9.18,9.17,9.16,9.15,9.14,9.27,9.28,9.29,9.3,9.31,9.32,9.33,9.34,9.35,9.36,11400,1700,8300,2500,5200,9200,1000,7500,700,1400,3400,29400,3400,20100,6000,3500,6000,11500,29600,11700
52.0,9.27,91400,844618.0,9.26,9.25,9.23,9.22,9.2,9.18,9.17,9.16,9.15,9.14,9.27,9.28,9.29,9.3,9.31,9.32,9.33,9.34,9.35,9.36,1000,1700,8300,2500,5200,9200,1000,7500,700,1400,3200,29400,3400,20100,6000,3500,6000,11500,29600,11700
53.0,9.27,91400,844618.0,9.26,9.25,9.23,9.22,9.2,9.18,9.17,9.16,9.15,9.14,9.27,9.28,9.29,9.3,9.31,9.32,9.33,9.34,9.35,9.36,1000,1700,8300,2500,5200,9200,1000,7500,700,1400,3200,29400,3400,20100,6000,3500,6000,11500,29600,11700
54.0,9.26,91600,846470.0,9.26,9.25,9.23,9.22,9.2,9.18,9.17,9.16,9.15,9.14,9.27,9.28,9.29,9.3,9.31,9.32,9.33,9.34,9.35,9.36,800,1700,9400,2500,5200,9700,1000,7500,700,1400,3200,29400,3400,20100,6000,3500,6000,11500,29600,11700
55.0,9.26,91600,846470.0,9.26,9.25,9.23,9.22,9.2,9.18,9.17,9.16,9.15,9.14,9.27,9.28,9.29,9.3,9.31,9.32,9.33,9.34,9.35,9.36,800,1700,9400,2500,5200,9700,1000,7500,700,1400,3200,29400,3400,20100,6000,3500,6000,11500,29600,11700
56.0,9.26,91600,846470.0,9.26,9.25,9.23,9.22,9.2,9.18,9.17,9.16,9.15,9.14,9.27,9.28,9.29,9.3,9.31,9.32,9.33,9.34,9.35,9.36,800,1700,9400,2500,6200,9700,1000,7500,700,1400,3200,29400,3400,20100,6000,3500,6000,11500,29600,11700
57.0,9.26,91600,846470.0,9.26,9.25,9.23,9.22,9.2,9.18,9.17,9.16,9.15,9.14,9.27,9.28,9.29,9.3,9.31,9.32,9.33,9.34,9.35,9.36,800,1700,9400,2500,6200,9700,1000,7500,700,1400,3200,29400,8400,20100,6000,3500,6000,11500,29600,11700
58.0,9.27,94700,875207.0,9.26,9.25,9.23,9.22,9.2,9.18,9.17,9.16,9.15,9.14,9.27,9.28,9.29,9.3,9.31,9.32,9.33,9.34,9.35,9.36,800,1700,9400,2500,6200,9700,1000,7500,700,1400,100,29400,9500,20100,6000,3500,6000,11500,29600,11700
59.0,9.27,94700,875207.0,9.26,9.25,9.23,9.22,9.2,9.18,9.17,9.16,9.15,9.14,9.27,9.28,9.29,9.3,9.31,9.32,9.33,9.34,9.35,9.36,800,2200,9400,2500,6200,9700,1000,7500,700,1400,100,29400,9500,20100,6000,3500,6000,11500,29600,11700
60.0,9.27,94700,875207.0,9.26,9.25,9.23,9.22,9.2,9.18,9.17,9.16,9.15,9.14,9.27,9.28,9.29,9.3,9.31,9.32,9.33,9.34,9.35,9.36,800,2200,2800,2500,6200,9700,1000,7500,700,1400,100,29400,9500,20100,6000,3500,6000,11500,29600,11700
61.0,9.27,94700,875207.0,9.26,9.25,9.23,9.22,9.2,9.18,9.17,9.16,9.15,9.14,9.27,9.28,9.29,9.3,9.31,9.32,9.33,9.34,9.35,9.36,800,2200,2800,2500,6200,9700,1000,7500,700,1400,100,29400,9500,20100,6000,3500,6000,11500,29600,11700
62.0,9.27,94900,877061.0,9.27,9.26,9.25,9.23,9.22,9.2,9.18,9.17,9.16,9.15,9.28,9.29,9.3,9.31,9.32,9.33,9.34,9.35,9.36,9.37,300,1800,2200,2800,2500,6200,9700,1000,7500,700,29400,9500,20100,6000,3500,6000,11500,29600,11700,4600
63.0,9.27,95200,879842.0,9.26,9.25,9.23,9.22,9.2,9.18,9.17,9.16,9.15,9.14,9.28,9.29,9.3,9.31,9.32,9.33,9.34,9.35,9.36,9.37,2700,2200,2800,2500,6200,9700,1000,7500,700,1400,29400,9500,20100,6000,3500,6000,11500,29600,11700,4600
64.0,9.27,95200,879842.0,9.26,9.25,9.24,9.23,9.22,9.2,9.18,9.17,9.16,9.15,9.28,9.29,9.3,9.31,9.32,9.33,9.34,9.35,9.36,9.37,2700,2200,2600,2800,2500,6200,9700,1000,7500,700,29400,9500,20100,6000,3500,6000,11500,29600,11700,4600
65.0,9.26,95400,881694.0,9.27,9.26,9.25,9.24,9.23,9.22,9.2,9.18,9.17,9.16,9.28,9.29,9.3,9.31,9.32,9.33,9.34,9.35,9.36,9.37,500,5600,2200,2600,2800,2500,6200,9700,1000,7500,29500,14500,20100,6000,3500,6000,11500,29600,11700,4600
66.0,9.26,110500,1021525.0,9.25,9.24,9.23,9.22,9.2,9.18,9.17,9.16,9.15,9.14,9.26,9.28,9.29,9.3,9.31,9.32,9.33,9.34,9.35,9.36,2200,2600,2800,2500,6200,9700,1000,7500,700,1400,4900,30000,14500,20100,6000,3500,6000,11500,29600,11700
67.0,9.26,112700,1041897.0,9.25,9.24,9.23,9.22,9.2,9.18,9.17,9.16,9.15,9.14,9.26,9.28,9.29,9.3,9.31,9.32,9.33,9.34,9.35,9.36,2200,2600,2800,2500,6200,9700,1000,7500,700,1400,2700,30000,14500,20100,6000,3500,6000,11500,29600,11700
68.0,9.27,117400,1085452.0,9.27,9.26,9.25,9.24,9.23,9.22,9.2,9.18,9.17,9.16,9.28,9.29,9.3,9.31,9.32,9.33,9.34,9.35,9.36,9.37,600,7300,2000,2600,2800,2500,6200,9700,1000,7500,28300,14500,20100,6000,3500,6000,11500,29600,11700,4600
69.0,9.28,119600,1105868.0,9.27,9.26,9.25,9.24,9.23,9.22,9.2,9.18,9.17,9.16,9.28,9.29,9.3,9.31,9.32,9.33,9.34,9.35,9.36,9.37,600,9800,2000,2600,2800,2500,6200,9700,1000,7500,26100,14500,22100,6000,3500,6000,11500,29600,11700,4600
70.0,9.28,119600,1105868.0,9.27,9.26,9.25,9.24,9.23,9.22,9.2,9.18,9.17,9.16,9.28,9.29,9.3,9.31,9.32,9.33,9.34,9.35,9.36,9.37,6000,9800,2000,2600,2800,2500,6200,9700,1000,7500,26100,14500,22100,6000,3500,6000,11500,29600,11700,4600
71.0,9.27,122800,1135553.0,9.27,9.26,9.25,9.24,9.23,9.22,9.2,9.18,9.17,9.16,9.28,9.29,9.3,9.31,9.32,9.33,9.34,9.35,9.36,9.37,21100,9800,2000,2600,2800,2500,6200,9700,1000,7500,24000,14500,22100,6000,3500,6000,11500,29600,11700,4600
72.0,9.27,122800,1135553.0,9.27,9.26,9.25,9.24,9.23,9.22,9.2,9.18,9.17,9.16,9.28,9.29,9.3,9.31,9.32,9.33,9.34,9.35,9.36,9.37,21400,9800,2000,2600,2800,2500,6200,9700,1000,7500,24000,14500,22100,6000,3500,6000,11500,29600,11700,4600
73.0,9.27,122800,1135553.0,9.27,9.26,9.25,9.24,9.23,9.22,9.2,9.18,9.17,9.16,9.28,9.29,9.3,9.31,9.32,9.33,9.34,9.35,9.36,9.37,22300,9800,2000,2600,2800,2500,6200,9700,1000,7500,24000,14500,22100,6000,3500,6000,11500,29600,11700,4600
74.0,9.27,124100,1147607.0,9.27,9.26,9.25,9.24,9.23,9.22,9.2,9.18,9.17,9.16,9.28,9.29,9.3,9.31,9.32,9.33,9.34,9.35,9.36,9.37,21300,1000,2000,2600,2800,2500,6200,9700,1000,7500,23700,14500,22100,6000,3500,6000,11500,29600,11700,4600
75.0,9.27,124100,1147607.0,9.27,9.26,9.25,9.24,9.23,9.22,9.2,9.18,9.17,9.16,9.28,9.29,9.3,9.31,9.32,9.33,9.34,9.35,9.36,9.37,21300,1000,2000,2600,2800,2500,6200,9700,1000,7500,23700,14500,22100,6000,3500,6000,11500,29600,11700,4600
76.0,9.27,124100,1147607.0,9.27,9.26,9.25,9.24,9.23,9.22,9.2,9.18,9.17,9.16,9.28,9.29,9.3,9.31,9.32,9.33,9.34,9.35,9.36,9.37,21300,1000,2000,2600,2800,2500,6200,9700,1000,7500,23700,14500,22100,6000,3500,6000,11500,29600,11700,4600
77.0,9.27,125100,1156877.0,9.27,9.26,9.25,9.24,9.23,9.22,9.2,9.18,9.17,9.16,9.28,9.29,9.3,9.31,9.32,9.33,9.34,9.35,9.36,9.37,20300,7600,2000,2600,2800,2500,6200,9700,1000,7500,23700,14500,22100,6000,3500,6000,11500,29600,11700,4600
78.0,9.27,125100,1156877.0,9.27,9.26,9.25,9.24,9.23,9.22,9.2,9.18,9.17,9.16,9.28,9.29,9.3,9.31,9.32,9.33,9.34,9.35,9.36,9.37,20300,7600,2000,2600,2800,2500,6200,9700,1000,7500,23700,14500,22100,6000,3500,6000,11500,29600,11700,4600
79.0,9.27,126100,1166147.0,9.27,9.26,9.25,9.24,9.23,9.22,9.2,9.18,9.17,9.16,9.28,9.29,9.3,9.31,9.32,9.33,9.34,9.35,9.36,9.37,19400,7600,2000,2600,2800,2500,6500,9700,1000,7500,23700,14500,22100,6000,3500,6000,11500,29600,11700,4600
80.0,9.28,130000,1202329.0,9.27,9.26,9.25,9.24,9.23,9.22,9.2,9.18,9.17,9.16,9.28,9.29,9.3,9.31,9.32,9.33,9.34,9.35,9.36,9.37,18500,7600,2000,2600,2800,2500,6500,9700,1000,7500,20800,14500,22100,6000,3500,6000,11500,29600,11700,4600
81.0,9.28,132400,1224588.0,9.27,9.26,9.25,9.24,9.23,9.22,9.2,9.18,9.17,9.16,9.28,9.29,9.3,9.31,9.32,9.33,9.34,9.35,9.36,9.37,17200,6800,2000,2600,2800,2500,6500,9700,1000,7500,19700,14500,23100,6000,3500,6000,11500,29600,11700,4600
82.0,9.28,132400,1224588.0,9.27,9.26,9.25,9.24,9.23,9.22,9.2,9.18,9.17,9.16,9.28,9.29,9.3,9.31,9.32,9.33,9.34,9.35,9.36,9.37,17400,6800,2000,2600,2800,2500,6500,9700,1000,7500,19700,14500,23100,6000,3500,6000,11500,29600,11700,4600
83.0,9.28,139100,1286754.0,9.27,9.26,9.25,9.24,9.23,9.22,9.2,9.18,9.17,9.16,9.28,9.29,9.3,9.31,9.32,9.33,9.34,9.35,9.36,9.37,16400,6600,2000,2600,2800,2500,6500,9700,1000,7500,14500,14500,23100,6000,3500,6000,11500,29600,11700,4600
84.0,9.29,163700,1515143.0,9.28,9.27,9.26,9.25,9.24,9.23,9.22,9.2,9.18,9.17,9.29,9.3,9.31,9.32,9.33,9.34,9.35,9.36,9.37,9.38,1000,10400,11800,2000,2600,2800,2500,6500,9700,1000,4400,23100,6000,3500,6000,11500,29600,11700,4600,7500
85.0,9.28,167000,1545767.0,9.28,9.27,9.26,9.25,9.24,9.23,9.22,9.2,9.18,9.17,9.29,9.3,9.31,9.32,9.33,9.34,9.35,9.36,9.37,9.38,700,10400,11800,2000,2600,2800,2500,6500,9700,1000,4400,23100,6000,3500,6000,11500,29600,11700,4600,7500
86.0,9.29,167500,1550412.0,9.28,9.27,9.26,9.25,9.24,9.23,9.22,9.2,9.18,9.17,9.29,9.3,9.31,9.32,9.33,9.34,9.35,9.36,9.37,9.38,800,10400,11800,2000,2600,2800,2500,6500,9700,1000,3900,23100,6000,3500,6000,11500,29600,11700,4600,7500
87.0,9.29,167500,1550412.0,9.28,9.27,9.26,9.25,9.24,9.23,9.22,9.2,9.18,9.17,9.29,9.3,9.31,9.32,9.33,9.34,9.35,9.36,9.37,9.38,800,10400,11800,2000,2600,2800,2500,6500,9700,1000,3900,23100,6000,3500,6000,11500,29600,11700,4600,7500
88.0,9.29,167500,1550412.0,9.28,9.27,9.26,9.25,9.24,9.23,9.22,9.2,9.18,9.17,9.29,9.3,9.31,9.32,9.33,9.34,9.35,9.36,9.37,9.38,800,10400,11800,2000,2600,2800,2500,6500,9700,1000,7100,22100,6000,3500,6000,11500,29600,11700,4600,7500
89.0,9.29,167500,1550412.0,9.28,9.27,9.26,9.25,9.24,9.23,9.22,9.2,9.18,9.17,9.29,9.3,9.31,9.32,9.33,9.34,9.35,9.36,9.37,9.38,800,10400,11800,2000,2600,2800,2500,6500,9700,1000,7100,22100,6000,3500,6000,11500,29600,11700,4600,7500
90.0,9.29,167500,1550412.0,9.28,9.27,9.26,9.25,9.24,9.23,9.22,9.2,9.18,9.17,9.29,9.3,9.31,9.32,9.33,9.34,9.35,9.36,9.37,9.38,800,10400,11800,2000,2600,2800,2500,6500,9700,1000,8300,22100,6000,3500,6000,11500,29600,11700,4600,22500
91.0,9.29,167500,1550412.0,9.28,9.27,9.26,9.25,9.24,9.23,9.22,9.2,9.18,9.17,9.29,9.3,9.31,9.32,9.33,9.34,9.35,9.36,9.37,9.38,800,11600,11800,2000,2600,2800,2500,6500,9700,1000,8300,22100,6000,3500,6000,11500,29600,11700,4600,22500
92.0,9.29,167500,1550412.0,9.28,9.27,9.26,9.25,9.24,9.23,9.22,9.2,9.18,9.17,9.29,9.3,9.31,9.32,9.33,9.34,9.35,9.36,9.37,9.38,800,11600,11800,2000,2600,2800,2500,6500,9700,1000,8300,22100,6000,3500,6000,11500,29600,11700,4600,22500
93.0,9.29,168400,1558773.0,9.28,9.27,9.26,9.25,9.24,9.23,9.22,9.2,9.18,9.17,9.29,9.3,9.31,9.32,9.33,9.34,9.35,9.36,9.37,9.38,800,11600,11800,2000,2600,2800,2500,6500,9700,1000,7900,22100,6000,3500,6000,11500,29600,11700,4600,22500
94.0,9.29,168400,1558773.0,9.28,9.27,9.26,9.25,9.24,9.23,9.22,9.2,9.18,9.17,9.29,9.3,9.31,9.32,9.33,9.34,9.35,9.36,9.37,9.38,1300,11400,11800,2000,2600,2800,2500,6500,9700,1000,7900,22100,6000,3500,6000,11500,29600,11700,4600,22500
95.0,9.27,171500,1587531.0,9.27,9.26,9.25,9.24,9.23,9.22,9.2,9.18,9.17,9.16,9.29,9.3,9.31,9.32,9.33,9.34,9.35,9.36,9.37,9.38,10000,11800,2000,2600,2800,2500,6500,9700,1000,7500,7500,22100,6000,3500,6000,11500,29600,11700,4600,22500
96.0,9.29,172900,1600537.0,9.27,9.26,9.25,9.24,9.23,9.22,9.2,9.18,9.17,9.16,9.28,9.29,9.3,9.31,9.32,9.33,9.34,9.35,9.36,9.37,10700,11800,2000,2600,2800,2500,6500,9700,1000,7500,300,7000,22100,6000,3500,6000,11500,29600,11700,4600
97.0,9.28,173100,1602393.0,9.27,9.26,9.25,9.24,9.23,9.22,9.2,9.18,9.17,9.16,9.28,9.29,9.3,9.31,9.32,9.33,9.34,9.35,9.36,9.37,20900,11800,2000,2600,2800,2500,6500,9700,1000,7500,100,7000,22100,6000,3500,6000,11500,29600,11700,4600
98.0,9.29,173300,1604250.0,9.27,9.26,9.25,9.24,9.23,9.22,9.2,9.18,9.17,9.16,9.29,9.3,9.31,9.32,9.33,9.34,9.35,9.36,9.37,9.38,20900,11800,2000,2600,2800,2500,6500,9700,1000,7500,6900,22100,6000,3500,6000,11500,29600,11700,4600,22500
99.0,9.29,173300,1604250.0,9.27,9.26,9.25,9.24,9.23,9.22,9.2,9.18,9.17,9.16,9.29,9.3,9.31,9.32,9.33,9.34,9.35,9.36,9.37,9.38,22100,11800,2000,2600,2800,500,6500,9700,1000,7500,8100,22100,6000,3500,6000,11500,29600,11700,4600,22500
100.0,9.29,173300,1604250.0,9.27,9.26,9.25,9.24,9.23,9.22,9.2,9.18,9.17,9.16,9.29,9.3,9.31,9.32,9.33,9.34,9.35,9.36,9.37,9.38,22100,11800,2200,2600,2800,500,6500,9700,1000,7500,8100,22100,6000,3500,6000,11500,29600,11700,4600,22500
101.0,9.27,174300,1613520.0,9.27,9.26,9.25,9.24,9.23,9.22,9.2,9.18,9.17,9.16,9.29,9.3,9.31,9.32,9.33,9.34,9.35,9.36,9.37,9.38,21800,11800,2200,2600,2800,500,6500,9700,1000,7500,13800,24700,6000,3500,6000,11500,29600,11700,4600,22500
102.0,9.27,176400,1632987.0,9.27,9.26,9.25,9.24,9.23,9.22,9.2,9.18,9.17,9.16,9.29,9.3,9.31,9.32,9.33,9.34,9.35,9.36,9.37,9.38,20200,11800,2200,2600,2800,500,6500,9700,1000,7500,14300,24700,6000,3500,6000,11500,29600,11700,4600,22500
103.0,9.27,176400,1632987.0,9.28,9.27,9.26,9.25,9.24,9.23,9.22,9.2,9.18,9.17,9.29,9.3,9.31,9.32,9.33,9.34,9.35,9.36,9.37,9.38,800,15300,11800,2200,2600,2800,500,6500,9700,1000,14400,24700,6000,3500,6000,11500,29600,11700,4600,22500
104.0,9.27,176400,1632987.0,9.28,9.27,9.26,9.25,9.24,9.23,9.22,9.2,9.18,9.17,9.29,9.3,9.31,9.32,9.33,9.34,9.35,9.36,9.37,9.38,800,15300,11800,2200,2600,2800,500,6500,9700,1000,14400,24700,6000,3500,6000,11500,29600,11700,4600,22500
105.0,9.29,177000,1638561.0,9.28,9.27,9.26,9.25,9.24,9.23,9.22,9.2,9.18,9.17,9.29,9.3,9.31,9.32,9.33,9.34,9.35,9.36,9.37,9.38,800,15300,11800,2200,2600,2800,500,6500,9700,1000,13800,24700,6000,3500,6000,11500,29600,11700,4600,22500
106.0,9.29,177000,1638561.0,9.28,9.27,9.26,9.25,9.24,9.23,9.22,9.2,9.18,9.17,9.29,9.3,9.31,9.32,9.33,9.34,9.35,9.36,9.37,9.38,800,15300,11800,2200,2600,2800,500,6500,9700,1000,13800,24700,6000,3500,6000,11500,29600,11700,4600,22500
107.0,9.29,177000,1638561.0,9.28,9.27,9.26,9.25,9.24,9.23,9.22,9.2,9.18,9.17,9.29,9.3,9.31,9.32,9.33,9.34,9.35,9.36,9.37,9.38,800,15300,11000,2200,2600,2800,500,6500,10300,1000,13800,24700,6000,3500,6000,11500,29600,11700,4600,22500
108.0,9.29,177000,1638561.0,9.28,9.27,9.26,9.25,9.24,9.23,9.22,9.2,9.18,9.17,9.29,9.3,9.31,9.32,9.33,9.34,9.35,9.36,9.37,9.38,800,15300,11000,2200,2600,2800,500,6500,10300,1000,13800,24700,6000,3500,6000,11500,29600,11700,4600,22500
109.0,9.29,177400,1642277.0,9.28,9.27,9.26,9.25,9.24,9.23,9.22,9.2,9.18,9.17,9.29,9.3,9.31,9.32,9.33,9.34,9.35,9.36,9.37,9.38,800,15300,11000,2200,2600,2800,500,6500,10300,1000,13400,24700,6000,3500,6000,11500,29600,11700,4600,7500
110.0,9.29,177400,1642277.0,9.28,9.27,9.26,9.25,9.24,9.23,9.22,9.2,9.18,9.17,9.29,9.3,9.31,9.32,9.33,9.34,9.35,9.36,9.37,9.38,800,15300,11000,2200,2600,2800,500,6500,10300,1000,13400,24700,6000,3500,6000,11500,29600,11700,4600,7500
111.0,9.29,177400,1642277.0,9.28,9.27,9.26,9.25,9.24,9.23,9.22,9.2,9.18,9.17,9.29,9.3,9.31,9.32,9.33,9.34,9.35,9.36,9.37,9.38,800,15300,11000,2200,2600,2800,500,6500,10300,1000,13400,24700,6000,3500,6000,11500,29600,11700,4600,7500
112.0,9.29,177400,1642277.0,9.28,9.27,9.26,9.25,9.24,9.23,9.22,9.2,9.18,9.17,9.29,9.3,9.31,9.32,9.33,9.34,9.35,9.36,9.37,9.38,800,15300,11000,2200,2600,2800,500,6500,10300,1000,13400,24700,6000,3500,6000,11500,29600,11700,4600,7500
113.0,9.29,177400,1642277.0,9.28,9.27,9.26,9.25,9.24,9.23,9.22,9.2,9.18,9.17,9.29,9.3,9.31,9.32,9.33,9.34,9.35,9.36,9.37,9.38,800,15300,11000,2200,2600,2800,500,6500,10300,1000,13400,24700,6000,3500,6000,11500,29600,11700,4600,7500
114.0,9.28,177500,1643205.0,9.28,9.27,9.26,9.25,9.24,9.23,9.22,9.2,9.18,9.17,9.29,9.3,9.31,9.32,9.33,9.34,9.35,9.36,9.37,9.38,700,15300,11000,2200,2600,2800,500,6500,10300,1000,19000,24700,6000,3500,6000,11500,29600,11700,4600,7500
115.0,9.28,177500,1643205.0,9.28,9.27,9.26,9.25,9.24,9.23,9.22,9.2,9.18,9.17,9.29,9.3,9.31,9.32,9.33,9.34,9.35,9.36,9.37,9.38,700,15300,11000,2200,2600,2800,500,6500,10300,1000,19000,24700,6000,3500,6300,11500,29600,11700,4600,7500
116.0,9.28,177500,1643205.0,9.28,9.27,9.26,9.25,9.24,9.23,9.22,9.2,9.18,9.17,9.29,9.3,9.31,9.32,9.33,9.34,9.35,9.36,9.37,9.38,1000,15300,11000,2200,2600,2800,500,6500,10300,1000,29000,24700,6000,3500,6300,11500,34600,11700,4600,7500
117.0,9.28,177500,1643205.0,9.28,9.27,9.26,9.25,9.24,9.23,9.22,9.2,9.18,9.17,9.29,9.3,9.31,9.32,9.33,9.34,9.35,9.36,9.37,9.38,1000,15300,11000,2200,2600,2800,500,8500,10300,1000,29000,24700,6000,3500,6300,11500,34600,11700,4600,7500
118.0,9.28,177500,1643205.0,9.28,9.27,9.26,9.25,9.24,9.23,9.22,9.2,9.18,9.17,9.29,9.3,9.31,9.32,9.33,9.34,9.35,9.36,9.37,9.38,1000,15300,11000,2200,2600,2800,500,8500,10300,1000,29000,24700,6000,3500,6300,11500,34600,11700,4600,7500
119.0,9.28,177600,1644133.0,9.28,9.27,9.26,9.25,9.24,9.23,9.22,9.2,9.18,9.17,9.29,9.3,9.31,9.32,9.33,9.34,9.35,9.36,9.37,9.38,900,15300,11000,2200,2600,2800,500,8500,10300,1000,30200,24700,6000,3500,6300,11500,34600,11700,4600,7500
120.0,9.28,178500,1652485.0,9.27,9.26,9.25,9.24,9.23,9.22,9.2,9.18,9.17,9.16,9.28,9.29,9.3,9.31,9.32,9.33,9.34,9.35,9.36,9.37,15300,11000,2200,2600,2800,500,8500,10300,1000,7500,200,31200,24700,6000,3500,6300,11500,34600,11700,4600
121.0,9.29,187300,1734235.0,9.27,9.26,9.25,9.24,9.23,9.22,9.2,9.18,9.17,9.16,9.29,9.3,9.31,9.32,9.33,9.34,9.35,9.36,9.37,9.38,15300,11000,2200,2600,2800,500,8500,10300,1000,7500,22600,24700,6000,3500,6300,11500,34600,11700,4600,7500
122.0,9.27,188300,1743505.0,9.27,9.26,9.25,9.24,9.23,9.22,9.2,9.18,9.17,9.16,9.29,9.3,9.31,9.32,9.33,9.34,9.35,9.36,9.37,9.38,15000,11000,2200,2600,2800,500,8500,10300,1000,7500,23300,24700,6000,3500,6300,11500,34600,11700,4600,7500
123.0,9.27,188300,1743505.0,9.27,9.26,9.25,9.24,9.23,9.22,9.2,9.18,9.17,9.16,9.29,9.3,9.31,9.32,9.33,9.34,9.35,9.36,9.37,9.38,15500,11000,2200,2600,2800,500,8500,10300,1000,7500,23800,24700,6000,3500,6300,11500,34600,11700,4600,7500
124.0,9.29,188400,1744434.0,9.28,9.27,9.26,9.25,9.24,9.23,9.22,9.2,9.18,9.17,9.29,9.3,9.31,9.32,9.33,9.34,9.35,9.36,9.37,9.38,1500,16200,11000,2200,2600,2800,500,8500,10300,1000,24900,34700,6000,3500,6300,11500,34600,11700,4600,7500
125.0,9.28,188800,1748146.0,9.28,9.27,9.26,9.25,9.24,9.23,9.22,9.2,9.18,9.17,9.29,9.3,9.31,9.32,9.33,9.34,9.35,9.36,9.37,9.38,1100,16200,11000,2200,2600,2800,500,8500,10300,1000,24900,34700,6000,3500,6300,11500,34600,11700,4600,7500
126.0,9.28,189900,1758354.0,9.27,9.26,9.25,9.24,9.23,9.22,9.2,9.18,9.17,9.16,9.28,9.29,9.3,9.31,9.32,9.33,9.34,9.35,9.36,9.37,16200,11000,2200,2600,2800,500,8500,10300,1000,7500,1700,31800,34700,6000,3500,6300,11500,34600,11700,4600
127.0,9.28,189900,1758354.0,9.27,9.26,9.25,9.24,9.23,9.22,9.2,9.18,9.17,9.16,9.28,9.29,9.3,9.31,9.32,9.33,9.34,9.35,9.36,9.37,16200,11100,2200,2600,2800,500,8500,10300,1000,7500,2700,31800,34700,6000,3500,6300,11500,34600,11700,4600
128.0,9.27,202600,1876083.0,9.27,9.26,9.25,9.24,9.23,9.22,9.2,9.18,9.17,9.16,9.28,9.29,9.3,9.31,9.32,9.33,9.34,9.35,9.36,9.37,3500,11100,2200,2600,2800,500,8500,10300,1000,7500,2700,31800,49700,6000,3500,6300,11500,34600,11700,4600
129.0,9.27,204300,1891842.0,9.27,9.26,9.25,9.24,9.23,9.22,9.2,9.18,9.17,9.16,9.28,9.29,9.3,9.31,9.32,9.33,9.34,9.35,9.36,9.37,1800,11100,1700,2600,1700,500,8500,10300,1000,7500,2700,31700,49700,6000,3500,6300,11500,32200,11700,4600
130.0,9.27,204400,1892769.0,9.27,9.26,9.25,9.24,9.23,9.22,9.2,9.18,9.17,9.16,9.28,9.29,9.3,9.31,9.32,9.33,9.34,9.35,9.36,9.37,1700,11100,1700,2600,1700,500,8500,10300,1000,7500,2700,33700,49700,6000,3500,7300,11500,32200,11700,4600
131.0,9.27,204400,1892769.0,9.27,9.26,9.25,9.24,9.23,9.22,9.2,9.18,9.17,9.16,9.28,9.29,9.3,9.31,9.32,9.33,9.34,9.35,9.36,9.37,1700,11100,1700,2600,1700,500,8500,10300,1000,7500,5200,33700,49700,6000,3500,7300,11500,32200,11700,4600
132.0,9.27,204500,1893696.0,9.27,9.26,9.25,9.24,9.23,9.22,9.2,9.18,9.17,9.16,9.28,9.29,9.3,9.31,9.32,9.33,9.34,9.35,9.36,9.37,1600,11100,1700,2600,1700,500,8500,10300,1000,7500,10000,33700,49700,6000,3500,7300,11500,32200,11700,4600
133.0,9.27,204500,1893696.0,9.27,9.26,9.25,9.24,9.23,9.22,9.2,9.18,9.17,9.16,9.28,9.29,9.3,9.31,9.32,9.33,9.34,9.35,9.36,9.37,1600,11100,1700,2600,1700,500,8500,10300,1000,7500,10000,33700,49700,6000,3500,7300,11500,32200,11700,4600
134.0,9.27,204500,1893696.0,9.27,9.26,9.25,9.24,9.23,9.22,9.2,9.18,9.17,9.16,9.28,9.29,9.3,9.31,9.32,9.33,9.34,9.35,9.36,9.37,1600,11100,1700,2600,1700,500,8500,10300,1000,7500,10000,35700,49700,6000,3500,7300,11500,32200,11700,4600
135.0,9.27,204600,1894623.0,9.27,9.26,9.25,9.24,9.23,9.22,9.2,9.18,9.17,9.16,9.28,9.29,9.3,9.31,9.32,9.33,9.34,9.35,9.36,9.37,1500,11100,1700,2600,1700,500,8500,10300,1000,7500,10000,35700,49700,6000,3500,7300,11500,32200,11700,4600
136.0,9.27,204900,1897404.0,9.27,9.26,9.25,9.24,9.23,9.22,9.2,9.18,9.17,9.16,9.28,9.29,9.3,9.31,9.32,9.33,9.34,9.35,9.36,9.37,1200,11100,1700,2600,1700,500,8500,10300,1000,7500,11000,35700,49700,6000,3500,7300,11500,32200,11700,4600
137.0,9.26,217200,2011314.0,9.25,9.24,9.23,9.22,9.21,9.2,9.18,9.17,9.16,9.15,9.26,9.28,9.29,9.3,9.31,9.32,9.33,9.34,9.35,9.36,1700,2600,1700,500,300,8500,10300,1000,7500,700,3000,11000,35700,49700,6000,3500,7300,11500,32200,11700
138.0,9.25,217600,2015017.0,9.25,9.24,9.23,9.22,9.21,9.2,9.18,9.17,9.16,9.15,9.26,9.28,9.29,9.3,9.31,9.32,9.33,9.34,9.35,9.36,1600,2600,1700,500,300,8500,10300,1000,7500,700,2700,11000,25700,49700,6000,3500,7300,11500,32200,11700
139.0,9.25,217600,2015017.0,9.25,9.24,9.23,9.22,9.21,9.2,9.18,9.17,9.16,9.15,9.26,9.28,9.29,9.3,9.31,9.32,9.33,9.34,9.35,9.36,1600,2600,1700,500,300,8500,10300,1000,7500,700,2700,11000,25700,49700,6000,3500,7300,11500,34200,11700
140.0,9.26,218400,2022425.0,9.25,9.24,9.23,9.22,9.21,9.2,9.18,9.17,9.16,9.15,9.26,9.28,9.29,9.3,9.31,9.32,9.33,9.34,9.35,9.36,1600,2600,1700,500,300,8500,10300,1000,7500,700,1900,11000,25700,49700,6000,3500,7300,11500,34200,11700
141.0,9.25,218500,2023350.0,9.25,9.24,9.23,9.22,9.21,9.2,9.18,9.17,9.16,9.15,9.26,9.28,9.29,9.3,9.31,9.32,9.33,9.34,9.35,9.36,1500,2600,1700,500,300,8500,10300,1000,7500,700,1900,11000,25700,49700,6000,3500,7300,11500,34200,11700
142.0,9.25,218500,2023350.0,9.25,9.24,9.23,9.22,9.2,9.18,9.17,9.16,9.15,9.14,9.26,9.28,9.29,9.3,9.31,9.32,9.33,9.34,9.35,9.36,1500,2600,1700,500,8500,10300,1000,7500,700,1400,1800,11000,25700,49700,6000,3500,7300,11500,34200,11700
143.0,9.25,218500,2023350.0,9.25,9.24,9.23,9.22,9.2,9.18,9.17,9.16,9.15,9.14,9.26,9.28,9.29,9.3,9.31,9.32,9.33,9.34,9.35,9.36,1500,2600,1700,500,8500,10300,1000,7500,700,1400,3100,11000,25700,49700,6000,3500,7300,11500,34200,11700
144.0,9.25,218700,2025200.0,9.25,9.24,9.23,9.22,9.2,9.18,9.17,9.16,9.15,9.14,9.26,9.28,9.29,9.3,9.31,9.32,9.33,9.34,9.35,9.36,1300,2600,1700,500,8500,10300,1000,7500,700,1400,3100,11000,25700,49700,6000,3500,7300,11500,34200,11700
145.0,9.25,218800,2026125.0,9.25,9.24,9.23,9.22,9.2,9.18,9.17,9.16,9.15,9.14,9.26,9.28,9.29,9.3,9.31,9.32,9.33,9.34,9.35,9.36,1200,2600,1700,500,8500,10300,1000,7500,700,1400,3100,11000,25700,49700,6000,3500,7300,11500,34200,11700
146.0,9.25,218800,2026125.0,9.25,9.24,9.23,9.22,9.2,9.18,9.17,9.16,9.15,9.14,9.26,9.28,9.29,9.3,9.31,9.32,9.33,9.34,9.35,9.36,1200,2600,1700,500,8500,10300,1000,7500,700,1400,3100,11000,25700,49700,6000,3500,7300,11500,34200,11700
147.0,9.25,219000,2027975.0,9.25,9.24,9.23,9.22,9.2,9.18,9.17,9.16,9.15,9.14,9.26,9.28,9.29,9.3,9.31,9.32,9.33,9.34,9.35,9.36,1000,2600,1700,500,8500,10300,1000,7500,700,1400,3100,7200,25700,49700,6000,3500,7300,11500,34200,11700
148.0,9.25,219100,2028900.0,9.25,9.24,9.23,9.22,9.2,9.18,9.17,9.16,9.15,9.14,9.26,9.28,9.29,9.3,9.31,9.32,9.33,9.34,9.35,9.36,1000,2600,1700,500,8500,10300,1000,7500,700,1400,3100,7200,25700,49700,6000,3500,7300,11500,34200,11700
149.0,9.25,224500,2078850.0,9.24,9.23,9.22,9.2,9.18,9.17,9.16,9.15,9.14,9.13,9.25,9.26,9.28,9.29,9.3,9.31,9.32,9.33,9.34,9.35,2600,1700,500,8500,10300,1000,7500,700,1400,4900,4600,1800,7200,25200,49700,6000,4000,7300,11500,34200
150.0,9.25,224900,2082550.0,9.24,9.23,9.22,9.2,9.18,9.17,9.16,9.15,9.14,9.13,9.25,9.26,9.28,9.29,9.3,9.31,9.32,9.33,9.34,9.35,2600,1700,500,8500,10300,1000,7500,700,1400,4900,6400,1800,7200,25200,49700,6000,4000,7300,11500,34200
151.0,9.24,225100,2084398.0,9.24,9.23,9.22,9.2,9.18,9.17,9.16,9.15,9.14,9.13,9.25,9.26,9.28,9.29,9.3,9.31,9.32,9.33,9.34,9.35,2400,1700,500,8600,10300,1000,7500,700,1400,4900,6400,1800,7200,25200,49700,6000,4000,7300,11500,34200
152.0,9.24,225100,2084398.0,9.24,9.23,9.22,9.2,9.18,9.17,9.16,9.15,9.14,9.13,9.25,9.26,9.28,9.29,9.3,9.31,9.32,9.33,9.34,9.35,2400,1700,500,8600,10300,1000,7500,700,1400,4900,6400,1800,9600,27700,49700,6000,4000,7300,11500,34200
153.0,9.24,226600,2098258.0,9.24,9.23,9.22,9.2,9.18,9.17,9.16,9.15,9.14,9.13,9.25,9.26,9.28,9.29,9.3,9.31,9.32,9.33,9.34,9.35,900,1700,500,8600,10300,1000,7500,700,1400,4900,6400,1800,9600,27700,49700,6000,4000,7300,11500,34200
154.0,9.24,226600,2098258.0,9.24,9.23,9.22,9.2,9.18,9.17,9.16,9.15,9.14,9.13,9.25,9.26,9.28,9.29,9.3,9.31,9.32,9.33,9.34,9.35,900,900,500,8600,10300,1000,7500,700,1400,4900,6500,1800,9600,27700,49700,6000,4000,7300,11500,34200
155.0,9.25,227100,2102883.0,9.24,9.23,9.22,9.2,9.18,9.17,9.16,9.15,9.14,9.13,9.25,9.26,9.28,9.29,9.3,9.31,9.32,9.33,9.34,9.35,900,900,500,8600,10300,1000,7500,700,1400,4900,7200,1800,9600,27700,49700,6000,4000,7300,11500,34200
156.0,9.25,227100,2102883.0,9.24,9.23,9.22,9.2,9.18,9.17,9.16,9.15,9.14,9.13,9.25,9.28,9.29,9.3,9.31,9.32,9.33,9.34,9.35,9.36,900,900,500,8600,10300,1000,7500,700,1400,4900,7600,9600,27700,49700,6000,4000,7300,11500,34200,11700
157.0,9.25,227100,2102883.0,9.23,9.22,9.2,9.18,9.17,9.16,9.15,9.14,9.13,9.12,9.25,9.28,9.29,9.3,9.31,9.32,9.33,9.34,9.35,9.36,900,500,8600,10300,1000,7500,700,1400,4900,15000,7600,7100,27700,49700,6000,4000,7300,11500,34200,11700
158.0,9.25,227100,2102883.0,9.23,9.22,9.2,9.18,9.17,9.16,9.15,9.14,9.13,9.12,9.25,9.28,9.29,9.3,9.31,9.32,9.33,9.34,9.35,9.36,2100,500,8600,10300,1000,7500,700,1400,4900,15000,8800,7100,25700,49700,6000,4000,7300,11500,34200,11700
159.0,9.23,227500,2106575.0,9.23,9.22,9.2,9.18,9.17,9.16,9.15,9.14,9.13,9.12,9.25,9.28,9.29,9.3,9.31,9.32,9.33,9.34,9.35,9.36,2100,500,8600,10300,1000,7500,700,1400,4900,15000,9300,7100,25700,49700,6000,4000,7300,11500,34200,11700
160.0,9.23,227800,2109346.0,9.23,9.22,9.2,9.18,9.17,9.16,9.15,9.14,9.13,9.12,9.25,9.28,9.29,9.3,9.31,9.32,9.33,9.34,9.35,9.36,2600,500,8600,10300,1000,7500,700,1400,4900,15000,9900,7100,25700,49700,7000,4000,7300,11500,34200,11700
161.0,9.23,227800,2109346.0,9.23,9.22,9.2,9.18,9.17,9.16,9.15,9.14,9.13,9.12,9.24,9.25,9.28,9.29,9.3,9.31,9.32,9.33,9.34,9.35,3100,500,8600,10300,1000,7500,700,1400,4900,15000,600,10800,7100,25700,50100,7000,4000,7300,11500,34200
162.0,9.23,227800,2109346.0,9.23,9.22,9.2,9.18,9.17,9.16,9.15,9.14,9.13,9.12,9.24,9.25,9.28,9.29,9.3,9.31,9.32,9.33,9.34,9.35,3500,500,8600,10300,1000,7500,700,1400,4900,15000,700,10800,7100,25700,50100,7000,4000,7300,11500,34200
163.0,9.23,227800,2109346.0,9.23,9.22,9.2,9.18,9.17,9.16,9.15,9.14,9.13,9.12,9.24,9.25,9.28,9.29,9.3,9.31,9.32,9.33,9.34,9.35,3500,500,8600,10300,1000,7500,700,1400,4900,15000,700,10800,7100,25700,50100,7000,4000,7300,11500,34200
164.0,9.23,228100,2112115.0,9.23,9.22,9.2,9.18,9.17,9.16,9.15,9.14,9.13,9.12,9.24,9.25,9.28,9.29,9.3,9.31,9.32,9.33,9.34,9.35,3200,500,8600,10300,1000,7500,700,1400,4900,15000,700,10800,7100,25700,50100,7000,4000,7300,11500,36200
165.0,9.23,228400,2114884.0,9.23,9.22,9.2,9.18,9.17,9.16,9.15,9.14,9.13,9.12,9.24,9.25,9.28,9.29,9.3,9.31,9.32,9.33,9.34,9.35,2900,500,8600,10300,1000,7500,700,1400,4900,15000,700,10800,7100,25700,50100,7000,4000,7300,11500,36200
166.0,9.23,230300,2132421.0,9.23,9.22,9.2,9.18,9.17,9.16,9.15,9.14,9.13,9.12,9.24,9.25,9.28,9.29,9.3,9.31,9.32,9.33,9.34,9.35,2000,500,8600,10300,1000,7500,700,1400,4900,15000,700,10700,7100,25700,50100,7000,4000,7300,11500,36200
167.0,9.23,230500,2134267.0,9.23,9.22,9.2,9.18,9.17,9.16,9.15,9.14,9.13,9.12,9.24,9.25,9.28,9.29,9.3,9.31,9.32,9.33,9.34,9.35,1800,500,8600,10300,1000,7500,700,1400,4900,15000,700,10700,7100,25700,50100,7000,4000,7300,11500,36200
168.0,9.23,230500,2134267.0,9.23,9.22,9.2,9.18,9.17,9.16,9.15,9.14,9.13,9.12,9.24,9.25,9.28,9.29,9.3,9.31,9.32,9.33,9.34,9.35,1800,500,8600,10300,1000,7500,700,1400,4900,15000,700,10700,7100,25700,50100,7000,4000,7300,11500,36200
169.0,9.23,230500,2134267.0,9.23,9.22,9.2,9.18,9.17,9.16,9.15,9.14,9.13,9.12,9.24,9.25,9.28,9.29,9.3,9.31,9.32,9.33,9.34,9.35,1800,500,8600,10300,1000,7500,700,1400,4900,15000,4700,10700,7100,35700,50100,7000,4000,7300,11500,36200
170.0,9.23,230800,2137036.0,9.23,9.22,9.2,9.18,9.17,9.16,9.15,9.14,9.13,9.12,9.24,9.25,9.28,9.29,9.3,9.31,9.32,9.33,9.34,9.35,1500,500,8600,10300,1000,7500,1000,1400,4900,15000,4900,10700,7100,35700,50100,7000,4000,7300,11500,36200
171.0,9.24,231900,2147200.0,9.23,9.22,9.21,9.2,9.18,9.17,9.16,9.15,9.14,9.13,9.24,9.25,9.28,9.29,9.3,9.31,9.32,9.33,9.34,9.35,13600,500,5000,8600,10300,1000,7500,1000,1400,4900,3900,10700,7100,35700,49100,7000,4000,7300,11500,36200
172.0,9.23,232900,2156430.0,9.23,9.22,9.21,9.2,9.18,9.17,9.16,9.15,9.14,9.13,9.24,9.25,9.28,9.29,9.3,9.31,9.32,9.33,9.34,9.35,13100,500,5000,8600,10300,1000,7500,1000,1400,4900,3900,10700,7100,35700,49100,7000,4000,7300,11500,36200
173.0,9.23,232900,2156430.0,9.23,9.22,9.21,9.2,9.18,9.17,9.16,9.15,9.14,9.13,9.24,9.25,9.28,9.29,9.3,9.31,9.32,9.33,9.34,9.35,11500,500,5000,8600,10300,1000,7500,1000,1400,4900,3900,10700,7100,35700,49100,7000,4000,7300,11500,36200
174.0,9.23,232900,2156430.0,9.23,9.22,9.21,9.2,9.18,9.17,9.16,9.15,9.14,9.13,9.24,9.25,9.28,9.29,9.3,9.31,9.32,9.33,9.34,9.35,11500,500,5000,8600,10300,1000,7500,1000,1400,4900,3900,10700,7100,35700,49100,7000,4000,7300,11500,36200
175.0,9.23,232900,2156430.0,9.23,9.22,9.21,9.2,9.18,9.17,9.16,9.15,9.14,9.13,9.24,9.25,9.28,9.29,9.3,9.31,9.32,9.33,9.34,9.35,11500,500,5000,8600,10300,1000,7500,1000,1400,4900,3900,8500,7100,35700,49100,7000,4000,7300,11500,36200
176.0,9.24,233600,2162898.0,9.23,9.22,9.21,9.2,9.18,9.17,9.16,9.15,9.14,9.13,9.24,9.25,9.28,9.29,9.3,9.31,9.32,9.33,9.34,9.35,11500,500,5000,8600,10300,1000,7500,1000,1400,4900,3300,8500,7100,35700,49100,7000,4000,7300,11500,36200
177.0,9.24,233600,2162898.0,9.23,9.22,9.21,9.2,9.18,9.17,9.16,9.15,9.14,9.13,9.24,9.25,9.28,9.29,9.3,9.31,9.32,9.33,9.34,9.35,11500,500,10700,8600,10300,1000,7500,1000,1400,4900,3300,8500,7100,35700,49100,7000,4000,7300,11500,36200
178.0,9.24,233600,2162898.0,9.23,9.22,9.21,9.2,9.18,9.17,9.16,9.15,9.14,9.13,9.24,9.25,9.28,9.29,9.3,9.31,9.32,9.33,9.34,9.35,14500,500,10700,8600,10300,1000,7500,1000,1400,4900,3300,8500,7100,35700,49100,7000,4000,7300,11500,36200
179.0,9.23,234600,2172128.0,9.23,9.22,9.21,9.2,9.18,9.17,9.16,9.15,9.14,9.13,9.24,9.25,9.28,9.29,9.3,9.31,9.32,9.33,9.34,9.35,13500,500,10700,8600,10300,1000,7500,1000,1400,4900,3300,8500,7100,35700,49100,7000,4000,7300,11500,36200
180.0,9.24,236900,2193359.0,9.23,9.22,9.21,9.2,9.18,9.17,9.16,9.15,9.14,9.13,9.24,9.25,9.28,9.29,9.3,9.31,9.32,9.33,9.34,9.35,11400,500,10700,8600,10300,1000,7500,1000,1400,4900,3100,8400,7100,35700,49100,7000,4000,7300,11500,36200
181.0,9.24,236900,2193359.0,9.23,9.22,9.21,9.2,9.18,9.17,9.16,9.15,9.14,9.13,9.24,9.25,9.28,9.29,9.3,9.31,9.32,9.33,9.34,9.35,13300,500,10700,8600,10300,1000,7500,1000,1400,4900,3100,8400,7100,35700,49100,7000,4000,7300,11500,36200
182.0,9.24,242200,2242310.0,9.23,9.22,9.21,9.2,9.18,9.17,9.16,9.15,9.14,9.13,9.25,9.28,9.29,9.3,9.31,9.32,9.33,9.34,9.35,9.36,12000,500,10700,8600,10300,1000,7500,1000,1400,4900,8000,7100,35700,49100,7000,4000,7300,11500,36200,11800
183.0,9.23,249600,2310700.0,9.23,9.22,9.21,9.2,9.18,9.17,9.16,9.15,9.14,9.13,9.25,9.28,9.29,9.3,9.31,9.32,9.33,9.34,9.35,9.36,9000,500,10700,8600,10300,1000,7500,1000,1400,4900,3600,7100,35700,49100,7000,4000,7300,11500,36200,11800
184.0,9.23,258800,2395616.0,9.22,9.21,9.2,9.18,9.17,9.16,9.15,9.14,9.13,9.12,9.23,9.25,9.28,9.29,9.3,9.31,9.32,9.33,9.34,9.35,500,10700,8600,10300,1000,7500,1000,1400,4900,15000,1200,3600,7100,35700,49100,7000,4000,7300,11500,36200
185.0,9.25,260100,2407617.0,9.23,9.22,9.21,9.2,9.18,9.17,9.16,9.15,9.14,9.13,9.25,9.27,9.28,9.29,9.3,9.31,9.32,9.33,9.34,9.35,300,500,10700,8600,10300,1000,7500,1000,1400,4900,3500,1700,7900,35700,49100,7000,4000,7300,11500,36200
186.0,9.25,260100,2407617.0,9.23,9.22,9.21,9.2,9.18,9.17,9.16,9.15,9.14,9.13,9.25,9.27,9.28,9.29,9.3,9.31,9.32,9.33,9.34,9.35,300,500,10700,8600,10300,1000,7500,1000,1400,4900,3500,1700,7900,35700,49100,7000,4000,7300,11500,36200
187.0,9.24,261100,2416863.0,9.23,9.22,9.21,9.2,9.18,9.17,9.16,9.15,9.14,9.13,9.25,9.26,9.27,9.28,9.29,9.3,9.31,9.32,9.33,9.34,1900,500,10700,8600,10300,1000,7500,1000,1400,4900,4500,200,1700,7900,40700,49100,7000,4000,7300,11500
188.0,9.25,261500,2420563.0,9.23,9.22,9.21,9.2,9.18,9.17,9.16,9.15,9.14,9.13,9.25,9.27,9.28,9.29,9.3,9.31,9.32,9.33,9.34,9.35,2300,500,10700,8600,10300,1000,7500,1000,1400,4900,5300,1700,7900,40700,49100,7000,4000,7300,11500,36200
189.0,9.25,261500,2420563.0,9.23,9.22,9.21,9.2,9.18,9.17,9.16,9.15,9.14,9.13,9.25,9.27,9.28,9.29,9.3,9.31,9.32,9.33,9.34,9.35,2900,500,10700,8600,10300,1000,7500,1000,1400,4900,5900,1700,7900,40700,49100,7000,4000,7300,11500,36200
190.0,9.25,261500,2420563.0,9.23,9.22,9.21,9.2,9.18,9.17,9.16,9.15,9.14,9.13,9.25,9.27,9.28,9.29,9.3,9.31,9.32,9.33,9.34,9.35,3900,3500,10700,8600,10300,1000,7500,1000,1400,4900,6900,1700,7900,40700,49100,7000,4000,7300,11500,36200
191.0,9.25,261500,2420563.0,9.23,9.22,9.21,9.2,9.18,9.17,9.16,9.15,9.14,9.13,9.25,9.27,9.28,9.29,9.3,9.31,9.32,9.33,9.34,9.35,4300,4000,10700,8600,10300,1000,7500,1000,1400,4900,6500,1700,7900,41700,49100,7000,4000,7300,11500,36200
192.0,9.23,263100,2435343.0,9.24,9.23,9.22,9.21,9.2,9.18,9.17,9.16,9.15,9.14,9.25,9.26,9.27,9.28,9.29,9.3,9.31,9.32,9.33,9.34,400,4700,4000,10700,8600,10300,1000,7500,1000,1400,7300,200,1700,8700,41700,49100,7000,4000,7300,11500
193.0,9.24,263200,2436267.0,9.24,9.23,9.22,9.21,9.2,9.18,9.17,9.16,9.15,9.14,9.25,9.27,9.28,9.29,9.3,9.31,9.32,9.33,9.34,9.35,300,4700,4000,10700,8600,10300,1000,7500,1000,1400,7400,1700,8700,41700,49100,7000,4000,7300,11500,36200
194.0,9.24,263200,2436267.0,9.24,9.23,9.22,9.21,9.2,9.18,9.17,9.16,9.15,9.14,9.25,9.27,9.28,9.29,9.3,9.31,9.32,9.33,9.34,9.35,300,4700,4000,10700,8600,10300,1000,7500,1000,1400,7400,1700,8700,41700,49100,7000,4000,7300,11500,36200
195.0,9.25,263900,2442742.0,9.24,9.23,9.22,9.21,9.2,9.18,9.17,9.16,9.15,9.14,9.25,9.27,9.28,9.29,9.3,9.31,9.32,9.33,9.34,9.35,300,4700,6500,10700,8600,10300,1000,7500,1000,1400,6600,1900,8700,41700,49100,7000,4000,7300,11500,36200
196.0,9.25,263900,2442742.0,9.24,9.23,9.22,9.21,9.2,9.18,9.17,9.16,9.15,9.14,9.25,9.27,9.28,9.29,9.3,9.31,9.32,9.33,9.34,9.35,300,4700,6500,10700,8600,10300,1000,7500,1000,1400,6600,3000,8700,41700,49100,7000,4000,7300,11500,36200
197.0,9.25,263900,2442742.0,9.24,9.23,9.22,9.21,9.2,9.18,9.17,9.16,9.15,9.14,9.25,9.27,9.28,9.29,9.3,9.31,9.32,9.33,9.34,9.35,300,4700,6500,10700,8600,10300,3500,7500,1000,1400,6600,3000,8700,41700,49100,7000,4000,7300,11500,36200
198.0,9.25,263900,2442742.0,9.24,9.23,9.22,9.21,9.2,9.18,9.17,9.16,9.15,9.14,9.25,9.27,9.28,9.29,9.3,9.31,9.32,9.33,9.34,9.35,300,4700,6500,10700,8600,10300,3500,7500,1000,1400,6600,3000,8700,41700,49100,7000,4000,7300,11500,36200
199.0,9.25,264500,2448292.0,9.24,9.23,9.22,9.21,9.2,9.18,9.17,9.16,9.15,9.14,9.25,9.27,9.28,9.29,9.3,9.31,9.32,9.33,9.34,9.35,1900,4700,6500,10700,8600,10300,3500,7500,1000,1400,6000,3300,8700,41700,49100,7000,4000,7300,11500,36200
200.0,9.24,264600,2449216.0,9.24,9.23,9.22,9.21,9.2,9.18,9.17,9.16,9.15,9.14,9.25,9.27,9.28,9.29,9.3,9.31,9.32,9.33,9.34,9.35,1800,4700,6500,10700,8600,10300,3500,7500,1000,1400,6000,3300,8700,41700,49100,7000,4000,7300,11500,36200
201.0,9.24,264600,2449216.0,9.24,9.23,9.22,9.21,9.2,9.18,9.17,9.16,9.15,9.14,9.25,9.27,9.28,9.29,9.3,9.31,9.32,9.33,9.34,9.35,1800,4700,8900,10700,8600,10300,3500,7500,1000,1400,6000,3300,8700,41700,49100,7000,4000,7300,11500,36200
202.0,9.24,266700,2468626.0,9.24,9.23,9.22,9.21,9.2,9.18,9.17,9.16,9.15,9.14,9.25,9.27,9.28,9.29,9.3,9.31,9.32,9.33,9.34,9.35,1800,4700,8900,10700,8600,10300,3500,7500,1000,1400,5400,13300,8700,41700,49100,7000,4000,7300,11500,36200
203.0,9.25,266900,2470476.0,9.24,9.23,9.22,9.21,9.2,9.18,9.17,9.16,9.15,9.14,9.25,9.27,9.28,9.29,9.3,9.31,9.32,9.33,9.34,9.35,1800,4700,8900,11700,8600,10300,3500,7500,1000,1400,5200,13300,8700,41700,49100,7000,4000,7300,11500,36200
204.0,9.25,266900,2470476.0,9.24,9.23,9.22,9.21,9.2,9.18,9.17,9.16,9.15,9.14,9.25,9.27,9.28,9.29,9.3,9.31,9.32,9.33,9.34,9.35,1800,4700,8900,11700,8600,10300,3500,7500,1000,1400,5200,13300,8700,41700,49100,7000,4000,7300,11500,36200
205.0,9.24,267200,2473248.0,9.24,9.23,9.22,9.21,9.2,9.18,9.17,9.16,9.15,9.14,9.25,9.27,9.28,9.29,9.3,9.31,9.32,9.33,9.34,9.35,1500,4700,8900,11700,8600,10300,3500,7500,1000,1400,5200,13300,8700,41700,49100,7000,4000,7300,11500,36200
206.0,9.25,267700,2477873.0,9.24,9.23,9.22,9.21,9.2,9.18,9.17,9.16,9.15,9.14,9.25,9.27,9.28,9.29,9.3,9.31,9.32,9.33,9.34,9.35,1500,4700,8900,11700,8600,10300,3500,7500,1000,1400,4700,13300,8700,41700,49100,7000,4000,7300,11500,36200
207.0,9.24,267800,2478797.0,9.24,9.23,9.22,9.21,9.2,9.18,9.17,9.16,9.15,9.14,9.25,9.27,9.28,9.29,9.3,9.31,9.32,9.33,9.34,9.35,1400,4700,8900,11700,8600,10300,3500,7500,1000,1400,4700,13300,8700,41700,49100,7000,4000,7300,11500,36200
208.0,9.24,267800,2478797.0,9.24,9.23,9.22,9.21,9.2,9.18,9.17,9.16,9.15,9.14,9.25,9.26,9.27,9.28,9.29,9.3,9.31,9.32,9.33,9.34,1400,4700,8900,11700,7600,10300,3500,7500,1000,1400,4700,7300,13300,8700,41700,49100,7000,4000,7300,11500
209.0,9.24,268300,2483421.0,9.24,9.23,9.22,9.21,9.2,9.18,9.17,9.16,9.15,9.14,9.25,9.26,9.27,9.28,9.29,9.3,9.31,9.32,9.33,9.34,1300,4700,8900,11700,7600,10300,3500,7500,1000,1400,6000,7500,13300,8700,41700,49100,7000,4000,7300,11500
210.0,9.24,268300,2483421.0,9.24,9.23,9.22,9.21,9.2,9.18,9.17,9.16,9.15,9.14,9.25,9.26,9.27,9.28,9.29,9.3,9.31,9.32,9.33,9.34,1300,4700,8900,11700,7600,10300,3500,7500,1000,1400,6000,7500,13300,8700,41700,49100,7000,4000,7300,11500
211.0,9.24,268300,2483421.0,9.24,9.23,9.22,9.21,9.2,9.18,9.17,9.16,9.15,9.14,9.25,9.26,9.27,9.28,9.29,9.3,9.31,9.32,9.33,9.34,1300,5500,8900,11700,7600,10300,3500,7500,1000,1400,6000,7500,13300,8700,41700,49100,7000,4000,7300,11500
212.0,9.24,268300,2483421.0,9.24,9.23,9.22,9.21,9.2,9.18,9.17,9.16,9.15,9.14,9.25,9.26,9.27,9.28,9.29,9.3,9.31,9.32,9.33,9.34,1300,5500,8900,11700,7600,10300,3500,7500,1000,1400,6000,7500,13300,8700,41700,49100,7000,4000,7300,11500
213.0,9.25,268900,2488971.0,9.24,9.23,9.22,9.21,9.2,9.18,9.17,9.16,9.15,9.14,9.25,9.26,9.27,9.28,9.29,9.3,9.31,9.32,9.33,9.34,1300,5500,8900,11700,7600,10300,3500,7500,1000,1400,5400,7500,13300,8700,41700,49100,7000,4000,7300,11500
214.0,9.25,271800,2515775.0,9.23,9.22,9.21,9.2,9.18,9.17,9.16,9.15,9.14,9.13,9.25,9.26,9.27,9.28,9.29,9.3,9.31,9.32,9.33,9.34,5500,8900,11700,7600,10300,3500,7500,1000,1400,4900,4600,7500,13300,8100,41700,49100,7000,4000,7300,11500
215.0,9.25,271800,2515775.0,9.23,9.22,9.21,9.2,9.18,9.17,9.16,9.15,9.14,9.13,9.25,9.26,9.27,9.28,9.29,9.3,9.31,9.32,9.33,9.34,5800,8900,11700,7600,10300,3500,7500,1000,1400,4900,4900,7500,13300,8100,41700,49100,7000,4000,7300,11500
216.0,9.25,272600,2523175.0,9.23,9.22,9.21,9.2,9.18,9.17,9.16,9.15,9.14,9.13,9.25,9.26,9.27,9.28,9.29,9.3,9.31,9.32,9.33,9.34,7300,8900,11700,7600,10300,3500,7500,1000,1400,4900,4700,7500,13300,8100,41700,49100,7000,4000,7300,11500
217.0,9.25,272600,2523175.0,9.24,9.23,9.22,9.21,9.2,9.18,9.17,9.16,9.15,9.14,9.25,9.26,9.27,9.28,9.29,9.3,9.31,9.32,9.33,9.34,200,8100,8900,11700,7600,10300,3500,7500,1000,1400,5500,7500,13300,8100,41700,49100,7000,4000,7300,11500
218.0,9.25,272600,2523175.0,9.24,9.23,9.22,9.21,9.2,9.18,9.17,9.16,9.15,9.14,9.25,9.26,9.27,9.28,9.29,9.3,9.31,9.32,9.33,9.34,200,8100,8900,11700,7600,10300,3500,7500,1000,1400,3800,7700,13300,8100,42700,49100,7000,4000,7300,11500
219.0,9.25,272900,2525950.0,9.24,9.23,9.22,9.21,9.2,9.18,9.17,9.16,9.15,9.14,9.25,9.26,9.27,9.28,9.29,9.3,9.31,9.32,9.33,9.34,200,8100,8900,11700,7600,10300,3500,7500,1000,1400,3500,7700,13300,8100,42700,49100,7000,4000,7300,11500
220.0,9.25,272900,2525950.0,9.24,9.23,9.22,9.21,9.2,9.18,9.17,9.16,9.15,9.14,9.25,9.26,9.27,9.28,9.29,9.3,9.31,9.32,9.33,9.34,1000,8100,8900,11700,7600,10300,3500,7500,1000,1400,3500,7700,13300,8100,42700,49100,7000,4000,7300,11500
221.0,9.25,272900,2525950.0,9.24,9.23,9.22,9.21,9.2,9.18,9.17,9.16,9.15,9.14,9.25,9.26,9.27,9.28,9.29,9.3,9.31,9.32,9.33,9.34,1000,8100,8900,11700,7600,10300,3500,7500,1000,1400,3500,7700,13300,8100,42700,49100,7000,4000,7300,11500
222.0,9.24,274800,2543515.0,9.23,9.22,9.21,9.2,9.18,9.17,9.16,9.15,9.14,9.13,9.24,9.25,9.26,9.27,9.28,9.29,9.3,9.31,9.32,9.33,8100,8900,11700,7600,10300,3500,7500,1000,1400,4900,100,2800,7700,13300,8100,42700,49100,7000,4000,7300
223.0,9.25,277700,2570339.0,9.25,9.24,9.23,9.22,9.21,9.2,9.18,9.17,9.16,9.15,9.26,9.27,9.28,9.29,9.3,9.31,9.32,9.33,9.34,9.35,600,400,8100,8900,11700,7600,10300,3500,7500,1000,7700,13300,8100,42700,49100,7000,4000,7300,11500,36200
224.0,9.26,277800,2571265.0,9.25,9.24,9.23,9.22,9.21,9.2,9.18,9.17,9.16,9.15,9.26,9.27,9.28,9.29,9.3,9.31,9.32,9.33,9.34,9.35,800,400,8100,8900,11700,7600,10300,3500,7500,1000,7600,13300,8100,42700,49100,7000,4000,7300,11500,36200
225.0,9.26,277800,2571265.0,9.25,9.24,9.23,9.22,9.21,9.2,9.18,9.17,9.16,9.15,9.26,9.27,9.28,9.29,9.3,9.31,9.32,9.33,9.34,9.35,800,400,8100,8900,11700,7600,10300,3500,7500,1000,7600,13300,8100,42700,49100,7000,4000,7300,11500,36200
226.0,9.26,278500,2577747.0,9.25,9.24,9.23,9.22,9.21,9.2,9.18,9.17,9.16,9.15,9.26,9.27,9.28,9.29,9.3,9.31,9.32,9.33,9.34,9.35,800,400,8100,8900,11700,7600,10300,3500,7500,1000,6900,13300,8100,42700,49100,7000,4000,7300,11500,36200
227.0,9.24,280200,2593463.0,9.24,9.23,9.22,9.21,9.2,9.18,9.17,9.16,9.15,9.14,9.26,9.27,9.28,9.29,9.3,9.31,9.32,9.33,9.34,9.35,500,8100,8900,11700,7600,10300,3500,7500,1000,1400,6900,11600,8100,42700,49100,7000,4000,7300,11500,36200
228.0,9.26,281500,2605501.0,9.24,9.23,9.22,9.21,9.2,9.18,9.17,9.16,9.15,9.14,9.26,9.27,9.28,9.29,9.3,9.31,9.32,9.33,9.34,9.35,800,8100,8900,11700,7600,10300,3500,7500,1000,1400,5900,11600,8100,42700,49100,7000,4000,7300,11500,36200
229.0,9.26,282000,2610131.0,9.24,9.23,9.22,9.21,9.2,9.18,9.17,9.16,9.15,9.14,9.26,9.27,9.28,9.29,9.3,9.31,9.32,9.33,9.34,9.35,1400,8100,8900,11700,7600,10300,4000,7500,1000,1400,6000,11600,8100,42700,49100,7000,4000,7300,11500,36200
230.0,9.26,282000,2610131.0,9.24,9.23,9.22,9.21,9.2,9.18,9.17,9.16,9.15,9.14,9.25,9.26,9.27,9.28,9.29,9.3,9.31,9.32,9.33,9.34,2100,8100,8900,11700,7600,10300,4000,7500,1000,1400,1300,6700,11600,8100,42700,49100,7000,4000,7300,11500
231.0,9.26,282000,2610131.0,9.24,9.23,9.22,9.21,9.2,9.18,9.17,9.16,9.15,9.14,9.25,9.26,9.27,9.28,9.29,9.3,9.31,9.32,9.33,9.34,2100,8100,8900,11700,7600,10300,4000,7500,1000,1400,1300,6700,13000,8100,42700,49100,7000,4000,7300,11500
232.0,9.26,282000,2610131.0,9.24,9.23,9.22,9.21,9.2,9.18,9.17,9.16,9.15,9.14,9.25,9.26,9.27,9.28,9.29,9.3,9.31,9.32,9.33,9.34,3100,8100,8900,11700,7600,10300,4000,7500,1000,1400,1300,6700,13000,8100,42700,49100,7000,4000,7300,11500
233.0,9.25,282100,2611056.0,9.24,9.23,9.22,9.21,9.2,9.18,9.17,9.16,9.15,9.14,9.25,9.26,9.27,9.28,9.29,9.3,9.31,9.32,9.33,9.34,3100,8100,8900,11700,7600,10300,4000,7500,1000,1400,1200,6700,13000,8100,42700,49100,7000,4000,7300,11500
234.0,9.25,282100,2611056.0,9.24,9.23,9.22,9.21,9.2,9.18,9.17,9.16,9.15,9.14,9.25,9.26,9.27,9.28,9.29,9.3,9.31,9.32,9.33,9.34,3100,8100,8900,11700,7600,10300,4000,7500,1000,1400,1200,6500,13000,8100,44700,49100,7000,4000,7300,11500
235.0,9.25,282100,2611056.0,9.24,9.23,9.22,9.21,9.2,9.18,9.17,9.16,9.15,9.14,9.25,9.26,9.27,9.28,9.29,9.3,9.31,9.32,9.33,9.34,3100,8100,8900,11700,7600,10300,4000,7500,1000,1400,1200,1800,13000,8100,44700,49100,7000,4000,7300,11500
236.0,9.25,282500,2614753.0,9.24,9.23,9.22,9.21,9.2,9.18,9.17,9.16,9.15,9.14,9.25,9.26,9.27,9.28,9.29,9.3,9.31,9.32,9.33,9.34,2800,8100,8900,11700,7600,10300,4000,7500,1000,1400,1100,1800,13000,8100,44700,49100,7000,4000,7300,11500
237.0,9.25,282600,2615678.0,9.24,9.23,9.22,9.21,9.2,9.18,9.17,9.16,9.15,9.14,9.25,9.26,9.27,9.28,9.29,9.3,9.31,9.32,9.33,9.34,12800,8100,8900,11700,7600,10300,4000,7500,1000,1400,1000,1800,13000,8100,44700,49100,7000,4000,7300,11500
238.0,9.25,283600,2624928.0,9.25,9.24,9.23,9.22,9.21,9.2,9.18,9.17,9.16,9.15,9.26,9.27,9.28,9.29,9.3,9.31,9.32,9.33,9.34,9.35,400,12800,8100,8900,11700,7600,10300,4000,7500,1000,1800,13000,8100,44700,49100,7000,4000,7300,11500,36200
239.0,9.25,283600,2624928.0,9.25,9.24,9.23,9.22,9.21,9.2,9.18,9.17,9.16,9.15,9.26,9.27,9.28,9.29,9.3,9.31,9.32,9.33,9.34,9.35,400,12800,8100,8900,11700,7600,10300,4000,7500,1000,1800,13000,8100,44700,49100,7000,4000,7300,11500,36200
240.0,9.26,284100,2629558.0,9.25,9.24,9.23,9.22,9.21,9.2,9.18,9.17,9.16,9.15,9.26,9.27,9.28,9.29,9.3,9.31,9.32,9.33,9.34,9.35,400,12800,8100,8900,11700,7600,10300,4000,7500,1000,1300,13000,8100,44700,50000,7000,4000,7300,11500,36200
241.0,9.26,284100,2629558.0,9.25,9.24,9.23,9.22,9.21,9.2,9.18,9.17,9.16,9.15,9.26,9.27,9.28,9.29,9.3,9.31,9.32,9.33,9.34,9.35,400,12800,8100,8900,11700,7600,10300,4000,7500,1000,1300,13000,8100,44700,50000,7000,4000,7300,11500,36200
242.0,9.26,284100,2629558.0,9.25,9.24,9.23,9.22,9.21,9.2,9.18,9.17,9.16,9.15,9.26,9.27,9.28,9.29,9.3,9.31,9.32,9.33,9.34,9.35,400,12800,8100,8900,11700,7600,10300,4000,7500,1000,1300,13000,7100,44700,50000,7000,4000,7300,11500,36200
243.0,9.26,284200,2630484.0,9.25,9.24,9.23,9.22,9.21,9.2,9.18,9.17,9.16,9.15,9.26,9.27,9.28,9.29,9.3,9.31,9.32,9.33,9.34,9.35,400,12800,8100,8900,12800,7600,10300,4000,7500,1000,1200,13000,7100,44700,50000,7000,4000,7300,11500,36200
244.0,9.26,284200,2630484.0,9.25,9.24,9.23,9.22,9.21,9.2,9.18,9.17,9.16,9.15,9.26,9.27,9.28,9.29,9.3,9.31,9.32,9.33,9.34,9.35,400,12800,8100,9000,12800,7600,10300,4000,7500,1000,1200,13000,7100,44700,50000,7000,4000,7300,11500,36200
245.0,9.26,284200,2630484.0,9.25,9.24,9.23,9.22,9.21,9.2,9.18,9.17,9.16,9.15,9.26,9.27,9.28,9.29,9.3,9.31,9.32,9.33,9.34,9.35,400,12800,8100,9000,12800,12100,10300,4000,7500,1000,1200,13600,7100,44700,50000,7000,4000,7300,11500,36200
246.0,9.26,285400,2641596.0,9.26,9.25,9.24,9.23,9.22,9.21,9.2,9.18,9.17,9.16,9.27,9.28,9.29,9.3,9.31,9.32,9.33,9.34,9.35,9.36,4900,400,12800,8100,9000,12800,12100,10300,4000,7500,13600,7100,44700,50000,7000,4000,7300,11500,36200,11800
247.0,9.27,286400,2650866.0,9.26,9.25,9.24,9.23,9.22,9.21,9.2,9.18,9.17,9.16,9.27,9.28,9.29,9.3,9.31,9.32,9.33,9.34,9.35,9.36,4900,400,12800,8100,9000,12800,12100,10300,4000,7500,12600,7100,44700,50000,7000,4000,7300,11500,36200,11800
248.0,9.26,288000,2665682.0,9.26,9.25,9.24,9.23,9.22,9.21,9.2,9.18,9.17,9.16,9.27,9.28,9.29,9.3,9.31,9.32,9.33,9.34,9.35,9.36,3300,400,12800,8100,9000,12900,12100,10300,4000,7500,12600,7100,44700,50000,7000,4000,7300,11500,36200,11800
249.0,9.26,291300,2696240.0,9.25,9.24,9.23,9.22,9.21,9.2,9.18,9.17,9.16,9.15,9.26,9.27,9.28,9.29,9.3,9.31,9.32,9.33,9.34,9.35,400,12800,8100,11000,12900,12100,10300,4000,7500,1000,1300,12600,7100,44700,50000,7000,4000,7300,11500,36200
250.0,9.26,291400,2697166.0,9.25,9.24,9.23,9.22,9.21,9.2,9.18,9.17,9.16,9.15,9.26,9.27,9.28,9.29,9.3,9.31,9.32,9.33,9.34,9.35,400,12800,8100,12000,12900,12100,10300,4000,7500,1000,1300,12600,7100,44700,50000,7000,4000,7300,11500,36200
251.0,9.26,291400,2697166.0,9.25,9.24,9.23,9.22,9.21,9.2,9.18,9.17,9.16,9.15,9.26,9.27,9.28,9.29,9.3,9.31,9.32,9.33,9.34,9.35,400,12800,8100,12000,12900,12100,10300,4000,7500,1000,1300,12600,7100,44700,50000,7000,4000,7300,11500,36200
252.0,9.26,291600,2699018.0,9.25,9.24,9.23,9.22,9.21,9.2,9.18,9.17,9.16,9.15,9.26,9.27,9.28,9.29,9.3,9.31,9.32,9.33,9.34,9.35,400,12800,8100,12000,12900,12100,10300,4000,7500,1000,1100,12600,7100,44700,50000,7000,4000,7300,11500,36200
253.0,9.27,293700,2718474.0,9.26,9.25,9.24,9.23,9.22,9.21,9.2,9.18,9.17,9.16,9.27,9.28,9.29,9.3,9.31,9.32,9.33,9.34,9.35,9.36,2300,400,12100,8100,12000,12900,12100,10300,4000,7500,11600,7100,44700,50000,7000,4000,7300,11500,36200,11800
254.0,9.27,294200,2723109.0,9.26,9.25,9.24,9.23,9.22,9.21,9.2,9.18,9.17,9.16,9.27,9.28,9.29,9.3,9.31,9.32,9.33,9.34,9.35,9.36,2300,400,12100,8100,12000,12900,12100,10300,4000,7500,11100,7100,44700,50000,7000,4000,7300,11500,36200,11800
255.0,9.27,294200,2723109.0,9.26,9.25,9.24,9.23,9.22,9.21,9.2,9.18,9.17,9.16,9.27,9.28,9.29,9.3,9.31,9.32,9.33,9.34,9.35,9.36,2300,400,12100,8100,12000,12900,12100,10300,4000,7500,11100,7100,44700,50000,7000,4000,7300,11500,36200,11800
256.0,9.27,294200,2723109.0,9.26,9.25,9.24,9.23,9.22,9.21,9.2,9.18,9.17,9.16,9.27,9.28,9.29,9.3,9.31,9.32,9.33,9.34,9.35,9.36,3100,400,14100,8100,12000,12900,12100,10300,4000,7500,11100,7100,44700,50000,2000,4000,7300,11500,36200,11800
257.0,9.27,295200,2732379.0,9.26,9.25,9.24,9.23,9.22,9.21,9.2,9.18,9.17,9.16,9.27,9.28,9.29,9.3,9.31,9.32,9.33,9.34,9.35,9.36,3100,400,14100,8100,12000,12900,12100,10300,4000,7500,10100,7100,44700,50000,2000,4000,7300,11500,36200,11800
258.0,9.26,295500,2735157.0,9.26,9.25,9.24,9.23,9.22,9.21,9.2,9.18,9.17,9.16,9.27,9.28,9.29,9.3,9.31,9.32,9.33,9.34,9.35,9.36,3000,900,14100,8100,12000,12900,12100,10300,4000,7500,10100,7100,44700,50000,2000,10300,7300,11500,36200,11800
259.0,9.26,295500,2735157.0,9.26,9.25,9.24,9.23,9.22,9.21,9.2,9.18,9.17,9.16,9.27,9.28,9.29,9.3,9.31,9.32,9.33,9.34,9.35,9.36,3000,900,14100,8100,12000,12900,12200,10300,4000,7500,10100,7100,44700,50000,2000,10300,7300,11500,36200,11800
260.0,9.26,299500,2772207.0,9.25,9.24,9.23,9.22,9.21,9.2,9.18,9.17,9.16,9.15,9.27,9.28,9.29,9.3,9.31,9.32,9.33,9.34,9.35,9.36,900,14100,8100,12000,12900,12200,10300,4000,7500,1000,9100,7100,44700,50000,2000,10300,7300,11500,36200,11800
261.0,9.26,299500,2772207.0,9.25,9.24,9.23,9.22,9.21,9.2,9.18,9.17,9.16,9.15,9.27,9.28,9.29,9.3,9.31,9.32,9.33,9.34,9.35,9.36,1500,14100,8100,12000,12900,12200,10300,4000,7500,1000,9100,7100,44700,51700,2000,10300,7300,11500,36200,11800
262.0,9.26,299500,2772207.0,9.25,9.24,9.23,9.22,9.21,9.2,9.18,9.17,9.16,9.15,9.27,9.28,9.29,9.3,9.31,9.32,9.33,9.34,9.35,9.36,1500,14100,8900,12000,12900,12200,10300,4000,7500,1000,9100,7100,44700,51700,2000,10300,7300,11500,36200,11800
263.0,9.27,304300,2816703.0,9.25,9.24,9.23,9.22,9.21,9.2,9.18,9.17,9.16,9.15,9.27,9.28,9.29,9.3,9.31,9.32,9.33,9.34,9.35,9.36,1600,14100,8900,12000,12900,12200,10300,4000,7500,1000,4400,12100,44700,51700,2000,10300,7300,11500,36200,11800
264.0,9.27,304700,2820411.0,9.25,9.24,9.23,9.22,9.21,9.2,9.18,9.17,9.16,9.15,9.27,9.28,9.29,9.3,9.31,9.32,9.33,9.34,9.35,9.36,2400,14100,8900,12000,12900,12200,10300,4000,7500,1000,4800,12100,44700,51700,2000,10300,7300,11500,36200,11800
265.0,9.25,304900,2822261.0,9.25,9.24,9.23,9.22,9.21,9.2,9.18,9.17,9.16,9.15,9.27,9.28,9.29,9.3,9.31,9.32,9.33,9.34,9.35,9.36,2400,14100,8900,12000,12900,12200,10300,4000,7500,1000,5000,12100,44700,51700,2000,10300,7300,11500,36200,11800
266.0,9.25,304900,2822261.0,9.25,9.24,9.23,9.22,9.21,9.2,9.18,9.17,9.16,9.15,9.27,9.28,9.29,9.3,9.31,9.32,9.33,9.34,9.35,9.36,3200,14100,8900,11500,12900,12200,10300,4000,7500,1000,5800,12300,44700,51700,2000,10300,7300,11500,36200,11800
267.0,9.27,305600,2828750.0,9.26,9.25,9.24,9.23,9.22,9.21,9.2,9.18,9.17,9.16,9.27,9.28,9.29,9.3,9.31,9.32,9.33,9.34,9.35,9.36,1800,3400,14100,8900,11500,12900,12200,10300,4000,7500,5300,12300,44700,51700,2000,10300,7300,11500,36200,11800
268.0,9.27,306000,2832458.0,9.26,9.25,9.24,9.23,9.22,9.21,9.2,9.18,9.17,9.16,9.27,9.28,9.29,9.3,9.31,9.32,9.33,9.34,9.35,9.36,1800,3400,14100,8900,11500,12900,12200,10300,4000,7500,4900,10000,44700,51700,2000,10300,7300,11500,36200,11800
269.0,9.27,306000,2832458.0,9.26,9.25,9.24,9.23,9.22,9.21,9.2,9.18,9.17,9.16,9.27,9.28,9.29,9.3,9.31,9.32,9.33,9.34,9.35,9.36,3800,3400,14100,8900,11500,12900,12200,10300,4000,7500,4900,10000,44700,51700,2000,10300,7300,11500,36200,11800
270.0,9.26,306600,2838014.0,9.26,9.25,9.24,9.23,9.22,9.21,9.2,9.18,9.17,9.16,9.27,9.28,9.29,9.3,9.31,9.32,9.33,9.34,9.35,9.36,3200,3400,14100,8900,11500,12900,12200,10300,4000,7500,4900,10000,44700,52200,2000,10300,7300,11500,36200,11800
271.0,9.27,307000,2841722.0,9.26,9.25,9.24,9.23,9.22,9.21,9.2,9.18,9.17,9.16,9.27,9.28,9.29,9.3,9.31,9.32,9.33,9.34,9.35,9.36,3500,3400,14100,8900,11500,12900,12200,10300,4000,7500,4500,10000,44700,52200,2000,10300,7300,11500,36200,11800
272.0,9.27,307000,2841722.0,9.26,9.25,9.24,9.23,9.22,9.21,9.2,9.18,9.17,9.16,9.27,9.28,9.29,9.3,9.31,9.32,9.33,9.34,9.35,9.36,3500,3400,14100,8900,13500,12900,12200,10300,4000,7500,4500,14600,44700,52200,2000,10300,7300,11500,36200,11800
273.0,9.26,307300,2844500.0,9.26,9.25,9.24,9.23,9.22,9.21,9.2,9.18,9.17,9.16,9.27,9.28,9.29,9.3,9.31,9.32,9.33,9.34,9.35,9.36,3200,3400,14400,8900,13500,12900,12200,10300,4000,7500,4500,14600,44700,52200,2000,10300,7300,11500,36200,11800
274.0,9.27,307700,2848208.0,9.26,9.25,9.24,9.23,9.22,9.21,9.2,9.18,9.17,9.16,9.27,9.28,9.29,9.3,9.31,9.32,9.33,9.34,9.35,9.36,3200,3400,14400,8900,13500,12900,12200,10300,4000,7500,4100,14600,44700,52200,2000,10300,7300,11500,36200,11800
275.0,9.27,312600,2893623.0,9.27,9.26,9.25,9.24,9.23,9.22,9.21,9.2,9.18,9.17,9.28,9.29,9.3,9.31,9.32,9.33,9.34,9.35,9.36,9.37,86700,2400,3400,14400,8900,13500,12900,12200,10300,4000,14600,44700,52200,2000,10300,7300,11500,36200,11800,5400
276.0,9.27,312600,2893623.0,9.27,9.26,9.25,9.24,9.23,9.22,9.21,9.2,9.18,9.17,9.28,9.29,9.3,9.31,9.32,9.33,9.34,9.35,9.36,9.37,86700,2400,3400,14400,8900,13500,12900,12200,10300,4000,14600,44700,52200,2000,10300,7300,11500,36200,11800,5400
277.0,9.28,313600,2902903.0,9.27,9.26,9.25,9.24,9.23,9.22,9.21,9.2,9.18,9.17,9.28,9.29,9.3,9.31,9.32,9.33,9.34,9.35,9.36,9.37,88900,3300,3400,14400,8900,13500,12900,12200,10300,4000,13600,44700,52200,2000,10300,7300,11500,36200,11800,5400
278.0,9.28,314000,2906615.0,9.27,9.26,9.25,9.24,9.23,9.22,9.21,9.2,9.18,9.17,9.28,9.29,9.3,9.31,9.32,9.33,9.34,9.35,9.36,9.37,88900,3300,3400,14400,8900,13500,12900,12200,10300,4000,13200,44700,48800,2000,10300,7300,11500,36200,11800,5400
279.0,9.28,314000,2906615.0,9.27,9.26,9.25,9.24,9.23,9.22,9.21,9.2,9.18,9.17,9.28,9.29,9.3,9.31,9.32,9.33,9.34,9.35,9.36,9.37,88900,3300,3400,14400,8900,13500,12900,12200,10300,4000,13200,44700,48800,2000,10300,7300,11500,36200,11800,5400
280.0,9.28,314000,2906615.0,9.27,9.26,9.25,9.24,9.23,9.22,9.21,9.2,9.18,9.17,9.28,9.29,9.3,9.31,9.32,9.33,9.34,9.35,9.36,9.37,88900,3300,3400,14400,8900,13500,12900,12200,10300,4000,13200,44700,48800,2000,10300,7300,11500,36200,12300,5400
281.0,9.28,315000,2915895.0,9.27,9.26,9.25,9.24,9.23,9.22,9.21,9.2,9.18,9.17,9.28,9.29,9.3,9.31,9.32,9.33,9.34,9.35,9.36,9.37,88900,3300,3400,14400,8900,13500,12900,12200,10300,4000,12200,44700,48800,2000,10300,7300,11500,36200,12300,5400
282.0,9.28,315000,2915895.0,9.27,9.26,9.25,9.24,9.23,9.22,9.21,9.2,9.18,9.17,9.28,9.29,9.3,9.31,9.32,9.33,9.34,9.35,9.36,9.37,88900,3300,3400,14400,8900,13500,12900,12200,10300,4000,12200,44700,48800,2000,10300,7300,11500,36200,12300,5400
283.0,9.28,315300,2918679.0,9.27,9.26,9.25,9.24,9.23,9.22,9.21,9.2,9.18,9.17,9.28,9.29,9.3,9.31,9.32,9.33,9.34,9.35,9.36,9.37,99900,3000,3400,14400,8900,13500,12900,12200,10300,4000,11900,44700,48800,2000,10300,7300,11500,36200,12300,5400
284.0,9.28,316300,2927959.0,9.27,9.26,9.25,9.24,9.23,9.22,9.21,9.2,9.18,9.17,9.28,9.29,9.3,9.31,9.32,9.33,9.34,9.35,9.36,9.37,99900,3000,3400,14400,8900,15500,12900,12200,10300,4000,13900,44700,48800,2000,10300,7300,11500,36200,12300,5400
285.0,9.28,316300,2927959.0,9.27,9.26,9.25,9.24,9.23,9.22,9.21,9.2,9.18,9.17,9.28,9.29,9.3,9.31,9.32,9.33,9.34,9.35,9.36,9.37,100200,3000,3400,14400,8900,15500,12900,12200,10300,4000,13900,44700,48800,2000,10300,7300,11500,36200,12300,5400
286.0,9.28,316300,2927959.0,9.27,9.26,9.25,9.24,9.23,9.22,9.21,9.2,9.18,9.17,9.28,9.29,9.3,9.31,9.32,9.33,9.34,9.35,9.36,9.37,100200,3000,3400,14400,8900,15500,12900,12200,10300,4000,13900,39700,48800,2000,10300,7300,11500,36200,12300,5400
287.0,9.28,318400,2947447.0,9.27,9.26,9.25,9.24,9.23,9.22,9.21,9.2,9.18,9.17,9.28,9.29,9.3,9.31,9.32,9.33,9.34,9.35,9.36,9.37,100200,3000,3400,14400,8900,15500,12900,12200,10300,4000,11800,39700,48800,2000,10300,7300,11500,36200,12300,5400
288.0,9.28,319400,2956727.0,9.27,9.26,9.25,9.24,9.23,9.22,9.21,9.2,9.18,9.17,9.28,9.29,9.3,9.31,9.32,9.33,9.34,9.35,9.36,9.37,100200,3000,3400,14400,8900,15500,12900,12200,10300,4000,16300,39700,48800,2000,10300,7300,11500,36200,12300,5400
289.0,9.28,319500,2957655.0,9.27,9.26,9.25,9.24,9.23,9.22,9.21,9.2,9.18,9.17,9.28,9.29,9.3,9.31,9.32,9.33,9.34,9.35,9.36,9.37,100200,3000,3400,14400,8900,15500,12900,12200,10300,4000,16200,39700,48800,2000,10300,7300,11500,36200,12300,5400
290.0,9.28,334200,3094071.0,9.27,9.26,9.25,9.24,9.23,9.22,9.21,9.2,9.18,9.17,9.28,9.29,9.3,9.31,9.32,9.33,9.34,9.35,9.36,9.37,100200,3000,3400,14400,8900,15500,12900,12200,10300,4000,1500,39700,48800,2000,10300,7300,11500,36200,12300,5400
291.0,9.28,334300,3094999.0,9.27,9.26,9.25,9.24,9.23,9.22,9.21,9.2,9.18,9.17,9.28,9.29,9.3,9.31,9.32,9.33,9.34,9.35,9.36,9.37,100200,3000,3400,14400,8900,15500,12900,12200,10300,4000,1400,41600,48800,2000,10300,7300,11500,36200,12300,5400
292.0,9.28,334300,3094999.0,9.27,9.26,9.25,9.24,9.23,9.22,9.21,9.2,9.18,9.17,9.28,9.29,9.3,9.31,9.32,9.33,9.34,9.35,9.36,9.37,100200,3000,3400,14400,8900,15500,12900,12200,10300,4000,1500,41600,48800,2000,10300,7300,11500,36200,12300,3800
293.0,9.27,334900,3100561.0,9.27,9.26,9.25,9.24,9.23,9.22,9.21,9.2,9.18,9.17,9.28,9.29,9.3,9.31,9.32,9.33,9.34,9.35,9.36,9.37,99600,11000,2900,14400,8900,15500,12900,12200,10300,4000,1500,41600,48800,2000,10300,7300,11500,36200,12300,3800
294.0,9.28,335000,3101489.0,9.27,9.26,9.25,9.24,9.23,9.22,9.21,9.2,9.18,9.17,9.28,9.29,9.3,9.31,9.32,9.33,9.34,9.35,9.36,9.37,99600,11000,2900,14400,8900,15500,12900,12200,10300,4000,1500,41600,48800,2000,10300,7300,11500,36200,12300,3800
295.0,9.28,335100,3102417.0,9.27,9.26,9.25,9.24,9.23,9.22,9.21,9.2,9.18,9.17,9.28,9.29,9.3,9.31,9.32,9.33,9.34,9.35,9.36,9.37,99600,11000,2900,14400,8900,15500,13800,12200,10300,4000,1400,41600,48800,2000,10300,7300,11500,36200,12300,3800
296.0,9.28,335200,3103345.0,9.27,9.26,9.25,9.24,9.23,9.22,9.21,9.2,9.18,9.17,9.28,9.29,9.3,9.31,9.32,9.33,9.34,9.35,9.36,9.37,99600,11000,2900,14400,8900,15500,13800,12200,10300,4000,1300,40300,48800,2000,10300,7300,11500,36200,12300,3800
297.0,9.28,335200,3103345.0,9.27,9.26,9.25,9.24,9.23,9.22,9.21,9.2,9.18,9.17,9.28,9.29,9.3,9.31,9.32,9.33,9.34,9.35,9.36,9.37,99600,11000,2900,14400,8900,15500,13800,12200,10300,4000,1300,40300,48800,2000,10300,7300,11500,36200,12300,3800
298.0,9.28,336300,3113553.0,9.27,9.26,9.25,9.24,9.23,9.22,9.21,9.2,9.18,9.17,9.28,9.29,9.3,9.31,9.32,9.33,9.34,9.35,9.36,9.37,99600,11000,2900,14400,8900,15500,13800,12200,10300,4000,200,40300,48800,2000,10300,7300,11500,36200,12300,3800
299.0,9.28,336300,3113553.0,9.27,9.26,9.25,9.24,9.23,9.22,9.21,9.2,9.18,9.17,9.28,9.29,9.3,9.31,9.32,9.33,9.34,9.35,9.36,9.37,99600,11000,2900,14400,8900,15500,13800,12200,10300,4000,200,40300,48800,2000,10300,7300,11500,36200,12300,3800
300.0,9.28,337200,3121905.0,9.28,9.27,9.26,9.25,9.24,9.23,9.22,9.21,9.2,9.18,9.29,9.3,9.31,9.32,9.33,9.34,9.35,9.36,9.37,9.38,100,99600,11000,2900,14400,8900,15500,13800,12200,10300,40300,48800,2000,10300,7300,11500,36200,12300,3800,7600
301.0,9.29,338200,3131195.0,9.28,9.27,9.26,9.25,9.24,9.23,9.22,9.21,9.2,9.18,9.29,9.3,9.31,9.32,9.33,9.34,9.35,9.36,9.37,9.38,100,99600,11000,2900,14400,8900,15500,13800,12200,10300,39300,48800,2000,10300,7300,11500,36200,12300,3800,7600
302.0,9.29,338200,3131195.0,9.28,9.27,9.26,9.25,9.24,9.23,9.22,9.21,9.2,9.18,9.29,9.3,9.31,9.32,9.33,9.34,9.35,9.36,9.37,9.38,100,99600,11000,2900,14400,8900,15500,13800,12200,10300,39300,48800,2000,10300,7300,11500,36200,12300,3800,7600
303.0,9.27,339600,3144194.0,9.27,9.26,9.25,9.24,9.23,9.22,9.21,9.2,9.18,9.17,9.29,9.3,9.31,9.32,9.33,9.34,9.35,9.36,9.37,9.38,99400,11000,2900,14200,8900,15500,13800,12200,10300,4000,38300,48800,2000,10300,7300,11500,36200,12300,3800,7600
304.0,9.27,339600,3144194.0,9.27,9.26,9.25,9.24,9.23,9.22,9.21,9.2,9.18,9.17,9.29,9.3,9.31,9.32,9.33,9.34,9.35,9.36,9.37,9.38,99400,11000,52900,14200,8900,15500,13800,12200,10300,4000,38300,48800,2000,10300,7300,11500,36200,12300,3800,7600
305.0,9.28,341100,3158124.0,9.28,9.27,9.26,9.25,9.24,9.23,9.22,9.21,9.2,9.18,9.29,9.3,9.31,9.32,9.33,9.34,9.35,9.36,9.37,9.38,900,99500,11000,52900,14200,8900,15500,13800,12200,10300,37900,48800,2000,10300,7300,11500,36200,12300,3800,7600
306.0,9.28,341100,3158124.0,9.28,9.27,9.26,9.25,9.24,9.23,9.22,9.21,9.2,9.18,9.29,9.3,9.31,9.32,9.33,9.34,9.35,9.36,9.37,9.38,900,99700,11000,52900,14200,8900,15500,13800,12200,10300,37900,48800,2000,10300,7300,11500,36200,12300,3800,7600
307.0,9.28,344000,3185036.0,9.27,9.26,9.25,9.24,9.23,9.22,9.21,9.2,9.18,9.17,9.28,9.29,9.3,9.31,9.32,9.33,9.34,9.35,9.36,9.37,99700,11000,52900,14200,8900,15500,13800,12200,10300,4000,23400,37900,48800,2100,10300,7300,11500,36200,12300,3800
308.0,9.28,345000,3194316.0,9.27,9.26,9.25,9.24,9.23,9.22,9.21,9.2,9.18,9.17,9.28,9.29,9.3,9.31,9.32,9.33,9.34,9.35,9.36,9.37,99700,11000,52900,14200,8900,15500,13800,12200,10300,4000,22400,37900,48800,2100,10300,7300,11500,36200,12300,3800
309.0,9.28,345000,3194316.0,9.27,9.26,9.25,9.24,9.23,9.22,9.21,9.2,9.18,9.17,9.28,9.29,9.3,9.31,9.32,9.33,9.34,9.35,9.36,9.37,97500,11000,52700,14200,8900,15500,13800,12200,10300,4000,22400,37900,48800,2100,10300,7300,11500,36200,12300,3800
310.0,9.28,348300,3224940.0,9.27,9.26,9.25,9.24,9.23,9.22,9.21,9.2,9.18,9.17,9.28,9.29,9.3,9.31,9.32,9.33,9.34,9.35,9.36,9.37,97500,11000,52700,14200,8900,15500,13800,12200,10300,4000,19100,37900,48800,2100,10300,7300,11500,36200,12300,3800
311.0,9.28,348300,3224940.0,9.27,9.26,9.25,9.24,9.23,9.22,9.21,9.2,9.18,9.17,9.28,9.29,9.3,9.31,9.32,9.33,9.34,9.35,9.36,9.37,97500,11000,52700,14200,8900,15500,13800,12200,10300,4000,19100,37900,48800,2100,10300,7300,11500,36200,12300,3800
312.0,9.28,349300,3234220.0,9.27,9.26,9.25,9.24,9.23,9.22,9.21,9.2,9.18,9.17,9.28,9.29,9.3,9.31,9.32,9.33,9.34,9.35,9.36,9.37,106000,11000,53000,14200,8900,15500,13800,12200,10300,4000,18100,37900,48800,2100,10300,7300,11500,36200,12300,3800
313.0,9.28,350100,3241644.0,9.27,9.26,9.25,9.24,9.23,9.22,9.21,9.2,9.18,9.17,9.28,9.29,9.3,9.31,9.32,9.33,9.34,9.35,9.36,9.37,106300,11000,53000,14200,8900,15500,13800,12200,10300,4000,17300,37900,48800,2100,10300,7300,11500,36200,12300,3800
314.0,9.28,355100,3288044.0,9.27,9.26,9.25,9.24,9.23,9.22,9.21,9.2,9.18,9.17,9.28,9.29,9.3,9.31,9.32,9.33,9.34,9.35,9.36,9.37,106300,11000,53000,14200,8900,15500,13800,12200,10300,4000,13900,37900,48800,2100,10300,7300,11500,36200,12300,3800
315.0,9.28,356200,3298252.0,9.27,9.26,9.25,9.24,9.23,9.22,9.21,9.2,9.18,9.17,9.28,9.29,9.3,9.31,9.32,9.33,9.34,9.35,9.36,9.37,106300,11000,53000,14200,8900,15500,13800,12200,10300,4000,15300,37900,48800,2100,10300,7300,11500,36200,12300,3800
316.0,9.28,356200,3298252.0,9.27,9.26,9.25,9.24,9.23,9.22,9.21,9.2,9.18,9.17,9.28,9.29,9.3,9.31,9.32,9.33,9.34,9.35,9.36,9.37,108500,11000,53000,14200,8900,15500,13800,12200,10300,4000,15300,37900,48800,2100,10300,7300,11500,36200,12300,3800
317.0,9.28,371500,3440236.0,9.28,9.27,9.26,9.25,9.24,9.23,9.22,9.21,9.2,9.18,9.29,9.3,9.31,9.32,9.33,9.34,9.35,9.36,9.37,9.38,7400,108700,11000,53000,14200,8900,15500,13800,12200,10300,37900,48800,2100,10300,7300,11500,36200,12300,3800,7600
318.0,9.29,373500,3458816.0,9.28,9.27,9.26,9.25,9.24,9.23,9.22,9.21,9.2,9.18,9.29,9.3,9.31,9.32,9.33,9.34,9.35,9.36,9.37,9.38,7400,108700,11000,53000,14200,8900,15500,13800,14200,10300,35900,48800,2100,10300,7300,11500,36200,12300,3800,7600
319.0,9.29,373500,3458816.0,9.28,9.27,9.26,9.25,9.24,9.23,9.22,9.21,9.2,9.18,9.29,9.3,9.31,9.32,9.33,9.34,9.35,9.36,9.37,9.38,7400,108700,11000,53000,14200,8900,15500,13800,14200,10300,36400,48800,2100,10300,7300,11500,36200,12300,3800,7600
320.0,9.28,374900,3471808.0,9.28,9.27,9.26,9.25,9.24,9.23,9.22,9.21,9.2,9.18,9.29,9.3,9.31,9.32,9.33,9.34,9.35,9.36,9.37,9.38,6400,108700,11000,53000,14200,8900,15500,13800,14200,10300,36400,48800,2100,10300,7300,11500,36200,12300,3800,7600
321.0,9.28,378100,3501525.0,9.28,9.27,9.26,9.25,9.24,9.23,9.22,9.21,9.2,9.18,9.29,9.3,9.31,9.32,9.33,9.34,9.35,9.36,9.37,9.38,5300,108700,11000,53000,14200,8900,15500,13800,14200,10300,34300,48800,2100,10300,7300,11500,36200,12300,3800,7600
322.0,9.28,379300,3512671.0,9.28,9.27,9.26,9.25,9.24,9.23,9.22,9.21,9.2,9.18,9.29,9.3,9.31,9.32,9.33,9.34,9.35,9.36,9.37,9.38,13200,108700,11000,53000,14200,8900,15500,13800,14200,10300,33300,48800,2100,10300,7300,11500,36200,12300,3800,7600
323.0,9.28,379500,3514527.0,9.28,9.27,9.26,9.25,9.24,9.23,9.22,9.21,9.2,9.18,9.29,9.3,9.31,9.32,9.33,9.34,9.35,9.36,9.37,9.38,13000,108700,11000,53000,14200,8900,15500,13800,14200,10300,33900,48800,2100,10300,7300,11500,36200,22300,3800,7600
324.0,9.28,379500,3514527.0,9.28,9.27,9.26,9.25,9.24,9.23,9.22,9.21,9.2,9.18,9.29,9.3,9.31,9.32,9.33,9.34,9.35,9.36,9.37,9.38,14000,108700,11000,53000,14200,11900,15500,13800,14200,10300,33900,48800,2100,10300,7300,11500,36200,22300,3800,7600
325.0,9.29,380500,3523817.0,9.28,9.27,9.26,9.25,9.24,9.23,9.22,9.21,9.2,9.18,9.29,9.3,9.31,9.32,9.33,9.34,9.35,9.36,9.37,9.38,14000,108700,11000,53000,14200,11900,15500,13800,14200,10300,32900,48800,2100,10300,7300,11500,36200,22300,3800,7600
326.0,9.28,383500,3551667.0,9.28,9.27,9.26,9.25,9.24,9.23,9.22,9.21,9.2,9.18,9.29,9.3,9.31,9.32,9.33,9.34,9.35,9.36,9.37,9.38,12000,108700,11000,53000,14200,11900,15500,13800,14200,10300,31900,48800,2100,10300,7300,11500,36200,22300,3800,7600
327.0,9.28,383500,3551667.0,9.28,9.27,9.26,9.25,9.24,9.23,9.22,9.21,9.2,9.18,9.29,9.3,9.31,9.32,9.33,9.34,9.35,9.36,9.37,9.38,12000,108700,11000,53000,14200,11900,15500,13800,14200,10300,31900,48800,2100,10300,7300,11500,36200,22300,3800,7600
328.0,9.29,384500,3560957.0,9.28,9.27,9.26,9.25,9.24,9.23,9.22,9.21,9.2,9.18,9.29,9.3,9.31,9.32,9.33,9.34,9.35,9.36,9.37,9.38,12000,108700,11000,53000,14200,11900,15500,13800,14200,10300,30900,48800,2100,10300,7300,11500,36200,22300,3800,7600
329.0,9.29,384500,3560957.0,9.28,9.27,9.26,9.25,9.24,9.23,9.22,9.21,9.2,9.18,9.29,9.3,9.31,9.32,9.33,9.34,9.35,9.36,9.37,9.38,12000,108700,11000,53000,14200,11900,15500,13800,14200,10300,30900,48800,10100,10300,7300,11500,36200,22300,3800,7600
330.0,9.29,384500,3560957.0,9.28,9.27,9.26,9.25,9.24,9.23,9.22,9.21,9.2,9.18,9.29,9.3,9.31,9.32,9.33,9.34,9.35,9.36,9.37,9.38,12000,108700,11000,53000,14200,11900,15500,13800,14200,10300,30900,48800,10100,10300,7300,11500,36200,22300,3800,7600
331.0,9.29,384500,3560957.0,9.28,9.27,9.26,9.25,9.24,9.23,9.22,9.21,9.2,9.18,9.29,9.3,9.31,9.32,9.33,9.34,9.35,9.36,9.37,9.38,12000,108700,11000,53000,14200,11900,15500,13800,14200,10300,30900,48800,10100,10300,7300,11500,36200,22300,3800,7600
332.0,9.29,384800,3563744.0,9.28,9.27,9.26,9.25,9.24,9.23,9.22,9.21,9.2,9.18,9.29,9.3,9.31,9.32,9.33,9.34,9.35,9.36,9.37,9.38,12000,108700,11000,53000,14200,11900,15500,13800,14200,10300,30600,48800,10100,10300,7300,11500,36200,22300,3800,11600
333.0,9.29,387900,3592543.0,9.28,9.27,9.26,9.25,9.24,9.23,9.22,9.21,9.2,9.18,9.29,9.3,9.31,9.32,9.33,9.34,9.35,9.36,9.37,9.38,12000,108700,11000,53000,14200,11900,15500,13800,14200,10300,30500,49300,10100,10300,7300,11500,36200,22300,3800,11600
334.0,9.29,387900,3592543.0,9.28,9.27,9.26,9.25,9.24,9.23,9.22,9.21,9.2,9.18,9.29,9.3,9.31,9.32,9.33,9.34,9.35,9.36,9.37,9.38,12000,108700,11000,53000,14200,11900,15500,13800,14200,10300,30500,49300,10100,10300,7300,11500,36200,22300,3800,11600
335.0,9.28,388900,3601823.0,9.28,9.27,9.26,9.25,9.24,9.23,9.22,9.21,9.2,9.18,9.29,9.3,9.31,9.32,9.33,9.34,9.35,9.36,9.37,9.38,11000,108700,11000,53000,14200,11900,15500,13800,14200,10300,30500,49300,10100,10300,7300,11500,36200,22300,3800,11600
336.0,9.28,388900,3601823.0,9.28,9.27,9.26,9.25,9.24,9.23,9.22,9.21,9.2,9.18,9.29,9.3,9.31,9.32,9.33,9.34,9.35,9.36,9.37,9.38,11000,108700,11000,53000,14200,11900,15500,13800,14200,10300,30500,49300,10100,10300,7300,11500,36200,22300,3800,11600
337.0,9.28,388900,3601823.0,9.28,9.27,9.26,9.25,9.24,9.23,9.22,9.21,9.2,9.18,9.29,9.3,9.31,9.32,9.33,9.34,9.35,9.36,9.37,9.38,11000,108700,11000,53000,14200,11900,15500,13800,14200,10300,30500,49300,10100,10300,7300,11500,36200,22300,3800,11600
338.0,9.28,391900,3629663.0,9.28,9.27,9.26,9.25,9.24,9.23,9.22,9.21,9.2,9.18,9.29,9.3,9.31,9.32,9.33,9.34,9.35,9.36,9.37,9.38,25000,108700,11000,53000,14200,11900,15500,13800,14200,10300,29900,49300,10100,10300,7300,11500,36200,22300,3800,11600
339.0,9.28,391900,3629663.0,9.28,9.27,9.26,9.25,9.24,9.23,9.22,9.21,9.2,9.18,9.29,9.3,9.31,9.32,9.33,9.34,9.35,9.36,9.37,9.38,25000,108700,11000,53000,14200,11900,15500,13800,14200,10300,29900,49300,10100,10300,7300,11500,36200,22300,3800,11600
340.0,9.29,393600,3645456.0,9.28,9.27,9.26,9.25,9.24,9.23,9.22,9.21,9.2,9.18,9.29,9.3,9.31,9.32,9.33,9.34,9.35,9.36,9.37,9.38,25600,108700,11000,53000,14200,11900,15500,13800,14200,10300,28200,49300,10100,10300,7300,11500,36200,22300,3800,11600
341.0,9.28,394600,3654736.0,9.28,9.27,9.26,9.25,9.24,9.23,9.22,9.21,9.2,9.18,9.29,9.3,9.31,9.32,9.33,9.34,9.35,9.36,9.37,9.38,24600,110200,11000,53000,14200,11900,15500,13800,14200,10300,28200,49300,10100,10300,7300,11500,36200,22300,3800,11600
342.0,9.28,394600,3654736.0,9.28,9.27,9.26,9.25,9.24,9.23,9.22,9.21,9.2,9.18,9.29,9.3,9.31,9.32,9.33,9.34,9.35,9.36,9.37,9.38,24600,110200,11000,53000,14200,11900,15500,13800,14200,10300,28200,49300,10100,10300,7300,11500,36200,22300,3800,11600
343.0,9.28,394800,3656592.0,9.28,9.27,9.26,9.25,9.24,9.23,9.22,9.21,9.2,9.18,9.29,9.3,9.31,9.32,9.33,9.34,9.35,9.36,9.37,9.38,24400,101200,11000,53000,14200,11900,15500,13800,14200,10300,28200,49300,10000,10300,7300,11500,36200,22300,3800,11600
344.0,9.28,398800,3693712.0,9.28,9.27,9.26,9.25,9.24,9.23,9.22,9.21,9.2,9.18,9.29,9.3,9.31,9.32,9.33,9.34,9.35,9.36,9.37,9.38,20900,101000,11000,53000,14200,11900,16000,13800,14200,10300,28800,49300,10600,10300,7300,11500,36200,22300,3800,11600
345.0,9.29,400900,3713221.0,9.28,9.27,9.26,9.25,9.24,9.23,9.22,9.21,9.2,9.18,9.29,9.3,9.31,9.32,9.33,9.34,9.35,9.36,9.37,9.38,20900,101000,11000,53000,12200,11900,16000,13800,14200,10300,26700,49300,10600,10300,7300,11500,36200,22300,3800,11600
346.0,9.28,403900,3741061.0,9.28,9.27,9.26,9.25,9.24,9.23,9.22,9.21,9.2,9.18,9.29,9.3,9.31,9.32,9.33,9.34,9.35,9.36,9.37,9.38,17900,101000,11000,53000,12200,11900,16000,13800,14200,10300,26700,49300,10600,10300,7300,11500,36200,22300,3800,11600
347.0,9.29,406300,3763347.0,9.28,9.27,9.26,9.25,9.24,9.23,9.22,9.21,9.2,9.18,9.29,9.3,9.31,9.32,9.33,9.34,9.35,9.36,9.37,9.38,17100,101000,11000,53000,12200,11900,16000,13800,14200,10300,25300,49300,10600,10300,7300,11500,36200,22300,3800,11600
348.0,9.28,411300,3809757.0,9.28,9.27,9.26,9.25,9.24,9.23,9.22,9.21,9.2,9.18,9.29,9.3,9.31,9.32,9.33,9.34,9.35,9.36,9.37,9.38,13100,101000,11000,53000,12200,11900,16000,13800,14200,10300,24300,49300,10600,10300,7300,11500,36200,22300,3800,11600
349.0,9.28,411300,3809757.0,9.28,9.27,9.26,9.25,9.24,9.23,9.22,9.21,9.2,9.18,9.29,9.3,9.31,9.32,9.33,9.34,9.35,9.36,9.37,9.38,13100,101000,11000,53000,12200,11900,16000,13800,14200,10300,24300,49300,10600,10300,7300,11500,36200,22300,3800,16300
350.0,9.29,436600,4044784.0,9.29,9.28,9.27,9.26,9.25,9.24,9.23,9.22,9.21,9.2,9.3,9.31,9.32,9.33,9.34,9.35,9.36,9.37,9.38,9.39,28400,11400,101000,11000,53000,12200,11900,16000,13800,14200,49300,10600,10300,7300,11500,36200,22300,3800,16300,16000
351.0,9.29,436600,4044784.0,9.29,9.28,9.27,9.26,9.25,9.24,9.23,9.22,9.21,9.2,9.3,9.31,9.32,9.33,9.34,9.35,9.36,9.37,9.38,9.39,36700,11400,101000,11000,53000,12200,11900,16000,13800,14200,49300,10600,10300,7300,11500,36200,22300,3800,16300,16000
352.0,9.29,437200,4050358.0,9.29,9.28,9.27,9.26,9.25,9.24,9.23,9.22,9.21,9.2,9.3,9.31,9.32,9.33,9.34,9.35,9.36,9.37,9.38,9.39,36300,11400,101000,11000,53000,12200,11900,16000,13800,14200,49300,10600,10300,7300,11500,36200,22300,3800,16300,16000
353.0,9.29,437500,4053145.0,9.29,9.28,9.27,9.26,9.25,9.24,9.23,9.22,9.21,9.2,9.3,9.31,9.32,9.33,9.34,9.35,9.36,9.37,9.38,9.39,36000,11400,101000,11000,53000,12200,11900,16000,13800,14200,49300,10600,10300,7300,11500,36200,22300,3800,16300,16000
354.0,9.3,439500,4071735.0,9.29,9.28,9.27,9.26,9.25,9.24,9.23,9.22,9.21,9.2,9.3,9.31,9.32,9.33,9.34,9.35,9.36,9.37,9.38,9.39,34500,11400,101000,11000,53000,12200,11900,16000,13800,14200,48300,10600,10300,7800,11500,36200,22300,3800,16300,16000
355.0,9.3,440500,4081035.0,9.29,9.28,9.27,9.26,9.25,9.24,9.23,9.22,9.21,9.2,9.3,9.31,9.32,9.33,9.34,9.35,9.36,9.37,9.38,9.39,34500,11400,102000,11000,53000,12200,11900,16000,13800,14200,47300,10600,10300,7800,11500,36200,22300,3800,16300,16000
356.0,9.29,442500,4099615.0,9.29,9.28,9.27,9.26,9.25,9.24,9.23,9.22,9.21,9.2,9.3,9.31,9.32,9.33,9.34,9.35,9.36,9.37,9.38,9.39,32500,11400,102000,11000,53000,12200,11900,16000,13800,14200,47300,10600,10300,7800,11500,36200,22300,3800,16300,16000
357.0,9.29,463500,4294705.0,9.29,9.28,9.27,9.26,9.25,9.24,9.23,9.22,9.21,9.2,9.3,9.31,9.32,9.33,9.34,9.35,9.36,9.37,9.38,9.39,11500,11400,102000,11000,53000,12200,11900,16000,13800,14200,47300,10600,10300,7800,11500,36200,22300,3800,16300,16000
358.0,9.29,463500,4294705.0,9.29,9.28,9.27,9.26,9.25,9.24,9.23,9.22,9.21,9.2,9.3,9.31,9.32,9.33,9.34,9.35,9.36,9.37,9.38,9.39,11500,11400,102000,11000,53000,12200,11900,16000,13800,14200,46900,10600,10300,7800,11500,36200,22300,3800,16300,16000
359.0,9.29,463500,4294705.0,9.29,9.28,9.27,9.26,9.25,9.24,9.23,9.22,9.21,9.2,9.3,9.31,9.32,9.33,9.34,9.35,9.36,9.37,9.38,9.39,11500,11400,102000,11000,53000,12200,11900,16000,13800,14200,46900,10600,10300,7800,11500,36200,22300,3800,16300,16000
360.0,9.29,464500,4303995.0,9.29,9.28,9.27,9.26,9.25,9.24,9.23,9.22,9.21,9.2,9.3,9.31,9.32,9.33,9.34,9.35,9.36,9.37,9.38,9.39,10500,11400,102000,11000,53000,12200,11900,16000,13800,14200,46900,10600,10300,7800,11500,36200,22300,3800,16300,16000
361.0,9.29,464500,4303995.0,9.29,9.28,9.27,9.26,9.25,9.24,9.23,9.22,9.21,9.2,9.3,9.31,9.32,9.33,9.34,9.35,9.36,9.37,9.38,9.39,10500,11900,102000,11000,53000,12200,11900,16000,13800,14200,52900,10600,10300,7800,11500,36200,22300,3800,16300,16000
362.0,9.29,464500,4303995.0,9.29,9.28,9.27,9.26,9.25,9.24,9.23,9.22,9.21,9.2,9.3,9.31,9.32,9.33,9.34,9.35,9.36,9.37,9.38,9.39,10500,11900,102000,11000,53000,12200,11900,16000,13800,14200,52900,10600,10300,7800,11500,36200,22300,3800,16300,16000
363.0,9.3,466800,4325373.0,9.29,9.28,9.27,9.26,9.25,9.24,9.23,9.22,9.21,9.2,9.3,9.31,9.32,9.33,9.34,9.35,9.36,9.37,9.38,9.39,9300,11900,102000,11000,53000,12200,11900,16000,13800,14200,51800,10600,10300,7800,11500,36200,22300,3800,16300,16000
364.0,9.3,466800,4325373.0,9.29,9.28,9.27,9.26,9.25,9.24,9.23,9.22,9.21,9.2,9.3,9.31,9.32,9.33,9.34,9.35,9.36,9.37,9.38,9.39,9300,11900,104000,11000,53000,12200,11900,16000,13800,14200,51800,10600,10300,7800,11500,36200,22300,3800,16300,16000
365.0,9.29,466900,4326302.0,9.29,9.28,9.27,9.26,9.25,9.24,9.23,9.22,9.21,9.2,9.3,9.31,9.32,9.33,9.34,9.35,9.36,9.37,9.38,9.39,9200,11900,104000,11000,53000,12200,11900,16000,13800,14200,51800,10600,10300,7800,11700,36200,23300,3800,16300,16000
366.0,9.29,469100,4346740.0,9.29,9.28,9.27,9.26,9.25,9.24,9.23,9.22,9.21,9.2,9.3,9.31,9.32,9.33,9.34,9.35,9.36,9.37,9.38,9.39,8000,11900,104000,11000,53000,12200,11900,16000,13800,14200,51800,10600,10300,7800,11700,36200,23300,3800,16300,16000
367.0,9.29,470900,4363462.0,9.29,9.28,9.27,9.26,9.25,9.24,9.23,9.22,9.21,9.2,9.3,9.31,9.32,9.33,9.34,9.35,9.36,9.37,9.38,9.39,6200,11900,104000,11000,53000,12200,11900,13500,13800,14200,51800,10600,10300,7800,11700,36200,23300,3800,16300,16000
368.0,9.29,473200,4384850.0,9.29,9.28,9.27,9.26,9.25,9.24,9.23,9.22,9.21,9.2,9.3,9.31,9.32,9.33,9.34,9.35,9.36,9.37,9.38,9.39,6000,11900,104000,11000,53000,12200,11900,13500,13800,14200,48000,10600,10300,7800,11700,36200,23300,3800,16300,16000
369.0,9.29,473200,4384850.0,9.29,9.28,9.27,9.26,9.25,9.24,9.23,9.22,9.21,9.2,9.3,9.31,9.32,9.33,9.34,9.35,9.36,9.37,9.38,9.39,8000,11900,104000,11000,53000,12200,11900,13500,13800,14200,48000,14000,10300,7800,11700,36200,23300,3800,16300,16000
370.0,9.3,475000,4401582.0,9.29,9.28,9.27,9.26,9.25,9.24,9.23,9.22,9.21,9.2,9.3,9.31,9.32,9.33,9.34,9.35,9.36,9.37,9.38,9.39,7200,11900,104000,11000,53000,12200,11900,13500,13800,14200,47000,14000,10300,7800,11700,36200,23300,3800,16300,16000
371.0,9.29,475300,4404369.0,9.29,9.28,9.27,9.26,9.25,9.24,9.23,9.22,9.21,9.2,9.3,9.31,9.32,9.33,9.34,9.35,9.36,9.37,9.38,9.39,6900,12900,103000,11000,53000,12200,11900,13500,13800,14200,47000,14000,10300,7800,11700,36200,23300,3800,16300,16000
372.0,9.29,475300,4404369.0,9.29,9.28,9.27,9.26,9.25,9.24,9.23,9.22,9.21,9.2,9.3,9.31,9.32,9.33,9.34,9.35,9.36,9.37,9.38,9.39,6900,12900,103000,11000,53000,12200,11900,13500,13800,14200,47000,14000,10300,7800,11700,36200,23300,3800,16300,16000
373.0,9.29,476300,4413659.0,9.29,9.28,9.27,9.26,9.25,9.24,9.23,9.22,9.21,9.2,9.3,9.31,9.32,9.33,9.34,9.35,9.36,9.37,9.38,9.39,5900,12900,103000,11000,53000,12200,11900,13000,13800,14200,47300,14000,10300,7800,11700,36200,23300,3800,16300,16000
374.0,9.29,476300,4413659.0,9.29,9.28,9.27,9.26,9.25,9.24,9.23,9.22,9.21,9.2,9.3,9.31,9.32,9.33,9.34,9.35,9.36,9.37,9.38,9.39,5900,12900,103000,11000,53000,12200,11900,13000,13800,14200,47300,14000,10300,7800,11700,36200,23300,3800,16300,16000
375.0,9.3,476600,4416449.0,9.29,9.28,9.27,9.26,9.25,9.24,9.23,9.22,9.21,9.2,9.3,9.31,9.32,9.33,9.34,9.35,9.36,9.37,9.38,9.39,5900,14600,103000,11000,53000,12200,11900,13000,13800,14200,47000,14000,10300,7800,11700,36200,23300,3800,16300,16000
376.0,9.3,476600,4416449.0,9.29,9.28,9.27,9.26,9.25,9.24,9.23,9.22,9.21,9.2,9.3,9.31,9.32,9.33,9.34,9.35,9.36,9.37,9.38,9.39,5900,14600,103000,11000,53000,12200,11900,13000,13800,14200,47000,14000,10300,7800,11700,36200,23300,3800,16300,16000
377.0,9.28,488300,4525084.0,9.28,9.27,9.26,9.25,9.24,9.23,9.22,9.21,9.2,9.18,9.3,9.31,9.32,9.33,9.34,9.35,9.36,9.37,9.38,9.39,8800,101400,11100,53000,12200,11900,13000,13800,14200,11400,47000,14000,10300,7800,11700,36200,23300,3800,16300,16000
378.0,9.28,489600,4537168.0,9.28,9.27,9.26,9.25,9.24,9.23,9.22,9.21,9.2,9.18,9.29,9.3,9.31,9.32,9.33,9.34,9.35,9.36,9.37,9.38,9200,101400,11100,53000,12200,11900,13000,13800,14200,11400,300,46700,20500,10300,7800,11700,36200,23300,3800,16300
379.0,9.28,489600,4537168.0,9.28,9.27,9.26,9.25,9.24,9.23,9.22,9.21,9.2,9.18,9.29,9.3,9.31,9.32,9.33,9.34,9.35,9.36,9.37,9.38,9200,101400,11100,53000,12300,11900,13000,13800,14200,11400,300,46700,20500,10300,7800,11700,36200,23300,3800,16300
380.0,9.28,490500,4545520.0,9.28,9.27,9.26,9.25,9.24,9.23,9.22,9.21,9.2,9.18,9.29,9.3,9.31,9.32,9.33,9.34,9.35,9.36,9.37,9.38,8300,101400,11100,53000,12300,11900,13000,13800,14200,11400,300,46700,20500,10300,7800,11700,36200,23300,3800,16300
381.0,9.28,490500,4545520.0,9.28,9.27,9.26,9.25,9.24,9.23,9.22,9.21,9.2,9.18,9.29,9.3,9.31,9.32,9.33,9.34,9.35,9.36,9.37,9.38,8300,101400,11100,53000,12300,11900,13000,13800,14200,11400,300,46700,20500,10300,7800,11700,36200,23300,3800,16300
382.0,9.28,490500,4545520.0,9.28,9.27,9.26,9.25,9.24,9.23,9.22,9.21,9.2,9.18,9.29,9.3,9.31,9.32,9.33,9.34,9.35,9.36,9.37,9.38,8300,101400,11100,53000,12300,11900,13000,13800,14200,11400,300,46700,20500,10300,7800,11700,36200,23300,3800,16300
383.0,9.28,515300,4775877.0,9.28,9.27,9.26,9.25,9.24,9.23,9.22,9.21,9.2,9.18,9.29,9.3,9.31,9.32,9.33,9.34,9.35,9.36,9.37,9.38,4800,101400,11100,53000,12300,11900,13000,13800,14200,11400,5600,46700,20500,10300,7800,11700,36200,23300,3800,16300
384.0,9.28,520100,4820421.0,9.27,9.26,9.25,9.24,9.23,9.22,9.21,9.2,9.18,9.17,9.28,9.29,9.3,9.31,9.32,9.33,9.34,9.35,9.36,9.37,101400,11100,53000,12300,11900,13000,13800,14200,11400,4000,400,5600,46700,20500,10300,8800,11700,36200,23300,3800
385.0,9.28,520100,4820421.0,9.27,9.26,9.25,9.24,9.23,9.22,9.21,9.2,9.18,9.17,9.28,9.29,9.3,9.31,9.32,9.33,9.34,9.35,9.36,9.37,101400,11100,53000,12300,11900,13000,13800,14200,11400,4000,7700,5700,46700,20500,10300,8800,11700,36200,23300,3800
386.0,9.28,520100,4820421.0,9.27,9.26,9.25,9.24,9.23,9.22,9.21,9.2,9.18,9.17,9.28,9.29,9.3,9.31,9.32,9.33,9.34,9.35,9.36,9.37,101400,11100,53000,12300,11900,13000,13800,14200,12400,4000,7700,6900,46700,20500,10300,8800,11700,36200,23300,3800
387.0,9.27,525100,4866771.0,9.27,9.26,9.25,9.24,9.23,9.22,9.21,9.2,9.18,9.17,9.28,9.29,9.3,9.31,9.32,9.33,9.34,9.35,9.36,9.37,96400,11100,53000,12300,11900,13000,13800,14200,12400,4000,7700,7100,46700,20500,10300,8800,11700,36200,23300,3800
388.0,9.27,525100,4866771.0,9.27,9.26,9.25,9.24,9.23,9.22,9.21,9.2,9.18,9.17,9.28,9.29,9.3,9.31,9.32,9.33,9.34,9.35,9.36,9.37,96400,11100,53000,12300,11900,13000,13800,14100,12400,4000,7700,7600,46700,20500,10300,8800,11700,36200,23300,3800
389.0,9.27,525100,4866771.0,9.27,9.26,9.25,9.24,9.23,9.22,9.21,9.2,9.18,9.17,9.28,9.29,9.3,9.31,9.32,9.33,9.34,9.35,9.36,9.37,96400,11100,53000,12300,11900,13000,13800,14100,12400,4000,7700,8600,46700,20500,10300,8800,11700,36200,23300,3800
390.0,9.28,526200,4876979.0,9.27,9.26,9.25,9.24,9.23,9.22,9.21,9.2,9.18,9.17,9.28,9.29,9.3,9.31,9.32,9.33,9.34,9.35,9.36,9.37,96400,11100,53000,12300,11900,13000,14800,14100,12400,4000,6600,8700,46900,20500,10300,8800,11700,36200,23300,3800
391.0,9.27,527200,4886249.0,9.27,9.26,9.25,9.24,9.23,9.22,9.21,9.2,9.18,9.17,9.28,9.29,9.3,9.31,9.32,9.33,9.34,9.35,9.36,9.37,95400,11100,53000,12300,11900,13000,14800,14100,12400,4000,6600,8500,46900,20500,10300,8800,11700,36200,23300,3800
392.0,9.27,527200,4886249.0,9.27,9.26,9.25,9.24,9.23,9.22,9.21,9.2,9.18,9.17,9.28,9.29,9.3,9.31,9.32,9.33,9.34,9.35,9.36,9.37,95400,11100,53000,12300,11900,13000,14800,14100,12400,4000,6600,8600,46900,20500,10300,8800,11700,36200,23300,3800
393.0,9.27,527200,4886249.0,9.27,9.26,9.25,9.24,9.23,9.22,9.21,9.2,9.18,9.17,9.28,9.29,9.3,9.31,9.32,9.33,9.34,9.35,9.36,9.37,95400,11100,53000,12300,11900,13000,14800,14100,12400,4000,6600,8000,46900,20500,10300,8800,11700,36200,23300,3800
394.0,9.27,528600,4899227.0,9.27,9.26,9.25,9.24,9.23,9.22,9.21,9.2,9.18,9.17,9.28,9.29,9.3,9.31,9.32,9.33,9.34,9.35,9.36,9.37,94000,11100,53000,12300,11900,13000,14800,14100,12400,4000,6600,7500,46900,20500,10300,8800,11700,36200,23300,3800
395.0,9.27,528700,4900154.0,9.27,9.26,9.25,9.24,9.23,9.22,9.21,9.2,9.18,9.17,9.28,9.29,9.3,9.31,9.32,9.33,9.34,9.35,9.36,9.37,93900,11100,53000,12300,11900,13000,14800,14000,12400,4000,6600,6800,46900,20500,10300,8800,11700,36200,23300,3800
396.0,9.27,528700,4900154.0,9.27,9.26,9.25,9.24,9.23,9.22,9.21,9.2,9.18,9.17,9.28,9.29,9.3,9.31,9.32,9.33,9.34,9.35,9.36,9.37,93900,11100,54200,12300,11900,13000,14800,14000,12400,4000,6600,6800,46900,20500,10300,8800,11700,36200,23300,3800
397.0,9.27,532400,4934458.0,9.27,9.26,9.25,9.24,9.23,9.22,9.21,9.2,9.18,9.17,9.28,9.29,9.3,9.31,9.32,9.33,9.34,9.35,9.36,9.37,90700,11100,54200,12300,11900,13000,14800,14000,12400,4000,6100,6700,46700,20500,10300,8800,11700,36200,23300,3800
398.0,9.28,532600,4936314.0,9.27,9.26,9.25,9.24,9.23,9.22,9.21,9.2,9.18,9.17,9.28,9.29,9.3,9.31,9.32,9.33,9.34,9.35,9.36,9.37,90700,11100,54200,12300,11900,13000,14800,14000,12400,4000,5900,6600,46700,20500,10300,8800,11700,36200,23300,3800
399.0,9.27,533100,4940949.0,9.27,9.26,9.25,9.24,9.23,9.22,9.21,9.2,9.18,9.17,9.28,9.29,9.3,9.31,9.32,9.33,9.34,9.35,9.36,9.37,90200,11100,54200,12300,11900,13000,14800,14000,12400,4000,5900,6600,46700,20500,10300,8800,11700,36200,23300,3800
400.0,9.27,533100,4940949.0,9.27,9.26,9.25,9.24,9.23,9.22,9.21,9.2,9.18,9.17,9.28,9.29,9.3,9.31,9.32,9.33,9.34,9.35,9.36,9.37,90200,11100,54200,12300,11900,13000,14800,14000,12400,4000,5900,6600,46700,20500,10300,8800,11700,36200,23300,3800
401.0,9.27,534100,4950219.0,9.27,9.26,9.25,9.24,9.23,9.22,9.21,9.2,9.18,9.17,9.28,9.29,9.3,9.31,9.32,9.33,9.34,9.35,9.36,9.37,89200,11100,54200,12300,11900,13000,14800,14000,12400,4000,5900,7100,46700,20500,10300,8800,11700,36200,23300,3800
402.0,9.28,535500,4963211.0,9.27,9.26,9.25,9.24,9.23,9.22,9.21,9.2,9.18,9.17,9.28,9.29,9.3,9.31,9.32,9.33,9.34,9.35,9.36,9.37,89200,11100,54200,12300,11900,13000,14800,14000,12400,4000,4500,7100,46700,20500,10300,8800,11700,36200,23300,3800
403.0,9.28,535500,4963211.0,9.27,9.26,9.25,9.24,9.23,9.22,9.21,9.2,9.18,9.17,9.28,9.29,9.3,9.31,9.32,9.33,9.34,9.35,9.36,9.37,89200,11100,54300,12300,11900,13000,14800,14000,12400,4000,4500,7100,46700,20500,10300,8800,11700,36200,23300,3800
404.0,9.27,536500,4972481.0,9.27,9.26,9.25,9.24,9.23,9.22,9.21,9.2,9.18,9.17,9.28,9.29,9.3,9.31,9.32,9.33,9.34,9.35,9.36,9.37,88200,11100,54300,12300,11900,13000,14800,14000,12400,4000,5000,7100,31700,20500,10300,8800,11700,36200,23300,3800
405.0,9.27,536500,4972481.0,9.27,9.26,9.25,9.24,9.23,9.22,9.21,9.2,9.18,9.17,9.28,9.29,9.3,9.31,9.32,9.33,9.34,9.35,9.36,9.37,88200,11100,54300,12300,11900,13000,14800,14000,12400,4000,5000,8100,31700,20500,10300,8800,11700,36200,23300,3800
406.0,9.27,536500,4972481.0,9.27,9.26,9.25,9.24,9.23,9.22,9.21,9.2,9.18,9.17,9.28,9.29,9.3,9.31,9.32,9.33,9.34,9.35,9.36,9.37,88200,11100,54300,12300,11900,13000,14800,14000,12400,4000,5000,8100,31700,20500,10300,8800,11700,36200,23300,3800
407.0,9.27,536500,4972481.0,9.27,9.26,9.25,9.24,9.23,9.22,9.21,9.2,9.18,9.17,9.28,9.29,9.3,9.31,9.32,9.33,9.34,9.35,9.36,9.37,88200,11100,54300,12300,11900,13000,14800,14000,12400,4000,5000,8100,31700,20500,10300,8800,11700,36200,23300,3800
408.0,9.27,538500,4991021.0,9.27,9.26,9.25,9.24,9.23,9.22,9.21,9.2,9.18,9.17,9.28,9.29,9.3,9.31,9.32,9.33,9.34,9.35,9.36,9.37,86200,11100,54300,12300,11900,13000,14800,14000,12400,4000,5000,8100,31700,20500,10300,8800,11700,36200,23300,3800
409.0,9.27,538500,4991021.0,9.27,9.26,9.25,9.24,9.23,9.22,9.21,9.2,9.18,9.17,9.28,9.29,9.3,9.31,9.32,9.33,9.34,9.35,9.36,9.37,86200,11100,54300,12300,11900,13000,14800,14000,12400,4000,5000,9100,25700,20500,10300,8800,11700,36200,23300,3800
410.0,9.27,538500,4991021.0,9.27,9.26,9.25,9.24,9.23,9.22,9.21,9.2,9.18,9.17,9.28,9.29,9.3,9.31,9.32,9.33,9.34,9.35,9.36,9.37,86200,11100,54300,12300,12900,13000,14800,14000,12400,4000,5000,9100,25700,20500,10900,8800,11700,36200,23300,3800
411.0,9.27,539500,5000291.0,9.27,9.26,9.25,9.24,9.23,9.22,9.21,9.2,9.18,9.17,9.28,9.29,9.3,9.31,9.32,9.33,9.34,9.35,9.36,9.37,85200,11100,54300,12300,12900,13000,14800,14000,12400,4000,5800,9100,25700,20500,10900,8800,11700,36200,23300,3800
412.0,9.27,539500,5000291.0,9.27,9.26,9.25,9.24,9.23,9.22,9.21,9.2,9.18,9.17,9.28,9.29,9.3,9.31,9.32,9.33,9.34,9.35,9.36,9.37,85200,11100,54300,12300,12900,13000,14800,14000,12400,4000,5800,10100,25700,20500,10900,8800,11700,36200,23300,3800
413.0,9.27,539500,5000291.0,9.27,9.26,9.25,9.24,9.23,9.22,9.21,9.2,9.18,9.17,9.28,9.29,9.3,9.31,9.32,9.33,9.34,9.35,9.36,9.37,85200,11100,54300,12300,12900,13000,14800,14000,12400,4000,5800,10100,25700,20500,10900,8800,11700,36200,23300,3800
414.0,9.27,542600,5029028.0,9.27,9.26,9.25,9.24,9.23,9.22,9.21,9.2,9.18,9.17,9.28,9.29,9.3,9.31,9.32,9.33,9.34,9.35,9.36,9.37,82100,11100,54300,12300,12900,13000,14800,14000,12400,4000,5800,10100,25700,20500,10900,8800,11700,36200,23300,3800
415.0,9.27,543600,5038298.0,9.27,9.26,9.25,9.24,9.23,9.22,9.21,9.2,9.18,9.17,9.28,9.29,9.3,9.31,9.32,9.33,9.34,9.35,9.36,9.37,81100,11100,54300,12300,12900,13000,14800,14000,12400,4000,5800,10100,26700,20500,10900,8800,11700,36200,23300,3800
416.0,9.27,543600,5038298.0,9.27,9.26,9.25,9.24,9.23,9.22,9.21,9.2,9.18,9.17,9.28,9.29,9.3,9.31,9.32,9.33,9.34,9.35,9.36,9.37,81100,11100,54300,12300,12900,13000,14800,14000,12400,4000,5800,10100,27200,20500,10900,8800,11700,36200,23300,3800
417.0,9.27,544600,5047568.0,9.27,9.26,9.25,9.24,9.23,9.22,9.21,9.2,9.18,9.17,9.28,9.29,9.3,9.31,9.32,9.33,9.34,9.35,9.36,9.37,80100,11100,54300,12300,12900,13000,14800,14000,12400,4000,5800,10100,27200,20500,10900,8800,11700,36200,23300,3800
418.0,9.28,544700,5048496.0,9.27,9.26,9.25,9.24,9.23,9.22,9.21,9.2,9.18,9.17,9.28,9.29,9.3,9.31,9.32,9.33,9.34,9.35,9.36,9.37,80100,11100,54300,12300,12900,13000,14800,14000,12400,4000,5700,10400,27600,20500,9900,8800,11700,36200,23300,3800
419.0,9.28,544700,5048496.0,9.27,9.26,9.25,9.24,9.23,9.22,9.21,9.2,9.18,9.17,9.28,9.29,9.3,9.31,9.32,9.33,9.34,9.35,9.36,9.37,80100,11100,54200,12300,12900,13000,14800,14000,12400,4000,5700,10400,27600,20500,9900,8800,11700,36200,23300,3800
420.0,9.27,545700,5057766.0,9.27,9.26,9.25,9.24,9.23,9.22,9.21,9.2,9.18,9.17,9.28,9.29,9.3,9.31,9.32,9.33,9.34,9.35,9.36,9.37,79100,11100,54200,12300,12900,13000,14800,14000,12400,4000,5700,10400,27600,20500,9900,8800,11700,36200,23300,3800
421.0,9.27,545700,5057766.0,9.27,9.26,9.25,9.24,9.23,9.22,9.21,9.2,9.18,9.17,9.28,9.29,9.3,9.31,9.32,9.33,9.34,9.35,9.36,9.37,79100,11100,54200,12300,12900,13000,14800,14000,12400,4000,5700,10400,27600,20500,9900,8800,11700,36200,23300,3800
422.0,9.27,545700,5057766.0,9.27,9.26,9.25,9.24,9.23,9.22,9.21,9.2,9.18,9.17,9.28,9.29,9.3,9.31,9.32,9.33,9.34,9.35,9.36,9.37,79100,11100,54200,12300,12900,13000,14800,14000,12400,4000,5900,10400,27600,20500,9900,8800,11700,36200,23300,3800
423.0,9.27,546700,5067036.0,9.27,9.26,9.25,9.24,9.23,9.22,9.21,9.2,9.18,9.17,9.28,9.29,9.3,9.31,9.32,9.33,9.34,9.35,9.36,9.37,78100,11100,54200,12300,12900,13000,14800,14000,12400,4000,5900,10400,27600,20500,9900,8800,11700,36200,23300,3800
