LocalTime,LastPrice,TradeVolume,TradeValue,BidPrice1,BidPrice2,BidPrice3,BidPrice4,BidPrice5,BidPrice6,BidPrice7,BidPrice8,BidPrice9,BidPriceA,AskPrice1,AskPrice2,AskPrice3,AskPrice4,AskPrice5,AskPrice6,AskPrice7,AskPrice8,AskPrice9,AskPriceA,BidVolume1,BidVolume2,BidVolume3,BidVolume4,BidVolume5,BidVolume6,BidVolume7,BidVolume8,BidVolume9,BidVolumeA,AskVolume1,AskVolume2,AskVolume3,AskVolume4,AskVolume5,AskVolume6,AskVolume7,AskVolume8,AskVolume9,AskVolumeA
0.0,12.03,6900,83007.0,12.04,12.02,12.0,11.96,11.9,11.85,11.83,11.81,11.8,11.78,12.05,12.06,12.08,12.1,12.11,12.12,12.14,12.17,12.18,12.2,500,25100,4200,2900,600,2300,500,100,22000,200,1300,1000,700,1600,900,1800,1000,100,1000,900
1.0,12.05,7200,86622.0,12.04,12.03,12.02,12.0,11.96,11.9,11.85,11.83,11.81,11.8,12.05,12.06,12.08,12.1,12.11,12.12,12.14,12.16,12.17,12.18,500,5000,25100,4200,2900,600,2300,500,100,52000,1000,1000,1000,1600,900,1800,1000,2000,100,4000
2.0,12.05,8200,98672.0,12.05,12.04,12.03,12.02,12.0,11.96,11.9,11.85,11.83,11.81,12.06,12.08,12.09,12.1,12.11,12.12,12.14,12.16,12.17,12.18,1500,2400,5000,25100,4200,2900,600,2300,500,100,1000,1000,100,1600,900,1800,1000,2000,100,4000
3.0,12.05,8200,98672.0,12.05,12.04,12.03,12.02,12.0,11.96,11.9,11.85,11.83,11.81,12.06,12.08,12.09,12.1,12.11,12.12,12.14,12.16,12.17,12.18,1500,2400,5000,25100,4200,2900,600,2300,500,100,1000,1000,100,1600,900,1800,1200,2000,100,5000
4.0,12.05,9200,110722.0,12.05,12.04,12.03,12.02,12.0,11.98,11.96,11.95,11.9,11.85,12.06,12.08,12.09,12.1,12.11,12.12,12.14,12.16,12.17,12.18,4200,2500,5200,25100,8200,1500,2900,100,700,2400,1000,1000,100,1600,1000,1800,1200,2000,100,5000
5.0,12.1,12900,155431.0,12.1,12.05,12.04,12.03,12.02,12.0,11.98,11.96,11.95,11.9,12.11,12.12,12.14,12.16,12.17,12.18,12.19,12.2,12.24,12.25,1700,8000,7500,5500,25100,8200,1500,2900,100,700,1000,1800,1200,2000,100,5000,500,1100,1500,1100
6.0,12.1,12900,155431.0,12.1,12.05,12.04,12.03,12.02,12.0,11.98,11.96,11.95,11.9,12.11,12.12,12.14,12.16,12.17,12.18,12.19,12.2,12.24,12.25,1700,9700,7500,5500,25100,8200,1500,2900,100,700,1000,1800,1200,2000,100,5000,500,1100,1500,1100
7.0,12.1,13600,163901.0,12.1,12.07,12.06,12.05,12.04,12.03,12.02,12.0,11.98,11.96,12.11,12.12,12.14,12.16,12.17,12.18,12.19,12.2,12.24,12.25,1000,600,1800,12300,11300,12000,25100,8400,1500,2900,1000,1800,1200,2000,100,5000,500,1100,1500,1100
8.0,12.11,15000,180833.0,12.07,12.06,12.05,12.04,12.03,12.02,12.0,11.98,11.96,11.95,12.11,12.12,12.14,12.15,12.16,12.17,12.18,12.19,12.2,12.24,300,3400,12300,12400,12000,25100,8400,1500,5500,100,900,1800,1200,5000,2000,100,5000,500,1100,1500
9.0,12.1,16800,202618.0,12.06,12.05,12.04,12.03,12.02,12.0,11.98,11.96,11.95,11.9,12.1,12.12,12.14,12.15,12.16,12.17,12.18,12.19,12.2,12.24,3400,12300,14500,12000,27100,8400,1500,5500,100,1700,2900,1800,1200,5000,2000,100,5000,500,1100,2300
10.0,12.1,17400,209878.0,12.06,12.05,12.04,12.03,12.02,12.01,12.0,11.96,11.95,11.9,12.1,12.12,12.14,12.15,12.16,12.17,12.18,12.19,12.2,12.24,3400,14300,14500,17000,27100,2000,10400,5500,100,1700,2300,1800,1200,5000,2000,100,5000,500,1100,2300
11.0,12.1,19700,237708.0,12.1,12.06,12.05,12.04,12.03,12.02,12.01,12.0,11.96,11.95,12.12,12.14,12.15,12.16,12.17,12.18,12.19,12.2,12.24,12.25,200,5400,14800,14500,17000,27100,2000,10400,5500,100,1800,1200,5000,2000,100,5000,500,1100,2300,1100
12.0,12.12,20200,243766.0,12.11,12.1,12.06,12.05,12.04,12.03,12.02,12.01,12.0,11.96,12.12,12.14,12.15,12.16,12.17,12.18,12.19,12.2,12.24,12.25,1000,4500,5500,14900,14500,17000,27100,2000,11400,38800,1500,1200,5000,2000,100,5000,1000,1100,2300,1100
13.0,12.12,22000,265586.0,12.12,12.11,12.1,12.06,12.05,12.04,12.03,12.02,12.01,12.0,12.14,12.15,12.16,12.17,12.18,12.19,12.2,12.24,12.25,12.26,2000,1000,6400,5500,16400,14500,17000,27100,2000,11400,1000,5000,2000,100,5000,1000,1100,2300,1100,300
14.0,12.12,22800,275286.0,12.12,12.11,12.1,12.06,12.05,12.04,12.03,12.02,12.01,12.0,12.14,12.15,12.16,12.17,12.18,12.19,12.2,12.24,12.25,12.26,2600,1000,10300,5500,16400,14500,17000,27100,2000,11400,800,5000,2000,100,5000,1000,1100,2300,1100,300
15.0,12.15,24000,289858.0,12.14,12.12,12.11,12.1,12.06,12.05,12.04,12.03,12.02,12.01,12.15,12.16,12.17,12.18,12.19,12.2,12.24,12.25,12.26,12.27,1000,2600,1100,8400,3900,13100,14500,17000,27100,2000,4600,2000,100,5000,1000,1100,2300,1100,300,200
16.0,12.16,30000,362772.0,12.15,12.14,12.13,12.12,12.11,12.1,12.06,12.05,12.04,12.03,12.16,12.17,12.18,12.19,12.2,12.24,12.25,12.26,12.27,12.28,8300,700,1100,2600,1100,8400,3900,13100,14500,17000,600,100,5000,1000,1100,2300,1100,300,200,2600
17.0,12.17,34700,419910.0,12.17,12.16,12.15,12.14,12.13,12.12,12.11,12.1,12.06,12.05,12.18,12.19,12.2,12.24,12.25,12.26,12.27,12.28,12.29,12.3,200,5100,6600,1600,1100,3500,1100,8400,4500,13000,5000,1000,1100,2300,1100,300,200,2600,2500,6700
18.0,12.19,44300,536779.0,12.18,12.17,12.16,12.15,12.14,12.13,12.12,12.11,12.1,12.06,12.19,12.2,12.24,12.25,12.26,12.27,12.28,12.29,12.3,12.33,1000,4900,2100,6600,1600,1100,4500,1100,8400,4500,100,1100,2300,1100,300,200,2600,2500,6700,3900
19.0,12.2,44500,539218.0,12.17,12.16,12.15,12.14,12.13,12.12,12.11,12.1,12.06,12.05,12.2,12.24,12.25,12.26,12.27,12.28,12.29,12.3,12.33,12.35,5500,3300,6600,1600,1100,8000,1100,8400,4500,12800,1000,2300,1100,300,200,2600,2500,6700,3900,1000
20.0,12.17,44700,541652.0,12.17,12.16,12.15,12.14,12.13,12.12,12.11,12.1,12.06,12.05,12.2,12.24,12.25,12.26,12.27,12.28,12.29,12.3,12.33,12.35,5000,3200,7600,3400,1100,8000,1100,8400,4400,12800,1000,2300,1100,300,200,2600,2500,6700,3900,1000
21.0,12.17,46700,565992.0,12.19,12.18,12.17,12.16,12.15,12.14,12.13,12.12,12.11,12.1,12.2,12.24,12.25,12.26,12.27,12.28,12.29,12.3,12.33,12.35,4100,1200,3100,3200,8700,4100,1100,8000,100,8400,1000,2300,1100,300,200,2600,2500,6700,3900,1000
22.0,12.18,52100,631806.0,12.18,12.17,12.16,12.15,12.14,12.13,12.12,12.11,12.1,12.06,12.19,12.2,12.24,12.25,12.26,12.27,12.28,12.29,12.3,12.33,100,2800,3400,7600,4100,1100,7500,100,7900,4400,1500,1000,2300,1100,300,200,2600,2500,6700,3900
23.0,12.17,54000,654938.0,12.18,12.17,12.16,12.15,12.14,12.13,12.12,12.11,12.1,12.06,12.2,12.24,12.25,12.26,12.27,12.28,12.29,12.3,12.33,12.35,700,1600,3500,8400,4600,1100,7500,100,6000,4400,1000,2300,1100,300,200,2600,2500,6700,3900,1000
24.0,12.17,54000,654938.0,12.18,12.17,12.16,12.15,12.14,12.13,12.12,12.11,12.1,12.06,12.2,12.24,12.25,12.26,12.27,12.28,12.29,12.3,12.33,12.35,700,1600,3500,8400,4600,1100,7500,100,6000,4400,1000,2300,1100,300,200,2600,2500,6700,3900,1000
25.0,12.17,57600,698878.0,12.17,12.16,12.15,12.14,12.13,12.12,12.11,12.1,12.06,12.05,12.23,12.24,12.25,12.26,12.27,12.28,12.29,12.3,12.33,12.35,1000,3500,8400,4600,1100,6100,100,6000,4400,12100,2300,1000,1100,300,200,2600,2500,6700,3900,1000
26.0,12.2,57700,700098.0,12.2,12.17,12.16,12.15,12.14,12.13,12.12,12.11,12.1,12.06,12.23,12.24,12.25,12.26,12.27,12.28,12.29,12.3,12.33,12.35,13200,300,3400,8400,4600,1100,6100,100,6000,4400,2300,1000,1100,300,200,2600,2500,6700,3900,1000
27.0,12.2,57900,702538.0,12.21,12.2,12.19,12.17,12.16,12.15,12.14,12.13,12.12,12.11,12.24,12.25,12.26,12.27,12.28,12.29,12.3,12.33,12.35,12.36,3500,14200,2400,300,3400,9400,4600,1100,6100,100,1000,1100,300,200,2600,2500,6700,3900,1000,7800
28.0,12.2,57900,702538.0,12.21,12.2,12.19,12.17,12.16,12.15,12.14,12.13,12.12,12.11,12.24,12.25,12.26,12.27,12.28,12.29,12.3,12.33,12.35,12.36,3500,14200,2400,300,3400,7100,4600,1100,6100,100,1000,1100,300,200,2600,2500,6700,3900,1000,7800
29.0,12.24,59800,725743.0,12.21,12.2,12.19,12.17,12.16,12.15,12.14,12.13,12.12,12.11,12.24,12.25,12.26,12.27,12.28,12.29,12.3,12.33,12.35,12.36,1800,14200,2400,100,3400,6400,4500,1100,6100,100,900,1100,300,200,2600,2500,6700,3900,1000,7800
30.0,12.24,62900,763654.0,12.21,12.2,12.19,12.17,12.16,12.15,12.14,12.13,12.12,12.1,12.25,12.26,12.27,12.28,12.29,12.3,12.33,12.35,12.36,12.38,700,16000,2400,100,3400,8400,4500,1100,5200,6000,1100,300,200,2600,2500,6700,3900,1000,7800,3100
31.0,12.24,62900,763654.0,12.21,12.2,12.19,12.17,12.16,12.15,12.14,12.13,12.12,12.1,12.25,12.26,12.27,12.28,12.29,12.3,12.33,12.35,12.36,12.38,700,16000,2400,100,4000,8400,4500,1100,5200,6000,1100,300,200,2600,2500,6700,3900,1000,7800,3100
32.0,12.24,62900,763654.0,12.21,12.2,12.19,12.17,12.16,12.15,12.14,12.13,12.12,12.1,12.25,12.26,12.27,12.28,12.29,12.3,12.33,12.35,12.36,12.38,2600,16000,2400,100,4000,8400,4500,1100,5200,6000,1100,300,200,2600,2500,6700,3900,1000,7800,3100
33.0,12.21,63900,775864.0,12.22,12.21,12.2,12.19,12.17,12.16,12.15,12.14,12.13,12.12,12.25,12.26,12.27,12.28,12.29,12.3,12.33,12.35,12.36,12.38,800,1600,16000,2400,100,4000,8400,4500,1100,5200,1100,300,200,2600,2600,6700,3900,1000,7800,3100
34.0,12.22,64200,779530.0,12.22,12.21,12.2,12.19,12.17,12.16,12.15,12.14,12.13,12.12,12.24,12.25,12.26,12.27,12.28,12.29,12.3,12.33,12.35,12.36,500,1600,3000,2500,100,4000,8300,4500,1100,5200,1900,1100,300,200,2600,2600,6700,3900,1000,7800
35.0,12.22,65900,800288.0,12.2,12.19,12.16,12.15,12.14,12.13,12.12,12.1,12.06,12.05,12.22,12.24,12.25,12.26,12.27,12.28,12.29,12.3,12.33,12.35,3000,2500,4000,8300,4500,1100,5200,6000,4400,7300,1200,1900,1100,300,200,2600,2600,6700,3900,1000
36.0,12.24,70000,850448.0,12.21,12.2,12.19,12.16,12.15,12.14,12.13,12.12,12.1,12.06,12.25,12.26,12.27,12.28,12.29,12.3,12.33,12.35,12.36,12.38,5000,3000,2500,4000,7500,2700,1100,5200,3200,4400,1100,300,200,2600,2600,6700,3900,1000,7800,3100
37.0,12.25,71200,865128.0,12.21,12.2,12.19,12.16,12.15,12.14,12.13,12.12,12.1,12.06,12.25,12.26,12.27,12.28,12.29,12.3,12.33,12.35,12.36,12.38,5000,3000,2500,4000,7500,2700,1100,5200,3200,4400,900,300,1200,2600,2600,6700,3900,1000,7800,3100
38.0,12.25,75600,919003.0,12.23,12.21,12.2,12.19,12.16,12.15,12.14,12.13,12.12,12.1,12.25,12.26,12.27,12.28,12.29,12.3,12.33,12.35,12.36,12.38,200,4500,3000,2500,2800,7500,2700,1100,5200,3200,3300,300,1200,2600,2600,6700,3900,1000,7800,3100
39.0,12.25,76200,926351.0,12.23,12.21,12.2,12.19,12.16,12.15,12.14,12.13,12.12,12.1,12.25,12.26,12.27,12.28,12.29,12.3,12.33,12.35,12.36,12.38,2300,4500,3000,2500,2800,7500,2700,1100,5200,3200,2800,300,1200,2600,2600,6700,3900,1000,7800,3100
40.0,12.23,76300,927574.0,12.23,12.21,12.2,12.19,12.16,12.15,12.14,12.13,12.12,12.1,12.24,12.25,12.26,12.27,12.28,12.29,12.3,12.33,12.35,12.36,2600,4500,3000,2500,2800,6500,2700,1100,5200,3200,800,2800,300,1200,2600,2600,6700,3900,1000,7800
41.0,12.23,77500,942258.0,12.23,12.21,12.2,12.19,12.16,12.15,12.14,12.13,12.12,12.1,12.25,12.26,12.27,12.28,12.29,12.3,12.33,12.35,12.36,12.38,2400,4500,3000,2500,2800,6500,2700,1100,5200,3200,2800,300,1200,2600,2600,6700,3900,1000,7800,3100
42.0,12.27,81300,988805.0,12.25,12.23,12.21,12.2,12.19,12.16,12.15,12.14,12.13,12.12,12.26,12.27,12.28,12.29,12.3,12.33,12.35,12.36,12.38,12.4,1200,1900,4500,3000,2500,2800,6500,2700,1100,4200,300,1000,2600,2600,6700,3900,1000,7800,3100,1600
43.0,12.27,81300,988805.0,12.25,12.23,12.21,12.2,12.19,12.16,12.15,12.14,12.13,12.12,12.26,12.27,12.28,12.29,12.3,12.33,12.35,12.36,12.38,12.4,1200,2400,4500,3000,2500,2800,6500,2700,1100,4200,300,1000,2600,2600,6700,3900,1000,7800,3100,1600
44.0,12.26,81900,996158.0,12.26,12.25,12.23,12.21,12.2,12.19,12.16,12.15,12.14,12.13,12.27,12.28,12.29,12.3,12.33,12.35,12.36,12.38,12.4,12.41,12600,1100,2200,4500,3000,2500,2200,6500,2700,1100,1000,2600,2600,6700,3900,1000,7800,3100,1600,6000
45.0,12.26,81900,996158.0,12.26,12.25,12.23,12.21,12.2,12.19,12.16,12.15,12.14,12.13,12.27,12.28,12.29,12.3,12.33,12.35,12.36,12.38,12.39,12.4,12600,1100,4000,4500,3000,2500,2200,6500,2700,1100,1000,2600,2600,6700,3900,1000,7800,3100,1000,1600
46.0,12.26,83900,1020678.0,12.26,12.25,12.23,12.21,12.2,12.19,12.16,12.15,12.14,12.13,12.27,12.28,12.29,12.3,12.33,12.35,12.36,12.38,12.39,12.4,11200,2200,4000,4500,3000,2500,2200,6500,2700,1100,1000,2600,2600,6700,3900,1000,7800,3100,1000,1600
47.0,12.27,84100,1023132.0,12.26,12.25,12.23,12.21,12.2,12.19,12.16,12.15,12.14,12.13,12.27,12.28,12.29,12.3,12.33,12.35,12.36,12.38,12.39,12.4,11400,2000,4000,4500,3000,2400,2200,6500,2700,1100,1000,2600,2600,3700,3900,1000,7800,3100,1000,1600
48.0,12.26,84600,1029262.0,12.26,12.25,12.23,12.21,12.2,12.19,12.16,12.15,12.14,12.13,12.27,12.28,12.29,12.3,12.33,12.35,12.36,12.38,12.39,12.4,12200,2000,4000,4500,3000,2400,2200,6500,2700,1100,1000,2600,2600,3700,3900,1000,7800,3100,1000,1600
49.0,12.27,89100,1084436.0,12.26,12.25,12.23,12.21,12.2,12.19,12.16,12.15,12.14,12.13,12.27,12.28,12.29,12.3,12.33,12.35,12.36,12.38,12.39,12.4,8200,2000,4000,4500,3000,2400,2200,6500,2700,1100,600,2600,2600,3700,6500,1000,7800,3100,1000,1600
50.0,12.26,92300,1123668.0,12.26,12.25,12.23,12.21,12.2,12.19,12.16,12.15,12.14,12.13,12.27,12.28,12.29,12.3,12.33,12.35,12.36,12.38,12.39,12.4,5000,2000,4000,4500,3000,2400,2200,6500,2700,1100,800,2600,2600,3700,6500,1000,7800,3100,1000,1600
51.0,12.26,97600,1188646.0,12.25,12.23,12.21,12.2,12.19,12.16,12.15,12.14,12.13,12.12,12.26,12.27,12.28,12.29,12.3,12.33,12.35,12.36,12.38,12.39,2000,4000,4500,3000,2400,2200,6500,2700,1100,4200,600,800,2600,2600,3700,6500,1000,7800,8100,1000
52.0,12.27,100800,1227866.0,12.23,12.21,12.2,12.19,12.16,12.15,12.14,12.13,12.12,12.1,12.27,12.28,12.29,12.3,12.33,12.35,12.36,12.38,12.39,12.4,2700,4500,3000,2400,2200,6500,2700,1100,4200,3200,200,2600,2600,3700,6500,1000,7800,8100,1000,1600
53.0,12.27,100800,1227866.0,12.23,12.21,12.2,12.19,12.16,12.15,12.14,12.13,12.12,12.1,12.27,12.28,12.29,12.3,12.33,12.35,12.36,12.38,12.39,12.4,2300,4500,3000,2400,2200,6500,2700,1100,4200,3200,200,2600,2600,3700,6500,1000,7800,8100,1000,1600
54.0,12.3,118800,1448699.0,12.24,12.23,12.21,12.2,12.19,12.16,12.15,12.14,12.13,12.12,12.3,12.33,12.35,12.36,12.38,12.39,12.4,12.41,12.43,12.44,900,2400,4500,3000,2400,2200,6500,2700,1100,4200,3200,6500,1000,7800,8100,1000,1600,6000,1200,3000
55.0,12.3,118800,1448699.0,12.24,12.23,12.21,12.2,12.19,12.16,12.15,12.14,12.13,12.12,12.3,12.33,12.35,12.36,12.38,12.39,12.4,12.41,12.43,12.44,1500,2400,4500,1800,2400,2200,6500,2700,1100,4200,3800,6500,1000,7800,8100,1000,1600,6000,1200,3000
56.0,12.3,118800,1448699.0,12.24,12.23,12.21,12.2,12.19,12.16,12.15,12.14,12.13,12.12,12.26,12.29,12.3,12.33,12.35,12.36,12.38,12.39,12.4,12.41,2200,2400,4500,1800,2400,2200,6500,2700,1100,4200,1700,3500,4000,6500,1000,7800,8100,1000,1600,6000
57.0,12.26,119500,1457281.0,12.24,12.23,12.21,12.2,12.19,12.16,12.15,12.14,12.13,12.12,12.26,12.27,12.29,12.3,12.33,12.35,12.36,12.38,12.39,12.4,2200,2400,4500,1800,2400,2200,6500,2700,1100,4200,2500,3000,3500,4000,6500,1000,7800,8100,1000,1600
58.0,12.24,121100,1476887.0,12.25,12.24,12.23,12.21,12.2,12.19,12.16,12.15,12.14,12.13,12.26,12.27,12.29,12.3,12.33,12.35,12.36,12.38,12.39,12.4,200,3500,2400,4500,1800,2400,2200,6500,2700,1100,1400,4000,3500,4000,6700,1000,7800,8100,1000,1600
59.0,12.24,121100,1476887.0,12.25,12.24,12.23,12.21,12.2,12.19,12.16,12.15,12.14,12.13,12.26,12.27,12.29,12.3,12.33,12.35,12.36,12.38,12.39,12.4,200,3500,2400,4500,1800,2400,2200,6500,2700,1100,1400,4000,3500,4000,6700,1000,7800,8100,1000,1600
60.0,12.25,121300,1479337.0,12.24,12.23,12.21,12.2,12.19,12.16,12.15,12.14,12.13,12.12,12.25,12.26,12.27,12.29,12.3,12.33,12.35,12.36,12.38,12.39,3500,2400,4500,1800,2400,2200,6500,2700,1100,4200,100,1400,4000,3500,4000,6700,1000,7800,8100,1000
61.0,12.26,123100,1501398.0,12.26,12.25,12.24,12.23,12.21,12.2,12.19,12.16,12.15,12.14,12.27,12.29,12.3,12.33,12.35,12.36,12.38,12.39,12.4,12.41,2300,200,3200,11100,4500,1800,2400,2200,6500,2700,4000,3500,5500,6700,1000,7800,8100,1000,1600,6000
62.0,12.27,132800,1620494.0,12.27,12.26,12.25,12.24,12.23,12.21,12.2,12.19,12.16,12.15,12.3,12.33,12.35,12.36,12.38,12.39,12.4,12.41,12.43,12.44,3500,2300,300,3200,11100,4500,1800,2400,2200,7500,5500,6700,1000,7800,8100,1000,1600,6000,1200,3000
63.0,12.27,132800,1620494.0,12.28,12.27,12.26,12.25,12.24,12.23,12.21,12.2,12.19,12.16,12.3,12.33,12.35,12.36,12.38,12.39,12.4,12.41,12.43,12.44,4400,4100,4900,300,3700,11100,4500,1800,2400,2200,5500,6700,1000,7800,8100,1000,1600,6000,1200,3000
64.0,12.28,133600,1630318.0,12.28,12.27,12.26,12.25,12.24,12.23,12.21,12.2,12.19,12.16,12.3,12.33,12.35,12.36,12.38,12.39,12.4,12.41,12.43,12.44,3600,10000,4900,300,3700,11100,4500,1800,2400,2200,5800,6700,1000,7800,8100,1000,1600,6000,1200,3000
65.0,12.3,133700,1631548.0,12.28,12.27,12.26,12.25,12.24,12.23,12.21,12.2,12.19,12.16,12.3,12.33,12.35,12.36,12.38,12.39,12.4,12.41,12.43,12.44,3600,10000,5000,1300,3600,11100,4500,1800,2400,2200,5700,6700,1000,7800,8100,1000,1600,6000,1200,3000
66.0,12.33,143300,1749701.0,12.31,12.3,12.29,12.28,12.27,12.26,12.25,12.24,12.23,12.21,12.33,12.35,12.36,12.38,12.39,12.4,12.41,12.43,12.44,12.45,600,1800,6100,3600,10000,4900,1300,4200,11100,4500,5000,1000,7800,8100,1000,1600,6000,1200,3000,5400
67.0,12.33,148300,1811351.0,12.33,12.32,12.31,12.3,12.29,12.28,12.27,12.26,12.25,12.24,12.35,12.36,12.38,12.39,12.4,12.41,12.43,12.44,12.45,12.48,2400,1600,600,2000,6100,3600,6900,4900,1300,4200,2000,7800,8100,1000,1600,6000,1200,3000,5400,9700
68.0,12.33,148300,1811351.0,12.34,12.33,12.32,12.31,12.3,12.28,12.27,12.26,12.25,12.24,12.35,12.36,12.38,12.39,12.4,12.41,12.43,12.44,12.45,12.48,1500,2400,1600,600,4100,3600,6900,4900,1300,4100,2800,7800,8100,1000,1600,6000,1200,3000,5400,9700
69.0,12.34,148700,1816287.0,12.34,12.33,12.32,12.3,12.28,12.27,12.26,12.25,12.24,12.23,12.35,12.36,12.38,12.39,12.4,12.41,12.43,12.44,12.45,12.48,1100,2400,1600,4000,3600,6900,4900,2500,4100,11100,2800,7800,8100,1000,1600,6000,1200,3000,5400,9700
70.0,12.34,148800,1817521.0,12.34,12.33,12.32,12.3,12.28,12.27,12.26,12.25,12.24,12.23,12.35,12.36,12.38,12.39,12.4,12.41,12.43,12.44,12.45,12.48,1000,2400,1600,4000,3600,6900,4900,2500,4100,11100,2800,7800,8100,1000,1600,6000,1200,3000,5400,9700
71.0,12.34,150500,1838495.0,12.34,12.33,12.32,12.3,12.28,12.27,12.26,12.25,12.24,12.23,12.35,12.36,12.38,12.39,12.4,12.41,12.43,12.44,12.45,12.48,300,1900,1700,4000,3600,6900,5400,2600,4100,9300,2700,7800,8100,1000,1600,6000,1200,3000,6300,9700
72.0,12.33,151900,1855760.0,12.33,12.32,12.3,12.28,12.27,12.26,12.25,12.24,12.23,12.21,12.35,12.36,12.38,12.39,12.4,12.41,12.43,12.44,12.45,12.48,1200,1700,4000,3600,6900,5400,2600,4100,9300,4500,2700,7800,8100,1000,1600,6000,1200,3000,6300,9700
73.0,12.35,152200,1859463.0,12.34,12.33,12.32,12.3,12.28,12.27,12.26,12.25,12.24,12.23,12.35,12.36,12.38,12.39,12.4,12.41,12.43,12.44,12.45,12.48,1300,400,100,4000,3600,6900,5400,2600,4100,9300,2500,7800,8100,1000,1600,6000,1200,3000,6300,9700
74.0,12.34,153600,1876739.0,12.33,12.32,12.3,12.28,12.27,12.26,12.25,12.24,12.23,12.21,12.34,12.35,12.36,12.38,12.39,12.4,12.41,12.43,12.44,12.45,400,100,4000,3600,6900,5400,2600,4000,9300,4500,600,7000,7800,8100,1000,1600,6000,1200,3000,6300
75.0,12.34,153700,1877973.0,12.33,12.32,12.3,12.28,12.27,12.26,12.25,12.24,12.23,12.21,12.34,12.35,12.36,12.38,12.39,12.4,12.41,12.43,12.44,12.45,400,100,4000,3600,6900,5300,2600,4000,9300,4500,500,7000,7800,10700,1000,1600,6000,1200,3000,6300
76.0,12.35,155200,1896480.0,12.3,12.28,12.27,12.26,12.25,12.24,12.23,12.21,12.2,12.19,12.34,12.35,12.36,12.38,12.39,12.4,12.41,12.43,12.44,12.45,4000,3600,1000,2800,2600,4000,9300,4500,1800,2400,1900,7100,7800,10700,1000,1600,6000,1200,3000,6300
77.0,12.34,157800,1928554.0,12.3,12.28,12.27,12.26,12.25,12.24,12.23,12.21,12.2,12.19,12.34,12.35,12.36,12.38,12.39,12.4,12.41,12.43,12.44,12.45,3800,3600,1600,2800,2500,4000,9300,4500,1800,2400,3600,6900,7800,10700,1000,1600,6000,1200,3000,6300
78.0,12.35,164000,2005069.0,12.31,12.3,12.28,12.27,12.26,12.25,12.24,12.23,12.21,12.2,12.35,12.36,12.38,12.39,12.4,12.41,12.43,12.44,12.45,12.48,6100,2900,3600,2000,2800,2500,4000,9300,4500,1800,5000,7800,10700,1000,1600,6000,1200,3000,6300,9700
79.0,12.35,169500,2072994.0,12.31,12.3,12.28,12.27,12.26,12.25,12.24,12.23,12.21,12.2,12.35,12.36,12.38,12.39,12.4,12.41,12.43,12.44,12.45,12.48,6100,2900,3600,2000,2800,2500,4000,9300,4500,1800,2400,7800,5700,1000,1600,6000,1200,3000,6300,9700
80.0,12.31,172500,2110020.0,12.32,12.31,12.3,12.28,12.27,12.26,12.25,12.24,12.23,12.21,12.34,12.35,12.36,12.38,12.39,12.4,12.41,12.43,12.44,12.45,100,6000,3400,3600,2000,2800,2500,4000,9300,4500,600,1000,7800,5700,1000,1600,6000,1200,3000,6300
81.0,12.34,172600,2111254.0,12.33,12.32,12.31,12.3,12.28,12.27,12.26,12.25,12.24,12.23,12.34,12.35,12.36,12.37,12.38,12.39,12.4,12.41,12.43,12.44,2700,100,500,3400,2000,2000,2800,2500,4000,9300,6900,1900,7800,800,5700,1000,1600,6000,1200,3000
82.0,12.34,175000,2140868.0,12.33,12.32,12.31,12.3,12.28,12.27,12.26,12.25,12.24,12.23,12.34,12.35,12.36,12.37,12.38,12.39,12.4,12.41,12.43,12.44,2500,100,500,3000,2000,2000,2800,2400,4000,9300,4700,1900,7800,800,5700,1000,1600,6000,1200,3000
83.0,12.34,176500,2159372.0,12.32,12.31,12.3,12.28,12.27,12.26,12.25,12.24,12.23,12.21,12.34,12.35,12.36,12.37,12.38,12.39,12.4,12.41,12.43,12.44,100,500,3000,2000,2000,2300,2300,4000,9300,4500,3800,4400,7800,800,5700,1000,1700,6000,1200,3000
84.0,12.34,178100,2179116.0,12.32,12.31,12.3,12.28,12.27,12.26,12.25,12.24,12.23,12.21,12.34,12.35,12.36,12.37,12.38,12.39,12.4,12.41,12.43,12.44,100,500,1000,2000,2000,1800,2300,4000,9300,4500,2200,5400,7800,800,5700,1000,7000,6000,1200,3000
85.0,12.34,178700,2186520.0,12.33,12.32,12.31,12.3,12.28,12.27,12.26,12.25,12.24,12.23,12.34,12.35,12.36,12.37,12.38,12.39,12.4,12.41,12.43,12.44,500,100,500,1000,2000,2000,1800,2300,4000,9300,1600,5400,7800,800,5700,1000,7000,6000,1200,3000
86.0,12.31,183000,2239560.0,12.32,12.31,12.3,12.28,12.27,12.26,12.25,12.24,12.23,12.21,12.33,12.35,12.36,12.37,12.38,12.39,12.4,12.41,12.43,12.44,500,300,1000,2000,2000,1800,2300,4000,9300,4500,1100,4200,7800,800,5700,1000,7000,6000,1200,3000
87.0,12.33,183100,2240793.0,12.32,12.31,12.3,12.28,12.27,12.26,12.25,12.24,12.23,12.21,12.33,12.34,12.35,12.36,12.37,12.38,12.39,12.4,12.41,12.43,500,400,1000,2000,2000,1800,2300,4000,9300,4500,2000,200,4200,7800,800,5700,1000,7000,6000,1200
88.0,12.33,184100,2253123.0,12.32,12.31,12.3,12.28,12.27,12.26,12.25,12.24,12.23,12.21,12.33,12.34,12.35,12.36,12.37,12.38,12.39,12.4,12.41,12.43,500,400,1000,2000,2000,1800,2300,4000,9300,4500,1000,200,4200,7800,800,5700,1000,9800,6000,1200
89.0,12.32,184200,2254355.0,12.32,12.31,12.3,12.28,12.27,12.26,12.25,12.24,12.23,12.21,12.33,12.34,12.35,12.36,12.37,12.38,12.39,12.4,12.41,12.43,700,400,1000,2000,1000,1800,2300,4000,9300,4500,1000,200,4200,7800,800,5700,1000,9800,6000,1200
90.0,12.33,185400,2269150.0,12.32,12.31,12.3,12.28,12.27,12.26,12.25,12.24,12.23,12.21,12.33,12.34,12.35,12.36,12.37,12.38,12.39,12.4,12.41,12.43,600,400,1000,2000,600,2700,2300,4000,9300,4500,1400,200,4200,7800,800,5700,1000,9800,6000,1200
91.0,12.32,185500,2270382.0,12.32,12.31,12.3,12.28,12.27,12.26,12.25,12.24,12.23,12.21,12.33,12.34,12.35,12.36,12.37,12.38,12.39,12.4,12.41,12.43,500,400,1000,2000,600,4700,2300,4000,9300,4500,1600,200,4700,7800,800,5700,1000,9800,6000,1200
92.0,12.32,186900,2287642.0,12.32,12.31,12.3,12.28,12.27,12.26,12.25,12.24,12.23,12.21,12.33,12.34,12.35,12.36,12.37,12.38,12.39,12.4,12.41,12.43,400,400,900,2000,600,4700,2300,4000,9300,4500,2900,1200,4700,7800,800,5700,1000,9800,6000,1200
93.0,12.32,189700,2322149.0,12.31,12.3,12.28,12.27,12.26,12.25,12.24,12.23,12.21,12.2,12.32,12.33,12.34,12.35,12.36,12.37,12.38,12.39,12.4,12.41,400,900,2000,600,4300,2300,4000,9300,4500,1800,1700,2100,1200,4700,7800,800,5700,1000,9800,6000
94.0,12.32,190500,2332005.0,12.31,12.3,12.28,12.27,12.26,12.25,12.24,12.23,12.21,12.16,12.32,12.33,12.34,12.35,12.36,12.37,12.38,12.39,12.4,12.41,900,900,2000,600,4300,2300,4000,9300,4500,300,1400,2100,1200,5000,7800,800,5700,8800,9800,6000
95.0,12.33,192200,2352952.0,12.31,12.3,12.27,12.26,12.25,12.24,12.23,12.21,12.16,12.15,12.33,12.34,12.35,12.36,12.37,12.38,12.39,12.4,12.41,12.43,900,900,600,2900,2300,4000,9300,4500,300,7500,1800,1200,5000,7800,800,5700,8800,10800,6000,1200
96.0,12.33,194000,2375146.0,12.33,12.31,12.3,12.27,12.26,12.25,12.24,12.23,12.21,12.16,12.34,12.35,12.36,12.37,12.38,12.39,12.4,12.41,12.43,12.44,7400,900,900,600,2900,2300,4000,9300,4500,300,1200,5000,7800,800,5700,8800,10800,6000,1200,3000
97.0,12.33,201700,2470089.0,12.31,12.3,12.27,12.26,12.25,12.24,12.23,12.21,12.16,12.15,12.33,12.34,12.35,12.36,12.37,12.38,12.39,12.4,12.41,12.43,800,900,600,2900,2300,4000,9300,4500,300,7500,1800,6000,5000,7800,800,5700,14200,10800,6000,1200
98.0,12.33,202200,2476246.0,12.31,12.3,12.27,12.26,12.25,12.24,12.23,12.21,12.16,12.15,12.33,12.34,12.35,12.36,12.37,12.38,12.39,12.4,12.41,12.43,400,900,600,2900,2300,4000,9300,4500,300,7500,2700,6200,5000,7800,800,5700,14200,10800,6000,1200
99.0,12.31,202600,2481170.0,12.3,12.27,12.26,12.25,12.24,12.23,12.21,12.16,12.15,12.14,12.31,12.33,12.34,12.35,12.36,12.37,12.38,12.39,12.4,12.41,900,600,2900,2300,4000,9300,4500,300,7500,2700,100,2700,6200,5900,7800,800,5700,14200,10800,6000
100.0,12.33,202800,2483634.0,12.3,12.27,12.26,12.25,12.24,12.23,12.21,12.16,12.15,12.14,12.33,12.34,12.35,12.36,12.37,12.38,12.39,12.4,12.41,12.43,900,600,2900,2300,4000,9300,4500,300,7500,2700,2600,6300,5900,7800,800,5700,14200,10800,6000,1200
101.0,12.3,203500,2492244.0,12.3,12.27,12.26,12.25,12.24,12.23,12.21,12.16,12.15,12.14,12.31,12.32,12.33,12.34,12.35,12.36,12.37,12.38,12.39,12.4,200,600,2900,2300,4000,9300,4500,300,7500,2700,500,3700,2100,7200,5900,7800,800,5700,14200,10800
102.0,12.3,203500,2492244.0,12.3,12.27,12.26,12.25,12.24,12.23,12.21,12.16,12.15,12.14,12.31,12.32,12.33,12.34,12.35,12.36,12.37,12.38,12.39,12.4,2200,600,2900,2300,4000,9300,4500,300,7500,2700,500,3700,2100,7200,5900,7800,800,5700,14200,10800
103.0,12.3,203700,2494704.0,12.3,12.27,12.26,12.25,12.24,12.23,12.21,12.16,12.15,12.14,12.31,12.32,12.33,12.34,12.35,12.36,12.37,12.38,12.39,12.4,2400,600,2900,2300,4000,9300,4500,300,7500,2700,500,3700,600,7200,5900,7800,800,3100,14200,10800
104.0,12.3,204300,2502084.0,12.3,12.27,12.26,12.25,12.24,12.23,12.21,12.16,12.15,12.14,12.31,12.32,12.33,12.34,12.35,12.36,12.37,12.38,12.39,12.4,1800,600,2900,2300,4000,9300,4500,300,7500,2700,500,3700,600,7200,6400,7800,800,3100,16400,10800
105.0,12.3,204300,2502084.0,12.3,12.27,12.26,12.25,12.24,12.23,12.21,12.16,12.15,12.14,12.31,12.32,12.33,12.34,12.35,12.36,12.37,12.38,12.39,12.4,1800,600,2900,2300,4000,9300,4500,300,7500,2700,500,3900,1700,7200,7400,7800,800,3100,16400,10800
106.0,12.31,220500,2701628.0,12.31,12.3,12.29,12.27,12.26,12.25,12.24,12.23,12.21,12.16,12.34,12.35,12.36,12.37,12.38,12.39,12.4,12.41,12.43,12.44,1100,19600,100,600,2900,2300,4000,9300,4500,300,7100,8900,7800,1700,3100,16400,10800,6000,1200,3000
107.0,12.31,220500,2701628.0,12.31,12.3,12.29,12.27,12.26,12.25,12.24,12.23,12.21,12.16,12.34,12.35,12.36,12.37,12.38,12.39,12.4,12.41,12.43,12.44,1100,19600,100,600,2900,2300,4000,9300,4500,300,7100,8900,7800,1700,3100,16400,10800,6000,1200,3000
108.0,12.34,222400,2725074.0,12.33,12.32,12.3,12.29,12.27,12.26,12.25,12.24,12.23,12.16,12.34,12.35,12.36,12.37,12.38,12.39,12.4,12.41,12.43,12.44,300,100,19600,100,600,2900,2300,4000,9300,300,5200,8900,7800,1700,3100,16400,10800,6000,1200,3000
109.0,12.3,222900,2731235.0,12.3,12.29,12.27,12.26,12.25,12.24,12.23,12.19,12.16,12.15,12.34,12.35,12.36,12.37,12.38,12.39,12.4,12.41,12.43,12.44,19500,100,600,2900,2300,4000,9300,1000,300,7500,5200,8900,7800,1700,3100,16400,10800,6000,1200,3000
110.0,12.33,223400,2737400.0,12.33,12.3,12.29,12.27,12.26,12.25,12.24,12.23,12.19,12.16,12.34,12.35,12.36,12.37,12.38,12.39,12.4,12.41,12.43,12.44,1000,19500,100,600,2900,2300,4000,9300,1000,300,5200,8900,7800,1700,3100,16400,10800,6000,1200,3000
111.0,12.33,223800,2742332.0,12.33,12.3,12.29,12.27,12.26,12.25,12.24,12.23,12.19,12.16,12.34,12.35,12.36,12.37,12.38,12.39,12.4,12.41,12.43,12.44,600,19500,100,600,2900,2300,4000,9300,1000,300,5200,8900,7800,1700,3100,16400,10800,6000,1200,3000
112.0,12.33,223900,2743565.0,12.33,12.32,12.3,12.29,12.27,12.26,12.25,12.24,12.23,12.19,12.34,12.35,12.36,12.37,12.38,12.39,12.4,12.41,12.43,12.44,500,200,24500,100,600,2900,2300,4000,9300,1000,5200,8900,7800,1700,3100,16400,10800,6000,1200,3000
113.0,12.33,223900,2743565.0,12.33,12.32,12.31,12.3,12.29,12.27,12.26,12.25,12.24,12.23,12.34,12.35,12.36,12.37,12.38,12.39,12.4,12.41,12.43,12.44,500,200,11000,24500,100,600,2900,2300,4000,9300,5200,7900,9800,1700,3100,16400,13300,6000,1200,3000
114.0,12.33,223900,2743565.0,12.33,12.32,12.31,12.3,12.29,12.27,12.26,12.25,12.24,12.23,12.34,12.35,12.36,12.37,12.38,12.39,12.4,12.41,12.43,12.44,500,200,14000,24500,100,600,2900,2300,4000,9300,5200,7900,9800,1700,3100,16400,16700,6000,1200,3000
115.0,12.34,227200,2784286.0,12.33,12.32,12.31,12.3,12.29,12.27,12.26,12.25,12.24,12.23,12.34,12.35,12.36,12.37,12.38,12.39,12.4,12.41,12.43,12.44,400,200,14000,24500,100,600,2900,2300,4000,9300,2000,8900,9800,1700,3100,18100,16700,6000,1200,3000
116.0,12.35,235000,2880594.0,12.33,12.32,12.31,12.3,12.27,12.26,12.25,12.24,12.23,12.19,12.35,12.36,12.37,12.38,12.39,12.4,12.41,12.43,12.44,12.45,400,200,14000,24500,600,2900,2300,4000,9300,1000,3900,9800,1700,3100,19100,16700,6000,1200,3000,6400
117.0,12.33,238000,2917620.0,12.32,12.31,12.3,12.27,12.26,12.25,12.24,12.23,12.19,12.16,12.33,12.35,12.36,12.37,12.38,12.39,12.4,12.41,12.43,12.44,200,14000,24500,600,2900,2300,4000,9300,1000,300,100,2600,9800,1700,3100,19100,16700,6000,1200,3000
118.0,12.34,241200,2957079.0,12.33,12.31,12.3,12.27,12.26,12.25,12.24,12.23,12.19,12.16,12.35,12.36,12.37,12.38,12.39,12.4,12.41,12.43,12.44,12.45,600,13100,24500,600,2900,2300,4000,9300,1000,300,1800,9800,1700,3100,19100,16700,6000,1200,3600,6400
119.0,12.35,242900,2978054.0,12.33,12.31,12.3,12.27,12.26,12.25,12.24,12.23,12.19,12.16,12.35,12.36,12.37,12.38,12.39,12.4,12.41,12.43,12.44,12.45,1900,13100,24500,600,2900,2300,4000,9300,1000,200,1100,9800,1700,3700,19100,17200,6000,1200,3600,6400
120.0,12.33,243600,2986685.0,12.33,12.31,12.3,12.27,12.26,12.25,12.24,12.23,12.19,12.16,12.35,12.36,12.37,12.38,12.39,12.4,12.41,12.43,12.44,12.45,1200,13100,24500,600,2900,2300,4000,9300,1000,200,1100,9800,1700,3700,19100,17200,6000,1200,3600,6400
121.0,12.35,244700,3000270.0,12.35,12.33,12.31,12.3,12.27,12.26,12.25,12.24,12.23,12.19,12.36,12.37,12.38,12.39,12.4,12.41,12.43,12.44,12.45,12.48,800,1200,13100,24500,600,2900,2300,4000,9300,1000,9800,1700,3700,19100,17200,6000,1200,3600,6400,10200
122.0,12.36,254500,3121398.0,12.35,12.34,12.33,12.31,12.3,12.27,12.26,12.25,12.24,12.23,12.37,12.38,12.39,12.4,12.41,12.43,12.44,12.45,12.48,12.49,2800,1100,20400,13200,24500,600,2900,2300,4000,9300,1700,3700,19100,17200,6000,1200,3600,6400,10200,1900
123.0,12.39,264400,3243978.0,12.38,12.37,12.35,12.34,12.33,12.31,12.3,12.27,12.26,12.25,12.39,12.4,12.41,12.43,12.44,12.45,12.48,12.49,12.5,12.53,600,4800,3000,1100,20400,10200,24500,600,2900,2300,15100,17200,6000,1200,3600,6400,10200,1900,16900,100
124.0,12.37,274500,3369053.0,12.37,12.35,12.34,12.33,12.31,12.3,12.27,12.26,12.25,12.24,12.39,12.4,12.41,12.43,12.44,12.45,12.48,12.49,12.5,12.53,1900,3500,1100,20400,10200,24500,600,2900,2300,4000,9000,17200,6000,1200,3600,6400,10200,1900,18900,100
125.0,12.37,288500,3542539.0,12.37,12.35,12.34,12.33,12.31,12.3,12.27,12.26,12.25,12.24,12.4,12.41,12.43,12.44,12.45,12.48,12.49,12.5,12.53,12.54,1300,2800,1100,20400,10200,24500,600,2900,2300,4000,13400,6000,1200,3600,6400,10200,1900,18900,100,3400
126.0,12.4,297200,3650405.0,12.37,12.36,12.35,12.34,12.33,12.31,12.3,12.27,12.26,12.25,12.4,12.41,12.43,12.44,12.45,12.48,12.49,12.5,12.53,12.54,900,300,2800,1100,20400,10200,24500,600,2900,2300,5300,6000,1200,3600,6400,10200,1900,18900,100,3400
127.0,12.4,298200,3662805.0,12.37,12.36,12.35,12.34,12.33,12.31,12.3,12.27,12.26,12.25,12.4,12.41,12.43,12.44,12.45,12.48,12.49,12.5,12.53,12.54,900,300,2800,1100,19600,10200,24500,600,2900,2300,4300,6000,1200,3600,6400,10200,1900,18900,100,3400
128.0,12.39,299200,3675193.0,12.37,12.36,12.35,12.34,12.33,12.31,12.3,12.27,12.26,12.25,12.39,12.4,12.41,12.43,12.44,12.45,12.48,12.49,12.5,12.53,800,300,2800,1100,19600,10200,24500,600,2900,2300,6400,4300,6000,1200,3600,6400,10200,1900,18900,100
129.0,12.39,299200,3675193.0,12.37,12.36,12.35,12.34,12.33,12.31,12.3,12.27,12.26,12.25,12.39,12.4,12.41,12.43,12.44,12.45,12.48,12.49,12.5,12.53,800,300,2800,1100,19600,10200,24500,600,2900,2300,6400,4300,6000,1200,3600,6400,10200,1900,18900,100
130.0,12.37,300800,3695007.0,12.37,12.36,12.35,12.34,12.33,12.31,12.3,12.27,12.26,12.25,12.39,12.4,12.41,12.43,12.44,12.45,12.48,12.49,12.5,12.53,300,300,2800,1100,19600,10200,24500,600,2900,2300,5600,4400,6000,1200,3600,6400,10200,1900,18900,100
131.0,12.35,301800,3707366.0,12.35,12.34,12.33,12.31,12.3,12.27,12.26,12.25,12.24,12.23,12.37,12.39,12.4,12.41,12.43,12.44,12.45,12.48,12.49,12.5,2400,1100,19600,10200,24500,600,2900,2300,4000,9300,100,5600,4400,6000,1200,3600,6400,10200,1900,18900
132.0,12.37,303500,3728363.0,12.35,12.34,12.33,12.31,12.3,12.27,12.26,12.25,12.24,12.23,12.39,12.4,12.41,12.43,12.44,12.45,12.48,12.49,12.5,12.53,800,1100,19600,10200,24500,600,2900,2300,4000,9300,5600,4400,6000,1200,3600,6400,10200,1900,18900,100
133.0,12.34,305000,3746881.0,12.34,12.33,12.31,12.3,12.27,12.26,12.25,12.24,12.23,12.19,12.35,12.38,12.39,12.4,12.41,12.43,12.44,12.45,12.48,12.49,400,19600,10200,24500,600,2900,2300,4000,9300,1000,200,9900,5600,6300,6000,1200,3600,6400,11200,2900
134.0,12.33,306000,3759217.0,12.31,12.3,12.27,12.26,12.25,12.24,12.23,12.19,12.16,12.15,12.33,12.34,12.35,12.37,12.38,12.39,12.4,12.41,12.43,12.44,10200,24500,600,2900,2300,4000,9300,1000,200,7500,300,9900,1900,500,9900,5600,7300,6000,1200,3600
135.0,12.3,340700,4186129.0,12.27,12.26,12.25,12.24,12.23,12.19,12.16,12.15,12.14,12.12,12.3,12.31,12.32,12.33,12.34,12.35,12.37,12.38,12.39,12.4,600,2900,2300,4000,9300,1000,200,7500,2700,4200,500,11600,10000,300,9900,1900,500,9900,5600,7300
136.0,12.3,340700,4186129.0,12.28,12.27,12.26,12.25,12.24,12.23,12.19,12.16,12.15,12.14,12.3,12.31,12.32,12.33,12.34,12.35,12.37,12.38,12.39,12.4,200,600,2900,2300,4000,9300,1000,200,7500,2700,500,11600,10000,300,9900,1900,500,9900,5600,7300
137.0,12.28,341000,4189813.0,12.27,12.26,12.25,12.24,12.23,12.19,12.16,12.15,12.14,12.12,12.28,12.3,12.31,12.32,12.33,12.34,12.35,12.37,12.38,12.39,600,2900,2300,4000,9300,1000,200,7500,2100,3500,100,500,11600,10000,300,9900,1400,500,9900,5600
138.0,12.28,341000,4189813.0,12.27,12.26,12.25,12.24,12.23,12.19,12.16,12.15,12.14,12.12,12.28,12.3,12.31,12.32,12.33,12.34,12.35,12.37,12.38,12.39,600,2900,2300,4000,9300,1000,200,7500,2100,3500,100,500,8800,10000,300,9900,1400,500,9900,5600
139.0,12.32,357400,4391757.0,12.27,12.26,12.25,12.24,12.23,12.19,12.16,12.15,12.14,12.12,12.32,12.33,12.34,12.35,12.37,12.38,12.39,12.4,12.41,12.44,600,2900,2300,4000,9300,1000,200,7500,2100,3500,3100,300,9900,1400,500,9900,5600,7300,6000,3000
140.0,12.34,362300,4452158.0,12.27,12.26,12.25,12.24,12.23,12.19,12.16,12.15,12.14,12.12,12.34,12.35,12.37,12.38,12.39,12.4,12.41,12.44,12.45,12.48,6700,2900,2300,4000,9300,1000,200,5000,2100,3500,8400,300,500,9900,5600,7300,6000,3000,6400,11200
141.0,12.34,362300,4452158.0,12.27,12.26,12.25,12.24,12.23,12.19,12.16,12.15,12.14,12.12,12.34,12.35,12.37,12.38,12.39,12.4,12.41,12.44,12.45,12.48,8800,2900,2300,4000,9300,1000,200,5000,1600,3500,9500,300,500,9900,5600,7300,6000,3000,6900,11200
142.0,12.34,362300,4452158.0,12.28,12.27,12.26,12.25,12.24,12.23,12.19,12.16,12.15,12.14,12.33,12.34,12.35,12.37,12.38,12.39,12.4,12.41,12.44,12.45,2400,8800,2900,2300,4000,9300,1000,200,5000,1600,100,9500,300,500,9900,5600,7400,6000,3000,6900
143.0,12.28,362500,4454614.0,12.28,12.27,12.26,12.25,12.24,12.23,12.19,12.16,12.15,12.14,12.33,12.34,12.35,12.37,12.38,12.39,12.4,12.41,12.44,12.45,4800,8800,2900,2300,4000,9300,1000,200,5000,1600,2600,9500,6200,500,9900,5600,7400,6000,3000,6900
144.0,12.28,362500,4454614.0,12.3,12.28,12.27,12.26,12.25,12.24,12.23,12.19,12.16,12.15,12.33,12.34,12.35,12.37,12.38,12.39,12.4,12.41,12.44,12.45,7100,5900,8800,3000,2300,4000,9300,1000,200,5000,3700,9500,6200,1300,9900,5600,7400,6000,3000,6900
145.0,12.28,362500,4454614.0,12.3,12.28,12.27,12.26,12.25,12.24,12.23,12.19,12.16,12.15,12.33,12.34,12.35,12.37,12.38,12.39,12.4,12.41,12.44,12.45,7100,3700,8800,3000,2300,4000,9300,1000,200,5000,3700,9500,22000,1300,9900,5600,7400,6000,3000,6900
146.0,12.33,365700,4494049.0,12.3,12.28,12.27,12.26,12.25,12.24,12.23,12.19,12.16,12.15,12.33,12.34,12.35,12.37,12.38,12.39,12.4,12.41,12.44,12.45,6400,3700,8800,3000,2300,4000,9300,1000,200,5000,1300,9500,22000,1300,9900,5600,7400,6000,3000,6900
147.0,12.33,365700,4494049.0,12.3,12.28,12.27,12.26,12.25,12.24,12.23,12.19,12.16,12.15,12.33,12.34,12.35,12.37,12.38,12.39,12.4,12.41,12.44,12.45,6400,3700,8800,2900,2300,4000,9300,1000,200,5000,1300,12100,22000,1900,9900,5600,8400,6000,3000,6900
148.0,12.33,365700,4494049.0,12.3,12.28,12.27,12.26,12.25,12.24,12.23,12.19,12.16,12.15,12.33,12.34,12.35,12.37,12.38,12.39,12.4,12.41,12.44,12.45,6400,3700,8800,2900,2300,4000,9300,1000,200,5000,1300,12100,22000,1900,9900,5600,8400,6000,3000,7400
149.0,12.34,369700,4543315.0,12.3,12.28,12.27,12.26,12.25,12.24,12.23,12.19,12.16,12.15,12.34,12.35,12.37,12.38,12.39,12.4,12.41,12.43,12.44,12.45,4400,3700,8800,2900,2300,4000,9300,1000,200,5000,11500,22000,1900,9900,5900,8400,6000,3600,3000,7400
150.0,12.33,371400,4564285.0,12.3,12.28,12.27,12.26,12.25,12.24,12.23,12.19,12.16,12.15,12.33,12.34,12.35,12.37,12.38,12.39,12.4,12.41,12.43,12.44,5500,6100,8800,2900,2300,4000,9300,1000,200,5000,3700,11700,22000,1900,9900,5900,8400,6000,3600,3000
151.0,12.33,371400,4564285.0,12.3,12.28,12.27,12.26,12.25,12.24,12.23,12.19,12.16,12.15,12.33,12.34,12.35,12.37,12.38,12.39,12.4,12.41,12.43,12.44,5500,7600,8800,2900,2300,4000,9300,1000,200,5000,3100,11700,22000,1900,9900,5900,8400,6000,3600,3000
152.0,12.3,371900,4570435.0,12.3,12.28,12.27,12.26,12.25,12.24,12.23,12.19,12.16,12.15,12.32,12.34,12.35,12.37,12.38,12.39,12.4,12.41,12.43,12.44,5000,7600,8800,2900,2300,4000,9300,1000,200,5000,200,12200,22000,1900,9900,5900,8400,6000,3600,3000
153.0,12.34,373900,4595111.0,12.3,12.28,12.27,12.26,12.25,12.24,12.23,12.19,12.16,12.15,12.34,12.35,12.37,12.38,12.39,12.4,12.41,12.43,12.44,12.45,5000,7600,8800,2900,2300,4000,9300,1000,200,5000,10400,22000,1900,9900,5900,8400,6000,3600,3000,7400
154.0,12.3,375700,4617275.0,12.3,12.28,12.27,12.26,12.25,12.24,12.23,12.19,12.16,12.15,12.34,12.35,12.37,12.38,12.39,12.4,12.41,12.43,12.44,12.45,23300,7600,8800,2900,2300,4000,9300,1000,200,5000,9800,22000,1900,9900,5900,8400,6000,3600,3000,7400
155.0,12.3,378800,4655405.0,12.31,12.3,12.28,12.27,12.26,12.25,12.24,12.23,12.19,12.16,12.34,12.35,12.37,12.38,12.39,12.4,12.41,12.43,12.44,12.45,300,20200,7600,7800,2900,2300,4000,9300,1000,200,9800,22000,1900,9900,5900,8400,6000,3600,3000,7400
156.0,12.34,380600,4677617.0,12.31,12.3,12.28,12.27,12.26,12.25,12.24,12.23,12.19,12.16,12.34,12.35,12.37,12.38,12.39,12.4,12.41,12.43,12.44,12.45,300,20700,7600,7800,2900,2300,4000,9300,1000,200,8000,22000,2900,9900,5900,8400,6000,3600,3000,7400
157.0,12.31,380900,4681310.0,12.31,12.3,12.28,12.27,12.26,12.25,12.24,12.23,12.19,12.16,12.34,12.35,12.37,12.38,12.39,12.4,12.41,12.43,12.44,12.45,600,20700,7600,7800,2900,2300,4000,9300,1000,200,8500,22000,2900,9900,5900,8400,6000,3600,3000,7400
158.0,12.31,380900,4681310.0,12.31,12.3,12.28,12.27,12.26,12.25,12.24,12.23,12.19,12.16,12.34,12.35,12.37,12.38,12.39,12.4,12.41,12.43,12.44,12.45,600,20700,7600,7800,2900,2300,4000,9300,1000,200,8500,22000,2900,9900,5900,8400,6000,3600,3000,7400
159.0,12.31,381400,4687465.0,12.31,12.3,12.28,12.27,12.26,12.25,12.24,12.23,12.19,12.16,12.34,12.35,12.37,12.38,12.39,12.4,12.41,12.43,12.44,12.45,100,20700,7600,7800,2900,2300,4000,9300,1000,200,9600,22000,2900,9900,5900,8400,6000,3600,3000,7400
160.0,12.31,381400,4687465.0,12.31,12.3,12.28,12.27,12.26,12.25,12.24,12.23,12.19,12.16,12.34,12.35,12.37,12.38,12.39,12.4,12.41,12.43,12.44,12.45,100,20700,7600,7800,2900,2300,4000,9300,1000,200,9600,22000,2900,9900,5900,8600,6000,3600,3000,7400
161.0,12.34,382300,4698559.0,12.3,12.28,12.27,12.26,12.25,12.24,12.23,12.19,12.16,12.15,12.34,12.35,12.37,12.38,12.39,12.4,12.41,12.43,12.44,12.45,20700,7500,7800,2900,2300,4000,9300,1000,200,5000,9300,22000,2900,9900,5900,8700,6000,3600,3000,7400
162.0,12.3,383100,4708399.0,12.31,12.3,12.28,12.27,12.26,12.25,12.24,12.23,12.19,12.16,12.34,12.35,12.37,12.38,12.39,12.4,12.41,12.43,12.44,12.45,300,21300,7500,7800,2900,2300,4000,9300,1000,200,11100,22000,2900,9900,5900,8700,6000,3600,3000,7400
163.0,12.32,383800,4717023.0,12.32,12.31,12.3,12.28,12.27,12.26,12.25,12.24,12.23,12.21,12.34,12.35,12.37,12.38,12.39,12.4,12.41,12.43,12.44,12.45,300,300,21300,7500,7800,2900,2300,4000,9300,2000,11100,22000,2900,9900,5900,8700,6000,3600,3000,7400
164.0,12.32,384000,4719489.0,12.32,12.31,12.3,12.28,12.27,12.26,12.25,12.24,12.23,12.21,12.34,12.35,12.37,12.38,12.39,12.4,12.41,12.43,12.44,12.45,200,300,21300,7500,7800,2900,2300,4000,9300,2000,11000,22000,2900,9900,5900,8700,6000,3600,3000,7400
165.0,12.33,385000,4731819.0,12.32,12.31,12.3,12.28,12.27,12.26,12.25,12.24,12.23,12.21,12.33,12.34,12.35,12.37,12.38,12.39,12.4,12.41,12.43,12.44,200,300,21300,7500,7800,2900,2300,4000,9300,2000,1400,11000,22000,4900,9900,5900,8800,6000,3600,3000
166.0,12.32,385200,4734283.0,12.31,12.3,12.28,12.27,12.26,12.25,12.24,12.23,12.21,12.19,12.32,12.33,12.34,12.35,12.37,12.38,12.39,12.4,12.41,12.43,1300,21300,7500,7800,2900,2300,4000,9300,2000,1000,3000,100,11000,22000,4900,9900,5900,8800,6000,3600
167.0,12.32,385200,4734283.0,12.31,12.3,12.28,12.27,12.26,12.25,12.24,12.23,12.21,12.19,12.32,12.33,12.34,12.35,12.37,12.38,12.39,12.4,12.41,12.43,2000,21400,7500,7800,2900,2300,4000,9300,2000,1000,3000,100,11000,16300,4900,9900,5900,8800,6000,3600
168.0,12.32,385200,4734283.0,12.31,12.3,12.28,12.27,12.26,12.25,12.24,12.23,12.21,12.19,12.32,12.33,12.34,12.35,12.37,12.38,12.39,12.4,12.41,12.43,2000,21400,7500,7800,2900,2300,4000,9300,2000,1000,7800,100,11800,16300,4900,9900,5900,7800,6000,3600
169.0,12.31,385400,4736745.0,12.31,12.3,12.28,12.27,12.26,12.25,12.24,12.23,12.21,12.19,12.32,12.33,12.34,12.35,12.37,12.38,12.39,12.4,12.41,12.43,1800,21400,7500,7800,2900,2300,4000,9300,2000,1000,7800,300,12400,16300,4900,9900,5900,7800,6000,3600
170.0,12.31,385400,4736745.0,12.31,12.3,12.28,12.27,12.26,12.25,12.24,12.23,12.21,12.19,12.32,12.33,12.34,12.35,12.37,12.38,12.39,12.4,12.41,12.43,1800,21400,7600,7800,2900,2300,4000,9300,2000,1000,7800,200,15000,16300,4900,9900,5900,7800,6000,3600
171.0,12.3,390400,4798263.0,12.3,12.28,12.27,12.26,12.25,12.24,12.23,12.21,12.19,12.16,12.31,12.32,12.33,12.34,12.35,12.37,12.38,12.39,12.4,12.41,18200,7600,7800,2900,2300,4000,9300,2000,1000,200,400,8800,200,15000,16300,4900,9900,5900,7800,6000
172.0,12.32,394800,4852419.0,12.3,12.28,12.27,12.26,12.25,12.24,12.23,12.21,12.19,12.16,12.32,12.33,12.34,12.35,12.37,12.38,12.39,12.4,12.41,12.43,15800,7600,7800,2900,2300,4000,9300,2000,1000,200,7200,200,15500,16300,4900,9900,5900,7800,6000,3600
173.0,12.3,395600,4862259.0,12.3,12.28,12.27,12.26,12.25,12.24,12.23,12.21,12.19,12.16,12.32,12.33,12.34,12.35,12.37,12.38,12.39,12.4,12.41,12.43,15000,7600,7800,2900,2300,4000,9300,2000,1000,200,7200,200,15500,16300,4900,9900,5900,8300,6000,3600
174.0,12.3,395600,4862259.0,12.3,12.28,12.27,12.26,12.25,12.24,12.23,12.21,12.19,12.16,12.32,12.33,12.34,12.35,12.37,12.38,12.39,12.4,12.41,12.43,15000,7600,7800,2900,2300,4000,9300,2000,1000,200,7200,200,15500,16300,4900,9900,5900,8300,6000,3600
175.0,12.3,395600,4862259.0,12.3,12.28,12.27,12.26,12.25,12.24,12.23,12.21,12.19,12.16,12.32,12.33,12.34,12.35,12.37,12.38,12.39,12.4,12.41,12.43,15000,7600,7800,2900,2300,4000,9300,2000,1000,200,7200,800,15500,16300,4900,10400,5900,8300,6000,3600
176.0,12.3,396600,4874559.0,12.3,12.28,12.27,12.26,12.25,12.24,12.23,12.21,12.19,12.16,12.32,12.33,12.34,12.35,12.37,12.38,12.39,12.4,12.41,12.43,14000,7600,7800,2900,2300,4000,9300,2000,1000,200,7200,3800,15500,16300,4900,10400,5900,8300,6000,3600
177.0,12.3,396600,4874559.0,12.3,12.28,12.27,12.26,12.25,12.24,12.23,12.21,12.19,12.16,12.32,12.33,12.34,12.35,12.37,12.38,12.39,12.4,12.41,12.43,14000,7600,7800,2900,2300,4000,9300,2000,1000,200,7200,3800,15500,16300,4900,10400,5900,8300,6000,3600
178.0,12.3,407500,5008729.0,12.3,12.28,12.27,12.26,12.25,12.24,12.23,12.21,12.19,12.16,12.32,12.33,12.34,12.35,12.37,12.38,12.39,12.4,12.41,12.43,8500,7600,7800,2900,2300,4000,9300,2000,1000,200,2200,3800,15700,16300,4900,10400,5900,9300,6000,3600
179.0,12.3,408300,5018569.0,12.3,12.28,12.27,12.26,12.25,12.24,12.23,12.21,12.19,12.16,12.32,12.33,12.34,12.35,12.36,12.37,12.38,12.39,12.4,12.41,8000,7600,7800,2900,2300,4000,9300,2000,1000,200,2200,3800,15700,16300,1000,6000,10400,5900,10300,6000
180.0,12.3,409100,5028409.0,12.3,12.28,12.27,12.26,12.25,12.24,12.23,12.21,12.19,12.16,12.32,12.33,12.34,12.35,12.36,12.37,12.38,12.39,12.4,12.41,7200,7600,7800,2900,2300,4000,9300,2000,1000,200,2200,3800,17200,16300,1000,6000,10400,5900,10300,6000
181.0,12.32,411100,5053029.0,12.3,12.28,12.27,12.26,12.25,12.24,12.23,12.21,12.19,12.16,12.32,12.33,12.34,12.35,12.36,12.37,12.38,12.39,12.4,12.41,6200,7600,7800,2900,2300,4000,9300,2000,1000,200,1200,3800,16600,16300,1000,6000,10400,5900,10300,6000
182.0,12.32,411300,5055493.0,12.3,12.28,12.27,12.26,12.25,12.24,12.23,12.21,12.19,12.16,12.32,12.33,12.34,12.35,12.36,12.37,12.38,12.39,12.4,12.41,6300,7600,7800,2900,2300,4000,9300,2000,1000,200,1000,3800,16600,16300,1000,6000,10400,5900,10300,6000
183.0,12.3,413300,5080097.0,12.3,12.28,12.27,12.26,12.25,12.24,12.23,12.21,12.19,12.16,12.32,12.33,12.34,12.35,12.36,12.37,12.38,12.39,12.4,12.41,4500,7600,7800,2900,2300,4000,9300,2000,1000,200,800,3800,16600,16300,1000,6000,10400,5900,10300,6000
184.0,12.3,414200,5091167.0,12.3,12.28,12.27,12.26,12.25,12.24,12.23,12.21,12.19,12.16,12.32,12.33,12.34,12.35,12.36,12.37,12.38,12.39,12.4,12.41,3600,7600,7800,2900,2300,4000,9300,2000,1000,200,800,3800,16800,16300,1000,6000,11400,5900,10300,6000
185.0,12.3,414200,5091167.0,12.3,12.28,12.27,12.26,12.25,12.24,12.23,12.21,12.19,12.16,12.32,12.33,12.34,12.35,12.36,12.37,12.38,12.39,12.4,12.41,3600,7600,7800,2900,2300,4000,9300,2000,1000,200,800,3800,16800,16300,1000,6000,11400,5900,12300,6000
186.0,12.3,414500,5094857.0,12.3,12.28,12.27,12.26,12.25,12.24,12.23,12.21,12.19,12.16,12.32,12.33,12.34,12.35,12.36,12.37,12.38,12.39,12.4,12.41,3300,7600,7800,2900,2300,4000,9300,2000,1000,200,800,3800,16300,16400,1000,6000,11400,5900,12300,6900
187.0,12.3,414800,5098547.0,12.3,12.28,12.27,12.26,12.25,12.24,12.23,12.21,12.19,12.16,12.32,12.33,12.34,12.35,12.36,12.37,12.38,12.39,12.4,12.41,6300,7600,7800,2900,2300,4000,9300,2000,1000,200,800,3800,14200,16400,1000,6000,1500,2600,12300,6900
188.0,12.32,415200,5103475.0,12.3,12.28,12.27,12.26,12.25,12.24,12.23,12.21,12.19,12.16,12.32,12.33,12.34,12.35,12.36,12.37,12.38,12.39,12.4,12.41,6300,7700,7800,2900,2300,4000,9300,2000,1000,200,400,3800,14200,16400,1000,6000,1500,2600,12300,6900
189.0,12.32,415600,5108403.0,12.32,12.3,12.28,12.27,12.26,12.25,12.24,12.23,12.21,12.19,12.33,12.34,12.35,12.36,12.37,12.38,12.39,12.4,12.41,12.43,2000,7300,7700,7800,2900,2300,4000,8800,2000,1000,3800,14200,16400,1000,6000,1500,5600,12300,6900,3600
190.0,12.32,416600,5120723.0,12.32,12.3,12.28,12.27,12.26,12.25,12.24,12.23,12.21,12.19,12.33,12.34,12.35,12.36,12.37,12.38,12.39,12.4,12.41,12.43,1000,7600,7700,7800,2900,2300,4000,8800,2000,1000,3800,14200,16400,1000,6000,1500,5600,12300,6900,3600
191.0,12.33,416800,5123189.0,12.32,12.3,12.28,12.27,12.26,12.25,12.24,12.23,12.21,12.19,12.33,12.34,12.35,12.36,12.37,12.38,12.39,12.4,12.41,12.43,1000,7600,7900,7800,2900,2300,4000,8800,2000,1000,3600,14200,16400,1000,6000,1500,5600,12300,6900,3600
192.0,12.32,417800,5135509.0,12.32,12.3,12.28,12.27,12.26,12.25,12.24,12.23,12.21,12.19,12.33,12.34,12.35,12.36,12.37,12.38,12.39,12.4,12.41,12.43,100,7600,7900,7800,2900,2300,4000,8800,2000,1000,3600,14200,16400,1000,6000,1500,5600,12300,6900,3600
193.0,12.32,417800,5135509.0,12.32,12.3,12.28,12.27,12.26,12.25,12.24,12.23,12.21,12.19,12.33,12.34,12.35,12.36,12.37,12.38,12.39,12.4,12.41,12.43,1300,7600,7900,7800,2900,2300,4000,8800,2000,1000,3600,14200,16400,1000,6000,1500,5600,12300,6900,3600
194.0,12.32,418100,5139205.0,12.32,12.3,12.28,12.27,12.26,12.25,12.24,12.23,12.21,12.19,12.33,12.34,12.35,12.36,12.37,12.38,12.39,12.4,12.41,12.43,1000,7600,7900,7800,2900,2300,4000,8800,2000,1000,3600,14200,16400,1000,6000,1500,5600,12800,6900,3600
195.0,12.33,420600,5170020.0,12.3,12.28,12.27,12.26,12.25,12.24,12.23,12.21,12.19,12.16,12.33,12.34,12.35,12.36,12.37,12.38,12.39,12.4,12.41,12.43,7600,7900,7800,2900,2300,4000,8800,2000,1000,200,2100,14200,16400,1000,6000,1500,5600,12800,6900,3600
196.0,12.33,420600,5170020.0,12.32,12.3,12.28,12.27,12.26,12.25,12.24,12.23,12.21,12.19,12.33,12.34,12.35,12.36,12.37,12.38,12.39,12.4,12.41,12.43,1200,7600,7900,7800,2900,2300,4000,8800,2000,1000,2100,14200,16400,1000,6000,1500,5700,12800,6900,3600
197.0,12.32,421500,5181108.0,12.32,12.3,12.28,12.27,12.26,12.25,12.24,12.23,12.21,12.19,12.33,12.34,12.35,12.36,12.37,12.38,12.39,12.4,12.41,12.43,300,7600,7900,7800,2900,2300,4000,8800,2000,1000,2100,14200,16400,1000,6000,1500,5700,12800,6900,3600
198.0,12.32,421500,5181108.0,12.32,12.3,12.28,12.27,12.26,12.25,12.24,12.23,12.21,12.19,12.33,12.34,12.35,12.36,12.37,12.38,12.39,12.4,12.41,12.43,300,7600,7900,7800,2900,2300,4000,8800,2000,1000,2100,14200,16400,1000,6000,1500,5700,12800,6900,3600
199.0,12.33,422900,5198370.0,12.32,12.3,12.28,12.27,12.26,12.25,12.24,12.23,12.21,12.19,12.33,12.34,12.35,12.36,12.37,12.38,12.39,12.4,12.41,12.43,300,7600,7900,7800,2900,2300,4000,8800,2000,1000,700,14200,16400,1000,6000,1500,5700,12800,6900,3600
200.0,12.33,424600,5219331.0,12.33,12.32,12.3,12.28,12.27,12.26,12.25,12.24,12.23,12.21,12.34,12.35,12.36,12.37,12.38,12.39,12.4,12.41,12.43,12.44,2300,300,7600,7900,7800,2900,2300,4000,8800,2000,14200,16400,1000,6000,1500,5700,12800,6900,3600,3700
201.0,12.33,424600,5219331.0,12.33,12.32,12.3,12.28,12.27,12.26,12.25,12.24,12.23,12.21,12.34,12.35,12.36,12.37,12.38,12.39,12.4,12.41,12.43,12.44,2500,300,7600,7900,7800,2900,2300,4000,8800,2000,14200,16400,1000,6000,1500,5700,12800,6900,3600,3700
202.0,12.33,424800,5221797.0,12.33,12.32,12.3,12.28,12.27,12.26,12.25,12.24,12.23,12.21,12.34,12.35,12.36,12.37,12.38,12.39,12.4,12.41,12.43,12.44,2300,300,7600,7900,7800,2900,2300,4000,8800,2000,14200,16400,1000,6000,1500,5700,12800,6900,3600,3700
203.0,12.33,424800,5221797.0,12.33,12.32,12.3,12.28,12.27,12.26,12.25,12.24,12.23,12.21,12.34,12.35,12.36,12.37,12.38,12.39,12.4,12.41,12.43,12.44,2400,300,7500,7900,7800,2900,2300,4000,8800,2000,14200,16400,1000,6000,1500,5700,12800,6900,3600,3700
204.0,12.32,425800,5234124.0,12.3,12.28,12.27,12.26,12.25,12.24,12.23,12.21,12.19,12.16,12.32,12.34,12.35,12.36,12.37,12.38,12.39,12.4,12.41,12.43,7500,7900,7800,2900,2300,4000,8800,2000,1000,200,1500,14100,16400,1000,6000,1500,5700,12800,6900,3600
205.0,12.32,425800,5234124.0,12.3,12.28,12.27,12.26,12.25,12.24,12.23,12.21,12.2,12.19,12.32,12.34,12.35,12.36,12.37,12.38,12.39,12.4,12.41,12.43,7500,7900,7800,2900,2300,4000,8800,2000,300,1000,1500,14100,16400,1000,9100,1500,5700,12800,6900,3600
206.0,12.32,428300,5264894.0,12.3,12.28,12.27,12.26,12.25,12.24,12.23,12.21,12.2,12.19,12.32,12.33,12.34,12.35,12.36,12.37,12.38,12.39,12.4,12.41,6000,7900,7800,2900,1100,3100,8800,2000,300,1000,500,10100,14100,16400,1000,9100,1500,5700,12800,6900
207.0,12.33,432600,5317877.0,12.3,12.28,12.27,12.26,12.25,12.24,12.23,12.21,12.2,12.19,12.33,12.34,12.35,12.36,12.37,12.38,12.39,12.4,12.41,12.43,5400,7900,7800,2900,1100,3100,8800,2000,1300,1000,8200,14100,16400,1000,9100,1500,5700,12800,6900,3600
208.0,12.33,442600,5441177.0,12.33,12.3,12.28,12.27,12.26,12.25,12.24,12.23,12.21,12.2,12.34,12.35,12.36,12.37,12.38,12.39,12.4,12.41,12.43,12.44,1000,5400,7900,7800,2900,1100,3100,8800,2000,1300,14100,16400,1000,9100,1500,5700,12800,6900,3600,3700
209.0,12.33,443600,5453507.0,12.3,12.28,12.27,12.26,12.25,12.24,12.23,12.21,12.2,12.19,12.33,12.34,12.35,12.36,12.37,12.38,12.39,12.4,12.41,12.43,5400,7900,7800,2900,1100,3100,8800,2000,1300,1000,1800,14100,16400,1000,9100,3100,5700,12800,6900,3600
210.0,12.32,445600,5478147.0,12.3,12.28,12.27,12.26,12.25,12.24,12.23,12.21,12.2,12.19,12.32,12.33,12.34,12.35,12.36,12.37,12.38,12.39,12.4,12.41,5400,7900,1700,2900,1100,3100,8800,2000,1300,1000,300,6800,14100,16400,1000,9100,3100,5700,12800,6900
211.0,12.3,446100,5484297.0,12.3,12.28,12.27,12.26,12.25,12.24,12.23,12.21,12.2,12.19,12.32,12.33,12.34,12.35,12.36,12.37,12.38,12.39,12.4,12.41,4900,7900,1700,2900,1100,3100,8800,2000,1300,1000,3300,6800,14100,16400,1000,9100,3100,5700,13800,6900
212.0,12.33,452700,5565594.0,12.32,12.31,12.3,12.28,12.27,12.26,12.25,12.24,12.23,12.21,12.33,12.34,12.35,12.36,12.37,12.38,12.39,12.4,12.41,12.43,1900,1000,3300,7900,1700,2900,1100,3100,8800,2000,5600,14100,16400,1000,9100,3100,5700,13800,6900,3600
213.0,12.32,453800,5579146.0,12.32,12.31,12.3,12.28,12.27,12.26,12.25,12.24,12.23,12.21,12.33,12.34,12.35,12.36,12.37,12.38,12.39,12.4,12.41,12.43,4500,1000,3300,7900,1700,2900,1100,3100,8800,2000,5600,14100,16400,1000,9100,3100,5700,13800,6900,3600
214.0,12.32,456200,5608714.0,12.32,12.31,12.3,12.28,12.27,12.26,12.25,12.24,12.23,12.21,12.33,12.34,12.35,12.36,12.37,12.38,12.39,12.4,12.41,12.43,2100,1000,3300,7900,1700,2900,1100,3100,8800,2000,5600,14100,16400,1000,9100,3100,5700,13800,6900,3600
215.0,12.33,456300,5609947.0,12.32,12.31,12.3,12.28,12.27,12.26,12.25,12.24,12.23,12.21,12.33,12.34,12.35,12.36,12.37,12.38,12.39,12.4,12.41,12.43,2100,1000,3300,7900,1700,2900,1100,3100,8800,2000,5500,14100,16400,1000,9100,3100,5700,14500,6900,3600
216.0,12.32,458100,5632123.0,12.32,12.31,12.3,12.28,12.27,12.26,12.25,12.24,12.23,12.21,12.33,12.34,12.35,12.36,12.37,12.38,12.39,12.4,12.41,12.43,300,1000,3300,8100,1700,2900,1100,3100,100,2000,5500,13100,16400,1000,9100,3100,5700,14500,6900,3600
217.0,12.32,458100,5632123.0,12.32,12.31,12.3,12.28,12.27,12.26,12.25,12.24,12.23,12.21,12.33,12.34,12.35,12.36,12.37,12.38,12.39,12.4,12.41,12.43,700,1000,3300,8100,1700,2900,1100,3100,100,2000,5500,13100,16400,1000,9100,3100,5700,14500,6900,3600
218.0,12.32,460600,5662930.0,12.32,12.31,12.3,12.28,12.27,12.26,12.25,12.24,12.23,12.21,12.33,12.34,12.35,12.36,12.37,12.38,12.39,12.4,12.41,12.43,6200,1000,3300,8100,1700,2900,1100,3100,100,2000,4800,13100,16400,1000,9100,3100,5700,14500,6900,3600
219.0,12.32,460700,5664162.0,12.32,12.31,12.3,12.28,12.27,12.26,12.25,12.24,12.23,12.21,12.33,12.34,12.35,12.36,12.37,12.38,12.39,12.4,12.41,12.43,6100,1000,3300,8100,1700,2900,1100,3100,100,2000,4800,13100,16400,1000,9100,3100,5700,14500,6900,3600
220.0,12.3,468900,5765154.0,12.3,12.28,12.27,12.26,12.25,12.24,12.23,12.21,12.2,12.19,12.33,12.34,12.35,12.36,12.37,12.38,12.39,12.4,12.41,12.43,2200,8100,1700,2900,1100,3100,100,2000,1300,1000,4800,13100,16400,1000,9100,3100,2700,14500,6900,3600
221.0,12.3,471300,5794675.0,12.28,12.27,12.26,12.25,12.24,12.23,12.21,12.2,12.19,12.16,12.3,12.33,12.34,12.35,12.36,12.37,12.38,12.39,12.4,12.41,8100,1700,2900,1100,3100,100,2000,1300,1000,200,3200,4800,13100,16400,1000,9100,3100,2700,14500,6900
222.0,12.3,472500,5809435.0,12.28,12.27,12.26,12.25,12.24,12.23,12.21,12.2,12.19,12.16,12.3,12.32,12.33,12.34,12.35,12.36,12.37,12.38,12.39,12.4,8100,1700,2900,1100,3100,100,2000,1300,1000,200,2000,2500,4800,13100,16400,1000,9100,3100,2700,14500
223.0,12.28,473300,5819259.0,12.28,12.27,12.26,12.25,12.24,12.23,12.21,12.2,12.19,12.16,12.3,12.32,12.33,12.34,12.35,12.36,12.37,12.38,12.39,12.4,7300,1700,2900,1100,3100,100,2000,1300,1000,200,2000,2700,5800,13100,16400,1000,9100,3100,2700,14500
224.0,12.3,476000,5852455.0,12.28,12.27,12.26,12.25,12.24,12.23,12.21,12.2,12.19,12.16,12.32,12.33,12.34,12.35,12.36,12.37,12.38,12.39,12.4,12.41,6600,1700,2900,1100,3100,100,2000,1300,1000,200,2700,5800,13100,16400,1000,9200,3100,2700,14500,6900
225.0,12.3,476000,5852455.0,12.31,12.28,12.27,12.26,12.25,12.24,12.23,12.21,12.2,12.19,12.32,12.33,12.34,12.35,12.36,12.37,12.38,12.39,12.4,12.41,10000,6600,1700,2900,1100,3100,100,2000,1300,1000,2700,5800,12600,16400,1000,9200,3100,2700,14500,6900
226.0,12.32,476900,5863543.0,12.31,12.3,12.28,12.27,12.26,12.25,12.24,12.23,12.21,12.2,12.32,12.33,12.34,12.35,12.36,12.37,12.38,12.39,12.4,12.41,10000,2000,6600,1700,2900,1100,3100,100,2000,1300,1800,5800,12600,16400,1000,9200,3100,2700,14500,6900
227.0,12.32,476900,5863543.0,12.31,12.3,12.28,12.27,12.26,12.25,12.24,12.23,12.21,12.2,12.32,12.33,12.34,12.35,12.36,12.37,12.38,12.39,12.4,12.41,11000,7000,6600,1700,2900,1100,3100,100,2000,1300,1800,10800,12600,16400,1000,9200,3100,2700,14500,6900
228.0,12.31,477900,5875853.0,12.31,12.3,12.28,12.27,12.26,12.25,12.24,12.23,12.21,12.2,12.32,12.33,12.34,12.35,12.36,12.37,12.38,12.39,12.4,12.41,10000,7000,6600,1700,2900,1100,3100,100,2000,1300,1800,10800,12600,16400,1000,9200,3100,2700,14500,6900
229.0,12.31,477900,5875853.0,12.31,12.3,12.28,12.27,12.26,12.25,12.24,12.23,12.21,12.2,12.32,12.33,12.34,12.35,12.36,12.37,12.38,12.39,12.4,12.41,10000,7000,6600,1700,3800,1100,3100,100,2000,1300,1800,10800,12600,16400,1000,9200,3100,2700,14500,6900
230.0,12.31,480300,5905397.0,12.31,12.3,12.28,12.27,12.26,12.25,12.24,12.23,12.21,12.2,12.32,12.33,12.34,12.35,12.36,12.37,12.38,12.39,12.4,12.41,7600,7000,6600,1700,3800,1100,3100,100,2000,1300,1800,11800,12600,16400,1000,9200,3100,700,14500,6900
231.0,12.32,482300,5930030.0,12.31,12.3,12.28,12.27,12.26,12.25,12.24,12.23,12.21,12.2,12.32,12.33,12.34,12.35,12.36,12.37,12.38,12.39,12.4,12.41,6900,7000,6600,1700,3800,1100,3100,100,2000,1300,500,11800,12600,16400,1000,9200,3100,700,14500,6900
232.0,12.32,482300,5930030.0,12.31,12.3,12.28,12.27,12.26,12.25,12.24,12.23,12.21,12.2,12.32,12.33,12.34,12.35,12.36,12.37,12.38,12.39,12.4,12.41,11900,7000,6600,1700,3800,1100,3100,100,2000,1400,500,11800,12600,16400,1000,9200,3100,700,14500,6900
233.0,12.32,482400,5931262.0,12.31,12.3,12.28,12.27,12.26,12.25,12.24,12.23,12.21,12.2,12.32,12.33,12.34,12.35,12.36,12.37,12.38,12.39,12.4,12.41,12200,7000,6600,1700,3800,1100,3100,100,2000,1400,400,11800,12600,16400,1000,9200,3100,1700,14500,6900
234.0,12.33,485200,5965782.0,12.32,12.31,12.3,12.28,12.27,12.26,12.25,12.24,12.23,12.21,12.33,12.34,12.35,12.36,12.37,12.38,12.39,12.4,12.41,12.43,100,12200,7000,6600,1700,3800,1100,3100,100,2000,9400,12600,16400,1000,9200,3100,1700,14500,6900,3600
235.0,12.33,485200,5965782.0,12.32,12.31,12.3,12.28,12.27,12.26,12.25,12.24,12.23,12.21,12.33,12.34,12.35,12.36,12.37,12.38,12.39,12.4,12.41,12.43,100,12200,7000,6600,1700,3800,1100,3100,100,2000,9400,12600,16400,1000,9200,3100,1700,14500,6900,3600
236.0,12.32,488300,6003974.0,12.31,12.3,12.28,12.27,12.26,12.25,12.24,12.23,12.21,12.2,12.32,12.33,12.34,12.35,12.36,12.37,12.38,12.39,12.4,12.41,12200,7000,6600,1700,3800,1100,3100,100,2000,1400,6400,9400,12600,16400,1000,9200,3100,1700,14500,6900
237.0,12.32,494300,6077894.0,12.31,12.3,12.28,12.27,12.26,12.25,12.24,12.23,12.21,12.2,12.32,12.33,12.34,12.35,12.36,12.37,12.38,12.39,12.4,12.41,12200,7000,6600,1700,3800,1100,3100,100,2000,1400,400,9400,12600,16400,1000,9200,3100,1700,14500,6900
238.0,12.33,499200,6138270.0,12.32,12.31,12.3,12.28,12.27,12.26,12.25,12.24,12.23,12.21,12.33,12.34,12.35,12.36,12.37,12.38,12.39,12.4,12.41,12.43,2500,10600,7000,6600,1700,3800,1100,3100,100,2000,7500,12600,16400,1000,9200,3100,1700,14500,6900,3600
239.0,12.33,507700,6243075.0,12.33,12.32,12.31,12.3,12.28,12.27,12.26,12.25,12.24,12.23,12.34,12.35,12.36,12.37,12.38,12.39,12.4,12.41,12.43,12.44,1100,2500,17200,7000,4200,1700,3800,1100,3100,100,12600,16400,1000,9200,3100,1700,14500,6900,3600,3700
240.0,12.34,517200,6360305.0,12.33,12.32,12.31,12.3,12.28,12.27,12.26,12.25,12.24,12.23,12.34,12.35,12.36,12.37,12.38,12.39,12.4,12.41,12.43,12.44,2600,2500,17200,5000,4200,1700,3800,1100,3100,100,3100,16400,1000,9200,3100,1700,14500,6900,3600,3700
241.0,12.35,537300,6608495.0,12.34,12.33,12.32,12.31,12.3,12.28,12.27,12.26,12.25,12.24,12.35,12.36,12.37,12.38,12.39,12.4,12.41,12.43,12.44,12.45,4700,1900,2500,17200,5000,4200,1700,3800,1100,3100,100,1000,8100,3100,1700,14500,6900,3600,3700,7000
242.0,12.36,537700,6613438.0,12.34,12.33,12.32,12.31,12.3,12.28,12.27,12.26,12.25,12.24,12.36,12.37,12.38,12.39,12.4,12.41,12.43,12.44,12.45,12.47,4800,1900,2500,17200,5000,4200,1700,3800,1100,3100,700,8100,3100,1800,14500,6900,3600,3700,7000,900
243.0,12.36,538400,6622090.0,12.34,12.33,12.32,12.31,12.3,12.28,12.27,12.26,12.25,12.24,12.37,12.38,12.39,12.4,12.41,12.43,12.44,12.45,12.47,12.48,4800,400,2500,17200,5000,4200,1700,3800,1100,3100,8100,3100,1800,14500,6900,3600,3700,7000,900,11200
244.0,12.34,538600,6624558.0,12.35,12.34,12.33,12.32,12.31,12.3,12.28,12.27,12.26,12.25,12.37,12.38,12.39,12.4,12.41,12.43,12.44,12.45,12.47,12.48,3100,4600,400,2500,17200,5000,4200,1700,3800,1100,8100,3100,1800,14500,6900,3600,3700,7000,900,11200
245.0,12.38,548300,6744545.0,12.37,12.36,12.35,12.34,12.33,12.32,12.31,12.3,12.28,12.27,12.38,12.39,12.4,12.41,12.43,12.44,12.45,12.47,12.48,12.49,300,1200,3300,4600,14900,2500,17200,5000,4200,1700,2100,1800,14500,6900,3600,3700,7000,900,11200,4800
246.0,12.38,548300,6744545.0,12.37,12.36,12.35,12.34,12.33,12.32,12.31,12.3,12.28,12.27,12.38,12.39,12.4,12.41,12.43,12.44,12.45,12.47,12.48,12.49,300,1200,3300,4600,14900,2500,17200,5000,4000,1700,2100,1800,14500,6900,3600,3700,7000,900,11200,4800
247.0,12.38,550400,6770543.0,12.38,12.37,12.36,12.35,12.34,12.33,12.32,12.31,12.3,12.28,12.39,12.4,12.41,12.43,12.44,12.45,12.47,12.48,12.49,12.5,900,300,1200,5300,4600,14900,2500,17200,5000,4000,1800,14500,6900,3600,3700,7000,900,11200,4800,25100
248.0,12.38,550400,6770543.0,12.38,12.37,12.36,12.35,12.34,12.33,12.32,12.31,12.3,12.28,12.39,12.4,12.41,12.43,12.44,12.45,12.47,12.48,12.49,12.5,1100,300,1200,5300,4600,15900,2500,17200,5000,4000,1800,14500,6900,3600,3700,7000,900,11200,4800,25100
249.0,12.38,550400,6770543.0,12.38,12.37,12.36,12.35,12.34,12.33,12.32,12.31,12.3,12.28,12.39,12.4,12.41,12.43,12.44,12.45,12.47,12.48,12.49,12.5,4100,300,1200,5300,4600,15900,2500,17200,5000,4000,1800,14500,6900,3600,3700,7000,900,11200,4800,25100
250.0,12.38,552300,6794083.0,12.38,12.37,12.36,12.35,12.34,12.33,12.32,12.31,12.3,12.28,12.39,12.4,12.41,12.43,12.44,12.45,12.47,12.48,12.49,12.5,3200,300,1200,5300,4600,15900,2500,17200,5000,4000,100,14500,6900,3600,3700,7000,900,11200,4800,25100
251.0,12.4,553000,6802756.0,12.38,12.36,12.35,12.34,12.33,12.32,12.31,12.3,12.28,12.27,12.4,12.41,12.43,12.44,12.45,12.47,12.48,12.49,12.5,12.52,900,1200,5300,4600,15900,2500,17200,5000,4000,1700,14200,6900,3600,3700,7100,900,11200,4800,25100,700
252.0,12.4,553000,6802756.0,12.39,12.38,12.36,12.35,12.34,12.33,12.32,12.31,12.3,12.28,12.4,12.41,12.43,12.44,12.45,12.47,12.48,12.49,12.5,12.52,3100,1300,1200,5300,4600,15900,2500,17200,5000,4000,14200,6900,3600,3700,7100,900,11200,4800,25100,700
253.0,12.39,553600,6810190.0,12.39,12.38,12.35,12.34,12.33,12.32,12.31,12.3,12.28,12.27,12.4,12.41,12.43,12.44,12.45,12.47,12.48,12.49,12.5,12.52,2500,1300,5300,4600,15900,2500,17200,5000,4000,1700,14200,6900,3600,3700,7100,900,11200,4800,25100,700
254.0,12.39,553600,6810190.0,12.38,12.35,12.34,12.33,12.32,12.31,12.3,12.28,12.27,12.26,12.4,12.41,12.43,12.44,12.45,12.47,12.48,12.49,12.5,12.52,9700,3300,4600,15500,2500,17200,5000,4000,1700,3800,14200,6900,3600,3700,7100,900,11200,4800,25100,700
255.0,12.38,554400,6820094.0,12.39,12.38,12.35,12.34,12.33,12.32,12.31,12.3,12.28,12.27,12.4,12.41,12.43,12.44,12.45,12.47,12.48,12.49,12.5,12.52,1100,8900,3300,4600,15500,2500,10600,5000,4000,1700,14200,6900,3600,3700,7100,900,11200,4800,25100,700
256.0,12.4,554800,6825051.0,12.39,12.38,12.35,12.34,12.33,12.32,12.31,12.3,12.28,12.27,12.4,12.41,12.43,12.44,12.45,12.47,12.48,12.49,12.5,12.52,800,8900,3300,4600,15500,2500,10600,5000,4000,1700,14100,6900,3600,3700,7100,900,11200,4800,25100,700
257.0,12.4,556000,6839931.0,12.39,12.38,12.35,12.34,12.33,12.32,12.31,12.3,12.28,12.27,12.4,12.41,12.43,12.44,12.45,12.47,12.48,12.49,12.5,12.52,900,8900,3300,4500,15500,2500,10600,5000,4000,1700,13600,6900,3600,3700,7100,900,11200,4800,25100,700
258.0,12.4,562000,6914331.0,12.39,12.38,12.35,12.34,12.33,12.32,12.31,12.3,12.28,12.27,12.4,12.41,12.43,12.44,12.45,12.47,12.48,12.49,12.5,12.52,900,500,3300,4500,15500,2500,10600,5000,4000,1700,7600,6900,3600,3700,7100,900,11200,4800,25100,700
259.0,12.4,562000,6914331.0,12.39,12.38,12.35,12.34,12.33,12.32,12.31,12.3,12.28,12.27,12.4,12.41,12.43,12.44,12.45,12.47,12.48,12.49,12.5,12.52,900,500,3300,4500,1000,2500,10600,5000,4000,1700,8600,6900,3600,3700,7100,900,11200,4800,25100,700
260.0,12.4,570600,7020971.0,12.4,12.39,12.38,12.35,12.34,12.33,12.32,12.31,12.3,12.28,12.41,12.43,12.44,12.45,12.47,12.48,12.49,12.5,12.52,12.53,2400,900,500,3300,4500,1000,2500,10600,5000,4000,6900,3600,3700,7100,900,11200,4800,25100,700,100
261.0,12.4,571300,7029651.0,12.4,12.39,12.38,12.36,12.35,12.34,12.33,12.32,12.31,12.3,12.41,12.43,12.44,12.45,12.47,12.48,12.49,12.5,12.52,12.53,8500,1000,500,400,3300,4500,1000,2500,10600,5000,6900,3600,3700,7200,900,11200,4800,25100,700,100
262.0,12.41,571900,7037097.0,12.4,12.39,12.38,12.36,12.35,12.34,12.33,12.32,12.31,12.3,12.41,12.43,12.44,12.45,12.47,12.48,12.49,12.5,12.52,12.53,8500,1000,500,400,3300,4500,1000,2500,10600,5000,6300,3600,3700,7200,900,11200,4800,25100,700,100
263.0,12.41,572300,7042061.0,12.4,12.39,12.38,12.36,12.35,12.34,12.33,12.32,12.31,12.3,12.41,12.42,12.43,12.44,12.45,12.47,12.48,12.49,12.5,12.52,8700,1000,500,400,3300,4500,1200,2500,10600,5000,500,1900,3600,3700,7200,900,11200,4800,25100,700
264.0,12.4,573300,7054461.0,12.4,12.39,12.38,12.36,12.35,12.34,12.33,12.32,12.31,12.3,12.41,12.42,12.43,12.44,12.45,12.47,12.48,12.49,12.5,12.52,8700,1000,400,400,3300,4500,1200,2500,10600,5000,500,1900,3600,3100,7200,900,11200,4800,25100,700
265.0,12.4,576800,7097866.0,12.4,12.39,12.38,12.36,12.35,12.34,12.33,12.32,12.31,12.3,12.42,12.43,12.44,12.45,12.47,12.48,12.49,12.5,12.52,12.53,7800,1000,400,400,3300,4500,1200,2500,10600,5000,1900,3600,3100,7200,900,11200,4800,25100,700,100
266.0,12.4,577000,7100346.0,12.4,12.39,12.38,12.36,12.35,12.34,12.33,12.32,12.31,12.3,12.42,12.43,12.44,12.45,12.47,12.48,12.49,12.5,12.52,12.53,8600,1000,400,400,3300,4500,1200,2500,10600,5000,1900,3600,3100,7200,900,11200,4800,25100,700,100
267.0,12.4,578300,7116466.0,12.4,12.39,12.38,12.36,12.35,12.34,12.33,12.32,12.31,12.29,12.42,12.43,12.44,12.45,12.47,12.48,12.49,12.5,12.52,12.53,7300,1000,400,400,3300,4500,1200,2500,10600,5200,1900,3700,3100,7200,900,11200,4800,25100,700,100
268.0,12.4,578300,7116466.0,12.4,12.39,12.38,12.36,12.35,12.34,12.33,12.32,12.31,12.29,12.42,12.43,12.44,12.45,12.47,12.48,12.49,12.5,12.51,12.52,7600,1000,400,400,3300,4500,1200,2500,10600,5200,1900,3700,3100,7200,3600,11200,4800,25100,500,700
269.0,12.39,588000,7236737.0,12.38,12.36,12.35,12.34,12.33,12.32,12.31,12.29,12.28,12.27,12.39,12.4,12.41,12.42,12.43,12.44,12.45,12.47,12.48,12.49,400,400,3300,4500,1200,2500,10600,5200,4000,1700,1100,3500,3000,1500,3700,3100,7200,3600,11200,4800
270.0,12.4,589200,7251606.0,12.38,12.36,12.35,12.34,12.33,12.32,12.31,12.29,12.28,12.27,12.4,12.41,12.42,12.43,12.44,12.45,12.47,12.48,12.49,12.5,400,400,3300,4500,1200,2500,15600,5200,4000,1700,1300,3000,1500,3700,3100,7200,3600,11200,4800,25100
271.0,12.41,592400,7291305.0,12.38,12.36,12.35,12.34,12.33,12.32,12.31,12.29,12.28,12.27,12.41,12.42,12.43,12.44,12.45,12.47,12.48,12.49,12.5,12.51,400,400,800,4500,1200,2500,15600,5200,4000,1700,1100,1500,3700,3100,8200,3600,11200,4800,25100,500
272.0,12.41,593500,7304956.0,12.38,12.36,12.35,12.34,12.33,12.32,12.31,12.29,12.28,12.27,12.42,12.43,12.44,12.45,12.47,12.48,12.49,12.5,12.51,12.52,900,500,800,4500,1200,2500,15600,5200,4000,1700,2500,3700,8100,8200,3600,11200,4800,25100,500,500
273.0,12.41,593500,7304956.0,12.38,12.36,12.35,12.34,12.33,12.32,12.31,12.29,12.28,12.27,12.42,12.43,12.44,12.45,12.47,12.48,12.49,12.5,12.51,12.52,1700,500,800,4500,1200,2500,15600,5200,4000,1700,3300,3700,8100,8200,3600,11200,4800,25100,500,500
274.0,12.38,593600,7306194.0,12.38,12.36,12.35,12.34,12.33,12.32,12.31,12.29,12.28,12.27,12.41,12.42,12.43,12.44,12.45,12.47,12.48,12.49,12.5,12.51,3400,500,800,4500,1200,2500,15600,5200,4000,1700,100,5100,3700,8100,8200,4200,11200,4800,25100,500
275.0,12.42,597000,7348397.0,12.38,12.36,12.35,12.34,12.33,12.32,12.31,12.29,12.28,12.27,12.42,12.43,12.44,12.45,12.47,12.48,12.49,12.5,12.51,12.52,2800,500,800,4500,1200,2500,15600,5200,4000,1700,2400,3700,8100,8200,4200,11200,4800,26000,500,500
276.0,12.41,603300,7426565.0,12.39,12.38,12.36,12.35,12.34,12.33,12.32,12.31,12.29,12.28,12.4,12.41,12.42,12.43,12.44,12.45,12.47,12.48,12.49,12.5,200,4100,500,1000,4500,1200,2500,15600,5200,4000,2000,20500,4500,3700,8100,8200,4200,11200,4800,26000
277.0,12.39,607000,7472453.0,12.38,12.36,12.35,12.34,12.33,12.32,12.31,12.29,12.28,12.27,12.4,12.41,12.42,12.43,12.44,12.45,12.47,12.48,12.49,12.5,4000,500,1000,4500,1200,2500,15600,5200,4000,1700,600,5500,4500,3700,8100,8200,4200,11200,4800,26000
278.0,12.4,612000,7534434.0,12.38,12.36,12.35,12.34,12.33,12.32,12.31,12.29,12.28,12.27,12.4,12.41,12.42,12.43,12.44,12.45,12.47,12.48,12.49,12.5,3000,500,1000,4500,1200,2500,15600,5200,4000,1700,900,5000,4500,3700,8100,8200,4200,11200,4800,26000
279.0,12.41,616000,7584056.0,12.38,12.36,12.35,12.34,12.33,12.32,12.31,12.29,12.28,12.27,12.41,12.42,12.43,12.44,12.45,12.47,12.48,12.49,12.5,12.51,2700,500,1400,4500,1200,2500,15600,5200,4000,1700,1400,4500,3700,8100,8200,4200,11200,4800,26000,500
280.0,12.41,617600,7603912.0,12.41,12.38,12.36,12.35,12.34,12.33,12.32,12.31,12.29,12.28,12.42,12.43,12.44,12.45,12.47,12.48,12.49,12.5,12.51,12.52,100,2700,500,1400,4500,1200,2500,15600,5200,4000,4500,3700,8100,9200,4200,11200,4800,26000,500,500
281.0,12.42,618200,7611364.0,12.41,12.38,12.36,12.35,12.33,12.32,12.31,12.29,12.28,12.27,12.42,12.43,12.44,12.45,12.47,12.48,12.49,12.5,12.51,12.52,100,2700,500,1400,1200,2500,15600,5200,4000,1700,39400,3700,8100,9200,14200,11200,4800,26000,500,500
282.0,12.41,618600,7616330.0,12.38,12.36,12.35,12.33,12.32,12.31,12.29,12.28,12.27,12.26,12.4,12.41,12.42,12.43,12.44,12.45,12.46,12.47,12.48,12.49,2700,500,1400,1200,2500,15600,5200,4000,1700,3800,2400,2400,38200,3700,8100,9200,3800,14200,11200,4800
283.0,12.4,621000,7646090.0,12.4,12.38,12.36,12.35,12.33,12.32,12.31,12.29,12.28,12.27,12.41,12.42,12.43,12.44,12.45,12.46,12.47,12.48,12.49,12.5,4800,2700,500,1400,1200,2500,15600,5200,4000,1700,2400,13800,3700,8100,9200,3800,14200,11200,4800,26000
284.0,12.4,625800,7705610.0,12.38,12.36,12.35,12.33,12.32,12.31,12.29,12.28,12.27,12.26,12.4,12.41,12.42,12.43,12.44,12.45,12.46,12.47,12.48,12.49,2700,900,1400,1200,2500,15600,5200,4000,1700,3800,2400,2400,14300,3700,8100,9200,3800,14200,11200,4800
285.0,12.41,642100,7907869.0,12.38,12.36,12.35,12.33,12.32,12.31,12.29,12.28,12.27,12.26,12.41,12.42,12.43,12.44,12.45,12.46,12.47,12.48,12.49,12.5,2700,1200,1400,1000,2500,15600,5200,4000,1700,3800,26000,14300,3700,8100,12200,8600,14200,11200,4800,26000
286.0,12.38,642300,7910345.0,12.38,12.36,12.35,12.33,12.32,12.31,12.29,12.28,12.27,12.26,12.41,12.42,12.43,12.44,12.45,12.46,12.47,12.48,12.49,12.5,3800,1200,1400,1000,2500,15600,5200,4000,1700,3800,27300,14300,3700,8100,12200,8600,14200,11200,4800,26000
287.0,12.38,642300,7910345.0,12.38,12.37,12.36,12.35,12.33,12.32,12.31,12.29,12.28,12.27,12.4,12.41,12.42,12.43,12.44,12.45,12.46,12.47,12.48,12.49,3800,500,1200,1400,1000,2500,15600,5200,4000,1700,2400,12200,14300,3700,8100,12200,8600,14200,11200,4800
288.0,12.4,643400,7923971.0,12.38,12.37,12.36,12.35,12.33,12.32,12.31,12.29,12.28,12.27,12.4,12.41,12.42,12.43,12.44,12.45,12.46,12.47,12.48,12.49,3100,500,1200,1400,1000,2500,15600,5200,4000,1700,2500,11000,14300,3700,8100,12200,8600,14200,11200,4800
289.0,12.41,647200,7971086.0,12.38,12.37,12.36,12.35,12.33,12.32,12.31,12.29,12.28,12.27,12.41,12.42,12.43,12.44,12.45,12.46,12.47,12.48,12.49,12.5,2500,500,1200,1400,1000,2500,15600,5200,4000,1700,10300,14300,3700,8100,12200,8600,14200,11200,4800,26000
290.0,12.41,647800,7978532.0,12.38,12.37,12.36,12.35,12.33,12.32,12.31,12.29,12.28,12.27,12.41,12.42,12.43,12.44,12.45,12.46,12.47,12.48,12.49,12.5,3800,900,800,1400,1000,2600,15600,5200,4000,1700,2600,14300,3700,8100,12200,8600,14200,11200,4800,26000
291.0,12.41,647800,7978532.0,12.4,12.38,12.37,12.36,12.35,12.33,12.32,12.31,12.29,12.28,12.41,12.42,12.43,12.44,12.45,12.46,12.47,12.48,12.49,12.5,100,3800,900,800,1400,1000,2600,15600,5200,4000,2600,14300,3700,8100,12200,8600,14200,11200,14000,26000
292.0,12.4,652000,8030640.0,12.38,12.37,12.36,12.35,12.33,12.32,12.31,12.29,12.28,12.27,12.4,12.41,12.42,12.43,12.44,12.45,12.46,12.47,12.48,12.49,3800,900,800,1400,1000,100,15600,5200,4000,1700,1200,14800,14800,3700,8100,12200,8600,14200,11200,14000
293.0,12.38,652300,8034354.0,12.38,12.37,12.36,12.35,12.33,12.32,12.31,12.29,12.28,12.27,12.4,12.41,12.42,12.43,12.44,12.45,12.46,12.47,12.48,12.49,3500,900,800,1400,1000,100,15600,5200,4000,1700,1200,14800,15800,3700,8100,12300,8600,14200,11200,14000
294.0,12.38,652300,8034354.0,12.38,12.37,12.36,12.35,12.33,12.32,12.31,12.29,12.28,12.27,12.4,12.41,12.42,12.43,12.44,12.45,12.46,12.47,12.48,12.49,3500,900,800,1400,1000,100,15600,5200,4000,1700,1200,14800,15800,3700,8100,12300,8600,11500,11200,14000
295.0,12.38,652800,8040552.0,12.38,12.37,12.36,12.35,12.33,12.32,12.31,12.3,12.29,12.28,12.4,12.41,12.42,12.43,12.44,12.45,12.46,12.47,12.48,12.49,3400,1200,800,1400,1000,100,15600,300,5200,4000,800,14900,15800,3700,8100,12300,8600,11500,11200,14000
296.0,12.38,653200,8045504.0,12.38,12.37,12.36,12.35,12.33,12.32,12.31,12.3,12.29,12.28,12.4,12.41,12.42,12.43,12.44,12.45,12.46,12.47,12.48,12.49,3000,1500,800,1400,1000,100,15600,300,5200,4000,7800,16600,15800,3700,8100,12300,8600,11500,11200,14000
297.0,12.38,653600,8050456.0,12.38,12.37,12.36,12.35,12.33,12.32,12.31,12.3,12.29,12.28,12.4,12.41,12.42,12.43,12.44,12.45,12.46,12.47,12.48,12.49,2600,1500,1000,1400,1000,100,15600,300,5200,4000,11300,5400,10400,3700,8100,12300,8600,11500,11200,14000
298.0,12.38,653600,8050456.0,12.38,12.37,12.36,12.35,12.33,12.32,12.31,12.3,12.29,12.28,12.4,12.41,12.42,12.43,12.44,12.45,12.46,12.47,12.48,12.49,2600,1500,1000,1400,1000,100,15600,300,5200,4000,11300,5400,10400,3700,8100,12300,8600,11500,11200,14000
299.0,12.4,656200,8082688.0,12.38,12.37,12.36,12.35,12.33,12.32,12.31,12.3,12.29,12.28,12.4,12.41,12.42,12.43,12.44,12.45,12.46,12.47,12.48,12.49,2200,1500,1500,4000,1000,100,15600,300,5200,4000,9100,5400,10400,3700,8100,12300,8900,11500,11200,14000
300.0,12.4,665700,8200480.0,12.4,12.38,12.37,12.36,12.35,12.33,12.32,12.31,12.3,12.29,12.41,12.42,12.43,12.44,12.45,12.46,12.47,12.48,12.49,12.5,4500,8300,1500,1500,4000,1000,100,15600,300,5200,3100,11900,3700,8100,12300,8900,11500,11200,14000,26000
301.0,12.41,668800,8238951.0,12.41,12.4,12.38,12.37,12.36,12.35,12.33,12.31,12.3,12.29,12.42,12.43,12.44,12.45,12.46,12.47,12.48,12.49,12.5,12.51,3000,14500,8300,1500,1500,4000,1000,15600,300,5200,11900,3700,8100,12300,8900,11500,11200,14000,26000,500
302.0,12.42,671200,8268757.0,12.4,12.38,12.37,12.36,12.35,12.33,12.31,12.3,12.29,12.28,12.42,12.43,12.44,12.45,12.46,12.47,12.48,12.49,12.5,12.51,15000,10300,4800,1500,4000,1000,15600,500,5200,4000,9600,4300,8100,12300,8900,11500,11200,14000,26000,500
303.0,12.43,682800,8412815.0,12.41,12.4,12.38,12.37,12.36,12.35,12.33,12.31,12.3,12.29,12.43,12.44,12.45,12.46,12.47,12.48,12.49,12.5,12.51,12.52,2800,36100,10600,4800,1500,4000,1000,15600,500,5200,4100,8100,12300,8900,11500,11200,14000,26000,500,500
304.0,12.41,685100,8441400.0,12.41,12.4,12.38,12.37,12.36,12.35,12.33,12.31,12.3,12.29,12.43,12.44,12.45,12.46,12.47,12.48,12.49,12.5,12.51,12.52,2600,37100,10600,4800,1500,4000,1000,15600,500,5200,2000,8100,12300,8900,11500,11200,14000,26000,500,500
305.0,12.46,713900,8799893.0,12.45,12.4,12.38,12.37,12.36,12.35,12.33,12.31,12.3,12.29,12.46,12.47,12.48,12.49,12.5,12.51,12.52,12.53,12.54,12.55,3500,36600,15600,4800,1500,4000,1000,15600,500,5200,2700,11500,11200,14000,26000,500,500,5400,4800,300
306.0,12.46,717200,8841005.0,12.45,12.41,12.4,12.38,12.37,12.36,12.35,12.33,12.31,12.3,12.47,12.48,12.49,12.5,12.51,12.52,12.53,12.54,12.55,12.56,2900,1500,38600,15600,8300,1500,4000,1000,15600,500,11500,11200,14000,26000,500,500,5400,4800,300,2500
307.0,12.45,717700,8847231.0,12.45,12.41,12.4,12.38,12.37,12.36,12.35,12.33,12.31,12.3,12.47,12.48,12.49,12.5,12.51,12.52,12.53,12.54,12.55,12.56,2500,1500,38600,15600,8300,1500,4000,1000,15600,500,11500,11200,14000,26000,500,500,5400,4800,300,2500
308.0,12.46,718700,8859690.0,12.45,12.44,12.41,12.4,12.38,12.37,12.36,12.35,12.33,12.31,12.46,12.47,12.48,12.49,12.5,12.51,12.52,12.53,12.54,12.55,2400,1000,1500,38600,15600,8300,1500,4000,1000,15600,200,11100,11200,16000,26000,500,500,5400,4800,300
309.0,12.46,718900,8862182.0,12.45,12.44,12.4,12.38,12.37,12.36,12.35,12.33,12.31,12.3,12.47,12.48,12.49,12.5,12.51,12.52,12.53,12.54,12.55,12.56,2400,1000,38600,15600,8300,1500,4000,1000,15600,500,11100,11200,16000,26000,500,500,5400,4800,300,2500
310.0,12.45,719100,8864672.0,12.45,12.44,12.43,12.41,12.4,12.38,12.37,12.36,12.35,12.33,12.47,12.48,12.49,12.5,12.51,12.52,12.53,12.54,12.55,12.56,2300,1300,1000,9400,41600,15600,8300,1000,4000,1000,11100,11200,16000,26000,500,500,5400,4800,300,2500
311.0,12.47,721000,8888357.0,12.45,12.44,12.43,12.41,12.4,12.38,12.37,12.36,12.35,12.33,12.47,12.48,12.49,12.5,12.51,12.52,12.53,12.54,12.55,12.56,1900,300,1000,9400,41600,15600,8000,1000,4000,1000,9600,11200,16000,26000,2000,500,5400,4800,300,2500
312.0,12.47,722800,8910801.0,12.45,12.44,12.43,12.41,12.4,12.38,12.37,12.36,12.35,12.33,12.47,12.48,12.49,12.5,12.51,12.52,12.53,12.54,12.55,12.56,1800,300,1000,1100,41600,15300,8000,1000,4000,1000,7900,11200,16000,26000,2000,500,5400,4800,300,2500
313.0,12.47,729900,8999316.0,12.45,12.44,12.43,12.41,12.4,12.38,12.37,12.36,12.35,12.33,12.47,12.48,12.49,12.5,12.51,12.52,12.53,12.54,12.55,12.56,1700,300,1000,1100,41600,10300,8000,1000,4000,1000,2900,11200,16000,25200,2000,500,5400,4800,300,2500
314.0,12.47,729900,8999316.0,12.45,12.44,12.43,12.41,12.4,12.38,12.37,12.36,12.35,12.33,12.47,12.48,12.49,12.5,12.51,12.52,12.53,12.54,12.55,12.56,1700,300,1000,1100,38900,10300,8000,1000,4000,1000,2900,11200,15600,25200,2000,500,5400,4800,300,2500
315.0,12.47,729900,8999316.0,12.45,12.44,12.43,12.41,12.4,12.38,12.37,12.36,12.35,12.33,12.46,12.47,12.48,12.49,12.5,12.51,12.52,12.53,12.54,12.55,500,300,1000,1100,17200,10300,8000,1000,4000,1000,100,2900,11200,15600,25200,2000,500,5400,4800,300
316.0,12.43,735900,9074076.0,12.41,12.4,12.38,12.37,12.36,12.35,12.33,12.31,12.3,12.29,12.42,12.44,12.45,12.46,12.47,12.48,12.49,12.5,12.51,12.52,1100,17200,10300,8000,1000,4000,1000,15600,500,5200,500,1000,18500,6900,11400,11200,15600,25200,2000,500
317.0,12.45,743300,9166177.0,12.41,12.4,12.38,12.37,12.36,12.35,12.33,12.31,12.3,12.29,12.45,12.46,12.47,12.48,12.49,12.5,12.51,12.52,12.53,12.54,1000,17100,10300,8000,1000,4000,1000,15600,500,5200,12700,6900,12400,11200,15600,25000,2000,500,5400,4800
318.0,12.45,743600,9169912.0,12.41,12.4,12.38,12.37,12.36,12.35,12.33,12.31,12.3,12.29,12.45,12.46,12.47,12.48,12.49,12.5,12.51,12.52,12.53,12.54,1900,17100,10300,8000,1000,4000,2000,15600,500,5200,13300,7700,12400,11200,15600,25000,2000,500,5400,4800
319.0,12.45,745800,9197302.0,12.41,12.4,12.38,12.37,12.36,12.35,12.33,12.31,12.3,12.29,12.45,12.46,12.47,12.48,12.49,12.5,12.51,12.52,12.53,12.54,4200,17100,10300,8000,1000,4000,2000,15600,500,5200,13400,7700,12400,11200,15600,25000,2000,500,5400,4800
320.0,12.45,758800,9359120.0,12.41,12.4,12.38,12.37,12.36,12.35,12.33,12.31,12.3,12.29,12.45,12.46,12.47,12.48,12.49,12.5,12.51,12.52,12.53,12.54,4600,17100,10300,8000,1400,4000,2000,15600,500,5200,3100,7700,12500,11200,15600,25000,2000,500,5400,4800
321.0,12.46,762800,9408929.0,12.44,12.41,12.4,12.38,12.37,12.36,12.35,12.33,12.31,12.3,12.46,12.47,12.48,12.49,12.5,12.51,12.52,12.53,12.54,12.55,900,4600,17100,10300,8000,1400,4000,2000,15600,500,6800,14500,11200,15600,25000,2000,500,5400,4800,300
322.0,12.44,762900,9410173.0,12.44,12.41,12.4,12.38,12.37,12.36,12.35,12.33,12.31,12.3,12.45,12.46,12.47,12.48,12.49,12.5,12.51,12.52,12.53,12.54,800,4600,17100,5700,8000,1400,4000,2000,15600,500,100,6800,14500,11200,15600,20000,2000,500,5400,4800
323.0,12.45,763100,9412662.0,12.45,12.44,12.41,12.4,12.38,12.37,12.36,12.35,12.33,12.31,12.46,12.47,12.48,12.49,12.5,12.51,12.53,12.54,12.55,12.56,900,1100,4600,17100,5700,8000,1400,4000,2000,15600,6800,14500,11200,15600,20000,2000,5400,4800,800,2500
324.0,12.47,772400,9528565.0,12.46,12.45,12.44,12.41,12.4,12.38,12.37,12.36,12.35,12.33,12.47,12.48,12.49,12.5,12.51,12.53,12.54,12.55,12.56,12.57,5000,900,1200,4600,17100,5700,8000,1400,4000,2000,12800,11200,15600,20000,2000,5400,4800,800,2500,4900
325.0,12.46,775600,9568437.0,12.46,12.45,12.44,12.41,12.4,12.38,12.37,12.36,12.35,12.33,12.47,12.48,12.49,12.5,12.51,12.53,12.54,12.55,12.56,12.57,2200,1000,1200,4600,17100,5700,8000,1400,4000,2000,12800,11200,15600,20000,2000,5400,4800,800,2500,4900
326.0,12.44,780200,9625728.0,12.41,12.4,12.38,12.37,12.36,12.35,12.33,12.31,12.3,12.29,12.44,12.47,12.48,12.49,12.5,12.51,12.53,12.54,12.55,12.56,4600,17100,5700,8000,1400,4000,2000,15500,200,5200,1600,14200,11200,15600,19500,2000,5400,4800,800,2500
327.0,12.44,781100,9636909.0,12.41,12.4,12.38,12.37,12.36,12.35,12.33,12.31,12.3,12.29,12.44,12.45,12.47,12.48,12.49,12.5,12.51,12.53,12.54,12.55,6700,17100,5700,8000,1400,4000,2000,15500,200,5200,5100,100,14200,11200,15600,18500,2000,5400,4800,800
328.0,12.44,781100,9636909.0,12.41,12.4,12.38,12.37,12.36,12.35,12.33,12.31,12.29,12.28,12.44,12.45,12.47,12.48,12.49,12.5,12.51,12.53,12.54,12.55,6700,17100,5700,8000,1400,4000,2000,15500,5200,4000,5100,2100,14200,11200,15600,19300,2000,5400,4800,800
329.0,12.44,781500,9641885.0,12.43,12.41,12.4,12.38,12.37,12.36,12.35,12.33,12.31,12.29,12.44,12.45,12.47,12.48,12.49,12.5,12.51,12.53,12.54,12.55,400,6700,13500,5700,8000,1400,4000,2000,15500,5200,4900,2100,14200,11200,15600,19300,2000,5400,4800,800
330.0,12.47,801500,9890982.0,12.43,12.41,12.4,12.38,12.37,12.36,12.35,12.33,12.31,12.29,12.47,12.48,12.49,12.5,12.51,12.53,12.54,12.55,12.56,12.57,400,6700,13500,5700,8000,1400,4000,2000,15500,5200,10000,11400,15600,24300,2000,5400,4800,800,2500,4900
331.0,12.44,801800,9894720.0,12.43,12.41,12.4,12.38,12.37,12.36,12.35,12.33,12.31,12.29,12.47,12.48,12.49,12.5,12.51,12.52,12.53,12.54,12.55,12.56,3200,6700,13900,5700,8000,1400,5000,2000,15500,5200,12600,12000,15600,24300,2000,2100,5400,4800,800,2500
332.0,12.44,801800,9894720.0,12.44,12.43,12.41,12.4,12.38,12.37,12.36,12.35,12.33,12.31,12.46,12.47,12.48,12.49,12.5,12.51,12.52,12.53,12.54,12.55,6100,4500,6700,14400,5700,8000,1400,5000,2100,15500,100,13700,12000,15600,24300,2000,2100,5400,4800,800
333.0,12.44,802400,9902184.0,12.44,12.43,12.41,12.4,12.38,12.37,12.36,12.35,12.33,12.31,12.46,12.47,12.48,12.49,12.5,12.51,12.52,12.53,12.54,12.55,8800,4500,6700,14400,5700,8000,1400,5000,2100,15500,100,13700,12000,15600,24300,2000,2100,5400,4800,800
334.0,12.48,822400,10151631.0,12.44,12.43,12.41,12.4,12.38,12.37,12.36,12.35,12.33,12.31,12.48,12.49,12.5,12.51,12.52,12.53,12.54,12.55,12.56,12.57,8800,8200,6700,14400,5700,8000,1400,5000,2200,15500,7000,15600,25300,2000,2100,5400,4800,800,2500,4900
335.0,12.46,825800,10193947.0,12.45,12.44,12.43,12.41,12.4,12.38,12.37,12.36,12.35,12.33,12.47,12.48,12.49,12.5,12.51,12.52,12.53,12.54,12.55,12.56,4600,11300,7800,6700,14400,5700,8000,1400,5000,2200,2000,11200,15600,25300,2000,2100,5400,4800,800,2800
336.0,12.48,835300,10312452.0,12.46,12.45,12.44,12.43,12.41,12.4,12.38,12.37,12.36,12.35,12.48,12.49,12.5,12.51,12.52,12.53,12.54,12.55,12.56,12.57,5000,3900,8800,7800,8100,14400,5700,8000,1400,5000,5600,15600,25300,2000,2100,5400,4800,800,2800,4900
337.0,12.49,846300,10449642.0,12.47,12.46,12.45,12.44,12.43,12.41,12.4,12.38,12.37,12.36,12.49,12.5,12.51,12.52,12.53,12.54,12.55,12.56,12.57,12.58,8300,200,3900,10800,7800,8100,14400,5700,8000,1400,15000,26100,2000,2100,5400,4900,800,2800,4900,12300
338.0,12.49,859200,10610735.0,12.47,12.46,12.45,12.44,12.43,12.41,12.4,12.38,12.37,12.36,12.49,12.5,12.51,12.52,12.53,12.54,12.55,12.56,12.57,12.58,6900,200,3900,10800,7800,8100,14400,5700,8000,1400,4300,26100,2000,2100,5400,4900,800,2800,4900,12300
339.0,12.47,864400,10675599.0,12.47,12.46,12.45,12.44,12.43,12.41,12.4,12.38,12.37,12.36,12.49,12.5,12.51,12.52,12.53,12.54,12.55,12.56,12.57,12.58,3700,200,3900,10800,7800,8100,14400,5700,8000,1400,3300,26100,2000,2100,5400,4900,800,2800,4900,12300
340.0,12.5,875400,10812994.0,12.47,12.46,12.45,12.44,12.43,12.41,12.4,12.38,12.37,12.36,12.5,12.51,12.52,12.53,12.54,12.55,12.56,12.57,12.58,12.59,2700,700,3900,10800,7800,8700,14400,5700,8000,1400,21500,2000,2100,5400,4900,800,2800,4900,12300,4000
341.0,12.48,880700,10879134.0,12.47,12.46,12.45,12.44,12.43,12.41,12.4,12.38,12.37,12.36,12.48,12.5,12.51,12.52,12.53,12.54,12.55,12.56,12.57,12.58,2100,700,3900,10900,7800,8700,14400,5700,8000,1400,400,21400,2000,2100,5400,4900,800,2800,4900,12300
342.0,12.48,881400,10887866.0,12.47,12.46,12.45,12.44,12.43,12.41,12.4,12.38,12.37,12.36,12.48,12.5,12.51,12.52,12.53,12.54,12.55,12.56,12.57,12.58,1700,700,3900,10900,7800,8700,14400,5700,8000,1400,100,21400,2000,2100,5400,4900,800,2800,4900,12300
343.0,12.5,901400,11137864.0,12.49,12.47,12.46,12.45,12.44,12.43,12.41,12.4,12.38,12.37,12.5,12.51,12.52,12.53,12.54,12.55,12.56,12.57,12.58,12.59,100,1700,500,3900,10900,7800,8700,14400,5700,8000,1500,2000,2100,5400,4900,800,2800,4900,12300,4000
344.0,12.47,906600,11202755.0,12.46,12.45,12.44,12.43,12.41,12.4,12.38,12.37,12.36,12.35,12.47,12.5,12.51,12.52,12.53,12.54,12.55,12.56,12.57,12.58,700,3900,10900,7800,8700,14400,5700,8000,1400,5000,900,8000,2000,2100,5400,4900,800,2800,4900,12300
345.0,12.47,907100,11208990.0,12.46,12.45,12.44,12.43,12.41,12.4,12.38,12.37,12.36,12.35,12.47,12.5,12.51,12.52,12.53,12.54,12.55,12.56,12.57,12.58,700,3900,10900,7800,8700,14400,5700,8000,1400,5000,400,11000,2300,2100,5400,4900,800,2800,4900,12300
346.0,12.47,907400,11212730.0,12.46,12.45,12.44,12.43,12.41,12.4,12.38,12.37,12.36,12.35,12.47,12.48,12.5,12.51,12.52,12.53,12.54,12.55,12.56,12.57,600,3900,10900,7800,8700,14400,5700,8000,1400,5000,200,100,17000,2300,2100,5400,4900,800,2800,4900
347.0,12.5,908300,11223962.0,12.46,12.45,12.44,12.43,12.41,12.4,12.38,12.37,12.36,12.35,12.5,12.51,12.52,12.53,12.54,12.55,12.56,12.57,12.58,12.59,600,3900,10200,7800,8700,14400,5700,8000,1400,5000,16900,2300,2100,5400,4900,800,2800,4900,12300,4000
348.0,12.5,909000,11232712.0,12.46,12.45,12.44,12.43,12.41,12.4,12.38,12.37,12.36,12.35,12.5,12.51,12.52,12.53,12.54,12.55,12.56,12.57,12.58,12.59,200,3900,10200,7800,8700,14400,5700,8000,1400,5000,19800,2600,3200,5400,4900,800,2800,4900,12300,4000
349.0,12.5,918500,11351462.0,12.46,12.45,12.44,12.43,12.41,12.4,12.38,12.37,12.36,12.35,12.49,12.5,12.51,12.52,12.53,12.54,12.55,12.56,12.57,12.58,5200,3900,8200,7800,8700,14400,5700,8000,1400,5000,400,12300,3800,4600,5400,4900,800,2800,4900,12300
350.0,12.49,954800,11805648.0,12.46,12.45,12.44,12.43,12.41,12.4,12.38,12.37,12.36,12.35,12.48,12.53,12.54,12.55,12.56,12.57,12.58,12.59,12.6,12.61,5200,3900,8200,7800,8700,14400,5700,8000,1400,5000,500,4600,4000,800,2800,6000,12300,4000,4100,600
351.0,12.5,961100,11884338.0,12.49,12.47,12.46,12.45,12.44,12.43,12.41,12.4,12.38,12.37,12.5,12.53,12.54,12.55,12.56,12.57,12.58,12.59,12.6,12.61,5200,8700,5200,3900,8200,7800,8700,14400,5700,8000,200,4600,4000,800,2800,6000,12300,4000,4300,600
352.0,12.49,961700,11891832.0,12.49,12.47,12.46,12.45,12.44,12.43,12.41,12.4,12.38,12.37,12.5,12.52,12.53,12.54,12.55,12.56,12.57,12.58,12.59,12.6,4600,8700,5200,4900,8200,7800,8700,14400,5700,8000,200,200,4600,4000,800,2800,6000,12300,4000,4300
353.0,12.5,964400,11925596.0,12.5,12.49,12.48,12.47,12.46,12.45,12.44,12.43,12.41,12.4,12.52,12.53,12.54,12.55,12.56,12.57,12.58,12.59,12.6,12.61,700,3500,2000,8700,5200,4900,8200,7800,8700,14400,2100,4800,6100,1600,4800,6000,12300,4000,4300,600
354.0,12.5,965100,11934346.0,12.49,12.48,12.47,12.46,12.45,12.44,12.43,12.41,12.4,12.38,12.5,12.52,12.53,12.54,12.55,12.56,12.57,12.58,12.59,12.6,2500,2000,8700,5200,4900,8200,7800,8700,14400,5700,4500,2100,4800,6100,1600,4800,6000,12300,4000,3800
355.0,12.49,966700,11954343.0,12.49,12.48,12.47,12.46,12.45,12.44,12.43,12.41,12.4,12.38,12.5,12.52,12.53,12.54,12.55,12.56,12.57,12.58,12.59,12.6,2200,2000,8700,5200,4900,8200,7800,8700,14400,5700,4000,2300,4800,6100,1600,4800,6000,12300,4000,3800
356.0,12.5,970800,12005592.0,12.5,12.49,12.48,12.47,12.46,12.45,12.44,12.43,12.41,12.4,12.52,12.53,12.54,12.55,12.56,12.57,12.58,12.59,12.6,12.61,9600,3700,2100,8700,5200,4900,8200,7800,8100,14400,2300,4800,6100,1600,4800,6000,12300,4000,3800,600
357.0,12.5,971500,12014342.0,12.51,12.5,12.49,12.48,12.47,12.46,12.45,12.44,12.43,12.41,12.52,12.53,12.54,12.55,12.56,12.57,12.58,12.59,12.6,12.61,300,9200,3700,2100,8700,5200,4900,8200,7800,8100,3500,4800,6100,1800,4800,6000,12300,4000,3800,600
358.0,12.52,972500,12026862.0,12.51,12.5,12.49,12.48,12.47,12.46,12.45,12.44,12.43,12.41,12.52,12.53,12.54,12.55,12.56,12.57,12.58,12.59,12.6,12.61,300,10000,3700,2100,8700,5200,4900,8100,7800,8100,2500,4800,6900,1900,4800,6000,12300,4000,4100,600
359.0,12.52,975700,12066875.0,12.5,12.49,12.48,12.47,12.46,12.45,12.44,12.43,12.41,12.4,12.52,12.53,12.54,12.55,12.56,12.57,12.58,12.59,12.6,12.61,6100,4800,2100,8700,5200,4900,8100,7800,8100,14400,2000,4800,6900,2700,4800,6000,12300,4000,4100,600
360.0,12.53,978400,12100671.0,12.5,12.49,12.48,12.47,12.46,12.45,12.44,12.43,12.41,12.4,12.53,12.54,12.55,12.56,12.57,12.58,12.59,12.6,12.61,12.62,5600,4800,2100,8700,5200,4900,8100,7800,8100,14400,4600,6900,2700,8400,6000,12300,4000,4100,600,1100
361.0,12.53,980200,12123201.0,12.51,12.5,12.49,12.48,12.47,12.46,12.45,12.44,12.43,12.41,12.53,12.54,12.55,12.56,12.57,12.58,12.59,12.6,12.61,12.62,400,4800,4800,2100,8700,5200,4900,8100,7800,8100,6000,6900,2700,8400,6000,12300,4000,4100,600,1100
362.0,12.53,981200,12135731.0,12.52,12.51,12.5,12.49,12.48,12.47,12.46,12.45,12.44,12.43,12.53,12.54,12.55,12.56,12.57,12.58,12.59,12.6,12.61,12.62,200,400,11000,5500,2100,8700,5200,4900,8100,7800,2600,6900,2700,8400,6000,12300,4000,4100,600,1100
363.0,12.53,981200,12135731.0,12.52,12.51,12.5,12.49,12.48,12.47,12.46,12.45,12.44,12.43,12.53,12.54,12.55,12.56,12.57,12.58,12.59,12.6,12.61,12.62,200,400,11000,5500,2100,8700,5200,4900,8100,7800,2800,6900,2700,8400,6000,12300,4000,4100,600,1100
364.0,12.53,981700,12141994.0,12.52,12.51,12.5,12.49,12.48,12.47,12.46,12.45,12.44,12.43,12.53,12.54,12.55,12.56,12.57,12.58,12.59,12.6,12.61,12.62,11000,400,11000,5500,2100,8700,5200,4900,8100,7800,2500,6900,1900,8400,7400,12300,4000,4100,600,1100
365.0,12.53,982600,12153264.0,12.52,12.51,12.5,12.49,12.48,12.47,12.46,12.45,12.44,12.43,12.53,12.54,12.55,12.56,12.57,12.58,12.59,12.6,12.61,12.62,10300,400,12300,5500,2100,8700,5200,4900,8100,7800,2300,6900,1900,8400,7400,12300,4000,4100,600,1100
366.0,12.53,982600,12153264.0,12.52,12.51,12.5,12.49,12.48,12.47,12.46,12.45,12.44,12.43,12.53,12.54,12.55,12.56,12.57,12.58,12.59,12.6,12.61,12.62,10300,400,12300,5500,2100,8700,5200,4900,8100,7800,2300,6900,1900,8400,7400,12300,4000,4100,600,1100
367.0,12.53,983900,12169544.0,12.52,12.51,12.5,12.49,12.48,12.47,12.46,12.45,12.44,12.43,12.53,12.54,12.55,12.56,12.57,12.58,12.59,12.6,12.61,12.62,9400,400,12300,5500,2100,8700,5200,4900,8100,7800,2000,5100,1900,6400,6300,12300,4000,4100,600,1100
368.0,12.53,985600,12190838.0,12.52,12.51,12.5,12.49,12.48,12.47,12.46,12.45,12.44,12.43,12.53,12.54,12.55,12.56,12.57,12.58,12.59,12.6,12.61,12.62,8700,600,12300,5500,2100,8700,5200,4900,8100,7800,1400,7900,1900,6400,8800,12300,4000,4100,600,1100
369.0,12.52,988200,12223399.0,12.52,12.51,12.5,12.49,12.48,12.47,12.46,12.45,12.44,12.43,12.53,12.54,12.55,12.56,12.57,12.58,12.59,12.6,12.61,12.62,7600,600,12300,5500,2100,8700,5200,4900,8100,7800,6100,7900,2900,6400,8800,12300,4000,4100,600,1100
370.0,12.51,998000,12346085.0,12.5,12.49,12.48,12.47,12.46,12.45,12.44,12.43,12.41,12.4,12.51,12.52,12.53,12.54,12.55,12.56,12.57,12.58,12.59,12.6,12300,5500,2100,8700,5300,4900,8100,7800,10100,14400,2600,2700,6300,7900,7200,6400,8800,12300,4000,4100
371.0,12.51,1002000,12396113.0,12.5,12.49,12.48,12.47,12.46,12.45,12.44,12.43,12.41,12.4,12.51,12.52,12.53,12.54,12.55,12.56,12.57,12.58,12.59,12.6,10500,4500,2100,8700,5300,4900,8100,7800,10100,14400,800,2700,6400,8300,7200,6400,8800,12300,4000,4100
372.0,12.52,1005000,12433651.0,12.5,12.49,12.48,12.47,12.46,12.45,12.44,12.43,12.41,12.4,12.51,12.52,12.53,12.54,12.55,12.56,12.57,12.58,12.59,12.6,9800,4500,2100,8700,5300,4900,8100,7800,10100,14400,5700,2900,3700,15200,7200,6400,8800,13200,4000,4100
373.0,12.5,1017100,12584911.0,12.49,12.48,12.47,12.46,12.45,12.44,12.43,12.41,12.4,12.38,12.5,12.51,12.52,12.53,12.54,12.55,12.56,12.57,12.58,12.59,2500,2100,8700,5300,4900,4800,7800,10100,14400,5700,1100,4700,2900,3600,15200,7500,6400,8800,13200,4000
374.0,12.49,1020700,12629875.0,12.48,12.47,12.46,12.45,12.44,12.43,12.41,12.4,12.38,12.37,12.49,12.5,12.51,12.52,12.53,12.54,12.55,12.56,12.57,12.58,1600,8700,5300,4900,4800,7800,10100,14400,5700,8000,1200,800,4900,3000,3600,15200,10300,6400,8800,13200
375.0,12.51,1023500,12664866.0,12.48,12.47,12.46,12.45,12.44,12.43,12.41,12.4,12.38,12.37,12.51,12.52,12.53,12.54,12.55,12.56,12.57,12.58,12.59,12.6,1500,8700,5300,4900,4800,7800,10100,14400,5700,8000,4300,3000,3600,15200,10800,6400,8800,13200,4000,4100
376.0,12.46,1035000,12808273.0,12.46,12.45,12.44,12.43,12.41,12.4,12.38,12.37,12.36,12.35,12.47,12.48,12.49,12.5,12.51,12.52,12.53,12.54,12.55,12.56,4000,4900,4800,7800,10100,14400,5700,8000,1400,4600,15000,1200,100,200,4300,3000,4400,15200,12000,6400
377.0,12.45,1042100,12896720.0,12.45,12.44,12.43,12.41,12.4,12.38,12.37,12.36,12.35,12.34,12.47,12.48,12.5,12.51,12.52,12.53,12.54,12.55,12.56,12.57,2800,4900,7800,10100,14400,5700,8000,1400,4600,300,14400,1200,100,4900,3000,4400,15400,8700,6400,10400
378.0,12.45,1043700,12916648.0,12.45,12.44,12.43,12.41,12.4,12.38,12.37,12.36,12.35,12.34,12.47,12.48,12.5,12.51,12.52,12.53,12.54,12.55,12.56,12.57,4600,4900,7800,10100,14400,5700,8000,1400,4600,300,14000,1200,100,4700,3000,4400,19400,8700,6400,10400
379.0,12.45,1048300,12973918.0,12.44,12.43,12.41,12.4,12.38,12.37,12.36,12.35,12.34,12.33,12.47,12.5,12.51,12.52,12.53,12.54,12.55,12.56,12.57,12.58,4900,7800,10100,14400,5700,8000,1400,9500,300,2000,14000,100,4700,3000,4200,19400,4200,6400,10400,13500
380.0,12.46,1058300,13098518.0,12.44,12.43,12.41,12.4,12.38,12.37,12.36,12.35,12.34,12.33,12.45,12.46,12.47,12.49,12.5,12.51,12.52,12.53,12.54,12.55,6500,7800,10100,14400,5700,8000,1400,9500,300,2000,600,11100,15600,5000,100,4100,3000,4200,18800,4200
381.0,12.44,1059600,13114690.0,12.44,12.43,12.41,12.4,12.38,12.37,12.36,12.35,12.34,12.33,12.45,12.46,12.47,12.49,12.5,12.51,12.52,12.53,12.54,12.55,5200,7800,10100,14400,5700,8000,1400,9500,300,2000,600,11100,15600,5000,100,4100,3000,4200,18800,3900
382.0,12.44,1063600,13164512.0,12.44,12.43,12.41,12.4,12.38,12.37,12.36,12.35,12.34,12.33,12.46,12.47,12.49,12.5,12.51,12.52,12.53,12.54,12.55,12.56,4600,4400,10100,14400,5700,8000,1400,9500,300,2000,8300,15600,5000,100,4100,3000,4700,18800,3900,16400
383.0,12.46,1064900,13180710.0,12.44,12.43,12.41,12.4,12.38,12.37,12.36,12.35,12.34,12.33,12.46,12.47,12.49,12.5,12.51,12.52,12.53,12.54,12.55,12.56,4600,4800,10100,14400,5700,8000,1400,9500,300,2000,7000,15600,5000,100,4100,3000,4700,16900,3900,16400
384.0,12.45,1065400,13186935.0,12.44,12.43,12.41,12.4,12.38,12.37,12.36,12.35,12.34,12.33,12.45,12.46,12.47,12.49,12.5,12.51,12.52,12.53,12.54,12.55,4600,4800,9800,14400,5700,8000,1400,9500,300,2000,1500,1400,15600,5000,100,4100,3000,4700,16900,3900
385.0,12.45,1068300,13223036.0,12.44,12.43,12.41,12.4,12.38,12.37,12.36,12.35,12.34,12.33,12.46,12.47,12.49,12.5,12.51,12.52,12.53,12.54,12.55,12.56,4200,4800,9800,14400,5700,8000,1400,9500,300,2000,1400,15600,5000,100,4100,3000,4700,16900,3900,16400
386.0,12.46,1068700,13228020.0,12.44,12.43,12.41,12.4,12.38,12.37,12.36,12.35,12.34,12.33,12.46,12.47,12.49,12.5,12.51,12.52,12.53,12.54,12.55,12.56,4200,4800,10100,14400,5700,8000,1400,9500,300,2000,1000,15600,5000,100,4100,3000,4700,16900,3900,16400
387.0,12.44,1069800,13241710.0,12.44,12.43,12.41,12.4,12.38,12.37,12.36,12.35,12.34,12.33,12.46,12.47,12.49,12.51,12.52,12.53,12.54,12.55,12.56,12.57,3400,4800,10100,14400,5700,8000,1400,9500,300,2000,700,15600,5000,4100,3000,4700,16900,3900,16400,10500
388.0,12.45,1072100,13270357.0,12.44,12.43,12.41,12.4,12.38,12.37,12.36,12.35,12.34,12.33,12.45,12.47,12.49,12.51,12.52,12.53,12.54,12.55,12.56,12.57,3100,4800,11100,14400,5700,8000,1400,9500,300,2000,500,15600,5000,4100,3000,4700,17900,3900,16400,10500
389.0,12.44,1072400,13274089.0,12.44,12.43,12.41,12.4,12.38,12.37,12.36,12.35,12.34,12.33,12.45,12.47,12.49,12.51,12.52,12.53,12.54,12.55,12.56,12.57,2800,4800,11100,14400,5700,8000,1400,9500,300,1000,500,15600,5000,4100,3000,4700,25400,3900,16400,10500
390.0,12.45,1075200,13308925.0,12.44,12.43,12.41,12.4,12.38,12.37,12.36,12.35,12.34,12.33,12.45,12.47,12.49,12.51,12.52,12.53,12.54,12.55,12.56,12.57,400,4900,11100,14400,5700,8000,1400,9500,300,1000,600,15600,5000,4100,3000,4700,25400,3900,16400,10500
391.0,12.43,1075700,13315144.0,12.43,12.41,12.4,12.38,12.37,12.36,12.35,12.34,12.33,12.31,12.44,12.45,12.46,12.47,12.49,12.51,12.52,12.53,12.54,12.55,4800,11100,14400,5700,8000,1400,9500,300,1000,15700,3500,600,500,15600,5000,4100,3000,4700,25400,3900
392.0,12.43,1077000,13331303.0,12.43,12.41,12.4,12.38,12.37,12.36,12.35,12.34,12.33,12.31,12.44,12.45,12.46,12.47,12.49,12.51,12.52,12.53,12.54,12.55,3500,11100,14400,5700,8000,1400,9500,300,1000,15700,3500,600,500,15600,5000,4100,3000,4700,25400,3900
393.0,12.45,1087300,13459503.0,12.45,12.43,12.41,12.4,12.38,12.37,12.36,12.35,12.34,12.33,12.46,12.47,12.49,12.52,12.53,12.54,12.55,12.56,12.57,12.58,3800,3500,11400,14200,5700,8000,1400,9500,300,1000,500,15600,5000,3000,4700,25400,3900,16400,10500,13300
394.0,12.45,1088000,13468218.0,12.45,12.43,12.41,12.4,12.38,12.37,12.36,12.35,12.34,12.33,12.46,12.47,12.49,12.52,12.53,12.54,12.55,12.56,12.57,12.58,3100,4500,9400,14200,5700,8000,1400,9500,300,1000,500,15600,5000,3000,4700,25400,3900,16400,10500,13300
395.0,12.45,1091500,13511793.0,12.43,12.41,12.4,12.38,12.37,12.36,12.35,12.34,12.33,12.31,12.45,12.46,12.47,12.49,12.52,12.53,12.54,12.55,12.56,12.57,4500,10000,14200,5700,8000,1400,9500,300,1000,15700,4300,500,15600,5000,3000,4700,25400,3900,16400,10500
396.0,12.45,1091500,13511793.0,12.43,12.41,12.4,12.38,12.37,12.36,12.35,12.34,12.33,12.31,12.45,12.46,12.47,12.49,12.52,12.53,12.54,12.55,12.56,12.57,6000,10000,14200,5700,8000,1400,9500,300,1000,15700,4300,500,15600,5000,3000,4700,25400,3900,16400,10500
397.0,12.45,1092300,13521753.0,12.43,12.41,12.4,12.39,12.38,12.37,12.36,12.35,12.34,12.33,12.45,12.46,12.47,12.49,12.52,12.53,12.54,12.55,12.56,12.57,6000,10000,14200,500,5700,8000,1400,9500,300,1000,3500,500,15600,5000,7000,4700,25400,3900,16400,10500
398.0,12.45,1092800,13527978.0,12.43,12.41,12.4,12.39,12.38,12.37,12.36,12.35,12.34,12.33,12.45,12.46,12.47,12.49,12.52,12.53,12.54,12.55,12.56,12.57,8000,10000,15000,500,5700,8000,1400,9500,300,1000,2900,500,15600,5000,7000,4700,25400,4100,16500,13700
399.0,12.45,1098900,13603811.0,12.43,12.42,12.41,12.4,12.39,12.38,12.37,12.36,12.35,12.34,12.45,12.46,12.47,12.49,12.52,12.53,12.54,12.55,12.56,12.57,2400,4000,11000,15000,500,5700,8000,1400,9500,300,2400,4500,15600,5000,7000,4700,25400,4100,16500,13700
400.0,12.46,1102100,13643659.0,12.43,12.42,12.41,12.4,12.39,12.38,12.37,12.36,12.35,12.34,12.46,12.47,12.49,12.52,12.53,12.54,12.55,12.56,12.57,12.58,2800,4000,11000,15000,500,5700,8000,1400,9500,300,3700,15600,5000,7000,4700,25400,4100,16500,13700,13700
401.0,12.47,1106300,13695996.0,12.46,12.43,12.42,12.41,12.4,12.39,12.38,12.37,12.36,12.35,12.47,12.49,12.5,12.52,12.53,12.54,12.55,12.56,12.57,12.58,6400,5100,4000,10700,15000,500,5700,8000,1400,9500,15100,5000,200,7000,4700,25400,4100,16500,14700,13700
