LocalTime,LastPrice,TradeVolume,TradeValue,BidPrice1,BidPrice2,BidPrice3,BidPrice4,BidPrice5,BidPrice6,BidPrice7,BidPrice8,BidPrice9,BidPriceA,AskPrice1,AskPrice2,AskPrice3,AskPrice4,AskPrice5,AskPrice6,AskPrice7,AskPrice8,AskPrice9,AskPriceA,BidVolume1,BidVolume2,BidVolume3,BidVolume4,BidVolume5,BidVolume6,BidVolume7,BidVolume8,BidVolume9,BidVolumeA,AskVolume1,AskVolume2,AskVolume3,AskVolume4,AskVolume5,AskVolume6,AskVolume7,AskVolume8,AskVolume9,AskVolumeA
0.0,12.99,3500,45465.0,13.0,12.99,12.98,12.96,12.91,12.83,12.8,12.78,12.77,12.76,13.17,13.18,13.2,13.3,13.35,13.38,13.39,13.47,13.5,13.53,100,1100,1200,300,500,1300,100,300,600,400,4500,300,56100,11000,10000,7800,3800,1500,1000,200
1.0,12.99,3500,45465.0,13.01,13.0,12.99,12.98,12.96,12.91,12.83,12.8,12.78,12.77,13.16,13.17,13.18,13.2,13.3,13.35,13.38,13.39,13.47,13.5,10000,100,1100,1200,300,500,1300,100,300,600,2100,4500,300,56100,11000,10000,7800,3800,1500,1000
2.0,13.02,4000,51975.0,13.02,13.01,13.0,12.99,12.98,12.96,12.91,12.83,12.8,12.78,13.16,13.17,13.18,13.19,13.2,13.3,13.35,13.38,13.39,13.47,300,10200,100,1100,1200,300,500,1300,100,300,2100,4600,6700,500,56100,11000,10000,7800,3800,1500
3.0,13.02,4100,53277.0,13.02,13.01,13.0,12.99,12.98,12.96,12.91,12.9,12.83,12.8,13.16,13.17,13.18,13.19,13.2,13.3,13.35,13.38,13.39,13.47,200,10200,500,1100,1200,300,500,1000,1300,100,2100,4600,7700,500,56300,11000,10000,7800,3800,1500
4.0,13.02,4100,53277.0,13.02,13.01,13.0,12.99,12.98,12.96,12.91,12.9,12.86,12.83,13.16,13.17,13.18,13.19,13.2,13.3,13.35,13.38,13.39,13.47,200,10500,500,1100,1200,300,500,1000,1000,1300,2100,4600,10700,500,56300,11000,10000,7800,3800,1500
5.0,13.02,4100,53277.0,13.02,13.01,13.0,12.99,12.98,12.96,12.91,12.9,12.86,12.83,13.16,13.17,13.18,13.19,13.2,13.3,13.35,13.38,13.39,13.47,200,10500,500,700,1200,300,500,1000,1000,1300,2100,5400,10700,500,56300,11000,10000,7800,3800,1500
6.0,13.01,4700,61085.0,13.01,13.0,12.99,12.98,12.96,12.91,12.9,12.86,12.83,12.8,13.14,13.15,13.16,13.17,13.18,13.19,13.2,13.3,13.35,13.38,9900,500,700,1200,300,500,1000,1000,1300,100,800,800,2300,5400,10700,1500,56300,11000,10000,7800
7.0,13.01,11400,148587.0,13.01,13.0,12.99,12.98,12.96,12.91,12.9,12.86,12.83,12.8,13.16,13.17,13.18,13.19,13.2,13.3,13.35,13.38,13.39,13.47,6900,500,700,1200,300,500,1000,1000,1300,100,5000,5600,10700,3500,56100,11000,10000,7800,3800,1500
8.0,13.15,12200,159016.0,13.02,13.01,13.0,12.99,12.98,12.96,12.91,12.9,12.86,12.85,13.16,13.17,13.18,13.19,13.2,13.3,13.35,13.38,13.39,13.47,100,6900,500,700,1200,300,500,1000,1000,1000,5500,5600,10900,3500,56600,11000,10000,7800,3800,1500
9.0,13.16,17800,232700.0,13.02,13.01,13.0,12.99,12.98,12.96,12.91,12.9,12.86,12.85,13.16,13.17,13.18,13.19,13.2,13.3,13.35,13.38,13.39,13.47,1100,6900,500,700,1200,300,500,1000,1000,1000,300,5600,10900,3500,56600,11000,10000,7800,3800,1500
10.0,13.17,18200,237965.0,13.02,13.01,13.0,12.99,12.98,12.96,12.91,12.9,12.86,12.85,13.16,13.17,13.18,13.19,13.2,13.3,13.35,13.38,13.39,13.47,1100,6900,500,700,11200,300,500,1000,1000,1000,1300,5500,10900,3500,56600,11000,10000,7800,3800,1500
11.0,13.16,18600,243217.0,13.03,13.02,13.01,13.0,12.99,12.98,12.96,12.91,12.9,12.86,13.16,13.17,13.18,13.19,13.2,13.3,13.33,13.35,13.38,13.39,800,2900,6900,500,300,11200,300,500,1000,1000,4400,5500,10900,3500,56600,11000,6200,10000,7800,3800
12.0,13.16,18700,244533.0,13.04,13.03,13.02,13.01,13.0,12.99,12.98,12.96,12.91,12.9,13.16,13.17,13.18,13.19,13.2,13.3,13.33,13.35,13.38,13.39,200,800,3800,7400,500,300,11200,300,500,1000,4400,5700,10900,3500,56600,11000,6200,10000,7800,3800
13.0,13.16,20500,268164.0,13.04,13.03,13.02,13.01,13.0,12.99,12.98,12.96,12.91,12.9,13.16,13.17,13.18,13.19,13.2,13.3,13.33,13.35,13.38,13.39,200,700,2600,7900,500,300,11200,300,500,1000,3900,5900,10900,3500,56600,11000,6200,10000,7800,3800
14.0,13.04,20900,273404.0,13.04,13.03,13.02,13.01,13.0,12.99,12.98,12.96,12.91,12.9,13.15,13.16,13.17,13.18,13.19,13.2,13.3,13.33,13.35,13.38,1200,800,2600,7900,500,300,11200,300,500,1000,1200,3700,5900,10900,3500,56600,11000,6200,10000,7800
15.0,13.04,24100,315192.0,13.04,13.03,13.02,13.01,13.0,12.99,12.98,12.96,12.91,12.9,13.14,13.15,13.16,13.17,13.18,13.19,13.2,13.3,13.33,13.35,1000,700,3000,7900,500,300,11200,300,500,1000,100,1100,3200,6400,10900,3500,56600,11000,6200,10000
16.0,13.05,24300,317802.0,13.05,13.03,13.02,13.01,13.0,12.99,12.98,12.96,12.91,12.9,13.14,13.15,13.16,13.17,13.18,13.19,13.2,13.3,13.33,13.35,200,1000,3000,7900,500,300,11200,300,500,1000,1300,1100,3200,11400,10900,3500,56600,11000,6200,10000
17.0,13.06,25000,326949.0,13.06,13.05,13.03,13.02,13.01,13.0,12.99,12.98,12.96,12.91,13.08,13.09,13.12,13.13,13.14,13.15,13.16,13.17,13.18,13.19,2900,4500,900,3000,7900,500,300,11200,300,500,33400,10300,100,1500,800,700,3200,11300,10900,3500
18.0,13.06,25600,334785.0,13.06,13.05,13.03,13.02,13.01,13.0,12.99,12.98,12.96,12.91,13.08,13.12,13.13,13.14,13.15,13.16,13.17,13.18,13.19,13.2,2300,1000,900,3000,7900,500,300,11200,300,500,48000,100,1500,1700,700,3200,11300,10900,3500,56600
19.0,13.06,25700,336091.0,13.06,13.05,13.03,13.02,13.01,13.0,12.99,12.98,12.96,12.91,13.08,13.12,13.13,13.14,13.15,13.16,13.17,13.18,13.19,13.2,2200,1000,900,3000,7900,500,300,11200,300,500,48800,100,1500,4000,1700,3200,11300,10900,3500,56600
20.0,13.03,31000,405188.0,13.02,13.01,13.0,12.99,12.98,12.96,12.91,12.9,12.86,12.85,13.03,13.06,13.08,13.12,13.13,13.14,13.15,13.16,13.17,13.18,2300,7900,500,300,11200,300,500,1000,1000,1000,29800,2800,13000,100,1500,4800,1700,200,11300,10900
21.0,13.06,64200,837886.0,13.04,13.03,13.02,13.01,13.0,12.99,12.98,12.96,12.91,12.9,13.06,13.08,13.12,13.13,13.14,13.15,13.16,13.17,13.18,13.19,3600,5900,2300,7900,500,300,11200,300,500,1000,3200,13000,100,1500,4800,1700,200,11200,10900,3500
22.0,13.06,66000,861394.0,13.05,13.04,13.03,13.02,13.01,13.0,12.99,12.98,12.96,12.91,13.06,13.08,13.12,13.13,13.14,13.15,13.16,13.17,13.18,13.19,100,2800,9200,1900,7900,500,300,11200,300,500,1500,12900,100,1500,4800,1700,200,11200,10900,3500
23.0,13.09,81000,1057589.0,13.09,13.08,13.06,13.05,13.03,13.02,13.01,13.0,12.99,12.98,13.13,13.14,13.15,13.16,13.17,13.18,13.19,13.2,13.22,13.3,200,14000,17300,100,9300,1800,7900,500,300,11200,1100,4800,1700,200,6200,6900,3500,56600,3000,11000
24.0,13.09,81200,1060207.0,13.09,13.08,13.06,13.05,13.03,13.02,13.01,13.0,12.99,12.98,13.11,13.13,13.14,13.15,13.16,13.17,13.18,13.19,13.2,13.22,300,14100,25300,100,9300,1800,7900,500,300,11200,4300,1100,4800,1700,200,6200,6900,3500,56600,3000
25.0,13.09,85500,1116503.0,13.09,13.08,13.06,13.05,13.03,13.02,13.01,13.0,12.99,12.98,13.12,13.13,13.14,13.15,13.16,13.17,13.18,13.19,13.2,13.22,1400,14100,29200,100,9300,1800,7900,500,300,11200,400,3400,4800,1700,200,6200,6900,3500,56600,3000
26.0,13.1,85600,1117813.0,13.1,13.09,13.08,13.06,13.05,13.03,13.02,13.01,13.0,12.99,13.12,13.13,13.14,13.15,13.16,13.17,13.18,13.19,13.2,13.22,6500,5100,14100,27700,100,8900,700,7900,500,300,400,3400,4800,1700,200,6200,6900,3500,56600,3000
27.0,13.1,85600,1117813.0,13.1,13.09,13.08,13.06,13.05,13.03,13.02,13.01,13.0,12.99,13.12,13.13,13.14,13.15,13.16,13.17,13.18,13.19,13.2,13.22,6700,2300,14100,28100,100,8900,700,7900,500,300,400,3400,4800,1700,200,6200,6900,3500,56600,3000
28.0,13.1,85600,1117813.0,13.1,13.09,13.08,13.06,13.05,13.03,13.02,13.01,13.0,12.99,13.12,13.13,13.14,13.15,13.16,13.17,13.18,13.19,13.2,13.22,6700,2300,14100,28100,100,8900,700,7900,500,300,400,3400,4800,1700,200,6200,6900,3500,56600,3000
29.0,13.12,85800,1120437.0,13.1,13.09,13.08,13.06,13.05,13.03,13.02,13.01,13.0,12.99,13.12,13.13,13.14,13.15,13.16,13.17,13.18,13.19,13.2,13.22,6700,2300,14600,28100,100,8900,700,7900,500,300,400,3500,4800,1700,200,6200,6900,3500,56600,3000
30.0,13.13,86600,1130936.0,13.12,13.1,13.09,13.08,13.06,13.05,13.03,13.02,13.01,13.0,13.13,13.14,13.15,13.16,13.17,13.18,13.19,13.2,13.22,13.3,5800,6700,2300,15000,27600,100,8900,1600,7900,500,2600,4700,1700,200,6200,6900,3500,56600,3000,11000
31.0,13.14,89900,1174271.0,13.13,13.12,13.1,13.09,13.08,13.06,13.05,13.03,13.02,13.01,13.14,13.15,13.16,13.17,13.18,13.19,13.2,13.22,13.3,13.33,900,5800,6700,2300,15700,26400,100,500,1600,7900,4100,1700,200,6200,6900,3500,56600,3000,11000,6200
32.0,13.14,91100,1190039.0,13.13,13.12,13.1,13.09,13.08,13.06,13.05,13.03,13.02,13.01,13.14,13.15,13.16,13.17,13.18,13.19,13.2,13.22,13.3,13.33,2300,5800,6700,2300,15700,26400,100,500,1000,7100,2900,1700,200,6200,6900,3500,56600,3000,11000,6200
33.0,13.17,96600,1262351.0,13.16,13.15,13.14,13.13,13.12,13.1,13.09,13.08,13.06,13.05,13.17,13.18,13.19,13.2,13.22,13.3,13.33,13.35,13.38,13.39,3900,1000,1300,2700,7300,6700,900,15700,19800,100,5500,6900,3500,56600,3000,11000,6200,10000,7800,3800
34.0,13.16,105900,1384768.0,13.14,13.13,13.12,13.1,13.09,13.08,13.06,13.05,13.03,13.02,13.16,13.17,13.18,13.19,13.2,13.22,13.3,13.33,13.35,13.38,1400,2700,7200,6700,900,7000,19800,100,500,1000,5200,4000,6900,3500,56600,3000,11000,6200,10000,7800
35.0,13.15,108800,1422884.0,13.13,13.12,13.1,13.08,13.06,13.05,13.03,13.02,13.01,13.0,13.15,13.16,13.17,13.18,13.19,13.2,13.22,13.3,13.33,13.35,2200,7200,6700,7200,18600,100,500,1000,6900,500,300,5100,4000,6900,3500,56600,3000,11000,6200,10000
36.0,13.15,109600,1433404.0,13.13,13.12,13.1,13.08,13.06,13.05,13.03,13.02,13.01,13.0,13.15,13.16,13.17,13.18,13.19,13.2,13.22,13.3,13.33,13.35,1800,7200,6700,2600,17700,100,500,1000,6900,500,9800,5100,4000,6900,3500,56600,3000,11000,6200,10000
37.0,13.13,111300,1455725.0,13.13,13.12,13.1,13.08,13.06,13.05,13.03,13.02,13.01,13.0,13.14,13.16,13.17,13.18,13.19,13.2,13.22,13.3,13.33,13.35,100,7200,6700,2600,10500,100,500,1000,6900,500,100,5000,4000,6900,3500,56600,3000,11000,6200,10000
38.0,13.12,114200,1493821.0,13.12,13.1,13.08,13.06,13.05,13.03,13.02,13.01,13.0,12.99,13.14,13.15,13.16,13.17,13.18,13.19,13.2,13.22,13.3,13.33,6300,6700,2700,6700,100,500,1000,6900,500,300,8700,4800,4800,3900,6900,3500,56600,3000,11000,6200
39.0,13.14,114400,1496449.0,13.12,13.1,13.08,13.06,13.05,13.03,13.02,13.01,13.0,12.99,13.13,13.14,13.15,13.16,13.17,13.18,13.19,13.2,13.22,13.3,6300,6700,2700,6700,100,500,1000,6900,500,300,100,8500,4900,4800,3900,6900,3500,56600,3000,11000
40.0,13.12,114600,1499073.0,13.12,13.1,13.08,13.06,13.05,13.03,13.02,13.01,13.0,12.99,13.13,13.14,13.15,13.16,13.17,13.18,13.19,13.2,13.22,13.3,6100,6700,2900,6700,100,500,1000,6900,500,300,100,8500,6900,4800,3900,6900,3500,56600,3000,11000
41.0,13.14,114800,1501700.0,13.12,13.1,13.08,13.06,13.05,13.03,13.02,13.01,13.0,12.99,13.14,13.15,13.16,13.17,13.18,13.19,13.2,13.22,13.3,13.33,6100,6700,3700,6700,100,500,1000,6900,500,300,8400,6600,4800,3900,6900,3500,56600,3000,11000,6200
42.0,13.14,115000,1504328.0,13.12,13.1,13.08,13.06,13.05,13.03,13.02,13.01,13.0,12.99,13.14,13.15,13.16,13.17,13.18,13.19,13.2,13.22,13.3,13.33,6100,6500,2800,6700,100,500,1000,6900,500,300,8200,6600,4800,3900,6900,3500,56600,3000,11000,6200
43.0,13.12,115300,1508265.0,13.12,13.1,13.08,13.06,13.05,13.03,13.02,13.01,13.0,12.99,13.14,13.15,13.16,13.17,13.18,13.19,13.2,13.22,13.3,13.33,5900,6500,2100,6600,100,500,1000,6900,500,300,8200,6600,4800,3900,6900,3500,56600,3000,11000,6200
44.0,13.12,115300,1508265.0,13.12,13.1,13.08,13.06,13.05,13.03,13.02,13.01,13.0,12.99,13.13,13.14,13.15,13.16,13.17,13.18,13.19,13.2,13.22,13.3,5900,6500,2100,6600,100,500,1000,6900,500,300,300,8200,2700,4800,3900,7900,3500,56600,3000,11000
45.0,13.12,115400,1509577.0,13.12,13.1,13.08,13.06,13.05,13.03,13.02,13.01,13.0,12.99,13.13,13.14,13.15,13.16,13.17,13.18,13.19,13.2,13.22,13.3,5800,6500,2100,6600,100,500,1000,6900,500,300,300,8200,2700,4800,3900,7900,3500,56600,3000,11000
46.0,13.13,115700,1513516.0,13.13,13.12,13.1,13.08,13.06,13.05,13.03,13.02,13.01,13.0,13.14,13.15,13.16,13.17,13.18,13.19,13.2,13.22,13.3,13.33,600,5800,6500,2100,6600,100,1100,1000,6900,500,8200,2700,4800,3900,7900,3500,56600,3000,11000,6200
47.0,13.13,115700,1513516.0,13.13,13.12,13.1,13.08,13.06,13.05,13.03,13.02,13.01,13.0,13.14,13.15,13.16,13.17,13.18,13.19,13.2,13.22,13.3,13.33,600,5800,6500,1300,6600,100,500,1000,6900,500,8200,2700,4800,3900,7900,3500,56600,3000,11000,6200
48.0,13.14,116700,1526656.0,13.13,13.12,13.1,13.08,13.06,13.05,13.03,13.02,13.01,13.0,13.14,13.15,13.16,13.17,13.18,13.19,13.2,13.22,13.3,13.33,700,5800,6500,1300,6600,100,500,1000,6900,500,7300,2700,4800,3900,7900,3500,56600,3000,11000,6200
49.0,13.13,116800,1527969.0,13.13,13.12,13.1,13.08,13.06,13.05,13.03,13.02,13.01,13.0,13.14,13.15,13.16,13.17,13.18,13.19,13.2,13.22,13.3,13.33,600,5800,6500,1300,6600,100,500,1000,6900,500,7300,2700,800,3900,7900,3500,56600,3000,11000,6200
50.0,13.13,116800,1527969.0,13.13,13.12,13.1,13.08,13.06,13.05,13.03,13.02,13.01,13.0,13.14,13.15,13.16,13.17,13.18,13.19,13.2,13.22,13.3,13.33,600,5800,6500,1200,6600,100,500,1000,6900,500,7300,2600,800,3900,7900,3500,56600,3000,11000,6200
51.0,13.13,117800,1541103.0,13.12,13.1,13.08,13.06,13.05,13.03,13.02,13.01,13.0,12.99,13.13,13.14,13.15,13.16,13.17,13.18,13.19,13.2,13.22,13.3,5800,6500,300,6600,100,500,100,6900,500,300,400,6900,2600,800,3900,7900,3500,56600,3000,11000
52.0,13.12,117900,1542415.0,13.12,13.1,13.08,13.06,13.05,13.03,13.02,13.01,13.0,12.99,13.13,13.14,13.15,13.16,13.17,13.18,13.19,13.2,13.22,13.3,5700,6500,300,6600,100,500,100,6900,500,300,400,6900,2600,800,3900,7900,3500,56600,3000,11000
53.0,13.12,118400,1548975.0,13.12,13.1,13.08,13.06,13.05,13.03,13.02,13.01,13.0,12.99,13.13,13.14,13.15,13.16,13.17,13.18,13.19,13.2,13.22,13.3,5200,6500,300,4800,100,500,100,6900,500,300,500,6900,2600,800,3900,7900,3500,56600,3000,11000
54.0,13.12,118400,1548975.0,13.12,13.1,13.08,13.06,13.05,13.03,13.02,13.01,13.0,12.99,13.13,13.14,13.15,13.16,13.17,13.18,13.19,13.2,13.22,13.3,5200,6500,300,4800,100,500,100,6900,500,300,500,6900,2600,800,3900,7900,3500,56600,3000,11000
55.0,13.12,118400,1548975.0,13.12,13.1,13.08,13.06,13.05,13.03,13.02,13.01,13.0,12.99,13.13,13.14,13.15,13.16,13.17,13.18,13.19,13.2,13.22,13.3,5200,6500,300,4800,100,500,100,6900,500,300,500,6900,2600,800,3900,7900,3500,56600,3000,11000
56.0,13.13,119100,1558161.0,13.12,13.1,13.08,13.06,13.05,13.03,13.02,13.01,13.0,12.99,13.13,13.14,13.15,13.16,13.17,13.18,13.19,13.2,13.22,13.3,4700,6500,300,4800,100,400,100,6900,500,300,300,6900,2600,800,3900,7900,3500,56600,3000,11000
57.0,13.13,119100,1558161.0,13.12,13.1,13.08,13.06,13.05,13.03,13.02,13.01,13.0,12.99,13.13,13.14,13.15,13.16,13.17,13.18,13.19,13.2,13.22,13.3,4700,6500,300,4800,100,400,100,6900,500,300,300,6900,2600,800,3900,7900,3500,56600,3000,11000
58.0,13.12,119500,1563409.0,13.12,13.1,13.08,13.06,13.05,13.03,13.02,13.01,13.0,12.99,13.13,13.14,13.15,13.16,13.17,13.18,13.19,13.2,13.22,13.3,4300,6500,300,4800,100,400,100,6900,500,300,300,6900,2600,800,3900,7900,3500,56600,3000,11000
59.0,13.12,119600,1564721.0,13.12,13.1,13.08,13.06,13.05,13.03,13.02,13.01,13.0,12.99,13.13,13.14,13.15,13.16,13.17,13.18,13.19,13.2,13.22,13.3,4200,6500,300,3900,100,400,100,6900,500,300,400,6900,2600,800,3900,7900,3500,56600,3000,11000
60.0,13.12,119600,1564721.0,13.12,13.1,13.08,13.06,13.05,13.03,13.02,13.01,13.0,12.99,13.13,13.14,13.15,13.16,13.17,13.18,13.19,13.2,13.22,13.3,4200,6500,300,3900,100,400,100,6900,500,300,400,6900,2600,800,3900,7900,3500,56600,3000,11000
61.0,13.13,120400,1575221.0,13.12,13.11,13.1,13.08,13.06,13.05,13.03,13.02,13.01,13.0,13.14,13.15,13.16,13.17,13.18,13.19,13.2,13.22,13.3,13.33,3800,300,6500,300,3900,100,400,100,6900,500,6900,2600,800,3900,7900,3500,56600,3000,11000,6200
62.0,13.14,124400,1627781.0,13.13,13.12,13.11,13.1,13.08,13.06,13.05,13.03,13.02,13.01,13.14,13.15,13.16,13.17,13.18,13.19,13.2,13.22,13.3,13.33,500,4000,300,6500,300,3900,100,400,100,6900,3000,2600,800,3900,7900,3500,56600,3000,11000,6200
63.0,13.15,128200,1677721.0,13.14,13.13,13.12,13.11,13.1,13.08,13.06,13.05,13.03,13.02,13.15,13.16,13.17,13.18,13.19,13.2,13.22,13.3,13.33,13.35,2500,500,4000,300,6500,300,3900,100,400,100,1800,800,3900,7900,3500,56600,3000,11000,6200,10000
64.0,13.17,134800,1764597.0,13.17,13.15,13.14,13.13,13.12,13.11,13.1,13.08,13.06,13.05,13.18,13.19,13.2,13.22,13.3,13.33,13.35,13.38,13.39,13.47,1400,2700,2600,500,4000,300,6500,300,3900,100,7900,3500,56600,3000,11000,6200,10000,7800,3800,1500
65.0,13.17,135000,1767231.0,13.17,13.15,13.14,13.13,13.12,13.11,13.1,13.08,13.06,13.05,13.18,13.19,13.2,13.22,13.3,13.33,13.35,13.38,13.39,13.47,1300,2700,2600,500,3200,300,6500,300,3900,100,7900,3500,56600,3000,11000,6200,10000,7800,3800,1500
66.0,13.15,136600,1788299.0,13.15,13.14,13.13,13.12,13.1,13.08,13.06,13.05,13.03,13.02,13.17,13.18,13.19,13.2,13.22,13.3,13.33,13.35,13.38,13.39,4300,3000,500,1700,6500,300,3900,100,400,100,700,7900,3800,56600,3000,11000,6200,10000,7800,3800
67.0,13.15,137000,1793559.0,13.15,13.14,13.13,13.12,13.1,13.08,13.06,13.05,13.03,13.02,13.17,13.18,13.19,13.2,13.22,13.28,13.3,13.33,13.35,13.38,4100,2100,500,1700,6500,300,3900,100,400,100,1200,7900,3800,56600,3000,1000,11000,6200,10000,7800
68.0,13.17,138300,1810678.0,13.15,13.14,13.13,13.12,13.1,13.08,13.06,13.05,13.03,13.02,13.18,13.19,13.2,13.22,13.28,13.3,13.33,13.35,13.38,13.39,3700,2900,500,200,6500,300,3900,100,400,100,7900,2800,56600,3000,1000,11000,6200,10000,7800,3800
69.0,13.17,138800,1817267.0,13.15,13.14,13.13,13.12,13.1,13.08,13.06,13.05,13.03,13.02,13.18,13.19,13.2,13.22,13.28,13.3,13.33,13.35,13.38,13.39,4200,2900,500,200,6500,300,3900,100,400,100,8000,2800,56600,3000,1000,11000,6200,10000,7800,3800
70.0,13.15,139500,1826472.0,13.15,13.14,13.13,13.12,13.1,13.08,13.06,13.05,13.03,13.02,13.18,13.19,13.2,13.22,13.28,13.3,13.33,13.35,13.38,13.39,3500,2900,500,200,6500,300,3900,100,400,100,8000,2800,56600,3000,1000,11000,6200,10000,7800,3800
71.0,13.15,140000,1833050.0,13.15,13.14,13.13,13.12,13.1,13.08,13.06,13.05,13.03,13.02,13.18,13.19,13.2,13.22,13.28,13.3,13.33,13.35,13.38,13.39,4400,1100,500,200,6500,300,3900,100,400,100,9100,2800,56600,3000,1000,11000,6200,10000,7800,3800
72.0,13.16,141300,1850162.0,13.17,13.15,13.14,13.13,13.12,13.1,13.08,13.06,13.05,13.03,13.18,13.19,13.2,13.22,13.28,13.3,13.33,13.35,13.38,13.39,800,3600,1100,500,200,6500,300,3900,100,400,8900,2800,56600,3000,1000,11000,6200,10000,7800,3800
73.0,13.16,141300,1850162.0,13.17,13.15,13.14,13.13,13.12,13.1,13.08,13.06,13.05,13.03,13.18,13.19,13.2,13.22,13.28,13.3,13.33,13.35,13.38,13.39,9800,3600,1100,500,200,6500,300,3900,100,400,8900,2800,56600,3000,1000,11000,6200,10000,7800,3800
74.0,13.19,150700,1974059.0,13.18,13.17,13.15,13.14,13.13,13.12,13.1,13.08,13.06,13.05,13.19,13.2,13.22,13.28,13.3,13.33,13.35,13.38,13.39,13.47,5100,9700,3600,1100,300,200,6500,300,3900,100,2300,56600,3000,1000,11000,6200,10000,7800,3800,1500
75.0,13.2,154400,2022876.0,13.19,13.18,13.17,13.15,13.14,13.13,13.12,13.1,13.08,13.06,13.2,13.22,13.28,13.3,13.33,13.35,13.38,13.39,13.47,13.5,4400,19600,9700,3600,1100,100,200,6500,300,3900,55200,3000,1000,11000,6200,10000,7800,3800,1500,2000
76.0,13.2,166900,2187872.0,13.19,13.18,13.17,13.15,13.14,13.13,13.12,13.1,13.08,13.06,13.2,13.22,13.28,13.3,13.33,13.35,13.38,13.39,13.4,13.47,4000,20000,9700,3600,200,400,200,6500,300,3900,43100,3000,1000,11000,6200,10000,7800,3800,100,1500
77.0,13.2,221200,2904680.0,13.2,13.19,13.18,13.17,13.15,13.14,13.13,13.12,13.08,13.07,13.22,13.28,13.3,13.33,13.35,13.38,13.39,13.4,13.41,13.47,7500,3900,21400,9700,3600,200,400,200,300,200,600,1000,11000,6200,10000,7800,3800,100,200,1500
78.0,13.22,222700,2924490.0,13.2,13.19,13.18,13.17,13.15,13.14,13.13,13.12,13.08,13.07,13.22,13.28,13.3,13.33,13.35,13.38,13.39,13.4,13.41,13.47,6600,3900,21300,9700,3600,200,400,200,400,2400,100,1000,11000,6200,10000,7800,3800,100,200,1500
79.0,13.2,223300,2932410.0,13.21,13.2,13.19,13.18,13.17,13.15,13.14,13.13,13.12,13.08,13.22,13.28,13.3,13.33,13.35,13.38,13.39,13.4,13.41,13.47,1700,6100,3900,21300,9700,3600,200,400,200,400,100,1000,11000,6200,10000,7800,3800,100,200,1500
80.0,13.22,224400,2946952.0,13.22,13.21,13.2,13.19,13.18,13.17,13.15,13.14,13.13,13.12,13.23,13.27,13.28,13.3,13.33,13.35,13.38,13.39,13.4,13.41,300,2300,6100,3900,21300,10000,3600,200,400,200,2100,1200,1800,11000,6200,10000,7800,3800,100,200
81.0,13.22,225100,2956209.0,13.21,13.2,13.19,13.18,13.17,13.15,13.14,13.13,13.12,13.08,13.22,13.23,13.27,13.28,13.3,13.33,13.35,13.38,13.39,13.4,2300,5900,3900,17500,10000,3600,200,400,200,400,200,2200,1200,1800,11000,6200,10000,7800,3800,100
82.0,13.22,225300,2958853.0,13.22,13.21,13.2,13.19,13.18,13.17,13.15,13.14,13.13,13.12,13.23,13.27,13.28,13.3,13.33,13.35,13.38,13.39,13.4,13.41,300,2300,5900,3900,16300,9200,3600,200,400,200,2200,1200,1800,11000,6200,10000,7800,3800,100,200
83.0,13.21,225900,2966784.0,13.21,13.2,13.18,13.17,13.15,13.14,13.13,13.12,13.08,13.06,13.22,13.23,13.27,13.28,13.3,13.33,13.35,13.38,13.39,13.4,2200,5900,16300,9200,3600,200,400,200,300,3600,100,5000,1200,1800,11000,6200,10000,7800,3800,100
84.0,13.21,225900,2966784.0,13.21,13.2,13.19,13.18,13.17,13.15,13.14,13.13,13.12,13.08,13.22,13.23,13.28,13.3,13.33,13.35,13.38,13.39,13.4,13.41,2200,5900,1700,16300,9200,3600,200,400,200,300,900,2800,1800,11000,6200,10000,7800,3800,100,200
85.0,13.23,227200,2983974.0,13.22,13.21,13.2,13.19,13.18,13.17,13.15,13.14,13.13,13.12,13.23,13.28,13.3,13.33,13.35,13.38,13.39,13.4,13.41,13.47,3500,2200,5900,1700,16300,7800,3600,200,400,200,2400,1800,11000,6200,10000,7800,3800,100,200,1500
86.0,13.23,227200,2983974.0,13.22,13.21,13.2,13.19,13.18,13.17,13.15,13.14,13.13,13.12,13.23,13.28,13.3,13.33,13.35,13.38,13.39,13.4,13.41,13.47,3600,300,5900,1700,16300,7800,3600,200,400,200,2400,1800,11000,6200,10000,7800,3800,100,200,1500
87.0,13.22,227700,2990584.0,13.22,13.21,13.2,13.19,13.18,13.17,13.15,13.14,13.13,13.12,13.23,13.28,13.3,13.33,13.35,13.38,13.39,13.4,13.41,13.47,3100,300,5900,1700,15900,7800,3600,200,400,200,2400,1800,11000,6200,10000,7800,3800,100,200,1500
88.0,13.23,228100,2995876.0,13.22,13.21,13.2,13.19,13.18,13.17,13.15,13.14,13.13,13.12,13.23,13.28,13.3,13.33,13.35,13.38,13.39,13.4,13.41,13.47,3100,300,5900,1700,1300,7800,1800,200,400,200,2000,1800,11000,6200,10000,7800,3800,100,200,1500
89.0,13.21,231400,3039500.0,13.21,13.2,13.19,13.17,13.15,13.14,13.13,13.12,13.08,13.06,13.22,13.23,13.28,13.3,13.33,13.35,13.38,13.39,13.4,13.41,100,6700,1700,7800,1800,200,100,200,300,3500,200,2000,1800,11000,6200,10000,7800,3800,100,200
90.0,13.21,231500,3040821.0,13.2,13.19,13.17,13.15,13.14,13.13,13.12,13.08,13.06,13.05,13.22,13.23,13.28,13.3,13.33,13.35,13.38,13.39,13.4,13.41,6700,1700,7800,1800,200,100,200,300,3500,100,200,2000,1800,11000,6200,10000,7800,3800,100,200
91.0,13.21,232200,3050069.0,13.2,13.19,13.17,13.15,13.14,13.13,13.12,13.08,13.06,13.05,13.22,13.23,13.28,13.3,13.33,13.35,13.38,13.39,13.4,13.41,6500,1700,7800,1800,200,100,100,300,3500,100,5100,2000,1800,11000,6200,10000,7800,3800,100,200
92.0,13.21,233200,3063279.0,13.2,13.19,13.18,13.17,13.15,13.14,13.13,13.12,13.08,13.06,13.21,13.22,13.23,13.25,13.28,13.3,13.33,13.35,13.38,13.39,6500,1700,100,7800,1800,200,100,100,300,3500,500,6700,2000,500,1800,11000,6200,10000,7800,3800
93.0,13.21,233200,3063279.0,13.2,13.19,13.18,13.17,13.15,13.14,13.13,13.12,13.08,13.06,13.21,13.22,13.23,13.25,13.28,13.3,13.33,13.35,13.38,13.39,5900,1700,100,7800,1800,200,100,100,300,3500,500,6700,2000,500,1800,11000,6200,10000,7800,3800
94.0,13.21,236900,3112125.0,13.2,13.19,13.18,13.17,13.15,13.14,13.13,13.12,13.08,13.06,13.21,13.22,13.23,13.25,13.28,13.3,13.33,13.35,13.38,13.39,2900,1700,100,7800,1800,200,100,100,300,3500,2400,6700,2000,500,1800,11000,6200,10000,7800,3800
95.0,13.21,239400,3145130.0,13.2,13.19,13.18,13.17,13.15,13.14,13.13,13.12,13.08,13.06,13.21,13.22,13.25,13.28,13.3,13.33,13.35,13.38,13.39,13.4,900,1700,100,7800,1800,200,100,100,300,3500,1900,6700,500,1800,11000,6200,10000,7800,3800,100
96.0,13.21,239400,3145130.0,13.2,13.19,13.18,13.17,13.15,13.14,13.13,13.12,13.08,13.06,13.21,13.22,13.25,13.27,13.28,13.3,13.33,13.35,13.38,13.39,900,1700,100,7800,1800,100,100,100,300,3500,1900,6700,500,4000,1800,11000,6200,10000,7800,3800
97.0,13.21,239700,3149092.0,13.2,13.19,13.18,13.17,13.15,13.12,13.08,13.06,13.05,13.03,13.21,13.22,13.25,13.27,13.28,13.29,13.3,13.33,13.35,13.38,700,1700,100,7800,1800,100,300,3500,100,400,1700,6700,500,4000,2200,1000,11000,6200,10000,7800
98.0,13.2,240900,3164932.0,13.19,13.18,13.17,13.15,13.12,13.08,13.06,13.05,13.03,13.02,13.2,13.21,13.22,13.25,13.27,13.28,13.29,13.3,13.33,13.35,1700,100,7800,1800,100,300,3500,100,400,100,900,1700,6700,500,4000,2200,1000,11000,6200,10000
99.0,13.21,242700,3188701.0,13.19,13.18,13.17,13.15,13.12,13.08,13.06,13.05,13.03,13.02,13.21,13.22,13.25,13.27,13.28,13.29,13.3,13.33,13.35,13.38,1900,100,7800,1800,100,300,3500,100,400,100,800,6700,500,4000,2200,1000,11000,6200,10000,7800
100.0,13.21,243800,3203230.0,13.21,13.19,13.18,13.17,13.15,13.12,13.08,13.06,13.05,13.03,13.22,13.25,13.27,13.28,13.29,13.3,13.33,13.35,13.38,13.39,4100,1800,100,7800,1800,100,300,3500,100,400,6700,500,4000,2200,1000,11000,6200,10000,7800,3800
101.0,13.22,247100,3246856.0,13.21,13.19,13.18,13.17,13.15,13.12,13.08,13.06,13.05,13.03,13.22,13.25,13.27,13.28,13.29,13.3,13.33,13.35,13.38,13.39,4200,1800,100,7800,1800,100,300,3400,100,400,3400,500,4000,2200,1000,11000,6200,10400,7800,3800
102.0,13.22,247300,3249500.0,13.21,13.19,13.18,13.17,13.15,13.12,13.08,13.06,13.05,13.03,13.22,13.23,13.25,13.27,13.28,13.29,13.3,13.33,13.35,13.38,4100,1800,200,7800,1800,100,300,3400,100,400,3200,600,500,4000,2200,1000,11000,6200,10400,7800
103.0,13.22,248200,3261394.0,13.21,13.19,13.18,13.17,13.15,13.12,13.08,13.06,13.05,13.03,13.22,13.23,13.25,13.27,13.28,13.29,13.3,13.33,13.35,13.38,3700,1800,200,7800,1800,100,300,3400,100,400,1100,600,500,4000,2200,1000,11000,6200,10400,7800
104.0,13.22,248300,3262716.0,13.21,13.19,13.18,13.17,13.15,13.12,13.08,13.06,13.05,13.03,13.22,13.23,13.25,13.28,13.29,13.3,13.33,13.35,13.38,13.39,3700,1800,200,1000,1800,100,300,3400,100,400,1000,600,500,2200,1000,11000,6200,10400,7800,3800
105.0,13.22,248300,3262716.0,13.21,13.19,13.18,13.17,13.15,13.12,13.08,13.06,13.05,13.03,13.22,13.23,13.25,13.28,13.29,13.3,13.33,13.35,13.38,13.39,4000,1600,1100,500,1800,100,300,3400,100,400,1000,600,500,2200,1000,11000,6200,10400,7800,3800
106.0,13.22,249100,3273288.0,13.21,13.19,13.18,13.17,13.15,13.12,13.08,13.06,13.05,13.03,13.22,13.23,13.25,13.28,13.29,13.3,13.33,13.35,13.38,13.39,3600,1600,1100,500,1800,100,300,3400,100,400,600,600,500,2200,1000,11000,6200,10400,7800,3800
107.0,13.22,249100,3273288.0,13.21,13.19,13.18,13.17,13.15,13.12,13.08,13.06,13.05,13.03,13.22,13.23,13.25,13.28,13.29,13.3,13.33,13.35,13.38,13.39,3600,1600,1100,500,1800,100,300,3400,100,400,600,600,500,2200,1000,11000,6200,10400,7800,3800
108.0,13.23,249800,3282543.0,13.22,13.21,13.19,13.18,13.17,13.15,13.12,13.08,13.06,13.05,13.23,13.25,13.28,13.29,13.3,13.33,13.35,13.38,13.39,13.4,200,3600,1600,1100,500,1800,100,300,3400,100,500,500,2200,1000,11000,6200,10400,7800,3800,100
109.0,13.23,249800,3282543.0,13.22,13.21,13.19,13.18,13.17,13.15,13.12,13.08,13.06,13.05,13.23,13.25,13.28,13.29,13.3,13.33,13.35,13.38,13.39,13.4,200,3600,1600,1100,500,1800,100,300,3400,100,500,2500,2200,1000,11000,6200,10400,7800,3800,100
110.0,13.22,250000,3285187.0,13.21,13.19,13.18,13.17,13.15,13.12,13.08,13.06,13.05,13.03,13.22,13.23,13.25,13.28,13.29,13.3,13.33,13.35,13.38,13.39,3600,1600,1100,500,1800,100,300,3400,100,400,1100,500,2500,2200,1000,11000,6200,10400,7800,3800
111.0,13.22,250000,3285187.0,13.21,13.19,13.18,13.17,13.15,13.12,13.08,13.06,13.05,13.03,13.22,13.23,13.25,13.28,13.29,13.3,13.33,13.35,13.38,13.39,3700,1600,1100,500,1800,100,300,3400,100,400,1100,500,2500,2200,1000,11000,6200,10400,7800,3800
112.0,13.22,251600,3306328.0,13.21,13.19,13.18,13.17,13.15,13.12,13.08,13.06,13.05,13.03,13.22,13.23,13.25,13.28,13.29,13.3,13.33,13.35,13.38,13.39,2600,1600,1100,500,1800,100,300,3400,100,400,600,500,2500,2200,1000,11000,6200,10400,7800,3800
113.0,13.22,251600,3306328.0,13.21,13.19,13.18,13.17,13.15,13.12,13.08,13.06,13.05,13.03,13.22,13.23,13.25,13.28,13.29,13.3,13.33,13.35,13.38,13.39,2600,1600,1100,500,1800,100,300,3400,100,400,600,500,2500,2200,1000,11000,6200,10400,7800,3800
114.0,13.22,251600,3306328.0,13.21,13.19,13.18,13.17,13.15,13.12,13.08,13.06,13.05,13.03,13.22,13.23,13.25,13.28,13.29,13.3,13.33,13.35,13.38,13.39,2600,1600,1100,500,1800,100,300,3400,100,400,600,500,2500,2200,1000,11000,6200,10400,7800,3800
115.0,13.22,252300,3315580.0,13.21,13.19,13.18,13.17,13.15,13.12,13.08,13.06,13.05,13.03,13.22,13.23,13.25,13.28,13.29,13.3,13.33,13.35,13.38,13.39,2500,1600,1100,500,1800,100,300,3400,100,400,100,500,2500,2200,1000,11000,6200,10400,7800,3800
116.0,13.22,252300,3315580.0,13.21,13.19,13.18,13.17,13.15,13.12,13.08,13.06,13.05,13.03,13.22,13.23,13.24,13.25,13.28,13.29,13.3,13.33,13.35,13.38,2500,1600,1000,500,1800,100,300,3400,100,400,1700,500,4000,2500,2200,1000,11000,6200,10400,7800
117.0,13.22,252300,3315580.0,13.21,13.19,13.18,13.17,13.15,13.12,13.08,13.06,13.05,13.03,13.22,13.23,13.24,13.25,13.28,13.29,13.3,13.33,13.35,13.38,2500,1600,1000,500,1800,100,300,3400,100,400,1700,500,4000,2500,2200,1000,11000,6200,10400,7800
118.0,13.22,252900,3323510.0,13.21,13.19,13.18,13.17,13.15,13.12,13.08,13.06,13.05,13.03,13.22,13.23,13.24,13.25,13.28,13.29,13.3,13.33,13.35,13.38,2300,1600,1000,500,1800,100,300,3400,100,400,1300,500,4000,2500,2200,1000,11000,6200,10400,7800
119.0,13.22,252900,3323510.0,13.21,13.19,13.18,13.17,13.15,13.12,13.08,13.06,13.05,13.03,13.22,13.23,13.24,13.25,13.28,13.29,13.3,13.33,13.35,13.38,2600,1600,1000,500,1800,100,300,3400,100,400,1300,500,4000,2500,2200,1000,11000,6200,10400,7800
120.0,13.22,252900,3323510.0,13.21,13.19,13.18,13.17,13.15,13.12,13.08,13.06,13.05,13.03,13.22,13.23,13.24,13.25,13.28,13.29,13.3,13.33,13.35,13.38,2600,1600,1000,500,1800,100,300,3400,100,400,1400,500,4000,2500,2200,1000,11000,6200,10400,7800
121.0,13.22,254100,3339372.0,13.21,13.19,13.18,13.17,13.15,13.12,13.08,13.06,13.05,13.03,13.22,13.23,13.24,13.25,13.28,13.29,13.3,13.33,13.35,13.38,2400,1600,1000,500,1800,100,300,3400,100,400,400,500,4000,2500,2200,1000,11000,6200,10400,7800
122.0,13.22,254100,3339372.0,13.21,13.19,13.18,13.17,13.15,13.12,13.08,13.06,13.05,13.03,13.22,13.23,13.24,13.25,13.28,13.29,13.3,13.33,13.35,13.38,2400,1600,1000,500,1800,100,300,3400,100,400,400,500,4000,2500,2200,1000,11000,6200,10400,7800
123.0,13.22,254100,3339372.0,13.21,13.19,13.18,13.17,13.15,13.12,13.08,13.06,13.05,13.03,13.22,13.23,13.24,13.25,13.28,13.29,13.3,13.33,13.35,13.38,2400,1600,1000,500,1800,100,300,3400,100,400,400,500,4000,2500,2200,1000,11000,6200,10400,7800
124.0,13.21,254900,3349940.0,13.21,13.19,13.18,13.17,13.15,13.12,13.08,13.06,13.05,13.03,13.22,13.23,13.24,13.25,13.28,13.29,13.3,13.33,13.35,13.38,2100,1600,1000,500,1800,100,300,3400,100,400,400,500,4000,2500,2200,1000,11000,6200,10400,7800
125.0,13.22,255300,3355228.0,13.22,13.21,13.19,13.18,13.17,13.15,13.12,13.08,13.06,13.05,13.23,13.24,13.25,13.28,13.29,13.3,13.33,13.35,13.38,13.39,100,2200,1600,1000,500,1800,100,300,3400,100,500,4000,2500,2200,1000,11000,6200,10400,7800,3800
126.0,13.22,255500,3357872.0,13.21,13.19,13.18,13.17,13.15,13.12,13.08,13.06,13.05,13.03,13.22,13.23,13.24,13.25,13.28,13.29,13.3,13.33,13.35,13.38,2200,1600,1000,500,1800,100,300,3400,100,400,7400,500,4000,2500,2200,1000,11000,6200,10400,7800
127.0,13.21,255700,3360514.0,13.21,13.19,13.18,13.17,13.15,13.12,13.08,13.06,13.05,13.03,13.22,13.23,13.24,13.25,13.28,13.29,13.3,13.33,13.35,13.38,2000,1600,1000,500,1800,100,300,3400,100,400,7400,500,4000,2500,2200,1000,11000,6200,10400,7800
128.0,13.21,255700,3360514.0,13.21,13.19,13.18,13.17,13.15,13.12,13.08,13.06,13.05,13.03,13.22,13.23,13.24,13.25,13.28,13.29,13.3,13.33,13.35,13.38,2000,1600,1000,500,1800,100,300,3400,100,400,7700,500,4000,2500,2200,1000,11000,6200,10400,7800
129.0,13.21,256000,3364477.0,13.21,13.19,13.18,13.17,13.15,13.12,13.08,13.06,13.05,13.03,13.22,13.23,13.24,13.25,13.28,13.29,13.3,13.33,13.35,13.38,1700,1600,1000,500,1800,100,300,3400,100,400,7700,500,4000,2500,2200,1000,11000,6200,10400,7800
130.0,13.21,256100,3365798.0,13.21,13.19,13.18,13.17,13.15,13.12,13.08,13.06,13.05,13.03,13.22,13.23,13.24,13.25,13.28,13.29,13.3,13.33,13.35,13.38,1600,1600,1000,500,1800,100,300,3400,100,400,7700,500,4000,2500,2200,1000,11000,6200,10400,7800
131.0,13.21,257700,3386934.0,13.19,13.18,13.17,13.15,13.12,13.08,13.06,13.05,13.03,13.02,13.21,13.22,13.23,13.24,13.25,13.28,13.29,13.3,13.33,13.35,1600,1000,500,1800,100,300,3400,100,400,100,11100,7700,500,4000,2500,1800,1000,11000,6200,10400
132.0,13.21,257700,3386934.0,13.19,13.18,13.17,13.15,13.12,13.08,13.06,13.05,13.03,13.02,13.2,13.21,13.22,13.23,13.25,13.28,13.29,13.3,13.33,13.35,2200,1000,500,1800,100,300,3400,100,400,100,100,13700,7700,1500,2500,1400,1000,11000,6200,10400
133.0,13.21,257700,3386934.0,13.19,13.18,13.17,13.15,13.12,13.08,13.06,13.05,13.03,13.02,13.2,13.21,13.22,13.23,13.25,13.28,13.29,13.3,13.33,13.35,2200,1000,500,1800,100,300,3400,100,400,100,100,13700,7700,1500,2500,1400,1000,11000,6200,10400
134.0,13.19,257900,3389572.0,13.19,13.18,13.17,13.15,13.12,13.08,13.06,13.05,13.03,13.02,13.2,13.21,13.22,13.23,13.25,13.28,13.29,13.3,13.33,13.35,2000,1000,500,1800,100,300,3400,100,400,100,1400,13700,7700,1500,2500,1400,1000,11000,6200,10400
135.0,13.19,258300,3394848.0,13.19,13.18,13.17,13.15,13.12,13.08,13.06,13.05,13.03,13.02,13.2,13.21,13.22,13.23,13.25,13.28,13.29,13.3,13.33,13.35,1600,1000,500,1800,100,300,3400,100,400,100,1400,13700,7700,1500,2500,1400,1500,11000,6200,10400
136.0,13.19,258300,3394848.0,13.19,13.18,13.17,13.15,13.12,13.08,13.06,13.05,13.03,13.02,13.2,13.21,13.22,13.23,13.25,13.28,13.29,13.3,13.33,13.35,1600,1000,500,1800,100,300,3400,100,400,100,1400,13700,7700,1900,2500,1400,1500,11000,6200,10400
137.0,13.19,258400,3396167.0,13.19,13.18,13.17,13.15,13.12,13.08,13.06,13.05,13.03,13.02,13.2,13.21,13.22,13.23,13.25,13.28,13.29,13.3,13.33,13.35,1600,1000,500,1800,100,300,3400,100,400,100,1400,13700,7700,1900,2500,1400,1500,11000,6200,10400
138.0,13.19,258400,3396167.0,13.19,13.18,13.17,13.15,13.12,13.08,13.06,13.05,13.03,13.02,13.2,13.21,13.22,13.23,13.25,13.28,13.29,13.3,13.33,13.35,1600,1000,500,1800,100,300,3400,100,400,100,1400,13700,7700,1900,2500,1400,1500,11000,6200,10400
139.0,13.2,259000,3404087.0,13.19,13.18,13.17,13.15,13.12,13.08,13.06,13.05,13.03,13.02,13.2,13.21,13.22,13.23,13.25,13.28,13.29,13.3,13.33,13.35,1600,1000,500,1800,100,300,3400,100,400,100,800,13700,7700,1900,2500,1400,1500,11000,6200,10400
140.0,13.19,259200,3406725.0,13.19,13.18,13.17,13.15,13.12,13.08,13.06,13.05,13.03,13.02,13.2,13.21,13.22,13.23,13.25,13.28,13.29,13.3,13.33,13.35,1500,1000,500,1800,100,300,3400,100,400,100,900,13700,7700,1900,2500,1400,1500,11000,6200,10400
141.0,13.19,260700,3426510.0,13.18,13.17,13.15,13.12,13.08,13.06,13.05,13.03,13.02,13.01,13.19,13.2,13.21,13.22,13.23,13.25,13.28,13.29,13.3,13.33,1000,500,1800,100,300,3400,100,400,100,300,2500,900,10200,7700,1900,2500,1400,1500,11000,6200
142.0,13.19,260700,3426510.0,13.18,13.17,13.15,13.12,13.08,13.06,13.05,13.03,13.02,13.01,13.19,13.2,13.21,13.22,13.23,13.25,13.28,13.29,13.3,13.33,1000,500,1800,100,300,3400,100,400,100,300,2500,900,10200,7700,1900,2500,1400,1500,11000,6200
143.0,13.18,261700,3439690.0,13.17,13.15,13.12,13.08,13.06,13.05,13.03,13.02,13.01,13.0,13.18,13.19,13.2,13.21,13.22,13.23,13.25,13.28,13.29,13.3,500,1800,100,300,3400,100,400,100,300,1300,600,2500,900,10200,7700,1900,2500,1400,1500,11000
144.0,13.18,261700,3439690.0,13.17,13.15,13.12,13.08,13.06,13.05,13.03,13.02,13.01,13.0,13.18,13.19,13.2,13.21,13.22,13.23,13.25,13.28,13.29,13.3,500,1800,100,300,3400,100,400,100,300,1300,600,3400,900,10200,9700,1900,2500,1400,1500,11000
145.0,13.18,261700,3439690.0,13.17,13.15,13.12,13.08,13.06,13.05,13.03,13.02,13.01,13.0,13.18,13.19,13.2,13.21,13.22,13.23,13.25,13.28,13.29,13.3,500,1800,100,300,3400,100,400,100,300,1300,600,3400,900,10200,9700,1900,2500,1400,1500,11000
146.0,13.17,261800,3441007.0,13.17,13.15,13.12,13.08,13.06,13.05,13.03,13.02,13.01,13.0,13.18,13.19,13.2,13.21,13.22,13.23,13.25,13.28,13.29,13.3,600,1800,100,300,3400,100,400,100,300,1300,600,3400,900,10200,9700,1900,2500,1400,1500,11000
147.0,13.17,261800,3441007.0,13.17,13.15,13.12,13.08,13.06,13.05,13.03,13.02,13.01,13.0,13.18,13.19,13.2,13.21,13.22,13.23,13.25,13.28,13.29,13.3,600,1800,100,300,3400,100,400,100,300,1300,600,3400,900,10200,9700,1900,2500,1400,1500,11000
148.0,13.17,261800,3441007.0,13.17,13.15,13.12,13.08,13.06,13.05,13.03,13.02,13.01,13.0,13.18,13.19,13.2,13.21,13.22,13.23,13.25,13.28,13.29,13.3,600,1800,100,300,3400,100,400,100,300,1300,600,3400,900,10200,9700,1900,2500,1400,1500,11500
149.0,13.17,261800,3441007.0,13.17,13.15,13.12,13.08,13.06,13.05,13.03,13.02,13.01,13.0,13.18,13.19,13.2,13.21,13.22,13.23,13.25,13.28,13.29,13.3,1100,1800,100,300,3400,100,400,100,300,1300,600,3400,900,10200,9700,1900,2500,1400,1500,11500
150.0,13.17,262900,3455494.0,13.15,13.12,13.08,13.06,13.05,13.03,13.02,13.01,13.0,12.98,13.18,13.19,13.2,13.21,13.22,13.23,13.25,13.28,13.29,13.3,1800,100,300,3400,100,400,100,300,1300,11200,600,3400,900,10200,9700,1900,2500,1400,1500,11500
151.0,13.18,263000,3456812.0,13.15,13.12,13.08,13.06,13.05,13.03,13.02,13.01,13.0,12.98,13.18,13.19,13.2,13.21,13.22,13.23,13.25,13.28,13.29,13.3,2000,100,300,3400,100,400,100,300,1300,11200,700,3400,900,10200,9700,1900,2500,1400,1500,11500
152.0,13.15,264700,3479167.0,13.15,13.12,13.08,13.06,13.05,13.03,13.02,13.01,13.0,12.98,13.18,13.19,13.2,13.21,13.22,13.23,13.25,13.28,13.29,13.3,300,100,300,3400,100,400,100,300,1300,11200,1100,4000,900,10200,9700,1900,2500,1400,1500,11500
153.0,13.18,265000,3483121.0,13.15,13.12,13.08,13.06,13.05,13.03,13.02,13.01,13.0,12.98,13.18,13.19,13.2,13.21,13.22,13.23,13.25,13.28,13.29,13.3,1500,100,300,3300,100,400,100,300,1300,11200,1600,4000,900,10200,9700,1900,2500,1400,1500,12000
154.0,13.18,265000,3483121.0,13.15,13.12,13.08,13.06,13.05,13.03,13.02,13.01,13.0,12.98,13.18,13.19,13.2,13.21,13.22,13.23,13.25,13.28,13.29,13.3,1500,100,300,3300,100,400,100,300,1300,11200,1600,4000,900,10200,9700,1900,2500,1400,1500,12000
155.0,13.18,265000,3483121.0,13.15,13.12,13.08,13.06,13.05,13.03,13.02,13.01,13.0,12.98,13.18,13.19,13.2,13.21,13.22,13.23,13.25,13.28,13.29,13.3,1900,100,300,2800,100,400,100,300,1300,11200,2000,4000,900,10200,9700,1900,2500,1400,1500,12000
156.0,13.15,265100,3484436.0,13.15,13.12,13.08,13.06,13.05,13.03,13.02,13.01,13.0,12.98,13.18,13.19,13.2,13.21,13.22,13.23,13.25,13.28,13.29,13.3,2000,100,100,2800,100,400,100,300,1300,11200,2200,4000,900,10200,9700,1900,2500,1400,1500,12000
157.0,13.15,265700,3492326.0,13.15,13.12,13.08,13.06,13.05,13.03,13.02,13.01,13.0,12.98,13.18,13.19,13.2,13.21,13.22,13.23,13.25,13.28,13.29,13.3,2300,100,100,2800,100,400,100,300,1300,11200,3100,4000,900,10200,9700,1900,2500,1400,1500,12000
158.0,13.17,266100,3497594.0,13.15,13.14,13.13,13.12,13.11,13.1,13.09,13.08,13.06,13.05,13.17,13.18,13.19,13.2,13.21,13.22,13.23,13.25,13.28,13.29,2500,600,200,600,2200,200,300,2900,2800,100,1000,3300,4000,900,10200,9700,1900,2500,1400,1500
159.0,13.17,267100,3510760.0,13.15,13.14,13.13,13.12,13.11,13.1,13.09,13.08,13.06,13.05,13.17,13.18,13.19,13.2,13.21,13.22,13.23,13.25,13.28,13.29,2300,700,200,600,2200,200,300,100,2800,100,400,3300,4000,900,10200,9700,1900,2500,1400,1500
160.0,13.18,268100,3523936.0,13.16,13.15,13.14,13.13,13.12,13.11,13.1,13.09,13.08,13.06,13.18,13.19,13.2,13.21,13.22,13.23,13.25,13.28,13.29,13.3,100,3800,1700,200,300,2200,200,300,100,2800,2700,4000,900,10200,9700,1900,2500,1400,1500,12000
161.0,13.18,270100,3550288.0,13.15,13.14,13.12,13.11,13.1,13.09,13.08,13.06,13.05,13.03,13.18,13.19,13.2,13.21,13.22,13.23,13.25,13.28,13.29,13.3,3800,1800,300,2200,200,300,100,2400,100,400,1100,4000,3700,10200,9700,1900,2500,1400,1500,12000
162.0,13.18,270100,3550288.0,13.15,13.14,13.12,13.11,13.1,13.09,13.08,13.06,13.05,13.03,13.18,13.19,13.2,13.21,13.22,13.23,13.25,13.28,13.29,13.3,3800,1800,300,2200,200,300,700,2400,100,400,1100,4000,3700,10200,9700,1900,2500,1400,1500,12000
163.0,13.15,270400,3554233.0,13.15,13.14,13.12,13.11,13.1,13.09,13.08,13.06,13.05,13.03,13.18,13.19,13.2,13.21,13.22,13.23,13.25,13.28,13.29,13.3,4200,1800,300,2200,200,300,700,2400,100,400,1800,4000,3700,10200,9700,1900,2500,1400,1500,12000
164.0,13.18,270900,3560811.0,13.15,13.14,13.12,13.11,13.1,13.09,13.08,13.06,13.05,13.03,13.18,13.19,13.2,13.21,13.22,13.23,13.25,13.28,13.29,13.3,3800,1800,300,2200,200,300,700,2400,100,400,1700,4000,3700,10200,9700,2900,2500,1400,1500,12000
165.0,13.18,270900,3560811.0,13.15,13.14,13.12,13.11,13.1,13.09,13.08,13.06,13.05,13.03,13.18,13.19,13.2,13.21,13.22,13.23,13.25,13.28,13.29,13.3,4000,1800,300,2200,200,300,700,2400,100,400,1900,4000,3700,10200,9700,2900,2500,1400,1500,12000
166.0,13.18,271600,3570025.0,13.16,13.15,13.14,13.12,13.11,13.1,13.09,13.08,13.06,13.05,13.18,13.19,13.2,13.21,13.22,13.23,13.25,13.28,13.29,13.3,400,4100,1800,300,2200,200,300,700,2400,100,2100,4000,3700,10200,9700,2900,2500,1400,1500,12000
167.0,13.18,271600,3570025.0,13.16,13.15,13.14,13.12,13.11,13.1,13.09,13.08,13.06,13.05,13.18,13.19,13.2,13.21,13.22,13.23,13.25,13.28,13.29,13.3,400,4100,1800,300,2200,200,300,700,2400,100,2100,4000,3700,10200,9700,2900,2500,1400,1500,12000
168.0,13.18,271600,3570025.0,13.16,13.15,13.14,13.12,13.11,13.1,13.09,13.08,13.06,13.05,13.18,13.19,13.2,13.21,13.22,13.23,13.25,13.28,13.29,13.3,400,2800,1800,300,2200,200,300,700,2400,100,2100,4000,3700,10200,9700,2900,2500,1400,1500,12000
169.0,13.18,271600,3570025.0,13.16,13.15,13.14,13.12,13.11,13.1,13.09,13.08,13.06,13.05,13.18,13.19,13.2,13.21,13.22,13.23,13.25,13.28,13.29,13.3,400,2800,1800,300,2200,200,300,700,2400,100,6400,4000,3700,10200,9700,2900,2500,1400,1500,12000
170.0,13.18,271600,3570025.0,13.16,13.15,13.14,13.12,13.11,13.1,13.09,13.08,13.06,13.05,13.18,13.19,13.2,13.21,13.22,13.23,13.25,13.28,13.29,13.3,400,2800,1800,300,2200,200,300,700,2400,100,6400,4000,3700,10200,9700,2900,2500,1400,1500,12000
171.0,13.18,271600,3570025.0,13.16,13.15,13.14,13.12,13.11,13.1,13.09,13.08,13.06,13.05,13.18,13.19,13.2,13.21,13.22,13.23,13.25,13.28,13.29,13.3,400,2800,1800,300,2200,200,300,700,2400,100,6400,4000,3700,10200,9700,2900,2500,1400,1500,12000
172.0,13.18,271600,3570025.0,13.16,13.15,13.14,13.12,13.11,13.1,13.09,13.08,13.06,13.05,13.18,13.19,13.2,13.21,13.22,13.23,13.25,13.28,13.29,13.3,400,2800,1800,300,2200,200,300,700,2400,100,6400,4000,3700,10200,9700,2900,2500,1400,1500,12000
173.0,13.18,271700,3571343.0,13.16,13.15,13.14,13.12,13.11,13.1,13.09,13.08,13.06,13.05,13.18,13.19,13.2,13.21,13.22,13.23,13.25,13.28,13.29,13.3,400,2800,1800,300,2200,200,300,700,2400,100,7300,4000,3700,10200,9700,2900,2500,1400,1500,12000
174.0,13.18,271700,3571343.0,13.16,13.15,13.14,13.12,13.11,13.1,13.09,13.08,13.06,13.05,13.18,13.19,13.2,13.21,13.22,13.23,13.25,13.28,13.29,13.3,400,2800,1800,300,2200,200,300,700,2400,100,7300,4000,3700,10200,9700,2900,2500,1400,1500,12000
175.0,13.18,271700,3571343.0,13.16,13.15,13.14,13.12,13.11,13.1,13.09,13.08,13.06,13.05,13.18,13.19,13.2,13.21,13.22,13.23,13.25,13.28,13.29,13.3,400,2800,1800,300,2200,200,300,700,2400,100,7300,4000,3700,10200,9700,2900,2500,1400,1500,12000
176.0,13.18,271700,3571343.0,13.16,13.15,13.14,13.12,13.11,13.1,13.09,13.08,13.06,13.05,13.18,13.19,13.2,13.21,13.22,13.23,13.25,13.28,13.29,13.3,400,2800,1800,300,2200,200,300,700,2400,100,7300,4000,3700,10200,9700,2900,2500,4200,1500,12000
177.0,13.18,271700,3571343.0,13.16,13.15,13.14,13.12,13.11,13.1,13.09,13.08,13.06,13.05,13.18,13.19,13.2,13.21,13.22,13.23,13.25,13.28,13.29,13.3,400,2800,1800,300,2200,200,300,700,2400,100,7300,4000,3700,10200,9700,2900,2500,4200,1500,12000
178.0,13.18,271700,3571343.0,13.16,13.15,13.14,13.12,13.11,13.1,13.09,13.08,13.06,13.05,13.18,13.19,13.2,13.21,13.22,13.23,13.25,13.28,13.29,13.3,400,2800,1800,300,2200,200,300,700,2400,100,7300,4000,3700,10200,9700,2900,2500,4200,1500,12000
179.0,13.18,271700,3571343.0,13.16,13.15,13.14,13.12,13.11,13.1,13.09,13.08,13.06,13.05,13.18,13.19,13.2,13.21,13.22,13.23,13.25,13.28,13.29,13.3,400,2800,1800,300,2200,200,300,700,2400,100,7300,4000,3700,10200,9700,2900,2500,4200,1500,12000
180.0,13.18,271700,3571343.0,13.16,13.15,13.14,13.12,13.11,13.1,13.09,13.08,13.06,13.05,13.18,13.19,13.2,13.21,13.22,13.23,13.25,13.28,13.29,13.3,400,2800,1800,300,2200,200,300,700,2400,100,7300,4000,3700,10200,9700,2900,2500,4200,1500,12000
181.0,13.18,271700,3571343.0,13.16,13.15,13.14,13.12,13.11,13.1,13.09,13.08,13.06,13.05,13.18,13.19,13.2,13.21,13.22,13.23,13.25,13.28,13.29,13.3,400,2800,1800,300,2200,200,300,700,2400,100,7300,4000,3700,10200,9700,2900,2500,4200,1500,12000
182.0,13.18,275800,3625381.0,13.17,13.16,13.15,13.14,13.12,13.11,13.1,13.09,13.08,13.06,13.18,13.19,13.2,13.21,13.22,13.23,13.25,13.28,13.29,13.3,8900,900,2800,1800,300,2200,200,300,700,2400,3200,3400,3700,10200,9700,2900,2500,4200,1500,12000
183.0,13.18,276600,3635918.0,13.17,13.16,13.15,13.14,13.12,13.11,13.1,13.09,13.08,13.06,13.18,13.19,13.2,13.21,13.22,13.23,13.25,13.28,13.29,13.3,8300,900,2800,1800,300,2200,200,300,700,2400,3100,3400,3700,10200,9700,2900,2500,4200,1500,12000
184.0,13.18,277100,3642508.0,13.17,13.16,13.15,13.14,13.12,13.11,13.1,13.09,13.08,13.06,13.18,13.19,13.2,13.21,13.22,13.23,13.25,13.28,13.29,13.3,8300,900,2800,1800,300,2200,200,300,700,2400,2600,3400,3700,10200,9700,2900,2500,4200,1500,12000
185.0,13.19,281100,3695242.0,13.18,13.17,13.16,13.15,13.14,13.12,13.11,13.1,13.09,13.08,13.19,13.2,13.21,13.22,13.23,13.25,13.28,13.29,13.3,13.33,1100,8300,900,2800,1100,300,2200,200,300,700,2000,1900,10200,9700,2900,2500,4200,1500,12000,9500
186.0,13.19,281100,3695242.0,13.18,13.17,13.16,13.15,13.14,13.12,13.11,13.1,13.09,13.08,13.19,13.2,13.21,13.22,13.23,13.25,13.28,13.29,13.3,13.33,1200,8300,900,2800,700,300,2200,200,300,700,2000,1900,10200,9700,2900,2500,4200,1500,12000,9500
187.0,13.19,282500,3713707.0,13.18,13.17,13.16,13.15,13.14,13.12,13.11,13.1,13.09,13.08,13.19,13.2,13.21,13.22,13.23,13.25,13.28,13.29,13.3,13.33,1000,8300,600,2800,600,300,2200,200,300,700,700,2100,10200,9700,2900,2500,4200,1500,12000,9500
188.0,13.2,283900,3732180.0,13.18,13.17,13.16,13.15,13.14,13.12,13.11,13.1,13.09,13.08,13.2,13.21,13.22,13.23,13.25,13.28,13.29,13.3,13.33,13.35,800,8300,600,2800,500,300,2200,200,300,700,1400,10200,9700,2900,2500,4200,1500,12000,9500,10400
189.0,13.2,284200,3736140.0,13.18,13.17,13.16,13.15,13.14,13.12,13.11,13.1,13.09,13.08,13.2,13.21,13.22,13.23,13.25,13.28,13.29,13.3,13.33,13.35,800,8300,600,2800,500,300,2200,200,300,700,1100,8900,9700,2900,2500,4200,1500,12000,9500,10400
190.0,13.2,284600,3741420.0,13.18,13.17,13.16,13.15,13.14,13.12,13.11,13.1,13.09,13.08,13.2,13.21,13.22,13.23,13.25,13.28,13.29,13.3,13.33,13.35,800,8300,600,2800,500,300,2200,200,300,700,700,9900,9700,2900,2500,4200,1500,12000,9500,10400
191.0,13.21,289400,3804821.0,13.2,13.18,13.17,13.16,13.15,13.14,13.12,13.11,13.1,13.09,13.21,13.22,13.23,13.25,13.28,13.29,13.3,13.31,13.33,13.35,1200,800,8300,600,2800,500,300,2200,200,300,5800,9700,2900,2500,4200,1500,12000,500,9500,10400
192.0,13.2,289700,3808781.0,13.2,13.18,13.17,13.16,13.15,13.14,13.12,13.11,13.1,13.09,13.21,13.22,13.23,13.25,13.28,13.29,13.3,13.31,13.33,13.35,900,800,8300,600,2800,500,300,2200,200,300,5800,9700,2900,2500,4200,1500,12000,500,9500,10400
193.0,13.21,290500,3819349.0,13.2,13.18,13.17,13.16,13.15,13.14,13.12,13.11,13.1,13.09,13.21,13.22,13.23,13.25,13.28,13.29,13.3,13.31,13.33,13.35,900,800,8200,400,2800,500,300,2200,200,300,5000,9700,2900,2500,4200,1500,12000,500,9500,10400
194.0,13.21,291600,3833880.0,13.2,13.18,13.17,13.16,13.15,13.14,13.12,13.11,13.1,13.09,13.21,13.22,13.23,13.25,13.28,13.29,13.3,13.31,13.33,13.35,400,800,8200,400,2800,500,300,2200,200,300,3900,9800,2900,2500,4200,1500,12000,500,9500,10400
195.0,13.2,292000,3839160.0,13.18,13.17,13.16,13.15,13.14,13.12,13.11,13.1,13.09,13.08,13.19,13.21,13.22,13.23,13.25,13.28,13.29,13.3,13.31,13.33,800,8200,400,2800,500,300,2200,200,300,700,1500,4400,9800,2900,2500,4200,1500,12000,500,9500
196.0,13.2,292000,3839160.0,13.18,13.17,13.16,13.15,13.14,13.12,13.11,13.1,13.09,13.08,13.19,13.21,13.22,13.23,13.25,13.28,13.29,13.3,13.31,13.33,800,8200,400,2800,500,300,2200,200,300,700,1900,4400,9800,2900,2500,4200,1500,12000,500,9500
197.0,13.19,293900,3864221.0,13.2,13.18,13.17,13.16,13.15,13.12,13.11,13.1,13.09,13.08,13.21,13.22,13.23,13.25,13.28,13.29,13.3,13.31,13.33,13.35,100,800,8200,400,2800,300,2200,200,300,700,9900,9800,2900,2500,4200,1500,12000,500,9500,10400
198.0,13.19,293900,3864221.0,13.17,13.16,13.15,13.12,13.11,13.1,13.09,13.08,13.06,13.05,13.21,13.22,13.23,13.25,13.28,13.29,13.3,13.31,13.33,13.35,8200,400,2800,300,2200,200,300,700,2400,100,9900,9800,2900,2500,4200,1500,12000,500,9500,10400
199.0,13.17,294600,3873440.0,13.17,13.16,13.15,13.12,13.11,13.1,13.09,13.08,13.06,13.05,13.21,13.22,13.23,13.25,13.28,13.29,13.3,13.31,13.33,13.35,7700,400,2800,300,2200,200,300,700,2400,100,10100,9800,2900,2500,4200,1500,12000,500,9500,10400
200.0,13.17,294600,3873440.0,13.17,13.16,13.15,13.12,13.11,13.1,13.09,13.08,13.06,13.05,13.21,13.22,13.23,13.25,13.28,13.29,13.3,13.31,13.33,13.34,7700,400,2800,300,2200,200,300,700,2400,100,10500,9800,2900,2500,4200,1500,12000,500,9500,200
201.0,13.17,295300,3882659.0,13.17,13.16,13.15,13.12,13.11,13.1,13.09,13.08,13.06,13.05,13.21,13.22,13.23,13.25,13.28,13.29,13.3,13.31,13.33,13.34,7400,400,2800,300,2200,200,300,700,2400,100,11000,9800,2900,2500,4200,1500,12000,500,9500,200
202.0,13.21,295500,3885301.0,13.17,13.16,13.15,13.12,13.11,13.1,13.09,13.08,13.06,13.05,13.21,13.22,13.23,13.25,13.28,13.29,13.3,13.31,13.33,13.34,7600,400,2800,300,2200,200,300,700,2400,100,11000,9800,2900,2500,4200,1500,12000,500,9500,200
203.0,13.2,297100,3906376.0,13.17,13.16,13.15,13.12,13.11,13.1,13.09,13.08,13.06,13.05,13.21,13.22,13.23,13.25,13.28,13.29,13.3,13.31,13.33,13.34,6500,400,2800,300,2200,200,300,700,2400,100,11400,9800,2900,2500,4200,1500,12000,500,9500,200
204.0,13.17,297700,3914278.0,13.17,13.16,13.15,13.12,13.11,13.1,13.09,13.08,13.06,13.05,13.2,13.21,13.22,13.23,13.25,13.28,13.29,13.3,13.31,13.33,5900,400,2800,300,2200,200,300,700,2400,100,1000,12300,9800,2900,2500,4200,1500,12000,500,9500
205.0,13.17,297700,3914278.0,13.17,13.16,13.15,13.12,13.11,13.1,13.09,13.08,13.06,13.05,13.2,13.21,13.22,13.23,13.25,13.28,13.29,13.3,13.31,13.33,6300,400,2800,300,2200,200,300,700,2400,100,1400,11800,9800,2900,2500,4200,1500,12000,500,9500
206.0,13.17,298300,3922180.0,13.19,13.17,13.16,13.15,13.12,13.11,13.1,13.09,13.08,13.06,13.2,13.21,13.22,13.23,13.25,13.28,13.29,13.3,13.31,13.33,1400,5700,400,2800,300,2200,200,300,700,2400,1900,10900,9500,2900,2500,4200,1500,12000,500,9500
207.0,13.2,299900,3943300.0,13.19,13.17,13.16,13.15,13.12,13.11,13.1,13.09,13.08,13.06,13.2,13.21,13.22,13.23,13.25,13.28,13.29,13.3,13.31,13.33,1400,5700,400,2800,300,2200,200,300,700,2400,700,10900,9500,2900,2500,4200,1500,12000,500,9500
208.0,13.2,300400,3949899.0,13.19,13.17,13.16,13.15,13.12,13.11,13.1,13.09,13.08,13.06,13.2,13.21,13.22,13.23,13.25,13.28,13.29,13.3,13.31,13.33,1300,5700,400,2800,300,2200,200,300,700,2400,900,10900,9500,2900,2500,4200,1500,12000,500,9500
209.0,13.2,300900,3956499.0,13.17,13.16,13.15,13.12,13.11,13.1,13.09,13.08,13.06,13.05,13.2,13.21,13.22,13.23,13.25,13.28,13.29,13.3,13.31,13.33,5700,400,2800,300,2200,200,300,700,2400,100,500,10900,9500,1900,2500,4200,1500,12000,500,9500
210.0,13.2,300900,3956499.0,13.17,13.16,13.15,13.12,13.11,13.1,13.09,13.08,13.06,13.05,13.19,13.2,13.21,13.22,13.23,13.25,13.28,13.29,13.3,13.31,6200,400,2800,300,2200,200,300,700,2400,100,200,1000,10900,9500,1900,2500,4200,1500,12000,500
211.0,13.17,301500,3964401.0,13.17,13.16,13.15,13.12,13.11,13.1,13.09,13.08,13.06,13.05,13.18,13.19,13.2,13.21,13.22,13.23,13.25,13.28,13.29,13.3,5700,400,2800,300,2200,200,300,700,2400,100,500,700,2900,10900,9500,1900,2500,4200,1500,12000
212.0,13.17,301500,3964401.0,13.17,13.16,13.15,13.12,13.11,13.1,13.09,13.08,13.06,13.05,13.18,13.19,13.2,13.21,13.22,13.23,13.25,13.28,13.29,13.3,7100,400,2800,300,2200,200,300,700,2400,100,800,700,2900,10900,9500,1900,2500,4200,1500,12000
213.0,13.17,302200,3973620.0,13.17,13.16,13.15,13.13,13.12,13.11,13.1,13.09,13.08,13.06,13.18,13.19,13.2,13.21,13.22,13.23,13.25,13.28,13.29,13.3,6400,400,2800,500,300,2200,200,300,700,2400,800,700,2900,10900,9500,1900,2500,4200,1500,12000
214.0,13.18,302600,3978892.0,13.17,13.16,13.15,13.13,13.12,13.11,13.1,13.09,13.08,13.06,13.18,13.19,13.2,13.21,13.22,13.23,13.25,13.28,13.29,13.3,6500,400,2800,500,300,2200,200,300,700,2400,400,700,2900,10900,9500,1900,2500,4200,1500,12000
215.0,13.18,304700,4006551.0,13.17,13.16,13.15,13.13,13.12,13.11,13.1,13.09,13.08,13.06,13.18,13.19,13.2,13.21,13.22,13.23,13.25,13.28,13.29,13.3,4500,400,2800,500,300,2200,200,300,700,2400,200,700,2900,10900,9500,1900,2500,4200,1500,12000
216.0,13.18,304700,4006551.0,13.17,13.16,13.15,13.13,13.12,13.11,13.1,13.09,13.08,13.06,13.18,13.19,13.2,13.21,13.22,13.23,13.25,13.28,13.29,13.3,4500,400,2800,500,300,2200,200,300,700,2400,200,700,2900,10900,9500,1900,2500,4200,1500,12000
217.0,13.19,306600,4031610.0,13.18,13.17,13.16,13.15,13.13,13.12,13.11,13.1,13.09,13.08,13.19,13.2,13.21,13.22,13.23,13.25,13.28,13.29,13.3,13.31,7400,3500,400,2800,500,300,2200,200,300,700,300,2900,10900,9500,1900,2500,4200,1500,12000,500
218.0,13.18,307300,4040836.0,13.18,13.17,13.16,13.15,13.13,13.12,13.11,13.1,13.09,13.08,13.19,13.2,13.21,13.22,13.23,13.25,13.28,13.29,13.3,13.31,6900,2100,400,2800,500,300,2200,200,300,700,400,2900,10900,9500,1900,2500,4200,1500,12000,500
219.0,13.18,307300,4040836.0,13.18,13.17,13.16,13.15,13.13,13.12,13.11,13.1,13.09,13.08,13.19,13.2,13.21,13.22,13.23,13.25,13.28,13.29,13.3,13.31,6900,2100,400,2800,500,300,2200,200,300,700,400,2900,10900,9500,1900,2500,4200,1500,12000,500
220.0,13.18,307300,4040836.0,13.18,13.17,13.16,13.15,13.13,13.12,13.11,13.1,13.09,13.08,13.19,13.2,13.21,13.22,13.23,13.25,13.28,13.29,13.3,13.31,6900,5100,400,2800,500,300,2200,200,300,700,300,2900,10900,9500,1900,2500,4200,1500,12000,500
221.0,13.18,307900,4048744.0,13.18,13.17,13.16,13.15,13.13,13.12,13.11,13.1,13.09,13.08,13.19,13.2,13.21,13.22,13.23,13.25,13.28,13.29,13.3,13.31,7700,5100,400,2800,500,300,2200,200,300,700,300,2900,10900,9500,1900,2500,4200,1500,12000,500
222.0,13.18,308600,4057970.0,13.18,13.17,13.16,13.15,13.13,13.12,13.11,13.1,13.09,13.08,13.19,13.2,13.21,13.22,13.23,13.25,13.28,13.29,13.3,13.31,7100,5100,400,2800,500,300,2200,200,300,800,300,2900,10900,9500,1900,2500,4200,1500,12000,500
223.0,13.18,308700,4059288.0,13.18,13.17,13.16,13.15,13.13,13.12,13.11,13.1,13.09,13.08,13.19,13.2,13.21,13.22,13.23,13.25,13.28,13.29,13.3,13.31,7000,5100,400,2800,500,300,2200,200,300,800,300,2900,10900,9500,1900,2500,4200,1500,12000,500
224.0,13.18,308700,4059288.0,13.18,13.17,13.16,13.15,13.13,13.12,13.11,13.1,13.09,13.08,13.19,13.2,13.21,13.22,13.23,13.25,13.28,13.29,13.3,13.31,7000,5100,400,2800,500,300,2200,200,300,800,300,2900,10900,9500,1900,2500,4200,1500,12000,500
225.0,13.2,309800,4073791.0,13.19,13.18,13.17,13.16,13.15,13.13,13.12,13.11,13.1,13.09,13.2,13.21,13.22,13.23,13.25,13.28,13.29,13.3,13.31,13.33,1600,6200,5100,400,2800,500,300,2200,200,300,2800,10900,9500,1900,2500,4200,1500,12000,500,9500
226.0,13.2,310000,4076431.0,13.19,13.18,13.17,13.15,13.13,13.12,13.11,13.1,13.09,13.08,13.2,13.21,13.22,13.23,13.25,13.28,13.29,13.3,13.31,13.33,2700,6200,5100,2800,500,300,2200,200,300,800,2600,10900,9500,1900,2500,4200,1500,12000,500,9500
227.0,13.2,311600,4097546.0,13.19,13.18,13.17,13.15,13.13,13.12,13.11,13.1,13.09,13.08,13.2,13.21,13.22,13.23,13.25,13.28,13.29,13.3,13.31,13.33,2800,4800,5100,2800,500,300,2200,200,300,800,1500,10900,9500,1900,2500,4200,1500,12000,500,9500
228.0,13.19,312000,4102822.0,13.19,13.18,13.17,13.15,13.13,13.12,13.11,13.1,13.09,13.08,13.2,13.21,13.22,13.23,13.25,13.28,13.29,13.3,13.31,13.33,2400,4800,5100,2800,500,300,2200,200,300,800,1500,10900,9500,1900,2500,4200,1500,12000,500,9500
229.0,13.2,312400,4108102.0,13.19,13.18,13.17,13.15,13.13,13.12,13.11,13.1,13.09,13.08,13.2,13.21,13.22,13.23,13.25,13.28,13.29,13.3,13.31,13.33,2400,4800,5100,2800,500,300,2200,200,300,800,1100,10900,9500,1900,2500,4200,1500,12000,500,9500
230.0,13.2,312500,4109422.0,13.19,13.18,13.17,13.15,13.13,13.12,13.11,13.1,13.09,13.08,13.2,13.21,13.22,13.23,13.25,13.28,13.29,13.3,13.31,13.33,3800,4800,5100,2800,500,300,2200,200,300,800,1000,10900,9500,1900,2500,4200,1500,12000,500,9500
231.0,13.2,312600,4110742.0,13.19,13.18,13.17,13.15,13.13,13.12,13.11,13.1,13.09,13.08,13.2,13.21,13.22,13.23,13.25,13.28,13.29,13.3,13.31,13.33,3800,4800,5100,2800,500,300,2200,200,300,800,900,10900,9500,1900,2500,4200,1500,12000,500,9500
232.0,13.2,313200,4118659.0,13.19,13.18,13.17,13.15,13.13,13.12,13.11,13.1,13.09,13.08,13.2,13.21,13.22,13.23,13.25,13.28,13.29,13.3,13.31,13.33,3500,4800,5100,2800,500,300,2200,200,300,800,600,10900,9500,1900,2500,4200,1500,12000,500,9500
233.0,13.2,313200,4118659.0,13.19,13.18,13.17,13.15,13.13,13.12,13.11,13.1,13.09,13.08,13.2,13.21,13.22,13.23,13.25,13.28,13.29,13.3,13.31,13.33,3500,4800,5100,2800,500,300,2200,200,300,800,2700,10900,9500,1900,2500,4200,1500,12000,500,9500
234.0,13.2,313200,4118659.0,13.19,13.18,13.17,13.15,13.13,13.12,13.11,13.1,13.09,13.08,13.2,13.21,13.22,13.23,13.25,13.28,13.29,13.3,13.31,13.33,3500,4800,5100,2800,500,300,2200,200,300,800,2700,11800,9500,1900,2500,4200,1500,12000,500,9500
235.0,13.2,314200,4131853.0,13.19,13.18,13.17,13.15,13.13,13.12,13.11,13.1,13.09,13.08,13.2,13.21,13.22,13.23,13.25,13.28,13.29,13.3,13.31,13.33,2900,4800,5100,2800,500,300,2200,200,300,800,2300,11800,9500,1900,2500,4200,1500,12000,500,9500
236.0,13.2,314600,4137133.0,13.19,13.18,13.17,13.15,13.13,13.12,13.11,13.1,13.09,13.08,13.2,13.21,13.22,13.23,13.25,13.28,13.29,13.3,13.31,13.33,2900,4800,5100,2800,500,300,2200,200,300,800,1900,11800,9500,1900,2500,4200,1500,12000,500,9500
237.0,13.2,314600,4137133.0,13.19,13.18,13.17,13.15,13.13,13.12,13.11,13.1,13.09,13.08,13.2,13.21,13.22,13.23,13.25,13.28,13.29,13.3,13.31,13.33,2900,4800,5100,2800,500,300,2200,200,300,800,1900,11800,9500,1900,2500,4200,1500,12000,500,9500
238.0,13.2,315100,4143733.0,13.19,13.18,13.17,13.15,13.13,13.12,13.11,13.1,13.09,13.08,13.2,13.21,13.22,13.23,13.25,13.28,13.29,13.3,13.31,13.33,2900,4800,5100,2800,1500,300,2200,200,300,800,1400,11800,9500,1900,2500,4200,1500,12000,500,9500
239.0,13.2,317200,4171446.0,13.2,13.19,13.18,13.17,13.15,13.13,13.12,13.11,13.1,13.09,13.21,13.22,13.23,13.25,13.28,13.29,13.3,13.31,13.33,13.34,300,2200,4800,5100,2800,1500,300,2200,200,300,12600,9500,1900,2500,4200,1500,12000,500,9500,200
240.0,13.2,317200,4171446.0,13.2,13.19,13.18,13.17,13.15,13.13,13.12,13.11,13.1,13.09,13.21,13.22,13.23,13.25,13.28,13.29,13.3,13.31,13.33,13.34,1300,2200,4800,5100,2800,1500,300,2200,200,300,12600,9500,1900,2500,4200,1500,12000,500,9500,200
241.0,13.2,317700,4178046.0,13.2,13.19,13.18,13.17,13.15,13.13,13.12,13.11,13.1,13.09,13.21,13.22,13.23,13.25,13.28,13.29,13.3,13.31,13.33,13.34,1100,2200,4800,5100,2800,1500,300,2200,200,300,12600,9500,1900,2500,4200,1500,12000,500,9500,200
242.0,13.2,317900,4180686.0,13.2,13.19,13.18,13.17,13.15,13.13,13.12,13.11,13.1,13.09,13.21,13.22,13.23,13.25,13.28,13.29,13.3,13.31,13.33,13.34,900,800,4800,5100,2800,1500,300,2200,200,300,12600,9500,1900,2500,4200,1500,12000,500,9500,200
243.0,13.2,317900,4180686.0,13.2,13.19,13.18,13.17,13.15,13.13,13.12,13.11,13.1,13.09,13.21,13.22,13.23,13.25,13.28,13.29,13.3,13.31,13.33,13.34,900,800,4800,5100,2800,1500,300,2200,200,300,12600,9500,1900,2500,4200,1500,12000,500,9500,200
244.0,13.21,318300,4185970.0,13.2,13.19,13.18,13.17,13.15,13.13,13.12,13.11,13.1,13.09,13.21,13.22,13.23,13.25,13.28,13.29,13.3,13.31,13.33,13.34,900,800,4800,5100,2800,1500,300,2200,200,300,12200,9500,1900,2500,4200,1500,12000,500,9500,200
245.0,13.21,318300,4185970.0,13.2,13.19,13.18,13.17,13.15,13.13,13.12,13.11,13.1,13.09,13.21,13.22,13.23,13.25,13.28,13.29,13.3,13.31,13.33,13.34,2400,800,4800,5100,2800,1500,300,2200,200,300,12200,9500,1900,2500,4200,1500,12000,500,9500,200
246.0,13.21,318300,4185970.0,13.2,13.19,13.18,13.17,13.15,13.13,13.12,13.11,13.1,13.09,13.21,13.22,13.23,13.25,13.28,13.29,13.3,13.31,13.33,13.34,2500,800,4800,5100,2800,1500,300,2200,200,300,12200,9500,1900,2500,4200,1500,12000,500,9500,200
247.0,13.21,320600,4216353.0,13.2,13.19,13.18,13.17,13.15,13.13,13.12,13.11,13.1,13.09,13.21,13.22,13.23,13.25,13.28,13.29,13.3,13.31,13.33,13.34,9600,800,200,5100,2800,1500,300,2200,200,300,9900,9500,1900,2500,4200,1500,12000,500,9500,200
248.0,13.21,320800,4218995.0,13.2,13.19,13.18,13.17,13.15,13.13,13.12,13.11,13.1,13.09,13.21,13.22,13.23,13.25,13.28,13.29,13.3,13.31,13.33,13.34,10100,800,200,5100,2800,1500,300,2200,200,300,9700,9500,1900,2500,4200,1500,12000,500,9500,200
249.0,13.2,321800,4232196.0,13.2,13.19,13.17,13.15,13.13,13.12,13.11,13.1,13.09,13.08,13.21,13.22,13.23,13.25,13.28,13.29,13.3,13.31,13.33,13.34,9300,800,5100,2800,1500,300,2200,200,300,800,9600,10000,1900,2500,4200,1500,12000,500,9500,200
250.0,13.21,324400,4266520.0,13.2,13.19,13.17,13.15,13.13,13.12,13.11,13.1,13.09,13.08,13.21,13.22,13.23,13.25,13.28,13.29,13.3,13.31,13.33,13.34,7100,800,5100,2800,1500,300,2200,200,300,800,9200,10000,1900,2500,4200,1500,12000,500,9500,200
251.0,13.21,324700,4270483.0,13.2,13.19,13.17,13.15,13.13,13.12,13.11,13.1,13.09,13.08,13.21,13.22,13.23,13.25,13.28,13.29,13.3,13.31,13.33,13.34,7100,800,5100,2800,1500,300,2200,200,300,800,8900,10000,1900,2500,4200,1500,12000,500,9500,200
252.0,13.2,325400,4279723.0,13.2,13.19,13.17,13.15,13.13,13.12,13.11,13.1,13.09,13.08,13.21,13.22,13.23,13.25,13.28,13.29,13.3,13.31,13.33,13.34,6400,800,5100,2800,1500,300,2200,200,300,800,8900,10000,1900,2500,4200,1500,12000,500,9500,200
253.0,13.21,325800,4285007.0,13.2,13.19,13.17,13.15,13.13,13.12,13.11,13.1,13.09,13.08,13.21,13.22,13.23,13.25,13.28,13.29,13.3,13.31,13.33,13.34,6400,800,5100,2800,1500,300,2200,200,300,800,8500,10000,1900,2500,4200,1500,12000,500,9500,200
254.0,13.21,325800,4285007.0,13.2,13.19,13.17,13.15,13.13,13.12,13.11,13.1,13.09,13.08,13.21,13.22,13.23,13.25,13.28,13.29,13.3,13.31,13.33,13.34,6400,800,5100,2800,1500,300,2200,200,300,800,8500,10000,1900,2500,4200,1500,12000,500,9500,200
255.0,13.2,326400,4292927.0,13.2,13.19,13.17,13.15,13.13,13.12,13.11,13.1,13.09,13.08,13.21,13.22,13.23,13.25,13.28,13.29,13.3,13.31,13.33,13.34,5800,800,5100,2800,1500,300,2200,200,300,800,8500,10000,1900,2500,4200,1500,12000,500,9500,200
256.0,13.21,326800,4298211.0,13.2,13.19,13.17,13.15,13.13,13.12,13.11,13.1,13.09,13.08,13.21,13.22,13.23,13.25,13.28,13.29,13.3,13.31,13.33,13.34,5800,800,5100,2800,1500,300,2200,200,300,800,8100,10000,1900,2500,4200,1500,12000,500,9500,200
257.0,13.2,327300,4304811.0,13.2,13.19,13.17,13.15,13.13,13.12,13.11,13.1,13.09,13.08,13.21,13.22,13.23,13.25,13.28,13.29,13.3,13.31,13.33,13.34,5900,400,5100,2800,1500,300,2200,200,300,800,8200,10000,1900,2500,4200,1500,12000,500,9500,200
258.0,13.2,327300,4304811.0,13.2,13.19,13.17,13.15,13.13,13.12,13.11,13.1,13.09,13.08,13.21,13.22,13.23,13.25,13.28,13.29,13.3,13.31,13.33,13.34,5900,400,5100,2800,1500,300,2200,200,300,800,8200,10000,1900,2500,4200,1500,12000,500,9500,200
259.0,13.21,328100,4315374.0,13.2,13.19,13.17,13.15,13.13,13.12,13.11,13.1,13.09,13.08,13.21,13.22,13.23,13.25,13.28,13.29,13.3,13.31,13.33,13.34,5400,400,5100,2800,1500,300,2200,200,300,800,7900,10000,1900,2500,4200,1500,12000,500,9500,200
260.0,13.21,328100,4315374.0,13.2,13.19,13.17,13.15,13.13,13.12,13.11,13.1,13.09,13.08,13.21,13.22,13.23,13.25,13.28,13.29,13.3,13.31,13.33,13.34,5400,400,5100,2800,1500,300,2200,200,300,800,7900,10000,1900,2500,4200,1500,12000,500,9500,200
261.0,13.2,329200,4329895.0,13.2,13.19,13.17,13.15,13.13,13.12,13.11,13.1,13.09,13.08,13.21,13.22,13.23,13.25,13.28,13.29,13.3,13.31,13.33,13.34,4400,400,5100,2800,1500,300,2200,200,300,800,7800,10000,1900,2500,4200,1500,12000,500,9500,200
262.0,13.2,330000,4340455.0,13.2,13.19,13.17,13.15,13.13,13.12,13.11,13.1,13.09,13.08,13.21,13.22,13.23,13.25,13.28,13.29,13.3,13.31,13.33,13.34,3600,400,5100,2800,1500,300,2200,200,300,800,7800,10000,1900,2500,4200,1500,12000,500,9500,200
263.0,13.21,331100,4354983.0,13.2,13.19,13.17,13.15,13.13,13.12,13.11,13.1,13.09,13.08,13.21,13.22,13.23,13.25,13.28,13.29,13.3,13.31,13.33,13.34,3300,200,5100,2800,1500,300,2200,200,300,800,7000,10000,1900,2500,4200,1500,12000,500,9500,200
264.0,13.21,331600,4361585.0,13.2,13.19,13.17,13.15,13.13,13.12,13.11,13.1,13.09,13.08,13.21,13.22,13.23,13.25,13.28,13.29,13.3,13.31,13.33,13.34,3000,200,5100,2800,1500,300,2200,200,300,800,6800,10000,1900,2500,4200,1500,12000,500,9500,200
265.0,13.21,331600,4361585.0,13.2,13.19,13.17,13.15,13.13,13.12,13.11,13.1,13.09,13.08,13.21,13.22,13.23,13.25,13.28,13.29,13.3,13.31,13.33,13.34,3000,200,5100,2800,1500,300,2200,200,300,800,6800,10000,1900,2500,4200,1500,12000,500,9500,200
266.0,13.21,332100,4368187.0,13.2,13.19,13.17,13.15,13.13,13.12,13.11,13.1,13.09,13.08,13.21,13.22,13.23,13.25,13.28,13.29,13.3,13.31,13.33,13.34,2700,200,5100,2800,1500,300,2200,200,300,800,6600,10000,1900,2500,4200,1500,12000,500,9500,200
267.0,13.21,332400,4372150.0,13.2,13.19,13.17,13.15,13.13,13.12,13.11,13.1,13.09,13.08,13.21,13.22,13.23,13.25,13.28,13.29,13.3,13.31,13.33,13.34,2700,200,5100,2800,1500,300,2200,200,300,800,6300,10000,1900,2500,4200,1500,12000,500,9500,200
268.0,13.21,333300,4384039.0,13.2,13.19,13.17,13.15,13.13,13.12,13.11,13.1,13.09,13.08,13.21,13.22,13.23,13.25,13.28,13.29,13.3,13.31,13.33,13.34,2700,200,5100,2800,1500,300,2200,200,300,800,5400,10000,1900,2500,4200,1500,12000,500,9500,200
269.0,13.21,336000,4419704.0,13.2,13.19,13.17,13.15,13.13,13.12,13.11,13.1,13.09,13.08,13.21,13.22,13.23,13.25,13.28,13.29,13.3,13.31,13.33,13.34,2500,100,5100,2800,1500,300,2200,200,300,800,2900,10000,1900,2500,4200,1500,12000,500,9500,200
270.0,13.21,336400,4424988.0,13.2,13.19,13.17,13.15,13.13,13.12,13.11,13.1,13.09,13.08,13.21,13.22,13.23,13.25,13.28,13.29,13.3,13.31,13.33,13.34,2500,100,5100,2800,1500,300,2200,200,300,800,2500,10000,1900,2500,4200,1500,12000,500,9500,200
271.0,13.21,336400,4424988.0,13.2,13.19,13.17,13.15,13.13,13.12,13.11,13.1,13.09,13.08,13.21,13.22,13.23,13.25,13.28,13.29,13.3,13.31,13.33,13.34,2500,100,5100,2800,1500,300,2200,200,300,800,2500,10000,1900,2500,4200,1500,12000,500,9500,200
272.0,13.22,345900,4550549.0,13.2,13.17,13.15,13.13,13.12,13.11,13.1,13.09,13.08,13.06,13.22,13.23,13.25,13.28,13.29,13.3,13.31,13.33,13.34,13.35,600,5100,2800,1500,300,2200,200,300,800,2400,6900,1900,2500,4200,1500,12000,500,9500,200,10900
273.0,13.2,346700,4561111.0,13.17,13.15,13.13,13.12,13.11,13.1,13.09,13.08,13.06,13.05,13.2,13.22,13.23,13.25,13.28,13.29,13.3,13.31,13.33,13.34,5100,2800,1500,300,2200,200,300,800,2400,1100,1700,7800,1900,2500,4200,1500,12000,500,9500,200
274.0,13.17,348500,4584817.0,13.17,13.15,13.13,13.12,13.11,13.1,13.09,13.08,13.06,13.05,13.2,13.22,13.23,13.25,13.28,13.29,13.3,13.31,13.33,13.34,3600,2800,1500,300,2200,200,300,800,2400,1100,2000,7800,1900,2500,4200,1500,12000,500,9500,200
275.0,13.2,349900,4603297.0,13.17,13.15,13.13,13.12,13.11,13.1,13.09,13.08,13.06,13.05,13.2,13.22,13.23,13.25,13.28,13.29,13.3,13.31,13.33,13.34,3600,2800,1500,300,2200,200,300,800,2400,1100,600,7800,1900,2500,4200,1500,12000,500,9500,200
276.0,13.2,349900,4603297.0,13.17,13.15,13.13,13.12,13.11,13.1,13.09,13.08,13.06,13.05,13.2,13.22,13.23,13.25,13.28,13.29,13.3,13.31,13.33,13.34,4100,2800,1500,300,2200,200,300,800,2400,1100,1100,7800,1900,2500,4200,1500,12000,500,9500,200
277.0,13.2,350300,4608577.0,13.17,13.15,13.13,13.12,13.11,13.1,13.09,13.08,13.06,13.05,13.2,13.21,13.22,13.23,13.25,13.28,13.29,13.3,13.31,13.33,4100,2800,1500,300,2200,200,300,800,2400,1100,700,3900,7800,1900,2500,4200,1500,12000,500,9500
278.0,13.2,350300,4608577.0,13.17,13.15,13.13,13.12,13.11,13.1,13.09,13.08,13.06,13.05,13.2,13.21,13.22,13.23,13.25,13.28,13.29,13.3,13.31,13.33,4600,2800,1500,300,2200,200,300,800,2400,1100,1200,3900,7800,1900,2500,4200,1500,12000,500,9500
279.0,13.17,350700,4613845.0,13.17,13.15,13.13,13.12,13.11,13.1,13.09,13.08,13.06,13.05,13.2,13.21,13.22,13.23,13.25,13.28,13.29,13.3,13.31,13.33,4200,2800,1500,300,2200,200,300,800,2400,1100,1200,3900,7800,1900,2500,4200,1500,12000,500,9500
280.0,13.2,350800,4615165.0,13.17,13.15,13.13,13.12,13.11,13.1,13.09,13.08,13.06,13.05,13.2,13.21,13.22,13.23,13.25,13.28,13.29,13.3,13.31,13.33,4400,2800,1500,300,2200,200,300,800,2400,1100,4400,38900,7800,1900,2500,4200,1500,12000,500,9500
281.0,13.2,350800,4615165.0,13.18,13.17,13.15,13.13,13.12,13.11,13.1,13.09,13.08,13.06,13.19,13.2,13.21,13.22,13.23,13.25,13.28,13.29,13.3,13.31,100,4400,2800,1500,300,2200,200,300,800,2400,100,4400,38900,7800,1900,2500,4200,1500,12000,500
282.0,13.2,350800,4615165.0,13.18,13.17,13.15,13.13,13.12,13.11,13.1,13.09,13.08,13.06,13.19,13.2,13.21,13.22,13.23,13.25,13.28,13.29,13.3,13.31,100,4400,2800,1500,300,2200,200,300,800,2400,100,4400,38900,7800,1900,2500,4200,1500,12000,500
283.0,13.2,350800,4615165.0,13.18,13.17,13.15,13.13,13.12,13.11,13.1,13.09,13.08,13.06,13.19,13.2,13.21,13.22,13.23,13.25,13.28,13.29,13.3,13.31,100,4400,2800,1500,300,2200,200,300,800,2400,100,4400,38900,7800,1900,2500,4200,1500,12000,500
284.0,13.2,350800,4615165.0,13.18,13.17,13.15,13.13,13.12,13.11,13.1,13.08,13.06,13.05,13.19,13.2,13.21,13.22,13.23,13.25,13.28,13.29,13.3,13.31,800,4400,2800,1500,300,2200,200,800,2400,1100,100,4300,38900,7800,1900,2500,4200,1500,12000,500
285.0,13.19,351000,4617802.0,13.18,13.17,13.15,13.13,13.12,13.11,13.1,13.08,13.06,13.05,13.2,13.21,13.22,13.23,13.25,13.28,13.29,13.3,13.31,13.33,1900,4400,2800,1500,300,2200,200,800,2400,1100,4300,38900,7800,1900,2500,4200,1500,12000,500,9500
286.0,13.2,351400,4623082.0,13.18,13.17,13.15,13.13,13.12,13.11,13.1,13.08,13.06,13.05,13.2,13.21,13.22,13.23,13.25,13.28,13.29,13.3,13.31,13.33,1900,4400,2800,1500,300,2200,200,800,2400,1100,3900,38900,7800,1900,2500,4200,1500,12000,500,9500
287.0,13.18,351500,4624400.0,13.17,13.15,13.13,13.12,13.11,13.1,13.08,13.06,13.05,13.03,13.2,13.21,13.22,13.23,13.25,13.28,13.29,13.3,13.31,13.33,4400,2800,1500,300,2200,200,800,2400,1100,400,4300,38900,7800,1900,2500,4200,1500,12000,500,9500
288.0,13.2,351700,4627040.0,13.17,13.15,13.13,13.12,13.11,13.1,13.08,13.06,13.05,13.03,13.2,13.21,13.22,13.23,13.25,13.28,13.29,13.3,13.31,13.33,4400,2800,1500,300,2200,200,800,2400,1100,400,5000,38900,7800,1900,2500,4200,1500,12000,500,9500
289.0,13.2,351700,4627040.0,13.17,13.15,13.13,13.12,13.11,13.1,13.08,13.06,13.05,13.03,13.2,13.21,13.22,13.23,13.25,13.28,13.29,13.3,13.31,13.33,4900,2800,1500,300,2200,200,800,2400,1100,400,5500,38900,7800,1900,2500,4200,1500,12000,500,9500
290.0,13.2,352200,4633640.0,13.17,13.15,13.13,13.12,13.11,13.1,13.08,13.06,13.05,13.03,13.2,13.21,13.22,13.23,13.25,13.28,13.29,13.3,13.31,13.33,4900,2800,1500,300,2200,200,800,2400,1100,400,5000,38900,7800,1900,2500,4200,1500,12000,500,9500
291.0,13.2,352200,4633640.0,13.17,13.15,13.13,13.12,13.11,13.1,13.08,13.06,13.05,13.03,13.2,13.21,13.22,13.23,13.25,13.28,13.29,13.3,13.31,13.33,5400,2800,1500,300,2200,200,800,2400,1100,400,5500,38900,7800,1900,2500,4200,1500,12000,500,9500
292.0,13.2,352200,4633640.0,13.17,13.15,13.13,13.12,13.11,13.1,13.08,13.06,13.05,13.03,13.2,13.21,13.22,13.23,13.25,13.28,13.29,13.3,13.31,13.33,5400,2800,1500,300,2200,200,800,2400,1100,400,5500,38900,7800,1900,2500,4200,1500,12000,500,9500
293.0,13.2,352200,4633640.0,13.17,13.15,13.13,13.12,13.11,13.1,13.08,13.06,13.05,13.03,13.2,13.21,13.22,13.23,13.25,13.28,13.29,13.3,13.31,13.33,5900,2800,1500,300,2200,200,800,2400,1100,400,6000,38900,7800,1900,2500,4200,1500,12000,500,9500
294.0,13.21,361900,4761688.0,13.17,13.15,13.13,13.12,13.11,13.1,13.08,13.06,13.05,13.03,13.21,13.22,13.23,13.25,13.28,13.29,13.3,13.31,13.33,13.34,5400,2800,1500,300,2200,200,800,2400,1100,400,36600,7800,1900,2500,4200,1500,12000,500,9500,800
295.0,13.21,361900,4761688.0,13.17,13.15,13.13,13.12,13.11,13.1,13.08,13.06,13.05,13.03,13.21,13.22,13.23,13.25,13.28,13.29,13.3,13.31,13.33,13.34,5600,2800,1500,300,2200,200,800,2400,1100,400,36800,7800,1900,2500,4200,1500,12000,500,9500,800
296.0,13.21,361900,4761688.0,13.17,13.15,13.13,13.12,13.11,13.1,13.08,13.06,13.05,13.03,13.2,13.21,13.22,13.23,13.25,13.28,13.29,13.3,13.31,13.33,6200,2800,1500,300,2200,200,800,2400,1100,400,4000,37400,7800,1900,2500,4200,1500,12000,500,9500
297.0,13.17,363100,4777492.0,13.17,13.15,13.13,13.12,13.11,13.1,13.08,13.06,13.05,13.03,13.2,13.21,13.22,13.23,13.25,13.28,13.29,13.3,13.31,13.33,5000,2800,1500,300,2200,200,800,2400,1100,400,4000,38600,7800,1900,2500,4200,1500,12000,500,9500
298.0,13.17,363100,4777492.0,13.17,13.15,13.13,13.12,13.11,13.1,13.08,13.06,13.05,13.03,13.2,13.21,13.22,13.23,13.25,13.28,13.29,13.3,13.31,13.33,5200,2800,1500,300,2200,200,800,2400,1100,400,4200,38600,7800,1900,2500,4200,1500,12000,500,9500
299.0,13.2,363400,4781452.0,13.17,13.15,13.13,13.12,13.11,13.1,13.08,13.06,13.05,13.03,13.2,13.21,13.22,13.23,13.25,13.28,13.29,13.3,13.31,13.33,5200,2800,1500,300,2200,200,800,2400,1100,400,4900,38600,7800,1900,2500,4200,1500,12000,500,9500
300.0,13.17,363900,4788037.0,13.17,13.15,13.13,13.12,13.11,13.1,13.08,13.06,13.05,13.03,13.2,13.21,13.22,13.23,13.25,13.28,13.29,13.3,13.31,13.33,4900,2800,1500,300,2200,200,800,2400,1100,400,5100,38600,7800,1900,2500,4200,1500,12000,500,9500
301.0,13.17,363900,4788037.0,13.17,13.15,13.13,13.12,13.11,13.1,13.08,13.06,13.05,13.03,13.2,13.21,13.22,13.23,13.25,13.28,13.29,13.3,13.31,13.33,4900,2800,1500,300,2200,200,800,2400,1100,400,5100,38600,7800,1900,2500,4200,1500,12000,500,9500
302.0,13.19,364500,4795944.0,13.19,13.17,13.15,13.13,13.12,13.11,13.1,13.08,13.06,13.05,13.2,13.21,13.22,13.23,13.25,13.28,13.29,13.3,13.31,13.33,200,4700,2800,1500,300,2200,200,800,2400,1100,5200,38600,7800,1900,2500,4200,1500,12000,500,9500
303.0,13.19,364500,4795944.0,13.19,13.17,13.15,13.13,13.12,13.11,13.1,13.08,13.06,13.05,13.2,13.21,13.22,13.23,13.25,13.28,13.29,13.3,13.31,13.33,200,4700,2800,1500,300,2200,200,800,2400,1100,5200,38600,7800,1900,2500,4200,1500,12000,500,9500
304.0,13.2,365000,4802544.0,13.19,13.17,13.15,13.13,13.12,13.11,13.1,13.08,13.06,13.05,13.2,13.21,13.22,13.23,13.25,13.28,13.29,13.3,13.31,13.33,200,4700,2800,1500,300,2200,200,800,2400,1100,4700,38600,7800,1900,2500,4200,1500,12000,500,9500
305.0,13.2,365000,4802544.0,13.19,13.17,13.15,13.13,13.12,13.11,13.1,13.08,13.06,13.05,13.2,13.21,13.22,13.23,13.25,13.28,13.29,13.3,13.31,13.33,200,4700,2800,1500,300,2200,200,800,2400,1100,4700,38600,7800,1900,2500,4200,1500,12000,500,9500
306.0,13.19,365100,4803863.0,13.19,13.17,13.15,13.13,13.12,13.11,13.1,13.08,13.06,13.05,13.2,13.21,13.22,13.23,13.25,13.28,13.29,13.3,13.31,13.33,100,4700,2800,1500,300,2200,200,800,2400,1100,4700,38600,7800,1900,2500,4200,1500,12000,500,9500
307.0,13.2,368500,4848743.0,13.19,13.17,13.15,13.13,13.12,13.11,13.1,13.08,13.06,13.05,13.2,13.21,13.22,13.23,13.25,13.28,13.29,13.3,13.31,13.33,100,4700,2800,1500,300,2200,200,800,2400,1100,1300,38600,7800,1900,2500,4200,1500,12000,500,9500
308.0,13.19,368700,4851382.0,13.19,13.17,13.15,13.13,13.12,13.11,13.1,13.08,13.06,13.05,13.2,13.21,13.22,13.23,13.24,13.25,13.28,13.29,13.3,13.31,100,4700,2800,1500,300,2200,200,800,2400,1100,1500,38600,7800,1900,200,2500,4200,1500,12000,500
309.0,13.2,368900,4854022.0,13.17,13.15,13.13,13.12,13.11,13.1,13.08,13.06,13.05,13.03,13.2,13.21,13.22,13.23,13.24,13.25,13.28,13.29,13.3,13.31,4700,2800,1500,300,2200,200,800,2400,1100,400,1300,38600,7800,1900,200,2500,4200,1500,12000,500
310.0,13.2,369000,4855342.0,13.17,13.15,13.13,13.12,13.11,13.1,13.08,13.06,13.05,13.03,13.2,13.21,13.22,13.23,13.24,13.25,13.28,13.29,13.3,13.31,4700,2800,1500,300,2200,200,800,2400,1100,400,3200,38600,7800,1900,200,2500,4200,1500,12000,500
311.0,13.2,369000,4855342.0,13.17,13.15,13.13,13.12,13.11,13.1,13.08,13.06,13.05,13.03,13.2,13.21,13.22,13.23,13.24,13.25,13.28,13.29,13.3,13.31,4700,2800,1500,300,2200,200,800,2400,1100,400,3400,38600,6900,1900,200,2500,4200,1500,12000,500
312.0,13.2,369000,4855342.0,13.17,13.15,13.13,13.12,13.11,13.1,13.08,13.06,13.05,13.03,13.2,13.21,13.22,13.23,13.24,13.25,13.28,13.29,13.3,13.31,4900,2800,1500,300,2200,200,800,2400,1100,400,3600,38600,6900,1900,200,2500,4200,1500,12000,500
313.0,13.2,369100,4856662.0,13.17,13.15,13.13,13.12,13.11,13.1,13.08,13.06,13.05,13.03,13.19,13.2,13.21,13.22,13.23,13.24,13.25,13.28,13.29,13.3,4900,2800,1500,300,2200,200,800,2400,1100,400,100,4400,38600,6900,1900,200,2500,4200,1500,12000
314.0,13.19,369200,4857981.0,13.17,13.15,13.13,13.12,13.11,13.1,13.08,13.06,13.05,13.03,13.19,13.2,13.21,13.22,13.23,13.24,13.25,13.28,13.29,13.3,4900,2800,1500,300,2200,200,800,2400,1100,400,200,4400,38600,6900,1900,200,2500,4200,1500,12000
315.0,13.19,369200,4857981.0,13.17,13.15,13.13,13.12,13.11,13.1,13.08,13.06,13.05,13.03,13.19,13.2,13.21,13.22,13.23,13.24,13.25,13.28,13.29,13.3,4900,2800,1500,300,2200,200,800,2400,1100,400,200,4400,38600,6900,1900,200,2500,4200,1500,12000
316.0,13.2,372100,4896259.0,13.17,13.15,13.13,13.12,13.11,13.1,13.08,13.06,13.05,13.03,13.19,13.2,13.21,13.22,13.23,13.24,13.25,13.28,13.29,13.3,4900,2800,1500,300,2200,200,800,2400,1100,400,100,1700,38600,6900,1900,200,2500,4200,1500,12500
317.0,13.17,372500,4901527.0,13.17,13.15,13.13,13.12,13.11,13.1,13.08,13.06,13.05,13.03,13.19,13.2,13.21,13.22,13.23,13.24,13.25,13.28,13.29,13.3,4500,2800,1500,300,2200,200,800,2400,1100,400,100,1700,38600,6900,1900,200,2500,4200,1500,12500
318.0,13.17,372500,4901527.0,13.17,13.15,13.13,13.12,13.11,13.1,13.08,13.06,13.05,13.03,13.19,13.2,13.21,13.22,13.23,13.24,13.25,13.28,13.29,13.3,4500,2800,1500,300,2200,200,800,2400,1100,400,100,1700,38600,6900,1900,200,2500,4200,1500,12500
319.0,13.17,372500,4901527.0,13.17,13.15,13.13,13.12,13.11,13.1,13.08,13.06,13.05,13.03,13.19,13.2,13.21,13.22,13.23,13.24,13.25,13.28,13.29,13.3,4500,2800,1500,300,2200,200,800,2400,1100,400,100,1700,38600,6900,1900,200,2500,4200,1500,12500
320.0,13.17,373400,4913380.0,13.17,13.15,13.13,13.12,13.11,13.1,13.08,13.06,13.05,13.03,13.19,13.2,13.21,13.22,13.23,13.24,13.25,13.28,13.29,13.3,3600,2800,1500,300,2200,200,800,2400,1100,400,100,1700,38600,6900,1900,200,2500,4200,1500,12500
321.0,13.17,373400,4913380.0,13.17,13.15,13.13,13.12,13.11,13.1,13.08,13.06,13.05,13.03,13.19,13.2,13.21,13.22,13.23,13.24,13.25,13.28,13.29,13.3,3600,2800,1500,300,2200,200,800,2400,1100,400,100,1700,38600,6900,1900,200,2500,4200,1500,12500
322.0,13.17,373400,4913380.0,13.17,13.15,13.13,13.12,13.11,13.1,13.08,13.06,13.05,13.03,13.19,13.2,13.21,13.22,13.23,13.24,13.25,13.28,13.29,13.3,3600,2800,1500,300,2200,200,800,2400,1100,400,100,1700,38600,6900,1900,200,2500,4200,1500,12500
323.0,13.17,373400,4913380.0,13.17,13.15,13.13,13.12,13.11,13.1,13.08,13.06,13.05,13.03,13.19,13.2,13.21,13.22,13.23,13.24,13.25,13.28,13.29,13.3,3600,2800,1500,300,2200,200,800,2400,1100,400,100,1700,38600,6900,1900,200,2500,4200,1500,12500
324.0,13.17,373700,4917331.0,13.17,13.15,13.13,13.12,13.11,13.1,13.08,13.06,13.05,13.03,13.19,13.2,13.21,13.22,13.23,13.24,13.25,13.28,13.29,13.3,3300,2800,1500,300,2200,200,800,2400,1100,400,100,1700,38600,6900,1900,200,2500,4200,1500,12500
325.0,13.17,373700,4917331.0,13.18,13.17,13.15,13.13,13.12,13.11,13.1,13.08,13.06,13.05,13.19,13.2,13.21,13.22,13.23,13.24,13.25,13.28,13.29,13.3,100,3500,2800,1500,300,2200,200,800,2400,1100,100,1700,38600,6900,1900,200,2500,4200,1500,12500
326.0,13.19,373800,4918650.0,13.18,13.17,13.15,13.13,13.12,13.11,13.1,13.08,13.06,13.05,13.2,13.21,13.22,13.23,13.24,13.25,13.28,13.29,13.3,13.31,100,3500,2800,1500,300,2200,200,800,2400,1100,1700,38600,6900,1900,200,2500,4200,1500,12500,500
327.0,13.2,373900,4919970.0,13.18,13.17,13.15,13.13,13.12,13.11,13.1,13.08,13.06,13.05,13.2,13.21,13.22,13.23,13.24,13.25,13.28,13.29,13.3,13.31,100,3500,2800,1500,300,2200,200,800,2400,1100,1600,38600,6900,1900,200,2500,4200,1500,12500,500
328.0,13.17,374100,4922605.0,13.17,13.15,13.13,13.12,13.11,13.1,13.08,13.06,13.05,13.03,13.18,13.19,13.2,13.21,13.22,13.23,13.24,13.25,13.28,13.29,3400,2800,1500,300,2200,200,800,2400,1100,400,100,100,1600,38800,6900,1900,200,2500,4200,1500
329.0,13.17,374100,4922605.0,13.17,13.15,13.13,13.12,13.11,13.1,13.08,13.06,13.05,13.03,13.18,13.19,13.2,13.21,13.22,13.23,13.24,13.25,13.28,13.29,3400,2800,1500,300,2200,200,800,2400,1100,400,100,100,2100,38800,6900,1900,200,2500,4200,1500
330.0,13.17,374100,4922605.0,13.17,13.15,13.13,13.12,13.11,13.1,13.08,13.06,13.05,13.03,13.18,13.19,13.2,13.21,13.22,13.23,13.24,13.25,13.28,13.29,3400,2800,1500,300,2200,200,800,2400,1100,400,100,100,2100,38800,6900,1900,200,2500,4200,1500
331.0,13.17,374100,4922605.0,13.17,13.15,13.13,13.12,13.11,13.1,13.08,13.06,13.05,13.03,13.18,13.19,13.2,13.21,13.22,13.23,13.24,13.25,13.28,13.29,3400,2800,1500,300,2200,200,800,2400,1100,400,100,100,2100,38800,6900,1900,200,2500,4200,1500
332.0,13.17,375000,4934458.0,13.17,13.15,13.13,13.12,13.11,13.1,13.08,13.06,13.05,13.03,13.18,13.19,13.2,13.21,13.22,13.23,13.24,13.25,13.28,13.29,2500,2800,1500,300,2200,200,800,2400,1100,400,100,100,2100,38800,6900,1900,200,2500,4200,1500
333.0,13.17,375600,4942360.0,13.17,13.15,13.13,13.12,13.11,13.1,13.08,13.06,13.05,13.03,13.18,13.19,13.2,13.21,13.22,13.23,13.24,13.25,13.28,13.29,1900,2800,1500,300,2200,200,800,2400,1100,400,100,100,2100,38800,6900,1900,200,2500,4200,1500
334.0,13.17,375600,4942360.0,13.17,13.15,13.13,13.12,13.11,13.1,13.08,13.06,13.05,13.03,13.18,13.19,13.2,13.21,13.22,13.23,13.24,13.25,13.28,13.29,1900,2800,1500,300,2200,200,800,2400,1100,400,100,100,2100,38800,6900,1900,200,3500,4200,1500
335.0,13.17,375600,4942360.0,13.17,13.15,13.13,13.12,13.11,13.1,13.08,13.06,13.05,13.03,13.18,13.19,13.2,13.21,13.22,13.23,13.24,13.25,13.28,13.29,1900,2800,1500,300,2200,200,800,2400,1100,400,100,100,2100,38800,6900,1900,200,3500,4200,1500
336.0,13.17,375600,4942360.0,13.17,13.15,13.13,13.12,13.11,13.1,13.08,13.06,13.05,13.03,13.18,13.19,13.2,13.21,13.22,13.23,13.24,13.25,13.28,13.29,1900,2800,1500,300,2200,200,800,2400,1100,400,100,100,2100,38800,6900,1900,200,3500,4200,1500
337.0,13.17,375600,4942360.0,13.17,13.15,13.13,13.12,13.11,13.1,13.08,13.06,13.05,13.03,13.18,13.19,13.2,13.21,13.22,13.23,13.24,13.25,13.28,13.29,1900,2800,1500,300,2200,200,800,2400,1100,400,100,100,2100,38800,6900,1900,200,3500,4200,1500
338.0,13.17,375600,4942360.0,13.17,13.15,13.13,13.12,13.11,13.1,13.08,13.06,13.05,13.03,13.18,13.19,13.2,13.21,13.22,13.23,13.24,13.25,13.28,13.29,1900,2800,1500,300,2200,200,800,2400,1100,400,100,100,2100,38800,6900,1900,200,3500,4200,1500
339.0,13.17,375700,4943677.0,13.17,13.15,13.13,13.12,13.11,13.1,13.08,13.06,13.05,13.03,13.18,13.19,13.2,13.21,13.22,13.23,13.24,13.25,13.28,13.29,1800,2800,1500,300,2200,200,700,2400,1100,400,100,100,2100,38800,7900,1900,200,3500,4200,1500
340.0,13.17,375700,4943677.0,13.17,13.15,13.13,13.12,13.11,13.1,13.08,13.06,13.05,13.03,13.18,13.19,13.2,13.21,13.22,13.23,13.24,13.25,13.28,13.29,1800,2800,1500,300,2200,200,700,2400,1100,400,100,100,2100,38800,7900,1900,200,3500,4200,1500
341.0,13.17,375700,4943677.0,13.17,13.15,13.13,13.12,13.11,13.1,13.08,13.06,13.05,13.03,13.18,13.19,13.2,13.21,13.22,13.23,13.24,13.25,13.28,13.29,1800,2800,1500,300,2200,200,700,2400,1100,400,100,100,2100,38600,7900,1900,200,3500,4200,1500
342.0,13.17,375700,4943677.0,13.17,13.15,13.13,13.12,13.11,13.1,13.08,13.06,13.05,13.03,13.18,13.19,13.2,13.21,13.22,13.23,13.24,13.25,13.28,13.29,1800,2800,1500,300,2200,200,700,2400,1100,400,100,100,2100,38600,7900,1900,200,3500,4200,1500
343.0,13.17,376000,4947628.0,13.17,13.15,13.13,13.12,13.11,13.1,13.08,13.06,13.05,13.03,13.18,13.19,13.2,13.21,13.22,13.23,13.24,13.25,13.28,13.29,1500,2800,1500,300,2200,200,700,2400,1100,400,100,100,2100,38600,7900,1900,200,3500,4200,1500
344.0,13.17,376000,4947628.0,13.17,13.15,13.13,13.12,13.11,13.1,13.08,13.06,13.05,13.03,13.18,13.19,13.2,13.21,13.22,13.23,13.24,13.25,13.28,13.29,1500,2800,1500,300,2200,200,700,2400,1100,400,100,100,2100,38600,7900,1900,200,3500,4200,1500
345.0,13.17,376000,4947628.0,13.17,13.15,13.13,13.12,13.11,13.1,13.08,13.06,13.05,13.03,13.18,13.19,13.2,13.21,13.22,13.23,13.24,13.25,13.28,13.29,1500,2800,1500,300,2200,200,700,2400,1100,400,100,100,2100,38600,7900,1900,200,3500,4200,1500
346.0,13.17,376000,4947628.0,13.17,13.15,13.13,13.12,13.11,13.1,13.08,13.06,13.05,13.03,13.18,13.19,13.2,13.21,13.22,13.23,13.24,13.25,13.28,13.29,1500,2800,1500,300,2200,200,700,2400,1100,400,100,100,2100,38600,7900,1900,200,3500,4200,1500
347.0,13.17,376100,4948945.0,13.17,13.15,13.13,13.12,13.11,13.1,13.08,13.06,13.05,13.03,13.18,13.19,13.2,13.21,13.22,13.23,13.24,13.25,13.28,13.29,1400,2800,1500,300,2200,200,700,2400,1100,400,100,100,2100,38600,7900,1900,200,3500,4200,1500
348.0,13.17,376100,4948945.0,13.17,13.15,13.13,13.12,13.11,13.1,13.08,13.06,13.05,13.03,13.18,13.19,13.2,13.21,13.22,13.23,13.24,13.25,13.28,13.29,1400,2800,1500,300,2200,200,700,2400,1100,400,100,100,2100,38600,7900,1900,200,3500,4200,1500
349.0,13.17,376200,4950262.0,13.17,13.15,13.13,13.12,13.11,13.1,13.08,13.06,13.05,13.03,13.18,13.19,13.2,13.21,13.22,13.23,13.24,13.25,13.28,13.29,1300,2800,1500,300,2200,200,700,2400,1100,400,100,100,2100,38600,7900,1900,200,3500,4200,1500
350.0,13.17,377500,4967383.0,13.15,13.14,13.13,13.12,13.11,13.1,13.08,13.06,13.05,13.03,13.17,13.18,13.19,13.2,13.21,13.22,13.23,13.24,13.25,13.28,2800,2200,2400,300,2200,200,700,2400,1100,400,16500,100,100,2100,38600,7900,1900,200,3500,4200
351.0,13.17,377500,4967383.0,13.15,13.14,13.13,13.12,13.11,13.1,13.08,13.06,13.05,13.03,13.17,13.18,13.19,13.2,13.21,13.22,13.23,13.24,13.25,13.28,3000,2200,2400,300,2200,200,700,2400,1100,400,16500,100,100,2100,38600,7900,1900,200,3500,4200
352.0,13.15,377800,4971328.0,13.15,13.14,13.13,13.12,13.11,13.1,13.08,13.06,13.05,13.03,13.17,13.18,13.19,13.2,13.21,13.22,13.23,13.24,13.25,13.28,2700,2200,2400,300,2200,200,700,2400,1100,400,16500,100,100,2100,38600,7900,1900,200,3500,4200
353.0,13.17,377900,4972645.0,13.15,13.14,13.13,13.12,13.11,13.1,13.08,13.06,13.05,13.03,13.17,13.18,13.19,13.2,13.21,13.22,13.23,13.24,13.25,13.28,2800,2200,2400,300,2200,200,700,2400,1100,400,16400,100,100,2100,38600,7400,1900,200,3500,4200
354.0,13.15,378100,4975275.0,13.15,13.14,13.13,13.12,13.11,13.1,13.08,13.06,13.05,13.03,13.17,13.18,13.19,13.2,13.21,13.22,13.23,13.24,13.25,13.28,2600,2200,2400,300,2200,200,700,2400,1100,400,16400,100,100,2100,38600,7400,1900,200,3500,4200
355.0,13.17,379600,4995030.0,13.15,13.14,13.13,13.12,13.11,13.1,13.08,13.06,13.05,13.03,13.17,13.18,13.19,13.2,13.21,13.22,13.23,13.24,13.25,13.28,2600,2200,2400,300,2200,200,700,2400,1100,400,14900,100,100,2600,38600,7400,1900,200,3500,4200
356.0,13.15,379800,4997660.0,13.16,13.15,13.14,13.13,13.12,13.11,13.1,13.08,13.06,13.05,13.17,13.18,13.19,13.2,13.21,13.22,13.23,13.24,13.25,13.28,100,2400,2200,2400,300,2200,200,700,2400,1100,14900,100,100,2600,38600,7400,1900,200,3500,4200
357.0,13.15,379800,4997660.0,13.16,13.15,13.14,13.13,13.12,13.11,13.1,13.08,13.06,13.05,13.17,13.18,13.19,13.2,13.21,13.22,13.23,13.24,13.25,13.28,100,2400,2200,2400,300,2200,200,700,2400,1100,14900,100,100,2600,38600,7400,1900,200,3500,4200
358.0,13.15,379800,4997660.0,13.16,13.15,13.14,13.13,13.12,13.11,13.1,13.08,13.06,13.05,13.17,13.18,13.19,13.2,13.21,13.22,13.23,13.24,13.25,13.28,100,2400,2200,2400,300,2200,200,700,2400,1100,14900,100,100,2600,38600,7400,1900,200,3500,4200
359.0,13.15,379800,4997660.0,13.16,13.15,13.14,13.13,13.12,13.11,13.1,13.08,13.06,13.05,13.17,13.18,13.19,13.2,13.21,13.22,13.23,13.24,13.25,13.28,100,2400,2200,2400,300,2200,200,700,2400,1100,15000,100,100,2600,38600,7400,1900,200,3500,4200
360.0,13.15,379800,4997660.0,13.16,13.15,13.14,13.13,13.12,13.11,13.1,13.08,13.06,13.05,13.17,13.18,13.19,13.2,13.21,13.22,13.23,13.24,13.25,13.28,100,2400,2200,2400,300,2200,200,600,2400,1100,15000,100,100,2600,38600,7400,1900,200,3500,4200
361.0,13.15,379800,4997660.0,13.16,13.15,13.14,13.13,13.12,13.11,13.1,13.08,13.06,13.05,13.17,13.18,13.19,13.2,13.21,13.22,13.23,13.24,13.25,13.28,100,2600,2200,2400,300,2200,200,600,2400,1100,15900,100,100,2600,38600,7400,1900,200,3500,4200
362.0,13.15,379800,4997660.0,13.16,13.15,13.14,13.13,13.12,13.11,13.1,13.08,13.06,13.05,13.17,13.18,13.19,13.2,13.21,13.22,13.23,13.24,13.25,13.28,300,2600,2200,2400,300,2200,200,600,2400,1100,15900,100,100,2600,38600,7400,1900,200,3500,4200
363.0,13.15,379800,4997660.0,13.16,13.15,13.14,13.13,13.12,13.11,13.1,13.08,13.06,13.05,13.17,13.18,13.19,13.2,13.21,13.22,13.23,13.24,13.25,13.28,300,2600,2200,2400,300,2200,200,600,2400,1100,15900,100,100,2600,38600,7400,1900,200,3500,4200
364.0,13.15,379800,4997660.0,13.16,13.15,13.14,13.13,13.12,13.11,13.1,13.08,13.06,13.05,13.17,13.18,13.19,13.2,13.21,13.22,13.23,13.24,13.25,13.28,300,2600,2200,2400,300,2200,200,600,2400,1100,15900,100,100,2600,38600,7400,1900,200,3500,4200
365.0,13.15,379800,4997660.0,13.16,13.15,13.14,13.13,13.12,13.11,13.1,13.08,13.06,13.05,13.17,13.18,13.19,13.2,13.21,13.22,13.23,13.24,13.25,13.28,900,2600,2200,2400,300,2200,200,600,2400,1100,15900,100,4100,2600,38600,7400,1900,200,3500,4200
366.0,13.15,379800,4997660.0,13.16,13.15,13.14,13.13,13.12,13.11,13.1,13.08,13.06,13.05,13.17,13.18,13.19,13.2,13.21,13.22,13.23,13.24,13.25,13.28,1000,2600,2200,2400,300,2200,200,600,2400,1100,15900,100,4100,2600,38600,7400,1900,200,3500,4200
367.0,13.17,381300,5017415.0,13.16,13.15,13.14,13.13,13.12,13.11,13.1,13.08,13.06,13.05,13.17,13.18,13.19,13.2,13.21,13.22,13.23,13.24,13.25,13.28,1000,2600,2200,2400,300,2200,200,600,2400,1100,14400,100,4100,2600,38600,7400,1900,200,3500,4200
368.0,13.17,381300,5017415.0,13.16,13.15,13.14,13.13,13.12,13.11,13.1,13.08,13.06,13.05,13.17,13.18,13.19,13.2,13.21,13.22,13.23,13.24,13.25,13.28,1000,2500,2200,2400,300,2200,200,600,2400,1100,14400,100,4100,2600,38600,7400,1900,200,3500,4200
369.0,13.16,381500,5020047.0,13.16,13.15,13.14,13.13,13.12,13.11,13.1,13.08,13.06,13.05,13.17,13.18,13.19,13.2,13.21,13.22,13.23,13.24,13.25,13.28,800,2500,2200,2400,300,2200,200,600,2400,1100,14400,100,4100,2600,38600,7400,1900,200,3500,4200
370.0,13.15,383400,5045040.0,13.15,13.14,13.13,13.12,13.11,13.1,13.08,13.06,13.05,13.03,13.16,13.17,13.18,13.19,13.2,13.21,13.22,13.23,13.24,13.25,1400,2200,2500,300,2200,200,600,2400,1100,400,1100,14400,100,4100,2600,38600,7400,1900,200,3500
371.0,13.16,383500,5046356.0,13.15,13.14,13.13,13.12,13.11,13.1,13.08,13.06,13.05,13.03,13.16,13.17,13.18,13.19,13.2,13.21,13.22,13.23,13.24,13.25,1400,2300,2500,300,2200,200,600,2400,1100,400,1000,14400,100,4100,2600,38600,7400,1900,200,3700
372.0,13.15,383600,5047671.0,13.15,13.14,13.13,13.12,13.11,13.1,13.08,13.06,13.05,13.03,13.16,13.17,13.18,13.19,13.2,13.21,13.22,13.23,13.24,13.25,1300,2300,2500,300,2200,200,600,2400,1100,400,1000,14400,100,4100,2600,38600,7400,1900,200,3700
373.0,13.15,383600,5047671.0,13.15,13.14,13.13,13.12,13.11,13.1,13.08,13.06,13.05,13.03,13.16,13.17,13.18,13.19,13.2,13.21,13.22,13.23,13.24,13.25,1300,2300,2500,300,2200,200,600,2400,1100,400,1000,14400,100,4100,2600,38600,7400,1900,200,3700
374.0,13.15,383600,5047671.0,13.15,13.14,13.13,13.12,13.11,13.1,13.08,13.06,13.05,13.03,13.16,13.17,13.18,13.19,13.2,13.21,13.22,13.23,13.24,13.25,1300,2300,2500,300,2200,200,600,2400,1100,400,1000,14400,100,4100,2600,38600,7400,1900,200,3700
375.0,13.15,383900,5051616.0,13.15,13.14,13.13,13.12,13.11,13.1,13.08,13.06,13.05,13.03,13.16,13.17,13.18,13.19,13.2,13.21,13.22,13.23,13.24,13.25,1000,100,1700,100,200,200,600,2400,1100,400,2100,14400,100,4100,2600,38600,7400,1900,200,3700
376.0,13.15,384000,5052931.0,13.15,13.14,13.13,13.12,13.11,13.1,13.08,13.06,13.05,13.03,13.16,13.17,13.18,13.19,13.2,13.21,13.22,13.23,13.24,13.25,900,100,1900,100,200,200,600,2400,1100,400,2100,14400,100,4100,2100,38600,7400,1900,200,3700
377.0,13.15,384300,5056876.0,13.15,13.14,13.13,13.12,13.11,13.1,13.08,13.06,13.05,13.03,13.16,13.17,13.18,13.19,13.2,13.21,13.22,13.23,13.24,13.25,600,100,2000,100,200,200,600,2400,1100,400,2100,14400,100,4000,2100,38600,7400,1900,200,3700
378.0,13.16,384700,5062140.0,13.15,13.14,13.13,13.12,13.11,13.1,13.08,13.06,13.05,13.03,13.16,13.17,13.18,13.19,13.2,13.21,13.22,13.23,13.24,13.25,600,100,2000,100,200,200,600,2400,1100,400,1700,14400,100,4000,2100,38600,7400,1900,200,3700
379.0,13.16,384700,5062140.0,13.15,13.14,13.13,13.12,13.11,13.1,13.08,13.06,13.05,13.03,13.16,13.17,13.18,13.19,13.2,13.21,13.22,13.23,13.24,13.25,600,100,2000,100,200,200,600,2400,1100,400,1700,14400,100,4000,2100,38600,7400,1900,200,3700
380.0,13.15,385300,5070030.0,13.14,13.13,13.12,13.11,13.1,13.08,13.06,13.05,13.03,13.02,13.16,13.17,13.18,13.19,13.2,13.21,13.22,13.23,13.24,13.25,100,2000,100,200,200,600,2400,1100,400,100,1700,14400,100,4000,2100,38600,7400,1900,200,3700
381.0,13.16,385500,5072662.0,13.14,13.13,13.12,13.11,13.1,13.08,13.06,13.05,13.03,13.02,13.16,13.17,13.18,13.19,13.2,13.21,13.22,13.23,13.24,13.25,100,2000,100,200,200,600,2400,1100,400,100,1500,1000,100,4000,2100,38600,7400,1900,200,3700
382.0,13.16,385500,5072662.0,13.14,13.13,13.12,13.11,13.1,13.08,13.06,13.05,13.03,13.02,13.16,13.17,13.18,13.19,13.2,13.21,13.22,13.23,13.24,13.25,100,2000,100,200,200,600,2400,1100,400,100,1500,1000,100,4000,2100,38600,7400,1900,200,3700
383.0,13.16,385500,5072662.0,13.14,13.13,13.12,13.11,13.1,13.08,13.06,13.05,13.03,13.02,13.16,13.17,13.19,13.2,13.21,13.22,13.23,13.24,13.25,13.28,100,2000,100,200,200,600,2400,1100,400,100,1500,1000,4000,2100,38600,7400,1900,200,3700,4200
384.0,13.16,385500,5072662.0,13.14,13.13,13.12,13.11,13.1,13.08,13.06,13.05,13.03,13.02,13.16,13.17,13.19,13.2,13.21,13.22,13.23,13.24,13.25,13.28,100,2000,100,200,200,600,2400,1100,400,100,1500,1000,4000,2100,38600,7400,1900,200,3700,4200
385.0,13.15,387600,5100240.0,13.12,13.11,13.1,13.09,13.08,13.06,13.05,13.03,13.02,13.0,13.15,13.16,13.17,13.19,13.2,13.21,13.22,13.23,13.24,13.25,100,1500,2500,2700,1900,2400,1100,400,100,14000,100,1500,1000,4000,2100,38600,7400,1900,200,3700
386.0,13.15,387800,5102867.0,13.12,13.11,13.1,13.09,13.08,13.06,13.05,13.03,13.02,13.0,13.16,13.17,13.19,13.2,13.21,13.22,13.23,13.24,13.25,13.28,100,1800,2500,2700,1900,2200,1100,400,100,14000,1500,1000,4000,2100,38600,7400,1900,200,3700,4200
387.0,13.13,389800,5129127.0,13.12,13.11,13.1,13.09,13.08,13.06,13.05,13.03,13.02,13.0,13.16,13.17,13.19,13.2,13.21,13.22,13.23,13.24,13.25,13.28,100,1800,2500,2700,1900,2200,1100,400,100,14000,1500,1000,4000,2100,38600,7400,1900,200,3700,4200
388.0,13.13,389800,5129127.0,13.12,13.11,13.1,13.09,13.08,13.06,13.05,13.03,13.02,13.0,13.16,13.17,13.19,13.2,13.21,13.22,13.23,13.24,13.25,13.28,200,1800,2500,2700,1900,2200,1100,400,100,14000,1600,1000,4000,2100,38600,7400,1900,200,3700,4200
389.0,13.15,390000,5131758.0,13.15,13.12,13.11,13.1,13.09,13.08,13.06,13.05,13.03,13.02,13.16,13.17,13.19,13.2,13.21,13.22,13.23,13.24,13.25,13.28,300,300,1900,2500,2700,1900,2200,1100,400,100,1600,1000,4000,2100,38600,7400,1900,200,3700,4200
390.0,13.16,390300,5135706.0,13.15,13.12,13.11,13.1,13.09,13.08,13.06,13.05,13.03,13.02,13.16,13.17,13.19,13.2,13.21,13.22,13.23,13.24,13.25,13.28,300,300,1900,2500,2700,1900,2200,1100,400,100,1300,1000,4000,2100,38600,7400,1900,200,3700,4200
391.0,13.16,390300,5135706.0,13.15,13.12,13.11,13.1,13.09,13.08,13.06,13.05,13.03,13.02,13.16,13.17,13.19,13.2,13.21,13.22,13.23,13.24,13.25,13.28,300,300,1900,2500,2700,1900,2200,1100,400,100,1300,1000,4000,2100,39600,7400,1900,200,3700,4200
392.0,13.1,409400,5386006.0,13.11,13.1,13.09,13.08,13.06,13.05,13.03,13.02,13.0,12.99,13.14,13.15,13.16,13.17,13.19,13.2,13.21,13.22,13.23,13.24,2800,13100,2700,1900,2200,1100,400,100,14000,1000,200,200,1300,1000,4000,2100,39800,7400,1900,200
393.0,13.1,409400,5386006.0,13.12,13.11,13.1,13.09,13.08,13.06,13.05,13.03,13.02,13.0,13.14,13.15,13.16,13.17,13.19,13.2,13.21,13.22,13.23,13.24,200,2800,8200,2700,1900,2200,1100,400,100,14000,800,200,1300,1000,4000,2100,39800,7400,1900,200
394.0,13.1,409400,5386006.0,13.12,13.11,13.1,13.09,13.08,13.06,13.05,13.03,13.02,13.0,13.14,13.15,13.16,13.17,13.19,13.2,13.21,13.22,13.23,13.24,200,2800,8200,2700,1900,2200,1100,400,100,14000,800,200,1300,1000,4000,2100,39800,7400,2900,200
395.0,13.14,409600,5388634.0,13.12,13.11,13.1,13.09,13.08,13.06,13.05,13.03,13.02,13.0,13.14,13.15,13.16,13.17,13.19,13.2,13.21,13.22,13.23,13.24,200,2800,6600,2700,1900,2200,1100,400,100,14000,600,200,1300,1000,4000,2100,39800,7400,2900,200
396.0,13.12,409800,5391258.0,13.11,13.1,13.09,13.08,13.06,13.05,13.03,13.02,13.0,12.99,13.14,13.15,13.16,13.17,13.19,13.2,13.21,13.22,13.23,13.24,2800,6600,2700,1900,2200,1100,400,100,14000,1000,600,200,1300,1000,4000,2100,39800,7400,2900,200
397.0,13.12,409800,5391258.0,13.11,13.1,13.09,13.08,13.06,13.05,13.03,13.02,13.0,12.99,13.14,13.15,13.16,13.17,13.19,13.2,13.21,13.22,13.23,13.24,2800,6600,2700,1900,2200,1100,400,100,14000,1000,600,200,1300,1000,4000,2100,39800,7400,2900,200
398.0,13.12,409800,5391258.0,13.11,13.1,13.09,13.08,13.06,13.05,13.03,13.02,13.0,12.99,13.14,13.15,13.16,13.17,13.19,13.2,13.21,13.22,13.23,13.24,2900,6600,2700,1900,2200,1100,400,100,14000,1000,700,200,1300,1000,4000,2100,39800,7400,2900,200
399.0,13.11,410000,5393880.0,13.11,13.1,13.09,13.08,13.06,13.05,13.03,13.02,13.0,12.99,13.14,13.15,13.16,13.17,13.19,13.2,13.21,13.22,13.23,13.24,2700,6600,2700,1900,2200,1100,400,100,14000,1000,700,200,1300,1000,4000,2100,39800,7400,2900,200
400.0,13.11,410000,5393880.0,13.11,13.1,13.09,13.08,13.06,13.05,13.03,13.02,13.0,12.99,13.14,13.15,13.16,13.17,13.19,13.2,13.21,13.22,13.23,13.24,2700,6600,2700,1900,2200,1100,400,100,14000,1000,700,200,1300,1000,4000,2100,39800,7400,2900,200
401.0,13.12,410600,5401760.0,13.11,13.1,13.09,13.08,13.06,13.05,13.03,13.02,13.0,12.99,13.13,13.14,13.16,13.17,13.19,13.2,13.21,13.22,13.23,13.24,2800,6600,1300,1900,2200,1100,400,100,14000,1000,1200,400,1300,1000,4000,2100,39800,7400,2900,200
402.0,13.12,410600,5401760.0,13.11,13.1,13.09,13.08,13.06,13.05,13.03,13.02,13.0,12.99,13.13,13.14,13.16,13.17,13.19,13.2,13.21,13.22,13.23,13.24,2800,6600,1300,1900,2200,1100,400,100,14000,1000,1200,400,1300,1000,4000,2100,39800,7400,2900,200
403.0,13.13,410700,5403073.0,13.11,13.1,13.09,13.08,13.06,13.05,13.03,13.02,13.0,12.99,13.13,13.14,13.16,13.17,13.19,13.2,13.21,13.22,13.23,13.24,200,6600,1300,1900,2200,1100,400,100,14000,1000,1100,200,1300,1000,4000,2100,39800,7400,2900,200
404.0,13.13,410700,5403073.0,13.11,13.1,13.09,13.08,13.06,13.05,13.03,13.02,13.0,12.99,13.13,13.14,13.16,13.17,13.19,13.2,13.21,13.22,13.23,13.24,1000,6700,1300,1900,2200,1100,400,100,14000,1000,1100,200,1300,1000,4000,2100,39800,7400,2900,200
405.0,13.13,410700,5403073.0,13.11,13.1,13.09,13.08,13.06,13.05,13.03,13.02,13.0,12.99,13.13,13.14,13.16,13.17,13.19,13.2,13.21,13.22,13.23,13.24,1000,6700,1300,1900,2200,1100,400,100,14000,1000,1100,200,1300,1000,4000,2100,39800,7400,2900,200
406.0,13.13,410800,5404386.0,13.11,13.1,13.09,13.08,13.06,13.05,13.03,13.02,13.0,12.99,13.13,13.14,13.16,13.17,13.19,13.2,13.21,13.22,13.23,13.24,1000,6700,1300,1900,2200,1100,400,100,14000,1000,1000,200,1300,1000,4000,2100,39800,7400,2900,200
407.0,13.11,410900,5405697.0,13.11,13.1,13.09,13.08,13.06,13.05,13.03,13.02,13.0,12.99,13.13,13.14,13.16,13.17,13.19,13.2,13.21,13.22,13.23,13.24,900,6700,1300,1900,2200,1100,400,100,14000,1000,1000,200,1300,1000,4000,2100,39800,7400,2900,200
408.0,13.11,410900,5405697.0,13.11,13.1,13.09,13.08,13.06,13.05,13.03,13.02,13.0,12.99,13.13,13.14,13.16,13.17,13.19,13.2,13.21,13.22,13.23,13.24,900,6700,1300,1900,2200,1100,400,100,14000,1000,1000,200,1300,1000,4000,2100,39800,7400,2900,200
409.0,13.11,410900,5405697.0,13.11,13.1,13.09,13.08,13.06,13.05,13.03,13.02,13.0,12.99,13.13,13.14,13.16,13.17,13.19,13.2,13.21,13.22,13.23,13.24,900,6700,1300,1900,2200,1100,400,100,14000,1000,1000,200,1300,1000,4000,2100,39800,7400,2900,200
410.0,13.11,412000,5420120.0,13.1,13.09,13.08,13.06,13.05,13.03,13.02,13.0,12.99,12.98,13.11,13.13,13.14,13.16,13.17,13.19,13.2,13.21,13.22,13.23,6700,1300,1900,2200,1100,400,100,14000,1000,11200,1700,900,200,1300,1000,4000,2100,39800,7400,2900
411.0,13.11,412000,5420120.0,13.1,13.09,13.08,13.06,13.05,13.03,13.02,13.0,12.99,12.98,13.11,13.13,13.14,13.16,13.17,13.19,13.2,13.21,13.22,13.23,6700,1300,1900,2200,1100,400,100,14000,1000,11200,1700,900,200,1300,1000,4000,2100,39800,7400,2900
