LocalTime,LastPrice,TradeVolume,TradeValue,BidPrice1,BidPrice2,BidPrice3,BidPrice4,BidPrice5,BidPrice6,BidPrice7,BidPrice8,BidPrice9,BidPriceA,AskPrice1,AskPrice2,AskPrice3,AskPrice4,AskPrice5,AskPrice6,AskPrice7,AskPrice8,AskPrice9,AskPriceA,BidVolume1,BidVolume2,BidVolume3,BidVolume4,BidVolume5,BidVolume6,BidVolume7,BidVolume8,BidVolume9,BidVolumeA,AskVolume1,AskVolume2,AskVolume3,AskVolume4,AskVolume5,AskVolume6,AskVolume7,AskVolume8,AskVolume9,AskVolumeA
0.0,11.48,8900,102172.0,11.48,11.47,11.43,11.38,11.37,11.31,11.29,11.26,11.25,11.24,11.5,11.53,11.58,11.64,11.69,11.72,11.78,11.8,11.82,11.84,800,500,800,1000,400,5000,5000,1400,5000,1500,100,1100,200,3400,1800,500,2000,2600,200,400
1.0,11.48,8900,102172.0,11.49,11.45,11.43,11.38,11.37,11.31,11.29,11.26,11.25,11.24,11.5,11.53,11.58,11.64,11.66,11.69,11.72,11.78,11.8,11.82,600,1600,800,1000,400,5000,5000,1400,5000,1500,100,1100,200,3400,2000,1800,500,2000,2600,200
2.0,11.49,9500,109066.0,11.45,11.43,11.38,11.32,11.31,11.29,11.26,11.25,11.24,11.21,11.48,11.5,11.53,11.55,11.58,11.64,11.66,11.69,11.72,11.74,1600,800,1000,3000,5000,5000,1400,5000,1500,400,400,100,1100,1100,200,3400,2000,1800,500,4000
3.0,11.48,9700,111362.0,11.45,11.43,11.38,11.32,11.31,11.29,11.27,11.26,11.25,11.24,11.48,11.5,11.53,11.55,11.58,11.64,11.66,11.69,11.72,11.74,1600,800,1000,3000,5000,5000,5000,1400,5000,1500,200,100,1100,1100,200,3400,4000,1800,500,4000
4.0,11.53,11100,127491.0,11.53,11.45,11.43,11.38,11.32,11.31,11.29,11.27,11.26,11.25,11.55,11.58,11.6,11.64,11.66,11.69,11.72,11.74,11.78,11.8,600,1600,800,1000,3000,5000,5000,18000,1400,5000,1100,200,400,3400,4000,1800,500,4000,2000,2600
5.0,11.53,11100,127491.0,11.53,11.45,11.43,11.38,11.32,11.31,11.29,11.27,11.26,11.25,11.55,11.58,11.6,11.64,11.66,11.69,11.72,11.74,11.78,11.8,600,1600,800,1000,3000,5000,5000,18000,1400,8700,1100,200,400,3400,4000,1800,500,4000,2000,2600
6.0,11.53,11100,127491.0,11.53,11.49,11.48,11.45,11.38,11.32,11.31,11.3,11.29,11.27,11.55,11.58,11.6,11.62,11.64,11.66,11.69,11.72,11.74,11.78,600,5300,200,1600,1000,3000,5000,2100,5000,18000,1100,7000,400,6500,3400,4000,1800,500,4000,2000
7.0,11.53,11200,128644.0,11.53,11.5,11.49,11.48,11.45,11.38,11.32,11.31,11.3,11.29,11.55,11.58,11.6,11.62,11.64,11.66,11.69,11.72,11.74,11.78,500,200,5300,800,1600,1000,3000,5000,2100,5000,1100,7000,400,6500,3400,4000,1800,500,4000,2000
8.0,11.5,11900,136709.0,11.49,11.48,11.45,11.38,11.32,11.31,11.3,11.29,11.27,11.26,11.5,11.52,11.55,11.56,11.58,11.6,11.62,11.64,11.66,11.69,5300,800,1800,1000,3000,5000,2100,5000,18000,1400,800,600,1100,900,7000,3400,6500,3400,4000,1800
9.0,11.5,12900,148207.0,11.5,11.49,11.48,11.45,11.38,11.32,11.31,11.3,11.29,11.27,11.52,11.53,11.55,11.56,11.58,11.6,11.62,11.64,11.66,11.69,200,5100,2100,2200,1000,3000,5000,2100,5000,18000,600,400,1100,900,7000,3400,6500,3400,4000,1800
10.0,11.5,13100,150507.0,11.49,11.48,11.45,11.38,11.32,11.31,11.3,11.29,11.27,11.26,11.51,11.52,11.53,11.54,11.55,11.56,11.58,11.6,11.62,11.64,6100,1400,2200,1000,3000,5000,2100,5000,18000,1400,500,600,800,1800,1100,2200,7000,3400,6500,3400
11.0,11.49,16300,187285.0,11.49,11.48,11.45,11.38,11.32,11.31,11.3,11.29,11.27,11.26,11.52,11.53,11.54,11.55,11.56,11.58,11.6,11.62,11.64,11.66,3400,1400,2200,1000,3000,5000,2100,5000,18000,1400,900,800,1800,1100,2200,7000,3400,6500,3400,4000
12.0,11.49,19700,226351.0,11.48,11.45,11.38,11.32,11.31,11.3,11.29,11.27,11.26,11.25,11.49,11.51,11.52,11.53,11.54,11.55,11.56,11.58,11.6,11.62,1400,2200,1000,3000,5000,2100,5000,18000,1400,8700,1000,100,700,800,1800,1100,2200,7000,3000,6500
13.0,11.48,20400,234387.0,11.48,11.45,11.38,11.32,11.31,11.3,11.29,11.27,11.26,11.25,11.49,11.51,11.52,11.53,11.54,11.55,11.56,11.58,11.6,11.62,700,2200,1000,3000,5000,2100,5000,18000,1400,8700,1500,100,700,800,1800,1100,2200,7000,3000,6500
14.0,11.48,21100,242423.0,11.45,11.4,11.38,11.32,11.31,11.3,11.29,11.27,11.26,11.25,11.49,11.51,11.52,11.53,11.54,11.55,11.56,11.58,11.6,11.62,2200,1000,1000,3000,5000,2100,5000,18000,1400,8700,2200,100,700,800,1800,1100,2200,7000,3000,6500
15.0,11.48,21100,242423.0,11.45,11.4,11.38,11.32,11.31,11.3,11.29,11.27,11.26,11.25,11.49,11.51,11.52,11.53,11.54,11.55,11.56,11.58,11.6,11.62,2200,1000,1000,3000,5000,2100,5000,18000,1400,8700,2200,100,700,800,1800,1100,1300,7000,3000,6500
16.0,11.48,21500,247015.0,11.45,11.4,11.38,11.32,11.31,11.3,11.29,11.27,11.26,11.25,11.48,11.49,11.51,11.52,11.53,11.54,11.55,11.56,11.58,11.6,1800,1000,1000,3000,5000,2100,5000,18000,1400,8700,200,2200,100,700,800,1800,1100,1300,7000,3000
17.0,11.48,21500,247015.0,11.45,11.4,11.38,11.32,11.31,11.3,11.29,11.27,11.26,11.25,11.48,11.49,11.51,11.52,11.53,11.54,11.55,11.56,11.58,11.6,1800,1000,1000,3000,5000,2100,5000,18000,1400,8700,400,2100,100,700,800,1800,1100,1300,7000,3000
18.0,11.48,21500,247015.0,11.45,11.4,11.38,11.32,11.31,11.3,11.29,11.27,11.26,11.25,11.48,11.49,11.51,11.52,11.53,11.54,11.55,11.56,11.58,11.6,1800,1000,1000,3000,5000,2100,5000,18000,1400,8700,400,2100,100,700,800,1800,1100,1300,7000,3000
19.0,11.48,21700,249311.0,11.46,11.45,11.4,11.38,11.32,11.31,11.3,11.29,11.27,11.26,11.48,11.49,11.51,11.52,11.53,11.54,11.55,11.56,11.58,11.6,800,1800,1000,1000,3000,5000,2100,5000,18000,1400,200,2100,100,700,800,1800,1100,1300,7000,3000
20.0,11.46,21900,251603.0,11.46,11.45,11.4,11.38,11.32,11.31,11.3,11.29,11.27,11.26,11.48,11.49,11.51,11.52,11.53,11.54,11.55,11.56,11.58,11.6,600,1800,1000,1000,3000,5000,2100,5000,18000,1400,200,900,100,700,800,1800,1100,1300,7000,3000
21.0,11.4,25200,289349.0,11.46,11.4,11.38,11.32,11.31,11.3,11.29,11.27,11.26,11.25,11.48,11.49,11.51,11.52,11.53,11.54,11.55,11.56,11.58,11.6,800,100,1000,3000,5000,2100,5000,18000,1400,8700,5200,900,100,700,800,1800,1100,1300,7000,3000
22.0,11.4,25200,289349.0,11.46,11.4,11.38,11.36,11.34,11.32,11.31,11.3,11.29,11.27,11.48,11.49,11.51,11.52,11.53,11.54,11.55,11.56,11.58,11.6,800,100,8100,6900,7100,10100,5000,9100,5000,18000,5300,200,100,700,800,1800,1100,1300,7000,3000
23.0,11.46,26700,306539.0,11.41,11.4,11.38,11.36,11.34,11.32,11.31,11.3,11.29,11.27,11.46,11.48,11.49,11.51,11.52,11.53,11.54,11.55,11.56,11.58,1100,6900,8100,6900,7100,10100,5000,9100,5000,18000,700,5300,200,100,700,800,1800,1100,1300,7000
24.0,11.46,26800,307685.0,11.41,11.4,11.38,11.36,11.34,11.32,11.31,11.3,11.29,11.27,11.46,11.48,11.49,11.51,11.52,11.53,11.54,11.55,11.56,11.58,1100,6900,8100,6900,7100,10100,5000,9100,5000,18000,600,5300,200,100,700,800,1800,1100,1300,7000
25.0,11.46,26800,307685.0,11.41,11.4,11.38,11.36,11.34,11.32,11.31,11.3,11.29,11.27,11.46,11.48,11.49,11.51,11.52,11.53,11.54,11.55,11.56,11.58,1100,6900,8100,6900,7100,10100,5000,9100,5000,18000,600,5300,200,100,700,800,1800,1100,1300,7000
26.0,11.46,32700,375385.0,11.46,11.41,11.4,11.38,11.36,11.34,11.32,11.31,11.3,11.29,11.48,11.52,11.53,11.54,11.55,11.56,11.58,11.6,11.62,11.64,500,1400,6900,8100,6900,7100,10100,5000,9100,5000,1000,700,800,1800,1100,1300,7000,3000,6500,3400
27.0,11.46,32800,376531.0,11.46,11.41,11.4,11.38,11.36,11.34,11.32,11.31,11.3,11.29,11.48,11.52,11.53,11.54,11.55,11.56,11.58,11.6,11.62,11.64,400,1500,6900,8100,6900,7100,10100,5000,9100,5000,1000,700,800,1800,1100,1300,7000,3000,6500,3400
28.0,11.46,33000,378823.0,11.46,11.41,11.4,11.38,11.36,11.34,11.32,11.31,11.3,11.29,11.48,11.52,11.53,11.54,11.55,11.56,11.58,11.6,11.62,11.64,200,1900,6900,8100,6900,7100,10100,5000,9100,5000,900,700,800,1800,1100,1300,7000,3000,6500,3400
29.0,11.46,33000,378823.0,11.47,11.46,11.44,11.41,11.4,11.38,11.36,11.34,11.32,11.31,11.48,11.52,11.53,11.54,11.55,11.56,11.58,11.6,11.62,11.64,100,200,2600,1700,6900,8100,6900,7100,10100,5000,1000,700,800,1800,1100,1300,7000,3000,6500,3400
30.0,11.48,34000,390303.0,11.47,11.46,11.44,11.41,11.4,11.38,11.36,11.34,11.32,11.31,11.52,11.53,11.54,11.55,11.56,11.58,11.6,11.62,11.64,11.66,100,200,2600,1600,6900,8100,6900,7100,10100,5000,700,800,1800,1100,1300,7000,3000,6500,3400,2000
31.0,11.52,34100,391455.0,11.48,11.47,11.46,11.44,11.41,11.4,11.38,11.36,11.34,11.32,11.52,11.53,11.54,11.55,11.56,11.58,11.6,11.62,11.64,11.66,100,100,200,2600,1600,6900,8100,6900,7100,10100,600,800,1800,1100,1300,7000,3000,6500,3400,2000
32.0,11.52,34100,391455.0,11.48,11.47,11.46,11.44,11.41,11.4,11.38,11.36,11.34,11.32,11.52,11.53,11.54,11.55,11.56,11.58,11.6,11.62,11.64,11.66,100,100,100,2600,1600,9900,8100,6900,7100,10100,600,800,1800,1100,1300,7000,3000,6500,3400,2000
33.0,11.52,34100,391455.0,11.48,11.47,11.46,11.44,11.41,11.4,11.38,11.36,11.34,11.32,11.52,11.53,11.54,11.55,11.56,11.58,11.6,11.62,11.64,11.66,100,100,100,2600,1600,9900,8100,6900,7100,10100,600,800,1800,1100,1300,7000,3000,6500,3400,2000
34.0,11.52,34200,392607.0,11.48,11.47,11.46,11.44,11.41,11.4,11.38,11.36,11.34,11.32,11.51,11.52,11.53,11.54,11.55,11.56,11.58,11.6,11.62,11.64,100,100,100,2600,1600,9900,8100,6900,7100,10100,4000,500,800,1800,1100,1300,7000,3000,6500,3400
35.0,11.52,34200,392607.0,11.48,11.47,11.46,11.44,11.41,11.4,11.38,11.36,11.34,11.32,11.51,11.52,11.53,11.54,11.55,11.56,11.58,11.6,11.62,11.64,100,100,100,2600,1600,9900,8100,6900,7100,10100,4000,500,800,1800,1100,1300,7000,3000,6500,3400
36.0,11.52,34200,392607.0,11.48,11.47,11.46,11.44,11.41,11.4,11.38,11.36,11.34,11.32,11.51,11.52,11.53,11.54,11.55,11.56,11.58,11.6,11.62,11.64,100,100,100,2600,1600,9900,8100,6900,7100,10100,4000,500,800,1800,1100,1300,7000,3000,6500,3400
37.0,11.52,34200,392607.0,11.48,11.47,11.46,11.44,11.41,11.4,11.38,11.36,11.34,11.32,11.51,11.52,11.53,11.54,11.55,11.56,11.58,11.6,11.62,11.64,100,100,100,2600,1600,9900,8100,6900,7100,10100,4000,500,800,1800,1100,1300,7000,3000,6500,3400
38.0,11.48,34300,393755.0,11.47,11.46,11.44,11.41,11.4,11.38,11.36,11.34,11.32,11.31,11.51,11.52,11.53,11.54,11.55,11.56,11.58,11.6,11.62,11.64,100,100,2600,1600,9900,8100,6900,7100,10100,5000,4000,500,800,1800,1100,1300,7000,3000,6500,3400
39.0,11.48,34300,393755.0,11.47,11.46,11.44,11.41,11.4,11.38,11.36,11.34,11.32,11.31,11.51,11.52,11.53,11.54,11.55,11.56,11.58,11.6,11.62,11.64,100,100,2600,1600,9900,8100,6900,7100,10100,5000,4000,500,800,1800,1100,1300,7000,3000,6500,3400
40.0,11.48,34300,393755.0,11.48,11.47,11.46,11.44,11.41,11.4,11.38,11.36,11.34,11.32,11.51,11.52,11.53,11.54,11.55,11.56,11.58,11.6,11.62,11.64,400,100,100,2600,1200,9900,8100,6900,7100,10100,4000,500,800,1800,1100,1300,7000,3000,6500,3400
41.0,11.48,34300,393755.0,11.48,11.47,11.46,11.44,11.41,11.4,11.38,11.36,11.34,11.32,11.51,11.52,11.53,11.54,11.55,11.56,11.58,11.6,11.62,11.64,400,100,100,2600,1200,9900,8100,6900,7100,10100,4000,500,800,1800,1100,1300,7000,3000,6500,3400
42.0,11.48,34300,393755.0,11.48,11.47,11.46,11.44,11.41,11.4,11.38,11.36,11.34,11.32,11.51,11.52,11.53,11.54,11.55,11.56,11.58,11.6,11.62,11.64,400,100,100,2600,1200,9900,8100,6900,7100,10100,4000,500,800,1800,1100,1300,7000,3000,6500,3400
43.0,11.51,35100,402963.0,11.48,11.47,11.46,11.44,11.41,11.4,11.38,11.36,11.34,11.32,11.51,11.52,11.53,11.54,11.55,11.56,11.58,11.6,11.62,11.64,400,100,100,2600,1200,9900,8100,6900,7100,10100,3200,500,800,1800,1100,1300,7000,3000,6500,3400
44.0,11.51,35100,402963.0,11.48,11.47,11.46,11.44,11.41,11.4,11.38,11.36,11.34,11.32,11.51,11.52,11.53,11.54,11.55,11.56,11.58,11.6,11.62,11.64,400,100,100,2600,1200,9900,8100,6900,7100,10100,3200,500,800,1800,1100,1300,7000,3000,6500,3400
45.0,11.51,35100,402963.0,11.48,11.47,11.46,11.44,11.41,11.4,11.38,11.36,11.34,11.32,11.51,11.52,11.53,11.54,11.55,11.56,11.58,11.6,11.62,11.64,400,100,100,2600,1200,9900,8100,6900,7100,10100,3200,500,800,1800,1100,1300,7000,3000,6500,3400
46.0,11.51,35100,402963.0,11.48,11.47,11.46,11.44,11.41,11.4,11.38,11.36,11.34,11.32,11.51,11.52,11.53,11.54,11.55,11.56,11.58,11.6,11.62,11.64,400,100,100,2600,1200,9900,8100,6900,7100,10100,3200,500,800,1800,1100,1300,7000,3000,6500,3400
47.0,11.51,35100,402963.0,11.48,11.47,11.46,11.44,11.41,11.4,11.38,11.36,11.34,11.32,11.51,11.52,11.53,11.54,11.55,11.56,11.58,11.6,11.62,11.64,400,100,100,2600,1200,9900,8100,6900,7100,10100,3200,500,800,1800,1100,1300,7000,3000,6500,3400
48.0,11.51,35100,402963.0,11.49,11.48,11.47,11.46,11.44,11.41,11.4,11.38,11.36,11.34,11.51,11.52,11.53,11.54,11.55,11.56,11.58,11.6,11.62,11.64,100,1600,100,100,2600,1200,9900,8100,6900,7100,3200,500,800,1800,1100,1300,7000,3000,6500,3400
49.0,11.51,35100,402963.0,11.49,11.48,11.47,11.46,11.44,11.41,11.4,11.38,11.36,11.34,11.51,11.52,11.53,11.54,11.55,11.56,11.58,11.6,11.62,11.64,100,1600,100,100,2600,1200,9900,8100,6900,7100,3200,500,800,1800,1100,1300,7000,3000,6500,3400
50.0,11.49,35200,404112.0,11.48,11.47,11.46,11.44,11.41,11.4,11.38,11.36,11.34,11.32,11.51,11.52,11.53,11.54,11.55,11.56,11.58,11.6,11.62,11.64,1600,100,100,2600,1100,9900,8100,6900,7100,10100,3200,500,800,1800,1100,1300,7000,3000,6500,3400
51.0,11.49,35200,404112.0,11.48,11.47,11.46,11.44,11.41,11.4,11.38,11.36,11.34,11.32,11.51,11.52,11.53,11.54,11.55,11.56,11.58,11.6,11.62,11.64,3700,100,100,2600,1100,9900,8100,6900,7100,10100,3200,500,800,1800,1100,1300,7000,3000,6500,3400
52.0,11.49,35200,404112.0,11.49,11.48,11.47,11.46,11.44,11.41,11.4,11.38,11.36,11.34,11.52,11.53,11.54,11.55,11.56,11.58,11.6,11.62,11.64,11.66,400,3300,100,100,2600,1100,9900,8100,6900,7100,500,800,1800,1100,1300,7000,3000,6500,3400,2000
53.0,11.49,35200,404112.0,11.49,11.48,11.47,11.46,11.44,11.41,11.4,11.38,11.36,11.34,11.52,11.53,11.54,11.55,11.56,11.58,11.6,11.62,11.64,11.66,400,3600,100,100,2600,1100,9900,8100,6900,7100,500,800,1800,1100,1300,7000,3000,6500,3400,2000
54.0,11.52,35300,405264.0,11.49,11.48,11.47,11.46,11.44,11.41,11.4,11.38,11.36,11.34,11.52,11.53,11.54,11.55,11.56,11.58,11.6,11.62,11.64,11.66,400,3600,100,100,2600,1100,9900,8100,6900,7100,400,800,1800,1100,1300,7000,3000,6500,3400,2000
55.0,11.52,35300,405264.0,11.49,11.48,11.47,11.46,11.44,11.41,11.4,11.38,11.36,11.34,11.52,11.53,11.54,11.55,11.56,11.58,11.6,11.62,11.64,11.66,400,3600,100,100,2600,1100,9900,8100,6900,7100,400,800,1800,1100,1300,7000,3000,6500,3400,2000
56.0,11.52,35300,405264.0,11.49,11.48,11.47,11.46,11.44,11.41,11.4,11.38,11.36,11.34,11.52,11.53,11.54,11.55,11.56,11.58,11.6,11.62,11.64,11.66,500,3600,100,100,2600,1100,9900,8100,6900,7100,400,800,1800,1100,1300,7000,3000,6500,3400,2000
57.0,11.52,35300,405264.0,11.49,11.48,11.47,11.46,11.44,11.41,11.4,11.38,11.36,11.34,11.52,11.53,11.54,11.55,11.56,11.58,11.6,11.62,11.64,11.66,500,3600,100,100,2600,1100,9900,8100,6900,7100,400,800,1800,1100,1300,7000,3000,6500,3400,2000
58.0,11.52,35300,405264.0,11.49,11.48,11.47,11.46,11.44,11.41,11.4,11.38,11.36,11.34,11.52,11.53,11.54,11.55,11.56,11.58,11.6,11.62,11.64,11.66,500,3700,100,500,2600,1100,9900,8100,6900,7100,400,800,1800,1100,1300,7000,3000,6500,3400,2000
59.0,11.52,35300,405264.0,11.49,11.48,11.47,11.46,11.44,11.41,11.4,11.38,11.36,11.34,11.52,11.53,11.54,11.55,11.56,11.58,11.6,11.62,11.64,11.66,500,3700,100,500,2600,1100,9900,8100,6900,7100,400,800,1800,1100,1300,7000,3000,6500,3400,2000
60.0,11.52,35300,405264.0,11.49,11.48,11.47,11.46,11.44,11.41,11.4,11.38,11.36,11.34,11.52,11.53,11.54,11.55,11.56,11.58,11.6,11.62,11.64,11.66,500,3700,100,500,2600,1100,9900,8100,6900,7100,400,800,1800,1100,1300,7000,3000,6500,3400,2000
61.0,11.52,35300,405264.0,11.49,11.48,11.47,11.46,11.44,11.41,11.4,11.38,11.36,11.34,11.52,11.54,11.55,11.56,11.58,11.6,11.62,11.64,11.66,11.69,500,3700,100,500,2600,1100,9900,8100,6900,7100,400,1800,1100,1300,7000,3000,6500,3400,2000,1800
62.0,11.52,35300,405264.0,11.49,11.48,11.47,11.46,11.44,11.41,11.4,11.38,11.36,11.34,11.52,11.54,11.55,11.56,11.58,11.6,11.62,11.64,11.66,11.69,1000,3700,100,500,2600,1100,9900,8100,6900,7100,400,1800,1100,1300,7000,3000,6500,3400,2000,1800
63.0,11.52,35300,405264.0,11.49,11.48,11.47,11.46,11.44,11.41,11.4,11.38,11.36,11.34,11.52,11.54,11.55,11.56,11.58,11.6,11.62,11.64,11.66,11.69,1000,3700,100,500,2600,1100,9900,8100,6900,7100,400,1800,1100,1300,6800,3000,6500,3400,2000,1800
64.0,11.49,35400,406413.0,11.49,11.48,11.47,11.46,11.44,11.41,11.4,11.38,11.36,11.34,11.52,11.54,11.55,11.56,11.58,11.6,11.62,11.64,11.66,11.69,2600,3700,100,500,2600,1100,9900,8100,6900,7100,400,1800,1100,1300,6800,3000,6500,3400,2000,1800
65.0,11.49,35400,406413.0,11.5,11.49,11.48,11.47,11.46,11.44,11.41,11.4,11.38,11.36,11.52,11.54,11.55,11.56,11.58,11.6,11.62,11.64,11.66,11.69,500,2800,3700,100,100,5200,1100,9900,8100,6900,400,1800,1100,1300,6800,3000,6500,3400,2000,1800
66.0,11.49,35400,406413.0,11.5,11.49,11.48,11.47,11.46,11.44,11.41,11.4,11.38,11.36,11.52,11.54,11.55,11.56,11.58,11.6,11.62,11.64,11.66,11.69,600,2800,3700,100,100,5200,1100,9900,8100,6900,400,1800,1100,1300,6800,3000,6500,3400,2000,1800
67.0,11.49,35400,406413.0,11.5,11.49,11.48,11.47,11.46,11.44,11.41,11.4,11.38,11.36,11.52,11.54,11.55,11.56,11.58,11.6,11.62,11.64,11.66,11.69,600,2800,3700,100,100,5200,1100,9900,8100,6900,400,1800,1100,1300,6800,3000,6500,3400,2000,1800
68.0,11.52,35800,411021.0,11.5,11.49,11.48,11.47,11.46,11.44,11.41,11.4,11.38,11.36,11.54,11.55,11.56,11.58,11.6,11.62,11.64,11.66,11.69,11.72,600,2600,3500,100,100,5200,1100,9900,8100,6900,1800,1100,1300,6800,3000,6500,3400,2000,1800,500
69.0,11.52,35800,411021.0,11.5,11.49,11.48,11.47,11.46,11.44,11.41,11.4,11.38,11.36,11.54,11.55,11.56,11.58,11.6,11.62,11.64,11.66,11.69,11.72,600,2600,3500,100,100,5200,1100,9900,8100,6900,1800,1100,1300,6800,3000,6500,3400,2000,1800,500
70.0,11.52,35800,411021.0,11.5,11.49,11.48,11.47,11.46,11.44,11.41,11.4,11.38,11.36,11.54,11.55,11.56,11.58,11.6,11.62,11.64,11.66,11.69,11.72,600,2600,3500,100,100,5200,1100,9900,8100,6900,1800,1100,1300,6800,3000,6500,3400,2000,1800,500
71.0,11.52,35800,411021.0,11.52,11.51,11.5,11.49,11.48,11.47,11.46,11.44,11.41,11.4,11.54,11.55,11.56,11.58,11.6,11.62,11.64,11.66,11.69,11.72,100,300,600,2600,3500,100,100,5200,1100,9900,1800,1100,1300,6800,3000,6500,3400,2000,1800,500
72.0,11.52,35800,411021.0,11.52,11.51,11.5,11.49,11.48,11.47,11.46,11.44,11.41,11.4,11.55,11.56,11.58,11.6,11.62,11.64,11.66,11.69,11.72,11.74,100,1700,600,2600,3300,100,100,5200,1100,9900,1100,1300,6800,3000,6500,3400,2000,1800,500,4000
73.0,11.52,35800,411021.0,11.52,11.51,11.5,11.49,11.48,11.47,11.46,11.44,11.41,11.4,11.55,11.56,11.58,11.6,11.62,11.64,11.66,11.69,11.72,11.74,100,1700,600,2600,3300,100,100,5200,1100,9900,1100,1300,6800,3000,6500,3400,2000,1800,500,4000
74.0,11.52,35800,411021.0,11.52,11.51,11.5,11.49,11.48,11.47,11.46,11.44,11.41,11.4,11.55,11.56,11.58,11.6,11.62,11.64,11.66,11.69,11.72,11.74,200,1900,600,2600,3300,100,100,5200,1000,9900,1100,1300,6800,3000,6500,3400,2000,1800,500,4000
75.0,11.52,35800,411021.0,11.52,11.51,11.5,11.49,11.48,11.47,11.46,11.44,11.41,11.4,11.55,11.56,11.58,11.6,11.62,11.64,11.66,11.69,11.72,11.74,300,1900,600,800,3300,100,100,5200,1000,9900,1100,1300,6800,3000,6500,3400,2000,1800,500,4000
76.0,11.52,35800,411021.0,11.52,11.51,11.5,11.49,11.48,11.47,11.46,11.44,11.41,11.4,11.54,11.55,11.56,11.58,11.6,11.62,11.64,11.66,11.69,11.72,400,2300,600,500,3300,100,100,5200,1000,9900,100,1100,1300,6800,3000,6500,3400,2000,1800,500
77.0,11.52,35800,411021.0,11.52,11.51,11.5,11.49,11.48,11.47,11.46,11.44,11.41,11.4,11.54,11.55,11.56,11.58,11.6,11.62,11.64,11.66,11.69,11.72,400,2300,600,500,3300,2700,100,2600,1000,9900,100,1100,1300,6800,3000,6500,3400,2000,1800,500
78.0,11.52,35800,411021.0,11.52,11.51,11.5,11.49,11.48,11.47,11.46,11.44,11.41,11.4,11.54,11.55,11.56,11.58,11.6,11.62,11.64,11.66,11.69,11.72,1700,2300,600,500,2200,2600,100,2600,1000,9900,100,1100,1300,6800,3000,6500,3400,2000,1800,500
79.0,11.52,35800,411021.0,11.52,11.51,11.5,11.49,11.48,11.47,11.46,11.44,11.41,11.4,11.54,11.55,11.56,11.58,11.6,11.62,11.64,11.66,11.69,11.72,1700,2300,600,500,2200,2600,100,2600,1000,9900,100,1100,1300,6800,3000,6500,3400,2000,1800,500
80.0,11.52,35900,412173.0,11.52,11.51,11.5,11.49,11.48,11.47,11.46,11.44,11.41,11.4,11.54,11.55,11.56,11.58,11.6,11.62,11.64,11.66,11.69,11.72,1800,2300,500,500,2200,2600,100,2600,1000,9900,200,1100,1300,6800,3000,6500,3400,2000,1800,500
81.0,11.52,35900,412173.0,11.52,11.51,11.5,11.49,11.48,11.47,11.46,11.44,11.41,11.4,11.54,11.55,11.56,11.58,11.6,11.62,11.64,11.66,11.69,11.72,2400,2300,500,500,2200,2600,100,2600,1000,9900,200,1100,1300,6800,3000,6500,3400,2000,1800,500
82.0,11.52,36100,414477.0,11.52,11.51,11.5,11.49,11.48,11.47,11.46,11.44,11.41,11.4,11.54,11.55,11.56,11.58,11.6,11.62,11.64,11.66,11.69,11.72,2200,2300,500,500,2200,2600,100,2600,1000,9900,200,1100,1300,6800,3000,6500,3400,2000,1800,500
83.0,11.52,36100,414477.0,11.52,11.51,11.5,11.49,11.48,11.47,11.46,11.44,11.41,11.4,11.54,11.55,11.56,11.58,11.6,11.62,11.64,11.66,11.69,11.72,2200,2300,500,500,2200,2600,100,2600,1000,9900,200,1100,1300,6800,3000,6500,3400,2000,1800,500
84.0,11.52,36300,416781.0,11.52,11.51,11.5,11.49,11.48,11.47,11.46,11.44,11.41,11.4,11.54,11.55,11.56,11.58,11.6,11.62,11.64,11.66,11.69,11.72,2000,2300,500,500,2200,2600,100,2600,1000,9900,200,1100,1300,6800,3000,6500,3400,2000,1800,500
85.0,11.52,36300,416781.0,11.52,11.51,11.5,11.49,11.48,11.47,11.46,11.44,11.41,11.4,11.54,11.55,11.56,11.58,11.6,11.62,11.64,11.66,11.69,11.72,2000,2300,500,500,2200,2600,100,2600,1000,9900,200,1100,1300,6800,3000,6500,3400,2000,1800,500
86.0,11.52,36300,416781.0,11.52,11.51,11.5,11.49,11.48,11.47,11.46,11.44,11.41,11.4,11.54,11.55,11.56,11.58,11.6,11.62,11.64,11.66,11.69,11.72,2000,2300,500,500,2200,2600,100,2600,1000,9900,200,1100,1300,6800,3000,6500,3400,2000,1800,500
87.0,11.52,36500,419085.0,11.52,11.51,11.5,11.49,11.48,11.47,11.46,11.44,11.41,11.4,11.54,11.55,11.56,11.58,11.6,11.62,11.64,11.66,11.69,11.72,1800,2300,500,500,2200,2600,100,2600,1000,9900,200,1100,1300,6800,3000,6500,3400,2000,1800,500
88.0,11.52,36800,422541.0,11.52,11.51,11.5,11.49,11.48,11.47,11.46,11.44,11.41,11.4,11.54,11.55,11.56,11.58,11.6,11.62,11.64,11.66,11.69,11.72,2200,1900,500,500,2200,2600,100,2600,1000,9900,200,1100,1300,6800,3000,6500,3400,2000,1800,500
89.0,11.52,36800,422541.0,11.53,11.52,11.51,11.5,11.49,11.48,11.47,11.46,11.44,11.41,11.54,11.55,11.56,11.58,11.6,11.62,11.64,11.66,11.69,11.72,100,2200,1900,500,500,2200,2600,100,2600,1000,200,1100,1300,6800,3000,6500,3400,2000,1800,500
90.0,11.52,36800,422541.0,11.53,11.52,11.51,11.5,11.49,11.48,11.47,11.46,11.44,11.41,11.54,11.55,11.56,11.58,11.6,11.62,11.64,11.66,11.69,11.72,1100,2200,1900,500,500,1200,2600,100,2600,1000,200,1100,1300,6800,3000,6500,3400,2000,1800,500
91.0,11.52,36800,422541.0,11.53,11.52,11.51,11.5,11.49,11.48,11.47,11.46,11.44,11.41,11.54,11.55,11.56,11.58,11.6,11.62,11.64,11.66,11.69,11.72,1100,2200,1900,500,500,1200,2600,100,2600,1000,200,2000,1300,6800,3000,6500,3400,2000,1800,500
92.0,11.52,36800,422541.0,11.53,11.52,11.51,11.5,11.49,11.48,11.47,11.46,11.44,11.41,11.54,11.55,11.56,11.58,11.6,11.62,11.64,11.66,11.69,11.72,1100,2200,1900,500,500,1000,2600,100,2600,1000,1600,2000,1300,6800,3000,6500,3400,2000,1800,500
93.0,11.52,36800,422541.0,11.53,11.52,11.51,11.5,11.49,11.48,11.47,11.46,11.44,11.41,11.54,11.55,11.56,11.58,11.6,11.62,11.64,11.66,11.69,11.72,1100,2200,1600,500,500,1000,2600,100,2600,1000,1600,2000,1300,6800,3000,6500,3400,2000,1800,500
94.0,11.53,36900,423694.0,11.53,11.52,11.51,11.5,11.49,11.48,11.47,11.46,11.44,11.41,11.54,11.55,11.56,11.58,11.6,11.62,11.64,11.66,11.69,11.72,1000,2200,1600,500,500,1000,2600,100,2600,1000,1600,2000,1300,6800,3000,6500,3400,2000,1800,500
95.0,11.53,36900,423694.0,11.53,11.52,11.51,11.5,11.49,11.48,11.47,11.46,11.44,11.41,11.54,11.55,11.56,11.58,11.6,11.62,11.64,11.66,11.69,11.72,1000,2200,1600,500,500,1000,2600,100,2600,1000,1600,2000,1300,6800,3000,6500,3400,2000,1800,500
96.0,11.53,36900,423694.0,11.53,11.52,11.51,11.5,11.49,11.48,11.47,11.46,11.44,11.41,11.54,11.55,11.56,11.58,11.6,11.62,11.64,11.66,11.69,11.72,1000,2200,1600,500,500,1000,2600,100,2600,1000,1600,2000,1300,6800,3000,6500,3400,2000,1800,500
97.0,11.53,37100,426000.0,11.53,11.52,11.51,11.5,11.49,11.48,11.47,11.46,11.44,11.41,11.54,11.55,11.56,11.58,11.6,11.62,11.64,11.66,11.69,11.72,800,2200,1600,500,500,1000,2600,100,2600,1000,1600,2000,1300,6800,3000,6500,3400,2000,1800,500
98.0,11.53,37100,426000.0,11.53,11.52,11.51,11.5,11.49,11.48,11.47,11.46,11.44,11.41,11.54,11.55,11.56,11.58,11.6,11.62,11.64,11.66,11.69,11.72,800,2200,1600,500,500,1000,2600,100,2600,1000,1600,2000,1300,6800,3000,6500,3400,2000,1800,500
99.0,11.53,37100,426000.0,11.53,11.52,11.51,11.5,11.49,11.48,11.47,11.46,11.44,11.41,11.54,11.55,11.56,11.58,11.6,11.62,11.64,11.66,11.69,11.72,2000,2200,1600,500,500,100,2600,100,2600,1000,1600,2000,1300,6800,3000,6500,3400,2000,1800,500
100.0,11.54,38900,446768.0,11.53,11.52,11.51,11.5,11.49,11.48,11.47,11.46,11.44,11.41,11.54,11.55,11.56,11.58,11.6,11.62,11.64,11.66,11.69,11.72,1600,2900,1600,500,500,100,2600,100,2600,1000,200,2000,1300,6800,3000,6500,3400,2000,1800,500
101.0,11.53,39000,447921.0,11.53,11.52,11.51,11.5,11.49,11.48,11.47,11.46,11.44,11.41,11.54,11.55,11.56,11.58,11.6,11.62,11.64,11.66,11.69,11.72,1900,2200,1600,500,500,100,2600,100,2600,1000,200,2000,1300,6800,3000,6500,3400,2000,1800,500
102.0,11.53,39000,447921.0,11.53,11.52,11.51,11.5,11.49,11.48,11.47,11.46,11.44,11.41,11.54,11.55,11.56,11.58,11.6,11.62,11.64,11.66,11.69,11.72,1900,2200,1600,500,500,100,2600,100,2600,1000,200,2000,1300,6800,3000,6500,3400,2000,1800,500
103.0,11.53,39000,447921.0,11.53,11.52,11.51,11.5,11.49,11.48,11.47,11.46,11.44,11.41,11.54,11.55,11.56,11.58,11.6,11.62,11.64,11.66,11.69,11.72,1900,2200,1800,500,500,100,2600,100,2600,1000,200,2000,1300,6800,3000,6500,3400,2000,1800,500
104.0,11.53,39100,449074.0,11.53,11.52,11.51,11.5,11.49,11.48,11.47,11.46,11.44,11.41,11.54,11.55,11.56,11.58,11.6,11.62,11.64,11.66,11.69,11.72,1800,2200,1800,500,500,100,2600,100,2600,1000,200,2000,1300,6800,3000,6500,3400,2000,1800,500
105.0,11.53,39100,449074.0,11.53,11.52,11.51,11.5,11.49,11.48,11.47,11.46,11.44,11.41,11.54,11.55,11.56,11.58,11.6,11.62,11.64,11.66,11.69,11.72,1800,2200,1800,500,500,100,2600,100,2600,1000,200,2000,1300,6800,3000,6500,3400,2000,1800,500
106.0,11.53,39100,449074.0,11.53,11.52,11.51,11.5,11.49,11.48,11.47,11.46,11.44,11.41,11.54,11.55,11.56,11.58,11.6,11.62,11.64,11.66,11.69,11.72,1800,2200,1800,500,500,100,2600,100,2600,1000,200,2000,1300,6800,3000,6500,3400,2000,1800,500
107.0,11.53,39200,450227.0,11.53,11.52,11.51,11.5,11.49,11.48,11.47,11.46,11.44,11.41,11.54,11.55,11.56,11.58,11.6,11.62,11.64,11.66,11.69,11.72,1700,2200,1800,500,500,100,2600,100,2600,1000,200,2000,1300,6800,3000,6500,3400,2000,1800,500
108.0,11.53,39200,450227.0,11.53,11.52,11.51,11.5,11.49,11.48,11.47,11.46,11.44,11.41,11.54,11.55,11.56,11.58,11.6,11.62,11.64,11.66,11.69,11.72,1700,2200,1800,500,500,100,2600,100,2600,1000,200,2000,1300,6800,3000,6500,3400,2000,1800,500
109.0,11.53,39200,450227.0,11.53,11.52,11.51,11.5,11.49,11.48,11.47,11.46,11.44,11.41,11.54,11.55,11.56,11.58,11.6,11.62,11.64,11.66,11.69,11.72,1700,2200,1800,500,500,100,2600,100,2600,1000,200,2000,1300,6800,3000,6500,3400,2000,1800,500
110.0,11.53,39200,450227.0,11.53,11.52,11.51,11.5,11.49,11.48,11.47,11.46,11.44,11.41,11.54,11.55,11.56,11.58,11.6,11.62,11.64,11.66,11.69,11.72,1700,2200,1800,500,500,100,2600,100,2600,1000,200,2000,1300,6800,3000,6500,3400,2000,1800,500
111.0,11.54,39700,455993.0,11.53,11.52,11.51,11.5,11.49,11.48,11.47,11.46,11.44,11.41,11.54,11.55,11.56,11.58,11.6,11.62,11.64,11.66,11.69,11.72,1300,2200,1800,500,500,100,2600,100,2600,1000,100,2000,1300,6800,3000,6500,3400,2000,1800,500
112.0,11.54,39700,455993.0,11.53,11.52,11.51,11.5,11.49,11.48,11.47,11.46,11.44,11.41,11.54,11.55,11.56,11.58,11.6,11.62,11.64,11.66,11.69,11.72,1300,2200,1600,500,500,100,2600,100,2600,1000,100,2000,1300,6800,3000,6500,3400,2000,1800,500
113.0,11.52,42000,482506.0,11.52,11.51,11.5,11.49,11.48,11.47,11.46,11.44,11.41,11.4,11.54,11.55,11.56,11.58,11.6,11.62,11.64,11.66,11.69,11.72,1600,1600,500,500,100,2600,100,2600,1000,9900,100,2000,1300,6800,3000,6500,3400,2000,1800,500
114.0,11.52,42100,483658.0,11.53,11.52,11.51,11.5,11.49,11.48,11.47,11.46,11.44,11.41,11.54,11.55,11.56,11.58,11.6,11.62,11.64,11.66,11.69,11.72,1400,1500,500,500,500,100,2600,100,2600,1000,100,2000,1300,6800,3000,6500,3400,2000,1800,500
115.0,11.52,42100,483658.0,11.53,11.52,11.51,11.5,11.49,11.48,11.47,11.46,11.44,11.41,11.54,11.55,11.56,11.58,11.6,11.62,11.64,11.66,11.69,11.72,1400,1500,500,500,500,100,2600,100,2600,1000,100,2000,1300,6800,3000,6500,3400,2000,1800,500
116.0,11.52,42100,483658.0,11.53,11.52,11.51,11.5,11.49,11.48,11.47,11.46,11.44,11.41,11.54,11.55,11.56,11.58,11.6,11.62,11.64,11.66,11.69,11.72,1400,1500,500,500,500,100,2600,100,2600,1000,100,2000,1300,6800,3000,6500,3400,2000,1800,500
117.0,11.52,42100,483658.0,11.53,11.52,11.51,11.5,11.49,11.48,11.47,11.46,11.44,11.41,11.54,11.55,11.56,11.58,11.6,11.62,11.64,11.66,11.69,11.72,1400,1500,500,500,500,100,2600,100,2600,1000,100,2000,1300,6800,3000,6500,3400,2000,1800,500
118.0,11.53,42200,484811.0,11.53,11.52,11.51,11.5,11.49,11.48,11.47,11.46,11.44,11.41,11.54,11.55,11.56,11.58,11.6,11.62,11.64,11.66,11.69,11.72,1300,1500,500,500,500,100,2600,100,2600,1000,100,2000,1300,6800,3000,6500,3400,2000,1800,500
119.0,11.53,42200,484811.0,11.53,11.52,11.51,11.5,11.49,11.48,11.47,11.46,11.44,11.41,11.54,11.55,11.56,11.58,11.6,11.62,11.64,11.66,11.69,11.72,1300,1500,500,500,500,100,2600,100,2600,1000,100,2000,1300,6800,3000,6500,3400,2000,1800,500
120.0,11.53,42200,484811.0,11.53,11.52,11.51,11.5,11.49,11.47,11.46,11.44,11.41,11.4,11.54,11.55,11.56,11.58,11.6,11.62,11.64,11.66,11.69,11.72,2500,1500,500,500,500,2600,100,2600,1000,9900,100,2000,1300,6800,3000,6500,3400,2000,1800,500
121.0,11.53,42400,487117.0,11.53,11.52,11.51,11.5,11.49,11.47,11.46,11.44,11.41,11.4,11.54,11.55,11.56,11.58,11.6,11.62,11.64,11.66,11.69,11.72,2300,1500,500,500,500,2600,100,2600,1000,9900,100,2000,1300,6800,3000,6500,3400,2000,1800,500
122.0,11.53,42400,487117.0,11.53,11.52,11.51,11.5,11.49,11.47,11.46,11.44,11.41,11.4,11.54,11.55,11.56,11.58,11.6,11.62,11.64,11.66,11.69,11.72,2300,1500,500,500,500,2600,100,2600,1000,9900,100,2000,1300,6800,3000,6500,3400,2000,1800,500
123.0,11.53,42800,491729.0,11.53,11.52,11.51,11.5,11.49,11.47,11.46,11.44,11.41,11.4,11.54,11.55,11.56,11.58,11.6,11.62,11.64,11.66,11.69,11.72,2000,1500,500,500,500,2600,100,2600,1000,9900,100,2000,1300,6800,3300,6500,3400,2000,1800,500
124.0,11.53,43000,494035.0,11.53,11.52,11.51,11.5,11.49,11.47,11.46,11.44,11.41,11.4,11.54,11.55,11.56,11.58,11.6,11.62,11.64,11.66,11.69,11.72,1800,1500,500,500,500,2600,100,2600,1000,9900,100,2000,1300,6800,3300,6500,3400,2000,1800,500
125.0,11.53,45200,519401.0,11.52,11.51,11.5,11.49,11.47,11.46,11.44,11.41,11.4,11.38,11.53,11.54,11.55,11.56,11.58,11.6,11.62,11.64,11.66,11.69,1500,500,500,500,2600,100,2600,1000,9900,8100,1700,100,2000,1300,6800,3300,6500,3400,2000,1800
126.0,11.52,47000,540138.0,11.51,11.5,11.49,11.47,11.46,11.44,11.41,11.4,11.38,11.36,11.52,11.53,11.54,11.55,11.56,11.58,11.6,11.62,11.64,11.66,500,500,500,2600,100,2600,1000,9900,8100,6900,200,1800,100,2000,1300,6800,3300,6500,3400,2000
127.0,11.52,47000,540138.0,11.51,11.5,11.49,11.47,11.46,11.44,11.41,11.4,11.38,11.36,11.52,11.53,11.54,11.55,11.56,11.58,11.6,11.62,11.64,11.66,500,500,500,2600,100,2600,1000,9900,8100,6900,200,1800,100,2000,1300,6800,3300,6500,3400,2000
128.0,11.52,47000,540138.0,11.51,11.5,11.49,11.47,11.46,11.44,11.41,11.4,11.38,11.36,11.52,11.53,11.54,11.55,11.56,11.58,11.6,11.62,11.64,11.66,500,500,500,2600,100,2600,1000,9900,8100,6900,200,1800,100,2000,1300,6800,3300,6500,3400,2000
129.0,11.52,47000,540138.0,11.51,11.5,11.49,11.47,11.46,11.44,11.41,11.4,11.38,11.36,11.52,11.53,11.54,11.55,11.58,11.6,11.62,11.64,11.66,11.69,500,500,500,2600,100,2600,1000,9900,8100,6900,200,1800,100,2000,6800,3300,6500,3400,2000,1800
130.0,11.52,47000,540138.0,11.51,11.5,11.49,11.47,11.46,11.44,11.41,11.4,11.38,11.36,11.52,11.53,11.54,11.55,11.58,11.6,11.62,11.64,11.66,11.69,500,500,500,2600,100,2600,1000,9900,8100,6900,200,1800,100,2000,6800,3300,6500,3400,2000,1800
131.0,11.52,47000,540138.0,11.51,11.5,11.49,11.47,11.46,11.44,11.41,11.4,11.38,11.36,11.52,11.53,11.54,11.55,11.58,11.6,11.62,11.64,11.66,11.69,500,500,500,2600,100,2600,1000,9900,8100,6900,200,1800,100,2000,6800,3300,6500,3400,2000,1800
132.0,11.52,47000,540138.0,11.51,11.5,11.49,11.47,11.46,11.44,11.41,11.4,11.38,11.36,11.52,11.53,11.54,11.55,11.58,11.6,11.62,11.64,11.66,11.69,500,500,500,2600,100,2600,1000,9900,8100,6900,200,1800,100,2000,6800,3300,6500,3400,2000,1800
133.0,11.52,47000,540138.0,11.51,11.5,11.49,11.47,11.46,11.44,11.41,11.4,11.38,11.36,11.52,11.53,11.54,11.55,11.58,11.6,11.62,11.64,11.66,11.69,500,500,500,2600,100,2600,1000,9900,8100,6900,200,1800,100,2000,6800,3300,6500,3400,2000,1800
134.0,11.52,47000,540138.0,11.51,11.5,11.49,11.47,11.46,11.44,11.41,11.4,11.38,11.36,11.52,11.53,11.54,11.55,11.58,11.6,11.62,11.64,11.66,11.69,500,500,500,2600,100,2600,1000,9900,8100,6900,200,1800,100,2000,6800,3300,6500,3400,2000,1800
135.0,11.51,47100,541289.0,11.51,11.5,11.49,11.47,11.46,11.44,11.41,11.4,11.38,11.36,11.52,11.53,11.54,11.55,11.58,11.6,11.62,11.64,11.66,11.69,400,500,500,2600,100,2600,1000,9900,8100,6900,200,1800,100,2000,6800,3300,6500,3400,2000,1800
136.0,11.53,49100,564347.0,11.53,11.51,11.5,11.49,11.47,11.46,11.44,11.41,11.4,11.38,11.54,11.55,11.58,11.6,11.62,11.64,11.66,11.69,11.72,11.74,4200,400,500,500,2600,100,2600,1000,9900,8100,100,2000,6800,3300,6500,3400,2000,1800,500,4000
137.0,11.53,49100,564347.0,11.53,11.51,11.5,11.49,11.47,11.46,11.44,11.41,11.4,11.38,11.54,11.55,11.58,11.6,11.62,11.64,11.66,11.69,11.72,11.74,4600,400,500,500,2600,100,2600,1000,9900,8100,100,2000,6800,3300,6500,3400,2000,1800,500,4000
138.0,11.53,49500,568959.0,11.53,11.51,11.5,11.49,11.47,11.46,11.44,11.41,11.4,11.38,11.54,11.55,11.58,11.6,11.62,11.64,11.66,11.69,11.72,11.74,4200,400,500,500,2600,100,2600,1000,9900,8100,100,2000,6800,3300,6500,3400,2000,1800,500,4000
139.0,11.53,49500,568959.0,11.53,11.51,11.5,11.49,11.47,11.46,11.44,11.41,11.4,11.38,11.54,11.55,11.58,11.6,11.62,11.64,11.66,11.69,11.72,11.74,4200,400,500,500,2600,100,2600,1000,9900,8100,100,2000,6800,3300,6500,3400,2000,1800,500,4000
140.0,11.53,49500,568959.0,11.53,11.51,11.5,11.49,11.47,11.46,11.44,11.41,11.4,11.38,11.54,11.55,11.58,11.6,11.62,11.64,11.66,11.69,11.72,11.74,4200,400,500,500,2600,100,2600,1000,9900,8100,100,2000,6800,3300,6500,3400,2000,1800,500,4000
141.0,11.53,49900,573571.0,11.53,11.51,11.5,11.49,11.47,11.46,11.44,11.41,11.4,11.38,11.54,11.55,11.58,11.6,11.62,11.64,11.66,11.69,11.72,11.74,3800,400,500,500,2600,100,2600,1000,9900,8100,100,2000,6800,3300,6500,3400,2000,1800,500,4000
142.0,11.53,49900,573571.0,11.53,11.51,11.5,11.49,11.47,11.46,11.44,11.41,11.4,11.38,11.54,11.55,11.58,11.6,11.62,11.64,11.66,11.69,11.72,11.74,3800,400,500,500,2600,100,2600,1000,9900,8100,100,2000,6800,3300,6500,3400,2000,1800,500,4000
143.0,11.53,49900,573571.0,11.53,11.51,11.5,11.49,11.47,11.46,11.44,11.41,11.4,11.38,11.54,11.55,11.58,11.6,11.62,11.64,11.66,11.69,11.72,11.74,3800,400,500,500,2600,100,2600,1000,9900,8100,100,2000,6800,3300,6500,3400,2000,1800,500,4000
144.0,11.53,50500,580489.0,11.53,11.51,11.5,11.49,11.47,11.46,11.44,11.41,11.4,11.38,11.54,11.55,11.58,11.6,11.62,11.64,11.66,11.69,11.72,11.74,3200,400,500,500,2600,100,2600,1000,9900,8100,100,2000,6800,3300,6500,3400,2000,1800,500,4000
145.0,11.53,50500,580489.0,11.53,11.51,11.5,11.49,11.47,11.46,11.44,11.41,11.4,11.38,11.54,11.55,11.58,11.6,11.62,11.64,11.66,11.69,11.72,11.74,3200,400,500,500,2600,100,2600,1000,9900,8100,100,2000,6800,3300,6500,3400,2000,1800,500,4000
146.0,11.53,53700,617385.0,11.51,11.5,11.49,11.47,11.46,11.44,11.41,11.4,11.38,11.36,11.53,11.54,11.55,11.58,11.6,11.62,11.64,11.66,11.69,11.72,400,500,500,2600,100,2800,1000,9900,8100,6900,3800,600,2000,6800,3300,6500,3400,2000,1800,500
147.0,11.53,54000,620844.0,11.51,11.5,11.49,11.47,11.46,11.44,11.41,11.4,11.38,11.36,11.53,11.54,11.55,11.58,11.6,11.62,11.64,11.66,11.69,11.72,400,500,500,2600,100,2800,1000,9900,8100,6900,4000,600,2000,6800,3300,6500,3400,2000,1800,500
148.0,11.53,54000,620844.0,11.51,11.5,11.49,11.47,11.46,11.44,11.41,11.4,11.38,11.36,11.53,11.54,11.55,11.58,11.6,11.62,11.64,11.66,11.69,11.72,400,500,500,2600,100,2800,1000,9900,8100,6900,4000,600,2000,6800,3300,6500,3400,2000,1800,500
149.0,11.51,54100,621995.0,11.51,11.5,11.49,11.47,11.46,11.44,11.41,11.4,11.38,11.36,11.52,11.53,11.54,11.55,11.58,11.6,11.62,11.64,11.66,11.69,700,500,500,2600,100,2800,1000,9900,8100,6900,1800,3900,100,2000,6800,3300,6500,3400,2000,1800
150.0,11.51,54100,621995.0,11.51,11.5,11.49,11.47,11.46,11.44,11.41,11.4,11.38,11.36,11.52,11.53,11.54,11.55,11.58,11.6,11.62,11.64,11.66,11.69,700,500,500,2600,100,2800,1000,9900,8100,6900,1800,3900,100,2000,6800,3300,6500,3400,2000,1800
151.0,11.51,54100,621995.0,11.51,11.5,11.49,11.47,11.44,11.41,11.4,11.38,11.36,11.34,11.52,11.53,11.54,11.55,11.58,11.6,11.62,11.64,11.66,11.69,700,500,500,2600,2800,1000,9900,8100,6900,7100,1800,500,100,2000,6800,3300,6500,3400,2000,1800
152.0,11.51,54200,623146.0,11.51,11.5,11.49,11.47,11.44,11.41,11.4,11.38,11.36,11.34,11.52,11.53,11.54,11.55,11.58,11.6,11.62,11.64,11.66,11.69,600,500,500,2600,2800,1000,9900,8100,6900,7100,1800,500,100,2000,6800,3300,6500,3400,2000,1800
153.0,11.51,54400,625448.0,11.51,11.5,11.49,11.47,11.44,11.41,11.4,11.38,11.36,11.34,11.52,11.53,11.54,11.55,11.58,11.6,11.62,11.64,11.66,11.69,400,500,500,2600,2800,1000,9900,8100,6900,7100,1800,500,100,2000,6800,3300,6500,3400,2000,1800
154.0,11.51,54400,625448.0,11.51,11.5,11.49,11.47,11.44,11.41,11.4,11.38,11.36,11.34,11.52,11.53,11.54,11.55,11.58,11.6,11.62,11.64,11.66,11.69,400,500,500,2600,2800,1000,9900,8100,6900,7100,1800,500,100,2000,6800,3300,6500,3400,2000,1800
155.0,11.52,54600,627752.0,11.51,11.5,11.49,11.47,11.44,11.41,11.4,11.38,11.36,11.34,11.52,11.53,11.54,11.55,11.58,11.6,11.62,11.64,11.66,11.69,400,500,500,2600,2800,1000,9900,8100,6900,7100,1600,500,100,2000,6800,3300,6500,3400,2000,1800
156.0,11.52,54600,627752.0,11.51,11.5,11.49,11.47,11.44,11.41,11.4,11.38,11.36,11.34,11.52,11.53,11.54,11.55,11.58,11.6,11.62,11.64,11.66,11.69,600,500,500,2600,2800,1000,9900,8100,6900,7100,1600,500,100,2000,6800,3300,6500,3400,2000,1800
157.0,11.52,54800,630056.0,11.51,11.5,11.49,11.47,11.44,11.41,11.4,11.38,11.36,11.34,11.52,11.53,11.54,11.55,11.58,11.6,11.62,11.64,11.66,11.69,1000,500,500,2600,2800,1000,9900,8100,6900,7100,1400,500,100,2000,6800,3300,6500,3400,2000,1800
158.0,11.52,55600,639269.0,11.51,11.5,11.49,11.47,11.44,11.41,11.4,11.38,11.36,11.34,11.52,11.54,11.55,11.58,11.6,11.62,11.64,11.66,11.69,11.72,700,500,500,2600,2800,1000,9900,8100,6900,7100,900,100,2000,6800,3300,6500,3400,2000,1800,500
159.0,11.52,55600,639269.0,11.51,11.5,11.49,11.47,11.44,11.41,11.4,11.38,11.36,11.34,11.52,11.54,11.55,11.58,11.6,11.62,11.64,11.66,11.69,11.72,700,500,500,2600,2800,1000,9900,8100,6900,7100,900,100,2000,6800,3300,6500,3400,2000,1800,500
160.0,11.52,55600,639269.0,11.51,11.5,11.49,11.47,11.44,11.41,11.4,11.38,11.36,11.34,11.52,11.54,11.55,11.58,11.6,11.62,11.64,11.66,11.69,11.72,700,500,500,2600,2800,1000,9900,8100,6900,7100,900,100,2000,6800,3300,6500,3400,2000,1800,500
161.0,11.52,55600,639269.0,11.51,11.5,11.49,11.47,11.44,11.41,11.4,11.38,11.36,11.34,11.52,11.54,11.55,11.58,11.6,11.62,11.64,11.66,11.69,11.72,1200,500,500,2600,2800,1000,9900,8100,6900,7100,900,100,2000,6800,3300,6500,3400,2000,1800,500
162.0,11.52,55600,639269.0,11.51,11.5,11.49,11.47,11.44,11.41,11.4,11.38,11.36,11.34,11.52,11.54,11.55,11.58,11.6,11.62,11.64,11.66,11.69,11.72,1200,500,500,2600,2800,1000,9900,8100,6900,7100,900,100,2000,6800,3300,6500,3400,2000,1800,500
163.0,11.52,55700,640421.0,11.51,11.5,11.49,11.47,11.44,11.41,11.4,11.38,11.36,11.34,11.52,11.54,11.55,11.58,11.6,11.62,11.64,11.66,11.69,11.72,1200,500,500,2600,2800,1000,9900,8100,6900,7100,800,100,2000,6800,3300,6500,3400,2000,1800,500
164.0,11.52,56000,643876.0,11.51,11.5,11.49,11.47,11.44,11.41,11.4,11.38,11.36,11.34,11.52,11.54,11.55,11.58,11.6,11.62,11.64,11.66,11.69,11.72,1100,500,500,2600,2800,1000,9900,8100,6900,7100,600,100,2000,6800,3300,6500,3400,2000,1800,500
165.0,11.52,56000,643876.0,11.51,11.5,11.49,11.47,11.44,11.41,11.4,11.38,11.36,11.34,11.52,11.54,11.55,11.58,11.6,11.62,11.64,11.66,11.69,11.72,1100,500,500,2600,2800,1000,9900,8100,6900,7100,600,100,2000,6800,3300,6500,3400,2000,1800,500
166.0,11.52,56000,643876.0,11.51,11.5,11.49,11.47,11.44,11.41,11.4,11.38,11.36,11.34,11.52,11.54,11.55,11.58,11.6,11.62,11.64,11.66,11.69,11.72,1100,500,500,2600,2800,1000,9900,8100,6900,7100,600,100,2000,6800,3300,6500,3900,2000,1800,500
167.0,11.52,56600,650787.0,11.51,11.5,11.49,11.47,11.44,11.41,11.4,11.38,11.36,11.34,11.52,11.54,11.55,11.58,11.6,11.62,11.64,11.66,11.69,11.72,1000,500,500,2600,2800,1000,9900,8100,6900,7100,100,100,2000,6800,3300,6500,3900,2000,1800,500
168.0,11.52,56600,650787.0,11.51,11.5,11.49,11.47,11.44,11.41,11.4,11.38,11.36,11.34,11.52,11.54,11.55,11.58,11.6,11.62,11.64,11.66,11.69,11.72,1000,500,500,2600,2800,1000,9900,8100,6900,7100,100,100,2000,7200,3300,6500,3900,2000,1800,500
169.0,11.52,56600,650787.0,11.51,11.5,11.49,11.47,11.44,11.41,11.4,11.38,11.36,11.34,11.52,11.54,11.55,11.58,11.6,11.62,11.64,11.66,11.69,11.72,1000,500,500,2600,2800,1000,9900,8100,6900,7100,100,100,2000,7200,3300,6500,3900,2000,1800,500
170.0,11.51,56800,653089.0,11.51,11.5,11.49,11.47,11.44,11.41,11.4,11.38,11.36,11.34,11.52,11.54,11.55,11.58,11.6,11.62,11.64,11.66,11.69,11.72,800,500,500,2600,2800,1000,9900,8100,6900,7100,100,100,2000,7200,3300,6500,3900,2000,1800,500
171.0,11.51,56800,653089.0,11.51,11.5,11.49,11.47,11.44,11.41,11.4,11.38,11.36,11.34,11.52,11.54,11.55,11.58,11.6,11.62,11.64,11.66,11.69,11.72,800,500,500,2600,2800,1000,9900,8100,6900,7100,100,100,2000,7200,3300,6500,3900,2000,1800,500
172.0,11.51,56800,653089.0,11.51,11.5,11.49,11.47,11.44,11.41,11.4,11.38,11.36,11.34,11.52,11.54,11.55,11.58,11.6,11.62,11.64,11.66,11.69,11.72,800,500,500,2600,2800,1000,9900,8100,6900,7100,100,100,2000,7200,3300,6500,3900,2000,1800,500
173.0,11.52,56900,654241.0,11.52,11.51,11.5,11.49,11.47,11.44,11.41,11.4,11.38,11.36,11.54,11.55,11.58,11.6,11.62,11.64,11.66,11.69,11.72,11.74,2300,800,500,500,2600,2800,1000,9900,8100,6900,200,2000,7200,3300,6500,3900,2000,1800,500,4000
174.0,11.52,57100,656545.0,11.52,11.51,11.5,11.49,11.47,11.44,11.41,11.4,11.38,11.36,11.54,11.55,11.58,11.6,11.62,11.64,11.66,11.69,11.72,11.74,2800,1200,500,500,2600,2800,1000,9900,8100,6900,200,2000,7200,3300,6500,3900,2000,1800,500,4000
175.0,11.52,57100,656545.0,11.52,11.51,11.5,11.49,11.47,11.44,11.41,11.4,11.38,11.36,11.54,11.55,11.58,11.6,11.62,11.64,11.66,11.69,11.72,11.74,2800,1700,500,500,2600,2800,1000,9900,8100,6900,200,2000,7200,3300,6500,3900,2000,1800,500,4000
176.0,11.52,57300,658849.0,11.52,11.51,11.5,11.49,11.47,11.44,11.41,11.4,11.38,11.36,11.54,11.55,11.58,11.6,11.62,11.64,11.66,11.69,11.72,11.74,2600,1700,500,500,2600,2800,1000,9900,8100,6900,200,2000,7200,3300,6500,3900,2000,1800,500,4000
177.0,11.52,57300,658849.0,11.52,11.51,11.5,11.49,11.47,11.44,11.41,11.4,11.38,11.36,11.54,11.55,11.58,11.6,11.62,11.64,11.66,11.69,11.72,11.74,2600,1700,500,500,2600,2800,1000,9900,8100,6900,200,2000,7200,3300,6500,3900,2000,1800,500,4000
178.0,11.52,57500,661153.0,11.52,11.51,11.5,11.49,11.47,11.44,11.41,11.4,11.38,11.36,11.54,11.55,11.58,11.6,11.62,11.64,11.66,11.69,11.72,11.74,2400,1700,500,500,2600,2800,1000,9900,8100,6900,200,2000,7200,3300,6500,3900,2000,1800,500,4000
179.0,11.52,57500,661153.0,11.52,11.51,11.5,11.49,11.47,11.44,11.41,11.4,11.38,11.36,11.54,11.55,11.58,11.6,11.62,11.64,11.66,11.69,11.72,11.74,2400,1700,500,500,2600,2800,1000,9900,8100,6900,200,2000,7200,3300,6500,3900,2000,1800,500,4000
180.0,11.52,57500,661153.0,11.52,11.51,11.5,11.49,11.47,11.44,11.41,11.4,11.38,11.36,11.54,11.55,11.58,11.6,11.62,11.64,11.66,11.69,11.72,11.74,2400,1700,500,500,2600,2800,1000,9900,8100,6900,200,2000,7200,3300,6500,3900,2000,1800,500,4000
181.0,11.52,58100,668065.0,11.52,11.51,11.5,11.49,11.47,11.44,11.41,11.4,11.38,11.36,11.54,11.55,11.58,11.6,11.62,11.64,11.66,11.69,11.72,11.74,1800,1700,500,500,2600,2800,1000,9900,8100,6900,200,2000,7200,3300,6500,3900,2000,1800,500,4000
182.0,11.52,58100,668065.0,11.52,11.51,11.5,11.49,11.47,11.44,11.41,11.4,11.38,11.36,11.54,11.55,11.58,11.6,11.62,11.64,11.66,11.69,11.72,11.74,1800,1700,500,500,2600,2800,1000,9900,8100,6900,200,2000,7200,3300,6500,3900,2000,1800,500,4000
183.0,11.52,58100,668065.0,11.52,11.51,11.5,11.49,11.47,11.44,11.41,11.4,11.38,11.36,11.54,11.55,11.58,11.6,11.62,11.64,11.66,11.69,11.72,11.74,1800,1700,500,500,2600,2800,1000,9900,8100,6900,200,2000,7200,3300,6500,3900,2000,1800,500,4000
184.0,11.54,58400,671525.0,11.54,11.52,11.51,11.5,11.49,11.47,11.44,11.41,11.4,11.38,11.55,11.58,11.6,11.62,11.64,11.66,11.69,11.72,11.74,11.78,6800,1700,1700,500,500,2600,2800,1000,9900,8100,2000,7200,3300,6500,3900,2000,1800,500,4000,2000
185.0,11.55,60300,693464.0,11.54,11.52,11.51,11.5,11.49,11.47,11.44,11.41,11.4,11.38,11.55,11.58,11.6,11.62,11.64,11.66,11.69,11.72,11.74,11.78,6300,1700,1700,500,500,2600,2800,1000,9900,8100,700,7200,3300,6500,3900,2000,1800,500,4000,2000
186.0,11.55,60300,693464.0,11.54,11.52,11.51,11.5,11.49,11.47,11.44,11.41,11.4,11.38,11.55,11.58,11.6,11.62,11.64,11.66,11.69,11.72,11.74,11.78,6300,1700,1700,500,500,2600,2800,1000,9900,8100,700,7200,3300,6500,3900,2000,1800,500,4000,2000
187.0,11.54,61700,709620.0,11.54,11.53,11.52,11.51,11.5,11.49,11.47,11.44,11.41,11.4,11.55,11.58,11.6,11.62,11.64,11.66,11.69,11.72,11.74,11.78,4900,100,2100,900,500,400,2600,2800,1000,9900,700,7200,3300,6500,3900,2000,1800,500,4000,2000
188.0,11.54,62100,714236.0,11.54,11.53,11.52,11.51,11.5,11.49,11.47,11.44,11.41,11.4,11.55,11.58,11.6,11.62,11.64,11.66,11.69,11.72,11.74,11.78,4500,100,2100,900,500,300,2600,2800,1000,9900,700,7200,3300,6500,3900,2000,1800,500,4000,2000
189.0,11.54,62100,714236.0,11.54,11.53,11.52,11.51,11.5,11.49,11.47,11.44,11.41,11.4,11.55,11.58,11.6,11.62,11.64,11.66,11.69,11.72,11.74,11.78,4500,100,2100,900,500,300,2600,2800,1000,9900,700,7200,3300,6500,3900,2000,1800,500,4000,2000
190.0,11.54,62200,715390.0,11.54,11.52,11.51,11.5,11.49,11.47,11.44,11.41,11.4,11.38,11.55,11.58,11.6,11.62,11.64,11.66,11.69,11.72,11.74,11.78,4400,2100,900,500,200,2600,2800,1000,9900,8100,700,7200,3300,6500,3900,2000,1800,500,4000,2000
191.0,11.54,63000,724622.0,11.54,11.52,11.51,11.5,11.47,11.44,11.41,11.4,11.38,11.36,11.55,11.58,11.6,11.62,11.64,11.66,11.69,11.72,11.74,11.78,3600,2100,900,500,2600,2800,1000,9900,8100,6900,700,7200,3300,6500,3900,2000,1800,500,4000,2000
192.0,11.54,63000,724622.0,11.54,11.52,11.51,11.5,11.47,11.44,11.41,11.4,11.38,11.36,11.55,11.58,11.6,11.62,11.64,11.66,11.69,11.72,11.74,11.78,3600,2100,900,500,2600,2800,1000,9900,8100,6900,700,6800,3300,6500,3900,2000,1800,500,4000,2000
193.0,11.54,63700,732700.0,11.54,11.52,11.51,11.5,11.47,11.44,11.41,11.4,11.38,11.36,11.55,11.58,11.6,11.62,11.64,11.66,11.69,11.72,11.74,11.78,2900,1900,900,500,2600,2800,1000,9900,8100,6900,700,6800,3300,6500,3900,2000,1800,500,4000,2000
194.0,11.55,63800,733855.0,11.54,11.52,11.51,11.5,11.47,11.44,11.41,11.4,11.38,11.36,11.55,11.58,11.6,11.62,11.64,11.66,11.69,11.72,11.74,11.78,3200,1900,900,500,2600,2600,1000,9900,8100,6900,600,6800,3300,6500,3900,2000,1800,500,4000,2000
195.0,11.54,64100,737317.0,11.54,11.52,11.51,11.5,11.47,11.44,11.41,11.4,11.38,11.36,11.55,11.58,11.6,11.62,11.64,11.66,11.69,11.72,11.74,11.78,2900,1900,900,500,2600,2600,1000,9900,8100,6900,600,6800,3300,6500,3900,2000,1800,500,4000,2000
196.0,11.54,64100,737317.0,11.54,11.52,11.51,11.5,11.47,11.44,11.41,11.4,11.38,11.36,11.55,11.58,11.6,11.62,11.64,11.66,11.69,11.72,11.74,11.78,2900,1900,900,500,2600,2600,1000,9900,8100,6900,600,6800,3300,6500,3900,2000,1800,500,4000,2000
197.0,11.55,64500,741937.0,11.54,11.52,11.51,11.5,11.47,11.44,11.41,11.4,11.38,11.36,11.55,11.58,11.6,11.62,11.64,11.66,11.69,11.72,11.74,11.78,3300,1900,900,500,2600,2600,1000,9900,8100,6900,200,6800,3300,6500,3900,2000,1800,500,4000,2000
198.0,11.54,64800,745399.0,11.54,11.52,11.51,11.5,11.47,11.44,11.41,11.4,11.38,11.36,11.55,11.58,11.6,11.62,11.64,11.66,11.69,11.72,11.74,11.78,3300,1900,900,500,2600,2600,1000,9900,8100,6900,200,6800,3300,6500,3900,2000,1800,500,4000,2000
199.0,11.54,65100,748861.0,11.54,11.52,11.51,11.5,11.47,11.44,11.41,11.4,11.38,11.36,11.55,11.58,11.6,11.62,11.64,11.66,11.69,11.72,11.74,11.78,3000,1900,900,500,2600,2600,1000,9900,8100,6900,200,6800,3300,6500,3900,2000,1800,500,4000,2000
200.0,11.54,65100,748861.0,11.54,11.52,11.51,11.5,11.47,11.44,11.41,11.4,11.38,11.36,11.55,11.58,11.6,11.62,11.64,11.66,11.69,11.72,11.74,11.78,3000,1900,900,500,2600,2600,1000,9900,8100,6900,200,6800,3300,6500,3900,2000,1800,500,4000,2000
201.0,11.54,65400,752323.0,11.54,11.52,11.51,11.5,11.47,11.44,11.41,11.4,11.38,11.36,11.55,11.58,11.6,11.62,11.64,11.66,11.69,11.72,11.74,11.78,2700,1900,900,500,2600,2600,1000,9900,8100,6900,200,6800,3300,6500,3900,2000,1800,500,4000,2000
202.0,11.55,65500,753478.0,11.54,11.52,11.51,11.5,11.47,11.44,11.41,11.4,11.38,11.36,11.55,11.58,11.6,11.62,11.64,11.66,11.69,11.72,11.74,11.78,3100,1500,900,500,2600,2600,1000,9900,8100,6900,100,6800,3300,6500,3900,2000,1800,500,4000,2000
203.0,11.55,65500,753478.0,11.54,11.52,11.51,11.5,11.47,11.44,11.41,11.4,11.38,11.36,11.55,11.58,11.6,11.62,11.64,11.66,11.69,11.72,11.74,11.78,3100,1500,900,500,2600,2600,1000,9900,8100,6900,100,6800,3300,6500,3900,2000,1800,500,4000,2000
204.0,11.54,66400,763864.0,11.54,11.52,11.51,11.5,11.47,11.44,11.41,11.4,11.38,11.36,11.55,11.58,11.6,11.62,11.64,11.66,11.69,11.72,11.74,11.78,2200,1500,900,500,2600,2600,1000,9900,8100,6900,100,6800,3300,6500,3900,2000,1800,500,4000,2000
205.0,11.54,66400,763864.0,11.54,11.52,11.51,11.5,11.47,11.44,11.41,11.4,11.38,11.36,11.55,11.58,11.6,11.62,11.64,11.66,11.69,11.72,11.74,11.78,2200,1500,900,500,2600,2600,1000,9900,8100,6900,100,6800,3300,6500,3900,2000,1800,500,4000,2000
206.0,11.55,66700,767327.0,11.55,11.54,11.52,11.51,11.5,11.47,11.44,11.41,11.4,11.38,11.57,11.58,11.6,11.62,11.64,11.66,11.69,11.72,11.74,11.78,100,2000,1500,900,500,2600,2600,1000,9900,8100,100,6800,3300,6500,3900,2000,1800,500,4000,2000
207.0,11.55,66700,767327.0,11.55,11.54,11.52,11.51,11.5,11.47,11.44,11.41,11.4,11.38,11.57,11.58,11.6,11.62,11.64,11.66,11.69,11.72,11.74,11.78,100,2000,1500,900,500,2600,2600,1000,9900,8100,100,6800,3300,6500,3900,2000,1800,500,4000,2000
208.0,11.55,66700,767327.0,11.55,11.54,11.52,11.51,11.5,11.47,11.44,11.41,11.4,11.38,11.57,11.58,11.6,11.62,11.64,11.66,11.69,11.72,11.74,11.78,100,2000,1500,900,500,2600,2600,1000,9900,8100,100,6800,3300,6500,3900,2000,1800,500,4000,2000
209.0,11.55,66800,768482.0,11.54,11.52,11.51,11.5,11.44,11.41,11.4,11.38,11.36,11.34,11.55,11.57,11.58,11.6,11.62,11.64,11.66,11.69,11.72,11.74,2000,1500,900,3100,2600,1000,9900,8100,6900,7100,500,100,6800,3300,6500,3900,2000,1800,500,4000
210.0,11.55,67100,771947.0,11.54,11.52,11.51,11.5,11.44,11.41,11.4,11.38,11.36,11.34,11.55,11.57,11.58,11.6,11.62,11.64,11.66,11.69,11.72,11.74,2000,1500,900,3100,2600,1000,9900,8100,6900,7100,200,100,6800,3300,6500,3900,2000,1800,500,4000
211.0,11.54,67300,774255.0,11.54,11.52,11.51,11.5,11.44,11.41,11.4,11.38,11.36,11.34,11.55,11.57,11.58,11.6,11.62,11.64,11.66,11.69,11.72,11.74,1800,1500,900,3100,2600,1000,9900,8100,6900,7100,200,100,6800,3300,6500,3900,2000,1800,500,4000
212.0,11.54,67300,774255.0,11.54,11.52,11.51,11.5,11.44,11.41,11.4,11.38,11.36,11.34,11.55,11.57,11.58,11.6,11.62,11.64,11.66,11.69,11.72,11.74,1800,1500,900,3100,2600,1000,9900,8100,6900,7100,200,100,6800,3300,6500,3900,2000,1800,500,4000
213.0,11.54,67300,774255.0,11.54,11.52,11.51,11.5,11.44,11.41,11.4,11.38,11.36,11.34,11.55,11.57,11.58,11.6,11.62,11.64,11.66,11.69,11.72,11.74,1800,1500,900,3100,2600,1000,9900,8100,6900,7100,200,100,6800,3300,6500,3900,2000,1800,500,4000
214.0,11.54,67500,776563.0,11.54,11.52,11.51,11.5,11.44,11.41,11.4,11.38,11.36,11.34,11.55,11.57,11.58,11.6,11.62,11.64,11.66,11.69,11.72,11.74,1600,1500,900,3100,2600,1000,9900,8100,6900,7100,200,100,6800,3300,6500,3900,2000,1800,500,4000
215.0,11.54,67500,776563.0,11.54,11.52,11.51,11.5,11.44,11.41,11.4,11.38,11.36,11.34,11.55,11.57,11.58,11.6,11.62,11.64,11.66,11.69,11.72,11.74,1600,1500,900,3100,2600,1000,9900,8100,6900,7100,200,100,6800,3300,6500,3900,2000,1800,500,4000
216.0,11.54,67800,780025.0,11.54,11.52,11.51,11.5,11.44,11.41,11.4,11.38,11.36,11.34,11.55,11.57,11.58,11.6,11.62,11.64,11.66,11.69,11.72,11.74,1300,1500,900,3100,2600,1000,9900,8100,6900,7100,200,100,6800,3300,6500,3900,2000,1800,500,4000
217.0,11.55,67900,781180.0,11.54,11.52,11.51,11.5,11.44,11.41,11.4,11.38,11.36,11.34,11.55,11.57,11.58,11.6,11.62,11.64,11.66,11.69,11.72,11.74,900,1500,900,3100,2600,1000,9900,8100,6900,7100,100,100,6800,3300,6500,3900,2000,1800,500,4000
218.0,11.55,67900,781180.0,11.54,11.52,11.51,11.5,11.44,11.41,11.4,11.38,11.36,11.34,11.55,11.57,11.58,11.6,11.62,11.64,11.66,11.69,11.72,11.74,900,1500,900,3100,2600,1000,9900,8100,6900,7100,100,100,6800,3300,6500,3900,2000,1800,500,4000
219.0,11.55,67900,781180.0,11.54,11.52,11.51,11.5,11.44,11.41,11.4,11.38,11.36,11.34,11.55,11.57,11.58,11.6,11.62,11.64,11.66,11.69,11.72,11.74,900,1500,900,3100,2600,1000,9900,8100,6900,7100,100,100,6800,3300,6500,3900,2000,1800,500,4000
220.0,11.55,67900,781180.0,11.54,11.52,11.51,11.5,11.44,11.41,11.4,11.38,11.36,11.34,11.55,11.57,11.58,11.6,11.62,11.64,11.66,11.69,11.72,11.74,900,1500,900,3100,2600,1000,9900,8100,6900,7100,100,100,6800,3300,6500,3900,2000,1800,500,4000
221.0,11.55,67900,781180.0,11.54,11.52,11.51,11.5,11.44,11.41,11.4,11.38,11.36,11.34,11.55,11.57,11.58,11.6,11.62,11.64,11.66,11.69,11.72,11.74,1300,1500,900,3100,2600,1000,9900,8100,6900,7100,100,100,6800,3300,6500,3900,2000,1800,500,4000
222.0,11.54,69200,796182.0,11.52,11.51,11.5,11.44,11.41,11.4,11.38,11.36,11.34,11.32,11.54,11.55,11.57,11.58,11.6,11.62,11.64,11.66,11.69,11.72,1500,900,3100,2600,1000,9900,8100,6900,7100,10100,500,300,100,6800,3300,6500,3900,2000,1800,500
223.0,11.54,69200,796182.0,11.52,11.51,11.5,11.44,11.41,11.4,11.38,11.36,11.34,11.32,11.54,11.55,11.57,11.58,11.6,11.62,11.64,11.66,11.69,11.72,1500,900,3100,2600,1000,9900,8100,6900,7100,10100,500,300,100,6800,3300,6500,3900,2000,1800,500
224.0,11.54,71400,821568.0,11.52,11.51,11.5,11.44,11.41,11.4,11.38,11.36,11.34,11.32,11.54,11.55,11.56,11.57,11.58,11.6,11.62,11.64,11.66,11.69,1400,900,3100,2600,1000,9900,8100,6900,7100,10100,1800,2200,3300,12900,6800,3300,6500,3900,2000,1800
225.0,11.54,71400,821568.0,11.52,11.51,11.5,11.44,11.41,11.4,11.38,11.36,11.34,11.32,11.54,11.55,11.56,11.57,11.58,11.6,11.62,11.64,11.66,11.69,1400,900,3100,2600,1000,9900,8100,6900,7100,10100,3400,2200,3300,13100,6800,3300,6500,3900,2000,1800
226.0,11.54,71400,821568.0,11.52,11.51,11.5,11.44,11.41,11.4,11.38,11.36,11.34,11.32,11.54,11.55,11.56,11.57,11.58,11.6,11.62,11.64,11.66,11.69,1400,900,3100,2600,1000,9900,8100,6900,7100,10100,3400,2200,3300,13100,6800,3300,6500,3900,2000,1800
227.0,11.52,71500,822720.0,11.52,11.51,11.5,11.44,11.41,11.4,11.38,11.36,11.34,11.32,11.54,11.55,11.56,11.57,11.58,11.6,11.62,11.64,11.66,11.69,1300,900,3100,2600,1000,9900,8100,6900,7100,10100,3900,2200,3300,1900,6800,3300,6500,3900,2000,1800
228.0,11.52,71800,826176.0,11.52,11.51,11.5,11.44,11.41,11.4,11.38,11.36,11.34,11.32,11.54,11.55,11.56,11.57,11.58,11.6,11.62,11.64,11.66,11.69,1000,800,3100,2600,1000,9900,8100,6900,7100,10100,3900,4200,3300,5900,6800,3300,6500,3900,2000,1800
229.0,11.54,72200,830790.0,11.52,11.51,11.5,11.44,11.41,11.4,11.38,11.36,11.34,11.32,11.54,11.55,11.56,11.57,11.58,11.6,11.62,11.64,11.66,11.69,900,800,3100,2600,1000,9900,8100,6900,7100,10100,3600,4200,3300,4600,6800,3300,6500,3900,2000,1800
230.0,11.54,72200,830790.0,11.52,11.51,11.5,11.44,11.41,11.4,11.38,11.36,11.34,11.32,11.54,11.55,11.56,11.57,11.58,11.6,11.62,11.64,11.66,11.69,900,800,3100,2600,1000,9900,8100,6900,7100,10100,3600,4200,3300,600,6800,3300,6500,3900,2000,1800
231.0,11.54,72200,830790.0,11.52,11.51,11.5,11.44,11.41,11.4,11.38,11.36,11.34,11.32,11.54,11.55,11.56,11.57,11.58,11.6,11.62,11.64,11.66,11.69,900,800,3100,2600,1000,9900,8100,6900,7100,10100,3600,4200,3300,600,6800,3300,6500,3900,2000,1800
232.0,11.54,72200,830790.0,11.52,11.51,11.5,11.44,11.41,11.4,11.38,11.36,11.34,11.32,11.54,11.55,11.56,11.57,11.58,11.6,11.62,11.64,11.66,11.69,900,800,3100,2600,1000,9900,8100,6900,7100,10100,3600,4200,3300,600,6800,3300,6500,3900,2000,1800
233.0,11.54,73000,840022.0,11.52,11.51,11.5,11.44,11.41,11.4,11.38,11.36,11.34,11.32,11.54,11.55,11.56,11.57,11.58,11.6,11.62,11.64,11.66,11.69,900,800,3100,2600,1000,9900,8100,6900,7100,10100,2800,4200,3300,600,6800,3300,6500,3900,2000,1800
234.0,11.54,73000,840022.0,11.52,11.51,11.5,11.44,11.41,11.4,11.38,11.36,11.34,11.32,11.54,11.55,11.56,11.57,11.58,11.6,11.62,11.64,11.66,11.69,900,800,3100,2600,1000,9900,8100,6900,7100,10100,2800,4200,3300,100,6800,3300,6500,3900,2000,1800
235.0,11.54,73000,840022.0,11.52,11.51,11.5,11.44,11.41,11.4,11.38,11.36,11.34,11.32,11.54,11.55,11.56,11.57,11.58,11.6,11.62,11.64,11.66,11.69,900,800,3100,2600,1000,9900,8100,6900,7100,10100,2800,4200,3300,100,6800,3300,6500,3900,2000,1800
236.0,11.54,73500,845792.0,11.52,11.51,11.5,11.44,11.41,11.4,11.38,11.36,11.34,11.32,11.54,11.55,11.56,11.57,11.58,11.6,11.62,11.64,11.66,11.69,900,800,3100,2600,1000,9900,8100,6900,7100,10100,2900,4200,3300,100,6800,3300,6500,3900,2000,1800
237.0,11.54,73500,845792.0,11.52,11.51,11.5,11.44,11.41,11.4,11.38,11.36,11.34,11.32,11.54,11.55,11.56,11.57,11.58,11.6,11.62,11.64,11.66,11.69,900,800,3100,2600,1000,9900,8100,6900,7100,10100,3400,4200,3300,100,6800,3300,6500,3900,2000,1800
238.0,11.54,73900,850408.0,11.52,11.51,11.5,11.44,11.41,11.4,11.38,11.36,11.34,11.32,11.54,11.55,11.56,11.57,11.58,11.6,11.62,11.64,11.66,11.69,900,800,3100,2600,1000,9900,8100,6900,7100,10100,3000,4200,3300,100,6800,3300,6500,3900,2000,1800
239.0,11.54,73900,850408.0,11.52,11.51,11.5,11.44,11.41,11.4,11.38,11.36,11.34,11.32,11.54,11.55,11.56,11.57,11.58,11.6,11.62,11.64,11.66,11.69,900,800,3100,2600,1000,9900,8100,6900,7100,10100,3100,4200,3300,100,6800,3300,6500,3900,2000,1800
240.0,11.52,74000,851560.0,11.52,11.51,11.5,11.44,11.41,11.4,11.38,11.36,11.34,11.32,11.54,11.55,11.56,11.57,11.58,11.6,11.62,11.64,11.66,11.69,800,800,3100,2600,1000,9900,8100,6900,7100,10100,3100,4200,3300,100,6800,3300,6500,3900,2000,1800
241.0,11.52,74000,851560.0,11.52,11.51,11.5,11.44,11.41,11.4,11.38,11.36,11.34,11.32,11.54,11.55,11.56,11.57,11.58,11.6,11.62,11.64,11.66,11.69,800,800,3100,2600,1000,9900,8100,6900,7100,10100,3100,4200,3300,100,6800,3300,6500,3900,2000,1800
242.0,11.52,74000,851560.0,11.52,11.51,11.5,11.44,11.41,11.4,11.38,11.36,11.34,11.32,11.54,11.55,11.56,11.57,11.58,11.6,11.62,11.64,11.66,11.69,800,800,3100,2600,1000,9900,8100,6900,7100,10100,3100,4200,3300,100,6800,3300,6500,3900,2000,1800
243.0,11.52,74000,851560.0,11.52,11.51,11.5,11.44,11.41,11.4,11.38,11.36,11.34,11.32,11.54,11.55,11.56,11.57,11.58,11.6,11.62,11.64,11.66,11.69,800,800,3100,2600,1000,9900,8100,6900,7100,10100,3100,4200,3300,100,6800,3300,6500,3900,2000,1800
244.0,11.52,74000,851560.0,11.53,11.52,11.51,11.5,11.44,11.41,11.4,11.38,11.36,11.34,11.54,11.55,11.56,11.57,11.58,11.6,11.62,11.64,11.66,11.69,300,800,800,3100,2600,1000,9900,8100,6900,7100,3400,4200,3300,100,6800,3300,6500,3900,2000,1800
245.0,11.53,74200,853866.0,11.53,11.52,11.51,11.5,11.44,11.41,11.4,11.38,11.36,11.34,11.54,11.55,11.56,11.57,11.58,11.6,11.62,11.64,11.66,11.69,200,800,800,3100,2600,1000,9900,8100,6900,7100,3400,4200,3300,100,6800,3300,6500,3900,2000,1800
246.0,11.53,74200,853866.0,11.53,11.52,11.51,11.5,11.44,11.41,11.4,11.38,11.36,11.34,11.54,11.55,11.56,11.57,11.58,11.6,11.62,11.64,11.66,11.69,500,800,800,3100,2600,1000,9900,8100,6900,7100,3700,4200,1800,100,6800,3300,6500,3900,2000,1800
247.0,11.53,74200,853866.0,11.53,11.52,11.51,11.5,11.44,11.41,11.4,11.38,11.36,11.34,11.54,11.55,11.56,11.57,11.58,11.6,11.62,11.64,11.66,11.69,500,800,800,3100,2600,1000,9900,8100,6900,7100,3700,4200,1800,100,6800,3300,6500,3900,2000,1800
248.0,11.53,74200,853866.0,11.53,11.52,11.51,11.5,11.44,11.41,11.4,11.38,11.36,11.34,11.54,11.55,11.56,11.57,11.58,11.6,11.62,11.64,11.66,11.69,400,800,800,3100,2600,1000,9900,8100,6900,7100,3700,4200,1800,100,6800,3300,6500,3900,2000,1800
249.0,11.53,74200,853866.0,11.53,11.52,11.51,11.5,11.44,11.41,11.4,11.38,11.36,11.34,11.54,11.55,11.56,11.57,11.58,11.6,11.62,11.64,11.66,11.69,800,800,800,3100,2600,1000,9900,8100,6900,7100,3700,4200,1800,100,6800,3300,6500,3900,2000,1800
250.0,11.53,74200,853866.0,11.53,11.52,11.51,11.5,11.44,11.41,11.4,11.38,11.36,11.34,11.54,11.55,11.56,11.57,11.58,11.6,11.62,11.64,11.66,11.69,800,800,800,3100,2600,1000,9900,8100,6900,7100,3700,4200,1800,100,6800,3300,6500,3900,2000,1800
251.0,11.53,74300,855019.0,11.53,11.52,11.51,11.5,11.44,11.41,11.4,11.38,11.36,11.34,11.54,11.55,11.56,11.57,11.58,11.6,11.62,11.64,11.66,11.69,700,800,800,3100,2600,1000,9900,8100,6900,7100,3700,4200,1800,100,6800,3300,6500,3900,2000,1800
252.0,11.53,74300,855019.0,11.53,11.52,11.51,11.5,11.44,11.41,11.4,11.38,11.36,11.34,11.54,11.55,11.56,11.57,11.58,11.6,11.62,11.64,11.66,11.69,700,800,800,3100,2600,1000,9900,8100,6900,7100,3700,4200,1800,100,6800,3300,6500,3900,2000,1800
253.0,11.53,74300,855019.0,11.53,11.52,11.51,11.5,11.44,11.41,11.4,11.38,11.36,11.34,11.54,11.55,11.56,11.57,11.58,11.6,11.62,11.64,11.66,11.69,700,800,800,3100,2600,1000,9900,8100,6900,7100,3700,4200,1800,100,6800,3300,6500,3900,2000,1800
254.0,11.53,74300,855019.0,11.53,11.52,11.51,11.5,11.44,11.41,11.4,11.38,11.36,11.34,11.54,11.55,11.56,11.57,11.58,11.6,11.62,11.64,11.66,11.69,700,800,800,3100,2600,1000,9900,8100,6900,7100,3700,4200,1800,100,6800,3300,6900,3900,2000,1800
255.0,11.53,74300,855019.0,11.53,11.52,11.51,11.5,11.44,11.41,11.4,11.38,11.36,11.34,11.54,11.55,11.56,11.57,11.58,11.6,11.62,11.64,11.66,11.69,700,800,800,3100,2600,1000,9900,8100,6900,7100,3700,4200,1800,100,6800,3300,6900,3900,2000,1800
256.0,11.54,75300,866559.0,11.53,11.52,11.51,11.5,11.44,11.41,11.4,11.38,11.36,11.34,11.54,11.55,11.56,11.57,11.58,11.6,11.62,11.64,11.66,11.69,700,800,800,3100,2600,1000,9900,8100,6900,7100,2700,2200,1800,100,6800,3300,6900,3900,2000,1800
257.0,11.54,75300,866559.0,11.53,11.52,11.51,11.5,11.44,11.41,11.4,11.38,11.36,11.34,11.54,11.55,11.56,11.57,11.58,11.6,11.62,11.64,11.66,11.69,700,800,800,3100,2600,1000,9900,8100,6900,7100,2700,2200,1800,100,6800,3300,6900,3900,2000,1800
258.0,11.54,75300,866559.0,11.53,11.52,11.51,11.5,11.44,11.41,11.4,11.38,11.36,11.34,11.54,11.55,11.56,11.57,11.58,11.6,11.62,11.64,11.66,11.69,700,800,800,3100,2600,1000,9900,8100,6900,7100,2700,2200,1800,100,6800,3300,6900,3900,2000,1800
259.0,11.54,75300,866559.0,11.53,11.52,11.51,11.5,11.44,11.41,11.4,11.38,11.36,11.34,11.54,11.55,11.56,11.57,11.58,11.6,11.62,11.64,11.66,11.69,700,800,800,3100,2600,1000,9900,8100,6900,7100,2700,2200,1800,100,6800,3300,6900,3900,2000,1800
260.0,11.54,75300,866559.0,11.53,11.52,11.51,11.5,11.44,11.41,11.4,11.38,11.36,11.34,11.54,11.55,11.56,11.57,11.58,11.6,11.62,11.64,11.66,11.69,900,800,800,3100,2600,1000,9900,8100,6900,7100,2700,2200,1800,100,6800,3300,6900,3900,2000,1800
261.0,11.54,75300,866559.0,11.53,11.52,11.51,11.5,11.44,11.41,11.4,11.38,11.36,11.34,11.54,11.55,11.56,11.57,11.58,11.6,11.62,11.64,11.66,11.69,1300,800,800,3100,2600,1000,9900,8100,6900,7100,2700,2200,1800,100,6800,3300,6900,3900,2000,1800
262.0,11.54,75300,866559.0,11.53,11.52,11.51,11.5,11.44,11.41,11.4,11.38,11.36,11.34,11.54,11.55,11.56,11.57,11.58,11.6,11.62,11.64,11.66,11.69,1300,800,800,3100,2600,1000,9900,8100,6900,7100,2700,2200,1800,100,6800,3300,6900,3900,2000,1800
263.0,11.53,75500,868865.0,11.53,11.52,11.51,11.5,11.44,11.41,11.4,11.38,11.36,11.34,11.54,11.55,11.56,11.57,11.58,11.6,11.62,11.64,11.66,11.69,1100,800,800,3100,2600,1000,9900,8100,6900,7100,2700,2200,1800,100,6800,3300,6900,3900,2000,1800
264.0,11.53,75600,870018.0,11.53,11.52,11.51,11.5,11.44,11.41,11.4,11.38,11.36,11.34,11.54,11.55,11.56,11.57,11.58,11.6,11.62,11.64,11.66,11.69,1200,800,800,3100,2600,1000,9900,8100,6900,7100,2700,2200,1800,100,6800,3300,6900,3900,2000,1800
265.0,11.53,75700,871171.0,11.53,11.52,11.51,11.5,11.44,11.41,11.4,11.38,11.36,11.34,11.54,11.55,11.56,11.57,11.58,11.6,11.62,11.64,11.66,11.69,1100,800,800,3100,2600,1000,9900,8100,6900,7100,2700,2200,1800,100,6800,3300,6900,3900,2000,1800
266.0,11.53,75700,871171.0,11.53,11.52,11.51,11.5,11.44,11.41,11.4,11.38,11.36,11.34,11.54,11.55,11.56,11.57,11.58,11.6,11.62,11.64,11.66,11.69,1100,800,800,3100,2600,1000,9900,8100,6900,7100,2700,2200,1800,100,6800,3300,6900,3900,2000,1800
267.0,11.53,75800,872324.0,11.53,11.52,11.51,11.5,11.44,11.41,11.4,11.38,11.36,11.34,11.54,11.55,11.56,11.57,11.58,11.6,11.62,11.64,11.66,11.69,1000,800,800,3100,2600,1000,9900,8100,6900,7100,2700,2200,1800,4100,6800,3300,6900,3900,2000,1800
268.0,11.53,75800,872324.0,11.53,11.52,11.51,11.5,11.46,11.44,11.41,11.4,11.38,11.36,11.54,11.55,11.56,11.57,11.58,11.6,11.62,11.64,11.65,11.66,1000,800,800,3100,200,2600,1000,9900,8100,6900,2700,2200,1800,4100,6800,3300,6900,3900,100,2000
269.0,11.53,75800,872324.0,11.53,11.52,11.51,11.5,11.46,11.44,11.41,11.4,11.38,11.36,11.54,11.55,11.56,11.57,11.58,11.6,11.62,11.64,11.65,11.66,1000,800,800,3100,200,2600,1000,9900,8100,6900,2700,2200,1800,4100,6800,3300,6900,3900,100,2000
270.0,11.53,75800,872324.0,11.53,11.52,11.51,11.5,11.46,11.44,11.41,11.4,11.38,11.36,11.54,11.55,11.56,11.57,11.58,11.6,11.62,11.64,11.65,11.66,1000,800,800,3600,200,2600,1000,9900,8100,6900,2700,3200,1800,4100,6800,3300,6900,3900,100,2000
271.0,11.54,76100,875785.0,11.53,11.52,11.51,11.5,11.46,11.44,11.41,11.4,11.38,11.36,11.54,11.55,11.56,11.57,11.58,11.6,11.62,11.64,11.65,11.66,1400,800,800,3600,200,2600,1000,9900,8100,6900,2500,3300,1800,4100,6800,3300,6900,3900,100,2000
272.0,11.54,76300,878093.0,11.53,11.52,11.51,11.5,11.46,11.44,11.41,11.4,11.38,11.36,11.54,11.55,11.56,11.57,11.58,11.6,11.62,11.64,11.65,11.66,1400,800,800,3600,200,2600,1000,9900,8100,6900,2300,3300,1800,4100,6800,3300,6900,3900,100,2000
273.0,11.53,76500,880399.0,11.53,11.52,11.51,11.5,11.46,11.44,11.41,11.4,11.38,11.36,11.54,11.55,11.56,11.57,11.58,11.6,11.62,11.64,11.65,11.66,1200,800,800,3600,200,2600,1000,9900,8100,6900,2300,3300,1800,4100,6800,3300,6900,3900,100,2000
274.0,11.53,76900,885013.0,11.53,11.52,11.51,11.5,11.46,11.44,11.41,11.4,11.38,11.36,11.54,11.55,11.56,11.57,11.58,11.6,11.62,11.64,11.65,11.66,1400,800,800,3600,200,2600,1000,9900,8100,6900,2100,3300,1800,4100,6800,3300,6900,3900,200,2000
275.0,11.55,79100,910402.0,11.53,11.52,11.51,11.5,11.46,11.44,11.41,11.4,11.38,11.36,11.55,11.56,11.57,11.58,11.6,11.62,11.64,11.65,11.66,11.69,1400,800,800,3600,200,2600,1000,9900,8100,6900,3200,1800,4100,6800,3300,6900,3900,200,2000,1800
276.0,11.53,79300,912708.0,11.53,11.52,11.51,11.5,11.46,11.44,11.41,11.4,11.38,11.36,11.55,11.56,11.57,11.58,11.6,11.62,11.64,11.65,11.66,11.69,1200,800,800,3600,200,2600,1000,9900,8100,6900,3200,1800,4100,6800,3300,6900,3900,200,2000,1800
277.0,11.53,79400,913861.0,11.53,11.52,11.51,11.5,11.46,11.44,11.41,11.4,11.38,11.36,11.55,11.56,11.57,11.58,11.6,11.62,11.64,11.65,11.66,11.69,1100,800,800,3600,200,2600,1000,9900,8100,6900,3200,1800,4100,6800,3300,6900,3900,200,2000,1800
278.0,11.55,79500,915016.0,11.53,11.52,11.51,11.5,11.46,11.44,11.41,11.4,11.38,11.36,11.55,11.56,11.57,11.58,11.6,11.62,11.64,11.65,11.66,11.69,1100,800,800,3600,200,2600,1000,9900,8100,6900,3100,1800,4100,6800,3300,6900,3900,200,2000,1800
279.0,11.54,79700,917325.0,11.53,11.52,11.51,11.5,11.46,11.44,11.41,11.4,11.38,11.36,11.55,11.56,11.57,11.58,11.6,11.62,11.64,11.65,11.66,11.69,1100,800,800,3600,200,2600,1000,9900,8100,6900,3000,1800,4100,6800,3300,6900,3900,200,2000,1800
280.0,11.53,79900,919631.0,11.53,11.52,11.51,11.5,11.46,11.44,11.41,11.4,11.38,11.36,11.55,11.56,11.57,11.58,11.6,11.62,11.64,11.65,11.66,11.69,900,800,800,3600,200,2600,1000,9900,8100,6900,3000,1800,4100,6800,3300,6900,3900,200,2000,1800
281.0,11.53,79900,919631.0,11.53,11.52,11.51,11.5,11.46,11.44,11.41,11.4,11.38,11.36,11.55,11.56,11.57,11.58,11.6,11.62,11.64,11.65,11.66,11.69,900,800,800,3100,200,2600,1000,9900,8100,6900,3000,1800,4100,6800,3300,6900,3900,200,2000,1800
282.0,11.53,79900,919631.0,11.53,11.52,11.51,11.5,11.46,11.44,11.41,11.4,11.38,11.36,11.55,11.56,11.57,11.58,11.6,11.62,11.64,11.65,11.66,11.69,900,800,800,3100,200,2600,1000,9900,8100,6900,3000,1800,4100,6800,3300,6900,3900,200,2000,1800
283.0,11.53,79900,919631.0,11.53,11.52,11.51,11.5,11.46,11.44,11.41,11.4,11.38,11.36,11.55,11.56,11.57,11.58,11.6,11.62,11.64,11.65,11.66,11.69,900,800,800,3100,200,2600,1000,9900,8100,6900,3000,1800,4100,6800,3300,6900,3900,200,2000,1800
284.0,11.53,79900,919631.0,11.53,11.52,11.51,11.5,11.46,11.44,11.41,11.4,11.38,11.36,11.55,11.56,11.57,11.58,11.6,11.62,11.64,11.65,11.66,11.69,900,500,800,3100,200,2600,1000,9900,8100,6900,3000,1800,4100,6800,3300,6900,3900,200,2000,1800
285.0,11.53,79900,919631.0,11.53,11.52,11.51,11.5,11.46,11.44,11.41,11.4,11.38,11.36,11.55,11.56,11.57,11.58,11.6,11.62,11.64,11.65,11.66,11.69,900,500,800,3100,200,2600,1000,9900,8100,6900,3000,1800,4100,6800,3300,6900,3900,200,2000,1800
286.0,11.54,80200,923092.0,11.54,11.53,11.52,11.51,11.5,11.46,11.44,11.41,11.4,11.38,11.55,11.56,11.57,11.58,11.6,11.62,11.64,11.65,11.66,11.69,200,400,500,800,3100,200,2600,1000,9900,8100,3000,1800,4100,6800,3300,6900,3900,200,2000,1800
287.0,11.54,80200,923092.0,11.54,11.53,11.52,11.51,11.5,11.46,11.44,11.41,11.4,11.38,11.55,11.56,11.57,11.58,11.6,11.62,11.64,11.65,11.66,11.69,200,400,500,800,3100,200,2600,1000,9900,8100,3000,1800,4100,6800,3300,6900,3900,200,2000,1800
288.0,11.54,80200,923092.0,11.54,11.53,11.52,11.51,11.5,11.46,11.44,11.41,11.4,11.38,11.55,11.56,11.57,11.58,11.6,11.62,11.64,11.65,11.66,11.69,200,400,500,800,3100,200,2600,1000,9900,8100,3000,1800,4100,6800,3300,6900,3900,200,2000,1800
289.0,11.54,80400,925400.0,11.52,11.51,11.5,11.46,11.44,11.41,11.4,11.38,11.36,11.34,11.54,11.55,11.56,11.57,11.58,11.6,11.62,11.64,11.65,11.66,500,800,3100,200,2600,1000,9900,8100,6900,7100,100,3200,1800,4100,6800,3300,6900,3900,200,2000
290.0,11.54,80400,925400.0,11.52,11.51,11.5,11.46,11.44,11.41,11.4,11.38,11.36,11.34,11.54,11.55,11.56,11.57,11.58,11.6,11.62,11.64,11.65,11.66,500,800,3100,200,2600,1000,9900,8100,6900,7100,100,3200,1800,4100,6800,3300,6900,3900,200,2000
291.0,11.54,80400,925400.0,11.52,11.51,11.5,11.46,11.44,11.41,11.4,11.38,11.36,11.34,11.54,11.55,11.56,11.57,11.58,11.6,11.62,11.64,11.65,11.66,500,800,3100,200,2600,1000,9900,8100,6900,7100,100,3200,1800,4100,6800,3300,6900,3900,200,2000
292.0,11.54,80400,925400.0,11.52,11.51,11.5,11.46,11.44,11.41,11.4,11.38,11.36,11.34,11.54,11.55,11.56,11.57,11.58,11.6,11.62,11.64,11.65,11.66,500,800,3100,200,2600,1000,9900,8100,6900,7100,100,3200,1800,4100,6800,3300,6900,3900,200,2000
293.0,11.55,82400,948499.0,11.52,11.51,11.5,11.46,11.44,11.41,11.4,11.38,11.36,11.34,11.55,11.56,11.57,11.58,11.6,11.62,11.64,11.65,11.66,11.69,500,800,3100,200,2600,1000,9900,8100,6900,7100,1300,1800,4100,6800,3300,6900,3900,200,2000,1800
294.0,11.55,82400,948499.0,11.54,11.52,11.51,11.5,11.46,11.44,11.41,11.4,11.38,11.36,11.55,11.56,11.57,11.58,11.6,11.62,11.64,11.65,11.66,11.69,100,100,800,2700,200,2600,1000,9900,8100,6900,2500,5100,4100,6800,3300,6900,3900,200,2000,1800
295.0,11.55,82400,948499.0,11.54,11.52,11.51,11.5,11.46,11.44,11.41,11.4,11.38,11.36,11.55,11.56,11.57,11.58,11.6,11.62,11.64,11.65,11.66,11.69,100,100,800,2700,200,2600,1000,9900,8100,6900,2500,5100,4100,6800,3300,6900,3900,200,2000,1800
296.0,11.55,82400,948499.0,11.54,11.52,11.51,11.5,11.46,11.44,11.41,11.4,11.38,11.36,11.55,11.56,11.57,11.58,11.6,11.62,11.64,11.65,11.66,11.69,100,100,800,2700,200,2600,1000,9900,8100,6900,2700,5700,4100,6800,3300,6900,3900,200,2000,1800
297.0,11.55,82400,948499.0,11.54,11.52,11.51,11.5,11.46,11.44,11.41,11.4,11.38,11.36,11.55,11.56,11.57,11.58,11.6,11.62,11.64,11.65,11.66,11.69,100,100,800,2700,200,2600,1000,9900,8100,6900,2700,5700,4100,6800,3300,6900,3900,200,2000,1800
298.0,11.54,82500,949653.0,11.52,11.51,11.5,11.46,11.44,11.41,11.4,11.38,11.36,11.34,11.54,11.55,11.56,11.57,11.58,11.6,11.62,11.64,11.65,11.66,100,800,2700,200,2600,1000,9900,8100,6900,7100,100,2700,5700,4100,6800,3300,6900,3900,200,2000
299.0,11.54,82600,950807.0,11.52,11.51,11.5,11.46,11.44,11.41,11.4,11.38,11.36,11.34,11.55,11.56,11.57,11.58,11.6,11.62,11.64,11.65,11.66,11.69,100,800,2700,200,2600,1000,9900,8100,6900,7100,3200,5100,4100,6800,3300,6900,3900,200,2000,1800
300.0,11.54,82700,951961.0,11.54,11.52,11.51,11.5,11.46,11.44,11.41,11.4,11.38,11.36,11.55,11.56,11.57,11.58,11.6,11.62,11.64,11.65,11.66,11.69,300,100,800,3300,200,2600,1000,9900,8100,6900,3200,5100,4100,6800,3300,6900,3900,200,2000,1800
301.0,11.54,82700,951961.0,11.54,11.52,11.51,11.5,11.46,11.44,11.41,11.4,11.38,11.36,11.55,11.56,11.57,11.58,11.6,11.62,11.64,11.65,11.66,11.69,300,100,800,3300,200,2600,1000,9900,8100,6900,3200,5100,4100,6800,3300,6900,3900,200,2000,1800
302.0,11.54,83000,955423.0,11.52,11.51,11.5,11.46,11.44,11.41,11.4,11.38,11.36,11.34,11.53,11.55,11.56,11.57,11.58,11.6,11.62,11.64,11.65,11.66,100,900,3300,200,2600,1000,9900,8100,6900,7100,300,3200,5100,4100,6800,3300,6900,3900,200,2000
303.0,11.54,83000,955423.0,11.52,11.51,11.5,11.46,11.44,11.41,11.4,11.38,11.36,11.34,11.53,11.55,11.56,11.57,11.58,11.6,11.62,11.64,11.65,11.66,100,1000,3300,200,2600,1000,9900,8100,6900,7100,300,3200,5100,4100,6800,3300,6900,3900,200,2000
304.0,11.54,83000,955423.0,11.52,11.51,11.5,11.46,11.44,11.41,11.4,11.38,11.36,11.34,11.53,11.55,11.56,11.57,11.58,11.6,11.62,11.64,11.65,11.66,100,1000,3300,200,2600,1000,9900,8100,6900,7100,400,3200,5100,4100,6800,3300,6900,3900,200,2000
305.0,11.53,83400,960035.0,11.52,11.51,11.5,11.46,11.44,11.41,11.4,11.38,11.36,11.34,11.55,11.56,11.57,11.58,11.6,11.62,11.64,11.65,11.66,11.69,100,1300,700,2800,2600,1000,9900,8100,6900,7100,3200,5100,4100,6800,3300,6900,3900,200,2000,1800
306.0,11.53,83400,960035.0,11.52,11.51,11.5,11.46,11.44,11.41,11.4,11.38,11.36,11.34,11.55,11.56,11.57,11.58,11.6,11.62,11.64,11.65,11.66,11.69,400,1300,700,2800,2600,1000,9900,8100,6900,7100,3300,5100,4100,6800,4300,6900,3900,1200,2000,1800
307.0,11.53,83400,960035.0,11.52,11.51,11.5,11.46,11.44,11.41,11.4,11.38,11.36,11.34,11.55,11.56,11.57,11.58,11.6,11.62,11.64,11.65,11.66,11.69,400,1300,700,2800,2600,1000,9900,8100,6900,7100,3300,5100,4100,6800,4300,6900,3900,1200,2000,1800
308.0,11.53,83400,960035.0,11.52,11.51,11.5,11.46,11.44,11.41,11.4,11.38,11.36,11.34,11.55,11.56,11.57,11.58,11.6,11.62,11.64,11.65,11.66,11.69,500,1300,700,2800,2600,1000,9900,8100,6900,7100,3400,5100,4100,6800,4300,6900,3900,1200,2000,1800
309.0,11.53,83400,960035.0,11.52,11.51,11.5,11.46,11.44,11.41,11.4,11.38,11.36,11.34,11.55,11.56,11.57,11.58,11.6,11.62,11.64,11.65,11.66,11.69,500,1300,700,2800,2600,1000,9900,8100,6900,7100,3400,5100,4100,6800,4300,6900,3900,1200,2000,1800
310.0,11.52,83500,961187.0,11.52,11.51,11.5,11.46,11.44,11.41,11.4,11.38,11.36,11.34,11.55,11.56,11.57,11.58,11.6,11.62,11.64,11.65,11.66,11.69,500,1300,700,2800,2600,1000,9900,8100,6900,7100,3500,5100,4100,6800,4300,6900,3900,1200,2000,1800
311.0,11.52,83500,961187.0,11.52,11.51,11.5,11.46,11.44,11.41,11.4,11.38,11.36,11.34,11.55,11.56,11.57,11.58,11.6,11.62,11.64,11.65,11.66,11.69,500,1300,700,2800,2600,1000,9900,8100,6900,7100,3500,5100,4100,6800,4300,6900,3900,1200,2000,1800
312.0,11.52,83500,961187.0,11.52,11.51,11.5,11.46,11.44,11.41,11.4,11.38,11.36,11.34,11.55,11.56,11.57,11.58,11.6,11.62,11.64,11.65,11.66,11.69,500,1300,700,2800,2600,1000,9900,8100,6900,7100,3500,5100,4100,6800,4300,6900,3900,1200,2000,1800
313.0,11.52,83500,961187.0,11.52,11.51,11.5,11.46,11.44,11.41,11.4,11.38,11.36,11.34,11.53,11.55,11.56,11.57,11.58,11.6,11.62,11.64,11.65,11.66,600,1300,700,2800,2600,1000,9900,8100,6900,7100,300,5100,5100,4100,6800,4300,6900,3900,1200,2000
314.0,11.5,85400,983060.0,11.5,11.46,11.44,11.41,11.4,11.38,11.36,11.34,11.32,11.31,11.53,11.55,11.56,11.57,11.58,11.6,11.62,11.64,11.65,11.66,600,2800,2600,1000,9900,8100,6900,7100,10100,5000,300,5100,5100,4100,6800,4300,6900,3900,1200,2000
315.0,11.48,86700,998018.0,11.46,11.44,11.41,11.4,11.38,11.36,11.34,11.32,11.31,11.3,11.53,11.54,11.55,11.56,11.57,11.58,11.6,11.62,11.64,11.65,2800,2600,1000,9900,8100,6900,7100,10100,5000,7000,300,1200,5100,4700,4100,6800,4300,6900,3900,1200
316.0,11.48,86700,998018.0,11.47,11.46,11.44,11.41,11.4,11.38,11.36,11.34,11.32,11.31,11.52,11.53,11.54,11.55,11.56,11.57,11.58,11.6,11.62,11.64,5100,3000,2600,1000,9900,8100,6900,7100,10100,5000,1000,5100,1200,5100,4700,4100,6800,4300,6900,3900
317.0,11.52,88400,1017552.0,11.48,11.47,11.46,11.44,11.41,11.4,11.38,11.36,11.34,11.32,11.52,11.53,11.54,11.55,11.56,11.57,11.58,11.6,11.62,11.64,600,2900,400,2600,1000,9900,8100,6900,7100,10100,400,5100,1200,5100,4700,4100,6800,4300,6900,3900
318.0,11.52,88400,1017552.0,11.48,11.47,11.46,11.44,11.41,11.4,11.38,11.36,11.34,11.32,11.52,11.53,11.54,11.55,11.56,11.57,11.58,11.6,11.62,11.64,600,2900,400,2600,1000,9900,8100,6900,7100,10100,400,5100,1200,5100,4700,4100,6800,4300,6900,3900
319.0,11.52,88400,1017552.0,11.48,11.47,11.46,11.44,11.41,11.4,11.38,11.36,11.34,11.32,11.52,11.53,11.54,11.55,11.56,11.57,11.58,11.6,11.62,11.64,600,2900,400,2600,1000,9900,8100,6900,7100,10100,400,5100,1200,5100,4700,4100,6800,4300,6900,3900
320.0,11.52,88400,1017552.0,11.48,11.47,11.46,11.44,11.41,11.4,11.38,11.36,11.34,11.32,11.52,11.53,11.54,11.55,11.56,11.57,11.58,11.6,11.62,11.64,700,2900,400,2600,1000,9900,8100,6900,7100,10100,500,5100,1200,5100,4700,4100,6800,4300,6900,3900
321.0,11.48,88500,1018700.0,11.48,11.47,11.46,11.44,11.41,11.4,11.38,11.36,11.34,11.32,11.52,11.53,11.54,11.55,11.56,11.57,11.58,11.6,11.62,11.64,600,2900,400,2600,1000,9900,8100,6900,7100,10100,500,5100,1200,5100,4700,4100,6800,4300,6900,3900
322.0,11.48,88500,1018700.0,11.48,11.47,11.46,11.44,11.41,11.4,11.38,11.36,11.34,11.32,11.52,11.53,11.54,11.55,11.56,11.57,11.58,11.6,11.62,11.64,800,2900,400,2600,1000,9900,8100,6900,7100,10100,600,5200,1200,5100,4700,4100,6800,4300,6900,3900
323.0,11.48,88500,1018700.0,11.48,11.47,11.46,11.44,11.41,11.4,11.38,11.36,11.34,11.32,11.52,11.53,11.54,11.55,11.56,11.57,11.58,11.6,11.62,11.64,800,2900,400,2600,1000,9900,8100,6900,7100,10100,600,5200,1200,5100,4700,4100,6800,4300,6900,3900
324.0,11.48,88500,1018700.0,11.48,11.47,11.46,11.44,11.41,11.4,11.38,11.36,11.34,11.32,11.52,11.53,11.54,11.55,11.56,11.57,11.58,11.6,11.62,11.64,900,2900,400,2600,1000,9900,8100,6900,7100,10100,700,5200,1200,5100,4700,4100,6800,4300,6900,3900
325.0,11.48,88500,1018700.0,11.48,11.47,11.46,11.44,11.41,11.4,11.38,11.36,11.34,11.32,11.52,11.53,11.54,11.55,11.56,11.57,11.58,11.6,11.62,11.64,900,2900,400,2600,1000,9900,8100,6900,7100,10100,700,5200,1200,5100,4700,4100,6800,4300,6900,3900
326.0,11.48,88500,1018700.0,11.48,11.47,11.46,11.44,11.41,11.4,11.38,11.36,11.34,11.32,11.52,11.53,11.54,11.55,11.56,11.57,11.58,11.6,11.62,11.64,900,2800,400,2600,1000,9900,8100,6900,7100,10100,700,5200,1200,5100,4700,4100,6800,4300,6900,3900
327.0,11.48,88500,1018700.0,11.48,11.47,11.46,11.44,11.41,11.4,11.38,11.36,11.34,11.32,11.52,11.53,11.54,11.55,11.56,11.57,11.58,11.6,11.62,11.64,1000,2800,400,2600,1000,9900,8100,6900,7100,10100,800,5200,1200,5100,4700,4100,6800,4300,6900,3900
328.0,11.48,88600,1019848.0,11.48,11.47,11.46,11.44,11.41,11.4,11.38,11.36,11.34,11.32,11.52,11.53,11.54,11.55,11.56,11.57,11.58,11.6,11.62,11.64,900,2800,400,2600,1000,9900,8100,6900,7100,10100,800,5200,1200,5100,4700,4100,6800,4300,6900,3900
329.0,11.48,88600,1019848.0,11.48,11.47,11.46,11.44,11.41,11.4,11.38,11.36,11.34,11.32,11.52,11.53,11.54,11.55,11.56,11.57,11.58,11.6,11.62,11.64,1400,2700,400,2600,1000,9900,8100,6900,7100,10100,900,5200,1200,5100,4700,4100,6800,4300,6900,3900
330.0,11.48,88600,1019848.0,11.48,11.47,11.46,11.44,11.41,11.4,11.38,11.36,11.34,11.32,11.52,11.53,11.54,11.55,11.56,11.57,11.58,11.6,11.62,11.64,1400,2600,400,2600,1000,9900,8100,6900,7100,10100,900,5200,1200,5100,4700,4100,6800,4300,6900,3900
331.0,11.48,88600,1019848.0,11.48,11.47,11.46,11.44,11.41,11.4,11.38,11.36,11.34,11.32,11.52,11.53,11.54,11.55,11.56,11.57,11.58,11.6,11.62,11.64,1400,2600,400,2600,1000,9900,8100,6900,7100,10100,1000,5200,1200,5100,4700,4100,6800,4300,6900,3900
332.0,11.52,90800,1045184.0,11.48,11.47,11.46,11.44,11.41,11.4,11.38,11.36,11.34,11.32,11.51,11.52,11.53,11.55,11.56,11.57,11.58,11.6,11.62,11.64,1300,2600,400,2600,1000,9900,8100,6900,7100,10100,2200,1400,2700,5100,4700,4100,6800,4300,6900,3900
333.0,11.48,91000,1047480.0,11.48,11.47,11.46,11.44,11.41,11.4,11.38,11.36,11.34,11.32,11.51,11.52,11.53,11.55,11.56,11.57,11.58,11.6,11.62,11.64,1100,2600,400,2600,1000,9900,8100,6900,7100,10100,2200,1400,2700,5100,4700,4100,6800,4300,6900,3900
334.0,11.48,91000,1047480.0,11.48,11.47,11.46,11.44,11.41,11.4,11.38,11.36,11.34,11.32,11.51,11.52,11.53,11.55,11.56,11.57,11.58,11.6,11.62,11.64,1100,2600,400,2600,1000,9900,8100,6900,7100,10100,2200,1400,2700,5100,4700,4100,6800,4300,6900,3900
335.0,11.48,91100,1048628.0,11.48,11.47,11.46,11.44,11.41,11.4,11.38,11.36,11.34,11.32,11.51,11.52,11.53,11.55,11.56,11.57,11.58,11.6,11.62,11.64,1400,2400,400,2600,1000,9900,8100,6900,7100,10100,2200,1400,2700,5100,4900,4100,6800,4300,6900,3900
336.0,11.48,91100,1048628.0,11.48,11.47,11.46,11.44,11.41,11.4,11.38,11.36,11.34,11.32,11.51,11.52,11.53,11.55,11.56,11.57,11.58,11.6,11.62,11.64,1400,2400,400,2600,1000,9900,8100,6900,7100,10100,2200,1400,2700,5100,4900,4100,6800,4300,6900,3900
337.0,11.48,91100,1048628.0,11.49,11.48,11.47,11.46,11.44,11.41,11.4,11.38,11.36,11.34,11.51,11.52,11.53,11.55,11.56,11.57,11.58,11.6,11.62,11.64,100,1400,2400,400,2600,1000,9900,8100,6900,7100,2200,1400,2700,5100,4900,4100,6800,4300,6900,3900
338.0,11.48,91100,1048628.0,11.49,11.48,11.47,11.46,11.44,11.41,11.4,11.38,11.36,11.34,11.51,11.52,11.53,11.55,11.56,11.57,11.58,11.6,11.62,11.64,100,1400,2400,400,2600,1000,9900,8100,6900,7100,2200,1400,2700,5100,4900,4100,6800,4300,6900,3900
339.0,11.48,92500,1064707.0,11.48,11.47,11.46,11.44,11.41,11.4,11.38,11.36,11.34,11.32,11.51,11.52,11.53,11.55,11.56,11.57,11.58,11.6,11.62,11.64,300,2400,400,2600,1000,9900,8100,6900,7100,10100,2000,1200,2700,5100,4900,4100,6800,4300,6900,3900
340.0,11.48,92500,1064707.0,11.48,11.47,11.46,11.44,11.41,11.4,11.38,11.36,11.34,11.32,11.51,11.52,11.53,11.55,11.56,11.57,11.58,11.6,11.62,11.64,300,2400,400,2600,1000,9900,8100,6900,7100,10100,2000,1200,2700,5100,4900,4100,6800,4300,6900,3900
341.0,11.48,92500,1064707.0,11.48,11.47,11.46,11.44,11.41,11.4,11.38,11.36,11.34,11.32,11.51,11.52,11.53,11.55,11.56,11.57,11.58,11.6,11.62,11.64,300,2400,400,2600,1000,9900,8100,6900,7100,10100,2000,1200,2700,5100,4900,4100,6800,4300,6900,3900
342.0,11.51,92600,1065858.0,11.48,11.47,11.46,11.44,11.41,11.4,11.38,11.36,11.34,11.32,11.51,11.52,11.53,11.55,11.56,11.57,11.58,11.6,11.62,11.64,300,2400,400,2600,1000,9900,8100,6900,7100,10100,1900,1200,2700,5100,4900,4100,6800,4300,6900,3900
343.0,11.51,92600,1065858.0,11.48,11.47,11.46,11.44,11.41,11.4,11.38,11.36,11.34,11.32,11.51,11.52,11.53,11.55,11.56,11.57,11.58,11.6,11.62,11.64,300,2400,400,2600,1000,9900,8100,6900,7100,10100,1900,1200,2700,5100,4900,4100,6800,4300,6900,3900
344.0,11.51,92600,1065858.0,11.48,11.47,11.46,11.44,11.41,11.4,11.38,11.36,11.34,11.32,11.51,11.52,11.53,11.55,11.56,11.57,11.58,11.6,11.62,11.64,700,2400,400,2600,1000,9900,8100,6900,7100,10100,1900,1200,2700,5100,4900,4100,6800,4300,6900,3900
345.0,11.48,92700,1067006.0,11.48,11.47,11.46,11.44,11.41,11.4,11.38,11.36,11.34,11.32,11.51,11.52,11.53,11.55,11.56,11.57,11.58,11.6,11.62,11.64,600,2400,400,2600,1000,9900,8100,6900,7100,10100,1900,1200,2700,5100,4900,4100,6800,4300,6900,3900
346.0,11.48,92700,1067006.0,11.48,11.47,11.46,11.44,11.41,11.4,11.38,11.36,11.34,11.32,11.51,11.52,11.53,11.55,11.56,11.57,11.58,11.6,11.62,11.64,600,2400,400,2600,1000,9900,8100,6900,7100,10100,1900,1200,2700,5100,4900,4100,6800,4300,6900,3900
347.0,11.48,92700,1067006.0,11.48,11.47,11.46,11.44,11.41,11.4,11.38,11.36,11.34,11.32,11.51,11.52,11.53,11.55,11.56,11.57,11.58,11.6,11.62,11.64,600,2400,400,2600,1000,9900,8100,6900,7100,10100,1900,1200,2700,5100,4900,4100,6800,4300,6900,3900
348.0,11.48,92700,1067006.0,11.48,11.47,11.46,11.44,11.41,11.4,11.38,11.36,11.34,11.32,11.51,11.52,11.53,11.55,11.56,11.57,11.58,11.6,11.62,11.64,600,2400,400,2600,1000,9900,8100,6900,7100,10100,1900,1200,2700,5100,4900,4100,6800,4300,6900,3900
349.0,11.48,92700,1067006.0,11.48,11.47,11.46,11.44,11.41,11.4,11.38,11.36,11.34,11.32,11.51,11.52,11.53,11.55,11.56,11.57,11.58,11.6,11.62,11.64,600,2400,400,2600,1000,9900,8100,6900,7100,10100,1900,1200,2700,5100,4900,4100,6800,4300,6900,3900
350.0,11.48,92700,1067006.0,11.48,11.47,11.46,11.44,11.41,11.4,11.38,11.36,11.34,11.32,11.51,11.52,11.53,11.55,11.56,11.57,11.58,11.6,11.62,11.64,700,2400,400,2600,1000,9900,8100,6900,7100,10100,1900,1200,2700,5100,4900,4100,6800,4300,6900,3900
351.0,11.48,92700,1067006.0,11.48,11.47,11.46,11.44,11.41,11.4,11.38,11.36,11.34,11.32,11.5,11.51,11.52,11.53,11.55,11.56,11.57,11.58,11.6,11.62,700,2400,400,2600,1000,9900,8100,6900,7100,10100,100,1900,1200,2700,5100,4900,4100,6800,4300,6900
352.0,11.48,92700,1067006.0,11.48,11.47,11.46,11.44,11.41,11.4,11.38,11.36,11.34,11.32,11.5,11.51,11.52,11.53,11.55,11.56,11.57,11.58,11.6,11.62,700,2400,400,2600,1000,9900,8100,6900,7100,10100,100,1900,1200,2700,5100,4900,4100,6800,4300,6900
353.0,11.48,92700,1067006.0,11.48,11.47,11.46,11.44,11.41,11.4,11.38,11.36,11.34,11.32,11.5,11.51,11.52,11.53,11.55,11.56,11.57,11.58,11.6,11.62,700,2400,400,2600,1000,9900,8100,6900,7100,10100,100,1900,1200,2700,5100,4900,4100,6800,4300,6900
354.0,11.48,92700,1067006.0,11.48,11.47,11.46,11.44,11.41,11.4,11.38,11.36,11.34,11.32,11.5,11.51,11.52,11.53,11.55,11.56,11.57,11.58,11.6,11.62,700,700,400,2600,1000,9900,8100,6900,7100,10100,1100,1900,1200,2700,5100,4900,4100,6800,4300,6900
355.0,11.48,92700,1067006.0,11.48,11.47,11.46,11.44,11.41,11.4,11.38,11.36,11.34,11.32,11.5,11.51,11.52,11.53,11.55,11.56,11.57,11.58,11.6,11.62,700,700,400,2600,1000,9900,8100,6900,7100,10100,1100,1900,1200,2700,5100,4900,4100,6800,4300,6900
356.0,11.48,92900,1069304.0,11.48,11.47,11.46,11.44,11.41,11.4,11.38,11.36,11.34,11.32,11.5,11.51,11.52,11.53,11.55,11.56,11.57,11.58,11.6,11.62,500,700,400,2600,1000,9900,8100,6900,7100,10100,1000,1900,1200,2700,5100,4900,4100,6800,4300,6900
357.0,11.48,92900,1069304.0,11.48,11.47,11.46,11.44,11.41,11.4,11.38,11.36,11.34,11.32,11.5,11.51,11.52,11.53,11.55,11.56,11.57,11.58,11.6,11.62,500,700,400,2600,1000,9900,8100,6900,7100,10100,1000,1900,1200,2700,5100,4900,4100,6800,4300,6900
358.0,11.47,93900,1080779.0,11.47,11.46,11.44,11.41,11.4,11.38,11.36,11.34,11.32,11.31,11.5,11.51,11.52,11.53,11.55,11.56,11.57,11.58,11.6,11.62,200,400,2600,1000,9900,8100,6900,7100,10100,5000,1000,1900,1200,2700,5100,4900,4100,6800,4300,6900
359.0,11.47,93900,1080779.0,11.47,11.46,11.44,11.41,11.4,11.38,11.36,11.34,11.32,11.31,11.48,11.49,11.5,11.51,11.52,11.53,11.55,11.56,11.57,11.58,200,400,2600,1000,9900,8100,6900,7100,10100,5000,500,600,1000,1900,1200,2700,5100,4900,4100,6800
360.0,11.48,94300,1085371.0,11.47,11.46,11.44,11.41,11.4,11.38,11.36,11.34,11.32,11.31,11.48,11.49,11.5,11.51,11.52,11.53,11.55,11.56,11.57,11.58,200,400,2600,1000,9900,8100,6900,7100,10100,5000,100,600,1000,1900,1200,2700,5100,4900,4100,6800
361.0,11.48,94300,1085371.0,11.47,11.46,11.44,11.41,11.4,11.38,11.36,11.34,11.32,11.31,11.48,11.49,11.5,11.51,11.52,11.53,11.55,11.56,11.57,11.58,200,400,2600,1000,9900,8100,6900,7100,10100,5000,100,600,1000,1900,1200,2700,5100,4900,4100,6800
362.0,11.48,94300,1085371.0,11.47,11.46,11.44,11.41,11.4,11.39,11.38,11.36,11.34,11.32,11.48,11.5,11.51,11.52,11.53,11.55,11.56,11.57,11.58,11.6,100,400,2600,1000,9900,200,8100,6900,7100,10100,1100,1000,1900,1200,2700,5100,4900,4100,6800,4300
363.0,11.48,94400,1086519.0,11.47,11.46,11.44,11.41,11.4,11.39,11.38,11.36,11.34,11.32,11.48,11.5,11.51,11.52,11.53,11.55,11.56,11.57,11.58,11.6,100,400,2600,1000,9900,200,8100,6900,7100,10100,1000,2000,1900,1200,2700,5100,4900,4100,6800,4300
364.0,11.47,94500,1087666.0,11.46,11.44,11.41,11.4,11.39,11.38,11.36,11.34,11.32,11.31,11.48,11.5,11.51,11.52,11.53,11.55,11.56,11.57,11.58,11.6,400,2600,1000,9900,200,8100,6900,7100,10100,5000,1000,2000,1900,1200,2700,5100,4900,4100,6800,4300
365.0,11.47,94500,1087666.0,11.46,11.44,11.41,11.4,11.39,11.38,11.36,11.34,11.32,11.31,11.48,11.5,11.51,11.52,11.53,11.55,11.56,11.57,11.58,11.6,400,2600,1000,9900,200,8100,6900,7100,10100,5000,1000,2000,1900,1200,2700,5100,4900,4100,6800,4300
366.0,11.47,94500,1087666.0,11.46,11.44,11.41,11.4,11.39,11.38,11.36,11.34,11.32,11.31,11.48,11.5,11.51,11.52,11.53,11.55,11.56,11.57,11.58,11.6,400,2600,1000,9900,200,8100,6900,7100,10100,5000,1000,2000,1900,1200,2700,5100,4900,4100,6800,4300
367.0,11.48,94600,1088814.0,11.46,11.44,11.41,11.4,11.39,11.38,11.36,11.34,11.32,11.31,11.48,11.5,11.51,11.52,11.53,11.55,11.56,11.57,11.58,11.6,400,2600,1000,9900,200,8100,6900,7100,10100,5000,900,2000,1900,1200,2700,5100,4900,4100,6800,4300
368.0,11.48,94600,1088814.0,11.46,11.44,11.41,11.4,11.39,11.38,11.36,11.34,11.32,11.31,11.48,11.5,11.51,11.52,11.53,11.55,11.56,11.57,11.58,11.6,400,2600,1000,9900,200,8100,6900,7100,10100,5000,900,2000,1900,1200,2700,5100,4900,4100,6800,4300
369.0,11.48,94600,1088814.0,11.46,11.44,11.41,11.4,11.39,11.38,11.36,11.34,11.32,11.31,11.48,11.5,11.51,11.52,11.53,11.55,11.56,11.57,11.58,11.6,400,2600,1000,9900,200,8100,6900,7100,10100,5000,900,2000,1900,1200,2700,5100,4900,4100,6800,4300
370.0,11.48,94600,1088814.0,11.46,11.44,11.41,11.4,11.39,11.38,11.36,11.34,11.32,11.31,11.48,11.5,11.51,11.52,11.53,11.55,11.56,11.57,11.58,11.6,400,2600,1000,9900,200,8100,6900,7100,10100,5000,900,2000,1900,1600,2700,5100,4900,4100,6800,4300
371.0,11.48,94600,1088814.0,11.46,11.44,11.41,11.4,11.39,11.38,11.36,11.34,11.32,11.31,11.47,11.48,11.5,11.51,11.52,11.53,11.55,11.56,11.57,11.58,600,2600,1000,9900,200,8100,6900,7100,10100,5000,600,900,2000,1900,1600,2700,5100,4900,4100,6800
372.0,11.48,94600,1088814.0,11.46,11.44,11.41,11.4,11.39,11.38,11.36,11.34,11.32,11.31,11.47,11.48,11.5,11.51,11.52,11.53,11.55,11.56,11.57,11.58,600,2600,1000,9900,200,8100,6900,7100,10100,5000,600,900,2000,1900,1600,2700,5100,4900,4100,6800
373.0,11.48,94600,1088814.0,11.46,11.44,11.41,11.4,11.39,11.38,11.36,11.34,11.32,11.31,11.47,11.48,11.5,11.51,11.52,11.53,11.55,11.56,11.57,11.58,600,2600,1000,9900,200,8100,6900,7100,10100,5000,600,900,2000,1900,1600,2700,5100,4900,4100,6800
374.0,11.48,94600,1088814.0,11.46,11.44,11.41,11.4,11.39,11.38,11.36,11.34,11.32,11.31,11.47,11.48,11.5,11.51,11.52,11.53,11.55,11.56,11.57,11.58,600,2600,1000,9900,200,8100,6900,7100,10100,5000,600,900,2000,1900,1600,2700,5100,4900,4100,6800
375.0,11.48,94600,1088814.0,11.46,11.44,11.41,11.4,11.39,11.38,11.36,11.34,11.32,11.31,11.47,11.48,11.5,11.51,11.52,11.53,11.55,11.56,11.57,11.58,600,2600,1000,9900,200,8100,6900,7100,10100,5000,600,900,2000,1900,1600,2700,5100,4900,4100,6800
376.0,11.46,94900,1092252.0,11.46,11.44,11.41,11.4,11.39,11.38,11.36,11.34,11.32,11.31,11.47,11.48,11.5,11.51,11.52,11.53,11.55,11.56,11.57,11.58,300,2600,1000,9900,200,8100,6900,7100,10100,5000,600,900,2000,1900,1600,2700,5100,4900,4100,6800
377.0,11.46,94900,1092252.0,11.46,11.44,11.41,11.4,11.39,11.38,11.36,11.34,11.32,11.31,11.47,11.48,11.5,11.51,11.52,11.53,11.55,11.56,11.57,11.58,300,2600,1000,9900,200,8100,6900,7100,10100,5000,600,900,2000,1900,1600,2700,5100,4900,4100,6800
378.0,11.46,94900,1092252.0,11.46,11.44,11.41,11.4,11.39,11.38,11.36,11.34,11.32,11.31,11.47,11.48,11.5,11.51,11.52,11.53,11.55,11.56,11.57,11.58,300,2600,1000,9900,200,8100,6900,7100,10100,5000,600,900,2000,1900,1600,2700,5100,4900,4100,6800
379.0,11.46,94900,1092252.0,11.46,11.44,11.41,11.4,11.39,11.38,11.36,11.34,11.32,11.31,11.47,11.48,11.5,11.51,11.52,11.53,11.55,11.56,11.57,11.58,300,2600,1000,9900,200,8100,6900,7100,10100,5000,600,900,2000,1900,1600,2700,5100,4900,4100,6800
380.0,11.46,95200,1095690.0,11.44,11.41,11.4,11.39,11.38,11.36,11.34,11.32,11.31,11.3,11.45,11.46,11.47,11.48,11.5,11.51,11.52,11.53,11.55,11.56,2600,1000,9900,200,8100,6900,7100,10100,5000,7000,100,300,700,900,2000,1900,1600,2700,5100,4900
381.0,11.46,95200,1095690.0,11.44,11.41,11.4,11.39,11.38,11.36,11.34,11.32,11.31,11.3,11.45,11.46,11.47,11.48,11.5,11.51,11.52,11.53,11.55,11.56,2600,1000,9900,200,8100,6900,7100,10100,5000,7000,100,400,700,900,2000,1900,1600,2700,5100,4900
382.0,11.46,95200,1095690.0,11.44,11.41,11.4,11.39,11.38,11.36,11.34,11.32,11.31,11.3,11.45,11.46,11.47,11.48,11.5,11.51,11.52,11.53,11.55,11.56,2600,1000,6900,200,8100,6900,7100,10100,5000,7000,100,400,700,900,2000,1900,1600,2700,5100,4900
383.0,11.44,95400,1097978.0,11.44,11.41,11.4,11.39,11.38,11.36,11.34,11.32,11.31,11.3,11.45,11.46,11.47,11.48,11.5,11.51,11.52,11.53,11.55,11.56,2400,1000,6900,200,8100,6900,7100,10100,5000,7000,100,400,200,900,2000,1900,1600,2700,5100,4900
384.0,11.44,95400,1097978.0,11.44,11.41,11.4,11.39,11.38,11.36,11.34,11.32,11.31,11.3,11.45,11.46,11.47,11.48,11.5,11.51,11.52,11.53,11.55,11.56,2400,1000,6900,200,8100,6900,7100,10100,5000,7000,100,400,200,900,2000,1900,1600,2700,5100,4900
385.0,11.44,95400,1097978.0,11.44,11.41,11.4,11.39,11.38,11.36,11.34,11.32,11.31,11.3,11.45,11.46,11.47,11.48,11.5,11.51,11.52,11.53,11.55,11.56,2400,1000,6900,200,8100,6900,7100,10100,5000,7000,100,400,200,900,2000,1900,1600,2700,5100,4900
386.0,11.44,95400,1097978.0,11.44,11.41,11.4,11.39,11.38,11.36,11.34,11.32,11.31,11.3,11.45,11.46,11.47,11.48,11.5,11.51,11.52,11.53,11.55,11.56,2400,1000,6900,200,8100,6900,7100,10100,5000,7000,600,400,200,900,2000,1900,1600,2700,5100,4900
387.0,11.44,95400,1097978.0,11.44,11.41,11.4,11.39,11.38,11.36,11.34,11.32,11.31,11.3,11.45,11.46,11.47,11.48,11.5,11.51,11.52,11.53,11.55,11.56,2800,1000,6900,200,8100,6900,7100,10100,5000,7000,600,400,200,900,2000,1900,1600,2700,5100,4900
388.0,11.44,95400,1097978.0,11.44,11.41,11.4,11.39,11.38,11.36,11.34,11.32,11.31,11.3,11.45,11.46,11.47,11.48,11.5,11.51,11.52,11.53,11.55,11.56,2800,1000,6900,200,8100,6900,7100,10100,5000,7000,600,400,200,900,2000,1900,1600,2700,5100,4900
389.0,11.44,95400,1097978.0,11.44,11.41,11.4,11.39,11.38,11.36,11.34,11.32,11.31,11.3,11.45,11.46,11.47,11.48,11.5,11.51,11.52,11.53,11.55,11.56,2800,900,6900,200,8100,6900,7100,10100,5000,7000,700,300,200,900,2000,1900,1600,2700,5100,4900
390.0,11.44,95400,1097978.0,11.44,11.41,11.4,11.39,11.38,11.36,11.34,11.32,11.31,11.3,11.45,11.46,11.47,11.48,11.5,11.51,11.52,11.53,11.55,11.56,2800,900,6900,200,8100,6900,7100,10100,5000,7000,700,300,200,900,2000,1900,1600,2700,5100,4900
391.0,11.44,95900,1103699.0,11.44,11.41,11.4,11.39,11.38,11.36,11.34,11.32,11.31,11.3,11.45,11.46,11.47,11.48,11.5,11.51,11.52,11.53,11.55,11.56,2400,900,6900,200,8100,6900,7100,10100,5000,7000,600,300,200,900,2000,1900,1600,2700,5100,4900
392.0,11.44,95900,1103699.0,11.44,11.41,11.4,11.39,11.38,11.36,11.34,11.32,11.31,11.3,11.45,11.46,11.47,11.48,11.5,11.51,11.52,11.53,11.55,11.56,2400,900,6900,200,8100,6900,7100,10100,5000,7000,600,300,200,900,2000,1900,1600,2700,5100,4900
393.0,11.44,95900,1103699.0,11.44,11.41,11.4,11.39,11.38,11.36,11.34,11.32,11.31,11.3,11.45,11.46,11.47,11.48,11.5,11.51,11.52,11.53,11.55,11.56,2400,900,6900,200,8100,6900,7100,10100,5000,7000,600,300,200,900,2000,1900,1600,2700,5100,4900
394.0,11.44,95900,1103699.0,11.44,11.41,11.4,11.39,11.38,11.36,11.34,11.32,11.31,11.3,11.45,11.46,11.47,11.48,11.5,11.51,11.52,11.53,11.55,11.56,2400,900,6900,200,8100,6900,7100,10100,5000,7000,600,300,200,900,2000,1900,1600,2700,5100,4900
395.0,11.44,95900,1103699.0,11.44,11.41,11.4,11.39,11.38,11.36,11.34,11.32,11.31,11.3,11.45,11.46,11.47,11.48,11.5,11.51,11.52,11.53,11.55,11.56,2400,900,6900,200,8100,6900,7100,10100,5000,7000,600,300,200,900,2000,1900,1600,2700,5100,4900
396.0,11.44,95900,1103699.0,11.44,11.41,11.4,11.39,11.38,11.36,11.34,11.32,11.31,11.3,11.45,11.46,11.47,11.48,11.5,11.51,11.52,11.53,11.55,11.56,2400,900,6900,200,8100,6900,7100,10100,5000,7000,600,300,200,900,2000,1900,1600,2700,5100,4900
397.0,11.44,95900,1103699.0,11.44,11.41,11.4,11.39,11.38,11.36,11.34,11.32,11.31,11.3,11.45,11.46,11.47,11.48,11.5,11.51,11.52,11.53,11.55,11.56,2400,900,6900,200,8100,6900,7100,10100,5000,7000,600,300,200,900,2000,1900,1600,2700,5100,4900
398.0,11.44,96100,1105987.0,11.44,11.41,11.4,11.39,11.38,11.36,11.34,11.32,11.31,11.3,11.45,11.46,11.47,11.48,11.5,11.51,11.52,11.53,11.55,11.56,2200,900,6900,200,8100,6900,7100,10100,5000,7000,600,300,200,900,2000,1900,1600,2700,5100,4900
399.0,11.44,96200,1107131.0,11.44,11.41,11.4,11.39,11.38,11.36,11.34,11.32,11.31,11.3,11.45,11.46,11.47,11.48,11.5,11.51,11.52,11.53,11.55,11.56,2100,900,6900,200,8100,6900,7100,10100,5000,7000,600,300,200,900,2000,1900,1600,2700,5100,4900
400.0,11.44,96700,1112851.0,11.44,11.41,11.4,11.39,11.38,11.36,11.34,11.32,11.31,11.3,11.45,11.46,11.47,11.48,11.5,11.51,11.52,11.53,11.55,11.56,1600,900,6900,200,8100,6900,7100,10100,5000,7000,600,300,200,900,2000,1900,1600,2700,5100,4900
401.0,11.44,96700,1112851.0,11.44,11.41,11.4,11.39,11.38,11.36,11.34,11.32,11.31,11.3,11.45,11.46,11.47,11.48,11.5,11.51,11.52,11.53,11.55,11.56,1600,900,6900,200,8100,6900,7100,10100,5000,7000,600,300,200,900,2000,1900,1600,2700,5100,4900
402.0,11.44,96700,1112851.0,11.44,11.41,11.4,11.39,11.38,11.36,11.34,11.32,11.31,11.3,11.45,11.46,11.47,11.48,11.5,11.51,11.52,11.53,11.55,11.56,1600,900,6900,200,8100,6900,7100,10100,5000,7000,600,300,200,900,2000,1900,1600,2700,5100,4900
403.0,11.45,96900,1115141.0,11.44,11.41,11.4,11.39,11.38,11.36,11.34,11.32,11.31,11.3,11.45,11.46,11.47,11.48,11.5,11.51,11.52,11.53,11.55,11.56,1600,900,6900,200,8100,6900,7100,10100,5000,7000,400,300,200,900,2000,1900,1600,2700,5100,4900
404.0,11.45,96900,1115141.0,11.44,11.41,11.4,11.39,11.38,11.36,11.34,11.32,11.31,11.3,11.45,11.46,11.47,11.48,11.5,11.51,11.52,11.53,11.55,11.56,2000,900,6900,200,8100,6900,7100,10100,5000,7000,400,300,200,900,2000,1900,1600,2700,5100,4900
405.0,11.45,96900,1115141.0,11.44,11.41,11.4,11.39,11.38,11.36,11.34,11.32,11.31,11.3,11.45,11.46,11.47,11.48,11.5,11.51,11.52,11.53,11.55,11.56,2000,900,6900,200,8100,6900,7100,10100,5000,7000,400,300,200,900,2000,1900,1600,2700,5100,4900
406.0,11.44,97100,1117429.0,11.44,11.41,11.4,11.39,11.38,11.36,11.34,11.32,11.31,11.3,11.45,11.46,11.47,11.48,11.5,11.51,11.52,11.53,11.55,11.56,1800,900,6900,200,8100,6900,7100,10100,5000,7000,600,300,200,900,2000,1900,1600,2700,5100,4900
407.0,11.44,97100,1117429.0,11.44,11.41,11.4,11.39,11.38,11.36,11.34,11.32,11.31,11.3,11.45,11.46,11.47,11.48,11.5,11.51,11.52,11.53,11.55,11.56,1800,900,6900,200,8100,6900,7100,10100,5000,7000,600,300,200,900,2000,1900,1600,2700,5100,4900
408.0,11.44,97100,1117429.0,11.44,11.41,11.4,11.39,11.38,11.36,11.34,11.32,11.31,11.3,11.45,11.46,11.47,11.48,11.5,11.51,11.52,11.53,11.55,11.56,1800,900,6900,200,8100,6900,7100,10100,5000,7000,600,300,200,900,2000,1900,1600,2700,5100,4900
409.0,11.44,97300,1119717.0,11.44,11.41,11.4,11.39,11.38,11.36,11.34,11.32,11.31,11.3,11.45,11.46,11.47,11.48,11.5,11.51,11.52,11.53,11.55,11.56,1600,900,6900,200,8100,6900,7100,10100,5000,7000,700,300,200,900,2000,1900,1600,2700,5100,4900
410.0,11.44,97300,1119717.0,11.44,11.41,11.4,11.39,11.38,11.36,11.34,11.32,11.31,11.3,11.45,11.46,11.47,11.48,11.5,11.51,11.52,11.53,11.55,11.56,1600,900,6900,200,8100,6900,7100,10100,5000,7000,700,300,200,900,2000,1900,1600,2700,5100,4900
411.0,11.44,97300,1119717.0,11.44,11.41,11.4,11.39,11.38,11.36,11.34,11.32,11.31,11.3,11.45,11.46,11.47,11.48,11.5,11.51,11.52,11.53,11.55,11.56,1600,900,6900,200,8100,6900,7100,10100,5000,7000,700,300,200,900,2000,1900,1600,2700,5100,4900
412.0,11.44,97300,1119717.0,11.44,11.41,11.4,11.39,11.38,11.36,11.34,11.32,11.31,11.3,11.45,11.46,11.47,11.48,11.5,11.51,11.52,11.53,11.55,11.56,1600,900,6900,200,8100,6900,7100,10100,5000,7000,700,300,200,900,2000,1900,1600,2700,5100,4900
413.0,11.44,97400,1120861.0,11.44,11.41,11.4,11.39,11.38,11.36,11.34,11.32,11.31,11.3,11.45,11.46,11.47,11.48,11.5,11.51,11.52,11.53,11.55,11.56,1500,900,6900,200,8100,6900,7100,10100,5000,7000,700,300,200,900,2000,1900,1600,2700,5100,4900
