LocalTime,LastPrice,TradeVolume,TradeValue,BidPrice1,BidPrice2,BidPrice3,BidPrice4,BidPrice5,BidPrice6,BidPrice7,BidPrice8,BidPrice9,BidPriceA,AskPrice1,AskPrice2,AskPrice3,AskPrice4,AskPrice5,AskPrice6,AskPrice7,AskPrice8,AskPrice9,AskPriceA,BidVolume1,BidVolume2,BidVolume3,BidVolume4,BidVolume5,BidVolume6,BidVolume7,BidVolume8,BidVolume9,BidVolumeA,AskVolume1,AskVolume2,AskVolume3,AskVolume4,AskVolume5,AskVolume6,AskVolume7,AskVolume8,AskVolume9,AskVolumeA
0.0,6.97,40700,283679.0,6.96,6.95,6.93,6.91,6.9,6.89,6.88,6.87,6.86,6.85,6.97,6.98,6.99,7.0,7.04,7.05,7.06,7.07,7.08,7.09,100,10800,600,6600,24900,20500,25600,20500,20000,20500,1100,2200,600,800,4200,49000,29000,47400,25000,23400
1.0,6.99,44600,310896.0,6.99,6.98,6.97,6.96,6.95,6.93,6.91,6.9,6.89,6.88,7.0,7.04,7.05,7.06,7.07,7.08,7.09,7.1,7.11,7.12,3500,3400,200,100,10800,600,17600,24900,20500,25600,800,19200,49000,29000,47400,25000,23400,61700,7000,900
2.0,6.99,44600,310896.0,6.99,6.98,6.97,6.96,6.95,6.93,6.92,6.91,6.9,6.89,7.0,7.04,7.05,7.06,7.07,7.08,7.09,7.1,7.11,7.12,3500,3400,500,500,10800,1600,5800,18400,25400,20500,800,19200,49000,29000,47400,25000,23400,61700,7000,1300
3.0,6.99,45700,318585.0,6.99,6.98,6.97,6.96,6.95,6.93,6.92,6.91,6.9,6.89,7.0,7.03,7.04,7.05,7.06,7.07,7.08,7.09,7.1,7.11,3000,4300,3000,800,10800,2600,5900,18900,25400,20500,800,7500,20600,49000,29000,47400,25000,23400,61700,7000
4.0,6.99,48100,335361.0,6.99,6.98,6.97,6.96,6.95,6.93,6.92,6.91,6.9,6.89,7.0,7.03,7.04,7.05,7.06,7.07,7.08,7.09,7.1,7.11,1700,4300,3000,3800,20800,2600,6700,18900,45400,20500,800,7500,20600,49000,29000,47400,25000,23400,61700,7000
5.0,6.99,48100,335361.0,6.99,6.98,6.97,6.96,6.95,6.93,6.92,6.91,6.9,6.89,7.0,7.03,7.04,7.05,7.06,7.07,7.08,7.09,7.1,7.11,2100,5600,3000,3400,21800,2600,6700,19900,45400,20500,800,7500,20600,49000,29000,47400,25000,23400,61700,7000
6.0,7.0,48900,340961.0,7.0,6.99,6.98,6.97,6.96,6.95,6.93,6.92,6.91,6.9,7.03,7.04,7.05,7.06,7.07,7.08,7.09,7.1,7.11,7.12,2700,2100,4200,1000,3400,21800,2600,6700,19900,52600,7500,20600,49000,29000,47400,25000,23400,61700,7000,1300
7.0,7.0,51500,359161.0,7.0,6.99,6.98,6.97,6.96,6.95,6.93,6.92,6.91,6.9,7.03,7.04,7.05,7.06,7.07,7.08,7.09,7.1,7.11,7.12,700,2100,4200,1000,5400,21800,5600,6700,19900,53200,7500,23100,28200,29000,47400,25000,23400,61700,7000,1300
8.0,7.0,51600,359861.0,7.0,6.99,6.98,6.97,6.96,6.95,6.93,6.92,6.91,6.9,7.03,7.04,7.05,7.06,7.07,7.08,7.09,7.1,7.11,7.12,2300,2100,4200,800,5400,21900,5600,9400,22700,63800,7500,23100,28200,29000,47400,37000,23400,61700,7000,1300
9.0,7.0,53500,373161.0,7.0,6.99,6.98,6.97,6.96,6.95,6.93,6.92,6.91,6.9,7.03,7.04,7.05,7.06,7.07,7.08,7.09,7.1,7.11,7.12,1000,9500,4200,800,5400,21900,5600,9400,22700,68800,7500,24600,28200,29000,47400,37000,23400,61700,12400,1300
10.0,7.0,53700,374561.0,7.01,7.0,6.99,6.98,6.97,6.96,6.95,6.93,6.92,6.91,7.02,7.03,7.04,7.05,7.06,7.07,7.08,7.09,7.1,7.11,100,1200,7600,4200,800,5400,21900,5600,9400,22700,300,8200,24600,29000,29000,47400,37000,23400,61700,12400
11.0,7.01,54600,380883.0,7.0,6.99,6.98,6.97,6.96,6.95,6.93,6.92,6.91,6.9,7.01,7.02,7.03,7.04,7.05,7.06,7.07,7.08,7.09,7.1,2200,7400,4200,400,3400,21900,5600,9400,22700,70300,2200,100,7700,24600,29000,39100,47400,37000,23400,58800
12.0,7.0,63900,446072.0,7.0,6.99,6.98,6.97,6.96,6.95,6.93,6.92,6.91,6.9,7.03,7.04,7.05,7.06,7.07,7.08,7.09,7.1,7.11,7.12,2500,7600,800,400,3400,21900,8600,9400,22700,70300,8700,23200,29000,39100,47400,37000,23400,58800,12400,1300
13.0,7.01,64000,446773.0,7.01,7.0,6.99,6.98,6.97,6.96,6.95,6.93,6.92,6.91,7.02,7.03,7.04,7.05,7.06,7.07,7.08,7.09,7.1,7.11,5100,2000,7600,800,400,5100,21900,8600,9400,22700,100,8800,8200,29000,39100,47400,37000,23400,58800,12400
14.0,7.01,70200,490235.0,7.0,6.99,6.98,6.97,6.96,6.95,6.93,6.92,6.91,6.9,7.02,7.03,7.04,7.05,7.06,7.07,7.08,7.09,7.1,7.11,2000,7400,800,400,5100,21900,8600,9400,22700,70300,100,8800,8200,28200,39100,47400,37000,23400,58800,12400
15.0,7.02,70400,491639.0,7.0,6.99,6.98,6.97,6.96,6.95,6.93,6.92,6.91,6.9,7.02,7.03,7.04,7.05,7.06,7.07,7.08,7.09,7.1,7.11,1900,7400,800,400,5100,21900,8600,9400,22700,70300,100,8900,8200,28200,39100,47400,37000,23400,58800,12400
16.0,7.02,70400,491639.0,7.01,7.0,6.99,6.98,6.97,6.96,6.95,6.93,6.92,6.91,7.02,7.03,7.04,7.05,7.06,7.07,7.08,7.09,7.1,7.11,1300,1900,7400,800,400,5100,21900,8600,9400,22700,100,8900,8200,28200,39100,47400,37000,23400,58800,12400
17.0,7.02,70400,491639.0,7.01,7.0,6.99,6.98,6.97,6.96,6.95,6.93,6.92,6.91,7.02,7.03,7.04,7.05,7.06,7.07,7.08,7.09,7.1,7.11,2400,1900,7600,800,400,5100,21900,8600,9400,22700,100,8900,8200,28200,39100,47400,37000,23400,58800,12400
18.0,7.02,70400,491639.0,7.01,7.0,6.99,6.98,6.97,6.96,6.95,6.93,6.92,6.91,7.02,7.03,7.04,7.05,7.06,7.07,7.08,7.09,7.1,7.11,2400,2000,7600,800,400,5100,21900,8600,9400,22700,100,8900,8200,28200,39100,47400,37000,23400,58800,12400
19.0,7.02,70400,491639.0,7.01,7.0,6.99,6.98,6.97,6.96,6.95,6.93,6.92,6.91,7.02,7.03,7.04,7.05,7.06,7.07,7.08,7.09,7.1,7.11,2400,2000,7600,800,400,5100,21900,8600,9400,22700,100,8900,8200,29600,39100,47400,37000,23400,58800,12400
20.0,7.01,72500,506360.0,7.01,7.0,6.99,6.98,6.97,6.96,6.95,6.93,6.92,6.91,7.02,7.03,7.04,7.05,7.06,7.07,7.08,7.09,7.1,7.11,300,2000,7400,800,400,5100,21900,8600,9400,22700,200,8800,8200,29600,39100,47400,37000,23400,58800,12400
21.0,7.0,73700,514763.0,7.0,6.99,6.98,6.97,6.96,6.95,6.93,6.92,6.91,6.9,7.02,7.03,7.04,7.05,7.06,7.07,7.08,7.09,7.1,7.11,1100,7400,800,400,5100,21900,8600,9400,22700,70300,200,8800,8200,29600,39100,47400,37000,23400,58800,12400
22.0,7.0,73700,514763.0,7.01,7.0,6.99,6.98,6.97,6.96,6.95,6.93,6.92,6.91,7.02,7.03,7.04,7.05,7.06,7.07,7.08,7.09,7.1,7.11,500,1100,7400,800,400,5100,21900,8600,9400,22700,200,8800,8200,29600,39100,47400,37000,23400,58800,12400
23.0,7.02,79200,553368.0,7.0,6.99,6.98,6.97,6.96,6.95,6.93,6.92,6.91,6.9,7.01,7.02,7.03,7.04,7.05,7.06,7.07,7.08,7.09,7.1,1300,7400,800,400,5100,21900,8600,9400,22700,70300,1100,6200,8800,8200,29600,39100,47400,37000,23400,58800
24.0,7.02,79200,553368.0,7.0,6.99,6.98,6.97,6.96,6.95,6.93,6.92,6.91,6.9,7.01,7.02,7.03,7.04,7.05,7.06,7.07,7.08,7.09,7.1,1300,7400,800,1400,5100,21900,8600,9400,22700,70300,1100,6200,8800,8200,29600,39100,47400,37000,23400,58800
25.0,7.02,79200,553368.0,7.0,6.99,6.98,6.97,6.96,6.95,6.93,6.92,6.91,6.9,7.01,7.02,7.03,7.04,7.05,7.06,7.07,7.08,7.09,7.1,1200,7400,800,1400,5100,21900,8600,9400,22700,70300,1100,6200,8800,8200,29600,39100,47400,38000,23400,58800
26.0,7.02,79200,553368.0,7.0,6.99,6.98,6.97,6.96,6.95,6.93,6.92,6.91,6.9,7.01,7.02,7.03,7.04,7.05,7.06,7.07,7.08,7.09,7.1,1200,7400,800,1400,5100,21900,8600,9400,22700,70300,1000,6200,8800,8200,29600,39100,47400,38000,23400,58800
27.0,7.02,79200,553368.0,7.0,6.99,6.98,6.97,6.96,6.95,6.93,6.92,6.91,6.9,7.01,7.02,7.03,7.04,7.05,7.06,7.07,7.08,7.09,7.1,1200,7400,800,1400,5100,21900,8600,9400,22700,70300,1000,6200,8800,8200,29600,39100,47400,38000,23400,58800
28.0,7.02,79200,553368.0,7.0,6.99,6.98,6.97,6.96,6.95,6.93,6.92,6.91,6.9,7.01,7.02,7.03,7.04,7.05,7.06,7.07,7.08,7.09,7.1,1200,7400,800,1400,5100,21900,8600,9400,22700,70300,1000,6200,8800,8200,29600,39100,47400,38000,23400,58800
29.0,7.02,79200,553368.0,7.0,6.99,6.98,6.97,6.96,6.95,6.93,6.92,6.91,6.9,7.01,7.02,7.03,7.04,7.05,7.06,7.07,7.08,7.09,7.1,1200,7400,800,1400,5100,21900,8600,9400,22700,70300,1000,8200,8800,8200,29600,39100,47400,38000,23400,58800
30.0,7.01,81800,571558.0,6.99,6.98,6.97,6.96,6.95,6.93,6.92,6.91,6.9,6.89,7.01,7.02,7.03,7.04,7.05,7.06,7.07,7.08,7.09,7.1,6200,800,1400,5100,21900,8600,9400,22700,70300,20500,1800,8200,8800,8200,29600,39100,47400,38000,23400,58800
31.0,7.01,82200,574362.0,6.99,6.98,6.97,6.96,6.95,6.93,6.92,6.91,6.9,6.89,7.01,7.02,7.03,7.04,7.05,7.06,7.07,7.08,7.09,7.1,6200,800,1400,3400,21900,8600,9400,22700,70300,20500,1400,2000,8800,8200,29600,39600,47400,38000,23400,58800
32.0,7.0,83600,584162.0,6.99,6.98,6.97,6.96,6.95,6.93,6.92,6.91,6.9,6.89,7.01,7.02,7.03,7.04,7.05,7.06,7.07,7.08,7.09,7.1,6200,800,1400,3400,21900,8600,9400,22700,70300,20500,1400,2000,8800,8200,29600,39600,47400,38000,23400,58800
33.0,7.0,83600,584162.0,6.99,6.97,6.96,6.95,6.93,6.92,6.91,6.9,6.89,6.88,7.01,7.02,7.03,7.04,7.05,7.06,7.07,7.08,7.09,7.1,6200,1400,3400,21900,8600,9400,22700,70300,20500,25600,1500,2000,8800,13200,29600,39600,47400,38000,23400,58800
34.0,7.0,83600,584162.0,6.99,6.97,6.96,6.95,6.93,6.92,6.91,6.9,6.89,6.88,7.01,7.02,7.03,7.04,7.05,7.06,7.07,7.08,7.09,7.1,6200,1400,3400,21900,8600,9400,22700,70300,20500,25600,1500,2000,8800,13200,29600,39600,47400,38000,23400,58800
35.0,7.0,83600,584162.0,6.99,6.97,6.96,6.95,6.93,6.92,6.91,6.9,6.89,6.88,7.01,7.02,7.03,7.04,7.05,7.06,7.07,7.08,7.09,7.1,6200,1000,3400,21900,8600,9400,22700,70300,20500,25600,1500,2000,8800,13200,29600,39600,47400,38000,23400,58800
36.0,7.01,84600,591172.0,6.99,6.97,6.96,6.95,6.93,6.92,6.91,6.9,6.89,6.88,7.01,7.02,7.03,7.04,7.05,7.06,7.07,7.08,7.09,7.1,6200,1000,3400,21900,8600,9400,22700,70300,20500,25600,500,2000,8800,13200,29600,39600,47400,38000,23400,58800
37.0,7.01,84600,591172.0,6.99,6.97,6.96,6.95,6.93,6.92,6.91,6.9,6.89,6.88,7.01,7.02,7.03,7.04,7.05,7.06,7.07,7.08,7.09,7.1,6200,1000,3400,21900,8600,9400,22700,70300,20500,25600,500,2000,8800,13200,29600,39600,47400,38000,23400,58800
38.0,7.0,92300,645144.0,6.99,6.97,6.96,6.95,6.93,6.92,6.91,6.9,6.89,6.88,7.01,7.02,7.03,7.04,7.05,7.06,7.07,7.08,7.09,7.1,6200,1000,3400,21900,8600,9400,22700,70300,20500,25600,2700,2500,8800,13200,29600,39600,47400,38000,23400,58800
39.0,7.0,92300,645144.0,6.99,6.97,6.96,6.95,6.93,6.92,6.91,6.9,6.89,6.88,7.01,7.02,7.03,7.04,7.05,7.06,7.07,7.08,7.09,7.1,6200,1000,3400,21900,8600,9400,22700,70300,20500,25600,2700,2500,8800,13200,29600,39600,47400,38000,23400,58800
40.0,7.0,92300,645144.0,6.99,6.97,6.96,6.95,6.93,6.92,6.91,6.9,6.89,6.88,7.0,7.01,7.02,7.03,7.04,7.05,7.06,7.07,7.08,7.09,6200,1000,3400,21900,8600,9400,22700,70300,20500,25600,500,5200,2500,8800,13200,29600,39600,47400,38000,23400
41.0,6.99,92500,646542.0,6.99,6.97,6.96,6.95,6.93,6.92,6.91,6.9,6.89,6.88,7.0,7.01,7.02,7.03,7.04,7.05,7.06,7.07,7.08,7.09,6000,1000,3400,21900,8600,9400,22700,70300,20500,25600,500,5200,2500,8800,13200,29600,39600,47400,38000,23400
42.0,7.0,92600,647242.0,6.99,6.97,6.96,6.95,6.93,6.92,6.91,6.9,6.89,6.88,7.0,7.01,7.02,7.03,7.04,7.05,7.06,7.07,7.08,7.09,6000,1000,3400,21900,8600,9400,22700,70300,20500,25600,400,5200,2500,8800,13200,29600,39600,47400,38000,23400
43.0,7.01,99200,693384.0,7.0,6.97,6.96,6.95,6.93,6.92,6.91,6.9,6.89,6.88,7.01,7.02,7.03,7.04,7.05,7.06,7.07,7.08,7.09,7.1,800,4300,3400,21900,8600,9400,22700,70300,20500,25600,5000,2500,8800,13200,29600,39600,47400,38000,23400,58800
44.0,7.01,99200,693384.0,7.0,6.97,6.96,6.95,6.93,6.92,6.91,6.9,6.89,6.88,7.01,7.02,7.03,7.04,7.05,7.06,7.07,7.08,7.09,7.1,800,4400,3400,21900,8600,9400,22700,70300,20500,25600,5000,2500,8800,13200,29600,39600,47400,38000,23400,58800
45.0,7.0,100000,698984.0,6.97,6.96,6.95,6.93,6.92,6.91,6.9,6.89,6.88,6.87,7.01,7.02,7.03,7.04,7.05,7.06,7.07,7.08,7.09,7.1,4400,3400,21900,8600,9400,22700,70300,20500,25600,21500,5000,2500,8800,13200,29600,39600,47400,38000,23400,58800
46.0,7.01,103400,722802.0,6.99,6.98,6.97,6.96,6.95,6.93,6.92,6.91,6.9,6.89,7.01,7.02,7.03,7.04,7.05,7.06,7.07,7.08,7.09,7.1,100,1000,6900,3400,21900,8600,9400,22700,70300,20500,2400,2500,8800,13200,29600,39600,47400,38000,23400,58800
47.0,7.01,104800,732616.0,6.99,6.98,6.97,6.96,6.95,6.93,6.92,6.91,6.9,6.89,7.01,7.02,7.03,7.04,7.05,7.06,7.07,7.08,7.09,7.1,100,2700,6500,3400,21900,8600,9400,22700,70300,20500,1000,2500,8800,13200,29600,39600,47400,38000,23400,58800
48.0,7.01,104800,732616.0,7.0,6.99,6.98,6.97,6.96,6.95,6.93,6.92,6.91,6.9,7.01,7.02,7.03,7.04,7.05,7.06,7.07,7.08,7.09,7.1,400,100,2700,2600,3400,21900,8600,9400,22700,70300,1000,2500,8800,13200,29600,39600,47400,38000,23400,58800
49.0,7.01,104800,732616.0,7.0,6.99,6.98,6.97,6.96,6.95,6.93,6.92,6.91,6.9,7.01,7.02,7.03,7.04,7.05,7.06,7.07,7.08,7.09,7.1,400,100,2700,2600,3400,21900,8600,9400,22700,70300,1000,2500,8800,13200,29600,39600,47400,38000,23400,58800
50.0,7.01,105000,734018.0,7.0,6.99,6.98,6.97,6.96,6.95,6.93,6.92,6.91,6.9,7.01,7.02,7.03,7.04,7.05,7.06,7.07,7.08,7.09,7.1,1400,100,2700,2600,3400,21900,8600,9400,22700,70300,800,2500,8800,13200,29600,39600,47400,38000,23400,58800
51.0,7.01,105100,734719.0,7.0,6.99,6.98,6.97,6.96,6.95,6.93,6.92,6.91,6.9,7.01,7.02,7.03,7.04,7.05,7.06,7.07,7.08,7.09,7.1,1400,100,2700,2600,3400,21900,8600,9400,22700,70300,700,2500,8800,13200,29600,39600,47400,38000,23400,58800
52.0,7.0,105200,735419.0,7.0,6.98,6.97,6.96,6.95,6.93,6.92,6.91,6.9,6.89,7.01,7.02,7.03,7.04,7.05,7.06,7.07,7.08,7.09,7.1,1300,2700,2600,3400,21900,8600,9400,22700,70300,20500,1700,2500,8800,13200,29600,39600,47400,38000,23400,58800
53.0,7.01,105300,736120.0,7.0,6.98,6.97,6.96,6.95,6.93,6.92,6.91,6.9,6.89,7.01,7.02,7.03,7.04,7.05,7.06,7.07,7.08,7.09,7.1,4500,2700,2600,3400,21900,8600,9400,22700,70300,20500,1600,2500,8800,13200,29600,39600,47400,38000,23400,58800
54.0,7.01,106900,747336.0,7.01,7.0,6.98,6.97,6.96,6.95,6.93,6.92,6.91,6.9,7.02,7.03,7.04,7.05,7.06,7.07,7.08,7.09,7.1,7.11,100,5300,2700,2600,3400,21900,8600,9400,22700,70300,2500,8800,13200,29600,39600,47400,38000,23400,58800,12400
55.0,7.01,106900,747336.0,7.01,7.0,6.98,6.97,6.96,6.95,6.93,6.92,6.91,6.9,7.02,7.03,7.04,7.05,7.06,7.07,7.08,7.09,7.1,7.11,200,6300,2700,2600,3400,21900,8600,9400,22700,70300,2500,8800,13200,29600,39600,47400,38000,24400,58800,12400
56.0,7.01,106900,747336.0,7.01,7.0,6.98,6.97,6.96,6.95,6.93,6.92,6.91,6.9,7.02,7.03,7.04,7.05,7.06,7.07,7.08,7.09,7.1,7.11,200,6400,2900,2600,3400,21900,8600,9400,22700,70300,2500,8800,13200,29600,39600,47400,38000,24400,58800,12400
57.0,7.01,106900,747336.0,7.01,7.0,6.99,6.98,6.97,6.96,6.95,6.93,6.92,6.91,7.02,7.03,7.04,7.05,7.06,7.07,7.08,7.09,7.1,7.11,200,6400,200,2900,2600,3400,21900,8600,9400,22700,2500,8800,13200,29600,39600,47400,38000,24400,83400,12400
58.0,7.01,107000,748037.0,7.01,7.0,6.99,6.98,6.97,6.96,6.95,6.93,6.92,6.91,7.02,7.03,7.04,7.05,7.06,7.07,7.08,7.09,7.1,7.11,100,6400,200,2900,2600,3400,21900,8600,9400,22700,2500,8800,13200,29600,39600,47400,38000,24400,83400,12400
59.0,7.01,107000,748037.0,7.01,7.0,6.99,6.98,6.97,6.96,6.95,6.93,6.92,6.91,7.02,7.03,7.04,7.05,7.06,7.07,7.08,7.09,7.1,7.11,100,6400,200,2900,2600,3400,21900,8600,9400,22700,2500,8800,13200,29600,39600,47400,38000,24400,83400,12400
60.0,7.02,107200,749441.0,7.01,7.0,6.99,6.98,6.97,6.96,6.95,6.93,6.92,6.91,7.02,7.03,7.04,7.05,7.06,7.07,7.08,7.09,7.1,7.11,100,6400,200,2900,2600,3400,21900,8600,9400,22700,2300,8800,13200,29600,39600,47400,38000,24400,83400,12400
61.0,7.01,111500,779594.0,7.0,6.99,6.98,6.97,6.96,6.95,6.93,6.92,6.91,6.9,7.01,7.02,7.03,7.04,7.05,7.06,7.07,7.08,7.09,7.1,9800,200,2900,2600,3400,21900,8600,9400,22700,70300,3100,1300,8800,13200,29600,39600,47400,38000,24400,83400
62.0,7.01,114600,801325.0,7.01,7.0,6.99,6.98,6.97,6.96,6.95,6.93,6.92,6.91,7.02,7.03,7.04,7.05,7.06,7.07,7.08,7.09,7.1,7.11,1900,9800,200,2900,2600,3400,21900,8600,9400,22700,1300,8800,13200,29600,39600,47400,38000,24400,83400,12400
63.0,7.01,115400,806933.0,7.01,7.0,6.99,6.98,6.97,6.96,6.95,6.93,6.92,6.91,7.02,7.03,7.04,7.05,7.06,7.07,7.08,7.09,7.1,7.11,1200,9800,200,2900,2600,3400,21900,8600,9400,22700,1300,8800,13200,29600,39600,47400,38000,24400,83400,12400
64.0,7.01,115400,806933.0,7.01,7.0,6.99,6.98,6.97,6.96,6.95,6.93,6.92,6.91,7.02,7.03,7.04,7.05,7.06,7.07,7.08,7.09,7.1,7.11,1200,9800,200,2900,2600,4100,21900,8600,9400,22700,1300,8800,13200,29600,39600,47400,38000,24400,83400,12400
65.0,7.02,115600,808337.0,7.01,7.0,6.99,6.98,6.97,6.96,6.95,6.93,6.92,6.91,7.02,7.03,7.04,7.05,7.06,7.07,7.08,7.09,7.1,7.11,400,9700,200,7100,2600,4100,21900,8600,9400,22700,11200,8800,13200,29600,39600,47400,38000,24400,83400,12400
66.0,7.02,115600,808337.0,7.01,7.0,6.99,6.98,6.97,6.96,6.95,6.93,6.92,6.91,7.02,7.03,7.04,7.05,7.06,7.07,7.08,7.09,7.1,7.11,400,9700,200,7100,2600,4100,21900,8600,9400,22700,11200,8800,13200,29600,39600,47400,38000,24400,83400,12400
67.0,7.01,119700,837103.0,7.01,7.0,6.99,6.98,6.97,6.96,6.95,6.93,6.92,6.91,7.02,7.03,7.04,7.05,7.06,7.07,7.08,7.09,7.1,7.11,300,9700,200,7100,2600,4100,22400,8600,9400,22700,8700,8800,13200,29600,39600,47400,38000,24400,83400,12400
68.0,7.01,119700,837103.0,7.01,7.0,6.99,6.98,6.97,6.96,6.95,6.93,6.92,6.91,7.02,7.03,7.04,7.05,7.06,7.07,7.08,7.09,7.1,7.11,300,9700,200,7100,2600,4100,22400,8600,9400,22700,9700,8800,13200,29600,39600,47400,38000,24400,83400,12400
69.0,7.01,119700,837103.0,7.01,7.0,6.99,6.98,6.97,6.96,6.95,6.93,6.92,6.91,7.02,7.03,7.04,7.05,7.06,7.07,7.08,7.09,7.1,7.11,300,9700,200,7100,2600,4100,22400,8600,9400,22700,9700,8800,13200,29600,39600,47400,38000,24400,83400,12400
70.0,7.02,120200,840613.0,7.01,7.0,6.99,6.98,6.97,6.96,6.95,6.93,6.92,6.91,7.02,7.03,7.04,7.05,7.06,7.07,7.08,7.09,7.1,7.11,300,9700,200,7100,2600,4100,22400,8600,9400,22700,9200,8700,13200,29600,39600,47400,38000,24400,83400,12400
71.0,7.02,120200,840613.0,7.01,7.0,6.99,6.98,6.97,6.96,6.95,6.93,6.92,6.91,7.02,7.03,7.04,7.05,7.06,7.07,7.08,7.09,7.1,7.11,300,9700,200,7100,2600,4100,22400,8600,9400,22700,9200,8700,13200,23800,39600,47400,38000,24400,83400,12400
72.0,7.02,120200,840613.0,7.01,7.0,6.99,6.98,6.97,6.96,6.95,6.93,6.92,6.91,7.02,7.03,7.04,7.05,7.06,7.07,7.08,7.09,7.1,7.11,300,9700,200,7100,2600,4100,22400,8600,9400,22700,9200,8700,13200,23800,39600,47400,38000,24400,83400,12400
73.0,7.02,120300,841315.0,7.01,7.0,6.99,6.98,6.97,6.96,6.95,6.93,6.92,6.91,7.02,7.03,7.04,7.05,7.06,7.07,7.08,7.09,7.1,7.11,300,9700,200,7100,2600,4100,22400,8600,9400,22700,9100,8700,13200,23800,39600,47400,38000,24400,83400,12400
74.0,7.02,121200,847633.0,7.01,7.0,6.99,6.98,6.97,6.96,6.95,6.93,6.92,6.91,7.02,7.03,7.04,7.05,7.06,7.07,7.08,7.09,7.1,7.11,300,9700,200,7100,2600,4100,22400,8600,9400,22700,8300,8700,13200,23800,39600,47400,38000,24400,83400,12400
75.0,7.02,121200,847633.0,7.01,7.0,6.99,6.98,6.97,6.96,6.95,6.93,6.92,6.91,7.02,7.03,7.04,7.05,7.06,7.07,7.08,7.09,7.1,7.11,300,9700,200,7100,2600,4100,22400,8600,9400,22700,8300,8700,13200,23800,39600,47400,38000,24400,83400,12400
76.0,7.02,121200,847633.0,7.01,7.0,6.99,6.98,6.97,6.96,6.95,6.93,6.92,6.91,7.02,7.03,7.04,7.05,7.06,7.07,7.08,7.09,7.1,7.11,300,9700,200,7100,2600,4100,22400,8600,9400,22700,8300,8700,13200,23800,39600,47400,38000,24400,83400,12400
77.0,7.02,121200,847633.0,7.01,7.0,6.99,6.98,6.97,6.96,6.95,6.93,6.92,6.91,7.02,7.03,7.04,7.05,7.06,7.07,7.08,7.09,7.1,7.11,300,9700,200,7100,2600,4100,22400,8600,9400,22700,8300,8700,13200,23800,39600,47400,38000,24400,83400,12400
78.0,7.01,121500,849736.0,7.0,6.99,6.98,6.97,6.96,6.95,6.93,6.92,6.91,6.9,7.01,7.02,7.03,7.04,7.05,7.06,7.07,7.08,7.09,7.1,12000,200,7100,2600,4100,22400,8600,9400,22700,70300,1300,8300,8700,13200,23800,39600,47400,38000,24400,83400
79.0,7.01,122600,857447.0,7.0,6.99,6.98,6.97,6.96,6.95,6.93,6.92,6.91,6.9,7.01,7.02,7.03,7.04,7.05,7.06,7.07,7.08,7.09,7.1,12000,200,7100,2600,4100,22400,8600,9400,22700,70300,200,8300,8700,13200,23800,39600,47400,38000,24400,83400
80.0,7.02,124300,869355.0,7.01,7.0,6.99,6.98,6.97,6.96,6.95,6.93,6.92,6.91,7.02,7.03,7.04,7.05,7.06,7.07,7.08,7.09,7.1,7.11,500,11100,200,7100,2600,4100,22400,8600,9400,22700,8000,8700,13200,23800,39600,47400,38000,24400,83400,12400
81.0,7.02,124300,869355.0,7.01,7.0,6.99,6.98,6.97,6.96,6.95,6.93,6.92,6.91,7.02,7.03,7.04,7.05,7.06,7.07,7.08,7.09,7.1,7.11,500,11100,200,7100,2600,4100,22400,8600,9400,22700,8000,8700,13200,23800,39600,47400,38000,25300,83400,12400
82.0,7.02,125100,874971.0,7.01,7.0,6.99,6.98,6.97,6.96,6.95,6.93,6.92,6.91,7.02,7.03,7.04,7.05,7.06,7.07,7.08,7.09,7.1,7.11,600,16000,200,7100,2600,4100,22400,8600,9400,22700,7200,8700,13200,23800,39600,47400,38000,25300,83400,12400
83.0,7.01,125200,875672.0,7.01,7.0,6.99,6.98,6.97,6.96,6.95,6.93,6.92,6.91,7.02,7.03,7.04,7.05,7.06,7.07,7.08,7.09,7.1,7.11,500,16000,200,7100,2600,4100,22400,8600,9400,22700,7200,8700,13200,23800,39600,47400,38000,25300,83500,12400
84.0,7.01,125200,875672.0,7.01,7.0,6.99,6.98,6.97,6.96,6.95,6.93,6.92,6.91,7.02,7.03,7.04,7.05,7.06,7.07,7.08,7.09,7.1,7.11,500,16000,200,7100,2600,4100,22400,8600,9400,22700,7200,8700,13200,23800,39600,47400,38000,25300,83500,12400
85.0,7.01,125200,875672.0,7.01,7.0,6.99,6.98,6.97,6.96,6.95,6.93,6.92,6.91,7.02,7.03,7.04,7.05,7.06,7.07,7.08,7.09,7.1,7.11,2700,16000,200,7100,2600,4100,24400,8600,9400,22700,7200,8700,13200,23800,39600,47400,38000,25300,83500,12400
86.0,7.01,125200,875672.0,7.01,7.0,6.99,6.98,6.97,6.96,6.95,6.93,6.92,6.91,7.02,7.03,7.04,7.05,7.06,7.07,7.08,7.09,7.1,7.11,5000,12000,200,7100,2600,4100,24400,8600,9400,22700,7200,8700,13200,23800,39600,47400,38000,25300,83500,12400
87.0,7.01,125700,879177.0,7.01,7.0,6.99,6.98,6.97,6.96,6.95,6.93,6.92,6.91,7.02,7.03,7.04,7.05,7.06,7.07,7.08,7.09,7.1,7.11,8500,12000,200,7100,2600,4100,24400,8600,9400,22700,7200,8700,13200,23800,39600,47400,38000,25300,83500,12400
88.0,7.01,127400,891094.0,7.01,7.0,6.99,6.98,6.97,6.96,6.95,6.93,6.92,6.91,7.02,7.03,7.04,7.05,7.06,7.07,7.08,7.09,7.1,7.11,6800,12000,200,7100,2600,4100,24400,8600,9400,22700,7200,8700,13200,26600,39600,47400,38000,25300,83500,12400
89.0,7.02,128100,896008.0,7.01,7.0,6.99,6.98,6.97,6.96,6.95,6.93,6.92,6.91,7.02,7.03,7.04,7.05,7.06,7.07,7.08,7.09,7.1,7.11,6800,12000,200,7100,2600,4100,24400,8600,9400,22700,6500,8700,13200,26600,39600,47400,38000,25300,83500,12400
90.0,7.01,129700,907224.0,7.01,7.0,6.99,6.98,6.97,6.96,6.95,6.93,6.92,6.91,7.02,7.03,7.04,7.05,7.06,7.07,7.08,7.09,7.1,7.11,7400,12000,200,7100,2600,4100,24400,8600,9400,22700,6500,8700,13200,26600,39600,47400,38000,25300,83500,12400
91.0,7.01,129700,907224.0,7.01,7.0,6.99,6.98,6.97,6.96,6.95,6.93,6.92,6.91,7.02,7.03,7.04,7.05,7.06,7.07,7.08,7.09,7.1,7.11,9100,13400,200,7100,2600,4100,24400,8600,9400,22700,6500,8700,13200,26600,39600,47400,38000,25300,83500,12400
92.0,7.01,130900,915640.0,7.01,7.0,6.99,6.98,6.97,6.96,6.95,6.93,6.92,6.91,7.02,7.03,7.04,7.05,7.06,7.07,7.08,7.09,7.1,7.11,8300,13400,200,7100,2900,4100,24400,8600,9400,22700,6100,8700,13200,26600,39600,47400,38000,25300,83500,12400
93.0,7.01,131700,921248.0,7.01,7.0,6.99,6.98,6.97,6.96,6.95,6.93,6.92,6.91,7.02,7.03,7.04,7.05,7.06,7.07,7.08,7.09,7.1,7.11,7500,13400,200,7100,2900,4100,24400,8600,9400,22700,6100,8700,13200,26600,39600,47400,38000,28300,83500,12400
94.0,7.02,131800,921950.0,7.01,7.0,6.99,6.98,6.97,6.96,6.95,6.93,6.92,6.91,7.02,7.03,7.04,7.05,7.06,7.07,7.08,7.09,7.1,7.11,7500,13400,200,7100,2900,4100,24400,8600,9400,22700,6000,8700,13200,26600,39600,47400,38000,28300,83500,12400
95.0,7.01,132000,923352.0,7.01,7.0,6.99,6.98,6.97,6.96,6.95,6.93,6.92,6.91,7.02,7.03,7.04,7.05,7.06,7.07,7.08,7.09,7.1,7.11,7300,13400,200,7100,3700,4100,24400,8600,9400,22700,5900,8700,13200,26600,39600,47400,38000,28300,83500,12400
96.0,7.02,132500,926862.0,7.01,7.0,6.99,6.98,6.97,6.96,6.95,6.93,6.92,6.91,7.02,7.03,7.04,7.05,7.06,7.07,7.08,7.09,7.1,7.11,7300,13400,200,7100,3700,4100,24400,8600,9400,22700,5400,8700,13200,26600,39600,47400,38000,28300,83500,12400
97.0,7.01,136300,953500.0,7.01,7.0,6.99,6.98,6.97,6.96,6.95,6.93,6.92,6.91,7.02,7.03,7.04,7.05,7.06,7.07,7.08,7.09,7.1,7.11,3500,13400,200,7100,3700,3800,24400,8600,9400,22700,5400,8700,13200,26600,39600,47400,38000,28300,83500,12400
98.0,7.01,136400,954201.0,7.01,7.0,6.99,6.98,6.97,6.96,6.95,6.93,6.92,6.91,7.02,7.03,7.04,7.05,7.06,7.07,7.08,7.09,7.1,7.11,3400,13400,200,7100,3700,3800,24400,8600,9400,22700,5400,8700,13200,26600,39600,47400,38000,28300,83500,12400
99.0,7.01,139800,978035.0,7.0,6.99,6.98,6.97,6.96,6.95,6.93,6.92,6.91,6.9,7.02,7.03,7.04,7.05,7.06,7.07,7.08,7.09,7.1,7.11,13400,200,9100,3700,3800,24400,8600,9400,22700,70300,5400,8700,13200,26600,39600,47400,38000,28300,83500,12400
100.0,7.0,141100,987135.0,7.0,6.99,6.98,6.97,6.96,6.95,6.93,6.92,6.91,6.9,7.02,7.03,7.04,7.05,7.06,7.07,7.08,7.09,7.1,7.11,12100,200,9100,3700,3800,24400,8600,9400,22700,70300,5400,8700,13200,26600,39600,47400,38000,28300,83500,12400
101.0,7.02,146500,1025043.0,7.02,7.01,7.0,6.99,6.98,6.97,6.96,6.95,6.93,6.92,7.03,7.04,7.05,7.06,7.07,7.08,7.09,7.1,7.11,7.12,2700,2200,12100,200,9100,3700,3800,24400,8600,9400,8700,13200,26600,39600,47400,38000,28300,83500,12400,1300
102.0,7.02,146500,1025043.0,7.02,7.01,7.0,6.99,6.98,6.97,6.96,6.95,6.93,6.92,7.03,7.04,7.05,7.06,7.07,7.08,7.09,7.1,7.11,7.12,17600,2200,12100,200,9100,3200,3800,24400,8600,9400,8700,13200,26600,39600,47400,38000,28300,83500,12400,1300
103.0,7.02,146500,1025043.0,7.02,7.01,7.0,6.99,6.98,6.97,6.96,6.95,6.93,6.92,7.03,7.04,7.05,7.06,7.07,7.08,7.09,7.1,7.11,7.12,18100,2200,12100,900,9400,3200,3800,24400,8600,9400,8700,13200,26600,39600,47400,38000,28300,83500,16400,1300
104.0,7.02,151500,1060155.0,7.02,7.01,7.0,6.99,6.98,6.97,6.96,6.95,6.93,6.92,7.03,7.04,7.05,7.06,7.07,7.08,7.09,7.1,7.11,7.12,14200,2200,12100,900,9400,3200,3800,24400,8600,9400,7500,13200,26600,39600,47400,38000,28300,83500,16400,1300
105.0,7.02,151500,1060155.0,7.02,7.01,7.0,6.99,6.98,6.97,6.96,6.95,6.93,6.92,7.03,7.04,7.05,7.06,7.07,7.08,7.09,7.1,7.11,7.12,14200,2200,12100,900,9400,3200,3800,24400,8600,9400,7500,13200,26600,39600,47400,38000,28300,83500,16400,1300
106.0,7.02,151500,1060155.0,7.02,7.01,7.0,6.99,6.98,6.97,6.96,6.95,6.93,6.92,7.03,7.04,7.05,7.06,7.07,7.08,7.09,7.1,7.11,7.12,14200,2200,10700,900,9400,3200,3800,24400,8600,9400,7500,13200,26600,39600,47400,38000,28300,83500,16400,1300
107.0,7.02,152900,1069983.0,7.02,7.01,7.0,6.99,6.98,6.97,6.96,6.95,6.93,6.92,7.03,7.04,7.05,7.06,7.07,7.08,7.09,7.1,7.11,7.12,12800,2200,10700,900,9400,3200,3800,24400,8600,9400,7500,13200,26600,39600,47400,38000,28300,83500,16400,1300
108.0,7.02,152900,1069983.0,7.02,7.01,7.0,6.99,6.98,6.97,6.96,6.95,6.93,6.92,7.03,7.04,7.05,7.06,7.07,7.08,7.09,7.1,7.11,7.12,12800,2200,10700,900,9400,3200,3800,24400,8600,9400,7500,13200,26600,39600,47400,38000,28300,83500,16400,1300
109.0,7.02,152900,1069983.0,7.02,7.01,7.0,6.99,6.98,6.97,6.96,6.95,6.93,6.92,7.03,7.04,7.05,7.06,7.07,7.08,7.09,7.1,7.11,7.12,13900,2200,12700,900,9400,3200,3800,24400,8600,9400,7500,13200,26600,39600,49400,38000,28300,83500,16400,1300
110.0,7.02,154200,1079109.0,7.02,7.01,7.0,6.99,6.98,6.97,6.96,6.95,6.93,6.92,7.03,7.04,7.05,7.06,7.07,7.08,7.09,7.1,7.11,7.12,12600,2200,12700,900,9400,3200,2100,24400,8600,9400,13300,13200,26600,39600,49400,38000,28300,83500,16400,1300
111.0,7.03,158000,1105798.0,7.02,7.01,7.0,6.99,6.98,6.97,6.96,6.95,6.93,6.92,7.03,7.04,7.05,7.06,7.07,7.08,7.09,7.1,7.11,7.12,10100,2200,12700,900,9400,3200,2100,24400,8600,9400,12000,13200,26600,39600,49400,38000,28300,83500,16400,1300
112.0,7.03,158000,1105798.0,7.02,7.01,7.0,6.99,6.98,6.97,6.96,6.95,6.93,6.92,7.03,7.04,7.05,7.06,7.07,7.08,7.09,7.1,7.11,7.12,10100,2200,12700,900,9400,3200,2100,24400,8600,9400,12000,13200,26600,39600,49400,38000,28300,83500,16400,1300
113.0,7.03,158000,1105798.0,7.02,7.01,7.0,6.99,6.98,6.97,6.96,6.95,6.93,6.92,7.03,7.04,7.05,7.06,7.07,7.08,7.09,7.1,7.11,7.12,10800,2200,12700,900,9400,3200,2100,24400,8600,9400,12000,13200,26600,39600,49400,38000,28300,83500,16400,1300
114.0,7.02,159000,1112818.0,7.02,7.01,7.0,6.99,6.98,6.97,6.96,6.95,6.93,6.92,7.03,7.04,7.05,7.06,7.07,7.08,7.09,7.1,7.11,7.12,9700,2200,12700,900,9400,3200,2100,24400,8600,9400,12000,13200,26600,39600,49400,38000,28300,83500,16400,1300
115.0,7.03,160600,1124066.0,7.02,7.01,7.0,6.99,6.98,6.97,6.96,6.95,6.93,6.92,7.03,7.04,7.05,7.06,7.07,7.08,7.09,7.1,7.11,7.12,9700,2200,12700,900,9400,3200,2100,24400,8600,9400,17500,13200,26600,39600,49400,38000,28300,83500,16400,1300
116.0,7.02,201900,1414043.0,7.01,7.0,6.99,6.98,6.97,6.96,6.95,6.93,6.92,6.91,7.02,7.03,7.04,7.05,7.06,7.07,7.08,7.09,7.1,7.11,1500,12700,900,9400,3200,2100,24400,8600,9400,22700,300,7900,13200,26600,39600,49400,38000,28300,83500,16400
117.0,7.01,204400,1431573.0,7.01,7.0,6.99,6.98,6.97,6.96,6.95,6.93,6.92,6.91,7.03,7.04,7.05,7.06,7.07,7.08,7.09,7.1,7.11,7.12,500,12700,900,9400,3200,2100,24400,8600,9400,22700,7800,13200,26600,39600,49400,38000,28300,83500,16400,1300
118.0,7.03,205100,1436494.0,7.01,7.0,6.99,6.98,6.97,6.96,6.95,6.93,6.92,6.91,7.03,7.04,7.05,7.06,7.07,7.08,7.09,7.1,7.11,7.12,500,12700,900,9400,3200,2100,24400,8600,9400,22700,7100,13200,26600,39600,49400,38000,28300,83500,16400,1300
119.0,7.03,205100,1436494.0,7.01,7.0,6.99,6.98,6.97,6.96,6.95,6.93,6.92,6.91,7.03,7.04,7.05,7.06,7.07,7.08,7.09,7.1,7.11,7.12,1400,12700,900,9400,3200,2100,24400,8600,9400,22700,7100,13200,26600,39600,49400,38000,28300,83500,16400,1300
120.0,7.01,205200,1437195.0,7.01,7.0,6.99,6.98,6.97,6.96,6.95,6.93,6.92,6.91,7.03,7.04,7.05,7.06,7.07,7.08,7.09,7.1,7.11,7.12,1300,12700,200,9400,3200,2100,24400,8600,9400,22700,7100,13200,26600,39600,49400,38000,28300,83500,16400,1300
121.0,7.01,205200,1437195.0,7.01,7.0,6.99,6.98,6.97,6.96,6.95,6.93,6.92,6.91,7.03,7.04,7.05,7.06,7.07,7.08,7.09,7.1,7.11,7.12,3000,12700,200,9400,3200,2100,24400,8600,9400,22700,7100,13200,26600,39600,49400,38000,28300,83500,16400,1300
122.0,7.03,206100,1443510.0,7.01,7.0,6.99,6.98,6.97,6.96,6.95,6.93,6.92,6.91,7.03,7.04,7.05,7.06,7.07,7.08,7.09,7.1,7.11,7.12,2500,12700,200,9400,3200,2100,24400,8600,9400,22700,6800,13200,26600,39600,49400,38000,28300,83500,16400,1300
123.0,7.03,206100,1443510.0,7.01,7.0,6.99,6.98,6.97,6.96,6.95,6.93,6.92,6.91,7.02,7.03,7.04,7.05,7.06,7.07,7.08,7.09,7.1,7.11,2500,12700,200,9400,3200,2100,24400,8600,9400,22700,1000,3100,13200,26600,39600,49400,38000,28300,83500,16400
124.0,7.03,207700,1454744.0,7.01,7.0,6.99,6.98,6.97,6.96,6.95,6.93,6.92,6.91,7.03,7.04,7.05,7.06,7.07,7.08,7.09,7.1,7.11,7.12,2300,12700,200,9400,3000,2100,24400,8600,9400,22700,9600,13200,26600,39600,49400,38000,28300,83500,16400,1300
125.0,7.03,208900,1463180.0,7.02,7.01,7.0,6.99,6.98,6.97,6.96,6.95,6.93,6.92,7.03,7.04,7.05,7.06,7.07,7.08,7.09,7.1,7.11,7.12,900,2300,12700,200,9400,3000,2100,24400,8600,9400,8400,13200,26600,39600,49400,38000,28300,83500,16400,1300
126.0,7.02,209800,1469498.0,7.01,7.0,6.99,6.98,6.97,6.96,6.95,6.93,6.92,6.91,7.02,7.03,7.04,7.05,7.06,7.07,7.08,7.09,7.1,7.11,2100,12700,200,9400,3000,2100,24400,8600,9400,22700,2400,9400,13200,26600,39600,49400,38000,28300,83500,16400
127.0,7.01,210000,1470900.0,7.01,7.0,6.99,6.98,6.97,6.96,6.95,6.93,6.92,6.91,7.02,7.03,7.04,7.05,7.06,7.07,7.08,7.09,7.1,7.11,2100,12700,6000,7400,3000,2100,24400,8600,9400,22700,2400,9400,13200,26600,39600,49400,38000,28300,83500,16400
128.0,7.02,212400,1487748.0,7.01,7.0,6.99,6.98,6.97,6.96,6.95,6.93,6.92,6.91,7.03,7.04,7.05,7.06,7.07,7.08,7.09,7.1,7.11,7.12,2700,12700,6000,7400,3000,2100,24400,8600,9400,22700,9400,13200,28600,39600,49400,38000,28300,83500,16400,1300
129.0,7.02,212400,1487748.0,7.01,7.0,6.99,6.98,6.97,6.96,6.95,6.93,6.92,6.91,7.03,7.04,7.05,7.06,7.07,7.08,7.09,7.1,7.11,7.12,2700,12700,6000,7400,3000,2100,24400,8600,9400,22700,9400,13200,28600,39600,49400,38000,28300,83500,16400,1300
130.0,7.01,212600,1489150.0,7.01,7.0,6.99,6.98,6.97,6.96,6.95,6.93,6.92,6.91,7.03,7.04,7.05,7.06,7.07,7.08,7.09,7.1,7.11,7.12,2500,12700,6000,7400,3000,2100,24400,8600,9400,22700,9400,13200,28600,39600,49400,38000,28300,83500,16400,1300
131.0,7.01,212600,1489150.0,7.01,7.0,6.99,6.98,6.97,6.96,6.95,6.93,6.92,6.91,7.02,7.03,7.04,7.05,7.06,7.07,7.08,7.09,7.1,7.11,2500,12700,6000,7400,3000,2100,24400,8600,9400,22700,3900,13300,13200,28600,39600,49400,38000,28300,83500,16400
132.0,7.02,212900,1491256.0,7.01,7.0,6.99,6.98,6.97,6.96,6.95,6.93,6.92,6.91,7.02,7.03,7.04,7.05,7.06,7.07,7.08,7.09,7.1,7.11,2500,12700,6000,7400,3000,2100,24400,8600,9400,22700,3600,12400,13200,28600,39600,49400,38000,28300,83500,16400
133.0,7.02,212900,1491256.0,7.01,7.0,6.99,6.98,6.97,6.96,6.95,6.93,6.92,6.91,7.02,7.03,7.04,7.05,7.06,7.07,7.08,7.09,7.1,7.11,2300,10700,6000,7400,3000,2100,24400,8600,9400,22700,3600,13400,13200,28600,39600,49400,38000,28300,83500,16400
134.0,7.01,213500,1495462.0,7.01,7.0,6.99,6.98,6.97,6.96,6.95,6.93,6.92,6.91,7.02,7.03,7.04,7.05,7.06,7.07,7.08,7.09,7.1,7.11,1600,10700,6000,7400,3000,2100,24400,8600,9400,22700,3600,13400,13200,28600,39600,49400,38000,28300,83500,16400
135.0,7.01,213500,1495462.0,7.01,7.0,6.99,6.98,6.97,6.96,6.95,6.93,6.92,6.91,7.02,7.03,7.04,7.05,7.06,7.07,7.08,7.09,7.1,7.11,7300,12700,6000,7400,3000,2100,24400,8600,9400,22700,3600,13400,13200,28600,39600,49400,38000,28300,83500,16400
136.0,7.01,213500,1495462.0,7.01,7.0,6.99,6.98,6.97,6.96,6.95,6.93,6.92,6.91,7.02,7.03,7.04,7.05,7.06,7.07,7.08,7.09,7.1,7.11,7300,12700,6000,7400,3000,2100,24400,8600,9400,22700,3600,13400,13200,28600,39600,49400,38000,28300,83500,16400
137.0,7.02,217800,1525641.0,7.02,7.01,7.0,6.99,6.98,6.97,6.96,6.95,6.93,6.92,7.03,7.04,7.05,7.06,7.07,7.08,7.09,7.1,7.11,7.12,800,6600,12700,6000,7400,2100,2100,24400,8600,9400,13400,13200,28600,39600,49400,38000,28300,83500,16400,1300
138.0,7.02,217800,1525641.0,7.02,7.01,7.0,6.99,6.98,6.97,6.96,6.95,6.93,6.92,7.03,7.04,7.05,7.06,7.07,7.08,7.09,7.1,7.11,7.12,800,6600,12700,6000,7400,2100,2100,24400,8600,9400,13400,13200,28600,39600,49400,38000,28300,83500,16400,1300
139.0,7.02,217800,1525641.0,7.02,7.01,7.0,6.99,6.98,6.97,6.96,6.95,6.93,6.92,7.03,7.04,7.05,7.06,7.07,7.08,7.09,7.1,7.11,7.12,800,6600,12700,6000,7400,2100,2100,24400,8600,9400,13400,15000,28600,39600,49400,38000,28300,83500,16400,1300
140.0,7.02,217800,1525641.0,7.02,7.01,7.0,6.99,6.98,6.97,6.96,6.95,6.93,6.92,7.03,7.04,7.05,7.06,7.07,7.08,7.09,7.1,7.11,7.12,800,6600,12700,6000,7400,2100,2100,24400,8600,9400,13400,15000,28600,39600,49400,38000,28300,83500,16400,1300
141.0,7.0,229000,1604156.0,7.0,6.99,6.98,6.97,6.96,6.95,6.93,6.92,6.91,6.9,7.01,7.02,7.03,7.04,7.05,7.06,7.07,7.08,7.09,7.1,12200,6000,7400,2100,2100,24400,8600,9400,22700,66300,13400,10200,13400,15000,28600,39600,49400,38000,28300,83500
142.0,7.0,241200,1689556.0,6.99,6.98,6.97,6.96,6.95,6.93,6.92,6.91,6.9,6.89,7.0,7.01,7.02,7.03,7.04,7.05,7.06,7.07,7.08,7.09,6000,7400,2100,2100,24400,8600,9400,22700,66300,20500,3900,13400,10200,13400,15100,28600,39600,49400,38000,28300
143.0,7.01,245900,1722464.0,7.0,6.99,6.98,6.97,6.96,6.95,6.93,6.92,6.91,6.9,7.01,7.02,7.03,7.04,7.05,7.06,7.07,7.08,7.09,7.1,900,6400,3200,2100,6400,24400,8600,9400,22700,66300,13600,10200,13400,15200,28600,39600,49400,38000,28300,83500
144.0,7.01,245900,1722464.0,7.0,6.99,6.98,6.97,6.96,6.95,6.93,6.92,6.91,6.9,7.01,7.02,7.03,7.04,7.05,7.06,7.07,7.08,7.09,7.1,900,6400,3200,2100,6400,24400,8600,9400,22700,66300,13600,10200,13400,15200,28600,39600,49400,38000,28300,83500
145.0,7.0,246500,1726664.0,7.0,6.99,6.98,6.97,6.96,6.95,6.93,6.92,6.91,6.9,7.01,7.02,7.03,7.04,7.05,7.06,7.07,7.08,7.09,7.1,300,6400,3200,2100,6400,24400,8600,9400,22700,66300,13600,10200,13400,15200,28600,39600,49400,38000,28300,83500
146.0,7.0,246600,1727364.0,6.99,6.98,6.97,6.96,6.95,6.93,6.92,6.91,6.9,6.89,7.0,7.01,7.02,7.03,7.04,7.05,7.06,7.07,7.08,7.09,6400,3200,2100,6400,24400,8600,9400,22700,66300,20500,3400,13600,20200,13400,15200,28600,39600,49400,38000,28300
147.0,6.99,247800,1735752.0,6.99,6.98,6.97,6.96,6.95,6.93,6.92,6.91,6.9,6.89,7.0,7.01,7.02,7.03,7.04,7.05,7.06,7.07,7.08,7.09,5200,3200,2100,6400,24400,8600,9400,22700,66300,20500,3400,10400,20200,13400,15200,28600,39600,49400,38000,28300
148.0,6.99,247800,1735752.0,6.99,6.98,6.97,6.96,6.95,6.93,6.92,6.91,6.9,6.89,7.0,7.01,7.02,7.03,7.04,7.05,7.06,7.07,7.08,7.09,5200,3200,2100,6400,24400,8600,9400,22700,66300,20500,3400,10400,20200,13400,15200,28600,39600,49400,38000,28300
149.0,7.0,248700,1742044.0,6.99,6.98,6.97,6.96,6.95,6.93,6.92,6.91,6.9,6.89,7.0,7.01,7.02,7.03,7.04,7.05,7.06,7.07,7.08,7.09,4400,3200,2100,6400,24400,8600,9400,22700,66300,20500,3300,10400,20200,13400,15200,28600,39600,49400,38000,28300
150.0,6.99,249100,1744840.0,6.99,6.98,6.97,6.96,6.95,6.93,6.92,6.91,6.9,6.89,7.0,7.01,7.02,7.03,7.04,7.05,7.06,7.07,7.08,7.09,4000,3200,2100,6400,24400,8600,9400,22700,66300,20500,3300,10400,20200,13400,15200,28600,39600,49400,38000,28300
151.0,6.99,249100,1744840.0,6.99,6.98,6.97,6.96,6.95,6.93,6.92,6.91,6.9,6.89,7.0,7.01,7.02,7.03,7.04,7.05,7.06,7.07,7.08,7.09,4000,3200,2100,6400,24400,8600,9400,22700,66300,20500,3300,10400,20200,13400,15200,28600,39600,49400,38000,28300
152.0,7.0,252200,1766524.0,6.99,6.98,6.97,6.96,6.95,6.93,6.92,6.91,6.9,6.89,7.0,7.01,7.02,7.03,7.04,7.05,7.06,7.07,7.08,7.09,6400,3200,1300,6400,24400,8600,9400,22700,66300,20500,1800,10400,20200,13400,15200,28600,39600,49400,38000,28300
153.0,7.0,254000,1779124.0,7.0,6.99,6.98,6.97,6.96,6.95,6.93,6.92,6.91,6.9,7.01,7.02,7.03,7.04,7.05,7.06,7.07,7.08,7.09,7.1,1800,6400,3200,1300,6400,24400,8600,9400,22700,66300,10400,20200,16400,15200,28600,39600,49400,38000,28300,83500
154.0,7.01,255400,1788936.0,7.0,6.99,6.98,6.97,6.96,6.95,6.93,6.92,6.91,6.9,7.01,7.02,7.03,7.04,7.05,7.06,7.07,7.08,7.09,7.1,1600,4400,3200,1300,6400,24400,8600,9400,22700,66300,9200,20200,76900,15200,28600,39600,49400,38000,28300,83500
155.0,7.0,257000,1800136.0,6.99,6.98,6.97,6.96,6.95,6.93,6.92,6.91,6.9,6.89,7.0,7.01,7.02,7.03,7.04,7.05,7.06,7.07,7.08,7.09,4400,3200,1300,6400,24400,8600,9400,22700,66300,20500,9400,9200,20200,76900,15200,28600,39600,49400,38000,28300
156.0,7.0,257100,1800836.0,6.99,6.98,6.97,6.96,6.95,6.93,6.92,6.91,6.9,6.89,7.0,7.01,7.02,7.03,7.04,7.05,7.06,7.07,7.08,7.09,4400,3200,1300,11400,24400,8600,9400,22700,66300,20500,9300,9200,20200,76900,15200,28600,39600,49400,38000,28300
157.0,6.99,257500,1803632.0,6.99,6.98,6.97,6.96,6.95,6.93,6.92,6.91,6.9,6.89,7.0,7.01,7.02,7.03,7.04,7.05,7.06,7.07,7.08,7.09,4000,3200,1300,11400,24400,8600,9400,22700,66300,20500,9300,9200,10200,76900,15200,28600,39600,49400,38000,28300
158.0,6.99,258300,1809224.0,6.99,6.98,6.97,6.96,6.95,6.93,6.92,6.91,6.9,6.89,7.0,7.01,7.02,7.03,7.04,7.05,7.06,7.07,7.08,7.09,3200,3200,1300,11400,24400,8600,9400,22700,66300,20500,9300,9200,10200,76900,15200,28600,39600,49400,38000,28300
159.0,7.0,258700,1812024.0,6.99,6.98,6.97,6.96,6.95,6.93,6.92,6.91,6.9,6.89,7.0,7.01,7.02,7.03,7.04,7.05,7.06,7.07,7.08,7.09,3200,3200,1300,11400,24400,8600,9400,22700,66300,20500,2700,9200,10200,76900,15200,28600,39600,49400,38000,28300
160.0,6.99,259000,1814121.0,6.99,6.98,6.97,6.96,6.95,6.93,6.92,6.91,6.9,6.89,7.0,7.01,7.02,7.03,7.04,7.05,7.06,7.07,7.08,7.09,2900,3200,1300,11400,24400,8600,9400,22700,66300,20500,3900,9200,10200,76900,15200,28600,39600,49400,38000,29300
161.0,6.99,259200,1815519.0,6.99,6.98,6.97,6.96,6.95,6.93,6.92,6.91,6.9,6.89,7.0,7.01,7.02,7.03,7.04,7.05,7.06,7.07,7.08,7.09,2700,3200,1300,11400,24400,8600,9400,22700,66300,20500,3900,9200,10200,76900,15200,28600,39600,49400,38000,29300
162.0,6.99,259200,1815519.0,6.99,6.98,6.97,6.96,6.95,6.93,6.92,6.91,6.9,6.89,7.0,7.01,7.02,7.03,7.04,7.05,7.06,7.07,7.08,7.09,2700,3200,1300,11400,24400,8600,9400,22700,66300,20500,3900,9200,10200,76900,15200,28600,39600,49400,38000,29300
163.0,6.99,259400,1816917.0,6.99,6.98,6.97,6.96,6.95,6.93,6.92,6.91,6.9,6.89,7.0,7.01,7.02,7.03,7.04,7.05,7.06,7.07,7.08,7.09,2500,3200,1300,11400,24400,8600,9400,22700,66300,20500,3900,9200,10200,71300,15200,28600,39600,49400,38000,29300
164.0,6.99,259400,1816917.0,6.99,6.98,6.97,6.96,6.95,6.93,6.92,6.91,6.9,6.89,7.0,7.01,7.02,7.03,7.04,7.05,7.06,7.07,7.08,7.09,2500,4400,1300,11400,24400,8600,9400,22700,66300,20500,3900,9200,10200,71300,15200,28600,39600,49400,38000,29300
165.0,6.99,259400,1816917.0,6.99,6.98,6.97,6.96,6.95,6.93,6.92,6.91,6.9,6.89,7.0,7.01,7.02,7.03,7.04,7.05,7.06,7.07,7.08,7.09,2500,4400,6500,11400,24400,8600,9400,22700,66300,20500,3900,9200,10200,71300,15200,28600,39600,49400,38000,29300
166.0,6.99,259400,1816917.0,6.99,6.98,6.97,6.96,6.95,6.93,6.92,6.91,6.9,6.89,7.0,7.01,7.02,7.03,7.04,7.05,7.06,7.07,7.08,7.09,2500,4400,6500,11400,24400,8600,9400,22700,66300,20500,3900,9200,10200,71300,15200,28600,39600,49400,38000,29300
167.0,6.98,269600,1888138.0,6.98,6.97,6.96,6.95,6.93,6.92,6.91,6.9,6.89,6.88,7.0,7.01,7.02,7.03,7.04,7.05,7.06,7.07,7.08,7.09,400,6700,11400,24400,8600,9400,22700,66300,20500,26600,3900,9200,10200,71300,15200,28600,39600,49400,38000,29300
168.0,6.98,269600,1888138.0,6.99,6.98,6.97,6.96,6.95,6.93,6.92,6.91,6.9,6.89,7.0,7.01,7.02,7.03,7.04,7.05,7.06,7.07,7.08,7.09,400,400,6700,11400,24400,8600,9400,22700,66300,20500,3900,9200,10200,71300,15200,28600,39600,49400,38000,29300
169.0,7.0,273500,1915438.0,7.0,6.99,6.98,6.97,6.96,6.95,6.93,6.92,6.91,6.9,7.01,7.02,7.03,7.04,7.05,7.06,7.07,7.08,7.09,7.1,46200,400,400,6700,11400,24400,8600,9400,22700,66300,9200,10200,71300,15200,28600,39600,49400,38000,29300,83500
170.0,7.0,274900,1925238.0,7.0,6.99,6.98,6.97,6.96,6.95,6.93,6.92,6.91,6.9,7.01,7.02,7.03,7.04,7.05,7.06,7.07,7.08,7.09,7.1,44800,400,800,6700,11400,24400,8600,9400,22700,66300,9300,10200,71300,15200,28600,39600,49400,38000,29300,83500
171.0,7.0,274900,1925238.0,7.0,6.99,6.98,6.97,6.96,6.95,6.93,6.92,6.91,6.9,7.01,7.02,7.03,7.04,7.05,7.06,7.07,7.08,7.09,7.1,44800,400,800,6700,11400,24400,8600,9400,22700,65700,9300,10200,71300,15200,28600,39600,47400,38000,29300,83500
172.0,7.0,274900,1925238.0,7.0,6.99,6.98,6.97,6.96,6.95,6.93,6.92,6.91,6.9,7.01,7.02,7.03,7.04,7.05,7.06,7.07,7.08,7.09,7.1,45400,400,800,7500,11400,24400,8600,9400,22700,65700,9300,10200,71300,15200,28600,39600,47400,38000,29300,83500
173.0,7.0,276300,1935038.0,7.0,6.99,6.98,6.97,6.96,6.95,6.93,6.92,6.91,6.9,7.01,7.02,7.03,7.04,7.05,7.06,7.07,7.08,7.09,7.1,44000,400,800,7500,11400,24400,8600,9400,22700,65700,9300,10200,71300,15200,28600,39600,47400,38000,29300,83500
174.0,7.0,276300,1935038.0,7.0,6.99,6.98,6.97,6.96,6.95,6.93,6.92,6.91,6.9,7.01,7.02,7.03,7.04,7.05,7.06,7.07,7.08,7.09,7.1,44000,1000,800,7500,19300,24400,8600,9400,22700,65700,9300,10200,71300,15200,28600,39600,47400,38000,29300,83500
175.0,7.0,276300,1935038.0,7.0,6.99,6.98,6.97,6.96,6.95,6.93,6.92,6.91,6.9,7.01,7.02,7.03,7.04,7.05,7.06,7.07,7.08,7.09,7.1,44000,1000,800,8500,19300,24400,8600,9400,22700,65700,9300,10200,71300,15200,28600,39600,47400,38000,29300,83500
176.0,7.0,320300,2243038.0,6.99,6.98,6.97,6.96,6.95,6.93,6.92,6.91,6.9,6.89,7.0,7.01,7.02,7.03,7.04,7.05,7.06,7.07,7.08,7.09,2000,400,8500,19300,24400,8600,9400,22700,65700,20500,18500,9300,10200,71300,15200,28600,39600,47400,38000,29300
177.0,6.99,320500,2244436.0,6.99,6.98,6.97,6.96,6.95,6.93,6.92,6.91,6.9,6.89,7.0,7.01,7.02,7.03,7.04,7.05,7.06,7.07,7.08,7.09,1900,400,8500,19300,24400,8600,9400,22700,65700,20500,18500,9300,10200,71300,15200,28600,39600,47400,38000,29300
178.0,6.99,320500,2244436.0,6.99,6.98,6.97,6.96,6.95,6.93,6.92,6.91,6.9,6.89,7.0,7.01,7.02,7.03,7.04,7.05,7.06,7.07,7.08,7.09,1900,400,8500,19300,24400,8600,9400,22700,65700,20500,18500,9300,10200,72100,15200,28600,39600,47400,38000,29300
179.0,7.0,322800,2260536.0,6.99,6.98,6.97,6.96,6.95,6.93,6.92,6.91,6.9,6.89,7.0,7.01,7.02,7.03,7.04,7.05,7.06,7.07,7.08,7.09,1900,400,8500,19300,24400,8600,9400,22700,65700,20500,16200,9300,10200,72100,15200,28600,39600,47400,38000,29300
180.0,7.0,330900,2317235.0,6.99,6.98,6.97,6.96,6.95,6.93,6.92,6.91,6.9,6.89,7.0,7.01,7.02,7.03,7.04,7.05,7.06,7.07,7.08,7.09,1800,400,8500,19300,24400,8600,9400,22700,65700,20500,5600,9300,10200,72100,15200,28600,39600,47400,38000,29300
181.0,7.0,331900,2324232.0,6.99,6.98,6.97,6.96,6.95,6.93,6.92,6.91,6.9,6.89,7.0,7.01,7.02,7.03,7.04,7.05,7.06,7.07,7.08,7.09,1500,400,8500,19300,24400,8600,9400,22700,65700,20500,4900,17100,10200,72100,15200,28600,39600,47400,38000,29300
182.0,7.0,332000,2324932.0,6.99,6.98,6.97,6.96,6.95,6.93,6.92,6.91,6.9,6.89,7.0,7.01,7.02,7.03,7.04,7.05,7.06,7.07,7.08,7.09,1700,400,7700,19300,24400,8600,9400,22700,65700,20500,4900,17000,10200,72100,15200,30600,39600,47400,38000,29300
183.0,6.99,332100,2325631.0,6.99,6.98,6.97,6.96,6.95,6.93,6.92,6.91,6.9,6.89,7.0,7.01,7.02,7.03,7.04,7.05,7.06,7.07,7.08,7.09,1600,400,7700,19300,24400,8600,9400,22700,65700,20500,4900,17000,10200,72100,15200,30600,39600,47400,38000,29300
184.0,6.99,332200,2326330.0,6.99,6.98,6.97,6.96,6.95,6.93,6.92,6.91,6.9,6.89,7.0,7.01,7.02,7.03,7.04,7.05,7.06,7.07,7.08,7.09,1500,400,7700,19300,24400,8600,9400,22700,65700,20500,7200,17000,10200,72100,15200,30600,39600,47400,38000,29300
185.0,6.99,332200,2326330.0,6.99,6.98,6.97,6.96,6.95,6.93,6.92,6.91,6.9,6.89,7.0,7.01,7.02,7.03,7.04,7.05,7.06,7.07,7.08,7.09,1500,400,7700,19300,24400,8600,9400,22700,65700,20500,7200,17000,10200,72100,15200,30600,39600,47400,38000,29300
186.0,6.99,333700,2336815.0,6.98,6.97,6.96,6.95,6.93,6.92,6.91,6.9,6.89,6.88,7.0,7.01,7.02,7.03,7.04,7.05,7.06,7.07,7.08,7.09,400,7700,19300,24400,8600,9400,22700,65700,20500,26600,7200,17000,10200,72100,15200,30600,39600,47400,38000,29300
187.0,6.99,333800,2337514.0,6.98,6.97,6.96,6.95,6.93,6.92,6.91,6.9,6.89,6.88,6.99,7.0,7.01,7.02,7.03,7.04,7.05,7.06,7.07,7.08,500,7700,19300,24400,8600,9400,22700,65700,20500,26600,1800,7200,17000,10200,72100,15000,30600,39600,47400,38000
188.0,6.99,339100,2374591.0,6.99,6.98,6.97,6.96,6.95,6.93,6.92,6.91,6.9,6.89,7.0,7.01,7.02,7.03,7.04,7.05,7.06,7.07,7.08,7.09,4400,1100,7500,19300,24400,8600,9400,22700,65700,20500,4400,17000,10400,72100,15000,30600,39600,47400,38000,29300
189.0,6.99,339100,2374591.0,6.99,6.98,6.97,6.96,6.95,6.93,6.92,6.91,6.9,6.89,7.0,7.01,7.02,7.03,7.04,7.05,7.06,7.07,7.08,7.09,4400,1100,7500,19300,24400,8600,9400,22700,65700,20500,4400,17000,10400,72100,15000,30600,39600,47400,38000,29300
190.0,6.99,339100,2374591.0,6.99,6.98,6.97,6.96,6.95,6.93,6.92,6.91,6.9,6.89,7.0,7.01,7.02,7.03,7.04,7.05,7.06,7.07,7.08,7.09,4400,1100,7500,19300,24400,8600,9400,22700,65700,20500,4400,17000,10400,72100,15000,30600,39600,47400,38000,29300
191.0,6.99,339900,2380183.0,6.99,6.98,6.97,6.96,6.95,6.93,6.92,6.91,6.9,6.89,7.0,7.01,7.02,7.03,7.04,7.05,7.06,7.07,7.08,7.09,3600,1100,7500,19300,24400,8600,9400,22700,65700,20500,5400,17000,10400,72100,15000,30600,39600,47400,38000,29300
192.0,6.99,340600,2385076.0,6.99,6.98,6.97,6.96,6.95,6.93,6.92,6.91,6.9,6.89,7.0,7.01,7.02,7.03,7.04,7.05,7.06,7.07,7.08,7.09,3000,1100,7500,19300,24400,8600,9400,22700,65700,20500,5400,17000,10400,72100,15000,30600,39600,47400,38000,29300
193.0,6.99,340600,2385076.0,6.99,6.98,6.97,6.96,6.95,6.93,6.92,6.91,6.9,6.89,7.0,7.01,7.02,7.03,7.04,7.05,7.06,7.07,7.08,7.09,7900,1100,7500,19300,24400,8600,9400,22700,65700,20500,5400,17000,10400,72100,15000,30600,39600,47400,38000,29300
194.0,6.99,341300,2389969.0,6.99,6.98,6.97,6.96,6.95,6.93,6.92,6.91,6.9,6.89,7.0,7.01,7.02,7.03,7.04,7.05,7.06,7.07,7.08,7.09,7200,1100,7500,19300,24400,8600,9400,22700,65700,20500,5400,17000,10400,72100,15000,30600,39600,47400,38000,29300
195.0,6.99,341300,2389969.0,6.99,6.98,6.97,6.96,6.95,6.93,6.92,6.91,6.9,6.89,7.0,7.01,7.02,7.03,7.04,7.05,7.06,7.07,7.08,7.09,7200,1100,7500,19300,24400,8600,9400,22700,65700,20500,5400,17000,10400,72100,15000,30600,39600,47400,38000,29300
196.0,6.99,341300,2389969.0,6.99,6.98,6.97,6.96,6.95,6.93,6.92,6.91,6.9,6.89,7.0,7.01,7.02,7.03,7.04,7.05,7.06,7.07,7.08,7.09,7200,1100,7500,19300,24400,8600,9400,22700,65700,20500,5400,17000,10400,72100,15000,30600,39600,47400,38000,29300
197.0,6.99,341300,2389969.0,6.99,6.98,6.97,6.96,6.95,6.93,6.92,6.91,6.9,6.89,7.0,7.01,7.02,7.03,7.04,7.05,7.06,7.07,7.08,7.09,7200,1100,7500,19300,24400,8600,9400,22700,65700,20500,5400,17000,10400,72100,15000,30600,39600,47400,38000,29300
198.0,6.99,347200,2431210.0,6.99,6.98,6.97,6.96,6.95,6.93,6.92,6.91,6.9,6.89,7.0,7.01,7.02,7.03,7.04,7.05,7.06,7.07,7.08,7.09,1300,1100,7500,19300,24400,8600,9400,22700,65700,20500,5400,17000,10400,72100,15000,30600,39600,47400,38000,29300
199.0,6.99,347200,2431210.0,6.99,6.98,6.97,6.96,6.95,6.93,6.92,6.91,6.9,6.89,7.0,7.01,7.02,7.03,7.04,7.05,7.06,7.07,7.08,7.09,1300,1100,7500,19300,24400,8600,9400,22700,65700,20500,5400,17000,10400,72100,15000,30600,39600,47400,38000,29300
200.0,6.99,348500,2440297.0,6.98,6.97,6.96,6.95,6.93,6.92,6.91,6.9,6.89,6.88,6.99,7.0,7.01,7.02,7.03,7.04,7.05,7.06,7.07,7.08,1100,7500,19300,24400,8600,9400,22700,65700,20500,26600,1100,6100,17000,10400,72100,15000,30600,39600,47400,38000
201.0,6.98,348600,2440995.0,6.98,6.97,6.96,6.95,6.93,6.92,6.91,6.9,6.89,6.88,6.99,7.0,7.01,7.02,7.03,7.04,7.05,7.06,7.07,7.08,1000,7500,19300,24400,8600,9400,22700,65700,20500,26600,2500,6600,8800,10400,72100,15000,30600,39600,47400,38000
202.0,6.99,348700,2441694.0,6.98,6.97,6.96,6.95,6.93,6.92,6.91,6.9,6.89,6.88,6.99,7.0,7.01,7.02,7.03,7.04,7.05,7.06,7.07,7.08,1000,7500,19600,24400,8600,9400,22700,65700,20500,26600,2400,6600,8800,10400,72100,15000,30600,39600,47400,38000
203.0,6.99,348700,2441694.0,6.98,6.97,6.96,6.95,6.93,6.92,6.91,6.9,6.89,6.88,6.99,7.0,7.01,7.02,7.03,7.04,7.05,7.06,7.07,7.08,1000,7500,19600,24400,8600,9400,22700,65700,20500,26600,2400,6600,8800,10400,72100,15000,30600,39600,47400,38000
204.0,6.98,349000,2443788.0,6.98,6.97,6.96,6.95,6.93,6.92,6.91,6.9,6.89,6.88,6.99,7.0,7.01,7.02,7.03,7.04,7.05,7.06,7.07,7.08,1700,7500,19600,24400,8600,9400,22700,65700,20500,26600,2400,6600,8800,10400,72100,15000,30600,39600,47400,38000
205.0,6.98,349000,2443788.0,6.98,6.97,6.96,6.95,6.93,6.92,6.91,6.9,6.89,6.88,6.99,7.0,7.01,7.02,7.03,7.04,7.05,7.06,7.07,7.08,1700,7500,19600,24400,8600,9400,22700,65700,20500,26600,2400,6600,8800,10400,72100,15000,30600,39600,47400,38000
206.0,6.98,349100,2444486.0,6.98,6.97,6.96,6.95,6.93,6.92,6.91,6.9,6.89,6.88,6.99,7.0,7.01,7.02,7.03,7.04,7.05,7.06,7.07,7.08,1600,7500,19600,24400,8600,9400,22700,65700,20500,26600,2400,8600,8800,10400,72100,15000,30600,39600,47400,38000
207.0,6.98,349200,2445184.0,6.98,6.97,6.96,6.95,6.93,6.92,6.91,6.9,6.89,6.88,6.99,7.0,7.01,7.02,7.03,7.04,7.05,7.06,7.07,7.08,1500,9800,19600,24400,8600,9400,22700,65700,20500,26600,2400,8600,8800,10400,72100,13500,30600,39600,47400,38000
208.0,6.98,349200,2445184.0,6.98,6.97,6.96,6.95,6.93,6.92,6.91,6.9,6.89,6.88,6.99,7.0,7.01,7.02,7.03,7.04,7.05,7.06,7.07,7.08,1500,9800,19600,24400,8600,9400,22700,65700,20500,26600,2400,8600,8800,10400,72100,13500,30600,39600,47400,38000
209.0,6.98,349200,2445184.0,6.98,6.97,6.96,6.95,6.93,6.92,6.91,6.9,6.89,6.88,6.99,7.0,7.01,7.02,7.03,7.04,7.05,7.06,7.07,7.08,1500,9800,19600,23400,8600,9400,22700,65700,20500,26600,2400,8600,8800,10400,72100,13500,30600,39600,47400,38000
210.0,6.98,349300,2445882.0,6.98,6.97,6.96,6.95,6.93,6.92,6.91,6.9,6.89,6.88,6.99,7.0,7.01,7.02,7.03,7.04,7.05,7.06,7.07,7.08,1400,9800,19600,23400,8600,9400,22700,65700,20500,26600,2400,8600,8800,10400,72100,13500,30600,39600,47400,38000
211.0,6.98,349300,2445882.0,6.98,6.97,6.96,6.95,6.93,6.92,6.91,6.9,6.89,6.88,6.99,7.0,7.01,7.02,7.03,7.04,7.05,7.06,7.07,7.08,1400,9800,19600,23400,8600,9400,22700,65700,20500,26600,3100,8600,8800,11900,72100,13500,30600,39600,47400,38000
212.0,6.99,349400,2446581.0,6.98,6.97,6.96,6.95,6.93,6.92,6.91,6.9,6.89,6.88,6.99,7.0,7.01,7.02,7.03,7.04,7.05,7.06,7.07,7.08,1400,9800,19600,23400,8600,9400,22700,65700,20500,26600,3000,8600,8800,11900,72100,13500,30600,39600,47400,38000
213.0,6.98,349500,2447279.0,6.98,6.97,6.96,6.95,6.93,6.92,6.91,6.9,6.89,6.88,6.99,7.0,7.01,7.02,7.03,7.04,7.05,7.06,7.07,7.08,1300,9800,19600,23400,8600,9400,22700,65700,20500,26600,3000,8600,8800,11900,72100,13500,30600,39600,47400,38000
214.0,6.98,349600,2447977.0,6.98,6.97,6.96,6.95,6.93,6.92,6.91,6.9,6.89,6.88,6.99,7.0,7.01,7.02,7.03,7.04,7.05,7.06,7.07,7.08,1200,9800,19600,23400,8600,9400,22700,65700,20500,26600,3000,8600,8800,11900,72100,13500,30600,39600,47400,38000
215.0,6.98,349800,2449373.0,6.98,6.97,6.96,6.95,6.93,6.92,6.91,6.9,6.89,6.88,6.99,7.0,7.01,7.02,7.03,7.04,7.05,7.06,7.07,7.08,1000,9800,19600,23400,8600,9400,22700,65700,20500,26600,3000,8600,8800,11900,72100,13500,30600,39600,47400,38000
216.0,6.99,350700,2455664.0,6.98,6.97,6.96,6.95,6.93,6.92,6.91,6.9,6.89,6.88,6.99,7.0,7.01,7.02,7.03,7.04,7.05,7.06,7.07,7.08,1000,9800,19600,23400,8600,9400,22700,65700,20500,26600,2100,8600,8800,11900,72100,13500,30600,39600,47400,38000
217.0,6.98,350800,2456362.0,6.98,6.97,6.96,6.95,6.93,6.92,6.91,6.9,6.89,6.88,6.99,7.0,7.01,7.02,7.03,7.04,7.05,7.06,7.07,7.08,900,9800,19600,23400,8600,9400,22700,65700,20500,26600,2100,8600,8800,11900,72100,13500,30600,39600,47400,38000
218.0,6.98,350800,2456362.0,6.98,6.97,6.96,6.95,6.93,6.92,6.91,6.9,6.89,6.88,6.99,7.0,7.01,7.02,7.03,7.04,7.05,7.06,7.07,7.08,900,9800,19600,23400,8600,9400,22700,65700,20500,26600,2100,8600,8800,11900,72100,13500,30600,39600,47400,38000
219.0,6.98,350800,2456362.0,6.98,6.97,6.96,6.95,6.93,6.92,6.91,6.9,6.89,6.88,6.99,7.0,7.01,7.02,7.03,7.04,7.05,7.06,7.07,7.08,900,9800,19600,23400,8600,9400,22700,65700,20500,26600,2100,8600,8800,11900,72100,13500,30600,39600,47400,38000
220.0,6.98,350800,2456362.0,6.98,6.97,6.96,6.95,6.93,6.92,6.91,6.9,6.89,6.88,6.99,7.0,7.01,7.02,7.03,7.04,7.05,7.06,7.07,7.08,900,9800,19600,23400,8600,9400,22700,65700,20500,26600,2100,12400,1000,11900,72100,13500,30600,39600,47400,38000
221.0,6.98,350800,2456362.0,6.98,6.97,6.96,6.95,6.93,6.92,6.91,6.9,6.89,6.88,6.99,7.0,7.01,7.02,7.03,7.04,7.05,7.06,7.07,7.08,900,9800,19600,23400,8600,9400,22700,65700,20500,26600,2100,12400,1000,11900,72100,13500,30600,39600,47400,38000
222.0,6.98,350800,2456362.0,6.98,6.97,6.96,6.95,6.93,6.92,6.91,6.9,6.89,6.88,6.99,7.0,7.01,7.02,7.03,7.04,7.05,7.06,7.07,7.08,900,9800,19600,23400,8600,9400,22700,65700,20500,26600,2100,12400,1000,11900,72100,13500,30600,39600,47400,38000
223.0,6.98,350800,2456362.0,6.98,6.97,6.96,6.95,6.93,6.92,6.91,6.9,6.89,6.88,6.99,7.0,7.01,7.02,7.03,7.04,7.05,7.06,7.07,7.08,900,9800,19600,23400,8600,9400,22700,65700,20500,26600,2100,12400,1000,11900,72100,13500,30600,39600,47400,38000
224.0,6.98,350800,2456362.0,6.98,6.97,6.96,6.95,6.93,6.92,6.91,6.9,6.89,6.88,6.99,7.0,7.01,7.02,7.03,7.04,7.05,7.06,7.07,7.08,900,9800,19600,23400,8600,9400,22700,65700,20500,26600,2300,12400,1000,11900,72100,13500,30600,39600,47400,38000
225.0,6.98,350800,2456362.0,6.98,6.97,6.96,6.95,6.93,6.92,6.91,6.9,6.89,6.88,6.99,7.0,7.01,7.02,7.03,7.04,7.05,7.06,7.07,7.08,900,9800,19600,23400,8600,9400,22700,65700,20500,26600,2300,12400,1000,11900,72100,13500,30600,39600,47400,38000
226.0,6.98,350800,2456362.0,6.98,6.97,6.96,6.95,6.93,6.92,6.91,6.9,6.89,6.88,6.99,7.0,7.01,7.02,7.03,7.04,7.05,7.06,7.07,7.08,900,9800,19600,23400,8600,9400,22700,65700,20500,26600,2300,12400,1000,13400,72100,13500,30600,39600,47400,38000
227.0,6.98,351100,2458458.0,6.98,6.97,6.96,6.95,6.93,6.92,6.91,6.9,6.89,6.88,6.99,7.0,7.01,7.02,7.03,7.04,7.05,7.06,7.07,7.08,800,9800,19600,23400,8600,9400,22700,65700,20500,26600,2100,12400,1000,13400,72100,13500,30600,39600,47400,38000
228.0,6.98,351100,2458458.0,6.98,6.97,6.96,6.95,6.93,6.92,6.91,6.9,6.89,6.88,6.99,7.0,7.01,7.02,7.03,7.04,7.05,7.06,7.07,7.08,800,9800,19600,23400,8600,9400,22700,65700,20500,26600,2700,12400,1000,13400,72100,13500,30600,39600,47400,38000
229.0,6.98,351100,2458458.0,6.98,6.97,6.96,6.95,6.93,6.92,6.91,6.9,6.89,6.88,6.99,7.0,7.01,7.02,7.03,7.04,7.05,7.06,7.07,7.08,800,9800,19600,23400,8600,9400,22700,65700,20500,26600,2700,12400,1000,13400,72100,13500,30600,39600,47400,38000
230.0,6.99,351300,2459856.0,6.98,6.97,6.96,6.95,6.93,6.92,6.91,6.9,6.89,6.88,6.99,7.0,7.01,7.02,7.03,7.04,7.05,7.06,7.07,7.08,800,9800,19600,23400,8600,9400,22700,65700,20500,26600,2800,12400,1000,13400,72100,13500,30600,39600,47400,38000
231.0,6.99,351300,2459856.0,6.98,6.97,6.96,6.95,6.93,6.92,6.91,6.9,6.89,6.88,6.99,7.0,7.01,7.02,7.03,7.04,7.05,7.06,7.07,7.08,800,9800,19600,23400,8600,9400,22700,65700,20500,26600,2800,12400,1000,13400,72100,13500,30600,39600,47400,38000
232.0,6.99,351300,2459856.0,6.98,6.97,6.96,6.95,6.93,6.92,6.91,6.9,6.89,6.88,6.99,7.0,7.01,7.02,7.03,7.04,7.05,7.06,7.07,7.08,800,9800,19600,23400,8600,9400,22700,65700,20500,26600,2800,12400,1000,13400,72100,13500,30600,39600,47400,38000
233.0,6.99,351300,2459856.0,6.98,6.97,6.96,6.95,6.93,6.92,6.91,6.9,6.89,6.88,6.99,7.0,7.01,7.02,7.03,7.04,7.05,7.06,7.07,7.08,800,9800,19600,23400,8600,9400,22700,65700,20500,26600,2900,12400,1000,13400,72100,13500,30600,39600,47400,38000
234.0,6.99,351500,2461254.0,6.98,6.97,6.96,6.95,6.93,6.92,6.91,6.9,6.89,6.88,6.99,7.0,7.01,7.02,7.03,7.04,7.05,7.06,7.07,7.08,800,9800,19600,23400,8600,9400,22700,65700,20500,26600,2700,12400,1000,13400,72100,13500,30600,39600,47400,38000
235.0,6.99,351500,2461254.0,6.98,6.97,6.96,6.95,6.93,6.92,6.91,6.9,6.89,6.88,6.99,7.0,7.01,7.02,7.03,7.04,7.05,7.06,7.07,7.08,2800,9800,19600,23400,8600,9400,22700,65700,20500,26600,2700,12400,1000,13400,72100,13500,30600,39600,47400,38000
236.0,6.99,351500,2461254.0,6.98,6.97,6.96,6.95,6.93,6.92,6.91,6.9,6.89,6.88,6.99,7.0,7.01,7.02,7.03,7.04,7.05,7.06,7.07,7.08,2800,9800,19600,23400,8600,9400,22700,65700,20500,26600,2800,12400,1000,13400,72100,13500,30600,39600,47400,38000
237.0,6.99,351700,2462652.0,6.98,6.97,6.96,6.95,6.93,6.92,6.91,6.9,6.89,6.88,6.99,7.0,7.01,7.02,7.03,7.04,7.05,7.06,7.07,7.08,2800,9800,19600,23400,8600,9400,22700,65700,20500,26600,2600,12400,1000,13400,72100,13500,30600,39600,47400,38000
238.0,6.99,351700,2462652.0,6.98,6.97,6.96,6.95,6.93,6.92,6.91,6.9,6.89,6.88,6.99,7.0,7.01,7.02,7.03,7.04,7.05,7.06,7.07,7.08,2800,9800,19600,23400,8600,9400,22700,65700,20500,26600,2600,12400,1000,13400,72100,13500,30600,39600,47400,38000
239.0,6.99,371800,2602946.0,6.98,6.97,6.96,6.95,6.93,6.92,6.91,6.9,6.89,6.88,6.99,7.0,7.01,7.02,7.03,7.04,7.05,7.06,7.07,7.08,1100,9300,19600,23400,8600,9400,22700,65700,20500,26600,6400,12400,1000,13400,72100,13500,30600,39600,47400,38000
240.0,6.99,376000,2632304.0,6.98,6.97,6.96,6.95,6.93,6.92,6.91,6.9,6.89,6.88,6.99,7.0,7.01,7.02,7.03,7.04,7.05,7.06,7.07,7.08,1100,9300,19600,23400,8600,9400,22700,65700,20500,26600,2400,12400,1000,13400,72100,13500,30600,39600,47400,38000
241.0,6.99,376200,2633702.0,6.98,6.97,6.96,6.95,6.93,6.92,6.91,6.9,6.89,6.88,6.99,7.0,7.01,7.02,7.03,7.04,7.05,7.06,7.07,7.08,1100,9300,19600,23400,8600,9400,22700,65700,20500,26600,2200,12400,1000,13400,72100,13500,30600,39600,47400,38000
242.0,6.99,376800,2637896.0,6.98,6.97,6.96,6.95,6.93,6.92,6.91,6.9,6.89,6.88,6.99,7.0,7.01,7.02,7.03,7.04,7.05,7.06,7.07,7.08,1100,9300,19600,23400,8600,9400,22700,65700,20500,26600,1900,12400,1000,13400,72100,13500,30600,39600,47400,38000
243.0,6.98,376900,2638594.0,6.98,6.97,6.96,6.95,6.93,6.92,6.91,6.9,6.89,6.88,6.99,7.0,7.01,7.02,7.03,7.04,7.05,7.06,7.07,7.08,1000,9300,19600,23400,8600,9400,22700,65700,20500,26600,1900,12400,1000,13400,72100,13500,30600,39600,47400,38000
244.0,6.99,378800,2651875.0,6.99,6.98,6.97,6.96,6.95,6.93,6.92,6.91,6.9,6.89,7.0,7.01,7.02,7.03,7.04,7.05,7.06,7.07,7.08,7.09,1100,700,9300,19600,23400,8600,9400,22700,65700,20500,17400,1000,13400,72100,13500,30600,39600,47400,38000,29300
245.0,6.99,380100,2660964.0,6.98,6.97,6.96,6.95,6.93,6.92,6.91,6.9,6.89,6.88,6.99,7.0,7.01,7.02,7.03,7.04,7.05,7.06,7.07,7.08,1100,9300,19600,23400,8600,9400,22700,65700,20500,26600,2900,17200,1000,13400,72100,13500,30600,39600,47400,38000
246.0,6.99,380100,2660964.0,6.98,6.97,6.96,6.95,6.93,6.92,6.91,6.9,6.89,6.88,6.99,7.0,7.01,7.02,7.03,7.04,7.05,7.06,7.07,7.08,1100,9300,19600,23400,8600,9400,22700,65700,20500,26600,2900,16200,1000,13400,72100,13500,30600,39600,47400,38000
247.0,6.99,380300,2662362.0,6.98,6.97,6.96,6.95,6.93,6.92,6.91,6.9,6.89,6.88,6.99,7.0,7.01,7.02,7.03,7.04,7.05,7.06,7.07,7.08,1100,9300,19600,23400,8600,9400,22700,65700,20500,26600,2700,16200,1000,13400,72100,13500,30600,39600,47400,38000
248.0,6.99,381200,2668653.0,6.98,6.97,6.96,6.95,6.93,6.92,6.91,6.9,6.89,6.88,6.99,7.0,7.01,7.02,7.03,7.04,7.05,7.06,7.07,7.08,1300,9300,19600,23400,8600,9400,22700,65700,20500,26600,1800,16200,1000,13400,72100,13500,30600,39600,47400,38000
249.0,6.99,386300,2704302.0,6.98,6.97,6.96,6.95,6.93,6.92,6.91,6.9,6.89,6.88,6.99,7.0,7.01,7.02,7.03,7.04,7.05,7.06,7.07,7.08,1300,9300,19600,23400,8600,9400,22700,65700,20500,26600,1200,16200,1000,13400,72100,13500,30600,39600,47400,38000
250.0,6.98,391500,2740680.0,6.98,6.97,6.96,6.95,6.93,6.92,6.91,6.9,6.89,6.88,6.99,7.0,7.01,7.02,7.03,7.04,7.05,7.06,7.07,7.08,800,9300,19600,23400,8600,9400,22700,65700,20500,26600,800,12700,1000,13400,72100,13500,30600,39600,47400,38000
251.0,6.98,392300,2746264.0,6.97,6.96,6.95,6.93,6.92,6.91,6.9,6.89,6.88,6.87,6.98,6.99,7.0,7.01,7.02,7.03,7.04,7.05,7.06,7.07,9300,19600,23400,8600,9400,22700,65700,20500,26600,23500,100,400,15100,1000,13400,72100,13500,30600,39600,47400
252.0,6.98,392300,2746264.0,6.97,6.96,6.95,6.93,6.92,6.91,6.9,6.89,6.88,6.87,6.98,6.99,7.0,7.01,7.02,7.03,7.04,7.05,7.06,7.07,9300,11700,23400,8600,8600,22700,65700,20500,26600,23500,100,400,15100,1000,13400,72100,13500,30600,39600,47400
253.0,6.98,392400,2746962.0,6.98,6.97,6.96,6.95,6.93,6.92,6.91,6.9,6.89,6.88,6.99,7.0,7.01,7.02,7.03,7.04,7.05,7.06,7.07,7.08,400,9300,17600,23400,8600,8600,22700,65700,20500,26600,2400,15100,1000,13400,72100,13500,30600,39600,47400,38000
254.0,6.99,392600,2748360.0,6.98,6.97,6.96,6.95,6.93,6.92,6.91,6.9,6.89,6.88,6.99,7.0,7.01,7.02,7.03,7.04,7.05,7.06,7.07,7.08,400,9300,17600,23400,8600,8600,22700,65700,20500,26600,2200,15100,1000,13400,72100,13500,30600,39600,47400,38000
255.0,6.99,392600,2748360.0,6.98,6.97,6.96,6.95,6.93,6.92,6.91,6.9,6.89,6.88,6.99,7.0,7.01,7.02,7.03,7.04,7.05,7.06,7.07,7.08,400,9300,17600,26400,8600,8600,22700,65700,20500,26600,2200,15100,1000,13400,72100,13500,30600,39600,47400,38000
256.0,6.99,392600,2748360.0,6.98,6.97,6.96,6.95,6.93,6.92,6.91,6.9,6.89,6.88,6.99,7.0,7.01,7.02,7.03,7.04,7.05,7.06,7.07,7.08,800,9300,17600,26400,8600,8600,22700,65700,20500,26600,2200,15100,1000,13400,72100,13500,30600,39600,47400,38000
257.0,6.99,392800,2749758.0,6.98,6.97,6.96,6.95,6.93,6.92,6.91,6.9,6.89,6.88,6.99,7.0,7.01,7.02,7.03,7.04,7.05,7.06,7.07,7.08,800,9300,11700,26400,8600,8600,22700,65700,20500,26600,2000,15100,1000,13400,72100,13500,30600,39600,47400,38000
258.0,6.98,393600,2755342.0,6.97,6.96,6.95,6.93,6.92,6.91,6.9,6.89,6.88,6.87,6.98,6.99,7.0,7.01,7.02,7.03,7.04,7.05,7.06,7.07,9300,11700,26400,8600,8600,22700,65700,20500,26600,23500,1200,2000,15100,1000,13400,72100,13500,30600,39600,47400
259.0,6.98,394600,2762322.0,6.97,6.96,6.95,6.93,6.92,6.91,6.9,6.89,6.88,6.87,6.98,6.99,7.0,7.01,7.02,7.03,7.04,7.05,7.06,7.07,9300,11700,26400,8600,8600,22700,65700,20500,26600,23500,200,2000,15100,1000,13400,72100,13500,30600,39600,47400
260.0,6.98,394800,2763718.0,6.98,6.97,6.96,6.95,6.93,6.92,6.91,6.9,6.89,6.88,6.99,7.0,7.01,7.02,7.03,7.04,7.05,7.06,7.07,7.08,200,9300,11700,26400,8600,8600,22700,65700,20500,26600,2000,15100,1000,13400,72100,13500,30600,39600,47400,38000
261.0,6.98,394800,2763718.0,6.98,6.97,6.96,6.95,6.93,6.92,6.91,6.9,6.89,6.88,6.99,7.0,7.01,7.02,7.03,7.04,7.05,7.06,7.07,7.08,200,9300,11700,26400,8600,8600,22700,65700,20500,26600,2000,15100,1000,13400,72100,13500,30600,39600,47400,38000
262.0,6.98,394800,2763718.0,6.98,6.97,6.96,6.95,6.93,6.92,6.91,6.9,6.89,6.88,6.99,7.0,7.01,7.02,7.03,7.04,7.05,7.06,7.07,7.08,200,9300,11700,26400,8600,8600,22700,65700,20500,26600,2000,15100,1000,13400,72100,13500,30600,39600,47400,38000
263.0,6.99,395600,2769310.0,6.98,6.97,6.96,6.95,6.93,6.92,6.91,6.9,6.89,6.88,6.99,7.0,7.01,7.02,7.03,7.04,7.05,7.06,7.07,7.08,200,9300,11700,26400,8600,8600,22700,65700,20500,26600,1200,15100,1000,13400,72100,13500,30600,39600,47400,38000
264.0,6.99,395600,2769310.0,6.98,6.97,6.96,6.95,6.93,6.92,6.91,6.9,6.89,6.88,6.99,7.0,7.01,7.02,7.03,7.04,7.05,7.06,7.07,7.08,200,9300,11700,26400,14600,8600,22700,65700,20500,26600,1200,15100,1000,13400,72100,13500,30600,39600,47400,38000
265.0,6.99,395600,2769310.0,6.98,6.97,6.96,6.95,6.93,6.92,6.91,6.9,6.89,6.88,6.99,7.0,7.01,7.02,7.03,7.04,7.05,7.06,7.07,7.08,200,9300,11700,26400,14600,8600,22700,65700,20500,26600,1200,15100,1000,13400,72100,13500,30600,39600,47400,38000
266.0,6.99,396100,2772805.0,6.98,6.97,6.96,6.95,6.93,6.92,6.91,6.9,6.89,6.88,6.99,7.0,7.01,7.02,7.03,7.04,7.05,7.06,7.07,7.08,200,9300,11700,28300,14600,8600,22700,65700,20500,26600,2200,15100,1000,13400,72100,13500,30600,39600,47400,38000
267.0,6.99,396400,2774902.0,6.98,6.97,6.96,6.95,6.93,6.92,6.91,6.9,6.89,6.88,6.99,7.0,7.01,7.02,7.03,7.04,7.05,7.06,7.07,7.08,200,9300,11700,28300,14600,8600,22700,65700,20500,26600,1900,15100,1000,13400,72100,13500,30600,39600,47400,38000
268.0,6.99,396400,2774902.0,6.98,6.97,6.96,6.95,6.93,6.92,6.91,6.9,6.89,6.88,6.99,7.0,7.01,7.02,7.03,7.04,7.05,7.06,7.07,7.08,200,9300,11700,28300,14600,8600,22700,65700,20500,26600,1900,15100,1000,13400,72100,13500,30600,39600,47400,38000
269.0,6.99,396400,2774902.0,6.98,6.97,6.96,6.95,6.93,6.92,6.91,6.9,6.89,6.88,6.99,7.0,7.01,7.02,7.03,7.04,7.05,7.06,7.07,7.08,200,9300,11700,28300,14600,8600,22700,65700,20500,26600,1900,15100,1000,13400,72100,13500,30600,39600,47400,38000
270.0,6.99,396500,2775601.0,6.98,6.97,6.96,6.95,6.93,6.92,6.91,6.9,6.89,6.88,6.99,7.0,7.01,7.02,7.03,7.04,7.05,7.06,7.07,7.08,800,9300,11700,28300,20600,8600,22700,65700,20500,26600,1800,15100,1000,13400,72100,13500,30600,39600,47400,38000
271.0,6.99,396500,2775601.0,6.98,6.97,6.96,6.95,6.93,6.92,6.91,6.9,6.89,6.88,6.99,7.0,7.01,7.02,7.03,7.04,7.05,7.06,7.07,7.08,800,9300,11700,28300,20600,8600,22700,65700,20500,26600,1800,15100,1000,13400,72100,13500,30600,39600,47400,38000
272.0,6.99,396500,2775601.0,6.98,6.97,6.96,6.95,6.93,6.92,6.91,6.9,6.89,6.88,6.99,7.0,7.01,7.02,7.03,7.04,7.05,7.06,7.07,7.08,800,9300,11700,28300,20600,8600,22700,65700,20500,26600,1800,15100,1000,13400,72100,13500,30600,39600,47400,38000
273.0,6.99,396600,2776300.0,6.98,6.97,6.96,6.95,6.93,6.92,6.91,6.9,6.89,6.88,6.99,7.0,7.01,7.02,7.03,7.04,7.05,7.06,7.07,7.08,800,9300,11700,28300,20600,8600,22700,65700,20500,26600,1700,15100,1000,13400,72100,13500,30600,39600,47400,38000
274.0,6.99,396900,2778397.0,6.98,6.97,6.96,6.95,6.93,6.92,6.91,6.9,6.89,6.88,6.99,7.0,7.01,7.02,7.03,7.04,7.05,7.06,7.07,7.08,800,9300,11700,28300,20600,8600,22700,65700,20500,26600,1400,15100,1000,13400,72100,13500,30600,39600,47400,38000
275.0,6.98,397700,2783981.0,6.97,6.96,6.95,6.93,6.92,6.91,6.9,6.89,6.88,6.87,6.99,7.0,7.01,7.02,7.03,7.04,7.05,7.06,7.07,7.08,9300,11700,28300,20600,8600,22700,65700,20500,26600,23500,1400,15100,1000,13400,72100,13500,30600,39600,47400,38000
276.0,6.99,398300,2788175.0,6.97,6.96,6.95,6.93,6.92,6.91,6.9,6.89,6.88,6.87,6.99,7.0,7.01,7.02,7.03,7.04,7.05,7.06,7.07,7.08,9300,11700,28300,20600,8600,22700,65700,20500,26600,23500,800,15100,1000,13400,97100,13500,30600,39600,47400,38000
277.0,6.99,398300,2788175.0,6.97,6.96,6.95,6.93,6.92,6.91,6.9,6.89,6.88,6.87,6.99,7.0,7.01,7.02,7.03,7.04,7.05,7.06,7.07,7.08,9600,11700,28300,20600,8600,22700,65700,20500,26600,23500,1100,15100,1000,13400,97100,13500,30600,39600,47400,38000
278.0,6.99,398300,2788175.0,6.98,6.97,6.96,6.95,6.93,6.92,6.91,6.9,6.89,6.88,6.99,7.0,7.01,7.02,7.03,7.04,7.05,7.06,7.07,7.08,1800,10400,11700,28300,20600,8600,22700,65700,20500,26600,1900,15100,1000,13400,97100,13500,30600,39600,47400,38000
279.0,6.98,399100,2793763.0,6.98,6.97,6.96,6.95,6.93,6.92,6.91,6.9,6.89,6.88,6.99,7.0,7.01,7.02,7.03,7.04,7.05,7.06,7.07,7.08,1400,10400,11700,28300,20600,8600,22700,65700,20500,26600,1500,15100,1000,13400,97100,13500,30600,39600,47400,38000
280.0,6.99,399800,2798656.0,6.98,6.97,6.96,6.95,6.93,6.92,6.91,6.9,6.89,6.88,6.99,7.0,7.01,7.02,7.03,7.04,7.05,7.06,7.07,7.08,1500,10400,11700,28300,20600,8600,22700,65700,20500,26600,1400,15100,1000,13400,97100,13500,30600,39600,47400,38000
281.0,6.99,399800,2798656.0,6.98,6.97,6.96,6.95,6.93,6.92,6.91,6.9,6.89,6.88,6.99,7.0,7.01,7.02,7.03,7.04,7.05,7.06,7.07,7.08,1500,10400,11700,28300,20600,8600,22700,65700,20500,26600,3700,15100,1000,13400,97100,13500,30600,39600,47400,38000
282.0,6.99,399800,2798656.0,6.98,6.97,6.96,6.95,6.93,6.92,6.91,6.9,6.89,6.88,6.99,7.0,7.01,7.02,7.03,7.04,7.05,7.06,7.07,7.08,1500,10400,11700,28300,20600,8600,22700,65700,20500,26600,3700,15100,1000,13400,97100,13500,30600,39600,47400,38000
283.0,6.99,400100,2800753.0,6.98,6.97,6.96,6.95,6.93,6.92,6.91,6.9,6.89,6.88,6.99,7.0,7.01,7.02,7.03,7.04,7.05,7.06,7.07,7.08,1500,10400,11700,28300,20600,8600,22700,65700,20500,26600,3400,15100,1000,13400,97100,13500,30600,39600,47400,38000
284.0,6.98,401100,2807733.0,6.98,6.97,6.96,6.95,6.93,6.92,6.91,6.9,6.89,6.88,6.99,7.0,7.01,7.02,7.03,7.04,7.05,7.06,7.07,7.08,100,10400,11700,28300,20600,8600,22700,65700,20500,26600,3400,15100,1000,13400,97100,13500,30600,39600,47400,38000
285.0,6.99,401700,2811927.0,6.98,6.97,6.96,6.95,6.93,6.92,6.91,6.9,6.89,6.88,6.99,7.0,7.01,7.02,7.03,7.04,7.05,7.06,7.07,7.08,100,10400,11700,28300,20600,8600,22700,65700,20500,26600,2800,15100,1000,13400,97100,13500,30600,39600,47400,38000
286.0,6.98,402000,2814023.0,6.97,6.96,6.95,6.93,6.92,6.91,6.9,6.89,6.88,6.87,6.98,6.99,7.0,7.01,7.02,7.03,7.04,7.05,7.06,7.07,10400,11700,28300,20600,8600,22700,65700,20500,26600,23500,2200,2600,15100,1000,13400,97100,13500,30600,39600,47400
287.0,6.98,404700,2832859.0,6.97,6.96,6.95,6.93,6.92,6.91,6.9,6.89,6.88,6.87,6.98,6.99,7.0,7.01,7.02,7.03,7.04,7.05,7.06,7.07,9400,7400,28300,20600,8600,22700,65700,20500,26600,23500,500,2600,15100,1000,13400,97100,13500,30600,39600,47400
288.0,6.98,404700,2832859.0,6.97,6.96,6.95,6.93,6.92,6.91,6.9,6.89,6.88,6.87,6.98,6.99,7.0,7.01,7.02,7.03,7.04,7.05,7.06,7.07,9400,7400,28300,20600,8600,22700,65700,20500,26600,23500,500,2600,15100,1000,13400,97100,13500,30600,39600,47400
289.0,6.98,404700,2832859.0,6.97,6.96,6.95,6.93,6.92,6.91,6.9,6.89,6.88,6.87,6.98,6.99,7.0,7.01,7.02,7.03,7.04,7.05,7.06,7.07,9400,7400,28300,20600,8600,22700,65700,20500,26600,23500,1200,18100,15100,1000,13400,97100,13500,30600,39600,47400
290.0,6.98,406300,2844027.0,6.97,6.96,6.95,6.93,6.92,6.91,6.9,6.89,6.88,6.87,6.98,6.99,7.0,7.01,7.02,7.03,7.04,7.05,7.06,7.07,9400,7400,28300,20600,8600,22700,65700,20500,26600,23500,2700,18100,15100,1000,13400,97100,13500,30600,39600,47400
291.0,6.98,406300,2844027.0,6.97,6.96,6.95,6.93,6.92,6.91,6.9,6.89,6.88,6.87,6.98,6.99,7.0,7.01,7.02,7.03,7.04,7.05,7.06,7.07,9400,7400,28300,20600,8600,22700,65700,20500,26600,23500,2700,18100,15100,1000,13400,97100,13500,30600,39600,47400
292.0,6.98,406300,2844027.0,6.97,6.96,6.95,6.93,6.92,6.91,6.9,6.89,6.88,6.87,6.98,6.99,7.0,7.01,7.02,7.03,7.04,7.05,7.06,7.07,9400,7400,28300,20600,8600,22700,65700,20500,26600,23500,2700,18100,15100,1000,13400,97100,13500,30600,39600,47400
293.0,6.98,406500,2845423.0,6.97,6.96,6.95,6.93,6.92,6.91,6.9,6.89,6.88,6.87,6.98,6.99,7.0,7.01,7.02,7.03,7.04,7.05,7.06,7.07,9400,7400,28300,20600,8600,22700,65900,20500,26600,23500,2500,18100,15100,1000,13400,97100,13500,30600,39600,47400
294.0,6.98,406500,2845423.0,6.97,6.96,6.95,6.93,6.92,6.91,6.9,6.89,6.88,6.87,6.98,6.99,7.0,7.01,7.02,7.03,7.04,7.05,7.06,7.07,9400,7400,28300,20600,8600,22700,65900,20500,26600,23500,900,18100,15100,1000,13400,97100,13500,30600,39600,47400
295.0,6.98,406500,2845423.0,6.97,6.96,6.95,6.93,6.92,6.91,6.9,6.89,6.88,6.87,6.98,6.99,7.0,7.01,7.02,7.03,7.04,7.05,7.06,7.07,9400,7400,28300,20600,8600,22700,65900,20500,26600,23500,900,18100,17100,1000,13400,97100,13500,30600,39600,47400
296.0,6.98,406500,2845423.0,6.97,6.96,6.95,6.93,6.92,6.91,6.9,6.89,6.88,6.87,6.98,6.99,7.0,7.01,7.02,7.03,7.04,7.05,7.06,7.07,9400,7400,28300,20600,8600,22700,65900,20500,26600,23500,900,18100,17100,1000,13400,97100,13500,30600,39600,47400
297.0,6.98,406600,2846121.0,6.97,6.96,6.95,6.93,6.92,6.91,6.9,6.89,6.88,6.87,6.98,6.99,7.0,7.01,7.02,7.03,7.04,7.05,7.06,7.07,9400,7400,28300,20600,8600,22700,65900,20500,26600,23500,800,18100,17100,1000,13400,97100,13500,30600,39600,47400
298.0,6.98,406600,2846121.0,6.97,6.96,6.95,6.93,6.92,6.91,6.9,6.89,6.88,6.87,6.98,6.99,7.0,7.01,7.02,7.03,7.04,7.05,7.06,7.07,9400,7400,28300,20600,8600,22700,65900,20500,26600,23500,800,18100,17100,1000,13400,97100,13500,30600,39600,47400
299.0,6.98,406600,2846121.0,6.97,6.96,6.95,6.93,6.92,6.91,6.9,6.89,6.88,6.87,6.98,6.99,7.0,7.01,7.02,7.03,7.04,7.05,7.06,7.07,9400,7400,28300,20600,8600,22700,65900,20500,26600,23500,800,18100,17100,1000,13400,97100,13500,30600,39600,47400
300.0,6.97,417700,2923488.0,6.97,6.96,6.95,6.93,6.92,6.91,6.9,6.89,6.88,6.87,6.98,6.99,7.0,7.01,7.02,7.03,7.04,7.05,7.06,7.07,2000,7600,28300,20600,8600,22700,65900,20500,26600,23500,800,15500,17100,1000,13400,97100,13500,30600,39600,47400
301.0,6.97,417700,2923488.0,6.97,6.96,6.95,6.93,6.92,6.91,6.9,6.89,6.88,6.87,6.98,6.99,7.0,7.01,7.02,7.03,7.04,7.05,7.06,7.07,2400,7400,28300,20600,8600,22700,65900,20500,26600,23500,2800,15500,17100,1000,13400,97100,13500,30600,39600,47400
302.0,6.97,417900,2924882.0,6.97,6.96,6.95,6.93,6.92,6.91,6.9,6.89,6.88,6.87,6.98,6.99,7.0,7.01,7.02,7.03,7.04,7.05,7.06,7.07,2800,7600,28300,20600,8600,22700,65900,20500,26600,23500,2800,15500,17100,1000,13400,97100,13500,30600,39600,47400
303.0,6.98,418100,2926278.0,6.97,6.96,6.95,6.93,6.92,6.91,6.9,6.89,6.88,6.87,6.98,6.99,7.0,7.01,7.02,7.03,7.04,7.05,7.06,7.07,2800,7600,28300,20600,8600,22700,65900,20500,26600,23500,2600,15500,17100,1000,13400,97100,13500,30600,39600,47400
304.0,6.98,418100,2926278.0,6.97,6.96,6.95,6.93,6.92,6.91,6.9,6.89,6.88,6.87,6.98,6.99,7.0,7.01,7.02,7.03,7.04,7.05,7.06,7.07,2100,7600,28300,20600,8600,22700,65900,20500,26600,23500,2600,15500,17100,1000,13400,97100,13500,30600,39600,47400
305.0,6.98,418900,2931862.0,6.97,6.96,6.95,6.93,6.92,6.91,6.9,6.89,6.88,6.87,6.98,6.99,7.0,7.01,7.02,7.03,7.04,7.05,7.06,7.07,1400,7600,28300,20600,8600,22700,65900,20500,26600,23500,1800,15500,17100,1000,13400,97100,13500,30600,39600,47400
306.0,6.98,420600,2943728.0,6.97,6.96,6.95,6.93,6.92,6.91,6.9,6.89,6.88,6.87,6.98,6.99,7.0,7.01,7.02,7.03,7.04,7.05,7.06,7.07,2200,7600,27800,20600,8600,22700,65900,20500,26600,23500,100,15500,17100,1000,13400,97100,13500,30600,39600,47400
307.0,6.98,420700,2944426.0,6.98,6.97,6.96,6.95,6.93,6.92,6.91,6.9,6.89,6.88,6.99,7.0,7.01,7.02,7.03,7.04,7.05,7.06,7.07,7.08,2200,1600,7600,27800,20600,8600,22700,65900,20500,26600,15500,17100,1000,13400,97100,13500,30600,39600,47400,38000
308.0,6.97,423200,2961873.0,6.97,6.96,6.95,6.93,6.92,6.91,6.9,6.89,6.88,6.87,6.99,7.0,7.01,7.02,7.03,7.04,7.05,7.06,7.07,7.08,1300,8100,28800,20600,8600,22700,65900,20500,26600,23500,15500,17100,1000,13400,97100,13500,30600,39600,47400,38000
309.0,6.97,426100,2982142.0,6.97,6.96,6.95,6.93,6.92,6.91,6.9,6.89,6.88,6.87,6.99,7.0,7.01,7.02,7.03,7.04,7.05,7.06,7.07,7.08,1800,8200,28800,20600,8600,22700,65900,20500,26600,23500,13300,17100,1000,13400,97100,13500,30600,39600,47400,38000
310.0,6.99,427600,2992627.0,6.97,6.96,6.95,6.93,6.92,6.91,6.9,6.89,6.88,6.87,6.99,7.0,7.01,7.02,7.03,7.04,7.05,7.06,7.07,7.08,2400,9000,28800,20600,8600,22700,65900,20500,26600,23500,12400,17100,1000,13400,97100,13500,30900,39600,47400,38000
311.0,6.99,427600,2992627.0,6.97,6.96,6.95,6.93,6.92,6.91,6.9,6.89,6.88,6.87,6.99,7.0,7.01,7.02,7.03,7.04,7.05,7.06,7.07,7.08,2700,9000,28800,20600,8600,22700,65900,20500,26600,23500,12700,17100,1000,13400,97100,13500,30900,39600,47400,38000
312.0,6.97,430500,3012840.0,6.97,6.96,6.95,6.93,6.92,6.91,6.9,6.89,6.88,6.87,6.98,6.99,7.0,7.01,7.02,7.03,7.04,7.05,7.06,7.07,4900,8600,28800,20600,8600,22700,65900,20500,26600,23500,10400,13600,17100,1000,13400,97100,13500,30900,39600,47400
313.0,6.98,436500,3054720.0,6.97,6.96,6.95,6.93,6.92,6.91,6.9,6.89,6.88,6.87,6.98,6.99,7.0,7.01,7.02,7.03,7.04,7.05,7.06,7.07,4900,8600,28800,20600,8600,22700,65900,20500,26600,23500,4500,13800,17100,1000,13400,97100,13500,30900,39600,47400
314.0,6.97,437000,3058209.0,6.97,6.96,6.95,6.93,6.92,6.91,6.9,6.89,6.88,6.87,6.98,6.99,7.0,7.01,7.02,7.03,7.04,7.05,7.06,7.07,3700,8600,28800,20600,8600,22700,65900,20500,26600,23500,4200,14800,17100,1000,13400,97100,13500,30900,39600,47400
315.0,6.97,437200,3059603.0,6.97,6.96,6.95,6.93,6.92,6.91,6.9,6.89,6.88,6.87,6.98,6.99,7.0,7.01,7.02,7.03,7.04,7.05,7.06,7.07,3500,8600,28800,20600,8600,22700,65900,20500,26600,23500,4200,14800,17100,1000,13400,97100,13500,30900,39600,47400
316.0,6.97,437200,3059603.0,6.97,6.96,6.95,6.93,6.92,6.91,6.9,6.89,6.88,6.87,6.98,6.99,7.0,7.01,7.02,7.03,7.04,7.05,7.06,7.07,3500,8600,28800,20600,8600,22700,65900,20500,26600,23500,4300,14800,17100,6800,13400,97100,13500,30900,39600,47400
317.0,6.98,437900,3064486.0,6.97,6.96,6.95,6.93,6.92,6.91,6.9,6.89,6.88,6.87,6.98,6.99,7.0,7.01,7.02,7.03,7.04,7.05,7.06,7.07,3400,8600,28800,20600,8600,22700,65900,20500,26600,23500,3900,14800,17100,6800,13400,97100,13500,30900,39600,47400
318.0,6.98,437900,3064486.0,6.97,6.96,6.95,6.93,6.92,6.91,6.9,6.89,6.88,6.87,6.98,6.99,7.0,7.01,7.02,7.03,7.04,7.05,7.06,7.07,3400,8600,28800,20600,8600,22700,65900,20500,26600,23500,3900,14800,17100,6800,13400,97100,13500,30900,39600,47400
319.0,6.98,437900,3064486.0,6.97,6.96,6.95,6.93,6.92,6.91,6.9,6.89,6.88,6.87,6.98,6.99,7.0,7.01,7.02,7.03,7.04,7.05,7.06,7.07,3400,8600,28800,20600,8600,22700,65900,20500,26600,23500,3900,14800,17100,6800,13400,97100,11700,30900,39600,47400
320.0,6.98,438200,3066580.0,6.97,6.96,6.95,6.93,6.92,6.91,6.9,6.89,6.88,6.87,6.98,6.99,7.0,7.01,7.02,7.03,7.04,7.05,7.06,7.07,4000,8600,28800,20600,8600,22700,65900,20500,26600,23500,3600,14800,17100,6800,13400,97100,11700,30900,39600,47400
321.0,6.98,438900,3071466.0,6.97,6.96,6.95,6.93,6.92,6.91,6.9,6.89,6.88,6.87,6.98,6.99,7.0,7.01,7.02,7.03,7.04,7.05,7.06,7.07,4000,8600,28800,20600,8600,22700,65900,20500,26600,23500,2900,3600,17100,6800,13400,97100,11700,30900,39600,47400
322.0,6.98,438900,3071466.0,6.97,6.96,6.95,6.93,6.92,6.91,6.9,6.89,6.88,6.87,6.98,6.99,7.0,7.01,7.02,7.03,7.04,7.05,7.06,7.07,4000,8600,28800,20600,8600,22700,65900,20500,26600,23500,300,3600,17100,6800,13400,97100,11700,30900,39600,47400
323.0,6.98,438900,3071466.0,6.97,6.96,6.95,6.93,6.92,6.91,6.9,6.89,6.88,6.87,6.98,6.99,7.0,7.01,7.02,7.03,7.04,7.05,7.06,7.07,4000,8600,28800,20600,8600,22700,65900,20500,26600,23500,300,3600,17100,6800,13400,97100,11700,30900,39600,47400
324.0,6.97,439300,3074254.0,6.97,6.96,6.95,6.93,6.92,6.91,6.9,6.89,6.88,6.87,6.98,6.99,7.0,7.01,7.02,7.03,7.04,7.05,7.06,7.07,3600,8600,28800,20600,8600,22700,65900,20500,26600,23500,14300,3600,17100,6800,13400,97100,11700,30900,39600,47400
325.0,6.97,439300,3074254.0,6.97,6.96,6.95,6.93,6.92,6.91,6.9,6.89,6.88,6.87,6.98,6.99,7.0,7.01,7.02,7.03,7.04,7.05,7.06,7.07,3600,8600,28800,20600,8600,22700,65900,20500,26600,23500,14300,3600,17100,6800,13400,97100,11700,30900,39600,47400
326.0,6.97,439300,3074254.0,6.97,6.96,6.95,6.93,6.92,6.91,6.9,6.89,6.88,6.87,6.98,6.99,7.0,7.01,7.02,7.03,7.04,7.05,7.06,7.07,3300,8600,30800,20600,8600,22700,65900,20500,26600,23500,14300,3600,17100,6800,13400,97100,11700,30900,39600,47400
327.0,6.98,440700,3084026.0,6.97,6.96,6.95,6.93,6.92,6.91,6.9,6.89,6.88,6.87,6.98,6.99,7.0,7.01,7.02,7.03,7.04,7.05,7.06,7.07,3300,8600,30800,20600,8600,22700,65900,20500,26600,23500,12900,3600,17100,6800,13400,97100,11700,30900,39600,47400
328.0,6.98,440800,3084724.0,6.97,6.96,6.95,6.93,6.92,6.91,6.9,6.89,6.88,6.87,6.98,6.99,7.0,7.01,7.02,7.03,7.04,7.05,7.06,7.07,3300,13500,30800,20600,8600,22700,65900,20500,26600,23500,12800,3600,17100,6800,13400,97100,11700,30900,39600,47400
329.0,6.97,440900,3085421.0,6.97,6.96,6.95,6.93,6.92,6.91,6.9,6.89,6.88,6.87,6.98,6.99,7.0,7.01,7.02,7.03,7.04,7.05,7.06,7.07,3600,13500,30800,20600,8600,22700,65900,20500,26600,23500,12800,3600,17100,6800,13400,97100,11700,30900,39600,47400
330.0,6.97,440900,3085421.0,6.97,6.96,6.95,6.93,6.92,6.91,6.9,6.89,6.88,6.87,6.98,6.99,7.0,7.01,7.02,7.03,7.04,7.05,7.06,7.07,3600,13500,30800,20600,8600,22700,65900,20500,26600,23500,12800,3600,17100,6800,13400,97100,11700,30900,39600,47400
331.0,6.97,442300,3095191.0,6.97,6.96,6.95,6.93,6.92,6.91,6.9,6.89,6.88,6.87,6.98,6.99,7.0,7.01,7.02,7.03,7.04,7.05,7.06,7.07,3600,13500,30800,20600,8600,22700,65900,20500,26600,23500,11900,3600,17100,6800,13400,97100,11700,30900,39600,47400
332.0,6.97,445900,3120307.0,6.97,6.96,6.95,6.93,6.92,6.91,6.9,6.89,6.88,6.87,6.98,6.99,7.0,7.01,7.02,7.03,7.04,7.05,7.06,7.07,2300,13500,30800,20600,8600,22700,65900,20500,26600,23500,14500,3600,17100,6800,13400,97100,11700,30900,39600,47400
333.0,6.97,445900,3120307.0,6.97,6.96,6.95,6.93,6.92,6.91,6.9,6.89,6.88,6.87,6.98,6.99,7.0,7.01,7.02,7.03,7.04,7.05,7.06,7.07,2300,13500,30800,20600,8600,22700,65900,20500,26600,23500,14500,3600,17100,6800,13400,97100,11700,30900,39600,47400
334.0,6.97,445900,3120307.0,6.97,6.96,6.95,6.93,6.92,6.91,6.9,6.89,6.88,6.87,6.98,6.99,7.0,7.01,7.02,7.03,7.04,7.05,7.06,7.07,2300,13500,30800,20600,8600,22700,65900,20500,26600,23500,14500,3600,17100,6800,13400,97100,11700,30900,39600,47400
335.0,6.97,448200,3136352.0,6.97,6.96,6.95,6.93,6.92,6.91,6.9,6.89,6.88,6.87,6.98,6.99,7.0,7.01,7.02,7.03,7.04,7.05,7.06,7.07,1200,14500,30800,20600,8600,22700,65900,20500,26600,23500,13100,3600,17100,6800,13400,97100,9200,30900,39600,47400
336.0,6.97,449400,3144716.0,6.96,6.95,6.93,6.92,6.91,6.9,6.89,6.88,6.87,6.86,6.97,6.98,6.99,7.0,7.01,7.02,7.03,7.04,7.05,7.06,13700,30800,20600,8600,22700,65900,20500,26600,23500,35400,1800,13100,3600,17100,6800,13200,97100,9200,30900,39600
337.0,6.97,450100,3149595.0,6.96,6.95,6.93,6.92,6.91,6.9,6.89,6.88,6.87,6.86,6.97,6.98,6.99,7.0,7.01,7.02,7.03,7.04,7.05,7.06,13700,30800,20600,8600,22700,65900,20500,26600,23500,35400,1100,13100,3600,17100,6800,13200,97100,9200,30900,39600
338.0,6.97,451400,3158656.0,6.97,6.96,6.95,6.93,6.92,6.91,6.9,6.89,6.88,6.87,6.98,6.99,7.0,7.01,7.02,7.03,7.04,7.05,7.06,7.07,2800,13500,30800,20600,8600,22700,65900,20500,26600,23500,13100,3600,17100,6800,13200,97100,9200,30900,39600,47400
339.0,6.97,451600,3160050.0,6.97,6.96,6.95,6.93,6.92,6.91,6.9,6.89,6.88,6.87,6.98,6.99,7.0,7.01,7.02,7.03,7.04,7.05,7.06,7.07,2600,13500,30800,20600,8600,22700,65900,20500,26600,23500,13100,3600,17100,6800,13200,97100,9200,30900,39600,47400
340.0,6.97,451900,3162141.0,6.97,6.96,6.95,6.93,6.92,6.91,6.9,6.89,6.88,6.87,6.98,6.99,7.0,7.01,7.02,7.03,7.04,7.05,7.06,7.07,2300,13500,30800,20600,8600,22700,65900,20500,26600,23500,8100,3600,17100,6800,13200,97100,9200,30900,39600,47400
341.0,6.97,452500,3166328.0,6.97,6.96,6.95,6.93,6.92,6.91,6.9,6.89,6.88,6.87,6.98,6.99,7.0,7.01,7.02,7.03,7.04,7.05,7.06,7.07,2200,13500,30800,20600,8600,22700,65900,20500,26600,23500,7600,3600,17100,6800,13200,97100,9200,30900,39600,47400
342.0,6.98,453200,3171214.0,6.97,6.96,6.95,6.93,6.92,6.91,6.9,6.89,6.88,6.87,6.98,6.99,7.0,7.01,7.02,7.03,7.04,7.05,7.06,7.07,2200,13500,30800,20600,8600,22700,65900,20500,26600,23500,6900,3600,17100,6800,13200,97100,9200,30900,39600,47400
343.0,6.98,453200,3171214.0,6.97,6.96,6.95,6.93,6.92,6.91,6.9,6.89,6.88,6.87,6.98,6.99,7.0,7.01,7.02,7.03,7.04,7.05,7.06,7.07,2200,13500,30800,20600,8600,22700,65900,20500,26600,23500,6900,3600,17100,6800,13200,97100,9200,30900,39600,47400
344.0,6.98,454500,3180288.0,6.97,6.96,6.95,6.93,6.92,6.91,6.9,6.89,6.88,6.87,6.98,6.99,7.0,7.01,7.02,7.03,7.04,7.05,7.06,7.07,2200,13500,30800,20600,8600,22700,65900,20500,26600,23500,5600,3600,17100,6800,13200,97100,9200,30900,39600,47400
345.0,6.98,455000,3183778.0,6.97,6.96,6.95,6.93,6.92,6.91,6.9,6.89,6.88,6.87,6.98,6.99,7.0,7.01,7.02,7.03,7.04,7.05,7.06,7.07,2200,13500,30800,20600,8600,22700,65900,20500,26600,23500,5100,3600,17100,6800,13200,97100,9200,30900,39600,47400
346.0,6.97,456400,3193536.0,6.97,6.96,6.95,6.93,6.92,6.91,6.9,6.89,6.88,6.87,6.98,6.99,7.0,7.01,7.02,7.03,7.04,7.05,7.06,7.07,800,13500,30800,20600,8600,22700,65900,20500,26600,23500,5200,3600,17100,6800,13200,97100,9200,30900,39600,47400
347.0,6.97,456400,3193536.0,6.97,6.96,6.95,6.93,6.92,6.91,6.9,6.89,6.88,6.87,6.98,6.99,7.0,7.01,7.02,7.03,7.04,7.05,7.06,7.07,800,13500,30800,20600,8600,22700,65900,20500,26600,23500,5200,3600,17100,6800,13200,97100,9200,30900,39600,47400
348.0,6.98,456900,3197026.0,6.97,6.96,6.95,6.93,6.92,6.91,6.9,6.89,6.88,6.87,6.98,6.99,7.0,7.01,7.02,7.03,7.04,7.05,7.06,7.07,800,13500,30800,20600,8600,22700,65900,20500,26600,23500,20200,3600,17100,6800,13200,97100,9200,30900,39600,47400
349.0,6.97,457700,3202602.0,6.96,6.95,6.93,6.92,6.91,6.9,6.89,6.88,6.87,6.86,6.97,6.98,6.99,7.0,7.01,7.02,7.03,7.04,7.05,7.06,13500,30800,20600,8600,22700,65900,20500,26600,23500,35400,1800,20200,3600,17100,6800,13200,97100,9200,30900,39600
350.0,6.97,457800,3203299.0,6.96,6.95,6.93,6.92,6.91,6.9,6.89,6.88,6.87,6.86,6.97,6.98,6.99,7.0,7.01,7.02,7.03,7.04,7.05,7.06,15500,30800,20600,8600,22700,65900,20500,26600,23500,35400,1700,20200,3600,17100,6800,13200,97100,9200,30900,39600
351.0,6.97,458000,3204693.0,6.96,6.95,6.93,6.92,6.91,6.9,6.89,6.88,6.87,6.86,6.97,6.98,6.99,7.0,7.01,7.02,7.03,7.04,7.05,7.06,16000,30800,20600,8600,22700,65900,20500,26600,23500,35400,1500,20200,3600,17100,6800,13200,97100,9200,30900,39600
352.0,6.98,459600,3215846.0,6.96,6.95,6.93,6.92,6.91,6.9,6.89,6.88,6.87,6.86,6.98,6.99,7.0,7.01,7.02,7.03,7.04,7.05,7.06,7.07,16000,30800,20600,9600,22700,65900,20500,26600,23500,35400,20100,3600,17100,6800,13200,97100,9200,30900,39600,47400
353.0,6.98,460000,3218638.0,6.97,6.96,6.95,6.93,6.92,6.91,6.9,6.89,6.88,6.87,6.98,6.99,7.0,7.01,7.02,7.03,7.04,7.05,7.06,7.07,1600,17300,30800,20600,9600,22700,65900,20500,26600,23500,20800,3600,17100,6800,13200,97100,9200,30900,39600,47400
354.0,6.98,460200,3220034.0,6.97,6.96,6.95,6.93,6.92,6.91,6.9,6.89,6.88,6.87,6.98,6.99,7.0,7.01,7.02,7.03,7.04,7.05,7.06,7.07,1600,17300,30800,20600,9600,22700,65900,20500,26600,23500,20600,3600,17100,6800,13200,97100,9200,30900,39600,47400
355.0,6.98,462100,3233293.0,6.97,6.96,6.95,6.93,6.92,6.91,6.9,6.89,6.88,6.87,6.98,6.99,7.0,7.01,7.02,7.03,7.04,7.05,7.06,7.07,1300,17300,30800,20600,9600,22700,65900,20500,26600,23500,19000,3600,17100,6800,13200,97100,9200,30900,39600,47400
356.0,6.98,464900,3252837.0,6.97,6.96,6.95,6.93,6.92,6.91,6.9,6.89,6.88,6.87,6.98,6.99,7.0,7.01,7.02,7.03,7.04,7.05,7.06,7.07,1300,17300,30800,20600,9600,22700,65900,20500,26600,23500,16200,3600,17100,6800,13200,97100,9200,30900,39600,47400
357.0,6.98,464900,3252837.0,6.97,6.96,6.95,6.93,6.92,6.91,6.9,6.89,6.88,6.87,6.98,6.99,7.0,7.01,7.02,7.03,7.04,7.05,7.06,7.07,1300,17300,30800,20600,9600,22700,65900,20500,26600,23500,16200,3600,17100,6800,13200,97100,9200,30900,39600,47400
358.0,6.98,464900,3252837.0,6.97,6.96,6.95,6.93,6.92,6.91,6.9,6.89,6.88,6.87,6.98,6.99,7.0,7.01,7.02,7.03,7.04,7.05,7.06,7.07,1300,17300,30800,20600,9600,22700,65900,20500,26600,23500,16200,3600,17100,6800,13200,97100,9200,30900,39600,47400
359.0,6.98,466300,3262609.0,6.97,6.96,6.95,6.93,6.92,6.91,6.9,6.89,6.88,6.87,6.98,6.99,7.0,7.01,7.02,7.03,7.04,7.05,7.06,7.07,1300,17300,30800,20600,9600,22700,65900,20500,26600,23500,14800,3600,17100,6800,13200,97100,9200,30900,39600,47400
360.0,6.98,466300,3262609.0,6.97,6.96,6.95,6.93,6.92,6.91,6.9,6.89,6.88,6.87,6.98,6.99,7.0,7.01,7.02,7.03,7.04,7.05,7.06,7.07,1300,17300,30800,20600,9600,22700,65900,20500,26600,23500,14800,3600,17100,6800,13200,97100,9200,30900,39600,47400
361.0,6.98,466300,3262609.0,6.97,6.96,6.95,6.93,6.92,6.91,6.9,6.89,6.88,6.87,6.98,6.99,7.0,7.01,7.02,7.03,7.04,7.05,7.06,7.07,1300,17300,30800,20600,9600,22700,65900,20500,26600,23500,14800,3600,17100,6800,13200,97100,9200,30900,39600,47400
362.0,6.98,467700,3272381.0,6.97,6.96,6.95,6.93,6.92,6.91,6.9,6.89,6.88,6.87,6.98,6.99,7.0,7.01,7.02,7.03,7.04,7.05,7.06,7.07,1300,17300,30800,20600,9600,22700,65900,20500,26600,23500,13400,3600,17100,6800,13200,97100,9200,30900,39600,47400
363.0,6.98,467700,3272381.0,6.97,6.96,6.95,6.93,6.92,6.91,6.9,6.89,6.88,6.87,6.98,6.99,7.0,7.01,7.02,7.03,7.04,7.05,7.06,7.07,1300,17300,30800,20600,9600,22700,65900,20500,26600,23500,13400,3600,17100,6800,13200,97100,9200,30900,39600,47400
364.0,6.98,467700,3272381.0,6.97,6.96,6.95,6.93,6.92,6.91,6.9,6.89,6.88,6.87,6.98,6.99,7.0,7.01,7.02,7.03,7.04,7.05,7.06,7.07,1300,17300,30800,20600,9600,22700,65900,20500,26600,23500,13400,3600,17100,6800,13200,97100,9200,30900,39600,47400
365.0,6.98,467700,3272381.0,6.97,6.96,6.95,6.93,6.92,6.91,6.9,6.89,6.88,6.87,6.98,6.99,7.0,7.01,7.02,7.03,7.04,7.05,7.06,7.07,1300,17300,30800,20600,9600,22700,65900,20500,26600,23500,13400,3600,17100,6800,13200,97100,9200,30900,39600,47400
366.0,6.98,469000,3281455.0,6.97,6.96,6.95,6.93,6.92,6.91,6.9,6.89,6.88,6.87,6.98,6.99,7.0,7.01,7.02,7.03,7.04,7.05,7.06,7.07,4300,17300,30800,20600,9600,22700,65900,20500,26600,23500,12100,3600,17100,6800,13200,97100,9200,30900,39600,47400
367.0,6.98,471400,3298207.0,6.97,6.96,6.95,6.93,6.92,6.91,6.9,6.89,6.88,6.87,6.98,6.99,7.0,7.01,7.02,7.03,7.04,7.05,7.06,7.07,4300,17300,30800,20600,9600,22700,65900,20500,26600,23500,9700,3600,17100,6800,13200,97100,9200,30900,39600,47400
368.0,6.98,471400,3298207.0,6.97,6.96,6.95,6.93,6.92,6.91,6.9,6.89,6.88,6.87,6.98,6.99,7.0,7.01,7.02,7.03,7.04,7.05,7.06,7.07,4300,17300,30800,20600,9600,22700,65900,20500,26600,23500,9700,3600,17100,6800,13200,97100,9200,30900,39600,47400
369.0,6.98,472300,3304489.0,6.97,6.96,6.95,6.93,6.92,6.91,6.9,6.89,6.88,6.87,6.98,6.99,7.0,7.01,7.02,7.03,7.04,7.05,7.06,7.07,4300,17300,30800,20600,9600,22700,65900,20500,26600,23500,9900,3600,17100,6800,13200,97100,9200,30900,39600,47400
370.0,6.97,472900,3308671.0,6.97,6.96,6.95,6.93,6.92,6.91,6.9,6.89,6.88,6.87,6.98,6.99,7.0,7.01,7.02,7.03,7.04,7.05,7.06,7.07,1900,17300,30800,20600,9600,22700,65900,20500,26600,23500,9900,3600,17100,6800,13200,97100,9200,30900,39600,47400
371.0,6.96,476000,3330263.0,6.96,6.95,6.93,6.92,6.91,6.9,6.89,6.88,6.87,6.86,6.98,6.99,7.0,7.01,7.02,7.03,7.04,7.05,7.06,7.07,15600,30800,20600,9600,22700,65900,20500,26600,23500,35400,9700,3600,17100,6800,13200,97100,9200,30900,39600,47400
372.0,6.98,476900,3336545.0,6.96,6.95,6.93,6.92,6.91,6.9,6.89,6.88,6.87,6.86,6.98,6.99,7.0,7.01,7.02,7.03,7.04,7.05,7.06,7.07,17000,30800,20600,9600,22700,65900,20500,26600,23500,35400,10200,3600,17100,6800,13200,97100,9200,30900,39600,47400
373.0,6.98,476900,3336545.0,6.96,6.95,6.93,6.92,6.91,6.9,6.89,6.88,6.87,6.86,6.98,6.99,7.0,7.01,7.02,7.03,7.04,7.05,7.06,7.07,17000,30800,20600,9600,22700,65900,20500,26600,23500,35400,10200,3600,17100,6800,13200,97100,9200,30900,39600,47400
374.0,6.97,477100,3337939.0,6.96,6.95,6.93,6.92,6.91,6.9,6.89,6.88,6.87,6.86,6.98,6.99,7.0,7.01,7.02,7.03,7.04,7.05,7.06,7.07,18200,30800,20600,9600,22700,65900,20500,26600,23500,35400,11300,3600,17100,6800,13200,97100,9200,30900,39600,47400
375.0,6.96,479700,3356037.0,6.96,6.95,6.93,6.92,6.91,6.9,6.89,6.88,6.87,6.86,6.98,6.99,7.0,7.01,7.02,7.03,7.04,7.05,7.06,7.07,16000,30800,20600,9600,22700,65900,20500,26600,23500,35400,11500,3600,17100,6800,13200,97100,9200,30900,39600,47400
376.0,6.96,485300,3395035.0,6.96,6.95,6.93,6.92,6.91,6.9,6.89,6.88,6.87,6.86,6.98,6.99,7.0,7.01,7.02,7.03,7.04,7.05,7.06,7.07,11500,30800,20600,9600,22700,65900,20500,26600,23500,35400,10400,3600,17100,6800,13200,97100,9200,30900,39600,47400
377.0,6.96,485400,3395731.0,6.96,6.95,6.93,6.92,6.91,6.9,6.89,6.88,6.87,6.86,6.97,6.98,6.99,7.0,7.01,7.02,7.03,7.04,7.05,7.06,12600,30800,20600,9600,22700,65900,20500,26600,23500,35400,100,11900,3600,17100,6800,13200,97100,9200,30900,39600
378.0,6.96,485400,3395731.0,6.96,6.95,6.93,6.92,6.91,6.9,6.89,6.88,6.87,6.86,6.97,6.98,6.99,7.0,7.01,7.02,7.03,7.04,7.05,7.06,12900,30800,20600,9600,22700,65900,20500,26600,23500,35400,100,11900,3600,17100,6800,13200,97100,9200,30900,39600
379.0,6.97,487400,3409671.0,6.96,6.95,6.93,6.92,6.91,6.9,6.89,6.88,6.87,6.86,6.97,6.98,6.99,7.0,7.01,7.02,7.03,7.04,7.05,7.06,12900,30800,20600,9600,22700,65900,20500,26600,23500,35400,2100,11900,3600,17100,6800,13200,97100,9200,30900,39600
380.0,6.97,487400,3409671.0,6.96,6.95,6.93,6.92,6.91,6.9,6.89,6.88,6.87,6.86,6.97,6.98,6.99,7.0,7.01,7.02,7.03,7.04,7.05,7.06,12900,30800,20600,9600,22700,65900,20500,26600,23500,35400,1500,13400,3600,17100,6800,13200,97100,9200,30900,39600
381.0,6.97,487400,3409671.0,6.96,6.95,6.93,6.92,6.91,6.9,6.89,6.88,6.87,6.86,6.97,6.98,6.99,7.0,7.01,7.02,7.03,7.04,7.05,7.06,12900,30800,20600,9600,22700,65900,20500,26600,23500,35400,1500,13400,3600,17100,6800,13200,97100,9200,30900,39600
382.0,6.96,493800,3454216.0,6.96,6.95,6.93,6.92,6.91,6.9,6.89,6.88,6.87,6.86,6.97,6.98,6.99,7.0,7.01,7.02,7.03,7.04,7.05,7.06,6600,30800,20600,9600,22700,65900,20500,26600,23500,35400,2400,13400,3600,17100,6800,13200,97100,9200,30900,39600
383.0,6.96,496400,3472320.0,6.96,6.95,6.93,6.92,6.91,6.9,6.89,6.88,6.87,6.86,6.97,6.98,6.99,7.0,7.01,7.02,7.03,7.04,7.05,7.06,6600,30800,20600,9600,22700,65900,20500,26600,23500,35400,1600,13400,3600,17100,6800,13200,97100,9200,30900,39600
384.0,6.96,496500,3473016.0,6.96,6.95,6.93,6.92,6.91,6.9,6.89,6.88,6.87,6.86,6.97,6.98,6.99,7.0,7.01,7.02,7.03,7.04,7.05,7.06,6500,30800,20600,9600,22700,65900,20500,26600,23500,35400,1600,13400,3600,17100,6800,13200,97100,9200,30900,39600
385.0,6.97,496600,3473713.0,6.96,6.95,6.93,6.92,6.91,6.9,6.89,6.88,6.87,6.86,6.97,6.98,6.99,7.0,7.01,7.02,7.03,7.04,7.05,7.06,6200,30800,20600,9600,22700,65900,20500,26600,23500,35400,1500,13400,3600,17100,6800,13200,97100,9200,30900,39600
386.0,6.97,496600,3473713.0,6.96,6.95,6.93,6.92,6.91,6.9,6.89,6.88,6.87,6.86,6.97,6.98,6.99,7.0,7.01,7.02,7.03,7.04,7.05,7.06,6200,32500,20600,9600,22700,65900,20500,26600,23500,35400,1500,13400,3600,17100,6800,13200,97100,9200,30900,39600
387.0,6.97,496600,3473713.0,6.96,6.95,6.93,6.92,6.91,6.9,6.89,6.88,6.87,6.86,6.97,6.98,6.99,7.0,7.01,7.02,7.03,7.04,7.05,7.06,6200,32500,20600,9600,22700,65900,20500,26600,23500,35400,1500,13400,3600,17100,6800,13200,97100,9200,30900,39600
388.0,6.97,496600,3473713.0,6.96,6.95,6.93,6.92,6.91,6.9,6.89,6.88,6.87,6.86,6.97,6.98,6.99,7.0,7.01,7.02,7.03,7.04,7.05,7.06,6200,32500,20600,9600,22700,65900,20500,26600,23500,35400,1500,13400,3600,17100,6800,13200,97100,9200,30900,39600
389.0,6.96,496800,3475106.0,6.96,6.95,6.93,6.92,6.91,6.9,6.89,6.88,6.87,6.86,6.97,6.98,6.99,7.0,7.01,7.02,7.03,7.04,7.05,7.06,6100,32500,20600,9600,22700,65900,20500,26600,23500,35400,1400,13400,3600,17100,6800,13200,97100,9200,30900,39600
390.0,6.96,501800,3509906.0,6.96,6.95,6.93,6.92,6.91,6.9,6.89,6.88,6.87,6.86,6.97,6.98,6.99,7.0,7.01,7.02,7.03,7.04,7.05,7.06,1100,32500,20600,9600,22700,65900,20500,26600,23500,35400,1400,13400,3600,17100,6800,13200,97100,9200,30900,39600
391.0,6.96,509300,3562109.0,6.96,6.95,6.93,6.92,6.91,6.9,6.89,6.88,6.87,6.86,6.97,6.98,6.99,7.0,7.01,7.02,7.03,7.04,7.05,7.06,5300,32500,20600,9600,22700,65900,20500,26600,23500,35400,1100,13400,3600,17100,6800,13200,97100,9200,30900,39600
392.0,6.97,509900,3566287.0,6.96,6.95,6.93,6.92,6.91,6.9,6.89,6.88,6.87,6.86,6.97,6.98,6.99,7.0,7.01,7.02,7.03,7.04,7.05,7.06,6200,32500,20600,9600,22700,65900,20500,26600,23500,35400,4500,13400,3600,17100,6800,13200,97100,9200,30900,39600
393.0,6.97,509900,3566287.0,6.96,6.95,6.93,6.92,6.91,6.9,6.89,6.88,6.87,6.86,6.97,6.98,6.99,7.0,7.01,7.02,7.03,7.04,7.05,7.06,6200,32500,20600,9600,22700,65900,20500,26600,23500,35400,4500,13400,3600,17100,6800,13200,97100,9200,30900,39600
394.0,6.97,509900,3566287.0,6.96,6.95,6.93,6.92,6.91,6.9,6.89,6.88,6.87,6.86,6.97,6.98,6.99,7.0,7.01,7.02,7.03,7.04,7.05,7.06,8200,32800,20600,9600,22700,65900,20500,26600,23500,35400,4500,13400,3600,17100,6800,13200,97100,9200,30900,39600
395.0,6.96,510000,3566983.0,6.96,6.95,6.93,6.92,6.91,6.9,6.89,6.88,6.87,6.86,6.97,6.98,6.99,7.0,7.01,7.02,7.03,7.04,7.05,7.06,7700,32800,14600,9600,22700,65900,20500,26600,23500,35400,4500,13400,3600,17100,6800,13200,97100,9200,30900,39600
396.0,6.97,510400,3569771.0,6.96,6.95,6.93,6.92,6.91,6.9,6.89,6.88,6.87,6.86,6.97,6.98,6.99,7.0,7.01,7.02,7.03,7.04,7.05,7.06,7700,32800,14600,9600,22700,65900,20500,26600,23500,35400,4100,13400,3600,22100,6800,13200,97100,9200,30900,39600
397.0,6.97,510700,3571862.0,6.96,6.95,6.93,6.92,6.91,6.9,6.89,6.88,6.87,6.86,6.97,6.98,6.99,7.0,7.01,7.02,7.03,7.04,7.05,7.06,7700,32800,14600,9600,22700,65900,20500,26600,23500,35400,3800,13400,3600,22100,6800,13200,97100,9200,30900,39600
398.0,6.96,511800,3579518.0,6.96,6.95,6.93,6.92,6.91,6.9,6.89,6.88,6.87,6.86,6.97,6.98,6.99,7.0,7.01,7.02,7.03,7.04,7.05,7.06,6600,32800,14600,9600,22700,65900,20500,26600,23500,35400,3800,13400,3600,22100,6800,13200,97100,9200,30900,39600
399.0,6.97,512300,3583003.0,6.96,6.95,6.93,6.92,6.91,6.9,6.89,6.88,6.87,6.86,6.97,6.98,6.99,7.0,7.01,7.02,7.03,7.04,7.05,7.06,7900,32800,14600,9600,22700,65900,20500,26600,23500,35400,3300,13400,3600,22100,6800,13200,97100,9200,30900,39600
400.0,6.97,515600,3606004.0,6.97,6.96,6.95,6.93,6.92,6.91,6.9,6.89,6.88,6.87,6.98,6.99,7.0,7.01,7.02,7.03,7.04,7.05,7.06,7.07,5700,7900,32800,15100,9600,22700,65900,20500,26600,23500,13400,3600,22100,6800,13200,97100,9200,30900,39600,47400
401.0,6.97,515600,3606004.0,6.97,6.96,6.95,6.93,6.92,6.91,6.9,6.89,6.88,6.87,6.98,6.99,7.0,7.01,7.02,7.03,7.04,7.05,7.06,7.07,6900,7900,32800,15100,9600,22700,65900,20500,26600,23500,13400,3600,22100,6800,13200,97100,9200,30900,39600,47400
402.0,6.98,518200,3624152.0,6.97,6.96,6.95,6.93,6.92,6.91,6.9,6.89,6.88,6.87,6.98,6.99,7.0,7.01,7.02,7.03,7.04,7.05,7.06,7.07,6900,7900,32800,15100,9600,22700,65900,20500,26600,23500,10800,3600,22100,6800,13200,97100,9200,30900,39600,47400
403.0,6.98,519800,3635320.0,6.97,6.96,6.95,6.93,6.92,6.91,6.9,6.89,6.88,6.87,6.98,6.99,7.0,7.01,7.02,7.03,7.04,7.05,7.06,7.07,6900,7900,32800,15100,9600,22700,65900,20500,26600,23500,9200,3600,22100,6800,13200,97100,9200,30900,39600,47400
404.0,6.97,525200,3672961.0,6.97,6.96,6.95,6.93,6.92,6.91,6.9,6.89,6.88,6.87,6.98,6.99,7.0,7.01,7.02,7.03,7.04,7.05,7.06,7.07,1500,7100,32800,15100,9600,22700,65900,20500,26600,23500,8900,3600,22100,6800,13200,97100,9200,30900,39600,47400
405.0,6.97,525200,3672961.0,6.97,6.96,6.95,6.93,6.92,6.91,6.9,6.89,6.88,6.87,6.98,6.99,7.0,7.01,7.02,7.03,7.04,7.05,7.06,7.07,1500,7100,29800,15100,9600,22700,65900,20500,26600,23500,8900,3600,22100,6800,13200,97100,9200,30900,39600,47400
406.0,6.98,526000,3678545.0,6.97,6.96,6.95,6.93,6.92,6.91,6.9,6.89,6.88,6.87,6.98,6.99,7.0,7.01,7.02,7.03,7.04,7.05,7.06,7.07,1500,7100,29800,15100,9600,22700,65900,20500,26600,23500,8100,3600,22100,6800,13200,97100,9200,30900,39600,47400
407.0,6.98,526000,3678545.0,6.97,6.96,6.95,6.93,6.92,6.91,6.9,6.89,6.88,6.87,6.98,6.99,7.0,7.01,7.02,7.03,7.04,7.05,7.06,7.07,1500,9900,29800,15100,9600,22700,65900,20500,26600,23500,8100,3600,22100,6800,13200,97100,9200,30900,39600,47400
408.0,6.98,526000,3678545.0,6.97,6.96,6.95,6.93,6.92,6.91,6.9,6.89,6.88,6.87,6.98,6.99,7.0,7.01,7.02,7.03,7.04,7.05,7.06,7.07,1500,9900,29800,15100,9600,22700,65900,20500,26600,23500,8100,3600,22100,6800,13200,97100,9200,30900,39600,47400
409.0,6.98,526000,3678545.0,6.97,6.96,6.95,6.94,6.93,6.92,6.91,6.9,6.89,6.88,6.98,6.99,7.0,7.01,7.02,7.03,7.04,7.05,7.06,7.07,1500,9900,29800,500,15100,9600,22700,65900,26500,26600,8100,3600,22100,6800,13200,97100,9200,30900,39600,47400
410.0,6.98,526800,3684129.0,6.97,6.96,6.95,6.94,6.93,6.92,6.91,6.9,6.89,6.88,6.98,6.99,7.0,7.01,7.02,7.03,7.04,7.05,7.06,7.07,1500,11200,29800,500,15100,9600,22700,65900,26500,26600,7300,3600,22100,6800,13200,97100,9200,30900,39600,47400
411.0,6.97,527500,3689008.0,6.97,6.96,6.95,6.94,6.93,6.92,6.91,6.9,6.89,6.88,6.98,6.99,7.0,7.01,7.02,7.03,7.04,7.05,7.06,7.07,800,11200,29800,500,15100,9600,22700,66900,26500,26600,7300,3600,22100,6800,13200,97100,9200,30900,39600,47400
412.0,6.97,527500,3689008.0,6.97,6.96,6.95,6.94,6.93,6.92,6.91,6.9,6.89,6.88,6.98,6.99,7.0,7.01,7.02,7.03,7.04,7.05,7.06,7.07,800,12400,29800,500,15100,9600,22700,66900,26500,26600,7300,3600,22100,6800,13200,97100,9200,30900,39600,47400
413.0,6.98,528200,3693894.0,6.97,6.96,6.95,6.94,6.93,6.92,6.91,6.9,6.89,6.88,6.98,6.99,7.0,7.01,7.02,7.03,7.04,7.05,7.06,7.07,800,12700,29800,500,15100,9600,22700,66900,26500,26600,6600,3600,22100,6800,13200,97100,9200,30900,39600,47400
414.0,6.98,529500,3702968.0,6.97,6.96,6.95,6.94,6.93,6.92,6.91,6.9,6.89,6.88,6.98,6.99,7.0,7.01,7.02,7.03,7.04,7.05,7.06,7.07,800,12700,29800,500,15100,9600,22700,66900,26500,26600,5300,3600,22100,6800,13200,97100,9200,30900,39600,47400
415.0,6.98,529500,3702968.0,6.97,6.96,6.95,6.94,6.93,6.92,6.91,6.9,6.89,6.88,6.98,6.99,7.0,7.01,7.02,7.03,7.04,7.05,7.06,7.07,800,13800,29800,500,15100,9600,22700,66900,26500,26600,5300,3600,22100,6800,13200,97100,9200,30900,39600,47400
416.0,6.98,530000,3706458.0,6.97,6.96,6.95,6.94,6.93,6.92,6.91,6.9,6.89,6.88,6.98,6.99,7.0,7.01,7.02,7.03,7.04,7.05,7.06,7.07,800,13800,29800,500,15100,9600,22700,66900,26500,26600,4800,3600,22100,6800,13200,97100,9200,30900,39600,47400
417.0,6.98,530000,3706458.0,6.97,6.96,6.95,6.94,6.93,6.92,6.91,6.9,6.89,6.88,6.98,6.99,7.0,7.01,7.02,7.03,7.04,7.05,7.06,7.07,800,13800,29800,500,15100,9600,22700,66900,26500,26600,4800,3600,22100,6800,13200,97100,9200,30900,39600,47400
418.0,6.98,530100,3707156.0,6.97,6.96,6.95,6.94,6.93,6.92,6.91,6.9,6.89,6.88,6.98,6.99,7.0,7.01,7.02,7.03,7.04,7.05,7.06,7.07,800,13800,29800,500,15100,9600,22700,66900,26500,26600,4700,3600,22100,6800,13200,97100,9200,30900,39600,47400
