LocalTime,LastPrice,TradeVolume,TradeValue,BidPrice1,BidPrice2,BidPrice3,BidPrice4,BidPrice5,BidPrice6,BidPrice7,BidPrice8,BidPrice9,BidPriceA,AskPrice1,AskPrice2,AskPrice3,AskPrice4,AskPrice5,AskPrice6,AskPrice7,AskPrice8,AskPrice9,AskPriceA,BidVolume1,BidVolume2,BidVolume3,BidVolume4,BidVolume5,BidVolume6,BidVolume7,BidVolume8,BidVolume9,BidVolumeA,AskVolume1,AskVolume2,AskVolume3,AskVolume4,AskVolume5,AskVolume6,AskVolume7,AskVolume8,AskVolume9,AskVolumeA
0.0,286.01,3600,1029636.0,286.01,285.91,285.9,284.5,284.02,284.01,284.0,283.88,283.76,283.6,287.0,287.99,288.0,288.2,288.65,288.99,289.0,289.16,289.3,289.58,500,2700,200,400,200,100,900,100,100,200,100,100,200,400,100,300,700,100,100,200
1.0,287.85,3800,1087121.0,287.85,286.01,285.91,285.9,284.5,284.02,284.01,284.0,283.88,283.76,287.99,288.0,288.2,288.65,288.99,289.0,289.16,289.3,289.58,289.81,300,700,2700,200,400,200,100,900,100,100,100,200,400,100,300,800,100,100,200,100
2.0,287.85,4100,1173476.0,286.04,286.01,285.91,285.9,284.5,284.02,284.01,284.0,283.88,283.76,287.99,288.0,288.2,288.65,288.99,289.0,289.16,289.3,289.55,289.58,200,700,2700,200,400,200,100,1000,100,100,100,200,400,400,300,800,100,100,100,200
3.0,286.04,4300,1230780.0,286.04,286.02,286.01,285.91,285.9,284.5,284.02,284.01,284.0,283.88,287.99,288.0,288.2,288.58,288.65,288.99,289.0,289.16,289.3,289.55,100,1200,700,2700,200,400,200,100,1000,100,100,200,400,100,400,300,800,100,100,100
4.0,287.0,4500,1288180.0,286.04,286.02,286.01,285.91,285.9,284.5,284.02,284.01,284.0,283.88,286.99,287.28,287.98,287.99,288.0,288.2,288.58,288.65,288.95,288.99,100,1200,700,2700,200,400,200,100,1100,100,100,100,100,200,200,400,100,400,200,400
5.0,286.99,4700,1345483.0,287.0,286.02,286.01,285.91,285.9,284.5,284.02,284.01,284.0,283.88,287.28,287.71,287.9,287.96,287.98,287.99,288.0,288.2,288.58,288.65,400,1500,700,2700,200,400,100,100,1100,100,100,100,100,200,100,200,500,400,100,400
6.0,287.0,4900,1402911.0,287.0,286.05,286.02,286.01,285.91,285.9,284.5,284.02,284.01,284.0,287.28,287.51,287.71,287.8,287.84,287.85,287.9,287.95,287.96,287.98,400,200,1500,700,2700,200,400,100,100,1200,100,200,100,100,300,200,100,200,200,100
7.0,287.0,5100,1460311.0,287.0,286.05,286.02,286.01,285.91,285.9,284.5,284.02,284.01,284.0,287.28,287.51,287.71,287.8,287.84,287.85,287.9,287.95,287.96,287.97,300,200,1500,700,2800,200,400,100,100,1200,100,200,100,100,300,200,100,200,200,100
8.0,286.02,6100,1746742.0,286.02,286.01,285.91,285.9,285.0,284.5,284.02,284.01,284.0,283.88,287.28,287.51,287.71,287.8,287.84,287.85,287.9,287.95,287.96,287.97,1400,900,2800,200,800,400,100,100,1200,100,100,200,100,100,300,400,100,200,200,100
9.0,286.02,6500,1861150.0,286.03,286.02,286.01,285.91,285.9,285.35,285.0,284.5,284.02,284.01,286.99,287.0,287.28,287.51,287.71,287.8,287.85,287.9,287.95,287.96,100,1000,900,2800,200,300,800,400,100,100,400,100,100,200,100,100,400,100,200,200
10.0,286.02,7000,2004258.0,286.02,286.01,285.91,285.9,285.35,285.0,284.5,284.02,284.01,284.0,286.04,286.99,287.0,287.27,287.28,287.51,287.71,287.8,287.85,287.9,800,900,2800,200,300,800,400,100,100,1200,100,300,100,100,100,200,100,100,400,200
11.0,286.04,7600,2175874.0,286.75,286.02,286.01,285.91,285.9,285.5,285.35,285.0,284.5,284.02,286.99,287.0,287.27,287.28,287.51,287.71,287.8,287.85,287.9,287.95,700,500,700,2800,200,100,300,800,400,100,400,100,100,200,200,100,100,400,200,200
12.0,286.75,8700,2491534.0,286.75,286.17,286.04,286.02,286.01,285.91,285.9,285.5,285.35,285.0,287.27,287.28,287.51,287.71,287.8,287.85,287.9,287.95,287.96,287.97,500,100,700,500,700,100,200,100,300,800,1200,100,200,100,100,400,200,200,200,100
13.0,286.04,11500,3293794.0,286.17,286.04,286.01,285.91,285.9,285.5,285.35,285.0,284.5,284.02,286.74,286.75,287.26,287.27,287.28,287.51,287.8,287.85,287.9,287.95,100,200,600,100,200,100,300,800,400,100,1200,100,500,300,200,200,100,400,200,200
14.0,286.74,12600,3608933.0,286.01,285.91,285.9,285.5,285.35,285.0,284.5,284.02,284.01,284.0,286.74,286.75,287.26,287.27,287.28,287.51,287.8,287.85,287.9,287.95,500,100,200,100,300,800,400,100,100,1200,500,100,500,300,200,200,100,400,200,200
15.0,286.01,13100,3751938.0,285.91,285.9,285.51,285.5,285.35,285.0,284.5,284.02,284.01,284.0,286.73,286.74,286.75,287.26,287.27,287.28,287.51,287.8,287.85,287.9,100,200,100,100,300,800,400,100,100,1200,200,500,100,500,300,200,200,100,400,200
16.0,286.7,13300,3809199.0,286.04,285.9,285.51,285.5,285.35,285.0,284.5,284.02,284.01,284.0,286.72,286.73,286.74,286.75,287.26,287.27,287.28,287.51,287.8,287.85,100,200,100,100,300,800,400,100,100,1200,100,200,500,100,500,300,200,200,100,400
17.0,286.66,13700,3923726.0,285.9,285.52,285.51,285.5,285.35,285.0,284.5,284.02,284.01,284.0,286.69,286.71,286.72,286.73,286.74,286.75,287.26,287.27,287.28,287.51,100,400,100,100,300,800,400,100,100,1200,100,100,100,200,500,100,500,300,200,200
18.0,286.01,14000,4009502.0,286.04,286.03,286.01,285.87,285.85,285.52,285.51,285.5,285.35,285.0,286.69,286.71,286.72,286.73,286.74,286.75,287.26,287.27,287.28,287.51,400,200,400,300,200,400,100,100,300,800,100,100,200,200,100,100,500,300,200,200
19.0,286.04,14100,4038106.0,286.05,286.04,286.03,286.01,285.87,285.85,285.52,285.51,285.5,285.35,286.69,286.71,286.72,286.73,286.74,286.75,287.26,287.27,287.28,287.51,200,300,200,400,300,200,400,100,100,300,100,100,200,200,100,100,500,300,200,200
20.0,287.28,15100,4324941.0,287.29,287.28,287.23,287.21,286.74,286.73,286.07,286.06,286.05,286.04,287.51,287.8,287.85,287.9,287.95,287.96,287.97,287.98,287.99,288.0,100,400,100,100,200,100,100,100,200,300,200,100,400,200,200,200,100,100,400,500
21.0,287.51,15300,4382421.0,287.28,287.23,287.21,286.74,286.73,286.07,286.05,286.04,285.87,285.85,287.51,287.8,287.85,287.9,287.95,287.96,287.97,287.98,287.99,288.0,400,100,100,200,200,100,200,300,100,200,100,100,400,200,200,200,100,100,300,500
22.0,287.28,15700,4497333.0,287.23,287.21,286.75,286.73,286.07,286.05,286.04,285.87,285.85,285.51,287.5,287.51,287.8,287.85,287.9,287.95,287.96,287.97,287.98,287.99,100,100,100,200,100,200,300,100,200,100,100,100,100,400,200,200,200,100,100,300
23.0,287.51,16000,4583530.0,287.21,286.75,286.73,286.07,286.05,286.04,285.87,285.85,285.51,285.5,287.49,287.5,287.79,287.8,287.85,287.9,287.95,287.96,287.97,287.98,100,100,200,100,200,1300,100,200,100,100,100,100,100,100,400,200,200,200,100,100
24.0,287.23,16100,4612253.0,286.77,286.76,286.75,286.73,286.07,286.05,286.04,285.87,285.51,285.5,287.23,287.79,287.8,287.85,287.9,287.95,287.96,287.97,287.98,287.99,100,100,100,200,100,200,1300,100,100,100,200,100,100,400,200,200,200,100,100,300
25.0,287.23,16100,4612253.0,286.77,286.75,286.73,286.07,286.05,286.04,285.87,285.51,285.5,285.35,287.23,287.79,287.8,287.85,287.9,287.95,287.96,287.97,287.98,287.99,100,100,200,100,200,1300,100,100,100,300,200,100,100,400,200,200,200,100,100,300
26.0,286.73,16400,4698324.0,286.74,286.73,286.07,286.05,286.04,286.01,285.87,285.51,285.5,285.35,287.23,287.28,287.79,287.8,287.85,287.9,287.95,287.96,287.97,287.98,200,100,100,200,1300,100,100,100,100,300,100,200,100,100,400,200,200,200,100,100
27.0,286.75,16700,4784348.0,286.76,286.75,286.74,286.73,286.07,286.05,286.04,286.01,285.87,285.5,287.23,287.28,287.79,287.8,287.85,287.9,287.95,287.96,287.97,287.98,100,200,100,100,100,200,1200,100,100,100,200,200,100,100,400,200,200,200,100,100
28.0,286.75,16700,4784348.0,286.76,286.75,286.74,286.73,286.07,286.04,286.01,285.87,285.5,285.35,287.23,287.28,287.79,287.8,287.85,287.9,287.95,287.96,287.97,287.98,100,100,100,100,100,1200,100,100,100,300,200,200,100,100,400,200,200,200,100,100
29.0,286.75,16700,4784348.0,286.76,286.75,286.74,286.73,286.07,286.04,286.01,285.9,285.87,285.5,287.23,287.28,287.5,287.79,287.8,287.85,287.9,287.95,287.96,287.97,100,100,100,100,100,1200,100,100,100,100,200,300,100,100,100,400,200,200,200,100
30.0,287.23,16800,4813071.0,286.76,286.75,286.74,286.73,286.07,286.04,286.01,285.9,285.87,285.5,287.23,287.28,287.5,287.79,287.8,287.85,287.9,287.95,287.96,287.97,100,100,100,100,100,1200,100,100,100,100,100,300,100,100,100,400,200,200,200,100
31.0,287.23,16800,4813071.0,286.76,286.75,286.74,286.73,286.07,286.04,286.01,285.9,285.87,285.5,287.23,287.28,287.5,287.79,287.8,287.85,287.9,287.95,287.97,287.98,100,100,100,100,100,1200,100,100,100,100,200,300,100,100,100,400,200,200,100,100
32.0,286.75,17300,4956449.0,286.76,286.75,286.74,286.73,286.07,286.04,286.01,285.9,285.87,285.5,287.23,287.28,287.29,287.5,287.79,287.8,287.85,287.9,287.95,287.97,200,400,100,100,100,1200,100,100,100,100,200,300,100,100,100,100,400,200,200,100
33.0,286.77,18000,5157485.0,287.25,286.79,286.78,286.77,286.76,286.75,286.74,286.73,286.07,286.04,287.5,287.79,287.8,287.85,287.9,287.95,287.97,287.98,287.99,288.0,100,200,100,600,200,200,100,100,100,1200,100,100,100,400,200,200,100,100,200,700
34.0,286.77,18000,5157485.0,287.25,286.79,286.78,286.77,286.75,286.74,286.73,286.07,286.04,286.01,287.5,287.79,287.8,287.85,287.9,287.95,287.97,287.98,287.99,288.0,100,200,100,200,200,100,100,100,1200,100,100,100,100,700,200,200,100,100,200,700
35.0,287.79,18300,5243792.0,287.52,287.5,287.25,287.23,286.79,286.78,286.77,286.75,286.74,286.73,287.79,287.8,287.85,287.9,287.95,287.97,287.98,287.99,288.0,288.2,100,200,100,100,200,100,100,200,100,100,100,100,700,200,200,100,100,200,700,400
36.0,287.25,18800,5387548.0,287.23,286.79,286.78,286.77,286.75,286.74,286.73,286.07,286.04,286.01,287.79,287.8,287.85,287.9,287.95,287.97,287.98,287.99,288.0,288.2,100,200,100,100,200,100,100,100,1200,100,100,100,700,200,200,100,100,200,700,400
37.0,287.25,18800,5387548.0,287.23,286.79,286.77,286.75,286.74,286.73,286.07,286.04,286.01,286.0,287.78,287.79,287.8,287.85,287.9,287.95,287.97,287.98,287.99,288.0,100,200,100,200,100,100,100,1200,100,200,100,100,100,700,200,200,100,100,200,700
38.0,287.23,19000,5444994.0,286.79,286.74,286.73,286.07,286.04,286.01,286.0,285.9,285.87,285.65,287.27,287.28,287.78,287.79,287.8,287.85,287.9,287.95,287.97,287.98,100,100,100,100,1200,100,200,100,100,100,100,100,100,100,100,700,200,200,100,100
39.0,287.21,19200,5502442.0,286.79,286.73,286.07,286.04,286.01,286.0,285.9,285.87,285.65,285.5,287.21,287.28,287.78,287.79,287.8,287.85,287.9,287.95,287.97,287.98,100,100,100,1200,100,200,100,100,100,2800,100,100,100,100,100,700,200,200,100,100
40.0,287.21,19200,5502442.0,286.8,286.79,286.73,286.07,286.04,286.01,286.0,285.9,285.87,285.65,287.21,287.28,287.78,287.79,287.8,287.85,287.9,287.95,287.97,287.98,100,100,100,100,1200,100,200,100,100,100,100,100,100,100,100,700,200,200,100,100
41.0,287.21,19400,5559884.0,286.81,286.8,286.79,286.73,286.07,286.04,286.01,286.0,285.9,285.87,287.0,287.28,287.78,287.79,287.84,287.85,287.9,287.95,287.97,287.98,100,100,100,100,100,1200,100,200,100,100,100,100,100,100,200,700,200,200,100,100
42.0,286.79,19900,5703352.0,286.73,286.07,286.04,286.01,286.0,285.9,285.87,285.65,285.5,285.35,286.79,287.5,287.79,287.84,287.85,287.9,287.95,287.97,287.98,287.99,100,100,1200,100,200,100,100,100,2800,300,200,200,100,200,700,200,200,100,100,100
43.0,286.79,20100,5760710.0,286.81,286.79,286.74,286.73,286.07,286.04,286.01,285.9,285.87,285.65,287.25,287.5,287.79,287.84,287.85,287.9,287.95,287.97,287.98,287.99,200,100,200,100,100,1200,100,100,100,100,100,200,100,200,700,200,200,100,100,100
44.0,286.79,20100,5760710.0,286.81,286.79,286.74,286.73,286.07,286.04,286.01,285.9,285.87,285.65,287.23,287.25,287.5,287.79,287.84,287.85,287.9,287.95,287.97,287.98,200,100,200,200,100,1200,100,100,100,100,100,200,200,100,200,700,200,200,100,100
45.0,286.74,20700,5932828.0,286.8,286.79,286.73,286.07,286.04,286.01,285.9,285.87,285.65,285.5,287.25,287.5,287.79,287.84,287.85,287.9,287.95,287.97,287.98,287.99,100,100,200,100,1200,100,100,100,100,2800,300,200,100,200,700,200,200,100,100,100
46.0,286.74,20700,5932828.0,286.8,286.79,286.73,286.07,286.04,286.01,285.9,285.87,285.65,285.5,287.25,287.5,287.79,287.84,287.85,287.9,287.95,287.97,287.98,287.99,100,400,200,100,1200,100,100,100,100,2800,300,200,100,200,700,200,200,100,100,100
47.0,286.74,20700,5932828.0,286.81,286.8,286.79,286.73,286.07,286.04,286.01,285.9,285.87,285.65,287.25,287.5,287.79,287.84,287.85,287.9,287.95,287.97,287.98,287.99,100,200,400,200,100,1200,100,100,100,100,300,200,100,200,500,200,200,100,100,100
48.0,286.8,20900,5990189.0,286.8,286.79,286.73,286.07,286.04,286.01,285.9,285.87,285.65,285.5,287.25,287.5,287.7,287.79,287.84,287.85,287.9,287.95,287.97,287.98,100,400,200,100,1200,100,100,100,100,2800,300,200,100,200,200,500,200,200,100,100
49.0,286.8,20900,5990189.0,286.8,286.79,286.73,286.07,286.04,286.01,285.9,285.87,285.65,285.5,287.25,287.5,287.7,287.79,287.84,287.85,287.9,287.95,287.97,287.98,100,400,200,100,1200,100,100,100,100,2800,400,200,100,200,200,500,200,200,100,100
50.0,286.8,21100,6047549.0,286.79,286.73,286.07,286.04,286.01,285.9,285.87,285.65,285.5,285.35,287.25,287.5,287.7,287.79,287.84,287.85,287.9,287.95,287.97,287.98,900,200,100,1200,100,100,100,100,2800,300,400,200,100,200,200,500,200,200,100,100
51.0,286.8,21100,6047549.0,286.79,286.73,286.07,286.04,286.01,285.9,285.87,285.65,285.5,285.35,287.22,287.23,287.24,287.25,287.5,287.7,287.79,287.84,287.85,287.9,1000,200,100,1200,100,100,100,100,2800,300,300,100,100,400,200,100,200,200,500,200
52.0,286.79,21500,6162265.0,286.79,286.73,286.07,286.04,286.01,285.9,285.87,285.65,285.5,285.35,287.22,287.25,287.5,287.7,287.73,287.79,287.84,287.85,287.9,287.95,600,200,100,1200,100,100,100,100,2800,300,300,400,200,100,200,200,200,500,200,200
53.0,286.73,22300,6391685.0,286.05,286.04,286.01,285.9,285.87,285.65,285.5,285.35,285.0,284.58,286.79,287.0,287.2,287.21,287.22,287.25,287.5,287.7,287.73,287.79,400,1200,100,100,100,100,2800,300,100,100,200,100,100,100,300,400,200,100,200,200
54.0,286.79,22400,6420364.0,286.05,286.04,286.01,285.87,285.65,285.5,285.35,285.0,284.58,284.5,286.79,287.0,287.2,287.21,287.22,287.25,287.5,287.7,287.73,287.79,500,1200,100,100,100,2800,300,100,100,400,100,100,100,100,400,400,200,100,200,200
55.0,286.79,22400,6420364.0,286.05,286.04,286.01,285.87,285.65,285.5,285.35,285.0,284.58,284.5,286.79,287.0,287.2,287.21,287.22,287.25,287.5,287.7,287.73,287.79,500,1200,100,100,100,2800,300,100,100,400,100,100,100,100,400,400,200,100,200,200
56.0,286.79,22400,6420364.0,286.05,286.04,286.01,286.0,285.87,285.65,285.5,285.35,285.0,284.58,286.79,287.0,287.2,287.21,287.22,287.25,287.5,287.7,287.73,287.79,500,1200,100,300,100,100,2800,300,200,100,200,100,100,100,400,400,200,100,200,200
57.0,286.79,22800,6534932.0,286.05,286.04,286.01,286.0,285.87,285.65,285.5,285.35,285.0,284.58,287.0,287.2,287.21,287.22,287.25,287.5,287.73,287.79,287.84,287.85,300,1200,100,300,100,100,2800,300,200,100,100,100,100,100,400,200,200,200,300,500
58.0,286.79,22800,6534932.0,286.05,286.04,286.01,286.0,285.87,285.65,285.5,285.35,285.0,284.58,286.79,287.0,287.2,287.21,287.22,287.25,287.5,287.73,287.79,287.84,300,1200,100,300,100,100,2800,300,200,100,100,100,100,100,100,400,200,200,200,300
59.0,286.79,22800,6534932.0,286.05,286.04,286.01,286.0,285.87,285.65,285.5,285.35,285.0,284.58,286.79,287.0,287.2,287.21,287.22,287.25,287.5,287.73,287.79,287.84,400,1200,100,300,100,100,2800,300,200,100,100,100,100,100,100,400,200,200,200,300
60.0,286.05,22900,6563537.0,286.05,286.04,286.01,286.0,285.87,285.65,285.5,285.35,285.0,284.58,286.79,287.0,287.2,287.21,287.22,287.25,287.5,287.73,287.79,287.84,300,1200,100,300,100,100,2800,300,200,100,100,100,100,100,100,400,200,200,200,300
61.0,286.05,23000,6592142.0,286.05,286.04,286.01,286.0,285.87,285.65,285.5,285.35,285.0,284.58,286.79,287.0,287.2,287.21,287.22,287.25,287.5,287.73,287.79,287.84,200,1200,100,300,100,100,2800,300,200,100,100,200,100,100,100,400,200,200,200,300
62.0,286.75,23200,6649422.0,286.06,286.05,286.04,286.01,286.0,285.87,285.65,285.5,285.35,285.0,286.77,286.78,286.79,287.0,287.2,287.21,287.22,287.25,287.5,287.73,100,200,200,100,300,100,100,2800,300,200,200,200,200,200,100,100,100,400,200,200
63.0,286.75,23200,6649422.0,286.06,286.05,286.04,286.01,286.0,285.87,285.65,285.5,285.35,285.0,286.77,286.78,286.79,287.0,287.2,287.21,287.22,287.25,287.5,287.73,100,200,200,100,300,100,100,2800,300,300,200,200,200,200,100,100,100,400,200,200
64.0,286.06,23300,6678028.0,286.05,286.01,286.0,285.87,285.65,285.5,285.35,285.0,284.58,284.5,286.71,286.72,286.73,286.74,286.75,286.76,286.77,286.78,286.79,287.0,200,100,300,100,100,2800,300,300,100,400,200,100,400,400,300,200,200,200,200,200
65.0,286.05,23600,6763845.0,286.06,286.01,286.0,285.87,285.65,285.5,285.35,285.0,284.58,284.5,286.67,286.68,286.69,286.7,286.71,286.72,286.73,286.74,286.75,286.76,100,100,300,100,100,2800,300,300,100,400,200,300,400,100,200,100,400,400,500,200
66.0,286.06,23700,6792451.0,286.01,286.0,285.87,285.65,285.5,285.35,285.0,284.58,284.5,284.02,286.63,286.64,286.66,286.67,286.68,286.69,286.7,286.71,286.72,286.73,100,300,100,100,2800,300,300,100,400,100,100,200,200,100,300,400,100,200,100,400
67.0,286.54,23800,6821105.0,286.01,286.0,285.87,285.65,285.5,285.35,285.0,284.58,284.5,284.02,286.53,286.55,286.56,286.57,286.58,286.59,286.6,286.61,286.62,286.66,100,300,100,100,2800,300,300,100,400,100,100,200,100,100,400,400,100,200,200,200
68.0,286.0,24400,6992693.0,285.65,285.51,285.5,285.35,285.0,284.58,284.5,284.02,284.01,284.0,286.0,286.01,286.53,286.56,286.57,286.6,286.62,286.66,286.68,286.7,100,100,2800,300,300,100,400,100,100,1100,100,100,100,100,100,100,100,200,300,100
69.0,286.0,24400,6992693.0,285.65,285.5,285.35,285.0,284.58,284.5,284.02,284.01,284.0,283.88,285.99,286.0,286.01,286.53,286.56,286.57,286.6,286.62,286.66,286.68,100,2800,300,300,100,400,100,100,1100,100,100,100,100,100,100,100,100,100,200,300
70.0,286.0,24400,6992693.0,285.65,285.5,285.35,285.0,284.58,284.5,284.02,284.01,284.0,283.88,285.99,286.0,286.01,286.53,286.56,286.57,286.6,286.62,286.66,286.68,100,2800,300,300,100,400,100,100,1100,100,200,100,100,100,100,100,100,100,200,300
71.0,285.65,24500,7021258.0,285.5,285.35,285.0,284.58,284.5,284.02,284.01,284.0,283.88,283.76,285.99,286.0,286.01,286.53,286.57,286.6,286.62,286.66,286.68,286.7,2800,300,300,100,400,100,100,1100,100,100,200,100,200,100,100,100,100,200,300,100
72.0,285.5,25500,7306800.0,285.5,285.35,285.0,284.58,284.5,284.02,284.01,284.0,283.88,283.76,285.91,285.92,285.93,285.94,285.95,285.98,285.99,286.0,286.01,286.06,1900,300,300,100,400,100,100,1100,100,100,100,300,300,300,800,100,200,100,300,100
73.0,285.5,26500,7592422.0,285.5,285.35,285.0,284.58,284.5,284.02,284.01,284.0,283.88,283.76,285.88,285.89,285.9,285.92,285.93,285.94,285.95,285.98,285.99,286.0,1200,300,400,100,400,100,100,1100,100,100,400,200,100,300,300,100,800,100,100,300
74.0,285.5,27000,7735210.0,285.51,285.5,285.35,285.0,284.58,284.5,284.02,284.01,284.0,283.88,285.88,285.89,285.9,285.92,285.93,285.94,285.95,285.98,285.99,286.0,300,800,300,400,100,400,100,100,1100,100,300,200,100,300,300,100,800,100,100,300
75.0,285.51,27200,7792312.0,285.51,285.5,285.35,285.0,284.58,284.5,284.02,284.01,284.0,283.88,285.88,285.89,285.9,285.92,285.93,285.94,285.95,285.98,285.99,286.0,100,800,300,400,100,400,100,100,1100,100,300,200,100,300,300,100,800,100,100,300
76.0,285.51,27200,7792312.0,285.51,285.5,285.35,285.0,284.58,284.5,284.02,284.01,284.0,283.88,285.88,285.89,285.9,285.92,285.93,285.94,285.95,285.98,286.0,286.01,100,800,300,400,100,400,100,100,1100,100,300,200,100,300,300,100,800,100,300,200
77.0,285.88,27800,7963689.0,285.5,285.35,285.0,284.58,284.5,284.02,284.01,284.0,283.88,283.76,285.88,285.89,285.9,285.92,285.93,285.94,285.95,285.98,286.0,286.01,500,300,400,100,400,100,100,1100,100,100,100,200,100,300,300,100,800,100,300,200
78.0,285.5,28100,8049377.0,285.5,285.35,285.0,284.58,284.5,284.02,284.01,284.0,283.88,283.76,285.88,285.89,285.9,285.92,285.93,285.94,285.95,285.98,286.0,286.01,300,300,300,100,400,100,100,1100,100,100,100,500,100,300,300,100,800,100,300,200
79.0,285.51,28300,8106478.0,285.5,285.35,285.0,284.58,284.5,284.02,284.01,284.0,283.88,283.76,285.88,285.89,285.9,285.92,285.93,285.94,285.95,285.98,286.0,286.01,200,300,300,100,400,100,100,1100,100,100,100,500,100,300,300,100,800,100,300,200
80.0,285.51,28400,8135029.0,285.5,285.35,285.0,284.58,284.5,284.02,284.01,284.0,283.88,283.76,285.89,285.9,285.92,285.93,285.94,285.95,285.98,286.0,286.01,286.53,200,300,300,100,400,100,100,1100,100,100,500,100,300,300,100,800,100,300,200,100
81.0,285.83,28600,8192162.0,285.5,285.35,285.0,284.58,284.5,284.02,284.01,284.0,283.88,283.76,285.82,285.83,285.84,285.88,285.89,285.9,285.92,285.93,285.94,285.95,100,300,300,100,400,100,100,1100,100,100,100,100,200,200,500,100,300,300,100,800
82.0,285.81,28700,8220743.0,285.5,285.35,285.0,284.58,284.5,284.02,284.01,284.0,283.88,283.76,285.82,285.83,285.84,285.88,285.89,285.9,285.92,285.93,285.94,285.95,100,300,300,100,400,100,100,1100,100,100,100,100,200,300,500,100,300,300,100,800
83.0,285.81,28700,8220743.0,285.5,285.35,285.0,284.58,284.5,284.02,284.01,284.0,283.88,283.76,285.82,285.83,285.84,285.88,285.89,285.9,285.92,285.93,285.94,285.95,100,300,300,100,400,100,100,1100,100,100,100,100,200,300,500,100,300,300,100,800
84.0,285.35,28900,8277828.0,285.35,285.0,284.58,284.5,284.02,284.01,284.0,283.88,283.76,283.72,285.5,285.82,285.83,285.84,285.88,285.89,285.9,285.92,285.93,285.94,200,300,100,400,100,100,1100,100,100,100,200,100,100,200,100,500,100,300,300,100
85.0,285.35,29000,8306363.0,285.35,285.0,284.58,284.5,284.02,284.01,284.0,283.88,283.76,283.72,285.5,285.82,285.83,285.84,285.88,285.89,285.9,285.92,285.93,285.94,100,300,100,400,100,100,1100,100,100,100,200,100,100,200,100,500,100,300,300,100
86.0,285.5,29300,8391983.0,285.0,284.58,284.5,284.02,284.01,284.0,283.88,283.76,283.72,283.6,285.5,285.82,285.83,285.84,285.88,285.89,285.9,285.92,285.93,285.94,300,100,400,100,100,1100,100,100,100,200,100,100,100,200,100,500,100,300,300,100
87.0,285.0,29400,8420483.0,285.0,284.58,284.5,284.02,284.01,284.0,283.88,283.76,283.72,283.6,285.49,285.5,285.81,285.82,285.83,285.84,285.88,285.89,285.92,285.93,200,100,400,100,100,1100,100,100,100,200,200,100,100,100,100,200,100,500,300,300
88.0,285.0,29400,8420483.0,285.0,284.58,284.5,284.02,284.01,284.0,283.88,283.76,283.72,283.6,285.49,285.5,285.81,285.82,285.83,285.84,285.88,285.89,285.92,285.93,200,100,400,100,100,1200,100,100,100,200,300,100,100,100,100,200,100,500,300,300
89.0,285.0,29700,8506032.0,284.59,284.58,284.5,284.02,284.01,284.0,283.88,283.76,283.72,283.6,285.48,285.49,285.5,285.81,285.83,285.84,285.88,285.89,285.92,285.93,100,100,400,100,100,1200,100,100,100,200,100,200,100,100,100,200,100,500,300,300
90.0,285.0,29700,8506032.0,284.59,284.58,284.5,284.02,284.01,284.0,283.88,283.76,283.72,283.6,285.48,285.49,285.5,285.81,285.83,285.84,285.88,285.89,285.92,285.93,100,100,400,100,100,1200,100,100,100,200,100,200,100,100,100,200,100,500,300,300
91.0,285.0,29700,8506032.0,284.59,284.58,284.5,284.02,284.01,284.0,283.88,283.76,283.72,283.6,285.48,285.49,285.5,285.81,285.83,285.84,285.88,285.89,285.92,285.93,100,100,400,100,100,1200,100,100,100,200,100,300,100,100,100,200,100,500,300,300
92.0,284.98,30000,8591578.0,285.0,284.99,284.68,284.67,284.66,284.65,284.64,284.63,284.62,284.61,285.47,285.48,285.49,285.81,285.83,285.84,285.88,285.89,285.92,285.93,100,100,200,200,100,100,300,200,100,100,500,100,200,100,100,200,100,500,300,300
93.0,284.99,30400,8705671.0,285.0,284.69,284.68,284.67,284.66,284.65,284.64,284.63,284.62,284.61,285.47,285.48,285.49,285.81,285.83,285.84,285.88,285.89,285.92,285.93,200,100,200,200,100,100,300,200,100,100,300,100,200,100,100,200,100,500,300,300
94.0,285.0,30500,8734171.0,285.0,284.68,284.67,284.66,284.65,284.64,284.63,284.61,284.6,284.59,285.46,285.47,285.48,285.49,285.81,285.83,285.84,285.88,285.89,285.92,100,200,200,100,100,300,200,100,400,100,100,300,100,200,100,100,200,100,500,300
95.0,285.41,30600,8762712.0,285.0,284.68,284.67,284.66,284.65,284.64,284.63,284.61,284.6,284.59,285.41,285.46,285.47,285.48,285.49,285.81,285.83,285.88,285.89,285.92,100,200,200,100,100,300,200,100,400,100,100,100,500,100,200,100,100,100,500,300
96.0,285.0,30700,8791212.0,284.68,284.67,284.66,284.65,284.64,284.63,284.61,284.6,284.59,284.58,285.41,285.46,285.47,285.48,285.49,285.81,285.83,285.88,285.89,285.92,200,200,100,100,300,200,100,400,100,100,100,100,500,100,200,100,100,100,500,300
97.0,284.68,30900,8848148.0,284.67,284.66,284.65,284.64,284.63,284.6,284.59,284.58,284.5,284.02,285.41,285.46,285.47,285.48,285.49,285.81,285.83,285.88,285.89,285.92,200,100,100,300,200,400,100,100,400,100,100,100,500,100,200,100,100,100,500,300
98.0,284.68,30900,8848148.0,284.68,284.67,284.66,284.65,284.64,284.63,284.6,284.59,284.58,284.5,285.41,285.46,285.47,285.48,285.49,285.83,285.88,285.89,285.92,285.93,100,200,100,100,300,200,400,100,100,400,100,100,500,100,200,100,100,500,300,300
99.0,284.68,31000,8876616.0,284.65,284.63,284.6,284.59,284.58,284.5,284.02,284.01,284.0,283.88,285.0,285.41,285.46,285.47,285.48,285.49,285.83,285.88,285.89,285.92,100,200,400,100,100,400,100,100,1200,100,200,100,200,500,100,200,100,100,500,300
100.0,284.68,31000,8876616.0,284.65,284.63,284.6,284.59,284.58,284.5,284.02,284.01,284.0,283.88,285.0,285.41,285.46,285.47,285.48,285.49,285.83,285.88,285.89,285.92,100,200,400,100,100,400,100,100,1200,100,200,100,200,500,100,200,100,100,500,300
101.0,285.0,31300,8962116.0,284.71,284.7,284.65,284.63,284.6,284.59,284.58,284.5,284.02,284.01,285.41,285.46,285.47,285.48,285.49,285.83,285.88,285.89,285.92,285.93,100,800,100,200,400,100,100,400,100,100,100,200,500,100,200,100,100,500,300,300
102.0,285.0,31300,8962116.0,285.0,284.72,284.71,284.7,284.65,284.63,284.6,284.59,284.58,284.5,285.41,285.46,285.47,285.48,285.49,285.83,285.88,285.89,285.92,285.93,100,100,100,800,100,200,400,100,100,400,100,100,500,100,200,100,100,500,300,300
103.0,285.41,31400,8990657.0,285.0,284.71,284.7,284.68,284.65,284.63,284.6,284.59,284.58,284.5,285.46,285.47,285.48,285.49,285.83,285.88,285.89,285.92,285.93,285.94,100,100,800,100,200,200,400,100,100,400,100,500,100,200,100,100,500,300,300,100
104.0,285.01,31500,9019158.0,285.0,284.71,284.7,284.68,284.65,284.63,284.6,284.59,284.58,284.5,285.46,285.47,285.48,285.49,285.83,285.88,285.89,285.92,285.93,285.94,100,100,800,100,200,200,400,100,100,400,100,500,100,200,100,100,500,300,300,100
105.0,285.01,31500,9019158.0,285.0,284.71,284.7,284.68,284.65,284.63,284.6,284.59,284.58,284.5,285.46,285.47,285.48,285.49,285.83,285.88,285.89,285.92,285.93,285.94,100,100,800,100,200,200,400,100,100,400,100,500,100,200,100,100,500,300,300,100
106.0,285.01,31500,9019158.0,285.0,284.71,284.7,284.68,284.65,284.63,284.6,284.59,284.58,284.5,285.46,285.47,285.48,285.49,285.83,285.88,285.89,285.92,285.93,285.94,100,100,800,100,200,200,400,100,100,400,100,500,100,200,100,100,500,300,300,100
107.0,285.45,31700,9076203.0,284.72,284.71,284.7,284.68,284.65,284.63,284.6,284.59,284.58,284.5,285.45,285.46,285.47,285.48,285.49,285.83,285.88,285.89,285.92,285.93,100,100,800,100,200,200,400,100,100,400,400,100,500,100,200,100,100,500,300,300
108.0,284.98,31800,9104701.0,284.99,284.98,284.73,284.72,284.71,284.7,284.68,284.65,284.63,284.6,285.45,285.46,285.47,285.48,285.49,285.83,285.88,285.89,285.92,285.93,100,300,100,100,100,900,100,200,200,400,400,100,300,100,100,100,100,500,300,300
109.0,284.98,31800,9104701.0,285.01,285.0,284.99,284.98,284.73,284.72,284.71,284.7,284.68,284.65,285.35,285.45,285.46,285.47,285.48,285.49,285.83,285.88,285.89,285.92,100,100,100,300,100,100,100,900,100,200,200,400,100,300,100,100,100,100,500,300
110.0,284.98,31800,9104701.0,285.01,285.0,284.99,284.98,284.73,284.72,284.71,284.7,284.68,284.65,285.35,285.45,285.47,285.48,285.49,285.83,285.88,285.89,285.92,285.93,100,100,100,300,100,100,100,900,100,200,200,400,300,100,100,100,100,500,300,300
111.0,285.01,31900,9133202.0,285.0,284.99,284.98,284.73,284.72,284.71,284.7,284.68,284.65,284.63,285.35,285.45,285.47,285.48,285.49,285.83,285.88,285.89,285.92,285.93,100,100,200,100,100,100,900,100,200,200,200,400,300,100,100,100,100,500,300,300
112.0,285.01,31900,9133202.0,285.0,284.99,284.98,284.73,284.72,284.71,284.7,284.68,284.65,284.63,285.35,285.4,285.45,285.47,285.48,285.49,285.83,285.88,285.89,285.92,100,100,200,100,100,100,900,100,200,200,200,200,400,300,100,100,100,100,500,300
113.0,285.01,31900,9133202.0,285.0,284.99,284.98,284.73,284.72,284.71,284.7,284.68,284.65,284.63,285.35,285.4,285.45,285.47,285.48,285.49,285.83,285.88,285.89,285.92,200,100,200,100,100,100,900,100,200,200,300,200,400,300,100,100,100,100,500,300
114.0,285.0,32000,9161702.0,285.0,284.99,284.98,284.73,284.72,284.71,284.7,284.68,284.65,284.63,285.35,285.4,285.45,285.47,285.48,285.49,285.83,285.88,285.89,285.92,100,100,200,100,100,100,900,100,200,200,300,200,400,300,100,100,100,100,500,300
115.0,285.0,32000,9161702.0,285.0,284.99,284.98,284.73,284.72,284.71,284.7,284.68,284.65,284.63,285.35,285.4,285.45,285.47,285.48,285.49,285.83,285.88,285.89,285.92,100,100,200,100,100,100,900,100,200,200,300,200,400,300,100,100,100,100,500,300
116.0,285.0,32000,9161702.0,285.0,284.99,284.98,284.73,284.72,284.71,284.7,284.68,284.65,284.63,285.35,285.4,285.45,285.47,285.48,285.49,285.83,285.88,285.89,285.92,100,100,200,100,100,100,900,100,200,200,300,200,400,300,100,100,100,100,500,300
117.0,285.0,32400,9275702.0,284.98,284.7,284.68,284.65,284.63,284.6,284.59,284.58,284.5,284.02,285.35,285.4,285.45,285.47,285.48,285.49,285.83,285.88,285.89,285.92,200,900,100,200,200,400,100,100,400,100,300,200,500,300,100,100,100,100,500,300
118.0,285.0,32400,9275702.0,284.98,284.7,284.68,284.65,284.63,284.6,284.59,284.58,284.5,284.02,285.35,285.4,285.45,285.47,285.48,285.49,285.83,285.88,285.89,285.92,200,900,100,200,200,400,100,100,400,100,100,200,500,300,100,100,100,100,500,300
119.0,284.98,32500,9304200.0,284.7,284.68,284.65,284.63,284.6,284.58,284.5,284.02,284.01,284.0,285.34,285.35,285.4,285.45,285.47,285.48,285.49,285.83,285.88,285.89,900,100,100,200,400,100,400,100,100,1500,100,100,200,500,300,100,100,100,100,500
120.0,284.98,32500,9304200.0,284.71,284.7,284.68,284.65,284.63,284.6,284.58,284.5,284.02,284.01,284.96,285.34,285.35,285.45,285.47,285.48,285.49,285.83,285.88,285.89,300,900,100,100,200,400,100,400,100,100,100,100,100,500,300,100,100,100,100,500
121.0,284.98,32500,9304200.0,284.76,284.7,284.68,284.65,284.63,284.6,284.58,284.5,284.02,284.01,284.96,285.33,285.34,285.35,285.45,285.47,285.48,285.49,285.83,285.88,100,900,100,100,200,400,100,400,100,100,100,200,100,100,500,300,100,100,100,100
122.0,284.98,32500,9304200.0,284.76,284.7,284.68,284.65,284.63,284.6,284.58,284.5,284.02,284.01,284.96,285.33,285.34,285.35,285.45,285.47,285.48,285.49,285.83,285.88,100,900,100,100,200,400,100,400,100,100,100,200,100,100,500,300,100,100,100,100
123.0,284.96,32700,9361172.0,284.7,284.68,284.65,284.58,284.5,284.02,284.01,284.0,283.88,283.85,285.33,285.34,285.35,285.45,285.47,285.48,285.49,285.83,285.88,285.89,100,100,100,100,400,100,100,1500,100,100,200,100,100,500,300,100,100,100,100,300
124.0,284.7,32800,9389642.0,284.68,284.65,284.58,284.5,284.02,284.01,284.0,283.88,283.85,283.76,285.31,285.32,285.33,285.34,285.35,285.45,285.47,285.48,285.49,285.83,100,100,100,400,100,100,1500,100,100,100,100,100,200,100,100,500,300,100,100,100
125.0,284.68,32900,9418110.0,285.0,284.65,284.58,284.5,284.02,284.01,284.0,283.88,283.85,283.76,285.3,285.31,285.32,285.33,285.34,285.35,285.45,285.47,285.48,285.49,900,100,100,400,100,200,1500,100,100,100,300,100,100,200,100,100,500,300,100,100
126.0,284.65,33900,9703075.0,284.58,284.5,284.02,284.01,284.0,283.88,283.85,283.76,283.72,283.6,284.97,284.98,285.3,285.31,285.33,285.34,285.35,285.45,285.47,285.48,100,400,100,200,1500,100,100,100,100,200,200,100,300,100,300,100,100,500,300,100
127.0,284.65,33900,9703075.0,284.58,284.5,284.02,284.01,284.0,283.88,283.85,283.76,283.72,283.6,284.7,284.71,284.97,284.98,285.3,285.31,285.33,285.34,285.35,285.45,100,400,100,200,1500,100,100,100,100,200,100,200,200,100,300,100,300,100,100,500
128.0,284.7,34000,9731545.0,284.58,284.5,284.02,284.01,284.0,283.88,283.85,283.76,283.72,283.6,284.71,284.97,284.98,285.31,285.33,285.34,285.35,285.45,285.47,285.48,200,400,100,200,1500,100,100,100,100,200,200,200,100,100,300,100,100,500,300,100
129.0,284.71,34200,9788474.0,284.58,284.5,284.02,284.01,284.0,283.88,283.85,283.76,283.72,283.6,284.71,284.98,285.31,285.33,285.34,285.45,285.47,285.48,285.49,285.83,100,400,100,200,1500,100,100,100,100,200,100,100,100,300,100,500,300,100,100,100
130.0,284.71,34200,9788474.0,284.58,284.5,284.02,284.01,284.0,283.88,283.85,283.76,283.72,283.6,284.68,284.71,284.98,285.31,285.33,285.34,285.45,285.47,285.48,285.49,100,400,100,200,1500,100,100,100,100,200,100,100,100,100,100,100,500,300,100,100
131.0,284.71,34200,9788474.0,284.58,284.5,284.02,284.01,284.0,283.88,283.85,283.76,283.72,283.6,284.68,284.71,284.98,285.31,285.33,285.34,285.45,285.47,285.48,285.49,100,400,100,200,1500,100,100,100,100,200,100,100,100,100,100,100,500,300,100,100
132.0,284.68,34300,9816942.0,284.58,284.5,284.02,284.01,284.0,283.88,283.85,283.76,283.72,283.6,284.71,284.98,285.31,285.33,285.34,285.45,285.47,285.48,285.49,285.83,100,400,100,200,1500,100,100,100,100,200,100,100,100,100,100,500,300,100,100,100
133.0,284.68,34300,9816942.0,284.58,284.5,284.02,284.01,284.0,283.88,283.85,283.76,283.72,283.6,284.71,284.98,285.31,285.33,285.34,285.45,285.47,285.48,285.49,285.83,100,400,100,200,1500,100,100,100,100,200,300,100,100,100,100,500,300,100,100,100
134.0,284.68,34300,9816942.0,284.58,284.5,284.02,284.01,284.0,283.88,283.85,283.76,283.72,283.6,284.71,284.98,285.31,285.33,285.34,285.45,285.47,285.48,285.49,285.83,100,400,100,200,1400,100,100,100,100,200,300,100,100,100,100,500,300,100,100,100
135.0,284.68,34300,9816942.0,284.58,284.5,284.02,284.01,284.0,283.88,283.85,283.76,283.72,283.6,284.71,284.98,285.0,285.31,285.33,285.34,285.45,285.47,285.48,285.49,100,400,100,300,1400,100,100,100,100,200,300,100,300,100,100,100,500,300,100,100
136.0,284.58,34400,9845400.0,284.5,284.02,284.01,284.0,283.88,283.85,283.76,283.72,283.6,283.5,284.67,284.71,284.98,285.0,285.31,285.33,285.34,285.45,285.47,285.48,400,100,300,1500,100,100,100,100,200,100,200,300,100,300,100,100,100,500,300,100
137.0,284.5,34600,9902300.0,284.5,284.02,284.01,284.0,283.88,283.85,283.76,283.72,283.6,283.5,284.58,284.67,284.71,284.98,285.0,285.31,285.33,285.34,285.45,285.47,200,100,300,1500,100,100,100,100,200,100,100,200,300,100,300,100,100,100,400,300
138.0,284.5,34700,9930750.0,284.5,284.02,284.01,284.0,283.88,283.85,283.76,283.72,283.6,283.5,284.57,284.58,284.67,284.71,284.98,285.0,285.31,285.33,285.34,285.45,100,100,300,1500,100,100,100,100,200,100,100,100,200,300,100,300,100,100,100,400
139.0,284.5,34800,9959200.0,284.02,284.01,284.0,283.88,283.85,283.76,283.72,283.6,283.5,283.42,284.57,284.58,284.67,284.71,284.98,285.0,285.33,285.34,285.45,285.47,100,300,1500,100,100,100,100,200,100,300,100,200,200,300,100,300,100,100,400,300
140.0,284.57,34900,9987657.0,284.48,284.02,284.01,284.0,283.88,283.85,283.76,283.72,283.6,283.5,284.58,284.67,284.71,284.98,285.0,285.34,285.45,285.47,285.48,285.49,200,100,300,1500,100,100,100,100,200,100,200,200,300,100,300,100,400,300,100,100
141.0,284.48,35100,10044563.0,284.49,284.48,284.02,284.01,284.0,283.88,283.85,283.76,283.72,283.6,284.58,284.67,284.71,284.98,285.0,285.34,285.45,285.47,285.48,285.49,100,100,100,300,1500,100,100,100,100,200,100,200,300,100,300,100,400,300,100,100
142.0,284.48,35100,10044563.0,284.49,284.48,284.02,284.01,284.0,283.88,283.85,283.76,283.72,283.6,284.67,284.71,284.98,285.0,285.34,285.45,285.47,285.48,285.49,285.83,100,100,100,300,1500,100,100,100,100,200,200,300,100,300,100,400,300,100,100,100
143.0,284.67,35200,10073030.0,284.49,284.48,284.02,284.01,284.0,283.88,283.85,283.76,283.72,283.6,284.67,284.71,284.98,285.0,285.34,285.45,285.47,285.48,285.49,285.83,200,100,100,300,1500,100,100,100,100,200,100,200,100,300,100,400,300,100,100,100
144.0,284.49,35500,10158395.0,284.48,284.02,284.01,284.0,283.88,283.85,283.76,283.72,283.6,283.5,284.49,284.6,284.71,284.98,285.0,285.34,285.45,285.47,285.48,285.49,100,100,300,1500,100,100,100,100,200,100,100,100,200,100,400,100,400,300,100,100
145.0,284.49,35500,10158395.0,284.48,284.02,284.01,284.0,283.88,283.85,283.76,283.72,283.6,283.5,284.49,284.6,284.71,284.98,285.0,285.34,285.45,285.47,285.48,285.49,300,200,300,1500,100,100,100,100,200,100,100,100,200,100,400,100,400,300,100,100
146.0,284.48,35600,10186843.0,284.48,284.02,284.01,284.0,283.88,283.85,283.76,283.72,283.6,283.5,284.49,284.6,284.71,284.98,285.0,285.34,285.45,285.47,285.48,285.49,200,200,300,1500,100,100,100,100,200,100,100,100,200,100,400,100,400,300,100,100
147.0,284.48,35800,10243739.0,284.03,284.02,284.01,284.0,283.88,283.85,283.76,283.72,283.6,283.5,284.49,284.6,284.71,284.98,285.0,285.34,285.45,285.47,285.48,285.49,100,200,300,1500,100,100,100,100,200,100,100,100,200,100,400,100,400,300,100,100
148.0,284.49,35900,10272188.0,284.08,284.02,284.01,284.0,283.88,283.85,283.76,283.72,283.6,283.5,284.47,284.6,284.71,284.98,285.0,285.34,285.45,285.47,285.48,285.49,100,200,300,1500,100,300,100,100,200,100,100,100,200,100,400,100,400,300,100,100
149.0,284.71,36300,10386014.0,284.29,284.28,284.27,284.26,284.25,284.24,284.23,284.22,284.21,284.16,284.71,284.98,285.0,285.34,285.45,285.47,285.48,285.49,285.83,285.88,100,200,200,100,200,300,200,500,100,100,100,100,400,100,400,300,100,100,100,100
150.0,284.29,36400,10414443.0,284.27,284.25,284.24,284.23,284.22,284.21,284.16,284.14,284.12,284.1,284.71,284.98,285.0,285.34,285.45,285.47,285.48,285.49,285.83,285.88,200,100,200,200,400,100,100,400,100,100,100,100,400,100,400,300,100,100,100,100
151.0,284.29,36400,10414443.0,284.27,284.25,284.24,284.23,284.22,284.21,284.16,284.14,284.12,284.1,284.71,284.98,285.0,285.34,285.45,285.47,285.48,285.49,285.83,285.88,200,100,200,200,400,100,100,400,100,100,100,100,400,100,400,300,100,100,100,100
152.0,284.29,36400,10414443.0,284.29,284.28,284.27,284.25,284.24,284.23,284.22,284.21,284.16,284.14,284.71,284.98,285.0,285.34,285.45,285.47,285.48,285.49,285.83,285.88,100,300,200,100,200,200,400,100,100,400,200,100,400,100,400,300,100,100,100,100
153.0,284.6,36500,10442903.0,284.35,284.29,284.28,284.27,284.25,284.24,284.23,284.22,284.21,284.16,284.6,284.71,284.98,285.0,285.34,285.45,285.47,285.48,285.49,285.83,100,100,300,200,100,200,200,400,100,100,100,200,100,400,100,400,300,100,100,100
154.0,284.35,36600,10471338.0,284.29,284.28,284.27,284.25,284.24,284.23,284.22,284.21,284.16,284.14,284.48,284.6,284.71,284.98,285.0,285.34,285.45,285.47,285.48,285.49,100,300,200,100,200,200,400,100,100,400,100,100,200,100,400,100,400,300,100,100
155.0,284.48,36700,10499786.0,284.49,284.4,284.35,284.29,284.28,284.27,284.25,284.24,284.22,284.16,284.6,284.71,284.98,285.0,285.34,285.45,285.47,285.48,285.49,285.83,200,100,100,100,300,200,100,200,400,100,100,200,100,400,100,400,300,100,100,100
156.0,284.49,36800,10528235.0,284.49,284.4,284.35,284.28,284.27,284.25,284.24,284.22,284.16,284.14,284.6,284.71,284.98,285.0,285.34,285.45,285.47,285.48,285.49,285.83,100,100,100,300,200,100,200,400,100,400,100,200,100,400,100,400,300,100,100,100
157.0,284.49,36800,10528235.0,284.49,284.4,284.35,284.28,284.27,284.25,284.24,284.22,284.16,284.14,284.6,284.71,284.98,285.0,285.34,285.45,285.47,285.48,285.49,285.83,100,100,100,300,200,100,200,400,100,400,100,200,100,400,100,400,300,100,100,100
158.0,284.49,36800,10528235.0,284.5,284.49,284.4,284.35,284.28,284.27,284.25,284.24,284.22,284.16,284.6,284.71,284.98,285.0,285.34,285.45,285.47,285.48,285.49,285.65,100,200,100,100,300,200,100,200,400,100,100,200,100,400,100,400,300,100,100,200
159.0,284.49,36800,10528235.0,284.5,284.49,284.4,284.35,284.28,284.27,284.25,284.24,284.22,284.16,284.6,284.71,284.98,285.0,285.34,285.45,285.47,285.48,285.49,285.65,100,200,100,100,300,200,100,200,400,100,100,200,100,400,100,400,300,100,100,200
160.0,284.49,36800,10528235.0,284.5,284.49,284.4,284.35,284.28,284.27,284.25,284.24,284.22,284.16,284.6,284.71,284.98,285.0,285.34,285.45,285.47,285.48,285.49,285.65,100,200,100,100,300,200,100,200,400,100,100,200,100,400,100,400,300,100,100,200
161.0,284.49,36800,10528235.0,284.5,284.49,284.4,284.35,284.28,284.27,284.25,284.24,284.22,284.16,284.6,284.71,284.98,285.0,285.34,285.45,285.47,285.48,285.49,285.65,200,200,100,100,300,200,100,200,400,100,200,200,100,400,100,400,300,100,100,200
162.0,284.49,36800,10528235.0,284.5,284.49,284.4,284.35,284.3,284.28,284.27,284.25,284.24,284.22,284.6,284.71,284.98,285.0,285.34,285.45,285.47,285.48,285.49,285.65,200,200,100,100,100,300,200,100,200,400,300,200,100,400,100,400,300,100,100,200
163.0,284.5,37000,10585135.0,284.5,284.49,284.4,284.35,284.3,284.28,284.27,284.25,284.24,284.22,284.6,284.71,284.98,285.0,285.34,285.45,285.47,285.48,285.49,285.65,200,200,100,100,100,300,200,100,200,400,400,200,100,400,100,400,300,100,100,200
164.0,284.5,37000,10585135.0,284.5,284.49,284.4,284.35,284.3,284.28,284.27,284.25,284.24,284.22,284.6,284.71,284.98,285.0,285.34,285.45,285.47,285.48,285.49,285.65,200,200,100,100,100,300,200,100,200,400,400,200,100,400,100,400,300,100,100,200
165.0,284.5,37000,10585135.0,284.51,284.5,284.49,284.4,284.35,284.3,284.28,284.27,284.25,284.24,284.6,284.71,284.98,285.0,285.34,285.45,285.47,285.48,285.49,285.65,100,200,200,100,100,100,300,200,100,200,400,200,100,400,100,400,300,100,100,200
166.0,284.49,37500,10727384.0,284.35,284.3,284.28,284.25,284.24,284.08,284.06,284.05,284.04,284.02,284.49,284.6,284.71,284.98,285.0,285.34,285.45,285.47,285.48,285.49,100,100,300,100,200,100,800,100,100,100,500,400,200,100,400,100,400,300,100,100
167.0,284.49,37700,10784282.0,284.35,284.3,284.28,284.25,284.24,284.08,284.06,284.05,284.04,284.02,284.49,284.6,284.71,284.98,285.0,285.34,285.45,285.47,285.48,285.65,100,100,300,100,200,100,800,100,100,100,300,400,200,100,400,100,400,300,100,200
168.0,284.49,37700,10784282.0,284.35,284.3,284.28,284.25,284.24,284.08,284.06,284.05,284.04,284.02,284.49,284.6,284.71,284.98,285.0,285.34,285.45,285.47,285.48,285.65,100,100,300,100,200,100,800,100,100,100,300,400,200,100,400,100,400,300,100,200
169.0,284.49,37700,10784282.0,284.35,284.3,284.28,284.25,284.24,284.08,284.06,284.05,284.04,284.02,284.49,284.6,284.71,284.98,285.0,285.34,285.45,285.47,285.48,285.65,100,100,300,100,200,100,800,100,100,100,300,400,200,100,400,100,400,300,100,200
170.0,284.49,37900,10841180.0,284.35,284.3,284.25,284.24,284.08,284.06,284.05,284.04,284.02,284.01,284.49,284.6,284.71,284.98,285.0,285.34,285.45,285.47,285.48,285.65,200,100,100,200,100,800,100,100,100,300,100,400,200,100,400,100,400,300,100,200
171.0,284.49,38100,10898064.0,284.35,284.3,284.25,284.24,284.08,284.06,284.05,284.04,284.02,284.01,284.6,284.71,284.98,285.0,285.34,285.45,285.47,285.48,285.65,285.83,100,100,100,200,100,800,100,100,100,300,400,200,100,400,100,400,300,100,200,100
172.0,284.49,38100,10898064.0,284.35,284.3,284.25,284.24,284.08,284.06,284.05,284.04,284.02,284.01,284.6,284.71,284.98,285.0,285.34,285.45,285.47,285.48,285.65,285.83,100,100,100,200,100,800,100,100,100,300,400,200,100,400,100,400,300,100,200,100
173.0,284.6,38200,10926524.0,284.35,284.3,284.25,284.24,284.08,284.06,284.05,284.04,284.02,284.01,284.6,284.71,284.98,285.0,285.34,285.45,285.47,285.48,285.65,285.83,100,100,100,200,100,800,100,100,100,300,300,200,100,400,100,400,300,100,200,100
174.0,284.6,38200,10926524.0,284.49,284.35,284.3,284.25,284.24,284.08,284.06,284.05,284.04,284.02,284.6,284.71,284.98,285.0,285.34,285.45,285.47,285.48,285.65,285.83,100,100,100,100,200,100,800,100,100,100,300,200,100,400,100,400,300,100,200,100
175.0,284.6,38200,10926524.0,284.49,284.35,284.3,284.25,284.24,284.08,284.06,284.05,284.04,284.02,284.6,284.71,284.98,285.0,285.34,285.45,285.47,285.48,285.65,285.83,100,100,100,100,200,100,800,100,100,100,300,200,100,400,100,400,300,100,200,100
176.0,284.6,38200,10926524.0,284.49,284.35,284.3,284.25,284.24,284.08,284.06,284.05,284.04,284.02,284.6,284.71,284.98,285.0,285.34,285.45,285.47,285.48,285.65,285.83,300,100,100,100,200,100,800,100,100,100,300,200,100,400,100,400,300,100,200,100
177.0,284.49,38400,10983422.0,284.49,284.35,284.3,284.25,284.24,284.08,284.06,284.05,284.04,284.02,284.6,284.71,284.98,285.0,285.34,285.45,285.47,285.48,285.65,285.83,100,100,100,100,200,100,800,100,100,100,300,200,100,400,100,400,300,100,200,100
178.0,284.49,38400,10983422.0,284.49,284.35,284.3,284.25,284.24,284.08,284.06,284.05,284.04,284.02,284.6,284.71,284.98,285.0,285.34,285.45,285.47,285.48,285.65,285.83,100,100,100,100,200,100,800,100,100,100,300,200,100,400,100,400,300,100,200,100
179.0,284.49,38400,10983422.0,284.49,284.35,284.3,284.25,284.24,284.08,284.06,284.05,284.04,284.02,284.6,284.71,284.98,285.0,285.34,285.45,285.47,285.48,285.65,285.83,100,100,100,100,200,100,800,100,100,200,300,200,100,400,100,400,300,100,200,100
180.0,284.49,38400,10983422.0,284.49,284.35,284.3,284.25,284.24,284.08,284.05,284.04,284.02,284.01,284.6,284.71,284.98,285.0,285.34,285.45,285.47,285.48,285.65,285.83,100,100,100,100,200,100,100,100,200,300,300,200,100,400,100,400,300,100,200,100
181.0,284.49,38400,10983422.0,284.49,284.35,284.3,284.25,284.24,284.08,284.05,284.04,284.02,284.01,284.6,284.71,284.98,285.0,285.34,285.45,285.47,285.48,285.65,285.83,100,100,100,100,200,100,100,100,200,300,300,200,100,400,100,400,300,100,200,100
182.0,284.49,38400,10983422.0,284.49,284.35,284.3,284.25,284.24,284.08,284.05,284.04,284.02,284.01,284.6,284.71,284.98,285.0,285.34,285.45,285.47,285.48,285.65,285.83,100,100,100,100,200,100,100,100,200,300,300,200,100,400,100,400,300,100,200,100
183.0,284.49,38400,10983422.0,284.49,284.4,284.35,284.3,284.25,284.24,284.08,284.05,284.04,284.02,284.6,284.63,284.71,284.98,285.0,285.34,285.45,285.47,285.48,285.65,100,100,100,100,100,200,100,100,100,200,300,100,200,100,400,100,400,300,100,200
184.0,284.6,38500,11011882.0,284.49,284.4,284.35,284.3,284.25,284.24,284.08,284.05,284.04,284.02,284.6,284.63,284.71,284.98,285.0,285.34,285.45,285.47,285.48,285.65,100,100,100,100,100,200,100,100,100,200,200,100,200,100,400,100,400,300,100,200
185.0,284.49,38600,11040331.0,284.4,284.35,284.3,284.25,284.24,284.08,284.05,284.04,284.02,284.01,284.6,284.63,284.71,284.98,285.0,285.34,285.45,285.47,285.48,285.65,100,100,100,100,200,100,100,100,200,300,200,100,200,100,400,100,400,300,100,200
186.0,284.49,38600,11040331.0,284.4,284.35,284.3,284.25,284.24,284.08,284.05,284.04,284.02,284.01,284.49,284.6,284.63,284.71,284.98,285.0,285.34,285.45,285.47,285.48,100,100,100,100,200,100,100,100,200,300,200,200,100,200,100,400,100,400,300,100
187.0,284.49,38600,11040331.0,284.4,284.35,284.3,284.25,284.24,284.08,284.05,284.04,284.02,284.01,284.49,284.6,284.63,284.71,284.98,285.0,285.34,285.45,285.47,285.48,100,100,100,100,200,100,100,100,200,300,200,200,100,200,100,400,100,400,300,100
188.0,284.6,38900,11125689.0,284.4,284.35,284.3,284.25,284.24,284.08,284.05,284.04,284.02,284.01,284.6,284.63,284.71,284.98,285.0,285.34,285.45,285.47,285.48,285.65,200,100,100,100,200,100,100,100,200,300,100,100,200,100,400,100,400,300,100,200
189.0,284.6,38900,11125689.0,284.4,284.35,284.3,284.25,284.24,284.08,284.05,284.04,284.02,284.01,284.6,284.63,284.71,284.98,285.0,285.34,285.45,285.47,285.48,285.65,200,100,100,100,200,100,100,100,200,300,100,100,200,100,400,100,400,300,100,200
190.0,284.5,39000,11154139.0,284.4,284.35,284.3,284.25,284.24,284.08,284.05,284.04,284.02,284.01,284.6,284.63,284.71,284.98,285.0,285.34,285.45,285.47,285.48,285.65,200,100,100,100,200,100,100,100,200,300,100,100,200,100,400,100,400,300,100,200
191.0,284.5,39000,11154139.0,284.5,284.4,284.35,284.3,284.25,284.24,284.08,284.05,284.04,284.02,284.6,284.63,284.71,284.98,285.0,285.34,285.45,285.47,285.48,285.65,200,200,100,100,100,200,100,100,100,200,100,100,200,100,400,100,400,300,100,200
192.0,284.5,39200,11211039.0,284.4,284.35,284.3,284.25,284.24,284.08,284.05,284.04,284.02,284.01,284.6,284.63,284.71,284.98,285.0,285.34,285.45,285.47,285.48,285.65,300,100,100,100,200,100,100,100,200,200,100,100,200,100,400,100,400,300,100,200
193.0,284.5,39200,11211039.0,284.48,284.4,284.35,284.3,284.25,284.24,284.08,284.05,284.04,284.02,284.6,284.63,284.71,284.98,285.0,285.34,285.45,285.47,285.48,285.65,200,300,100,100,100,200,100,100,100,200,100,100,200,100,400,100,400,300,100,200
194.0,284.6,39300,11239499.0,284.5,284.48,284.4,284.35,284.3,284.25,284.24,284.08,284.04,284.02,284.63,284.71,284.98,285.0,285.34,285.45,285.47,285.48,285.65,285.83,100,200,300,100,100,100,200,100,100,200,100,200,100,400,100,400,300,100,200,100
195.0,284.63,39500,11296412.0,284.48,284.4,284.35,284.3,284.25,284.24,284.08,284.04,284.02,284.01,284.71,284.98,285.0,285.34,285.45,285.47,285.48,285.65,285.83,285.88,200,300,100,100,100,200,100,100,200,200,200,100,400,100,400,300,100,200,100,100
196.0,284.63,39500,11296412.0,284.48,284.4,284.35,284.3,284.25,284.24,284.08,284.04,284.02,284.01,284.71,284.98,285.0,285.34,285.45,285.47,285.48,285.65,285.83,285.88,200,500,100,100,100,200,100,100,200,200,200,100,400,100,400,300,100,200,100,100
197.0,284.48,39600,11324860.0,284.48,284.4,284.35,284.3,284.25,284.24,284.08,284.04,284.02,284.01,284.71,284.98,285.0,285.34,285.45,285.47,285.48,285.65,285.83,285.88,200,500,100,100,100,200,100,100,200,200,200,100,400,100,400,300,100,200,100,100
198.0,284.48,39600,11324860.0,284.48,284.4,284.35,284.3,284.25,284.24,284.08,284.04,284.02,284.01,284.71,284.98,285.0,285.34,285.45,285.47,285.48,285.65,285.83,285.88,200,500,100,100,100,200,100,100,200,200,200,100,400,100,400,300,100,200,100,100
199.0,284.48,39600,11324860.0,284.48,284.4,284.35,284.3,284.25,284.24,284.08,284.04,284.02,284.01,284.71,284.98,285.0,285.34,285.45,285.47,285.48,285.65,285.83,285.88,200,500,100,100,100,200,100,100,200,200,200,100,400,100,400,300,100,200,100,100
200.0,284.48,39600,11324860.0,284.52,284.5,284.48,284.4,284.35,284.3,284.25,284.24,284.08,284.04,284.71,284.98,285.0,285.34,285.45,285.47,285.48,285.65,285.83,285.88,100,300,300,500,100,100,100,200,100,100,200,100,400,100,400,300,100,200,100,100
201.0,284.48,39600,11324860.0,284.52,284.5,284.48,284.4,284.35,284.3,284.25,284.24,284.08,284.04,284.71,284.98,285.0,285.34,285.45,285.47,285.48,285.65,285.83,285.88,100,300,300,500,100,100,100,200,100,100,200,100,400,100,400,300,100,200,100,100
202.0,284.71,39800,11381802.0,284.58,284.57,284.56,284.52,284.5,284.48,284.4,284.35,284.3,284.24,285.0,285.45,285.47,285.48,285.65,285.83,285.88,285.94,286.0,286.57,100,500,100,100,300,300,500,100,100,100,400,400,300,100,200,100,100,100,100,100
203.0,284.71,39800,11381802.0,284.65,284.64,284.59,284.58,284.57,284.52,284.5,284.49,284.48,284.4,285.0,285.45,285.47,285.48,285.65,285.83,285.88,285.94,286.0,286.57,100,100,100,100,500,200,300,100,300,400,400,400,300,100,200,100,100,100,100,100
204.0,284.71,39800,11381802.0,284.65,284.64,284.59,284.58,284.57,284.52,284.5,284.49,284.48,284.4,285.0,285.45,285.47,285.48,285.65,285.83,285.88,285.94,286.0,286.57,100,100,100,100,500,200,300,100,300,400,400,400,300,100,200,100,100,100,100,100
205.0,284.71,39800,11381802.0,284.71,284.7,284.66,284.65,284.59,284.58,284.57,284.52,284.5,284.49,285.0,285.45,285.47,285.48,285.65,285.83,285.88,285.94,286.0,286.57,100,100,100,100,100,100,500,200,300,100,400,400,300,100,200,100,100,100,100,100
206.0,284.71,39800,11381802.0,284.75,284.72,284.71,284.66,284.65,284.59,284.58,284.57,284.52,284.5,285.0,285.45,285.47,285.48,285.65,285.83,285.88,285.94,286.0,286.57,100,100,100,100,200,100,100,500,100,300,400,400,300,100,200,100,100,100,100,100
207.0,285.45,40300,11524347.0,285.02,285.01,284.82,284.81,284.77,284.76,284.72,284.71,284.66,284.65,285.45,285.47,285.48,285.65,285.83,285.88,285.94,286.0,286.57,286.62,100,100,100,100,200,500,100,100,100,200,300,300,100,200,100,100,100,100,100,100
208.0,285.45,40300,11524347.0,285.08,285.07,285.03,285.02,285.01,284.82,284.77,284.76,284.72,284.71,285.45,285.47,285.48,285.65,285.83,285.88,285.94,286.0,286.57,286.62,100,100,100,100,100,100,200,500,100,100,300,300,100,200,100,100,100,100,100,100
209.0,285.45,40300,11524347.0,285.14,285.13,285.08,285.02,285.01,284.82,284.77,284.76,284.72,284.71,285.45,285.47,285.48,285.65,285.88,285.94,286.0,286.57,286.62,286.68,100,100,100,200,100,100,200,500,100,100,400,300,100,200,100,100,100,100,100,200
210.0,285.14,40500,11581406.0,285.19,285.14,285.08,285.02,284.82,284.77,284.76,284.72,284.71,284.66,285.45,285.47,285.48,285.65,285.88,285.94,286.0,286.57,286.62,286.68,100,100,100,200,100,200,500,100,100,200,300,300,100,200,100,100,100,100,100,200
211.0,285.14,40500,11581406.0,285.19,285.14,285.08,285.02,284.82,284.77,284.76,284.72,284.71,284.66,285.45,285.47,285.48,285.65,285.88,285.94,286.0,286.57,286.62,286.68,100,100,100,200,100,200,500,100,100,200,300,300,100,200,100,100,100,100,100,200
212.0,285.45,40800,11667041.0,285.28,285.27,285.26,285.2,285.19,285.08,285.02,284.82,284.77,284.76,285.47,285.48,285.65,285.88,286.0,286.57,286.62,286.68,286.75,286.76,200,100,100,100,100,100,100,100,200,500,300,100,200,100,100,100,100,200,100,200
213.0,285.48,41200,11781230.0,285.48,285.34,285.33,285.27,285.2,285.19,285.08,285.02,284.82,284.77,285.65,285.88,286.0,286.57,286.62,286.68,286.75,286.76,286.78,286.79,100,100,100,100,100,100,100,100,100,200,200,100,100,100,100,200,100,200,200,100
214.0,285.65,41500,11866908.0,285.45,285.33,285.2,285.19,285.08,285.02,284.82,284.77,284.76,284.72,285.88,286.0,286.57,286.62,286.68,286.75,286.76,286.78,286.79,286.8,100,100,100,100,100,100,100,100,500,100,100,100,100,100,200,100,200,200,100,100
215.0,285.88,41600,11895496.0,285.65,285.45,285.38,285.34,285.2,285.08,285.02,284.82,284.77,284.76,286.0,286.57,286.62,286.68,286.75,286.76,286.78,286.79,286.8,287.0,100,100,100,100,100,100,100,100,100,500,100,100,100,200,100,200,200,100,100,300
216.0,285.45,41800,11952606.0,285.38,285.34,285.02,284.82,284.77,284.76,284.72,284.66,284.59,284.5,285.98,285.99,286.0,286.57,286.62,286.68,286.75,286.76,286.78,286.79,100,100,100,100,100,500,100,200,100,300,100,200,100,100,100,200,100,200,200,100
217.0,285.45,41800,11952606.0,285.38,285.34,285.02,284.82,284.77,284.76,284.72,284.66,284.59,284.5,285.99,286.0,286.57,286.62,286.68,286.75,286.76,286.78,286.79,286.8,100,100,100,100,100,500,100,200,100,300,200,100,100,100,200,100,200,200,100,100
218.0,285.38,41900,11981144.0,285.34,285.02,284.82,284.77,284.76,284.72,284.66,284.59,284.5,284.49,285.98,285.99,286.0,286.57,286.62,286.68,286.75,286.76,286.78,286.79,100,100,100,100,500,100,200,100,300,100,100,200,100,100,100,200,100,200,200,100
219.0,285.38,41900,11981144.0,285.34,285.02,284.82,284.77,284.76,284.72,284.66,284.59,284.5,284.49,285.98,285.99,286.0,286.57,286.62,286.68,286.75,286.76,286.78,286.79,100,100,100,100,500,100,200,100,300,100,100,200,100,100,100,200,100,200,200,100
220.0,285.38,41900,11981144.0,285.4,285.34,285.3,285.21,285.17,285.13,285.03,285.02,285.0,284.77,286.0,286.57,286.62,286.68,286.75,286.76,286.78,286.79,286.8,287.0,300,100,100,100,200,100,100,100,100,100,100,100,100,200,100,200,200,100,100,300
221.0,286.0,42000,12009744.0,285.42,285.41,285.4,285.34,285.3,285.21,285.17,285.13,285.03,285.02,286.54,286.55,286.56,286.57,286.62,286.68,286.75,286.76,286.78,286.79,100,100,400,100,100,100,200,100,100,100,100,100,200,100,100,200,100,200,200,100
222.0,285.42,42100,12038286.0,285.41,285.4,285.34,285.21,285.17,285.13,285.03,285.02,285.0,284.77,286.21,286.22,286.23,286.25,286.28,286.29,286.34,286.35,286.39,286.4,100,400,100,100,200,100,100,100,100,100,100,100,100,100,100,100,200,100,100,300
223.0,285.42,42100,12038286.0,285.41,285.4,285.34,285.21,285.17,285.13,285.03,285.02,285.0,284.77,286.21,286.22,286.23,286.25,286.28,286.29,286.34,286.35,286.39,286.4,100,400,100,100,200,100,100,100,100,100,100,100,100,100,100,100,100,100,100,300
224.0,285.42,42100,12038286.0,285.41,285.4,285.34,285.21,285.17,285.13,285.03,285.02,285.0,284.77,286.21,286.22,286.23,286.25,286.28,286.29,286.34,286.35,286.39,286.4,200,400,100,100,200,100,100,100,100,100,100,100,100,100,100,100,100,100,100,300
225.0,285.41,42200,12066827.0,285.41,285.4,285.34,285.21,285.17,285.13,285.03,285.02,285.0,284.77,286.21,286.22,286.23,286.25,286.28,286.29,286.34,286.35,286.39,286.4,100,400,100,100,200,100,100,100,100,100,100,100,100,100,100,100,100,100,100,300
226.0,285.41,42200,12066827.0,285.41,285.4,285.34,285.21,285.17,285.13,285.03,285.02,285.0,284.78,286.2,286.21,286.22,286.23,286.25,286.28,286.29,286.34,286.35,286.39,100,100,100,100,200,100,100,100,100,100,100,200,100,100,100,100,100,100,100,100
227.0,286.0,42300,12095427.0,285.57,285.41,285.4,285.34,285.21,285.17,285.13,285.03,285.02,285.0,285.96,285.97,285.98,286.0,286.21,286.22,286.28,286.29,286.35,286.39,100,100,100,100,100,200,100,100,100,100,100,100,100,100,100,100,100,100,100,100
228.0,286.0,42300,12095427.0,285.57,285.41,285.4,285.34,285.17,285.13,285.03,285.02,285.0,284.78,285.96,285.97,285.98,286.0,286.21,286.22,286.28,286.29,286.35,286.39,100,100,100,100,200,100,100,100,200,100,100,100,100,100,100,100,100,100,100,100
229.0,286.0,42300,12095427.0,285.57,285.41,285.4,285.34,285.17,285.13,285.03,285.02,285.0,284.78,285.96,285.97,285.98,286.0,286.21,286.22,286.28,286.29,286.35,286.39,100,100,100,100,200,100,100,100,300,100,100,100,100,100,100,100,100,100,100,100
230.0,285.41,43300,12380869.0,285.42,285.41,285.4,285.34,285.17,285.13,285.03,285.02,285.0,284.78,285.95,285.98,286.0,286.21,286.22,286.28,286.29,286.4,286.48,286.49,100,400,100,100,200,100,100,100,300,100,100,100,100,100,100,100,100,100,100,100
231.0,285.41,43300,12380869.0,285.42,285.41,285.4,285.34,285.17,285.13,285.03,285.02,285.0,284.78,285.95,285.98,286.0,286.21,286.22,286.28,286.29,286.4,286.48,286.49,100,400,100,100,200,100,100,100,300,100,100,100,100,100,100,100,100,100,100,100
232.0,285.41,43300,12380869.0,285.42,285.41,285.4,285.34,285.17,285.13,285.03,285.02,285.0,284.78,285.95,285.98,286.0,286.21,286.22,286.28,286.29,286.4,286.48,286.49,100,400,100,100,200,100,100,100,300,100,100,100,100,100,100,100,100,100,100,100
233.0,285.94,43500,12438058.0,285.42,285.41,285.4,285.34,285.17,285.13,285.03,285.02,285.0,284.78,285.98,286.0,286.21,286.22,286.28,286.29,286.4,286.48,286.49,286.5,100,100,100,100,200,100,100,100,300,100,100,100,100,100,100,100,100,100,100,100
234.0,285.42,43600,12466600.0,285.41,285.4,285.34,285.17,285.13,285.03,285.02,285.0,284.78,284.77,285.96,285.97,285.98,286.0,286.21,286.22,286.28,286.29,286.4,286.48,100,100,100,200,100,100,100,300,100,100,100,100,100,100,100,100,100,100,100,100
235.0,285.42,43600,12466600.0,285.4,285.34,285.17,285.13,285.03,285.02,285.0,284.78,284.77,284.76,285.96,285.97,285.98,286.0,286.21,286.22,286.28,286.29,286.4,286.48,100,100,200,100,100,100,300,100,100,500,100,100,100,100,100,100,100,100,100,100
236.0,285.42,43600,12466600.0,285.41,285.4,285.34,285.17,285.13,285.03,285.02,285.0,284.78,284.77,285.98,286.0,286.22,286.28,286.29,286.4,286.48,286.49,286.5,286.51,100,100,100,200,100,100,100,300,100,100,100,100,100,100,100,100,100,100,100,100
237.0,285.41,43700,12495141.0,285.4,285.34,285.17,285.13,285.03,285.02,285.0,284.78,284.77,284.76,285.98,286.0,286.22,286.28,286.29,286.4,286.48,286.49,286.5,286.51,100,100,200,100,100,100,300,100,100,500,100,100,100,100,100,100,100,100,100,100
238.0,285.41,43700,12495141.0,285.4,285.34,285.17,285.13,285.03,285.02,285.0,284.78,284.77,284.76,285.98,286.0,286.22,286.28,286.29,286.4,286.48,286.49,286.5,286.51,200,100,200,100,100,100,300,100,100,500,100,100,100,100,100,100,100,100,100,100
239.0,285.41,43700,12495141.0,285.4,285.34,285.17,285.13,285.03,285.02,285.0,284.78,284.77,284.76,285.94,285.98,286.0,286.22,286.28,286.29,286.4,286.48,286.49,286.5,200,100,200,100,100,100,300,100,100,500,100,100,400,100,100,100,100,100,100,100
240.0,285.41,43700,12495141.0,285.4,285.34,285.17,285.13,285.03,285.02,285.0,284.78,284.77,284.76,285.94,285.98,286.0,286.22,286.28,286.29,286.4,286.48,286.49,286.5,200,100,200,100,100,100,300,100,100,500,100,100,400,100,100,100,100,100,100,100
241.0,285.41,43700,12495141.0,285.4,285.34,285.17,285.13,285.03,285.02,285.0,284.78,284.77,284.76,285.92,285.93,285.94,285.98,286.0,286.22,286.28,286.29,286.4,286.48,300,100,200,100,100,100,300,100,100,500,100,100,100,100,400,100,100,100,100,100
242.0,285.41,43700,12495141.0,285.4,285.34,285.17,285.13,285.03,285.02,285.0,284.78,284.77,284.76,285.92,285.93,285.94,285.98,286.0,286.22,286.28,286.29,286.4,286.48,300,100,200,100,100,100,300,100,100,500,100,100,100,100,300,100,100,100,100,100
243.0,285.41,43700,12495141.0,285.4,285.34,285.17,285.13,285.03,285.02,285.0,284.78,284.77,284.76,285.92,285.93,285.94,285.98,286.0,286.22,286.28,286.29,286.4,286.48,300,100,200,100,100,100,400,100,100,500,100,100,100,100,300,100,100,100,100,100
244.0,285.41,43700,12495141.0,285.4,285.34,285.17,285.13,285.03,285.02,285.0,284.78,284.77,284.76,285.42,285.92,285.93,285.94,285.98,286.0,286.22,286.28,286.29,286.4,300,100,200,100,100,100,400,100,100,500,100,100,100,100,100,300,100,100,100,100
245.0,285.34,44100,12609295.0,285.32,285.17,285.13,285.03,285.02,285.0,284.78,284.77,284.76,284.59,285.41,285.42,285.94,285.98,286.0,286.22,286.28,286.29,286.4,286.48,100,200,100,100,100,400,100,100,500,100,300,100,100,100,300,100,100,100,100,100
246.0,285.4,44200,12637835.0,285.32,285.17,285.13,285.03,285.02,285.0,284.78,284.77,284.76,284.59,285.41,285.42,285.94,285.98,286.0,286.22,286.28,286.29,286.4,286.48,100,200,100,100,100,400,100,100,500,100,300,100,100,100,300,100,100,100,100,100
247.0,285.41,44300,12666376.0,285.32,285.17,285.13,285.03,285.02,285.0,284.78,284.77,284.76,284.59,285.41,285.42,285.94,285.98,286.0,286.22,286.28,286.29,286.4,286.48,100,200,100,100,100,400,100,100,500,100,200,100,100,100,300,100,100,100,100,100
248.0,285.41,44400,12694917.0,285.32,285.17,285.13,285.03,285.02,285.0,284.78,284.77,284.76,284.59,285.41,285.42,285.94,285.98,286.0,286.22,286.28,286.29,286.4,286.48,100,200,100,100,100,400,100,100,500,100,200,100,100,100,300,100,100,100,100,100
249.0,285.17,44700,12780479.0,285.03,285.02,285.0,284.78,284.77,284.76,284.59,284.5,284.49,284.48,285.41,285.42,285.94,285.98,286.0,286.22,286.28,286.29,286.4,286.48,100,100,400,100,100,500,100,500,100,100,200,100,100,100,300,100,100,100,100,100
250.0,285.17,44700,12780479.0,285.03,285.02,285.0,284.78,284.77,284.76,284.59,284.5,284.49,284.48,285.41,285.42,285.94,285.98,286.0,286.22,286.28,286.29,286.4,286.48,100,100,400,100,100,500,100,500,100,100,200,100,100,100,300,100,100,100,100,100
251.0,285.41,45100,12894617.0,285.15,285.03,285.0,284.78,284.77,284.76,284.59,284.5,284.49,284.48,285.41,285.42,285.94,285.98,286.0,286.22,286.28,286.29,286.4,286.48,100,100,400,100,100,500,100,500,100,100,100,100,100,100,300,100,100,100,100,100
252.0,285.41,45200,12923158.0,285.15,285.03,285.0,284.78,284.77,284.76,284.5,284.49,284.48,284.4,285.42,285.94,285.98,286.0,286.22,286.28,286.29,286.4,286.48,286.49,100,100,400,100,100,500,500,100,100,400,100,100,100,300,100,100,100,100,100,100
253.0,285.17,45300,12951675.0,285.15,285.03,285.0,284.78,284.77,284.76,284.5,284.49,284.48,284.4,285.42,285.94,285.98,286.0,286.22,286.28,286.29,286.4,286.48,286.49,100,100,400,100,100,500,500,100,100,400,100,100,100,300,100,100,100,100,100,100
254.0,285.17,45300,12951675.0,285.15,285.0,284.78,284.77,284.76,284.5,284.49,284.48,284.4,284.35,285.42,285.94,285.98,286.0,286.22,286.28,286.29,286.4,286.48,286.49,100,300,100,100,500,500,100,100,400,200,100,100,100,300,100,100,100,100,100,100
255.0,285.35,45700,13065802.0,285.0,284.78,284.76,284.5,284.49,284.48,284.4,284.35,284.3,284.25,285.48,285.64,285.93,285.94,285.98,286.0,286.22,286.28,286.29,286.4,300,100,500,500,100,100,400,200,100,100,200,200,200,100,100,300,100,100,100,100
256.0,285.48,45800,13094350.0,285.0,284.78,284.76,284.5,284.49,284.48,284.4,284.35,284.3,284.25,285.64,285.93,285.94,285.98,286.0,286.22,286.28,286.29,286.4,286.48,300,100,500,500,100,100,400,200,100,100,200,200,100,100,300,100,100,100,100,100
257.0,285.63,45900,13122913.0,285.02,285.01,285.0,284.78,284.76,284.5,284.49,284.48,284.4,284.35,285.86,285.92,285.94,285.98,286.0,286.22,286.29,286.4,286.48,286.49,200,100,300,100,500,500,100,100,400,200,200,100,100,100,300,100,100,100,100,100
258.0,285.02,46000,13151415.0,285.08,285.01,285.0,284.78,284.76,284.5,284.49,284.48,284.4,284.35,285.66,285.86,285.92,285.94,285.98,286.0,286.22,286.29,286.4,286.48,100,100,200,100,500,500,100,100,400,200,100,200,100,100,100,300,100,100,100,100
259.0,285.02,46000,13151415.0,285.08,285.01,285.0,284.78,284.76,284.5,284.49,284.48,284.4,284.35,285.66,285.86,285.92,285.94,285.98,286.0,286.22,286.29,286.4,286.48,100,100,200,100,500,500,100,100,400,200,100,200,100,100,100,300,100,100,100,100
260.0,285.02,46000,13151415.0,285.09,285.08,285.01,285.0,284.78,284.76,284.5,284.49,284.48,284.4,285.86,285.92,285.94,285.98,286.0,286.22,286.29,286.4,286.48,286.49,100,200,100,200,100,500,500,100,100,400,200,100,100,100,300,100,100,100,100,100
261.0,285.02,46000,13151415.0,285.08,285.0,284.78,284.76,284.5,284.49,284.48,284.4,284.35,284.25,285.49,285.59,285.6,285.8,285.86,285.94,285.98,286.0,286.29,286.3,200,200,100,500,500,100,100,400,200,100,100,100,100,100,200,100,100,300,100,100
262.0,285.02,46000,13151415.0,285.08,285.0,284.78,284.76,284.5,284.49,284.48,284.4,284.35,284.25,285.49,285.59,285.6,285.8,285.86,285.94,285.98,286.0,286.29,286.3,200,200,100,500,500,100,100,400,200,100,100,100,100,100,200,100,100,300,100,100
263.0,285.02,46000,13151415.0,285.08,285.0,284.78,284.76,284.5,284.49,284.48,284.4,284.35,284.25,285.49,285.59,285.6,285.8,285.86,285.94,285.98,286.29,286.3,286.4,200,200,100,500,500,100,100,400,200,100,100,100,100,100,200,100,100,100,100,100
264.0,285.02,46000,13151415.0,285.08,285.0,284.78,284.76,284.5,284.49,284.48,284.4,284.35,284.25,285.49,285.59,285.6,285.8,285.86,285.94,285.98,286.29,286.3,286.4,200,200,100,500,500,100,100,400,200,100,100,100,100,100,200,100,100,100,100,100
265.0,285.08,46100,13179923.0,285.08,285.0,284.78,284.76,284.5,284.49,284.48,284.4,284.35,284.25,285.49,285.59,285.6,285.8,285.86,285.94,285.98,286.29,286.3,286.4,100,200,100,500,500,100,100,400,200,100,100,100,100,100,200,100,100,100,100,100
266.0,285.08,46100,13179923.0,285.08,285.0,284.78,284.76,284.5,284.49,284.48,284.4,284.35,284.25,285.49,285.59,285.6,285.8,285.86,285.94,285.98,286.29,286.3,286.4,100,200,100,500,600,100,100,400,200,100,100,100,100,100,200,100,100,100,100,100
267.0,285.08,46100,13179923.0,285.08,285.0,284.78,284.76,284.5,284.49,284.48,284.4,284.35,284.25,285.48,285.59,285.6,285.8,285.86,285.94,285.98,286.29,286.3,286.4,100,200,100,500,600,100,100,400,200,100,100,100,100,100,100,100,100,100,100,100
268.0,285.08,46100,13179923.0,285.08,285.0,284.78,284.76,284.5,284.49,284.48,284.4,284.35,284.25,285.48,285.59,285.6,285.8,285.86,285.94,285.98,286.29,286.3,286.4,100,200,100,500,600,100,100,400,200,100,100,100,100,100,100,100,100,100,100,100
269.0,285.0,46300,13236931.0,285.0,284.78,284.76,284.5,284.49,284.48,284.4,284.35,284.34,284.25,285.08,285.47,285.48,285.59,285.6,285.8,285.86,285.94,285.98,286.29,100,100,300,600,100,100,400,200,100,100,200,100,100,100,100,100,100,100,100,100
270.0,285.08,46400,13265439.0,285.0,284.78,284.76,284.5,284.49,284.48,284.4,284.35,284.34,284.25,285.08,285.47,285.48,285.59,285.6,285.8,285.86,285.94,285.98,286.29,100,100,300,600,100,100,400,200,100,100,100,100,100,100,100,100,100,100,100,100
271.0,285.08,46400,13265439.0,285.0,284.78,284.5,284.49,284.48,284.4,284.35,284.34,284.25,284.08,285.08,285.32,285.33,285.47,285.48,285.59,285.6,285.8,285.86,285.94,100,100,600,100,100,400,200,100,100,100,100,100,100,100,100,100,100,100,100,100
272.0,285.08,46500,13293947.0,285.0,284.78,284.5,284.49,284.48,284.44,284.4,284.35,284.34,284.25,285.32,285.33,285.47,285.48,285.59,285.6,285.8,285.86,285.94,285.98,100,100,600,100,100,500,400,200,100,100,100,100,100,100,100,100,100,100,100,100
273.0,285.0,46600,13322447.0,284.8,284.78,284.5,284.49,284.48,284.44,284.4,284.35,284.34,284.25,285.32,285.33,285.47,285.48,285.59,285.6,285.8,285.86,285.94,285.98,100,100,600,100,100,500,400,200,100,100,100,100,100,100,100,100,100,100,100,100
274.0,285.0,46600,13322447.0,284.8,284.78,284.5,284.49,284.48,284.44,284.4,284.35,284.34,284.25,285.08,285.32,285.33,285.47,285.48,285.59,285.6,285.8,285.86,285.94,100,100,600,100,100,500,400,200,100,100,300,100,100,100,100,100,100,100,100,100
275.0,285.0,46600,13322447.0,285.0,284.8,284.78,284.5,284.49,284.48,284.44,284.4,284.35,284.34,285.08,285.32,285.33,285.47,285.48,285.59,285.6,285.8,285.86,285.94,100,100,100,600,100,100,500,400,200,100,300,100,100,100,100,100,100,100,100,100
276.0,285.08,46900,13407971.0,285.0,284.8,284.78,284.5,284.49,284.48,284.44,284.4,284.35,284.34,285.32,285.33,285.59,285.6,285.8,285.86,285.94,285.98,286.29,286.3,100,100,100,600,100,100,500,400,200,100,100,100,100,100,100,100,100,100,100,100
277.0,285.0,47000,13436471.0,284.8,284.78,284.5,284.49,284.48,284.44,284.4,284.35,284.34,284.25,285.32,285.33,285.59,285.6,285.8,285.86,285.94,285.98,286.29,286.3,100,100,600,100,100,500,400,200,100,100,100,100,100,100,100,100,100,100,100,100
278.0,285.0,47000,13436471.0,285.0,284.8,284.78,284.5,284.49,284.48,284.44,284.4,284.35,284.34,285.32,285.33,285.59,285.6,285.8,285.86,285.94,285.98,286.29,286.3,100,100,100,600,100,100,500,400,200,100,100,100,100,100,100,100,100,100,100,100
279.0,285.0,47000,13436471.0,285.05,285.0,284.8,284.78,284.5,284.49,284.48,284.44,284.4,284.35,285.32,285.33,285.59,285.6,285.8,285.86,285.94,285.98,286.29,286.3,100,100,100,100,600,100,100,500,400,200,100,100,100,100,100,100,100,100,100,100
280.0,285.0,47000,13436471.0,285.05,285.0,284.8,284.78,284.5,284.49,284.48,284.44,284.4,284.35,285.32,285.33,285.59,285.8,285.86,285.9,285.94,285.98,286.29,286.3,100,100,100,200,600,100,100,500,400,200,100,100,100,100,100,100,100,100,100,100
281.0,285.0,47000,13436471.0,285.05,285.0,284.8,284.78,284.5,284.49,284.48,284.44,284.4,284.35,285.32,285.33,285.5,285.59,285.8,285.86,285.9,285.94,285.98,286.29,200,100,100,200,600,100,100,500,400,200,100,100,100,100,100,100,100,100,100,100
282.0,285.0,47000,13436471.0,285.05,285.0,284.8,284.78,284.5,284.49,284.48,284.44,284.4,284.35,285.32,285.33,285.5,285.8,285.86,285.9,285.94,285.98,286.29,286.3,200,100,100,200,700,100,100,500,400,200,100,100,100,100,100,100,100,100,100,100
283.0,285.0,47000,13436471.0,285.05,285.0,284.8,284.78,284.5,284.49,284.48,284.44,284.4,284.35,285.32,285.33,285.5,285.8,285.86,285.9,285.94,285.98,286.29,286.3,200,100,100,200,700,100,100,500,400,200,100,100,100,100,100,100,100,100,100,100
284.0,285.0,47000,13436471.0,285.05,285.0,284.8,284.78,284.5,284.49,284.48,284.44,284.4,284.35,285.3,285.32,285.33,285.5,285.8,285.86,285.9,285.94,285.98,286.29,100,100,100,200,700,100,100,500,400,200,1000,100,100,100,100,100,100,100,100,100
285.0,285.0,47000,13436471.0,285.05,285.0,284.8,284.78,284.5,284.49,284.48,284.44,284.4,284.35,285.3,285.32,285.33,285.5,285.8,285.86,285.9,285.94,285.98,286.29,100,100,100,200,700,100,100,500,400,200,1000,100,100,100,100,100,100,100,100,100
286.0,285.0,47000,13436471.0,285.05,285.0,284.8,284.78,284.5,284.49,284.48,284.44,284.4,284.35,285.3,285.32,285.33,285.5,285.8,285.86,285.9,285.94,285.98,286.29,100,100,100,200,700,100,100,500,400,200,1000,100,100,100,100,100,100,100,100,100
287.0,285.05,47100,13464976.0,285.0,284.8,284.78,284.5,284.49,284.48,284.44,284.4,284.35,284.34,285.3,285.32,285.33,285.5,285.8,285.86,285.9,285.94,285.98,286.29,200,100,200,800,100,100,500,400,200,100,1000,100,100,100,100,100,100,100,100,100
288.0,285.05,47100,13464976.0,285.0,284.8,284.78,284.5,284.49,284.48,284.44,284.4,284.35,284.34,285.3,285.32,285.33,285.5,285.8,285.86,285.9,285.94,285.98,286.29,200,100,200,800,100,100,500,400,200,100,1000,100,100,100,100,100,100,100,100,100
289.0,285.05,47100,13464976.0,285.0,284.8,284.78,284.5,284.49,284.48,284.44,284.4,284.35,284.34,285.3,285.32,285.33,285.5,285.8,285.86,285.9,285.94,285.98,286.0,300,100,200,800,100,100,500,400,200,100,1000,100,100,100,100,100,100,100,100,100
290.0,285.05,47100,13464976.0,285.0,284.8,284.78,284.5,284.49,284.48,284.44,284.4,284.35,284.34,285.3,285.32,285.33,285.5,285.8,285.86,285.9,285.94,285.98,286.0,300,100,200,800,100,100,500,400,200,100,1000,100,100,100,100,100,100,100,100,100
291.0,285.05,47100,13464976.0,285.08,285.0,284.8,284.78,284.5,284.49,284.48,284.44,284.4,284.35,285.3,285.32,285.33,285.5,285.8,285.86,285.9,285.94,285.98,286.0,100,300,100,200,800,100,100,500,400,200,1000,100,100,100,100,100,100,100,100,100
292.0,285.05,47100,13464976.0,285.08,285.0,284.8,284.78,284.5,284.49,284.48,284.44,284.4,284.35,285.21,285.3,285.32,285.33,285.5,285.8,285.86,285.9,285.94,285.98,100,300,100,200,800,100,100,500,400,200,100,1000,100,100,100,100,100,100,100,100
293.0,285.05,47100,13464976.0,285.08,285.0,284.8,284.78,284.5,284.49,284.48,284.44,284.4,284.35,285.21,285.3,285.32,285.33,285.5,285.8,285.86,285.9,285.94,285.98,200,300,100,200,800,100,100,500,400,200,100,1000,100,100,100,100,100,100,100,100
294.0,285.05,47100,13464976.0,285.08,285.0,284.8,284.78,284.5,284.49,284.48,284.44,284.4,284.35,285.21,285.3,285.32,285.33,285.5,285.8,285.86,285.9,285.94,285.98,200,300,100,200,800,100,100,500,400,200,100,1000,100,100,100,100,100,100,100,100
295.0,285.21,47200,13493497.0,285.08,285.0,284.8,284.78,284.5,284.49,284.48,284.44,284.4,284.35,285.3,285.32,285.33,285.5,285.8,285.86,285.9,285.94,285.98,286.0,200,300,100,200,800,100,100,500,400,200,1000,100,100,100,100,100,100,100,100,200
296.0,285.08,47600,13607573.0,285.0,284.8,284.78,284.5,284.49,284.48,284.44,284.4,284.35,284.34,285.3,285.32,285.33,285.5,285.8,285.86,285.9,285.94,285.98,286.0,300,100,200,800,100,100,500,400,200,100,800,100,100,100,100,100,100,100,100,200
297.0,285.08,47600,13607573.0,285.0,284.8,284.78,284.5,284.49,284.48,284.44,284.4,284.35,284.34,285.3,285.32,285.33,285.5,285.8,285.86,285.9,285.94,285.98,286.0,300,100,200,800,100,100,500,400,200,100,800,100,100,100,100,100,100,100,100,200
298.0,285.08,47600,13607573.0,285.09,285.0,284.8,284.78,284.5,284.49,284.48,284.44,284.4,284.35,285.3,285.32,285.33,285.5,285.8,285.86,285.9,285.94,285.98,286.0,100,300,100,200,800,100,100,500,400,200,800,100,100,100,100,100,100,100,100,200
299.0,285.08,47600,13607573.0,285.09,285.0,284.8,284.78,284.5,284.49,284.48,284.44,284.4,284.35,285.3,285.32,285.33,285.5,285.8,285.86,285.9,285.94,285.98,286.0,100,300,100,200,800,100,100,500,400,200,800,100,100,100,100,100,100,100,100,200
300.0,285.09,47700,13636082.0,285.01,285.0,284.8,284.78,284.5,284.49,284.48,284.44,284.4,284.35,285.3,285.32,285.33,285.5,285.8,285.86,285.9,285.94,285.98,286.0,300,300,100,200,800,100,100,500,400,200,800,100,100,100,100,100,100,100,100,200
301.0,285.09,47700,13636082.0,285.01,285.0,284.8,284.78,284.5,284.49,284.48,284.44,284.4,284.35,285.3,285.32,285.33,285.5,285.8,285.86,285.9,285.94,285.98,286.0,300,300,100,200,800,100,100,500,400,200,800,100,100,100,100,100,100,100,100,200
302.0,285.3,48100,13750201.0,285.29,285.08,285.01,285.0,284.8,284.78,284.5,284.49,284.48,284.44,285.3,285.32,285.33,285.5,285.8,285.86,285.9,285.94,285.98,286.0,400,300,100,300,100,200,800,100,100,500,500,200,100,100,100,100,100,100,100,200
303.0,285.5,49000,14006998.0,285.29,285.08,285.01,285.0,284.8,284.78,284.5,284.49,284.48,284.44,285.9,285.94,285.98,286.0,286.29,286.3,286.4,286.48,286.49,286.5,400,300,100,300,100,200,700,100,100,500,100,100,100,200,100,100,100,100,100,100
304.0,285.5,49000,14006998.0,285.3,285.29,285.08,285.01,285.0,284.8,284.78,284.5,284.49,284.48,285.9,285.94,285.98,286.0,286.29,286.3,286.4,286.48,286.49,286.5,100,400,300,100,300,100,200,700,100,100,100,100,100,200,100,100,100,100,100,100
305.0,285.9,49300,14092652.0,285.3,285.29,285.08,285.01,285.0,284.78,284.5,284.49,284.48,284.44,285.94,285.98,286.0,286.29,286.3,286.4,286.48,286.49,286.5,286.51,100,500,300,100,200,200,600,100,100,500,100,100,200,100,100,100,100,100,100,100
306.0,285.98,49700,14206905.0,285.31,285.3,285.29,285.08,285.01,285.0,284.78,284.5,284.49,284.48,286.0,286.29,286.3,286.4,286.48,286.49,286.5,286.51,286.52,286.54,100,100,500,300,100,200,200,600,100,100,200,100,100,100,100,100,100,100,100,100
307.0,285.98,49700,14206905.0,285.38,285.37,285.34,285.33,285.32,285.31,285.3,285.29,285.1,285.08,286.0,286.29,286.3,286.4,286.48,286.49,286.5,286.51,286.52,286.54,200,100,400,200,100,100,100,500,100,300,200,100,100,100,100,100,100,100,100,100
308.0,285.98,49700,14206905.0,285.46,285.44,285.39,285.37,285.33,285.31,285.3,285.29,285.1,285.08,286.0,286.29,286.3,286.4,286.48,286.49,286.5,286.51,286.52,286.54,300,100,100,100,100,200,100,500,100,300,200,100,100,100,100,100,100,100,100,100
309.0,286.0,49900,14264051.0,285.48,285.47,285.46,285.39,285.37,285.31,285.3,285.29,285.1,285.08,286.0,286.29,286.3,286.4,286.48,286.49,286.5,286.51,286.52,286.54,200,100,200,100,100,200,100,500,100,300,100,100,100,100,100,100,100,100,100,100
310.0,286.0,49900,14264051.0,285.48,285.47,285.46,285.39,285.37,285.31,285.3,285.29,285.1,285.08,286.0,286.29,286.3,286.4,286.48,286.49,286.5,286.51,286.52,286.54,200,100,200,100,100,200,100,500,100,300,100,100,100,100,100,100,100,100,100,100
311.0,286.0,49900,14264051.0,285.49,285.48,285.47,285.46,285.39,285.37,285.32,285.31,285.3,285.29,286.0,286.29,286.3,286.4,286.48,286.49,286.5,286.51,286.52,286.54,100,100,100,200,100,100,100,100,100,400,100,100,100,100,100,100,100,100,100,100
312.0,286.0,49900,14264051.0,285.49,285.48,285.47,285.46,285.39,285.37,285.32,285.31,285.3,285.29,286.0,286.29,286.3,286.4,286.48,286.49,286.5,286.51,286.52,286.54,100,100,100,200,100,100,100,100,100,400,100,100,100,100,100,100,100,100,100,100
313.0,286.0,49900,14264051.0,285.49,285.48,285.47,285.46,285.39,285.37,285.32,285.31,285.3,285.29,286.0,286.29,286.3,286.4,286.48,286.49,286.5,286.51,286.52,286.54,100,100,100,200,100,100,100,100,100,400,100,100,100,100,100,100,100,100,100,100
314.0,286.0,49900,14264051.0,285.49,285.48,285.47,285.46,285.39,285.37,285.32,285.31,285.3,285.29,286.0,286.29,286.3,286.4,286.48,286.49,286.5,286.51,286.52,286.54,200,100,100,200,100,100,100,100,100,400,100,100,100,100,100,100,100,100,100,100
315.0,286.0,49900,14264051.0,285.5,285.49,285.48,285.47,285.46,285.39,285.37,285.32,285.31,285.3,286.0,286.29,286.3,286.4,286.48,286.49,286.5,286.51,286.52,286.54,100,200,100,100,200,100,100,100,100,100,100,100,100,100,100,100,100,100,100,100
316.0,286.0,49900,14264051.0,285.51,285.5,285.49,285.48,285.47,285.46,285.39,285.37,285.32,285.31,286.0,286.3,286.4,286.49,286.5,286.51,286.52,286.54,286.56,286.57,100,100,200,100,100,200,100,100,100,100,100,100,100,100,100,100,100,100,100,100
317.0,286.0,49900,14264051.0,285.51,285.5,285.49,285.48,285.47,285.46,285.39,285.37,285.32,285.31,286.0,286.2,286.3,286.4,286.52,286.54,286.56,286.57,286.68,286.76,100,200,200,100,100,200,100,100,100,100,100,100,100,100,100,100,100,100,200,100
318.0,286.0,49900,14264051.0,285.51,285.5,285.49,285.48,285.47,285.46,285.39,285.37,285.32,285.31,286.0,286.2,286.3,286.4,286.54,286.56,286.57,286.68,286.76,286.78,100,100,200,100,100,200,100,100,100,100,100,100,100,100,100,100,100,200,100,200
319.0,286.0,49900,14264051.0,285.51,285.5,285.49,285.48,285.47,285.46,285.39,285.37,285.32,285.31,286.0,286.2,286.3,286.4,286.54,286.56,286.57,286.68,286.76,286.78,100,100,200,100,100,200,100,100,100,100,100,100,100,100,100,100,100,200,100,200
320.0,286.0,49900,14264051.0,285.53,285.52,285.51,285.5,285.49,285.47,285.46,285.39,285.37,285.32,285.99,286.0,286.2,286.3,286.4,286.54,286.56,286.57,286.68,286.76,100,100,200,100,200,100,200,100,100,100,100,100,100,100,100,100,100,100,200,100
321.0,286.0,49900,14264051.0,285.53,285.52,285.51,285.5,285.49,285.47,285.46,285.39,285.37,285.32,285.99,286.0,286.2,286.3,286.4,286.54,286.56,286.57,286.76,286.78,100,100,200,100,200,100,200,100,100,100,100,100,100,100,100,100,100,100,100,200
322.0,285.99,50000,14292650.0,285.54,285.53,285.52,285.51,285.5,285.49,285.47,285.46,285.39,285.37,286.0,286.2,286.4,286.54,286.56,286.57,286.76,286.78,286.8,287.0,100,100,100,200,100,200,100,200,100,100,400,100,100,100,100,100,100,200,100,400
323.0,285.99,50000,14292650.0,285.54,285.53,285.52,285.51,285.49,285.47,285.46,285.39,285.37,285.32,285.99,286.0,286.2,286.4,286.54,286.56,286.57,286.76,286.78,286.8,100,200,100,200,100,100,200,100,100,100,100,400,100,100,100,100,100,100,200,100
324.0,285.99,50000,14292650.0,285.54,285.53,285.52,285.51,285.5,285.49,285.47,285.46,285.39,285.37,285.99,286.0,286.2,286.4,286.54,286.56,286.57,286.76,286.78,286.8,100,200,100,200,100,100,100,200,100,100,100,400,100,100,100,100,100,100,200,100
325.0,285.99,50000,14292650.0,285.54,285.53,285.52,285.51,285.5,285.49,285.47,285.46,285.39,285.37,285.99,286.0,286.2,286.4,286.54,286.56,286.57,286.76,286.78,286.8,100,200,100,200,100,100,100,200,100,100,100,400,100,100,100,100,100,100,200,100
326.0,285.99,50000,14292650.0,285.54,285.53,285.52,285.51,285.5,285.49,285.47,285.46,285.39,285.37,285.99,286.0,286.2,286.4,286.54,286.56,286.57,286.76,286.78,286.8,200,200,100,100,100,100,100,200,100,100,100,400,100,100,100,100,100,100,200,100
327.0,285.99,50000,14292650.0,285.54,285.53,285.52,285.51,285.5,285.49,285.47,285.46,285.39,285.37,285.99,286.0,286.2,286.4,286.54,286.56,286.57,286.76,286.78,286.8,200,100,100,100,100,100,100,200,100,100,100,400,100,100,100,100,100,100,200,100
328.0,285.99,50000,14292650.0,285.54,285.53,285.52,285.51,285.5,285.49,285.47,285.46,285.39,285.37,285.99,286.0,286.2,286.4,286.54,286.56,286.57,286.76,286.78,286.8,200,100,100,100,100,100,100,200,100,100,100,400,100,100,100,100,100,100,200,100
329.0,285.99,50000,14292650.0,285.54,285.53,285.52,285.51,285.5,285.49,285.47,285.46,285.39,285.37,285.99,286.0,286.2,286.4,286.54,286.56,286.57,286.76,286.78,286.8,200,100,100,100,100,100,100,200,100,100,100,400,100,100,100,100,100,100,200,100
330.0,285.54,50100,14321204.0,285.54,285.53,285.52,285.51,285.5,285.49,285.47,285.46,285.39,285.37,285.99,286.0,286.2,286.4,286.54,286.56,286.57,286.76,286.78,286.8,100,100,100,100,100,100,100,200,100,100,100,400,100,100,100,100,100,100,200,100
331.0,285.54,50100,14321204.0,285.54,285.53,285.52,285.51,285.5,285.49,285.47,285.46,285.39,285.37,285.99,286.0,286.2,286.4,286.54,286.56,286.57,286.76,286.78,286.8,100,100,100,100,100,100,100,200,100,100,100,400,100,100,100,100,100,100,200,100
332.0,285.54,50100,14321204.0,285.54,285.53,285.52,285.51,285.5,285.49,285.47,285.46,285.39,285.37,285.99,286.0,286.4,286.54,286.56,286.57,286.76,286.78,286.8,287.0,100,100,100,100,100,100,100,200,100,100,100,400,100,100,100,100,100,200,100,400
333.0,285.54,50200,14349758.0,285.53,285.52,285.5,285.47,285.46,285.39,285.3,285.29,285.08,285.0,285.76,285.99,286.0,286.4,286.54,286.56,286.57,286.76,286.78,286.8,100,100,100,100,200,100,100,400,300,400,200,100,400,100,100,100,100,100,200,100
334.0,285.54,50200,14349758.0,285.53,285.52,285.5,285.47,285.46,285.39,285.3,285.29,285.08,285.0,285.76,285.99,286.0,286.4,286.54,286.56,286.57,286.76,286.78,286.8,100,100,100,100,200,100,100,400,300,400,200,100,400,100,100,100,100,100,200,100
335.0,285.54,50300,14378312.0,285.53,285.52,285.5,285.47,285.46,285.39,285.3,285.29,285.08,285.0,285.72,285.75,285.76,285.99,286.0,286.4,286.5,286.54,286.56,286.57,200,100,100,100,200,100,100,400,300,600,100,100,200,100,500,100,100,100,100,100
336.0,285.67,50400,14406879.0,285.53,285.5,285.46,285.39,285.3,285.29,285.08,285.0,284.85,284.78,285.72,285.75,285.99,286.0,286.4,286.5,286.54,286.56,286.57,286.76,100,100,200,100,100,400,300,600,100,100,100,100,100,500,100,100,100,100,100,100
337.0,285.99,50800,14521179.0,285.53,285.5,285.46,285.39,285.3,285.08,285.0,284.85,284.78,284.51,286.0,286.4,286.5,286.54,286.56,286.57,286.76,286.78,286.8,287.0,100,100,200,100,100,300,800,100,100,100,500,100,100,100,100,100,100,200,100,400
338.0,285.99,50800,14521179.0,285.53,285.5,285.46,285.39,285.3,285.08,285.0,284.85,284.78,284.51,286.0,286.4,286.5,286.54,286.56,286.57,286.76,286.78,286.8,287.0,100,100,200,100,100,300,800,100,100,100,500,100,100,100,100,100,100,200,100,400
339.0,286.0,50900,14549779.0,285.54,285.53,285.5,285.46,285.39,285.3,285.08,285.0,284.85,284.78,285.9,286.0,286.4,286.5,286.54,286.56,286.57,286.76,286.78,286.8,100,100,100,200,100,100,300,900,100,100,100,400,100,100,100,100,100,100,200,100
340.0,286.0,50900,14549779.0,285.54,285.53,285.5,285.46,285.39,285.3,285.08,285.0,284.85,284.78,285.9,286.0,286.4,286.5,286.54,286.56,286.57,286.76,286.78,286.8,100,100,100,200,100,100,300,900,100,100,100,400,100,100,100,100,100,100,200,100
341.0,285.9,51000,14578369.0,285.54,285.53,285.5,285.46,285.39,285.3,285.08,285.0,284.85,284.78,285.99,286.0,286.4,286.5,286.54,286.56,286.57,286.76,286.78,286.8,200,100,100,200,100,100,300,900,100,100,200,600,100,100,100,100,100,100,200,100
342.0,285.54,51200,14635522.0,285.54,285.53,285.5,285.46,285.39,285.3,285.08,285.0,284.85,284.78,285.99,286.0,286.4,286.5,286.54,286.56,286.57,286.76,286.78,286.8,100,100,100,200,100,100,300,900,100,100,100,600,100,100,100,100,100,100,200,100
343.0,285.54,51200,14635522.0,285.54,285.53,285.5,285.46,285.39,285.3,285.08,285.0,284.85,284.78,285.99,286.0,286.4,286.5,286.54,286.56,286.57,286.76,286.78,286.8,100,100,200,200,100,100,300,900,100,100,100,600,100,100,100,100,100,100,200,100
344.0,285.54,51200,14635522.0,285.61,285.55,285.54,285.53,285.5,285.39,285.3,285.08,285.0,284.85,286.0,286.4,286.5,286.54,286.56,286.57,286.76,286.78,286.8,287.0,100,200,100,100,200,100,100,300,900,100,600,100,100,100,100,100,100,200,100,400
345.0,285.54,51200,14635522.0,285.68,285.62,285.55,285.54,285.53,285.5,285.39,285.3,285.08,285.0,286.0,286.4,286.5,286.54,286.56,286.57,286.76,286.78,286.8,287.0,100,200,200,100,100,100,100,100,300,900,600,100,100,100,100,100,100,200,100,400
346.0,286.0,51300,14664122.0,285.68,285.62,285.55,285.54,285.53,285.5,285.39,285.3,285.08,285.0,286.0,286.4,286.5,286.54,286.56,286.57,286.76,286.78,286.8,287.0,100,200,200,100,100,100,100,100,300,900,500,100,100,100,100,100,100,200,100,400
347.0,285.69,51500,14721261.0,285.69,285.68,285.62,285.55,285.5,285.39,285.3,285.08,285.0,284.85,286.0,286.4,286.5,286.57,286.76,286.78,286.8,287.0,287.01,287.19,100,100,200,200,100,100,100,300,900,100,500,100,100,100,100,200,100,400,100,100
348.0,285.69,51600,14749830.0,285.68,285.62,285.55,285.5,285.39,285.3,285.08,285.0,284.85,284.78,286.0,286.4,286.5,286.57,286.76,286.78,286.8,287.0,287.01,287.19,100,200,200,100,100,100,300,900,100,100,500,100,100,100,100,200,100,400,100,100
349.0,285.69,51600,14749830.0,285.68,285.62,285.55,285.5,285.39,285.3,285.08,285.0,284.85,284.78,286.0,286.4,286.5,286.53,286.57,286.76,286.78,286.8,287.0,287.01,100,200,200,100,100,100,300,900,100,100,500,100,100,200,100,100,200,100,400,100
350.0,285.69,51600,14749830.0,285.68,285.55,285.5,285.39,285.3,285.08,285.0,284.85,284.78,284.51,285.99,286.0,286.4,286.5,286.53,286.57,286.76,286.78,286.8,287.0,100,200,100,100,100,300,900,100,100,100,200,500,100,100,200,100,100,200,100,400
351.0,285.55,51800,14806953.0,285.55,285.5,285.39,285.3,285.08,285.0,284.85,284.78,284.51,284.5,285.6,285.62,285.66,285.98,285.99,286.0,286.4,286.5,286.53,286.57,100,100,100,100,300,900,100,100,100,900,200,100,100,100,100,500,100,100,200,100
352.0,285.55,51800,14806953.0,285.39,285.3,285.08,285.0,284.85,284.78,284.51,284.5,284.49,284.48,285.6,285.62,285.66,285.98,285.99,286.0,286.4,286.5,286.53,286.57,100,100,300,900,100,100,100,900,100,100,200,100,100,100,100,500,100,100,200,100
353.0,285.6,52000,14864073.0,285.55,285.08,285.0,284.85,284.78,284.51,284.5,284.49,284.48,284.44,285.6,285.66,285.98,285.99,286.0,286.4,286.5,286.53,286.57,286.76,100,300,900,100,100,100,900,100,100,500,100,100,100,100,500,100,100,200,100,100
354.0,285.6,52200,14921188.0,285.55,285.08,285.0,284.85,284.78,284.51,284.5,284.49,284.48,284.44,285.61,285.66,285.99,286.0,286.4,286.53,286.57,286.76,286.78,286.8,700,300,900,100,100,100,900,100,100,500,100,100,100,500,100,200,100,100,200,100
355.0,285.6,52200,14921188.0,285.55,285.08,285.0,284.85,284.78,284.51,284.5,284.49,284.48,284.44,285.61,285.66,285.99,286.0,286.4,286.53,286.57,286.76,286.78,286.8,700,300,900,100,100,100,900,100,100,500,100,100,100,500,100,200,100,100,200,100
356.0,285.6,52200,14921188.0,285.55,285.08,285.0,284.85,284.78,284.51,284.5,284.49,284.48,284.44,285.61,285.66,286.0,286.4,286.53,286.57,286.76,286.78,286.8,287.0,800,300,900,100,100,100,900,100,100,500,100,100,500,100,200,100,100,200,100,400
357.0,285.6,52200,14921188.0,285.56,285.55,285.08,285.0,284.85,284.78,284.51,284.5,284.49,284.48,285.61,285.66,286.0,286.4,286.53,286.57,286.76,286.78,286.8,287.0,100,800,300,900,100,100,100,900,100,100,100,100,500,100,200,100,100,200,100,400
358.0,285.6,52200,14921188.0,285.56,285.55,285.08,285.0,284.85,284.78,284.51,284.5,284.49,284.48,285.61,285.66,286.0,286.4,286.53,286.57,286.76,286.78,286.8,287.0,100,800,300,900,100,100,100,900,100,100,100,100,500,100,200,100,100,200,100,400
359.0,285.55,52700,15063964.0,285.55,285.08,285.0,284.85,284.78,284.51,284.5,284.49,284.48,284.44,285.61,285.66,286.0,286.4,286.53,286.57,286.76,286.78,286.8,287.0,400,300,900,100,100,100,900,100,100,500,100,100,500,100,200,100,100,200,100,400
360.0,285.55,52700,15063964.0,285.55,285.08,285.0,284.85,284.78,284.51,284.5,284.49,284.48,284.44,285.61,285.66,286.0,286.4,286.53,286.57,286.76,286.78,286.8,287.0,400,300,900,100,100,100,900,100,100,500,100,100,500,100,200,100,100,200,100,400
361.0,285.86,53000,15149677.0,285.67,285.6,285.58,285.55,285.08,285.0,284.85,284.78,284.51,284.5,286.0,286.4,286.53,286.57,286.76,286.78,286.8,287.0,287.01,287.19,200,100,800,500,300,900,100,100,100,900,500,100,200,100,100,200,100,400,100,100
362.0,286.0,53100,15178277.0,285.7,285.68,285.6,285.58,285.55,285.08,285.0,284.85,284.78,284.51,286.0,286.4,286.53,286.57,286.76,286.78,286.8,287.0,287.01,287.19,200,100,100,800,500,300,900,100,100,100,400,100,200,100,100,200,100,400,100,100
363.0,286.0,53200,15206877.0,285.7,285.61,285.6,285.58,285.55,285.08,285.0,284.85,284.78,284.51,286.0,286.4,286.53,286.57,286.76,286.78,286.8,287.0,287.01,287.19,200,100,100,800,500,300,900,100,100,100,300,100,200,100,100,200,100,400,100,100
364.0,286.0,53200,15206877.0,285.76,285.7,285.61,285.6,285.58,285.55,285.08,285.0,284.85,284.78,286.0,286.4,286.53,286.57,286.76,286.78,286.8,287.0,287.01,287.19,100,200,100,100,800,500,300,900,100,100,300,100,200,100,100,200,100,400,100,100
365.0,286.0,53200,15206877.0,285.76,285.7,285.61,285.6,285.58,285.55,285.08,285.0,284.85,284.78,285.96,285.97,286.0,286.4,286.53,286.57,286.76,286.78,286.8,287.0,100,100,100,100,800,400,300,900,100,100,100,100,300,100,200,100,100,200,100,400
366.0,285.76,53400,15264049.0,285.7,285.61,285.6,285.58,285.55,285.08,285.0,284.85,284.78,284.51,285.97,286.0,286.4,286.53,286.57,286.78,286.8,287.0,287.01,287.19,100,100,100,800,400,300,900,100,100,100,100,300,100,200,100,200,100,400,100,100
367.0,285.76,53400,15264049.0,285.7,285.61,285.6,285.58,285.55,285.08,285.0,284.85,284.78,284.51,285.97,286.0,286.4,286.53,286.57,286.78,286.8,287.0,287.01,287.19,100,100,100,800,500,300,900,100,100,100,100,300,100,200,100,200,100,400,100,100
368.0,285.76,53400,15264049.0,285.7,285.61,285.6,285.58,285.55,285.08,285.0,284.85,284.78,284.51,285.97,286.0,286.4,286.53,286.57,286.78,286.8,287.0,287.01,287.19,100,100,100,800,500,300,900,100,100,100,100,300,100,200,100,200,100,400,100,100
369.0,285.76,53400,15264049.0,285.7,285.61,285.6,285.58,285.55,285.08,285.0,284.85,284.78,284.51,285.97,286.0,286.4,286.53,286.57,286.78,286.8,287.0,287.01,287.19,100,100,100,800,500,300,900,100,100,100,100,300,100,200,100,200,100,400,100,100
370.0,285.76,53400,15264049.0,285.7,285.61,285.6,285.58,285.55,285.08,285.0,284.85,284.78,284.51,285.97,286.0,286.4,286.53,286.57,286.78,286.8,287.0,287.01,287.19,100,100,100,800,500,300,900,100,100,100,300,300,100,200,100,200,100,400,100,100
371.0,285.76,53400,15264049.0,285.7,285.61,285.6,285.58,285.55,285.08,285.0,284.85,284.78,284.51,285.97,286.0,286.4,286.53,286.57,286.78,286.8,287.0,287.01,287.19,100,100,100,800,500,300,900,100,100,100,300,300,100,200,100,200,100,400,100,100
372.0,285.76,53400,15264049.0,285.7,285.61,285.6,285.58,285.55,285.08,285.0,284.85,284.78,284.51,285.97,286.0,286.4,286.53,286.57,286.78,286.8,287.0,287.01,287.19,100,100,100,800,500,300,900,100,100,100,300,300,100,200,100,200,100,400,100,100
373.0,285.76,53400,15264049.0,285.7,285.61,285.6,285.58,285.55,285.08,285.0,284.85,284.78,284.51,285.97,286.0,286.4,286.53,286.57,286.78,286.8,287.0,287.01,287.19,100,100,100,800,500,300,900,100,100,100,300,300,100,200,100,200,100,400,100,100
374.0,285.76,53400,15264049.0,285.7,285.61,285.6,285.58,285.55,285.08,285.0,284.85,284.78,284.51,285.97,286.0,286.4,286.53,286.57,286.78,286.8,287.0,287.01,287.19,100,100,100,800,500,300,900,100,100,100,300,300,100,200,100,200,100,400,100,100
375.0,285.76,53400,15264049.0,285.7,285.61,285.6,285.58,285.55,285.08,285.0,284.85,284.78,284.51,285.97,286.0,286.4,286.53,286.57,286.78,286.8,287.0,287.01,287.19,100,100,100,800,500,300,900,100,100,100,300,300,100,200,100,200,100,400,100,100
376.0,285.76,53400,15264049.0,285.7,285.61,285.6,285.58,285.55,285.08,285.0,284.85,284.78,284.51,285.97,286.0,286.4,286.53,286.57,286.78,286.8,287.0,287.01,287.19,100,100,100,800,500,300,900,100,100,100,300,300,100,200,100,200,100,400,100,100
377.0,286.0,54100,15464222.0,286.06,286.0,285.73,285.71,285.7,285.61,285.6,285.58,285.55,285.08,286.52,286.53,286.78,286.8,287.0,287.01,287.19,287.5,287.73,287.84,200,100,200,100,100,100,100,800,500,300,400,200,200,100,400,100,100,100,200,100
378.0,286.0,54100,15464222.0,286.06,286.0,285.99,285.73,285.71,285.7,285.61,285.6,285.58,285.55,286.52,286.53,286.78,286.8,287.0,287.01,287.19,287.5,287.73,287.84,200,100,100,200,100,100,100,100,800,500,400,200,200,100,400,100,100,100,200,100
379.0,285.76,54600,15607209.0,285.82,285.81,285.8,285.79,285.78,285.76,285.73,285.71,285.7,285.61,286.52,286.53,286.78,286.8,287.0,287.01,287.19,287.5,287.73,287.84,400,100,100,100,100,1700,200,100,100,100,400,200,200,100,400,100,100,100,200,100
380.0,285.76,54600,15607209.0,286.06,285.79,285.78,285.76,285.73,285.71,285.61,285.6,285.58,285.55,286.52,286.53,286.78,286.8,287.0,287.01,287.19,287.5,287.73,287.84,100,100,100,1500,200,100,100,100,800,500,400,200,200,100,400,100,100,100,200,100
381.0,286.04,54800,15664419.0,285.8,285.79,285.78,285.76,285.73,285.71,285.61,285.6,285.58,285.55,286.52,286.53,286.78,286.8,287.0,287.01,287.19,287.5,287.73,287.84,100,100,100,1500,200,100,100,100,800,500,400,200,200,100,400,100,100,100,200,100
382.0,286.52,55000,15721723.0,285.86,285.85,285.84,285.83,285.82,285.81,285.8,285.79,285.78,285.76,286.52,286.53,286.78,286.8,287.0,287.01,287.19,287.5,287.73,287.84,100,100,100,100,500,100,100,100,100,1100,200,200,200,100,400,100,100,100,200,100
383.0,286.52,55100,15750375.0,286.11,285.98,285.97,285.96,285.95,285.94,285.88,285.87,285.86,285.85,286.52,286.53,286.78,286.8,287.0,287.01,287.19,287.5,287.73,287.84,100,100,300,100,200,100,100,400,100,100,100,200,200,100,400,100,100,100,200,100
384.0,286.53,55400,15836333.0,286.52,286.11,285.98,285.96,285.95,285.94,285.88,285.87,285.86,285.85,286.78,286.8,287.0,287.01,287.19,287.5,287.73,287.84,287.9,287.95,1200,100,100,100,200,100,100,400,100,100,200,100,400,100,100,100,200,100,300,200
385.0,286.52,55600,15893637.0,286.52,286.11,285.98,285.96,285.95,285.94,285.88,285.87,285.86,285.85,286.78,286.8,287.0,287.01,287.19,287.5,287.73,287.84,287.9,287.95,1000,100,100,100,100,100,100,400,100,100,200,100,400,100,100,100,200,100,300,200
386.0,286.8,56000,16008351.0,286.52,286.11,285.98,285.96,285.95,285.94,285.88,285.87,285.86,285.83,287.0,287.01,287.19,287.5,287.73,287.84,287.9,287.95,287.98,287.99,1100,100,100,100,100,100,100,400,100,100,400,100,100,100,200,100,300,200,100,200
387.0,286.52,56200,16065655.0,286.52,286.11,285.98,285.96,285.95,285.94,285.88,285.87,285.86,285.83,286.99,287.0,287.01,287.19,287.5,287.73,287.84,287.9,287.95,287.98,900,100,100,100,100,100,100,400,100,100,300,400,100,100,100,200,100,300,200,100
388.0,286.53,56300,16094308.0,286.52,286.11,285.98,285.96,285.95,285.94,285.88,285.87,285.86,285.83,286.99,287.0,287.01,287.19,287.5,287.73,287.84,287.9,287.95,287.98,900,100,100,100,100,100,100,400,100,100,300,400,100,100,100,200,100,300,200,100
389.0,286.82,56400,16122990.0,286.52,286.11,285.98,285.95,285.94,285.88,285.87,285.86,285.83,285.81,286.99,287.0,287.01,287.19,287.5,287.73,287.84,287.9,287.95,287.98,900,100,100,100,100,100,400,100,100,100,100,400,100,100,100,200,100,300,200,100
390.0,286.99,56500,16151689.0,286.52,286.11,285.98,285.95,285.94,285.88,285.87,285.86,285.83,285.81,287.0,287.01,287.19,287.5,287.73,287.84,287.9,287.95,287.98,287.99,900,100,100,100,100,100,400,100,100,100,400,100,100,100,200,100,200,200,100,200
391.0,286.99,56500,16151689.0,286.53,286.52,286.11,285.98,285.95,285.94,285.88,285.87,285.86,285.83,287.0,287.01,287.19,287.5,287.73,287.84,287.9,287.95,287.98,287.99,100,900,100,100,100,100,100,400,100,100,400,100,100,100,200,100,200,200,100,200
392.0,287.0,56600,16180389.0,286.53,286.52,286.11,285.98,285.95,285.94,285.88,285.87,285.86,285.83,287.0,287.01,287.19,287.5,287.73,287.84,287.9,287.95,287.98,287.99,100,900,100,100,100,100,100,400,100,100,300,100,100,100,200,100,200,200,100,200
393.0,286.98,56800,16237787.0,286.53,286.52,286.11,285.98,285.95,285.94,285.88,285.87,285.86,285.83,286.98,287.0,287.01,287.19,287.5,287.73,287.84,287.9,287.95,287.98,100,900,100,100,100,100,100,400,100,100,100,200,100,100,100,200,100,200,200,100
394.0,286.98,56800,16237787.0,286.53,286.52,286.11,285.98,285.95,285.94,285.88,285.87,285.86,285.83,286.98,287.0,287.19,287.5,287.73,287.84,287.9,287.95,287.98,287.99,100,900,100,100,100,100,100,400,100,100,100,200,100,100,200,100,200,200,100,200
395.0,287.0,57000,16295185.0,286.74,286.62,286.53,286.52,286.11,285.98,285.95,285.88,285.87,285.86,287.0,287.19,287.5,287.73,287.84,287.9,287.95,287.98,287.99,288.0,300,100,200,900,100,100,100,100,400,100,100,100,100,200,100,200,200,100,200,2500
396.0,287.0,57000,16295185.0,286.74,286.62,286.53,286.52,286.11,285.98,285.95,285.88,285.87,285.86,287.0,287.19,287.5,287.73,287.84,287.9,287.95,287.98,287.99,288.0,300,100,200,900,100,100,100,100,400,100,100,100,100,200,100,200,200,100,200,2500
397.0,287.0,57000,16295185.0,286.74,286.62,286.53,286.52,286.11,285.98,285.95,285.88,285.87,285.86,287.0,287.19,287.5,287.73,287.84,287.9,287.95,287.98,287.99,288.0,300,100,200,900,100,100,100,100,400,100,100,100,100,200,100,200,200,100,200,2500
398.0,287.73,57400,16410127.0,287.05,286.89,286.75,286.53,286.52,285.98,285.95,285.88,285.87,285.86,287.47,287.49,287.5,287.61,287.73,287.84,287.9,287.95,287.98,287.99,200,200,100,100,800,100,100,100,400,100,100,100,100,200,100,100,200,200,100,200
399.0,287.05,57700,16496255.0,287.02,286.98,286.89,286.75,286.53,286.52,285.98,285.95,285.88,285.87,287.03,287.49,287.5,287.61,287.73,287.84,287.9,287.95,287.98,287.99,100,100,200,100,100,800,100,100,100,400,100,100,100,200,100,100,200,200,100,200
400.0,287.05,57700,16496255.0,287.02,287.01,287.0,286.98,286.89,286.75,286.53,286.52,285.98,285.95,287.03,287.28,287.49,287.5,287.61,287.73,287.84,287.9,287.95,287.98,100,100,100,200,200,100,100,800,100,100,100,100,100,100,200,100,100,200,200,100
401.0,287.49,57900,16553707.0,287.28,287.05,287.02,287.01,287.0,286.98,286.75,286.52,285.98,285.95,287.5,287.61,287.73,287.84,287.9,287.95,287.98,287.99,288.0,288.16,100,200,100,100,100,200,100,800,100,100,100,200,100,100,200,200,100,200,2500,100
402.0,287.49,57900,16553707.0,287.28,287.05,287.02,287.0,286.98,286.75,286.52,285.98,285.95,285.88,287.5,287.61,287.73,287.84,287.9,287.95,287.98,287.99,288.0,288.16,100,200,100,100,200,100,800,100,100,100,100,200,100,100,200,200,100,200,2500,100
403.0,287.49,57900,16553707.0,287.28,287.05,287.04,287.02,287.0,286.98,286.75,286.52,286.0,285.98,287.5,287.61,287.73,287.84,287.9,287.95,287.98,287.99,288.0,288.16,100,200,100,100,100,200,100,800,100,100,100,200,100,100,200,200,100,200,2500,100
404.0,287.51,58100,16611208.0,287.28,287.19,287.05,287.02,287.0,286.98,286.75,286.52,286.0,285.98,287.61,287.73,287.84,287.9,287.95,287.98,287.99,288.0,288.16,288.2,200,100,100,100,100,200,100,800,100,100,200,100,100,200,200,100,200,2500,100,400
405.0,287.51,58100,16611208.0,287.28,287.19,287.05,287.02,287.0,286.98,286.75,286.52,286.0,285.98,287.61,287.73,287.84,287.9,287.95,287.98,287.99,288.0,288.16,288.2,200,100,100,100,100,200,100,800,100,100,200,100,100,200,200,100,200,2500,100,400
