LocalTime,LastPrice,TradeVolume,TradeValue,BidPrice1,BidPrice2,BidPrice3,BidPrice4,BidPrice5,BidPrice6,BidPrice7,BidPrice8,BidPrice9,BidPriceA,AskPrice1,AskPrice2,AskPrice3,AskPrice4,AskPrice5,AskPrice6,AskPrice7,AskPrice8,AskPrice9,AskPriceA,BidVolume1,BidVolume2,BidVolume3,BidVolume4,BidVolume5,BidVolume6,BidVolume7,BidVolume8,BidVolume9,BidVolumeA,AskVolume1,AskVolume2,AskVolume3,AskVolume4,AskVolume5,AskVolume6,AskVolume7,AskVolume8,AskVolume9,AskVolumeA
0.0,29.23,1000,29230.0,28.8,28.73,28.68,28.6,28.58,28.51,28.5,28.3,28.2,28.18,29.24,29.25,29.26,29.27,29.28,29.43,29.44,29.45,29.59,29.65,100,400,200,1600,600,200,100,100,100,100,200,200,1200,500,500,500,200,900,200,400
1.0,29.23,1000,29230.0,28.8,28.73,28.68,28.6,28.58,28.51,28.5,28.3,28.2,28.18,29.24,29.25,29.26,29.27,29.28,29.29,29.43,29.44,29.45,29.59,100,400,200,1600,600,200,100,100,100,100,200,200,1200,500,500,900,500,200,900,200
2.0,29.24,1100,32154.0,28.8,28.73,28.68,28.6,28.58,28.51,28.5,28.3,28.2,28.18,29.24,29.25,29.26,29.27,29.28,29.29,29.43,29.44,29.45,29.59,100,400,200,1600,600,200,100,100,100,100,100,200,1600,500,500,900,500,200,900,200
3.0,29.24,1100,32154.0,28.81,28.8,28.73,28.68,28.6,28.58,28.51,28.5,28.3,28.2,29.13,29.23,29.24,29.25,29.26,29.27,29.28,29.29,29.43,29.44,1000,100,400,200,1600,600,200,100,100,100,100,200,100,200,1600,500,500,900,500,200
4.0,29.24,1100,32154.0,28.82,28.81,28.8,28.73,28.68,28.6,28.58,28.51,28.5,28.3,29.13,29.23,29.24,29.25,29.26,29.27,29.28,29.29,29.41,29.43,3400,1000,100,400,200,1600,600,200,100,100,100,3200,100,200,1600,500,500,900,500,500
5.0,29.13,1200,35067.0,29.02,28.82,28.81,28.8,28.73,28.68,28.6,28.58,28.51,28.5,29.23,29.24,29.25,29.26,29.27,29.28,29.29,29.3,29.41,29.43,2000,3400,3000,100,400,200,1600,600,200,100,3200,100,1300,1600,500,500,900,300,500,500
6.0,29.23,1800,52605.0,29.14,29.02,28.82,28.81,28.8,28.73,28.68,28.6,28.58,28.51,29.23,29.24,29.25,29.26,29.27,29.28,29.29,29.3,29.41,29.43,100,2000,3400,3000,100,400,200,1600,600,200,2600,100,1300,1600,500,500,900,300,500,500
7.0,29.14,1900,55519.0,29.14,29.02,28.82,28.81,28.8,28.73,28.68,28.6,28.58,28.51,29.18,29.22,29.23,29.24,29.25,29.26,29.27,29.28,29.29,29.3,100,2000,3400,3000,2600,400,200,1600,600,200,400,600,4700,100,1300,1600,500,500,900,300
8.0,29.14,2100,61351.0,29.08,29.02,28.82,28.81,28.8,28.73,28.68,28.6,28.58,28.51,29.18,29.22,29.23,29.24,29.25,29.26,29.27,29.28,29.29,29.3,200,2000,3400,3000,2700,400,200,1600,600,200,300,600,4600,100,3300,1600,500,500,900,300
9.0,29.14,2100,61351.0,29.08,29.02,28.82,28.81,28.8,28.73,28.68,28.6,28.58,28.51,29.18,29.22,29.23,29.24,29.25,29.26,29.27,29.28,29.29,29.3,200,2000,3400,3000,2700,400,200,1600,600,200,300,600,4600,100,3900,1600,500,500,900,300
10.0,29.08,2300,67167.0,29.06,29.02,28.82,28.81,28.8,28.73,28.68,28.6,28.58,28.51,29.08,29.17,29.18,29.22,29.23,29.24,29.25,29.26,29.27,29.28,600,2000,3400,3000,2700,400,200,1600,600,200,300,100,300,600,4600,100,3900,1600,500,1300
11.0,29.14,3600,105013.0,29.14,29.08,29.06,29.02,28.82,28.81,28.8,28.75,28.73,28.68,29.17,29.18,29.22,29.23,29.24,29.25,29.26,29.27,29.28,29.29,200,4000,900,2000,3400,3200,1200,100,400,200,100,300,600,4600,100,3900,1600,500,1300,900
12.0,29.18,3900,113766.0,29.14,29.08,29.06,29.02,28.82,28.81,28.8,28.75,28.73,28.68,29.18,29.22,29.23,29.24,29.25,29.26,29.27,29.28,29.29,29.3,200,3300,300,2000,3400,3200,1200,100,400,200,100,600,4600,100,3900,1600,500,1300,900,300
13.0,29.18,4200,122518.0,29.18,29.15,29.14,29.08,29.06,29.02,28.82,28.81,28.8,28.75,29.22,29.23,29.24,29.25,29.26,29.27,29.28,29.29,29.3,29.41,700,200,200,3500,300,2000,3400,3200,1100,100,600,4600,100,3900,1200,500,1300,900,300,500
14.0,29.18,4200,122518.0,29.18,29.15,29.14,29.08,29.06,29.02,28.82,28.81,28.8,28.75,29.22,29.23,29.24,29.25,29.26,29.27,29.28,29.29,29.3,29.41,600,200,200,3700,100,2000,3400,3200,1100,100,600,4600,100,3900,1200,500,1300,900,300,500
15.0,29.18,4800,140026.0,29.15,29.14,29.08,29.06,29.02,28.82,28.81,28.8,28.75,28.73,29.21,29.22,29.23,29.24,29.25,29.26,29.27,29.28,29.29,29.3,200,200,3700,100,2000,3400,3200,1100,100,400,100,600,4600,100,3900,1200,500,1300,900,300
16.0,29.15,5000,145859.0,29.15,29.14,29.08,29.02,28.82,28.81,28.8,28.75,28.73,28.68,29.21,29.22,29.23,29.24,29.25,29.26,29.27,29.28,29.29,29.3,100,200,3800,2000,3400,3200,1100,100,400,200,100,600,4600,100,3900,1200,500,1300,900,300
17.0,29.15,5000,145859.0,29.15,29.14,29.08,29.02,28.82,28.81,28.8,28.75,28.73,28.68,29.2,29.21,29.22,29.23,29.24,29.25,29.26,29.27,29.28,29.29,100,200,3700,2000,3400,3200,1100,100,400,200,100,100,600,4600,100,3900,1200,500,1300,900
18.0,29.15,5100,148774.0,29.14,29.08,29.02,28.82,28.81,28.8,28.75,28.73,28.68,28.6,29.19,29.2,29.21,29.22,29.23,29.24,29.25,29.26,29.27,29.28,200,3700,2000,3400,3200,1100,100,400,200,1600,400,100,100,600,4600,100,3900,1200,500,1300
19.0,29.15,5100,148774.0,29.14,29.08,29.02,28.82,28.81,28.8,28.75,28.73,28.68,28.6,29.19,29.2,29.21,29.22,29.23,29.24,29.25,29.26,29.27,29.28,200,3700,2000,3400,3200,1100,100,400,200,1600,400,100,100,600,4600,100,3900,1200,500,1300
20.0,29.15,5100,148774.0,29.14,29.1,29.08,29.02,28.81,28.8,28.75,28.73,28.68,28.6,29.18,29.19,29.2,29.21,29.22,29.23,29.24,29.25,29.26,29.27,100,300,3700,2000,3200,1100,100,400,200,1600,100,400,100,100,600,4600,100,3900,1200,500
21.0,29.15,5100,148774.0,29.14,29.1,29.08,29.02,28.81,28.8,28.75,28.73,28.68,28.6,29.18,29.19,29.2,29.21,29.22,29.23,29.24,29.25,29.26,29.27,100,300,3700,2000,3200,1100,100,400,200,1600,100,400,100,100,600,4600,100,3900,1200,500
22.0,29.15,5100,148774.0,29.14,29.1,29.08,29.02,28.81,28.8,28.75,28.73,28.68,28.6,29.18,29.19,29.2,29.21,29.22,29.23,29.24,29.25,29.26,29.27,100,300,3700,2000,3200,1100,100,400,200,1600,100,400,100,100,600,4600,100,3900,1200,500
23.0,29.15,5100,148774.0,29.14,29.1,29.08,29.02,28.81,28.8,28.75,28.73,28.68,28.6,29.18,29.19,29.2,29.21,29.22,29.23,29.24,29.25,29.26,29.27,100,300,3700,2000,3200,1100,100,400,200,1600,100,400,100,100,600,4600,100,3900,1200,500
24.0,29.15,5100,148774.0,29.14,29.1,29.08,29.02,28.81,28.8,28.75,28.73,28.68,28.6,29.18,29.19,29.2,29.21,29.22,29.23,29.24,29.25,29.26,29.27,100,300,3700,2000,3000,1100,100,400,200,1600,100,400,100,100,600,4600,100,3900,1200,500
25.0,29.15,5100,148774.0,29.14,29.1,29.08,29.02,28.81,28.8,28.75,28.73,28.68,28.6,29.18,29.19,29.2,29.21,29.22,29.23,29.24,29.25,29.26,29.27,100,300,3700,2000,3000,1100,100,400,200,1600,100,400,100,100,600,4600,100,3900,1200,500
26.0,29.15,5100,148774.0,29.14,29.1,29.08,29.02,28.81,28.8,28.75,28.73,28.68,28.6,29.16,29.17,29.18,29.19,29.2,29.21,29.22,29.23,29.24,29.25,100,300,3700,2000,3000,1100,100,400,200,1600,100,100,100,400,100,100,600,4600,100,3900
27.0,29.1,5500,160418.0,29.08,29.02,28.81,28.8,28.75,28.73,28.68,28.6,28.58,28.51,29.16,29.17,29.18,29.19,29.2,29.21,29.22,29.23,29.24,29.25,3700,2000,3000,1100,100,400,200,1600,600,200,100,100,100,400,100,100,600,4600,100,3900
28.0,29.1,5500,160418.0,29.1,29.08,29.02,28.81,28.8,28.75,28.73,28.68,28.6,28.58,29.16,29.17,29.18,29.19,29.2,29.21,29.22,29.23,29.24,29.25,3300,3700,2000,3000,1100,100,400,200,1600,600,200,100,100,400,100,100,600,4600,100,3900
29.0,29.1,5500,160418.0,29.1,29.08,29.02,28.81,28.8,28.75,28.73,28.68,28.6,28.58,29.16,29.17,29.18,29.19,29.2,29.21,29.22,29.23,29.24,29.25,3300,3700,2000,3000,1100,100,400,200,1600,600,300,100,100,400,100,100,600,4600,100,3900
30.0,29.1,5500,160418.0,29.1,29.08,29.02,28.81,28.8,28.75,28.73,28.68,28.6,28.58,29.16,29.17,29.18,29.19,29.2,29.21,29.22,29.23,29.24,29.25,3300,3700,2000,3000,1100,100,400,200,1600,600,300,100,100,400,100,100,600,4600,100,3900
31.0,29.1,5800,169148.0,29.1,29.08,29.02,28.81,28.8,28.75,28.73,28.68,28.6,28.58,29.16,29.17,29.18,29.19,29.2,29.21,29.22,29.23,29.24,29.25,3000,3700,2000,3000,1100,100,400,200,1600,600,300,100,100,400,100,100,600,4600,100,3900
32.0,29.1,5800,169148.0,29.1,29.08,29.02,28.81,28.8,28.75,28.73,28.68,28.6,28.58,29.16,29.17,29.18,29.19,29.2,29.21,29.22,29.23,29.24,29.25,3000,3700,2000,3000,1100,100,400,200,1600,600,400,100,100,400,100,100,600,4600,100,3900
33.0,29.1,5800,169148.0,29.1,29.08,29.02,28.81,28.8,28.75,28.73,28.68,28.6,28.58,29.16,29.17,29.18,29.19,29.2,29.21,29.22,29.23,29.24,29.25,3000,3700,2000,3000,1100,100,400,200,1600,600,400,100,100,200,100,100,600,4600,100,3900
34.0,29.1,5800,169148.0,29.1,29.08,29.02,28.81,28.8,28.75,28.73,28.68,28.6,28.58,29.16,29.17,29.18,29.19,29.2,29.21,29.22,29.23,29.24,29.25,3000,3700,2000,3000,1100,100,400,200,1600,600,400,100,100,200,100,100,600,4600,100,3900
35.0,29.1,5800,169148.0,29.1,29.08,29.02,28.81,28.8,28.75,28.73,28.68,28.6,28.58,29.16,29.17,29.18,29.19,29.2,29.21,29.22,29.23,29.24,29.25,3000,3700,2000,3000,1100,100,400,200,1600,600,400,100,100,200,100,100,600,4600,100,3900
36.0,29.1,5800,169148.0,29.1,29.08,29.02,28.81,28.8,28.75,28.73,28.68,28.6,28.58,29.16,29.17,29.18,29.19,29.2,29.21,29.22,29.23,29.24,29.25,3000,3700,2000,3000,1100,100,400,200,1600,600,400,100,100,200,100,100,600,4600,100,3900
37.0,29.1,5800,169148.0,29.1,29.08,29.02,28.81,28.8,28.75,28.73,28.68,28.6,28.58,29.16,29.17,29.18,29.19,29.2,29.21,29.22,29.23,29.24,29.25,3000,3700,2000,3000,1100,100,400,200,1600,600,400,100,100,200,100,100,600,4600,100,3900
38.0,29.1,6100,177878.0,29.1,29.08,29.02,28.81,28.8,28.75,28.73,28.68,28.6,28.58,29.16,29.17,29.18,29.19,29.2,29.21,29.22,29.23,29.24,29.25,2700,3700,2000,3000,1100,100,400,200,1600,600,400,100,100,200,100,100,600,4600,100,3900
39.0,29.1,6100,177878.0,29.1,29.08,29.02,28.81,28.8,28.75,28.73,28.68,28.6,28.58,29.16,29.17,29.18,29.19,29.2,29.21,29.22,29.23,29.24,29.25,2700,3700,2000,3000,1100,100,400,200,1600,600,400,100,100,200,100,100,600,4600,100,3900
40.0,29.1,6100,177878.0,29.1,29.08,29.02,28.81,28.8,28.75,28.73,28.68,28.6,28.58,29.16,29.17,29.18,29.19,29.2,29.21,29.22,29.23,29.24,29.25,2700,3700,2000,3000,1100,100,400,200,1600,600,400,100,100,200,100,100,600,4600,100,3900
41.0,29.1,6100,177878.0,29.1,29.08,29.02,28.81,28.8,28.75,28.73,28.68,28.6,28.58,29.16,29.17,29.18,29.19,29.2,29.21,29.22,29.23,29.24,29.25,2900,3700,2000,3000,1100,100,400,200,1600,600,400,100,100,200,100,100,600,4600,100,3900
42.0,29.1,6100,177878.0,29.1,29.08,29.02,28.81,28.8,28.75,28.73,28.68,28.6,28.58,29.16,29.17,29.18,29.19,29.2,29.21,29.22,29.23,29.24,29.25,2900,3700,2000,3000,1100,100,400,200,1600,600,400,100,100,200,100,100,600,4600,100,3900
43.0,29.1,6100,177878.0,29.1,29.08,29.02,28.81,28.8,28.75,28.73,28.68,28.6,28.58,29.16,29.17,29.18,29.19,29.2,29.21,29.22,29.23,29.24,29.25,2900,3700,2000,3000,1100,100,400,200,1600,600,400,100,100,200,100,100,600,4600,100,3900
44.0,29.1,6100,177878.0,29.1,29.08,29.02,28.81,28.8,28.75,28.73,28.68,28.6,28.58,29.16,29.17,29.18,29.19,29.2,29.21,29.22,29.23,29.24,29.25,2900,3500,2000,3000,1100,100,400,200,1600,600,300,100,100,200,100,100,600,4600,100,3900
45.0,29.1,6300,183698.0,29.1,29.08,29.02,28.81,28.8,28.75,28.73,28.68,28.6,28.58,29.16,29.17,29.18,29.19,29.2,29.21,29.22,29.23,29.24,29.25,2700,3500,2000,3000,1100,100,400,200,1600,600,300,100,100,200,100,100,600,4600,100,3900
46.0,29.1,6300,183698.0,29.1,29.08,29.02,28.81,28.8,28.75,28.73,28.68,28.6,28.58,29.16,29.17,29.18,29.2,29.21,29.22,29.23,29.24,29.25,29.26,2700,3500,2000,3000,1100,100,400,200,1600,600,300,100,100,100,100,600,4600,100,3900,1200
47.0,29.1,6300,183698.0,29.1,29.08,29.02,28.81,28.8,28.75,28.73,28.68,28.6,28.58,29.15,29.16,29.17,29.18,29.2,29.21,29.22,29.23,29.24,29.25,2700,3500,2000,3000,1100,100,400,200,1600,600,100,200,100,100,100,100,600,4600,100,3900
48.0,29.1,6300,183698.0,29.1,29.08,29.02,28.81,28.8,28.75,28.73,28.68,28.6,28.58,29.15,29.16,29.17,29.18,29.2,29.21,29.22,29.23,29.24,29.25,2700,3500,2000,3000,1100,100,400,200,1600,600,100,200,100,100,100,100,600,4600,100,3900
49.0,29.1,6300,183698.0,29.1,29.08,29.02,28.81,28.8,28.75,28.73,28.68,28.6,28.58,29.15,29.16,29.17,29.18,29.2,29.21,29.22,29.23,29.24,29.25,2700,3500,2000,3000,1100,100,400,200,1600,600,100,200,100,100,100,100,600,4600,100,3900
50.0,29.1,6300,183698.0,29.1,29.08,29.02,28.81,28.8,28.75,28.73,28.68,28.6,28.58,29.14,29.15,29.16,29.17,29.18,29.2,29.21,29.22,29.23,29.24,2700,3500,2000,3000,1100,100,400,200,1600,600,100,100,200,100,100,100,100,600,4600,100
51.0,29.1,6300,183698.0,29.1,29.08,29.02,28.81,28.8,28.75,28.73,28.68,28.6,28.58,29.14,29.15,29.16,29.17,29.18,29.2,29.21,29.22,29.23,29.24,2700,3500,2000,3000,1100,100,400,200,1600,600,100,100,200,100,100,100,100,600,4600,100
52.0,29.1,6300,183698.0,29.1,29.08,29.02,28.81,28.8,28.75,28.73,28.68,28.6,28.58,29.14,29.15,29.16,29.17,29.18,29.2,29.21,29.22,29.23,29.24,2700,3500,2000,3000,1100,100,400,200,1600,600,100,100,200,100,100,100,100,600,4600,100
53.0,29.1,6500,189518.0,29.1,29.08,29.02,28.81,28.8,28.75,28.73,28.68,28.6,28.58,29.14,29.15,29.16,29.17,29.18,29.2,29.21,29.22,29.23,29.24,2500,3500,2000,3000,1100,100,400,200,1600,600,100,100,200,100,100,100,100,600,4600,100
54.0,29.1,6500,189518.0,29.1,29.08,29.02,28.81,28.8,28.75,28.73,28.68,28.6,28.58,29.14,29.15,29.16,29.17,29.18,29.2,29.21,29.22,29.23,29.24,2500,3500,2000,3000,1100,100,400,200,1600,600,100,100,200,100,100,100,100,600,4600,100
55.0,29.1,6700,195338.0,29.1,29.08,29.02,28.81,28.8,28.75,28.73,28.68,28.6,28.58,29.14,29.15,29.16,29.17,29.18,29.2,29.21,29.22,29.23,29.24,2300,3500,2000,3000,1100,100,400,200,1600,600,100,100,200,100,100,100,100,600,4600,100
56.0,29.1,6700,195338.0,29.1,29.08,29.02,28.81,28.8,28.75,28.73,28.68,28.6,28.58,29.14,29.15,29.16,29.17,29.18,29.2,29.21,29.22,29.23,29.24,2300,3500,2000,3000,1100,100,400,200,1600,600,100,100,200,100,100,100,100,600,4600,100
57.0,29.15,7200,209902.0,29.11,29.1,29.08,29.02,28.81,28.8,28.75,28.73,28.68,28.6,29.16,29.17,29.18,29.2,29.21,29.22,29.23,29.24,29.25,29.26,400,2100,3500,2000,3000,1100,100,400,200,1600,200,100,100,100,100,600,4600,100,3900,1200
58.0,29.15,7200,209902.0,29.11,29.1,29.08,29.02,28.81,28.8,28.75,28.73,28.68,28.6,29.16,29.17,29.18,29.2,29.21,29.22,29.23,29.24,29.25,29.26,400,2100,3500,2000,3000,1100,100,400,200,1600,200,100,100,100,100,600,4600,100,3900,1200
59.0,29.15,7200,209902.0,29.11,29.1,29.08,29.02,28.81,28.8,28.75,28.73,28.68,28.6,29.16,29.17,29.18,29.2,29.21,29.22,29.23,29.24,29.25,29.26,400,2100,2900,2000,3000,1100,100,400,200,1600,200,100,100,100,100,600,4600,100,3900,1200
60.0,29.15,7200,209902.0,29.11,29.1,29.08,29.02,28.81,28.8,28.75,28.73,28.68,28.6,29.16,29.17,29.18,29.2,29.21,29.22,29.23,29.24,29.25,29.26,400,2100,2900,2000,3000,1100,100,400,200,1600,200,100,100,100,100,600,4600,100,3900,1200
61.0,29.15,7200,209902.0,29.11,29.1,29.08,29.02,28.81,28.8,28.75,28.73,28.68,28.6,29.16,29.17,29.18,29.2,29.21,29.22,29.23,29.24,29.25,29.26,400,2100,2900,2000,3000,1100,100,400,200,1600,200,100,100,100,100,600,4600,100,3900,1200
62.0,29.15,7200,209902.0,29.11,29.1,29.08,29.02,28.81,28.8,28.75,28.73,28.68,28.6,29.15,29.16,29.17,29.18,29.2,29.21,29.22,29.23,29.24,29.25,900,2100,2900,2000,3000,1100,100,400,200,1600,300,200,100,100,100,100,600,4600,100,3900
63.0,29.15,7200,209902.0,29.11,29.1,29.08,29.02,28.81,28.8,28.75,28.73,28.68,28.6,29.15,29.16,29.17,29.18,29.2,29.21,29.22,29.23,29.24,29.25,900,2100,2900,2000,3000,1100,100,400,200,1600,300,200,100,100,100,100,600,4600,100,3900
64.0,29.15,7200,209902.0,29.11,29.1,29.08,29.02,28.81,28.8,28.75,28.73,28.68,28.6,29.15,29.16,29.17,29.18,29.2,29.21,29.22,29.23,29.24,29.25,900,2100,2900,2000,3000,1100,100,400,200,1600,300,200,100,100,100,100,600,4600,100,3900
65.0,29.15,7200,209902.0,29.11,29.1,29.08,29.02,28.81,28.8,28.75,28.73,28.68,28.6,29.13,29.14,29.16,29.17,29.18,29.21,29.22,29.23,29.24,29.25,800,2100,2900,2000,3000,1100,100,400,200,1600,300,1000,200,100,100,100,600,4600,100,3900
66.0,29.15,7200,209902.0,29.11,29.1,29.08,29.02,28.81,28.8,28.75,28.73,28.68,28.6,29.13,29.14,29.16,29.17,29.18,29.21,29.22,29.23,29.24,29.25,800,2100,2900,2000,3000,1100,100,400,200,1600,300,1000,200,100,100,100,600,4600,100,3900
67.0,29.15,7200,209902.0,29.11,29.1,29.08,29.02,28.81,28.8,28.75,28.73,28.68,28.6,29.13,29.14,29.16,29.17,29.18,29.21,29.23,29.24,29.25,29.26,800,2100,2900,2000,3000,1100,100,400,200,1600,300,1000,200,100,100,100,4600,100,3900,1200
68.0,29.15,7200,209902.0,29.11,29.1,29.08,29.02,28.81,28.8,28.75,28.73,28.68,28.6,29.13,29.14,29.16,29.17,29.18,29.21,29.23,29.24,29.25,29.26,500,2100,2700,2000,3000,1100,100,400,200,1600,300,1000,200,100,100,100,4600,100,3900,1200
69.0,29.15,7200,209902.0,29.11,29.1,29.08,29.02,28.81,28.8,28.75,28.73,28.68,28.6,29.13,29.14,29.16,29.17,29.18,29.21,29.23,29.24,29.25,29.26,500,2100,2700,2000,3000,1100,100,400,200,1600,300,1000,200,100,100,100,4600,100,3900,1200
70.0,29.15,7200,209902.0,29.11,29.1,29.08,29.02,28.81,28.8,28.75,28.73,28.68,28.6,29.12,29.13,29.14,29.16,29.17,29.18,29.21,29.23,29.24,29.25,500,2100,2700,2000,3000,1100,100,400,200,1600,1600,300,1000,200,100,100,100,4600,100,3900
71.0,29.11,7800,227369.0,29.11,29.1,29.08,29.02,28.81,28.8,28.75,28.73,28.68,28.6,29.12,29.14,29.16,29.17,29.18,29.21,29.23,29.24,29.25,29.26,100,2100,1400,2000,3000,1100,100,400,200,1600,1500,1000,200,100,100,100,4600,100,3900,1200
72.0,29.11,7800,227369.0,29.11,29.1,29.08,29.02,28.81,28.8,28.75,28.73,28.68,28.6,29.12,29.14,29.16,29.17,29.18,29.21,29.23,29.24,29.25,29.26,100,2100,1400,2000,3000,1100,100,400,200,1600,1500,1000,200,100,100,100,4600,100,3900,1200
73.0,29.12,7900,230281.0,29.11,29.1,29.08,29.02,28.81,28.8,28.75,28.73,28.68,28.6,29.12,29.14,29.16,29.17,29.18,29.21,29.23,29.24,29.25,29.26,100,2100,1400,2000,3000,1100,100,400,200,1600,1400,1000,200,100,100,100,4600,100,3900,1200
74.0,29.11,8000,233192.0,29.1,29.08,29.02,28.81,28.8,28.75,28.73,28.68,28.6,28.58,29.12,29.14,29.16,29.17,29.18,29.21,29.23,29.24,29.25,29.26,2100,400,2000,3000,1100,100,400,200,1600,600,1400,1000,200,100,100,100,4600,100,3900,1200
75.0,29.11,8000,233192.0,29.1,29.08,29.02,28.81,28.8,28.75,28.73,28.68,28.6,28.58,29.12,29.14,29.16,29.17,29.18,29.21,29.23,29.24,29.25,29.26,2100,400,2000,3000,1100,100,400,200,1600,600,1400,1000,200,100,100,100,4600,100,3900,1200
76.0,29.1,10400,303038.0,29.08,29.02,28.81,28.8,28.75,28.73,28.68,28.6,28.58,28.51,29.1,29.11,29.12,29.14,29.16,29.18,29.23,29.24,29.25,29.26,400,2000,3000,1100,100,400,200,1600,600,200,1500,1100,1200,1000,200,100,4600,100,3900,1200
77.0,29.08,10700,311762.0,29.08,29.02,28.81,28.8,28.75,28.73,28.68,28.6,28.58,28.51,29.1,29.11,29.12,29.14,29.16,29.18,29.23,29.24,29.25,29.26,100,2000,3000,1100,100,400,200,1600,600,200,1800,1100,1200,1000,200,100,4600,100,3900,1200
78.0,29.08,10700,311762.0,29.08,29.02,28.81,28.8,28.75,28.73,28.68,28.6,28.58,28.51,29.1,29.11,29.12,29.14,29.16,29.18,29.23,29.24,29.25,29.26,100,2000,3000,1100,100,400,200,1600,600,200,1800,1100,1200,1000,200,100,4600,100,3900,1200
79.0,29.08,10700,311762.0,29.08,29.02,28.81,28.8,28.75,28.73,28.68,28.6,28.58,28.51,29.09,29.1,29.11,29.12,29.14,29.16,29.18,29.23,29.24,29.25,100,2000,3000,1100,100,400,200,1600,600,200,400,1800,1100,1200,1000,100,100,4600,100,3900
80.0,29.08,10700,311762.0,29.08,29.02,28.81,28.8,28.75,28.73,28.68,28.6,28.58,28.51,29.09,29.1,29.11,29.12,29.14,29.16,29.18,29.23,29.24,29.25,100,2000,3000,1100,100,400,200,1600,600,200,400,1800,1100,1200,1000,100,100,4600,100,3900
81.0,29.08,10700,311762.0,29.08,29.02,28.81,28.8,28.75,28.73,28.68,28.6,28.58,28.51,29.09,29.1,29.11,29.12,29.14,29.16,29.18,29.23,29.24,29.25,100,2000,3000,1100,100,400,200,1600,600,200,400,1800,1100,1200,1000,100,100,4600,100,3900
82.0,29.08,10700,311762.0,29.08,29.02,28.81,28.8,28.75,28.73,28.68,28.6,28.58,28.51,29.09,29.1,29.11,29.12,29.14,29.16,29.18,29.23,29.24,29.25,100,2000,3000,1100,100,400,200,1600,600,200,400,1800,1100,1200,1000,100,100,4600,100,3900
83.0,29.08,10700,311762.0,29.08,29.02,28.81,28.8,28.75,28.73,28.68,28.6,28.58,28.51,29.09,29.1,29.11,29.12,29.14,29.16,29.18,29.23,29.24,29.25,100,2000,3000,1100,100,400,200,1600,600,200,400,1800,1100,1200,1000,100,100,4600,100,3900
84.0,29.08,10700,311762.0,29.08,29.03,29.02,28.81,28.8,28.75,28.73,28.68,28.6,28.58,29.09,29.1,29.11,29.12,29.14,29.16,29.18,29.23,29.24,29.25,100,2400,2000,3000,1100,100,400,200,1600,600,400,1800,1100,1200,1000,100,100,4600,100,3900
85.0,29.08,10700,311762.0,29.08,29.03,29.02,28.81,28.8,28.75,28.73,28.68,28.6,28.58,29.09,29.1,29.11,29.12,29.14,29.16,29.18,29.23,29.24,29.25,100,2500,2000,3000,1100,100,400,200,1600,600,400,1800,1100,1200,1000,100,100,4600,100,3900
86.0,29.09,11000,320489.0,29.08,29.04,29.03,29.02,28.81,28.8,28.75,28.73,28.68,28.6,29.09,29.1,29.11,29.12,29.14,29.16,29.18,29.23,29.24,29.25,100,200,2500,2000,3000,1100,100,400,200,1600,100,1800,1100,1200,1000,100,100,4600,100,3900
87.0,29.09,11000,320489.0,29.08,29.04,29.03,29.02,28.81,28.8,28.75,28.73,28.68,28.6,29.09,29.1,29.11,29.12,29.14,29.16,29.18,29.23,29.24,29.25,100,200,2500,2000,3000,1100,100,400,200,1600,100,1800,1100,1200,1000,100,100,4600,100,3900
88.0,29.09,11000,320489.0,29.08,29.04,29.03,29.02,28.81,28.8,28.75,28.73,28.68,28.6,29.09,29.1,29.11,29.12,29.14,29.16,29.18,29.23,29.24,29.25,100,200,2500,2000,3000,1100,100,400,200,1600,100,1800,1100,1200,1000,100,100,4600,100,3900
89.0,29.09,11000,320489.0,29.08,29.04,29.03,29.02,28.81,28.8,28.75,28.73,28.68,28.6,29.09,29.1,29.11,29.12,29.14,29.16,29.18,29.23,29.24,29.25,100,300,2500,2000,3000,1100,100,400,200,1600,100,1800,1100,1200,1000,100,100,4600,100,3900
90.0,29.09,11000,320489.0,29.08,29.04,29.03,29.02,28.81,28.8,28.75,28.73,28.68,28.6,29.09,29.1,29.11,29.12,29.14,29.16,29.18,29.23,29.24,29.25,100,300,2600,2000,3000,1100,100,400,200,1600,100,1800,1100,1200,1000,100,100,4600,100,3900
91.0,29.09,11000,320489.0,29.08,29.04,29.03,29.02,28.81,28.8,28.75,28.73,28.68,28.6,29.09,29.1,29.11,29.12,29.14,29.16,29.18,29.23,29.24,29.25,100,300,2600,2000,3000,1100,100,400,200,1600,100,1800,1100,1200,1000,100,100,4600,100,3900
92.0,29.09,11000,320489.0,29.08,29.04,29.03,29.02,28.81,28.8,28.75,28.73,28.68,28.6,29.09,29.1,29.11,29.12,29.14,29.16,29.18,29.23,29.24,29.25,100,300,2600,2100,3000,1100,100,400,200,1600,200,1800,1100,1200,1000,100,100,4600,100,3900
93.0,29.09,11000,320489.0,29.08,29.04,29.03,29.02,28.81,28.8,28.75,28.73,28.68,28.6,29.09,29.1,29.11,29.12,29.14,29.16,29.18,29.23,29.24,29.25,100,300,2600,2100,3000,1100,100,400,200,1600,200,1800,1100,1200,1000,100,100,4600,100,3900
94.0,29.09,11000,320489.0,29.08,29.04,29.03,29.02,28.81,28.8,28.75,28.73,28.68,28.6,29.09,29.1,29.11,29.12,29.14,29.16,29.18,29.23,29.24,29.25,100,300,2600,2100,3000,1100,100,400,200,1600,200,1800,1100,1200,1000,100,100,4600,100,3900
95.0,29.09,11000,320489.0,29.08,29.04,29.03,29.02,28.81,28.8,28.75,28.73,28.68,28.6,29.09,29.1,29.11,29.12,29.14,29.16,29.18,29.23,29.24,29.25,100,300,2600,2100,3000,1100,100,400,200,1600,200,1800,1100,1200,1000,100,100,4600,100,3900
96.0,29.09,11000,320489.0,29.08,29.04,29.03,29.02,28.81,28.8,28.75,28.73,28.68,28.6,29.09,29.1,29.11,29.12,29.14,29.16,29.18,29.23,29.24,29.25,100,300,2600,2100,3000,1100,100,400,200,1600,200,1800,1100,1200,1000,100,100,4600,100,3900
97.0,29.09,11000,320489.0,29.08,29.04,29.03,29.02,28.81,28.8,28.75,28.73,28.68,28.6,29.09,29.1,29.11,29.12,29.14,29.16,29.18,29.23,29.24,29.25,100,300,2600,2100,3000,1100,100,400,200,1600,200,1800,1100,1200,1000,100,100,4600,100,3900
98.0,29.08,11100,323397.0,29.04,29.03,29.02,28.81,28.8,28.75,28.73,28.68,28.6,28.58,29.09,29.1,29.11,29.12,29.14,29.16,29.18,29.23,29.24,29.25,300,2600,2100,3000,1100,100,400,200,1600,600,200,1700,1100,1200,1000,100,100,4600,100,3900
99.0,29.08,11100,323397.0,29.04,29.03,29.02,28.81,28.8,28.75,28.73,28.68,28.6,28.58,29.09,29.1,29.11,29.12,29.14,29.16,29.18,29.23,29.24,29.25,300,2600,2100,3000,1100,100,400,200,1600,600,200,1700,1100,1200,1000,100,100,4600,100,3900
100.0,29.08,11100,323397.0,29.04,29.03,29.02,28.81,28.8,28.75,28.73,28.68,28.6,28.58,29.09,29.1,29.11,29.12,29.14,29.16,29.18,29.23,29.24,29.25,300,2600,2100,3000,1100,100,400,200,1600,600,200,1700,1100,1200,1000,100,100,4600,100,3900
101.0,29.08,11100,323397.0,29.04,29.03,29.02,28.81,28.8,28.75,28.73,28.68,28.6,28.58,29.09,29.1,29.11,29.12,29.14,29.16,29.18,29.23,29.24,29.25,300,2600,2100,3000,1100,100,400,200,1600,600,200,1700,1100,1200,1000,100,100,4600,100,3900
102.0,29.08,11100,323397.0,29.04,29.03,29.02,28.81,28.8,28.75,28.73,28.68,28.6,28.58,29.09,29.1,29.11,29.12,29.14,29.16,29.18,29.23,29.24,29.25,300,2600,2100,3000,1100,100,400,200,1600,600,200,1700,1100,1200,1000,100,100,4600,100,3900
103.0,29.08,11100,323397.0,29.04,29.03,29.02,28.81,28.8,28.75,28.73,28.68,28.6,28.58,29.09,29.1,29.11,29.12,29.14,29.16,29.18,29.23,29.24,29.25,300,2600,2100,3000,1100,100,400,200,1600,600,200,1700,1100,1200,1000,100,100,4600,100,3900
104.0,29.08,11100,323397.0,29.04,29.03,29.02,28.81,28.8,28.75,28.73,28.68,28.6,28.58,29.09,29.1,29.11,29.12,29.14,29.16,29.18,29.23,29.24,29.25,100,2600,2100,3000,1100,100,400,200,1600,600,200,1700,1100,1200,1000,100,100,4600,100,3900
105.0,29.08,11100,323397.0,29.04,29.03,29.02,28.81,28.8,28.75,28.73,28.68,28.6,28.58,29.08,29.09,29.1,29.11,29.12,29.14,29.16,29.18,29.23,29.24,100,2600,2100,3000,1100,100,400,200,1600,600,100,200,1700,1100,1200,1000,100,100,4600,100
106.0,29.08,11100,323397.0,29.04,29.03,29.02,28.81,28.8,28.75,28.73,28.68,28.6,28.58,29.08,29.09,29.1,29.11,29.12,29.14,29.16,29.18,29.23,29.24,100,2600,2100,3000,1100,100,400,200,1600,600,100,200,1700,1100,1200,1000,100,100,4600,100
107.0,29.08,11100,323397.0,29.03,29.02,28.81,28.8,28.75,28.73,28.68,28.6,28.58,28.51,29.08,29.09,29.1,29.11,29.12,29.14,29.16,29.18,29.23,29.24,2600,2100,3000,1100,100,400,200,1600,600,200,200,200,1700,1100,1200,1000,100,100,4600,100
108.0,29.03,13700,398875.0,29.04,29.02,28.81,28.8,28.75,28.73,28.68,28.6,28.58,28.51,29.08,29.09,29.1,29.11,29.12,29.14,29.16,29.18,29.23,29.24,100,2000,3000,1100,100,400,200,1600,600,200,200,200,1700,1100,1200,1000,100,100,4600,100
109.0,29.03,13700,398875.0,29.04,29.02,28.81,28.8,28.75,28.73,28.68,28.6,28.58,28.51,29.08,29.09,29.1,29.11,29.12,29.14,29.16,29.18,29.23,29.24,100,2000,3000,1100,100,400,200,1600,600,200,200,200,1700,1100,1200,1100,100,100,4600,100
110.0,29.03,13700,398875.0,29.04,29.02,28.81,28.8,28.75,28.73,28.68,28.6,28.58,28.51,29.08,29.09,29.1,29.11,29.12,29.14,29.16,29.18,29.23,29.24,100,2000,3000,1100,100,400,200,1600,600,200,200,200,1700,1100,1200,1100,100,100,4600,100
111.0,29.02,15100,439505.0,29.02,28.81,28.8,28.75,28.73,28.68,28.6,28.58,28.51,28.5,29.08,29.09,29.1,29.11,29.12,29.14,29.16,29.18,29.23,29.24,700,3000,1100,100,400,200,1600,600,200,600,200,200,1700,1100,1200,1100,100,100,4600,100
112.0,29.02,15100,439505.0,29.02,28.81,28.8,28.75,28.73,28.68,28.6,28.58,28.51,28.5,29.08,29.09,29.1,29.11,29.12,29.14,29.16,29.18,29.23,29.24,700,3000,1100,100,400,200,1600,600,200,600,200,200,1700,1100,1200,1100,100,100,4600,100
113.0,29.02,15100,439505.0,29.02,28.81,28.8,28.75,28.73,28.68,28.6,28.58,28.51,28.5,29.08,29.09,29.1,29.11,29.12,29.14,29.16,29.18,29.23,29.24,700,3000,1100,100,400,200,1600,600,200,600,200,200,1700,1100,1200,1100,100,100,4600,100
114.0,29.02,15100,439505.0,29.02,28.81,28.8,28.75,28.73,28.68,28.6,28.58,28.51,28.5,29.08,29.09,29.1,29.11,29.12,29.14,29.16,29.18,29.23,29.24,700,3000,1100,100,400,200,1600,600,200,600,200,200,1700,1100,1200,1100,100,100,4600,100
115.0,29.04,16000,465626.0,28.88,28.82,28.81,28.8,28.75,28.73,28.68,28.6,28.58,28.51,29.04,29.05,29.06,29.07,29.08,29.09,29.1,29.11,29.12,29.14,600,500,3000,1100,100,400,200,1600,600,200,200,200,100,200,100,100,1700,1100,1200,1100
116.0,29.04,16000,465626.0,28.88,28.87,28.86,28.82,28.81,28.8,28.75,28.73,28.68,28.6,29.03,29.04,29.05,29.06,29.07,29.08,29.09,29.1,29.11,29.12,600,600,8600,500,3000,1100,100,400,200,1600,1000,200,200,100,200,100,100,1700,1100,1200
117.0,29.03,16100,468529.0,28.88,28.87,28.86,28.82,28.81,28.8,28.75,28.73,28.68,28.6,29.03,29.04,29.05,29.06,29.07,29.08,29.09,29.1,29.11,29.12,600,600,8600,500,3000,1100,100,400,200,1600,900,200,200,100,200,100,100,1700,1100,1200
118.0,29.03,16500,480141.0,28.89,28.88,28.86,28.82,28.81,28.8,28.75,28.73,28.68,28.6,29.04,29.05,29.06,29.07,29.08,29.09,29.1,29.11,29.12,29.14,600,600,8600,500,3000,1100,100,400,200,1600,300,200,100,200,100,100,1700,1100,1200,1100
119.0,29.05,17300,503370.0,29.04,29.03,28.9,28.89,28.88,28.86,28.82,28.81,28.8,28.75,29.05,29.06,29.07,29.08,29.09,29.1,29.11,29.12,29.14,29.16,300,1200,100,100,500,9200,500,3000,1100,100,100,100,200,100,100,1700,200,1200,1100,100
120.0,29.05,17400,506275.0,29.04,29.03,28.9,28.89,28.88,28.86,28.82,28.81,28.8,28.75,29.06,29.07,29.08,29.09,29.1,29.11,29.12,29.14,29.16,29.18,300,700,100,100,500,3100,500,3000,1100,100,100,200,100,100,1700,200,1200,1100,100,100
121.0,29.03,17800,517890.0,29.03,28.9,28.89,28.88,28.86,28.82,28.81,28.8,28.75,28.73,29.05,29.06,29.07,29.08,29.09,29.1,29.11,29.12,29.14,29.16,600,100,100,500,600,500,3000,1100,100,400,300,100,200,100,100,1700,200,1200,1100,100
122.0,29.03,18400,535308.0,28.91,28.9,28.89,28.88,28.86,28.82,28.81,28.8,28.75,28.73,28.99,29.0,29.01,29.02,29.05,29.06,29.07,29.09,29.1,29.11,200,600,100,500,600,500,3000,1100,100,400,300,100,600,1600,500,100,200,100,1700,200
123.0,29.03,18400,535308.0,28.91,28.9,28.89,28.88,28.86,28.82,28.81,28.8,28.75,28.73,28.99,29.0,29.01,29.02,29.06,29.07,29.09,29.1,29.11,29.12,200,600,100,500,600,500,3000,1100,100,400,300,100,600,1600,100,200,100,1700,200,1200
124.0,29.03,18400,535308.0,28.91,28.9,28.89,28.88,28.86,28.82,28.81,28.8,28.75,28.73,28.99,29.0,29.01,29.02,29.06,29.07,29.09,29.1,29.11,29.12,200,600,100,500,600,500,3000,1100,100,400,300,100,600,1600,100,200,100,1700,200,1200
125.0,29.01,19200,558507.0,28.99,28.91,28.9,28.89,28.88,28.86,28.82,28.81,28.8,28.75,29.01,29.02,29.06,29.07,29.09,29.1,29.11,29.12,29.14,29.16,100,700,600,100,400,600,500,3000,1100,100,300,1600,100,200,100,1700,200,1200,100,100
126.0,29.01,19200,558507.0,28.99,28.91,28.9,28.89,28.88,28.86,28.82,28.81,28.8,28.75,29.01,29.02,29.06,29.07,29.09,29.1,29.11,29.12,29.14,29.16,100,700,600,100,400,600,500,3000,1100,100,300,1600,100,200,100,1700,200,1200,100,100
127.0,29.01,19200,558507.0,28.99,28.91,28.9,28.89,28.88,28.86,28.82,28.81,28.8,28.75,29.01,29.02,29.06,29.07,29.09,29.1,29.11,29.12,29.14,29.16,100,700,600,100,400,600,500,3000,1100,100,300,1600,100,200,100,1700,200,1200,100,100
128.0,29.01,19200,558507.0,28.99,28.91,28.9,28.89,28.88,28.86,28.82,28.81,28.8,28.75,29.01,29.02,29.06,29.07,29.09,29.1,29.11,29.12,29.14,29.16,100,700,600,100,400,600,500,3000,1100,100,300,1600,100,200,100,1700,200,1200,100,100
129.0,29.01,19200,558507.0,28.99,28.91,28.9,28.89,28.88,28.86,28.82,28.81,28.8,28.75,29.01,29.02,29.06,29.07,29.1,29.11,29.12,29.14,29.16,29.18,100,700,600,100,400,600,500,3000,1100,100,300,1600,100,200,1700,200,1100,100,100,100
130.0,28.99,19300,561406.0,28.91,28.9,28.89,28.88,28.86,28.82,28.81,28.8,28.75,28.73,28.99,29.01,29.02,29.06,29.07,29.1,29.11,29.12,29.14,29.16,700,600,100,400,600,500,3000,1100,100,400,300,300,1600,100,200,1700,200,1100,100,100
131.0,28.99,19300,561406.0,28.91,28.9,28.89,28.88,28.86,28.82,28.81,28.8,28.75,28.73,28.99,29.0,29.01,29.02,29.07,29.1,29.11,29.12,29.14,29.16,700,600,100,400,600,500,3000,1100,100,400,300,100,300,1600,200,1700,200,1100,100,100
132.0,28.99,19300,561406.0,28.91,28.9,28.89,28.88,28.86,28.82,28.81,28.8,28.75,28.73,28.99,29.0,29.01,29.02,29.07,29.1,29.11,29.12,29.14,29.16,700,600,100,400,600,500,3000,1100,100,400,300,100,300,1600,200,1700,200,1100,100,100
133.0,28.99,19300,561406.0,28.91,28.9,28.89,28.88,28.86,28.82,28.81,28.8,28.75,28.73,28.99,29.0,29.01,29.02,29.07,29.1,29.11,29.12,29.14,29.16,700,600,100,400,600,500,3000,1100,100,400,700,100,300,1600,200,1700,200,1100,100,100
134.0,28.99,19400,564305.0,28.91,28.9,28.89,28.88,28.86,28.82,28.81,28.8,28.75,28.73,28.99,29.0,29.01,29.02,29.1,29.12,29.14,29.23,29.24,29.25,700,600,100,200,600,500,3000,1100,100,400,1100,100,300,1600,1400,1100,100,2600,100,3900
135.0,28.99,19400,564305.0,28.91,28.9,28.89,28.88,28.86,28.82,28.81,28.8,28.75,28.73,28.99,29.0,29.01,29.02,29.1,29.12,29.14,29.23,29.24,29.25,600,600,100,200,600,500,3000,1100,100,400,1100,100,300,1600,1400,1100,100,2600,100,3900
136.0,28.99,19400,564305.0,28.91,28.9,28.89,28.88,28.86,28.82,28.81,28.8,28.75,28.73,28.99,29.0,29.01,29.02,29.1,29.12,29.14,29.23,29.24,29.25,600,600,100,200,600,500,3000,1100,100,400,900,100,300,1600,1400,1100,100,2600,100,3900
137.0,28.99,19400,564305.0,28.91,28.9,28.89,28.88,28.86,28.82,28.81,28.8,28.75,28.73,28.99,29.0,29.01,29.02,29.1,29.12,29.14,29.23,29.24,29.25,300,600,100,200,600,500,3000,1100,100,400,900,100,300,1600,1400,1100,100,2600,100,3900
138.0,28.99,19400,564305.0,28.91,28.9,28.89,28.88,28.86,28.82,28.81,28.8,28.75,28.73,28.98,28.99,29.0,29.01,29.02,29.1,29.12,29.14,29.23,29.24,1200,200,100,200,600,500,3000,1100,100,400,100,900,100,300,1600,1400,1100,100,2600,100
139.0,28.91,19500,567196.0,28.91,28.9,28.89,28.88,28.86,28.82,28.81,28.8,28.75,28.73,28.98,28.99,29.0,29.01,29.02,29.1,29.12,29.14,29.23,29.24,1100,100,100,200,600,500,3000,1100,100,400,100,500,100,300,1600,1400,1100,100,2600,100
140.0,28.91,19500,567196.0,28.92,28.91,28.9,28.89,28.88,28.86,28.82,28.81,28.8,28.75,28.98,28.99,29.0,29.01,29.02,29.1,29.12,29.14,29.23,29.24,1400,1100,100,100,200,600,500,3000,1100,100,100,500,100,300,1600,1500,1100,100,2600,100
141.0,28.91,19500,567196.0,28.92,28.91,28.9,28.89,28.88,28.86,28.82,28.81,28.8,28.75,28.98,28.99,29.0,29.01,29.02,29.1,29.12,29.14,29.23,29.24,1400,1100,100,100,200,600,500,3000,1100,100,100,500,100,300,1600,1500,1100,100,2600,100
142.0,28.91,19500,567196.0,28.92,28.91,28.9,28.89,28.88,28.86,28.82,28.81,28.8,28.75,28.98,28.99,29.0,29.01,29.02,29.1,29.12,29.14,29.23,29.24,1400,1100,100,100,200,600,500,3000,1100,100,100,500,100,300,1600,1500,1100,100,2600,100
143.0,28.91,19500,567196.0,28.92,28.91,28.9,28.89,28.88,28.86,28.82,28.81,28.8,28.75,28.98,28.99,29.0,29.01,29.02,29.1,29.12,29.14,29.23,29.24,1400,1100,100,100,200,600,500,3000,1100,100,100,500,100,300,1600,1500,1100,100,2600,100
144.0,28.91,19500,567196.0,28.92,28.91,28.9,28.89,28.88,28.86,28.82,28.81,28.8,28.75,28.98,28.99,29.0,29.01,29.02,29.1,29.12,29.14,29.23,29.24,1400,1100,100,100,200,600,500,3000,1100,100,100,500,100,300,1600,1500,1100,100,2600,100
145.0,28.91,19500,567196.0,28.92,28.91,28.9,28.89,28.88,28.86,28.82,28.81,28.8,28.75,28.98,28.99,29.0,29.01,29.02,29.1,29.12,29.14,29.23,29.24,1400,1100,100,100,200,600,500,3000,1200,100,100,500,100,300,1600,1500,1100,100,2600,100
146.0,28.92,19600,570088.0,28.92,28.91,28.9,28.89,28.88,28.86,28.82,28.81,28.8,28.75,28.98,28.99,29.0,29.01,29.02,29.1,29.12,29.14,29.23,29.24,1300,1100,100,100,200,600,500,3000,1200,100,100,500,100,300,1600,1500,1100,100,2600,100
147.0,28.92,19600,570088.0,28.92,28.91,28.9,28.89,28.88,28.86,28.82,28.81,28.8,28.75,28.98,28.99,29.0,29.01,29.02,29.1,29.12,29.14,29.23,29.24,1300,1100,100,100,200,600,500,3000,1200,100,100,500,100,300,1600,1500,1100,100,2600,100
148.0,28.92,19600,570088.0,28.92,28.91,28.9,28.89,28.88,28.86,28.82,28.81,28.8,28.75,28.98,28.99,29.01,29.02,29.1,29.12,29.14,29.23,29.24,29.25,1300,1100,100,100,200,600,500,3000,1200,100,100,500,300,1600,1500,1100,100,2600,100,3900
149.0,28.98,19700,572986.0,28.92,28.91,28.9,28.89,28.88,28.86,28.82,28.81,28.8,28.75,29.01,29.02,29.1,29.12,29.14,29.23,29.24,29.25,29.26,29.27,1300,1000,100,100,200,600,500,3000,1200,100,900,1600,1500,1100,100,2600,100,3900,1200,500
150.0,28.98,19700,572986.0,28.92,28.91,28.9,28.89,28.88,28.86,28.82,28.81,28.8,28.75,29.01,29.02,29.1,29.12,29.14,29.23,29.24,29.25,29.26,29.27,1300,1000,100,100,200,600,500,3000,1200,100,900,1600,1400,1100,100,2600,100,3900,1200,500
151.0,28.98,19700,572986.0,28.92,28.91,28.9,28.89,28.88,28.86,28.82,28.81,28.8,28.75,29.01,29.02,29.1,29.12,29.14,29.23,29.24,29.25,29.26,29.27,1300,1000,100,100,200,600,500,3000,1200,100,900,1600,1400,1100,100,2600,100,3900,1200,500
152.0,28.92,19800,575878.0,28.93,28.92,28.91,28.89,28.88,28.86,28.82,28.81,28.8,28.75,29.01,29.02,29.1,29.12,29.14,29.23,29.24,29.25,29.26,29.27,100,1200,1000,100,200,600,500,3000,1200,100,900,1600,1400,1100,100,2600,100,3900,1200,500
153.0,28.92,19800,575878.0,28.93,28.92,28.91,28.89,28.88,28.86,28.82,28.81,28.8,28.75,29.01,29.02,29.1,29.12,29.14,29.23,29.24,29.25,29.26,29.27,100,1200,1000,100,200,600,500,3000,1200,100,900,1600,1400,1100,100,2600,100,3900,1200,500
154.0,28.92,19800,575878.0,28.93,28.92,28.91,28.89,28.88,28.86,28.82,28.81,28.8,28.75,29.01,29.02,29.1,29.12,29.14,29.23,29.24,29.25,29.26,29.27,100,1200,1000,100,200,600,500,3000,1200,100,900,1600,1400,1100,100,2600,100,3900,1200,500
155.0,28.92,19800,575878.0,28.93,28.92,28.91,28.89,28.88,28.86,28.82,28.81,28.8,28.75,29.01,29.02,29.1,29.12,29.14,29.23,29.24,29.25,29.26,29.27,200,1200,1000,100,200,600,600,3000,1200,100,900,1600,1400,1100,100,2600,100,3900,1200,500
156.0,28.92,19800,575878.0,28.93,28.92,28.91,28.89,28.88,28.86,28.82,28.81,28.8,28.75,29.01,29.02,29.1,29.12,29.14,29.23,29.24,29.25,29.26,29.27,200,1200,1000,100,200,600,600,3000,1200,100,900,1600,1400,1100,100,2600,100,3900,1200,500
157.0,28.92,19800,575878.0,28.93,28.92,28.91,28.89,28.88,28.86,28.82,28.81,28.8,28.75,29.01,29.02,29.1,29.12,29.14,29.23,29.24,29.25,29.26,29.27,200,1200,1000,100,200,600,600,3000,1200,100,900,1600,1400,1100,100,2600,100,3900,1200,500
158.0,29.01,19900,578779.0,28.93,28.92,28.91,28.89,28.88,28.86,28.82,28.81,28.8,28.75,29.01,29.02,29.1,29.12,29.14,29.23,29.24,29.25,29.26,29.27,200,1200,1000,100,200,600,600,3000,1200,100,800,1600,1400,1100,100,2600,100,3900,1200,500
159.0,29.01,19900,578779.0,28.93,28.92,28.91,28.89,28.88,28.86,28.82,28.81,28.8,28.75,29.01,29.02,29.1,29.12,29.14,29.23,29.24,29.25,29.26,29.27,200,1200,1000,100,200,600,600,3000,1200,100,800,1600,1400,1100,100,2600,100,3900,1200,500
160.0,29.01,19900,578779.0,28.93,28.92,28.91,28.89,28.88,28.86,28.82,28.81,28.8,28.75,29.01,29.02,29.1,29.12,29.14,29.23,29.24,29.25,29.26,29.27,200,1200,1000,100,200,600,600,3000,1200,100,800,1600,1400,1100,100,2600,100,3900,1200,500
161.0,29.01,19900,578779.0,28.93,28.92,28.91,28.89,28.88,28.86,28.82,28.81,28.8,28.75,29.0,29.01,29.02,29.1,29.12,29.14,29.23,29.24,29.25,29.26,300,1300,1000,100,200,600,600,3000,1200,100,100,800,1600,1400,1100,100,2600,100,3900,1200
162.0,29.01,19900,578779.0,28.93,28.92,28.91,28.89,28.88,28.86,28.82,28.81,28.8,28.75,29.0,29.01,29.02,29.1,29.12,29.14,29.23,29.24,29.25,29.26,300,1300,1000,100,200,600,600,3000,1200,100,400,800,1600,1400,1100,100,2600,100,3900,1200
163.0,29.01,19900,578779.0,28.93,28.92,28.91,28.89,28.88,28.86,28.82,28.81,28.8,28.75,29.0,29.01,29.02,29.1,29.12,29.14,29.23,29.24,29.25,29.26,300,1300,1000,100,200,600,600,3000,1200,100,400,800,1600,1400,1100,100,2600,100,3900,1200
164.0,29.01,19900,578779.0,28.93,28.92,28.91,28.89,28.88,28.86,28.82,28.81,28.8,28.75,29.0,29.01,29.02,29.1,29.12,29.14,29.23,29.24,29.25,29.26,300,1300,1000,100,200,600,600,3000,1200,100,400,800,1600,1400,1100,100,2600,100,3900,1200
165.0,29.01,19900,578779.0,28.93,28.92,28.91,28.89,28.88,28.86,28.82,28.81,28.8,28.75,29.0,29.01,29.1,29.12,29.14,29.23,29.24,29.25,29.26,29.27,300,1300,1000,100,200,600,600,3000,1200,100,400,800,1400,1100,100,2600,100,3900,1200,500
166.0,29.01,19900,578779.0,28.93,28.92,28.91,28.89,28.88,28.86,28.82,28.81,28.8,28.75,28.98,29.0,29.01,29.1,29.12,29.14,29.23,29.24,29.25,29.26,200,1300,1000,100,200,600,600,3000,1200,100,100,400,800,1400,1100,100,2600,100,3900,1200
167.0,29.01,19900,578779.0,28.93,28.92,28.91,28.89,28.88,28.86,28.82,28.81,28.8,28.75,28.98,29.0,29.01,29.1,29.12,29.14,29.23,29.24,29.25,29.26,200,1300,1000,100,200,600,600,3000,1200,100,100,400,800,1400,1100,100,2600,100,3900,1200
168.0,29.01,19900,578779.0,28.93,28.92,28.91,28.89,28.88,28.86,28.82,28.81,28.8,28.75,28.98,29.0,29.01,29.1,29.12,29.14,29.23,29.24,29.25,29.26,200,1300,1000,100,200,600,600,3000,1200,100,100,400,800,1400,1100,100,2600,100,3900,1200
169.0,29.01,19900,578779.0,28.93,28.92,28.91,28.89,28.88,28.86,28.82,28.81,28.8,28.75,28.98,29.0,29.01,29.1,29.12,29.14,29.23,29.24,29.25,29.26,200,1300,1000,100,200,600,600,3000,1200,100,100,400,800,1400,1100,100,2600,100,3900,1200
170.0,29.01,19900,578779.0,28.93,28.92,28.91,28.89,28.88,28.86,28.82,28.81,28.8,28.75,28.98,29.0,29.01,29.1,29.12,29.14,29.23,29.24,29.25,29.26,200,1300,1000,100,200,600,600,3000,1200,100,100,400,800,1400,1100,100,2600,100,3900,1200
171.0,29.01,19900,578779.0,28.93,28.92,28.91,28.89,28.88,28.86,28.82,28.81,28.8,28.75,28.98,29.0,29.01,29.1,29.12,29.14,29.23,29.24,29.25,29.26,200,1300,1000,100,200,600,600,3000,1200,100,100,400,800,1400,1100,100,2600,100,3900,1200
172.0,29.01,19900,578779.0,28.93,28.92,28.91,28.89,28.88,28.86,28.82,28.81,28.8,28.75,28.98,29.0,29.01,29.1,29.12,29.14,29.23,29.24,29.25,29.26,200,1300,1000,100,200,600,600,3000,1200,100,100,400,800,1400,1100,100,2600,100,3900,1200
173.0,29.01,19900,578779.0,28.93,28.92,28.91,28.89,28.88,28.86,28.82,28.81,28.8,28.75,28.98,29.0,29.01,29.1,29.12,29.14,29.23,29.24,29.25,29.26,200,1300,1000,100,200,600,600,3000,1200,100,100,400,800,1400,1100,100,2600,100,3900,1200
174.0,28.93,20200,587458.0,28.92,28.91,28.89,28.88,28.86,28.82,28.81,28.8,28.75,28.73,28.93,28.98,29.0,29.01,29.1,29.12,29.14,29.23,29.24,29.25,200,100,100,200,600,600,3000,1200,100,400,900,100,400,800,1400,1100,100,2600,100,3900
175.0,28.93,20500,596137.0,28.92,28.91,28.89,28.88,28.86,28.82,28.81,28.8,28.75,28.73,28.93,28.98,29.0,29.01,29.1,29.12,29.14,29.22,29.23,29.24,200,100,100,200,600,600,3000,1200,100,400,600,100,400,800,1400,1100,100,100,2600,100
176.0,28.93,20500,596137.0,28.92,28.91,28.89,28.88,28.86,28.82,28.81,28.8,28.75,28.73,28.93,28.98,29.0,29.01,29.1,29.12,29.14,29.22,29.23,29.24,100,100,100,200,600,600,3000,1200,100,400,600,100,400,800,1400,1100,100,100,2600,100
177.0,28.93,20500,596137.0,28.92,28.91,28.89,28.88,28.86,28.82,28.81,28.8,28.75,28.73,28.93,28.98,29.0,29.01,29.1,29.12,29.14,29.22,29.23,29.24,100,100,100,200,600,600,3000,1200,100,400,600,100,400,800,1400,1100,100,100,2600,100
178.0,28.93,20500,596137.0,28.92,28.91,28.89,28.88,28.86,28.82,28.81,28.8,28.75,28.73,28.93,28.98,29.0,29.01,29.1,29.12,29.14,29.22,29.23,29.24,100,100,100,200,600,600,3000,1200,100,400,600,100,400,800,1400,1100,100,100,2600,100
179.0,28.93,20500,596137.0,28.92,28.91,28.89,28.88,28.86,28.82,28.81,28.8,28.75,28.73,28.93,28.98,29.0,29.01,29.1,29.12,29.14,29.22,29.23,29.24,100,100,100,200,600,600,3000,1200,100,400,600,100,400,800,1400,1100,100,100,2600,100
180.0,28.93,21100,613495.0,28.93,28.92,28.91,28.89,28.88,28.86,28.82,28.81,28.8,28.75,28.98,29.0,29.01,29.1,29.12,29.14,29.22,29.23,29.24,29.25,2500,100,100,100,200,600,600,3000,1200,100,500,400,800,1400,1100,100,100,2600,100,3900
181.0,28.93,21100,613495.0,28.93,28.92,28.91,28.89,28.88,28.86,28.82,28.81,28.8,28.75,28.98,29.0,29.01,29.1,29.12,29.14,29.22,29.23,29.24,29.25,2500,100,100,100,200,600,600,3000,1200,100,500,400,800,1400,1100,100,100,2600,100,3900
182.0,28.91,23700,688713.0,28.89,28.88,28.86,28.82,28.81,28.8,28.75,28.73,28.68,28.6,28.94,28.96,28.97,28.98,28.99,29.0,29.01,29.1,29.12,29.14,100,200,600,600,3000,1200,100,400,200,1600,1000,300,400,500,200,300,800,1400,1100,100
183.0,28.91,23700,688713.0,28.89,28.88,28.86,28.82,28.81,28.8,28.75,28.73,28.68,28.6,28.94,28.96,28.97,28.98,28.99,29.0,29.01,29.1,29.12,29.14,100,200,600,600,3000,1200,100,400,200,1600,1000,300,400,500,200,300,800,1400,1100,100
184.0,28.94,23800,691607.0,28.89,28.88,28.86,28.82,28.81,28.8,28.75,28.73,28.68,28.6,28.94,28.96,28.97,28.98,28.99,29.0,29.01,29.1,29.12,29.14,100,200,600,600,3000,1200,100,400,200,1600,900,300,400,500,200,300,800,1400,1100,100
185.0,28.94,23800,691607.0,28.89,28.88,28.86,28.82,28.81,28.8,28.75,28.73,28.68,28.6,28.94,28.96,28.97,28.98,28.99,29.0,29.01,29.1,29.12,29.14,100,200,600,600,3000,1200,100,400,200,1600,900,300,400,500,200,300,800,1400,1100,100
186.0,28.89,23900,694496.0,28.88,28.82,28.81,28.8,28.75,28.73,28.68,28.6,28.58,28.51,28.91,28.92,28.94,28.96,28.97,28.98,28.99,29.0,29.01,29.1,200,600,3000,1200,100,400,200,1600,600,200,200,200,900,300,400,500,200,300,800,1400
187.0,28.89,23900,694496.0,28.88,28.82,28.81,28.8,28.75,28.73,28.68,28.6,28.58,28.51,28.91,28.92,28.94,28.96,28.97,28.98,28.99,29.0,29.01,29.1,200,100,3000,1200,100,400,200,1600,600,200,200,200,900,300,400,500,200,300,800,1400
188.0,28.89,23900,694496.0,28.88,28.82,28.81,28.8,28.75,28.73,28.68,28.6,28.58,28.51,28.91,28.92,28.94,28.96,28.97,28.98,28.99,29.0,29.01,29.1,100,100,3000,1200,100,400,200,1600,600,200,200,200,900,300,400,500,200,300,800,1400
189.0,28.89,23900,694496.0,28.88,28.82,28.81,28.8,28.75,28.73,28.68,28.6,28.58,28.51,28.91,28.92,28.94,28.96,28.97,28.98,28.99,29.0,29.01,29.1,100,100,3000,1200,100,400,200,1600,600,200,200,200,900,300,400,500,200,300,800,1400
190.0,28.89,23900,694496.0,28.88,28.82,28.81,28.8,28.75,28.73,28.68,28.6,28.58,28.51,28.91,28.92,28.94,28.96,28.97,28.98,28.99,29.0,29.01,29.1,100,100,3000,1200,100,400,200,1600,600,200,200,200,900,300,400,500,200,300,800,1400
191.0,28.89,23900,694496.0,28.88,28.82,28.81,28.8,28.75,28.73,28.68,28.6,28.58,28.51,28.91,28.92,28.94,28.96,28.97,28.98,28.99,29.0,29.01,29.1,100,100,3000,1200,100,400,200,1600,600,200,200,200,900,300,400,500,200,300,800,1400
192.0,28.92,24200,703170.0,28.88,28.82,28.81,28.8,28.75,28.73,28.68,28.6,28.58,28.51,28.91,28.92,28.93,28.94,28.96,28.97,28.98,28.99,29.0,29.01,100,100,3000,1200,100,400,200,1600,600,200,600,1700,600,900,300,400,500,200,300,800
193.0,28.92,24200,703170.0,28.88,28.82,28.81,28.8,28.75,28.73,28.68,28.6,28.58,28.51,28.91,28.92,28.93,28.94,28.96,28.97,28.98,28.99,29.0,29.01,100,100,3000,1200,100,400,200,1600,600,200,600,1700,600,900,300,400,500,200,300,800
194.0,28.92,24200,703170.0,28.88,28.82,28.81,28.8,28.75,28.73,28.68,28.6,28.58,28.51,28.91,28.92,28.93,28.94,28.96,28.97,28.98,28.99,29.0,29.01,100,100,3000,1200,100,400,200,1600,600,200,600,1700,600,900,300,400,500,200,300,800
195.0,28.92,24200,703170.0,28.88,28.82,28.81,28.8,28.75,28.73,28.68,28.6,28.58,28.51,28.91,28.92,28.93,28.94,28.96,28.97,28.98,28.99,29.0,29.01,100,100,3000,1200,100,400,200,1600,600,200,600,1700,600,900,300,400,500,200,300,800
196.0,28.92,24200,703170.0,28.88,28.82,28.81,28.8,28.75,28.73,28.68,28.6,28.58,28.51,28.91,28.92,28.93,28.94,28.96,28.97,28.98,28.99,29.0,29.01,100,100,3000,1200,100,400,200,1600,600,200,600,1700,600,900,300,400,500,200,300,800
197.0,28.92,24200,703170.0,28.88,28.82,28.81,28.8,28.75,28.73,28.68,28.6,28.58,28.51,28.91,28.92,28.93,28.96,28.97,28.98,29.0,29.01,29.1,29.14,100,100,3000,1200,100,400,200,1600,600,200,600,1700,600,300,400,500,300,800,1400,100
198.0,28.92,24200,703170.0,28.88,28.82,28.81,28.8,28.75,28.73,28.68,28.6,28.58,28.51,28.91,28.92,28.93,28.96,28.97,28.98,29.0,29.01,29.1,29.14,100,100,3000,1200,100,400,200,1600,600,200,600,1700,600,300,400,500,300,800,1400,100
199.0,28.92,24200,703170.0,28.88,28.82,28.81,28.8,28.75,28.73,28.68,28.6,28.58,28.51,28.91,28.92,28.93,28.96,28.97,28.98,29.0,29.01,29.1,29.14,100,100,3000,1200,100,400,200,1600,600,200,600,1700,600,300,400,500,300,800,1400,100
200.0,28.92,24200,703170.0,28.88,28.82,28.81,28.8,28.75,28.73,28.68,28.6,28.58,28.51,28.9,28.91,28.92,28.93,28.96,28.97,28.98,29.0,29.01,29.1,100,100,3000,1200,100,400,200,1600,600,200,200,600,1700,600,300,400,500,300,800,1400
201.0,28.92,24200,703170.0,28.88,28.82,28.81,28.8,28.75,28.73,28.68,28.6,28.58,28.51,28.9,28.91,28.92,28.93,28.96,28.97,28.98,29.0,29.01,29.1,100,100,3000,1200,100,400,200,1600,600,200,200,600,1700,600,300,400,500,300,800,1400
202.0,28.92,24200,703170.0,28.88,28.82,28.81,28.8,28.75,28.73,28.68,28.6,28.58,28.51,28.9,28.91,28.92,28.93,28.96,28.97,28.98,29.0,29.01,29.1,100,100,3000,1200,100,400,200,1600,600,200,200,600,1700,600,300,400,500,300,800,1400
203.0,28.9,24300,706060.0,28.88,28.82,28.81,28.8,28.75,28.73,28.68,28.6,28.58,28.51,28.9,28.91,28.92,28.93,28.96,28.97,28.98,29.0,29.01,29.1,200,100,3000,1200,100,400,200,1600,600,200,100,600,1700,600,300,400,500,300,800,1400
204.0,28.9,24300,706060.0,28.88,28.82,28.81,28.8,28.75,28.73,28.68,28.6,28.58,28.51,28.9,28.91,28.92,28.93,28.96,28.97,28.98,29.0,29.01,29.1,800,100,3000,1200,300,400,200,1600,600,200,100,600,1700,600,300,400,500,300,800,1400
205.0,28.9,24300,706060.0,28.88,28.82,28.81,28.8,28.75,28.73,28.68,28.6,28.58,28.51,28.9,28.91,28.92,28.93,28.96,28.97,28.98,29.0,29.01,29.1,800,100,3000,1200,300,400,200,1600,600,200,100,600,1700,600,300,400,500,300,800,1400
206.0,28.9,24300,706060.0,28.88,28.82,28.81,28.8,28.75,28.73,28.68,28.6,28.58,28.51,28.9,28.91,28.92,28.93,28.96,28.97,28.98,29.0,29.01,29.1,1000,100,3000,1200,300,400,200,1600,600,200,100,600,1700,2600,300,400,500,300,800,1400
207.0,28.9,24300,706060.0,28.88,28.82,28.81,28.8,28.75,28.73,28.68,28.6,28.58,28.51,28.9,28.91,28.92,28.93,28.96,28.97,28.98,29.0,29.01,29.1,1000,100,3000,1200,300,400,200,1600,600,200,100,600,1700,2600,300,400,500,300,800,1400
208.0,28.9,24300,706060.0,28.88,28.82,28.81,28.8,28.75,28.73,28.68,28.6,28.58,28.51,28.9,28.91,28.92,28.93,28.96,28.97,28.98,29.0,29.01,29.1,1000,100,3000,1200,300,400,200,1600,600,200,100,600,1700,2600,300,400,500,300,800,1400
209.0,28.88,24900,723388.0,28.82,28.81,28.8,28.75,28.73,28.68,28.6,28.58,28.51,28.5,28.88,28.9,28.91,28.92,28.93,28.96,28.97,28.98,29.0,29.01,100,3000,1200,300,400,200,1600,600,200,600,100,100,600,1700,2600,300,400,500,300,800
210.0,28.88,24900,723388.0,28.82,28.81,28.8,28.75,28.73,28.68,28.6,28.58,28.51,28.5,28.88,28.9,28.91,28.92,28.93,28.96,28.97,28.98,29.0,29.01,100,3000,1200,300,400,200,1600,600,200,600,100,100,600,1700,2600,300,400,500,300,800
211.0,28.88,24900,723388.0,28.82,28.81,28.8,28.75,28.73,28.68,28.6,28.58,28.51,28.5,28.88,28.9,28.91,28.92,28.93,28.96,28.97,28.98,29.0,29.01,100,3000,1200,300,400,200,1600,600,200,600,100,100,600,1700,2600,300,400,500,300,800
212.0,28.88,25100,729164.0,28.88,28.82,28.81,28.8,28.75,28.73,28.68,28.6,28.58,28.51,28.9,28.91,28.92,28.93,28.96,28.97,28.98,29.0,29.01,29.1,100,500,3000,1200,300,400,200,1600,600,200,300,600,1700,2600,300,400,500,300,800,1400
213.0,28.88,25100,729164.0,28.88,28.82,28.81,28.8,28.75,28.73,28.68,28.6,28.58,28.51,28.9,28.91,28.92,28.93,28.96,28.97,28.98,29.0,29.01,29.1,100,500,3000,1200,300,400,200,1600,600,200,300,600,1700,2600,300,400,500,300,800,1400
214.0,28.88,25100,729164.0,28.88,28.82,28.81,28.8,28.76,28.75,28.73,28.68,28.6,28.58,28.9,28.91,28.92,28.93,28.96,28.97,28.98,29.0,29.01,29.1,100,500,3000,1200,100,300,400,200,1600,600,300,600,1700,2600,300,400,500,300,800,1400
215.0,28.88,25100,729164.0,28.88,28.82,28.81,28.8,28.76,28.75,28.73,28.68,28.6,28.58,28.9,28.91,28.92,28.93,28.96,28.97,28.98,29.0,29.01,29.1,100,500,3000,1200,100,300,400,200,1600,600,300,600,1700,2600,300,400,500,300,800,1400
216.0,28.88,25100,729164.0,28.88,28.82,28.81,28.8,28.76,28.75,28.73,28.68,28.6,28.58,28.9,28.91,28.92,28.93,28.96,28.97,28.98,29.0,29.01,29.1,100,500,3000,1200,100,300,400,200,1600,600,300,600,1700,2600,300,400,500,300,800,1400
217.0,28.88,25100,729164.0,28.88,28.82,28.81,28.8,28.76,28.75,28.73,28.68,28.6,28.58,28.9,28.91,28.92,28.93,28.96,28.97,28.98,29.0,29.01,29.1,100,500,3000,1200,100,300,400,200,1600,600,300,600,1700,2600,300,400,500,300,800,1400
218.0,28.88,25200,732052.0,28.82,28.81,28.8,28.76,28.75,28.73,28.68,28.6,28.58,28.51,28.88,28.9,28.91,28.92,28.93,28.96,28.97,28.98,29.0,29.01,1000,3000,1200,100,300,400,200,1600,600,200,200,300,600,1700,2600,300,400,500,300,800
219.0,28.88,25300,734940.0,28.83,28.82,28.81,28.8,28.76,28.75,28.73,28.68,28.6,28.58,28.88,28.9,28.91,28.92,28.93,28.96,28.97,28.98,29.0,29.01,300,1000,3000,1200,100,300,400,200,1600,600,100,300,600,1700,2600,300,400,500,300,800
220.0,28.88,25300,734940.0,28.83,28.82,28.81,28.8,28.76,28.75,28.73,28.68,28.6,28.58,28.88,28.9,28.91,28.92,28.93,28.96,28.97,28.98,29.0,29.01,300,1000,3000,1200,100,300,400,200,1600,600,100,300,600,1700,2600,300,400,500,300,800
221.0,28.88,25300,734940.0,28.83,28.82,28.81,28.8,28.76,28.75,28.73,28.68,28.6,28.58,28.88,28.9,28.91,28.92,28.93,28.96,28.97,28.98,29.0,29.01,300,1000,3000,1200,100,300,400,200,1600,600,100,300,600,1700,2600,300,400,500,300,800
222.0,28.88,25300,734940.0,28.83,28.82,28.81,28.8,28.76,28.75,28.73,28.68,28.6,28.58,28.88,28.9,28.91,28.92,28.93,28.96,28.97,28.98,29.0,29.01,300,1000,3000,1200,100,300,400,200,1600,600,100,300,600,1700,2600,300,400,500,300,800
223.0,28.88,25300,734940.0,28.83,28.82,28.81,28.8,28.76,28.75,28.73,28.68,28.6,28.58,28.88,28.9,28.91,28.92,28.93,28.96,28.97,28.98,29.0,29.01,300,1000,3000,1200,100,300,400,200,1600,600,100,300,600,1700,2600,300,400,500,300,800
224.0,28.88,25300,734940.0,28.83,28.82,28.81,28.8,28.76,28.75,28.73,28.68,28.6,28.58,28.88,28.9,28.91,28.92,28.93,28.96,28.97,28.98,29.0,29.01,300,1000,3000,1200,100,300,400,200,1600,600,100,300,600,1700,2600,300,400,500,300,800
225.0,28.88,25300,734940.0,28.83,28.82,28.81,28.8,28.76,28.75,28.73,28.68,28.6,28.58,28.88,28.9,28.91,28.92,28.93,28.96,28.97,28.98,29.0,29.01,300,1000,3000,1200,100,300,400,200,1600,600,100,300,600,1700,2600,300,400,500,300,800
226.0,28.88,25300,734940.0,28.83,28.82,28.81,28.8,28.76,28.75,28.73,28.68,28.6,28.58,28.88,28.9,28.91,28.92,28.93,28.96,28.97,28.98,29.0,29.01,300,1000,3000,1200,100,300,400,200,1600,600,100,300,600,1700,2600,300,400,500,300,800
227.0,28.88,25300,734940.0,28.83,28.82,28.81,28.8,28.76,28.75,28.73,28.68,28.6,28.58,28.88,28.9,28.91,28.92,28.93,28.96,28.97,28.98,29.0,29.01,300,1000,3000,1200,100,300,400,200,1600,600,100,300,600,1700,2600,300,400,500,300,800
228.0,28.88,25300,734940.0,28.83,28.82,28.81,28.8,28.76,28.75,28.73,28.68,28.6,28.58,28.88,28.9,28.91,28.92,28.93,28.96,28.97,28.98,29.0,29.01,100,1000,3000,1200,100,300,400,200,1600,600,100,300,600,1700,2600,300,400,500,300,800
229.0,28.88,25300,734940.0,28.83,28.82,28.81,28.8,28.76,28.75,28.73,28.68,28.6,28.58,28.88,28.9,28.91,28.92,28.93,28.96,28.97,28.98,29.0,29.01,100,1000,3000,1200,100,300,400,200,1600,600,100,300,600,1700,2600,300,400,500,300,800
230.0,28.88,25300,734940.0,28.83,28.82,28.81,28.8,28.76,28.75,28.73,28.68,28.6,28.58,28.88,28.9,28.91,28.92,28.93,28.96,28.97,28.98,29.0,29.01,100,1000,3000,1200,100,300,400,200,1600,600,100,300,600,1700,2600,300,400,500,300,800
231.0,28.88,25300,734940.0,28.83,28.82,28.81,28.8,28.76,28.75,28.73,28.68,28.6,28.58,28.88,28.9,28.91,28.92,28.93,28.96,28.97,28.98,29.0,29.01,100,1000,3000,1200,100,300,400,200,1600,600,100,300,600,1700,2600,300,400,500,300,800
232.0,28.88,25300,734940.0,28.83,28.82,28.81,28.8,28.76,28.75,28.73,28.68,28.6,28.58,28.88,28.9,28.91,28.92,28.93,28.96,28.97,28.98,29.0,29.01,100,1000,3000,1200,100,300,400,200,1600,600,100,300,600,1700,2600,300,400,500,300,800
233.0,28.88,25300,734940.0,28.83,28.82,28.81,28.8,28.76,28.75,28.73,28.68,28.6,28.58,28.88,28.9,28.91,28.92,28.93,28.96,28.97,28.98,29.0,29.01,100,1000,3000,1200,100,300,400,200,1600,600,100,300,600,1700,2600,300,400,500,300,800
234.0,28.88,25300,734940.0,28.83,28.82,28.81,28.8,28.76,28.75,28.73,28.68,28.6,28.58,28.88,28.9,28.91,28.92,28.93,28.96,28.97,28.98,29.0,29.01,100,1000,3000,1200,100,300,400,200,1600,600,100,300,600,1700,2600,300,400,500,300,800
235.0,28.88,25300,734940.0,28.82,28.81,28.8,28.76,28.75,28.73,28.68,28.6,28.58,28.51,28.86,28.87,28.88,28.9,28.91,28.92,28.93,28.96,28.97,28.98,100,3000,1200,100,300,400,200,1600,600,200,100,200,300,200,600,1700,2600,300,400,500
236.0,28.88,25300,734940.0,28.81,28.8,28.76,28.75,28.73,28.68,28.6,28.58,28.51,28.5,28.86,28.87,28.88,28.9,28.91,28.92,28.93,28.96,28.97,28.98,3000,1200,100,300,400,200,1600,600,200,600,100,200,300,200,600,1700,2600,300,400,500
237.0,28.88,25300,734940.0,28.81,28.8,28.76,28.75,28.73,28.68,28.6,28.58,28.51,28.5,28.86,28.87,28.88,28.9,28.91,28.92,28.93,28.96,28.97,28.98,3000,1200,100,300,400,200,1600,600,200,600,100,200,300,200,600,1700,2600,300,400,500
238.0,28.88,25300,734940.0,28.81,28.8,28.76,28.75,28.73,28.68,28.6,28.58,28.51,28.5,28.86,28.87,28.88,28.9,28.91,28.92,28.93,28.96,28.97,28.98,3000,1200,100,300,400,200,1600,600,200,600,100,200,300,200,600,1700,2600,300,400,500
239.0,28.88,25300,734940.0,28.81,28.8,28.76,28.75,28.73,28.68,28.6,28.58,28.51,28.5,28.86,28.87,28.88,28.9,28.91,28.92,28.93,28.96,28.97,28.98,3000,1200,100,200,400,200,1600,600,200,600,100,200,300,200,600,1700,2600,300,400,500
240.0,28.88,25300,734940.0,28.81,28.8,28.76,28.75,28.73,28.68,28.6,28.58,28.51,28.5,28.86,28.87,28.88,28.9,28.91,28.92,28.93,28.96,28.97,28.98,3000,1200,100,200,400,200,1600,600,200,600,100,200,300,200,600,1700,2600,300,400,500
241.0,28.88,25300,734940.0,28.81,28.8,28.76,28.75,28.73,28.68,28.6,28.58,28.51,28.5,28.86,28.87,28.88,28.9,28.91,28.92,28.93,28.96,28.97,28.98,3000,1200,100,200,400,200,1600,600,200,600,100,200,300,200,600,1700,2600,300,400,500
242.0,28.88,25300,734940.0,28.82,28.81,28.8,28.76,28.75,28.73,28.68,28.6,28.58,28.51,28.85,28.86,28.87,28.88,28.9,28.91,28.92,28.93,28.96,28.97,2600,3000,1200,100,200,400,200,1600,600,200,300,100,200,300,200,600,700,2600,300,400
243.0,28.88,25300,734940.0,28.82,28.81,28.8,28.76,28.75,28.73,28.68,28.6,28.58,28.51,28.85,28.86,28.87,28.88,28.9,28.91,28.92,28.93,28.96,28.97,2600,3000,1200,100,200,400,200,1600,600,200,300,100,200,300,200,600,700,2600,300,400
244.0,28.88,25300,734940.0,28.82,28.81,28.8,28.76,28.75,28.73,28.68,28.6,28.58,28.51,28.85,28.86,28.87,28.88,28.9,28.91,28.92,28.93,28.96,28.97,2600,3000,1200,100,200,400,200,1600,600,200,300,100,200,300,200,600,700,2600,300,400
245.0,28.88,25300,734940.0,28.82,28.81,28.8,28.76,28.75,28.73,28.68,28.6,28.58,28.51,28.85,28.86,28.87,28.88,28.9,28.91,28.92,28.93,28.96,28.97,2600,3000,1200,100,200,400,200,1600,600,200,300,100,200,300,200,600,700,2600,300,400
246.0,28.88,25300,734940.0,28.82,28.81,28.8,28.76,28.75,28.73,28.68,28.6,28.58,28.51,28.85,28.86,28.87,28.88,28.9,28.91,28.92,28.93,28.96,28.97,2600,3000,1200,100,200,400,200,1600,600,200,300,100,200,300,200,600,700,2600,300,400
247.0,28.88,25300,734940.0,28.82,28.81,28.8,28.76,28.75,28.73,28.68,28.6,28.58,28.51,28.85,28.86,28.87,28.88,28.9,28.91,28.92,28.93,28.96,28.97,2600,3000,1200,100,200,400,200,1600,600,200,300,100,200,300,200,600,700,2600,300,400
248.0,28.88,25300,734940.0,28.82,28.81,28.8,28.76,28.75,28.73,28.68,28.6,28.58,28.51,28.85,28.86,28.87,28.88,28.9,28.91,28.92,28.93,28.96,28.97,2600,3000,1200,100,200,400,200,1600,600,200,300,100,200,300,200,600,700,2600,300,400
249.0,28.88,25300,734940.0,28.82,28.81,28.8,28.76,28.75,28.73,28.68,28.6,28.58,28.51,28.85,28.86,28.87,28.88,28.9,28.91,28.92,28.93,28.96,28.97,2600,3000,1200,100,200,400,200,1600,600,200,300,100,200,300,200,600,700,2600,300,400
250.0,28.88,25300,734940.0,28.82,28.81,28.8,28.76,28.75,28.73,28.68,28.6,28.58,28.51,28.85,28.86,28.87,28.88,28.9,28.91,28.92,28.93,28.96,28.97,2600,3000,1200,100,200,400,200,1600,600,200,300,100,200,300,200,600,700,2600,300,400
251.0,28.88,25300,734940.0,28.82,28.81,28.8,28.76,28.75,28.73,28.68,28.6,28.58,28.51,28.85,28.86,28.87,28.88,28.9,28.91,28.92,28.93,28.96,28.97,2600,3000,1200,100,200,400,200,1600,600,200,300,100,200,300,200,600,700,2600,300,400
252.0,28.88,25300,734940.0,28.82,28.81,28.8,28.76,28.75,28.73,28.68,28.6,28.58,28.51,28.85,28.86,28.87,28.88,28.9,28.91,28.92,28.93,28.96,28.97,2600,3000,1200,100,200,400,200,1600,600,200,300,100,200,300,200,600,700,2600,300,400
253.0,28.88,25300,734940.0,28.82,28.81,28.8,28.76,28.75,28.73,28.68,28.6,28.58,28.51,28.85,28.86,28.87,28.88,28.9,28.91,28.92,28.93,28.96,28.97,2600,3000,1200,100,200,400,200,1600,600,200,300,100,200,300,200,600,700,2600,300,400
254.0,28.88,25300,734940.0,28.82,28.81,28.8,28.76,28.75,28.73,28.68,28.6,28.58,28.51,28.85,28.86,28.87,28.88,28.9,28.91,28.92,28.93,28.96,28.97,2600,3000,1200,100,200,400,200,1600,600,200,300,100,200,300,200,600,700,2600,300,400
255.0,28.88,25300,734940.0,28.82,28.81,28.8,28.76,28.75,28.73,28.68,28.6,28.58,28.51,28.85,28.86,28.87,28.88,28.9,28.91,28.92,28.93,28.96,28.97,2600,3000,1200,100,200,400,200,1600,600,200,300,100,200,300,200,600,700,2600,300,400
256.0,28.88,25300,734940.0,28.82,28.81,28.8,28.76,28.75,28.73,28.68,28.6,28.58,28.51,28.85,28.86,28.87,28.88,28.9,28.91,28.92,28.93,28.96,28.97,2600,3000,1200,100,200,400,200,1600,600,200,300,100,200,300,200,600,700,2600,300,400
257.0,28.88,25300,734940.0,28.82,28.81,28.8,28.76,28.75,28.73,28.68,28.6,28.58,28.51,28.85,28.86,28.87,28.88,28.9,28.91,28.92,28.93,28.96,28.97,2600,3000,1200,100,200,400,200,1600,600,200,300,100,200,300,200,600,700,2600,300,400
258.0,28.88,25300,734940.0,28.82,28.81,28.8,28.76,28.75,28.73,28.68,28.6,28.58,28.51,28.85,28.86,28.87,28.88,28.9,28.91,28.92,28.93,28.96,28.97,2600,3000,1200,100,200,400,200,1600,600,200,300,100,200,300,200,600,700,2600,300,400
259.0,28.88,25300,734940.0,28.82,28.81,28.8,28.76,28.75,28.73,28.68,28.6,28.58,28.51,28.85,28.86,28.87,28.88,28.9,28.91,28.92,28.93,28.96,28.97,2600,3000,1200,100,200,400,200,1600,600,200,300,100,200,300,200,600,700,2600,300,400
260.0,28.88,25300,734940.0,28.82,28.81,28.8,28.76,28.75,28.73,28.68,28.6,28.58,28.51,28.85,28.86,28.87,28.88,28.9,28.91,28.92,28.93,28.96,28.97,2600,3000,1200,100,200,400,200,1600,600,200,300,100,200,300,200,600,700,2600,300,400
261.0,28.88,25300,734940.0,28.82,28.81,28.8,28.76,28.75,28.73,28.68,28.6,28.58,28.51,28.85,28.86,28.87,28.88,28.9,28.91,28.92,28.93,28.96,28.97,2600,3000,1200,100,200,400,200,1600,600,200,300,100,200,300,200,600,700,2600,300,400
262.0,28.88,25300,734940.0,28.83,28.82,28.81,28.8,28.75,28.73,28.68,28.6,28.58,28.51,28.85,28.86,28.87,28.88,28.9,28.91,28.92,28.93,28.96,28.97,200,2600,3000,1200,200,400,200,1600,600,200,400,100,200,300,200,600,700,2600,300,400
263.0,28.86,26700,775332.0,28.86,28.85,28.83,28.82,28.81,28.8,28.75,28.73,28.68,28.6,28.87,28.88,28.9,28.91,28.92,28.93,28.96,28.97,28.98,29.0,100,800,200,2600,3000,1200,200,400,200,1600,200,300,200,600,700,2600,300,400,500,300
264.0,28.86,26700,775332.0,28.86,28.85,28.83,28.82,28.81,28.8,28.75,28.73,28.68,28.6,28.87,28.88,28.9,28.91,28.92,28.93,28.96,28.97,28.98,29.0,100,800,200,2600,3000,1200,200,400,200,1600,200,300,200,600,700,2600,300,400,500,300
265.0,28.86,26700,775332.0,28.86,28.85,28.83,28.82,28.81,28.8,28.75,28.73,28.68,28.6,28.87,28.88,28.9,28.91,28.92,28.93,28.96,28.97,28.98,29.0,100,800,200,2600,3000,1200,200,400,200,1600,200,300,200,600,700,2600,300,400,500,300
266.0,28.87,27400,795532.0,28.85,28.83,28.82,28.81,28.8,28.75,28.73,28.68,28.6,28.58,28.87,28.88,28.9,28.91,28.92,28.93,28.96,28.97,28.98,29.0,200,200,2600,3000,1200,200,400,200,1600,600,200,300,200,600,700,2600,300,400,500,300
267.0,28.87,27700,804193.0,28.85,28.83,28.82,28.81,28.8,28.75,28.73,28.68,28.6,28.58,28.88,28.9,28.91,28.92,28.93,28.96,28.97,28.98,29.0,29.01,200,200,2600,3000,1200,200,400,200,1600,600,300,200,600,700,2600,300,400,500,300,600
268.0,28.87,27700,804193.0,28.85,28.83,28.82,28.81,28.8,28.75,28.73,28.68,28.6,28.58,28.88,28.9,28.91,28.92,28.93,28.96,28.97,28.98,29.0,29.01,200,200,2600,3000,1200,200,400,200,1600,600,300,200,600,700,2600,300,400,500,300,600
269.0,28.87,27700,804193.0,28.85,28.83,28.82,28.81,28.8,28.75,28.73,28.68,28.6,28.58,28.88,28.9,28.91,28.92,28.93,28.96,28.97,28.98,29.0,29.01,200,200,2600,3000,1200,200,400,200,1600,600,300,200,600,700,2600,300,400,500,300,600
270.0,28.87,27700,804193.0,28.85,28.83,28.82,28.81,28.8,28.75,28.73,28.68,28.6,28.58,28.88,28.9,28.91,28.92,28.93,28.96,28.97,28.98,29.0,29.01,200,200,2600,3000,1200,200,400,200,1600,600,300,200,600,700,2600,300,400,500,300,600
271.0,28.87,27700,804193.0,28.85,28.83,28.82,28.81,28.8,28.75,28.74,28.73,28.68,28.6,28.88,28.9,28.91,28.92,28.93,28.96,28.97,28.98,29.0,29.01,200,200,2600,3000,1200,200,100,400,200,1600,300,200,600,700,2600,300,400,500,300,600
272.0,28.87,27700,804193.0,28.85,28.83,28.82,28.81,28.8,28.75,28.74,28.73,28.68,28.6,28.88,28.9,28.91,28.92,28.93,28.96,28.97,28.98,29.0,29.01,200,200,2600,3000,1200,200,100,400,200,1600,300,200,600,700,2600,300,400,500,300,600
273.0,28.87,27700,804193.0,28.85,28.83,28.82,28.81,28.8,28.75,28.74,28.73,28.68,28.6,28.88,28.9,28.91,28.92,28.93,28.96,28.97,28.98,29.0,29.01,300,200,2600,3000,1200,200,100,400,200,1600,300,200,600,700,2600,300,400,500,300,600
274.0,28.87,27700,804193.0,28.85,28.83,28.82,28.81,28.8,28.75,28.74,28.73,28.68,28.6,28.88,28.9,28.91,28.92,28.93,28.96,28.97,28.98,29.0,29.01,300,200,2600,3000,1200,200,100,400,200,1600,300,200,600,700,2600,300,400,500,300,600
275.0,28.87,27700,804193.0,28.85,28.83,28.82,28.81,28.8,28.75,28.74,28.73,28.68,28.6,28.88,28.9,28.91,28.92,28.93,28.96,28.97,28.98,29.0,29.01,100,200,2600,3000,1200,200,100,400,200,1600,300,200,600,700,2600,300,400,500,300,600
276.0,28.87,27700,804193.0,28.85,28.83,28.82,28.81,28.8,28.75,28.74,28.73,28.68,28.6,28.88,28.9,28.91,28.92,28.93,28.96,28.97,28.98,29.0,29.01,100,200,2600,3000,1200,200,100,400,200,1600,300,200,600,700,2600,300,400,500,300,600
277.0,28.87,27700,804193.0,28.85,28.83,28.82,28.81,28.8,28.75,28.74,28.73,28.68,28.6,28.88,28.9,28.91,28.92,28.93,28.96,28.97,28.98,29.0,29.01,100,200,2600,3000,1200,200,100,400,200,1600,300,200,600,700,2600,300,400,500,300,600
278.0,28.87,27700,804193.0,28.85,28.83,28.82,28.81,28.8,28.75,28.74,28.73,28.68,28.6,28.88,28.9,28.91,28.92,28.93,28.96,28.97,28.98,29.0,29.01,100,200,2600,3000,1200,200,100,400,200,1600,300,200,600,700,2600,300,400,500,300,600
279.0,28.87,27700,804193.0,28.85,28.83,28.82,28.81,28.8,28.75,28.74,28.73,28.68,28.6,28.88,28.9,28.91,28.92,28.93,28.96,28.97,28.98,29.0,29.01,100,200,2600,3000,1200,200,100,400,200,1600,300,200,600,700,2600,300,400,500,300,600
280.0,28.87,27700,804193.0,28.85,28.83,28.82,28.81,28.8,28.75,28.74,28.73,28.68,28.6,28.88,28.9,28.91,28.92,28.93,28.96,28.97,28.98,29.0,29.01,100,200,2600,3000,1200,200,100,400,200,1600,300,200,600,700,2600,300,400,500,300,600
281.0,28.87,27700,804193.0,28.85,28.83,28.82,28.81,28.8,28.75,28.74,28.73,28.68,28.6,28.88,28.9,28.91,28.92,28.93,28.96,28.97,28.98,29.0,29.01,100,200,2600,3000,1200,200,100,400,200,1600,300,200,600,700,2600,300,400,500,300,600
282.0,28.87,27700,804193.0,28.85,28.83,28.82,28.81,28.8,28.75,28.74,28.73,28.68,28.6,28.88,28.9,28.91,28.92,28.93,28.96,28.97,28.98,29.0,29.01,100,200,2600,3000,1200,200,100,400,200,1600,300,200,600,700,2600,300,400,500,300,600
283.0,28.87,27700,804193.0,28.85,28.83,28.82,28.81,28.8,28.75,28.74,28.73,28.68,28.6,28.88,28.9,28.91,28.92,28.93,28.96,28.97,28.98,29.0,29.01,100,200,2600,3000,1200,200,100,400,200,1600,300,200,600,700,2600,300,400,500,300,600
284.0,28.87,27700,804193.0,28.85,28.83,28.82,28.81,28.8,28.75,28.74,28.73,28.68,28.6,28.88,28.9,28.91,28.92,28.93,28.96,28.97,28.98,29.0,29.01,100,200,2600,3000,1200,200,100,400,200,1600,300,200,600,700,2600,300,400,500,300,600
285.0,28.87,27700,804193.0,28.85,28.83,28.82,28.81,28.8,28.75,28.74,28.73,28.68,28.6,28.88,28.9,28.91,28.92,28.93,28.96,28.97,28.98,29.0,29.01,100,200,2600,3000,1200,200,100,400,200,1600,300,200,600,700,2600,300,400,500,300,600
286.0,28.87,27700,804193.0,28.85,28.83,28.82,28.81,28.8,28.75,28.74,28.73,28.68,28.6,28.88,28.9,28.91,28.92,28.93,28.96,28.97,28.98,29.0,29.01,100,200,2600,3000,1200,200,100,400,200,1600,300,200,600,700,2600,300,400,500,300,600
287.0,28.87,27700,804193.0,28.85,28.83,28.82,28.81,28.8,28.75,28.74,28.73,28.68,28.6,28.88,28.9,28.91,28.92,28.93,28.96,28.97,28.98,29.0,29.01,300,200,2600,3000,1200,200,100,400,200,1600,300,200,600,700,2600,300,400,500,300,600
288.0,28.87,27700,804193.0,28.85,28.83,28.82,28.81,28.8,28.75,28.74,28.73,28.68,28.6,28.88,28.9,28.91,28.92,28.93,28.96,28.97,28.98,29.0,29.01,300,200,2600,3000,1200,200,100,400,200,1600,300,200,600,700,2600,300,400,500,300,600
289.0,28.87,27700,804193.0,28.85,28.83,28.82,28.81,28.8,28.75,28.74,28.73,28.68,28.6,28.88,28.9,28.91,28.92,28.93,28.96,28.97,28.98,29.0,29.01,300,200,2600,3000,1200,200,100,400,200,1600,300,200,600,700,2600,300,400,500,300,600
290.0,28.87,27700,804193.0,28.85,28.83,28.82,28.81,28.8,28.75,28.74,28.73,28.68,28.6,28.88,28.9,28.91,28.92,28.93,28.96,28.97,28.98,29.0,29.01,300,200,2600,3000,1200,200,100,400,200,1600,300,200,600,700,2600,300,400,500,300,600
291.0,28.87,27700,804193.0,28.85,28.83,28.82,28.81,28.8,28.75,28.74,28.73,28.68,28.6,28.88,28.9,28.91,28.92,28.93,28.96,28.97,28.98,29.0,29.01,300,200,2600,3000,1200,200,100,400,200,1600,300,200,600,700,2600,300,400,500,300,600
292.0,28.87,27700,804193.0,28.85,28.83,28.82,28.81,28.8,28.75,28.74,28.73,28.68,28.6,28.88,28.9,28.91,28.92,28.93,28.96,28.97,28.98,29.0,29.01,300,200,2600,3000,1200,200,100,400,200,1600,300,200,600,700,2600,300,400,500,300,600
293.0,28.87,27700,804193.0,28.85,28.83,28.82,28.81,28.8,28.75,28.74,28.73,28.68,28.6,28.88,28.9,28.91,28.92,28.93,28.96,28.97,28.98,29.0,29.01,300,200,2600,3000,1200,200,100,400,200,1600,300,200,600,700,2600,300,400,500,300,600
294.0,28.87,27700,804193.0,28.85,28.83,28.82,28.81,28.8,28.75,28.74,28.73,28.68,28.6,28.88,28.9,28.91,28.92,28.93,28.96,28.97,28.98,29.0,29.01,300,200,2600,3000,1200,200,100,400,200,1600,300,200,600,700,2600,300,400,500,300,600
295.0,28.87,27700,804193.0,28.85,28.83,28.82,28.81,28.8,28.75,28.74,28.73,28.68,28.6,28.88,28.9,28.91,28.92,28.93,28.96,28.97,28.98,29.0,29.01,300,200,2600,3000,1200,200,100,400,200,1600,300,200,600,700,2600,300,400,500,300,600
296.0,28.87,27700,804193.0,28.85,28.83,28.82,28.81,28.8,28.75,28.74,28.73,28.68,28.6,28.88,28.9,28.91,28.92,28.93,28.96,28.97,28.98,29.0,29.01,300,200,2600,3000,1200,200,100,400,200,1600,300,200,600,700,2600,300,400,500,300,600
297.0,28.87,27700,804193.0,28.85,28.83,28.82,28.81,28.8,28.75,28.74,28.73,28.68,28.6,28.88,28.9,28.91,28.92,28.93,28.96,28.97,28.98,29.0,29.01,300,200,2600,3000,1200,200,100,400,200,1600,300,200,600,700,2600,300,400,500,300,600
298.0,28.87,27700,804193.0,28.85,28.83,28.82,28.81,28.8,28.75,28.74,28.73,28.68,28.6,28.88,28.9,28.91,28.92,28.93,28.96,28.97,28.98,29.0,29.01,300,200,2600,3000,1200,200,100,400,200,1600,300,200,600,700,2600,300,400,500,300,600
299.0,28.87,27700,804193.0,28.85,28.83,28.82,28.81,28.8,28.75,28.74,28.73,28.68,28.6,28.88,28.9,28.91,28.92,28.93,28.96,28.97,28.98,29.0,29.01,300,200,2600,3000,1200,200,100,400,200,1600,300,200,600,700,2600,300,400,500,300,600
300.0,28.87,27700,804193.0,28.85,28.83,28.82,28.81,28.8,28.75,28.74,28.73,28.68,28.6,28.88,28.9,28.91,28.92,28.93,28.96,28.97,28.98,29.0,29.01,300,200,2600,3000,1200,200,100,400,200,1600,300,200,600,700,2600,300,400,500,300,600
301.0,28.87,27700,804193.0,28.85,28.83,28.82,28.81,28.8,28.75,28.74,28.73,28.68,28.6,28.88,28.9,28.91,28.92,28.93,28.96,28.97,28.98,29.0,29.01,300,200,2600,3000,1200,200,100,400,200,1600,300,200,600,700,2600,300,400,500,300,600
302.0,28.87,27700,804193.0,28.85,28.83,28.82,28.81,28.8,28.75,28.74,28.73,28.68,28.6,28.87,28.88,28.9,28.91,28.92,28.93,28.96,28.97,28.98,29.0,600,200,2600,3000,1200,200,100,400,200,1600,300,300,200,600,700,2600,300,400,500,300
303.0,28.85,27800,807078.0,28.85,28.83,28.82,28.81,28.8,28.75,28.74,28.73,28.68,28.6,28.87,28.88,28.9,28.91,28.92,28.93,28.96,28.97,28.98,29.0,300,200,2600,3000,1200,200,100,400,200,1600,300,300,200,600,700,2600,300,400,500,300
304.0,28.85,27800,807078.0,28.85,28.83,28.82,28.81,28.8,28.75,28.74,28.73,28.68,28.6,28.87,28.88,28.9,28.91,28.92,28.93,28.96,28.97,28.98,29.0,300,200,2600,3000,1200,200,100,400,200,1600,300,300,200,600,700,2600,300,400,500,300
305.0,28.85,27800,807078.0,28.85,28.83,28.82,28.81,28.8,28.75,28.74,28.73,28.68,28.6,28.87,28.88,28.9,28.91,28.92,28.93,28.96,28.97,28.98,29.0,300,200,2600,3000,1200,200,100,400,200,1600,300,300,200,600,700,2600,300,400,500,300
306.0,28.85,27900,809963.0,28.85,28.83,28.82,28.81,28.8,28.75,28.74,28.73,28.68,28.6,28.87,28.88,28.9,28.91,28.92,28.93,28.96,28.97,28.98,29.0,100,200,2600,3000,1200,200,100,400,200,1600,300,300,200,600,700,2600,300,400,500,300
307.0,28.82,28500,827260.0,28.81,28.8,28.75,28.74,28.73,28.68,28.6,28.58,28.51,28.5,28.82,28.83,28.85,28.87,28.88,28.9,28.91,28.92,28.93,28.96,3000,1200,200,100,400,200,1600,600,200,600,100,100,300,100,300,200,600,700,2600,300
308.0,28.82,28500,827260.0,28.81,28.8,28.75,28.74,28.73,28.68,28.6,28.58,28.51,28.5,28.83,28.85,28.87,28.88,28.9,28.91,28.92,28.93,28.96,28.97,3000,1200,200,100,400,200,1600,600,200,600,200,300,1100,300,200,600,700,2600,300,400
309.0,28.82,28500,827260.0,28.81,28.8,28.75,28.74,28.73,28.68,28.6,28.58,28.51,28.5,28.83,28.85,28.87,28.88,28.9,28.91,28.92,28.93,28.96,28.97,3000,1200,200,100,400,200,1600,600,200,600,200,300,1100,300,200,600,700,2600,300,400
310.0,28.82,28500,827260.0,28.81,28.8,28.75,28.74,28.73,28.68,28.6,28.58,28.51,28.5,28.83,28.85,28.87,28.88,28.9,28.91,28.92,28.93,28.96,28.97,3000,1200,200,100,400,200,1600,600,200,600,200,300,1100,300,200,600,700,2600,300,400
311.0,28.81,31700,919456.0,28.8,28.75,28.74,28.73,28.68,28.6,28.58,28.51,28.5,28.3,28.85,28.87,28.88,28.9,28.91,28.92,28.93,28.96,28.97,28.98,1200,200,100,400,200,1600,600,200,600,100,300,1100,300,200,600,700,2600,300,400,500
312.0,28.81,31700,919456.0,28.8,28.75,28.74,28.73,28.68,28.6,28.58,28.51,28.5,28.3,28.85,28.87,28.88,28.9,28.91,28.92,28.93,28.96,28.97,28.98,1200,200,100,400,200,1600,600,200,600,100,300,1100,300,200,600,700,2600,300,400,500
313.0,28.81,31700,919456.0,28.8,28.75,28.74,28.73,28.68,28.6,28.58,28.51,28.5,28.3,28.85,28.87,28.88,28.9,28.91,28.92,28.93,28.96,28.97,28.98,1200,200,100,400,200,1600,600,200,600,100,300,1100,300,200,600,700,2600,300,400,500
314.0,28.81,31700,919456.0,28.8,28.75,28.74,28.73,28.68,28.6,28.58,28.51,28.5,28.3,28.85,28.87,28.88,28.9,28.91,28.92,28.93,28.96,28.97,28.98,1200,200,100,400,200,1600,600,200,600,100,300,1100,300,200,600,700,2600,300,400,500
315.0,28.81,31700,919456.0,28.8,28.75,28.74,28.73,28.68,28.6,28.58,28.51,28.5,28.3,28.85,28.87,28.88,28.9,28.91,28.92,28.93,28.96,28.97,28.98,1200,200,100,400,200,1600,600,200,600,100,300,1100,300,200,600,700,2600,300,400,500
316.0,28.81,31700,919456.0,28.8,28.75,28.74,28.73,28.68,28.6,28.58,28.51,28.5,28.3,28.85,28.87,28.88,28.9,28.91,28.92,28.93,28.96,28.97,28.98,1200,200,100,400,200,1600,600,200,600,100,300,1100,300,200,600,700,2600,300,400,500
317.0,28.81,31700,919456.0,28.8,28.75,28.74,28.73,28.68,28.6,28.58,28.51,28.5,28.3,28.85,28.87,28.88,28.9,28.91,28.92,28.93,28.96,28.97,28.98,1200,200,100,400,200,1600,600,200,600,100,300,1100,300,200,600,700,2600,300,400,500
318.0,28.81,31700,919456.0,28.8,28.75,28.74,28.73,28.68,28.6,28.58,28.51,28.5,28.3,28.85,28.87,28.88,28.9,28.91,28.92,28.93,28.96,28.97,28.98,1200,200,100,400,200,1600,600,200,600,100,300,1100,300,200,600,700,2600,300,400,500
319.0,28.81,31700,919456.0,28.8,28.75,28.74,28.73,28.68,28.6,28.58,28.51,28.5,28.3,28.85,28.87,28.88,28.9,28.91,28.92,28.93,28.96,28.97,28.98,1200,200,100,400,200,1600,600,200,600,100,300,1100,300,200,600,700,2600,300,400,500
320.0,28.81,31700,919456.0,28.8,28.75,28.74,28.73,28.68,28.6,28.58,28.51,28.5,28.3,28.85,28.87,28.88,28.9,28.91,28.92,28.93,28.96,28.97,28.98,1200,200,100,400,200,1600,600,200,600,100,300,1100,300,200,600,700,2600,300,400,500
321.0,28.81,31800,922337.0,28.8,28.75,28.74,28.73,28.68,28.6,28.58,28.51,28.5,28.3,28.82,28.83,28.85,28.88,28.9,28.91,28.92,28.93,28.96,28.97,1200,200,100,400,200,1600,600,200,600,100,1300,100,300,300,200,600,700,2600,300,400
322.0,28.8,32000,928097.0,28.8,28.75,28.74,28.73,28.68,28.6,28.58,28.51,28.5,28.3,28.82,28.83,28.85,28.88,28.9,28.91,28.92,28.93,28.96,28.97,1000,200,100,400,200,1600,600,200,600,100,1300,100,300,300,200,600,700,2600,300,400
323.0,28.8,33100,959779.0,28.75,28.74,28.73,28.68,28.6,28.58,28.51,28.5,28.3,28.2,28.82,28.83,28.85,28.88,28.9,28.91,28.92,28.93,28.96,28.97,200,100,400,200,1600,600,200,600,100,100,1200,100,300,300,200,600,700,2600,300,400
324.0,28.82,33200,962661.0,28.81,28.75,28.74,28.73,28.68,28.6,28.58,28.51,28.5,28.3,28.82,28.83,28.85,28.88,28.9,28.91,28.92,28.93,28.96,28.97,1000,200,100,400,200,1600,600,200,600,100,1100,100,300,300,200,600,700,2600,300,400
325.0,28.82,33200,962661.0,28.81,28.75,28.74,28.73,28.68,28.6,28.58,28.51,28.5,28.3,28.82,28.83,28.85,28.88,28.9,28.91,28.92,28.93,28.96,28.97,1000,200,100,400,200,1600,600,200,600,100,1100,100,300,300,200,600,700,2600,300,400
326.0,28.82,33200,962661.0,28.81,28.76,28.75,28.74,28.73,28.68,28.6,28.58,28.55,28.51,28.82,28.83,28.85,28.88,28.9,28.91,28.92,28.93,28.96,28.97,1000,100,200,100,400,200,1600,600,10000,200,1100,100,300,300,200,600,700,2600,300,400
327.0,28.82,33300,965543.0,28.81,28.76,28.75,28.74,28.73,28.68,28.6,28.58,28.55,28.51,28.82,28.83,28.85,28.88,28.9,28.91,28.92,28.93,28.96,28.97,1000,100,200,100,400,200,1600,600,10000,200,1000,100,300,300,200,600,700,2600,300,400
328.0,28.82,33300,965543.0,28.81,28.76,28.75,28.74,28.73,28.68,28.6,28.58,28.55,28.51,28.82,28.83,28.85,28.88,28.9,28.91,28.92,28.93,28.96,28.97,1000,100,200,100,400,200,1600,600,10000,200,1000,100,300,300,200,600,700,2600,300,400
329.0,28.82,33300,965543.0,28.81,28.76,28.75,28.74,28.73,28.68,28.6,28.58,28.55,28.51,28.82,28.83,28.85,28.88,28.9,28.91,28.92,28.93,28.96,28.97,1000,100,200,100,400,200,1600,600,10000,200,1000,100,300,300,200,600,700,2600,300,400
330.0,28.82,33300,965543.0,28.81,28.78,28.76,28.75,28.74,28.73,28.68,28.6,28.58,28.55,28.82,28.83,28.85,28.88,28.9,28.91,28.92,28.93,28.96,28.97,1000,100,100,200,100,400,200,1600,600,10000,1000,100,300,300,200,600,700,2600,300,400
331.0,28.82,33400,968425.0,28.81,28.78,28.76,28.75,28.74,28.73,28.68,28.6,28.58,28.55,28.82,28.83,28.85,28.88,28.9,28.91,28.92,28.93,28.96,28.97,1000,100,100,200,100,400,200,1600,600,10000,900,100,300,300,200,600,700,2600,300,400
332.0,28.82,33500,971307.0,28.81,28.78,28.76,28.75,28.74,28.73,28.68,28.6,28.58,28.55,28.82,28.83,28.85,28.88,28.9,28.91,28.92,28.93,28.96,28.97,1000,100,100,200,100,400,200,1600,600,10000,800,100,300,300,200,600,700,2600,300,400
333.0,28.82,33500,971307.0,28.81,28.78,28.76,28.75,28.74,28.73,28.68,28.6,28.58,28.55,28.82,28.83,28.85,28.88,28.9,28.91,28.92,28.93,28.96,28.97,1000,100,100,200,100,400,200,1600,600,10000,800,100,300,300,200,600,700,2600,300,400
334.0,28.81,34400,997236.0,28.81,28.78,28.76,28.75,28.74,28.73,28.68,28.6,28.58,28.55,28.82,28.83,28.85,28.88,28.9,28.91,28.92,28.93,28.96,28.97,100,100,100,200,100,400,200,1600,600,10000,800,100,300,300,200,600,700,2600,300,400
335.0,28.81,34700,1005879.0,28.78,28.76,28.75,28.74,28.73,28.68,28.6,28.58,28.55,28.51,28.81,28.82,28.83,28.85,28.88,28.9,28.91,28.92,28.93,28.96,100,100,200,100,400,200,1600,600,10000,200,400,800,100,300,300,200,600,700,2600,300
336.0,28.81,34700,1005879.0,28.78,28.76,28.75,28.74,28.73,28.68,28.6,28.58,28.55,28.51,28.81,28.82,28.83,28.85,28.88,28.9,28.91,28.92,28.93,28.96,100,100,200,100,400,200,1600,600,10000,200,400,800,100,300,300,200,600,700,2600,300
337.0,28.81,34700,1005879.0,28.8,28.78,28.76,28.75,28.74,28.73,28.68,28.6,28.58,28.55,28.81,28.82,28.83,28.85,28.88,28.9,28.91,28.92,28.93,28.96,100,100,100,200,100,400,200,1600,600,10000,400,800,100,300,300,200,600,700,2600,300
338.0,28.8,34800,1008759.0,28.78,28.76,28.75,28.74,28.73,28.68,28.6,28.58,28.55,28.51,28.81,28.82,28.83,28.85,28.88,28.9,28.91,28.92,28.93,28.96,300,100,200,100,400,200,1600,600,10000,200,400,800,100,300,300,200,600,700,2600,300
339.0,28.8,34800,1008759.0,28.78,28.76,28.75,28.74,28.73,28.68,28.6,28.58,28.55,28.51,28.81,28.82,28.83,28.85,28.88,28.9,28.91,28.92,28.93,28.96,300,100,200,100,400,200,1600,600,10000,200,400,800,100,300,300,200,600,700,2600,300
340.0,28.8,34800,1008759.0,28.78,28.76,28.75,28.74,28.73,28.68,28.6,28.58,28.55,28.51,28.81,28.82,28.83,28.85,28.88,28.9,28.91,28.92,28.93,28.96,300,100,200,100,400,200,1600,600,10000,200,400,800,100,300,300,200,600,700,2600,300
341.0,28.8,34800,1008759.0,28.78,28.76,28.75,28.74,28.73,28.68,28.6,28.58,28.55,28.51,28.81,28.82,28.83,28.85,28.88,28.9,28.91,28.92,28.93,28.96,300,100,200,100,400,200,1600,600,10000,200,400,800,100,300,300,200,600,700,2600,300
342.0,28.81,35000,1014521.0,28.78,28.76,28.75,28.74,28.73,28.68,28.6,28.58,28.55,28.51,28.81,28.82,28.83,28.85,28.88,28.9,28.91,28.92,28.93,28.96,400,100,200,100,400,200,1600,600,10000,200,200,800,100,300,300,200,600,700,2600,300
343.0,28.81,35000,1014521.0,28.78,28.76,28.75,28.74,28.73,28.68,28.6,28.58,28.55,28.51,28.81,28.82,28.83,28.85,28.88,28.9,28.91,28.92,28.93,28.96,400,100,200,100,400,200,1600,600,10000,200,200,800,100,300,300,200,600,700,2600,300
344.0,28.81,35000,1014521.0,28.78,28.76,28.75,28.74,28.73,28.68,28.6,28.58,28.55,28.51,28.8,28.81,28.82,28.83,28.85,28.88,28.9,28.91,28.92,28.93,400,100,200,100,400,200,1600,600,10000,200,500,200,800,100,300,300,200,600,700,2600
345.0,28.81,35000,1014521.0,28.78,28.76,28.75,28.74,28.73,28.68,28.6,28.58,28.55,28.51,28.8,28.81,28.82,28.85,28.88,28.9,28.91,28.92,28.93,28.96,500,100,200,100,400,200,1600,600,10000,200,500,200,800,300,300,200,600,700,2600,300
346.0,28.81,35000,1014521.0,28.78,28.76,28.75,28.74,28.73,28.68,28.6,28.58,28.55,28.51,28.8,28.81,28.82,28.85,28.88,28.9,28.91,28.92,28.93,28.96,500,100,200,100,400,200,1600,600,10000,200,500,200,800,300,300,200,600,700,2600,300
347.0,28.81,35000,1014521.0,28.78,28.76,28.75,28.74,28.73,28.68,28.6,28.58,28.55,28.51,28.8,28.81,28.82,28.85,28.88,28.9,28.91,28.92,28.93,28.96,500,100,200,100,400,200,1600,600,10000,200,500,200,800,300,300,200,600,700,2600,300
348.0,28.81,35000,1014521.0,28.78,28.76,28.75,28.74,28.73,28.68,28.6,28.58,28.55,28.51,28.8,28.81,28.82,28.85,28.88,28.9,28.91,28.92,28.93,28.96,500,100,200,100,400,200,1600,600,10000,200,500,200,800,300,300,200,600,700,2600,300
349.0,28.81,35000,1014521.0,28.78,28.76,28.75,28.74,28.73,28.68,28.6,28.58,28.55,28.51,28.8,28.81,28.82,28.85,28.88,28.9,28.91,28.92,28.93,28.96,500,100,200,100,400,200,1600,600,10000,200,500,200,800,300,300,200,600,700,2600,300
350.0,28.81,35000,1014521.0,28.78,28.76,28.75,28.74,28.73,28.68,28.6,28.58,28.55,28.51,28.8,28.81,28.82,28.85,28.88,28.9,28.91,28.92,28.93,28.96,500,100,200,100,400,200,1600,600,10000,200,500,200,800,300,300,200,600,700,2600,300
351.0,28.81,35000,1014521.0,28.78,28.76,28.75,28.74,28.73,28.68,28.6,28.58,28.55,28.51,28.8,28.81,28.82,28.85,28.88,28.9,28.91,28.92,28.93,28.96,500,100,200,100,400,200,1600,600,10000,200,500,200,800,300,300,200,600,700,2600,300
352.0,28.85,36700,1063504.0,28.82,28.81,28.8,28.78,28.76,28.75,28.73,28.68,28.6,28.58,28.85,28.88,28.9,28.91,28.92,28.93,28.96,28.97,28.98,29.0,1000,400,800,2900,100,200,400,200,1600,600,200,300,200,600,700,2600,300,400,500,300
353.0,28.88,37300,1080829.0,28.85,28.82,28.81,28.8,28.79,28.78,28.76,28.75,28.73,28.68,28.89,28.9,28.91,28.92,28.93,28.96,28.97,28.98,29.0,29.01,1500,800,400,2100,100,300,100,200,400,200,500,400,600,700,2600,300,400,500,300,600
354.0,28.89,37800,1095274.0,28.85,28.82,28.81,28.8,28.79,28.78,28.76,28.75,28.73,28.68,28.9,28.91,28.92,28.93,28.96,28.97,28.98,29.0,29.01,29.1,1500,800,400,2100,100,300,100,200,400,200,400,600,700,2600,300,400,500,300,600,1400
355.0,28.89,37800,1095274.0,28.85,28.82,28.81,28.8,28.79,28.78,28.76,28.75,28.73,28.68,28.9,28.91,28.92,28.93,28.96,28.97,28.98,29.0,29.01,29.1,1500,800,400,2100,100,300,100,200,400,200,400,600,700,2600,300,400,500,300,600,1400
356.0,28.89,37800,1095274.0,28.85,28.82,28.8,28.79,28.78,28.75,28.73,28.68,28.6,28.58,28.9,28.91,28.92,28.93,28.96,28.97,28.98,29.0,29.01,29.1,1500,900,1300,100,300,200,400,200,1600,600,400,600,700,2600,300,400,500,300,600,1400
357.0,28.89,37800,1095274.0,28.85,28.82,28.8,28.79,28.78,28.75,28.73,28.68,28.6,28.58,28.9,28.91,28.92,28.93,28.96,28.97,28.98,29.0,29.01,29.1,1500,900,1300,100,300,200,400,200,1600,600,400,600,700,2600,300,400,500,300,600,1400
358.0,28.89,37800,1095274.0,28.85,28.82,28.8,28.79,28.78,28.75,28.73,28.68,28.6,28.58,28.9,28.91,28.92,28.93,28.96,28.97,28.98,29.0,29.01,29.1,1500,900,1300,100,300,200,400,200,1600,600,400,600,700,2600,300,400,500,300,600,1400
359.0,28.89,37800,1095274.0,28.85,28.82,28.8,28.79,28.78,28.75,28.73,28.68,28.6,28.58,28.9,28.91,28.92,28.93,28.96,28.97,28.98,29.0,29.01,29.1,1500,900,1300,100,300,200,400,200,1600,600,400,600,700,2600,300,400,500,300,600,1400
360.0,28.89,37800,1095274.0,28.85,28.82,28.8,28.79,28.78,28.75,28.73,28.68,28.6,28.58,28.9,28.91,28.92,28.93,28.96,28.97,28.98,29.0,29.01,29.1,1500,900,1300,100,300,200,400,200,1600,600,400,600,700,2600,300,400,500,300,600,1400
361.0,28.89,37800,1095274.0,28.85,28.82,28.8,28.79,28.78,28.75,28.73,28.68,28.6,28.58,28.9,28.91,28.92,28.93,28.96,28.97,28.98,29.0,29.01,29.1,1500,900,1300,100,300,200,400,200,1600,600,400,600,700,2600,300,400,500,300,600,1400
362.0,28.89,37800,1095274.0,28.86,28.85,28.82,28.8,28.78,28.75,28.74,28.73,28.68,28.6,28.89,28.9,28.91,28.92,28.93,28.96,28.97,28.98,29.0,29.01,200,1500,900,1300,300,200,100,400,200,1600,300,400,600,700,2600,300,400,500,300,600
363.0,28.89,37800,1095274.0,28.86,28.85,28.82,28.8,28.78,28.75,28.74,28.73,28.68,28.6,28.89,28.9,28.91,28.92,28.93,28.96,28.97,28.98,29.0,29.01,200,1500,900,1300,300,200,100,400,200,1600,300,400,600,700,2600,300,400,500,300,600
364.0,28.86,38400,1112587.0,28.86,28.85,28.82,28.8,28.78,28.75,28.74,28.73,28.68,28.6,28.89,28.9,28.91,28.92,28.93,28.96,28.97,28.98,29.0,29.01,200,1200,900,1300,300,200,100,400,200,1600,300,400,600,700,2600,300,400,500,300,600
365.0,28.85,39500,1144325.0,28.82,28.8,28.78,28.75,28.74,28.73,28.68,28.6,28.58,28.55,28.85,28.86,28.9,28.91,28.92,28.93,28.96,28.97,28.98,29.0,600,1300,300,200,100,400,200,1600,600,10000,400,200,400,600,700,2600,300,400,500,400
366.0,28.85,39500,1144325.0,28.82,28.8,28.78,28.75,28.74,28.73,28.68,28.6,28.58,28.55,28.86,28.9,28.91,28.92,28.93,28.96,28.97,28.98,29.0,29.01,600,1300,300,200,100,400,200,1600,600,10000,200,400,600,700,2600,300,400,500,400,600
367.0,28.85,39500,1144325.0,28.82,28.8,28.78,28.75,28.74,28.73,28.68,28.6,28.58,28.55,28.86,28.9,28.91,28.92,28.93,28.96,28.97,28.98,29.0,29.01,600,1300,300,200,100,400,200,1600,600,10000,200,400,600,700,2600,300,400,500,400,600
368.0,28.85,39500,1144325.0,28.82,28.8,28.78,28.75,28.74,28.73,28.68,28.6,28.58,28.55,28.86,28.9,28.91,28.92,28.93,28.96,28.97,28.98,29.0,29.01,600,1300,300,200,100,400,200,1600,600,10000,200,400,600,700,2600,300,400,500,400,600
369.0,28.85,39500,1144325.0,28.82,28.8,28.78,28.75,28.74,28.73,28.68,28.6,28.58,28.55,28.86,28.9,28.91,28.92,28.93,28.96,28.97,28.98,29.0,29.01,600,1300,300,200,100,400,200,1600,600,10000,200,400,600,700,2600,300,400,500,400,600
370.0,28.85,39500,1144325.0,28.82,28.8,28.78,28.75,28.74,28.73,28.68,28.6,28.58,28.55,28.86,28.9,28.91,28.92,28.93,28.96,28.97,28.98,29.0,29.01,600,1300,300,200,100,400,200,1600,600,10000,200,400,600,700,2600,300,400,500,400,600
371.0,28.85,39500,1144325.0,28.82,28.8,28.78,28.75,28.74,28.73,28.68,28.6,28.58,28.55,28.86,28.9,28.91,28.92,28.93,28.96,28.97,28.98,29.0,29.01,600,1300,300,200,100,400,200,1600,600,10000,200,400,600,700,2600,300,400,500,400,600
372.0,28.85,39500,1144325.0,28.82,28.8,28.78,28.75,28.74,28.73,28.68,28.6,28.58,28.55,28.86,28.9,28.91,28.92,28.93,28.96,28.97,28.98,29.0,29.01,600,1300,300,200,100,400,200,1600,600,10000,200,400,600,700,2600,300,400,500,400,600
373.0,28.85,39500,1144325.0,28.82,28.8,28.78,28.75,28.74,28.73,28.68,28.6,28.58,28.55,28.86,28.9,28.91,28.92,28.93,28.96,28.97,28.98,29.0,29.01,600,1300,300,200,100,400,200,1600,600,10000,200,400,600,700,2600,300,400,500,400,600
374.0,28.85,39500,1144325.0,28.82,28.8,28.78,28.75,28.74,28.73,28.68,28.6,28.58,28.55,28.86,28.9,28.91,28.92,28.93,28.96,28.97,28.98,29.0,29.01,600,1300,300,200,100,400,200,1600,600,10000,200,400,600,700,2600,300,400,500,400,600
375.0,28.85,39500,1144325.0,28.82,28.8,28.78,28.75,28.74,28.73,28.68,28.65,28.6,28.58,28.86,28.9,28.91,28.92,28.93,28.96,28.97,28.98,29.0,29.01,1000,1300,300,200,100,400,200,2000,1600,600,200,400,600,700,2600,300,400,500,400,600
376.0,28.85,39500,1144325.0,28.82,28.8,28.78,28.75,28.74,28.73,28.68,28.65,28.6,28.58,28.86,28.9,28.91,28.92,28.93,28.96,28.97,28.98,29.0,29.01,1000,1300,300,200,100,400,200,2000,1600,600,200,400,600,700,2600,300,400,500,400,600
377.0,28.86,39700,1150097.0,28.82,28.8,28.79,28.78,28.75,28.74,28.73,28.68,28.65,28.6,28.9,28.91,28.92,28.93,28.96,28.97,28.98,29.0,29.01,29.1,1000,1300,100,300,200,100,400,200,2000,1600,400,600,700,2600,300,400,500,400,600,1400
378.0,28.86,39700,1150097.0,28.82,28.8,28.79,28.78,28.75,28.74,28.73,28.68,28.65,28.6,28.9,28.91,28.92,28.93,28.96,28.97,28.98,29.0,29.01,29.1,1000,1300,100,300,200,100,400,200,2000,1600,400,600,700,2600,300,400,500,400,600,1400
379.0,28.86,39700,1150097.0,28.82,28.8,28.79,28.78,28.75,28.74,28.73,28.68,28.65,28.6,28.9,28.91,28.92,28.93,28.96,28.97,28.98,29.0,29.01,29.1,1100,1300,100,300,200,100,400,200,2000,1600,500,600,700,2600,300,400,500,400,600,1400
380.0,28.86,39700,1150097.0,28.82,28.8,28.79,28.78,28.75,28.74,28.73,28.68,28.65,28.6,28.9,28.91,28.92,28.93,28.96,28.97,28.98,29.0,29.01,29.1,1200,1300,100,300,200,100,400,200,2000,1600,500,600,700,2600,300,400,500,400,600,1400
381.0,28.86,39700,1150097.0,28.82,28.8,28.79,28.78,28.75,28.74,28.73,28.68,28.65,28.6,28.9,28.91,28.92,28.93,28.96,28.97,28.98,29.0,29.01,29.1,1300,1300,100,300,200,100,400,200,2000,1600,600,600,700,2600,300,400,500,400,600,1400
382.0,28.86,39700,1150097.0,28.82,28.8,28.79,28.78,28.75,28.74,28.73,28.68,28.65,28.6,28.9,28.91,28.92,28.93,28.96,28.97,28.98,29.0,29.01,29.1,1300,1300,100,300,200,100,400,200,2000,1600,600,600,700,2600,300,400,500,400,600,1400
383.0,28.86,39700,1150097.0,28.82,28.8,28.79,28.78,28.75,28.74,28.73,28.68,28.65,28.6,28.9,28.91,28.92,28.93,28.96,28.97,28.98,29.0,29.01,29.1,1400,1400,100,300,200,100,400,200,2000,1600,700,600,700,2600,300,400,500,400,600,1400
384.0,28.86,39700,1150097.0,28.82,28.8,28.79,28.78,28.75,28.74,28.73,28.68,28.65,28.6,28.9,28.91,28.92,28.93,28.96,28.97,28.98,29.0,29.01,29.1,1400,1400,100,300,200,100,400,200,2000,1600,700,600,700,2600,300,400,500,400,600,1400
385.0,28.86,39700,1150097.0,28.82,28.8,28.79,28.78,28.75,28.74,28.73,28.69,28.68,28.65,28.9,28.91,28.92,28.93,28.96,28.97,28.98,29.0,29.01,29.1,1500,1400,100,300,200,100,400,900,200,2000,800,600,700,2600,300,400,500,400,600,1400
386.0,28.86,39700,1150097.0,28.82,28.8,28.79,28.78,28.75,28.74,28.73,28.69,28.68,28.65,28.9,28.91,28.92,28.93,28.96,28.97,28.98,29.0,29.01,29.1,2200,1200,100,300,200,100,400,900,200,2000,800,600,700,2600,300,400,500,400,600,1400
387.0,28.86,39700,1150097.0,28.82,28.8,28.79,28.78,28.75,28.74,28.73,28.69,28.68,28.65,28.9,28.91,28.92,28.93,28.96,28.97,28.98,29.0,29.01,29.1,2200,1200,100,300,200,100,400,900,200,2000,900,600,700,2600,300,400,500,400,600,1400
388.0,28.86,39700,1150097.0,28.82,28.8,28.79,28.78,28.75,28.74,28.73,28.69,28.68,28.65,28.9,28.91,28.92,28.93,28.96,28.97,28.98,29.0,29.01,29.1,2300,1200,100,300,200,100,400,900,200,2000,900,600,700,2600,300,400,500,400,600,1400
389.0,28.86,39700,1150097.0,28.82,28.8,28.79,28.78,28.75,28.74,28.73,28.69,28.68,28.65,28.9,28.91,28.92,28.93,28.96,28.97,28.98,29.0,29.01,29.1,2300,1200,100,300,200,100,400,900,200,2000,900,600,700,2600,300,400,500,400,600,1400
390.0,28.86,39700,1150097.0,28.82,28.8,28.79,28.78,28.75,28.74,28.73,28.69,28.68,28.65,28.89,28.9,28.91,28.92,28.93,28.96,28.97,28.98,29.0,29.01,2300,1200,100,300,200,100,400,900,200,2000,300,900,600,700,2600,300,400,500,400,600
391.0,28.86,39700,1150097.0,28.82,28.8,28.79,28.78,28.75,28.74,28.73,28.69,28.68,28.65,28.89,28.9,28.91,28.92,28.93,28.96,28.97,28.98,29.0,29.01,2300,1200,100,300,200,100,400,900,200,2000,300,900,600,700,2600,300,400,500,400,600
392.0,28.86,39700,1150097.0,28.82,28.8,28.79,28.78,28.75,28.74,28.73,28.69,28.68,28.65,28.89,28.9,28.91,28.92,28.93,28.96,28.97,28.98,29.0,29.01,2300,1200,100,300,200,100,400,900,200,2000,300,900,600,700,2600,300,400,500,400,600
393.0,28.86,39700,1150097.0,28.82,28.8,28.79,28.78,28.75,28.74,28.73,28.69,28.68,28.65,28.89,28.9,28.91,28.92,28.93,28.96,28.97,28.98,29.0,29.01,2300,1200,100,300,200,100,400,900,200,2000,300,900,600,700,2600,300,400,500,400,600
394.0,28.86,39700,1150097.0,28.83,28.82,28.8,28.79,28.78,28.75,28.74,28.73,28.69,28.68,28.89,28.9,28.91,28.92,28.93,28.96,28.97,28.98,29.0,29.01,400,2300,1200,100,300,200,100,400,900,200,300,900,600,700,2600,300,400,500,2400,600
395.0,28.86,39700,1150097.0,28.83,28.82,28.8,28.79,28.78,28.75,28.74,28.73,28.69,28.68,28.89,28.9,28.91,28.92,28.93,28.96,28.97,28.98,29.0,29.01,400,2300,1200,100,300,200,100,400,900,200,300,900,600,700,2600,300,400,500,2400,600
396.0,28.86,39700,1150097.0,28.83,28.82,28.8,28.79,28.78,28.75,28.74,28.73,28.69,28.68,28.89,28.9,28.91,28.92,28.93,28.96,28.97,28.98,29.0,29.01,400,2400,1200,100,300,200,100,400,900,200,300,900,600,700,2600,300,400,500,2400,600
397.0,28.86,39700,1150097.0,28.83,28.82,28.8,28.79,28.78,28.75,28.74,28.73,28.69,28.68,28.89,28.9,28.91,28.92,28.93,28.96,28.97,28.98,29.0,29.01,400,2400,1200,100,300,200,100,400,900,200,300,900,600,700,2600,300,400,500,2400,600
398.0,28.83,39800,1152980.0,28.83,28.82,28.8,28.79,28.78,28.75,28.74,28.73,28.69,28.68,28.89,28.9,28.91,28.92,28.93,28.96,28.97,28.98,29.0,29.01,300,2400,1200,100,300,200,100,400,900,200,300,900,600,700,2600,300,400,500,2400,600
399.0,28.83,39800,1152980.0,28.83,28.82,28.8,28.79,28.78,28.75,28.74,28.73,28.69,28.68,28.89,28.9,28.91,28.92,28.93,28.96,28.97,28.98,29.0,29.01,300,2400,1200,100,300,200,100,400,900,200,300,900,600,700,2600,300,400,500,2400,600
400.0,28.83,39800,1152980.0,28.83,28.82,28.8,28.79,28.78,28.75,28.74,28.73,28.69,28.68,28.89,28.9,28.91,28.92,28.93,28.96,28.97,28.98,29.0,29.01,300,2400,1200,100,300,200,100,400,900,200,300,900,600,700,2600,300,400,500,2400,600
401.0,28.83,39800,1152980.0,28.83,28.82,28.8,28.79,28.78,28.75,28.74,28.73,28.69,28.68,28.89,28.9,28.91,28.92,28.93,28.96,28.97,28.98,29.0,29.01,300,2400,1200,100,300,200,100,400,900,200,300,900,600,700,2600,300,400,500,2400,600
402.0,28.89,40400,1170304.0,28.83,28.82,28.8,28.79,28.78,28.75,28.74,28.73,28.69,28.68,28.9,28.91,28.92,28.93,28.96,28.97,28.98,29.0,29.01,29.1,100,2400,1200,100,300,200,100,400,900,200,900,600,700,2600,300,400,500,2400,600,1400
403.0,28.89,40400,1170304.0,28.83,28.82,28.8,28.79,28.78,28.75,28.74,28.73,28.69,28.68,28.89,28.9,28.91,28.92,28.93,28.96,28.97,28.98,29.0,29.01,400,2400,1200,100,300,200,100,400,900,200,300,1100,600,700,2600,300,400,500,2400,600
404.0,28.89,40400,1170304.0,28.83,28.82,28.81,28.8,28.79,28.78,28.75,28.74,28.73,28.69,28.89,28.9,28.91,28.92,28.93,28.96,28.97,28.98,29.0,29.01,400,2400,100,1200,100,300,200,100,400,900,300,1100,600,700,2600,300,400,500,2400,600
405.0,28.89,40400,1170304.0,28.83,28.82,28.81,28.8,28.79,28.78,28.75,28.74,28.73,28.69,28.89,28.9,28.91,28.92,28.93,28.96,28.97,28.98,29.0,29.01,400,2400,100,1200,100,300,200,100,400,900,300,1100,600,700,2600,300,400,500,2400,600
406.0,28.89,40400,1170304.0,28.83,28.82,28.81,28.8,28.79,28.78,28.75,28.74,28.73,28.69,28.89,28.9,28.91,28.92,28.93,28.96,28.97,28.98,29.0,29.01,400,2400,100,1200,100,300,200,100,400,900,300,1100,600,700,2600,300,400,500,2400,600
407.0,28.89,40400,1170304.0,28.83,28.82,28.81,28.8,28.79,28.78,28.75,28.74,28.73,28.69,28.86,28.89,28.9,28.91,28.92,28.93,28.96,28.97,28.98,29.0,500,2400,100,1200,100,300,200,100,400,900,1000,300,1100,600,700,2600,300,400,500,2400
408.0,28.89,40400,1170304.0,28.83,28.82,28.81,28.8,28.79,28.78,28.75,28.74,28.73,28.69,28.86,28.89,28.9,28.91,28.92,28.93,28.96,28.97,28.98,29.0,500,2400,100,1200,100,300,200,100,400,900,1000,300,1100,600,700,2600,300,400,500,2400
409.0,28.86,40500,1173190.0,28.83,28.82,28.81,28.8,28.79,28.78,28.75,28.74,28.73,28.69,28.86,28.89,28.9,28.91,28.92,28.93,28.96,28.97,28.98,29.0,500,2400,100,1200,100,300,200,100,400,900,900,300,1100,600,700,2600,300,400,500,2400
410.0,28.86,41900,1213594.0,28.86,28.83,28.82,28.81,28.8,28.79,28.78,28.75,28.74,28.73,28.89,28.9,28.91,28.92,28.93,28.96,28.97,28.98,29.0,29.01,100,200,1700,100,1200,100,300,200,100,400,300,1100,600,700,2600,300,400,500,2400,600
411.0,28.86,41900,1213594.0,28.86,28.83,28.82,28.81,28.8,28.79,28.78,28.75,28.74,28.73,28.89,28.9,28.91,28.92,28.93,28.96,28.97,28.98,29.0,29.01,100,200,1700,100,1200,100,300,200,100,400,300,1100,600,700,2600,300,400,500,2400,600
412.0,28.86,41900,1213594.0,28.86,28.83,28.82,28.81,28.8,28.79,28.78,28.75,28.74,28.73,28.89,28.9,28.91,28.92,28.93,28.96,28.97,28.98,29.0,29.01,100,200,1700,100,1200,100,300,200,100,400,300,1100,600,700,2600,300,400,500,2400,600
413.0,28.86,41900,1213594.0,28.86,28.83,28.82,28.81,28.8,28.79,28.78,28.75,28.74,28.73,28.89,28.9,28.91,28.92,28.93,28.96,28.97,28.98,29.0,29.01,100,200,1700,100,1200,100,300,200,100,400,300,1100,600,700,2600,300,400,500,2400,600
414.0,28.86,41900,1213594.0,28.86,28.83,28.82,28.81,28.8,28.79,28.78,28.75,28.74,28.73,28.89,28.9,28.91,28.92,28.93,28.96,28.97,28.98,29.0,29.01,100,200,1700,100,1200,100,300,200,100,400,300,1100,600,700,2600,300,400,500,2400,600
415.0,28.86,41900,1213594.0,28.86,28.83,28.82,28.81,28.8,28.79,28.78,28.75,28.74,28.73,28.89,28.9,28.91,28.92,28.93,28.96,28.97,28.98,29.0,29.01,100,200,1700,100,1200,100,300,200,100,400,300,1100,600,700,2600,300,400,500,2400,600
416.0,28.86,41900,1213594.0,28.86,28.83,28.82,28.81,28.8,28.79,28.78,28.75,28.74,28.73,28.89,28.9,28.91,28.92,28.93,28.96,28.97,28.98,29.0,29.01,100,200,1700,100,1200,100,300,200,100,400,300,1100,600,700,2600,300,400,500,2400,600
417.0,28.86,41900,1213594.0,28.86,28.83,28.82,28.81,28.8,28.79,28.78,28.75,28.74,28.73,28.89,28.9,28.91,28.92,28.93,28.96,28.97,28.98,29.0,29.01,100,200,1700,100,1200,100,300,200,100,400,300,1100,600,700,2600,300,400,500,2400,600
418.0,28.86,41900,1213594.0,28.86,28.83,28.82,28.81,28.8,28.79,28.78,28.75,28.74,28.73,28.89,28.9,28.91,28.92,28.93,28.96,28.97,28.98,29.0,29.01,100,200,1700,100,1200,100,300,200,100,400,300,1100,600,700,2600,300,400,500,2400,600
419.0,28.86,41900,1213594.0,28.86,28.83,28.82,28.81,28.8,28.79,28.78,28.75,28.74,28.73,28.89,28.9,28.91,28.92,28.93,28.96,28.97,28.98,29.0,29.01,100,200,1700,100,1200,100,300,200,100,400,300,1100,600,700,2600,300,400,500,2400,600
420.0,28.86,41900,1213594.0,28.86,28.83,28.82,28.81,28.8,28.79,28.78,28.75,28.74,28.73,28.89,28.9,28.91,28.92,28.93,28.96,28.97,28.98,29.0,29.01,100,200,1700,100,1200,100,300,200,100,400,300,1100,600,700,2600,300,400,500,2400,600
421.0,28.86,41900,1213594.0,28.86,28.83,28.82,28.81,28.8,28.79,28.78,28.75,28.74,28.73,28.89,28.9,28.91,28.92,28.93,28.96,28.97,28.98,29.0,29.01,100,200,1700,100,1200,100,300,200,100,400,300,1100,600,700,2600,300,400,500,2400,600
422.0,28.86,41900,1213594.0,28.86,28.83,28.82,28.81,28.8,28.79,28.78,28.75,28.74,28.73,28.89,28.9,28.91,28.92,28.93,28.96,28.97,28.98,29.0,29.01,100,200,1700,100,1200,100,300,200,100,400,300,1100,600,700,2600,300,400,500,2400,600
423.0,28.86,41900,1213594.0,28.86,28.83,28.82,28.81,28.8,28.79,28.78,28.75,28.74,28.73,28.89,28.9,28.91,28.92,28.93,28.96,28.97,28.98,29.0,29.01,100,200,1700,100,1200,100,300,200,100,400,300,1100,600,700,2600,300,400,500,2400,600
424.0,28.86,41900,1213594.0,28.86,28.83,28.82,28.81,28.8,28.79,28.78,28.75,28.74,28.73,28.89,28.9,28.91,28.92,28.93,28.96,28.97,28.98,29.0,29.01,100,200,1700,100,1200,100,300,200,100,400,300,1100,600,700,2600,300,400,500,2400,600
425.0,28.86,41900,1213594.0,28.86,28.83,28.82,28.81,28.8,28.79,28.78,28.75,28.74,28.73,28.87,28.88,28.89,28.9,28.91,28.92,28.93,28.96,28.97,28.98,100,500,1700,100,1200,100,300,200,100,400,300,100,300,1100,600,700,2600,300,400,500
426.0,28.86,41900,1213594.0,28.86,28.83,28.82,28.81,28.8,28.79,28.78,28.75,28.74,28.73,28.87,28.88,28.89,28.9,28.91,28.92,28.93,28.96,28.97,28.98,100,600,1700,100,1200,100,300,200,100,400,300,100,300,1100,600,700,2600,300,400,500
427.0,28.86,42000,1216480.0,28.83,28.82,28.81,28.8,28.79,28.78,28.75,28.74,28.73,28.69,28.86,28.88,28.89,28.9,28.91,28.92,28.93,28.96,28.97,28.98,600,1700,100,1200,100,300,200,100,400,900,300,100,300,1100,600,700,2600,300,400,500
428.0,28.86,42600,1233793.0,28.83,28.82,28.81,28.8,28.79,28.78,28.75,28.74,28.73,28.69,28.85,28.88,28.89,28.9,28.91,28.92,28.93,28.96,28.97,28.98,700,1700,100,1200,100,300,200,100,400,900,100,100,300,1100,600,700,2600,300,400,500
429.0,28.85,42700,1236678.0,28.84,28.83,28.82,28.81,28.8,28.79,28.78,28.75,28.74,28.73,28.88,28.89,28.9,28.91,28.92,28.93,28.96,28.97,28.98,29.0,200,700,1700,100,1200,100,300,200,100,400,100,300,1100,600,700,2600,300,400,500,2400
430.0,28.85,42700,1236678.0,28.84,28.83,28.82,28.81,28.8,28.79,28.78,28.75,28.74,28.73,28.88,28.89,28.9,28.91,28.92,28.93,28.96,28.97,28.98,29.0,200,700,1700,100,1200,100,300,200,100,400,100,300,1100,600,700,2600,300,400,500,2400
431.0,28.85,42700,1236678.0,28.84,28.83,28.82,28.81,28.8,28.79,28.78,28.75,28.74,28.73,28.88,28.89,28.9,28.91,28.92,28.93,28.96,28.97,28.98,29.0,200,700,1700,100,1200,100,300,200,100,400,100,300,1100,600,700,2600,300,400,500,2400
432.0,28.84,43100,1248220.0,28.86,28.84,28.83,28.82,28.81,28.8,28.79,28.78,28.75,28.74,28.88,28.89,28.9,28.91,28.92,28.93,28.96,28.97,28.98,29.0,800,100,700,1700,100,400,100,300,200,100,100,300,1100,600,700,2600,300,400,500,2400
