LocalTime,LastPrice,TradeVolume,TradeValue,BidPrice1,BidPrice2,BidPrice3,BidPrice4,BidPrice5,BidPrice6,BidPrice7,BidPrice8,BidPrice9,BidPriceA,AskPrice1,AskPrice2,AskPrice3,AskPrice4,AskPrice5,AskPrice6,AskPrice7,AskPrice8,AskPrice9,AskPriceA,BidVolume1,BidVolume2,BidVolume3,BidVolume4,BidVolume5,BidVolume6,BidVolume7,BidVolume8,BidVolume9,BidVolumeA,AskVolume1,AskVolume2,AskVolume3,AskVolume4,AskVolume5,AskVolume6,AskVolume7,AskVolume8,AskVolume9,AskVolumeA
0.0,19.04,1500,28560.0,19.04,19.0,18.95,18.92,18.91,18.9,18.88,18.86,18.85,18.83,19.06,19.07,19.08,19.13,19.14,19.15,19.18,19.19,19.2,19.23,100,1200,300,5900,200,2400,4800,1800,1300,100,2300,1100,1700,1100,500,5900,300,12300,3000,1000
1.0,19.04,1600,30464.0,19.0,18.95,18.92,18.91,18.9,18.88,18.86,18.85,18.83,18.82,19.04,19.06,19.07,19.08,19.13,19.14,19.15,19.18,19.19,19.2,1200,300,5900,200,2400,4800,1800,1300,100,1500,400,2300,1100,1700,1100,500,5900,300,12300,3000
2.0,19.04,2700,51420.0,19.0,18.96,18.95,18.93,18.92,18.91,18.9,18.88,18.86,18.85,19.04,19.06,19.07,19.08,19.13,19.14,19.15,19.18,19.19,19.2,1200,1000,800,100,5900,200,2400,4300,1800,1300,800,1700,1100,1700,1100,500,5900,300,12300,3000
3.0,19.04,2800,53324.0,19.0,18.96,18.95,18.93,18.92,18.91,18.9,18.88,18.86,18.85,19.04,19.06,19.07,19.08,19.12,19.13,19.14,19.15,19.18,19.19,1200,6000,800,100,5900,200,2400,4300,1800,1300,2300,1700,1100,1700,1000,1100,500,5900,300,13300
4.0,18.96,4100,78020.0,18.96,18.95,18.93,18.92,18.91,18.9,18.88,18.86,18.85,18.83,19.0,19.04,19.06,19.07,19.08,19.12,19.13,19.14,19.15,19.18,5900,1900,100,5900,200,2700,4300,1800,1300,100,4300,2300,1700,1100,1700,1000,1100,500,5900,300
5.0,18.96,4100,78020.0,18.98,18.96,18.95,18.94,18.93,18.92,18.91,18.9,18.88,18.86,19.0,19.04,19.06,19.07,19.08,19.12,19.13,19.14,19.15,19.18,100,5900,1900,400,100,5900,200,2700,4300,1800,4300,2300,1700,1100,1700,1000,1100,500,5900,300
6.0,19.0,8400,159720.0,19.0,18.98,18.96,18.95,18.94,18.93,18.92,18.91,18.9,18.88,19.04,19.05,19.06,19.07,19.08,19.12,19.13,19.14,19.15,19.18,3000,100,5900,2400,400,100,5900,200,2700,4300,2300,1000,1700,1100,1700,1000,1100,1200,5900,300
7.0,19.0,8400,159720.0,19.0,18.98,18.96,18.95,18.94,18.93,18.92,18.91,18.9,18.88,19.04,19.05,19.06,19.07,19.08,19.09,19.12,19.13,19.14,19.15,3200,100,6900,2400,400,100,13000,200,2700,4300,2300,1000,1700,1100,1700,200,6000,1100,1200,5900
8.0,19.04,8500,161624.0,19.0,18.98,18.96,18.95,18.94,18.93,18.92,18.91,18.9,18.88,19.04,19.05,19.06,19.07,19.08,19.09,19.12,19.13,19.14,19.15,3400,100,6900,12600,400,100,13000,200,3000,4300,2200,1000,1700,1100,1700,200,6000,1100,1200,5900
9.0,19.04,8500,161624.0,19.03,19.0,18.98,18.97,18.96,18.95,18.94,18.93,18.92,18.91,19.04,19.05,19.06,19.07,19.08,19.09,19.12,19.13,19.14,19.15,100,6900,100,200,6900,12600,400,100,13000,200,18100,1000,1700,1100,1700,200,6000,1100,1200,5900
10.0,19.0,15200,288927.0,18.98,18.97,18.96,18.95,18.94,18.93,18.92,18.91,18.9,18.88,19.0,19.03,19.04,19.05,19.06,19.07,19.08,19.09,19.12,19.13,100,200,6900,12600,400,100,13000,200,3000,9300,300,1300,18100,1000,1700,1100,1700,200,6000,1100
11.0,18.98,15400,292725.0,18.97,18.96,18.95,18.94,18.93,18.92,18.91,18.9,18.88,18.86,19.0,19.03,19.04,19.05,19.06,19.07,19.08,19.09,19.12,19.13,200,6900,12600,400,100,13000,300,3000,9300,1800,200,1300,18100,1000,1700,1100,1700,200,6000,1100
12.0,19.04,17800,338400.0,18.97,18.96,18.95,18.94,18.93,18.92,18.91,18.9,18.88,18.86,19.04,19.05,19.06,19.07,19.08,19.09,19.1,19.12,19.13,19.14,200,6900,12600,400,100,13000,300,3000,9300,1800,17200,1000,1700,1100,1700,200,100,6000,1100,1200
13.0,19.04,17800,338400.0,19.0,18.97,18.96,18.95,18.94,18.93,18.92,18.91,18.9,18.88,19.04,19.05,19.06,19.07,19.08,19.09,19.1,19.12,19.13,19.14,200,2400,6900,13700,400,100,13000,300,3000,9300,17200,1000,1700,1100,1700,200,100,6000,1100,1200
14.0,19.04,17800,338400.0,19.0,18.97,18.96,18.95,18.94,18.93,18.92,18.91,18.9,18.88,19.03,19.04,19.05,19.06,19.07,19.08,19.09,19.1,19.12,19.13,600,2500,6900,13700,400,100,13000,300,3000,9300,300,17200,1000,1700,1100,1700,200,100,6000,1100
15.0,19.04,17800,338400.0,19.0,18.97,18.96,18.95,18.94,18.93,18.92,18.91,18.9,18.88,19.03,19.04,19.05,19.06,19.07,19.08,19.09,19.1,19.12,19.13,600,2500,6900,13700,400,100,13000,300,3000,9300,300,17200,1000,1700,1100,1700,200,100,6000,1100
16.0,19.04,17800,338400.0,19.0,18.97,18.96,18.95,18.94,18.93,18.92,18.91,18.9,18.88,19.03,19.04,19.05,19.06,19.07,19.08,19.09,19.1,19.12,19.13,600,2500,6900,13700,400,100,13000,300,3000,9300,300,17200,1000,1700,1100,1700,200,100,6000,1100
17.0,19.04,17800,338400.0,19.0,18.97,18.96,18.95,18.94,18.93,18.92,18.91,18.9,18.88,19.03,19.04,19.05,19.06,19.07,19.08,19.09,19.1,19.12,19.13,500,2500,8100,13700,400,100,13000,300,3000,9300,300,17200,1000,1700,1100,1700,200,100,6000,1100
18.0,19.04,17800,338400.0,19.0,18.97,18.96,18.95,18.94,18.93,18.92,18.91,18.9,18.88,19.03,19.04,19.05,19.06,19.07,19.08,19.09,19.1,19.12,19.13,500,2500,8100,13700,400,100,13000,300,3000,9300,300,17200,1000,1700,1100,1700,200,100,6000,1100
19.0,19.04,22900,435501.0,19.01,19.0,18.97,18.96,18.95,18.94,18.93,18.92,18.91,18.9,19.04,19.05,19.06,19.07,19.08,19.09,19.1,19.12,19.13,19.14,300,500,2500,8100,13700,400,100,13000,300,3000,12400,1000,1700,1100,1700,200,100,6000,1100,1200
20.0,19.04,35300,671597.0,19.04,19.01,19.0,18.97,18.96,18.95,18.94,18.93,18.92,18.91,19.05,19.06,19.07,19.08,19.09,19.1,19.12,19.13,19.14,19.15,1100,300,600,2500,8100,13700,400,100,13000,300,1000,1700,1100,1700,200,100,6000,1100,1200,5900
21.0,19.04,35300,671597.0,19.04,19.01,19.0,18.97,18.96,18.95,18.94,18.93,18.92,18.91,19.05,19.06,19.07,19.08,19.09,19.1,19.12,19.13,19.14,19.15,2300,300,600,2500,8100,12600,400,100,13000,300,1000,1700,1100,1700,200,100,6000,1100,1200,5900
22.0,19.04,35300,671597.0,19.04,19.01,19.0,18.97,18.96,18.95,18.94,18.93,18.92,18.91,19.05,19.06,19.07,19.08,19.09,19.1,19.12,19.13,19.14,19.15,2300,500,600,2500,8100,12600,400,100,13000,300,1000,1700,1100,1700,200,100,6000,1100,1200,5900
23.0,19.05,37000,703987.0,19.05,19.04,19.03,19.01,19.0,18.97,18.96,18.95,18.94,18.93,19.06,19.07,19.08,19.09,19.1,19.12,19.13,19.14,19.15,19.18,3500,1700,100,500,600,2200,8100,12600,400,100,1200,1100,1700,200,100,6000,1100,1200,5900,300
24.0,19.05,37000,703987.0,19.05,19.04,19.03,19.01,19.0,18.97,18.96,18.95,18.94,18.93,19.06,19.07,19.08,19.09,19.1,19.12,19.13,19.14,19.15,19.18,3700,1700,100,500,600,2200,8100,12600,400,100,1200,1100,1700,200,100,6000,1100,1200,5900,300
25.0,19.05,37000,703987.0,19.05,19.04,19.03,19.01,19.0,18.97,18.96,18.95,18.94,18.93,19.06,19.07,19.08,19.09,19.1,19.12,19.13,19.14,19.15,19.18,3700,1700,100,500,600,2200,8100,12600,400,100,1200,1100,1700,200,100,6000,1100,1200,5900,300
26.0,19.06,38100,724953.0,19.05,19.04,19.03,19.01,19.0,18.97,18.96,18.95,18.94,18.93,19.06,19.07,19.08,19.09,19.1,19.12,19.13,19.14,19.15,19.18,3700,1700,100,500,500,2200,8100,12600,400,100,100,1100,1700,200,100,6000,1100,1200,5900,300
27.0,19.06,38100,724953.0,19.05,19.04,19.03,19.01,19.0,18.97,18.96,18.95,18.94,18.93,19.06,19.07,19.08,19.09,19.1,19.12,19.13,19.14,19.15,19.18,3700,1700,100,500,500,2200,8100,12600,400,100,100,1100,1700,200,100,6000,1100,1200,5900,300
28.0,19.06,38100,724953.0,19.05,19.04,19.03,19.01,19.0,18.97,18.96,18.95,18.94,18.93,19.06,19.07,19.08,19.09,19.1,19.12,19.13,19.14,19.15,19.18,3700,1700,100,500,500,2200,8100,12600,400,100,100,1100,1700,200,100,6000,1100,1200,5900,300
29.0,19.05,40000,761148.0,19.05,19.04,19.03,19.01,19.0,18.97,18.96,18.95,18.94,18.93,19.06,19.07,19.08,19.09,19.1,19.12,19.13,19.14,19.15,19.18,1800,1800,100,500,500,2200,8100,12600,400,100,400,1100,1700,200,100,6000,1100,1200,5900,300
30.0,19.05,40000,761148.0,19.05,19.04,19.03,19.01,19.0,18.97,18.96,18.95,18.94,18.93,19.06,19.07,19.08,19.09,19.1,19.12,19.13,19.14,19.15,19.18,1800,1800,100,500,500,2200,8100,12600,400,2100,400,1100,1700,200,100,6000,1100,1200,5900,300
31.0,19.05,40000,761148.0,19.05,19.04,19.03,19.01,19.0,18.97,18.96,18.95,18.94,18.93,19.06,19.07,19.08,19.09,19.1,19.12,19.13,19.14,19.15,19.18,1800,1800,600,500,300,2200,9100,12600,400,2100,400,1100,1700,200,100,6000,1100,1200,5900,300
32.0,19.06,40600,772583.0,19.05,19.04,19.03,19.01,19.0,18.97,18.96,18.95,18.94,18.93,19.07,19.08,19.09,19.1,19.12,19.13,19.14,19.15,19.18,19.19,1800,1500,600,500,300,2200,7900,13600,400,2100,1100,1700,200,100,6000,1100,1200,5900,300,14300
33.0,19.06,40600,772583.0,19.06,19.05,19.04,19.03,19.01,19.0,18.97,18.96,18.95,18.94,19.07,19.08,19.09,19.1,19.12,19.13,19.14,19.15,19.18,19.19,400,2100,1500,500,500,300,2200,7900,13600,400,1100,1700,200,100,6000,1100,1200,5900,300,14300
34.0,19.06,40600,772583.0,19.06,19.05,19.04,19.03,19.01,19.0,18.97,18.96,18.95,18.94,19.07,19.08,19.09,19.1,19.12,19.13,19.14,19.15,19.18,19.19,400,2100,1500,100,500,300,2200,7900,13600,400,1100,1700,200,100,6000,1100,1200,5900,300,14300
35.0,19.07,41700,793560.0,19.07,19.06,19.05,19.04,19.03,19.01,19.0,18.98,18.97,18.96,19.08,19.09,19.1,19.12,19.13,19.14,19.15,19.18,19.19,19.2,100,1200,2200,1500,100,500,300,100,2200,7900,1700,200,100,6000,1100,1200,5900,300,14300,3500
36.0,19.07,41700,793560.0,19.07,19.06,19.05,19.04,19.03,19.01,19.0,18.98,18.97,18.96,19.08,19.09,19.1,19.12,19.13,19.14,19.15,19.18,19.19,19.2,1100,1200,2000,1500,100,500,300,100,2200,7900,1700,200,100,6000,1100,1200,5900,300,14300,3500
37.0,19.07,41700,793560.0,19.07,19.06,19.05,19.04,19.03,19.01,19.0,18.98,18.97,18.96,19.08,19.09,19.1,19.12,19.13,19.14,19.15,19.18,19.19,19.2,1100,1500,2000,1500,100,500,300,100,2200,7900,1700,200,100,6000,1100,1200,5900,300,14300,3500
38.0,19.08,41800,795468.0,19.07,19.06,19.05,19.04,19.03,19.01,19.0,18.98,18.97,18.96,19.08,19.09,19.1,19.12,19.13,19.14,19.15,19.18,19.19,19.2,1200,2400,2000,1500,100,500,300,100,2200,7900,1600,200,100,6000,1100,1200,5900,300,14300,3500
39.0,19.07,41900,797375.0,19.07,19.06,19.05,19.04,19.03,19.01,19.0,18.98,18.97,18.96,19.08,19.09,19.1,19.12,19.13,19.14,19.15,19.18,19.19,19.2,1100,3200,2000,600,100,500,300,100,2200,7900,1600,200,100,6000,1100,1200,5900,300,14300,3500
40.0,19.07,41900,797375.0,19.07,19.06,19.05,19.04,19.03,19.01,19.0,18.98,18.97,18.96,19.08,19.09,19.1,19.12,19.13,19.14,19.15,19.18,19.19,19.2,1100,3200,2000,600,100,500,300,100,2200,7900,1600,200,100,6000,1100,1200,6800,300,14300,3500
41.0,19.08,42100,801191.0,19.07,19.06,19.05,19.04,19.03,19.01,19.0,18.98,18.97,18.96,19.08,19.09,19.1,19.12,19.13,19.14,19.15,19.18,19.19,19.2,1100,2900,2000,600,100,500,300,100,2200,7900,1400,200,100,6000,1100,1200,6800,300,14300,3500
42.0,19.08,42100,801191.0,19.07,19.06,19.05,19.04,19.03,19.01,19.0,18.98,18.97,18.96,19.08,19.09,19.1,19.12,19.13,19.14,19.15,19.18,19.19,19.2,1100,2900,2000,300,100,500,300,100,2200,7900,1400,200,100,6000,1100,1200,6800,300,14300,3500
43.0,19.08,42100,801191.0,19.07,19.06,19.05,19.04,19.03,19.01,19.0,18.98,18.97,18.96,19.08,19.09,19.1,19.12,19.13,19.14,19.15,19.18,19.19,19.2,1200,2100,2000,300,100,500,300,100,2200,7900,1400,200,100,6000,1100,1200,6800,300,14300,3500
44.0,19.07,42500,808820.0,19.07,19.06,19.05,19.04,19.03,19.01,19.0,18.98,18.97,18.96,19.08,19.09,19.1,19.12,19.13,19.14,19.15,19.18,19.19,19.2,900,2100,2000,300,100,500,300,100,2200,7900,1300,200,100,6000,1100,1200,6800,300,14300,3500
45.0,19.07,42500,808820.0,19.07,19.06,19.05,19.04,19.03,19.01,19.0,18.98,18.97,18.96,19.08,19.09,19.1,19.12,19.13,19.14,19.15,19.18,19.19,19.2,900,2100,2000,300,100,500,300,100,2200,7900,1300,200,100,6000,1100,1200,6800,300,14300,3500
46.0,19.08,42800,814544.0,19.07,19.06,19.05,19.04,19.03,19.01,19.0,18.98,18.97,18.96,19.08,19.09,19.1,19.12,19.13,19.14,19.15,19.18,19.19,19.2,900,2100,2000,300,100,500,200,100,2200,7900,1000,200,100,6000,1100,1200,6800,300,14300,3500
47.0,19.08,42900,816452.0,19.07,19.06,19.05,19.04,19.03,19.01,19.0,18.98,18.97,18.96,19.08,19.09,19.1,19.12,19.13,19.14,19.15,19.18,19.19,19.2,1000,2900,2000,300,100,500,200,100,2200,7900,900,200,100,6000,1100,1200,6800,300,14300,3500
48.0,19.07,43000,818359.0,19.07,19.06,19.05,19.04,19.03,19.01,19.0,18.98,18.97,18.96,19.08,19.09,19.1,19.12,19.13,19.14,19.15,19.18,19.19,19.2,1000,2900,2000,300,100,500,200,100,2200,7900,900,200,100,6000,1100,1200,6800,300,14300,3500
49.0,19.07,43000,818359.0,19.07,19.06,19.05,19.04,19.03,19.01,19.0,18.98,18.97,18.96,19.08,19.09,19.1,19.12,19.13,19.14,19.15,19.18,19.19,19.2,1000,2900,2000,300,100,500,200,100,2200,7900,900,200,100,6000,1100,1200,6800,300,14300,3500
50.0,19.07,43100,820266.0,19.07,19.06,19.05,19.04,19.03,19.01,19.0,18.98,18.97,18.96,19.08,19.09,19.1,19.12,19.13,19.14,19.15,19.18,19.19,19.2,1200,2900,2000,300,100,500,200,100,2200,7900,900,200,100,6000,1100,1200,6800,300,14300,3500
51.0,19.07,43100,820266.0,19.07,19.06,19.05,19.04,19.03,19.01,19.0,18.97,18.96,18.95,19.08,19.09,19.1,19.12,19.13,19.14,19.15,19.18,19.19,19.2,1200,2900,2000,300,300,500,200,2200,7900,13600,900,200,100,6000,1100,1200,6800,300,14300,3500
52.0,19.08,43400,825990.0,19.07,19.06,19.05,19.04,19.03,19.01,19.0,18.97,18.96,18.95,19.08,19.09,19.1,19.12,19.13,19.14,19.15,19.18,19.19,19.2,1200,2100,2000,300,300,700,200,2100,17900,13600,600,200,100,6000,1100,1200,6800,300,14300,3500
53.0,19.08,44100,839345.0,19.08,19.07,19.06,19.05,19.04,19.03,19.01,19.0,18.97,18.96,19.09,19.1,19.12,19.13,19.14,19.15,19.18,19.19,19.2,19.22,100,1100,2100,2000,300,300,700,200,2100,17900,200,100,6000,1100,1200,6800,300,14300,3500,3100
54.0,19.08,44100,839345.0,19.08,19.07,19.06,19.05,19.04,19.03,19.01,19.0,18.97,18.96,19.09,19.1,19.12,19.13,19.14,19.15,19.18,19.19,19.2,19.22,100,1100,2100,2000,300,100,700,200,2100,18000,200,100,6000,1100,1200,6800,300,14300,3500,3100
55.0,19.08,44100,839345.0,19.08,19.07,19.06,19.05,19.04,19.03,19.01,19.0,18.97,18.96,19.09,19.1,19.12,19.13,19.14,19.15,19.18,19.19,19.2,19.22,100,1100,2100,2000,300,100,700,200,2100,18000,200,100,6000,1100,1200,6800,300,14300,3500,3100
56.0,19.07,46000,875587.0,19.08,19.07,19.06,19.05,19.04,19.03,19.01,19.0,18.97,18.96,19.09,19.1,19.12,19.13,19.14,19.15,19.18,19.19,19.2,19.22,400,100,2100,2000,300,100,700,200,2100,18000,200,100,6000,1100,1200,6800,300,14300,3500,3100
57.0,19.07,46500,885126.0,19.06,19.05,19.04,19.03,19.01,19.0,18.97,18.96,18.95,18.94,19.08,19.09,19.1,19.12,19.13,19.14,19.15,19.18,19.19,19.2,1700,2000,300,100,700,200,2100,18000,13600,400,200,200,100,6000,1100,1200,6800,300,14300,3500
58.0,19.08,46700,888942.0,19.08,19.06,19.05,19.04,19.03,19.01,19.0,18.97,18.96,18.95,19.09,19.1,19.12,19.13,19.14,19.15,19.18,19.19,19.2,19.22,100,1700,2000,300,100,700,200,2100,18000,13600,200,100,6000,1100,1200,6800,300,14300,3500,3100
59.0,19.09,46900,892760.0,19.09,19.08,19.06,19.05,19.04,19.03,19.01,19.0,18.97,18.96,19.1,19.12,19.13,19.14,19.15,19.18,19.19,19.2,19.22,19.23,600,100,1700,2000,300,100,700,200,2100,18000,100,6000,1100,1200,6800,300,14300,3500,3100,1600
60.0,19.09,46900,892760.0,19.09,19.08,19.07,19.06,19.05,19.04,19.03,19.01,19.0,18.97,19.1,19.12,19.13,19.14,19.15,19.18,19.19,19.2,19.22,19.23,600,200,1300,1700,2000,300,100,700,100,2100,100,6000,1100,1200,6800,300,14300,3500,3100,1600
61.0,19.09,47800,909941.0,19.08,19.07,19.06,19.05,19.04,19.03,19.01,19.0,18.97,18.96,19.09,19.1,19.12,19.13,19.14,19.15,19.18,19.19,19.2,19.22,200,2600,1700,2000,300,100,700,100,2100,18000,100,100,6000,1100,1200,6800,300,14300,3500,3100
62.0,19.09,47800,909941.0,19.08,19.07,19.06,19.05,19.04,19.03,19.01,19.0,18.97,18.96,19.09,19.1,19.12,19.13,19.14,19.15,19.18,19.19,19.2,19.22,400,2700,900,2000,300,100,700,100,2100,18000,100,200,6000,1100,1200,6800,300,14300,3500,3100
63.0,19.09,47800,909941.0,19.08,19.07,19.06,19.05,19.04,19.03,19.01,19.0,18.97,18.96,19.09,19.1,19.12,19.13,19.14,19.15,19.18,19.19,19.2,19.22,400,2700,900,2000,300,100,700,100,2100,18000,100,200,6000,1100,1200,6800,300,14300,3500,3100
64.0,19.09,47800,909941.0,19.08,19.07,19.06,19.05,19.04,19.03,19.01,19.0,18.97,18.96,19.09,19.1,19.12,19.13,19.14,19.15,19.18,19.19,19.2,19.22,400,2700,900,2000,300,100,700,100,2100,18000,100,200,6000,1100,1200,6800,300,14300,3500,3100
65.0,19.09,47800,909941.0,19.08,19.07,19.06,19.05,19.04,19.03,19.01,18.97,18.96,18.95,19.09,19.1,19.12,19.13,19.14,19.15,19.18,19.19,19.2,19.22,400,2700,900,2000,300,100,2200,2100,18000,14100,100,200,6000,1100,1200,6800,300,14300,3500,3100
66.0,19.09,47900,911850.0,19.09,19.08,19.07,19.06,19.05,19.04,19.03,19.01,19.0,18.97,19.1,19.12,19.13,19.14,19.15,19.18,19.19,19.2,19.22,19.23,200,400,2700,900,2000,300,100,2200,4800,2100,100,6000,1100,1200,6800,300,14300,3500,3100,1600
67.0,19.09,47900,911850.0,19.09,19.08,19.07,19.06,19.05,19.04,19.03,19.01,19.0,18.97,19.1,19.12,19.13,19.14,19.15,19.18,19.19,19.2,19.22,19.23,800,400,2700,900,2000,300,100,2000,4800,2100,100,6000,1100,1200,6800,300,14300,3500,3100,1600
68.0,19.09,47900,911850.0,19.09,19.08,19.07,19.06,19.05,19.04,19.01,19.0,18.97,18.96,19.1,19.12,19.13,19.14,19.15,19.18,19.19,19.2,19.22,19.23,800,500,2700,900,2000,300,2000,4800,2100,18000,600,6000,1100,1200,6800,300,14300,3500,3100,1600
69.0,19.09,47900,911850.0,19.09,19.08,19.07,19.06,19.05,19.04,19.01,19.0,18.97,18.96,19.1,19.12,19.13,19.14,19.15,19.18,19.19,19.2,19.22,19.23,800,500,2700,900,2000,300,2000,4800,2100,18000,700,6000,1100,1200,6800,300,14300,3500,3100,1600
70.0,19.09,48100,915668.0,19.09,19.08,19.07,19.06,19.05,19.04,19.01,19.0,18.97,18.96,19.1,19.12,19.13,19.14,19.15,19.18,19.19,19.2,19.22,19.23,600,500,2700,900,2000,300,2000,4800,2100,18000,700,6000,1100,1200,6800,300,14500,3500,3100,2900
71.0,19.09,48700,927122.0,19.08,19.07,19.06,19.05,19.04,19.01,19.0,18.97,18.96,18.95,19.09,19.1,19.12,19.13,19.14,19.15,19.18,19.19,19.2,19.22,500,2700,900,2000,300,2000,4800,2100,18000,13100,10800,700,6000,1100,1200,6800,300,14500,3500,3100
72.0,19.09,48800,929031.0,19.08,19.07,19.06,19.05,19.04,19.01,19.0,18.97,18.96,18.95,19.09,19.1,19.12,19.13,19.14,19.15,19.18,19.19,19.2,19.22,500,2700,900,2000,300,2000,4800,2100,18000,13100,10700,700,6000,1100,1200,6800,300,14500,3500,3100
73.0,19.09,48800,929031.0,19.08,19.07,19.06,19.05,19.04,19.01,19.0,18.97,18.96,18.95,19.09,19.1,19.12,19.13,19.14,19.15,19.18,19.19,19.2,19.22,500,3000,900,2000,300,2000,4800,2100,18000,13100,10700,700,5000,1100,1200,6800,300,14500,3500,3100
74.0,19.09,51300,976756.0,19.08,19.07,19.06,19.05,19.04,19.01,19.0,18.97,18.96,18.95,19.09,19.1,19.12,19.13,19.14,19.15,19.18,19.19,19.2,19.22,500,3000,900,2000,300,2000,4800,2100,18000,13100,8300,700,5000,1100,1200,6800,300,14500,3500,3100
75.0,19.09,54000,1028299.0,19.08,19.07,19.06,19.05,19.04,19.01,19.0,18.97,18.96,18.95,19.09,19.1,19.12,19.13,19.14,19.15,19.18,19.19,19.2,19.22,500,3000,900,2000,300,2000,4800,2100,18000,13100,5600,700,5000,1100,1200,6800,300,14500,3500,3100
76.0,19.09,54000,1028299.0,19.08,19.07,19.05,19.04,19.01,19.0,18.97,18.96,18.95,18.94,19.09,19.1,19.12,19.13,19.14,19.15,19.18,19.19,19.2,19.22,500,3000,2000,300,2000,4800,2100,18000,13100,400,5600,600,5000,1100,1200,6800,300,14500,3500,3100
77.0,19.09,55000,1047389.0,19.08,19.07,19.05,19.04,19.01,19.0,18.97,18.96,18.95,18.94,19.09,19.1,19.12,19.13,19.14,19.15,19.18,19.19,19.2,19.22,500,3000,2000,300,2000,4800,2100,19000,13100,400,4700,600,5000,1100,1200,6800,300,14500,3500,3100
78.0,19.09,59700,1137112.0,19.09,19.08,19.07,19.05,19.04,19.01,19.0,18.97,18.96,18.95,19.1,19.12,19.13,19.14,19.15,19.18,19.19,19.2,19.22,19.23,1300,1200,3000,2000,300,2000,4800,2100,19000,13100,600,5000,1100,1200,6800,300,14500,3500,3100,2900
79.0,19.09,59900,1140930.0,19.09,19.08,19.07,19.05,19.04,19.01,19.0,18.97,18.96,18.95,19.1,19.12,19.13,19.14,19.15,19.18,19.19,19.2,19.22,19.23,1100,1200,3000,2000,300,2000,4800,2100,19000,13100,600,5000,1100,1200,6800,300,14500,3500,3100,2900
80.0,19.1,60700,1156209.0,19.1,19.09,19.08,19.07,19.05,19.04,19.01,19.0,18.97,18.96,19.12,19.13,19.14,19.15,19.18,19.19,19.2,19.22,19.23,19.24,100,2300,1200,3000,1900,200,2000,4800,2100,19000,5000,1100,1200,6800,300,2200,3500,3100,2900,1900
81.0,19.1,60700,1156209.0,19.1,19.09,19.08,19.07,19.05,19.04,19.01,19.0,18.97,18.96,19.12,19.13,19.14,19.15,19.18,19.19,19.2,19.22,19.23,19.24,100,2300,1200,3000,1900,200,2000,4800,2100,19000,5000,1100,1200,6800,300,2200,3500,3100,2900,1900
82.0,19.1,60700,1156209.0,19.1,19.09,19.08,19.07,19.05,19.04,19.01,19.0,18.97,18.96,19.12,19.13,19.14,19.15,19.18,19.19,19.2,19.22,19.23,19.24,100,2300,1200,3000,1900,200,2000,4800,2100,19000,5000,1100,1200,6800,300,2200,3500,3100,2900,1900
83.0,19.1,60800,1158119.0,19.09,19.08,19.07,19.05,19.04,19.01,19.0,18.97,18.96,18.95,19.12,19.13,19.14,19.15,19.18,19.19,19.2,19.22,19.23,19.24,2400,1200,4100,1900,200,2000,4800,2100,19000,13100,5000,1100,1200,6800,2300,2200,3500,3100,2900,1900
84.0,19.09,61000,1161937.0,19.09,19.08,19.07,19.05,19.04,19.01,19.0,18.97,18.96,18.95,19.12,19.13,19.14,19.15,19.18,19.19,19.2,19.22,19.23,19.24,2200,1200,2500,1900,200,2000,4800,2100,19000,13100,5000,1100,1200,6800,2300,2200,3500,3100,2900,1900
85.0,19.09,61000,1161937.0,19.09,19.08,19.07,19.05,19.04,19.01,19.0,18.97,18.96,18.95,19.1,19.12,19.13,19.14,19.15,19.18,19.19,19.2,19.22,19.23,2200,1200,2500,1900,200,2000,4800,2100,19000,13100,100,5500,1100,1200,6800,2300,2200,3500,3100,2900
86.0,19.1,61100,1163847.0,19.09,19.08,19.07,19.05,19.04,19.01,19.0,18.97,18.96,18.95,19.12,19.13,19.14,19.15,19.18,19.19,19.2,19.22,19.23,19.24,2200,1200,2500,1900,200,2000,4800,2100,19000,13100,5500,1100,1200,6800,2300,2200,3500,3100,2900,1900
87.0,19.09,61300,1167665.0,19.09,19.08,19.07,19.05,19.04,19.01,19.0,18.97,18.96,18.95,19.12,19.13,19.14,19.15,19.18,19.19,19.2,19.22,19.23,19.24,2000,1200,2500,1900,200,2000,4800,2100,19000,13100,5500,1100,1200,6400,2300,2200,3500,3100,2900,1900
88.0,19.09,62300,1186755.0,19.09,19.08,19.07,19.05,19.04,19.01,19.0,18.97,18.96,18.95,19.12,19.13,19.14,19.15,19.18,19.19,19.2,19.22,19.23,19.24,1000,1000,2500,1900,200,2000,4800,2100,19000,13100,5500,1100,1200,6400,2300,2700,3500,3100,2900,1900
89.0,19.12,63300,1205875.0,19.09,19.08,19.07,19.05,19.04,19.01,19.0,18.97,18.96,18.95,19.12,19.13,19.14,19.15,19.18,19.19,19.2,19.22,19.23,19.24,1200,1000,2500,1900,200,2000,4800,2100,19000,13100,4500,1100,1200,6400,2300,2700,3500,3100,2900,1900
90.0,19.09,63400,1207784.0,19.09,19.08,19.07,19.05,19.04,19.01,19.0,18.97,18.96,18.95,19.12,19.13,19.14,19.15,19.18,19.19,19.2,19.22,19.23,19.24,1100,1000,2500,1900,200,2000,4800,2100,19000,13100,4500,1100,1200,6400,2300,2700,3500,3100,2900,1900
91.0,19.09,63500,1209693.0,19.09,19.08,19.07,19.05,19.04,19.01,19.0,18.97,18.96,18.95,19.12,19.13,19.14,19.15,19.18,19.19,19.2,19.22,19.23,19.24,1000,1000,2500,1900,200,2000,4800,2100,19000,13100,4500,1100,1200,6400,2300,2700,3500,3100,2900,1900
92.0,19.12,63700,1213517.0,19.09,19.08,19.07,19.05,19.04,19.01,19.0,18.97,18.96,18.95,19.12,19.13,19.14,19.15,19.18,19.19,19.2,19.22,19.23,19.24,1800,1000,2500,1900,200,2000,4800,2100,19000,13100,4300,1100,1200,6400,2300,2700,3600,3100,2900,1900
93.0,19.12,63700,1213517.0,19.09,19.08,19.07,19.05,19.04,19.01,19.0,18.97,18.96,18.95,19.1,19.12,19.13,19.14,19.15,19.18,19.19,19.2,19.22,19.23,1800,1000,2500,1900,200,2000,4800,2100,19000,13100,15000,4300,1100,500,6400,2300,2700,3600,3100,2900
94.0,19.09,65700,1251697.0,19.08,19.07,19.05,19.04,19.01,19.0,18.97,18.96,18.95,18.94,19.1,19.12,19.13,19.14,19.15,19.18,19.19,19.2,19.22,19.23,1000,2300,1900,200,2000,4800,2100,19000,13100,400,15000,4300,1100,800,5500,2300,2700,3800,3100,2900
95.0,19.09,72000,1371965.0,19.09,19.08,19.07,19.05,19.04,19.01,19.0,18.97,18.96,18.95,19.1,19.12,19.13,19.14,19.15,19.18,19.19,19.2,19.22,19.23,5800,1000,8400,1900,200,2000,4800,2100,19000,13100,14900,4300,1100,1000,5500,2300,2700,3800,3100,2900
96.0,19.09,72000,1371965.0,19.09,19.08,19.07,19.05,19.04,19.01,19.0,18.97,18.96,18.95,19.1,19.12,19.13,19.14,19.15,19.18,19.19,19.2,19.22,19.23,5800,1000,8400,1900,200,2000,4800,2100,19000,13100,15100,4300,1100,1000,5500,2300,2700,3800,3100,2900
97.0,19.09,77800,1482687.0,19.08,19.07,19.05,19.04,19.01,19.0,18.97,18.96,18.95,18.94,19.09,19.1,19.12,19.13,19.14,19.15,19.18,19.19,19.2,19.22,1000,8100,1900,200,2000,4800,2100,19000,13100,400,700,17100,4300,1100,1000,5500,2300,2700,3800,3100
98.0,19.09,77900,1484596.0,19.08,19.07,19.05,19.04,19.01,19.0,18.97,18.96,18.95,18.94,19.09,19.1,19.12,19.13,19.14,19.15,19.18,19.19,19.2,19.22,1000,8100,1900,200,2000,4800,2100,19000,13100,400,600,17100,4300,1100,1000,5500,2300,2700,3800,3100
99.0,19.09,77900,1484596.0,19.08,19.07,19.05,19.04,19.01,19.0,18.97,18.96,18.95,18.94,19.09,19.1,19.12,19.13,19.14,19.15,19.18,19.19,19.2,19.22,1000,8100,1900,200,2000,4800,2100,19000,13100,400,600,17600,4300,1100,1000,5500,2300,2700,3800,3100
100.0,19.08,78100,1488412.0,19.08,19.07,19.05,19.04,19.01,19.0,18.97,18.96,18.95,18.94,19.09,19.1,19.12,19.13,19.14,19.15,19.18,19.19,19.2,19.22,800,8100,1900,200,1800,4800,2100,19000,13100,400,600,17600,4300,1100,1000,5500,2300,2700,3600,3100
101.0,19.08,78200,1490320.0,19.08,19.07,19.05,19.04,19.01,19.0,18.97,18.96,18.95,18.94,19.09,19.1,19.12,19.13,19.14,19.15,19.18,19.19,19.2,19.22,700,8100,1900,200,1800,4800,2100,19000,13100,400,600,17600,4600,1100,1000,5500,2300,2700,3600,3100
102.0,19.08,78200,1490320.0,19.08,19.07,19.05,19.04,19.01,19.0,18.97,18.96,18.95,18.94,19.09,19.1,19.12,19.13,19.14,19.15,19.18,19.19,19.2,19.22,1300,8100,1900,200,1800,4800,2100,19000,13100,400,600,17600,4600,1100,1000,5500,2300,2700,3600,3100
103.0,19.08,78200,1490320.0,19.08,19.07,19.05,19.04,19.01,19.0,18.97,18.96,18.95,18.94,19.09,19.1,19.12,19.13,19.14,19.15,19.18,19.19,19.2,19.22,1300,8100,1900,200,1800,4800,2100,19000,13100,400,600,17600,4600,1100,1000,5500,2300,2700,3600,3100
104.0,19.08,78400,1494136.0,19.08,19.07,19.05,19.04,19.01,19.0,18.97,18.96,18.95,18.94,19.09,19.1,19.12,19.13,19.14,19.15,19.18,19.19,19.2,19.22,1100,8100,1900,200,1800,4800,2100,19000,13100,400,600,17600,4600,1100,1000,5500,2300,2700,3600,3100
105.0,19.08,78400,1494136.0,19.08,19.07,19.05,19.04,19.01,19.0,18.97,18.96,18.95,18.94,19.09,19.1,19.12,19.13,19.14,19.15,19.18,19.19,19.2,19.22,1400,8100,1900,200,1800,4800,2100,19000,13100,400,600,17800,4600,1100,1000,5500,2300,2700,3600,3100
106.0,19.09,78500,1496045.0,19.08,19.07,19.05,19.04,19.01,19.0,18.97,18.96,18.95,18.94,19.09,19.1,19.12,19.13,19.14,19.15,19.18,19.19,19.2,19.22,1400,8100,1900,200,1800,4800,2100,19000,13100,400,500,17800,4600,1100,1000,5500,2300,2700,3600,3100
107.0,19.08,78700,1499861.0,19.08,19.07,19.05,19.04,19.01,19.0,18.97,18.96,18.95,18.94,19.09,19.1,19.12,19.13,19.14,19.15,19.18,19.19,19.2,19.22,1200,8100,1900,200,1800,4800,2100,19000,13100,400,500,17800,8600,1100,1000,5500,2300,2700,3600,3100
108.0,19.08,78800,1501769.0,19.08,19.07,19.05,19.04,19.01,19.0,18.97,18.96,18.95,18.94,19.09,19.1,19.12,19.13,19.14,19.15,19.18,19.19,19.2,19.22,1100,8100,1900,200,1800,4800,2100,19000,13100,400,500,17800,8600,1100,1000,5500,2300,2700,3600,3100
109.0,19.08,78800,1501769.0,19.08,19.07,19.05,19.04,19.01,19.0,18.97,18.96,18.95,18.94,19.09,19.1,19.12,19.13,19.14,19.15,19.18,19.19,19.2,19.22,1100,8100,1900,200,1800,4800,2100,19000,13100,400,500,17900,8600,1100,1000,5500,2300,2700,3600,3100
110.0,19.1,83800,1597264.0,19.08,19.07,19.05,19.04,19.01,19.0,18.97,18.96,18.95,18.94,19.1,19.12,19.13,19.14,19.15,19.18,19.19,19.2,19.22,19.23,1100,8100,1900,200,1800,4800,2100,19000,13100,400,13400,8600,1100,1000,5500,2300,2700,3600,3100,2900
111.0,19.09,84000,1601081.0,19.09,19.08,19.07,19.05,19.04,19.01,19.0,18.97,18.96,18.95,19.1,19.12,19.13,19.14,19.15,19.18,19.19,19.2,19.22,19.23,900,1000,8100,1900,200,1800,4800,2100,19000,13100,13700,8600,1100,1000,5500,2300,2700,3600,3100,2900
112.0,19.09,84700,1614445.0,19.09,19.08,19.07,19.05,19.04,19.01,19.0,18.97,18.96,18.95,19.1,19.12,19.13,19.14,19.15,19.18,19.19,19.2,19.22,19.23,300,1000,8100,1900,200,1800,4800,2100,19000,13100,13600,8600,1100,1000,5500,2300,2700,3600,3100,2900
113.0,19.1,84800,1616355.0,19.09,19.08,19.07,19.05,19.04,19.01,19.0,18.97,18.96,18.95,19.1,19.12,19.13,19.14,19.15,19.18,19.19,19.2,19.22,19.23,300,5200,8100,1900,200,1800,4800,2100,19000,13100,13500,8600,1100,1000,5500,2300,2700,3600,3100,2900
114.0,19.09,84900,1618264.0,19.09,19.08,19.07,19.05,19.04,19.01,19.0,18.97,18.96,18.95,19.1,19.12,19.13,19.14,19.15,19.18,19.19,19.2,19.22,19.23,200,5200,8100,1900,200,1800,4800,2100,19000,13100,13500,8600,1100,1000,5800,2300,2700,3600,3100,2900
115.0,19.1,85600,1631634.0,19.09,19.08,19.07,19.05,19.04,19.01,19.0,18.97,18.96,18.95,19.1,19.12,19.13,19.14,19.15,19.18,19.19,19.2,19.22,19.23,200,5200,2000,1900,200,1800,4800,2100,19000,13100,12800,8600,2600,1000,5800,2300,2700,3600,3100,2900
116.0,19.1,85700,1633544.0,19.09,19.08,19.07,19.05,19.04,19.01,19.0,18.97,18.96,18.95,19.1,19.12,19.13,19.14,19.15,19.18,19.19,19.2,19.22,19.23,1300,11400,2000,1900,200,1800,4800,2100,19000,13100,12700,8600,2600,1000,5800,2300,2700,3600,3100,2900
117.0,19.1,85700,1633544.0,19.09,19.08,19.07,19.05,19.04,19.01,19.0,18.97,18.96,18.95,19.1,19.12,19.13,19.14,19.15,19.18,19.19,19.2,19.22,19.23,1300,11400,2000,1900,200,1800,4800,2100,19000,13100,13100,8600,2600,1000,5800,2300,2700,3600,3100,2900
118.0,19.09,85800,1635453.0,19.09,19.08,19.07,19.05,19.04,19.01,19.0,18.97,18.96,18.95,19.1,19.12,19.13,19.14,19.15,19.18,19.19,19.2,19.22,19.23,1200,11400,2000,1900,200,1800,4800,2100,19000,13100,13100,8600,2600,1000,5800,2300,2700,3600,3100,2900
119.0,19.09,85900,1637362.0,19.09,19.08,19.07,19.05,19.04,19.01,19.0,18.97,18.96,18.95,19.1,19.12,19.13,19.14,19.15,19.18,19.19,19.2,19.22,19.23,1100,11400,2000,1900,200,1800,4800,2100,19000,13100,13100,8600,2600,1000,5800,2300,2700,3600,3100,2900
120.0,19.09,85900,1637362.0,19.09,19.08,19.07,19.05,19.04,19.01,19.0,18.97,18.96,18.95,19.1,19.12,19.13,19.14,19.15,19.18,19.19,19.2,19.22,19.23,1100,11400,2000,1900,200,1800,4800,2100,19000,13100,13100,8600,2600,1000,5800,2300,2700,3600,3100,2900
121.0,19.09,86000,1639271.0,19.09,19.08,19.07,19.05,19.04,19.01,19.0,18.97,18.96,18.95,19.1,19.12,19.13,19.14,19.15,19.18,19.19,19.2,19.22,19.23,1000,11400,2000,1900,200,1800,4800,2100,19000,13100,13100,8600,2600,1000,5800,2300,2700,5600,3100,2900
122.0,19.09,86000,1639271.0,19.09,19.08,19.07,19.05,19.04,19.01,19.0,18.97,18.96,18.95,19.1,19.12,19.13,19.14,19.15,19.18,19.19,19.2,19.22,19.23,1000,11100,2000,1900,200,1800,4800,2100,19000,13100,13200,8600,2600,1000,5800,2300,2700,5600,3100,2900
123.0,19.1,86500,1648819.0,19.09,19.08,19.07,19.05,19.04,19.01,19.0,18.97,18.96,18.95,19.1,19.12,19.13,19.14,19.15,19.18,19.19,19.2,19.22,19.23,800,11100,2200,1900,200,1800,4800,2100,19000,13100,12900,8600,2600,1000,5800,2300,2700,5600,3100,2900
124.0,19.1,86500,1648819.0,19.09,19.08,19.07,19.06,19.05,19.04,19.01,19.0,18.97,18.96,19.1,19.12,19.13,19.14,19.15,19.18,19.19,19.2,19.22,19.23,800,11100,2200,100,1900,200,1800,4800,2100,19000,12900,8600,2600,1000,5800,2300,2700,5600,3100,2900
125.0,19.1,86700,1652639.0,19.09,19.08,19.07,19.06,19.05,19.04,19.01,19.0,18.97,18.96,19.1,19.12,19.13,19.14,19.15,19.18,19.19,19.2,19.22,19.23,1800,5400,2200,100,1900,200,1800,4800,2100,19000,12700,8600,2600,1000,5800,2300,2700,5600,3100,2900
126.0,19.09,86800,1654548.0,19.09,19.08,19.07,19.06,19.05,19.04,19.01,19.0,18.97,18.96,19.1,19.12,19.13,19.14,19.15,19.18,19.19,19.2,19.22,19.23,1700,5800,2200,100,1900,200,1800,4800,2100,19000,13200,8600,2600,1000,5800,2300,2700,5600,3100,2900
127.0,19.1,96700,1843638.0,19.09,19.08,19.07,19.06,19.05,19.04,19.01,19.0,18.97,18.96,19.1,19.12,19.13,19.14,19.15,19.18,19.19,19.2,19.22,19.23,1700,5800,2200,100,1900,200,1800,4800,2100,19000,3300,8600,2600,1000,5800,2300,2700,5600,3100,2900
128.0,19.1,100200,1910487.0,19.1,19.09,19.08,19.07,19.06,19.05,19.01,19.0,18.97,18.96,19.12,19.13,19.14,19.15,19.18,19.19,19.2,19.22,19.23,19.24,2600,1600,5700,2200,100,1900,1800,4800,2100,19000,8600,2600,1000,5800,2300,2700,5600,3100,2900,1900
129.0,19.1,100200,1910487.0,19.1,19.09,19.08,19.07,19.06,19.05,19.01,19.0,18.97,18.96,19.11,19.12,19.13,19.14,19.15,19.18,19.19,19.2,19.22,19.23,2700,1600,5700,2200,100,1900,1800,4800,2100,19000,6100,8600,2600,1000,5800,2300,2700,5600,3100,2900
130.0,19.1,100200,1910487.0,19.1,19.09,19.08,19.07,19.06,19.05,19.01,19.0,18.97,18.96,19.11,19.12,19.13,19.14,19.15,19.18,19.19,19.2,19.22,19.23,2700,1600,5700,2200,100,1900,1800,4800,2100,19000,6100,8600,2600,1000,5800,2300,2700,5600,3100,2900
131.0,19.11,102000,1944879.0,19.1,19.09,19.08,19.07,19.06,19.05,19.01,19.0,18.97,18.96,19.11,19.12,19.13,19.14,19.15,19.18,19.19,19.2,19.22,19.23,3800,1600,5700,2200,100,1900,1800,4800,2100,19000,4900,8600,2600,1000,5800,2300,2700,5600,3100,2900
132.0,19.11,102000,1944879.0,19.1,19.09,19.08,19.07,19.06,19.05,19.01,19.0,18.97,18.96,19.11,19.12,19.13,19.14,19.15,19.18,19.19,19.2,19.22,19.23,4400,2200,5700,2200,100,1900,1800,4800,2100,19000,4900,8600,2600,1000,5800,2300,2700,5600,3100,2900
133.0,19.1,102400,1952519.0,19.1,19.09,19.08,19.07,19.05,19.01,19.0,18.97,18.96,18.95,19.11,19.12,19.13,19.14,19.15,19.18,19.19,19.2,19.22,19.23,4000,2200,5700,2200,1900,1800,4800,2100,19000,13100,4900,8600,2600,1000,5800,2300,2700,5600,3100,2900
134.0,19.1,102400,1952519.0,19.1,19.09,19.08,19.07,19.05,19.01,19.0,18.97,18.96,18.95,19.11,19.12,19.13,19.14,19.15,19.18,19.19,19.2,19.22,19.23,4000,2200,5700,2200,1900,1800,4800,2100,19000,13100,4900,8600,2600,1000,5800,2300,2700,5600,3100,2900
135.0,19.1,103600,1975439.0,19.1,19.09,19.08,19.07,19.05,19.01,19.0,18.97,18.96,18.95,19.11,19.12,19.13,19.14,19.15,19.18,19.19,19.2,19.22,19.23,2800,2200,5700,2200,1900,1800,4800,2100,19000,13100,4900,8600,2600,1000,5800,2300,2700,5600,3100,2900
136.0,19.1,103600,1975439.0,19.1,19.09,19.08,19.07,19.05,19.01,19.0,18.97,18.96,18.95,19.11,19.12,19.13,19.14,19.15,19.18,19.19,19.2,19.22,19.23,2800,2200,5700,2200,1900,1800,4800,2100,19000,13100,4900,8600,2600,1000,5800,2300,2700,5600,3100,2900
137.0,19.1,103600,1975439.0,19.1,19.09,19.08,19.07,19.05,19.01,19.0,18.97,18.96,18.95,19.11,19.12,19.13,19.14,19.15,19.18,19.19,19.2,19.22,19.23,2800,2200,5700,2200,1900,1800,4800,2100,19000,13100,4900,8600,2600,1000,5800,2300,2700,5600,3100,2900
138.0,19.11,105400,2009835.0,19.1,19.09,19.08,19.07,19.05,19.01,19.0,18.97,18.96,18.95,19.11,19.12,19.13,19.14,19.15,19.18,19.19,19.2,19.22,19.23,2600,2200,5700,2200,1900,1800,4800,2100,19000,13100,3300,8300,2600,1000,5800,2300,2700,5600,3100,2900
139.0,19.11,105400,2009835.0,19.1,19.09,19.08,19.07,19.05,19.01,19.0,18.97,18.96,18.95,19.11,19.12,19.13,19.14,19.15,19.18,19.19,19.2,19.22,19.23,2600,1600,5700,2200,1900,1800,4800,2100,19000,13100,3300,8300,2600,1000,5800,3800,2700,3600,3100,2900
140.0,19.1,122700,2340123.0,19.07,19.05,19.01,19.0,18.97,18.96,18.95,18.94,18.93,18.92,19.1,19.11,19.12,19.13,19.14,19.15,19.18,19.19,19.2,19.22,3700,1900,1800,4800,2100,19000,13100,400,2100,13300,12100,3500,8300,2600,1000,5800,3800,2700,3600,3100
141.0,19.07,126400,2410682.0,19.06,19.05,19.01,19.0,18.97,18.96,18.95,18.94,18.93,18.92,19.07,19.09,19.1,19.11,19.12,19.13,19.14,19.15,19.18,19.19,100,1900,1500,4800,2100,19000,13100,400,2100,13300,300,4900,16800,3500,4300,2600,1000,3300,3800,2700
142.0,19.1,127500,2431677.0,19.06,19.05,19.01,19.0,18.97,18.96,18.95,18.94,18.93,18.92,19.1,19.11,19.12,19.13,19.14,19.15,19.18,19.19,19.2,19.22,100,1900,1500,4800,2100,19000,13100,400,2100,13300,16200,3500,4300,2600,1000,3300,1800,2700,3600,3100
143.0,19.06,127600,2433583.0,19.06,19.05,19.01,19.0,18.97,18.96,18.95,18.94,18.93,18.92,19.1,19.11,19.12,19.13,19.14,19.15,19.18,19.19,19.2,19.22,1700,1900,1500,4800,2100,19000,13100,400,2100,13300,17200,3500,4300,2600,1000,3300,1800,2700,3600,3100
144.0,19.06,127700,2435489.0,19.06,19.05,19.01,19.0,18.97,18.96,18.95,18.94,18.93,18.92,19.1,19.11,19.12,19.13,19.14,19.15,19.18,19.19,19.2,19.22,1600,1900,1500,4800,2100,19000,13100,400,2100,13300,17200,4500,4300,2600,1000,3300,1800,2700,5600,3100
145.0,19.06,127800,2437395.0,19.06,19.05,19.01,19.0,18.97,18.96,18.95,18.94,18.93,18.92,19.1,19.11,19.12,19.13,19.14,19.15,19.18,19.19,19.2,19.22,2500,1900,1500,4800,2100,19000,13100,400,2100,13300,18200,4500,4300,2600,1000,3300,1800,2700,5600,3100
146.0,19.06,127900,2439301.0,19.06,19.05,19.04,19.01,19.0,18.99,18.97,18.96,18.95,18.94,19.09,19.1,19.11,19.12,19.13,19.14,19.15,19.18,19.19,19.2,3100,7000,400,1500,4800,1100,2100,19000,13100,400,300,19200,4600,4300,2600,1000,3300,1800,2700,5600
147.0,19.06,128500,2450737.0,19.06,19.05,19.04,19.01,19.0,18.99,18.97,18.96,18.95,18.94,19.09,19.1,19.11,19.12,19.13,19.14,19.15,19.18,19.19,19.2,2500,7000,400,1500,4800,1100,2100,19000,13100,400,300,19200,4600,4300,2600,1000,3300,1800,2700,5600
148.0,19.06,128700,2454549.0,19.06,19.05,19.04,19.01,19.0,18.99,18.97,18.96,18.95,18.94,19.09,19.1,19.11,19.12,19.13,19.14,19.15,19.18,19.19,19.2,2300,7000,400,1500,4800,1100,2100,19000,13100,400,300,19200,4600,4300,2600,1000,3300,1800,2700,5600
149.0,19.06,128700,2454549.0,19.06,19.05,19.04,19.01,19.0,18.99,18.97,18.96,18.95,18.94,19.09,19.1,19.11,19.12,19.13,19.14,19.15,19.18,19.19,19.2,3100,7000,400,1500,4800,1100,2100,19000,13100,400,1600,23200,4400,4300,2600,1000,3300,1800,2700,5600
150.0,19.06,128700,2454549.0,19.06,19.05,19.04,19.01,19.0,18.99,18.97,18.96,18.95,18.94,19.08,19.09,19.1,19.11,19.12,19.13,19.14,19.15,19.18,19.19,3100,7000,400,1500,4800,1100,2100,19000,13100,400,2300,1600,23200,4400,4300,2600,700,3300,1800,2700
151.0,19.06,129000,2460267.0,19.06,19.05,19.04,19.01,19.0,18.99,18.97,18.96,18.95,18.94,19.09,19.1,19.11,19.12,19.13,19.14,19.15,19.18,19.19,19.2,3200,7000,400,1500,4800,1100,2100,19000,13100,400,1600,23200,4400,4300,2600,700,3300,1800,2700,5600
152.0,19.06,129000,2460267.0,19.06,19.05,19.04,19.01,19.0,18.99,18.97,18.96,18.95,18.94,19.08,19.09,19.1,19.11,19.12,19.13,19.14,19.15,19.18,19.19,4400,7000,400,1500,4800,1100,2100,19000,13100,400,200,2200,23200,4400,4300,2600,700,3300,1800,2700
153.0,19.06,129800,2475515.0,19.06,19.05,19.04,19.01,19.0,18.99,18.97,18.96,18.95,18.94,19.08,19.09,19.1,19.11,19.12,19.13,19.14,19.15,19.17,19.18,3600,7000,400,1500,4800,1100,2100,19000,13100,400,200,2200,23200,4900,4300,2600,700,3300,2500,1800
154.0,19.06,129800,2475515.0,19.06,19.05,19.04,19.01,19.0,18.99,18.97,18.96,18.95,18.94,19.08,19.09,19.1,19.11,19.12,19.13,19.14,19.15,19.17,19.18,3600,7000,400,1500,4800,1100,2100,19000,13100,400,200,4200,23200,4900,4500,2600,700,3300,2500,1800
155.0,19.09,130800,2494594.0,19.06,19.05,19.04,19.01,19.0,18.99,18.97,18.96,18.95,18.94,19.08,19.09,19.1,19.11,19.12,19.13,19.14,19.15,19.17,19.18,3300,7500,400,1500,4800,1100,2100,19000,13100,400,200,3700,23200,4900,4500,2600,700,3300,2500,1800
156.0,19.06,131600,2509842.0,19.06,19.05,19.04,19.01,19.0,18.99,18.97,18.96,18.95,18.94,19.08,19.09,19.1,19.11,19.12,19.13,19.14,19.15,19.17,19.18,3800,7500,400,1500,4800,1100,2100,19000,13100,400,200,3700,23200,4900,4500,2600,700,3300,2500,1800
157.0,19.06,131600,2509842.0,19.06,19.05,19.04,19.01,19.0,18.99,18.97,18.96,18.95,18.94,19.08,19.09,19.1,19.11,19.12,19.13,19.14,19.15,19.17,19.18,3800,7500,400,1500,4800,1100,2100,19000,13100,400,200,3700,23200,4900,4500,1100,700,3300,2500,1800
158.0,19.06,132600,2528902.0,19.06,19.05,19.04,19.01,19.0,18.99,18.97,18.96,18.95,18.94,19.08,19.09,19.1,19.11,19.12,19.13,19.14,19.15,19.17,19.18,2800,7500,400,1500,4800,1100,2100,19000,13100,400,200,3700,23200,4900,4500,1100,700,3300,2500,1800
159.0,19.08,132700,2530810.0,19.06,19.05,19.04,19.01,19.0,18.99,18.97,18.96,18.95,18.94,19.08,19.09,19.1,19.11,19.12,19.13,19.14,19.15,19.17,19.18,2800,7500,400,1500,4800,1100,2100,19000,13100,400,100,3700,23200,4900,4500,1100,700,3300,2500,1800
160.0,19.08,132700,2530810.0,19.06,19.05,19.04,19.01,19.0,18.99,18.97,18.96,18.95,18.94,19.08,19.09,19.1,19.11,19.12,19.13,19.14,19.15,19.17,19.18,2800,7500,400,1500,4800,1100,2100,19000,13100,400,100,3700,23200,4900,4500,1100,700,3300,2500,1800
161.0,19.06,132900,2534622.0,19.06,19.05,19.04,19.01,19.0,18.99,18.97,18.96,18.95,18.94,19.08,19.09,19.1,19.11,19.12,19.13,19.14,19.15,19.17,19.18,2600,7500,400,1500,4800,1100,2100,19000,13100,400,100,4000,23200,4900,4500,1100,700,3300,2500,1800
162.0,19.08,133100,2538438.0,19.08,19.06,19.05,19.04,19.01,19.0,18.99,18.97,18.96,18.95,19.09,19.1,19.11,19.12,19.13,19.14,19.15,19.17,19.18,19.19,300,2600,7500,400,1500,4800,1100,2100,19000,13100,4000,23200,1600,4500,1100,700,3300,2500,1800,2700
163.0,19.08,133400,2544162.0,19.06,19.05,19.04,19.01,19.0,18.99,18.97,18.96,18.95,18.94,19.08,19.09,19.1,19.11,19.12,19.13,19.14,19.15,19.17,19.18,2600,7500,400,1500,4800,1100,2100,19000,13100,400,1500,4000,23200,1600,4500,1100,700,3300,2500,1800
164.0,19.07,133700,2549881.0,19.06,19.05,19.04,19.01,19.0,18.99,18.97,18.96,18.95,18.94,19.07,19.08,19.09,19.1,19.11,19.12,19.13,19.14,19.15,19.17,2400,7500,400,1500,4800,1100,2100,19000,13100,400,300,900,4000,23200,4500,4500,1100,5700,3300,2500
165.0,19.06,135200,2578471.0,19.06,19.05,19.04,19.01,19.0,18.99,18.97,18.96,18.95,18.94,19.07,19.08,19.09,19.1,19.11,19.12,19.13,19.14,19.15,19.17,900,7500,400,1500,4800,1100,2100,19000,13100,400,300,900,4000,23200,4500,4500,1100,5700,3300,2500
166.0,19.05,136400,2601340.0,19.05,19.04,19.01,19.0,18.99,18.97,18.96,18.95,18.94,18.93,19.07,19.08,19.09,19.1,19.11,19.12,19.13,19.14,19.15,19.17,7200,400,1500,4800,1100,2100,19000,13100,400,2100,300,900,4000,23200,4500,4500,1100,5700,3300,2500
167.0,19.05,140000,2669920.0,19.04,19.01,19.0,18.99,18.97,18.96,18.95,18.94,18.93,18.92,19.05,19.07,19.08,19.09,19.1,19.11,19.12,19.13,19.14,19.15,400,1500,4800,1100,2100,19000,13100,400,2100,13300,4000,100,900,4000,23200,4500,4500,1100,5700,3300
168.0,19.05,140000,2669920.0,19.04,19.01,19.0,18.99,18.97,18.96,18.95,18.94,18.93,18.92,19.05,19.07,19.08,19.09,19.1,19.11,19.12,19.13,19.14,19.15,400,1500,5300,1100,2100,19000,13100,400,2100,13300,4000,100,900,4000,23200,4500,4500,1100,5700,3300
169.0,19.05,140000,2669920.0,19.04,19.01,19.0,18.99,18.97,18.96,18.95,18.94,18.93,18.92,19.05,19.07,19.08,19.09,19.1,19.11,19.12,19.13,19.14,19.15,400,1500,5300,1100,2100,19000,13100,400,2100,13300,4000,100,900,3800,23200,4500,4500,1100,5700,3300
170.0,19.04,140600,2681349.0,19.04,19.01,19.0,18.99,18.97,18.96,18.95,18.94,18.93,18.92,19.05,19.07,19.08,19.09,19.1,19.11,19.12,19.13,19.14,19.15,4900,1500,5300,1100,2100,19000,13100,400,2100,13300,3600,100,900,3800,23200,4500,4500,1100,5700,3300
171.0,19.04,141000,2688965.0,19.04,19.01,19.0,18.99,18.97,18.96,18.95,18.94,18.93,18.92,19.05,19.07,19.08,19.09,19.1,19.11,19.12,19.13,19.14,19.15,4500,1500,5300,1100,2100,19000,13100,400,2100,13300,3600,100,900,3800,23200,4500,4500,1100,5700,3300
172.0,19.04,141000,2688965.0,19.04,19.01,19.0,18.99,18.97,18.96,18.95,18.94,18.93,18.92,19.05,19.07,19.08,19.09,19.1,19.11,19.12,19.13,19.14,19.15,4500,1500,5300,1100,2100,19000,13100,400,2100,13300,3600,100,900,3800,23200,4500,4500,1100,5700,3300
173.0,19.05,144600,2757545.0,19.05,19.04,19.03,19.02,19.01,19.0,18.99,18.97,18.96,18.95,19.07,19.08,19.09,19.1,19.11,19.12,19.13,19.14,19.15,19.17,300,200,200,4100,2000,5300,1100,2100,19000,13100,100,900,3800,23200,4500,4500,1100,5700,3300,2500
174.0,19.05,144600,2757545.0,19.05,19.04,19.03,19.02,19.01,19.0,18.99,18.97,18.96,18.95,19.07,19.08,19.09,19.1,19.11,19.12,19.13,19.14,19.15,19.17,300,200,200,4100,2000,5300,1100,2100,19000,13100,100,900,3800,23200,4500,4500,1100,5700,3300,2500
175.0,19.05,144600,2757545.0,19.05,19.04,19.03,19.02,19.01,19.0,18.99,18.97,18.96,18.95,19.07,19.08,19.09,19.1,19.11,19.12,19.13,19.14,19.15,19.17,300,200,200,4100,2000,5300,1100,2100,19000,13100,100,900,3800,26400,4500,4500,1100,5700,3300,2500
176.0,19.05,144600,2757545.0,19.05,19.04,19.03,19.02,19.01,19.0,18.99,18.97,18.96,18.95,19.07,19.08,19.09,19.1,19.11,19.12,19.13,19.14,19.15,19.17,300,200,200,4100,2000,5300,1100,2100,19000,13100,100,900,3500,26400,4500,4500,1100,5700,3300,2500
177.0,19.05,144600,2757545.0,19.05,19.04,19.03,19.02,19.01,19.0,18.99,18.97,18.96,18.95,19.07,19.08,19.09,19.1,19.11,19.12,19.13,19.14,19.15,19.17,300,200,200,4100,2000,5300,1100,2100,19000,13100,100,900,3500,26400,4500,4500,1100,5700,3300,2500
178.0,19.05,144600,2757545.0,19.05,19.04,19.03,19.02,19.01,19.0,18.99,18.97,18.96,18.95,19.07,19.08,19.09,19.1,19.11,19.12,19.13,19.14,19.15,19.17,300,200,200,4100,2000,5300,1100,2100,19000,13100,100,900,3500,26400,4500,4500,1100,5700,3300,2500
179.0,19.05,144600,2757545.0,19.05,19.04,19.03,19.02,19.01,19.0,18.99,18.97,18.96,18.95,19.07,19.08,19.09,19.1,19.11,19.12,19.13,19.14,19.15,19.17,300,200,200,4100,2000,5300,1100,2100,19000,13100,100,900,3500,26400,4500,4300,1100,5700,3300,2500
180.0,19.05,145000,2765165.0,19.03,19.02,19.01,19.0,18.99,18.97,18.96,18.95,18.94,18.93,19.05,19.07,19.08,19.09,19.1,19.11,19.12,19.13,19.14,19.15,200,4100,2000,5300,1100,2100,19000,13100,400,2100,3000,100,900,3500,26400,4500,4300,1100,5700,3300
181.0,19.05,145100,2767070.0,19.03,19.02,19.01,19.0,18.99,18.97,18.96,18.95,18.94,18.93,19.05,19.07,19.08,19.09,19.1,19.11,19.12,19.13,19.14,19.15,200,4100,2000,5300,1100,2100,19000,13100,400,2100,2900,100,900,3500,26400,4500,4300,1100,5700,3300
182.0,19.05,145100,2767070.0,19.03,19.02,19.01,19.0,18.99,18.97,18.96,18.95,18.94,18.93,19.05,19.07,19.08,19.09,19.1,19.11,19.12,19.13,19.14,19.15,200,4100,2200,5300,1100,2100,19000,13100,400,2100,2900,100,900,3500,26400,4500,4300,1100,5500,3300
183.0,19.05,145100,2767070.0,19.03,19.02,19.01,19.0,18.99,18.97,18.96,18.95,18.94,18.93,19.05,19.07,19.08,19.09,19.1,19.11,19.12,19.13,19.14,19.15,200,4200,2200,5300,1100,2100,19000,13100,400,2100,2900,100,900,3500,26400,4500,4300,1100,5500,3300
184.0,19.05,145100,2767070.0,19.03,19.02,19.01,19.0,18.99,18.97,18.96,18.95,18.94,18.93,19.05,19.07,19.08,19.09,19.1,19.11,19.12,19.13,19.14,19.15,200,4200,2200,5300,1100,2100,19000,13100,400,2100,2900,100,900,3500,26400,4500,4300,1100,5500,3300
185.0,19.05,145100,2767070.0,19.03,19.02,19.01,19.0,18.99,18.97,18.96,18.95,18.94,18.93,19.04,19.05,19.07,19.08,19.09,19.1,19.11,19.12,19.13,19.14,200,4200,2200,5300,1100,2100,19000,13100,400,2100,100,3000,100,900,3500,26400,4500,4300,1100,5500
186.0,19.05,145100,2767070.0,19.03,19.02,19.01,19.0,18.99,18.97,18.96,18.95,18.94,18.93,19.04,19.05,19.07,19.08,19.09,19.1,19.11,19.12,19.13,19.14,200,4200,2200,5300,1100,2100,19000,13100,400,2100,100,3000,100,900,3500,26400,4500,4300,1100,5500
187.0,19.02,148000,2822230.0,19.02,19.01,19.0,18.99,18.97,18.96,18.95,18.94,18.93,18.92,19.04,19.05,19.07,19.08,19.09,19.1,19.11,19.12,19.13,19.14,1500,2200,5300,1100,2100,19000,13100,400,2100,13300,100,3000,100,900,3500,26400,4500,4300,1100,5500
188.0,19.02,148100,2824132.0,19.02,19.01,19.0,18.99,18.97,18.96,18.95,18.94,18.93,18.92,19.04,19.05,19.07,19.08,19.09,19.1,19.11,19.12,19.13,19.14,1400,700,5300,1100,2100,19000,13100,400,2100,13300,100,3000,100,900,3500,26400,4500,4300,1100,5500
189.0,19.02,148100,2824132.0,19.02,19.01,19.0,18.99,18.97,18.96,18.95,18.94,18.93,18.92,19.04,19.05,19.07,19.08,19.09,19.1,19.11,19.12,19.13,19.14,1300,7500,5300,1100,2100,19000,13100,400,2100,13300,100,3000,100,900,3500,26400,4500,4300,1100,5500
190.0,19.02,148100,2824132.0,19.03,19.02,19.01,19.0,18.99,18.97,18.96,18.95,18.94,18.93,19.04,19.05,19.07,19.08,19.09,19.1,19.11,19.12,19.13,19.14,200,8300,7500,5300,1100,2100,19000,13100,400,2100,500,3000,100,900,3500,26400,4500,4300,1100,5500
191.0,19.05,148800,2837462.0,19.04,19.03,19.02,19.01,19.0,18.99,18.97,18.96,18.95,18.94,19.05,19.07,19.08,19.09,19.1,19.11,19.12,19.13,19.14,19.15,100,400,8300,7500,5300,1100,2100,19000,13100,400,3200,100,900,3500,26400,4500,4300,1100,5500,3300
192.0,19.05,152000,2898422.0,19.05,19.04,19.03,19.02,19.01,19.0,18.99,18.97,18.96,18.95,19.07,19.08,19.09,19.1,19.11,19.12,19.13,19.14,19.15,19.17,300,200,400,8300,7500,5300,1100,2100,19000,13100,100,900,3500,26400,3500,4300,1100,5500,3300,2500
193.0,19.07,152100,2900329.0,19.05,19.04,19.03,19.02,19.01,19.0,18.99,18.97,18.96,18.95,19.07,19.08,19.09,19.1,19.11,19.12,19.13,19.14,19.15,19.17,600,400,400,8300,7300,5300,1100,2100,19000,13100,300,900,3500,26400,3500,4300,1100,5500,3300,2500
194.0,19.05,152500,2907949.0,19.05,19.04,19.03,19.02,19.01,19.0,18.99,18.97,18.96,18.95,19.07,19.08,19.09,19.1,19.11,19.12,19.13,19.14,19.15,19.17,300,400,2200,8300,500,5300,1100,2100,19000,13100,300,900,3500,26400,3500,4300,1100,5500,3300,2500
195.0,19.05,152500,2907949.0,19.05,19.04,19.03,19.02,19.01,19.0,18.99,18.97,18.96,18.95,19.07,19.08,19.09,19.1,19.11,19.12,19.13,19.14,19.15,19.17,300,400,2200,8300,500,5300,1100,2100,19000,13100,300,900,4500,26400,3500,4300,1100,5500,3300,2500
196.0,19.05,152500,2907949.0,19.05,19.04,19.03,19.02,19.01,19.0,18.99,18.97,18.96,18.95,19.07,19.08,19.09,19.1,19.11,19.12,19.13,19.14,19.15,19.17,300,400,2200,8300,500,5300,1100,2100,19000,13100,300,900,4500,26400,3500,4300,1100,5500,3300,2500
197.0,19.07,152800,2913670.0,19.05,19.04,19.03,19.02,19.01,19.0,18.99,18.97,18.96,18.95,19.07,19.08,19.09,19.1,19.11,19.12,19.13,19.14,19.15,19.17,300,600,2200,8300,500,5300,1100,2100,19000,13100,300,900,4500,26400,3500,4300,1100,5500,3300,2500
198.0,19.07,152800,2913670.0,19.05,19.04,19.03,19.02,19.01,19.0,18.99,18.97,18.96,18.95,19.07,19.08,19.09,19.1,19.11,19.12,19.13,19.14,19.15,19.17,300,600,2200,8300,500,5300,1100,2100,19000,13100,300,3700,4500,26400,3500,4300,1100,5500,3300,2500
199.0,19.07,152800,2913670.0,19.05,19.04,19.03,19.02,19.01,19.0,18.99,18.97,18.96,18.95,19.07,19.08,19.09,19.1,19.11,19.12,19.13,19.14,19.15,19.17,300,600,2200,8300,500,5300,1100,2100,19000,13100,300,3700,4500,26400,3500,4300,1100,5500,3300,2500
200.0,19.07,152800,2913670.0,19.05,19.04,19.03,19.02,19.01,19.0,18.99,18.97,18.96,18.95,19.07,19.08,19.09,19.1,19.11,19.12,19.13,19.14,19.15,19.17,300,600,2200,8300,500,5300,1100,2100,19000,13100,300,3700,4500,26400,3500,4300,1100,5500,3300,2500
201.0,19.07,152800,2913670.0,19.05,19.04,19.03,19.02,19.01,19.0,18.99,18.97,18.96,18.95,19.07,19.08,19.09,19.1,19.11,19.12,19.13,19.14,19.15,19.17,300,600,2200,8300,500,5300,1100,2100,19000,13100,300,3700,4500,26400,3500,4300,1100,5500,3300,2500
202.0,19.07,152800,2913670.0,19.05,19.04,19.03,19.02,19.01,19.0,18.99,18.97,18.96,18.95,19.07,19.08,19.09,19.1,19.11,19.12,19.13,19.14,19.15,19.17,300,600,2200,8300,500,5300,1100,2100,19000,13100,300,3700,4500,26400,3500,4300,1100,5500,3300,2500
203.0,19.04,154300,2942235.0,19.04,19.03,19.02,19.01,19.0,18.99,18.97,18.96,18.95,18.94,19.07,19.08,19.09,19.1,19.11,19.12,19.13,19.14,19.15,19.17,1700,2300,8300,500,5300,1100,2100,19000,13100,400,400,3700,4500,26400,3500,4300,1100,5500,3300,2500
204.0,19.04,154600,2947947.0,19.04,19.03,19.02,19.01,19.0,18.99,18.97,18.96,18.95,18.94,19.07,19.08,19.09,19.1,19.11,19.12,19.13,19.14,19.15,19.17,1400,2300,8300,500,5300,1100,2100,19000,13100,400,400,3700,4500,26400,3500,4300,1100,5500,3300,2500
205.0,19.04,154700,2949851.0,19.04,19.03,19.02,19.01,19.0,18.99,18.97,18.96,18.95,18.94,19.06,19.07,19.08,19.09,19.1,19.11,19.12,19.13,19.14,19.15,2100,2300,8300,500,5300,1100,2100,19000,13100,400,500,1200,3700,4500,26400,3500,4300,1100,5500,3300
206.0,19.04,154900,2953659.0,19.04,19.03,19.02,19.01,19.0,18.99,18.97,18.96,18.95,18.94,19.06,19.07,19.08,19.09,19.1,19.11,19.12,19.13,19.14,19.15,800,2300,8500,600,5300,1100,2100,20500,13100,400,1300,3100,3700,4500,26400,3500,4300,1100,5500,3300
207.0,19.04,154900,2953659.0,19.04,19.03,19.02,19.01,19.0,18.97,18.96,18.95,18.94,18.93,19.06,19.07,19.08,19.09,19.1,19.11,19.12,19.13,19.14,19.15,900,2300,8500,600,5300,2100,22500,13100,400,2100,2400,3100,3700,4500,26400,3500,4300,1100,5500,3300
208.0,19.04,154900,2953659.0,19.04,19.03,19.02,19.01,19.0,18.97,18.96,18.95,18.94,18.93,19.06,19.07,19.08,19.09,19.1,19.11,19.12,19.13,19.14,19.15,900,2300,8500,600,5300,2100,22500,13100,400,2100,2400,3100,3700,4500,26400,3500,4300,1100,5500,3300
209.0,19.04,154900,2953659.0,19.04,19.03,19.02,19.01,19.0,18.97,18.96,18.95,18.94,18.93,19.06,19.07,19.08,19.09,19.1,19.11,19.12,19.13,19.14,19.15,900,2300,8500,600,5300,2100,22500,13100,400,2100,1200,4100,3400,4500,26400,3500,4300,1100,5500,3300
210.0,19.04,154900,2953659.0,19.04,19.03,19.02,19.01,19.0,18.97,18.96,18.95,18.94,18.93,19.06,19.07,19.08,19.09,19.1,19.11,19.12,19.13,19.14,19.15,1200,2300,8500,600,5300,2100,22500,13100,400,2100,1200,4100,3400,4500,26400,3500,4300,1100,5500,3300
211.0,19.04,155000,2955563.0,19.04,19.03,19.02,19.01,19.0,18.97,18.96,18.95,18.94,18.93,19.06,19.07,19.08,19.09,19.1,19.11,19.12,19.13,19.14,19.15,1100,2300,8500,600,5300,2100,22500,13100,400,2100,1200,4100,3400,4500,26400,3500,4300,1100,5500,3300
212.0,19.04,155000,2955563.0,19.04,19.03,19.02,19.01,19.0,18.97,18.96,18.95,18.94,18.93,19.06,19.07,19.08,19.09,19.1,19.11,19.12,19.13,19.14,19.15,1100,2300,8500,600,5300,2100,22500,13100,400,2100,100,4100,3400,4500,26400,3500,4300,1100,5500,3300
213.0,19.04,155000,2955563.0,19.04,19.03,19.02,19.01,19.0,18.97,18.96,18.95,18.94,18.93,19.06,19.07,19.08,19.09,19.1,19.11,19.12,19.13,19.14,19.15,1100,2400,8500,600,5300,2100,22500,13100,400,2100,100,4100,3400,4500,26400,3500,4300,1100,5500,3300
214.0,19.04,155100,2957467.0,19.04,19.03,19.02,19.01,19.0,18.97,18.96,18.95,18.94,18.93,19.06,19.07,19.08,19.09,19.1,19.11,19.12,19.13,19.14,19.15,1000,2400,8500,600,5300,2100,22500,13100,400,2100,100,4100,3400,4500,26400,3500,4300,1100,5500,3300
215.0,19.04,155200,2959371.0,19.04,19.03,19.02,19.01,19.0,18.97,18.96,18.95,18.94,18.93,19.06,19.07,19.08,19.09,19.1,19.11,19.12,19.13,19.14,19.15,900,2400,8500,600,5300,2100,22500,13100,400,3200,300,4100,3400,4500,26400,600,4300,1100,5500,3300
216.0,19.04,155300,2961275.0,19.04,19.03,19.02,19.01,19.0,18.97,18.96,18.95,18.94,18.93,19.06,19.07,19.08,19.09,19.1,19.11,19.12,19.13,19.14,19.15,800,2400,8500,600,5300,2100,22500,13100,400,3200,300,4100,3400,4500,26400,600,4300,1100,5500,3300
217.0,19.06,155900,2972711.0,19.04,19.03,19.02,19.01,19.0,18.98,18.97,18.96,18.95,18.94,19.07,19.08,19.09,19.1,19.11,19.12,19.13,19.14,19.15,19.17,900,2400,8500,600,5300,500,2100,22500,13100,400,4100,3400,4500,26400,600,4300,1100,5500,3300,2500
218.0,19.07,156800,2989874.0,19.04,19.03,19.02,19.01,19.0,18.98,18.97,18.96,18.95,18.94,19.07,19.08,19.09,19.1,19.11,19.12,19.13,19.14,19.15,19.17,1300,2400,8500,600,5300,500,2100,22500,13100,400,4500,3400,4500,26400,600,4300,1100,5500,3300,2500
219.0,19.07,156800,2989874.0,19.04,19.03,19.02,19.01,19.0,18.98,18.97,18.96,18.95,18.94,19.07,19.08,19.09,19.1,19.11,19.12,19.13,19.14,19.15,19.17,1300,2400,8500,600,5300,500,2100,22500,13100,400,4500,3400,5500,26400,600,4300,1100,5500,3300,2500
220.0,19.07,156800,2989874.0,19.04,19.03,19.02,19.01,19.0,18.98,18.97,18.96,18.95,18.94,19.06,19.07,19.08,19.09,19.1,19.11,19.12,19.13,19.14,19.15,1300,2400,8500,600,5300,500,2100,22500,13100,400,1100,5000,3400,5500,26400,600,4300,1100,5500,3300
221.0,19.04,157000,2993682.0,19.05,19.04,19.03,19.02,19.01,19.0,18.98,18.97,18.96,18.95,19.06,19.07,19.08,19.09,19.1,19.11,19.12,19.13,19.14,19.15,100,13800,2300,8500,600,5300,500,2100,22500,13100,2100,5000,3400,5500,26400,600,4300,1100,5500,3300
222.0,19.04,157000,2993682.0,19.05,19.04,19.03,19.02,19.01,19.0,18.98,18.97,18.96,18.95,19.06,19.07,19.08,19.09,19.1,19.11,19.12,19.13,19.14,19.15,100,13800,2300,8500,600,5300,500,2100,22500,13100,2100,5000,3400,5500,29300,600,4300,1100,5500,3300
223.0,19.04,157000,2993682.0,19.05,19.04,19.03,19.02,19.01,19.0,18.98,18.97,18.96,18.95,19.06,19.07,19.08,19.09,19.1,19.11,19.12,19.13,19.14,19.15,100,14500,2300,8500,600,5300,500,2100,22500,13100,2100,5000,3400,5500,29300,600,4300,1100,5500,4700
224.0,19.04,157000,2993682.0,19.05,19.04,19.03,19.02,19.01,19.0,18.98,18.97,18.96,18.95,19.06,19.07,19.08,19.09,19.1,19.11,19.12,19.13,19.14,19.15,100,14500,2300,8500,600,5300,500,2100,22500,13100,2100,5000,3400,5500,29300,600,4300,1100,5500,4700
225.0,19.05,157100,2995587.0,19.04,19.03,19.02,19.01,19.0,18.98,18.97,18.96,18.95,18.94,19.05,19.06,19.07,19.08,19.09,19.1,19.11,19.12,19.13,19.14,14400,2300,8500,600,5300,500,2100,22500,13100,400,1300,2100,5000,3400,5500,29300,600,4300,1100,5500
226.0,19.05,157100,2995587.0,19.04,19.03,19.02,19.01,19.0,18.98,18.97,18.96,18.95,18.94,19.05,19.06,19.07,19.08,19.09,19.1,19.11,19.12,19.13,19.14,14400,2300,8500,600,5800,500,2100,22500,13100,400,1300,2100,5000,3400,5500,29300,600,4300,1100,5500
227.0,19.05,157100,2995587.0,19.04,19.03,19.02,19.01,19.0,18.98,18.97,18.96,18.95,18.94,19.05,19.06,19.07,19.08,19.09,19.1,19.11,19.12,19.13,19.14,16200,500,8500,600,5800,500,2100,22500,13100,400,1300,2100,5000,2800,5500,29300,600,4300,1100,5500
228.0,19.04,158600,3024147.0,19.04,19.03,19.02,19.01,19.0,18.98,18.97,18.96,18.95,18.94,19.05,19.06,19.07,19.09,19.1,19.11,19.12,19.13,19.14,19.15,14700,500,8500,600,5800,500,2100,22500,13100,400,1300,2100,5000,5500,29300,600,4300,1100,5000,4700
229.0,19.04,159800,3046995.0,19.04,19.03,19.02,19.01,19.0,18.98,18.97,18.96,18.95,18.94,19.05,19.06,19.07,19.09,19.1,19.11,19.12,19.13,19.14,19.15,13500,400,8500,600,5800,500,2100,22500,13100,400,1300,2100,5000,5500,29300,600,4300,1100,5000,4700
230.0,19.04,160100,3052707.0,19.04,19.03,19.02,19.01,19.0,18.98,18.97,18.96,18.95,18.94,19.05,19.06,19.07,19.09,19.1,19.11,19.12,19.13,19.14,19.15,13200,400,8500,600,5800,500,2100,22500,13100,400,1300,2100,5000,5500,29300,600,4300,1100,5000,4700
231.0,19.05,160200,3054612.0,19.04,19.03,19.02,19.01,19.0,18.98,18.97,18.96,18.95,18.94,19.05,19.06,19.07,19.09,19.1,19.11,19.12,19.13,19.14,19.15,13200,400,8500,600,5800,500,2100,22500,13100,400,1200,2100,5000,5500,29300,600,4300,1100,5000,4700
232.0,19.04,160600,3062228.0,19.04,19.03,19.02,19.01,19.0,18.98,18.97,18.96,18.95,18.94,19.05,19.06,19.07,19.09,19.1,19.11,19.12,19.13,19.14,19.15,12800,400,8500,600,5800,500,2100,22500,13100,400,1200,2100,5000,5500,29300,600,4300,1100,5000,4700
233.0,19.04,160600,3062228.0,19.04,19.03,19.02,19.01,19.0,18.98,18.97,18.96,18.95,18.94,19.05,19.06,19.07,19.09,19.1,19.11,19.12,19.13,19.14,19.15,12800,300,8500,600,5800,500,2100,22500,13100,400,1200,2100,5000,5500,13100,600,4300,1100,5000,4700
234.0,19.04,162000,3088885.0,19.04,19.03,19.02,19.01,19.0,18.98,18.97,18.96,18.95,18.94,19.05,19.06,19.07,19.09,19.1,19.11,19.12,19.13,19.14,19.15,11500,300,8500,600,5800,500,2100,22500,13100,400,2500,2100,3100,5500,13100,600,4300,1100,5000,4700
235.0,19.04,162000,3088885.0,19.04,19.03,19.02,19.01,19.0,18.98,18.97,18.96,18.95,18.94,19.05,19.06,19.07,19.09,19.1,19.11,19.12,19.13,19.14,19.15,11500,300,8500,600,5800,500,2100,22500,13100,400,2500,2100,3100,5500,13100,600,4300,1100,5000,4700
236.0,19.04,162500,3098405.0,19.04,19.03,19.02,19.01,19.0,18.98,18.97,18.96,18.95,18.94,19.05,19.06,19.07,19.09,19.1,19.11,19.12,19.13,19.14,19.15,11000,300,8500,600,5300,500,2100,22500,13100,400,2500,2100,3100,5500,13100,600,4300,1100,5000,4700
237.0,19.04,162500,3098405.0,19.04,19.03,19.02,19.01,19.0,18.98,18.97,18.96,18.95,18.94,19.05,19.06,19.07,19.09,19.1,19.11,19.12,19.13,19.14,19.15,11000,300,8500,600,5300,500,2100,22500,13100,400,2500,2100,3100,5500,13100,600,4300,1100,5000,4700
238.0,19.05,162700,3102215.0,19.04,19.03,19.02,19.01,19.0,18.98,18.97,18.96,18.95,18.94,19.05,19.06,19.07,19.09,19.1,19.11,19.12,19.13,19.14,19.15,11000,300,8500,600,5300,500,2100,22500,13100,400,2300,2100,3100,5500,13100,600,4300,1100,5000,4700
239.0,19.05,162700,3102215.0,19.04,19.03,19.02,19.01,19.0,18.98,18.97,18.96,18.95,18.94,19.05,19.06,19.07,19.09,19.1,19.11,19.12,19.13,19.14,19.15,11000,300,8500,600,5300,500,2100,22500,13100,400,2300,2100,3100,5500,13100,600,4300,1100,5000,4700
240.0,19.04,163800,3123159.0,19.04,19.03,19.02,19.01,19.0,18.98,18.97,18.96,18.95,18.94,19.05,19.06,19.07,19.09,19.1,19.11,19.12,19.13,19.14,19.15,9900,300,8500,600,5300,500,2100,22500,13100,400,2300,2100,3100,5500,13100,600,4300,1100,5000,4700
241.0,19.05,164000,3126969.0,19.04,19.03,19.02,19.01,19.0,18.98,18.97,18.96,18.95,18.94,19.05,19.06,19.07,19.09,19.1,19.11,19.12,19.13,19.14,19.15,9900,300,8500,600,5300,500,2100,22500,13100,400,2100,2400,3100,5500,13100,600,4300,1100,5000,4700
242.0,19.05,164000,3126969.0,19.04,19.03,19.02,19.01,19.0,18.98,18.97,18.96,18.95,18.94,19.05,19.06,19.07,19.08,19.09,19.1,19.11,19.12,19.13,19.14,8100,2100,8600,900,5300,500,2100,22500,13100,400,2100,2400,3400,1000,5500,13100,600,4300,1100,5000
243.0,19.04,164500,3136489.0,19.04,19.03,19.02,19.01,19.0,18.98,18.97,18.96,18.95,18.94,19.05,19.06,19.07,19.08,19.09,19.1,19.11,19.12,19.13,19.14,7600,2100,8600,900,5300,500,2100,22500,13100,400,2100,2400,3400,1000,5500,13100,600,4300,1100,5000
244.0,19.04,164500,3136489.0,19.04,19.03,19.02,19.01,19.0,18.98,18.97,18.96,18.95,18.94,19.05,19.06,19.07,19.08,19.09,19.1,19.11,19.12,19.13,19.14,7600,2100,8600,900,5300,500,2100,22500,13100,400,2100,1400,3400,1000,5500,13100,1100,4300,1100,5000
245.0,19.05,164700,3140299.0,19.04,19.03,19.02,19.01,19.0,18.98,18.97,18.96,18.95,18.94,19.05,19.06,19.07,19.08,19.09,19.1,19.11,19.12,19.13,19.14,7600,2100,8600,900,5300,500,2100,22500,13100,400,1900,1400,3400,1000,5500,13100,1100,4300,1100,5000
246.0,19.05,164700,3140299.0,19.04,19.03,19.02,19.01,19.0,18.98,18.97,18.96,18.95,18.94,19.05,19.06,19.07,19.08,19.09,19.1,19.11,19.12,19.13,19.14,7600,2100,8600,900,5300,500,2100,22500,13100,400,1900,1400,3400,1000,5500,13100,1100,4300,1100,5000
247.0,19.04,165800,3161243.0,19.04,19.03,19.02,19.01,19.0,18.98,18.97,18.96,18.95,18.94,19.05,19.06,19.07,19.08,19.09,19.1,19.11,19.12,19.13,19.14,6500,2100,8600,900,5300,500,2100,22500,13100,400,1900,1400,3400,1000,5500,13100,1100,4300,1100,5000
248.0,19.04,166500,3174577.0,19.04,19.03,19.02,19.01,19.0,18.98,18.97,18.96,18.95,18.94,19.05,19.06,19.07,19.08,19.09,19.1,19.11,19.12,19.13,19.14,6400,2100,8600,900,5300,500,2100,22500,13100,400,1400,1400,3400,1000,5500,13100,1100,4300,1100,5000
249.0,19.04,166500,3174577.0,19.04,19.03,19.02,19.01,19.0,18.98,18.97,18.96,18.95,18.94,19.05,19.06,19.07,19.08,19.09,19.1,19.11,19.12,19.13,19.14,6400,2100,8600,900,5300,500,2100,22500,13100,400,1400,1400,3400,1000,5500,13100,1100,4300,1100,5000
250.0,19.04,168200,3206945.0,19.04,19.03,19.02,19.01,19.0,18.98,18.97,18.96,18.95,18.94,19.05,19.06,19.07,19.08,19.09,19.1,19.11,19.12,19.13,19.14,4700,2300,8600,900,5300,500,2100,22500,13100,400,2400,1400,3400,1000,5500,13100,1100,4300,1100,5000
251.0,19.05,169700,3235507.0,19.04,19.03,19.02,19.01,19.0,18.98,18.97,18.96,18.95,18.94,19.05,19.06,19.07,19.08,19.09,19.1,19.11,19.12,19.13,19.14,3400,2300,8600,900,5300,500,2100,22500,13100,400,2200,1400,3400,1000,5500,13100,1100,4300,1100,5000
252.0,19.05,169700,3235507.0,19.04,19.03,19.02,19.01,19.0,18.98,18.97,18.96,18.95,18.94,19.05,19.06,19.07,19.08,19.09,19.1,19.11,19.12,19.13,19.14,3400,2300,8600,900,5300,500,2100,22500,13100,400,2200,1400,3400,1000,5500,13100,1100,4300,1100,5000
253.0,19.04,173100,3300243.0,19.03,19.02,19.01,19.0,18.98,18.97,18.96,18.95,18.94,18.93,19.04,19.05,19.06,19.07,19.08,19.09,19.1,19.11,19.12,19.13,2300,8500,900,5300,500,2100,22500,13100,400,3200,5100,2200,1400,3400,1000,5500,13100,1100,4300,1100
254.0,19.03,173700,3311666.0,19.03,19.02,19.01,19.0,18.98,18.97,18.96,18.95,18.94,18.93,19.04,19.05,19.06,19.07,19.08,19.09,19.1,19.11,19.12,19.13,2100,8500,900,5300,500,2100,22500,13100,400,3200,5000,1100,1400,3400,1000,5500,13100,1100,4300,1100
255.0,19.03,173700,3311666.0,19.03,19.02,19.01,19.0,18.98,18.97,18.96,18.95,18.94,18.93,19.04,19.05,19.06,19.07,19.08,19.09,19.1,19.11,19.12,19.13,2100,8500,900,5300,500,2100,22500,13100,400,3200,6600,1100,1400,3400,1000,5500,13100,1100,4300,1100
256.0,19.03,173700,3311666.0,19.03,19.02,19.01,19.0,18.98,18.97,18.96,18.95,18.94,18.93,19.04,19.05,19.06,19.07,19.08,19.09,19.1,19.11,19.12,19.13,2100,8500,900,5300,500,2100,22500,13100,400,3200,6600,1100,1400,3400,1000,5500,13100,1100,4300,1100
257.0,19.03,173700,3311666.0,19.03,19.02,19.01,19.0,18.98,18.97,18.96,18.95,18.94,18.93,19.04,19.05,19.06,19.07,19.08,19.09,19.1,19.11,19.12,19.13,3100,8500,900,5300,500,2100,22500,13100,400,3200,6600,1100,1400,3400,1000,5500,13100,1100,4300,1100
258.0,19.03,174500,3326895.0,19.03,19.02,19.01,19.0,18.98,18.97,18.96,18.95,18.94,18.93,19.04,19.05,19.06,19.07,19.08,19.09,19.1,19.11,19.12,19.13,2800,8500,900,5300,500,2100,22500,13100,400,3200,6000,1100,1400,3400,1000,5500,13100,1100,4300,1100
259.0,19.03,177300,3380179.0,19.02,19.01,19.0,18.98,18.97,18.96,18.95,18.94,18.93,18.92,19.03,19.04,19.05,19.06,19.07,19.08,19.09,19.1,19.11,19.12,8500,900,5300,500,2100,22500,13100,400,3200,13700,2200,6000,1100,1400,3400,1000,5500,13100,1100,4300
260.0,19.03,177300,3380179.0,19.02,19.01,19.0,18.98,18.97,18.96,18.95,18.94,18.93,18.92,19.03,19.04,19.05,19.06,19.07,19.08,19.09,19.1,19.11,19.12,16400,900,5300,500,2100,22500,13100,400,3200,13700,2200,6000,1100,1400,3400,1000,5500,13100,1100,4300
261.0,19.03,177600,3385888.0,19.02,19.01,19.0,18.98,18.97,18.96,18.95,18.94,18.93,18.92,19.03,19.04,19.05,19.06,19.07,19.08,19.09,19.1,19.11,19.12,16400,900,5300,500,2100,22500,13100,400,3200,13700,1900,6000,1100,1400,3400,1000,5500,13100,1100,4300
262.0,19.04,181500,3460125.0,19.03,19.02,19.01,19.0,18.98,18.97,18.96,18.95,18.94,18.93,19.04,19.05,19.06,19.07,19.08,19.09,19.1,19.11,19.12,19.13,1700,16400,900,5300,500,2100,22500,13100,400,3200,4000,1100,1400,3400,1000,5500,13100,1100,4300,1100
263.0,19.04,182000,3469642.0,19.03,19.02,19.01,19.0,18.98,18.97,18.96,18.95,18.94,18.93,19.04,19.05,19.06,19.07,19.08,19.09,19.1,19.11,19.12,19.13,1400,16500,900,5300,500,2100,22500,13100,400,3200,3800,1100,1400,3400,1000,5500,13100,1100,4300,1100
264.0,19.04,182500,3479162.0,19.03,19.02,19.01,19.0,18.98,18.97,18.96,18.95,18.94,18.93,19.04,19.05,19.06,19.07,19.08,19.09,19.1,19.11,19.12,19.13,1400,16500,900,5300,500,2100,22500,13100,400,3200,3300,2000,1400,3400,1000,5500,13100,1100,4300,1100
265.0,19.03,182600,3481065.0,19.03,19.02,19.01,19.0,18.98,18.97,18.96,18.95,18.94,18.93,19.04,19.05,19.06,19.07,19.08,19.09,19.1,19.11,19.12,19.13,1300,16500,900,5300,500,2100,22500,13100,400,3200,3300,2000,1400,3400,1000,5500,13100,1100,4300,1100
266.0,19.03,182600,3481065.0,19.03,19.02,19.01,19.0,18.98,18.97,18.96,18.95,18.94,18.93,19.04,19.05,19.06,19.07,19.08,19.09,19.1,19.11,19.12,19.13,1300,16500,900,5300,500,2100,22500,13100,400,3200,3300,2000,1400,3400,1000,5500,13100,1100,4300,1100
267.0,19.04,182700,3482969.0,19.03,19.02,19.01,19.0,18.98,18.97,18.96,18.95,18.94,18.93,19.04,19.05,19.06,19.07,19.08,19.09,19.1,19.11,19.12,19.13,2400,16500,900,5300,500,2100,23500,13100,400,3200,3200,2000,1400,3400,1000,5500,13100,1100,4300,1100
268.0,19.04,183000,3488681.0,19.03,19.02,19.01,19.0,18.98,18.97,18.96,18.95,18.94,18.93,19.04,19.05,19.06,19.07,19.08,19.09,19.1,19.11,19.12,19.13,2400,16500,900,5300,500,2100,23500,13100,400,3200,2900,2000,1400,3400,1000,5500,13100,1100,4300,1100
269.0,19.03,185400,3534353.0,19.02,19.01,19.0,18.98,18.97,18.96,18.95,18.94,18.93,18.92,19.03,19.04,19.05,19.06,19.07,19.08,19.09,19.1,19.11,19.12,16500,900,5300,500,2100,23500,13100,400,3200,13700,500,2900,2000,1400,3400,1000,5500,13100,1100,4300
270.0,19.03,185400,3534353.0,19.02,19.01,19.0,18.98,18.97,18.96,18.95,18.94,18.93,18.92,19.03,19.04,19.05,19.06,19.07,19.08,19.09,19.1,19.11,19.12,16500,800,5300,500,2100,23500,13100,400,3200,13700,500,2900,2000,1400,3400,1000,5500,13100,1100,4300
271.0,19.03,185400,3534353.0,19.02,19.01,19.0,18.98,18.97,18.96,18.95,18.94,18.93,18.92,19.03,19.04,19.05,19.06,19.07,19.08,19.09,19.1,19.11,19.12,16500,800,5300,4200,2100,23500,13100,400,3200,13700,500,2900,2000,1400,3400,1000,5500,13100,1100,4300
272.0,19.02,185500,3536255.0,19.02,19.01,19.0,18.98,18.97,18.96,18.95,18.94,18.93,18.92,19.03,19.04,19.05,19.06,19.07,19.08,19.09,19.1,19.11,19.12,16400,800,5300,4200,2100,23500,13100,400,3200,13700,500,3100,2000,1400,3400,1000,5500,13100,1100,4300
273.0,19.02,186000,3545765.0,19.02,19.01,19.0,18.98,18.97,18.96,18.95,18.94,18.93,18.92,19.03,19.04,19.05,19.06,19.07,19.08,19.09,19.1,19.11,19.12,15900,800,5300,4200,2100,23500,13100,400,3200,13700,4500,3100,2000,1400,3400,1000,5500,13100,1100,4300
274.0,19.02,187400,3572397.0,19.02,19.01,19.0,18.98,18.97,18.96,18.95,18.94,18.93,18.92,19.03,19.04,19.05,19.06,19.07,19.08,19.09,19.1,19.11,19.12,14900,800,5300,4200,2100,23500,13100,400,3200,13700,4100,3300,2000,1400,3400,1000,5500,13100,1100,4300
275.0,19.02,187400,3572397.0,19.02,19.01,19.0,18.98,18.97,18.96,18.95,18.94,18.93,18.92,19.03,19.04,19.05,19.06,19.07,19.08,19.09,19.1,19.11,19.12,14900,800,5300,4200,2100,23500,13100,400,3200,13700,4200,3300,1900,1400,3400,1000,5500,13100,1100,4300
276.0,19.02,187900,3581907.0,19.02,19.01,19.0,18.98,18.97,18.96,18.95,18.94,18.93,18.92,19.03,19.04,19.05,19.06,19.07,19.08,19.09,19.1,19.11,19.12,14400,800,5300,4200,2100,23500,13100,400,3200,13700,4200,3300,1900,1400,3400,1000,5500,13100,1100,4300
277.0,19.03,188500,3593325.0,19.02,19.01,19.0,18.98,18.97,18.96,18.95,18.93,18.92,18.91,19.03,19.04,19.05,19.06,19.07,19.08,19.09,19.1,19.11,19.12,14400,800,5300,4200,2100,23500,13100,3200,13700,2900,3600,3300,1900,1400,3400,1000,5500,13100,1100,4300
278.0,19.02,188600,3595227.0,19.02,19.01,19.0,18.98,18.97,18.96,18.95,18.93,18.92,18.91,19.03,19.04,19.05,19.06,19.07,19.08,19.09,19.1,19.11,19.12,14300,800,5300,4200,2100,23500,13100,3200,13700,2900,3600,3100,1900,1400,3400,1000,5500,13100,1100,4300
279.0,19.02,188600,3595227.0,19.02,19.01,19.0,18.98,18.97,18.96,18.95,18.93,18.92,18.91,19.03,19.04,19.05,19.06,19.07,19.08,19.09,19.1,19.11,19.12,14300,500,5300,4200,2100,23500,13100,3200,13700,2900,3600,3100,1900,1400,3400,1000,10500,13100,1100,4300
280.0,19.03,189700,3616155.0,19.02,19.01,19.0,18.98,18.97,18.96,18.95,18.93,18.92,18.91,19.03,19.04,19.05,19.06,19.07,19.08,19.09,19.1,19.11,19.12,13800,500,5300,4200,2100,23500,13100,3200,13700,2900,3200,3100,1900,1400,3400,1000,10500,13100,1100,4300
281.0,19.02,190100,3623763.0,19.02,19.01,19.0,18.98,18.97,18.96,18.95,18.93,18.92,18.91,19.03,19.04,19.05,19.06,19.07,19.08,19.09,19.1,19.11,19.12,13400,500,5300,4200,2100,23500,13100,3200,13700,2900,3200,3100,1900,1400,3400,1000,10500,13100,1100,4300
282.0,19.02,190100,3623763.0,19.02,19.01,19.0,18.98,18.97,18.96,18.95,18.93,18.92,18.91,19.03,19.04,19.05,19.06,19.07,19.08,19.09,19.1,19.11,19.12,13400,500,5300,4200,2100,23500,13100,3200,13700,2900,4200,3100,1900,1400,3400,1000,10500,13100,1100,4300
283.0,19.02,190700,3635175.0,19.02,19.01,19.0,18.98,18.97,18.96,18.95,18.93,18.92,18.91,19.03,19.04,19.05,19.06,19.07,19.08,19.09,19.1,19.11,19.12,13800,500,5300,4200,2100,23500,13100,3200,13700,2900,4200,3100,1900,1400,3400,1000,10500,13100,1100,4300
284.0,19.03,191100,3642787.0,19.02,19.01,19.0,18.98,18.97,18.96,18.95,18.93,18.92,18.91,19.03,19.04,19.05,19.06,19.07,19.08,19.09,19.1,19.11,19.12,13800,500,5300,4200,2100,23500,13100,3200,13700,2900,3800,3100,1900,1400,3400,1000,10500,13100,1100,4300
285.0,19.02,191300,3646591.0,19.02,19.01,19.0,18.98,18.97,18.96,18.95,18.93,18.92,18.91,19.03,19.04,19.05,19.06,19.07,19.08,19.09,19.1,19.11,19.12,13600,500,5300,4200,2100,22500,13100,3200,13700,2900,3800,3100,1900,1400,3400,1000,10500,13100,1100,4300
286.0,19.02,192300,3665611.0,19.02,19.01,19.0,18.98,18.97,18.96,18.95,18.93,18.92,18.91,19.03,19.04,19.05,19.06,19.07,19.08,19.09,19.1,19.11,19.12,12600,500,5300,4200,2100,22500,13100,3200,13700,2900,3800,3100,1900,1400,3400,1000,10500,13100,1100,4300
287.0,19.02,192900,3677026.0,19.02,19.01,19.0,18.98,18.97,18.96,18.95,18.93,18.92,18.91,19.03,19.04,19.05,19.06,19.07,19.08,19.09,19.1,19.11,19.12,12300,500,5300,4200,2100,22500,13100,3200,13700,2900,3500,3100,1900,1400,3400,1000,10500,13100,1100,4300
288.0,19.02,193400,3686536.0,19.02,19.01,19.0,18.98,18.97,18.96,18.95,18.93,18.92,18.91,19.03,19.04,19.05,19.06,19.07,19.08,19.09,19.1,19.11,19.12,11800,500,5300,4200,2100,22500,13100,3200,13700,2900,3500,3100,1900,1400,3400,1000,10500,13100,1100,4300
289.0,19.02,196500,3745499.0,19.02,19.01,19.0,18.98,18.97,18.96,18.95,18.93,18.92,18.91,19.03,19.04,19.05,19.06,19.07,19.08,19.09,19.1,19.11,19.12,8800,500,5300,4200,2100,22500,13100,3200,13700,2900,3400,3100,1900,1400,3400,1000,10500,13100,1100,4300
290.0,19.02,197400,3762620.0,19.02,19.01,19.0,18.98,18.97,18.96,18.95,18.93,18.92,18.91,19.03,19.04,19.05,19.06,19.07,19.08,19.09,19.1,19.11,19.12,8200,500,5300,4200,2100,22500,13100,3200,13700,2900,4800,3100,1900,1400,3400,1000,10500,13100,1100,4300
291.0,19.02,197400,3762620.0,19.02,19.01,19.0,18.98,18.97,18.96,18.95,18.93,18.92,18.91,19.03,19.04,19.05,19.06,19.07,19.08,19.09,19.1,19.11,19.12,8200,500,5300,4200,2100,22500,13100,3200,13700,2900,4800,3100,1900,1400,3400,5500,10500,13100,1100,4300
292.0,19.02,197400,3762620.0,19.02,19.01,19.0,18.98,18.97,18.96,18.95,18.93,18.92,18.91,19.03,19.04,19.05,19.06,19.07,19.08,19.09,19.1,19.11,19.12,8200,500,5300,4200,2100,22500,13100,3200,13700,2900,4800,3100,1900,1400,3400,5500,10500,13100,1100,4300
293.0,19.02,197700,3768326.0,19.02,19.01,19.0,18.98,18.97,18.96,18.95,18.93,18.92,18.91,19.03,19.04,19.05,19.06,19.07,19.08,19.09,19.1,19.11,19.12,7900,500,5300,4200,2100,22500,13100,3200,13700,2900,4800,3100,1900,1400,3400,5500,10500,13100,1100,4300
294.0,19.03,198100,3775938.0,19.02,19.01,19.0,18.98,18.97,18.96,18.95,18.93,18.92,18.91,19.03,19.04,19.05,19.06,19.07,19.08,19.09,19.1,19.11,19.12,7900,500,5300,4200,2100,22500,13100,3200,13700,2900,4400,3100,1900,1400,3400,5500,10500,13100,1100,4300
295.0,19.02,200600,3823488.0,19.02,19.01,19.0,18.98,18.97,18.96,18.95,18.93,18.92,18.91,19.03,19.04,19.05,19.06,19.07,19.08,19.09,19.1,19.11,19.12,5400,500,5300,4200,2100,22500,13100,3200,13700,2900,4400,3100,1900,1400,3400,5500,10500,13100,1100,4300
296.0,19.02,201100,3832998.0,19.02,19.01,19.0,18.98,18.97,18.96,18.95,18.93,18.92,18.91,19.03,19.04,19.05,19.06,19.07,19.08,19.09,19.1,19.11,19.12,4900,500,5300,4200,2100,22500,13100,3200,13700,2900,4800,3100,1900,1400,3400,5500,10500,13100,1100,4300
297.0,19.03,201500,3840610.0,19.02,19.01,19.0,18.98,18.97,18.96,18.95,18.93,18.92,18.91,19.03,19.04,19.05,19.06,19.07,19.08,19.09,19.1,19.11,19.12,4900,500,5300,4200,2100,22500,13100,3200,13700,2900,4400,3100,1900,1400,3400,5500,10500,13100,1100,4300
298.0,19.02,204900,3905278.0,19.02,19.01,19.0,18.98,18.97,18.96,18.95,18.93,18.92,18.91,19.03,19.04,19.05,19.06,19.07,19.08,19.09,19.1,19.11,19.12,1500,500,5300,4200,2100,22500,13100,3200,13700,2900,4400,3100,1900,1400,3400,5500,10500,13100,1100,4300
299.0,19.02,204900,3905278.0,19.02,19.01,19.0,18.98,18.97,18.96,18.95,18.93,18.92,18.91,19.03,19.04,19.05,19.06,19.07,19.08,19.09,19.1,19.11,19.12,1500,500,5300,4200,2100,22500,13100,3200,13700,2900,3400,3100,1900,1400,3400,5500,10500,13100,1100,4300
300.0,19.02,204900,3905278.0,19.02,19.01,19.0,18.98,18.97,18.96,18.95,18.93,18.92,18.91,19.03,19.04,19.05,19.06,19.07,19.08,19.09,19.1,19.11,19.12,1500,500,5300,4200,2100,22500,13100,3200,13700,2900,3400,3100,1900,1400,3400,5500,10500,13100,1100,4300
301.0,19.02,205400,3914791.0,19.02,19.01,19.0,18.99,18.98,18.97,18.96,18.95,18.93,18.92,19.03,19.04,19.05,19.06,19.07,19.08,19.09,19.1,19.11,19.12,1300,500,5300,300,4200,2100,22500,13100,3200,13700,3100,3100,1900,1400,3400,5500,10500,13100,1100,4300
302.0,19.02,205800,3922399.0,19.02,19.01,19.0,18.99,18.98,18.97,18.96,18.95,18.93,18.92,19.03,19.04,19.05,19.06,19.07,19.08,19.09,19.1,19.11,19.12,900,500,5300,300,4200,2100,22500,13100,3200,13700,3100,3100,1900,1400,3400,5600,10500,13100,1100,4300
303.0,19.02,205800,3922399.0,19.02,19.01,19.0,18.99,18.98,18.97,18.96,18.95,18.93,18.92,19.03,19.04,19.05,19.06,19.07,19.08,19.09,19.1,19.11,19.12,900,500,5300,300,4200,2100,22500,13100,3200,13700,3100,3100,1900,1400,3400,5600,10500,13100,1100,4300
304.0,19.02,207100,3947128.0,19.01,19.0,18.99,18.98,18.97,18.96,18.95,18.93,18.92,18.91,19.02,19.03,19.04,19.05,19.06,19.07,19.08,19.09,19.1,19.11,500,5300,300,4200,2100,22500,13100,3200,13700,2900,3200,2800,3100,1900,1400,3400,5600,10500,13100,1100
305.0,19.02,207500,3954736.0,19.01,19.0,18.99,18.98,18.97,18.96,18.95,18.93,18.92,18.91,19.02,19.03,19.04,19.05,19.06,19.07,19.08,19.09,19.1,19.11,500,5300,300,4200,2100,22500,13100,3200,13700,2900,2800,2800,3100,1900,1400,3400,5600,10500,13100,1100
306.0,19.02,207500,3954736.0,19.01,19.0,18.99,18.98,18.97,18.96,18.95,18.93,18.92,18.91,19.02,19.03,19.04,19.05,19.06,19.07,19.08,19.09,19.1,19.11,500,5300,300,4200,2100,22500,13100,3200,13700,2900,2800,2800,3100,1900,1400,3400,5600,10500,13100,1100
307.0,19.02,207700,3958540.0,19.01,19.0,18.99,18.98,18.97,18.96,18.95,18.93,18.92,18.91,19.02,19.03,19.04,19.05,19.06,19.07,19.08,19.09,19.1,19.11,500,5300,300,4200,2100,22500,13100,3200,13700,2900,2600,2800,3100,1900,1400,3400,5600,10500,13100,1100
308.0,19.02,207700,3958540.0,19.01,19.0,18.99,18.98,18.97,18.96,18.95,18.93,18.92,18.91,19.02,19.03,19.04,19.05,19.06,19.07,19.08,19.09,19.1,19.11,600,5300,300,4200,2100,22500,13100,3200,13700,2900,2600,2100,3100,1900,1400,3400,5600,10500,13100,1100
309.0,19.02,207800,3960442.0,19.01,19.0,18.99,18.98,18.97,18.96,18.95,18.93,18.92,18.91,19.02,19.03,19.04,19.05,19.06,19.07,19.08,19.09,19.1,19.11,600,5300,300,4200,2100,22500,13100,3200,13700,2900,6200,2100,3100,1900,1400,3400,5600,10500,13100,1100
310.0,19.02,208800,3979462.0,19.01,19.0,18.99,18.98,18.97,18.96,18.95,18.93,18.92,18.91,19.02,19.03,19.04,19.05,19.06,19.07,19.08,19.09,19.1,19.11,6600,5300,300,4200,2100,22500,13100,3200,13700,2900,5200,2100,3100,1900,1400,3400,5600,10500,13100,1100
311.0,19.01,209900,4000383.0,19.01,19.0,18.99,18.98,18.97,18.96,18.95,18.93,18.92,18.91,19.02,19.03,19.04,19.05,19.06,19.07,19.08,19.09,19.1,19.11,3100,5300,300,4200,2100,22500,13100,3200,13700,2900,8200,2100,3100,1900,1400,3400,5600,10500,13100,1100
312.0,19.01,209900,4000383.0,19.01,19.0,18.99,18.98,18.97,18.96,18.95,18.93,18.92,18.91,19.02,19.03,19.04,19.05,19.06,19.07,19.08,19.09,19.1,19.11,3100,5300,300,4200,2100,22500,13100,3200,13700,2900,8200,2100,3100,1900,1400,3400,5600,10500,13100,1100
313.0,19.01,209900,4000383.0,19.01,19.0,18.99,18.98,18.97,18.96,18.95,18.93,18.92,18.91,19.02,19.03,19.04,19.05,19.06,19.07,19.08,19.09,19.1,19.11,3100,5300,300,4200,2100,22500,13100,3200,13700,2900,24200,2100,3100,1900,1100,3400,5600,10500,13100,1100
314.0,19.01,211300,4027008.0,19.01,19.0,18.99,18.98,18.97,18.96,18.95,18.93,18.92,18.91,19.02,19.03,19.04,19.05,19.06,19.07,19.08,19.09,19.1,19.11,2800,5300,300,4200,2100,22500,13100,3200,13700,2900,23100,2100,3100,1900,1100,3400,5600,10500,13100,1100
315.0,19.01,211300,4027008.0,19.01,19.0,18.99,18.98,18.97,18.96,18.95,18.93,18.92,18.91,19.02,19.03,19.04,19.05,19.06,19.07,19.08,19.09,19.1,19.11,2800,5300,300,4200,2100,22500,13100,3200,13700,2900,23100,2100,3100,1900,1100,3400,5600,10500,14100,1100
316.0,19.01,211900,4038414.0,19.01,19.0,18.98,18.97,18.96,18.95,18.93,18.92,18.91,18.9,19.02,19.03,19.04,19.05,19.06,19.07,19.08,19.09,19.1,19.11,2300,5300,4200,2100,22500,13100,3200,13700,2900,3000,23100,2100,3100,1900,1100,3400,5600,10500,14100,1100
317.0,19.02,215500,4106884.0,19.01,19.0,18.98,18.97,18.96,18.95,18.93,18.92,18.91,18.9,19.02,19.03,19.04,19.05,19.06,19.07,19.08,19.09,19.1,19.11,2600,5300,4200,2100,22500,13100,3200,13700,2900,3000,19700,2100,3100,1900,1100,3400,5600,10500,14100,1100
318.0,19.01,216500,4125894.0,19.01,19.0,18.98,18.97,18.96,18.95,18.93,18.92,18.91,18.9,19.02,19.03,19.04,19.05,19.06,19.07,19.08,19.09,19.1,19.11,1600,5300,4200,2100,22500,13100,3200,13700,2900,3000,19700,2100,3100,1900,1100,3400,5600,10500,14100,1100
319.0,19.01,216500,4125894.0,19.01,19.0,18.98,18.97,18.96,18.95,18.93,18.92,18.91,18.9,19.02,19.03,19.04,19.05,19.06,19.07,19.08,19.09,19.1,19.11,1600,5300,4200,2100,22500,13100,3200,13700,2900,3000,19700,2100,3100,1900,1100,3400,5600,10500,14100,1100
320.0,19.01,216500,4125894.0,19.01,19.0,18.98,18.97,18.96,18.95,18.93,18.92,18.91,18.9,19.02,19.03,19.04,19.05,19.06,19.07,19.08,19.09,19.1,19.11,2300,10900,4200,2100,22500,13100,3200,13700,2900,3000,19800,2100,3100,1900,1100,3400,5600,10500,14100,1100
321.0,19.02,217000,4135404.0,19.01,19.0,18.98,18.97,18.96,18.95,18.93,18.92,18.91,18.9,19.02,19.03,19.04,19.05,19.06,19.07,19.08,19.09,19.1,19.11,2300,10900,4200,2100,22500,13100,3200,13700,2900,3000,19300,2100,3100,1900,1100,3400,5600,10500,14100,1100
322.0,19.01,218200,4158226.0,19.01,19.0,18.98,18.97,18.96,18.95,18.93,18.92,18.91,18.9,19.02,19.03,19.04,19.05,19.06,19.07,19.08,19.09,19.1,19.11,2100,10900,4200,2100,22500,13100,3200,13700,2900,3000,18300,2100,3100,1900,1100,3400,5600,11500,14100,1100
323.0,19.01,218200,4158226.0,19.01,19.0,18.98,18.97,18.96,18.95,18.93,18.92,18.91,18.9,19.02,19.03,19.04,19.05,19.06,19.07,19.08,19.09,19.1,19.11,2400,10900,4200,2100,22500,13100,3200,13700,2900,3000,18500,2100,3100,1900,1100,3400,5600,11500,14100,1100
324.0,19.02,218700,4167736.0,19.01,19.0,18.98,18.97,18.96,18.95,18.93,18.92,18.91,18.9,19.02,19.03,19.04,19.05,19.06,19.07,19.08,19.09,19.1,19.11,2400,10900,4200,2100,22500,13100,3200,13700,2900,3000,18000,2100,3100,1900,1100,3400,5600,11500,14100,1100
325.0,19.01,218900,4171538.0,19.01,19.0,18.98,18.97,18.96,18.95,18.93,18.92,18.91,18.9,19.02,19.03,19.04,19.05,19.06,19.07,19.08,19.09,19.1,19.11,2200,10900,4200,2100,22500,13100,3200,13700,2900,3000,18000,2100,3100,1900,1100,3400,5600,11500,14100,1100
326.0,19.02,219000,4173440.0,19.01,19.0,18.98,18.97,18.96,18.95,18.93,18.92,18.91,18.9,19.02,19.03,19.04,19.05,19.06,19.07,19.08,19.09,19.1,19.11,2200,10900,4200,2100,22500,13100,3200,13700,2900,3000,17900,2100,3100,1900,1100,3400,5600,11500,14100,1100
327.0,19.02,219000,4173440.0,19.01,19.0,18.98,18.97,18.96,18.95,18.93,18.92,18.91,18.9,19.02,19.03,19.04,19.05,19.06,19.07,19.08,19.09,19.1,19.11,2200,10900,4200,2100,22500,13100,3200,13700,2900,3000,17900,2100,3100,1900,1100,3400,5600,11500,14100,1100
328.0,19.02,219500,4182950.0,19.01,19.0,18.98,18.97,18.96,18.95,18.93,18.92,18.91,18.9,19.02,19.03,19.04,19.05,19.06,19.07,19.08,19.09,19.1,19.11,2200,10900,4200,2100,22500,13100,3200,13700,2900,3000,17400,2100,1500,1900,1100,3400,5600,11500,14100,1100
329.0,19.02,219600,4184852.0,19.01,19.0,18.98,18.97,18.96,18.95,18.93,18.92,18.91,18.9,19.02,19.03,19.04,19.05,19.06,19.07,19.08,19.09,19.1,19.11,2200,8300,4200,2100,22500,13100,3200,13700,2900,3000,2100,2100,1500,1900,1100,3400,5600,11500,14100,1100
330.0,19.02,219600,4184852.0,19.01,19.0,18.98,18.97,18.96,18.95,18.93,18.92,18.91,18.9,19.02,19.03,19.04,19.05,19.06,19.07,19.08,19.09,19.1,19.11,2200,8300,4200,2100,22500,13100,3200,13700,2900,3000,2100,2100,1500,1900,1100,3400,5600,11500,14100,1100
331.0,19.01,219800,4188654.0,19.01,19.0,18.98,18.97,18.96,18.95,18.93,18.92,18.91,18.9,19.02,19.03,19.04,19.05,19.06,19.07,19.08,19.09,19.1,19.11,2000,8300,4200,2100,22500,13100,3200,13700,2900,3000,2100,2100,1500,1900,1100,3400,5600,11500,14100,1700
332.0,19.01,220300,4198162.0,19.01,19.0,18.98,18.97,18.96,18.95,18.93,18.92,18.91,18.9,19.02,19.03,19.04,19.05,19.06,19.07,19.08,19.09,19.1,19.11,1800,8300,4200,2100,22500,13100,3200,13700,2900,3000,1900,2100,1500,1900,1100,3400,5600,11500,14100,1700
333.0,19.02,222200,4234300.0,19.02,19.01,19.0,18.98,18.97,18.96,18.95,18.93,18.92,18.91,19.03,19.04,19.05,19.06,19.07,19.08,19.09,19.1,19.11,19.12,1500,1800,8300,4200,2100,22500,13100,3200,13700,2900,2100,1500,1900,1100,3400,5600,11500,14100,1700,4300
334.0,19.02,222200,4234300.0,19.02,19.01,19.0,18.98,18.97,18.96,18.95,18.93,18.92,18.91,19.03,19.04,19.05,19.06,19.07,19.08,19.09,19.1,19.11,19.12,1500,1800,8300,4200,2100,22500,13100,3200,13700,2900,2100,1500,1900,1100,3400,5600,12500,14100,1700,4300
335.0,19.03,222500,4240009.0,19.02,19.01,19.0,18.98,18.97,18.96,18.95,18.93,18.92,18.91,19.03,19.04,19.05,19.06,19.07,19.08,19.09,19.1,19.11,19.12,1500,1800,8300,4200,2100,22500,13100,3200,13700,2900,1800,1500,1900,1100,3400,5600,12500,14100,1700,4300
336.0,19.03,222500,4240009.0,19.02,19.01,19.0,18.98,18.97,18.96,18.95,18.93,18.92,18.91,19.03,19.04,19.05,19.06,19.07,19.08,19.09,19.1,19.11,19.12,1500,1800,8300,4200,2100,22500,13100,3200,13700,2900,1800,1500,1900,1100,3400,5600,12500,14100,1700,4300
337.0,19.02,224000,4268539.0,19.01,19.0,18.98,18.97,18.96,18.95,18.94,18.93,18.92,18.91,19.03,19.04,19.05,19.06,19.07,19.08,19.09,19.1,19.11,19.12,1800,8300,4200,2100,22500,13100,300,3200,13700,2900,1800,1500,1900,1100,3400,5600,12500,14100,1700,4300
338.0,19.02,224000,4268539.0,19.01,19.0,18.98,18.97,18.96,18.95,18.94,18.93,18.92,18.91,19.02,19.03,19.04,19.05,19.06,19.07,19.08,19.09,19.1,19.11,2500,8300,4200,2100,22500,13100,300,3200,13700,2900,300,2500,1500,1900,1100,3400,5600,12500,14100,1700
339.0,19.02,224000,4268539.0,19.01,19.0,18.98,18.97,18.96,18.95,18.94,18.93,18.92,18.91,19.02,19.03,19.04,19.05,19.06,19.07,19.08,19.09,19.1,19.11,2500,8800,4200,2100,22500,13100,300,3200,13700,2900,300,2500,1500,1900,1100,3400,5600,12500,14100,1700
340.0,19.01,224200,4272341.0,19.01,19.0,18.98,18.97,18.96,18.95,18.94,18.93,18.92,18.91,19.02,19.03,19.04,19.05,19.06,19.07,19.08,19.09,19.1,19.11,2300,8800,4200,2100,22500,13100,300,3200,13700,2900,300,2500,1500,1900,1100,3400,5600,12500,14100,1700
341.0,19.02,224400,4276144.0,19.01,19.0,18.98,18.97,18.96,18.95,18.94,18.93,18.92,18.91,19.02,19.03,19.04,19.05,19.06,19.07,19.08,19.09,19.1,19.11,2200,8800,4200,2100,22500,13100,300,3200,13700,2900,200,2500,1500,1900,1100,3400,5600,12500,14100,1700
342.0,19.02,224500,4278046.0,19.01,19.0,18.98,18.97,18.96,18.95,18.94,18.93,18.92,18.91,19.02,19.03,19.04,19.05,19.06,19.07,19.08,19.09,19.1,19.11,2200,8800,4200,2100,22500,13100,300,3200,13700,2900,100,2500,1500,1900,1100,3400,5600,12500,14100,1700
343.0,19.02,224500,4278046.0,19.01,19.0,18.98,18.97,18.96,18.95,18.94,18.93,18.92,18.91,19.02,19.03,19.04,19.05,19.06,19.07,19.08,19.09,19.1,19.11,2200,8800,4200,2100,22500,13100,300,3200,13700,2900,100,2500,1500,1900,1100,3400,5600,12500,14100,1700
344.0,19.02,224500,4278046.0,19.01,19.0,18.98,18.97,18.96,18.95,18.94,18.93,18.92,18.91,19.02,19.03,19.04,19.05,19.06,19.07,19.08,19.09,19.1,19.11,2200,8800,4200,2100,22500,13100,300,3200,13700,2900,1100,2500,1500,1900,1100,3400,5600,12500,14100,1700
345.0,19.02,224700,4281850.0,19.01,19.0,18.98,18.97,18.96,18.95,18.94,18.93,18.92,18.91,19.02,19.03,19.04,19.05,19.06,19.07,19.08,19.09,19.1,19.11,2200,8800,4200,2100,22500,13100,300,3200,13700,2900,900,2500,1500,1900,1100,3400,5600,12500,14100,1700
346.0,19.01,226900,4323672.0,19.0,18.98,18.97,18.96,18.95,18.94,18.93,18.92,18.91,18.9,19.01,19.02,19.03,19.04,19.05,19.06,19.07,19.08,19.09,19.1,8800,4200,2100,22500,13100,300,3200,13700,2900,3000,12500,900,2500,1500,1900,1100,3400,5600,12500,14100
347.0,19.0,227400,4333172.0,19.0,18.98,18.97,18.96,18.95,18.94,18.93,18.92,18.91,18.9,19.01,19.02,19.03,19.04,19.05,19.06,19.07,19.08,19.09,19.1,10400,4200,2100,22500,13100,300,3200,13700,2900,3000,13200,900,2500,1500,1900,1100,3400,5600,12500,14100
348.0,19.0,227600,4336972.0,19.0,18.98,18.97,18.96,18.95,18.94,18.93,18.92,18.91,18.9,19.01,19.02,19.03,19.04,19.05,19.06,19.07,19.08,19.09,19.1,10200,4200,2100,22500,13100,300,3200,13700,2900,3000,13200,900,2500,1500,1900,1100,3400,5600,12500,14100
349.0,19.01,228100,4346477.0,19.0,18.98,18.97,18.96,18.95,18.94,18.93,18.92,18.91,18.9,19.01,19.02,19.03,19.04,19.05,19.06,19.07,19.08,19.09,19.1,10200,4200,2100,22500,13100,300,3200,13700,2900,3000,12700,900,2500,1500,1900,1100,3400,5600,12500,14100
350.0,19.01,228100,4346477.0,19.0,18.98,18.97,18.96,18.95,18.94,18.93,18.92,18.91,18.9,19.01,19.02,19.03,19.04,19.05,19.06,19.07,19.08,19.09,19.1,11200,4200,2100,22500,13100,300,3200,13700,2900,3000,12700,900,2500,1500,1900,1100,3400,5600,12500,14100
351.0,19.01,228600,4355982.0,19.0,18.98,18.97,18.96,18.95,18.94,18.93,18.92,18.91,18.9,19.01,19.02,19.03,19.04,19.05,19.06,19.07,19.08,19.09,19.1,11200,4200,2100,22500,13100,300,3200,13700,2900,3000,12200,900,2500,1500,900,1100,3400,5600,12500,14100
352.0,19.01,228600,4355982.0,19.0,18.98,18.97,18.96,18.95,18.94,18.93,18.92,18.91,18.9,19.01,19.02,19.03,19.04,19.05,19.06,19.07,19.08,19.09,19.1,11200,4200,2100,22500,13100,300,3200,13700,2900,3000,12200,900,2500,1500,900,1100,3400,5600,12500,14100
353.0,19.0,229300,4369287.0,19.0,18.98,18.97,18.96,18.95,18.94,18.93,18.92,18.91,18.9,19.01,19.02,19.03,19.04,19.05,19.06,19.07,19.08,19.09,19.1,11000,4200,2100,22500,13100,300,3200,13700,2900,3000,11700,1900,2500,1300,900,1100,3400,5600,12500,14100
354.0,19.0,229800,4378787.0,19.0,18.98,18.97,18.96,18.95,18.94,18.93,18.92,18.91,18.9,19.01,19.02,19.03,19.04,19.05,19.06,19.07,19.08,19.09,19.1,10500,4200,2100,22500,13100,300,3200,13700,2900,3000,11700,1900,2500,1300,900,1100,3400,5600,12500,14100
355.0,19.01,230000,4382589.0,19.0,18.98,18.97,18.96,18.95,18.94,18.93,18.92,18.91,18.9,19.01,19.02,19.03,19.04,19.05,19.06,19.07,19.08,19.09,19.1,10500,4200,2100,22500,13100,300,3200,13700,2900,3000,11500,1900,2500,1300,900,1100,3400,5600,12500,14100
356.0,19.01,230500,4392094.0,19.0,18.98,18.97,18.96,18.95,18.94,18.93,18.92,18.91,18.9,19.01,19.02,19.03,19.04,19.05,19.06,19.07,19.08,19.09,19.1,10500,4200,2100,22500,13100,300,3200,13700,2900,3000,11400,1900,2500,1300,900,1100,3400,5600,12500,14100
357.0,19.0,231600,4413004.0,19.0,18.98,18.97,18.96,18.95,18.94,18.93,18.92,18.91,18.9,19.01,19.02,19.03,19.04,19.05,19.06,19.07,19.08,19.09,19.1,10400,4200,2100,22500,13100,300,3200,13700,2900,3000,10600,1900,2500,1300,900,1100,3400,5600,12500,14100
358.0,19.0,231600,4413004.0,19.0,18.98,18.97,18.96,18.95,18.94,18.93,18.92,18.91,18.9,19.01,19.02,19.03,19.04,19.05,19.06,19.07,19.08,19.09,19.1,10400,4200,2100,22500,13100,300,3200,13700,2900,3000,10600,1900,2500,1300,900,1100,3400,5600,12500,14100
359.0,19.0,232000,4420604.0,19.0,18.98,18.97,18.96,18.95,18.94,18.93,18.92,18.91,18.9,19.01,19.02,19.03,19.04,19.05,19.06,19.07,19.08,19.09,19.1,10000,4200,2100,22500,13100,300,3200,13700,2900,3000,10600,1900,2500,1300,900,1100,3400,5600,12500,14100
360.0,19.01,232500,4430109.0,19.0,18.98,18.97,18.96,18.95,18.94,18.93,18.92,18.91,18.9,19.01,19.02,19.03,19.04,19.05,19.06,19.07,19.08,19.09,19.1,11000,4200,2100,22500,13100,300,3200,13700,2900,3000,10100,1900,2500,1300,900,1100,3400,5600,12500,14100
361.0,19.01,232500,4430109.0,19.0,18.98,18.97,18.96,18.95,18.94,18.93,18.92,18.91,18.9,19.01,19.02,19.03,19.04,19.05,19.06,19.07,19.08,19.09,19.1,11600,4200,2100,22500,13100,300,3200,13700,2900,3000,10100,2900,2500,1300,900,1100,3400,5600,12500,14100
362.0,19.0,233000,4439609.0,19.0,18.99,18.98,18.97,18.96,18.95,18.94,18.93,18.92,18.91,19.01,19.02,19.03,19.04,19.05,19.06,19.07,19.08,19.09,19.1,11100,300,4200,2100,22500,13100,300,3200,13700,2900,10100,2900,2500,1300,900,1100,3400,5600,12500,14100
363.0,19.01,233500,4449114.0,19.0,18.99,18.98,18.97,18.96,18.95,18.94,18.93,18.92,18.91,19.01,19.02,19.03,19.04,19.05,19.06,19.07,19.08,19.09,19.1,11100,300,4200,2100,22500,13100,300,3200,13700,3200,9600,2900,2500,1300,900,1100,3400,5600,12500,14100
364.0,19.0,233700,4452914.0,19.0,18.99,18.98,18.97,18.96,18.95,18.94,18.93,18.92,18.91,19.01,19.02,19.03,19.04,19.05,19.06,19.07,19.08,19.09,19.1,10900,300,4200,2100,22500,13100,300,3200,13700,3200,11000,2900,2500,1300,900,1100,3400,5600,12500,14100
365.0,19.0,240700,4585914.0,19.0,18.99,18.98,18.97,18.96,18.95,18.94,18.93,18.92,18.91,19.01,19.02,19.03,19.04,19.05,19.06,19.07,19.08,19.09,19.1,3900,300,4200,2100,22500,13100,300,3200,13700,3200,11000,2900,2500,1300,900,1100,3400,5600,12500,14100
366.0,19.0,240700,4585914.0,19.0,18.99,18.98,18.97,18.96,18.95,18.94,18.93,18.92,18.91,19.01,19.02,19.03,19.04,19.05,19.06,19.07,19.08,19.09,19.1,3900,300,4200,2100,22500,13100,300,3200,13700,3200,11000,2900,2500,1300,900,1100,3400,5600,12500,14100
367.0,19.0,242200,4614419.0,19.0,18.98,18.97,18.96,18.95,18.94,18.93,18.92,18.91,18.9,19.01,19.02,19.03,19.04,19.05,19.06,19.07,19.08,19.09,19.1,2900,4200,2100,22500,13100,300,3200,13700,3200,3100,12500,2900,2500,1300,900,1100,3400,1100,12500,14100
368.0,19.0,243500,4639129.0,19.0,18.98,18.97,18.96,18.95,18.94,18.93,18.92,18.91,18.9,19.01,19.02,19.03,19.04,19.05,19.06,19.07,19.08,19.09,19.1,2600,4200,2100,22500,13100,300,3200,13700,3200,3100,10100,2900,2500,1300,900,1100,3400,1100,12500,14100
369.0,19.0,246100,4688529.0,18.98,18.97,18.96,18.95,18.94,18.93,18.92,18.91,18.9,18.89,19.0,19.01,19.02,19.03,19.04,19.05,19.06,19.07,19.08,19.09,4200,2100,22500,13100,300,3200,13700,3200,3100,100,700,10100,2900,2500,1300,900,1100,3400,1100,12500
370.0,19.0,246100,4688529.0,18.98,18.97,18.96,18.95,18.94,18.93,18.92,18.91,18.9,18.89,19.0,19.01,19.02,19.03,19.04,19.05,19.06,19.07,19.08,19.09,5300,2100,22500,13100,300,3200,13700,3200,3100,100,2200,10100,2900,2500,1300,900,1100,3400,1100,12500
371.0,19.0,246100,4688529.0,18.98,18.97,18.96,18.95,18.94,18.93,18.92,18.91,18.9,18.89,19.0,19.01,19.02,19.03,19.04,19.05,19.06,19.07,19.08,19.09,5300,2100,22500,13100,300,3200,13700,3200,3100,100,2300,10100,2900,2500,1300,900,1100,3400,1100,12500
372.0,19.0,246100,4688529.0,18.98,18.97,18.96,18.95,18.94,18.93,18.92,18.91,18.9,18.89,19.0,19.01,19.02,19.03,19.04,19.05,19.06,19.07,19.08,19.09,6100,2100,22500,13100,300,3200,13700,3200,3100,100,3100,10100,2900,2500,1300,900,1100,3400,1100,12500
373.0,19.0,246400,4694229.0,18.98,18.97,18.96,18.95,18.94,18.93,18.92,18.91,18.9,18.89,19.0,19.01,19.02,19.03,19.04,19.05,19.06,19.07,19.08,19.09,6300,2100,22500,13100,300,3200,13700,3200,3100,100,4100,10100,2900,2500,1300,900,1100,3400,1100,12500
374.0,19.0,246400,4694229.0,18.98,18.97,18.96,18.95,18.94,18.93,18.92,18.91,18.9,18.89,19.0,19.01,19.02,19.03,19.04,19.05,19.06,19.07,19.08,19.09,6300,2100,22500,13100,300,3200,13700,3200,3100,100,4100,10100,2900,2500,1300,900,1100,3400,1100,12500
375.0,19.0,246500,4696129.0,18.98,18.97,18.96,18.95,18.94,18.93,18.92,18.91,18.9,18.89,19.0,19.01,19.02,19.03,19.04,19.05,19.06,19.07,19.08,19.09,6900,2100,22500,13100,300,3200,13700,3200,3100,100,6200,10100,1900,2500,1300,900,1100,3400,1100,12500
376.0,18.96,277500,5284072.0,18.96,18.95,18.94,18.93,18.92,18.91,18.9,18.89,18.88,18.86,18.99,19.0,19.01,19.02,19.03,19.04,19.05,19.06,19.07,19.08,1400,13100,300,3200,13700,3200,3100,100,9300,1800,4300,49500,10100,1900,2500,1300,900,1100,3400,1100
377.0,18.96,277500,5284072.0,18.96,18.95,18.94,18.93,18.92,18.91,18.9,18.89,18.88,18.86,18.99,19.0,19.01,19.02,19.03,19.04,19.05,19.06,19.07,19.08,2600,13100,300,3200,13700,3200,3100,100,9300,1800,5600,49500,10100,1900,2500,1300,900,1100,3400,1100
378.0,18.96,277500,5284072.0,18.96,18.95,18.94,18.93,18.92,18.91,18.9,18.89,18.88,18.86,18.99,19.0,19.01,19.02,19.03,19.04,19.05,19.06,19.07,19.08,2900,13100,300,3200,13700,3200,3100,100,9300,1800,5900,49500,10100,1900,2500,1300,900,1100,3400,1100
379.0,18.96,277500,5284072.0,18.96,18.95,18.94,18.93,18.92,18.91,18.9,18.89,18.88,18.86,18.99,19.0,19.01,19.02,19.03,19.04,19.05,19.06,19.07,19.08,3700,13100,300,3200,13700,3200,3100,100,9300,1800,6700,49500,10100,1900,2500,1300,900,1100,3400,1100
380.0,18.96,279200,5316349.0,18.96,18.95,18.94,18.93,18.92,18.91,18.9,18.89,18.88,18.86,18.98,18.99,19.0,19.01,19.02,19.03,19.04,19.05,19.06,19.07,4100,13100,300,3200,13700,3200,3100,100,9300,1800,400,3300,49500,10100,1900,2100,1300,900,1100,3400
381.0,18.96,279300,5318245.0,18.96,18.95,18.94,18.93,18.92,18.91,18.9,18.89,18.88,18.86,18.98,18.99,19.0,19.01,19.02,19.03,19.04,19.05,19.06,19.07,4400,13100,300,3200,13700,3200,3100,100,9300,1800,400,3300,50500,10100,1900,2100,1300,900,1100,3400
382.0,18.96,279300,5318245.0,18.96,18.95,18.94,18.93,18.92,18.91,18.9,18.89,18.88,18.86,18.98,18.99,19.0,19.01,19.02,19.03,19.04,19.05,19.06,19.07,4900,13100,300,3200,13700,3200,3100,100,9300,1800,900,3300,50500,10100,1900,2100,1300,900,1100,3400
383.0,18.96,279800,5327725.0,18.96,18.95,18.94,18.93,18.92,18.91,18.9,18.89,18.88,18.86,18.98,18.99,19.0,19.01,19.02,19.03,19.04,19.05,19.06,19.07,4700,13100,300,3200,13700,3200,3100,100,9300,1800,1200,3300,50500,10100,1900,2100,1300,900,1100,3400
384.0,18.96,280600,5342893.0,18.96,18.95,18.94,18.93,18.92,18.91,18.9,18.89,18.88,18.86,18.98,18.99,19.0,19.01,19.02,19.03,19.04,19.05,19.06,19.07,5600,13100,300,3200,13700,3200,3100,100,9300,1800,1700,5300,50500,10100,900,2100,1300,900,1100,3400
385.0,18.96,281300,5356165.0,18.96,18.95,18.94,18.93,18.92,18.91,18.9,18.89,18.88,18.86,18.98,18.99,19.0,19.01,19.02,19.03,19.04,19.05,19.06,19.07,15200,13100,300,3200,13700,3200,3100,100,9300,1800,2000,5300,50500,10100,900,2100,1300,900,1100,3400
386.0,18.96,281800,5365649.0,18.96,18.95,18.94,18.93,18.92,18.91,18.9,18.89,18.88,18.86,18.98,18.99,19.0,19.01,19.02,19.03,19.04,19.05,19.06,19.07,14900,13100,300,3200,13700,3200,3100,100,9300,1800,1800,5300,50500,9900,900,2100,1300,900,1100,3400
387.0,18.96,281800,5365649.0,18.96,18.95,18.94,18.93,18.92,18.91,18.9,18.89,18.88,18.86,18.98,18.99,19.0,19.01,19.02,19.03,19.04,19.05,19.06,19.07,15400,13100,300,3200,13700,3200,3100,100,9300,1800,2300,5300,51000,9300,900,2100,1300,900,1100,3400
388.0,18.96,281800,5365649.0,18.96,18.95,18.94,18.93,18.92,18.91,18.9,18.89,18.88,18.86,18.98,18.99,19.0,19.01,19.02,19.03,19.04,19.05,19.06,19.07,15700,14100,300,3200,13700,4700,3100,100,9300,1800,2600,5300,51000,9300,900,2100,1300,900,1100,3400
389.0,18.96,282300,5375133.0,18.96,18.95,18.94,18.93,18.92,18.91,18.9,18.89,18.88,18.86,18.98,18.99,19.0,19.01,19.02,19.03,19.04,19.05,19.06,19.07,15800,14100,300,3200,13700,4700,3100,100,9300,1800,2800,5300,51000,9300,900,2100,1300,900,1100,3400
390.0,18.96,282300,5375133.0,18.96,18.95,18.94,18.93,18.92,18.91,18.9,18.89,18.88,18.86,18.98,18.99,19.0,19.01,19.02,19.03,19.04,19.05,19.06,19.07,16100,14100,300,3200,13700,4700,3100,100,9300,1800,3100,5300,51000,9300,900,2100,1300,1500,1100,3400
391.0,18.98,283400,5396001.0,18.96,18.95,18.94,18.93,18.92,18.91,18.9,18.89,18.88,18.86,18.98,18.99,19.0,19.01,19.02,19.03,19.04,19.05,19.06,19.07,16000,14100,300,3200,13700,4700,3100,100,9300,1800,2900,5300,49600,9300,900,2100,1300,1500,1100,3400
392.0,18.98,283400,5396001.0,18.96,18.95,18.94,18.93,18.92,18.91,18.9,18.89,18.88,18.86,18.98,18.99,19.0,19.01,19.02,19.03,19.04,19.05,19.06,19.07,16300,13900,300,2100,14700,4700,3100,100,9300,1800,3200,5300,49600,2500,900,2100,1300,1500,1100,3400
393.0,18.96,295700,5629215.0,18.96,18.95,18.94,18.93,18.92,18.91,18.9,18.89,18.88,18.86,18.98,18.99,19.0,19.01,19.02,19.03,19.04,19.05,19.06,19.07,4300,13900,300,2100,14700,4700,3100,100,9300,1800,5500,5300,49600,2500,900,2100,1300,1500,1100,3400
394.0,18.98,295900,5633011.0,18.96,18.95,18.94,18.93,18.92,18.91,18.9,18.89,18.88,18.86,18.98,18.99,19.0,19.01,19.02,19.03,19.04,19.05,19.06,19.07,4700,13900,300,2100,14700,4700,3100,100,9300,1800,5300,5300,49600,2500,900,2100,1300,1500,1100,3400
395.0,18.96,297500,5663347.0,18.96,18.95,18.94,18.93,18.92,18.91,18.9,18.89,18.88,18.86,18.98,18.99,19.0,19.01,19.02,19.03,19.04,19.05,19.06,19.07,3500,14000,300,2100,14700,4700,3100,100,9300,1800,5700,5300,49600,2500,900,2100,1300,1500,1100,3400
396.0,18.96,298500,5682307.0,18.96,18.95,18.94,18.93,18.92,18.91,18.9,18.89,18.88,18.86,18.98,18.99,19.0,19.01,19.02,19.03,19.04,19.05,19.06,19.07,2500,14000,300,2100,14700,3200,3100,100,9300,1800,5700,5300,49600,2500,900,2100,1300,1500,1100,3400
397.0,18.98,299500,5701287.0,18.96,18.95,18.94,18.93,18.92,18.91,18.9,18.89,18.88,18.86,18.98,18.99,19.0,19.01,19.02,19.03,19.04,19.05,19.06,19.07,3100,14000,300,2100,14700,3200,3100,100,9300,1800,5100,5300,49600,2500,900,2100,1300,1500,1100,3400
398.0,18.96,301700,5742999.0,18.96,18.95,18.94,18.93,18.92,18.91,18.9,18.89,18.88,18.86,18.98,18.99,19.0,19.01,19.02,19.03,19.04,19.05,19.06,19.07,11700,14000,300,2100,14700,3200,3100,100,9300,1800,5100,5300,49600,2100,900,2100,1300,1500,1100,3400
399.0,18.96,303200,5771439.0,18.96,18.95,18.94,18.93,18.92,18.91,18.9,18.89,18.88,18.86,18.98,18.99,19.0,19.01,19.02,19.03,19.04,19.05,19.06,19.07,12000,14100,300,2100,14700,3200,3100,100,9300,1800,5500,5300,49100,2100,900,2100,1300,1500,1100,3400
400.0,18.98,303700,5780929.0,18.96,18.95,18.94,18.93,18.92,18.91,18.9,18.89,18.88,18.86,18.98,18.99,19.0,19.01,19.02,19.03,19.04,19.05,19.06,19.07,12200,14100,300,2100,14700,3200,3100,100,9500,1800,5000,5300,49100,2100,900,2100,1300,1500,1100,3400
401.0,18.98,303700,5780929.0,18.96,18.95,18.94,18.93,18.92,18.91,18.9,18.89,18.88,18.86,18.98,18.99,19.0,19.01,19.02,19.03,19.04,19.05,19.06,19.07,10000,14100,300,2100,14700,3200,4300,100,9500,1800,5400,5700,49100,2100,900,2100,1300,1500,1100,3400
402.0,18.98,303700,5780929.0,18.96,18.95,18.94,18.93,18.92,18.91,18.9,18.89,18.88,18.86,18.98,18.99,19.0,19.01,19.02,19.03,19.04,19.05,19.06,19.07,10800,14100,300,2100,14700,3200,4300,100,9500,1800,5400,5700,49100,2100,900,2100,1300,1500,1100,3400
403.0,18.98,304700,5799909.0,18.96,18.95,18.94,18.93,18.92,18.91,18.9,18.89,18.88,18.86,18.98,18.99,19.0,19.01,19.02,19.03,19.04,19.05,19.06,19.07,10800,14100,300,2100,14700,3200,4300,100,9500,1800,4600,5700,51100,2100,900,2100,1300,1500,1100,3400
