LocalTime,LastPrice,TradeVolume,TradeValue,BidPrice1,BidPrice2,BidPrice3,BidPrice4,BidPrice5,BidPrice6,BidPrice7,BidPrice8,BidPrice9,BidPriceA,AskPrice1,AskPrice2,AskPrice3,AskPrice4,AskPrice5,AskPrice6,AskPrice7,AskPrice8,AskPrice9,AskPriceA,BidVolume1,BidVolume2,BidVolume3,BidVolume4,BidVolume5,BidVolume6,BidVolume7,BidVolume8,BidVolume9,BidVolumeA,AskVolume1,AskVolume2,AskVolume3,AskVolume4,AskVolume5,AskVolume6,AskVolume7,AskVolume8,AskVolume9,AskVolumeA
0.0,9.58,31800,304644.0,9.57,9.51,9.5,9.46,9.45,9.42,9.4,9.39,9.38,9.35,9.58,9.6,9.61,9.64,9.67,9.68,9.69,9.7,9.71,9.73,10900,3900,3000,200,2000,1800,400,1000,2000,1100,14000,7100,7500,500,1500,500,500,2700,200,600
1.0,9.58,38000,364000.0,9.57,9.53,9.51,9.5,9.46,9.45,9.42,9.4,9.39,9.38,9.58,9.6,9.61,9.64,9.66,9.67,9.68,9.69,9.7,9.71,7200,2200,3900,3000,200,2000,1800,400,1000,2000,14100,7100,7500,500,6200,1500,34800,500,2700,200
2.0,9.58,38600,369748.0,9.57,9.53,9.51,9.5,9.48,9.46,9.45,9.42,9.4,9.39,9.58,9.6,9.61,9.62,9.64,9.66,9.67,9.68,9.69,9.7,7200,2200,3900,3000,600,200,2000,1800,600,1000,29100,7100,4000,2700,500,6200,1500,34800,500,2700
3.0,9.57,39100,374533.0,9.57,9.53,9.51,9.5,9.48,9.46,9.45,9.42,9.4,9.39,9.58,9.6,9.61,9.62,9.64,9.66,9.67,9.68,9.69,9.7,6800,2200,3900,6000,600,11700,2000,1800,600,1000,29100,7100,4000,2700,500,6200,2800,34800,500,2700
4.0,9.57,49600,475092.0,9.57,9.53,9.51,9.5,9.48,9.46,9.45,9.42,9.4,9.39,9.58,9.6,9.61,9.62,9.64,9.66,9.67,9.68,9.69,9.7,3700,2200,4500,6000,600,11700,2600,1800,600,1000,21700,7100,4000,4100,500,6200,2800,36800,500,2700
5.0,9.58,55900,535385.0,9.53,9.51,9.5,9.48,9.46,9.45,9.42,9.4,9.39,9.38,9.58,9.6,9.61,9.62,9.64,9.65,9.66,9.67,9.68,9.69,2200,4500,6000,600,11700,2600,1800,600,1000,2000,21500,7100,4000,4100,500,600,6200,4400,36800,500
6.0,9.58,59100,566041.0,9.53,9.51,9.5,9.48,9.46,9.45,9.44,9.42,9.4,9.39,9.58,9.61,9.62,9.64,9.65,9.66,9.67,9.68,9.69,9.7,2200,4500,9000,600,11700,2600,400,3900,600,1000,18300,4000,4100,500,600,6200,4400,36800,500,2700
7.0,9.56,60300,577516.0,9.53,9.51,9.5,9.48,9.46,9.45,9.44,9.42,9.4,9.39,9.56,9.57,9.58,9.61,9.62,9.64,9.65,9.66,9.67,9.68,2000,15100,9000,600,11700,2600,400,3900,600,1000,1900,1100,18300,4000,2700,500,600,11200,4400,36800
8.0,9.53,60700,581328.0,9.53,9.51,9.5,9.48,9.46,9.45,9.44,9.42,9.4,9.39,9.56,9.57,9.58,9.61,9.62,9.64,9.65,9.66,9.67,9.68,1600,15100,9000,600,11700,2600,400,3900,600,1000,1900,1400,18300,4000,2700,500,600,11200,4400,36800
9.0,9.56,64200,614705.0,9.51,9.5,9.48,9.46,9.45,9.44,9.42,9.4,9.39,9.38,9.56,9.57,9.58,9.61,9.62,9.64,9.65,9.66,9.67,9.68,14400,9000,600,11700,5600,400,3900,600,1000,2000,700,4500,18300,4000,4700,500,600,11200,4400,36800
10.0,9.56,64900,621397.0,9.56,9.54,9.53,9.52,9.51,9.5,9.48,9.46,9.45,9.44,9.57,9.58,9.61,9.62,9.64,9.65,9.66,9.67,9.68,9.69,13400,2300,3100,3700,14100,9000,600,11700,5600,400,700,18300,4000,4700,500,600,11200,4400,37100,500
11.0,9.57,66800,639568.0,9.57,9.56,9.54,9.52,9.51,9.5,9.48,9.46,9.45,9.44,9.58,9.61,9.62,9.64,9.65,9.66,9.67,9.68,9.69,9.7,300,19000,2300,900,12700,9000,600,11700,5600,400,6100,4000,4700,500,600,11200,4400,37100,500,2700
12.0,9.57,67500,646272.0,9.57,9.56,9.54,9.51,9.5,9.48,9.46,9.45,9.44,9.42,9.58,9.61,9.62,9.64,9.65,9.66,9.67,9.68,9.69,9.7,1400,24000,2300,11900,9000,600,11700,5600,400,3900,5600,4000,4700,500,600,11200,4400,37100,500,2700
13.0,9.58,73100,699920.0,9.58,9.57,9.56,9.54,9.51,9.5,9.48,9.46,9.45,9.44,9.61,9.62,9.64,9.65,9.66,9.67,9.68,9.69,9.7,9.71,500,28700,17400,2300,12400,9000,600,11700,5600,400,4000,4700,500,600,11200,4400,37100,500,2700,1200
14.0,9.61,73300,701842.0,9.58,9.57,9.56,9.54,9.51,9.5,9.48,9.46,9.45,9.44,9.61,9.62,9.64,9.65,9.66,9.67,9.68,9.69,9.7,9.71,700,28700,17400,2300,12400,9000,600,11700,5600,400,3800,4700,500,600,11200,4400,37100,500,2700,1200
15.0,9.61,73300,701842.0,9.58,9.57,9.56,9.54,9.51,9.5,9.48,9.46,9.45,9.44,9.61,9.62,9.64,9.65,9.66,9.67,9.68,9.69,9.7,9.71,700,28700,17400,2300,12400,9000,600,11700,5600,400,3800,4700,500,600,11200,4400,37100,500,2700,1200
16.0,9.61,77100,738360.0,9.61,9.58,9.57,9.56,9.54,9.51,9.5,9.48,9.46,9.45,9.62,9.64,9.65,9.66,9.67,9.68,9.69,9.7,9.71,9.72,1700,1000,28700,17100,2300,12400,9000,600,11700,5600,4700,500,600,11200,4400,37100,500,2700,1200,600
17.0,9.61,78100,747970.0,9.61,9.58,9.57,9.56,9.54,9.51,9.5,9.48,9.46,9.45,9.62,9.64,9.65,9.66,9.67,9.68,9.69,9.7,9.71,9.72,900,800,29000,17100,2300,12400,9000,600,11700,5600,4700,500,600,11200,4400,37100,500,2700,1200,600
18.0,9.61,78100,747970.0,9.61,9.58,9.57,9.56,9.54,9.51,9.5,9.48,9.46,9.45,9.62,9.64,9.65,9.66,9.67,9.68,9.69,9.7,9.71,9.72,900,800,29000,17100,2300,12400,9000,600,11700,5600,4700,500,600,11200,4400,37100,500,2700,1200,600
19.0,9.61,78300,749892.0,9.58,9.57,9.56,9.54,9.51,9.5,9.48,9.46,9.45,9.44,9.61,9.62,9.64,9.65,9.66,9.67,9.68,9.69,9.7,9.71,800,29000,17100,2300,12400,9000,600,11700,5600,400,100,4700,500,600,11200,4400,37100,500,2700,1200
20.0,9.58,79800,764262.0,9.58,9.57,9.56,9.54,9.51,9.5,9.48,9.46,9.45,9.44,9.61,9.62,9.64,9.65,9.66,9.67,9.68,9.69,9.7,9.71,400,29000,17100,1200,12400,9000,600,11700,5600,400,3400,4700,500,600,11200,4400,37100,500,2700,1200
21.0,9.58,79800,764262.0,9.58,9.57,9.56,9.54,9.51,9.5,9.48,9.46,9.45,9.42,9.61,9.62,9.64,9.65,9.66,9.67,9.68,9.69,9.7,9.71,400,29000,17100,1200,11900,9000,600,11700,5600,3900,3400,4700,500,600,11200,4400,37100,500,2700,1200
22.0,9.61,80100,767145.0,9.58,9.57,9.56,9.54,9.51,9.5,9.48,9.46,9.45,9.42,9.61,9.62,9.64,9.65,9.66,9.67,9.68,9.69,9.7,9.71,400,28400,17100,1200,11900,9000,600,11700,5600,3900,3200,4900,500,600,11200,4400,37100,500,2700,1200
23.0,9.61,80100,767145.0,9.58,9.57,9.56,9.54,9.51,9.5,9.48,9.46,9.45,9.42,9.61,9.62,9.64,9.65,9.66,9.67,9.68,9.69,9.7,9.71,400,28400,17100,1200,11900,9000,600,11700,5600,3900,3400,4700,500,5000,11200,4400,37100,500,2700,1200
24.0,9.61,80100,767145.0,9.58,9.57,9.56,9.54,9.51,9.5,9.48,9.46,9.45,9.42,9.6,9.61,9.62,9.64,9.65,9.66,9.67,9.68,9.69,9.7,400,28400,17100,1200,11900,9000,600,11700,5600,3900,600,1700,4700,500,5000,11200,4400,37100,500,2700
25.0,9.61,80100,767145.0,9.58,9.57,9.56,9.54,9.51,9.5,9.48,9.46,9.45,9.42,9.6,9.61,9.62,9.64,9.65,9.66,9.67,9.68,9.69,9.7,400,28400,17100,1200,11900,9000,600,11700,5600,3900,600,1700,4700,500,5000,11200,4400,37100,500,2700
26.0,9.61,80100,767145.0,9.58,9.57,9.56,9.54,9.51,9.5,9.48,9.46,9.45,9.42,9.6,9.61,9.62,9.64,9.65,9.66,9.67,9.68,9.69,9.7,400,28400,17100,1200,11900,9000,600,11700,5600,3900,600,600,4700,500,5000,11200,4400,37100,500,2700
27.0,9.57,81700,782461.0,9.57,9.56,9.54,9.51,9.5,9.48,9.46,9.45,9.42,9.4,9.58,9.6,9.61,9.62,9.64,9.65,9.66,9.67,9.68,9.69,27100,17100,1200,11900,9000,600,11700,5600,3900,600,21600,700,600,4700,500,5000,11200,4400,37100,500
28.0,9.57,81700,782461.0,9.57,9.56,9.54,9.51,9.5,9.48,9.46,9.45,9.42,9.4,9.58,9.6,9.61,9.62,9.64,9.65,9.66,9.67,9.68,9.69,27100,17100,1200,11900,9000,600,11700,5600,3900,600,21600,700,600,4700,500,5000,11200,4400,37100,500
29.0,9.57,83100,795859.0,9.57,9.56,9.54,9.51,9.5,9.48,9.46,9.45,9.42,9.4,9.58,9.6,9.61,9.62,9.64,9.65,9.66,9.67,9.68,9.69,25700,17100,1200,11900,9000,600,11700,5600,3900,600,21900,700,600,4700,500,5000,11200,4400,37100,500
30.0,9.57,85900,822655.0,9.57,9.56,9.54,9.51,9.5,9.48,9.46,9.45,9.42,9.4,9.58,9.6,9.61,9.62,9.64,9.65,9.66,9.67,9.68,9.69,800,17100,1200,11900,9000,600,11700,5600,3900,600,21900,700,600,4700,500,5000,11200,4400,37100,500
31.0,9.57,85900,822655.0,9.57,9.56,9.54,9.51,9.5,9.48,9.46,9.45,9.42,9.4,9.58,9.6,9.61,9.62,9.64,9.65,9.66,9.67,9.68,9.69,800,17100,1200,11900,9000,600,11700,5600,3900,600,21900,700,600,4700,500,5000,11200,4400,37100,500
32.0,9.56,90200,863831.0,9.56,9.54,9.51,9.5,9.48,9.46,9.45,9.42,9.4,9.39,9.57,9.58,9.6,9.61,9.62,9.64,9.65,9.66,9.67,9.68,16600,1200,11900,9000,600,11700,5600,3900,600,22300,1500,18900,700,600,4700,500,5000,11200,4400,37100
33.0,9.56,91500,876259.0,9.56,9.54,9.51,9.5,9.48,9.46,9.45,9.42,9.41,9.4,9.57,9.58,9.6,9.61,9.62,9.64,9.65,9.66,9.67,9.68,15300,1200,11900,9000,600,11700,5600,3900,20900,600,1700,18900,700,600,4700,500,5000,11200,4400,37100
34.0,9.56,91900,880083.0,9.56,9.54,9.51,9.5,9.48,9.46,9.45,9.42,9.41,9.4,9.57,9.58,9.6,9.61,9.62,9.64,9.65,9.66,9.67,9.68,14900,1200,11900,9000,600,11700,5600,3900,20900,600,1800,18900,700,600,4700,500,5000,11200,4400,37100
35.0,9.57,92300,883911.0,9.56,9.54,9.51,9.5,9.48,9.46,9.45,9.42,9.41,9.4,9.57,9.58,9.6,9.61,9.62,9.64,9.65,9.66,9.67,9.68,14900,1200,11900,9000,600,11700,5600,3900,20900,600,1400,18900,700,500,4700,500,5000,11200,4400,37100
36.0,9.57,92500,885825.0,9.56,9.54,9.51,9.5,9.48,9.46,9.45,9.42,9.41,9.4,9.57,9.58,9.6,9.61,9.62,9.64,9.65,9.66,9.67,9.68,14900,1200,11900,9000,600,11700,5600,3900,20900,600,1200,18900,700,300,4700,500,5000,11200,4400,37100
37.0,9.57,92500,885825.0,9.56,9.54,9.51,9.5,9.48,9.46,9.45,9.42,9.41,9.4,9.57,9.58,9.6,9.61,9.62,9.64,9.65,9.66,9.67,9.68,14900,1200,11900,9000,600,11700,5600,3900,20900,600,1300,18900,700,300,4700,500,5000,11200,4400,37100
38.0,9.57,92500,885825.0,9.56,9.54,9.51,9.5,9.48,9.46,9.45,9.42,9.41,9.4,9.57,9.58,9.6,9.61,9.62,9.64,9.65,9.66,9.67,9.68,14900,1200,11900,9000,600,11700,5600,3900,20900,600,800,18900,100,300,4700,500,5000,11200,4400,37100
39.0,9.57,92500,885825.0,9.56,9.54,9.51,9.5,9.48,9.47,9.46,9.45,9.43,9.42,9.57,9.58,9.6,9.61,9.62,9.64,9.65,9.66,9.67,9.68,14900,1200,11900,9000,600,21200,11700,5600,20500,3900,800,18900,100,300,4700,500,5000,11200,4400,37100
40.0,9.56,93500,895385.0,9.56,9.54,9.51,9.5,9.48,9.47,9.46,9.45,9.43,9.42,9.57,9.58,9.6,9.61,9.62,9.64,9.65,9.66,9.67,9.68,13900,1200,11900,9000,600,21200,11700,5600,20500,3900,800,18900,100,300,4700,500,5000,11200,4400,37100
41.0,9.58,94500,904958.0,9.57,9.56,9.54,9.51,9.5,9.48,9.47,9.46,9.45,9.43,9.6,9.61,9.62,9.64,9.65,9.66,9.67,9.68,9.69,9.7,2600,13900,1200,11900,9000,600,21200,11700,5600,20500,100,300,4700,500,5000,11200,4400,37100,500,2700
42.0,9.58,94500,904958.0,9.57,9.56,9.54,9.51,9.5,9.48,9.47,9.46,9.45,9.43,9.6,9.61,9.62,9.64,9.65,9.66,9.67,9.68,9.69,9.7,3100,13900,1200,11900,9000,600,21200,11700,5600,20500,100,300,4700,500,5000,11200,4400,37100,500,2700
43.0,9.58,94500,904958.0,9.58,9.57,9.56,9.54,9.51,9.5,9.48,9.47,9.46,9.45,9.6,9.61,9.62,9.64,9.65,9.66,9.67,9.68,9.69,9.7,200,3100,13900,1200,11900,9000,600,21200,11700,5600,100,300,4700,500,5000,11200,4400,37100,500,2700
44.0,9.58,94500,904958.0,9.58,9.57,9.56,9.54,9.51,9.5,9.48,9.47,9.46,9.45,9.6,9.61,9.62,9.64,9.65,9.66,9.67,9.68,9.69,9.7,200,1000,13900,1200,11900,9000,600,21200,11700,5600,100,300,4700,500,5000,11200,4400,37100,500,2700
45.0,9.58,94500,904958.0,9.58,9.57,9.56,9.54,9.51,9.5,9.48,9.47,9.46,9.45,9.6,9.61,9.62,9.64,9.65,9.66,9.67,9.68,9.69,9.7,200,1000,13900,1200,11900,9000,600,21200,11700,5600,100,300,4700,500,5000,11200,4400,37100,500,2700
46.0,9.58,94500,904958.0,9.58,9.57,9.56,9.54,9.51,9.5,9.48,9.47,9.46,9.45,9.6,9.61,9.62,9.64,9.65,9.66,9.67,9.68,9.69,9.7,200,900,13900,1200,11900,9000,600,21200,11700,5600,100,300,4700,500,5000,11200,4400,37100,500,2700
47.0,9.58,94500,904958.0,9.58,9.57,9.56,9.54,9.51,9.5,9.48,9.47,9.46,9.45,9.6,9.61,9.62,9.64,9.65,9.66,9.67,9.68,9.69,9.7,200,900,13900,1200,11900,9000,600,21200,11700,5600,100,300,4700,500,5000,11200,4400,37100,500,2700
48.0,9.58,94500,904958.0,9.58,9.57,9.56,9.54,9.51,9.5,9.48,9.47,9.46,9.45,9.6,9.61,9.62,9.64,9.65,9.66,9.67,9.68,9.69,9.7,200,900,13900,1200,11900,9000,600,21200,11700,5600,500,300,4700,500,5000,11200,4400,37100,500,2700
49.0,9.58,94500,904958.0,9.58,9.57,9.56,9.54,9.51,9.5,9.48,9.47,9.46,9.45,9.6,9.61,9.62,9.64,9.65,9.66,9.67,9.68,9.69,9.7,200,900,13900,1200,11900,9000,600,21200,11700,5600,500,300,4700,500,5000,11200,4400,37100,500,2700
50.0,9.58,94500,904958.0,9.58,9.57,9.56,9.54,9.51,9.5,9.48,9.47,9.46,9.45,9.6,9.61,9.62,9.64,9.65,9.66,9.67,9.68,9.69,9.7,200,900,13900,1200,11900,9000,600,21200,11700,5600,500,300,4700,500,5000,11200,4400,37100,500,2700
51.0,9.58,94500,904958.0,9.58,9.57,9.56,9.54,9.51,9.5,9.48,9.47,9.46,9.45,9.6,9.61,9.62,9.64,9.65,9.66,9.67,9.68,9.69,9.7,200,900,13900,1200,11900,9000,600,21200,11700,5600,500,300,4700,500,5000,11200,4400,37100,500,2700
52.0,9.58,94700,906874.0,9.57,9.56,9.54,9.51,9.5,9.48,9.47,9.46,9.45,9.43,9.58,9.6,9.61,9.62,9.64,9.65,9.66,9.67,9.68,9.69,900,13900,1200,11900,9000,600,21200,11700,5600,20500,21400,500,300,4700,500,5000,11200,4400,37100,500
53.0,9.58,116100,1111886.0,9.57,9.56,9.54,9.51,9.5,9.48,9.47,9.46,9.45,9.43,9.59,9.6,9.61,9.62,9.64,9.65,9.66,9.67,9.68,9.69,1100,13900,1200,11900,9000,600,21200,11700,5600,20500,600,500,300,4700,500,5000,11200,4400,37100,500
54.0,9.58,116100,1111886.0,9.57,9.56,9.54,9.51,9.5,9.48,9.47,9.46,9.45,9.43,9.59,9.6,9.61,9.62,9.64,9.65,9.66,9.67,9.68,9.69,1100,13900,1200,11900,9000,600,21200,11700,5600,20500,600,500,300,4700,500,5000,11200,4400,37100,500
55.0,9.59,116300,1113804.0,9.57,9.56,9.54,9.51,9.5,9.48,9.47,9.46,9.45,9.43,9.59,9.6,9.61,9.62,9.64,9.65,9.66,9.67,9.68,9.69,1100,13900,1200,11900,9000,600,21200,11700,5600,20500,400,900,300,4700,500,5000,11200,4400,37100,500
56.0,9.57,116400,1114761.0,9.57,9.56,9.54,9.51,9.5,9.48,9.47,9.46,9.45,9.43,9.59,9.6,9.61,9.62,9.64,9.65,9.66,9.67,9.68,9.69,1500,13900,1200,11900,9000,600,21200,11700,5600,20500,400,900,300,4700,500,5000,11200,4400,37100,500
57.0,9.57,116400,1114761.0,9.57,9.56,9.54,9.51,9.5,9.48,9.47,9.46,9.45,9.43,9.59,9.6,9.61,9.62,9.64,9.65,9.66,9.67,9.68,9.69,1500,13900,1200,11900,9000,600,21200,11700,5600,20500,400,900,300,4700,500,5000,11200,4400,37100,500
58.0,9.57,116400,1114761.0,9.57,9.56,9.54,9.51,9.5,9.48,9.47,9.46,9.45,9.43,9.59,9.6,9.61,9.62,9.64,9.65,9.66,9.67,9.68,9.69,1500,13900,1200,11900,9000,600,21200,11700,5600,20500,400,900,300,4700,500,5000,11200,4400,37100,500
59.0,9.57,116500,1115718.0,9.57,9.56,9.54,9.51,9.5,9.48,9.47,9.46,9.45,9.43,9.59,9.6,9.61,9.62,9.64,9.65,9.66,9.67,9.68,9.69,2500,13900,500,11900,9000,600,21200,11700,5600,20500,400,900,300,4700,500,5000,11200,4400,37100,500
60.0,9.57,116500,1115718.0,9.57,9.56,9.54,9.51,9.5,9.48,9.47,9.46,9.45,9.43,9.59,9.6,9.61,9.62,9.64,9.65,9.66,9.67,9.68,9.69,2500,13900,500,11900,9000,600,21200,11700,5600,20500,400,900,300,4700,500,5000,11200,4400,37100,500
61.0,9.57,116500,1115718.0,9.57,9.56,9.54,9.51,9.5,9.48,9.47,9.46,9.45,9.43,9.59,9.6,9.61,9.62,9.64,9.65,9.66,9.67,9.68,9.69,2500,13900,500,11900,9000,600,21200,11700,5600,20500,400,900,300,4700,500,5000,11200,4400,37100,500
62.0,9.57,117000,1120511.0,9.57,9.56,9.54,9.51,9.5,9.48,9.47,9.46,9.45,9.43,9.59,9.6,9.61,9.62,9.64,9.65,9.66,9.67,9.68,9.69,2400,13900,500,11900,9000,600,21200,11700,5600,20500,100,900,300,4700,500,5000,11200,4400,37100,500
63.0,9.57,117000,1120511.0,9.57,9.56,9.54,9.51,9.5,9.48,9.47,9.46,9.45,9.43,9.59,9.6,9.61,9.62,9.64,9.65,9.66,9.67,9.68,9.69,2400,13900,500,11900,9000,600,21200,11700,5600,20500,100,900,300,5700,500,5000,11200,4400,37100,500
64.0,9.57,117000,1120511.0,9.57,9.56,9.54,9.51,9.5,9.48,9.47,9.46,9.45,9.43,9.59,9.6,9.61,9.62,9.64,9.65,9.66,9.67,9.68,9.69,2400,13900,500,11900,9000,600,21200,11700,5600,20500,100,900,300,5700,500,5000,11200,4400,37100,500
65.0,9.57,117000,1120511.0,9.57,9.56,9.54,9.51,9.5,9.48,9.47,9.46,9.45,9.43,9.59,9.6,9.61,9.62,9.64,9.65,9.66,9.67,9.68,9.69,2400,13900,500,11900,9000,600,21200,11700,5600,20500,100,900,300,5700,500,5000,11200,4400,37100,500
66.0,9.57,117000,1120511.0,9.58,9.57,9.56,9.54,9.51,9.5,9.48,9.47,9.46,9.45,9.59,9.6,9.61,9.62,9.64,9.65,9.66,9.67,9.68,9.69,200,2100,13900,500,11900,9000,600,21200,11700,5600,100,900,300,5700,500,5000,11200,4400,37100,500
67.0,9.57,117000,1120511.0,9.58,9.57,9.56,9.54,9.51,9.5,9.48,9.47,9.46,9.45,9.59,9.6,9.61,9.62,9.64,9.65,9.66,9.67,9.68,9.69,600,2100,13900,500,11900,9000,600,21200,11700,5600,100,900,300,5700,500,5000,11200,4400,37100,500
68.0,9.59,119500,1144444.0,9.59,9.57,9.56,9.54,9.51,9.5,9.48,9.47,9.46,9.45,9.6,9.61,9.62,9.64,9.65,9.66,9.67,9.68,9.69,9.7,500,600,13900,3600,11900,9000,600,21200,11700,5600,900,300,5700,500,5000,11200,4400,37100,500,2700
69.0,9.59,120000,1149239.0,9.57,9.56,9.54,9.51,9.5,9.48,9.47,9.46,9.45,9.43,9.58,9.59,9.6,9.61,9.62,9.64,9.65,9.66,9.67,9.68,600,9200,3600,11900,9000,600,21200,11700,5600,20500,100,200,1900,300,5700,500,5000,11200,4400,37100
70.0,9.59,120000,1149239.0,9.57,9.56,9.54,9.51,9.5,9.48,9.47,9.46,9.45,9.43,9.58,9.59,9.6,9.61,9.62,9.64,9.65,9.66,9.67,9.68,600,9400,3600,11900,9000,600,21200,11700,5600,20500,100,200,1900,300,5700,500,5000,11200,4400,37100
71.0,9.59,120000,1149239.0,9.57,9.56,9.54,9.51,9.5,9.48,9.47,9.46,9.45,9.43,9.58,9.59,9.6,9.61,9.62,9.64,9.65,9.66,9.67,9.68,600,9400,3600,11900,9000,600,21200,11700,5600,20500,100,200,1900,4100,5700,500,5000,11200,4400,37100
72.0,9.59,120000,1149239.0,9.57,9.56,9.54,9.51,9.5,9.48,9.47,9.46,9.45,9.43,9.58,9.59,9.6,9.61,9.62,9.64,9.65,9.66,9.67,9.68,600,9400,3600,11900,9000,600,21200,11700,5600,20500,100,200,1900,4100,5700,500,5000,11200,4400,37100
73.0,9.59,121000,1158828.0,9.57,9.56,9.54,9.51,9.5,9.48,9.47,9.46,9.45,9.43,9.59,9.6,9.61,9.62,9.64,9.65,9.66,9.67,9.68,9.69,600,9400,3600,11900,9000,600,21200,11700,5600,20500,2000,1900,4100,5700,500,5000,11200,4400,37100,500
74.0,9.57,121600,1164578.0,9.57,9.56,9.54,9.51,9.5,9.48,9.47,9.46,9.45,9.43,9.59,9.6,9.61,9.62,9.64,9.65,9.66,9.67,9.68,9.69,400,9400,3600,11900,9000,600,21200,11700,5600,20500,1600,1900,4100,5700,500,5000,11200,4400,37100,500
75.0,9.57,121600,1164578.0,9.57,9.56,9.54,9.51,9.5,9.48,9.47,9.46,9.45,9.43,9.59,9.6,9.61,9.62,9.64,9.65,9.66,9.67,9.68,9.69,400,9400,3600,11900,9000,600,21200,11700,5600,20500,1600,1900,4100,5700,500,5000,11200,4400,37100,500
76.0,9.59,121700,1165537.0,9.57,9.56,9.54,9.51,9.5,9.48,9.47,9.46,9.45,9.43,9.59,9.6,9.61,9.62,9.64,9.65,9.66,9.67,9.68,9.69,400,9400,3600,11900,9000,600,21200,11700,5600,20500,1500,1900,4100,5700,500,5000,11200,4400,37100,500
77.0,9.59,121700,1165537.0,9.57,9.56,9.54,9.52,9.51,9.5,9.48,9.47,9.46,9.45,9.59,9.6,9.61,9.62,9.64,9.65,9.66,9.67,9.68,9.69,400,9400,3600,100,11900,9000,600,21700,11700,5600,1500,1900,4100,5700,500,5000,11200,4400,37100,500
78.0,9.59,121800,1166496.0,9.57,9.56,9.54,9.52,9.51,9.5,9.48,9.47,9.46,9.45,9.59,9.6,9.61,9.62,9.64,9.65,9.66,9.67,9.68,9.69,400,9400,3600,100,11900,9000,600,21700,11700,5600,1400,1900,4100,5700,500,5000,11200,4400,37100,500
79.0,9.59,121800,1166496.0,9.57,9.56,9.54,9.52,9.51,9.5,9.48,9.47,9.46,9.45,9.59,9.6,9.61,9.62,9.64,9.65,9.66,9.67,9.68,9.69,400,9200,3600,100,11900,9000,600,21700,11700,5600,1400,1900,4100,5700,500,5000,11200,4400,37100,500
80.0,9.56,123700,1184664.0,9.56,9.55,9.54,9.52,9.51,9.5,9.48,9.47,9.46,9.45,9.57,9.6,9.61,9.62,9.64,9.65,9.66,9.67,9.68,9.69,8300,400,3600,100,11900,9000,600,21700,12700,5600,1000,1900,4100,5700,500,5000,11200,4400,37100,500
81.0,9.56,124800,1195181.0,9.56,9.55,9.54,9.52,9.51,9.5,9.48,9.47,9.46,9.45,9.57,9.6,9.61,9.62,9.64,9.65,9.66,9.67,9.68,9.69,7600,1500,3600,100,11900,9000,600,21700,12700,5600,900,1900,4100,5700,500,5000,11200,4400,37100,500
82.0,9.56,124800,1195181.0,9.56,9.55,9.54,9.52,9.51,9.5,9.48,9.47,9.46,9.45,9.57,9.6,9.61,9.62,9.64,9.65,9.66,9.67,9.68,9.69,8200,1500,3100,100,11900,9000,600,21700,12700,5600,900,1900,4100,5700,500,5000,11200,4400,37100,500
83.0,9.57,126200,1208579.0,9.57,9.56,9.55,9.52,9.51,9.5,9.48,9.47,9.46,9.45,9.6,9.61,9.62,9.64,9.65,9.66,9.67,9.68,9.69,9.7,600,10000,2200,100,15000,9000,600,21700,12700,5600,1900,4100,5700,500,5000,11200,4400,37100,500,2700
84.0,9.57,126800,1214321.0,9.56,9.55,9.52,9.51,9.5,9.48,9.47,9.46,9.45,9.43,9.57,9.6,9.61,9.62,9.64,9.65,9.66,9.67,9.68,9.69,10000,2200,100,15000,9000,600,21700,12700,5600,20500,800,1900,4100,5700,500,5000,11200,4400,37100,500
85.0,9.57,126800,1214321.0,9.56,9.55,9.52,9.51,9.5,9.48,9.47,9.46,9.45,9.43,9.57,9.6,9.61,9.62,9.64,9.65,9.66,9.67,9.68,9.69,10000,2200,100,15000,9000,600,21700,12700,5600,20500,800,1900,4100,5700,500,5000,11200,4400,37100,500
86.0,9.57,126800,1214321.0,9.56,9.55,9.52,9.51,9.5,9.48,9.47,9.46,9.45,9.43,9.57,9.6,9.61,9.62,9.64,9.65,9.66,9.67,9.68,9.69,10100,2200,100,15000,9000,600,21700,12700,5600,20500,800,1900,4100,5700,500,5000,11200,4400,37100,500
87.0,9.57,126900,1215278.0,9.56,9.55,9.52,9.51,9.5,9.48,9.47,9.46,9.45,9.43,9.57,9.6,9.61,9.62,9.64,9.65,9.66,9.67,9.68,9.69,10100,2200,100,15000,9000,600,21700,12700,5600,20500,700,2900,4100,5700,500,5000,11200,4400,37100,500
88.0,9.57,126900,1215278.0,9.56,9.55,9.52,9.51,9.5,9.48,9.47,9.46,9.45,9.43,9.57,9.6,9.61,9.62,9.64,9.65,9.66,9.67,9.68,9.69,10100,2200,100,15000,9000,600,21700,12700,5600,20500,700,2600,4100,5700,500,5000,11200,4400,37100,500
89.0,9.57,126900,1215278.0,9.56,9.55,9.52,9.51,9.5,9.48,9.47,9.46,9.45,9.43,9.57,9.6,9.61,9.62,9.64,9.65,9.66,9.67,9.68,9.69,8300,2200,100,15000,9000,600,21700,12700,5600,20500,700,2600,4100,5700,500,5000,11200,4400,37100,500
90.0,9.56,128600,1231530.0,9.56,9.55,9.54,9.53,9.52,9.51,9.5,9.48,9.47,9.46,9.57,9.6,9.61,9.62,9.64,9.65,9.66,9.67,9.68,9.69,6600,4100,23500,700,100,15000,9000,600,21700,12700,700,2600,4100,5700,500,5000,11200,4400,37100,500
91.0,9.56,128600,1231530.0,9.56,9.55,9.54,9.53,9.52,9.51,9.5,9.48,9.47,9.46,9.57,9.6,9.61,9.62,9.64,9.65,9.66,9.67,9.68,9.69,6600,4200,23500,700,100,15000,9000,600,21700,12700,700,2600,4100,5700,500,5000,11200,4400,37100,500
92.0,9.57,129300,1238229.0,9.57,9.56,9.55,9.54,9.53,9.52,9.51,9.5,9.48,9.47,9.6,9.61,9.62,9.64,9.65,9.66,9.67,9.68,9.69,9.7,1700,6600,4200,23500,700,100,15000,9000,600,21700,2600,4100,5700,500,5000,11200,4400,37100,500,2700
93.0,9.6,129700,1242069.0,9.57,9.56,9.55,9.54,9.53,9.52,9.51,9.5,9.48,9.47,9.6,9.61,9.62,9.64,9.65,9.66,9.67,9.68,9.69,9.7,1700,6700,3800,23500,300,100,15000,9000,600,21700,2200,4100,5700,500,5000,11200,4400,37100,500,2700
94.0,9.6,129700,1242069.0,9.57,9.56,9.55,9.54,9.53,9.52,9.51,9.5,9.48,9.47,9.6,9.61,9.62,9.64,9.65,9.66,9.67,9.68,9.69,9.7,1700,6700,3800,23500,300,100,15000,9000,600,21700,2200,4100,6200,500,5000,11200,4400,37100,500,2700
95.0,9.57,130100,1245903.0,9.57,9.56,9.55,9.54,9.53,9.52,9.51,9.5,9.48,9.47,9.6,9.61,9.62,9.64,9.65,9.66,9.67,9.68,9.69,9.7,1500,6700,3800,23500,300,100,15000,9000,600,21700,2000,4100,6200,500,5000,11200,4400,37100,500,2700
96.0,9.57,130800,1252602.0,9.57,9.56,9.55,9.54,9.53,9.52,9.51,9.5,9.48,9.47,9.6,9.61,9.62,9.64,9.65,9.66,9.67,9.68,9.69,9.7,800,6700,3800,23500,300,100,15000,9000,600,21700,2000,4100,6200,500,5000,11200,4400,37100,500,2700
97.0,9.57,131300,1257387.0,9.57,9.56,9.55,9.54,9.53,9.52,9.51,9.5,9.48,9.47,9.6,9.61,9.62,9.64,9.65,9.66,9.67,9.68,9.69,9.7,300,6700,3800,23500,300,100,15000,9000,600,21700,2000,4100,6200,500,5000,11200,4400,37100,500,2700
98.0,9.57,132000,1264098.0,9.56,9.55,9.54,9.53,9.52,9.51,9.5,9.48,9.47,9.46,9.57,9.6,9.61,9.62,9.64,9.65,9.66,9.67,9.68,9.69,6700,3800,23500,300,100,15000,9000,600,21700,12700,1000,1600,4100,6200,500,5000,11200,4400,37100,500
99.0,9.57,132000,1264098.0,9.56,9.55,9.54,9.53,9.52,9.51,9.5,9.48,9.47,9.46,9.57,9.59,9.6,9.61,9.62,9.64,9.65,9.66,9.67,9.68,6700,3800,23500,300,100,15000,9000,600,21700,12700,1000,3500,1600,4100,6200,500,5000,11200,4400,37100
100.0,9.57,132000,1264098.0,9.56,9.55,9.54,9.53,9.52,9.51,9.5,9.48,9.47,9.46,9.57,9.59,9.6,9.61,9.62,9.64,9.65,9.66,9.67,9.68,6700,3800,23500,300,100,15000,9000,600,21700,12700,1000,3500,1600,4100,6200,500,5000,11200,4400,37100
101.0,9.57,132200,1266012.0,9.56,9.55,9.54,9.52,9.51,9.5,9.48,9.47,9.46,9.45,9.57,9.59,9.6,9.61,9.62,9.64,9.65,9.66,9.67,9.68,6700,3300,23500,100,15000,9000,600,21700,12700,5600,800,3500,1600,4100,6200,500,5000,11200,4400,37100
102.0,9.56,132400,1267924.0,9.56,9.55,9.54,9.52,9.51,9.5,9.48,9.47,9.46,9.45,9.57,9.59,9.6,9.61,9.62,9.64,9.65,9.66,9.67,9.68,6500,3600,23500,100,15000,9000,600,21700,12700,5600,800,3500,1600,4100,6200,500,5000,11200,4400,37100
103.0,9.56,132900,1272704.0,9.56,9.55,9.54,9.52,9.51,9.5,9.48,9.47,9.46,9.45,9.57,9.59,9.6,9.61,9.62,9.64,9.65,9.66,9.67,9.68,6000,3600,23500,100,15000,9000,600,21700,12700,5600,600,3500,1600,4100,6200,500,5000,11200,4400,37100
104.0,9.57,133400,1277485.0,9.56,9.55,9.54,9.52,9.51,9.5,9.48,9.47,9.46,9.45,9.59,9.6,9.61,9.62,9.64,9.65,9.66,9.67,9.68,9.69,5600,3600,23500,100,15000,9000,600,21700,12700,5600,3500,1600,4100,6200,500,5000,11200,4400,37100,500
105.0,9.59,134100,1284198.0,9.56,9.55,9.54,9.52,9.51,9.5,9.48,9.47,9.46,9.45,9.59,9.6,9.61,9.62,9.64,9.65,9.66,9.67,9.68,9.69,5600,3600,23500,100,15000,9000,600,21700,12700,5600,2800,1600,4100,6200,500,5000,11200,4400,37100,500
106.0,9.56,134200,1285154.0,9.56,9.55,9.52,9.51,9.5,9.48,9.47,9.46,9.45,9.43,9.57,9.59,9.6,9.61,9.62,9.64,9.65,9.66,9.67,9.68,5500,3600,100,17000,9000,600,21700,12700,5600,20500,300,2800,1600,4100,6200,500,5000,11200,4400,37100
107.0,9.56,134600,1288978.0,9.56,9.55,9.52,9.51,9.5,9.48,9.47,9.46,9.45,9.43,9.57,9.59,9.6,9.61,9.62,9.64,9.65,9.66,9.67,9.68,5100,3600,2700,13900,9000,600,21700,12700,5600,20500,300,2800,1600,4100,6200,500,5000,11200,4400,37100
108.0,9.56,134600,1288978.0,9.56,9.55,9.52,9.51,9.5,9.48,9.47,9.46,9.45,9.43,9.57,9.58,9.59,9.6,9.61,9.62,9.64,9.65,9.66,9.67,5100,3600,25300,13900,9000,600,21700,12700,5600,20500,300,500,2800,1600,4100,6200,500,5000,11200,4400
109.0,9.56,134600,1288978.0,9.56,9.55,9.53,9.52,9.51,9.5,9.48,9.47,9.46,9.45,9.57,9.58,9.59,9.6,9.61,9.62,9.64,9.65,9.66,9.67,5100,3600,500,25300,13900,9000,600,21700,12700,3600,300,900,2800,1600,4100,6200,500,5000,11200,4400
110.0,9.56,134600,1288978.0,9.56,9.55,9.53,9.52,9.51,9.5,9.48,9.47,9.46,9.45,9.57,9.58,9.59,9.6,9.61,9.62,9.64,9.65,9.66,9.67,5100,3600,500,25300,13900,9000,600,21700,12700,3600,300,900,2800,1600,4100,6200,500,5000,11200,4400
111.0,9.56,134600,1288978.0,9.56,9.55,9.53,9.52,9.51,9.5,9.48,9.47,9.46,9.45,9.57,9.58,9.59,9.6,9.61,9.62,9.64,9.65,9.66,9.67,5100,3600,500,25300,13900,9000,600,21700,12700,3600,300,900,2800,1600,4100,6200,500,5000,11200,4400
112.0,9.56,134600,1288978.0,9.56,9.55,9.53,9.52,9.51,9.5,9.48,9.47,9.46,9.45,9.57,9.58,9.59,9.6,9.61,9.62,9.64,9.65,9.66,9.67,5100,3600,500,25300,13900,9000,600,21700,12700,3600,300,900,2800,1600,4100,6200,500,5000,11200,4400
113.0,9.56,134600,1288978.0,9.56,9.55,9.53,9.52,9.51,9.5,9.48,9.47,9.46,9.45,9.57,9.58,9.59,9.6,9.61,9.62,9.64,9.65,9.66,9.67,5100,3600,500,25300,13900,9000,600,21700,12700,3600,400,900,2800,1600,3800,6200,500,5000,11200,4400
114.0,9.57,134700,1289935.0,9.56,9.55,9.53,9.52,9.51,9.5,9.48,9.47,9.46,9.45,9.57,9.58,9.59,9.6,9.61,9.62,9.64,9.65,9.66,9.67,5100,3600,500,25300,13900,9000,600,21700,12700,3600,600,900,2800,1600,3800,6200,500,5000,11200,4400
115.0,9.57,134700,1289935.0,9.56,9.55,9.53,9.52,9.51,9.5,9.48,9.47,9.46,9.45,9.57,9.58,9.59,9.6,9.61,9.62,9.64,9.65,9.66,9.67,5100,3600,500,25300,13900,9000,600,21700,12700,3600,600,900,2800,1600,3800,6200,500,5000,11200,4400
116.0,9.57,134700,1289935.0,9.56,9.55,9.53,9.52,9.51,9.5,9.48,9.47,9.46,9.45,9.57,9.58,9.59,9.6,9.61,9.62,9.64,9.65,9.66,9.67,5100,3600,500,25300,13900,9100,600,21700,12700,3600,600,900,2800,1600,3800,6200,500,5000,11200,4400
117.0,9.57,134700,1289935.0,9.56,9.55,9.53,9.52,9.51,9.5,9.48,9.47,9.46,9.45,9.57,9.58,9.59,9.6,9.61,9.62,9.64,9.65,9.66,9.67,5100,3600,500,25300,13900,9100,600,21700,12700,3600,600,900,2800,1600,3800,6200,500,5000,11200,4400
118.0,9.57,134700,1289935.0,9.56,9.55,9.53,9.52,9.51,9.5,9.48,9.47,9.46,9.45,9.57,9.58,9.59,9.6,9.61,9.62,9.64,9.65,9.66,9.67,5100,3600,500,25000,13900,9100,600,21700,12700,3600,600,1700,2800,1600,3800,6200,500,5000,11200,4400
119.0,9.57,134700,1289935.0,9.56,9.55,9.53,9.52,9.51,9.5,9.48,9.47,9.46,9.45,9.57,9.58,9.59,9.6,9.61,9.62,9.64,9.65,9.66,9.67,5100,3600,500,25000,13900,9100,600,21700,12700,3600,600,1700,2800,1600,3800,6200,500,5000,11200,4400
120.0,9.57,134700,1289935.0,9.56,9.55,9.53,9.52,9.51,9.5,9.48,9.47,9.46,9.45,9.57,9.58,9.59,9.6,9.61,9.62,9.64,9.65,9.66,9.67,5100,3600,500,25000,13900,9100,600,21700,12700,3600,600,1700,2800,1600,3800,6200,500,5000,11200,4400
121.0,9.57,134700,1289935.0,9.56,9.55,9.53,9.52,9.51,9.5,9.48,9.47,9.46,9.45,9.57,9.58,9.59,9.6,9.61,9.62,9.64,9.65,9.66,9.67,5100,3600,500,25000,13900,9100,600,21700,12700,3600,600,1700,2800,1600,3800,6200,500,5000,11200,4400
122.0,9.57,135200,1294720.0,9.56,9.55,9.53,9.52,9.51,9.5,9.48,9.47,9.46,9.45,9.57,9.58,9.59,9.6,9.61,9.62,9.64,9.65,9.66,9.67,5100,3600,800,25000,13900,9100,600,21700,12700,3600,100,1700,2800,1600,3800,6200,500,5000,11200,4400
123.0,9.57,135200,1294720.0,9.56,9.55,9.53,9.52,9.51,9.5,9.48,9.47,9.46,9.45,9.57,9.58,9.59,9.6,9.61,9.62,9.64,9.65,9.66,9.67,5100,3600,800,25000,13900,9100,600,21700,12700,3600,100,1700,2800,1600,3800,6200,500,5000,11200,4400
124.0,9.57,135200,1294720.0,9.56,9.55,9.53,9.52,9.51,9.5,9.48,9.47,9.46,9.45,9.57,9.58,9.59,9.6,9.61,9.62,9.64,9.65,9.66,9.67,5100,3600,800,25000,13900,9100,600,21700,12700,3600,100,1700,2800,1600,3800,6200,500,5000,11200,4400
125.0,9.57,135200,1294720.0,9.56,9.55,9.53,9.52,9.51,9.5,9.48,9.47,9.46,9.45,9.57,9.58,9.59,9.6,9.61,9.62,9.64,9.65,9.66,9.67,5100,3600,800,25000,13900,9700,600,21700,12700,3600,100,1700,2800,1600,3800,6200,500,5000,11200,4400
126.0,9.57,135200,1294720.0,9.56,9.55,9.53,9.52,9.51,9.5,9.48,9.47,9.46,9.45,9.57,9.58,9.59,9.6,9.61,9.62,9.64,9.65,9.66,9.67,5100,3600,800,25000,13900,9700,600,21700,12700,3600,100,1700,2800,1600,3800,6200,500,5000,11200,4400
127.0,9.57,135200,1294720.0,9.56,9.55,9.53,9.52,9.51,9.5,9.48,9.47,9.46,9.45,9.57,9.58,9.59,9.6,9.61,9.62,9.64,9.65,9.66,9.67,5200,3600,800,25000,13900,9700,600,21700,12700,3600,100,1700,2800,1600,3800,6200,500,5000,11200,4400
128.0,9.56,137300,1314796.0,9.56,9.55,9.53,9.52,9.51,9.5,9.48,9.47,9.46,9.45,9.57,9.58,9.59,9.6,9.61,9.62,9.64,9.65,9.66,9.67,3100,3600,800,25000,13900,9700,600,21700,12700,3600,500,1700,2800,1600,3800,6200,500,5000,11200,4400
129.0,9.56,137600,1317664.0,9.56,9.55,9.53,9.52,9.51,9.5,9.48,9.47,9.46,9.45,9.57,9.58,9.59,9.6,9.61,9.62,9.64,9.65,9.66,9.67,2800,3600,800,25000,13900,9700,600,21700,12700,3600,500,1700,2800,1600,3800,6200,500,5000,11200,4400
130.0,9.56,137600,1317664.0,9.56,9.55,9.53,9.52,9.51,9.5,9.48,9.47,9.46,9.45,9.57,9.58,9.59,9.6,9.61,9.62,9.64,9.65,9.66,9.67,2800,3600,800,25000,13900,9700,600,21700,12700,3600,500,1700,2800,1600,3800,6200,500,5000,16200,4400
131.0,9.56,138300,1324356.0,9.56,9.55,9.53,9.52,9.51,9.5,9.49,9.48,9.47,9.46,9.57,9.58,9.59,9.6,9.61,9.62,9.64,9.65,9.66,9.67,2100,3600,800,25000,13900,9700,400,600,21700,12700,500,1700,2800,1600,3800,6200,500,5000,16200,4400
132.0,9.56,138500,1326268.0,9.56,9.55,9.53,9.52,9.51,9.5,9.49,9.48,9.47,9.46,9.57,9.58,9.59,9.6,9.61,9.62,9.64,9.65,9.66,9.67,1900,3600,5800,25000,13900,9700,400,600,21700,12700,500,1700,2800,1600,3800,6200,500,5000,17200,4400
133.0,9.56,138500,1326268.0,9.56,9.55,9.53,9.52,9.51,9.5,9.49,9.48,9.47,9.46,9.57,9.58,9.59,9.6,9.61,9.62,9.64,9.65,9.66,9.67,1900,3600,5800,25000,13900,9700,400,600,21700,12700,500,1700,2800,1600,3800,6200,500,5000,17200,4400
134.0,9.56,138500,1326268.0,9.56,9.55,9.53,9.52,9.51,9.5,9.49,9.48,9.47,9.46,9.57,9.58,9.59,9.6,9.61,9.62,9.64,9.65,9.66,9.67,1900,3600,5800,25000,13900,9700,400,600,21700,12700,500,1700,2800,1600,3800,6200,500,5000,17200,4400
135.0,9.56,138500,1326268.0,9.56,9.55,9.53,9.52,9.51,9.5,9.49,9.48,9.47,9.46,9.57,9.58,9.59,9.6,9.61,9.62,9.64,9.65,9.66,9.67,1900,3600,5800,25000,13900,9700,400,600,21700,12700,500,1700,2800,1600,3800,6200,500,5000,17200,4400
136.0,9.57,138600,1327225.0,9.56,9.55,9.53,9.52,9.51,9.5,9.49,9.48,9.47,9.46,9.57,9.58,9.59,9.6,9.61,9.62,9.64,9.65,9.66,9.67,1900,3600,7800,25000,13900,9700,400,600,21700,12700,400,1700,2800,7600,3800,6200,500,5000,17200,4400
137.0,9.57,138600,1327225.0,9.56,9.55,9.53,9.52,9.51,9.5,9.49,9.48,9.47,9.46,9.57,9.58,9.59,9.6,9.61,9.62,9.64,9.65,9.66,9.67,1900,3600,7800,25000,13900,9700,400,600,21700,12700,400,1700,2800,7600,3800,6200,500,5000,17200,4400
138.0,9.57,138600,1327225.0,9.56,9.55,9.53,9.52,9.51,9.5,9.49,9.48,9.47,9.46,9.57,9.58,9.59,9.6,9.61,9.62,9.64,9.65,9.66,9.67,1900,3600,7800,25000,13900,9700,400,600,21700,12700,400,1700,2800,7600,3800,6200,500,5000,17200,4400
139.0,9.57,138600,1327225.0,9.56,9.55,9.53,9.52,9.51,9.5,9.49,9.48,9.47,9.46,9.57,9.58,9.59,9.6,9.61,9.62,9.64,9.65,9.66,9.67,1900,3600,7800,25000,13900,9700,400,600,21700,12700,400,1700,2800,7600,3800,6200,500,5000,17200,4400
140.0,9.57,138600,1327225.0,9.56,9.55,9.53,9.52,9.51,9.5,9.49,9.48,9.47,9.46,9.57,9.58,9.59,9.6,9.61,9.62,9.64,9.65,9.66,9.67,1900,3600,7800,25000,13900,9700,400,600,21700,12700,400,1700,2800,7600,3800,6200,500,5000,17200,4400
141.0,9.57,138600,1327225.0,9.56,9.55,9.53,9.52,9.51,9.5,9.49,9.48,9.47,9.46,9.57,9.58,9.59,9.6,9.61,9.62,9.64,9.65,9.66,9.67,1900,3600,7800,25000,13900,9700,400,600,21700,12700,400,1700,2800,7600,3800,6200,500,5000,17200,4400
142.0,9.57,138600,1327225.0,9.56,9.55,9.53,9.52,9.51,9.5,9.49,9.48,9.47,9.46,9.57,9.58,9.59,9.6,9.61,9.62,9.64,9.65,9.66,9.67,1900,3600,7800,25000,13900,9700,400,600,21700,12700,400,1700,2800,7600,3800,6200,500,5000,17200,4400
143.0,9.57,138600,1327225.0,9.56,9.55,9.53,9.52,9.51,9.5,9.49,9.48,9.47,9.46,9.57,9.58,9.59,9.6,9.61,9.62,9.64,9.65,9.66,9.67,1900,3600,7800,25000,13900,9700,400,600,21700,12700,400,1700,2800,7600,3800,6200,500,5000,17200,4400
144.0,9.57,138600,1327225.0,9.56,9.55,9.53,9.52,9.51,9.5,9.49,9.48,9.47,9.46,9.57,9.58,9.59,9.6,9.61,9.62,9.64,9.65,9.66,9.67,1900,3600,7800,25000,13900,9700,400,600,21700,12700,400,1700,2800,7600,3800,6200,500,5000,17200,4400
145.0,9.56,138900,1330093.0,9.56,9.55,9.53,9.52,9.51,9.5,9.49,9.48,9.47,9.46,9.57,9.58,9.59,9.6,9.61,9.62,9.64,9.65,9.66,9.67,1600,3600,7800,25000,13900,9700,400,600,21700,12700,400,1700,2800,7600,3800,6200,500,5000,17200,4400
146.0,9.56,139200,1332961.0,9.56,9.55,9.53,9.52,9.51,9.5,9.49,9.48,9.47,9.46,9.57,9.58,9.59,9.6,9.61,9.62,9.64,9.65,9.66,9.67,1300,3600,8700,25000,13900,9700,400,600,21700,12700,400,1700,2800,7600,3800,6200,500,5000,17200,4400
147.0,9.56,139700,1337741.0,9.56,9.55,9.53,9.52,9.51,9.5,9.49,9.48,9.47,9.46,9.57,9.58,9.59,9.6,9.61,9.62,9.64,9.65,9.66,9.67,800,3600,8700,25000,13900,9700,400,600,21700,12700,400,1700,2800,7600,3800,6200,500,5000,17200,4400
148.0,9.56,139700,1337741.0,9.56,9.55,9.53,9.52,9.51,9.5,9.49,9.48,9.47,9.46,9.57,9.58,9.59,9.6,9.61,9.62,9.64,9.65,9.66,9.67,800,3600,8700,25000,13900,9700,400,600,21700,12700,400,1700,2800,7600,3800,6200,500,5000,17200,4400
149.0,9.56,139900,1339653.0,9.56,9.55,9.53,9.52,9.51,9.5,9.49,9.48,9.47,9.46,9.57,9.58,9.59,9.6,9.61,9.62,9.64,9.65,9.66,9.67,600,3600,8700,25000,13900,9700,400,600,21700,12700,400,1700,2800,7600,3800,6200,500,5000,17200,4400
150.0,9.56,139900,1339653.0,9.56,9.55,9.53,9.52,9.51,9.5,9.49,9.48,9.47,9.46,9.57,9.58,9.59,9.6,9.61,9.62,9.64,9.65,9.66,9.67,600,3600,8700,25000,13900,9700,400,600,21700,12700,400,1700,2800,7600,3800,6200,500,5000,17200,4400
151.0,9.56,139900,1339653.0,9.56,9.55,9.53,9.52,9.51,9.5,9.49,9.48,9.47,9.46,9.57,9.58,9.59,9.6,9.61,9.62,9.64,9.65,9.66,9.67,600,3600,8700,25000,13900,9700,400,600,21700,12700,400,1700,2800,7600,3800,6200,500,5000,17200,4400
152.0,9.57,140300,1343481.0,9.56,9.55,9.53,9.52,9.51,9.5,9.49,9.48,9.47,9.46,9.58,9.59,9.6,9.61,9.62,9.64,9.65,9.66,9.67,9.68,600,3600,8700,25000,13900,9700,400,600,21700,12700,1700,2800,7600,3800,6200,500,5000,17200,4400,39100
153.0,9.56,140400,1344437.0,9.56,9.55,9.53,9.52,9.51,9.5,9.49,9.48,9.47,9.46,9.58,9.59,9.6,9.61,9.62,9.64,9.65,9.66,9.67,9.68,500,3600,3700,25000,13900,9700,400,600,21700,12700,1700,2800,7600,3800,6200,500,5000,17200,4400,39100
154.0,9.56,140900,1349217.0,9.55,9.53,9.52,9.51,9.5,9.49,9.48,9.47,9.46,9.45,9.58,9.59,9.6,9.61,9.62,9.64,9.65,9.66,9.67,9.68,3600,3700,25000,13900,9700,400,600,21700,12700,3600,1700,2800,7600,3800,6200,500,5000,17200,4400,39100
155.0,9.58,141100,1351133.0,9.55,9.53,9.52,9.51,9.5,9.49,9.48,9.47,9.46,9.45,9.58,9.59,9.6,9.61,9.62,9.64,9.65,9.66,9.67,9.68,3800,3700,25000,13900,9700,400,600,21700,12700,3600,1700,2800,7600,3800,6200,500,5000,17200,4400,39100
156.0,9.58,141200,1352091.0,9.55,9.53,9.52,9.51,9.5,9.49,9.48,9.47,9.46,9.45,9.58,9.59,9.6,9.61,9.62,9.64,9.65,9.66,9.67,9.68,3800,3700,35000,13900,9700,400,600,21700,12700,3600,1600,3300,7600,3800,6200,500,5000,17200,4400,39100
157.0,9.58,141200,1352091.0,9.55,9.53,9.52,9.51,9.5,9.49,9.48,9.47,9.46,9.45,9.58,9.59,9.6,9.61,9.62,9.64,9.65,9.66,9.67,9.68,3800,3700,35000,13900,9700,400,600,21700,12700,3600,1600,3300,7600,3800,6200,500,5000,17200,4400,39500
158.0,9.55,141700,1356866.0,9.55,9.54,9.53,9.52,9.51,9.5,9.49,9.48,9.47,9.46,9.58,9.59,9.6,9.61,9.62,9.64,9.65,9.66,9.67,9.68,3500,600,3400,35000,13900,9700,400,600,21700,12700,1800,3300,7600,3800,6200,500,5000,17200,4400,39500
159.0,9.58,142100,1360698.0,9.55,9.54,9.53,9.52,9.51,9.5,9.49,9.48,9.47,9.46,9.58,9.59,9.6,9.61,9.62,9.64,9.65,9.66,9.67,9.68,3500,600,3400,35000,13900,9700,400,600,21700,12700,1400,3300,7600,3800,6200,500,5000,17200,4400,39500
160.0,9.58,142100,1360698.0,9.55,9.54,9.53,9.52,9.51,9.5,9.49,9.48,9.47,9.46,9.58,9.59,9.6,9.61,9.62,9.64,9.65,9.66,9.67,9.68,3500,600,3400,35000,13900,9700,400,600,21700,12700,1400,3300,7600,3800,6200,500,5000,17200,4400,39500
161.0,9.55,143200,1371203.0,9.55,9.54,9.53,9.52,9.51,9.5,9.49,9.48,9.47,9.46,9.58,9.59,9.6,9.61,9.62,9.64,9.65,9.66,9.67,9.68,2500,600,3400,35000,13900,9700,400,600,21700,12700,1500,3300,7600,3800,6200,500,5000,17200,4400,39500
162.0,9.55,143600,1375026.0,9.55,9.54,9.53,9.52,9.51,9.5,9.49,9.48,9.47,9.46,9.58,9.59,9.6,9.61,9.62,9.64,9.65,9.66,9.67,9.68,2200,600,2500,35000,13900,9700,400,600,21700,12700,1400,3300,7600,3800,6200,500,5000,17200,4400,39500
163.0,9.55,143900,1377894.0,9.55,9.54,9.53,9.52,9.51,9.5,9.49,9.48,9.47,9.46,9.58,9.59,9.6,9.61,9.62,9.64,9.65,9.66,9.67,9.68,2000,600,2500,35000,13900,9700,400,600,21700,12700,1300,3300,7600,3800,6200,500,5000,17200,4400,39500
164.0,9.55,143900,1377894.0,9.55,9.54,9.53,9.52,9.51,9.5,9.49,9.48,9.47,9.46,9.56,9.58,9.59,9.6,9.61,9.62,9.64,9.65,9.66,9.67,2100,1400,2800,35000,13900,9700,400,600,21700,12700,8700,1400,3300,7600,3800,6200,500,15000,17200,4400
165.0,9.55,145300,1391272.0,9.55,9.54,9.53,9.52,9.51,9.5,9.49,9.48,9.47,9.46,9.56,9.58,9.59,9.6,9.61,9.62,9.64,9.65,9.66,9.67,1500,1500,2800,35000,13900,9700,400,600,21700,12700,7900,1400,3300,7600,3800,6200,500,15000,17200,4400
166.0,9.55,145500,1393182.0,9.55,9.54,9.53,9.52,9.51,9.5,9.49,9.48,9.47,9.46,9.56,9.58,9.59,9.6,9.61,9.62,9.64,9.65,9.66,9.67,1300,1500,2800,35000,13900,9700,400,600,21700,12700,7900,1400,3300,7600,3800,6200,500,15000,17200,4400
167.0,9.55,145600,1394137.0,9.55,9.54,9.53,9.52,9.51,9.5,9.49,9.48,9.47,9.46,9.56,9.58,9.59,9.6,9.61,9.62,9.64,9.65,9.66,9.67,1200,1500,2300,35000,13900,9700,400,600,21700,12700,7900,1400,3300,7600,3800,6200,500,15000,17200,4400
168.0,9.55,146400,1401784.0,9.55,9.54,9.53,9.52,9.51,9.5,9.49,9.48,9.47,9.46,9.56,9.58,9.59,9.6,9.61,9.62,9.64,9.65,9.66,9.67,1100,1500,2300,10100,13900,9700,400,600,21700,12700,7200,1400,3300,7600,3800,6200,500,15000,17200,4400
169.0,9.54,149000,1426599.0,9.53,9.52,9.51,9.5,9.49,9.48,9.47,9.46,9.45,9.43,9.54,9.56,9.58,9.59,9.6,9.61,9.62,9.64,9.65,9.66,2300,10100,13900,9700,400,600,21700,12700,3600,20500,3600,7200,1400,3300,7600,3800,6200,500,15000,17200
170.0,9.53,149500,1431367.0,9.53,9.52,9.51,9.5,9.49,9.48,9.47,9.46,9.45,9.43,9.54,9.56,9.58,9.59,9.6,9.61,9.62,9.64,9.65,9.66,2100,10100,13900,9700,400,600,21700,12700,3600,20500,3900,7200,1400,500,7600,3800,6200,500,15000,17200
171.0,9.54,151200,1447585.0,9.53,9.52,9.51,9.5,9.49,9.48,9.47,9.46,9.45,9.43,9.54,9.56,9.58,9.59,9.6,9.61,9.62,9.64,9.65,9.66,2100,10100,13900,9700,400,600,21700,12700,3600,20500,2200,7200,1400,500,7600,3800,6200,500,15000,17200
172.0,9.54,151400,1449493.0,9.53,9.52,9.51,9.5,9.49,9.48,9.47,9.46,9.45,9.43,9.54,9.56,9.58,9.59,9.6,9.61,9.62,9.64,9.65,9.66,2100,10100,13900,9700,400,600,21700,12700,3600,20500,2000,7200,1400,500,7600,3800,6200,500,15000,17200
173.0,9.54,151400,1449493.0,9.53,9.52,9.51,9.5,9.49,9.48,9.47,9.46,9.45,9.43,9.54,9.56,9.58,9.59,9.6,9.61,9.62,9.64,9.65,9.66,2100,10100,13900,9700,400,600,21700,12700,3600,20500,2000,7200,1400,500,7600,3800,6200,500,15000,17200
174.0,9.54,151500,1450447.0,9.53,9.52,9.51,9.5,9.49,9.48,9.47,9.46,9.45,9.43,9.54,9.56,9.58,9.59,9.6,9.61,9.62,9.64,9.65,9.66,2100,10100,13900,9700,400,600,21700,12700,3600,20500,1900,7200,1400,500,7600,3800,6200,500,15000,17200
175.0,9.54,151600,1451401.0,9.53,9.52,9.51,9.5,9.49,9.48,9.47,9.46,9.45,9.43,9.54,9.56,9.58,9.59,9.6,9.61,9.62,9.64,9.65,9.66,2100,10100,13900,9700,400,600,21700,12700,3600,20500,1800,7200,1400,500,7600,3800,6200,500,15000,17200
176.0,9.54,151600,1451401.0,9.53,9.52,9.51,9.5,9.49,9.48,9.47,9.46,9.45,9.43,9.54,9.56,9.58,9.59,9.6,9.61,9.62,9.64,9.65,9.66,2100,10100,13900,9700,400,600,21700,12700,3600,20500,1800,7200,1400,500,7600,3800,6200,500,15000,17200
177.0,9.54,151700,1452355.0,9.53,9.52,9.51,9.5,9.49,9.48,9.47,9.46,9.45,9.43,9.54,9.56,9.58,9.59,9.6,9.61,9.62,9.64,9.65,9.66,2100,10100,13900,9700,400,600,21700,12700,4600,20500,1800,7200,1400,500,7600,3800,6200,500,15000,17200
178.0,9.54,151800,1453309.0,9.53,9.52,9.51,9.5,9.49,9.48,9.47,9.46,9.45,9.43,9.54,9.55,9.56,9.58,9.59,9.6,9.61,9.62,9.64,9.65,2100,10100,13900,9700,400,600,21700,12700,4600,20500,1700,3500,7200,1400,500,7600,3800,6200,500,15000
179.0,9.54,151800,1453309.0,9.53,9.52,9.51,9.5,9.49,9.48,9.47,9.46,9.45,9.43,9.54,9.55,9.56,9.58,9.59,9.6,9.61,9.62,9.64,9.65,2100,10100,13900,9700,400,600,21700,12700,4600,20500,1700,3500,7200,1400,500,1600,3800,6200,500,15000
180.0,9.53,152300,1458074.0,9.53,9.52,9.51,9.5,9.49,9.48,9.47,9.46,9.45,9.43,9.54,9.55,9.56,9.58,9.59,9.6,9.61,9.62,9.64,9.65,1600,10100,13900,9700,400,600,21700,12700,4600,20500,3700,3500,7200,1400,500,1600,3800,6200,500,15000
181.0,9.53,152300,1458074.0,9.53,9.52,9.51,9.5,9.49,9.48,9.47,9.46,9.45,9.43,9.54,9.55,9.56,9.58,9.59,9.6,9.61,9.62,9.64,9.65,1600,10100,13900,9700,400,600,21700,12700,4600,20500,3700,3500,7200,1400,500,1600,3800,6200,500,15000
182.0,9.53,153900,1473337.0,9.53,9.52,9.51,9.5,9.49,9.48,9.47,9.46,9.45,9.43,9.54,9.55,9.56,9.58,9.59,9.6,9.61,9.62,9.64,9.65,1500,10100,13900,9700,400,600,21700,12700,4600,20500,2300,3500,7200,1400,500,1600,3800,6200,500,15000
183.0,9.53,153900,1473337.0,9.53,9.52,9.51,9.5,9.49,9.48,9.47,9.46,9.45,9.43,9.54,9.55,9.56,9.58,9.59,9.6,9.61,9.62,9.64,9.65,1500,10100,13900,9700,400,600,21700,12700,4600,20500,2300,3500,7200,1400,500,1600,3800,6200,500,15000
184.0,9.53,153900,1473337.0,9.53,9.52,9.51,9.5,9.49,9.48,9.47,9.46,9.45,9.43,9.54,9.55,9.56,9.58,9.59,9.6,9.61,9.62,9.64,9.65,1500,10100,13900,9700,400,600,21700,12700,4600,20500,2300,3500,7200,1400,500,1600,3800,6200,500,15000
185.0,9.53,155600,1489540.0,9.52,9.51,9.5,9.49,9.48,9.47,9.46,9.45,9.43,9.42,9.53,9.54,9.55,9.56,9.58,9.59,9.6,9.61,9.62,9.64,10100,13900,9700,400,600,21700,12700,4600,20500,2900,4100,2800,3500,7200,1400,500,1600,3800,6200,500
186.0,9.53,156000,1493352.0,9.52,9.51,9.5,9.49,9.48,9.47,9.46,9.45,9.43,9.42,9.53,9.54,9.55,9.56,9.58,9.59,9.6,9.61,9.62,9.64,100,13900,9700,400,600,21700,12700,4600,20500,2900,3700,2800,3500,7200,1400,500,1600,3800,6200,500
187.0,9.53,156000,1493352.0,9.52,9.51,9.5,9.49,9.48,9.47,9.46,9.45,9.43,9.42,9.53,9.54,9.55,9.56,9.58,9.59,9.6,9.61,9.62,9.64,100,13900,9700,400,600,21700,12700,4600,20500,2900,3700,2800,3500,7200,1400,500,1600,3800,6200,500
188.0,9.53,156000,1493352.0,9.52,9.51,9.5,9.49,9.48,9.47,9.46,9.45,9.43,9.42,9.53,9.54,9.55,9.56,9.58,9.59,9.6,9.61,9.62,9.64,100,13900,9700,400,600,21700,12700,4600,20500,2900,3700,2800,3500,7200,1400,500,1600,3800,6200,500
189.0,9.53,156300,1496211.0,9.52,9.51,9.5,9.49,9.48,9.47,9.46,9.45,9.43,9.42,9.53,9.54,9.55,9.56,9.58,9.59,9.6,9.61,9.62,9.64,100,13900,9700,400,600,21700,12700,4600,20500,2900,3400,2800,3500,7200,1400,500,1600,3800,6200,500
190.0,9.53,156300,1496211.0,9.52,9.51,9.5,9.49,9.48,9.47,9.46,9.45,9.43,9.42,9.53,9.54,9.55,9.56,9.58,9.59,9.6,9.61,9.62,9.64,100,14300,9700,400,600,21700,12700,4600,20500,2900,3200,2800,3500,7200,1400,500,1600,3800,6200,500
191.0,9.53,156300,1496211.0,9.52,9.51,9.5,9.49,9.48,9.47,9.46,9.45,9.43,9.42,9.53,9.54,9.55,9.56,9.58,9.59,9.6,9.61,9.62,9.64,100,14300,9700,400,600,21700,12700,4600,20500,2900,3200,2800,3500,7200,1400,500,1600,3800,6200,500
192.0,9.53,156900,1501929.0,9.52,9.51,9.5,9.49,9.48,9.47,9.46,9.45,9.43,9.42,9.53,9.54,9.55,9.56,9.58,9.59,9.6,9.61,9.62,9.64,100,14300,9700,400,600,21700,12700,4600,20500,2900,3700,2800,3500,7200,1400,500,1600,3800,6200,500
193.0,9.53,156900,1501929.0,9.52,9.51,9.5,9.49,9.48,9.47,9.46,9.45,9.43,9.42,9.53,9.54,9.55,9.56,9.58,9.59,9.6,9.61,9.62,9.64,100,14300,9700,400,2600,21700,12700,4600,20500,2900,3700,2800,3500,7200,1400,500,1600,3800,6200,500
194.0,9.51,160300,1534278.0,9.51,9.5,9.49,9.48,9.47,9.46,9.45,9.43,9.42,9.41,9.53,9.54,9.55,9.56,9.58,9.59,9.6,9.61,9.62,9.64,11700,9700,400,2600,21700,12700,4600,20500,2900,20900,3000,800,3500,7200,1400,500,1600,3800,6200,500
195.0,9.51,161800,1548543.0,9.51,9.5,9.49,9.48,9.47,9.46,9.45,9.43,9.42,9.41,9.53,9.54,9.55,9.56,9.58,9.59,9.6,9.61,9.62,9.64,10200,9700,400,2600,21700,12700,4600,20500,2900,20900,3000,800,3500,7200,1400,500,1600,3800,6200,500
196.0,9.53,162100,1551402.0,9.51,9.5,9.49,9.48,9.47,9.46,9.45,9.43,9.42,9.41,9.53,9.54,9.55,9.56,9.57,9.58,9.59,9.6,9.61,9.62,10200,9700,400,2600,21700,12700,4600,20500,2900,20900,2700,800,3500,7200,6000,1400,500,1600,3800,6200
197.0,9.51,163100,1560912.0,9.51,9.5,9.49,9.48,9.47,9.46,9.45,9.43,9.42,9.41,9.53,9.54,9.55,9.56,9.57,9.58,9.59,9.6,9.61,9.62,9200,9700,400,2600,21700,12700,4600,20500,2900,20900,2700,800,3500,7200,6000,1400,500,1600,3800,6200
198.0,9.51,163100,1560912.0,9.51,9.5,9.49,9.48,9.47,9.46,9.45,9.43,9.42,9.41,9.53,9.54,9.55,9.56,9.57,9.58,9.59,9.6,9.61,9.62,9200,9700,400,2600,21700,12700,4600,20500,2900,20900,3900,800,3500,7200,6000,1400,500,1600,3800,6200
199.0,9.53,163900,1568536.0,9.51,9.5,9.49,9.48,9.47,9.46,9.45,9.43,9.42,9.41,9.53,9.54,9.55,9.56,9.57,9.58,9.59,9.6,9.61,9.62,9200,9700,400,2600,21700,12700,4600,20500,2900,20900,3100,800,3500,8000,6000,1400,500,1600,3800,6200
200.0,9.51,164300,1572346.0,9.51,9.5,9.49,9.48,9.47,9.46,9.45,9.43,9.42,9.41,9.53,9.54,9.55,9.56,9.57,9.58,9.59,9.6,9.61,9.62,9100,9700,400,2600,21700,12700,4600,20500,2900,20900,2800,800,3500,8000,6000,1400,500,1600,3800,6200
201.0,9.51,166300,1591366.0,9.51,9.5,9.49,9.48,9.47,9.46,9.45,9.43,9.42,9.41,9.53,9.54,9.55,9.56,9.57,9.58,9.59,9.6,9.61,9.62,7100,9700,400,2600,21700,12700,4600,20500,2900,20900,2800,800,3500,8000,6000,1400,500,1600,3800,6200
202.0,9.51,166800,1596125.0,9.51,9.5,9.49,9.48,9.47,9.46,9.45,9.43,9.42,9.41,9.53,9.54,9.55,9.56,9.57,9.58,9.59,9.6,9.61,9.62,6800,9700,400,2600,21700,12700,4600,20500,2900,20900,2600,800,3500,8000,6000,1400,500,1600,3800,6200
203.0,9.51,166800,1596125.0,9.51,9.5,9.49,9.48,9.47,9.46,9.45,9.43,9.42,9.41,9.53,9.54,9.55,9.56,9.57,9.58,9.59,9.6,9.61,9.62,6800,9700,400,2600,21700,12700,4600,20500,2900,20900,2600,800,3500,8000,6000,1400,500,1600,3800,6200
204.0,9.53,166900,1597078.0,9.51,9.5,9.49,9.48,9.47,9.46,9.45,9.43,9.42,9.41,9.53,9.54,9.55,9.56,9.57,9.58,9.59,9.6,9.61,9.62,6800,9700,400,2600,21700,12700,4600,20500,2900,20900,2500,800,3500,8000,6000,1400,500,1600,3800,6200
205.0,9.53,167600,1603749.0,9.51,9.5,9.49,9.48,9.47,9.46,9.45,9.43,9.42,9.41,9.53,9.54,9.55,9.56,9.57,9.58,9.59,9.6,9.61,9.62,6800,9700,400,2600,21700,12700,4600,20500,2900,20900,1800,800,3500,8000,6000,1400,500,1600,3800,6200
206.0,9.53,167600,1603749.0,9.51,9.5,9.49,9.48,9.47,9.46,9.45,9.43,9.42,9.41,9.53,9.54,9.55,9.56,9.57,9.58,9.59,9.6,9.61,9.62,6800,9700,400,2600,22100,12700,4600,20500,2900,20900,1900,800,3500,8000,6000,1400,500,1600,3800,6200
207.0,9.53,167700,1604702.0,9.51,9.5,9.49,9.48,9.47,9.46,9.45,9.43,9.42,9.41,9.53,9.54,9.55,9.56,9.57,9.58,9.59,9.6,9.61,9.62,6800,9700,400,2600,22100,12700,4600,20500,2900,20900,1800,800,3500,8000,6000,1400,500,1600,3800,6200
208.0,9.51,168900,1616114.0,9.51,9.5,9.49,9.48,9.47,9.46,9.45,9.43,9.42,9.41,9.53,9.54,9.55,9.56,9.57,9.58,9.59,9.6,9.61,9.62,5600,9700,400,2600,22100,12700,4600,20500,2900,20900,1900,800,3500,8000,6000,1400,500,1600,3800,6200
209.0,9.51,170700,1633234.0,9.51,9.5,9.49,9.48,9.47,9.46,9.45,9.43,9.42,9.41,9.53,9.54,9.55,9.56,9.57,9.58,9.59,9.6,9.61,9.62,3900,9700,400,2600,22100,12700,4600,20500,2900,20900,1800,800,3500,8000,6000,1400,500,1600,3800,6200
210.0,9.51,171000,1636087.0,9.51,9.5,9.49,9.48,9.47,9.46,9.45,9.43,9.42,9.41,9.53,9.54,9.55,9.56,9.57,9.58,9.59,9.6,9.61,9.62,3600,9700,400,2600,22100,12700,4600,20500,2900,20900,1800,800,3500,8000,6000,1400,500,1600,3800,6200
211.0,9.51,171000,1636087.0,9.51,9.5,9.49,9.48,9.47,9.46,9.45,9.43,9.42,9.41,9.53,9.54,9.55,9.56,9.57,9.58,9.59,9.6,9.61,9.62,3600,9700,400,2600,22100,12700,4600,20500,2900,20900,1800,800,3500,8000,6000,1400,500,1600,3800,6200
212.0,9.53,171500,1640852.0,9.51,9.5,9.49,9.48,9.47,9.46,9.45,9.43,9.42,9.41,9.53,9.54,9.55,9.56,9.57,9.58,9.59,9.6,9.61,9.62,3600,9700,400,2600,22100,12700,4600,20500,2900,20900,1400,800,3500,8000,6000,1400,500,1600,3800,6200
213.0,9.51,175100,1675088.0,9.5,9.49,9.48,9.47,9.46,9.45,9.43,9.42,9.41,9.4,9.53,9.54,9.55,9.56,9.57,9.58,9.59,9.6,9.61,9.62,9700,400,2600,22100,12700,4600,20500,2900,20900,600,1400,500,3500,8000,6000,1400,500,1600,3800,6200
214.0,9.5,175600,1679838.0,9.5,9.49,9.48,9.47,9.46,9.45,9.43,9.42,9.41,9.4,9.51,9.53,9.54,9.55,9.56,9.57,9.58,9.59,9.6,9.61,9200,400,2600,22100,12700,4600,20500,2900,20900,600,300,1400,500,3500,8000,6000,1400,500,1600,3800
215.0,9.5,175600,1679838.0,9.5,9.49,9.48,9.47,9.46,9.45,9.43,9.42,9.41,9.4,9.51,9.53,9.54,9.55,9.56,9.57,9.58,9.59,9.6,9.61,9200,400,2600,22100,12700,4600,20500,2900,20900,600,300,1400,500,3500,8000,6000,1400,500,1600,3800
216.0,9.5,175600,1679838.0,9.5,9.49,9.48,9.47,9.46,9.45,9.43,9.42,9.41,9.4,9.51,9.53,9.54,9.55,9.56,9.57,9.58,9.59,9.6,9.61,9200,400,2600,22100,12700,4600,20500,2900,20900,600,700,1400,500,3500,8000,6000,1400,500,1600,3800
217.0,9.51,176300,1686495.0,9.51,9.5,9.49,9.48,9.47,9.46,9.45,9.43,9.42,9.41,9.53,9.54,9.55,9.56,9.57,9.58,9.59,9.6,9.61,9.62,1400,9200,400,2600,22100,12700,4600,20500,2900,20900,300,500,3500,8000,6000,1400,500,1600,3800,6200
218.0,9.51,177800,1700762.0,9.5,9.49,9.48,9.47,9.46,9.45,9.43,9.42,9.41,9.4,9.51,9.53,9.54,9.55,9.56,9.57,9.58,9.59,9.6,9.61,9200,400,2600,22100,12700,4600,20500,2900,20900,600,2100,200,500,3500,8000,6000,1400,500,1600,3800
219.0,9.51,177800,1700762.0,9.5,9.49,9.48,9.47,9.46,9.45,9.43,9.42,9.41,9.4,9.51,9.53,9.54,9.55,9.56,9.57,9.58,9.59,9.6,9.61,9200,400,2600,22100,12700,4600,20500,2900,20900,600,2100,200,500,3500,8000,6000,1400,500,1600,3800
220.0,9.51,177800,1700762.0,9.5,9.49,9.48,9.47,9.46,9.45,9.43,9.42,9.41,9.4,9.51,9.53,9.54,9.55,9.56,9.57,9.58,9.59,9.6,9.61,9200,400,2600,22100,12700,4600,20500,2900,20900,600,2100,200,500,3500,8000,6000,1400,500,1600,3800
221.0,9.51,177900,1701713.0,9.5,9.49,9.48,9.47,9.46,9.45,9.43,9.42,9.41,9.4,9.51,9.53,9.54,9.55,9.56,9.57,9.58,9.59,9.6,9.61,9200,400,2600,22100,12700,4600,20500,2900,20900,600,2500,200,500,3500,8000,6000,1400,500,1600,3800
222.0,9.51,178300,1705517.0,9.5,9.49,9.48,9.47,9.46,9.45,9.43,9.42,9.41,9.4,9.51,9.53,9.54,9.55,9.56,9.57,9.58,9.59,9.6,9.61,9200,400,2600,22100,12700,4600,20500,2900,20900,600,2100,200,500,3500,8000,6000,1400,500,1600,3800
223.0,9.51,178300,1705517.0,9.5,9.49,9.48,9.47,9.46,9.45,9.43,9.42,9.41,9.4,9.51,9.53,9.54,9.55,9.56,9.57,9.58,9.59,9.6,9.61,9200,400,2600,22100,12700,4600,20500,2900,20900,600,2100,200,500,3500,8000,6000,1400,500,1600,3800
224.0,9.51,178300,1705517.0,9.5,9.49,9.48,9.47,9.46,9.45,9.43,9.42,9.41,9.4,9.51,9.53,9.54,9.55,9.56,9.57,9.58,9.59,9.6,9.61,9200,400,2600,22100,12700,4600,20500,2900,20900,600,2100,200,500,3500,8000,6000,1400,500,1600,3800
225.0,9.51,178800,1710272.0,9.5,9.49,9.48,9.47,9.46,9.45,9.43,9.42,9.41,9.4,9.51,9.53,9.54,9.55,9.56,9.57,9.58,9.59,9.6,9.61,9200,400,2600,22100,12700,4600,20500,2900,20900,600,1600,200,500,3500,8000,6000,1400,500,1600,3800
226.0,9.51,178800,1710272.0,9.5,9.49,9.48,9.47,9.46,9.45,9.43,9.42,9.41,9.4,9.51,9.53,9.54,9.55,9.56,9.57,9.58,9.59,9.6,9.61,9200,400,2600,22100,12700,4600,20500,2900,20900,600,1800,200,500,3500,8000,6000,1400,500,1600,3800
227.0,9.51,178800,1710272.0,9.5,9.49,9.48,9.47,9.46,9.45,9.43,9.42,9.41,9.4,9.51,9.53,9.54,9.55,9.56,9.57,9.58,9.59,9.6,9.61,9200,400,2600,22100,12700,4600,20500,2900,20900,600,3100,200,500,3500,8000,6000,1400,500,1600,3800
228.0,9.5,179600,1717875.0,9.5,9.49,9.48,9.47,9.46,9.45,9.43,9.42,9.41,9.4,9.51,9.53,9.54,9.55,9.56,9.57,9.58,9.59,9.6,9.61,8700,400,2600,22100,12700,4600,20500,2900,20900,600,2800,200,500,3500,8000,6000,1400,500,1600,3800
229.0,9.51,180100,1722630.0,9.5,9.49,9.48,9.47,9.46,9.45,9.43,9.42,9.41,9.4,9.51,9.53,9.54,9.56,9.57,9.58,9.59,9.6,9.61,9.62,8700,400,2600,22100,12700,4600,20500,2900,20900,400,2300,200,500,8000,6000,1400,500,1600,3800,6200
230.0,9.5,181500,1735932.0,9.5,9.49,9.48,9.47,9.46,9.45,9.43,9.42,9.41,9.4,9.51,9.53,9.54,9.56,9.57,9.58,9.59,9.6,9.61,9.62,7500,400,4600,22100,12700,4600,20500,2900,20900,400,2100,200,500,8000,6000,1400,500,1600,3800,6200
231.0,9.5,181500,1735932.0,9.5,9.49,9.48,9.47,9.46,9.45,9.43,9.42,9.41,9.4,9.51,9.53,9.54,9.56,9.57,9.58,9.59,9.6,9.61,9.62,7500,400,4600,22100,12700,4600,20500,2900,20900,400,2200,200,500,8000,6000,1400,500,1600,3800,6200
232.0,9.51,181700,1737834.0,9.5,9.49,9.48,9.47,9.46,9.45,9.43,9.42,9.41,9.4,9.51,9.53,9.54,9.56,9.57,9.58,9.59,9.6,9.61,9.62,7500,400,4600,22100,12700,4600,20500,2900,20900,400,2000,200,500,8000,6000,1400,500,1600,3800,6200
233.0,9.5,181800,1738784.0,9.5,9.49,9.48,9.47,9.46,9.45,9.43,9.42,9.41,9.4,9.51,9.53,9.54,9.56,9.57,9.58,9.59,9.6,9.61,9.62,7400,400,4600,22100,12700,4600,20500,2900,20900,400,800,200,500,8000,6000,1400,500,1600,3800,6200
234.0,9.5,181800,1738784.0,9.5,9.49,9.48,9.47,9.46,9.45,9.43,9.42,9.41,9.4,9.51,9.53,9.54,9.56,9.57,9.58,9.59,9.6,9.61,9.62,7400,400,4600,22100,12700,4600,20500,2900,20900,400,800,200,500,8000,6000,1400,500,1600,3800,6200
235.0,9.5,181800,1738784.0,9.5,9.49,9.48,9.47,9.46,9.45,9.43,9.42,9.41,9.4,9.51,9.53,9.54,9.56,9.57,9.58,9.59,9.6,9.61,9.62,7400,400,4600,22100,12700,4600,20500,2900,20900,400,800,200,500,8000,6000,1400,500,1600,3800,6200
236.0,9.5,181800,1738784.0,9.5,9.49,9.48,9.47,9.46,9.45,9.43,9.42,9.41,9.4,9.51,9.53,9.54,9.56,9.57,9.58,9.59,9.6,9.61,9.62,7400,400,7600,22100,12700,4600,20500,2900,20900,400,800,200,500,8000,6000,1400,500,1600,3800,6200
237.0,9.5,181800,1738784.0,9.5,9.49,9.48,9.47,9.46,9.45,9.43,9.42,9.41,9.4,9.51,9.53,9.54,9.56,9.57,9.58,9.59,9.6,9.61,9.62,7400,400,7600,22100,12700,4600,20500,2900,20900,400,800,200,500,8000,6000,1400,500,1600,3800,6200
238.0,9.5,181800,1738784.0,9.5,9.49,9.48,9.47,9.46,9.45,9.43,9.42,9.41,9.4,9.51,9.53,9.54,9.56,9.57,9.58,9.59,9.6,9.61,9.62,7400,400,7600,22100,12700,4600,20500,2900,20900,400,800,200,500,8000,6000,1400,500,1600,3800,6200
239.0,9.5,181800,1738784.0,9.5,9.49,9.48,9.47,9.46,9.45,9.43,9.42,9.41,9.4,9.51,9.53,9.54,9.56,9.57,9.58,9.59,9.6,9.61,9.62,8000,400,7600,22100,12700,4600,20500,2900,20900,400,800,200,500,8000,6000,1400,500,1600,3800,6200
240.0,9.51,181900,1739735.0,9.5,9.49,9.48,9.47,9.46,9.45,9.43,9.42,9.41,9.4,9.51,9.53,9.54,9.56,9.57,9.58,9.59,9.6,9.61,9.62,8000,400,7600,22100,12700,4600,20500,2900,20900,400,700,200,500,8000,6000,1400,500,1600,3800,6200
241.0,9.51,181900,1739735.0,9.5,9.49,9.48,9.47,9.46,9.45,9.43,9.42,9.41,9.4,9.51,9.53,9.54,9.56,9.57,9.58,9.59,9.6,9.61,9.62,8000,400,7600,22100,12700,4600,20500,2900,20900,400,700,200,500,8000,6000,1400,500,1600,3800,6200
242.0,9.51,182300,1743539.0,9.5,9.49,9.48,9.47,9.46,9.45,9.43,9.42,9.41,9.4,9.51,9.53,9.54,9.56,9.57,9.58,9.59,9.6,9.61,9.62,8000,400,12100,22100,12700,4600,20500,2900,20900,400,500,200,500,8000,6000,1400,500,1600,3800,6200
243.0,9.51,182500,1745441.0,9.5,9.49,9.48,9.47,9.46,9.45,9.43,9.42,9.41,9.4,9.51,9.53,9.54,9.56,9.57,9.58,9.59,9.6,9.61,9.62,8000,400,12100,22100,12700,4600,20500,2900,20900,400,300,200,500,8000,6000,1400,500,1600,3800,6200
244.0,9.51,182800,1748294.0,9.51,9.5,9.49,9.48,9.47,9.46,9.45,9.43,9.42,9.41,9.53,9.54,9.56,9.57,9.58,9.59,9.6,9.61,9.62,9.64,1100,8300,400,12100,22100,12700,4600,20500,2900,20900,200,500,8000,6000,1400,500,1600,3800,6200,500
245.0,9.51,184000,1759706.0,9.51,9.5,9.49,9.48,9.47,9.46,9.45,9.43,9.42,9.41,9.53,9.54,9.56,9.57,9.58,9.59,9.6,9.61,9.62,9.64,2100,8500,400,12100,22100,12700,4600,20500,2900,20900,200,500,8000,6000,1400,500,1600,3800,6200,500
246.0,9.51,186000,1778742.0,9.51,9.5,9.48,9.47,9.46,9.45,9.43,9.42,9.41,9.4,9.53,9.54,9.56,9.57,9.58,9.59,9.6,9.61,9.62,9.64,4700,8500,12100,22100,12700,4600,20500,2900,20900,400,200,500,8000,6000,1400,500,1600,3800,6200,500
247.0,9.51,186000,1778742.0,9.51,9.5,9.48,9.47,9.46,9.45,9.43,9.42,9.41,9.4,9.53,9.54,9.56,9.57,9.58,9.59,9.6,9.61,9.62,9.64,4700,8500,12100,22100,12700,4600,20500,2900,20900,400,200,500,8000,6000,1400,500,1600,3800,6200,500
248.0,9.51,187000,1788252.0,9.51,9.5,9.48,9.47,9.46,9.45,9.43,9.42,9.41,9.4,9.53,9.54,9.56,9.57,9.58,9.59,9.6,9.61,9.62,9.64,3700,8300,12100,22100,12700,4600,20500,2900,20900,400,200,500,8000,6000,1400,500,1600,3800,6200,500
249.0,9.51,187000,1788252.0,9.51,9.5,9.48,9.47,9.46,9.45,9.43,9.42,9.41,9.4,9.53,9.54,9.56,9.57,9.58,9.59,9.6,9.61,9.62,9.64,3700,8300,12100,22100,12700,4600,20500,2900,20900,400,200,500,8000,6000,1400,500,1600,3800,6200,500
250.0,9.51,187000,1788252.0,9.51,9.5,9.48,9.47,9.46,9.45,9.43,9.42,9.41,9.4,9.53,9.54,9.56,9.57,9.58,9.59,9.6,9.61,9.62,9.64,4100,8300,12100,22100,12700,4600,20500,2900,20900,400,200,500,8000,6000,1400,500,1600,3800,6200,500
251.0,9.51,187200,1790154.0,9.51,9.5,9.48,9.47,9.46,9.45,9.43,9.42,9.41,9.4,9.53,9.54,9.56,9.57,9.58,9.59,9.6,9.61,9.62,9.64,3900,8300,12100,22100,12700,4600,20500,2900,20900,400,200,500,8000,6000,1400,500,1600,3800,6200,500
252.0,9.51,189700,1813929.0,9.51,9.5,9.48,9.47,9.46,9.45,9.43,9.42,9.41,9.4,9.53,9.54,9.56,9.57,9.58,9.59,9.6,9.61,9.62,9.64,1400,8300,12100,22100,12700,4600,20500,2900,20900,400,200,500,8000,6000,1400,500,1600,3800,6200,500
253.0,9.51,189700,1813929.0,9.51,9.5,9.48,9.47,9.46,9.45,9.43,9.42,9.41,9.4,9.53,9.54,9.56,9.58,9.59,9.6,9.61,9.62,9.64,9.65,1400,8300,12100,22100,12700,4600,20500,2900,20900,400,200,500,8000,1400,500,1600,3800,6200,500,15000
254.0,9.51,190700,1823439.0,9.51,9.5,9.48,9.47,9.46,9.45,9.43,9.42,9.41,9.4,9.53,9.54,9.56,9.58,9.59,9.6,9.61,9.62,9.64,9.65,600,9300,12100,22100,12700,5000,20500,2900,20900,400,200,500,8000,1400,500,1600,3800,6200,500,15000
255.0,9.51,190700,1823439.0,9.51,9.5,9.48,9.47,9.46,9.45,9.43,9.42,9.41,9.4,9.53,9.54,9.56,9.58,9.59,9.6,9.61,9.62,9.64,9.65,600,9300,12100,22100,12700,5000,20500,2900,20900,400,200,500,8000,1400,500,1600,3800,6200,500,15000
256.0,9.51,190700,1823439.0,9.51,9.5,9.48,9.47,9.46,9.45,9.43,9.42,9.41,9.4,9.53,9.54,9.56,9.58,9.59,9.6,9.61,9.62,9.64,9.65,600,9300,12100,22100,12700,5000,20500,2900,20900,400,200,500,8000,1400,500,1600,3800,6200,500,15000
257.0,9.51,190700,1823439.0,9.51,9.5,9.48,9.47,9.46,9.45,9.43,9.42,9.41,9.4,9.53,9.54,9.56,9.58,9.59,9.6,9.61,9.62,9.64,9.65,600,9300,12100,22100,12700,5000,20500,2900,20900,400,200,500,8000,1400,500,1600,3800,6200,500,15000
258.0,9.51,190700,1823439.0,9.51,9.5,9.48,9.47,9.46,9.45,9.43,9.42,9.41,9.4,9.53,9.54,9.56,9.58,9.59,9.6,9.61,9.62,9.64,9.65,600,9300,12100,22100,12700,5000,20500,2900,20900,400,200,500,8000,1400,500,1600,3800,6200,500,15000
259.0,9.51,190700,1823439.0,9.51,9.5,9.48,9.47,9.46,9.45,9.43,9.42,9.41,9.4,9.53,9.54,9.56,9.58,9.59,9.6,9.61,9.62,9.64,9.65,600,9300,12100,22100,12700,5000,20500,2900,20900,400,200,500,8000,1400,500,1600,3800,6200,500,15000
260.0,9.51,190700,1823439.0,9.51,9.5,9.48,9.47,9.46,9.45,9.43,9.42,9.41,9.4,9.53,9.54,9.56,9.58,9.59,9.6,9.61,9.62,9.64,9.65,600,12200,12100,22100,12700,5000,20500,2900,20900,400,200,500,8000,1400,500,1600,3800,6200,500,10600
261.0,9.51,190700,1823439.0,9.51,9.5,9.48,9.47,9.46,9.45,9.43,9.42,9.41,9.4,9.53,9.54,9.56,9.58,9.59,9.6,9.61,9.62,9.64,9.65,600,13200,12100,22100,12700,5000,20500,2900,20900,400,200,500,8000,1400,500,1600,3800,6200,500,10600
262.0,9.51,191300,1829145.0,9.5,9.49,9.48,9.47,9.46,9.45,9.43,9.42,9.41,9.4,9.51,9.53,9.54,9.56,9.58,9.59,9.6,9.61,9.62,9.64,13200,400,12100,22100,12700,5000,20500,2900,20900,400,4900,200,500,8000,1400,500,1600,3800,6200,500
263.0,9.51,191300,1829145.0,9.5,9.49,9.48,9.47,9.46,9.45,9.43,9.42,9.41,9.4,9.51,9.53,9.54,9.56,9.58,9.59,9.6,9.61,9.62,9.64,13200,400,12100,22100,12700,5000,20500,2900,20900,400,4900,200,500,8000,1400,500,1600,3800,6200,500
264.0,9.5,192700,1842454.0,9.5,9.49,9.48,9.47,9.46,9.45,9.43,9.42,9.41,9.4,9.51,9.53,9.54,9.56,9.58,9.59,9.6,9.61,9.62,9.64,12700,400,12100,22100,12700,5000,20500,2900,20900,400,4000,200,500,8000,1400,500,1600,3800,6200,500
265.0,9.51,193100,1846258.0,9.5,9.49,9.48,9.47,9.46,9.45,9.43,9.42,9.41,9.4,9.51,9.53,9.54,9.56,9.58,9.59,9.6,9.61,9.62,9.64,12700,400,12100,22100,12700,5000,20500,2900,20900,400,3600,200,500,8000,1400,500,1600,3800,6200,500
266.0,9.51,193400,1849111.0,9.5,9.49,9.48,9.47,9.46,9.45,9.43,9.42,9.41,9.4,9.51,9.53,9.54,9.56,9.58,9.59,9.6,9.61,9.62,9.64,12700,400,12100,900,12700,5000,20500,2900,20900,400,3300,200,500,8000,1400,500,1600,3800,6200,500
267.0,9.5,193500,1850061.0,9.5,9.49,9.48,9.47,9.46,9.45,9.43,9.42,9.41,9.4,9.51,9.53,9.54,9.56,9.58,9.59,9.6,9.61,9.62,9.64,12600,400,12100,900,12700,5000,20500,2900,20900,400,3300,200,500,8000,1400,500,1600,3800,6200,500
268.0,9.51,193800,1852914.0,9.5,9.49,9.48,9.47,9.46,9.45,9.43,9.42,9.41,9.4,9.51,9.53,9.54,9.55,9.56,9.58,9.59,9.6,9.61,9.62,12600,400,12100,900,12700,5000,20500,2900,20900,400,3000,200,500,3500,8000,1400,500,1600,3800,6200
269.0,9.5,193900,1853864.0,9.5,9.49,9.48,9.47,9.46,9.45,9.43,9.42,9.41,9.4,9.51,9.53,9.54,9.55,9.56,9.58,9.59,9.6,9.61,9.62,9600,400,12100,900,12700,5000,20500,2900,21800,400,6000,200,500,3500,8000,1400,500,1600,3800,6200
270.0,9.5,194100,1855764.0,9.5,9.49,9.48,9.47,9.46,9.45,9.43,9.42,9.41,9.4,9.51,9.53,9.54,9.55,9.56,9.58,9.59,9.6,9.61,9.62,9400,400,12100,900,12700,5000,20500,2900,21800,400,6000,200,500,3500,8000,1400,500,1600,3800,6200
271.0,9.51,195000,1864323.0,9.5,9.49,9.48,9.47,9.46,9.45,9.43,9.42,9.41,9.4,9.51,9.53,9.54,9.55,9.56,9.58,9.59,9.6,9.61,9.62,9400,400,12100,900,12700,5000,20500,2900,21800,400,5100,200,500,3500,8000,1400,500,1600,3800,6200
272.0,9.51,195500,1869078.0,9.5,9.49,9.48,9.47,9.46,9.45,9.43,9.42,9.41,9.4,9.51,9.53,9.54,9.55,9.56,9.58,9.59,9.6,9.61,9.62,8400,400,12100,900,12700,5000,20500,2900,21800,400,4600,200,500,3500,8000,1400,500,1600,3800,6200
273.0,9.5,196000,1873832.0,9.5,9.49,9.48,9.47,9.46,9.45,9.43,9.42,9.41,9.4,9.51,9.53,9.54,9.55,9.56,9.58,9.59,9.6,9.61,9.62,8300,400,12100,900,12700,5000,20500,2900,21800,400,4200,200,500,3500,8000,1400,500,1600,3800,6200
274.0,9.5,196400,1877632.0,9.5,9.49,9.48,9.47,9.46,9.45,9.43,9.42,9.41,9.4,9.51,9.53,9.54,9.55,9.56,9.58,9.59,9.6,9.61,9.62,7900,400,12100,900,12700,6500,20500,2900,21800,400,4200,200,500,3500,8000,1400,500,1600,3800,6200
275.0,9.51,197900,1891895.0,9.5,9.49,9.48,9.47,9.46,9.45,9.43,9.42,9.41,9.4,9.51,9.53,9.54,9.55,9.56,9.58,9.59,9.6,9.61,9.62,17700,400,12100,900,12700,6500,20500,2900,21800,400,2900,200,500,3500,8000,1400,500,1600,3800,6200
276.0,9.51,197900,1891895.0,9.5,9.49,9.48,9.47,9.46,9.45,9.43,9.42,9.41,9.4,9.51,9.53,9.54,9.55,9.56,9.58,9.59,9.6,9.61,9.62,17700,400,17100,900,12700,6500,20500,2900,21800,400,2900,200,500,3500,8000,1400,500,1600,3800,6200
277.0,9.5,198400,1896645.0,9.5,9.49,9.48,9.47,9.46,9.45,9.43,9.42,9.41,9.4,9.51,9.53,9.54,9.55,9.56,9.58,9.59,9.6,9.61,9.62,17200,400,17100,900,12700,6500,20500,2900,21800,400,2900,200,500,3500,8000,1400,500,1600,3800,6200
278.0,9.51,198600,1898547.0,9.5,9.49,9.48,9.47,9.46,9.45,9.43,9.42,9.41,9.4,9.51,9.53,9.54,9.55,9.56,9.58,9.59,9.6,9.61,9.62,17200,400,17100,900,12700,6500,20500,2900,21800,400,2700,200,500,3500,8000,1400,500,1600,3800,6200
279.0,9.51,198600,1898547.0,9.5,9.49,9.48,9.47,9.46,9.45,9.43,9.42,9.41,9.4,9.51,9.53,9.54,9.55,9.56,9.58,9.59,9.6,9.61,9.62,17200,400,17100,900,12700,6500,20500,2900,21800,400,2700,200,500,3500,8000,1400,500,1600,3800,6200
280.0,9.51,198600,1898547.0,9.5,9.49,9.48,9.47,9.46,9.45,9.43,9.42,9.41,9.4,9.51,9.53,9.54,9.55,9.56,9.58,9.59,9.6,9.61,9.62,17200,400,17100,900,12700,6500,20500,2900,21800,400,2700,200,500,3500,8000,1400,500,1600,3800,6200
281.0,9.51,199200,1904253.0,9.5,9.49,9.48,9.47,9.46,9.45,9.43,9.42,9.41,9.4,9.51,9.53,9.54,9.55,9.56,9.58,9.59,9.6,9.61,9.62,17200,400,17100,900,12700,6500,20500,2900,21800,400,2100,200,500,3500,8000,1400,500,1600,3800,6200
282.0,9.51,199200,1904253.0,9.5,9.49,9.48,9.47,9.46,9.45,9.43,9.42,9.41,9.4,9.51,9.53,9.54,9.55,9.56,9.58,9.59,9.6,9.61,9.62,17200,400,17100,900,12700,6500,20500,2900,21800,400,2100,200,500,3500,8000,1400,500,1600,3800,6200
283.0,9.51,199200,1904253.0,9.5,9.49,9.48,9.47,9.46,9.45,9.43,9.42,9.41,9.4,9.51,9.53,9.54,9.55,9.56,9.58,9.59,9.6,9.61,9.62,17200,400,17100,900,12700,6500,20500,2900,21800,400,2200,200,500,3500,8000,1400,500,1600,3800,6200
284.0,9.5,202400,1934655.0,9.5,9.49,9.48,9.47,9.46,9.45,9.43,9.42,9.41,9.4,9.51,9.53,9.54,9.55,9.56,9.58,9.59,9.6,9.61,9.62,14200,400,17100,900,12700,6500,20500,2900,21800,400,2000,200,500,3500,8000,1400,500,1600,3800,6200
285.0,9.5,202400,1934655.0,9.5,9.49,9.48,9.47,9.46,9.45,9.43,9.42,9.41,9.4,9.51,9.53,9.54,9.55,9.56,9.58,9.59,9.6,9.61,9.62,14200,400,17100,900,12700,9500,20500,2900,21800,400,2000,200,500,3500,8000,1400,500,1600,3800,6200
286.0,9.5,202700,1937505.0,9.5,9.49,9.48,9.47,9.46,9.45,9.43,9.42,9.41,9.4,9.51,9.53,9.54,9.55,9.56,9.58,9.59,9.6,9.61,9.62,13900,400,17100,900,12700,9500,20500,2900,21800,400,2000,200,500,3500,8000,1400,500,1600,3800,6200
287.0,9.51,203100,1941309.0,9.5,9.49,9.48,9.47,9.46,9.45,9.43,9.42,9.41,9.4,9.51,9.53,9.54,9.55,9.56,9.58,9.59,9.6,9.61,9.62,13900,400,17100,900,12700,9500,20500,2900,21800,400,1600,200,500,3500,8000,1400,500,1600,3800,6200
288.0,9.51,203300,1943211.0,9.5,9.49,9.48,9.47,9.46,9.45,9.43,9.42,9.41,9.4,9.51,9.53,9.54,9.55,9.56,9.58,9.59,9.6,9.61,9.62,16800,400,17100,900,12700,9500,20500,2900,21800,400,1400,200,500,3500,8000,1400,500,1600,3800,6200
289.0,9.51,203300,1943211.0,9.5,9.49,9.48,9.47,9.46,9.45,9.43,9.42,9.41,9.4,9.51,9.53,9.54,9.55,9.56,9.58,9.59,9.6,9.61,9.62,16800,400,17100,900,12700,9500,20500,2900,21800,400,1400,200,500,3500,8000,1400,500,1600,3800,6200
290.0,9.5,204200,1951761.0,9.5,9.49,9.48,9.47,9.46,9.45,9.43,9.42,9.41,9.4,9.51,9.53,9.54,9.55,9.56,9.58,9.59,9.6,9.61,9.62,15900,400,17100,900,12700,9500,20500,2900,21800,400,1400,200,500,3500,8000,1400,500,1600,3800,6200
291.0,9.5,207400,1982162.0,9.5,9.49,9.48,9.47,9.46,9.45,9.43,9.42,9.41,9.4,9.51,9.53,9.54,9.55,9.56,9.58,9.59,9.6,9.61,9.62,12900,400,17100,900,12700,9500,20500,2900,21800,400,1300,200,500,3500,8000,1400,500,1600,3800,6200
292.0,9.5,207400,1982162.0,9.5,9.49,9.48,9.47,9.46,9.45,9.43,9.42,9.41,9.4,9.51,9.53,9.54,9.55,9.56,9.58,9.59,9.6,9.61,9.62,12900,400,17100,900,12700,9500,20500,2900,21800,400,1300,200,500,3500,8000,1400,500,1600,3800,6200
293.0,9.5,207400,1982162.0,9.5,9.49,9.48,9.47,9.46,9.45,9.43,9.42,9.41,9.4,9.51,9.53,9.54,9.55,9.56,9.58,9.59,9.6,9.61,9.62,12900,400,17100,900,12700,9500,20500,2900,21800,400,1300,200,500,3500,8000,1400,500,1600,3800,3500
294.0,9.5,207400,1982162.0,9.5,9.49,9.48,9.47,9.46,9.45,9.43,9.42,9.41,9.4,9.51,9.53,9.54,9.55,9.56,9.58,9.59,9.6,9.61,9.62,12900,400,17100,900,12700,9500,20500,2900,21800,400,1300,200,500,3500,8000,1400,500,1600,3800,3500
295.0,9.51,207500,1983113.0,9.5,9.49,9.48,9.47,9.46,9.45,9.43,9.42,9.41,9.4,9.51,9.53,9.54,9.55,9.56,9.58,9.59,9.6,9.61,9.62,12900,400,17100,900,12700,9500,20500,2900,21800,400,1200,200,500,3500,8000,1400,500,1600,3800,3500
296.0,9.5,208000,1987864.0,9.5,9.49,9.48,9.47,9.46,9.45,9.43,9.42,9.41,9.4,9.51,9.53,9.54,9.55,9.56,9.58,9.59,9.6,9.61,9.62,12500,400,17100,900,12700,9500,20500,2900,21800,400,1100,200,500,3500,8000,1400,500,1600,3800,3500
297.0,9.5,208000,1987864.0,9.5,9.49,9.48,9.47,9.46,9.45,9.43,9.42,9.41,9.4,9.51,9.53,9.54,9.55,9.56,9.58,9.59,9.6,9.61,9.62,12500,400,17100,900,12700,9500,20500,2900,21800,400,1100,200,500,3500,8000,1400,500,1600,3800,3500
298.0,9.51,208100,1988815.0,9.5,9.49,9.48,9.47,9.46,9.45,9.43,9.42,9.41,9.4,9.51,9.53,9.54,9.55,9.56,9.58,9.59,9.6,9.61,9.62,12500,400,17100,900,12700,9500,20500,2900,21800,400,1000,200,500,3500,8000,1400,500,1600,3800,3500
299.0,9.5,208500,1992617.0,9.5,9.49,9.48,9.47,9.46,9.45,9.43,9.42,9.41,9.4,9.51,9.53,9.54,9.55,9.56,9.58,9.59,9.6,9.61,9.62,12300,400,17100,900,12700,9500,20500,2900,21800,400,800,200,500,3500,8000,1400,500,1600,3800,3500
300.0,9.5,209100,1998317.0,9.5,9.49,9.48,9.47,9.46,9.45,9.43,9.42,9.41,9.4,9.51,9.53,9.54,9.55,9.56,9.58,9.59,9.6,9.61,9.62,11700,400,17100,900,12700,9500,20500,2900,21800,400,2800,200,500,3500,8000,1400,500,1600,3800,3500
301.0,9.5,209600,2003067.0,9.5,9.49,9.48,9.47,9.46,9.45,9.43,9.42,9.41,9.4,9.51,9.53,9.54,9.55,9.56,9.58,9.59,9.6,9.61,9.62,11200,400,17100,900,12700,9500,20500,2900,21800,400,2800,100,500,3500,8000,1400,500,1600,3800,3500
302.0,9.5,210800,2014473.0,9.5,9.49,9.48,9.47,9.46,9.45,9.43,9.42,9.41,9.4,9.51,9.53,9.54,9.55,9.56,9.58,9.59,9.6,9.61,9.62,10600,400,17100,900,12700,9500,20500,2900,21800,400,2200,100,500,3500,8000,1400,500,1600,3800,3500
303.0,9.5,210800,2014473.0,9.5,9.49,9.48,9.47,9.46,9.45,9.43,9.42,9.41,9.4,9.51,9.53,9.54,9.55,9.56,9.58,9.59,9.6,9.61,9.62,10600,400,17100,900,12700,9500,20500,2900,21800,400,2200,100,500,3500,8000,1400,500,1600,3800,3500
304.0,9.5,211200,2018275.0,9.5,9.49,9.48,9.47,9.46,9.45,9.43,9.42,9.41,9.4,9.51,9.53,9.54,9.55,9.56,9.58,9.59,9.6,9.61,9.62,10400,400,17100,900,12700,9500,20500,2900,21800,400,2000,100,500,3500,8000,1400,500,1600,3800,3500
305.0,9.51,211400,2020177.0,9.5,9.49,9.48,9.47,9.46,9.45,9.43,9.42,9.41,9.4,9.51,9.54,9.55,9.56,9.58,9.59,9.6,9.61,9.62,9.64,11200,400,17100,900,12700,9500,20500,2900,21800,400,1800,500,3500,8000,1400,500,1600,3800,3500,500
306.0,9.51,211400,2020177.0,9.5,9.49,9.48,9.47,9.46,9.45,9.43,9.42,9.41,9.4,9.51,9.54,9.55,9.56,9.58,9.59,9.6,9.61,9.62,9.64,11200,400,17100,900,12700,9500,20500,2900,21800,400,1800,500,3500,8000,1400,500,1600,3800,3500,500
307.0,9.5,211500,2021127.0,9.5,9.49,9.48,9.47,9.46,9.45,9.43,9.42,9.41,9.4,9.51,9.54,9.55,9.56,9.58,9.59,9.6,9.61,9.62,9.64,8200,400,17100,900,12700,9500,20500,2900,21800,400,2100,500,3500,8000,1400,500,1600,3800,3500,500
308.0,9.5,212000,2025879.0,9.5,9.49,9.48,9.47,9.46,9.45,9.43,9.42,9.41,9.4,9.51,9.54,9.55,9.56,9.58,9.59,9.6,9.61,9.62,9.64,7900,400,17100,900,12700,9500,20500,2900,21800,400,1900,500,3500,8000,1400,500,1600,3800,3500,500
309.0,9.5,219700,2099029.0,9.5,9.49,9.48,9.47,9.46,9.45,9.43,9.42,9.41,9.4,9.51,9.54,9.55,9.56,9.58,9.59,9.6,9.61,9.62,9.64,200,400,17100,900,12700,9500,20500,2900,21800,400,2600,500,3500,8000,1400,500,1600,3800,3500,500
310.0,9.5,219900,2100929.0,9.48,9.47,9.46,9.45,9.43,9.42,9.41,9.4,9.39,9.38,9.5,9.51,9.54,9.55,9.56,9.58,9.59,9.6,9.61,9.62,17100,900,12700,9500,20500,2900,21800,400,22300,1000,100,2600,500,3500,8000,1400,500,1600,3800,3500
311.0,9.5,219900,2100929.0,9.48,9.47,9.46,9.45,9.43,9.42,9.41,9.4,9.39,9.38,9.5,9.51,9.54,9.55,9.56,9.58,9.59,9.6,9.61,9.62,17100,900,12700,9500,20500,2900,21800,400,22300,1000,100,2600,500,3500,8000,1400,500,1600,3800,3500
312.0,9.5,219900,2100929.0,9.48,9.47,9.46,9.45,9.43,9.42,9.41,9.4,9.39,9.38,9.5,9.51,9.54,9.55,9.56,9.58,9.59,9.6,9.61,9.62,17300,900,12700,9500,20500,2900,21800,400,22300,1000,300,2600,500,3500,8000,1400,500,1600,3800,3500
313.0,9.5,219900,2100929.0,9.48,9.47,9.46,9.45,9.43,9.42,9.41,9.4,9.39,9.38,9.5,9.51,9.54,9.55,9.56,9.58,9.59,9.6,9.61,9.62,17500,900,12700,9500,20500,2900,21800,400,22300,1000,1400,2600,500,3500,8000,1400,500,1600,3800,3500
314.0,9.5,219900,2100929.0,9.48,9.47,9.46,9.45,9.43,9.42,9.41,9.4,9.39,9.38,9.5,9.51,9.54,9.55,9.56,9.58,9.59,9.6,9.61,9.62,17700,900,12700,9500,20500,3000,21800,400,22300,1000,1500,2600,500,3500,8000,1400,500,1600,3800,3500
315.0,9.5,220000,2101879.0,9.48,9.47,9.46,9.45,9.43,9.42,9.41,9.4,9.39,9.38,9.5,9.51,9.54,9.55,9.56,9.58,9.59,9.6,9.61,9.62,17700,900,12700,9500,20500,3000,21800,400,22300,1000,1400,2600,500,3500,8000,1400,500,1600,3800,3500
316.0,9.5,220000,2101879.0,9.48,9.47,9.46,9.45,9.43,9.42,9.41,9.4,9.39,9.38,9.5,9.51,9.54,9.55,9.56,9.58,9.59,9.6,9.61,9.62,17700,900,12700,9500,20500,3000,21800,400,22300,1000,1400,2600,500,3500,8000,1400,500,1600,3800,3500
317.0,9.5,220000,2101879.0,9.48,9.47,9.46,9.45,9.43,9.42,9.41,9.4,9.39,9.38,9.5,9.51,9.54,9.55,9.56,9.58,9.59,9.6,9.61,9.62,17900,900,12700,9900,20500,3000,21800,400,22300,1000,1600,2600,500,3500,8000,1400,500,1600,3800,3500
318.0,9.5,220200,2103779.0,9.48,9.47,9.46,9.45,9.43,9.42,9.41,9.4,9.39,9.38,9.5,9.51,9.54,9.55,9.56,9.58,9.59,9.6,9.61,9.62,17900,900,12700,9900,20500,3000,21800,400,22300,1000,1400,2600,500,3500,8000,1400,500,1600,3800,3500
319.0,9.5,220200,2103779.0,9.48,9.47,9.46,9.45,9.43,9.42,9.41,9.4,9.39,9.38,9.5,9.51,9.54,9.55,9.56,9.58,9.59,9.6,9.61,9.62,18100,900,13200,9900,20500,3000,21800,400,22300,1000,1600,2600,500,3500,8000,1400,500,1600,3800,3500
320.0,9.5,220200,2103779.0,9.48,9.47,9.46,9.45,9.43,9.42,9.41,9.4,9.39,9.38,9.5,9.51,9.54,9.55,9.56,9.58,9.59,9.6,9.61,9.62,18100,900,13200,9900,20500,3000,21800,400,22300,1000,1600,2600,500,3500,8000,1400,500,1600,3800,3500
321.0,9.5,220700,2108529.0,9.48,9.47,9.46,9.45,9.43,9.42,9.41,9.4,9.39,9.38,9.5,9.51,9.54,9.55,9.56,9.58,9.59,9.6,9.61,9.62,18100,900,13200,9900,20500,3000,21800,400,22300,1000,1100,2600,500,3500,8000,1400,500,1600,3800,3500
322.0,9.5,221000,2111379.0,9.48,9.47,9.46,9.45,9.43,9.42,9.41,9.4,9.39,9.38,9.5,9.51,9.54,9.55,9.56,9.58,9.59,9.6,9.61,9.62,18100,900,13200,9900,20500,3000,21800,400,22300,1000,800,2600,500,3500,8000,1400,500,1600,3800,3500
323.0,9.5,221000,2111379.0,9.48,9.47,9.46,9.45,9.43,9.42,9.41,9.4,9.39,9.38,9.5,9.51,9.54,9.55,9.56,9.58,9.59,9.6,9.61,9.62,18100,900,13200,9900,20500,3000,21800,400,22300,1000,800,2600,500,3500,8000,1400,500,1600,3800,3500
324.0,9.5,221000,2111379.0,9.48,9.47,9.46,9.45,9.43,9.42,9.41,9.4,9.39,9.38,9.5,9.51,9.54,9.55,9.56,9.58,9.59,9.6,9.61,9.62,18100,900,13200,9900,20500,3000,21800,400,22300,1000,800,2600,500,3500,8000,1400,500,1600,3800,3500
325.0,9.5,221000,2111379.0,9.48,9.47,9.46,9.45,9.43,9.42,9.41,9.4,9.39,9.38,9.5,9.51,9.54,9.55,9.56,9.58,9.59,9.6,9.61,9.62,18200,900,13200,9900,20500,3000,21800,400,22300,1000,3000,2600,500,3500,8000,1400,500,1600,3800,3500
326.0,9.5,221300,2114229.0,9.48,9.47,9.46,9.45,9.43,9.42,9.41,9.4,9.39,9.38,9.5,9.51,9.54,9.55,9.56,9.58,9.59,9.6,9.61,9.62,18200,900,13200,9900,20500,3000,21800,400,22300,1000,3200,2600,500,3500,8000,1400,500,1600,3800,3500
327.0,9.5,221300,2114229.0,9.48,9.47,9.46,9.45,9.43,9.42,9.41,9.4,9.39,9.38,9.5,9.51,9.54,9.55,9.56,9.58,9.59,9.6,9.61,9.62,18200,900,13200,9900,20500,3000,21800,400,22300,1000,3200,2600,500,3500,8000,1400,500,1600,3800,3500
328.0,9.5,221300,2114229.0,9.48,9.47,9.46,9.45,9.43,9.42,9.41,9.4,9.39,9.38,9.5,9.51,9.54,9.55,9.56,9.58,9.59,9.6,9.61,9.62,18300,2000,13200,9900,20500,3000,21800,400,22300,1000,3500,2600,500,3500,8000,1400,500,1600,3800,3500
329.0,9.5,221600,2117079.0,9.49,9.48,9.47,9.46,9.45,9.43,9.42,9.41,9.4,9.39,9.5,9.51,9.54,9.55,9.56,9.58,9.59,9.6,9.61,9.62,1000,18400,2000,13200,9900,20500,3000,21800,400,22300,3200,2600,500,3500,8000,1400,500,1600,3800,3500
330.0,9.5,221600,2117079.0,9.49,9.48,9.47,9.46,9.45,9.43,9.42,9.41,9.4,9.39,9.5,9.51,9.54,9.55,9.56,9.58,9.59,9.6,9.61,9.62,1000,18400,2000,13200,9900,20500,3000,21800,400,22300,3200,2600,500,3500,8000,1400,500,1600,3800,3500
331.0,9.5,221600,2117079.0,9.49,9.48,9.47,9.46,9.45,9.43,9.42,9.41,9.4,9.39,9.5,9.51,9.54,9.55,9.56,9.58,9.59,9.6,9.61,9.62,1000,18400,3500,13200,9900,20500,3000,21800,400,22300,3200,2600,500,3500,8000,1400,500,1600,3800,3500
332.0,9.5,222000,2120879.0,9.49,9.48,9.47,9.46,9.45,9.43,9.42,9.41,9.4,9.39,9.5,9.51,9.54,9.55,9.56,9.58,9.59,9.6,9.61,9.62,1100,18400,3500,13200,9900,20500,3000,21800,400,22300,2800,2600,500,3600,8000,1400,500,1600,3800,3500
333.0,9.48,241900,2309550.0,9.47,9.46,9.45,9.43,9.42,9.41,9.4,9.39,9.38,9.36,9.48,9.49,9.5,9.51,9.54,9.55,9.56,9.58,9.59,9.6,3500,13200,9900,20500,3000,21800,400,22300,1000,1400,14100,100,2900,2600,500,3600,8000,1400,500,1600
334.0,9.48,244000,2329458.0,9.47,9.46,9.45,9.43,9.42,9.41,9.4,9.39,9.38,9.36,9.48,9.49,9.5,9.51,9.54,9.55,9.56,9.58,9.59,9.6,3500,13200,9900,20500,3000,21800,400,22300,1000,1400,12000,100,2900,2600,500,3600,8000,1400,500,1600
335.0,9.47,246200,2350294.0,9.47,9.46,9.45,9.43,9.42,9.41,9.4,9.39,9.38,9.36,9.48,9.49,9.5,9.51,9.54,9.55,9.56,9.58,9.59,9.6,2000,13200,9900,20500,3000,21800,400,22300,1000,1400,11800,100,2900,2600,500,3600,8000,1400,500,1600
336.0,9.47,247900,2366403.0,9.47,9.46,9.45,9.43,9.42,9.41,9.4,9.39,9.38,9.36,9.48,9.49,9.5,9.51,9.54,9.55,9.56,9.58,9.59,9.6,2500,13200,9900,20500,3000,21800,400,22300,1000,1400,10800,100,2900,2600,500,3600,8000,1400,500,1600
337.0,9.47,247900,2366403.0,9.47,9.46,9.45,9.43,9.42,9.41,9.4,9.39,9.38,9.36,9.48,9.5,9.51,9.54,9.55,9.56,9.58,9.59,9.6,9.61,2500,13200,9900,20500,3000,21800,400,22300,1000,1400,10800,2900,2600,500,3600,8000,1400,500,1600,3800
338.0,9.47,247900,2366403.0,9.47,9.46,9.45,9.43,9.42,9.41,9.4,9.39,9.38,9.36,9.48,9.5,9.51,9.54,9.55,9.56,9.58,9.59,9.6,9.61,2500,13200,9900,20500,3000,21800,400,22300,1000,1400,10800,2900,2600,500,3600,8000,1400,500,1600,3800
339.0,9.48,251400,2399583.0,9.47,9.46,9.45,9.43,9.42,9.41,9.4,9.39,9.38,9.36,9.48,9.5,9.51,9.54,9.55,9.56,9.58,9.59,9.6,9.61,2500,13200,9900,20500,3000,21800,400,22300,1000,1400,7300,2900,2600,500,100,8000,1400,500,1600,3800
340.0,9.48,253400,2418543.0,9.47,9.46,9.45,9.43,9.42,9.41,9.4,9.39,9.38,9.36,9.48,9.5,9.51,9.54,9.55,9.56,9.58,9.59,9.6,9.61,2500,13200,9900,20500,3000,21800,400,22300,1000,1400,5300,2900,2600,500,100,8000,1400,500,1600,3800
341.0,9.48,259900,2480117.0,9.47,9.46,9.45,9.43,9.42,9.41,9.4,9.39,9.38,9.36,9.48,9.5,9.51,9.54,9.55,9.56,9.58,9.59,9.6,9.61,900,13200,9900,20500,3000,21800,400,22300,1000,1400,3400,2900,2600,500,100,8000,1400,500,1600,3800
342.0,9.48,259900,2480117.0,9.47,9.46,9.45,9.43,9.42,9.41,9.4,9.39,9.38,9.36,9.48,9.5,9.51,9.54,9.55,9.56,9.58,9.59,9.6,9.61,900,13200,9900,20500,3000,21800,400,22300,1000,1400,3400,2900,2600,500,100,8000,1400,500,1600,3800
343.0,9.48,260800,2488649.0,9.47,9.46,9.45,9.43,9.42,9.41,9.4,9.39,9.38,9.36,9.48,9.5,9.51,9.54,9.55,9.56,9.58,9.59,9.6,9.61,900,13200,9900,20500,3000,21800,400,22300,1000,1400,2500,2900,2600,500,100,8000,1400,500,1600,3800
344.0,9.48,261600,2496233.0,9.47,9.46,9.45,9.43,9.42,9.41,9.4,9.39,9.38,9.36,9.48,9.5,9.51,9.54,9.55,9.56,9.58,9.59,9.6,9.61,900,13200,9900,20500,3000,21800,400,22300,1000,1400,1700,2900,2600,500,100,8000,1400,500,1600,3800
345.0,9.48,261600,2496233.0,9.47,9.46,9.45,9.43,9.42,9.41,9.4,9.39,9.38,9.36,9.48,9.5,9.51,9.54,9.55,9.56,9.58,9.59,9.6,9.61,900,13200,9900,20500,3000,21800,400,22300,1000,1400,1700,2900,2600,500,100,8000,1400,500,1600,3800
346.0,9.48,261900,2499077.0,9.47,9.46,9.45,9.43,9.42,9.41,9.4,9.39,9.38,9.36,9.48,9.5,9.51,9.54,9.55,9.56,9.58,9.59,9.6,9.61,900,13200,9900,20500,3000,21800,400,22300,1000,1400,1400,2900,2600,500,100,8000,1400,500,1600,3800
347.0,9.48,262000,2500025.0,9.47,9.46,9.45,9.43,9.42,9.41,9.4,9.39,9.38,9.36,9.48,9.5,9.51,9.54,9.55,9.56,9.58,9.59,9.6,9.61,900,13200,9900,20500,3000,21800,400,22300,1000,1400,1300,2900,2600,500,100,8000,1400,500,1600,3800
348.0,9.47,276800,2640182.0,9.47,9.46,9.45,9.43,9.42,9.41,9.4,9.39,9.38,9.36,9.48,9.5,9.51,9.54,9.55,9.56,9.58,9.59,9.6,9.61,3800,13200,9900,20500,3000,21800,400,22300,1000,1400,1200,6400,2600,500,100,8000,1400,500,1600,3800
349.0,9.47,276800,2640182.0,9.47,9.46,9.45,9.43,9.42,9.41,9.4,9.39,9.38,9.36,9.48,9.5,9.51,9.54,9.55,9.56,9.58,9.59,9.6,9.61,3800,13200,9900,20500,3000,21800,400,22300,1000,1400,1200,6400,2600,500,100,8000,1400,500,1600,3800
350.0,9.48,276900,2641130.0,9.47,9.46,9.45,9.43,9.42,9.41,9.4,9.39,9.38,9.36,9.48,9.5,9.51,9.54,9.55,9.56,9.58,9.59,9.6,9.61,3800,13200,9900,20500,3000,21800,400,22300,1000,1400,1100,6400,2600,500,100,8000,1400,500,1600,3800
351.0,9.48,277500,2646817.0,9.47,9.46,9.45,9.43,9.42,9.41,9.4,9.39,9.38,9.36,9.48,9.5,9.51,9.54,9.55,9.56,9.58,9.59,9.6,9.61,3700,13200,9900,20500,3000,21800,400,22300,1000,1400,600,6400,2600,500,100,8000,1400,500,1600,3800
352.0,9.48,279200,2662934.0,9.49,9.48,9.47,9.46,9.45,9.43,9.42,9.41,9.4,9.39,9.5,9.51,9.54,9.55,9.56,9.58,9.59,9.6,9.61,9.62,100,100,3300,13200,9900,20500,3000,21800,400,22300,6400,2600,500,100,8000,1400,500,1600,3800,3500
353.0,9.5,279800,2668634.0,9.49,9.48,9.47,9.46,9.45,9.43,9.42,9.41,9.4,9.39,9.5,9.51,9.54,9.55,9.56,9.58,9.59,9.6,9.61,9.62,200,400,3300,13200,11700,20500,3000,21800,400,22300,5800,2600,500,100,8000,1400,500,1600,3800,3500
354.0,9.5,279800,2668634.0,9.49,9.48,9.47,9.46,9.45,9.43,9.42,9.41,9.4,9.39,9.5,9.51,9.54,9.55,9.56,9.58,9.59,9.6,9.61,9.62,300,400,3300,13200,11700,20500,3000,21800,400,22300,5800,2600,500,100,8000,1400,500,1600,3800,3500
355.0,9.47,281900,2688563.0,9.47,9.46,9.45,9.43,9.42,9.41,9.4,9.39,9.38,9.36,9.48,9.5,9.51,9.54,9.55,9.56,9.58,9.59,9.6,9.61,3400,13200,11700,20500,3000,21800,400,22300,1000,1400,300,4800,2600,500,100,8000,1400,500,1600,3800
356.0,9.47,281900,2688563.0,9.47,9.46,9.45,9.43,9.42,9.41,9.4,9.39,9.38,9.36,9.48,9.5,9.51,9.54,9.55,9.56,9.58,9.59,9.6,9.61,3700,13200,11700,20500,3000,21800,400,22300,1000,1400,300,4800,2600,500,100,8000,1400,500,1600,3800
357.0,9.47,281900,2688563.0,9.47,9.46,9.45,9.43,9.42,9.41,9.4,9.39,9.38,9.36,9.48,9.5,9.51,9.54,9.55,9.56,9.58,9.59,9.6,9.61,3700,15800,11700,20500,3000,21800,400,22300,1000,1400,300,4800,2600,500,100,8000,1400,500,1600,3800
358.0,9.48,282200,2691407.0,9.49,9.48,9.47,9.46,9.45,9.43,9.42,9.41,9.4,9.39,9.5,9.51,9.54,9.55,9.56,9.58,9.59,9.6,9.61,9.62,2000,12500,32800,15800,11700,20500,3000,21800,400,22300,4800,2600,500,100,8000,1400,500,1600,3800,3500
359.0,9.48,282200,2691407.0,9.49,9.48,9.47,9.46,9.45,9.43,9.42,9.41,9.4,9.39,9.5,9.51,9.54,9.55,9.56,9.58,9.59,9.6,9.61,9.62,2000,13500,32800,15800,11700,20500,3000,21800,400,22300,4800,2600,500,100,8000,1400,500,1600,3800,3500
360.0,9.48,282200,2691407.0,9.49,9.48,9.47,9.46,9.45,9.43,9.42,9.41,9.4,9.39,9.5,9.51,9.54,9.55,9.56,9.58,9.59,9.6,9.61,9.62,2000,13500,32800,15800,11700,20500,3000,21800,400,22300,4800,2600,500,100,8000,1400,500,1600,3800,3500
361.0,9.5,282600,2695207.0,9.49,9.48,9.47,9.46,9.45,9.43,9.42,9.41,9.4,9.39,9.5,9.51,9.54,9.55,9.56,9.58,9.59,9.6,9.61,9.62,100,13500,33700,15800,11700,20500,3000,21800,400,22300,4500,2600,500,100,8000,1400,500,1600,3800,3500
362.0,9.48,284800,2716072.0,9.48,9.47,9.46,9.45,9.43,9.42,9.41,9.4,9.39,9.38,9.5,9.51,9.54,9.55,9.56,9.58,9.59,9.6,9.61,9.62,11800,33700,15800,11700,20500,3000,21800,400,22300,1000,4100,2600,500,100,8000,1400,500,1600,3800,3500
363.0,9.48,285500,2722716.0,9.48,9.47,9.46,9.45,9.43,9.42,9.41,9.4,9.39,9.38,9.5,9.51,9.54,9.55,9.56,9.58,9.59,9.6,9.61,9.62,15300,33700,15800,11700,20500,3000,21800,400,22300,1000,4600,2600,500,100,8000,1400,500,1600,3800,3500
364.0,9.5,285900,2726516.0,9.49,9.48,9.47,9.46,9.45,9.43,9.42,9.41,9.4,9.39,9.5,9.51,9.54,9.55,9.56,9.58,9.59,9.6,9.61,9.62,2300,9700,33700,15800,11700,20500,3000,21800,400,22300,4200,2600,500,100,8000,1400,500,1600,3800,3500
365.0,9.5,285900,2726516.0,9.49,9.48,9.47,9.46,9.45,9.43,9.42,9.41,9.4,9.39,9.5,9.51,9.54,9.55,9.56,9.58,9.59,9.6,9.61,9.62,2300,9800,33700,15800,11700,20500,3000,21800,400,22300,4200,2600,500,100,8000,1400,500,1600,3800,3500
366.0,9.5,285900,2726516.0,9.49,9.48,9.47,9.46,9.45,9.43,9.42,9.41,9.4,9.39,9.5,9.51,9.54,9.55,9.56,9.58,9.59,9.6,9.61,9.62,2300,9800,33700,15800,11700,20500,3000,21800,400,22300,4200,2400,500,100,8000,1400,500,1600,3800,3500
367.0,9.5,285900,2726516.0,9.49,9.48,9.47,9.46,9.45,9.43,9.42,9.41,9.4,9.39,9.5,9.51,9.54,9.55,9.56,9.58,9.59,9.6,9.61,9.62,2300,9800,33700,15800,11700,20500,3000,21800,400,22300,4200,2300,500,100,8000,1400,500,1600,3800,3500
368.0,9.5,286300,2730316.0,9.49,9.48,9.47,9.46,9.45,9.43,9.42,9.41,9.4,9.39,9.5,9.51,9.54,9.55,9.56,9.58,9.59,9.6,9.61,9.62,2300,9800,33700,15800,11700,20500,3000,21800,400,22300,3800,2300,500,100,8000,1400,500,1600,3800,3500
369.0,9.5,287000,2736966.0,9.49,9.48,9.47,9.46,9.45,9.43,9.42,9.41,9.4,9.39,9.5,9.51,9.54,9.55,9.56,9.58,9.59,9.6,9.61,9.62,2300,9800,33700,15800,11700,20500,3000,21800,400,22300,3100,2300,500,100,8000,1400,500,1600,3800,3500
370.0,9.5,287300,2739816.0,9.49,9.48,9.47,9.46,9.45,9.43,9.42,9.41,9.4,9.39,9.5,9.51,9.54,9.55,9.56,9.58,9.59,9.6,9.61,9.62,2300,9800,33700,15800,11700,21000,3000,21800,400,22300,4700,2300,500,100,8000,1400,500,1600,3800,3500
371.0,9.5,287700,2743616.0,9.49,9.48,9.47,9.46,9.45,9.43,9.42,9.41,9.4,9.39,9.5,9.51,9.54,9.55,9.56,9.58,9.59,9.6,9.61,9.62,2300,9400,33700,15800,11700,21000,3000,21800,400,22300,5200,2300,500,100,8000,1400,500,1600,3800,3500
372.0,9.5,287700,2743616.0,9.49,9.48,9.47,9.46,9.45,9.43,9.42,9.41,9.4,9.39,9.5,9.51,9.54,9.55,9.56,9.58,9.59,9.6,9.61,9.62,2300,9400,32800,15800,11700,21000,3000,21800,400,22300,5200,2300,500,100,8000,1400,500,1600,3800,3500
373.0,9.49,289200,2757851.0,9.49,9.48,9.47,9.46,9.45,9.43,9.42,9.41,9.4,9.39,9.5,9.51,9.54,9.55,9.56,9.58,9.59,9.6,9.61,9.62,1100,9400,32800,15800,11700,21000,3000,21800,400,22300,5700,2300,500,100,8000,1400,500,1600,3800,3500
374.0,9.5,289700,2762601.0,9.49,9.48,9.47,9.46,9.45,9.43,9.42,9.41,9.4,9.39,9.5,9.51,9.54,9.55,9.56,9.58,9.59,9.6,9.61,9.62,1100,9000,32800,15800,11700,21000,3000,21800,400,22300,5300,2300,500,100,8000,1400,500,1600,3800,3500
375.0,9.49,289800,2763550.0,9.49,9.48,9.47,9.46,9.45,9.43,9.42,9.41,9.4,9.39,9.5,9.51,9.54,9.55,9.56,9.58,9.59,9.6,9.61,9.62,1000,9000,32800,15800,11700,21000,3000,21800,400,22300,5300,2300,500,100,8000,1400,500,1600,3800,3500
376.0,9.5,289900,2764500.0,9.49,9.48,9.47,9.46,9.45,9.43,9.42,9.41,9.4,9.39,9.5,9.51,9.54,9.55,9.56,9.58,9.59,9.6,9.61,9.62,1000,9000,32800,15800,11700,21000,3000,21800,400,22300,5200,2300,500,100,8000,1400,500,1600,3800,3500
377.0,9.49,291100,2775898.0,9.49,9.48,9.47,9.46,9.45,9.43,9.42,9.41,9.4,9.39,9.5,9.51,9.54,9.55,9.56,9.58,9.59,9.6,9.61,9.62,800,9000,32800,15800,11700,21000,3000,21800,400,22300,4200,2300,500,100,8000,1400,500,1600,3800,3500
378.0,9.49,291900,2783490.0,9.48,9.47,9.46,9.45,9.43,9.42,9.41,9.4,9.39,9.38,9.49,9.5,9.51,9.54,9.55,9.56,9.58,9.59,9.6,9.61,9000,32800,15800,11700,21000,3000,21800,400,22300,1000,5100,6000,2300,500,100,8000,1400,500,1600,3800
379.0,9.49,291900,2783490.0,9.48,9.47,9.46,9.45,9.43,9.42,9.41,9.4,9.39,9.38,9.49,9.5,9.51,9.54,9.55,9.56,9.58,9.59,9.6,9.61,9000,32800,15800,11700,21000,3000,21800,400,22300,1000,5200,6500,2300,500,100,8000,1400,500,1600,3800
380.0,9.48,292600,2790131.0,9.48,9.47,9.46,9.45,9.43,9.42,9.41,9.4,9.39,9.38,9.49,9.5,9.51,9.54,9.55,9.56,9.58,9.59,9.6,9.61,8800,32800,15800,11700,21000,3000,21800,400,22300,1000,4800,6500,2300,500,100,8000,1400,500,1600,3800
381.0,9.49,293500,2798672.0,9.48,9.47,9.46,9.45,9.43,9.42,9.41,9.4,9.39,9.38,9.49,9.5,9.51,9.54,9.55,9.56,9.58,9.59,9.6,9.61,8800,32800,15800,11700,21000,3000,21800,400,22300,1000,3900,6500,2300,500,100,8000,1400,500,1600,3800
382.0,9.49,293500,2798672.0,9.48,9.47,9.46,9.45,9.43,9.42,9.41,9.4,9.39,9.38,9.49,9.5,9.51,9.54,9.55,9.56,9.58,9.59,9.6,9.61,8800,32800,15800,11700,21000,3000,21800,400,22300,1000,3900,6500,2300,500,100,8000,1400,500,1600,3800
383.0,9.49,293500,2798672.0,9.48,9.47,9.46,9.45,9.43,9.42,9.41,9.4,9.39,9.38,9.49,9.5,9.51,9.54,9.55,9.56,9.58,9.59,9.6,9.61,8800,32800,15800,11700,21000,3000,21800,400,22300,1000,4100,6500,2300,500,100,8000,1400,500,1600,3800
384.0,9.49,294300,2806264.0,9.48,9.47,9.46,9.45,9.43,9.42,9.41,9.4,9.39,9.38,9.49,9.5,9.51,9.54,9.55,9.56,9.58,9.59,9.6,9.61,8800,32800,15800,11700,21000,3000,21800,400,22300,1000,3400,6500,2300,500,100,8000,1400,500,1600,3800
385.0,9.49,294300,2806264.0,9.48,9.47,9.46,9.45,9.43,9.42,9.41,9.4,9.39,9.38,9.49,9.5,9.51,9.54,9.55,9.56,9.58,9.59,9.6,9.61,8800,32800,15800,11700,21000,3000,21800,400,22300,1000,3400,6500,2300,500,100,8000,1400,500,1600,3800
386.0,9.49,294300,2806264.0,9.48,9.47,9.46,9.45,9.43,9.42,9.41,9.4,9.39,9.38,9.49,9.5,9.51,9.54,9.55,9.56,9.58,9.59,9.6,9.61,8800,32800,15800,11700,21000,3000,21800,400,22300,1000,3400,6500,2300,500,100,8000,1400,500,1600,3800
387.0,9.49,294600,2809111.0,9.48,9.47,9.46,9.45,9.43,9.42,9.41,9.4,9.39,9.38,9.49,9.5,9.51,9.54,9.55,9.56,9.58,9.59,9.6,9.61,8800,32800,15800,11700,21000,3000,21800,400,22300,1000,3100,6500,2300,500,100,8000,1400,500,1600,3800
388.0,9.49,294600,2809111.0,9.48,9.47,9.46,9.45,9.43,9.42,9.41,9.4,9.39,9.38,9.49,9.5,9.51,9.54,9.55,9.56,9.58,9.59,9.6,9.61,8800,33800,15800,11700,21000,3000,21800,400,22300,1000,3600,6500,2300,500,100,8000,1400,500,1600,3800
389.0,9.49,294600,2809111.0,9.48,9.47,9.46,9.45,9.43,9.42,9.41,9.4,9.39,9.38,9.49,9.5,9.51,9.54,9.55,9.56,9.58,9.59,9.6,9.61,8800,33800,15800,11700,21000,3000,21800,400,22300,1000,3600,6500,2300,500,100,8000,1400,500,1600,3800
390.0,9.48,295300,2815750.0,9.48,9.47,9.46,9.45,9.43,9.42,9.41,9.4,9.39,9.38,9.49,9.5,9.51,9.54,9.55,9.56,9.58,9.59,9.6,9.61,10400,33800,15800,11700,21000,3000,21800,400,22300,1000,3300,6500,2300,500,100,8000,1400,500,1600,3800
391.0,9.48,295300,2815750.0,9.48,9.47,9.46,9.45,9.43,9.42,9.41,9.4,9.39,9.38,9.49,9.5,9.51,9.54,9.55,9.56,9.58,9.59,9.6,9.61,10400,34800,15800,11700,21000,3000,21800,400,22300,1000,3300,6500,2300,500,100,8000,1400,500,1600,3800
392.0,9.48,297000,2831880.0,9.48,9.47,9.46,9.45,9.43,9.42,9.41,9.4,9.39,9.38,9.49,9.5,9.51,9.54,9.55,9.56,9.58,9.59,9.6,9.61,10100,34800,15800,11700,21000,3000,21800,400,22300,1000,1900,6500,2300,500,100,8000,1400,500,1600,3800
393.0,9.48,297000,2831880.0,9.48,9.47,9.46,9.45,9.43,9.42,9.41,9.4,9.39,9.38,9.49,9.5,9.51,9.54,9.55,9.56,9.58,9.59,9.6,9.61,10100,34800,15800,11700,21000,3000,21800,400,22300,1000,1900,6500,2300,500,100,8000,1400,500,1600,3800
394.0,9.49,297100,2832829.0,9.48,9.47,9.46,9.45,9.43,9.42,9.41,9.4,9.39,9.38,9.49,9.5,9.51,9.54,9.55,9.56,9.58,9.59,9.6,9.61,10100,34800,15800,11700,21000,3000,21800,400,22300,1000,1800,6500,2300,500,100,8000,1400,500,1600,3800
395.0,9.49,297100,2832829.0,9.48,9.47,9.46,9.45,9.43,9.42,9.41,9.4,9.39,9.38,9.49,9.5,9.51,9.54,9.55,9.56,9.58,9.59,9.6,9.61,10100,33800,15800,11700,21000,3000,21800,400,22300,1000,1800,6500,2300,500,100,8000,1400,500,1600,3800
396.0,9.48,297200,2833777.0,9.48,9.47,9.46,9.45,9.43,9.42,9.41,9.4,9.39,9.38,9.49,9.5,9.51,9.54,9.55,9.56,9.58,9.59,9.6,9.61,10000,33800,15800,11700,21000,3000,21800,400,22300,1000,1800,6500,2300,500,100,8000,1400,500,1600,3800
397.0,9.49,297300,2834726.0,9.48,9.47,9.46,9.45,9.43,9.42,9.41,9.4,9.39,9.38,9.49,9.5,9.51,9.54,9.55,9.56,9.58,9.59,9.6,9.61,10000,33800,15800,11700,21000,3000,21800,400,22300,1000,1700,6500,2300,500,100,8000,1400,500,1600,3800
398.0,9.49,297300,2834726.0,9.48,9.47,9.46,9.45,9.43,9.42,9.41,9.4,9.39,9.38,9.49,9.5,9.51,9.54,9.55,9.56,9.58,9.59,9.6,9.61,10000,33800,15800,11700,21000,4000,21800,400,22300,1000,1700,6500,2300,500,100,8000,1400,500,1600,3800
399.0,9.49,297400,2835675.0,9.48,9.47,9.46,9.45,9.43,9.42,9.41,9.4,9.39,9.38,9.49,9.5,9.51,9.54,9.55,9.56,9.58,9.59,9.6,9.61,10000,33800,15800,11700,21000,4000,21800,400,22300,1000,1600,6500,2300,500,100,8000,1400,500,1600,3800
400.0,9.48,298300,2844207.0,9.48,9.47,9.46,9.45,9.43,9.42,9.41,9.4,9.39,9.38,9.49,9.5,9.51,9.54,9.55,9.56,9.58,9.59,9.6,9.61,9100,33800,15800,11700,21000,4000,21800,400,22300,1000,1600,6500,2300,500,100,8000,1400,500,1600,3800
401.0,9.49,298400,2845156.0,9.48,9.47,9.46,9.45,9.43,9.42,9.41,9.4,9.39,9.38,9.49,9.5,9.51,9.54,9.55,9.56,9.58,9.59,9.6,9.61,9100,33800,15800,11700,21000,4000,21800,400,22300,1000,1500,6500,2300,500,100,8000,1400,500,1600,3800
402.0,9.49,298400,2845156.0,9.48,9.47,9.46,9.45,9.43,9.42,9.41,9.4,9.39,9.38,9.49,9.5,9.51,9.54,9.55,9.56,9.58,9.59,9.6,9.61,9100,33800,15800,11700,21000,4000,21800,400,22300,1000,1500,6500,2300,500,100,8000,1400,500,1600,3800
403.0,9.49,298400,2845156.0,9.48,9.47,9.46,9.45,9.43,9.42,9.41,9.4,9.39,9.38,9.49,9.5,9.51,9.54,9.55,9.56,9.58,9.59,9.6,9.61,9100,33800,15800,11700,21000,4000,21800,400,22300,1000,1500,6500,2300,500,100,8000,1400,500,1600,3800
404.0,9.49,298800,2848952.0,9.48,9.47,9.46,9.45,9.43,9.42,9.41,9.4,9.39,9.38,9.49,9.5,9.51,9.54,9.55,9.56,9.58,9.59,9.6,9.61,9100,33800,15800,11700,21000,4000,21800,400,22300,1000,1100,6500,2300,500,100,8000,1400,500,1600,3800
405.0,9.49,299100,2851799.0,9.48,9.47,9.46,9.45,9.43,9.42,9.41,9.4,9.39,9.38,9.49,9.5,9.51,9.54,9.55,9.56,9.58,9.59,9.6,9.61,9100,33800,15800,11700,21000,4000,21800,400,22300,1000,800,6500,2300,500,100,8000,1400,500,1600,3800
406.0,9.49,299100,2851799.0,9.48,9.47,9.46,9.45,9.43,9.42,9.41,9.4,9.39,9.38,9.49,9.5,9.51,9.54,9.55,9.56,9.58,9.59,9.6,9.61,9100,33800,15800,11700,21000,4000,21800,400,22300,1000,1000,6500,2300,500,100,8000,1400,500,1600,3800
407.0,9.49,299200,2852748.0,9.48,9.47,9.46,9.45,9.43,9.42,9.41,9.4,9.39,9.38,9.49,9.5,9.51,9.54,9.55,9.56,9.58,9.59,9.6,9.61,9100,33800,15800,11700,21000,4000,21800,400,22300,1000,900,6500,2300,500,100,8000,1400,500,1600,3800
408.0,9.49,299200,2852748.0,9.48,9.47,9.46,9.45,9.43,9.42,9.41,9.4,9.39,9.38,9.49,9.5,9.51,9.54,9.55,9.56,9.58,9.59,9.6,9.61,9100,33800,15800,11700,21000,4000,21800,400,22300,1000,900,6500,2300,500,100,8000,1400,500,1600,3800
409.0,9.47,317200,3023299.0,9.47,9.46,9.45,9.43,9.42,9.41,9.4,9.39,9.38,9.36,9.49,9.5,9.51,9.54,9.55,9.56,9.58,9.59,9.6,9.61,24900,15800,11700,21000,4000,21800,400,22300,1000,1400,900,6500,2300,500,100,8000,1400,500,1600,3800
410.0,9.47,317200,3023299.0,9.47,9.46,9.45,9.43,9.42,9.41,9.4,9.39,9.38,9.36,9.49,9.5,9.51,9.54,9.55,9.56,9.58,9.59,9.6,9.61,26300,15800,11700,21000,4000,21800,400,22300,1000,1400,2300,6500,2300,500,100,8000,1400,500,1600,3800
411.0,9.47,318500,3035614.0,9.47,9.46,9.45,9.43,9.42,9.41,9.4,9.39,9.38,9.36,9.48,9.49,9.5,9.51,9.54,9.55,9.56,9.58,9.59,9.6,25200,15800,11700,21000,4000,21800,400,22300,1000,1400,200,3900,6500,2300,500,100,8000,1400,500,1600
412.0,9.47,318700,3037508.0,9.47,9.46,9.45,9.43,9.42,9.41,9.4,9.39,9.38,9.36,9.48,9.49,9.5,9.51,9.54,9.55,9.56,9.58,9.59,9.6,25000,15800,11700,21000,4000,21800,400,22300,1000,1400,200,3900,6500,2300,500,100,8000,1400,500,1600
413.0,9.47,318700,3037508.0,9.47,9.46,9.45,9.43,9.42,9.41,9.4,9.39,9.38,9.36,9.48,9.49,9.5,9.51,9.54,9.55,9.56,9.58,9.59,9.6,25000,15800,11700,21000,4000,21800,400,22300,1000,1400,200,3900,6500,2300,500,100,8000,1400,500,1600
414.0,9.47,318700,3037508.0,9.47,9.46,9.45,9.43,9.42,9.41,9.4,9.39,9.38,9.36,9.48,9.49,9.5,9.51,9.54,9.55,9.56,9.58,9.59,9.6,25000,15800,11700,21000,4000,21800,400,22300,1000,1400,200,3900,6500,2300,500,100,8000,1400,500,1600
415.0,9.47,318700,3037508.0,9.47,9.46,9.45,9.43,9.42,9.41,9.4,9.39,9.38,9.36,9.48,9.49,9.5,9.51,9.54,9.55,9.56,9.58,9.59,9.6,25000,15800,11700,21000,4000,21800,400,22300,1000,1400,200,3900,6500,2300,500,100,8000,1400,500,1600
416.0,9.47,319600,3046031.0,9.47,9.46,9.45,9.43,9.42,9.41,9.4,9.39,9.38,9.36,9.48,9.49,9.5,9.51,9.54,9.55,9.56,9.58,9.59,9.6,24100,15800,11700,21000,4000,21800,400,22300,1000,1400,200,3900,6500,2300,500,100,8000,1400,500,1600
417.0,9.47,319600,3046031.0,9.47,9.46,9.45,9.43,9.42,9.41,9.4,9.39,9.38,9.36,9.48,9.49,9.5,9.51,9.54,9.55,9.56,9.58,9.59,9.6,24100,15800,11700,21000,4000,21800,400,22300,1000,1400,200,3900,6500,2300,500,100,8000,1400,500,1600
418.0,9.47,320600,3055501.0,9.47,9.46,9.45,9.43,9.42,9.41,9.4,9.39,9.38,9.36,9.48,9.49,9.5,9.51,9.54,9.55,9.56,9.58,9.59,9.6,23100,15800,11700,21000,4000,21800,400,22300,1000,1400,200,3900,6500,2300,500,100,8000,1400,500,1600
419.0,9.47,320600,3055501.0,9.47,9.46,9.45,9.43,9.42,9.41,9.4,9.39,9.38,9.36,9.48,9.49,9.5,9.51,9.54,9.55,9.56,9.58,9.59,9.6,23100,15800,11700,21000,4000,21800,600,22300,1000,1400,300,3900,6500,2300,500,100,8000,1400,500,1600
420.0,9.47,320600,3055501.0,9.47,9.46,9.45,9.43,9.42,9.41,9.4,9.39,9.38,9.36,9.48,9.49,9.5,9.51,9.54,9.55,9.56,9.58,9.59,9.6,23100,15800,11700,21000,4000,21800,600,22300,1000,1400,300,3900,6500,2300,500,100,8000,1400,500,1600
421.0,9.47,320900,3058342.0,9.47,9.46,9.45,9.43,9.42,9.41,9.4,9.39,9.38,9.36,9.48,9.49,9.5,9.51,9.54,9.55,9.56,9.58,9.59,9.6,22900,15800,11700,21000,4000,21800,600,22300,1000,1400,300,3900,6500,2300,500,100,8000,1400,500,1600
422.0,9.49,321400,3063084.0,9.47,9.46,9.45,9.43,9.42,9.41,9.4,9.39,9.38,9.36,9.49,9.5,9.51,9.52,9.54,9.55,9.56,9.58,9.59,9.6,22900,15800,11700,21000,4000,21800,600,22300,1000,1400,3700,6500,2300,1000,500,100,8000,1400,500,1600
423.0,9.49,321400,3063084.0,9.48,9.47,9.46,9.45,9.43,9.42,9.41,9.4,9.39,9.38,9.49,9.5,9.51,9.52,9.54,9.55,9.56,9.58,9.59,9.6,900,23800,15800,11700,21000,4000,21800,600,22300,1000,4200,8500,2300,1000,500,100,8000,1400,500,1600
424.0,9.49,321800,3066880.0,9.48,9.47,9.46,9.45,9.43,9.42,9.41,9.4,9.39,9.38,9.49,9.5,9.51,9.52,9.54,9.55,9.56,9.58,9.59,9.6,900,23800,15800,11700,21000,4000,21800,600,22300,1000,3800,8500,2300,1000,500,100,8000,1400,500,1600
425.0,9.49,321800,3066880.0,9.48,9.47,9.46,9.45,9.43,9.42,9.41,9.4,9.39,9.38,9.49,9.5,9.51,9.52,9.54,9.55,9.56,9.58,9.59,9.6,900,23800,15800,11700,21000,4000,21800,600,22300,1000,3800,8500,2300,1000,500,100,8000,1400,500,1600
426.0,9.48,321900,3067828.0,9.48,9.47,9.46,9.45,9.43,9.42,9.41,9.4,9.39,9.38,9.49,9.5,9.51,9.52,9.54,9.55,9.56,9.58,9.59,9.6,800,23800,15800,8700,21000,4000,21800,600,22300,1000,3800,8500,2300,1000,500,100,8000,1400,500,1600
427.0,9.49,322900,3077318.0,9.48,9.47,9.46,9.45,9.43,9.42,9.41,9.4,9.39,9.38,9.49,9.5,9.51,9.52,9.54,9.55,9.56,9.58,9.59,9.6,800,23800,15800,8700,21000,4000,21800,600,22300,1000,2800,8500,2300,1000,500,100,8000,1400,500,1600
428.0,9.49,322900,3077318.0,9.48,9.47,9.46,9.45,9.43,9.42,9.41,9.4,9.39,9.38,9.49,9.5,9.51,9.52,9.54,9.55,9.56,9.58,9.59,9.6,800,23800,15800,8700,21000,4000,21800,600,22300,1000,2800,8500,2300,1000,500,100,8000,1400,500,1600
429.0,9.49,323100,3079216.0,9.48,9.47,9.46,9.45,9.43,9.42,9.41,9.4,9.39,9.38,9.49,9.5,9.51,9.52,9.54,9.55,9.56,9.58,9.59,9.6,800,23800,17800,8700,21000,4000,21800,600,22300,1000,2600,8500,2300,1000,500,100,8000,1400,500,1600
430.0,9.49,323300,3081114.0,9.48,9.47,9.46,9.45,9.43,9.42,9.41,9.4,9.39,9.38,9.49,9.5,9.51,9.52,9.54,9.55,9.56,9.58,9.59,9.6,800,23800,17800,8700,21000,4000,21800,600,22300,1000,2400,8500,2300,1000,500,100,8000,1400,500,1600
431.0,9.48,323600,3083958.0,9.48,9.47,9.46,9.45,9.43,9.42,9.41,9.4,9.39,9.38,9.49,9.5,9.51,9.52,9.54,9.55,9.56,9.58,9.59,9.6,500,23800,17800,8900,21000,4000,21800,600,22300,1000,2400,8500,2300,1000,500,100,8000,1400,500,1600
432.0,9.48,323600,3083958.0,9.48,9.47,9.46,9.45,9.43,9.42,9.41,9.4,9.39,9.38,9.49,9.5,9.51,9.52,9.54,9.55,9.56,9.58,9.59,9.6,500,23800,17800,8900,21000,4000,21800,600,22300,1000,2400,8500,2300,1000,500,100,8000,1400,500,1600
433.0,9.47,330600,3150253.0,9.47,9.46,9.45,9.43,9.42,9.41,9.4,9.39,9.38,9.36,9.49,9.5,9.51,9.52,9.54,9.55,9.56,9.58,9.59,9.6,17300,17800,8900,21000,4000,21800,1100,22300,1000,1400,2400,8500,2300,1000,500,100,8000,1400,500,1600
434.0,9.49,330800,3152151.0,9.47,9.46,9.45,9.43,9.42,9.41,9.4,9.39,9.38,9.36,9.49,9.5,9.51,9.52,9.54,9.55,9.56,9.58,9.59,9.6,17300,18300,8900,21000,4000,21800,1100,22300,1000,1400,2200,8500,2300,1000,500,100,8000,1400,500,1600
435.0,9.49,330800,3152151.0,9.47,9.46,9.45,9.43,9.42,9.41,9.4,9.39,9.38,9.36,9.49,9.5,9.51,9.52,9.54,9.55,9.56,9.58,9.59,9.6,18300,18300,8900,21000,4000,21800,1100,22300,1000,1400,3200,8500,2300,1000,500,100,8000,1400,500,1600
436.0,9.49,331100,3154998.0,9.47,9.46,9.45,9.43,9.42,9.41,9.4,9.39,9.38,9.36,9.49,9.5,9.51,9.52,9.54,9.55,9.56,9.58,9.59,9.6,18300,18300,8900,21000,4000,21800,1100,22300,1000,1400,2900,8500,2300,1000,500,100,8000,1400,500,1600
437.0,9.47,331400,3157843.0,9.47,9.46,9.45,9.43,9.42,9.41,9.4,9.39,9.38,9.36,9.49,9.5,9.51,9.52,9.54,9.55,9.56,9.58,9.59,9.6,18700,18300,8900,21000,4000,21800,1100,22300,1000,1400,3500,8500,2300,1000,500,100,8000,1400,500,1600
438.0,9.49,332100,3164486.0,9.47,9.46,9.45,9.43,9.42,9.41,9.4,9.39,9.38,9.36,9.49,9.5,9.51,9.52,9.54,9.55,9.56,9.58,9.59,9.6,19200,18300,8900,21000,4000,21800,1100,22300,1000,1400,3000,8500,2300,1000,500,100,8000,1400,500,1600
439.0,9.47,334100,3183426.0,9.47,9.46,9.45,9.43,9.42,9.41,9.4,9.39,9.38,9.36,9.49,9.5,9.51,9.52,9.54,9.55,9.56,9.58,9.59,9.6,17200,18300,8900,21000,4000,21800,2100,22300,1000,1400,3000,8500,2300,1000,500,100,8000,1400,500,1600
440.0,9.47,334500,3187220.0,9.47,9.46,9.45,9.43,9.42,9.41,9.4,9.39,9.38,9.36,9.49,9.5,9.51,9.52,9.54,9.55,9.56,9.58,9.59,9.6,17600,18300,9900,21000,4000,21800,2100,22300,1000,1400,3200,8500,2300,1000,500,100,8000,1400,500,1600
