LocalTime,LastPrice,TradeVolume,TradeValue,BidPrice1,BidPrice2,BidPrice3,BidPrice4,BidPrice5,BidPrice6,BidPrice7,BidPrice8,BidPrice9,BidPriceA,AskPrice1,AskPrice2,AskPrice3,AskPrice4,AskPrice5,AskPrice6,AskPrice7,AskPrice8,AskPrice9,AskPriceA,BidVolume1,BidVolume2,BidVolume3,BidVolume4,BidVolume5,BidVolume6,BidVolume7,BidVolume8,BidVolume9,BidVolumeA,AskVolume1,AskVolume2,AskVolume3,AskVolume4,AskVolume5,AskVolume6,AskVolume7,AskVolume8,AskVolume9,AskVolumeA
0.0,14.4,19100,275040.0,14.39,14.35,14.34,14.33,14.32,14.3,14.29,14.27,14.26,14.25,14.4,14.41,14.42,14.43,14.44,14.45,14.46,14.47,14.48,14.49,300,4000,5000,1600,5100,2000,1000,2300,5600,500,3400,7700,500,5000,3000,13200,2000,25700,2400,7900
1.0,14.35,21000,302317.0,14.35,14.34,14.33,14.32,14.3,14.29,14.27,14.26,14.25,14.24,14.39,14.4,14.41,14.42,14.43,14.44,14.45,14.46,14.47,14.48,2400,5000,2600,5100,3000,1000,2300,5600,500,100,300,4000,7700,500,5000,500,9600,2000,24100,2400
2.0,14.35,25700,369864.0,14.35,14.34,14.33,14.32,14.3,14.29,14.27,14.26,14.25,14.24,14.38,14.39,14.4,14.41,14.42,14.43,14.44,14.45,14.46,14.47,200,5000,2600,5100,3000,2000,2300,5600,500,100,500,1000,4500,300,500,5000,500,5600,2000,24600
3.0,14.38,25800,371302.0,14.35,14.34,14.33,14.32,14.3,14.29,14.27,14.26,14.25,14.24,14.37,14.38,14.39,14.4,14.41,14.42,14.43,14.44,14.45,14.46,200,5000,3000,5100,4500,2000,2300,7300,500,100,500,400,22400,4500,30300,500,8900,500,5600,2000
4.0,14.38,26600,382801.0,14.35,14.34,14.33,14.32,14.31,14.3,14.29,14.27,14.26,14.25,14.38,14.39,14.4,14.41,14.42,14.43,14.44,14.45,14.46,14.47,200,5000,3000,5100,1700,9500,2000,2300,7300,500,300,33900,4500,30300,500,8900,500,5600,2000,24600
5.0,14.39,35100,504931.0,14.34,14.33,14.32,14.31,14.3,14.29,14.27,14.26,14.25,14.24,14.39,14.4,14.41,14.42,14.43,14.44,14.45,14.46,14.47,14.48,1600,3000,5100,1700,9500,7000,2300,7300,500,100,32700,6000,30300,500,8900,500,5600,2000,18300,3200
6.0,14.39,35300,507809.0,14.36,14.35,14.34,14.33,14.32,14.31,14.3,14.29,14.27,14.26,14.37,14.39,14.4,14.41,14.42,14.43,14.44,14.45,14.46,14.47,1400,100,1600,3000,5600,1700,9500,7000,2300,7300,1400,32800,7600,30300,500,8900,600,5600,2000,18300
7.0,14.37,38600,555169.0,14.34,14.33,14.32,14.31,14.3,14.29,14.27,14.26,14.25,14.24,14.35,14.37,14.38,14.39,14.4,14.41,14.42,14.43,14.44,14.45,200,3000,5600,1700,12400,7000,2300,7300,500,100,200,7000,700,34600,7600,30300,500,8900,600,5600
8.0,14.34,39000,560907.0,14.33,14.32,14.31,14.3,14.29,14.28,14.27,14.26,14.25,14.24,14.34,14.35,14.37,14.38,14.39,14.4,14.41,14.42,14.43,14.44,3000,6600,1700,12400,7000,400,2300,7300,1000,100,300,500,7300,700,35700,7600,30300,500,8900,600
9.0,14.34,39200,563775.0,14.33,14.32,14.31,14.3,14.29,14.28,14.27,14.26,14.25,14.24,14.34,14.35,14.37,14.38,14.39,14.4,14.41,14.42,14.43,14.44,3000,6800,1700,14400,7000,400,2300,7300,1000,100,100,1100,7400,600,35600,7900,30300,500,8900,600
10.0,14.35,44600,641191.0,14.35,14.34,14.33,14.32,14.31,14.3,14.29,14.28,14.27,14.26,14.37,14.38,14.39,14.4,14.41,14.42,14.43,14.44,14.45,14.46,800,200,200,6500,3100,14400,7000,400,2300,7300,1500,1700,35600,11900,30300,500,8900,600,3100,2000
11.0,14.37,55200,793056.0,14.32,14.31,14.3,14.29,14.28,14.27,14.26,14.25,14.24,14.23,14.36,14.37,14.38,14.39,14.4,14.41,14.42,14.43,14.44,14.45,300,2000,17400,7000,400,2300,7300,1000,100,3100,500,1900,1700,35600,11900,30300,500,8900,600,3100
12.0,14.34,59200,850501.0,14.34,14.32,14.31,14.3,14.29,14.28,14.27,14.26,14.25,14.24,14.38,14.39,14.4,14.41,14.42,14.43,14.44,14.45,14.46,14.47,2200,6800,2000,18400,7000,400,2300,7300,1000,100,1000,35200,11900,300,500,8900,600,3100,2000,18300
13.0,14.34,62800,902115.0,14.34,14.33,14.32,14.31,14.3,14.29,14.28,14.27,14.26,14.25,14.37,14.38,14.39,14.4,14.41,14.42,14.43,14.44,14.45,14.46,2500,2200,4500,2000,18400,7000,400,2300,7300,1000,1200,1000,35200,11900,300,500,8900,600,3100,2000
14.0,14.33,65300,937977.0,14.33,14.32,14.31,14.3,14.29,14.28,14.27,14.26,14.25,14.24,14.37,14.38,14.39,14.4,14.41,14.42,14.43,14.44,14.45,14.46,1800,4500,2000,18400,7000,400,2300,7300,1000,100,1300,1000,35200,11900,300,500,8900,600,3100,2000
15.0,14.33,67000,962366.0,14.34,14.33,14.32,14.31,14.3,14.29,14.28,14.27,14.26,14.25,14.37,14.38,14.39,14.4,14.41,14.42,14.43,14.44,14.45,14.46,200,800,4300,2000,18400,7000,400,2300,7300,1000,600,1000,35200,11900,300,500,8900,600,3100,2000
16.0,14.37,67100,963803.0,14.35,14.34,14.33,14.32,14.31,14.3,14.29,14.28,14.27,14.26,14.37,14.38,14.39,14.4,14.41,14.42,14.43,14.44,14.45,14.46,200,300,800,4300,2000,18400,7000,400,2300,7300,500,1000,35200,11900,300,500,8900,600,3100,2000
17.0,14.34,67800,973846.0,14.34,14.33,14.32,14.31,14.3,14.29,14.28,14.27,14.26,14.25,14.37,14.38,14.39,14.4,14.41,14.42,14.43,14.44,14.45,14.46,100,800,4300,2500,18600,7000,400,2300,7300,1000,500,1000,33200,11300,300,500,8900,600,3100,2000
18.0,14.33,69800,1002507.0,14.33,14.32,14.31,14.3,14.29,14.28,14.27,14.26,14.25,14.24,14.37,14.38,14.39,14.4,14.42,14.43,14.44,14.45,14.46,14.47,1000,4300,2500,18600,7000,400,2300,7300,1500,100,500,1000,33200,11300,500,8900,600,3100,2000,18300
19.0,14.33,69800,1002507.0,14.34,14.32,14.31,14.3,14.29,14.28,14.27,14.26,14.25,14.24,14.37,14.38,14.39,14.4,14.42,14.43,14.44,14.45,14.46,14.47,400,4300,2500,18600,7000,400,2300,7300,1500,100,500,1000,33200,11300,500,8900,600,3100,2000,18300
20.0,14.37,69900,1003944.0,14.34,14.32,14.31,14.3,14.29,14.28,14.27,14.26,14.25,14.24,14.37,14.38,14.39,14.4,14.42,14.43,14.44,14.45,14.46,14.47,400,4500,2500,18600,7000,400,2300,7300,1500,100,400,1000,33200,11300,500,8900,600,3100,2000,18300
21.0,14.37,69900,1003944.0,14.34,14.32,14.31,14.3,14.29,14.28,14.27,14.26,14.25,14.24,14.37,14.38,14.39,14.4,14.42,14.43,14.44,14.45,14.46,14.47,400,4500,2500,18600,7000,400,2300,7300,1500,100,400,1000,32700,11300,500,8900,600,3100,2000,18300
22.0,14.37,70400,1011129.0,14.37,14.34,14.32,14.31,14.3,14.29,14.28,14.27,14.26,14.25,14.38,14.39,14.4,14.42,14.43,14.44,14.45,14.46,14.47,14.48,400,400,4500,2500,18600,7000,400,2300,7300,1500,1000,32700,11300,500,8900,600,3100,2000,18300,4200
23.0,14.38,73500,1055706.0,14.37,14.35,14.34,14.32,14.31,14.3,14.29,14.28,14.27,14.26,14.38,14.39,14.4,14.42,14.43,14.44,14.45,14.46,14.47,14.48,300,300,400,4500,2500,18600,7000,400,2300,7300,1000,32700,11300,500,8900,600,3100,2000,18300,4200
24.0,14.38,74500,1070086.0,14.37,14.36,14.35,14.34,14.32,14.31,14.3,14.29,14.28,14.27,14.39,14.4,14.42,14.43,14.44,14.45,14.46,14.47,14.48,14.49,300,2000,300,400,4500,2500,16600,7000,400,2300,32700,11300,500,8900,600,3100,2000,18300,4200,9200
25.0,14.38,74500,1070086.0,14.37,14.36,14.35,14.34,14.33,14.32,14.31,14.3,14.29,14.28,14.39,14.4,14.42,14.43,14.44,14.45,14.46,14.47,14.48,14.49,300,2000,300,400,100,4500,2500,16600,7000,400,33100,11300,500,8900,600,3100,2000,18300,4200,9200
26.0,14.37,74600,1071523.0,14.37,14.36,14.35,14.34,14.32,14.31,14.3,14.29,14.28,14.27,14.39,14.4,14.42,14.43,14.44,14.45,14.46,14.47,14.48,14.49,200,2000,300,400,4500,6300,16600,7000,400,2300,33100,11300,500,8900,600,3100,2000,18300,4200,9200
27.0,14.39,75500,1084464.0,14.37,14.36,14.35,14.34,14.32,14.31,14.3,14.29,14.28,14.27,14.39,14.4,14.42,14.43,14.44,14.45,14.46,14.47,14.48,14.49,500,2000,300,400,4500,6300,16600,7000,400,2300,32700,11300,500,8900,600,3100,2000,18300,4200,9200
28.0,14.37,75600,1085901.0,14.37,14.36,14.35,14.34,14.32,14.31,14.3,14.29,14.28,14.27,14.39,14.4,14.42,14.43,14.44,14.45,14.46,14.47,14.48,14.49,400,2000,300,400,4500,6300,14300,7000,400,2300,32700,11300,500,8900,600,3100,2000,18300,4200,9200
29.0,14.37,75600,1085901.0,14.37,14.36,14.35,14.34,14.32,14.31,14.3,14.29,14.28,14.27,14.39,14.4,14.42,14.43,14.44,14.45,14.46,14.47,14.48,14.49,100,2000,300,400,4500,6300,15300,7000,400,2300,32700,11300,500,8000,600,3100,2000,18300,4200,9200
30.0,14.37,75600,1085901.0,14.37,14.36,14.35,14.34,14.32,14.31,14.3,14.29,14.28,14.27,14.39,14.4,14.42,14.43,14.44,14.45,14.46,14.47,14.48,14.49,300,2000,300,500,4500,6300,15300,7000,400,2300,28700,11300,500,8000,600,3100,2000,18300,4200,9200
31.0,14.36,76700,1101721.0,14.36,14.35,14.34,14.32,14.31,14.3,14.29,14.28,14.27,14.26,14.39,14.4,14.42,14.43,14.44,14.45,14.46,14.47,14.48,14.49,1900,300,600,4500,6300,15300,7000,400,2300,7300,28000,11300,500,8000,600,3100,2000,18300,4200,9200
32.0,14.36,77400,1111778.0,14.36,14.35,14.34,14.32,14.31,14.3,14.29,14.28,14.27,14.26,14.38,14.39,14.4,14.42,14.43,14.44,14.45,14.46,14.47,14.48,1500,300,600,5500,6300,15300,7000,400,2300,7300,100,28000,11300,500,8000,600,3100,2000,18300,4200
33.0,14.36,77900,1118958.0,14.36,14.35,14.34,14.32,14.31,14.3,14.29,14.28,14.27,14.26,14.37,14.38,14.39,14.4,14.42,14.43,14.44,14.45,14.46,14.47,1000,300,600,5500,6300,15300,7000,400,2300,7300,500,100,28000,11300,500,8000,600,3100,2000,18300
34.0,14.37,78200,1123269.0,14.36,14.35,14.34,14.32,14.31,14.3,14.29,14.28,14.27,14.26,14.37,14.38,14.39,14.4,14.42,14.43,14.44,14.45,14.46,14.47,1000,300,600,5500,6300,15300,7000,400,2300,7300,1100,100,28000,11300,500,8000,600,3100,2000,18300
35.0,14.37,79700,1144824.0,14.37,14.36,14.35,14.34,14.32,14.31,14.3,14.29,14.28,14.27,14.38,14.39,14.4,14.42,14.43,14.44,14.45,14.46,14.47,14.48,300,1400,300,600,5500,6300,15300,7000,400,2300,100,28000,11300,500,8000,600,3100,2000,18300,4200
36.0,14.37,79700,1144824.0,14.37,14.36,14.35,14.34,14.32,14.31,14.3,14.29,14.28,14.27,14.38,14.39,14.4,14.42,14.43,14.44,14.45,14.46,14.47,14.48,2000,1400,300,600,5500,6300,15300,7000,400,2300,100,28000,11300,500,8000,600,3100,2000,18300,4200
37.0,14.37,79700,1144824.0,14.37,14.36,14.35,14.34,14.32,14.31,14.3,14.29,14.28,14.27,14.38,14.39,14.4,14.42,14.43,14.44,14.45,14.46,14.47,14.48,2000,1400,300,600,5500,6300,15300,7000,400,2300,100,27300,11300,500,8000,600,3100,2000,18300,4200
38.0,14.37,81800,1175002.0,14.37,14.36,14.35,14.34,14.32,14.31,14.3,14.29,14.28,14.27,14.39,14.4,14.42,14.43,14.44,14.45,14.46,14.47,14.48,14.49,1000,1400,300,600,5500,6300,15300,7000,400,2300,28200,11300,500,8000,600,3100,2000,18300,4200,9200
39.0,14.37,82200,1180750.0,14.38,14.37,14.36,14.35,14.34,14.32,14.31,14.3,14.29,14.28,14.39,14.4,14.42,14.43,14.44,14.45,14.46,14.47,14.48,14.49,200,600,1400,300,600,5500,6300,15300,7000,400,28200,11300,500,8000,600,3100,2000,18300,4200,9200
40.0,14.37,82200,1180750.0,14.38,14.37,14.36,14.35,14.34,14.33,14.32,14.31,14.3,14.29,14.39,14.4,14.42,14.43,14.44,14.45,14.46,14.47,14.48,14.49,300,600,1400,300,600,100,5500,6300,15300,7000,28200,11300,500,8000,600,3100,2000,18300,4200,9200
41.0,14.36,98100,1408959.0,14.38,14.36,14.35,14.34,14.33,14.32,14.31,14.3,14.29,14.28,14.39,14.4,14.42,14.43,14.44,14.45,14.46,14.47,14.48,14.49,100,9000,4700,2800,1100,5200,6300,15300,7000,400,27800,11300,500,8000,600,3100,2000,18300,4200,9200
42.0,14.38,98200,1410397.0,14.37,14.36,14.35,14.34,14.33,14.32,14.31,14.3,14.29,14.28,14.39,14.4,14.42,14.43,14.44,14.45,14.46,14.47,14.48,14.49,100,9000,4700,2800,1100,5200,6300,15300,7000,400,24100,11300,500,8000,600,3100,2000,18300,4200,9200
43.0,14.38,98200,1410397.0,14.38,14.37,14.36,14.35,14.34,14.33,14.32,14.31,14.3,14.29,14.39,14.4,14.42,14.43,14.44,14.45,14.46,14.47,14.48,14.49,100,100,9000,7100,2800,1100,5200,6300,15300,7000,24100,11300,500,8000,600,3100,2000,18300,4200,9200
44.0,14.39,99100,1423348.0,14.38,14.37,14.36,14.35,14.34,14.33,14.32,14.31,14.3,14.29,14.39,14.4,14.42,14.43,14.44,14.45,14.46,14.47,14.48,14.49,100,100,2000,6900,2800,1100,5200,6300,15300,7000,23200,11300,500,8000,600,3100,2000,18300,4200,9200
45.0,14.37,100000,1436282.0,14.36,14.35,14.34,14.33,14.32,14.31,14.3,14.29,14.28,14.27,14.39,14.4,14.42,14.43,14.44,14.45,14.46,14.47,14.48,14.49,2000,6900,2800,1100,5200,6300,15300,7000,400,2300,23200,11300,500,8000,600,3100,2000,18300,4200,9200
46.0,14.37,100000,1436282.0,14.36,14.35,14.34,14.33,14.32,14.31,14.3,14.29,14.28,14.27,14.38,14.39,14.4,14.42,14.43,14.44,14.45,14.46,14.47,14.48,2000,6900,3700,1100,5200,6300,15300,7000,400,2300,5200,23200,11300,500,8000,600,3100,2000,18300,4200
47.0,14.36,100200,1439154.0,14.37,14.36,14.35,14.34,14.33,14.32,14.31,14.3,14.29,14.28,14.38,14.39,14.4,14.42,14.43,14.44,14.45,14.46,14.47,14.48,100,1800,6900,3700,1100,5200,6300,15300,7000,400,12000,23200,11300,500,8000,600,3100,2000,18300,4200
48.0,14.36,100200,1439154.0,14.37,14.36,14.35,14.34,14.33,14.32,14.31,14.3,14.29,14.28,14.38,14.39,14.4,14.42,14.43,14.44,14.45,14.46,14.47,14.48,400,1800,6900,3700,1100,5200,6300,15300,7000,400,15000,23200,11300,500,8000,600,3100,2000,18300,4200
49.0,14.36,100200,1439154.0,14.37,14.36,14.35,14.34,14.33,14.32,14.31,14.3,14.29,14.28,14.38,14.39,14.4,14.42,14.43,14.44,14.45,14.46,14.47,14.48,400,1800,6900,3700,1100,5200,6300,15300,7000,400,15300,23200,10300,500,8000,600,3100,2000,18300,4200
50.0,14.38,100600,1444905.0,14.37,14.36,14.35,14.34,14.33,14.32,14.31,14.3,14.29,14.28,14.38,14.39,14.4,14.42,14.43,14.44,14.45,14.46,14.47,14.48,300,1800,16900,3700,1000,5200,6300,15300,7000,400,15000,23200,10300,500,8000,600,3100,2000,18300,4200
51.0,14.38,100700,1446343.0,14.37,14.36,14.35,14.34,14.33,14.32,14.31,14.3,14.29,14.28,14.38,14.39,14.4,14.42,14.43,14.44,14.45,14.46,14.47,14.48,300,1800,16900,3700,1000,5200,6300,15300,7000,400,15200,23200,10300,500,8000,600,3100,2000,18300,4200
52.0,14.37,100800,1447780.0,14.37,14.36,14.35,14.34,14.33,14.32,14.31,14.3,14.29,14.28,14.38,14.39,14.4,14.42,14.43,14.44,14.45,14.46,14.47,14.48,200,4800,16900,3700,1000,5200,6300,15300,7000,400,14400,23200,10300,500,8000,600,3100,2000,18300,4200
53.0,14.38,101300,1454970.0,14.37,14.36,14.35,14.34,14.33,14.32,14.31,14.3,14.29,14.28,14.38,14.39,14.4,14.42,14.43,14.44,14.45,14.46,14.47,14.48,200,4800,16900,3700,1000,5200,6800,15300,7000,400,13900,23200,9600,500,8000,600,3100,2000,18300,4200
54.0,14.36,104700,1503797.0,14.36,14.35,14.34,14.33,14.32,14.31,14.3,14.29,14.28,14.27,14.37,14.38,14.39,14.4,14.42,14.43,14.44,14.45,14.46,14.47,1700,12900,3700,1000,5200,6800,15300,7000,400,2300,900,13900,23200,9600,500,8000,600,3100,20000,18300
55.0,14.36,104800,1505233.0,14.36,14.35,14.34,14.33,14.32,14.31,14.3,14.29,14.28,14.27,14.37,14.38,14.39,14.4,14.42,14.43,14.44,14.45,14.46,14.47,1600,12900,3700,1000,5200,7300,15300,7000,400,2300,900,10800,23200,9600,500,8000,600,3100,20000,18300
56.0,14.35,106600,1531080.0,14.35,14.34,14.33,14.32,14.31,14.3,14.29,14.28,14.27,14.26,14.36,14.37,14.38,14.39,14.4,14.42,14.43,14.44,14.45,14.46,12900,3700,1000,5200,7300,15300,7000,400,2300,7300,13300,900,11600,23200,9600,500,8000,600,3100,20000
57.0,14.35,106600,1531080.0,14.35,14.34,14.33,14.32,14.31,14.3,14.29,14.28,14.27,14.26,14.36,14.37,14.38,14.39,14.4,14.42,14.43,14.44,14.45,14.46,12900,3700,1000,5200,7300,15300,7000,400,2300,7300,13300,1400,11600,22900,9600,500,8000,600,3100,20000
58.0,14.35,106600,1531080.0,14.35,14.34,14.33,14.32,14.31,14.3,14.29,14.28,14.27,14.26,14.36,14.37,14.38,14.39,14.4,14.42,14.43,14.44,14.45,14.46,12900,3700,1000,5200,7300,15300,7000,400,2300,7300,13300,1400,11600,22900,9600,500,8000,600,3100,20000
59.0,14.36,107400,1542564.0,14.35,14.34,14.33,14.32,14.31,14.3,14.29,14.28,14.27,14.26,14.36,14.37,14.38,14.39,14.4,14.42,14.43,14.44,14.45,14.46,12500,3700,2500,5200,7300,15300,7000,400,2300,7300,13400,1400,11600,18500,9600,500,8000,600,3100,20000
60.0,14.36,107500,1544000.0,14.35,14.34,14.33,14.32,14.31,14.3,14.29,14.28,14.27,14.26,14.36,14.37,14.38,14.39,14.4,14.42,14.43,14.44,14.45,14.46,12500,3700,2500,5200,7300,15300,7000,400,2300,7300,16400,1400,10800,18500,9600,500,8000,600,3100,20000
61.0,14.36,107500,1544000.0,14.35,14.34,14.33,14.32,14.31,14.3,14.29,14.28,14.27,14.26,14.36,14.37,14.38,14.39,14.4,14.42,14.43,14.44,14.45,14.46,12500,3700,2500,5200,7300,15300,7000,1800,2300,7300,16400,1400,7100,18500,9600,500,8000,600,3100,20000
62.0,14.36,109000,1565532.0,14.35,14.34,14.33,14.32,14.31,14.3,14.29,14.28,14.27,14.26,14.36,14.37,14.38,14.39,14.4,14.42,14.43,14.44,14.45,14.46,11700,3700,2500,5200,7300,15300,7000,1800,2300,7300,15700,1800,7100,18500,9600,500,8000,600,3100,20000
63.0,14.36,109700,1575583.0,14.35,14.34,14.33,14.32,14.31,14.3,14.29,14.28,14.27,14.26,14.36,14.37,14.38,14.39,14.4,14.42,14.43,14.44,14.45,14.46,11600,3700,2500,5200,7300,16300,7000,1800,2300,7300,15100,1800,7100,18400,9600,500,8000,600,3100,20000
64.0,14.35,110700,1589933.0,14.35,14.34,14.33,14.32,14.31,14.3,14.29,14.28,14.27,14.26,14.36,14.37,14.38,14.39,14.4,14.42,14.43,14.44,14.45,14.46,10600,3700,2500,5200,7300,16300,7000,1800,2300,7300,15100,1800,7100,18400,9600,500,8000,600,3100,20000
65.0,14.35,112300,1612899.0,14.35,14.34,14.33,14.32,14.31,14.3,14.29,14.28,14.27,14.26,14.36,14.37,14.38,14.39,14.4,14.42,14.43,14.44,14.45,14.46,9600,3700,2500,5200,7300,16300,7000,1800,2300,7300,11400,1800,5700,18400,9600,500,8000,600,3100,20000
66.0,14.35,114700,1647362.0,14.35,14.34,14.33,14.32,14.31,14.3,14.29,14.28,14.27,14.26,14.36,14.37,14.38,14.39,14.4,14.42,14.43,14.44,14.45,14.46,9500,3700,2500,5200,7300,16300,7000,1800,2300,7300,9100,2800,5700,18400,9600,500,8000,600,3100,20000
67.0,14.35,121600,1746396.0,14.35,14.34,14.33,14.32,14.31,14.3,14.29,14.28,14.27,14.26,14.36,14.37,14.38,14.39,14.4,14.41,14.42,14.43,14.44,14.45,6200,3700,2500,5200,7300,16300,7000,1800,2300,7300,7200,2800,5700,18400,9600,4000,500,8000,600,3100
68.0,14.36,122200,1755012.0,14.35,14.34,14.33,14.32,14.31,14.3,14.29,14.28,14.27,14.26,14.36,14.37,14.38,14.39,14.4,14.41,14.42,14.43,14.44,14.45,6200,3700,2500,5200,7300,16300,7000,1800,2300,5600,6600,2800,5700,18400,9600,4000,500,8000,600,3100
69.0,14.35,125900,1808107.0,14.35,14.34,14.33,14.32,14.31,14.3,14.29,14.28,14.27,14.26,14.36,14.37,14.38,14.39,14.4,14.41,14.42,14.43,14.44,14.45,4000,3700,2500,5200,7300,16300,7000,1800,2300,5600,6600,2800,5700,18400,9600,4000,500,8000,600,3100
70.0,14.36,126500,1816723.0,14.35,14.34,14.33,14.32,14.31,14.3,14.29,14.28,14.27,14.26,14.36,14.37,14.38,14.39,14.4,14.41,14.42,14.43,14.44,14.45,4000,3700,2500,5200,7300,16300,7000,1800,2300,5600,6000,2800,5700,18400,9600,4000,500,8000,600,3100
71.0,14.36,126500,1816723.0,14.35,14.34,14.33,14.32,14.31,14.3,14.29,14.28,14.27,14.26,14.36,14.37,14.38,14.39,14.4,14.41,14.42,14.43,14.44,14.45,4000,3700,2500,5200,7300,16300,7000,1800,2300,5600,6000,2800,5700,18400,9600,4000,500,8000,600,3100
72.0,14.35,127800,1835384.0,14.35,14.34,14.33,14.32,14.31,14.3,14.29,14.28,14.27,14.26,14.36,14.37,14.38,14.39,14.4,14.41,14.42,14.43,14.44,14.45,3300,3700,2500,5200,7300,16300,7000,1800,2300,5600,5400,2800,5700,18400,9600,4000,500,8000,600,3100
73.0,14.36,129300,1856919.0,14.35,14.34,14.33,14.32,14.31,14.3,14.29,14.28,14.27,14.26,14.36,14.37,14.38,14.39,14.4,14.41,14.42,14.43,14.44,14.45,2800,3300,2500,5200,7300,16300,7000,1800,2300,5600,4400,2800,5700,18400,9600,4000,500,8000,600,3100
74.0,14.35,132300,1899969.0,14.34,14.33,14.32,14.31,14.3,14.29,14.28,14.27,14.26,14.25,14.35,14.36,14.37,14.38,14.39,14.4,14.41,14.42,14.43,14.44,3300,2500,5200,7300,16300,7000,1800,2300,5600,1700,8800,4400,2800,5700,18400,9600,4000,500,8000,600
75.0,14.35,133200,1912884.0,14.34,14.33,14.32,14.31,14.3,14.29,14.28,14.27,14.26,14.25,14.35,14.36,14.37,14.38,14.39,14.4,14.41,14.42,14.43,14.44,3300,2500,5200,7300,16300,7000,1800,2300,5600,3100,10600,4400,2800,5700,18400,9600,4000,500,8000,600
76.0,14.35,134900,1937276.0,14.34,14.33,14.32,14.31,14.3,14.29,14.28,14.27,14.26,14.25,14.35,14.36,14.37,14.38,14.39,14.4,14.41,14.42,14.43,14.44,3000,2500,5200,7300,16300,7000,1800,2300,5600,3100,9200,4400,2800,5700,18400,9600,4000,500,8000,600
77.0,14.35,135000,1938711.0,14.34,14.33,14.32,14.31,14.3,14.29,14.28,14.27,14.26,14.25,14.35,14.36,14.37,14.38,14.39,14.4,14.41,14.42,14.43,14.44,3000,2500,5200,7300,16300,7000,1800,2300,5600,3100,9100,4400,2800,5700,18400,9600,4000,500,8000,600
78.0,14.34,135600,1947315.0,14.34,14.33,14.32,14.31,14.3,14.29,14.28,14.27,14.26,14.25,14.35,14.36,14.37,14.38,14.39,14.4,14.41,14.42,14.43,14.44,2400,2500,5200,7300,16300,7000,1800,2300,5600,3100,9100,4400,2800,5700,18400,9600,4000,500,8000,600
79.0,14.35,136200,1955925.0,14.34,14.33,14.32,14.31,14.3,14.29,14.28,14.27,14.26,14.25,14.35,14.36,14.37,14.38,14.39,14.4,14.41,14.42,14.43,14.44,2400,2500,5200,9500,16300,7000,1800,2300,5600,3100,8500,4400,2800,5700,18400,9600,4000,500,8000,600
80.0,14.35,136200,1955925.0,14.34,14.33,14.32,14.31,14.3,14.29,14.28,14.27,14.26,14.25,14.35,14.36,14.37,14.38,14.39,14.4,14.41,14.42,14.43,14.44,2400,2500,5200,9500,16300,7000,1800,2300,5600,3100,8500,4400,2800,5700,18400,9600,4000,500,8000,600
81.0,14.35,136200,1955925.0,14.34,14.33,14.32,14.31,14.3,14.29,14.28,14.27,14.26,14.25,14.35,14.36,14.37,14.38,14.39,14.4,14.41,14.42,14.43,14.44,2400,2500,5200,9500,16300,7000,1800,2300,5600,3100,8500,4400,2800,5700,18400,9600,4000,500,8000,600
82.0,14.35,140900,2023370.0,14.34,14.33,14.32,14.31,14.3,14.29,14.28,14.27,14.26,14.25,14.35,14.36,14.37,14.38,14.39,14.4,14.41,14.42,14.43,14.44,2600,2500,5200,19400,16700,7000,1800,2300,5600,3100,3800,4400,2800,5700,18400,9600,4000,500,8000,600
83.0,14.36,145300,2086516.0,14.35,14.34,14.33,14.32,14.31,14.3,14.29,14.28,14.27,14.26,14.36,14.37,14.38,14.39,14.4,14.41,14.42,14.43,14.44,14.45,1800,2600,2500,5200,19400,16700,7000,3800,2300,5600,3800,2800,5700,18400,9600,4000,500,8000,600,3100
84.0,14.36,150200,2156879.0,14.36,14.35,14.34,14.33,14.32,14.31,14.3,14.29,14.28,14.27,14.37,14.38,14.39,14.4,14.41,14.42,14.43,14.44,14.45,14.46,700,1700,2600,2500,5200,19400,16700,7000,3800,2300,2800,5700,18400,9600,4000,500,8000,600,3100,20000
85.0,14.37,150400,2159753.0,14.36,14.35,14.34,14.33,14.32,14.31,14.3,14.29,14.28,14.27,14.37,14.38,14.39,14.4,14.41,14.42,14.43,14.44,14.45,14.46,700,1700,2600,2500,5200,19400,16700,7000,3800,2300,2600,5700,18400,9600,4000,500,8000,600,3100,20000
86.0,14.36,150500,2161189.0,14.36,14.35,14.34,14.33,14.32,14.31,14.3,14.29,14.28,14.27,14.37,14.38,14.39,14.4,14.41,14.42,14.43,14.44,14.45,14.46,600,11900,2600,2500,5200,19400,16700,7000,3800,2300,2600,2200,18400,9600,4000,500,8000,600,3100,20000
87.0,14.36,150500,2161189.0,14.36,14.35,14.34,14.33,14.32,14.31,14.3,14.29,14.28,14.27,14.37,14.38,14.39,14.4,14.41,14.42,14.43,14.44,14.45,14.46,600,11900,2600,2500,5200,19400,16700,7000,3800,2300,2600,2200,18400,9600,4000,500,8000,600,3100,20000
88.0,14.35,160500,2304695.0,14.35,14.34,14.33,14.32,14.31,14.3,14.29,14.28,14.27,14.26,14.37,14.38,14.39,14.4,14.41,14.42,14.43,14.44,14.45,14.46,2500,4600,2500,5200,19400,16700,7000,3800,2300,5600,2600,2200,17500,9600,4000,500,8000,600,3100,20000
89.0,14.37,160700,2307569.0,14.35,14.34,14.33,14.32,14.31,14.3,14.29,14.28,14.27,14.26,14.37,14.38,14.39,14.4,14.41,14.42,14.43,14.44,14.45,14.46,2400,4600,2500,5200,19400,16700,7000,3800,2300,5600,2400,2200,17500,9600,4000,500,8000,600,3100,20000
90.0,14.35,164700,2364969.0,14.34,14.33,14.32,14.31,14.3,14.29,14.28,14.27,14.26,14.25,14.35,14.37,14.38,14.39,14.4,14.41,14.42,14.43,14.44,14.45,4600,2500,5200,19400,16700,7000,3800,2300,5600,3100,5800,2400,2200,17500,9600,4000,500,8000,600,3100
91.0,14.35,165200,2372140.0,14.34,14.33,14.32,14.31,14.3,14.29,14.28,14.27,14.26,14.25,14.35,14.37,14.38,14.39,14.4,14.41,14.42,14.43,14.44,14.45,4200,2500,5200,19400,16700,7000,3800,2300,5600,3100,6400,2400,2200,17500,9600,4000,500,8000,600,3100
92.0,14.35,165800,2380750.0,14.34,14.33,14.32,14.31,14.3,14.29,14.28,14.27,14.26,14.25,14.35,14.37,14.38,14.39,14.4,14.41,14.42,14.43,14.44,14.45,4200,2500,5200,19400,16700,7000,3800,2300,5600,3100,5800,2400,2200,17500,9600,4000,500,8000,600,3100
93.0,14.35,167800,2409450.0,14.34,14.33,14.32,14.31,14.3,14.29,14.28,14.27,14.26,14.25,14.35,14.37,14.38,14.39,14.4,14.41,14.42,14.43,14.44,14.45,4200,2500,5200,21400,16700,7000,3800,2300,5600,3100,4700,2400,2200,17500,9600,4000,500,8000,600,3100
94.0,14.35,168700,2422365.0,14.34,14.33,14.32,14.31,14.3,14.29,14.28,14.27,14.26,14.25,14.35,14.37,14.38,14.39,14.4,14.41,14.42,14.43,14.44,14.45,5200,2500,5200,21400,16700,7000,3800,2300,5600,3100,3800,2400,2200,17500,9600,4000,500,8000,600,3100
95.0,14.35,169000,2426670.0,14.34,14.33,14.32,14.31,14.3,14.29,14.28,14.27,14.26,14.25,14.35,14.37,14.38,14.39,14.4,14.41,14.42,14.43,14.44,14.45,5200,2500,5200,21400,16700,7000,3800,2300,5600,3100,3500,2200,2200,17500,9600,4000,500,8000,600,3100
96.0,14.35,171300,2459675.0,14.34,14.33,14.32,14.31,14.3,14.29,14.28,14.27,14.26,14.25,14.35,14.37,14.38,14.39,14.4,14.41,14.42,14.43,14.44,14.45,5200,2500,5200,21400,27700,7400,3800,2300,5600,3100,1200,2200,2200,17500,9600,4000,500,8000,600,3100
97.0,14.35,171300,2459675.0,14.34,14.33,14.32,14.31,14.3,14.29,14.28,14.27,14.26,14.25,14.35,14.37,14.38,14.39,14.4,14.41,14.42,14.43,14.44,14.45,4700,2500,5200,21400,28700,7400,3800,2300,5600,3100,1400,2200,2200,17500,9600,4000,500,8000,600,3100
98.0,14.35,172300,2474021.0,14.34,14.33,14.32,14.31,14.3,14.29,14.28,14.27,14.26,14.25,14.35,14.37,14.38,14.39,14.4,14.41,14.42,14.43,14.44,14.45,4300,2500,5200,21400,28700,7400,3800,2300,5600,3100,500,2200,2200,17500,9600,4000,500,8000,600,3100
99.0,14.35,172300,2474021.0,14.34,14.33,14.32,14.31,14.3,14.29,14.28,14.27,14.26,14.25,14.35,14.36,14.37,14.38,14.39,14.4,14.41,14.42,14.43,14.44,4300,2500,5200,21400,28700,7400,3800,2300,5600,3100,500,200,2200,2200,17500,9600,4000,500,8000,600
100.0,14.35,173500,2491241.0,14.35,14.34,14.33,14.32,14.31,14.3,14.29,14.28,14.27,14.26,14.36,14.37,14.38,14.39,14.4,14.41,14.42,14.43,14.44,14.45,900,4300,2500,5200,21400,28700,7400,3800,2300,5600,200,2200,2200,17500,9600,4000,500,8000,600,3100
101.0,14.34,177200,2544308.0,14.34,14.33,14.32,14.31,14.3,14.29,14.28,14.27,14.26,14.25,14.36,14.37,14.38,14.39,14.4,14.41,14.42,14.43,14.44,14.45,1500,2500,5200,21400,28700,7400,3800,2300,5600,3100,200,1900,2200,17500,9600,4000,500,8000,600,3100
102.0,14.34,178200,2558648.0,14.35,14.34,14.33,14.32,14.31,14.3,14.29,14.28,14.27,14.26,14.36,14.37,14.38,14.39,14.4,14.41,14.42,14.43,14.44,14.45,5000,500,2500,5200,20900,28700,7400,3800,2300,5600,200,1900,3200,17500,9600,4000,500,8000,600,3100
103.0,14.34,178200,2558648.0,14.35,14.34,14.33,14.32,14.31,14.3,14.29,14.28,14.27,14.26,14.36,14.37,14.38,14.39,14.4,14.41,14.42,14.43,14.44,14.45,5000,500,2500,5200,20900,28700,7400,3800,2300,5600,200,1900,3200,17500,9600,4000,500,8000,600,3100
104.0,14.35,183000,2627528.0,14.35,14.33,14.32,14.31,14.3,14.29,14.28,14.27,14.26,14.25,14.36,14.37,14.38,14.39,14.4,14.41,14.42,14.43,14.44,14.45,300,2500,5200,20900,28700,7400,3800,2300,5600,3000,200,1900,3200,17500,9600,4000,500,8000,600,3100
105.0,14.35,183300,2631833.0,14.33,14.32,14.31,14.3,14.29,14.28,14.27,14.26,14.25,14.24,14.34,14.36,14.37,14.38,14.39,14.4,14.41,14.42,14.43,14.44,2500,5200,20900,28700,7400,3800,2300,5600,3000,100,400,200,1900,3200,17500,9600,4000,500,8000,600
106.0,14.33,183500,2634699.0,14.33,14.32,14.31,14.3,14.29,14.28,14.27,14.26,14.25,14.24,14.34,14.36,14.37,14.38,14.39,14.4,14.41,14.42,14.43,14.44,2300,5200,20900,28700,7400,3800,2300,5600,3000,100,400,200,1900,3200,17500,9600,4000,500,8000,600
107.0,14.35,184600,2650480.0,14.35,14.34,14.33,14.32,14.31,14.3,14.29,14.28,14.27,14.26,14.36,14.37,14.38,14.39,14.4,14.41,14.42,14.43,14.44,14.45,1500,4600,2300,5200,20900,23700,7400,3800,2300,5600,200,1900,3200,17500,9600,4000,500,8000,600,3100
108.0,14.36,184900,2654786.0,14.35,14.34,14.33,14.32,14.31,14.3,14.29,14.28,14.27,14.26,14.36,14.37,14.38,14.39,14.4,14.41,14.42,14.43,14.44,14.45,1300,4800,2300,5200,20900,23700,7400,3800,2300,5600,100,1900,3200,17500,9600,4000,500,8000,600,3100
109.0,14.36,184900,2654786.0,14.35,14.34,14.33,14.32,14.31,14.3,14.29,14.28,14.27,14.26,14.36,14.37,14.38,14.39,14.4,14.41,14.42,14.43,14.44,14.45,1700,4800,2300,5200,20900,23700,7700,3800,2300,5600,100,1900,3200,17500,9600,4000,500,8000,600,3100
110.0,14.36,184900,2654786.0,14.35,14.34,14.33,14.32,14.31,14.3,14.29,14.28,14.27,14.26,14.36,14.37,14.38,14.39,14.4,14.41,14.42,14.43,14.44,14.45,1700,4800,2300,5200,20900,23700,7700,3800,2300,5600,100,1900,3200,17500,9600,4000,500,8000,600,3100
111.0,14.36,184900,2654786.0,14.35,14.34,14.33,14.32,14.31,14.3,14.29,14.28,14.27,14.26,14.36,14.37,14.38,14.39,14.4,14.41,14.42,14.43,14.44,14.45,1700,4800,2300,5200,20900,23700,7700,3800,2300,5600,100,1900,3200,17500,9600,4000,500,8000,600,3100
112.0,14.35,185000,2656221.0,14.35,14.34,14.33,14.32,14.31,14.3,14.29,14.28,14.27,14.26,14.36,14.37,14.38,14.39,14.4,14.41,14.42,14.43,14.44,14.45,1600,4800,2300,5800,20900,23700,7700,3900,2300,5600,100,1900,3200,17500,9600,4000,500,8000,600,3100
113.0,14.35,186500,2677746.0,14.35,14.34,14.33,14.32,14.31,14.3,14.29,14.28,14.27,14.26,14.36,14.37,14.38,14.39,14.4,14.41,14.42,14.43,14.44,14.45,100,4800,2300,5800,20900,23700,7700,3900,2300,5600,100,900,3200,17500,9600,4000,500,8000,600,3100
114.0,14.35,186800,2682051.0,14.35,14.34,14.33,14.32,14.31,14.3,14.29,14.28,14.27,14.26,14.36,14.37,14.38,14.39,14.4,14.41,14.42,14.43,14.44,14.45,1400,4800,2300,5800,20900,23700,7700,3900,2300,5600,100,900,3200,17500,9600,4000,500,8000,600,3100
115.0,14.35,186800,2682051.0,14.35,14.34,14.33,14.32,14.31,14.3,14.29,14.28,14.27,14.26,14.36,14.37,14.38,14.39,14.4,14.41,14.42,14.43,14.44,14.45,3900,4800,2300,5800,20900,23700,7700,3900,2300,5600,100,900,3200,17500,9600,4000,500,8000,600,3100
116.0,14.35,186900,2683486.0,14.35,14.34,14.33,14.32,14.31,14.3,14.29,14.28,14.27,14.26,14.36,14.37,14.38,14.39,14.4,14.41,14.42,14.43,14.44,14.45,3800,4800,2300,5800,19900,23700,7700,3900,2300,5600,100,900,3200,17500,9600,4000,500,8000,600,3100
117.0,14.35,186900,2683486.0,14.35,14.34,14.33,14.32,14.31,14.3,14.29,14.28,14.27,14.26,14.36,14.37,14.38,14.39,14.4,14.41,14.42,14.43,14.44,14.45,3900,4800,2300,5800,19900,23700,7700,3900,2300,5600,400,900,3200,17500,9600,4000,600,8000,600,3100
118.0,14.35,187100,2686356.0,14.35,14.34,14.33,14.32,14.31,14.3,14.29,14.28,14.27,14.26,14.36,14.37,14.38,14.39,14.4,14.41,14.42,14.43,14.44,14.45,3700,4800,2300,5800,19900,23700,7700,3900,2300,5600,400,900,3200,17500,9600,4000,600,8000,600,3100
119.0,14.35,187100,2686356.0,14.35,14.34,14.33,14.32,14.31,14.3,14.29,14.28,14.27,14.26,14.36,14.37,14.38,14.39,14.4,14.41,14.42,14.43,14.44,14.45,3700,4800,2300,5800,19300,23700,7700,3900,2300,5600,400,900,3200,17500,9600,4000,600,8000,600,3100
120.0,14.36,187300,2689228.0,14.35,14.34,14.33,14.32,14.31,14.3,14.29,14.28,14.27,14.26,14.36,14.37,14.38,14.39,14.4,14.41,14.42,14.43,14.44,14.45,3700,4800,2300,7100,19300,23700,7700,3900,2300,5600,200,900,3200,17500,9600,4000,600,8000,600,3100
121.0,14.36,187300,2689228.0,14.35,14.34,14.33,14.32,14.31,14.3,14.29,14.28,14.27,14.26,14.36,14.37,14.38,14.39,14.4,14.41,14.42,14.43,14.44,14.45,4300,4800,2300,7100,19300,23700,7700,3900,2300,5600,200,900,3200,17500,9600,4000,600,8000,600,3100
122.0,14.36,187500,2692100.0,14.36,14.35,14.34,14.33,14.32,14.31,14.3,14.29,14.28,14.27,14.37,14.38,14.39,14.4,14.41,14.42,14.43,14.44,14.45,14.46,500,4300,4600,2300,7300,19300,23700,7700,3900,2300,900,3200,17500,9600,4000,600,8000,600,3100,20000
123.0,14.36,188000,2699280.0,14.35,14.34,14.33,14.32,14.31,14.3,14.29,14.28,14.27,14.26,14.36,14.37,14.38,14.39,14.4,14.41,14.42,14.43,14.44,14.45,4300,4600,2300,7300,19300,23700,7700,3900,2300,5600,500,900,3200,17500,9600,4000,600,8000,600,3100
124.0,14.36,188000,2699280.0,14.35,14.34,14.33,14.32,14.31,14.3,14.29,14.28,14.27,14.26,14.36,14.37,14.38,14.39,14.4,14.41,14.42,14.43,14.44,14.45,4300,4600,2300,7300,20300,23700,7700,3800,2300,5600,1000,900,3200,17500,9600,4000,600,8000,600,3100
125.0,14.34,192600,2765291.0,14.34,14.33,14.32,14.31,14.3,14.29,14.28,14.27,14.26,14.25,14.35,14.36,14.37,14.38,14.39,14.4,14.41,14.42,14.43,14.44,4500,2300,8500,20300,23700,7700,3800,2300,5600,3000,1800,800,900,3200,17500,9600,4000,600,8000,600
126.0,14.34,194100,2786802.0,14.34,14.33,14.32,14.31,14.3,14.29,14.28,14.27,14.26,14.25,14.35,14.36,14.37,14.38,14.39,14.4,14.41,14.42,14.43,14.44,3100,2300,8500,20300,23700,7700,3800,2300,5600,3000,1700,1700,900,3200,17500,9600,4000,600,8000,600
127.0,14.34,194900,2798274.0,14.34,14.33,14.32,14.31,14.3,14.29,14.28,14.27,14.26,14.25,14.35,14.36,14.37,14.38,14.39,14.4,14.41,14.42,14.43,14.44,2300,2300,8500,20300,22700,7700,3800,2300,5600,3000,1700,1700,900,3200,17500,9600,4000,600,8000,600
128.0,14.34,195500,2806878.0,14.34,14.33,14.32,14.31,14.3,14.29,14.28,14.27,14.26,14.25,14.35,14.36,14.37,14.38,14.39,14.4,14.41,14.42,14.43,14.44,1700,2300,9500,20300,22700,7700,3800,2300,5600,3000,1700,1700,900,3200,17500,9600,4000,600,8000,600
129.0,14.35,196200,2816923.0,14.34,14.33,14.32,14.31,14.3,14.29,14.28,14.27,14.26,14.25,14.35,14.36,14.37,14.38,14.39,14.4,14.41,14.42,14.43,14.44,6700,2300,9500,20300,22700,7700,3800,2300,5600,3000,1000,1700,900,3200,17500,9600,4000,600,8000,600
130.0,14.35,196200,2816923.0,14.34,14.33,14.32,14.31,14.3,14.29,14.28,14.27,14.26,14.25,14.35,14.36,14.37,14.38,14.39,14.4,14.41,14.42,14.43,14.44,6700,2300,9500,20300,22700,7700,3800,2300,5600,3000,1000,1700,900,3200,17500,9600,4000,600,8000,600
131.0,14.35,196900,2826968.0,14.34,14.33,14.32,14.31,14.3,14.29,14.28,14.27,14.26,14.25,14.35,14.36,14.37,14.38,14.39,14.4,14.41,14.42,14.43,14.44,6700,2300,9500,20300,22700,7700,3800,2300,5600,3000,300,1700,900,3200,17500,9600,4000,600,8000,600
132.0,14.35,196900,2826968.0,14.34,14.33,14.32,14.31,14.3,14.29,14.28,14.27,14.26,14.25,14.35,14.36,14.37,14.38,14.39,14.4,14.41,14.42,14.43,14.44,6900,2300,9500,20300,22700,7700,3800,2300,5600,3000,300,1700,900,3200,17500,9600,4000,600,8000,600
133.0,14.35,196900,2826968.0,14.34,14.33,14.32,14.31,14.3,14.29,14.28,14.27,14.26,14.25,14.35,14.36,14.37,14.38,14.39,14.4,14.41,14.42,14.43,14.44,6900,2300,9500,20300,22700,7700,3800,2300,5600,3000,2300,1200,900,3200,17500,9600,4000,600,8000,600
134.0,14.34,197500,2835572.0,14.34,14.33,14.32,14.31,14.3,14.29,14.28,14.27,14.26,14.25,14.35,14.36,14.37,14.38,14.39,14.4,14.41,14.42,14.43,14.44,6300,2300,9500,20300,22700,7700,3800,2300,5600,3000,2300,1100,900,3200,17500,9600,4000,600,8000,600
135.0,14.34,197500,2835572.0,14.34,14.33,14.32,14.31,14.3,14.29,14.28,14.27,14.26,14.25,14.35,14.36,14.37,14.38,14.39,14.4,14.42,14.43,14.44,14.45,6300,2300,9500,20300,22700,7700,3800,2300,5600,3000,2300,1100,900,3200,17500,9600,600,8000,600,3100
136.0,14.34,204000,2928784.0,14.33,14.32,14.31,14.3,14.29,14.28,14.27,14.26,14.25,14.24,14.34,14.35,14.36,14.37,14.38,14.39,14.4,14.42,14.43,14.44,2300,9500,20300,22700,7700,3800,2300,5600,3000,5600,1100,2100,1100,900,3200,17500,9600,600,8000,600
137.0,14.33,206800,2968940.0,14.33,14.32,14.31,14.3,14.29,14.28,14.27,14.26,14.25,14.24,14.35,14.36,14.37,14.38,14.39,14.4,14.42,14.43,14.44,14.45,1700,8300,20300,22700,7700,3800,2300,5600,3000,5600,1100,1300,900,3200,17500,9600,600,8000,600,3100
138.0,14.35,208400,2991900.0,14.33,14.32,14.31,14.3,14.29,14.28,14.27,14.26,14.25,14.24,14.35,14.36,14.37,14.38,14.39,14.4,14.42,14.43,14.44,14.45,4100,8300,20300,22700,7700,3800,2300,5600,3000,5600,1900,1300,900,3200,17500,5600,600,8000,600,3100
139.0,14.35,208600,2994770.0,14.33,14.32,14.31,14.3,14.29,14.28,14.27,14.26,14.25,14.24,14.34,14.35,14.36,14.37,14.38,14.39,14.4,14.42,14.43,14.44,4100,8300,20300,22700,7700,3800,2300,5600,3000,5600,200,1700,1300,900,3200,17500,5600,600,8000,600
140.0,14.33,215200,3089406.0,14.33,14.32,14.31,14.3,14.29,14.28,14.27,14.26,14.25,14.24,14.36,14.37,14.38,14.39,14.4,14.42,14.43,14.44,14.45,14.46,600,8300,20300,22700,7700,3800,2300,5600,3000,5600,1300,900,3200,17500,5600,600,8000,600,3100,20000
141.0,14.33,215200,3089406.0,14.33,14.32,14.31,14.3,14.29,14.28,14.27,14.26,14.25,14.24,14.34,14.36,14.37,14.38,14.39,14.4,14.42,14.43,14.44,14.45,2000,8300,20300,22700,7700,3800,2300,5600,3000,5600,100,2700,900,3200,17500,5600,600,8000,600,3100
142.0,14.35,215900,3099450.0,14.33,14.32,14.31,14.3,14.29,14.28,14.27,14.26,14.25,14.24,14.34,14.36,14.37,14.38,14.39,14.4,14.42,14.43,14.44,14.45,2000,7300,20300,22700,7700,3800,2300,5600,3000,5600,700,2700,900,3200,17500,5600,600,8000,600,3100
143.0,14.35,215900,3099450.0,14.33,14.32,14.31,14.3,14.29,14.28,14.27,14.26,14.25,14.24,14.34,14.36,14.37,14.38,14.39,14.4,14.42,14.43,14.44,14.45,2000,7300,20300,22700,7700,3800,2300,5600,3000,5600,1500,2700,900,3200,17500,5600,600,8000,600,3100
144.0,14.34,216000,3100884.0,14.33,14.32,14.31,14.3,14.29,14.28,14.27,14.26,14.25,14.24,14.34,14.36,14.37,14.38,14.39,14.4,14.42,14.43,14.44,14.45,3100,7300,20300,22700,7700,3800,2300,5600,3000,5600,1400,2700,900,3200,17500,5600,600,8000,600,3100
145.0,14.34,216000,3100884.0,14.33,14.32,14.31,14.3,14.29,14.28,14.27,14.26,14.25,14.24,14.34,14.36,14.37,14.38,14.39,14.4,14.42,14.43,14.44,14.45,3100,7300,20300,22700,7700,3800,2300,5600,3000,5600,1400,2700,900,3200,17500,5600,600,8000,600,3100
146.0,14.34,216100,3102318.0,14.33,14.32,14.31,14.3,14.29,14.28,14.27,14.26,14.25,14.24,14.34,14.36,14.37,14.38,14.39,14.4,14.42,14.43,14.44,14.45,3100,7300,20300,22700,7700,3800,2300,5600,3000,5600,1300,2700,900,3200,17100,5600,600,8000,600,3100
147.0,14.33,219400,3149654.0,14.33,14.32,14.31,14.3,14.29,14.28,14.27,14.26,14.25,14.24,14.35,14.36,14.37,14.38,14.39,14.4,14.42,14.43,14.44,14.45,2800,7300,20300,22700,7700,3800,2300,5600,3000,5600,700,2700,900,3200,17100,5600,600,8000,600,3100
148.0,14.35,219500,3151089.0,14.33,14.32,14.31,14.3,14.29,14.28,14.27,14.26,14.25,14.24,14.35,14.36,14.37,14.38,14.39,14.4,14.42,14.43,14.44,14.45,9200,7300,20300,22700,7700,3800,2300,5600,3000,5600,3500,2700,900,3200,17100,5600,600,8000,600,3100
149.0,14.33,220500,3165425.0,14.33,14.32,14.31,14.3,14.29,14.28,14.27,14.26,14.25,14.24,14.35,14.36,14.37,14.38,14.39,14.4,14.42,14.43,14.44,14.45,8500,7300,20300,22700,7700,3800,2300,5600,2800,5600,3200,2700,900,3200,17100,5600,600,8000,600,3100
150.0,14.33,220500,3165425.0,14.33,14.32,14.31,14.3,14.29,14.28,14.27,14.26,14.25,14.24,14.35,14.36,14.37,14.38,14.39,14.4,14.42,14.43,14.44,14.45,9900,7300,20300,22700,7700,3800,2300,5600,2800,5600,4500,2700,900,3200,17100,5600,600,8000,600,3100
151.0,14.33,220500,3165425.0,14.33,14.32,14.31,14.3,14.29,14.28,14.27,14.26,14.25,14.24,14.35,14.36,14.37,14.38,14.39,14.4,14.42,14.43,14.44,14.45,11300,9300,20300,22700,7700,3800,2300,5600,2800,5600,5900,2700,900,3200,17100,5600,600,8000,600,3100
152.0,14.35,221000,3172600.0,14.33,14.32,14.31,14.3,14.29,14.28,14.27,14.26,14.25,14.24,14.35,14.36,14.37,14.38,14.39,14.4,14.42,14.43,14.44,14.45,11300,9300,20300,22700,7700,3800,2300,5600,2800,5600,5400,2700,900,3200,17100,5600,600,8000,600,3100
153.0,14.35,221000,3172600.0,14.33,14.32,14.31,14.3,14.29,14.28,14.27,14.26,14.25,14.24,14.35,14.36,14.37,14.38,14.39,14.4,14.42,14.43,14.44,14.45,12700,9300,20300,22700,7700,3800,2300,5600,2800,5600,7000,2700,900,3200,16900,5600,600,8000,600,3100
154.0,14.35,221000,3172600.0,14.33,14.32,14.31,14.3,14.29,14.28,14.27,14.26,14.25,14.24,14.35,14.36,14.37,14.38,14.39,14.4,14.42,14.43,14.44,14.45,13500,9300,20300,22700,7700,3800,2300,5600,2800,5600,6200,2700,900,3200,16900,5600,600,8000,600,3100
155.0,14.33,222400,3192662.0,14.33,14.32,14.31,14.3,14.29,14.28,14.27,14.26,14.25,14.24,14.34,14.35,14.36,14.37,14.38,14.39,14.4,14.42,14.43,14.44,12700,9300,20300,22700,7700,3800,2300,5600,2800,5600,1600,6800,2700,900,3200,16900,5600,600,8000,600
156.0,14.34,223600,3209864.0,14.33,14.32,14.31,14.3,14.29,14.28,14.27,14.26,14.25,14.24,14.34,14.35,14.36,14.37,14.38,14.39,14.4,14.42,14.43,14.44,12100,10300,20300,22700,7700,3800,2300,5600,2800,5600,1000,7100,2700,900,3200,16900,5600,600,8000,600
157.0,14.34,224400,3221336.0,14.33,14.32,14.31,14.3,14.29,14.28,14.27,14.26,14.25,14.24,14.34,14.35,14.36,14.37,14.38,14.39,14.4,14.42,14.43,14.44,12100,10300,20300,22700,7700,3800,2300,5600,2800,5600,200,7100,2700,900,3200,16900,5600,600,8000,600
158.0,14.35,226400,3250027.0,14.33,14.32,14.31,14.3,14.29,14.28,14.27,14.26,14.25,14.24,14.35,14.36,14.37,14.38,14.39,14.4,14.42,14.43,14.44,14.45,12100,10300,20300,22700,7700,3800,2300,5600,2800,5600,6000,2700,900,2900,16900,5600,600,8000,600,3100
159.0,14.35,227000,3258637.0,14.33,14.32,14.31,14.3,14.29,14.28,14.27,14.26,14.25,14.24,14.35,14.36,14.37,14.38,14.39,14.4,14.42,14.43,14.44,14.45,13500,10300,20300,22900,7700,3800,2300,5600,2800,5600,6800,2700,900,2900,16900,5600,600,8000,600,1100
160.0,14.35,228300,3277292.0,14.33,14.32,14.31,14.3,14.29,14.28,14.27,14.26,14.25,14.24,14.35,14.36,14.37,14.38,14.39,14.4,14.42,14.43,14.44,14.45,14300,10300,20300,22900,7700,1800,2300,5600,2800,5600,6300,2700,900,2900,16900,5600,600,8000,600,1100
161.0,14.35,228400,3278727.0,14.33,14.32,14.31,14.3,14.29,14.28,14.27,14.26,14.25,14.24,14.34,14.35,14.36,14.37,14.38,14.39,14.4,14.42,14.43,14.44,14300,10300,20300,22900,7700,1800,2300,5600,2800,5600,700,6200,2700,900,2900,17200,5600,600,8000,600
162.0,14.35,228400,3278727.0,14.33,14.32,14.31,14.3,14.29,14.28,14.27,14.26,14.25,14.24,14.34,14.35,14.36,14.37,14.38,14.39,14.4,14.42,14.43,14.44,14300,10300,20300,22900,7700,1800,2300,5600,2800,5600,700,6200,2700,900,1900,17200,5600,600,8000,600
163.0,14.33,229000,3287325.0,14.33,14.32,14.31,14.3,14.29,14.28,14.27,14.26,14.25,14.24,14.34,14.35,14.36,14.37,14.38,14.39,14.4,14.42,14.43,14.44,13700,10300,20300,22900,7700,1800,2300,5600,3000,5600,700,6200,2700,900,1900,17200,5600,600,8000,600
164.0,14.34,229700,3297363.0,14.34,14.33,14.32,14.31,14.3,14.29,14.28,14.27,14.26,14.25,14.35,14.36,14.37,14.38,14.39,14.4,14.42,14.43,14.44,14.45,1500,14700,11300,20300,22900,7700,1800,2300,5600,3000,6200,2700,900,1900,17200,5600,600,8000,600,1100
165.0,14.34,229700,3297363.0,14.34,14.33,14.32,14.31,14.3,14.29,14.28,14.27,14.26,14.25,14.35,14.36,14.37,14.38,14.39,14.4,14.42,14.43,14.44,14.45,3200,14700,11300,20300,22900,7700,1800,2300,5600,3000,6200,1700,900,1900,17200,5600,600,8000,600,1100
166.0,14.35,230300,3305973.0,14.34,14.33,14.32,14.31,14.3,14.29,14.28,14.27,14.26,14.25,14.35,14.36,14.37,14.38,14.39,14.4,14.42,14.43,14.44,14.45,3200,15700,11300,20300,22900,7700,1800,2300,5600,3000,5600,1700,900,1900,17200,5600,600,8000,600,1100
167.0,14.35,230300,3305973.0,14.34,14.33,14.32,14.31,14.3,14.29,14.28,14.27,14.26,14.25,14.35,14.36,14.37,14.38,14.39,14.4,14.42,14.43,14.44,14.45,3200,15700,11300,20300,22900,7700,3300,2300,5600,3000,5600,1700,900,1900,17200,5600,600,8000,600,1100
168.0,14.34,231400,3321747.0,14.34,14.33,14.32,14.31,14.3,14.29,14.28,14.27,14.26,14.25,14.35,14.36,14.37,14.38,14.39,14.4,14.42,14.43,14.44,14.45,2000,15700,11300,20300,22900,7700,3300,2300,5600,3000,6600,1700,900,1900,21200,5600,600,8000,600,1100
169.0,14.35,232000,3330357.0,14.34,14.33,14.32,14.31,14.3,14.29,14.28,14.27,14.26,14.25,14.35,14.36,14.37,14.38,14.39,14.4,14.42,14.43,14.44,14.45,2000,15700,11300,20300,22900,7700,3300,2300,5600,3000,6000,1700,900,1900,21200,5600,600,8000,600,1100
170.0,14.35,232000,3330357.0,14.34,14.33,14.32,14.31,14.3,14.29,14.28,14.27,14.26,14.25,14.35,14.36,14.37,14.38,14.39,14.4,14.42,14.43,14.44,14.45,2000,15700,11300,20300,26900,7700,3300,2300,5600,3000,6000,1700,900,1900,21200,5600,600,8000,600,1100
171.0,14.34,233800,3356181.0,14.34,14.33,14.32,14.31,14.3,14.29,14.28,14.27,14.26,14.25,14.35,14.36,14.37,14.38,14.39,14.4,14.42,14.43,14.44,14.45,1400,15700,11300,20300,26900,7700,3300,2300,5600,3000,4800,1700,900,1900,21200,5600,600,8000,600,1100
172.0,14.34,235000,3373393.0,14.34,14.33,14.32,14.31,14.3,14.29,14.28,14.27,14.26,14.25,14.35,14.36,14.37,14.38,14.39,14.4,14.42,14.43,14.44,14.45,600,15700,11300,20300,26900,9200,3300,2300,5600,3000,4400,1700,900,2400,21200,5600,600,8000,600,1100
173.0,14.34,235100,3374827.0,14.34,14.33,14.32,14.31,14.3,14.29,14.28,14.27,14.26,14.25,14.35,14.36,14.37,14.38,14.39,14.4,14.42,14.43,14.44,14.45,500,15700,11300,20300,26900,9200,3300,2300,5600,3000,4400,1700,900,2400,21200,5600,600,8000,600,1400
174.0,14.34,235300,3377695.0,14.34,14.33,14.32,14.31,14.3,14.29,14.28,14.27,14.26,14.25,14.35,14.36,14.37,14.38,14.39,14.4,14.42,14.43,14.44,14.45,1300,15700,11300,20300,26900,9200,3300,2300,5600,3000,4400,1700,900,2400,21200,5600,600,8000,600,1400
175.0,14.34,235600,3381997.0,14.34,14.33,14.32,14.31,14.3,14.29,14.28,14.27,14.26,14.25,14.35,14.36,14.37,14.38,14.39,14.4,14.42,14.43,14.44,14.45,1000,15700,11300,19800,26900,9200,3300,2300,5600,3000,4700,1700,900,2400,21200,5600,600,8000,600,1400
176.0,14.34,236500,3394907.0,14.34,14.33,14.32,14.31,14.3,14.29,14.28,14.27,14.26,14.25,14.35,14.36,14.37,14.38,14.39,14.4,14.42,14.43,14.44,14.45,500,15700,11300,19800,26900,9200,3300,2300,5600,3000,4300,1700,900,2400,21200,5600,600,8000,600,1400
177.0,14.34,236600,3396341.0,14.34,14.33,14.32,14.31,14.3,14.29,14.28,14.27,14.26,14.25,14.35,14.36,14.37,14.38,14.39,14.4,14.42,14.43,14.44,14.45,400,15700,11300,19800,26900,9200,3300,2300,5600,3000,5900,1700,900,2400,21200,5600,600,8000,600,1400
178.0,14.34,237500,3409252.0,14.33,14.32,14.31,14.3,14.29,14.28,14.27,14.26,14.25,14.24,14.34,14.35,14.36,14.37,14.38,14.39,14.4,14.42,14.43,14.44,15700,11300,19800,26900,9200,3300,2300,5600,3000,100,1600,5400,1700,900,2400,21200,5600,600,8000,600
179.0,14.34,237600,3410686.0,14.33,14.32,14.31,14.3,14.29,14.28,14.27,14.26,14.25,14.24,14.34,14.35,14.36,14.37,14.38,14.39,14.4,14.42,14.43,14.44,15700,11300,19800,26900,9200,3300,2300,5600,3000,100,1600,5400,1700,900,2400,21200,5600,600,8000,600
180.0,14.34,237600,3410686.0,14.33,14.32,14.31,14.3,14.29,14.28,14.27,14.26,14.25,14.24,14.34,14.35,14.36,14.37,14.38,14.39,14.4,14.42,14.43,14.44,15700,11300,19800,26900,9200,3300,2300,5600,3000,100,1600,5400,1700,900,2400,21200,5600,600,8000,600
181.0,14.34,237600,3410686.0,14.33,14.32,14.31,14.3,14.29,14.28,14.27,14.26,14.25,14.24,14.34,14.35,14.36,14.37,14.38,14.39,14.4,14.42,14.43,14.44,15700,11300,19800,26900,9200,3300,2300,5600,3000,100,1600,5900,1700,1000,2400,21200,5600,600,8000,600
182.0,14.33,241200,3462274.0,14.33,14.32,14.31,14.3,14.29,14.28,14.27,14.26,14.25,14.24,14.34,14.35,14.36,14.37,14.38,14.39,14.4,14.42,14.43,14.44,12100,11300,19800,26900,9200,3300,2300,5600,3000,100,1600,5900,1700,1000,2400,21200,5600,600,8000,600
183.0,14.34,241700,3469444.0,14.33,14.32,14.31,14.3,14.29,14.28,14.27,14.26,14.25,14.24,14.34,14.35,14.36,14.37,14.38,14.39,14.4,14.42,14.43,14.44,12600,11300,19800,26900,9200,3300,2300,5600,3000,100,1100,5900,1700,1000,2400,21200,5600,600,8000,600
184.0,14.34,241700,3469444.0,14.33,14.32,14.31,14.3,14.29,14.28,14.27,14.26,14.25,14.24,14.34,14.35,14.36,14.37,14.38,14.39,14.4,14.42,14.43,14.44,12600,11300,19800,26900,9200,3300,2300,5600,3000,100,1100,5900,1700,1000,2400,21200,5600,600,8000,600
185.0,14.33,242700,3483774.0,14.33,14.32,14.31,14.3,14.29,14.28,14.27,14.26,14.25,14.24,14.34,14.35,14.36,14.37,14.38,14.39,14.4,14.42,14.43,14.44,11600,11300,19800,29900,9200,3300,2300,5600,3000,100,1200,5900,1700,1000,2400,21200,5600,600,8000,600
186.0,14.34,242800,3485208.0,14.33,14.32,14.31,14.3,14.29,14.28,14.27,14.26,14.25,14.24,14.34,14.35,14.36,14.37,14.38,14.39,14.4,14.42,14.43,14.44,11600,11300,19800,29900,9200,3300,2300,5600,3000,100,1100,5900,1700,1000,2400,21200,5600,600,8000,600
187.0,14.33,243900,3500971.0,14.33,14.32,14.31,14.3,14.29,14.28,14.27,14.26,14.25,14.24,14.34,14.35,14.36,14.37,14.38,14.39,14.4,14.42,14.43,14.44,13500,11300,19800,29900,9200,3300,2300,5600,3000,100,1100,5900,1700,1000,2400,21200,5600,600,8000,600
188.0,14.33,243900,3500971.0,14.33,14.32,14.31,14.3,14.29,14.28,14.27,14.26,14.25,14.24,14.34,14.35,14.36,14.37,14.38,14.39,14.4,14.42,14.43,14.44,13500,11300,19800,29900,9200,3300,2300,5600,3000,100,1100,5900,1700,1000,2400,21200,5600,600,8000,600
189.0,14.34,246200,3533937.0,14.33,14.32,14.31,14.3,14.29,14.28,14.27,14.26,14.25,14.24,14.34,14.35,14.36,14.37,14.38,14.39,14.4,14.42,14.43,14.44,11900,11300,19800,29900,9200,3300,2300,5600,3000,100,400,5900,1700,1000,2400,21200,5600,600,8000,600
190.0,14.34,246700,3541107.0,14.34,14.33,14.32,14.31,14.3,14.29,14.28,14.27,14.26,14.25,14.35,14.36,14.37,14.38,14.39,14.4,14.42,14.43,14.44,14.45,4500,11900,11300,19800,29900,9400,3300,2300,5600,3000,5900,1700,1000,2400,21200,5600,600,8000,600,1400
191.0,14.34,246700,3541107.0,14.34,14.33,14.32,14.31,14.3,14.29,14.28,14.27,14.26,14.25,14.35,14.36,14.37,14.38,14.39,14.4,14.42,14.43,14.44,14.45,4500,11900,11300,19800,29900,9400,3300,2300,5600,3000,5900,1700,1000,2400,21200,5600,600,8000,600,1400
192.0,14.34,246700,3541107.0,14.34,14.33,14.32,14.31,14.3,14.29,14.28,14.27,14.26,14.25,14.35,14.36,14.37,14.38,14.39,14.4,14.42,14.43,14.44,14.45,4500,11900,11300,19800,29900,9400,3300,2300,5600,3000,5900,1700,1000,800,21200,5600,600,8000,600,1400
193.0,14.35,247700,3555457.0,14.34,14.33,14.32,14.31,14.3,14.29,14.28,14.27,14.26,14.25,14.35,14.36,14.37,14.38,14.39,14.4,14.42,14.43,14.44,14.45,4500,16100,11300,19800,29900,9400,3300,2300,5600,3000,4900,1700,1000,800,21200,5600,600,8000,600,1400
194.0,14.34,249100,3575542.0,14.34,14.33,14.32,14.31,14.3,14.29,14.28,14.27,14.26,14.25,14.35,14.36,14.37,14.38,14.39,14.4,14.42,14.43,14.44,14.45,4000,16100,11300,19800,29900,9400,3300,2300,5600,3000,2400,1700,1000,800,21200,5600,600,8000,600,1400
195.0,14.34,249100,3575542.0,14.34,14.33,14.32,14.31,14.3,14.29,14.28,14.27,14.26,14.25,14.35,14.36,14.37,14.38,14.39,14.4,14.42,14.43,14.44,14.45,4000,16100,11300,19800,29900,9400,3300,2300,5600,3000,2400,1700,1000,800,21200,5600,600,8000,600,1400
196.0,14.35,249300,3578412.0,14.34,14.33,14.32,14.31,14.3,14.29,14.28,14.27,14.26,14.25,14.35,14.36,14.37,14.38,14.39,14.4,14.42,14.43,14.44,14.45,4000,16100,11300,19800,29900,9400,3300,2300,5600,3000,2200,1700,1000,800,21200,5600,600,8000,600,1400
197.0,14.35,249300,3578412.0,14.34,14.33,14.32,14.31,14.3,14.29,14.28,14.27,14.26,14.25,14.35,14.36,14.37,14.38,14.39,14.4,14.42,14.43,14.44,14.45,4000,16100,11300,19800,29900,9400,3300,2300,5600,3000,2900,1700,1000,800,21200,5600,600,8000,600,1400
198.0,14.35,249300,3578412.0,14.34,14.33,14.32,14.31,14.3,14.29,14.28,14.27,14.26,14.25,14.35,14.36,14.37,14.38,14.39,14.4,14.42,14.43,14.44,14.45,4000,16100,11300,19800,29900,9400,3300,2300,5600,3000,2900,1600,1000,800,21200,5600,600,8000,600,1400
199.0,14.35,249300,3578412.0,14.34,14.33,14.32,14.31,14.3,14.29,14.28,14.27,14.26,14.25,14.35,14.36,14.37,14.38,14.39,14.4,14.42,14.43,14.44,14.45,4000,16100,11300,19800,29900,9400,3300,2300,5600,3000,2900,1600,1000,800,21200,5600,600,8000,600,1400
200.0,14.34,250700,3598492.0,14.34,14.33,14.32,14.31,14.3,14.29,14.28,14.27,14.26,14.25,14.35,14.36,14.37,14.38,14.39,14.4,14.42,14.43,14.44,14.45,3000,16100,11300,19800,29900,9400,3300,2300,5600,3000,2500,1600,1000,800,21200,5600,600,8000,600,1400
201.0,14.34,251600,3611398.0,14.34,14.33,14.32,14.31,14.3,14.29,14.28,14.27,14.26,14.25,14.35,14.36,14.37,14.38,14.39,14.4,14.42,14.43,14.44,14.45,2100,16100,11300,19800,29900,9000,3300,2300,5600,3000,5000,1600,1000,800,21200,5600,600,8000,600,1400
202.0,14.34,253700,3641512.0,14.33,14.32,14.31,14.3,14.29,14.28,14.27,14.26,14.25,14.24,14.34,14.35,14.36,14.37,14.38,14.39,14.4,14.42,14.43,14.44,16100,11300,19800,29900,9000,3300,2300,5600,3000,100,100,5000,1600,1000,800,21200,5600,600,8000,600
203.0,14.33,257700,3698843.0,14.33,14.32,14.31,14.3,14.29,14.28,14.27,14.26,14.25,14.24,14.34,14.35,14.36,14.37,14.38,14.39,14.4,14.42,14.43,14.44,13200,11300,19800,29900,9000,3300,2300,5600,3000,100,4200,5000,1600,1000,800,21200,5600,600,8000,600
204.0,14.33,258000,3703143.0,14.33,14.32,14.31,14.3,14.29,14.28,14.27,14.26,14.25,14.24,14.34,14.35,14.36,14.37,14.38,14.39,14.4,14.42,14.43,14.44,13000,11300,19800,29900,9000,3800,2300,5600,3000,100,4100,5000,1600,1000,800,21200,5600,600,8000,600
205.0,14.33,258000,3703143.0,14.33,14.32,14.31,14.3,14.29,14.28,14.27,14.26,14.25,14.24,14.34,14.35,14.36,14.37,14.38,14.39,14.4,14.42,14.43,14.44,13000,11300,19800,29900,9000,3800,2300,5600,3000,100,4100,5000,1600,1000,800,21200,5600,600,8000,600
206.0,14.33,259400,3723217.0,14.33,14.32,14.31,14.3,14.29,14.28,14.27,14.26,14.25,14.24,14.34,14.35,14.36,14.37,14.38,14.39,14.4,14.42,14.43,14.44,12800,11300,19800,29900,9000,3800,2300,5600,3000,100,3000,5000,1600,1000,800,21200,5600,600,8000,600
207.0,14.33,266300,3822097.0,14.33,14.32,14.31,14.3,14.29,14.28,14.27,14.26,14.25,14.24,14.34,14.35,14.36,14.37,14.38,14.39,14.4,14.42,14.43,14.44,6200,11000,19800,29900,9000,3800,2300,5600,3000,100,2700,5000,1600,1000,800,21200,5600,600,8000,600
208.0,14.33,266800,3829264.0,14.33,14.32,14.31,14.3,14.29,14.28,14.27,14.26,14.25,14.24,14.34,14.35,14.36,14.37,14.38,14.39,14.4,14.42,14.43,14.44,5900,11000,19800,29900,9000,3800,2300,5600,3000,100,2500,5000,1600,1000,800,21200,5600,600,8000,600
209.0,14.34,267000,3832132.0,14.33,14.32,14.31,14.3,14.29,14.28,14.27,14.26,14.25,14.24,14.34,14.35,14.36,14.37,14.38,14.39,14.4,14.42,14.43,14.44,5900,10300,21800,29900,9000,3800,2300,5600,3000,100,2200,5000,1600,1000,800,21200,5600,600,8000,600
210.0,14.34,267000,3832132.0,14.33,14.32,14.31,14.3,14.29,14.28,14.27,14.26,14.25,14.24,14.34,14.35,14.36,14.37,14.38,14.39,14.4,14.42,14.43,14.44,5900,10300,21800,29900,9000,3800,2300,5600,3000,100,2200,5000,1600,1000,800,21200,5600,600,8000,600
211.0,14.34,267000,3832132.0,14.33,14.32,14.31,14.3,14.29,14.28,14.27,14.26,14.25,14.24,14.34,14.35,14.36,14.37,14.38,14.39,14.4,14.42,14.43,14.44,6200,10300,21800,29900,9000,3800,2300,5600,3000,100,2200,5000,1600,1000,800,21200,5600,600,8000,600
212.0,14.33,267100,3833565.0,14.33,14.32,14.31,14.3,14.29,14.28,14.27,14.26,14.25,14.24,14.35,14.36,14.37,14.38,14.39,14.4,14.42,14.43,14.44,14.45,6100,10300,21800,29900,9000,3800,2300,5600,3000,100,5000,1600,1000,800,21200,5600,600,8000,600,1400
213.0,14.35,267600,3840740.0,14.33,14.32,14.31,14.3,14.29,14.28,14.27,14.26,14.25,14.24,14.35,14.36,14.37,14.38,14.39,14.4,14.42,14.43,14.44,14.45,6700,10400,21800,29900,7500,3800,2300,5600,3000,100,5500,1600,1000,800,21200,5600,600,8000,600,1400
214.0,14.35,267600,3840740.0,14.34,14.33,14.32,14.31,14.3,14.29,14.28,14.27,14.26,14.25,14.35,14.36,14.37,14.38,14.39,14.4,14.42,14.43,14.44,14.45,200,8100,10400,21900,29900,7500,3800,2300,5600,3000,6200,1600,1000,800,21200,5600,600,8000,600,1400
215.0,14.35,268200,3849350.0,14.34,14.33,14.32,14.31,14.3,14.29,14.28,14.27,14.26,14.25,14.35,14.36,14.37,14.38,14.39,14.4,14.42,14.43,14.44,14.45,1200,8300,10400,21900,29900,7500,3800,2300,5600,3000,3100,1600,1000,800,21200,5600,600,8000,600,1400
216.0,14.35,268500,3853655.0,14.34,14.33,14.32,14.31,14.3,14.29,14.28,14.27,14.26,14.25,14.35,14.36,14.37,14.38,14.39,14.4,14.42,14.43,14.44,14.45,2100,8300,10400,21900,29900,7500,3800,2300,5600,3000,2800,1600,1000,800,21200,5600,600,8000,600,1400
217.0,14.35,268500,3853655.0,14.34,14.33,14.32,14.31,14.3,14.29,14.28,14.27,14.26,14.25,14.35,14.36,14.37,14.38,14.39,14.4,14.42,14.43,14.44,14.45,2100,8300,10400,21900,29900,7500,3800,2300,5600,3000,2800,1600,1000,800,21200,5600,600,8000,600,1400
218.0,14.34,270000,3875170.0,14.34,14.33,14.32,14.31,14.3,14.29,14.28,14.27,14.26,14.25,14.35,14.36,14.37,14.38,14.39,14.4,14.42,14.43,14.44,14.45,1100,11200,10400,19900,29900,7500,3800,2300,5600,3000,2300,1600,1000,800,21200,5600,600,8000,600,1400
219.0,14.34,271100,3890950.0,14.34,14.33,14.32,14.31,14.3,14.29,14.28,14.27,14.26,14.25,14.35,14.36,14.37,14.38,14.39,14.4,14.42,14.43,14.44,14.45,600,11200,10400,19900,29900,7500,3800,2300,5600,3000,1700,1600,1000,800,21200,5600,600,8000,600,1400
220.0,14.35,273000,3918191.0,14.33,14.32,14.31,14.3,14.29,14.28,14.27,14.26,14.25,14.24,14.35,14.36,14.37,14.38,14.39,14.4,14.42,14.43,14.44,14.45,10300,10400,19900,29900,7500,3800,2300,5600,3000,100,1300,1600,1000,800,21200,5600,600,8000,600,1400
221.0,14.35,273000,3918191.0,14.33,14.32,14.31,14.3,14.29,14.28,14.27,14.26,14.25,14.24,14.35,14.36,14.37,14.38,14.39,14.4,14.42,14.43,14.44,14.45,10300,10400,19900,29900,7500,3800,2300,5600,3000,100,1300,1600,1000,800,21200,5600,600,8000,600,1400
222.0,14.35,273100,3919626.0,14.33,14.32,14.31,14.3,14.29,14.28,14.27,14.26,14.25,14.24,14.35,14.36,14.37,14.38,14.39,14.4,14.41,14.42,14.43,14.44,11700,10400,19900,29900,7500,3800,2300,5600,3000,100,2600,1600,1000,800,21200,5600,1100,600,8000,600
223.0,14.35,273300,3922496.0,14.33,14.32,14.31,14.3,14.29,14.28,14.27,14.26,14.25,14.24,14.35,14.36,14.37,14.38,14.39,14.4,14.41,14.42,14.43,14.44,12100,10400,19900,29900,7500,3800,2300,5600,3000,100,2800,1600,1000,800,21200,5600,1100,600,8000,600
224.0,14.35,273300,3922496.0,14.33,14.32,14.31,14.3,14.29,14.28,14.27,14.26,14.25,14.24,14.35,14.36,14.37,14.38,14.39,14.4,14.41,14.42,14.43,14.44,13100,10700,19900,29900,7500,3800,2300,5600,3000,100,3300,1600,1000,800,21200,5600,1100,600,8000,600
225.0,14.35,273300,3922496.0,14.33,14.32,14.31,14.3,14.29,14.28,14.27,14.26,14.25,14.24,14.35,14.36,14.37,14.38,14.39,14.4,14.41,14.42,14.43,14.44,14300,10700,19900,29900,7500,3800,2300,5600,3000,100,4500,1600,1000,800,21200,5600,1100,600,8000,600
226.0,14.35,273800,3929671.0,14.34,14.33,14.32,14.31,14.3,14.29,14.28,14.27,14.26,14.25,14.35,14.36,14.37,14.38,14.39,14.4,14.41,14.42,14.43,14.44,2700,14300,10700,19900,29900,7500,3800,2300,5600,3000,4000,1600,1000,800,21200,5600,1100,600,8000,600
227.0,14.35,273800,3929671.0,14.34,14.33,14.32,14.31,14.3,14.29,14.28,14.27,14.26,14.25,14.35,14.36,14.37,14.38,14.39,14.4,14.41,14.42,14.43,14.44,2700,14300,10700,19900,29900,7500,3800,2300,5600,3000,4300,1600,1000,800,21200,5600,1100,600,8000,600
228.0,14.34,276000,3961220.0,14.34,14.33,14.32,14.31,14.3,14.29,14.28,14.27,14.26,14.25,14.35,14.36,14.37,14.38,14.39,14.4,14.41,14.42,14.43,14.44,600,14300,10700,19900,29900,7500,3800,2300,5600,3000,4200,1600,1000,800,21200,5600,1100,600,8000,600
229.0,14.35,277200,3978440.0,14.34,14.33,14.32,14.31,14.3,14.29,14.28,14.27,14.26,14.25,14.35,14.36,14.37,14.38,14.39,14.4,14.41,14.42,14.43,14.44,600,14300,10700,19900,29900,7500,3800,2300,5600,3000,3000,1600,1000,800,21200,5600,1100,600,8000,600
230.0,14.35,277500,3982745.0,14.34,14.33,14.32,14.31,14.3,14.29,14.28,14.27,14.26,14.25,14.35,14.36,14.37,14.38,14.39,14.4,14.41,14.42,14.43,14.44,600,14300,10700,19900,29900,7500,3800,2300,5600,3000,2700,1600,1000,800,21200,5600,1100,600,8000,600
231.0,14.35,277500,3982745.0,14.34,14.33,14.32,14.31,14.3,14.29,14.28,14.27,14.26,14.25,14.35,14.36,14.37,14.38,14.39,14.4,14.41,14.42,14.43,14.44,600,14300,10700,19900,29900,7500,3800,2300,5600,3000,2700,1600,1000,800,21200,5600,1100,600,8000,600
232.0,14.35,277500,3982745.0,14.34,14.33,14.32,14.31,14.3,14.29,14.28,14.27,14.26,14.25,14.35,14.36,14.37,14.38,14.39,14.4,14.41,14.42,14.43,14.44,600,14300,10700,19900,29900,7500,3800,2300,5600,3000,2700,1600,1000,800,21200,5600,1100,600,8000,600
233.0,14.35,277700,3985615.0,14.34,14.33,14.32,14.31,14.3,14.29,14.28,14.27,14.26,14.25,14.35,14.36,14.37,14.38,14.39,14.4,14.41,14.42,14.43,14.44,600,14300,10700,19900,29900,7500,3800,2300,5600,3000,2500,1600,1000,800,21200,5600,1100,600,8000,600
234.0,14.34,278300,3994219.0,14.33,14.32,14.31,14.3,14.29,14.28,14.27,14.26,14.25,14.24,14.34,14.35,14.36,14.37,14.38,14.39,14.4,14.41,14.42,14.43,14300,10700,19900,30000,8900,3800,2300,5600,3000,100,900,2500,1600,1000,800,21200,5600,1100,600,8000
235.0,14.34,279200,4007125.0,14.34,14.33,14.32,14.31,14.3,14.29,14.28,14.27,14.26,14.25,14.35,14.36,14.37,14.38,14.39,14.4,14.41,14.42,14.43,14.44,600,14300,10700,19900,30000,8900,3800,2300,5600,3000,2500,1800,1000,800,21200,5600,1100,600,8000,600
236.0,14.35,279400,4009995.0,14.34,14.33,14.32,14.31,14.3,14.29,14.28,14.27,14.26,14.25,14.35,14.36,14.37,14.38,14.39,14.4,14.41,14.42,14.43,14.44,600,14300,10700,19900,30000,8900,3800,2300,5600,3000,2300,1800,1000,800,21200,5600,1100,600,8000,600
237.0,14.35,279600,4012865.0,14.34,14.33,14.32,14.31,14.3,14.29,14.28,14.27,14.26,14.25,14.35,14.36,14.37,14.38,14.39,14.4,14.41,14.42,14.43,14.44,600,14300,10700,19900,31000,8900,3800,2300,5600,3000,2100,1800,1000,800,21200,5600,1100,600,8000,600
238.0,14.34,280200,4021469.0,14.33,14.32,14.31,14.3,14.29,14.28,14.27,14.26,14.25,14.24,14.34,14.35,14.36,14.37,14.38,14.39,14.4,14.41,14.42,14.43,14300,10700,19900,31000,8900,3800,2300,5600,3000,100,1600,4800,1800,1000,800,21200,5600,1100,600,8000
239.0,14.34,280300,4022903.0,14.33,14.32,14.31,14.3,14.29,14.28,14.27,14.26,14.25,14.24,14.34,14.35,14.36,14.37,14.38,14.39,14.4,14.41,14.42,14.43,14300,10700,19900,31000,8900,3800,2300,5600,3000,100,1500,4800,1800,1000,800,21200,5600,1100,600,8000
240.0,14.33,280400,4024336.0,14.33,14.32,14.31,14.3,14.29,14.28,14.27,14.26,14.25,14.24,14.34,14.35,14.36,14.37,14.38,14.39,14.4,14.41,14.42,14.43,14200,10700,19900,31000,8900,3800,2300,5600,3000,100,2700,4800,1800,1000,800,21200,5600,1100,600,8000
241.0,14.34,280900,4031506.0,14.33,14.32,14.31,14.3,14.29,14.28,14.27,14.26,14.25,14.24,14.34,14.35,14.36,14.37,14.38,14.39,14.4,14.41,14.42,14.43,14200,10700,19900,31000,8900,3800,2300,5600,3000,100,2800,4800,1800,1000,800,21200,5600,1100,600,8000
242.0,14.34,281100,4034374.0,14.33,14.32,14.31,14.3,14.29,14.28,14.27,14.26,14.25,14.24,14.34,14.35,14.36,14.37,14.38,14.39,14.4,14.41,14.42,14.43,14200,10700,19900,31000,8900,3800,2300,5600,3000,100,2600,4800,1800,1000,800,21200,5600,1100,600,8000
243.0,14.34,281300,4037242.0,14.33,14.32,14.31,14.3,14.29,14.28,14.27,14.26,14.25,14.24,14.34,14.35,14.36,14.37,14.38,14.39,14.4,14.41,14.42,14.43,14200,10700,21900,31000,8900,3800,2300,5600,3000,100,1500,4800,1800,1000,800,21200,5600,1100,600,8000
244.0,14.34,281300,4037242.0,14.33,14.32,14.31,14.3,14.29,14.28,14.27,14.26,14.25,14.24,14.34,14.35,14.36,14.37,14.38,14.39,14.4,14.41,14.42,14.43,14200,10700,21900,31000,8900,3800,2300,5600,3000,100,1500,4800,1800,1000,800,21200,5600,1100,600,8000
245.0,14.34,281400,4038676.0,14.33,14.32,14.31,14.3,14.29,14.28,14.27,14.26,14.25,14.24,14.34,14.35,14.36,14.37,14.38,14.39,14.4,14.41,14.42,14.43,14200,10700,21900,31000,8900,3800,2300,5600,3000,100,1400,4800,1800,1000,800,21200,5600,1100,600,8000
246.0,14.34,281500,4040110.0,14.33,14.32,14.31,14.3,14.29,14.28,14.27,14.26,14.25,14.24,14.34,14.35,14.36,14.37,14.38,14.39,14.4,14.41,14.42,14.43,14200,11200,21900,31000,8900,3800,2300,5600,3000,100,1300,4800,1800,1000,800,21200,5600,1100,600,8000
247.0,14.34,281500,4040110.0,14.33,14.32,14.31,14.3,14.29,14.28,14.27,14.26,14.25,14.24,14.34,14.35,14.36,14.37,14.38,14.39,14.4,14.41,14.42,14.43,14200,11200,21900,31000,8900,3800,2300,5600,3000,100,1300,4800,1800,1000,800,21200,5600,1100,600,8000
248.0,14.34,281500,4040110.0,14.33,14.32,14.31,14.3,14.29,14.28,14.27,14.26,14.25,14.24,14.34,14.35,14.36,14.37,14.38,14.39,14.4,14.41,14.42,14.43,14200,11200,21900,31000,8900,3800,2300,5600,3000,100,1300,4800,1800,1000,800,21200,5600,1100,600,8000
249.0,14.33,283300,4065913.0,14.33,14.32,14.31,14.3,14.29,14.28,14.27,14.26,14.25,14.24,14.34,14.35,14.36,14.37,14.38,14.39,14.4,14.41,14.42,14.43,13300,11200,21900,31000,8900,3800,2300,5600,3000,100,400,4800,1800,1000,800,21200,5600,1100,600,8000
250.0,14.33,283300,4065913.0,14.33,14.32,14.31,14.3,14.29,14.28,14.27,14.26,14.25,14.24,14.34,14.35,14.36,14.37,14.38,14.39,14.4,14.41,14.42,14.43,13300,11200,21900,31000,8900,3800,2300,5600,3000,100,400,4800,1800,1000,800,21200,5600,1100,600,8000
251.0,14.33,283300,4065913.0,14.33,14.32,14.31,14.3,14.29,14.28,14.27,14.26,14.25,14.24,14.34,14.35,14.36,14.37,14.38,14.39,14.4,14.41,14.42,14.43,13300,11200,21900,31000,8900,3800,2300,5600,3000,100,5400,4800,1800,1000,800,21200,5600,1100,600,8000
252.0,14.34,283800,4073083.0,14.33,14.32,14.31,14.3,14.29,14.28,14.27,14.26,14.25,14.24,14.34,14.35,14.36,14.37,14.38,14.39,14.4,14.41,14.42,14.43,13300,11200,21900,31000,8900,3800,2300,5600,3000,100,4900,4800,1800,1000,800,21200,5600,1100,600,8000
253.0,14.33,286100,4106055.0,14.33,14.32,14.31,14.3,14.29,14.28,14.27,14.26,14.25,14.24,14.34,14.35,14.36,14.37,14.38,14.39,14.4,14.41,14.42,14.43,12300,11200,21900,31000,8900,3800,2300,5600,3000,100,3600,4800,1800,1000,800,21200,5600,1100,600,8000
254.0,14.33,286900,4117519.0,14.33,14.32,14.31,14.3,14.29,14.28,14.27,14.26,14.25,14.24,14.34,14.35,14.36,14.37,14.38,14.39,14.4,14.41,14.42,14.43,11500,11100,21900,31000,8900,3800,2300,5600,3000,100,3600,4800,1800,1000,800,21200,5600,1100,600,8000
255.0,14.33,286900,4117519.0,14.33,14.32,14.31,14.3,14.29,14.28,14.27,14.26,14.25,14.24,14.34,14.35,14.36,14.37,14.38,14.39,14.4,14.41,14.42,14.43,11500,11600,21900,31000,8900,3800,2300,5600,3000,100,3600,4800,1800,1000,800,21200,5600,1100,600,8000
256.0,14.34,287200,4121821.0,14.33,14.32,14.31,14.3,14.29,14.28,14.27,14.26,14.25,14.24,14.34,14.35,14.36,14.37,14.38,14.39,14.4,14.41,14.42,14.43,11500,11600,21900,31000,9400,3800,2300,5600,3000,100,3300,4800,1800,1000,800,21200,5600,1100,600,8000
257.0,14.34,287200,4121821.0,14.33,14.32,14.31,14.3,14.29,14.28,14.27,14.26,14.25,14.24,14.34,14.35,14.36,14.37,14.38,14.39,14.4,14.41,14.42,14.43,11500,11600,21900,31000,9400,3800,2300,5600,3000,100,3300,4800,1800,1000,800,21200,5600,1100,600,8000
258.0,14.34,287200,4121821.0,14.33,14.32,14.31,14.3,14.29,14.28,14.27,14.26,14.25,14.24,14.34,14.35,14.36,14.37,14.38,14.39,14.4,14.41,14.42,14.43,11500,11600,21900,31000,9400,4100,2300,5600,3000,100,3300,4800,1800,1000,800,21200,5600,1100,600,8000
259.0,14.34,287800,4130425.0,14.33,14.32,14.31,14.3,14.29,14.28,14.27,14.26,14.25,14.24,14.34,14.35,14.36,14.37,14.38,14.39,14.4,14.41,14.42,14.43,11500,11600,21900,31000,9400,4100,2300,5600,3000,100,2700,4800,1800,1000,800,21200,5600,1100,600,8000
260.0,14.34,287800,4130425.0,14.33,14.32,14.31,14.3,14.29,14.28,14.27,14.26,14.25,14.24,14.34,14.35,14.36,14.37,14.38,14.39,14.4,14.41,14.42,14.43,13700,11600,21900,31000,9400,4100,2300,5600,3000,100,2700,4800,1800,1000,800,21200,5600,1100,600,8000
261.0,14.33,288600,4141889.0,14.33,14.32,14.31,14.3,14.29,14.28,14.27,14.26,14.25,14.24,14.34,14.35,14.36,14.37,14.38,14.39,14.4,14.41,14.42,14.43,12900,11600,21900,31000,9400,4100,2300,5600,3000,100,2700,4800,1800,1000,800,21200,5600,1100,600,8000
262.0,14.33,291800,4187747.0,14.33,14.32,14.31,14.3,14.29,14.28,14.27,14.26,14.25,14.24,14.34,14.35,14.36,14.37,14.38,14.39,14.4,14.41,14.42,14.43,9900,13600,21900,31000,9400,4100,2300,5600,3000,100,2500,4800,1800,1000,800,21200,5600,1100,600,8000
263.0,14.33,291800,4187747.0,14.33,14.32,14.31,14.3,14.29,14.28,14.27,14.26,14.25,14.24,14.34,14.35,14.36,14.37,14.38,14.39,14.4,14.41,14.42,14.43,9900,13600,21900,31000,9400,4100,2300,5600,3000,100,2500,4800,1800,1000,800,21200,5600,1100,600,8000
264.0,14.34,292300,4194917.0,14.33,14.32,14.31,14.3,14.29,14.28,14.27,14.26,14.25,14.24,14.34,14.35,14.36,14.37,14.38,14.39,14.4,14.41,14.42,14.43,9900,13600,21900,31000,9400,4100,2300,5600,3000,100,2000,4800,1800,1000,800,21200,5600,1100,600,8000
265.0,14.33,294000,4219288.0,14.33,14.32,14.31,14.3,14.29,14.28,14.27,14.26,14.25,14.24,14.34,14.35,14.36,14.37,14.38,14.39,14.4,14.41,14.42,14.43,9200,13600,21900,31000,9400,4100,2300,5600,3000,100,1100,4800,1800,1000,800,21200,5600,1100,600,8000
266.0,14.33,295400,4239351.0,14.33,14.32,14.31,14.3,14.29,14.28,14.27,14.26,14.25,14.24,14.34,14.35,14.36,14.37,14.38,14.39,14.4,14.41,14.42,14.43,8100,13600,21900,31000,9400,4100,2300,5600,3000,100,1000,4800,1800,1000,800,21200,5600,1100,600,8000
267.0,14.34,295500,4240785.0,14.33,14.32,14.31,14.3,14.29,14.28,14.27,14.26,14.25,14.24,14.34,14.35,14.36,14.37,14.38,14.39,14.4,14.41,14.42,14.43,8100,13600,21900,31000,9400,4100,2300,5600,3000,100,900,4800,1800,1000,800,21200,5600,1100,600,8000
268.0,14.33,296500,4255115.0,14.33,14.32,14.31,14.3,14.29,14.28,14.27,14.26,14.25,14.24,14.34,14.35,14.36,14.37,14.38,14.39,14.4,14.41,14.42,14.43,7100,13600,21900,31000,9400,4100,2300,6000,3000,100,900,4800,1800,1000,800,21200,5600,1100,600,8000
269.0,14.33,297600,4270879.0,14.33,14.32,14.31,14.3,14.29,14.28,14.27,14.26,14.25,14.24,14.34,14.35,14.36,14.37,14.38,14.39,14.4,14.41,14.42,14.43,6100,13600,21900,31000,9400,4100,2300,6000,3000,100,800,4800,1800,1000,800,21200,5600,1100,600,8000
270.0,14.33,297600,4270879.0,14.33,14.32,14.31,14.3,14.29,14.28,14.27,14.26,14.25,14.24,14.34,14.35,14.36,14.37,14.38,14.39,14.4,14.41,14.42,14.43,6100,13600,22400,31000,9400,4100,2300,6000,3000,100,800,4500,1800,1000,800,21200,5600,1100,600,8000
271.0,14.33,297600,4270879.0,14.33,14.32,14.31,14.3,14.29,14.28,14.27,14.26,14.25,14.24,14.34,14.35,14.36,14.37,14.38,14.39,14.4,14.41,14.42,14.43,6100,13600,22400,31000,9400,4100,2300,6000,3000,100,800,4500,1800,1000,800,21200,5600,1100,600,8000
272.0,14.33,297600,4270879.0,14.33,14.32,14.31,14.3,14.29,14.28,14.27,14.26,14.25,14.24,14.34,14.35,14.36,14.37,14.38,14.39,14.4,14.41,14.42,14.43,6100,13600,22400,31000,9400,4100,2300,6000,3000,100,800,4500,1800,1000,800,21200,5600,1100,600,8000
273.0,14.33,299900,4303838.0,14.33,14.32,14.31,14.3,14.29,14.28,14.27,14.26,14.25,14.24,14.34,14.35,14.36,14.37,14.38,14.39,14.4,14.41,14.42,14.43,3800,13600,22400,31000,9400,4100,2300,6000,3000,100,800,4500,1800,1000,800,21200,5600,1100,600,8000
274.0,14.33,299900,4303838.0,14.33,14.32,14.31,14.3,14.29,14.28,14.27,14.26,14.25,14.24,14.34,14.35,14.36,14.37,14.38,14.39,14.4,14.41,14.42,14.43,3800,13600,22400,31000,9400,4100,2300,6000,3000,100,800,4500,1800,1000,800,21200,5600,1100,600,8000
275.0,14.33,299900,4303838.0,14.33,14.32,14.31,14.3,14.29,14.28,14.27,14.26,14.25,14.24,14.34,14.35,14.36,14.37,14.38,14.39,14.4,14.41,14.42,14.43,3800,13600,22400,31000,9400,4100,2300,6000,3000,100,800,4500,1800,1000,800,21200,5600,1100,600,8000
276.0,14.33,300700,4315303.0,14.33,14.32,14.31,14.3,14.29,14.28,14.27,14.26,14.25,14.24,14.34,14.35,14.36,14.37,14.38,14.39,14.4,14.41,14.42,14.43,3300,13600,22400,30800,9400,4100,2300,6000,3000,100,700,4500,1800,1000,2700,21200,5600,1100,600,8000
277.0,14.33,301700,4329633.0,14.33,14.32,14.31,14.3,14.29,14.28,14.27,14.26,14.25,14.24,14.34,14.35,14.36,14.37,14.38,14.39,14.4,14.41,14.42,14.43,3300,13600,22400,30800,9400,4100,2300,6000,3000,100,700,4500,1800,1000,2700,21200,5600,1100,600,8000
278.0,14.33,302500,4341097.0,14.33,14.32,14.31,14.3,14.29,14.28,14.27,14.26,14.25,14.24,14.34,14.35,14.36,14.37,14.38,14.39,14.4,14.41,14.42,14.43,2500,13600,22400,30800,9400,4100,2300,6000,3000,100,700,4500,1800,1000,2700,21200,5600,1100,600,8000
279.0,14.33,302500,4341097.0,14.33,14.32,14.31,14.3,14.29,14.28,14.27,14.26,14.25,14.24,14.34,14.35,14.36,14.37,14.38,14.39,14.4,14.41,14.42,14.43,2500,13600,22400,30800,9400,4100,2300,6000,3000,100,700,4500,1800,1000,2700,21200,5600,1100,600,8000
280.0,14.33,302800,4345396.0,14.33,14.32,14.31,14.3,14.29,14.28,14.27,14.26,14.25,14.24,14.34,14.35,14.36,14.37,14.38,14.39,14.4,14.41,14.42,14.43,2200,13700,22400,30800,9400,4100,2300,6000,3000,100,700,4500,1800,1000,2700,21200,5600,1100,600,8000
281.0,14.33,305300,4381224.0,14.32,14.31,14.3,14.29,14.28,14.27,14.26,14.25,14.24,14.23,14.33,14.34,14.35,14.36,14.37,14.38,14.39,14.4,14.41,14.42,13700,22400,30800,9400,4100,2300,6000,3000,100,3100,4800,400,4500,1800,1000,2700,21200,5600,1100,600
282.0,14.33,306100,4392688.0,14.32,14.31,14.3,14.29,14.28,14.27,14.26,14.25,14.24,14.23,14.33,14.34,14.35,14.36,14.37,14.38,14.39,14.4,14.41,14.42,13700,22400,30800,9400,4100,2300,6000,3000,100,3100,12800,400,4500,1800,1000,2700,21200,5600,1100,600
283.0,14.32,310200,4451400.0,14.32,14.31,14.3,14.29,14.28,14.27,14.26,14.25,14.24,14.23,14.33,14.34,14.35,14.36,14.37,14.38,14.39,14.4,14.41,14.42,9600,22400,29800,9400,4100,2300,6000,3000,100,3100,12800,400,4500,1800,1000,2700,21200,5600,1100,600
284.0,14.32,311800,4474312.0,14.32,14.31,14.3,14.29,14.28,14.27,14.26,14.25,14.24,14.23,14.33,14.34,14.35,14.36,14.37,14.38,14.39,14.4,14.41,14.42,8000,22400,29800,9400,4100,2300,6000,3000,100,3100,12800,400,4500,1800,1000,2700,21200,5600,1100,600
285.0,14.32,314100,4507254.0,14.32,14.31,14.3,14.29,14.28,14.27,14.26,14.25,14.24,14.23,14.33,14.34,14.35,14.36,14.37,14.38,14.39,14.4,14.41,14.42,6300,22400,29800,9400,4100,2300,6000,3000,100,3100,8800,400,4500,1800,1000,2700,21200,5600,1100,600
286.0,14.32,314500,4512982.0,14.32,14.31,14.3,14.29,14.28,14.27,14.26,14.25,14.24,14.23,14.33,14.34,14.35,14.36,14.37,14.38,14.39,14.4,14.41,14.42,5900,22400,30500,9400,4100,2300,6000,3000,100,3100,8800,400,4500,1800,1000,2700,21200,5600,1100,600
287.0,14.32,314500,4512982.0,14.32,14.31,14.3,14.29,14.28,14.27,14.26,14.25,14.24,14.23,14.33,14.34,14.35,14.36,14.37,14.38,14.39,14.4,14.41,14.42,5900,22400,30500,9400,4100,2300,6000,3000,100,3100,8800,400,4500,1800,900,2700,10800,5600,1100,600
288.0,14.33,316400,4540209.0,14.32,14.31,14.3,14.29,14.28,14.27,14.26,14.25,14.24,14.23,14.33,14.34,14.35,14.36,14.37,14.38,14.39,14.4,14.41,14.42,5900,22400,30500,9400,4100,2300,6000,3000,100,3100,6900,400,4500,1800,900,2700,10800,5600,1100,600
289.0,14.33,317000,4548807.0,14.32,14.31,14.3,14.29,14.28,14.27,14.26,14.25,14.24,14.23,14.33,14.34,14.35,14.36,14.37,14.38,14.39,14.4,14.41,14.42,6400,22400,30500,9400,4100,2300,6000,3000,100,3100,6300,400,4500,1800,900,2700,10800,5600,1100,600
290.0,14.33,317200,4551673.0,14.32,14.31,14.3,14.29,14.28,14.27,14.26,14.25,14.24,14.23,14.33,14.34,14.35,14.36,14.37,14.38,14.39,14.4,14.41,14.42,6400,22400,30500,9400,4100,2300,6000,3000,100,3100,6100,400,4500,1800,900,2700,10800,5600,1100,600
291.0,14.33,317200,4551673.0,14.32,14.31,14.3,14.29,14.28,14.27,14.26,14.25,14.24,14.23,14.33,14.34,14.35,14.36,14.37,14.38,14.39,14.4,14.41,14.42,6400,22400,30500,9400,4100,2300,6000,3000,100,3100,6100,400,4500,1800,900,2700,10800,5600,1100,600
292.0,14.33,317800,4560271.0,14.32,14.31,14.3,14.29,14.28,14.27,14.26,14.25,14.24,14.23,14.33,14.34,14.35,14.36,14.37,14.38,14.39,14.4,14.41,14.42,6400,22400,30500,9400,4100,2300,6000,3000,100,3100,5500,400,4500,1800,900,2700,10800,5600,1100,600
293.0,14.33,317800,4560271.0,14.32,14.31,14.3,14.29,14.28,14.27,14.26,14.25,14.24,14.23,14.33,14.34,14.35,14.36,14.37,14.38,14.39,14.4,14.41,14.42,6400,22400,30500,9400,4100,2300,6000,3000,100,3100,5500,400,4500,1800,900,2700,10800,5600,1100,600
294.0,14.33,317800,4560271.0,14.32,14.31,14.3,14.29,14.28,14.27,14.26,14.25,14.24,14.23,14.33,14.34,14.35,14.36,14.37,14.38,14.39,14.4,14.41,14.42,8400,22400,30500,9400,4100,2300,6000,4000,100,3100,5500,400,4500,1800,900,2700,10800,5600,1100,600
295.0,14.33,318300,4567436.0,14.32,14.31,14.3,14.29,14.28,14.27,14.26,14.25,14.24,14.23,14.33,14.34,14.35,14.36,14.37,14.38,14.39,14.4,14.41,14.42,8400,22400,30500,9400,4100,2300,6000,4000,100,3100,5000,400,4500,1800,900,2700,10800,5600,1100,600
296.0,14.33,318300,4567436.0,14.32,14.31,14.3,14.29,14.28,14.27,14.26,14.25,14.24,14.23,14.33,14.34,14.35,14.36,14.37,14.38,14.39,14.4,14.41,14.42,8800,22400,30500,9400,4100,2300,6000,4000,100,3100,5000,400,4500,1800,900,2700,10800,5600,1100,600
297.0,14.33,318800,4574601.0,14.32,14.31,14.3,14.29,14.28,14.27,14.26,14.25,14.24,14.23,14.33,14.34,14.35,14.36,14.37,14.38,14.39,14.4,14.41,14.42,9000,22400,30500,9400,4100,2300,6000,4000,100,3100,4500,400,4500,1800,900,2700,10800,5600,1100,600
298.0,14.33,318800,4574601.0,14.32,14.31,14.3,14.29,14.28,14.27,14.26,14.25,14.24,14.23,14.33,14.34,14.35,14.36,14.37,14.38,14.39,14.4,14.41,14.42,9200,22400,30500,9400,4100,2300,6000,4000,100,3100,4500,400,4500,1800,900,2700,10800,5600,1100,600
299.0,14.33,319200,4580333.0,14.32,14.31,14.3,14.29,14.28,14.27,14.26,14.25,14.24,14.23,14.33,14.34,14.35,14.36,14.37,14.38,14.39,14.4,14.41,14.42,9200,21900,30500,9400,4100,2300,6000,4000,100,3100,4100,400,4500,1800,900,2700,10800,5600,1100,600
300.0,14.33,320000,4591797.0,14.32,14.31,14.3,14.29,14.28,14.27,14.26,14.25,14.24,14.23,14.33,14.34,14.35,14.36,14.37,14.38,14.39,14.4,14.41,14.42,9200,21900,30900,9400,4100,2300,6000,4200,100,3100,3300,400,4500,1800,900,2700,10800,5600,1100,600
301.0,14.33,320000,4591797.0,14.32,14.31,14.3,14.29,14.28,14.27,14.26,14.25,14.24,14.23,14.33,14.34,14.35,14.36,14.37,14.38,14.39,14.4,14.41,14.42,9200,21900,27900,9400,4100,2300,6000,4200,100,3100,3300,400,4500,1800,900,2700,10800,5600,1100,600
302.0,14.33,320300,4596096.0,14.32,14.31,14.3,14.29,14.28,14.27,14.26,14.25,14.24,14.23,14.33,14.34,14.35,14.36,14.37,14.38,14.39,14.4,14.41,14.42,9700,21900,27900,9400,4100,2300,6000,4200,100,3100,3000,400,4500,1800,900,2700,10800,5600,1100,600
303.0,14.33,320300,4596096.0,14.32,14.31,14.3,14.29,14.28,14.27,14.26,14.25,14.24,14.23,14.33,14.34,14.35,14.36,14.37,14.38,14.39,14.4,14.41,14.42,9700,21900,27900,9400,4100,2300,6000,4200,100,3100,3000,400,4500,1800,900,2700,10800,5600,1100,600
304.0,14.32,323100,4636195.0,14.32,14.31,14.3,14.29,14.28,14.27,14.26,14.25,14.24,14.23,14.33,14.34,14.35,14.36,14.37,14.38,14.39,14.4,14.41,14.42,7600,21900,27700,9400,4100,2300,6000,4200,100,3100,2700,400,4500,1800,900,2700,10800,5600,1100,600
305.0,14.32,323100,4636195.0,14.32,14.31,14.3,14.29,14.28,14.27,14.26,14.25,14.24,14.23,14.33,14.34,14.35,14.36,14.37,14.38,14.39,14.4,14.41,14.42,7600,21900,27700,9400,4100,2300,6000,4200,100,3100,2700,400,4500,1800,900,2700,10800,5600,1100,600
306.0,14.33,325000,4663422.0,14.32,14.31,14.3,14.29,14.28,14.27,14.26,14.25,14.24,14.23,14.33,14.34,14.35,14.36,14.37,14.38,14.39,14.4,14.41,14.42,9400,21900,27700,9400,4100,2300,6000,4200,100,3600,800,400,4500,1800,900,2700,10800,5600,1100,600
307.0,14.33,325600,4672020.0,14.32,14.31,14.3,14.29,14.28,14.27,14.26,14.25,14.24,14.23,14.33,14.34,14.35,14.36,14.37,14.38,14.39,14.4,14.41,14.42,9600,21900,27700,9400,4100,2300,6000,4200,100,3600,200,400,4500,1800,900,2700,10800,5600,1100,600
308.0,14.33,325800,4674886.0,14.32,14.31,14.3,14.29,14.28,14.27,14.26,14.25,14.24,14.23,14.33,14.34,14.35,14.36,14.37,14.38,14.39,14.4,14.41,14.42,9700,21900,27700,9400,4100,2300,6000,4200,100,3600,1000,400,4500,1800,900,2700,10800,5600,1100,600
309.0,14.32,326800,4689207.0,14.32,14.31,14.3,14.29,14.28,14.27,14.26,14.25,14.24,14.23,14.33,14.34,14.35,14.36,14.37,14.38,14.39,14.4,14.41,14.42,9300,19900,27700,9400,4100,2300,6000,4200,100,3600,900,400,4500,1800,900,2700,10800,5600,1100,600
310.0,14.33,327800,4703537.0,14.32,14.31,14.3,14.29,14.28,14.27,14.26,14.25,14.24,14.23,14.34,14.35,14.36,14.37,14.38,14.39,14.4,14.41,14.42,14.43,9400,19900,27700,9400,4100,2300,6000,4200,100,3600,400,4500,1800,900,2700,10800,5600,1100,600,8000
311.0,14.32,328000,4706401.0,14.32,14.31,14.3,14.29,14.28,14.27,14.26,14.25,14.24,14.23,14.34,14.35,14.36,14.37,14.38,14.39,14.4,14.41,14.42,14.43,10200,19900,27700,9400,4100,2300,6000,4200,100,3600,1100,4500,1800,900,2700,10800,5300,1100,600,8000
312.0,14.32,330500,4742205.0,14.33,14.32,14.31,14.3,14.29,14.28,14.27,14.26,14.25,14.24,14.34,14.35,14.36,14.37,14.38,14.39,14.4,14.41,14.42,14.43,700,10000,19900,27700,9400,4100,2300,6000,4200,100,900,4500,1800,900,2700,9800,5300,1100,600,8000
313.0,14.32,330500,4742205.0,14.33,14.32,14.31,14.3,14.29,14.28,14.27,14.26,14.25,14.24,14.34,14.35,14.36,14.37,14.38,14.39,14.4,14.41,14.42,14.43,700,10000,19900,27700,9400,4100,2300,6000,4200,100,900,4500,1800,900,2700,9800,5300,1100,600,8000
314.0,14.32,337300,4839588.0,14.32,14.31,14.3,14.29,14.28,14.27,14.26,14.25,14.24,14.23,14.34,14.35,14.36,14.37,14.38,14.39,14.4,14.41,14.42,14.43,2300,19900,27700,9400,4100,2300,6000,4200,100,3600,900,4500,1800,900,2700,9800,5300,1100,600,8000
315.0,14.32,337300,4839588.0,14.32,14.31,14.3,14.29,14.28,14.27,14.26,14.25,14.24,14.23,14.34,14.35,14.36,14.37,14.38,14.39,14.4,14.41,14.42,14.43,2800,19900,27700,9400,4100,2300,6000,4200,100,3600,1300,4500,1800,900,2700,9800,5300,1100,600,8000
316.0,14.32,337300,4839588.0,14.32,14.31,14.3,14.29,14.28,14.27,14.26,14.25,14.24,14.23,14.34,14.35,14.36,14.37,14.38,14.39,14.4,14.41,14.42,14.43,3600,19900,27700,9400,4100,2300,6000,4200,100,3600,2100,4500,1800,900,2700,9800,5300,1100,600,8000
317.0,14.32,337400,4841020.0,14.32,14.31,14.3,14.29,14.28,14.27,14.26,14.25,14.24,14.23,14.34,14.35,14.36,14.37,14.38,14.39,14.4,14.41,14.42,14.43,3900,19900,27700,9400,4100,2300,6000,4200,100,3600,2500,4500,1800,900,2700,9800,5300,1100,600,8000
318.0,14.32,337500,4842452.0,14.32,14.31,14.3,14.29,14.28,14.27,14.26,14.25,14.24,14.23,14.34,14.35,14.36,14.37,14.38,14.39,14.4,14.41,14.42,14.43,4400,19900,27700,9400,4100,2300,6000,4200,100,3600,3100,4500,1800,900,2700,9800,5300,1100,600,8000
319.0,14.32,339200,4866808.0,14.32,14.31,14.3,14.29,14.28,14.27,14.26,14.25,14.24,14.23,14.34,14.35,14.36,14.37,14.38,14.39,14.4,14.41,14.42,14.43,3700,20000,27700,9400,4100,2300,6000,4200,100,3600,13400,4500,1800,900,2700,9800,5300,1100,600,8000
320.0,14.32,339200,4866808.0,14.32,14.31,14.3,14.29,14.28,14.27,14.26,14.25,14.24,14.23,14.34,14.35,14.36,14.37,14.38,14.39,14.4,14.41,14.42,14.43,4000,20000,27700,9400,4100,2300,6000,4200,100,3600,13400,4500,1800,900,2700,9800,5300,1100,600,8000
321.0,14.32,339200,4866808.0,14.32,14.31,14.3,14.29,14.28,14.27,14.26,14.25,14.24,14.23,14.34,14.35,14.36,14.37,14.38,14.39,14.4,14.41,14.42,14.43,4600,20100,27700,9400,4100,2300,6000,4200,100,3600,14000,1800,1800,900,2700,9800,5300,1100,600,8000
322.0,14.32,340800,4889732.0,14.32,14.31,14.3,14.29,14.28,14.27,14.26,14.25,14.24,14.23,14.34,14.35,14.36,14.37,14.38,14.39,14.4,14.41,14.42,14.43,4100,20100,27700,9400,4100,2300,6000,4200,100,3600,13900,1800,1800,900,2700,9800,5300,1100,600,8000
323.0,14.34,342100,4908374.0,14.32,14.31,14.3,14.29,14.28,14.27,14.26,14.25,14.24,14.23,14.34,14.35,14.36,14.37,14.38,14.39,14.4,14.41,14.42,14.43,4700,20100,27700,9400,4100,2300,6000,4200,100,3600,13200,1800,1800,900,2700,9800,5300,1100,600,8000
324.0,14.34,342100,4908374.0,14.32,14.31,14.3,14.29,14.28,14.27,14.26,14.25,14.24,14.23,14.34,14.35,14.36,14.37,14.38,14.39,14.4,14.41,14.42,14.43,5300,20100,27700,9400,4100,2300,6000,4200,100,3600,13600,1800,1800,900,2700,9800,5300,1100,600,8000
325.0,14.34,342100,4908374.0,14.32,14.31,14.3,14.29,14.28,14.27,14.26,14.25,14.24,14.23,14.34,14.35,14.36,14.37,14.38,14.39,14.4,14.41,14.42,14.43,7900,22200,27700,9400,4100,2300,6000,4200,100,3600,14500,1800,1900,900,2700,9800,5300,1100,600,8000
326.0,14.32,346300,4968543.0,14.32,14.31,14.3,14.29,14.28,14.27,14.26,14.25,14.24,14.23,14.34,14.35,14.36,14.37,14.38,14.39,14.4,14.41,14.42,14.43,5000,22200,27700,9400,4100,2300,6000,4200,100,3600,13300,1800,1900,900,2700,9800,5300,1100,600,8000
327.0,14.31,365900,5249073.0,14.32,14.31,14.3,14.29,14.28,14.27,14.26,14.25,14.24,14.23,14.34,14.35,14.36,14.37,14.38,14.39,14.4,14.41,14.42,14.43,2000,14100,30200,9400,4100,2300,6000,4200,100,3600,13700,1800,1900,900,2700,9800,5300,1100,600,8000
328.0,14.32,366000,5250505.0,14.32,14.31,14.3,14.29,14.28,14.27,14.26,14.25,14.24,14.23,14.34,14.35,14.36,14.37,14.38,14.39,14.4,14.41,14.42,14.43,2800,14100,30200,9400,4100,2300,6000,4200,100,3600,15000,1800,1900,900,2700,9800,5300,1100,600,8000
329.0,14.32,366100,5251937.0,14.32,14.31,14.3,14.29,14.28,14.27,14.26,14.25,14.24,14.23,14.34,14.35,14.36,14.37,14.38,14.39,14.4,14.41,14.42,14.43,6800,14100,30000,9400,4100,2300,6000,4200,100,3600,15500,1800,1900,900,2700,9800,5300,1100,600,8000
330.0,14.32,367000,5264837.0,14.32,14.31,14.3,14.29,14.28,14.27,14.26,14.25,14.24,14.23,14.34,14.35,14.36,14.37,14.38,14.39,14.4,14.41,14.42,14.43,7400,11700,30000,9400,4100,2300,6000,4200,100,3600,15800,1800,1900,900,2700,9800,5300,1100,600,8000
331.0,14.32,367000,5264837.0,14.32,14.31,14.3,14.29,14.28,14.27,14.26,14.25,14.24,14.23,14.34,14.35,14.36,14.37,14.38,14.39,14.4,14.41,14.42,14.43,7400,11700,30000,9400,4100,2300,6000,4200,100,3600,15800,1800,1900,900,2700,9800,5300,1100,600,8000
332.0,14.34,367100,5266271.0,14.32,14.31,14.3,14.29,14.28,14.27,14.26,14.25,14.24,14.23,14.34,14.35,14.36,14.37,14.38,14.39,14.4,14.41,14.42,14.43,8300,11000,30000,9400,4100,2300,6000,4200,100,3600,16600,1800,1900,900,2700,9800,5300,1100,600,8000
333.0,14.34,367700,5274875.0,14.32,14.31,14.3,14.29,14.28,14.27,14.26,14.25,14.24,14.23,14.34,14.35,14.36,14.37,14.38,14.39,14.4,14.41,14.42,14.43,9200,11000,30000,9400,4100,2300,6000,4200,100,3600,16900,3800,1900,900,2700,9800,5300,1100,600,8000
334.0,14.34,368600,5287781.0,14.32,14.31,14.3,14.29,14.28,14.27,14.26,14.25,14.24,14.23,14.34,14.35,14.36,14.37,14.38,14.39,14.4,14.41,14.42,14.43,9700,11000,30000,9400,4100,2300,6000,4200,100,3600,16500,3800,1900,900,2700,9800,5300,1100,600,8000
335.0,14.34,369900,5306423.0,14.32,14.31,14.3,14.29,14.28,14.27,14.26,14.25,14.24,14.23,14.34,14.35,14.36,14.37,14.38,14.39,14.4,14.41,14.42,14.43,9900,11000,30000,9400,4100,2300,6000,4200,100,3600,15600,3800,1900,900,2700,9800,5300,1100,600,8000
336.0,14.32,370600,5316447.0,14.32,14.31,14.3,14.29,14.28,14.27,14.26,14.25,14.24,14.23,14.34,14.35,14.36,14.37,14.38,14.39,14.4,14.41,14.42,14.43,9200,12200,30000,9400,4100,2300,6000,4200,100,3600,15600,3800,1900,900,2700,9800,5300,1100,600,8000
337.0,14.34,371200,5325051.0,14.32,14.31,14.3,14.29,14.28,14.27,14.26,14.25,14.24,14.23,14.34,14.35,14.36,14.37,14.38,14.39,14.4,14.41,14.42,14.43,9700,12200,30000,9400,4100,2300,6000,4200,100,3600,15500,3800,1900,900,2700,9800,5300,1100,600,8000
338.0,14.32,371700,5332211.0,14.32,14.31,14.3,14.29,14.28,14.27,14.26,14.25,14.24,14.23,14.34,14.35,14.36,14.37,14.38,14.39,14.4,14.41,14.42,14.43,9600,12200,30000,9400,4100,2300,6000,4200,100,3600,15900,3800,1900,900,2700,9800,5300,1100,600,8000
339.0,14.32,371800,5333643.0,14.32,14.31,14.3,14.29,14.28,14.27,14.26,14.25,14.24,14.23,14.34,14.35,14.36,14.37,14.38,14.39,14.4,14.41,14.42,14.43,10000,13300,30000,9400,4100,2300,6000,4200,100,3600,16400,3800,1900,900,2700,9800,5300,1100,600,8000
340.0,14.34,372400,5342247.0,14.32,14.31,14.3,14.29,14.28,14.27,14.26,14.25,14.24,14.23,14.34,14.35,14.36,14.37,14.38,14.39,14.4,14.41,14.42,14.43,10400,13300,30000,9400,4100,2300,6000,4200,100,3600,16200,3800,1900,900,2700,9800,5300,1100,600,8000
341.0,14.34,373000,5350851.0,14.32,14.31,14.3,14.29,14.28,14.27,14.26,14.25,14.24,14.23,14.34,14.35,14.36,14.37,14.38,14.39,14.4,14.41,14.42,14.43,11100,12900,30000,9400,4100,2300,6000,4200,100,3600,16100,3800,1700,900,2700,9800,5300,1100,600,8000
342.0,14.34,373000,5350851.0,14.32,14.31,14.3,14.29,14.28,14.27,14.26,14.25,14.24,14.23,14.34,14.35,14.36,14.37,14.38,14.39,14.4,14.41,14.42,14.43,11100,12900,30000,9400,4100,2300,6000,4200,100,3600,16100,3800,1700,900,2700,9800,5300,1100,600,8000
343.0,14.34,373800,5362323.0,14.32,14.31,14.3,14.29,14.28,14.27,14.26,14.25,14.24,14.23,14.34,14.35,14.36,14.37,14.38,14.39,14.4,14.41,14.42,14.43,12500,12900,30000,9400,4100,2300,6000,4200,100,3600,15700,3800,1700,900,2700,9800,5300,1100,600,8000
344.0,14.34,374400,5370927.0,14.32,14.31,14.3,14.29,14.28,14.27,14.26,14.25,14.24,14.23,14.34,14.35,14.36,14.37,14.38,14.39,14.4,14.41,14.42,14.43,14000,12900,30000,9400,4100,2300,6000,4200,100,3600,15600,3800,1700,900,2700,9800,5300,1100,600,8000
345.0,14.32,375400,5385247.0,14.32,14.31,14.3,14.29,14.28,14.27,14.26,14.25,14.24,14.23,14.34,14.35,14.36,14.37,14.38,14.39,14.4,14.41,14.42,14.43,13000,12900,30000,9400,4100,2300,6000,4200,100,3600,16000,3800,1700,900,2700,9800,5300,1100,600,8000
346.0,14.32,390600,5602937.0,14.31,14.3,14.29,14.28,14.27,14.26,14.25,14.24,14.23,14.22,14.32,14.34,14.35,14.36,14.37,14.38,14.39,14.4,14.41,14.42,12900,30000,9400,4100,2300,6000,4200,100,3600,10000,2100,15200,3800,1700,900,2700,9800,5300,1100,600
347.0,14.32,390800,5605801.0,14.31,14.3,14.29,14.28,14.27,14.26,14.25,14.24,14.23,14.22,14.32,14.34,14.35,14.36,14.37,14.38,14.39,14.4,14.41,14.42,15200,30000,9400,4100,2300,6000,4200,100,3600,10000,1900,15200,3800,1700,900,2700,9800,5300,1100,600
348.0,14.32,390900,5607233.0,14.31,14.3,14.29,14.28,14.27,14.26,14.25,14.24,14.23,14.22,14.32,14.34,14.35,14.36,14.37,14.38,14.39,14.4,14.41,14.42,15200,30000,9400,4100,2300,6000,4200,100,3600,10000,1800,15200,3800,1700,900,2700,9800,5300,1100,600
349.0,14.32,390900,5607233.0,14.31,14.3,14.29,14.28,14.27,14.26,14.25,14.24,14.23,14.22,14.32,14.34,14.35,14.36,14.37,14.38,14.39,14.4,14.41,14.42,15200,30000,9400,4100,2300,6000,4200,100,3600,10000,1800,15200,3800,1700,900,2700,9800,5300,1100,600
350.0,14.32,391000,5608665.0,14.31,14.3,14.29,14.28,14.27,14.26,14.25,14.24,14.23,14.22,14.32,14.34,14.35,14.36,14.37,14.38,14.39,14.4,14.41,14.42,15200,30000,9400,4100,2300,6000,4200,100,3600,10000,1700,15200,3800,1700,900,2700,9800,5300,1100,600
351.0,14.31,394300,5655888.0,14.31,14.3,14.29,14.28,14.27,14.26,14.25,14.24,14.23,14.22,14.32,14.34,14.35,14.36,14.37,14.38,14.39,14.4,14.41,14.42,11500,30000,9400,4100,2300,6000,4200,100,3600,10000,8800,15200,3800,1700,900,2700,9800,5300,1100,600
352.0,14.31,394300,5655888.0,14.31,14.3,14.29,14.28,14.27,14.26,14.25,14.24,14.23,14.22,14.32,14.34,14.35,14.36,14.37,14.38,14.39,14.4,14.41,14.42,11500,30000,9400,4100,2300,6000,4200,100,3600,10000,8800,15200,3800,1700,900,2700,9800,5300,1100,600
353.0,14.31,394600,5660181.0,14.31,14.3,14.29,14.28,14.27,14.26,14.25,14.24,14.23,14.22,14.32,14.34,14.35,14.36,14.37,14.38,14.39,14.4,14.41,14.42,11200,30000,9400,4100,2300,6000,4200,900,3600,10000,8800,15200,3800,1700,900,2700,9800,5300,1100,600
354.0,14.31,396100,5681652.0,14.31,14.3,14.29,14.28,14.27,14.26,14.25,14.24,14.23,14.22,14.32,14.34,14.35,14.36,14.37,14.38,14.39,14.4,14.41,14.42,10300,30000,9400,4100,2300,6000,4200,900,3600,10000,8200,15200,3800,1700,900,2700,9800,5300,1100,600
355.0,14.32,396300,5684516.0,14.31,14.3,14.29,14.28,14.27,14.26,14.25,14.24,14.23,14.22,14.32,14.34,14.35,14.36,14.37,14.38,14.39,14.4,14.41,14.42,10300,30000,9400,4100,2300,6000,4200,900,3600,10000,8000,15200,3800,1700,900,2700,9800,9100,1100,600
356.0,14.32,396900,5693108.0,14.31,14.3,14.29,14.28,14.27,14.26,14.25,14.24,14.23,14.22,14.32,14.34,14.35,14.36,14.37,14.38,14.39,14.4,14.41,14.42,10300,30100,9400,4100,2300,6000,4200,900,3600,10000,7400,15200,3800,1700,900,2700,9800,9100,1100,600
357.0,14.31,402900,5778968.0,14.31,14.3,14.29,14.28,14.27,14.26,14.25,14.24,14.23,14.22,14.32,14.34,14.35,14.36,14.37,14.38,14.39,14.4,14.41,14.42,4300,30100,9400,4100,2300,6000,4200,900,3600,10000,300,15200,3800,1700,900,2700,9800,9100,1100,600
358.0,14.31,402900,5778968.0,14.31,14.3,14.29,14.28,14.27,14.26,14.25,14.24,14.23,14.22,14.32,14.34,14.35,14.36,14.37,14.38,14.39,14.4,14.41,14.42,4300,30100,9400,4100,2300,6000,4200,900,3600,10000,300,15200,3800,1700,900,2700,9800,9100,1100,600
359.0,14.31,402900,5778968.0,14.31,14.3,14.29,14.28,14.27,14.26,14.25,14.24,14.23,14.22,14.32,14.34,14.35,14.36,14.37,14.38,14.39,14.4,14.41,14.42,4300,30100,9400,4100,2300,6000,4200,900,3600,10000,300,15200,3800,1700,900,2700,9800,9100,1100,600
360.0,14.31,402900,5778968.0,14.31,14.3,14.29,14.28,14.27,14.26,14.25,14.24,14.23,14.22,14.32,14.34,14.35,14.36,14.37,14.38,14.39,14.4,14.41,14.42,4300,30100,9400,4100,2300,6000,4200,900,3600,10000,300,15200,3800,1700,900,2700,9800,9100,1100,600
361.0,14.31,402900,5778968.0,14.31,14.3,14.29,14.28,14.27,14.26,14.25,14.24,14.23,14.22,14.32,14.34,14.35,14.36,14.37,14.38,14.39,14.4,14.41,14.42,4300,30100,9400,4100,2300,6000,4200,900,3600,10000,300,15200,3800,1700,900,2700,9800,9100,1100,600
362.0,14.31,403400,5786123.0,14.31,14.3,14.29,14.28,14.27,14.26,14.25,14.24,14.23,14.22,14.32,14.34,14.35,14.36,14.37,14.38,14.39,14.4,14.41,14.42,3800,30300,9400,4100,2300,6000,4200,900,3600,10000,300,15200,3800,1700,900,2700,9800,9100,1100,600
363.0,14.31,405700,5819036.0,14.31,14.3,14.29,14.28,14.27,14.26,14.25,14.24,14.23,14.22,14.32,14.34,14.35,14.36,14.37,14.38,14.39,14.4,14.41,14.42,1500,30300,9400,4100,2300,6000,4200,900,3600,10000,500,15200,3800,1700,900,2700,9800,9100,1100,600
364.0,14.3,413000,5923441.0,14.3,14.29,14.28,14.27,14.26,14.25,14.24,14.23,14.22,14.21,14.32,14.34,14.35,14.36,14.37,14.38,14.39,14.4,14.41,14.42,24500,9400,4100,2300,6000,4200,900,3600,10000,7400,500,15200,3800,1700,900,2700,9800,9100,1100,600
365.0,14.31,414700,5947752.0,14.3,14.29,14.28,14.27,14.26,14.25,14.24,14.23,14.22,14.21,14.31,14.32,14.34,14.35,14.36,14.37,14.38,14.39,14.4,14.41,22900,9400,4100,2300,6000,4200,900,3600,10000,7400,3900,500,15200,3800,1700,900,2700,9800,9100,1100
366.0,14.31,414700,5947752.0,14.3,14.29,14.28,14.27,14.26,14.25,14.24,14.23,14.22,14.21,14.31,14.32,14.34,14.35,14.36,14.37,14.38,14.39,14.4,14.41,22900,9400,4200,2300,6000,4200,900,3600,10000,7400,3900,500,15200,3800,1700,900,2700,9800,9100,1100
367.0,14.31,414800,5949183.0,14.3,14.29,14.28,14.27,14.26,14.25,14.24,14.23,14.22,14.21,14.31,14.32,14.34,14.35,14.36,14.37,14.38,14.39,14.4,14.41,23200,9400,4200,2300,6000,4200,900,3600,10000,7400,3800,500,15200,3800,1700,900,2700,9800,9100,1100
368.0,14.31,415100,5953476.0,14.3,14.29,14.28,14.27,14.26,14.25,14.24,14.23,14.22,14.21,14.31,14.32,14.34,14.35,14.36,14.37,14.38,14.39,14.4,14.41,23200,9400,4200,2300,6000,4200,100,3600,10000,7400,3500,500,15200,3800,1700,900,2700,9800,9100,1100
369.0,14.31,415100,5953476.0,14.3,14.29,14.28,14.27,14.26,14.25,14.24,14.23,14.22,14.21,14.31,14.32,14.34,14.35,14.36,14.37,14.38,14.39,14.4,14.41,22800,9400,4200,2300,6000,4500,100,3600,9700,7400,3500,500,15200,3800,1700,900,2700,9800,9100,1100
370.0,14.31,415800,5963493.0,14.3,14.29,14.28,14.27,14.26,14.25,14.24,14.23,14.22,14.21,14.31,14.32,14.34,14.35,14.36,14.37,14.38,14.39,14.4,14.41,22800,9400,4200,2300,6000,4500,100,3600,9700,7400,3100,500,15200,3800,1700,900,2700,9800,9100,1100
371.0,14.3,417600,5989249.0,14.3,14.29,14.28,14.27,14.26,14.25,14.24,14.23,14.22,14.21,14.31,14.32,14.34,14.35,14.36,14.37,14.38,14.39,14.4,14.41,22600,9400,4200,2300,6000,4500,100,3600,9700,7400,2400,500,15200,3800,1700,900,2700,9800,9100,1100
372.0,14.3,417600,5989249.0,14.3,14.29,14.28,14.27,14.26,14.25,14.24,14.23,14.22,14.21,14.31,14.32,14.34,14.35,14.36,14.37,14.38,14.39,14.4,14.41,22600,9400,4200,2300,6000,4500,100,3600,9700,7400,2400,500,15200,3800,1700,900,2700,9800,9100,1100
373.0,14.3,417600,5989249.0,14.3,14.29,14.28,14.27,14.26,14.25,14.24,14.23,14.22,14.21,14.31,14.32,14.34,14.35,14.36,14.37,14.38,14.39,14.4,14.41,22600,9400,4200,2300,6000,4500,100,3600,9700,7400,2400,500,15200,3800,1700,900,2700,9800,9100,1100
374.0,14.31,418600,6003559.0,14.3,14.29,14.28,14.27,14.26,14.25,14.24,14.23,14.22,14.21,14.31,14.32,14.34,14.35,14.36,14.37,14.38,14.39,14.4,14.41,29700,9400,4200,2300,6000,4500,100,3600,9700,7400,1200,500,15200,3800,1700,900,2700,9800,9100,1100
375.0,14.3,428700,6147990.0,14.3,14.29,14.28,14.27,14.26,14.25,14.24,14.23,14.22,14.21,14.31,14.32,14.34,14.35,14.36,14.37,14.38,14.39,14.4,14.41,19700,9400,4200,2300,6000,4500,100,3600,9700,7400,1100,500,15200,3800,1600,900,2700,9800,9100,1100
376.0,14.3,428700,6147990.0,14.3,14.29,14.28,14.27,14.26,14.25,14.24,14.23,14.22,14.21,14.31,14.32,14.34,14.35,14.36,14.37,14.38,14.39,14.4,14.41,19700,9400,4200,2300,6000,4500,100,3600,9700,7400,1100,500,15200,3800,1600,900,2700,9800,9100,1100
377.0,14.31,429800,6163731.0,14.31,14.3,14.29,14.28,14.27,14.26,14.25,14.24,14.23,14.22,14.32,14.34,14.35,14.36,14.37,14.38,14.39,14.4,14.41,14.42,3100,19700,9400,4200,2300,6000,4500,100,3600,9700,500,15200,3800,1400,900,2700,9800,9100,1100,600
378.0,14.32,430500,6173755.0,14.32,14.31,14.3,14.29,14.28,14.27,14.26,14.25,14.24,14.23,14.34,14.35,14.36,14.37,14.38,14.39,14.4,14.41,14.42,14.43,200,3100,19700,9400,4200,2300,6000,4500,100,3600,15200,3800,1400,900,2700,9800,9100,1100,600,8000
379.0,14.32,430500,6173755.0,14.32,14.31,14.3,14.29,14.28,14.27,14.26,14.25,14.24,14.23,14.34,14.35,14.36,14.37,14.38,14.39,14.4,14.41,14.42,14.43,700,3100,19700,9400,4200,2300,6000,4500,100,3600,15700,3800,1400,900,2700,9800,9100,1100,600,8000
380.0,14.32,430500,6173755.0,14.32,14.31,14.3,14.29,14.28,14.27,14.26,14.25,14.24,14.23,14.34,14.35,14.36,14.37,14.38,14.39,14.4,14.41,14.42,14.43,6800,1900,19700,9400,4200,2300,6000,4500,100,3600,15700,3800,1400,900,2700,9800,9100,1100,600,8000
381.0,14.34,432400,6201001.0,14.32,14.31,14.3,14.29,14.28,14.27,14.26,14.25,14.24,14.23,14.34,14.35,14.36,14.37,14.38,14.39,14.4,14.41,14.42,14.43,8000,1900,19700,9400,4200,2300,6000,4500,100,3600,15000,3800,1400,900,2700,9800,9100,1100,600,8000
382.0,14.34,432400,6201001.0,14.32,14.31,14.3,14.29,14.28,14.27,14.26,14.25,14.24,14.23,14.34,14.35,14.36,14.37,14.38,14.39,14.4,14.41,14.42,14.43,8000,1900,19700,9400,4200,2300,6000,4500,100,3600,15000,3800,1400,900,2700,9800,9100,1100,600,8000
383.0,14.34,432400,6201001.0,14.33,14.32,14.31,14.3,14.29,14.28,14.27,14.26,14.25,14.24,14.34,14.35,14.36,14.37,14.38,14.39,14.4,14.41,14.42,14.43,5800,20700,3000,19700,9400,4200,2300,6000,4500,100,15700,3800,1400,900,2700,9800,9100,1100,600,8000
384.0,14.34,433000,6209605.0,14.33,14.32,14.31,14.3,14.29,14.28,14.27,14.26,14.25,14.24,14.34,14.35,14.36,14.37,14.38,14.39,14.4,14.41,14.42,14.43,5800,20800,3000,19700,9400,4200,2300,6000,4500,100,15100,3800,1400,900,2700,9800,9100,1100,600,8000
385.0,14.33,436600,6261199.0,14.33,14.32,14.31,14.3,14.29,14.28,14.27,14.26,14.25,14.24,14.34,14.35,14.36,14.37,14.38,14.39,14.4,14.41,14.42,14.43,2800,20800,3000,19700,9400,4200,2300,6000,4500,100,14500,3800,1400,900,2700,9800,9100,1100,600,8000
386.0,14.34,437100,6268369.0,14.33,14.32,14.31,14.3,14.29,14.28,14.27,14.26,14.25,14.24,14.34,14.35,14.36,14.37,14.38,14.39,14.4,14.41,14.42,14.43,2800,19600,3000,21900,9400,4200,2300,6000,4500,100,14000,3800,1400,900,2700,9800,9100,1100,600,8000
387.0,14.34,437100,6268369.0,14.33,14.32,14.31,14.3,14.29,14.28,14.27,14.26,14.25,14.24,14.34,14.35,14.36,14.37,14.38,14.39,14.4,14.41,14.42,14.43,2800,19600,3000,21900,9400,4200,2300,6000,4500,100,14000,3800,1400,900,2700,9800,9100,1100,600,8000
388.0,14.34,437700,6276973.0,14.33,14.32,14.31,14.3,14.29,14.28,14.27,14.26,14.25,14.24,14.34,14.35,14.36,14.37,14.38,14.39,14.4,14.41,14.42,14.43,2800,19600,3000,21900,9400,4200,2300,6000,4500,100,13400,3800,1400,900,2700,9800,9100,1100,600,8000
389.0,14.34,437700,6276973.0,14.33,14.32,14.31,14.3,14.29,14.28,14.27,14.26,14.25,14.24,14.34,14.35,14.36,14.37,14.38,14.39,14.4,14.41,14.42,14.43,2800,19600,3000,21900,9400,4200,2300,6000,4500,100,13400,3800,1400,900,2700,9800,9100,1100,600,8000
390.0,14.34,437700,6276973.0,14.33,14.32,14.31,14.3,14.29,14.28,14.27,14.26,14.25,14.24,14.34,14.35,14.36,14.37,14.38,14.39,14.4,14.41,14.42,14.43,2800,19600,4200,21900,9400,4200,2300,6000,4500,100,13400,3800,1400,900,2700,9800,9100,1100,600,8000
391.0,14.34,438300,6285577.0,14.33,14.32,14.31,14.3,14.29,14.28,14.27,14.26,14.25,14.24,14.34,14.35,14.36,14.37,14.38,14.39,14.4,14.41,14.42,14.43,2800,19600,4200,23600,9400,4200,2300,6000,4500,100,12800,3800,1400,900,2700,9800,9100,1100,600,8000
392.0,14.34,440100,6311389.0,14.33,14.32,14.31,14.3,14.29,14.28,14.27,14.26,14.25,14.24,14.34,14.35,14.36,14.37,14.38,14.39,14.4,14.41,14.42,14.43,2800,19600,2900,23600,9400,4200,2300,6000,4500,100,11000,3800,1400,900,2700,9800,9100,1100,600,8000
393.0,14.34,441700,6334333.0,14.33,14.32,14.31,14.3,14.29,14.28,14.27,14.26,14.25,14.24,14.34,14.35,14.36,14.37,14.38,14.39,14.4,14.41,14.42,14.43,5500,19600,2900,23600,9400,4200,2300,6000,4500,100,9400,3800,1400,900,2700,9800,9100,1100,600,8000
394.0,14.34,442300,6342937.0,14.33,14.32,14.31,14.3,14.29,14.28,14.27,14.26,14.25,14.24,14.34,14.35,14.36,14.37,14.38,14.39,14.4,14.41,14.42,14.43,5500,19600,2900,23600,9400,4200,2300,6000,4500,100,8800,3800,1400,900,2700,9800,9100,1100,600,8000
395.0,14.35,454000,6510744.0,14.34,14.33,14.32,14.31,14.3,14.29,14.28,14.27,14.26,14.25,14.35,14.36,14.37,14.38,14.39,14.4,14.41,14.42,14.43,14.44,2300,5500,19600,2800,25900,9400,4200,2300,6000,4500,900,1400,900,2700,9800,9100,1100,600,8000,600
396.0,14.35,454000,6510744.0,14.34,14.33,14.32,14.31,14.3,14.29,14.28,14.27,14.26,14.25,14.35,14.36,14.37,14.38,14.39,14.4,14.41,14.42,14.43,14.44,2300,5500,19600,2800,25900,9400,4200,2300,6000,4500,900,1400,900,2700,9800,9100,1100,600,8000,600
397.0,14.35,454100,6512179.0,14.34,14.33,14.32,14.31,14.3,14.29,14.28,14.27,14.26,14.25,14.35,14.36,14.37,14.38,14.39,14.4,14.41,14.42,14.43,14.44,1600,5500,19500,2800,25900,9400,4200,2300,6000,4500,800,1400,900,2700,9800,9100,1100,600,8000,600
398.0,14.35,454300,6515049.0,14.34,14.33,14.32,14.31,14.3,14.29,14.28,14.27,14.26,14.25,14.35,14.36,14.37,14.38,14.39,14.4,14.41,14.42,14.43,14.44,1600,5500,19500,2800,26900,9400,4200,2300,6000,4500,600,1400,900,2700,9800,9100,1100,600,8000,600
399.0,14.34,454700,6520786.0,14.34,14.33,14.32,14.31,14.3,14.29,14.28,14.27,14.26,14.25,14.35,14.36,14.37,14.38,14.39,14.4,14.41,14.42,14.43,14.44,1300,5500,19500,2800,27900,9400,4200,2300,6000,4500,500,1400,900,2700,9800,9100,1100,600,8000,600
400.0,14.35,456100,6540863.0,14.34,14.33,14.32,14.31,14.3,14.29,14.28,14.27,14.26,14.25,14.35,14.36,14.37,14.38,14.39,14.4,14.41,14.42,14.43,14.44,2000,2800,19500,2800,27900,9400,4200,2300,6000,4500,400,1400,900,2700,9800,9100,1100,600,8000,600
401.0,14.35,456400,6545168.0,14.34,14.33,14.32,14.31,14.3,14.29,14.28,14.27,14.26,14.25,14.35,14.36,14.37,14.38,14.39,14.4,14.41,14.42,14.43,14.44,2000,2800,19500,2800,27900,9400,4200,2300,6000,4500,100,1400,900,2700,9800,9100,1100,600,8000,600
402.0,14.35,456400,6545168.0,14.34,14.33,14.32,14.31,14.3,14.29,14.28,14.27,14.26,14.25,14.35,14.36,14.37,14.38,14.39,14.4,14.41,14.42,14.43,14.44,2000,2800,19500,2800,27700,9400,4200,2300,6000,4500,100,1400,900,2700,9800,9100,1100,600,8000,600
