LocalTime,LastPrice,TradeVolume,TradeValue,BidPrice1,BidPrice2,BidPrice3,BidPrice4,BidPrice5,BidPrice6,BidPrice7,BidPrice8,BidPrice9,BidPriceA,AskPrice1,AskPrice2,AskPrice3,AskPrice4,AskPrice5,AskPrice6,AskPrice7,AskPrice8,AskPrice9,AskPriceA,BidVolume1,BidVolume2,BidVolume3,BidVolume4,BidVolume5,BidVolume6,BidVolume7,BidVolume8,BidVolume9,BidVolumeA,AskVolume1,AskVolume2,AskVolume3,AskVolume4,AskVolume5,AskVolume6,AskVolume7,AskVolume8,AskVolume9,AskVolumeA
0.0,6.01,3400,20434.0,5.97,5.96,5.95,5.94,5.93,5.92,5.91,5.9,5.89,5.87,6.01,6.02,6.03,6.04,6.05,6.06,6.07,6.08,6.09,6.1,9600,2500,14100,2700,300,1200,400,2000,100,300,1000,10500,600,3000,5300,2700,5000,6800,1000,2000
1.0,6.01,3400,20434.0,5.97,5.96,5.95,5.94,5.93,5.92,5.91,5.9,5.89,5.87,6.0,6.01,6.02,6.03,6.04,6.05,6.06,6.07,6.08,6.09,9600,2500,14100,2700,300,1200,400,2000,100,300,400,1000,10500,600,3000,7300,2700,5000,6800,1000
2.0,6.01,3400,20434.0,5.98,5.97,5.96,5.95,5.94,5.93,5.92,5.91,5.9,5.89,6.0,6.01,6.02,6.03,6.04,6.05,6.06,6.07,6.08,6.09,200,9600,2500,14100,2700,300,1200,400,5500,100,400,1000,10500,600,3000,7300,2700,5000,6800,1000
3.0,6.01,3400,20434.0,5.98,5.97,5.96,5.95,5.94,5.93,5.92,5.91,5.9,5.87,6.0,6.01,6.02,6.03,6.04,6.05,6.06,6.07,6.08,6.09,200,9600,2500,14100,2700,2300,1200,400,7500,300,400,1000,10500,600,3000,7300,2700,5000,36800,1000
4.0,6.0,4400,26434.0,5.98,5.97,5.96,5.95,5.94,5.93,5.92,5.91,5.9,5.87,6.0,6.01,6.02,6.03,6.04,6.05,6.06,6.07,6.08,6.09,300,9600,2500,14100,2700,2300,1200,400,8500,300,400,1000,10500,77200,5000,7300,2700,6000,36800,1000
5.0,6.0,4400,26434.0,5.98,5.97,5.96,5.95,5.94,5.93,5.92,5.91,5.9,5.87,6.0,6.01,6.02,6.03,6.04,6.05,6.06,6.07,6.08,6.09,300,9600,4500,14100,2700,2300,1200,10400,8500,300,500,20400,10500,77200,5000,7300,2700,6000,36800,1000
6.0,6.0,4400,26434.0,5.98,5.97,5.96,5.95,5.94,5.93,5.92,5.91,5.9,5.87,6.0,6.01,6.02,6.03,6.04,6.05,6.06,6.07,6.08,6.09,300,9600,4500,14100,2700,2300,1200,10400,8500,300,500,20400,10500,77200,6000,7300,2700,6000,36800,1000
7.0,6.0,17700,106087.0,5.99,5.97,5.96,5.95,5.94,5.93,5.92,5.91,5.9,5.87,6.0,6.01,6.02,6.03,6.04,6.05,6.06,6.07,6.08,6.09,400,4900,5500,14100,2700,2300,1900,10400,8500,300,8200,20400,10500,77200,6000,7300,2700,6000,36800,1000
8.0,6.0,17700,106087.0,5.99,5.97,5.96,5.95,5.94,5.93,5.92,5.91,5.9,5.88,6.0,6.01,6.02,6.03,6.04,6.05,6.06,6.07,6.08,6.09,400,4900,5500,14100,2700,2300,1900,10400,8500,1500,8200,20400,10500,77200,6000,7300,2700,6000,37300,1000
9.0,6.0,17700,106087.0,5.99,5.98,5.97,5.96,5.95,5.94,5.93,5.92,5.91,5.9,6.0,6.01,6.02,6.03,6.04,6.05,6.06,6.07,6.08,6.09,400,500,4900,5500,18100,2700,3900,1900,10400,8500,8300,20400,10500,77200,6000,7300,2700,6000,37300,1000
10.0,5.99,18700,112077.0,5.98,5.97,5.96,5.95,5.94,5.93,5.92,5.91,5.9,5.88,5.99,6.0,6.01,6.02,6.03,6.04,6.05,6.06,6.07,6.08,500,4900,5500,18100,2700,3900,1900,10400,8500,1500,4600,8300,20400,10500,81800,6000,7300,2700,6000,39300
11.0,5.98,19300,115666.0,5.97,5.96,5.95,5.94,5.93,5.92,5.91,5.9,5.88,5.87,5.99,6.0,6.01,6.02,6.03,6.04,6.05,6.06,6.07,6.08,4900,5500,18100,2700,3900,1900,10400,8500,1500,300,4500,8300,20500,10500,81800,6000,7300,2700,6000,39300
12.0,5.98,19300,115666.0,5.97,5.96,5.95,5.94,5.93,5.92,5.91,5.9,5.88,5.87,5.99,6.0,6.01,6.02,6.03,6.04,6.05,6.06,6.07,6.08,4900,5500,18100,2700,3900,1900,10400,8500,1500,300,4500,8300,20500,10500,81800,6000,7300,2700,6000,39300
13.0,5.98,19300,115666.0,5.98,5.97,5.96,5.95,5.94,5.93,5.92,5.91,5.9,5.88,5.99,6.0,6.01,6.02,6.03,6.04,6.05,6.06,6.07,6.08,100,4900,5500,18100,2700,3900,1900,10400,8500,1500,4500,8300,20500,10600,81800,6000,7300,2700,6000,39300
14.0,5.98,19400,116264.0,5.97,5.96,5.95,5.94,5.93,5.92,5.91,5.9,5.88,5.87,5.99,6.0,6.01,6.02,6.03,6.04,6.05,6.06,6.07,6.08,4900,5500,18100,2700,3900,1900,10400,8500,1500,300,4500,8300,20500,10600,81800,6000,7300,2700,6000,39300
15.0,5.98,19400,116264.0,5.97,5.96,5.95,5.94,5.93,5.92,5.91,5.9,5.88,5.87,5.99,6.0,6.01,6.02,6.03,6.04,6.05,6.06,6.07,6.08,4900,5500,18100,2700,3900,1900,10400,8500,1500,300,4500,8300,20500,10600,81800,6000,7300,2700,6000,41100
16.0,5.98,19400,116264.0,5.98,5.97,5.96,5.95,5.94,5.93,5.92,5.91,5.9,5.88,5.99,6.0,6.01,6.02,6.03,6.04,6.05,6.06,6.07,6.08,1300,4900,5500,18100,2700,3900,1900,10400,8500,1500,4500,8300,20500,10600,81800,6000,7300,2700,6000,41100
17.0,5.98,19400,116264.0,5.98,5.97,5.96,5.95,5.94,5.93,5.92,5.91,5.9,5.88,5.99,6.0,6.01,6.02,6.03,6.04,6.05,6.06,6.07,6.08,1300,4900,6500,18100,2700,3900,1200,10400,8500,1500,4500,8300,20500,10600,81800,6000,7300,2700,6000,41100
18.0,5.98,19400,116264.0,5.98,5.97,5.96,5.95,5.94,5.93,5.92,5.91,5.9,5.88,5.99,6.0,6.01,6.02,6.03,6.04,6.05,6.06,6.07,6.08,1300,4900,6500,18100,2700,3900,1200,10400,8500,1500,4500,8300,20500,10600,81800,6000,7300,2700,6000,41100
19.0,5.98,19400,116264.0,5.98,5.97,5.96,5.95,5.94,5.93,5.92,5.91,5.9,5.88,5.99,6.0,6.01,6.02,6.03,6.04,6.05,6.06,6.07,6.08,1300,4900,6500,18100,2700,3900,1200,10400,8500,1500,4500,8300,20500,10600,81800,6000,7300,2700,6000,41100
20.0,5.98,19400,116264.0,5.98,5.97,5.96,5.95,5.94,5.93,5.92,5.91,5.9,5.88,5.99,6.0,6.01,6.02,6.03,6.04,6.05,6.06,6.07,6.08,1300,4900,6500,18100,2700,3900,1200,10400,8500,1500,4500,8300,20500,10600,81800,6000,7300,2700,6000,41100
21.0,5.98,19400,116264.0,5.98,5.97,5.96,5.95,5.94,5.93,5.92,5.91,5.9,5.88,5.99,6.0,6.01,6.02,6.03,6.04,6.05,6.06,6.07,6.08,1300,4900,6500,18100,2700,3900,1200,10400,8500,1500,4500,8300,20500,10600,81800,6000,7300,2700,6000,41100
22.0,5.98,19400,116264.0,5.98,5.97,5.96,5.95,5.94,5.93,5.92,5.91,5.9,5.88,5.99,6.0,6.01,6.02,6.03,6.04,6.05,6.06,6.07,6.08,1300,4900,6500,18100,2700,3900,1200,10400,8500,1500,4500,8300,20500,10600,81800,6000,7300,2700,6000,41100
23.0,5.98,19400,116264.0,5.98,5.97,5.96,5.95,5.94,5.93,5.92,5.91,5.9,5.88,5.99,6.0,6.01,6.02,6.03,6.04,6.05,6.06,6.07,6.08,1300,4900,6500,18100,2700,3900,1200,10400,8500,1500,4500,8300,20500,10600,81800,6000,7300,2700,6000,41100
24.0,5.98,19400,116264.0,5.98,5.97,5.96,5.95,5.94,5.93,5.92,5.91,5.9,5.88,5.99,6.0,6.01,6.02,6.03,6.04,6.05,6.06,6.07,6.08,1300,4900,6500,18100,2700,3900,1200,10400,8500,1500,4500,8300,20500,10600,81800,6000,7300,2700,6000,41100
25.0,5.98,19400,116264.0,5.98,5.97,5.96,5.95,5.94,5.93,5.92,5.91,5.9,5.88,5.99,6.0,6.01,6.02,6.03,6.04,6.05,6.06,6.07,6.08,1300,4900,6500,18100,2700,3900,1200,10400,8500,1500,4500,8300,20500,10600,81800,6000,7300,2700,6000,41100
26.0,5.98,19400,116264.0,5.98,5.97,5.96,5.95,5.94,5.93,5.92,5.91,5.9,5.88,5.99,6.0,6.01,6.02,6.03,6.04,6.05,6.06,6.07,6.08,1300,4900,6500,18100,2700,3900,1200,10400,8500,1500,4500,8300,20500,10600,81800,6000,7300,2700,6000,41100
27.0,5.98,19400,116264.0,5.98,5.97,5.96,5.95,5.94,5.93,5.92,5.91,5.9,5.88,5.99,6.0,6.01,6.02,6.03,6.04,6.05,6.06,6.07,6.08,1300,4900,6500,18100,2700,3900,1200,10400,8500,1500,4500,8300,20500,10600,81800,6000,7300,2700,6000,41100
28.0,5.98,19400,116264.0,5.98,5.97,5.96,5.95,5.94,5.93,5.92,5.91,5.9,5.88,5.99,6.0,6.01,6.02,6.03,6.04,6.05,6.06,6.07,6.08,1300,4900,6500,18100,2700,3900,1200,10400,8500,1500,4500,8300,20500,10600,81800,6000,7300,2700,6000,41100
29.0,5.98,19400,116264.0,5.98,5.97,5.96,5.95,5.94,5.93,5.92,5.91,5.9,5.88,5.99,6.0,6.01,6.02,6.03,6.04,6.05,6.06,6.07,6.08,1300,4900,6500,18100,2700,4700,1200,10400,8500,1500,4500,8300,20500,10600,81800,6000,7300,2700,6000,41100
30.0,5.98,19400,116264.0,5.98,5.97,5.96,5.95,5.94,5.93,5.92,5.91,5.9,5.88,5.99,6.0,6.01,6.02,6.03,6.04,6.05,6.06,6.07,6.08,1300,4900,6500,18100,2700,4700,1200,10400,8500,1500,4500,8300,20500,10600,81800,6000,7300,2700,6000,41100
31.0,5.99,20700,124051.0,5.98,5.97,5.96,5.95,5.94,5.93,5.92,5.91,5.9,5.88,5.99,6.0,6.01,6.02,6.03,6.04,6.05,6.06,6.07,6.08,1300,4900,6500,18100,2700,4700,1200,10400,8500,1500,3200,8300,20500,10600,81800,6000,7300,2700,6000,41100
32.0,5.99,20700,124051.0,5.98,5.97,5.96,5.95,5.94,5.93,5.92,5.91,5.9,5.88,5.99,6.0,6.01,6.02,6.03,6.04,6.05,6.06,6.07,6.08,1300,4900,6500,18100,2700,4700,1200,10400,8500,1500,3100,8300,20500,10600,81800,6000,7300,2700,6000,41100
33.0,5.99,20700,124051.0,5.98,5.97,5.96,5.95,5.94,5.93,5.92,5.91,5.9,5.88,5.99,6.0,6.01,6.02,6.03,6.04,6.05,6.06,6.07,6.08,1300,4900,6500,18100,2700,4700,1200,10400,8500,1500,3100,8300,20500,10600,81800,6000,7300,2700,6000,41100
34.0,5.98,21100,126446.0,5.98,5.97,5.96,5.95,5.94,5.93,5.92,5.91,5.9,5.88,5.99,6.0,6.01,6.02,6.03,6.04,6.05,6.06,6.07,6.08,1200,4900,6500,18100,2700,4700,1200,10400,8500,1500,2800,8300,20500,11200,81800,6000,7300,2700,6000,41100
35.0,5.98,21100,126446.0,5.98,5.97,5.96,5.95,5.94,5.93,5.92,5.91,5.9,5.88,5.99,6.0,6.01,6.02,6.03,6.04,6.05,6.06,6.07,6.08,1200,4900,6500,18100,2700,4700,1200,10400,8500,1500,2800,8300,20500,11200,81800,6000,7300,2700,6000,41100
36.0,5.98,21100,126446.0,5.98,5.97,5.96,5.95,5.94,5.93,5.92,5.91,5.9,5.88,5.99,6.0,6.01,6.02,6.03,6.04,6.05,6.06,6.07,6.08,2200,4900,6500,18100,2700,4700,1200,10400,8500,1500,2800,8300,20500,11700,81800,6000,7300,2700,6000,41100
37.0,5.99,21300,127644.0,5.98,5.97,5.96,5.95,5.94,5.93,5.92,5.91,5.9,5.88,5.99,6.0,6.01,6.02,6.03,6.04,6.05,6.06,6.07,6.08,2200,4900,6500,18100,2700,4700,1200,10400,8500,1500,2600,8300,20500,11700,81800,6000,7300,2700,6000,41100
38.0,5.99,21300,127644.0,5.98,5.97,5.96,5.95,5.94,5.93,5.92,5.91,5.9,5.88,5.99,6.0,6.01,6.02,6.03,6.04,6.05,6.06,6.07,6.08,2200,4900,6500,18100,2700,4700,1200,10400,8500,1500,2600,8300,20500,11700,81800,6000,7300,2700,6000,41100
39.0,5.99,21300,127644.0,5.98,5.97,5.96,5.95,5.94,5.93,5.92,5.91,5.9,5.88,5.99,6.0,6.01,6.02,6.03,6.04,6.05,6.06,6.07,6.08,2200,4900,6500,18100,2700,4700,1200,10400,8500,1500,2600,8300,20500,11700,81800,6000,7300,2700,6000,41100
40.0,5.99,21500,128842.0,5.98,5.97,5.96,5.95,5.94,5.93,5.92,5.91,5.9,5.88,5.99,6.0,6.01,6.02,6.03,6.04,6.05,6.06,6.07,6.08,2200,4900,6500,18100,2700,4700,1200,10400,8500,1500,2400,8300,20500,11700,81800,6000,7300,2700,6000,41100
41.0,5.99,21500,128842.0,5.98,5.97,5.96,5.95,5.94,5.93,5.92,5.91,5.9,5.88,5.99,6.0,6.01,6.02,6.03,6.04,6.05,6.06,6.07,6.08,2200,4900,6500,18100,2700,4700,1200,10400,8500,1500,2400,8300,20500,11700,81800,6000,7300,2700,6000,41100
42.0,5.99,21900,131238.0,5.98,5.97,5.96,5.95,5.94,5.93,5.92,5.91,5.9,5.88,5.99,6.0,6.01,6.02,6.03,6.04,6.05,6.06,6.07,6.08,2200,4900,6500,18100,2700,4700,1200,10400,8500,1500,2000,8300,20400,11700,81800,6000,7300,2700,6000,41100
43.0,5.99,21900,131238.0,5.98,5.97,5.96,5.95,5.94,5.93,5.92,5.91,5.9,5.88,5.99,6.0,6.01,6.02,6.03,6.04,6.05,6.06,6.07,6.08,2200,4900,6500,18100,2700,4700,1200,10400,8500,1500,2000,8300,20400,11700,81800,6000,7300,2700,6000,41100
44.0,5.99,22100,132436.0,5.98,5.97,5.96,5.95,5.94,5.93,5.92,5.91,5.9,5.88,5.99,6.0,6.01,6.02,6.03,6.04,6.05,6.06,6.07,6.08,2200,4900,6500,18100,2700,4700,1200,10400,8500,1500,1800,8300,20400,11700,81800,6000,7300,2700,6000,41100
45.0,5.99,22100,132436.0,5.98,5.97,5.96,5.95,5.94,5.93,5.92,5.91,5.9,5.88,5.99,6.0,6.01,6.02,6.03,6.04,6.05,6.06,6.07,6.08,2200,4900,6500,18100,2700,4700,1200,10400,8500,1500,1800,8300,20400,11700,81800,6000,7300,2700,6000,41100
46.0,5.99,22100,132436.0,5.98,5.97,5.96,5.95,5.94,5.93,5.92,5.91,5.9,5.88,5.99,6.0,6.01,6.02,6.03,6.04,6.05,6.06,6.07,6.08,2200,4900,6500,18100,300,4700,1200,10400,8500,1500,1800,8300,20400,11700,5200,6000,7300,2700,6000,41100
47.0,5.98,22400,134231.0,5.98,5.97,5.96,5.95,5.94,5.93,5.92,5.91,5.9,5.88,5.99,6.0,6.01,6.02,6.03,6.04,6.05,6.06,6.07,6.08,2000,4900,6500,18100,300,4700,1200,10400,8500,1500,1700,8300,20400,11700,5200,6000,7300,2700,6000,41100
48.0,5.98,22400,134231.0,5.98,5.97,5.96,5.95,5.94,5.93,5.92,5.91,5.9,5.88,5.99,6.0,6.01,6.02,6.03,6.04,6.05,6.06,6.07,6.08,2000,4900,6500,18100,300,4700,1200,10400,8500,1500,1700,8300,20400,11700,5200,6000,7300,2700,6000,41100
49.0,5.99,22500,134830.0,5.98,5.97,5.96,5.95,5.94,5.93,5.92,5.91,5.9,5.88,5.99,6.0,6.01,6.02,6.03,6.04,6.05,6.06,6.07,6.08,3000,4900,6500,18100,300,4700,1200,10400,8500,1500,1600,8300,20400,11700,5200,6000,7300,2700,6000,41100
50.0,5.99,22500,134830.0,5.98,5.97,5.96,5.95,5.94,5.93,5.92,5.91,5.9,5.88,5.99,6.0,6.01,6.02,6.03,6.04,6.05,6.06,6.07,6.08,3000,4900,6500,18100,300,4700,1200,10400,8500,1500,1600,8300,20400,11700,5200,6000,7300,2700,6000,41100
51.0,5.99,22500,134830.0,5.98,5.97,5.96,5.95,5.94,5.93,5.92,5.91,5.9,5.88,5.99,6.0,6.01,6.02,6.03,6.04,6.05,6.06,6.07,6.08,3000,4900,6500,18100,300,4700,1200,10400,8500,1500,1600,8300,20400,11700,5200,6000,7300,2700,6000,41100
52.0,5.99,22500,134830.0,5.98,5.97,5.96,5.95,5.94,5.93,5.92,5.91,5.9,5.88,5.99,6.0,6.01,6.02,6.03,6.04,6.05,6.06,6.07,6.08,3000,4900,6500,18100,300,4700,1200,10400,8500,1500,1600,8300,20400,11700,5200,6000,7300,2700,6000,41100
53.0,5.99,22500,134830.0,5.98,5.97,5.96,5.95,5.94,5.93,5.92,5.91,5.9,5.88,5.99,6.0,6.01,6.02,6.03,6.04,6.05,6.06,6.07,6.08,3000,4900,6500,18100,300,4700,1200,10400,8500,1500,1700,8300,20400,11700,6100,6000,7300,2700,6000,41100
54.0,5.99,22500,134830.0,5.98,5.97,5.96,5.95,5.94,5.93,5.92,5.91,5.9,5.88,5.99,6.0,6.01,6.02,6.03,6.04,6.05,6.06,6.07,6.08,3000,4900,6500,18100,300,4700,1200,10400,8500,1500,1700,8300,20400,11700,6100,6000,7300,2700,6000,41100
55.0,5.99,22500,134830.0,5.98,5.97,5.96,5.95,5.94,5.93,5.92,5.91,5.9,5.88,5.99,6.0,6.01,6.02,6.03,6.04,6.05,6.06,6.07,6.08,3500,4900,6500,18100,300,4700,1200,10400,8500,1500,1700,8300,20400,11700,6100,6000,7300,2700,6000,41100
56.0,5.99,22500,134830.0,5.98,5.97,5.96,5.95,5.94,5.93,5.92,5.91,5.9,5.88,5.99,6.0,6.01,6.02,6.03,6.04,6.05,6.06,6.07,6.08,3700,4900,6500,18100,300,4700,1200,10400,8500,1500,1700,8300,20400,11700,6100,6000,7300,2700,6000,41100
57.0,5.99,22500,134830.0,5.98,5.97,5.96,5.95,5.94,5.93,5.92,5.91,5.9,5.88,5.99,6.0,6.01,6.02,6.03,6.04,6.05,6.06,6.07,6.08,3700,4900,6500,18100,300,4700,1200,10400,8500,1500,1700,8300,20400,11700,6100,6000,7300,2700,6000,41100
58.0,5.99,22500,134830.0,5.98,5.97,5.96,5.95,5.94,5.93,5.92,5.91,5.9,5.88,5.99,6.0,6.01,6.02,6.03,6.04,6.05,6.06,6.07,6.08,3700,4900,6500,18100,300,4700,1200,10400,8500,1500,1700,8300,20400,11700,6100,6000,7300,2700,6000,41100
59.0,5.99,22500,134830.0,5.98,5.97,5.96,5.95,5.94,5.93,5.92,5.91,5.9,5.88,5.99,6.0,6.01,6.02,6.03,6.04,6.05,6.06,6.07,6.08,3700,4900,6500,18100,300,4700,1200,10400,8500,1500,1700,8300,20400,11700,6100,6000,7300,2700,6000,41100
60.0,5.99,22600,135429.0,5.98,5.97,5.96,5.95,5.94,5.93,5.92,5.91,5.9,5.88,5.99,6.0,6.01,6.02,6.03,6.04,6.05,6.06,6.07,6.08,3700,4900,6500,18100,300,4700,1200,10400,8500,1500,1600,8300,20400,11700,6100,6000,7300,2700,6000,41100
61.0,5.99,22600,135429.0,5.98,5.97,5.96,5.95,5.94,5.93,5.92,5.91,5.9,5.88,5.99,6.0,6.01,6.02,6.03,6.04,6.05,6.06,6.07,6.08,3700,4900,6500,18100,300,4700,1200,10400,8500,1500,1600,8300,20400,11700,6100,6000,7300,2700,6000,41100
62.0,5.99,23400,140221.0,5.98,5.97,5.96,5.95,5.94,5.93,5.92,5.91,5.9,5.88,5.99,6.0,6.01,6.02,6.03,6.04,6.05,6.06,6.07,6.08,3700,4900,7000,18100,300,4700,1200,10400,8500,1500,800,8300,20400,11700,6100,6000,7300,2700,6000,41100
63.0,5.99,23400,140221.0,5.98,5.97,5.96,5.95,5.94,5.93,5.92,5.91,5.9,5.88,5.99,6.0,6.01,6.02,6.03,6.04,6.05,6.06,6.07,6.08,3700,4900,7000,18100,300,4700,1200,10400,8500,1500,800,8300,20400,11700,6100,6000,7300,2700,6000,41100
64.0,5.99,24200,145013.0,5.99,5.98,5.97,5.96,5.95,5.94,5.93,5.92,5.91,5.9,6.0,6.01,6.02,6.03,6.04,6.05,6.06,6.07,6.08,6.09,200,3700,4900,7000,18100,300,4700,1200,10400,8500,8300,20400,11700,6100,6000,7300,2700,6000,41100,1000
65.0,5.99,24200,145013.0,5.99,5.98,5.97,5.96,5.95,5.94,5.93,5.92,5.91,5.9,6.0,6.01,6.02,6.03,6.04,6.05,6.06,6.07,6.08,6.09,8300,3700,4900,7000,23100,300,4700,1200,10400,8500,8300,20400,11700,6100,6000,7300,2700,6000,41100,1000
66.0,6.0,31300,187613.0,5.99,5.98,5.97,5.96,5.95,5.94,5.93,5.92,5.91,5.9,6.0,6.01,6.02,6.03,6.04,6.05,6.06,6.07,6.08,6.09,8300,3700,4900,7000,23100,300,4700,1200,10400,8500,1200,20400,11700,6100,6000,7300,2700,6000,41100,1000
67.0,6.0,32300,193605.0,5.99,5.98,5.97,5.96,5.95,5.94,5.93,5.92,5.91,5.9,6.0,6.01,6.02,6.03,6.04,6.05,6.06,6.07,6.08,6.09,7500,3700,4900,7000,23100,300,4700,1200,10400,8500,1000,20400,11700,6100,6000,7300,2700,6000,41100,1000
68.0,6.0,32300,193605.0,5.99,5.98,5.97,5.96,5.95,5.94,5.93,5.92,5.91,5.9,6.0,6.01,6.02,6.03,6.04,6.05,6.06,6.07,6.08,6.09,1400,3700,4900,7000,18100,300,4700,1200,10400,8500,1000,20400,11700,6100,6000,7300,2700,6000,41100,1000
69.0,6.0,32300,193605.0,5.99,5.98,5.97,5.96,5.95,5.94,5.93,5.92,5.91,5.9,6.0,6.01,6.02,6.03,6.04,6.05,6.06,6.07,6.08,6.09,1400,3700,4900,7000,18100,300,4700,1200,10400,8500,1000,20400,11700,6100,6000,7300,2700,6000,41100,1000
70.0,6.0,32400,194205.0,5.99,5.98,5.97,5.96,5.95,5.94,5.93,5.92,5.91,5.9,6.0,6.01,6.02,6.03,6.04,6.05,6.06,6.07,6.08,6.09,2100,3000,4900,7000,18100,300,4700,1200,10400,8500,900,20400,11700,6100,6000,7300,2700,6000,41100,1000
71.0,6.0,32400,194205.0,5.99,5.98,5.97,5.96,5.95,5.94,5.93,5.92,5.91,5.9,6.0,6.01,6.02,6.03,6.04,6.05,6.06,6.07,6.08,6.09,2100,3000,4900,7000,18100,300,4700,1200,10400,8500,900,20400,11700,6100,6000,7300,2700,6000,41100,1000
72.0,6.0,32400,194205.0,5.99,5.98,5.97,5.96,5.95,5.94,5.93,5.92,5.91,5.9,6.0,6.01,6.02,6.03,6.04,6.05,6.06,6.07,6.08,6.09,2100,3000,4900,7000,18100,300,4700,1200,10400,8500,900,20400,11700,6100,6000,7300,2700,6000,41100,1000
73.0,6.0,32400,194205.0,5.99,5.98,5.97,5.96,5.95,5.94,5.93,5.92,5.91,5.9,6.0,6.01,6.02,6.03,6.04,6.05,6.06,6.07,6.08,6.09,2100,3000,4900,7000,18100,300,4700,1200,10400,8500,900,20400,11700,6100,6000,7300,2700,6000,41100,1000
74.0,5.99,32600,195403.0,5.99,5.98,5.97,5.96,5.95,5.94,5.93,5.92,5.91,5.9,6.0,6.01,6.02,6.03,6.04,6.05,6.06,6.07,6.08,6.09,1900,3000,4900,7000,18100,300,4700,1200,10400,8500,900,20400,11700,6100,6000,7300,2700,6000,41100,1000
75.0,5.99,32600,195403.0,5.99,5.98,5.97,5.96,5.95,5.94,5.93,5.92,5.91,5.9,6.0,6.01,6.02,6.03,6.04,6.05,6.06,6.07,6.08,6.09,1900,3000,4900,7000,18100,300,4700,1200,10400,8500,900,20400,11700,6100,6000,7300,2700,6000,41100,1000
76.0,5.99,32600,195403.0,5.99,5.98,5.97,5.96,5.95,5.94,5.93,5.92,5.91,5.9,6.0,6.01,6.02,6.03,6.04,6.05,6.06,6.07,6.08,6.09,1900,3000,4900,7000,18100,300,4700,1200,10400,8500,900,20400,11700,6100,6000,7300,2700,6000,41100,1000
77.0,6.0,33500,200803.0,6.0,5.99,5.98,5.97,5.96,5.95,5.94,5.93,5.92,5.91,6.01,6.02,6.03,6.04,6.05,6.06,6.07,6.08,6.09,6.1,100,1900,3000,4900,7000,18100,300,4700,1200,10400,20400,11700,6100,6000,7300,2700,6000,41100,1000,2000
78.0,6.0,33500,200803.0,6.0,5.99,5.98,5.97,5.96,5.95,5.94,5.93,5.92,5.91,6.01,6.02,6.03,6.04,6.05,6.06,6.07,6.08,6.09,6.1,100,1900,3000,4900,7000,18100,300,4700,1200,10400,20400,11700,6100,6000,7300,2700,6000,41100,1000,2000
79.0,6.0,33600,201403.0,5.99,5.98,5.97,5.96,5.95,5.94,5.93,5.92,5.91,5.9,6.01,6.02,6.03,6.04,6.05,6.06,6.07,6.08,6.09,6.1,1900,3000,4900,7000,18100,300,4700,1200,10400,8500,20400,11700,6100,6000,7300,2700,6000,41100,1000,2000
80.0,6.01,35200,211019.0,5.99,5.98,5.97,5.96,5.95,5.94,5.93,5.92,5.91,5.9,6.01,6.02,6.03,6.04,6.05,6.06,6.07,6.08,6.09,6.1,1900,3000,4900,7000,18100,300,4700,1200,10400,8500,18800,11700,6100,6000,7300,2700,6000,41100,1000,2000
81.0,6.01,35200,211019.0,5.99,5.98,5.97,5.96,5.95,5.94,5.93,5.92,5.91,5.9,6.01,6.02,6.03,6.04,6.05,6.06,6.07,6.08,6.09,6.1,1900,3000,4900,7000,18100,300,4700,1200,20400,8500,18800,11700,6100,6000,7300,2700,6000,41100,1000,2000
82.0,5.99,35300,211618.0,5.99,5.98,5.97,5.96,5.95,5.94,5.93,5.92,5.91,5.9,6.01,6.02,6.03,6.04,6.05,6.06,6.07,6.08,6.09,6.1,1800,3000,4900,7000,18100,300,4700,1200,20400,8500,18800,11700,6100,6000,7300,2700,6000,41100,1000,2000
83.0,6.01,36900,221234.0,5.99,5.98,5.97,5.96,5.95,5.94,5.93,5.92,5.91,5.9,6.01,6.02,6.03,6.04,6.05,6.06,6.07,6.08,6.09,6.1,1800,3000,4900,7000,18100,300,4700,1200,20400,8500,17200,11700,6100,6000,7300,2700,6000,41100,1000,2000
84.0,6.01,36900,221234.0,5.99,5.98,5.97,5.96,5.95,5.94,5.93,5.92,5.91,5.9,6.01,6.02,6.03,6.04,6.05,6.06,6.07,6.08,6.09,6.1,1800,3000,4900,7000,18100,300,4700,1200,20400,8500,17200,11700,6100,6000,7300,2700,6000,41100,1000,2000
85.0,6.01,36900,221234.0,5.99,5.98,5.97,5.96,5.95,5.94,5.93,5.92,5.91,5.9,6.01,6.02,6.03,6.04,6.05,6.06,6.07,6.08,6.09,6.1,2000,3000,4900,7000,18100,300,3900,1200,20400,8500,17200,11700,6100,6000,7300,2700,6000,41100,1000,2000
86.0,6.01,36900,221234.0,5.99,5.98,5.97,5.96,5.95,5.94,5.93,5.92,5.91,5.9,6.02,6.03,6.04,6.05,6.06,6.07,6.08,6.09,6.1,6.11,2000,3000,4900,7000,18100,300,3900,1200,20400,8500,11700,6100,6000,7300,2700,6000,41100,1000,2000,200
87.0,6.02,38000,227856.0,5.99,5.98,5.97,5.96,5.95,5.94,5.93,5.92,5.91,5.9,6.02,6.03,6.04,6.05,6.06,6.07,6.08,6.09,6.1,6.11,2000,3000,4900,7000,18100,300,3900,1200,20400,8500,10600,6100,6000,8000,2700,6000,41100,1000,2000,200
88.0,6.02,38000,227856.0,5.99,5.98,5.97,5.96,5.95,5.94,5.93,5.92,5.91,5.9,6.02,6.03,6.04,6.05,6.06,6.07,6.08,6.09,6.1,6.11,2000,3000,4900,7000,18100,300,3900,1200,20400,8500,10600,6100,6000,8000,2700,6000,41100,1000,2000,200
89.0,5.99,38200,229054.0,5.99,5.98,5.97,5.96,5.95,5.94,5.93,5.92,5.91,5.9,6.02,6.03,6.04,6.05,6.06,6.07,6.08,6.09,6.1,6.11,1800,3000,4900,7000,18100,300,3900,1200,20400,8500,10600,6100,6000,8000,2700,6000,41100,1000,2000,200
90.0,6.02,39200,235074.0,5.99,5.98,5.97,5.96,5.95,5.94,5.93,5.92,5.91,5.9,6.02,6.03,6.04,6.05,6.06,6.07,6.08,6.09,6.1,6.11,1800,13000,4900,7000,18100,300,3900,1200,20400,8500,9600,6100,6000,8000,2700,6000,41100,1000,2000,200
91.0,6.02,39200,235074.0,5.99,5.98,5.97,5.96,5.95,5.94,5.93,5.92,5.91,5.9,6.02,6.03,6.04,6.05,6.06,6.07,6.08,6.09,6.1,6.11,1800,13000,4900,7000,18100,300,3900,1200,20400,8500,9600,6100,6000,8000,2700,6000,41100,1000,2000,200
92.0,6.02,40000,239890.0,6.0,5.99,5.98,5.97,5.96,5.95,5.94,5.93,5.92,5.91,6.02,6.03,6.04,6.05,6.06,6.07,6.08,6.09,6.1,6.11,400,6400,13000,4900,7000,18100,300,3900,1200,20400,8800,6100,6000,8000,5700,6000,41100,1000,2000,200
93.0,6.02,40800,244706.0,6.0,5.99,5.98,5.97,5.96,5.95,5.94,5.93,5.92,5.91,6.02,6.03,6.04,6.05,6.06,6.07,6.08,6.09,6.1,6.11,400,6400,13000,4900,7000,18100,300,3900,1200,20400,8000,6100,6000,8000,5700,6000,41100,1000,2000,200
94.0,6.02,40800,244706.0,6.0,5.99,5.98,5.97,5.96,5.95,5.94,5.93,5.92,5.91,6.02,6.03,6.04,6.05,6.06,6.07,6.08,6.09,6.1,6.11,400,6400,13000,4900,7000,18100,300,3900,1200,20400,8000,6100,6000,8000,5700,6000,41100,1000,2000,200
95.0,6.02,40800,244706.0,6.0,5.99,5.98,5.97,5.96,5.95,5.94,5.93,5.92,5.91,6.02,6.03,6.04,6.05,6.06,6.07,6.08,6.09,6.1,6.11,400,6400,13000,4900,7000,18100,300,3900,1200,20400,8000,6100,6000,8000,5700,6000,41100,1000,2000,200
96.0,6.02,40800,244706.0,6.0,5.99,5.98,5.97,5.96,5.95,5.94,5.93,5.92,5.91,6.02,6.03,6.04,6.05,6.06,6.07,6.08,6.09,6.1,6.11,400,6400,13000,4900,7000,18100,300,3900,1200,20400,8000,6100,6000,8000,5700,6000,41100,1000,2000,200
97.0,6.02,41600,249522.0,6.0,5.99,5.98,5.97,5.96,5.95,5.94,5.93,5.92,5.91,6.02,6.03,6.04,6.05,6.06,6.07,6.08,6.09,6.1,6.11,400,6400,13000,4900,7000,18600,300,3900,1200,20400,7200,6100,6000,8000,5700,6000,41100,1000,2000,200
98.0,6.02,41600,249522.0,6.0,5.99,5.98,5.97,5.96,5.95,5.94,5.93,5.92,5.91,6.02,6.03,6.04,6.05,6.06,6.07,6.08,6.09,6.1,6.11,100,6400,13000,4900,7000,18600,300,3900,1200,20400,7200,6100,6000,8000,5700,6000,41100,1000,2000,200
99.0,6.02,43000,257950.0,6.0,5.99,5.98,5.97,5.96,5.95,5.94,5.93,5.92,5.91,6.02,6.03,6.04,6.05,6.06,6.07,6.08,6.09,6.1,6.11,100,6400,13000,4900,7000,18600,300,3900,1200,20400,5800,6100,6000,8000,5700,6000,41100,1000,2000,200
100.0,6.02,43500,260960.0,6.0,5.99,5.98,5.97,5.96,5.95,5.94,5.93,5.92,5.91,6.02,6.03,6.04,6.05,6.06,6.07,6.08,6.09,6.1,6.11,100,6400,13000,4900,7000,18600,300,3900,1200,20400,5300,6100,6000,8000,5700,6000,41100,1000,2000,200
101.0,6.02,43500,260960.0,6.0,5.99,5.98,5.97,5.96,5.95,5.94,5.93,5.92,5.91,6.02,6.03,6.04,6.05,6.06,6.07,6.08,6.09,6.1,6.11,100,6400,13000,4900,7000,18600,300,3900,1200,20400,5300,6100,6000,8000,5700,6000,41100,1000,2000,200
102.0,6.02,43500,260960.0,6.0,5.99,5.98,5.97,5.96,5.95,5.94,5.93,5.92,5.91,6.02,6.03,6.04,6.05,6.06,6.07,6.08,6.09,6.1,6.11,100,6400,13000,4900,7000,18600,300,3900,1200,20400,5300,6100,6000,8000,5700,6000,41100,1000,2000,200
103.0,6.02,43500,260960.0,6.0,5.99,5.98,5.97,5.96,5.95,5.94,5.93,5.92,5.91,6.02,6.03,6.04,6.05,6.06,6.07,6.08,6.09,6.1,6.11,100,6400,13000,4900,7000,18600,300,3900,1200,20400,5300,6100,6000,8000,5700,6000,41100,1000,2000,200
104.0,6.02,44000,263970.0,6.0,5.99,5.98,5.97,5.96,5.95,5.94,5.93,5.92,5.91,6.02,6.03,6.04,6.05,6.06,6.07,6.08,6.09,6.1,6.11,100,6400,13000,4900,7000,18600,300,3900,1200,20400,4800,6100,6000,8000,5700,6000,41100,1000,2000,200
105.0,6.02,44000,263970.0,6.0,5.99,5.98,5.97,5.96,5.95,5.94,5.93,5.92,5.91,6.02,6.03,6.04,6.05,6.06,6.07,6.08,6.09,6.1,6.11,100,6400,13000,4900,7000,18600,300,3900,1200,20400,4800,6100,6000,8000,5700,6000,41100,1000,2000,200
106.0,6.02,44000,263970.0,6.0,5.99,5.98,5.97,5.96,5.95,5.94,5.93,5.92,5.91,6.02,6.03,6.04,6.05,6.06,6.07,6.08,6.09,6.1,6.11,100,6400,13000,4900,7000,18600,300,3900,1200,20400,4800,6100,6000,8000,5700,6000,41100,1000,2000,200
107.0,6.02,44400,266378.0,6.0,5.99,5.98,5.97,5.96,5.95,5.94,5.93,5.92,5.91,6.02,6.03,6.04,6.05,6.06,6.07,6.08,6.09,6.1,6.11,100,6400,13000,4900,7000,18600,300,3900,1200,20400,4400,6100,6000,8000,5700,6000,41100,1000,2000,200
108.0,6.02,44400,266378.0,6.0,5.99,5.98,5.97,5.96,5.95,5.94,5.93,5.92,5.91,6.02,6.03,6.04,6.05,6.06,6.07,6.08,6.09,6.1,6.11,100,6400,13000,4900,7000,18600,300,3900,1200,20400,4400,6100,6000,8000,5700,6000,41100,1000,2000,200
109.0,6.02,44400,266378.0,6.0,5.99,5.98,5.97,5.96,5.95,5.94,5.93,5.92,5.91,6.02,6.03,6.04,6.05,6.06,6.07,6.08,6.09,6.1,6.11,100,6400,13000,4900,7000,18600,300,3900,1200,20400,4400,6100,6000,8000,5700,6000,41100,1000,2000,200
110.0,6.02,44800,268786.0,6.0,5.99,5.98,5.97,5.96,5.95,5.94,5.93,5.92,5.91,6.02,6.03,6.04,6.05,6.06,6.07,6.08,6.09,6.1,6.11,100,6400,13000,4900,7000,18600,300,3900,1200,20400,4000,6100,6000,8000,5700,6000,41100,1000,2000,200
111.0,6.02,45600,273602.0,6.0,5.99,5.98,5.97,5.96,5.95,5.94,5.93,5.92,5.91,6.02,6.03,6.04,6.05,6.06,6.07,6.08,6.09,6.1,6.11,100,6400,13000,4900,7000,18600,300,3900,1200,20400,3200,6100,6000,8000,5700,6000,41100,1000,2000,200
112.0,6.02,45600,273602.0,6.0,5.99,5.98,5.97,5.96,5.95,5.94,5.93,5.92,5.91,6.02,6.03,6.04,6.05,6.06,6.07,6.08,6.09,6.1,6.11,100,6400,13000,4900,7000,18600,300,3900,1200,20400,3200,6100,6000,8000,5700,6000,41100,1000,2000,200
113.0,6.02,45600,273602.0,6.0,5.99,5.98,5.97,5.96,5.95,5.94,5.93,5.92,5.91,6.02,6.03,6.04,6.05,6.06,6.07,6.08,6.09,6.1,6.11,100,6400,13000,4900,7000,18600,300,3900,1200,20400,3200,6100,6000,8000,5700,6000,41100,1000,2000,200
114.0,6.02,45900,275408.0,6.0,5.99,5.98,5.97,5.96,5.95,5.94,5.93,5.92,5.91,6.02,6.03,6.04,6.05,6.06,6.07,6.08,6.09,6.1,6.11,100,6400,13000,4900,7000,18600,300,3900,1200,20400,2900,6100,6000,8000,5700,6000,41100,1000,2000,200
115.0,6.02,45900,275408.0,6.0,5.99,5.98,5.97,5.96,5.95,5.94,5.93,5.92,5.91,6.02,6.03,6.04,6.05,6.06,6.07,6.08,6.09,6.1,6.11,100,6400,13000,4900,7000,18600,300,3900,1200,20400,2900,6100,6000,8000,5700,6000,41100,1000,2000,200
116.0,6.02,45900,275408.0,6.0,5.99,5.98,5.97,5.96,5.95,5.94,5.93,5.92,5.91,6.02,6.03,6.04,6.05,6.06,6.07,6.08,6.09,6.1,6.11,100,6400,3000,4900,7000,18600,300,3900,1200,20400,2900,6100,6000,8000,5700,6000,41100,1000,2000,200
117.0,6.02,46100,276612.0,6.0,5.99,5.98,5.97,5.96,5.95,5.94,5.93,5.92,5.91,6.02,6.03,6.04,6.05,6.06,6.07,6.08,6.09,6.1,6.11,100,6400,3000,4900,7000,18600,300,3900,1200,20400,2700,6100,6000,8000,5700,6000,41100,1000,2000,200
118.0,6.02,46100,276612.0,6.0,5.99,5.98,5.97,5.96,5.95,5.94,5.93,5.92,5.91,6.02,6.03,6.04,6.05,6.06,6.07,6.08,6.09,6.1,6.11,100,6400,3000,4900,7000,18600,300,3900,1200,20400,2700,6100,6000,8000,5700,6000,41100,1000,2000,200
119.0,6.02,46100,276612.0,6.0,5.99,5.98,5.97,5.96,5.95,5.94,5.93,5.92,5.91,6.02,6.03,6.04,6.05,6.06,6.07,6.08,6.09,6.1,6.11,100,6400,3000,4900,7000,18600,300,3900,1200,20400,2700,6100,6000,8000,5700,6000,41100,1000,2000,200
120.0,6.02,46100,276612.0,6.0,5.99,5.98,5.97,5.96,5.95,5.94,5.93,5.92,5.91,6.02,6.03,6.04,6.05,6.06,6.07,6.08,6.09,6.1,6.11,100,6400,3000,4900,7200,18600,300,3900,1200,20400,2700,6100,6000,8000,5700,6000,41100,1000,2000,200
121.0,6.02,46300,277816.0,6.0,5.99,5.98,5.97,5.96,5.95,5.94,5.93,5.92,5.91,6.02,6.03,6.04,6.05,6.06,6.07,6.08,6.09,6.1,6.11,100,6400,3000,4900,7200,18600,300,3900,1200,20400,2500,6100,6000,8000,5700,6000,41100,1000,2000,200
122.0,6.02,46900,281428.0,6.0,5.99,5.98,5.97,5.96,5.95,5.94,5.93,5.92,5.91,6.02,6.03,6.04,6.05,6.06,6.07,6.08,6.09,6.1,6.11,100,6400,3000,4900,7200,9700,300,3900,1200,20400,1900,6100,6000,8000,5700,6000,41100,1000,2000,200
123.0,6.02,47200,283234.0,6.0,5.99,5.98,5.97,5.96,5.95,5.94,5.93,5.92,5.91,6.02,6.03,6.04,6.05,6.06,6.07,6.08,6.09,6.1,6.11,100,6400,3000,4900,7200,9700,300,3900,1200,20400,1600,6100,6000,8000,5700,6000,41100,1000,2000,200
124.0,6.02,47300,283836.0,6.0,5.99,5.98,5.97,5.96,5.95,5.94,5.93,5.92,5.91,6.02,6.03,6.04,6.05,6.06,6.07,6.08,6.09,6.1,6.11,100,6400,3000,4900,7200,9700,300,3900,1200,20400,1500,6100,6000,8000,5700,6000,41100,1000,2000,200
125.0,6.02,47300,283836.0,6.0,5.99,5.98,5.97,5.96,5.95,5.94,5.93,5.92,5.91,6.02,6.03,6.04,6.05,6.06,6.07,6.08,6.09,6.1,6.11,100,6400,3000,4900,7200,9700,300,3900,1200,20400,1500,6100,6000,8000,5700,6000,41100,1000,2000,200
126.0,6.02,47300,283836.0,6.0,5.99,5.98,5.97,5.96,5.95,5.94,5.93,5.92,5.91,6.02,6.03,6.04,6.05,6.06,6.07,6.08,6.09,6.1,6.11,100,6400,3000,4900,7200,9700,300,3900,1200,20400,1500,6100,6000,8000,5700,6000,41100,1000,2000,200
127.0,6.02,47400,284438.0,6.0,5.99,5.98,5.97,5.96,5.95,5.94,5.93,5.92,5.91,6.01,6.02,6.03,6.04,6.05,6.06,6.07,6.08,6.09,6.1,100,6400,3000,4900,7200,9700,300,3900,1200,20400,200,1400,6100,6000,8000,5700,6000,41100,1000,2000
128.0,6.02,47400,284438.0,6.0,5.99,5.98,5.97,5.96,5.95,5.94,5.93,5.92,5.91,6.01,6.02,6.03,6.04,6.05,6.06,6.07,6.08,6.09,6.1,100,6400,3000,4900,7200,9700,300,3900,1200,20400,200,1400,6100,6000,8000,5700,6000,41100,1000,2000
129.0,6.02,47400,284438.0,6.0,5.99,5.98,5.97,5.96,5.95,5.94,5.93,5.92,5.91,6.01,6.02,6.03,6.04,6.05,6.06,6.07,6.08,6.09,6.1,100,6400,3000,4900,7200,9700,300,3900,1200,20400,200,1400,6100,6000,8000,5700,6000,41100,1000,2000
130.0,6.0,47500,285038.0,5.99,5.98,5.97,5.96,5.95,5.94,5.93,5.92,5.91,5.9,6.0,6.01,6.02,6.03,6.04,6.05,6.06,6.07,6.08,6.09,6400,3000,4900,7200,9700,300,3900,1200,20400,8500,1300,200,1400,6100,6000,8000,5700,6000,41100,1000
131.0,6.0,47600,285638.0,5.99,5.98,5.97,5.96,5.95,5.94,5.93,5.92,5.91,5.9,6.0,6.01,6.02,6.03,6.04,6.05,6.06,6.07,6.08,6.09,6400,3000,4900,7200,9700,300,3900,1200,20400,8500,1200,200,1400,6100,6000,8000,5700,6000,41100,1000
132.0,6.0,47600,285638.0,5.99,5.98,5.97,5.96,5.95,5.94,5.93,5.92,5.91,5.9,6.0,6.01,6.02,6.03,6.04,6.05,6.06,6.07,6.08,6.09,6400,3000,4900,7200,9700,300,3900,1200,20400,8500,1200,200,1400,6100,6000,8000,5700,6000,41100,1000
133.0,6.0,47600,285638.0,5.99,5.98,5.97,5.96,5.95,5.94,5.93,5.92,5.91,5.9,6.0,6.01,6.02,6.03,6.04,6.05,6.06,6.07,6.08,6.09,6400,3000,4900,7200,9700,300,3900,1200,20400,8500,1500,200,1400,6100,6000,8000,5700,6000,41100,1000
134.0,6.0,48000,288038.0,5.99,5.98,5.97,5.96,5.95,5.94,5.93,5.92,5.91,5.9,6.0,6.01,6.02,6.03,6.04,6.05,6.06,6.07,6.08,6.09,6400,3000,4900,7200,9700,300,3900,1200,20400,8500,1100,200,1400,6100,6000,8000,5700,6000,41100,1000
135.0,6.0,48000,288038.0,5.99,5.98,5.97,5.96,5.95,5.94,5.93,5.92,5.91,5.9,6.0,6.01,6.02,6.03,6.04,6.05,6.06,6.07,6.08,6.09,6400,3000,4900,7200,9700,300,3900,1200,20400,8500,1100,200,1400,6100,6000,8000,5700,6000,41100,1000
136.0,6.0,48000,288038.0,5.99,5.98,5.97,5.96,5.95,5.94,5.93,5.92,5.91,5.9,6.0,6.01,6.02,6.03,6.04,6.05,6.06,6.07,6.08,6.09,6400,3000,4900,7200,9700,300,3900,1200,20400,8500,1100,200,1400,6100,6000,8000,5700,6000,41100,1000
137.0,6.0,48100,288638.0,5.99,5.98,5.97,5.96,5.95,5.94,5.93,5.92,5.91,5.9,6.0,6.01,6.02,6.03,6.04,6.05,6.06,6.07,6.08,6.09,6400,3000,4900,7200,9700,300,3900,1200,20400,8500,1000,200,1400,6100,6000,8000,5700,6000,41100,1000
138.0,6.0,48100,288638.0,5.99,5.98,5.97,5.96,5.95,5.94,5.93,5.92,5.91,5.9,6.0,6.01,6.02,6.03,6.04,6.05,6.06,6.07,6.08,6.09,6400,3000,4900,7200,9700,300,3900,1200,20400,8500,1000,200,1400,6100,6000,8000,5700,6000,41100,1000
139.0,6.0,48100,288638.0,5.99,5.98,5.97,5.96,5.95,5.94,5.93,5.92,5.91,5.9,6.0,6.01,6.02,6.03,6.04,6.05,6.06,6.07,6.08,6.09,6400,3000,4900,7200,9700,300,3900,1200,20400,8500,1000,200,1400,6100,6000,8000,5700,6000,41100,1000
140.0,6.0,48100,288638.0,5.99,5.98,5.97,5.96,5.95,5.94,5.93,5.92,5.91,5.9,6.0,6.01,6.02,6.03,6.04,6.05,6.06,6.07,6.08,6.09,6400,3000,4900,7200,9700,300,3900,1200,20400,8500,1000,200,1400,6100,6000,8000,5700,6000,41100,1000
141.0,6.0,48200,289238.0,5.99,5.98,5.97,5.96,5.95,5.94,5.93,5.92,5.91,5.9,6.0,6.01,6.02,6.03,6.04,6.05,6.06,6.07,6.08,6.09,6400,3000,4900,7200,9700,300,3900,1200,20400,8500,900,200,1400,6100,6000,8000,5700,6000,41100,1000
142.0,6.0,48200,289238.0,5.99,5.98,5.97,5.96,5.95,5.94,5.93,5.92,5.91,5.9,6.0,6.01,6.02,6.03,6.04,6.05,6.06,6.07,6.08,6.09,6400,3000,4900,7200,9700,300,3900,1200,20400,8500,1200,200,1400,6100,6000,8000,5700,6000,41100,1000
143.0,6.0,48200,289238.0,5.99,5.98,5.97,5.96,5.95,5.94,5.93,5.92,5.91,5.9,6.0,6.01,6.02,6.03,6.04,6.05,6.06,6.07,6.08,6.09,6400,3000,4900,7200,9700,300,3900,1200,20400,8500,1200,200,1400,6100,6000,8000,5700,6000,41100,1000
144.0,6.0,48300,289838.0,5.99,5.98,5.97,5.96,5.95,5.94,5.93,5.92,5.91,5.9,6.0,6.01,6.02,6.03,6.04,6.05,6.06,6.07,6.08,6.09,6400,2000,4900,7200,9700,300,3900,1200,20400,8500,1100,200,1400,6100,6000,8000,5700,6000,41100,1000
145.0,6.0,48300,289838.0,5.99,5.98,5.97,5.96,5.95,5.94,5.93,5.92,5.91,5.9,6.0,6.01,6.02,6.03,6.04,6.05,6.06,6.07,6.08,6.09,6400,2000,4900,7200,9700,300,3900,1200,20400,8500,1100,200,1400,6100,6000,8000,5700,6000,41100,1000
146.0,6.0,48500,291038.0,5.99,5.98,5.97,5.96,5.95,5.94,5.93,5.92,5.91,5.9,6.0,6.01,6.02,6.03,6.04,6.05,6.06,6.07,6.08,6.09,6400,2000,4900,7200,9700,300,3900,1200,20400,8500,900,200,1400,6100,6000,8000,5700,6000,41100,1000
147.0,5.99,49100,294632.0,5.99,5.98,5.97,5.96,5.95,5.94,5.93,5.92,5.91,5.9,6.0,6.01,6.02,6.03,6.04,6.05,6.06,6.07,6.08,6.09,5800,2000,4900,7200,9700,300,3900,1200,20400,8500,900,200,1400,6100,6000,8000,5700,6000,41100,1000
148.0,5.99,49100,294632.0,5.99,5.98,5.97,5.96,5.95,5.94,5.93,5.92,5.91,5.9,6.0,6.01,6.02,6.03,6.04,6.05,6.06,6.07,6.08,6.09,5800,2000,4900,7200,9700,300,3900,1200,20400,8500,900,200,1400,6100,6000,8000,5700,6000,41100,1000
149.0,6.0,50100,300632.0,6.0,5.99,5.98,5.97,5.96,5.95,5.94,5.93,5.92,5.91,6.01,6.02,6.03,6.04,6.05,6.06,6.07,6.08,6.09,6.1,6500,5800,2000,4900,7200,9700,300,3900,1200,20400,200,1400,6100,6000,8000,5700,6000,41100,1000,3400
150.0,6.0,50100,300632.0,6.0,5.99,5.98,5.97,5.96,5.95,5.94,5.93,5.92,5.91,6.01,6.02,6.03,6.04,6.05,6.06,6.07,6.08,6.09,6.1,6500,5800,2000,4900,7200,9700,300,3900,1200,20400,200,1400,6100,6000,8000,5700,6000,41100,1000,3400
151.0,6.0,50100,300632.0,6.0,5.99,5.98,5.97,5.96,5.95,5.94,5.93,5.92,5.91,6.01,6.02,6.03,6.04,6.05,6.06,6.07,6.08,6.09,6.1,6500,5800,2000,4900,7200,9700,300,3900,1200,20400,200,1400,6100,6000,8000,5700,6000,41100,1000,3400
152.0,6.02,51100,306644.0,6.0,5.99,5.98,5.97,5.96,5.95,5.94,5.93,5.92,5.91,6.01,6.03,6.04,6.05,6.06,6.07,6.08,6.09,6.1,6.11,6200,5800,2000,9900,7200,9700,300,3900,1200,20400,100,6100,6000,8000,5700,6000,41100,1000,3400,200
153.0,6.0,51200,307244.0,6.0,5.99,5.98,5.97,5.96,5.95,5.94,5.93,5.92,5.91,6.01,6.03,6.04,6.05,6.06,6.07,6.08,6.09,6.1,6.11,6100,5800,2000,9900,7200,9700,300,3900,1200,20400,100,6100,6000,8000,5700,6000,41100,1000,3400,200
154.0,6.0,51800,310844.0,6.0,5.99,5.98,5.97,5.96,5.95,5.94,5.93,5.92,5.91,6.01,6.03,6.04,6.05,6.06,6.07,6.08,6.09,6.1,6.11,5500,5800,2000,9900,7200,9700,300,3900,1200,20400,100,6100,6000,8000,5700,6000,41100,1000,3400,200
155.0,6.0,51800,310844.0,6.0,5.99,5.98,5.97,5.96,5.95,5.94,5.93,5.92,5.91,6.01,6.03,6.04,6.05,6.06,6.07,6.08,6.09,6.1,6.11,5500,5800,2000,9900,7200,9700,300,3900,1200,20400,100,6100,6000,8000,5700,6000,41100,1000,3400,200
156.0,6.0,51800,310844.0,6.0,5.99,5.98,5.97,5.96,5.95,5.94,5.93,5.92,5.91,6.01,6.03,6.04,6.05,6.06,6.07,6.08,6.09,6.1,6.11,5500,5800,2000,9900,7200,9700,300,3900,1200,20400,100,6100,6000,8000,5700,6000,41100,1000,3400,200
157.0,6.0,51800,310844.0,6.0,5.99,5.98,5.97,5.96,5.95,5.94,5.93,5.92,5.91,6.01,6.03,6.04,6.05,6.06,6.07,6.08,6.09,6.1,6.11,5500,5800,2000,9900,7200,9700,300,3900,1200,20400,100,6100,6000,8000,5700,6000,41100,1000,3400,200
158.0,6.0,51800,310844.0,6.0,5.99,5.98,5.97,5.96,5.95,5.94,5.93,5.92,5.91,6.01,6.03,6.04,6.05,6.06,6.07,6.08,6.09,6.1,6.11,5500,5800,2000,9900,7200,9700,300,3900,1200,20400,100,6100,6000,8000,5700,6000,41100,1000,3400,200
159.0,6.0,51800,310844.0,6.0,5.99,5.98,5.97,5.96,5.95,5.94,5.93,5.92,5.91,6.01,6.03,6.04,6.05,6.06,6.07,6.08,6.09,6.1,6.11,5500,5800,2000,9900,7200,9700,300,3900,1200,20400,100,6100,6000,8000,5700,6000,41100,1000,3400,200
160.0,6.0,51800,310844.0,6.0,5.99,5.98,5.97,5.96,5.95,5.94,5.93,5.92,5.91,6.01,6.03,6.04,6.05,6.06,6.07,6.08,6.09,6.1,6.11,5500,5800,2000,9900,7200,9700,300,3900,1200,20400,100,6100,6000,8000,5700,6000,41100,1000,3400,200
161.0,6.0,52400,314444.0,6.0,5.99,5.98,5.97,5.96,5.95,5.94,5.93,5.92,5.91,6.01,6.03,6.04,6.05,6.06,6.07,6.08,6.09,6.1,6.11,4900,5800,2000,9900,7200,9700,300,3900,1200,20400,100,6100,6000,8000,5700,6000,41100,1000,3400,200
162.0,6.0,52400,314444.0,6.0,5.99,5.98,5.97,5.96,5.95,5.94,5.93,5.92,5.91,6.01,6.03,6.04,6.05,6.06,6.07,6.08,6.09,6.1,6.11,4900,5800,2000,9900,7200,9700,300,3900,1200,20400,100,6100,6000,8000,5700,6000,41100,1000,3400,200
163.0,6.0,52400,314444.0,6.0,5.99,5.98,5.97,5.96,5.95,5.94,5.93,5.92,5.91,6.01,6.03,6.04,6.05,6.06,6.07,6.08,6.09,6.1,6.11,4900,5800,2000,9900,7200,9700,300,3900,1200,20400,100,6100,6000,8000,5700,6000,41100,1000,3400,200
164.0,6.0,52400,314444.0,6.0,5.99,5.98,5.97,5.96,5.95,5.94,5.93,5.92,5.91,6.01,6.03,6.04,6.05,6.06,6.07,6.08,6.09,6.1,6.11,4900,5800,2000,9900,7200,9700,300,3900,1200,20400,100,6100,6000,8000,5700,6000,41100,1000,3400,200
165.0,6.0,52400,314444.0,6.0,5.99,5.98,5.97,5.96,5.95,5.94,5.93,5.92,5.91,6.01,6.03,6.04,6.05,6.06,6.07,6.08,6.09,6.1,6.11,4900,5800,2000,9900,7200,9700,300,3900,1200,20400,100,6100,6000,8000,5700,6000,41100,1000,3400,200
166.0,6.0,52400,314444.0,6.0,5.99,5.98,5.97,5.96,5.95,5.94,5.93,5.92,5.91,6.01,6.03,6.04,6.05,6.06,6.07,6.08,6.09,6.1,6.11,4900,20800,2000,9900,7200,14700,300,3900,1200,20400,100,6100,6000,8000,5700,6000,41100,1000,3400,200
167.0,6.0,52400,314444.0,6.0,5.99,5.98,5.97,5.96,5.95,5.94,5.93,5.92,5.91,6.01,6.03,6.04,6.05,6.06,6.07,6.08,6.09,6.1,6.11,4900,20800,2000,9900,7200,14700,300,3900,1200,20400,100,6100,6000,8000,5700,6000,41100,1000,3400,200
168.0,6.0,52400,314444.0,6.0,5.99,5.98,5.97,5.96,5.95,5.94,5.93,5.92,5.91,6.01,6.03,6.04,6.05,6.06,6.07,6.08,6.09,6.1,6.11,4900,20800,2000,9900,7200,14700,300,3900,1200,20400,100,6100,6000,8000,5700,6000,41100,1000,3400,200
169.0,6.0,52800,316844.0,6.0,5.99,5.98,5.97,5.96,5.95,5.94,5.93,5.92,5.91,6.01,6.03,6.04,6.05,6.06,6.07,6.08,6.09,6.1,6.11,4500,20800,2000,9900,7200,14700,300,3900,1200,20400,100,6100,6000,8000,5700,6000,41100,1000,3400,200
170.0,6.0,52800,316844.0,6.0,5.99,5.98,5.97,5.96,5.95,5.94,5.93,5.92,5.91,6.01,6.03,6.04,6.05,6.06,6.07,6.08,6.09,6.1,6.11,4500,20800,2000,9900,7200,14700,300,3900,1200,20400,100,6100,6000,8000,5700,6000,41100,1000,3400,200
171.0,6.0,52800,316844.0,6.0,5.99,5.98,5.97,5.96,5.95,5.94,5.93,5.92,5.91,6.01,6.03,6.04,6.05,6.06,6.07,6.08,6.09,6.1,6.11,4500,20800,2000,9900,7200,14700,300,3900,1200,20400,100,6100,6000,8000,5700,6000,41100,1000,3400,200
172.0,6.0,57300,343844.0,5.99,5.98,5.97,5.96,5.95,5.94,5.93,5.92,5.91,5.9,6.0,6.01,6.03,6.04,6.05,6.06,6.07,6.08,6.09,6.1,20800,2000,9900,7200,14700,300,3900,1200,20400,9000,4100,100,6100,6000,8000,5700,6000,41100,1000,3400
173.0,6.0,59700,358244.0,5.99,5.98,5.97,5.96,5.95,5.94,5.93,5.92,5.91,5.9,6.0,6.01,6.03,6.04,6.05,6.06,6.07,6.08,6.09,6.1,20800,2000,9900,7200,14700,300,3900,1200,20400,9000,1700,100,6100,6000,8000,5700,6000,41100,1000,3400
174.0,6.0,59700,358244.0,5.99,5.98,5.97,5.96,5.95,5.94,5.93,5.92,5.91,5.9,6.0,6.01,6.03,6.04,6.05,6.06,6.07,6.08,6.09,6.1,20800,2000,9900,7200,14700,300,3900,1200,20400,9000,1700,100,6100,6000,8000,5700,6000,41100,1000,3400
175.0,6.0,59700,358244.0,5.99,5.98,5.97,5.96,5.95,5.94,5.93,5.92,5.91,5.9,6.0,6.01,6.03,6.04,6.05,6.06,6.07,6.08,6.09,6.1,20800,2000,9900,7200,14700,300,3900,1200,20400,9000,1700,100,6100,6000,8000,5700,6000,41100,1000,3400
176.0,6.0,60200,361244.0,5.99,5.98,5.97,5.96,5.95,5.94,5.93,5.92,5.91,5.9,6.0,6.01,6.03,6.04,6.05,6.06,6.07,6.08,6.09,6.1,20800,2000,9900,7200,14700,300,3900,1200,20400,20400,1200,100,6100,6000,8000,5700,6000,41100,1000,3400
177.0,6.0,60300,361844.0,5.99,5.98,5.97,5.96,5.95,5.94,5.93,5.92,5.91,5.9,6.0,6.01,6.03,6.04,6.05,6.06,6.07,6.08,6.09,6.1,20800,2000,9900,7200,14700,300,3900,1200,20400,20400,1100,100,6100,6000,8000,5700,6000,41100,1000,3400
178.0,6.0,60300,361844.0,5.99,5.98,5.97,5.96,5.95,5.94,5.93,5.92,5.91,5.9,6.0,6.01,6.03,6.04,6.05,6.06,6.07,6.08,6.09,6.1,20800,2000,9900,7200,14700,300,3900,1200,20400,20400,1100,100,6100,6000,8000,5700,6000,41100,1000,3400
179.0,6.0,60300,361844.0,5.99,5.98,5.97,5.96,5.95,5.94,5.93,5.92,5.91,5.9,6.0,6.01,6.03,6.04,6.05,6.06,6.07,6.08,6.09,6.1,20800,2000,9900,7200,14700,300,3900,1200,20400,20400,1100,100,6100,6000,8000,5700,6000,41100,1000,3400
180.0,6.0,60300,361844.0,5.99,5.98,5.97,5.96,5.95,5.94,5.93,5.92,5.91,5.9,6.0,6.01,6.03,6.04,6.05,6.06,6.07,6.08,6.09,6.1,20800,2000,9900,7200,14700,300,3900,1200,20400,20400,1100,100,6100,6000,8000,5700,6000,41100,1000,3400
181.0,6.0,60700,364244.0,5.99,5.98,5.97,5.96,5.95,5.94,5.93,5.92,5.91,5.9,6.0,6.01,6.03,6.04,6.05,6.06,6.07,6.08,6.09,6.1,20800,2000,9900,7200,14700,300,3900,1200,20400,20400,700,100,6100,6000,8000,5700,6000,41100,1000,3400
182.0,6.0,61400,368444.0,6.0,5.99,5.98,5.97,5.96,5.95,5.94,5.93,5.92,5.91,6.01,6.03,6.04,6.05,6.06,6.07,6.08,6.09,6.1,6.11,800,20800,2000,9900,7200,14700,300,3900,1200,20400,100,6100,6000,8000,5700,6000,41100,1000,3400,200
183.0,6.0,61400,368444.0,6.0,5.99,5.98,5.97,5.96,5.95,5.94,5.93,5.92,5.91,6.01,6.03,6.04,6.05,6.06,6.07,6.08,6.09,6.1,6.11,800,20800,2000,9900,7200,14700,300,3900,1200,20400,100,6100,6000,8000,5700,6000,41100,1000,3400,200
184.0,6.0,61400,368444.0,6.0,5.99,5.98,5.97,5.96,5.95,5.94,5.93,5.92,5.91,6.01,6.03,6.04,6.05,6.06,6.07,6.08,6.09,6.1,6.11,800,20800,2000,9900,7200,14700,300,3900,1200,20400,100,6100,6000,8000,5700,6000,41100,1000,3400,200
185.0,6.0,61400,368444.0,6.0,5.99,5.98,5.97,5.96,5.95,5.94,5.93,5.92,5.91,6.01,6.03,6.04,6.05,6.06,6.07,6.08,6.09,6.1,6.11,800,20800,2000,9900,7200,14700,300,3900,1200,20400,100,6100,6000,8000,5700,6000,41100,1000,3400,200
186.0,6.0,61400,368444.0,6.0,5.99,5.98,5.97,5.96,5.95,5.94,5.93,5.92,5.91,6.01,6.03,6.04,6.05,6.06,6.07,6.08,6.09,6.1,6.11,800,20800,2000,9900,7200,14700,300,3900,1200,20400,100,6100,6000,8000,5700,6000,41100,1000,3400,200
187.0,6.0,61400,368444.0,6.0,5.99,5.98,5.97,5.96,5.95,5.94,5.93,5.92,5.91,6.01,6.03,6.04,6.05,6.06,6.07,6.08,6.09,6.1,6.11,800,20800,2000,9900,7200,14700,300,3900,1200,20400,100,6100,6000,8000,5700,6000,41100,1000,3400,200
188.0,6.0,61400,368444.0,5.99,5.98,5.97,5.96,5.95,5.94,5.93,5.92,5.91,5.9,6.01,6.03,6.04,6.05,6.06,6.07,6.08,6.09,6.1,6.11,20800,2000,9900,7200,14700,300,3900,1200,20400,20400,100,6100,6000,8000,5700,6000,41100,1000,3400,200
189.0,6.0,61400,368444.0,5.99,5.98,5.97,5.96,5.95,5.94,5.93,5.92,5.91,5.9,6.01,6.03,6.04,6.05,6.06,6.07,6.08,6.09,6.1,6.11,20800,2000,9900,7200,14700,300,3900,1200,20400,20400,100,6100,6000,8000,5700,6000,41100,1000,3400,200
190.0,6.0,61400,368444.0,6.0,5.99,5.98,5.97,5.96,5.95,5.94,5.93,5.92,5.91,6.01,6.03,6.04,6.05,6.06,6.07,6.08,6.09,6.1,6.11,1000,20800,2000,9900,7200,14700,300,3900,1200,20400,100,6100,6000,8000,5700,6000,41100,1000,3400,200
191.0,6.0,61400,368444.0,6.0,5.99,5.98,5.97,5.96,5.95,5.94,5.93,5.92,5.91,6.01,6.03,6.04,6.05,6.06,6.07,6.08,6.09,6.1,6.11,1000,20800,2000,9900,7200,14700,300,3900,1200,20400,100,6100,6000,8000,5700,6000,41100,1000,3400,200
192.0,6.0,61400,368444.0,6.0,5.99,5.98,5.97,5.96,5.95,5.94,5.93,5.92,5.91,6.01,6.03,6.04,6.05,6.06,6.07,6.08,6.09,6.1,6.11,1000,20800,2000,9900,7200,14700,300,3900,1200,20400,100,6100,6000,8000,5700,6000,41100,1000,3400,200
193.0,6.0,61400,368444.0,6.0,5.99,5.98,5.97,5.96,5.95,5.94,5.93,5.92,5.91,6.01,6.03,6.04,6.05,6.06,6.07,6.08,6.09,6.1,6.11,1000,20800,2000,9900,7200,14700,300,3900,1200,20400,100,6100,6000,8000,5700,6000,41100,1000,3400,200
194.0,6.0,61400,368444.0,6.0,5.99,5.98,5.97,5.96,5.95,5.94,5.93,5.92,5.91,6.01,6.03,6.04,6.05,6.06,6.07,6.08,6.09,6.1,6.11,1000,20800,2000,9900,7200,14700,300,3900,1200,20400,100,6100,6000,8000,5700,6000,41100,1000,3400,200
195.0,6.0,61400,368444.0,6.0,5.99,5.98,5.97,5.96,5.95,5.94,5.93,5.92,5.91,6.01,6.03,6.04,6.05,6.06,6.07,6.08,6.09,6.1,6.11,1000,20800,2000,9900,7200,14700,300,3900,1200,20400,100,6100,6000,8000,5700,6000,41100,1000,3400,200
196.0,6.0,64500,387065.0,6.0,5.99,5.98,5.97,5.96,5.95,5.94,5.93,5.92,5.91,6.01,6.03,6.04,6.05,6.06,6.07,6.08,6.09,6.1,6.11,200,20800,2000,9900,7200,14700,300,3900,1200,20400,700,6100,6000,8000,5700,6000,41100,1000,3400,200
197.0,6.0,64500,387065.0,6.0,5.99,5.98,5.97,5.96,5.95,5.94,5.93,5.92,5.91,6.01,6.03,6.04,6.05,6.06,6.07,6.08,6.09,6.1,6.11,200,20800,2000,9900,7200,14700,300,3900,1200,20400,700,6100,6000,8000,5700,6000,41100,1000,3400,200
198.0,6.0,64500,387065.0,6.0,5.99,5.98,5.97,5.96,5.95,5.94,5.93,5.92,5.91,6.01,6.03,6.04,6.05,6.06,6.07,6.08,6.09,6.1,6.11,200,20800,2000,9900,7200,14700,300,3900,1200,20400,700,6100,6000,8000,5700,6000,41100,1000,3400,200
199.0,6.0,64500,387065.0,6.0,5.99,5.98,5.97,5.96,5.95,5.94,5.93,5.92,5.91,6.01,6.03,6.04,6.05,6.06,6.07,6.08,6.09,6.1,6.11,200,20800,2000,9900,7200,14700,300,3900,1200,20400,700,6100,6000,8000,5700,6000,41100,1000,3400,200
200.0,6.0,64500,387065.0,6.0,5.99,5.98,5.97,5.96,5.95,5.94,5.93,5.92,5.91,6.01,6.03,6.04,6.05,6.06,6.07,6.08,6.09,6.1,6.11,200,20800,2000,9900,7200,14700,300,3900,1200,20400,700,6100,6000,8000,5700,6000,41100,1000,3400,200
201.0,6.0,64500,387065.0,6.0,5.99,5.98,5.97,5.96,5.95,5.94,5.93,5.92,5.91,6.01,6.03,6.04,6.05,6.06,6.07,6.08,6.09,6.1,6.11,300,20800,2000,9900,7200,14700,300,3900,1200,20400,700,6100,6000,8000,5700,6000,41100,1000,3400,200
202.0,6.0,64500,387065.0,6.0,5.99,5.98,5.97,5.96,5.95,5.94,5.93,5.92,5.91,6.01,6.03,6.04,6.05,6.06,6.07,6.08,6.09,6.1,6.11,300,20800,2000,9900,7200,14700,300,3900,1200,20400,700,6100,6000,8000,5700,6000,41100,1000,3400,200
203.0,6.0,64800,388865.0,5.99,5.98,5.97,5.96,5.95,5.94,5.93,5.92,5.91,5.9,6.0,6.01,6.03,6.04,6.05,6.06,6.07,6.08,6.09,6.1,20800,2000,9900,7200,14700,300,3900,1200,20400,20400,4800,700,6100,6000,8000,5700,6000,41100,1000,3400
204.0,6.0,66100,396665.0,5.99,5.98,5.97,5.96,5.95,5.94,5.93,5.92,5.91,5.9,6.0,6.01,6.03,6.04,6.05,6.06,6.07,6.08,6.09,6.1,20800,2000,9900,7200,14700,300,3900,1200,20400,20400,3500,700,6100,6000,8000,5700,6000,41100,1000,3400
205.0,6.0,66100,396665.0,5.99,5.98,5.97,5.96,5.95,5.94,5.93,5.92,5.91,5.9,6.0,6.01,6.03,6.04,6.05,6.06,6.07,6.08,6.09,6.1,20100,2000,9900,7200,14700,300,3900,1200,20400,20400,3500,200,6100,6000,8000,5700,6000,41100,1000,3400
206.0,6.0,66400,398465.0,5.99,5.98,5.97,5.96,5.95,5.94,5.93,5.92,5.91,5.9,6.0,6.01,6.03,6.04,6.05,6.06,6.07,6.08,6.09,6.1,20100,2000,9900,12200,14700,300,3900,1200,20400,20400,3200,200,6100,6000,8000,5700,6000,41100,1000,3400
207.0,6.0,66700,400265.0,5.99,5.98,5.97,5.96,5.95,5.94,5.93,5.92,5.91,5.9,6.0,6.01,6.03,6.04,6.05,6.06,6.07,6.08,6.09,6.1,20100,2000,9900,12200,14700,300,3900,1200,20400,20400,2900,200,6100,6000,8000,5700,6000,41100,1000,3400
208.0,6.0,66700,400265.0,5.99,5.98,5.97,5.96,5.95,5.94,5.93,5.92,5.91,5.9,6.0,6.01,6.03,6.04,6.05,6.06,6.07,6.08,6.09,6.1,20100,2000,9900,12200,14700,300,3900,1200,20400,20400,2900,200,6100,6000,8000,5700,6000,41100,1000,3400
209.0,6.0,66700,400265.0,5.99,5.98,5.97,5.96,5.95,5.94,5.93,5.92,5.91,5.9,6.0,6.01,6.03,6.04,6.05,6.06,6.07,6.08,6.09,6.1,20100,2000,9900,12200,14700,300,3900,1200,20400,20400,2900,200,6100,6000,8000,5700,6000,41100,1000,3400
210.0,6.0,66700,400265.0,5.99,5.98,5.97,5.96,5.95,5.94,5.93,5.92,5.91,5.9,6.0,6.01,6.03,6.04,6.05,6.06,6.07,6.08,6.09,6.1,20100,2000,9900,12200,14700,300,3900,1200,20400,20400,2900,200,6100,6000,8000,5700,6000,41100,1000,3400
211.0,6.0,66900,401465.0,5.99,5.98,5.97,5.96,5.95,5.94,5.93,5.92,5.91,5.9,6.0,6.01,6.03,6.04,6.05,6.06,6.07,6.08,6.09,6.1,20100,2000,9900,12200,14700,300,3900,1200,20400,20400,2700,200,6100,6000,8000,5700,6000,41100,1000,3400
212.0,6.0,67500,405065.0,5.99,5.98,5.97,5.96,5.95,5.94,5.93,5.92,5.91,5.9,6.0,6.01,6.03,6.04,6.05,6.06,6.07,6.08,6.09,6.1,20100,2000,9900,12200,14700,300,3900,1200,20400,20400,2100,200,6100,6000,8000,5700,6000,41100,1000,3400
213.0,6.0,67700,406265.0,5.99,5.98,5.97,5.96,5.95,5.94,5.93,5.92,5.91,5.9,6.0,6.01,6.03,6.04,6.05,6.06,6.07,6.08,6.09,6.1,20100,2000,9900,12200,14700,300,3900,1200,20400,20400,1900,200,6100,6000,8000,5700,6000,41100,1000,3400
214.0,6.0,67800,406865.0,5.99,5.98,5.97,5.96,5.95,5.94,5.93,5.92,5.91,5.9,6.0,6.01,6.03,6.04,6.05,6.06,6.07,6.08,6.09,6.1,20100,2000,9900,12200,14700,300,3900,1200,20400,20400,1800,200,6100,6000,8000,5700,6000,41100,1000,3400
215.0,6.0,68100,408665.0,5.99,5.98,5.97,5.96,5.95,5.94,5.93,5.92,5.91,5.9,6.0,6.01,6.03,6.04,6.05,6.06,6.07,6.08,6.09,6.1,20100,2000,9900,12200,14700,300,3900,1200,20400,20400,1500,200,6100,6000,8000,5700,6000,41100,1000,3400
216.0,6.0,68100,408665.0,5.99,5.98,5.97,5.96,5.95,5.94,5.93,5.92,5.91,5.9,6.0,6.01,6.03,6.04,6.05,6.06,6.07,6.08,6.09,6.1,20100,2000,9900,12200,14700,300,3900,1200,20400,20400,1500,200,6100,6000,8000,5700,6000,41100,1000,3400
217.0,6.0,68300,409865.0,5.99,5.98,5.97,5.96,5.95,5.94,5.93,5.92,5.91,5.9,6.0,6.01,6.03,6.04,6.05,6.06,6.07,6.08,6.09,6.1,20100,2000,9900,12200,14700,300,3900,1200,20400,20400,1300,200,6100,6000,8000,5700,6000,41100,1000,3400
218.0,6.0,68300,409865.0,5.99,5.98,5.97,5.96,5.95,5.94,5.93,5.92,5.91,5.9,6.0,6.01,6.03,6.04,6.05,6.06,6.07,6.08,6.09,6.1,20100,2000,9900,12200,14700,300,3900,1200,20400,20400,1300,200,6100,6000,8000,5700,6000,41100,1000,3400
219.0,6.0,68400,410465.0,5.99,5.98,5.97,5.96,5.95,5.94,5.93,5.92,5.91,5.9,6.0,6.01,6.03,6.04,6.05,6.06,6.07,6.08,6.09,6.1,20100,2000,9900,12200,14700,300,3900,1200,20400,20400,1200,200,6100,6000,8000,5700,6000,41100,1000,3400
220.0,6.0,68500,411065.0,5.99,5.98,5.97,5.96,5.95,5.94,5.93,5.92,5.91,5.9,6.0,6.01,6.03,6.04,6.05,6.06,6.07,6.08,6.09,6.1,20100,2000,9900,12200,14700,300,3900,1200,20400,20400,1100,200,6100,6000,8000,5700,6000,41100,1000,3400
221.0,6.0,68600,411665.0,5.99,5.98,5.97,5.96,5.95,5.94,5.93,5.92,5.91,5.9,6.0,6.01,6.03,6.04,6.05,6.06,6.07,6.08,6.09,6.1,20100,2000,9900,12200,14700,300,3900,1200,20400,20400,1000,200,6100,6000,8000,5700,6000,41100,1000,3400
222.0,6.0,68600,411665.0,5.99,5.98,5.97,5.96,5.95,5.94,5.93,5.92,5.91,5.9,6.0,6.01,6.03,6.04,6.05,6.06,6.07,6.08,6.09,6.1,20100,2000,9900,12200,14700,300,7900,1200,20400,20400,1000,200,6100,6000,8000,5700,6000,41100,1000,3400
223.0,6.0,68600,411665.0,5.99,5.98,5.97,5.96,5.95,5.94,5.93,5.92,5.91,5.9,6.0,6.01,6.03,6.04,6.05,6.06,6.07,6.08,6.09,6.1,20100,2000,9900,12200,14700,300,7900,1200,20400,20400,1000,200,6100,6000,8000,5700,6000,41100,1000,3400
224.0,6.0,68700,412265.0,5.99,5.98,5.97,5.96,5.95,5.94,5.93,5.92,5.91,5.9,6.0,6.01,6.03,6.04,6.05,6.06,6.07,6.08,6.09,6.1,20100,2000,9900,12200,14700,300,7900,1200,20400,20400,900,200,6100,6000,8000,5700,6000,41100,1000,3400
225.0,6.0,68700,412265.0,5.99,5.98,5.97,5.96,5.95,5.94,5.93,5.92,5.91,5.9,6.0,6.01,6.03,6.04,6.05,6.06,6.07,6.08,6.09,6.1,20100,2000,9900,12200,14700,300,7900,1200,20400,20400,900,200,6100,6000,8000,5700,6000,41100,1000,3400
226.0,6.0,68700,412265.0,5.99,5.98,5.97,5.96,5.95,5.94,5.93,5.92,5.91,5.9,6.0,6.01,6.03,6.04,6.05,6.06,6.07,6.08,6.09,6.1,20100,2000,9900,12200,14700,300,7900,1200,20400,20400,900,200,6100,6000,8000,5700,6000,41100,1000,3400
227.0,6.0,70400,422449.0,5.99,5.98,5.97,5.96,5.95,5.94,5.93,5.92,5.91,5.9,6.0,6.01,6.03,6.04,6.05,6.06,6.07,6.08,6.09,6.1,18500,2000,9900,12200,14700,300,7900,1200,20400,20400,800,200,6100,6000,8000,5700,6000,41100,1000,3400
228.0,6.0,70400,422449.0,5.99,5.98,5.97,5.96,5.95,5.94,5.93,5.92,5.91,5.9,6.0,6.01,6.03,6.04,6.05,6.06,6.07,6.08,6.09,6.1,18500,2000,9900,12200,14700,300,7900,1200,20400,20400,800,2200,6100,6000,8000,5700,6000,41100,1000,3400
229.0,6.0,70400,422449.0,5.99,5.98,5.97,5.96,5.95,5.94,5.93,5.92,5.91,5.9,6.0,6.01,6.03,6.04,6.05,6.06,6.07,6.08,6.09,6.1,18500,2000,9900,12200,14700,300,7900,1200,20400,20400,800,2200,6100,6000,8000,5700,6000,41100,1000,3400
230.0,5.99,72000,432033.0,5.99,5.98,5.97,5.96,5.95,5.94,5.93,5.92,5.91,5.9,6.0,6.01,6.03,6.04,6.05,6.06,6.07,6.08,6.09,6.1,16900,2000,9900,12200,14700,300,7900,1200,20400,20400,800,2200,6100,6000,8000,5700,6000,41100,1000,3400
231.0,5.99,72000,432033.0,5.99,5.98,5.97,5.96,5.95,5.94,5.93,5.92,5.91,5.9,6.0,6.01,6.03,6.04,6.05,6.06,6.07,6.08,6.09,6.1,16900,2000,9900,12200,14700,300,7900,1200,20400,20400,800,2200,6100,6000,8000,5700,6000,41100,1000,3400
232.0,5.99,72000,432033.0,5.99,5.98,5.97,5.96,5.95,5.94,5.93,5.92,5.91,5.9,6.0,6.01,6.03,6.04,6.05,6.06,6.07,6.08,6.09,6.1,16900,2000,9900,12200,14700,300,7900,1200,20400,20400,800,2200,6100,6000,8000,5700,6000,41100,1000,3400
233.0,5.99,72000,432033.0,5.99,5.98,5.97,5.96,5.95,5.94,5.93,5.92,5.91,5.9,6.0,6.01,6.03,6.04,6.05,6.06,6.07,6.08,6.09,6.1,16900,2000,9900,12200,14700,300,7900,1200,20400,20400,800,2200,6100,6000,8000,5700,6000,41100,1000,3400
234.0,5.99,73600,441617.0,5.99,5.98,5.97,5.96,5.95,5.94,5.93,5.92,5.91,5.9,6.0,6.01,6.03,6.04,6.05,6.06,6.07,6.08,6.09,6.1,15300,2000,9900,12200,14700,300,7900,1200,20400,20400,800,2200,6100,6000,8000,5700,6000,41100,1000,3400
235.0,5.99,73600,441617.0,5.99,5.98,5.97,5.96,5.95,5.94,5.93,5.92,5.91,5.9,6.0,6.01,6.03,6.04,6.05,6.06,6.07,6.08,6.09,6.1,15300,2000,9900,12200,14700,300,7900,1200,20400,20400,800,2200,6100,6000,8000,5700,6000,41100,1000,3400
236.0,5.99,73600,441617.0,5.99,5.98,5.97,5.96,5.95,5.94,5.93,5.92,5.91,5.9,6.0,6.01,6.03,6.04,6.05,6.06,6.07,6.08,6.09,6.1,15300,2000,9900,12200,14700,300,7900,1200,20400,20400,800,2200,6100,6000,8000,5700,6000,41100,1000,3400
237.0,5.99,75100,450602.0,5.99,5.98,5.97,5.96,5.95,5.94,5.93,5.92,5.91,5.9,6.0,6.01,6.03,6.04,6.05,6.06,6.07,6.08,6.09,6.1,13800,2000,9900,12200,14700,300,7900,1200,20400,20400,800,2200,6100,6000,8000,5700,6000,41100,1000,3400
238.0,5.99,75100,450602.0,5.99,5.98,5.97,5.96,5.95,5.94,5.93,5.92,5.91,5.9,6.0,6.01,6.03,6.04,6.05,6.06,6.07,6.08,6.09,6.1,13800,2000,9900,12200,14700,300,7900,1200,20400,20400,800,2200,6100,6000,8000,5700,6000,41100,1000,3400
239.0,6.0,75200,451202.0,5.99,5.98,5.97,5.96,5.95,5.94,5.93,5.92,5.91,5.9,6.0,6.01,6.03,6.04,6.05,6.06,6.07,6.08,6.09,6.1,13800,2000,9900,12200,14700,300,7900,1200,20400,20400,700,2200,6100,6000,8000,5700,6000,41100,1000,3400
240.0,6.0,75200,451202.0,5.99,5.98,5.97,5.96,5.95,5.94,5.93,5.92,5.91,5.9,6.0,6.01,6.03,6.04,6.05,6.06,6.07,6.08,6.09,6.1,13800,2000,9900,12200,14700,300,7900,1200,20400,20400,700,2200,6100,6000,8000,5700,6000,41100,1000,3400
241.0,5.99,76500,458989.0,5.99,5.98,5.97,5.96,5.95,5.94,5.93,5.92,5.91,5.9,6.0,6.01,6.03,6.04,6.05,6.06,6.07,6.08,6.09,6.1,12500,2000,9900,10200,14700,300,7900,1200,20400,20400,700,2200,6100,6000,8000,5700,6000,41100,1000,3400
242.0,6.0,77200,463189.0,5.99,5.98,5.97,5.96,5.95,5.94,5.93,5.92,5.91,5.9,6.01,6.03,6.04,6.05,6.06,6.07,6.08,6.09,6.1,6.11,12500,2000,9900,10200,14700,300,7900,1200,20400,20400,2200,6100,6000,8000,5700,6000,41100,1000,3400,200
243.0,5.99,78400,470377.0,5.99,5.98,5.97,5.96,5.95,5.94,5.93,5.92,5.91,5.9,6.01,6.03,6.04,6.05,6.06,6.07,6.08,6.09,6.1,6.11,11300,2000,9900,10200,14700,300,7900,1200,20400,20400,2200,6100,6000,8000,5700,6000,41100,1000,3400,200
244.0,5.99,79500,476966.0,5.99,5.98,5.97,5.96,5.95,5.94,5.93,5.92,5.91,5.9,6.01,6.03,6.04,6.05,6.06,6.07,6.08,6.09,6.1,6.11,10200,2000,9900,10200,14700,300,7900,1200,20400,20400,2300,6100,6000,8000,5700,6000,41100,1000,3400,200
245.0,6.01,79600,477567.0,5.99,5.98,5.97,5.96,5.95,5.94,5.93,5.92,5.91,5.9,6.01,6.03,6.04,6.05,6.06,6.07,6.08,6.09,6.1,6.11,10300,2000,9900,10200,14700,300,7900,1200,20400,20400,2200,6100,6000,8000,5700,6000,41100,1000,3400,200
246.0,6.01,79600,477567.0,5.99,5.98,5.97,5.96,5.95,5.94,5.93,5.92,5.91,5.9,6.01,6.03,6.04,6.05,6.06,6.07,6.08,6.09,6.1,6.11,10300,2000,9900,10200,14700,300,7900,1200,20400,20400,2200,6100,6000,8000,5700,6000,41100,1000,3400,200
247.0,5.99,80600,483557.0,5.99,5.98,5.97,5.96,5.95,5.94,5.93,5.92,5.91,5.9,6.01,6.03,6.04,6.05,6.06,6.07,6.08,6.09,6.1,6.11,9400,4400,9900,10200,14700,300,7900,1200,20400,20400,2300,6100,6000,8000,15700,6000,41100,1000,3400,200
248.0,5.99,80600,483557.0,5.99,5.98,5.97,5.96,5.95,5.94,5.93,5.92,5.91,5.9,6.01,6.03,6.04,6.05,6.06,6.07,6.08,6.09,6.1,6.11,9400,4400,9900,10200,14700,300,7900,1200,20400,20400,2300,6100,6000,8000,15700,6000,41100,1000,3400,200
249.0,5.99,80600,483557.0,5.99,5.98,5.97,5.96,5.95,5.94,5.93,5.92,5.91,5.9,6.0,6.01,6.03,6.04,6.05,6.06,6.07,6.08,6.09,6.1,9500,4400,9900,10200,14700,300,7900,1200,20400,20400,100,2400,6100,6000,8000,15700,6000,41100,1000,3400
250.0,5.99,81500,488948.0,5.99,5.98,5.97,5.96,5.95,5.94,5.93,5.92,5.91,5.9,6.0,6.01,6.03,6.04,6.05,6.06,6.07,6.08,6.09,6.1,8600,4400,9900,10200,14700,300,7900,1200,20400,20400,100,2400,6100,6000,8000,15700,6000,41100,1000,3400
251.0,5.99,82300,493740.0,5.99,5.98,5.97,5.96,5.95,5.94,5.93,5.92,5.91,5.9,6.0,6.01,6.03,6.04,6.05,6.06,6.07,6.08,6.09,6.1,7800,4400,9900,10200,14700,300,7900,1200,20400,20400,100,2400,6100,6000,8000,15700,6000,41100,1000,3400
252.0,5.99,82300,493740.0,5.99,5.98,5.97,5.96,5.95,5.94,5.93,5.92,5.91,5.9,6.0,6.01,6.03,6.04,6.05,6.06,6.07,6.08,6.09,6.1,7800,4400,9900,10200,14700,300,7900,1200,20400,20400,100,2400,6100,6000,8000,15700,6000,41100,1000,3400
253.0,5.99,82300,493740.0,5.99,5.98,5.97,5.96,5.95,5.94,5.93,5.92,5.91,5.9,6.0,6.01,6.03,6.04,6.05,6.06,6.07,6.08,6.09,6.1,7800,4400,9900,10200,14700,300,7900,1200,20400,20400,100,2400,6100,6000,8000,15700,6000,41100,1000,3400
254.0,5.99,83000,497933.0,5.99,5.98,5.97,5.96,5.95,5.94,5.93,5.92,5.91,5.9,6.0,6.01,6.03,6.04,6.05,6.06,6.07,6.08,6.09,6.1,7100,4400,9900,10200,14700,300,7900,1200,20400,20400,100,2400,6100,6000,8000,15700,6000,41100,1000,3400
255.0,5.99,83000,497933.0,5.99,5.98,5.97,5.96,5.95,5.94,5.93,5.92,5.91,5.9,6.0,6.01,6.03,6.04,6.05,6.06,6.07,6.08,6.09,6.1,7100,4400,9900,10200,14700,300,7900,1200,20400,20400,100,2400,6100,6000,8000,15700,6000,41100,1000,3400
256.0,5.99,83000,497933.0,5.99,5.98,5.97,5.96,5.95,5.94,5.93,5.92,5.91,5.9,6.0,6.01,6.03,6.04,6.05,6.06,6.07,6.08,6.09,6.1,7100,4400,9900,10200,14700,300,7900,1200,20400,20400,100,2400,6100,6000,8000,15700,6000,41100,1000,3400
257.0,5.99,84400,506319.0,5.99,5.98,5.97,5.96,5.95,5.94,5.93,5.92,5.91,5.9,6.0,6.01,6.03,6.04,6.05,6.06,6.07,6.08,6.09,6.1,5700,4400,9900,10200,14700,300,7900,1200,20400,20400,100,2400,6100,6000,8000,15700,6000,41100,1000,3400
258.0,5.99,84400,506319.0,5.99,5.98,5.97,5.96,5.95,5.94,5.93,5.92,5.91,5.9,6.0,6.01,6.03,6.04,6.05,6.06,6.07,6.08,6.09,6.1,5700,4400,9900,10200,14700,300,7900,1200,20400,20400,100,2400,6100,6000,8000,15700,6000,41100,1000,3400
259.0,6.0,84500,506919.0,6.0,5.99,5.98,5.97,5.96,5.95,5.94,5.93,5.92,5.91,6.01,6.03,6.04,6.05,6.06,6.07,6.08,6.09,6.1,6.11,100,5700,4400,9900,10200,14700,300,7900,1200,20400,2400,6100,6000,8000,15700,6000,41100,1000,3400,200
260.0,6.0,84500,506919.0,6.0,5.99,5.98,5.97,5.96,5.95,5.94,5.93,5.92,5.91,6.01,6.03,6.04,6.05,6.06,6.07,6.08,6.09,6.1,6.11,100,5700,4400,9900,10200,14700,300,7900,1200,20400,2400,6100,6000,8000,15700,6000,41100,1000,3400,200
261.0,6.0,84500,506919.0,6.0,5.99,5.98,5.97,5.96,5.95,5.94,5.93,5.92,5.91,6.01,6.03,6.04,6.05,6.06,6.07,6.08,6.09,6.1,6.11,100,5700,4400,9900,10200,14700,300,7900,1200,20400,2400,6100,6000,8000,15700,6000,41100,1000,3400,200
262.0,6.01,84900,509323.0,6.0,5.99,5.98,5.97,5.96,5.95,5.94,5.93,5.92,5.91,6.01,6.03,6.04,6.05,6.06,6.07,6.08,6.09,6.1,6.11,100,5700,4400,9900,10200,14700,300,7900,1200,20400,2000,6100,6000,8000,15700,6000,41100,1000,3400,200
263.0,6.01,84900,509323.0,6.0,5.99,5.98,5.97,5.96,5.95,5.94,5.93,5.92,5.91,6.01,6.03,6.04,6.05,6.06,6.07,6.08,6.09,6.1,6.11,100,5700,4400,9900,10200,14700,300,7900,1200,20400,2000,6100,6000,8000,15700,6000,41100,1000,3400,200
264.0,6.01,84900,509323.0,6.0,5.99,5.98,5.97,5.96,5.95,5.94,5.93,5.92,5.91,6.01,6.03,6.04,6.05,6.06,6.07,6.08,6.09,6.1,6.11,100,5700,4400,9900,10200,14700,300,7900,1200,20400,2000,6100,6000,8000,15700,6000,41100,1000,3400,200
265.0,6.01,84900,509323.0,6.0,5.99,5.98,5.97,5.96,5.95,5.94,5.93,5.92,5.91,6.01,6.03,6.04,6.05,6.06,6.07,6.08,6.09,6.1,6.11,100,5700,4400,9900,10200,14700,300,7900,1200,20400,2000,6100,6000,8000,15700,6000,41100,1000,3400,200
266.0,6.01,84900,509323.0,6.0,5.99,5.98,5.97,5.96,5.95,5.94,5.93,5.92,5.91,6.01,6.03,6.04,6.05,6.06,6.07,6.08,6.09,6.1,6.11,100,5700,4400,9900,10200,14700,300,7900,1200,20400,2000,6100,6000,8000,15700,6000,41100,1000,3400,200
267.0,6.01,84900,509323.0,6.0,5.99,5.98,5.97,5.96,5.95,5.94,5.93,5.92,5.91,6.01,6.03,6.04,6.05,6.06,6.07,6.08,6.09,6.1,6.11,100,5700,4400,9900,10200,14700,300,7900,1200,20400,2000,6100,6000,8000,15700,6000,41100,1000,3400,200
268.0,6.01,84900,509323.0,6.0,5.99,5.98,5.97,5.96,5.95,5.94,5.93,5.92,5.91,6.01,6.03,6.04,6.05,6.06,6.07,6.08,6.09,6.1,6.11,100,5700,4400,9900,10200,14700,300,7900,1200,20400,2000,6100,6000,8000,15700,6000,41100,1000,3400,200
269.0,6.01,84900,509323.0,6.0,5.99,5.98,5.97,5.96,5.95,5.94,5.93,5.92,5.91,6.01,6.03,6.04,6.05,6.06,6.07,6.08,6.09,6.1,6.11,100,5700,4400,9900,10200,14700,300,7900,1200,20400,2000,6100,6000,8000,15700,6000,41100,1000,3400,200
270.0,6.01,84900,509323.0,6.0,5.99,5.98,5.97,5.96,5.95,5.94,5.93,5.92,5.91,6.01,6.03,6.04,6.05,6.06,6.07,6.08,6.09,6.1,6.11,100,5700,4400,9900,10200,14700,300,7900,1200,20400,2000,6100,6000,8000,15700,6000,41100,1000,3400,200
271.0,6.01,84900,509323.0,6.0,5.99,5.98,5.97,5.96,5.95,5.94,5.93,5.92,5.91,6.01,6.03,6.04,6.05,6.06,6.07,6.08,6.09,6.1,6.11,100,5700,4400,9900,10200,14700,300,7900,1200,20400,2000,6100,6000,8000,15700,6000,41100,1000,3400,200
272.0,6.01,85500,512929.0,6.0,5.99,5.98,5.97,5.96,5.95,5.94,5.93,5.92,5.91,6.01,6.03,6.04,6.05,6.06,6.07,6.08,6.09,6.1,6.11,100,5700,4400,9900,10200,14700,300,7900,1200,20400,1400,6100,6000,8000,15700,6000,41100,1000,3400,200
273.0,6.01,85500,512929.0,6.0,5.99,5.98,5.97,5.96,5.95,5.94,5.93,5.92,5.91,6.01,6.03,6.04,6.05,6.06,6.07,6.08,6.09,6.1,6.11,100,5700,4400,9900,10200,14700,300,7900,1200,20400,1400,6100,6000,8000,15700,6000,41100,1000,3400,200
274.0,6.01,85700,514131.0,6.0,5.99,5.98,5.97,5.96,5.95,5.94,5.93,5.92,5.91,6.01,6.03,6.04,6.05,6.06,6.07,6.08,6.09,6.1,6.11,100,5700,4400,9900,10200,14700,300,7900,1200,20400,1200,6100,6000,8000,15700,6000,41100,1000,3400,200
275.0,6.0,85800,514731.0,5.99,5.98,5.97,5.96,5.95,5.94,5.93,5.92,5.91,5.9,6.01,6.03,6.04,6.05,6.06,6.07,6.08,6.09,6.1,6.11,5700,4400,9900,10200,14700,300,7900,1200,20400,20400,1200,6100,6000,8000,15800,6000,41100,1000,3400,200
276.0,5.99,86300,517726.0,5.99,5.98,5.97,5.96,5.95,5.94,5.93,5.92,5.91,5.9,6.01,6.03,6.04,6.05,6.06,6.07,6.08,6.09,6.1,6.11,5200,4400,9900,10200,14700,300,7900,1200,20400,20400,2200,6100,6000,8000,15800,6000,41100,1000,3400,200
277.0,5.99,86300,517726.0,5.99,5.98,5.97,5.96,5.95,5.94,5.93,5.92,5.91,5.9,6.01,6.03,6.04,6.05,6.06,6.07,6.08,6.09,6.1,6.11,5200,4400,9900,10200,14700,300,7900,1200,20400,20400,2200,6100,6000,8000,15800,6000,41100,1000,3400,200
278.0,5.99,86300,517726.0,5.99,5.98,5.97,5.96,5.95,5.94,5.93,5.92,5.91,5.9,6.01,6.03,6.04,6.05,6.06,6.07,6.08,6.09,6.1,6.11,5500,4400,9900,10200,14700,300,7900,1200,20400,20400,2500,6100,6000,8000,15800,6000,41100,1000,3400,200
279.0,6.01,86600,519529.0,5.99,5.98,5.97,5.96,5.95,5.94,5.93,5.92,5.91,5.9,6.01,6.03,6.04,6.05,6.06,6.07,6.08,6.09,6.1,6.11,5500,4400,9900,10200,14700,300,7900,1200,20400,20400,2200,6100,6000,8000,15800,6000,41100,1000,3400,200
280.0,6.01,86600,519529.0,5.99,5.98,5.97,5.96,5.95,5.94,5.93,5.92,5.91,5.9,6.01,6.03,6.04,6.05,6.06,6.07,6.08,6.09,6.1,6.11,5700,4400,9900,10200,14700,300,7900,1200,20400,20400,2400,6100,6000,8000,15800,6000,41100,1000,3400,200
281.0,6.01,86600,519529.0,6.0,5.99,5.98,5.97,5.96,5.95,5.94,5.93,5.92,5.91,6.01,6.03,6.04,6.05,6.06,6.07,6.08,6.09,6.1,6.11,1300,5800,4400,9900,10200,14700,300,7900,1200,20400,2500,6100,6000,8000,15800,6000,41100,1000,3400,200
282.0,5.99,88400,530324.0,5.99,5.98,5.97,5.96,5.95,5.94,5.93,5.92,5.91,5.9,6.0,6.01,6.03,6.04,6.05,6.06,6.07,6.08,6.09,6.1,5300,4400,9900,10200,14700,300,7900,1200,20400,20400,37000,2500,6100,6000,8000,15800,6000,41100,1000,3400
283.0,5.99,92600,555498.0,5.99,5.98,5.97,5.96,5.95,5.94,5.93,5.92,5.91,5.9,6.0,6.01,6.03,6.04,6.05,6.06,6.07,6.08,6.09,6.1,2700,4400,9900,10200,14700,300,7900,1200,20400,20400,35800,2500,6100,6000,8000,15800,6000,41100,1000,3400
284.0,5.99,95300,571671.0,5.98,5.97,5.96,5.95,5.94,5.93,5.92,5.91,5.9,5.88,5.99,6.0,6.01,6.03,6.04,6.05,6.06,6.07,6.08,6.09,4400,9900,10200,14700,300,7900,1200,20400,20400,1500,4000,35800,2500,6100,6000,8000,15800,6000,41100,1000
285.0,5.99,95300,571671.0,5.98,5.97,5.96,5.95,5.94,5.93,5.92,5.91,5.9,5.88,5.99,6.0,6.01,6.03,6.04,6.05,6.06,6.07,6.08,6.09,4400,9900,10200,14700,300,7900,1200,20400,20400,1500,4000,35800,2500,6100,6000,8000,15800,6000,41100,1000
286.0,5.99,96500,578859.0,5.98,5.97,5.96,5.95,5.94,5.93,5.92,5.91,5.9,5.88,5.99,6.0,6.01,6.03,6.04,6.05,6.06,6.07,6.08,6.09,4400,9900,10200,14700,300,7900,1200,20400,20400,1500,2800,35800,2500,6100,6000,8000,15800,6000,41100,1000
287.0,5.99,96700,580057.0,5.98,5.97,5.96,5.95,5.94,5.93,5.92,5.91,5.9,5.88,5.99,6.0,6.01,6.03,6.04,6.05,6.06,6.07,6.08,6.09,4400,9900,10200,14700,300,7900,1200,20400,20400,1500,2600,35800,2500,6100,6000,8000,15800,6000,41100,1000
288.0,5.99,96800,580656.0,5.98,5.97,5.96,5.95,5.94,5.93,5.92,5.91,5.9,5.88,5.99,6.0,6.01,6.03,6.04,6.05,6.06,6.07,6.08,6.09,4400,9900,10200,14700,300,7900,1200,20400,20400,1500,2600,35800,2500,6100,6000,8000,15800,6000,41100,1000
289.0,5.99,96800,580656.0,5.98,5.97,5.96,5.95,5.94,5.93,5.92,5.91,5.9,5.88,5.99,6.0,6.01,6.03,6.04,6.05,6.06,6.07,6.08,6.09,4400,9900,10200,14700,300,7900,1200,20400,20400,1500,2600,35800,2500,6100,6000,8000,15800,6000,41100,1000
290.0,5.99,97000,581854.0,5.98,5.97,5.96,5.95,5.94,5.93,5.92,5.91,5.9,5.88,5.99,6.0,6.01,6.03,6.04,6.05,6.06,6.07,6.08,6.09,4400,9900,10200,10700,300,7900,1200,20400,20400,1500,2400,35800,2500,6100,6000,8000,15800,6000,41100,1000
291.0,5.99,97000,581854.0,5.98,5.97,5.96,5.95,5.94,5.93,5.92,5.91,5.9,5.88,5.99,6.0,6.01,6.03,6.04,6.05,6.06,6.07,6.08,6.09,4400,9900,10200,10700,300,7900,1200,20400,20400,1500,2400,35800,2500,6100,6000,8000,15800,6000,41100,1000
292.0,5.99,97000,581854.0,5.98,5.97,5.96,5.95,5.94,5.93,5.92,5.91,5.9,5.88,5.99,6.0,6.01,6.03,6.04,6.05,6.06,6.07,6.08,6.09,4400,9900,10200,10700,300,7900,1200,20400,20400,1500,2400,35800,2500,6100,6000,8000,15800,6000,41100,1000
293.0,5.99,97200,583052.0,5.98,5.97,5.96,5.95,5.94,5.93,5.92,5.91,5.9,5.88,5.99,6.0,6.01,6.03,6.04,6.05,6.06,6.07,6.08,6.09,4400,9900,10200,10700,300,7900,1200,20400,20400,1500,2200,35800,2500,6100,6000,8000,15800,6000,41100,1000
294.0,5.99,97200,583052.0,5.98,5.97,5.96,5.95,5.94,5.93,5.92,5.91,5.9,5.88,5.99,6.0,6.01,6.03,6.04,6.05,6.06,6.07,6.08,6.09,4400,9900,10200,10700,300,7900,1200,20400,20400,1500,2200,35800,2500,6100,6000,8000,15800,6000,41100,1000
295.0,5.99,97200,583052.0,5.98,5.97,5.96,5.95,5.94,5.93,5.92,5.91,5.9,5.88,5.99,6.0,6.01,6.03,6.04,6.05,6.06,6.07,6.08,6.09,4400,9900,10200,10700,300,7900,1200,20400,20400,1500,2200,35800,2500,6100,6000,8000,15800,6000,41100,1000
296.0,5.99,97200,583052.0,5.98,5.97,5.96,5.95,5.94,5.93,5.92,5.91,5.9,5.88,5.99,6.0,6.01,6.03,6.04,6.05,6.06,6.07,6.08,6.09,4400,9900,10200,10700,300,7900,1200,20400,20400,1500,2200,35800,2500,6100,6000,8000,15800,6000,41100,1000
297.0,5.99,97800,586646.0,5.98,5.97,5.96,5.95,5.94,5.93,5.92,5.91,5.9,5.88,5.99,6.0,6.01,6.03,6.04,6.05,6.06,6.07,6.08,6.09,4400,9900,10200,10700,300,7900,1200,20400,20400,1500,1600,35800,2500,6100,6000,8000,15800,6000,41100,1000
298.0,5.99,97800,586646.0,5.98,5.97,5.96,5.95,5.94,5.93,5.92,5.91,5.9,5.88,5.99,6.0,6.01,6.03,6.04,6.05,6.06,6.07,6.08,6.09,4400,9900,10200,10700,300,7900,1200,20400,20400,1500,1600,35800,2500,6100,6000,8000,15800,6000,41100,1000
299.0,5.99,98400,590240.0,5.98,5.97,5.96,5.95,5.94,5.93,5.92,5.91,5.9,5.88,5.99,6.0,6.01,6.03,6.04,6.05,6.06,6.07,6.08,6.09,4400,9900,10200,10700,300,7900,1200,20400,20400,1500,1000,36100,2500,6100,6000,8000,15800,6000,41100,1000
300.0,5.99,98700,592037.0,5.98,5.97,5.96,5.95,5.94,5.93,5.92,5.91,5.9,5.88,5.99,6.0,6.01,6.03,6.04,6.05,6.06,6.07,6.08,6.09,4400,9900,10200,10700,300,7900,1200,20400,20400,1500,900,36100,2500,6100,6000,8000,15800,6000,41100,1000
301.0,5.99,98700,592037.0,5.98,5.97,5.96,5.95,5.94,5.93,5.92,5.91,5.9,5.88,5.99,6.0,6.01,6.03,6.04,6.05,6.06,6.07,6.08,6.09,4400,9900,10200,10700,300,7900,1200,20400,20400,1500,900,36100,2500,6100,6000,8000,15800,6000,41100,1000
302.0,5.98,99800,598621.0,5.98,5.97,5.96,5.95,5.94,5.93,5.92,5.91,5.9,5.88,5.99,6.0,6.01,6.03,6.04,6.05,6.06,6.07,6.08,6.09,3900,9900,10200,10700,300,7900,1200,20400,20400,1500,5300,35800,2500,6100,6000,8000,15800,6000,41100,1000
303.0,5.99,100300,601616.0,5.98,5.97,5.96,5.95,5.94,5.93,5.92,5.91,5.9,5.88,5.99,6.0,6.01,6.03,6.04,6.05,6.06,6.07,6.08,6.09,3900,9900,10200,10700,300,7900,1200,20400,20400,1500,4800,35800,2500,6100,6000,8000,15800,6000,41100,1000
304.0,5.99,100300,601616.0,5.98,5.97,5.96,5.95,5.94,5.93,5.92,5.91,5.9,5.88,5.99,6.0,6.01,6.03,6.04,6.05,6.06,6.07,6.08,6.09,3900,9900,10200,10700,300,7900,1200,20400,20400,1500,4800,35800,2500,6100,6000,8000,15800,6000,41100,1000
305.0,5.99,100300,601616.0,5.98,5.97,5.96,5.95,5.94,5.93,5.92,5.91,5.9,5.88,5.99,6.0,6.01,6.03,6.04,6.05,6.06,6.07,6.08,6.09,3900,9900,10200,10700,300,7900,1200,20400,20400,1500,4800,35800,2500,6100,6000,8000,15800,6000,41100,1000
306.0,5.99,100300,601616.0,5.98,5.97,5.96,5.95,5.94,5.93,5.92,5.91,5.9,5.88,5.99,6.0,6.01,6.03,6.04,6.05,6.06,6.07,6.08,6.09,4000,9900,10200,10700,300,7900,1200,20400,20400,1500,4800,35800,2500,6100,6000,8000,15800,6000,41100,1000
307.0,5.99,100700,604012.0,5.98,5.97,5.96,5.95,5.94,5.93,5.92,5.91,5.9,5.88,5.99,6.0,6.01,6.03,6.04,6.05,6.06,6.07,6.08,6.09,4000,9900,10200,10700,300,7900,1200,20400,20400,1500,4400,35800,2500,6100,6000,8000,15800,6000,41100,1000
308.0,5.99,100700,604012.0,5.98,5.97,5.96,5.95,5.94,5.93,5.92,5.91,5.9,5.88,5.99,6.0,6.01,6.03,6.04,6.05,6.06,6.07,6.08,6.09,4000,9900,10200,10700,300,7900,1200,20400,20400,1500,3600,35800,2500,6100,6000,8000,15800,6000,41100,1000
309.0,5.98,101900,611188.0,5.98,5.97,5.96,5.95,5.94,5.93,5.92,5.91,5.9,5.88,5.99,6.0,6.01,6.03,6.04,6.05,6.06,6.07,6.08,6.09,2800,9900,10200,10700,300,7900,1200,20400,20400,1500,3700,35800,2500,6100,6000,8000,15800,6000,41100,1000
310.0,5.99,102200,612985.0,5.98,5.97,5.96,5.95,5.94,5.93,5.92,5.91,5.9,5.88,5.99,6.0,6.01,6.03,6.04,6.05,6.06,6.07,6.08,6.09,2800,9900,10200,10700,300,7900,1200,20400,20400,1500,3400,35800,2500,6100,6000,8000,15800,6000,41100,1000
311.0,5.99,102200,612985.0,5.98,5.97,5.96,5.95,5.94,5.93,5.92,5.91,5.9,5.88,5.99,6.0,6.01,6.03,6.04,6.05,6.06,6.07,6.08,6.09,2800,9900,10200,10700,300,7900,1200,20400,20400,1500,3400,35800,2500,6100,6000,8000,15800,6000,41100,1000
312.0,5.99,102200,612985.0,5.98,5.97,5.96,5.95,5.94,5.93,5.92,5.91,5.9,5.88,5.99,6.0,6.01,6.03,6.04,6.05,6.06,6.07,6.08,6.09,2800,9900,10200,10700,300,7900,1200,20400,20400,1500,3400,35800,2500,6100,6000,8000,15800,6000,41100,1000
313.0,5.99,102500,614782.0,5.98,5.97,5.96,5.95,5.94,5.93,5.92,5.91,5.9,5.88,5.99,6.0,6.01,6.03,6.04,6.05,6.06,6.07,6.08,6.09,2800,9900,10200,10700,300,7900,1200,20400,20400,1500,3100,35800,2500,6100,6000,8000,15800,6000,41100,1000
314.0,5.99,102500,614782.0,5.98,5.97,5.96,5.95,5.94,5.93,5.92,5.91,5.9,5.88,5.99,6.0,6.01,6.03,6.04,6.05,6.06,6.07,6.08,6.09,2800,9900,10200,10700,300,7900,1200,20400,20400,1500,3100,35800,2500,6100,6000,8000,15800,6000,41100,1000
315.0,5.99,102500,614782.0,5.98,5.97,5.96,5.95,5.94,5.93,5.92,5.91,5.9,5.88,5.99,6.0,6.01,6.03,6.04,6.05,6.06,6.07,6.08,6.09,2800,9900,10200,10700,300,7900,1200,20400,20400,1500,3100,35800,2500,6100,6000,8000,15800,6000,41100,1000
316.0,5.99,102500,614782.0,5.98,5.97,5.96,5.95,5.94,5.93,5.92,5.91,5.9,5.88,5.99,6.0,6.01,6.03,6.04,6.05,6.06,6.07,6.08,6.09,2800,9900,10200,10700,300,7900,1200,20400,20400,1500,3100,35800,2500,6100,6000,8000,15800,6000,41100,1000
317.0,5.99,103000,617775.0,5.98,5.97,5.96,5.95,5.94,5.93,5.92,5.91,5.9,5.88,5.99,6.0,6.01,6.03,6.04,6.05,6.06,6.07,6.08,6.09,2600,9900,10200,10700,300,7900,1200,20400,20400,1500,2800,35800,2500,6100,6000,8000,15800,6000,41100,1000
318.0,5.99,103000,617775.0,5.98,5.97,5.96,5.95,5.94,5.93,5.92,5.91,5.9,5.88,5.99,6.0,6.01,6.03,6.04,6.05,6.06,6.07,6.08,6.09,2600,9900,10200,10700,300,7900,1200,20400,20400,1500,2800,35800,2500,6100,6000,8000,15800,6000,41100,1000
319.0,5.99,103000,617775.0,5.98,5.97,5.96,5.95,5.94,5.93,5.92,5.91,5.9,5.88,5.99,6.0,6.01,6.03,6.04,6.05,6.06,6.07,6.08,6.09,2600,9900,10200,10700,300,7900,1200,20400,20400,1500,2800,35800,2500,6100,6000,8000,15800,6000,41100,1000
320.0,5.99,103200,618973.0,5.98,5.97,5.96,5.95,5.94,5.93,5.92,5.91,5.9,5.88,5.99,6.0,6.01,6.03,6.04,6.05,6.06,6.07,6.08,6.09,2600,9900,10200,10700,300,7900,1200,20400,20400,1500,2600,35800,2500,6100,6000,8000,15800,6000,41100,1000
321.0,5.98,103700,621963.0,5.98,5.97,5.96,5.95,5.94,5.93,5.92,5.91,5.9,5.88,5.99,6.0,6.01,6.03,6.04,6.05,6.06,6.07,6.08,6.09,2100,9900,10200,10700,300,7900,1200,20400,20400,1500,2600,35800,2500,6100,6000,8000,15800,6000,41100,1000
322.0,5.98,103700,621963.0,5.98,5.97,5.96,5.95,5.94,5.93,5.92,5.91,5.9,5.88,5.99,6.0,6.01,6.03,6.04,6.05,6.06,6.07,6.08,6.09,2100,9900,10200,10700,300,7900,1200,20400,20400,1500,2600,35800,2500,6100,6000,8000,15800,6000,41100,1000
323.0,5.98,103700,621963.0,5.98,5.97,5.96,5.95,5.94,5.93,5.92,5.91,5.9,5.88,5.99,6.0,6.01,6.03,6.04,6.05,6.06,6.07,6.08,6.09,2100,9900,10200,10700,300,7900,1200,20400,20400,1500,2600,35800,2500,6100,6000,8000,15800,6000,41100,1000
324.0,5.99,103900,623161.0,5.98,5.97,5.96,5.95,5.94,5.93,5.92,5.91,5.9,5.88,5.99,6.0,6.01,6.03,6.04,6.05,6.06,6.07,6.08,6.09,2100,9900,10200,10700,300,7900,1200,20400,20400,1500,2400,35800,2500,6100,6000,8000,15800,6000,41100,1000
325.0,5.99,103900,623161.0,5.98,5.97,5.96,5.95,5.94,5.93,5.92,5.91,5.9,5.88,5.99,6.0,6.01,6.03,6.04,6.05,6.06,6.07,6.08,6.09,2100,9900,10200,10700,300,7900,1200,20400,20400,1500,2400,35800,2500,6100,6000,8000,15800,6000,41100,1000
326.0,5.99,103900,623161.0,5.98,5.97,5.96,5.95,5.94,5.93,5.92,5.91,5.9,5.88,5.99,6.0,6.01,6.03,6.04,6.05,6.06,6.07,6.08,6.09,2100,9900,10200,10700,300,7900,1200,20400,20400,1500,2400,35800,2500,6100,6000,8000,15800,6000,41100,1000
327.0,5.99,104100,624359.0,5.98,5.97,5.96,5.95,5.94,5.93,5.92,5.91,5.9,5.88,5.99,6.0,6.01,6.03,6.04,6.05,6.06,6.07,6.08,6.09,2100,9900,10200,10700,300,7900,1200,20400,20400,1500,2200,35800,2500,6100,6000,8000,15800,6000,41100,1000
328.0,5.99,104100,624359.0,5.98,5.97,5.96,5.95,5.94,5.93,5.92,5.91,5.9,5.88,5.99,6.0,6.01,6.03,6.04,6.05,6.06,6.07,6.08,6.09,2100,9900,10200,10700,300,7900,1200,20400,20400,1500,2200,35800,2500,6100,6000,8000,15800,6000,41100,1000
329.0,5.99,104100,624359.0,5.98,5.97,5.96,5.95,5.94,5.93,5.92,5.91,5.9,5.88,5.99,6.0,6.01,6.03,6.04,6.05,6.06,6.07,6.08,6.09,2100,9900,10200,10700,300,7900,1200,20400,20400,1500,2200,35800,2500,6100,6000,8000,15800,6000,41100,1000
330.0,5.99,104100,624359.0,5.98,5.97,5.96,5.95,5.94,5.93,5.92,5.91,5.9,5.88,5.99,6.0,6.01,6.03,6.04,6.05,6.06,6.07,6.08,6.09,2100,9900,10200,10700,300,7900,1200,20400,20400,1500,2200,35800,2500,6100,6000,8000,15800,6000,41100,1000
331.0,5.99,104300,625557.0,5.98,5.97,5.96,5.95,5.94,5.93,5.92,5.91,5.9,5.88,5.99,6.0,6.01,6.03,6.04,6.05,6.06,6.07,6.08,6.09,2100,9900,10200,10700,300,7900,1200,20400,20400,1500,2000,35800,2500,6100,6000,8000,15800,6000,41100,1000
332.0,5.99,105200,630946.0,5.98,5.97,5.96,5.95,5.94,5.93,5.92,5.91,5.9,5.88,5.99,6.0,6.01,6.03,6.04,6.05,6.06,6.07,6.08,6.09,1800,9900,10200,10700,300,7900,1200,20400,20400,1500,1300,35800,2500,6100,6000,8000,15800,6000,41100,1000
333.0,5.98,105500,632740.0,5.98,5.97,5.96,5.95,5.94,5.93,5.92,5.91,5.9,5.88,5.99,6.0,6.01,6.03,6.04,6.05,6.06,6.07,6.08,6.09,1500,9900,10200,10700,300,7900,1200,20400,20400,1500,1300,35800,2500,6100,6000,8000,15800,6000,41100,1000
334.0,5.98,105500,632740.0,5.98,5.97,5.96,5.95,5.94,5.93,5.92,5.91,5.9,5.88,5.99,6.0,6.01,6.03,6.04,6.05,6.06,6.07,6.08,6.09,1500,9900,10200,10700,300,7900,1200,20400,20400,1500,1300,35800,2500,6100,6000,8000,15800,6000,41100,1000
335.0,5.99,105600,633339.0,5.98,5.97,5.96,5.95,5.94,5.93,5.92,5.91,5.9,5.88,5.99,6.0,6.01,6.03,6.04,6.05,6.06,6.07,6.08,6.09,1500,9900,10200,10700,300,7900,1200,20400,20400,1500,1200,35800,2500,6100,6000,8000,15800,6000,41100,1000
336.0,5.99,105600,633339.0,5.98,5.97,5.96,5.95,5.94,5.93,5.92,5.91,5.9,5.88,5.99,6.0,6.01,6.03,6.04,6.05,6.06,6.07,6.08,6.09,1500,9900,10200,10700,300,7900,1200,20400,20400,1500,1200,35800,2500,6100,6000,8000,15800,6000,41100,1000
337.0,5.99,105600,633339.0,5.98,5.97,5.96,5.95,5.94,5.93,5.92,5.91,5.9,5.88,5.99,6.0,6.01,6.03,6.04,6.05,6.06,6.07,6.08,6.09,1500,9900,10200,10700,300,7900,1200,20400,20400,1500,2200,35800,2500,6100,6000,8000,15800,6000,41100,1000
338.0,5.99,105800,634537.0,5.98,5.97,5.96,5.95,5.94,5.93,5.92,5.91,5.9,5.88,5.99,6.0,6.01,6.03,6.04,6.05,6.06,6.07,6.08,6.09,1500,9900,10200,10700,300,7900,1200,20400,20400,1500,2000,35800,2500,6100,6000,8000,15800,6000,41100,1000
339.0,5.99,107900,647115.0,5.99,5.98,5.97,5.96,5.95,5.94,5.93,5.92,5.91,5.9,6.0,6.01,6.03,6.04,6.05,6.06,6.07,6.08,6.09,6.1,1000,1400,9900,10200,10700,300,7900,1200,20400,20400,35800,2500,6100,6000,8000,15800,6000,41100,1000,3400
340.0,5.99,107900,647115.0,5.99,5.98,5.97,5.96,5.95,5.94,5.93,5.92,5.91,5.9,6.0,6.01,6.03,6.04,6.05,6.06,6.07,6.08,6.09,6.1,1000,1400,9900,10200,10700,300,7900,1200,20400,20400,35800,2500,6100,6000,8000,15800,6000,41100,1000,3400
341.0,6.0,108100,648315.0,5.99,5.98,5.97,5.96,5.95,5.94,5.93,5.92,5.91,5.9,6.0,6.01,6.03,6.04,6.05,6.06,6.07,6.08,6.09,6.1,1000,1400,9900,10200,10700,300,7900,1200,20400,20400,35600,2500,6100,6000,8000,15800,6000,41100,1000,3400
342.0,6.0,109700,657915.0,5.99,5.98,5.97,5.96,5.95,5.94,5.93,5.92,5.91,5.9,6.0,6.01,6.03,6.04,6.05,6.06,6.07,6.08,6.09,6.1,1000,1400,9900,10200,10700,300,7900,1200,20400,20400,34000,2500,6100,6000,8000,15800,6000,41100,1000,3400
343.0,6.0,109700,657915.0,5.99,5.98,5.97,5.96,5.95,5.94,5.93,5.92,5.91,5.9,6.0,6.01,6.03,6.04,6.05,6.06,6.07,6.08,6.09,6.1,1000,1400,9900,10200,10700,300,7900,1200,20400,20400,34000,2500,6100,6000,8000,15800,6000,41100,1000,3400
344.0,5.99,109900,659113.0,5.99,5.98,5.97,5.96,5.95,5.94,5.93,5.92,5.91,5.9,6.0,6.01,6.03,6.04,6.05,6.06,6.07,6.08,6.09,6.1,800,1400,9900,10200,10700,300,7900,1200,20400,20400,34000,2500,6100,6000,8000,15800,6000,41100,1000,3400
345.0,6.0,111500,668713.0,5.99,5.98,5.97,5.96,5.95,5.94,5.93,5.92,5.91,5.9,6.0,6.01,6.03,6.04,6.05,6.06,6.07,6.08,6.09,6.1,800,1400,9900,10200,10700,300,7900,1200,20400,20400,32400,2500,6100,6000,8000,15800,6000,41100,1000,3400
346.0,6.0,111500,668713.0,5.99,5.98,5.97,5.96,5.95,5.94,5.93,5.92,5.91,5.9,6.0,6.01,6.03,6.04,6.05,6.06,6.07,6.08,6.09,6.1,800,1400,9900,10200,10700,300,7900,1200,20400,20400,32400,2500,6100,6000,8000,15800,6000,41100,1000,3400
347.0,6.0,111500,668713.0,5.99,5.98,5.97,5.96,5.95,5.94,5.93,5.92,5.91,5.9,6.0,6.01,6.03,6.04,6.05,6.06,6.07,6.08,6.09,6.1,800,1400,9900,10200,10700,300,7900,1200,20400,20400,32400,2500,6100,6000,8000,15800,6000,41100,1000,3400
348.0,6.0,111500,668713.0,5.99,5.98,5.97,5.96,5.95,5.94,5.93,5.92,5.91,5.9,6.0,6.01,6.03,6.04,6.05,6.06,6.07,6.08,6.09,6.1,800,1400,9900,10200,10700,300,7900,1200,20400,20400,32400,2500,6100,6000,8000,15800,6000,41100,1000,3400
349.0,6.0,113100,678313.0,5.99,5.98,5.97,5.96,5.95,5.94,5.93,5.92,5.91,5.9,6.0,6.01,6.03,6.04,6.05,6.06,6.07,6.08,6.09,6.1,800,1400,9900,10200,10700,300,7900,1200,20400,20400,30800,2500,6100,6000,8000,15800,6000,41100,1000,3400
350.0,6.0,113100,678313.0,5.99,5.98,5.97,5.96,5.95,5.94,5.93,5.92,5.91,5.9,6.0,6.01,6.03,6.04,6.05,6.06,6.07,6.08,6.09,6.1,800,1400,9900,10200,10700,300,7900,1200,20400,20400,30800,2500,6100,6000,8000,15800,6000,41100,1000,3400
351.0,6.0,113100,678313.0,5.99,5.98,5.97,5.96,5.95,5.94,5.93,5.92,5.91,5.9,6.0,6.01,6.03,6.04,6.05,6.06,6.07,6.08,6.09,6.1,2100,1400,9900,10200,10700,300,7900,1200,20400,20400,30800,2500,6100,6000,8000,15800,6000,41100,1000,3400
352.0,6.0,114700,687913.0,5.99,5.98,5.97,5.96,5.95,5.94,5.93,5.92,5.91,5.9,6.0,6.01,6.03,6.04,6.05,6.06,6.07,6.08,6.09,6.1,2100,1400,9900,10200,10700,300,7900,1200,20400,20400,29200,2500,6100,6000,8000,15800,6000,41100,1000,3400
353.0,5.99,115100,690310.0,5.99,5.98,5.97,5.96,5.95,5.94,5.93,5.92,5.91,5.9,6.0,6.01,6.03,6.04,6.05,6.06,6.07,6.08,6.09,6.1,1800,1400,9900,10200,10700,300,7900,1200,20400,20400,29100,2500,6100,6000,8000,15800,6000,41100,1000,3400
354.0,6.0,116700,699910.0,5.99,5.98,5.97,5.96,5.95,5.94,5.93,5.92,5.91,5.9,6.0,6.01,6.03,6.04,6.05,6.06,6.07,6.08,6.09,6.1,1800,1400,9900,10200,10700,300,7900,1200,20400,20400,27500,2500,6100,6000,8000,15800,6000,41100,1000,3400
355.0,6.0,116700,699910.0,5.99,5.98,5.97,5.96,5.95,5.94,5.93,5.92,5.91,5.9,6.0,6.01,6.03,6.04,6.05,6.06,6.07,6.08,6.09,6.1,1800,1400,9900,10200,10700,300,7900,1200,20400,20400,27500,2500,6100,6000,8000,15800,6000,41100,1000,3400
356.0,6.0,121600,729310.0,5.99,5.98,5.97,5.96,5.95,5.94,5.93,5.92,5.91,5.9,6.0,6.01,6.03,6.04,6.05,6.06,6.07,6.08,6.09,6.1,1800,1400,9900,10200,10700,300,7900,1200,20400,20400,22600,2500,6100,6000,8000,15800,6000,41100,1000,3400
357.0,6.0,121600,729310.0,5.99,5.98,5.97,5.96,5.95,5.94,5.93,5.92,5.91,5.9,6.0,6.01,6.03,6.04,6.05,6.06,6.07,6.08,6.09,6.1,1800,1400,9900,10200,10700,300,7900,1200,20400,20400,22600,2500,6100,6000,8000,15800,6000,41100,1000,3400
358.0,6.0,121600,729310.0,5.99,5.98,5.97,5.96,5.95,5.94,5.93,5.92,5.91,5.9,6.0,6.01,6.03,6.04,6.05,6.06,6.07,6.08,6.09,6.1,1800,1400,9900,10200,10700,300,7900,1200,20400,20400,22600,2500,6100,6000,8000,15800,6000,41100,1000,3400
359.0,5.99,123300,739509.0,5.99,5.98,5.97,5.96,5.95,5.94,5.93,5.92,5.91,5.9,6.0,6.01,6.03,6.04,6.05,6.06,6.07,6.08,6.09,6.1,1700,1400,9900,10200,10700,300,7900,1200,20400,20400,21000,2500,6100,6000,8000,15800,6000,41100,1000,3400
360.0,5.99,123300,739509.0,5.99,5.98,5.97,5.96,5.95,5.94,5.93,5.92,5.91,5.9,6.0,6.01,6.03,6.04,6.05,6.06,6.07,6.08,6.09,6.1,1700,1400,9900,10200,10700,300,7900,1200,20400,20400,21000,2500,6100,6000,8000,15800,6000,41100,1000,3400
361.0,6.0,124900,749109.0,5.99,5.98,5.97,5.96,5.95,5.94,5.93,5.92,5.91,5.9,6.0,6.01,6.03,6.04,6.05,6.06,6.07,6.08,6.09,6.1,1700,1400,9900,10200,10700,300,7900,1200,20400,20400,19400,2500,6100,6000,8000,15800,6000,41100,1000,3400
362.0,6.0,125500,752709.0,5.99,5.98,5.97,5.96,5.95,5.94,5.93,5.92,5.91,5.9,6.0,6.01,6.03,6.04,6.05,6.06,6.07,6.08,6.09,6.1,1700,1400,9900,10200,10700,300,7900,1200,20400,20400,18800,2500,6100,6000,8000,15800,6000,41100,1000,3400
363.0,6.0,127100,762309.0,5.99,5.98,5.97,5.96,5.95,5.94,5.93,5.92,5.91,5.9,6.0,6.01,6.03,6.04,6.05,6.06,6.07,6.08,6.09,6.1,1700,1400,9900,10200,10700,300,7900,1200,20400,20400,17200,2500,6100,6000,8000,15800,6000,41100,1000,3400
364.0,6.0,127100,762309.0,5.99,5.98,5.97,5.96,5.95,5.94,5.93,5.92,5.91,5.9,6.0,6.01,6.03,6.04,6.05,6.06,6.07,6.08,6.09,6.1,1700,1400,9900,10200,10700,300,7900,1200,20400,20400,17200,2500,6100,6000,8000,15800,6000,41100,1000,3400
365.0,6.0,127100,762309.0,5.99,5.98,5.97,5.96,5.95,5.94,5.93,5.92,5.91,5.9,6.0,6.01,6.03,6.04,6.05,6.06,6.07,6.08,6.09,6.1,1700,1700,9900,10200,10700,300,7900,1200,20400,20400,17200,2500,6100,6000,8000,15800,6000,41100,1000,3400
366.0,6.0,128700,771909.0,5.99,5.98,5.97,5.96,5.95,5.94,5.93,5.92,5.91,5.9,6.0,6.01,6.03,6.04,6.05,6.06,6.07,6.08,6.09,6.1,1700,1700,9900,10200,10700,300,7900,1200,20400,20400,15600,2500,6100,6000,8000,15800,6000,41100,1000,3400
367.0,6.0,128700,771909.0,5.99,5.98,5.97,5.96,5.95,5.94,5.93,5.92,5.91,5.9,6.0,6.01,6.03,6.04,6.05,6.06,6.07,6.08,6.09,6.1,1700,1700,9900,10200,10700,300,7900,1200,20400,20400,15600,2500,6100,6000,8000,15800,6000,41100,1000,3400
368.0,6.0,131800,790509.0,5.99,5.98,5.97,5.96,5.95,5.94,5.93,5.92,5.91,5.9,6.0,6.01,6.03,6.04,6.05,6.06,6.07,6.08,6.09,6.1,1700,1700,9900,10200,10700,300,7900,1200,20400,20400,12500,2500,6100,6000,8000,15800,6000,41100,1000,3400
369.0,5.99,133400,800105.0,5.99,5.98,5.97,5.96,5.95,5.94,5.93,5.92,5.91,5.9,6.0,6.01,6.03,6.04,6.05,6.06,6.07,6.08,6.09,6.1,1300,1700,9900,10200,10700,300,7900,1200,20400,20400,11300,2500,6100,6000,8000,15800,6000,41100,1000,3400
370.0,5.99,133400,800105.0,5.99,5.98,5.97,5.96,5.95,5.94,5.93,5.92,5.91,5.9,6.0,6.01,6.03,6.04,6.05,6.06,6.07,6.08,6.09,6.1,1300,1700,9900,10200,10700,300,7900,1200,20400,20400,11300,2500,6100,6000,8000,15800,6000,41100,1000,3400
371.0,5.99,133400,800105.0,5.99,5.98,5.97,5.96,5.95,5.94,5.93,5.92,5.91,5.9,6.0,6.01,6.03,6.04,6.05,6.06,6.07,6.08,6.09,6.1,1300,1700,9900,10200,10700,300,7900,1200,20400,20400,11300,2500,6100,6000,8000,15800,6000,41100,1000,3400
372.0,5.99,133400,800105.0,5.99,5.98,5.97,5.96,5.95,5.94,5.93,5.92,5.91,5.9,6.0,6.01,6.03,6.04,6.05,6.06,6.07,6.08,6.09,6.1,1300,1700,9900,10200,10700,300,7900,1200,20400,20400,11300,2500,6100,6000,8000,15800,6000,41100,1000,3400
373.0,6.0,134500,806705.0,5.99,5.98,5.97,5.96,5.95,5.94,5.93,5.92,5.91,5.9,6.0,6.01,6.03,6.04,6.05,6.06,6.07,6.08,6.09,6.1,1300,1700,9900,10200,10700,300,7900,1200,20400,20400,10200,2500,6100,6000,8000,15800,6000,41100,1000,3400
374.0,6.0,134500,806705.0,5.99,5.98,5.97,5.96,5.95,5.94,5.93,5.92,5.91,5.9,6.0,6.01,6.03,6.04,6.05,6.06,6.07,6.08,6.09,6.1,1300,1700,9900,10200,10700,300,7900,1200,20400,20400,10200,2500,6100,6000,8000,15800,6000,41100,1000,3400
375.0,6.0,134600,807305.0,5.99,5.98,5.97,5.96,5.95,5.94,5.93,5.92,5.91,5.9,6.0,6.01,6.03,6.04,6.05,6.06,6.07,6.08,6.09,6.1,1300,1700,9900,10200,10700,300,7900,1200,20400,20400,10100,2500,6100,6000,8000,15800,6000,41100,1000,3400
376.0,6.0,134600,807305.0,5.99,5.98,5.97,5.96,5.95,5.94,5.93,5.92,5.91,5.9,6.0,6.01,6.03,6.04,6.05,6.06,6.07,6.08,6.09,6.1,1300,1700,9900,10200,10700,300,7900,1200,20400,20400,10100,2500,6100,6000,8000,15800,6000,41100,1000,3400
377.0,6.0,134600,807305.0,5.99,5.98,5.97,5.96,5.95,5.94,5.93,5.92,5.91,5.9,6.0,6.01,6.03,6.04,6.05,6.06,6.07,6.08,6.09,6.1,1300,1700,9900,10200,10700,300,7900,1200,20400,20400,10100,2500,6100,6000,8000,15800,6000,41100,1000,3400
378.0,6.0,134600,807305.0,5.99,5.98,5.97,5.96,5.95,5.94,5.93,5.92,5.91,5.9,6.0,6.01,6.03,6.04,6.05,6.06,6.07,6.08,6.09,6.1,1300,2700,9900,10200,10700,300,7900,1200,20400,20400,10100,2500,6100,6000,8000,15800,6000,41100,1000,3400
379.0,6.0,136600,819305.0,5.99,5.98,5.97,5.96,5.95,5.94,5.93,5.92,5.91,5.9,6.0,6.01,6.03,6.04,6.05,6.06,6.07,6.08,6.09,6.1,1300,2700,9900,10200,10700,300,7900,1200,20400,20400,8100,2500,6100,6000,8000,15800,6000,41100,1000,3400
380.0,6.0,136600,819305.0,5.99,5.98,5.97,5.96,5.95,5.94,5.93,5.92,5.91,5.9,6.0,6.01,6.03,6.04,6.05,6.06,6.07,6.08,6.09,6.1,1300,2700,9900,10200,10700,300,7900,1200,20400,20400,8100,2500,6100,6000,8000,15800,6000,41100,1000,3400
381.0,6.0,136600,819305.0,5.99,5.98,5.97,5.96,5.95,5.94,5.93,5.92,5.91,5.9,6.0,6.01,6.03,6.04,6.05,6.06,6.07,6.08,6.09,6.1,1300,2700,9900,10200,10700,300,7900,1200,20400,20400,8100,2500,6100,6000,8000,15800,6000,41100,1000,3400
382.0,6.0,136600,819305.0,5.99,5.98,5.97,5.96,5.95,5.94,5.93,5.92,5.91,5.9,6.0,6.01,6.03,6.04,6.05,6.06,6.07,6.08,6.09,6.1,1300,2700,9900,10200,10700,300,7900,1200,20400,20400,8100,2500,6100,6000,8000,15800,6000,41100,1000,3400
383.0,6.0,136600,819305.0,5.99,5.98,5.97,5.96,5.95,5.94,5.93,5.92,5.91,5.9,6.0,6.01,6.03,6.04,6.05,6.06,6.07,6.08,6.09,6.1,1300,2700,9900,10200,10700,300,7900,1200,20400,20400,8100,2500,6100,6000,8000,15800,6000,41100,1000,3400
384.0,6.0,136600,819305.0,5.99,5.98,5.97,5.96,5.95,5.94,5.93,5.92,5.91,5.9,6.0,6.01,6.03,6.04,6.05,6.06,6.07,6.08,6.09,6.1,1300,2700,9900,10200,10700,300,7900,1200,20400,20400,8100,2500,6100,6000,8000,15800,6000,41100,1000,3400
385.0,6.0,136600,819305.0,5.99,5.98,5.97,5.96,5.95,5.94,5.93,5.92,5.91,5.9,6.0,6.01,6.03,6.04,6.05,6.06,6.07,6.08,6.09,6.1,1300,2700,9900,10200,10700,300,7900,1200,20400,20400,8100,2500,6100,6000,8000,15800,6000,41100,1000,3400
386.0,6.0,137400,824105.0,5.99,5.98,5.97,5.96,5.95,5.94,5.93,5.92,5.91,5.9,6.0,6.01,6.03,6.04,6.05,6.06,6.07,6.08,6.09,6.1,1300,2700,9900,10200,10700,300,7900,1200,20400,20400,7300,2500,6100,6000,8000,15800,6000,41100,1000,3400
387.0,6.0,137400,824105.0,5.99,5.98,5.97,5.96,5.95,5.94,5.93,5.92,5.91,5.9,6.0,6.01,6.03,6.04,6.05,6.06,6.07,6.08,6.09,6.1,1300,2700,9900,10200,10700,300,7900,1200,20400,20400,7300,2500,6100,6000,8000,15800,6000,41100,1000,3400
388.0,6.0,137400,824105.0,5.99,5.98,5.97,5.96,5.95,5.94,5.93,5.92,5.91,5.9,6.0,6.01,6.03,6.04,6.05,6.06,6.07,6.08,6.09,6.1,1300,2700,9900,10200,10700,300,7900,1200,20400,20400,7300,2500,6100,6000,8000,15800,6000,41100,1000,3400
389.0,6.0,138100,828305.0,5.99,5.98,5.97,5.96,5.95,5.94,5.93,5.92,5.91,5.9,6.0,6.01,6.03,6.04,6.05,6.06,6.07,6.08,6.09,6.1,1300,2700,9900,10200,5700,300,7900,1200,20400,20400,6600,2500,6100,6000,8000,15800,6000,41100,1000,3400
390.0,5.99,138200,828904.0,5.99,5.98,5.97,5.96,5.95,5.94,5.93,5.92,5.91,5.9,6.0,6.01,6.03,6.04,6.05,6.06,6.07,6.08,6.09,6.1,1200,2700,9900,10200,5700,300,7900,1200,20400,20400,6600,2500,6100,6000,8000,15800,6000,41100,1000,3400
391.0,6.0,139500,836704.0,5.99,5.98,5.97,5.96,5.95,5.94,5.93,5.92,5.91,5.9,6.0,6.01,6.03,6.04,6.05,6.06,6.07,6.08,6.09,6.1,1200,2700,9900,10200,5700,300,7900,1200,20400,20400,5300,2500,6100,6000,8000,15800,6000,41100,1000,3400
392.0,5.99,141900,851092.0,5.98,5.97,5.96,5.95,5.94,5.93,5.92,5.91,5.9,5.88,5.99,6.0,6.01,6.03,6.04,6.05,6.06,6.07,6.08,6.09,2700,9900,10200,5700,300,7900,1200,20400,20400,1500,600,4100,2500,6100,6000,8000,15800,6000,41100,1000
393.0,5.99,141900,851092.0,5.98,5.97,5.96,5.95,5.94,5.93,5.92,5.91,5.9,5.88,5.99,6.0,6.01,6.03,6.04,6.05,6.06,6.07,6.08,6.09,2700,9900,10200,5700,300,7900,1200,20400,20400,1500,600,4100,2500,6100,6000,8000,15800,6000,41100,1000
394.0,5.99,142600,855285.0,5.99,5.98,5.97,5.96,5.95,5.94,5.93,5.92,5.91,5.9,6.0,6.01,6.03,6.04,6.05,6.06,6.07,6.08,6.09,6.1,9300,2700,9900,10200,5700,300,7900,1200,20400,20400,4300,2500,6100,6000,8000,15800,6000,41100,1000,3400
395.0,5.98,152600,915178.0,5.98,5.97,5.96,5.95,5.94,5.93,5.92,5.91,5.9,5.88,5.99,6.0,6.01,6.03,6.04,6.05,6.06,6.07,6.08,6.09,2000,9900,10200,5700,300,7900,1200,20400,20400,1500,2300,4300,2500,6100,6000,8000,15800,6000,41100,1000
396.0,5.99,152800,916376.0,5.98,5.97,5.96,5.95,5.94,5.93,5.92,5.91,5.9,5.88,5.99,6.0,6.01,6.03,6.04,6.05,6.06,6.07,6.08,6.09,2000,9900,10200,5700,300,7900,1200,20400,20400,1500,2100,4300,2500,6100,6000,8000,15800,6000,41100,1000
397.0,5.99,152900,916975.0,5.98,5.97,5.96,5.95,5.94,5.93,5.92,5.91,5.9,5.88,5.99,6.0,6.01,6.03,6.04,6.05,6.06,6.07,6.08,6.09,2000,9900,10200,5700,300,7900,1200,20400,20400,1500,2000,4300,2500,6100,6000,8000,15800,6000,41100,1000
398.0,5.98,153700,921761.0,5.98,5.97,5.96,5.95,5.94,5.93,5.92,5.91,5.9,5.88,5.99,6.0,6.01,6.03,6.04,6.05,6.06,6.07,6.08,6.09,1400,9900,10200,5700,300,7900,1200,20400,20400,1500,1200,4300,2500,6100,6000,8000,15800,6000,41100,1000
399.0,5.98,153700,921761.0,5.98,5.97,5.96,5.95,5.94,5.93,5.92,5.91,5.9,5.88,5.99,6.0,6.01,6.03,6.04,6.05,6.06,6.07,6.08,6.09,1400,9900,10200,5700,300,7900,1200,20400,20400,1500,1200,4300,2500,6100,6000,8000,15800,6000,41100,1000
400.0,5.99,153800,922360.0,5.98,5.97,5.96,5.95,5.94,5.93,5.92,5.91,5.9,5.88,5.99,6.0,6.01,6.03,6.04,6.05,6.06,6.07,6.08,6.09,1400,9900,10200,5700,300,7900,1200,20400,20400,1500,1100,4300,2500,6100,6000,8000,15800,6000,41100,1000
401.0,5.99,153800,922360.0,5.98,5.97,5.96,5.95,5.94,5.93,5.92,5.91,5.9,5.88,5.99,6.0,6.01,6.03,6.04,6.05,6.06,6.07,6.08,6.09,1400,9900,10200,5700,300,7900,1200,20400,20400,1500,1100,4300,2500,6100,6000,8000,15800,6000,41100,1000
402.0,5.99,153800,922360.0,5.98,5.97,5.96,5.95,5.94,5.93,5.92,5.91,5.9,5.88,5.99,6.0,6.01,6.03,6.04,6.05,6.06,6.07,6.08,6.09,1400,9900,10200,5700,300,7900,1200,20400,20400,1500,1100,4300,2500,6100,6000,8000,15800,6000,41100,1000
403.0,5.99,154100,924157.0,5.98,5.97,5.96,5.95,5.94,5.93,5.92,5.91,5.9,5.88,5.99,6.0,6.01,6.03,6.04,6.05,6.06,6.07,6.08,6.09,1400,9900,10200,5700,300,7900,2200,20400,20400,1500,800,4300,2500,6100,6000,8000,15800,6000,41100,1000
404.0,5.99,154500,926553.0,5.98,5.97,5.96,5.95,5.94,5.93,5.92,5.91,5.9,5.88,5.99,6.0,6.01,6.03,6.04,6.05,6.06,6.07,6.08,6.09,1400,9900,10200,5700,300,7900,2200,20400,20400,1500,400,4300,2500,6100,6000,8000,15800,6000,41100,1000
405.0,5.99,154500,926553.0,5.98,5.97,5.96,5.95,5.94,5.93,5.92,5.91,5.9,5.88,5.99,6.0,6.01,6.03,6.04,6.05,6.06,6.07,6.08,6.09,1400,9900,10200,5700,300,7900,2200,20400,20400,1500,400,4300,2500,6100,6000,8000,15800,6000,41100,1000
406.0,5.99,154900,928949.0,5.99,5.98,5.97,5.96,5.95,5.94,5.93,5.92,5.91,5.9,6.0,6.01,6.03,6.04,6.05,6.06,6.07,6.08,6.09,6.1,4600,1100,9900,10200,5700,300,7900,2200,20400,20400,4300,2500,6100,6000,8000,15800,6000,41100,1000,3400
407.0,5.99,154900,928949.0,5.99,5.98,5.97,5.96,5.95,5.94,5.93,5.92,5.91,5.9,6.0,6.01,6.03,6.04,6.05,6.06,6.07,6.08,6.09,6.1,4600,1100,9900,10200,5700,300,7900,2200,20400,20400,4300,2500,6100,6000,8000,15800,6000,41100,1000,3400
408.0,5.99,154900,928949.0,5.99,5.98,5.97,5.96,5.95,5.94,5.93,5.92,5.91,5.9,6.0,6.01,6.03,6.04,6.05,6.06,6.07,6.08,6.09,6.1,4600,2100,9900,10200,5700,300,7900,2200,20400,20400,4300,2500,6100,6000,8000,15800,6000,41100,1000,3400
409.0,5.99,154900,928949.0,5.99,5.98,5.97,5.96,5.95,5.94,5.93,5.92,5.91,5.9,6.0,6.01,6.03,6.04,6.05,6.06,6.07,6.08,6.09,6.1,4600,2100,9900,10200,5700,300,7900,2200,20400,20400,4300,2500,6100,6000,8000,15800,6000,41100,1000,3400
410.0,5.99,154900,928949.0,5.99,5.98,5.97,5.96,5.95,5.94,5.93,5.92,5.91,5.9,6.0,6.01,6.03,6.04,6.05,6.06,6.07,6.08,6.09,6.1,4600,2100,9900,10200,5700,300,7900,2200,20400,20400,4300,2500,6100,6000,8000,15800,6000,41100,1000,3400
411.0,5.99,154900,928949.0,5.99,5.98,5.97,5.96,5.95,5.94,5.93,5.92,5.91,5.9,6.0,6.01,6.03,6.04,6.05,6.06,6.07,6.08,6.09,6.1,4600,2100,9900,10200,5700,300,7900,2200,20400,20400,4300,2500,6100,6000,8000,15800,6000,41100,1000,3400
412.0,5.99,154900,928949.0,5.99,5.98,5.97,5.96,5.95,5.94,5.93,5.92,5.91,5.9,6.0,6.01,6.03,6.04,6.05,6.06,6.07,6.08,6.09,6.1,4600,2100,9900,10200,5700,300,7900,2200,20400,20400,4300,2500,6100,6000,8000,15800,6000,41100,1000,3400
413.0,6.0,155300,931349.0,5.99,5.98,5.97,5.96,5.95,5.94,5.93,5.92,5.91,5.9,6.0,6.01,6.03,6.04,6.05,6.06,6.07,6.08,6.09,6.1,4600,2100,9900,10200,5700,300,7900,2200,20400,20400,3900,2500,6100,6000,8000,15800,6000,41100,1000,3400
414.0,6.0,155300,931349.0,5.99,5.98,5.97,5.96,5.95,5.94,5.93,5.92,5.91,5.9,6.0,6.01,6.03,6.04,6.05,6.06,6.07,6.08,6.09,6.1,4600,2100,9900,10200,5700,300,7900,2200,20400,20400,3900,2500,6100,6000,8000,15800,6000,41100,1000,3400
415.0,5.99,155500,932547.0,5.99,5.98,5.97,5.96,5.95,5.94,5.93,5.92,5.91,5.9,6.0,6.01,6.03,6.04,6.05,6.06,6.07,6.08,6.09,6.1,4400,2100,9900,10200,5700,300,7900,2200,20400,20400,3900,2500,6100,6000,8000,15800,6000,41100,1000,3400
416.0,5.99,155500,932547.0,5.99,5.98,5.97,5.96,5.95,5.94,5.93,5.92,5.91,5.9,6.0,6.01,6.03,6.04,6.05,6.06,6.07,6.08,6.09,6.1,4400,2100,9900,10200,5700,300,7900,2200,20400,20400,3900,2500,6100,6000,8000,15800,6000,41100,1000,3400
417.0,5.99,155500,932547.0,5.99,5.98,5.97,5.96,5.95,5.94,5.93,5.92,5.91,5.9,6.0,6.01,6.03,6.04,6.05,6.06,6.07,6.08,6.09,6.1,4400,2100,9900,10200,5700,300,7900,2200,20400,20400,3900,2500,6100,6000,8000,15800,6000,41100,1000,3400
418.0,5.99,155500,932547.0,5.99,5.98,5.97,5.96,5.95,5.94,5.93,5.92,5.91,5.9,6.0,6.01,6.03,6.04,6.05,6.06,6.07,6.08,6.09,6.1,4400,2100,9900,10200,5700,300,7900,2200,20400,20400,3900,2500,6100,6000,8000,15800,6000,41100,1000,3400
419.0,5.99,155500,932547.0,5.99,5.98,5.97,5.96,5.95,5.94,5.93,5.92,5.91,5.9,6.0,6.01,6.03,6.04,6.05,6.06,6.07,6.08,6.09,6.1,4700,2100,12900,10200,5700,300,7900,2200,20400,20400,3900,2500,6100,6000,8000,15800,6000,41100,1000,3400
420.0,6.0,155800,934347.0,5.99,5.98,5.97,5.96,5.95,5.94,5.93,5.92,5.91,5.9,6.0,6.01,6.03,6.04,6.05,6.06,6.07,6.08,6.09,6.1,4700,2100,12900,10200,5700,300,7900,2200,20400,20400,3600,2500,6100,6000,8000,15800,6000,41100,1000,3400
421.0,6.0,155800,934347.0,5.99,5.98,5.97,5.96,5.95,5.94,5.93,5.92,5.91,5.9,6.0,6.01,6.03,6.04,6.05,6.06,6.07,6.08,6.09,6.1,4700,2100,12900,10200,5700,300,7900,2200,20400,20400,3600,2500,6100,6000,8000,15800,6000,41100,1000,3400
422.0,6.0,156400,937947.0,5.99,5.98,5.97,5.96,5.95,5.94,5.93,5.92,5.91,5.9,6.0,6.01,6.03,6.04,6.05,6.06,6.07,6.08,6.09,6.1,4700,2100,12900,10200,5700,300,7900,2200,20400,20400,3100,2500,6100,6000,8000,15800,6000,41100,1000,3400
423.0,6.0,156400,937947.0,5.99,5.98,5.97,5.96,5.95,5.94,5.93,5.92,5.91,5.9,6.0,6.01,6.03,6.04,6.05,6.06,6.07,6.08,6.09,6.1,4700,2100,12900,10200,5700,300,7900,2200,20400,20400,3100,2500,6100,6000,8000,15800,6000,41100,1000,3400
424.0,6.0,156400,937947.0,5.99,5.98,5.97,5.96,5.95,5.94,5.93,5.92,5.91,5.9,6.0,6.01,6.03,6.04,6.05,6.06,6.07,6.08,6.09,6.1,4700,2100,12900,10200,5700,300,7900,2200,20400,20400,3100,2500,6100,6000,8000,15800,6000,41100,1000,3400
425.0,6.0,156400,937947.0,5.99,5.98,5.97,5.96,5.95,5.94,5.93,5.92,5.91,5.9,6.0,6.01,6.03,6.04,6.05,6.06,6.07,6.08,6.09,6.1,4700,2100,12900,10200,5700,300,7900,2200,20400,20400,3100,2500,6100,6000,8000,15800,6000,41100,1000,3400
426.0,6.0,156400,937947.0,5.99,5.98,5.97,5.96,5.95,5.94,5.93,5.92,5.91,5.9,6.0,6.01,6.03,6.04,6.05,6.06,6.07,6.08,6.09,6.1,4700,2100,12900,10200,5700,300,7900,2200,20400,20400,3100,2500,6100,6000,8000,15800,6000,41100,1000,3400
427.0,6.0,156700,939747.0,5.99,5.98,5.97,5.96,5.95,5.94,5.93,5.92,5.91,5.9,6.0,6.01,6.03,6.04,6.05,6.06,6.07,6.08,6.09,6.1,4700,2100,12900,10200,5700,300,7900,2200,20400,20400,2800,2500,6100,6000,8000,15800,6000,41100,1000,3400
428.0,6.0,156700,939747.0,5.99,5.98,5.97,5.96,5.95,5.94,5.93,5.92,5.91,5.9,6.0,6.01,6.03,6.04,6.05,6.06,6.07,6.08,6.09,6.1,4700,2100,12900,10200,5700,300,7900,2200,20400,20400,2800,2500,6100,6000,8000,15800,6000,41100,1000,3400
429.0,6.0,156900,940947.0,5.99,5.98,5.97,5.96,5.95,5.94,5.93,5.92,5.91,5.9,6.0,6.01,6.03,6.04,6.05,6.06,6.07,6.08,6.09,6.1,4700,2100,12900,10200,5700,300,7900,2200,20400,20400,2600,2500,6100,6000,8000,15800,6000,41100,1000,3400
430.0,6.0,156900,940947.0,5.99,5.98,5.97,5.96,5.95,5.94,5.93,5.92,5.91,5.9,6.0,6.01,6.03,6.04,6.05,6.06,6.07,6.08,6.09,6.1,4700,2100,12900,10200,5700,300,7900,2200,20400,20400,2600,2500,6100,6000,8000,15800,6000,41100,1000,3400
431.0,6.0,156900,940947.0,5.99,5.98,5.97,5.96,5.95,5.94,5.93,5.92,5.91,5.9,6.0,6.01,6.03,6.04,6.05,6.06,6.07,6.08,6.09,6.1,4700,2100,12900,10200,5700,300,7900,2200,20400,20400,2600,2500,6100,6000,8000,15800,6000,41100,1000,3400
432.0,6.0,157100,942147.0,5.99,5.98,5.97,5.96,5.95,5.94,5.93,5.92,5.91,5.9,6.0,6.01,6.03,6.04,6.05,6.06,6.07,6.08,6.09,6.1,4700,2100,12900,10200,5700,300,7900,2200,20400,20400,2400,2500,6100,6000,8000,15800,6000,41100,1000,3400
433.0,6.0,157100,942147.0,5.99,5.98,5.97,5.96,5.95,5.94,5.93,5.92,5.91,5.9,6.0,6.01,6.03,6.04,6.05,6.06,6.07,6.08,6.09,6.1,6700,2100,12900,10200,5700,300,7900,2200,20400,20400,2400,2500,6100,6000,8000,15800,6000,41100,1000,3400
434.0,6.0,157100,942147.0,5.99,5.98,5.97,5.96,5.95,5.94,5.93,5.92,5.91,5.9,6.0,6.01,6.03,6.04,6.05,6.06,6.07,6.08,6.09,6.1,6700,2100,12900,10700,5700,300,7900,2200,20400,20400,2400,2500,6100,6000,8000,15800,6000,41100,1000,3400
435.0,6.0,157300,943347.0,5.99,5.98,5.97,5.96,5.95,5.94,5.93,5.92,5.91,5.9,6.0,6.01,6.03,6.04,6.05,6.06,6.07,6.08,6.09,6.1,6700,2100,12900,10700,5700,300,7900,2200,20400,20400,2200,2500,6100,6000,8000,15800,6000,41100,1000,3400
436.0,6.0,157500,944547.0,5.99,5.98,5.97,5.96,5.95,5.94,5.93,5.92,5.91,5.9,6.0,6.01,6.03,6.04,6.05,6.06,6.07,6.08,6.09,6.1,6700,2100,12900,10700,5700,300,7900,2200,20400,20400,2000,2500,6100,6000,8000,15800,6000,41100,1000,3400
437.0,6.0,157900,946947.0,5.99,5.98,5.97,5.96,5.95,5.94,5.93,5.92,5.91,5.9,6.0,6.01,6.03,6.04,6.05,6.06,6.07,6.08,6.09,6.1,6700,2100,12900,10700,5700,300,7900,2200,20400,20400,1600,2500,6100,6000,8000,15800,6000,41100,1000,3400
