LocalTime,LastPrice,TradeVolume,TradeValue,BidPrice1,BidPrice2,BidPrice3,BidPrice4,BidPrice5,BidPrice6,BidPrice7,BidPrice8,BidPrice9,BidPriceA,AskPrice1,AskPrice2,AskPrice3,AskPrice4,AskPrice5,AskPrice6,AskPrice7,AskPrice8,AskPrice9,AskPriceA,BidVolume1,BidVolume2,BidVolume3,BidVolume4,BidVolume5,BidVolume6,BidVolume7,BidVolume8,BidVolume9,BidVolumeA,AskVolume1,AskVolume2,AskVolume3,AskVolume4,AskVolume5,AskVolume6,AskVolume7,AskVolume8,AskVolume9,AskVolumeA
0.0,19.72,7600,149872.0,19.72,19.7,19.67,19.66,19.64,19.57,19.56,19.51,19.5,19.49,19.73,19.79,19.8,19.85,19.86,19.93,19.95,19.96,19.98,19.99,1600,1400,4400,2000,600,300,500,19000,3500,200,200,800,2300,6200,500,7400,200,500,200,1600
1.0,19.73,8800,173538.0,19.74,19.73,19.72,19.7,19.67,19.66,19.64,19.57,19.56,19.51,19.79,19.8,19.85,19.86,19.93,19.95,19.96,19.98,19.99,20.0,9900,600,800,1400,4400,2000,600,300,500,19000,800,2300,6200,500,7400,200,500,200,1600,3000
2.0,19.74,10000,197226.0,19.74,19.73,19.72,19.7,19.67,19.66,19.64,19.57,19.56,19.51,19.79,19.8,19.85,19.86,19.93,19.95,19.96,19.98,19.99,20.0,8700,900,800,1400,4400,2000,600,300,500,19000,800,2300,6200,500,7400,200,500,200,2600,3000
3.0,19.74,10800,213018.0,19.74,19.73,19.72,19.7,19.67,19.66,19.65,19.64,19.57,19.56,19.79,19.8,19.82,19.84,19.85,19.86,19.93,19.95,19.96,19.98,7900,1900,1100,1400,4400,2000,800,600,300,500,800,2300,5000,14800,6200,1400,7400,200,500,200
4.0,19.74,11100,218940.0,19.74,19.73,19.72,19.7,19.67,19.66,19.65,19.64,19.57,19.56,19.79,19.8,19.82,19.84,19.85,19.86,19.93,19.95,19.96,19.98,7600,1900,3100,1400,4400,2000,800,600,300,500,800,3300,5000,14800,6200,1400,7400,200,500,200
5.0,19.74,12300,242628.0,19.74,19.73,19.72,19.7,19.67,19.66,19.65,19.64,19.63,19.57,19.75,19.79,19.8,19.82,19.84,19.85,19.86,19.93,19.95,19.96,6400,2400,3100,1400,4400,2000,800,600,300,300,1000,800,3300,5000,14800,6200,1400,7400,200,500
6.0,19.79,13500,266336.0,19.74,19.73,19.72,19.7,19.67,19.66,19.65,19.64,19.63,19.58,19.79,19.8,19.82,19.84,19.85,19.86,19.93,19.95,19.96,19.98,6400,2700,3100,2700,4400,2000,800,600,300,1300,600,3300,5000,14800,6200,1400,7400,200,500,1000
7.0,19.74,15200,299904.0,19.74,19.73,19.72,19.7,19.67,19.66,19.64,19.63,19.6,19.58,19.79,19.8,19.82,19.84,19.85,19.86,19.93,19.95,19.96,19.98,4900,7700,3100,2700,4400,2000,600,4700,1000,1300,400,3300,5000,14800,6200,1400,7400,200,500,1000
8.0,19.74,15500,305836.0,19.74,19.73,19.72,19.7,19.67,19.66,19.64,19.63,19.6,19.58,19.78,19.79,19.8,19.82,19.84,19.85,19.86,19.92,19.93,19.95,4800,7700,3100,2700,4400,2000,600,4700,1000,1300,200,200,3300,5000,14800,6200,1400,5000,7400,200
9.0,19.74,16300,321628.0,19.74,19.73,19.72,19.71,19.7,19.68,19.67,19.66,19.64,19.63,19.78,19.79,19.8,19.82,19.84,19.85,19.86,19.92,19.93,19.95,4000,7700,3100,1000,2700,300,4400,2000,600,4700,200,200,3300,5000,14800,6200,1400,5000,7400,200
10.0,19.74,21700,428221.0,19.73,19.72,19.71,19.7,19.68,19.67,19.66,19.64,19.63,19.6,19.74,19.77,19.78,19.79,19.8,19.82,19.84,19.85,19.86,19.92,7400,3100,1000,2700,300,4400,2000,600,4700,1000,5200,1200,200,200,3300,5000,14800,6200,1400,5000
11.0,19.74,21900,432169.0,19.73,19.72,19.71,19.7,19.68,19.67,19.66,19.64,19.63,19.6,19.74,19.77,19.78,19.79,19.8,19.82,19.84,19.85,19.86,19.92,7800,3200,1000,2700,300,4400,2000,600,4700,1000,5400,1200,200,200,3300,5000,14800,6200,1400,5000
12.0,19.74,23200,457831.0,19.73,19.72,19.71,19.7,19.68,19.67,19.66,19.64,19.63,19.6,19.74,19.77,19.78,19.79,19.8,19.82,19.84,19.85,19.86,19.92,7800,3200,1000,2700,300,4400,2000,600,4700,1000,6100,1200,200,200,3300,5000,14800,6200,1400,5000
13.0,19.74,26000,513103.0,19.73,19.72,19.71,19.7,19.68,19.67,19.66,19.64,19.63,19.6,19.74,19.77,19.78,19.79,19.8,19.82,19.84,19.85,19.86,19.93,9300,3200,1000,2700,300,4400,2000,600,4700,1000,3300,1200,200,200,3300,5000,14800,6200,1400,7400
14.0,19.74,29300,578245.0,19.74,19.73,19.72,19.71,19.7,19.68,19.67,19.66,19.64,19.63,19.78,19.8,19.82,19.84,19.85,19.86,19.93,19.95,19.96,19.98,2800,10900,3200,1000,2700,300,4400,2000,600,4700,200,3300,5000,14800,6200,1400,7400,200,2500,1000
15.0,19.74,29300,578245.0,19.74,19.73,19.72,19.71,19.7,19.68,19.67,19.66,19.64,19.63,19.78,19.8,19.82,19.84,19.85,19.86,19.93,19.95,19.96,19.98,3500,10900,3200,1000,2700,300,4400,2000,600,4700,200,3300,5000,14800,6200,1400,7400,200,2500,1000
16.0,19.74,29300,578245.0,19.75,19.74,19.73,19.72,19.71,19.7,19.68,19.67,19.66,19.64,19.78,19.8,19.82,19.84,19.85,19.86,19.93,19.95,19.96,19.98,200,5700,10900,3200,1000,2700,300,4400,2000,600,200,3300,5000,14800,6200,1400,7400,200,2500,1000
17.0,19.78,29400,580223.0,19.75,19.74,19.73,19.72,19.71,19.7,19.68,19.67,19.66,19.64,19.78,19.8,19.82,19.84,19.85,19.86,19.93,19.95,19.96,19.98,300,6200,10900,3200,1000,2700,300,4400,2000,600,100,3300,5000,14800,6200,1400,7400,200,2500,1000
18.0,19.78,29400,580223.0,19.75,19.74,19.73,19.72,19.71,19.7,19.68,19.67,19.66,19.64,19.78,19.8,19.82,19.84,19.85,19.86,19.93,19.95,19.96,19.98,300,6200,10400,3200,1000,2700,300,4400,2000,600,100,3300,5000,14800,6200,1400,7400,200,2500,1000
19.0,19.78,29500,582201.0,19.78,19.75,19.74,19.73,19.72,19.71,19.7,19.68,19.67,19.66,19.8,19.82,19.84,19.85,19.86,19.93,19.95,19.96,19.98,19.99,1600,300,6200,10400,3200,1000,2700,300,4400,2000,3300,5000,14800,6200,1400,7400,200,2500,1000,16200
20.0,19.82,37800,746641.0,19.8,19.78,19.75,19.74,19.73,19.72,19.71,19.7,19.68,19.67,19.84,19.85,19.86,19.93,19.95,19.96,19.98,19.99,20.0,20.01,700,2000,300,6100,10400,3100,1000,2700,300,4400,14800,6200,1400,7400,200,2500,1000,16200,3400,1000
21.0,19.82,37800,746641.0,19.8,19.78,19.75,19.74,19.73,19.72,19.71,19.7,19.68,19.67,19.84,19.85,19.86,19.93,19.95,19.96,19.98,19.99,20.0,20.01,700,2000,300,6700,10400,2900,1000,2700,300,4400,14800,6200,500,7400,200,2500,1000,16200,3400,1000
22.0,19.82,37800,746641.0,19.81,19.8,19.78,19.75,19.74,19.73,19.72,19.71,19.7,19.68,19.84,19.85,19.86,19.93,19.95,19.96,19.98,19.99,20.0,20.01,4000,700,2000,300,6800,10400,2900,1000,2700,300,14800,6200,500,7400,200,2500,1000,16200,3400,1000
23.0,19.84,37900,748625.0,19.81,19.8,19.78,19.76,19.75,19.74,19.73,19.72,19.71,19.7,19.84,19.85,19.86,19.93,19.95,19.96,19.98,19.99,20.0,20.01,4000,700,1900,200,300,6800,10400,2900,1000,2700,14700,6200,500,7400,200,2500,1000,16200,3400,1000
24.0,19.84,37900,748625.0,19.81,19.8,19.78,19.76,19.75,19.74,19.73,19.72,19.71,19.7,19.84,19.85,19.86,19.93,19.95,19.96,19.98,19.99,20.0,20.01,4000,700,1900,200,300,6800,10400,2900,1000,2700,14700,6200,500,7400,200,2500,1000,16200,3400,1000
25.0,19.84,37900,748625.0,19.81,19.8,19.78,19.76,19.75,19.74,19.73,19.72,19.71,19.7,19.84,19.85,19.86,19.93,19.95,19.96,19.98,19.99,20.0,20.01,4000,700,1900,200,300,6100,10400,2900,1000,2700,14700,6200,500,7400,200,2500,1000,16200,3400,1000
26.0,19.84,40500,800191.0,19.82,19.8,19.78,19.76,19.75,19.74,19.73,19.72,19.71,19.7,19.84,19.85,19.86,19.93,19.95,19.96,19.98,19.99,20.0,20.01,400,800,1900,200,300,6100,10400,2900,1000,2700,12700,6200,500,7400,200,2500,1000,16200,3400,1000
27.0,19.84,47100,931135.0,19.83,19.82,19.8,19.78,19.76,19.75,19.74,19.73,19.72,19.71,19.84,19.85,19.86,19.93,19.95,19.96,19.98,19.99,20.0,20.01,1600,400,800,1900,200,300,5700,5400,2900,1000,6100,6200,500,7400,200,2500,1000,16200,3400,1000
28.0,19.84,50500,998591.0,19.83,19.82,19.8,19.78,19.76,19.75,19.74,19.73,19.72,19.71,19.84,19.85,19.86,19.93,19.95,19.96,19.98,19.99,20.0,20.01,1600,600,800,1900,200,300,5400,5100,2900,1000,2700,6200,500,7400,200,2500,1000,16200,3400,1000
29.0,19.84,53100,1050175.0,19.83,19.82,19.8,19.78,19.76,19.75,19.74,19.73,19.72,19.71,19.84,19.85,19.86,19.93,19.95,19.96,19.98,19.99,20.0,20.01,1700,600,800,1900,200,300,3400,5100,2900,1000,100,6200,500,7400,200,2500,1000,16200,3400,1000
30.0,19.84,53200,1052159.0,19.84,19.83,19.82,19.8,19.78,19.76,19.75,19.74,19.73,19.72,19.85,19.86,19.93,19.95,19.96,19.98,19.99,20.0,20.01,20.02,4500,1700,600,800,1900,200,300,2700,5100,2900,6200,500,7400,200,2500,1000,16200,3400,1000,1100
31.0,19.86,61200,1210951.0,19.85,19.84,19.83,19.82,19.8,19.78,19.76,19.75,19.74,19.73,19.93,19.95,19.96,19.98,19.99,20.0,20.01,20.02,20.05,20.08,500,4000,1700,600,800,2700,200,300,2700,5100,7400,200,2500,1000,16200,3400,1000,1100,200,200
32.0,19.86,61200,1210951.0,19.85,19.84,19.83,19.82,19.8,19.78,19.76,19.75,19.74,19.73,19.92,19.93,19.95,19.96,19.98,19.99,20.0,20.01,20.02,20.05,500,4000,1700,600,800,2700,200,300,2600,5100,1000,7400,200,2500,1000,16200,3400,1000,1100,200
33.0,19.86,61200,1210951.0,19.85,19.84,19.83,19.82,19.8,19.78,19.76,19.75,19.74,19.73,19.92,19.93,19.95,19.96,19.98,19.99,20.0,20.01,20.02,20.05,2000,4000,1700,600,800,2600,200,300,2600,5100,1000,7400,200,2500,1000,16200,3400,1000,1100,200
34.0,19.92,61300,1212943.0,19.87,19.86,19.85,19.84,19.83,19.82,19.8,19.78,19.76,19.75,19.92,19.93,19.95,19.96,19.98,19.99,20.0,20.01,20.02,20.05,500,700,2000,4000,1700,600,800,1400,200,300,900,7400,200,2500,1000,16200,3400,1000,1100,200
35.0,19.92,61300,1212943.0,19.87,19.86,19.85,19.84,19.83,19.82,19.8,19.78,19.76,19.75,19.93,19.95,19.96,19.98,19.99,20.0,20.01,20.02,20.05,20.08,500,800,2000,4000,1700,600,800,1400,200,300,7400,200,2500,1000,16200,3400,1000,1100,200,200
36.0,19.92,61300,1212943.0,19.87,19.86,19.85,19.84,19.83,19.82,19.8,19.78,19.76,19.75,19.93,19.95,19.96,19.98,19.99,20.0,20.01,20.02,20.05,20.08,500,800,1400,3600,1700,600,800,1400,200,300,7400,200,2500,1000,16200,3400,1000,1100,200,200
37.0,19.93,61800,1222908.0,19.92,19.88,19.87,19.86,19.85,19.84,19.83,19.82,19.8,19.78,19.93,19.95,19.96,19.98,19.99,20.0,20.01,20.02,20.05,20.08,100,2300,500,800,2200,3600,1700,600,800,1400,6900,200,2500,1000,16200,3400,1000,1100,200,200
38.0,19.92,61900,1224900.0,19.88,19.87,19.86,19.85,19.84,19.83,19.82,19.8,19.78,19.76,19.93,19.95,19.96,19.98,19.99,20.0,20.01,20.02,20.05,20.08,2300,500,800,1400,3600,1700,600,800,1400,200,6900,200,2500,1000,16200,3400,1000,1100,200,200
39.0,19.93,62400,1234865.0,19.88,19.87,19.86,19.85,19.84,19.83,19.82,19.8,19.78,19.76,19.93,19.95,19.96,19.98,19.99,20.0,20.01,20.02,20.05,20.08,2300,500,800,1400,3600,1700,600,800,1400,200,6400,200,2500,1000,16200,3400,1000,1100,200,200
40.0,19.93,63700,1260774.0,19.88,19.87,19.86,19.85,19.84,19.83,19.82,19.8,19.78,19.76,19.93,19.95,19.96,19.98,19.99,20.0,20.01,20.02,20.05,20.08,2300,500,800,1400,3600,1700,600,800,1400,200,5100,200,2500,1000,16200,3400,1000,1100,200,200
41.0,19.93,63900,1264760.0,19.88,19.87,19.86,19.85,19.84,19.83,19.82,19.8,19.78,19.76,19.93,19.95,19.96,19.98,19.99,20.0,20.01,20.02,20.05,20.08,2300,500,900,1400,3600,1700,600,800,1400,200,4900,200,2500,1500,16200,3400,1000,1100,200,200
42.0,19.88,64300,1272712.0,19.88,19.87,19.86,19.85,19.84,19.83,19.82,19.8,19.78,19.76,19.92,19.93,19.95,19.96,19.98,19.99,20.0,20.01,20.02,20.05,1900,500,900,1400,3600,1700,600,800,1400,200,5000,5000,200,2500,1500,16200,3400,1000,1100,200
43.0,19.92,64800,1282672.0,19.87,19.86,19.85,19.83,19.82,19.8,19.78,19.76,19.75,19.74,19.91,19.92,19.93,19.94,19.95,19.96,19.98,19.99,20.0,20.01,600,200,1400,1700,600,800,1400,200,300,4000,1000,4500,5000,300,200,2500,1500,16200,3400,1000
44.0,19.87,64900,1284659.0,19.87,19.86,19.85,19.83,19.82,19.8,19.78,19.76,19.75,19.74,19.91,19.92,19.93,19.94,19.95,19.96,19.98,19.99,20.0,20.01,5500,200,1400,1700,600,800,1400,200,300,4000,1000,4500,5000,300,200,2500,1500,16200,4300,1000
45.0,19.92,66500,1316496.0,19.87,19.86,19.85,19.83,19.82,19.8,19.78,19.76,19.75,19.74,19.92,19.93,19.94,19.95,19.96,19.98,19.99,20.0,20.01,20.02,5000,200,1400,1700,600,800,1400,200,300,4000,4400,5000,300,200,2500,1500,16200,4300,1000,1100
46.0,19.87,67000,1326431.0,19.87,19.86,19.85,19.83,19.82,19.8,19.78,19.76,19.75,19.74,19.91,19.92,19.93,19.94,19.95,19.96,19.98,19.99,20.0,20.01,4500,200,500,1700,600,800,1400,200,800,2600,3100,4400,5000,300,200,2500,1700,16200,4300,1000
47.0,19.87,69200,1370149.0,19.87,19.86,19.85,19.83,19.82,19.8,19.78,19.76,19.75,19.74,19.91,19.92,19.93,19.94,19.95,19.96,19.98,19.99,20.0,20.01,2400,200,500,1700,600,800,1400,200,1100,2600,3000,4400,5000,300,200,2500,1700,16200,4300,1000
48.0,19.87,69400,1374123.0,19.87,19.86,19.85,19.83,19.82,19.8,19.78,19.76,19.75,19.74,19.91,19.92,19.93,19.94,19.95,19.96,19.98,19.99,20.0,20.01,2200,200,500,1700,600,800,1400,200,1100,2600,3000,4400,5000,300,200,2500,1700,16200,4300,1000
49.0,19.87,69600,1378097.0,19.87,19.86,19.85,19.83,19.82,19.8,19.78,19.76,19.75,19.74,19.91,19.92,19.93,19.94,19.95,19.96,19.98,19.99,20.0,20.01,2300,200,500,1700,600,800,1400,200,1100,2600,3000,4400,6000,300,200,2500,1700,16200,4300,1000
50.0,19.87,72700,1439682.0,19.83,19.82,19.8,19.78,19.76,19.75,19.74,19.73,19.72,19.71,19.87,19.91,19.92,19.93,19.94,19.95,19.96,19.98,19.99,20.0,1700,600,800,1400,200,1100,2600,4100,2900,1000,100,3000,4400,6000,300,200,2500,1700,16200,4300
51.0,19.91,73800,1461579.0,19.83,19.82,19.8,19.78,19.76,19.75,19.74,19.73,19.72,19.71,19.9,19.91,19.92,19.93,19.94,19.95,19.96,19.98,19.99,20.0,1700,600,800,1800,200,1100,2600,4100,2900,1000,1000,2000,4400,6000,300,200,2500,1700,16200,4300
52.0,19.87,75600,1497337.0,19.83,19.82,19.8,19.78,19.76,19.75,19.74,19.73,19.72,19.71,19.87,19.9,19.91,19.92,19.93,19.94,19.95,19.96,19.98,19.99,1500,600,800,1800,200,1100,2600,4100,2900,1000,3400,1000,2000,4400,6000,300,200,2500,1700,16200
53.0,19.83,75900,1503286.0,19.83,19.82,19.8,19.78,19.76,19.75,19.74,19.73,19.72,19.71,19.87,19.9,19.91,19.92,19.93,19.94,19.95,19.96,19.98,19.99,1200,600,800,1800,200,1100,2600,4100,2800,1000,3400,1000,2200,4400,6000,300,200,2500,1700,16200
54.0,19.87,79400,1572827.0,19.88,19.87,19.83,19.82,19.8,19.78,19.76,19.75,19.74,19.73,19.9,19.91,19.92,19.93,19.94,19.95,19.96,19.98,19.99,20.0,1100,700,1100,600,800,1400,200,800,2600,4100,1000,2200,4400,6000,300,200,2500,1700,16200,4300
55.0,19.87,79400,1572827.0,19.88,19.87,19.83,19.82,19.8,19.78,19.76,19.75,19.74,19.73,19.9,19.91,19.92,19.93,19.94,19.95,19.96,19.98,19.99,20.0,1100,700,1100,600,800,1400,200,800,2600,4100,1000,2200,4400,6000,300,200,2500,1700,16200,4300
56.0,19.87,79400,1572827.0,19.88,19.87,19.83,19.82,19.8,19.78,19.76,19.75,19.74,19.73,19.9,19.91,19.92,19.93,19.94,19.95,19.96,19.98,19.99,20.0,1100,700,1100,600,800,1400,200,800,2600,4100,1000,2200,6400,6000,300,200,2500,1700,16200,4300
57.0,19.9,79700,1578795.0,19.88,19.87,19.83,19.82,19.8,19.78,19.76,19.75,19.74,19.73,19.9,19.91,19.92,19.93,19.94,19.95,19.96,19.98,19.99,20.0,1000,700,1100,600,800,1400,200,800,2600,4100,800,2200,6400,6000,300,200,2500,1700,16200,4300
58.0,19.9,79700,1578795.0,19.88,19.87,19.83,19.82,19.8,19.78,19.76,19.75,19.74,19.73,19.9,19.91,19.92,19.93,19.94,19.95,19.96,19.98,19.99,20.0,1000,700,1100,600,800,1400,200,800,2600,4100,800,2400,6400,6000,300,200,2500,1700,16200,4300
59.0,19.88,80400,1592711.0,19.88,19.87,19.83,19.82,19.8,19.78,19.76,19.75,19.74,19.73,19.9,19.91,19.92,19.93,19.94,19.95,19.96,19.98,19.99,20.0,300,700,1100,600,800,1400,200,800,2600,4100,800,2400,6400,6000,300,700,2500,1700,16700,4300
60.0,19.88,80400,1592711.0,19.88,19.87,19.83,19.82,19.8,19.78,19.76,19.75,19.74,19.73,19.9,19.91,19.92,19.93,19.94,19.95,19.96,19.98,19.99,20.0,300,700,1100,600,800,1400,200,800,2600,4100,800,2900,6400,6000,300,700,2500,1700,16700,4300
61.0,19.88,83500,1654337.0,19.88,19.87,19.83,19.82,19.8,19.78,19.76,19.75,19.74,19.73,19.9,19.91,19.92,19.93,19.94,19.95,19.96,19.98,19.99,20.0,500,500,1100,600,800,1400,200,800,2600,4100,800,2900,6400,6000,300,700,2500,1700,16700,4300
62.0,19.9,83600,1656327.0,19.88,19.87,19.83,19.82,19.8,19.78,19.76,19.75,19.74,19.73,19.9,19.91,19.92,19.93,19.94,19.95,19.96,19.98,19.99,20.0,500,500,1100,600,800,1400,200,800,2600,4100,700,2900,6400,6000,14300,700,2500,1700,16700,4300
63.0,19.88,84100,1666267.0,19.87,19.83,19.82,19.8,19.78,19.76,19.75,19.74,19.73,19.72,19.88,19.9,19.91,19.92,19.93,19.94,19.95,19.96,19.98,19.99,2500,1100,600,800,1400,200,800,2500,4100,2800,4500,700,2900,6400,6000,14300,700,2500,1700,16700
64.0,19.88,84200,1668255.0,19.87,19.83,19.82,19.8,19.78,19.76,19.75,19.74,19.73,19.72,19.88,19.9,19.91,19.92,19.93,19.94,19.95,19.96,19.98,19.99,2800,1100,600,800,1400,200,800,2500,4100,2800,4400,700,2900,6400,5900,14300,700,2500,1700,16700
65.0,19.88,85800,1700058.0,19.87,19.83,19.82,19.8,19.79,19.78,19.76,19.75,19.74,19.73,19.88,19.9,19.91,19.92,19.93,19.94,19.95,19.96,19.98,19.99,2300,1100,600,800,1500,1400,200,800,2500,4400,3300,700,2900,6400,5900,14300,700,3000,1700,16700
66.0,19.87,86000,1704032.0,19.87,19.83,19.82,19.8,19.79,19.78,19.76,19.75,19.74,19.73,19.88,19.9,19.91,19.92,19.93,19.94,19.95,19.96,19.98,19.99,2100,1100,600,800,1500,400,200,800,2500,4400,3300,700,900,6400,5900,14300,700,3000,1700,16700
67.0,19.88,87100,1725898.0,19.87,19.83,19.82,19.8,19.79,19.78,19.76,19.75,19.74,19.73,19.88,19.9,19.91,19.92,19.93,19.94,19.95,19.96,19.98,19.99,1900,1100,600,800,1500,300,200,600,2500,4400,2400,700,900,6400,5900,14300,1200,3000,1700,16700
68.0,19.87,88800,1759677.0,19.87,19.83,19.82,19.8,19.79,19.78,19.76,19.75,19.74,19.73,19.88,19.9,19.91,19.92,19.93,19.94,19.95,19.96,19.98,19.99,200,1100,600,800,1500,300,200,600,2500,4100,2400,700,900,6400,5900,14300,1200,3000,1700,16700
69.0,19.87,89000,1763651.0,19.83,19.82,19.8,19.79,19.78,19.76,19.75,19.74,19.73,19.72,19.87,19.88,19.9,19.91,19.92,19.93,19.94,19.95,19.96,19.98,1100,600,800,1500,300,200,600,2500,4100,2800,2700,2400,1700,900,6400,5900,14300,1200,3000,1700
70.0,19.87,89000,1763651.0,19.83,19.82,19.8,19.79,19.78,19.76,19.75,19.74,19.73,19.72,19.87,19.88,19.9,19.91,19.92,19.93,19.94,19.95,19.96,19.98,1100,600,800,1500,300,200,600,2500,4100,2800,2700,2500,1700,900,6400,5900,14300,1200,3000,1700
71.0,19.87,89000,1763651.0,19.83,19.82,19.8,19.79,19.78,19.76,19.75,19.74,19.73,19.72,19.84,19.87,19.88,19.9,19.91,19.92,19.93,19.94,19.95,19.96,1100,600,800,1500,300,200,600,2500,3900,2800,100,2700,2500,1900,900,6400,5900,14300,1200,3000
72.0,19.87,90300,1789479.0,19.86,19.83,19.82,19.8,19.79,19.78,19.76,19.75,19.74,19.73,19.87,19.88,19.9,19.91,19.92,19.93,19.94,19.95,19.96,19.98,200,1100,600,800,1500,300,200,600,2500,2300,1500,2500,1900,900,6400,5900,14300,1200,3000,2200
73.0,19.87,90300,1789479.0,19.86,19.83,19.82,19.8,19.79,19.78,19.76,19.75,19.74,19.73,19.87,19.88,19.9,19.91,19.92,19.93,19.94,19.95,19.96,19.98,200,1100,600,800,1500,300,200,600,2500,2300,1500,2500,1900,900,6400,5900,14300,1200,3000,2200
74.0,19.87,90400,1791466.0,19.86,19.83,19.82,19.8,19.79,19.78,19.76,19.75,19.74,19.73,19.87,19.88,19.9,19.91,19.92,19.93,19.94,19.95,19.96,19.98,400,1100,600,800,1500,300,200,2600,3200,2300,2400,2500,1900,900,6400,5900,14300,1200,3000,2200
75.0,19.87,90400,1791466.0,19.86,19.83,19.82,19.8,19.79,19.78,19.77,19.76,19.75,19.74,19.87,19.88,19.9,19.91,19.92,19.93,19.94,19.95,19.96,19.98,400,1100,600,800,4000,1900,2500,800,7800,3200,2400,2500,1900,900,6400,5900,14300,1200,3000,2200
76.0,19.87,90400,1791466.0,19.86,19.83,19.82,19.8,19.79,19.78,19.77,19.76,19.75,19.74,19.87,19.88,19.9,19.91,19.92,19.93,19.94,19.95,19.96,19.98,400,1100,600,800,4000,1900,2500,800,7800,3200,2400,2500,1900,900,6400,5900,14300,1200,3000,2200
77.0,19.87,91400,1811336.0,19.86,19.83,19.82,19.81,19.8,19.79,19.78,19.77,19.76,19.75,19.87,19.88,19.9,19.91,19.92,19.93,19.94,19.95,19.96,19.98,400,1100,600,1000,2000,4300,300,2500,200,7800,1400,2500,1900,1200,6400,5900,14300,1200,3000,2200
78.0,19.87,91400,1811336.0,19.86,19.83,19.82,19.81,19.8,19.79,19.78,19.77,19.76,19.75,19.87,19.88,19.9,19.91,19.92,19.93,19.94,19.95,19.96,19.98,400,1100,600,1000,2000,4300,300,2500,200,7800,1400,2500,1900,1200,6400,5900,14300,1200,3000,2200
79.0,19.87,91400,1811336.0,19.86,19.83,19.82,19.81,19.8,19.79,19.78,19.77,19.76,19.75,19.87,19.88,19.9,19.91,19.92,19.93,19.94,19.95,19.96,19.98,400,1100,600,1000,2000,4300,300,2500,200,7800,1400,2500,1900,1200,6400,5900,14300,1200,3000,2200
80.0,19.88,93100,1845118.0,19.87,19.86,19.83,19.82,19.81,19.8,19.79,19.78,19.77,19.76,19.88,19.9,19.91,19.92,19.93,19.94,19.95,19.96,19.98,19.99,800,400,1100,1000,1200,2000,4100,300,2500,200,2200,1900,1200,6400,6900,14300,1200,3000,2200,16700
81.0,19.82,97900,1940423.0,19.82,19.81,19.8,19.79,19.78,19.77,19.76,19.75,19.74,19.73,19.88,19.9,19.91,19.92,19.93,19.94,19.95,19.96,19.98,19.99,200,1200,2100,4100,300,2500,200,7800,3200,2300,500,1900,1200,6400,6900,14300,1200,3000,2200,16700
82.0,19.82,97900,1940423.0,19.82,19.81,19.8,19.79,19.78,19.77,19.76,19.75,19.74,19.73,19.88,19.89,19.9,19.91,19.92,19.93,19.94,19.95,19.96,19.98,200,1200,2600,4100,300,2500,200,7800,3200,2300,500,600,1900,1200,6400,6900,14300,1200,3000,2200
83.0,19.89,99100,1964279.0,19.89,19.88,19.82,19.81,19.8,19.79,19.78,19.77,19.76,19.75,19.9,19.91,19.92,19.93,19.94,19.95,19.96,19.98,19.99,20.0,700,200,300,1200,2600,4100,300,2500,200,7800,1900,1200,4400,6900,14300,1200,3000,2200,16700,4300
84.0,19.89,99100,1964279.0,19.89,19.88,19.82,19.81,19.8,19.79,19.78,19.77,19.76,19.75,19.9,19.91,19.92,19.93,19.94,19.95,19.96,19.98,19.99,20.0,700,200,100,1200,2600,4100,300,2500,200,7800,1900,1200,4400,6900,14300,10300,3000,2200,16700,4300
85.0,19.89,99100,1964279.0,19.89,19.88,19.82,19.81,19.8,19.79,19.78,19.77,19.76,19.75,19.9,19.91,19.92,19.93,19.94,19.95,19.96,19.98,19.99,20.0,700,200,100,1200,2600,4100,300,2500,200,7800,1900,1200,4400,6900,14300,10300,3000,2200,16700,4300
86.0,19.89,99100,1964279.0,19.89,19.88,19.82,19.81,19.8,19.79,19.78,19.77,19.76,19.75,19.9,19.91,19.92,19.93,19.94,19.95,19.96,19.98,19.99,20.0,700,200,100,1200,1400,4100,300,2500,200,7800,1900,1200,4400,6900,14300,10300,4000,2200,16700,4300
87.0,19.89,99800,1978202.0,19.88,19.82,19.81,19.8,19.79,19.78,19.77,19.76,19.75,19.74,19.9,19.91,19.92,19.93,19.94,19.95,19.96,19.98,19.99,20.0,200,100,1200,1400,4100,300,2500,200,7800,3200,1900,1200,4400,6900,14300,10300,4000,2700,16700,4300
88.0,19.9,100200,1986162.0,19.88,19.82,19.81,19.8,19.79,19.78,19.77,19.76,19.75,19.74,19.9,19.91,19.92,19.93,19.94,19.95,19.96,19.98,19.99,20.0,200,100,1200,1400,4100,300,2500,200,7800,3200,1500,1200,4400,6900,14300,10300,4000,2700,16700,4300
89.0,19.9,100200,1986162.0,19.88,19.82,19.81,19.8,19.79,19.78,19.77,19.76,19.75,19.74,19.9,19.91,19.92,19.93,19.94,19.95,19.96,19.98,19.99,20.0,200,100,1200,1400,4100,300,2500,200,7800,3200,1600,1200,4400,6900,14300,10300,4000,2700,16700,4300
90.0,19.9,100200,1986162.0,19.88,19.82,19.81,19.8,19.79,19.78,19.77,19.76,19.75,19.74,19.9,19.91,19.92,19.93,19.94,19.95,19.96,19.98,19.99,20.0,200,100,1200,1400,4100,300,2500,200,7800,3200,1600,1200,4400,6900,14300,10300,4000,2700,16700,4300
91.0,19.9,100600,1994122.0,19.88,19.82,19.81,19.8,19.79,19.78,19.77,19.76,19.75,19.74,19.9,19.91,19.92,19.93,19.94,19.95,19.96,19.97,19.98,19.99,200,100,1200,1400,4100,300,2500,200,7800,3200,1200,1200,4400,6900,14300,10300,4000,600,2700,16700
92.0,19.9,100600,1994122.0,19.88,19.87,19.82,19.81,19.8,19.79,19.78,19.77,19.76,19.75,19.9,19.91,19.92,19.93,19.94,19.95,19.96,19.97,19.98,19.99,200,200,100,1200,1400,4100,300,2500,200,7800,1500,1200,4400,6900,14300,10300,4000,600,2700,16700
93.0,19.9,100600,1994122.0,19.88,19.87,19.82,19.81,19.8,19.79,19.78,19.77,19.76,19.75,19.89,19.9,19.91,19.92,19.93,19.94,19.95,19.96,19.97,19.98,200,200,100,1200,1400,4100,300,2500,200,7800,500,1500,1200,4400,6900,14300,10300,4000,600,2700
94.0,19.89,101100,2004067.0,19.88,19.87,19.82,19.81,19.8,19.79,19.78,19.77,19.76,19.75,19.9,19.91,19.92,19.93,19.94,19.95,19.96,19.97,19.98,19.99,200,300,100,1200,1400,4100,300,2500,200,7800,1500,1200,4400,6900,14300,10300,4000,600,3200,16700
95.0,19.81,102700,2035808.0,19.81,19.8,19.79,19.78,19.77,19.76,19.75,19.74,19.73,19.72,19.89,19.9,19.91,19.92,19.93,19.94,19.95,19.96,19.97,19.98,22200,1400,4100,300,2500,200,7800,3200,2300,2800,1700,1500,1200,4400,6900,14300,10300,4000,600,3200
96.0,19.81,103700,2055618.0,19.83,19.82,19.81,19.8,19.79,19.78,19.77,19.76,19.75,19.74,19.89,19.9,19.91,19.92,19.93,19.94,19.95,19.96,19.97,19.98,700,600,9600,1400,4100,300,2500,200,7800,3200,1700,1500,1200,4400,6900,14300,10300,4000,600,3200
97.0,19.81,103700,2055618.0,19.83,19.82,19.81,19.8,19.79,19.78,19.77,19.76,19.75,19.74,19.89,19.9,19.91,19.92,19.93,19.94,19.95,19.96,19.97,19.98,700,600,9600,1400,4100,300,2500,200,7800,3200,1700,1500,1200,4400,6900,14300,10300,4000,600,3200
98.0,19.81,103700,2055618.0,19.83,19.81,19.8,19.79,19.78,19.77,19.76,19.75,19.74,19.73,19.89,19.9,19.91,19.92,19.93,19.94,19.95,19.96,19.97,19.98,1200,200,1400,4100,300,2500,200,7800,3200,2300,1700,1500,1200,4400,6900,14300,10300,6000,600,3200
99.0,19.89,104500,2071518.0,19.83,19.81,19.8,19.79,19.78,19.77,19.76,19.75,19.74,19.73,19.88,19.89,19.9,19.91,19.92,19.93,19.94,19.95,19.96,19.97,1000,200,1400,4100,300,2500,200,7800,3200,2300,700,1100,1500,1200,4400,6900,14300,10300,6000,600
100.0,19.83,104600,2073501.0,19.83,19.8,19.79,19.78,19.77,19.76,19.75,19.74,19.73,19.72,19.88,19.89,19.9,19.91,19.92,19.93,19.94,19.95,19.96,19.97,500,1400,4100,300,2500,200,7800,3200,2300,2800,700,1100,1500,1200,4400,6900,14300,10300,6000,600
101.0,19.88,105300,2087417.0,19.88,19.83,19.8,19.79,19.78,19.77,19.76,19.75,19.74,19.73,19.89,19.9,19.91,19.92,19.93,19.94,19.95,19.96,19.97,19.98,1200,500,1400,4100,300,2500,200,7800,3200,2300,1100,1500,1200,4400,6900,14300,10300,6000,600,3200
102.0,19.83,106600,2113256.0,19.83,19.8,19.79,19.78,19.77,19.76,19.75,19.74,19.73,19.72,19.89,19.9,19.91,19.92,19.93,19.94,19.95,19.96,19.97,19.98,1500,1400,4100,300,2500,200,7800,3200,2300,2800,1100,1500,1200,4400,6900,14300,10300,6000,600,3200
103.0,19.83,106800,2117222.0,19.83,19.8,19.79,19.78,19.77,19.76,19.75,19.74,19.73,19.72,19.88,19.89,19.9,19.91,19.92,19.93,19.94,19.95,19.96,19.97,1600,1400,4100,300,2500,200,7800,3200,2300,2800,900,1100,1500,1200,4400,6900,14300,10300,6000,600
104.0,19.89,107900,2139092.0,19.83,19.81,19.8,19.79,19.78,19.77,19.76,19.75,19.74,19.73,19.89,19.9,19.91,19.92,19.93,19.94,19.95,19.96,19.97,19.98,1600,500,1400,4100,300,2500,200,7800,3200,2300,900,1500,1200,4400,6900,14300,10300,6000,600,3200
105.0,19.89,107900,2139092.0,19.84,19.83,19.81,19.8,19.79,19.78,19.77,19.76,19.75,19.74,19.89,19.9,19.91,19.92,19.93,19.94,19.95,19.96,19.97,19.98,800,1600,500,1400,4100,300,2500,200,7800,3200,900,1500,1200,4400,6900,14300,10300,6000,900,3200
106.0,19.89,107900,2139092.0,19.84,19.83,19.81,19.8,19.79,19.78,19.77,19.76,19.75,19.74,19.89,19.9,19.91,19.92,19.93,19.94,19.95,19.96,19.97,19.98,800,1600,500,1400,4100,300,2500,200,7800,3200,2200,3500,1200,4400,6900,14300,10300,6000,900,3200
107.0,19.89,107900,2139092.0,19.84,19.83,19.81,19.8,19.79,19.78,19.77,19.76,19.75,19.74,19.89,19.9,19.91,19.92,19.93,19.94,19.95,19.96,19.97,19.98,800,1600,500,1400,4100,300,2500,200,7800,3200,2500,3500,1200,4400,6900,14300,10300,6000,900,3200
108.0,19.89,107900,2139092.0,19.83,19.81,19.8,19.79,19.78,19.77,19.76,19.75,19.74,19.73,19.87,19.89,19.9,19.91,19.92,19.93,19.94,19.95,19.96,19.97,1700,500,1400,4100,300,2500,200,7800,3200,2300,1400,2500,3500,1200,4400,6900,14300,10300,8000,900
109.0,19.83,108100,2143058.0,19.83,19.81,19.8,19.79,19.78,19.77,19.76,19.75,19.74,19.73,19.87,19.89,19.9,19.91,19.92,19.93,19.94,19.95,19.96,19.97,1500,500,1300,4100,300,2500,200,7800,3200,2300,1400,2500,3500,1200,4400,6900,14300,10300,8000,900
110.0,19.83,108500,2150990.0,19.83,19.81,19.8,19.79,19.78,19.77,19.76,19.75,19.74,19.73,19.87,19.89,19.9,19.91,19.92,19.93,19.94,19.95,19.96,19.97,1100,500,1300,4100,300,2500,200,7800,3200,2300,1400,2500,3500,1200,4400,6900,14300,10300,8000,900
111.0,19.83,108600,2152973.0,19.83,19.81,19.8,19.79,19.78,19.77,19.76,19.75,19.74,19.73,19.87,19.89,19.9,19.91,19.92,19.93,19.94,19.95,19.96,19.97,1000,500,1300,4100,300,2500,600,7800,3200,2300,1400,2500,3500,1200,6700,6900,14300,10300,8000,900
112.0,19.89,110100,2182780.0,19.84,19.83,19.81,19.8,19.79,19.78,19.77,19.76,19.75,19.74,19.89,19.9,19.91,19.92,19.93,19.94,19.95,19.96,19.97,19.98,1200,1100,500,1300,4100,300,2500,600,7800,3200,2400,3500,1200,6700,6900,14300,10300,8000,900,3200
113.0,19.84,110200,2184764.0,19.84,19.83,19.81,19.8,19.79,19.78,19.77,19.76,19.75,19.74,19.89,19.9,19.91,19.92,19.93,19.94,19.95,19.96,19.97,19.98,1100,1100,500,1300,4100,300,2500,600,7800,3200,2700,3500,1200,6700,6900,14300,10300,8000,900,3200
114.0,19.84,110200,2184764.0,19.83,19.81,19.8,19.79,19.78,19.77,19.76,19.75,19.74,19.73,19.89,19.9,19.91,19.92,19.93,19.94,19.95,19.96,19.97,19.98,1100,500,1300,4100,300,2500,600,7800,3200,2300,2700,3500,1200,6700,10900,14300,10300,8000,900,3200
115.0,19.84,110200,2184764.0,19.83,19.81,19.8,19.79,19.78,19.77,19.76,19.75,19.74,19.73,19.89,19.9,19.91,19.92,19.93,19.94,19.95,19.96,19.97,19.98,1100,500,1300,4100,300,2500,600,7800,3200,2300,2700,3500,1200,6700,10900,14300,10300,8000,900,3200
116.0,19.84,110200,2184764.0,19.83,19.81,19.8,19.79,19.78,19.77,19.76,19.75,19.74,19.73,19.89,19.9,19.91,19.92,19.93,19.94,19.95,19.96,19.97,19.98,1100,500,1300,4100,300,2500,600,7800,3200,2300,2700,3500,1200,6700,10900,14300,10300,8000,900,3200
117.0,19.89,112300,2226527.0,19.84,19.83,19.81,19.8,19.79,19.78,19.77,19.76,19.75,19.74,19.89,19.9,19.91,19.92,19.93,19.94,19.95,19.96,19.97,19.98,700,1000,500,1300,4100,300,2500,600,7800,3200,700,3500,1200,6700,10900,14300,10300,8000,900,3200
118.0,19.89,112300,2226527.0,19.84,19.83,19.81,19.8,19.79,19.78,19.77,19.76,19.75,19.74,19.89,19.9,19.91,19.92,19.93,19.94,19.95,19.96,19.97,19.98,700,1000,500,1300,4100,300,2500,600,7800,3200,700,3500,1200,6700,10900,14300,10300,8000,900,3200
119.0,19.89,113200,2244428.0,19.89,19.88,19.83,19.81,19.8,19.79,19.78,19.77,19.76,19.75,19.9,19.91,19.92,19.93,19.94,19.95,19.96,19.97,19.98,19.99,1500,100,900,500,1300,4100,300,2500,600,7800,3500,1200,6700,10900,14300,10300,8000,900,3200,19700
120.0,19.89,113300,2246417.0,19.89,19.88,19.83,19.81,19.8,19.79,19.78,19.77,19.76,19.75,19.9,19.91,19.92,19.93,19.94,19.95,19.96,19.97,19.98,19.99,1500,100,900,500,1300,4100,300,2500,600,7800,3500,1200,6700,10900,14300,10300,8000,900,3200,19700
121.0,19.89,113300,2246417.0,19.89,19.88,19.85,19.84,19.83,19.81,19.8,19.79,19.78,19.77,19.9,19.91,19.92,19.93,19.94,19.95,19.96,19.97,19.98,19.99,1500,100,100,100,900,500,1300,4100,300,2500,3500,1200,6700,10900,14300,10300,8000,900,3200,19700
122.0,19.89,113600,2252384.0,19.89,19.88,19.85,19.84,19.83,19.81,19.8,19.79,19.78,19.77,19.9,19.91,19.92,19.93,19.94,19.95,19.96,19.97,19.98,19.99,1200,100,100,100,900,500,1300,4100,300,2500,3500,1200,6700,10900,14300,10300,8000,900,3200,19700
123.0,19.89,113700,2254373.0,19.89,19.88,19.85,19.84,19.83,19.81,19.8,19.79,19.78,19.77,19.9,19.91,19.92,19.93,19.94,19.95,19.96,19.97,19.98,19.99,1100,100,100,100,900,500,1300,4100,300,2500,3500,1200,6700,10900,14300,10300,8000,900,3200,19700
124.0,19.89,113700,2254373.0,19.89,19.88,19.85,19.84,19.83,19.81,19.8,19.79,19.78,19.77,19.9,19.91,19.92,19.93,19.94,19.95,19.96,19.97,19.98,19.99,1100,100,100,100,900,500,1300,4100,300,2500,3500,1200,6700,10900,14300,10300,8000,900,3200,19700
125.0,19.89,113900,2258351.0,19.88,19.85,19.84,19.83,19.81,19.8,19.79,19.78,19.77,19.76,19.89,19.9,19.91,19.92,19.93,19.94,19.95,19.96,19.97,19.98,100,100,100,900,500,1300,4100,300,2500,600,700,3500,1200,6700,10900,14300,10300,8000,900,3200
126.0,19.89,113900,2258351.0,19.88,19.85,19.84,19.83,19.81,19.8,19.79,19.78,19.77,19.76,19.89,19.9,19.91,19.92,19.93,19.94,19.95,19.96,19.97,19.98,100,500,100,900,500,1300,4100,300,2500,600,700,1500,1200,6700,10900,14300,10300,8000,900,3200
127.0,19.84,114600,2272248.0,19.83,19.81,19.8,19.79,19.78,19.77,19.76,19.75,19.74,19.73,19.88,19.89,19.9,19.91,19.92,19.93,19.94,19.95,19.96,19.97,900,500,1300,4100,300,2500,600,7800,3200,2300,200,700,1500,1200,6700,10900,14300,10300,8000,900
128.0,19.84,114600,2272248.0,19.85,19.84,19.83,19.81,19.8,19.79,19.78,19.77,19.76,19.75,19.88,19.89,19.9,19.91,19.92,19.93,19.94,19.95,19.96,19.97,1400,600,900,500,1300,4100,300,2500,600,7800,200,700,1400,1200,6700,10900,14300,10300,8000,900
129.0,19.84,114600,2272248.0,19.85,19.83,19.81,19.8,19.79,19.78,19.77,19.76,19.75,19.74,19.88,19.89,19.9,19.91,19.92,19.93,19.94,19.95,19.96,19.97,1400,900,500,1300,4100,300,2500,600,7800,3200,200,700,1400,1200,6700,10900,14300,10300,8000,900
130.0,19.85,114700,2274233.0,19.85,19.83,19.81,19.8,19.79,19.78,19.77,19.76,19.75,19.74,19.88,19.89,19.9,19.91,19.92,19.93,19.94,19.95,19.96,19.97,1300,900,500,1300,4100,300,2500,600,7800,3200,200,1200,1400,1300,6700,10900,14300,10300,8000,900
131.0,19.89,116100,2302077.0,19.89,19.88,19.87,19.85,19.83,19.81,19.8,19.79,19.78,19.77,19.9,19.91,19.92,19.93,19.94,19.95,19.96,19.97,19.98,19.99,700,2300,100,1300,900,500,1300,4100,300,2500,1400,1300,6700,10900,14300,10300,8000,900,3200,19700
132.0,19.9,116300,2306057.0,19.89,19.88,19.87,19.85,19.83,19.81,19.8,19.79,19.78,19.77,19.9,19.91,19.92,19.93,19.94,19.95,19.96,19.97,19.98,19.99,800,2300,100,1300,900,800,1300,4100,300,2500,1200,1300,6700,10900,14300,10300,8000,900,3200,19700
133.0,19.89,116700,2314013.0,19.89,19.88,19.87,19.85,19.83,19.81,19.8,19.79,19.78,19.77,19.9,19.91,19.92,19.93,19.94,19.95,19.96,19.97,19.98,19.99,400,3300,100,1300,900,800,1300,4100,300,2500,1200,1300,6700,10900,14300,10300,8000,900,3200,19700
134.0,19.9,120800,2395603.0,19.89,19.88,19.87,19.85,19.83,19.81,19.8,19.79,19.78,19.77,19.9,19.91,19.92,19.93,19.94,19.95,19.96,19.97,19.98,19.99,600,3300,100,1300,400,800,1300,4000,300,2500,4100,1300,6700,10900,14300,10300,8000,900,3200,19700
135.0,19.9,120800,2395603.0,19.89,19.88,19.87,19.85,19.83,19.81,19.8,19.79,19.78,19.77,19.9,19.91,19.92,19.93,19.94,19.95,19.96,19.97,19.98,19.99,600,3300,100,1300,400,800,1300,4000,300,2500,4100,1300,6700,10900,14300,10300,8000,900,3200,19700
136.0,19.88,122800,2435369.0,19.88,19.87,19.85,19.83,19.81,19.8,19.79,19.78,19.77,19.76,19.9,19.91,19.92,19.93,19.94,19.95,19.96,19.97,19.98,19.99,1900,100,1300,400,800,1300,4000,300,2500,600,4100,1300,6700,10900,14300,10300,8000,900,3200,19700
137.0,19.85,138600,2749113.0,19.83,19.81,19.8,19.79,19.78,19.77,19.76,19.75,19.74,19.73,19.85,19.9,19.91,19.92,19.93,19.94,19.95,19.96,19.97,19.98,400,800,1300,4000,300,2500,600,7800,3200,8800,500,3000,1100,6700,10900,14300,10300,8000,900,3200
138.0,19.85,139100,2759038.0,19.85,19.84,19.83,19.81,19.8,19.79,19.78,19.77,19.76,19.75,19.9,19.91,19.92,19.93,19.94,19.95,19.96,19.97,19.98,19.99,900,2400,400,800,1300,4000,300,2500,600,7800,3000,1100,6700,10900,14300,10300,8000,900,3200,19700
139.0,19.85,139100,2759038.0,19.86,19.85,19.84,19.83,19.81,19.8,19.79,19.78,19.77,19.76,19.9,19.91,19.92,19.93,19.94,19.95,19.96,19.97,19.98,19.99,1700,1400,2400,400,800,1300,4000,300,2500,600,3900,1100,6700,10900,14300,10300,8000,900,3200,19700
140.0,19.9,141700,2810774.0,19.86,19.85,19.84,19.83,19.81,19.8,19.79,19.78,19.77,19.76,19.9,19.91,19.92,19.93,19.94,19.95,19.96,19.97,19.98,19.99,1600,1400,2400,400,800,1300,4000,300,2500,600,1400,1100,6700,10900,14300,10300,8000,900,3200,19700
141.0,19.89,142200,2820719.0,19.89,19.87,19.86,19.85,19.84,19.83,19.81,19.8,19.79,19.78,19.9,19.91,19.92,19.93,19.94,19.95,19.96,19.97,19.98,19.99,500,700,1600,900,2400,400,800,1300,4000,300,1400,1100,6700,10900,14300,10300,8000,900,3200,19700
142.0,19.89,142200,2820719.0,19.89,19.86,19.85,19.84,19.83,19.81,19.8,19.79,19.78,19.77,19.9,19.91,19.92,19.93,19.94,19.95,19.96,19.97,19.98,19.99,500,1600,900,2400,400,800,1300,4000,300,2500,8400,1100,6700,10900,14300,10300,8000,900,3200,19700
143.0,19.9,142900,2834649.0,19.89,19.86,19.85,19.84,19.83,19.81,19.8,19.79,19.78,19.77,19.9,19.91,19.92,19.93,19.94,19.95,19.96,19.97,19.98,19.99,500,1600,900,2400,400,2300,1300,4000,300,2500,7700,1100,6700,10900,14300,10300,8000,900,3200,19700
144.0,19.9,142900,2834649.0,19.89,19.86,19.85,19.84,19.83,19.81,19.8,19.79,19.78,19.77,19.9,19.91,19.92,19.93,19.94,19.95,19.96,19.97,19.98,19.99,500,1600,900,2400,400,2300,1300,4000,300,2500,7700,1100,6700,10900,14300,10300,8000,900,3200,19700
145.0,19.9,142900,2834649.0,19.89,19.86,19.85,19.84,19.83,19.81,19.8,19.79,19.78,19.77,19.9,19.91,19.92,19.93,19.94,19.95,19.96,19.97,19.98,19.99,600,1600,900,2400,400,2300,1300,4000,300,2500,8800,1100,6700,10900,14300,10300,8000,900,3200,19700
146.0,19.89,143000,2836638.0,19.89,19.86,19.85,19.84,19.83,19.81,19.8,19.79,19.78,19.77,19.9,19.91,19.92,19.93,19.94,19.95,19.96,19.97,19.98,19.99,500,1600,900,2400,400,2300,1300,4000,300,2500,8800,1100,6700,10900,14300,10300,8000,900,3200,19700
147.0,19.89,143000,2836638.0,19.89,19.86,19.85,19.84,19.83,19.81,19.8,19.79,19.78,19.77,19.9,19.91,19.92,19.93,19.94,19.95,19.96,19.97,19.98,19.99,500,1600,900,2400,400,2300,1300,4000,300,2500,8800,1100,6700,10900,14300,10300,8000,900,3200,19700
148.0,19.9,143100,2838628.0,19.89,19.86,19.85,19.84,19.83,19.81,19.8,19.79,19.78,19.77,19.9,19.91,19.92,19.93,19.94,19.95,19.96,19.97,19.98,19.99,500,1600,900,2400,400,2300,1300,4000,300,2500,8700,2500,6700,10900,14300,10300,8000,900,3200,19700
149.0,19.9,143100,2838628.0,19.89,19.86,19.85,19.84,19.83,19.81,19.8,19.79,19.78,19.77,19.9,19.91,19.92,19.93,19.94,19.95,19.96,19.97,19.98,19.99,500,1600,900,2400,400,2300,1300,4000,300,2500,8700,2500,6700,10900,14300,10300,8000,900,3200,19700
150.0,19.9,146000,2896318.0,19.86,19.85,19.84,19.83,19.81,19.8,19.79,19.78,19.77,19.76,19.9,19.91,19.92,19.93,19.94,19.95,19.96,19.97,19.98,19.99,1600,900,2400,400,2300,1300,4000,300,2500,600,7800,2500,6700,10900,14300,10300,8000,900,3200,19700
151.0,19.9,146000,2896318.0,19.86,19.85,19.84,19.83,19.81,19.8,19.79,19.78,19.77,19.76,19.9,19.91,19.92,19.93,19.94,19.95,19.96,19.97,19.98,19.99,1600,900,2400,400,2300,1300,4000,300,2500,600,7800,2500,6700,10900,14300,10300,8000,900,3200,19700
152.0,19.9,150400,2983842.0,19.86,19.85,19.84,19.83,19.81,19.8,19.79,19.78,19.77,19.76,19.9,19.91,19.92,19.93,19.94,19.95,19.96,19.97,19.98,19.99,1000,900,2400,400,2300,1300,4000,300,2500,600,4600,2500,6700,10900,14300,10300,8000,900,3200,19700
153.0,19.9,150400,2983842.0,19.86,19.85,19.84,19.83,19.81,19.8,19.79,19.78,19.77,19.76,19.9,19.91,19.92,19.93,19.94,19.95,19.96,19.97,19.98,19.99,1000,900,2400,400,2300,1300,4000,300,2500,600,4600,2500,6700,10900,14300,10300,8000,900,3200,19700
154.0,19.9,151100,2997764.0,19.87,19.86,19.85,19.84,19.83,19.81,19.8,19.79,19.78,19.77,19.9,19.91,19.92,19.93,19.94,19.95,19.96,19.97,19.98,19.99,1500,400,900,2400,400,2300,1300,4000,300,2500,4300,2500,6700,10900,14300,10300,8000,900,3200,19700
155.0,19.9,152900,3033584.0,19.87,19.86,19.85,19.84,19.83,19.81,19.8,19.79,19.78,19.77,19.9,19.91,19.92,19.93,19.94,19.95,19.96,19.97,19.98,19.99,1500,400,900,2400,400,2300,1300,4000,300,2500,2500,2500,6700,10900,14300,10300,8000,900,3200,19700
156.0,19.9,153200,3039554.0,19.88,19.86,19.85,19.84,19.83,19.81,19.8,19.79,19.78,19.77,19.9,19.91,19.92,19.93,19.94,19.95,19.96,19.97,19.98,19.99,1600,400,900,2400,400,2300,1300,4000,300,2500,2200,2500,6700,10900,14300,10300,8000,900,3200,19700
157.0,19.88,153600,3047506.0,19.88,19.86,19.85,19.84,19.83,19.81,19.8,19.79,19.78,19.77,19.89,19.9,19.91,19.92,19.93,19.94,19.95,19.96,19.97,19.98,1200,400,900,2400,400,2300,1300,4000,300,2500,700,2200,2500,16700,10900,14300,10300,8000,900,3200
158.0,19.89,153800,3051484.0,19.88,19.86,19.85,19.84,19.83,19.81,19.8,19.79,19.78,19.77,19.89,19.9,19.91,19.92,19.93,19.94,19.95,19.96,19.97,19.98,1200,400,900,2400,400,2300,1300,4000,300,2500,500,2200,2500,16700,10900,14300,10300,8000,900,3200
159.0,19.89,153900,3053473.0,19.88,19.86,19.85,19.84,19.83,19.81,19.8,19.79,19.78,19.77,19.89,19.9,19.91,19.92,19.93,19.94,19.95,19.96,19.97,19.98,1200,400,900,2400,400,2300,1300,4000,300,2500,400,2200,2500,16700,13900,14300,10300,8000,900,3200
160.0,19.88,154000,3055461.0,19.88,19.86,19.85,19.84,19.83,19.81,19.8,19.79,19.78,19.77,19.89,19.9,19.91,19.92,19.93,19.94,19.95,19.96,19.97,19.98,1100,400,900,2400,400,2300,1300,4000,300,2500,400,2200,2500,16700,13900,14300,10300,8000,900,3200
161.0,19.89,154500,3065405.0,19.89,19.88,19.86,19.85,19.84,19.83,19.81,19.8,19.79,19.78,19.9,19.91,19.92,19.93,19.94,19.95,19.96,19.97,19.98,19.99,200,1000,400,900,2400,400,2300,1300,4000,300,2200,2500,16700,13900,14300,10300,8000,900,3200,19700
162.0,19.89,154500,3065405.0,19.89,19.88,19.86,19.85,19.84,19.83,19.81,19.8,19.79,19.78,19.9,19.91,19.92,19.93,19.94,19.95,19.96,19.97,19.98,19.99,200,1000,400,900,2400,400,2300,1300,4000,300,2200,2500,16700,13900,14300,10300,8000,900,3200,19700
163.0,19.89,154500,3065405.0,19.89,19.88,19.86,19.85,19.84,19.83,19.81,19.8,19.79,19.78,19.9,19.91,19.92,19.93,19.94,19.95,19.96,19.97,19.98,19.99,900,1000,400,900,2400,400,2300,1300,4000,300,2200,2500,16700,13900,14300,10300,8000,900,3200,19700
164.0,19.89,154500,3065405.0,19.89,19.88,19.86,19.85,19.84,19.83,19.81,19.8,19.79,19.78,19.9,19.91,19.92,19.93,19.94,19.95,19.96,19.97,19.98,19.99,1100,1000,400,900,2400,400,2300,1300,4000,300,2200,2500,16700,13900,14300,10300,8000,900,3200,19700
165.0,19.89,155600,3087284.0,19.88,19.86,19.85,19.84,19.83,19.81,19.8,19.79,19.78,19.77,19.9,19.91,19.92,19.93,19.94,19.95,19.96,19.97,19.98,19.99,1000,400,900,2400,400,2300,1300,4000,300,2500,2200,2500,16700,13900,14300,10300,8000,900,3200,19700
166.0,19.89,155600,3087284.0,19.89,19.88,19.86,19.85,19.84,19.83,19.81,19.8,19.79,19.78,19.9,19.91,19.92,19.93,19.94,19.95,19.96,19.97,19.98,19.99,100,1000,400,900,2400,400,2300,1300,4000,300,2200,2500,16700,13900,14300,10300,8000,900,3200,19700
167.0,19.89,155600,3087284.0,19.89,19.88,19.86,19.85,19.84,19.83,19.81,19.8,19.79,19.78,19.9,19.91,19.92,19.93,19.94,19.95,19.96,19.97,19.98,19.99,100,1000,400,900,2400,400,2300,1300,4000,300,4200,2500,16700,13900,14300,10300,8000,900,3200,19700
168.0,19.89,155600,3087284.0,19.89,19.88,19.86,19.85,19.84,19.83,19.81,19.8,19.79,19.78,19.9,19.91,19.92,19.93,19.94,19.95,19.96,19.97,19.98,19.99,400,1000,400,900,2400,400,2300,1300,4000,300,4200,2500,16700,13900,14300,10300,8000,900,3200,19700
169.0,19.89,155600,3087284.0,19.89,19.88,19.86,19.85,19.84,19.83,19.81,19.8,19.79,19.78,19.9,19.91,19.92,19.93,19.94,19.95,19.96,19.97,19.98,19.99,400,1900,400,900,2400,400,2300,1300,4000,300,4200,2500,16700,13900,14300,10300,8000,900,3200,19700
170.0,19.89,155600,3087284.0,19.89,19.88,19.86,19.85,19.84,19.83,19.81,19.8,19.79,19.78,19.9,19.91,19.92,19.93,19.94,19.95,19.96,19.97,19.98,19.99,400,1900,400,900,2400,400,2300,1300,4000,300,4200,2500,16700,14400,14300,10300,8000,900,3200,19700
171.0,19.89,155600,3087284.0,19.89,19.88,19.86,19.85,19.84,19.83,19.81,19.8,19.79,19.78,19.9,19.91,19.92,19.93,19.94,19.95,19.96,19.97,19.98,19.99,600,1900,400,900,2400,400,2300,1300,4000,300,5200,2500,16700,14400,14400,10300,8000,900,3200,19700
172.0,19.89,155600,3087284.0,19.89,19.88,19.86,19.85,19.84,19.83,19.81,19.8,19.79,19.78,19.9,19.91,19.92,19.93,19.94,19.95,19.96,19.97,19.98,19.99,600,1900,400,900,2400,400,2300,1300,4000,300,5200,2500,16700,14400,14400,10300,8000,900,3200,19700
173.0,19.89,155600,3087284.0,19.89,19.88,19.86,19.85,19.84,19.83,19.81,19.8,19.79,19.78,19.9,19.91,19.92,19.93,19.94,19.95,19.96,19.97,19.98,19.99,600,1900,400,900,2400,400,2300,1300,4000,300,5200,3500,16700,14400,14400,10300,8000,900,3200,19700
174.0,19.89,155600,3087284.0,19.89,19.88,19.86,19.85,19.84,19.83,19.81,19.8,19.79,19.78,19.9,19.91,19.92,19.93,19.94,19.95,19.96,19.97,19.98,19.99,600,1900,400,900,2400,400,2300,1300,4000,300,5200,3500,16700,14400,14400,10300,8000,900,3200,19700
175.0,19.89,155600,3087284.0,19.89,19.88,19.86,19.85,19.84,19.83,19.81,19.8,19.79,19.78,19.9,19.91,19.92,19.93,19.94,19.95,19.96,19.97,19.98,19.99,600,1900,400,900,2400,400,2300,1300,4000,300,5200,3500,16700,14400,14400,10300,8000,900,3200,19700
176.0,19.89,156400,3103196.0,19.88,19.86,19.85,19.84,19.83,19.81,19.8,19.79,19.78,19.77,19.89,19.9,19.91,19.92,19.93,19.94,19.95,19.96,19.97,19.98,1900,400,900,2400,400,2300,1300,4000,300,2500,200,5200,3500,16700,14400,14400,10300,8000,900,3200
177.0,19.88,156500,3105184.0,19.88,19.86,19.85,19.84,19.83,19.81,19.8,19.79,19.78,19.77,19.89,19.9,19.91,19.92,19.93,19.94,19.95,19.96,19.97,19.98,1800,400,900,2400,400,2300,1300,4000,300,2500,200,5200,3500,14400,14400,14800,10300,8000,900,3200
178.0,19.92,171600,3405801.0,19.9,19.89,19.88,19.86,19.85,19.84,19.83,19.81,19.8,19.79,19.92,19.93,19.94,19.95,19.96,19.97,19.98,19.99,20.0,20.01,1600,100,900,400,900,2400,400,2300,1300,4000,9200,14400,14800,10300,8000,900,3200,19700,6000,1000
179.0,19.92,171600,3405801.0,19.91,19.9,19.89,19.88,19.86,19.85,19.84,19.83,19.81,19.8,19.92,19.93,19.94,19.95,19.96,19.97,19.98,19.99,20.0,20.01,2500,2100,100,900,400,900,2400,400,2300,1300,9200,14400,14800,10300,8000,900,3200,19700,6000,1000
180.0,19.91,172500,3423721.0,19.91,19.9,19.89,19.88,19.86,19.85,19.84,19.83,19.81,19.8,19.92,19.93,19.94,19.95,19.96,19.97,19.98,19.99,20.0,20.01,1700,2100,100,900,400,900,2400,400,2300,1300,9100,14400,14800,10300,8000,900,3200,19700,6000,1000
181.0,19.91,172500,3423721.0,19.91,19.9,19.89,19.88,19.86,19.85,19.84,19.83,19.81,19.8,19.92,19.93,19.94,19.95,19.96,19.97,19.98,19.99,20.0,20.01,1700,2100,100,900,400,900,2400,400,2300,1300,9100,14400,14800,10300,8000,900,3200,19700,6000,1000
182.0,19.92,173200,3437665.0,19.91,19.9,19.89,19.88,19.86,19.85,19.84,19.83,19.81,19.8,19.92,19.93,19.94,19.95,19.96,19.97,19.98,19.99,20.0,20.01,1700,2100,100,900,400,900,2400,400,2300,1300,8400,14400,14800,10300,8000,900,3200,19700,6000,1000
183.0,19.91,173300,3439656.0,19.91,19.9,19.88,19.86,19.85,19.84,19.83,19.81,19.8,19.79,19.92,19.93,19.94,19.95,19.96,19.97,19.98,19.99,20.0,20.01,1600,1600,900,400,900,2400,400,2300,1300,4000,8400,14400,14800,10300,8000,900,3200,19700,6000,1000
184.0,19.91,173400,3441647.0,19.91,19.9,19.88,19.86,19.85,19.84,19.83,19.81,19.8,19.79,19.92,19.93,19.94,19.95,19.96,19.97,19.98,19.99,20.0,20.01,1500,1600,900,400,900,2400,400,2300,1300,4000,8400,14400,14800,10300,8000,900,3200,19700,6000,1000
185.0,19.91,173400,3441647.0,19.91,19.9,19.88,19.86,19.85,19.84,19.83,19.81,19.8,19.79,19.92,19.93,19.94,19.95,19.96,19.97,19.98,19.99,20.0,20.01,1500,1600,900,400,900,2400,400,2300,1300,4000,8400,13400,14400,9800,8000,900,3200,19700,6000,1000
186.0,19.91,173400,3441647.0,19.91,19.9,19.88,19.86,19.85,19.84,19.83,19.81,19.8,19.79,19.92,19.93,19.94,19.95,19.96,19.97,19.98,19.99,20.0,20.01,1500,1600,900,400,900,2400,400,2300,1300,4000,8400,13400,14400,9800,8000,900,3200,19700,6000,1000
187.0,19.92,173700,3447622.0,19.91,19.9,19.88,19.86,19.85,19.84,19.83,19.81,19.8,19.79,19.92,19.93,19.94,19.95,19.96,19.97,19.98,19.99,20.0,20.01,1500,1600,900,400,900,2400,400,2300,1300,4000,8200,13400,14400,9800,8000,900,3200,19700,6000,1000
188.0,19.91,175200,3477487.0,19.9,19.88,19.86,19.85,19.84,19.83,19.81,19.8,19.79,19.78,19.91,19.92,19.93,19.94,19.95,19.96,19.97,19.98,19.99,20.0,1600,900,400,900,2400,400,2300,1300,4000,300,500,8200,13400,14400,9800,8000,900,3200,19700,6000
189.0,19.91,175200,3477487.0,19.9,19.88,19.86,19.85,19.84,19.83,19.81,19.8,19.79,19.78,19.91,19.92,19.93,19.94,19.95,19.96,19.97,19.98,19.99,20.0,1600,900,400,900,2400,400,2300,1300,4000,300,500,10500,13400,14400,9800,8000,900,3200,19700,5800
190.0,19.9,175400,3481467.0,19.9,19.88,19.86,19.85,19.84,19.83,19.81,19.8,19.79,19.78,19.91,19.92,19.93,19.94,19.95,19.96,19.97,19.98,19.99,20.0,1400,900,400,900,2400,400,2300,1300,4000,300,500,10500,13400,14400,9800,8000,900,3200,19700,5800
191.0,19.9,175400,3481467.0,19.9,19.88,19.86,19.85,19.84,19.83,19.81,19.8,19.79,19.78,19.91,19.92,19.93,19.94,19.95,19.96,19.97,19.98,19.99,20.0,1400,900,400,900,2400,400,2300,1300,4000,300,500,10500,13400,14400,9800,8000,900,3200,19700,5800
192.0,19.91,176100,3495402.0,19.9,19.88,19.86,19.85,19.84,19.83,19.81,19.8,19.79,19.78,19.92,19.93,19.94,19.95,19.96,19.97,19.98,19.99,20.0,20.01,1200,900,400,900,2400,400,2300,1300,4000,300,10500,13400,14400,9800,8000,900,3200,19700,5800,1000
193.0,19.91,176100,3495402.0,19.91,19.9,19.88,19.86,19.85,19.84,19.83,19.81,19.8,19.79,19.92,19.93,19.94,19.95,19.96,19.97,19.98,19.99,20.0,20.01,1300,1200,900,400,900,2400,400,2300,1300,4000,10500,13400,15400,9800,8000,900,3200,19700,5800,1000
194.0,19.91,176200,3497393.0,19.91,19.9,19.88,19.86,19.85,19.84,19.83,19.81,19.8,19.79,19.92,19.93,19.94,19.95,19.96,19.97,19.98,19.99,20.0,20.01,1200,1300,900,400,900,2400,400,2300,1300,4000,10500,13400,15400,9800,8000,900,3200,19700,5800,1000
195.0,19.92,176800,3509345.0,19.91,19.9,19.88,19.86,19.85,19.84,19.83,19.81,19.8,19.79,19.92,19.93,19.94,19.95,19.96,19.97,19.98,19.99,20.0,20.01,1200,1300,900,400,900,2400,400,2300,1300,4000,9900,13400,15400,9800,8000,900,3200,19900,5800,1000
196.0,19.92,176800,3509345.0,19.91,19.9,19.88,19.86,19.85,19.84,19.83,19.81,19.8,19.79,19.92,19.93,19.94,19.95,19.96,19.97,19.98,19.99,20.0,20.01,1200,100,900,400,900,2400,400,2300,1300,4000,9900,13400,15400,9800,8000,900,3200,19900,5800,1000
197.0,19.91,176900,3511336.0,19.91,19.9,19.88,19.86,19.85,19.84,19.83,19.81,19.8,19.79,19.92,19.93,19.94,19.95,19.96,19.97,19.98,19.99,20.0,20.01,1100,100,900,400,900,2400,400,2300,1300,4000,9900,13400,15400,9800,8000,900,3200,19900,5800,1000
198.0,19.91,177000,3513327.0,19.91,19.9,19.88,19.86,19.85,19.84,19.83,19.81,19.8,19.79,19.92,19.93,19.94,19.95,19.96,19.97,19.98,19.99,20.0,20.01,1000,100,900,400,900,2400,400,2300,1300,4000,9900,13400,15400,9800,8000,900,3200,19900,5800,1000
199.0,19.91,177000,3513327.0,19.91,19.9,19.88,19.86,19.85,19.84,19.83,19.81,19.8,19.79,19.92,19.93,19.94,19.95,19.96,19.97,19.98,19.99,20.0,20.01,1000,100,900,400,900,2400,400,2300,1300,4000,9900,13400,15400,9800,8000,900,3200,19900,5800,1000
200.0,19.91,179300,3559121.0,19.9,19.88,19.86,19.85,19.84,19.83,19.81,19.8,19.79,19.78,19.91,19.92,19.93,19.94,19.95,19.96,19.97,19.98,19.99,20.0,100,900,400,900,2400,400,2300,1300,4000,300,9100,9800,13400,15400,9800,8000,900,3200,19900,5800
201.0,19.91,179400,3561112.0,19.9,19.89,19.88,19.86,19.85,19.84,19.83,19.81,19.8,19.79,19.91,19.92,19.93,19.94,19.95,19.96,19.97,19.98,19.99,20.0,100,100,900,400,900,2400,400,2300,1300,4000,9000,9800,13400,15400,9800,8000,900,3200,19900,5800
202.0,19.91,179400,3561112.0,19.9,19.89,19.88,19.86,19.85,19.84,19.83,19.81,19.8,19.79,19.91,19.92,19.93,19.94,19.95,19.96,19.97,19.98,19.99,20.0,1700,100,900,400,900,2400,400,2300,1300,4000,9000,9800,13400,15400,9800,8000,900,3200,19900,5800
203.0,19.9,179700,3567082.0,19.9,19.89,19.88,19.86,19.85,19.84,19.83,19.81,19.8,19.79,19.91,19.92,19.93,19.94,19.95,19.96,19.97,19.98,19.99,20.0,1400,100,900,400,900,2400,400,2300,1300,4000,9000,9800,13400,15400,9800,8000,900,3200,19900,5800
204.0,19.9,179800,3569072.0,19.9,19.89,19.88,19.86,19.85,19.84,19.83,19.81,19.8,19.79,19.91,19.92,19.93,19.94,19.95,19.96,19.97,19.98,19.99,20.0,1300,100,900,400,900,2400,400,2300,1300,4000,9000,9800,15100,15400,9800,8000,900,3200,19900,5800
205.0,19.91,180000,3573053.0,19.9,19.89,19.88,19.86,19.85,19.84,19.83,19.81,19.8,19.79,19.91,19.92,19.93,19.94,19.95,19.96,19.97,19.98,19.99,20.0,1200,100,900,400,900,2400,400,2300,1300,4000,8900,9800,15100,15400,9800,8000,900,3200,19900,5800
206.0,19.91,180100,3575044.0,19.9,19.89,19.88,19.86,19.85,19.84,19.83,19.81,19.8,19.79,19.91,19.92,19.93,19.94,19.95,19.96,19.97,19.98,19.99,20.0,1200,100,900,400,900,2400,400,2300,1300,4000,8800,9800,15100,15400,9800,8000,900,3200,19900,6100
207.0,19.9,182100,3614852.0,19.89,19.88,19.86,19.85,19.84,19.83,19.81,19.8,19.79,19.78,19.9,19.91,19.92,19.93,19.94,19.95,19.96,19.97,19.98,19.99,100,900,400,900,2400,400,2300,1300,4000,300,900,8000,9800,15100,15400,9800,8000,900,3200,19900
208.0,19.9,182600,3624802.0,19.89,19.88,19.86,19.85,19.84,19.83,19.81,19.8,19.79,19.78,19.9,19.91,19.92,19.93,19.94,19.95,19.96,19.97,19.98,19.99,100,900,400,900,2400,400,2300,1300,4000,300,400,8000,9800,15100,15400,9800,8000,900,3200,19900
209.0,19.9,183500,3642712.0,19.9,19.89,19.88,19.86,19.85,19.84,19.83,19.81,19.8,19.79,19.91,19.92,19.93,19.94,19.95,19.96,19.97,19.98,19.99,20.0,500,100,900,400,900,2400,400,2300,1300,4000,8000,9800,15100,15400,9800,8000,900,3200,19900,6100
210.0,19.9,183500,3642712.0,19.9,19.89,19.88,19.86,19.85,19.84,19.83,19.81,19.8,19.79,19.91,19.92,19.93,19.94,19.95,19.96,19.97,19.98,19.99,20.0,500,100,900,400,900,2400,400,2300,1300,4000,8200,9800,15100,15400,9800,8000,900,3200,19900,6100
211.0,19.91,184000,3652667.0,19.9,19.89,19.86,19.85,19.84,19.83,19.81,19.8,19.79,19.78,19.91,19.92,19.93,19.94,19.95,19.96,19.97,19.98,19.99,20.0,500,100,400,900,2400,400,2300,1300,4000,300,7700,9800,15100,15400,9800,8000,900,3200,19900,6100
212.0,19.91,185400,3680541.0,19.9,19.89,19.86,19.85,19.84,19.83,19.81,19.8,19.79,19.78,19.91,19.92,19.93,19.94,19.95,19.96,19.97,19.98,19.99,20.0,500,100,400,900,2400,400,2300,1300,4000,300,6300,9800,15100,15400,9800,8000,900,3200,19900,6100
213.0,19.91,185400,3680541.0,19.9,19.89,19.86,19.85,19.84,19.83,19.81,19.8,19.79,19.78,19.91,19.92,19.93,19.94,19.95,19.96,19.97,19.98,19.99,20.0,500,100,400,900,2400,400,2300,1300,4000,300,6300,9800,15100,15400,9800,8000,900,3200,19900,6100
214.0,19.91,185400,3680541.0,19.9,19.89,19.86,19.85,19.84,19.83,19.81,19.8,19.79,19.78,19.91,19.92,19.93,19.94,19.95,19.96,19.97,19.98,19.99,20.0,500,100,400,900,2400,400,2300,1300,4000,300,6300,9800,15100,15400,9800,8000,900,3200,19900,6100
215.0,19.91,186500,3702441.0,19.9,19.89,19.86,19.85,19.84,19.83,19.81,19.8,19.79,19.78,19.91,19.92,19.93,19.94,19.95,19.96,19.97,19.98,19.99,20.0,400,100,400,900,2400,400,2300,1300,4000,300,6300,9800,15100,15400,9800,8000,900,3200,19900,6100
216.0,19.91,186800,3708414.0,19.9,19.89,19.86,19.85,19.84,19.83,19.81,19.8,19.79,19.78,19.91,19.92,19.93,19.94,19.95,19.96,19.97,19.98,19.99,20.0,400,100,400,900,2400,400,2300,1300,4000,300,6000,9800,15100,15400,9800,8000,900,3200,19900,6100
217.0,19.91,186800,3708414.0,19.9,19.89,19.86,19.85,19.84,19.83,19.81,19.8,19.79,19.78,19.91,19.92,19.93,19.94,19.95,19.96,19.97,19.98,19.99,20.0,400,100,400,900,2400,400,2300,1300,4000,300,6000,9800,15100,15400,9800,8000,900,3200,19900,6100
218.0,19.91,186800,3708414.0,19.9,19.89,19.86,19.85,19.84,19.83,19.81,19.8,19.79,19.78,19.91,19.92,19.93,19.94,19.95,19.96,19.97,19.98,19.99,20.0,400,100,400,900,2400,400,2300,1300,4000,300,7000,9800,15100,15400,9800,8000,900,3200,19900,6100
219.0,19.91,186800,3708414.0,19.9,19.89,19.86,19.85,19.84,19.83,19.81,19.8,19.79,19.78,19.91,19.92,19.93,19.94,19.95,19.96,19.97,19.98,19.99,20.0,400,100,400,900,2400,400,2300,1300,4000,300,7000,9800,15100,15400,9800,8000,900,3200,19900,6100
220.0,19.91,186800,3708414.0,19.9,19.89,19.86,19.85,19.84,19.83,19.81,19.8,19.79,19.78,19.91,19.92,19.93,19.94,19.95,19.96,19.97,19.98,19.99,20.0,400,100,400,900,2400,400,2300,1300,4000,300,7000,9800,15100,15400,9800,8000,900,3200,19900,6100
221.0,19.91,186800,3708414.0,19.9,19.89,19.86,19.85,19.84,19.83,19.81,19.8,19.79,19.78,19.91,19.92,19.93,19.94,19.95,19.96,19.97,19.98,19.99,20.0,400,100,400,900,2400,400,2300,1300,4000,300,7000,9800,15100,15400,9800,8000,900,3200,19900,6100
222.0,19.9,187200,3716374.0,19.89,19.86,19.85,19.84,19.83,19.81,19.8,19.79,19.78,19.77,19.9,19.91,19.92,19.93,19.94,19.95,19.96,19.97,19.98,19.99,100,400,900,2400,400,2300,1300,4000,300,2500,900,7000,9800,15100,15400,9800,8000,900,3200,19900
223.0,19.9,188100,3734284.0,19.89,19.86,19.85,19.84,19.83,19.81,19.8,19.79,19.78,19.77,19.9,19.91,19.92,19.93,19.94,19.95,19.96,19.97,19.98,19.99,100,400,900,2400,400,2300,1300,4000,300,2500,100,7000,9800,15100,15400,9800,8000,900,3200,19900
224.0,19.9,188500,3742244.0,19.9,19.89,19.86,19.85,19.84,19.83,19.81,19.8,19.79,19.78,19.91,19.92,19.93,19.94,19.95,19.96,19.97,19.98,19.99,20.0,100,100,400,900,2400,400,2300,1300,4000,300,7000,9800,15100,15400,9800,8000,900,3200,19900,6100
225.0,19.9,188500,3742244.0,19.9,19.89,19.86,19.85,19.84,19.83,19.81,19.8,19.79,19.78,19.91,19.92,19.93,19.94,19.95,19.96,19.97,19.98,19.99,20.0,200,100,400,900,2400,400,2300,1300,4000,300,7000,9800,15100,15400,9800,8000,900,3200,19900,6100
226.0,19.9,188500,3742244.0,19.9,19.89,19.86,19.85,19.84,19.83,19.81,19.8,19.79,19.78,19.91,19.92,19.93,19.94,19.95,19.96,19.97,19.98,19.99,20.0,200,100,400,900,2400,400,2300,1300,4000,300,7000,9800,15100,15400,9800,8000,900,3200,19900,6100
227.0,19.91,188700,3746226.0,19.9,19.89,19.86,19.85,19.84,19.83,19.81,19.8,19.79,19.78,19.91,19.92,19.93,19.94,19.95,19.96,19.97,19.98,19.99,20.0,1000,100,400,900,2400,400,2300,1300,4000,300,6800,9800,15100,15400,9800,8000,900,3200,19900,6100
228.0,19.9,188800,3748216.0,19.9,19.89,19.86,19.85,19.84,19.83,19.81,19.8,19.79,19.78,19.91,19.92,19.93,19.94,19.95,19.96,19.97,19.98,19.99,20.0,900,100,400,900,2400,400,2300,1300,4000,300,7900,9800,15100,15400,9800,8000,900,3200,19900,6100
229.0,19.9,188800,3748216.0,19.9,19.89,19.86,19.85,19.84,19.83,19.81,19.8,19.79,19.78,19.91,19.92,19.93,19.94,19.95,19.96,19.97,19.98,19.99,20.0,900,100,400,900,2400,400,2300,1300,4000,300,7900,9800,15100,15400,9800,8000,900,3200,19900,6100
230.0,19.9,188800,3748216.0,19.9,19.89,19.86,19.85,19.84,19.83,19.81,19.8,19.79,19.78,19.91,19.92,19.93,19.94,19.95,19.96,19.97,19.98,19.99,20.0,900,100,400,900,2400,400,2300,1300,4000,300,7900,9800,15100,15400,9800,8000,900,3200,19900,6100
231.0,19.9,189700,3766126.0,19.89,19.86,19.85,19.84,19.83,19.81,19.8,19.79,19.78,19.77,19.9,19.91,19.92,19.93,19.94,19.95,19.96,19.97,19.98,19.99,100,400,900,2400,400,2300,1300,4000,300,2500,9000,7900,9800,15100,15400,9800,8000,900,3200,19900
232.0,19.9,189700,3766126.0,19.89,19.86,19.85,19.84,19.83,19.81,19.8,19.79,19.78,19.77,19.9,19.91,19.92,19.93,19.94,19.95,19.96,19.97,19.98,19.99,100,400,900,2400,400,2300,1300,4000,300,2500,9000,7900,9800,15100,15400,9800,8000,900,3200,19900
233.0,19.9,189800,3768116.0,19.89,19.86,19.85,19.84,19.83,19.81,19.8,19.79,19.78,19.77,19.9,19.91,19.92,19.93,19.94,19.95,19.96,19.97,19.98,19.99,100,400,900,2400,400,2300,1300,4000,300,2500,8900,7900,9800,15100,15400,9800,8000,900,3200,19900
234.0,19.9,189800,3768116.0,19.89,19.86,19.85,19.84,19.83,19.81,19.8,19.79,19.78,19.77,19.9,19.91,19.92,19.93,19.94,19.95,19.96,19.97,19.98,19.99,100,400,900,2400,400,2300,1300,4000,300,2500,9100,7900,9800,17400,15400,9800,8000,900,3200,19900
235.0,19.9,189800,3768116.0,19.89,19.86,19.85,19.84,19.83,19.81,19.8,19.79,19.78,19.77,19.9,19.91,19.92,19.93,19.94,19.95,19.96,19.97,19.98,19.99,100,400,900,2400,400,2300,1300,4000,300,2500,9100,7900,9800,17400,15400,9800,8000,900,3200,19900
236.0,19.9,190000,3772096.0,19.89,19.86,19.85,19.84,19.83,19.81,19.8,19.79,19.78,19.77,19.9,19.91,19.92,19.93,19.94,19.95,19.96,19.97,19.98,19.99,100,400,900,2400,400,2300,1300,4000,300,2500,8900,7900,9800,17400,15400,9800,8000,900,3200,19900
237.0,19.9,190000,3772096.0,19.89,19.86,19.85,19.84,19.83,19.81,19.8,19.79,19.78,19.77,19.9,19.91,19.92,19.93,19.94,19.95,19.96,19.97,19.98,19.99,100,400,900,2400,400,2300,1300,4000,300,2500,8900,7900,9800,17400,15400,9800,8000,900,3200,19900
238.0,19.9,190000,3772096.0,19.89,19.86,19.85,19.84,19.83,19.81,19.8,19.79,19.78,19.77,19.9,19.91,19.92,19.93,19.94,19.95,19.96,19.97,19.98,19.99,100,400,900,2400,400,2300,1300,4000,300,2500,8900,7900,9800,17400,15400,9800,8000,900,3200,19900
239.0,19.9,190900,3790006.0,19.89,19.86,19.85,19.84,19.83,19.81,19.8,19.79,19.78,19.77,19.9,19.91,19.92,19.93,19.94,19.95,19.96,19.97,19.98,19.99,100,400,900,2400,400,2300,1300,4000,300,2500,8000,7900,9800,17400,15400,9800,8000,900,3200,19900
240.0,19.9,190900,3790006.0,19.89,19.86,19.85,19.84,19.83,19.81,19.8,19.79,19.78,19.77,19.9,19.91,19.92,19.93,19.94,19.95,19.96,19.97,19.98,19.99,100,400,900,2400,400,2300,1300,4000,300,2500,8000,7900,9800,17400,15400,9800,8000,900,3200,19900
241.0,19.9,191000,3791996.0,19.89,19.86,19.85,19.84,19.83,19.81,19.8,19.79,19.78,19.77,19.9,19.91,19.92,19.93,19.94,19.95,19.96,19.97,19.98,19.99,100,400,900,2400,400,2300,1300,4000,300,2500,7900,7900,7500,17400,15400,9800,8000,900,6300,19900
242.0,19.9,191800,3807916.0,19.89,19.86,19.85,19.84,19.83,19.81,19.8,19.79,19.78,19.77,19.9,19.91,19.92,19.93,19.94,19.95,19.96,19.97,19.98,19.99,100,400,900,2400,400,2300,1300,4000,300,2500,7100,7900,7500,17400,15400,9800,8000,900,6300,19900
243.0,19.9,191900,3809906.0,19.89,19.86,19.85,19.84,19.83,19.81,19.8,19.79,19.78,19.77,19.9,19.91,19.92,19.93,19.94,19.95,19.96,19.97,19.98,19.99,100,400,900,2400,400,2300,1300,4000,300,2500,7100,7900,7500,17400,15400,9800,8000,900,6300,19900
244.0,19.9,192400,3819856.0,19.89,19.86,19.85,19.84,19.83,19.81,19.8,19.79,19.78,19.77,19.9,19.91,19.92,19.93,19.94,19.95,19.96,19.97,19.98,19.99,100,400,900,2400,400,2300,1300,4000,300,2500,9600,10900,7500,17400,15400,9800,8000,900,6300,19900
245.0,19.9,193700,3845726.0,19.89,19.86,19.85,19.84,19.83,19.81,19.8,19.79,19.78,19.77,19.9,19.91,19.92,19.93,19.94,19.95,19.96,19.97,19.98,19.99,100,400,900,2400,400,2300,1300,4000,300,2500,8500,10900,7500,17400,15400,9800,8000,900,6300,19900
246.0,19.9,195700,3885526.0,19.89,19.86,19.85,19.84,19.83,19.81,19.8,19.79,19.78,19.77,19.9,19.91,19.92,19.93,19.94,19.95,19.96,19.97,19.98,19.99,1100,400,900,2400,400,2300,1300,4000,300,2500,6500,10900,7500,17400,15400,9800,8000,900,6300,19900
247.0,19.9,196300,3897465.0,19.89,19.86,19.85,19.84,19.83,19.81,19.8,19.79,19.78,19.77,19.9,19.91,19.92,19.93,19.94,19.95,19.96,19.97,19.98,19.99,1000,400,900,2400,400,2300,1300,4000,300,2500,6000,10900,7500,17400,15400,9800,8000,900,6300,19900
248.0,19.9,198900,3949205.0,19.89,19.86,19.85,19.84,19.83,19.81,19.8,19.79,19.78,19.77,19.9,19.91,19.92,19.93,19.94,19.95,19.96,19.97,19.98,19.99,1000,400,900,2400,400,2300,1300,4000,300,2500,3800,10900,7500,17400,15400,9800,8000,900,6300,19900
249.0,19.9,202600,4022835.0,19.89,19.86,19.85,19.84,19.83,19.81,19.8,19.79,19.78,19.77,19.9,19.91,19.92,19.93,19.94,19.95,19.96,19.97,19.98,19.99,1000,400,900,2400,400,2300,1300,4000,300,2500,100,10900,7500,17400,15400,9800,8000,900,6300,19900
250.0,19.92,221300,4395216.0,19.91,19.9,19.89,19.86,19.85,19.84,19.83,19.81,19.8,19.79,19.92,19.93,19.94,19.95,19.96,19.97,19.98,19.99,20.0,20.02,2000,700,600,400,900,2400,400,2300,1300,4000,200,17400,15400,9800,8000,900,6300,19900,8200,1100
251.0,19.9,224100,4450964.0,19.92,19.9,19.89,19.86,19.85,19.84,19.83,19.81,19.8,19.79,19.93,19.94,19.95,19.96,19.97,19.98,19.99,20.0,20.02,20.05,100,400,600,400,900,2400,400,2300,1300,4000,17400,15400,9800,8000,900,6300,19900,8200,1100,200
252.0,19.9,224100,4450964.0,19.92,19.9,19.89,19.86,19.85,19.84,19.83,19.81,19.8,19.79,19.93,19.94,19.95,19.96,19.97,19.98,19.99,20.0,20.02,20.05,100,400,600,400,900,2400,400,2300,1300,4000,17400,15400,9800,8000,900,6300,19900,8200,1100,200
253.0,19.9,224100,4450964.0,19.92,19.91,19.89,19.86,19.85,19.84,19.83,19.81,19.8,19.79,19.93,19.94,19.95,19.96,19.97,19.98,19.99,20.0,20.02,20.05,100,500,600,400,900,2400,400,2300,1300,4000,17400,15400,10200,8000,900,6300,19900,8200,1100,200
254.0,19.93,224500,4458936.0,19.91,19.89,19.86,19.85,19.84,19.83,19.81,19.8,19.79,19.78,19.93,19.94,19.95,19.96,19.97,19.98,19.99,20.0,20.02,20.05,500,600,400,900,2400,400,2300,1300,4000,300,18300,15400,10200,8000,900,6300,19900,8200,1100,200
255.0,19.93,224500,4458936.0,19.91,19.9,19.89,19.86,19.85,19.84,19.83,19.81,19.8,19.79,19.92,19.93,19.94,19.95,19.96,19.97,19.98,19.99,20.0,20.02,500,200,600,400,900,2400,400,2300,1300,4000,500,18300,15400,10200,7500,900,6300,19900,8200,1100
256.0,19.93,225300,4474875.0,19.91,19.9,19.89,19.86,19.85,19.84,19.83,19.81,19.8,19.79,19.93,19.94,19.95,19.96,19.97,19.98,19.99,20.0,20.02,20.05,500,200,600,400,900,2400,400,2300,1300,4000,18000,15400,10200,7500,900,6300,19900,8200,1100,200
257.0,19.93,225300,4474875.0,19.91,19.9,19.89,19.86,19.85,19.84,19.83,19.81,19.8,19.79,19.93,19.94,19.95,19.96,19.97,19.98,19.99,20.0,20.02,20.05,500,200,600,400,900,2400,400,2300,1300,4000,18000,15400,10200,7500,900,6300,19900,10200,1100,200
258.0,19.93,225300,4474875.0,19.91,19.9,19.89,19.86,19.85,19.84,19.83,19.81,19.8,19.79,19.93,19.94,19.95,19.96,19.97,19.98,19.99,20.0,20.02,20.05,500,200,600,400,900,2400,400,2300,1300,4000,18000,15400,10200,7500,900,6300,19900,10200,1100,200
259.0,19.93,225300,4474875.0,19.91,19.9,19.89,19.86,19.85,19.84,19.83,19.81,19.8,19.79,19.93,19.94,19.95,19.96,19.97,19.98,19.99,20.0,20.02,20.05,500,200,600,400,900,2400,400,2300,1300,4000,18000,15400,10200,7500,900,7300,19900,10200,1100,200
260.0,19.93,225300,4474875.0,19.91,19.9,19.89,19.86,19.85,19.84,19.83,19.81,19.8,19.79,19.93,19.94,19.95,19.96,19.97,19.98,19.99,20.0,20.02,20.05,500,200,600,400,900,2400,400,2300,1300,4000,18000,15400,10200,7500,900,7300,19900,10200,1100,200
261.0,19.93,225300,4474875.0,19.91,19.9,19.89,19.86,19.85,19.84,19.83,19.81,19.8,19.79,19.93,19.94,19.95,19.96,19.97,19.98,19.99,20.0,20.02,20.05,500,300,600,400,900,2400,400,2300,1300,4000,18000,15400,10200,7500,900,7300,19900,10200,1100,200
262.0,19.91,225400,4476866.0,19.91,19.9,19.89,19.86,19.85,19.84,19.83,19.81,19.8,19.79,19.93,19.94,19.95,19.96,19.97,19.98,19.99,20.0,20.02,20.05,400,300,600,400,900,2400,400,2300,1300,4000,18000,15400,9700,7500,900,7300,19900,10200,1100,200
263.0,19.91,225400,4476866.0,19.91,19.9,19.89,19.86,19.85,19.84,19.83,19.81,19.8,19.79,19.93,19.94,19.95,19.96,19.97,19.98,19.99,20.0,20.02,20.05,400,300,600,400,900,2400,400,2300,1300,4000,18000,15400,9700,7500,900,7300,19900,10200,1100,200
264.0,19.93,226600,4500782.0,19.91,19.9,19.89,19.86,19.85,19.84,19.83,19.81,19.8,19.79,19.93,19.94,19.95,19.96,19.97,19.98,19.99,20.0,20.02,20.05,400,300,600,400,900,2400,400,2300,1300,4000,16800,15400,9700,7500,900,8300,19900,10200,1100,200
265.0,19.93,226600,4500782.0,19.91,19.9,19.89,19.86,19.85,19.84,19.83,19.81,19.8,19.79,19.93,19.94,19.95,19.96,19.97,19.98,19.99,20.0,20.02,20.05,400,300,600,400,900,2400,400,2300,1300,4000,16800,15400,9700,7500,900,8300,19900,10200,1100,300
266.0,19.93,227100,4510747.0,19.91,19.9,19.89,19.86,19.85,19.84,19.83,19.81,19.8,19.79,19.93,19.94,19.95,19.96,19.97,19.98,19.99,20.0,20.02,20.05,400,300,600,400,900,2400,400,2300,1300,4000,16300,15400,9700,7500,900,8300,19900,10200,1100,300
267.0,19.93,227400,4516726.0,19.91,19.9,19.89,19.86,19.85,19.84,19.83,19.81,19.8,19.79,19.93,19.94,19.95,19.96,19.97,19.98,19.99,20.0,20.02,20.05,400,300,600,400,900,2400,400,2300,1300,4000,16000,15400,9700,7500,900,8300,19900,10200,1100,300
268.0,19.93,227900,4526691.0,19.91,19.9,19.89,19.86,19.85,19.84,19.83,19.81,19.8,19.79,19.93,19.94,19.95,19.96,19.97,19.98,19.99,20.0,20.02,20.05,400,300,600,400,900,2400,400,2300,1300,4000,15500,15400,9700,7500,900,8300,19900,10200,1100,300
269.0,19.93,227900,4526691.0,19.91,19.9,19.89,19.86,19.85,19.84,19.83,19.81,19.8,19.79,19.93,19.94,19.95,19.96,19.97,19.98,19.99,20.0,20.02,20.05,400,300,600,400,900,2400,400,2300,1300,4000,15500,15400,9700,7500,900,8300,19900,10200,1100,300
270.0,19.93,227900,4526691.0,19.91,19.9,19.89,19.86,19.85,19.84,19.83,19.81,19.8,19.79,19.93,19.94,19.95,19.96,19.97,19.98,19.99,20.0,20.02,20.05,400,300,600,400,900,2400,400,2300,1300,4000,15500,15400,11700,7500,900,8300,19900,10200,1100,300
271.0,19.93,227900,4526691.0,19.91,19.9,19.89,19.86,19.85,19.84,19.83,19.81,19.8,19.79,19.93,19.94,19.95,19.96,19.97,19.98,19.99,20.0,20.02,20.05,400,300,600,400,900,2400,400,2300,1300,4000,15500,15400,11700,7500,900,8300,19900,10200,1100,300
272.0,19.9,229100,4550590.0,19.89,19.86,19.85,19.84,19.83,19.81,19.8,19.79,19.78,19.77,19.9,19.93,19.94,19.95,19.96,19.97,19.98,19.99,20.0,20.02,600,400,900,2400,400,2300,1300,4000,300,2500,3300,15400,15400,11700,7500,900,8300,19900,10200,1100
273.0,19.9,232000,4608299.0,19.89,19.86,19.85,19.84,19.83,19.81,19.8,19.79,19.78,19.77,19.9,19.91,19.93,19.94,19.95,19.96,19.97,19.98,19.99,20.0,500,400,900,2400,400,2300,1300,4000,300,2500,500,1000,15400,15400,11700,7500,900,8300,19900,10200
274.0,19.9,232100,4610289.0,19.89,19.86,19.85,19.84,19.83,19.81,19.8,19.79,19.78,19.77,19.9,19.91,19.93,19.94,19.95,19.96,19.97,19.98,19.99,20.0,500,10400,900,2400,400,2300,1300,4000,300,2500,400,1000,15400,15400,11700,7500,900,8300,19900,10200
275.0,19.89,232600,4620234.0,19.86,19.85,19.84,19.83,19.81,19.8,19.79,19.78,19.77,19.76,19.9,19.91,19.93,19.94,19.95,19.96,19.97,19.98,19.99,20.0,10400,900,2400,400,2300,1300,4000,300,2500,600,400,1000,15400,15400,11700,7500,900,8300,19900,10200
276.0,19.86,233100,4630164.0,19.86,19.85,19.84,19.83,19.81,19.8,19.79,19.78,19.77,19.76,19.9,19.91,19.93,19.94,19.95,19.96,19.97,19.98,19.99,20.0,9900,900,2400,400,2300,1300,4000,300,2500,600,700,1400,15400,15400,11700,7500,900,8300,19900,10200
277.0,19.86,233100,4630164.0,19.86,19.85,19.84,19.83,19.81,19.8,19.79,19.78,19.77,19.76,19.9,19.91,19.93,19.94,19.95,19.96,19.97,19.98,19.99,20.0,11000,900,2400,400,2300,1300,4000,300,2500,600,1500,1600,15400,15400,11700,7500,900,8300,19900,10200
278.0,19.9,233500,4638124.0,19.86,19.85,19.84,19.83,19.81,19.8,19.79,19.78,19.77,19.76,19.9,19.91,19.93,19.94,19.95,19.96,19.97,19.98,19.99,20.0,11000,900,2400,400,2300,1300,4000,300,2500,600,1100,1600,15400,15400,11700,7500,900,8300,19900,10200
279.0,19.86,234500,4657984.0,19.86,19.85,19.84,19.83,19.81,19.8,19.79,19.78,19.77,19.76,19.9,19.91,19.92,19.93,19.94,19.95,19.96,19.97,19.98,19.99,10300,900,2400,400,2300,1300,4000,300,2500,600,1400,1600,1000,15400,15400,11700,7500,900,8300,19900
280.0,19.9,235100,4669924.0,19.86,19.85,19.84,19.83,19.81,19.8,19.79,19.78,19.77,19.76,19.9,19.91,19.92,19.93,19.94,19.95,19.96,19.97,19.98,19.99,11100,900,2400,400,2300,1300,4000,300,2500,600,1600,1600,1000,15400,15400,11700,7500,900,8300,19900
281.0,19.9,235300,4673904.0,19.86,19.85,19.84,19.83,19.81,19.8,19.79,19.78,19.77,19.76,19.9,19.91,19.92,19.93,19.94,19.95,19.96,19.97,19.98,19.99,11400,900,2400,400,2300,1300,4000,300,2500,600,1700,1600,1000,15400,15400,11700,7500,900,8300,19900
282.0,19.9,235400,4675894.0,19.89,19.86,19.85,19.84,19.83,19.81,19.8,19.79,19.78,19.77,19.9,19.91,19.92,19.93,19.94,19.95,19.96,19.97,19.98,19.99,2900,12000,900,2400,400,2300,1300,4000,300,2500,2200,1600,1000,15400,15400,11700,7500,900,8300,19900
283.0,19.9,237800,4723652.0,19.89,19.86,19.85,19.84,19.83,19.81,19.8,19.79,19.78,19.77,19.91,19.92,19.93,19.94,19.95,19.96,19.97,19.98,19.99,20.0,3600,12000,900,2400,400,2300,1300,4000,300,2500,1600,1000,15900,15400,11700,7500,900,8300,19900,10200
284.0,19.91,238200,4731616.0,19.89,19.86,19.85,19.84,19.83,19.81,19.8,19.79,19.78,19.77,19.91,19.92,19.93,19.94,19.95,19.96,19.97,19.98,19.99,20.0,3600,12000,900,2400,400,2300,1300,4000,300,2500,1200,1000,15900,15400,11700,7500,900,8300,19900,10200
285.0,19.91,239400,4755494.0,19.89,19.86,19.85,19.84,19.83,19.81,19.8,19.79,19.78,19.77,19.91,19.92,19.93,19.94,19.95,19.96,19.97,19.98,19.99,20.0,2900,12000,900,2400,400,2300,1300,4000,300,2500,700,1000,15900,15400,11700,7500,900,8300,19900,10200
286.0,19.91,240300,4773405.0,19.89,19.86,19.85,19.84,19.83,19.81,19.8,19.79,19.78,19.77,19.91,19.92,19.93,19.94,19.95,19.96,19.97,19.98,19.99,20.0,2500,12000,900,2400,400,2300,1300,4000,300,2500,200,2600,15900,15400,11700,7500,900,8300,19900,10200
287.0,19.91,240300,4773405.0,19.89,19.86,19.85,19.84,19.83,19.81,19.8,19.79,19.78,19.77,19.91,19.92,19.93,19.94,19.95,19.96,19.97,19.98,19.99,20.0,2500,12000,900,2400,400,2300,1300,4000,300,2500,200,2600,15900,15400,11700,7500,900,8300,19900,10200
288.0,19.92,240600,4779379.0,19.89,19.86,19.85,19.84,19.83,19.81,19.8,19.79,19.78,19.77,19.92,19.93,19.94,19.95,19.96,19.97,19.98,19.99,20.0,20.02,2500,12000,900,2400,400,2300,1300,4000,300,2500,2500,15900,15400,11700,7500,900,8300,19900,10200,1100
289.0,19.89,240800,4783357.0,19.89,19.86,19.85,19.84,19.83,19.81,19.8,19.79,19.78,19.77,19.92,19.93,19.94,19.95,19.96,19.97,19.98,19.99,20.0,20.02,2800,12000,900,2400,400,2300,1300,4000,300,2500,3000,15900,15400,11700,7500,900,8300,19900,10200,1100
290.0,19.92,241600,4799293.0,19.89,19.86,19.85,19.84,19.83,19.81,19.8,19.79,19.78,19.77,19.92,19.93,19.94,19.95,19.96,19.97,19.98,19.99,20.0,20.02,2800,12000,900,2400,400,2300,1300,4000,300,2500,2200,15900,15400,11700,7500,900,8300,19900,10200,1100
291.0,19.92,241600,4799293.0,19.89,19.86,19.85,19.84,19.83,19.81,19.8,19.79,19.78,19.77,19.92,19.93,19.94,19.95,19.96,19.97,19.98,19.99,20.0,20.02,2800,12000,900,2400,400,2300,1300,4000,300,2500,3200,15900,15400,11700,7500,900,8300,19900,10200,1100
292.0,19.92,241600,4799293.0,19.89,19.86,19.85,19.84,19.83,19.81,19.8,19.79,19.78,19.77,19.91,19.92,19.93,19.94,19.95,19.96,19.97,19.98,19.99,20.0,3000,12000,900,2400,400,2300,1300,4000,300,2500,300,3400,15900,15400,11700,7500,900,8300,19900,10200
293.0,19.92,245600,4878961.0,19.92,19.89,19.86,19.85,19.84,19.83,19.81,19.8,19.79,19.78,19.93,19.94,19.95,19.96,19.97,19.98,19.99,20.0,20.02,20.03,16100,2700,12000,900,2400,400,2300,1300,4000,300,15900,15400,11700,7500,900,8300,19900,10200,1100,400
294.0,19.92,247100,4908841.0,19.92,19.89,19.86,19.85,19.84,19.83,19.81,19.8,19.79,19.78,19.93,19.94,19.95,19.96,19.97,19.98,19.99,20.0,20.02,20.03,14600,2700,12000,900,2400,400,2300,1300,4000,300,15900,15400,11700,7500,900,8300,19900,10200,1100,400
295.0,19.92,247100,4908841.0,19.92,19.89,19.86,19.85,19.84,19.83,19.81,19.8,19.79,19.78,19.93,19.94,19.95,19.96,19.97,19.98,19.99,20.0,20.02,20.03,14600,2700,12000,900,2400,400,2300,1300,4000,300,16200,15400,11700,7500,900,8300,19900,11500,1100,400
296.0,19.92,247600,4918801.0,19.92,19.89,19.86,19.85,19.84,19.83,19.81,19.8,19.79,19.78,19.93,19.94,19.95,19.96,19.97,19.98,19.99,20.0,20.02,20.03,14100,2700,12000,900,2400,400,2300,1300,4000,300,16200,15400,11700,7500,900,8300,19900,11500,1100,400
297.0,19.92,248600,4938721.0,19.92,19.89,19.86,19.85,19.84,19.83,19.81,19.8,19.79,19.78,19.93,19.94,19.95,19.96,19.97,19.98,19.99,20.0,20.02,20.03,13100,2700,12000,900,2400,400,2300,1300,4000,300,16200,15400,11700,7500,900,8300,19900,11500,1100,400
298.0,19.95,291900,5802078.0,19.95,19.94,19.93,19.92,19.89,19.86,19.85,19.84,19.83,19.81,19.96,19.97,19.98,19.99,20.0,20.02,20.03,20.05,20.08,20.1,3500,800,8900,13100,2700,12000,900,2400,400,2300,7500,900,8300,19900,11500,1100,400,300,200,4600
299.0,19.96,299400,5951778.0,19.96,19.95,19.93,19.92,19.89,19.86,19.85,19.84,19.83,19.81,19.97,19.98,19.99,20.0,20.02,20.03,20.05,20.08,20.1,20.11,3800,3500,8900,13100,2700,12000,900,2400,400,800,900,8300,19900,11500,1100,400,300,200,4600,1000
300.0,19.96,299700,5957766.0,19.96,19.95,19.93,19.92,19.89,19.86,19.85,19.84,19.83,19.81,19.97,19.98,19.99,20.0,20.02,20.03,20.05,20.08,20.1,20.11,3500,3500,8900,13100,2700,12000,900,2400,400,800,900,8300,19900,11500,1100,400,300,200,4600,1000
301.0,19.97,300500,5973742.0,19.96,19.95,19.93,19.92,19.89,19.86,19.85,19.84,19.83,19.81,19.97,19.98,19.99,20.0,20.02,20.03,20.05,20.08,20.1,20.11,3500,3500,8900,13100,2700,12000,900,2400,400,800,100,8300,21000,11500,1100,400,300,200,4600,1000
302.0,19.98,305900,6081627.0,19.96,19.95,19.93,19.92,19.89,19.86,19.85,19.84,19.83,19.81,19.98,19.99,20.0,20.02,20.03,20.05,20.08,20.1,20.11,20.15,3200,2700,8900,13200,2700,12000,900,2400,400,800,3300,21000,11500,1100,400,300,200,4600,1000,200
303.0,19.96,306200,6087615.0,19.96,19.93,19.92,19.89,19.86,19.85,19.84,19.83,19.81,19.8,19.98,19.99,20.0,20.02,20.03,20.05,20.08,20.1,20.11,20.15,2900,8900,13200,2700,12000,900,2400,400,800,1300,3700,21000,11500,1100,400,300,200,4600,1000,200
304.0,19.96,306200,6087615.0,19.96,19.93,19.92,19.89,19.86,19.85,19.84,19.83,19.81,19.8,19.98,19.99,20.0,20.02,20.03,20.05,20.08,20.1,20.11,20.15,2900,8900,13200,2700,12000,900,2400,400,800,1300,3700,21000,10300,1100,400,300,200,4600,1000,200
305.0,19.96,306200,6087615.0,19.97,19.96,19.93,19.92,19.9,19.89,19.86,19.85,19.84,19.83,19.98,19.99,20.0,20.02,20.03,20.05,20.08,20.1,20.11,20.15,100,1600,8900,13200,5000,2700,12000,900,2400,400,3700,21000,10300,1100,400,300,200,4600,1000,200
306.0,19.98,306300,6089613.0,19.97,19.96,19.93,19.92,19.9,19.89,19.86,19.85,19.84,19.83,19.98,19.99,20.0,20.02,20.03,20.05,20.08,20.1,20.11,20.15,100,1600,8900,13200,5000,2700,12000,900,2400,400,3600,21000,10300,1100,400,300,200,4600,1000,200
307.0,19.98,306300,6089613.0,19.97,19.96,19.93,19.92,19.9,19.89,19.86,19.85,19.84,19.83,19.98,19.99,20.0,20.02,20.03,20.05,20.08,20.1,20.11,20.15,100,1200,8900,13200,5000,2700,12000,900,2400,400,3600,21000,10300,1100,400,300,200,4600,1000,200
308.0,19.98,309300,6149553.0,19.97,19.96,19.93,19.92,19.9,19.89,19.86,19.85,19.84,19.83,19.98,19.99,20.0,20.02,20.03,20.05,20.08,20.1,20.11,20.15,100,1400,8900,13200,5000,2700,12000,900,2400,400,600,19900,10300,1100,400,300,200,4600,1000,200
309.0,19.98,309300,6149553.0,19.97,19.96,19.92,19.9,19.89,19.86,19.85,19.84,19.83,19.81,19.98,19.99,20.0,20.02,20.03,20.05,20.08,20.1,20.11,20.15,100,1400,13200,5000,2700,12000,900,2400,400,800,600,19900,10300,1100,400,400,200,4600,1000,200
310.0,19.98,309900,6161541.0,19.98,19.97,19.96,19.92,19.9,19.89,19.86,19.85,19.84,19.83,19.99,20.0,20.02,20.03,20.05,20.08,20.1,20.11,20.15,20.18,1500,600,1400,13200,5000,2700,12000,900,2400,400,19900,10000,1100,400,400,200,4600,1000,200,200
311.0,19.98,309900,6161541.0,19.98,19.97,19.96,19.92,19.9,19.89,19.86,19.85,19.84,19.83,19.99,20.0,20.02,20.03,20.05,20.08,20.1,20.11,20.15,20.18,2900,500,1100,13200,5000,2100,12000,900,2400,400,19900,10000,1100,400,400,200,4600,1000,200,200
312.0,19.99,310300,6169537.0,19.98,19.97,19.96,19.92,19.9,19.89,19.86,19.85,19.84,19.83,19.99,20.0,20.02,20.03,20.05,20.08,20.1,20.11,20.15,20.18,4800,500,1100,13200,6000,2100,12000,900,2400,400,19500,10000,1100,400,400,200,4600,1000,200,200
313.0,19.99,312900,6221503.0,19.98,19.97,19.96,19.92,19.9,19.89,19.86,19.85,19.84,19.83,19.99,20.0,20.02,20.03,20.05,20.08,20.1,20.11,20.15,20.18,5000,500,1100,13200,6000,2100,12000,900,2400,400,17700,10000,1100,400,400,200,4600,1000,200,200
314.0,19.99,315400,6271458.0,19.98,19.97,19.96,19.92,19.9,19.89,19.86,19.85,19.84,19.83,19.99,20.0,20.02,20.03,20.05,20.08,20.1,20.11,20.15,20.18,3000,500,1100,13200,6000,2100,12000,900,2400,400,17200,10000,1100,400,400,200,4600,1000,200,200
315.0,19.99,315400,6271458.0,19.98,19.97,19.96,19.92,19.9,19.89,19.86,19.85,19.84,19.83,19.99,20.0,20.02,20.03,20.05,20.08,20.1,20.11,20.15,20.18,3000,500,1100,13200,6000,2100,12000,900,2400,400,17200,10000,1100,400,400,200,4600,1000,200,200
316.0,19.98,334900,6661256.0,19.98,19.97,19.96,19.92,19.9,19.89,19.86,19.85,19.84,19.83,20.0,20.02,20.03,20.05,20.08,20.1,20.11,20.15,20.18,20.2,2000,500,1100,13200,6000,2100,12000,900,2400,400,9700,1100,400,400,200,4600,1000,200,200,1500
317.0,19.98,334900,6661256.0,19.99,19.98,19.97,19.96,19.92,19.9,19.89,19.86,19.85,19.84,20.0,20.02,20.03,20.05,20.08,20.1,20.11,20.15,20.18,20.2,600,1500,500,1100,13200,6000,2100,12000,900,2400,9700,1100,400,400,200,4600,1000,200,200,1500
318.0,19.98,334900,6661256.0,19.99,19.98,19.97,19.96,19.92,19.9,19.89,19.86,19.85,19.84,20.0,20.02,20.03,20.05,20.08,20.1,20.11,20.15,20.18,20.2,900,1500,500,1100,13200,6000,2100,12000,900,2400,10000,1100,400,400,200,4600,1000,200,200,1500
319.0,19.99,335200,6667253.0,19.99,19.98,19.97,19.96,19.92,19.9,19.89,19.86,19.85,19.84,20.0,20.02,20.03,20.05,20.08,20.1,20.11,20.15,20.18,20.2,600,1500,500,1100,13200,6000,2100,12000,900,2400,10000,1100,400,400,200,4600,1000,200,200,1500
320.0,20.0,336200,6687253.0,19.99,19.98,19.97,19.96,19.92,19.9,19.89,19.86,19.85,19.84,20.0,20.02,20.03,20.05,20.08,20.1,20.11,20.15,20.18,20.2,600,1500,500,1100,13200,6000,2100,12000,900,2400,9000,1100,400,400,200,4600,1000,200,200,1500
321.0,20.0,336500,6693253.0,19.99,19.98,19.97,19.96,19.92,19.9,19.89,19.86,19.85,19.84,20.0,20.02,20.03,20.05,20.08,20.1,20.11,20.15,20.18,20.19,1500,1500,500,1100,13200,1000,2100,12000,900,2400,8700,1100,400,400,200,4600,1000,200,200,1600
322.0,20.0,336500,6693253.0,19.99,19.98,19.97,19.96,19.92,19.9,19.89,19.86,19.85,19.84,20.0,20.01,20.02,20.03,20.05,20.08,20.1,20.11,20.15,20.18,1500,1500,500,1100,13200,1000,2100,12000,900,2400,9700,1000,1100,400,400,200,4600,1000,200,200
323.0,20.0,338700,6737247.0,19.99,19.98,19.97,19.96,19.92,19.9,19.89,19.86,19.85,19.84,20.0,20.01,20.02,20.03,20.05,20.08,20.1,20.11,20.15,20.18,1000,1500,500,1100,13200,1000,2100,12000,900,2400,8400,1000,1100,400,400,200,4600,1000,200,200
324.0,19.97,343300,6829201.0,19.97,19.96,19.92,19.9,19.89,19.86,19.85,19.84,19.83,19.81,19.98,20.0,20.01,20.02,20.03,20.05,20.08,20.1,20.11,20.15,300,1100,13200,1000,2100,12000,900,2400,100,800,4900,8500,1000,1100,400,400,200,4600,1000,200
325.0,19.98,347900,6921109.0,19.97,19.96,19.92,19.9,19.89,19.86,19.85,19.84,19.83,19.81,19.98,20.0,20.01,20.02,20.03,20.05,20.08,20.1,20.11,20.15,1000,1100,13200,1000,2100,12000,900,2400,100,800,300,8500,1000,1100,400,400,200,4600,1000,200
326.0,20.0,349700,6957103.0,19.97,19.96,19.92,19.9,19.89,19.86,19.85,19.84,19.83,19.81,20.0,20.01,20.02,20.03,20.05,20.08,20.1,20.11,20.15,20.18,1000,900,13200,1000,2100,12000,900,2400,100,800,7000,1000,1100,400,400,200,4600,1000,200,200
327.0,20.0,351200,6987100.0,19.97,19.96,19.92,19.9,19.89,19.86,19.85,19.84,19.83,19.81,20.0,20.01,20.02,20.03,20.05,20.08,20.1,20.11,20.15,20.18,1800,900,13200,1000,2100,12000,900,2400,100,800,6700,1000,1100,400,400,200,4600,1000,200,200
328.0,20.0,351200,6987100.0,19.97,19.96,19.92,19.9,19.89,19.86,19.85,19.84,19.83,19.81,20.0,20.01,20.02,20.03,20.05,20.08,20.1,20.11,20.15,20.18,1800,900,13200,1000,2100,12000,900,2400,100,800,6700,1000,1100,400,400,200,4600,1000,200,200
329.0,20.0,354200,7047100.0,19.97,19.96,19.92,19.9,19.89,19.86,19.85,19.84,19.83,19.81,20.0,20.01,20.02,20.03,20.05,20.08,20.1,20.11,20.15,20.18,1800,900,13200,1000,2100,12000,900,2400,100,800,4400,1000,1100,400,400,200,4600,1000,200,200
330.0,20.0,354800,7059100.0,19.97,19.92,19.9,19.89,19.86,19.85,19.84,19.83,19.81,19.8,20.0,20.01,20.02,20.03,20.05,20.08,20.1,20.11,20.15,20.18,3400,100,1000,2100,12000,900,2400,100,800,1300,4700,1000,1100,400,400,200,4600,1000,200,200
331.0,20.0,356200,7087082.0,19.97,19.92,19.9,19.89,19.86,19.85,19.84,19.83,19.81,19.8,20.0,20.01,20.02,20.03,20.05,20.08,20.1,20.11,20.15,20.18,2800,100,1000,2100,12000,900,2400,100,800,1300,3900,1000,1100,700,400,200,4600,1000,200,200
332.0,20.0,360000,7163063.0,19.97,19.92,19.9,19.89,19.86,19.85,19.84,19.83,19.81,19.8,20.0,20.01,20.02,20.03,20.05,20.08,20.1,20.11,20.15,20.18,2300,100,1000,2100,12000,900,2400,100,800,1300,1000,1000,1100,700,400,200,4600,1000,200,200
333.0,20.0,360000,7163063.0,19.99,19.98,19.97,19.92,19.9,19.89,19.86,19.85,19.84,19.83,20.0,20.01,20.02,20.03,20.05,20.08,20.1,20.11,20.15,20.18,600,300,3900,100,1000,2100,12000,900,2400,100,2600,1000,1100,700,400,200,4600,1000,200,200
334.0,20.0,360000,7163063.0,19.99,19.98,19.97,19.92,19.9,19.89,19.86,19.85,19.84,19.83,20.0,20.01,20.02,20.03,20.05,20.08,20.1,20.11,20.15,20.18,600,300,3900,100,1000,2100,12000,900,2400,100,2900,1000,1100,700,400,200,4600,1000,200,200
335.0,19.99,360500,7173058.0,19.99,19.98,19.97,19.92,19.91,19.9,19.89,19.86,19.85,19.84,20.0,20.01,20.02,20.03,20.05,20.08,20.1,20.11,20.15,20.18,100,300,9200,100,1500,1000,2100,12000,900,2400,2900,1000,1100,700,400,200,4600,1000,200,200
336.0,19.99,360500,7173058.0,19.99,19.98,19.97,19.92,19.91,19.9,19.89,19.86,19.85,19.84,20.0,20.01,20.02,20.03,20.05,20.08,20.1,20.11,20.15,20.18,100,300,9200,100,1500,1000,2100,12000,900,2400,2900,1000,1100,700,400,200,4600,1000,200,200
337.0,20.0,363400,7231058.0,20.0,19.99,19.98,19.97,19.92,19.91,19.9,19.89,19.86,19.85,20.01,20.02,20.03,20.05,20.08,20.1,20.11,20.15,20.18,20.19,17200,100,300,9700,100,1500,1000,2100,12000,900,4100,1100,700,400,200,4600,1000,200,200,1600
338.0,20.0,364300,7249058.0,20.0,19.99,19.98,19.97,19.92,19.91,19.9,19.89,19.86,19.85,20.01,20.02,20.03,20.05,20.08,20.1,20.11,20.15,20.18,20.19,16300,100,300,9700,100,1500,1000,2100,12000,900,4100,1100,700,400,200,4600,1000,200,200,1600
339.0,20.0,364700,7257058.0,20.0,19.99,19.98,19.97,19.92,19.91,19.9,19.89,19.86,19.85,20.01,20.02,20.03,20.05,20.08,20.1,20.11,20.15,20.18,20.19,16100,100,300,9700,100,1500,1000,2100,12000,900,3800,1100,700,400,200,4600,1000,200,200,1600
340.0,20.01,365500,7273066.0,20.0,19.99,19.98,19.97,19.92,19.91,19.9,19.89,19.86,19.85,20.01,20.02,20.03,20.05,20.08,20.1,20.11,20.15,20.18,20.19,16100,100,300,9700,100,1500,1000,2100,12000,900,3100,1100,700,400,200,4600,1000,200,200,1600
341.0,20.0,367200,7307079.0,20.0,19.99,19.98,19.97,19.92,19.91,19.9,19.89,19.86,19.85,20.01,20.02,20.03,20.05,20.08,20.1,20.11,20.15,20.18,20.19,15700,100,400,9700,100,1500,1000,1000,12000,900,1800,1100,700,400,200,4600,1000,200,200,1600
342.0,20.0,370200,7367079.0,20.0,19.99,19.98,19.97,19.92,19.91,19.9,19.89,19.86,19.85,20.01,20.02,20.03,20.05,20.08,20.1,20.11,20.15,20.18,20.19,12700,100,400,9700,100,1500,1000,1000,12000,900,1900,1100,700,400,200,4600,1000,200,200,1600
343.0,20.0,370200,7367079.0,20.0,19.99,19.98,19.97,19.92,19.91,19.9,19.89,19.86,19.85,20.01,20.02,20.03,20.05,20.08,20.1,20.11,20.15,20.18,20.19,13600,100,100,9700,100,1500,1000,1000,12000,900,1900,1100,700,400,200,4600,1000,200,200,1600
344.0,20.0,371100,7385079.0,20.0,19.99,19.98,19.97,19.92,19.91,19.9,19.89,19.86,19.85,20.01,20.02,20.03,20.05,20.08,20.1,20.11,20.15,20.18,20.19,12700,100,100,4700,100,1500,1000,1000,12000,900,2000,1100,700,400,200,4600,1000,200,200,1600
345.0,20.0,371500,7393079.0,20.0,19.99,19.98,19.97,19.92,19.91,19.9,19.89,19.86,19.85,20.01,20.02,20.03,20.05,20.08,20.1,20.11,20.15,20.18,20.19,12300,100,100,4700,100,1500,1000,1000,12000,900,2000,1100,700,400,200,4600,1000,200,200,1600
346.0,20.0,371900,7401079.0,20.0,19.99,19.98,19.97,19.92,19.91,19.9,19.89,19.86,19.85,20.01,20.02,20.03,20.05,20.08,20.1,20.11,20.15,20.18,20.19,11900,100,100,4700,100,1500,1000,1000,12000,900,2200,1100,700,400,200,4600,1000,200,200,1600
347.0,20.01,377300,7509110.0,20.01,20.0,19.99,19.98,19.97,19.92,19.91,19.9,19.89,19.86,20.02,20.03,20.05,20.08,20.1,20.11,20.15,20.18,20.19,20.2,200,9600,100,100,4700,100,1500,1000,1000,12000,1100,700,400,200,4600,1000,200,200,1600,1500
348.0,20.01,377800,7519115.0,20.01,20.0,19.99,19.98,19.97,19.92,19.91,19.9,19.89,19.86,20.02,20.03,20.05,20.08,20.1,20.11,20.15,20.18,20.19,20.2,2600,9600,100,100,4700,100,1500,1000,1000,12000,1100,900,400,200,4600,1000,200,200,2100,1500
349.0,20.01,377800,7519115.0,20.01,20.0,19.99,19.98,19.97,19.92,19.91,19.9,19.89,19.86,20.02,20.03,20.05,20.08,20.1,20.11,20.15,20.18,20.19,20.2,2600,9600,100,100,4700,100,1500,1000,1000,12000,1100,900,400,200,4600,1000,200,200,2100,1500
350.0,20.01,377800,7519115.0,20.01,20.0,19.99,19.98,19.97,19.92,19.91,19.9,19.89,19.86,20.02,20.03,20.05,20.08,20.1,20.11,20.15,20.18,20.19,20.2,2600,9600,300,100,4700,100,1500,1000,1000,12000,1100,900,400,200,4600,1000,200,200,2100,1500
351.0,20.01,377800,7519115.0,20.01,20.0,19.99,19.98,19.97,19.92,19.91,19.9,19.89,19.86,20.02,20.03,20.05,20.08,20.1,20.11,20.15,20.18,20.19,20.2,2600,9800,300,100,4700,100,1500,1000,1000,12000,1100,900,400,200,4600,1000,200,200,2100,1500
352.0,20.01,381500,7593152.0,20.0,19.99,19.98,19.97,19.92,19.91,19.9,19.89,19.86,19.85,20.01,20.02,20.03,20.05,20.08,20.1,20.11,20.15,20.18,20.19,9800,300,100,4700,100,1500,1000,1000,12000,900,1600,1500,900,400,200,4600,1000,200,200,2100
353.0,20.01,383500,7633168.0,20.01,20.0,19.99,19.98,19.97,19.92,19.91,19.9,19.89,19.86,20.02,20.03,20.05,20.08,20.1,20.11,20.15,20.18,20.19,20.2,2600,9400,300,100,4700,100,1500,1000,1000,12000,1500,900,400,200,4600,1000,200,200,2100,1500
354.0,20.01,383500,7633168.0,20.01,20.0,19.99,19.98,19.97,19.92,19.91,19.9,19.89,19.86,20.02,20.03,20.05,20.08,20.1,20.11,20.15,20.18,20.19,20.2,2600,9400,300,100,4700,100,1500,1000,1000,12000,1500,900,400,200,4600,1000,200,200,2100,1500
355.0,20.01,384200,7647175.0,20.01,20.0,19.99,19.98,19.97,19.92,19.91,19.9,19.89,19.86,20.02,20.03,20.05,20.08,20.1,20.11,20.15,20.18,20.19,20.2,1900,9400,300,100,4700,100,1500,1000,1000,12000,1500,1500,400,200,4600,1000,200,200,2100,1500
356.0,20.01,384200,7647175.0,20.01,20.0,19.99,19.98,19.97,19.92,19.91,19.9,19.89,19.86,20.02,20.03,20.05,20.08,20.1,20.11,20.15,20.18,20.19,20.2,1900,9400,300,100,4700,100,1500,1000,1000,12000,1500,1500,400,200,4600,1000,200,200,2100,1500
357.0,20.05,387800,7719268.0,20.01,20.0,19.99,19.98,19.97,19.92,19.91,19.9,19.89,19.86,20.05,20.08,20.1,20.11,20.15,20.18,20.19,20.2,20.22,20.23,1600,9400,300,100,4700,100,1500,1000,1000,12000,100,200,4600,1000,200,200,2100,1500,2200,1100
358.0,20.02,390600,7775344.0,20.02,20.01,20.0,19.99,19.98,19.97,19.92,19.91,19.9,19.89,20.05,20.06,20.07,20.08,20.1,20.11,20.15,20.18,20.19,20.2,6700,5100,9400,300,100,4700,100,1500,1000,1000,3600,5800,2300,200,4600,1000,200,200,2100,1500
359.0,20.02,391000,7783352.0,20.02,20.01,20.0,19.99,19.98,19.97,19.92,19.91,19.9,19.89,20.05,20.06,20.07,20.08,20.1,20.11,20.15,20.18,20.19,20.2,6300,5100,9400,300,100,4700,100,1500,1000,1000,3600,5800,2300,200,4600,1000,200,200,2100,1500
360.0,20.02,391000,7783352.0,20.02,20.01,20.0,19.99,19.98,19.97,19.92,19.91,19.9,19.89,20.05,20.06,20.07,20.08,20.1,20.11,20.15,20.18,20.19,20.2,7400,5100,9400,300,100,4700,100,1500,1000,1000,4700,5800,2300,200,4600,1000,200,200,2100,1500
361.0,20.02,391600,7795364.0,20.03,20.02,20.01,20.0,19.99,19.98,19.97,19.92,19.91,19.9,20.05,20.06,20.07,20.08,20.1,20.11,20.15,20.18,20.19,20.2,200,7500,5100,9400,300,100,4700,100,1500,1000,5400,5800,2300,200,4600,1000,200,200,2100,1500
362.0,20.02,391600,7795364.0,20.03,20.02,20.01,20.0,19.99,19.98,19.97,19.92,19.91,19.9,20.05,20.06,20.07,20.08,20.1,20.11,20.15,20.18,20.19,20.2,200,7500,5100,9400,300,100,4700,100,1500,1000,5400,5800,2300,200,4600,1000,200,200,2100,1500
363.0,20.05,391900,7801379.0,20.03,20.02,20.01,20.0,19.99,19.98,19.97,19.92,19.91,19.9,20.05,20.06,20.07,20.08,20.1,20.11,20.15,20.18,20.19,20.2,200,7500,5100,9400,300,100,4700,100,1500,1000,5100,5800,2300,200,4600,1000,200,200,2100,1500
364.0,20.05,391900,7801379.0,20.03,20.02,20.01,20.0,19.99,19.98,19.97,19.92,19.91,19.9,20.05,20.06,20.07,20.08,20.1,20.11,20.15,20.18,20.19,20.2,200,7500,5100,9400,300,100,4700,100,1500,1000,5100,5800,2300,200,4600,1000,200,200,2100,1500
365.0,20.05,392100,7805389.0,20.03,20.02,20.01,20.0,19.99,19.98,19.97,19.92,19.91,19.9,20.05,20.06,20.07,20.08,20.1,20.11,20.15,20.18,20.19,20.2,200,7500,5100,9400,300,100,4700,100,1500,1000,4900,5800,2300,200,4600,1000,200,200,2100,1500
366.0,20.05,392100,7805389.0,20.04,20.03,20.02,20.01,20.0,19.99,19.98,19.97,19.92,19.91,20.05,20.06,20.07,20.08,20.1,20.11,20.15,20.18,20.19,20.2,300,200,7500,4100,9400,300,100,4700,100,1500,4900,5800,2300,200,4600,1000,200,200,2100,1500
367.0,20.05,392100,7805389.0,20.04,20.03,20.02,20.01,20.0,19.99,19.98,19.97,19.92,19.91,20.05,20.06,20.07,20.08,20.1,20.11,20.15,20.18,20.19,20.2,300,200,7500,4100,9400,300,100,4700,100,1500,4900,5800,2300,200,4600,1000,200,200,2100,1500
368.0,20.05,392300,7809399.0,20.04,20.03,20.02,20.01,20.0,19.99,19.98,19.97,19.92,19.91,20.05,20.06,20.07,20.08,20.09,20.1,20.11,20.15,20.18,20.19,300,200,7500,4100,9400,300,100,4700,100,1500,4700,5800,2300,200,200,4600,1000,200,200,2100
369.0,20.05,392300,7809399.0,20.04,20.03,20.02,20.01,20.0,19.99,19.98,19.97,19.92,19.91,20.05,20.07,20.08,20.09,20.1,20.11,20.15,20.18,20.19,20.2,500,400,7500,4100,9400,300,100,4700,100,1500,4700,2300,200,200,4600,1000,200,200,2100,1500
370.0,20.05,392300,7809399.0,20.04,20.03,20.02,20.01,20.0,19.99,19.98,19.97,19.92,19.91,20.05,20.08,20.09,20.1,20.11,20.15,20.18,20.19,20.2,20.22,500,400,7500,4100,9400,300,100,4700,100,1500,4700,200,200,4600,1000,200,200,2100,1500,2200
371.0,20.05,392400,7811404.0,20.04,20.03,20.02,20.01,20.0,19.99,19.98,19.97,19.92,19.91,20.05,20.06,20.08,20.09,20.1,20.11,20.15,20.18,20.19,20.2,500,400,8800,4100,8500,300,100,4700,100,1500,4600,300,500,200,4600,1000,200,200,2100,1500
372.0,20.05,392400,7811404.0,20.04,20.03,20.02,20.01,20.0,19.99,19.98,19.97,19.92,19.91,20.05,20.06,20.08,20.09,20.1,20.11,20.15,20.18,20.19,20.2,500,400,9100,4100,8500,300,100,4700,100,1500,4600,300,500,200,4600,1000,200,200,2100,1500
373.0,20.05,392900,7821429.0,20.04,20.03,20.02,20.01,20.0,19.99,19.98,19.97,19.92,19.91,20.05,20.06,20.08,20.09,20.1,20.11,20.15,20.18,20.19,20.2,2000,400,9100,4100,8500,300,100,4700,100,1500,4100,300,500,300,4600,1000,200,200,2100,1500
374.0,20.08,397800,7919688.0,20.06,20.04,20.03,20.02,20.01,20.0,19.99,19.98,19.97,19.92,20.08,20.09,20.1,20.11,20.15,20.18,20.19,20.2,20.22,20.23,500,2600,400,9100,4100,8500,300,100,4700,100,200,300,4600,1000,200,200,2100,1500,2200,1100
375.0,20.09,398300,7929731.0,20.06,20.04,20.03,20.02,20.01,20.0,19.99,19.98,19.97,19.92,20.09,20.1,20.11,20.15,20.18,20.19,20.2,20.22,20.23,20.25,500,2600,400,9100,4100,8500,300,100,4700,100,800,4600,1000,200,200,2100,1500,2200,1100,200
376.0,20.09,398500,7933749.0,20.06,20.04,20.03,20.02,20.01,20.0,19.99,19.98,19.97,19.92,20.09,20.1,20.11,20.15,20.18,20.19,20.2,20.22,20.23,20.25,500,2600,400,9100,4100,8500,300,100,4700,100,600,4600,1000,200,200,2100,1500,2200,1100,200
377.0,20.06,399800,7959836.0,20.06,20.04,20.03,20.02,20.01,20.0,19.99,19.98,19.97,19.92,20.09,20.1,20.11,20.15,20.18,20.19,20.2,20.22,20.23,20.25,200,2600,400,9100,4100,8500,300,100,4700,100,1000,4600,1000,200,200,2100,1500,2200,1100,200
378.0,20.06,399800,7959836.0,20.07,20.06,20.04,20.03,20.02,20.01,20.0,19.99,19.98,19.97,20.09,20.1,20.11,20.15,20.18,20.19,20.2,20.22,20.23,20.25,900,200,2600,400,9100,4100,8500,300,100,4700,1000,4600,1000,200,200,2100,1500,2200,1100,200
379.0,20.09,400100,7965861.0,20.07,20.06,20.05,20.04,20.03,20.02,20.01,20.0,19.99,19.98,20.09,20.1,20.11,20.15,20.18,20.19,20.2,20.22,20.23,20.25,800,200,400,2600,400,9100,4100,8500,300,100,800,4600,1000,200,200,2100,1500,2200,1100,200
380.0,20.1,401100,7985953.0,20.07,20.06,20.05,20.04,20.03,20.02,20.01,20.0,19.99,19.98,20.1,20.11,20.15,20.18,20.19,20.2,20.22,20.23,20.25,20.27,800,300,400,2600,400,9100,4100,400,300,100,4400,1000,200,200,2100,1500,2200,1100,200,700
381.0,20.06,402500,8014045.0,20.05,20.04,20.03,20.02,20.01,20.0,19.99,19.98,19.97,19.92,20.06,20.1,20.11,20.15,20.18,20.19,20.2,20.22,20.23,20.25,400,2600,400,9100,4100,400,300,100,4700,100,3600,6900,1000,200,200,2100,1500,2200,1100,200
382.0,20.06,402500,8014045.0,20.05,20.04,20.03,20.02,20.01,20.0,19.99,19.98,19.97,19.92,20.06,20.1,20.11,20.15,20.18,20.19,20.2,20.22,20.23,20.25,400,2600,400,9100,4100,400,300,100,4700,100,3600,6900,1000,200,200,2100,1500,2200,1100,200
383.0,20.06,404000,8044135.0,20.05,20.04,20.03,20.02,20.01,20.0,19.99,19.98,19.97,19.92,20.06,20.1,20.11,20.15,20.18,20.19,20.2,20.22,20.23,20.25,400,2600,400,9100,4100,400,300,100,4700,100,2100,6900,1000,200,200,2100,1500,2200,1100,200
384.0,20.06,404500,8054165.0,20.05,20.04,20.03,20.02,20.01,20.0,19.99,19.98,19.97,19.92,20.06,20.1,20.11,20.15,20.18,20.19,20.2,20.22,20.23,20.25,400,2600,400,9100,4100,400,100,100,4700,100,1600,6900,1000,200,200,2100,1500,2200,1100,200
385.0,20.06,405000,8064195.0,20.05,20.04,20.03,20.02,20.01,20.0,19.99,19.98,19.97,19.92,20.06,20.1,20.11,20.15,20.18,20.19,20.2,20.22,20.23,20.25,400,2600,400,9100,4100,400,100,100,4700,100,1100,6900,1000,200,200,2100,1500,2200,1100,200
386.0,20.04,407200,8108291.0,20.04,20.03,20.02,20.01,20.0,19.99,19.98,19.97,19.92,19.9,20.06,20.07,20.08,20.1,20.11,20.15,20.18,20.19,20.2,20.22,1000,400,9100,4100,400,100,100,4700,100,1000,900,100,4000,7200,1000,200,300,2100,1500,2200
387.0,20.07,408900,8142401.0,20.07,20.04,20.03,20.02,20.01,20.0,19.99,19.98,19.97,19.92,20.08,20.1,20.11,20.15,20.18,20.19,20.2,20.22,20.23,20.25,800,1000,400,9100,4100,400,100,100,4700,100,4000,7200,1000,200,300,2100,1500,2200,1100,200
388.0,20.07,408900,8142401.0,20.07,20.06,20.04,20.03,20.02,20.01,20.0,19.99,19.98,19.97,20.08,20.1,20.11,20.15,20.18,20.19,20.2,20.22,20.23,20.25,800,1000,1000,200,9100,4100,400,100,100,4700,4000,7200,1000,200,300,2100,1500,2200,1100,200
389.0,20.08,409200,8148425.0,20.07,20.06,20.04,20.03,20.02,20.01,20.0,19.99,19.98,19.97,20.08,20.1,20.11,20.15,20.18,20.19,20.2,20.22,20.23,20.25,2800,1000,1000,200,9100,4100,400,100,100,4700,3700,16600,1000,200,300,2100,10100,2200,1100,200
390.0,20.08,410000,8164482.0,20.07,20.06,20.04,20.03,20.02,20.01,20.0,19.99,19.98,19.97,20.08,20.1,20.11,20.15,20.18,20.19,20.2,20.22,20.23,20.25,2100,1000,1000,200,9100,4100,400,100,100,4700,4100,16600,1000,200,300,2100,10100,2200,1100,200
391.0,20.08,410000,8164482.0,20.07,20.06,20.04,20.03,20.02,20.01,20.0,19.99,19.98,19.97,20.08,20.1,20.11,20.15,20.18,20.19,20.2,20.22,20.23,20.25,2100,1100,1000,200,9100,4100,400,100,100,4700,6100,16600,1000,200,300,2100,10100,2200,1100,200
392.0,20.08,410400,8172512.0,20.07,20.06,20.04,20.03,20.02,20.01,20.0,19.99,19.98,19.97,20.08,20.1,20.11,20.15,20.18,20.19,20.2,20.22,20.23,20.25,1900,1100,1000,200,9100,4100,400,100,100,4700,5900,16600,1000,200,300,2100,10100,2200,1100,200
393.0,20.08,410600,8176528.0,20.07,20.06,20.04,20.03,20.02,20.01,20.0,19.99,19.98,19.97,20.08,20.1,20.11,20.15,20.18,20.19,20.2,20.22,20.23,20.25,1900,1100,500,200,9100,4100,400,100,100,4700,5700,16600,1000,200,300,2100,10100,2200,1100,200
394.0,20.08,410600,8176528.0,20.07,20.06,20.05,20.04,20.03,20.02,20.01,20.0,19.99,19.98,20.08,20.1,20.11,20.15,20.18,20.19,20.2,20.22,20.23,20.25,1900,1100,5000,500,200,9100,4100,400,100,100,5700,16600,1000,200,300,2100,10100,2200,1100,200
395.0,20.07,410700,8178535.0,20.07,20.06,20.05,20.04,20.03,20.02,20.01,20.0,19.99,19.98,20.08,20.1,20.11,20.15,20.18,20.19,20.2,20.22,20.23,20.25,1800,1100,5000,500,200,9100,4100,400,100,100,5700,16600,1000,200,300,2100,11100,2200,1100,200
396.0,20.08,411300,8190583.0,20.07,20.06,20.05,20.04,20.03,20.02,20.01,20.0,19.99,19.98,20.08,20.1,20.11,20.15,20.18,20.19,20.2,20.22,20.23,20.25,1800,1100,5000,500,200,9100,4100,400,100,100,5100,16600,1000,200,300,2100,11100,2200,1100,200
397.0,20.07,411400,8192590.0,20.07,20.06,20.05,20.04,20.03,20.02,20.01,20.0,19.99,19.98,20.08,20.1,20.11,20.15,20.18,20.19,20.2,20.22,20.23,20.25,1700,1100,5000,500,200,5800,4100,400,100,100,5100,16600,1000,200,300,2100,11100,2200,1100,200
398.0,20.07,413200,8228716.0,20.06,20.05,20.04,20.03,20.02,20.01,20.0,19.99,19.98,19.97,20.07,20.08,20.1,20.11,20.15,20.18,20.19,20.2,20.22,20.23,1100,5500,500,200,5800,4100,400,100,100,4700,1400,5800,16600,1000,200,300,2100,11100,2200,1100
399.0,20.08,415700,8278900.0,20.06,20.05,20.04,20.03,20.02,20.01,20.0,19.99,19.98,19.97,20.08,20.1,20.11,20.15,20.18,20.19,20.2,20.22,20.23,20.25,1000,5500,500,200,5800,4100,400,100,100,4700,4800,16600,1000,200,300,2100,11100,2200,1100,200
400.0,20.08,416800,8300988.0,20.06,20.05,20.04,20.03,20.02,20.01,20.0,19.99,19.98,19.97,20.08,20.1,20.11,20.15,20.18,20.19,20.2,20.22,20.23,20.25,1000,5500,500,200,5800,4100,400,100,100,4700,3700,16600,1000,200,300,2100,11100,2200,1100,200
401.0,20.08,418700,8339138.0,20.06,20.05,20.04,20.03,20.02,20.01,20.0,19.99,19.98,19.97,20.08,20.09,20.1,20.11,20.15,20.18,20.19,20.2,20.22,20.23,1000,5500,100,200,5800,4100,400,100,100,4700,3000,900,16600,1000,200,300,2100,11100,2200,1100
402.0,20.06,419000,8345156.0,20.06,20.05,20.04,20.03,20.02,20.01,20.0,19.99,19.98,19.97,20.07,20.08,20.09,20.1,20.11,20.15,20.18,20.19,20.2,20.22,700,5500,100,200,5800,4100,400,100,100,4700,9400,3000,900,16600,1000,200,300,2100,11100,2200
403.0,20.07,433900,8644268.0,20.07,20.06,20.05,20.04,20.03,20.02,20.01,20.0,19.99,19.98,20.08,20.09,20.1,20.11,20.15,20.18,20.19,20.2,20.22,20.23,600,700,5500,100,200,5800,4100,400,100,100,100,5100,16600,1000,200,300,2100,11100,2200,1100
404.0,20.07,433900,8644268.0,20.07,20.06,20.05,20.04,20.03,20.02,20.01,20.0,19.99,19.98,20.08,20.09,20.1,20.11,20.15,20.18,20.19,20.2,20.22,20.23,600,700,5500,100,200,5800,4100,400,100,100,100,5100,16600,1000,200,300,2100,11100,2200,1100
405.0,20.07,434700,8660330.0,20.07,20.06,20.05,20.04,20.03,20.02,20.01,20.0,19.99,19.98,20.09,20.1,20.11,20.15,20.16,20.18,20.19,20.2,20.22,20.23,400,700,5500,100,200,5800,4100,500,100,100,5100,16600,1000,200,1000,300,2100,11100,2200,1100
406.0,20.07,434700,8660330.0,20.07,20.06,20.05,20.04,20.03,20.02,20.01,20.0,19.99,19.98,20.09,20.1,20.11,20.15,20.16,20.18,20.19,20.2,20.22,20.23,400,700,5500,100,200,5800,4100,500,100,100,5100,17900,1000,200,1000,300,2100,11100,2200,1100
407.0,20.07,434700,8660330.0,20.07,20.06,20.05,20.04,20.03,20.02,20.01,20.0,19.99,19.98,20.09,20.1,20.11,20.15,20.16,20.18,20.19,20.2,20.22,20.23,400,700,5500,100,200,5800,4100,500,100,100,5200,8500,1000,200,1000,300,2100,11100,2200,1100
408.0,20.07,434700,8660330.0,20.07,20.06,20.05,20.04,20.03,20.02,20.01,20.0,19.99,19.98,20.09,20.1,20.11,20.15,20.16,20.18,20.19,20.2,20.22,20.23,1300,700,5500,100,200,5800,4100,500,100,100,5400,8500,1000,200,1000,300,2100,11100,2200,1100
409.0,20.07,436000,8686421.0,20.06,20.05,20.04,20.03,20.02,20.01,20.0,19.99,19.98,19.97,20.07,20.09,20.1,20.11,20.15,20.16,20.18,20.19,20.2,20.22,700,5600,100,200,5800,4100,500,100,100,4700,8800,5500,8500,1000,200,1000,300,2100,11100,2200
410.0,20.07,439000,8746631.0,20.06,20.05,20.04,20.03,20.02,20.01,20.0,19.99,19.98,19.97,20.07,20.09,20.1,20.11,20.15,20.16,20.18,20.19,20.2,20.22,700,5600,100,200,5800,4100,500,100,100,4700,5800,5600,8500,1000,200,1000,300,2100,11100,2200
