LocalTime,LastPrice,TradeVolume,TradeValue,BidPrice1,BidPrice2,BidPrice3,BidPrice4,BidPrice5,BidPrice6,BidPrice7,BidPrice8,BidPrice9,BidPriceA,AskPrice1,AskPrice2,AskPrice3,AskPrice4,AskPrice5,AskPrice6,AskPrice7,AskPrice8,AskPrice9,AskPriceA,BidVolume1,BidVolume2,BidVolume3,BidVolume4,BidVolume5,BidVolume6,BidVolume7,BidVolume8,BidVolume9,BidVolumeA,AskVolume1,AskVolume2,AskVolume3,AskVolume4,AskVolume5,AskVolume6,AskVolume7,AskVolume8,AskVolume9,AskVolumeA
0.0,13.31,2300,30613.0,13.32,13.25,13.2,13.17,13.15,13.14,13.12,13.1,13.0,12.9,13.4,13.42,13.43,13.45,13.51,13.53,13.54,13.57,13.58,13.6,900,400,25200,1700,1500,300,800,10600,1100,500,100,6100,1500,2100,200,100,500,1500,5000,1000
1.0,13.31,3400,45263.0,13.31,13.25,13.23,13.2,13.17,13.15,13.14,13.12,13.1,13.0,13.39,13.4,13.42,13.43,13.45,13.51,13.53,13.54,13.57,13.58,800,400,2000,25200,1700,1500,300,800,10600,1100,200,100,6100,1500,2100,200,900,500,1500,5000
2.0,13.31,3400,45263.0,13.31,13.25,13.23,13.2,13.17,13.15,13.14,13.12,13.1,13.0,13.39,13.4,13.41,13.42,13.43,13.45,13.5,13.51,13.53,13.54,800,400,2000,22000,1700,2500,300,800,10600,1100,200,100,200,6100,1500,2100,200,200,900,500
3.0,13.32,3800,50591.0,13.31,13.27,13.25,13.23,13.2,13.17,13.15,13.14,13.13,13.12,13.32,13.39,13.4,13.41,13.42,13.43,13.45,13.49,13.5,13.51,800,1000,400,2000,22000,1700,2500,300,400,800,400,500,2100,200,6100,1500,2100,1900,200,200
4.0,13.32,3800,50591.0,13.31,13.27,13.25,13.23,13.2,13.18,13.17,13.15,13.14,13.13,13.32,13.39,13.4,13.41,13.42,13.43,13.45,13.49,13.5,13.51,800,1000,400,2000,22000,700,1700,2500,300,400,400,500,2100,200,6100,1500,2400,1900,200,2200
5.0,13.32,3800,50591.0,13.31,13.27,13.25,13.23,13.2,13.18,13.17,13.15,13.14,13.13,13.32,13.39,13.4,13.41,13.42,13.43,13.45,13.49,13.5,13.51,800,1000,500,2000,22000,700,1700,2500,300,400,900,600,2100,200,6100,1500,2400,1900,200,2200
6.0,13.32,3800,50591.0,13.31,13.27,13.25,13.23,13.2,13.18,13.17,13.15,13.14,13.13,13.32,13.39,13.4,13.41,13.42,13.43,13.45,13.49,13.5,13.51,800,1000,10500,2000,22000,700,1700,2500,300,400,900,800,7100,200,6100,1500,2400,1900,1200,2200
7.0,13.32,4300,57250.0,13.31,13.27,13.25,13.23,13.2,13.18,13.17,13.15,13.14,13.13,13.32,13.39,13.4,13.41,13.42,13.43,13.45,13.49,13.5,13.51,900,1000,10500,2000,22000,700,1700,2500,300,400,500,800,7100,200,6100,1500,2400,1900,1200,2200
8.0,13.32,4400,58582.0,13.31,13.27,13.25,13.23,13.21,13.2,13.18,13.17,13.15,13.14,13.32,13.39,13.4,13.41,13.42,13.43,13.45,13.49,13.5,13.51,700,1000,10500,2000,500,22000,700,1700,2500,300,400,800,7100,200,6100,1500,2400,1900,1200,5000
9.0,13.31,4600,61245.0,13.31,13.27,13.25,13.23,13.21,13.2,13.18,13.17,13.15,13.14,13.32,13.39,13.4,13.41,13.42,13.43,13.45,13.49,13.5,13.51,600,1000,10500,2000,500,22000,700,1700,2500,1300,300,800,7100,200,6100,1500,2400,1900,2000,5000
10.0,13.32,5200,69234.0,13.31,13.27,13.25,13.23,13.21,13.2,13.18,13.17,13.15,13.14,13.32,13.39,13.4,13.41,13.42,13.43,13.44,13.45,13.49,13.5,900,1000,10500,2000,500,22000,700,1700,2500,1300,100,900,7100,200,6100,1500,400,2400,1900,2000
11.0,13.32,5800,77223.0,13.31,13.27,13.25,13.23,13.21,13.2,13.18,13.17,13.15,13.14,13.32,13.38,13.39,13.4,13.41,13.42,13.43,13.44,13.45,13.49,700,1000,10500,2000,500,22000,700,1700,2500,1300,3200,1200,900,7100,200,6100,1500,400,2400,1900
12.0,13.32,7600,101193.0,13.31,13.27,13.25,13.23,13.21,13.2,13.18,13.17,13.15,13.14,13.32,13.37,13.38,13.39,13.4,13.41,13.42,13.43,13.44,13.45,1800,1000,10500,2000,500,22000,700,1700,2500,1300,2300,14500,700,15000,7100,200,6100,1500,400,2400
13.0,13.31,10700,142454.0,13.27,13.25,13.23,13.21,13.2,13.18,13.17,13.15,13.14,13.13,13.29,13.3,13.31,13.32,13.37,13.38,13.39,13.4,13.41,13.42,1200,10500,2000,500,22000,700,1700,2500,1300,400,1500,700,8900,2300,14500,200,15000,7300,200,6100
14.0,13.27,10800,143781.0,13.27,13.25,13.23,13.21,13.2,13.18,13.17,13.15,13.14,13.13,13.29,13.3,13.31,13.32,13.38,13.39,13.4,13.41,13.42,13.43,900,10500,2000,500,22000,700,1700,2500,1300,400,2000,800,9200,2200,100,15000,7300,200,6100,1500
15.0,13.29,10900,145110.0,13.27,13.25,13.23,13.21,13.2,13.18,13.17,13.15,13.14,13.13,13.29,13.3,13.31,13.32,13.38,13.39,13.4,13.41,13.42,13.43,1000,10500,2000,500,22000,700,1700,2500,1300,400,2000,800,9200,2200,100,15000,7300,200,6100,1500
16.0,13.28,11000,146438.0,13.27,13.25,13.23,13.21,13.2,13.18,13.17,13.15,13.14,13.13,13.29,13.3,13.31,13.32,13.38,13.39,13.4,13.41,13.42,13.43,1000,10500,2000,500,22000,700,1700,2500,1300,400,1500,800,9100,2200,100,15000,7300,200,6100,1500
17.0,13.29,11600,154412.0,13.27,13.25,13.23,13.21,13.2,13.18,13.17,13.15,13.14,13.13,13.29,13.3,13.31,13.32,13.38,13.39,13.4,13.41,13.42,13.43,1000,10500,2000,500,22000,700,1700,2500,1300,400,900,800,9000,2200,100,15000,7300,200,6100,1500
18.0,13.29,11600,154412.0,13.27,13.25,13.23,13.21,13.2,13.18,13.17,13.15,13.14,13.13,13.29,13.3,13.31,13.32,13.38,13.39,13.4,13.41,13.42,13.43,1000,10500,2000,500,22000,700,1700,2500,1300,400,900,800,9000,2200,100,15000,7300,200,6100,1500
19.0,13.29,11600,154412.0,13.27,13.25,13.23,13.21,13.2,13.18,13.17,13.15,13.14,13.13,13.29,13.3,13.31,13.32,13.38,13.39,13.4,13.41,13.42,13.43,1000,10500,2000,500,22000,700,1700,2500,1300,400,900,800,9000,2200,100,15000,7300,200,6100,1500
20.0,13.29,11900,158399.0,13.27,13.25,13.23,13.21,13.2,13.18,13.17,13.15,13.14,13.13,13.29,13.3,13.31,13.32,13.38,13.39,13.4,13.41,13.42,13.43,1100,10500,2000,500,22000,700,1700,2500,1300,400,600,900,9000,2200,100,15000,7300,200,6100,1500
21.0,13.29,11900,158399.0,13.27,13.25,13.23,13.21,13.2,13.18,13.17,13.15,13.14,13.13,13.29,13.3,13.31,13.32,13.38,13.39,13.4,13.41,13.42,13.43,1100,10500,2000,500,22000,700,1700,2500,1300,400,600,900,9000,2200,100,15000,7300,200,6100,1500
22.0,13.27,12700,169015.0,13.27,13.25,13.23,13.21,13.2,13.18,13.17,13.15,13.14,13.13,13.29,13.3,13.31,13.32,13.38,13.39,13.4,13.41,13.42,13.43,300,10500,2000,500,22000,700,1700,2500,1300,400,600,900,9000,2200,100,15000,7300,200,6100,1500
23.0,13.27,12700,169015.0,13.27,13.25,13.23,13.21,13.2,13.18,13.17,13.15,13.14,13.13,13.28,13.29,13.3,13.31,13.32,13.38,13.39,13.4,13.41,13.42,300,10500,2000,500,22000,700,1700,2500,1300,400,300,600,900,8300,2200,100,15000,7300,200,6100
24.0,13.27,12700,169015.0,13.27,13.25,13.23,13.21,13.2,13.18,13.17,13.15,13.14,13.13,13.28,13.29,13.3,13.31,13.32,13.38,13.39,13.4,13.41,13.42,300,10500,2000,500,22000,700,1700,2500,1300,400,300,600,900,7100,2200,100,15000,7100,200,6100
25.0,13.27,12900,171669.0,13.27,13.25,13.23,13.21,13.2,13.18,13.17,13.15,13.14,13.13,13.28,13.29,13.3,13.31,13.32,13.38,13.39,13.4,13.41,13.42,200,10500,2000,500,22000,700,1700,2500,1300,400,300,600,900,3600,2200,100,15000,7100,200,6100
26.0,13.27,12900,171669.0,13.27,13.25,13.23,13.21,13.2,13.18,13.17,13.15,13.14,13.13,13.28,13.29,13.3,13.31,13.32,13.38,13.39,13.4,13.41,13.42,200,10500,2000,500,22000,700,1700,2500,1300,400,600,600,800,3400,2200,100,15000,7100,200,6100
27.0,13.27,12900,171669.0,13.27,13.25,13.23,13.21,13.2,13.18,13.17,13.15,13.14,13.13,13.28,13.29,13.3,13.31,13.32,13.38,13.39,13.4,13.41,13.42,200,10500,2000,500,22000,700,1700,2500,1300,400,600,600,800,400,2200,100,15000,7100,200,6100
28.0,13.27,12900,171669.0,13.27,13.25,13.23,13.21,13.2,13.18,13.17,13.15,13.14,13.13,13.28,13.29,13.3,13.31,13.32,13.38,13.39,13.4,13.41,13.42,200,10500,2000,500,22000,700,1700,2500,1300,400,600,600,800,400,2200,100,15000,7100,200,6100
29.0,13.27,12900,171669.0,13.27,13.25,13.23,13.21,13.2,13.18,13.17,13.15,13.14,13.13,13.28,13.29,13.3,13.31,13.32,13.38,13.39,13.4,13.41,13.42,200,10500,2000,500,22000,700,1700,2500,1300,400,600,700,800,400,2200,100,15000,7100,200,6100
30.0,13.27,12900,171669.0,13.27,13.25,13.23,13.21,13.2,13.18,13.17,13.15,13.14,13.13,13.28,13.29,13.3,13.31,13.32,13.38,13.39,13.4,13.41,13.42,200,10500,2000,500,22000,700,1700,2500,1300,400,600,700,800,400,2200,100,15000,7100,200,6100
31.0,13.28,13100,174325.0,13.27,13.25,13.23,13.22,13.21,13.2,13.18,13.17,13.15,13.14,13.28,13.29,13.3,13.31,13.32,13.38,13.39,13.4,13.41,13.42,200,10500,2000,2000,500,22000,700,1700,2500,1300,400,700,800,400,2200,100,15000,7100,200,6100
32.0,13.28,13100,174325.0,13.27,13.25,13.23,13.22,13.21,13.2,13.18,13.17,13.15,13.14,13.28,13.29,13.3,13.31,13.32,13.38,13.39,13.4,13.41,13.42,200,10500,2000,2000,500,22000,700,1700,2500,1300,400,700,800,400,2100,100,15000,7100,200,6100
33.0,13.28,13100,174325.0,13.27,13.25,13.23,13.22,13.21,13.2,13.18,13.17,13.15,13.14,13.28,13.29,13.3,13.31,13.32,13.38,13.39,13.4,13.41,13.42,200,10500,2000,2000,500,22000,700,1700,2500,1300,400,700,800,400,2100,100,15000,7100,200,6100
34.0,13.28,13100,174325.0,13.27,13.25,13.23,13.22,13.21,13.2,13.18,13.17,13.15,13.14,13.28,13.29,13.3,13.31,13.32,13.38,13.39,13.4,13.41,13.42,200,10500,2000,2000,500,22000,700,1700,2500,1300,400,700,800,400,2100,100,15000,7100,200,6100
35.0,13.28,13100,174325.0,13.27,13.25,13.23,13.22,13.21,13.2,13.18,13.17,13.15,13.14,13.28,13.29,13.3,13.31,13.32,13.38,13.39,13.4,13.41,13.42,200,10500,2000,2000,500,22000,700,1700,2500,1300,400,700,800,400,2100,100,15000,7100,200,6100
36.0,13.28,13200,175653.0,13.27,13.25,13.23,13.22,13.21,13.2,13.18,13.17,13.15,13.14,13.28,13.29,13.3,13.31,13.32,13.38,13.39,13.4,13.41,13.42,200,10500,2000,2000,500,22000,700,1700,2500,1300,300,700,800,400,2100,100,15000,7100,200,6100
37.0,13.28,13200,175653.0,13.27,13.25,13.23,13.22,13.21,13.2,13.18,13.17,13.15,13.14,13.28,13.29,13.3,13.31,13.32,13.38,13.39,13.4,13.41,13.42,200,10500,2000,2000,500,22000,700,1700,2500,1300,300,700,800,400,2100,100,15000,7100,200,6100
38.0,13.28,13200,175653.0,13.27,13.25,13.23,13.22,13.21,13.2,13.18,13.17,13.15,13.14,13.28,13.29,13.3,13.31,13.32,13.38,13.39,13.4,13.41,13.42,200,10500,2000,2000,500,22000,700,1700,2500,1300,400,700,800,700,2000,100,15000,7100,200,6100
39.0,13.28,13200,175653.0,13.27,13.25,13.23,13.22,13.21,13.2,13.18,13.17,13.15,13.14,13.28,13.29,13.3,13.31,13.32,13.38,13.39,13.4,13.41,13.42,200,10500,2000,2000,500,22000,700,1700,2500,1300,400,700,800,700,2000,100,15000,7100,200,6100
40.0,13.28,13200,175653.0,13.27,13.25,13.23,13.22,13.21,13.2,13.18,13.17,13.15,13.14,13.28,13.29,13.3,13.31,13.32,13.38,13.39,13.4,13.41,13.42,300,10500,2000,2000,500,22000,700,1700,2500,1300,500,700,800,700,2000,100,15000,7100,200,6100
41.0,13.28,13200,175653.0,13.27,13.25,13.23,13.22,13.21,13.2,13.18,13.17,13.15,13.14,13.28,13.29,13.3,13.31,13.32,13.38,13.39,13.4,13.41,13.42,300,10500,2000,2000,500,22000,700,1700,2500,1300,500,700,800,700,2000,100,15000,7100,200,6100
42.0,13.28,13200,175653.0,13.27,13.25,13.23,13.22,13.21,13.2,13.18,13.17,13.15,13.14,13.28,13.29,13.3,13.31,13.32,13.38,13.39,13.4,13.41,13.42,300,10500,2000,2000,500,22000,700,1700,2500,1300,500,700,800,700,2000,100,15000,2100,200,6100
43.0,13.28,13200,175653.0,13.27,13.25,13.23,13.22,13.21,13.2,13.18,13.17,13.15,13.14,13.28,13.29,13.3,13.31,13.32,13.38,13.39,13.4,13.41,13.42,300,10500,2000,2000,500,22000,700,1700,2500,1300,500,700,800,700,2000,100,15000,2100,200,6100
44.0,13.28,13200,175653.0,13.27,13.25,13.23,13.22,13.21,13.2,13.18,13.17,13.15,13.14,13.28,13.29,13.3,13.31,13.32,13.38,13.39,13.4,13.41,13.42,300,10500,2000,2000,500,22000,700,1700,2500,1300,500,700,800,700,2000,100,15000,2100,200,6100
45.0,13.28,13200,175653.0,13.27,13.25,13.23,13.22,13.21,13.2,13.18,13.17,13.15,13.14,13.28,13.29,13.3,13.31,13.32,13.38,13.39,13.4,13.41,13.42,300,10500,2000,2000,500,22000,700,1700,2500,1300,500,700,800,700,2000,100,15000,2100,200,6100
46.0,13.28,13200,175653.0,13.27,13.25,13.23,13.22,13.21,13.2,13.18,13.17,13.15,13.14,13.28,13.29,13.3,13.31,13.32,13.38,13.39,13.4,13.41,13.42,300,10500,2000,2000,500,22000,700,1700,2500,1300,500,700,800,700,2000,100,15000,2100,200,6100
47.0,13.28,13600,180965.0,13.27,13.25,13.23,13.22,13.21,13.2,13.18,13.17,13.15,13.14,13.28,13.29,13.3,13.31,13.32,13.38,13.39,13.4,13.41,13.42,500,10500,2000,2000,500,22000,700,1700,2500,1300,100,700,800,700,2000,100,15000,2100,200,6100
48.0,13.28,13700,182293.0,13.28,13.27,13.25,13.23,13.22,13.21,13.2,13.18,13.17,13.15,13.29,13.3,13.31,13.32,13.38,13.39,13.4,13.41,13.42,13.43,100,600,10500,2000,2000,500,22000,700,1700,2500,700,800,700,2000,100,15000,2100,200,6100,1500
49.0,13.28,13700,182293.0,13.28,13.27,13.25,13.23,13.22,13.21,13.2,13.18,13.17,13.15,13.29,13.3,13.31,13.32,13.38,13.39,13.4,13.41,13.42,13.43,1300,500,10500,2000,2000,500,22000,700,1700,2500,300,800,700,2000,100,15000,2100,200,6100,1500
50.0,13.29,14600,194254.0,13.28,13.27,13.25,13.23,13.22,13.21,13.2,13.18,13.17,13.15,13.29,13.3,13.31,13.32,13.38,13.39,13.4,13.41,13.42,13.43,1300,500,10500,2000,2000,500,22000,700,1700,2500,300,800,700,2000,500,15000,2100,200,6100,1500
51.0,13.29,14600,194254.0,13.28,13.27,13.25,13.23,13.22,13.21,13.2,13.18,13.17,13.15,13.29,13.3,13.31,13.32,13.38,13.39,13.4,13.41,13.42,13.43,1300,500,10500,2000,2000,500,22000,700,1700,2500,300,800,700,2000,500,15000,2100,200,6100,1500
52.0,13.29,14700,195583.0,13.28,13.27,13.25,13.23,13.22,13.21,13.2,13.18,13.17,13.15,13.29,13.3,13.31,13.32,13.38,13.39,13.4,13.41,13.42,13.43,1300,500,10500,2000,2000,500,22000,700,1700,2500,200,800,700,2000,500,15000,2100,200,6100,1500
53.0,13.28,14800,196911.0,13.28,13.27,13.25,13.23,13.22,13.21,13.2,13.18,13.17,13.15,13.29,13.3,13.31,13.32,13.38,13.39,13.4,13.41,13.42,13.43,1200,500,10500,7000,2000,500,22000,700,1700,2500,200,800,700,2000,500,15000,2100,200,6100,1500
54.0,13.29,15200,202224.0,13.28,13.27,13.25,13.23,13.22,13.21,13.2,13.18,13.17,13.15,13.29,13.3,13.31,13.32,13.38,13.39,13.4,13.41,13.42,13.43,900,500,10500,7000,2000,500,22000,700,1700,2500,100,800,700,1800,500,15000,2100,200,6100,1500
55.0,13.29,15200,202224.0,13.28,13.27,13.25,13.23,13.22,13.21,13.2,13.18,13.17,13.15,13.29,13.3,13.31,13.32,13.38,13.39,13.4,13.41,13.42,13.43,900,400,10500,7000,2000,500,22000,700,1700,2500,100,800,700,1800,500,15000,2100,200,6100,1500
56.0,13.29,15300,203553.0,13.29,13.28,13.27,13.25,13.23,13.22,13.21,13.2,13.18,13.17,13.3,13.31,13.32,13.38,13.39,13.4,13.41,13.42,13.43,13.44,200,900,400,10500,7000,2000,500,22000,700,1700,800,700,1800,500,15000,2100,200,6100,1500,400
57.0,13.29,15300,203553.0,13.29,13.28,13.27,13.25,13.23,13.22,13.21,13.2,13.18,13.17,13.3,13.31,13.32,13.38,13.39,13.4,13.41,13.42,13.43,13.44,500,900,400,10500,7000,2000,500,22000,700,1700,800,700,1800,500,15000,2100,200,6100,1500,400
58.0,13.29,15300,203553.0,13.29,13.28,13.27,13.26,13.25,13.23,13.22,13.21,13.2,13.18,13.3,13.31,13.32,13.38,13.39,13.4,13.41,13.42,13.43,13.44,900,900,400,700,10500,7000,2000,500,22000,700,800,700,1800,500,15000,2100,200,6100,1500,400
59.0,13.29,15300,203553.0,13.29,13.28,13.27,13.26,13.25,13.23,13.22,13.21,13.2,13.18,13.3,13.31,13.32,13.38,13.39,13.4,13.41,13.42,13.43,13.44,900,900,400,700,10500,7000,2000,500,22000,700,800,700,1800,500,15000,2100,200,6100,1500,400
60.0,13.3,16100,214193.0,13.3,13.29,13.28,13.27,13.26,13.25,13.23,13.22,13.21,13.2,13.31,13.32,13.38,13.39,13.4,13.41,13.42,13.43,13.44,13.45,600,900,800,400,700,10500,7000,2000,500,22000,700,1800,500,15000,2100,200,6100,1500,400,2400
61.0,13.3,16400,218183.0,13.3,13.29,13.28,13.27,13.26,13.25,13.23,13.22,13.21,13.2,13.31,13.32,13.38,13.39,13.4,13.41,13.42,13.43,13.44,13.45,300,1200,800,400,700,10500,7000,2000,500,22000,900,1800,500,15000,2100,200,6100,1500,400,2400
62.0,13.3,16800,223504.0,13.3,13.29,13.28,13.27,13.26,13.25,13.23,13.22,13.21,13.2,13.31,13.32,13.38,13.39,13.4,13.41,13.42,13.43,13.44,13.45,300,900,600,400,700,10500,7000,2000,500,22000,800,1900,500,15000,2100,200,6100,1500,400,2400
63.0,13.31,17300,230159.0,13.3,13.29,13.27,13.26,13.25,13.23,13.22,13.21,13.2,13.18,13.31,13.32,13.38,13.39,13.4,13.41,13.42,13.43,13.44,13.45,300,1600,400,700,10500,7000,2000,500,22000,700,300,1900,500,15000,2100,200,6100,1500,400,2400
64.0,13.3,17400,231489.0,13.3,13.29,13.27,13.26,13.25,13.23,13.22,13.21,13.2,13.18,13.31,13.32,13.38,13.39,13.4,13.41,13.42,13.43,13.44,13.45,200,1600,400,700,10500,7000,2000,500,22000,700,300,1900,500,15000,2100,200,6100,1500,400,2400
65.0,13.3,17400,231489.0,13.3,13.29,13.27,13.26,13.25,13.23,13.22,13.21,13.2,13.18,13.31,13.32,13.38,13.39,13.4,13.41,13.42,13.43,13.44,13.45,300,1600,400,700,10500,7000,2000,500,22000,700,300,1900,500,15000,2100,200,6100,1500,400,2400
66.0,13.3,17500,232819.0,13.3,13.29,13.27,13.26,13.25,13.23,13.22,13.21,13.2,13.18,13.31,13.32,13.38,13.39,13.4,13.41,13.42,13.43,13.44,13.45,200,1600,400,700,10500,7000,2000,500,22000,700,300,1900,500,15000,2100,200,6100,1500,400,2400
67.0,13.31,17800,236812.0,13.31,13.3,13.29,13.27,13.26,13.25,13.23,13.22,13.21,13.2,13.32,13.38,13.39,13.4,13.41,13.42,13.43,13.44,13.45,13.49,200,200,1500,300,700,10500,7000,2000,500,22000,1900,500,14700,2100,200,6100,1500,400,2400,1900
68.0,13.31,18000,239474.0,13.31,13.3,13.29,13.27,13.26,13.25,13.23,13.22,13.21,13.2,13.32,13.38,13.39,13.4,13.41,13.42,13.43,13.44,13.45,13.49,200,200,1500,300,700,12700,7000,2000,500,22000,1500,500,14700,2100,200,6100,1500,400,2400,1900
69.0,13.31,18000,239474.0,13.31,13.3,13.29,13.27,13.26,13.25,13.23,13.22,13.21,13.2,13.32,13.38,13.39,13.4,13.41,13.42,13.43,13.44,13.45,13.49,200,200,1300,300,700,12700,7000,2000,500,22000,1700,500,14700,2100,200,6100,1500,400,2400,1900
70.0,13.32,18100,240806.0,13.31,13.3,13.29,13.27,13.26,13.25,13.23,13.22,13.21,13.2,13.32,13.38,13.39,13.4,13.41,13.42,13.43,13.44,13.45,13.49,200,200,1000,300,700,12700,7000,2000,500,22000,1600,500,14700,2100,200,6100,1500,400,2400,1900
71.0,13.32,18100,240806.0,13.31,13.3,13.29,13.27,13.26,13.25,13.23,13.22,13.21,13.2,13.32,13.38,13.39,13.4,13.41,13.42,13.43,13.44,13.45,13.49,200,200,700,300,700,12700,7000,2000,500,22000,1600,500,14700,2100,200,6100,1500,400,2400,1900
72.0,13.32,18100,240806.0,13.31,13.3,13.29,13.27,13.26,13.25,13.23,13.22,13.21,13.2,13.32,13.38,13.39,13.4,13.41,13.42,13.43,13.44,13.45,13.49,200,200,700,300,700,12700,7000,2000,500,22000,1600,500,14700,2100,200,6100,1500,400,2400,1900
73.0,13.32,18200,242138.0,13.31,13.3,13.29,13.27,13.26,13.25,13.23,13.22,13.21,13.2,13.32,13.38,13.39,13.4,13.41,13.42,13.43,13.44,13.45,13.49,200,200,700,300,700,12700,7000,2000,500,22000,1500,500,14700,2100,200,6100,1500,400,2400,1900
74.0,13.32,18200,242138.0,13.31,13.3,13.29,13.27,13.26,13.25,13.23,13.22,13.21,13.2,13.32,13.38,13.39,13.4,13.41,13.42,13.43,13.44,13.45,13.49,200,200,700,300,700,12700,7000,2000,500,22000,1500,500,14700,2100,200,6100,1500,400,2400,1900
75.0,13.32,18200,242138.0,13.31,13.3,13.29,13.27,13.26,13.25,13.23,13.22,13.21,13.2,13.32,13.38,13.39,13.4,13.41,13.42,13.43,13.44,13.45,13.49,200,200,700,300,800,12700,7000,2000,500,22000,1700,500,14700,2100,200,6100,1500,400,2400,1900
76.0,13.31,18400,244800.0,13.3,13.29,13.27,13.26,13.25,13.23,13.22,13.21,13.2,13.18,13.31,13.32,13.38,13.39,13.4,13.41,13.42,13.43,13.44,13.45,200,700,300,800,12700,7000,2000,500,22000,700,300,1700,500,14700,2100,200,6100,1500,400,2400
77.0,13.31,18400,244800.0,13.3,13.29,13.27,13.26,13.25,13.23,13.22,13.21,13.2,13.18,13.31,13.32,13.38,13.39,13.4,13.41,13.42,13.43,13.44,13.45,200,700,300,800,12700,7000,2100,500,22000,700,300,1700,500,14700,2100,200,6100,1500,400,2400
78.0,13.31,18600,247462.0,13.3,13.29,13.27,13.26,13.25,13.23,13.22,13.21,13.2,13.18,13.31,13.32,13.38,13.39,13.4,13.41,13.42,13.43,13.44,13.45,1900,700,300,800,12700,7000,2100,500,22000,700,100,1700,500,14700,2100,200,6100,1500,400,2400
79.0,13.31,18600,247462.0,13.3,13.29,13.27,13.26,13.25,13.23,13.22,13.21,13.2,13.18,13.31,13.32,13.38,13.39,13.4,13.41,13.42,13.43,13.44,13.45,2900,700,300,800,12700,7000,2100,2600,22000,700,100,1700,500,14700,2100,200,6100,1500,400,2400
80.0,13.31,18600,247462.0,13.3,13.29,13.27,13.26,13.25,13.23,13.22,13.21,13.2,13.18,13.31,13.32,13.38,13.39,13.4,13.41,13.42,13.43,13.44,13.45,2900,700,300,800,12700,7000,2100,2600,22000,700,100,1700,500,14700,2100,200,6100,1500,400,2400
81.0,13.31,18600,247462.0,13.3,13.29,13.27,13.26,13.25,13.23,13.22,13.21,13.2,13.18,13.31,13.32,13.38,13.39,13.4,13.41,13.42,13.43,13.44,13.45,2900,700,300,800,12700,7000,2100,2600,22000,700,100,1700,500,14700,2100,200,6100,1500,400,2400
82.0,13.3,18800,250122.0,13.3,13.29,13.27,13.26,13.25,13.23,13.22,13.21,13.2,13.18,13.31,13.32,13.38,13.39,13.4,13.41,13.42,13.43,13.44,13.45,2700,700,300,800,12700,7000,2100,2600,22000,700,100,1700,500,14700,2100,200,6100,1500,400,2400
83.0,13.3,18800,250122.0,13.3,13.29,13.28,13.27,13.26,13.25,13.23,13.22,13.21,13.2,13.31,13.32,13.38,13.39,13.4,13.41,13.42,13.43,13.44,13.45,2700,700,100,300,700,12700,7000,2100,2600,22000,100,1700,500,14700,2100,200,6100,1500,400,2400
84.0,13.3,18800,250122.0,13.3,13.29,13.28,13.27,13.26,13.25,13.23,13.22,13.21,13.2,13.31,13.32,13.38,13.39,13.4,13.41,13.42,13.43,13.44,13.45,2700,700,100,300,700,12700,7000,2100,2600,22000,100,1700,500,14700,2100,200,6100,1500,400,2400
85.0,13.3,18800,250122.0,13.3,13.29,13.28,13.27,13.26,13.25,13.23,13.22,13.21,13.2,13.31,13.32,13.38,13.39,13.4,13.41,13.42,13.43,13.44,13.45,2800,700,100,300,700,12700,7000,2100,2600,22000,100,1700,500,14700,2100,200,6100,1500,400,2400
86.0,13.3,18800,250122.0,13.3,13.29,13.28,13.27,13.26,13.25,13.23,13.22,13.21,13.2,13.31,13.32,13.38,13.39,13.4,13.41,13.42,13.43,13.44,13.45,2800,700,100,300,700,12700,7000,2100,2600,22000,100,1700,600,14700,2100,200,6100,1500,400,2400
87.0,13.3,18800,250122.0,13.3,13.29,13.28,13.27,13.26,13.25,13.23,13.22,13.21,13.2,13.31,13.32,13.38,13.39,13.4,13.41,13.42,13.43,13.44,13.45,2800,700,100,300,700,12700,7000,2100,2600,22000,100,1700,600,14700,2100,200,6100,1500,400,2400
88.0,13.3,19300,256772.0,13.3,13.29,13.28,13.27,13.26,13.25,13.23,13.22,13.21,13.2,13.31,13.32,13.38,13.39,13.4,13.41,13.42,13.43,13.44,13.45,2300,700,100,300,700,12700,7000,2100,2600,22000,100,2600,600,14700,2100,200,6100,1500,400,2400
89.0,13.3,19500,259432.0,13.3,13.29,13.28,13.27,13.26,13.25,13.23,13.22,13.21,13.2,13.31,13.32,13.38,13.39,13.4,13.41,13.42,13.43,13.44,13.45,2100,700,100,300,700,12700,7000,2100,2600,22000,100,2600,600,14700,2100,200,6100,1500,400,2400
90.0,13.3,19500,259432.0,13.3,13.29,13.28,13.27,13.26,13.25,13.23,13.22,13.21,13.2,13.31,13.32,13.38,13.39,13.4,13.41,13.42,13.43,13.44,13.45,2000,700,100,300,700,12700,7000,2100,2600,22000,200,2800,600,14700,2100,200,6100,1500,400,2400
91.0,13.3,19500,259432.0,13.3,13.29,13.28,13.27,13.26,13.25,13.23,13.22,13.21,13.2,13.31,13.32,13.38,13.39,13.4,13.41,13.42,13.43,13.44,13.45,2000,700,100,300,700,12700,7000,2100,2600,22000,200,3100,600,14700,2100,200,6100,1500,400,2400
92.0,13.3,19500,259432.0,13.3,13.29,13.28,13.27,13.26,13.25,13.23,13.22,13.21,13.2,13.31,13.32,13.38,13.39,13.4,13.41,13.42,13.43,13.44,13.45,2000,800,100,300,700,12700,7000,2100,2600,22000,200,3100,600,14700,2100,200,6100,1500,400,2400
93.0,13.3,19500,259432.0,13.3,13.29,13.28,13.27,13.26,13.25,13.23,13.22,13.21,13.2,13.31,13.32,13.38,13.39,13.4,13.41,13.42,13.43,13.44,13.45,2000,800,100,300,700,12700,7000,2100,2600,22000,200,3100,600,14700,2100,200,6100,1500,400,2400
94.0,13.3,19500,259432.0,13.3,13.29,13.28,13.27,13.26,13.25,13.23,13.22,13.21,13.2,13.31,13.32,13.38,13.39,13.4,13.41,13.42,13.43,13.44,13.45,2000,800,100,300,700,12700,7000,2100,2600,22000,700,3100,600,14700,2100,200,6100,1500,400,2400
95.0,13.3,19500,259432.0,13.3,13.29,13.27,13.26,13.25,13.23,13.22,13.21,13.2,13.18,13.31,13.32,13.38,13.39,13.4,13.41,13.42,13.43,13.44,13.45,2000,800,300,700,12700,7000,2100,2600,22000,700,700,3100,600,14700,2100,200,6100,1500,400,2400
96.0,13.3,19700,262092.0,13.3,13.29,13.27,13.26,13.25,13.23,13.22,13.21,13.2,13.18,13.31,13.32,13.38,13.39,13.4,13.41,13.42,13.43,13.44,13.45,1800,800,300,700,12700,7000,2100,2600,22000,700,700,3100,600,14700,2100,200,6100,1500,400,2400
97.0,13.3,19700,262092.0,13.3,13.29,13.27,13.26,13.25,13.23,13.22,13.21,13.2,13.18,13.31,13.32,13.38,13.39,13.4,13.41,13.42,13.43,13.44,13.45,1900,800,300,700,12700,7000,2100,2600,22000,700,700,3100,600,14700,2100,200,6100,1500,400,2400
98.0,13.3,19700,262092.0,13.3,13.29,13.27,13.26,13.25,13.23,13.22,13.21,13.2,13.18,13.31,13.32,13.38,13.39,13.4,13.41,13.42,13.43,13.44,13.45,1900,800,300,700,12700,7000,2100,2600,22000,700,700,3100,600,14700,2100,200,6100,1500,400,2400
99.0,13.3,19700,262092.0,13.3,13.29,13.27,13.26,13.25,13.23,13.22,13.21,13.2,13.18,13.31,13.32,13.38,13.39,13.4,13.41,13.42,13.43,13.44,13.45,1900,800,300,700,12700,7000,2100,2600,22000,700,700,3100,600,14700,2100,200,6100,1500,400,2400
100.0,13.31,19800,263423.0,13.3,13.29,13.27,13.26,13.25,13.23,13.22,13.21,13.2,13.18,13.31,13.32,13.38,13.39,13.4,13.41,13.42,13.43,13.44,13.45,1900,800,300,700,12700,7000,2100,2600,22000,700,600,3100,600,14700,2100,200,6100,1500,400,2400
101.0,13.31,19800,263423.0,13.3,13.29,13.27,13.26,13.25,13.23,13.22,13.21,13.2,13.18,13.31,13.32,13.38,13.39,13.4,13.41,13.42,13.43,13.44,13.45,1900,800,300,700,12700,7000,2100,2600,22000,700,600,3100,600,14700,2100,200,6100,1500,400,2400
102.0,13.31,19800,263423.0,13.3,13.29,13.27,13.26,13.25,13.23,13.22,13.21,13.2,13.18,13.31,13.32,13.38,13.39,13.4,13.41,13.42,13.43,13.44,13.45,1900,800,300,700,12700,7000,2100,2600,22000,700,600,3100,600,14700,2100,200,6100,1500,400,2400
103.0,13.31,19800,263423.0,13.3,13.29,13.27,13.26,13.25,13.23,13.22,13.21,13.2,13.18,13.31,13.32,13.38,13.39,13.4,13.41,13.42,13.43,13.44,13.45,1900,800,300,700,12700,7000,2100,2600,22000,700,600,3100,600,14700,2100,200,6100,1500,400,2400
104.0,13.3,19900,264753.0,13.3,13.29,13.27,13.26,13.25,13.23,13.22,13.21,13.2,13.18,13.31,13.32,13.38,13.39,13.4,13.41,13.42,13.43,13.44,13.45,1800,800,300,700,12700,7000,2100,2600,22000,700,600,3100,600,14700,2100,200,6100,1500,400,2400
105.0,13.3,19900,264753.0,13.3,13.29,13.27,13.26,13.25,13.24,13.23,13.22,13.21,13.2,13.31,13.32,13.38,13.39,13.4,13.41,13.42,13.43,13.44,13.45,2000,800,300,700,12700,200,7000,2100,2600,22000,1400,3100,600,14700,2100,200,6100,1500,400,2400
106.0,13.3,19900,264753.0,13.3,13.29,13.27,13.26,13.25,13.24,13.23,13.22,13.21,13.2,13.31,13.32,13.38,13.39,13.4,13.41,13.42,13.43,13.44,13.45,2000,800,300,700,12700,200,7000,2100,2600,22000,1400,3100,600,14700,2100,200,6100,1500,400,2400
107.0,13.31,20000,266084.0,13.3,13.29,13.27,13.26,13.25,13.24,13.23,13.22,13.21,13.2,13.31,13.32,13.38,13.39,13.4,13.41,13.42,13.43,13.44,13.45,2000,800,300,700,12700,200,7000,2100,2600,22000,1400,3100,600,14700,2100,200,6100,1500,400,2400
108.0,13.31,20000,266084.0,13.3,13.29,13.27,13.26,13.25,13.24,13.23,13.22,13.21,13.2,13.31,13.32,13.38,13.39,13.4,13.41,13.42,13.43,13.44,13.45,2000,800,300,700,12700,200,7000,2100,2600,22000,1400,3100,600,14700,2100,200,6100,1500,400,2400
109.0,13.31,20000,266084.0,13.3,13.29,13.27,13.26,13.25,13.24,13.23,13.22,13.21,13.2,13.31,13.32,13.38,13.39,13.4,13.41,13.42,13.43,13.44,13.45,2000,800,300,700,12700,200,7000,2100,2600,22000,1600,2900,600,14700,2100,200,6100,1500,400,2400
110.0,13.3,20900,278054.0,13.3,13.29,13.27,13.26,13.25,13.24,13.23,13.22,13.21,13.2,13.31,13.32,13.38,13.39,13.4,13.41,13.42,13.43,13.44,13.45,1000,800,300,700,12700,200,7000,2100,2600,22000,1600,2900,600,14700,2100,200,6100,1500,400,2400
111.0,13.3,21700,288698.0,13.3,13.29,13.27,13.26,13.25,13.24,13.23,13.22,13.21,13.2,13.31,13.32,13.38,13.39,13.4,13.41,13.42,13.43,13.44,13.45,600,800,300,700,12700,200,7000,2100,2600,22000,1200,2900,600,14700,2100,200,6100,1500,400,2400
112.0,13.3,21900,291358.0,13.3,13.29,13.27,13.26,13.25,13.24,13.23,13.22,13.21,13.2,13.31,13.32,13.38,13.39,13.4,13.41,13.42,13.43,13.44,13.45,400,800,300,700,12700,200,7000,2100,2600,22000,1200,2900,600,14700,2100,200,6100,1500,400,2400
113.0,13.3,22300,296678.0,13.29,13.27,13.26,13.25,13.24,13.23,13.22,13.21,13.2,13.18,13.3,13.31,13.32,13.38,13.39,13.4,13.41,13.42,13.43,13.44,800,300,700,12700,200,7000,2100,2600,22000,700,1800,1400,2900,600,14700,2100,200,6100,1500,400
114.0,13.29,22600,300666.0,13.29,13.27,13.26,13.25,13.24,13.23,13.22,13.21,13.2,13.18,13.3,13.31,13.32,13.38,13.39,13.4,13.41,13.42,13.43,13.44,600,300,700,12700,200,7000,2100,2600,22000,700,1700,1400,2900,600,14700,2100,200,6100,1500,400
115.0,13.29,22700,301995.0,13.29,13.27,13.26,13.25,13.24,13.23,13.22,13.21,13.2,13.18,13.3,13.31,13.32,13.38,13.39,13.4,13.41,13.42,13.43,13.44,500,300,700,12700,200,7000,2100,2600,22000,700,1700,1400,2900,600,14700,2100,200,6100,1500,400
116.0,13.29,23000,305982.0,13.29,13.27,13.26,13.25,13.24,13.23,13.22,13.21,13.2,13.18,13.3,13.31,13.32,13.38,13.39,13.4,13.41,13.42,13.43,13.44,200,300,700,12700,200,7000,2100,2600,22000,700,1700,1400,2900,600,14700,2100,200,6100,1500,400
117.0,13.3,23100,307312.0,13.29,13.27,13.26,13.25,13.24,13.23,13.22,13.21,13.2,13.18,13.3,13.31,13.32,13.38,13.39,13.4,13.41,13.42,13.43,13.44,200,300,700,12700,200,7000,2100,2600,22000,700,1600,1400,2900,600,14700,2100,200,6100,1500,400
118.0,13.3,23100,307312.0,13.29,13.27,13.26,13.25,13.24,13.23,13.22,13.21,13.2,13.18,13.3,13.31,13.32,13.38,13.39,13.4,13.41,13.42,13.43,13.44,200,300,700,12700,200,7000,2100,2600,22000,700,1600,1400,2900,600,14700,2100,200,6100,1500,400
119.0,13.27,23500,312624.0,13.27,13.26,13.25,13.24,13.23,13.22,13.21,13.2,13.18,13.17,13.3,13.31,13.32,13.38,13.39,13.4,13.41,13.42,13.43,13.44,200,700,12700,200,7000,2100,2600,22000,700,1700,1600,1400,2900,600,14700,2100,200,6100,1500,400
120.0,13.27,23500,312624.0,13.27,13.26,13.25,13.24,13.23,13.22,13.21,13.2,13.18,13.17,13.3,13.31,13.32,13.38,13.39,13.4,13.41,13.42,13.43,13.44,200,700,12700,200,7000,2100,2600,22000,700,1700,1600,1400,2900,600,14700,2100,200,6100,1500,400
121.0,13.3,23600,313954.0,13.27,13.26,13.25,13.24,13.23,13.22,13.21,13.2,13.18,13.17,13.3,13.31,13.32,13.38,13.39,13.4,13.41,13.42,13.43,13.44,400,700,12700,200,7000,2100,2600,22000,700,1700,1500,1400,2900,600,14700,2100,200,6100,1500,400
122.0,13.3,24000,319274.0,13.28,13.27,13.26,13.25,13.24,13.23,13.22,13.21,13.2,13.18,13.3,13.31,13.32,13.38,13.39,13.4,13.41,13.42,13.43,13.44,100,500,700,12700,200,7000,2100,2600,22000,700,1300,1200,2900,600,14700,2100,200,6100,1500,400
123.0,13.3,24600,327254.0,13.28,13.27,13.26,13.25,13.24,13.23,13.22,13.21,13.2,13.18,13.3,13.31,13.32,13.38,13.39,13.4,13.41,13.42,13.43,13.44,500,500,700,12700,200,7000,2100,2600,22000,700,700,1200,2900,600,14700,2100,200,6100,1500,400
124.0,13.3,24600,327254.0,13.28,13.27,13.26,13.25,13.24,13.23,13.22,13.21,13.2,13.18,13.3,13.31,13.32,13.38,13.39,13.4,13.41,13.42,13.43,13.44,500,500,700,12700,200,7000,2100,2600,22000,700,700,1200,2900,600,14700,2100,200,6100,1500,400
125.0,13.28,24700,328582.0,13.28,13.27,13.26,13.25,13.24,13.23,13.22,13.21,13.2,13.18,13.3,13.31,13.32,13.38,13.39,13.4,13.41,13.42,13.43,13.44,600,300,700,12700,200,7000,2100,2600,22000,700,700,1200,2900,600,14700,2100,200,6100,1500,400
126.0,13.28,24700,328582.0,13.28,13.27,13.26,13.25,13.24,13.23,13.22,13.21,13.2,13.18,13.3,13.31,13.32,13.38,13.39,13.4,13.41,13.42,13.43,13.44,600,300,700,12700,200,7000,2100,2600,22000,700,700,1200,2900,600,14700,2100,200,6100,1500,400
127.0,13.28,24700,328582.0,13.28,13.27,13.26,13.25,13.24,13.23,13.22,13.21,13.2,13.18,13.3,13.31,13.32,13.38,13.39,13.4,13.41,13.42,13.43,13.44,600,300,700,12700,200,7000,2100,2600,22000,700,700,1200,2900,600,14700,2100,200,6100,1500,400
128.0,13.28,24700,328582.0,13.28,13.27,13.26,13.25,13.24,13.23,13.22,13.21,13.2,13.18,13.3,13.31,13.32,13.38,13.39,13.4,13.41,13.42,13.43,13.44,600,300,700,12700,200,7000,2100,2600,22000,700,700,1200,2900,600,14700,2100,200,6100,1500,400
129.0,13.3,24800,329912.0,13.28,13.27,13.26,13.25,13.24,13.23,13.22,13.21,13.2,13.18,13.3,13.31,13.32,13.38,13.39,13.4,13.41,13.42,13.43,13.44,600,300,700,12700,200,7000,2100,2600,22000,700,1600,1200,2900,600,14700,2100,200,6100,1500,400
130.0,13.3,24800,329912.0,13.28,13.27,13.26,13.25,13.24,13.23,13.22,13.21,13.2,13.18,13.3,13.31,13.32,13.38,13.39,13.4,13.41,13.42,13.43,13.44,600,300,700,12700,200,7000,2100,2600,22000,700,1600,1200,2900,600,14700,2100,200,6100,1500,400
131.0,13.28,25000,332570.0,13.28,13.27,13.26,13.25,13.24,13.23,13.22,13.21,13.2,13.18,13.3,13.31,13.32,13.38,13.39,13.4,13.41,13.42,13.43,13.44,500,300,700,12700,200,7000,2100,2600,22000,700,1500,1200,2900,600,14700,2100,200,6100,1500,400
132.0,13.28,25000,332570.0,13.28,13.27,13.26,13.25,13.24,13.23,13.22,13.21,13.2,13.18,13.3,13.31,13.32,13.38,13.39,13.4,13.41,13.42,13.43,13.44,500,300,700,12700,200,7000,2100,2600,22000,700,1500,1200,2900,600,14700,2100,200,6100,1500,400
133.0,13.28,25000,332570.0,13.28,13.27,13.26,13.25,13.24,13.23,13.22,13.21,13.2,13.18,13.3,13.31,13.32,13.38,13.39,13.4,13.41,13.42,13.43,13.44,500,300,700,12700,200,7000,2100,2600,22000,700,1500,1200,2900,600,14700,2100,200,6100,1500,400
134.0,13.3,25100,333900.0,13.28,13.27,13.26,13.25,13.24,13.23,13.22,13.21,13.2,13.18,13.3,13.31,13.32,13.38,13.39,13.4,13.41,13.42,13.43,13.44,500,300,700,12700,200,7000,2100,2600,22000,700,1400,1200,2900,600,14700,2100,200,6100,1500,400
135.0,13.3,25300,336560.0,13.28,13.27,13.26,13.25,13.24,13.23,13.22,13.21,13.2,13.18,13.3,13.31,13.32,13.38,13.39,13.4,13.41,13.42,13.43,13.44,500,300,700,12700,200,7000,2100,2600,22000,700,1200,1200,2900,600,14700,2100,200,6100,1500,400
136.0,13.3,25300,336560.0,13.28,13.27,13.26,13.25,13.24,13.23,13.22,13.21,13.2,13.18,13.3,13.31,13.32,13.38,13.39,13.4,13.41,13.42,13.43,13.44,500,300,700,12700,200,7000,2100,2600,22000,700,1200,1200,2900,600,14700,2100,200,6100,1500,400
137.0,13.3,25300,336560.0,13.28,13.27,13.26,13.25,13.24,13.23,13.22,13.21,13.2,13.18,13.3,13.31,13.32,13.38,13.39,13.4,13.41,13.42,13.43,13.44,500,300,700,12700,200,7000,2100,2600,22000,700,1200,1200,2900,600,14700,2100,200,6100,1500,400
138.0,13.3,25400,337890.0,13.28,13.27,13.26,13.25,13.24,13.23,13.22,13.21,13.2,13.18,13.3,13.31,13.32,13.38,13.39,13.4,13.41,13.42,13.43,13.44,500,300,700,12700,200,7000,2100,2600,22000,700,1100,1200,2900,600,14700,2100,200,6100,1500,400
139.0,13.3,25400,337890.0,13.28,13.27,13.26,13.25,13.24,13.23,13.22,13.21,13.2,13.18,13.3,13.31,13.32,13.38,13.39,13.4,13.41,13.42,13.43,13.44,300,300,700,12700,200,7000,2100,2600,22000,700,1100,1200,2900,600,14700,2100,200,6100,1500,400
140.0,13.28,25500,339218.0,13.28,13.27,13.26,13.25,13.24,13.23,13.22,13.21,13.2,13.18,13.3,13.31,13.32,13.38,13.39,13.4,13.41,13.42,13.43,13.44,200,300,700,12700,200,7000,2100,2600,22000,700,1100,1200,2900,600,14700,2100,200,6100,1500,400
141.0,13.3,25600,340548.0,13.28,13.27,13.26,13.25,13.24,13.23,13.22,13.21,13.2,13.18,13.3,13.31,13.32,13.38,13.39,13.4,13.41,13.42,13.43,13.44,200,300,700,12700,200,7000,2100,2600,22000,700,1000,1200,2900,600,14700,2100,200,6100,1500,400
142.0,13.3,25600,340548.0,13.28,13.27,13.26,13.25,13.24,13.23,13.22,13.21,13.2,13.18,13.3,13.31,13.32,13.38,13.39,13.4,13.41,13.42,13.43,13.44,200,300,700,2700,200,7000,2100,2600,22000,700,1100,1200,2900,600,14700,2100,200,6100,1500,400
143.0,13.28,25800,343204.0,13.27,13.26,13.25,13.24,13.23,13.22,13.21,13.2,13.18,13.17,13.28,13.3,13.31,13.32,13.38,13.39,13.4,13.41,13.42,13.43,300,700,2700,200,7000,2100,2600,22000,700,1700,300,1400,1000,2900,600,14700,2100,200,6100,1500
144.0,13.28,25800,343204.0,13.27,13.26,13.25,13.24,13.23,13.22,13.21,13.2,13.18,13.17,13.28,13.3,13.31,13.32,13.38,13.39,13.4,13.41,13.42,13.43,300,700,2700,200,7000,2100,2600,22000,700,1700,700,1500,1000,2900,600,14700,2100,200,6100,1500
145.0,13.28,25800,343204.0,13.27,13.26,13.25,13.24,13.23,13.22,13.21,13.2,13.18,13.17,13.28,13.3,13.31,13.32,13.38,13.39,13.4,13.41,13.42,13.43,300,700,2700,200,7000,2100,2600,22000,700,1700,700,1500,1000,2900,600,14700,2100,200,6100,1500
146.0,13.28,25900,344532.0,13.27,13.26,13.25,13.24,13.23,13.22,13.21,13.2,13.18,13.17,13.28,13.3,13.31,13.32,13.38,13.39,13.4,13.41,13.42,13.43,200,700,2700,200,7000,2100,2600,22000,700,1700,600,1500,1000,2900,600,14700,2100,200,6100,1500
147.0,13.27,26100,347186.0,13.26,13.25,13.24,13.23,13.22,13.21,13.2,13.18,13.17,13.15,13.27,13.28,13.3,13.31,13.32,13.38,13.39,13.4,13.41,13.42,700,2700,200,7000,2100,2600,22000,700,1700,2500,300,600,1500,1000,2900,600,14700,2100,200,6100
148.0,13.27,26100,347186.0,13.26,13.25,13.24,13.23,13.22,13.21,13.2,13.18,13.17,13.15,13.27,13.28,13.3,13.31,13.32,13.38,13.39,13.4,13.41,13.42,700,2700,200,7000,2100,2600,22000,700,1700,2500,400,600,1500,1000,2900,600,14700,2100,200,6100
149.0,13.27,26100,347186.0,13.26,13.25,13.24,13.23,13.22,13.21,13.2,13.18,13.17,13.15,13.27,13.28,13.3,13.31,13.32,13.38,13.39,13.4,13.41,13.42,700,500,200,7000,2100,2600,24200,700,1700,2500,400,600,1500,1000,2900,600,14700,2100,200,6100
150.0,13.27,26100,347186.0,13.26,13.25,13.24,13.23,13.22,13.21,13.2,13.18,13.17,13.15,13.27,13.28,13.3,13.31,13.32,13.38,13.39,13.4,13.41,13.42,700,500,200,7000,2100,2600,24200,700,1700,2500,400,600,1500,1000,2900,600,14700,2100,200,6100
151.0,13.26,26800,356468.0,13.25,13.24,13.23,13.22,13.21,13.2,13.18,13.17,13.15,13.14,13.27,13.28,13.3,13.31,13.32,13.38,13.39,13.4,13.41,13.42,500,200,7000,2100,2600,24200,700,1700,2500,1300,300,600,1500,1000,2900,600,14700,2100,200,6100
152.0,13.25,26900,357793.0,13.25,13.24,13.23,13.22,13.21,13.2,13.18,13.17,13.15,13.14,13.27,13.28,13.3,13.31,13.32,13.38,13.39,13.4,13.41,13.42,500,200,7000,2100,2600,24200,700,1700,2500,1300,300,600,1500,1000,2900,600,14700,2100,200,6100
153.0,13.25,26900,357793.0,13.25,13.24,13.23,13.22,13.21,13.2,13.18,13.17,13.15,13.14,13.27,13.28,13.3,13.31,13.32,13.38,13.39,13.4,13.41,13.42,500,200,7000,2100,2600,24200,700,1700,2500,1300,300,600,1500,1000,2900,600,14700,2100,200,6100
154.0,13.25,26900,357793.0,13.25,13.24,13.23,13.22,13.21,13.2,13.18,13.17,13.15,13.14,13.27,13.28,13.3,13.31,13.32,13.38,13.39,13.4,13.41,13.42,1000,200,7000,2100,2600,24200,700,1700,2500,1300,300,600,1500,1000,2900,600,14700,2100,200,6100
155.0,13.25,26900,357793.0,13.25,13.24,13.23,13.22,13.21,13.2,13.18,13.17,13.15,13.14,13.27,13.28,13.3,13.31,13.32,13.38,13.39,13.4,13.41,13.42,1000,200,7000,2100,2600,24200,700,1700,2500,1300,300,600,1500,1000,2900,600,14700,2100,200,6100
156.0,13.25,26900,357793.0,13.25,13.24,13.23,13.22,13.21,13.2,13.18,13.17,13.15,13.14,13.27,13.28,13.3,13.31,13.32,13.38,13.39,13.4,13.41,13.42,1000,200,7000,2100,2600,24200,700,1700,2500,1300,300,600,1500,1000,2900,600,14700,2100,200,6100
157.0,13.25,26900,357793.0,13.25,13.24,13.23,13.22,13.21,13.2,13.18,13.17,13.15,13.14,13.27,13.28,13.3,13.31,13.32,13.38,13.39,13.4,13.41,13.42,1000,200,7000,2100,2600,24200,700,1700,2500,1300,300,600,1500,1000,2900,600,14700,2100,200,6100
158.0,13.25,26900,357793.0,13.25,13.24,13.23,13.22,13.21,13.2,13.18,13.17,13.15,13.14,13.27,13.28,13.3,13.31,13.32,13.38,13.39,13.4,13.41,13.42,1200,200,7000,2100,2600,24200,700,1700,2500,1300,300,600,1500,1000,2900,600,14700,2100,200,6100
159.0,13.25,26900,357793.0,13.25,13.24,13.23,13.22,13.21,13.2,13.18,13.17,13.15,13.14,13.27,13.28,13.3,13.31,13.32,13.38,13.39,13.4,13.41,13.42,1200,200,7000,2100,2600,24200,700,1700,2500,1300,300,600,1500,1000,2900,600,14700,2100,200,6100
160.0,13.25,26900,357793.0,13.25,13.24,13.23,13.22,13.21,13.2,13.18,13.17,13.15,13.14,13.27,13.28,13.3,13.31,13.32,13.38,13.39,13.4,13.41,13.42,1200,200,7000,2100,2600,24200,700,1700,2500,1300,300,600,1500,1000,2900,600,14700,2100,200,6100
161.0,13.25,26900,357793.0,13.25,13.23,13.22,13.21,13.2,13.18,13.17,13.15,13.14,13.13,13.27,13.28,13.3,13.31,13.32,13.38,13.39,13.4,13.41,13.42,1200,7000,2100,2600,24200,700,1700,2500,1300,400,700,600,1500,1000,2900,600,14700,2100,200,6100
162.0,13.25,27000,359118.0,13.25,13.23,13.22,13.21,13.2,13.18,13.17,13.15,13.14,13.13,13.27,13.28,13.3,13.31,13.32,13.38,13.39,13.4,13.41,13.42,1100,7000,2100,2600,24200,700,1700,2500,1300,400,700,600,1500,1000,2900,600,14700,2100,200,6100
163.0,13.25,27000,359118.0,13.25,13.23,13.22,13.21,13.2,13.18,13.17,13.15,13.14,13.13,13.27,13.28,13.3,13.31,13.32,13.38,13.39,13.4,13.41,13.42,1100,7000,2100,2600,24200,700,1700,2500,1300,400,1000,600,1500,1000,2900,600,14700,2100,200,6100
164.0,13.27,27100,360445.0,13.25,13.24,13.23,13.22,13.21,13.2,13.18,13.17,13.15,13.14,13.27,13.28,13.3,13.31,13.32,13.38,13.39,13.4,13.41,13.42,1100,1300,7000,2100,2600,24200,700,1700,2500,1300,900,600,1400,1000,2900,600,14700,2100,200,6100
165.0,13.27,27100,360445.0,13.25,13.24,13.23,13.22,13.21,13.2,13.18,13.17,13.15,13.14,13.27,13.28,13.3,13.31,13.32,13.38,13.39,13.4,13.41,13.42,1100,1300,7000,2100,2600,24200,700,1700,2500,1300,900,600,1400,1000,2900,600,14700,2100,200,6100
166.0,13.27,27100,360445.0,13.25,13.24,13.23,13.22,13.21,13.2,13.18,13.17,13.15,13.14,13.27,13.28,13.3,13.31,13.32,13.38,13.39,13.4,13.41,13.42,1100,1300,7000,2100,2600,24200,700,1700,2500,1300,900,600,1400,1000,2900,600,14700,2100,200,6100
167.0,13.27,27100,360445.0,13.25,13.24,13.23,13.22,13.21,13.2,13.18,13.17,13.15,13.14,13.27,13.28,13.3,13.31,13.32,13.38,13.39,13.4,13.41,13.42,1100,1300,7000,2100,2600,24200,700,1700,2500,1300,900,600,1400,1000,2900,600,14700,2100,200,6100
168.0,13.27,27100,360445.0,13.25,13.24,13.23,13.22,13.21,13.2,13.18,13.17,13.15,13.14,13.27,13.28,13.3,13.31,13.32,13.38,13.39,13.4,13.41,13.42,1100,1300,7000,2100,2600,24200,700,1700,2500,1300,900,600,1400,1000,2900,600,14700,2100,200,6100
169.0,13.27,27300,363097.0,13.25,13.24,13.23,13.22,13.21,13.2,13.18,13.17,13.15,13.14,13.27,13.28,13.3,13.31,13.32,13.38,13.39,13.4,13.41,13.42,1000,1300,7000,2100,2600,24200,700,1700,2500,1300,800,600,1400,1000,2900,600,14700,2100,200,6100
170.0,13.27,27300,363097.0,13.25,13.24,13.23,13.22,13.21,13.2,13.18,13.17,13.15,13.14,13.27,13.28,13.3,13.31,13.32,13.38,13.39,13.4,13.41,13.42,1000,1300,7000,2100,2600,24200,700,1700,2500,1300,800,600,1400,1000,2900,600,14700,2100,200,6100
171.0,13.27,28100,373713.0,13.27,13.25,13.24,13.23,13.22,13.21,13.2,13.18,13.17,13.15,13.28,13.3,13.31,13.32,13.38,13.39,13.4,13.41,13.42,13.43,8400,1000,1300,7000,2100,2800,24200,700,1700,2500,600,1400,1000,2900,600,14700,2100,200,6100,1500
172.0,13.27,28100,373713.0,13.27,13.25,13.24,13.23,13.22,13.21,13.2,13.18,13.17,13.15,13.28,13.3,13.31,13.32,13.38,13.39,13.4,13.41,13.42,13.43,8400,1000,1300,7000,2100,2800,24200,700,1700,2500,600,1400,1000,2900,600,14700,2100,200,6100,1500
173.0,13.27,38000,505084.0,13.25,13.23,13.22,13.21,13.2,13.18,13.17,13.15,13.14,13.13,13.27,13.28,13.3,13.31,13.32,13.38,13.39,13.4,13.41,13.42,1700,7000,2100,2800,24200,700,1700,2500,1300,400,3500,600,1400,1000,2900,600,14700,2100,200,6100
174.0,13.27,39800,528970.0,13.26,13.25,13.23,13.22,13.21,13.2,13.18,13.17,13.15,13.14,13.27,13.28,13.3,13.31,13.32,13.38,13.39,13.4,13.41,13.42,1900,1700,7000,2100,2800,24200,700,1700,2500,1300,1700,600,1400,1000,2900,600,14700,2100,200,6100
175.0,13.27,39800,528970.0,13.26,13.25,13.23,13.22,13.21,13.2,13.18,13.17,13.15,13.14,13.27,13.28,13.3,13.31,13.32,13.38,13.39,13.4,13.41,13.42,1900,4500,7000,2100,2800,24200,700,1700,2500,1300,1700,600,1400,1000,2900,600,14700,2100,200,6100
176.0,13.27,39900,530297.0,13.26,13.25,13.23,13.22,13.21,13.2,13.18,13.17,13.15,13.14,13.27,13.28,13.3,13.31,13.32,13.38,13.39,13.4,13.41,13.42,1900,4500,7000,2100,2800,24200,700,1700,2500,1300,1700,600,1400,1000,2900,600,14700,2100,200,6100
177.0,13.27,40000,531624.0,13.26,13.25,13.23,13.22,13.21,13.2,13.18,13.17,13.15,13.14,13.27,13.28,13.3,13.31,13.32,13.38,13.39,13.4,13.41,13.42,1900,4500,7000,2100,2800,24200,700,1700,2500,1300,1600,600,1400,1000,2900,600,14700,2100,200,6100
178.0,13.27,40000,531624.0,13.26,13.25,13.23,13.22,13.21,13.2,13.18,13.17,13.15,13.14,13.27,13.28,13.3,13.31,13.32,13.38,13.39,13.4,13.41,13.42,1900,4500,7000,2100,2800,24200,700,1700,2500,1300,1600,600,1400,1000,2900,600,14700,2100,200,6100
179.0,13.27,40000,531624.0,13.26,13.25,13.23,13.22,13.21,13.2,13.18,13.17,13.15,13.14,13.27,13.28,13.3,13.31,13.32,13.38,13.39,13.4,13.41,13.42,2000,4500,7000,2100,2800,24200,700,1700,2500,1300,1600,600,1400,1000,2900,600,14700,2100,200,6100
180.0,13.27,40000,531624.0,13.26,13.25,13.23,13.22,13.21,13.2,13.18,13.17,13.15,13.14,13.27,13.28,13.3,13.31,13.32,13.38,13.39,13.4,13.41,13.42,2000,4500,7000,2100,2800,24200,700,1700,2500,1300,2600,600,1400,1000,2900,600,14700,2100,200,6100
181.0,13.27,41300,548875.0,13.26,13.25,13.23,13.22,13.21,13.2,13.18,13.17,13.15,13.14,13.27,13.28,13.3,13.31,13.32,13.38,13.39,13.4,13.41,13.42,2100,4500,7000,2100,2800,24200,700,1700,2500,1300,1300,600,1400,1000,2900,600,14700,2100,200,6100
182.0,13.27,41300,548875.0,13.26,13.25,13.23,13.22,13.21,13.2,13.18,13.17,13.15,13.14,13.27,13.28,13.3,13.31,13.32,13.38,13.39,13.4,13.41,13.42,2100,4500,7000,2100,2800,24200,700,1700,2500,1300,1300,600,1400,1000,2900,600,14700,2100,200,6100
183.0,13.27,41300,548875.0,13.26,13.25,13.23,13.22,13.21,13.2,13.18,13.17,13.15,13.14,13.27,13.28,13.3,13.31,13.32,13.38,13.39,13.4,13.41,13.42,2100,4500,7000,2100,2800,24200,700,1700,2500,1300,1300,600,1400,1000,2900,600,14700,2100,200,6100
184.0,13.27,41500,551529.0,13.26,13.25,13.23,13.22,13.21,13.2,13.18,13.17,13.15,13.14,13.27,13.28,13.3,13.31,13.32,13.38,13.39,13.4,13.41,13.42,2100,4500,7000,2100,2800,24200,700,1700,2500,1300,1100,600,1400,1000,2900,600,14700,2100,200,6100
185.0,13.27,41500,551529.0,13.26,13.25,13.23,13.22,13.21,13.2,13.18,13.17,13.15,13.14,13.27,13.28,13.3,13.31,13.32,13.38,13.39,13.4,13.41,13.42,2100,4500,7000,2100,2800,24200,700,1700,2500,1300,1100,600,1400,1000,2900,600,14700,2100,200,6100
186.0,13.27,41500,551529.0,13.26,13.25,13.23,13.22,13.21,13.2,13.18,13.17,13.15,13.14,13.27,13.28,13.3,13.31,13.32,13.38,13.39,13.4,13.41,13.42,2100,4500,7000,2100,2800,24200,700,1700,2500,1300,1100,600,1400,1000,2900,600,14700,2100,200,6100
187.0,13.27,41500,551529.0,13.26,13.25,13.23,13.22,13.21,13.2,13.18,13.17,13.15,13.14,13.27,13.28,13.3,13.31,13.32,13.38,13.39,13.4,13.41,13.42,2100,4500,7000,2100,2800,24200,700,1700,2500,1300,1100,600,1400,1000,2900,600,14700,2100,200,6100
188.0,13.26,42100,559486.0,13.26,13.25,13.23,13.22,13.21,13.2,13.18,13.17,13.15,13.14,13.27,13.28,13.3,13.31,13.32,13.38,13.39,13.4,13.41,13.42,1600,4500,7000,2100,2800,24200,700,1700,2500,1300,1000,600,1400,1000,2900,600,14700,2100,200,6100
189.0,13.26,43600,579376.0,13.26,13.25,13.23,13.22,13.21,13.2,13.18,13.17,13.15,13.14,13.27,13.28,13.3,13.31,13.32,13.38,13.39,13.4,13.41,13.42,100,4500,7000,2100,2800,24200,700,1700,2500,1300,1000,600,1400,1000,2900,600,14700,2100,200,6100
190.0,13.26,43600,579376.0,13.26,13.25,13.23,13.22,13.21,13.2,13.18,13.17,13.15,13.14,13.27,13.28,13.3,13.31,13.32,13.38,13.39,13.4,13.41,13.42,100,4500,7000,2100,2800,24200,700,1700,2500,1300,1000,600,1400,1000,2900,600,14700,2100,200,6100
191.0,13.25,44300,588656.0,13.25,13.23,13.22,13.21,13.2,13.18,13.17,13.15,13.14,13.13,13.27,13.28,13.3,13.31,13.32,13.38,13.39,13.4,13.41,13.42,4100,7000,2100,2800,24200,700,1700,2500,1300,400,800,600,1400,1000,2900,600,14700,2100,200,6100
192.0,13.27,44400,589983.0,13.25,13.23,13.22,13.21,13.2,13.18,13.17,13.15,13.14,13.13,13.27,13.28,13.3,13.31,13.32,13.38,13.39,13.4,13.41,13.42,3900,7000,2800,2800,24200,700,1700,2500,1300,400,700,600,1400,1000,2900,600,14700,2100,200,6100
193.0,13.26,44500,591309.0,13.26,13.25,13.23,13.22,13.21,13.2,13.18,13.17,13.15,13.14,13.27,13.28,13.3,13.31,13.32,13.38,13.39,13.4,13.41,13.42,100,3900,7000,2800,2800,24200,700,1700,2500,1300,700,600,1400,1000,2900,600,14700,2100,200,6100
194.0,13.26,44500,591309.0,13.26,13.25,13.23,13.22,13.21,13.2,13.18,13.17,13.15,13.14,13.27,13.28,13.3,13.31,13.32,13.38,13.39,13.4,13.41,13.42,100,3900,7000,2800,2800,24200,700,1700,2500,1300,700,600,1400,1000,2900,600,14700,2100,200,6100
195.0,13.26,44500,591309.0,13.26,13.25,13.23,13.22,13.21,13.2,13.18,13.17,13.15,13.14,13.27,13.28,13.3,13.31,13.32,13.38,13.39,13.4,13.41,13.42,400,3900,7000,2800,2800,24200,700,1700,2500,1300,700,600,1400,1000,2900,600,14700,2100,200,6100
196.0,13.26,44500,591309.0,13.26,13.25,13.23,13.22,13.21,13.2,13.18,13.17,13.15,13.14,13.27,13.28,13.3,13.31,13.32,13.38,13.39,13.4,13.41,13.42,400,3900,7000,2800,2800,24200,700,1700,2500,1300,700,600,1200,1000,2900,600,14700,2100,200,6100
197.0,13.26,44600,592635.0,13.26,13.25,13.23,13.22,13.21,13.2,13.18,13.17,13.15,13.14,13.27,13.28,13.3,13.31,13.32,13.38,13.39,13.4,13.41,13.42,400,3900,7000,2800,2800,24200,700,1700,2500,1300,900,600,1200,1000,2900,600,14700,2100,200,6100
198.0,13.26,44600,592635.0,13.26,13.25,13.23,13.22,13.21,13.2,13.18,13.17,13.15,13.14,13.27,13.28,13.3,13.31,13.32,13.38,13.39,13.4,13.41,13.42,400,3900,7000,2800,2800,24200,700,1700,2500,1300,900,600,1200,1000,2900,600,14700,2100,200,6100
199.0,13.26,44600,592635.0,13.26,13.25,13.23,13.22,13.21,13.2,13.18,13.17,13.15,13.14,13.27,13.28,13.3,13.31,13.32,13.38,13.39,13.4,13.41,13.42,400,3900,7000,2800,2800,24200,700,1700,2500,1300,900,600,1200,1000,2900,600,14700,2100,200,6100
200.0,13.26,44600,592635.0,13.26,13.25,13.23,13.22,13.21,13.2,13.18,13.17,13.15,13.14,13.27,13.28,13.3,13.31,13.32,13.38,13.39,13.4,13.41,13.42,400,3900,7000,2800,2800,24200,700,1700,2500,1300,200,600,1200,1000,2900,600,14700,2100,200,6100
201.0,13.26,44600,592635.0,13.26,13.25,13.23,13.22,13.21,13.2,13.18,13.17,13.15,13.14,13.27,13.28,13.3,13.31,13.32,13.38,13.39,13.4,13.41,13.42,400,3900,7000,2800,2800,24200,700,1700,2500,1300,200,600,1200,1000,2900,600,14700,2100,200,6100
202.0,13.26,44600,592635.0,13.26,13.25,13.23,13.22,13.21,13.2,13.18,13.17,13.15,13.14,13.27,13.28,13.3,13.31,13.32,13.38,13.39,13.4,13.41,13.42,400,3900,7000,2800,2800,24200,700,1700,2500,1300,200,600,1200,1000,2900,600,14700,2100,200,6100
203.0,13.26,44700,593961.0,13.26,13.25,13.23,13.22,13.21,13.2,13.18,13.17,13.15,13.14,13.27,13.28,13.3,13.31,13.32,13.38,13.39,13.4,13.41,13.42,300,3900,7000,2800,2800,24200,700,1700,2500,1300,200,600,1200,1000,2900,600,14700,2100,200,6100
204.0,13.26,44700,593961.0,13.26,13.25,13.23,13.22,13.21,13.2,13.18,13.17,13.15,13.14,13.27,13.28,13.3,13.31,13.32,13.38,13.39,13.4,13.41,13.42,300,3900,7000,2800,2800,24200,700,1700,2500,1300,200,600,1200,1000,2900,600,14700,2100,200,6100
205.0,13.26,44700,593961.0,13.26,13.25,13.23,13.22,13.21,13.2,13.18,13.17,13.15,13.14,13.27,13.28,13.3,13.31,13.32,13.38,13.39,13.4,13.41,13.42,300,3900,7000,2800,2800,24200,700,1700,2500,1300,200,600,1200,1000,2900,600,14700,2100,200,6100
206.0,13.26,44700,593961.0,13.26,13.25,13.23,13.22,13.21,13.2,13.18,13.17,13.15,13.14,13.27,13.28,13.3,13.31,13.32,13.38,13.39,13.4,13.41,13.42,300,3900,7000,2800,2800,24200,700,1700,2500,1300,200,900,1200,1000,2900,600,14700,2100,200,6100
207.0,13.26,44700,593961.0,13.26,13.25,13.23,13.22,13.21,13.2,13.18,13.17,13.15,13.14,13.27,13.28,13.3,13.31,13.32,13.38,13.39,13.4,13.41,13.42,300,3900,7000,2800,2800,24200,700,1700,2500,1300,200,900,1200,1000,2900,600,14700,2100,200,6100
208.0,13.26,44700,593961.0,13.26,13.25,13.23,13.22,13.21,13.2,13.18,13.17,13.15,13.14,13.27,13.28,13.3,13.31,13.32,13.38,13.39,13.4,13.41,13.42,1200,3900,7000,2800,2800,24200,700,1700,2500,1300,200,900,1200,1000,2900,600,14700,2100,200,6100
209.0,13.26,44700,593961.0,13.26,13.25,13.23,13.22,13.21,13.2,13.18,13.17,13.15,13.14,13.27,13.28,13.3,13.31,13.32,13.38,13.39,13.4,13.41,13.42,1200,3900,9200,2800,2800,24200,700,1700,2500,1300,200,900,1200,1000,2900,600,14700,2100,200,6100
210.0,13.26,44700,593961.0,13.26,13.25,13.23,13.22,13.21,13.2,13.18,13.17,13.15,13.14,13.27,13.28,13.3,13.31,13.32,13.38,13.39,13.4,13.41,13.42,1200,3900,9200,2800,2800,24200,700,1700,2500,1300,200,900,1200,1000,2900,600,14700,2100,200,6100
211.0,13.26,45700,607221.0,13.26,13.25,13.23,13.22,13.21,13.2,13.18,13.17,13.15,13.14,13.27,13.28,13.3,13.31,13.32,13.38,13.39,13.4,13.41,13.42,200,3900,9200,2800,2800,24200,700,1700,2500,1300,200,900,1200,1000,2900,600,14700,2100,200,6100
212.0,13.26,45800,608547.0,13.26,13.25,13.23,13.22,13.21,13.2,13.18,13.17,13.15,13.14,13.27,13.28,13.3,13.31,13.32,13.38,13.39,13.4,13.41,13.42,100,3900,9200,2800,2800,24200,700,1700,2500,1300,200,900,1200,1000,2900,600,14700,2100,200,6100
213.0,13.26,45800,608547.0,13.26,13.25,13.23,13.22,13.21,13.2,13.18,13.17,13.15,13.14,13.27,13.28,13.3,13.31,13.32,13.38,13.39,13.4,13.41,13.42,100,3900,9200,2800,2800,24200,700,1700,2500,1300,200,900,1200,1000,2900,600,14700,2100,200,6100
214.0,13.26,45800,608547.0,13.26,13.25,13.23,13.22,13.21,13.2,13.18,13.17,13.15,13.14,13.27,13.28,13.3,13.31,13.32,13.38,13.39,13.4,13.41,13.42,100,3900,9200,2800,2800,24200,700,1700,2500,1300,200,900,1200,1000,2900,600,14700,2100,200,6100
215.0,13.26,45900,609873.0,13.25,13.23,13.22,13.21,13.2,13.18,13.17,13.15,13.14,13.13,13.27,13.28,13.3,13.31,13.32,13.38,13.39,13.4,13.41,13.42,4000,9200,2800,2800,24200,700,1700,2500,1300,400,200,900,1200,1000,2900,600,14700,2100,200,6100
216.0,13.26,45900,609873.0,13.25,13.23,13.22,13.21,13.2,13.18,13.17,13.15,13.14,13.13,13.27,13.28,13.3,13.31,13.32,13.38,13.39,13.4,13.41,13.42,4000,9200,2800,2800,24200,700,1700,2500,1300,400,200,900,1200,1000,2900,600,14700,2100,200,6100
217.0,13.27,46000,611200.0,13.25,13.23,13.22,13.21,13.2,13.18,13.17,13.15,13.14,13.13,13.27,13.28,13.3,13.31,13.32,13.38,13.39,13.4,13.41,13.42,4000,9200,2800,2800,24200,700,1700,2500,1300,400,100,900,1200,1000,2900,600,14700,2100,200,6100
218.0,13.27,46000,611200.0,13.25,13.23,13.22,13.21,13.2,13.18,13.17,13.15,13.14,13.13,13.27,13.28,13.3,13.31,13.32,13.38,13.39,13.4,13.41,13.42,3200,9200,2800,2600,24200,700,1700,2500,1300,400,200,700,1200,1000,2900,600,14700,2100,200,6100
219.0,13.27,46000,611200.0,13.25,13.23,13.22,13.21,13.2,13.18,13.17,13.15,13.14,13.13,13.27,13.28,13.3,13.31,13.32,13.38,13.39,13.4,13.41,13.42,3200,9200,2800,2600,24200,700,1700,2500,1300,400,200,600,1200,1000,2900,600,14700,2100,200,6100
220.0,13.27,46000,611200.0,13.25,13.23,13.22,13.21,13.2,13.18,13.17,13.15,13.14,13.13,13.27,13.28,13.3,13.31,13.32,13.38,13.39,13.4,13.41,13.42,3200,9200,2800,2600,24200,700,1700,2500,1300,400,200,600,1200,1000,2900,600,14700,2100,200,6100
221.0,13.25,46300,615175.0,13.25,13.23,13.22,13.21,13.2,13.18,13.17,13.15,13.14,13.13,13.27,13.28,13.3,13.31,13.32,13.38,13.39,13.4,13.41,13.42,3000,9200,2800,2600,24200,700,1700,2500,1300,400,300,600,1200,1000,2900,600,14700,2100,200,6100
222.0,13.25,46300,615175.0,13.25,13.23,13.22,13.21,13.2,13.18,13.17,13.15,13.14,13.13,13.27,13.28,13.3,13.31,13.32,13.38,13.39,13.4,13.41,13.42,3000,9200,2800,2600,24200,700,1700,2500,1300,400,300,600,1200,1000,2900,600,14700,2100,200,6100
223.0,13.25,46300,615175.0,13.25,13.23,13.22,13.21,13.2,13.18,13.17,13.15,13.14,13.13,13.27,13.28,13.3,13.31,13.32,13.38,13.39,13.4,13.41,13.42,3000,9200,2800,2600,24200,700,1700,2500,1300,400,300,300,1200,1000,2900,600,14700,2100,200,6100
224.0,13.25,46300,615175.0,13.25,13.23,13.22,13.21,13.2,13.18,13.17,13.15,13.14,13.13,13.26,13.27,13.28,13.3,13.31,13.32,13.38,13.39,13.4,13.41,3100,9200,2800,2600,24200,700,1700,2500,1300,400,2900,400,300,1200,1000,2900,600,14700,2100,200
225.0,13.25,46300,615175.0,13.25,13.23,13.22,13.21,13.2,13.18,13.17,13.15,13.14,13.13,13.26,13.27,13.28,13.3,13.31,13.32,13.38,13.39,13.4,13.41,3100,9200,2800,2600,24200,700,1700,2500,1300,400,2900,400,300,1200,1000,2900,600,14700,2100,200
226.0,13.25,46400,616500.0,13.25,13.23,13.22,13.21,13.2,13.18,13.17,13.15,13.14,13.13,13.26,13.27,13.28,13.3,13.31,13.32,13.38,13.39,13.4,13.41,3000,9200,2800,2600,24200,700,1700,2500,1300,400,2900,400,300,1200,1000,2900,600,14700,2100,200
227.0,13.25,47200,627107.0,13.25,13.23,13.22,13.21,13.2,13.19,13.18,13.17,13.15,13.14,13.26,13.27,13.28,13.3,13.31,13.32,13.38,13.39,13.4,13.41,2900,9200,2800,2600,24200,200,700,1700,2500,1300,2200,400,300,1200,700,2900,600,14700,2100,200
228.0,13.25,47200,627107.0,13.25,13.23,13.22,13.21,13.2,13.19,13.18,13.17,13.15,13.14,13.26,13.27,13.28,13.3,13.31,13.32,13.38,13.39,13.4,13.41,2900,9200,2800,2600,24200,200,700,1700,2500,1300,2200,400,300,1200,700,2900,600,14700,2100,200
229.0,13.25,47200,627107.0,13.25,13.24,13.23,13.22,13.21,13.2,13.19,13.18,13.17,13.15,13.26,13.27,13.28,13.3,13.31,13.32,13.38,13.39,13.4,13.41,2900,300,9200,2800,2600,24200,200,700,1700,2500,2200,400,300,1200,700,2900,600,14700,2100,200
230.0,13.25,47700,633732.0,13.25,13.24,13.23,13.22,13.21,13.2,13.19,13.18,13.17,13.15,13.26,13.27,13.28,13.3,13.31,13.32,13.38,13.39,13.4,13.41,2400,300,9200,2800,2600,25000,200,700,1700,2500,2200,400,300,1200,700,2900,600,14700,2100,200
231.0,13.26,50400,669519.0,13.25,13.24,13.23,13.22,13.21,13.2,13.19,13.18,13.17,13.15,13.26,13.27,13.28,13.3,13.31,13.32,13.38,13.39,13.4,13.41,800,300,9200,2800,2600,25000,200,700,1700,2500,1000,400,300,1200,700,2900,600,14700,2100,200
232.0,13.26,50400,669519.0,13.25,13.24,13.23,13.22,13.21,13.2,13.19,13.18,13.17,13.15,13.26,13.27,13.28,13.3,13.31,13.32,13.38,13.39,13.4,13.41,800,300,9200,2800,2600,25000,200,700,1700,2500,1000,400,300,1200,700,2900,600,14700,2100,200
233.0,13.26,50400,669519.0,13.25,13.24,13.23,13.22,13.21,13.2,13.19,13.18,13.17,13.15,13.26,13.27,13.28,13.3,13.31,13.32,13.38,13.39,13.4,13.41,800,300,9200,2800,2600,25000,200,700,1700,2500,1000,400,300,1200,700,2900,600,14700,2100,200
234.0,13.26,50500,670845.0,13.25,13.24,13.23,13.22,13.21,13.2,13.19,13.18,13.17,13.15,13.26,13.27,13.28,13.3,13.31,13.32,13.38,13.39,13.4,13.41,800,300,9200,2800,2600,25000,200,700,1700,2500,900,400,300,1200,700,2900,600,14700,2100,200
235.0,13.26,50500,670845.0,13.25,13.24,13.23,13.22,13.21,13.2,13.19,13.18,13.17,13.15,13.26,13.27,13.28,13.3,13.31,13.32,13.38,13.39,13.4,13.41,800,300,9200,2800,2600,25000,200,700,1700,2500,900,400,300,1200,700,2900,600,14700,2100,200
236.0,13.26,50500,670845.0,13.25,13.24,13.23,13.22,13.21,13.2,13.19,13.18,13.17,13.15,13.26,13.27,13.28,13.3,13.31,13.32,13.38,13.39,13.4,13.41,800,300,9200,2800,2600,25000,200,700,1700,2500,900,400,300,1200,700,2900,600,14700,2100,200
237.0,13.26,50500,670845.0,13.25,13.24,13.23,13.22,13.21,13.2,13.19,13.18,13.17,13.15,13.26,13.27,13.28,13.3,13.31,13.32,13.38,13.39,13.4,13.41,800,300,9200,2800,2600,25000,200,700,1700,2500,900,400,300,1200,700,2900,600,14700,100,200
238.0,13.26,50500,670845.0,13.25,13.24,13.23,13.22,13.21,13.2,13.19,13.18,13.17,13.15,13.26,13.27,13.28,13.3,13.31,13.32,13.38,13.39,13.4,13.41,800,300,9200,2800,2600,25000,200,700,1700,2500,900,400,300,1200,700,2900,600,14700,100,200
239.0,13.26,50600,672171.0,13.25,13.24,13.23,13.22,13.21,13.2,13.19,13.18,13.17,13.15,13.26,13.27,13.28,13.3,13.31,13.32,13.38,13.39,13.4,13.41,800,300,9200,2800,2600,25000,200,700,1700,2500,800,400,300,1200,700,2900,600,14700,100,200
240.0,13.26,50600,672171.0,13.25,13.24,13.23,13.22,13.21,13.2,13.19,13.18,13.17,13.15,13.26,13.27,13.28,13.3,13.31,13.32,13.38,13.39,13.4,13.41,1100,300,9200,2800,2600,25000,200,700,1700,2500,800,400,300,1200,700,2900,600,14700,100,200
241.0,13.26,50600,672171.0,13.25,13.24,13.23,13.22,13.21,13.2,13.19,13.18,13.17,13.15,13.26,13.27,13.28,13.3,13.31,13.32,13.38,13.39,13.4,13.41,1100,300,9200,2800,2600,25000,200,700,1700,2500,1000,400,300,1200,700,2900,600,14700,100,200
242.0,13.25,50800,674821.0,13.25,13.24,13.23,13.22,13.21,13.2,13.19,13.18,13.17,13.15,13.26,13.27,13.28,13.3,13.31,13.32,13.38,13.39,13.4,13.41,900,300,9200,2800,2600,25000,200,700,1700,2500,1300,400,300,1200,700,2900,600,14700,100,200
243.0,13.25,50800,674821.0,13.25,13.24,13.23,13.22,13.21,13.2,13.19,13.18,13.17,13.15,13.26,13.27,13.28,13.3,13.31,13.32,13.38,13.39,13.4,13.41,900,500,9200,2800,2600,25000,200,700,1700,2500,1300,400,300,1200,700,2900,600,14700,100,200
244.0,13.25,51000,677472.0,13.25,13.24,13.23,13.22,13.21,13.2,13.19,13.18,13.17,13.15,13.26,13.27,13.28,13.3,13.31,13.32,13.38,13.39,13.4,13.41,800,500,9200,2800,2600,25000,200,700,1700,2500,1200,400,300,1200,700,2900,600,14700,100,200
245.0,13.25,51000,677472.0,13.25,13.24,13.23,13.22,13.21,13.2,13.19,13.18,13.17,13.15,13.26,13.27,13.28,13.3,13.31,13.32,13.38,13.39,13.4,13.41,800,500,9200,2800,2600,25000,200,700,1700,2500,1200,400,300,1200,700,2900,600,14700,100,200
246.0,13.25,51800,688072.0,13.24,13.23,13.22,13.21,13.2,13.19,13.18,13.17,13.15,13.14,13.26,13.27,13.28,13.3,13.31,13.32,13.38,13.39,13.4,13.41,500,9200,2800,2600,25000,200,700,1700,2500,1300,1200,400,300,1200,700,2900,600,14700,100,200
247.0,13.25,51800,688072.0,13.24,13.23,13.22,13.21,13.2,13.19,13.18,13.17,13.15,13.14,13.26,13.27,13.28,13.3,13.31,13.32,13.38,13.39,13.4,13.41,600,9200,2800,2600,25000,200,700,1700,2500,1300,1300,400,300,1200,700,2900,600,14700,100,200
248.0,13.26,51900,689398.0,13.24,13.23,13.22,13.21,13.2,13.19,13.18,13.17,13.15,13.14,13.25,13.26,13.27,13.28,13.3,13.31,13.32,13.38,13.39,13.4,600,9200,2800,2600,25000,200,700,1700,2500,1300,400,1200,400,300,1200,700,2900,600,14700,100
249.0,13.26,51900,689398.0,13.24,13.23,13.22,13.21,13.2,13.19,13.18,13.17,13.15,13.14,13.25,13.26,13.27,13.28,13.3,13.31,13.32,13.38,13.39,13.4,600,9200,2800,2600,25000,200,700,1700,2500,1300,400,1200,400,300,1200,700,2900,600,14700,100
250.0,13.26,51900,689398.0,13.24,13.23,13.22,13.21,13.2,13.19,13.18,13.17,13.15,13.14,13.25,13.26,13.27,13.28,13.3,13.31,13.32,13.38,13.39,13.4,600,9200,2800,2600,25000,200,700,1700,2500,1300,400,1200,400,300,1200,700,2900,600,14700,100
251.0,13.26,51900,689398.0,13.24,13.23,13.22,13.21,13.2,13.19,13.18,13.17,13.15,13.14,13.25,13.26,13.27,13.28,13.3,13.31,13.32,13.38,13.39,13.4,600,9200,2800,2600,25000,200,700,1700,2500,1300,400,1200,800,300,1200,700,2900,600,14700,100
252.0,13.26,51900,689398.0,13.24,13.23,13.22,13.21,13.2,13.19,13.18,13.17,13.15,13.14,13.25,13.26,13.27,13.28,13.3,13.31,13.32,13.38,13.39,13.4,600,9200,2800,2600,25000,200,700,1700,2500,1300,400,1200,800,300,1200,700,2900,600,14700,100
253.0,13.26,51900,689398.0,13.24,13.23,13.22,13.21,13.2,13.19,13.18,13.17,13.15,13.14,13.25,13.26,13.27,13.28,13.3,13.31,13.32,13.38,13.39,13.4,600,9200,2800,2600,25000,200,700,1700,2500,1300,400,2100,800,300,1200,700,2900,600,14700,100
254.0,13.26,51900,689398.0,13.24,13.23,13.22,13.21,13.2,13.19,13.18,13.17,13.15,13.14,13.25,13.26,13.27,13.28,13.3,13.31,13.32,13.38,13.39,13.4,600,9200,2800,2600,25000,200,700,1700,2500,1300,400,2100,800,300,1200,700,2900,600,14700,100
255.0,13.26,51900,689398.0,13.24,13.23,13.22,13.21,13.2,13.19,13.18,13.17,13.15,13.14,13.25,13.26,13.27,13.28,13.3,13.31,13.32,13.38,13.39,13.4,600,9200,2800,2600,25000,200,700,1700,2500,1300,400,2100,800,300,1200,700,2900,600,14700,100
256.0,13.26,51900,689398.0,13.24,13.23,13.22,13.21,13.2,13.19,13.18,13.17,13.15,13.14,13.25,13.26,13.27,13.28,13.3,13.31,13.32,13.38,13.39,13.4,600,9200,2800,2600,25000,200,700,1700,2500,1300,400,2100,800,300,1200,700,2900,600,14700,100
257.0,13.24,52400,696018.0,13.24,13.23,13.22,13.21,13.2,13.19,13.18,13.17,13.15,13.14,13.25,13.26,13.27,13.28,13.3,13.31,13.32,13.38,13.39,13.4,100,9200,2800,2600,25000,200,700,1700,2500,1300,24700,2100,800,300,1200,700,2900,600,14700,100
258.0,13.25,53100,705293.0,13.24,13.23,13.22,13.21,13.2,13.19,13.18,13.17,13.15,13.14,13.25,13.26,13.27,13.28,13.3,13.31,13.32,13.38,13.39,13.4,100,9200,2800,2600,25000,200,700,1700,2500,1300,24000,2100,800,300,1200,700,2900,600,14700,100
259.0,13.25,53100,705293.0,13.24,13.23,13.22,13.21,13.2,13.19,13.18,13.17,13.15,13.14,13.25,13.26,13.27,13.28,13.3,13.31,13.32,13.38,13.39,13.4,1400,9300,2800,2600,25000,200,700,1700,2500,1300,19800,2100,800,300,1100,700,2900,600,14700,100
260.0,13.24,55100,731780.0,13.24,13.23,13.22,13.21,13.2,13.18,13.17,13.15,13.14,13.13,13.25,13.26,13.27,13.28,13.3,13.31,13.32,13.38,13.39,13.4,100,10200,2800,2600,25000,700,1700,2500,1300,3700,19100,2100,800,300,1100,700,2900,600,14700,100
261.0,13.24,55100,731780.0,13.24,13.23,13.22,13.21,13.2,13.18,13.17,13.15,13.14,13.13,13.25,13.26,13.27,13.28,13.3,13.31,13.32,13.38,13.39,13.4,100,8000,2800,2600,25000,700,1700,2500,1300,3700,19100,2100,800,300,1100,700,2900,600,14700,100
262.0,13.25,56600,751655.0,13.24,13.23,13.22,13.21,13.2,13.18,13.17,13.15,13.14,13.13,13.25,13.26,13.27,13.28,13.3,13.31,13.32,13.38,13.39,13.4,100,8000,2800,2600,25000,700,1700,2500,1300,3700,17600,2100,800,300,1100,700,2900,600,14700,100
263.0,13.25,56600,751655.0,13.24,13.23,13.22,13.21,13.2,13.18,13.17,13.15,13.14,13.13,13.25,13.26,13.27,13.28,13.3,13.31,13.32,13.38,13.39,13.4,100,8000,2800,2600,25000,700,1700,2500,1300,3700,17600,2100,800,300,1100,700,2900,600,14700,100
264.0,13.25,57300,760930.0,13.24,13.23,13.22,13.21,13.2,13.18,13.17,13.15,13.14,13.13,13.25,13.26,13.27,13.28,13.3,13.31,13.32,13.38,13.39,13.4,100,8000,2800,2600,25000,700,1700,2500,1300,3700,16900,2100,800,300,1100,700,2900,600,14700,100
265.0,13.25,58000,770205.0,13.24,13.23,13.22,13.21,13.2,13.18,13.17,13.15,13.14,13.13,13.25,13.26,13.27,13.28,13.3,13.31,13.32,13.38,13.39,13.4,100,8000,2800,2600,25000,700,1700,2500,1300,3700,16200,2100,800,300,1100,700,2900,600,14700,100
266.0,13.25,58000,770205.0,13.24,13.23,13.22,13.21,13.2,13.18,13.17,13.15,13.14,13.13,13.25,13.26,13.27,13.28,13.3,13.31,13.32,13.38,13.39,13.4,100,8000,2800,2600,25000,700,1700,2500,1300,3700,16200,2100,800,300,1100,700,2900,600,14700,100
267.0,13.25,58700,779480.0,13.24,13.23,13.22,13.21,13.2,13.18,13.17,13.15,13.14,13.13,13.25,13.26,13.27,13.28,13.3,13.31,13.32,13.38,13.39,13.4,100,8000,2800,2600,25000,700,1700,2500,1300,3700,15500,2100,800,300,1100,700,2900,600,14700,100
268.0,13.25,58700,779480.0,13.24,13.23,13.22,13.21,13.2,13.18,13.17,13.15,13.14,13.13,13.25,13.26,13.27,13.28,13.3,13.31,13.32,13.38,13.39,13.4,100,8000,2800,2600,25000,700,1700,2500,1300,3700,15500,2100,800,300,1100,700,2900,600,14700,100
269.0,13.25,58700,779480.0,13.24,13.23,13.22,13.21,13.2,13.18,13.17,13.15,13.14,13.13,13.25,13.26,13.27,13.28,13.3,13.31,13.32,13.38,13.39,13.4,100,8000,2800,2600,25000,700,1700,2500,1300,3700,15500,2100,800,300,1100,700,2900,600,14700,100
270.0,13.25,59400,788755.0,13.24,13.23,13.22,13.21,13.2,13.18,13.17,13.15,13.14,13.13,13.25,13.26,13.27,13.28,13.3,13.31,13.32,13.38,13.39,13.4,100,8000,2800,2600,25000,700,1700,2500,1300,3700,14800,2100,800,300,1100,700,2900,600,14700,100
271.0,13.25,59400,788755.0,13.24,13.23,13.22,13.21,13.2,13.18,13.17,13.15,13.14,13.13,13.25,13.26,13.27,13.28,13.3,13.31,13.32,13.38,13.39,13.4,100,8000,2800,2600,25000,700,1700,2500,1300,3700,14800,2100,800,300,1100,700,2900,600,14700,100
272.0,13.25,60100,798030.0,13.24,13.23,13.22,13.21,13.2,13.18,13.17,13.15,13.14,13.13,13.25,13.26,13.27,13.28,13.3,13.31,13.32,13.38,13.39,13.4,100,8000,2800,2600,25000,700,1700,2500,1300,3700,14100,2100,800,300,1100,700,2900,600,14700,100
273.0,13.25,60800,807305.0,13.24,13.23,13.22,13.21,13.2,13.18,13.17,13.15,13.14,13.13,13.25,13.26,13.27,13.28,13.3,13.31,13.32,13.38,13.39,13.4,100,8000,2800,2600,25000,700,1700,2500,1300,3700,13400,2100,800,300,1100,700,2900,600,14700,100
274.0,13.25,62300,827180.0,13.24,13.23,13.22,13.21,13.2,13.18,13.17,13.15,13.14,13.13,13.25,13.26,13.27,13.28,13.3,13.31,13.32,13.38,13.39,13.4,100,8000,2800,2600,25000,700,1700,2500,1300,3700,11900,2100,800,300,1100,700,2900,600,14700,100
275.0,13.23,62600,831150.0,13.23,13.22,13.21,13.2,13.18,13.17,13.15,13.14,13.13,13.12,13.25,13.26,13.27,13.28,13.3,13.31,13.32,13.38,13.39,13.4,6900,2800,2600,25000,900,1700,2500,1300,3700,100,11900,2100,800,300,1100,700,2900,600,14700,100
276.0,13.25,63300,840425.0,13.23,13.22,13.21,13.2,13.18,13.17,13.15,13.14,13.13,13.12,13.25,13.26,13.27,13.28,13.3,13.31,13.32,13.38,13.39,13.4,6900,2800,2600,24200,900,1700,2500,1300,3700,100,11200,2100,800,300,1100,700,2900,600,14700,100
277.0,13.25,63300,840425.0,13.23,13.22,13.21,13.2,13.18,13.17,13.15,13.14,13.13,13.12,13.25,13.26,13.27,13.28,13.3,13.31,13.32,13.38,13.39,13.4,6900,2800,2600,24200,900,1700,2500,1300,3700,100,11200,2100,800,300,1100,700,2900,600,14700,100
278.0,13.25,63300,840425.0,13.23,13.22,13.21,13.2,13.18,13.17,13.15,13.14,13.13,13.12,13.25,13.26,13.27,13.28,13.3,13.31,13.32,13.38,13.39,13.4,6900,2800,2600,24200,900,1700,2500,1300,3700,100,11200,2100,800,300,1100,700,2900,600,14700,100
279.0,13.25,63400,841750.0,13.23,13.22,13.21,13.2,13.18,13.17,13.15,13.14,13.13,13.12,13.25,13.26,13.27,13.28,13.3,13.31,13.32,13.38,13.39,13.4,6900,2800,2600,24200,900,1700,2500,1300,3700,100,11100,2100,800,300,1100,700,2900,600,14700,100
280.0,13.25,64800,860300.0,13.23,13.22,13.21,13.2,13.18,13.17,13.15,13.14,13.13,13.12,13.25,13.26,13.27,13.28,13.3,13.31,13.32,13.38,13.39,13.4,6900,800,2600,24200,900,1700,2500,1300,3700,100,9700,2100,800,300,1100,700,2900,600,14700,100
281.0,13.25,64900,861625.0,13.23,13.22,13.21,13.2,13.18,13.17,13.15,13.14,13.13,13.12,13.25,13.26,13.27,13.28,13.3,13.31,13.32,13.38,13.39,13.4,7000,800,2600,24200,900,1700,2500,1300,3700,100,9800,2100,800,300,1100,700,2900,600,14700,100
282.0,13.25,64900,861625.0,13.23,13.22,13.21,13.2,13.18,13.17,13.15,13.14,13.13,13.12,13.25,13.26,13.27,13.28,13.3,13.31,13.32,13.38,13.39,13.4,7000,800,2600,24200,900,1700,2500,1300,3700,100,9800,2100,800,300,1100,700,2900,600,14700,100
283.0,13.25,65600,870900.0,13.23,13.22,13.21,13.2,13.18,13.17,13.15,13.14,13.13,13.12,13.25,13.26,13.27,13.28,13.3,13.31,13.32,13.38,13.39,13.4,7000,800,2600,24200,900,1700,2500,1300,3700,100,9100,2100,800,300,1100,700,2900,600,14700,100
284.0,13.25,65600,870900.0,13.23,13.22,13.21,13.2,13.18,13.17,13.15,13.14,13.13,13.12,13.25,13.26,13.27,13.28,13.3,13.31,13.32,13.38,13.39,13.4,7100,800,2600,24200,900,1700,2500,1300,3700,100,9200,2100,800,300,1100,700,2900,600,14700,100
285.0,13.25,65600,870900.0,13.23,13.22,13.21,13.2,13.18,13.17,13.15,13.14,13.13,13.12,13.25,13.26,13.27,13.28,13.3,13.31,13.32,13.38,13.39,13.4,7100,800,2600,24200,900,1700,2500,1300,3700,100,9200,2100,800,300,1100,700,2900,600,14700,100
286.0,13.25,67100,890775.0,13.23,13.22,13.21,13.2,13.18,13.17,13.15,13.14,13.13,13.12,13.25,13.26,13.27,13.28,13.3,13.31,13.32,13.38,13.39,13.4,7200,800,2600,24200,900,1700,2500,1300,3700,100,7800,2100,800,300,1100,700,2900,600,14700,100
287.0,13.25,68500,909325.0,13.23,13.22,13.21,13.2,13.18,13.17,13.15,13.14,13.13,13.12,13.25,13.26,13.27,13.28,13.3,13.31,13.32,13.38,13.39,13.4,7200,800,2600,24200,900,1700,2500,1300,3700,100,6400,2100,800,300,1100,700,2900,600,14700,100
288.0,13.25,68500,909325.0,13.23,13.22,13.21,13.2,13.18,13.17,13.15,13.14,13.13,13.12,13.25,13.26,13.27,13.28,13.3,13.31,13.32,13.38,13.39,13.4,7200,800,2600,24200,900,1700,2500,1300,3700,100,6400,2100,800,300,1100,700,2500,600,14700,100
289.0,13.25,68600,910650.0,13.23,13.22,13.21,13.2,13.18,13.17,13.15,13.14,13.13,13.12,13.25,13.26,13.27,13.28,13.3,13.31,13.32,13.38,13.39,13.4,7300,800,2600,24200,900,1700,2500,1300,3700,100,6400,2100,800,300,1100,700,2500,600,14700,100
290.0,13.25,69200,918600.0,13.23,13.22,13.21,13.2,13.18,13.17,13.15,13.14,13.13,13.12,13.25,13.26,13.27,13.28,13.3,13.31,13.32,13.38,13.39,13.4,7300,800,2600,24200,900,1700,2500,1300,3700,100,5800,3200,800,300,1100,700,2000,600,14700,100
291.0,13.25,69200,918600.0,13.23,13.22,13.21,13.2,13.18,13.17,13.15,13.14,13.13,13.12,13.25,13.26,13.27,13.28,13.3,13.31,13.32,13.38,13.39,13.4,7300,800,2600,24200,900,1700,2500,1300,3700,100,5800,3200,800,300,1100,700,1800,600,14700,100
292.0,13.25,69200,918600.0,13.23,13.22,13.21,13.2,13.18,13.17,13.15,13.14,13.13,13.12,13.25,13.26,13.27,13.28,13.3,13.31,13.32,13.38,13.39,13.4,7400,800,2600,24200,900,1700,2500,1300,3700,100,5900,3200,800,300,1100,700,1800,600,14700,100
293.0,13.25,69200,918600.0,13.23,13.22,13.21,13.2,13.18,13.17,13.15,13.14,13.13,13.12,13.25,13.26,13.27,13.28,13.3,13.31,13.32,13.38,13.39,13.4,7400,800,2600,24200,900,1700,2500,1300,3700,100,5900,3400,800,300,1100,700,1800,600,14700,100
294.0,13.25,69700,925225.0,13.23,13.22,13.21,13.2,13.18,13.17,13.15,13.14,13.13,13.12,13.25,13.26,13.27,13.28,13.3,13.31,13.32,13.38,13.39,13.4,7400,800,2600,24200,900,1700,2500,1300,3700,100,5400,3400,800,300,1100,700,1800,600,14700,100
295.0,13.25,70200,931850.0,13.23,13.22,13.21,13.2,13.18,13.17,13.15,13.14,13.13,13.12,13.25,13.26,13.27,13.28,13.3,13.31,13.32,13.38,13.39,13.4,7500,800,2600,24200,900,1700,2500,1300,3700,100,5000,3400,800,300,1100,700,1800,600,14700,100
296.0,13.25,70200,931850.0,13.23,13.22,13.21,13.2,13.18,13.17,13.15,13.14,13.13,13.12,13.25,13.26,13.27,13.28,13.3,13.31,13.32,13.38,13.39,13.4,7500,800,2600,24200,900,1700,2500,1300,3700,100,5000,3400,800,300,1100,700,1800,600,14700,100
297.0,13.25,70700,938475.0,13.23,13.22,13.21,13.2,13.18,13.17,13.15,13.14,13.13,13.12,13.25,13.26,13.27,13.28,13.3,13.31,13.32,13.38,13.39,13.4,7500,800,2600,24200,900,1700,2500,1300,3700,100,4500,3400,800,300,1100,700,1800,600,14700,100
298.0,13.25,71600,950400.0,13.23,13.22,13.21,13.2,13.18,13.17,13.15,13.14,13.13,13.12,13.25,13.26,13.27,13.28,13.3,13.31,13.32,13.38,13.39,13.4,7600,800,2600,24200,900,1700,2500,1300,3700,100,3700,3400,800,300,1100,700,1800,600,14700,100
299.0,13.25,71600,950400.0,13.23,13.22,13.21,13.2,13.18,13.17,13.15,13.14,13.13,13.12,13.25,13.26,13.27,13.28,13.3,13.31,13.32,13.38,13.39,13.4,7600,800,2600,24200,900,1700,2500,1300,3700,100,3700,3400,800,300,1100,700,1800,600,14700,100
300.0,13.25,71900,954375.0,13.24,13.23,13.22,13.21,13.2,13.18,13.17,13.15,13.14,13.13,13.25,13.26,13.27,13.28,13.3,13.31,13.32,13.38,13.39,13.4,3000,7600,800,2600,24200,900,1700,2500,1300,3700,3400,3400,800,300,1100,700,1800,600,14700,100
301.0,13.25,71900,954375.0,13.24,13.23,13.22,13.21,13.2,13.18,13.17,13.15,13.14,13.13,13.25,13.26,13.27,13.28,13.3,13.31,13.32,13.38,13.39,13.4,3000,7600,800,2600,24200,900,1700,2500,1300,3700,3400,3400,800,300,1100,700,1800,600,14700,100
302.0,13.23,75300,999393.0,13.23,13.22,13.21,13.2,13.18,13.17,13.16,13.15,13.14,13.13,13.25,13.26,13.27,13.28,13.3,13.31,13.32,13.38,13.39,13.4,7500,800,2600,24200,900,1700,300,2500,1300,3700,3100,3400,800,300,1100,700,1800,600,14700,100
303.0,13.25,75600,1003368.0,13.23,13.22,13.21,13.2,13.18,13.17,13.16,13.15,13.14,13.13,13.25,13.26,13.27,13.28,13.3,13.31,13.32,13.38,13.39,13.4,7600,800,2600,24200,900,1700,300,2500,1300,3700,2900,3400,800,300,1100,700,1800,600,14700,100
304.0,13.25,75600,1003368.0,13.23,13.22,13.21,13.2,13.18,13.17,13.16,13.15,13.14,13.13,13.25,13.26,13.27,13.28,13.3,13.31,13.32,13.38,13.39,13.4,7600,800,2600,24200,900,1700,300,2500,1300,3700,2900,3400,800,300,1100,700,1800,600,14700,100
305.0,13.25,75600,1003368.0,13.23,13.22,13.21,13.2,13.18,13.17,13.16,13.15,13.14,13.13,13.25,13.26,13.27,13.28,13.3,13.31,13.32,13.38,13.39,13.4,7600,800,2600,24200,900,1700,300,2500,1300,3700,2900,2900,800,300,1100,700,1800,600,14700,100
306.0,13.25,75600,1003368.0,13.23,13.22,13.21,13.2,13.18,13.17,13.16,13.15,13.14,13.13,13.25,13.26,13.27,13.28,13.3,13.31,13.32,13.38,13.39,13.4,7700,800,2600,24200,900,1700,300,2500,1300,3700,3000,2900,800,300,1100,700,1800,600,14700,100
307.0,13.25,75900,1007343.0,13.23,13.22,13.21,13.2,13.18,13.17,13.16,13.15,13.14,13.13,13.25,13.26,13.27,13.28,13.3,13.31,13.32,13.38,13.39,13.4,7700,800,2600,24200,900,1700,300,2500,1300,3700,2700,2900,800,300,1100,700,1800,600,14700,100
308.0,13.25,75900,1007343.0,13.23,13.22,13.21,13.2,13.18,13.17,13.16,13.15,13.14,13.13,13.24,13.25,13.26,13.27,13.28,13.3,13.31,13.32,13.38,13.39,7900,800,2600,24200,900,1700,300,2500,1300,3700,500,2700,2900,800,300,1100,700,1800,600,14700
309.0,13.24,76000,1008667.0,13.23,13.22,13.21,13.2,13.18,13.17,13.16,13.15,13.14,13.13,13.24,13.25,13.26,13.27,13.28,13.3,13.31,13.32,13.38,13.39,8400,800,2600,24200,900,1700,300,2500,1300,3700,500,2700,2900,800,300,1100,700,1800,600,14700
310.0,13.23,76700,1017928.0,13.23,13.22,13.21,13.2,13.18,13.17,13.16,13.15,13.14,13.13,13.24,13.25,13.26,13.27,13.28,13.3,13.31,13.32,13.38,13.39,7700,800,2600,24200,900,1700,300,2500,1300,3700,500,2700,2900,800,300,1100,700,1800,600,14700
311.0,13.23,76700,1017928.0,13.23,13.22,13.21,13.2,13.18,13.17,13.16,13.15,13.14,13.13,13.24,13.25,13.26,13.27,13.28,13.3,13.31,13.32,13.38,13.39,7700,800,2600,24200,900,1700,300,2500,1300,3700,500,2700,2900,800,300,1100,700,1800,600,14700
312.0,13.23,76700,1017928.0,13.23,13.22,13.21,13.2,13.18,13.17,13.16,13.15,13.14,13.13,13.24,13.25,13.26,13.27,13.28,13.3,13.31,13.32,13.38,13.39,7700,800,2600,24200,900,1700,300,2500,1300,3700,500,2700,2900,800,300,1100,700,1800,600,14700
313.0,13.23,76700,1017928.0,13.23,13.22,13.21,13.2,13.18,13.17,13.16,13.15,13.14,13.13,13.24,13.25,13.26,13.27,13.28,13.3,13.31,13.32,13.38,13.39,7700,800,2600,24200,900,1700,300,2500,1300,3700,500,2700,2900,800,300,1100,700,1800,600,14600
314.0,13.23,76700,1017928.0,13.23,13.22,13.21,13.2,13.18,13.17,13.16,13.15,13.14,13.13,13.24,13.25,13.26,13.27,13.28,13.3,13.31,13.32,13.38,13.39,7700,800,2600,24200,900,1700,300,2500,1300,3700,500,2700,2900,800,300,1100,700,1800,600,14600
315.0,13.23,76700,1017928.0,13.23,13.22,13.21,13.2,13.18,13.17,13.16,13.15,13.14,13.13,13.24,13.25,13.26,13.27,13.28,13.3,13.31,13.32,13.38,13.39,7700,800,2600,24200,900,1700,300,2500,1300,3700,500,2700,2900,800,300,1100,700,1800,600,14600
316.0,13.23,76700,1017928.0,13.23,13.22,13.21,13.2,13.18,13.17,13.16,13.15,13.14,13.13,13.24,13.25,13.26,13.27,13.28,13.3,13.31,13.32,13.38,13.39,7700,800,2600,24200,900,1700,300,2500,1300,3700,500,2700,2900,800,300,1100,700,1800,600,14600
317.0,13.23,76700,1017928.0,13.23,13.22,13.21,13.2,13.18,13.17,13.16,13.15,13.14,13.13,13.24,13.25,13.26,13.27,13.28,13.3,13.31,13.32,13.38,13.39,7700,800,2600,24200,900,1700,300,2500,1300,3700,500,2700,2900,800,300,1100,700,1800,600,14600
318.0,13.23,76700,1017928.0,13.23,13.22,13.21,13.2,13.18,13.17,13.16,13.15,13.14,13.13,13.24,13.25,13.26,13.27,13.28,13.3,13.31,13.32,13.38,13.39,7700,800,2600,24200,900,1700,300,2500,1300,3700,500,2700,2900,800,300,1100,700,1800,600,14600
319.0,13.23,76700,1017928.0,13.23,13.22,13.21,13.2,13.18,13.17,13.16,13.15,13.14,13.13,13.24,13.25,13.26,13.27,13.28,13.3,13.31,13.32,13.38,13.39,7700,800,2600,24200,900,1700,300,2500,1300,3700,500,2700,2900,800,300,1100,700,1800,600,14600
320.0,13.23,78200,1037773.0,13.23,13.22,13.21,13.2,13.18,13.17,13.16,13.15,13.14,13.13,13.24,13.25,13.26,13.27,13.28,13.3,13.31,13.32,13.38,13.39,6200,800,2600,24200,900,1700,300,2500,1300,3700,600,2700,2900,800,300,1100,700,1800,600,14600
321.0,13.23,78400,1040420.0,13.23,13.22,13.21,13.2,13.18,13.17,13.16,13.15,13.14,13.13,13.24,13.25,13.26,13.27,13.28,13.3,13.31,13.32,13.38,13.39,6100,800,2600,14200,900,1700,300,2500,1300,3700,500,2700,2900,800,300,1100,700,1800,600,14600
322.0,13.23,78400,1040420.0,13.23,13.22,13.21,13.2,13.18,13.17,13.16,13.15,13.14,13.13,13.24,13.25,13.26,13.27,13.28,13.3,13.31,13.32,13.38,13.39,6100,800,2600,14200,900,1700,300,2500,1300,3700,500,2700,2900,800,300,1100,700,1800,600,14600
323.0,13.23,83900,1113185.0,13.23,13.22,13.21,13.2,13.18,13.17,13.16,13.15,13.14,13.13,13.24,13.25,13.26,13.27,13.28,13.3,13.31,13.32,13.38,13.39,700,800,2600,14200,900,1700,300,2500,1300,3700,500,3800,2900,800,300,1100,700,1800,600,14600
324.0,13.23,83900,1113185.0,13.23,13.22,13.21,13.2,13.18,13.17,13.16,13.15,13.14,13.13,13.24,13.25,13.26,13.27,13.28,13.3,13.31,13.32,13.38,13.39,700,800,2600,14200,900,1700,300,2500,1300,3700,500,3800,2900,800,300,1100,700,1800,600,14600
325.0,13.22,84700,1123768.0,13.22,13.21,13.2,13.18,13.17,13.16,13.15,13.14,13.13,13.12,13.23,13.24,13.25,13.26,13.27,13.28,13.3,13.31,13.32,13.38,700,2800,14200,900,1700,300,2500,1300,3700,100,1200,500,3800,2900,800,300,1100,700,1800,600
326.0,13.23,95200,1262772.0,13.22,13.21,13.2,13.18,13.17,13.16,13.15,13.14,13.13,13.12,13.24,13.25,13.26,13.27,13.28,13.3,13.31,13.32,13.38,13.39,1500,3300,12000,900,1700,300,4700,1300,3700,100,5400,3800,2900,800,300,1100,700,1800,600,14600
327.0,13.24,95700,1269392.0,13.22,13.21,13.2,13.18,13.17,13.16,13.15,13.14,13.13,13.12,13.24,13.25,13.26,13.27,13.28,13.3,13.31,13.32,13.38,13.39,1700,3300,12000,900,1700,300,4700,1300,3700,100,5100,3800,2900,800,300,1100,700,1800,600,14600
328.0,13.22,95800,1270714.0,13.22,13.21,13.2,13.18,13.17,13.16,13.15,13.14,13.13,13.12,13.24,13.25,13.26,13.27,13.28,13.3,13.31,13.32,13.38,13.39,1800,3300,12000,900,1700,300,4700,1300,3700,100,5100,3800,2900,800,300,1100,700,1800,600,14600
329.0,13.22,95800,1270714.0,13.22,13.21,13.2,13.18,13.17,13.16,13.15,13.14,13.13,13.12,13.24,13.25,13.26,13.27,13.28,13.3,13.31,13.32,13.38,13.39,1800,3300,12000,900,1700,300,4700,1300,3700,100,5100,3800,2900,800,300,1100,700,1800,600,14600
330.0,13.22,95800,1270714.0,13.22,13.21,13.2,13.18,13.17,13.16,13.15,13.14,13.13,13.12,13.24,13.25,13.26,13.27,13.28,13.3,13.31,13.32,13.38,13.39,2000,3300,12000,900,1700,300,4700,1300,3700,100,5300,3800,2900,800,300,1100,700,1800,600,14600
331.0,13.24,96300,1277334.0,13.22,13.21,13.2,13.18,13.17,13.16,13.15,13.14,13.13,13.12,13.24,13.25,13.26,13.27,13.28,13.3,13.31,13.32,13.38,13.39,2100,3300,12000,900,1700,300,4700,1300,3700,100,4800,3800,2900,800,300,1100,700,1800,600,14600
332.0,13.24,96900,1285278.0,13.22,13.21,13.2,13.18,13.17,13.16,13.15,13.14,13.13,13.12,13.24,13.25,13.26,13.27,13.28,13.3,13.31,13.32,13.38,13.39,2300,3300,12000,900,1700,300,4700,1300,3700,100,4200,3800,2900,800,300,1100,700,1800,600,14600
333.0,13.24,97700,1295870.0,13.22,13.21,13.2,13.18,13.17,13.16,13.15,13.14,13.13,13.12,13.24,13.25,13.26,13.27,13.28,13.3,13.31,13.32,13.38,13.39,2500,3300,12000,900,1700,300,4700,1300,3700,100,3600,3800,2900,800,300,1100,700,1800,600,14600
334.0,13.24,97700,1295870.0,13.22,13.21,13.2,13.18,13.17,13.16,13.15,13.14,13.13,13.12,13.24,13.25,13.26,13.27,13.28,13.3,13.31,13.32,13.38,13.39,2500,3300,12000,900,1700,300,4700,1300,3700,100,3600,3800,2900,800,300,1100,700,1800,600,14600
335.0,13.24,98000,1299842.0,13.22,13.21,13.2,13.18,13.17,13.16,13.15,13.14,13.13,13.12,13.24,13.25,13.26,13.27,13.28,13.3,13.31,13.32,13.38,13.39,2500,3300,12000,900,1700,300,4700,1300,3700,100,3700,3800,2900,800,300,1100,700,1800,600,14600
336.0,13.24,98000,1299842.0,13.22,13.21,13.2,13.18,13.17,13.16,13.15,13.14,13.13,13.12,13.24,13.25,13.26,13.27,13.28,13.3,13.31,13.32,13.38,13.39,2700,3300,12000,900,1700,300,4700,1300,3700,100,3900,3800,2900,800,300,1100,700,1800,600,14600
337.0,13.24,98000,1299842.0,13.22,13.21,13.2,13.18,13.17,13.16,13.15,13.14,13.13,13.12,13.24,13.25,13.26,13.27,13.28,13.3,13.31,13.32,13.38,13.39,2700,4600,12000,900,1700,300,4700,1300,3700,100,3900,3800,2900,800,300,1100,700,1800,600,14600
338.0,13.22,98300,1303808.0,13.22,13.21,13.2,13.18,13.17,13.16,13.15,13.14,13.13,13.12,13.23,13.24,13.25,13.26,13.27,13.28,13.3,13.31,13.32,13.38,2400,4600,12000,900,1700,300,4700,1300,3700,100,100,3900,3800,2900,800,300,1100,700,1800,600
339.0,13.22,98300,1303808.0,13.22,13.21,13.2,13.18,13.17,13.16,13.15,13.14,13.13,13.12,13.23,13.24,13.25,13.26,13.27,13.28,13.3,13.31,13.32,13.38,2400,4600,12000,900,1700,300,4700,1300,3700,100,100,3900,3800,2900,800,300,1100,700,1800,600
340.0,13.22,98300,1303808.0,13.22,13.21,13.2,13.18,13.17,13.16,13.15,13.14,13.13,13.12,13.23,13.24,13.25,13.26,13.27,13.28,13.3,13.31,13.32,13.38,2400,4600,12000,900,1700,300,4700,1300,3700,100,100,3900,3800,2900,800,300,1100,700,1800,600
341.0,13.22,99200,1315706.0,13.22,13.21,13.2,13.18,13.17,13.16,13.15,13.14,13.13,13.12,13.23,13.24,13.25,13.26,13.27,13.28,13.3,13.31,13.32,13.38,1000,4600,12000,900,1700,300,4700,1300,3700,100,100,3900,3800,2900,800,300,1100,700,1800,600
342.0,13.22,99200,1315706.0,13.22,13.21,13.2,13.18,13.17,13.16,13.15,13.14,13.13,13.12,13.23,13.24,13.25,13.26,13.27,13.28,13.3,13.31,13.32,13.38,1000,4600,12000,900,1700,300,4700,1300,3700,100,100,3900,3800,2900,800,300,1100,700,1800,600
343.0,13.22,99300,1317028.0,13.22,13.21,13.2,13.18,13.17,13.16,13.15,13.14,13.13,13.12,13.23,13.24,13.25,13.26,13.27,13.28,13.3,13.31,13.32,13.38,900,4600,12000,900,1700,300,4700,1300,3700,100,100,3900,3800,2900,800,300,1100,700,1800,600
344.0,13.22,99300,1317028.0,13.22,13.21,13.2,13.18,13.17,13.16,13.15,13.14,13.13,13.12,13.23,13.24,13.25,13.26,13.27,13.28,13.3,13.31,13.32,13.38,2200,4600,12000,900,1700,300,4700,1300,3700,100,100,3900,3800,2900,800,300,1100,700,1800,600
345.0,13.22,99300,1317028.0,13.22,13.21,13.2,13.18,13.17,13.16,13.15,13.14,13.13,13.12,13.23,13.24,13.25,13.26,13.27,13.28,13.3,13.31,13.32,13.38,2200,4600,12000,900,1700,300,4700,1300,3700,100,100,3900,3800,2900,800,300,1100,700,1800,600
346.0,13.22,99300,1317028.0,13.22,13.21,13.2,13.18,13.17,13.16,13.15,13.14,13.13,13.12,13.23,13.24,13.25,13.26,13.27,13.28,13.3,13.31,13.32,13.38,2200,4600,12000,900,1700,300,4700,1300,3700,100,100,3900,3800,2900,800,300,1100,700,1800,600
347.0,13.22,100300,1330248.0,13.22,13.21,13.2,13.18,13.17,13.16,13.15,13.14,13.13,13.12,13.23,13.24,13.25,13.26,13.27,13.28,13.3,13.31,13.32,13.38,1300,3300,2000,900,1700,300,4700,1300,3700,100,500,3500,3800,2900,800,300,1100,700,1800,600
348.0,13.22,101900,1351401.0,13.22,13.21,13.2,13.18,13.17,13.16,13.15,13.14,13.13,13.12,13.23,13.24,13.25,13.26,13.27,13.28,13.3,13.31,13.32,13.38,1200,3300,2000,900,1700,300,4700,1300,3700,100,400,3500,3800,2900,800,300,1100,700,1800,600
349.0,13.22,101900,1351401.0,13.22,13.21,13.2,13.18,13.17,13.16,13.15,13.14,13.13,13.12,13.23,13.24,13.25,13.26,13.27,13.28,13.3,13.31,13.32,13.38,1200,3300,2000,900,1700,300,4700,1300,3700,100,400,3500,3800,2900,800,300,1100,700,1800,600
350.0,13.22,102300,1356690.0,13.22,13.21,13.2,13.18,13.17,13.16,13.15,13.14,13.13,13.12,13.23,13.24,13.25,13.26,13.27,13.28,13.3,13.31,13.32,13.38,900,3300,2000,900,1700,300,4700,1300,3700,100,100,3500,3800,2900,800,300,1100,700,1800,600
351.0,13.21,105300,1396329.0,13.21,13.2,13.18,13.17,13.16,13.15,13.14,13.13,13.12,13.1,13.23,13.24,13.25,13.26,13.27,13.28,13.3,13.31,13.32,13.38,1200,2000,1900,1700,300,4700,1300,3700,100,20600,100,3500,3800,2900,800,300,1100,700,1800,400
352.0,13.21,105300,1396329.0,13.21,13.2,13.18,13.17,13.16,13.15,13.14,13.13,13.12,13.1,13.23,13.24,13.25,13.26,13.27,13.28,13.3,13.31,13.32,13.38,1200,2000,1900,1700,300,4700,1300,3700,100,20600,100,3500,3800,2900,800,300,1100,700,1800,300
353.0,13.21,105400,1397650.0,13.21,13.2,13.18,13.17,13.16,13.15,13.14,13.13,13.12,13.1,13.24,13.25,13.26,13.27,13.28,13.3,13.31,13.32,13.38,13.39,1100,2000,1900,1700,300,4700,1300,3700,100,20600,3500,4200,2900,800,300,1100,700,1800,200,14600
354.0,13.24,105700,1401622.0,13.21,13.2,13.18,13.17,13.16,13.15,13.14,13.13,13.12,13.1,13.24,13.25,13.26,13.27,13.28,13.3,13.31,13.32,13.38,13.39,1700,7000,1900,1700,300,4700,1300,3700,100,20600,3800,4200,2900,800,300,1100,700,1800,200,14600
355.0,13.23,106100,1406914.0,13.21,13.2,13.18,13.17,13.16,13.15,13.14,13.13,13.12,13.1,13.24,13.25,13.26,13.27,13.28,13.3,13.31,13.32,13.38,13.39,1700,7000,1900,1700,300,4700,1300,3700,100,20600,3800,4200,2900,800,300,1100,700,1800,200,14600
356.0,13.24,107100,1420154.0,13.22,13.21,13.2,13.18,13.17,13.16,13.15,13.14,13.13,13.12,13.24,13.25,13.26,13.27,13.28,13.3,13.31,13.32,13.38,13.39,1300,2600,7000,1900,1700,300,4700,1300,3700,100,3600,4200,2900,800,300,1100,700,1800,200,14600
357.0,13.24,107100,1420154.0,13.22,13.21,13.2,13.18,13.17,13.16,13.15,13.14,13.13,13.12,13.24,13.25,13.26,13.27,13.28,13.3,13.31,13.32,13.38,13.39,1300,2600,7000,1900,1700,300,4700,1300,3700,100,3600,4200,2900,800,300,1100,700,1800,200,14600
358.0,13.24,107100,1420154.0,13.22,13.21,13.2,13.18,13.17,13.16,13.15,13.14,13.13,13.12,13.24,13.25,13.26,13.27,13.28,13.3,13.31,13.32,13.38,13.39,1300,2600,7000,1900,1700,300,4700,1300,3700,100,3600,4200,2900,800,300,1100,700,1800,200,14600
359.0,13.22,108700,1441312.0,13.22,13.21,13.2,13.18,13.17,13.16,13.15,13.14,13.13,13.12,13.24,13.25,13.26,13.27,13.28,13.3,13.31,13.32,13.38,13.39,200,2500,7000,1900,1700,300,4700,1300,3700,100,3500,4200,2900,800,300,1100,700,1800,200,14600
360.0,13.22,108700,1441312.0,13.22,13.21,13.2,13.18,13.17,13.16,13.15,13.14,13.13,13.12,13.24,13.25,13.26,13.27,13.28,13.3,13.31,13.32,13.38,13.39,200,2500,7000,1900,1700,300,4700,1300,3700,100,3500,4200,2900,800,300,1100,700,1800,200,14600
361.0,13.23,109300,1449253.0,13.22,13.21,13.2,13.18,13.17,13.16,13.15,13.14,13.13,13.12,13.24,13.25,13.26,13.27,13.28,13.3,13.31,13.32,13.38,13.39,200,2600,7000,1900,1700,300,4700,1300,3700,100,3200,4200,2900,800,300,1100,700,1800,200,14600
362.0,13.23,109300,1449253.0,13.22,13.21,13.2,13.18,13.17,13.16,13.15,13.14,13.13,13.12,13.23,13.24,13.25,13.26,13.27,13.28,13.3,13.31,13.32,13.38,400,2600,7000,1900,1700,300,4700,1300,3700,100,200,3800,4200,2900,800,300,1100,700,1800,200
363.0,13.23,109300,1449253.0,13.22,13.21,13.2,13.18,13.17,13.16,13.15,13.14,13.13,13.12,13.23,13.24,13.25,13.26,13.27,13.28,13.3,13.31,13.32,13.38,400,2600,7000,1900,1700,300,4700,1300,3700,100,200,3800,4200,2900,800,300,1100,700,1700,200
364.0,13.22,110800,1469083.0,13.22,13.21,13.2,13.18,13.17,13.16,13.15,13.14,13.13,13.12,13.23,13.24,13.25,13.26,13.27,13.28,13.3,13.31,13.32,13.38,400,2600,7000,1900,1700,300,4700,1300,3700,100,200,3800,4200,2900,800,300,1100,700,1700,200
365.0,13.22,110800,1469083.0,13.22,13.21,13.2,13.18,13.17,13.16,13.15,13.14,13.13,13.12,13.23,13.24,13.25,13.26,13.27,13.28,13.3,13.31,13.32,13.38,400,2700,7000,1900,1700,300,4700,1300,3700,100,200,3800,4300,2900,800,300,1100,700,1700,200
366.0,13.22,110800,1469083.0,13.22,13.21,13.2,13.18,13.17,13.16,13.15,13.14,13.13,13.12,13.23,13.24,13.25,13.26,13.27,13.28,13.3,13.31,13.32,13.38,400,2700,7000,2400,1700,300,4700,1300,3700,100,200,3800,4300,2900,800,300,1100,700,1700,200
367.0,13.22,110800,1469083.0,13.22,13.21,13.2,13.18,13.17,13.16,13.15,13.14,13.13,13.12,13.23,13.24,13.25,13.26,13.27,13.28,13.3,13.31,13.32,13.38,400,2700,7000,2400,1700,300,4700,1300,3700,100,200,3800,4300,2900,800,300,1100,700,1700,200
368.0,13.22,110800,1469083.0,13.22,13.21,13.2,13.18,13.17,13.16,13.15,13.14,13.13,13.12,13.23,13.24,13.25,13.26,13.27,13.28,13.3,13.31,13.32,13.38,400,2900,7000,2400,1700,300,4700,1300,3700,100,200,3800,4300,2900,800,300,1100,700,1500,200
369.0,13.22,110800,1469083.0,13.22,13.21,13.2,13.18,13.17,13.16,13.15,13.14,13.13,13.12,13.23,13.24,13.25,13.26,13.27,13.28,13.3,13.31,13.32,13.38,400,3000,7100,2400,1700,300,4700,1300,3700,100,200,3800,4300,2900,800,300,1100,700,1500,200
370.0,13.22,110800,1469083.0,13.22,13.21,13.2,13.18,13.17,13.16,13.15,13.14,13.13,13.12,13.23,13.24,13.25,13.26,13.27,13.28,13.3,13.31,13.32,13.38,400,3000,7100,2400,1700,300,4700,1300,3700,100,400,3800,4300,2900,800,300,1100,700,1500,200
371.0,13.22,110800,1469083.0,13.22,13.21,13.2,13.18,13.17,13.16,13.15,13.14,13.13,13.12,13.23,13.24,13.25,13.26,13.27,13.28,13.3,13.31,13.32,13.38,400,3000,7100,2400,1700,300,4700,1300,3700,100,400,3800,4300,2300,800,300,1100,700,1500,200
372.0,13.22,110800,1469083.0,13.22,13.21,13.2,13.18,13.17,13.16,13.15,13.14,13.13,13.12,13.23,13.24,13.25,13.26,13.27,13.28,13.3,13.31,13.32,13.38,400,3000,7100,2400,1700,300,4700,1300,3700,100,400,3800,4300,2300,800,300,1100,700,1500,200
373.0,13.22,110800,1469083.0,13.22,13.21,13.2,13.18,13.17,13.16,13.15,13.14,13.13,13.12,13.23,13.24,13.25,13.26,13.27,13.28,13.3,13.31,13.32,13.38,400,3000,7800,2400,1700,300,4700,1300,3700,100,400,3800,4300,2300,800,300,1100,700,1500,200
374.0,13.22,110800,1469083.0,13.22,13.21,13.2,13.18,13.17,13.16,13.15,13.14,13.13,13.12,13.23,13.24,13.25,13.26,13.27,13.28,13.3,13.31,13.32,13.38,5400,3000,7800,2400,1700,300,4700,1300,3700,100,800,3400,4300,2300,800,300,1100,700,1500,200
375.0,13.22,110800,1469083.0,13.22,13.21,13.2,13.18,13.17,13.16,13.15,13.14,13.13,13.12,13.23,13.24,13.25,13.26,13.27,13.28,13.3,13.31,13.32,13.38,5700,3000,7800,2400,1700,300,4700,1300,3700,100,800,3400,4300,2300,800,300,1100,700,1500,200
376.0,13.22,111800,1482303.0,13.22,13.21,13.2,13.18,13.17,13.16,13.15,13.14,13.13,13.12,13.23,13.24,13.25,13.26,13.27,13.28,13.3,13.31,13.32,13.38,4700,3000,7800,2400,1700,300,4700,1300,3700,100,800,3400,4300,2300,800,300,1100,700,1500,200
377.0,13.22,111800,1482303.0,13.22,13.21,13.2,13.18,13.17,13.16,13.15,13.14,13.13,13.12,13.23,13.24,13.25,13.26,13.27,13.28,13.3,13.31,13.32,13.38,4700,3000,7800,2400,1700,300,4700,1300,3700,100,800,3400,4300,2300,800,300,1100,700,1500,200
378.0,13.22,111800,1482303.0,13.22,13.21,13.2,13.18,13.17,13.16,13.15,13.14,13.13,13.12,13.23,13.24,13.25,13.26,13.27,13.28,13.3,13.31,13.32,13.38,4700,3000,7800,2400,1700,300,4700,1300,3700,100,800,3400,4300,2300,800,300,1100,700,1500,200
379.0,13.23,111900,1483626.0,13.22,13.21,13.2,13.18,13.17,13.16,13.15,13.14,13.13,13.12,13.23,13.24,13.25,13.26,13.27,13.28,13.3,13.31,13.32,13.38,4700,3000,7800,2400,1700,300,4700,1300,3700,100,1300,3400,4300,2300,800,300,1100,700,1500,200
380.0,13.23,111900,1483626.0,13.22,13.21,13.2,13.18,13.17,13.16,13.15,13.14,13.13,13.12,13.23,13.24,13.25,13.26,13.27,13.28,13.3,13.31,13.32,13.38,4700,3000,7800,2400,1700,300,4700,1300,3700,100,1300,3400,4300,2300,800,300,1100,700,1500,200
381.0,13.23,111900,1483626.0,13.22,13.21,13.2,13.18,13.17,13.16,13.15,13.14,13.13,13.12,13.23,13.24,13.25,13.26,13.27,13.28,13.3,13.31,13.32,13.38,4700,3000,7800,2400,1700,300,4700,1300,3700,100,1300,3400,4300,2300,800,300,1100,700,1500,200
382.0,13.23,113000,1498179.0,13.22,13.21,13.2,13.18,13.17,13.16,13.15,13.14,13.13,13.12,13.23,13.24,13.25,13.26,13.27,13.28,13.3,13.31,13.32,13.38,4700,3000,7800,2400,1700,300,4700,1300,3700,100,200,3400,4300,2300,800,300,1100,700,1500,200
383.0,13.22,114000,1511399.0,13.22,13.21,13.2,13.18,13.17,13.16,13.15,13.14,13.13,13.12,13.23,13.24,13.25,13.26,13.27,13.28,13.3,13.31,13.32,13.38,3700,3000,7800,2400,1700,300,4700,1300,3700,100,200,3400,4300,2300,800,300,1100,700,1500,200
384.0,13.22,114000,1511399.0,13.22,13.21,13.2,13.18,13.17,13.16,13.15,13.14,13.13,13.12,13.23,13.24,13.25,13.26,13.27,13.28,13.3,13.31,13.32,13.38,3700,3000,7800,2400,1700,300,4700,1300,3700,100,200,3400,4300,2300,800,300,1100,700,1500,200
385.0,13.22,114000,1511399.0,13.22,13.21,13.2,13.18,13.17,13.16,13.15,13.14,13.13,13.12,13.23,13.24,13.25,13.26,13.27,13.28,13.3,13.31,13.32,13.38,3700,3000,7800,2400,1700,300,4700,1300,3700,100,200,3400,4300,2300,800,300,1800,700,1500,200
386.0,13.22,115900,1536517.0,13.22,13.21,13.2,13.18,13.17,13.16,13.15,13.14,13.13,13.12,13.23,13.24,13.25,13.26,13.27,13.28,13.3,13.31,13.32,13.38,1900,3000,7800,2400,1700,300,4700,1300,3700,100,200,3200,4300,2300,800,300,1800,700,1500,200
387.0,13.22,115900,1536517.0,13.22,13.21,13.2,13.18,13.17,13.16,13.15,13.14,13.13,13.12,13.23,13.24,13.25,13.26,13.27,13.28,13.3,13.31,13.32,13.38,1900,3000,7800,2400,1700,300,4700,1300,3700,100,400,3200,4300,2300,800,300,1800,700,1500,100
388.0,13.22,116100,1539161.0,13.22,13.21,13.2,13.18,13.17,13.16,13.15,13.14,13.13,13.12,13.23,13.24,13.25,13.26,13.27,13.28,13.3,13.31,13.32,13.38,1700,3200,7800,2400,1700,300,4700,1300,3700,100,400,3200,4300,2300,800,300,1800,700,1500,100
389.0,13.22,116200,1540483.0,13.22,13.21,13.2,13.18,13.17,13.16,13.15,13.14,13.13,13.12,13.23,13.24,13.25,13.26,13.27,13.28,13.3,13.31,13.32,13.38,1600,3200,7800,2400,1700,300,4700,1300,3700,100,400,3300,4300,2300,800,300,1800,700,1500,100
390.0,13.22,116200,1540483.0,13.22,13.21,13.2,13.18,13.17,13.16,13.15,13.14,13.13,13.12,13.23,13.24,13.25,13.26,13.27,13.28,13.3,13.31,13.32,13.38,1600,3200,7800,2400,1700,400,4700,1300,3700,100,400,3300,4300,2300,800,300,1800,700,1500,100
391.0,13.22,116200,1540483.0,13.22,13.21,13.2,13.18,13.17,13.16,13.15,13.14,13.13,13.12,13.23,13.24,13.25,13.26,13.27,13.28,13.3,13.31,13.32,13.38,1600,3200,7800,2400,1700,400,4700,1300,3700,100,400,3300,4300,2300,800,300,1800,700,1500,100
392.0,13.22,117800,1561635.0,13.21,13.2,13.18,13.17,13.16,13.15,13.14,13.13,13.12,13.1,13.22,13.23,13.24,13.25,13.26,13.27,13.28,13.3,13.31,13.32,3200,7800,2400,1700,400,4700,1300,3700,100,20600,800,400,3300,4300,2300,800,300,1800,700,1500
393.0,13.22,117800,1561635.0,13.21,13.2,13.18,13.17,13.16,13.15,13.14,13.13,13.12,13.1,13.22,13.23,13.24,13.25,13.26,13.27,13.28,13.3,13.31,13.32,3200,7800,2400,1700,400,4700,1300,3700,100,20600,800,400,3300,4300,2300,800,300,1800,700,1500
394.0,13.22,117800,1561635.0,13.21,13.2,13.18,13.17,13.16,13.15,13.14,13.13,13.12,13.1,13.22,13.23,13.24,13.25,13.26,13.27,13.28,13.3,13.31,13.32,3200,7800,2400,1700,400,4700,1300,3700,100,20600,800,400,3300,4300,2300,800,300,1800,700,1500
395.0,13.22,117800,1561635.0,13.21,13.2,13.18,13.17,13.16,13.15,13.14,13.13,13.12,13.1,13.22,13.23,13.24,13.25,13.26,13.27,13.28,13.3,13.31,13.32,3100,7800,2400,1700,400,4700,1300,3700,100,20600,1100,400,3300,4300,2300,800,300,1800,700,1500
396.0,13.22,117900,1562957.0,13.21,13.2,13.18,13.17,13.16,13.15,13.14,13.13,13.12,13.1,13.22,13.23,13.24,13.25,13.26,13.27,13.28,13.3,13.31,13.32,3100,7800,2400,1700,400,4700,1300,3700,100,20600,1000,400,3300,4300,2300,800,300,1800,700,1500
397.0,13.22,117900,1562957.0,13.21,13.2,13.18,13.17,13.16,13.15,13.14,13.13,13.12,13.1,13.22,13.23,13.24,13.25,13.26,13.27,13.28,13.3,13.31,13.32,3100,7800,2400,1700,400,4700,1300,3700,100,20600,1000,400,3300,4300,2300,800,300,1800,700,1500
398.0,13.21,118500,1570884.0,13.21,13.2,13.18,13.17,13.16,13.15,13.14,13.13,13.12,13.1,13.22,13.23,13.24,13.25,13.26,13.27,13.28,13.3,13.31,13.32,2600,7800,2400,1700,400,4700,1300,3700,100,20600,900,400,3300,4300,2300,800,300,1800,700,1500
399.0,13.21,118500,1570884.0,13.21,13.2,13.18,13.17,13.16,13.15,13.14,13.13,13.12,13.1,13.22,13.23,13.24,13.25,13.26,13.27,13.28,13.3,13.31,13.32,2600,7800,2400,1700,400,4700,1300,3700,100,20600,900,400,3300,4300,2300,800,300,1800,700,1500
400.0,13.22,119300,1581460.0,13.21,13.2,13.18,13.17,13.16,13.15,13.14,13.13,13.12,13.1,13.22,13.23,13.24,13.25,13.26,13.27,13.28,13.3,13.31,13.32,3800,7800,2400,1700,400,4700,1300,3700,100,20600,100,400,3300,4300,2300,800,300,1800,700,1500
401.0,13.23,120500,1597325.0,13.22,13.21,13.2,13.18,13.17,13.16,13.15,13.14,13.13,13.12,13.23,13.24,13.25,13.26,13.27,13.28,13.3,13.31,13.32,13.38,600,4000,7800,2400,1700,400,4700,1300,3700,100,300,3300,4300,2300,800,300,1800,700,1500,100
402.0,13.23,120500,1597325.0,13.22,13.21,13.2,13.18,13.17,13.16,13.15,13.14,13.13,13.12,13.23,13.24,13.25,13.26,13.27,13.28,13.3,13.31,13.32,13.38,600,4000,7800,2400,1700,400,4700,1300,3700,100,300,3300,4300,2300,800,300,1800,700,1500,100
403.0,13.23,120500,1597325.0,13.22,13.21,13.2,13.18,13.17,13.16,13.15,13.14,13.13,13.12,13.23,13.24,13.25,13.26,13.27,13.28,13.3,13.31,13.32,13.38,600,4000,7800,2400,1700,400,4700,1300,3700,100,300,3300,4300,2300,800,300,1800,700,1500,100
404.0,13.22,120700,1599970.0,13.22,13.21,13.2,13.18,13.17,13.16,13.15,13.14,13.13,13.12,13.23,13.24,13.25,13.26,13.27,13.28,13.3,13.31,13.32,13.35,500,4000,7800,2400,1700,400,4700,1300,3700,100,200,3300,4300,2300,800,300,1800,700,1500,2000
405.0,13.22,120700,1599970.0,13.22,13.21,13.2,13.18,13.17,13.16,13.15,13.14,13.13,13.12,13.23,13.24,13.25,13.26,13.27,13.28,13.3,13.31,13.32,13.35,500,4000,7800,2400,1700,400,4700,1300,3700,100,200,3300,4300,2300,800,300,1800,700,1500,2000
406.0,13.22,120700,1599970.0,13.22,13.21,13.2,13.18,13.17,13.16,13.15,13.14,13.13,13.12,13.23,13.24,13.25,13.26,13.27,13.28,13.3,13.31,13.32,13.35,500,4000,7800,2400,1700,400,4700,1300,3700,100,200,3300,4300,2300,800,300,1800,700,1500,2000
407.0,13.22,120700,1599970.0,13.22,13.21,13.2,13.18,13.17,13.16,13.15,13.14,13.13,13.12,13.23,13.24,13.25,13.26,13.27,13.28,13.3,13.31,13.32,13.35,500,4000,7800,2400,1700,400,4700,1300,3700,100,200,3300,4300,2300,800,300,1800,700,1500,2000
408.0,13.22,120700,1599970.0,13.22,13.21,13.2,13.18,13.17,13.16,13.15,13.14,13.13,13.12,13.23,13.24,13.25,13.26,13.27,13.28,13.3,13.31,13.32,13.35,500,4000,7800,2400,1700,400,4700,1300,3700,100,200,3300,4300,2300,800,300,1800,700,1500,2000
409.0,13.22,120700,1599970.0,13.22,13.21,13.2,13.18,13.17,13.16,13.15,13.14,13.13,13.12,13.23,13.24,13.25,13.26,13.27,13.28,13.3,13.31,13.32,13.35,500,4000,7800,2400,1700,400,4700,1300,3700,100,200,3300,4300,2300,800,300,1800,700,1500,2000
410.0,13.22,120700,1599970.0,13.22,13.21,13.2,13.18,13.17,13.16,13.15,13.14,13.13,13.12,13.23,13.24,13.25,13.26,13.27,13.28,13.3,13.31,13.32,13.35,500,4000,7800,2400,1700,400,4700,1300,3700,100,200,3300,4300,2300,800,300,1800,700,1500,2000
411.0,13.22,120700,1599970.0,13.22,13.21,13.2,13.18,13.17,13.16,13.15,13.14,13.13,13.12,13.23,13.24,13.25,13.26,13.27,13.28,13.3,13.31,13.32,13.35,500,4000,7800,2400,1700,400,4700,1300,3700,100,200,3300,4300,2300,800,300,1800,700,1500,2000
412.0,13.22,120700,1599970.0,13.22,13.21,13.2,13.18,13.17,13.16,13.15,13.14,13.13,13.12,13.23,13.24,13.25,13.26,13.27,13.28,13.3,13.31,13.32,13.35,500,4000,7800,2400,1700,400,4700,1300,3700,100,200,3300,4300,2300,800,300,1800,700,1500,2000
413.0,13.22,120700,1599970.0,13.22,13.21,13.2,13.18,13.17,13.16,13.15,13.14,13.13,13.12,13.23,13.24,13.25,13.26,13.27,13.28,13.3,13.31,13.32,13.35,500,4000,7800,2400,1700,400,4700,1300,3700,100,200,3300,4300,2300,800,300,1800,700,1500,2000
414.0,13.22,120700,1599970.0,13.22,13.21,13.2,13.18,13.17,13.16,13.15,13.14,13.13,13.12,13.23,13.24,13.25,13.26,13.27,13.28,13.3,13.31,13.32,13.35,500,4000,7800,2400,1700,400,4700,1300,3700,100,200,3300,4300,2300,800,300,1800,700,1500,2000
415.0,13.22,120700,1599970.0,13.22,13.21,13.2,13.18,13.17,13.16,13.15,13.14,13.13,13.12,13.23,13.24,13.25,13.26,13.27,13.28,13.3,13.31,13.32,13.35,500,4000,7800,2400,1700,400,4700,1300,3700,100,200,3300,4300,2300,800,300,1800,700,1500,2000
