LocalTime,LastPrice,TradeVolume,TradeValue,BidPrice1,BidPrice2,BidPrice3,BidPrice4,BidPrice5,BidPrice6,BidPrice7,BidPrice8,BidPrice9,BidPriceA,AskPrice1,AskPrice2,AskPrice3,AskPrice4,AskPrice5,AskPrice6,AskPrice7,AskPrice8,AskPrice9,AskPriceA,BidVolume1,BidVolume2,BidVolume3,BidVolume4,BidVolume5,BidVolume6,BidVolume7,BidVolume8,BidVolume9,BidVolumeA,AskVolume1,AskVolume2,AskVolume3,AskVolume4,AskVolume5,AskVolume6,AskVolume7,AskVolume8,AskVolume9,AskVolumeA
0.0,6.42,2700,17334.0,6.45,6.44,6.43,6.41,6.4,6.39,6.37,6.35,6.31,6.3,6.47,6.49,6.52,6.53,6.54,6.55,6.56,6.57,6.58,6.59,5000,4800,4500,1700,5200,300,300,200,30000,200,100,2200,20200,9900,600,78500,56800,22500,12100,6500
1.0,6.47,2800,17981.0,6.48,6.46,6.45,6.44,6.43,6.41,6.4,6.39,6.37,6.35,6.49,6.51,6.52,6.53,6.54,6.55,6.56,6.57,6.58,6.59,4400,100,5100,4800,3500,1700,5200,300,300,200,2200,500,20200,9900,600,78500,56800,22500,18400,6500
2.0,6.49,3400,21871.0,6.48,6.46,6.45,6.44,6.43,6.42,6.41,6.4,6.39,6.37,6.49,6.51,6.52,6.53,6.54,6.55,6.56,6.57,6.58,6.59,4000,100,100,4800,3500,1500,1700,6900,300,300,2300,1500,20300,9900,600,78500,56800,22500,22000,19800
3.0,6.48,7600,49089.0,6.46,6.45,6.44,6.43,6.42,6.41,6.4,6.39,6.37,6.35,6.48,6.49,6.51,6.52,6.53,6.54,6.55,6.56,6.57,6.58,1700,200,4800,3500,1500,1700,6900,300,300,200,7300,2100,11500,20300,9900,600,78500,56800,22500,22000
4.0,6.46,7800,50381.0,6.46,6.45,6.44,6.43,6.42,6.41,6.4,6.39,6.37,6.35,6.48,6.49,6.51,6.52,6.53,6.54,6.55,6.56,6.57,6.58,1600,300,4800,3500,1500,1700,9900,300,300,200,7900,2100,11500,20300,9900,600,81500,61800,22500,22000
5.0,6.48,8600,55565.0,6.46,6.45,6.44,6.43,6.42,6.41,6.4,6.39,6.37,6.35,6.48,6.49,6.51,6.52,6.53,6.54,6.55,6.56,6.57,6.58,1600,300,4800,3500,1500,3700,9900,300,300,200,7500,2100,11500,20300,9900,600,81500,61800,22500,22000
6.0,6.48,18600,120355.0,6.47,6.46,6.45,6.44,6.43,6.42,6.41,6.4,6.39,6.37,6.48,6.49,6.51,6.52,6.53,6.54,6.55,6.56,6.57,6.58,1100,10600,300,4800,3500,1500,13700,9900,300,300,9200,2600,11500,20300,9900,600,81500,61800,22500,22000
7.0,6.48,18900,122299.0,6.47,6.46,6.45,6.44,6.43,6.42,6.41,6.4,6.39,6.37,6.48,6.49,6.51,6.52,6.53,6.54,6.55,6.56,6.57,6.58,1100,12500,5300,4800,3500,1500,13700,9900,300,300,8900,2600,11500,20300,9900,600,81500,61800,22500,22000
8.0,6.48,24800,160510.0,6.46,6.45,6.44,6.43,6.42,6.41,6.4,6.39,6.37,6.35,6.48,6.49,6.51,6.52,6.53,6.54,6.55,6.56,6.57,6.58,12600,5300,4800,3500,1500,15000,9900,300,300,200,5500,2200,11500,20300,9900,600,81500,71800,22500,22000
9.0,6.48,24900,161158.0,6.46,6.45,6.44,6.43,6.42,6.41,6.4,6.39,6.37,6.35,6.48,6.49,6.51,6.52,6.53,6.54,6.55,6.56,6.57,6.58,12800,5300,4800,3500,1500,15000,10000,300,300,15200,12100,2200,11500,20300,9900,600,81500,71800,22500,22000
10.0,6.48,32600,211014.0,6.46,6.45,6.44,6.43,6.42,6.41,6.4,6.39,6.37,6.35,6.48,6.49,6.51,6.52,6.53,6.54,6.55,6.56,6.57,6.58,19000,5300,4800,3500,1500,15000,10000,300,300,15200,6700,1900,11500,20300,9900,600,81500,71800,22500,22000
11.0,6.47,33900,219426.0,6.47,6.46,6.45,6.44,6.43,6.42,6.41,6.4,6.39,6.37,6.48,6.49,6.51,6.52,6.53,6.54,6.55,6.56,6.57,6.58,7100,22900,5300,4800,3500,1500,15000,10000,300,300,7700,1900,11500,20300,9900,600,81500,71800,22500,22000
12.0,6.51,44200,286210.0,6.48,6.47,6.46,6.45,6.44,6.43,6.42,6.41,6.4,6.39,6.51,6.52,6.53,6.54,6.55,6.56,6.57,6.58,6.59,6.6,500,8300,15500,5300,4800,3500,1500,15000,7000,300,10800,20300,9900,600,81500,71800,22500,22000,19800,20100
13.0,6.51,44200,286210.0,6.48,6.47,6.46,6.45,6.44,6.43,6.42,6.41,6.4,6.39,6.51,6.52,6.53,6.54,6.55,6.56,6.57,6.58,6.59,6.6,3300,8300,15500,5300,4800,3500,1500,15000,7000,300,11300,20300,9900,800,81500,71800,22500,22000,19800,20100
14.0,6.48,47600,308243.0,6.47,6.46,6.45,6.44,6.43,6.42,6.41,6.4,6.39,6.37,6.48,6.49,6.51,6.52,6.53,6.54,6.55,6.56,6.57,6.58,6300,15500,5300,4800,3500,1500,15000,7000,300,300,5800,5000,11800,20300,9900,800,81500,71800,22500,22000
15.0,6.48,47800,309539.0,6.47,6.46,6.45,6.44,6.43,6.42,6.41,6.4,6.39,6.37,6.48,6.49,6.51,6.52,6.53,6.54,6.55,6.56,6.57,6.58,13600,15500,5300,4800,3500,1500,15000,7000,300,300,5600,1700,11300,20300,9900,800,81500,71800,22500,22000
16.0,6.48,47800,309539.0,6.47,6.46,6.45,6.44,6.43,6.42,6.41,6.4,6.39,6.37,6.48,6.49,6.51,6.52,6.53,6.54,6.55,6.56,6.57,6.58,13600,15500,5300,4800,3500,1500,15000,7000,300,300,5600,1700,11300,20300,9900,800,81500,71800,22500,22000
17.0,6.48,49600,321190.0,6.47,6.46,6.45,6.44,6.43,6.42,6.41,6.4,6.39,6.37,6.48,6.49,6.51,6.52,6.53,6.54,6.55,6.56,6.57,6.58,10400,15500,5300,4800,3500,1500,15000,7000,300,300,5100,300,11300,20300,9900,600,81500,71800,22500,22000
18.0,6.48,49600,321190.0,6.47,6.46,6.45,6.44,6.43,6.42,6.41,6.4,6.39,6.37,6.48,6.49,6.51,6.52,6.53,6.54,6.55,6.56,6.57,6.58,10400,15500,5300,4800,3500,1500,15000,7000,300,300,5100,300,11300,20300,9900,1100,81500,71800,22500,22000
19.0,6.48,49700,321838.0,6.47,6.46,6.45,6.44,6.43,6.42,6.41,6.4,6.39,6.37,6.48,6.49,6.51,6.52,6.53,6.54,6.55,6.56,6.57,6.58,10400,15500,5300,4800,3500,1500,15000,7000,300,300,5000,300,11300,20300,9900,1100,81500,71800,22500,22000
20.0,6.47,51100,330896.0,6.47,6.46,6.45,6.44,6.43,6.42,6.41,6.4,6.39,6.37,6.48,6.49,6.51,6.52,6.53,6.54,6.55,6.56,6.57,6.58,8600,15500,5100,4800,3500,1500,15000,7000,300,300,5000,300,11500,20300,9900,1900,81500,71800,22500,22000
21.0,6.47,59700,386538.0,6.47,6.46,6.45,6.44,6.43,6.42,6.41,6.4,6.39,6.37,6.48,6.49,6.51,6.52,6.53,6.54,6.55,6.56,6.57,6.58,600,15500,5100,4800,3500,1500,15000,7000,300,300,6200,300,11500,20300,9900,1900,81500,71800,22500,22000
22.0,6.48,60300,390426.0,6.46,6.45,6.44,6.43,6.42,6.41,6.4,6.39,6.37,6.35,6.47,6.48,6.49,6.51,6.52,6.53,6.54,6.55,6.56,6.57,15500,5100,4800,3500,1500,15000,7000,300,300,15500,200,5600,300,11500,20300,9900,1400,81500,71800,22500
23.0,6.48,60300,390426.0,6.46,6.45,6.44,6.43,6.42,6.41,6.4,6.39,6.37,6.35,6.47,6.48,6.49,6.51,6.52,6.53,6.54,6.55,6.56,6.57,16100,5100,4800,3500,1500,15000,7000,300,300,15500,3400,5600,300,11500,20300,9900,600,81500,71800,22500
24.0,6.48,60300,390426.0,6.46,6.45,6.44,6.43,6.42,6.41,6.4,6.39,6.37,6.35,6.47,6.48,6.49,6.51,6.52,6.53,6.54,6.55,6.56,6.57,16600,5100,4800,3500,1500,15000,7000,300,300,15500,4100,5600,300,11500,20300,9900,600,81500,71800,22500
25.0,6.47,60800,393661.0,6.46,6.45,6.44,6.43,6.42,6.41,6.4,6.39,6.37,6.35,6.47,6.48,6.49,6.51,6.52,6.53,6.54,6.55,6.56,6.57,16600,5100,4800,3500,1500,15000,7000,300,300,15500,3600,5600,300,11500,20300,9900,600,81500,71800,22500
26.0,6.46,61400,397539.0,6.46,6.45,6.44,6.43,6.42,6.41,6.4,6.39,6.37,6.35,6.47,6.48,6.49,6.5,6.51,6.52,6.53,6.54,6.55,6.56,16200,5100,4800,3500,1500,15000,7000,300,300,15500,3100,5600,10300,5600,11000,20300,9900,600,81500,71800
27.0,6.46,61400,397539.0,6.46,6.45,6.44,6.43,6.42,6.41,6.4,6.39,6.37,6.35,6.47,6.48,6.49,6.5,6.51,6.52,6.53,6.54,6.55,6.56,18700,5100,4800,3500,1500,15000,7000,300,300,15500,4200,5600,10300,5600,10800,20300,9900,600,81500,71800
28.0,6.46,61400,397539.0,6.46,6.45,6.44,6.43,6.42,6.41,6.4,6.39,6.37,6.35,6.47,6.48,6.49,6.5,6.51,6.52,6.53,6.54,6.55,6.56,18700,5100,4800,3500,1500,15000,7000,300,300,15500,4200,5600,10300,5600,10800,20300,9900,600,81500,71800
29.0,6.46,61400,397539.0,6.46,6.45,6.44,6.43,6.42,6.41,6.4,6.39,6.37,6.35,6.47,6.48,6.49,6.5,6.51,6.52,6.53,6.54,6.55,6.56,18700,5100,4800,3500,1500,15000,7000,300,300,15500,4200,5600,10300,5600,10800,20300,9900,600,81500,71800
30.0,6.47,61500,398186.0,6.46,6.45,6.44,6.43,6.42,6.41,6.4,6.39,6.37,6.35,6.47,6.48,6.49,6.5,6.51,6.52,6.53,6.54,6.55,6.56,19300,5100,4800,3500,1500,15000,7000,300,300,15500,4100,5600,10300,5600,10800,20300,9900,600,81500,71800
31.0,6.46,67500,436946.0,6.46,6.45,6.44,6.43,6.42,6.41,6.4,6.39,6.37,6.35,6.47,6.48,6.49,6.5,6.51,6.52,6.53,6.54,6.55,6.56,13300,5100,4800,3500,1500,15000,7000,300,300,15500,4100,5600,10300,5600,10800,20300,9900,600,81500,71800
32.0,6.46,67500,436946.0,6.46,6.45,6.44,6.43,6.42,6.41,6.4,6.39,6.37,6.35,6.47,6.48,6.49,6.5,6.51,6.52,6.53,6.54,6.55,6.56,13300,5100,4800,3500,1500,15000,7000,300,300,15500,4100,5600,10300,5600,10800,20300,9900,600,81500,71800
33.0,6.46,67500,436946.0,6.46,6.45,6.44,6.43,6.42,6.41,6.4,6.39,6.37,6.35,6.47,6.48,6.49,6.5,6.51,6.52,6.53,6.54,6.55,6.56,14600,5100,4800,3500,1500,15000,7000,300,300,15500,4100,1200,10300,5600,10800,20300,9900,600,81500,71800
34.0,6.46,68900,445990.0,6.46,6.45,6.44,6.43,6.42,6.41,6.4,6.39,6.37,6.35,6.47,6.48,6.49,6.5,6.51,6.52,6.53,6.54,6.55,6.56,13200,5100,4800,3500,1500,15000,7000,300,300,15500,4700,1200,10300,5600,10800,20300,9900,600,81500,71800
35.0,6.46,74700,483458.0,6.46,6.45,6.44,6.43,6.42,6.41,6.4,6.39,6.37,6.35,6.47,6.48,6.49,6.5,6.51,6.52,6.53,6.54,6.55,6.56,7400,5100,4800,3500,1500,15000,7000,300,300,15500,5700,1200,10300,5600,10800,20300,9900,600,81500,71800
36.0,6.46,74800,484104.0,6.46,6.45,6.44,6.43,6.42,6.41,6.4,6.39,6.37,6.35,6.47,6.48,6.49,6.5,6.51,6.52,6.53,6.54,6.55,6.56,6700,5100,4800,3500,1500,15000,7000,300,300,15500,13700,1200,10300,5600,10800,20300,9900,600,81500,71800
37.0,6.46,75400,487980.0,6.46,6.45,6.44,6.43,6.42,6.41,6.4,6.39,6.37,6.35,6.47,6.48,6.49,6.5,6.51,6.52,6.53,6.54,6.55,6.56,6100,5100,4800,3500,1500,15000,7000,300,300,15500,13700,1200,10300,5600,10800,20300,9900,600,81500,71800
38.0,6.47,83100,537793.0,6.46,6.45,6.44,6.43,6.42,6.41,6.4,6.39,6.37,6.35,6.47,6.48,6.49,6.5,6.51,6.52,6.53,6.54,6.55,6.56,6100,5100,4800,3500,1500,15000,7000,300,300,15500,6600,1200,10300,5600,10800,20300,9900,600,81500,71800
39.0,6.47,83100,537793.0,6.46,6.45,6.44,6.43,6.42,6.41,6.4,6.39,6.37,6.35,6.47,6.48,6.49,6.5,6.51,6.52,6.53,6.54,6.55,6.56,6100,5100,4800,3500,1500,15000,7000,300,300,15500,6600,1200,10300,5600,10800,20300,9900,600,81500,71800
40.0,6.47,83100,537793.0,6.46,6.45,6.44,6.43,6.42,6.41,6.4,6.39,6.37,6.35,6.47,6.48,6.49,6.5,6.51,6.52,6.53,6.54,6.55,6.56,6100,5100,4800,3500,1500,15000,7000,300,300,15500,6600,1200,10300,5600,10800,20300,9900,600,81500,71800
41.0,6.47,83100,537793.0,6.46,6.45,6.44,6.43,6.42,6.41,6.4,6.39,6.37,6.35,6.47,6.49,6.5,6.51,6.52,6.53,6.54,6.55,6.56,6.57,6100,5100,4800,3500,1500,15000,7000,300,300,15500,7700,10300,5600,10800,20300,9900,600,81500,71800,22500
42.0,6.46,84300,545545.0,6.46,6.45,6.44,6.43,6.42,6.41,6.4,6.39,6.37,6.35,6.47,6.49,6.5,6.51,6.52,6.53,6.54,6.55,6.56,6.57,4900,5100,4800,3500,1500,15000,7000,300,300,15500,7700,10300,5600,10800,24100,9900,600,81500,71800,22500
43.0,6.47,85000,550074.0,6.46,6.45,6.44,6.43,6.42,6.41,6.4,6.39,6.37,6.35,6.47,6.49,6.5,6.51,6.52,6.53,6.54,6.55,6.56,6.57,5000,5100,4800,3500,1500,15000,7000,300,300,15500,7000,10300,5600,10800,24100,9900,600,81500,71800,22500
44.0,6.47,85000,550074.0,6.46,6.45,6.44,6.43,6.42,6.41,6.4,6.39,6.37,6.35,6.47,6.49,6.5,6.51,6.52,6.53,6.54,6.55,6.56,6.57,5000,5100,4800,3500,1500,15000,7000,300,300,15500,7000,10300,5600,10800,24100,9900,600,81500,71800,22500
45.0,6.46,85500,553304.0,6.46,6.45,6.44,6.43,6.42,6.41,6.4,6.39,6.37,6.35,6.47,6.49,6.5,6.51,6.52,6.53,6.54,6.55,6.56,6.57,4500,5100,4800,3500,1500,15000,7000,300,300,15500,7000,10300,5600,10800,24100,9900,600,82500,71800,22500
46.0,6.47,86300,558480.0,6.46,6.45,6.44,6.43,6.42,6.41,6.4,6.39,6.37,6.35,6.47,6.49,6.5,6.51,6.52,6.53,6.54,6.55,6.56,6.57,6300,5100,4800,3500,1500,15000,7000,300,300,15500,6200,10300,5600,10800,24100,9900,600,82500,71800,22500
47.0,6.47,86300,558480.0,6.46,6.45,6.44,6.43,6.42,6.41,6.4,6.39,6.37,6.35,6.47,6.49,6.5,6.51,6.52,6.53,6.54,6.55,6.56,6.57,6900,5100,4800,3500,1500,15000,7000,300,300,15500,7300,10300,5600,10800,24100,9900,600,82500,71800,22500
48.0,6.47,86300,558480.0,6.46,6.45,6.44,6.43,6.42,6.41,6.4,6.39,6.37,6.35,6.47,6.49,6.5,6.51,6.52,6.53,6.54,6.55,6.56,6.57,6900,5100,4800,3500,1500,15000,7000,300,300,15500,7300,10300,5600,10800,24100,9900,600,82500,71800,22500
49.0,6.47,87000,563009.0,6.46,6.45,6.44,6.43,6.42,6.41,6.4,6.39,6.37,6.35,6.47,6.49,6.5,6.51,6.52,6.53,6.54,6.55,6.56,6.57,6900,5100,4800,3500,1500,15000,7000,300,300,15500,6600,10300,5600,10800,24100,9900,600,82500,71800,22500
50.0,6.46,89000,575929.0,6.46,6.45,6.44,6.43,6.42,6.41,6.4,6.39,6.37,6.35,6.47,6.49,6.5,6.51,6.52,6.53,6.54,6.55,6.56,6.57,4900,5100,4800,3500,1500,15000,7000,300,300,15500,6600,10300,5600,10800,24100,9900,600,82500,71800,22500
51.0,6.47,89200,577223.0,6.46,6.45,6.44,6.43,6.42,6.41,6.4,6.39,6.37,6.35,6.47,6.49,6.5,6.51,6.52,6.53,6.54,6.55,6.56,6.57,4900,5100,4800,3500,1500,15000,7000,300,300,15500,6400,10300,5600,10800,24100,9900,600,82500,71800,22500
52.0,6.46,90200,583689.0,6.46,6.45,6.44,6.43,6.42,6.41,6.4,6.39,6.37,6.35,6.47,6.49,6.5,6.51,6.52,6.53,6.54,6.55,6.56,6.57,4500,5100,4800,3500,1500,15000,7000,300,300,15500,5800,10300,5600,10800,24100,9900,600,82500,71800,22500
53.0,6.46,91100,589503.0,6.46,6.45,6.44,6.43,6.42,6.41,6.4,6.39,6.37,6.35,6.47,6.49,6.5,6.51,6.52,6.53,6.54,6.55,6.56,6.57,3600,5100,4800,3500,1500,15000,7000,300,300,15500,5800,10300,5600,10800,24100,9900,600,82500,71800,22500
54.0,6.47,91600,592738.0,6.46,6.45,6.44,6.43,6.42,6.41,6.4,6.39,6.37,6.35,6.47,6.49,6.5,6.51,6.52,6.53,6.54,6.55,6.56,6.57,3600,5100,4800,3500,1500,15000,7000,300,300,15500,5300,10300,5600,10800,24100,9900,600,82500,71800,22500
55.0,6.47,91600,592738.0,6.46,6.45,6.44,6.43,6.42,6.41,6.4,6.39,6.37,6.35,6.47,6.49,6.5,6.51,6.52,6.53,6.54,6.55,6.56,6.57,3600,5100,4800,3500,1500,15000,7000,300,300,15500,5300,10300,5600,10800,24100,9900,600,82500,71800,22500
56.0,6.47,94300,610207.0,6.46,6.45,6.44,6.43,6.42,6.41,6.4,6.39,6.37,6.35,6.47,6.49,6.5,6.51,6.52,6.53,6.54,6.55,6.56,6.57,3600,5100,4800,3500,1500,15000,7000,300,300,15500,2600,10300,5600,10800,24100,9900,600,82500,71800,22500
57.0,6.47,95200,616030.0,6.46,6.45,6.44,6.43,6.42,6.41,6.4,6.39,6.37,6.35,6.47,6.48,6.49,6.5,6.51,6.52,6.53,6.54,6.55,6.56,3600,5100,4800,3500,1500,15000,7000,300,300,15500,1700,10000,10300,5600,10800,24100,9900,600,82500,71800
58.0,6.47,95200,616030.0,6.46,6.45,6.44,6.43,6.42,6.41,6.4,6.39,6.37,6.35,6.47,6.48,6.49,6.5,6.51,6.52,6.53,6.54,6.55,6.56,3600,5100,4800,3500,1500,15000,7000,300,300,15500,9700,10000,10300,5600,10800,24100,9900,600,82500,71800
59.0,6.47,95200,616030.0,6.46,6.45,6.44,6.43,6.42,6.41,6.4,6.39,6.37,6.35,6.47,6.48,6.49,6.5,6.51,6.52,6.53,6.54,6.55,6.56,4700,5100,4800,3500,1500,15000,7000,300,300,15500,9700,10000,10300,5600,10800,24100,9900,600,82500,71800
60.0,6.47,96600,625084.0,6.46,6.45,6.44,6.43,6.42,6.41,6.4,6.39,6.37,6.35,6.47,6.48,6.49,6.5,6.51,6.52,6.53,6.54,6.55,6.56,4300,5100,4800,3500,1500,15000,7000,300,300,15500,8700,10000,10300,5600,10800,24100,9900,600,82500,71800
61.0,6.47,97300,629613.0,6.46,6.45,6.44,6.43,6.42,6.41,6.4,6.39,6.37,6.35,6.47,6.48,6.49,6.5,6.51,6.52,6.53,6.54,6.55,6.56,4300,5100,4800,3500,1500,15000,7000,300,300,15500,9100,10000,10300,5600,10800,24100,9900,600,82500,71800
62.0,6.47,97300,629613.0,6.46,6.45,6.44,6.43,6.42,6.41,6.4,6.39,6.37,6.35,6.47,6.48,6.49,6.5,6.51,6.52,6.53,6.54,6.55,6.56,4300,5100,4800,3500,1500,15000,7000,300,300,15500,9100,10000,10300,5600,10800,24100,9900,600,82500,71800
63.0,6.47,98200,635436.0,6.46,6.45,6.44,6.43,6.42,6.41,6.4,6.39,6.37,6.35,6.47,6.48,6.49,6.5,6.51,6.52,6.53,6.54,6.55,6.56,4300,5100,4800,3500,1500,15000,7000,300,300,15500,8200,10000,10300,5600,10800,24100,9900,600,82500,71800
64.0,6.47,98200,635436.0,6.46,6.45,6.44,6.43,6.42,6.41,6.4,6.39,6.37,6.35,6.47,6.48,6.49,6.5,6.51,6.52,6.53,6.54,6.55,6.56,4100,5100,4800,3500,1500,15000,7000,300,300,15500,8200,10000,10300,5600,10800,24100,9900,600,82500,71800
65.0,6.47,99600,644486.0,6.46,6.45,6.44,6.43,6.42,6.41,6.4,6.39,6.37,6.35,6.47,6.48,6.49,6.5,6.51,6.52,6.53,6.54,6.55,6.56,3400,5100,4800,8100,1500,15000,7000,300,300,15500,7600,10000,10300,5600,10800,24100,9900,600,82500,71800
66.0,6.47,107800,697540.0,6.47,6.46,6.45,6.44,6.43,6.42,6.41,6.4,6.39,6.37,6.48,6.49,6.5,6.51,6.52,6.53,6.54,6.55,6.56,6.57,7100,3400,5100,4800,8100,1500,15000,7000,300,300,10000,10300,5600,10800,8000,9900,600,82500,71800,22500
67.0,6.47,109100,705951.0,6.47,6.46,6.45,6.44,6.43,6.42,6.41,6.4,6.39,6.37,6.48,6.49,6.5,6.51,6.52,6.53,6.54,6.55,6.56,6.57,8800,1600,5100,4800,8100,1500,15000,7000,300,300,10800,10300,5600,10800,8000,9900,600,82500,71800,22500
68.0,6.47,109100,705951.0,6.47,6.46,6.45,6.44,6.43,6.42,6.41,6.4,6.39,6.37,6.48,6.49,6.5,6.51,6.52,6.53,6.54,6.55,6.56,6.57,9300,1600,5100,4800,8100,1500,15000,7000,300,300,11200,10300,5600,10800,8000,9900,600,82500,71800,22500
69.0,6.47,111500,721490.0,6.47,6.46,6.45,6.44,6.43,6.42,6.41,6.4,6.39,6.37,6.48,6.49,6.5,6.51,6.52,6.53,6.54,6.55,6.56,6.57,8500,1600,5100,4800,8100,1500,15000,7000,300,300,10100,10300,5600,10800,8000,9900,600,82500,71800,22500
70.0,6.47,111500,721490.0,6.47,6.46,6.45,6.44,6.43,6.42,6.41,6.4,6.39,6.37,6.48,6.49,6.5,6.51,6.52,6.53,6.54,6.55,6.56,6.57,8500,1600,5100,4800,8100,1500,15000,7000,300,300,10100,10300,5600,10800,8000,9900,600,82500,71800,22500
71.0,6.47,112900,730548.0,6.47,6.46,6.45,6.44,6.43,6.42,6.41,6.4,6.39,6.37,6.48,6.49,6.5,6.51,6.52,6.53,6.54,6.55,6.56,6.57,7600,1600,5100,4800,8100,1500,15000,7000,300,300,10500,10300,5600,10800,8000,9900,600,82500,71800,22500
72.0,6.48,113100,731844.0,6.47,6.46,6.45,6.44,6.43,6.42,6.41,6.4,6.39,6.37,6.48,6.49,6.5,6.51,6.52,6.53,6.54,6.55,6.56,6.57,7600,1600,5100,4800,8100,1500,15000,7000,300,300,10300,10300,5600,10800,8000,9900,600,82500,71800,22500
73.0,6.47,121700,787496.0,6.46,6.45,6.44,6.43,6.42,6.41,6.4,6.39,6.37,6.35,6.47,6.48,6.49,6.5,6.51,6.52,6.53,6.54,6.55,6.56,1600,5100,4800,8100,1500,15000,7000,300,300,15500,4200,9300,10300,5600,10800,8000,9900,600,82500,71800
74.0,6.46,123000,795894.0,6.46,6.45,6.44,6.43,6.42,6.41,6.4,6.39,6.37,6.35,6.47,6.48,6.49,6.5,6.51,6.52,6.53,6.54,6.55,6.56,300,5200,4800,8100,1500,15000,7000,300,300,15500,6500,9300,10300,5600,10800,8000,9900,600,82500,71800
75.0,6.47,123600,799776.0,6.46,6.45,6.44,6.43,6.42,6.41,6.4,6.39,6.37,6.35,6.47,6.48,6.49,6.5,6.51,6.52,6.53,6.54,6.55,6.56,300,5200,4800,8100,1500,15000,7000,300,300,15500,5900,9300,10300,5600,10800,8000,9900,600,82500,71800
76.0,6.47,124100,803011.0,6.46,6.45,6.44,6.43,6.42,6.41,6.4,6.39,6.37,6.35,6.47,6.48,6.49,6.5,6.51,6.52,6.53,6.54,6.55,6.56,300,5200,4800,8100,1500,15000,7000,300,300,15500,5400,9300,10300,5600,10800,8000,9900,600,82500,71800
77.0,6.47,124100,803011.0,6.46,6.45,6.44,6.43,6.42,6.41,6.4,6.39,6.37,6.35,6.47,6.48,6.49,6.5,6.51,6.52,6.53,6.54,6.55,6.56,300,5200,4800,8100,1500,15000,7000,300,300,15500,5400,8900,10300,5600,10800,8000,9900,600,82500,71800
78.0,6.47,124100,803011.0,6.46,6.45,6.44,6.43,6.42,6.41,6.4,6.39,6.37,6.35,6.47,6.48,6.49,6.5,6.51,6.52,6.53,6.54,6.55,6.56,300,5200,4800,8100,1500,15000,7000,300,300,15500,5400,8900,10300,5600,10800,8000,9900,600,82500,71800
79.0,6.47,124600,806246.0,6.46,6.45,6.44,6.43,6.42,6.41,6.4,6.39,6.37,6.35,6.47,6.48,6.49,6.5,6.51,6.52,6.53,6.54,6.55,6.56,300,5200,4800,8100,1500,15000,5300,300,300,15500,4900,8900,10300,5600,10800,8000,9900,600,82500,71800
80.0,6.47,124600,806246.0,6.46,6.45,6.44,6.43,6.42,6.41,6.4,6.39,6.37,6.35,6.47,6.48,6.49,6.5,6.51,6.52,6.53,6.54,6.55,6.56,1000,5200,4800,8100,1500,15000,5300,300,300,15500,12900,8900,10300,5600,10800,8000,9900,600,82500,71800
81.0,6.46,124700,806892.0,6.46,6.45,6.44,6.43,6.42,6.41,6.4,6.39,6.37,6.35,6.47,6.48,6.49,6.5,6.51,6.52,6.53,6.54,6.55,6.56,900,5200,4800,8100,1500,15000,5300,300,300,15500,14100,8900,10300,5600,10800,8000,9900,600,82500,71800
82.0,6.46,124700,806892.0,6.46,6.45,6.44,6.43,6.42,6.41,6.4,6.39,6.37,6.35,6.47,6.48,6.49,6.5,6.51,6.52,6.53,6.54,6.55,6.56,900,5200,4800,8100,1500,15000,5300,300,300,15500,14100,8900,10300,5600,10800,8000,9900,600,82500,71800
83.0,6.46,126400,817888.0,6.46,6.45,6.44,6.43,6.42,6.41,6.4,6.39,6.37,6.35,6.47,6.48,6.49,6.5,6.51,6.52,6.53,6.54,6.55,6.56,600,5200,4800,8100,1500,15000,5300,300,300,15500,13100,8900,10300,5600,10800,8000,9900,600,82500,71800
84.0,6.46,126400,817888.0,6.46,6.45,6.44,6.43,6.42,6.41,6.4,6.39,6.37,6.35,6.47,6.48,6.49,6.5,6.51,6.52,6.53,6.54,6.55,6.56,600,5200,4800,8100,1500,15000,5300,300,300,15500,13100,8900,10300,5600,10800,8000,9900,600,82500,71800
85.0,6.46,126400,817888.0,6.46,6.45,6.44,6.43,6.42,6.41,6.4,6.39,6.37,6.35,6.47,6.48,6.49,6.5,6.51,6.52,6.53,6.54,6.55,6.56,600,5200,4800,8100,1500,15000,5300,300,300,15500,13100,8900,10300,5600,10800,8000,9900,600,82500,71800
86.0,6.46,127900,827591.0,6.46,6.45,6.44,6.43,6.42,6.41,6.4,6.39,6.37,6.35,6.47,6.48,6.49,6.5,6.51,6.52,6.53,6.54,6.55,6.56,400,5200,4800,8100,1500,15000,5300,300,300,15500,11800,8900,10300,5600,10800,8000,9900,600,82500,71800
87.0,6.46,127900,827591.0,6.46,6.45,6.44,6.43,6.42,6.41,6.4,6.39,6.37,6.35,6.47,6.48,6.49,6.5,6.51,6.52,6.53,6.54,6.55,6.56,400,5200,4800,8100,1500,15000,5300,300,300,15500,11800,8900,10300,7600,10800,8000,9900,600,82500,71800
88.0,6.47,130200,842472.0,6.46,6.45,6.44,6.43,6.42,6.41,6.4,6.39,6.37,6.35,6.47,6.48,6.49,6.5,6.51,6.52,6.53,6.54,6.55,6.56,400,5200,4800,8100,1500,15000,5300,300,300,15500,10600,8900,10300,7600,10800,8000,9900,600,82500,71800
89.0,6.46,130600,845056.0,6.45,6.44,6.43,6.42,6.41,6.4,6.39,6.37,6.35,6.33,6.46,6.47,6.48,6.49,6.5,6.51,6.52,6.53,6.54,6.55,5200,4800,8100,1500,15000,5300,300,300,15500,47500,3200,10600,8900,10300,7600,10800,8000,9900,600,82500
90.0,6.45,131600,851509.0,6.45,6.44,6.43,6.42,6.41,6.4,6.39,6.37,6.35,6.33,6.46,6.47,6.48,6.49,6.5,6.51,6.52,6.53,6.54,6.55,4500,4800,8100,1500,15000,5300,300,300,15500,47500,2900,10600,8900,10300,7600,10800,8000,9900,600,82500
91.0,6.46,132300,856031.0,6.45,6.44,6.43,6.42,6.41,6.4,6.39,6.37,6.35,6.33,6.46,6.47,6.48,6.49,6.5,6.51,6.52,6.53,6.54,6.55,4500,4800,8100,1500,15000,5300,300,300,15500,47500,2200,10600,8900,10300,7600,10800,8000,9900,600,82500
92.0,6.46,132300,856031.0,6.45,6.44,6.43,6.42,6.41,6.4,6.39,6.37,6.35,6.33,6.46,6.47,6.48,6.49,6.5,6.51,6.52,6.53,6.54,6.55,4400,4800,8100,1500,15000,5300,300,300,15500,47500,2200,10600,8900,10300,7600,10800,8000,9900,600,82500
93.0,6.46,132500,857323.0,6.45,6.44,6.43,6.42,6.41,6.4,6.39,6.37,6.35,6.33,6.46,6.47,6.48,6.49,6.5,6.51,6.52,6.53,6.54,6.55,4400,4800,8100,1500,15000,5300,300,300,15500,47500,2000,10600,8900,10300,7600,10800,8000,9900,600,82500
94.0,6.46,132600,857969.0,6.45,6.44,6.43,6.42,6.41,6.4,6.39,6.37,6.35,6.33,6.46,6.47,6.48,6.49,6.5,6.51,6.52,6.53,6.54,6.55,4400,4800,8100,1500,15000,5300,300,300,15500,47500,1900,10600,8900,10300,7600,10800,8000,9900,600,82500
95.0,6.46,132600,857969.0,6.45,6.44,6.43,6.42,6.41,6.4,6.39,6.37,6.35,6.33,6.46,6.47,6.48,6.49,6.5,6.51,6.52,6.53,6.54,6.55,4400,4800,8100,1500,15000,5300,300,300,15500,47500,1900,10600,8900,10300,7600,10800,8000,9900,600,82500
96.0,6.46,132800,859261.0,6.45,6.44,6.43,6.42,6.41,6.4,6.39,6.37,6.35,6.33,6.46,6.47,6.48,6.49,6.5,6.51,6.52,6.53,6.54,6.55,4400,4800,8100,1500,15000,5300,300,300,15500,47500,1700,10600,8900,10300,7600,10800,8000,9900,600,82500
97.0,6.46,132800,859261.0,6.45,6.44,6.43,6.42,6.41,6.4,6.39,6.37,6.35,6.33,6.46,6.47,6.48,6.49,6.5,6.51,6.52,6.53,6.54,6.55,4400,4800,8100,1500,15000,5300,300,300,15500,47500,1700,11800,8900,10300,7600,10800,8000,9900,600,82500
98.0,6.46,132800,859261.0,6.45,6.44,6.43,6.42,6.41,6.4,6.39,6.37,6.35,6.33,6.46,6.47,6.48,6.49,6.5,6.51,6.52,6.53,6.54,6.55,4400,4800,8100,1500,15000,5300,300,300,15500,47500,1700,11800,8900,10300,7600,10800,8000,9900,600,82500
99.0,6.46,133100,861199.0,6.45,6.44,6.43,6.42,6.41,6.4,6.39,6.37,6.35,6.33,6.46,6.47,6.48,6.49,6.5,6.51,6.52,6.53,6.54,6.55,4400,4800,8100,1500,15000,5300,300,300,15500,47500,1400,11800,8900,10300,7600,10800,8000,9900,600,82500
100.0,6.46,133200,861845.0,6.45,6.44,6.43,6.42,6.41,6.4,6.39,6.37,6.35,6.33,6.46,6.47,6.48,6.49,6.5,6.51,6.52,6.53,6.54,6.55,4400,4800,8100,1500,15000,5300,300,300,15500,47500,1300,11800,8900,10300,23700,10800,8000,9900,600,84000
101.0,6.46,133300,862491.0,6.45,6.44,6.43,6.42,6.41,6.4,6.39,6.37,6.35,6.33,6.46,6.47,6.48,6.49,6.5,6.51,6.52,6.53,6.54,6.55,4400,4800,8100,1500,15000,5300,300,300,15500,47500,1900,12900,8500,10300,23700,10800,8000,9900,600,84000
102.0,6.46,133300,862491.0,6.45,6.44,6.43,6.42,6.41,6.4,6.39,6.37,6.35,6.33,6.46,6.47,6.48,6.49,6.5,6.51,6.52,6.53,6.54,6.55,4400,4800,8100,1500,15000,5300,300,300,15500,47500,2100,20900,8500,10300,23700,10800,8000,9900,600,84000
103.0,6.45,133900,866363.0,6.45,6.44,6.43,6.42,6.41,6.4,6.39,6.37,6.35,6.33,6.46,6.47,6.48,6.49,6.5,6.51,6.52,6.53,6.54,6.55,4000,4800,8100,1500,15000,5300,300,300,15500,47500,1900,20900,8500,10300,23700,10800,8000,9900,600,84000
104.0,6.45,133900,866363.0,6.45,6.44,6.43,6.42,6.41,6.4,6.39,6.37,6.35,6.33,6.46,6.47,6.48,6.49,6.5,6.51,6.52,6.53,6.54,6.55,4000,4800,8100,1500,15000,5300,300,300,15500,47500,3100,20900,8500,10300,23700,10800,8000,9900,600,84000
105.0,6.46,134000,867009.0,6.45,6.44,6.43,6.42,6.41,6.4,6.39,6.37,6.35,6.33,6.46,6.47,6.48,6.49,6.5,6.51,6.52,6.53,6.54,6.55,4000,4800,8100,1500,15000,5300,300,300,15500,47500,3000,20900,8500,10300,23700,10800,8000,9900,600,84000
106.0,6.46,134000,867009.0,6.45,6.44,6.43,6.42,6.41,6.4,6.39,6.37,6.35,6.33,6.46,6.47,6.48,6.49,6.5,6.51,6.52,6.53,6.54,6.55,4000,4800,8100,1500,15000,5300,300,300,15500,47500,3000,20900,8500,10300,23700,10800,8000,9900,600,84000
107.0,6.46,135800,878633.0,6.45,6.44,6.43,6.42,6.41,6.4,6.39,6.37,6.35,6.33,6.46,6.47,6.48,6.49,6.5,6.51,6.52,6.53,6.54,6.55,3600,4800,8100,1500,15000,5300,300,300,15500,47500,1600,20900,8500,10300,23700,10800,8000,9900,600,84000
108.0,6.46,135800,878633.0,6.45,6.44,6.43,6.42,6.41,6.4,6.39,6.37,6.35,6.33,6.46,6.47,6.48,6.49,6.5,6.51,6.52,6.53,6.54,6.55,3600,4800,8100,1500,15000,5300,300,300,15500,47500,1600,22000,8500,10300,23700,10800,8000,9900,600,84000
109.0,6.46,135800,878633.0,6.45,6.44,6.43,6.42,6.41,6.4,6.39,6.37,6.35,6.33,6.46,6.47,6.48,6.49,6.5,6.51,6.52,6.53,6.54,6.55,3600,4800,8100,1500,15000,5300,300,300,15500,47500,1600,22000,8500,10300,23700,10800,8000,9900,600,84000
110.0,6.46,135900,879279.0,6.45,6.44,6.43,6.42,6.41,6.4,6.39,6.37,6.35,6.33,6.46,6.47,6.48,6.49,6.5,6.51,6.52,6.53,6.54,6.55,3600,4800,8100,1500,15000,5300,300,300,15500,47500,2100,22000,8500,10300,23700,10800,8000,9900,600,84000
111.0,6.46,136300,881863.0,6.45,6.44,6.43,6.42,6.41,6.4,6.39,6.37,6.35,6.33,6.46,6.47,6.48,6.49,6.5,6.51,6.52,6.53,6.54,6.55,3600,4800,8100,1500,15000,5300,300,300,15500,47500,1700,22000,8500,10300,23700,10800,8000,9900,600,84000
112.0,6.46,136300,881863.0,6.45,6.44,6.43,6.42,6.41,6.4,6.39,6.37,6.35,6.33,6.46,6.47,6.48,6.49,6.5,6.51,6.52,6.53,6.54,6.55,3600,4800,8100,1500,15000,5300,300,300,15500,47500,1700,22000,8500,10300,23700,10800,8000,9900,600,84000
113.0,6.46,136300,881863.0,6.45,6.44,6.43,6.42,6.41,6.4,6.39,6.37,6.35,6.33,6.46,6.47,6.48,6.49,6.5,6.51,6.52,6.53,6.54,6.55,3600,4800,8100,1500,15000,5300,300,300,15500,47500,2800,22000,8500,10300,23700,10800,8000,9900,600,84000
114.0,6.46,136400,882509.0,6.45,6.44,6.43,6.42,6.41,6.4,6.39,6.37,6.35,6.33,6.46,6.47,6.48,6.49,6.5,6.51,6.52,6.53,6.54,6.55,3600,4800,8100,1500,15000,5300,300,300,15500,47500,2700,22000,8500,10300,23700,10800,8000,9900,600,84000
115.0,6.46,136400,882509.0,6.45,6.44,6.43,6.42,6.41,6.4,6.39,6.37,6.35,6.33,6.46,6.47,6.48,6.49,6.5,6.51,6.52,6.53,6.54,6.55,3600,4800,8100,1500,15000,5300,300,300,15500,47500,2700,22000,8500,10300,23700,10800,8000,9900,600,84000
116.0,6.46,136400,882509.0,6.45,6.44,6.43,6.42,6.41,6.4,6.39,6.37,6.35,6.33,6.46,6.47,6.48,6.49,6.5,6.51,6.52,6.53,6.54,6.55,3600,4800,8100,1500,15000,5300,300,300,15500,47500,3800,21600,8500,10300,23700,10800,8000,9900,600,84000
117.0,6.46,136700,884447.0,6.45,6.44,6.43,6.42,6.41,6.4,6.39,6.37,6.35,6.33,6.46,6.47,6.48,6.49,6.5,6.51,6.52,6.53,6.54,6.55,3600,4800,8100,1500,15000,5300,300,300,15500,47500,3500,21600,8500,10300,23700,10800,8000,9900,600,84000
118.0,6.45,137400,888965.0,6.45,6.44,6.43,6.42,6.41,6.4,6.39,6.37,6.35,6.33,6.46,6.47,6.48,6.49,6.5,6.51,6.52,6.53,6.54,6.55,3200,4800,8100,1500,15000,5300,300,300,15500,47500,3200,28100,8500,10300,23700,10800,8000,9900,600,84000
119.0,6.45,137900,892190.0,6.45,6.44,6.43,6.42,6.41,6.4,6.39,6.37,6.36,6.35,6.46,6.47,6.48,6.49,6.5,6.51,6.52,6.53,6.54,6.55,2700,4800,8100,1500,15000,5300,300,300,16000,15500,9100,28100,8500,10300,24700,10800,8000,9900,600,84000
120.0,6.46,138800,898004.0,6.45,6.44,6.43,6.42,6.41,6.4,6.39,6.37,6.36,6.35,6.46,6.47,6.48,6.49,6.5,6.51,6.52,6.53,6.54,6.55,2700,4800,8100,1500,15000,5300,300,300,16000,15500,8200,28100,8500,10300,24700,10800,8000,9900,600,84000
121.0,6.46,138800,898004.0,6.45,6.44,6.43,6.42,6.41,6.4,6.39,6.37,6.36,6.35,6.46,6.47,6.48,6.49,6.5,6.51,6.52,6.53,6.54,6.55,2700,4800,8100,1500,15000,5300,300,300,16000,15500,8200,29200,8500,10300,24700,10800,8000,9900,600,84000
122.0,6.46,140700,910278.0,6.45,6.44,6.43,6.42,6.41,6.4,6.39,6.37,6.36,6.35,6.46,6.47,6.48,6.49,6.5,6.51,6.52,6.53,6.54,6.55,5500,5700,8100,1600,15000,5300,300,300,16000,15500,6800,18900,8500,10300,24700,10800,8000,9900,600,84000
123.0,6.46,140700,910278.0,6.45,6.44,6.43,6.42,6.41,6.4,6.39,6.37,6.36,6.35,6.46,6.47,6.48,6.49,6.5,6.51,6.52,6.53,6.54,6.55,5500,5700,8100,1600,15000,5300,300,300,16000,15500,6800,18900,8500,10300,24700,10800,8000,9900,600,84000
124.0,6.46,141300,914154.0,6.45,6.44,6.43,6.42,6.41,6.4,6.39,6.37,6.36,6.35,6.46,6.47,6.48,6.49,6.5,6.51,6.52,6.53,6.54,6.55,6500,5700,8100,1600,15000,5300,300,300,16000,15500,14200,18900,8500,10300,24700,10800,4200,9900,600,84000
125.0,6.46,142800,923844.0,6.45,6.44,6.43,6.42,6.41,6.4,6.39,6.37,6.36,6.35,6.46,6.47,6.48,6.49,6.5,6.51,6.52,6.53,6.54,6.55,6700,5700,8100,1600,15000,5300,300,300,16000,15500,12700,18900,8500,10300,24700,10800,4200,9900,600,84000
126.0,6.46,142800,923844.0,6.45,6.44,6.43,6.42,6.41,6.4,6.39,6.37,6.36,6.35,6.46,6.47,6.48,6.49,6.5,6.51,6.52,6.53,6.54,6.55,6700,5700,8100,1600,15000,5300,300,300,16000,15500,12700,18900,8500,10300,24700,10800,4200,9900,600,84000
127.0,6.45,151100,977391.0,6.44,6.43,6.42,6.41,6.4,6.39,6.37,6.36,6.35,6.33,6.45,6.46,6.47,6.48,6.49,6.5,6.51,6.52,6.53,6.54,5700,8100,1600,15000,5300,300,300,16000,15500,47500,17500,11500,16700,7700,10300,24700,10800,4200,9900,600
128.0,6.45,151200,978036.0,6.44,6.43,6.42,6.41,6.4,6.39,6.37,6.36,6.35,6.33,6.45,6.46,6.47,6.48,6.49,6.5,6.51,6.52,6.53,6.54,5700,8100,1600,15000,5300,300,300,16000,15500,47500,17600,12600,10200,7700,10300,24700,10800,4200,9900,600
129.0,6.45,151200,978036.0,6.44,6.43,6.42,6.41,6.4,6.39,6.37,6.36,6.35,6.33,6.45,6.46,6.47,6.48,6.49,6.5,6.51,6.52,6.53,6.54,5800,8100,1600,15000,5300,300,300,16000,15500,47500,17600,13200,10200,7700,10300,24700,10800,4200,9900,600
130.0,6.45,152700,987711.0,6.44,6.43,6.42,6.41,6.4,6.39,6.37,6.36,6.35,6.33,6.45,6.46,6.47,6.48,6.49,6.5,6.51,6.52,6.53,6.54,5800,8100,1600,15000,5300,300,300,16000,15500,47500,16100,13200,10200,7700,10300,24700,10800,4200,9900,600
131.0,6.45,154000,996096.0,6.44,6.43,6.42,6.41,6.4,6.39,6.37,6.36,6.35,6.33,6.45,6.46,6.47,6.48,6.49,6.5,6.51,6.52,6.53,6.54,6000,8100,1600,15000,5300,300,300,16000,15500,47500,14800,10500,10200,7700,10300,24700,10800,4200,9900,600
132.0,6.45,154200,997386.0,6.44,6.43,6.42,6.41,6.4,6.39,6.37,6.36,6.35,6.33,6.45,6.46,6.47,6.48,6.49,6.5,6.51,6.52,6.53,6.54,6000,8100,1600,15000,5300,300,300,16000,15500,47500,14600,11100,10200,7700,10300,24700,10800,4200,9900,600
133.0,6.45,154200,997386.0,6.44,6.43,6.42,6.41,6.4,6.39,6.37,6.36,6.35,6.33,6.45,6.46,6.47,6.48,6.49,6.5,6.51,6.52,6.53,6.54,6000,8100,1600,15000,5300,300,300,16000,15500,47500,14600,11100,10200,7700,10300,24700,10800,4200,9900,600
134.0,6.45,158600,1025766.0,6.44,6.43,6.42,6.41,6.4,6.39,6.37,6.36,6.35,6.33,6.45,6.46,6.47,6.48,6.49,6.5,6.51,6.52,6.53,6.54,6000,8100,1600,15000,5300,300,300,16000,15500,47500,10200,11100,10200,7700,10300,24700,10800,4200,9900,600
135.0,6.45,158600,1025766.0,6.44,6.43,6.42,6.41,6.4,6.39,6.37,6.36,6.35,6.33,6.45,6.46,6.47,6.48,6.49,6.5,6.51,6.52,6.53,6.54,6000,8100,1600,15000,5300,300,300,16000,15500,47500,10200,11100,10200,7700,10300,24700,10800,4200,9900,600
136.0,6.45,158600,1025766.0,6.44,6.43,6.42,6.41,6.4,6.39,6.37,6.36,6.35,6.33,6.45,6.46,6.47,6.48,6.49,6.5,6.51,6.52,6.53,6.54,6300,8100,1600,15000,5300,300,300,16000,15500,47500,10200,11100,10200,7700,10300,24700,10800,4200,9900,600
137.0,6.45,159800,1033506.0,6.44,6.43,6.42,6.41,6.4,6.39,6.37,6.36,6.35,6.33,6.45,6.46,6.47,6.48,6.49,6.5,6.51,6.52,6.53,6.54,6400,8100,1600,15000,5300,300,300,16000,15500,47500,9000,11100,12000,7700,10300,24700,10800,4200,9900,600
138.0,6.45,159800,1033506.0,6.44,6.43,6.42,6.41,6.4,6.39,6.37,6.36,6.35,6.33,6.45,6.46,6.47,6.48,6.49,6.5,6.51,6.52,6.53,6.54,6400,8100,1600,15000,5300,300,300,16000,15500,47500,9000,11100,12000,7700,10300,24700,10800,4200,9900,600
139.0,6.45,159800,1033506.0,6.44,6.43,6.42,6.41,6.4,6.39,6.37,6.36,6.35,6.33,6.45,6.46,6.47,6.48,6.49,6.5,6.51,6.52,6.53,6.54,6400,8100,1600,15000,5300,300,300,16000,15500,47500,9000,11100,12000,7700,10300,24700,10800,4200,9900,600
140.0,6.45,159800,1033506.0,6.44,6.43,6.42,6.41,6.4,6.39,6.37,6.36,6.35,6.33,6.45,6.46,6.47,6.48,6.49,6.5,6.51,6.52,6.53,6.54,6600,8100,1600,15000,5300,300,300,16000,15500,47500,9000,11100,4100,7700,10300,24700,10800,4200,9900,600
141.0,6.44,160400,1037370.0,6.44,6.43,6.42,6.41,6.4,6.39,6.37,6.36,6.35,6.33,6.45,6.46,6.47,6.48,6.49,6.5,6.51,6.52,6.53,6.54,6000,8100,1600,15000,5300,300,300,16000,15500,47500,10100,11100,3000,7700,10300,24700,10800,4200,9900,600
142.0,6.44,160400,1037370.0,6.44,6.43,6.42,6.41,6.4,6.39,6.37,6.36,6.35,6.33,6.45,6.46,6.47,6.48,6.49,6.5,6.51,6.52,6.53,6.54,6100,8100,1600,15000,5300,300,300,16000,15500,47500,10200,11100,3000,7700,10300,24700,10800,4200,9900,600
143.0,6.44,166700,1077943.0,6.43,6.42,6.41,6.4,6.39,6.37,6.36,6.35,6.33,6.32,6.44,6.45,6.46,6.47,6.48,6.49,6.5,6.51,6.52,6.53,8100,1600,15000,5300,300,300,16000,15500,47500,1000,1800,10100,11100,3000,7700,10300,24700,10800,4200,9900
144.0,6.43,167500,1083087.0,6.43,6.42,6.41,6.4,6.39,6.37,6.36,6.35,6.34,6.33,6.44,6.45,6.46,6.47,6.48,6.49,6.5,6.51,6.52,6.53,15500,1600,15000,5300,300,300,16000,15500,16600,47500,1800,10100,3100,3000,7700,10300,24700,10800,4200,9900
145.0,6.45,170500,1102419.0,6.44,6.43,6.42,6.41,6.4,6.39,6.37,6.36,6.35,6.34,6.45,6.46,6.47,6.48,6.49,6.5,6.51,6.52,6.53,6.54,1600,15500,1600,15000,5300,300,300,16000,15500,16600,9700,3100,3000,7700,10300,24700,10800,4200,9900,600
146.0,6.45,172400,1114674.0,6.44,6.43,6.42,6.41,6.4,6.39,6.37,6.36,6.35,6.34,6.45,6.46,6.47,6.48,6.49,6.5,6.51,6.52,6.53,6.54,1600,15500,1600,15000,5300,300,300,16000,15500,16600,15800,3100,3000,7700,10300,24700,10800,4200,9900,600
147.0,6.44,172500,1115318.0,6.44,6.43,6.42,6.41,6.4,6.39,6.37,6.36,6.35,6.34,6.45,6.46,6.47,6.48,6.49,6.5,6.51,6.52,6.53,6.54,1500,15500,1600,15000,5300,300,300,16000,15500,16600,16900,3100,3000,7700,10300,24700,10800,4200,9900,600
148.0,6.44,172500,1115318.0,6.44,6.43,6.42,6.41,6.4,6.39,6.37,6.36,6.35,6.34,6.45,6.46,6.47,6.48,6.49,6.5,6.51,6.52,6.53,6.54,1500,15500,1600,15000,5300,300,300,16000,15500,16600,16900,2000,3000,7700,10300,24700,10800,4200,9900,600
149.0,6.44,172500,1115318.0,6.44,6.43,6.42,6.41,6.4,6.39,6.37,6.36,6.35,6.34,6.45,6.46,6.47,6.48,6.49,6.5,6.51,6.52,6.53,6.54,700,15500,1600,15000,5300,300,300,16000,15500,16600,16900,2000,3000,7700,10300,24700,10800,4200,9900,600
150.0,6.45,174000,1124993.0,6.44,6.43,6.42,6.41,6.4,6.39,6.37,6.36,6.35,6.34,6.45,6.46,6.47,6.48,6.49,6.5,6.51,6.52,6.53,6.54,700,15500,1600,15000,5300,300,300,16000,15500,16600,15400,2000,3000,7700,10300,24700,10800,4200,9900,600
151.0,6.45,174000,1124993.0,6.44,6.43,6.42,6.41,6.4,6.39,6.37,6.36,6.35,6.34,6.45,6.46,6.47,6.48,6.49,6.5,6.51,6.52,6.53,6.54,700,15500,1600,15000,5300,300,300,16000,15500,16600,15400,2000,3000,7700,10300,24700,10800,4200,9900,600
152.0,6.44,174700,1129501.0,6.44,6.43,6.42,6.41,6.4,6.39,6.37,6.36,6.35,6.34,6.45,6.46,6.47,6.48,6.49,6.5,6.51,6.52,6.53,6.54,100,15500,1600,15000,5300,300,300,16000,15500,16600,19600,2000,3000,7700,10300,24700,10800,4200,9900,600
153.0,6.44,174700,1129501.0,6.44,6.43,6.42,6.41,6.4,6.39,6.37,6.36,6.35,6.34,6.45,6.46,6.47,6.48,6.49,6.5,6.51,6.52,6.53,6.54,200,15500,1600,15000,5300,300,300,16000,15500,16600,19600,2000,3000,7700,10300,24700,10800,4200,9900,600
154.0,6.45,176600,1141756.0,6.44,6.43,6.42,6.41,6.4,6.39,6.37,6.36,6.35,6.34,6.45,6.46,6.47,6.48,6.49,6.5,6.51,6.52,6.53,6.54,600,15500,1600,15000,5300,300,300,16000,15500,16600,17700,2000,3000,7700,10300,24700,10800,4200,9900,600
155.0,6.45,176600,1141756.0,6.44,6.43,6.42,6.41,6.4,6.39,6.37,6.36,6.35,6.34,6.45,6.46,6.47,6.48,6.49,6.5,6.51,6.52,6.53,6.54,600,15500,1600,15000,5300,300,300,16000,15500,16600,17600,2000,3000,7700,10300,24700,10800,4200,9900,600
156.0,6.45,176600,1141756.0,6.44,6.43,6.42,6.41,6.4,6.39,6.37,6.36,6.35,6.34,6.45,6.46,6.47,6.48,6.49,6.5,6.51,6.52,6.53,6.54,600,15500,1600,15000,5300,300,300,16000,15500,16600,17600,2000,3000,7700,10300,24700,10800,4200,9900,600
157.0,6.45,181200,1171426.0,6.44,6.43,6.42,6.41,6.4,6.39,6.37,6.36,6.35,6.34,6.45,6.46,6.47,6.48,6.49,6.5,6.51,6.52,6.53,6.54,600,15500,1600,15000,5300,300,300,16000,15500,16600,13000,2000,3000,7700,10300,24700,10800,4200,9900,600
158.0,6.45,181200,1171426.0,6.44,6.43,6.42,6.41,6.4,6.39,6.37,6.36,6.35,6.34,6.45,6.46,6.47,6.48,6.49,6.5,6.51,6.52,6.53,6.54,600,15500,1600,15000,5300,300,300,16000,15500,16600,13000,2000,3000,7700,10300,24700,10800,4200,9900,600
159.0,6.45,181400,1172716.0,6.44,6.43,6.42,6.41,6.4,6.39,6.37,6.36,6.35,6.34,6.45,6.46,6.47,6.48,6.49,6.5,6.51,6.52,6.53,6.54,600,15500,1600,15000,5300,300,300,16000,15500,16600,13800,2000,3000,7700,10300,24700,10800,4200,9900,600
160.0,6.45,182700,1181101.0,6.44,6.43,6.42,6.41,6.4,6.39,6.37,6.36,6.35,6.34,6.45,6.46,6.47,6.48,6.49,6.5,6.51,6.52,6.53,6.54,200,15500,1600,15000,5300,300,300,16000,15500,16600,8300,2000,3000,7700,10300,24700,10800,4200,9900,600
161.0,6.45,183500,1186261.0,6.44,6.43,6.42,6.41,6.4,6.39,6.37,6.36,6.35,6.34,6.45,6.46,6.47,6.48,6.49,6.5,6.51,6.52,6.53,6.54,200,15500,1600,15000,5300,300,300,16000,15500,16600,9200,2000,3000,7700,10300,24700,10800,4200,9900,600
162.0,6.45,183500,1186261.0,6.44,6.43,6.42,6.41,6.4,6.39,6.37,6.36,6.35,6.34,6.45,6.46,6.47,6.48,6.49,6.5,6.51,6.52,6.53,6.54,200,15500,1600,15000,5300,300,300,16000,15500,16600,9200,2000,2400,7700,10300,24700,10800,4200,9900,600
163.0,6.44,184500,1192710.0,6.44,6.43,6.42,6.41,6.4,6.39,6.37,6.36,6.35,6.34,6.45,6.46,6.47,6.48,6.49,6.5,6.51,6.52,6.53,6.54,100,15500,1600,15000,5300,300,300,16000,15500,16600,8300,2000,2400,7700,10300,24700,10800,4200,9900,600
164.0,6.44,184500,1192710.0,6.44,6.43,6.42,6.41,6.4,6.39,6.37,6.36,6.35,6.34,6.45,6.46,6.47,6.48,6.49,6.5,6.51,6.52,6.53,6.54,100,15500,1600,15000,5300,300,300,16000,15500,16600,8300,2000,2400,7700,10300,24700,10800,4200,9900,600
165.0,6.44,184500,1192710.0,6.44,6.43,6.42,6.41,6.4,6.39,6.37,6.36,6.35,6.34,6.45,6.46,6.47,6.48,6.49,6.5,6.51,6.52,6.53,6.54,700,15500,1600,15000,5300,300,300,16000,15500,16600,8300,2000,1800,7700,10300,24700,10800,4200,9900,600
166.0,6.44,184500,1192710.0,6.44,6.43,6.42,6.41,6.4,6.39,6.37,6.36,6.35,6.34,6.45,6.46,6.47,6.48,6.49,6.5,6.51,6.52,6.53,6.54,1100,15500,1600,15000,5300,300,300,16000,15500,16600,8300,2000,1800,7700,10300,24700,10800,4200,9900,600
167.0,6.45,185300,1197870.0,6.44,6.43,6.42,6.41,6.4,6.39,6.37,6.36,6.35,6.34,6.45,6.46,6.47,6.48,6.49,6.5,6.51,6.52,6.53,6.54,1100,15500,1600,15000,5300,300,300,16000,15500,16600,8600,2000,1800,7700,10300,24700,10800,4200,9900,600
168.0,6.44,186900,1208182.0,6.44,6.43,6.42,6.41,6.4,6.39,6.37,6.36,6.35,6.34,6.45,6.46,6.47,6.48,6.49,6.5,6.51,6.52,6.53,6.54,300,15500,1600,13700,5300,300,300,16000,15500,16600,15800,2000,1800,7700,10300,24700,10800,4200,9900,600
169.0,6.45,190000,1228177.0,6.44,6.43,6.42,6.41,6.4,6.39,6.37,6.36,6.35,6.34,6.45,6.46,6.47,6.48,6.49,6.5,6.51,6.52,6.53,6.54,300,15500,1600,13700,5300,300,300,16000,15500,16600,12700,2000,1800,7700,10300,24700,10800,4200,9900,600
170.0,6.45,191200,1235917.0,6.44,6.43,6.42,6.41,6.4,6.39,6.37,6.36,6.35,6.34,6.45,6.46,6.47,6.48,6.49,6.5,6.51,6.52,6.53,6.54,300,15500,1600,13700,5300,300,300,16000,15500,16600,11500,2000,1800,7700,10300,24700,10800,4200,9900,600
171.0,6.45,191200,1235917.0,6.44,6.43,6.42,6.41,6.4,6.39,6.37,6.36,6.35,6.34,6.45,6.46,6.47,6.48,6.49,6.5,6.51,6.52,6.53,6.54,2000,15500,1600,13700,5300,300,300,16000,15500,16600,11500,2000,1800,7700,10300,24700,10800,4200,9900,600
172.0,6.45,191200,1235917.0,6.44,6.43,6.42,6.41,6.4,6.39,6.37,6.36,6.35,6.34,6.45,6.46,6.47,6.48,6.49,6.5,6.51,6.52,6.53,6.54,2000,15500,1600,13700,5300,300,300,16000,15500,16600,11500,2000,1800,7700,10300,24700,10800,4200,9900,600
173.0,6.45,192300,1243012.0,6.44,6.43,6.42,6.41,6.4,6.39,6.37,6.36,6.35,6.34,6.45,6.46,6.47,6.48,6.49,6.5,6.51,6.52,6.53,6.54,2000,16300,1600,13700,6300,300,300,16000,15500,16600,10400,2000,1800,7700,10300,24700,10800,4200,9900,600
174.0,6.45,192300,1243012.0,6.44,6.43,6.42,6.41,6.4,6.39,6.37,6.36,6.35,6.34,6.45,6.46,6.47,6.48,6.49,6.5,6.51,6.52,6.53,6.54,2000,16300,1600,13700,6300,300,300,16000,15500,16600,10400,2000,1800,7700,10300,24700,10800,4200,9900,600
175.0,6.45,192300,1243012.0,6.44,6.43,6.42,6.41,6.4,6.39,6.37,6.36,6.35,6.34,6.45,6.46,6.47,6.48,6.49,6.5,6.51,6.52,6.53,6.54,2000,16300,1600,13700,6300,300,300,16000,15500,16600,10400,2000,1800,7700,10300,24700,10800,4200,9900,600
176.0,6.45,193300,1249462.0,6.44,6.43,6.42,6.41,6.4,6.39,6.37,6.36,6.35,6.34,6.45,6.46,6.47,6.48,6.49,6.5,6.51,6.52,6.53,6.54,2000,16300,1600,13700,6300,300,300,16000,15500,16600,9400,2000,1800,7700,10300,24700,10800,4200,9900,600
177.0,6.45,194200,1255267.0,6.44,6.43,6.42,6.41,6.4,6.39,6.37,6.36,6.35,6.34,6.45,6.46,6.47,6.48,6.49,6.5,6.51,6.52,6.53,6.54,2000,16300,1600,13700,6300,300,300,16000,15500,16600,8500,2000,1800,7700,10300,24700,10800,4200,9900,600
178.0,6.45,194200,1255267.0,6.44,6.43,6.42,6.41,6.4,6.39,6.37,6.36,6.35,6.34,6.45,6.46,6.47,6.48,6.49,6.5,6.51,6.52,6.53,6.54,2000,16400,1600,13700,6300,300,300,16000,15500,16600,8500,2000,1800,7700,10300,24700,10800,4200,9900,600
179.0,6.45,194200,1255267.0,6.44,6.43,6.42,6.41,6.4,6.39,6.37,6.36,6.35,6.34,6.45,6.46,6.47,6.48,6.49,6.5,6.51,6.52,6.53,6.54,2400,16400,1600,13700,6300,300,300,16000,15500,16600,8500,2000,1800,7700,10300,24700,10800,4200,9900,600
180.0,6.45,196800,1272037.0,6.44,6.43,6.42,6.41,6.4,6.39,6.37,6.36,6.35,6.34,6.45,6.46,6.47,6.48,6.49,6.5,6.51,6.52,6.53,6.54,2400,16400,1600,13700,6300,300,300,16000,15500,16600,5900,2000,1800,7700,10300,24700,10800,4200,9900,600
181.0,6.45,196800,1272037.0,6.44,6.43,6.42,6.41,6.4,6.39,6.37,6.36,6.35,6.34,6.45,6.46,6.47,6.48,6.49,6.5,6.51,6.52,6.53,6.54,2400,16800,1600,13700,6300,300,300,16000,15500,16600,7000,2000,1800,7700,10300,24700,10800,4200,9900,600
182.0,6.45,196800,1272037.0,6.44,6.43,6.42,6.41,6.4,6.39,6.37,6.36,6.35,6.34,6.45,6.46,6.47,6.48,6.49,6.5,6.51,6.52,6.53,6.54,2600,16800,1600,13700,6300,300,300,16000,15500,16600,7000,2000,1800,7700,10300,24700,10800,4200,9900,600
183.0,6.45,197500,1276552.0,6.44,6.43,6.42,6.41,6.4,6.39,6.37,6.36,6.35,6.34,6.45,6.46,6.47,6.48,6.49,6.5,6.51,6.52,6.53,6.54,3900,16800,1600,13700,6300,300,300,16000,15500,16600,6300,2000,1800,7700,10300,24700,10800,4200,9900,600
184.0,6.45,198100,1280422.0,6.44,6.43,6.42,6.41,6.4,6.39,6.37,6.36,6.35,6.34,6.45,6.46,6.47,6.48,6.49,6.5,6.51,6.52,6.53,6.54,5300,16800,1600,13700,6300,300,300,16000,15500,16600,5700,2000,1800,7700,10300,24700,10800,4200,9900,600
185.0,6.45,198100,1280422.0,6.44,6.43,6.42,6.41,6.4,6.39,6.37,6.36,6.35,6.34,6.45,6.46,6.47,6.48,6.49,6.5,6.51,6.52,6.53,6.54,15000,17200,1600,13700,6300,300,300,16000,15500,16600,5700,2000,1800,7700,10300,24700,10800,4200,9900,600
186.0,6.45,198100,1280422.0,6.44,6.43,6.42,6.41,6.4,6.39,6.37,6.36,6.35,6.34,6.45,6.46,6.47,6.48,6.49,6.5,6.51,6.52,6.53,6.54,16100,17200,1600,13700,6300,300,300,16000,15500,16600,5700,2000,1800,7700,10300,24700,10800,4200,9900,600
187.0,6.45,198600,1283647.0,6.44,6.43,6.42,6.41,6.4,6.39,6.37,6.36,6.35,6.34,6.45,6.46,6.47,6.48,6.49,6.5,6.51,6.52,6.53,6.54,16100,17200,1600,13700,6300,300,300,16000,15500,16600,5200,2000,1800,7700,10300,24700,10800,4200,9900,600
188.0,6.45,198600,1283647.0,6.44,6.43,6.42,6.41,6.4,6.39,6.37,6.36,6.35,6.34,6.45,6.46,6.47,6.48,6.49,6.5,6.51,6.52,6.53,6.54,16100,17200,1600,13700,6300,300,300,16000,15500,16600,6300,2000,1800,7700,10300,24700,10800,4200,9900,600
189.0,6.45,198600,1283647.0,6.44,6.43,6.42,6.41,6.4,6.39,6.37,6.36,6.35,6.34,6.45,6.46,6.47,6.48,6.49,6.5,6.51,6.52,6.53,6.54,17200,17200,1600,14200,6300,300,300,16000,15500,16600,6300,2000,1800,7700,10300,24700,10800,4200,9900,600
190.0,6.45,198600,1283647.0,6.44,6.43,6.42,6.41,6.4,6.39,6.37,6.36,6.35,6.34,6.45,6.46,6.47,6.48,6.49,6.5,6.51,6.52,6.53,6.54,17200,17200,1600,14200,6300,300,300,16000,15500,16600,14300,2000,1800,7700,10300,24700,10800,4200,9900,600
191.0,6.45,201400,1301707.0,6.44,6.43,6.42,6.41,6.4,6.39,6.37,6.36,6.35,6.34,6.45,6.46,6.47,6.48,6.49,6.5,6.51,6.52,6.53,6.54,17300,17200,1600,14200,6300,300,300,16000,15500,16600,11500,2000,1800,7700,10300,24700,10800,4200,9900,600
192.0,6.45,203700,1316542.0,6.44,6.43,6.42,6.41,6.4,6.39,6.37,6.36,6.35,6.34,6.45,6.46,6.47,6.48,6.49,6.5,6.51,6.52,6.53,6.54,17300,17200,1600,14200,6300,300,300,16000,15500,16600,9200,2000,1800,7700,10300,24700,10800,4200,9900,600
193.0,6.45,203700,1316542.0,6.44,6.43,6.42,6.41,6.4,6.39,6.37,6.36,6.35,6.34,6.45,6.46,6.47,6.48,6.49,6.5,6.51,6.52,6.53,6.54,17300,17100,1600,14200,6300,300,300,16000,15500,16600,9800,1400,1800,7700,10300,24700,10800,4200,9900,600
194.0,6.45,204600,1322347.0,6.44,6.43,6.42,6.41,6.4,6.39,6.37,6.36,6.35,6.34,6.45,6.46,6.47,6.48,6.49,6.5,6.51,6.52,6.53,6.54,17200,17100,1600,14200,6300,300,300,16000,15500,16600,9500,1400,1800,7700,10300,24700,10800,4200,9900,600
195.0,6.45,204600,1322347.0,6.44,6.43,6.42,6.41,6.4,6.39,6.37,6.36,6.35,6.34,6.45,6.46,6.47,6.48,6.49,6.5,6.51,6.52,6.53,6.54,17200,17100,1600,14200,6300,300,300,16000,15500,16600,9500,1400,1800,7700,10300,24700,10800,4200,9900,600
196.0,6.45,204600,1322347.0,6.44,6.43,6.42,6.41,6.4,6.39,6.37,6.36,6.35,6.34,6.45,6.46,6.47,6.48,6.49,6.5,6.51,6.52,6.53,6.54,17200,17100,1600,14200,6300,300,300,16000,15500,16600,9500,800,1800,7700,10300,25000,10800,4200,9900,600
197.0,6.45,214100,1383622.0,6.45,6.44,6.43,6.42,6.41,6.4,6.39,6.37,6.36,6.35,6.46,6.47,6.48,6.49,6.5,6.51,6.52,6.53,6.54,6.55,6900,17200,17100,1600,14200,6300,300,300,16000,15500,800,1800,7700,10300,25000,10800,4200,9900,600,84300
198.0,6.45,214100,1383622.0,6.45,6.44,6.43,6.42,6.41,6.4,6.39,6.37,6.36,6.35,6.46,6.47,6.48,6.49,6.5,6.51,6.52,6.53,6.54,6.55,6900,17200,17100,1600,14200,6300,300,300,16000,15500,800,1800,7700,10300,25000,10800,4200,9900,600,84300
199.0,6.45,214100,1383622.0,6.45,6.44,6.43,6.42,6.41,6.4,6.39,6.37,6.36,6.35,6.46,6.47,6.48,6.49,6.5,6.51,6.52,6.53,6.54,6.55,6900,17200,17100,1600,14200,6300,300,300,16000,15500,800,1800,7700,10300,25000,10800,4200,9900,600,84300
200.0,6.45,214100,1383622.0,6.45,6.44,6.43,6.42,6.41,6.4,6.39,6.37,6.36,6.35,6.46,6.47,6.48,6.49,6.5,6.51,6.52,6.53,6.54,6.55,6900,17200,17100,1600,14200,6300,300,300,16000,15500,800,1800,7700,10300,25000,10800,4200,9900,600,84300
201.0,6.45,215200,1390717.0,6.45,6.44,6.43,6.42,6.41,6.4,6.39,6.37,6.36,6.35,6.46,6.47,6.48,6.49,6.5,6.51,6.52,6.53,6.54,6.55,5800,17200,17100,1600,15700,6300,300,300,16000,15500,800,1800,7700,10300,25000,10800,4200,9900,600,84300
202.0,6.46,215300,1391363.0,6.45,6.44,6.43,6.42,6.41,6.4,6.39,6.37,6.36,6.35,6.46,6.47,6.48,6.49,6.5,6.51,6.52,6.53,6.54,6.55,5800,17200,17100,1600,15700,6300,300,300,16000,15500,700,1800,7700,10300,25000,10800,4200,9900,600,84300
203.0,6.46,215300,1391363.0,6.45,6.44,6.43,6.42,6.41,6.4,6.39,6.37,6.36,6.35,6.46,6.47,6.48,6.49,6.5,6.51,6.52,6.53,6.54,6.55,5800,17200,17100,1600,15700,6300,300,300,16000,15500,700,1800,7700,10300,25000,10800,4200,9900,600,84300
204.0,6.46,215400,1392009.0,6.45,6.44,6.43,6.42,6.41,6.4,6.39,6.37,6.36,6.35,6.46,6.47,6.48,6.49,6.5,6.51,6.52,6.53,6.54,6.55,5800,17200,17100,1600,15700,6300,300,300,16000,15500,600,1800,7700,10300,25000,10800,4200,9900,600,84300
205.0,6.46,215400,1392009.0,6.45,6.44,6.43,6.42,6.41,6.4,6.39,6.37,6.36,6.35,6.46,6.47,6.48,6.49,6.5,6.51,6.52,6.53,6.54,6.55,5800,17200,17100,1600,15700,6300,300,300,16000,15500,600,1800,7700,10300,25000,10800,4200,9900,600,84300
206.0,6.46,215400,1392009.0,6.45,6.44,6.43,6.42,6.41,6.4,6.39,6.37,6.36,6.35,6.46,6.47,6.48,6.49,6.5,6.51,6.52,6.53,6.54,6.55,5800,17200,17100,1600,15700,6300,300,300,16000,15500,600,1800,7700,10300,25000,10800,4200,9900,600,84300
207.0,6.46,215400,1392009.0,6.45,6.44,6.43,6.42,6.41,6.4,6.39,6.37,6.36,6.35,6.46,6.47,6.48,6.49,6.5,6.51,6.52,6.53,6.54,6.55,5800,17200,17100,1600,15700,6300,300,300,16000,15500,600,1800,7700,10300,25000,10800,4200,9900,600,84300
208.0,6.45,216500,1399104.0,6.45,6.44,6.43,6.42,6.41,6.4,6.39,6.37,6.36,6.35,6.46,6.47,6.48,6.49,6.5,6.51,6.52,6.53,6.54,6.55,4700,17200,17100,1600,15700,6300,300,300,16000,15500,600,1800,7700,10300,25000,10800,4200,9900,600,84300
209.0,6.45,216500,1399104.0,6.45,6.44,6.43,6.42,6.41,6.4,6.39,6.37,6.36,6.35,6.46,6.47,6.48,6.49,6.5,6.51,6.52,6.53,6.54,6.55,4700,17200,17500,1600,15700,6300,300,300,16000,15500,600,1800,7700,10300,25000,10800,4200,9900,600,84300
210.0,6.45,216500,1399104.0,6.45,6.44,6.43,6.42,6.41,6.4,6.39,6.37,6.36,6.35,6.46,6.47,6.48,6.49,6.5,6.51,6.52,6.53,6.54,6.55,4700,17200,17500,1600,15700,6300,300,300,16000,15500,600,1800,7700,10300,25000,10800,4200,9900,600,84300
211.0,6.45,216500,1399104.0,6.45,6.44,6.43,6.42,6.41,6.4,6.39,6.37,6.36,6.35,6.46,6.47,6.48,6.49,6.5,6.51,6.52,6.53,6.54,6.55,4700,17200,17500,1600,15700,6300,300,300,16000,15500,600,1800,7700,10300,25000,10800,4200,9900,600,84300
212.0,6.45,221200,1429419.0,6.44,6.43,6.42,6.41,6.4,6.39,6.37,6.36,6.35,6.34,6.45,6.46,6.47,6.48,6.49,6.5,6.51,6.52,6.53,6.54,17200,17900,1600,15700,6300,300,300,16000,15500,16600,3300,600,1800,7700,10300,25000,10800,4200,9900,600
213.0,6.44,222700,1439079.0,6.44,6.43,6.42,6.41,6.4,6.39,6.37,6.36,6.35,6.34,6.45,6.46,6.47,6.48,6.49,6.5,6.51,6.52,6.53,6.54,15700,17900,1600,15700,6300,300,300,16000,15500,16600,3300,600,1800,7700,10300,25000,10800,4200,9900,600
214.0,6.44,224200,1448742.0,6.44,6.43,6.42,6.41,6.4,6.39,6.37,6.36,6.35,6.34,6.45,6.46,6.47,6.48,6.49,6.5,6.51,6.52,6.53,6.54,14500,17900,1600,15700,6300,300,300,16000,15500,16600,3000,600,1800,7700,10300,25000,10800,4200,9900,600
215.0,6.44,227900,1472576.0,6.44,6.43,6.42,6.41,6.4,6.39,6.37,6.36,6.35,6.34,6.45,6.46,6.47,6.48,6.49,6.5,6.51,6.52,6.53,6.54,11400,18000,1600,15700,6300,300,300,16000,15500,16600,2400,600,1800,7700,10300,25000,10800,4200,9900,600
216.0,6.45,228400,1475801.0,6.44,6.43,6.42,6.41,6.4,6.39,6.37,6.36,6.35,6.34,6.45,6.46,6.47,6.48,6.49,6.5,6.51,6.52,6.53,6.54,11400,18000,1600,15700,6300,300,300,16000,15500,16600,1900,600,1800,7700,10300,25000,10800,4200,9900,600
217.0,6.45,228500,1476446.0,6.44,6.43,6.42,6.41,6.4,6.39,6.37,6.36,6.35,6.34,6.45,6.46,6.47,6.48,6.49,6.5,6.51,6.52,6.53,6.54,11400,18000,1600,15700,6300,300,300,16000,15500,16600,1800,600,1800,7700,10300,25000,10800,4200,9900,600
218.0,6.44,239900,1549862.0,6.43,6.42,6.41,6.4,6.39,6.37,6.36,6.35,6.34,6.33,6.44,6.45,6.46,6.47,6.48,6.49,6.5,6.51,6.52,6.53,18000,1700,15700,6300,300,300,16000,15500,16600,47500,1800,1800,600,1800,7700,10300,25000,10800,4200,9900
219.0,6.44,239900,1549862.0,6.43,6.42,6.41,6.4,6.39,6.37,6.36,6.35,6.34,6.33,6.44,6.45,6.46,6.47,6.48,6.49,6.5,6.51,6.52,6.53,18000,1700,15700,6300,300,300,16000,15500,16600,47500,2400,1800,600,1800,7700,10300,25000,10800,4200,9900
220.0,6.45,244800,1581436.0,6.45,6.43,6.42,6.41,6.4,6.39,6.37,6.36,6.35,6.34,6.46,6.47,6.48,6.49,6.5,6.51,6.52,6.53,6.54,6.55,15300,18700,1700,15700,6300,300,300,16000,15500,16600,600,1800,7700,10300,25000,10800,4200,9900,600,84300
221.0,6.45,246000,1589176.0,6.45,6.43,6.42,6.41,6.4,6.39,6.37,6.36,6.35,6.34,6.46,6.47,6.48,6.49,6.5,6.51,6.52,6.53,6.54,6.55,14100,14100,1600,15700,10900,300,300,16000,15500,16600,600,1800,7700,10300,25000,10800,4200,9900,600,84300
222.0,6.45,247200,1596916.0,6.45,6.44,6.43,6.42,6.41,6.4,6.39,6.37,6.36,6.35,6.46,6.47,6.48,6.49,6.5,6.51,6.52,6.53,6.54,6.55,12900,1000,14100,1600,15700,15000,300,300,16000,15500,600,1800,7700,10300,25000,10800,4200,9900,600,84300
223.0,6.45,247200,1596916.0,6.45,6.44,6.43,6.42,6.41,6.4,6.39,6.37,6.36,6.35,6.46,6.47,6.48,6.49,6.5,6.51,6.52,6.53,6.54,6.55,12900,4100,14100,1600,15700,15000,300,300,16000,15500,600,1800,7700,10300,25000,10800,4200,9900,600,84300
224.0,6.46,247300,1597562.0,6.45,6.44,6.43,6.42,6.41,6.4,6.39,6.37,6.36,6.35,6.46,6.47,6.48,6.49,6.5,6.51,6.52,6.53,6.54,6.55,12900,4200,14100,1600,15700,15000,300,300,16000,15500,500,1800,7700,10300,25000,10800,4200,9900,600,84300
225.0,6.45,247900,1601432.0,6.45,6.44,6.43,6.42,6.41,6.4,6.39,6.37,6.36,6.35,6.46,6.47,6.48,6.49,6.5,6.51,6.52,6.53,6.54,6.55,12300,4200,14100,1600,15700,15000,300,300,16000,15500,500,1800,7700,10300,25000,10800,4200,9900,600,84300
226.0,6.45,249200,1609817.0,6.45,6.44,6.43,6.42,6.41,6.4,6.39,6.37,6.36,6.35,6.46,6.47,6.48,6.49,6.5,6.51,6.52,6.53,6.54,6.55,11000,4200,14100,1600,15700,15000,300,300,16000,15500,500,1800,7700,10300,25000,10800,4200,9900,600,84300
227.0,6.46,249300,1610463.0,6.45,6.44,6.43,6.42,6.41,6.4,6.39,6.37,6.36,6.35,6.46,6.47,6.48,6.49,6.5,6.51,6.52,6.53,6.54,6.55,11000,4100,14100,1600,15700,15000,300,300,16000,15500,400,1800,7700,10300,25000,10800,4200,9900,600,84300
228.0,6.45,250400,1617558.0,6.45,6.44,6.43,6.42,6.41,6.4,6.39,6.37,6.36,6.35,6.46,6.47,6.48,6.49,6.5,6.51,6.52,6.53,6.54,6.55,9900,4100,14100,1600,15700,15000,300,300,16000,15500,400,1800,7700,10300,25000,10800,4200,9900,600,84300
229.0,6.45,250400,1617558.0,6.45,6.44,6.43,6.42,6.41,6.4,6.39,6.37,6.36,6.35,6.46,6.47,6.48,6.49,6.5,6.51,6.52,6.53,6.54,6.55,9900,4100,14100,1600,14000,15000,300,300,16000,15500,400,1800,7700,10300,25000,10800,4200,9900,600,84300
230.0,6.45,254600,1644648.0,6.45,6.44,6.43,6.42,6.41,6.4,6.39,6.37,6.36,6.35,6.46,6.47,6.48,6.49,6.5,6.51,6.52,6.53,6.54,6.55,5700,4100,13700,1700,14000,15000,300,300,16000,15500,400,1800,7700,10300,25000,10800,4200,9900,600,84300
231.0,6.45,254600,1644648.0,6.45,6.44,6.43,6.42,6.41,6.4,6.39,6.37,6.36,6.35,6.46,6.47,6.48,6.49,6.5,6.51,6.52,6.53,6.54,6.55,6000,6100,13600,1700,14000,15000,300,300,16000,15500,400,1800,7700,10300,25000,10800,4200,9900,600,84300
232.0,6.45,254600,1644648.0,6.45,6.44,6.43,6.42,6.41,6.4,6.39,6.37,6.36,6.35,6.46,6.47,6.48,6.49,6.5,6.51,6.52,6.53,6.54,6.55,6000,6100,13600,1700,14000,15000,300,300,16000,15500,400,1800,7700,10300,25000,10800,4200,9900,600,84300
233.0,6.45,254600,1644648.0,6.45,6.44,6.43,6.42,6.41,6.4,6.39,6.37,6.36,6.35,6.46,6.47,6.48,6.49,6.5,6.51,6.52,6.53,6.54,6.55,6000,6100,13800,1700,14000,15000,300,300,16000,15500,400,1800,7700,10300,25000,10800,4200,9900,600,84300
234.0,6.45,260600,1683348.0,6.44,6.43,6.42,6.41,6.4,6.39,6.37,6.36,6.35,6.34,6.45,6.46,6.47,6.48,6.49,6.5,6.51,6.52,6.53,6.54,6100,13800,1700,14000,15000,300,300,16000,15500,16600,2000,400,1800,7700,10300,25000,10800,4200,9900,600
235.0,6.45,260600,1683348.0,6.44,6.43,6.42,6.41,6.4,6.39,6.37,6.36,6.35,6.34,6.45,6.46,6.47,6.48,6.49,6.5,6.51,6.52,6.53,6.54,6100,13800,1700,14000,15000,300,300,16000,15500,16600,2000,400,1800,7700,10300,25000,10800,4200,9900,600
236.0,6.45,260600,1683348.0,6.44,6.43,6.42,6.41,6.4,6.39,6.37,6.36,6.35,6.34,6.45,6.46,6.47,6.48,6.49,6.5,6.51,6.52,6.53,6.54,6100,13800,1700,14000,15000,300,300,16000,15500,16600,2000,400,1800,7700,10300,25000,10800,4200,9900,600
237.0,6.45,260800,1684638.0,6.44,6.43,6.42,6.41,6.4,6.39,6.37,6.36,6.35,6.34,6.45,6.46,6.47,6.48,6.49,6.5,6.51,6.52,6.53,6.54,6100,13800,1700,14000,15000,300,300,16000,15500,16600,1800,400,1800,7700,10300,25000,10800,4200,9900,600
238.0,6.45,260800,1684638.0,6.44,6.43,6.42,6.41,6.4,6.39,6.37,6.36,6.35,6.34,6.45,6.46,6.47,6.48,6.49,6.5,6.51,6.52,6.53,6.54,6100,13800,1700,14000,15000,300,300,16000,15500,16600,1800,400,1800,7700,10300,25000,10800,4200,9900,600
239.0,6.45,261100,1686573.0,6.44,6.43,6.42,6.41,6.4,6.39,6.37,6.36,6.35,6.34,6.45,6.46,6.47,6.48,6.49,6.5,6.51,6.52,6.53,6.54,6100,12200,3900,14000,15000,300,300,16000,15500,16600,1500,400,1800,7700,10300,25000,10800,4200,9900,600
240.0,6.45,261200,1687218.0,6.44,6.43,6.42,6.41,6.4,6.39,6.37,6.36,6.35,6.34,6.45,6.46,6.47,6.48,6.49,6.5,6.51,6.52,6.53,6.54,6100,12200,3900,14000,15000,300,300,16000,15500,16600,1400,400,1800,7700,10300,25000,10800,4200,9900,600
241.0,6.45,261200,1687218.0,6.44,6.43,6.42,6.41,6.4,6.39,6.37,6.36,6.35,6.34,6.45,6.46,6.47,6.48,6.49,6.5,6.51,6.52,6.53,6.54,6100,12600,3900,14000,15200,300,300,16000,15500,16600,2500,400,1800,7700,10300,25800,10800,4200,9900,600
242.0,6.45,261200,1687218.0,6.44,6.43,6.42,6.41,6.4,6.39,6.37,6.36,6.35,6.34,6.45,6.46,6.47,6.48,6.49,6.5,6.51,6.52,6.53,6.54,6300,4800,23900,14000,15200,300,300,16000,15500,16600,2500,400,1800,7700,10300,25800,10800,4200,9900,600
243.0,6.45,261400,1688508.0,6.44,6.43,6.42,6.41,6.4,6.39,6.37,6.36,6.35,6.34,6.45,6.46,6.47,6.48,6.49,6.5,6.51,6.52,6.53,6.54,6300,4800,23900,14000,15200,300,300,16000,15500,16600,2300,400,1800,7700,10300,25800,10800,4200,9900,600
244.0,6.45,261600,1689798.0,6.44,6.43,6.42,6.41,6.4,6.39,6.37,6.36,6.35,6.34,6.45,6.46,6.47,6.48,6.49,6.5,6.51,6.52,6.53,6.54,6300,4800,23900,14000,15200,300,300,16000,15500,16600,2100,400,1800,7700,10300,25800,10800,4200,9900,600
245.0,6.45,261700,1690443.0,6.44,6.43,6.42,6.41,6.4,6.39,6.37,6.36,6.35,6.34,6.45,6.46,6.47,6.48,6.49,6.5,6.51,6.52,6.53,6.54,6400,4800,23900,14000,15200,300,300,16000,15500,16600,2000,400,1800,7700,10300,25800,10800,4200,9900,600
246.0,6.45,261700,1690443.0,6.44,6.43,6.42,6.41,6.4,6.39,6.37,6.36,6.35,6.34,6.45,6.46,6.47,6.48,6.49,6.5,6.51,6.52,6.53,6.54,6400,4800,23900,14000,15200,300,300,16000,15500,16600,2000,400,1800,7700,10300,25800,10800,4200,9900,600
247.0,6.45,261900,1691733.0,6.44,6.43,6.42,6.41,6.4,6.39,6.37,6.36,6.35,6.34,6.45,6.46,6.47,6.48,6.49,6.5,6.51,6.52,6.53,6.54,6400,4800,23900,14000,15200,300,300,16000,15500,16600,1800,400,1800,7700,10300,25800,10800,4200,9900,600
248.0,6.45,261900,1691733.0,6.44,6.43,6.42,6.41,6.4,6.39,6.37,6.36,6.35,6.34,6.45,6.46,6.47,6.48,6.49,6.5,6.51,6.52,6.53,6.54,6400,7200,23900,14000,15200,300,300,16000,15500,16600,2900,400,1800,7700,10300,25800,10800,4200,9900,600
249.0,6.45,261900,1691733.0,6.44,6.43,6.42,6.41,6.4,6.39,6.37,6.36,6.35,6.34,6.45,6.46,6.47,6.48,6.49,6.5,6.51,6.52,6.53,6.54,6200,7200,23900,14000,15200,300,300,16000,15500,16600,2900,400,1800,7700,10300,25800,10800,4200,9900,600
250.0,6.45,262600,1696248.0,6.44,6.43,6.42,6.41,6.4,6.39,6.37,6.36,6.35,6.34,6.45,6.46,6.47,6.48,6.49,6.5,6.51,6.52,6.53,6.54,6200,7200,23900,14000,15200,300,300,16000,15500,16600,2200,400,1800,7700,10300,25800,10800,4200,9900,600
251.0,6.45,262800,1697538.0,6.44,6.43,6.42,6.41,6.4,6.39,6.37,6.36,6.35,6.34,6.45,6.46,6.47,6.48,6.49,6.5,6.51,6.52,6.53,6.54,6300,7200,23900,14000,15200,300,300,16000,15500,16600,2100,400,1800,7700,10300,25800,10800,4200,9900,600
252.0,6.45,262800,1697538.0,6.44,6.43,6.42,6.41,6.4,6.39,6.37,6.36,6.35,6.34,6.45,6.46,6.47,6.48,6.49,6.5,6.51,6.52,6.53,6.54,6300,7200,23900,14000,15200,300,300,16000,15500,16600,2100,400,1800,7700,10300,25800,10800,4200,9900,600
253.0,6.45,262800,1697538.0,6.44,6.43,6.42,6.41,6.4,6.39,6.37,6.36,6.35,6.34,6.45,6.46,6.47,6.48,6.49,6.5,6.51,6.52,6.53,6.54,6300,7200,23900,14000,15200,300,300,16000,15500,16600,2100,400,1800,7700,10300,25800,10800,4200,9900,600
254.0,6.44,263200,1700116.0,6.44,6.43,6.42,6.41,6.4,6.39,6.37,6.36,6.35,6.34,6.45,6.46,6.47,6.48,6.49,6.5,6.51,6.52,6.53,6.54,6100,7200,23900,14000,15200,300,300,16000,15500,16600,1900,400,1800,7700,10300,25800,10800,4200,9900,600
255.0,6.44,263200,1700116.0,6.44,6.43,6.42,6.41,6.4,6.39,6.37,6.36,6.35,6.34,6.45,6.46,6.47,6.48,6.49,6.5,6.51,6.52,6.53,6.54,6100,7200,23900,14000,15200,300,300,16000,15500,16600,1900,400,1800,7700,10300,25800,10800,4200,9900,600
256.0,6.44,263600,1702692.0,6.44,6.43,6.42,6.41,6.4,6.39,6.37,6.36,6.35,6.34,6.45,6.46,6.47,6.48,6.49,6.5,6.51,6.52,6.53,6.54,5700,7200,23900,14000,15200,300,300,16000,15500,16600,9900,400,1800,7700,10300,25800,10800,4200,9900,600
257.0,6.45,265400,1714302.0,6.44,6.43,6.42,6.41,6.4,6.39,6.37,6.36,6.35,6.34,6.45,6.46,6.47,6.48,6.49,6.5,6.51,6.52,6.53,6.54,5700,7200,23900,14000,15200,300,300,16000,15500,16600,8100,400,1800,7700,10300,25800,10800,4200,9900,600
258.0,6.45,265400,1714302.0,6.44,6.43,6.42,6.41,6.4,6.39,6.37,6.36,6.35,6.34,6.45,6.46,6.47,6.48,6.49,6.5,6.51,6.52,6.53,6.54,5700,7200,23900,14000,15200,300,300,16000,15500,16600,8100,400,1800,7700,10300,25800,10800,4200,9900,600
259.0,6.45,265400,1714302.0,6.44,6.43,6.42,6.41,6.4,6.39,6.37,6.36,6.35,6.34,6.45,6.46,6.47,6.48,6.49,6.5,6.51,6.52,6.53,6.54,6000,7200,23900,14000,15200,300,300,16000,15500,16600,8100,400,1800,7700,10300,25800,10800,4200,9900,600
260.0,6.45,266200,1719462.0,6.44,6.43,6.42,6.41,6.4,6.39,6.37,6.36,6.35,6.34,6.45,6.46,6.47,6.48,6.49,6.5,6.51,6.52,6.53,6.54,6200,9400,23900,13500,15200,300,300,16000,15500,16600,7300,400,1800,7700,10300,25800,10800,4200,9900,600
261.0,6.44,267300,1726546.0,6.44,6.43,6.42,6.41,6.4,6.39,6.37,6.36,6.35,6.34,6.45,6.46,6.47,6.48,6.49,6.5,6.51,6.52,6.53,6.54,5200,9400,23900,13500,15200,300,300,16000,15500,16600,7300,400,1800,7700,10300,25800,10800,4200,9900,600
262.0,6.45,268700,1735576.0,6.44,6.43,6.42,6.41,6.4,6.39,6.37,6.36,6.35,6.34,6.45,6.46,6.47,6.48,6.49,6.5,6.51,6.52,6.53,6.54,5200,9400,23900,13500,15200,300,300,16000,15500,16600,5900,10400,1800,7700,10300,25800,10800,4200,9900,600
263.0,6.45,269200,1738801.0,6.44,6.43,6.42,6.41,6.4,6.39,6.37,6.36,6.35,6.34,6.45,6.46,6.47,6.48,6.49,6.5,6.51,6.52,6.53,6.54,5200,9400,23900,13500,15200,300,300,16000,15500,16600,5400,10400,1800,7700,10300,25800,10800,4200,9900,600
264.0,6.45,269200,1738801.0,6.44,6.43,6.42,6.41,6.4,6.39,6.37,6.36,6.35,6.34,6.45,6.46,6.47,6.48,6.49,6.5,6.51,6.52,6.53,6.54,5200,9400,23900,13500,15200,300,300,16000,15500,16600,5400,10400,1800,7700,10300,25800,10800,4200,9900,600
265.0,6.45,269200,1738801.0,6.44,6.43,6.42,6.41,6.4,6.39,6.37,6.36,6.35,6.34,6.45,6.46,6.47,6.48,6.49,6.5,6.51,6.52,6.53,6.54,5200,9400,23900,13500,15200,300,300,16000,15500,16600,5400,10400,1800,7700,10300,25800,10800,4200,9900,600
266.0,6.45,269200,1738801.0,6.44,6.43,6.42,6.41,6.4,6.39,6.37,6.36,6.35,6.34,6.45,6.46,6.47,6.48,6.49,6.5,6.51,6.52,6.53,6.54,5200,9500,23900,13500,15200,300,300,16000,15500,16600,5400,10400,1800,7700,10300,25800,10800,4200,9900,600
267.0,6.45,269700,1742026.0,6.44,6.43,6.42,6.41,6.4,6.39,6.37,6.36,6.35,6.34,6.45,6.46,6.47,6.48,6.49,6.5,6.51,6.52,6.53,6.54,5200,9500,23900,13500,15200,300,300,16000,15500,16600,4900,10400,1800,7700,10300,25800,10800,4200,9900,600
268.0,6.44,270800,1749110.0,6.44,6.43,6.42,6.41,6.4,6.39,6.37,6.36,6.35,6.34,6.45,6.46,6.47,6.48,6.49,6.5,6.51,6.52,6.53,6.54,4100,9500,24900,13500,15200,300,300,16000,15500,16600,4900,10400,1800,7700,10300,25800,10800,4200,9900,600
269.0,6.44,270800,1749110.0,6.44,6.43,6.42,6.41,6.4,6.39,6.37,6.36,6.35,6.34,6.45,6.46,6.47,6.48,6.49,6.5,6.51,6.52,6.53,6.54,4100,9700,24900,13500,15700,300,300,16000,15500,16600,4900,10400,1800,7700,10300,25800,10800,4200,9900,600
270.0,6.44,274600,1773586.0,6.44,6.43,6.42,6.41,6.4,6.39,6.37,6.36,6.35,6.34,6.45,6.46,6.47,6.48,6.49,6.5,6.51,6.52,6.53,6.54,700,9700,24900,13500,15700,300,300,16000,15500,16600,4500,10400,1800,7700,10300,25800,10800,4200,9900,600
271.0,6.44,274600,1773586.0,6.44,6.43,6.42,6.41,6.4,6.39,6.37,6.36,6.35,6.34,6.45,6.46,6.47,6.48,6.49,6.5,6.51,6.52,6.53,6.54,700,9700,24900,13500,15700,300,300,16000,15500,16600,4500,10400,1800,7700,10300,25800,10800,4200,9900,600
272.0,6.44,274600,1773586.0,6.44,6.43,6.42,6.41,6.4,6.39,6.37,6.36,6.35,6.34,6.45,6.46,6.47,6.48,6.49,6.5,6.51,6.52,6.53,6.54,700,12000,24900,13500,15700,300,300,16000,15500,16600,4500,10400,1800,7700,10300,25800,10800,4200,9900,100
273.0,6.45,275900,1781971.0,6.44,6.43,6.42,6.41,6.4,6.39,6.37,6.36,6.35,6.34,6.45,6.46,6.47,6.48,6.49,6.5,6.51,6.52,6.53,6.54,700,12000,24900,13500,15700,300,300,16000,15500,16600,3200,10400,1800,7700,10300,25800,10800,4200,9900,100
274.0,6.45,275900,1781971.0,6.44,6.43,6.42,6.41,6.4,6.39,6.37,6.36,6.35,6.34,6.45,6.46,6.47,6.48,6.49,6.5,6.51,6.52,6.53,6.54,700,12000,24900,13500,15700,300,300,16000,15500,16600,3200,10400,1800,7700,10300,25800,10800,4200,9900,100
275.0,6.44,276600,1786479.0,6.43,6.42,6.41,6.4,6.39,6.37,6.36,6.35,6.34,6.33,6.45,6.46,6.47,6.48,6.49,6.5,6.51,6.52,6.53,6.54,12000,24900,13500,15700,300,300,16000,15500,16600,47500,3200,10400,1800,7700,10300,25800,10800,4200,9900,100
276.0,6.45,276900,1788414.0,6.43,6.42,6.41,6.4,6.39,6.37,6.36,6.35,6.34,6.33,6.46,6.47,6.48,6.49,6.5,6.51,6.52,6.53,6.54,6.55,12000,24900,13500,15700,300,300,16000,15500,16600,47500,10400,1800,7700,10300,25800,10800,4200,9900,100,89300
277.0,6.45,276900,1788414.0,6.43,6.42,6.41,6.4,6.39,6.37,6.36,6.35,6.34,6.33,6.46,6.47,6.48,6.49,6.5,6.51,6.52,6.53,6.54,6.55,12700,24900,13500,15700,300,300,16000,15500,16600,47500,11100,1800,7700,10300,25800,10800,4200,9900,100,89300
278.0,6.44,277100,1789702.0,6.43,6.42,6.41,6.4,6.39,6.37,6.36,6.35,6.34,6.33,6.44,6.46,6.47,6.48,6.49,6.5,6.51,6.52,6.53,6.54,13000,24900,13500,15700,300,300,16000,15500,16600,47500,7800,11400,1800,7700,10300,25800,10800,4200,9900,100
279.0,6.44,278900,1801294.0,6.43,6.42,6.41,6.4,6.39,6.37,6.36,6.35,6.34,6.33,6.44,6.46,6.47,6.48,6.49,6.5,6.51,6.52,6.53,6.54,13000,24900,13500,15700,300,300,16000,15500,16600,47500,6000,11400,1800,7700,10300,25800,10800,4200,9900,100
280.0,6.44,278900,1801294.0,6.43,6.42,6.41,6.4,6.39,6.37,6.36,6.35,6.34,6.33,6.44,6.46,6.47,6.48,6.49,6.5,6.51,6.52,6.53,6.54,13000,24900,13500,15700,300,300,16000,15500,16600,47500,6000,11400,1800,7700,10300,25800,10800,4200,9900,100
281.0,6.44,279100,1802582.0,6.43,6.42,6.41,6.4,6.39,6.37,6.36,6.35,6.34,6.33,6.44,6.46,6.47,6.48,6.49,6.5,6.51,6.52,6.53,6.54,13000,24900,13500,15700,300,300,16000,15500,16600,47500,7000,11400,1800,7700,10300,25800,10800,4200,9900,100
282.0,6.44,279100,1802582.0,6.43,6.42,6.41,6.4,6.39,6.37,6.36,6.35,6.34,6.33,6.44,6.46,6.47,6.48,6.49,6.5,6.51,6.52,6.53,6.54,13000,24900,13500,15700,300,300,16000,15500,16600,47500,7000,11400,1800,7700,10300,25800,10800,4200,9900,100
283.0,6.44,279800,1807090.0,6.43,6.42,6.41,6.4,6.39,6.37,6.36,6.35,6.34,6.33,6.44,6.46,6.47,6.48,6.49,6.5,6.51,6.52,6.53,6.54,13000,24900,13500,15700,300,300,16000,15500,16600,47500,6300,11400,1800,7700,10300,25800,10800,4200,9900,100
284.0,6.44,279800,1807090.0,6.43,6.42,6.41,6.4,6.39,6.37,6.36,6.35,6.34,6.33,6.44,6.46,6.47,6.48,6.49,6.5,6.51,6.52,6.53,6.54,13000,24900,13500,15700,300,300,16000,15500,16600,47500,6300,11400,1800,7700,10300,25800,10800,4200,9900,100
285.0,6.44,281000,1814818.0,6.43,6.42,6.41,6.4,6.39,6.37,6.36,6.35,6.34,6.33,6.44,6.46,6.47,6.48,6.49,6.5,6.51,6.52,6.53,6.54,13000,24900,13500,15700,300,300,16000,15500,16600,47500,5100,11400,1800,7700,10300,25800,10800,4200,9900,100
286.0,6.44,281500,1818038.0,6.43,6.42,6.41,6.4,6.39,6.37,6.36,6.35,6.34,6.33,6.44,6.46,6.47,6.48,6.49,6.5,6.51,6.52,6.53,6.54,23000,24900,13500,15700,300,300,16000,15500,16600,47500,4600,11400,1800,7700,10300,25800,10800,4200,9900,100
287.0,6.44,281900,1820614.0,6.43,6.42,6.41,6.4,6.39,6.37,6.36,6.35,6.34,6.33,6.44,6.46,6.47,6.48,6.49,6.5,6.51,6.52,6.53,6.54,23000,24900,13500,15700,300,300,16000,15500,16600,47500,4200,11400,1800,7700,10300,25800,10800,4200,9900,100
288.0,6.44,282000,1821258.0,6.43,6.42,6.41,6.4,6.39,6.37,6.36,6.35,6.34,6.33,6.44,6.46,6.47,6.48,6.49,6.5,6.51,6.52,6.53,6.54,23000,24900,13500,15700,300,300,16000,15500,16600,47500,5200,11400,1800,7700,10300,25800,10800,4200,9900,100
289.0,6.44,282000,1821258.0,6.43,6.42,6.41,6.4,6.39,6.37,6.36,6.35,6.34,6.33,6.44,6.46,6.47,6.48,6.49,6.5,6.51,6.52,6.53,6.54,23000,24900,13500,15700,300,300,16000,15500,16600,47500,5200,11400,1800,7700,10300,25800,10800,4200,9900,100
290.0,6.44,282700,1825766.0,6.43,6.42,6.41,6.4,6.39,6.37,6.36,6.35,6.34,6.33,6.44,6.46,6.47,6.48,6.49,6.5,6.51,6.52,6.53,6.54,20600,24900,13500,15700,300,300,16000,15500,16600,47500,4500,11400,1800,7700,10300,25800,10800,4200,9900,100
291.0,6.44,282700,1825766.0,6.43,6.42,6.41,6.4,6.39,6.37,6.36,6.35,6.34,6.33,6.44,6.46,6.47,6.48,6.49,6.5,6.51,6.52,6.53,6.54,20600,24900,13500,15700,300,300,16000,15500,16600,47500,4500,11400,1800,7700,10300,25800,10800,4200,9900,100
292.0,6.44,282700,1825766.0,6.43,6.42,6.41,6.4,6.39,6.37,6.36,6.35,6.34,6.33,6.44,6.46,6.47,6.48,6.49,6.5,6.51,6.52,6.53,6.54,20600,24900,13500,15700,300,300,16000,15500,16600,47500,4500,11400,1800,7700,10300,25800,10800,4200,9900,100
293.0,6.44,283100,1828342.0,6.43,6.42,6.41,6.4,6.39,6.37,6.36,6.35,6.34,6.33,6.44,6.46,6.47,6.48,6.49,6.5,6.51,6.52,6.53,6.54,20600,24900,13500,15700,300,300,16000,15500,16600,47500,4100,11400,1800,7700,10300,25800,10800,4200,9900,100
294.0,6.44,283500,1830918.0,6.43,6.42,6.41,6.4,6.39,6.37,6.36,6.35,6.34,6.33,6.44,6.46,6.47,6.48,6.49,6.5,6.51,6.52,6.53,6.54,20600,24900,13500,15700,300,300,16000,15500,16600,47500,3700,11400,1800,7700,10300,25800,10800,4200,9900,100
295.0,6.44,283500,1830918.0,6.43,6.42,6.41,6.4,6.39,6.37,6.36,6.35,6.34,6.33,6.44,6.46,6.47,6.48,6.49,6.5,6.51,6.52,6.53,6.54,20600,24900,13500,15700,300,300,16000,15500,16600,47500,3700,11400,1800,7700,10300,25800,10800,4200,9900,100
296.0,6.44,283500,1830918.0,6.43,6.42,6.41,6.4,6.39,6.37,6.36,6.35,6.34,6.33,6.44,6.46,6.47,6.48,6.49,6.5,6.51,6.52,6.53,6.54,20600,24900,13500,15700,300,300,16000,15500,16600,47500,3700,11400,1800,7700,10300,25800,10800,4200,9900,100
297.0,6.44,289200,1867595.0,6.43,6.42,6.41,6.4,6.39,6.37,6.36,6.35,6.34,6.33,6.44,6.46,6.47,6.48,6.49,6.5,6.51,6.52,6.53,6.54,17500,24900,13500,15700,300,300,16000,15500,16600,47500,1100,11400,1800,7700,10300,25800,10800,4200,9900,100
298.0,6.44,289200,1867595.0,6.43,6.42,6.41,6.4,6.39,6.37,6.36,6.35,6.34,6.33,6.44,6.46,6.47,6.48,6.49,6.5,6.51,6.52,6.53,6.54,17500,24900,13500,15700,300,300,16000,15500,16600,47500,1100,11400,1800,7700,10300,25800,10800,4200,9900,100
299.0,6.44,289200,1867595.0,6.43,6.42,6.41,6.4,6.39,6.37,6.36,6.35,6.34,6.33,6.44,6.46,6.47,6.48,6.49,6.5,6.51,6.52,6.53,6.54,17700,24900,13500,15700,300,300,16000,15500,16600,47500,1100,11400,1800,7700,10300,25800,10800,4200,9900,100
300.0,6.44,289300,1868239.0,6.43,6.42,6.41,6.4,6.39,6.37,6.36,6.35,6.34,6.33,6.44,6.46,6.47,6.48,6.49,6.5,6.51,6.52,6.53,6.54,17700,24900,13500,15700,300,300,16000,15500,16600,47500,9000,11400,1800,7700,10300,25800,10800,4200,9900,100
301.0,6.44,289300,1868239.0,6.43,6.42,6.41,6.4,6.39,6.37,6.36,6.35,6.34,6.33,6.44,6.46,6.47,6.48,6.49,6.5,6.51,6.52,6.53,6.54,17700,24900,13500,15700,300,300,16000,15500,16600,47500,10100,11400,1800,7700,10300,25800,10800,4200,9900,100
302.0,6.44,290300,1874679.0,6.43,6.42,6.41,6.4,6.39,6.37,6.36,6.35,6.34,6.33,6.44,6.46,6.47,6.48,6.49,6.5,6.51,6.52,6.53,6.54,17700,25300,13500,15700,300,300,16000,15500,16600,47500,9100,11400,1800,7700,10300,25800,10800,4200,9900,100
303.0,6.44,291200,1880475.0,6.43,6.42,6.41,6.4,6.39,6.37,6.36,6.35,6.34,6.33,6.44,6.46,6.47,6.48,6.49,6.5,6.51,6.52,6.53,6.54,17700,25300,13500,15700,300,300,16000,15500,16600,47500,8200,11400,1800,7700,10300,25800,10800,4200,9900,100
304.0,6.43,291700,1883690.0,6.43,6.42,6.41,6.4,6.39,6.37,6.36,6.35,6.34,6.33,6.44,6.46,6.47,6.48,6.49,6.5,6.51,6.52,6.53,6.54,27200,25300,13500,15700,300,300,16000,15500,16600,47500,8200,11400,1800,7700,10300,25800,10800,4200,9900,100
305.0,6.43,291700,1883690.0,6.43,6.42,6.41,6.4,6.39,6.37,6.36,6.35,6.34,6.33,6.44,6.46,6.47,6.48,6.49,6.5,6.51,6.52,6.53,6.54,27200,25700,13500,15700,300,300,16000,19000,16600,47500,8200,11400,1800,7700,10300,25800,14300,4200,9900,100
306.0,6.44,292500,1888842.0,6.43,6.42,6.41,6.4,6.39,6.37,6.36,6.35,6.34,6.33,6.44,6.46,6.47,6.48,6.49,6.5,6.51,6.52,6.53,6.54,27200,25700,13500,15700,300,300,16000,19000,16600,47500,7400,11400,1800,7700,10300,25800,14300,4200,9900,100
307.0,6.44,292500,1888842.0,6.43,6.42,6.41,6.4,6.39,6.37,6.36,6.35,6.34,6.33,6.44,6.46,6.47,6.48,6.49,6.5,6.51,6.52,6.53,6.54,27200,25700,13500,15700,300,300,16000,19000,16600,47500,7400,11400,1800,7700,10300,25800,14300,4200,9900,100
308.0,6.44,292500,1888842.0,6.43,6.42,6.41,6.4,6.39,6.37,6.36,6.35,6.34,6.33,6.44,6.46,6.47,6.48,6.49,6.5,6.51,6.52,6.53,6.54,27200,25700,13500,15700,300,300,16000,19000,16600,47500,8500,11400,1800,7700,10300,25800,14300,4200,9900,100
309.0,6.44,295000,1904942.0,6.43,6.42,6.41,6.4,6.39,6.37,6.36,6.35,6.34,6.33,6.44,6.46,6.47,6.48,6.49,6.5,6.51,6.52,6.53,6.54,27200,25700,13500,15700,300,300,16000,19000,16600,47500,6000,11400,1800,7700,10300,25800,14300,4200,9900,100
310.0,6.44,295700,1909450.0,6.43,6.42,6.41,6.4,6.39,6.37,6.36,6.35,6.34,6.33,6.44,6.46,6.47,6.48,6.49,6.5,6.51,6.52,6.53,6.54,27200,25700,13500,15700,300,300,16000,19000,16600,47500,5300,11400,1800,7700,10300,25800,14300,4200,9900,100
311.0,6.44,297700,1922330.0,6.43,6.42,6.41,6.4,6.39,6.37,6.36,6.35,6.34,6.33,6.44,6.46,6.47,6.48,6.49,6.5,6.51,6.52,6.53,6.54,29600,25700,13500,15700,300,300,16000,19000,16600,47500,3300,11400,1800,7700,10300,25800,14300,4200,9900,100
312.0,6.43,298700,1928760.0,6.43,6.42,6.41,6.4,6.39,6.37,6.36,6.35,6.34,6.33,6.44,6.46,6.47,6.48,6.49,6.5,6.51,6.52,6.53,6.54,28600,25700,13500,15700,300,300,16000,19000,16600,47500,3300,11400,1800,7700,10300,25800,14300,4200,9900,100
313.0,6.44,299000,1930692.0,6.43,6.42,6.41,6.4,6.39,6.37,6.36,6.35,6.34,6.33,6.44,6.46,6.47,6.48,6.49,6.5,6.51,6.52,6.53,6.54,28600,25700,13500,15700,300,300,16000,19000,16600,47500,3000,11400,1800,7700,10300,25800,14300,4200,9900,100
314.0,6.44,300300,1939064.0,6.43,6.42,6.41,6.4,6.39,6.37,6.36,6.35,6.34,6.33,6.44,6.46,6.47,6.48,6.49,6.5,6.51,6.52,6.53,6.54,28600,26100,13500,15700,300,300,16000,19000,16600,47500,1700,11400,1800,7700,10300,25800,14300,4200,9900,100
315.0,6.44,300300,1939064.0,6.43,6.42,6.41,6.4,6.39,6.37,6.36,6.35,6.34,6.33,6.44,6.46,6.47,6.48,6.49,6.5,6.51,6.52,6.53,6.54,30100,26100,13500,15700,300,300,16000,19000,16600,47500,1700,11400,1800,7700,10300,25800,14300,4200,9900,100
316.0,6.44,300500,1940352.0,6.43,6.42,6.41,6.4,6.39,6.37,6.36,6.35,6.34,6.33,6.44,6.46,6.47,6.48,6.49,6.5,6.51,6.52,6.53,6.54,30100,26100,13500,15700,300,300,16000,19000,16600,47500,1500,11400,1800,7700,10300,25800,14300,4200,9900,100
317.0,6.44,300500,1940352.0,6.43,6.42,6.41,6.4,6.39,6.37,6.36,6.35,6.34,6.33,6.44,6.46,6.47,6.48,6.49,6.5,6.51,6.52,6.53,6.54,30600,26500,13500,15700,300,300,16000,19000,16600,47500,1500,11400,1800,7700,10300,25800,14300,4200,9900,100
318.0,6.44,300500,1940352.0,6.43,6.42,6.41,6.4,6.39,6.37,6.36,6.35,6.34,6.33,6.44,6.46,6.47,6.48,6.49,6.5,6.51,6.52,6.53,6.54,30600,26500,13500,15700,300,300,16000,19000,16600,47500,1500,11400,1800,7700,10300,25800,14300,4200,9900,100
319.0,6.44,300500,1940352.0,6.43,6.42,6.41,6.4,6.39,6.37,6.36,6.35,6.34,6.33,6.44,6.46,6.47,6.48,6.49,6.5,6.51,6.52,6.53,6.54,30700,26500,13500,15700,300,300,16000,19000,16600,47500,1500,11400,1800,7700,10300,25800,14300,4200,9900,100
320.0,6.44,301200,1944860.0,6.43,6.42,6.41,6.4,6.39,6.37,6.36,6.35,6.34,6.33,6.44,6.46,6.47,6.48,6.49,6.5,6.51,6.52,6.53,6.54,32600,26500,13500,15700,300,300,16000,19000,16600,47500,800,11400,1800,7700,10300,25800,14300,4200,9900,100
321.0,6.44,301300,1945504.0,6.43,6.42,6.41,6.4,6.39,6.37,6.36,6.35,6.34,6.33,6.44,6.46,6.47,6.48,6.49,6.5,6.51,6.52,6.53,6.54,32600,26500,13500,15700,300,300,16000,19000,16600,47500,3000,11400,1800,7700,10300,25800,14300,4200,9900,100
322.0,6.44,301300,1945504.0,6.43,6.42,6.41,6.4,6.39,6.37,6.36,6.35,6.34,6.33,6.44,6.46,6.47,6.48,6.49,6.5,6.51,6.52,6.53,6.54,32600,26500,13500,15700,300,300,16000,19000,16600,47500,11000,11400,1800,7700,10300,25800,14300,4200,9900,100
323.0,6.44,302400,1952588.0,6.43,6.42,6.41,6.4,6.39,6.37,6.36,6.35,6.34,6.33,6.44,6.46,6.47,6.48,6.49,6.5,6.51,6.52,6.53,6.54,32600,26500,13500,15700,300,300,16000,19000,16600,47500,9900,11400,1800,7700,10300,25800,14300,4200,9900,100
324.0,6.44,308300,1990584.0,6.43,6.42,6.41,6.4,6.39,6.37,6.36,6.35,6.34,6.33,6.44,6.46,6.47,6.48,6.49,6.5,6.51,6.52,6.53,6.54,32600,26500,13500,15700,300,300,16000,19000,16600,47500,4000,11400,1800,7700,10300,25800,14300,4200,9900,100
325.0,6.44,308300,1990584.0,6.43,6.42,6.41,6.4,6.39,6.37,6.36,6.35,6.34,6.33,6.44,6.46,6.47,6.48,6.49,6.5,6.51,6.52,6.53,6.54,32600,26500,13500,15700,300,300,16000,19000,16600,47500,4000,11400,1800,7700,10300,25800,14300,4200,9900,100
326.0,6.44,308300,1990584.0,6.43,6.42,6.41,6.4,6.39,6.37,6.36,6.35,6.34,6.33,6.44,6.46,6.47,6.48,6.49,6.5,6.51,6.52,6.53,6.54,32600,26500,13500,15700,300,300,16000,19000,16600,47500,4000,11400,1800,7700,10300,25800,14300,4200,9900,100
327.0,6.44,308700,1993160.0,6.43,6.42,6.41,6.4,6.39,6.37,6.36,6.35,6.34,6.33,6.44,6.46,6.47,6.48,6.49,6.5,6.51,6.52,6.53,6.54,32600,26500,13500,15700,300,300,16000,19000,16600,47500,3600,11400,1800,7700,10300,25800,14300,4200,9900,100
328.0,6.44,308700,1993160.0,6.43,6.42,6.41,6.4,6.39,6.37,6.36,6.35,6.34,6.33,6.44,6.46,6.47,6.48,6.49,6.5,6.51,6.52,6.53,6.54,32600,26500,13500,15700,300,300,16000,19000,16600,47500,4700,11400,1800,7700,10300,25800,14300,4200,9900,100
329.0,6.44,308700,1993160.0,6.43,6.42,6.41,6.4,6.39,6.37,6.36,6.35,6.34,6.33,6.44,6.46,6.47,6.48,6.49,6.5,6.51,6.52,6.53,6.54,32600,26500,13500,15700,300,300,16000,19000,16600,47500,4700,11400,1800,7700,10300,25800,14300,4200,9900,100
330.0,6.44,308700,1993160.0,6.43,6.42,6.41,6.4,6.39,6.37,6.36,6.35,6.34,6.33,6.44,6.46,6.47,6.48,6.49,6.5,6.51,6.52,6.53,6.54,32600,26500,13500,15700,300,300,16000,19000,16600,47500,4700,11400,1800,7700,10300,25800,14300,4200,9900,100
331.0,6.44,309600,1998956.0,6.43,6.42,6.41,6.4,6.39,6.37,6.36,6.35,6.34,6.33,6.44,6.46,6.47,6.48,6.49,6.5,6.51,6.52,6.53,6.54,32600,26500,13500,15700,300,300,16000,19000,16600,47500,3800,11400,1800,7700,10300,25800,14300,4200,9900,100
332.0,6.44,310300,2003464.0,6.43,6.42,6.41,6.4,6.39,6.37,6.36,6.35,6.34,6.33,6.44,6.46,6.47,6.48,6.49,6.5,6.51,6.52,6.53,6.54,32600,26500,13500,15700,300,300,16000,19000,16600,47500,3100,11400,1800,7700,10300,25800,14300,4200,9900,100
333.0,6.44,310300,2003464.0,6.43,6.42,6.41,6.4,6.39,6.37,6.36,6.35,6.34,6.33,6.44,6.46,6.47,6.48,6.49,6.5,6.51,6.52,6.53,6.54,32600,26500,13500,15700,300,300,16000,19000,16600,47500,3100,11400,1800,7700,10300,25800,14300,4200,9900,100
334.0,6.44,310600,2005396.0,6.43,6.42,6.41,6.4,6.39,6.37,6.36,6.35,6.34,6.33,6.44,6.46,6.47,6.48,6.49,6.5,6.51,6.52,6.53,6.54,32600,26500,13500,15700,300,300,16000,19000,16600,47500,2800,11400,1800,7700,10300,25800,14300,4200,9900,100
335.0,6.44,310600,2005396.0,6.43,6.42,6.41,6.4,6.39,6.37,6.36,6.35,6.34,6.33,6.44,6.46,6.47,6.48,6.49,6.5,6.51,6.52,6.53,6.54,32600,26500,13500,15700,300,300,16000,19000,16600,47500,2800,11400,1800,7700,10300,25800,14300,4200,9900,100
336.0,6.44,310600,2005396.0,6.43,6.42,6.41,6.4,6.39,6.37,6.36,6.35,6.34,6.33,6.44,6.46,6.47,6.48,6.49,6.5,6.51,6.52,6.53,6.54,32600,26500,13500,15700,300,300,16000,19000,16600,47500,2800,11400,1800,7700,10300,25800,14300,4200,9900,100
337.0,6.44,310600,2005396.0,6.43,6.42,6.41,6.4,6.39,6.37,6.36,6.35,6.34,6.33,6.44,6.46,6.47,6.48,6.49,6.5,6.51,6.52,6.53,6.54,32600,26500,13500,15700,300,300,16000,19000,16600,47500,2800,11400,1800,7700,10300,25800,14300,4200,9900,100
338.0,6.44,310800,2006684.0,6.43,6.42,6.41,6.4,6.39,6.37,6.36,6.35,6.34,6.33,6.44,6.46,6.47,6.48,6.49,6.5,6.51,6.52,6.53,6.54,30400,26500,13500,15700,300,300,16000,19000,16600,47500,2600,11400,1800,17700,10300,25800,14300,4200,9900,100
339.0,6.44,311000,2007972.0,6.43,6.42,6.41,6.4,6.39,6.37,6.36,6.35,6.34,6.33,6.44,6.46,6.47,6.48,6.49,6.5,6.51,6.52,6.53,6.54,30400,26500,13500,15700,300,300,16000,19000,16600,47500,5600,11400,1800,17700,10300,25800,14300,4200,9900,100
340.0,6.44,311000,2007972.0,6.43,6.42,6.41,6.4,6.39,6.37,6.36,6.35,6.34,6.33,6.44,6.46,6.47,6.48,6.49,6.5,6.51,6.52,6.53,6.54,30400,26500,13500,15700,300,300,16000,19000,16600,47500,5600,11400,1800,17700,10300,25800,14300,4200,9900,100
341.0,6.43,318100,2053628.0,6.43,6.42,6.41,6.4,6.39,6.37,6.36,6.35,6.34,6.33,6.44,6.46,6.47,6.48,6.49,6.5,6.51,6.52,6.53,6.54,23600,26500,13500,15700,300,300,16000,19000,16600,47500,6400,11400,1800,17700,10300,25800,14300,4200,9900,100
342.0,6.43,319000,2059421.0,6.43,6.42,6.41,6.4,6.39,6.37,6.36,6.35,6.34,6.33,6.44,6.46,6.47,6.48,6.49,6.5,6.51,6.52,6.53,6.54,23300,26500,13500,15700,300,300,16000,19000,16600,47500,5800,11400,1800,17700,10300,25800,14300,4200,9900,100
343.0,6.43,319000,2059421.0,6.43,6.42,6.41,6.4,6.39,6.37,6.36,6.35,6.34,6.33,6.44,6.46,6.47,6.48,6.49,6.5,6.51,6.52,6.53,6.54,23300,26500,13500,15700,300,300,16000,19000,16600,47500,5800,11400,1800,17700,10300,25800,14300,4200,9900,100
344.0,6.44,333900,2155366.0,6.44,6.43,6.42,6.41,6.4,6.39,6.37,6.36,6.35,6.34,6.46,6.47,6.48,6.49,6.5,6.51,6.52,6.53,6.54,6.55,4800,22200,26500,13500,15700,300,300,16000,19000,16600,11400,1800,17700,10300,25800,14300,4200,9900,100,89300
345.0,6.44,333900,2155366.0,6.44,6.43,6.42,6.41,6.4,6.39,6.37,6.36,6.35,6.34,6.46,6.47,6.48,6.49,6.5,6.51,6.52,6.53,6.54,6.55,4800,22200,26500,13500,15700,300,300,16000,19000,16600,11400,1800,17700,10300,25800,14300,4200,9900,100,89300
346.0,6.44,333900,2155366.0,6.44,6.43,6.42,6.41,6.4,6.39,6.37,6.36,6.35,6.34,6.46,6.47,6.48,6.49,6.5,6.51,6.52,6.53,6.54,6.55,5800,22200,26500,13500,15700,300,300,16000,19000,16600,12400,1800,17700,10300,25800,14300,4200,9900,100,89300
347.0,6.44,333900,2155366.0,6.44,6.43,6.42,6.41,6.4,6.39,6.37,6.36,6.35,6.34,6.46,6.47,6.48,6.49,6.5,6.51,6.52,6.53,6.54,6.55,5800,22200,26500,13500,15700,300,300,16000,19000,16600,12400,1800,17700,10300,25800,14300,4200,9900,100,89300
348.0,6.46,335100,2163118.0,6.44,6.43,6.42,6.41,6.4,6.39,6.37,6.36,6.35,6.34,6.46,6.47,6.48,6.49,6.5,6.51,6.52,6.53,6.54,6.55,6400,22200,26500,13500,15700,300,300,16000,19000,16600,11800,1800,17700,10300,25800,14300,4200,9900,100,89300
349.0,6.46,335100,2163118.0,6.44,6.43,6.42,6.41,6.4,6.39,6.37,6.36,6.35,6.34,6.46,6.47,6.48,6.49,6.5,6.51,6.52,6.53,6.54,6.55,6700,22200,26500,13500,15700,300,300,16000,19000,16600,12100,1800,17700,10300,25800,14300,4200,9900,100,89300
350.0,6.46,335100,2163118.0,6.44,6.43,6.42,6.41,6.4,6.39,6.37,6.36,6.35,6.34,6.46,6.47,6.48,6.49,6.5,6.51,6.52,6.53,6.54,6.55,6700,22200,26500,13500,15700,300,300,16000,19000,16600,12100,1800,17700,10300,25800,14300,4200,9900,100,89300
351.0,6.46,335100,2163118.0,6.44,6.43,6.42,6.41,6.4,6.39,6.37,6.36,6.35,6.34,6.46,6.47,6.48,6.49,6.5,6.51,6.52,6.53,6.54,6.55,7700,22200,26500,13500,15700,300,300,16000,19000,16600,13100,1800,17700,10300,25800,14300,4200,9900,100,89300
352.0,6.46,336400,2171516.0,6.44,6.43,6.42,6.41,6.4,6.39,6.37,6.36,6.35,6.34,6.46,6.47,6.48,6.49,6.5,6.51,6.52,6.53,6.54,6.55,7700,22200,26500,13500,15700,300,300,16000,19000,16600,11800,1800,17700,10300,25800,14300,4200,9900,100,89300
353.0,6.46,336600,2172808.0,6.44,6.43,6.42,6.41,6.4,6.39,6.37,6.36,6.35,6.34,6.46,6.47,6.48,6.49,6.5,6.51,6.52,6.53,6.54,6.55,8700,22200,26500,13500,15700,300,300,16000,19000,16600,12600,1800,17700,10300,25800,14300,4200,9900,100,89300
354.0,6.44,337200,2176672.0,6.44,6.43,6.42,6.41,6.4,6.39,6.37,6.36,6.35,6.34,6.46,6.47,6.48,6.49,6.5,6.51,6.52,6.53,6.54,6.55,8100,24400,26500,13500,15700,300,300,16000,19000,16600,12600,1800,17700,10300,25800,14300,4200,9900,100,89300
355.0,6.46,338400,2184424.0,6.44,6.43,6.42,6.41,6.4,6.39,6.37,6.36,6.35,6.34,6.46,6.47,6.48,6.49,6.5,6.51,6.52,6.53,6.54,6.55,8100,24400,26500,13500,15700,300,300,16000,19000,16600,11400,1800,17700,10300,25800,14300,4200,9900,100,89300
356.0,6.44,341200,2202500.0,6.44,6.43,6.42,6.41,6.4,6.39,6.37,6.36,6.35,6.34,6.46,6.47,6.48,6.49,6.5,6.51,6.52,6.53,6.54,6.55,8500,24400,26400,13500,15700,300,300,16000,19000,16600,10200,1800,17700,10300,25800,14300,4200,9900,100,89300
357.0,6.44,341200,2202500.0,6.44,6.43,6.42,6.41,6.4,6.39,6.37,6.36,6.35,6.34,6.46,6.47,6.48,6.49,6.5,6.51,6.52,6.53,6.54,6.55,8500,24400,26400,13500,15700,300,300,16000,19000,16600,10200,1800,17700,10300,25800,14300,4200,9900,100,89300
358.0,6.44,341200,2202500.0,6.44,6.43,6.42,6.41,6.4,6.39,6.37,6.36,6.35,6.34,6.46,6.47,6.48,6.49,6.5,6.51,6.52,6.53,6.54,6.55,9200,24400,26400,13500,15700,300,300,16000,19000,16600,11200,1800,17700,10300,25800,14300,4200,9900,100,89300
359.0,6.46,342300,2209606.0,6.44,6.43,6.42,6.41,6.4,6.39,6.37,6.36,6.35,6.34,6.46,6.47,6.48,6.49,6.5,6.51,6.52,6.53,6.54,6.55,9500,25700,26800,13500,15700,300,300,16000,19000,16600,10100,1800,17700,10300,25800,14300,4200,9900,100,89300
360.0,6.46,342300,2209606.0,6.44,6.43,6.42,6.41,6.4,6.39,6.37,6.36,6.35,6.34,6.46,6.47,6.48,6.49,6.5,6.51,6.52,6.53,6.54,6.55,9500,25700,26800,13500,15700,300,300,16000,19000,16600,10100,1800,17700,10300,25800,14300,4200,9900,100,89300
361.0,6.44,343400,2216710.0,6.44,6.43,6.42,6.41,6.4,6.39,6.37,6.36,6.35,6.34,6.46,6.47,6.48,6.49,6.5,6.51,6.52,6.53,6.54,6.55,10500,25700,26800,13500,15700,300,300,16000,19000,16600,10100,1800,17700,10300,25800,14300,4200,9900,100,89300
362.0,6.46,344400,2223170.0,6.44,6.43,6.42,6.41,6.4,6.39,6.37,6.36,6.35,6.34,6.46,6.47,6.48,6.49,6.5,6.51,6.52,6.53,6.54,6.55,10500,25700,26800,13500,15700,300,300,16000,19000,16600,9100,1800,17700,10300,25800,14300,4200,9900,100,89300
363.0,6.46,344400,2223170.0,6.45,6.44,6.43,6.42,6.41,6.4,6.39,6.37,6.36,6.35,6.46,6.47,6.48,6.49,6.5,6.51,6.52,6.53,6.54,6.55,100,12000,26000,26400,13500,15700,300,300,16000,19000,9800,1800,17700,10300,25800,14300,4200,9900,100,89300
364.0,6.46,344400,2223170.0,6.45,6.44,6.43,6.42,6.41,6.4,6.39,6.37,6.36,6.35,6.46,6.47,6.48,6.49,6.5,6.51,6.52,6.53,6.54,6.55,100,12200,26000,26400,13500,15700,300,300,16000,19000,9800,1800,17700,10300,25800,14300,4200,9900,100,89300
365.0,6.46,344400,2223170.0,6.45,6.44,6.43,6.42,6.41,6.4,6.39,6.37,6.36,6.35,6.46,6.47,6.48,6.49,6.5,6.51,6.52,6.53,6.54,6.55,800,12300,26000,26400,13500,15700,300,300,16000,19000,9800,1800,17700,10300,25800,14300,4200,9900,100,89300
366.0,6.44,353300,2280512.0,6.44,6.43,6.42,6.41,6.4,6.39,6.37,6.36,6.35,6.34,6.46,6.47,6.48,6.49,6.5,6.51,6.52,6.53,6.54,6.55,5400,26000,26400,13500,15700,300,300,16000,19000,16600,8900,1800,17700,10300,25800,14300,4200,9900,100,89300
367.0,6.46,355000,2291494.0,6.44,6.43,6.42,6.41,6.4,6.39,6.37,6.36,6.35,6.34,6.46,6.47,6.48,6.49,6.5,6.51,6.52,6.53,6.54,6.55,5700,26000,26400,13500,15700,300,300,16000,19000,16600,7500,1800,17700,10300,25800,14300,4200,9900,100,89300
368.0,6.46,355700,2296016.0,6.44,6.43,6.42,6.41,6.4,6.39,6.37,6.36,6.35,6.34,6.46,6.47,6.48,6.49,6.5,6.51,6.52,6.53,6.54,6.55,5800,26000,26400,13500,15700,300,300,16000,19000,16600,6800,1800,17700,10300,25800,14300,4200,9900,100,89300
369.0,6.46,356300,2299892.0,6.45,6.44,6.43,6.42,6.41,6.4,6.39,6.37,6.36,6.35,6.46,6.47,6.48,6.49,6.5,6.51,6.52,6.53,6.54,6.55,1100,25400,26000,26400,13500,15700,300,300,16000,19000,6500,1800,17700,10300,25800,14300,4200,9900,100,89300
370.0,6.44,358800,2316003.0,6.44,6.43,6.42,6.41,6.4,6.39,6.37,6.36,6.35,6.34,6.46,6.47,6.48,6.49,6.5,6.51,6.52,6.53,6.54,6.55,24000,28000,26400,13500,16700,300,300,16000,19000,16600,6500,1800,17700,10300,25800,14300,4200,9900,100,89300
371.0,6.44,360200,2325019.0,6.44,6.43,6.42,6.41,6.4,6.39,6.37,6.36,6.35,6.34,6.46,6.47,6.48,6.49,6.5,6.51,6.52,6.53,6.54,6.55,43900,28000,26000,13500,16700,300,300,16000,19000,16600,6500,1800,17700,10300,25800,14300,4200,9900,100,89300
372.0,6.46,360800,2328895.0,6.44,6.43,6.42,6.41,6.4,6.39,6.37,6.36,6.35,6.34,6.46,6.47,6.48,6.49,6.5,6.51,6.52,6.53,6.54,6.55,46000,25800,26600,13500,16700,300,300,16000,19000,16600,6200,1800,17700,10300,25800,14300,4200,9900,100,89300
373.0,6.46,360800,2328895.0,6.44,6.43,6.42,6.41,6.4,6.39,6.37,6.36,6.35,6.34,6.46,6.47,6.48,6.49,6.5,6.51,6.52,6.53,6.54,6.55,46000,25800,26600,13500,16700,300,300,16000,19000,16600,6200,1800,17700,10300,25800,14300,4200,9900,100,89300
374.0,6.44,365500,2359163.0,6.44,6.43,6.42,6.41,6.4,6.39,6.37,6.36,6.35,6.34,6.46,6.47,6.48,6.49,6.5,6.51,6.52,6.53,6.54,6.55,49300,25800,26600,14500,16700,300,300,16000,19000,16600,6200,1800,17700,10000,25800,14300,4200,9900,100,89300
375.0,6.46,366300,2364331.0,6.44,6.43,6.42,6.41,6.4,6.39,6.37,6.36,6.35,6.34,6.46,6.47,6.48,6.49,6.5,6.51,6.52,6.53,6.54,6.55,52000,25700,26600,14500,16700,300,300,16000,19000,16600,5800,1800,17700,10000,25800,14300,4200,9900,100,89300
376.0,6.46,366800,2367561.0,6.44,6.43,6.42,6.41,6.4,6.39,6.37,6.36,6.35,6.34,6.46,6.47,6.48,6.49,6.5,6.51,6.52,6.53,6.54,6.55,52000,25700,26600,14500,16700,300,300,16000,19000,16600,5300,1800,17700,10000,25800,14300,4200,9900,100,89300
377.0,6.46,366800,2367561.0,6.44,6.43,6.42,6.41,6.4,6.39,6.37,6.36,6.35,6.34,6.46,6.47,6.48,6.49,6.5,6.51,6.52,6.53,6.54,6.55,52400,25700,26600,14500,16700,300,300,16000,19000,16600,5700,1800,17700,10000,25800,14300,4200,9900,100,89300
378.0,6.46,366800,2367561.0,6.44,6.43,6.42,6.41,6.4,6.39,6.37,6.36,6.35,6.34,6.46,6.47,6.48,6.49,6.5,6.51,6.52,6.53,6.54,6.55,52400,25700,26600,14500,16700,300,300,16000,19000,16600,5700,1800,17700,10000,25800,14300,4200,9900,100,89300
379.0,6.44,369400,2384327.0,6.44,6.43,6.42,6.41,6.4,6.39,6.37,6.36,6.35,6.34,6.46,6.47,6.48,6.49,6.5,6.51,6.52,6.53,6.54,6.55,50900,25700,26600,14500,16700,300,300,16000,19000,16600,4600,1800,17700,10000,25800,14300,4200,9900,100,89300
380.0,6.44,369400,2384327.0,6.44,6.43,6.42,6.41,6.4,6.39,6.37,6.36,6.35,6.34,6.46,6.47,6.48,6.49,6.5,6.51,6.52,6.53,6.54,6.55,51300,25700,26600,14500,16700,300,300,16000,19000,16600,5000,1800,17700,10000,25800,14300,4200,9900,100,89300
381.0,6.44,369400,2384327.0,6.44,6.43,6.42,6.41,6.4,6.39,6.37,6.36,6.35,6.34,6.46,6.47,6.48,6.49,6.5,6.51,6.52,6.53,6.54,6.55,51300,25700,26600,14500,16700,300,300,16000,19000,16600,5000,1800,17700,10000,25800,14300,4200,9900,100,89300
382.0,6.44,370900,2393987.0,6.44,6.43,6.42,6.41,6.4,6.39,6.37,6.36,6.35,6.34,6.46,6.47,6.48,6.49,6.5,6.51,6.52,6.53,6.54,6.55,50300,25700,26600,14500,17400,300,300,16000,19000,16600,5400,1800,17700,10000,25800,14300,4200,9900,100,89300
383.0,6.46,371400,2397217.0,6.44,6.43,6.42,6.41,6.4,6.39,6.37,6.36,6.35,6.34,6.46,6.47,6.48,6.49,6.5,6.51,6.52,6.53,6.54,6.55,50300,25700,26600,14500,17400,300,300,16000,19000,16600,4900,11800,17700,10000,25800,14300,4200,9900,100,89300
384.0,6.46,371400,2397217.0,6.44,6.43,6.42,6.41,6.4,6.39,6.37,6.36,6.35,6.34,6.46,6.47,6.48,6.49,6.5,6.51,6.52,6.53,6.54,6.55,50300,25700,26600,14500,17400,300,300,16000,19000,16600,4900,11800,17700,10000,25800,14300,4200,9900,100,89300
385.0,6.44,372900,2406877.0,6.44,6.43,6.42,6.41,6.4,6.39,6.37,6.36,6.35,6.34,6.46,6.47,6.48,6.49,6.5,6.51,6.52,6.53,6.54,6.55,51000,25700,26600,14500,17400,300,300,16000,19000,16600,5300,11800,17700,10000,25800,14300,4200,9900,100,89300
386.0,6.44,372900,2406877.0,6.44,6.43,6.42,6.41,6.4,6.39,6.37,6.36,6.35,6.34,6.46,6.47,6.48,6.49,6.5,6.51,6.52,6.53,6.54,6.55,51100,25700,26600,14500,17400,300,300,16000,19000,16600,5300,11800,17700,10000,25800,14300,4200,9900,100,89300
387.0,6.44,372900,2406877.0,6.44,6.43,6.42,6.41,6.4,6.39,6.37,6.36,6.35,6.34,6.46,6.47,6.48,6.49,6.5,6.51,6.52,6.53,6.54,6.55,51500,25700,26600,14500,17400,300,300,16000,19000,16600,5700,11800,17700,10000,25800,14300,4200,9900,100,89300
388.0,6.44,372900,2406877.0,6.44,6.43,6.42,6.41,6.4,6.39,6.37,6.36,6.35,6.34,6.46,6.47,6.48,6.49,6.5,6.51,6.52,6.53,6.54,6.55,51500,25700,26600,14500,17400,300,300,16000,19000,16600,10100,11800,17700,10000,25800,14300,4200,9900,100,89300
389.0,6.44,375500,2423621.0,6.44,6.43,6.42,6.41,6.4,6.39,6.37,6.36,6.35,6.34,6.46,6.47,6.48,6.49,6.5,6.51,6.52,6.53,6.54,6.55,49300,25700,26600,14500,17400,300,300,16000,19000,16600,10500,11800,17700,10000,25800,14300,4200,9900,100,89300
390.0,6.46,378600,2443647.0,6.44,6.43,6.42,6.41,6.4,6.39,6.37,6.36,6.35,6.34,6.46,6.47,6.48,6.49,6.5,6.51,6.52,6.53,6.54,6.55,49600,25700,26600,14500,17400,300,300,16000,19000,16600,7400,11800,17700,10000,25800,14300,4200,9900,100,89300
391.0,6.46,378600,2443647.0,6.44,6.43,6.42,6.41,6.4,6.39,6.37,6.36,6.35,6.34,6.46,6.47,6.48,6.49,6.5,6.51,6.52,6.53,6.54,6.55,50000,25700,26600,14500,17400,300,300,16000,19000,16600,7800,11800,17700,10000,25800,14300,4200,9900,100,89300
392.0,6.44,382100,2466187.0,6.44,6.43,6.42,6.41,6.4,6.39,6.37,6.36,6.35,6.34,6.45,6.46,6.47,6.48,6.49,6.5,6.51,6.52,6.53,6.54,42400,25800,26600,14500,17400,300,300,16000,19000,16600,500,7800,11800,17700,10000,25800,14300,4200,9900,100
393.0,6.44,382100,2466187.0,6.44,6.43,6.42,6.41,6.4,6.39,6.37,6.36,6.35,6.34,6.45,6.46,6.47,6.48,6.49,6.5,6.51,6.52,6.53,6.54,42400,25800,26600,14500,17400,300,300,16000,19000,16600,500,7800,11800,17700,10000,25800,14300,4200,9900,100
394.0,6.44,382100,2466187.0,6.44,6.43,6.42,6.41,6.4,6.39,6.37,6.36,6.35,6.34,6.45,6.46,6.47,6.48,6.49,6.5,6.51,6.52,6.53,6.54,42400,25800,26600,14500,17400,300,300,16000,19000,16600,500,7800,11800,17700,10000,25800,14300,4200,9900,3100
395.0,6.44,382100,2466187.0,6.44,6.43,6.42,6.41,6.4,6.39,6.37,6.36,6.35,6.34,6.45,6.46,6.47,6.48,6.49,6.5,6.51,6.52,6.53,6.54,42400,25800,26600,14500,17400,300,300,16000,19000,16600,500,7800,11800,17700,10000,25800,14300,4200,9900,3100
396.0,6.45,383700,2476492.0,6.44,6.43,6.42,6.41,6.4,6.39,6.37,6.36,6.35,6.34,6.45,6.46,6.47,6.48,6.49,6.5,6.51,6.52,6.53,6.54,40900,25800,26600,14500,17400,300,300,16000,19000,16600,400,7800,11800,17700,10000,25800,14300,4200,9900,3100
397.0,6.45,383700,2476492.0,6.44,6.43,6.42,6.41,6.4,6.39,6.37,6.36,6.35,6.34,6.45,6.46,6.47,6.48,6.49,6.5,6.51,6.52,6.53,6.54,40900,25800,26600,14500,17400,300,300,16000,19000,16600,400,7800,11800,17700,10000,25800,14300,4200,9900,3100
398.0,6.44,384700,2482932.0,6.44,6.43,6.42,6.41,6.4,6.39,6.37,6.36,6.35,6.34,6.45,6.46,6.47,6.48,6.49,6.5,6.51,6.52,6.53,6.54,39900,25800,26600,14500,17400,300,300,16000,19000,16600,400,7800,11800,17700,10000,25800,14300,4200,9900,3100
399.0,6.44,386200,2492592.0,6.44,6.43,6.42,6.41,6.4,6.39,6.37,6.36,6.35,6.34,6.45,6.46,6.47,6.48,6.49,6.5,6.51,6.52,6.53,6.54,38400,25800,26600,14500,17400,300,300,16000,19000,16600,500,7800,11800,17700,10000,25800,14300,4200,9900,3100
400.0,6.44,386200,2492592.0,6.44,6.43,6.42,6.41,6.4,6.39,6.37,6.36,6.35,6.34,6.45,6.46,6.47,6.48,6.49,6.5,6.51,6.52,6.53,6.54,38400,25800,26600,14500,17400,300,300,16000,19000,16600,600,7800,11800,17700,10000,25800,14300,4200,9900,3100
401.0,6.45,386400,2493882.0,6.44,6.43,6.42,6.41,6.4,6.39,6.37,6.36,6.35,6.34,6.45,6.46,6.47,6.48,6.49,6.5,6.51,6.52,6.53,6.54,38400,25800,26600,14500,17400,300,300,16000,19000,16600,400,7800,11800,17700,10000,25800,14300,4200,9900,3100
402.0,6.45,386800,2496462.0,6.44,6.43,6.42,6.41,6.4,6.39,6.37,6.36,6.35,6.34,6.46,6.47,6.48,6.49,6.5,6.51,6.52,6.53,6.54,6.55,38400,25800,26600,14500,17400,300,300,16000,19000,16600,7800,11800,17700,10000,25800,14300,4200,9900,3100,89300
403.0,6.45,388300,2506151.0,6.44,6.43,6.42,6.41,6.4,6.39,6.37,6.36,6.35,6.34,6.45,6.46,6.47,6.48,6.49,6.5,6.51,6.52,6.53,6.54,39100,25800,26600,14500,17400,300,300,16000,19000,16600,400,6700,11800,17700,10000,25800,14300,4200,9900,3100
404.0,6.45,388300,2506151.0,6.44,6.43,6.42,6.41,6.4,6.39,6.37,6.36,6.35,6.34,6.45,6.46,6.47,6.48,6.49,6.5,6.51,6.52,6.53,6.54,39100,25800,26600,14500,17400,300,300,16000,19000,16600,400,6700,11800,17700,10000,25800,14300,4200,9900,3100
405.0,6.45,388300,2506151.0,6.44,6.43,6.42,6.41,6.4,6.39,6.37,6.36,6.35,6.34,6.45,6.46,6.47,6.48,6.49,6.5,6.51,6.52,6.53,6.54,39100,25800,26600,14500,17400,300,300,16000,19000,16600,400,6700,11800,17700,10000,25800,14300,4200,9900,3100
406.0,6.45,388300,2506151.0,6.44,6.43,6.42,6.41,6.4,6.39,6.37,6.36,6.35,6.34,6.45,6.46,6.47,6.48,6.49,6.5,6.51,6.52,6.53,6.54,39100,25800,26600,14500,17400,300,300,16000,19000,16600,400,6700,11800,17700,10000,25800,14300,4200,9900,3100
407.0,6.45,388300,2506151.0,6.44,6.43,6.42,6.41,6.4,6.39,6.37,6.36,6.35,6.34,6.45,6.46,6.47,6.48,6.49,6.5,6.51,6.52,6.53,6.54,39100,25800,26600,14500,17400,300,300,16000,19000,16600,400,6700,11800,17700,10000,25800,14300,4200,9900,3100
408.0,6.45,388300,2506151.0,6.44,6.43,6.42,6.41,6.4,6.39,6.37,6.36,6.35,6.34,6.45,6.46,6.47,6.48,6.49,6.5,6.51,6.52,6.53,6.54,39100,25800,26600,14500,17400,300,300,16000,19000,16600,1400,2300,11800,17700,10000,25800,14300,4200,9900,3100
409.0,6.45,388400,2506796.0,6.44,6.43,6.42,6.41,6.4,6.39,6.37,6.36,6.35,6.34,6.45,6.46,6.47,6.48,6.49,6.5,6.51,6.52,6.53,6.54,39100,25800,26600,14500,17400,300,300,16000,19000,16600,1300,2300,11800,17700,10000,25800,14300,4200,9900,3100
410.0,6.45,388400,2506796.0,6.44,6.43,6.42,6.41,6.4,6.39,6.37,6.36,6.35,6.34,6.45,6.46,6.47,6.48,6.49,6.5,6.51,6.52,6.53,6.54,39100,25800,26600,14500,17400,300,300,16000,19000,16600,5700,2300,11800,17700,10000,25800,14300,4200,9900,3100
411.0,6.45,388400,2506796.0,6.44,6.43,6.42,6.41,6.4,6.39,6.37,6.36,6.35,6.34,6.45,6.46,6.47,6.48,6.49,6.5,6.51,6.52,6.53,6.54,39100,25800,26600,14500,17400,300,300,16000,19000,16600,5700,2300,11800,17700,10000,25800,14300,4200,9900,3100
412.0,6.45,389400,2513246.0,6.44,6.43,6.42,6.41,6.4,6.39,6.37,6.36,6.35,6.34,6.45,6.46,6.47,6.48,6.49,6.5,6.51,6.52,6.53,6.54,31100,25800,26600,14500,17400,300,300,16000,19000,16600,4700,2300,11800,17700,10000,25800,14300,4200,9900,3100
413.0,6.45,389400,2513246.0,6.44,6.43,6.42,6.41,6.4,6.39,6.37,6.36,6.35,6.34,6.45,6.46,6.47,6.48,6.49,6.5,6.51,6.52,6.53,6.54,31100,25800,26600,14500,17400,300,300,16000,19000,16600,5400,2300,11800,17700,10000,25800,14300,4200,9900,3100
414.0,6.45,390400,2519696.0,6.44,6.43,6.42,6.41,6.4,6.39,6.37,6.36,6.35,6.34,6.45,6.46,6.47,6.48,6.49,6.5,6.51,6.52,6.53,6.54,31100,25800,26600,14500,17400,300,300,16000,19000,16600,4400,2300,11800,17700,10000,25800,14300,4200,9900,3100
415.0,6.44,391900,2529356.0,6.44,6.43,6.42,6.41,6.4,6.39,6.37,6.36,6.35,6.34,6.45,6.46,6.47,6.48,6.49,6.5,6.51,6.52,6.53,6.54,29600,25800,26600,14500,17400,300,300,16000,19000,16600,4400,2300,11800,17700,10000,25800,14300,4200,9900,3100
416.0,6.44,395800,2554472.0,6.44,6.43,6.42,6.41,6.4,6.39,6.37,6.36,6.35,6.34,6.45,6.46,6.47,6.48,6.49,6.5,6.51,6.52,6.53,6.54,19900,27000,25600,14500,17400,300,300,16000,19000,16600,4400,2300,11800,17700,10000,25800,14300,4200,9900,3100
417.0,6.44,395800,2554472.0,6.44,6.43,6.42,6.41,6.4,6.39,6.37,6.36,6.35,6.34,6.45,6.46,6.47,6.48,6.49,6.5,6.51,6.52,6.53,6.54,19900,28200,25600,14500,17400,300,300,16000,19000,16600,4400,2300,11800,17700,10000,25800,14300,4200,9900,3100
418.0,6.45,395900,2555117.0,6.44,6.43,6.42,6.41,6.4,6.39,6.37,6.36,6.35,6.34,6.45,6.46,6.47,6.48,6.49,6.5,6.51,6.52,6.53,6.54,19900,28200,25600,14500,17400,300,300,16000,19000,16600,4300,2300,11800,17700,10000,25800,14300,4200,9900,3100
419.0,6.44,398700,2573149.0,6.44,6.43,6.42,6.41,6.4,6.39,6.37,6.36,6.35,6.34,6.45,6.46,6.47,6.48,6.49,6.5,6.51,6.52,6.53,6.54,17100,28200,25600,14500,17400,300,300,16000,19000,16600,4300,2300,11800,17700,10000,25800,14300,4200,9900,3100
420.0,6.45,399100,2575729.0,6.44,6.43,6.42,6.41,6.4,6.39,6.37,6.36,6.35,6.34,6.45,6.46,6.47,6.48,6.49,6.5,6.51,6.52,6.53,6.54,17100,28200,25600,14500,17400,300,300,16000,19000,16600,3900,2300,11800,17700,10000,25800,14300,4200,9900,3100
421.0,6.45,399100,2575729.0,6.44,6.43,6.42,6.41,6.4,6.39,6.37,6.36,6.35,6.34,6.45,6.46,6.47,6.48,6.49,6.5,6.51,6.52,6.53,6.54,17300,28200,25600,14500,17400,300,300,16000,19000,16600,3900,2300,11800,17700,10000,25800,14300,4200,9900,3100
422.0,6.44,400900,2587321.0,6.44,6.43,6.42,6.41,6.4,6.39,6.37,6.36,6.35,6.34,6.45,6.46,6.47,6.48,6.49,6.5,6.51,6.52,6.53,6.54,15500,28200,25600,14500,17400,300,300,16000,19000,16600,3900,2300,11800,17700,10000,25800,14300,4200,9900,3100
423.0,6.44,401900,2593761.0,6.44,6.43,6.42,6.41,6.4,6.39,6.37,6.36,6.35,6.34,6.45,6.46,6.47,6.48,6.49,6.5,6.51,6.52,6.53,6.54,16700,28200,25600,14500,17400,300,300,16000,19000,16600,3900,2300,11800,17700,10000,25800,14300,4200,9900,3100
424.0,6.45,409900,2645361.0,6.44,6.43,6.42,6.41,6.4,6.39,6.37,6.36,6.35,6.34,6.45,6.46,6.47,6.48,6.49,6.5,6.51,6.52,6.53,6.54,14500,28200,25600,14500,17400,300,300,16000,19000,16600,15100,2300,11800,17700,10000,25800,14300,4200,9900,3100
425.0,6.44,414400,2674356.0,6.44,6.43,6.42,6.41,6.4,6.39,6.37,6.36,6.35,6.34,6.45,6.46,6.47,6.48,6.49,6.5,6.51,6.52,6.53,6.54,11500,29700,25600,14500,17400,300,300,16000,19000,16600,14000,2300,11800,17700,10000,25800,14300,4200,9900,3100
426.0,6.44,414400,2674356.0,6.44,6.43,6.42,6.41,6.4,6.39,6.37,6.36,6.35,6.34,6.45,6.46,6.47,6.48,6.49,6.5,6.51,6.52,6.53,6.54,11500,29700,25600,14500,17400,300,300,16000,19000,16600,14000,2300,11800,17700,10000,25800,14300,4200,9900,3100
427.0,6.45,415800,2683386.0,6.44,6.43,6.42,6.41,6.4,6.39,6.37,6.36,6.35,6.34,6.45,6.46,6.47,6.48,6.49,6.5,6.51,6.52,6.53,6.54,11500,29700,25600,14500,17400,300,300,16000,19000,16600,12600,2300,11800,17700,10000,25800,14300,4200,9900,3100
