LocalTime,LastPrice,TradeVolume,TradeValue,BidPrice1,BidPrice2,BidPrice3,BidPrice4,BidPrice5,BidPrice6,BidPrice7,BidPrice8,BidPrice9,BidPriceA,AskPrice1,AskPrice2,AskPrice3,AskPrice4,AskPrice5,AskPrice6,AskPrice7,AskPrice8,AskPrice9,AskPriceA,BidVolume1,BidVolume2,BidVolume3,BidVolume4,BidVolume5,BidVolume6,BidVolume7,BidVolume8,BidVolume9,BidVolumeA,AskVolume1,AskVolume2,AskVolume3,AskVolume4,AskVolume5,AskVolume6,AskVolume7,AskVolume8,AskVolume9,AskVolumeA
0.0,10.25,27800,284950.0,10.25,10.24,10.22,10.21,10.2,10.19,10.18,10.17,10.16,10.15,10.26,10.27,10.3,10.31,10.33,10.35,10.36,10.37,10.38,10.39,8800,2000,3200,23900,500,400,5000,900,11500,6000,1600,27600,10100,2000,600,15000,3400,900,6700,22200
1.0,10.25,29400,301350.0,10.25,10.24,10.22,10.21,10.2,10.19,10.18,10.17,10.16,10.15,10.26,10.27,10.3,10.31,10.33,10.35,10.36,10.37,10.38,10.39,7300,2000,3200,24400,800,400,5000,1400,11500,6000,1600,27600,10100,2000,600,15000,3400,900,6700,22200
2.0,10.24,39200,401785.0,10.22,10.21,10.2,10.19,10.18,10.17,10.16,10.15,10.13,10.12,10.24,10.25,10.26,10.27,10.3,10.31,10.32,10.33,10.35,10.36,13500,24400,1800,400,5000,1400,11500,6000,3000,700,3000,3100,4400,27600,10100,2000,600,600,15000,3400
3.0,10.24,41800,428409.0,10.22,10.21,10.2,10.19,10.18,10.17,10.16,10.15,10.13,10.12,10.24,10.25,10.26,10.27,10.3,10.31,10.32,10.33,10.35,10.36,15300,24400,1800,400,5000,1400,11500,6000,3000,800,500,15500,5200,27600,10100,2000,600,14900,15000,3700
4.0,10.25,47500,486829.0,10.22,10.21,10.2,10.19,10.18,10.17,10.16,10.15,10.13,10.12,10.25,10.26,10.27,10.28,10.3,10.31,10.32,10.33,10.35,10.36,15300,24400,1800,2400,5000,4100,11500,6000,3000,800,2400,4100,27600,1000,10100,2000,600,16300,15000,3700
5.0,10.24,48400,496053.0,10.22,10.21,10.2,10.19,10.18,10.17,10.16,10.15,10.14,10.13,10.24,10.25,10.26,10.27,10.28,10.3,10.31,10.32,10.33,10.35,38300,24400,16800,2400,5000,4100,11500,6800,200,6000,2700,8500,4300,27600,1000,15100,2000,600,16300,15000
6.0,10.24,48400,496053.0,10.22,10.21,10.2,10.19,10.18,10.17,10.16,10.15,10.14,10.13,10.24,10.25,10.26,10.27,10.28,10.3,10.31,10.32,10.33,10.35,38400,25000,16800,2400,5000,4300,21300,7200,200,6000,2800,8500,8100,27600,1000,15600,2000,600,16300,15000
7.0,10.22,54900,562640.0,10.22,10.21,10.2,10.19,10.18,10.17,10.16,10.15,10.14,10.13,10.25,10.26,10.27,10.28,10.3,10.31,10.32,10.33,10.34,10.35,38200,25000,16800,2400,6000,4300,21300,35900,200,6000,6100,8100,27600,1000,21200,2000,600,17300,4100,15500
8.0,10.25,57900,593346.0,10.23,10.22,10.21,10.2,10.19,10.18,10.17,10.16,10.15,10.14,10.25,10.26,10.27,10.28,10.3,10.31,10.32,10.33,10.34,10.35,1800,37200,25000,19800,2600,6000,4300,21300,35900,200,9600,8500,27600,3400,22700,2000,600,17300,4100,15500
9.0,10.23,58000,594369.0,10.23,10.22,10.21,10.2,10.19,10.18,10.17,10.16,10.15,10.14,10.24,10.25,10.26,10.27,10.28,10.3,10.31,10.32,10.33,10.34,1700,37500,25500,20800,2600,6000,4300,25300,35900,200,800,15300,8800,27600,3400,23700,2000,600,18300,4100
10.0,10.24,66100,677350.0,10.24,10.23,10.22,10.21,10.2,10.19,10.18,10.17,10.16,10.15,10.25,10.26,10.27,10.28,10.3,10.31,10.32,10.33,10.34,10.35,200,900,37600,25500,21300,2600,6000,4300,25300,35900,10200,13800,27600,3400,23700,2000,600,18300,4100,15900
11.0,10.24,69000,707046.0,10.23,10.22,10.21,10.2,10.19,10.18,10.17,10.16,10.15,10.14,10.24,10.25,10.26,10.27,10.28,10.3,10.31,10.32,10.33,10.34,1000,37900,25500,21300,2600,6000,4300,25300,35900,200,2600,10800,13800,27600,3400,23700,2000,600,18300,4100
12.0,10.23,71000,727506.0,10.23,10.22,10.21,10.2,10.19,10.18,10.17,10.16,10.15,10.14,10.24,10.25,10.26,10.27,10.28,10.3,10.31,10.32,10.33,10.34,3800,27900,25500,21300,2600,6000,4300,25300,35900,200,2600,10800,13800,27600,3400,23700,2000,600,18300,4100
13.0,10.24,87800,899249.0,10.22,10.21,10.2,10.19,10.18,10.17,10.16,10.15,10.14,10.13,10.23,10.24,10.25,10.26,10.27,10.28,10.3,10.31,10.32,10.33,15400,25500,21300,2600,6000,4300,25300,35900,200,7800,100,2200,10800,13800,27600,3400,23700,2000,600,18300
14.0,10.23,87900,900272.0,10.22,10.21,10.2,10.19,10.18,10.17,10.16,10.15,10.14,10.13,10.23,10.24,10.25,10.26,10.27,10.28,10.3,10.31,10.32,10.33,15400,25500,21300,2600,6000,4300,25300,35900,200,7800,1200,2200,10800,13800,27600,3400,23700,2000,600,18300
15.0,10.22,88700,908453.0,10.22,10.21,10.2,10.19,10.18,10.17,10.16,10.15,10.14,10.13,10.23,10.24,10.25,10.26,10.27,10.28,10.3,10.31,10.32,10.33,15100,25500,21300,2600,6000,4300,25300,35900,200,7800,700,2200,10800,13800,27600,3400,23700,2000,600,18300
16.0,10.23,89600,917660.0,10.23,10.22,10.21,10.2,10.19,10.18,10.17,10.16,10.15,10.14,10.24,10.25,10.26,10.27,10.28,10.3,10.31,10.32,10.33,10.34,100,16300,25500,21300,2600,6000,4300,25300,35900,200,2200,10800,13800,27600,3400,23700,2000,600,18300,4100
17.0,10.23,89800,919706.0,10.22,10.21,10.2,10.19,10.18,10.17,10.16,10.15,10.14,10.13,10.23,10.24,10.25,10.26,10.27,10.28,10.3,10.31,10.32,10.33,16300,25500,21300,2600,6000,4300,25300,35900,200,7800,2000,2200,10800,13800,27600,3400,23700,2000,600,18300
18.0,10.23,89800,919706.0,10.22,10.21,10.2,10.19,10.18,10.17,10.16,10.15,10.14,10.13,10.23,10.24,10.25,10.26,10.27,10.28,10.3,10.31,10.32,10.33,16300,25500,21300,2600,6000,4300,25300,35900,200,7800,2900,2200,10800,11800,27600,3400,23700,2000,600,18300
19.0,10.23,89800,919706.0,10.22,10.21,10.2,10.19,10.18,10.17,10.16,10.15,10.14,10.13,10.23,10.24,10.25,10.26,10.27,10.28,10.3,10.31,10.32,10.33,16300,25500,21300,2600,6000,4300,25300,35900,200,7800,2900,2200,10800,11800,27600,3400,23900,2000,600,17300
20.0,10.23,90000,921752.0,10.22,10.21,10.2,10.19,10.18,10.17,10.16,10.15,10.14,10.13,10.23,10.24,10.25,10.26,10.27,10.28,10.3,10.31,10.32,10.33,16300,25500,21300,2600,6000,4300,25300,35900,200,7800,2700,2200,10800,11800,27600,3400,23900,2000,600,17300
21.0,10.23,90000,921752.0,10.22,10.21,10.2,10.19,10.18,10.17,10.16,10.15,10.14,10.13,10.23,10.24,10.25,10.26,10.27,10.28,10.3,10.31,10.32,10.33,16300,25500,31300,2600,6000,4300,25300,35900,200,7800,8600,4000,10800,11800,27600,3400,23900,2000,600,17300
22.0,10.22,91100,932994.0,10.22,10.21,10.2,10.19,10.18,10.17,10.16,10.15,10.14,10.13,10.23,10.24,10.25,10.26,10.27,10.28,10.3,10.31,10.32,10.33,18200,25500,31300,2600,6000,4300,25300,35900,200,7800,13100,4000,10800,11800,27600,3400,23900,2000,600,17300
23.0,10.23,91500,937086.0,10.22,10.21,10.2,10.19,10.18,10.17,10.16,10.15,10.14,10.13,10.23,10.24,10.25,10.26,10.27,10.28,10.3,10.31,10.32,10.33,18200,25500,31300,2600,6000,4300,25300,35900,200,7800,12700,4000,10800,11800,27600,3400,23900,2000,600,17300
24.0,10.23,91500,937086.0,10.22,10.21,10.2,10.19,10.18,10.17,10.16,10.15,10.14,10.13,10.23,10.24,10.25,10.26,10.27,10.28,10.3,10.31,10.32,10.33,18200,25500,31300,2600,6000,4300,25300,35900,200,7800,12700,4000,9100,11200,27600,3400,23900,2000,600,17300
25.0,10.22,96000,983076.0,10.22,10.21,10.2,10.19,10.18,10.17,10.16,10.15,10.14,10.13,10.23,10.24,10.25,10.26,10.27,10.28,10.3,10.31,10.32,10.33,13700,25500,31300,2600,6000,4300,25300,35900,200,7800,12700,4000,9100,11200,27600,3400,23900,2000,600,17300
26.0,10.22,96000,983076.0,10.22,10.21,10.2,10.19,10.18,10.17,10.16,10.15,10.14,10.13,10.23,10.24,10.25,10.26,10.27,10.28,10.3,10.31,10.32,10.33,13800,25500,31300,2600,6000,4300,25300,35900,200,7800,12700,4000,9100,11200,27600,3400,23900,2000,600,17300
27.0,10.23,97400,997398.0,10.22,10.21,10.2,10.19,10.18,10.17,10.16,10.15,10.14,10.13,10.23,10.24,10.25,10.26,10.27,10.28,10.3,10.31,10.32,10.33,13800,25500,31300,2600,6000,4300,25300,35900,200,7800,11300,4000,9100,11200,27600,3400,23900,2000,600,17300
28.0,10.23,97400,997398.0,10.22,10.21,10.2,10.19,10.18,10.17,10.16,10.15,10.14,10.13,10.23,10.24,10.25,10.26,10.27,10.28,10.3,10.31,10.32,10.33,13800,25500,31300,2600,6000,4300,25300,35900,200,7800,11300,4000,9100,11200,27600,3400,23900,2000,600,17300
29.0,10.23,97400,997398.0,10.22,10.21,10.2,10.19,10.18,10.17,10.16,10.15,10.14,10.13,10.23,10.24,10.25,10.26,10.27,10.28,10.3,10.31,10.32,10.33,13800,25500,31300,2600,6000,4300,25300,35900,200,7800,11400,4000,9100,11200,27600,3400,23900,2000,600,17300
30.0,10.23,97500,998421.0,10.22,10.21,10.2,10.19,10.18,10.17,10.16,10.15,10.14,10.13,10.23,10.24,10.25,10.26,10.27,10.28,10.3,10.31,10.32,10.33,13800,25500,31300,2600,6000,4300,25300,35900,200,7800,11300,4000,9100,11200,27600,3400,23900,2000,600,17300
31.0,10.23,102800,1052590.0,10.22,10.21,10.2,10.19,10.18,10.17,10.16,10.15,10.14,10.13,10.23,10.24,10.25,10.26,10.27,10.28,10.3,10.31,10.32,10.33,8800,25500,31300,2600,6000,4300,25300,35900,200,7800,5100,4000,9100,11200,27600,3400,23900,2000,600,17300
32.0,10.23,102900,1053613.0,10.22,10.21,10.2,10.19,10.18,10.17,10.16,10.15,10.14,10.13,10.23,10.24,10.25,10.26,10.27,10.28,10.3,10.31,10.32,10.33,8800,25500,31300,2600,6000,4300,25300,35900,200,7800,5000,4000,9100,11200,27600,3400,23900,2000,600,17300
33.0,10.22,105300,1078146.0,10.22,10.21,10.2,10.19,10.18,10.17,10.16,10.15,10.14,10.13,10.23,10.24,10.25,10.26,10.27,10.28,10.3,10.31,10.32,10.33,7000,25500,31300,2600,6000,4300,25300,35900,200,7800,4500,4000,9100,11200,27600,3400,23900,2000,600,17300
34.0,10.22,105700,1082234.0,10.22,10.21,10.2,10.19,10.18,10.17,10.16,10.15,10.14,10.13,10.23,10.24,10.25,10.26,10.27,10.28,10.3,10.31,10.32,10.33,6600,25500,31300,2600,6000,4300,27000,35900,200,7800,4500,4000,9100,11200,27600,3400,23900,2000,600,17300
35.0,10.22,107600,1101652.0,10.22,10.21,10.2,10.19,10.18,10.17,10.16,10.15,10.14,10.13,10.23,10.24,10.25,10.26,10.27,10.28,10.3,10.31,10.33,10.34,4700,25500,31300,2600,6000,7300,27000,35900,200,7800,4600,4000,8400,11200,27600,3400,23900,2000,17300,4100
36.0,10.22,108700,1112894.0,10.22,10.21,10.2,10.19,10.18,10.17,10.16,10.15,10.14,10.13,10.23,10.24,10.25,10.26,10.27,10.28,10.3,10.31,10.33,10.34,5100,25500,31300,2600,6000,7300,27000,35900,200,7800,4600,4000,8400,11200,27600,3400,23900,2000,17300,4100
37.0,10.23,118200,1210028.0,10.21,10.2,10.19,10.18,10.17,10.16,10.15,10.14,10.13,10.12,10.23,10.24,10.25,10.26,10.27,10.28,10.3,10.31,10.33,10.34,25700,31300,2600,6000,7300,37000,35900,200,7800,800,800,4000,7800,11200,27600,3400,23900,2000,17300,4100
38.0,10.23,118300,1211051.0,10.21,10.2,10.19,10.18,10.17,10.16,10.15,10.14,10.13,10.12,10.22,10.23,10.24,10.25,10.26,10.27,10.28,10.3,10.31,10.33,25700,31300,2600,6000,7300,37000,35900,200,7800,800,500,700,4000,7800,11200,27600,3400,23900,2000,17300
39.0,10.23,118300,1211051.0,10.21,10.2,10.19,10.18,10.17,10.16,10.15,10.14,10.13,10.12,10.22,10.23,10.24,10.25,10.26,10.27,10.28,10.3,10.31,10.33,25700,31300,2600,6000,7300,37000,35900,200,7800,800,4000,700,4000,7800,11200,27600,3400,23900,2000,17300
40.0,10.22,118700,1215139.0,10.21,10.2,10.19,10.18,10.17,10.16,10.15,10.14,10.13,10.12,10.22,10.23,10.24,10.25,10.26,10.27,10.28,10.3,10.31,10.33,25700,31300,2600,6000,7300,37000,35900,200,7800,800,7200,700,4000,7800,11200,27600,3400,13900,2000,17300
41.0,10.21,120700,1235559.0,10.21,10.2,10.19,10.18,10.17,10.16,10.15,10.14,10.13,10.12,10.22,10.23,10.24,10.25,10.26,10.27,10.28,10.3,10.31,10.33,23700,31300,2600,6000,7300,37000,35900,200,7800,800,7800,700,4000,7800,11200,27600,3400,13900,2000,17300
42.0,10.22,121400,1242713.0,10.21,10.2,10.19,10.18,10.17,10.16,10.15,10.14,10.13,10.12,10.22,10.23,10.24,10.25,10.26,10.27,10.28,10.3,10.31,10.33,23700,31300,2600,7000,7300,37000,35900,200,7800,800,18100,700,4000,7800,11200,27600,3400,13900,2000,17300
43.0,10.22,123600,1265197.0,10.21,10.2,10.19,10.18,10.17,10.16,10.15,10.14,10.13,10.12,10.22,10.23,10.24,10.25,10.26,10.27,10.28,10.3,10.31,10.33,23700,31300,2600,7000,7300,36700,36900,200,7800,800,19200,700,4000,7800,11200,27600,3400,13900,2000,17300
44.0,10.22,124500,1274395.0,10.21,10.2,10.19,10.18,10.17,10.16,10.15,10.14,10.13,10.12,10.22,10.23,10.24,10.25,10.26,10.27,10.28,10.3,10.31,10.33,23700,31300,2600,7000,7300,36700,36900,200,7800,800,18300,700,4000,7800,11200,26900,3400,13900,2000,17300
45.0,10.21,127700,1307067.0,10.21,10.2,10.19,10.18,10.17,10.16,10.15,10.14,10.13,10.12,10.22,10.23,10.24,10.25,10.26,10.27,10.28,10.3,10.31,10.33,20500,31300,2600,7000,7300,36700,36900,200,7800,800,18300,700,4000,7800,11200,26900,3400,13900,2000,17300
46.0,10.21,128600,1316256.0,10.21,10.2,10.19,10.18,10.17,10.16,10.15,10.14,10.13,10.12,10.22,10.23,10.24,10.25,10.26,10.27,10.28,10.3,10.31,10.33,20600,31300,2600,7000,7300,35000,36900,200,7800,800,17800,700,4000,7800,11200,26900,3400,13900,2000,17300
47.0,10.21,133100,1362208.0,10.21,10.2,10.19,10.18,10.17,10.16,10.15,10.14,10.13,10.12,10.22,10.23,10.24,10.25,10.26,10.27,10.28,10.3,10.31,10.33,21800,31300,2600,7000,7300,35000,36900,200,7800,800,17100,700,4000,7800,11200,26900,3400,13900,2000,17300
48.0,10.21,134000,1371397.0,10.21,10.2,10.19,10.18,10.17,10.16,10.15,10.14,10.13,10.12,10.22,10.23,10.24,10.25,10.26,10.27,10.28,10.3,10.31,10.33,20900,31300,2600,7000,7300,35000,36900,200,7800,800,16500,700,4000,7800,11200,26900,3400,13900,2000,17300
49.0,10.21,146200,1495959.0,10.21,10.2,10.19,10.18,10.17,10.16,10.15,10.14,10.13,10.12,10.22,10.23,10.24,10.25,10.26,10.27,10.28,10.3,10.31,10.33,8700,31300,2600,7000,7300,35000,36900,200,7800,800,16600,700,4000,7800,11200,26900,3400,13900,2000,17300
50.0,10.22,152200,1557220.0,10.21,10.2,10.19,10.18,10.17,10.16,10.15,10.14,10.13,10.12,10.22,10.23,10.24,10.25,10.26,10.27,10.28,10.3,10.31,10.33,2800,31300,2600,7000,7300,35000,36900,200,7800,800,16500,700,4000,7800,11200,26900,3400,13900,2000,17300
51.0,10.21,155000,1585808.0,10.2,10.19,10.18,10.17,10.16,10.15,10.14,10.13,10.12,10.11,10.21,10.22,10.23,10.24,10.25,10.26,10.27,10.28,10.3,10.31,31300,2600,7000,7300,35000,36900,200,7800,800,9600,3200,16500,700,4000,7800,11200,26900,3400,13900,2000
52.0,10.21,155000,1585808.0,10.2,10.19,10.18,10.17,10.16,10.15,10.14,10.13,10.12,10.11,10.21,10.22,10.23,10.24,10.25,10.26,10.27,10.28,10.3,10.31,31300,2600,7000,7300,35000,36900,200,7800,800,9600,3200,18100,700,4000,7800,11200,26900,3400,13900,2000
53.0,10.2,156200,1598049.0,10.2,10.19,10.18,10.17,10.16,10.15,10.14,10.13,10.12,10.11,10.21,10.22,10.23,10.24,10.25,10.26,10.27,10.28,10.3,10.31,30200,2600,7000,7300,35000,36900,200,7800,800,9600,7400,18100,700,4000,7800,11200,26900,3400,13900,2000
54.0,10.21,156700,1603154.0,10.2,10.19,10.18,10.17,10.16,10.15,10.14,10.13,10.12,10.11,10.21,10.22,10.23,10.24,10.25,10.26,10.27,10.28,10.3,10.31,30200,2600,7000,7300,35000,36900,200,7800,800,9600,7700,18100,700,4000,5800,11200,26900,3400,13900,2000
55.0,10.2,157600,1612334.0,10.2,10.19,10.18,10.17,10.16,10.15,10.14,10.13,10.12,10.11,10.21,10.22,10.23,10.24,10.25,10.26,10.27,10.28,10.3,10.31,34300,2600,7000,7300,35000,36900,200,7800,800,9600,7700,18100,700,4000,5800,11200,26900,3400,13900,2000
56.0,10.2,157600,1612334.0,10.2,10.19,10.18,10.17,10.16,10.15,10.14,10.13,10.12,10.11,10.21,10.22,10.23,10.24,10.25,10.26,10.27,10.28,10.3,10.31,36300,2600,7000,7300,35000,36900,200,7800,800,9600,10100,18100,700,4000,5800,11200,26900,3400,13900,2000
57.0,10.21,164400,1681762.0,10.2,10.19,10.18,10.17,10.16,10.15,10.14,10.13,10.12,10.11,10.21,10.22,10.23,10.24,10.25,10.26,10.27,10.28,10.3,10.31,36300,2600,7000,7300,35000,36900,200,7800,800,9600,5800,18100,700,4000,5800,11200,26900,3400,13900,2000
58.0,10.21,164400,1681762.0,10.2,10.19,10.18,10.17,10.16,10.15,10.14,10.13,10.12,10.11,10.21,10.22,10.23,10.24,10.25,10.26,10.27,10.28,10.3,10.31,36300,2600,7000,7300,35000,36900,200,7800,800,9600,5800,18100,700,4000,5800,11200,26900,3400,13900,2000
59.0,10.21,169400,1732770.0,10.2,10.19,10.18,10.17,10.16,10.15,10.14,10.13,10.12,10.11,10.21,10.22,10.23,10.24,10.25,10.26,10.27,10.28,10.3,10.31,34900,2600,7000,7300,35000,36900,200,7800,800,9600,5000,18100,700,4000,5800,11200,26900,3400,13900,2000
60.0,10.21,176100,1801177.0,10.21,10.2,10.19,10.18,10.17,10.16,10.15,10.14,10.13,10.12,10.22,10.23,10.24,10.25,10.26,10.27,10.28,10.3,10.31,10.33,2300,35900,2600,7000,7300,35300,36900,200,7800,800,18100,700,1800,5800,11200,26900,3400,13900,2000,17300
61.0,10.22,178500,1825682.0,10.2,10.19,10.18,10.17,10.16,10.15,10.14,10.13,10.12,10.11,10.22,10.23,10.24,10.25,10.26,10.27,10.28,10.3,10.31,10.33,35900,2600,8400,7300,35300,36900,200,7800,800,9600,18000,700,1800,5800,11200,26900,3400,13900,2000,17300
62.0,10.2,199800,2042990.0,10.2,10.19,10.18,10.17,10.16,10.15,10.14,10.13,10.12,10.11,10.22,10.23,10.24,10.25,10.26,10.27,10.28,10.3,10.31,10.33,17000,2600,8400,7300,35300,38600,200,7800,800,9600,15600,700,1800,5800,9900,26900,3400,13900,2000,17300
63.0,10.22,200900,2054232.0,10.21,10.2,10.19,10.18,10.17,10.16,10.15,10.14,10.13,10.12,10.22,10.23,10.24,10.25,10.26,10.27,10.28,10.3,10.31,10.33,6700,17000,2600,8400,7300,35300,38600,200,7800,800,15100,100,1800,5800,9900,26900,3400,13900,2000,17300
64.0,10.21,204300,2088947.0,10.21,10.2,10.19,10.18,10.17,10.16,10.15,10.14,10.13,10.12,10.22,10.23,10.24,10.25,10.26,10.27,10.28,10.3,10.31,10.33,3400,17000,2600,8400,7300,35300,38600,200,7800,800,15000,100,1800,5800,9900,26900,3400,13900,2000,17300
65.0,10.21,212200,2169596.0,10.2,10.19,10.18,10.17,10.16,10.15,10.14,10.13,10.12,10.11,10.21,10.22,10.23,10.24,10.25,10.26,10.27,10.28,10.3,10.31,16000,2600,8400,7800,38200,38600,200,7800,800,9600,11300,15000,100,1800,6300,9900,26900,3400,13900,2000
66.0,10.21,216900,2217583.0,10.2,10.19,10.18,10.17,10.16,10.15,10.14,10.13,10.12,10.11,10.21,10.22,10.23,10.24,10.25,10.26,10.27,10.28,10.3,10.31,16000,2600,8400,7800,38200,38600,200,7800,800,9600,15900,15000,100,1800,6300,9900,26900,3400,13900,2000
67.0,10.21,219600,2245150.0,10.2,10.19,10.18,10.17,10.16,10.15,10.14,10.13,10.12,10.11,10.21,10.22,10.23,10.24,10.25,10.26,10.27,10.28,10.3,10.31,16000,2600,8400,7800,38200,38600,200,7800,800,9600,13200,15000,100,1800,6300,9900,26900,3400,13900,2000
68.0,10.2,221500,2264530.0,10.2,10.19,10.18,10.17,10.16,10.15,10.14,10.13,10.12,10.11,10.21,10.22,10.23,10.24,10.25,10.26,10.27,10.28,10.3,10.31,11300,2600,8400,7800,38200,39600,200,7800,800,9600,17800,15000,100,1800,6300,9900,26900,3400,13900,2000
69.0,10.21,223000,2279845.0,10.2,10.19,10.18,10.17,10.16,10.15,10.14,10.13,10.12,10.11,10.21,10.22,10.23,10.24,10.25,10.26,10.27,10.28,10.3,10.31,11300,2600,8400,7800,38200,39600,200,7800,800,9600,16800,15000,100,1800,6300,9900,26900,3400,13900,2000
70.0,10.21,228800,2339054.0,10.2,10.19,10.18,10.17,10.16,10.15,10.14,10.13,10.12,10.11,10.21,10.22,10.23,10.24,10.25,10.26,10.27,10.28,10.3,10.31,10700,2600,8400,7800,38200,39200,200,7800,800,9600,11900,15000,100,1800,6300,9900,26900,3400,13900,2000
71.0,10.21,233300,2384999.0,10.2,10.19,10.18,10.17,10.16,10.15,10.14,10.13,10.12,10.11,10.21,10.22,10.23,10.24,10.25,10.26,10.27,10.28,10.3,10.31,10700,2600,8400,7800,38200,39200,200,7800,800,9600,7400,15000,100,1800,6300,9900,26900,3400,13900,2000
72.0,10.21,236000,2412551.0,10.2,10.19,10.18,10.17,10.16,10.15,10.14,10.13,10.12,10.11,10.21,10.22,10.23,10.24,10.25,10.26,10.27,10.28,10.3,10.31,9200,3700,8400,7800,58200,39200,200,7800,800,9600,6200,15000,100,1800,6100,9900,26900,3400,13900,2000
73.0,10.2,244900,2503361.0,10.2,10.19,10.18,10.17,10.16,10.15,10.14,10.13,10.12,10.11,10.21,10.22,10.23,10.24,10.25,10.26,10.27,10.28,10.3,10.31,3300,3700,8400,7800,58200,39200,200,7800,800,9600,3200,15000,100,1800,6100,9900,26900,3400,13900,2000
74.0,10.21,245300,2507445.0,10.2,10.19,10.18,10.17,10.16,10.15,10.14,10.13,10.12,10.11,10.21,10.22,10.23,10.24,10.25,10.26,10.27,10.28,10.3,10.31,3300,3700,8400,7800,58200,39200,200,7800,800,9600,2800,15000,100,1800,6100,9900,26900,3400,13900,2000
75.0,10.2,247600,2530923.0,10.2,10.19,10.18,10.17,10.16,10.15,10.14,10.13,10.12,10.11,10.21,10.22,10.23,10.24,10.25,10.26,10.27,10.28,10.3,10.31,2800,3700,8400,7800,58200,39200,200,7800,800,9600,1000,15000,100,1800,6100,9900,26900,3400,13900,2000
76.0,10.21,247700,2531944.0,10.2,10.19,10.18,10.17,10.16,10.15,10.14,10.13,10.12,10.11,10.21,10.22,10.23,10.24,10.25,10.26,10.27,10.28,10.3,10.31,2800,3700,8400,7800,58200,39200,200,7800,800,9600,900,15000,100,1800,6100,9900,26900,3400,13900,2000
77.0,10.21,248400,2539089.0,10.2,10.19,10.18,10.17,10.16,10.15,10.14,10.13,10.12,10.11,10.21,10.22,10.23,10.24,10.25,10.26,10.27,10.28,10.3,10.31,2600,3700,8400,7800,58200,39200,200,7800,800,9600,2500,15000,100,1800,6100,9900,26900,3400,13900,2000
78.0,10.21,250900,2564614.0,10.21,10.2,10.19,10.18,10.17,10.16,10.15,10.14,10.13,10.12,10.22,10.23,10.24,10.25,10.26,10.27,10.28,10.3,10.31,10.33,2500,2600,3700,8400,7800,58200,39200,200,8100,800,15000,100,1800,6100,9900,26900,3400,13900,2000,17300
79.0,10.17,272500,2784677.0,10.19,10.17,10.16,10.15,10.14,10.13,10.12,10.11,10.1,10.09,10.2,10.22,10.23,10.24,10.25,10.26,10.27,10.28,10.3,10.31,1600,4500,58200,39200,200,8100,800,9600,13700,2200,1900,13900,100,1800,6100,9900,26900,3400,13900,2000
80.0,10.17,277500,2835567.0,10.19,10.17,10.16,10.15,10.14,10.13,10.12,10.11,10.1,10.09,10.2,10.22,10.23,10.24,10.25,10.26,10.27,10.28,10.3,10.31,1200,1500,58200,39200,200,8100,800,9600,13700,2200,1900,13900,100,1800,6100,9900,26900,3400,13900,2000
81.0,10.2,280500,2866185.0,10.2,10.19,10.17,10.16,10.15,10.14,10.13,10.12,10.11,10.1,10.22,10.23,10.24,10.25,10.26,10.27,10.28,10.3,10.31,10.33,4800,1200,1500,58200,39200,200,8100,800,9600,13700,13000,100,1800,6100,9900,26900,3400,13900,2000,17300
82.0,10.21,281700,2878446.0,10.21,10.2,10.19,10.17,10.16,10.15,10.14,10.13,10.12,10.11,10.22,10.23,10.24,10.25,10.26,10.27,10.28,10.3,10.31,10.33,200,4800,4800,1500,58200,39200,200,8100,800,9600,12100,100,1800,6100,9900,26900,3400,13900,2000,17300
83.0,10.19,292100,2984493.0,10.19,10.17,10.16,10.15,10.14,10.13,10.12,10.11,10.1,10.09,10.22,10.23,10.24,10.25,10.26,10.27,10.28,10.3,10.31,10.33,100,1500,59200,39200,200,8100,800,9600,13700,2200,11500,100,1800,6100,9900,26900,3400,13900,2000,17300
84.0,10.19,292100,2984493.0,10.19,10.17,10.16,10.15,10.14,10.13,10.12,10.11,10.1,10.09,10.2,10.22,10.23,10.24,10.25,10.26,10.27,10.28,10.3,10.31,100,1500,59200,39200,200,8100,800,9600,13700,2200,100,11500,100,1800,6100,9900,26900,3400,14000,2000
85.0,10.19,292100,2984493.0,10.19,10.17,10.16,10.15,10.14,10.13,10.12,10.11,10.1,10.09,10.2,10.21,10.22,10.23,10.24,10.25,10.26,10.27,10.28,10.3,100,1500,59200,39200,200,8100,800,9600,13700,2200,2100,1200,11500,100,1800,6100,9900,26900,3400,14000
86.0,10.22,307000,3136717.0,10.22,10.2,10.19,10.17,10.16,10.15,10.14,10.13,10.12,10.11,10.23,10.24,10.25,10.26,10.27,10.28,10.3,10.31,10.33,10.34,46500,1400,1800,1500,59200,39200,200,8100,800,9600,100,1800,6100,9900,26900,3400,14000,2000,17300,4100
87.0,10.22,308300,3150003.0,10.22,10.2,10.19,10.17,10.16,10.15,10.14,10.13,10.12,10.11,10.23,10.24,10.25,10.26,10.27,10.28,10.3,10.31,10.33,10.34,45200,2500,1800,1500,59200,39200,200,8100,800,9600,100,1800,6100,9900,26900,3400,14000,2000,17300,4100
88.0,10.22,308500,3152047.0,10.22,10.2,10.19,10.17,10.16,10.15,10.14,10.13,10.12,10.11,10.23,10.24,10.25,10.26,10.27,10.28,10.3,10.31,10.33,10.34,45000,3300,2000,1500,59200,39200,200,8100,800,9600,100,1800,6100,9600,26900,3400,14000,2000,17300,4100
89.0,10.23,309400,3161254.0,10.23,10.22,10.2,10.19,10.17,10.16,10.15,10.14,10.13,10.12,10.24,10.25,10.26,10.27,10.28,10.3,10.31,10.33,10.34,10.35,200,45000,3200,2000,1500,59200,39200,200,8100,800,1800,6100,9600,26900,3400,14000,2000,17300,4100,15900
90.0,10.23,309400,3161254.0,10.23,10.22,10.2,10.19,10.17,10.16,10.15,10.14,10.13,10.12,10.24,10.25,10.26,10.27,10.28,10.3,10.31,10.33,10.34,10.35,500,45700,2700,2000,1500,59200,39200,200,8100,800,1800,6100,9600,26900,3400,14000,2000,17300,4100,15900
91.0,10.22,312900,3197029.0,10.22,10.2,10.19,10.18,10.17,10.16,10.15,10.14,10.13,10.12,10.23,10.24,10.25,10.26,10.27,10.28,10.3,10.31,10.33,10.34,42700,4700,2300,200,1500,59200,39200,200,8100,800,6600,1800,6100,9600,26900,3400,14000,2000,17300,4100
92.0,10.22,314400,3212366.0,10.22,10.21,10.2,10.19,10.18,10.17,10.16,10.15,10.14,10.13,10.23,10.24,10.25,10.26,10.27,10.28,10.3,10.31,10.33,10.34,41900,400,4200,2800,200,2000,58700,39200,200,8100,5900,1800,5100,9600,26900,3400,14000,2000,17300,4100
93.0,10.22,314400,3212366.0,10.22,10.21,10.2,10.19,10.18,10.17,10.16,10.15,10.14,10.13,10.23,10.24,10.25,10.26,10.27,10.28,10.3,10.31,10.33,10.34,41900,400,4200,2800,200,2000,58700,39200,200,8100,5900,1800,5100,9600,26900,3400,14000,2000,17300,4100
94.0,10.22,314400,3212366.0,10.22,10.21,10.2,10.19,10.18,10.17,10.16,10.15,10.14,10.13,10.23,10.24,10.25,10.26,10.27,10.28,10.3,10.31,10.33,10.34,41900,400,4200,2800,200,2000,58700,39200,200,8100,5900,1800,5100,9600,26900,3400,14000,2000,17300,4100
95.0,10.22,317900,3248157.0,10.22,10.21,10.2,10.19,10.18,10.17,10.16,10.15,10.14,10.13,10.23,10.24,10.25,10.26,10.27,10.28,10.3,10.31,10.33,10.34,40500,400,4200,2800,200,2000,59700,39200,200,8100,3800,1800,5100,9600,26900,3400,14000,2000,17300,4100
96.0,10.23,318200,3251226.0,10.22,10.21,10.2,10.19,10.18,10.17,10.16,10.15,10.14,10.13,10.23,10.24,10.25,10.26,10.27,10.28,10.3,10.31,10.33,10.34,41500,400,4200,3300,200,2200,59700,39200,200,8100,3500,1800,5100,9600,26900,3400,14000,2000,17300,4100
97.0,10.23,318900,3258387.0,10.22,10.21,10.2,10.19,10.18,10.17,10.16,10.15,10.14,10.13,10.23,10.24,10.25,10.26,10.27,10.28,10.3,10.31,10.33,10.34,41500,400,4200,3300,200,2200,59700,39200,200,8100,2800,1800,5100,9600,26900,3400,14000,2000,17300,4100
98.0,10.23,318900,3258387.0,10.22,10.21,10.2,10.19,10.18,10.17,10.16,10.15,10.14,10.13,10.23,10.24,10.25,10.26,10.27,10.28,10.3,10.31,10.33,10.34,41700,400,4200,3300,200,2200,59700,39200,200,8100,6000,1800,5100,9600,26900,3400,14000,2000,17300,4100
99.0,10.23,320400,3273723.0,10.22,10.21,10.2,10.19,10.18,10.17,10.16,10.15,10.14,10.13,10.23,10.24,10.25,10.26,10.27,10.28,10.3,10.31,10.33,10.34,40800,400,4200,3300,200,2200,59700,39200,200,8100,5400,1800,5100,9600,26900,3400,14000,2000,17300,4100
100.0,10.23,324600,3316689.0,10.22,10.21,10.2,10.19,10.18,10.17,10.16,10.15,10.14,10.13,10.23,10.24,10.25,10.26,10.27,10.28,10.3,10.31,10.33,10.34,40800,400,3600,3300,200,3200,59700,39200,200,8100,1200,1800,5100,9600,26900,3400,14000,2000,17300,4100
101.0,10.22,343200,3506814.0,10.22,10.21,10.2,10.19,10.18,10.17,10.16,10.15,10.14,10.13,10.24,10.25,10.26,10.27,10.28,10.3,10.31,10.33,10.34,10.35,27300,400,3600,3300,200,3200,59700,41200,200,8100,1800,5100,9600,26900,3400,14000,2000,17300,4100,16000
102.0,10.22,348100,3556898.0,10.22,10.21,10.2,10.19,10.18,10.17,10.16,10.15,10.14,10.13,10.23,10.24,10.25,10.26,10.27,10.28,10.3,10.31,10.33,10.34,22700,400,3200,3300,200,3200,59200,41200,200,8100,6500,1500,5100,9600,26900,3400,14000,2000,17300,4100
103.0,10.23,348700,3563036.0,10.22,10.21,10.2,10.19,10.18,10.17,10.16,10.15,10.14,10.13,10.23,10.24,10.25,10.26,10.27,10.28,10.3,10.31,10.33,10.34,22700,400,3200,3300,200,3200,59200,41200,200,8100,5900,1500,5100,9600,26900,3400,14000,2000,17300,4100
104.0,10.22,350300,3579388.0,10.22,10.21,10.2,10.19,10.18,10.17,10.16,10.15,10.14,10.13,10.23,10.24,10.25,10.26,10.27,10.28,10.3,10.31,10.33,10.34,19400,400,3200,3300,700,3200,59200,41200,200,8100,5900,1500,5100,9600,26900,3400,14000,2000,17300,4100
105.0,10.22,350300,3579388.0,10.22,10.21,10.2,10.19,10.18,10.17,10.16,10.15,10.14,10.13,10.23,10.24,10.25,10.26,10.27,10.28,10.3,10.31,10.33,10.34,19400,400,3200,3300,700,3200,59200,41200,200,8100,5900,1500,5100,9600,26900,3400,14000,2000,17300,4100
106.0,10.23,351700,3593701.0,10.22,10.21,10.2,10.19,10.18,10.17,10.16,10.15,10.14,10.13,10.23,10.24,10.25,10.26,10.27,10.28,10.3,10.31,10.33,10.34,18500,400,3200,3300,700,3200,59200,41200,200,8100,5400,1500,5100,9600,26900,3400,14000,2000,17300,4100
107.0,10.23,352400,3600862.0,10.22,10.21,10.2,10.19,10.18,10.17,10.16,10.15,10.14,10.13,10.23,10.24,10.25,10.26,10.27,10.28,10.3,10.31,10.33,10.34,18500,400,3200,3300,700,3200,59200,41200,200,8100,4700,1500,5100,9600,26900,3400,14000,2000,17300,4100
108.0,10.23,352500,3601885.0,10.22,10.21,10.2,10.19,10.18,10.17,10.16,10.15,10.14,10.13,10.24,10.25,10.26,10.27,10.28,10.3,10.31,10.33,10.34,10.35,18500,400,3200,3300,700,3200,59200,41200,200,8100,1500,5100,9600,26900,3400,14000,2000,17300,4100,16000
109.0,10.24,352600,3602909.0,10.22,10.21,10.2,10.19,10.18,10.17,10.16,10.15,10.14,10.13,10.24,10.25,10.26,10.27,10.28,10.3,10.31,10.33,10.34,10.35,18500,400,3200,3300,700,3200,59200,41200,200,8100,1400,5100,9600,26900,3400,14000,2000,17300,4100,16000
110.0,10.24,352600,3602909.0,10.22,10.21,10.2,10.19,10.18,10.17,10.16,10.15,10.14,10.13,10.24,10.25,10.26,10.27,10.28,10.3,10.31,10.33,10.34,10.35,18500,400,3200,3300,700,3200,59200,41200,200,8100,1400,5100,9600,26900,3400,14000,2000,17300,4100,16000
111.0,10.22,359200,3670361.0,10.22,10.21,10.2,10.19,10.18,10.17,10.16,10.15,10.14,10.13,10.23,10.24,10.25,10.26,10.27,10.28,10.3,10.31,10.33,10.34,11900,400,3200,3300,700,3200,59200,41200,200,8100,3800,1400,5100,9600,26600,3400,14000,2000,17300,4100
112.0,10.22,359200,3670361.0,10.22,10.21,10.2,10.19,10.18,10.17,10.16,10.15,10.14,10.13,10.23,10.24,10.25,10.26,10.27,10.28,10.3,10.31,10.33,10.34,11900,500,3200,3300,700,3200,59200,41200,200,8100,3800,1400,5100,9600,26600,3400,14000,2000,17300,4100
113.0,10.23,363900,3718433.0,10.23,10.22,10.21,10.2,10.19,10.18,10.17,10.16,10.15,10.14,10.24,10.25,10.26,10.27,10.28,10.3,10.31,10.33,10.34,10.35,200,11000,500,3200,3300,700,3200,59200,41200,200,1400,5100,9600,26600,3400,14000,2000,17300,4100,16000
114.0,10.24,364100,3720481.0,10.23,10.22,10.21,10.2,10.19,10.18,10.17,10.16,10.15,10.14,10.24,10.25,10.26,10.27,10.28,10.3,10.31,10.33,10.34,10.35,200,11000,500,3200,3300,700,3200,59200,42200,200,1200,5100,9600,26600,3400,14000,2000,17300,4100,16000
115.0,10.24,364100,3720481.0,10.23,10.22,10.21,10.2,10.19,10.18,10.17,10.16,10.15,10.14,10.24,10.25,10.26,10.27,10.28,10.3,10.31,10.33,10.34,10.35,200,11000,500,3200,3300,700,3200,59200,42200,200,1200,6400,9600,26600,3400,14000,2000,17300,4100,16000
116.0,10.23,364600,3725597.0,10.22,10.21,10.2,10.19,10.18,10.17,10.16,10.15,10.14,10.13,10.23,10.24,10.25,10.26,10.27,10.28,10.3,10.31,10.33,10.34,11000,500,3200,3300,700,3200,59200,42200,200,8100,1500,1100,6400,9600,26600,3400,14000,2000,17300,4100
117.0,10.22,365000,3729685.0,10.22,10.21,10.2,10.19,10.18,10.17,10.16,10.15,10.14,10.13,10.23,10.24,10.25,10.26,10.27,10.28,10.3,10.31,10.33,10.34,10600,500,3200,3300,700,3200,59200,42200,200,8100,2100,1100,6400,9600,26600,3400,14000,2000,17300,4100
118.0,10.22,366400,3743997.0,10.22,10.21,10.2,10.19,10.18,10.17,10.16,10.15,10.14,10.13,10.23,10.24,10.25,10.26,10.27,10.28,10.3,10.31,10.33,10.34,9600,500,3200,3000,700,3200,59200,42200,200,8100,1700,1100,6400,9600,26600,3400,14000,2000,17300,4100
119.0,10.22,366400,3743997.0,10.22,10.21,10.2,10.19,10.18,10.17,10.16,10.15,10.14,10.13,10.23,10.24,10.25,10.26,10.27,10.28,10.3,10.31,10.33,10.34,8600,500,3200,3000,700,3200,59500,42200,200,8100,1700,1100,6400,9600,26600,3400,14000,2000,17300,4100
120.0,10.22,367300,3753196.0,10.22,10.21,10.2,10.19,10.18,10.17,10.16,10.15,10.14,10.13,10.23,10.24,10.25,10.26,10.27,10.28,10.3,10.31,10.33,10.34,7800,500,3200,3000,700,3200,59500,42200,200,8100,1600,1100,6400,9600,26600,3400,14000,2000,17300,4100
121.0,10.22,367300,3753196.0,10.22,10.21,10.2,10.19,10.18,10.17,10.16,10.15,10.14,10.13,10.23,10.24,10.25,10.26,10.27,10.28,10.3,10.31,10.33,10.34,8800,500,4000,3000,700,3200,59500,42200,200,8100,2900,1100,6400,9600,26600,3400,14000,2000,17300,4100
122.0,10.22,370700,3787944.0,10.22,10.21,10.2,10.19,10.18,10.17,10.16,10.15,10.14,10.13,10.23,10.24,10.25,10.26,10.27,10.28,10.3,10.31,10.33,10.34,5400,100,4000,3000,700,3200,59500,42200,200,8100,2900,1100,6400,9600,26600,3400,14000,2000,17300,4100
123.0,10.23,371400,3795105.0,10.22,10.2,10.19,10.18,10.17,10.16,10.15,10.14,10.13,10.12,10.23,10.24,10.25,10.26,10.27,10.28,10.3,10.31,10.33,10.34,5400,3200,3000,700,3200,59800,42200,200,8100,1200,2200,1100,6400,9600,26600,3400,14000,2000,17300,4100
124.0,10.23,373200,3813511.0,10.22,10.2,10.19,10.18,10.17,10.16,10.15,10.14,10.13,10.12,10.23,10.24,10.25,10.26,10.27,10.28,10.3,10.31,10.33,10.34,5200,3200,3000,700,3200,59800,42200,200,8100,1200,1200,1100,6400,9600,26600,3400,14000,2000,17300,4100
125.0,10.22,379000,3872791.0,10.21,10.2,10.19,10.18,10.17,10.16,10.15,10.14,10.13,10.12,10.22,10.23,10.24,10.25,10.26,10.27,10.28,10.3,10.31,10.33,2700,3200,3000,700,3200,59800,42200,200,8100,1200,1900,800,1100,6400,6400,26600,3400,14000,2000,17300
126.0,10.22,379100,3873813.0,10.21,10.2,10.19,10.18,10.17,10.16,10.15,10.14,10.13,10.12,10.22,10.23,10.24,10.25,10.26,10.27,10.28,10.3,10.31,10.33,2700,3600,3000,700,3200,59800,42200,200,8100,1200,1800,800,1100,6400,6400,26600,3400,14000,2000,17300
127.0,10.22,379100,3873813.0,10.21,10.2,10.19,10.18,10.17,10.16,10.15,10.14,10.13,10.12,10.22,10.23,10.24,10.25,10.26,10.27,10.28,10.3,10.31,10.33,2700,4100,3000,700,3200,59800,42200,200,8100,1200,5800,800,1100,6400,6400,26600,3400,14000,2000,17300
128.0,10.24,390900,3994515.0,10.23,10.21,10.2,10.19,10.18,10.17,10.16,10.15,10.14,10.13,10.24,10.25,10.26,10.27,10.28,10.3,10.31,10.33,10.34,10.35,8000,2500,4100,3000,1200,3200,61900,42200,200,8100,2500,6400,6400,26600,3400,14000,2000,17300,4100,16000
129.0,10.24,390900,3994515.0,10.23,10.22,10.21,10.2,10.19,10.18,10.17,10.16,10.15,10.14,10.24,10.25,10.26,10.27,10.28,10.3,10.31,10.33,10.34,10.35,8000,1300,3500,5100,3000,1200,3200,61900,42200,200,2300,6400,6400,26600,3400,14000,2000,17300,4100,16000
130.0,10.24,391100,3996563.0,10.23,10.22,10.21,10.2,10.19,10.18,10.17,10.16,10.15,10.14,10.24,10.25,10.26,10.27,10.28,10.3,10.31,10.33,10.34,10.35,8100,1300,3500,5100,3000,1200,3200,61900,43200,200,2100,6400,6400,26600,3400,14000,2000,17300,4100,16000
131.0,10.24,391100,3996563.0,10.23,10.22,10.21,10.2,10.19,10.18,10.17,10.16,10.15,10.14,10.24,10.25,10.26,10.27,10.28,10.3,10.31,10.33,10.34,10.35,8300,1300,3500,5100,3000,4100,3200,59000,43200,200,2100,6400,6400,26600,3400,14000,2000,17300,4100,16000
132.0,10.23,397100,4057943.0,10.23,10.22,10.21,10.2,10.19,10.18,10.17,10.16,10.15,10.14,10.24,10.25,10.26,10.27,10.28,10.3,10.31,10.33,10.34,10.35,2300,1300,3500,5100,3000,4100,3200,59000,43200,200,2100,6400,6400,26600,3400,14000,2000,17300,4100,16000
133.0,10.24,398900,4076375.0,10.23,10.22,10.21,10.2,10.19,10.18,10.17,10.16,10.15,10.14,10.24,10.25,10.26,10.27,10.28,10.3,10.31,10.33,10.34,10.35,2300,1300,3500,5400,3000,4100,3200,59000,43200,200,300,6400,6400,26600,3400,14000,2000,17300,4100,16000
134.0,10.24,398900,4076375.0,10.23,10.22,10.21,10.2,10.19,10.18,10.17,10.16,10.15,10.14,10.24,10.25,10.26,10.27,10.28,10.3,10.31,10.33,10.34,10.35,2300,1300,3500,5900,3000,4100,3200,59000,43200,200,300,6400,6400,26600,3400,14000,2000,17300,4100,16000
135.0,10.24,398900,4076375.0,10.23,10.22,10.21,10.2,10.19,10.18,10.17,10.16,10.15,10.14,10.24,10.25,10.26,10.27,10.28,10.3,10.31,10.33,10.34,10.35,2300,1300,3500,5900,3000,4100,3200,59000,46200,200,300,6400,6400,26600,3400,14000,2000,17300,4100,16000
136.0,10.24,398900,4076375.0,10.23,10.22,10.21,10.2,10.19,10.18,10.17,10.16,10.15,10.14,10.24,10.25,10.26,10.27,10.28,10.3,10.31,10.33,10.34,10.35,2300,1300,3500,5900,3000,4100,3200,59000,46200,200,300,6400,6400,26600,3400,14000,2000,17300,4100,16000
137.0,10.24,398900,4076375.0,10.23,10.22,10.21,10.2,10.19,10.18,10.17,10.16,10.15,10.14,10.24,10.25,10.26,10.27,10.28,10.3,10.31,10.33,10.34,10.35,2300,1300,3500,5900,3000,4100,3200,59000,46200,200,300,6400,6400,26600,3400,14000,2000,17300,4100,16000
138.0,10.24,398900,4076375.0,10.23,10.22,10.21,10.2,10.19,10.18,10.17,10.16,10.15,10.14,10.24,10.25,10.26,10.27,10.28,10.3,10.31,10.33,10.34,10.35,2300,1300,3500,5900,3000,4100,3200,59000,46200,200,2000,6400,6400,26600,3400,14000,2000,17300,4100,16000
139.0,10.24,398900,4076375.0,10.23,10.22,10.21,10.2,10.19,10.18,10.17,10.16,10.15,10.14,10.24,10.25,10.26,10.27,10.28,10.3,10.31,10.33,10.34,10.35,2300,1300,3500,5900,3000,4100,3200,59000,46200,200,2000,6400,6400,26600,3400,14000,2000,17300,4100,16000
140.0,10.23,399700,4084564.0,10.23,10.22,10.21,10.2,10.19,10.18,10.17,10.16,10.15,10.14,10.24,10.25,10.26,10.27,10.28,10.3,10.31,10.33,10.34,10.35,2000,1300,3500,5900,3000,4100,3200,59000,46200,200,1500,6400,6400,26600,3400,14000,2000,17300,4100,16000
141.0,10.22,401800,4106046.0,10.22,10.21,10.2,10.19,10.18,10.17,10.16,10.15,10.14,10.13,10.23,10.24,10.25,10.26,10.27,10.28,10.3,10.31,10.33,10.34,1200,3800,5900,3000,4100,3200,59000,46200,200,8100,100,2300,6400,6400,26600,3400,14000,2000,17300,4100
142.0,10.22,401900,4107068.0,10.22,10.21,10.2,10.19,10.18,10.17,10.16,10.15,10.14,10.13,10.23,10.24,10.25,10.26,10.27,10.28,10.3,10.31,10.33,10.34,1100,3800,5900,3000,4100,3200,59000,46200,200,8100,100,2300,6400,6400,26600,3400,14000,2000,17300,4100
143.0,10.21,412300,4213306.0,10.2,10.19,10.18,10.17,10.16,10.15,10.14,10.13,10.12,10.11,10.21,10.22,10.23,10.24,10.25,10.26,10.27,10.28,10.3,10.31,6000,3000,4100,2200,59000,46200,1200,8100,1200,9600,900,1200,100,2300,6400,6400,26600,3400,14000,2000
144.0,10.21,412300,4213306.0,10.2,10.19,10.18,10.17,10.16,10.15,10.14,10.13,10.12,10.11,10.21,10.22,10.23,10.24,10.25,10.26,10.27,10.28,10.3,10.31,6000,3000,4100,2700,59000,46200,1200,8100,1200,9600,1100,1200,100,2300,6400,6400,26600,3400,14000,2000
145.0,10.21,412300,4213306.0,10.2,10.19,10.18,10.17,10.16,10.15,10.14,10.13,10.12,10.11,10.21,10.22,10.23,10.24,10.25,10.26,10.27,10.28,10.3,10.31,6000,3000,4100,2700,59000,46200,1200,8100,1200,9600,1100,1200,100,2300,6400,6400,26600,3400,14000,2000
146.0,10.2,412800,4218407.0,10.2,10.19,10.18,10.17,10.16,10.15,10.14,10.13,10.12,10.11,10.21,10.22,10.23,10.24,10.25,10.26,10.27,10.28,10.3,10.31,6300,3000,4100,2700,59000,46200,1200,8100,1200,9600,1000,1200,100,5100,6400,6400,26600,3400,14000,2000
147.0,10.2,412800,4218407.0,10.2,10.19,10.18,10.17,10.16,10.15,10.14,10.13,10.12,10.11,10.21,10.22,10.23,10.24,10.25,10.26,10.27,10.28,10.3,10.31,6300,3000,4100,2700,59000,46200,1200,8100,1200,9600,6800,1200,100,5100,6400,6400,26600,3400,14000,2000
148.0,10.21,413000,4220449.0,10.2,10.19,10.18,10.17,10.16,10.15,10.14,10.13,10.12,10.11,10.21,10.22,10.23,10.24,10.25,10.26,10.27,10.28,10.3,10.31,5800,3000,4100,2700,59000,46200,1200,8100,1200,9600,6600,1200,100,5100,6400,6400,26600,3400,14000,2000
149.0,10.2,414800,4238822.0,10.2,10.19,10.18,10.17,10.16,10.15,10.14,10.13,10.12,10.11,10.21,10.22,10.23,10.24,10.25,10.26,10.27,10.28,10.3,10.31,5400,3000,4100,2700,59000,46200,1200,8100,1200,9600,5300,1200,100,5100,6400,6400,26600,3400,14000,2000
150.0,10.21,415300,4243927.0,10.2,10.19,10.18,10.17,10.16,10.15,10.14,10.13,10.12,10.11,10.21,10.22,10.23,10.24,10.25,10.26,10.27,10.28,10.3,10.31,5400,3000,6100,2700,59000,46200,1200,8100,1200,9600,6500,1200,100,3600,6400,6400,26600,3400,14000,2000
151.0,10.19,423200,4324482.0,10.19,10.18,10.17,10.16,10.15,10.14,10.13,10.12,10.11,10.1,10.21,10.23,10.24,10.25,10.26,10.27,10.28,10.3,10.31,10.33,900,6100,2700,59000,46200,1200,8100,1200,9600,24200,6500,100,3600,6400,6400,26600,3400,14000,2000,17300
152.0,10.21,426700,4360211.0,10.19,10.18,10.17,10.16,10.15,10.14,10.13,10.12,10.11,10.1,10.21,10.23,10.24,10.25,10.26,10.27,10.28,10.3,10.31,10.33,2300,6100,2700,59000,46200,1200,8100,1200,9600,24200,7000,100,3600,6400,6400,26600,3400,14000,2000,17300
153.0,10.21,427500,4368379.0,10.19,10.18,10.17,10.16,10.15,10.14,10.13,10.12,10.11,10.1,10.2,10.21,10.23,10.24,10.25,10.26,10.27,10.28,10.3,10.31,7900,6100,2700,59000,46200,1200,8100,1200,9600,24200,3000,6200,100,3600,6400,6400,26600,3400,14000,2000
154.0,10.21,427500,4368379.0,10.19,10.18,10.17,10.16,10.15,10.14,10.13,10.12,10.11,10.1,10.2,10.21,10.24,10.25,10.26,10.27,10.28,10.3,10.31,10.33,7900,6100,2700,59000,46200,1200,8100,1200,9600,24200,3000,6200,3600,6400,6400,26600,3400,14000,2000,17300
155.0,10.19,433100,4425444.0,10.19,10.18,10.17,10.16,10.15,10.14,10.13,10.12,10.11,10.1,10.2,10.21,10.24,10.25,10.26,10.27,10.28,10.3,10.31,10.33,2500,3200,2700,59000,46600,1200,8100,1200,9600,24200,3000,4200,3600,6400,6400,26600,3400,14000,2000,17300
156.0,10.2,433400,4428504.0,10.19,10.18,10.17,10.16,10.15,10.14,10.13,10.12,10.11,10.1,10.2,10.21,10.24,10.25,10.26,10.27,10.28,10.3,10.31,10.33,2500,3200,2700,59000,46600,1200,8100,1200,9600,24200,2700,4200,3600,6400,6400,26600,3400,14000,2000,17300
157.0,10.19,435900,4453990.0,10.19,10.18,10.17,10.16,10.15,10.14,10.13,10.12,10.11,10.1,10.2,10.21,10.24,10.25,10.26,10.27,10.28,10.3,10.31,10.33,1100,3200,2700,59000,46600,1200,8100,1200,9600,24200,1600,4200,3600,6400,6400,26600,3400,14000,2000,17300
158.0,10.19,435900,4453990.0,10.19,10.18,10.17,10.16,10.15,10.14,10.13,10.12,10.11,10.1,10.2,10.21,10.24,10.25,10.26,10.27,10.28,10.3,10.31,10.33,1100,3200,3700,62000,46600,1200,8100,1200,9600,24200,1600,4200,3600,6400,6400,26600,3400,14000,2000,17300
159.0,10.19,437000,4465199.0,10.18,10.17,10.16,10.15,10.14,10.13,10.12,10.11,10.1,10.09,10.19,10.2,10.21,10.24,10.25,10.26,10.27,10.28,10.3,10.31,3200,3900,62000,46600,1200,8100,1200,9600,24200,2200,800,1600,4200,3600,6400,6400,26600,3400,14000,2000
160.0,10.19,437100,4466218.0,10.18,10.17,10.16,10.15,10.14,10.13,10.12,10.11,10.1,10.09,10.19,10.2,10.21,10.24,10.25,10.26,10.27,10.28,10.3,10.31,3200,3900,62000,46600,1200,8100,1200,9600,24200,2200,1200,1600,4200,3600,6400,6400,26600,3400,14000,2000
161.0,10.19,438500,4480484.0,10.18,10.17,10.16,10.15,10.14,10.13,10.12,10.11,10.1,10.09,10.19,10.2,10.21,10.24,10.25,10.26,10.27,10.28,10.3,10.31,13200,6100,62000,46600,1200,8100,1200,9600,24200,2200,4700,1600,4200,3600,5100,6400,26600,3400,14000,2000
162.0,10.17,454100,4639302.0,10.18,10.17,10.16,10.15,10.14,10.13,10.12,10.11,10.1,10.09,10.19,10.2,10.21,10.24,10.25,10.26,10.27,10.28,10.3,10.31,3200,5800,62000,46600,1200,8100,1200,9600,24200,2200,4700,1600,2500,3600,5100,6400,26600,3400,14000,2000
163.0,10.19,454500,4643378.0,10.18,10.17,10.16,10.15,10.14,10.13,10.12,10.11,10.1,10.09,10.19,10.2,10.21,10.24,10.25,10.26,10.27,10.28,10.3,10.31,3200,6100,62000,46600,1200,8100,1200,9600,23700,2200,4300,2200,2500,3600,5100,6400,26600,3400,14000,2000
164.0,10.19,459100,4690249.0,10.19,10.18,10.17,10.16,10.15,10.14,10.13,10.12,10.11,10.1,10.2,10.21,10.24,10.25,10.26,10.27,10.28,10.3,10.31,10.33,5800,2900,6100,62000,46600,1200,8100,1200,9600,23700,2200,2500,3600,5100,6400,26600,3400,14000,2000,17300
165.0,10.19,460500,4704515.0,10.19,10.18,10.17,10.16,10.15,10.14,10.13,10.12,10.11,10.1,10.2,10.21,10.24,10.25,10.26,10.27,10.28,10.3,10.31,10.33,4400,2900,6100,62000,46600,1200,8100,1200,9600,23700,2200,2500,3600,5100,6400,26600,3400,14000,2000,17300
166.0,10.19,477700,4879922.0,10.19,10.18,10.17,10.16,10.15,10.14,10.13,10.12,10.11,10.1,10.21,10.24,10.25,10.26,10.27,10.28,10.3,10.31,10.33,10.34,1100,3100,6100,62000,46600,1200,8100,1200,9600,23700,2500,3600,5100,6400,26600,3400,14000,2000,17300,4100
167.0,10.2,478400,4887065.0,10.19,10.18,10.17,10.16,10.15,10.14,10.13,10.12,10.11,10.1,10.21,10.24,10.25,10.26,10.27,10.28,10.3,10.31,10.33,10.34,1100,3100,6100,62000,46600,1200,8100,1200,9600,23700,2200,3600,5100,6400,26600,3400,14000,2000,17300,4100
168.0,10.2,478400,4887065.0,10.2,10.19,10.18,10.17,10.16,10.15,10.14,10.13,10.12,10.11,10.21,10.24,10.25,10.26,10.27,10.28,10.3,10.31,10.33,10.34,1400,2200,3100,6100,62000,46600,1200,8100,1200,9600,3500,3600,5100,6400,26600,3400,14000,2000,17300,4100
169.0,10.19,481300,4916636.0,10.19,10.18,10.17,10.16,10.15,10.14,10.13,10.12,10.11,10.1,10.21,10.24,10.25,10.26,10.27,10.28,10.3,10.31,10.33,10.34,4700,8100,6100,62000,46600,1200,8100,1200,9600,23700,3200,3600,5100,6400,26600,3400,14000,2000,17300,4100
170.0,10.19,481300,4916636.0,10.19,10.18,10.17,10.16,10.15,10.14,10.13,10.12,10.11,10.1,10.21,10.24,10.25,10.26,10.27,10.28,10.3,10.31,10.33,10.34,4800,8100,6100,62000,46600,1200,8100,1200,9600,23700,3200,4200,5100,6400,26600,3400,14000,2000,17300,4100
171.0,10.19,481300,4916636.0,10.19,10.18,10.17,10.16,10.15,10.14,10.13,10.12,10.11,10.1,10.21,10.24,10.25,10.26,10.27,10.28,10.3,10.31,10.33,10.34,4800,8100,6100,62000,46600,1200,8100,1200,9600,23700,3200,4200,5100,6400,26600,3400,14000,2000,17300,4100
172.0,10.21,481900,4922762.0,10.19,10.18,10.17,10.16,10.15,10.14,10.13,10.12,10.11,10.1,10.21,10.24,10.25,10.26,10.27,10.28,10.3,10.31,10.33,10.34,2400,8100,6100,62000,46600,1200,8100,1200,9600,23700,3900,4200,5100,6400,26600,3400,14000,2000,17300,4100
173.0,10.19,482800,4931939.0,10.19,10.18,10.17,10.16,10.15,10.14,10.13,10.12,10.11,10.1,10.21,10.24,10.25,10.26,10.27,10.28,10.3,10.31,10.33,10.34,1800,8100,5800,62000,46600,1200,8100,1200,9600,23700,3600,4200,5100,6400,26600,5400,14000,2000,17300,4100
174.0,10.19,482800,4931939.0,10.2,10.19,10.18,10.17,10.16,10.15,10.14,10.13,10.12,10.11,10.21,10.24,10.25,10.26,10.27,10.28,10.3,10.31,10.33,10.34,200,1800,8100,5800,62000,46600,1200,8100,1200,9600,3600,4200,5100,6400,26600,5400,14000,2000,17300,4100
175.0,10.19,485500,4959454.0,10.19,10.18,10.17,10.16,10.15,10.14,10.13,10.12,10.11,10.1,10.21,10.24,10.25,10.26,10.27,10.28,10.3,10.31,10.33,10.34,3500,8100,5800,62000,46600,1200,8100,1200,9600,23700,3600,18100,5500,6400,26600,5400,14000,2000,17300,4100
176.0,10.21,485800,4962517.0,10.19,10.18,10.17,10.16,10.15,10.14,10.13,10.12,10.11,10.1,10.21,10.24,10.25,10.26,10.27,10.28,10.3,10.31,10.33,10.34,1700,10100,5800,62000,46600,1200,8100,1200,9600,23700,3300,18100,5500,6400,26600,5400,14000,2000,17300,4100
177.0,10.21,485800,4962517.0,10.19,10.18,10.17,10.16,10.15,10.14,10.13,10.12,10.11,10.1,10.21,10.24,10.25,10.26,10.27,10.28,10.3,10.31,10.33,10.34,2300,10100,5800,62000,46600,1200,8100,1200,9600,23700,3300,18100,5500,6400,26600,5400,14000,2000,17300,4100
178.0,10.19,490300,5008378.0,10.19,10.18,10.17,10.16,10.15,10.14,10.13,10.12,10.11,10.1,10.21,10.24,10.25,10.26,10.27,10.28,10.3,10.31,10.33,10.34,4200,17300,7200,62000,46600,1200,8100,1200,9900,23700,4200,18100,5500,6400,26600,5400,14000,2000,17300,4100
179.0,10.21,490600,5011437.0,10.19,10.18,10.17,10.16,10.15,10.14,10.13,10.12,10.11,10.1,10.21,10.24,10.25,10.26,10.27,10.28,10.3,10.31,10.33,10.34,4000,22400,7200,62000,46600,1200,8100,1200,9900,23700,4100,18100,5500,6400,26600,5400,14000,2000,17300,4100
180.0,10.19,493300,5038958.0,10.19,10.18,10.17,10.16,10.15,10.14,10.13,10.12,10.11,10.1,10.21,10.24,10.25,10.26,10.27,10.28,10.3,10.31,10.33,10.34,1700,22800,8200,62000,46600,1200,8100,1200,9900,23700,3700,18100,5500,6400,26600,5400,14000,2000,17300,4100
181.0,10.19,533900,5452672.0,10.19,10.18,10.17,10.16,10.15,10.14,10.13,10.12,10.11,10.1,10.21,10.24,10.25,10.26,10.27,10.28,10.3,10.31,10.33,10.34,3000,22900,8200,62000,46600,1200,8100,1200,9900,23700,4900,18100,5500,6400,26600,5400,14000,2000,17300,4100
182.0,10.19,539100,5505738.0,10.19,10.18,10.17,10.16,10.15,10.14,10.13,10.12,10.11,10.1,10.21,10.24,10.25,10.26,10.27,10.28,10.3,10.31,10.33,10.34,3100,23500,8300,62000,46800,1200,8100,1200,9900,23700,1000,18100,5500,6400,26600,5400,14000,2000,17300,4100
183.0,10.21,560400,5722817.0,10.21,10.2,10.19,10.18,10.17,10.16,10.15,10.14,10.13,10.12,10.23,10.24,10.25,10.26,10.27,10.28,10.3,10.31,10.33,10.34,2700,6200,5400,23500,43900,62000,46800,1200,8100,1200,6400,18100,5500,6400,26600,5400,14000,2000,17300,4100
184.0,10.21,560400,5722817.0,10.21,10.2,10.19,10.18,10.17,10.16,10.15,10.14,10.13,10.12,10.23,10.24,10.25,10.26,10.27,10.28,10.3,10.31,10.33,10.34,4100,6200,5900,23500,48900,62000,46800,1200,8100,1200,7800,18100,5500,6400,26600,5400,14000,2000,17300,4100
185.0,10.21,560800,5726901.0,10.21,10.2,10.19,10.18,10.17,10.16,10.15,10.14,10.13,10.12,10.23,10.24,10.25,10.26,10.27,10.28,10.3,10.31,10.33,10.34,3700,6200,6400,23500,48900,62000,46800,1200,8100,1200,7800,18100,5500,6400,26600,5400,14000,2000,17300,4100
186.0,10.21,562700,5746314.0,10.21,10.2,10.19,10.18,10.17,10.16,10.15,10.14,10.13,10.12,10.23,10.24,10.25,10.26,10.27,10.28,10.3,10.31,10.33,10.34,2500,400,6400,23500,48900,62000,46800,1200,8100,1200,7100,18100,5500,6400,26600,5400,14000,2000,17300,4100
187.0,10.21,564300,5762664.0,10.21,10.2,10.19,10.18,10.17,10.16,10.15,10.14,10.13,10.12,10.23,10.24,10.25,10.26,10.27,10.28,10.3,10.31,10.33,10.34,1600,400,5400,23500,48900,62000,46800,1200,8100,1200,6400,18100,5500,6400,26600,5400,14000,2000,17300,4100
188.0,10.21,564300,5762664.0,10.21,10.2,10.19,10.18,10.17,10.16,10.15,10.14,10.13,10.12,10.23,10.24,10.25,10.26,10.27,10.28,10.3,10.31,10.33,10.34,2900,400,5400,23500,48900,62000,46800,1200,8100,1200,7700,18100,5500,6400,26600,5400,14000,2000,17300,4100
189.0,10.21,564600,5765729.0,10.21,10.2,10.19,10.18,10.17,10.16,10.15,10.14,10.13,10.12,10.22,10.23,10.24,10.25,10.26,10.27,10.28,10.3,10.31,10.33,2800,400,5400,23500,49100,62000,47800,1200,8100,1200,200,7700,18100,5500,6400,26600,5400,14000,2000,17300
190.0,10.22,564700,5766751.0,10.21,10.2,10.19,10.18,10.17,10.16,10.15,10.14,10.13,10.12,10.22,10.23,10.24,10.25,10.26,10.27,10.28,10.3,10.31,10.33,2800,400,5400,23900,49100,62000,47800,1200,8100,1200,100,7700,18100,5500,6400,26600,5400,14000,2000,17300
191.0,10.23,565900,5779006.0,10.21,10.2,10.19,10.18,10.17,10.16,10.15,10.14,10.13,10.12,10.23,10.24,10.25,10.26,10.27,10.28,10.3,10.31,10.33,10.34,2600,400,5400,23900,49100,62000,47800,1200,8100,1200,7600,18100,5500,6400,26600,5400,14000,2000,17300,4100
192.0,10.23,565900,5779006.0,10.21,10.2,10.19,10.18,10.17,10.16,10.15,10.14,10.13,10.12,10.23,10.24,10.25,10.26,10.27,10.28,10.3,10.31,10.33,10.34,2600,400,5700,23900,59100,62000,47800,1200,8100,1200,7600,18100,5500,6400,26600,5400,14000,2000,17300,4100
193.0,10.23,566600,5786167.0,10.21,10.2,10.19,10.18,10.17,10.16,10.15,10.14,10.13,10.12,10.23,10.24,10.25,10.26,10.27,10.28,10.3,10.31,10.33,10.34,2600,400,5700,23900,59100,62000,47800,1200,8100,1200,6900,18100,5500,6400,26600,5400,14000,2000,17300,4100
194.0,10.21,570900,5830082.0,10.21,10.2,10.19,10.18,10.17,10.16,10.15,10.14,10.13,10.12,10.23,10.24,10.25,10.26,10.27,10.28,10.3,10.31,10.33,10.34,100,900,6200,29400,59100,62000,47800,1200,8100,1700,7500,18100,5500,6400,26600,5400,14000,2000,17300,4100
195.0,10.21,574000,5861765.0,10.2,10.19,10.18,10.17,10.16,10.15,10.14,10.13,10.12,10.11,10.23,10.24,10.25,10.26,10.27,10.28,10.3,10.31,10.33,10.34,900,6200,29400,59100,62000,47800,1200,8100,1700,9900,5900,4200,5500,6400,26600,5400,14000,2000,17300,4100
196.0,10.21,574000,5861765.0,10.2,10.19,10.18,10.17,10.16,10.15,10.14,10.13,10.12,10.11,10.23,10.24,10.25,10.26,10.27,10.28,10.3,10.31,10.33,10.34,3700,6200,30400,59100,62000,47800,1200,8100,1700,9900,8700,4200,5500,6400,26600,5400,14000,2000,17300,4100
197.0,10.23,574800,5869949.0,10.21,10.2,10.19,10.18,10.17,10.16,10.15,10.14,10.13,10.12,10.23,10.24,10.25,10.26,10.27,10.28,10.3,10.31,10.33,10.34,1700,6500,8000,30400,60000,62000,47800,1200,8100,1700,9500,4200,5500,6400,26600,5400,14000,2000,17300,4100
198.0,10.23,574800,5869949.0,10.21,10.2,10.19,10.18,10.17,10.16,10.15,10.14,10.13,10.12,10.23,10.24,10.25,10.26,10.27,10.28,10.3,10.31,10.33,10.34,1700,6500,8000,30400,60000,62000,47800,1200,8100,1700,9500,4200,5500,6400,26600,5400,14000,2000,17300,4100
199.0,10.2,579100,5913826.0,10.21,10.2,10.19,10.18,10.17,10.16,10.15,10.14,10.13,10.12,10.23,10.24,10.25,10.26,10.27,10.28,10.3,10.31,10.33,10.34,300,7900,8000,30400,60000,62000,47800,1200,8100,1700,9500,4200,5500,6400,26600,5400,14000,2000,17300,4100
200.0,10.23,580000,5923033.0,10.21,10.2,10.19,10.18,10.17,10.16,10.15,10.14,10.13,10.12,10.23,10.24,10.25,10.26,10.27,10.28,10.3,10.31,10.33,10.34,500,8700,13000,26200,60000,62000,47800,1200,8100,1700,8600,4200,5500,6400,26600,5400,14000,2000,17300,4100
201.0,10.21,582800,5951641.0,10.2,10.19,10.18,10.17,10.16,10.15,10.14,10.13,10.12,10.11,10.21,10.23,10.24,10.25,10.26,10.27,10.28,10.3,10.31,10.33,8700,13000,26200,60000,62000,47800,1200,8100,1700,9900,200,8900,4200,5500,6400,26600,5400,14000,2000,17300
202.0,10.19,612200,6251314.0,10.2,10.19,10.18,10.17,10.16,10.15,10.14,10.13,10.12,10.11,10.21,10.23,10.24,10.25,10.26,10.27,10.28,10.3,10.31,10.33,3800,18100,29200,60000,62000,47800,1200,8100,1700,9900,200,8900,4200,5500,6400,26600,5400,14000,2000,17300
203.0,10.19,612200,6251314.0,10.2,10.19,10.18,10.17,10.16,10.15,10.14,10.13,10.12,10.11,10.21,10.23,10.24,10.25,10.26,10.27,10.28,10.3,10.31,10.33,4300,20100,29200,60000,62000,47800,1200,8100,1700,9900,200,8900,4200,5500,6400,26600,5400,14000,2000,17300
204.0,10.21,612400,6253356.0,10.21,10.2,10.19,10.18,10.17,10.16,10.15,10.14,10.13,10.12,10.23,10.24,10.25,10.26,10.27,10.28,10.3,10.31,10.33,10.34,900,4300,20500,29200,60000,62000,47800,1200,8100,1700,8900,4200,5500,6400,26600,15400,14000,2000,17300,4100
205.0,10.2,616100,6291126.0,10.2,10.19,10.18,10.17,10.16,10.15,10.14,10.13,10.12,10.11,10.21,10.23,10.24,10.25,10.26,10.27,10.28,10.3,10.31,10.33,2200,18500,29200,60000,62000,47800,1200,8100,1700,9900,1000,8200,4200,5500,6400,26600,15400,14000,2000,17300
206.0,10.19,622500,6356383.0,10.19,10.18,10.17,10.16,10.15,10.14,10.13,10.12,10.11,10.1,10.21,10.23,10.24,10.25,10.26,10.27,10.28,10.3,10.31,10.33,15900,29400,60300,62000,47800,1200,8100,1700,9900,35900,700,8200,4200,5500,6400,26600,15400,14000,2000,17300
207.0,10.2,622600,6357403.0,10.19,10.18,10.17,10.16,10.15,10.14,10.13,10.12,10.11,10.1,10.2,10.21,10.23,10.24,10.25,10.26,10.27,10.28,10.3,10.31,17200,29400,60300,62000,47800,1200,8100,1700,9900,35900,900,2000,9500,4200,5500,6400,26600,15400,14000,2000
208.0,10.2,622600,6357403.0,10.19,10.18,10.17,10.16,10.15,10.14,10.13,10.12,10.11,10.1,10.2,10.21,10.23,10.24,10.25,10.26,10.27,10.28,10.3,10.31,17700,29400,60300,62000,47800,1200,8100,1700,9900,35900,900,2000,9500,4200,5500,6400,26600,15400,14000,2000
209.0,10.2,622600,6357403.0,10.19,10.18,10.17,10.16,10.15,10.14,10.13,10.12,10.11,10.1,10.2,10.21,10.23,10.24,10.25,10.26,10.27,10.28,10.3,10.31,17800,29400,60300,62000,47800,1200,8100,1700,9900,35900,3500,2000,20000,4200,5500,6400,26600,15400,14000,2000
210.0,10.2,622900,6360463.0,10.19,10.18,10.17,10.16,10.15,10.14,10.13,10.12,10.11,10.1,10.2,10.21,10.23,10.24,10.25,10.26,10.27,10.28,10.3,10.31,17800,29400,60300,62000,47800,1200,8100,1700,9900,35900,5100,2000,20000,4200,5500,6400,26600,15400,14000,2000
211.0,10.2,622900,6360463.0,10.19,10.18,10.17,10.16,10.15,10.14,10.13,10.12,10.11,10.1,10.2,10.21,10.23,10.24,10.25,10.26,10.27,10.28,10.3,10.31,17800,29400,60300,62000,47800,1200,8100,1700,9900,35900,5100,2000,20000,4200,5500,6400,26600,15400,14000,2000
212.0,10.2,623900,6370663.0,10.19,10.18,10.17,10.16,10.15,10.14,10.13,10.12,10.11,10.1,10.2,10.21,10.23,10.24,10.25,10.26,10.27,10.28,10.3,10.31,17900,34600,60300,62000,47800,1200,8100,1700,9900,35900,4200,2000,20000,4200,5500,6400,26600,15400,14000,2000
213.0,10.2,624300,6374743.0,10.19,10.18,10.17,10.16,10.15,10.14,10.13,10.12,10.11,10.1,10.2,10.21,10.23,10.24,10.25,10.26,10.27,10.28,10.3,10.31,17900,34900,60300,62000,47800,1200,8100,1700,9900,35900,3800,9400,20000,4200,5500,6400,26600,15400,14000,2000
214.0,10.2,624400,6375763.0,10.19,10.18,10.17,10.16,10.15,10.14,10.13,10.12,10.11,10.1,10.2,10.21,10.23,10.24,10.25,10.26,10.27,10.28,10.3,10.31,17900,34900,58600,62000,47800,1200,8100,1700,9900,35900,4600,9400,20000,4200,5500,6400,26600,15400,14000,2000
215.0,10.19,630700,6439960.0,10.19,10.18,10.17,10.16,10.15,10.14,10.13,10.12,10.11,10.1,10.2,10.21,10.23,10.24,10.25,10.26,10.27,10.28,10.3,10.31,11600,34800,58600,62100,47800,1200,8100,1700,9900,35900,4600,9400,20000,4200,5500,6400,26600,15400,14000,2000
216.0,10.2,633600,6469529.0,10.19,10.18,10.17,10.16,10.15,10.14,10.13,10.12,10.11,10.1,10.2,10.21,10.23,10.24,10.25,10.26,10.27,10.28,10.3,10.31,10500,34800,58600,62100,47800,1200,8100,1700,9900,35900,2800,9400,20000,4200,5500,6400,26600,15400,14000,2000
217.0,10.2,633600,6469529.0,10.19,10.18,10.17,10.16,10.15,10.14,10.13,10.12,10.11,10.1,10.2,10.21,10.23,10.24,10.25,10.26,10.27,10.28,10.3,10.31,15500,34800,58600,62100,47800,1200,8100,1700,9900,35900,3800,9400,20000,4200,5500,6400,26600,15400,14000,2000
218.0,10.19,634600,6479726.0,10.19,10.18,10.17,10.16,10.15,10.14,10.13,10.12,10.11,10.1,10.2,10.21,10.23,10.24,10.25,10.26,10.27,10.28,10.3,10.31,16300,33700,58600,62100,47800,1200,8100,1700,9900,35900,3100,9400,20000,4200,5500,6400,26600,15400,14000,2000
219.0,10.19,635400,6487878.0,10.19,10.18,10.17,10.16,10.15,10.14,10.13,10.12,10.11,10.1,10.2,10.21,10.23,10.24,10.25,10.26,10.27,10.28,10.3,10.31,15800,35700,58600,62100,47800,1200,8100,1700,9900,35900,3100,9400,20000,4200,5500,6400,26600,15400,14000,2000
220.0,10.2,637200,6506238.0,10.19,10.18,10.17,10.16,10.15,10.14,10.13,10.12,10.11,10.1,10.2,10.21,10.23,10.24,10.25,10.26,10.27,10.28,10.3,10.31,15800,32700,58600,62100,47800,1200,8100,1700,9900,35900,1300,9400,20000,4200,5500,6400,26600,15400,14000,2000
221.0,10.2,638100,6515418.0,10.19,10.18,10.17,10.16,10.15,10.14,10.13,10.12,10.11,10.1,10.2,10.21,10.23,10.24,10.25,10.26,10.27,10.28,10.3,10.31,14700,32700,58600,62100,47800,1200,8100,1700,9900,35900,400,9400,20000,4200,5500,6400,26600,15400,14000,2000
222.0,10.19,638900,6523570.0,10.19,10.18,10.17,10.16,10.15,10.14,10.13,10.12,10.11,10.1,10.2,10.21,10.23,10.24,10.25,10.26,10.27,10.28,10.3,10.31,13900,32700,58600,62100,47800,1200,9800,1700,9900,35900,400,9400,20000,4200,5500,6400,26600,15400,14000,2000
223.0,10.19,638900,6523570.0,10.19,10.18,10.17,10.16,10.15,10.14,10.13,10.12,10.11,10.1,10.2,10.21,10.23,10.24,10.25,10.26,10.27,10.28,10.3,10.31,13900,32700,58600,62100,47800,1200,9800,1700,9900,35900,400,9400,20000,4200,5500,6400,26600,15400,14000,2000
224.0,10.19,640300,6537836.0,10.19,10.18,10.17,10.16,10.15,10.14,10.13,10.12,10.11,10.1,10.2,10.21,10.23,10.24,10.25,10.26,10.27,10.28,10.3,10.31,12500,32700,58600,62100,47800,1200,9800,1700,9900,38400,400,9700,20000,4200,5500,6400,26600,15400,14000,2000
225.0,10.19,640300,6537836.0,10.19,10.18,10.17,10.16,10.15,10.14,10.13,10.12,10.11,10.1,10.2,10.21,10.23,10.24,10.25,10.26,10.27,10.28,10.3,10.31,12500,32700,58600,62100,47800,1200,9800,1700,9900,38400,2700,9700,20000,4200,5500,6400,26600,15400,14000,2000
226.0,10.19,652800,6665215.0,10.19,10.18,10.17,10.16,10.15,10.14,10.13,10.12,10.11,10.1,10.2,10.21,10.23,10.24,10.25,10.26,10.27,10.28,10.3,10.31,400,32300,58600,62100,47800,1200,9800,1700,9900,38400,2300,9700,20000,4200,5500,6400,26600,15400,14000,2000
227.0,10.19,653100,6668272.0,10.19,10.18,10.17,10.16,10.15,10.14,10.13,10.12,10.11,10.1,10.2,10.21,10.23,10.24,10.25,10.26,10.27,10.28,10.3,10.31,100,32300,58600,62100,47800,1200,11800,1700,9900,38400,2300,9700,20000,4200,5500,6400,26600,15400,14000,2000
228.0,10.19,653100,6668272.0,10.19,10.18,10.17,10.16,10.15,10.14,10.13,10.12,10.11,10.1,10.2,10.21,10.23,10.24,10.25,10.26,10.27,10.28,10.3,10.31,100,32300,58600,62100,47800,1200,11800,1700,9900,38400,2300,9700,20000,4300,5500,6400,26600,15400,14000,2000
229.0,10.19,653100,6668272.0,10.19,10.18,10.17,10.16,10.15,10.14,10.13,10.12,10.11,10.1,10.2,10.21,10.23,10.24,10.25,10.26,10.27,10.28,10.3,10.31,200,32000,48600,62100,47800,1200,11800,1700,9900,38400,2300,9700,20000,4300,5500,6400,26600,15400,14000,2000
230.0,10.19,653900,6676430.0,10.18,10.17,10.16,10.15,10.14,10.13,10.12,10.11,10.1,10.09,10.19,10.2,10.21,10.23,10.24,10.25,10.26,10.27,10.28,10.3,32000,48600,62100,47800,1200,11800,1700,9900,38400,3200,800,1700,9700,20000,4300,5500,6400,26600,15400,14000
231.0,10.19,653900,6676430.0,10.18,10.17,10.16,10.15,10.14,10.13,10.12,10.11,10.1,10.09,10.19,10.2,10.21,10.23,10.24,10.25,10.26,10.27,10.28,10.3,32000,48600,62100,47800,1200,11800,1700,9900,38400,3200,800,2100,9700,20000,4300,5500,6400,26600,15400,14000
232.0,10.19,654100,6678468.0,10.18,10.17,10.16,10.15,10.14,10.13,10.12,10.11,10.1,10.09,10.19,10.2,10.21,10.23,10.24,10.25,10.26,10.27,10.28,10.3,32000,48600,62100,47800,1700,11800,1700,9900,38400,3200,600,2100,2300,20000,4300,5500,6400,26600,15400,14000
233.0,10.2,655200,6689682.0,10.19,10.18,10.17,10.16,10.15,10.14,10.13,10.12,10.11,10.1,10.2,10.21,10.23,10.24,10.25,10.26,10.27,10.28,10.3,10.31,8500,32000,48600,62100,47800,1700,11800,1700,9900,38400,1600,2300,20000,4300,5500,6400,26600,15400,14000,2000
234.0,10.2,656200,6699882.0,10.19,10.18,10.17,10.16,10.15,10.14,10.13,10.12,10.11,10.1,10.2,10.21,10.23,10.24,10.25,10.26,10.27,10.28,10.3,10.31,40300,32100,48600,62100,52800,1700,11800,1700,9900,38400,600,2300,20000,4300,5500,6400,26600,15400,14000,2000
235.0,10.2,674100,6882289.0,10.2,10.19,10.18,10.17,10.16,10.15,10.14,10.13,10.12,10.11,10.21,10.23,10.24,10.25,10.26,10.27,10.28,10.3,10.31,10.33,3000,23000,32100,48600,62100,52800,1700,11800,1700,9900,2300,20000,4300,5500,6400,26600,15400,14000,2000,17300
236.0,10.21,674300,6884331.0,10.2,10.19,10.18,10.17,10.16,10.15,10.14,10.13,10.12,10.11,10.21,10.23,10.24,10.25,10.26,10.27,10.28,10.3,10.31,10.33,3000,23000,32100,48600,62100,52800,1700,11800,1700,9900,2100,20000,4300,5500,6400,26600,15400,14000,2000,17300
237.0,10.21,674300,6884331.0,10.2,10.19,10.18,10.17,10.16,10.15,10.14,10.13,10.12,10.11,10.21,10.23,10.24,10.25,10.26,10.27,10.28,10.3,10.31,10.33,3400,23000,32900,48600,62100,52800,1700,11800,1700,9900,2100,20000,4300,5500,6400,26600,15400,14000,2000,17300
238.0,10.21,674500,6886373.0,10.2,10.19,10.18,10.17,10.16,10.15,10.14,10.13,10.12,10.11,10.21,10.23,10.24,10.25,10.26,10.27,10.28,10.3,10.31,10.33,3500,23000,32900,48600,62100,52800,1700,11800,1700,9900,1900,20000,4300,5500,6400,26600,15400,14000,2000,17300
239.0,10.2,676500,6906773.0,10.2,10.19,10.18,10.17,10.16,10.15,10.14,10.13,10.12,10.11,10.21,10.23,10.24,10.25,10.26,10.27,10.28,10.3,10.31,10.33,1500,23000,32900,48600,62100,52800,1700,11800,1700,9900,1600,20000,4300,5500,6400,26600,15400,14000,2000,17300
240.0,10.2,678100,6923094.0,10.19,10.18,10.17,10.16,10.15,10.14,10.13,10.12,10.11,10.1,10.2,10.21,10.23,10.24,10.25,10.26,10.27,10.28,10.3,10.31,23000,32700,48600,62100,52800,1700,11800,1700,9900,38400,500,1500,20000,4300,5500,6400,26600,15400,14000,2000
241.0,10.2,678100,6923094.0,10.19,10.18,10.17,10.16,10.15,10.14,10.13,10.12,10.11,10.1,10.2,10.21,10.23,10.24,10.25,10.26,10.27,10.28,10.29,10.3,23000,32800,48600,62100,52800,1700,11800,2200,9900,38400,500,1500,20000,4300,5500,6400,26600,15400,2300,14000
242.0,10.2,678200,6924114.0,10.19,10.18,10.17,10.16,10.15,10.14,10.13,10.12,10.11,10.1,10.2,10.21,10.23,10.24,10.25,10.26,10.27,10.28,10.29,10.3,23500,32800,48900,62100,52800,1700,11800,2200,9900,38400,400,1500,20000,4300,5500,6400,26600,15400,2300,14000
243.0,10.19,679000,6932266.0,10.19,10.18,10.17,10.16,10.15,10.14,10.13,10.12,10.11,10.1,10.2,10.21,10.22,10.23,10.24,10.25,10.26,10.27,10.28,10.29,22700,32800,55900,62100,53800,1700,11800,2200,9900,38400,700,1500,1800,20000,4300,5500,6400,26600,15400,2300
244.0,10.19,699000,7136066.0,10.19,10.18,10.17,10.16,10.15,10.14,10.13,10.12,10.11,10.1,10.2,10.21,10.22,10.23,10.24,10.25,10.26,10.27,10.28,10.29,2700,56800,55900,62100,53800,1700,11800,2200,9900,38400,700,1500,1800,20000,4300,5500,6400,26600,15400,2300
245.0,10.19,701700,7163579.0,10.18,10.17,10.16,10.15,10.14,10.13,10.12,10.11,10.1,10.09,10.19,10.2,10.21,10.22,10.23,10.24,10.25,10.26,10.27,10.28,56800,55900,62100,53800,1700,12300,2200,9900,39400,3200,4700,1700,1500,1800,20000,4300,5500,6400,26600,15400
246.0,10.19,703100,7177845.0,10.18,10.17,10.16,10.15,10.14,10.13,10.12,10.11,10.1,10.09,10.19,10.2,10.21,10.22,10.23,10.24,10.25,10.26,10.27,10.28,56800,55900,62100,53800,1700,12300,2200,9900,39400,3200,4400,3500,1500,3300,20000,4300,5500,6400,26600,15400
247.0,10.19,703500,7181921.0,10.18,10.17,10.16,10.15,10.14,10.13,10.12,10.11,10.1,10.09,10.19,10.2,10.21,10.22,10.23,10.24,10.25,10.26,10.27,10.28,57800,55900,62100,53800,1700,12300,2200,9900,39400,3200,4000,3500,1500,3300,20000,4300,5500,6400,26600,15400
248.0,10.19,704100,7188035.0,10.18,10.17,10.16,10.15,10.14,10.13,10.12,10.11,10.1,10.09,10.19,10.2,10.21,10.22,10.23,10.24,10.25,10.26,10.27,10.28,57800,55900,62100,53800,1700,12300,2200,9900,39400,3200,3400,3500,1500,3300,20000,4300,5500,6400,26600,15400
249.0,10.19,704100,7188035.0,10.18,10.17,10.16,10.15,10.14,10.13,10.12,10.11,10.1,10.09,10.19,10.2,10.21,10.22,10.23,10.24,10.25,10.26,10.27,10.28,57800,55900,62100,53800,1700,13300,2200,9900,39400,3200,3400,3500,1500,3300,20000,4300,5500,6400,26600,15400
250.0,10.19,704500,7192111.0,10.18,10.17,10.16,10.15,10.14,10.13,10.12,10.11,10.1,10.09,10.19,10.2,10.21,10.22,10.23,10.24,10.25,10.26,10.27,10.28,58700,55900,62100,53800,1700,13300,2200,9900,39400,3200,3000,3500,1500,3300,20000,4300,5500,6400,26600,15400
251.0,10.19,704500,7192111.0,10.18,10.17,10.16,10.15,10.14,10.13,10.12,10.11,10.1,10.09,10.19,10.2,10.21,10.22,10.23,10.24,10.25,10.26,10.27,10.28,59700,55900,62300,25100,1700,13300,2200,9900,39400,3200,3000,3500,1500,3300,20000,4300,5500,6400,26600,15400
252.0,10.19,704500,7192111.0,10.18,10.17,10.16,10.15,10.14,10.13,10.12,10.11,10.1,10.09,10.19,10.2,10.21,10.22,10.23,10.24,10.25,10.26,10.27,10.28,59700,56000,62300,25100,1700,13300,2200,9000,39400,3200,3000,3500,1500,3300,20000,4300,5500,6400,26600,15400
253.0,10.19,705700,7204339.0,10.18,10.17,10.16,10.15,10.14,10.13,10.12,10.11,10.1,10.09,10.19,10.2,10.21,10.22,10.23,10.24,10.25,10.26,10.27,10.28,59700,56000,62300,25100,1700,13300,2200,9000,39400,3200,1800,3500,1500,3300,20000,4300,5500,6400,26600,15400
254.0,10.19,705700,7204339.0,10.18,10.17,10.16,10.15,10.14,10.13,10.12,10.11,10.1,10.09,10.19,10.2,10.21,10.22,10.23,10.24,10.25,10.26,10.27,10.28,59700,56000,62300,25100,1700,13300,2200,9000,39400,3200,2600,3500,1500,3600,20000,4300,5500,6400,26600,15400
255.0,10.19,706200,7209434.0,10.18,10.17,10.16,10.15,10.14,10.13,10.12,10.11,10.1,10.09,10.19,10.2,10.21,10.22,10.23,10.24,10.25,10.26,10.27,10.28,59700,56000,62300,25100,1700,13300,2200,9000,39400,3200,3100,3500,1500,3600,20000,4300,5500,6400,26600,15400
256.0,10.19,706500,7212491.0,10.18,10.17,10.16,10.15,10.14,10.13,10.12,10.11,10.1,10.09,10.19,10.2,10.21,10.22,10.23,10.24,10.25,10.26,10.27,10.28,59700,56000,62300,25100,1700,13300,2200,9000,39400,3200,2800,3500,1500,3600,20000,4300,5500,6400,26600,15400
257.0,10.18,711200,7260337.0,10.18,10.17,10.16,10.15,10.14,10.13,10.12,10.11,10.1,10.09,10.19,10.2,10.21,10.22,10.23,10.24,10.25,10.26,10.27,10.28,55000,56000,62300,25100,1700,13300,2200,9000,39400,3200,2800,3500,1500,3600,20000,4300,5500,6400,26600,15400
258.0,10.19,741500,7568819.0,10.19,10.18,10.17,10.16,10.15,10.14,10.13,10.12,10.11,10.1,10.2,10.21,10.22,10.23,10.24,10.25,10.26,10.27,10.28,10.29,36500,27700,56000,99500,25100,1700,13300,2200,9000,39400,3500,1500,3600,20000,4300,5500,6400,26600,15400,2300
259.0,10.19,743400,7588198.0,10.19,10.18,10.17,10.16,10.15,10.14,10.13,10.12,10.11,10.1,10.2,10.21,10.22,10.23,10.24,10.25,10.26,10.27,10.28,10.29,36900,27700,57000,99500,25100,1700,13300,2200,9000,39400,1700,1500,3600,20000,4300,5500,6400,26600,15400,2300
260.0,10.2,743500,7589218.0,10.19,10.18,10.17,10.16,10.15,10.14,10.13,10.12,10.11,10.1,10.2,10.21,10.22,10.23,10.24,10.25,10.26,10.27,10.28,10.29,37000,27700,57000,99500,25100,1700,13300,2200,9000,39400,1600,1500,3600,20000,4300,5500,6400,26600,15400,2300
261.0,10.19,744500,7599408.0,10.19,10.18,10.17,10.16,10.15,10.14,10.13,10.12,10.11,10.1,10.2,10.21,10.22,10.23,10.24,10.25,10.26,10.27,10.28,10.29,36000,28700,57000,99500,25100,1700,13300,2200,9000,39400,1600,1500,3600,20000,4300,5500,6400,26600,15400,2300
262.0,10.2,744600,7600428.0,10.19,10.18,10.17,10.16,10.15,10.14,10.13,10.12,10.11,10.1,10.2,10.21,10.22,10.23,10.24,10.25,10.26,10.27,10.28,10.29,41000,28700,57000,99500,25100,1700,13300,2200,9000,39400,1500,1500,3600,20000,4300,5500,6400,26600,15400,2300
263.0,10.19,747600,7630998.0,10.19,10.18,10.17,10.16,10.15,10.14,10.13,10.12,10.11,10.1,10.2,10.21,10.22,10.23,10.24,10.25,10.26,10.27,10.28,10.29,38000,28700,57000,99500,25100,1700,13300,2200,9000,39400,1500,1500,3600,20000,4300,5500,6400,26600,15400,2300
264.0,10.19,747600,7630998.0,10.19,10.18,10.17,10.16,10.15,10.14,10.13,10.12,10.11,10.1,10.2,10.21,10.22,10.23,10.24,10.25,10.26,10.27,10.28,10.29,38000,28700,57000,99500,25100,1700,13300,2200,9000,39400,1500,1500,3600,20000,4300,5500,6400,26600,15400,2300
265.0,10.2,747900,7634058.0,10.19,10.18,10.17,10.16,10.15,10.14,10.13,10.12,10.11,10.1,10.2,10.21,10.22,10.23,10.24,10.25,10.26,10.27,10.28,10.29,38000,28700,57000,99500,25100,1700,13300,2200,9000,39400,1200,1500,3600,20000,4300,5500,6400,26600,15400,2300
266.0,10.19,748300,7638135.0,10.19,10.18,10.17,10.16,10.15,10.14,10.13,10.12,10.11,10.1,10.2,10.21,10.22,10.23,10.24,10.25,10.26,10.27,10.28,10.29,37700,28700,57000,99500,25100,1700,13300,2200,9000,39400,1100,1500,3600,20000,4300,5500,6400,26600,15400,2300
267.0,10.2,748400,7639155.0,10.19,10.18,10.17,10.16,10.15,10.14,10.13,10.12,10.11,10.1,10.2,10.21,10.22,10.23,10.24,10.25,10.26,10.27,10.28,10.29,37700,28700,57000,99500,25100,1700,13300,2200,9000,39900,1000,1500,3600,20000,4300,5500,6400,26600,15400,2300
268.0,10.2,748400,7639155.0,10.19,10.18,10.17,10.16,10.15,10.14,10.13,10.12,10.11,10.1,10.2,10.21,10.22,10.23,10.24,10.25,10.26,10.27,10.28,10.29,38700,28700,57000,99500,25100,2700,13300,2200,9000,39900,1000,1500,3600,20000,4300,5500,6400,26600,15400,2300
269.0,10.2,748600,7641195.0,10.19,10.18,10.17,10.16,10.15,10.14,10.13,10.12,10.11,10.1,10.2,10.21,10.22,10.23,10.24,10.25,10.26,10.27,10.28,10.29,42700,28700,57000,99500,25100,2700,13300,2200,9000,39900,800,1500,3600,20000,4300,5500,6400,26600,15400,2300
270.0,10.2,748600,7641195.0,10.19,10.18,10.17,10.16,10.15,10.14,10.13,10.12,10.11,10.1,10.2,10.21,10.22,10.23,10.24,10.25,10.26,10.27,10.28,10.29,42700,28700,57000,101500,25100,2700,13300,2200,9000,39900,800,1500,3600,20000,4300,5500,6400,26600,15400,2300
271.0,10.2,748600,7641195.0,10.19,10.18,10.17,10.16,10.15,10.14,10.13,10.12,10.11,10.1,10.2,10.21,10.22,10.23,10.24,10.25,10.26,10.27,10.28,10.29,42700,28700,57000,101500,25100,2700,13300,2200,9000,39900,800,1500,3600,20000,4300,5500,6400,26600,15400,2300
272.0,10.19,750600,7661575.0,10.19,10.18,10.17,10.16,10.15,10.14,10.13,10.12,10.11,10.1,10.2,10.21,10.22,10.23,10.24,10.25,10.26,10.27,10.28,10.29,41900,27600,57000,101500,25100,2700,13300,2200,9000,39900,800,1500,3600,20000,4300,5500,6400,26600,15400,2300
273.0,10.19,750900,7664632.0,10.19,10.18,10.17,10.16,10.15,10.14,10.13,10.12,10.11,10.1,10.2,10.21,10.22,10.23,10.24,10.25,10.26,10.27,10.28,10.29,41600,27600,57000,101500,25100,2700,13300,2200,9000,39900,1700,1500,3600,20000,4300,5500,6400,26600,15400,2300
274.0,10.2,751200,7667692.0,10.19,10.18,10.17,10.16,10.15,10.14,10.13,10.12,10.11,10.1,10.2,10.21,10.22,10.23,10.24,10.25,10.26,10.27,10.28,10.29,41600,27600,57000,101500,25500,2700,13300,2200,9000,39900,1400,1500,3600,20000,4300,5500,6400,26600,15400,2300
275.0,10.19,752200,7677883.0,10.19,10.18,10.17,10.16,10.15,10.14,10.13,10.12,10.11,10.1,10.2,10.21,10.22,10.23,10.24,10.25,10.26,10.27,10.28,10.29,40700,27600,57000,101500,25500,2700,13300,2200,9000,39900,1300,1500,3600,20000,4300,5500,6400,26600,15400,2300
276.0,10.19,752200,7677883.0,10.19,10.18,10.17,10.16,10.15,10.14,10.13,10.12,10.11,10.1,10.2,10.21,10.22,10.23,10.24,10.25,10.26,10.27,10.28,10.29,40700,27600,57000,101500,25600,2700,13300,2200,9000,39900,1300,1500,3600,20000,4300,5500,6400,26600,15400,2300
277.0,10.2,752400,7679923.0,10.19,10.18,10.17,10.16,10.15,10.14,10.13,10.12,10.11,10.1,10.2,10.21,10.22,10.23,10.24,10.25,10.26,10.27,10.28,10.29,40700,27600,57000,101500,25600,2700,13300,2200,9000,39900,1100,1500,3600,20000,4300,5500,6400,26600,15400,2300
278.0,10.19,756300,7719664.0,10.19,10.18,10.17,10.16,10.15,10.14,10.13,10.12,10.11,10.1,10.2,10.21,10.22,10.23,10.24,10.25,10.26,10.27,10.28,10.29,36800,27600,57000,101500,25600,2700,13300,2200,9000,39900,1100,1500,3600,20000,4300,5500,6400,26600,15400,2300
279.0,10.19,758800,7745140.0,10.19,10.18,10.17,10.16,10.15,10.14,10.13,10.12,10.11,10.1,10.2,10.21,10.22,10.23,10.24,10.25,10.26,10.27,10.28,10.29,34400,27600,57000,101500,25600,2700,13300,2200,9000,39900,16000,1500,3600,20000,4300,5500,6400,26600,15400,2300
280.0,10.19,758800,7745140.0,10.19,10.18,10.17,10.16,10.15,10.14,10.13,10.12,10.11,10.1,10.2,10.21,10.22,10.23,10.24,10.25,10.26,10.27,10.28,10.29,34400,27700,57000,101500,25600,2700,13300,2200,9000,39900,16000,1500,4100,20000,4300,5500,6400,26600,15400,2300
281.0,10.2,758900,7746160.0,10.19,10.18,10.17,10.16,10.15,10.14,10.13,10.12,10.11,10.1,10.2,10.21,10.22,10.23,10.24,10.25,10.26,10.27,10.28,10.29,33300,27700,57000,101500,25600,2700,13300,2200,9000,39900,15900,1500,4100,20000,4300,5500,6400,26600,13900,2300
282.0,10.2,761900,7776760.0,10.19,10.18,10.17,10.16,10.15,10.14,10.13,10.12,10.11,10.1,10.2,10.21,10.22,10.23,10.24,10.25,10.26,10.27,10.28,10.29,33300,27700,57000,101500,25600,2700,13300,2200,9000,39900,12900,1500,4100,20000,4300,5500,6400,26600,13900,2300
283.0,10.2,761900,7776760.0,10.19,10.18,10.17,10.16,10.15,10.14,10.13,10.12,10.11,10.1,10.2,10.21,10.22,10.23,10.24,10.25,10.26,10.27,10.28,10.29,33300,27700,57000,101500,25600,2700,13300,2200,9000,39900,12900,1500,4100,20000,4300,5500,6400,26600,13900,2300
284.0,10.2,761900,7776760.0,10.19,10.18,10.17,10.16,10.15,10.14,10.13,10.12,10.11,10.1,10.2,10.21,10.22,10.23,10.24,10.25,10.26,10.27,10.28,10.29,33300,28700,57100,101500,25600,2700,13300,2200,9000,39900,12900,1500,4100,20000,4300,5500,6400,26600,13900,2300
285.0,10.19,765400,7812425.0,10.19,10.18,10.17,10.16,10.15,10.14,10.13,10.12,10.11,10.1,10.2,10.21,10.22,10.23,10.24,10.25,10.26,10.27,10.28,10.29,29800,28700,57100,101500,25600,2700,13300,2200,9000,39900,12900,1500,4100,20000,4300,5500,6400,26600,13900,2300
286.0,10.2,774400,7904225.0,10.19,10.18,10.17,10.16,10.15,10.14,10.13,10.12,10.11,10.1,10.2,10.21,10.22,10.23,10.24,10.25,10.26,10.27,10.28,10.29,29800,28700,57100,101500,25600,2700,13300,2200,9000,39900,3900,1500,4100,20000,4300,5500,6400,26600,13900,2300
287.0,10.2,775000,7910345.0,10.19,10.18,10.17,10.16,10.15,10.14,10.13,10.12,10.11,10.1,10.2,10.21,10.22,10.23,10.24,10.25,10.26,10.27,10.28,10.29,29800,28700,57900,101500,25600,2700,13300,2200,9000,39900,3300,1500,4100,20000,4300,5500,6400,26600,13900,2300
288.0,10.2,775800,7918505.0,10.19,10.18,10.17,10.16,10.15,10.14,10.13,10.12,10.11,10.1,10.2,10.21,10.22,10.23,10.24,10.25,10.26,10.27,10.28,10.29,29800,28700,57900,101500,25600,2700,13300,2200,9000,39900,2500,1500,4100,18700,4300,5500,6400,26600,13900,2300
289.0,10.2,776000,7920545.0,10.19,10.18,10.17,10.16,10.15,10.14,10.13,10.12,10.11,10.1,10.2,10.21,10.22,10.23,10.24,10.25,10.26,10.27,10.28,10.29,29800,29500,57900,101500,25600,2700,12300,2200,9000,39900,2300,1500,4100,18700,4300,5500,6400,26600,13900,2300
290.0,10.2,776400,7924625.0,10.19,10.18,10.17,10.16,10.15,10.14,10.13,10.12,10.11,10.1,10.2,10.21,10.22,10.23,10.24,10.25,10.26,10.27,10.28,10.29,29300,29500,57900,101500,25600,2700,12300,2200,9000,39900,1900,1500,4100,18700,4300,5500,6400,26600,13900,2300
291.0,10.2,776600,7926665.0,10.19,10.18,10.17,10.16,10.15,10.14,10.13,10.12,10.11,10.1,10.2,10.21,10.22,10.23,10.24,10.25,10.26,10.27,10.28,10.29,31500,29500,57900,101500,25600,2700,12300,2200,9000,39900,1700,1500,4100,18700,4300,5500,6400,26600,13900,2300
292.0,10.2,776700,7927685.0,10.19,10.18,10.17,10.16,10.15,10.14,10.13,10.12,10.11,10.1,10.2,10.21,10.22,10.23,10.24,10.25,10.26,10.27,10.28,10.29,32500,29500,58400,101500,25600,2700,12300,2200,9000,39900,1600,1500,4100,18700,4300,5500,6400,26600,13900,2300
293.0,10.19,776800,7928704.0,10.19,10.18,10.17,10.16,10.15,10.14,10.13,10.12,10.11,10.1,10.2,10.21,10.22,10.23,10.24,10.25,10.26,10.27,10.28,10.29,32600,29500,58400,101500,25600,2700,12300,2200,9000,39900,1600,1500,4100,18700,4300,5500,6400,26600,13900,2300
294.0,10.19,776800,7928704.0,10.19,10.18,10.17,10.16,10.15,10.14,10.13,10.12,10.11,10.1,10.2,10.21,10.22,10.23,10.24,10.25,10.26,10.27,10.28,10.29,32600,29500,58400,101500,25600,2700,12300,2200,9000,44900,3200,1500,4100,18700,4300,5500,6400,26600,13900,2300
295.0,10.2,780200,7963384.0,10.2,10.19,10.18,10.17,10.16,10.15,10.14,10.13,10.12,10.11,10.21,10.22,10.23,10.24,10.25,10.26,10.27,10.28,10.29,10.3,300,32600,29500,60900,101500,26400,2700,12300,2200,9000,1500,4100,18700,4300,5500,6400,26600,13900,2300,13500
296.0,10.19,795500,8119296.0,10.2,10.19,10.18,10.17,10.16,10.15,10.14,10.13,10.12,10.11,10.21,10.22,10.23,10.24,10.25,10.26,10.27,10.28,10.29,10.3,200,17700,29500,60900,101500,26400,2700,12300,2200,9000,1400,4100,18700,4300,5500,6400,26600,13900,2300,13500
297.0,10.2,796300,8127462.0,10.2,10.19,10.18,10.17,10.16,10.15,10.14,10.13,10.12,10.11,10.21,10.22,10.23,10.24,10.25,10.26,10.27,10.28,10.29,10.3,5000,17700,29500,60900,101500,26400,2700,12300,2200,9000,800,4100,18700,4300,5500,8900,26600,13900,2300,13500
298.0,10.2,796300,8127462.0,10.2,10.19,10.18,10.17,10.16,10.15,10.14,10.13,10.12,10.11,10.21,10.22,10.23,10.24,10.25,10.26,10.27,10.28,10.29,10.3,5000,17700,29500,60900,101500,26400,2700,12300,2200,9000,800,4100,18700,4300,5100,8900,26600,13900,2300,13500
299.0,10.2,796300,8127462.0,10.2,10.19,10.18,10.17,10.16,10.15,10.14,10.13,10.12,10.11,10.21,10.22,10.23,10.24,10.25,10.26,10.27,10.28,10.29,10.3,7000,17700,29500,60900,101500,26400,2700,12300,2200,9000,800,4100,18700,4300,5100,8900,26600,13900,2300,13500
300.0,10.2,796700,8131543.0,10.2,10.19,10.18,10.17,10.16,10.15,10.14,10.13,10.12,10.11,10.21,10.22,10.23,10.24,10.25,10.26,10.27,10.28,10.29,10.3,6700,19700,29500,60900,104500,26400,2700,12300,2200,9000,700,4100,18700,4300,5100,8900,26600,13900,2300,13500
301.0,10.2,796900,8133583.0,10.2,10.19,10.18,10.17,10.16,10.15,10.14,10.13,10.12,10.11,10.21,10.22,10.23,10.24,10.25,10.26,10.27,10.28,10.29,10.3,6500,19800,29500,60900,104500,26400,2700,12300,2200,9000,700,4100,18700,4300,5100,8900,26600,13900,2300,13500
302.0,10.2,797500,8139703.0,10.2,10.19,10.18,10.17,10.16,10.15,10.14,10.13,10.12,10.11,10.21,10.22,10.23,10.24,10.25,10.26,10.27,10.28,10.29,10.3,6300,19800,29500,60900,104500,26400,2700,12300,2200,9000,700,4100,18700,4300,5100,8900,26600,13900,2300,13500
303.0,10.2,797500,8139703.0,10.2,10.19,10.18,10.17,10.16,10.15,10.14,10.13,10.12,10.11,10.21,10.22,10.23,10.24,10.25,10.26,10.27,10.28,10.29,10.3,6300,19800,29500,60900,104500,26900,2700,12300,2200,9000,700,4100,18700,4300,5100,8900,26600,13900,2300,13500
304.0,10.2,797500,8139703.0,10.2,10.19,10.18,10.17,10.16,10.15,10.14,10.13,10.12,10.11,10.21,10.22,10.23,10.24,10.25,10.26,10.27,10.28,10.29,10.3,6300,19800,29500,60900,104500,26900,2700,12300,2200,9000,700,4100,18700,4300,5100,8900,26600,13900,2300,13500
305.0,10.2,797500,8139703.0,10.2,10.19,10.18,10.17,10.16,10.15,10.14,10.13,10.12,10.11,10.21,10.22,10.23,10.24,10.25,10.26,10.27,10.28,10.29,10.3,6300,19800,29500,60900,104500,26900,2700,12300,2200,9000,700,4100,18700,4300,5100,8900,26600,13900,2300,13500
306.0,10.2,797600,8140723.0,10.2,10.19,10.18,10.17,10.16,10.15,10.14,10.13,10.12,10.11,10.21,10.22,10.23,10.24,10.25,10.26,10.27,10.28,10.29,10.3,6200,19800,29500,60900,104500,26900,2700,12300,2200,9000,700,4100,18700,4200,5100,8900,26600,13900,2300,13500
307.0,10.2,803900,8204984.0,10.19,10.18,10.17,10.16,10.15,10.14,10.13,10.12,10.11,10.1,10.21,10.22,10.23,10.24,10.25,10.26,10.27,10.28,10.29,10.3,19800,29500,60900,104500,26900,2700,12300,2200,9000,46900,1300,4100,18700,4200,5100,8900,26600,13900,2300,13500
308.0,10.2,803900,8204984.0,10.19,10.18,10.17,10.16,10.15,10.14,10.13,10.12,10.11,10.1,10.21,10.22,10.23,10.24,10.25,10.26,10.27,10.28,10.29,10.3,21200,32600,60900,104500,26900,2700,12300,2200,9000,46900,2700,4100,18700,4200,5100,8700,26600,13900,2300,13500
309.0,10.19,826300,8433244.0,10.18,10.17,10.16,10.15,10.14,10.13,10.12,10.11,10.1,10.09,10.19,10.21,10.22,10.23,10.24,10.25,10.26,10.27,10.28,10.29,32600,70900,104500,26900,2700,12300,2200,9000,46900,3200,700,2500,4100,18700,4200,5100,8700,26600,13900,2300
310.0,10.2,828000,8450577.0,10.2,10.19,10.18,10.17,10.16,10.15,10.14,10.13,10.12,10.11,10.21,10.22,10.23,10.24,10.25,10.26,10.27,10.28,10.29,10.3,100,21200,32600,70900,104500,27400,2700,12300,2200,9000,3100,4100,18700,4200,5100,8700,26600,13900,2300,13500
311.0,10.2,828000,8450577.0,10.2,10.19,10.18,10.17,10.16,10.15,10.14,10.13,10.12,10.11,10.21,10.22,10.23,10.24,10.25,10.26,10.27,10.28,10.29,10.3,800,21200,33600,70900,104500,27400,2700,12300,2200,9000,3100,4100,18700,4200,5100,8700,26600,13900,2300,13500
312.0,10.21,828900,8459766.0,10.2,10.19,10.18,10.17,10.16,10.15,10.14,10.13,10.12,10.11,10.21,10.22,10.23,10.24,10.25,10.26,10.27,10.28,10.29,10.3,800,21200,33600,70900,104500,27400,2700,12300,2200,9000,2200,4100,18700,4200,5100,8700,26600,13900,2300,13500
313.0,10.21,829500,8465892.0,10.2,10.19,10.18,10.17,10.16,10.15,10.14,10.13,10.12,10.11,10.21,10.22,10.23,10.24,10.25,10.26,10.27,10.28,10.29,10.3,1400,21200,34100,70900,104500,27400,2700,12300,2200,9000,1600,4100,18700,4200,5100,11200,26600,13900,2300,13500
314.0,10.21,829500,8465892.0,10.2,10.19,10.18,10.17,10.16,10.15,10.14,10.13,10.12,10.11,10.21,10.22,10.23,10.24,10.25,10.26,10.27,10.28,10.29,10.3,2400,21200,34200,70900,104500,27400,2700,12300,2200,9000,1600,4100,18700,4200,5100,11200,26600,13900,2300,13500
315.0,10.2,830400,8475074.0,10.2,10.19,10.18,10.17,10.16,10.15,10.14,10.13,10.12,10.11,10.21,10.22,10.23,10.24,10.25,10.26,10.27,10.28,10.29,10.3,1700,22300,34200,70900,104500,27400,2700,12300,2200,9000,1400,4100,18700,4200,5100,11200,26600,13900,2300,13500
316.0,10.2,830600,8477115.0,10.2,10.19,10.18,10.17,10.16,10.15,10.14,10.13,10.12,10.11,10.21,10.22,10.23,10.24,10.25,10.26,10.27,10.28,10.29,10.3,1800,22300,34200,70900,104400,27400,2700,12300,2200,9000,1300,5100,18700,4200,5100,11200,26600,13900,2300,13500
317.0,10.21,831000,8481199.0,10.2,10.19,10.18,10.17,10.16,10.15,10.14,10.13,10.12,10.11,10.21,10.22,10.23,10.24,10.25,10.26,10.27,10.28,10.29,10.3,1800,22300,34300,70900,104400,27400,2700,12300,2200,9000,900,5100,18700,4200,5100,11200,26600,13900,2300,13500
318.0,10.2,831600,8487319.0,10.2,10.19,10.18,10.17,10.16,10.15,10.14,10.13,10.12,10.11,10.21,10.22,10.23,10.24,10.25,10.26,10.27,10.28,10.29,10.3,2000,22300,34300,70900,104400,27400,2700,12300,2200,9000,900,6400,18700,4200,5100,11200,26600,13900,2300,13500
319.0,10.21,831700,8488340.0,10.2,10.19,10.18,10.17,10.16,10.15,10.14,10.13,10.12,10.11,10.21,10.22,10.23,10.24,10.25,10.26,10.27,10.28,10.29,10.3,2100,22300,34300,70900,104400,27400,2700,12300,2200,9000,800,6400,18700,4200,5100,11200,26600,13900,2300,13500
320.0,10.2,833800,8509760.0,10.19,10.18,10.17,10.16,10.15,10.14,10.13,10.12,10.11,10.1,10.2,10.21,10.22,10.23,10.24,10.25,10.26,10.27,10.28,10.29,22300,34300,70900,104400,27400,2700,12300,2200,9000,46900,12600,800,6400,18700,4200,5100,11200,26600,13900,2300
321.0,10.2,835400,8526080.0,10.19,10.18,10.17,10.16,10.15,10.14,10.13,10.12,10.11,10.1,10.2,10.21,10.22,10.23,10.24,10.25,10.26,10.27,10.28,10.29,22300,34300,70900,104400,28400,2700,12300,2200,9000,46900,11000,800,6400,18700,4200,5100,11200,26600,13900,2300
322.0,10.2,835400,8526080.0,10.19,10.18,10.17,10.16,10.15,10.14,10.13,10.12,10.11,10.1,10.2,10.21,10.22,10.23,10.24,10.25,10.26,10.27,10.28,10.29,22300,34300,70900,104400,28400,2700,12300,2200,9000,46900,11000,800,6400,18700,4200,5100,11200,26600,13900,2300
323.0,10.2,838200,8554640.0,10.19,10.18,10.17,10.16,10.15,10.14,10.13,10.12,10.11,10.1,10.2,10.21,10.22,10.23,10.24,10.25,10.26,10.27,10.28,10.29,22600,34300,70900,104400,28400,2700,12300,2200,9000,46900,8900,800,6400,18700,4200,5100,11200,26600,13900,2300
324.0,10.2,838200,8554640.0,10.19,10.18,10.17,10.16,10.15,10.14,10.13,10.12,10.11,10.1,10.2,10.21,10.22,10.23,10.24,10.25,10.26,10.27,10.28,10.29,22600,34300,70900,104400,28400,2700,12300,2200,9000,46900,8900,800,6400,18700,4200,5100,11200,26600,13900,2300
325.0,10.2,838200,8554640.0,10.19,10.18,10.17,10.16,10.15,10.14,10.13,10.12,10.11,10.1,10.2,10.21,10.22,10.23,10.24,10.25,10.26,10.27,10.28,10.29,22600,34200,71900,104400,28400,2700,12300,2200,9000,46900,9100,800,6400,18700,3600,5100,11200,26600,13900,2300
326.0,10.2,839100,8563820.0,10.19,10.18,10.17,10.16,10.15,10.14,10.13,10.12,10.11,10.1,10.2,10.21,10.22,10.23,10.24,10.25,10.26,10.27,10.28,10.29,26000,34300,71900,104400,28400,2700,12300,2200,9000,46900,8200,800,6400,18700,3600,5100,11200,26600,13900,2300
327.0,10.19,842100,8594398.0,10.19,10.18,10.17,10.16,10.15,10.14,10.13,10.12,10.11,10.1,10.2,10.21,10.22,10.23,10.24,10.25,10.26,10.27,10.28,10.29,24100,34300,71900,104400,28400,2700,12300,2200,9000,46900,7400,800,6400,18700,3600,5100,11200,26600,13900,2300
328.0,10.19,842100,8594398.0,10.19,10.18,10.17,10.16,10.15,10.14,10.13,10.12,10.11,10.1,10.2,10.21,10.22,10.23,10.24,10.25,10.26,10.27,10.28,10.29,24100,35300,71900,104400,28400,2700,12300,2200,9000,46900,21000,800,6400,18700,3600,5100,11200,26600,13900,2300
329.0,10.19,842100,8594398.0,10.19,10.18,10.17,10.16,10.15,10.14,10.13,10.12,10.11,10.1,10.2,10.21,10.22,10.23,10.24,10.25,10.26,10.27,10.28,10.29,25800,35300,71900,104400,28400,2700,12300,2200,9000,41900,21000,800,6400,18700,3600,5100,11200,26600,13900,2300
330.0,10.2,843000,8603578.0,10.19,10.18,10.17,10.16,10.15,10.14,10.13,10.12,10.11,10.1,10.2,10.21,10.22,10.23,10.24,10.25,10.26,10.27,10.28,10.29,25800,35300,71900,104400,28400,2700,12300,2200,9000,41900,20100,800,6400,18700,3600,5100,11200,26600,13900,2300
331.0,10.2,843000,8603578.0,10.19,10.18,10.17,10.16,10.15,10.14,10.13,10.12,10.11,10.1,10.2,10.21,10.22,10.23,10.24,10.25,10.26,10.27,10.28,10.29,25900,35300,73200,104400,28400,2700,12300,2200,9000,41900,20100,800,6400,18700,3600,5100,11200,26600,13900,2300
332.0,10.19,852200,8697335.0,10.19,10.18,10.17,10.16,10.15,10.14,10.13,10.12,10.11,10.1,10.2,10.21,10.22,10.23,10.24,10.25,10.26,10.27,10.28,10.29,19400,35200,73200,104400,28400,2700,12300,4400,9000,41900,19200,800,6400,18700,3600,5100,11200,26600,13900,2300
333.0,10.19,853000,8705489.0,10.19,10.18,10.17,10.16,10.15,10.14,10.13,10.12,10.11,10.1,10.2,10.21,10.22,10.23,10.24,10.25,10.26,10.27,10.28,10.29,22200,35200,73200,104400,28400,1500,12300,4400,9000,41900,20100,800,6400,18700,3600,5100,11200,26600,13900,2300
334.0,10.2,855000,8725889.0,10.19,10.18,10.17,10.16,10.15,10.14,10.13,10.12,10.11,10.1,10.2,10.21,10.22,10.23,10.24,10.25,10.26,10.27,10.28,10.29,22200,35200,75200,104400,28400,1500,12300,4400,9000,41900,18100,800,6400,18700,3600,5100,11200,26600,13900,2300
335.0,10.19,857500,8751383.0,10.19,10.18,10.17,10.16,10.15,10.14,10.13,10.12,10.11,10.1,10.2,10.21,10.22,10.23,10.24,10.25,10.26,10.27,10.28,10.29,21600,35200,75200,104400,28400,1500,12300,4400,9000,41900,16200,800,5100,18700,3600,5100,11200,26600,13900,2300
336.0,10.19,857500,8751383.0,10.19,10.18,10.17,10.16,10.15,10.14,10.13,10.12,10.11,10.1,10.2,10.21,10.22,10.23,10.24,10.25,10.26,10.27,10.28,10.29,21600,35200,75200,104400,28400,1500,12300,4400,9000,41900,16200,800,5100,18700,3600,5100,11200,26600,13900,2300
337.0,10.2,858400,8760563.0,10.19,10.18,10.17,10.16,10.15,10.14,10.13,10.12,10.11,10.1,10.2,10.21,10.22,10.23,10.24,10.25,10.26,10.27,10.28,10.29,21600,35200,75200,104400,28400,1500,12300,4400,9000,41900,15300,800,5100,18700,3600,5100,11200,26600,13900,2300
338.0,10.19,861800,8795209.0,10.19,10.18,10.17,10.16,10.15,10.14,10.13,10.12,10.11,10.1,10.2,10.21,10.22,10.23,10.24,10.25,10.26,10.27,10.28,10.29,18400,36200,75200,104400,28400,1500,12300,4400,9000,41900,15300,800,5100,18700,3600,5100,11200,26600,13900,2300
339.0,10.19,868500,8863482.0,10.19,10.18,10.17,10.16,10.15,10.14,10.13,10.12,10.11,10.1,10.2,10.21,10.22,10.23,10.24,10.25,10.26,10.27,10.28,10.29,14400,36200,73000,104400,28400,1500,12300,4400,9000,41900,15300,800,5100,18700,3600,5100,11200,26600,13900,2300
340.0,10.19,868500,8863482.0,10.19,10.18,10.17,10.16,10.15,10.14,10.13,10.12,10.11,10.1,10.2,10.21,10.22,10.23,10.24,10.25,10.26,10.27,10.28,10.29,14400,36200,73000,104400,28400,1500,12300,4400,9000,41900,15300,800,5100,18700,3600,5100,11200,26600,13900,2300
341.0,10.2,869400,8872662.0,10.19,10.18,10.17,10.16,10.15,10.14,10.13,10.12,10.11,10.1,10.2,10.21,10.22,10.23,10.24,10.25,10.26,10.27,10.28,10.29,14400,36200,73000,104400,28400,1500,12300,4400,9000,41900,14400,800,5100,18700,3600,5100,11200,26600,13900,2300
342.0,10.2,877100,8951185.0,10.19,10.18,10.17,10.16,10.15,10.14,10.13,10.12,10.11,10.1,10.2,10.21,10.22,10.23,10.24,10.25,10.26,10.27,10.28,10.29,16700,36200,73000,104400,28400,1500,12300,4400,9000,41900,8400,800,5100,18700,3600,5100,11200,26600,13900,2300
343.0,10.19,878100,8961375.0,10.19,10.18,10.17,10.16,10.15,10.14,10.13,10.12,10.11,10.1,10.2,10.21,10.22,10.23,10.24,10.25,10.26,10.27,10.28,10.29,17700,36200,73000,104400,28900,1500,12300,4400,9000,41900,8400,800,5100,18700,3600,5100,11200,26600,13900,2300
344.0,10.19,891100,9093864.0,10.19,10.18,10.17,10.16,10.15,10.14,10.13,10.12,10.11,10.1,10.2,10.21,10.22,10.23,10.24,10.25,10.26,10.27,10.28,10.29,6600,35300,73000,104400,28900,1500,12300,4400,9000,41900,6500,800,5100,18700,3600,5100,11200,26600,13900,2300
345.0,10.19,892400,9107111.0,10.19,10.18,10.17,10.16,10.15,10.14,10.13,10.12,10.11,10.1,10.2,10.21,10.22,10.23,10.24,10.25,10.26,10.27,10.28,10.29,6800,36300,73000,104400,28900,1500,12300,4400,9000,41900,6500,800,5100,18700,3600,5100,11200,26600,13900,2300
346.0,10.19,892400,9107111.0,10.19,10.18,10.17,10.16,10.15,10.14,10.13,10.12,10.11,10.1,10.2,10.21,10.22,10.23,10.24,10.25,10.26,10.27,10.28,10.29,6800,36300,73000,104400,28900,1500,12300,4400,9000,41900,6500,800,5100,18700,3600,5100,11200,26600,13900,2300
347.0,10.19,894600,9129543.0,10.19,10.18,10.17,10.16,10.15,10.14,10.13,10.12,10.11,10.1,10.2,10.21,10.22,10.23,10.24,10.25,10.26,10.27,10.28,10.29,6900,40200,73000,104400,28900,1500,12300,4400,9000,41900,5100,800,5100,18700,3600,5100,11200,26600,13900,2300
348.0,10.18,915100,9338302.0,10.18,10.17,10.16,10.15,10.14,10.13,10.12,10.11,10.1,10.09,10.2,10.21,10.22,10.23,10.24,10.25,10.26,10.27,10.28,10.29,26600,74900,104400,28900,1500,12300,4400,9000,41900,3200,5600,800,5100,18700,3600,5100,11200,26600,13900,2300
349.0,10.2,915600,9343402.0,10.18,10.17,10.16,10.15,10.14,10.13,10.12,10.11,10.1,10.09,10.2,10.21,10.22,10.23,10.24,10.25,10.26,10.27,10.28,10.29,26600,74900,104400,28900,1500,12300,4400,9000,41900,3200,5100,800,5100,18700,3600,5100,11200,26600,13900,2300
350.0,10.2,915600,9343402.0,10.19,10.18,10.17,10.16,10.15,10.14,10.13,10.12,10.11,10.1,10.2,10.21,10.22,10.23,10.24,10.25,10.26,10.27,10.28,10.29,4100,28900,79900,104400,28900,1500,12300,4400,9000,41900,7800,800,5100,18700,3600,5100,11200,26600,13900,2300
351.0,10.2,915600,9343402.0,10.19,10.18,10.17,10.16,10.15,10.14,10.13,10.12,10.11,10.1,10.2,10.21,10.22,10.23,10.24,10.25,10.26,10.27,10.28,10.29,4100,29700,79900,104400,28900,1500,12300,4400,9000,41900,7800,800,5100,18700,3600,5100,11200,26600,13900,2300
352.0,10.19,916300,9350535.0,10.19,10.18,10.17,10.16,10.15,10.14,10.13,10.12,10.11,10.1,10.2,10.21,10.22,10.23,10.24,10.25,10.26,10.27,10.28,10.29,3400,29700,79900,104400,28900,1500,12300,4400,9000,41900,9800,800,5100,18700,3600,5100,11200,26600,13900,2300
353.0,10.2,916800,9355635.0,10.19,10.18,10.17,10.16,10.15,10.14,10.13,10.12,10.11,10.1,10.2,10.21,10.22,10.23,10.24,10.25,10.26,10.27,10.28,10.29,3400,29600,79900,104400,28900,1500,12300,4400,9000,41900,9300,800,5100,18700,3600,5100,11200,26600,13900,2300
354.0,10.19,917000,9357673.0,10.19,10.18,10.17,10.16,10.15,10.14,10.13,10.12,10.11,10.1,10.2,10.21,10.22,10.23,10.24,10.25,10.26,10.27,10.28,10.29,3200,29600,81900,105400,28900,1500,12300,4400,9000,41900,9300,800,5100,18700,3600,5100,11200,26600,13900,2300
355.0,10.19,917300,9360730.0,10.19,10.18,10.17,10.16,10.15,10.14,10.13,10.12,10.11,10.1,10.2,10.21,10.22,10.23,10.24,10.25,10.26,10.27,10.28,10.29,2900,29600,81900,105400,28900,1500,12300,4400,9000,41900,9300,800,5100,18700,3600,5100,11200,26600,13900,2300
356.0,10.19,920500,9393353.0,10.19,10.18,10.17,10.16,10.15,10.14,10.13,10.12,10.11,10.1,10.2,10.21,10.22,10.23,10.24,10.25,10.26,10.27,10.28,10.29,1400,29600,81900,105400,28900,1500,12300,4400,9000,41900,7900,800,5100,18700,3600,5100,11200,26600,13900,2300
357.0,10.19,920500,9393353.0,10.19,10.18,10.17,10.16,10.15,10.14,10.13,10.12,10.11,10.1,10.2,10.21,10.22,10.23,10.24,10.25,10.26,10.27,10.28,10.29,1400,29600,81900,105400,33600,1500,12300,4400,9000,41900,6800,800,5100,18700,3600,5100,11200,26600,13900,2300
358.0,10.19,922100,9409670.0,10.19,10.18,10.17,10.16,10.15,10.14,10.13,10.12,10.11,10.1,10.2,10.21,10.22,10.23,10.24,10.25,10.26,10.27,10.28,10.29,1100,29600,81900,105400,33600,1500,12300,4400,9000,41900,5500,800,5100,18700,3600,5100,11200,26600,13900,2300
359.0,10.19,934100,9531846.0,10.19,10.18,10.17,10.16,10.15,10.14,10.13,10.12,10.11,10.1,10.2,10.21,10.22,10.23,10.24,10.25,10.26,10.27,10.28,10.29,5200,27300,81900,105400,33600,1500,12300,4400,9000,41900,5500,800,5100,18700,3600,5100,11200,26600,13900,2300
360.0,10.19,934200,9532865.0,10.19,10.18,10.17,10.16,10.15,10.14,10.13,10.12,10.11,10.1,10.2,10.21,10.22,10.23,10.24,10.25,10.26,10.27,10.28,10.29,5100,26800,81900,105400,33600,1500,12300,4400,9000,41900,5500,800,5100,18700,3600,5100,11200,26600,13900,2300
361.0,10.19,934200,9532865.0,10.19,10.18,10.17,10.16,10.15,10.14,10.13,10.12,10.11,10.1,10.2,10.21,10.22,10.23,10.24,10.25,10.26,10.27,10.28,10.29,5200,27000,81900,105400,33600,1500,12300,4400,9000,41900,5500,800,5100,18700,3600,5100,11200,26600,13900,2300
362.0,10.19,935300,9544074.0,10.19,10.18,10.17,10.16,10.15,10.14,10.13,10.12,10.11,10.1,10.2,10.21,10.22,10.23,10.24,10.25,10.26,10.27,10.28,10.29,5200,27000,81900,105400,33600,1500,12300,4400,9000,41900,5600,800,5100,18700,3600,5100,11200,26600,13900,2300
363.0,10.19,935800,9549169.0,10.19,10.18,10.17,10.16,10.15,10.14,10.13,10.12,10.11,10.1,10.2,10.21,10.22,10.23,10.24,10.25,10.26,10.27,10.28,10.29,4700,27300,81900,105400,33600,1500,12300,4400,9000,41900,5600,800,5100,18700,3600,5100,11200,26600,13900,2300
364.0,10.2,936300,9554269.0,10.19,10.18,10.17,10.16,10.15,10.14,10.13,10.12,10.11,10.1,10.2,10.21,10.22,10.23,10.24,10.25,10.26,10.27,10.28,10.29,3500,27800,81900,105400,33600,1500,12300,4400,9000,41900,5100,800,5100,18700,3600,5100,11200,26600,13900,2300
365.0,10.2,937000,9561406.0,10.19,10.18,10.17,10.16,10.15,10.14,10.13,10.12,10.11,10.1,10.2,10.21,10.22,10.23,10.24,10.25,10.26,10.27,10.28,10.29,3600,27800,81900,105400,33600,1500,12300,4400,9000,41900,4700,800,5100,18700,3600,5100,11200,26600,13900,2300
366.0,10.2,937000,9561406.0,10.19,10.18,10.17,10.16,10.15,10.14,10.13,10.12,10.11,10.1,10.2,10.21,10.22,10.23,10.24,10.25,10.26,10.27,10.28,10.29,3600,27800,81900,104400,33600,1500,12300,4400,9000,41900,4700,800,5100,18700,3600,5100,11200,26600,13900,2300
367.0,10.2,937000,9561406.0,10.19,10.18,10.17,10.16,10.15,10.14,10.13,10.12,10.11,10.1,10.2,10.21,10.22,10.23,10.24,10.25,10.26,10.27,10.28,10.29,3600,27800,81900,104400,33600,1500,12300,4400,9000,41900,4700,800,5100,18700,3600,5100,11200,26600,13900,2300
368.0,10.2,937800,9569566.0,10.19,10.18,10.17,10.16,10.15,10.14,10.13,10.12,10.11,10.1,10.2,10.21,10.22,10.23,10.24,10.25,10.26,10.27,10.28,10.29,2900,27800,81900,104400,33600,1500,12300,4500,9000,41900,3900,800,5100,18700,3600,5100,11200,26600,13900,2300
369.0,10.19,939000,9581794.0,10.19,10.18,10.17,10.16,10.15,10.14,10.13,10.12,10.11,10.1,10.2,10.21,10.22,10.23,10.24,10.25,10.26,10.27,10.28,10.29,3500,22300,82300,104400,34600,1500,12300,4500,9000,41900,3900,800,5100,18700,3600,5100,11200,26600,13900,2300
370.0,10.19,940900,9601162.0,10.19,10.18,10.17,10.16,10.15,10.14,10.13,10.12,10.11,10.1,10.2,10.21,10.22,10.23,10.24,10.25,10.26,10.27,10.28,10.29,2300,22300,82300,104400,34600,1500,12300,4500,9000,41900,3200,800,5100,18700,3600,5100,11200,26600,13900,2300
371.0,10.2,941200,9604222.0,10.19,10.18,10.17,10.16,10.15,10.14,10.13,10.12,10.11,10.1,10.2,10.21,10.22,10.23,10.24,10.25,10.26,10.27,10.28,10.29,4700,22300,82300,104400,34600,1500,12300,4500,9000,41900,2900,800,5100,18700,3600,5100,11200,26600,13900,2300
372.0,10.19,941500,9607281.0,10.19,10.18,10.17,10.16,10.15,10.14,10.13,10.12,10.11,10.1,10.2,10.21,10.22,10.23,10.24,10.25,10.26,10.27,10.28,10.29,4600,22200,82300,104400,34600,1500,12300,4500,9000,41900,2700,800,5100,18700,3600,5100,11200,26600,13900,2300
373.0,10.19,941500,9607281.0,10.19,10.18,10.17,10.16,10.15,10.14,10.13,10.12,10.11,10.1,10.2,10.21,10.22,10.23,10.24,10.25,10.26,10.27,10.28,10.29,4600,22200,82300,104400,34600,1500,12300,4500,9000,41900,2700,800,5100,18700,3600,5100,11200,26600,13900,2300
374.0,10.19,941600,9608300.0,10.19,10.18,10.17,10.16,10.15,10.14,10.13,10.12,10.11,10.1,10.2,10.21,10.22,10.23,10.24,10.25,10.26,10.27,10.28,10.29,4900,22200,82300,104400,34600,1500,12300,4500,9000,41900,2900,800,5100,18700,3600,5100,11200,26600,13900,2300
375.0,10.19,942300,9615435.0,10.19,10.18,10.17,10.16,10.15,10.14,10.13,10.12,10.11,10.1,10.2,10.21,10.22,10.23,10.24,10.25,10.26,10.27,10.28,10.29,4400,22200,82300,104400,34600,1500,12300,4500,9000,41900,2700,800,5100,18700,3600,5100,11200,26600,13900,2300
376.0,10.19,946700,9660271.0,10.18,10.17,10.16,10.15,10.14,10.13,10.12,10.11,10.1,10.09,10.19,10.2,10.21,10.22,10.23,10.24,10.25,10.26,10.27,10.28,22200,82300,104400,34600,1500,12300,4500,9000,41900,3200,1600,2700,800,5100,18700,3600,5100,11200,26600,17500
377.0,10.19,946900,9662309.0,10.18,10.17,10.16,10.15,10.14,10.13,10.12,10.11,10.1,10.09,10.19,10.2,10.21,10.22,10.23,10.24,10.25,10.26,10.27,10.28,24300,82300,104400,34200,1500,12300,4500,9000,41900,3200,2500,2600,800,5100,18700,3600,5100,11200,26600,17500
378.0,10.19,947300,9666385.0,10.18,10.17,10.16,10.15,10.14,10.13,10.12,10.11,10.1,10.09,10.19,10.2,10.21,10.22,10.23,10.24,10.25,10.26,10.27,10.28,24300,81800,104400,34200,1500,12300,4500,9000,41900,3200,2200,2600,800,5100,18700,3600,5100,11200,26600,17500
379.0,10.19,947300,9666385.0,10.18,10.17,10.16,10.15,10.14,10.13,10.12,10.11,10.1,10.09,10.19,10.2,10.21,10.22,10.23,10.24,10.25,10.26,10.27,10.28,24300,81800,104400,34200,1500,12300,4500,9000,41900,3200,2200,2600,800,5100,18700,3600,5100,11200,26600,17500
380.0,10.19,947300,9666385.0,10.18,10.17,10.16,10.15,10.14,10.13,10.12,10.11,10.1,10.09,10.19,10.2,10.21,10.22,10.23,10.24,10.25,10.26,10.27,10.28,24300,81800,104400,34200,1500,12300,4500,9000,41900,3200,2200,2600,800,5100,18700,3600,5100,11200,26600,17500
381.0,10.19,947300,9666385.0,10.18,10.17,10.16,10.15,10.14,10.13,10.12,10.11,10.1,10.09,10.19,10.2,10.21,10.22,10.23,10.24,10.25,10.26,10.27,10.28,24300,81800,104400,34200,1500,12300,4500,9000,41900,3200,3000,2400,800,5100,18700,3600,5100,11200,26600,17500
382.0,10.19,948200,9675556.0,10.18,10.17,10.16,10.15,10.14,10.13,10.12,10.11,10.1,10.09,10.19,10.2,10.21,10.22,10.23,10.24,10.25,10.26,10.27,10.28,25800,81800,104400,34200,1500,12300,4500,9000,41900,3200,2600,2400,800,5100,18700,3600,5100,11200,26600,17500
383.0,10.19,948200,9675556.0,10.18,10.17,10.16,10.15,10.14,10.13,10.12,10.11,10.1,10.09,10.19,10.2,10.21,10.22,10.23,10.24,10.25,10.26,10.27,10.28,27300,81800,104400,34200,1500,12300,4500,9000,41900,3200,2600,2400,800,5100,18700,3600,5100,11200,26600,17500
384.0,10.19,948200,9675556.0,10.18,10.17,10.16,10.15,10.14,10.13,10.12,10.11,10.1,10.09,10.19,10.2,10.21,10.22,10.23,10.24,10.25,10.26,10.27,10.28,28000,81800,104400,34700,1500,12300,4500,9000,41900,3200,2600,2400,800,5100,18700,3600,5100,11200,26600,17500
385.0,10.19,948600,9679632.0,10.18,10.17,10.16,10.15,10.14,10.13,10.12,10.11,10.1,10.09,10.19,10.2,10.21,10.22,10.23,10.24,10.25,10.26,10.27,10.28,28800,81800,104400,35700,1500,12300,4500,9000,41900,3200,2200,2400,800,5100,18700,3600,5100,11200,26600,17500
386.0,10.18,952000,9714264.0,10.18,10.17,10.16,10.15,10.14,10.13,10.12,10.11,10.1,10.09,10.19,10.2,10.21,10.22,10.23,10.24,10.25,10.26,10.27,10.28,29000,81800,104400,35700,1500,12300,4500,9000,41900,3200,400,2400,800,5100,18700,3600,5100,11200,26600,17500
387.0,10.19,952300,9717321.0,10.18,10.17,10.16,10.15,10.14,10.13,10.12,10.11,10.1,10.09,10.19,10.2,10.21,10.22,10.23,10.24,10.25,10.26,10.27,10.28,29000,81800,104400,35700,1500,12300,4500,9000,41900,3200,2300,2400,800,5100,18700,3600,5100,11200,26600,17500
388.0,10.19,952500,9719359.0,10.18,10.17,10.16,10.15,10.14,10.13,10.12,10.11,10.1,10.09,10.19,10.2,10.21,10.22,10.23,10.24,10.25,10.26,10.27,10.28,29000,81800,104400,35700,1500,12300,4500,9000,41900,3200,2100,2400,800,5100,18700,3600,5100,11200,26600,17500
389.0,10.19,952500,9719359.0,10.18,10.17,10.16,10.15,10.14,10.13,10.12,10.11,10.1,10.09,10.19,10.2,10.21,10.22,10.23,10.24,10.25,10.26,10.27,10.28,28500,81800,104400,35700,1500,12300,4500,9000,41900,3200,2100,2400,800,5100,18700,3600,5100,11600,26600,17500
390.0,10.19,952500,9719359.0,10.18,10.17,10.16,10.15,10.14,10.13,10.12,10.11,10.1,10.09,10.19,10.2,10.21,10.22,10.23,10.24,10.25,10.26,10.27,10.28,28500,81800,104400,35700,1500,12300,4500,9000,41900,3200,2100,2400,800,5100,18700,3600,5100,11600,26600,17500
391.0,10.19,952700,9721397.0,10.18,10.17,10.16,10.15,10.14,10.13,10.12,10.11,10.1,10.09,10.19,10.2,10.21,10.22,10.23,10.24,10.25,10.26,10.27,10.28,28600,81800,104400,35700,1500,12300,4500,9000,41900,3200,1900,2400,800,5100,18700,3600,5100,11600,26600,17500
