LocalTime,LastPrice,TradeVolume,TradeValue,BidPrice1,BidPrice2,BidPrice3,BidPrice4,BidPrice5,BidPrice6,BidPrice7,BidPrice8,BidPrice9,BidPriceA,AskPrice1,AskPrice2,AskPrice3,AskPrice4,AskPrice5,AskPrice6,AskPrice7,AskPrice8,AskPrice9,AskPriceA,BidVolume1,BidVolume2,BidVolume3,BidVolume4,BidVolume5,BidVolume6,BidVolume7,BidVolume8,BidVolume9,BidVolumeA,AskVolume1,AskVolume2,AskVolume3,AskVolume4,AskVolume5,AskVolume6,AskVolume7,AskVolume8,AskVolume9,AskVolumeA
0.0,0.0,0,0.0,27.62,27.38,27.31,27.27,27.03,25.0,24.91,0.0,0.0,0.0,27.65,27.75,27.85,27.93,27.97,27.98,28.0,28.02,28.35,28.88,200,1100,200,100,100,100,400,0,0,0,300,100,1000,2500,100,400,300,200,700,900
1.0,0.0,0,0.0,27.62,27.4,27.38,27.31,27.27,27.03,25.0,24.91,0.0,0.0,27.65,27.75,27.85,27.93,27.97,27.98,27.99,28.0,28.02,28.35,200,1100,1100,200,100,100,100,400,0,0,300,100,1000,2500,100,400,100,300,200,700
2.0,0.0,0,0.0,27.62,27.4,27.38,27.31,27.27,27.03,25.0,24.91,0.0,0.0,27.65,27.75,27.85,27.93,27.97,27.98,27.99,28.0,28.02,28.35,200,1300,1100,200,100,100,100,400,0,0,300,100,1000,2500,100,400,100,300,200,700
3.0,27.62,200,5524.0,27.4,27.38,27.32,27.31,27.27,27.03,27.01,25.0,24.91,0.0,27.58,27.65,27.75,27.8,27.85,27.93,27.97,27.98,27.99,28.0,1300,1100,300,200,100,900,200,100,400,0,800,300,100,1300,1300,2500,100,400,100,300
4.0,27.62,200,5524.0,27.4,27.39,27.38,27.32,27.31,27.27,27.05,27.03,27.01,25.0,27.58,27.65,27.75,27.8,27.85,27.92,27.93,27.97,27.98,27.99,1300,2000,1100,300,200,100,2000,900,200,100,800,300,100,1300,2300,100,2500,100,400,100
5.0,27.62,200,5524.0,27.4,27.39,27.38,27.32,27.31,27.27,27.05,27.03,27.01,25.0,27.58,27.65,27.75,27.8,27.85,27.92,27.93,27.97,27.98,27.99,1300,2000,1100,300,200,100,2000,900,200,100,800,300,100,1300,2300,100,2500,100,400,100
6.0,27.62,200,5524.0,27.4,27.39,27.38,27.32,27.31,27.27,27.18,27.05,27.03,27.01,27.58,27.62,27.65,27.75,27.8,27.85,27.92,27.97,27.98,27.99,1300,2000,1100,300,200,100,3000,2000,900,1200,800,100,300,100,1300,2300,100,100,400,100
7.0,27.62,200,5524.0,27.4,27.39,27.38,27.32,27.31,27.27,27.18,27.05,27.03,27.01,27.58,27.62,27.65,27.75,27.8,27.85,27.92,27.97,27.98,27.99,1300,2000,1100,300,200,100,3000,2000,900,1200,800,100,300,100,1800,2300,100,300,400,400
8.0,27.62,200,5524.0,27.4,27.39,27.38,27.32,27.31,27.27,27.18,27.05,27.03,27.01,27.58,27.62,27.65,27.75,27.8,27.85,27.92,27.97,27.98,27.99,1300,2000,1100,300,200,100,3000,3000,900,1200,800,200,300,100,1800,2300,100,300,400,400
9.0,27.62,200,5524.0,27.4,27.39,27.38,27.32,27.31,27.27,27.18,27.05,27.03,27.01,27.58,27.62,27.65,27.75,27.8,27.85,27.92,27.97,27.98,27.99,1300,2000,1100,300,200,100,3000,3000,900,1200,800,400,300,100,1800,2300,100,300,400,400
10.0,27.58,500,13798.0,27.4,27.39,27.38,27.32,27.31,27.27,27.18,27.05,27.03,27.01,27.58,27.62,27.65,27.75,27.8,27.85,27.92,27.97,27.98,27.99,1300,2000,1100,300,200,100,3000,3000,900,1200,500,300,300,100,1800,2300,100,300,400,400
11.0,27.58,500,13798.0,27.4,27.39,27.38,27.32,27.31,27.27,27.18,27.05,27.03,27.01,27.58,27.62,27.65,27.75,27.8,27.85,27.92,27.97,27.98,27.99,1300,2000,1100,300,200,100,3000,3000,900,1200,500,300,300,100,1800,2300,100,300,400,400
12.0,27.58,700,19314.0,27.4,27.39,27.38,27.32,27.31,27.27,27.18,27.05,27.03,27.01,27.58,27.62,27.65,27.75,27.8,27.85,27.92,27.97,27.98,27.99,1300,2000,1100,300,200,100,3000,3000,900,1200,300,300,300,100,1800,2300,100,300,400,400
13.0,27.58,700,19314.0,27.4,27.39,27.38,27.32,27.31,27.27,27.18,27.05,27.03,27.01,27.58,27.62,27.65,27.75,27.8,27.85,27.92,27.97,27.98,27.99,1300,2000,1100,300,200,100,3000,3000,900,1200,300,300,300,100,1800,2300,100,300,400,400
14.0,27.58,700,19314.0,27.4,27.39,27.38,27.32,27.31,27.27,27.18,27.05,27.03,27.01,27.58,27.62,27.65,27.75,27.8,27.85,27.92,27.97,27.98,27.99,1300,2000,1100,300,200,100,3000,3000,900,1200,300,300,300,100,1800,2300,100,300,400,400
15.0,27.58,900,24830.0,27.4,27.39,27.38,27.32,27.31,27.27,27.18,27.05,27.03,27.01,27.58,27.62,27.65,27.75,27.8,27.85,27.92,27.97,27.98,27.99,1300,2000,1100,300,200,100,3000,3000,900,1200,100,300,300,100,1800,2300,100,300,400,400
16.0,27.58,900,24830.0,27.4,27.39,27.38,27.32,27.31,27.27,27.18,27.05,27.03,27.01,27.58,27.62,27.65,27.75,27.8,27.85,27.92,27.97,27.98,27.99,1300,2000,1100,300,200,100,3000,3000,900,1200,100,300,300,100,1800,2300,100,300,400,400
17.0,27.58,1000,27588.0,27.4,27.39,27.38,27.32,27.31,27.27,27.18,27.05,27.03,27.01,27.62,27.65,27.75,27.8,27.85,27.92,27.97,27.98,27.99,28.0,1300,2000,1100,300,200,100,3000,3000,900,1200,300,300,100,1800,2300,100,300,400,400,2700
18.0,27.58,1000,27588.0,27.4,27.39,27.38,27.32,27.31,27.27,27.18,27.05,27.03,27.01,27.62,27.65,27.75,27.8,27.85,27.92,27.97,27.98,27.99,28.0,1300,2000,1100,300,200,100,3000,3000,900,1200,300,300,100,1800,2300,100,300,400,400,2700
19.0,27.58,1000,27588.0,27.4,27.39,27.38,27.32,27.31,27.27,27.18,27.05,27.03,27.01,27.62,27.65,27.75,27.8,27.85,27.92,27.97,27.98,27.99,28.0,1300,2000,1100,300,200,100,3000,3000,900,1200,300,300,100,1800,2300,100,300,400,400,2700
20.0,27.62,1200,33112.0,27.4,27.39,27.38,27.32,27.31,27.27,27.18,27.05,27.03,27.01,27.62,27.65,27.75,27.8,27.85,27.92,27.97,27.98,27.99,28.0,1300,2000,1100,300,200,100,3000,3000,900,1200,100,300,100,1800,2300,100,300,400,400,2700
21.0,27.62,1200,33112.0,27.4,27.39,27.38,27.32,27.31,27.27,27.18,27.05,27.03,27.01,27.62,27.65,27.75,27.8,27.85,27.92,27.97,27.98,27.99,28.0,1300,2000,1100,300,200,100,3000,3000,900,1200,100,300,100,1800,2300,100,300,400,400,2700
22.0,27.62,1200,33112.0,27.4,27.39,27.38,27.32,27.31,27.27,27.18,27.05,27.03,27.01,27.62,27.65,27.75,27.8,27.85,27.92,27.97,27.98,27.99,28.0,1300,2000,1100,300,200,100,3000,3000,900,1200,100,300,100,1800,2300,100,300,400,400,2700
23.0,27.62,1200,33112.0,27.4,27.39,27.38,27.32,27.31,27.27,27.18,27.05,27.03,27.01,27.62,27.65,27.75,27.8,27.85,27.92,27.97,27.98,27.99,28.0,1300,2000,1100,300,200,100,3000,3000,900,1200,100,300,100,1800,2300,100,300,400,400,2700
24.0,27.62,1200,33112.0,27.4,27.39,27.38,27.32,27.31,27.27,27.18,27.05,27.03,27.01,27.62,27.65,27.75,27.8,27.85,27.92,27.97,27.98,27.99,28.0,1300,2000,1100,300,200,100,3000,3000,900,1200,100,300,100,1800,2300,100,300,400,400,2700
25.0,27.62,1200,33112.0,27.4,27.39,27.38,27.32,27.31,27.27,27.18,27.05,27.03,27.01,27.62,27.65,27.75,27.8,27.85,27.92,27.97,27.98,27.99,28.0,1300,2000,1100,300,200,100,3000,3000,900,1200,100,300,100,1800,2300,100,300,400,400,2700
26.0,27.62,1200,33112.0,27.4,27.39,27.38,27.32,27.31,27.27,27.18,27.05,27.03,27.01,27.62,27.65,27.75,27.8,27.85,27.92,27.97,27.98,27.99,28.0,1300,2000,1100,300,200,100,3000,3000,900,1200,100,300,100,1800,2300,100,300,400,400,2700
27.0,27.62,1300,35874.0,27.62,27.4,27.39,27.38,27.32,27.31,27.27,27.18,27.05,27.03,27.65,27.75,27.8,27.85,27.92,27.97,27.98,27.99,28.0,28.02,200,1300,2000,1100,300,200,100,3000,3000,900,300,100,1800,2300,100,300,400,400,2700,200
28.0,27.62,1300,35874.0,27.62,27.4,27.39,27.38,27.32,27.31,27.27,27.18,27.05,27.03,27.65,27.75,27.8,27.85,27.92,27.97,27.98,27.99,28.0,28.02,200,1300,2000,1100,300,200,100,3000,3000,900,300,100,1800,2300,100,300,400,400,2700,200
29.0,27.62,1500,41398.0,27.4,27.39,27.38,27.32,27.31,27.27,27.18,27.05,27.03,27.01,27.62,27.65,27.75,27.8,27.85,27.92,27.97,27.98,27.99,28.0,1300,2000,1100,300,200,100,3000,3000,900,1200,200,300,100,1800,2300,100,300,400,400,2700
30.0,27.62,1500,41398.0,27.4,27.39,27.38,27.32,27.31,27.27,27.18,27.05,27.03,27.01,27.62,27.65,27.75,27.8,27.85,27.92,27.97,27.98,27.99,28.0,1300,2000,1100,300,200,100,3000,3000,900,1200,200,300,100,1800,2300,100,300,400,400,2700
31.0,27.62,1500,41398.0,27.4,27.39,27.38,27.32,27.31,27.27,27.18,27.05,27.03,27.01,27.62,27.65,27.75,27.8,27.85,27.92,27.97,27.98,27.99,28.0,1300,2000,1100,300,200,100,3000,3000,900,1200,200,300,100,1800,2300,100,300,400,400,2700
32.0,27.62,1700,46922.0,27.41,27.4,27.39,27.38,27.32,27.31,27.27,27.18,27.05,27.03,27.65,27.75,27.8,27.85,27.92,27.97,27.98,27.99,28.0,28.02,100,1300,2000,1100,300,200,100,3000,3000,900,300,100,1800,2300,100,300,400,400,2700,200
33.0,27.62,1700,46922.0,27.41,27.4,27.39,27.38,27.32,27.31,27.27,27.18,27.05,27.03,27.65,27.75,27.8,27.85,27.92,27.97,27.98,27.99,28.0,28.02,100,1300,2000,1100,300,200,100,3000,3000,900,300,100,1800,2300,100,300,400,400,2700,200
34.0,27.62,1700,46922.0,27.41,27.4,27.39,27.38,27.32,27.31,27.27,27.18,27.05,27.03,27.65,27.75,27.8,27.85,27.92,27.97,27.98,27.99,28.0,28.02,100,1300,2000,1100,300,200,100,3000,3000,900,300,100,1800,2300,100,300,400,400,2700,200
35.0,27.65,1800,49687.0,27.41,27.4,27.39,27.38,27.32,27.31,27.27,27.18,27.05,27.03,27.65,27.75,27.8,27.85,27.92,27.97,27.98,27.99,28.0,28.02,100,1300,2000,1100,300,200,100,3000,3000,900,200,100,1800,2300,100,300,400,400,2700,200
36.0,27.65,1800,49687.0,27.41,27.4,27.39,27.38,27.32,27.31,27.27,27.18,27.05,27.03,27.65,27.75,27.8,27.85,27.92,27.97,27.98,27.99,28.0,28.02,100,1300,2000,1100,300,200,100,3000,3000,900,200,100,1800,2300,100,300,400,400,2700,200
37.0,27.65,1800,49687.0,27.41,27.4,27.39,27.38,27.32,27.31,27.27,27.18,27.05,27.03,27.65,27.75,27.8,27.85,27.92,27.97,27.98,27.99,28.0,28.02,100,1300,2000,1100,300,200,100,3000,3000,900,200,100,1800,2300,100,300,400,400,2700,200
38.0,27.65,1800,49687.0,27.41,27.4,27.39,27.38,27.32,27.31,27.27,27.18,27.05,27.03,27.65,27.75,27.8,27.85,27.92,27.97,27.98,27.99,28.0,28.02,100,1300,2000,1100,300,200,100,3000,3000,900,200,100,1800,2300,100,300,400,400,2700,200
39.0,27.65,1800,49687.0,27.41,27.4,27.39,27.38,27.32,27.31,27.27,27.18,27.05,27.03,27.65,27.75,27.8,27.85,27.92,27.97,27.98,27.99,28.0,28.02,100,1300,2000,1100,300,200,100,3000,3000,900,200,100,1800,2300,100,300,400,400,2700,200
40.0,27.65,1800,49687.0,27.41,27.4,27.39,27.38,27.32,27.31,27.27,27.18,27.05,27.03,27.65,27.75,27.8,27.85,27.92,27.97,27.98,27.99,28.0,28.02,100,1300,2000,1100,300,200,100,3000,3000,900,200,100,1800,2300,100,300,400,400,2700,200
41.0,27.65,1800,49687.0,27.41,27.4,27.39,27.38,27.32,27.31,27.27,27.18,27.05,27.03,27.65,27.75,27.8,27.85,27.92,27.97,27.98,27.99,28.0,28.02,100,1300,2000,1100,300,200,100,3000,3000,900,200,100,1800,2300,100,300,400,400,2700,200
42.0,27.65,1800,49687.0,27.42,27.41,27.4,27.39,27.38,27.32,27.31,27.27,27.18,27.05,27.65,27.75,27.8,27.85,27.88,27.92,27.97,27.98,27.99,28.0,2000,100,1300,2000,1100,300,200,100,3000,3000,200,100,1800,2300,1300,100,300,400,400,2700
43.0,27.65,2000,55217.0,27.65,27.42,27.41,27.4,27.39,27.38,27.32,27.31,27.27,27.18,27.75,27.8,27.85,27.88,27.92,27.97,27.98,27.99,28.0,28.02,400,2000,100,1300,2000,1100,300,200,100,3000,100,1800,2300,1300,100,300,400,2900,2700,200
44.0,27.65,2000,55217.0,27.65,27.42,27.41,27.4,27.39,27.38,27.32,27.31,27.27,27.18,27.75,27.8,27.85,27.88,27.92,27.97,27.98,27.99,28.0,28.02,400,2000,100,1300,2000,1100,300,200,100,3000,100,1800,2300,1300,100,300,400,2900,2700,200
45.0,27.65,2000,55217.0,27.65,27.42,27.41,27.4,27.39,27.38,27.32,27.31,27.27,27.18,27.75,27.8,27.85,27.88,27.92,27.97,27.98,27.99,28.0,28.02,400,2000,100,1300,2000,1100,300,200,100,3000,100,1800,2300,1300,100,300,400,2900,2700,200
46.0,27.65,2000,55217.0,27.65,27.42,27.41,27.4,27.39,27.38,27.32,27.31,27.27,27.18,27.75,27.8,27.85,27.88,27.92,27.97,27.98,27.99,28.0,28.02,400,2000,100,1300,2000,1100,300,200,100,3000,100,1800,2300,1300,100,300,400,2900,2700,200
47.0,27.42,2800,77245.0,27.43,27.42,27.41,27.4,27.39,27.38,27.32,27.31,27.27,27.18,27.65,27.68,27.72,27.75,27.8,27.85,27.88,27.92,27.97,27.98,100,1600,100,1300,2000,1100,300,200,100,3000,1600,1000,600,300,1800,2300,1300,100,300,400
48.0,27.42,2800,77245.0,27.43,27.42,27.41,27.4,27.39,27.38,27.32,27.31,27.27,27.18,27.65,27.68,27.72,27.75,27.8,27.85,27.88,27.92,27.97,27.98,100,1600,100,1300,2000,1100,300,200,100,3000,1600,1000,600,300,1800,2300,1300,100,300,400
49.0,27.42,2800,77245.0,27.43,27.42,27.41,27.4,27.39,27.38,27.32,27.31,27.27,27.18,27.65,27.68,27.72,27.75,27.8,27.85,27.88,27.92,27.97,27.98,100,1600,100,1300,2000,1100,300,200,100,3000,1600,1000,600,300,1800,2300,1300,100,300,400
50.0,27.42,2800,77245.0,27.43,27.42,27.41,27.4,27.39,27.38,27.32,27.31,27.27,27.18,27.65,27.68,27.75,27.8,27.85,27.88,27.92,27.97,27.98,27.99,100,1600,100,1300,2000,1100,300,200,100,3000,1600,700,300,1800,2300,1300,100,300,400,2900
51.0,27.42,2800,77245.0,27.43,27.42,27.41,27.4,27.39,27.38,27.32,27.31,27.27,27.18,27.65,27.68,27.75,27.8,27.85,27.88,27.92,27.97,27.98,27.99,100,1600,100,1300,2000,1100,300,200,100,3000,1600,700,300,1800,2300,1300,100,300,400,2900
52.0,27.42,2800,77245.0,27.43,27.42,27.41,27.4,27.39,27.38,27.32,27.31,27.27,27.18,27.65,27.68,27.75,27.8,27.85,27.88,27.92,27.97,27.98,27.99,100,1600,100,1300,2000,1100,300,200,100,3000,1600,700,300,1800,2300,1300,100,300,400,2900
53.0,27.42,2800,77245.0,27.43,27.42,27.41,27.4,27.39,27.38,27.32,27.31,27.27,27.18,27.65,27.68,27.75,27.8,27.85,27.88,27.92,27.97,27.98,27.99,100,1600,100,1300,2000,1100,300,200,100,3000,1600,700,300,1800,2300,1300,100,300,400,2900
54.0,27.42,2800,77245.0,27.43,27.42,27.41,27.4,27.39,27.38,27.32,27.31,27.27,27.18,27.65,27.68,27.75,27.8,27.85,27.88,27.92,27.97,27.98,27.99,100,1600,100,1300,2000,1100,300,200,100,3000,1600,700,300,1800,2300,1300,100,300,400,2900
55.0,27.42,2800,77245.0,27.43,27.42,27.41,27.4,27.39,27.38,27.32,27.31,27.27,27.18,27.64,27.65,27.68,27.75,27.8,27.85,27.88,27.92,27.97,27.98,100,1600,100,1300,2000,1100,300,200,100,3000,100,1600,700,300,1800,2300,1300,100,300,400
56.0,27.42,2800,77245.0,27.43,27.42,27.41,27.4,27.39,27.38,27.32,27.31,27.27,27.18,27.64,27.65,27.68,27.75,27.8,27.85,27.88,27.92,27.97,27.98,100,1600,100,1300,2000,1100,300,200,100,3000,100,200,700,300,1800,2300,1300,100,300,400
57.0,27.42,2800,77245.0,27.43,27.42,27.41,27.4,27.39,27.38,27.32,27.31,27.27,27.18,27.64,27.65,27.68,27.75,27.8,27.85,27.88,27.92,27.97,27.98,100,1600,100,1300,2000,1100,300,200,100,3000,100,200,700,300,1800,2300,1300,100,300,400
58.0,27.42,2800,77245.0,27.43,27.42,27.41,27.4,27.39,27.38,27.32,27.31,27.27,27.18,27.64,27.65,27.68,27.75,27.8,27.85,27.88,27.92,27.97,27.98,100,1600,100,1300,2000,1100,300,200,100,3000,100,200,700,300,1800,2300,1300,100,300,400
59.0,27.42,2800,77245.0,27.43,27.42,27.41,27.4,27.39,27.38,27.32,27.31,27.27,27.18,27.64,27.65,27.68,27.75,27.8,27.85,27.88,27.92,27.97,27.98,100,1600,100,1300,2000,1100,300,200,100,3000,100,200,700,300,1800,2300,1300,100,300,400
60.0,27.42,2800,77245.0,27.43,27.42,27.41,27.4,27.39,27.38,27.32,27.31,27.27,27.18,27.64,27.65,27.68,27.75,27.8,27.85,27.88,27.92,27.97,27.98,100,1600,100,1300,2000,1100,300,200,100,3000,100,200,700,300,1800,2300,1300,100,300,400
61.0,27.42,2800,77245.0,27.43,27.42,27.41,27.4,27.39,27.38,27.32,27.31,27.27,27.18,27.64,27.65,27.68,27.75,27.8,27.85,27.88,27.92,27.97,27.98,100,1600,100,1300,2000,1100,300,200,100,3000,100,200,700,300,1800,2300,1300,100,300,400
62.0,27.42,2800,77245.0,27.43,27.42,27.41,27.4,27.39,27.38,27.32,27.31,27.27,27.18,27.64,27.65,27.68,27.75,27.8,27.85,27.88,27.92,27.97,27.98,100,1600,100,1300,2000,1100,300,200,100,3000,100,200,700,300,1800,2300,1300,100,300,400
63.0,27.42,2800,77245.0,27.43,27.42,27.41,27.4,27.39,27.38,27.32,27.31,27.27,27.18,27.64,27.65,27.68,27.75,27.8,27.85,27.88,27.92,27.97,27.98,100,1600,100,1300,2000,1100,300,200,100,3000,100,200,700,300,1800,2300,1300,100,300,400
64.0,27.42,2800,77245.0,27.43,27.42,27.41,27.4,27.39,27.38,27.32,27.31,27.27,27.18,27.64,27.65,27.68,27.75,27.8,27.85,27.88,27.92,27.97,27.98,100,1600,100,1300,2000,1100,300,200,100,3000,100,200,700,300,1800,2300,1300,100,300,400
65.0,27.42,2800,77245.0,27.43,27.42,27.41,27.4,27.39,27.38,27.32,27.31,27.27,27.18,27.64,27.65,27.68,27.75,27.8,27.85,27.88,27.92,27.97,27.98,100,1600,100,1300,2000,1100,300,200,100,3000,100,200,700,300,1800,2300,1300,100,300,400
66.0,27.42,2800,77245.0,27.46,27.45,27.44,27.43,27.42,27.41,27.4,27.39,27.38,27.32,27.64,27.65,27.68,27.75,27.8,27.85,27.88,27.92,27.97,27.98,600,500,1000,100,1600,100,1300,2000,1100,300,100,200,700,300,1800,2300,1300,100,300,400
67.0,27.42,2800,77245.0,27.48,27.47,27.44,27.43,27.42,27.41,27.4,27.39,27.38,27.32,27.65,27.68,27.75,27.8,27.85,27.88,27.92,27.97,27.98,27.99,600,100,1000,100,1600,100,1300,2000,1100,300,200,700,300,1800,2300,1300,100,300,400,2900
68.0,27.42,2800,77245.0,27.54,27.53,27.52,27.51,27.5,27.49,27.47,27.44,27.43,27.42,27.65,27.68,27.75,27.8,27.85,27.88,27.92,27.97,27.98,27.99,100,600,100,500,100,600,100,1000,100,1800,200,700,300,1800,2300,1300,100,300,400,2900
69.0,27.42,2800,77245.0,27.54,27.53,27.52,27.51,27.5,27.49,27.47,27.44,27.43,27.42,27.65,27.68,27.75,27.8,27.85,27.88,27.92,27.97,27.98,27.99,100,600,100,500,100,600,100,1000,100,1800,200,700,300,1800,2300,1300,100,300,400,2900
70.0,27.42,2800,77245.0,27.56,27.55,27.54,27.52,27.5,27.47,27.44,27.43,27.42,27.41,27.65,27.68,27.75,27.8,27.85,27.88,27.92,27.97,27.98,27.99,700,700,100,100,100,100,1000,100,1800,100,200,700,300,1800,2300,1300,100,300,400,2900
71.0,27.42,2800,77245.0,27.57,27.56,27.55,27.54,27.52,27.5,27.47,27.44,27.43,27.42,27.65,27.68,27.75,27.8,27.85,27.88,27.92,27.97,27.98,27.99,700,100,100,100,100,100,100,1000,100,1800,200,700,300,1800,2300,1300,100,300,400,2900
72.0,27.42,2800,77245.0,27.57,27.56,27.55,27.54,27.52,27.5,27.47,27.44,27.43,27.42,27.65,27.68,27.75,27.8,27.85,27.88,27.92,27.97,27.98,27.99,700,100,100,100,100,100,100,1000,100,1800,200,700,300,1800,2300,1300,100,300,400,2900
73.0,27.42,2800,77245.0,27.59,27.58,27.57,27.56,27.55,27.54,27.52,27.5,27.47,27.44,27.65,27.68,27.75,27.8,27.85,27.88,27.92,27.97,27.98,27.99,600,100,100,100,100,100,100,100,100,1000,200,700,300,1800,2300,1300,100,300,400,2900
74.0,27.42,2800,77245.0,27.59,27.58,27.57,27.56,27.55,27.54,27.52,27.5,27.47,27.44,27.65,27.68,27.75,27.8,27.85,27.88,27.92,27.97,27.98,27.99,600,100,100,100,100,100,100,100,100,1000,300,700,300,1800,2300,1300,100,300,400,2900
75.0,27.42,2800,77245.0,27.59,27.58,27.57,27.56,27.55,27.54,27.52,27.5,27.47,27.44,27.65,27.68,27.75,27.8,27.85,27.88,27.92,27.97,27.98,27.99,600,100,100,100,100,100,100,100,100,1000,300,700,300,1800,2300,1300,100,300,400,2900
76.0,27.42,2800,77245.0,27.59,27.58,27.57,27.56,27.55,27.54,27.52,27.5,27.47,27.44,27.65,27.68,27.75,27.8,27.85,27.88,27.92,27.97,27.98,27.99,600,100,100,100,100,100,100,100,100,1000,300,700,300,1800,2300,1300,100,300,400,2900
77.0,27.42,2800,77245.0,27.59,27.58,27.57,27.56,27.55,27.54,27.52,27.5,27.47,27.44,27.63,27.65,27.68,27.75,27.8,27.85,27.88,27.92,27.97,27.98,600,100,100,100,100,100,100,100,100,1000,400,300,700,300,1800,2300,1300,100,300,400
78.0,27.42,2800,77245.0,27.59,27.58,27.57,27.56,27.55,27.54,27.52,27.5,27.47,27.44,27.63,27.65,27.68,27.75,27.8,27.85,27.88,27.92,27.97,27.98,600,100,100,100,100,100,100,100,100,1000,400,300,700,300,1800,2300,1300,100,300,400
79.0,27.42,2800,77245.0,27.59,27.58,27.57,27.56,27.55,27.54,27.52,27.5,27.47,27.44,27.63,27.65,27.68,27.75,27.8,27.85,27.88,27.92,27.97,27.98,600,100,100,100,100,100,100,100,100,1000,400,200,700,300,1800,2300,1300,100,300,400
80.0,27.42,2800,77245.0,27.59,27.58,27.57,27.56,27.55,27.54,27.52,27.5,27.47,27.44,27.62,27.63,27.65,27.75,27.8,27.85,27.88,27.92,27.97,27.98,600,100,100,100,100,100,100,100,100,1000,500,800,200,300,1800,2300,1300,100,300,400
81.0,27.42,2800,77245.0,27.59,27.58,27.57,27.56,27.55,27.54,27.52,27.5,27.47,27.44,27.62,27.63,27.65,27.75,27.8,27.85,27.88,27.92,27.97,27.98,600,100,100,100,100,100,100,100,100,1000,500,800,200,300,1800,2300,1300,100,300,400
82.0,27.42,2800,77245.0,27.59,27.58,27.57,27.56,27.55,27.54,27.52,27.5,27.47,27.44,27.62,27.63,27.65,27.75,27.8,27.85,27.88,27.92,27.97,27.98,600,100,100,100,100,100,100,100,100,1000,500,800,200,300,1800,2300,1300,100,300,400
83.0,27.59,4100,113112.0,27.54,27.52,27.5,27.47,27.44,27.43,27.42,27.41,27.4,27.39,27.59,27.61,27.62,27.65,27.75,27.8,27.85,27.88,27.92,27.97,100,100,100,100,900,100,200,100,200,2000,600,600,1100,200,300,1800,2300,1300,100,300
84.0,27.59,4600,126907.0,27.54,27.52,27.5,27.47,27.44,27.43,27.42,27.41,27.4,27.39,27.59,27.61,27.62,27.65,27.75,27.8,27.85,27.88,27.92,27.97,100,100,100,100,900,100,200,100,200,2000,100,600,1100,200,300,1800,2300,1300,100,300
85.0,27.59,4600,126907.0,27.54,27.52,27.5,27.47,27.44,27.43,27.42,27.41,27.4,27.39,27.59,27.61,27.62,27.65,27.75,27.8,27.85,27.88,27.92,27.97,100,100,100,100,900,100,200,100,200,2000,100,600,1100,200,300,1800,2300,1300,100,300
86.0,27.59,4600,126907.0,27.54,27.52,27.5,27.47,27.44,27.43,27.42,27.41,27.4,27.39,27.57,27.59,27.62,27.65,27.75,27.8,27.85,27.88,27.92,27.97,100,100,100,100,900,100,200,100,200,2000,400,200,500,200,300,1800,2300,1300,100,300
87.0,27.57,4700,129664.0,27.54,27.52,27.5,27.47,27.44,27.43,27.42,27.41,27.4,27.39,27.57,27.59,27.62,27.65,27.75,27.8,27.85,27.88,27.92,27.97,100,100,100,100,900,100,200,100,200,2000,300,200,500,200,300,1800,2300,1300,100,300
88.0,27.57,4700,129664.0,27.54,27.52,27.5,27.47,27.44,27.43,27.42,27.41,27.4,27.39,27.57,27.59,27.62,27.65,27.75,27.8,27.85,27.88,27.92,27.97,200,100,100,100,900,100,200,100,200,2000,300,200,500,200,300,1800,2300,1300,100,300
89.0,27.57,5000,137935.0,27.57,27.54,27.52,27.5,27.47,27.44,27.43,27.42,27.41,27.4,27.59,27.62,27.65,27.74,27.75,27.8,27.85,27.88,27.92,27.97,300,200,100,100,100,900,100,200,100,200,100,500,200,600,300,1800,2300,1300,100,300
90.0,27.57,5000,137935.0,27.57,27.54,27.52,27.5,27.47,27.44,27.43,27.42,27.41,27.4,27.59,27.62,27.65,27.74,27.75,27.8,27.85,27.88,27.92,27.97,300,200,100,100,100,900,100,200,100,200,100,500,200,600,300,1800,2300,1300,100,300
91.0,27.57,5000,137935.0,27.57,27.54,27.52,27.5,27.47,27.44,27.43,27.42,27.41,27.4,27.59,27.62,27.65,27.74,27.75,27.8,27.85,27.88,27.92,27.97,300,200,100,100,100,900,100,200,100,200,100,500,200,600,300,1800,2300,1300,100,300
92.0,27.57,5000,137935.0,27.57,27.54,27.52,27.5,27.47,27.44,27.43,27.42,27.41,27.4,27.59,27.62,27.65,27.74,27.75,27.8,27.85,27.88,27.92,27.97,300,200,100,100,100,900,100,500,100,200,600,500,200,600,300,1800,2300,1300,100,300
93.0,27.59,5200,143453.0,27.57,27.54,27.52,27.5,27.47,27.44,27.43,27.42,27.41,27.4,27.59,27.62,27.65,27.74,27.75,27.8,27.85,27.88,27.92,27.97,300,200,100,100,100,900,100,500,100,200,400,500,200,600,300,1800,2300,1300,100,300
94.0,27.59,5200,143453.0,27.57,27.54,27.52,27.5,27.47,27.44,27.43,27.42,27.41,27.4,27.59,27.62,27.65,27.74,27.75,27.8,27.85,27.88,27.92,27.97,300,200,100,100,100,900,100,500,100,200,400,500,200,600,300,1800,2300,1300,100,300
95.0,27.59,5200,143453.0,27.54,27.52,27.5,27.47,27.44,27.43,27.42,27.41,27.4,27.39,27.59,27.62,27.65,27.74,27.75,27.8,27.85,27.88,27.92,27.97,200,100,100,100,900,100,500,100,200,2000,500,500,200,600,300,1800,2300,1300,100,300
96.0,27.59,5200,143453.0,27.54,27.52,27.5,27.47,27.44,27.43,27.42,27.41,27.4,27.39,27.59,27.62,27.65,27.74,27.75,27.8,27.85,27.88,27.92,27.97,200,100,100,100,900,100,500,100,200,2000,500,500,200,600,300,1800,2300,1300,100,300
97.0,27.59,5200,143453.0,27.54,27.52,27.5,27.47,27.44,27.43,27.42,27.41,27.4,27.39,27.59,27.62,27.65,27.74,27.75,27.8,27.85,27.88,27.92,27.97,200,100,100,100,900,100,500,100,200,2000,500,500,200,600,300,1800,2300,1300,100,300
98.0,27.59,5200,143453.0,27.54,27.52,27.5,27.47,27.44,27.43,27.42,27.41,27.4,27.39,27.59,27.62,27.65,27.74,27.75,27.8,27.85,27.88,27.92,27.97,200,100,100,100,900,100,500,100,200,2000,500,500,200,600,300,1800,2300,1300,100,300
99.0,27.59,5200,143453.0,27.54,27.52,27.5,27.47,27.44,27.43,27.42,27.41,27.4,27.39,27.59,27.62,27.65,27.74,27.75,27.8,27.85,27.88,27.92,27.97,200,100,100,100,900,100,500,100,200,2000,500,500,200,600,300,1800,2300,1300,100,300
100.0,27.59,5200,143453.0,27.54,27.52,27.5,27.47,27.44,27.43,27.42,27.41,27.4,27.39,27.59,27.62,27.65,27.74,27.75,27.8,27.85,27.88,27.92,27.97,200,100,100,100,900,100,500,100,200,2000,500,500,200,600,300,1800,2300,1300,100,300
101.0,27.59,5200,143453.0,27.54,27.52,27.5,27.47,27.44,27.43,27.42,27.41,27.4,27.39,27.59,27.62,27.65,27.74,27.75,27.8,27.85,27.88,27.92,27.97,200,100,100,100,900,100,500,100,200,2000,500,500,200,600,300,1800,2300,1300,100,300
102.0,27.59,5200,143453.0,27.54,27.52,27.5,27.47,27.44,27.43,27.42,27.41,27.4,27.39,27.59,27.62,27.65,27.74,27.75,27.8,27.85,27.88,27.92,27.97,200,100,100,100,900,100,500,100,200,2000,500,500,200,600,300,1800,2300,1300,100,300
103.0,27.59,5200,143453.0,27.54,27.52,27.5,27.47,27.44,27.43,27.42,27.41,27.4,27.39,27.59,27.62,27.65,27.74,27.75,27.8,27.85,27.88,27.92,27.97,200,100,100,100,900,100,500,100,200,2000,500,500,200,600,300,1800,2300,1300,100,300
104.0,27.59,5200,143453.0,27.54,27.52,27.5,27.47,27.44,27.43,27.42,27.41,27.4,27.39,27.59,27.62,27.65,27.74,27.75,27.8,27.85,27.88,27.92,27.97,200,100,100,100,900,100,500,100,200,2000,500,500,200,600,300,1800,2300,1300,100,300
105.0,27.59,5200,143453.0,27.54,27.52,27.5,27.47,27.44,27.43,27.42,27.41,27.4,27.39,27.59,27.62,27.65,27.74,27.75,27.8,27.85,27.88,27.92,27.97,200,100,100,100,900,100,500,100,200,2000,500,500,200,600,300,1800,2300,1300,100,300
106.0,27.59,5200,143453.0,27.54,27.52,27.5,27.47,27.44,27.43,27.42,27.41,27.4,27.39,27.59,27.62,27.65,27.74,27.75,27.8,27.85,27.88,27.92,27.97,200,100,100,100,900,100,500,100,200,2000,500,500,200,600,300,1800,2300,1300,100,300
107.0,27.59,5200,143453.0,27.54,27.52,27.5,27.47,27.44,27.43,27.42,27.41,27.4,27.39,27.59,27.62,27.65,27.74,27.75,27.8,27.85,27.88,27.92,27.97,200,100,100,100,900,100,500,100,200,2000,500,500,200,600,300,1800,2300,1300,100,300
108.0,27.59,5200,143453.0,27.54,27.52,27.5,27.47,27.44,27.43,27.42,27.41,27.4,27.39,27.59,27.62,27.65,27.74,27.75,27.8,27.85,27.88,27.92,27.97,200,100,100,100,900,100,500,100,200,2000,500,500,200,600,300,1800,2300,1300,100,300
109.0,27.59,5200,143453.0,27.55,27.54,27.52,27.5,27.47,27.44,27.43,27.42,27.41,27.4,27.59,27.62,27.65,27.74,27.75,27.8,27.85,27.88,27.92,27.97,300,200,100,100,100,900,100,500,100,200,500,500,200,600,300,1800,2300,1300,100,300
110.0,27.59,5200,143453.0,27.55,27.54,27.52,27.5,27.47,27.44,27.43,27.42,27.41,27.4,27.59,27.62,27.65,27.74,27.75,27.8,27.85,27.88,27.92,27.97,300,200,100,100,100,900,100,500,100,200,500,500,200,600,300,1800,2300,1300,100,300
111.0,27.59,5200,143453.0,27.55,27.54,27.52,27.5,27.47,27.44,27.43,27.42,27.41,27.4,27.59,27.62,27.65,27.74,27.75,27.8,27.85,27.88,27.92,27.97,300,200,100,100,100,900,100,500,100,200,500,500,200,600,300,1800,2300,1300,100,300
112.0,27.59,5200,143453.0,27.55,27.54,27.52,27.5,27.47,27.44,27.43,27.42,27.41,27.4,27.59,27.62,27.65,27.74,27.75,27.8,27.85,27.88,27.92,27.97,300,200,100,100,100,900,100,500,100,200,500,500,200,600,300,1800,2300,1300,100,300
113.0,27.59,5200,143453.0,27.55,27.54,27.52,27.5,27.47,27.44,27.43,27.42,27.41,27.4,27.56,27.58,27.59,27.65,27.74,27.75,27.8,27.85,27.88,27.92,300,200,100,100,100,900,100,500,100,200,900,400,500,200,600,300,1800,2300,1300,100
114.0,27.59,5200,143453.0,27.55,27.54,27.52,27.5,27.47,27.44,27.43,27.42,27.41,27.4,27.56,27.58,27.59,27.65,27.74,27.75,27.8,27.85,27.88,27.92,300,200,100,100,100,900,100,500,100,200,900,400,500,200,600,300,1800,2300,1300,100
115.0,27.59,5200,143453.0,27.55,27.54,27.52,27.5,27.47,27.44,27.43,27.42,27.41,27.4,27.56,27.58,27.59,27.65,27.74,27.75,27.8,27.85,27.88,27.92,300,200,100,100,100,900,100,500,100,200,900,400,500,200,600,300,1800,2300,1300,100
116.0,27.59,5200,143453.0,27.55,27.54,27.52,27.5,27.47,27.44,27.43,27.42,27.41,27.4,27.56,27.59,27.65,27.74,27.75,27.8,27.85,27.88,27.92,27.97,300,200,100,100,100,900,100,500,100,200,1900,100,200,600,300,1800,2300,1300,100,300
117.0,27.59,5200,143453.0,27.55,27.54,27.52,27.5,27.47,27.44,27.43,27.42,27.41,27.4,27.56,27.59,27.65,27.74,27.75,27.8,27.85,27.88,27.92,27.97,300,200,100,100,100,900,100,500,100,200,1900,100,200,600,300,1800,2300,1300,100,300
118.0,27.59,5200,143453.0,27.55,27.54,27.52,27.5,27.47,27.44,27.43,27.42,27.41,27.4,27.56,27.59,27.65,27.74,27.75,27.8,27.85,27.88,27.92,27.97,300,200,100,100,100,900,100,500,100,200,1900,100,200,600,300,1800,2300,1300,100,300
119.0,27.59,5200,143453.0,27.55,27.54,27.52,27.5,27.47,27.44,27.43,27.42,27.41,27.4,27.56,27.59,27.65,27.74,27.75,27.8,27.85,27.88,27.92,27.97,300,200,100,100,100,900,100,500,100,200,1900,100,200,600,300,1800,2300,1300,100,300
120.0,27.59,5200,143453.0,27.55,27.54,27.52,27.5,27.47,27.44,27.43,27.42,27.41,27.4,27.56,27.59,27.65,27.74,27.75,27.8,27.85,27.88,27.92,27.97,300,200,100,100,100,900,100,500,100,200,1900,100,200,600,300,1800,2300,1300,100,300
121.0,27.59,5200,143453.0,27.55,27.54,27.52,27.5,27.47,27.44,27.43,27.42,27.41,27.4,27.56,27.59,27.65,27.74,27.75,27.8,27.85,27.88,27.92,27.97,300,200,100,100,100,900,100,500,100,200,1900,100,200,600,300,1800,2300,1300,100,300
122.0,27.59,5200,143453.0,27.55,27.54,27.52,27.5,27.47,27.44,27.43,27.42,27.41,27.4,27.56,27.59,27.65,27.74,27.75,27.8,27.85,27.88,27.92,27.97,300,200,100,100,100,900,100,500,100,200,1900,100,200,600,300,1800,2300,1300,100,300
123.0,27.59,5200,143453.0,27.55,27.54,27.52,27.5,27.47,27.44,27.43,27.42,27.41,27.4,27.56,27.59,27.65,27.74,27.75,27.8,27.85,27.88,27.92,27.97,300,200,100,100,100,900,100,500,100,200,1900,100,200,600,300,1800,2300,1300,100,300
124.0,27.59,5200,143453.0,27.55,27.54,27.52,27.5,27.47,27.44,27.43,27.42,27.41,27.4,27.56,27.59,27.65,27.74,27.75,27.8,27.85,27.88,27.92,27.97,300,200,100,100,100,900,100,500,100,200,1900,100,200,600,300,1800,2300,1300,100,300
125.0,27.55,5500,151718.0,27.52,27.5,27.47,27.44,27.43,27.42,27.41,27.4,27.39,27.38,27.55,27.56,27.59,27.65,27.74,27.75,27.8,27.85,27.88,27.92,100,100,100,900,100,500,100,200,2000,1100,300,2100,100,200,600,300,1800,2300,1300,100
126.0,27.55,5500,151718.0,27.52,27.5,27.47,27.44,27.43,27.42,27.41,27.4,27.39,27.38,27.55,27.56,27.59,27.65,27.74,27.75,27.8,27.85,27.88,27.92,100,100,100,900,100,500,100,200,2000,1100,300,2100,100,200,600,300,1800,2300,1300,100
127.0,27.55,5500,151718.0,27.47,27.44,27.43,27.42,27.41,27.4,27.39,27.38,27.32,27.31,27.55,27.56,27.59,27.65,27.74,27.75,27.8,27.85,27.88,27.92,100,900,100,500,100,200,2000,1100,300,200,300,2100,100,200,600,300,1800,2300,1300,100
128.0,27.55,5500,151718.0,27.47,27.44,27.43,27.42,27.41,27.4,27.39,27.38,27.32,27.31,27.55,27.56,27.59,27.65,27.74,27.75,27.8,27.85,27.88,27.92,100,900,100,500,100,200,2000,1100,300,200,900,900,100,200,600,300,1800,2300,1300,100
129.0,27.55,5500,151718.0,27.47,27.44,27.43,27.42,27.41,27.4,27.39,27.38,27.32,27.31,27.55,27.56,27.59,27.65,27.74,27.75,27.8,27.85,27.88,27.92,100,900,100,500,100,200,2000,1100,300,200,900,900,100,200,600,300,1800,2300,1300,100
130.0,27.55,5500,151718.0,27.44,27.43,27.42,27.41,27.4,27.39,27.38,27.32,27.31,27.27,27.55,27.56,27.59,27.65,27.74,27.75,27.8,27.85,27.88,27.92,900,100,500,100,200,2000,1100,300,200,100,900,900,100,200,600,300,1800,2300,1300,100
131.0,27.55,5500,151718.0,27.44,27.43,27.42,27.41,27.4,27.39,27.38,27.32,27.31,27.27,27.55,27.56,27.59,27.65,27.74,27.75,27.8,27.85,27.88,27.92,900,100,500,100,200,2000,1100,300,200,100,900,900,100,200,600,300,1800,2300,1300,100
132.0,27.55,5500,151718.0,27.44,27.43,27.42,27.41,27.4,27.39,27.38,27.32,27.31,27.27,27.55,27.56,27.59,27.65,27.74,27.75,27.8,27.85,27.88,27.92,900,100,500,100,200,2000,1100,300,200,100,900,900,100,200,600,300,1800,2300,1300,100
133.0,27.55,5500,151718.0,27.44,27.43,27.42,27.41,27.4,27.39,27.38,27.32,27.31,27.27,27.55,27.56,27.59,27.65,27.74,27.75,27.8,27.85,27.88,27.92,900,100,500,100,200,2000,1100,300,200,100,900,900,100,200,600,300,1800,2300,1300,100
134.0,27.55,5500,151718.0,27.44,27.43,27.42,27.41,27.4,27.39,27.38,27.32,27.31,27.27,27.55,27.56,27.59,27.65,27.74,27.75,27.8,27.85,27.88,27.92,900,100,500,100,200,2000,1100,300,200,100,900,900,100,200,600,300,1800,2300,1300,100
135.0,27.55,5500,151718.0,27.44,27.43,27.42,27.41,27.4,27.39,27.38,27.32,27.31,27.27,27.55,27.56,27.59,27.65,27.74,27.75,27.8,27.85,27.88,27.92,900,100,500,100,200,2000,1100,300,200,100,900,900,100,200,600,300,1800,2300,1300,100
136.0,27.55,5600,154473.0,27.44,27.43,27.42,27.41,27.4,27.39,27.38,27.32,27.31,27.27,27.55,27.56,27.59,27.65,27.74,27.75,27.8,27.85,27.88,27.92,900,100,500,100,200,2000,1100,300,200,100,800,900,100,200,600,300,1800,2300,1300,100
137.0,27.55,5600,154473.0,27.44,27.43,27.42,27.41,27.4,27.39,27.38,27.32,27.31,27.27,27.55,27.56,27.59,27.65,27.74,27.75,27.8,27.85,27.88,27.92,900,100,500,100,200,2000,1100,300,200,100,800,900,100,200,600,300,1800,2300,1300,100
138.0,27.55,5600,154473.0,27.44,27.43,27.42,27.41,27.4,27.39,27.38,27.32,27.31,27.27,27.55,27.56,27.59,27.65,27.74,27.75,27.8,27.85,27.88,27.92,900,100,500,100,200,2000,1100,300,200,100,800,900,100,200,600,300,1800,2300,1300,100
139.0,27.55,5600,154473.0,27.44,27.43,27.42,27.41,27.4,27.39,27.38,27.32,27.31,27.27,27.55,27.56,27.59,27.65,27.74,27.75,27.8,27.85,27.88,27.92,900,100,500,100,200,2000,1100,300,200,100,800,900,100,200,600,300,1800,2300,1300,100
140.0,27.55,5600,154473.0,27.44,27.43,27.42,27.41,27.4,27.39,27.38,27.32,27.31,27.27,27.55,27.56,27.59,27.65,27.74,27.75,27.8,27.85,27.88,27.92,900,100,500,100,200,2000,1100,300,200,100,900,900,100,200,600,300,1800,2300,1300,100
141.0,27.55,5600,154473.0,27.44,27.43,27.42,27.41,27.4,27.39,27.38,27.32,27.31,27.27,27.55,27.56,27.59,27.65,27.74,27.75,27.8,27.85,27.88,27.92,900,100,500,100,200,2000,1100,300,200,100,900,900,100,200,600,300,1800,2300,1300,100
142.0,27.55,5600,154473.0,27.44,27.43,27.42,27.41,27.4,27.39,27.38,27.32,27.31,27.27,27.55,27.56,27.59,27.65,27.74,27.75,27.8,27.85,27.88,27.92,900,100,500,100,200,2000,1100,300,200,100,900,900,100,200,600,300,1800,2300,1300,100
143.0,27.55,5600,154473.0,27.44,27.43,27.42,27.41,27.4,27.39,27.38,27.32,27.31,27.27,27.51,27.55,27.56,27.59,27.65,27.74,27.75,27.8,27.85,27.88,900,100,500,100,200,2000,1100,300,200,100,400,900,900,100,200,600,300,1800,2300,1300
144.0,27.55,5600,154473.0,27.44,27.43,27.42,27.41,27.4,27.39,27.38,27.32,27.31,27.27,27.51,27.55,27.56,27.59,27.65,27.74,27.75,27.8,27.85,27.88,900,100,500,100,200,2000,1100,300,200,100,400,900,900,100,200,600,300,1800,2300,1300
145.0,27.55,5600,154473.0,27.44,27.43,27.42,27.41,27.4,27.39,27.38,27.32,27.31,27.27,27.51,27.55,27.56,27.59,27.65,27.74,27.75,27.8,27.85,27.88,900,100,500,100,200,2000,1100,300,200,100,400,900,900,100,200,600,300,1800,2300,1300
146.0,27.46,6400,176441.0,27.44,27.43,27.42,27.41,27.4,27.39,27.38,27.32,27.31,27.27,27.46,27.51,27.55,27.59,27.65,27.74,27.75,27.8,27.85,27.88,900,100,500,100,200,2000,1100,300,200,100,100,900,200,100,200,600,300,1800,2300,1300
147.0,27.46,6400,176441.0,27.44,27.43,27.42,27.41,27.4,27.39,27.38,27.32,27.31,27.27,27.46,27.51,27.55,27.59,27.65,27.74,27.75,27.8,27.85,27.88,900,100,500,100,200,2000,1100,300,200,100,100,900,200,100,200,600,300,1800,2300,1300
148.0,27.46,6500,179187.0,27.46,27.44,27.43,27.42,27.41,27.4,27.39,27.38,27.32,27.31,27.51,27.55,27.59,27.65,27.74,27.75,27.8,27.85,27.88,27.92,400,900,100,500,100,200,2000,1100,300,200,900,200,100,200,600,300,1800,2300,1300,100
149.0,27.46,6500,179187.0,27.48,27.47,27.46,27.44,27.43,27.42,27.41,27.4,27.39,27.38,27.55,27.59,27.65,27.74,27.75,27.8,27.85,27.88,27.92,27.97,100,100,700,900,100,500,100,200,2000,1100,200,100,200,600,300,1800,2300,1300,100,300
150.0,27.46,6500,179187.0,27.48,27.47,27.46,27.44,27.43,27.42,27.41,27.4,27.39,27.38,27.55,27.59,27.65,27.74,27.75,27.8,27.85,27.88,27.92,27.97,100,100,700,900,100,500,100,200,2000,1100,200,100,200,600,300,1800,2300,1300,100,300
151.0,27.46,6500,179187.0,27.48,27.47,27.46,27.44,27.43,27.42,27.41,27.4,27.39,27.38,27.55,27.59,27.65,27.74,27.75,27.8,27.85,27.88,27.92,27.97,100,100,700,900,100,500,100,200,2000,1100,200,100,200,600,300,1800,2300,1300,100,300
152.0,27.46,6500,179187.0,27.48,27.47,27.46,27.43,27.42,27.41,27.4,27.39,27.38,27.32,27.53,27.55,27.59,27.65,27.74,27.75,27.8,27.85,27.88,27.92,100,100,700,100,500,100,200,2000,1100,300,400,800,100,200,600,300,1800,2300,1300,100
153.0,27.46,6500,179187.0,27.48,27.47,27.46,27.43,27.42,27.41,27.4,27.39,27.38,27.32,27.53,27.55,27.59,27.65,27.74,27.75,27.8,27.85,27.88,27.92,100,100,700,100,500,100,200,2000,1100,300,400,800,100,200,600,300,1800,2300,1300,100
154.0,27.46,6500,179187.0,27.48,27.47,27.46,27.43,27.42,27.41,27.4,27.39,27.38,27.32,27.53,27.55,27.59,27.65,27.74,27.75,27.8,27.85,27.88,27.92,100,100,700,100,500,100,200,2000,1100,300,400,800,100,200,600,300,1800,2300,1300,100
155.0,27.46,6500,179187.0,27.48,27.47,27.46,27.43,27.42,27.41,27.4,27.39,27.38,27.32,27.53,27.55,27.59,27.65,27.74,27.75,27.8,27.85,27.88,27.92,100,100,400,100,500,100,200,2000,1100,300,1200,200,100,200,600,300,1800,2300,1300,100
156.0,27.46,6500,179187.0,27.48,27.47,27.46,27.43,27.42,27.41,27.4,27.39,27.38,27.32,27.53,27.55,27.59,27.65,27.74,27.75,27.8,27.85,27.88,27.92,100,100,400,100,500,100,200,2000,1100,300,1200,200,100,200,600,300,1800,2300,1300,100
157.0,27.46,6500,179187.0,27.48,27.47,27.46,27.43,27.42,27.41,27.4,27.39,27.38,27.32,27.53,27.55,27.59,27.65,27.74,27.75,27.8,27.85,27.88,27.92,100,100,400,100,500,100,200,2000,1100,300,1200,200,100,200,600,300,1800,2300,1300,100
158.0,27.46,6500,179187.0,27.48,27.47,27.46,27.43,27.42,27.41,27.4,27.39,27.38,27.32,27.53,27.55,27.59,27.65,27.74,27.75,27.8,27.85,27.88,27.92,100,100,400,100,500,100,200,2000,1100,300,1200,200,100,200,600,300,1800,2300,1300,100
159.0,27.46,6500,179187.0,27.48,27.47,27.46,27.43,27.42,27.41,27.4,27.39,27.38,27.32,27.53,27.55,27.59,27.65,27.74,27.75,27.8,27.85,27.88,27.92,100,100,400,100,500,100,200,2000,1100,300,1200,200,100,200,600,300,1800,2300,1300,100
160.0,27.46,6500,179187.0,27.48,27.47,27.46,27.43,27.42,27.41,27.4,27.39,27.38,27.32,27.53,27.55,27.59,27.65,27.74,27.75,27.8,27.85,27.88,27.92,100,100,400,100,500,100,200,2000,1100,300,1200,200,100,200,600,300,1800,2300,1300,100
161.0,27.46,6500,179187.0,27.48,27.47,27.46,27.43,27.42,27.41,27.4,27.39,27.38,27.32,27.53,27.55,27.59,27.65,27.74,27.75,27.8,27.85,27.88,27.92,100,100,400,100,500,100,200,2000,1100,300,1200,200,100,200,600,300,1800,2300,1300,100
162.0,27.46,6500,179187.0,27.48,27.47,27.46,27.43,27.42,27.41,27.4,27.39,27.38,27.32,27.53,27.55,27.59,27.65,27.74,27.75,27.8,27.85,27.88,27.92,100,100,400,100,500,100,200,2000,1100,300,1200,200,100,200,600,300,1800,2300,1300,100
163.0,27.46,6500,179187.0,27.48,27.47,27.46,27.43,27.42,27.41,27.4,27.39,27.38,27.32,27.53,27.55,27.59,27.65,27.74,27.75,27.8,27.85,27.88,27.92,100,100,100,100,500,100,200,2000,1100,300,1200,200,100,200,600,300,1800,2300,1300,100
164.0,27.46,6500,179187.0,27.48,27.47,27.46,27.43,27.42,27.41,27.4,27.39,27.38,27.32,27.53,27.55,27.59,27.65,27.74,27.75,27.8,27.85,27.88,27.92,100,100,100,100,500,100,200,2000,1100,300,1200,200,100,200,600,300,1800,2300,1300,100
165.0,27.46,6500,179187.0,27.48,27.47,27.46,27.43,27.42,27.41,27.4,27.39,27.38,27.32,27.53,27.55,27.59,27.65,27.74,27.75,27.8,27.85,27.88,27.92,100,100,100,100,500,100,200,2000,1100,300,1200,200,100,200,600,300,1800,2300,1300,100
166.0,27.46,6500,179187.0,27.48,27.47,27.46,27.42,27.41,27.4,27.39,27.38,27.32,27.31,27.53,27.55,27.59,27.65,27.74,27.75,27.8,27.85,27.88,27.92,100,100,100,500,100,200,2000,1100,300,200,1200,200,100,200,600,300,1800,2300,1300,100
167.0,27.46,6500,179187.0,27.48,27.47,27.46,27.42,27.41,27.4,27.39,27.38,27.32,27.31,27.53,27.55,27.59,27.65,27.74,27.75,27.8,27.85,27.88,27.92,100,100,100,500,100,200,2000,1100,300,200,1200,200,100,200,600,300,1800,2300,1300,100
168.0,27.46,6500,179187.0,27.48,27.47,27.46,27.42,27.41,27.4,27.39,27.38,27.32,27.31,27.53,27.55,27.59,27.65,27.74,27.75,27.8,27.85,27.88,27.92,100,100,100,500,100,200,2000,1100,300,200,1200,200,100,200,600,300,1800,2300,1300,100
169.0,27.46,6500,179187.0,27.48,27.47,27.46,27.42,27.41,27.4,27.39,27.38,27.32,27.31,27.53,27.55,27.59,27.65,27.74,27.75,27.8,27.85,27.88,27.92,100,100,100,500,100,200,2000,1100,300,200,1200,200,100,200,600,300,1800,2300,1300,100
170.0,27.46,6500,179187.0,27.48,27.47,27.46,27.42,27.41,27.4,27.39,27.38,27.32,27.31,27.53,27.55,27.59,27.65,27.74,27.75,27.8,27.85,27.88,27.92,100,100,100,500,100,200,2000,1100,300,200,1200,200,100,200,600,300,1800,2300,1300,100
171.0,27.46,6500,179187.0,27.48,27.47,27.46,27.42,27.41,27.4,27.39,27.38,27.32,27.31,27.53,27.55,27.59,27.65,27.74,27.75,27.8,27.85,27.88,27.92,100,100,100,500,100,200,2000,1100,300,200,1200,200,100,200,600,300,1800,2300,1300,100
172.0,27.46,6500,179187.0,27.48,27.47,27.46,27.42,27.41,27.4,27.39,27.38,27.32,27.31,27.53,27.55,27.59,27.65,27.74,27.75,27.8,27.85,27.88,27.92,100,100,100,500,100,200,2000,1100,300,200,1200,200,100,200,600,300,1800,2300,1300,100
173.0,27.46,6500,179187.0,27.48,27.47,27.46,27.42,27.41,27.4,27.39,27.38,27.32,27.31,27.53,27.55,27.59,27.65,27.74,27.75,27.8,27.85,27.88,27.92,100,100,100,500,100,200,2000,1100,300,200,1200,200,100,200,600,300,1800,2300,1300,100
174.0,27.46,6500,179187.0,27.48,27.47,27.46,27.42,27.41,27.4,27.39,27.38,27.32,27.31,27.53,27.55,27.59,27.65,27.74,27.75,27.8,27.85,27.88,27.92,100,100,100,500,100,200,2000,1100,300,200,1200,200,100,200,600,300,1800,2300,1300,100
175.0,27.46,6500,179187.0,27.48,27.47,27.46,27.42,27.41,27.4,27.39,27.38,27.32,27.31,27.53,27.55,27.59,27.65,27.74,27.75,27.8,27.85,27.88,27.92,100,100,100,500,100,200,2000,1100,300,200,1200,200,100,200,600,300,1800,2300,1300,100
176.0,27.46,6500,179187.0,27.48,27.47,27.46,27.42,27.41,27.4,27.39,27.38,27.32,27.31,27.53,27.55,27.59,27.65,27.74,27.75,27.8,27.85,27.88,27.92,100,100,100,500,100,200,2000,1100,300,200,1200,200,100,200,600,300,1800,2300,1300,100
177.0,27.46,6500,179187.0,27.48,27.47,27.46,27.42,27.41,27.4,27.39,27.38,27.32,27.31,27.53,27.55,27.59,27.65,27.74,27.75,27.8,27.85,27.88,27.92,100,100,100,500,100,200,2000,1100,300,200,1200,200,100,200,600,300,1800,2300,1300,100
178.0,27.46,6500,179187.0,27.48,27.47,27.46,27.42,27.41,27.4,27.39,27.38,27.32,27.31,27.53,27.55,27.59,27.65,27.74,27.75,27.8,27.85,27.88,27.92,100,100,100,500,100,200,2000,1100,300,200,1200,200,100,200,600,300,1800,2300,1300,100
179.0,27.46,6500,179187.0,27.48,27.47,27.46,27.42,27.41,27.4,27.39,27.38,27.32,27.31,27.53,27.55,27.59,27.65,27.74,27.75,27.8,27.85,27.88,27.92,100,100,100,500,100,200,2000,1100,300,200,1200,200,100,200,600,300,1800,2300,1300,100
180.0,27.46,6500,179187.0,27.48,27.47,27.46,27.42,27.41,27.4,27.39,27.38,27.32,27.31,27.53,27.55,27.59,27.65,27.74,27.75,27.8,27.85,27.88,27.92,100,100,100,500,100,200,2000,1100,300,200,1200,200,100,200,600,300,1800,2300,1300,100
181.0,27.46,6500,179187.0,27.48,27.47,27.46,27.42,27.41,27.4,27.39,27.38,27.32,27.31,27.53,27.55,27.59,27.65,27.74,27.75,27.8,27.85,27.88,27.92,100,100,100,500,100,200,2000,1100,300,200,1200,200,100,200,600,300,1800,2300,1300,100
182.0,27.46,6500,179187.0,27.48,27.47,27.46,27.42,27.41,27.4,27.39,27.38,27.32,27.31,27.53,27.55,27.59,27.65,27.74,27.75,27.8,27.85,27.88,27.92,100,100,100,500,100,200,2000,1100,300,200,1200,200,100,200,600,300,1800,2300,1300,100
183.0,27.46,6500,179187.0,27.48,27.47,27.46,27.42,27.41,27.4,27.39,27.38,27.32,27.31,27.53,27.55,27.59,27.65,27.74,27.75,27.8,27.85,27.88,27.92,100,100,100,500,100,200,2000,1100,300,200,1200,200,100,200,600,300,1800,2300,1300,100
184.0,27.46,6500,179187.0,27.48,27.47,27.46,27.42,27.41,27.4,27.39,27.38,27.32,27.31,27.53,27.55,27.59,27.65,27.74,27.75,27.8,27.85,27.88,27.92,100,100,100,500,100,200,2000,1100,300,200,1200,200,100,200,600,300,1800,2300,1300,100
185.0,27.46,6500,179187.0,27.48,27.47,27.46,27.42,27.41,27.4,27.39,27.38,27.32,27.31,27.53,27.55,27.59,27.65,27.74,27.75,27.8,27.85,27.88,27.92,100,100,100,500,100,200,2000,1100,300,200,1200,200,100,200,600,300,1800,2300,1300,100
186.0,27.46,6500,179187.0,27.48,27.47,27.46,27.42,27.41,27.4,27.39,27.38,27.32,27.31,27.53,27.55,27.59,27.65,27.74,27.75,27.8,27.85,27.88,27.92,100,100,100,500,100,200,2000,1100,300,200,1200,200,100,200,600,300,1800,2300,1300,100
187.0,27.46,6500,179187.0,27.48,27.47,27.46,27.42,27.41,27.4,27.39,27.38,27.32,27.31,27.53,27.55,27.59,27.65,27.74,27.75,27.8,27.85,27.88,27.92,100,100,100,500,100,200,2000,1100,300,200,1200,200,100,200,600,300,1800,2300,1300,100
188.0,27.46,6500,179187.0,27.48,27.47,27.46,27.42,27.41,27.4,27.39,27.38,27.32,27.31,27.53,27.55,27.59,27.65,27.74,27.75,27.8,27.85,27.88,27.92,100,100,100,500,100,200,2000,1100,300,200,1200,200,100,200,600,300,1800,2300,1300,100
189.0,27.46,6500,179187.0,27.48,27.47,27.46,27.42,27.41,27.4,27.39,27.38,27.32,27.31,27.53,27.55,27.59,27.65,27.74,27.75,27.8,27.85,27.88,27.92,100,100,100,500,100,200,2000,1100,300,200,1200,200,100,200,600,300,1800,2300,1300,100
190.0,27.46,6500,179187.0,27.48,27.47,27.46,27.42,27.41,27.4,27.39,27.38,27.32,27.31,27.53,27.55,27.59,27.65,27.74,27.75,27.8,27.85,27.88,27.92,100,100,100,500,100,200,2000,1100,300,200,1200,200,100,200,600,300,1800,2300,1300,100
191.0,27.46,6500,179187.0,27.48,27.47,27.46,27.42,27.41,27.4,27.39,27.38,27.32,27.31,27.53,27.55,27.59,27.65,27.74,27.75,27.8,27.85,27.88,27.92,100,100,100,500,100,200,2000,1100,300,200,1200,200,100,200,600,300,1800,2300,1300,100
192.0,27.46,6500,179187.0,27.48,27.47,27.46,27.42,27.41,27.4,27.39,27.38,27.32,27.31,27.53,27.55,27.59,27.65,27.74,27.75,27.8,27.85,27.88,27.92,100,100,100,500,100,200,2000,1100,300,200,1200,200,100,200,600,300,1800,2300,1300,100
193.0,27.46,6500,179187.0,27.48,27.47,27.46,27.42,27.41,27.4,27.39,27.38,27.32,27.31,27.53,27.55,27.59,27.65,27.74,27.75,27.8,27.85,27.88,27.92,100,100,100,500,100,200,2000,1100,300,200,1200,200,100,200,600,300,1800,2300,1300,100
194.0,27.46,6500,179187.0,27.48,27.47,27.46,27.42,27.41,27.4,27.39,27.38,27.32,27.31,27.53,27.55,27.59,27.65,27.74,27.75,27.8,27.85,27.88,27.92,100,100,1400,500,100,200,2000,1100,300,200,1200,200,100,200,600,300,1800,2300,1300,100
195.0,27.46,6500,179187.0,27.49,27.48,27.47,27.46,27.42,27.41,27.4,27.39,27.38,27.32,27.53,27.55,27.59,27.65,27.74,27.75,27.8,27.85,27.88,27.92,900,100,100,1400,500,100,200,2000,1100,300,1200,200,100,200,600,300,1800,2300,1300,100
196.0,27.53,6900,190199.0,27.49,27.47,27.46,27.42,27.41,27.4,27.39,27.38,27.32,27.31,27.53,27.55,27.59,27.65,27.74,27.75,27.8,27.85,27.88,27.92,900,100,1400,500,100,200,2000,1100,300,200,700,200,100,200,600,300,1800,2300,1300,100
197.0,27.53,6900,190199.0,27.49,27.47,27.46,27.42,27.41,27.4,27.39,27.38,27.32,27.31,27.53,27.55,27.59,27.65,27.74,27.75,27.8,27.85,27.88,27.92,900,100,1400,500,100,200,2000,1100,300,200,100,200,100,200,600,300,1800,2300,1300,100
198.0,27.53,6900,190199.0,27.49,27.47,27.46,27.42,27.41,27.4,27.39,27.38,27.32,27.31,27.53,27.55,27.59,27.65,27.74,27.75,27.8,27.85,27.88,27.92,900,100,1400,500,100,200,2000,1100,300,200,100,200,100,200,600,300,1800,2300,1300,100
199.0,27.53,7000,192952.0,27.49,27.47,27.46,27.42,27.41,27.4,27.39,27.38,27.32,27.31,27.53,27.55,27.59,27.65,27.74,27.75,27.8,27.85,27.88,27.92,900,100,1400,500,100,200,2000,1100,300,200,100,200,100,200,600,300,1800,2300,1300,100
200.0,27.53,7000,192952.0,27.49,27.47,27.46,27.42,27.41,27.4,27.39,27.38,27.32,27.31,27.53,27.55,27.59,27.65,27.74,27.75,27.8,27.85,27.88,27.92,900,100,1400,500,100,200,2000,1100,300,200,100,200,100,200,600,300,1800,2300,1300,100
201.0,27.53,7000,192952.0,27.49,27.47,27.46,27.42,27.41,27.4,27.39,27.38,27.32,27.31,27.53,27.55,27.59,27.65,27.74,27.75,27.8,27.85,27.88,27.92,900,100,1400,500,100,200,2000,1100,300,200,100,200,100,200,600,300,1800,2300,1300,100
202.0,27.53,7000,192952.0,27.49,27.47,27.46,27.42,27.41,27.4,27.39,27.38,27.32,27.31,27.53,27.55,27.59,27.65,27.74,27.75,27.8,27.85,27.88,27.92,900,100,1400,500,100,200,2000,1100,300,200,100,200,100,200,600,300,1800,2300,1300,100
203.0,27.53,7000,192952.0,27.49,27.47,27.46,27.42,27.41,27.4,27.39,27.38,27.32,27.31,27.53,27.55,27.59,27.65,27.74,27.75,27.8,27.85,27.88,27.92,900,100,1400,500,100,200,2000,1100,300,200,100,200,100,200,600,300,1800,2300,1300,100
204.0,27.53,7000,192952.0,27.49,27.47,27.46,27.42,27.41,27.4,27.39,27.38,27.32,27.31,27.53,27.55,27.59,27.65,27.74,27.75,27.8,27.85,27.88,27.92,900,100,1400,500,100,200,2000,1100,300,200,100,200,100,200,600,300,1800,2300,1300,100
205.0,27.53,7000,192952.0,27.49,27.47,27.46,27.42,27.41,27.4,27.39,27.38,27.32,27.31,27.53,27.55,27.59,27.65,27.74,27.75,27.8,27.85,27.88,27.92,900,100,1400,500,100,200,2000,1100,300,200,100,200,100,200,600,300,1800,2300,1300,100
206.0,27.49,7800,214944.0,27.49,27.47,27.46,27.42,27.41,27.4,27.39,27.38,27.32,27.31,27.53,27.55,27.59,27.65,27.74,27.75,27.8,27.85,27.88,27.92,100,100,1400,500,100,200,2000,1100,300,200,300,200,100,200,600,300,1800,2300,1300,100
207.0,27.49,7800,214944.0,27.49,27.47,27.46,27.42,27.41,27.4,27.39,27.38,27.34,27.32,27.53,27.55,27.59,27.65,27.74,27.75,27.8,27.85,27.88,27.92,100,100,1400,500,100,200,2000,1100,100,300,300,200,100,200,600,300,1800,2300,1300,100
208.0,27.49,7800,214944.0,27.49,27.47,27.46,27.42,27.41,27.4,27.39,27.38,27.34,27.32,27.53,27.55,27.59,27.65,27.74,27.75,27.8,27.85,27.88,27.92,100,100,1400,500,100,200,2000,1100,100,300,300,200,100,200,600,300,1800,2300,1300,100
209.0,27.53,8100,223203.0,27.49,27.47,27.46,27.42,27.41,27.4,27.39,27.38,27.34,27.32,27.55,27.59,27.65,27.74,27.75,27.8,27.85,27.88,27.92,27.97,100,100,1400,500,100,200,2000,1100,100,300,200,100,200,600,300,1800,2300,1300,100,300
210.0,27.53,8100,223203.0,27.49,27.47,27.46,27.42,27.41,27.4,27.39,27.38,27.34,27.32,27.55,27.59,27.65,27.74,27.75,27.8,27.85,27.88,27.92,27.97,100,100,1400,500,100,200,2000,1100,100,300,200,100,200,600,300,1800,2300,1300,100,300
211.0,27.53,8100,223203.0,27.49,27.47,27.46,27.42,27.41,27.4,27.39,27.38,27.34,27.32,27.55,27.59,27.65,27.74,27.75,27.8,27.85,27.88,27.92,27.97,100,100,1400,500,100,200,2000,1100,100,300,200,100,200,600,300,1800,2300,1300,100,300
212.0,27.53,8100,223203.0,27.49,27.47,27.46,27.42,27.41,27.4,27.39,27.38,27.34,27.32,27.55,27.59,27.65,27.74,27.75,27.8,27.85,27.88,27.92,27.97,100,100,1400,500,100,200,2000,1100,100,300,200,100,200,600,300,1800,2300,1300,100,300
213.0,27.53,8100,223203.0,27.49,27.47,27.46,27.42,27.41,27.4,27.39,27.38,27.34,27.32,27.55,27.59,27.65,27.74,27.75,27.8,27.85,27.88,27.92,27.97,100,100,1400,500,100,200,2000,1100,100,300,200,100,200,600,300,1800,2300,1300,100,300
214.0,27.53,8100,223203.0,27.49,27.47,27.46,27.42,27.41,27.4,27.39,27.38,27.34,27.32,27.55,27.59,27.65,27.74,27.75,27.8,27.85,27.88,27.92,27.97,100,100,1400,500,100,200,2000,1100,100,300,200,100,200,600,300,1800,2300,1300,100,300
215.0,27.53,8100,223203.0,27.49,27.47,27.46,27.42,27.41,27.4,27.39,27.38,27.34,27.32,27.55,27.59,27.65,27.74,27.75,27.8,27.85,27.88,27.92,27.97,100,100,1400,500,100,200,2000,1100,100,300,200,100,200,600,300,1800,2300,1300,100,300
216.0,27.53,8100,223203.0,27.53,27.47,27.46,27.42,27.41,27.4,27.39,27.38,27.34,27.32,27.55,27.59,27.65,27.74,27.75,27.8,27.85,27.88,27.92,27.97,100,100,1400,500,100,200,2000,1100,100,300,200,100,200,600,300,1800,2300,1300,100,300
217.0,27.53,8100,223203.0,27.53,27.47,27.46,27.42,27.41,27.4,27.39,27.38,27.34,27.32,27.55,27.59,27.65,27.74,27.75,27.8,27.85,27.88,27.92,27.97,100,100,1400,500,100,200,2000,1100,100,300,200,100,200,600,300,1800,2300,1300,100,300
218.0,27.53,8100,223203.0,27.53,27.47,27.46,27.42,27.41,27.4,27.39,27.38,27.34,27.32,27.55,27.59,27.65,27.74,27.75,27.8,27.85,27.88,27.92,27.97,100,100,1400,500,100,200,2000,1100,100,300,200,100,200,600,300,1800,2300,1300,100,300
219.0,27.53,8100,223203.0,27.53,27.47,27.46,27.42,27.41,27.4,27.39,27.38,27.34,27.32,27.55,27.59,27.65,27.74,27.75,27.8,27.85,27.88,27.92,27.97,100,100,1400,500,100,200,2000,1100,100,300,200,100,200,600,300,1800,2300,1300,100,300
220.0,27.53,8100,223203.0,27.53,27.47,27.46,27.42,27.41,27.4,27.39,27.38,27.34,27.32,27.55,27.59,27.65,27.74,27.75,27.8,27.85,27.88,27.92,27.97,100,300,1400,500,100,200,2000,1100,100,300,200,100,200,600,300,1800,2300,1300,100,300
221.0,27.53,8100,223203.0,27.53,27.47,27.46,27.42,27.41,27.4,27.39,27.38,27.34,27.32,27.55,27.59,27.65,27.74,27.75,27.8,27.85,27.88,27.92,27.97,100,300,1400,500,100,200,2000,1100,100,300,200,100,200,600,300,1800,2300,1300,100,300
222.0,27.53,8100,223203.0,27.53,27.47,27.46,27.42,27.41,27.4,27.39,27.38,27.34,27.32,27.55,27.59,27.65,27.74,27.75,27.8,27.85,27.88,27.92,27.97,100,300,1400,500,100,200,2000,1100,100,300,200,100,200,600,300,1800,2300,1300,100,300
223.0,27.53,8100,223203.0,27.53,27.47,27.46,27.42,27.41,27.4,27.39,27.38,27.34,27.32,27.55,27.59,27.65,27.74,27.75,27.8,27.85,27.88,27.92,27.97,100,300,1400,500,100,200,2000,1100,100,300,200,100,200,600,300,1800,2300,1300,100,300
224.0,27.53,8100,223203.0,27.53,27.47,27.46,27.42,27.41,27.4,27.39,27.38,27.34,27.32,27.55,27.59,27.65,27.74,27.75,27.8,27.85,27.88,27.92,27.97,300,300,1400,500,100,200,2000,1100,100,300,200,100,200,600,300,1800,2300,1300,100,300
225.0,27.53,8100,223203.0,27.53,27.47,27.46,27.42,27.41,27.4,27.39,27.38,27.34,27.32,27.55,27.59,27.65,27.74,27.75,27.8,27.85,27.88,27.92,27.97,300,300,1400,500,100,200,2000,1100,100,300,200,100,200,600,300,1800,2300,1300,100,300
226.0,27.53,8100,223203.0,27.53,27.47,27.46,27.42,27.41,27.4,27.39,27.38,27.34,27.32,27.55,27.59,27.65,27.74,27.75,27.8,27.85,27.88,27.92,27.97,300,300,1400,500,100,200,2000,1100,100,300,200,100,200,600,300,1800,2300,1300,100,300
227.0,27.53,8100,223203.0,27.53,27.47,27.46,27.42,27.41,27.4,27.39,27.38,27.34,27.32,27.55,27.59,27.65,27.74,27.75,27.8,27.85,27.88,27.92,27.97,300,300,1400,500,100,200,2000,1100,100,300,300,100,200,600,300,1800,2300,1300,100,300
228.0,27.53,8100,223203.0,27.53,27.47,27.46,27.42,27.41,27.4,27.39,27.38,27.34,27.32,27.55,27.59,27.65,27.74,27.75,27.8,27.85,27.88,27.92,27.97,300,300,1400,500,100,200,2000,1100,100,300,300,100,200,600,300,1800,2300,1300,100,300
229.0,27.53,8100,223203.0,27.53,27.47,27.46,27.42,27.41,27.4,27.39,27.38,27.34,27.32,27.55,27.59,27.65,27.74,27.75,27.8,27.85,27.88,27.92,27.97,300,300,1400,500,100,200,2000,1100,100,300,300,100,200,600,300,1800,2300,1300,100,300
230.0,27.53,8400,231462.0,27.49,27.48,27.47,27.46,27.42,27.41,27.4,27.39,27.38,27.34,27.53,27.54,27.55,27.59,27.65,27.74,27.75,27.8,27.85,27.88,100,100,200,1300,500,100,200,2000,1100,100,200,400,300,100,200,600,300,1800,2300,1300
231.0,27.53,8600,236968.0,27.5,27.49,27.48,27.47,27.46,27.42,27.41,27.4,27.39,27.38,27.54,27.55,27.59,27.65,27.74,27.75,27.8,27.85,27.88,27.92,100,1200,100,200,1300,500,100,200,2000,1100,400,300,100,200,600,300,1800,2300,1300,100
232.0,27.53,8600,236968.0,27.5,27.49,27.48,27.47,27.46,27.42,27.41,27.4,27.39,27.38,27.53,27.54,27.55,27.59,27.65,27.74,27.75,27.8,27.85,27.88,100,1200,100,200,1300,500,100,200,2000,1100,600,400,300,100,200,600,300,1800,2300,1300
233.0,27.53,8600,236968.0,27.5,27.49,27.48,27.47,27.46,27.42,27.41,27.4,27.39,27.38,27.53,27.54,27.55,27.59,27.65,27.74,27.75,27.8,27.85,27.88,100,1200,100,200,1300,500,100,200,2000,1100,600,400,300,100,200,600,300,1800,2300,1300
234.0,27.53,8600,236968.0,27.5,27.49,27.48,27.47,27.46,27.42,27.41,27.4,27.39,27.38,27.53,27.54,27.55,27.59,27.65,27.74,27.75,27.8,27.85,27.88,100,1200,100,200,1300,500,100,200,2000,1100,600,400,300,100,200,600,300,1800,2300,1300
235.0,27.53,8600,236968.0,27.5,27.49,27.48,27.47,27.46,27.42,27.41,27.4,27.39,27.38,27.53,27.54,27.55,27.59,27.65,27.74,27.75,27.8,27.85,27.88,100,1200,100,200,1300,500,100,200,2000,1100,600,400,300,100,200,600,300,1800,2300,1300
236.0,27.53,9200,253486.0,27.5,27.49,27.48,27.47,27.46,27.42,27.41,27.4,27.39,27.38,27.55,27.59,27.65,27.74,27.75,27.8,27.85,27.88,27.92,27.97,100,1200,100,200,1300,500,100,200,2000,1100,300,100,200,600,300,1800,2300,1300,100,300
237.0,27.53,9200,253486.0,27.5,27.49,27.48,27.47,27.46,27.42,27.41,27.4,27.39,27.38,27.55,27.59,27.65,27.74,27.75,27.8,27.85,27.88,27.92,27.97,100,1200,100,200,1300,500,100,200,2000,1100,300,100,200,600,300,1800,2300,1300,100,300
238.0,27.53,9200,253486.0,27.5,27.49,27.48,27.47,27.46,27.42,27.41,27.4,27.39,27.38,27.55,27.59,27.65,27.74,27.75,27.8,27.85,27.88,27.92,27.97,100,1200,100,200,1300,500,100,200,2000,1100,300,100,200,600,300,1800,2300,1300,100,300
239.0,27.53,9200,253486.0,27.5,27.49,27.48,27.47,27.46,27.42,27.41,27.4,27.39,27.38,27.55,27.59,27.65,27.74,27.75,27.8,27.85,27.88,27.92,27.97,100,1200,100,200,1300,500,100,200,2000,1100,300,100,200,600,300,1800,2700,1300,100,300
240.0,27.53,9200,253486.0,27.5,27.49,27.48,27.47,27.46,27.42,27.41,27.4,27.39,27.38,27.55,27.59,27.65,27.74,27.75,27.8,27.85,27.88,27.92,27.97,100,1200,100,200,1300,500,100,200,2000,1100,300,100,200,600,300,1800,2700,1300,100,300
241.0,27.53,9200,253486.0,27.5,27.49,27.48,27.47,27.46,27.42,27.41,27.4,27.39,27.38,27.55,27.59,27.65,27.74,27.75,27.8,27.85,27.88,27.92,27.97,100,1200,100,200,1300,500,100,200,2000,1100,300,100,200,600,300,1800,2700,1300,100,300
242.0,27.53,9200,253486.0,27.5,27.49,27.48,27.47,27.46,27.42,27.41,27.4,27.39,27.38,27.55,27.59,27.65,27.74,27.75,27.8,27.85,27.88,27.92,27.97,100,1200,100,200,1300,500,100,200,2000,1100,300,100,200,600,300,1800,2700,1300,100,300
243.0,27.53,9200,253486.0,27.5,27.49,27.48,27.47,27.46,27.42,27.41,27.4,27.39,27.38,27.55,27.59,27.65,27.74,27.75,27.8,27.85,27.88,27.92,27.97,100,1200,100,200,1300,500,100,200,2000,1100,300,100,200,600,300,1800,2700,1300,100,300
244.0,27.53,9200,253486.0,27.5,27.49,27.48,27.47,27.46,27.42,27.41,27.4,27.39,27.38,27.55,27.59,27.65,27.74,27.75,27.8,27.85,27.88,27.92,27.97,100,1200,100,200,1300,500,100,200,2000,1100,300,100,200,600,300,1800,2700,1300,100,300
245.0,27.53,9200,253486.0,27.5,27.49,27.47,27.46,27.42,27.41,27.4,27.39,27.38,27.34,27.55,27.59,27.65,27.74,27.75,27.8,27.85,27.88,27.92,27.97,100,1100,200,1300,500,100,200,2000,1100,100,300,100,200,600,300,1800,2700,1300,100,300
246.0,27.53,9200,253486.0,27.5,27.49,27.47,27.46,27.42,27.41,27.4,27.39,27.38,27.34,27.55,27.59,27.65,27.74,27.75,27.8,27.85,27.88,27.92,27.97,100,1100,200,1300,500,100,200,2000,1100,100,300,100,200,600,300,1800,2700,1300,100,300
247.0,27.53,9200,253486.0,27.5,27.49,27.47,27.46,27.42,27.41,27.4,27.39,27.38,27.34,27.55,27.59,27.65,27.74,27.75,27.8,27.85,27.88,27.92,27.97,100,1100,200,1300,500,100,200,2000,1100,100,300,100,200,600,300,1800,2700,1300,100,300
248.0,27.53,9200,253486.0,27.5,27.49,27.47,27.46,27.42,27.41,27.4,27.39,27.38,27.34,27.55,27.59,27.65,27.74,27.75,27.8,27.85,27.88,27.92,27.97,100,1100,200,1300,500,100,200,2000,1100,100,300,100,200,600,300,1800,2700,1300,100,300
249.0,27.53,9200,253486.0,27.5,27.49,27.47,27.46,27.42,27.41,27.4,27.39,27.38,27.34,27.55,27.59,27.65,27.74,27.75,27.8,27.85,27.88,27.92,27.97,100,1100,200,1300,500,100,200,2000,1100,100,300,100,200,600,300,1800,2700,1300,100,300
250.0,27.53,9200,253486.0,27.5,27.49,27.47,27.46,27.42,27.41,27.4,27.39,27.38,27.34,27.55,27.59,27.65,27.74,27.75,27.8,27.85,27.88,27.92,27.97,100,1100,200,1300,500,100,200,2000,1100,100,300,100,200,600,300,1800,2700,1300,100,300
251.0,27.55,9500,261751.0,27.51,27.49,27.47,27.46,27.42,27.41,27.4,27.39,27.38,27.34,27.59,27.65,27.74,27.75,27.8,27.85,27.88,27.92,27.97,27.98,100,1100,200,1300,500,100,200,2000,1100,100,100,200,600,300,1800,2700,1300,100,300,900
252.0,27.55,9500,261751.0,27.52,27.51,27.49,27.47,27.46,27.42,27.41,27.4,27.39,27.38,27.59,27.65,27.74,27.75,27.8,27.85,27.88,27.92,27.97,27.98,100,100,1100,200,1300,500,100,200,2000,1100,100,200,600,300,1800,2700,1300,100,300,900
253.0,27.55,9500,261751.0,27.52,27.51,27.49,27.47,27.46,27.42,27.41,27.4,27.39,27.38,27.59,27.65,27.74,27.75,27.8,27.85,27.88,27.92,27.97,27.98,100,100,1100,200,1300,500,100,200,2000,1100,100,200,600,300,1800,2700,1300,100,300,900
254.0,27.55,9500,261751.0,27.52,27.51,27.49,27.47,27.46,27.42,27.41,27.4,27.39,27.38,27.57,27.59,27.65,27.74,27.75,27.8,27.85,27.88,27.92,27.97,100,100,1100,200,1300,500,100,200,2000,1100,400,100,200,600,300,1800,2700,1300,100,300
255.0,27.55,9500,261751.0,27.52,27.51,27.49,27.46,27.42,27.41,27.4,27.39,27.38,27.34,27.57,27.59,27.65,27.74,27.75,27.8,27.85,27.88,27.92,27.97,100,900,1100,1300,500,100,200,2000,1100,100,400,100,200,600,300,1800,2700,1300,100,300
256.0,27.55,9500,261751.0,27.52,27.51,27.49,27.46,27.42,27.41,27.4,27.39,27.38,27.34,27.57,27.59,27.65,27.74,27.75,27.8,27.85,27.88,27.92,27.97,100,900,1100,1300,500,100,200,2000,1100,100,400,100,200,600,300,1800,2700,1300,100,300
257.0,27.55,9500,261751.0,27.52,27.51,27.49,27.46,27.42,27.41,27.4,27.39,27.38,27.34,27.57,27.59,27.65,27.74,27.75,27.8,27.85,27.88,27.92,27.97,100,900,1100,1300,500,100,200,2000,1100,100,400,100,200,600,300,1800,2700,1300,100,300
258.0,27.55,9500,261751.0,27.52,27.51,27.49,27.46,27.42,27.41,27.4,27.39,27.38,27.34,27.57,27.59,27.65,27.74,27.75,27.8,27.85,27.88,27.92,27.97,100,900,1100,1300,500,100,200,2000,1100,100,400,100,200,600,300,1800,2700,1300,100,300
259.0,27.55,9500,261751.0,27.52,27.51,27.49,27.46,27.42,27.41,27.4,27.39,27.38,27.34,27.57,27.59,27.65,27.74,27.75,27.8,27.85,27.88,27.92,27.97,100,900,1100,1300,500,100,200,2000,1100,100,400,100,200,600,300,1800,2700,1300,100,300
260.0,27.46,18100,497991.0,27.46,27.42,27.41,27.4,27.39,27.38,27.34,27.32,27.31,27.29,27.57,27.59,27.65,27.74,27.75,27.8,27.85,27.88,27.92,27.97,300,500,100,200,2000,1100,100,300,200,200,400,100,200,600,300,1800,2700,1300,100,300
261.0,27.46,18100,497991.0,27.43,27.42,27.41,27.4,27.39,27.38,27.34,27.32,27.31,27.29,27.57,27.59,27.65,27.74,27.75,27.8,27.85,27.88,27.92,27.97,600,500,100,200,2000,1100,100,300,200,200,400,100,200,600,300,1800,2700,1300,100,300
262.0,27.46,18100,497991.0,27.43,27.42,27.41,27.4,27.39,27.38,27.34,27.32,27.31,27.29,27.57,27.59,27.65,27.74,27.75,27.8,27.85,27.88,27.92,27.97,600,500,100,200,2000,1100,100,300,200,200,400,100,200,600,300,1800,2700,1300,100,300
263.0,27.46,18100,497991.0,27.45,27.44,27.43,27.42,27.41,27.4,27.39,27.38,27.34,27.32,27.57,27.59,27.65,27.74,27.75,27.8,27.85,27.88,27.92,27.97,800,600,600,500,100,200,2000,1100,100,300,1000,100,200,600,300,1800,2700,1300,100,300
264.0,27.46,18100,497991.0,27.45,27.44,27.43,27.42,27.41,27.4,27.39,27.38,27.34,27.32,27.57,27.59,27.65,27.74,27.75,27.8,27.85,27.88,27.92,27.97,800,600,600,500,100,200,2000,1100,100,300,1000,100,200,600,300,1800,2700,1300,100,300
265.0,27.46,18100,497991.0,27.47,27.46,27.44,27.43,27.42,27.41,27.4,27.39,27.38,27.34,27.57,27.59,27.65,27.74,27.75,27.8,27.85,27.88,27.92,27.97,600,400,600,600,500,100,200,2000,1100,100,1000,100,200,600,300,1800,2700,1300,100,300
266.0,27.46,18100,497991.0,27.47,27.46,27.44,27.43,27.42,27.41,27.4,27.39,27.38,27.34,27.57,27.59,27.65,27.74,27.75,27.8,27.85,27.88,27.92,27.97,600,400,600,600,500,100,200,2000,1100,100,1000,100,200,600,300,1800,2700,1300,100,300
267.0,27.46,18100,497991.0,27.48,27.46,27.44,27.43,27.42,27.41,27.4,27.39,27.38,27.34,27.57,27.59,27.65,27.74,27.75,27.8,27.85,27.88,27.92,27.97,200,400,600,600,500,100,200,2000,1100,100,1000,100,200,600,300,1800,2700,1300,100,300
268.0,27.46,18100,497991.0,27.48,27.46,27.43,27.42,27.41,27.4,27.39,27.38,27.34,27.32,27.57,27.59,27.65,27.74,27.75,27.8,27.85,27.88,27.92,27.97,200,400,600,500,100,200,2000,1100,100,300,1000,100,200,600,300,1800,2700,1300,100,300
269.0,27.46,18100,497991.0,27.48,27.46,27.43,27.42,27.41,27.4,27.39,27.38,27.34,27.32,27.57,27.59,27.65,27.74,27.75,27.8,27.85,27.88,27.92,27.97,200,400,600,500,100,200,2000,1100,100,300,1000,100,200,600,300,1800,2700,1300,100,300
270.0,27.46,18100,497991.0,27.48,27.46,27.43,27.42,27.41,27.4,27.39,27.38,27.34,27.32,27.57,27.59,27.65,27.74,27.75,27.8,27.85,27.88,27.92,27.97,200,400,600,500,100,200,2000,1100,100,300,1000,100,200,600,300,1800,2700,1300,100,300
271.0,27.46,18100,497991.0,27.48,27.46,27.43,27.42,27.41,27.4,27.39,27.38,27.34,27.32,27.57,27.59,27.65,27.74,27.75,27.8,27.85,27.88,27.92,27.97,200,400,600,500,100,200,2000,1100,100,300,1000,100,200,600,300,1800,2700,1300,100,300
272.0,27.46,18100,497991.0,27.48,27.46,27.43,27.42,27.41,27.4,27.39,27.38,27.34,27.32,27.57,27.59,27.65,27.74,27.75,27.8,27.85,27.88,27.92,27.97,200,400,600,500,100,200,2000,1100,100,300,1000,100,200,600,300,1800,2700,1300,100,300
273.0,27.46,18100,497991.0,27.48,27.46,27.43,27.42,27.41,27.4,27.39,27.38,27.34,27.32,27.57,27.59,27.65,27.74,27.75,27.8,27.85,27.88,27.92,27.97,200,400,600,500,100,200,2000,1100,100,300,1000,100,200,600,300,1800,2700,1300,100,300
274.0,27.46,18100,497991.0,27.48,27.46,27.43,27.42,27.41,27.4,27.39,27.38,27.34,27.32,27.57,27.59,27.65,27.74,27.75,27.8,27.85,27.88,27.92,27.97,200,400,600,500,100,200,2000,1100,100,300,1000,100,200,600,300,1800,2700,1300,100,300
275.0,27.46,18100,497991.0,27.48,27.46,27.43,27.42,27.41,27.4,27.39,27.38,27.34,27.32,27.57,27.59,27.65,27.74,27.75,27.8,27.85,27.88,27.92,27.97,200,400,600,500,100,200,2000,1100,100,300,1000,100,200,600,300,1800,2700,1300,100,300
276.0,27.46,18100,497991.0,27.48,27.46,27.43,27.42,27.41,27.4,27.39,27.38,27.34,27.32,27.57,27.59,27.65,27.74,27.75,27.8,27.85,27.88,27.92,27.97,200,400,600,500,100,200,2000,1100,100,300,1000,100,200,600,300,1800,2700,1300,100,300
277.0,27.46,18100,497991.0,27.48,27.46,27.43,27.42,27.41,27.4,27.39,27.38,27.34,27.32,27.57,27.59,27.65,27.74,27.75,27.8,27.85,27.88,27.92,27.97,200,400,600,500,100,200,2000,1100,100,300,1000,100,200,600,300,1800,2700,1300,100,300
278.0,27.46,18100,497991.0,27.48,27.46,27.43,27.42,27.41,27.4,27.39,27.38,27.34,27.32,27.57,27.59,27.65,27.74,27.75,27.8,27.85,27.88,27.92,27.97,200,400,600,500,100,200,2000,1100,100,300,1000,100,200,600,300,1800,2700,1300,100,300
279.0,27.46,18100,497991.0,27.48,27.46,27.43,27.42,27.41,27.4,27.39,27.38,27.34,27.32,27.57,27.59,27.65,27.74,27.75,27.8,27.85,27.88,27.92,27.97,200,600,600,500,100,200,2000,1100,100,300,1000,100,200,600,300,1800,2700,1300,100,300
280.0,27.46,18100,497991.0,27.48,27.46,27.43,27.42,27.41,27.4,27.39,27.38,27.34,27.32,27.57,27.59,27.65,27.74,27.75,27.8,27.85,27.88,27.92,27.97,200,600,600,500,100,200,2000,1100,100,300,1000,100,200,600,300,1800,2700,1300,100,300
281.0,27.46,18100,497991.0,27.48,27.46,27.43,27.42,27.41,27.4,27.39,27.38,27.34,27.32,27.57,27.59,27.65,27.74,27.75,27.8,27.85,27.88,27.92,27.97,200,600,600,500,100,200,2000,1100,100,300,1000,100,200,600,300,1800,2700,1300,100,300
282.0,27.46,18100,497991.0,27.48,27.46,27.43,27.42,27.41,27.4,27.39,27.38,27.34,27.32,27.57,27.59,27.65,27.74,27.75,27.8,27.85,27.88,27.92,27.97,200,600,600,500,100,200,2000,1100,100,300,1000,100,200,600,300,1800,2700,1300,100,300
283.0,27.46,18100,497991.0,27.48,27.46,27.43,27.42,27.41,27.4,27.39,27.38,27.34,27.32,27.57,27.59,27.65,27.74,27.75,27.8,27.85,27.88,27.92,27.97,200,600,600,500,100,200,2000,1100,100,300,1000,100,200,600,300,1800,2700,1300,100,300
284.0,27.46,18100,497991.0,27.48,27.46,27.43,27.42,27.41,27.4,27.39,27.38,27.34,27.32,27.57,27.59,27.65,27.74,27.75,27.8,27.85,27.88,27.92,27.97,200,600,600,500,100,200,2000,1100,100,300,1000,100,200,600,300,1800,2700,1300,100,300
285.0,27.46,18100,497991.0,27.48,27.46,27.43,27.42,27.41,27.4,27.39,27.38,27.34,27.32,27.57,27.59,27.65,27.74,27.75,27.8,27.85,27.88,27.92,27.97,200,600,600,500,100,200,2000,1100,100,300,1000,100,200,600,300,1800,2700,1300,100,300
286.0,27.46,18100,497991.0,27.48,27.46,27.43,27.42,27.41,27.4,27.39,27.38,27.34,27.32,27.57,27.59,27.65,27.74,27.75,27.8,27.85,27.88,27.92,27.97,200,600,600,500,100,200,2000,1100,100,300,1000,100,200,600,300,1800,2700,1300,100,300
287.0,27.46,18100,497991.0,27.48,27.46,27.43,27.42,27.41,27.4,27.39,27.38,27.34,27.32,27.57,27.59,27.65,27.74,27.75,27.8,27.85,27.88,27.92,27.97,200,600,600,500,100,200,2000,1100,100,300,1000,100,200,600,300,1800,2700,1300,100,300
288.0,27.46,18100,497991.0,27.48,27.46,27.43,27.42,27.41,27.4,27.39,27.38,27.34,27.32,27.57,27.59,27.65,27.74,27.75,27.8,27.85,27.88,27.92,27.97,200,600,600,500,100,200,2000,1100,100,300,1000,100,200,600,300,1800,2700,1300,100,300
289.0,27.46,18100,497991.0,27.48,27.46,27.43,27.42,27.41,27.4,27.39,27.38,27.34,27.32,27.57,27.59,27.65,27.74,27.75,27.8,27.85,27.88,27.92,27.97,200,600,600,500,100,200,2000,1100,100,300,1000,100,200,600,300,1800,2700,1300,100,300
290.0,27.46,18100,497991.0,27.48,27.46,27.43,27.42,27.41,27.4,27.39,27.38,27.34,27.32,27.54,27.57,27.59,27.65,27.74,27.75,27.8,27.85,27.88,27.92,200,600,600,500,100,200,2000,1100,100,300,800,600,100,200,600,300,1800,2700,1300,100
291.0,27.46,18100,497991.0,27.48,27.46,27.43,27.42,27.41,27.4,27.39,27.38,27.34,27.32,27.54,27.57,27.59,27.65,27.74,27.75,27.8,27.85,27.88,27.92,200,600,600,500,100,200,2000,1100,100,300,800,600,100,200,600,300,1800,2700,1300,100
292.0,27.46,18100,497991.0,27.48,27.46,27.43,27.42,27.41,27.4,27.39,27.38,27.34,27.32,27.54,27.57,27.59,27.65,27.74,27.75,27.8,27.85,27.88,27.92,200,600,500,500,100,200,2000,1100,100,300,800,600,100,200,600,300,1800,2700,1300,100
293.0,27.46,18100,497991.0,27.49,27.46,27.43,27.42,27.41,27.4,27.39,27.38,27.34,27.32,27.52,27.54,27.59,27.65,27.74,27.75,27.8,27.85,27.88,27.92,100,600,500,500,100,200,2000,1100,100,300,800,800,100,200,600,300,1800,2700,1300,100
294.0,27.46,18100,497991.0,27.49,27.46,27.43,27.42,27.41,27.4,27.39,27.38,27.34,27.32,27.52,27.54,27.59,27.65,27.74,27.75,27.8,27.85,27.88,27.92,100,600,500,500,100,200,2000,1100,100,300,800,800,100,200,600,300,1800,2700,1300,100
295.0,27.46,18100,497991.0,27.49,27.46,27.43,27.42,27.41,27.4,27.39,27.38,27.34,27.32,27.52,27.54,27.59,27.65,27.74,27.75,27.8,27.85,27.88,27.92,100,600,500,500,100,200,2000,1100,100,300,800,800,100,200,600,300,1800,2700,1300,100
296.0,27.49,18200,500740.0,27.46,27.43,27.42,27.41,27.4,27.39,27.38,27.34,27.32,27.31,27.51,27.52,27.54,27.59,27.65,27.74,27.75,27.8,27.85,27.88,200,500,500,100,200,2000,1100,100,300,200,400,800,400,100,200,600,300,1800,2700,1300
297.0,27.49,18200,500740.0,27.46,27.43,27.42,27.41,27.4,27.39,27.38,27.34,27.32,27.31,27.48,27.51,27.52,27.54,27.59,27.65,27.74,27.75,27.8,27.85,200,1600,500,100,200,2000,1100,100,300,200,100,400,800,400,100,200,600,300,1800,2700
298.0,27.49,18200,500740.0,27.46,27.43,27.42,27.41,27.4,27.39,27.38,27.34,27.32,27.31,27.48,27.51,27.52,27.54,27.59,27.65,27.74,27.75,27.8,27.85,200,1600,500,100,200,2000,1100,100,300,200,100,400,800,400,100,200,600,1300,1800,2700
299.0,27.49,18200,500740.0,27.46,27.43,27.42,27.41,27.4,27.39,27.38,27.34,27.32,27.31,27.48,27.54,27.59,27.65,27.74,27.75,27.8,27.85,27.88,27.92,200,1600,500,100,200,2000,1100,100,300,200,900,400,100,200,600,1300,1800,2700,1300,100
300.0,27.49,18200,500740.0,27.46,27.43,27.42,27.41,27.4,27.39,27.38,27.34,27.32,27.31,27.48,27.54,27.59,27.65,27.74,27.75,27.8,27.85,27.88,27.92,200,1600,500,100,200,2000,1100,100,300,200,900,400,100,200,600,1300,1800,2700,1300,100
301.0,27.49,18200,500740.0,27.46,27.43,27.42,27.41,27.4,27.39,27.38,27.34,27.32,27.31,27.48,27.54,27.59,27.65,27.74,27.75,27.8,27.85,27.88,27.92,200,1600,500,100,200,2000,1100,100,300,200,900,400,100,200,600,1300,1800,2700,1300,100
302.0,27.49,18200,500740.0,27.46,27.43,27.42,27.41,27.4,27.39,27.38,27.34,27.32,27.31,27.48,27.54,27.59,27.65,27.74,27.75,27.8,27.85,27.88,27.92,200,1600,500,100,200,2000,1100,100,300,200,900,400,100,200,600,1300,1800,2700,1300,100
303.0,27.49,18200,500740.0,27.46,27.43,27.42,27.41,27.4,27.39,27.38,27.34,27.32,27.31,27.48,27.54,27.59,27.65,27.74,27.75,27.8,27.85,27.88,27.92,200,1600,500,100,200,2000,1100,100,300,200,900,400,100,200,600,1300,1800,2700,1300,100
304.0,27.49,18200,500740.0,27.46,27.43,27.42,27.41,27.4,27.39,27.38,27.34,27.32,27.31,27.48,27.54,27.59,27.65,27.74,27.75,27.8,27.85,27.88,27.92,200,1600,500,100,200,2000,1100,100,300,200,900,400,100,200,600,1300,1800,2700,1300,100
305.0,27.49,18200,500740.0,27.46,27.43,27.42,27.41,27.4,27.39,27.38,27.34,27.32,27.31,27.48,27.54,27.59,27.65,27.74,27.75,27.8,27.85,27.88,27.92,200,1600,500,100,200,2000,1100,100,300,200,900,400,100,200,600,1300,1800,2700,1300,100
306.0,27.49,18200,500740.0,27.46,27.43,27.42,27.41,27.4,27.39,27.38,27.34,27.32,27.31,27.48,27.54,27.59,27.65,27.74,27.75,27.8,27.85,27.88,27.92,200,1600,500,100,200,2000,1100,100,300,200,900,400,100,200,600,1300,1800,2700,1300,100
307.0,27.49,18200,500740.0,27.46,27.43,27.42,27.41,27.4,27.39,27.38,27.34,27.32,27.31,27.48,27.54,27.59,27.65,27.74,27.75,27.8,27.85,27.88,27.92,200,1100,500,100,200,2000,1100,100,300,200,900,400,100,200,600,1300,1800,2700,1300,100
308.0,27.46,18400,506232.0,27.43,27.42,27.41,27.4,27.39,27.38,27.34,27.32,27.31,27.29,27.47,27.48,27.54,27.59,27.65,27.74,27.75,27.8,27.85,27.88,1100,500,100,200,2000,1100,100,300,200,200,400,900,400,100,200,600,1300,1800,2700,1300
309.0,27.46,18400,506232.0,27.43,27.42,27.41,27.4,27.39,27.38,27.34,27.32,27.31,27.29,27.47,27.48,27.54,27.59,27.65,27.74,27.75,27.8,27.85,27.88,1100,500,100,200,2000,1100,100,300,200,200,400,900,400,100,200,600,1300,1800,2700,1300
310.0,27.46,18400,506232.0,27.43,27.42,27.41,27.4,27.39,27.38,27.34,27.32,27.31,27.29,27.47,27.48,27.54,27.59,27.65,27.74,27.75,27.8,27.85,27.88,1100,500,100,200,2000,1100,100,300,200,200,400,900,400,100,200,600,1300,1800,2700,1300
311.0,27.46,18400,506232.0,27.43,27.42,27.4,27.39,27.38,27.34,27.32,27.31,27.29,27.27,27.46,27.47,27.48,27.54,27.59,27.65,27.74,27.75,27.8,27.85,1100,500,300,2000,1100,100,300,200,200,100,800,400,200,400,100,200,600,1300,1800,2700
312.0,27.46,18400,506232.0,27.43,27.42,27.4,27.39,27.38,27.34,27.32,27.31,27.29,27.27,27.46,27.47,27.48,27.54,27.59,27.65,27.74,27.75,27.8,27.85,1100,500,300,2000,1100,100,300,200,200,100,800,400,200,400,100,200,600,1300,1800,2700
313.0,27.46,18400,506232.0,27.43,27.42,27.4,27.39,27.38,27.34,27.32,27.31,27.29,27.27,27.46,27.47,27.48,27.54,27.59,27.65,27.74,27.75,27.8,27.85,1100,500,300,2000,1100,100,300,200,200,100,800,400,200,400,100,200,600,1300,1800,2700
314.0,27.46,18400,506232.0,27.44,27.43,27.42,27.4,27.39,27.38,27.34,27.32,27.31,27.29,27.45,27.46,27.47,27.48,27.54,27.59,27.65,27.74,27.75,27.8,100,1100,500,300,2000,1100,100,300,200,200,400,800,100,200,400,100,200,600,1300,1800
315.0,27.46,18400,506232.0,27.44,27.43,27.42,27.4,27.39,27.38,27.34,27.32,27.31,27.29,27.45,27.46,27.47,27.48,27.54,27.59,27.65,27.74,27.75,27.8,100,1100,500,300,2000,1100,100,300,200,200,400,800,100,200,400,100,200,600,1300,1800
316.0,27.46,18400,506232.0,27.44,27.43,27.42,27.4,27.39,27.38,27.34,27.32,27.31,27.29,27.45,27.46,27.47,27.48,27.54,27.59,27.65,27.74,27.75,27.8,100,1100,500,300,2000,1100,100,300,200,200,400,800,100,200,400,100,200,600,1300,1800
317.0,27.46,18400,506232.0,27.43,27.42,27.4,27.39,27.38,27.37,27.34,27.32,27.31,27.29,27.45,27.47,27.48,27.54,27.59,27.65,27.74,27.75,27.8,27.85,1100,500,300,2000,1100,1500,100,300,200,200,1300,100,200,400,100,200,600,1300,1800,2700
318.0,27.46,18400,506232.0,27.43,27.42,27.4,27.39,27.38,27.37,27.34,27.32,27.31,27.29,27.45,27.47,27.48,27.54,27.59,27.65,27.74,27.75,27.8,27.85,1100,500,300,2000,1100,1500,100,300,200,200,1300,100,200,400,100,200,600,1300,1800,2700
319.0,27.46,18400,506232.0,27.43,27.42,27.4,27.39,27.38,27.37,27.34,27.32,27.31,27.29,27.45,27.47,27.48,27.54,27.59,27.65,27.74,27.75,27.8,27.85,1100,500,300,2000,1100,1500,100,300,200,200,1300,100,200,400,100,200,600,1300,1800,2700
320.0,27.46,18400,506232.0,27.43,27.42,27.4,27.39,27.38,27.37,27.34,27.32,27.31,27.29,27.45,27.47,27.48,27.54,27.59,27.65,27.74,27.75,27.8,27.85,1100,500,300,2000,1100,1500,100,300,200,200,1300,100,200,400,100,200,600,1300,1800,2700
321.0,27.46,18400,506232.0,27.43,27.42,27.4,27.39,27.38,27.37,27.34,27.32,27.31,27.29,27.45,27.47,27.48,27.54,27.59,27.65,27.74,27.75,27.8,27.85,1100,500,300,2000,1100,1500,100,300,200,200,1300,100,200,400,100,200,600,1300,1800,2700
322.0,27.46,18400,506232.0,27.43,27.42,27.4,27.39,27.38,27.37,27.34,27.32,27.31,27.29,27.45,27.47,27.48,27.54,27.59,27.65,27.74,27.75,27.8,27.85,1100,500,300,2000,1100,1500,100,300,200,200,1300,100,200,400,100,200,600,1300,1800,2700
323.0,27.46,18400,506232.0,27.43,27.42,27.4,27.39,27.38,27.37,27.34,27.32,27.31,27.29,27.45,27.47,27.48,27.54,27.59,27.65,27.74,27.75,27.8,27.85,1100,500,300,2000,1100,1500,100,300,200,200,1300,100,200,400,100,200,600,1300,1800,2700
324.0,27.46,18400,506232.0,27.43,27.42,27.4,27.39,27.38,27.37,27.34,27.32,27.31,27.29,27.45,27.47,27.48,27.54,27.59,27.65,27.74,27.75,27.8,27.85,1100,500,300,2000,1100,1500,100,300,200,200,1300,100,200,400,100,200,600,1300,1800,2700
325.0,27.46,18400,506232.0,27.43,27.42,27.4,27.39,27.38,27.37,27.34,27.32,27.31,27.29,27.45,27.47,27.48,27.54,27.59,27.65,27.74,27.75,27.8,27.85,1100,500,300,2000,1100,1500,100,300,200,200,1300,100,200,400,100,200,600,1300,1800,2700
326.0,27.46,18400,506232.0,27.43,27.42,27.4,27.39,27.38,27.37,27.34,27.32,27.31,27.29,27.45,27.48,27.54,27.59,27.65,27.74,27.75,27.8,27.85,27.88,1100,500,300,2000,1100,1500,100,300,200,200,1300,200,400,100,200,600,1300,1800,2700,1300
327.0,27.46,18400,506232.0,27.43,27.42,27.4,27.39,27.38,27.37,27.34,27.32,27.31,27.29,27.45,27.48,27.54,27.59,27.65,27.74,27.75,27.8,27.85,27.88,1100,500,300,2000,1100,1500,100,300,200,200,1300,100,400,100,200,600,1300,1800,2700,1300
328.0,27.46,18400,506232.0,27.43,27.42,27.4,27.39,27.38,27.37,27.34,27.32,27.31,27.29,27.45,27.48,27.54,27.59,27.65,27.74,27.75,27.8,27.85,27.88,1100,500,300,2000,1100,1500,100,300,200,200,1300,100,400,100,200,600,1300,1800,2700,1300
329.0,27.46,18400,506232.0,27.43,27.42,27.4,27.39,27.38,27.37,27.34,27.32,27.31,27.29,27.44,27.45,27.48,27.59,27.65,27.74,27.75,27.8,27.85,27.88,1100,500,300,2000,1100,1500,100,300,200,200,600,1300,100,100,200,600,1300,1800,2700,1300
330.0,27.46,18400,506232.0,27.43,27.42,27.4,27.39,27.38,27.37,27.34,27.32,27.31,27.29,27.44,27.45,27.48,27.59,27.65,27.74,27.75,27.8,27.85,27.88,1100,500,300,2000,1100,1500,100,300,200,200,600,1300,100,100,200,600,1300,1800,2700,1300
331.0,27.46,18400,506232.0,27.43,27.42,27.4,27.39,27.38,27.37,27.34,27.32,27.31,27.29,27.44,27.45,27.48,27.59,27.65,27.74,27.75,27.8,27.85,27.88,1100,500,300,2000,1100,1500,100,300,200,200,600,1300,100,100,200,600,1300,1800,2700,1300
332.0,27.46,18400,506232.0,27.43,27.42,27.4,27.39,27.38,27.37,27.34,27.32,27.31,27.29,27.44,27.48,27.59,27.65,27.74,27.75,27.8,27.85,27.88,27.92,1100,500,300,2000,1100,1500,100,300,200,200,2300,100,100,200,600,1300,1800,2700,1300,100
333.0,27.46,18400,506232.0,27.43,27.42,27.4,27.39,27.38,27.37,27.34,27.32,27.31,27.29,27.44,27.48,27.59,27.65,27.74,27.75,27.8,27.85,27.88,27.92,1100,500,300,2000,1100,1500,100,300,200,200,2300,100,100,200,600,1300,1800,2700,1300,100
334.0,27.4,20200,555595.0,27.4,27.39,27.38,27.37,27.34,27.32,27.31,27.29,27.27,27.2,27.43,27.44,27.48,27.59,27.65,27.74,27.75,27.8,27.85,27.88,100,2000,1100,1500,100,300,200,200,100,2000,300,2500,100,100,200,600,1300,1800,2700,1300
335.0,27.4,20300,558335.0,27.39,27.38,27.37,27.34,27.32,27.31,27.29,27.27,27.2,27.18,27.4,27.42,27.43,27.44,27.48,27.59,27.65,27.74,27.75,27.8,2000,1100,1500,100,300,200,200,100,2000,3000,100,700,500,900,100,100,200,600,1300,1800
336.0,27.4,20300,558335.0,27.39,27.38,27.37,27.34,27.32,27.31,27.29,27.27,27.2,27.18,27.4,27.42,27.43,27.44,27.48,27.59,27.65,27.74,27.75,27.8,2000,1100,1500,100,300,200,200,100,2000,3000,100,700,500,900,100,100,200,600,1300,1800
337.0,27.4,20300,558335.0,27.39,27.38,27.37,27.34,27.32,27.31,27.29,27.27,27.2,27.18,27.4,27.42,27.43,27.44,27.48,27.59,27.65,27.74,27.75,27.8,2000,1100,1500,100,300,200,200,100,2000,3000,100,700,500,900,100,100,200,600,1300,1800
338.0,27.4,20300,558335.0,27.39,27.38,27.37,27.34,27.32,27.31,27.29,27.27,27.2,27.18,27.4,27.43,27.44,27.48,27.59,27.65,27.74,27.75,27.8,27.85,2000,1100,1500,100,300,200,200,100,2000,3000,1600,400,900,100,100,200,600,1300,1800,2700
339.0,27.4,20300,558335.0,27.39,27.38,27.37,27.34,27.32,27.31,27.29,27.27,27.2,27.18,27.4,27.43,27.44,27.48,27.59,27.65,27.74,27.75,27.8,27.85,2000,1100,1500,100,300,200,200,100,2000,3000,1600,400,900,100,100,200,600,1300,1800,2700
340.0,27.4,20300,558335.0,27.39,27.38,27.37,27.34,27.32,27.31,27.29,27.27,27.2,27.18,27.4,27.43,27.44,27.48,27.59,27.65,27.74,27.75,27.8,27.85,2000,1100,1500,100,300,200,200,100,2000,3000,1600,400,900,100,100,200,600,1300,1800,2700
341.0,27.4,20300,558335.0,27.39,27.38,27.37,27.34,27.32,27.31,27.29,27.27,27.2,27.18,27.4,27.43,27.44,27.48,27.59,27.65,27.74,27.75,27.8,27.85,2000,1100,1500,100,300,200,200,100,2000,3000,2200,400,900,100,100,200,600,1300,1800,2700
342.0,27.4,20300,558335.0,27.39,27.38,27.37,27.34,27.32,27.31,27.29,27.27,27.2,27.18,27.4,27.43,27.44,27.48,27.59,27.65,27.74,27.75,27.8,27.85,2000,1100,1500,100,300,200,200,100,2000,3000,2200,400,900,100,100,200,600,1300,1800,2700
343.0,27.39,20800,572030.0,27.39,27.38,27.37,27.34,27.32,27.31,27.29,27.27,27.2,27.18,27.4,27.43,27.44,27.48,27.59,27.65,27.74,27.75,27.8,27.85,1500,1100,1500,100,300,200,200,100,2000,3000,2200,400,900,100,100,200,600,1300,1800,2700
344.0,27.39,22300,613115.0,27.38,27.37,27.34,27.32,27.31,27.29,27.27,27.2,27.18,27.11,27.4,27.43,27.44,27.48,27.59,27.65,27.74,27.75,27.8,27.85,1100,1500,100,300,200,200,100,2000,3000,300,2400,400,900,100,100,200,600,1300,1800,2700
345.0,27.4,22400,615855.0,27.38,27.37,27.34,27.32,27.31,27.29,27.27,27.2,27.18,27.11,27.4,27.43,27.44,27.48,27.59,27.65,27.74,27.75,27.8,27.85,1100,1500,100,300,200,200,100,2000,3000,300,2300,400,900,100,100,200,600,1300,1800,2700
346.0,27.4,22400,615855.0,27.38,27.37,27.34,27.32,27.31,27.29,27.27,27.2,27.18,27.11,27.4,27.43,27.44,27.48,27.59,27.65,27.74,27.75,27.8,27.85,1100,1500,100,300,200,200,100,2000,3000,300,2300,400,900,100,100,200,600,1300,1800,2700
347.0,27.4,22400,615855.0,27.38,27.37,27.34,27.32,27.31,27.29,27.27,27.2,27.18,27.11,27.4,27.43,27.44,27.48,27.59,27.65,27.74,27.75,27.8,27.85,1100,1500,100,300,200,200,100,2000,3000,300,2300,400,900,100,100,200,600,1300,1800,2700
348.0,27.4,22400,615855.0,27.38,27.37,27.34,27.32,27.31,27.29,27.27,27.2,27.18,27.11,27.4,27.43,27.44,27.48,27.59,27.65,27.74,27.75,27.8,27.85,1100,1500,100,300,200,200,100,2000,3000,300,2300,400,900,100,100,200,600,1300,1800,2700
349.0,27.4,22700,624075.0,27.39,27.38,27.37,27.34,27.32,27.31,27.29,27.27,27.2,27.18,27.4,27.43,27.44,27.48,27.59,27.65,27.74,27.75,27.8,27.85,300,1100,1500,100,300,200,200,100,2000,3000,2000,400,900,100,100,200,600,1300,1800,2700
350.0,27.4,22700,624075.0,27.39,27.38,27.37,27.34,27.32,27.31,27.29,27.27,27.2,27.18,27.4,27.43,27.44,27.48,27.59,27.65,27.74,27.75,27.8,27.85,300,1100,1500,100,300,200,200,100,2000,3000,2000,400,900,100,100,200,600,1300,1800,2700
351.0,27.4,22700,624075.0,27.39,27.38,27.37,27.34,27.32,27.31,27.29,27.27,27.2,27.18,27.4,27.43,27.44,27.48,27.59,27.65,27.74,27.75,27.8,27.85,300,1100,1500,100,300,200,200,100,2000,3000,2000,400,900,100,100,200,600,1300,1800,2700
352.0,27.4,22700,624075.0,27.39,27.38,27.37,27.32,27.31,27.29,27.27,27.2,27.18,27.11,27.4,27.43,27.44,27.48,27.59,27.65,27.74,27.75,27.8,27.85,300,1100,1500,300,200,200,100,2000,3000,300,2000,400,900,100,100,200,600,1300,1800,2700
353.0,27.39,22800,626814.0,27.39,27.38,27.37,27.32,27.31,27.27,27.2,27.18,27.11,27.05,27.4,27.43,27.44,27.48,27.59,27.65,27.74,27.75,27.8,27.85,200,1100,1500,300,200,100,2000,3000,300,3000,2000,400,900,100,100,200,600,1300,1800,2700
354.0,27.4,24800,681614.0,27.4,27.39,27.38,27.37,27.32,27.31,27.27,27.2,27.18,27.11,27.43,27.44,27.48,27.59,27.65,27.74,27.75,27.8,27.85,27.88,900,200,1100,1500,300,200,100,2000,3000,300,400,900,100,100,200,600,1300,1800,2700,1300
355.0,27.4,24800,681614.0,27.4,27.39,27.38,27.37,27.32,27.31,27.27,27.2,27.18,27.11,27.43,27.44,27.48,27.59,27.65,27.74,27.75,27.8,27.85,27.88,900,200,1100,1500,300,200,100,2000,3000,300,100,900,100,100,200,600,1300,1800,2700,1300
356.0,27.4,24800,681614.0,27.4,27.39,27.38,27.37,27.32,27.31,27.27,27.2,27.18,27.11,27.43,27.44,27.48,27.59,27.65,27.74,27.75,27.8,27.85,27.88,900,200,1100,1500,300,200,100,2000,3000,300,100,900,100,100,200,600,1300,1800,2700,1300
357.0,27.4,24800,681614.0,27.4,27.39,27.38,27.37,27.32,27.31,27.27,27.2,27.18,27.11,27.43,27.44,27.48,27.59,27.65,27.74,27.75,27.8,27.85,27.88,900,200,1100,1500,300,200,100,2000,3000,300,100,900,100,100,200,600,1300,1800,2700,1300
358.0,27.4,24800,681614.0,27.4,27.39,27.38,27.37,27.32,27.31,27.27,27.2,27.18,27.11,27.43,27.44,27.48,27.59,27.65,27.74,27.75,27.8,27.85,27.88,900,200,1100,1500,300,200,100,2000,3000,300,100,900,100,100,200,600,1300,1800,2700,1300
359.0,27.4,24800,681614.0,27.4,27.39,27.38,27.37,27.32,27.31,27.27,27.2,27.18,27.11,27.43,27.44,27.48,27.59,27.65,27.74,27.75,27.8,27.85,27.88,900,200,1100,1500,300,200,100,2000,3000,300,200,900,100,100,200,600,1300,1800,2700,1300
360.0,27.4,24800,681614.0,27.4,27.39,27.38,27.37,27.32,27.31,27.27,27.2,27.18,27.11,27.43,27.44,27.48,27.59,27.65,27.74,27.75,27.8,27.85,27.88,900,200,1100,1500,300,200,100,2000,3000,300,200,900,100,100,200,600,1300,1800,2700,1300
361.0,27.4,24800,681614.0,27.4,27.39,27.38,27.37,27.32,27.31,27.27,27.26,27.2,27.18,27.43,27.44,27.48,27.59,27.65,27.74,27.75,27.8,27.85,27.88,900,200,1100,1500,300,200,100,100,2000,3000,200,900,100,100,200,600,1300,1800,2700,1300
362.0,27.4,24800,681614.0,27.4,27.39,27.38,27.37,27.32,27.31,27.27,27.26,27.2,27.19,27.41,27.43,27.44,27.48,27.59,27.65,27.74,27.75,27.8,27.85,900,200,1100,1500,300,200,100,100,2000,200,800,200,300,100,100,200,600,1300,1800,2700
363.0,27.4,24800,681614.0,27.4,27.39,27.38,27.37,27.32,27.31,27.27,27.26,27.2,27.19,27.41,27.43,27.44,27.48,27.59,27.65,27.74,27.75,27.8,27.85,900,200,1100,1500,300,200,100,100,2000,200,800,100,300,100,100,200,600,1300,1800,2700
364.0,27.4,24800,681614.0,27.4,27.39,27.38,27.37,27.32,27.31,27.27,27.26,27.2,27.19,27.41,27.43,27.44,27.48,27.59,27.65,27.74,27.75,27.8,27.85,900,200,1100,1500,300,200,100,100,2000,200,800,100,300,100,100,200,600,1300,1800,2700
365.0,27.4,24800,681614.0,27.4,27.39,27.38,27.37,27.32,27.31,27.27,27.26,27.2,27.19,27.41,27.43,27.44,27.48,27.59,27.65,27.74,27.75,27.8,27.85,900,200,1100,1500,300,200,100,100,2000,200,800,100,300,100,100,200,600,1300,1800,2700
366.0,27.4,24800,681614.0,27.4,27.39,27.38,27.37,27.32,27.31,27.27,27.26,27.2,27.19,27.41,27.43,27.44,27.48,27.59,27.65,27.74,27.75,27.8,27.85,900,200,1100,1500,300,200,100,100,2000,200,800,100,300,100,100,200,600,1300,1800,2700
367.0,27.4,24800,681614.0,27.4,27.39,27.38,27.37,27.32,27.31,27.27,27.26,27.2,27.19,27.41,27.43,27.44,27.48,27.59,27.65,27.74,27.75,27.8,27.85,900,200,1100,1500,300,200,100,100,2000,200,800,100,300,100,100,200,600,1300,1800,2700
368.0,27.4,24800,681614.0,27.4,27.39,27.38,27.37,27.32,27.31,27.27,27.26,27.2,27.19,27.41,27.43,27.44,27.48,27.59,27.65,27.74,27.75,27.8,27.85,900,200,1100,1500,300,200,100,100,2000,200,800,100,300,100,100,200,600,1300,1800,2700
369.0,27.4,24800,681614.0,27.4,27.39,27.38,27.37,27.32,27.31,27.27,27.26,27.2,27.19,27.41,27.43,27.44,27.48,27.59,27.65,27.74,27.75,27.8,27.85,900,200,1100,1500,300,200,100,100,2000,200,800,100,300,100,100,200,600,1300,1800,2700
370.0,27.4,24800,681614.0,27.4,27.39,27.38,27.37,27.32,27.31,27.27,27.26,27.2,27.19,27.41,27.43,27.44,27.48,27.59,27.65,27.74,27.75,27.8,27.85,900,200,1100,1500,300,200,100,100,2000,200,800,100,100,100,100,200,600,1300,1800,2700
371.0,27.4,24800,681614.0,27.4,27.39,27.38,27.37,27.32,27.31,27.27,27.26,27.2,27.19,27.41,27.43,27.44,27.48,27.59,27.65,27.74,27.75,27.8,27.85,900,200,1100,1500,300,200,100,100,2000,200,800,100,100,100,100,200,600,1300,1800,2700
372.0,27.4,24800,681614.0,27.4,27.39,27.38,27.37,27.32,27.31,27.27,27.26,27.2,27.19,27.41,27.43,27.44,27.48,27.59,27.65,27.74,27.75,27.8,27.85,900,200,1100,1500,300,200,100,100,2000,200,800,100,100,100,100,200,600,1300,1800,2700
373.0,27.4,24800,681614.0,27.4,27.39,27.38,27.37,27.32,27.31,27.27,27.26,27.2,27.19,27.41,27.43,27.44,27.48,27.59,27.65,27.74,27.75,27.8,27.85,900,200,1100,1500,300,200,100,100,2000,200,800,100,100,100,100,200,600,1300,1800,2700
374.0,27.4,25700,706274.0,27.39,27.38,27.37,27.32,27.31,27.27,27.26,27.2,27.19,27.18,27.4,27.41,27.43,27.44,27.48,27.59,27.65,27.74,27.75,27.8,200,1100,1500,300,200,100,100,2000,200,3000,1000,800,100,100,100,100,200,600,1300,1800
375.0,27.4,25700,706274.0,27.39,27.38,27.37,27.32,27.31,27.27,27.26,27.2,27.19,27.18,27.4,27.41,27.43,27.44,27.48,27.59,27.65,27.74,27.75,27.8,200,1100,1500,300,200,100,100,2000,200,3000,1200,800,100,100,100,100,200,600,1300,1800
376.0,27.4,25700,706274.0,27.39,27.38,27.37,27.32,27.31,27.27,27.26,27.2,27.19,27.18,27.4,27.41,27.43,27.44,27.48,27.59,27.65,27.74,27.75,27.8,200,1100,1500,300,200,100,100,2000,200,3000,1200,800,100,100,100,100,200,600,1300,1800
377.0,27.39,25900,711752.0,27.38,27.37,27.32,27.31,27.27,27.26,27.2,27.19,27.18,27.11,27.39,27.4,27.41,27.43,27.44,27.48,27.59,27.65,27.74,27.75,1100,1500,300,200,100,100,2000,200,3000,300,200,1200,800,100,100,100,100,200,600,1300
378.0,27.39,25900,711752.0,27.38,27.37,27.32,27.31,27.27,27.26,27.2,27.19,27.18,27.11,27.39,27.4,27.41,27.43,27.44,27.48,27.59,27.65,27.74,27.75,1100,1500,300,200,100,100,2000,200,3000,300,200,1200,1400,100,100,100,100,200,600,1300
379.0,27.39,25900,711752.0,27.38,27.37,27.32,27.31,27.27,27.26,27.2,27.19,27.18,27.11,27.39,27.4,27.41,27.43,27.44,27.48,27.59,27.65,27.74,27.75,1100,1500,300,200,100,100,2000,200,3000,300,200,1200,1400,100,100,100,100,200,600,1300
380.0,27.38,26300,722704.0,27.38,27.37,27.32,27.31,27.27,27.26,27.2,27.19,27.18,27.11,27.39,27.4,27.41,27.43,27.44,27.48,27.59,27.65,27.74,27.75,700,1500,300,200,100,100,2000,200,3000,300,200,1200,1400,100,100,100,100,200,600,1300
381.0,27.38,26300,722704.0,27.38,27.37,27.32,27.31,27.27,27.26,27.2,27.19,27.18,27.11,27.39,27.4,27.41,27.43,27.44,27.48,27.59,27.65,27.74,27.75,700,1500,300,200,100,100,2000,200,3000,300,200,1200,1400,100,100,100,100,200,600,1300
382.0,27.38,26300,722704.0,27.38,27.37,27.32,27.31,27.27,27.26,27.2,27.19,27.18,27.11,27.39,27.4,27.41,27.43,27.44,27.48,27.59,27.65,27.74,27.75,700,1500,300,200,100,100,2000,200,3000,300,200,1200,1400,100,100,100,100,200,600,1300
383.0,27.39,26400,725443.0,27.38,27.37,27.32,27.31,27.28,27.27,27.26,27.2,27.19,27.18,27.39,27.4,27.41,27.43,27.44,27.48,27.59,27.65,27.74,27.75,700,1500,300,200,300,100,100,2000,200,3000,100,1200,1400,100,100,100,100,200,600,1300
384.0,27.39,26400,725443.0,27.38,27.37,27.32,27.31,27.28,27.27,27.26,27.2,27.19,27.18,27.39,27.4,27.41,27.43,27.44,27.48,27.59,27.65,27.74,27.75,700,1500,300,200,300,100,100,2000,200,3000,100,1200,1400,100,100,100,100,200,600,1300
385.0,27.39,26400,725443.0,27.38,27.37,27.32,27.31,27.28,27.27,27.26,27.2,27.19,27.18,27.39,27.4,27.41,27.43,27.44,27.48,27.59,27.65,27.74,27.75,700,1500,300,200,300,100,100,2000,200,3000,100,1200,1400,100,100,100,100,200,600,1300
386.0,27.39,26400,725443.0,27.38,27.37,27.32,27.31,27.28,27.27,27.26,27.2,27.19,27.18,27.39,27.4,27.41,27.43,27.44,27.48,27.59,27.65,27.74,27.75,700,1500,300,200,300,100,100,2000,200,3000,100,1100,1400,100,100,100,100,200,600,1300
387.0,27.39,26400,725443.0,27.38,27.37,27.32,27.31,27.28,27.27,27.26,27.2,27.19,27.18,27.39,27.4,27.41,27.43,27.44,27.48,27.59,27.65,27.74,27.75,700,1500,300,200,300,100,100,2000,200,3000,100,1000,1400,100,100,100,100,200,600,1300
388.0,27.39,26400,725443.0,27.38,27.37,27.32,27.31,27.28,27.27,27.26,27.2,27.19,27.18,27.39,27.4,27.41,27.43,27.44,27.48,27.59,27.65,27.74,27.75,700,1500,300,200,300,100,100,2000,200,3000,100,1000,1400,100,100,100,100,200,600,1300
389.0,27.39,26400,725443.0,27.38,27.37,27.32,27.31,27.28,27.27,27.26,27.2,27.19,27.18,27.39,27.4,27.41,27.43,27.44,27.48,27.59,27.65,27.74,27.75,700,1500,300,200,300,100,100,2000,200,3000,200,1000,1400,100,100,100,100,200,600,1300
390.0,27.39,26400,725443.0,27.38,27.37,27.32,27.31,27.28,27.27,27.26,27.2,27.19,27.18,27.39,27.4,27.41,27.43,27.44,27.48,27.59,27.65,27.74,27.75,900,1500,300,200,300,100,100,2000,200,3000,200,1000,1400,100,100,100,100,200,600,1300
391.0,27.39,26400,725443.0,27.38,27.37,27.32,27.31,27.28,27.27,27.26,27.2,27.19,27.18,27.39,27.4,27.41,27.43,27.44,27.48,27.59,27.65,27.74,27.75,900,1500,300,200,300,100,100,2000,200,3000,200,1000,1400,100,100,100,100,200,600,1300
392.0,27.39,26400,725443.0,27.38,27.37,27.32,27.31,27.28,27.27,27.26,27.2,27.19,27.18,27.39,27.4,27.41,27.43,27.44,27.48,27.59,27.65,27.74,27.75,900,1500,300,200,300,100,100,2000,200,3000,200,1000,1400,100,100,100,100,200,600,1300
393.0,27.39,26400,725443.0,27.38,27.37,27.32,27.31,27.28,27.27,27.26,27.2,27.19,27.18,27.39,27.4,27.41,27.43,27.44,27.48,27.59,27.65,27.74,27.75,900,1500,300,200,300,100,100,2000,200,3000,200,1000,1400,100,100,100,100,200,600,1300
394.0,27.39,26400,725443.0,27.38,27.37,27.32,27.31,27.28,27.27,27.26,27.2,27.19,27.18,27.39,27.4,27.41,27.43,27.44,27.48,27.59,27.65,27.74,27.75,900,1500,300,200,300,100,100,2000,200,3000,400,1000,1400,100,100,100,100,200,600,1300
395.0,27.39,26400,725443.0,27.38,27.37,27.32,27.31,27.28,27.27,27.26,27.2,27.19,27.18,27.39,27.4,27.41,27.43,27.44,27.48,27.59,27.65,27.74,27.75,900,1500,300,200,300,100,100,2000,200,3000,1400,1000,600,100,100,100,100,200,600,1300
396.0,27.39,26400,725443.0,27.38,27.37,27.32,27.31,27.28,27.27,27.26,27.2,27.19,27.18,27.39,27.4,27.41,27.43,27.44,27.48,27.59,27.65,27.74,27.75,900,1500,300,200,300,100,100,2000,200,3000,1400,1000,600,100,100,100,100,200,600,1300
397.0,27.38,26600,730919.0,27.38,27.37,27.32,27.31,27.28,27.27,27.26,27.2,27.19,27.18,27.39,27.4,27.41,27.43,27.44,27.48,27.59,27.65,27.74,27.75,700,1500,300,200,300,100,100,2000,200,3000,1400,1000,600,100,100,100,100,200,600,1300
398.0,27.37,28800,791140.0,27.32,27.31,27.28,27.27,27.26,27.2,27.19,27.18,27.11,27.05,27.38,27.39,27.4,27.41,27.43,27.44,27.48,27.59,27.65,27.74,300,200,300,100,100,2000,200,3000,300,3000,1100,1900,1000,600,100,100,100,100,200,600
399.0,27.37,28800,791140.0,27.32,27.31,27.28,27.27,27.26,27.2,27.19,27.18,27.11,27.05,27.38,27.39,27.4,27.41,27.43,27.44,27.48,27.59,27.65,27.74,300,200,300,100,100,2000,200,3000,300,3000,1300,1900,1000,600,100,100,100,100,200,600
400.0,27.37,28800,791140.0,27.32,27.31,27.28,27.27,27.26,27.2,27.19,27.18,27.11,27.05,27.37,27.38,27.39,27.4,27.41,27.43,27.44,27.48,27.59,27.65,300,200,300,100,100,2000,200,3000,300,3000,300,1300,5200,1000,600,100,100,100,100,200
401.0,27.37,28800,791140.0,27.32,27.31,27.28,27.27,27.26,27.2,27.19,27.18,27.11,27.05,27.36,27.37,27.38,27.39,27.4,27.41,27.43,27.44,27.48,27.59,300,200,300,100,100,2000,200,3000,300,3000,500,300,1300,4200,1000,600,100,100,100,100
402.0,27.36,29300,804820.0,27.32,27.31,27.28,27.27,27.26,27.2,27.19,27.18,27.11,27.05,27.37,27.38,27.39,27.4,27.41,27.43,27.44,27.48,27.59,27.65,300,200,300,100,100,2000,200,3000,300,3000,300,1300,4200,1000,600,100,100,100,100,200
403.0,27.36,29300,804820.0,27.32,27.31,27.28,27.27,27.26,27.2,27.19,27.18,27.11,27.05,27.37,27.38,27.39,27.4,27.41,27.43,27.44,27.48,27.59,27.65,300,200,300,100,100,2000,200,3000,300,3000,300,1300,4200,1000,600,100,100,100,100,200
404.0,27.36,29300,804820.0,27.32,27.31,27.28,27.27,27.26,27.2,27.19,27.18,27.11,27.05,27.37,27.38,27.39,27.4,27.41,27.43,27.44,27.48,27.59,27.65,300,200,300,100,100,2000,200,3000,300,3000,300,1000,4600,1000,600,100,100,100,100,200
405.0,27.36,29300,804820.0,27.32,27.31,27.28,27.27,27.26,27.2,27.19,27.18,27.11,27.05,27.37,27.38,27.39,27.4,27.41,27.43,27.44,27.48,27.59,27.65,300,200,300,100,100,2000,200,3000,300,3000,300,1000,4600,1000,600,100,100,100,100,200
406.0,27.37,30300,832190.0,27.32,27.31,27.28,27.27,27.26,27.2,27.19,27.18,27.11,27.05,27.37,27.38,27.39,27.4,27.41,27.43,27.44,27.48,27.59,27.65,300,200,300,100,100,2000,200,3000,300,3000,900,1000,4600,1000,600,100,100,100,100,200
407.0,27.37,30300,832190.0,27.32,27.31,27.28,27.27,27.26,27.2,27.19,27.18,27.11,27.05,27.38,27.39,27.4,27.41,27.43,27.44,27.48,27.59,27.65,27.74,300,200,400,100,100,2000,200,3000,300,3000,1000,4600,1000,600,100,100,100,100,200,600
408.0,27.37,30300,832190.0,27.32,27.31,27.28,27.27,27.26,27.2,27.19,27.18,27.11,27.05,27.38,27.39,27.4,27.41,27.43,27.44,27.48,27.59,27.65,27.74,300,200,400,100,100,2000,200,3000,300,3000,700,4600,1000,600,100,100,100,100,100,600
409.0,27.37,30300,832190.0,27.32,27.31,27.28,27.27,27.26,27.2,27.19,27.18,27.11,27.05,27.38,27.39,27.4,27.41,27.43,27.44,27.48,27.59,27.65,27.74,300,200,400,100,100,2000,200,3000,300,3000,700,4600,1000,600,100,100,100,100,100,600
410.0,27.37,30300,832190.0,27.32,27.31,27.28,27.27,27.26,27.2,27.19,27.18,27.11,27.05,27.38,27.39,27.4,27.41,27.43,27.44,27.48,27.59,27.65,27.74,300,200,400,100,100,2000,200,3000,300,3000,700,4600,1000,600,100,100,100,100,100,600
411.0,27.37,30300,832190.0,27.32,27.31,27.28,27.27,27.26,27.2,27.19,27.18,27.11,27.05,27.38,27.39,27.4,27.41,27.43,27.44,27.48,27.59,27.65,27.74,300,200,400,100,100,2000,200,3000,300,3000,700,4600,1000,600,100,100,100,100,100,600
412.0,27.37,30300,832190.0,27.32,27.31,27.28,27.27,27.26,27.2,27.19,27.18,27.11,27.05,27.38,27.39,27.4,27.41,27.43,27.44,27.48,27.59,27.65,27.74,300,200,400,100,100,2000,200,3000,300,3000,700,4600,1000,600,100,100,100,100,100,600
413.0,27.37,30300,832190.0,27.32,27.31,27.28,27.27,27.26,27.2,27.19,27.18,27.11,27.05,27.38,27.39,27.4,27.41,27.43,27.44,27.48,27.59,27.65,27.74,300,200,400,100,100,2000,200,3000,300,3000,1100,4600,1000,600,100,100,100,100,100,600
414.0,27.37,30300,832190.0,27.32,27.31,27.28,27.27,27.26,27.2,27.19,27.18,27.11,27.05,27.38,27.39,27.4,27.41,27.43,27.44,27.48,27.59,27.65,27.74,300,200,400,100,100,2000,200,3000,300,3000,1100,4600,1000,600,100,100,100,100,100,600
415.0,27.37,30300,832190.0,27.32,27.31,27.28,27.27,27.2,27.19,27.18,27.11,27.05,27.03,27.38,27.39,27.4,27.41,27.43,27.44,27.48,27.59,27.65,27.74,300,200,400,100,2000,200,3000,300,3000,100,1100,4600,1000,600,100,100,100,100,100,600
416.0,27.37,30300,832190.0,27.32,27.31,27.28,27.27,27.2,27.19,27.18,27.11,27.05,27.03,27.38,27.39,27.4,27.41,27.43,27.44,27.48,27.59,27.65,27.74,300,200,400,100,2000,200,3000,300,3000,100,1100,4600,1000,600,100,100,100,100,100,600
417.0,27.37,30300,832190.0,27.32,27.31,27.28,27.27,27.2,27.19,27.18,27.11,27.05,27.03,27.38,27.39,27.4,27.41,27.43,27.44,27.48,27.59,27.65,27.74,300,200,400,100,2000,200,3000,300,3000,100,1100,4600,1000,600,100,100,100,100,100,600
418.0,27.37,30300,832190.0,27.32,27.31,27.28,27.27,27.2,27.19,27.18,27.11,27.05,27.03,27.38,27.39,27.4,27.41,27.43,27.44,27.48,27.59,27.65,27.74,300,200,400,100,2000,200,3000,300,3000,100,1100,4600,1000,600,100,100,100,100,100,600
419.0,27.32,30500,837654.0,27.32,27.31,27.28,27.27,27.2,27.19,27.18,27.11,27.05,27.03,27.38,27.39,27.4,27.41,27.43,27.44,27.48,27.59,27.65,27.74,100,200,400,100,2000,200,3000,300,3000,100,1100,4600,1000,600,100,100,100,100,100,600
420.0,27.32,30500,837654.0,27.32,27.31,27.28,27.27,27.2,27.19,27.18,27.11,27.05,27.03,27.38,27.39,27.4,27.41,27.43,27.44,27.48,27.59,27.65,27.74,100,200,400,100,2000,200,3000,300,3000,100,1100,4600,1000,600,100,100,100,100,100,600
421.0,27.32,30500,837654.0,27.32,27.31,27.28,27.27,27.2,27.19,27.18,27.11,27.05,27.03,27.38,27.39,27.4,27.41,27.43,27.44,27.48,27.59,27.65,27.74,100,200,400,100,2000,200,3000,300,3000,100,1100,4600,1000,600,100,100,100,100,100,600
422.0,27.31,30800,845848.0,27.28,27.27,27.2,27.19,27.18,27.11,27.05,27.03,27.01,27.0,27.32,27.38,27.39,27.4,27.41,27.43,27.44,27.48,27.59,27.65,400,100,2000,200,3000,300,3000,100,1200,500,400,1100,4600,1000,600,100,100,100,100,100
423.0,27.31,30800,845848.0,27.28,27.27,27.2,27.19,27.18,27.11,27.05,27.03,27.01,27.0,27.32,27.38,27.39,27.4,27.41,27.43,27.44,27.48,27.59,27.65,400,100,2000,200,3000,300,3000,100,1200,500,400,1100,4600,1000,600,100,100,100,100,100
424.0,27.31,30800,845848.0,27.28,27.27,27.2,27.19,27.18,27.13,27.11,27.05,27.03,27.01,27.32,27.38,27.39,27.4,27.41,27.43,27.44,27.48,27.59,27.65,400,100,2000,200,3000,100,300,3000,100,1200,400,1100,4600,1000,600,100,100,100,100,100
425.0,27.31,30800,845848.0,27.28,27.27,27.2,27.19,27.18,27.13,27.11,27.05,27.03,27.01,27.32,27.38,27.39,27.4,27.41,27.43,27.44,27.48,27.59,27.65,400,100,2000,200,3000,100,300,3000,100,1200,500,700,4600,1000,600,100,100,100,100,100
426.0,27.31,30800,845848.0,27.28,27.27,27.2,27.19,27.18,27.13,27.11,27.05,27.03,27.01,27.32,27.38,27.39,27.4,27.41,27.43,27.44,27.48,27.59,27.65,400,100,2000,200,3000,100,300,3000,100,1200,500,700,4600,1000,600,100,100,100,100,100
427.0,27.31,30800,845848.0,27.28,27.27,27.2,27.19,27.18,27.13,27.11,27.05,27.03,27.01,27.32,27.38,27.39,27.4,27.41,27.43,27.44,27.48,27.59,27.65,400,100,2000,200,3000,100,300,3000,100,1200,500,700,4600,1000,600,100,100,100,100,100
428.0,27.31,30800,845848.0,27.28,27.27,27.2,27.19,27.18,27.13,27.11,27.05,27.03,27.01,27.32,27.38,27.39,27.4,27.41,27.43,27.44,27.48,27.59,27.65,400,100,2000,200,3000,100,300,3000,100,1200,500,700,4000,1000,600,100,100,100,100,100
429.0,27.31,30800,845848.0,27.28,27.27,27.2,27.19,27.18,27.13,27.11,27.05,27.03,27.01,27.32,27.38,27.39,27.4,27.41,27.43,27.44,27.48,27.59,27.65,400,100,2000,200,3000,100,300,3000,100,1200,500,700,4000,1000,600,100,100,100,100,100
430.0,27.31,30800,845848.0,27.29,27.28,27.27,27.2,27.19,27.18,27.13,27.11,27.05,27.03,27.32,27.38,27.39,27.4,27.41,27.43,27.44,27.48,27.59,27.65,100,1100,100,2000,200,3000,100,300,3000,100,500,700,4000,1000,600,100,100,100,100,100
431.0,27.29,31800,873141.0,27.3,27.29,27.28,27.27,27.2,27.19,27.18,27.13,27.11,27.05,27.32,27.38,27.39,27.4,27.41,27.43,27.44,27.48,27.59,27.65,600,600,1100,100,2000,200,3000,100,300,3000,300,100,4000,1000,600,100,100,100,100,100
432.0,27.29,31800,873141.0,27.3,27.29,27.28,27.27,27.2,27.19,27.18,27.13,27.11,27.05,27.32,27.38,27.39,27.4,27.41,27.43,27.44,27.48,27.59,27.65,600,600,1100,100,2000,200,3000,100,300,3000,300,100,4000,1000,600,100,100,100,100,100
