LocalTime,LastPrice,TradeVolume,TradeValue,BidPrice1,BidPrice2,BidPrice3,BidPrice4,BidPrice5,BidPrice6,BidPrice7,BidPrice8,BidPrice9,BidPriceA,AskPrice1,AskPrice2,AskPrice3,AskPrice4,AskPrice5,AskPrice6,AskPrice7,AskPrice8,AskPrice9,AskPriceA,BidVolume1,BidVolume2,BidVolume3,BidVolume4,BidVolume5,BidVolume6,BidVolume7,BidVolume8,BidVolume9,BidVolumeA,AskVolume1,AskVolume2,AskVolume3,AskVolume4,AskVolume5,AskVolume6,AskVolume7,AskVolume8,AskVolume9,AskVolumeA
0.0,17.9,14200,254180.0,17.88,17.85,17.8,17.78,17.75,17.74,17.73,17.71,17.7,17.69,17.9,17.92,17.97,18.0,18.05,18.07,18.09,18.1,18.11,18.12,900,300,1500,600,1100,3200,4000,1400,1900,200,3000,3500,400,1000,10500,400,600,500,2000,1200
1.0,17.88,16700,298912.0,17.85,17.78,17.75,17.74,17.73,17.71,17.7,17.69,17.68,17.67,17.88,17.89,17.9,17.97,17.99,18.0,18.05,18.07,18.09,18.1,300,600,1100,3200,4000,1400,2400,200,1200,1000,1500,1200,3100,400,1400,1000,10500,400,600,500
2.0,17.88,19300,345410.0,17.85,17.81,17.78,17.76,17.75,17.74,17.73,17.72,17.71,17.7,17.88,17.89,17.9,17.91,17.97,17.98,17.99,18.0,18.03,18.04,300,500,1600,500,1100,3200,4000,500,1400,2400,600,400,3200,1300,400,5000,1900,1000,100,1500
3.0,17.88,20000,357926.0,17.86,17.85,17.81,17.78,17.76,17.75,17.74,17.73,17.72,17.71,17.88,17.89,17.9,17.91,17.97,17.98,17.99,18.0,18.03,18.04,600,300,500,2100,500,4100,3200,3700,500,1400,600,4700,4400,1300,6700,5000,1900,1900,100,1700
4.0,17.81,21400,382927.0,17.81,17.78,17.76,17.75,17.74,17.73,17.72,17.71,17.7,17.69,17.87,17.88,17.89,17.9,17.91,17.97,17.98,17.99,18.0,18.03,400,2100,500,5300,3200,3700,500,1400,3700,200,2900,1400,5700,4400,1300,6700,5000,2200,5900,100
5.0,17.88,26400,472298.0,17.85,17.81,17.78,17.76,17.75,17.74,17.73,17.72,17.71,17.7,17.88,17.89,17.9,17.91,17.94,17.97,17.98,17.99,18.0,18.03,1700,3700,2100,500,5300,3200,4700,500,6400,3700,300,5700,4400,1500,500,6700,7400,4200,5900,600
6.0,17.89,29400,525899.0,17.85,17.81,17.78,17.76,17.75,17.74,17.73,17.72,17.71,17.7,17.89,17.9,17.91,17.94,17.97,17.98,17.99,18.0,18.03,18.04,1000,4200,2100,1000,5300,3200,4700,1500,6400,4700,5300,4400,1500,500,6700,7400,4700,8200,600,3600
7.0,17.85,31400,561567.0,17.85,17.81,17.8,17.78,17.76,17.75,17.74,17.73,17.72,17.71,17.86,17.88,17.89,17.9,17.91,17.94,17.97,17.98,17.99,18.0,700,3400,3100,2100,1000,5300,3200,4700,1500,6600,1000,700,5300,4400,1500,500,6700,8400,4700,8200
8.0,17.86,31900,570497.0,17.85,17.81,17.8,17.78,17.76,17.75,17.74,17.73,17.72,17.71,17.86,17.88,17.89,17.9,17.91,17.94,17.97,17.98,17.99,18.0,700,3400,3100,2100,1000,5300,3200,4700,1500,6600,500,1400,5400,4400,1500,500,6700,8400,4700,10300
9.0,17.86,32300,577641.0,17.85,17.81,17.8,17.78,17.76,17.75,17.74,17.73,17.72,17.71,17.86,17.88,17.89,17.9,17.91,17.94,17.97,17.98,17.99,18.0,700,3400,3100,2100,1000,5300,3200,4700,1500,7600,200,1900,6100,4400,1500,500,6700,8400,5900,10300
10.0,17.86,32500,581212.0,17.85,17.81,17.8,17.78,17.76,17.75,17.74,17.73,17.72,17.71,17.86,17.87,17.88,17.89,17.9,17.91,17.94,17.97,17.98,17.99,600,4200,3100,2100,1900,5300,4200,4700,1500,8100,4900,400,2600,6100,4400,1500,500,6700,8400,6000
11.0,17.86,33900,606214.0,17.86,17.85,17.81,17.8,17.78,17.76,17.75,17.74,17.73,17.72,17.87,17.88,17.89,17.9,17.91,17.94,17.97,17.98,17.99,18.0,500,500,4200,3100,2100,1900,5300,4200,4700,2200,400,3100,6100,6300,1500,500,6700,8400,6000,10600
12.0,17.85,37900,677629.0,17.81,17.8,17.78,17.76,17.75,17.74,17.73,17.72,17.71,17.7,17.85,17.86,17.88,17.89,17.9,17.91,17.94,17.97,17.98,17.99,4200,3100,2100,1900,5300,4200,4700,2200,8100,6200,100,100,3200,6100,6300,1500,500,6700,8400,6000
13.0,17.81,40000,715035.0,17.81,17.8,17.78,17.76,17.75,17.74,17.73,17.72,17.71,17.7,17.85,17.88,17.89,17.9,17.91,17.94,17.97,17.98,17.99,18.0,2200,3100,2100,1900,5300,4200,4700,2200,8100,6200,600,3200,6100,4300,1500,500,6700,8400,6000,10600
14.0,17.85,40100,716820.0,17.83,17.81,17.8,17.78,17.76,17.75,17.74,17.73,17.72,17.71,17.85,17.88,17.89,17.9,17.91,17.94,17.97,17.98,17.99,18.0,900,2800,3100,2100,1900,5300,4200,4700,2200,8100,500,3200,6100,4400,1500,500,6700,8400,6000,10600
15.0,17.83,44200,789935.0,17.83,17.81,17.8,17.78,17.76,17.75,17.74,17.73,17.72,17.71,17.88,17.89,17.9,17.91,17.94,17.97,17.98,17.99,18.0,18.02,2000,2800,3100,2100,1900,5300,4200,4700,2200,8100,3200,6100,4400,1500,500,6700,8400,6000,10600,2000
16.0,17.83,44200,789935.0,17.83,17.81,17.8,17.78,17.76,17.75,17.74,17.73,17.72,17.71,17.87,17.88,17.89,17.9,17.91,17.94,17.97,17.98,17.99,18.0,5800,2800,3100,2100,1900,5300,4200,4700,2200,8100,400,3200,6100,4400,1500,500,6700,8400,6000,10600
17.0,17.87,44300,791722.0,17.83,17.82,17.81,17.8,17.78,17.76,17.75,17.74,17.73,17.72,17.87,17.88,17.89,17.9,17.91,17.94,17.97,17.98,17.99,18.0,5800,100,2800,3100,2100,1900,5300,4200,4700,2200,300,3200,6100,4400,1500,500,6700,8400,6000,10600
18.0,17.87,44300,791722.0,17.83,17.82,17.81,17.8,17.78,17.76,17.75,17.74,17.73,17.72,17.87,17.88,17.89,17.9,17.91,17.94,17.97,17.98,17.99,18.0,3200,100,2800,3100,2100,1900,5300,4200,4700,2200,300,3200,6100,4400,1500,500,6700,8400,6000,10600
19.0,17.87,44300,791722.0,17.85,17.83,17.82,17.81,17.8,17.78,17.76,17.75,17.74,17.73,17.87,17.88,17.89,17.9,17.91,17.94,17.97,17.98,17.99,18.0,2000,7800,100,2800,3100,2100,1900,5300,4200,4700,300,3200,6100,4400,1500,500,6700,8400,6000,10600
20.0,17.85,46300,827422.0,17.83,17.82,17.81,17.8,17.78,17.76,17.75,17.74,17.73,17.72,17.85,17.87,17.88,17.89,17.9,17.91,17.94,17.97,17.98,17.99,7300,100,2800,3100,2100,1900,5300,4200,4700,2200,1600,300,3200,6100,4400,1500,500,6700,8400,6000
21.0,17.83,48300,863086.0,17.83,17.82,17.81,17.8,17.78,17.76,17.75,17.74,17.73,17.72,17.85,17.87,17.88,17.89,17.9,17.91,17.94,17.97,17.98,17.99,5700,100,2800,3100,2100,1900,5300,4200,4700,2200,1600,300,3200,6100,4400,1500,500,6700,8400,6000
22.0,17.83,48300,863086.0,17.83,17.82,17.81,17.8,17.78,17.76,17.75,17.74,17.73,17.72,17.85,17.87,17.88,17.89,17.9,17.91,17.94,17.97,17.98,17.99,5700,100,2800,3100,2100,1900,5300,4200,4700,2200,1600,300,3200,6100,4400,1500,500,6700,8400,6000
23.0,17.83,48300,863086.0,17.83,17.82,17.81,17.8,17.78,17.76,17.75,17.74,17.73,17.72,17.85,17.87,17.88,17.89,17.9,17.91,17.94,17.97,17.98,17.99,5700,100,2800,3100,2100,1900,5300,4200,4700,2200,1600,300,3200,6100,4400,1500,500,800,8400,6000
24.0,17.83,48300,863086.0,17.83,17.82,17.81,17.8,17.78,17.76,17.75,17.74,17.73,17.72,17.85,17.87,17.88,17.89,17.9,17.91,17.94,17.97,17.98,17.99,5700,100,2800,3100,2100,1900,5300,4200,4700,2200,1600,300,3200,6100,2900,1500,500,800,8400,6000
25.0,17.85,48500,866656.0,17.83,17.82,17.81,17.8,17.78,17.76,17.75,17.74,17.73,17.72,17.87,17.88,17.89,17.9,17.91,17.94,17.97,17.98,17.99,18.0,5700,100,2800,3100,2100,1900,5300,4200,4700,2200,300,3200,6100,2900,1500,500,800,8400,6000,9600
26.0,17.85,48500,866656.0,17.83,17.82,17.81,17.8,17.78,17.76,17.75,17.74,17.73,17.72,17.86,17.87,17.88,17.89,17.9,17.91,17.94,17.97,17.98,17.99,9200,100,2800,3100,1600,1400,5300,4200,4700,2200,300,300,3200,6100,2900,1500,500,800,8400,6000
27.0,17.85,48500,866656.0,17.85,17.83,17.82,17.81,17.8,17.78,17.76,17.75,17.74,17.73,17.86,17.87,17.88,17.89,17.9,17.91,17.94,17.97,17.98,17.99,5000,9200,100,2800,3100,1600,1400,5300,4200,4700,300,300,3200,6100,2900,1500,500,800,8400,6000
28.0,17.86,61500,1098577.0,17.83,17.82,17.81,17.8,17.78,17.76,17.75,17.74,17.73,17.72,17.86,17.87,17.88,17.89,17.9,17.91,17.94,17.97,17.98,17.99,3500,100,2800,3100,1600,1400,5300,4200,4700,2200,200,300,3200,6100,2900,1500,500,800,8400,6000
29.0,17.86,61500,1098577.0,17.83,17.82,17.81,17.8,17.78,17.76,17.75,17.74,17.73,17.72,17.85,17.86,17.87,17.88,17.89,17.9,17.91,17.94,17.97,17.98,6400,100,2800,3100,1600,1400,5300,4200,4700,2200,1800,200,300,3200,6100,2900,1500,500,800,8400
30.0,17.86,61500,1098577.0,17.83,17.82,17.81,17.8,17.78,17.76,17.75,17.74,17.73,17.72,17.85,17.86,17.87,17.88,17.89,17.9,17.91,17.94,17.97,17.98,6400,100,2800,3100,1600,1400,5300,4200,4700,2200,1800,200,300,3200,6100,2900,1500,500,800,8400
31.0,17.86,61500,1098577.0,17.83,17.82,17.81,17.8,17.78,17.76,17.75,17.74,17.73,17.72,17.85,17.86,17.87,17.88,17.89,17.9,17.91,17.94,17.97,17.98,7000,100,2800,3100,1600,1400,5300,4200,4700,2200,1800,200,300,3200,6100,2900,1500,500,800,8400
32.0,17.85,61800,1103932.0,17.83,17.82,17.81,17.8,17.78,17.76,17.75,17.74,17.73,17.72,17.85,17.86,17.87,17.88,17.89,17.9,17.91,17.94,17.97,17.98,8000,100,2800,3100,1600,1400,5300,4200,4700,2200,1500,200,300,3200,6100,2800,1500,500,800,8400
33.0,17.85,63300,1130707.0,17.85,17.83,17.82,17.81,17.8,17.78,17.76,17.75,17.74,17.73,17.86,17.87,17.88,17.89,17.9,17.91,17.94,17.97,17.98,17.99,300,8900,100,2800,3100,1600,1400,5300,4200,4700,200,300,3100,6100,4800,1500,500,800,8400,6000
34.0,17.83,66200,1182420.0,17.83,17.82,17.81,17.8,17.78,17.76,17.75,17.74,17.73,17.72,17.85,17.86,17.87,17.88,17.89,17.9,17.91,17.94,17.97,17.98,8900,100,2800,3100,600,1400,5300,4200,4700,2200,3800,200,300,3100,6100,4800,1500,500,800,8400
35.0,17.83,66200,1182420.0,17.83,17.82,17.81,17.8,17.78,17.76,17.75,17.74,17.73,17.72,17.85,17.86,17.87,17.88,17.89,17.9,17.91,17.94,17.97,17.98,9600,100,2800,3100,600,1400,5300,3200,4700,2200,3800,200,300,3100,6100,4800,1500,500,800,8400
36.0,17.85,69700,1244895.0,17.83,17.82,17.81,17.8,17.78,17.76,17.75,17.74,17.73,17.72,17.85,17.86,17.87,17.88,17.89,17.9,17.91,17.94,17.97,17.98,9600,500,2800,3100,600,1400,5300,3200,4700,2200,800,200,300,2600,6100,4800,1500,500,800,8400
37.0,17.85,70500,1259175.0,17.85,17.83,17.82,17.81,17.8,17.78,17.76,17.75,17.74,17.73,17.86,17.87,17.88,17.89,17.9,17.91,17.94,17.97,17.98,17.99,800,9600,500,2800,3100,600,1400,5300,3200,4700,200,300,2600,6100,4800,1500,500,800,8400,6000
38.0,17.85,70500,1259175.0,17.85,17.83,17.82,17.81,17.8,17.78,17.76,17.75,17.74,17.73,17.86,17.87,17.88,17.89,17.9,17.91,17.97,17.98,17.99,18.0,800,10100,500,2800,3100,600,1400,5300,3200,4700,200,300,2600,6100,4800,1500,800,8400,6000,9600
39.0,17.85,72100,1287739.0,17.83,17.82,17.81,17.8,17.78,17.76,17.75,17.74,17.73,17.72,17.85,17.87,17.88,17.89,17.9,17.91,17.97,17.98,17.99,18.0,10200,400,2800,3100,600,1400,5300,3200,4700,2200,2800,200,2600,6100,4800,1500,800,8400,6000,9600
40.0,17.85,72300,1291309.0,17.83,17.82,17.81,17.8,17.78,17.76,17.75,17.74,17.73,17.72,17.85,17.87,17.88,17.89,17.9,17.91,17.97,17.98,17.99,18.0,10200,400,2800,3100,600,1400,5300,3200,4700,2200,2600,200,2600,6100,4800,1500,800,8400,6000,9600
41.0,17.85,74900,1337719.0,17.85,17.83,17.82,17.81,17.8,17.78,17.76,17.75,17.74,17.73,17.87,17.88,17.89,17.9,17.91,17.97,17.98,17.99,18.0,18.02,300,11000,400,2800,3100,600,1400,5300,3200,4700,200,2600,6100,4800,1500,800,8400,6000,9600,2000
42.0,17.85,75300,1344861.0,17.83,17.82,17.81,17.8,17.78,17.76,17.75,17.74,17.73,17.72,17.85,17.87,17.88,17.89,17.9,17.91,17.97,17.98,17.99,18.0,11300,400,2800,3100,600,1400,5300,3200,4700,2200,2500,100,2800,6100,4800,1500,800,8400,6000,9600
43.0,17.85,75500,1348431.0,17.83,17.82,17.81,17.8,17.78,17.76,17.75,17.74,17.73,17.72,17.85,17.87,17.88,17.89,17.9,17.91,17.97,17.98,17.99,18.0,11300,400,2800,3100,600,1400,5300,3200,4700,2200,2300,100,2800,6100,4800,1500,800,8400,6000,9600
44.0,17.85,77700,1387701.0,17.83,17.82,17.81,17.8,17.78,17.76,17.75,17.74,17.73,17.72,17.85,17.88,17.89,17.9,17.91,17.97,17.98,17.99,18.0,18.02,11300,400,2800,3100,600,1400,5300,3200,4700,2200,1500,2800,5100,4800,1500,800,8400,6000,9000,2000
45.0,17.85,78900,1409121.0,17.83,17.82,17.81,17.8,17.78,17.76,17.75,17.74,17.73,17.72,17.85,17.88,17.89,17.9,17.91,17.97,17.98,17.99,18.0,18.02,11400,400,2800,3100,600,1400,5300,3200,4700,2200,300,2800,5100,4800,1500,800,8400,6000,9000,2000
46.0,17.85,79600,1421606.0,17.83,17.82,17.81,17.8,17.78,17.76,17.75,17.74,17.73,17.72,17.85,17.88,17.89,17.9,17.91,17.97,17.98,17.99,18.0,18.02,10900,400,2800,3100,600,1400,5300,3200,4700,2200,100,2800,5100,4800,1500,800,8400,6000,9000,2000
47.0,17.85,80000,1428744.0,17.83,17.82,17.81,17.8,17.78,17.76,17.75,17.74,17.73,17.72,17.85,17.88,17.89,17.9,17.91,17.97,17.98,17.99,18.0,18.02,11100,400,2800,3100,600,1400,5300,3200,4700,2200,1800,2300,5100,4800,1500,800,8400,6000,9000,2000
48.0,17.83,82200,1468021.0,17.83,17.82,17.81,17.8,17.78,17.76,17.75,17.74,17.73,17.72,17.88,17.89,17.9,17.91,17.97,17.98,17.99,18.0,18.02,18.03,11100,400,2800,3100,600,1400,5300,3200,4700,2200,2000,5100,4800,1500,800,8400,6000,9000,2000,500
49.0,17.88,82400,1471597.0,17.83,17.82,17.81,17.8,17.78,17.76,17.75,17.74,17.73,17.72,17.85,17.87,17.88,17.89,17.9,17.91,17.97,17.98,17.99,18.0,11100,400,2800,3100,600,1400,5300,3200,4700,2200,3100,500,1800,5100,4800,1500,800,8400,6000,9000
50.0,17.87,86000,1535867.0,17.85,17.84,17.83,17.82,17.81,17.8,17.78,17.76,17.75,17.74,17.88,17.89,17.9,17.91,17.97,17.98,17.99,18.0,18.02,18.03,400,2200,9200,400,2800,3100,600,1400,5300,3200,1800,5100,4800,1500,800,8400,6000,9000,2000,500
51.0,17.88,86200,1539443.0,17.85,17.84,17.83,17.82,17.81,17.8,17.78,17.76,17.75,17.74,17.88,17.89,17.9,17.91,17.97,17.98,17.99,18.0,18.02,18.03,400,2200,9200,400,2800,3100,600,1400,5300,3200,1600,5100,4800,1500,800,8400,6000,9000,2000,500
52.0,17.88,86500,1544807.0,17.85,17.84,17.83,17.82,17.81,17.8,17.78,17.76,17.75,17.74,17.87,17.88,17.89,17.9,17.91,17.97,17.98,17.99,18.0,18.02,400,2200,9100,400,2800,3100,600,1400,5300,3200,900,1300,5100,4800,1500,800,8400,6000,9000,2000
53.0,17.87,87400,1560890.0,17.85,17.84,17.83,17.82,17.81,17.8,17.78,17.76,17.75,17.74,17.88,17.89,17.9,17.91,17.97,17.98,17.99,18.0,18.02,18.03,700,2200,8600,400,2800,3100,600,1400,5300,3200,1300,5100,4800,1500,800,8400,6000,9000,2000,500
54.0,17.84,90300,1612649.0,17.84,17.83,17.82,17.81,17.8,17.78,17.76,17.75,17.74,17.73,17.88,17.89,17.9,17.91,17.97,17.98,17.99,18.0,18.02,18.03,400,8600,400,2800,3100,600,1400,5300,3200,4700,900,5100,4800,1500,800,8400,6000,9000,2000,500
55.0,17.84,90300,1612649.0,17.85,17.84,17.83,17.82,17.81,17.8,17.78,17.76,17.75,17.74,17.88,17.89,17.9,17.91,17.97,17.98,17.99,18.0,18.02,18.03,1800,400,8600,400,2800,3600,600,1400,5300,3200,900,5100,4800,1500,800,8400,6000,9000,2000,500
56.0,17.84,90300,1612649.0,17.85,17.84,17.83,17.82,17.81,17.8,17.78,17.76,17.75,17.74,17.88,17.89,17.9,17.91,17.97,17.98,17.99,18.0,18.02,18.03,1900,400,9000,400,2800,3600,600,1400,5300,3200,1300,5100,4800,1500,800,8400,6000,9000,2000,500
57.0,17.88,90600,1618013.0,17.85,17.84,17.83,17.82,17.81,17.8,17.78,17.76,17.75,17.74,17.88,17.89,17.9,17.91,17.97,17.98,17.99,18.0,18.02,18.03,2300,400,9000,400,2800,3600,600,1400,4200,3200,1000,5100,4800,1500,800,8400,6000,9000,2000,500
58.0,17.88,90700,1619801.0,17.85,17.84,17.83,17.82,17.81,17.8,17.78,17.76,17.75,17.74,17.88,17.89,17.9,17.91,17.97,17.98,17.99,18.0,18.02,18.03,2300,400,9000,400,2800,3600,600,1400,4200,3200,3900,5100,4800,1500,800,8400,6000,9000,2000,500
59.0,17.88,91000,1625165.0,17.85,17.84,17.83,17.82,17.81,17.8,17.78,17.76,17.75,17.74,17.88,17.89,17.9,17.91,17.97,17.98,17.99,18.0,18.02,18.03,2400,400,8800,400,2800,3600,600,1400,4200,3200,7100,5100,4800,1500,800,8400,6000,9000,2000,500
60.0,17.88,91000,1625165.0,17.85,17.84,17.83,17.82,17.81,17.8,17.78,17.76,17.75,17.74,17.88,17.89,17.9,17.91,17.97,17.98,17.99,18.0,18.02,18.03,2400,500,8700,400,2800,3600,600,1400,4200,3200,7300,5100,4800,1500,800,8400,6000,9000,2000,500
61.0,17.88,91000,1625165.0,17.85,17.84,17.83,17.82,17.81,17.8,17.78,17.76,17.75,17.74,17.88,17.89,17.9,17.91,17.97,17.98,17.99,18.0,18.02,18.03,2400,1700,9800,400,2800,3600,600,1400,4200,3200,7400,5100,2800,1500,800,8400,6000,9000,2000,500
62.0,17.85,91600,1635890.0,17.85,17.84,17.83,17.82,17.81,17.8,17.78,17.76,17.75,17.74,17.88,17.89,17.9,17.91,17.97,17.98,17.99,18.0,18.02,18.03,2700,1900,10400,400,2800,3600,600,1400,4200,3200,6900,5100,2800,1500,800,8400,6000,9000,2000,500
63.0,17.85,91600,1635890.0,17.85,17.84,17.83,17.82,17.81,17.8,17.78,17.76,17.75,17.74,17.88,17.89,17.9,17.91,17.97,17.98,17.99,18.0,18.02,18.03,2700,1900,10400,400,2800,3600,600,1400,4200,3200,6900,5100,2800,1500,800,8400,6000,9000,2000,500
64.0,17.85,91600,1635890.0,17.86,17.85,17.84,17.83,17.82,17.81,17.8,17.78,17.76,17.75,17.88,17.89,17.9,17.91,17.97,17.98,17.99,18.0,18.02,18.03,2900,2900,1900,10400,400,2800,3600,600,1400,4200,3400,5100,2800,1500,800,8400,6000,9000,2000,500
65.0,17.88,95500,1705537.0,17.86,17.85,17.84,17.83,17.82,17.81,17.8,17.78,17.76,17.75,17.88,17.89,17.9,17.91,17.97,17.98,17.99,18.0,18.02,18.03,2100,2000,1700,12400,400,2800,3600,600,1400,4200,4000,5100,2800,1500,800,8400,6000,9000,2000,500
66.0,17.88,95500,1705537.0,17.86,17.85,17.84,17.83,17.82,17.81,17.8,17.78,17.76,17.75,17.88,17.89,17.9,17.91,17.97,17.98,17.99,18.0,18.02,18.03,2100,1900,1700,9500,400,2800,3600,600,1400,4200,4000,5100,2800,1500,800,8400,6000,9000,2000,500
67.0,17.86,102200,1825219.0,17.85,17.84,17.83,17.82,17.81,17.8,17.78,17.76,17.75,17.74,17.86,17.87,17.88,17.89,17.9,17.91,17.97,17.98,17.99,18.0,1900,2700,9500,400,2800,3600,600,1400,4200,2700,3800,4200,4000,5100,2800,1500,800,8400,6000,9000
68.0,17.84,106300,1898400.0,17.84,17.83,17.82,17.81,17.8,17.78,17.76,17.75,17.74,17.73,17.86,17.87,17.88,17.89,17.9,17.91,17.97,17.98,17.99,18.0,1800,9400,400,2800,3600,600,1400,4200,2700,4700,3300,4200,4000,5100,2800,1500,800,8400,6000,9000
69.0,17.84,108600,1939440.0,17.84,17.83,17.82,17.81,17.8,17.78,17.76,17.75,17.74,17.73,17.85,17.86,17.87,17.88,17.89,17.9,17.91,17.97,17.98,17.99,100,9500,400,2800,3600,600,1400,4200,2700,4700,3900,5100,4200,4000,5100,2800,1500,800,8400,6000
70.0,17.84,108600,1939440.0,17.84,17.83,17.82,17.81,17.8,17.78,17.76,17.75,17.74,17.73,17.85,17.86,17.87,17.88,17.89,17.9,17.91,17.97,17.98,17.99,100,9500,400,2800,4300,600,1400,4200,2700,4700,3900,5100,4200,5000,5100,2800,1500,800,8400,6000
71.0,17.85,112400,2007262.0,17.84,17.83,17.82,17.81,17.8,17.78,17.76,17.75,17.74,17.73,17.85,17.86,17.87,17.88,17.89,17.9,17.91,17.97,17.98,17.99,1700,9700,400,2800,4300,600,1400,4200,2700,4700,900,5100,4200,5000,5100,2800,1500,800,8400,6000
72.0,17.86,113500,2026899.0,17.85,17.84,17.83,17.82,17.81,17.8,17.78,17.76,17.75,17.74,17.86,17.87,17.88,17.89,17.9,17.91,17.97,17.98,17.99,18.0,1400,2100,9700,400,2800,4300,600,1400,4200,2700,4900,4200,5000,5100,2800,1500,800,8400,6000,9000
73.0,17.86,113700,2030471.0,17.85,17.84,17.83,17.82,17.81,17.8,17.78,17.76,17.75,17.74,17.86,17.87,17.88,17.89,17.9,17.91,17.97,17.98,17.99,18.0,1400,2100,9700,400,2800,4300,600,1400,4200,2700,4700,4200,5000,5100,2800,1500,800,8400,6000,9000
74.0,17.86,113900,2034042.0,17.85,17.84,17.83,17.82,17.81,17.8,17.78,17.76,17.75,17.74,17.86,17.87,17.88,17.89,17.9,17.91,17.97,17.98,17.99,18.0,5000,2100,9500,400,2800,4300,600,1400,4200,2700,2600,4200,5000,5100,2800,1500,800,8400,6000,9000
75.0,17.86,114400,2042972.0,17.85,17.84,17.83,17.82,17.81,17.8,17.78,17.76,17.75,17.74,17.86,17.87,17.88,17.89,17.9,17.91,17.97,17.98,17.99,18.0,5000,2900,9500,400,2800,4300,600,1400,4200,2700,2100,4200,5000,5100,2800,1500,800,8400,6000,9000
76.0,17.86,114800,2050116.0,17.85,17.84,17.83,17.82,17.81,17.8,17.78,17.76,17.75,17.74,17.86,17.87,17.88,17.89,17.9,17.91,17.97,17.98,17.99,18.0,5100,2900,9500,1200,2800,4300,600,1400,4200,2700,1700,4200,5000,5100,2800,1500,800,8400,6000,9000
77.0,17.85,115300,2059045.0,17.85,17.84,17.83,17.82,17.81,17.8,17.78,17.76,17.75,17.74,17.86,17.87,17.88,17.89,17.9,17.91,17.97,17.98,17.99,18.0,5600,3500,9500,1200,2800,4300,600,1400,4200,2700,1300,4200,5100,5100,2800,1500,800,8400,6000,9000
78.0,17.85,115500,2062616.0,17.85,17.84,17.83,17.82,17.81,17.8,17.78,17.76,17.75,17.74,17.86,17.87,17.88,17.89,17.9,17.91,17.97,17.98,17.99,18.0,5500,3500,10500,1200,2800,4300,600,1400,4200,2700,1200,4200,5100,5100,2800,1500,800,8400,6000,9000
79.0,17.85,115500,2062616.0,17.85,17.84,17.83,17.82,17.81,17.8,17.78,17.76,17.75,17.74,17.86,17.87,17.88,17.89,17.9,17.91,17.97,17.98,17.99,18.0,5500,4100,10500,1200,2800,4300,600,1400,4200,2700,1200,4200,5100,5100,2800,1500,800,8400,6000,9000
80.0,17.86,116800,2085834.0,17.86,17.85,17.84,17.83,17.82,17.81,17.8,17.78,17.76,17.75,17.87,17.88,17.89,17.9,17.91,17.97,17.98,17.99,18.0,18.02,300,5500,4100,10500,1200,2800,4300,600,1400,4200,4200,5100,5100,2800,1500,800,8400,6000,9000,2000
81.0,17.87,121100,2162675.0,17.87,17.86,17.85,17.84,17.83,17.82,17.81,17.8,17.78,17.76,17.88,17.89,17.9,17.91,17.97,17.98,17.99,18.0,18.02,18.03,200,2100,5500,4100,10500,1200,2800,4300,600,1400,5100,5100,2800,1500,800,8400,6000,9000,2000,500
82.0,17.87,121100,2162675.0,17.87,17.86,17.85,17.84,17.83,17.82,17.81,17.8,17.78,17.76,17.88,17.89,17.9,17.91,17.97,17.98,17.99,18.0,18.02,18.03,400,2900,5500,4100,10400,1200,2800,4300,600,1400,5100,5100,2800,1500,800,8400,6000,9000,2000,500
83.0,17.88,122000,2178767.0,17.87,17.86,17.85,17.84,17.83,17.82,17.81,17.8,17.78,17.76,17.88,17.89,17.9,17.91,17.97,17.98,17.99,18.0,18.02,18.03,600,2800,5500,6000,10400,1200,2800,4300,600,1400,4200,5100,2800,1500,800,8400,6000,9000,2000,500
84.0,17.89,128900,2302166.0,17.88,17.87,17.86,17.85,17.84,17.83,17.82,17.81,17.8,17.78,17.89,17.9,17.91,17.97,17.98,17.99,18.0,18.02,18.03,18.04,800,600,2800,5700,6500,10400,1200,2800,4300,600,2400,2800,1500,800,8400,6000,9000,2000,500,5700
85.0,17.89,128900,2302166.0,17.88,17.87,17.86,17.85,17.84,17.83,17.82,17.81,17.8,17.78,17.89,17.9,17.91,17.97,17.98,17.99,18.0,18.02,18.03,18.04,800,600,2800,5700,6500,10400,1200,2800,4300,600,2400,2800,1500,800,8400,6000,9000,2000,500,5700
86.0,17.89,132100,2359416.0,17.89,17.88,17.87,17.86,17.85,17.84,17.83,17.82,17.81,17.8,17.9,17.91,17.95,17.97,17.98,17.99,18.0,18.02,18.03,18.04,1100,1000,500,2300,5700,6100,10400,1200,2800,4300,2600,1500,100,800,8400,6000,9000,2000,500,5700
87.0,17.9,132900,2373736.0,17.89,17.88,17.87,17.86,17.85,17.84,17.83,17.82,17.81,17.8,17.9,17.91,17.95,17.97,17.98,17.99,18.0,18.02,18.03,18.04,2000,1000,1100,2300,5700,6100,10400,1200,2800,6300,1800,1500,100,800,8400,6000,9000,2000,500,5900
88.0,17.89,134900,2409517.0,17.89,17.88,17.87,17.86,17.85,17.84,17.83,17.82,17.81,17.8,17.9,17.91,17.95,17.97,17.98,17.99,18.0,18.02,18.03,18.04,100,1700,1100,2300,5700,6100,10400,1200,2800,7300,1700,1500,100,800,8400,6000,9000,2000,500,5900
89.0,17.9,137500,2456028.0,17.88,17.87,17.86,17.85,17.84,17.83,17.82,17.81,17.8,17.78,17.9,17.91,17.95,17.97,17.98,17.99,18.0,18.02,18.03,18.04,1500,1100,2300,5400,6100,10400,1200,2800,7300,600,600,1500,100,800,8400,6000,9000,2000,500,5900
90.0,17.85,147700,2638257.0,17.85,17.84,17.83,17.82,17.81,17.8,17.78,17.76,17.75,17.74,17.91,17.95,17.97,17.98,17.99,18.0,18.02,18.03,18.04,18.05,2500,5300,10400,1200,2200,7300,600,1400,4200,2700,1500,100,800,8400,6000,9000,2000,500,5900,16800
91.0,17.9,148200,2647197.0,17.85,17.84,17.83,17.82,17.81,17.8,17.78,17.76,17.75,17.74,17.91,17.95,17.97,17.98,17.99,18.0,18.02,18.03,18.04,18.05,2300,5800,10400,1200,2200,7300,600,1400,4200,2700,1500,100,800,8400,6000,9000,2000,500,5900,16800
92.0,17.91,149200,2665107.0,17.85,17.84,17.83,17.82,17.81,17.8,17.78,17.76,17.75,17.74,17.91,17.95,17.97,17.98,17.99,18.0,18.02,18.03,18.04,18.05,5700,6400,9400,1200,2200,7300,600,1400,4200,2700,500,100,800,8400,6000,9000,2000,500,5900,16800
93.0,17.91,149700,2674062.0,17.92,17.85,17.84,17.83,17.82,17.81,17.8,17.78,17.76,17.75,17.95,17.97,17.98,17.99,18.0,18.02,18.03,18.04,18.05,18.07,500,5700,6400,9400,1200,2200,7300,600,1400,4200,100,800,8400,6000,9000,2000,500,5900,16800,400
94.0,17.84,157000,2804415.0,17.84,17.83,17.82,17.81,17.8,17.78,17.76,17.75,17.74,17.73,17.89,17.95,17.97,17.98,17.99,18.0,18.02,18.03,18.04,18.05,5700,9400,1200,2200,7300,600,1400,4200,2700,4700,2300,100,800,8400,6000,9000,2000,500,5900,16800
95.0,17.89,157400,2811571.0,17.85,17.84,17.83,17.82,17.81,17.8,17.78,17.76,17.75,17.74,17.89,17.95,17.97,17.98,17.99,18.0,18.02,18.03,18.04,18.05,2400,5300,9400,1200,2200,7300,600,1400,4200,2700,1900,100,800,8400,6000,9000,2000,500,5900,16800
96.0,17.89,158400,2829461.0,17.85,17.84,17.83,17.82,17.81,17.8,17.78,17.76,17.75,17.74,17.89,17.95,17.97,17.98,17.99,18.0,18.02,18.03,18.04,18.05,2400,5300,9400,1200,2200,7300,600,1400,4200,2700,900,100,800,8400,6000,9000,2000,500,5900,16800
97.0,17.89,159500,2849132.0,17.9,17.85,17.84,17.83,17.82,17.81,17.8,17.78,17.76,17.75,17.95,17.97,17.98,17.99,18.0,18.02,18.03,18.04,18.05,18.07,400,2200,5800,9400,1200,2200,7300,600,1400,4200,100,800,8400,6000,9000,2000,500,5900,16800,400
98.0,17.89,159500,2849132.0,17.92,17.9,17.85,17.84,17.83,17.82,17.81,17.8,17.78,17.76,17.95,17.97,17.98,17.99,18.0,18.02,18.03,18.04,18.05,18.07,300,400,2200,5800,9400,1200,2200,7300,600,1400,1300,800,8400,6000,9000,2000,500,5900,16800,400
99.0,17.85,163400,2918878.0,17.85,17.84,17.83,17.82,17.81,17.8,17.78,17.76,17.75,17.74,17.89,17.95,17.97,17.98,17.99,18.0,18.02,18.03,18.04,18.05,8300,5800,9400,1200,2200,7300,600,1400,4200,2700,2800,1300,800,8400,6000,9000,2000,500,5900,16800
100.0,17.89,163800,2926034.0,17.85,17.84,17.83,17.82,17.81,17.8,17.78,17.76,17.75,17.74,17.89,17.95,17.97,17.98,17.99,18.0,18.02,18.03,18.04,18.05,8300,5800,9400,1200,2200,7300,600,1400,4200,2700,2400,1300,800,8400,6000,8100,2000,500,5900,16800
101.0,17.89,166700,2977895.0,17.88,17.87,17.86,17.85,17.84,17.83,17.82,17.81,17.8,17.78,17.89,17.95,17.97,17.98,17.99,18.0,18.02,18.03,18.04,18.05,800,900,600,7800,6000,9400,1200,2200,7300,600,1500,1300,800,8400,6000,8100,2000,500,5900,16800
102.0,17.91,168600,3011894.0,17.88,17.86,17.85,17.84,17.83,17.82,17.81,17.8,17.78,17.76,17.93,17.95,17.97,17.98,17.99,18.0,18.02,18.03,18.04,18.05,800,600,7800,6000,9400,1200,2200,7300,600,1400,300,1300,800,8400,6000,8100,2000,500,5900,16800
103.0,17.91,168600,3011894.0,17.89,17.88,17.86,17.85,17.84,17.83,17.82,17.81,17.8,17.78,17.93,17.94,17.95,17.97,17.98,17.99,18.0,18.02,18.03,18.04,400,1900,600,7800,6000,9400,1200,2200,7300,600,1900,800,1300,800,8400,6000,8100,2000,500,5900
104.0,17.91,168600,3011894.0,17.89,17.88,17.86,17.85,17.84,17.83,17.82,17.81,17.8,17.78,17.93,17.95,17.97,17.98,17.99,18.0,18.02,18.03,18.04,18.05,900,1900,600,8600,5600,9400,1200,2200,7300,600,2200,1300,800,8400,6000,8100,2000,500,5900,16800
105.0,17.93,168900,3017273.0,17.89,17.88,17.86,17.85,17.84,17.83,17.82,17.81,17.8,17.78,17.93,17.95,17.97,17.98,17.99,18.0,18.02,18.03,18.04,18.05,900,1900,600,8600,5600,9400,1200,2200,7300,600,1900,1300,800,8400,6000,8100,2000,500,5900,16800
106.0,17.93,168900,3017273.0,17.89,17.88,17.86,17.85,17.84,17.83,17.82,17.81,17.8,17.78,17.93,17.94,17.95,17.97,17.98,17.99,18.0,18.02,18.03,18.04,900,1900,600,9100,7000,9400,1200,2200,7300,600,1900,300,1300,900,8400,6000,8100,2000,500,5900
107.0,17.89,170200,3040546.0,17.88,17.86,17.85,17.84,17.83,17.82,17.81,17.8,17.78,17.76,17.89,17.93,17.94,17.95,17.97,17.98,17.99,18.0,18.02,18.03,2100,600,9400,7000,9400,1200,2200,7300,600,1400,1100,1900,300,1300,900,8400,6000,8100,2000,500
108.0,17.89,171300,3060225.0,17.88,17.86,17.85,17.84,17.83,17.82,17.81,17.8,17.78,17.76,17.89,17.93,17.95,17.97,17.98,17.99,18.0,18.02,18.03,18.04,2100,600,9400,7000,9400,1200,2200,7300,600,1400,2700,1900,1800,900,8400,6000,8100,2000,500,5900
109.0,17.89,171300,3060225.0,17.89,17.88,17.86,17.85,17.84,17.83,17.82,17.81,17.8,17.78,17.92,17.93,17.95,17.97,17.98,17.99,18.0,18.02,18.03,18.04,2800,2100,600,9400,7000,9400,1200,2200,7300,600,1000,1900,1800,900,8400,6000,8100,2000,500,5900
110.0,17.92,171700,3067393.0,17.89,17.88,17.87,17.86,17.85,17.84,17.83,17.82,17.81,17.8,17.92,17.93,17.95,17.97,17.98,17.99,18.0,18.02,18.03,18.04,2800,2100,300,600,9400,7000,9400,1200,2200,9300,600,1900,1800,900,8400,6000,8100,2000,500,5900
111.0,17.92,172000,3072763.0,17.89,17.88,17.87,17.86,17.85,17.84,17.83,17.82,17.81,17.8,17.93,17.95,17.97,17.98,17.99,18.0,18.02,18.03,18.04,18.05,2600,2100,300,600,9400,7000,9400,1200,2200,9300,1900,1800,900,8400,6000,8100,2000,500,5900,16600
112.0,17.92,172000,3072763.0,17.89,17.88,17.87,17.86,17.85,17.84,17.83,17.82,17.81,17.8,17.93,17.94,17.95,17.97,17.98,17.99,18.0,18.02,18.03,18.04,3100,2100,300,600,9400,7000,9400,1200,2200,8600,2400,1000,1800,2800,8400,6000,8100,2000,500,5900
113.0,17.92,172000,3072763.0,17.89,17.88,17.86,17.85,17.84,17.83,17.82,17.81,17.8,17.78,17.93,17.94,17.95,17.97,17.98,17.99,18.0,18.02,18.03,18.04,3400,4600,600,9400,7000,9600,1200,2200,8600,600,2400,1000,1800,2800,8400,6000,8100,2000,500,5900
114.0,17.93,172900,3088888.0,17.89,17.88,17.86,17.85,17.84,17.83,17.82,17.81,17.8,17.78,17.93,17.94,17.95,17.97,17.98,17.99,18.0,18.02,18.03,18.04,3100,4600,600,9400,6600,9600,1200,2200,8600,600,2200,1000,1800,2800,8400,6000,8100,2000,500,5900
115.0,17.88,178100,3181900.0,17.89,17.88,17.86,17.85,17.84,17.83,17.82,17.81,17.8,17.78,17.92,17.93,17.94,17.95,17.97,17.98,17.99,18.0,18.02,18.03,1000,3000,600,9400,6600,9600,1200,2200,8600,600,1200,2700,6400,1800,2800,8400,6000,8100,2000,500
116.0,17.92,178300,3185484.0,17.89,17.88,17.87,17.86,17.85,17.84,17.83,17.82,17.81,17.8,17.92,17.93,17.94,17.95,17.97,17.98,17.99,18.0,18.02,18.03,1000,3000,300,1200,7800,6600,9600,1200,2200,8600,1000,2800,6400,1800,2800,8400,6000,8100,2000,500
117.0,17.92,180000,3215950.0,17.89,17.88,17.87,17.86,17.85,17.84,17.83,17.82,17.81,17.8,17.93,17.94,17.95,17.97,17.98,17.99,18.0,18.02,18.03,18.04,900,3000,300,1200,7800,6600,9600,1200,2200,8600,2300,6400,1800,2800,8400,6000,8100,2000,500,5900
118.0,17.92,180000,3215950.0,17.89,17.88,17.87,17.86,17.85,17.84,17.83,17.82,17.81,17.8,17.93,17.94,17.95,17.97,17.98,17.99,18.0,18.02,18.03,18.04,1400,3000,300,1200,7800,6600,9600,1200,2200,8600,2800,6400,1800,3300,8400,6000,8100,2000,500,5900
119.0,17.92,180000,3215950.0,17.89,17.88,17.86,17.85,17.84,17.83,17.82,17.81,17.8,17.78,17.9,17.93,17.95,17.97,17.98,17.99,18.0,18.02,18.03,18.04,1400,3200,900,8800,6600,9600,1200,2200,8600,600,2000,2800,1800,3300,8400,6000,8100,2000,500,5900
120.0,17.85,194000,3466066.0,17.85,17.84,17.83,17.82,17.81,17.8,17.78,17.76,17.75,17.74,17.9,17.93,17.95,17.97,17.98,17.99,18.0,18.02,18.03,18.04,3500,6600,9600,1200,2200,8600,600,1400,4200,2700,1600,14100,1800,3300,8400,6000,8100,2000,500,5900
121.0,17.9,194400,3473226.0,17.86,17.85,17.84,17.83,17.82,17.81,17.8,17.78,17.76,17.75,17.9,17.93,17.95,17.97,17.98,17.99,18.0,18.02,18.03,18.04,1000,4200,6600,9600,1200,2200,8600,600,1400,4200,1800,14100,1800,3300,8400,6000,8100,2000,500,5900
122.0,17.9,195500,3492908.0,17.86,17.85,17.84,17.83,17.82,17.81,17.8,17.78,17.76,17.75,17.9,17.93,17.95,17.97,17.98,17.99,18.0,18.02,18.03,18.04,1100,4200,6600,10200,1200,2200,8600,600,1400,4200,900,14100,1800,3300,8400,6000,8100,2000,500,5900
123.0,17.89,196700,3514383.0,17.89,17.86,17.85,17.84,17.83,17.82,17.81,17.8,17.78,17.76,17.9,17.92,17.93,17.95,17.97,17.98,17.99,18.0,18.02,18.03,700,1400,4200,6600,10200,1200,2200,8600,600,1400,500,3800,14100,1800,3300,8400,6000,8100,2000,500
124.0,17.9,197000,3519753.0,17.89,17.86,17.85,17.84,17.83,17.82,17.81,17.8,17.78,17.76,17.9,17.91,17.93,17.95,17.97,17.98,17.99,18.0,18.02,18.03,800,1400,4200,6600,10000,1200,2200,8600,600,1400,500,400,14100,1800,3300,8400,6000,8100,2000,500
125.0,17.9,197000,3519753.0,17.89,17.86,17.85,17.84,17.83,17.82,17.81,17.8,17.78,17.76,17.9,17.91,17.93,17.95,17.97,17.98,17.99,18.0,18.02,18.03,800,1400,4200,6600,10000,1200,2200,8600,600,1400,500,400,14100,1800,3300,8400,6000,8100,2000,500
126.0,17.9,197100,3521543.0,17.89,17.86,17.85,17.84,17.83,17.82,17.81,17.8,17.78,17.76,17.9,17.91,17.93,17.95,17.97,17.98,17.99,18.0,18.02,18.03,800,1400,7700,6600,10000,4500,2200,8600,600,1400,400,400,14100,1300,3300,8400,6000,8100,2000,500
127.0,17.9,197300,3525123.0,17.89,17.86,17.85,17.84,17.83,17.82,17.81,17.8,17.78,17.76,17.9,17.91,17.93,17.95,17.97,17.98,17.99,18.0,18.02,18.03,800,1400,8300,6600,10000,4500,2200,8600,600,1400,3700,400,14100,1300,3300,8400,6000,8100,2000,500
128.0,17.9,197300,3525123.0,17.89,17.86,17.85,17.84,17.83,17.82,17.81,17.8,17.78,17.76,17.9,17.91,17.93,17.95,17.97,17.98,17.99,18.0,18.02,18.03,800,1400,8300,6600,10000,4500,2200,8600,600,1400,3700,400,14100,1300,3300,8400,6000,8100,2000,500
129.0,17.9,197300,3525123.0,17.89,17.86,17.85,17.84,17.83,17.82,17.81,17.8,17.78,17.76,17.9,17.91,17.93,17.95,17.97,17.98,17.99,18.0,18.02,18.03,800,1400,8300,6600,10000,4500,2200,8600,600,1400,7400,400,14100,1300,3300,8400,6000,8100,2000,500
130.0,17.9,197300,3525123.0,17.89,17.88,17.86,17.85,17.84,17.83,17.82,17.81,17.8,17.78,17.9,17.91,17.93,17.95,17.97,17.98,17.99,18.0,18.02,18.03,800,500,1400,8300,6600,10000,4500,2200,8600,600,7400,1400,14100,1300,3300,8400,6000,8100,2000,500
131.0,17.9,197300,3525123.0,17.89,17.88,17.86,17.85,17.84,17.83,17.82,17.81,17.8,17.78,17.9,17.91,17.93,17.95,17.97,17.98,17.99,18.0,18.02,18.03,800,500,1400,8200,5600,10000,4500,2200,8600,600,7400,1400,14100,1300,3300,8400,6000,8100,2000,500
132.0,17.9,198700,3550183.0,17.89,17.88,17.86,17.85,17.84,17.83,17.82,17.81,17.8,17.78,17.9,17.91,17.93,17.95,17.97,17.98,17.99,18.0,18.02,18.03,800,500,1400,8200,5600,10000,4500,2200,8600,600,6000,1400,14100,1200,3300,8400,6000,8100,2000,500
133.0,17.9,198700,3550183.0,17.89,17.88,17.86,17.85,17.84,17.83,17.82,17.81,17.8,17.78,17.9,17.91,17.93,17.95,17.97,17.98,17.99,18.0,18.02,18.03,1900,500,1400,8200,5600,10000,4500,2200,8600,600,6000,1400,14100,1200,3300,8400,6000,8100,2000,500
134.0,17.89,199000,3555550.0,17.89,17.88,17.86,17.85,17.84,17.83,17.82,17.81,17.8,17.78,17.9,17.91,17.93,17.95,17.97,17.98,17.99,18.0,18.02,18.03,1600,500,1400,8200,5600,10000,4500,2200,8600,600,3700,1400,14100,1200,2800,8400,6000,8100,2000,500
135.0,17.9,199100,3557340.0,17.89,17.88,17.86,17.85,17.84,17.83,17.82,17.81,17.8,17.78,17.9,17.91,17.93,17.95,17.97,17.98,17.99,18.0,18.02,18.03,1600,500,1400,8900,5600,10000,4500,2200,8600,600,8300,1400,14300,1200,2800,8400,6000,8100,2000,500
136.0,17.9,199400,3562710.0,17.89,17.88,17.86,17.85,17.84,17.83,17.82,17.81,17.8,17.78,17.9,17.91,17.93,17.95,17.97,17.98,17.99,18.0,18.02,18.03,1600,600,1400,8900,5600,9400,4500,2200,8600,600,8500,1400,14300,1200,2800,8400,6000,8100,2000,500
137.0,17.9,199800,3569868.0,17.89,17.88,17.86,17.85,17.84,17.83,17.82,17.81,17.8,17.78,17.9,17.91,17.93,17.95,17.97,17.98,17.99,18.0,18.02,18.03,1400,600,1400,8900,5600,9400,4500,2200,8600,100,8300,1400,14300,1500,2800,8400,6000,8100,2000,500
138.0,17.9,204400,3652208.0,17.89,17.88,17.86,17.85,17.84,17.83,17.82,17.81,17.8,17.78,17.9,17.91,17.93,17.95,17.97,17.98,17.99,18.0,18.02,18.03,1300,600,4400,8900,5600,9900,4500,2200,8600,100,3700,1400,14300,1500,2800,8400,6000,8100,3100,500
139.0,17.9,204400,3652208.0,17.89,17.88,17.86,17.85,17.84,17.83,17.82,17.81,17.8,17.78,17.9,17.91,17.93,17.95,17.97,17.98,17.99,18.0,18.02,18.03,1300,600,4400,8900,5600,9900,1200,2200,8600,100,500,1400,14300,1500,2800,8400,6000,8100,3100,500
140.0,17.89,205900,3679043.0,17.88,17.87,17.86,17.85,17.84,17.83,17.82,17.81,17.8,17.78,17.89,17.9,17.91,17.93,17.95,17.97,17.98,17.99,18.0,18.02,600,800,4400,8900,5600,9900,1200,2200,8600,100,900,2500,1400,14300,1500,2800,8400,6000,8100,3100
141.0,17.91,209700,3747058.0,17.9,17.89,17.88,17.87,17.86,17.85,17.84,17.83,17.82,17.81,17.91,17.93,17.95,17.97,17.98,17.99,18.0,18.02,18.03,18.04,16000,100,600,800,4100,8900,5600,9900,1200,2200,1000,14300,1500,2800,8500,6000,8300,3100,500,5900
142.0,17.91,209700,3747058.0,17.9,17.89,17.88,17.87,17.86,17.85,17.84,17.83,17.82,17.81,17.91,17.93,17.95,17.97,17.98,17.99,18.0,18.02,18.03,18.04,16000,100,600,800,4100,8900,5600,9900,1200,2200,1000,14300,1500,2800,8500,6000,8300,3100,500,5900
143.0,17.91,210500,3761386.0,17.9,17.89,17.88,17.87,17.86,17.85,17.84,17.83,17.82,17.81,17.91,17.93,17.95,17.97,17.98,17.99,18.0,18.02,18.03,18.04,16400,100,600,800,4100,8900,5600,9600,1200,2200,600,14500,1500,2800,8500,6000,8300,3100,500,5900
144.0,17.91,211800,3784659.0,17.9,17.89,17.88,17.87,17.86,17.85,17.84,17.83,17.82,17.81,17.91,17.93,17.95,17.97,17.98,17.99,18.0,18.02,18.03,18.04,15400,100,600,800,4100,8900,5600,9600,1200,2200,5300,14500,1500,2800,8500,6000,8300,3100,500,5900
145.0,17.9,212900,3804349.0,17.9,17.89,17.88,17.86,17.85,17.84,17.83,17.82,17.81,17.8,17.91,17.93,17.95,17.97,17.98,17.99,18.0,18.02,18.03,18.04,14300,100,600,4100,8900,5600,9600,1200,2200,8600,5400,14500,1500,2800,8500,6000,8300,3100,500,5900
146.0,17.9,212900,3804349.0,17.9,17.89,17.88,17.86,17.85,17.84,17.83,17.82,17.81,17.8,17.91,17.92,17.93,17.95,17.97,17.98,17.99,18.0,18.02,18.03,14800,100,600,4100,8900,5600,9600,1200,2200,8600,5700,800,14500,2100,2800,8500,6000,8300,3100,500
147.0,17.9,213400,3813299.0,17.9,17.89,17.88,17.86,17.85,17.84,17.83,17.82,17.81,17.8,17.91,17.92,17.93,17.95,17.97,17.98,17.99,18.0,18.02,18.03,14600,100,500,4100,8900,5600,9600,1200,2200,8600,5700,800,14500,2100,2800,8500,6000,8300,3100,500
148.0,17.9,214200,3827624.0,17.9,17.89,17.88,17.86,17.85,17.84,17.83,17.82,17.81,17.8,17.91,17.92,17.93,17.95,17.97,17.98,17.99,18.0,18.02,18.03,14300,100,500,4100,8900,5600,9600,1200,2200,8600,5200,1300,14500,2100,2800,8500,6000,8300,3100,500
149.0,17.9,214400,3831204.0,17.9,17.89,17.88,17.86,17.85,17.84,17.83,17.82,17.81,17.8,17.91,17.92,17.93,17.95,17.97,17.98,17.99,18.0,18.02,18.03,14300,200,500,4100,8900,5600,9600,1200,2200,8600,800,1300,14500,2100,2800,8500,6000,8300,3100,500
150.0,17.9,229000,4092544.0,17.89,17.88,17.86,17.85,17.84,17.83,17.82,17.81,17.8,17.78,17.9,17.91,17.92,17.93,17.95,17.97,17.98,17.99,18.0,18.02,900,500,4100,8900,5600,9600,1200,2200,8600,100,5300,800,1300,14500,2100,2800,8500,6000,8300,3100
151.0,17.9,229900,4108654.0,17.89,17.88,17.86,17.85,17.84,17.83,17.82,17.81,17.8,17.78,17.9,17.91,17.92,17.93,17.95,17.97,17.98,17.99,18.0,18.02,900,500,4100,8900,5600,9600,1200,2200,8600,100,4400,800,1300,14500,2100,2800,8500,6000,8300,3100
152.0,17.9,229900,4108654.0,17.89,17.88,17.86,17.85,17.84,17.83,17.82,17.81,17.8,17.78,17.9,17.91,17.92,17.93,17.95,17.97,17.98,17.99,18.0,18.02,1400,900,4100,8900,5600,9600,1200,2200,8600,100,4400,1800,1300,14500,2100,2800,8500,6000,8300,3100
153.0,17.9,232600,4156970.0,17.88,17.86,17.85,17.84,17.83,17.82,17.81,17.8,17.78,17.76,17.9,17.91,17.92,17.93,17.95,17.97,17.98,17.99,18.0,18.02,900,4100,8900,5600,9600,1200,2200,8600,100,1600,3100,1800,1300,14500,2200,2800,8500,6000,8300,3100
154.0,17.86,239700,4283820.0,17.85,17.84,17.83,17.82,17.81,17.8,17.78,17.76,17.75,17.74,17.86,17.9,17.91,17.92,17.93,17.95,17.97,17.98,17.99,18.0,8900,5600,9600,1200,2200,8600,100,1600,3200,2700,2400,2600,1800,1400,14500,2200,2800,8500,6000,8300
155.0,17.86,242100,4326684.0,17.86,17.85,17.84,17.83,17.82,17.81,17.8,17.78,17.76,17.75,17.9,17.91,17.92,17.93,17.95,17.97,17.98,17.99,18.0,18.02,300,8900,5600,9600,1200,2200,8600,100,1600,3200,2900,1800,1400,14500,2200,2800,8500,6000,8300,3100
156.0,17.9,242200,4328474.0,17.86,17.85,17.84,17.83,17.82,17.81,17.8,17.78,17.76,17.75,17.9,17.91,17.92,17.93,17.95,17.97,17.98,17.99,18.0,18.02,900,9200,5600,9600,1200,2200,8600,100,1600,3200,3400,2300,1400,14500,2200,2800,8500,6000,8300,3100
157.0,17.9,244300,4366060.0,17.86,17.85,17.84,17.83,17.82,17.81,17.8,17.78,17.76,17.75,17.9,17.91,17.92,17.93,17.95,17.97,17.98,17.99,18.0,18.02,2200,9200,5600,9600,1200,2200,8600,100,1600,3200,1400,2500,1400,14500,2200,2800,8500,6000,8300,3100
158.0,17.9,244700,4373220.0,17.87,17.86,17.85,17.84,17.83,17.82,17.81,17.8,17.78,17.76,17.89,17.9,17.91,17.92,17.93,17.95,17.97,17.98,17.99,18.0,700,2400,9600,5600,9400,1200,2200,8600,100,1600,200,4700,3100,1400,14500,2200,2800,8500,6000,8300
159.0,17.9,245600,4389322.0,17.86,17.85,17.84,17.83,17.82,17.81,17.8,17.78,17.76,17.75,17.9,17.91,17.92,17.93,17.95,17.97,17.98,17.99,18.0,18.02,2300,9600,5600,9400,1200,2200,8600,100,1600,3200,7400,3100,1400,14500,2200,2800,8500,6000,8300,3100
160.0,17.9,245800,4392902.0,17.88,17.87,17.86,17.85,17.84,17.83,17.82,17.81,17.8,17.78,17.9,17.91,17.92,17.93,17.95,17.97,17.98,17.99,18.0,18.02,100,3100,2300,9600,5600,9400,1200,2200,8600,100,9600,3100,1400,14500,2200,2800,8500,6000,8300,2000
161.0,17.9,245800,4392902.0,17.88,17.87,17.86,17.85,17.84,17.83,17.82,17.81,17.8,17.78,17.9,17.91,17.92,17.93,17.95,17.97,17.98,17.99,18.0,18.02,100,200,2300,9200,5600,9400,1200,2200,8600,100,9600,3100,1400,14500,2200,2800,8500,6000,8300,2000
162.0,17.9,246000,4396482.0,17.88,17.87,17.86,17.85,17.84,17.83,17.82,17.81,17.8,17.78,17.9,17.91,17.92,17.93,17.95,17.97,17.98,17.99,18.0,18.02,100,200,2300,9200,5600,9400,1200,2200,8600,100,9400,5600,1400,14500,2200,2800,8500,6000,8300,2000
163.0,17.9,246000,4396482.0,17.88,17.87,17.86,17.85,17.84,17.83,17.82,17.81,17.8,17.78,17.9,17.91,17.92,17.93,17.95,17.97,17.98,17.99,18.0,18.02,100,200,2300,9200,5600,9400,1200,2200,8600,100,9400,5600,1400,14500,2200,2800,8500,6000,8300,2000
164.0,17.9,246000,4396482.0,17.88,17.87,17.86,17.85,17.84,17.83,17.82,17.81,17.8,17.78,17.89,17.9,17.91,17.92,17.93,17.95,17.97,17.98,17.99,18.0,100,200,2300,9200,5600,9400,1200,2200,8600,100,500,9400,5600,1400,14500,2200,2800,8500,6000,8300
165.0,17.9,247000,4414377.0,17.88,17.87,17.86,17.85,17.84,17.83,17.82,17.81,17.8,17.78,17.9,17.91,17.92,17.93,17.95,17.97,17.98,17.99,18.0,18.02,100,200,2300,9200,5600,9400,1200,2200,8600,100,10900,5100,900,14500,2200,2800,8500,6000,8300,2000
166.0,17.9,247000,4414377.0,17.88,17.87,17.86,17.85,17.84,17.83,17.82,17.81,17.8,17.78,17.9,17.91,17.92,17.93,17.95,17.97,17.98,17.99,18.0,18.02,100,200,2300,10400,5600,9400,1200,2200,8600,100,10900,5100,900,14500,2200,2800,8500,6000,8300,2000
167.0,17.9,247000,4414377.0,17.88,17.87,17.86,17.85,17.84,17.83,17.82,17.81,17.8,17.78,17.9,17.91,17.92,17.93,17.95,17.97,17.98,17.99,18.0,18.02,100,200,2300,10400,5600,9400,1200,2200,8600,100,10900,5100,900,14500,2200,2700,8500,6000,8300,2000
168.0,17.9,248400,4439437.0,17.88,17.87,17.86,17.85,17.84,17.83,17.82,17.81,17.8,17.78,17.9,17.91,17.92,17.93,17.95,17.97,17.98,17.99,18.0,18.02,100,200,2300,10400,5600,9400,1200,2200,8600,100,9500,5100,900,14500,2200,2700,8500,6000,8300,2000
169.0,17.9,248400,4439437.0,17.88,17.87,17.86,17.85,17.84,17.83,17.82,17.81,17.8,17.78,17.9,17.91,17.92,17.93,17.95,17.97,17.98,17.99,18.0,18.02,100,200,2300,10400,5600,9400,1200,2200,8600,100,2300,5100,1000,14500,2200,2700,8500,6000,8300,2000
170.0,17.86,255000,4557317.0,17.85,17.84,17.83,17.82,17.81,17.8,17.78,17.76,17.75,17.74,17.86,17.9,17.91,17.92,17.93,17.95,17.97,17.98,17.99,18.0,10400,5600,9400,1200,2200,8600,100,1600,3200,2700,900,2300,6100,1000,14500,2200,2700,8500,6000,8300
171.0,17.86,255600,4568028.0,17.85,17.84,17.83,17.82,17.81,17.8,17.78,17.76,17.75,17.74,17.86,17.9,17.91,17.92,17.93,17.95,17.97,17.98,17.99,18.0,9900,5600,9400,1200,2200,8600,100,1600,3200,2700,800,2300,6100,1000,14500,2200,2700,8500,6000,8300
172.0,17.86,256300,4580525.0,17.85,17.84,17.83,17.82,17.81,17.8,17.78,17.76,17.75,17.74,17.86,17.9,17.91,17.92,17.93,17.95,17.97,17.98,17.99,18.0,9400,5600,9400,1200,2200,8600,100,1600,3200,2700,600,2300,6100,1000,14500,2200,2700,8500,6000,8300
173.0,17.86,256900,4591241.0,17.85,17.84,17.83,17.82,17.81,17.8,17.78,17.76,17.75,17.74,17.9,17.91,17.92,17.93,17.95,17.97,17.98,17.99,18.0,18.02,9400,5600,9400,1200,2200,8600,100,1600,3200,2700,2300,6100,1000,14500,2200,2700,8500,6000,8300,2000
174.0,17.89,257900,4609125.0,17.85,17.84,17.83,17.82,17.81,17.8,17.78,17.76,17.75,17.74,17.88,17.89,17.9,17.91,17.92,17.93,17.95,17.97,17.98,17.99,9900,3700,9400,1200,2200,8600,100,1600,3200,2700,3000,3300,4000,6100,1000,14500,2200,2700,8500,6000
175.0,17.85,265400,4743000.0,17.85,17.84,17.83,17.82,17.81,17.8,17.78,17.76,17.75,17.74,17.88,17.89,17.9,17.91,17.92,17.93,17.95,17.97,17.98,17.99,2500,3700,9400,1200,2200,8600,100,1600,3200,2700,3000,3300,4000,6100,1000,14500,2200,2700,8500,6000
176.0,17.88,266200,4757304.0,17.85,17.84,17.83,17.82,17.81,17.8,17.78,17.76,17.75,17.74,17.89,17.9,17.91,17.92,17.93,17.95,17.97,17.98,17.99,18.0,2500,3700,9400,1200,2200,8600,100,1600,3200,2700,3300,4000,6100,21000,14500,2200,2700,8500,6000,8300
177.0,17.89,266900,4769827.0,17.85,17.84,17.83,17.82,17.81,17.8,17.78,17.76,17.75,17.74,17.88,17.89,17.9,17.91,17.92,17.93,17.95,17.97,17.98,17.99,2500,3700,9400,1200,2200,8600,100,1600,3200,2700,800,2600,5800,6100,21000,14500,2200,2700,8500,6000
178.0,17.89,266900,4769827.0,17.85,17.84,17.83,17.82,17.81,17.8,17.78,17.76,17.75,17.74,17.88,17.89,17.9,17.91,17.92,17.93,17.95,17.97,17.98,17.99,3600,3700,9400,1200,2200,8600,100,1600,3200,2700,800,2600,5800,5800,21000,14500,2200,2700,8500,6000
179.0,17.88,267500,4780546.0,17.85,17.84,17.83,17.82,17.81,17.8,17.78,17.76,17.75,17.74,17.89,17.9,17.91,17.92,17.93,17.95,17.97,17.98,17.99,18.0,3300,3700,9400,1200,2200,9600,100,1600,3200,2700,2600,5400,5800,21000,14500,2200,2700,8500,6000,8300
180.0,17.84,273100,4880497.0,17.84,17.83,17.82,17.81,17.8,17.78,17.76,17.75,17.74,17.73,17.88,17.89,17.9,17.91,17.92,17.93,17.95,17.97,17.98,17.99,2000,9400,1200,2200,9600,100,1600,3200,2700,3600,1200,3200,5400,5800,21000,14500,2200,2700,8500,6000
181.0,17.84,273100,4880497.0,17.84,17.83,17.82,17.81,17.8,17.78,17.76,17.75,17.74,17.73,17.88,17.89,17.9,17.91,17.92,17.93,17.95,17.97,17.98,17.99,2000,9400,1200,2200,9600,100,1600,3200,2700,3600,1200,3200,5400,5800,21000,14500,2200,2700,8500,6000
182.0,17.88,359700,6428832.0,17.88,17.84,17.83,17.82,17.81,17.8,17.78,17.76,17.75,17.74,17.89,17.9,17.91,17.92,17.93,17.95,17.97,17.98,17.99,18.0,85900,1800,9600,1200,2200,9600,100,1600,3200,2700,3200,5400,5800,20900,14500,2200,2700,8500,6000,8300
183.0,17.88,361900,6468180.0,17.88,17.84,17.83,17.82,17.81,17.8,17.78,17.76,17.75,17.74,17.89,17.9,17.91,17.92,17.93,17.95,17.97,17.98,17.99,18.0,85000,1800,9600,1200,2200,9600,100,1600,3200,2700,2000,5400,4800,24900,14500,2200,2700,8500,6000,8300
184.0,17.88,362000,6469968.0,17.88,17.85,17.84,17.83,17.82,17.81,17.8,17.78,17.76,17.75,17.89,17.9,17.91,17.92,17.93,17.95,17.97,17.98,17.99,18.0,84900,100,1800,9700,1200,2200,9600,100,1600,3200,2000,5400,4800,24900,14500,2200,2700,8500,6000,8300
185.0,17.88,365600,6534338.0,17.88,17.85,17.84,17.83,17.82,17.81,17.8,17.78,17.76,17.75,17.89,17.9,17.91,17.92,17.93,17.95,17.97,17.98,17.99,18.0,81500,100,1800,9700,1200,2200,9600,100,1600,3200,2000,5400,4800,24900,14500,2200,2700,8500,6000,8300
186.0,17.9,373600,6677500.0,17.88,17.85,17.84,17.83,17.82,17.81,17.8,17.78,17.76,17.75,17.9,17.91,17.92,17.93,17.95,17.97,17.98,17.99,18.0,18.02,80600,100,1800,9700,1200,2200,9600,100,1600,3200,300,4800,24900,14500,2200,2700,8500,6000,8300,2000
187.0,17.89,374300,6690018.0,17.88,17.85,17.84,17.83,17.82,17.81,17.8,17.78,17.76,17.75,17.89,17.9,17.91,17.92,17.93,17.95,17.97,17.98,17.99,18.0,82900,100,1800,9700,1200,1700,7600,100,1600,3200,2300,13700,5600,24900,14500,2200,2700,8500,6000,8300
188.0,17.88,380800,6806243.0,17.88,17.87,17.85,17.84,17.83,17.82,17.81,17.8,17.78,17.76,17.89,17.9,17.91,17.92,17.93,17.95,17.97,17.98,17.99,18.0,77400,200,100,1800,9700,1200,1700,7600,100,1600,1800,13700,5600,24900,14500,2200,2700,8500,6000,8300
189.0,17.89,381900,6825917.0,17.88,17.87,17.85,17.84,17.83,17.82,17.81,17.8,17.78,17.76,17.89,17.9,17.91,17.92,17.93,17.95,17.97,17.98,17.99,18.0,76900,200,100,1800,9700,1200,1700,7600,100,1600,1400,13700,5600,24900,14500,2200,1500,8500,6000,8300
190.0,17.88,393100,7026200.0,17.88,17.87,17.85,17.84,17.83,17.82,17.81,17.8,17.78,17.76,17.9,17.91,17.92,17.93,17.95,17.97,17.98,17.99,18.0,18.02,68400,200,100,1800,9500,1200,1700,7600,100,1600,13700,5600,24900,14500,2200,1500,8500,4800,8300,2000
191.0,17.88,401600,7178180.0,17.89,17.88,17.87,17.85,17.84,17.83,17.82,17.81,17.8,17.78,17.9,17.91,17.92,17.93,17.95,17.97,17.98,17.99,18.0,18.02,600,59900,200,100,1800,9500,1200,1700,7600,100,13700,5600,24900,14500,2200,1500,8500,4800,8300,2000
192.0,17.9,402600,7196076.0,17.89,17.88,17.87,17.85,17.84,17.83,17.82,17.81,17.8,17.78,17.9,17.91,17.92,17.93,17.95,17.97,17.98,17.99,18.0,18.02,1200,59900,200,100,1800,9500,1200,1700,7600,100,14100,9600,24900,14500,2200,1500,8500,4800,8300,2000
193.0,17.89,402700,7197865.0,17.89,17.88,17.87,17.85,17.84,17.83,17.82,17.81,17.8,17.78,17.9,17.91,17.92,17.93,17.95,17.97,17.98,17.99,18.0,18.02,1100,59900,200,100,1800,9500,1200,1700,14600,100,14100,10100,24900,14500,2200,1500,8500,4800,8300,2000
194.0,17.9,403400,7210395.0,17.89,17.88,17.87,17.85,17.84,17.83,17.82,17.81,17.8,17.78,17.9,17.91,17.92,17.93,17.95,17.97,17.98,17.99,18.0,18.02,1100,59900,200,100,1800,9500,1200,2200,14600,100,1000,10100,24900,14500,2200,1500,8500,4800,8300,2000
195.0,17.88,408000,7292655.0,17.88,17.87,17.85,17.84,17.83,17.82,17.81,17.8,17.78,17.76,17.89,17.9,17.91,17.92,17.93,17.95,17.97,17.98,17.99,18.0,56500,200,100,1800,9500,1200,2200,14600,100,1600,2000,1000,10100,24900,14500,2200,1500,8500,4800,8300
196.0,17.88,408000,7292655.0,17.88,17.87,17.85,17.84,17.83,17.82,17.81,17.8,17.78,17.76,17.89,17.9,17.91,17.92,17.93,17.95,17.97,17.98,17.99,18.0,56500,200,100,1800,9500,1200,2200,14600,100,1600,2000,1000,10100,24900,14500,2200,1500,8500,4800,8300
197.0,17.9,410700,7340955.0,17.89,17.88,17.87,17.85,17.84,17.83,17.82,17.81,17.8,17.78,17.9,17.91,17.92,17.93,17.95,17.97,17.98,17.99,18.0,18.02,6100,56400,200,100,1800,9500,1200,2200,14600,100,800,10100,24900,14500,2200,1500,8500,4800,8300,2000
198.0,17.9,411100,7348115.0,17.89,17.88,17.87,17.85,17.84,17.83,17.82,17.81,17.8,17.78,17.9,17.91,17.92,17.93,17.95,17.97,17.98,17.99,18.0,18.02,6100,56400,200,100,1800,9500,1200,2200,14600,100,400,10100,24900,14500,2200,1500,8500,4800,8300,2000
199.0,17.91,412100,7366021.0,17.9,17.89,17.88,17.87,17.85,17.84,17.83,17.82,17.81,17.8,17.91,17.92,17.93,17.95,17.97,17.98,17.99,18.0,18.02,18.03,100,6100,56400,200,100,1800,9500,1200,2200,14600,9500,24900,14500,2200,1500,8500,4800,8300,2000,500
200.0,17.91,412100,7366021.0,17.9,17.89,17.88,17.87,17.85,17.84,17.83,17.82,17.81,17.8,17.91,17.92,17.93,17.95,17.97,17.98,17.99,18.0,18.02,18.03,100,6500,56000,200,100,2800,9500,1200,2200,14600,9500,24900,14500,2200,1500,8500,4800,8300,2000,500
201.0,17.89,418700,7484097.0,17.9,17.89,17.88,17.87,17.85,17.84,17.83,17.82,17.81,17.8,17.91,17.92,17.93,17.95,17.97,17.98,17.99,18.0,18.02,18.03,200,100,56000,200,100,2800,9500,1200,2200,14600,9500,24900,14500,2200,1500,8500,4800,8300,2000,500
202.0,17.91,420200,7510962.0,17.9,17.89,17.88,17.87,17.85,17.84,17.83,17.82,17.81,17.8,17.91,17.92,17.93,17.95,17.97,17.98,17.99,18.0,18.02,18.03,200,100,56000,200,700,2800,9500,1200,2200,14600,8000,24900,14500,2200,1500,8500,4800,8300,2000,500
203.0,17.91,420200,7510962.0,17.9,17.89,17.88,17.87,17.85,17.84,17.83,17.82,17.81,17.8,17.91,17.92,17.93,17.95,17.97,17.98,17.99,18.0,18.02,18.03,200,100,56000,200,700,2800,9500,1200,2200,14600,8000,24900,14500,2200,1500,8500,4800,8300,2000,500
204.0,17.91,420400,7514544.0,17.9,17.89,17.88,17.85,17.84,17.83,17.82,17.81,17.8,17.78,17.91,17.92,17.93,17.95,17.97,17.98,17.99,18.0,18.02,18.03,900,100,56000,700,2800,9500,1200,2200,14600,100,7800,24900,14500,2200,1500,8500,4800,8300,2000,500
205.0,17.88,425400,7603963.0,17.88,17.85,17.84,17.83,17.82,17.81,17.8,17.78,17.76,17.75,17.9,17.91,17.92,17.93,17.95,17.97,17.98,17.99,18.0,18.02,52000,1000,2800,9500,1200,2200,14600,100,1600,3200,11800,7800,24900,14500,2200,1500,8500,4800,8300,2000
206.0,17.88,425400,7603963.0,17.89,17.88,17.85,17.84,17.83,17.82,17.81,17.8,17.78,17.76,17.91,17.92,17.93,17.95,17.96,17.97,17.98,17.99,18.0,18.02,1500,52500,1000,2800,9500,1200,2200,14600,100,1600,8300,24900,14500,2200,1200,1500,8500,4800,8300,2000
207.0,17.89,425500,7605752.0,17.89,17.88,17.85,17.84,17.83,17.82,17.81,17.8,17.78,17.76,17.9,17.91,17.92,17.93,17.95,17.96,17.97,17.98,17.99,18.0,1400,52500,1000,2800,9500,1200,2200,14600,2100,1600,1300,8300,24900,14500,2200,1200,1500,8500,4800,8300
208.0,17.89,425500,7605752.0,17.89,17.88,17.85,17.84,17.83,17.82,17.81,17.8,17.78,17.76,17.9,17.91,17.92,17.93,17.95,17.96,17.97,17.98,17.99,18.0,1400,52500,1000,4000,9500,1200,2200,14600,2100,1600,1600,8300,24900,14500,2200,1200,1500,8500,4800,8300
209.0,17.9,427000,7632602.0,17.89,17.88,17.86,17.85,17.84,17.83,17.82,17.81,17.8,17.78,17.9,17.91,17.92,17.93,17.95,17.96,17.97,17.98,17.99,18.0,1400,52500,900,1000,4000,9500,1200,2200,14600,2100,100,8300,24900,14500,2200,1200,1500,8500,4800,8300
210.0,17.88,429300,7673740.0,17.88,17.86,17.85,17.84,17.83,17.82,17.81,17.8,17.78,17.76,17.9,17.91,17.92,17.93,17.95,17.96,17.97,17.98,17.99,18.0,51600,900,1000,4000,9500,400,2200,14600,2100,1600,300,10600,24900,14500,2200,1200,1500,8500,4800,8300
211.0,17.9,429900,7684470.0,17.88,17.86,17.85,17.84,17.83,17.82,17.81,17.8,17.78,17.76,17.9,17.91,17.92,17.93,17.95,17.96,17.97,17.98,17.99,18.0,51300,900,1000,4000,9500,400,2200,14600,2100,1600,200,10700,24900,14500,2200,1200,1500,8500,4800,8300
212.0,17.9,429900,7684470.0,17.88,17.85,17.84,17.83,17.82,17.81,17.8,17.78,17.76,17.75,17.9,17.91,17.92,17.93,17.95,17.96,17.97,17.98,17.99,18.0,51300,1800,4000,9500,400,2200,14600,2100,1600,3200,200,11200,34900,14500,2200,1200,1500,8500,4800,8300
213.0,17.9,429900,7684470.0,17.88,17.85,17.84,17.83,17.82,17.81,17.8,17.78,17.76,17.75,17.9,17.91,17.92,17.93,17.95,17.96,17.97,17.98,17.99,18.0,51300,1800,4000,9500,400,2200,14600,2100,1600,3200,200,11200,34900,14500,2200,1200,1500,8500,4800,8300
214.0,17.9,430700,7698780.0,17.88,17.85,17.84,17.83,17.82,17.81,17.8,17.78,17.76,17.75,17.9,17.91,17.92,17.93,17.95,17.96,17.97,17.98,17.99,18.0,50800,1800,4000,9500,400,2200,14600,2100,1600,3200,1700,11200,34900,14500,2200,1200,1500,8500,4800,8300
215.0,17.9,430700,7698780.0,17.89,17.88,17.86,17.85,17.84,17.83,17.82,17.81,17.8,17.78,17.9,17.91,17.92,17.93,17.95,17.96,17.97,17.98,17.99,18.0,1800,50800,56400,1800,4000,9500,400,2200,14600,2100,5900,11200,34900,14500,2200,1200,1500,8500,4800,8300
216.0,17.89,431000,7704147.0,17.89,17.88,17.86,17.85,17.84,17.83,17.82,17.81,17.8,17.78,17.9,17.91,17.92,17.93,17.95,17.96,17.97,17.98,17.99,18.0,1500,50800,56400,1800,4000,9400,400,2200,14600,2100,6900,11200,34900,14500,2200,1200,1500,8500,4800,8300
217.0,17.89,433100,7741735.0,17.89,17.88,17.86,17.85,17.84,17.83,17.82,17.81,17.8,17.78,17.9,17.91,17.92,17.93,17.95,17.96,17.97,17.98,17.99,18.0,1300,48000,56400,1800,4000,9400,400,2200,14600,2100,5000,11200,34900,14500,2200,1200,1500,8500,4800,8300
218.0,17.9,436800,7807965.0,17.89,17.88,17.86,17.85,17.84,17.83,17.82,17.81,17.8,17.78,17.9,17.91,17.92,17.93,17.95,17.96,17.97,17.98,17.99,18.0,1400,47500,56400,1800,4000,9400,400,2200,14600,2100,1300,11200,34900,14500,2200,1200,1500,7500,4800,8300
219.0,17.9,437000,7811545.0,17.89,17.88,17.86,17.85,17.84,17.83,17.82,17.81,17.8,17.78,17.9,17.91,17.92,17.93,17.95,17.96,17.97,17.98,17.99,18.0,1700,47500,56400,1800,4000,9400,400,2200,14600,2100,1000,8900,34900,14500,2200,1200,1500,7500,4800,8300
220.0,17.89,439800,7861637.0,17.88,17.86,17.85,17.84,17.83,17.82,17.81,17.8,17.78,17.76,17.89,17.9,17.91,17.92,17.93,17.95,17.96,17.97,17.98,17.99,47600,56400,1800,4000,9400,400,2200,14600,2100,1600,500,7500,8900,34900,3200,2200,1200,1500,7500,4800
221.0,17.89,440700,7877733.0,17.88,17.86,17.85,17.84,17.83,17.82,17.81,17.8,17.78,17.76,17.89,17.9,17.91,17.92,17.93,17.95,17.96,17.97,17.98,17.99,47000,56400,1800,4000,9400,400,2200,14600,2100,1600,100,7500,8900,34900,3200,2200,1200,1500,7500,4800
222.0,17.89,440800,7879522.0,17.88,17.86,17.85,17.84,17.83,17.82,17.81,17.8,17.78,17.76,17.9,17.91,17.92,17.93,17.95,17.96,17.97,17.98,17.99,18.0,47000,56400,1800,4000,9400,400,2200,14600,2100,1600,8700,8900,34900,3200,2200,1200,1500,7500,4800,8300
223.0,17.9,441300,7888472.0,17.88,17.86,17.85,17.84,17.83,17.82,17.81,17.8,17.78,17.76,17.9,17.91,17.92,17.93,17.95,17.96,17.97,17.98,17.99,18.0,47000,56400,1800,4000,9400,400,2200,14600,2100,1600,8200,8900,34900,3200,2200,1200,1500,7500,4800,8300
224.0,17.9,443300,7924262.0,17.88,17.86,17.85,17.84,17.83,17.82,17.81,17.8,17.78,17.76,17.9,17.91,17.92,17.93,17.95,17.96,17.97,17.98,17.99,18.0,46500,56400,1800,4000,9400,400,2200,14600,2100,1600,7700,9900,34900,3200,2200,1200,1500,7500,4800,8300
225.0,17.88,443800,7933202.0,17.89,17.88,17.86,17.85,17.84,17.83,17.82,17.81,17.8,17.78,17.9,17.91,17.92,17.93,17.95,17.96,17.97,17.98,17.99,18.0,1000,46000,56400,1800,4000,9400,400,2200,14600,2100,11300,9900,34900,3200,2200,1200,1500,7500,4800,8300
226.0,17.88,443800,7933202.0,17.89,17.88,17.86,17.85,17.84,17.83,17.82,17.81,17.8,17.78,17.9,17.91,17.92,17.93,17.95,17.96,17.97,17.98,17.99,18.0,1000,46000,56400,1800,4000,9400,400,2200,14700,2100,11300,9900,34900,3200,2200,1200,1500,7500,4800,8300
227.0,17.89,444000,7936780.0,17.89,17.88,17.86,17.85,17.84,17.83,17.82,17.81,17.8,17.78,17.9,17.91,17.92,17.93,17.95,17.96,17.97,17.98,17.99,18.0,800,46000,56400,1800,4000,9400,400,2200,14700,2100,11300,9900,34900,3200,2200,1200,1500,7500,4800,8500
228.0,17.89,444100,7938569.0,17.89,17.88,17.86,17.85,17.84,17.83,17.82,17.81,17.8,17.78,17.9,17.91,17.92,17.93,17.95,17.96,17.97,17.98,17.99,18.0,2700,46000,56400,1800,4000,9400,400,2200,14700,2100,11300,9900,34900,3200,2200,1200,1500,7500,4800,8500
229.0,17.89,444100,7938569.0,17.89,17.88,17.86,17.85,17.84,17.83,17.82,17.81,17.8,17.78,17.9,17.91,17.92,17.93,17.95,17.96,17.97,17.98,17.99,18.0,2700,46000,56400,1800,4000,9400,400,2200,14700,2100,4800,9900,34900,3200,2200,1200,1500,7500,4800,8500
230.0,17.89,448100,8010132.0,17.89,17.88,17.86,17.85,17.84,17.83,17.82,17.81,17.8,17.78,17.9,17.91,17.92,17.93,17.95,17.96,17.97,17.98,17.99,18.0,500,46000,56400,1800,4000,9400,400,2200,14700,2100,7200,9900,34900,3200,2200,1200,1500,7500,4800,8500
231.0,17.9,449800,8040561.0,17.89,17.88,17.86,17.85,17.84,17.83,17.82,17.81,17.8,17.78,17.9,17.91,17.92,17.93,17.95,17.96,17.97,17.98,17.99,18.0,400,46000,56400,1800,4000,9400,400,2200,14700,2100,5600,9900,34900,3200,2200,1200,1500,7500,4800,8500
232.0,17.89,450200,8047717.0,17.88,17.86,17.85,17.84,17.83,17.82,17.81,17.8,17.78,17.76,17.89,17.9,17.91,17.92,17.93,17.95,17.96,17.97,17.98,17.99,46000,56400,1800,4000,9400,400,2200,14700,2100,1600,15400,5600,9400,34900,3200,2200,1200,1500,7500,4800
233.0,17.89,451800,8076336.0,17.88,17.86,17.85,17.84,17.83,17.82,17.81,17.8,17.78,17.76,17.89,17.9,17.91,17.92,17.93,17.95,17.96,17.97,17.98,17.99,45500,56400,1800,4000,9400,400,2200,14700,2100,1600,14300,6100,9400,34900,3200,2200,1200,1500,7500,4800
234.0,17.89,451800,8076336.0,17.88,17.86,17.85,17.84,17.83,17.82,17.81,17.8,17.78,17.76,17.89,17.9,17.91,17.92,17.93,17.95,17.96,17.97,17.98,17.99,45500,56400,1800,4000,9400,400,2200,14700,2100,1600,14800,6100,7400,34900,3200,2200,1200,1500,7500,4800
235.0,17.89,451800,8076336.0,17.88,17.86,17.85,17.84,17.83,17.82,17.81,17.8,17.78,17.76,17.89,17.9,17.91,17.92,17.93,17.95,17.96,17.97,17.98,17.99,45500,56400,1800,4000,9400,400,2200,14700,2100,1600,18800,6100,7400,34900,3200,2200,1200,1500,7500,4800
236.0,17.89,451900,8078125.0,17.88,17.86,17.85,17.84,17.83,17.82,17.81,17.8,17.78,17.76,17.89,17.9,17.91,17.92,17.93,17.95,17.96,17.97,17.98,17.99,45500,56400,1800,4000,9400,400,2200,14700,2100,1600,18700,6100,7700,34900,3200,2200,1200,1500,7500,4800
237.0,17.88,452400,8087065.0,17.88,17.86,17.85,17.84,17.83,17.82,17.81,17.8,17.78,17.76,17.89,17.9,17.91,17.92,17.93,17.95,17.96,17.97,17.98,17.99,46500,56400,1800,2800,9400,400,2200,14700,2100,1600,18700,6100,7700,34900,3200,2200,1200,1500,7500,4800
238.0,17.88,452400,8087065.0,17.88,17.86,17.85,17.84,17.83,17.82,17.81,17.8,17.78,17.76,17.89,17.9,17.91,17.92,17.93,17.95,17.96,17.97,17.98,17.99,46500,56400,1800,2800,9400,400,2200,14700,2100,1600,18700,6100,7700,34900,3200,2200,1200,1500,7500,4800
239.0,17.88,453500,8106733.0,17.88,17.86,17.85,17.84,17.83,17.82,17.81,17.8,17.78,17.76,17.89,17.9,17.91,17.92,17.93,17.95,17.96,17.97,17.98,17.99,45500,56400,1800,2800,9400,400,2200,14700,2100,1600,18900,3400,7700,34900,3200,2200,1200,1500,7500,4800
240.0,17.88,454500,8124613.0,17.88,17.86,17.85,17.84,17.83,17.82,17.81,17.8,17.78,17.76,17.89,17.9,17.91,17.92,17.93,17.95,17.96,17.97,17.98,17.99,44400,56400,1800,2800,9400,400,2200,14700,2100,1600,21700,3400,7700,34900,3200,2200,1200,1500,7500,4800
241.0,17.88,454500,8124613.0,17.88,17.86,17.85,17.84,17.83,17.82,17.81,17.8,17.78,17.76,17.89,17.9,17.91,17.92,17.93,17.95,17.96,17.97,17.98,17.99,44400,56400,1800,2800,9400,400,2200,14700,2100,1600,21700,3400,7700,34900,3200,2200,1200,1500,7500,4800
242.0,17.88,454500,8124613.0,17.88,17.86,17.85,17.84,17.83,17.82,17.81,17.8,17.78,17.76,17.89,17.9,17.91,17.92,17.93,17.95,17.96,17.97,17.98,17.99,44400,56400,1800,2800,9400,400,2200,14700,2100,1600,21700,3400,7700,34900,3200,2200,1200,1500,7500,4800
243.0,17.88,455000,8133553.0,17.88,17.86,17.85,17.84,17.83,17.82,17.81,17.8,17.78,17.76,17.89,17.9,17.91,17.92,17.93,17.95,17.96,17.97,17.98,17.99,43900,56400,1800,2800,9400,400,2200,14700,2100,1600,21700,3400,7700,34900,3200,2200,1200,1500,7500,4800
244.0,17.88,455000,8133553.0,17.88,17.86,17.85,17.84,17.83,17.82,17.81,17.8,17.78,17.76,17.89,17.9,17.91,17.92,17.93,17.95,17.96,17.97,17.98,17.99,43900,56400,1800,2800,9400,400,2200,14700,2100,1600,21700,3400,7700,34900,3200,2200,1200,1500,7500,4800
245.0,17.89,455100,8135342.0,17.88,17.86,17.85,17.84,17.83,17.82,17.81,17.8,17.78,17.76,17.89,17.9,17.91,17.92,17.93,17.95,17.96,17.97,17.98,17.99,43900,56400,1800,2800,9400,400,2200,14700,2100,1600,21600,3400,7700,34900,3200,2200,1200,1500,7500,4800
246.0,17.88,481100,8600222.0,17.88,17.87,17.86,17.85,17.84,17.83,17.82,17.81,17.8,17.78,17.89,17.9,17.91,17.92,17.93,17.95,17.96,17.97,17.98,17.99,17900,1000,56400,1800,2800,9400,400,2200,14700,2100,21600,3400,7700,35000,3200,2200,1200,1500,7500,4800
247.0,17.88,495900,8864846.0,17.88,17.87,17.86,17.85,17.84,17.83,17.82,17.81,17.8,17.78,17.89,17.9,17.91,17.92,17.93,17.95,17.96,17.97,17.98,17.99,3100,1000,56400,1800,2800,9400,400,2200,14700,2100,21600,3400,7700,35000,3200,2200,1200,1500,7500,4800
248.0,17.88,499000,8920274.0,17.87,17.86,17.85,17.84,17.83,17.82,17.81,17.8,17.78,17.76,17.88,17.89,17.9,17.91,17.92,17.93,17.95,17.96,17.97,17.98,1000,56400,1800,2800,9400,400,2200,14700,2100,1600,2200,21600,3400,7700,34900,3200,2200,1200,1500,7500
249.0,17.88,499000,8920274.0,17.87,17.86,17.85,17.84,17.83,17.82,17.81,17.8,17.78,17.76,17.88,17.89,17.9,17.91,17.92,17.93,17.95,17.96,17.97,17.98,1000,56400,1800,2800,9400,400,2200,14700,2100,1600,5700,15100,3400,7700,34900,3200,2200,1200,1500,7500
250.0,17.86,505900,9043518.0,17.86,17.85,17.84,17.83,17.82,17.81,17.8,17.78,17.76,17.75,17.88,17.89,17.9,17.91,17.92,17.93,17.95,17.96,17.97,17.98,50500,1800,2800,9400,40400,2200,14700,2100,1600,3200,13800,15100,3400,7700,34900,3200,2200,1200,1500,7500
251.0,17.86,507000,9063164.0,17.86,17.85,17.84,17.83,17.82,17.81,17.8,17.78,17.76,17.75,17.88,17.89,17.9,17.91,17.92,17.93,17.95,17.96,17.97,17.98,49400,1800,2800,9400,40400,2200,14700,2100,1600,3200,13800,15100,3400,7700,34900,3200,2200,1200,1500,7500
252.0,17.88,507100,9064952.0,17.86,17.85,17.84,17.83,17.82,17.81,17.8,17.78,17.76,17.75,17.88,17.89,17.9,17.91,17.92,17.93,17.95,17.96,17.97,17.98,49400,1800,2800,9400,40400,2200,14700,2100,1600,3200,13700,15100,3400,7200,24900,3200,2200,1200,1500,7500
253.0,17.86,507600,9073882.0,17.86,17.85,17.84,17.83,17.82,17.81,17.8,17.78,17.76,17.75,17.88,17.89,17.9,17.91,17.92,17.93,17.95,17.96,17.97,17.98,48900,1800,2800,9400,40400,2200,14700,2100,1600,3200,13700,15100,2900,7200,24900,3200,2200,1200,1500,7500
254.0,17.86,507600,9073882.0,17.86,17.85,17.84,17.83,17.82,17.81,17.8,17.78,17.76,17.75,17.88,17.89,17.9,17.91,17.92,17.93,17.95,17.96,17.97,17.98,48900,1800,2800,9400,40400,2200,14700,2100,1600,3200,5600,16100,2900,7200,24900,3200,2200,1200,1500,7500
255.0,17.86,523400,9356082.0,17.86,17.85,17.84,17.83,17.82,17.81,17.8,17.78,17.76,17.75,17.88,17.89,17.9,17.91,17.92,17.93,17.95,17.96,17.97,17.98,33700,1800,2800,9400,40400,2200,14700,2100,1600,3200,5500,16100,2900,7200,24900,3200,2200,1200,1500,7500
256.0,17.86,523900,9365012.0,17.86,17.85,17.84,17.83,17.82,17.81,17.8,17.78,17.76,17.75,17.88,17.89,17.9,17.91,17.92,17.93,17.95,17.96,17.97,17.98,33300,1800,2800,9400,40400,2200,14700,2100,1600,3200,5500,16100,2900,7200,24900,3200,2200,1200,1500,7500
257.0,17.86,523900,9365012.0,17.87,17.86,17.85,17.84,17.83,17.82,17.81,17.8,17.78,17.76,17.88,17.89,17.9,17.91,17.92,17.93,17.95,17.96,17.97,17.98,200,33300,1800,2800,9400,40400,2200,14700,2100,1600,5500,16100,2900,7200,24900,3200,2200,1200,1500,7500
258.0,17.86,523900,9365012.0,17.87,17.86,17.85,17.84,17.83,17.82,17.81,17.8,17.78,17.76,17.88,17.89,17.9,17.91,17.92,17.93,17.95,17.96,17.97,17.98,200,33300,1800,2800,9400,40400,2200,14700,2100,1600,6000,16100,2900,7300,24900,3200,2200,1200,1500,7500
259.0,17.86,523900,9365012.0,17.87,17.86,17.85,17.84,17.83,17.82,17.81,17.8,17.78,17.76,17.88,17.89,17.9,17.91,17.92,17.93,17.95,17.96,17.97,17.98,200,33300,2000,2800,9400,40400,2200,14700,2100,1600,6000,16100,2400,7300,24900,3200,2400,1200,1500,7500
260.0,17.86,530100,9475746.0,17.86,17.85,17.84,17.83,17.82,17.81,17.8,17.78,17.76,17.75,17.88,17.89,17.9,17.91,17.92,17.93,17.95,17.96,17.97,17.98,27300,2000,2800,9400,40400,2200,14700,2100,1600,3200,6700,16100,2400,7300,24900,3200,2400,1200,1500,7500
261.0,17.86,530100,9475746.0,17.86,17.85,17.84,17.83,17.82,17.81,17.8,17.78,17.76,17.75,17.88,17.89,17.9,17.91,17.92,17.93,17.95,17.96,17.97,17.98,27300,2000,2800,9400,40400,2200,7700,2100,1600,3200,6700,16100,2400,7300,24900,3200,2400,1200,1500,7500
262.0,17.86,530600,9484676.0,17.87,17.86,17.85,17.84,17.83,17.82,17.81,17.8,17.78,17.76,17.88,17.89,17.9,17.91,17.92,17.93,17.95,17.96,17.97,17.98,2700,26800,2000,2800,9400,40400,2200,7700,2100,1600,16700,16100,2400,7300,24900,3200,2400,1200,1500,7500
263.0,17.87,531300,9497185.0,17.87,17.86,17.85,17.84,17.83,17.82,17.81,17.8,17.78,17.76,17.88,17.89,17.9,17.91,17.92,17.93,17.95,17.96,17.97,17.98,2000,26800,2000,2800,9400,40400,2200,7700,2100,1600,16700,16100,2400,7300,24900,3200,2400,1200,1500,7500
264.0,17.87,533100,9529351.0,17.87,17.86,17.85,17.84,17.83,17.82,17.81,17.8,17.78,17.76,17.88,17.89,17.9,17.91,17.92,17.93,17.95,17.96,17.97,17.98,1400,26800,2000,2800,9400,40400,2200,7700,2100,1600,16700,16100,2400,7300,24900,3200,2400,1200,1500,7500
265.0,17.86,536100,9582945.0,17.86,17.85,17.84,17.83,17.82,17.81,17.8,17.78,17.76,17.75,17.88,17.89,17.9,17.91,17.92,17.93,17.95,17.96,17.97,17.98,25200,2000,2800,9400,40400,2200,7700,2100,1600,3200,19600,16100,2400,7300,24900,3200,2400,1200,1500,7500
266.0,17.86,536600,9591875.0,17.86,17.85,17.84,17.83,17.82,17.81,17.8,17.78,17.76,17.75,17.88,17.89,17.9,17.91,17.92,17.93,17.95,17.96,17.97,17.98,24700,2000,2800,9400,40400,2200,7700,2100,1600,3200,20600,16100,2400,7300,24900,3200,2400,1200,1500,7500
267.0,17.86,562100,10047321.0,17.85,17.84,17.83,17.82,17.81,17.8,17.78,17.76,17.75,17.74,17.86,17.88,17.89,17.9,17.91,17.92,17.93,17.95,17.96,17.97,2000,2800,9400,40400,2200,7700,2100,1600,3200,2700,25300,19800,16100,2400,7300,24900,3200,2400,1200,1500
268.0,17.86,562100,10047321.0,17.85,17.84,17.83,17.82,17.81,17.8,17.78,17.76,17.75,17.74,17.86,17.88,17.89,17.9,17.91,17.92,17.93,17.95,17.96,17.97,2000,2800,9400,40400,2200,7700,2100,1600,3200,2700,25300,20400,16100,2400,7300,24900,3200,2400,1200,1500
269.0,17.86,562800,10059819.0,17.85,17.84,17.83,17.82,17.81,17.8,17.78,17.76,17.75,17.74,17.86,17.88,17.89,17.9,17.91,17.92,17.93,17.95,17.96,17.97,2700,2800,9400,40400,2200,7700,2100,1600,3200,2700,25000,18000,16100,2400,7300,24900,3200,2400,1200,1500
270.0,17.83,577200,10316653.0,17.83,17.82,17.81,17.8,17.78,17.76,17.75,17.74,17.73,17.72,17.86,17.88,17.89,17.9,17.91,17.92,17.93,17.95,17.96,17.97,500,40400,2200,7700,2100,1600,3200,4300,3600,9600,25000,18000,16100,2400,7300,24900,3200,2400,1200,1500
271.0,17.83,577200,10316653.0,17.83,17.82,17.81,17.8,17.78,17.76,17.75,17.74,17.73,17.72,17.86,17.88,17.89,17.9,17.91,17.92,17.93,17.95,17.96,17.97,1600,40400,2200,7700,2100,1600,3200,4300,3600,9600,26200,18000,16100,2900,7300,24900,3200,2400,1200,1500
272.0,17.86,577500,10322011.0,17.84,17.83,17.82,17.81,17.8,17.78,17.76,17.75,17.74,17.73,17.85,17.86,17.88,17.89,17.9,17.91,17.92,17.93,17.95,17.96,200,2400,40400,2200,7700,2100,1600,3200,4300,3600,2800,26600,17500,16100,2900,7300,24900,3200,2400,1200
273.0,17.86,577500,10322011.0,17.84,17.83,17.82,17.81,17.8,17.78,17.76,17.75,17.74,17.73,17.85,17.86,17.88,17.89,17.9,17.91,17.92,17.93,17.95,17.96,200,2400,40400,2200,7700,2100,1600,3200,4300,3600,2800,26600,17500,16100,2900,10500,24900,3200,2400,1200
274.0,17.84,577700,10325579.0,17.83,17.82,17.81,17.8,17.78,17.76,17.75,17.74,17.73,17.72,17.84,17.85,17.86,17.88,17.89,17.9,17.91,17.92,17.93,17.95,2400,40400,2200,7700,2100,1600,3200,4300,3600,9600,11600,2800,26600,17500,16100,2900,10500,24900,3200,2400
275.0,17.84,577700,10325579.0,17.83,17.82,17.81,17.8,17.78,17.76,17.75,17.74,17.73,17.72,17.84,17.85,17.86,17.88,17.89,17.9,17.91,17.92,17.93,17.95,2400,40400,2200,7700,2100,1600,3200,4300,3600,9600,11600,2800,26600,17500,16100,2900,10500,24900,3200,2400
276.0,17.82,587300,10496675.0,17.82,17.81,17.8,17.78,17.76,17.75,17.74,17.73,17.72,17.71,17.83,17.84,17.85,17.86,17.88,17.89,17.9,17.91,17.92,17.93,33200,2200,7700,2100,1600,3200,4300,3600,9600,8100,200,11600,2800,26600,17500,16100,2900,10500,24900,3200
277.0,17.83,587900,10507368.0,17.82,17.81,17.8,17.78,17.76,17.75,17.74,17.73,17.72,17.71,17.83,17.84,17.85,17.86,17.88,17.89,17.9,17.91,17.92,17.93,32700,2200,7700,2100,1600,3200,4300,3600,9600,8100,200,11600,2800,26600,17500,16100,2900,10500,24900,3200
278.0,17.83,587900,10507368.0,17.82,17.81,17.8,17.78,17.76,17.75,17.74,17.73,17.72,17.71,17.83,17.85,17.86,17.88,17.89,17.9,17.91,17.92,17.93,17.95,32700,2200,7700,2100,1600,3200,4300,3600,9600,8100,200,2800,26600,17300,16100,2900,10500,24900,3200,2400
279.0,17.83,588000,10509151.0,17.82,17.81,17.8,17.78,17.76,17.75,17.74,17.73,17.72,17.71,17.83,17.85,17.86,17.88,17.89,17.9,17.91,17.92,17.93,17.95,33200,2200,7700,2100,1600,3200,4300,3600,9600,8100,100,2800,26600,17300,16100,2900,10500,24900,3200,2400
280.0,17.82,591800,10576867.0,17.82,17.81,17.8,17.78,17.76,17.75,17.74,17.73,17.72,17.71,17.83,17.85,17.86,17.88,17.89,17.9,17.91,17.92,17.93,17.95,29400,2200,7700,2100,1600,3200,4300,3600,9600,8100,100,2800,26500,17700,16100,2900,10500,24900,3200,2400
281.0,17.83,591900,10578650.0,17.82,17.81,17.8,17.78,17.76,17.75,17.74,17.73,17.72,17.71,17.85,17.86,17.88,17.89,17.9,17.91,17.92,17.93,17.95,17.96,30400,2200,7700,2100,1600,3200,4300,3600,9600,8100,2800,26500,17700,16100,2900,10500,24900,3200,2400,1200
282.0,17.83,591900,10578650.0,17.82,17.81,17.8,17.78,17.76,17.75,17.74,17.73,17.72,17.71,17.85,17.86,17.88,17.89,17.9,17.91,17.92,17.93,17.95,17.96,30400,2200,7700,2100,1600,3200,4300,3600,9600,8100,2800,26500,17700,16100,3100,10500,24900,3200,2400,1200
283.0,17.82,603600,10787144.0,17.82,17.81,17.8,17.78,17.76,17.75,17.74,17.73,17.72,17.71,17.85,17.86,17.88,17.89,17.9,17.91,17.92,17.93,17.95,17.96,19500,2200,7700,2100,1600,3200,4300,3600,9600,8100,3600,26500,17200,16100,3100,10500,24900,3200,2400,1200
284.0,17.82,614100,10974264.0,17.82,17.81,17.8,17.78,17.76,17.75,17.74,17.73,17.72,17.71,17.85,17.86,17.88,17.89,17.9,17.91,17.92,17.93,17.95,17.96,10000,2200,7700,2100,1600,3200,4300,3600,9600,8100,3700,26500,16600,16100,3100,10500,24900,3200,2400,1200
285.0,17.82,614100,10974264.0,17.82,17.81,17.8,17.78,17.76,17.75,17.74,17.73,17.72,17.71,17.85,17.86,17.88,17.89,17.9,17.91,17.92,17.93,17.95,17.96,10300,2200,7700,2100,1600,3200,4300,3600,9600,8100,6400,26500,16600,16100,3100,10500,24900,3200,2400,1200
286.0,17.82,615200,10993866.0,17.82,17.81,17.8,17.78,17.76,17.75,17.74,17.73,17.72,17.71,17.85,17.86,17.88,17.89,17.9,17.91,17.92,17.93,17.95,17.96,10100,2200,7700,2100,1600,3200,4300,3600,9600,8100,7300,26500,16600,16100,3100,10500,24900,3200,2400,1200
287.0,17.85,615700,11002791.0,17.82,17.81,17.8,17.78,17.76,17.75,17.74,17.73,17.72,17.71,17.85,17.86,17.88,17.89,17.9,17.91,17.92,17.93,17.95,17.96,10100,2200,7700,2100,1600,3200,4300,3600,9600,8100,6800,26500,16600,16100,3100,10500,24900,3200,2400,1200
288.0,17.85,616400,11015286.0,17.82,17.81,17.8,17.78,17.76,17.75,17.74,17.73,17.72,17.71,17.85,17.86,17.88,17.89,17.9,17.91,17.92,17.93,17.95,17.96,11000,2200,7700,2100,1600,3200,4300,3600,9600,8100,7000,26500,16600,16100,3100,10000,24900,3200,2400,1200
289.0,17.85,616400,11015286.0,17.82,17.81,17.8,17.78,17.76,17.75,17.74,17.73,17.72,17.71,17.85,17.86,17.88,17.89,17.9,17.91,17.92,17.93,17.95,17.96,11000,2200,7700,2100,1600,3200,4300,3600,9600,8100,5800,1800,16600,16100,3100,10000,24900,3200,2400,1200
290.0,17.82,621000,11097273.0,17.82,17.81,17.8,17.78,17.76,17.75,17.74,17.73,17.72,17.71,17.84,17.85,17.86,17.88,17.89,17.9,17.91,17.92,17.93,17.95,6900,2200,7700,2100,1600,3200,4300,3600,9600,8100,3600,5300,1800,16600,16100,3100,10000,24900,3200,2400
291.0,17.82,621000,11097273.0,17.82,17.81,17.8,17.78,17.76,17.75,17.74,17.73,17.72,17.71,17.84,17.85,17.86,17.88,17.89,17.9,17.91,17.92,17.93,17.95,6900,2200,7700,2100,1600,3200,4300,3600,9600,8100,3600,5300,1800,16600,15100,3100,10000,24900,3200,2400
292.0,17.82,621500,11106183.0,17.82,17.81,17.8,17.78,17.76,17.75,17.74,17.73,17.72,17.71,17.84,17.85,17.86,17.88,17.89,17.9,17.91,17.92,17.93,17.95,6600,2200,7700,2100,1600,3200,4300,3600,9600,8100,3600,5300,1800,16600,15100,3100,10000,24900,3200,2400
293.0,17.84,621800,11111535.0,17.82,17.81,17.8,17.78,17.76,17.75,17.74,17.73,17.72,17.71,17.84,17.85,17.86,17.88,17.89,17.9,17.91,17.92,17.93,17.95,6600,2200,7700,2100,1600,3200,4300,3600,9600,8100,3300,5200,1800,16600,15100,3100,10000,24900,3200,2400
294.0,17.84,621800,11111535.0,17.82,17.81,17.8,17.78,17.76,17.75,17.74,17.73,17.72,17.71,17.84,17.85,17.86,17.88,17.89,17.9,17.91,17.92,17.93,17.95,6600,2200,7700,2100,1600,3200,4100,3600,9600,8100,3300,4200,1800,16600,15100,3100,10000,24900,8200,2400
295.0,17.82,622200,11118665.0,17.82,17.81,17.8,17.78,17.76,17.75,17.74,17.73,17.72,17.71,17.84,17.85,17.86,17.88,17.89,17.9,17.91,17.92,17.93,17.95,6300,2200,7800,2100,1600,3200,4100,3600,9600,8100,3200,4200,1800,16600,15100,3100,10000,24900,8200,2400
296.0,17.82,622200,11118665.0,17.82,17.81,17.8,17.78,17.76,17.75,17.74,17.73,17.72,17.71,17.84,17.85,17.86,17.88,17.89,17.9,17.91,17.92,17.93,17.95,8300,2200,7800,2100,1600,3200,4100,3600,9600,8100,3200,4200,1800,16600,15100,3100,10000,24900,8200,2400
297.0,17.84,622500,11124017.0,17.82,17.81,17.8,17.78,17.76,17.75,17.74,17.73,17.72,17.71,17.84,17.85,17.86,17.88,17.89,17.9,17.91,17.92,17.93,17.95,8300,2200,7800,2100,1600,3200,4100,3600,9600,8100,2900,4200,1800,16600,15100,3100,10000,24900,8200,2400
298.0,17.82,623600,11143619.0,17.82,17.81,17.8,17.78,17.76,17.75,17.74,17.73,17.72,17.71,17.84,17.85,17.86,17.88,17.89,17.9,17.91,17.92,17.93,17.95,7200,2200,7800,2100,1600,3200,4100,3600,9600,8100,2900,4200,1800,16600,15100,3100,10000,24900,8200,2400
299.0,17.82,624100,11152529.0,17.83,17.82,17.81,17.8,17.78,17.76,17.75,17.74,17.73,17.72,17.84,17.85,17.86,17.88,17.89,17.9,17.91,17.92,17.93,17.95,1300,6700,2200,7800,2100,1600,3200,4100,3600,9600,2900,4200,1800,16600,15100,3100,10000,24900,8200,2400
300.0,17.83,625700,11181063.0,17.83,17.82,17.81,17.8,17.78,17.76,17.75,17.74,17.73,17.72,17.84,17.85,17.86,17.88,17.89,17.9,17.91,17.92,17.93,17.95,300,6700,2200,7800,2100,1600,3200,4100,3600,9600,2300,4200,1800,16600,15100,3100,10000,24900,8200,2400
301.0,17.84,626900,11202471.0,17.83,17.82,17.81,17.8,17.78,17.76,17.75,17.74,17.73,17.72,17.84,17.85,17.86,17.88,17.89,17.9,17.91,17.92,17.93,17.95,300,6900,2200,7800,2100,1600,3200,4100,3600,9600,1100,4200,1800,16600,15100,3100,10000,24900,8200,2400
302.0,17.84,627000,11204255.0,17.83,17.82,17.81,17.8,17.78,17.76,17.75,17.74,17.73,17.72,17.84,17.85,17.86,17.88,17.89,17.9,17.91,17.92,17.93,17.95,300,7100,2200,7800,2100,1600,3200,4100,3600,9600,1000,4200,1800,16600,15100,3100,10000,24900,8200,2400
303.0,17.84,627100,11206039.0,17.83,17.82,17.81,17.8,17.78,17.76,17.75,17.74,17.73,17.72,17.84,17.85,17.86,17.88,17.89,17.9,17.91,17.92,17.93,17.95,300,7100,2200,7800,2100,1600,3200,4100,3600,9600,900,4200,1800,16600,15100,3100,10000,24900,8200,2400
304.0,17.84,627100,11206039.0,17.83,17.82,17.81,17.8,17.78,17.76,17.75,17.74,17.73,17.72,17.84,17.85,17.86,17.88,17.89,17.9,17.91,17.92,17.93,17.95,300,7100,2200,7800,2100,1600,3200,4100,3600,9600,900,4200,1800,16600,15100,3100,10000,24900,8200,2400
305.0,17.83,627400,11211388.0,17.82,17.81,17.8,17.78,17.76,17.75,17.74,17.73,17.72,17.71,17.83,17.84,17.85,17.86,17.88,17.89,17.9,17.91,17.92,17.93,7100,2200,7800,2100,1600,3200,4100,3600,9600,8100,900,900,4200,1800,16600,15100,2400,9900,24900,8200
306.0,17.82,627600,11214952.0,17.82,17.81,17.8,17.78,17.76,17.75,17.74,17.73,17.72,17.71,17.83,17.84,17.85,17.86,17.88,17.89,17.9,17.91,17.92,17.93,6900,2200,7800,2100,1600,3200,4100,3600,9600,8100,1400,1500,4200,1800,16100,15100,2400,7900,24900,8200
307.0,17.82,628900,11238124.0,17.82,17.81,17.8,17.78,17.76,17.75,17.74,17.73,17.72,17.71,17.83,17.84,17.85,17.86,17.88,17.89,17.9,17.91,17.92,17.93,6200,2200,7800,2100,1600,3200,4100,3600,9600,8100,900,2000,4200,1800,16100,15100,2400,7900,24900,8200
308.0,17.83,629000,11239907.0,17.82,17.81,17.8,17.78,17.76,17.75,17.74,17.73,17.72,17.71,17.83,17.84,17.85,17.86,17.88,17.89,17.9,17.91,17.92,17.93,6200,2200,7800,2100,1600,3200,4100,3600,4100,8100,800,2000,4200,1800,16100,15100,2400,7900,24900,8200
309.0,17.83,630200,11261292.0,17.82,17.81,17.8,17.78,17.76,17.75,17.74,17.73,17.72,17.71,17.83,17.84,17.85,17.86,17.88,17.89,17.9,17.91,17.92,17.93,5100,2200,7800,2100,1600,3200,4100,3600,4100,8100,700,2500,4200,1800,16100,15100,2400,7900,24900,8200
310.0,17.82,630400,11264856.0,17.82,17.81,17.8,17.78,17.76,17.75,17.74,17.73,17.72,17.71,17.83,17.84,17.85,17.86,17.88,17.89,17.9,17.91,17.92,17.93,4900,2200,7800,2100,1600,3200,4100,3600,4100,8100,700,2500,4200,1800,16100,15100,2400,7900,24900,8200
311.0,17.82,630400,11264856.0,17.82,17.81,17.8,17.78,17.76,17.75,17.74,17.73,17.72,17.71,17.83,17.84,17.85,17.86,17.88,17.89,17.9,17.91,17.92,17.93,5000,2200,7800,2100,1600,3200,4100,3600,4100,8100,10700,2500,4200,1800,16100,15100,2400,7900,24900,8200
312.0,17.82,630400,11264856.0,17.82,17.81,17.8,17.78,17.76,17.75,17.74,17.73,17.72,17.71,17.83,17.84,17.85,17.86,17.88,17.89,17.9,17.91,17.92,17.93,5000,2200,7800,2100,1600,3200,4100,3600,4100,8100,10700,2500,4200,1800,16100,15100,2400,7900,24900,8200
313.0,17.83,631000,11275554.0,17.82,17.81,17.8,17.78,17.76,17.75,17.74,17.73,17.72,17.71,17.83,17.84,17.85,17.86,17.88,17.89,17.9,17.91,17.92,17.93,5500,2200,7800,2100,1600,3200,4100,3600,4100,8100,10100,2500,4200,1800,16100,15100,2400,7900,24900,8200
314.0,17.82,631500,11284464.0,17.82,17.81,17.8,17.78,17.76,17.75,17.74,17.73,17.72,17.71,17.83,17.84,17.85,17.86,17.88,17.89,17.9,17.91,17.92,17.93,5000,2200,7800,2100,1600,3200,4100,3600,4100,8100,10100,2500,4200,1800,16100,15100,2400,7900,24900,8200
315.0,17.82,631500,11284464.0,17.82,17.81,17.8,17.78,17.76,17.75,17.74,17.73,17.72,17.71,17.83,17.84,17.85,17.86,17.88,17.89,17.9,17.91,17.92,17.93,5000,2200,7800,2100,1600,3200,4100,3600,4100,8100,10100,2500,4200,1800,16600,15100,2400,7900,24900,8200
316.0,17.83,632000,11293379.0,17.82,17.81,17.8,17.78,17.76,17.75,17.74,17.73,17.72,17.71,17.83,17.84,17.85,17.86,17.88,17.89,17.9,17.91,17.92,17.93,5200,2200,7800,100,1600,3200,4100,3600,4100,8100,9600,2500,4200,1800,16600,15100,2400,7900,24900,8200
317.0,17.83,632000,11293379.0,17.82,17.81,17.8,17.78,17.76,17.75,17.74,17.73,17.72,17.71,17.83,17.84,17.85,17.86,17.88,17.89,17.9,17.91,17.92,17.93,5200,2200,7800,100,1600,3200,4100,3600,4100,8100,9800,2500,4200,1800,16600,3800,2400,7900,24900,10200
318.0,17.83,632000,11293379.0,17.82,17.81,17.8,17.78,17.76,17.75,17.74,17.73,17.72,17.71,17.83,17.84,17.85,17.86,17.88,17.89,17.9,17.91,17.92,17.93,5200,2200,7800,100,1600,3200,4100,3600,4100,8100,9800,2500,4200,1800,16600,3800,2400,7900,24900,10200
319.0,17.83,632000,11293379.0,17.82,17.81,17.8,17.78,17.76,17.75,17.74,17.73,17.72,17.71,17.83,17.84,17.85,17.86,17.88,17.89,17.9,17.91,17.92,17.93,5200,2200,7800,100,1600,3200,4100,3600,4100,8100,11800,2500,4200,1800,16600,3800,2400,7900,24900,10200
320.0,17.83,632800,11307643.0,17.82,17.81,17.8,17.78,17.76,17.75,17.74,17.73,17.72,17.71,17.83,17.84,17.85,17.86,17.88,17.89,17.9,17.91,17.92,17.93,5200,2200,7800,100,1600,3200,4100,3600,4100,8100,11000,2500,4200,1800,16600,3800,2400,7900,24900,10200
321.0,17.82,638400,11407435.0,17.81,17.8,17.78,17.76,17.75,17.74,17.73,17.72,17.71,17.7,17.82,17.83,17.84,17.85,17.86,17.88,17.89,17.9,17.91,17.92,3200,7800,100,1600,3200,4100,3600,4100,8100,15300,12100,11000,2000,4200,1800,16600,3800,2400,7900,4900
322.0,17.81,638700,11412778.0,17.81,17.8,17.78,17.76,17.75,17.74,17.73,17.72,17.71,17.7,17.82,17.83,17.84,17.85,17.86,17.88,17.89,17.9,17.91,17.92,2900,7800,100,1600,3200,4100,3600,4100,8100,15300,12100,12100,2000,4200,1800,16600,3800,2400,7900,4900
323.0,17.82,639200,11421688.0,17.81,17.8,17.78,17.76,17.75,17.74,17.73,17.72,17.71,17.7,17.82,17.83,17.84,17.85,17.86,17.88,17.89,17.9,17.91,17.92,2900,7800,100,1600,3200,4100,3600,4100,8100,15300,12200,10100,1500,4200,1800,16100,3800,2400,7900,4900
324.0,17.82,639200,11421688.0,17.81,17.8,17.78,17.76,17.75,17.74,17.73,17.72,17.71,17.7,17.82,17.83,17.84,17.85,17.86,17.88,17.89,17.9,17.91,17.92,3400,6800,100,1600,3200,4100,3600,4100,8100,15300,12300,10100,1400,4200,1800,16100,3800,2400,7900,4900
325.0,17.82,641300,11459110.0,17.81,17.8,17.78,17.76,17.75,17.74,17.73,17.72,17.71,17.7,17.82,17.83,17.84,17.85,17.86,17.88,17.89,17.9,17.91,17.92,3400,6800,100,1600,3200,4100,3600,4100,8100,15300,11400,10100,1400,4200,1800,16100,3800,2400,7900,4900
326.0,17.82,641800,11468020.0,17.81,17.8,17.78,17.76,17.75,17.74,17.73,17.72,17.71,17.7,17.82,17.83,17.84,17.85,17.86,17.88,17.89,17.9,17.91,17.92,3400,6900,100,1600,3200,4100,3600,4100,8100,15300,10900,10100,1400,4200,1800,16100,3800,2400,7900,4900
327.0,17.81,644000,11507202.0,17.81,17.8,17.78,17.76,17.75,17.74,17.73,17.72,17.71,17.7,17.82,17.83,17.84,17.85,17.86,17.88,17.89,17.9,17.91,17.92,1200,6900,100,1600,3200,4100,3600,4100,8100,15300,10900,10100,1400,4200,1800,16100,3800,2400,7900,4900
328.0,17.81,645100,11526793.0,17.81,17.8,17.78,17.76,17.75,17.74,17.73,17.72,17.71,17.7,17.82,17.83,17.84,17.85,17.86,17.88,17.89,17.9,17.91,17.92,100,6900,100,1600,3200,4100,3600,4100,8100,15300,10900,10100,1400,6600,1800,16100,3800,2400,7900,4900
329.0,17.81,645200,11528574.0,17.8,17.78,17.76,17.75,17.74,17.73,17.72,17.71,17.7,17.69,17.81,17.82,17.83,17.84,17.85,17.86,17.88,17.89,17.9,17.91,6900,100,1600,3200,4100,3600,4100,8100,15900,1400,3700,10900,10100,1400,6600,1800,16100,3800,2400,7900
330.0,17.81,645500,11533917.0,17.8,17.78,17.76,17.75,17.74,17.73,17.72,17.71,17.7,17.69,17.81,17.82,17.83,17.84,17.85,17.86,17.88,17.89,17.9,17.91,6900,100,1600,3200,4100,3600,4100,8100,17900,1400,3400,10900,10100,1400,6600,1800,16100,3800,2400,7900
331.0,17.81,645600,11535698.0,17.8,17.78,17.76,17.75,17.74,17.73,17.72,17.71,17.7,17.69,17.81,17.82,17.83,17.84,17.85,17.86,17.88,17.89,17.9,17.91,6900,1100,1800,3200,4100,3600,4100,8100,17900,1400,3400,10900,10100,1400,6600,1800,16100,3800,2400,7900
332.0,17.8,646700,11555278.0,17.8,17.78,17.76,17.75,17.74,17.73,17.72,17.71,17.7,17.69,17.81,17.82,17.83,17.84,17.85,17.86,17.88,17.89,17.9,17.91,5900,1100,1800,3200,4100,3600,4100,8100,17900,1400,4100,11400,10100,1400,6600,1800,6100,3800,2400,7900
333.0,17.81,647500,11569526.0,17.8,17.78,17.76,17.75,17.74,17.73,17.72,17.71,17.7,17.69,17.81,17.82,17.83,17.84,17.85,17.86,17.88,17.89,17.9,17.91,5900,1100,1800,3200,4100,4700,4100,8100,17900,1400,3400,10600,9000,1400,6600,1800,6100,3800,2400,7900
334.0,17.81,648400,11585555.0,17.8,17.78,17.76,17.75,17.74,17.73,17.72,17.71,17.7,17.69,17.81,17.82,17.83,17.84,17.85,17.86,17.88,17.89,17.9,17.91,5900,1100,1800,3200,4100,4700,4100,8100,17900,1400,4000,10600,9000,1400,6600,1800,6100,3800,2400,7900
335.0,17.81,648400,11585555.0,17.8,17.78,17.76,17.75,17.74,17.73,17.72,17.71,17.7,17.69,17.81,17.82,17.83,17.84,17.85,17.86,17.88,17.89,17.9,17.91,5900,1100,1800,3200,4100,4700,4100,8100,17900,1400,6000,10600,9000,1400,6600,1800,6100,3800,2400,7900
336.0,17.8,649500,11605140.0,17.8,17.78,17.76,17.75,17.74,17.73,17.72,17.71,17.7,17.69,17.81,17.82,17.83,17.84,17.85,17.86,17.88,17.89,17.9,17.91,5300,1600,1800,3200,4100,4700,4100,8100,20200,1400,5500,10600,9000,1400,6600,1800,6100,3800,2400,7900
337.0,17.8,650000,11614040.0,17.8,17.78,17.76,17.75,17.74,17.73,17.72,17.71,17.7,17.69,17.81,17.82,17.83,17.84,17.85,17.86,17.88,17.89,17.9,17.91,4800,1600,1800,3200,4100,4700,4100,8100,20200,1400,6000,10600,9000,900,6600,1800,6100,3800,2400,7900
338.0,17.8,654900,11701278.0,17.8,17.78,17.76,17.75,17.74,17.73,17.72,17.71,17.7,17.69,17.81,17.82,17.83,17.84,17.85,17.86,17.88,17.89,17.9,17.91,1700,1600,1800,3200,4100,4700,4100,8100,20200,1400,5000,10600,9000,900,6600,1800,6100,3800,2400,7900
339.0,17.8,654900,11701278.0,17.8,17.78,17.76,17.75,17.74,17.73,17.72,17.71,17.7,17.69,17.81,17.82,17.83,17.84,17.85,17.86,17.88,17.89,17.9,17.91,2300,1600,1800,3200,4100,4700,4100,8100,20200,1400,5000,10600,9000,900,6600,1800,6100,3800,2400,7900
340.0,17.81,655400,11710183.0,17.8,17.78,17.76,17.75,17.74,17.73,17.72,17.71,17.7,17.69,17.81,17.82,17.83,17.84,17.85,17.86,17.88,17.89,17.9,17.91,2300,1600,1800,3200,4100,4700,4100,8100,20200,1400,4500,10600,9000,900,6600,1800,6100,3800,2400,7900
341.0,17.81,656000,11720869.0,17.8,17.78,17.76,17.75,17.74,17.73,17.72,17.71,17.7,17.69,17.81,17.82,17.83,17.84,17.85,17.86,17.88,17.89,17.9,17.91,2300,1600,1800,3200,4100,4700,4100,8100,20200,1400,3900,10600,9000,900,6600,1800,6100,3800,2400,7900
342.0,17.81,657300,11744022.0,17.8,17.78,17.76,17.75,17.74,17.73,17.72,17.71,17.7,17.69,17.81,17.82,17.83,17.84,17.85,17.86,17.88,17.89,17.9,17.91,2300,1600,1800,3200,4100,4700,4100,8100,20200,1400,2600,10600,9000,900,6600,1800,6100,3800,2400,7900
343.0,17.81,657500,11747584.0,17.8,17.78,17.76,17.75,17.74,17.73,17.72,17.71,17.7,17.69,17.81,17.82,17.83,17.84,17.85,17.86,17.88,17.89,17.9,17.91,2300,1600,1800,3200,4100,4700,4100,8100,20200,1400,2400,10200,9000,900,6600,1800,6100,3800,2400,7900
344.0,17.8,658100,11758268.0,17.8,17.78,17.76,17.75,17.74,17.73,17.72,17.71,17.7,17.69,17.81,17.82,17.83,17.84,17.85,17.86,17.88,17.89,17.9,17.91,2100,1600,1800,3200,5100,4700,4100,8100,20200,1400,2000,10200,9000,900,6600,1800,6100,3800,2400,7900
345.0,17.8,658100,11758268.0,17.8,17.78,17.76,17.75,17.74,17.73,17.72,17.71,17.7,17.69,17.81,17.82,17.83,17.84,17.85,17.86,17.88,17.89,17.9,17.91,2100,1600,1800,3200,5100,4700,4100,8100,20200,1400,2000,10200,9000,900,6600,1800,6100,3800,2400,7900
346.0,17.8,658100,11758268.0,17.8,17.78,17.76,17.75,17.74,17.73,17.72,17.71,17.7,17.69,17.81,17.82,17.83,17.84,17.85,17.86,17.88,17.89,17.9,17.91,2100,1600,1800,3200,5100,4700,4100,8100,20200,1400,2000,10200,9000,900,6600,1800,6100,3800,2400,7900
347.0,17.81,658700,11768954.0,17.8,17.78,17.76,17.75,17.74,17.73,17.72,17.71,17.7,17.69,17.81,17.82,17.83,17.84,17.85,17.86,17.88,17.89,17.9,17.91,2400,1600,1800,3200,5100,4700,4100,11400,20200,1400,1400,10200,9000,900,6600,1800,6100,3800,2400,7900
348.0,17.81,660400,11799231.0,17.81,17.8,17.78,17.76,17.75,17.74,17.73,17.72,17.71,17.7,17.82,17.83,17.84,17.85,17.86,17.88,17.89,17.9,17.91,17.92,3000,5400,1600,1800,3200,5100,4700,4100,11400,20200,10200,9000,900,6600,1800,6100,3800,2400,7900,4900
349.0,17.82,666800,11913254.0,17.81,17.8,17.78,17.76,17.75,17.74,17.73,17.72,17.71,17.7,17.82,17.83,17.84,17.85,17.86,17.88,17.89,17.9,17.91,17.92,2100,5400,1600,1800,3200,5100,4700,4100,11400,20200,6300,9000,900,6600,1800,6100,3800,2400,7900,4900
350.0,17.82,667500,11925728.0,17.81,17.8,17.78,17.76,17.75,17.74,17.73,17.72,17.71,17.7,17.82,17.83,17.84,17.85,17.86,17.88,17.89,17.9,17.91,17.92,2100,5400,1600,1800,3200,5100,4700,4100,11400,20200,5600,9000,900,6600,1800,6100,3800,2400,7900,4900
351.0,17.82,673700,12036210.0,17.82,17.81,17.8,17.78,17.76,17.75,17.74,17.73,17.72,17.71,17.83,17.84,17.85,17.86,17.88,17.89,17.9,17.91,17.92,17.93,2900,1900,5400,1600,1800,3200,5100,4700,4100,11400,9000,900,6600,1800,6100,3800,2400,7900,4900,10200
352.0,17.83,673900,12039776.0,17.82,17.81,17.8,17.78,17.76,17.75,17.74,17.73,17.72,17.71,17.83,17.84,17.85,17.86,17.88,17.89,17.9,17.91,17.92,17.93,2900,1900,5400,1600,1800,3200,5100,4700,4100,11400,8800,900,6600,1800,6100,3800,2400,7900,4900,10200
353.0,17.8,684800,12233888.0,17.8,17.78,17.76,17.75,17.74,17.73,17.72,17.71,17.7,17.69,17.83,17.84,17.85,17.86,17.88,17.89,17.9,17.91,17.92,17.93,1800,1600,1800,3200,5100,4700,4100,11400,20200,1400,8300,900,6600,1800,6100,3800,2400,7900,4900,10200
354.0,17.8,684800,12233888.0,17.8,17.78,17.76,17.75,17.74,17.73,17.72,17.71,17.7,17.69,17.83,17.84,17.85,17.86,17.88,17.89,17.9,17.91,17.92,17.93,3700,1600,1800,3200,5100,4700,4100,11400,20200,1400,10100,900,6600,1800,6100,3800,2400,7900,4900,10200
355.0,17.83,685900,12253501.0,17.8,17.78,17.76,17.75,17.74,17.73,17.72,17.71,17.7,17.69,17.83,17.84,17.85,17.86,17.88,17.89,17.9,17.91,17.92,17.93,3900,1600,1800,3200,5100,4700,4100,11400,20200,1400,9000,900,6600,1800,6100,3800,2400,7900,4900,10200
356.0,17.8,686000,12255281.0,17.8,17.78,17.76,17.75,17.74,17.73,17.72,17.71,17.7,17.69,17.83,17.84,17.85,17.86,17.88,17.89,17.9,17.91,17.92,17.93,5000,1600,1800,3200,5100,4700,4100,11400,20200,1400,10200,900,6600,1800,6100,3800,2400,7900,4900,10200
357.0,17.83,686500,12264196.0,17.8,17.78,17.76,17.75,17.74,17.73,17.72,17.71,17.7,17.69,17.83,17.84,17.85,17.86,17.88,17.89,17.9,17.91,17.92,17.93,5400,1600,1800,3200,5100,4700,4100,11400,20200,1400,10000,900,6600,1800,6100,3800,2400,7900,4900,10200
358.0,17.83,686500,12264196.0,17.8,17.78,17.76,17.75,17.74,17.73,17.72,17.71,17.7,17.69,17.83,17.84,17.85,17.86,17.88,17.89,17.9,17.91,17.92,17.93,5900,1600,1800,3200,5100,4700,4100,11400,19600,1400,10000,900,6600,1800,6100,3800,2400,7900,4900,10200
359.0,17.8,687000,12273096.0,17.8,17.78,17.76,17.75,17.74,17.73,17.72,17.71,17.7,17.69,17.83,17.84,17.85,17.86,17.88,17.89,17.9,17.91,17.92,17.93,7200,1600,1800,3200,5100,4700,4100,11400,20600,1400,11600,900,6600,1800,6100,3800,2400,7900,4900,10200
360.0,17.8,688300,12296251.0,17.8,17.78,17.76,17.75,17.74,17.73,17.72,17.71,17.7,17.69,17.83,17.84,17.85,17.86,17.88,17.89,17.9,17.91,17.92,17.93,6400,1600,1800,3200,5100,4700,4100,11400,20600,1400,11100,900,6600,1800,6100,3800,2400,7900,4900,10200
361.0,17.8,688300,12296251.0,17.8,17.78,17.76,17.75,17.74,17.73,17.72,17.71,17.7,17.69,17.83,17.84,17.85,17.86,17.88,17.89,17.9,17.91,17.92,17.93,7600,1600,1800,3200,5100,4700,4100,11400,20600,1400,12300,900,6600,1800,6100,3800,2400,7900,4900,10200
362.0,17.8,688300,12296251.0,17.81,17.8,17.78,17.76,17.75,17.74,17.73,17.72,17.71,17.7,17.83,17.84,17.85,17.86,17.88,17.89,17.9,17.91,17.92,17.93,3400,8100,1600,1800,3200,5100,4700,4100,11400,20600,12700,900,6600,1800,6100,3800,2400,7900,4900,10200
363.0,17.83,688800,12305166.0,17.81,17.8,17.78,17.76,17.75,17.74,17.73,17.72,17.71,17.7,17.83,17.84,17.85,17.86,17.88,17.89,17.9,17.91,17.92,17.93,3400,8200,1600,1600,3200,5100,4700,4100,11400,20600,12200,900,6600,1800,6100,3800,2400,7900,4900,10200
364.0,17.83,688800,12305166.0,17.81,17.8,17.78,17.76,17.75,17.74,17.73,17.72,17.71,17.7,17.83,17.84,17.85,17.86,17.88,17.89,17.9,17.91,17.92,17.93,3900,8200,1600,1600,3200,5100,4700,4100,11400,20600,12300,900,6600,1800,6100,3800,2400,7900,4900,10200
365.0,17.8,693200,12383525.0,17.8,17.78,17.76,17.75,17.74,17.73,17.72,17.71,17.7,17.69,17.83,17.84,17.85,17.86,17.88,17.89,17.9,17.91,17.92,17.93,7700,1600,1600,3200,5100,4700,4100,11400,20600,1400,12300,900,6600,1800,6100,3800,2400,7900,4900,10200
366.0,17.8,693700,12392425.0,17.8,17.78,17.76,17.75,17.74,17.73,17.72,17.71,17.7,17.69,17.83,17.84,17.85,17.86,17.88,17.89,17.9,17.91,17.92,17.93,7500,1600,1600,3200,5100,4700,4100,11400,20600,1400,12600,900,6600,1800,6100,3800,2400,7900,4900,10200
367.0,17.81,697400,12458392.0,17.81,17.8,17.78,17.76,17.75,17.74,17.73,17.72,17.71,17.7,17.83,17.84,17.85,17.86,17.88,17.89,17.9,17.91,17.92,17.93,3700,7500,1700,1600,3200,5100,4700,4100,11400,20600,9100,900,6600,1800,6100,3800,2400,7900,4900,10200
368.0,17.81,697400,12458392.0,17.81,17.8,17.78,17.76,17.75,17.74,17.73,17.72,17.71,17.7,17.83,17.84,17.85,17.86,17.88,17.89,17.9,17.91,17.92,17.93,4300,7500,1700,1600,3200,5100,4700,4100,11400,20600,9100,900,6600,1800,6100,3800,2400,7900,4900,10200
369.0,17.81,697400,12458392.0,17.81,17.8,17.78,17.76,17.75,17.74,17.73,17.72,17.71,17.7,17.83,17.84,17.85,17.86,17.88,17.89,17.9,17.91,17.92,17.93,4300,7500,1700,1600,3200,5100,4700,4100,11400,20600,9100,900,6600,1800,6100,3800,2400,7900,4900,10200
370.0,17.83,697900,12467307.0,17.81,17.8,17.78,17.76,17.75,17.74,17.73,17.72,17.71,17.7,17.83,17.84,17.85,17.86,17.88,17.89,17.9,17.91,17.92,17.93,4300,7500,1700,1600,3500,5100,4700,4100,11400,20600,8600,900,6600,1800,6100,3800,2400,7900,4900,10200
371.0,17.83,697900,12467307.0,17.81,17.8,17.78,17.76,17.75,17.74,17.73,17.72,17.71,17.7,17.83,17.84,17.85,17.86,17.88,17.89,17.9,17.91,17.92,17.93,600,7500,2200,1400,3500,5100,4700,4100,11400,20600,8600,900,6600,1800,6100,3800,2400,9400,4900,10200
372.0,17.83,697900,12467307.0,17.81,17.8,17.78,17.76,17.75,17.74,17.73,17.72,17.71,17.7,17.83,17.84,17.85,17.86,17.88,17.89,17.9,17.91,17.92,17.93,600,7500,2200,1400,3500,5100,4700,4100,11400,20600,8600,900,6600,1800,6100,3800,2400,9400,4900,10200
373.0,17.83,698400,12476222.0,17.81,17.8,17.78,17.76,17.75,17.74,17.73,17.72,17.71,17.7,17.83,17.84,17.85,17.86,17.88,17.89,17.9,17.91,17.92,17.93,600,8000,2200,1400,3500,5100,4700,4100,11400,20600,9100,900,6600,1800,6100,3800,2400,9400,4900,10200
374.0,17.83,698600,12479788.0,17.81,17.8,17.78,17.76,17.75,17.74,17.73,17.72,17.71,17.7,17.83,17.84,17.85,17.86,17.88,17.89,17.9,17.91,17.92,17.93,600,8000,2200,1400,3500,5100,4700,4100,11400,20600,9400,900,6600,1800,6100,3800,2400,9400,4900,10200
375.0,17.83,698600,12479788.0,17.81,17.8,17.78,17.76,17.75,17.74,17.73,17.72,17.71,17.7,17.83,17.84,17.85,17.86,17.88,17.89,17.9,17.91,17.92,17.93,600,8000,2200,1400,3500,5100,4700,4100,11400,20600,9400,900,6600,1800,6100,3800,2400,9400,4900,10200
376.0,17.83,699100,12488703.0,17.81,17.8,17.78,17.76,17.75,17.74,17.73,17.72,17.71,17.7,17.83,17.84,17.85,17.86,17.88,17.89,17.9,17.91,17.92,17.93,600,8000,2200,1400,3500,5100,4700,4100,11400,20600,8900,900,6600,1800,6100,3800,2400,9400,4900,10200
377.0,17.83,699100,12488703.0,17.81,17.8,17.78,17.76,17.75,17.74,17.73,17.72,17.71,17.7,17.83,17.84,17.85,17.86,17.88,17.89,17.9,17.91,17.92,17.93,1000,8000,2200,1400,3500,5100,4700,4100,11400,20600,8900,900,6600,1800,6100,3800,2400,9400,4900,10200
378.0,17.83,700200,12508316.0,17.81,17.8,17.79,17.78,17.76,17.75,17.74,17.73,17.72,17.71,17.83,17.84,17.85,17.86,17.88,17.89,17.9,17.91,17.92,17.93,1000,8000,5000,2200,1400,3500,5100,4700,4100,11400,7800,900,6600,1800,6100,3800,2400,9400,4900,10200
379.0,17.83,700700,12517231.0,17.82,17.81,17.8,17.79,17.78,17.76,17.75,17.74,17.73,17.72,17.83,17.84,17.85,17.86,17.88,17.89,17.9,17.91,17.92,17.93,100,1500,7800,5000,2200,1400,3500,5100,4700,4100,7300,900,6600,1800,6100,3800,2400,9400,4900,10200
380.0,17.83,700700,12517231.0,17.82,17.81,17.8,17.79,17.78,17.76,17.75,17.74,17.73,17.72,17.83,17.84,17.85,17.86,17.88,17.89,17.9,17.91,17.92,17.93,100,1500,7800,5000,2200,1400,3500,5100,4700,4100,7300,900,6600,1800,6100,3800,2400,9400,4900,10200
381.0,17.83,704000,12576070.0,17.82,17.81,17.8,17.79,17.78,17.76,17.75,17.74,17.73,17.72,17.83,17.84,17.85,17.86,17.88,17.89,17.9,17.91,17.92,17.93,100,1500,7800,5000,2200,1400,3500,5100,4700,4100,4000,900,6600,1800,6100,3800,2400,9400,4900,10200
382.0,17.84,711500,12709800.0,17.83,17.82,17.81,17.8,17.79,17.78,17.76,17.75,17.74,17.73,17.84,17.85,17.86,17.88,17.89,17.9,17.91,17.92,17.93,17.95,3700,8600,1500,7800,5000,2200,1400,3500,5100,4700,400,6600,1800,6100,3800,2400,9400,4900,10200,2400
383.0,17.84,711900,12716936.0,17.84,17.83,17.82,17.81,17.8,17.79,17.78,17.76,17.75,17.74,17.85,17.86,17.88,17.89,17.9,17.91,17.92,17.93,17.95,17.96,1700,3700,7200,1500,7800,5000,2200,1400,3500,5100,6600,1800,6100,3800,2400,9400,4900,10200,2400,1200
384.0,17.85,712100,12720506.0,17.84,17.83,17.82,17.81,17.8,17.79,17.78,17.76,17.75,17.74,17.85,17.86,17.88,17.89,17.9,17.91,17.92,17.93,17.95,17.96,5500,3700,7200,1500,7800,5000,2200,1400,3500,5100,6400,1800,6100,3800,2400,9400,4900,10200,2400,1200
385.0,17.85,712600,12729431.0,17.84,17.83,17.82,17.81,17.8,17.79,17.78,17.76,17.75,17.74,17.85,17.86,17.88,17.89,17.9,17.91,17.92,17.93,17.95,17.96,5500,3700,7200,1500,8600,5000,2200,1400,3500,5100,5900,46800,6100,3800,2400,9400,4900,10200,2400,1200
386.0,17.85,716900,12806186.0,17.84,17.83,17.82,17.81,17.8,17.79,17.78,17.76,17.75,17.74,17.85,17.86,17.88,17.89,17.9,17.91,17.92,17.93,17.95,17.96,5600,2200,7200,1500,8500,5000,2200,1400,3500,5100,1600,46800,6100,3800,2400,9400,4900,10200,2400,1200
387.0,17.85,720300,12866846.0,17.84,17.83,17.82,17.81,17.8,17.79,17.78,17.76,17.75,17.74,17.85,17.86,17.88,17.89,17.9,17.91,17.92,17.93,17.95,17.96,2700,2200,7200,1500,8500,5000,2200,1400,3500,5100,1200,46800,6100,3800,2400,9400,4900,10200,2400,1200
388.0,17.85,720600,12872199.0,17.84,17.83,17.82,17.81,17.8,17.79,17.78,17.76,17.75,17.74,17.85,17.86,17.88,17.89,17.9,17.91,17.92,17.93,17.95,17.96,2500,2200,7200,1300,9100,5000,2200,1400,3500,5100,1100,46800,6100,3800,2400,9400,4900,10200,2400,1200
389.0,17.85,720700,12873984.0,17.84,17.83,17.82,17.81,17.8,17.79,17.78,17.76,17.75,17.74,17.85,17.86,17.88,17.89,17.9,17.91,17.92,17.93,17.95,17.96,2700,2200,7200,1100,9100,5000,2200,1400,3500,5100,1000,1800,6100,3800,2400,9400,4900,10200,2400,1200
390.0,17.85,720900,12877554.0,17.84,17.83,17.82,17.81,17.8,17.79,17.78,17.76,17.75,17.74,17.85,17.86,17.88,17.89,17.9,17.91,17.92,17.93,17.95,17.96,2700,2200,7200,1100,9100,5000,2200,1400,3500,5100,1600,1800,6100,3800,2400,9400,4900,10200,2400,1200
391.0,17.85,720900,12877554.0,17.84,17.83,17.82,17.81,17.8,17.79,17.78,17.76,17.75,17.74,17.85,17.86,17.88,17.89,17.9,17.91,17.92,17.93,17.95,17.96,2700,2200,7200,1100,9100,5000,2200,1400,3500,5100,1800,1800,6100,3800,2400,9400,4900,10200,2400,1200
392.0,17.85,722200,12900759.0,17.84,17.83,17.82,17.81,17.8,17.79,17.78,17.76,17.75,17.74,17.85,17.86,17.88,17.89,17.9,17.91,17.92,17.93,17.95,17.96,2900,2200,7200,1100,10600,5000,2200,1400,3500,5100,500,1800,6100,3800,2400,9400,4900,10200,2400,1200
393.0,17.85,722200,12900759.0,17.84,17.83,17.82,17.81,17.8,17.79,17.78,17.76,17.75,17.74,17.85,17.86,17.88,17.89,17.9,17.91,17.92,17.93,17.95,17.96,2900,2200,7200,1100,10600,5000,2200,1400,3500,5100,500,1800,6100,3800,2400,7900,4900,10200,2400,1200
394.0,17.85,722200,12900759.0,17.84,17.83,17.82,17.81,17.8,17.79,17.78,17.76,17.75,17.74,17.85,17.86,17.88,17.89,17.9,17.91,17.92,17.93,17.95,17.96,2900,2200,7200,1100,10400,5000,2200,1400,3500,5100,500,1800,6100,3800,2400,7900,4900,10200,2400,1200
395.0,17.85,722900,12913252.0,17.85,17.84,17.83,17.82,17.81,17.8,17.79,17.78,17.76,17.75,17.86,17.88,17.89,17.9,17.91,17.92,17.93,17.95,17.96,17.97,1900,2700,2200,7200,1100,10400,5000,2200,1400,3500,1800,5700,3800,2400,7900,4900,10200,2400,1200,1500
396.0,17.85,723500,12923962.0,17.85,17.84,17.83,17.82,17.81,17.8,17.79,17.78,17.76,17.75,17.86,17.88,17.89,17.9,17.91,17.92,17.93,17.95,17.96,17.97,1400,2600,2200,7200,1100,10500,5000,2200,1400,3500,1800,5700,3800,2400,7900,4900,10200,1800,1200,1500
397.0,17.85,723500,12923962.0,17.85,17.84,17.83,17.82,17.81,17.8,17.79,17.78,17.76,17.75,17.86,17.88,17.89,17.9,17.91,17.92,17.93,17.95,17.96,17.97,2100,2600,2200,7200,1100,13500,5000,2200,1400,3500,1800,5700,3800,2400,7900,4900,10200,1800,1200,1500
398.0,17.85,725000,12950738.0,17.85,17.84,17.83,17.82,17.81,17.8,17.79,17.78,17.76,17.75,17.86,17.88,17.89,17.9,17.91,17.92,17.93,17.95,17.96,17.97,1200,2400,2200,7200,1100,13500,5000,2200,1400,3500,1700,5700,3800,2400,7900,4900,10200,1800,1200,1500
399.0,17.85,725000,12950738.0,17.85,17.84,17.83,17.82,17.81,17.8,17.79,17.78,17.76,17.75,17.86,17.88,17.89,17.9,17.91,17.92,17.93,17.95,17.96,17.97,1200,800,2200,7200,1100,13500,5000,2200,1400,3500,1700,5700,3800,2400,7900,4900,10200,1800,1200,1500
400.0,17.85,725000,12950738.0,17.85,17.84,17.83,17.82,17.81,17.8,17.79,17.78,17.76,17.75,17.86,17.88,17.89,17.9,17.91,17.92,17.93,17.95,17.96,17.97,1200,800,2200,7200,1100,13500,5000,2200,1400,3500,1700,5700,3800,2400,7900,4900,10200,1800,1200,1500
401.0,17.85,725000,12950738.0,17.85,17.84,17.83,17.82,17.81,17.8,17.79,17.78,17.76,17.75,17.86,17.88,17.89,17.9,17.91,17.92,17.93,17.95,17.96,17.97,1200,800,2200,7200,1100,13500,5000,2200,1400,3500,1700,5700,3800,2400,7900,4900,10200,1800,1200,1500
402.0,17.86,725400,12957882.0,17.85,17.84,17.83,17.82,17.81,17.8,17.79,17.78,17.76,17.75,17.86,17.88,17.89,17.9,17.91,17.92,17.93,17.95,17.96,17.97,2400,800,2200,7200,1100,13500,5000,2200,1400,3500,1300,5700,3800,2400,7900,4900,10200,1800,1200,1500
403.0,17.86,726200,12972168.0,17.85,17.84,17.83,17.82,17.81,17.8,17.79,17.78,17.76,17.75,17.86,17.88,17.89,17.9,17.91,17.92,17.93,17.95,17.96,17.97,2200,800,2200,7200,1100,12900,5000,2200,1400,3500,700,5700,3800,2400,7900,4900,10200,1800,1200,1500
