LocalTime,LastPrice,TradeVolume,TradeValue,BidPrice1,BidPrice2,BidPrice3,BidPrice4,BidPrice5,BidPrice6,BidPrice7,BidPrice8,BidPrice9,BidPriceA,AskPrice1,AskPrice2,AskPrice3,AskPrice4,AskPrice5,AskPrice6,AskPrice7,AskPrice8,AskPrice9,AskPriceA,BidVolume1,BidVolume2,BidVolume3,BidVolume4,BidVolume5,BidVolume6,BidVolume7,BidVolume8,BidVolume9,BidVolumeA,AskVolume1,AskVolume2,AskVolume3,AskVolume4,AskVolume5,AskVolume6,AskVolume7,AskVolume8,AskVolume9,AskVolumeA
0.0,9.21,12700,116967.0,9.21,9.19,9.17,9.15,9.14,9.13,9.11,9.1,9.09,9.08,9.24,9.25,9.26,9.27,9.29,9.3,9.32,9.33,9.35,9.36,8500,1000,1000,5700,5700,10000,3000,7100,5000,5000,500,2300,500,29000,3600,10000,400,2000,6200,5300
1.0,9.21,12700,116967.0,9.21,9.19,9.17,9.15,9.14,9.13,9.11,9.1,9.09,9.08,9.23,9.24,9.25,9.26,9.27,9.29,9.3,9.32,9.33,9.35,8500,1000,1000,5700,5700,10000,3000,7100,5000,5000,1600,500,3200,500,29000,3600,10000,400,2000,6200
2.0,9.21,12700,116967.0,9.21,9.19,9.17,9.15,9.14,9.13,9.11,9.1,9.09,9.08,9.23,9.24,9.25,9.26,9.27,9.29,9.3,9.32,9.33,9.35,13500,1000,4000,5700,5700,10000,3000,7100,5000,6000,6600,500,3200,5500,29000,3600,10000,400,2000,6300
3.0,9.22,13500,124343.0,9.21,9.19,9.17,9.15,9.14,9.13,9.11,9.1,9.09,9.08,9.22,9.23,9.24,9.25,9.26,9.27,9.28,9.29,9.3,9.32,14600,1500,4000,7700,5000,10000,3000,8600,5000,6000,500,6600,500,3200,5500,29000,14400,3600,10000,400
4.0,9.21,15800,145545.0,9.21,9.2,9.19,9.17,9.15,9.14,9.13,9.11,9.1,9.09,9.23,9.24,9.25,9.26,9.27,9.28,9.29,9.3,9.32,9.33,13500,2500,1500,4000,7700,5000,10000,5000,13700,5000,5900,500,3200,5500,29000,14400,3600,10500,400,2000
5.0,9.21,18300,168570.0,9.21,9.2,9.19,9.17,9.15,9.14,9.13,9.11,9.1,9.09,9.23,9.24,9.25,9.26,9.27,9.28,9.29,9.3,9.32,9.33,11000,2500,1500,4000,12700,5000,10000,9500,13700,5000,8100,500,3200,16000,29000,15100,3600,10500,400,2000
6.0,9.21,29300,269880.0,9.2,9.19,9.17,9.15,9.14,9.13,9.11,9.1,9.09,9.08,9.21,9.23,9.24,9.25,9.26,9.27,9.28,9.29,9.3,9.32,2500,1500,4000,13200,5500,10000,9500,18100,5000,6000,28900,11100,500,3200,16000,29000,15100,3600,14800,400
7.0,9.21,31900,293826.0,9.2,9.19,9.17,9.16,9.15,9.14,9.13,9.11,9.1,9.09,9.21,9.23,9.24,9.25,9.26,9.27,9.28,9.29,9.3,9.31,2500,1500,4000,2200,13200,6500,10000,9500,18100,5000,26300,11100,500,3200,19900,29000,15100,3600,14800,500
8.0,9.21,38400,353691.0,9.2,9.19,9.17,9.16,9.15,9.14,9.13,9.11,9.1,9.09,9.21,9.23,9.24,9.25,9.26,9.27,9.28,9.29,9.3,9.31,2500,1500,4000,2200,13200,6800,10000,9500,18100,6000,19900,11100,500,3200,25900,31000,15100,3600,14800,1300
9.0,9.21,38700,356454.0,9.2,9.19,9.18,9.17,9.16,9.15,9.14,9.13,9.12,9.11,9.21,9.23,9.24,9.25,9.26,9.27,9.28,9.29,9.3,9.31,2500,1500,2000,4000,2200,13200,6800,10000,500,9500,24500,11100,500,3600,25900,31000,15100,3600,14800,1300
10.0,9.21,47100,433818.0,9.2,9.19,9.18,9.17,9.16,9.15,9.14,9.13,9.12,9.11,9.21,9.23,9.24,9.25,9.26,9.27,9.28,9.29,9.3,9.31,2500,1500,2000,4000,2600,13700,6800,10000,500,9500,16900,11100,500,3600,25900,31000,15100,9400,14800,2000
11.0,9.21,50400,464196.0,9.2,9.19,9.18,9.17,9.16,9.15,9.14,9.13,9.12,9.11,9.21,9.23,9.24,9.25,9.26,9.27,9.28,9.29,9.3,9.31,3500,1500,2000,4000,2600,13700,6800,10000,500,9500,16700,11100,500,3600,25900,31000,15100,9400,14800,2000
12.0,9.19,56600,521216.0,9.18,9.17,9.16,9.15,9.14,9.13,9.12,9.11,9.1,9.09,9.21,9.23,9.24,9.25,9.26,9.27,9.28,9.29,9.3,9.31,2000,4000,2600,13700,6800,10000,500,9500,18100,6000,10200,11100,500,3600,25900,31000,15100,9400,14800,2000
13.0,9.2,64600,594847.0,9.19,9.18,9.17,9.16,9.15,9.14,9.13,9.12,9.11,9.1,9.2,9.21,9.23,9.24,9.25,9.26,9.27,9.28,9.29,9.3,100,2000,4000,2400,13700,6800,10000,500,9500,18100,3000,7100,10200,500,3600,25900,31000,15100,9400,14800
14.0,9.21,72000,662971.0,9.19,9.18,9.17,9.16,9.15,9.14,9.13,9.12,9.11,9.1,9.21,9.23,9.24,9.25,9.26,9.27,9.28,9.29,9.3,9.31,100,2000,19000,2600,13700,6800,10000,500,9500,18100,2700,10200,500,3600,25900,31000,15100,9400,14800,2000
15.0,9.2,82100,755892.0,9.2,9.19,9.18,9.17,9.16,9.15,9.14,9.13,9.12,9.11,9.21,9.23,9.24,9.25,9.26,9.27,9.28,9.29,9.3,9.31,200,1300,2000,19000,2600,13700,6800,10000,500,9500,2600,10200,500,3600,25900,31000,15100,9400,14800,2000
16.0,9.21,84700,779838.0,9.21,9.2,9.19,9.18,9.17,9.16,9.15,9.14,9.13,9.12,9.23,9.24,9.25,9.26,9.27,9.28,9.29,9.3,9.31,9.32,42600,1100,1300,2000,19000,2400,13700,6800,10000,500,10200,500,3600,25900,31000,15100,9400,14800,2000,1400
17.0,9.21,84700,779838.0,9.21,9.2,9.19,9.18,9.17,9.16,9.15,9.14,9.13,9.12,9.23,9.24,9.25,9.26,9.27,9.28,9.29,9.3,9.31,9.32,42600,1100,200,2200,19000,2400,13700,6800,10000,500,10200,500,3600,25900,31000,15100,9400,14800,2000,1400
18.0,9.21,84700,779838.0,9.21,9.2,9.19,9.18,9.17,9.16,9.15,9.14,9.13,9.12,9.23,9.24,9.25,9.26,9.27,9.28,9.29,9.3,9.31,9.32,42600,1600,200,2200,19000,2400,13700,6800,10000,500,10200,500,3600,25900,31000,15100,9400,14800,2000,1400
19.0,9.21,84700,779838.0,9.21,9.2,9.19,9.18,9.17,9.16,9.15,9.14,9.13,9.12,9.23,9.24,9.25,9.26,9.27,9.28,9.29,9.3,9.31,9.32,42600,1100,200,2200,19000,2400,13700,6800,10000,500,10200,500,3600,25900,31000,15100,9400,14800,2000,1400
20.0,9.21,84700,779838.0,9.21,9.2,9.19,9.18,9.17,9.16,9.15,9.14,9.13,9.12,9.23,9.24,9.25,9.26,9.27,9.28,9.29,9.3,9.31,9.32,42600,1100,200,2200,19000,2400,13700,6800,10000,500,10200,500,3600,25900,31000,15100,9400,14800,2000,1400
21.0,9.21,84700,779838.0,9.21,9.2,9.19,9.18,9.17,9.16,9.15,9.14,9.13,9.12,9.23,9.24,9.25,9.26,9.27,9.28,9.29,9.3,9.31,9.32,42600,1100,200,2200,19000,2400,13700,6800,10000,500,10200,500,3600,25900,31000,15100,9400,14800,2000,1400
22.0,9.21,84700,779838.0,9.21,9.2,9.19,9.18,9.17,9.16,9.15,9.14,9.13,9.12,9.23,9.24,9.25,9.26,9.27,9.28,9.29,9.3,9.31,9.32,42600,1200,200,2200,19000,2400,13700,6800,10000,500,10200,500,3600,25900,31000,15100,9400,14800,2000,1400
23.0,9.21,84700,779838.0,9.21,9.2,9.19,9.18,9.17,9.16,9.15,9.14,9.13,9.12,9.23,9.24,9.25,9.26,9.27,9.28,9.29,9.3,9.31,9.32,42600,1200,200,2200,19000,2400,13700,6800,10000,500,10200,500,4800,25900,31000,15100,9400,14800,2000,1400
24.0,9.21,84700,779838.0,9.21,9.2,9.19,9.18,9.17,9.16,9.15,9.14,9.13,9.12,9.23,9.24,9.25,9.26,9.27,9.28,9.29,9.3,9.31,9.32,42600,1200,200,2200,19000,2400,13700,6800,10000,500,10200,500,4800,25900,31000,15100,9400,14800,2000,1400
25.0,9.21,84700,779838.0,9.21,9.2,9.19,9.18,9.17,9.16,9.15,9.14,9.13,9.12,9.23,9.24,9.25,9.26,9.27,9.28,9.29,9.3,9.31,9.32,42600,1200,200,2200,19000,2400,13700,6800,10000,500,10200,500,4800,25900,31000,15100,9400,14800,2000,1400
26.0,9.21,84700,779838.0,9.21,9.2,9.19,9.18,9.17,9.16,9.15,9.14,9.13,9.12,9.23,9.24,9.25,9.26,9.27,9.28,9.29,9.3,9.31,9.32,42600,100,200,2200,19000,2400,13700,6800,10000,500,10200,500,4800,26200,31000,15100,8900,14800,2000,1400
27.0,9.21,84700,779838.0,9.22,9.21,9.2,9.19,9.18,9.17,9.16,9.15,9.14,9.13,9.23,9.24,9.25,9.26,9.27,9.28,9.29,9.3,9.31,9.32,1000,42600,300,200,2200,19000,2400,13700,6800,10000,10200,500,4800,26200,31000,15100,8900,14800,2000,1400
28.0,9.21,84700,779838.0,9.22,9.21,9.2,9.19,9.18,9.17,9.16,9.15,9.14,9.13,9.23,9.24,9.25,9.26,9.27,9.28,9.29,9.3,9.31,9.32,1000,42600,300,200,2200,19000,2400,13700,6800,10000,10200,500,4800,26200,31000,15100,8900,14800,2000,1400
29.0,9.21,84700,779838.0,9.22,9.21,9.2,9.19,9.18,9.17,9.16,9.15,9.14,9.13,9.23,9.24,9.25,9.26,9.27,9.28,9.29,9.3,9.31,9.32,1000,42600,300,200,2200,19000,2400,13700,6800,10000,10200,500,4800,26200,31000,15100,9400,14800,2000,1400
30.0,9.21,84700,779838.0,9.22,9.21,9.2,9.19,9.18,9.17,9.16,9.15,9.14,9.13,9.23,9.24,9.25,9.26,9.27,9.28,9.29,9.3,9.31,9.32,1000,42600,300,200,2200,19000,2400,13700,6800,10000,10200,500,4800,26200,31000,15100,9400,14800,2000,1400
31.0,9.21,84700,779838.0,9.22,9.21,9.2,9.19,9.18,9.17,9.16,9.15,9.14,9.13,9.23,9.24,9.25,9.26,9.27,9.28,9.29,9.3,9.31,9.32,1000,42600,300,200,2200,19000,5900,13700,6800,10000,10200,500,4800,26200,31000,15100,9400,14800,2000,1400
32.0,9.22,85800,789990.0,9.22,9.21,9.2,9.19,9.18,9.17,9.16,9.15,9.14,9.13,9.23,9.24,9.25,9.26,9.27,9.28,9.29,9.3,9.31,9.32,900,42600,300,200,2200,19000,5900,13700,6800,10000,9200,500,4800,26200,31000,15100,9400,14800,2000,1400
33.0,9.22,85800,789990.0,9.22,9.21,9.2,9.19,9.18,9.17,9.16,9.15,9.14,9.13,9.23,9.24,9.25,9.26,9.27,9.28,9.29,9.3,9.31,9.32,900,42600,300,200,2200,19000,5900,13700,6800,10000,9200,500,4800,26200,31000,15100,9400,14800,2000,1400
34.0,9.22,85800,789990.0,9.22,9.21,9.2,9.19,9.18,9.17,9.16,9.15,9.14,9.13,9.23,9.24,9.25,9.26,9.27,9.28,9.29,9.3,9.31,9.32,900,42600,400,200,2200,19000,5900,13700,6800,10000,9200,500,4800,26200,31000,15100,9400,14800,2000,1400
35.0,9.23,86700,798297.0,9.22,9.21,9.2,9.19,9.18,9.17,9.16,9.15,9.14,9.13,9.23,9.24,9.25,9.26,9.27,9.28,9.29,9.3,9.31,9.32,900,42600,400,200,2200,19000,5900,13700,6800,10000,8300,500,4800,26200,31000,15100,9400,14800,2000,1400
36.0,9.23,86700,798297.0,9.22,9.21,9.2,9.19,9.18,9.17,9.16,9.15,9.14,9.13,9.23,9.24,9.25,9.26,9.27,9.28,9.29,9.3,9.31,9.32,900,42600,400,200,2200,19000,5900,13700,6800,10000,8300,500,4800,26200,31000,15100,9400,14800,2000,1400
37.0,9.23,86700,798297.0,9.22,9.21,9.2,9.19,9.18,9.17,9.16,9.15,9.14,9.13,9.23,9.24,9.25,9.26,9.27,9.28,9.29,9.3,9.31,9.32,900,42600,400,200,2200,19000,5900,13700,6800,10000,8300,500,4800,26200,31000,15100,9400,14800,2000,1400
38.0,9.23,87500,805681.0,9.22,9.21,9.2,9.19,9.18,9.17,9.16,9.15,9.14,9.13,9.23,9.24,9.25,9.26,9.27,9.28,9.29,9.3,9.31,9.32,900,42600,400,200,2200,19000,5900,13700,6800,10000,7500,500,4800,26200,31000,15100,9400,14800,2000,1400
39.0,9.23,87500,805681.0,9.22,9.21,9.2,9.19,9.18,9.17,9.16,9.15,9.14,9.13,9.23,9.24,9.25,9.26,9.27,9.28,9.29,9.3,9.31,9.32,900,42600,400,200,2200,19000,5900,13700,6800,10000,7500,500,4800,26200,31000,15100,9400,14800,2000,1400
40.0,9.23,87500,805681.0,9.22,9.21,9.2,9.19,9.18,9.17,9.16,9.15,9.14,9.13,9.23,9.24,9.25,9.26,9.27,9.28,9.29,9.3,9.31,9.32,900,42600,400,200,2200,19000,5900,13700,6800,10000,7500,500,4800,26200,31000,15100,9400,14800,2000,1400
41.0,9.23,88200,812142.0,9.22,9.21,9.2,9.19,9.18,9.17,9.16,9.15,9.14,9.13,9.23,9.24,9.25,9.26,9.27,9.28,9.29,9.3,9.31,9.32,900,42600,400,200,2200,19000,5900,13700,6800,10000,6800,500,4800,26200,31000,15100,9400,14800,2000,1400
42.0,9.23,88200,812142.0,9.22,9.21,9.2,9.19,9.18,9.17,9.16,9.15,9.14,9.13,9.23,9.24,9.25,9.26,9.27,9.28,9.29,9.3,9.31,9.32,900,42600,400,200,2200,19000,5900,13700,6800,10000,6800,500,4800,26700,31000,15100,9400,14800,2000,1400
43.0,9.23,89500,824141.0,9.22,9.21,9.2,9.19,9.18,9.17,9.16,9.15,9.14,9.13,9.23,9.24,9.25,9.26,9.27,9.28,9.29,9.3,9.31,9.32,900,42600,400,200,2200,19000,5900,13700,6800,10000,5500,500,4300,26700,31000,15100,9400,14800,2000,1400
44.0,9.23,90000,828756.0,9.22,9.21,9.2,9.19,9.18,9.17,9.16,9.15,9.14,9.13,9.23,9.24,9.25,9.26,9.27,9.28,9.29,9.3,9.31,9.32,900,42600,400,200,2200,19000,5900,13700,6800,10000,5000,500,4300,26700,31000,15100,9400,14800,2000,1400
45.0,9.23,90000,828756.0,9.22,9.21,9.2,9.19,9.18,9.17,9.16,9.15,9.14,9.13,9.23,9.24,9.25,9.26,9.27,9.28,9.29,9.3,9.31,9.32,900,42600,400,200,2200,19000,5900,13700,6800,10000,5000,500,4300,26700,31000,15100,9400,14800,2000,1400
46.0,9.22,90900,837054.0,9.21,9.2,9.19,9.18,9.17,9.16,9.15,9.14,9.13,9.12,9.22,9.23,9.24,9.25,9.26,9.27,9.28,9.29,9.3,9.31,42600,300,200,2200,19000,5900,13700,6800,10000,500,11100,5000,500,4300,26700,31000,15100,9400,14800,2000
47.0,9.22,91900,846274.0,9.21,9.2,9.19,9.18,9.17,9.16,9.15,9.14,9.13,9.12,9.22,9.23,9.24,9.25,9.26,9.27,9.28,9.29,9.3,9.31,42600,300,200,2200,19000,5900,13700,6800,10000,500,12100,5000,500,4300,26700,31000,15100,9400,14800,2000
48.0,9.21,92900,855484.0,9.21,9.2,9.19,9.18,9.17,9.16,9.15,9.14,9.13,9.12,9.22,9.23,9.24,9.25,9.26,9.27,9.28,9.29,9.3,9.31,41600,300,200,2200,19000,5900,13700,6800,10000,500,12200,5000,500,4300,26700,31000,15100,9400,14800,2000
49.0,9.21,92900,855484.0,9.21,9.2,9.19,9.18,9.17,9.16,9.15,9.14,9.13,9.12,9.22,9.23,9.24,9.25,9.26,9.27,9.28,9.29,9.3,9.31,41600,300,200,2200,19000,5900,13700,6800,10000,500,12200,5000,500,4300,26700,31000,15100,9400,14800,2000
50.0,9.21,92900,855484.0,9.21,9.2,9.19,9.18,9.17,9.16,9.15,9.14,9.13,9.12,9.22,9.23,9.24,9.25,9.26,9.27,9.28,9.29,9.3,9.31,41600,300,200,2200,19000,5900,13700,6800,10000,500,12200,5000,500,4300,26700,31000,15100,9400,14800,2000
51.0,9.22,93200,858250.0,9.21,9.2,9.19,9.18,9.17,9.16,9.15,9.14,9.13,9.12,9.22,9.23,9.24,9.25,9.26,9.27,9.28,9.29,9.3,9.31,41600,300,200,2200,19000,5900,13700,6800,10000,500,11900,3000,500,4300,26700,31000,15100,9400,14800,2000
52.0,9.22,93200,858250.0,9.21,9.2,9.19,9.18,9.17,9.16,9.15,9.14,9.13,9.12,9.22,9.23,9.24,9.25,9.26,9.27,9.28,9.29,9.3,9.31,41600,300,200,2200,19000,5900,13700,6800,10000,500,11900,3000,500,4300,26700,31000,15100,9400,14800,2000
53.0,9.22,93600,861938.0,9.21,9.2,9.19,9.18,9.17,9.16,9.15,9.14,9.13,9.12,9.22,9.23,9.24,9.25,9.26,9.27,9.28,9.29,9.3,9.31,41600,300,200,2200,19000,5900,13700,6800,10000,500,12500,3000,500,4300,26700,31000,15100,9400,14800,2000
54.0,9.21,94600,871148.0,9.21,9.2,9.19,9.18,9.17,9.16,9.15,9.14,9.13,9.12,9.22,9.23,9.24,9.25,9.26,9.27,9.28,9.29,9.3,9.31,40600,300,200,2200,19000,5900,13700,6800,10000,500,12500,3000,500,4300,26700,31000,15100,9400,14800,2000
55.0,9.21,94600,871148.0,9.21,9.2,9.19,9.18,9.17,9.16,9.15,9.14,9.13,9.12,9.22,9.23,9.24,9.25,9.26,9.27,9.28,9.29,9.3,9.31,40600,300,200,2200,19000,5900,13700,6800,10000,500,13300,3000,500,4300,26700,31000,15100,9400,14800,2000
56.0,9.21,94600,871148.0,9.21,9.2,9.19,9.18,9.17,9.16,9.15,9.14,9.13,9.12,9.22,9.23,9.24,9.25,9.26,9.27,9.28,9.29,9.3,9.31,40600,300,200,2200,19000,5900,13700,6800,10000,500,13300,3000,500,4300,26700,31000,15100,9400,14800,2000
57.0,9.22,94700,872070.0,9.21,9.2,9.19,9.18,9.17,9.16,9.15,9.14,9.13,9.12,9.22,9.23,9.24,9.25,9.26,9.27,9.28,9.29,9.3,9.31,40600,300,200,2200,19000,5900,13700,6800,10000,500,13200,3000,500,4300,26700,31000,15100,9400,14800,2000
58.0,9.22,94700,872070.0,9.21,9.2,9.19,9.18,9.17,9.16,9.15,9.14,9.13,9.12,9.22,9.23,9.24,9.25,9.26,9.27,9.28,9.29,9.3,9.31,40600,300,200,3200,19000,5900,13700,6800,10000,500,13200,3000,500,4300,26700,31000,15100,9400,14800,2000
59.0,9.22,94700,872070.0,9.21,9.2,9.19,9.18,9.17,9.16,9.15,9.14,9.13,9.12,9.22,9.23,9.24,9.25,9.26,9.27,9.28,9.29,9.3,9.31,40600,300,200,3200,19000,5900,13700,6800,10000,500,13200,3000,500,4300,26700,31000,15100,9400,14800,2000
60.0,9.22,94700,872070.0,9.21,9.2,9.19,9.18,9.17,9.16,9.15,9.14,9.13,9.12,9.22,9.23,9.24,9.25,9.26,9.27,9.28,9.29,9.3,9.31,40600,300,200,3200,16000,5900,13700,6800,10000,500,13200,3000,500,4300,26700,31000,15100,9400,14800,2000
61.0,9.22,95800,882202.0,9.21,9.2,9.19,9.18,9.17,9.16,9.15,9.14,9.13,9.12,9.22,9.23,9.24,9.25,9.26,9.27,9.28,9.29,9.3,9.31,39600,300,200,3200,16000,5900,13700,6800,10000,500,13100,3000,500,4300,26700,31000,15100,9400,14800,2000
62.0,9.22,95800,882202.0,9.21,9.2,9.19,9.18,9.17,9.16,9.15,9.14,9.13,9.12,9.22,9.23,9.24,9.25,9.26,9.27,9.28,9.29,9.3,9.31,39600,300,200,3200,16000,5900,13700,6800,10000,500,13100,3000,500,4300,26700,31000,15100,9400,14800,2000
63.0,9.22,99900,919972.0,9.21,9.2,9.19,9.18,9.17,9.16,9.15,9.14,9.13,9.12,9.22,9.23,9.24,9.25,9.26,9.27,9.28,9.29,9.3,9.31,36400,300,200,3200,16000,5900,13700,6800,10000,500,12200,3000,500,4300,26700,31000,15100,9400,14800,2000
64.0,9.22,99900,919972.0,9.21,9.2,9.19,9.18,9.17,9.16,9.15,9.14,9.13,9.12,9.22,9.23,9.24,9.25,9.26,9.27,9.28,9.29,9.3,9.31,36400,300,200,3200,16000,5900,13700,6800,10000,500,12200,3000,500,4300,26700,31000,15100,9400,14800,2000
65.0,9.22,99900,919972.0,9.21,9.2,9.19,9.18,9.17,9.16,9.15,9.14,9.13,9.12,9.22,9.23,9.24,9.25,9.26,9.27,9.28,9.29,9.3,9.31,36400,300,200,3200,16000,5900,13700,6800,10000,500,12200,3000,500,4300,26700,31000,15100,9400,14800,2000
66.0,9.21,102100,940234.0,9.21,9.2,9.19,9.18,9.17,9.16,9.15,9.14,9.13,9.12,9.22,9.23,9.24,9.25,9.26,9.27,9.28,9.29,9.3,9.31,34200,300,200,3200,16000,5900,13700,6800,10000,500,12200,3000,500,4300,26700,31000,15100,9400,14800,2000
67.0,9.21,102100,940234.0,9.21,9.2,9.19,9.18,9.17,9.16,9.15,9.14,9.13,9.12,9.22,9.23,9.24,9.25,9.26,9.27,9.28,9.29,9.3,9.31,34200,300,200,3200,16000,5900,13700,6800,10000,500,12200,3000,500,4300,26700,31000,15100,9400,14800,2000
68.0,9.21,103100,949444.0,9.21,9.2,9.19,9.18,9.17,9.16,9.15,9.14,9.13,9.12,9.22,9.23,9.24,9.25,9.26,9.27,9.28,9.29,9.3,9.31,33200,300,200,3200,16000,5900,13700,6800,10000,500,12200,3000,500,4300,26700,31000,15100,9400,14800,2000
69.0,9.21,104100,958654.0,9.21,9.2,9.19,9.18,9.17,9.16,9.15,9.14,9.13,9.12,9.22,9.23,9.24,9.25,9.26,9.27,9.28,9.29,9.3,9.31,32200,300,200,3200,16000,5900,13700,6800,10000,500,12200,3000,500,4300,26700,31000,15100,9400,14800,2000
70.0,9.21,104100,958654.0,9.21,9.2,9.19,9.18,9.17,9.16,9.15,9.14,9.13,9.12,9.22,9.23,9.24,9.25,9.26,9.27,9.28,9.29,9.3,9.31,32200,300,200,3200,16000,5900,13700,6800,10000,500,12200,3000,500,4300,26700,31000,15100,9400,14800,2000
71.0,9.21,104100,958654.0,9.21,9.2,9.19,9.18,9.17,9.16,9.15,9.14,9.13,9.12,9.22,9.23,9.24,9.25,9.26,9.27,9.28,9.29,9.3,9.31,32200,300,200,3200,16000,5900,13700,6800,10000,500,12200,3000,500,4300,26700,31000,15100,9400,14800,2000
72.0,9.21,108000,994573.0,9.21,9.2,9.19,9.18,9.17,9.16,9.15,9.14,9.13,9.12,9.22,9.23,9.24,9.25,9.26,9.27,9.28,9.29,9.3,9.31,28300,300,200,3200,16000,5900,13700,6800,10000,500,12200,3000,500,4300,26700,31000,15100,9400,14800,2000
73.0,9.21,118300,1089436.0,9.21,9.2,9.19,9.18,9.17,9.16,9.15,9.14,9.13,9.12,9.22,9.23,9.24,9.25,9.26,9.27,9.28,9.29,9.3,9.31,18000,300,200,3200,16000,5900,13700,6800,10000,500,13200,3000,500,4300,26700,31000,15100,9400,14800,2000
74.0,9.21,136500,1257060.0,9.2,9.19,9.18,9.17,9.16,9.15,9.14,9.13,9.12,9.11,9.21,9.22,9.23,9.24,9.25,9.26,9.27,9.28,9.29,9.3,300,100,3200,16000,5900,13700,6800,10000,500,9300,200,13000,3000,500,4300,26700,31000,15100,9400,14800
75.0,9.21,136500,1257060.0,9.2,9.19,9.18,9.17,9.16,9.15,9.14,9.13,9.12,9.11,9.21,9.22,9.23,9.24,9.25,9.26,9.27,9.28,9.29,9.3,300,100,3100,16000,5900,13700,6800,10000,500,9300,5200,13000,3000,500,4300,26700,31000,15100,9400,14800
76.0,9.21,136500,1257060.0,9.2,9.19,9.18,9.17,9.16,9.15,9.14,9.13,9.12,9.11,9.21,9.22,9.23,9.24,9.25,9.26,9.27,9.28,9.29,9.3,300,100,3100,16000,5900,13700,6800,10000,500,9300,5200,13000,3000,500,4300,26700,31000,15100,9400,14800
77.0,9.21,137500,1266270.0,9.2,9.18,9.17,9.16,9.15,9.14,9.13,9.12,9.11,9.1,9.21,9.22,9.23,9.24,9.25,9.26,9.27,9.28,9.29,9.3,300,3100,16000,5900,13700,6800,10000,500,9300,21100,4200,13000,3000,500,4300,26700,31000,15100,9400,14800
78.0,9.21,137500,1266270.0,9.2,9.18,9.17,9.16,9.15,9.14,9.13,9.12,9.11,9.1,9.21,9.22,9.23,9.24,9.25,9.26,9.27,9.28,9.29,9.3,300,3100,16000,5900,13700,6800,10000,500,9300,21100,4200,13000,3000,500,4300,26700,31000,15100,9400,14800
79.0,9.21,137800,1269033.0,9.2,9.18,9.17,9.16,9.15,9.14,9.13,9.12,9.11,9.1,9.21,9.22,9.23,9.24,9.25,9.26,9.27,9.28,9.29,9.3,300,3100,16000,5900,13700,6800,10000,500,9300,21100,3900,13100,3000,500,4300,26700,31000,15100,9400,14800
80.0,9.21,137800,1269033.0,9.2,9.18,9.17,9.16,9.15,9.14,9.13,9.12,9.11,9.1,9.21,9.22,9.23,9.24,9.25,9.26,9.27,9.28,9.29,9.3,300,3100,16000,5900,13700,6800,10000,500,9300,21100,3900,13100,3000,500,4300,26700,31000,15100,9400,14800
81.0,9.21,137800,1269033.0,9.2,9.18,9.17,9.16,9.15,9.14,9.13,9.12,9.11,9.1,9.21,9.22,9.23,9.24,9.25,9.26,9.27,9.28,9.29,9.3,300,3100,16000,5900,13700,6800,10000,500,9300,21100,3900,13100,3000,500,4300,26700,31000,15100,9400,14800
82.0,9.21,137800,1269033.0,9.2,9.18,9.17,9.16,9.15,9.14,9.13,9.12,9.11,9.1,9.21,9.22,9.23,9.24,9.25,9.26,9.27,9.28,9.29,9.3,300,3100,16000,5900,13700,6800,10000,500,9300,21100,3900,13100,3000,500,4300,26700,31000,15100,9400,14800
83.0,9.21,137800,1269033.0,9.2,9.18,9.17,9.16,9.15,9.14,9.13,9.12,9.11,9.1,9.21,9.22,9.23,9.24,9.25,9.26,9.27,9.28,9.29,9.3,300,3100,16000,5900,13700,6800,10000,500,9300,21100,3900,13100,3000,500,4300,26700,31000,2900,9400,14800
84.0,9.2,138000,1270873.0,9.2,9.18,9.17,9.16,9.15,9.14,9.13,9.12,9.11,9.1,9.21,9.22,9.23,9.24,9.25,9.26,9.27,9.28,9.29,9.3,100,3100,16900,5900,13700,6800,10000,500,9300,21100,3900,13100,3000,500,4300,26700,31000,2900,9400,14800
85.0,9.2,138000,1270873.0,9.2,9.18,9.17,9.16,9.15,9.14,9.13,9.12,9.11,9.1,9.21,9.22,9.23,9.24,9.25,9.26,9.27,9.28,9.29,9.3,100,3100,16900,5900,13700,6800,10000,500,9300,21100,3900,13100,3000,500,4300,26700,31000,700,9400,14800
86.0,9.2,138000,1270873.0,9.2,9.19,9.18,9.17,9.16,9.15,9.14,9.13,9.12,9.11,9.21,9.22,9.23,9.24,9.25,9.26,9.27,9.28,9.29,9.3,100,4000,3100,16900,5900,13700,6800,10000,500,9300,3900,13100,3000,500,4300,26700,31000,700,9400,14800
87.0,9.2,138000,1270873.0,9.2,9.19,9.18,9.17,9.16,9.15,9.14,9.13,9.12,9.11,9.21,9.22,9.23,9.24,9.25,9.26,9.27,9.28,9.29,9.3,100,4000,5100,16900,5900,13700,6800,10000,500,9300,3900,13100,3000,500,4300,26700,31000,700,9400,14800
88.0,9.21,141900,1306792.0,9.21,9.2,9.19,9.18,9.17,9.16,9.15,9.14,9.13,9.12,9.22,9.23,9.24,9.25,9.26,9.27,9.28,9.29,9.3,9.31,4600,5800,4000,4100,16900,5900,13700,6800,10000,500,13100,3000,500,4300,26700,31000,700,9400,14800,2000
89.0,9.23,157300,1448795.0,9.22,9.21,9.2,9.19,9.18,9.17,9.16,9.15,9.14,9.13,9.23,9.24,9.25,9.26,9.27,9.28,9.29,9.3,9.31,9.32,2300,4400,6100,4000,4100,16900,5900,13700,6800,10000,1100,500,4300,26700,31000,700,9400,14800,2000,16400
90.0,9.23,169900,1564872.0,9.22,9.21,9.2,9.19,9.18,9.17,9.16,9.15,9.14,9.13,9.23,9.24,9.25,9.26,9.27,9.28,9.29,9.3,9.31,9.32,2900,9400,6100,4000,4100,16900,5900,13700,6800,10000,700,500,4300,26700,31000,700,9400,14800,2000,16400
91.0,9.23,170600,1571333.0,9.23,9.22,9.21,9.2,9.19,9.18,9.17,9.16,9.15,9.14,9.24,9.25,9.26,9.27,9.28,9.29,9.3,9.31,9.32,9.33,5900,23700,9400,6100,4000,6100,16900,5900,13700,6800,500,4300,26700,31000,700,9400,14800,2000,16400,3500
92.0,9.23,171500,1579640.0,9.23,9.22,9.21,9.2,9.19,9.18,9.17,9.16,9.15,9.14,9.24,9.25,9.26,9.27,9.28,9.29,9.3,9.31,9.32,9.33,6000,23700,9400,6100,4000,6000,16900,5900,13700,6800,500,4300,26700,31000,700,9400,14800,2000,16400,3500
93.0,9.24,171700,1581488.0,9.23,9.22,9.21,9.2,9.19,9.18,9.17,9.16,9.15,9.14,9.24,9.25,9.26,9.27,9.28,9.29,9.3,9.31,9.32,9.33,6000,23700,3500,6100,4000,6000,16900,5900,13700,6800,300,4300,26700,31000,700,9400,14800,2000,16400,3500
94.0,9.24,171700,1581488.0,9.23,9.22,9.21,9.2,9.19,9.18,9.17,9.16,9.15,9.14,9.24,9.25,9.26,9.27,9.28,9.29,9.3,9.31,9.32,9.33,6000,23700,3500,7100,4000,6000,16900,5900,13700,6800,300,4300,26700,31000,700,9400,14800,2000,16400,3500
95.0,9.23,172300,1587026.0,9.23,9.22,9.21,9.2,9.19,9.18,9.17,9.16,9.15,9.14,9.24,9.25,9.26,9.27,9.28,9.29,9.3,9.31,9.32,9.33,6200,23700,3500,7100,4000,6000,16900,5900,13700,6800,300,4300,26700,31000,700,9400,14800,2000,16400,3500
96.0,9.23,172900,1592564.0,9.23,9.22,9.21,9.2,9.19,9.18,9.17,9.16,9.15,9.14,9.24,9.25,9.26,9.27,9.28,9.29,9.3,9.31,9.32,9.33,5600,23700,3500,7500,4000,6000,16900,5900,13700,6800,300,4300,26700,31000,700,9400,14800,2000,16400,3500
97.0,9.23,172900,1592564.0,9.23,9.22,9.21,9.2,9.19,9.18,9.17,9.16,9.15,9.14,9.24,9.25,9.26,9.27,9.28,9.29,9.3,9.31,9.32,9.33,5600,21000,3500,7500,4000,6000,16900,5900,13700,6800,300,4300,26700,31000,700,9400,14800,2000,16400,3500
98.0,9.23,173400,1597179.0,9.23,9.22,9.21,9.2,9.19,9.18,9.17,9.16,9.15,9.14,9.24,9.25,9.26,9.27,9.28,9.29,9.3,9.31,9.32,9.33,5100,21000,3500,7500,4000,6000,16900,5900,13700,6800,300,4300,26700,31000,700,9400,14800,2000,16400,3500
99.0,9.23,174400,1606409.0,9.23,9.22,9.21,9.2,9.19,9.18,9.17,9.16,9.15,9.14,9.24,9.25,9.26,9.27,9.28,9.29,9.3,9.31,9.32,9.33,4100,21000,4700,7500,4000,6000,16900,5900,13700,6800,400,4300,26700,31000,700,9400,14800,2000,16400,3500
100.0,9.23,174400,1606409.0,9.23,9.22,9.21,9.2,9.19,9.18,9.17,9.16,9.15,9.14,9.24,9.25,9.26,9.27,9.28,9.29,9.3,9.31,9.32,9.33,4100,21000,4700,7500,4000,6000,16900,5900,13700,6800,500,4300,26700,31000,700,9400,14800,2000,16400,3500
101.0,9.23,174400,1606409.0,9.23,9.22,9.21,9.2,9.19,9.18,9.17,9.16,9.15,9.14,9.24,9.25,9.26,9.27,9.28,9.29,9.3,9.31,9.32,9.33,4100,21000,4700,7500,4000,6000,16900,5900,13700,6800,500,4300,26700,31000,700,9400,14800,2000,16400,3500
102.0,9.23,174800,1610101.0,9.23,9.22,9.21,9.2,9.19,9.18,9.17,9.16,9.15,9.14,9.24,9.25,9.26,9.27,9.28,9.29,9.3,9.31,9.32,9.33,4700,21000,4700,7500,4000,6000,16900,5900,13700,6800,500,4300,26700,31000,700,9400,14800,2000,16400,3500
103.0,9.23,175200,1613793.0,9.23,9.22,9.21,9.2,9.19,9.18,9.17,9.16,9.15,9.14,9.24,9.25,9.26,9.27,9.28,9.29,9.3,9.31,9.32,9.33,4300,21000,4700,7500,4000,6000,16900,5900,13700,6800,500,4300,26700,31000,700,9400,15300,2000,16400,3500
104.0,9.23,175200,1613793.0,9.23,9.22,9.21,9.2,9.19,9.18,9.17,9.16,9.15,9.14,9.24,9.25,9.26,9.27,9.28,9.29,9.3,9.31,9.32,9.33,4300,21000,4700,7500,4000,6000,16900,5900,13700,6800,500,4300,26700,31000,700,9400,15300,2000,16400,3500
105.0,9.23,175600,1617485.0,9.23,9.22,9.21,9.2,9.19,9.18,9.17,9.16,9.15,9.14,9.24,9.25,9.26,9.27,9.28,9.29,9.3,9.31,9.32,9.33,3900,21000,4700,7500,4000,6000,16900,5900,13700,6800,500,4300,26700,31000,700,9400,15300,2000,16400,3500
106.0,9.23,175700,1618408.0,9.23,9.22,9.21,9.2,9.19,9.18,9.17,9.16,9.15,9.14,9.24,9.25,9.26,9.27,9.28,9.29,9.3,9.31,9.32,9.33,3800,21000,4700,7500,4000,6000,16900,5900,13700,6800,500,4300,26700,31000,700,9400,15300,2000,16400,3500
107.0,9.23,175700,1618408.0,9.23,9.22,9.21,9.2,9.19,9.18,9.17,9.16,9.15,9.14,9.24,9.25,9.26,9.27,9.28,9.29,9.3,9.31,9.32,9.33,3800,21000,4700,7500,4000,6000,16900,5900,13700,6800,500,4300,26700,31000,700,9400,15300,2000,16400,3500
108.0,9.23,176000,1621177.0,9.23,9.22,9.21,9.2,9.19,9.18,9.17,9.16,9.15,9.14,9.24,9.25,9.26,9.27,9.28,9.29,9.3,9.31,9.32,9.33,5800,21000,4700,7500,4000,6000,16900,5900,13700,6800,500,4300,26700,31000,700,9400,15300,2000,16400,3500
109.0,9.23,180400,1661789.0,9.23,9.22,9.21,9.2,9.19,9.18,9.17,9.16,9.15,9.14,9.24,9.25,9.26,9.27,9.28,9.29,9.3,9.31,9.32,9.33,1400,21000,4700,7500,4000,6000,16900,5900,13700,6800,2500,4300,26700,31000,700,9400,15300,2000,16400,3500
110.0,9.23,180500,1662712.0,9.23,9.22,9.21,9.2,9.19,9.18,9.17,9.16,9.15,9.14,9.24,9.25,9.26,9.27,9.28,9.29,9.3,9.31,9.32,9.33,1300,21000,4700,7500,4000,6000,16900,5900,13700,6800,2500,4300,26700,31000,700,9400,15300,2000,16400,3500
111.0,9.23,180800,1665481.0,9.23,9.22,9.21,9.2,9.19,9.18,9.17,9.16,9.15,9.14,9.24,9.25,9.26,9.27,9.28,9.29,9.3,9.31,9.32,9.33,1000,21000,4700,7500,4000,6000,16900,5900,13700,6800,2500,4300,26700,31000,700,9400,15300,2000,16400,3500
112.0,9.23,180800,1665481.0,9.23,9.22,9.21,9.2,9.19,9.18,9.17,9.16,9.15,9.14,9.24,9.25,9.26,9.27,9.28,9.29,9.3,9.31,9.32,9.33,1000,21000,4700,7500,4000,6000,16900,5900,13700,6800,2500,4300,26700,31000,700,9400,15300,2000,16400,3500
113.0,9.23,181800,1674711.0,9.22,9.21,9.2,9.19,9.18,9.17,9.16,9.15,9.14,9.13,9.23,9.24,9.25,9.26,9.27,9.28,9.29,9.3,9.31,9.32,20800,4700,7500,4000,6000,16900,5900,13700,6800,10000,6100,2500,4300,26700,31000,700,9400,15300,2000,16400
114.0,9.23,181800,1674711.0,9.22,9.21,9.2,9.19,9.18,9.17,9.16,9.15,9.14,9.13,9.23,9.24,9.25,9.26,9.27,9.28,9.29,9.3,9.31,9.32,20800,4700,7500,4000,6000,16900,5900,13700,6800,10000,6100,2500,4300,26700,31000,700,9400,15300,2000,16400
115.0,9.22,182800,1683931.0,9.22,9.21,9.2,9.19,9.18,9.17,9.16,9.15,9.14,9.13,9.23,9.24,9.25,9.26,9.27,9.28,9.29,9.3,9.31,9.32,19800,4700,7500,4000,6000,16900,5900,13700,6800,10000,6100,2500,4300,26700,31000,700,9400,15300,2000,16400
116.0,9.22,182800,1683931.0,9.22,9.21,9.2,9.19,9.18,9.17,9.16,9.15,9.14,9.13,9.23,9.24,9.25,9.26,9.27,9.28,9.29,9.3,9.31,9.32,19800,4700,7500,4000,6000,16900,5900,13700,6800,10000,6100,2500,4300,26700,31000,700,9400,15300,2000,16400
117.0,9.23,182900,1684854.0,9.22,9.21,9.2,9.19,9.18,9.17,9.16,9.15,9.14,9.13,9.23,9.24,9.25,9.26,9.27,9.28,9.29,9.3,9.31,9.32,19800,4700,7500,4000,6000,16900,5900,13700,6800,10000,6000,2500,4300,26700,31000,700,9400,15300,2000,16400
118.0,9.22,183900,1694074.0,9.22,9.21,9.2,9.19,9.18,9.17,9.16,9.15,9.14,9.13,9.23,9.24,9.25,9.26,9.27,9.28,9.29,9.3,9.31,9.32,18800,4700,1800,4000,6000,16900,5900,13700,6800,10000,6000,2500,4300,16200,31000,700,9400,15300,2000,16400
119.0,9.22,183900,1694074.0,9.22,9.21,9.2,9.19,9.18,9.17,9.16,9.15,9.14,9.13,9.23,9.24,9.25,9.26,9.27,9.28,9.29,9.3,9.31,9.32,18800,4700,1700,4000,6000,16900,5900,13700,6800,10000,6000,2500,4300,16200,31000,700,9400,15300,2000,16400
120.0,9.22,183900,1694074.0,9.22,9.21,9.2,9.19,9.18,9.17,9.16,9.15,9.14,9.13,9.23,9.24,9.25,9.26,9.27,9.28,9.29,9.3,9.31,9.32,18800,4700,1700,4000,6000,16900,5900,13700,6800,10000,6000,2500,4300,16200,31000,1700,9400,15300,2000,16400
121.0,9.22,195100,1797338.0,9.22,9.21,9.2,9.19,9.18,9.17,9.16,9.15,9.14,9.13,9.23,9.24,9.25,9.26,9.27,9.28,9.29,9.3,9.31,9.32,7600,4700,1700,4000,6000,16900,5900,13700,6800,10000,6100,2400,4300,16200,31000,1700,9400,15300,2000,16400
122.0,9.22,195100,1797338.0,9.22,9.21,9.2,9.19,9.18,9.17,9.16,9.15,9.14,9.13,9.23,9.24,9.25,9.26,9.27,9.28,9.29,9.3,9.31,9.32,7600,4700,1700,4000,6000,16900,5900,13700,6800,10000,6100,2400,4300,16200,31000,1700,9400,15300,2000,16400
123.0,9.22,196600,1811168.0,9.21,9.2,9.19,9.18,9.17,9.16,9.15,9.14,9.13,9.12,9.23,9.24,9.25,9.26,9.27,9.28,9.29,9.3,9.31,9.32,4700,1700,4000,6000,16900,5900,13700,6800,10000,500,6200,2400,4300,16200,31000,1700,9400,15300,2000,16400
124.0,9.21,197000,1814852.0,9.21,9.2,9.19,9.18,9.17,9.16,9.15,9.14,9.13,9.12,9.23,9.24,9.25,9.26,9.27,9.28,9.29,9.3,9.31,9.32,6700,1300,4000,6000,16900,5900,13700,6800,10000,500,8600,2400,4300,16200,31000,1700,9400,15300,2000,16400
125.0,9.23,199600,1838850.0,9.21,9.2,9.19,9.18,9.17,9.16,9.15,9.14,9.13,9.12,9.23,9.24,9.25,9.26,9.27,9.28,9.29,9.3,9.31,9.32,6700,1300,4000,6000,16900,5900,13700,6800,10000,500,24300,2400,4300,16200,31000,1700,9400,15300,2000,16400
126.0,9.23,199600,1838850.0,9.21,9.2,9.19,9.18,9.17,9.16,9.15,9.14,9.13,9.12,9.23,9.24,9.25,9.26,9.27,9.28,9.29,9.3,9.31,9.32,8400,1300,4000,6000,16900,5900,13700,6800,10000,500,26700,2400,4300,16200,31000,1700,9400,25300,2000,16400
127.0,9.23,199600,1838850.0,9.21,9.2,9.19,9.18,9.17,9.16,9.15,9.14,9.13,9.12,9.23,9.24,9.25,9.26,9.27,9.28,9.29,9.3,9.31,9.32,9100,1300,4000,6000,16900,5900,13700,6800,10000,500,26700,2400,4300,16200,31000,1700,9400,25300,2000,16400
128.0,9.21,200500,1847139.0,9.21,9.2,9.19,9.18,9.17,9.16,9.15,9.14,9.13,9.12,9.23,9.24,9.25,9.26,9.27,9.28,9.29,9.3,9.31,9.32,8200,1300,4000,6000,16900,5900,13700,6800,10000,500,23300,2400,4300,16200,31000,1700,9400,25300,2000,16400
129.0,9.21,200800,1849902.0,9.21,9.2,9.19,9.18,9.17,9.16,9.15,9.14,9.13,9.12,9.23,9.24,9.25,9.26,9.27,9.28,9.29,9.3,9.31,9.32,10300,1300,4000,6000,16900,5900,13700,6800,10000,500,25700,2400,4300,16200,31000,1700,9400,25300,2000,16400
130.0,9.21,200800,1849902.0,9.21,9.2,9.19,9.18,9.17,9.16,9.15,9.14,9.13,9.12,9.23,9.24,9.25,9.26,9.27,9.28,9.29,9.3,9.31,9.32,10300,1300,4000,6000,16900,5900,13700,6800,10000,500,25700,2400,4300,16200,31000,1700,9400,25300,2000,16400
131.0,9.21,201800,1859112.0,9.21,9.2,9.19,9.18,9.17,9.16,9.15,9.14,9.13,9.12,9.23,9.24,9.25,9.26,9.27,9.28,9.29,9.3,9.31,9.32,11000,1300,4000,6000,16900,5900,13700,6800,10000,500,28100,2400,4300,16200,31000,1700,9400,25300,2000,16400
132.0,9.21,201800,1859112.0,9.21,9.2,9.19,9.18,9.17,9.16,9.15,9.14,9.13,9.12,9.23,9.24,9.25,9.26,9.27,9.28,9.29,9.3,9.31,9.32,11700,1300,4000,6000,17200,5900,13700,6800,10000,500,28100,2400,4300,16200,31000,1700,9400,25300,2000,16400
133.0,9.21,201800,1859112.0,9.21,9.2,9.19,9.18,9.17,9.16,9.15,9.14,9.13,9.12,9.23,9.24,9.25,9.26,9.27,9.28,9.29,9.3,9.31,9.32,11700,1300,4000,6000,17200,5900,13700,6800,10000,500,28300,2400,9300,16200,31000,1700,9400,25300,2000,16400
134.0,9.21,204900,1887663.0,9.21,9.2,9.19,9.18,9.17,9.16,9.15,9.14,9.13,9.12,9.23,9.24,9.25,9.26,9.27,9.28,9.29,9.3,9.31,9.32,12000,1300,4000,6000,17200,5900,13700,6800,10000,500,30700,2400,9300,16200,31000,1700,9400,25300,2000,16400
135.0,9.21,204900,1887663.0,9.21,9.2,9.19,9.18,9.17,9.16,9.15,9.14,9.13,9.12,9.22,9.23,9.24,9.25,9.26,9.27,9.28,9.29,9.3,9.31,12000,1300,4000,6000,17200,5900,13700,6800,10000,500,5800,30700,2300,9300,16200,31000,1700,9400,25300,2000
136.0,9.21,204900,1887663.0,9.21,9.2,9.19,9.18,9.17,9.16,9.15,9.14,9.13,9.12,9.22,9.23,9.24,9.25,9.26,9.27,9.28,9.29,9.3,9.31,12000,1300,4000,6000,17200,5900,13700,6800,10000,500,5800,30700,2300,9300,16200,31000,1700,9400,25300,2000
137.0,9.21,205000,1888584.0,9.21,9.2,9.19,9.18,9.17,9.16,9.15,9.14,9.13,9.12,9.22,9.23,9.24,9.25,9.26,9.27,9.28,9.29,9.3,9.31,11900,1300,4000,6000,17200,5900,13700,6800,10000,500,5900,30700,2300,9300,16200,31000,1700,9400,25300,2000
138.0,9.22,206200,1899638.0,9.21,9.2,9.19,9.18,9.17,9.16,9.15,9.14,9.13,9.12,9.22,9.23,9.24,9.25,9.26,9.27,9.28,9.29,9.3,9.31,10900,1300,4000,6700,17200,5900,13700,6800,10000,500,5700,30700,2300,9300,16200,31000,1700,9400,24800,2000
139.0,9.22,206200,1899638.0,9.21,9.2,9.19,9.18,9.17,9.16,9.15,9.14,9.13,9.12,9.22,9.23,9.24,9.25,9.26,9.27,9.28,9.29,9.3,9.31,10900,1300,4000,6700,17200,5900,13700,6800,10000,500,5700,30700,2300,9300,16200,31000,1700,9400,24800,2000
140.0,9.22,206200,1899638.0,9.21,9.2,9.19,9.18,9.17,9.16,9.15,9.14,9.13,9.12,9.22,9.23,9.24,9.25,9.26,9.27,9.28,9.29,9.3,9.31,10900,1300,4000,6700,17200,5900,13700,6800,10000,500,8800,30700,2300,9300,16200,31000,1700,9400,24800,2000
141.0,9.21,207700,1913453.0,9.21,9.2,9.19,9.18,9.17,9.16,9.15,9.14,9.13,9.12,9.22,9.23,9.24,9.25,9.26,9.27,9.28,9.29,9.3,9.31,14400,1300,4000,6700,17200,5900,13700,6800,10000,500,8800,30700,2300,9300,16200,31000,1700,9400,24800,2000
142.0,9.21,207700,1913453.0,9.21,9.2,9.19,9.18,9.17,9.16,9.15,9.14,9.13,9.12,9.22,9.23,9.24,9.25,9.26,9.27,9.28,9.29,9.3,9.31,14400,1300,4000,8700,17200,5900,13700,6800,10000,500,9000,30600,2300,9300,21200,31000,1700,9400,24800,2000
143.0,9.21,207700,1913453.0,9.21,9.2,9.19,9.18,9.17,9.16,9.15,9.14,9.13,9.12,9.22,9.23,9.24,9.25,9.26,9.27,9.28,9.29,9.3,9.31,14400,9700,4000,8700,17200,5900,13700,6800,10000,500,9000,30600,2300,9300,21200,31000,1700,9400,25200,2000
144.0,9.21,208700,1922663.0,9.21,9.2,9.19,9.18,9.17,9.16,9.15,9.14,9.13,9.12,9.22,9.23,9.24,9.25,9.26,9.27,9.28,9.29,9.3,9.31,13400,9700,4000,8700,17200,5900,13700,6800,10000,500,11600,30600,2300,9300,21200,31000,1700,9400,25200,2000
145.0,9.21,209700,1931873.0,9.21,9.2,9.19,9.18,9.17,9.16,9.15,9.14,9.13,9.12,9.22,9.23,9.24,9.25,9.26,9.27,9.28,9.29,9.3,9.31,12400,9700,6800,8700,17200,5900,13700,6800,10000,500,11600,62700,2300,9300,21200,31000,1700,9400,25200,2000
146.0,9.21,209700,1931873.0,9.21,9.2,9.19,9.18,9.17,9.16,9.15,9.14,9.13,9.12,9.22,9.23,9.24,9.25,9.26,9.27,9.28,9.29,9.3,9.31,12400,9700,6800,8700,17200,5900,13700,6800,10000,500,11900,62600,2300,9300,21200,31000,1700,9400,25200,2000
147.0,9.21,211700,1950293.0,9.21,9.2,9.19,9.18,9.17,9.16,9.15,9.14,9.13,9.12,9.22,9.23,9.24,9.25,9.26,9.27,9.28,9.29,9.3,9.31,10400,9700,6800,8700,17200,5900,13700,6800,10000,500,11900,62600,2300,12200,21200,31000,1700,9400,25200,2000
148.0,9.21,213200,1964108.0,9.21,9.2,9.19,9.18,9.17,9.16,9.15,9.14,9.13,9.12,9.22,9.23,9.24,9.25,9.26,9.27,9.28,9.29,9.3,9.31,8900,9700,6800,8700,17200,5900,13700,6800,10000,500,11900,62600,2300,12200,21200,31000,1700,9400,25200,2000
149.0,9.21,215000,1980686.0,9.21,9.2,9.19,9.18,9.17,9.16,9.15,9.14,9.13,9.12,9.22,9.23,9.24,9.25,9.26,9.27,9.28,9.29,9.3,9.31,7100,9700,6800,8700,17200,5900,13700,6800,10000,500,11900,62600,2300,12200,21200,31000,1700,9400,25200,2000
150.0,9.21,215000,1980686.0,9.21,9.2,9.19,9.18,9.17,9.16,9.15,9.14,9.13,9.12,9.22,9.23,9.24,9.25,9.26,9.27,9.28,9.29,9.3,9.31,7100,9700,6800,8700,17200,5900,13700,6800,10000,500,11900,62600,2300,12200,21200,31000,1700,9400,25200,2000
151.0,9.21,215700,1987133.0,9.21,9.2,9.19,9.18,9.17,9.16,9.15,9.14,9.13,9.12,9.22,9.23,9.24,9.25,9.26,9.27,9.28,9.29,9.3,9.31,6400,9700,6800,8700,17200,5900,13700,6800,10000,500,11900,62600,2300,12200,21200,31000,1700,9400,25200,2000
152.0,9.21,219500,2022131.0,9.21,9.2,9.19,9.18,9.17,9.16,9.15,9.14,9.13,9.12,9.22,9.23,9.24,9.25,9.26,9.27,9.28,9.29,9.3,9.31,2600,9700,6800,8700,17200,5900,13700,6800,10000,500,11900,62600,2300,12200,21200,31000,1700,9400,25200,2000
153.0,9.21,219500,2022131.0,9.21,9.2,9.19,9.18,9.17,9.16,9.15,9.14,9.13,9.12,9.22,9.23,9.24,9.25,9.26,9.27,9.28,9.29,9.3,9.31,2600,9700,6800,9700,17200,5900,13700,6800,10000,500,11900,62600,2300,12200,21200,31000,1700,9400,25200,2000
154.0,9.21,220800,2034104.0,9.21,9.2,9.19,9.18,9.17,9.16,9.15,9.14,9.13,9.12,9.22,9.23,9.24,9.25,9.26,9.27,9.28,9.29,9.3,9.31,1300,9700,6800,9700,17700,5900,13700,6800,10000,500,11900,62600,2300,12200,21200,31000,1700,9400,25200,2000
155.0,9.21,220900,2035025.0,9.21,9.2,9.19,9.18,9.17,9.16,9.15,9.14,9.13,9.12,9.22,9.23,9.24,9.25,9.26,9.27,9.28,9.29,9.3,9.31,1200,9700,6800,9700,17700,5900,13700,6800,10000,500,11900,62600,2300,12200,21200,31000,1700,9400,25200,2000
156.0,9.22,221300,2038713.0,9.21,9.2,9.19,9.18,9.17,9.16,9.15,9.14,9.13,9.12,9.22,9.23,9.24,9.25,9.26,9.27,9.28,9.29,9.3,9.31,1400,9700,6800,9700,17700,5900,13700,6800,10000,500,11500,67800,2300,12200,21200,31000,1700,9400,25200,2000
157.0,9.22,221300,2038713.0,9.21,9.2,9.19,9.18,9.17,9.16,9.15,9.14,9.13,9.12,9.22,9.23,9.24,9.25,9.26,9.27,9.28,9.29,9.3,9.31,1400,9700,6800,9700,17700,5900,13700,6800,10000,500,11500,67800,2300,12200,21200,31000,1700,9400,25200,2000
158.0,9.21,221400,2039634.0,9.21,9.2,9.19,9.18,9.17,9.16,9.15,9.14,9.13,9.12,9.22,9.23,9.24,9.25,9.26,9.27,9.28,9.29,9.3,9.31,1300,9700,6800,9700,17700,5900,13700,6800,10000,500,11500,67800,2300,12200,20700,31000,1700,9400,25200,2000
159.0,9.21,222700,2051607.0,9.2,9.19,9.18,9.17,9.16,9.15,9.14,9.13,9.12,9.11,9.21,9.22,9.23,9.24,9.25,9.26,9.27,9.28,9.29,9.3,12300,6800,9700,17700,5900,13700,6800,10000,500,9300,1100,11500,50100,2300,12200,20700,31000,1700,9400,25200
160.0,9.21,224000,2063580.0,9.21,9.2,9.19,9.18,9.17,9.16,9.15,9.14,9.13,9.12,9.22,9.23,9.24,9.25,9.26,9.27,9.28,9.29,9.3,9.31,2500,12300,6800,9700,17700,5900,13700,6800,10000,500,11500,50100,2300,12200,20700,31000,1700,9400,25200,2000
161.0,9.21,224000,2063580.0,9.21,9.2,9.19,9.18,9.17,9.16,9.15,9.14,9.13,9.12,9.22,9.23,9.24,9.25,9.26,9.27,9.28,9.29,9.3,9.31,3400,18100,6800,9700,17700,5900,13700,6800,10000,500,11500,50100,2300,12200,20700,31000,1700,9400,25200,2000
162.0,9.21,224300,2066343.0,9.21,9.2,9.19,9.18,9.17,9.16,9.15,9.14,9.13,9.12,9.22,9.23,9.24,9.25,9.26,9.27,9.28,9.29,9.3,9.31,3500,18100,6800,9700,17700,5900,13700,6800,10000,500,11500,50100,2300,12200,20700,31000,1700,9400,25200,2000
163.0,9.21,224300,2066343.0,9.21,9.2,9.19,9.18,9.17,9.16,9.15,9.14,9.13,9.12,9.22,9.23,9.24,9.25,9.26,9.27,9.28,9.29,9.3,9.31,3500,18100,6800,10100,17700,5900,13700,6800,10000,500,11500,50100,2300,12200,20700,31000,1700,9400,25200,2000
164.0,9.21,225300,2075553.0,9.21,9.2,9.19,9.18,9.17,9.16,9.15,9.14,9.13,9.12,9.22,9.23,9.24,9.25,9.26,9.27,9.28,9.29,9.3,9.31,2500,18100,6800,10100,17700,5900,13700,6800,10000,500,11500,50100,2300,12200,20700,31000,1700,9400,25200,2000
165.0,9.21,225500,2077395.0,9.21,9.2,9.19,9.18,9.17,9.16,9.15,9.14,9.13,9.12,9.22,9.23,9.24,9.25,9.26,9.27,9.28,9.29,9.3,9.31,2300,18100,6800,10100,17700,5900,13700,6800,10000,500,11500,50100,2300,12200,20700,31000,1700,9400,25200,2000
166.0,9.21,225700,2079237.0,9.21,9.2,9.19,9.18,9.17,9.16,9.15,9.14,9.13,9.12,9.22,9.23,9.24,9.25,9.26,9.27,9.28,9.29,9.3,9.31,2100,18100,6800,8100,17700,5900,13700,6800,10000,500,11500,50100,2300,12200,20700,31000,1700,9400,25700,2000
167.0,9.22,226600,2087534.0,9.21,9.2,9.19,9.18,9.17,9.16,9.15,9.14,9.13,9.12,9.22,9.23,9.24,9.25,9.26,9.27,9.28,9.29,9.3,9.31,2000,18100,6800,8100,17700,5900,13700,6800,10000,500,10700,44900,2300,12200,20700,31000,1700,9400,25700,2000
168.0,9.22,226600,2087534.0,9.21,9.2,9.19,9.18,9.17,9.16,9.15,9.14,9.13,9.12,9.22,9.23,9.24,9.25,9.26,9.27,9.28,9.29,9.3,9.31,2600,18100,6800,8100,17700,5900,13700,6800,10000,500,11200,44900,2300,12200,20700,31000,1700,9400,25700,2000
169.0,9.21,227300,2093981.0,9.21,9.2,9.19,9.18,9.17,9.16,9.15,9.14,9.13,9.12,9.22,9.23,9.24,9.25,9.26,9.27,9.28,9.29,9.3,9.31,1900,18100,6800,8100,17700,5900,13700,6800,10000,500,11200,44900,2300,12200,20700,31000,1700,9400,25700,2000
170.0,9.21,227300,2093981.0,9.21,9.2,9.19,9.18,9.17,9.16,9.15,9.14,9.13,9.12,9.22,9.23,9.24,9.25,9.26,9.27,9.28,9.29,9.3,9.31,1900,18600,6800,8100,17700,5900,13700,6800,10000,500,11200,44900,2300,12200,20700,31000,1700,9400,25700,2000
171.0,9.22,228700,2106889.0,9.21,9.2,9.19,9.18,9.17,9.16,9.15,9.14,9.13,9.12,9.22,9.23,9.24,9.25,9.26,9.27,9.28,9.29,9.3,9.31,1900,18600,6800,8100,17700,5900,13700,6800,10000,500,9800,44900,2300,12200,20700,31000,1700,9400,25700,2000
172.0,9.21,228800,2107810.0,9.21,9.2,9.19,9.18,9.17,9.16,9.15,9.14,9.13,9.12,9.22,9.23,9.24,9.25,9.26,9.27,9.28,9.29,9.3,9.31,1800,18600,6800,8100,17700,5900,13700,6800,10000,500,9800,44900,2300,12200,20700,31000,1700,9400,25700,2000
173.0,9.21,230600,2124388.0,9.2,9.19,9.18,9.17,9.16,9.15,9.14,9.13,9.12,9.11,9.21,9.22,9.23,9.24,9.25,9.26,9.27,9.28,9.29,9.3,18600,6800,8100,17700,5900,13700,6800,10000,500,9300,700,9800,44900,2300,32200,20700,31000,1700,9400,25700
174.0,9.21,230600,2124388.0,9.2,9.19,9.18,9.17,9.16,9.15,9.14,9.13,9.12,9.11,9.21,9.22,9.23,9.24,9.25,9.26,9.27,9.28,9.29,9.3,18600,6800,8100,17700,5900,13700,6800,10000,500,9300,700,9800,44900,2300,32200,14700,31000,1700,9400,25700
175.0,9.21,230600,2124388.0,9.2,9.19,9.18,9.17,9.16,9.15,9.14,9.13,9.12,9.11,9.21,9.22,9.23,9.24,9.25,9.26,9.27,9.28,9.29,9.3,18600,6800,8100,17700,5900,13700,6800,10000,500,9300,700,9800,44900,2300,32200,14700,31000,1700,9400,25700
176.0,9.2,231600,2133588.0,9.2,9.19,9.18,9.17,9.16,9.15,9.14,9.13,9.12,9.11,9.21,9.22,9.23,9.24,9.25,9.26,9.27,9.28,9.29,9.3,17600,6800,8100,17700,5900,13700,6800,10000,500,9300,700,9800,44900,2300,32200,14700,31000,1700,9400,25700
177.0,9.2,231600,2133588.0,9.2,9.19,9.18,9.17,9.16,9.15,9.14,9.13,9.12,9.11,9.21,9.22,9.23,9.24,9.25,9.26,9.27,9.28,9.29,9.3,17600,6800,8100,17700,5900,13700,6800,10000,500,9300,700,9800,44900,2300,32200,14700,31000,1700,9400,25700
178.0,9.2,231600,2133588.0,9.2,9.19,9.18,9.17,9.16,9.15,9.14,9.13,9.12,9.11,9.21,9.22,9.23,9.24,9.25,9.26,9.27,9.28,9.29,9.3,17600,6800,8100,17700,5900,13700,6800,10000,500,9300,700,9800,44900,2300,32200,14700,31000,1700,9400,25700
179.0,9.2,232600,2142788.0,9.2,9.19,9.18,9.17,9.16,9.15,9.14,9.13,9.12,9.11,9.21,9.22,9.23,9.24,9.25,9.26,9.27,9.28,9.29,9.3,16600,6800,8100,17700,5900,13700,6800,10000,500,9300,1900,9800,44900,2300,32200,14700,31000,1700,9400,25700
180.0,9.21,234500,2160287.0,9.21,9.2,9.19,9.18,9.17,9.16,9.15,9.14,9.13,9.12,9.22,9.23,9.24,9.25,9.26,9.27,9.28,9.29,9.3,9.31,3500,16600,6800,8100,17700,5900,13700,7800,10000,500,9800,44900,2300,32200,14700,31000,1700,9400,25700,2000
181.0,9.21,235600,2170419.0,9.21,9.2,9.19,9.18,9.17,9.16,9.15,9.14,9.13,9.12,9.22,9.23,9.24,9.25,9.26,9.27,9.28,9.29,9.3,9.31,2500,16600,6800,8100,17700,5900,13700,7800,10000,500,9800,44900,2300,32200,14700,31000,1700,9400,25700,2000
182.0,9.21,235600,2170419.0,9.21,9.2,9.19,9.18,9.17,9.16,9.15,9.14,9.13,9.12,9.22,9.23,9.24,9.25,9.26,9.27,9.28,9.29,9.3,9.31,2500,17100,6800,8100,17700,5900,13700,7800,10000,500,14800,12800,2300,32200,14700,31000,1700,9400,25700,2000
183.0,9.21,235800,2172261.0,9.21,9.2,9.19,9.18,9.17,9.16,9.15,9.14,9.13,9.12,9.22,9.23,9.24,9.25,9.26,9.27,9.28,9.29,9.3,9.31,2300,17100,6800,8100,17700,5900,13700,7800,10000,500,14800,12800,2300,32200,14700,31000,1700,9400,25700,2000
184.0,9.21,238100,2193444.0,9.2,9.19,9.18,9.17,9.16,9.15,9.14,9.13,9.12,9.11,9.21,9.22,9.23,9.24,9.25,9.26,9.27,9.28,9.29,9.3,17100,6800,8100,17700,5900,13700,7800,10000,500,9300,4100,14500,12600,2300,32200,14700,31000,1700,9400,25700
185.0,9.2,238300,2195284.0,9.2,9.19,9.18,9.17,9.16,9.15,9.14,9.13,9.12,9.11,9.21,9.22,9.23,9.24,9.25,9.26,9.27,9.28,9.29,9.3,16900,6800,8100,17700,5900,13700,7800,10000,500,9300,4200,14500,12600,2300,32200,16600,31000,1700,9400,25700
186.0,9.2,238300,2195284.0,9.2,9.19,9.18,9.17,9.16,9.15,9.14,9.13,9.12,9.11,9.21,9.22,9.23,9.24,9.25,9.26,9.27,9.28,9.29,9.3,16900,6800,8100,17700,5900,13700,7800,10000,500,9300,4200,14500,12600,2300,32200,16600,31000,1700,9400,25700
187.0,9.2,239300,2204484.0,9.2,9.19,9.18,9.17,9.16,9.15,9.14,9.13,9.12,9.11,9.21,9.22,9.23,9.24,9.25,9.26,9.27,9.28,9.29,9.3,15900,6800,8100,17700,5900,13700,7800,10000,500,9300,4200,14500,12600,2300,32200,16600,31000,1700,9400,25700
188.0,9.2,240300,2213684.0,9.2,9.19,9.18,9.17,9.16,9.15,9.14,9.13,9.12,9.11,9.21,9.22,9.23,9.24,9.25,9.26,9.27,9.28,9.29,9.3,14900,6800,8100,17700,5900,13700,7800,10000,500,9300,4300,14400,12600,2300,32200,16600,31000,1700,9400,25700
189.0,9.21,244600,2253287.0,9.21,9.2,9.19,9.18,9.17,9.16,9.15,9.14,9.13,9.12,9.22,9.23,9.24,9.25,9.26,9.27,9.28,9.29,9.3,9.31,2000,14900,6800,8100,17700,5900,13700,7800,10000,500,14400,12600,2300,32200,16600,31000,1700,9400,25700,2000
190.0,9.22,245600,2262505.0,9.21,9.2,9.19,9.18,9.17,9.16,9.15,9.14,9.13,9.12,9.22,9.23,9.24,9.25,9.26,9.27,9.28,9.29,9.3,9.31,1800,14900,6800,8100,17700,5900,13700,7800,10000,500,13600,12600,2300,32200,16600,31000,1700,9400,25700,2000
191.0,9.22,245600,2262505.0,9.21,9.2,9.19,9.18,9.17,9.16,9.15,9.14,9.13,9.12,9.22,9.23,9.24,9.25,9.26,9.27,9.28,9.29,9.3,9.31,1800,14900,6800,8100,17700,5900,13700,7800,10000,500,13600,12600,2300,32200,11600,31000,1700,9400,25700,2000
192.0,9.22,245600,2262505.0,9.21,9.2,9.19,9.18,9.17,9.16,9.15,9.14,9.13,9.12,9.22,9.23,9.24,9.25,9.26,9.27,9.28,9.29,9.3,9.31,1800,14900,6800,8100,17700,5900,13700,7800,10000,500,13600,12600,2300,32200,11600,31000,1700,9400,25700,2000
193.0,9.21,245900,2265268.0,9.21,9.2,9.19,9.18,9.17,9.16,9.15,9.14,9.13,9.12,9.22,9.23,9.24,9.25,9.26,9.27,9.28,9.29,9.3,9.31,1500,14900,6800,8100,17700,5900,13700,7800,10000,500,13600,12600,2300,32200,11600,31000,1700,9400,25700,2000
194.0,9.21,246000,2266189.0,9.21,9.2,9.19,9.18,9.17,9.16,9.15,9.14,9.13,9.12,9.22,9.23,9.24,9.25,9.26,9.27,9.28,9.29,9.3,9.31,1400,14900,6800,8100,18800,5900,13700,7800,10000,500,13600,12600,2300,32200,11600,31000,1700,9400,25700,2000
195.0,9.21,246000,2266189.0,9.21,9.2,9.19,9.18,9.17,9.16,9.15,9.14,9.13,9.12,9.22,9.23,9.24,9.25,9.26,9.27,9.28,9.29,9.3,9.31,1400,14900,6800,8100,18800,5900,13700,7800,10000,500,13600,12600,2300,32200,11600,31000,1700,9400,25700,2000
196.0,9.21,252400,2325133.0,9.21,9.2,9.19,9.18,9.17,9.16,9.15,9.14,9.13,9.12,9.22,9.23,9.24,9.25,9.26,9.27,9.28,9.29,9.3,9.31,400,14900,6800,8100,18800,5900,13700,7800,10000,500,13600,12600,2300,32200,11600,31000,1700,9400,25700,2000
197.0,9.21,256800,2365657.0,9.21,9.2,9.19,9.18,9.17,9.16,9.15,9.14,9.13,9.12,9.22,9.23,9.24,9.25,9.26,9.27,9.28,9.29,9.3,9.31,2500,21000,6800,8100,18800,5900,13700,7800,10000,500,13600,12600,2300,32200,11600,31000,1700,10400,25700,2000
198.0,9.22,258400,2380409.0,9.21,9.2,9.19,9.18,9.17,9.16,9.15,9.14,9.13,9.12,9.22,9.23,9.24,9.25,9.26,9.27,9.28,9.29,9.3,9.31,2500,21300,6800,8100,18800,5900,13700,7800,10000,500,12000,12600,2300,32200,11600,31000,1700,10400,25700,2000
199.0,9.22,258400,2380409.0,9.21,9.2,9.19,9.18,9.17,9.16,9.15,9.14,9.13,9.12,9.22,9.23,9.24,9.25,9.26,9.27,9.28,9.29,9.3,9.31,2500,21300,6800,8100,18800,5900,13700,7800,10000,500,12000,12600,2300,32200,11600,31000,1700,10400,25700,2000
200.0,9.22,258400,2380409.0,9.21,9.2,9.19,9.18,9.17,9.16,9.15,9.14,9.13,9.12,9.22,9.23,9.24,9.25,9.26,9.27,9.28,9.29,9.3,9.31,2700,21300,6800,8100,18800,5900,13700,7800,10000,500,12000,12600,2300,32200,11600,31000,1700,10400,25700,2000
201.0,9.21,258600,2382251.0,9.21,9.2,9.19,9.18,9.17,9.16,9.15,9.14,9.13,9.12,9.22,9.23,9.24,9.25,9.26,9.27,9.28,9.29,9.3,9.31,2500,21300,6800,8100,18800,5900,13700,7800,10000,500,12000,12600,2300,32200,11600,31000,1700,10400,25700,2000
202.0,9.21,258600,2382251.0,9.21,9.2,9.19,9.18,9.17,9.16,9.15,9.14,9.13,9.12,9.22,9.23,9.24,9.25,9.26,9.27,9.28,9.29,9.3,9.31,2500,21300,6800,8100,18800,5900,13700,7800,10000,500,12000,12600,2300,32200,11600,31000,1700,10400,25700,2000
203.0,9.22,259000,2385937.0,9.21,9.2,9.19,9.18,9.17,9.16,9.15,9.14,9.13,9.12,9.22,9.23,9.24,9.25,9.26,9.27,9.28,9.29,9.3,9.31,2200,21300,6800,8100,18800,5900,13700,7800,10000,500,11800,12600,2300,32200,11600,31000,1700,10400,25700,2000
204.0,9.22,264200,2433879.0,9.21,9.2,9.19,9.18,9.17,9.16,9.15,9.14,9.13,9.12,9.22,9.23,9.24,9.25,9.26,9.27,9.28,9.29,9.3,9.31,2500,21300,6800,8100,18800,5900,13700,7800,10000,500,6800,13100,2300,32200,11600,31000,1700,10400,25700,2000
205.0,9.21,264700,2438484.0,9.21,9.2,9.19,9.18,9.17,9.16,9.15,9.14,9.13,9.12,9.22,9.23,9.24,9.25,9.26,9.27,9.28,9.29,9.3,9.31,2000,21300,6800,8100,18800,5900,13700,7800,10000,500,6800,13100,2300,32200,11600,31000,1700,10400,25700,2000
206.0,9.21,264700,2438484.0,9.21,9.2,9.19,9.18,9.17,9.16,9.15,9.14,9.13,9.12,9.22,9.23,9.24,9.25,9.26,9.27,9.28,9.29,9.3,9.31,2100,21300,6800,8100,18800,5200,13700,7800,10000,500,6800,13100,2300,32200,11600,31000,1700,10400,25700,2000
207.0,9.22,265000,2441250.0,9.21,9.2,9.19,9.18,9.17,9.16,9.15,9.14,9.13,9.12,9.22,9.23,9.24,9.25,9.26,9.27,9.28,9.29,9.3,9.31,2100,21300,6800,8100,18800,5200,13700,7800,10000,500,6500,13100,2300,32200,11600,31000,1700,10400,25700,2000
208.0,9.21,265200,2443092.0,9.21,9.2,9.19,9.18,9.17,9.16,9.15,9.14,9.13,9.12,9.22,9.23,9.24,9.25,9.26,9.27,9.28,9.29,9.3,9.31,1900,21300,6800,8100,18800,5200,13700,7800,10000,500,6500,13100,2300,32200,11600,31000,1700,10400,25700,2000
209.0,9.21,265200,2443092.0,9.21,9.2,9.19,9.18,9.17,9.16,9.15,9.14,9.13,9.12,9.22,9.23,9.24,9.25,9.26,9.27,9.28,9.29,9.3,9.31,1900,21300,6800,8100,18800,5200,13700,7800,10000,500,6500,13100,2300,32200,11600,31000,1700,10400,25700,2000
210.0,9.21,265300,2444013.0,9.21,9.2,9.19,9.18,9.17,9.16,9.15,9.14,9.13,9.12,9.22,9.23,9.24,9.25,9.26,9.27,9.28,9.29,9.3,9.31,1800,21300,6800,8100,18800,5200,13700,7800,10000,500,6500,13100,2300,32200,11600,31000,1700,10400,25700,2000
211.0,9.22,266300,2453232.0,9.21,9.2,9.19,9.18,9.17,9.16,9.15,9.14,9.13,9.12,9.22,9.23,9.24,9.25,9.26,9.27,9.28,9.29,9.3,9.31,1700,21300,6800,8100,18800,5200,13700,7800,10000,500,7000,13100,2300,32200,11600,31000,1700,10400,25700,2000
212.0,9.22,266400,2454154.0,9.21,9.2,9.19,9.18,9.17,9.16,9.15,9.14,9.13,9.12,9.22,9.23,9.24,9.25,9.26,9.27,9.28,9.29,9.3,9.31,1700,21300,6800,8100,18800,5200,13700,7800,10000,500,6900,13100,2300,32200,11600,31000,1700,10400,25700,2000
213.0,9.22,266400,2454154.0,9.21,9.2,9.19,9.18,9.17,9.16,9.15,9.14,9.13,9.12,9.22,9.23,9.24,9.25,9.26,9.27,9.28,9.29,9.3,9.31,1700,21300,6800,8100,18800,5200,13700,7800,10000,500,6900,13100,2300,32200,11600,31000,1700,10400,25700,2000
214.0,9.21,266500,2455075.0,9.21,9.2,9.19,9.18,9.17,9.16,9.15,9.14,9.13,9.12,9.22,9.23,9.24,9.25,9.26,9.27,9.28,9.29,9.3,9.31,1600,21300,6800,8100,18800,5200,13700,7800,10000,500,6900,13100,2300,32200,11600,31000,1700,10400,25700,2000
215.0,9.21,266600,2455996.0,9.21,9.2,9.19,9.18,9.17,9.16,9.15,9.14,9.13,9.12,9.22,9.23,9.24,9.25,9.26,9.27,9.28,9.29,9.3,9.31,1500,21300,6800,8100,18800,5200,13700,7800,10000,500,6900,13100,2300,32200,11600,31000,1700,10400,25700,2000
216.0,9.21,266600,2455996.0,9.21,9.2,9.19,9.18,9.17,9.16,9.15,9.14,9.13,9.12,9.22,9.23,9.24,9.25,9.26,9.27,9.28,9.29,9.3,9.31,1500,26300,6800,8100,18800,5200,13700,7800,10000,500,6900,13100,2300,32200,11600,31000,1700,10400,25700,2000
217.0,9.21,266900,2458759.0,9.21,9.2,9.19,9.18,9.17,9.16,9.15,9.14,9.13,9.12,9.22,9.23,9.24,9.25,9.26,9.27,9.28,9.29,9.3,9.31,1200,26300,6800,8100,18800,5200,13700,7800,10000,500,6900,13100,2300,32200,11600,31000,1700,10400,25700,2000
218.0,9.21,267500,2464289.0,9.21,9.2,9.19,9.18,9.17,9.16,9.15,9.14,9.13,9.12,9.22,9.23,9.24,9.25,9.26,9.27,9.28,9.29,9.3,9.31,1100,26300,6800,8100,18800,5200,13700,7800,10000,500,6500,13100,2300,32200,11600,31000,1700,10400,25700,7000
219.0,9.21,267500,2464289.0,9.21,9.2,9.19,9.18,9.17,9.16,9.15,9.14,9.13,9.12,9.22,9.23,9.24,9.25,9.26,9.27,9.28,9.29,9.3,9.31,1100,26300,6800,8100,18800,5200,13700,7800,10000,500,6400,13100,2300,32200,11600,31000,1700,10400,25700,7000
220.0,9.21,267500,2464289.0,9.21,9.2,9.19,9.18,9.17,9.16,9.15,9.14,9.13,9.12,9.22,9.23,9.24,9.25,9.26,9.27,9.28,9.29,9.3,9.31,1100,26300,6800,8100,18800,5200,13700,7800,10000,500,6400,13100,2300,32200,11600,31000,1700,10400,25700,7000
221.0,9.21,267500,2464289.0,9.21,9.2,9.19,9.18,9.17,9.16,9.15,9.14,9.13,9.12,9.22,9.23,9.24,9.25,9.26,9.27,9.28,9.29,9.3,9.31,1100,26300,6800,8100,18800,5200,13700,7800,10000,500,6400,13100,2300,32200,11600,31000,1700,10400,25700,7000
222.0,9.21,267500,2464289.0,9.21,9.2,9.19,9.18,9.17,9.16,9.15,9.14,9.13,9.12,9.22,9.23,9.24,9.25,9.26,9.27,9.28,9.29,9.3,9.31,1000,26300,6800,8100,18800,5200,13700,7800,10000,500,6400,13100,2300,32200,11600,31000,1700,10400,25700,7000
223.0,9.21,268500,2473499.0,9.2,9.19,9.18,9.17,9.16,9.15,9.14,9.13,9.12,9.11,9.21,9.22,9.23,9.24,9.25,9.26,9.27,9.28,9.29,9.3,20500,6800,8100,18800,5200,13700,7800,10000,500,9300,500,19400,30800,2300,32200,11600,31000,1700,10400,25700
224.0,9.21,268500,2473499.0,9.2,9.19,9.18,9.17,9.16,9.15,9.14,9.13,9.12,9.11,9.21,9.22,9.23,9.24,9.25,9.26,9.27,9.28,9.29,9.3,20400,6800,8100,18800,5200,13700,7800,10000,500,9300,8200,19400,30800,2300,32200,11600,31000,1700,10400,25700
225.0,9.2,269500,2482699.0,9.2,9.19,9.18,9.17,9.16,9.15,9.14,9.13,9.12,9.11,9.21,9.22,9.23,9.24,9.25,9.26,9.27,9.28,9.29,9.3,19400,6800,8100,18800,5200,13700,7800,10000,500,9300,8200,19400,30800,2300,32200,11600,31000,1700,10400,25700
226.0,9.2,270500,2491899.0,9.2,9.19,9.18,9.17,9.16,9.15,9.14,9.13,9.12,9.11,9.21,9.22,9.23,9.24,9.25,9.26,9.27,9.28,9.29,9.3,18400,6800,8100,18800,5200,13700,7800,10000,500,9300,8300,19400,30800,2300,32200,11600,31000,1700,10400,25700
227.0,9.2,271300,2499259.0,9.2,9.19,9.18,9.17,9.16,9.15,9.14,9.13,9.12,9.11,9.21,9.22,9.23,9.24,9.25,9.26,9.27,9.28,9.29,9.3,17600,6800,8100,18800,5200,13700,7800,10000,500,9300,8300,19400,30800,7300,32200,11600,31000,1700,10400,25700
228.0,9.2,274400,2527779.0,9.2,9.19,9.18,9.17,9.16,9.15,9.14,9.13,9.12,9.11,9.21,9.22,9.23,9.24,9.25,9.26,9.27,9.28,9.29,9.3,14500,6800,8100,18800,5200,13700,7800,10000,500,9300,8300,19400,30800,7300,32200,11600,31000,1700,10400,25700
229.0,9.2,274400,2527779.0,9.2,9.19,9.18,9.17,9.16,9.15,9.14,9.13,9.12,9.11,9.21,9.22,9.23,9.24,9.25,9.26,9.27,9.28,9.29,9.3,14500,6800,8100,18800,5200,13700,7800,10000,500,9300,8300,19400,30800,7300,32200,11600,31000,1700,10400,25700
230.0,9.2,274400,2527779.0,9.2,9.19,9.18,9.17,9.16,9.15,9.14,9.13,9.12,9.11,9.21,9.22,9.23,9.24,9.25,9.26,9.27,9.28,9.29,9.3,14500,6800,8100,18800,5200,13700,7800,10000,500,9300,8300,19400,30800,7800,32200,11600,31000,1700,10400,25700
231.0,9.21,275200,2535147.0,9.2,9.19,9.18,9.17,9.16,9.15,9.14,9.13,9.12,9.11,9.21,9.22,9.23,9.24,9.25,9.26,9.27,9.28,9.29,9.3,14500,6800,8100,18800,5200,14900,7800,10000,500,9300,7800,19400,30800,7800,32200,11600,31000,1700,10400,25700
232.0,9.21,276800,2549883.0,9.2,9.19,9.18,9.17,9.16,9.15,9.14,9.13,9.12,9.11,9.21,9.22,9.23,9.24,9.25,9.26,9.27,9.28,9.29,9.3,14500,6800,8100,18800,5200,14900,7800,10000,500,9300,6200,19400,30800,7800,32200,11600,31000,1700,10400,25700
233.0,9.2,277800,2559083.0,9.2,9.19,9.18,9.17,9.16,9.15,9.14,9.13,9.12,9.11,9.21,9.22,9.23,9.24,9.25,9.26,9.27,9.28,9.29,9.3,13500,6800,8100,18800,5200,14900,7800,10000,500,9300,6200,19400,30800,13000,32200,11600,31000,1700,10400,25700
234.0,9.2,288400,2656609.0,9.2,9.19,9.18,9.17,9.16,9.15,9.14,9.13,9.12,9.11,9.21,9.22,9.23,9.24,9.25,9.26,9.27,9.28,9.29,9.3,3500,6800,8100,18800,5200,14900,7800,10000,500,9300,5600,19400,30800,13000,32200,11600,31000,1700,10400,25700
235.0,9.2,288400,2656609.0,9.2,9.19,9.18,9.17,9.16,9.15,9.14,9.13,9.12,9.11,9.21,9.22,9.23,9.24,9.25,9.26,9.27,9.28,9.29,9.3,3500,6800,8100,18800,5200,14900,7800,10000,500,9300,5600,19400,30800,13000,32200,11600,31000,1700,10400,25700
236.0,9.2,290600,2676849.0,9.2,9.19,9.18,9.17,9.16,9.15,9.14,9.13,9.12,9.11,9.21,9.22,9.23,9.24,9.25,9.26,9.27,9.28,9.29,9.3,1300,6800,8100,18800,5200,14900,7800,10000,500,9300,5600,19400,30800,13000,32200,11600,31000,1700,10400,25700
237.0,9.2,291200,2682369.0,9.2,9.19,9.18,9.17,9.16,9.15,9.14,9.13,9.12,9.11,9.21,9.22,9.23,9.24,9.25,9.26,9.27,9.28,9.29,9.3,700,6800,8100,18800,5200,14900,7800,10000,500,9300,5600,19400,30800,13000,32200,11600,31000,1700,10400,25700
238.0,9.2,292400,2693414.0,9.19,9.18,9.17,9.16,9.15,9.14,9.13,9.12,9.11,9.1,9.2,9.21,9.22,9.23,9.24,9.25,9.26,9.27,9.28,9.29,6800,8100,18800,5200,14900,7800,10000,500,9300,21400,10800,5300,51500,30800,13000,32200,11600,31000,1700,10400
239.0,9.2,292400,2693414.0,9.19,9.18,9.17,9.16,9.15,9.14,9.13,9.12,9.11,9.1,9.2,9.21,9.22,9.23,9.24,9.25,9.26,9.27,9.28,9.29,6800,8100,18800,5200,14900,7800,10000,500,9300,21400,10800,5300,51500,30800,13000,32200,11600,31000,1700,10400
240.0,9.19,294300,2710875.0,9.19,9.18,9.17,9.16,9.15,9.14,9.13,9.12,9.11,9.1,9.2,9.21,9.22,9.23,9.24,9.25,9.26,9.27,9.28,9.29,4900,8100,18800,5200,14900,7800,10000,500,9300,21400,10800,5300,51500,30800,13000,32200,11600,31000,1700,10400
241.0,9.2,295600,2722835.0,9.19,9.18,9.17,9.16,9.15,9.14,9.13,9.12,9.11,9.1,9.2,9.21,9.22,9.23,9.24,9.25,9.26,9.27,9.28,9.29,4900,9000,18800,5200,14900,7800,10000,500,9300,21400,9500,5300,51500,30800,13000,32200,11600,31000,1700,10400
242.0,9.2,295600,2722835.0,9.19,9.18,9.17,9.16,9.15,9.14,9.13,9.12,9.11,9.1,9.2,9.21,9.22,9.23,9.24,9.25,9.26,9.27,9.28,9.29,4900,9000,18800,5200,14900,7800,10000,500,9300,21400,9500,5300,51500,30800,13000,32200,11600,31000,1700,10400
243.0,9.2,295600,2722835.0,9.19,9.18,9.17,9.16,9.15,9.14,9.13,9.12,9.11,9.1,9.2,9.21,9.22,9.23,9.24,9.25,9.26,9.27,9.28,9.29,4900,9000,18800,5200,14900,7800,10000,500,9300,21400,9500,5300,51500,30800,13000,32200,11600,31000,1700,10400
244.0,9.2,296500,2731115.0,9.19,9.18,9.17,9.16,9.15,9.14,9.13,9.12,9.11,9.1,9.2,9.21,9.22,9.23,9.24,9.25,9.26,9.27,9.28,9.29,4900,9000,18800,5200,14900,7800,10000,500,9300,21400,8000,5100,51500,30800,13000,32200,11600,31000,1700,10400
245.0,9.2,296500,2731115.0,9.19,9.18,9.17,9.16,9.15,9.14,9.13,9.12,9.11,9.1,9.2,9.21,9.22,9.23,9.24,9.25,9.26,9.27,9.28,9.29,4900,9000,18800,5200,14900,7800,10000,500,9300,21400,8000,5100,51500,30800,13000,32200,11600,31000,1700,10400
246.0,9.2,296700,2732955.0,9.19,9.18,9.17,9.16,9.15,9.14,9.13,9.12,9.11,9.1,9.2,9.21,9.22,9.23,9.24,9.25,9.26,9.27,9.28,9.29,4900,9000,18800,5200,14900,7800,10000,500,9300,21400,7800,5100,51500,30800,13000,32200,11600,31000,1700,10400
247.0,9.19,297700,2742145.0,9.19,9.18,9.17,9.16,9.15,9.14,9.13,9.12,9.11,9.1,9.2,9.21,9.22,9.23,9.24,9.25,9.26,9.27,9.28,9.29,3900,9000,18800,5200,14900,7800,10000,500,9300,21400,8400,5100,51800,30800,13000,32200,11600,31000,1700,10400
248.0,9.19,298000,2744902.0,9.19,9.18,9.17,9.16,9.15,9.14,9.13,9.12,9.11,9.1,9.2,9.21,9.22,9.23,9.24,9.25,9.26,9.27,9.28,9.29,3600,9000,18800,5200,14900,7800,10000,500,9300,21400,10800,5100,51800,30800,13000,32200,11600,31000,1700,10400
249.0,9.19,298000,2744902.0,9.19,9.18,9.17,9.16,9.15,9.14,9.13,9.12,9.11,9.1,9.2,9.21,9.22,9.23,9.24,9.25,9.26,9.27,9.28,9.29,3600,9000,18800,5200,14900,7800,10000,500,9300,21400,10800,5100,51800,30800,13000,32200,11600,31000,1700,10400
250.0,9.19,298000,2744902.0,9.19,9.18,9.17,9.16,9.15,9.14,9.13,9.12,9.11,9.1,9.2,9.21,9.22,9.23,9.24,9.25,9.26,9.27,9.28,9.29,3600,9000,18800,5200,14900,7800,10000,500,9300,21400,10800,5100,50400,30800,13000,32200,11600,31000,1700,10400
251.0,9.19,298000,2744902.0,9.19,9.18,9.17,9.16,9.15,9.14,9.13,9.12,9.11,9.1,9.2,9.21,9.22,9.23,9.24,9.25,9.26,9.27,9.28,9.29,3600,9000,18800,5200,14900,7800,10000,500,9300,21400,10800,5100,37400,30800,13000,32200,11600,31000,1700,10400
252.0,9.19,298700,2751335.0,9.19,9.18,9.17,9.16,9.15,9.14,9.13,9.12,9.11,9.1,9.2,9.21,9.22,9.23,9.24,9.25,9.26,9.27,9.28,9.29,2900,9000,18800,5200,14900,7800,10000,500,9300,21400,10800,5100,37400,13100,13000,32200,11600,31000,1700,10400
253.0,9.19,298700,2751335.0,9.19,9.18,9.17,9.16,9.15,9.14,9.13,9.12,9.11,9.1,9.2,9.21,9.22,9.23,9.24,9.25,9.26,9.27,9.28,9.29,2900,9000,18800,5200,14900,7800,10000,500,9300,21400,8400,5100,37400,13100,13000,32200,11600,31000,1700,10400
254.0,9.19,298700,2751335.0,9.19,9.18,9.17,9.16,9.15,9.14,9.13,9.12,9.11,9.1,9.2,9.21,9.22,9.23,9.24,9.25,9.26,9.27,9.28,9.29,2900,9000,18800,5200,14900,7800,10000,500,9300,21400,9400,5100,37400,13100,13000,32200,11600,31000,1700,10400
255.0,9.19,298900,2753173.0,9.19,9.18,9.17,9.16,9.15,9.14,9.13,9.12,9.11,9.1,9.2,9.21,9.22,9.23,9.24,9.25,9.26,9.27,9.28,9.29,2700,9000,18800,5200,14900,7800,10000,500,9300,21400,9400,5100,37400,13100,12500,32200,11600,31000,1700,10400
256.0,9.19,301300,2775229.0,9.19,9.18,9.17,9.16,9.15,9.14,9.13,9.12,9.11,9.1,9.2,9.21,9.22,9.23,9.24,9.25,9.26,9.27,9.28,9.29,300,9000,18800,5200,14900,7800,10000,500,9300,21400,9400,5100,37400,13100,12500,32200,11600,31000,1700,10400
257.0,9.2,302200,2783509.0,9.19,9.18,9.17,9.16,9.15,9.14,9.13,9.12,9.11,9.1,9.2,9.21,9.22,9.23,9.24,9.25,9.26,9.27,9.28,9.29,300,9000,18800,5200,14900,7800,10000,500,9300,21400,8500,5100,37400,13100,12500,32200,11600,31000,1700,10400
258.0,9.19,302500,2786266.0,9.18,9.17,9.16,9.15,9.14,9.13,9.12,9.11,9.1,9.09,9.19,9.2,9.21,9.22,9.23,9.24,9.25,9.26,9.27,9.28,9000,18800,5200,14900,7800,10000,500,12000,21400,11900,5300,8500,5100,37400,12500,12500,32200,11600,31000,1700
259.0,9.19,302500,2786266.0,9.18,9.17,9.16,9.15,9.14,9.13,9.12,9.11,9.1,9.09,9.19,9.2,9.21,9.22,9.23,9.24,9.25,9.26,9.27,9.28,9000,18800,5200,14900,7800,10000,500,12000,21400,11900,5300,8500,5100,37400,12500,12500,32200,11600,31000,1700
260.0,9.19,303600,2796375.0,9.18,9.17,9.16,9.15,9.14,9.13,9.12,9.11,9.1,9.09,9.19,9.2,9.21,9.22,9.23,9.24,9.25,9.26,9.27,9.28,9000,18800,5200,14900,7800,10000,500,12000,21400,11900,4200,8500,5100,37400,12500,12500,32200,11600,31000,1700
261.0,9.19,303600,2796375.0,9.18,9.17,9.16,9.15,9.14,9.13,9.12,9.11,9.1,9.09,9.19,9.2,9.21,9.22,9.23,9.24,9.25,9.26,9.27,9.28,9000,18800,5200,14900,7800,10000,500,12000,21400,11900,3600,8500,5100,37400,12500,12500,32200,11600,31000,1700
262.0,9.19,303600,2796375.0,9.18,9.17,9.16,9.15,9.14,9.13,9.12,9.11,9.1,9.09,9.19,9.2,9.21,9.22,9.23,9.24,9.25,9.26,9.27,9.28,9000,18800,5200,14900,7800,10000,500,12000,21400,11900,16600,8500,5100,37400,12500,12500,32200,11600,31000,1700
263.0,9.19,307300,2830351.0,9.18,9.17,9.16,9.15,9.14,9.13,9.12,9.11,9.1,9.09,9.19,9.2,9.21,9.22,9.23,9.24,9.25,9.26,9.27,9.28,6800,18800,5200,14900,7800,10000,500,12000,21400,11900,16100,8500,5100,37400,12500,12500,32200,11600,31000,1700
264.0,9.19,307300,2830351.0,9.18,9.17,9.16,9.15,9.14,9.13,9.12,9.11,9.1,9.09,9.19,9.2,9.21,9.22,9.23,9.24,9.25,9.26,9.27,9.28,6800,18800,5200,14900,7800,10000,500,12000,21400,11900,16100,8500,5100,37400,12500,12500,32200,11600,31000,1700
265.0,9.19,307300,2830351.0,9.18,9.17,9.16,9.15,9.14,9.13,9.12,9.11,9.1,9.09,9.19,9.2,9.21,9.22,9.23,9.24,9.25,9.26,9.27,9.28,7100,18800,5200,14900,7800,10000,500,12000,21400,11900,16400,8500,5100,37400,12500,12500,32200,11600,31000,1700
266.0,9.18,309200,2847793.0,9.18,9.17,9.16,9.15,9.14,9.13,9.12,9.11,9.1,9.09,9.19,9.2,9.21,9.22,9.23,9.24,9.25,9.26,9.27,9.28,5800,18800,5200,14900,7800,10000,500,12000,21400,11900,17000,8500,5100,37400,12500,13400,32200,11600,31000,1700
267.0,9.19,310200,2856983.0,9.18,9.17,9.16,9.15,9.14,9.13,9.12,9.11,9.1,9.09,9.19,9.2,9.21,9.22,9.23,9.24,9.25,9.26,9.27,9.28,6100,18800,5200,14900,7800,10000,500,12000,21400,11900,16300,8500,5100,37400,12500,13400,32200,11600,31000,1700
268.0,9.18,311700,2870754.0,9.18,9.17,9.16,9.15,9.14,9.13,9.12,9.11,9.1,9.09,9.19,9.2,9.21,9.22,9.23,9.24,9.25,9.26,9.27,9.28,5300,18800,5200,14900,7800,10000,500,12000,21400,11900,16800,8500,5100,37400,12500,13400,32200,11600,31000,1700
269.0,9.18,311800,2871672.0,9.18,9.17,9.16,9.15,9.14,9.13,9.12,9.11,9.1,9.09,9.19,9.2,9.21,9.22,9.23,9.24,9.25,9.26,9.27,9.28,5500,18800,5200,14900,7800,10000,500,12000,21400,11900,17100,13500,5600,37400,12500,13400,32200,11600,31000,1700
270.0,9.18,313300,2885452.0,9.18,9.17,9.16,9.15,9.14,9.13,9.12,9.11,9.1,9.09,9.19,9.2,9.21,9.22,9.23,9.24,9.25,9.26,9.27,9.28,5700,18800,5200,14900,7800,10000,500,12000,21400,11900,16800,13500,5600,37400,12500,13400,32200,11600,31000,1700
271.0,9.19,313700,2889128.0,9.18,9.17,9.16,9.15,9.14,9.13,9.12,9.11,9.1,9.09,9.19,9.2,9.21,9.22,9.23,9.24,9.25,9.26,9.27,9.28,5700,18800,5200,14900,7800,10000,500,12000,21400,11900,16400,13500,5600,37400,12500,13400,32200,11600,31000,1700
272.0,9.19,313700,2889128.0,9.18,9.17,9.16,9.15,9.14,9.13,9.12,9.11,9.1,9.09,9.19,9.2,9.21,9.22,9.23,9.24,9.25,9.26,9.27,9.28,6600,18800,5200,14900,7800,10000,500,12000,21400,11900,22300,13500,5600,37400,12500,13400,32200,11600,31000,1700
273.0,9.19,313700,2889128.0,9.18,9.17,9.16,9.15,9.14,9.13,9.12,9.11,9.1,9.09,9.19,9.2,9.21,9.22,9.23,9.24,9.25,9.26,9.27,9.28,6800,18800,5200,14900,7800,10000,500,12000,21400,11900,22500,13500,5600,37400,12500,13400,32200,11600,31000,1700
274.0,9.17,325900,3001093.0,9.17,9.16,9.15,9.14,9.13,9.12,9.11,9.1,9.09,9.08,9.19,9.2,9.21,9.22,9.23,9.24,9.25,9.26,9.27,9.28,14700,5200,14900,7800,10000,500,12000,21400,11900,9000,21800,13500,5600,37400,12500,13400,32200,11600,31000,1700
275.0,9.17,328000,3020350.0,9.17,9.16,9.15,9.14,9.13,9.12,9.11,9.1,9.09,9.08,9.19,9.2,9.21,9.22,9.23,9.24,9.25,9.26,9.27,9.28,13600,5200,14900,7800,10000,500,12000,21400,11900,9000,22800,13500,5600,37400,12500,13400,32200,11600,31000,1700
276.0,9.18,330000,3038710.0,9.18,9.17,9.16,9.15,9.14,9.13,9.12,9.11,9.1,9.09,9.19,9.2,9.21,9.22,9.23,9.24,9.25,9.26,9.27,9.28,8400,13600,6800,14900,7800,10000,500,12000,21400,11900,22800,13500,5600,37400,12500,13400,32200,11600,31000,1700
277.0,9.18,337600,3108488.0,9.18,9.17,9.16,9.15,9.14,9.13,9.12,9.11,9.1,9.09,9.19,9.2,9.21,9.22,9.23,9.24,9.25,9.26,9.27,9.28,1800,14000,6800,14900,7800,10000,500,12000,21400,11900,23200,13500,5600,37400,12500,13400,32200,11600,31000,1700
278.0,9.18,337700,3109406.0,9.18,9.17,9.16,9.15,9.14,9.13,9.12,9.11,9.1,9.09,9.19,9.2,9.21,9.22,9.23,9.24,9.25,9.26,9.27,9.28,1700,14000,6800,14900,7800,10000,500,12000,21400,11900,23200,13500,5600,37400,12500,13400,32200,11600,31000,1700
279.0,9.18,337700,3109406.0,9.18,9.17,9.16,9.15,9.14,9.13,9.12,9.11,9.1,9.09,9.19,9.2,9.21,9.22,9.23,9.24,9.25,9.26,9.27,9.28,1700,14000,6800,14900,7800,10000,500,12000,21400,11900,23200,13500,5600,37400,12500,13400,32200,11600,31000,1700
280.0,9.19,338400,3115839.0,9.18,9.17,9.16,9.15,9.14,9.13,9.12,9.11,9.1,9.09,9.19,9.2,9.21,9.22,9.23,9.24,9.25,9.26,9.27,9.28,1700,14000,6800,14900,7800,10000,500,12000,21400,11900,22500,13500,5600,37400,12500,13400,32200,11600,31000,1700
281.0,9.19,339400,3125029.0,9.18,9.17,9.16,9.15,9.14,9.13,9.12,9.11,9.1,9.09,9.19,9.2,9.21,9.22,9.23,9.24,9.25,9.26,9.27,9.28,1700,14000,6800,14900,7800,10000,500,12000,21400,11900,21500,13500,5600,37400,12500,13400,32200,11600,31000,1700
282.0,9.18,340200,3132373.0,9.18,9.17,9.16,9.15,9.14,9.13,9.12,9.11,9.1,9.09,9.19,9.2,9.21,9.22,9.23,9.24,9.25,9.26,9.27,9.28,900,14000,6800,14900,7800,10000,500,12000,21400,11900,21500,13500,5600,37400,12500,13400,32200,11600,31000,1700
283.0,9.18,340200,3132373.0,9.18,9.17,9.16,9.15,9.14,9.13,9.12,9.11,9.1,9.09,9.19,9.2,9.21,9.22,9.23,9.24,9.25,9.26,9.27,9.28,900,14000,6800,14900,7800,10000,500,12000,21400,11900,26500,13500,5600,37400,12500,13400,32200,11600,31000,1700
284.0,9.18,342100,3149825.0,9.17,9.16,9.15,9.14,9.13,9.12,9.11,9.1,9.09,9.08,9.18,9.19,9.2,9.21,9.22,9.23,9.24,9.25,9.26,9.27,14000,6800,14400,7800,10000,500,12000,21400,11900,9000,800,25500,13500,5600,37400,12500,13400,32200,11600,31000
285.0,9.17,343100,3158995.0,9.17,9.16,9.15,9.14,9.13,9.12,9.11,9.1,9.09,9.08,9.18,9.19,9.2,9.21,9.22,9.23,9.24,9.25,9.26,9.27,13000,6800,14400,7800,10000,500,12000,21400,11900,9000,800,25500,13500,5600,37400,12500,13400,32200,11600,31000
286.0,9.17,343100,3158995.0,9.17,9.16,9.15,9.14,9.13,9.12,9.11,9.1,9.09,9.08,9.18,9.19,9.2,9.21,9.22,9.23,9.24,9.25,9.26,9.27,13000,6800,14400,7800,10000,500,12000,21400,11900,9000,800,25500,13500,5600,37400,12500,13400,32200,11600,31000
287.0,9.17,345200,3178252.0,9.17,9.16,9.15,9.14,9.13,9.12,9.11,9.1,9.09,9.08,9.18,9.19,9.2,9.21,9.22,9.23,9.24,9.25,9.26,9.27,10900,6800,14400,7800,10000,500,12000,21400,11900,9000,800,25500,13500,5600,37400,12500,13400,32200,11600,31000
288.0,9.17,345200,3178252.0,9.17,9.16,9.15,9.14,9.13,9.12,9.11,9.1,9.09,9.08,9.18,9.19,9.2,9.21,9.22,9.23,9.24,9.25,9.26,9.27,10900,6800,14400,7800,10000,500,12000,21400,11900,9000,800,25500,13500,6600,37400,12500,13400,32200,11600,31000
289.0,9.18,345300,3179170.0,9.17,9.16,9.15,9.14,9.13,9.12,9.11,9.1,9.09,9.08,9.18,9.19,9.2,9.21,9.22,9.23,9.24,9.25,9.26,9.27,10900,6800,14400,7800,10000,500,12000,21400,11900,9000,10700,25500,13500,6600,37400,12500,13400,32200,11600,31000
290.0,9.18,345300,3179170.0,9.17,9.16,9.15,9.14,9.13,9.12,9.11,9.1,9.09,9.08,9.18,9.19,9.2,9.21,9.22,9.23,9.24,9.25,9.26,9.27,10900,6800,14400,7800,10000,500,12000,21400,11900,9000,21500,25500,13500,6600,37400,12500,13400,32200,11600,31000
291.0,9.18,347300,3197530.0,9.17,9.16,9.15,9.14,9.13,9.12,9.11,9.1,9.09,9.08,9.18,9.19,9.2,9.21,9.22,9.23,9.24,9.25,9.26,9.27,10900,6800,14400,7800,10000,500,12000,21400,11900,9000,19500,25500,13500,6600,37400,12500,13400,32200,11600,31000
292.0,9.18,347300,3197530.0,9.17,9.16,9.15,9.14,9.13,9.12,9.11,9.1,9.09,9.08,9.18,9.19,9.2,9.21,9.22,9.23,9.24,9.25,9.26,9.27,10900,6800,14400,7800,10000,500,12000,21400,11900,9000,21600,25500,13500,6600,37400,12500,13400,32200,11600,31000
293.0,9.17,348300,3206700.0,9.17,9.16,9.15,9.14,9.13,9.12,9.11,9.1,9.09,9.08,9.18,9.19,9.2,9.21,9.22,9.23,9.24,9.25,9.26,9.27,9900,6800,14400,7800,10000,500,12000,21400,11900,9000,21600,25500,13500,6600,37400,12500,13400,32200,11600,31000
294.0,9.18,349300,3215880.0,9.17,9.16,9.15,9.14,9.13,9.12,9.11,9.1,9.09,9.08,9.18,9.19,9.2,9.21,9.22,9.23,9.24,9.25,9.26,9.27,9900,6800,14400,7800,10000,500,12000,21400,11900,9000,20600,25500,13500,19600,37400,12500,13400,32200,11600,31000
295.0,9.18,349300,3215880.0,9.17,9.16,9.15,9.14,9.13,9.12,9.11,9.1,9.09,9.08,9.18,9.19,9.2,9.21,9.22,9.23,9.24,9.25,9.26,9.27,9900,6800,14400,7800,10000,500,12000,21400,11900,9000,20600,25500,13500,19600,37400,12500,13400,32200,11600,31000
296.0,9.17,351500,3236054.0,9.17,9.16,9.15,9.14,9.13,9.12,9.11,9.1,9.09,9.08,9.18,9.19,9.2,9.21,9.22,9.23,9.24,9.25,9.26,9.27,7700,6800,14400,7800,10000,500,12000,21400,11900,9000,20600,25500,13500,19600,37400,12500,13400,32200,11600,31000
297.0,9.18,352500,3245234.0,9.17,9.16,9.15,9.14,9.13,9.12,9.11,9.1,9.09,9.08,9.18,9.19,9.2,9.21,9.22,9.23,9.24,9.25,9.26,9.27,7700,6800,14400,7800,10000,500,12000,21400,11900,9000,19600,25500,13500,19600,37400,12500,13400,32200,11600,31000
298.0,9.18,352500,3245234.0,9.17,9.16,9.15,9.14,9.13,9.12,9.11,9.1,9.09,9.08,9.18,9.19,9.2,9.21,9.22,9.23,9.24,9.25,9.26,9.27,7700,6800,14400,7800,10000,500,12000,21400,11900,9000,19600,25500,13500,19600,37400,12500,13400,32200,11600,31000
299.0,9.18,352500,3245234.0,9.17,9.16,9.15,9.14,9.13,9.12,9.11,9.1,9.09,9.08,9.18,9.19,9.2,9.21,9.22,9.23,9.24,9.25,9.26,9.27,7700,6800,14400,7800,10000,500,12000,21400,11900,9000,19600,25500,13500,19600,37400,12500,13400,32200,11600,31000
300.0,9.18,353500,3254407.0,9.17,9.16,9.15,9.14,9.13,9.12,9.11,9.1,9.09,9.08,9.18,9.19,9.2,9.21,9.22,9.23,9.24,9.25,9.26,9.27,7700,6800,14400,7800,10000,500,12000,36500,11900,9000,19300,25500,13500,19600,37400,12500,13400,32200,11600,31000
301.0,9.17,355700,3274591.0,9.17,9.16,9.15,9.14,9.13,9.12,9.11,9.1,9.09,9.08,9.18,9.19,9.2,9.21,9.22,9.23,9.24,9.25,9.26,9.27,6500,6800,14400,7800,10000,500,12000,36500,11900,9000,18300,25500,13500,19600,37400,12500,13400,32200,11600,31000
302.0,9.17,355700,3274591.0,9.17,9.16,9.15,9.14,9.13,9.12,9.11,9.1,9.09,9.08,9.18,9.19,9.2,9.21,9.22,9.23,9.24,9.25,9.26,9.27,6500,6800,14400,7800,10000,500,12000,36500,11900,9000,18300,25500,13500,19600,37400,12500,13400,32200,11600,31000
303.0,9.17,355700,3274591.0,9.17,9.16,9.15,9.14,9.13,9.12,9.11,9.1,9.09,9.08,9.18,9.19,9.2,9.21,9.22,9.23,9.24,9.25,9.26,9.27,6500,6800,14400,7800,10000,500,12000,36500,11900,9000,18300,25500,13500,19600,37400,12500,13400,32200,11600,31000
304.0,9.18,356700,3283771.0,9.17,9.16,9.15,9.14,9.13,9.12,9.11,9.1,9.09,9.08,9.18,9.19,9.2,9.21,9.22,9.23,9.24,9.25,9.26,9.27,6500,6800,14400,7800,10000,500,12000,36500,11900,9000,17300,25500,13500,19600,37400,12500,13400,32200,11600,31000
305.0,9.17,363300,3344293.0,9.16,9.15,9.14,9.13,9.12,9.11,9.1,9.09,9.08,9.07,9.17,9.18,9.19,9.2,9.21,9.22,9.23,9.24,9.25,9.26,6800,14400,7800,10000,500,12000,36500,11900,9000,2000,6600,17700,25500,13500,19600,37400,12500,13400,31800,11600
306.0,9.17,363300,3344293.0,9.16,9.15,9.14,9.13,9.12,9.11,9.1,9.09,9.08,9.07,9.17,9.18,9.19,9.2,9.21,9.22,9.23,9.24,9.25,9.26,6800,14600,7800,10000,500,12000,36500,11900,9000,2000,6600,18100,25500,8500,19600,37400,12500,13400,31800,11600
307.0,9.17,363900,3349795.0,9.16,9.15,9.14,9.13,9.12,9.11,9.1,9.09,9.08,9.07,9.17,9.18,9.19,9.2,9.21,9.22,9.23,9.24,9.25,9.26,6800,16100,7800,10000,1500,12000,36500,11900,9000,2000,6000,18700,25500,8500,19600,37400,12500,13400,31800,11600
308.0,9.16,364500,3355291.0,9.16,9.15,9.14,9.13,9.12,9.11,9.1,9.09,9.08,9.07,9.17,9.18,9.19,9.2,9.21,9.22,9.23,9.24,9.25,9.26,6200,16100,7800,10000,1500,12000,36500,11900,9000,2000,6000,18700,25500,8500,19600,37400,12500,13400,31800,11600
309.0,9.16,364500,3355291.0,9.16,9.15,9.14,9.13,9.12,9.11,9.1,9.09,9.08,9.07,9.17,9.18,9.19,9.2,9.21,9.22,9.23,9.24,9.25,9.26,6200,16100,7800,10000,1500,12000,36500,11900,9000,2000,6000,18700,25500,8500,19600,37400,12500,13400,31800,11600
310.0,9.17,366400,3372714.0,9.16,9.15,9.14,9.13,9.12,9.11,9.1,9.09,9.08,9.07,9.17,9.18,9.19,9.2,9.21,9.22,9.23,9.24,9.25,9.26,6200,16100,7800,10000,1500,12000,36500,11900,9000,2000,4100,18700,25500,8500,19600,37400,12500,13400,31800,11600
311.0,9.17,367000,3378216.0,9.16,9.15,9.14,9.13,9.12,9.11,9.1,9.09,9.08,9.07,9.17,9.18,9.19,9.2,9.21,9.22,9.23,9.24,9.25,9.26,6200,16100,7800,10000,1500,12000,36500,11900,9000,2000,4500,18700,25500,8500,19100,37400,12500,13400,31800,11600
312.0,9.16,367100,3379132.0,9.16,9.15,9.14,9.13,9.12,9.11,9.1,9.09,9.08,9.07,9.17,9.18,9.19,9.2,9.21,9.22,9.23,9.24,9.25,9.26,8000,16100,7800,10000,1500,12000,36500,11900,9000,2000,4900,18700,25500,7900,19100,37400,12500,13400,31800,11600
313.0,9.17,368100,3388302.0,9.16,9.15,9.14,9.13,9.12,9.11,9.1,9.09,9.08,9.07,9.17,9.18,9.19,9.2,9.21,9.22,9.23,9.24,9.25,9.26,8400,16100,7800,10000,1500,12000,36500,11900,9000,2000,3500,18700,25500,6900,19100,37400,12500,13400,31800,11600
314.0,9.17,368800,3394721.0,9.16,9.15,9.14,9.13,9.12,9.11,9.1,9.09,9.08,9.07,9.17,9.18,9.19,9.2,9.21,9.22,9.23,9.24,9.25,9.26,8000,16100,7800,10000,1500,12000,36500,11900,9000,2000,2800,18700,25500,6900,19100,37400,12500,13400,31800,11600
315.0,9.17,369700,3402966.0,9.16,9.15,9.14,9.13,9.12,9.11,9.1,9.09,9.08,9.07,9.17,9.18,9.19,9.2,9.21,9.22,9.23,9.24,9.25,9.26,7200,16100,7800,10000,1500,12000,36500,11900,9000,2000,7700,18700,25500,6900,19100,37400,12500,13400,31800,11600
316.0,9.17,369700,3402966.0,9.16,9.15,9.14,9.13,9.12,9.11,9.1,9.09,9.08,9.07,9.17,9.18,9.19,9.2,9.21,9.22,9.23,9.24,9.25,9.26,7200,16100,7800,10000,1500,12000,36500,11900,9000,2000,7700,18700,25500,6900,19100,37400,12500,13400,31800,11600
317.0,9.17,370400,3409385.0,9.16,9.15,9.14,9.13,9.12,9.11,9.1,9.09,9.08,9.07,9.17,9.18,9.19,9.2,9.21,9.22,9.23,9.24,9.25,9.26,7200,16100,7800,10000,1500,12000,36500,11900,9000,2000,7000,18700,25500,6900,19100,37400,12500,13400,31800,11600
318.0,9.16,372900,3432285.0,9.16,9.15,9.14,9.13,9.12,9.11,9.1,9.09,9.08,9.07,9.17,9.18,9.19,9.2,9.21,9.22,9.23,9.24,9.25,9.26,4700,16100,7800,10000,1500,12000,36500,11900,9000,2000,7000,18700,25900,6900,19100,37400,12500,13400,31800,11600
319.0,9.16,372900,3432285.0,9.16,9.15,9.14,9.13,9.12,9.11,9.1,9.09,9.08,9.07,9.17,9.18,9.19,9.2,9.21,9.22,9.23,9.24,9.25,9.26,4700,16100,7800,10000,1500,12000,36500,11900,9000,2000,7000,18700,25900,6900,19100,37400,12500,13400,31800,11600
320.0,9.16,372900,3432285.0,9.16,9.15,9.14,9.13,9.12,9.11,9.1,9.09,9.08,9.07,9.17,9.18,9.19,9.2,9.21,9.22,9.23,9.24,9.25,9.26,4700,16100,7800,10000,1500,12000,36500,11900,9000,2000,7000,18700,25900,6900,19100,37400,12500,13400,30000,11600
321.0,9.17,380400,3501060.0,9.17,9.16,9.15,9.14,9.13,9.12,9.11,9.1,9.09,9.08,9.18,9.19,9.2,9.21,9.22,9.23,9.24,9.25,9.26,9.27,1200,4700,16100,7800,10000,1500,12000,36500,11900,9000,18700,25900,6900,19100,37400,12500,13400,30000,11600,36800
322.0,9.17,380500,3501977.0,9.17,9.16,9.15,9.14,9.13,9.12,9.11,9.1,9.09,9.08,9.18,9.19,9.2,9.21,9.22,9.23,9.24,9.25,9.26,9.27,1100,4700,16100,7800,10000,1500,12000,36500,11900,9000,18700,25900,6900,19100,37400,12500,13400,30000,11600,36800
323.0,9.17,381600,3512064.0,9.16,9.15,9.14,9.13,9.12,9.11,9.1,9.09,9.08,9.07,9.17,9.18,9.19,9.2,9.21,9.22,9.23,9.24,9.25,9.26,4700,16100,7800,10000,1500,12000,36500,11900,9000,2000,900,18700,25900,6900,19100,37400,12500,13400,30000,11600
324.0,9.17,381600,3512064.0,9.16,9.15,9.14,9.13,9.12,9.11,9.1,9.09,9.08,9.07,9.17,9.18,9.19,9.2,9.21,9.22,9.23,9.24,9.25,9.26,4700,16100,7800,10000,1500,12000,36500,11900,9000,2000,900,18700,25900,6900,19100,37400,12500,13400,30000,11600
325.0,9.17,381600,3512064.0,9.16,9.15,9.14,9.13,9.12,9.11,9.1,9.09,9.08,9.07,9.17,9.18,9.19,9.2,9.21,9.22,9.23,9.24,9.25,9.26,4700,16100,8300,10000,1500,12000,36500,11900,9000,2000,900,18700,25900,6900,19100,37400,12500,13400,30000,11600
326.0,9.17,381600,3512064.0,9.16,9.15,9.14,9.13,9.12,9.11,9.1,9.09,9.08,9.07,9.17,9.18,9.19,9.2,9.21,9.22,9.23,9.24,9.25,9.26,4700,16100,8300,10000,1500,12000,36500,11900,9000,2000,3700,18700,25900,6900,19100,37400,12500,13400,30000,11600
327.0,9.17,381900,3514815.0,9.16,9.15,9.14,9.13,9.12,9.11,9.1,9.09,9.08,9.07,9.17,9.18,9.19,9.2,9.21,9.22,9.23,9.24,9.25,9.26,4700,16100,8300,10000,1500,12000,36500,11900,9000,2000,3800,18700,25900,6900,19100,37400,12500,13400,30000,11600
328.0,9.17,381900,3514815.0,9.16,9.15,9.14,9.13,9.12,9.11,9.1,9.09,9.08,9.07,9.17,9.18,9.19,9.2,9.21,9.22,9.23,9.24,9.25,9.26,4700,16100,8300,10000,1500,12000,36500,12000,9000,2000,3800,18700,25900,6900,19100,37400,12500,13400,30000,11600
329.0,9.17,381900,3514815.0,9.16,9.15,9.14,9.13,9.12,9.11,9.1,9.09,9.08,9.07,9.17,9.18,9.19,9.2,9.21,9.22,9.23,9.24,9.25,9.26,4700,16100,8300,10000,1500,12000,36500,12000,9000,2000,3800,18700,25900,6900,19100,37400,12500,13400,30000,11600
330.0,9.17,382600,3521230.0,9.16,9.15,9.14,9.13,9.12,9.11,9.1,9.09,9.08,9.07,9.17,9.18,9.19,9.2,9.21,9.22,9.23,9.24,9.25,9.26,4300,16100,8300,10000,1500,12000,36500,12000,9000,2000,3500,18700,25900,6900,19100,37400,12500,13400,30000,11600
331.0,9.17,382600,3521230.0,9.16,9.15,9.14,9.13,9.12,9.11,9.1,9.09,9.08,9.07,9.17,9.18,9.19,9.2,9.21,9.22,9.23,9.24,9.25,9.26,4300,16100,8300,10000,1500,12000,36500,12000,9000,2000,3500,18700,25900,6900,19100,37400,12700,13400,30000,11600
332.0,9.17,382700,3522147.0,9.16,9.15,9.14,9.13,9.12,9.11,9.1,9.09,9.08,9.07,9.17,9.18,9.19,9.2,9.21,9.22,9.23,9.24,9.25,9.26,4300,16100,8300,10000,1500,12000,36500,12000,9000,2000,3400,7900,25900,6900,19100,37400,12700,13400,30000,11600
333.0,9.16,389800,3587189.0,9.16,9.15,9.14,9.13,9.12,9.11,9.1,9.09,9.08,9.07,9.17,9.18,9.19,9.2,9.21,9.22,9.23,9.24,9.25,9.26,5200,16100,8300,10000,1700,12000,36500,12000,9000,2000,2400,7900,25900,6900,19100,37400,12700,13400,30000,11600
334.0,9.17,391000,3598193.0,9.16,9.15,9.14,9.13,9.12,9.11,9.1,9.09,9.08,9.07,9.17,9.18,9.19,9.2,9.21,9.22,9.23,9.24,9.25,9.26,5200,16100,8300,10000,2300,12000,36500,12000,9000,2000,1200,6700,25900,6900,19100,37400,12700,13400,30000,11600
335.0,9.16,391300,3600941.0,9.16,9.15,9.14,9.13,9.12,9.11,9.1,9.09,9.08,9.07,9.17,9.18,9.19,9.2,9.21,9.22,9.23,9.24,9.25,9.26,4900,16100,8300,10000,2300,12000,36500,12000,9000,2000,1200,6700,25900,6900,19100,37400,12700,13400,30000,11600
336.0,9.16,396400,3647659.0,9.15,9.14,9.13,9.12,9.11,9.1,9.09,9.08,9.07,9.06,9.16,9.17,9.18,9.19,9.2,9.21,9.22,9.23,9.24,9.25,16100,8300,10000,2300,12000,36500,12000,9000,2000,40000,8100,1000,6700,25900,6900,19100,37400,12700,13400,30000
337.0,9.15,398200,3664137.0,9.15,9.14,9.13,9.12,9.11,9.1,9.09,9.08,9.07,9.06,9.16,9.17,9.18,9.19,9.2,9.21,9.22,9.23,9.24,9.25,15200,8300,10000,2300,12000,36500,12000,9000,2000,40000,7500,1000,6700,25900,6900,19100,39900,12700,13400,30000
338.0,9.15,398200,3664137.0,9.15,9.14,9.13,9.12,9.11,9.1,9.09,9.08,9.07,9.06,9.16,9.17,9.18,9.19,9.2,9.21,9.22,9.23,9.24,9.25,15200,8300,10000,2300,12000,36500,12000,9000,2000,40000,11300,1000,5300,24900,6900,19100,39900,12700,13400,30000
339.0,9.16,400800,3687953.0,9.15,9.14,9.13,9.12,9.11,9.1,9.09,9.08,9.07,9.06,9.16,9.17,9.18,9.19,9.2,9.21,9.22,9.23,9.24,9.25,15800,8300,10000,2300,12000,36500,12000,9000,2000,40000,10400,1000,5300,24900,6900,19100,39900,12700,13400,30000
340.0,9.16,400800,3687953.0,9.15,9.14,9.13,9.12,9.11,9.1,9.09,9.08,9.07,9.06,9.16,9.17,9.18,9.19,9.2,9.21,9.22,9.23,9.24,9.25,15800,8300,10000,2300,12000,36500,12000,9000,2000,40000,10400,1000,4400,24900,6900,19100,39900,12700,13400,30000
341.0,9.16,401800,3697113.0,9.15,9.14,9.13,9.12,9.11,9.1,9.09,9.08,9.07,9.06,9.16,9.17,9.18,9.19,9.2,9.21,9.22,9.23,9.24,9.25,15800,8300,10000,2300,12000,36500,12000,9000,2000,40000,9400,1000,4400,24900,6900,19100,39900,12700,13400,30000
342.0,9.16,402400,3702609.0,9.15,9.14,9.13,9.12,9.11,9.1,9.09,9.08,9.07,9.06,9.16,9.17,9.18,9.19,9.2,9.21,9.22,9.23,9.24,9.25,15800,8300,10000,2300,12000,36500,12000,9000,2000,40000,8800,1000,4400,24900,6900,19100,39900,12700,13400,30000
343.0,9.16,404700,3723673.0,9.15,9.14,9.13,9.12,9.11,9.1,9.09,9.08,9.07,9.06,9.16,9.17,9.18,9.19,9.2,9.21,9.22,9.23,9.24,9.25,15400,8300,10000,2300,12000,42900,12000,9000,2000,40000,4500,1000,4400,24900,6900,19100,39900,12700,13400,30000
344.0,9.15,407900,3752966.0,9.15,9.14,9.13,9.12,9.11,9.1,9.09,9.08,9.07,9.06,9.16,9.17,9.18,9.19,9.2,9.21,9.22,9.23,9.24,9.25,13500,8300,10000,2300,12000,42900,12000,9000,2000,40000,3200,2000,4400,24900,6900,19100,39900,12700,13400,30000
345.0,9.15,421500,3877424.0,9.15,9.14,9.13,9.12,9.11,9.1,9.09,9.08,9.07,9.06,9.16,9.17,9.18,9.19,9.2,9.21,9.22,9.23,9.24,9.25,1700,8300,10000,2300,12000,42900,12000,9000,2000,40000,1400,2000,4400,24900,6900,19100,39900,12700,13400,30000
346.0,9.15,421500,3877424.0,9.15,9.14,9.13,9.12,9.11,9.1,9.09,9.08,9.07,9.06,9.16,9.17,9.18,9.19,9.2,9.21,9.22,9.23,9.24,9.25,1700,8300,10000,2300,12000,42900,12000,9000,2000,40000,1400,2000,4400,24900,6900,19100,39900,12700,13400,30000
347.0,9.15,421500,3877424.0,9.15,9.14,9.13,9.12,9.11,9.1,9.09,9.08,9.07,9.06,9.16,9.17,9.18,9.19,9.2,9.21,9.22,9.23,9.24,9.25,1700,8300,10000,2300,12000,42900,12000,9000,2000,40000,2400,2000,4400,24900,6900,19100,39900,12700,13400,30000
348.0,9.16,421700,3879256.0,9.15,9.14,9.13,9.12,9.11,9.1,9.09,9.08,9.07,9.06,9.16,9.17,9.18,9.19,9.2,9.21,9.22,9.23,9.24,9.25,1700,8300,10000,2300,12000,42900,12000,9000,2000,40000,2200,2000,4400,24900,6900,19100,39900,12700,13400,30000
349.0,9.16,421700,3879256.0,9.15,9.14,9.13,9.12,9.11,9.1,9.09,9.08,9.07,9.06,9.16,9.17,9.18,9.19,9.2,9.21,9.22,9.23,9.24,9.25,1700,8300,10000,2300,12000,42900,12000,9000,2000,40000,2200,2000,4400,24500,6900,14400,39900,12700,13400,30000
350.0,9.16,421700,3879256.0,9.15,9.14,9.13,9.12,9.11,9.1,9.09,9.08,9.07,9.06,9.16,9.17,9.18,9.19,9.2,9.21,9.22,9.23,9.24,9.25,1700,8300,10000,2300,12000,42900,12000,9000,2000,40000,2200,2000,4400,24500,6900,14400,39900,12700,13400,30000
351.0,9.16,422000,3882004.0,9.15,9.14,9.13,9.12,9.11,9.1,9.09,9.08,9.07,9.06,9.16,9.17,9.18,9.19,9.2,9.21,9.22,9.23,9.24,9.25,1700,8300,10000,2300,12000,42900,12000,9000,2000,40000,1900,2000,4400,24500,6900,14400,39900,12700,13400,30000
352.0,9.15,422100,3882919.0,9.15,9.14,9.13,9.12,9.11,9.1,9.09,9.08,9.07,9.06,9.16,9.17,9.18,9.19,9.2,9.21,9.22,9.23,9.24,9.25,2200,13300,10000,2300,12000,42900,12000,9000,3000,40000,1900,2000,4400,24500,6900,14400,39900,12700,13400,30000
353.0,9.16,422400,3885667.0,9.15,9.14,9.13,9.12,9.11,9.1,9.09,9.08,9.07,9.06,9.16,9.17,9.18,9.19,9.2,9.21,9.22,9.23,9.24,9.25,2400,13300,10000,2300,12000,42900,12000,9000,3000,40000,1600,2000,4400,24500,6900,14400,39900,12700,13400,30000
354.0,9.16,422500,3886583.0,9.15,9.14,9.13,9.12,9.11,9.1,9.09,9.08,9.07,9.06,9.16,9.17,9.18,9.19,9.2,9.21,9.22,9.23,9.24,9.25,2400,13300,10000,2300,12000,42900,12000,9000,3000,40000,1500,2000,4400,24500,6900,14400,39900,12700,13400,30000
355.0,9.16,422500,3886583.0,9.15,9.14,9.13,9.12,9.11,9.1,9.09,9.08,9.07,9.06,9.16,9.17,9.18,9.19,9.2,9.21,9.22,9.23,9.24,9.25,2400,13300,10000,2300,12000,42900,12000,9000,3000,40000,1500,2000,4400,24500,6900,14400,39900,12700,13400,30000
356.0,9.16,422800,3889331.0,9.15,9.14,9.13,9.12,9.11,9.1,9.09,9.08,9.07,9.06,9.16,9.17,9.18,9.19,9.2,9.21,9.22,9.23,9.24,9.25,2400,13300,10000,2300,12000,42900,12000,9000,3000,40000,1200,2000,4400,24500,6900,14400,39900,12700,13400,30000
357.0,9.15,425300,3912207.0,9.15,9.14,9.13,9.12,9.11,9.1,9.09,9.08,9.07,9.06,9.16,9.17,9.18,9.19,9.2,9.21,9.22,9.23,9.24,9.25,3100,13300,10000,2300,12000,44100,12000,9000,3000,40000,1100,2000,4800,24500,6900,14400,39900,12700,13400,30000
358.0,9.15,425300,3912207.0,9.15,9.14,9.13,9.12,9.11,9.1,9.09,9.08,9.07,9.06,9.16,9.17,9.18,9.19,9.2,9.21,9.22,9.23,9.24,9.25,5900,13300,10000,2300,12000,44100,12000,9000,3000,40000,1100,2000,4800,24500,6900,14400,39900,12700,13400,30000
359.0,9.15,426100,3919528.0,9.15,9.14,9.13,9.12,9.11,9.1,9.09,9.08,9.07,9.06,9.16,9.17,9.18,9.19,9.2,9.21,9.22,9.23,9.24,9.25,5200,13300,10000,2300,12000,44100,12000,9000,3000,40000,1000,2000,4800,24500,6900,14400,39900,12700,13400,30000
360.0,9.15,426100,3919528.0,9.15,9.14,9.13,9.12,9.11,9.1,9.09,9.08,9.07,9.06,9.16,9.17,9.18,9.19,9.2,9.21,9.22,9.23,9.24,9.25,5200,12300,10000,2300,12000,44100,12000,9000,3000,40000,1000,2000,4800,24500,6900,14400,39900,12700,13400,30000
361.0,9.16,426200,3920444.0,9.15,9.14,9.13,9.12,9.11,9.1,9.09,9.08,9.07,9.06,9.16,9.17,9.18,9.19,9.2,9.21,9.22,9.23,9.24,9.25,5200,12300,10000,2300,12000,44100,12000,9000,3000,40000,900,2000,4800,24500,6900,14400,39900,12700,13400,30000
362.0,9.16,426200,3920444.0,9.15,9.14,9.13,9.12,9.11,9.1,9.09,9.08,9.07,9.06,9.16,9.17,9.18,9.19,9.2,9.21,9.22,9.23,9.24,9.25,5200,12300,10000,2300,12000,45300,12000,9000,3000,40000,900,2000,4800,24500,6900,14400,39900,12700,13400,30000
363.0,9.16,426200,3920444.0,9.15,9.14,9.13,9.12,9.11,9.1,9.09,9.08,9.07,9.06,9.16,9.17,9.18,9.19,9.2,9.21,9.22,9.23,9.24,9.25,5200,13400,10000,2300,12000,45300,12000,9000,3000,40000,900,2000,4800,24500,6900,14900,39900,12700,13400,30000
364.0,9.16,426200,3920444.0,9.15,9.14,9.13,9.12,9.11,9.1,9.09,9.08,9.07,9.06,9.16,9.17,9.18,9.19,9.2,9.21,9.22,9.23,9.24,9.25,5000,13400,10000,2300,12000,45300,12000,9000,3000,40000,900,2100,4800,24500,6900,14900,39900,12700,13400,30000
365.0,9.16,426200,3920444.0,9.15,9.14,9.13,9.12,9.11,9.1,9.09,9.08,9.07,9.06,9.16,9.17,9.18,9.19,9.2,9.21,9.22,9.23,9.24,9.25,5000,13400,10000,2300,12000,45300,12000,9000,3000,40000,900,2100,4800,19500,6900,14900,39900,12700,13400,30000
366.0,9.17,428200,3938775.0,9.16,9.15,9.14,9.13,9.12,9.11,9.1,9.09,9.08,9.07,9.17,9.18,9.19,9.2,9.21,9.22,9.23,9.24,9.25,9.26,6800,11300,13400,10000,2300,12000,45300,12000,9000,3000,1000,4800,11100,6900,14900,39900,12700,13400,30000,11600
367.0,9.17,428900,3945188.0,9.16,9.15,9.14,9.13,9.12,9.11,9.1,9.09,9.08,9.07,9.17,9.18,9.19,9.2,9.21,9.22,9.23,9.24,9.25,9.26,6200,11500,13400,10000,2300,12000,45300,12000,9000,3000,900,4800,11100,6900,14900,39900,12700,13400,30000,11600
368.0,9.17,429100,3947022.0,9.16,9.15,9.14,9.13,9.12,9.11,9.1,9.09,9.08,9.07,9.17,9.18,9.19,9.2,9.21,9.22,9.23,9.24,9.25,9.26,6200,11500,13400,10000,2300,12000,45300,12000,9000,3000,700,4800,11100,6900,14900,39900,12700,13400,30000,11600
369.0,9.16,431100,3965342.0,9.16,9.15,9.14,9.13,9.12,9.11,9.1,9.09,9.08,9.07,9.17,9.18,9.19,9.2,9.21,9.22,9.23,9.24,9.25,9.26,4200,11500,13400,10000,2300,12000,45300,12000,9000,3000,700,4800,11100,6900,14900,39900,12700,13400,30000,11600
370.0,9.15,437900,4027604.0,9.15,9.14,9.13,9.12,9.11,9.1,9.09,9.08,9.07,9.06,9.17,9.18,9.19,9.2,9.21,9.22,9.23,9.24,9.25,9.26,9000,13400,10000,2300,12000,45300,12000,9000,3000,40000,700,4800,11100,6900,14900,39900,12700,13400,30000,11600
371.0,9.15,439000,4037669.0,9.15,9.14,9.13,9.12,9.11,9.1,9.09,9.08,9.07,9.06,9.17,9.18,9.19,9.2,9.21,9.22,9.23,9.24,9.25,9.26,9200,13400,10000,2300,12000,45300,12000,9000,3000,40000,3200,4800,11100,6900,14900,39900,12700,13400,30000,11600
372.0,9.15,439000,4037669.0,9.15,9.14,9.13,9.12,9.11,9.1,9.09,9.08,9.07,9.06,9.17,9.18,9.19,9.2,9.21,9.22,9.23,9.24,9.25,9.26,10100,13400,10000,2300,12000,45300,12000,9000,3000,40000,3700,4800,11100,6900,14900,39900,12700,13400,30000,11600
373.0,9.17,439300,4040420.0,9.15,9.14,9.13,9.12,9.11,9.1,9.09,9.08,9.07,9.06,9.17,9.18,9.19,9.2,9.21,9.22,9.23,9.24,9.25,9.26,10100,13400,10000,2300,12000,45300,12000,9000,3000,40000,4000,4800,11100,6900,14900,39900,12700,13400,30000,11600
374.0,9.17,440400,4050487.0,9.15,9.14,9.13,9.12,9.11,9.1,9.09,9.08,9.07,9.06,9.16,9.17,9.18,9.19,9.2,9.21,9.22,9.23,9.24,9.25,12700,13400,10000,2300,12000,45300,12000,9000,3000,40000,5000,5700,4800,11100,6900,14900,39900,12700,13400,30000
375.0,9.17,440400,4050487.0,9.15,9.14,9.13,9.12,9.11,9.1,9.09,9.08,9.07,9.06,9.16,9.17,9.18,9.19,9.2,9.21,9.22,9.23,9.24,9.25,12700,14300,10000,2300,12000,45300,12000,9000,3000,40000,5000,5700,4800,11100,6900,14900,39900,12700,13400,30000
376.0,9.15,441400,4059642.0,9.15,9.14,9.13,9.12,9.11,9.1,9.09,9.08,9.07,9.06,9.16,9.17,9.18,9.19,9.2,9.21,9.22,9.23,9.24,9.25,11900,14300,10000,2300,12400,45300,12000,9000,3000,40000,4500,6500,4800,11100,6900,14900,39900,12700,13400,30000
377.0,9.16,441500,4060558.0,9.15,9.14,9.13,9.12,9.11,9.1,9.09,9.08,9.07,9.06,9.16,9.17,9.18,9.19,9.2,9.21,9.22,9.23,9.24,9.25,5900,9300,10000,2300,12400,45300,12000,9000,3000,40000,14400,6500,4800,11100,6900,14900,39900,12700,13400,30000
378.0,9.16,441600,4061474.0,9.15,9.14,9.13,9.12,9.11,9.1,9.09,9.08,9.07,9.06,9.16,9.17,9.18,9.19,9.2,9.21,9.22,9.23,9.24,9.25,5900,9300,10000,2300,12400,45300,12000,10200,3000,40000,14300,6500,4800,11100,6900,14900,39900,12700,13400,30000
379.0,9.16,443700,4080710.0,9.15,9.14,9.13,9.12,9.11,9.1,9.09,9.08,9.07,9.06,9.16,9.17,9.18,9.19,9.2,9.21,9.22,9.23,9.24,9.25,7100,9300,10000,2300,12400,45300,12000,10200,3000,40000,12200,6500,4800,11100,6900,14900,39900,12700,13400,30000
380.0,9.16,444900,4091702.0,9.15,9.14,9.13,9.12,9.11,9.1,9.09,9.08,9.07,9.06,9.16,9.17,9.18,9.19,9.2,9.21,9.22,9.23,9.24,9.25,12700,9300,10000,2300,12400,45300,12000,10200,3000,40000,11100,6500,4800,11100,6900,14900,39900,12700,13400,30000
381.0,9.15,445900,4100852.0,9.15,9.14,9.13,9.12,9.11,9.1,9.09,9.08,9.07,9.06,9.16,9.17,9.18,9.19,9.2,9.21,9.22,9.23,9.24,9.25,12400,9300,10000,2300,12400,45300,13000,10200,3000,40000,11100,6500,4800,11100,6900,14900,39900,12700,13400,30000
382.0,9.15,445900,4100852.0,9.15,9.14,9.13,9.12,9.11,9.1,9.09,9.08,9.07,9.06,9.16,9.17,9.18,9.19,9.2,9.21,9.22,9.23,9.24,9.25,12400,9300,10000,2300,12400,45300,13000,10200,3000,40000,11100,6500,4800,11100,6900,14900,39900,12700,13400,30000
383.0,9.15,450500,4142952.0,9.15,9.14,9.13,9.12,9.11,9.1,9.09,9.08,9.07,9.06,9.16,9.17,9.18,9.19,9.2,9.21,9.22,9.23,9.24,9.25,8800,9300,10000,2300,12400,45300,13000,10200,3000,40000,10100,6500,4800,11100,6900,14900,39900,12700,13400,30000
384.0,9.16,451600,4153028.0,9.15,9.14,9.13,9.12,9.11,9.1,9.09,9.08,9.07,9.06,9.16,9.17,9.18,9.19,9.2,9.21,9.22,9.23,9.24,9.25,8800,10300,10000,2300,12400,45300,13000,10200,3000,40000,9000,6500,4800,11100,6900,14900,39900,12700,13400,30000
385.0,9.16,454600,4180508.0,9.15,9.14,9.13,9.12,9.11,9.1,9.09,9.08,9.07,9.06,9.16,9.17,9.18,9.19,9.2,9.21,9.22,9.23,9.24,9.25,8800,11300,10000,2300,12400,45300,13000,10200,3000,40000,6000,6500,4800,11100,6900,14900,39900,12700,13400,30000
386.0,9.16,455200,4186004.0,9.15,9.14,9.13,9.12,9.11,9.1,9.09,9.08,9.07,9.06,9.16,9.17,9.18,9.19,9.2,9.21,9.22,9.23,9.24,9.25,8800,11300,10000,2300,12400,45300,13000,10200,3000,43000,5400,6500,4800,11100,6900,14900,39900,12700,13400,30000
387.0,9.16,455200,4186004.0,9.15,9.14,9.13,9.12,9.11,9.1,9.09,9.08,9.07,9.06,9.16,9.17,9.18,9.19,9.2,9.21,9.22,9.23,9.24,9.25,8800,15600,10000,2300,12400,45300,13000,10200,3000,43000,5400,6500,4800,11100,6900,14900,39900,12700,13400,30000
388.0,9.16,460600,4235468.0,9.16,9.15,9.14,9.13,9.12,9.11,9.1,9.09,9.08,9.07,9.17,9.18,9.19,9.2,9.21,9.22,9.23,9.24,9.25,9.26,2200,18800,15600,10000,2300,12400,45300,13000,10200,3000,6500,4800,11100,6900,14900,39900,12700,13400,30000,11600
389.0,9.17,461200,4240970.0,9.16,9.15,9.14,9.13,9.12,9.11,9.1,9.09,9.08,9.07,9.17,9.18,9.19,9.2,9.21,9.22,9.23,9.24,9.25,9.26,6700,18800,15600,10000,2300,12400,45300,13000,10200,3000,5500,4800,11100,6900,14900,39900,12700,13400,30000,11600
390.0,9.17,461200,4240970.0,9.16,9.15,9.14,9.13,9.12,9.11,9.1,9.09,9.08,9.07,9.17,9.18,9.19,9.2,9.21,9.22,9.23,9.24,9.25,9.26,6700,18800,15600,10000,2300,12400,45300,13000,10200,3000,5500,4800,11100,6900,14900,39900,12700,11400,30000,11600
391.0,9.17,462300,4251057.0,9.16,9.15,9.14,9.13,9.12,9.11,9.1,9.09,9.08,9.07,9.17,9.18,9.19,9.2,9.21,9.22,9.23,9.24,9.25,9.26,7800,21800,15600,10000,2300,12400,45300,13000,10200,3000,4400,4800,11100,6900,14900,39900,12700,11400,30000,11600
392.0,9.17,466700,4291405.0,9.17,9.16,9.15,9.14,9.13,9.12,9.11,9.1,9.09,9.08,9.18,9.19,9.2,9.21,9.22,9.23,9.24,9.25,9.26,9.27,1000,8400,23000,15600,10000,2300,12400,45300,13000,10200,4800,11100,6900,14900,39900,12700,11400,30000,11600,36800
393.0,9.18,467100,4295077.0,9.17,9.16,9.15,9.14,9.13,9.12,9.11,9.1,9.09,9.08,9.18,9.19,9.2,9.21,9.22,9.23,9.24,9.25,9.26,9.27,1200,8500,23000,15600,10000,2300,12400,45300,13000,10200,4400,11100,6900,14900,39900,12700,11400,30000,11600,36800
394.0,9.18,467100,4295077.0,9.17,9.16,9.15,9.14,9.13,9.12,9.11,9.1,9.09,9.08,9.18,9.19,9.2,9.21,9.22,9.23,9.24,9.25,9.26,9.27,1200,11500,23400,15600,10000,2300,12400,45300,13000,10400,4400,11100,6900,14900,39900,12700,11400,30000,11600,36800
395.0,9.18,467100,4295077.0,9.17,9.16,9.15,9.14,9.13,9.12,9.11,9.1,9.09,9.08,9.18,9.19,9.2,9.21,9.22,9.23,9.24,9.25,9.26,9.27,1200,11600,23400,15600,11000,2300,12400,45300,13000,10400,4400,11100,6900,14900,39900,12700,11400,30000,11600,36800
396.0,9.18,467700,4300585.0,9.17,9.16,9.15,9.14,9.13,9.12,9.11,9.1,9.09,9.08,9.18,9.19,9.2,9.21,9.22,9.23,9.24,9.25,9.26,9.27,1200,11500,23400,15600,11000,2300,12400,38900,13000,10400,3800,11100,6900,14900,39900,12700,11400,30000,11600,36800
397.0,9.16,469100,4313421.0,9.16,9.15,9.14,9.13,9.12,9.11,9.1,9.09,9.08,9.07,9.18,9.19,9.2,9.21,9.22,9.23,9.24,9.25,9.26,9.27,10800,23700,15600,11000,2300,12400,38900,13000,10400,3000,3800,11100,6900,14900,39900,12700,11400,30000,11600,36800
398.0,9.16,469100,4313421.0,9.16,9.15,9.14,9.13,9.12,9.11,9.1,9.09,9.08,9.07,9.18,9.19,9.2,9.21,9.22,9.23,9.24,9.25,9.26,9.27,12700,23700,15600,11000,2300,12400,38900,13000,10400,3000,5800,11100,6900,14900,39900,12700,11400,30000,11600,36800
399.0,9.16,470900,4329919.0,9.16,9.15,9.14,9.13,9.12,9.11,9.1,9.09,9.08,9.07,9.18,9.19,9.2,9.21,9.22,9.23,9.24,9.25,9.26,9.27,11400,23700,15100,11000,2300,12400,38900,13000,10400,3000,5300,11100,6900,14900,39900,12700,11400,30000,11600,36800
400.0,9.16,480000,4413275.0,9.16,9.15,9.14,9.13,9.12,9.11,9.1,9.09,9.08,9.07,9.17,9.18,9.19,9.2,9.21,9.22,9.23,9.24,9.25,9.26,2200,23700,15100,11000,2300,12400,38900,13000,10400,3000,100,5300,11100,6900,14900,39900,12700,11400,30000,11600
401.0,9.17,485300,4461794.0,9.15,9.14,9.13,9.12,9.11,9.1,9.09,9.08,9.07,9.06,9.18,9.19,9.2,9.21,9.22,9.23,9.24,9.25,9.26,9.27,20700,15100,11000,2300,12400,38900,13000,10400,3000,43000,5300,11100,6900,14900,39900,12700,11400,30000,11600,36800
402.0,9.18,486800,4475564.0,9.15,9.14,9.13,9.12,9.11,9.1,9.09,9.08,9.07,9.06,9.18,9.19,9.2,9.21,9.22,9.23,9.24,9.25,9.26,9.27,25400,15100,11000,2300,12400,38900,13000,10400,3000,43000,3800,11100,6900,14900,7800,12700,11400,30000,11600,36800
403.0,9.15,514200,4726274.0,9.15,9.14,9.13,9.12,9.11,9.1,9.09,9.08,9.07,9.06,9.18,9.19,9.2,9.21,9.22,9.23,9.24,9.25,9.26,9.27,12000,15100,11000,2300,12400,38900,13000,10400,3000,43000,5400,11100,7000,14900,7800,12700,11400,30000,11600,36800
404.0,9.18,515300,4736372.0,9.17,9.15,9.14,9.13,9.12,9.11,9.1,9.09,9.08,9.07,9.18,9.19,9.2,9.21,9.22,9.23,9.24,9.25,9.26,9.27,100,12000,15100,11000,2300,12400,38900,13000,10400,3000,4300,11100,7000,14900,7800,12700,11400,30000,11600,36800
405.0,9.18,515300,4736372.0,9.17,9.16,9.15,9.14,9.13,9.12,9.11,9.1,9.09,9.08,9.18,9.19,9.2,9.21,9.22,9.23,9.24,9.25,9.26,9.27,100,200,12000,15100,11000,2300,12400,38900,13000,10400,4300,11100,7000,14900,7800,12700,11400,30000,11600,36800
406.0,9.18,515700,4740044.0,9.17,9.16,9.15,9.14,9.13,9.12,9.11,9.1,9.09,9.08,9.18,9.19,9.2,9.21,9.22,9.23,9.24,9.25,9.26,9.27,100,200,12000,15100,11000,2300,12400,35900,13000,10400,3900,11100,7000,14900,7800,12700,11400,30000,11600,36800
407.0,9.18,515700,4740044.0,9.17,9.16,9.15,9.14,9.13,9.12,9.11,9.1,9.09,9.08,9.18,9.19,9.2,9.21,9.22,9.23,9.24,9.25,9.26,9.27,100,200,12000,15100,11000,2300,12400,35900,13000,10400,3900,11100,7000,14900,7800,12700,11400,30000,11600,36800
408.0,9.18,515700,4740044.0,9.17,9.16,9.15,9.14,9.13,9.12,9.11,9.1,9.09,9.08,9.18,9.19,9.2,9.21,9.22,9.23,9.24,9.25,9.26,9.27,100,200,10900,15100,11000,2300,12400,35900,13000,10400,3900,11100,7000,14900,7800,12700,11400,30000,11600,36800
409.0,9.18,516000,4742798.0,9.17,9.16,9.15,9.14,9.13,9.12,9.11,9.1,9.09,9.08,9.18,9.19,9.2,9.21,9.22,9.23,9.24,9.25,9.26,9.27,100,200,10900,15100,11000,2300,12400,35900,13000,10400,3600,11100,7000,14900,7800,12700,11400,30000,11600,36800
410.0,9.18,516000,4742798.0,9.17,9.16,9.15,9.14,9.13,9.12,9.11,9.1,9.09,9.08,9.18,9.19,9.2,9.21,9.22,9.23,9.24,9.25,9.26,9.27,100,200,10900,15100,11000,3500,12400,35900,13000,10400,3600,11100,7000,14900,7800,12700,11400,30000,11600,36800
411.0,9.18,516300,4745552.0,9.17,9.16,9.15,9.14,9.13,9.12,9.11,9.1,9.09,9.08,9.18,9.19,9.2,9.21,9.22,9.23,9.24,9.25,9.26,9.27,200,4600,10900,15100,11000,3500,12400,35900,13000,10400,3300,11100,7000,14900,7800,12700,11400,30000,11600,36800
412.0,9.16,521400,4792276.0,9.15,9.14,9.13,9.12,9.11,9.1,9.09,9.08,9.07,9.06,9.16,9.18,9.19,9.2,9.21,9.22,9.23,9.24,9.25,9.26,12600,15100,11000,3500,12400,35900,13000,10400,3000,43000,1100,3000,11100,7000,14900,7800,12700,11400,30000,11600
413.0,9.16,521400,4792276.0,9.15,9.14,9.13,9.12,9.11,9.1,9.09,9.08,9.07,9.06,9.16,9.18,9.19,9.2,9.21,9.22,9.23,9.24,9.25,9.26,12600,15100,11000,3500,12400,35900,13000,10400,3000,43000,1100,3000,11100,7000,14900,7800,12700,11400,30000,11600
414.0,9.16,521600,4794108.0,9.15,9.14,9.13,9.12,9.11,9.1,9.09,9.08,9.07,9.06,9.16,9.18,9.19,9.2,9.21,9.22,9.23,9.24,9.25,9.26,12600,15100,11000,3500,12400,35900,13000,10400,3000,43000,900,3000,11100,7000,14900,7800,12700,11400,30000,11600
415.0,9.16,521600,4794108.0,9.15,9.14,9.13,9.12,9.11,9.1,9.09,9.08,9.07,9.06,9.16,9.18,9.19,9.2,9.21,9.22,9.23,9.24,9.25,9.26,12600,15100,11000,3500,12400,35900,14100,10400,3000,43000,900,3000,11100,7000,14900,7800,12700,11400,30000,11600
416.0,9.16,521600,4794108.0,9.15,9.14,9.13,9.12,9.11,9.1,9.09,9.08,9.07,9.06,9.18,9.19,9.2,9.21,9.22,9.23,9.24,9.25,9.26,9.27,12600,15100,11000,3500,12400,35900,14100,10400,3000,43000,3000,11100,7000,14900,7800,12700,11400,30000,11600,36800
417.0,9.18,522100,4798698.0,9.16,9.15,9.14,9.13,9.12,9.11,9.1,9.09,9.08,9.07,9.18,9.19,9.2,9.21,9.22,9.23,9.24,9.25,9.26,9.27,900,12600,15100,11000,3500,12400,35900,14100,10400,3000,3700,11100,7000,14900,7800,12700,11400,30000,11600,36800
418.0,9.18,522100,4798698.0,9.16,9.15,9.14,9.13,9.12,9.11,9.1,9.09,9.08,9.07,9.18,9.19,9.2,9.21,9.22,9.23,9.24,9.25,9.26,9.27,2100,13800,15100,11000,3500,12400,35900,14100,10400,3000,4900,11100,7000,14900,7800,12700,11400,30000,11600,36800
419.0,9.16,523800,4814286.0,9.16,9.15,9.14,9.13,9.12,9.11,9.1,9.09,9.08,9.07,9.18,9.19,9.2,9.21,9.22,9.23,9.24,9.25,9.26,9.27,1200,13800,15100,11000,3500,12400,35900,14100,10400,3000,4100,11100,7000,14900,7800,12700,11400,30000,11600,36800
420.0,9.16,523800,4814286.0,9.16,9.15,9.14,9.13,9.12,9.11,9.1,9.09,9.08,9.07,9.18,9.19,9.2,9.21,9.22,9.23,9.24,9.25,9.26,9.27,2400,13800,15100,11000,3500,12400,35900,14100,10400,3000,5300,11100,7000,14900,7800,12700,11400,30000,11600,36800
421.0,9.16,523800,4814286.0,9.16,9.15,9.14,9.13,9.12,9.11,9.1,9.09,9.08,9.07,9.18,9.19,9.2,9.21,9.22,9.23,9.24,9.25,9.26,9.27,3600,14500,15100,11000,4600,12400,35900,14100,10400,3000,6500,11100,7000,14900,7800,12700,11400,30000,11600,36800
422.0,9.18,524400,4819794.0,9.16,9.15,9.14,9.13,9.12,9.11,9.1,9.09,9.08,9.07,9.18,9.19,9.2,9.21,9.22,9.23,9.24,9.25,9.26,9.27,7300,14800,15100,11000,4600,12400,35900,14100,10400,3000,5900,11100,7000,14900,7800,12700,11400,30000,11600,36800
423.0,9.18,524400,4819794.0,9.17,9.16,9.15,9.14,9.13,9.12,9.11,9.1,9.09,9.08,9.18,9.19,9.2,9.21,9.22,9.23,9.24,9.25,9.26,9.27,5400,8500,15000,15100,11000,4400,12400,35900,14100,10400,7100,11100,7000,14900,7800,12700,11400,30000,11600,36800
