LocalTime,LastPrice,TradeVolume,TradeValue,BidPrice1,BidPrice2,BidPrice3,BidPrice4,BidPrice5,BidPrice6,BidPrice7,BidPrice8,BidPrice9,BidPriceA,AskPrice1,AskPrice2,AskPrice3,AskPrice4,AskPrice5,AskPrice6,AskPrice7,AskPrice8,AskPrice9,AskPriceA,BidVolume1,BidVolume2,BidVolume3,BidVolume4,BidVolume5,BidVolume6,BidVolume7,BidVolume8,BidVolume9,BidVolumeA,AskVolume1,AskVolume2,AskVolume3,AskVolume4,AskVolume5,AskVolume6,AskVolume7,AskVolume8,AskVolume9,AskVolumeA
0.0,6.51,14200,92442.0,6.47,6.46,6.45,6.44,6.42,6.41,6.4,6.36,6.31,6.21,6.51,6.53,6.57,6.63,6.66,6.68,6.7,6.73,6.75,6.77,14000,33000,6000,2000,13400,6900,800,7000,2800,1500,13200,16500,9400,8000,21600,7000,2000,1000,700,3800
1.0,6.51,27400,178374.0,6.48,6.47,6.46,6.45,6.44,6.42,6.41,6.4,6.36,6.31,6.5,6.53,6.57,6.63,6.66,6.68,6.7,6.73,6.75,6.77,900,14000,33000,6000,2000,13400,6900,800,7000,2800,100,16500,9400,8000,21600,7000,2000,1000,700,3800
2.0,6.51,27400,178374.0,6.48,6.47,6.46,6.45,6.44,6.42,6.41,6.4,6.36,6.31,6.5,6.52,6.53,6.56,6.57,6.63,6.66,6.68,6.7,6.72,900,15900,46600,6000,2000,13400,6900,800,7000,2800,5100,3000,16500,2000,9400,8000,21600,7000,2000,10000
3.0,6.51,27400,178374.0,6.48,6.47,6.46,6.45,6.44,6.42,6.41,6.4,6.36,6.31,6.5,6.52,6.53,6.54,6.56,6.57,6.63,6.66,6.68,6.7,5600,15900,46600,6000,2000,13400,6900,800,7000,2800,5100,3000,1100,15800,2000,8800,8000,21600,7000,2000
4.0,6.5,29600,192674.0,6.48,6.47,6.46,6.45,6.44,6.42,6.41,6.4,6.36,6.31,6.5,6.52,6.53,6.54,6.56,6.57,6.63,6.66,6.68,6.7,3600,15900,56600,6000,2000,13400,6900,800,7000,2800,3000,3000,1100,15800,2000,8800,8000,21600,7000,2000
5.0,6.5,32100,208924.0,6.48,6.47,6.46,6.45,6.44,6.42,6.41,6.4,6.36,6.31,6.5,6.52,6.53,6.54,6.56,6.57,6.63,6.64,6.66,6.68,4000,15900,56600,6000,2000,13400,6900,800,7000,2800,700,3000,1100,15800,2000,8800,8000,1900,21600,7000
6.0,6.5,33700,219324.0,6.5,6.49,6.48,6.47,6.46,6.45,6.44,6.42,6.41,6.4,6.52,6.53,6.54,6.56,6.57,6.63,6.64,6.66,6.68,6.7,2500,400,5000,15900,56600,7600,2000,13400,6900,800,3000,1100,15800,2000,8800,8000,1900,22600,7000,2000
7.0,6.51,35700,232354.0,6.51,6.5,6.49,6.48,6.47,6.46,6.45,6.44,6.42,6.41,6.52,6.53,6.54,6.56,6.57,6.6,6.63,6.64,6.66,6.68,700,17300,400,5000,15900,56600,7600,2000,13400,6900,1700,1100,15800,2000,8800,2000,8000,1900,22600,7000
8.0,6.51,35700,232354.0,6.51,6.5,6.49,6.48,6.47,6.46,6.45,6.44,6.42,6.41,6.52,6.53,6.54,6.56,6.57,6.58,6.6,6.63,6.64,6.66,700,18700,400,5700,15900,56600,7600,2000,13400,6900,1700,1100,15800,2000,8800,3800,2000,8000,1900,22600
9.0,6.51,35700,232354.0,6.51,6.5,6.49,6.48,6.47,6.46,6.45,6.44,6.42,6.41,6.52,6.53,6.54,6.56,6.57,6.58,6.6,6.63,6.64,6.66,700,19000,400,5700,15900,56600,7600,2000,13400,6900,1700,1100,15800,2000,8800,3800,2000,8000,1900,22600
10.0,6.52,37800,246042.0,6.52,6.51,6.5,6.49,6.48,6.47,6.46,6.45,6.44,6.42,6.53,6.54,6.56,6.57,6.58,6.6,6.63,6.64,6.66,6.68,2300,900,15800,400,4800,15900,58600,7600,6200,13400,900,15800,2000,8800,6800,2000,8000,1900,22600,7000
11.0,6.52,37800,246042.0,6.52,6.51,6.5,6.49,6.48,6.47,6.46,6.45,6.44,6.42,6.53,6.54,6.56,6.57,6.58,6.6,6.63,6.64,6.66,6.68,3600,1200,25000,400,4700,15900,58600,7600,6200,13400,900,15800,2000,8800,6800,2000,8000,1900,22600,7000
12.0,6.53,38200,248654.0,6.52,6.51,6.5,6.49,6.48,6.47,6.46,6.45,6.44,6.42,6.53,6.54,6.56,6.57,6.58,6.6,6.63,6.64,6.66,6.68,6200,3400,24800,400,3700,16300,58600,7600,6200,13400,600,15800,2000,8800,6800,2000,8000,1900,22600,7000
13.0,6.53,38500,250613.0,6.52,6.51,6.5,6.49,6.48,6.47,6.46,6.45,6.44,6.42,6.53,6.54,6.56,6.57,6.58,6.6,6.63,6.64,6.66,6.68,6200,2600,14300,400,5100,16000,76100,7600,6200,13400,300,15800,2000,8800,6800,2000,8000,1900,22600,7000
14.0,6.54,39100,254532.0,6.53,6.52,6.51,6.5,6.49,6.48,6.47,6.46,6.45,6.44,6.54,6.56,6.57,6.58,6.6,6.62,6.63,6.64,6.66,6.68,1300,4300,2600,14000,400,5100,16000,76100,7600,6200,15600,2000,8800,6800,2000,8000,8000,1900,22600,7000
15.0,6.53,42200,274775.0,6.52,6.51,6.5,6.49,6.48,6.47,6.46,6.45,6.44,6.42,6.53,6.54,6.56,6.57,6.58,6.6,6.62,6.63,6.64,6.66,4800,1600,14000,400,4200,16000,76100,7600,6200,13400,700,15600,2000,8800,6800,2000,8000,8000,1900,22600
16.0,6.53,43400,282611.0,6.53,6.52,6.51,6.5,6.49,6.48,6.47,6.46,6.45,6.44,6.54,6.56,6.57,6.58,6.6,6.62,6.63,6.64,6.66,6.68,200,4800,1600,14000,400,4200,15900,76100,7600,6200,15600,2000,8800,6800,2000,8000,8000,1900,22600,7000
17.0,6.54,43500,283265.0,6.53,6.52,6.51,6.5,6.49,6.48,6.47,6.46,6.45,6.44,6.54,6.56,6.57,6.58,6.6,6.62,6.63,6.64,6.66,6.68,200,4800,1600,14000,400,4200,15900,76100,7600,6200,15500,2000,8800,6800,2000,8000,8000,1900,22600,7000
18.0,6.54,43500,283265.0,6.53,6.52,6.51,6.5,6.49,6.48,6.47,6.46,6.45,6.44,6.54,6.56,6.57,6.58,6.6,6.62,6.63,6.64,6.66,6.68,200,4800,1600,14000,400,4200,15900,76100,7600,6200,15500,2000,8800,6800,2000,8000,8000,1900,22600,7000
19.0,6.52,45500,296307.0,6.52,6.51,6.5,6.49,6.48,6.47,6.46,6.45,6.44,6.42,6.53,6.54,6.56,6.57,6.58,6.6,6.62,6.63,6.64,6.66,3200,1600,13800,400,4200,14000,76100,7600,6200,13400,300,15500,2000,8800,6800,2000,8000,8000,1900,22600
20.0,6.51,50500,328890.0,6.5,6.48,6.47,6.46,6.45,6.44,6.42,6.41,6.4,6.36,6.52,6.53,6.54,6.56,6.57,6.58,6.6,6.62,6.63,6.64,13800,4200,14600,76100,7600,6200,13400,6900,10800,7000,5500,5400,15500,2000,8800,6800,2000,8000,8000,1900
21.0,6.51,50500,328890.0,6.5,6.48,6.47,6.46,6.45,6.44,6.42,6.41,6.4,6.36,6.52,6.53,6.54,6.56,6.57,6.58,6.6,6.62,6.63,6.64,13800,4200,14600,76100,7600,6200,13400,6900,10800,7000,5500,5400,15500,2000,8800,6800,2000,8000,8000,1900
22.0,6.52,51000,332150.0,6.51,6.5,6.48,6.47,6.46,6.45,6.44,6.42,6.41,6.4,6.52,6.53,6.54,6.56,6.57,6.58,6.6,6.62,6.63,6.64,100,13800,4200,15000,76100,7600,6200,13400,6900,10800,5000,5400,15500,2000,8800,6800,2000,8000,8000,1900
23.0,6.52,51000,332150.0,6.51,6.5,6.48,6.47,6.46,6.45,6.44,6.42,6.41,6.4,6.52,6.53,6.54,6.56,6.57,6.58,6.6,6.62,6.63,6.64,1200,13400,4200,15300,76100,7600,6200,13400,6900,10800,5100,1000,15500,2000,8800,6800,2000,8000,8000,1900
24.0,6.52,51000,332150.0,6.51,6.5,6.48,6.47,6.46,6.45,6.44,6.42,6.41,6.4,6.52,6.53,6.54,6.56,6.57,6.58,6.6,6.62,6.63,6.64,1200,13400,4200,15300,76100,7600,6200,13400,6900,10800,5100,1000,15500,2000,8800,6800,2000,8000,8000,1900
25.0,6.52,51000,332150.0,6.51,6.5,6.48,6.47,6.46,6.45,6.44,6.42,6.41,6.4,6.52,6.53,6.54,6.56,6.57,6.58,6.6,6.62,6.63,6.64,1200,13400,4200,15500,76100,7600,6200,13400,6900,10800,5100,1000,15500,2000,8800,6800,2000,8000,8000,1900
26.0,6.52,51200,333454.0,6.51,6.5,6.48,6.47,6.46,6.45,6.44,6.42,6.41,6.4,6.52,6.53,6.54,6.56,6.57,6.58,6.6,6.62,6.63,6.64,1400,13400,4200,15500,76100,7600,6200,13400,6900,10800,4900,1100,15500,2000,8800,6800,2000,8000,8000,1900
27.0,6.52,51200,333454.0,6.51,6.5,6.48,6.47,6.46,6.45,6.44,6.42,6.41,6.4,6.52,6.53,6.54,6.56,6.57,6.58,6.6,6.62,6.63,6.64,1400,13400,4200,15500,76100,7600,6200,13400,6900,10800,4900,1100,15500,2000,8800,6800,2000,8000,8000,1900
28.0,6.52,51200,333454.0,6.51,6.5,6.48,6.47,6.46,6.45,6.44,6.42,6.41,6.4,6.52,6.53,6.54,6.56,6.57,6.58,6.6,6.62,6.63,6.64,1400,13400,4200,15500,76100,7600,6200,13400,6900,10800,4900,1100,15500,2000,8800,6800,2000,8000,8000,1900
29.0,6.52,51400,334758.0,6.51,6.5,6.48,6.47,6.46,6.45,6.44,6.42,6.41,6.4,6.52,6.53,6.54,6.56,6.57,6.58,6.6,6.62,6.63,6.64,1500,13300,4200,15500,76100,7600,6200,13400,6900,10800,4700,1100,15500,2000,8800,6800,2000,8000,8000,1900
30.0,6.52,51400,334758.0,6.51,6.5,6.48,6.47,6.46,6.45,6.44,6.42,6.41,6.4,6.52,6.53,6.54,6.56,6.57,6.58,6.6,6.62,6.63,6.64,1500,13300,4200,15500,76100,7600,6200,13400,6900,10800,4700,1100,15500,2000,8800,6800,2000,8000,8000,1900
31.0,6.52,51400,334758.0,6.51,6.5,6.48,6.47,6.46,6.45,6.44,6.42,6.41,6.4,6.52,6.53,6.54,6.56,6.57,6.58,6.6,6.62,6.63,6.64,1500,13300,4200,15400,76100,7600,6200,13400,6900,10800,5000,1100,15500,2000,8800,6800,2000,8000,8000,1900
32.0,6.52,52100,339322.0,6.51,6.5,6.48,6.47,6.46,6.45,6.44,6.42,6.41,6.4,6.52,6.53,6.54,6.56,6.57,6.58,6.6,6.62,6.63,6.64,1500,13200,4200,15400,76100,7600,6200,13400,6900,10800,4300,1100,15500,2000,8800,6800,2000,8000,8000,1900
33.0,6.51,52900,344534.0,6.51,6.5,6.48,6.47,6.46,6.45,6.44,6.42,6.41,6.4,6.52,6.53,6.54,6.56,6.57,6.58,6.6,6.62,6.63,6.64,1100,13200,4200,15400,76100,7600,6200,13400,6900,10800,3900,1100,15500,2000,13800,6800,2000,8000,8000,1900
34.0,6.51,52900,344534.0,6.51,6.5,6.48,6.47,6.46,6.45,6.44,6.42,6.41,6.4,6.52,6.53,6.54,6.56,6.57,6.58,6.6,6.62,6.63,6.64,1100,13200,4200,15400,76100,7600,6200,13400,6900,10800,3900,1100,15500,2000,13800,6800,2000,8000,8000,1900
35.0,6.52,53200,346490.0,6.51,6.5,6.48,6.47,6.46,6.45,6.44,6.42,6.41,6.4,6.52,6.53,6.54,6.56,6.57,6.58,6.6,6.62,6.63,6.64,1100,13200,4200,15400,76100,7600,6200,13400,6900,10800,3300,3100,15500,2000,13800,6800,2000,8000,8000,1900
36.0,6.51,53300,347141.0,6.51,6.5,6.48,6.47,6.46,6.45,6.44,6.42,6.41,6.4,6.52,6.53,6.54,6.56,6.57,6.58,6.6,6.62,6.63,6.64,1000,13200,4200,15400,76100,7600,6200,13400,6900,10800,3300,3100,15500,2000,13800,6800,2000,8000,8000,1900
37.0,6.52,53600,349097.0,6.51,6.5,6.48,6.47,6.46,6.45,6.44,6.42,6.41,6.4,6.52,6.53,6.54,6.56,6.57,6.58,6.6,6.62,6.63,6.64,900,13200,4200,15400,76100,7600,6200,13400,6900,10800,3300,3100,15500,2000,13800,6800,2000,8000,8000,1900
38.0,6.52,54900,357573.0,6.51,6.5,6.48,6.47,6.46,6.45,6.44,6.42,6.41,6.4,6.52,6.53,6.54,6.56,6.57,6.58,6.6,6.62,6.63,6.64,1000,13200,4200,15400,76100,7600,6200,13400,6900,10800,2200,3100,15500,2000,13800,6800,2000,8000,8000,1900
39.0,6.52,55400,360832.0,6.51,6.5,6.48,6.47,6.46,6.45,6.44,6.42,6.41,6.4,6.52,6.53,6.54,6.56,6.57,6.58,6.6,6.62,6.63,6.64,900,13200,4200,15400,76100,7600,6200,13400,6900,10800,1800,3100,15500,2000,13800,6800,2000,8000,8000,1900
40.0,6.52,55500,361484.0,6.51,6.5,6.48,6.47,6.46,6.45,6.44,6.42,6.41,6.4,6.52,6.53,6.54,6.56,6.57,6.58,6.6,6.62,6.63,6.64,900,13200,4200,15400,76100,7600,6200,13400,6900,10800,1700,3100,15500,2000,13800,6800,2000,8000,8000,1900
41.0,6.52,57200,372568.0,6.52,6.51,6.5,6.48,6.47,6.46,6.45,6.44,6.42,6.41,6.53,6.54,6.56,6.57,6.58,6.6,6.62,6.63,6.64,6.66,300,900,10700,4600,15400,76100,7600,6200,13400,6900,3100,15500,2000,13800,6800,2000,8000,8000,1900,22600
42.0,6.52,57200,372568.0,6.52,6.51,6.5,6.48,6.47,6.46,6.45,6.44,6.42,6.41,6.53,6.54,6.56,6.57,6.58,6.6,6.62,6.63,6.64,6.66,300,900,10700,4600,15400,76100,7600,6200,13400,6900,3100,15500,2000,13800,6800,2000,8000,8000,1900,22600
43.0,6.52,57500,374524.0,6.52,6.51,6.5,6.48,6.47,6.46,6.45,6.44,6.42,6.41,6.53,6.54,6.56,6.57,6.58,6.6,6.62,6.63,6.64,6.66,100,900,7400,4600,15800,76100,7600,6200,13400,6900,3100,15500,2000,13800,6800,2000,8000,8000,1900,22600
44.0,6.52,57500,374524.0,6.52,6.51,6.5,6.48,6.47,6.46,6.45,6.44,6.42,6.41,6.53,6.54,6.56,6.57,6.58,6.6,6.62,6.63,6.64,6.66,300,2800,7400,4600,15800,76100,7600,6200,13400,6900,3100,15500,2000,13800,6800,2000,8000,8000,1900,22600
45.0,6.52,57500,374524.0,6.52,6.51,6.5,6.48,6.47,6.46,6.45,6.44,6.42,6.41,6.53,6.54,6.56,6.57,6.58,6.6,6.62,6.63,6.64,6.66,300,2800,7400,4600,15800,76100,7600,6200,13400,6900,3400,15500,2000,13800,6800,2000,8000,13000,1900,22600
46.0,6.52,57500,374524.0,6.52,6.51,6.5,6.48,6.47,6.46,6.45,6.44,6.42,6.41,6.53,6.54,6.56,6.57,6.58,6.6,6.62,6.63,6.64,6.66,300,2800,7400,4600,15800,76100,6000,6200,13400,6900,3400,15500,2000,13800,6800,2000,8000,13000,1900,22600
47.0,6.51,58200,379090.0,6.51,6.5,6.48,6.47,6.46,6.45,6.44,6.42,6.41,6.4,6.52,6.53,6.54,6.56,6.57,6.58,6.6,6.62,6.63,6.64,2800,7400,4600,15800,76100,6000,6200,13400,6900,10800,500,3700,15500,2000,13800,6800,2000,8000,13000,1900
48.0,6.51,58200,379090.0,6.51,6.5,6.48,6.47,6.46,6.45,6.44,6.42,6.41,6.4,6.52,6.53,6.54,6.56,6.57,6.58,6.6,6.62,6.63,6.64,2800,7400,4600,15800,76100,6000,6200,13400,6900,10800,500,3700,15500,2000,13800,6800,2000,8000,13000,1900
49.0,6.51,58200,379090.0,6.51,6.5,6.48,6.47,6.46,6.45,6.44,6.42,6.41,6.4,6.52,6.53,6.54,6.56,6.57,6.58,6.6,6.62,6.63,6.64,2800,7400,4600,15800,76100,6000,6200,13400,6900,10800,500,3700,15500,2000,13800,6800,2000,8000,13000,1900
50.0,6.52,58400,380393.0,6.51,6.5,6.48,6.47,6.46,6.45,6.44,6.42,6.41,6.4,6.52,6.53,6.54,6.56,6.57,6.58,6.6,6.62,6.63,6.64,2000,7400,4600,15800,76100,6000,6200,13400,6900,10800,1200,3300,15500,2000,13800,6800,2000,8000,13000,1900
51.0,6.51,58600,381695.0,6.51,6.5,6.48,6.47,6.46,6.45,6.44,6.42,6.41,6.4,6.52,6.53,6.54,6.56,6.57,6.58,6.6,6.62,6.63,6.64,1800,7400,4600,15800,76100,6000,6200,13400,6900,10800,1200,3300,15500,2000,13800,6800,2000,8000,13000,1900
52.0,6.51,58600,381695.0,6.51,6.5,6.48,6.47,6.46,6.45,6.44,6.42,6.41,6.4,6.52,6.53,6.54,6.56,6.57,6.58,6.6,6.62,6.63,6.64,1800,7400,4600,15800,76100,6000,6200,13400,6900,10800,1200,3300,15500,2000,13800,6800,2000,8000,13000,1900
53.0,6.51,59600,388205.0,6.51,6.5,6.48,6.47,6.46,6.45,6.44,6.42,6.41,6.4,6.52,6.53,6.54,6.56,6.57,6.58,6.6,6.62,6.63,6.64,900,7400,4600,15800,76100,6000,6200,13400,6900,10800,1500,3000,15500,2000,13800,6800,2000,8000,13000,1900
54.0,6.51,59600,388205.0,6.51,6.5,6.48,6.47,6.46,6.45,6.44,6.42,6.41,6.4,6.52,6.53,6.54,6.56,6.57,6.58,6.6,6.62,6.63,6.64,900,7400,4600,15800,76100,6000,6200,13400,6900,10800,1500,3000,15500,2000,13800,6800,2000,8000,13000,1900
55.0,6.51,59700,388856.0,6.51,6.5,6.48,6.47,6.46,6.45,6.44,6.42,6.41,6.4,6.52,6.53,6.54,6.56,6.57,6.58,6.6,6.62,6.63,6.64,800,7400,4600,15800,76100,6000,6200,13400,6900,10800,1500,3000,15500,2000,13800,6800,2000,8000,13000,1900
56.0,6.51,60500,394064.0,6.5,6.48,6.47,6.46,6.45,6.44,6.42,6.41,6.4,6.36,6.51,6.52,6.53,6.54,6.56,6.57,6.58,6.6,6.62,6.63,7400,4600,15800,76100,6000,6200,13400,6900,10800,7000,200,2300,3000,15500,2000,13800,6800,2000,8000,13000
57.0,6.51,61900,403171.0,6.51,6.5,6.48,6.47,6.46,6.45,6.44,6.42,6.41,6.4,6.52,6.53,6.54,6.56,6.57,6.58,6.6,6.62,6.63,6.64,100,6700,4600,15800,76100,6000,6200,13400,6900,10800,2300,3000,15500,2000,13800,6800,2000,8000,13000,1900
58.0,6.51,61900,403171.0,6.51,6.5,6.48,6.47,6.46,6.45,6.44,6.42,6.41,6.4,6.52,6.53,6.54,6.56,6.57,6.58,6.6,6.62,6.63,6.64,100,6700,4600,15800,76100,6000,6200,13400,6900,10800,2300,3000,15500,2000,13800,6800,2000,8000,13000,1900
59.0,6.51,62200,405124.0,6.5,6.48,6.47,6.46,6.45,6.44,6.42,6.41,6.4,6.36,6.52,6.53,6.54,6.56,6.57,6.58,6.6,6.62,6.63,6.64,6900,4600,15800,76100,6000,6200,13400,6900,10800,7000,3200,3000,15500,2000,13800,6800,2000,8000,13000,1900
60.0,6.5,62800,409024.0,6.5,6.48,6.47,6.46,6.45,6.44,6.42,6.41,6.4,6.36,6.52,6.53,6.54,6.56,6.57,6.58,6.6,6.62,6.63,6.64,6300,4600,15800,76100,6000,6200,13400,6900,10800,7000,3200,3000,15500,2000,13800,6800,2000,8000,13000,1900
61.0,6.5,62800,409024.0,6.51,6.5,6.48,6.47,6.46,6.45,6.44,6.42,6.41,6.4,6.52,6.53,6.54,6.56,6.57,6.58,6.6,6.62,6.63,6.64,300,6100,4600,15800,76100,6000,6200,13400,6900,10800,3200,3000,15500,2000,13800,6800,2000,8000,13000,1900
62.0,6.5,62800,409024.0,6.51,6.5,6.48,6.47,6.46,6.45,6.44,6.42,6.41,6.4,6.52,6.53,6.54,6.56,6.57,6.58,6.6,6.62,6.63,6.64,500,6100,6200,15800,76100,6000,6200,13400,6900,10800,3200,3000,15500,2000,13800,6800,2000,8000,13000,1900
63.0,6.5,62800,409024.0,6.51,6.5,6.48,6.47,6.46,6.45,6.44,6.42,6.41,6.4,6.52,6.53,6.54,6.56,6.57,6.58,6.6,6.62,6.63,6.64,500,6100,6200,15800,76100,6000,6200,13400,6900,10800,3200,3000,15500,2000,13800,6800,2000,8000,13000,1900
64.0,6.51,63000,410327.0,6.51,6.5,6.48,6.47,6.46,6.45,6.44,6.42,6.41,6.4,6.52,6.53,6.54,6.56,6.57,6.58,6.6,6.62,6.63,6.64,600,6100,6200,15800,76100,6000,6200,13400,6900,10800,3500,3000,15500,2000,13800,6800,2000,8000,13000,1900
65.0,6.52,63200,411631.0,6.51,6.5,6.48,6.47,6.46,6.45,6.44,6.42,6.41,6.4,6.52,6.53,6.54,6.56,6.57,6.58,6.6,6.62,6.63,6.64,500,6100,6200,15800,76100,6000,6200,13400,6900,10800,3000,3000,15500,2000,13800,6800,2000,8000,13000,1900
66.0,6.52,63200,411631.0,6.51,6.5,6.48,6.47,6.46,6.45,6.44,6.42,6.41,6.4,6.52,6.53,6.54,6.56,6.57,6.58,6.6,6.62,6.63,6.64,600,6100,6200,15800,76100,6000,6200,13400,6900,10800,3400,3000,15500,2000,13800,6800,2000,8000,13000,1900
67.0,6.51,64300,418792.0,6.51,6.5,6.48,6.47,6.46,6.45,6.44,6.42,6.41,6.4,6.52,6.53,6.54,6.56,6.57,6.58,6.6,6.62,6.63,6.64,300,6300,6200,15800,76100,6000,6200,13400,6900,10800,7800,3000,15500,2000,13800,6800,2000,8000,13000,1900
68.0,6.5,65400,425951.0,6.5,6.48,6.47,6.46,6.45,6.44,6.42,6.41,6.4,6.36,6.51,6.52,6.53,6.54,6.56,6.57,6.58,6.6,6.62,6.63,6100,6200,15800,76100,6000,6200,13400,6900,10800,7000,6400,5800,3000,15500,2000,13800,6800,2000,8000,13000
69.0,6.5,65400,425951.0,6.5,6.48,6.47,6.46,6.45,6.44,6.42,6.41,6.4,6.36,6.51,6.52,6.53,6.54,6.56,6.57,6.58,6.6,6.62,6.63,6100,6200,15800,76100,6000,6200,13400,6900,10800,7000,6400,5800,3000,15500,2000,13800,6800,2000,8000,13000
70.0,6.51,66100,430502.0,6.5,6.48,6.47,6.46,6.45,6.44,6.42,6.41,6.4,6.36,6.51,6.52,6.53,6.54,6.56,6.57,6.58,6.6,6.62,6.63,5500,6200,15800,76100,6000,6200,13400,6900,10800,7000,6300,5800,3000,15500,2000,13800,6800,2000,8000,13000
71.0,6.51,66100,430502.0,6.5,6.48,6.47,6.46,6.45,6.44,6.42,6.41,6.4,6.36,6.51,6.52,6.53,6.54,6.56,6.57,6.58,6.6,6.62,6.63,5600,6200,15800,76100,6000,6200,13400,6900,10800,7000,6300,5000,3000,15500,2000,13800,6800,2000,8000,13000
72.0,6.51,66100,430502.0,6.5,6.48,6.47,6.46,6.45,6.44,6.42,6.41,6.4,6.36,6.51,6.52,6.53,6.54,6.56,6.57,6.58,6.6,6.62,6.63,5600,6200,15800,76100,6000,6200,13400,6900,10800,7000,6300,5000,3000,15500,2000,13800,6800,2000,8000,13000
73.0,6.5,66600,433752.0,6.5,6.48,6.47,6.46,6.45,6.44,6.42,6.41,6.4,6.36,6.51,6.52,6.53,6.54,6.56,6.57,6.58,6.6,6.62,6.63,5100,6200,15800,76100,6000,6200,13400,6900,10800,7000,6300,5000,3000,15500,2000,13800,6800,2000,8000,13000
74.0,6.51,66900,435705.0,6.5,6.48,6.47,6.46,6.45,6.44,6.42,6.41,6.4,6.36,6.51,6.52,6.53,6.54,6.56,6.57,6.58,6.6,6.62,6.63,5000,6200,15800,76100,6000,6200,13400,6900,10800,7000,6000,5000,3000,15500,2000,13800,6800,2000,8000,13000
75.0,6.51,66900,435705.0,6.5,6.48,6.47,6.46,6.45,6.44,6.42,6.41,6.4,6.36,6.51,6.52,6.53,6.54,6.56,6.57,6.58,6.6,6.62,6.63,5000,6200,15800,76100,6000,6200,13400,6900,10800,7000,18400,5000,3000,15500,2000,13800,6800,2000,8000,13000
76.0,6.51,66900,435705.0,6.5,6.48,6.47,6.46,6.45,6.44,6.42,6.41,6.4,6.36,6.51,6.52,6.53,6.54,6.56,6.57,6.58,6.6,6.62,6.63,5000,6200,15800,76100,6000,6200,13400,6900,10800,7000,18400,5000,3000,15500,2000,13800,6800,2000,8000,13000
77.0,6.5,67400,438955.0,6.5,6.48,6.47,6.46,6.45,6.44,6.42,6.41,6.4,6.36,6.51,6.52,6.53,6.54,6.56,6.57,6.58,6.6,6.62,6.63,4500,6200,15800,76100,6000,6200,13400,6900,10800,7000,19200,5000,2600,15500,2000,13800,6800,2000,8000,13000
78.0,6.5,68300,444805.0,6.5,6.48,6.47,6.46,6.45,6.44,6.42,6.41,6.4,6.36,6.51,6.52,6.53,6.54,6.56,6.57,6.58,6.6,6.62,6.63,3600,6200,15800,76100,6000,6200,13400,6900,10800,7000,19200,5000,2600,15500,2000,13800,6800,2000,8000,13000
79.0,6.5,68300,444805.0,6.5,6.48,6.47,6.46,6.45,6.44,6.42,6.41,6.4,6.36,6.51,6.52,6.53,6.54,6.56,6.57,6.58,6.6,6.62,6.63,3600,6200,15800,76100,6000,6200,13400,6900,10800,7000,19200,5000,2600,15500,2000,13800,6800,2000,8000,13000
80.0,6.5,68600,446755.0,6.5,6.48,6.47,6.46,6.45,6.44,6.42,6.41,6.4,6.36,6.51,6.52,6.53,6.54,6.56,6.57,6.58,6.6,6.62,6.63,3300,6200,15800,76100,6000,6200,13400,6900,10800,7000,19200,4900,2600,15500,2000,13800,6800,2000,8000,13000
81.0,6.5,68600,446755.0,6.5,6.48,6.47,6.46,6.45,6.44,6.42,6.41,6.4,6.36,6.51,6.52,6.53,6.54,6.56,6.57,6.58,6.6,6.62,6.63,3300,6200,15800,76100,6000,6200,13400,6900,10800,7000,19200,4900,2600,15500,2000,13800,6800,2000,8000,13000
82.0,6.5,68600,446755.0,6.5,6.48,6.47,6.46,6.45,6.44,6.42,6.41,6.4,6.36,6.51,6.52,6.53,6.54,6.56,6.57,6.58,6.6,6.62,6.63,3300,6200,15800,76100,6000,6200,13400,6900,10800,7000,19200,4900,2600,15500,2000,13800,6800,2000,8000,13000
83.0,6.5,76800,500132.0,6.5,6.48,6.47,6.46,6.45,6.44,6.42,6.41,6.4,6.36,6.51,6.52,6.53,6.54,6.56,6.57,6.58,6.6,6.62,6.63,2800,6200,15800,76100,6000,6200,13400,6900,10800,7000,11500,4900,2600,15500,2000,13800,6800,2000,8000,13000
84.0,6.51,77000,501434.0,6.5,6.48,6.47,6.46,6.45,6.44,6.42,6.41,6.4,6.36,6.51,6.52,6.53,6.54,6.56,6.57,6.58,6.6,6.62,6.63,3200,6200,15800,76100,6000,6200,13400,6900,10800,7000,11300,4900,2600,15500,2000,13800,6800,2000,8000,13000
85.0,6.51,77000,501434.0,6.5,6.48,6.47,6.46,6.45,6.44,6.42,6.41,6.4,6.36,6.51,6.52,6.53,6.54,6.56,6.57,6.58,6.6,6.62,6.63,3200,6200,18800,76100,6000,6200,13400,6900,10800,7000,11300,4900,2600,15500,2000,13800,6800,2000,8000,13000
86.0,6.5,77300,503384.0,6.5,6.48,6.47,6.46,6.45,6.44,6.42,6.41,6.4,6.36,6.51,6.52,6.53,6.54,6.56,6.57,6.58,6.6,6.62,6.63,2900,6200,18800,76100,6000,6200,13400,6900,10800,7000,11300,4900,2600,15500,2000,13800,6800,2000,8000,13000
87.0,6.5,81500,530684.0,6.49,6.48,6.47,6.46,6.45,6.44,6.42,6.41,6.4,6.36,6.5,6.51,6.52,6.53,6.54,6.56,6.57,6.58,6.6,6.62,1600,6700,18800,76100,6000,6200,13400,6900,10800,7000,4000,11300,4900,2600,15500,2000,13800,6800,2000,8000
88.0,6.51,91900,598348.0,6.5,6.49,6.48,6.47,6.46,6.45,6.44,6.42,6.41,6.4,6.51,6.52,6.53,6.54,6.56,6.57,6.58,6.6,6.62,6.63,100,1600,6700,18800,76100,6000,6200,13400,6900,10800,4900,4900,2600,15500,2000,13800,6800,2000,8000,13000
89.0,6.5,93900,611367.0,6.49,6.48,6.47,6.46,6.45,6.44,6.42,6.41,6.4,6.36,6.5,6.51,6.52,6.53,6.54,6.56,6.57,6.58,6.6,6.62,1700,6200,18800,76100,6000,6200,13400,6900,10800,7000,600,3000,4900,2600,15500,2000,13800,6800,2000,8000
90.0,6.49,94000,612016.0,6.49,6.48,6.47,6.46,6.45,6.44,6.42,6.41,6.4,6.36,6.5,6.51,6.52,6.53,6.54,6.56,6.57,6.58,6.6,6.62,1600,6700,18800,76100,6000,6200,13400,6900,10800,7000,600,3000,4900,2600,15500,2000,13800,6800,2000,8000
91.0,6.49,94000,612016.0,6.49,6.48,6.47,6.46,6.45,6.44,6.42,6.41,6.4,6.36,6.5,6.51,6.52,6.53,6.54,6.56,6.57,6.58,6.6,6.62,1600,6700,18800,76100,6000,6200,13400,6900,10800,7000,600,3000,4900,2600,15500,2000,13800,6800,2000,8000
92.0,6.5,94400,614616.0,6.49,6.48,6.47,6.46,6.45,6.44,6.42,6.41,6.4,6.36,6.5,6.51,6.52,6.53,6.54,6.56,6.57,6.58,6.6,6.62,1600,6700,18800,76100,6000,6200,13400,6900,10800,7000,200,5900,4900,2600,15500,2000,13800,6800,2000,8000
93.0,6.5,94400,614616.0,6.49,6.48,6.47,6.46,6.45,6.44,6.42,6.41,6.4,6.36,6.5,6.51,6.52,6.53,6.54,6.56,6.57,6.58,6.6,6.62,1600,6700,18800,76100,6000,6200,13400,6900,10800,7000,200,5900,4900,2600,15500,2000,13800,6800,2000,8000
94.0,6.5,94500,615266.0,6.49,6.48,6.47,6.46,6.45,6.44,6.42,6.41,6.4,6.36,6.5,6.51,6.52,6.53,6.54,6.56,6.57,6.58,6.6,6.62,1600,6700,18800,76100,6000,6200,13400,6900,10800,7000,100,5900,4900,2600,15500,2000,13800,6800,2000,8000
95.0,6.5,94500,615266.0,6.49,6.48,6.47,6.46,6.45,6.44,6.42,6.41,6.4,6.36,6.5,6.51,6.52,6.53,6.54,6.56,6.57,6.58,6.6,6.62,1600,6700,18800,76100,6000,6200,13400,6900,10800,7000,100,5900,4900,2600,15500,2000,13800,6800,2000,8000
96.0,6.5,94600,615916.0,6.49,6.48,6.47,6.46,6.45,6.44,6.42,6.41,6.4,6.36,6.51,6.52,6.53,6.54,6.56,6.57,6.58,6.6,6.62,6.63,1600,6700,18800,76100,6000,6200,13400,6900,10800,7000,7300,4900,2600,15500,2000,13800,6800,2000,8000,13000
97.0,6.49,94700,616565.0,6.49,6.48,6.47,6.46,6.45,6.44,6.42,6.41,6.4,6.36,6.51,6.52,6.53,6.54,6.56,6.57,6.58,6.6,6.62,6.63,1500,6700,18800,76100,6000,6200,13400,6900,10800,7000,7300,4900,2600,15500,2000,13800,6800,2000,8000,13000
98.0,6.49,94700,616565.0,6.49,6.48,6.47,6.46,6.45,6.44,6.42,6.41,6.4,6.36,6.51,6.52,6.53,6.54,6.56,6.57,6.58,6.59,6.6,6.62,1500,6700,18800,76100,6000,6200,13400,6900,10800,7000,7300,4800,2500,15500,2000,13800,6800,30000,2000,8000
99.0,6.49,94700,616565.0,6.49,6.48,6.47,6.46,6.45,6.44,6.42,6.41,6.4,6.36,6.51,6.52,6.53,6.54,6.56,6.57,6.58,6.59,6.6,6.62,1500,6700,18800,76100,6000,6200,13400,6900,10800,7000,7300,4800,2500,15500,2000,13800,6800,30000,2000,8000
100.0,6.49,94700,616565.0,6.5,6.49,6.48,6.47,6.46,6.45,6.44,6.42,6.41,6.4,6.51,6.52,6.53,6.54,6.56,6.57,6.58,6.59,6.6,6.62,500,2000,6700,18800,76100,11000,6200,13400,6900,10800,7800,4800,2500,15500,2000,13800,6800,30000,2000,8000
101.0,6.5,94800,617215.0,6.5,6.49,6.48,6.47,6.46,6.45,6.44,6.42,6.41,6.4,6.51,6.52,6.53,6.54,6.56,6.57,6.58,6.59,6.6,6.62,400,2000,6700,18800,76100,11000,6200,13400,6900,10800,7800,4800,2500,15500,2000,13800,6800,30000,2000,8000
102.0,6.5,94800,617215.0,6.5,6.49,6.48,6.47,6.46,6.45,6.44,6.42,6.41,6.4,6.51,6.52,6.53,6.54,6.56,6.57,6.58,6.59,6.6,6.62,400,2000,6700,18800,76100,11000,6200,13400,6900,10800,7800,4800,2500,21900,2000,13800,6800,30000,2000,8000
103.0,6.51,95500,621772.0,6.5,6.49,6.48,6.47,6.46,6.45,6.44,6.42,6.41,6.4,6.51,6.52,6.53,6.54,6.56,6.57,6.58,6.59,6.6,6.62,400,2000,6700,18800,76100,11000,6200,13400,6900,10800,7100,4800,2500,21900,2000,13800,6800,30000,2000,8000
104.0,6.51,95600,622423.0,6.5,6.49,6.48,6.47,6.46,6.45,6.44,6.42,6.41,6.4,6.51,6.52,6.53,6.54,6.56,6.57,6.58,6.59,6.6,6.62,400,2000,6700,18800,76100,11000,6200,13400,6900,10800,7200,4800,2500,21900,2000,13800,6800,30000,2000,8000
105.0,6.51,95600,622423.0,6.5,6.49,6.48,6.47,6.46,6.45,6.44,6.42,6.41,6.4,6.51,6.52,6.53,6.54,6.56,6.57,6.58,6.59,6.6,6.62,400,2000,6700,18800,76100,11000,6200,13400,6900,10800,7200,4800,2500,21900,2000,13800,6800,30000,2000,8000
106.0,6.51,96300,626980.0,6.5,6.49,6.48,6.47,6.46,6.45,6.44,6.42,6.41,6.4,6.51,6.52,6.53,6.54,6.56,6.57,6.58,6.59,6.6,6.62,400,2000,6700,18800,76100,11000,6200,13400,6900,10800,6500,4800,2500,21900,2000,13800,6800,30000,2000,8000
107.0,6.51,96300,626980.0,6.5,6.49,6.48,6.47,6.46,6.45,6.44,6.42,6.41,6.4,6.51,6.52,6.53,6.54,6.56,6.57,6.58,6.59,6.6,6.62,400,2000,6700,18800,76100,11000,6200,13400,6900,10800,6500,4800,2500,21900,2000,13800,6800,30000,2000,8000
108.0,6.51,96300,626980.0,6.5,6.49,6.48,6.47,6.46,6.45,6.44,6.42,6.41,6.4,6.51,6.52,6.53,6.54,6.56,6.57,6.58,6.59,6.6,6.62,400,2000,6700,18800,76100,11000,6200,13400,6900,10800,6500,4800,2500,21900,2000,13800,6800,30000,2000,8000
109.0,6.51,96900,630886.0,6.5,6.49,6.48,6.47,6.46,6.45,6.44,6.42,6.41,6.4,6.51,6.52,6.53,6.54,6.56,6.57,6.58,6.59,6.6,6.62,400,2000,6700,18800,76100,11000,6200,13400,6900,10800,5900,4800,2500,21900,2000,13800,6800,30000,2000,8000
110.0,6.51,96900,630886.0,6.5,6.49,6.48,6.47,6.46,6.45,6.44,6.42,6.41,6.4,6.51,6.52,6.53,6.54,6.56,6.57,6.58,6.59,6.6,6.62,400,2000,6700,18800,76100,11000,6200,13400,6900,10800,5900,4800,2500,21900,2000,13800,6800,30000,2000,8000
111.0,6.51,96900,630886.0,6.5,6.49,6.48,6.47,6.46,6.45,6.44,6.42,6.41,6.4,6.51,6.52,6.53,6.54,6.56,6.57,6.58,6.59,6.6,6.62,400,2000,6700,18800,76100,11000,6200,13400,6900,10800,6000,4800,2500,21900,2000,13800,6800,30000,2000,8000
112.0,6.51,97500,634792.0,6.5,6.49,6.48,6.47,6.46,6.45,6.44,6.42,6.41,6.4,6.51,6.52,6.53,6.54,6.56,6.57,6.58,6.59,6.6,6.62,400,2000,6700,18800,76100,11000,6200,13400,6900,10800,5400,4800,2500,21900,2000,13800,6800,30000,2000,8000
113.0,6.51,97500,634792.0,6.5,6.49,6.48,6.47,6.46,6.45,6.44,6.42,6.41,6.4,6.51,6.52,6.53,6.54,6.56,6.57,6.58,6.59,6.6,6.62,400,2000,6700,18800,76100,11000,6200,13400,6900,10800,5400,4800,2500,21900,2000,13800,6800,30000,2000,8000
114.0,6.51,97500,634792.0,6.5,6.49,6.48,6.47,6.46,6.45,6.44,6.42,6.41,6.4,6.51,6.52,6.53,6.54,6.56,6.57,6.58,6.59,6.6,6.62,400,2000,6700,18800,76100,11000,6200,13400,6900,10800,5400,4800,2500,21900,2000,13800,6800,30000,2000,8000
115.0,6.51,97500,634792.0,6.5,6.49,6.48,6.47,6.46,6.45,6.44,6.42,6.41,6.4,6.51,6.52,6.53,6.54,6.56,6.57,6.58,6.59,6.6,6.62,400,2000,6700,18800,76100,11000,6200,13400,6900,10800,5400,4800,2500,21900,2000,13800,6800,30000,2000,8000
116.0,6.51,98000,638047.0,6.5,6.49,6.48,6.47,6.46,6.45,6.44,6.42,6.41,6.4,6.51,6.52,6.53,6.54,6.56,6.57,6.58,6.59,6.6,6.62,400,2000,6700,18800,76100,11000,6200,13400,6900,10800,4900,4800,2500,21900,2000,13800,6800,30000,2000,8000
117.0,6.51,98000,638047.0,6.5,6.49,6.48,6.47,6.46,6.45,6.44,6.42,6.41,6.4,6.51,6.52,6.53,6.54,6.56,6.57,6.58,6.59,6.6,6.62,400,2000,6700,18800,76100,11000,6200,13400,6900,10800,4900,4800,2500,21900,2000,13800,6800,30000,2000,8000
118.0,6.51,98000,638047.0,6.5,6.49,6.48,6.47,6.46,6.45,6.44,6.42,6.41,6.4,6.51,6.52,6.53,6.54,6.56,6.57,6.58,6.59,6.6,6.62,400,2000,6700,18800,76100,11000,6200,13400,6900,10800,4900,4800,2500,21900,2000,13800,6800,30000,2000,8000
119.0,6.51,98400,640651.0,6.5,6.49,6.48,6.47,6.46,6.45,6.44,6.42,6.41,6.4,6.51,6.52,6.53,6.54,6.56,6.57,6.58,6.59,6.6,6.62,400,2000,6700,18800,76100,11000,6200,13400,6900,10800,4500,4800,2500,21900,2000,13800,6800,30000,2000,8000
120.0,6.51,98400,640651.0,6.5,6.49,6.48,6.47,6.46,6.45,6.44,6.42,6.41,6.4,6.51,6.52,6.53,6.54,6.56,6.57,6.58,6.59,6.6,6.62,400,2000,6700,18800,76100,11000,6200,13400,6900,10800,4500,4800,2500,21900,2000,13800,6800,30000,2000,8000
121.0,6.5,105800,688751.0,6.5,6.49,6.48,6.47,6.46,6.45,6.44,6.42,6.41,6.4,6.51,6.52,6.53,6.54,6.56,6.57,6.58,6.59,6.6,6.62,100,2000,6700,18800,76100,11000,6200,13400,6900,10800,4400,3900,2500,21900,2000,13800,6800,30000,2000,8000
122.0,6.51,106200,691355.0,6.5,6.49,6.48,6.47,6.46,6.45,6.44,6.42,6.41,6.4,6.51,6.52,6.53,6.54,6.56,6.57,6.58,6.59,6.6,6.62,200,2000,6700,18800,76100,11000,6200,13400,6900,10800,4000,3900,2500,21900,2000,13800,6800,30000,2000,8000
123.0,6.51,106200,691355.0,6.5,6.49,6.48,6.47,6.46,6.45,6.44,6.42,6.41,6.4,6.51,6.52,6.53,6.54,6.56,6.57,6.58,6.59,6.6,6.62,200,2000,6700,18800,76100,11000,6200,13400,6900,15800,4000,3900,500,21900,2000,13800,6800,30000,2000,8000
124.0,6.51,106400,692657.0,6.5,6.49,6.48,6.47,6.46,6.45,6.44,6.42,6.41,6.4,6.51,6.52,6.53,6.54,6.56,6.57,6.58,6.59,6.6,6.62,200,2000,6700,18800,76100,21000,6200,13400,6900,15800,4000,3900,500,21900,2000,13800,6800,30000,2000,8000
125.0,6.51,106900,695912.0,6.5,6.49,6.48,6.47,6.46,6.45,6.44,6.42,6.41,6.4,6.51,6.52,6.53,6.54,6.56,6.57,6.58,6.59,6.6,6.62,10000,2000,6700,18800,76100,21000,6200,13400,6900,15800,4200,3500,500,21900,2000,13800,6800,30000,2000,8000
126.0,6.51,111600,726508.0,6.5,6.49,6.48,6.47,6.46,6.45,6.44,6.42,6.41,6.4,6.51,6.52,6.53,6.54,6.56,6.57,6.58,6.59,6.6,6.62,9700,2000,6700,18800,76100,21000,6200,13400,6900,15800,1200,800,500,21900,2000,13800,6800,30000,2000,8000
127.0,6.5,120200,782461.0,6.51,6.5,6.49,6.48,6.47,6.46,6.45,6.44,6.42,6.41,6.52,6.53,6.54,6.56,6.57,6.58,6.59,6.6,6.62,6.63,4700,10600,2000,6700,18800,76100,21000,6200,13400,6900,1100,500,21900,2000,13800,6800,30000,2000,8000,13000
128.0,6.52,121300,789633.0,6.52,6.51,6.5,6.49,6.48,6.47,6.46,6.45,6.44,6.42,6.53,6.54,6.56,6.57,6.58,6.59,6.6,6.62,6.63,6.64,9400,4800,10600,1900,6700,18200,76100,21000,6200,13400,500,21900,2000,13800,6800,30000,2000,8000,13000,1900
129.0,6.52,121300,789633.0,6.52,6.51,6.5,6.49,6.48,6.47,6.46,6.45,6.44,6.42,6.53,6.54,6.56,6.57,6.58,6.59,6.6,6.62,6.63,6.64,9400,4800,10600,1800,6700,16900,76100,21000,6200,13400,500,21900,2000,13800,6800,30000,2000,8000,13000,1900
130.0,6.52,121300,789633.0,6.52,6.51,6.5,6.49,6.48,6.47,6.46,6.45,6.44,6.42,6.53,6.54,6.56,6.57,6.58,6.59,6.6,6.62,6.63,6.64,9600,4800,10600,1800,6700,16900,76100,21000,6200,13400,600,21900,2000,13800,6800,30000,2000,8000,13000,1900
131.0,6.52,124100,807894.0,6.52,6.51,6.5,6.49,6.48,6.47,6.46,6.45,6.44,6.42,6.53,6.54,6.56,6.57,6.58,6.59,6.6,6.62,6.63,6.64,7300,4800,10600,1800,6700,16900,76100,21000,6200,13400,900,21900,2000,13800,6800,30000,2000,8000,13000,1900
132.0,6.52,124800,812458.0,6.52,6.51,6.5,6.49,6.48,6.47,6.46,6.45,6.44,6.42,6.53,6.54,6.56,6.57,6.58,6.59,6.6,6.62,6.63,6.64,6600,4800,10600,1800,6700,16900,76100,21000,6200,18400,900,21900,2000,13800,6800,30000,2000,8000,13000,1900
133.0,6.52,124800,812458.0,6.52,6.51,6.5,6.49,6.48,6.47,6.46,6.45,6.44,6.42,6.53,6.54,6.56,6.57,6.58,6.59,6.6,6.62,6.63,6.64,6600,4800,10600,1800,6700,16900,76100,21000,6200,18400,900,21900,2000,13800,6800,30000,2000,8000,13000,1900
134.0,6.53,124900,813111.0,6.52,6.51,6.5,6.49,6.48,6.47,6.46,6.45,6.44,6.42,6.53,6.54,6.56,6.57,6.58,6.59,6.6,6.62,6.63,6.64,6600,4800,10600,1800,6700,16900,76100,21000,6200,18400,1800,21900,2000,13800,6800,30000,2000,8000,13000,1900
135.0,6.52,126300,822240.0,6.52,6.51,6.5,6.49,6.48,6.47,6.46,6.45,6.44,6.42,6.53,6.54,6.56,6.57,6.58,6.59,6.6,6.62,6.63,6.64,5300,4800,10600,1800,6700,16900,76100,21000,6200,18400,1700,21900,2000,13800,6800,30000,2000,8000,13000,1900
136.0,6.52,128300,835280.0,6.52,6.51,6.5,6.49,6.48,6.47,6.46,6.45,6.44,6.42,6.53,6.54,6.56,6.57,6.58,6.59,6.6,6.62,6.63,6.64,3300,4800,10600,1800,6700,16900,76100,21000,6200,18400,2300,21900,2000,13800,6800,30000,2000,8000,13000,1900
137.0,6.52,128300,835280.0,6.52,6.51,6.5,6.49,6.48,6.47,6.46,6.45,6.44,6.42,6.53,6.54,6.56,6.57,6.58,6.59,6.6,6.62,6.63,6.64,3300,4800,10600,1800,6700,16900,76100,21000,6200,18400,2800,21900,2000,13800,6800,30000,2000,8000,13000,1900
138.0,6.52,128300,835280.0,6.52,6.51,6.5,6.49,6.48,6.47,6.46,6.45,6.44,6.42,6.53,6.54,6.56,6.57,6.58,6.59,6.6,6.62,6.63,6.64,3300,4800,10600,1800,6700,16900,76100,21000,6200,18400,2800,21900,2000,13800,6800,30000,2000,8000,13000,1900
139.0,6.51,135100,879591.0,6.51,6.5,6.49,6.48,6.47,6.46,6.45,6.44,6.42,6.41,6.52,6.53,6.54,6.56,6.57,6.58,6.59,6.6,6.62,6.63,1800,10600,1800,6700,16900,76100,21000,6200,18400,6900,1000,2300,24900,2000,13800,6800,30000,2000,8000,13000
140.0,6.52,135800,884149.0,6.51,6.5,6.49,6.48,6.47,6.46,6.45,6.44,6.42,6.41,6.52,6.53,6.54,6.56,6.57,6.58,6.59,6.6,6.62,6.63,1200,5200,1800,6700,16900,76100,21000,6200,18400,6900,5600,2300,24900,2000,13800,6800,30000,2000,8000,13000
141.0,6.52,141500,921313.0,6.52,6.51,6.5,6.49,6.48,6.47,6.46,6.45,6.44,6.42,6.53,6.54,6.56,6.57,6.58,6.59,6.6,6.62,6.63,6.64,5000,8700,5200,1800,6700,16900,76100,21000,6200,18400,2500,24900,2000,13800,6800,30000,2000,8000,13000,1900
142.0,6.52,146300,952611.0,6.52,6.51,6.5,6.49,6.48,6.47,6.46,6.45,6.44,6.42,6.53,6.54,6.56,6.57,6.58,6.59,6.6,6.62,6.63,6.64,400,8700,5200,1800,6700,16900,76100,21000,6200,18400,2300,24900,2000,13800,6800,30000,2000,8000,13000,1900
143.0,6.52,146300,952611.0,6.52,6.51,6.5,6.49,6.48,6.47,6.46,6.45,6.44,6.42,6.53,6.54,6.56,6.57,6.58,6.59,6.6,6.62,6.63,6.64,400,8700,5200,1800,6700,16900,76100,21000,6200,18400,2300,24900,2000,13800,6800,30000,2000,8000,13000,1900
144.0,6.52,146300,952611.0,6.52,6.51,6.5,6.49,6.48,6.47,6.46,6.45,6.44,6.42,6.53,6.54,6.56,6.57,6.58,6.59,6.6,6.62,6.63,6.64,400,8700,5200,1800,6700,16900,76100,21000,6200,18400,2300,24900,2000,13800,6800,30000,2000,8000,13000,1900
145.0,6.52,151400,985863.0,6.52,6.51,6.5,6.49,6.48,6.47,6.46,6.45,6.44,6.42,6.53,6.54,6.56,6.57,6.58,6.59,6.6,6.62,6.63,6.64,8600,8700,5200,1800,6700,16900,76100,21000,6200,18400,2200,24900,2000,13800,6800,30000,2000,8000,13000,1900
146.0,6.52,152400,992385.0,6.52,6.51,6.5,6.49,6.48,6.47,6.46,6.45,6.44,6.42,6.53,6.54,6.56,6.57,6.58,6.59,6.6,6.62,6.63,6.64,7800,8700,5200,1800,6700,16900,76100,21000,6200,18400,2000,24900,2000,13800,6800,30000,2000,8000,13000,1900
147.0,6.52,153900,1002165.0,6.52,6.51,6.5,6.49,6.48,6.47,6.46,6.45,6.44,6.42,6.53,6.54,6.56,6.57,6.58,6.59,6.6,6.62,6.63,6.64,6300,8700,5200,1800,6700,16900,76100,21000,6200,18400,2000,24900,2000,13800,6800,30000,2000,8000,13000,1900
148.0,6.52,156300,1017813.0,6.52,6.51,6.5,6.49,6.48,6.47,6.46,6.45,6.44,6.42,6.53,6.54,6.56,6.57,6.58,6.59,6.6,6.62,6.63,6.64,3900,8700,5200,1800,6700,16900,76100,21000,6200,18400,2200,24900,2000,13800,6800,30000,2000,8000,13000,1900
149.0,6.53,156500,1019119.0,6.52,6.51,6.5,6.49,6.48,6.47,6.46,6.45,6.44,6.42,6.53,6.54,6.56,6.57,6.58,6.59,6.6,6.62,6.63,6.64,3900,8700,5200,1800,6700,16900,76100,21000,6200,18400,2000,24900,2000,13800,6800,30000,2000,8000,13000,1900
150.0,6.53,156500,1019119.0,6.52,6.51,6.5,6.49,6.48,6.47,6.46,6.45,6.44,6.42,6.53,6.54,6.56,6.57,6.58,6.59,6.6,6.62,6.63,6.64,3900,8700,5200,1800,6700,16900,76100,21000,6200,18400,2000,24900,2000,13800,6800,30000,2000,8000,13000,1900
151.0,6.53,156500,1019119.0,6.52,6.51,6.5,6.49,6.48,6.47,6.46,6.45,6.44,6.42,6.53,6.54,6.56,6.57,6.58,6.59,6.6,6.62,6.63,6.64,3900,8700,5200,1800,6700,16900,76100,21000,6200,18400,2000,24900,2000,13800,6800,30000,2000,8000,13000,1900
152.0,6.53,156700,1020425.0,6.52,6.51,6.5,6.49,6.48,6.47,6.46,6.45,6.44,6.42,6.53,6.54,6.56,6.57,6.58,6.59,6.6,6.62,6.63,6.64,3900,8700,5200,1800,6700,16900,76100,21000,6200,18400,1800,24900,2000,13800,7800,30000,2000,8000,13000,1900
153.0,6.52,157000,1022381.0,6.52,6.51,6.5,6.49,6.48,6.47,6.46,6.45,6.44,6.42,6.53,6.54,6.56,6.57,6.58,6.59,6.6,6.62,6.63,6.64,3600,8700,5200,1800,6700,16900,76100,21000,6200,18400,1800,24900,2000,13800,7800,30000,2000,8000,13000,1900
154.0,6.52,157000,1022381.0,6.52,6.51,6.5,6.49,6.48,6.47,6.46,6.45,6.44,6.42,6.53,6.54,6.56,6.57,6.58,6.59,6.6,6.62,6.63,6.64,3600,8700,5200,1800,6700,16900,76100,21000,6200,18400,1800,24900,2000,13800,7800,30000,2000,8000,13000,1900
155.0,6.53,159500,1038696.0,6.52,6.51,6.5,6.49,6.48,6.47,6.46,6.45,6.44,6.42,6.53,6.54,6.56,6.57,6.58,6.59,6.6,6.62,6.63,6.64,2600,8700,5200,1800,6700,16900,76100,21000,6200,18400,300,24900,2000,13800,7800,30000,2000,8000,13000,1900
156.0,6.53,159600,1039349.0,6.52,6.51,6.5,6.49,6.48,6.47,6.46,6.45,6.44,6.42,6.53,6.54,6.56,6.57,6.58,6.59,6.6,6.62,6.63,6.64,2600,8700,5200,1800,6700,16900,76100,21000,6200,18400,200,24900,2000,13800,7800,30000,2000,8000,13000,1900
157.0,6.53,159700,1040002.0,6.52,6.51,6.5,6.49,6.48,6.47,6.46,6.45,6.44,6.42,6.53,6.54,6.56,6.57,6.58,6.59,6.6,6.62,6.63,6.64,2600,8700,5200,1800,6700,16900,76100,21000,6200,18400,100,24900,2000,13800,7800,30000,2000,8000,13000,1900
158.0,6.53,159800,1040655.0,6.53,6.52,6.51,6.5,6.49,6.48,6.47,6.46,6.45,6.44,6.54,6.56,6.57,6.58,6.59,6.6,6.62,6.63,6.64,6.66,200,2600,8700,5200,1800,6700,16900,76100,21000,6200,24900,2000,13800,7800,30000,2000,8000,13000,1900,22600
159.0,6.54,161300,1050465.0,6.53,6.52,6.51,6.5,6.49,6.48,6.47,6.46,6.45,6.44,6.54,6.56,6.57,6.58,6.59,6.6,6.62,6.63,6.64,6.66,200,2600,8700,5200,1800,6700,16900,76100,21000,6200,23400,2000,13800,7800,30000,2000,8000,13000,1900,22600
160.0,6.54,161300,1050465.0,6.53,6.52,6.51,6.5,6.49,6.48,6.47,6.46,6.45,6.44,6.54,6.56,6.57,6.58,6.59,6.6,6.62,6.63,6.64,6.66,200,4300,8700,5200,1800,6700,16900,76100,21000,6200,23400,2000,13800,7800,30000,2000,8000,13000,1900,22600
161.0,6.53,162000,1055039.0,6.53,6.52,6.51,6.5,6.49,6.48,6.47,6.46,6.45,6.44,6.54,6.56,6.57,6.58,6.59,6.6,6.62,6.63,6.64,6.66,200,4300,8700,5200,1800,6700,16900,76100,21000,6200,23100,2000,13800,7800,30000,2000,8000,13000,1900,22600
162.0,6.53,162100,1055692.0,6.53,6.52,6.51,6.5,6.49,6.48,6.47,6.46,6.45,6.44,6.54,6.56,6.57,6.58,6.59,6.6,6.62,6.63,6.64,6.66,100,4300,8700,5200,1800,6700,16900,76100,21000,6200,23100,2000,13800,7800,30000,2000,8000,13000,1900,22600
163.0,6.53,162100,1055692.0,6.53,6.52,6.51,6.5,6.49,6.48,6.47,6.46,6.45,6.44,6.54,6.56,6.57,6.58,6.59,6.6,6.62,6.63,6.64,6.66,100,4300,8700,5200,1800,6700,16900,76100,21000,6200,23100,2000,14800,7800,30000,2000,8000,13000,1900,22600
164.0,6.53,162100,1055692.0,6.53,6.52,6.51,6.5,6.49,6.48,6.47,6.46,6.45,6.44,6.54,6.56,6.57,6.58,6.59,6.6,6.62,6.63,6.64,6.66,100,4300,8700,5200,1800,6700,16900,76100,21000,6200,23100,2000,14800,7800,30000,2000,8000,13000,1900,22600
165.0,6.53,162100,1055692.0,6.53,6.52,6.51,6.5,6.49,6.48,6.47,6.46,6.45,6.44,6.54,6.56,6.57,6.58,6.59,6.6,6.62,6.63,6.64,6.66,100,4300,8700,5200,1800,6700,16900,76100,21000,6200,23100,2000,14800,7800,30000,22000,8000,13000,1900,22600
166.0,6.53,162100,1055692.0,6.53,6.52,6.51,6.5,6.49,6.48,6.47,6.46,6.45,6.44,6.54,6.56,6.57,6.58,6.59,6.6,6.62,6.63,6.64,6.66,100,4300,8700,5200,1800,6700,16900,76100,21000,6200,23100,2000,14800,7800,30000,22000,8000,13000,1900,22600
167.0,6.53,162100,1055692.0,6.53,6.52,6.51,6.5,6.49,6.48,6.47,6.46,6.45,6.44,6.54,6.56,6.57,6.58,6.59,6.6,6.62,6.63,6.64,6.66,100,4300,8700,5200,1800,6700,16900,76100,21000,6200,23100,2000,14800,7800,30000,22000,8000,13000,1900,22600
168.0,6.53,162100,1055692.0,6.53,6.52,6.51,6.5,6.49,6.48,6.47,6.46,6.45,6.44,6.54,6.56,6.57,6.58,6.59,6.6,6.62,6.63,6.64,6.66,100,4300,8700,5200,1800,6700,16900,76100,21000,6200,23100,2000,14800,7800,30000,22000,8000,13000,1900,22600
169.0,6.53,162100,1055692.0,6.53,6.52,6.51,6.5,6.49,6.48,6.47,6.46,6.45,6.44,6.54,6.56,6.57,6.58,6.59,6.6,6.62,6.63,6.64,6.66,100,4300,8700,5200,1800,6700,16900,76100,21000,6200,23100,2000,14800,7800,30000,22000,8000,13000,1900,22600
170.0,6.53,162100,1055692.0,6.53,6.52,6.51,6.5,6.49,6.48,6.47,6.46,6.45,6.44,6.54,6.56,6.57,6.58,6.59,6.6,6.62,6.63,6.64,6.66,100,4300,8700,5200,1800,6700,16900,76100,21000,6200,23100,2000,14800,7800,30000,22000,8000,13000,1900,22600
171.0,6.53,162100,1055692.0,6.53,6.52,6.51,6.5,6.49,6.48,6.47,6.46,6.45,6.44,6.54,6.56,6.57,6.58,6.59,6.6,6.62,6.63,6.64,6.66,100,4300,8700,5200,1800,6700,16900,76100,21000,6200,23100,2000,14800,7800,30000,22000,8000,13000,1900,22600
172.0,6.53,162100,1055692.0,6.53,6.52,6.51,6.5,6.49,6.48,6.47,6.46,6.45,6.44,6.54,6.56,6.57,6.58,6.59,6.6,6.62,6.63,6.64,6.66,100,4300,8700,5200,1800,6700,16900,76100,21000,6200,23100,2000,14800,7800,30000,22000,8000,13000,1900,22600
173.0,6.53,162100,1055692.0,6.53,6.52,6.51,6.5,6.49,6.48,6.47,6.46,6.45,6.44,6.54,6.56,6.57,6.58,6.59,6.6,6.62,6.63,6.64,6.66,3900,4300,8700,5200,1800,6700,16900,76100,21000,6200,23600,2000,14800,7800,30000,22000,8000,13000,1900,22600
174.0,6.53,162400,1057651.0,6.53,6.52,6.51,6.5,6.49,6.48,6.47,6.46,6.45,6.44,6.54,6.56,6.57,6.58,6.59,6.6,6.62,6.63,6.64,6.66,3600,4300,8700,5200,1800,6700,16900,76100,21000,6200,23600,2000,14800,7800,30000,22000,8000,13000,1900,22600
175.0,6.53,162400,1057651.0,6.53,6.52,6.51,6.5,6.49,6.48,6.47,6.46,6.45,6.44,6.54,6.56,6.57,6.58,6.59,6.6,6.62,6.63,6.64,6.66,3600,4300,8700,5200,1800,6700,16900,76100,21000,6200,23600,2000,14800,7800,30000,22000,8000,13000,1900,22600
176.0,6.53,162800,1060263.0,6.53,6.52,6.51,6.5,6.49,6.48,6.47,6.46,6.45,6.44,6.54,6.56,6.57,6.58,6.59,6.6,6.62,6.63,6.64,6.66,3300,4300,8600,5200,1800,6700,16900,76100,21000,6200,23600,2000,14800,7800,30000,22000,8000,13000,1900,22600
177.0,6.53,163100,1062222.0,6.53,6.52,6.51,6.5,6.49,6.48,6.47,6.46,6.45,6.44,6.54,6.56,6.57,6.58,6.59,6.6,6.62,6.63,6.64,6.66,3000,4300,8600,5200,1800,6700,16900,76100,21000,6200,23600,2000,14800,7800,30000,22000,8000,13000,1900,22600
178.0,6.53,163100,1062222.0,6.53,6.52,6.51,6.5,6.49,6.48,6.47,6.46,6.45,6.44,6.54,6.56,6.57,6.58,6.59,6.6,6.62,6.63,6.64,6.66,3000,4300,8600,5200,1800,6700,16900,76100,21000,6200,23600,2000,14800,7800,30000,22000,8000,13000,1900,22600
179.0,6.53,164400,1070712.0,6.53,6.52,6.51,6.5,6.49,6.48,6.47,6.46,6.45,6.44,6.54,6.56,6.57,6.58,6.59,6.6,6.62,6.63,6.64,6.66,1800,4300,8600,5200,1800,6700,16900,76100,21000,6200,23000,2000,14800,7800,30000,22000,8000,13000,1900,22600
180.0,6.53,166200,1082466.0,6.52,6.51,6.5,6.49,6.48,6.47,6.46,6.45,6.44,6.42,6.53,6.54,6.56,6.57,6.58,6.59,6.6,6.62,6.63,6.64,4300,8600,5200,1800,6700,16900,76100,21000,6200,18400,19900,23000,2000,14800,7800,30000,22000,8000,13000,1900
181.0,6.52,166600,1085074.0,6.52,6.51,6.5,6.49,6.48,6.47,6.46,6.45,6.44,6.42,6.53,6.54,6.56,6.57,6.58,6.59,6.6,6.62,6.63,6.64,3900,8600,5200,1800,6700,16900,76100,21000,6200,18400,19900,23000,2000,14800,7800,30000,22000,8000,13000,1900
182.0,6.53,169900,1106620.0,6.52,6.51,6.5,6.49,6.48,6.47,6.46,6.45,6.44,6.42,6.53,6.54,6.56,6.57,6.58,6.59,6.6,6.62,6.63,6.64,3600,8600,5200,1800,6700,16900,76100,21000,6200,18400,16900,23000,2000,14800,7800,30000,22000,8000,13000,1900
183.0,6.53,169900,1106620.0,6.52,6.51,6.5,6.49,6.48,6.47,6.46,6.45,6.44,6.42,6.53,6.54,6.56,6.57,6.58,6.59,6.6,6.62,6.63,6.64,3600,8600,5200,1800,6700,16900,76100,21000,6200,18400,16900,23000,2000,14800,7800,30000,22000,8000,13000,1900
184.0,6.52,170200,1108576.0,6.52,6.51,6.5,6.49,6.48,6.47,6.46,6.45,6.44,6.42,6.53,6.54,6.56,6.57,6.58,6.59,6.6,6.62,6.63,6.64,3300,8600,5200,1800,6700,16900,76100,21000,6200,18400,16900,23000,2000,14800,7800,30000,22000,8000,13000,1900
185.0,6.52,170200,1108576.0,6.52,6.51,6.5,6.49,6.48,6.47,6.46,6.45,6.44,6.42,6.53,6.54,6.56,6.57,6.58,6.59,6.6,6.62,6.63,6.64,3300,8600,5200,1800,6700,16900,76100,21000,6200,18400,16900,23000,2000,14800,7800,30000,22000,8000,13000,1900
186.0,6.54,200100,1303950.0,6.53,6.52,6.51,6.5,6.49,6.48,6.47,6.46,6.45,6.44,6.54,6.56,6.57,6.58,6.59,6.6,6.62,6.63,6.64,6.66,3100,3300,7500,500,1800,6700,16900,76100,21000,6200,10300,2000,14800,7800,30000,22000,8000,13000,1900,22600
187.0,6.54,200100,1303950.0,6.53,6.52,6.51,6.5,6.49,6.48,6.47,6.46,6.45,6.44,6.54,6.56,6.57,6.58,6.59,6.6,6.62,6.63,6.64,6.66,3100,3300,7500,500,1800,6700,16900,76100,21000,6200,10300,2000,14800,7800,30000,22000,8000,13000,1900,22600
188.0,6.53,200400,1305909.0,6.53,6.52,6.51,6.5,6.49,6.48,6.47,6.46,6.45,6.44,6.54,6.56,6.57,6.58,6.59,6.6,6.62,6.63,6.64,6.66,3100,3300,7500,500,1800,6700,16900,76100,21000,6200,10300,2000,14800,7800,30000,22000,8000,13000,1900,22600
189.0,6.53,200700,1307868.0,6.53,6.52,6.51,6.5,6.49,6.48,6.47,6.46,6.45,6.44,6.54,6.56,6.57,6.58,6.59,6.6,6.62,6.63,6.64,6.66,1800,3300,7500,500,1800,6700,16900,76100,21000,6200,10300,2000,14800,7800,30000,22000,8000,13000,1900,22600
190.0,6.53,200700,1307868.0,6.53,6.52,6.51,6.5,6.49,6.48,6.47,6.46,6.45,6.44,6.54,6.56,6.57,6.58,6.59,6.6,6.62,6.63,6.64,6.66,1800,3300,7500,500,1800,6700,16900,76100,21000,6200,10300,2000,14800,7800,30000,22000,8000,13000,1900,22600
191.0,6.53,200800,1308521.0,6.53,6.52,6.51,6.5,6.49,6.48,6.47,6.46,6.45,6.44,6.54,6.56,6.57,6.58,6.59,6.6,6.62,6.63,6.64,6.66,1700,3300,7500,500,1800,6700,16900,76100,21000,6200,10300,2000,14800,7800,30000,22000,8000,13000,1900,22600
192.0,6.53,200800,1308521.0,6.53,6.52,6.51,6.5,6.49,6.48,6.47,6.46,6.45,6.44,6.54,6.56,6.57,6.58,6.59,6.6,6.62,6.63,6.64,6.66,1700,3300,7500,500,1800,6700,16900,76100,21000,6200,10300,2000,14800,7800,30000,22000,8000,13000,1900,22600
193.0,6.53,200800,1308521.0,6.53,6.52,6.51,6.5,6.49,6.48,6.47,6.46,6.45,6.44,6.54,6.56,6.57,6.58,6.59,6.6,6.62,6.63,6.64,6.66,1700,3300,7500,500,1800,6700,16900,76100,21000,6200,10300,2000,14800,7800,30000,22000,8000,13000,1900,22600
194.0,6.54,202800,1321601.0,6.53,6.52,6.51,6.5,6.49,6.48,6.47,6.46,6.45,6.44,6.54,6.56,6.57,6.58,6.59,6.6,6.62,6.63,6.64,6.66,6700,3300,7500,500,1800,6700,16900,76100,21000,6200,8400,2000,14800,7800,30000,22000,8000,13000,1900,22600
195.0,6.53,203400,1325519.0,6.53,6.52,6.51,6.5,6.49,6.48,6.47,6.46,6.45,6.44,6.54,6.56,6.57,6.58,6.59,6.6,6.62,6.63,6.64,6.66,6100,3300,7500,500,1800,6700,16900,76100,21000,6200,8400,2000,14800,7800,30000,22000,8000,13000,1900,22600
196.0,6.53,203400,1325519.0,6.53,6.52,6.51,6.5,6.49,6.48,6.47,6.46,6.45,6.44,6.54,6.56,6.57,6.58,6.59,6.6,6.62,6.63,6.64,6.66,6100,3300,7500,500,1800,6700,16900,76100,21000,6200,8400,2000,14800,7800,30000,22000,8000,13000,1900,22600
197.0,6.54,205100,1336631.0,6.53,6.52,6.51,6.5,6.49,6.48,6.47,6.46,6.45,6.44,6.54,6.56,6.57,6.58,6.59,6.6,6.62,6.63,6.64,6.66,5500,3300,7500,500,1800,6700,16900,76100,21000,6200,7300,2000,14800,7800,30000,22000,8000,13000,1900,22600
198.0,6.53,205600,1339896.0,6.53,6.52,6.51,6.5,6.49,6.48,6.47,6.46,6.45,6.44,6.54,6.56,6.57,6.58,6.59,6.6,6.62,6.63,6.64,6.66,5000,3300,7500,500,1800,6700,16900,76100,21000,6200,7300,2000,14800,7800,30000,22000,8000,13000,1900,22600
199.0,6.53,205600,1339896.0,6.53,6.52,6.51,6.5,6.49,6.48,6.47,6.46,6.45,6.44,6.54,6.56,6.57,6.58,6.59,6.6,6.62,6.63,6.64,6.66,5000,3300,7500,500,1800,6700,16900,76100,21000,6200,7300,2000,14800,7800,30000,22000,8000,13000,1900,22600
200.0,6.54,207100,1349706.0,6.53,6.52,6.51,6.5,6.49,6.48,6.47,6.46,6.45,6.44,6.54,6.56,6.57,6.58,6.59,6.6,6.62,6.63,6.64,6.66,5000,3300,7500,500,1800,6700,16900,76100,21000,6200,5800,3900,14800,7800,30000,22000,8000,13000,1900,22600
201.0,6.53,207700,1353624.0,6.53,6.52,6.51,6.5,6.49,6.48,6.47,6.46,6.45,6.44,6.54,6.56,6.57,6.58,6.59,6.6,6.62,6.63,6.64,6.66,4400,3300,7500,500,1800,6700,16900,76100,21000,6200,5800,3900,14800,7800,30000,22000,8000,13000,1900,22600
202.0,6.53,208400,1358195.0,6.53,6.52,6.51,6.5,6.49,6.48,6.47,6.46,6.45,6.44,6.54,6.56,6.57,6.58,6.59,6.6,6.62,6.63,6.64,6.66,3700,3300,7500,500,1800,6700,16900,76100,21000,6200,5800,3900,14800,7800,30000,22000,8000,13000,1900,22600
203.0,6.53,208400,1358195.0,6.53,6.52,6.51,6.5,6.49,6.48,6.47,6.46,6.45,6.44,6.54,6.56,6.57,6.58,6.59,6.6,6.62,6.63,6.64,6.66,3700,3300,7500,500,1800,6700,16900,76100,21000,6200,8500,3900,14800,7800,30000,22000,8000,13000,1900,22600
204.0,6.53,209100,1362770.0,6.53,6.52,6.51,6.5,6.49,6.48,6.47,6.46,6.45,6.44,6.54,6.56,6.57,6.58,6.59,6.6,6.62,6.63,6.64,6.66,3400,3300,7500,500,1800,6700,16900,76100,21000,6200,8100,3900,14800,7800,30000,22000,8000,13000,1900,22600
205.0,6.53,209400,1364729.0,6.53,6.52,6.51,6.5,6.49,6.48,6.47,6.46,6.45,6.44,6.54,6.56,6.57,6.58,6.59,6.6,6.62,6.63,6.64,6.66,3100,3300,7500,500,1800,6700,16900,76100,21000,6200,8100,3900,14800,7800,30000,22000,8000,13000,1900,22600
206.0,6.52,212600,1385624.0,6.52,6.51,6.5,6.49,6.48,6.47,6.46,6.45,6.44,6.42,6.54,6.56,6.57,6.58,6.59,6.6,6.62,6.63,6.64,6.66,3200,7500,500,1800,6700,16900,76100,21000,6200,18400,8100,3900,14800,7800,30000,22000,8000,13000,1900,22600
207.0,6.52,212600,1385624.0,6.52,6.51,6.5,6.49,6.48,6.47,6.46,6.45,6.44,6.42,6.53,6.54,6.56,6.57,6.58,6.59,6.6,6.62,6.63,6.64,3200,7500,500,1800,6700,16900,76100,21000,6200,18400,1600,8100,3900,14800,7800,30000,22000,8000,13000,1900
208.0,6.52,212800,1386928.0,6.52,6.51,6.5,6.49,6.48,6.47,6.46,6.45,6.44,6.42,6.53,6.54,6.56,6.57,6.58,6.59,6.6,6.62,6.63,6.64,300,1400,500,1800,6700,16900,76100,21000,2000,18400,3300,8100,3900,14800,7800,30000,22000,8000,13000,1900
209.0,6.52,212800,1386928.0,6.52,6.51,6.5,6.49,6.48,6.47,6.46,6.45,6.44,6.42,6.53,6.54,6.56,6.57,6.58,6.59,6.6,6.62,6.63,6.64,300,1400,500,1800,5300,16900,76100,21000,2000,18400,5100,6300,3900,14800,7800,30000,22000,8000,13000,1900
210.0,6.52,212800,1386928.0,6.52,6.51,6.5,6.49,6.48,6.47,6.46,6.45,6.44,6.42,6.53,6.54,6.56,6.57,6.58,6.59,6.6,6.62,6.63,6.64,300,1400,2500,1800,5300,16900,76100,21000,2000,18400,5300,6300,3900,14800,7800,30000,22000,8000,13000,1900
211.0,6.52,212800,1386928.0,6.52,6.51,6.5,6.49,6.48,6.47,6.46,6.45,6.44,6.42,6.53,6.54,6.56,6.57,6.58,6.59,6.6,6.62,6.63,6.64,300,1400,2500,1800,5300,16900,66100,21000,2000,18400,5400,6200,3900,14800,7800,30000,22000,8000,13000,1900
212.0,6.52,212800,1386928.0,6.52,6.51,6.5,6.49,6.48,6.47,6.46,6.45,6.44,6.42,6.53,6.54,6.56,6.57,6.58,6.59,6.6,6.62,6.63,6.64,300,1400,2500,1800,5300,16900,66100,21000,2000,18400,5400,6200,3900,14800,7800,30000,22000,8000,13000,1900
213.0,6.52,212800,1386928.0,6.52,6.51,6.5,6.49,6.48,6.47,6.46,6.45,6.44,6.42,6.53,6.54,6.56,6.57,6.58,6.59,6.6,6.62,6.63,6.64,300,1400,2500,1800,5300,16900,66100,21000,2000,18400,5400,6200,3900,14800,7800,30000,22000,8000,13000,1900
214.0,6.52,213000,1388232.0,6.52,6.51,6.5,6.49,6.48,6.47,6.46,6.45,6.44,6.42,6.53,6.54,6.56,6.57,6.58,6.59,6.6,6.62,6.63,6.64,100,1400,2500,1800,5300,16900,66100,21000,2000,18400,5400,6200,3900,14800,7800,30000,22000,8000,13000,1900
215.0,6.52,238500,1554492.0,6.51,6.5,6.49,6.48,6.47,6.46,6.45,6.44,6.42,6.41,6.52,6.53,6.54,6.56,6.57,6.58,6.59,6.6,6.62,6.63,1400,2500,1800,5300,16900,66100,21000,2000,18400,6900,18000,5400,6200,3900,14800,7800,30000,22000,8000,13000
216.0,6.52,238800,1556447.0,6.51,6.5,6.49,6.48,6.47,6.46,6.45,6.44,6.42,6.41,6.52,6.53,6.54,6.56,6.57,6.58,6.59,6.6,6.62,6.63,1300,2500,1800,5300,16900,66100,21000,2000,18400,6900,17800,5400,6200,3900,14800,7800,30000,22000,8000,13000
217.0,6.52,239200,1559055.0,6.51,6.5,6.49,6.48,6.47,6.46,6.45,6.44,6.42,6.41,6.52,6.53,6.54,6.56,6.57,6.58,6.59,6.6,6.62,6.63,1300,2500,1800,5300,16900,66100,21000,2000,18400,6900,17400,5400,6200,3900,14800,7800,30000,22000,8000,13000
218.0,6.52,240100,1564921.0,6.51,6.5,6.49,6.48,6.47,6.46,6.45,6.44,6.42,6.41,6.52,6.53,6.54,6.56,6.57,6.58,6.59,6.6,6.62,6.63,1100,2500,1800,5300,16900,66100,21000,2000,18400,6900,16700,3100,6200,3900,14800,7800,30000,22000,8000,13000
219.0,6.52,242100,1577954.0,6.51,6.5,6.49,6.48,6.47,6.46,6.45,6.44,6.42,6.41,6.52,6.53,6.54,6.56,6.57,6.58,6.59,6.6,6.62,6.63,400,2500,1800,5300,16900,66100,21000,2000,18400,6900,15400,3100,6200,3900,14800,7800,30000,22000,8000,13000
220.0,6.52,245000,1596862.0,6.51,6.5,6.49,6.48,6.47,6.46,6.45,6.44,6.42,6.41,6.52,6.53,6.54,6.56,6.57,6.58,6.59,6.6,6.62,6.63,400,2500,1800,5300,16900,66100,21000,2000,18400,6900,12600,3000,6200,3900,14800,7800,30000,22000,8000,13000
221.0,6.52,246100,1604034.0,6.51,6.5,6.49,6.48,6.47,6.46,6.45,6.44,6.42,6.41,6.52,6.53,6.54,6.56,6.57,6.58,6.59,6.6,6.62,6.63,600,2500,1800,5300,16900,66100,21000,2000,18400,6900,11800,2600,6200,3900,14800,7800,30000,22000,8000,13000
222.0,6.52,246100,1604034.0,6.51,6.5,6.49,6.48,6.47,6.46,6.45,6.44,6.42,6.41,6.52,6.53,6.54,6.56,6.57,6.58,6.59,6.6,6.62,6.63,600,2500,1800,5300,16900,66100,21000,2000,18400,6900,11800,2600,6200,3900,14800,7800,30000,22000,8000,13000
223.0,6.52,246100,1604034.0,6.51,6.5,6.49,6.48,6.47,6.46,6.45,6.44,6.42,6.41,6.52,6.53,6.54,6.56,6.57,6.58,6.59,6.6,6.62,6.63,600,2500,1800,5300,16900,66100,21000,2000,18400,6900,11800,2600,6200,3900,14800,7800,30000,22000,8000,13000
224.0,6.52,246600,1607294.0,6.51,6.5,6.49,6.48,6.47,6.46,6.45,6.44,6.42,6.41,6.52,6.53,6.54,6.56,6.57,6.58,6.59,6.6,6.62,6.63,600,2500,1800,5300,16900,66100,21000,2000,18400,6900,11300,2600,6200,3900,14800,7800,30000,22000,8000,13000
225.0,6.52,246600,1607294.0,6.51,6.5,6.49,6.48,6.47,6.46,6.45,6.44,6.42,6.41,6.52,6.53,6.54,6.56,6.57,6.58,6.59,6.6,6.62,6.63,600,2500,1800,5300,16900,66100,21000,2000,18400,6900,11300,2600,6200,3900,14800,7800,30000,22000,8000,13000
226.0,6.52,246900,1609250.0,6.51,6.5,6.49,6.48,6.47,6.46,6.45,6.44,6.42,6.41,6.52,6.53,6.54,6.56,6.57,6.58,6.59,6.6,6.62,6.63,600,2500,1800,5300,16900,66100,21000,2000,18400,6900,11000,2600,6200,3900,14800,7800,30000,22000,8000,13000
227.0,6.52,246900,1609250.0,6.51,6.5,6.49,6.48,6.47,6.46,6.45,6.44,6.42,6.41,6.52,6.53,6.54,6.56,6.57,6.58,6.59,6.6,6.62,6.63,600,2500,1800,5300,26900,66100,21000,2000,18400,6900,11000,2600,6200,8900,14800,7800,30000,22000,8000,13000
228.0,6.52,246900,1609250.0,6.51,6.5,6.49,6.48,6.47,6.46,6.45,6.44,6.42,6.41,6.52,6.53,6.54,6.56,6.57,6.58,6.59,6.6,6.62,6.63,600,2500,1800,5300,26900,66100,21000,2000,18400,6900,11000,2600,6200,8900,14800,7800,30000,22000,8000,13000
229.0,6.51,247000,1609901.0,6.51,6.5,6.49,6.48,6.47,6.46,6.45,6.44,6.42,6.41,6.52,6.53,6.54,6.56,6.57,6.58,6.59,6.6,6.62,6.63,500,2500,1800,5300,26900,66100,21000,2000,18400,6900,11000,2600,6200,8900,14800,7800,30000,22000,8000,13000
230.0,6.52,258100,1682273.0,6.52,6.51,6.5,6.49,6.48,6.47,6.46,6.45,6.44,6.42,6.53,6.54,6.56,6.57,6.58,6.59,6.6,6.62,6.63,6.64,13300,7700,2500,1800,5300,26900,66100,21000,2000,18400,2600,6200,8900,14800,7800,30000,22000,8000,13000,1900
231.0,6.52,258100,1682273.0,6.52,6.51,6.5,6.49,6.48,6.47,6.46,6.45,6.44,6.42,6.53,6.54,6.56,6.57,6.58,6.59,6.6,6.62,6.63,6.64,9700,7700,2500,1800,5300,26900,66100,21000,2000,18400,2700,6200,8900,14800,7800,30000,22000,8000,13000,1900
232.0,6.52,259000,1688141.0,6.52,6.51,6.5,6.49,6.48,6.47,6.46,6.45,6.44,6.42,6.53,6.54,6.56,6.57,6.58,6.59,6.6,6.62,6.63,6.64,8800,7700,2500,1800,5300,26900,66100,21000,2000,18400,2700,6200,8900,14800,7800,30000,22000,8000,13000,1900
233.0,6.52,259000,1688141.0,6.52,6.51,6.5,6.49,6.48,6.47,6.46,6.45,6.44,6.42,6.53,6.54,6.56,6.57,6.58,6.59,6.6,6.62,6.63,6.64,8800,7700,2500,1800,5300,26900,66100,21000,2000,18400,2700,6200,8900,14800,7800,30000,22000,8000,13000,1900
234.0,6.52,259000,1688141.0,6.52,6.51,6.5,6.49,6.48,6.47,6.46,6.45,6.44,6.42,6.53,6.54,6.56,6.57,6.58,6.59,6.6,6.62,6.63,6.64,8800,7700,2500,1800,5300,26900,66100,21000,2000,18400,2700,6200,8900,14800,7800,30000,22000,8000,13000,1900
235.0,6.52,259800,1693357.0,6.52,6.51,6.5,6.49,6.48,6.47,6.46,6.45,6.44,6.42,6.53,6.54,6.56,6.57,6.58,6.59,6.6,6.62,6.63,6.64,7100,7700,2500,1800,5300,26900,66100,21000,2000,18400,2700,6200,8900,14800,7800,30000,22000,8000,13000,1900
236.0,6.52,259800,1693357.0,6.52,6.51,6.5,6.49,6.48,6.47,6.46,6.45,6.44,6.42,6.53,6.54,6.56,6.57,6.58,6.59,6.6,6.62,6.63,6.64,7100,7700,2500,1800,5300,26900,66100,21000,2000,18400,2700,6200,8900,14800,7800,30000,22000,8000,13000,1900
237.0,6.53,259900,1694010.0,6.52,6.51,6.5,6.49,6.48,6.47,6.46,6.45,6.44,6.42,6.53,6.54,6.56,6.57,6.58,6.59,6.6,6.62,6.63,6.64,7100,7700,2500,1800,5300,26900,66100,21000,2000,18400,2600,6200,8900,14800,7800,30000,22000,8000,13000,1900
238.0,6.53,259900,1694010.0,6.52,6.51,6.5,6.49,6.48,6.47,6.46,6.45,6.44,6.42,6.53,6.54,6.56,6.57,6.58,6.59,6.6,6.62,6.63,6.64,7100,7700,2500,1800,5300,26900,66100,21000,2000,18400,2600,6200,8900,14800,7800,30000,22000,8000,13000,1900
239.0,6.53,260800,1699880.0,6.52,6.51,6.5,6.49,6.48,6.47,6.46,6.45,6.44,6.42,6.53,6.54,6.56,6.57,6.58,6.59,6.6,6.62,6.63,6.64,6400,7700,2500,1800,5300,26900,66100,21000,2000,18400,2600,5600,8900,14800,7800,30000,22000,8000,13000,2900
240.0,6.53,260800,1699880.0,6.52,6.51,6.5,6.49,6.48,6.47,6.46,6.45,6.44,6.42,6.53,6.54,6.56,6.57,6.58,6.59,6.6,6.62,6.63,6.64,6400,7700,2500,1800,5300,26900,66100,21000,2000,18400,2600,5600,8900,14800,7800,30000,22000,8000,13000,2900
241.0,6.53,262200,1709010.0,6.52,6.51,6.5,6.49,6.48,6.47,6.46,6.45,6.44,6.42,6.53,6.54,6.56,6.57,6.58,6.59,6.6,6.62,6.63,6.64,7900,7700,2500,1800,5300,26900,66100,21000,2000,18400,2400,5800,8900,14800,7800,30000,22000,8000,13000,2900
242.0,6.53,262400,1710316.0,6.52,6.51,6.5,6.49,6.48,6.47,6.46,6.45,6.44,6.42,6.53,6.54,6.56,6.57,6.58,6.59,6.6,6.62,6.63,6.64,7900,7700,2500,1800,5300,26900,66100,21000,2000,18400,2200,5800,8900,14800,7800,30000,22000,8000,13000,2900
243.0,6.53,262400,1710316.0,6.52,6.51,6.5,6.49,6.48,6.47,6.46,6.45,6.44,6.42,6.53,6.54,6.56,6.57,6.58,6.59,6.6,6.62,6.63,6.64,7900,7700,2500,1800,5300,26900,66100,21000,2000,18400,2200,5800,8900,14800,7800,30000,22000,8000,13000,2900
244.0,6.53,262400,1710316.0,6.52,6.51,6.5,6.49,6.48,6.47,6.46,6.45,6.44,6.42,6.53,6.54,6.56,6.57,6.58,6.59,6.6,6.62,6.63,6.64,7900,7700,2500,1800,5300,26900,66100,21000,2000,18400,2200,5800,8900,14800,7800,30000,22000,8000,13000,2900
245.0,6.53,262400,1710316.0,6.52,6.51,6.5,6.49,6.48,6.47,6.46,6.45,6.44,6.42,6.53,6.54,6.56,6.57,6.58,6.59,6.6,6.62,6.63,6.64,7900,7700,2500,1800,5300,26900,66100,21000,2000,18400,2200,5800,8900,14800,7800,30000,22000,8000,13000,2900
246.0,6.53,262400,1710316.0,6.52,6.51,6.5,6.49,6.48,6.47,6.46,6.45,6.44,6.42,6.53,6.54,6.56,6.57,6.58,6.59,6.6,6.62,6.63,6.64,7900,7700,2500,1800,5300,26900,66100,21000,2000,18400,2200,5800,8900,14800,7800,30000,22000,8000,13000,2900
247.0,6.53,262500,1710969.0,6.52,6.51,6.5,6.49,6.48,6.47,6.46,6.45,6.44,6.42,6.53,6.54,6.56,6.57,6.58,6.59,6.6,6.62,6.63,6.64,7900,7700,2500,1800,5300,26900,66100,21000,2000,18400,2100,5800,8900,14800,7800,30000,22000,8000,13000,2900
248.0,6.53,264600,1724682.0,6.53,6.52,6.51,6.5,6.49,6.48,6.47,6.46,6.45,6.44,6.54,6.56,6.57,6.58,6.59,6.6,6.62,6.63,6.64,6.66,1400,7900,7700,2500,1800,5300,26900,66100,21000,2000,5900,8900,14800,7800,30000,22000,8000,13000,2900,22600
249.0,6.54,265100,1727952.0,6.53,6.52,6.51,6.5,6.49,6.48,6.47,6.46,6.45,6.44,6.54,6.56,6.57,6.58,6.59,6.6,6.62,6.63,6.64,6.66,1400,7900,7700,2500,1800,5300,26900,66100,21000,2000,5400,8900,14800,7800,30000,22000,8000,13000,2900,22600
250.0,6.54,265100,1727952.0,6.53,6.52,6.51,6.5,6.49,6.48,6.47,6.46,6.45,6.44,6.54,6.56,6.57,6.58,6.59,6.6,6.62,6.63,6.64,6.66,1400,7900,7700,2500,1800,5300,26900,66100,21000,2000,5400,8900,14800,7800,30000,22000,8000,13000,2900,22600
251.0,6.54,265100,1727952.0,6.53,6.52,6.51,6.5,6.49,6.48,6.47,6.46,6.45,6.44,6.54,6.56,6.57,6.58,6.59,6.6,6.62,6.63,6.64,6.66,1500,7900,7600,2500,1800,5300,26900,66100,21000,2000,8600,8900,14800,7800,30000,27000,8000,13000,2900,22600
252.0,6.53,265200,1728605.0,6.53,6.52,6.51,6.5,6.49,6.48,6.47,6.46,6.45,6.44,6.54,6.56,6.57,6.58,6.59,6.6,6.62,6.63,6.64,6.66,1400,7900,7600,2500,1800,5300,26900,66100,21000,2000,8600,8900,14800,7800,30000,27000,8000,13000,2900,22600
253.0,6.53,265400,1729911.0,6.53,6.52,6.51,6.5,6.49,6.48,6.47,6.46,6.45,6.44,6.54,6.56,6.57,6.58,6.59,6.6,6.62,6.63,6.64,6.66,1200,7900,7600,2500,1800,5300,26900,66100,21000,2000,8600,8900,14800,7800,30000,27000,8000,13000,2900,22600
254.0,6.54,265700,1731872.0,6.53,6.52,6.51,6.5,6.49,6.48,6.47,6.46,6.45,6.44,6.54,6.56,6.57,6.58,6.59,6.6,6.62,6.63,6.64,6.66,2200,7900,7600,2500,1800,5300,26900,66100,21000,2000,8400,8900,14800,7800,30000,27000,8000,13000,2900,22600
255.0,6.54,265700,1731872.0,6.53,6.52,6.51,6.5,6.49,6.48,6.47,6.46,6.45,6.44,6.54,6.56,6.57,6.58,6.59,6.6,6.62,6.63,6.64,6.66,2200,7900,7600,2500,1800,5300,26900,66100,21000,2000,8400,8900,14800,7800,30000,27000,8000,13000,2900,22600
256.0,6.54,274100,1786808.0,6.55,6.53,6.52,6.51,6.5,6.49,6.48,6.47,6.46,6.45,6.56,6.57,6.58,6.59,6.6,6.62,6.63,6.64,6.66,6.68,2800,2200,7900,7600,2500,1800,5300,26900,66100,21000,8900,14800,7800,30000,27000,8000,13000,2900,22600,8000
257.0,6.54,274100,1786808.0,6.55,6.53,6.52,6.51,6.5,6.49,6.48,6.47,6.46,6.45,6.56,6.57,6.58,6.59,6.6,6.62,6.63,6.64,6.66,6.68,2800,2200,7900,7600,2500,1800,5300,26900,66100,21000,8900,14800,7800,30000,27000,8000,13000,2900,22600,8000
258.0,6.55,274300,1788118.0,6.55,6.53,6.52,6.51,6.5,6.49,6.48,6.47,6.46,6.45,6.56,6.57,6.58,6.59,6.6,6.62,6.63,6.64,6.66,6.68,2600,2200,7900,7600,2500,1800,5300,26900,66100,21000,8900,14800,7800,30000,27000,8000,13000,2900,22600,8000
259.0,6.55,274300,1788118.0,6.55,6.53,6.52,6.51,6.5,6.49,6.48,6.47,6.46,6.45,6.56,6.57,6.58,6.59,6.6,6.62,6.63,6.64,6.66,6.68,2600,2200,7900,7600,2500,1800,5300,26900,66100,21000,8900,14800,7800,30000,27000,8000,13000,2900,22600,8000
260.0,6.55,274300,1788118.0,6.55,6.54,6.53,6.52,6.51,6.5,6.49,6.48,6.47,6.46,6.56,6.57,6.58,6.59,6.6,6.62,6.63,6.64,6.66,6.68,2600,100,2200,7900,7600,2500,1800,5300,26900,66100,8900,14800,7800,30000,27000,8000,13000,2900,22600,8000
261.0,6.55,274500,1789428.0,6.55,6.54,6.53,6.52,6.51,6.5,6.49,6.48,6.47,6.46,6.56,6.57,6.58,6.59,6.6,6.62,6.63,6.64,6.66,6.68,2400,100,2200,7900,7600,2500,1800,5300,26900,66100,8900,14800,7800,30000,27000,8000,13000,2900,22600,8000
262.0,6.55,274500,1789428.0,6.55,6.54,6.53,6.52,6.51,6.5,6.49,6.48,6.47,6.46,6.56,6.57,6.58,6.59,6.6,6.62,6.63,6.64,6.66,6.68,2400,100,2200,7900,7600,2500,1800,5300,26900,66100,8900,14800,7800,30000,27000,8000,13000,2900,22600,8000
263.0,6.55,274500,1789428.0,6.55,6.54,6.53,6.52,6.51,6.5,6.49,6.48,6.47,6.46,6.56,6.57,6.58,6.59,6.6,6.62,6.63,6.64,6.66,6.68,2400,100,2200,7900,7600,2500,1800,5300,26900,66100,8900,14800,7800,30000,27000,8000,13000,2900,22600,8000
264.0,6.55,274900,1792048.0,6.55,6.54,6.53,6.52,6.51,6.5,6.49,6.48,6.47,6.46,6.56,6.57,6.58,6.59,6.6,6.62,6.63,6.64,6.66,6.68,2000,100,2200,7900,7600,2500,1800,5300,26900,66100,8900,14800,7800,30000,27000,8000,13000,2900,22600,8000
265.0,6.55,275100,1793358.0,6.55,6.54,6.53,6.52,6.51,6.5,6.49,6.48,6.47,6.46,6.56,6.57,6.58,6.59,6.6,6.62,6.63,6.64,6.66,6.68,1800,100,2200,7900,7600,2500,1800,5300,26900,66100,8900,14800,7800,30000,27000,8000,13000,2900,22600,8000
266.0,6.55,275100,1793358.0,6.55,6.54,6.53,6.52,6.51,6.5,6.49,6.48,6.47,6.46,6.56,6.57,6.58,6.59,6.6,6.62,6.63,6.64,6.66,6.68,1800,100,2200,7900,7600,2500,1800,5300,26900,66100,8900,14800,7800,30000,27000,8000,13000,2900,22600,8000
267.0,6.55,275100,1793358.0,6.55,6.54,6.53,6.52,6.51,6.5,6.49,6.48,6.47,6.46,6.56,6.57,6.58,6.59,6.6,6.62,6.63,6.64,6.66,6.68,1800,100,2200,7900,7600,2500,1800,5300,26900,66100,8900,14800,7800,30000,27000,8000,13000,2900,22600,8000
268.0,6.55,275200,1794013.0,6.55,6.54,6.53,6.52,6.51,6.5,6.49,6.48,6.47,6.46,6.56,6.57,6.58,6.59,6.6,6.62,6.63,6.64,6.66,6.68,1700,100,2200,7900,7600,2500,1800,5300,26900,66100,8900,14800,7800,30000,27000,8000,13000,2900,22600,8000
269.0,6.56,275300,1794669.0,6.55,6.54,6.53,6.52,6.51,6.5,6.49,6.48,6.47,6.46,6.56,6.57,6.58,6.59,6.6,6.62,6.63,6.64,6.66,6.68,1700,200,4200,7900,7600,2500,1800,5300,26900,66100,8800,14800,7800,30000,27000,8000,13000,2900,22600,8000
270.0,6.56,275300,1794669.0,6.55,6.54,6.53,6.52,6.51,6.5,6.49,6.48,6.47,6.46,6.56,6.57,6.58,6.59,6.6,6.62,6.63,6.64,6.66,6.68,1700,200,4200,7900,7600,2500,1800,5300,26900,66100,8800,14800,7800,30000,37000,8000,13000,2900,22600,8000
271.0,6.55,275400,1795324.0,6.55,6.54,6.53,6.52,6.51,6.5,6.49,6.48,6.47,6.46,6.56,6.57,6.58,6.59,6.6,6.62,6.63,6.64,6.66,6.68,1600,200,4200,7900,7600,2500,1800,5300,26900,66100,8800,14800,7800,30000,37000,8000,13000,2900,22600,8000
272.0,6.55,275400,1795324.0,6.55,6.54,6.53,6.52,6.51,6.5,6.49,6.48,6.47,6.46,6.56,6.57,6.58,6.59,6.6,6.62,6.63,6.64,6.66,6.68,1600,200,4200,7900,7600,2500,1800,5300,26900,66100,8800,14800,7800,30000,37000,8000,13000,2900,22600,8000
273.0,6.55,275400,1795324.0,6.55,6.54,6.53,6.52,6.51,6.5,6.49,6.48,6.47,6.46,6.56,6.57,6.58,6.59,6.6,6.62,6.63,6.64,6.66,6.68,1600,200,4200,7900,7600,2500,1800,5300,26900,66100,8800,14800,7800,30000,37000,8000,13000,2900,22600,8000
274.0,6.55,275400,1795324.0,6.55,6.54,6.53,6.52,6.51,6.5,6.49,6.48,6.47,6.46,6.56,6.57,6.58,6.59,6.6,6.62,6.63,6.64,6.66,6.68,1600,200,4200,7900,7600,2500,1800,5300,26900,66100,8800,14800,7800,30000,37000,8000,13000,2900,22600,8000
275.0,6.55,275500,1795979.0,6.55,6.54,6.53,6.52,6.51,6.5,6.49,6.48,6.47,6.46,6.56,6.57,6.58,6.59,6.6,6.62,6.63,6.64,6.66,6.68,1500,200,4200,7900,7600,2500,1800,5300,26900,66100,8800,14800,7800,30000,37000,8000,13000,2900,22600,8000
276.0,6.55,275800,1797944.0,6.55,6.54,6.53,6.52,6.51,6.5,6.49,6.48,6.47,6.46,6.56,6.57,6.58,6.59,6.6,6.62,6.63,6.64,6.66,6.68,1200,200,4200,7900,7600,2500,1800,5300,26900,66100,8800,14800,7800,30000,37000,8000,13000,2900,22600,8000
277.0,6.55,275800,1797944.0,6.55,6.54,6.53,6.52,6.51,6.5,6.49,6.48,6.47,6.46,6.56,6.57,6.58,6.59,6.6,6.62,6.63,6.64,6.66,6.68,1200,200,4200,7900,7600,2500,1800,5300,26900,66100,8800,14800,7800,30000,37000,8000,13000,2900,22600,8000
278.0,6.55,277000,1805804.0,6.54,6.53,6.52,6.51,6.5,6.49,6.48,6.47,6.46,6.45,6.56,6.57,6.58,6.59,6.6,6.62,6.63,6.64,6.66,6.68,200,4200,7900,7600,2500,1800,5300,26900,66100,21000,8800,14800,7800,30000,37000,8000,13000,2900,22600,8000
279.0,6.55,277000,1805804.0,6.54,6.53,6.52,6.51,6.5,6.49,6.48,6.47,6.46,6.45,6.56,6.57,6.58,6.59,6.6,6.62,6.63,6.64,6.66,6.68,200,4200,7900,7600,2500,1800,5300,26900,66100,21000,9600,14800,7800,30000,37000,8000,13000,2900,22600,8000
280.0,6.55,277000,1805804.0,6.54,6.53,6.52,6.51,6.5,6.49,6.48,6.47,6.46,6.45,6.56,6.57,6.58,6.59,6.6,6.62,6.63,6.64,6.66,6.68,1000,4200,7900,7600,2500,1800,5300,26900,66100,21000,9600,14800,7800,30000,37000,8000,13000,2900,22600,18000
281.0,6.56,277300,1807772.0,6.54,6.53,6.52,6.51,6.5,6.49,6.48,6.47,6.46,6.45,6.56,6.57,6.58,6.59,6.6,6.62,6.63,6.64,6.66,6.68,1300,4200,7900,7600,2500,1800,5300,26900,66100,21000,9600,14800,7800,30000,37000,8000,13000,2900,22600,18000
282.0,6.54,277400,1808426.0,6.54,6.53,6.52,6.51,6.5,6.49,6.48,6.47,6.46,6.45,6.56,6.57,6.58,6.59,6.6,6.62,6.63,6.64,6.66,6.68,1600,4200,7900,7600,2500,1800,5300,26900,66100,21000,10000,14800,7800,30000,37000,8000,13000,2900,22600,18000
283.0,6.54,277400,1808426.0,6.54,6.53,6.52,6.51,6.5,6.49,6.48,6.47,6.46,6.45,6.56,6.57,6.58,6.59,6.6,6.62,6.63,6.64,6.66,6.68,1600,4200,7900,7600,2500,1800,5300,26900,66100,21000,10000,14800,7800,30000,37000,8000,13000,2900,22600,18000
284.0,6.54,277400,1808426.0,6.54,6.53,6.52,6.51,6.5,6.49,6.48,6.47,6.46,6.45,6.56,6.57,6.58,6.59,6.6,6.62,6.63,6.64,6.66,6.68,2300,4200,7900,7600,2500,1800,5300,26900,66100,21000,10700,14800,7800,30000,37000,8000,13000,2900,22600,18000
285.0,6.54,277600,1809734.0,6.54,6.53,6.52,6.51,6.5,6.49,6.48,6.47,6.46,6.45,6.56,6.57,6.58,6.59,6.6,6.62,6.63,6.64,6.66,6.68,2100,4200,7900,7600,2500,1800,5300,26900,66100,21000,10700,14800,7800,30000,37000,8000,13000,2900,22600,18000
286.0,6.54,277800,1811042.0,6.54,6.53,6.52,6.51,6.5,6.49,6.48,6.47,6.46,6.45,6.56,6.57,6.58,6.59,6.6,6.62,6.63,6.64,6.66,6.68,1900,4200,7900,7600,2500,1800,5300,26900,66100,21000,11100,14800,7800,30000,37000,8000,13000,2900,22600,18000
287.0,6.54,277800,1811042.0,6.54,6.53,6.52,6.51,6.5,6.49,6.48,6.47,6.46,6.45,6.56,6.57,6.58,6.59,6.6,6.62,6.63,6.64,6.66,6.68,2400,4200,7900,7600,2500,1800,5300,26900,66100,21000,11200,14800,7800,30000,37000,8000,13000,2900,22600,18000
288.0,6.54,278000,1812350.0,6.54,6.53,6.52,6.51,6.5,6.49,6.48,6.47,6.46,6.45,6.56,6.57,6.58,6.59,6.6,6.62,6.63,6.64,6.66,6.68,2200,4200,7900,7600,5500,1800,5300,26900,66100,21000,11200,14800,7800,30000,37000,8000,13000,2900,22600,18000
289.0,6.54,278000,1812350.0,6.54,6.53,6.52,6.51,6.5,6.49,6.48,6.47,6.46,6.45,6.56,6.57,6.58,6.59,6.6,6.62,6.63,6.64,6.66,6.68,2500,4200,7900,7600,5500,1800,5300,26900,66100,21000,11500,14800,7800,30000,37000,8000,13000,2900,22600,18000
290.0,6.54,278800,1817582.0,6.54,6.53,6.52,6.51,6.5,6.49,6.48,6.47,6.46,6.45,6.56,6.57,6.58,6.59,6.6,6.62,6.63,6.64,6.66,6.68,1800,4200,5300,7600,5500,1800,5300,26900,66100,21000,11600,14800,7800,30000,37000,8000,13000,2900,22600,18000
291.0,6.54,278800,1817582.0,6.54,6.53,6.52,6.51,6.5,6.49,6.48,6.47,6.46,6.45,6.56,6.57,6.58,6.59,6.6,6.62,6.63,6.64,6.66,6.68,2200,4200,5300,7600,5500,1800,5300,26900,66100,21000,12000,14800,7800,30000,37000,8000,13000,2900,22600,18000
292.0,6.54,279000,1818890.0,6.54,6.53,6.52,6.51,6.5,6.49,6.48,6.47,6.46,6.45,6.56,6.57,6.58,6.59,6.6,6.62,6.63,6.64,6.66,6.68,2000,4200,5300,7600,5500,1800,5300,26900,66100,21000,12000,14800,7800,30000,37000,8000,13000,2900,22600,18000
293.0,6.54,280800,1830662.0,6.54,6.53,6.52,6.51,6.5,6.49,6.48,6.47,6.46,6.45,6.56,6.57,6.58,6.59,6.6,6.62,6.63,6.64,6.66,6.68,700,4200,5300,7600,5500,1800,5300,26900,66100,21000,12500,14800,7800,30000,37000,8000,13000,2900,22600,18000
294.0,6.54,280800,1830662.0,6.54,6.53,6.52,6.51,6.5,6.49,6.48,6.47,6.46,6.45,6.56,6.57,6.58,6.59,6.6,6.62,6.63,6.64,6.66,6.68,700,4200,5300,7600,5500,1800,5300,26900,66100,21000,12500,14800,7800,30000,37000,8000,13000,2900,22600,18000
295.0,6.54,280800,1830662.0,6.54,6.53,6.52,6.51,6.5,6.49,6.48,6.47,6.46,6.45,6.56,6.57,6.58,6.59,6.6,6.62,6.63,6.64,6.66,6.68,700,4200,5300,7600,5500,1800,5300,26900,66100,21000,12500,14800,7800,30000,37000,8000,13000,2900,22600,18000
296.0,6.54,280800,1830662.0,6.54,6.53,6.52,6.51,6.5,6.49,6.48,6.47,6.46,6.45,6.56,6.57,6.58,6.59,6.6,6.62,6.63,6.64,6.66,6.68,1200,4200,5300,7600,5500,1800,5300,26900,66100,21000,13000,14800,7800,30000,37000,8000,13000,2900,22600,18000
297.0,6.54,281300,1833932.0,6.54,6.53,6.52,6.51,6.5,6.49,6.48,6.47,6.46,6.45,6.56,6.57,6.58,6.59,6.6,6.62,6.63,6.64,6.66,6.68,700,4200,5300,7600,5500,1800,5300,26900,66100,21000,13000,14800,7800,30000,37000,8000,13000,2900,22600,18000
298.0,6.54,281300,1833932.0,6.54,6.53,6.52,6.51,6.5,6.49,6.48,6.47,6.46,6.45,6.56,6.57,6.58,6.59,6.6,6.62,6.63,6.64,6.66,6.68,1000,4200,5300,7600,5500,1800,5300,26900,66100,21000,13300,14800,7800,30000,37000,8000,13000,2900,22600,18000
299.0,6.54,281600,1835894.0,6.54,6.53,6.52,6.51,6.5,6.49,6.48,6.47,6.46,6.45,6.56,6.57,6.58,6.59,6.6,6.62,6.63,6.64,6.66,6.68,700,4200,5300,7600,5500,1800,5300,26900,66100,21000,13300,14800,7800,30000,37000,8000,13000,2900,22600,18000
300.0,6.54,281600,1835894.0,6.54,6.53,6.52,6.51,6.5,6.49,6.48,6.47,6.46,6.45,6.56,6.57,6.58,6.59,6.6,6.62,6.63,6.64,6.66,6.68,900,4200,5300,7600,5500,1800,5300,26900,66100,21000,13500,14800,7800,30000,37000,8000,13000,2900,22600,18000
301.0,6.54,281600,1835894.0,6.54,6.53,6.52,6.51,6.5,6.49,6.48,6.47,6.46,6.45,6.56,6.57,6.58,6.59,6.6,6.62,6.63,6.64,6.66,6.68,1000,4200,5300,7600,5500,1800,5300,26900,66100,21000,13600,14800,7800,30000,37000,8000,13000,2900,22600,18000
302.0,6.54,281700,1836548.0,6.54,6.53,6.52,6.51,6.5,6.49,6.48,6.47,6.46,6.45,6.56,6.57,6.58,6.59,6.6,6.62,6.63,6.64,6.66,6.68,1100,4200,5300,7600,5500,1800,5300,26900,66100,21000,13800,14800,7800,30000,37000,8000,13000,2900,22600,18000
303.0,6.54,282400,1841126.0,6.54,6.53,6.52,6.51,6.5,6.49,6.48,6.47,6.46,6.45,6.56,6.57,6.58,6.59,6.6,6.62,6.63,6.64,6.66,6.68,600,4200,5300,7600,5500,1800,5300,26900,66100,21000,13900,14800,7800,30000,37000,8000,13000,2900,22600,18000
304.0,6.54,282400,1841126.0,6.54,6.53,6.52,6.51,6.5,6.49,6.48,6.47,6.46,6.45,6.56,6.57,6.58,6.59,6.6,6.62,6.63,6.64,6.66,6.68,600,4200,5300,7600,5500,1800,5300,26900,66100,21000,13900,14800,7800,30000,37000,8000,13000,2900,22600,18000
305.0,6.54,282600,1842434.0,6.54,6.53,6.52,6.51,6.5,6.49,6.48,6.47,6.46,6.45,6.56,6.57,6.58,6.59,6.6,6.62,6.63,6.64,6.66,6.68,400,4300,5300,7600,5500,1800,5300,26900,66100,21000,13900,14800,7800,30000,37000,8000,13000,2900,22600,18000
306.0,6.54,282600,1842434.0,6.54,6.53,6.52,6.51,6.5,6.49,6.48,6.47,6.46,6.45,6.56,6.57,6.58,6.59,6.6,6.62,6.63,6.64,6.66,6.68,500,4300,5300,7600,5500,1800,5300,26900,66100,21000,14000,14800,7800,30000,37000,8000,13000,2900,22600,18000
307.0,6.53,287400,1873783.0,6.52,6.51,6.5,6.49,6.48,6.47,6.46,6.45,6.44,6.42,6.53,6.54,6.56,6.57,6.58,6.59,6.6,6.62,6.63,6.64,5300,7600,5500,1800,4900,26900,66100,21000,2000,18400,800,2800,14000,14800,7800,30000,37000,8000,13000,2900
308.0,6.53,288200,1879002.0,6.52,6.51,6.5,6.49,6.48,6.47,6.46,6.45,6.44,6.42,6.53,6.54,6.56,6.57,6.58,6.59,6.6,6.62,6.63,6.64,5200,7600,5500,1800,4900,26900,66100,21000,2000,18400,2500,2800,14000,14800,7800,30000,37000,8000,13000,2900
309.0,6.52,288700,1882262.0,6.52,6.51,6.5,6.49,6.48,6.47,6.46,6.45,6.44,6.42,6.53,6.54,6.56,6.57,6.58,6.59,6.6,6.62,6.63,6.64,4700,7600,5500,1800,4900,26900,66100,21000,2000,18400,2500,2400,14000,14800,7800,30000,37000,8000,13000,2900
310.0,6.53,289900,1890098.0,6.52,6.51,6.5,6.49,6.48,6.47,6.46,6.45,6.44,6.42,6.53,6.54,6.56,6.57,6.58,6.59,6.6,6.62,6.63,6.64,4700,7600,5500,1800,4900,26900,66100,21000,2000,18400,2000,2400,14000,14800,7800,30000,37000,8000,13000,2900
311.0,6.53,291400,1899880.0,6.52,6.51,6.5,6.49,6.48,6.47,6.46,6.45,6.44,6.42,6.53,6.54,6.56,6.57,6.58,6.59,6.6,6.62,6.63,6.64,3400,7600,5500,1800,4900,26900,66100,21000,2000,18400,2000,2400,14000,14800,7800,30000,37000,8000,13000,2900
312.0,6.53,291400,1899880.0,6.52,6.51,6.5,6.49,6.48,6.47,6.46,6.45,6.44,6.42,6.53,6.54,6.56,6.57,6.58,6.59,6.6,6.62,6.63,6.64,3400,7600,5500,1800,4900,26900,66100,21000,2000,18400,2000,2400,14000,14800,7800,30000,37000,8000,13000,2900
313.0,6.53,291400,1899880.0,6.52,6.51,6.5,6.49,6.48,6.47,6.46,6.45,6.44,6.42,6.53,6.54,6.56,6.57,6.58,6.59,6.6,6.62,6.63,6.64,3400,7600,5500,1800,4900,26900,66100,21000,2000,18400,2000,2400,14000,14800,7800,30000,37000,8000,13000,2900
314.0,6.53,291400,1899880.0,6.52,6.51,6.5,6.49,6.48,6.47,6.46,6.45,6.44,6.42,6.53,6.54,6.56,6.57,6.58,6.59,6.6,6.62,6.63,6.64,3400,7600,5500,1800,5500,26900,66100,21000,2000,18400,3000,2400,14000,14800,7800,30000,37000,8000,13000,2900
315.0,6.52,291700,1901836.0,6.52,6.51,6.5,6.49,6.48,6.47,6.46,6.45,6.44,6.42,6.53,6.54,6.56,6.57,6.58,6.59,6.6,6.62,6.63,6.64,3100,7600,5500,1800,5500,26900,66100,21000,2000,18400,3000,2400,14000,14800,7800,30000,37000,8000,13000,2900
316.0,6.52,292000,1903792.0,6.52,6.51,6.5,6.49,6.48,6.47,6.46,6.45,6.44,6.42,6.53,6.54,6.56,6.57,6.58,6.59,6.6,6.62,6.63,6.64,2800,7600,5500,1800,5500,26900,66100,21000,2000,18400,3000,2400,14000,14800,7800,30000,37000,8000,13000,2900
317.0,6.52,292000,1903792.0,6.52,6.51,6.5,6.49,6.48,6.47,6.46,6.45,6.44,6.42,6.53,6.54,6.56,6.57,6.58,6.59,6.6,6.62,6.63,6.64,2800,7600,5500,2200,5500,26900,66100,21000,2000,18400,3800,2400,14000,14800,7800,30000,37000,8000,13000,2900
318.0,6.52,292200,1905096.0,6.52,6.51,6.5,6.49,6.48,6.47,6.46,6.45,6.44,6.42,6.53,6.54,6.56,6.57,6.58,6.59,6.6,6.62,6.63,6.64,2600,7600,5500,2200,5500,26900,66100,21000,2000,18400,3900,2400,14000,14800,7800,30000,37000,8000,13000,2900
319.0,6.52,292200,1905096.0,6.52,6.51,6.5,6.49,6.48,6.47,6.46,6.45,6.44,6.42,6.53,6.54,6.56,6.57,6.58,6.59,6.6,6.62,6.63,6.64,2600,7600,5500,2200,5500,26900,66100,21000,2000,18400,3900,2400,14000,14800,7800,30000,37000,8000,13000,2900
320.0,6.52,292200,1905096.0,6.52,6.51,6.5,6.49,6.48,6.47,6.46,6.45,6.44,6.42,6.53,6.54,6.56,6.57,6.58,6.59,6.6,6.62,6.63,6.64,2600,7600,5500,2200,5500,26900,66100,21000,2000,18400,3700,2400,14000,14800,7800,30000,37000,8000,13000,2900
321.0,6.53,292300,1905749.0,6.52,6.51,6.5,6.49,6.48,6.47,6.46,6.45,6.44,6.42,6.53,6.54,6.56,6.57,6.58,6.59,6.6,6.62,6.63,6.64,2600,7600,5500,2200,5500,26900,66100,21000,2000,18400,3800,2400,14000,14800,7800,30000,37000,8000,13000,2900
322.0,6.52,293000,1910313.0,6.52,6.51,6.5,6.49,6.48,6.47,6.46,6.45,6.44,6.42,6.53,6.54,6.56,6.57,6.58,6.59,6.6,6.62,6.63,6.64,1900,7600,5500,2200,5500,26900,66100,21000,2000,18400,3800,2400,14000,14800,7800,30000,37000,8000,13000,2900
323.0,6.52,293000,1910313.0,6.52,6.51,6.5,6.49,6.48,6.47,6.46,6.45,6.44,6.42,6.53,6.54,6.56,6.57,6.58,6.59,6.6,6.62,6.63,6.64,1900,7600,5500,2200,5500,26900,66100,21000,2000,18400,4900,2400,14000,14800,7800,30000,37000,8000,13000,2900
324.0,6.52,293100,1910965.0,6.52,6.51,6.5,6.49,6.48,6.47,6.46,6.45,6.44,6.42,6.53,6.54,6.56,6.57,6.58,6.59,6.6,6.62,6.63,6.64,1800,7600,5500,2200,5500,26900,66100,21000,2000,18400,4900,2400,14000,14800,7800,30000,37000,8000,13000,2900
325.0,6.53,293300,1912270.0,6.52,6.51,6.5,6.49,6.48,6.47,6.46,6.45,6.44,6.42,6.53,6.54,6.56,6.57,6.58,6.59,6.6,6.62,6.63,6.64,1700,7600,5500,2200,5500,26900,66100,21000,2000,18400,5000,2400,14000,14800,7800,30000,37000,8000,13000,2900
326.0,6.53,293300,1912270.0,6.52,6.51,6.5,6.49,6.48,6.47,6.46,6.45,6.44,6.42,6.53,6.54,6.56,6.57,6.58,6.59,6.6,6.62,6.63,6.64,1700,7600,5500,2200,5500,26900,66100,21000,2000,18400,5000,2400,14000,14800,7800,30000,37000,8000,13000,2900
327.0,6.53,293300,1912270.0,6.52,6.51,6.5,6.49,6.48,6.47,6.46,6.45,6.44,6.42,6.53,6.54,6.56,6.57,6.58,6.59,6.6,6.62,6.63,6.64,1700,7600,5500,2200,5500,26900,66100,21000,2000,18400,5000,2400,14000,14800,7800,30000,37000,8000,13000,2900
328.0,6.53,294700,1921411.0,6.52,6.51,6.5,6.49,6.48,6.47,6.46,6.45,6.44,6.42,6.53,6.54,6.56,6.57,6.58,6.59,6.6,6.62,6.63,6.64,1600,7600,5500,2200,5500,26900,66100,21000,2000,18400,4000,2400,12100,14800,7800,30000,37000,8000,13000,2900
329.0,6.53,294700,1921411.0,6.52,6.51,6.5,6.49,6.48,6.47,6.46,6.45,6.44,6.42,6.53,6.54,6.56,6.57,6.58,6.59,6.6,6.62,6.63,6.64,1600,7600,10500,2200,5500,26900,66100,21000,2000,18400,4000,2400,12100,14800,7800,30000,37000,8000,13000,2900
330.0,6.53,294700,1921411.0,6.52,6.51,6.5,6.49,6.48,6.47,6.46,6.45,6.44,6.42,6.53,6.54,6.56,6.57,6.58,6.59,6.6,6.62,6.63,6.64,1600,7600,10500,2200,5500,26900,66100,21000,2000,18400,4000,2400,12100,14800,7800,30000,37000,8000,13000,2900
331.0,6.52,294900,1922715.0,6.52,6.51,6.5,6.49,6.48,6.47,6.46,6.45,6.44,6.42,6.53,6.54,6.56,6.57,6.58,6.59,6.6,6.62,6.63,6.64,1400,7600,10500,2200,5500,26900,66100,21000,2000,18400,4000,2400,12100,14800,7800,30000,37000,8000,13000,2900
332.0,6.52,294900,1922715.0,6.52,6.51,6.5,6.49,6.48,6.47,6.46,6.45,6.44,6.42,6.53,6.54,6.56,6.57,6.58,6.59,6.6,6.62,6.63,6.64,1400,7600,10500,2200,5500,26900,66100,21000,2000,18400,4000,2400,12100,14800,7800,30000,37000,8000,13000,2900
333.0,6.52,294900,1922715.0,6.52,6.51,6.5,6.49,6.48,6.47,6.46,6.45,6.44,6.42,6.53,6.54,6.56,6.57,6.58,6.59,6.6,6.62,6.63,6.64,1400,7600,10500,2200,5500,26900,66100,21000,2000,18400,4000,2400,12100,14800,7800,30000,37000,8000,13000,2900
334.0,6.52,295100,1924019.0,6.52,6.51,6.5,6.49,6.48,6.47,6.46,6.45,6.44,6.42,6.53,6.54,6.56,6.57,6.58,6.59,6.6,6.62,6.63,6.64,1200,7600,10500,2200,5500,26900,66100,21000,2000,18400,4000,2400,12100,14800,7800,30000,37000,8000,13000,2900
335.0,6.52,295200,1924671.0,6.52,6.51,6.5,6.49,6.48,6.47,6.46,6.45,6.44,6.42,6.53,6.54,6.56,6.57,6.58,6.59,6.6,6.62,6.63,6.64,1100,7600,10500,2200,5500,26900,66100,21000,2000,18400,4000,2400,12100,14800,7800,30000,37000,8000,13000,2900
336.0,6.52,295200,1924671.0,6.52,6.51,6.5,6.49,6.48,6.47,6.46,6.45,6.44,6.42,6.53,6.54,6.56,6.57,6.58,6.59,6.6,6.62,6.63,6.64,1100,7600,10500,2200,5500,26900,66100,21000,2000,18400,4000,2400,12100,14800,7800,30000,37000,8000,13000,2900
337.0,6.53,298900,1948832.0,6.52,6.51,6.5,6.49,6.48,6.47,6.46,6.45,6.44,6.42,6.53,6.54,6.56,6.57,6.58,6.59,6.6,6.62,6.63,6.64,1100,7600,10500,2200,5500,26900,66100,21000,2000,18400,400,2400,12100,14800,7800,30000,37000,8000,13000,2900
338.0,6.53,299600,1953401.0,6.52,6.51,6.5,6.49,6.48,6.47,6.46,6.45,6.44,6.42,6.53,6.54,6.56,6.57,6.58,6.59,6.6,6.62,6.63,6.64,900,7600,10500,2200,5500,26900,66100,21000,2000,18400,100,2400,12100,14800,7800,30000,37000,8000,13000,2900
339.0,6.53,299600,1953401.0,6.52,6.51,6.5,6.49,6.48,6.47,6.46,6.45,6.44,6.42,6.53,6.54,6.56,6.57,6.58,6.59,6.6,6.62,6.63,6.64,900,7600,10500,2200,5500,26900,66100,21000,2000,18400,100,2400,12100,14800,7800,30000,37000,8000,13000,2900
340.0,6.53,299600,1953401.0,6.52,6.51,6.5,6.49,6.48,6.47,6.46,6.45,6.44,6.42,6.53,6.54,6.56,6.57,6.58,6.59,6.6,6.62,6.63,6.64,900,7600,10500,2200,5500,26900,66100,21000,2000,18400,100,2400,12100,14800,7800,30000,37000,8000,13000,2900
341.0,6.53,299800,1954707.0,6.53,6.52,6.51,6.5,6.49,6.48,6.47,6.46,6.45,6.44,6.54,6.56,6.57,6.58,6.59,6.6,6.62,6.63,6.64,6.66,100,1300,7600,10500,2200,5500,26900,66100,21000,2000,2400,12100,14800,7800,30000,37000,8000,13000,2900,22600
342.0,6.53,299800,1954707.0,6.52,6.51,6.5,6.49,6.48,6.47,6.46,6.45,6.44,6.42,6.54,6.56,6.57,6.58,6.59,6.6,6.62,6.63,6.64,6.66,900,7600,10500,1800,5500,26900,66100,21000,2000,18400,2600,12100,14800,7800,30000,37000,8000,13000,2900,22600
343.0,6.54,300000,1956015.0,6.52,6.51,6.5,6.49,6.48,6.47,6.46,6.45,6.44,6.42,6.54,6.56,6.57,6.58,6.59,6.6,6.62,6.63,6.64,6.66,1000,7600,10500,1800,5500,26900,66100,21000,2000,18400,2500,12100,14800,7800,30000,37000,8000,13000,2900,22600
344.0,6.54,300000,1956015.0,6.52,6.51,6.5,6.49,6.48,6.47,6.46,6.45,6.44,6.42,6.54,6.56,6.57,6.58,6.59,6.6,6.62,6.63,6.64,6.66,1000,7600,10500,1800,5500,26900,66100,21000,2000,18400,2500,12100,14800,7800,30000,37000,8000,13000,2900,22600
345.0,6.52,300200,1957319.0,6.52,6.51,6.5,6.49,6.48,6.47,6.46,6.45,6.44,6.42,6.54,6.56,6.57,6.58,6.59,6.6,6.62,6.63,6.64,6.66,800,7600,10500,1800,5500,26900,66100,21000,2000,18400,2500,12100,14800,7800,30000,37000,8000,13000,2900,22600
346.0,6.52,300200,1957319.0,6.52,6.51,6.5,6.49,6.48,6.47,6.46,6.45,6.44,6.42,6.54,6.56,6.57,6.58,6.59,6.6,6.62,6.63,6.64,6.66,900,7600,10500,1800,5500,26900,66100,21000,2000,18400,2600,12100,14800,7800,30000,37000,8000,13000,2900,22600
347.0,6.52,300200,1957319.0,6.52,6.51,6.5,6.49,6.48,6.47,6.46,6.45,6.44,6.42,6.54,6.56,6.57,6.58,6.59,6.6,6.62,6.63,6.64,6.66,900,7600,10500,1800,5500,26900,66100,21000,2000,18400,2600,12100,14800,7800,30000,37000,8000,13000,2900,22600
348.0,6.52,300200,1957319.0,6.52,6.51,6.5,6.49,6.48,6.47,6.46,6.45,6.44,6.42,6.54,6.56,6.57,6.58,6.59,6.6,6.62,6.63,6.64,6.66,1000,7600,10500,1800,5500,26900,66100,21000,2000,18400,2700,12100,14800,7800,30000,37000,8000,13000,2900,22600
349.0,6.52,300200,1957319.0,6.52,6.51,6.5,6.49,6.48,6.47,6.46,6.45,6.44,6.42,6.54,6.56,6.57,6.58,6.59,6.6,6.62,6.63,6.64,6.66,1000,7600,10500,1800,5500,26900,66100,21000,2000,18400,2700,12100,14800,7800,30000,37000,8000,13000,2900,22600
350.0,6.52,300200,1957319.0,6.52,6.51,6.5,6.49,6.48,6.47,6.46,6.45,6.44,6.42,6.54,6.55,6.56,6.57,6.58,6.59,6.6,6.62,6.63,6.64,1000,7600,10500,1800,5500,26900,66100,21000,2000,18400,2800,3000,12100,14800,7800,30000,37000,8000,13000,2900
351.0,6.54,300700,1960587.0,6.52,6.51,6.5,6.49,6.48,6.47,6.46,6.45,6.44,6.42,6.54,6.55,6.56,6.57,6.58,6.59,6.6,6.62,6.63,6.64,1300,7600,10500,1800,5500,16900,66100,21000,2000,18400,3300,3000,12100,14800,7800,30000,37000,8000,13000,2900
352.0,6.54,300700,1960587.0,6.52,6.51,6.5,6.49,6.48,6.47,6.46,6.45,6.44,6.42,6.54,6.55,6.56,6.57,6.58,6.59,6.6,6.62,6.63,6.64,1300,7600,10500,1800,5500,16900,66100,21000,2000,18400,3300,3000,12100,14800,7800,30000,37000,8000,13000,2900
353.0,6.52,300800,1961239.0,6.52,6.51,6.5,6.49,6.48,6.47,6.46,6.45,6.44,6.42,6.54,6.55,6.56,6.57,6.58,6.59,6.6,6.62,6.63,6.64,1400,7600,10500,2200,5500,16900,66100,21000,2000,18400,3400,3000,12100,14800,7800,30000,37000,8000,13000,2900
354.0,6.52,300800,1961239.0,6.52,6.51,6.5,6.49,6.48,6.47,6.46,6.45,6.44,6.42,6.54,6.55,6.56,6.57,6.58,6.59,6.6,6.62,6.63,6.64,1400,7600,10500,2200,5500,16900,66100,21000,2000,18400,3400,3000,12100,14800,7800,30000,37000,8000,13000,2900
355.0,6.52,300800,1961239.0,6.52,6.51,6.5,6.49,6.48,6.47,6.46,6.45,6.44,6.42,6.54,6.55,6.56,6.57,6.58,6.59,6.6,6.62,6.63,6.64,1400,7600,10500,2200,5500,16900,66100,21000,2000,18400,5400,3000,12100,14800,7800,30000,37000,8000,13000,2900
356.0,6.52,300800,1961239.0,6.52,6.51,6.5,6.49,6.48,6.47,6.46,6.45,6.44,6.42,6.54,6.55,6.56,6.57,6.58,6.59,6.6,6.62,6.63,6.64,1500,7600,10500,2200,5500,16900,66100,21000,2000,18400,5500,3000,12100,14800,7800,30000,37000,8000,13000,2900
357.0,6.52,301100,1963195.0,6.52,6.51,6.5,6.49,6.48,6.47,6.46,6.45,6.44,6.42,6.54,6.55,6.56,6.57,6.58,6.59,6.6,6.62,6.63,6.64,1200,7600,10500,2200,5500,16900,66100,21000,2000,18400,5500,3000,12100,14800,7800,30000,37000,8000,13000,2900
358.0,6.52,301100,1963195.0,6.52,6.51,6.5,6.49,6.48,6.47,6.46,6.45,6.44,6.42,6.54,6.55,6.56,6.57,6.58,6.59,6.6,6.62,6.63,6.64,1300,7600,10500,2200,5500,16900,66100,21000,2000,18400,5600,3000,12100,14800,7800,30000,37000,8000,13000,2900
359.0,6.53,301400,1965154.0,6.52,6.51,6.5,6.49,6.48,6.47,6.46,6.45,6.44,6.42,6.54,6.55,6.56,6.57,6.58,6.59,6.6,6.62,6.63,6.64,1100,7600,10500,2200,5500,16900,66100,21000,2000,18400,5600,3000,12100,14800,7800,30000,37000,8000,13000,2900
360.0,6.52,301500,1965806.0,6.52,6.51,6.5,6.49,6.48,6.47,6.46,6.45,6.44,6.42,6.54,6.55,6.56,6.57,6.58,6.59,6.6,6.62,6.63,6.64,1000,7600,10500,2200,5500,16900,66100,21000,2000,18400,7600,3000,12100,14800,7800,30000,37000,8000,13000,2900
361.0,6.52,301500,1965806.0,6.52,6.51,6.5,6.49,6.48,6.47,6.46,6.45,6.44,6.42,6.54,6.55,6.56,6.57,6.58,6.59,6.6,6.62,6.63,6.64,1100,7600,10500,2200,5500,16900,66100,21000,2000,18400,7600,3000,12100,14800,7800,30000,37000,8000,13000,2900
362.0,6.53,302700,1973649.0,6.52,6.51,6.5,6.49,6.48,6.47,6.46,6.45,6.44,6.42,6.53,6.54,6.55,6.56,6.57,6.58,6.59,6.6,6.62,6.63,1500,7600,10500,2200,5500,16900,66100,21000,2000,18400,200,6000,3000,12100,14800,7800,30000,37000,8000,13000
363.0,6.54,303400,1978225.0,6.52,6.51,6.5,6.49,6.48,6.47,6.46,6.45,6.44,6.42,6.54,6.55,6.56,6.57,6.58,6.59,6.6,6.62,6.63,6.64,1300,7600,20500,2200,5500,16900,66100,21000,2000,18400,5500,3000,12100,14800,7800,30000,37000,8000,13000,2900
364.0,6.54,303400,1978225.0,6.52,6.51,6.5,6.49,6.48,6.47,6.46,6.45,6.44,6.42,6.54,6.55,6.56,6.57,6.58,6.59,6.6,6.62,6.63,6.64,1300,7600,20500,2200,5500,16900,66100,21000,2000,18400,5500,3000,12100,14800,7800,30000,37000,8000,13000,2900
365.0,6.54,303900,1981495.0,6.52,6.51,6.5,6.49,6.48,6.47,6.46,6.45,6.44,6.42,6.54,6.55,6.56,6.57,6.58,6.59,6.6,6.62,6.63,6.64,1400,7600,20500,2200,5500,16900,66100,21000,2000,18400,5100,3000,12100,14800,7800,30000,37000,8000,13000,2900
366.0,6.54,305700,1993267.0,6.53,6.52,6.51,6.5,6.49,6.48,6.47,6.46,6.45,6.44,6.54,6.55,6.56,6.57,6.58,6.59,6.6,6.62,6.63,6.64,2700,3800,7600,20500,2200,5500,16900,66100,21000,2000,6300,3000,12100,14800,7800,30000,37000,8000,13000,2900
367.0,6.54,305800,1993921.0,6.53,6.52,6.51,6.5,6.49,6.48,6.47,6.46,6.45,6.44,6.54,6.55,6.56,6.57,6.58,6.59,6.6,6.62,6.63,6.64,3300,3800,7600,20500,2200,5500,16900,66100,21000,2000,6300,3000,12100,14800,7800,30000,37000,8000,13000,2900
368.0,6.54,306700,1999804.0,6.53,6.52,6.51,6.5,6.49,6.48,6.47,6.46,6.45,6.44,6.54,6.55,6.56,6.57,6.58,6.59,6.6,6.62,6.63,6.64,3100,3800,7600,20500,2200,5500,16900,66100,21000,2000,5700,3000,12100,14800,7800,30000,37000,8000,13000,2900
369.0,6.53,307300,2003722.0,6.53,6.52,6.51,6.5,6.49,6.48,6.47,6.46,6.45,6.44,6.54,6.55,6.56,6.57,6.58,6.59,6.6,6.62,6.63,6.64,2500,3800,7600,20500,2200,5500,16900,66100,21000,2000,5700,3000,12100,14800,7800,30000,37000,8000,13000,2900
370.0,6.53,307300,2003722.0,6.53,6.52,6.51,6.5,6.49,6.48,6.47,6.46,6.45,6.44,6.54,6.55,6.56,6.57,6.58,6.59,6.6,6.62,6.63,6.64,2500,3800,7600,20500,2200,5500,16900,66100,21000,2000,6600,3000,12100,14800,7800,30000,37000,8000,13000,2900
371.0,6.53,308100,2008952.0,6.53,6.52,6.51,6.5,6.49,6.48,6.47,6.46,6.45,6.44,6.54,6.55,6.56,6.57,6.58,6.59,6.6,6.62,6.63,6.64,2200,3800,7600,20500,2200,5500,16900,66100,21000,2000,6300,3000,12100,14800,7800,30000,37000,8000,13000,2900
372.0,6.53,308100,2008952.0,6.53,6.52,6.51,6.5,6.49,6.48,6.47,6.46,6.45,6.44,6.54,6.55,6.56,6.57,6.58,6.59,6.6,6.62,6.63,6.64,2200,3800,7600,20500,2200,5500,16900,66100,21000,2000,6300,3000,12100,14800,7800,30000,37000,8000,13000,2900
373.0,6.53,308100,2008952.0,6.53,6.52,6.51,6.5,6.49,6.48,6.47,6.46,6.45,6.44,6.54,6.55,6.56,6.57,6.58,6.59,6.6,6.62,6.63,6.64,2200,3800,7600,20500,2200,5500,16900,66100,21000,2000,6300,3000,12100,14800,7800,30000,37000,8000,13000,2900
374.0,6.53,308100,2008952.0,6.53,6.52,6.51,6.5,6.49,6.48,6.47,6.46,6.45,6.44,6.54,6.55,6.56,6.57,6.58,6.59,6.6,6.62,6.63,6.64,2200,3800,7600,20500,2200,5500,16900,66100,21000,2000,6300,3000,12100,14800,7800,30000,35000,8000,13000,2900
375.0,6.53,308300,2010258.0,6.53,6.52,6.51,6.5,6.49,6.48,6.47,6.46,6.45,6.44,6.54,6.55,6.56,6.57,6.58,6.59,6.6,6.62,6.63,6.64,2000,3800,7600,20500,2200,5500,16900,66100,21000,2000,6300,3000,12100,14800,7800,30000,35000,8000,13000,2900
376.0,6.53,308300,2010258.0,6.53,6.52,6.51,6.5,6.49,6.48,6.47,6.46,6.45,6.44,6.54,6.55,6.56,6.57,6.58,6.59,6.6,6.62,6.63,6.64,2000,3800,7600,20500,2200,5500,16900,66100,21000,2000,6300,3000,12100,14800,7800,30000,35000,8000,13000,2900
377.0,6.53,309300,2016794.0,6.52,6.51,6.5,6.49,6.48,6.47,6.46,6.45,6.44,6.42,6.54,6.55,6.56,6.57,6.58,6.59,6.6,6.62,6.63,6.64,1200,7600,20500,2200,5500,16900,66100,21000,2000,18400,5700,3000,12100,14800,7800,30000,35000,8000,13000,2900
378.0,6.53,309300,2016794.0,6.52,6.51,6.5,6.49,6.48,6.47,6.46,6.45,6.44,6.42,6.54,6.55,6.56,6.57,6.58,6.59,6.6,6.62,6.63,6.64,1200,7600,20500,2200,5500,16900,66100,21000,2000,18400,5700,3000,12100,14800,7800,30000,35000,8000,13000,2900
379.0,6.53,309400,2017447.0,6.52,6.51,6.5,6.49,6.48,6.47,6.46,6.45,6.44,6.42,6.54,6.55,6.56,6.57,6.58,6.59,6.6,6.62,6.63,6.64,1600,7600,20500,2200,5500,16900,66100,21000,2000,18400,5700,3000,12100,14800,7800,30000,35000,8000,13000,2900
380.0,6.52,309700,2019403.0,6.52,6.51,6.5,6.49,6.48,6.47,6.46,6.45,6.44,6.42,6.54,6.55,6.56,6.57,6.58,6.59,6.6,6.62,6.63,6.64,1000,7600,20500,2200,5500,16900,66100,21000,2000,18400,5700,3000,12100,14800,7800,30000,35000,8000,13000,2900
381.0,6.52,309800,2020055.0,6.52,6.51,6.5,6.49,6.48,6.47,6.46,6.45,6.44,6.42,6.54,6.55,6.56,6.57,6.58,6.59,6.6,6.62,6.63,6.64,900,7600,20500,2200,5500,16900,66100,21000,2000,18400,5700,3000,12100,14800,7800,30000,35000,8000,13000,2900
382.0,6.52,309800,2020055.0,6.52,6.51,6.5,6.49,6.48,6.47,6.46,6.45,6.44,6.42,6.54,6.55,6.56,6.57,6.58,6.59,6.6,6.62,6.63,6.64,1000,7600,20500,2200,5500,16900,66100,21000,2000,18400,5800,3000,12100,14800,7800,30000,35000,8000,13000,2900
383.0,6.52,309800,2020055.0,6.52,6.51,6.5,6.49,6.48,6.47,6.46,6.45,6.44,6.42,6.54,6.55,6.56,6.57,6.58,6.59,6.6,6.62,6.63,6.64,1000,7600,20500,2200,5500,16900,66100,21000,2000,18400,5600,3000,12100,14800,7800,30000,35000,8000,13000,2900
384.0,6.52,309900,2020707.0,6.52,6.51,6.5,6.49,6.48,6.47,6.46,6.45,6.44,6.42,6.54,6.55,6.56,6.57,6.58,6.59,6.6,6.62,6.63,6.64,900,7600,20500,2200,5500,16900,66100,21000,2000,18400,5700,3000,12100,14800,7800,30000,35000,8000,13000,2900
385.0,6.52,309900,2020707.0,6.52,6.51,6.5,6.49,6.48,6.47,6.46,6.45,6.44,6.42,6.54,6.55,6.56,6.57,6.58,6.59,6.6,6.62,6.63,6.64,1000,7600,20500,2200,5500,16900,66100,21000,2000,18400,5700,3000,12100,14800,7800,30000,35000,8000,13000,2900
386.0,6.52,309900,2020707.0,6.52,6.51,6.5,6.49,6.48,6.47,6.46,6.45,6.44,6.42,6.54,6.55,6.56,6.57,6.58,6.59,6.6,6.62,6.63,6.64,1000,7600,20500,2200,5500,16900,66100,21000,2000,18400,5700,3000,12100,14800,7800,30000,35000,8000,13000,2900
387.0,6.54,310400,2023977.0,6.52,6.51,6.5,6.49,6.48,6.47,6.46,6.45,6.44,6.42,6.54,6.55,6.56,6.57,6.58,6.59,6.6,6.62,6.63,6.64,1100,7600,20500,2200,5500,16900,66100,21000,2000,18400,5300,3000,12100,14800,7800,30000,35000,8000,13000,2900
388.0,6.52,311200,2029195.0,6.52,6.51,6.5,6.49,6.48,6.47,6.46,6.45,6.44,6.42,6.53,6.54,6.55,6.56,6.57,6.58,6.59,6.6,6.62,6.63,900,7600,20500,2200,5500,16900,48600,21000,2000,18400,200,5200,3000,12100,14800,7800,30000,35000,8000,13000
389.0,6.52,311600,2031805.0,6.52,6.51,6.5,6.49,6.48,6.47,6.46,6.45,6.44,6.42,6.53,6.54,6.55,6.56,6.57,6.58,6.59,6.6,6.62,6.63,100,7600,20500,2200,5500,16900,48600,21000,2000,18400,2700,2200,3000,12100,14800,7800,30000,35000,8000,13000
390.0,6.53,311800,2033111.0,6.52,6.51,6.5,6.49,6.48,6.47,6.46,6.45,6.44,6.42,6.53,6.54,6.55,6.56,6.57,6.58,6.59,6.6,6.62,6.63,300,7600,20500,2200,5500,16900,48600,21000,2000,18400,2500,2200,3000,12100,14800,7800,30000,35000,8000,13000
391.0,6.53,311800,2033111.0,6.52,6.51,6.5,6.49,6.48,6.47,6.46,6.45,6.44,6.42,6.53,6.54,6.55,6.56,6.57,6.58,6.59,6.6,6.62,6.63,300,7600,20500,2200,5500,16900,48600,21000,2000,18400,2500,2200,3000,12100,14800,7800,30000,35000,8000,13000
392.0,6.53,311800,2033111.0,6.52,6.51,6.5,6.49,6.48,6.47,6.46,6.45,6.44,6.42,6.53,6.54,6.55,6.56,6.57,6.58,6.59,6.6,6.62,6.63,2500,7600,20500,2200,5500,16900,48600,21000,2000,18400,2500,2100,3000,12100,14800,7800,30000,35000,8000,13000
393.0,6.53,311800,2033111.0,6.52,6.51,6.5,6.49,6.48,6.47,6.46,6.45,6.44,6.42,6.53,6.54,6.55,6.56,6.57,6.58,6.59,6.6,6.62,6.63,3700,7600,20500,2200,5500,16900,48600,21000,2000,18400,2500,2100,3000,12100,14800,7800,30000,35000,8000,13000
394.0,6.53,312000,2034417.0,6.52,6.51,6.5,6.49,6.48,6.47,6.46,6.45,6.44,6.42,6.53,6.54,6.55,6.56,6.57,6.58,6.59,6.6,6.62,6.63,3700,7600,20500,2200,5500,16900,48600,21000,2000,18400,2300,2100,3000,12100,14800,7800,30000,35000,8000,13000
395.0,6.53,312000,2034417.0,6.53,6.52,6.51,6.5,6.49,6.48,6.47,6.46,6.45,6.44,6.54,6.55,6.56,6.57,6.58,6.59,6.6,6.62,6.63,6.64,2300,7400,7600,20500,2200,5500,16900,48600,21000,2000,2100,3000,12100,14800,7800,30000,35000,8000,13000,2900
396.0,6.53,312000,2034417.0,6.53,6.52,6.51,6.5,6.49,6.48,6.47,6.46,6.45,6.44,6.54,6.55,6.56,6.57,6.58,6.59,6.6,6.62,6.63,6.64,2300,7400,7600,20500,2200,5500,16900,48600,21000,2000,2100,3000,12100,14800,7800,30000,35000,8000,13000,2900
397.0,6.53,312400,2037031.0,6.53,6.52,6.51,6.5,6.49,6.48,6.47,6.46,6.45,6.44,6.54,6.55,6.56,6.57,6.58,6.59,6.6,6.62,6.63,6.64,2100,7400,7600,20500,2200,5500,16900,48600,21000,2000,1900,3000,12100,14800,7800,30000,35000,8000,13000,2900
398.0,6.54,318100,2074277.0,6.53,6.52,6.51,6.5,6.49,6.48,6.47,6.46,6.45,6.44,6.54,6.55,6.56,6.57,6.58,6.59,6.6,6.62,6.63,6.64,2000,7700,7600,20500,2200,5500,16900,48600,21000,2000,500,3000,12100,14800,7800,30000,35000,8000,13000,2900
399.0,6.54,330000,2152205.0,6.53,6.52,6.51,6.5,6.49,6.48,6.47,6.46,6.45,6.44,6.54,6.55,6.56,6.57,6.58,6.59,6.6,6.62,6.63,6.64,3600,7700,7600,20500,1800,4900,16900,48600,21000,2000,900,100,12100,14800,7800,30000,35000,8000,13000,2900
400.0,6.54,330000,2152205.0,6.53,6.52,6.51,6.5,6.49,6.48,6.47,6.46,6.45,6.44,6.55,6.56,6.57,6.58,6.59,6.6,6.62,6.63,6.64,6.66,3600,7700,7600,20500,1800,4900,16900,48600,21000,2000,200,12100,14800,7800,30000,35000,8000,13000,2900,22600
401.0,6.53,330500,2155470.0,6.53,6.52,6.51,6.5,6.49,6.48,6.47,6.46,6.45,6.44,6.55,6.56,6.57,6.58,6.59,6.6,6.62,6.63,6.64,6.66,4300,7700,7600,20500,500,4900,16900,48600,21000,2000,2100,12100,14800,7800,30000,35000,8000,13000,2900,22600
402.0,6.53,330500,2155470.0,6.53,6.52,6.51,6.5,6.49,6.48,6.47,6.46,6.45,6.44,6.55,6.56,6.57,6.58,6.59,6.6,6.62,6.63,6.64,6.66,4400,7700,7600,20500,500,4900,16900,48600,21000,2000,2200,12100,14800,7800,30000,35000,8000,13000,2900,22600
403.0,6.53,331300,2160694.0,6.53,6.52,6.51,6.5,6.49,6.48,6.47,6.46,6.45,6.44,6.55,6.56,6.57,6.58,6.59,6.6,6.62,6.63,6.64,6.66,3600,7700,7600,20500,500,4900,16900,48600,21000,2000,2200,12100,14800,7800,30000,35000,8000,13000,2900,22600
404.0,6.53,354300,2310722.0,6.52,6.51,6.5,6.49,6.48,6.47,6.46,6.45,6.44,6.42,6.54,6.55,6.56,6.57,6.58,6.59,6.6,6.62,6.63,6.64,3400,7600,20500,500,4900,16900,48600,21000,2000,18400,1200,1000,12100,14800,7800,30000,35000,8000,13000,2900
405.0,6.54,355100,2315948.0,6.52,6.51,6.5,6.49,6.48,6.47,6.46,6.45,6.44,6.42,6.54,6.55,6.56,6.57,6.58,6.59,6.6,6.62,6.63,6.64,3100,7600,20500,500,4900,16900,48600,21000,2000,18400,700,1000,12100,14800,7800,30000,35000,8000,13000,2900
406.0,6.54,355100,2315948.0,6.52,6.51,6.5,6.49,6.48,6.47,6.46,6.45,6.44,6.42,6.54,6.55,6.56,6.57,6.58,6.59,6.6,6.62,6.63,6.64,3100,7600,20500,500,4900,16900,48600,21000,2000,18400,700,1000,12100,14800,7800,30000,35000,8000,13000,2900
407.0,6.52,355400,2317904.0,6.53,6.52,6.51,6.5,6.49,6.48,6.47,6.46,6.45,6.44,6.54,6.55,6.56,6.57,6.58,6.59,6.6,6.62,6.63,6.64,400,2600,7600,20500,500,4900,16900,48600,21000,2000,2700,1000,12100,14800,7800,30000,35000,8000,13000,2900
408.0,6.52,355400,2317904.0,6.53,6.52,6.51,6.5,6.49,6.48,6.47,6.46,6.45,6.44,6.54,6.55,6.56,6.57,6.58,6.59,6.6,6.62,6.63,6.64,400,2600,7600,20500,500,4900,16900,48600,21000,2000,2700,1000,12100,14800,7800,30000,35000,8000,13000,2900
409.0,6.52,355400,2317904.0,6.53,6.52,6.51,6.5,6.49,6.48,6.47,6.46,6.45,6.44,6.54,6.55,6.56,6.57,6.58,6.59,6.6,6.62,6.63,6.64,400,2600,7600,20500,500,4900,16900,48600,21000,2000,2700,1000,12100,14800,7800,30000,35000,8000,13000,2900
410.0,6.53,355900,2321169.0,6.52,6.51,6.5,6.49,6.48,6.47,6.46,6.45,6.44,6.42,6.53,6.54,6.55,6.56,6.57,6.58,6.59,6.6,6.62,6.63,3200,7600,20500,500,4900,16900,48600,21000,2000,18400,2100,1000,1000,12100,14800,7800,30000,35000,8000,13000
411.0,6.52,356000,2321821.0,6.52,6.51,6.5,6.49,6.48,6.47,6.46,6.45,6.44,6.42,6.53,6.54,6.55,6.56,6.57,6.58,6.59,6.6,6.62,6.63,3500,7600,20500,500,4900,16900,48600,21000,2000,18400,2100,1000,1000,12100,14800,7800,30000,35000,8000,13000
412.0,6.52,357100,2328993.0,6.52,6.51,6.5,6.49,6.48,6.47,6.46,6.45,6.44,6.42,6.53,6.54,6.55,6.56,6.57,6.58,6.59,6.6,6.62,6.63,1900,7600,20500,500,4900,16900,48600,21000,2000,18400,2100,1000,4000,12100,14800,7800,30000,35000,8000,13000
413.0,6.52,357200,2329645.0,6.52,6.51,6.5,6.49,6.48,6.47,6.46,6.45,6.44,6.42,6.53,6.54,6.55,6.56,6.57,6.58,6.59,6.6,6.62,6.63,1000,7600,20500,500,4900,16900,48600,21000,2000,18400,2100,300,4000,12100,14800,7800,30000,35000,8000,13000
414.0,6.52,357200,2329645.0,6.52,6.51,6.5,6.49,6.48,6.47,6.46,6.45,6.44,6.42,6.53,6.54,6.55,6.56,6.57,6.58,6.59,6.6,6.62,6.63,1000,7600,20500,500,4900,16900,48600,21000,2000,18400,2100,300,4000,12100,14800,7800,30000,35000,8000,13000
415.0,6.52,357400,2330949.0,6.52,6.51,6.5,6.49,6.48,6.47,6.46,6.45,6.44,6.42,6.53,6.54,6.55,6.56,6.57,6.58,6.59,6.6,6.62,6.63,800,7600,20500,500,4900,16900,48600,21000,2000,18400,2100,300,4000,12100,14800,7800,30000,35000,8000,13000
416.0,6.52,357400,2330949.0,6.52,6.51,6.5,6.49,6.48,6.47,6.46,6.45,6.44,6.42,6.53,6.54,6.55,6.56,6.57,6.58,6.59,6.6,6.62,6.63,800,7600,20500,500,4900,16900,48600,21000,2000,18400,2100,300,4000,12100,14800,7800,30000,35000,8000,13000
417.0,6.52,357400,2330949.0,6.52,6.51,6.5,6.49,6.48,6.47,6.46,6.45,6.44,6.42,6.53,6.54,6.55,6.56,6.57,6.58,6.59,6.6,6.62,6.63,800,7600,20500,500,4900,16900,48600,21000,2000,18400,2100,300,4000,12100,14800,7800,30000,35000,8000,13000
418.0,6.53,357800,2333561.0,6.52,6.51,6.5,6.49,6.48,6.47,6.46,6.45,6.44,6.42,6.53,6.54,6.55,6.56,6.57,6.58,6.59,6.6,6.62,6.63,400,7600,20500,500,4900,16900,48600,21000,2000,18400,1700,4900,4000,12100,14800,7800,30000,35000,8000,13000
419.0,6.53,357800,2333561.0,6.52,6.51,6.5,6.49,6.48,6.47,6.46,6.45,6.44,6.42,6.53,6.54,6.55,6.56,6.57,6.58,6.59,6.6,6.62,6.63,400,7600,20500,500,4900,16900,48600,21000,2000,18400,1700,12300,4000,12100,14800,7800,30000,35000,8000,13000
420.0,6.53,357900,2334214.0,6.52,6.51,6.5,6.49,6.48,6.47,6.46,6.45,6.44,6.42,6.53,6.54,6.55,6.56,6.57,6.58,6.59,6.6,6.62,6.63,400,7600,20500,500,4900,16900,48600,21000,2000,18400,1600,12300,4000,12100,14800,7800,30000,35000,8000,13000
421.0,6.53,357900,2334214.0,6.52,6.51,6.5,6.49,6.48,6.47,6.46,6.45,6.44,6.42,6.53,6.54,6.55,6.56,6.57,6.58,6.59,6.6,6.62,6.63,400,7600,20500,500,4900,16900,48600,21000,2000,18400,1600,12300,4000,12100,14800,7800,30000,35000,8000,13000
422.0,6.53,358700,2339432.0,6.52,6.51,6.5,6.49,6.48,6.47,6.46,6.45,6.44,6.42,6.53,6.54,6.55,6.56,6.57,6.58,6.59,6.6,6.62,6.63,200,7600,20500,500,4900,16900,48600,21000,2000,18400,1600,12300,4000,12100,14800,7800,30000,35000,8000,13000
423.0,6.53,358900,2340738.0,6.52,6.51,6.5,6.49,6.48,6.47,6.46,6.45,6.44,6.42,6.53,6.54,6.55,6.56,6.57,6.58,6.59,6.6,6.62,6.63,200,7600,20500,500,4900,16900,48600,21000,2000,18400,1400,12300,4000,12100,14800,7800,30000,35000,8000,13000
424.0,6.53,358900,2340738.0,6.52,6.51,6.5,6.49,6.48,6.47,6.46,6.45,6.44,6.42,6.53,6.54,6.55,6.56,6.57,6.58,6.59,6.6,6.62,6.63,200,7600,20500,500,4900,16900,48600,21000,2000,18400,1400,12300,4000,12100,14800,7800,30000,35000,8000,13000
425.0,6.53,358900,2340738.0,6.52,6.51,6.5,6.49,6.48,6.47,6.46,6.45,6.44,6.42,6.53,6.54,6.55,6.56,6.57,6.58,6.59,6.6,6.62,6.63,300,7600,20500,500,4900,16900,48600,21000,2000,18400,1500,12300,4000,12100,14800,7800,30000,35000,8000,13000
426.0,6.53,358900,2340738.0,6.52,6.51,6.5,6.49,6.48,6.47,6.46,6.45,6.44,6.42,6.53,6.54,6.55,6.56,6.57,6.58,6.59,6.6,6.62,6.63,300,7600,20500,500,4900,16900,48600,21000,2000,18400,1500,12300,4000,12100,14800,7800,30000,35000,8000,13000
