LocalTime,LastPrice,TradeVolume,TradeValue,BidPrice1,BidPrice2,BidPrice3,BidPrice4,BidPrice5,BidPrice6,BidPrice7,BidPrice8,BidPrice9,BidPriceA,AskPrice1,AskPrice2,AskPrice3,AskPrice4,AskPrice5,AskPrice6,AskPrice7,AskPrice8,AskPrice9,AskPriceA,BidVolume1,BidVolume2,BidVolume3,BidVolume4,BidVolume5,BidVolume6,BidVolume7,BidVolume8,BidVolume9,BidVolumeA,AskVolume1,AskVolume2,AskVolume3,AskVolume4,AskVolume5,AskVolume6,AskVolume7,AskVolume8,AskVolume9,AskVolumeA
0.0,18.79,7000,131530.0,18.6,18.58,18.51,18.5,18.48,18.43,18.39,18.35,18.31,18.3,18.79,18.81,18.82,18.83,18.84,18.85,18.88,18.89,18.9,18.92,7100,3100,5800,1100,1800,300,3000,100,1800,300,1600,5300,6100,3000,3200,6400,1200,3700,5300,4400
1.0,18.79,7000,131530.0,18.61,18.6,18.58,18.52,18.51,18.5,18.48,18.43,18.39,18.35,18.78,18.79,18.8,18.81,18.82,18.83,18.84,18.85,18.88,18.89,100,7100,3100,3400,5800,1100,1800,300,3000,100,1800,1600,800,5300,6100,3000,3200,6400,1200,3700
2.0,18.78,8300,155944.0,18.69,18.64,18.61,18.6,18.58,18.52,18.51,18.5,18.48,18.43,18.78,18.79,18.8,18.81,18.82,18.83,18.84,18.85,18.88,18.89,500,1900,1200,7100,3100,3400,5800,1100,1800,300,500,3800,800,5300,5000,3000,2600,6400,1200,3700
3.0,18.78,8300,155944.0,18.69,18.64,18.61,18.6,18.58,18.52,18.51,18.5,18.48,18.47,18.78,18.79,18.8,18.81,18.82,18.83,18.84,18.85,18.88,18.89,500,1900,1700,7100,3100,3400,5800,1100,1800,700,500,3800,1800,5300,2000,3000,2600,6400,1200,3700
4.0,18.78,8300,155944.0,18.69,18.68,18.64,18.61,18.6,18.58,18.52,18.51,18.5,18.48,18.78,18.79,18.8,18.81,18.82,18.83,18.84,18.85,18.88,18.89,500,100,1900,1700,7100,3100,3400,5800,1100,1800,5500,2200,1800,5300,2000,3000,2600,6400,1200,3700
5.0,18.78,8300,155944.0,18.69,18.68,18.64,18.61,18.6,18.58,18.55,18.52,18.51,18.5,18.78,18.79,18.8,18.81,18.82,18.83,18.84,18.85,18.88,18.89,500,100,1900,1800,7100,3100,100,3400,5800,1100,6100,2200,1800,4300,2000,3000,2600,6400,1200,3700
6.0,18.78,11300,212284.0,18.69,18.68,18.64,18.61,18.6,18.58,18.55,18.52,18.51,18.5,18.78,18.79,18.8,18.81,18.82,18.83,18.84,18.85,18.88,18.89,500,100,1900,1800,7100,3100,100,3400,5800,1100,3100,2200,1800,4300,2000,3000,2300,7200,1200,3700
7.0,18.78,11300,212284.0,18.69,18.68,18.64,18.61,18.6,18.58,18.55,18.52,18.51,18.5,18.78,18.79,18.8,18.81,18.82,18.83,18.84,18.85,18.88,18.89,500,100,1900,1800,7100,3100,100,3400,5800,2600,3300,2200,1000,4400,2000,3000,2300,7200,1200,3700
8.0,18.78,11600,217918.0,18.76,18.69,18.68,18.64,18.61,18.6,18.58,18.55,18.53,18.52,18.78,18.79,18.8,18.81,18.82,18.83,18.84,18.85,18.88,18.89,1000,500,100,1900,3800,7100,3100,100,100,3400,3000,2600,1000,4400,2000,3000,2300,7200,1200,4300
9.0,18.78,12600,236688.0,18.76,18.69,18.68,18.64,18.61,18.6,18.58,18.55,18.53,18.52,18.78,18.79,18.8,18.81,18.82,18.83,18.84,18.85,18.88,18.89,500,500,100,1900,4800,7100,3100,100,100,3400,2500,2600,1000,4400,2000,3000,2300,7200,1200,4300
10.0,18.78,12700,238566.0,18.76,18.69,18.68,18.64,18.61,18.6,18.58,18.55,18.53,18.52,18.78,18.79,18.8,18.81,18.82,18.83,18.84,18.85,18.88,18.89,500,500,100,1900,5800,7100,3100,100,100,3400,2400,2600,1000,4400,2000,3000,2300,7700,1200,4300
11.0,18.76,13200,247946.0,18.69,18.68,18.64,18.61,18.6,18.58,18.55,18.53,18.52,18.51,18.76,18.78,18.79,18.8,18.81,18.82,18.83,18.84,18.85,18.88,800,100,1900,5800,7500,3100,100,100,3400,6300,800,2400,2600,1000,4400,2000,3000,2300,7700,1200
12.0,18.76,13200,247946.0,18.7,18.69,18.68,18.64,18.61,18.6,18.58,18.55,18.53,18.52,18.76,18.78,18.79,18.8,18.81,18.82,18.83,18.84,18.85,18.88,400,800,100,1900,5700,7500,3100,100,100,3400,700,2400,2600,1000,4400,2000,3000,2300,7700,1200
13.0,18.76,13200,247946.0,18.7,18.69,18.68,18.64,18.61,18.6,18.58,18.55,18.53,18.52,18.76,18.78,18.79,18.8,18.81,18.82,18.83,18.84,18.85,18.88,500,300,100,1900,5700,7500,3100,100,100,3400,700,2400,2600,1000,4400,2000,3000,2300,7700,1200
14.0,18.76,13200,247946.0,18.71,18.7,18.69,18.68,18.64,18.61,18.6,18.58,18.55,18.53,18.76,18.78,18.79,18.8,18.81,18.82,18.83,18.84,18.85,18.88,600,500,300,100,1900,5700,7500,3100,100,100,1400,2400,2600,1000,4400,2000,3000,2300,7700,1200
15.0,18.76,13200,247946.0,18.72,18.71,18.7,18.69,18.68,18.64,18.61,18.6,18.58,18.55,18.76,18.78,18.79,18.8,18.81,18.82,18.83,18.84,18.85,18.88,400,600,100,300,100,1900,5700,7500,3100,100,1400,2400,2600,1000,4400,2000,3000,2300,7700,1200
16.0,18.76,13200,247946.0,18.72,18.71,18.7,18.69,18.68,18.64,18.61,18.6,18.58,18.55,18.76,18.78,18.79,18.8,18.81,18.82,18.83,18.84,18.85,18.88,400,600,100,300,100,1900,5700,7500,3100,100,1400,2400,2600,1000,4400,2000,3000,2300,7700,1200
17.0,18.76,13200,247946.0,18.72,18.71,18.7,18.69,18.68,18.64,18.61,18.6,18.58,18.55,18.76,18.78,18.79,18.8,18.81,18.82,18.83,18.84,18.85,18.88,400,600,100,300,100,1900,5700,7500,3100,100,1400,2400,2600,1000,4400,2000,3000,2300,7700,1200
18.0,18.76,13200,247946.0,18.72,18.71,18.7,18.69,18.68,18.64,18.61,18.6,18.58,18.55,18.76,18.78,18.79,18.8,18.81,18.82,18.83,18.84,18.85,18.88,400,600,100,300,100,1900,5700,7500,3100,100,1400,2400,2600,1000,4400,2000,3000,2300,7700,1200
19.0,18.76,13200,247946.0,18.72,18.71,18.7,18.69,18.68,18.64,18.61,18.6,18.58,18.55,18.76,18.78,18.79,18.8,18.81,18.82,18.83,18.84,18.85,18.88,400,600,100,300,100,1900,5700,7500,3100,100,1400,2400,2600,1000,4400,2000,3000,2300,7700,1200
20.0,18.76,13200,247946.0,18.72,18.71,18.7,18.69,18.68,18.64,18.61,18.6,18.58,18.55,18.76,18.78,18.79,18.8,18.81,18.82,18.83,18.84,18.85,18.88,400,600,100,300,100,1900,5700,7500,3100,100,1400,2400,2600,1000,4400,2000,3000,2300,7700,1200
21.0,18.76,13200,247946.0,18.72,18.71,18.7,18.69,18.68,18.64,18.61,18.6,18.58,18.55,18.76,18.78,18.79,18.8,18.81,18.82,18.83,18.84,18.85,18.88,400,600,100,300,100,1900,5700,7500,3100,100,1400,2400,2600,1000,4400,2000,3000,2300,7700,1200
22.0,18.76,13200,247946.0,18.72,18.71,18.7,18.69,18.68,18.64,18.61,18.6,18.58,18.55,18.76,18.78,18.79,18.8,18.81,18.82,18.83,18.84,18.85,18.88,400,600,100,300,100,1900,5700,7500,3100,100,1400,2400,2600,1000,4400,2000,3000,2300,7700,1200
23.0,18.72,13600,255434.0,18.72,18.71,18.7,18.69,18.68,18.64,18.61,18.6,18.58,18.55,18.76,18.78,18.79,18.8,18.81,18.82,18.83,18.84,18.85,18.88,400,600,100,300,100,1900,5700,7500,3100,100,1400,2400,2600,1000,4400,2000,3000,2300,7700,1200
24.0,18.72,13600,255434.0,18.72,18.71,18.7,18.69,18.68,18.64,18.61,18.6,18.58,18.55,18.76,18.78,18.79,18.8,18.81,18.82,18.83,18.84,18.85,18.88,400,600,100,300,100,1900,5700,7500,3100,100,1400,2400,2600,1000,4400,2000,3000,2300,7700,1200
25.0,18.72,13600,255434.0,18.72,18.71,18.7,18.69,18.68,18.64,18.61,18.6,18.58,18.55,18.76,18.78,18.79,18.8,18.81,18.82,18.83,18.84,18.85,18.88,400,600,100,300,100,1900,5700,7500,3100,100,700,2400,2600,1000,4400,2000,3000,2300,7700,1200
26.0,18.75,13800,259184.0,18.75,18.72,18.71,18.7,18.69,18.68,18.64,18.61,18.6,18.58,18.76,18.78,18.79,18.8,18.81,18.82,18.83,18.84,18.85,18.88,800,400,600,100,300,100,1900,5700,7500,3100,700,2200,2600,1000,4400,2000,3000,2300,7700,1200
27.0,18.75,13800,259184.0,18.75,18.72,18.71,18.7,18.69,18.68,18.64,18.61,18.6,18.58,18.76,18.78,18.79,18.8,18.81,18.82,18.83,18.84,18.85,18.88,800,400,600,100,300,100,1900,5700,7500,3100,700,2200,2600,1000,4400,2000,3000,2300,7700,1200
28.0,18.75,13800,259184.0,18.75,18.72,18.7,18.69,18.68,18.64,18.61,18.6,18.58,18.55,18.76,18.78,18.79,18.8,18.81,18.82,18.83,18.84,18.85,18.88,800,400,100,300,100,1900,5700,7500,3100,100,500,2200,2600,1000,4400,2000,3000,2300,7700,1200
29.0,18.75,14600,274184.0,18.72,18.7,18.69,18.68,18.64,18.61,18.6,18.58,18.55,18.53,18.75,18.76,18.78,18.79,18.8,18.81,18.82,18.83,18.84,18.85,400,100,300,100,1900,5700,7500,3100,100,100,1200,500,2200,2600,1000,4400,2000,3000,2300,7700
30.0,18.72,14700,276056.0,18.72,18.7,18.69,18.68,18.64,18.61,18.6,18.58,18.55,18.53,18.75,18.76,18.78,18.79,18.8,18.81,18.82,18.83,18.84,18.85,300,100,300,100,1900,5700,7500,3100,100,100,1600,500,2200,2600,1000,4400,2000,3000,2300,9000
31.0,18.72,15000,281672.0,18.7,18.68,18.64,18.61,18.6,18.58,18.55,18.53,18.52,18.51,18.75,18.76,18.78,18.79,18.8,18.81,18.82,18.83,18.84,18.85,100,100,1900,5700,7100,3100,100,100,3400,6600,1600,500,2200,2600,1000,4400,2000,3000,2300,8900
32.0,18.75,15700,294797.0,18.72,18.68,18.64,18.61,18.6,18.58,18.55,18.53,18.52,18.51,18.75,18.76,18.78,18.79,18.8,18.81,18.82,18.83,18.84,18.85,200,100,1900,5700,7100,3100,100,100,3400,6600,900,500,2200,2600,1000,4400,2000,3000,2300,8900
33.0,18.72,15800,296669.0,18.72,18.68,18.64,18.61,18.6,18.58,18.55,18.53,18.52,18.51,18.75,18.76,18.78,18.79,18.8,18.81,18.82,18.83,18.84,18.85,10500,100,1900,5700,7100,3100,100,100,3400,6600,900,500,2200,2600,1000,4400,2000,3000,2300,8900
34.0,18.72,15800,296669.0,18.73,18.72,18.68,18.64,18.61,18.6,18.58,18.55,18.53,18.52,18.75,18.76,18.78,18.79,18.8,18.81,18.82,18.83,18.84,18.85,600,10500,100,1900,5700,7100,3100,100,100,3400,900,500,2200,2600,1000,4400,2000,3000,2300,8900
35.0,18.75,16100,302294.0,18.73,18.72,18.68,18.64,18.61,18.6,18.58,18.55,18.53,18.52,18.75,18.78,18.79,18.8,18.81,18.82,18.83,18.84,18.85,18.88,700,10500,100,1900,3700,7100,3100,100,100,3400,600,2200,2600,1000,4400,2000,3000,2300,8900,1200
36.0,18.75,16100,302294.0,18.73,18.72,18.68,18.64,18.61,18.6,18.58,18.55,18.53,18.52,18.75,18.78,18.79,18.8,18.81,18.82,18.83,18.84,18.85,18.88,1000,10500,100,1900,3700,7600,3100,100,100,3400,600,2200,2600,1000,4400,2000,3000,2300,8900,1200
37.0,18.75,16400,307919.0,18.73,18.72,18.68,18.64,18.61,18.6,18.58,18.55,18.53,18.52,18.75,18.78,18.79,18.8,18.81,18.82,18.83,18.84,18.85,18.88,1000,10500,100,1900,3700,7600,3100,100,100,3400,300,2200,2600,1000,4400,2000,3000,2300,8900,1200
38.0,18.73,16500,309792.0,18.73,18.72,18.68,18.64,18.61,18.6,18.58,18.55,18.53,18.52,18.75,18.78,18.79,18.8,18.81,18.82,18.83,18.84,18.85,18.88,900,10500,100,1900,3700,7600,3100,100,100,3400,300,2200,2600,1000,4400,2000,3000,2300,8900,1200
39.0,18.73,16500,309792.0,18.73,18.72,18.68,18.64,18.61,18.6,18.58,18.55,18.53,18.52,18.75,18.78,18.79,18.8,18.81,18.82,18.83,18.84,18.85,18.88,900,10500,100,1900,3700,7600,3100,100,100,3400,300,2200,2600,1000,4400,2000,3000,2300,8900,1200
40.0,18.78,17000,319173.0,18.75,18.74,18.73,18.72,18.68,18.64,18.61,18.6,18.58,18.55,18.78,18.79,18.8,18.81,18.82,18.83,18.84,18.85,18.88,18.89,600,3700,900,10500,100,1900,3700,7600,3100,100,2000,2600,1000,4400,2000,3000,2300,8900,1200,4300
41.0,18.78,17300,324807.0,18.75,18.74,18.73,18.72,18.68,18.64,18.61,18.6,18.58,18.55,18.78,18.79,18.8,18.81,18.82,18.83,18.84,18.85,18.88,18.89,600,3700,900,10500,100,1900,3700,7600,3100,100,1700,2600,1000,4400,2000,3000,3300,8900,1200,4300
42.0,18.78,17900,336072.0,18.75,18.74,18.73,18.72,18.68,18.64,18.61,18.6,18.58,18.55,18.78,18.79,18.8,18.81,18.82,18.83,18.84,18.85,18.88,18.89,100,3700,900,10500,100,1900,3700,7600,3100,100,1200,2600,1000,4400,2000,3000,3300,8900,1200,4300
43.0,18.78,17900,336072.0,18.75,18.74,18.73,18.72,18.68,18.64,18.61,18.6,18.58,18.55,18.78,18.79,18.8,18.81,18.82,18.83,18.84,18.85,18.88,18.89,100,3700,900,10500,100,1900,3700,7600,3100,100,1200,2600,1000,4400,2000,3000,3300,8900,1200,4300
44.0,18.78,17900,336072.0,18.75,18.74,18.73,18.72,18.68,18.64,18.61,18.6,18.58,18.55,18.78,18.79,18.8,18.81,18.82,18.83,18.84,18.85,18.88,18.89,100,3700,900,10500,100,1900,3700,7600,3100,100,1200,2600,1000,4400,2000,3000,3300,8900,1200,4300
45.0,18.78,17900,336072.0,18.75,18.74,18.73,18.72,18.68,18.64,18.61,18.6,18.58,18.55,18.78,18.79,18.8,18.81,18.82,18.83,18.84,18.85,18.88,18.89,100,3700,900,10500,100,1900,3700,7600,3100,100,1200,2600,1000,4400,2000,3000,3300,8900,1200,4300
46.0,18.78,17900,336072.0,18.75,18.74,18.73,18.72,18.68,18.64,18.61,18.6,18.58,18.55,18.78,18.79,18.8,18.81,18.82,18.83,18.84,18.85,18.88,18.89,100,3700,900,10500,100,1900,3700,7600,3100,100,1200,2600,1000,4400,2000,3000,3300,8900,1200,4300
47.0,18.78,19100,358608.0,18.75,18.74,18.73,18.72,18.68,18.64,18.61,18.6,18.58,18.55,18.77,18.78,18.79,18.8,18.81,18.82,18.83,18.84,18.85,18.88,100,3700,900,10400,100,1900,3700,7600,3100,100,2500,2200,2600,1000,4400,2000,3000,3300,8900,1200
48.0,18.75,19400,364237.0,18.74,18.73,18.72,18.68,18.64,18.61,18.6,18.58,18.55,18.53,18.75,18.77,18.78,18.79,18.8,18.81,18.82,18.83,18.84,18.85,3700,900,10400,100,1900,3700,7600,3100,100,100,500,2300,2200,2600,1000,4400,2000,3000,3300,8900
49.0,18.77,20000,375489.0,18.75,18.74,18.73,18.72,18.68,18.64,18.61,18.6,18.58,18.55,18.77,18.78,18.79,18.8,18.81,18.82,18.83,18.84,18.85,18.88,200,3700,400,10400,100,1900,3700,7600,3100,100,2200,2200,2600,1000,4400,2000,3000,3300,8900,1200
50.0,18.77,20100,377366.0,18.76,18.75,18.74,18.73,18.72,18.68,18.64,18.61,18.6,18.58,18.77,18.78,18.79,18.8,18.81,18.82,18.83,18.84,18.85,18.88,1300,200,3700,300,10400,100,1900,3700,7600,3100,2100,2200,2600,1000,4400,2000,3000,3300,8900,1200
51.0,18.77,20300,381120.0,18.76,18.75,18.74,18.73,18.72,18.68,18.64,18.61,18.6,18.58,18.77,18.78,18.79,18.8,18.81,18.82,18.83,18.84,18.85,18.88,1300,600,3700,300,10400,100,1900,3700,7600,3100,1900,2200,2600,1000,4400,2000,3000,3300,8900,1200
52.0,18.76,20400,382996.0,18.76,18.75,18.74,18.73,18.72,18.68,18.64,18.61,18.6,18.58,18.77,18.78,18.79,18.8,18.81,18.82,18.83,18.84,18.85,18.88,1200,600,3700,300,11400,100,1900,3700,7600,3100,1900,2200,2600,1000,4400,2000,3000,3300,8900,1200
53.0,18.76,20600,386748.0,18.76,18.75,18.74,18.73,18.72,18.68,18.64,18.61,18.6,18.58,18.77,18.78,18.79,18.8,18.81,18.82,18.83,18.84,18.85,18.88,1000,600,3700,300,1400,100,1900,3700,7600,3100,1900,1600,2600,1000,4400,2000,3000,3300,8900,1200
54.0,18.77,20700,388625.0,18.76,18.75,18.74,18.73,18.72,18.68,18.64,18.61,18.6,18.58,18.77,18.78,18.79,18.8,18.81,18.82,18.83,18.84,18.85,18.88,1000,600,3700,300,1400,100,1900,3700,7600,3100,1800,1600,2600,1000,4400,2000,3000,3300,8900,1200
55.0,18.77,20700,388625.0,18.76,18.75,18.74,18.73,18.72,18.68,18.64,18.61,18.6,18.59,18.77,18.78,18.79,18.8,18.81,18.82,18.83,18.84,18.85,18.88,1000,700,3700,300,1400,100,1900,3700,7600,500,1800,1600,2600,1000,4400,2000,3000,3300,8900,1200
56.0,18.76,21700,407385.0,18.75,18.74,18.73,18.72,18.68,18.64,18.61,18.6,18.59,18.58,18.76,18.77,18.78,18.79,18.8,18.81,18.82,18.83,18.84,18.85,600,3700,300,1400,100,1900,2600,7600,500,3100,300,1800,1600,2600,1000,4400,2000,3000,3300,8900
57.0,18.76,21700,407385.0,18.75,18.74,18.73,18.72,18.68,18.64,18.61,18.6,18.59,18.58,18.76,18.77,18.78,18.79,18.8,18.81,18.82,18.83,18.84,18.85,1600,3700,300,1400,100,1900,2600,7600,500,3100,900,1800,1600,2600,1000,4400,2000,3000,3300,8900
58.0,18.76,21700,407385.0,18.75,18.74,18.73,18.72,18.68,18.64,18.61,18.6,18.59,18.58,18.76,18.77,18.78,18.79,18.8,18.81,18.82,18.83,18.84,18.85,1600,3700,300,1400,100,1900,2600,7600,500,3100,1900,1800,1600,2600,1000,4400,2000,3000,3300,8900
59.0,18.75,21800,409260.0,18.75,18.74,18.73,18.72,18.68,18.64,18.61,18.6,18.59,18.58,18.76,18.77,18.78,18.79,18.8,18.81,18.82,18.83,18.84,18.85,1400,3700,300,1400,100,1900,2600,7600,500,3100,1900,1800,1600,2600,1000,4400,2000,3000,3300,8900
60.0,18.75,21800,409260.0,18.75,18.74,18.73,18.72,18.68,18.64,18.61,18.6,18.59,18.58,18.76,18.77,18.78,18.79,18.8,18.81,18.82,18.83,18.84,18.85,2400,3700,300,1400,100,1900,2600,7600,500,3100,1900,1800,1600,2600,1000,4400,2000,3000,3300,8900
61.0,18.75,21800,409260.0,18.75,18.74,18.73,18.72,18.68,18.64,18.61,18.6,18.59,18.58,18.76,18.77,18.78,18.79,18.8,18.81,18.82,18.83,18.84,18.85,2400,3700,300,1400,100,1900,2600,7600,500,3100,2000,1800,1600,2600,1100,4400,2000,3000,3300,8900
62.0,18.75,21800,409260.0,18.75,18.74,18.73,18.72,18.68,18.64,18.61,18.6,18.59,18.58,18.76,18.77,18.78,18.79,18.8,18.81,18.82,18.83,18.84,18.85,2400,3700,300,1400,100,1900,2600,7600,500,3100,2000,1800,1600,2600,1100,4400,2000,3000,3300,8900
63.0,18.75,21800,409260.0,18.75,18.74,18.73,18.72,18.68,18.64,18.61,18.6,18.59,18.58,18.76,18.77,18.78,18.79,18.8,18.81,18.82,18.83,18.84,18.85,1800,3700,300,1000,100,1900,2600,7600,500,3100,2000,1800,1600,2600,1100,4400,2000,3000,3300,8900
64.0,18.75,22100,414885.0,18.75,18.74,18.73,18.72,18.68,18.64,18.61,18.6,18.59,18.58,18.76,18.77,18.78,18.79,18.8,18.81,18.82,18.83,18.84,18.85,1500,3700,300,1000,100,1900,2600,7600,500,3100,2700,1800,1600,2600,1100,4400,2000,3000,3300,8900
65.0,18.75,22100,414885.0,18.75,18.74,18.73,18.72,18.68,18.64,18.61,18.6,18.59,18.58,18.76,18.77,18.78,18.79,18.8,18.81,18.82,18.83,18.84,18.85,1500,3700,300,1000,100,1900,2600,7600,500,3100,2700,1800,1600,2600,1100,4400,2000,3000,3300,8900
66.0,18.75,22200,416760.0,18.75,18.74,18.73,18.72,18.68,18.64,18.61,18.6,18.59,18.58,18.76,18.77,18.78,18.79,18.8,18.81,18.82,18.83,18.84,18.85,1400,3700,300,1000,100,1900,2600,7600,500,3100,2700,1800,1600,2600,1100,4400,2000,3000,3300,8900
67.0,18.75,22300,418635.0,18.75,18.74,18.73,18.72,18.68,18.64,18.61,18.6,18.59,18.58,18.76,18.77,18.78,18.79,18.8,18.81,18.82,18.83,18.84,18.85,1300,3700,1000,1000,100,1900,2600,7600,500,3100,2700,1800,1600,2600,1100,4400,2000,3000,3300,8900
68.0,18.75,22300,418635.0,18.75,18.74,18.73,18.72,18.68,18.64,18.61,18.6,18.59,18.58,18.76,18.77,18.78,18.79,18.8,18.81,18.82,18.83,18.84,18.85,1600,3700,1000,1000,100,1900,2600,7600,500,3100,2700,1800,1600,2600,1100,4400,2000,3000,3300,8900
69.0,18.75,22300,418635.0,18.75,18.74,18.73,18.72,18.68,18.64,18.61,18.6,18.59,18.58,18.76,18.77,18.78,18.79,18.8,18.81,18.82,18.83,18.84,18.85,1600,3700,1000,1000,100,1900,2600,7600,500,3100,2700,1800,1600,2600,1100,4400,2000,3000,3300,8900
70.0,18.75,22300,418635.0,18.75,18.74,18.73,18.72,18.71,18.68,18.64,18.61,18.6,18.59,18.76,18.77,18.78,18.79,18.8,18.81,18.82,18.83,18.84,18.85,1600,3700,1000,1000,100,100,1900,2600,7600,500,2700,1800,1600,2600,1100,4400,2000,3000,3300,8900
71.0,18.75,22400,420510.0,18.75,18.74,18.73,18.72,18.71,18.68,18.64,18.61,18.6,18.59,18.76,18.77,18.78,18.79,18.8,18.81,18.82,18.83,18.84,18.85,1500,3700,1000,1000,100,100,1900,2600,7600,500,2700,1800,1600,2600,1100,4400,2000,3000,3300,8900
72.0,18.75,22400,420510.0,18.75,18.74,18.73,18.72,18.68,18.64,18.61,18.6,18.59,18.58,18.76,18.77,18.78,18.79,18.8,18.81,18.82,18.83,18.84,18.85,11500,3700,1000,1000,100,1900,2600,7600,500,3100,2700,1800,1600,2600,1100,4400,2000,3000,3300,8900
73.0,18.76,25600,480537.0,18.76,18.75,18.74,18.73,18.72,18.68,18.64,18.61,18.6,18.59,18.77,18.78,18.79,18.8,18.81,18.82,18.83,18.84,18.85,18.88,1900,11100,3700,1000,1000,100,1900,2600,7600,500,1800,1600,2600,1100,4400,2000,3000,3300,8900,1200
74.0,18.77,26400,495552.0,18.76,18.75,18.74,18.73,18.72,18.68,18.64,18.61,18.6,18.59,18.77,18.78,18.79,18.8,18.81,18.82,18.83,18.84,18.85,18.88,1800,11100,3700,1000,1000,100,1900,2600,7600,500,1100,1600,2600,1100,4400,2000,3000,3300,8900,1200
75.0,18.77,27800,521827.0,18.77,18.76,18.75,18.74,18.73,18.72,18.68,18.64,18.61,18.6,18.78,18.79,18.8,18.81,18.82,18.83,18.84,18.85,18.88,18.89,600,1500,11100,3700,1000,1000,100,1900,2600,7600,1600,2600,1100,4400,2000,3000,3300,8900,1200,4300
76.0,18.77,27800,521827.0,18.77,18.76,18.75,18.74,18.73,18.72,18.68,18.64,18.61,18.6,18.78,18.79,18.8,18.81,18.82,18.83,18.84,18.85,18.88,18.89,600,1500,11200,3700,1000,1000,100,1900,2600,7600,1600,2600,1100,4400,2000,3000,3300,8900,1200,4300
77.0,18.77,27800,521827.0,18.77,18.76,18.75,18.74,18.73,18.72,18.68,18.64,18.61,18.6,18.78,18.79,18.8,18.81,18.82,18.83,18.84,18.85,18.88,18.89,600,1500,11200,3700,1000,1000,100,1900,2600,7600,1600,2600,1100,4400,3000,3000,3300,8900,1200,4300
78.0,18.77,27800,521827.0,18.77,18.76,18.75,18.74,18.73,18.72,18.68,18.64,18.61,18.6,18.78,18.79,18.8,18.81,18.82,18.83,18.84,18.85,18.88,18.89,600,1500,11200,3700,1000,1000,100,1900,2600,7600,1600,2600,1100,4400,3000,3000,3300,8900,1200,4300
79.0,18.77,27800,521827.0,18.77,18.76,18.75,18.74,18.73,18.72,18.68,18.64,18.61,18.6,18.78,18.79,18.8,18.81,18.82,18.83,18.84,18.85,18.88,18.89,600,1500,11200,3700,1000,1000,100,1900,2600,7600,1600,2600,1100,4400,3000,3000,3300,8900,1200,4300
80.0,18.77,27800,521827.0,18.77,18.76,18.75,18.74,18.73,18.72,18.68,18.64,18.61,18.6,18.78,18.79,18.8,18.81,18.82,18.83,18.84,18.85,18.88,18.89,600,1500,11200,3700,1000,1000,100,1900,2600,7600,1600,2600,2600,4400,3000,3000,3300,8900,1200,4300
81.0,18.77,27800,521827.0,18.77,18.76,18.75,18.74,18.73,18.72,18.68,18.64,18.61,18.6,18.78,18.79,18.8,18.81,18.82,18.83,18.84,18.85,18.88,18.89,600,1500,12200,3700,1000,1000,100,1900,2600,7600,1600,2600,2600,4400,3000,3000,3300,8900,1200,4300
82.0,18.77,27800,521827.0,18.77,18.76,18.75,18.74,18.73,18.72,18.68,18.64,18.61,18.6,18.78,18.79,18.8,18.81,18.82,18.83,18.84,18.85,18.88,18.89,600,1500,12200,3700,1000,1000,100,1900,2600,7600,1600,2600,2600,4400,3000,3000,3300,8900,1200,4300
83.0,18.77,27800,521827.0,18.77,18.76,18.75,18.74,18.73,18.72,18.68,18.64,18.61,18.6,18.78,18.79,18.8,18.81,18.82,18.83,18.84,18.85,18.88,18.89,600,1500,12200,3700,1000,1000,100,1900,2600,7600,1600,2600,2500,4400,3000,3000,3300,8900,1200,4300
84.0,18.77,27800,521827.0,18.77,18.76,18.75,18.74,18.73,18.72,18.68,18.64,18.61,18.6,18.78,18.79,18.8,18.81,18.82,18.83,18.84,18.85,18.88,18.89,600,1500,12200,3700,1000,1000,100,1900,2600,7600,1600,2600,2500,4400,3000,3000,3300,8900,1200,4300
85.0,18.77,27800,521827.0,18.77,18.76,18.75,18.74,18.73,18.72,18.68,18.64,18.61,18.6,18.78,18.79,18.8,18.81,18.82,18.83,18.84,18.85,18.88,18.89,600,1500,12200,3700,1000,1000,100,1900,2600,7600,1600,2600,2500,4400,3000,3000,3300,8900,1200,4300
86.0,18.77,27900,523704.0,18.77,18.76,18.75,18.74,18.73,18.72,18.68,18.64,18.61,18.6,18.78,18.79,18.8,18.81,18.82,18.83,18.84,18.85,18.88,18.89,500,1500,12200,3700,1000,1000,100,1900,2600,7600,1600,2600,2500,4400,3000,3000,3300,8900,1200,4300
87.0,18.78,28100,527460.0,18.77,18.76,18.75,18.74,18.73,18.72,18.68,18.64,18.61,18.6,18.78,18.79,18.8,18.81,18.82,18.83,18.84,18.85,18.88,18.89,500,1500,12200,3700,1000,1000,100,1900,2600,7600,1400,2600,7900,4400,3000,3000,3300,8900,1200,4300
88.0,18.78,28500,534972.0,18.77,18.75,18.74,18.73,18.72,18.68,18.64,18.61,18.6,18.59,18.78,18.79,18.8,18.81,18.82,18.83,18.84,18.85,18.88,18.89,500,12400,3700,1000,1000,100,1900,2600,7600,500,1000,2600,7900,4400,3000,3000,3300,8900,1200,4300
89.0,18.78,28500,534972.0,18.77,18.75,18.74,18.73,18.72,18.68,18.64,18.61,18.6,18.59,18.78,18.79,18.8,18.81,18.82,18.83,18.84,18.85,18.88,18.89,500,12400,3700,1000,1000,100,1900,2600,7600,500,1000,2600,7900,4400,3000,3000,3300,8900,1200,4300
90.0,18.78,28500,534972.0,18.77,18.75,18.74,18.73,18.72,18.68,18.64,18.61,18.6,18.59,18.78,18.79,18.8,18.81,18.82,18.83,18.84,18.85,18.88,18.89,500,12400,3700,1000,1000,100,1900,2600,7600,500,1000,2600,7900,4400,3000,3000,3300,8900,1200,4300
91.0,18.77,29100,546235.0,18.75,18.74,18.73,18.72,18.68,18.64,18.61,18.6,18.59,18.58,18.77,18.78,18.79,18.8,18.81,18.82,18.83,18.84,18.85,18.88,11700,3700,1000,1000,100,1900,2600,7600,500,3100,500,900,2600,7900,4400,3000,3000,3300,8900,1200
92.0,18.77,29500,553743.0,18.75,18.74,18.73,18.72,18.68,18.64,18.61,18.6,18.59,18.58,18.77,18.78,18.79,18.8,18.81,18.82,18.83,18.84,18.85,18.88,11700,3700,1000,1000,100,1900,2600,7600,500,3100,5100,900,2600,7900,4400,3000,3000,3300,8900,1200
93.0,18.75,30000,563118.0,18.75,18.74,18.73,18.72,18.68,18.64,18.61,18.6,18.59,18.58,18.77,18.78,18.79,18.8,18.81,18.82,18.83,18.84,18.85,18.88,11200,3700,1000,1000,100,1900,2600,7600,500,3100,5100,900,2600,7900,4400,3000,3000,3300,8900,1200
94.0,18.75,30000,563118.0,18.75,18.74,18.73,18.72,18.68,18.64,18.61,18.6,18.59,18.58,18.77,18.78,18.79,18.8,18.81,18.82,18.83,18.84,18.85,18.88,11200,3700,1000,1000,100,1900,2600,7600,500,3100,5100,900,2600,7900,4400,3000,3000,3300,8900,1200
95.0,18.75,30500,572493.0,18.75,18.74,18.73,18.72,18.68,18.64,18.61,18.6,18.59,18.58,18.77,18.78,18.79,18.8,18.81,18.82,18.83,18.84,18.85,18.88,10800,3700,1000,1000,100,1900,2600,7600,500,3100,5100,900,2600,7900,4400,3000,3000,3300,8900,1200
96.0,18.75,31000,581868.0,18.75,18.74,18.73,18.72,18.68,18.64,18.61,18.6,18.59,18.58,18.77,18.78,18.79,18.8,18.81,18.82,18.83,18.84,18.85,18.88,10500,3700,1000,1000,100,1900,2600,7600,500,3100,5100,900,400,7900,4400,3000,3000,3300,8900,1200
97.0,18.75,31000,581868.0,18.75,18.74,18.73,18.72,18.68,18.64,18.61,18.6,18.59,18.58,18.77,18.78,18.79,18.8,18.81,18.82,18.83,18.84,18.85,18.88,10500,3700,1000,1000,100,1900,2600,7600,500,3100,5100,900,400,7900,4400,3000,3000,3300,8900,1200
98.0,18.75,32000,600618.0,18.75,18.74,18.73,18.72,18.68,18.64,18.61,18.6,18.59,18.58,18.77,18.78,18.79,18.8,18.81,18.82,18.83,18.84,18.85,18.88,9500,3700,1000,1000,100,1900,2600,7600,500,3100,5100,900,400,7900,4400,3000,3000,3300,8900,1200
99.0,18.75,32000,600618.0,18.75,18.74,18.73,18.72,18.68,18.64,18.61,18.6,18.59,18.58,18.77,18.78,18.79,18.8,18.81,18.82,18.83,18.84,18.85,18.88,9500,3700,1000,1000,100,1900,2600,7600,500,3100,5100,900,400,7900,4400,3000,3000,3300,8900,1200
100.0,18.75,32500,609993.0,18.75,18.74,18.73,18.72,18.68,18.64,18.61,18.6,18.59,18.58,18.77,18.78,18.79,18.8,18.81,18.82,18.83,18.84,18.85,18.88,9000,3700,1000,1000,100,1900,2600,7600,500,3100,5100,900,400,7900,4400,3000,3000,3300,8900,1200
101.0,18.75,32500,609993.0,18.75,18.74,18.73,18.72,18.68,18.64,18.61,18.6,18.59,18.58,18.77,18.78,18.79,18.8,18.81,18.82,18.83,18.84,18.85,18.88,9000,3700,1000,1000,100,1900,2600,7600,500,3100,5100,900,400,7900,4400,3000,3000,3300,8900,1200
102.0,18.75,33000,619368.0,18.75,18.74,18.73,18.72,18.68,18.64,18.61,18.6,18.59,18.58,18.77,18.78,18.79,18.8,18.81,18.82,18.83,18.84,18.85,18.88,8500,3700,1000,1000,100,1900,2600,7600,500,3100,5100,900,400,7900,4400,3000,3000,3300,8900,1200
103.0,18.75,33500,628743.0,18.75,18.74,18.73,18.72,18.68,18.64,18.61,18.6,18.59,18.58,18.77,18.78,18.79,18.8,18.81,18.82,18.83,18.84,18.85,18.88,8000,3700,1000,1000,100,1900,2600,7600,500,3100,5100,900,400,7900,4400,3000,3000,3300,8900,1200
104.0,18.75,33500,628743.0,18.75,18.74,18.73,18.72,18.68,18.64,18.61,18.6,18.59,18.58,18.77,18.78,18.79,18.8,18.81,18.82,18.83,18.84,18.85,18.88,8000,3700,1000,1000,100,1900,2600,7600,500,3100,5100,900,400,7900,4400,3000,3000,3300,8900,1200
105.0,18.75,33500,628743.0,18.75,18.74,18.73,18.72,18.68,18.65,18.64,18.61,18.6,18.59,18.77,18.78,18.79,18.8,18.81,18.82,18.83,18.84,18.85,18.88,8000,3700,1000,1000,100,500,1900,2600,7600,500,5100,900,400,7900,4400,3000,3000,3300,8900,1200
106.0,18.75,34000,638118.0,18.75,18.74,18.73,18.72,18.68,18.65,18.64,18.61,18.6,18.59,18.77,18.78,18.79,18.8,18.81,18.82,18.83,18.84,18.85,18.88,7500,3700,1000,1000,100,500,1900,2100,7600,500,6200,900,400,7900,4400,3000,3000,3300,8900,1200
107.0,18.75,34000,638118.0,18.75,18.74,18.73,18.72,18.68,18.65,18.64,18.61,18.6,18.59,18.77,18.78,18.79,18.8,18.81,18.82,18.83,18.84,18.85,18.88,7500,3700,1000,1000,100,500,1900,2100,7600,500,6200,900,400,7900,4400,3000,3000,3300,8900,1200
108.0,18.75,34000,638118.0,18.75,18.74,18.73,18.72,18.68,18.65,18.64,18.61,18.6,18.59,18.77,18.78,18.79,18.8,18.81,18.82,18.83,18.84,18.85,18.88,7500,3700,1000,1000,100,500,1900,2100,7600,500,6200,900,400,7900,4400,3000,3000,3300,8900,1200
109.0,18.75,35500,666243.0,18.75,18.74,18.73,18.72,18.68,18.65,18.64,18.61,18.6,18.59,18.77,18.78,18.79,18.8,18.81,18.82,18.83,18.84,18.85,18.88,6000,3700,1000,1000,100,500,1900,2100,7600,500,6200,900,400,7900,4400,3000,3000,3300,8900,1200
110.0,18.75,36000,675618.0,18.75,18.74,18.73,18.72,18.68,18.65,18.64,18.61,18.6,18.59,18.77,18.78,18.79,18.8,18.81,18.82,18.83,18.84,18.85,18.88,5500,3700,1000,1000,100,500,1900,2100,7600,500,6200,900,400,7900,4400,3000,3000,3300,8900,1200
111.0,18.75,36000,675618.0,18.75,18.74,18.73,18.72,18.68,18.65,18.64,18.61,18.6,18.59,18.76,18.77,18.78,18.79,18.8,18.81,18.82,18.83,18.84,18.85,5500,3700,1000,1000,100,500,1900,2100,7600,500,100,6200,900,400,7900,4400,3000,3000,3300,8900
112.0,18.77,36200,679371.0,18.76,18.75,18.74,18.73,18.72,18.68,18.65,18.64,18.61,18.6,18.77,18.78,18.79,18.8,18.81,18.82,18.83,18.84,18.85,18.88,300,5500,3700,1000,1000,100,500,1900,2100,7600,6100,900,400,7900,4400,3000,3000,3300,8900,1200
113.0,18.77,36200,679371.0,18.76,18.75,18.74,18.73,18.72,18.68,18.65,18.64,18.61,18.6,18.77,18.78,18.79,18.8,18.81,18.82,18.83,18.84,18.85,18.88,300,5400,3700,1000,1000,100,500,1900,2100,7600,6100,900,400,7900,4400,3000,3000,3300,8900,1200
114.0,18.77,36200,679371.0,18.76,18.75,18.74,18.73,18.72,18.68,18.65,18.64,18.61,18.6,18.77,18.78,18.79,18.8,18.81,18.82,18.83,18.84,18.85,18.88,300,5400,3700,1000,1000,100,500,1900,2100,7600,6100,900,400,7900,4400,3000,3000,3300,8900,1200
115.0,18.77,36200,679371.0,18.76,18.75,18.74,18.73,18.72,18.68,18.65,18.64,18.61,18.6,18.77,18.78,18.79,18.8,18.81,18.82,18.83,18.84,18.85,18.88,300,5400,3700,1000,1000,100,500,1900,2100,7600,6100,900,400,7900,4400,3000,3000,3300,8900,1200
116.0,18.77,36200,679371.0,18.76,18.75,18.74,18.73,18.72,18.68,18.65,18.64,18.61,18.6,18.77,18.78,18.79,18.8,18.81,18.82,18.83,18.84,18.85,18.88,300,5400,3700,1000,1000,100,500,1900,2100,7700,6100,900,400,7900,4400,3000,3000,3300,8900,1200
117.0,18.77,36200,679371.0,18.76,18.75,18.74,18.73,18.72,18.68,18.65,18.64,18.61,18.6,18.77,18.78,18.79,18.8,18.81,18.82,18.83,18.84,18.85,18.88,300,5400,3700,1000,1000,100,500,1900,2100,7700,6100,900,400,7900,4400,3000,3000,3300,8900,1200
118.0,18.77,36500,685002.0,18.76,18.75,18.74,18.73,18.72,18.68,18.65,18.64,18.61,18.6,18.77,18.78,18.79,18.8,18.81,18.82,18.83,18.84,18.85,18.88,300,5400,3700,1000,1000,100,500,1900,2100,7700,5800,900,400,7900,4400,3000,3000,3300,8900,1200
119.0,18.76,36900,692507.0,18.75,18.74,18.73,18.72,18.68,18.65,18.64,18.61,18.6,18.59,18.76,18.77,18.78,18.79,18.8,18.81,18.82,18.83,18.84,18.85,5400,3700,1000,1000,100,500,1900,2100,7700,500,200,5700,900,400,7900,4400,3000,3000,3300,8900
120.0,18.77,37300,700013.0,18.75,18.74,18.73,18.72,18.68,18.65,18.64,18.61,18.6,18.59,18.77,18.78,18.79,18.8,18.81,18.82,18.83,18.84,18.85,18.88,5400,3700,1000,1000,100,500,1900,2100,7700,500,5500,900,400,7900,4400,3000,3000,3300,8900,1200
121.0,18.76,38600,724392.0,18.75,18.74,18.73,18.72,18.68,18.65,18.64,18.61,18.6,18.59,18.77,18.78,18.79,18.8,18.81,18.82,18.83,18.84,18.85,18.88,4400,3700,1000,1000,100,500,1900,2100,7700,500,5400,900,400,7900,4400,3000,3000,3300,8900,1200
122.0,18.75,39000,731892.0,18.75,18.74,18.73,18.72,18.68,18.65,18.64,18.61,18.6,18.59,18.77,18.78,18.79,18.8,18.81,18.82,18.83,18.84,18.85,18.88,4100,3700,1000,1000,100,500,1900,2100,7700,500,5400,900,400,7900,4400,3000,3000,3300,8900,1200
123.0,18.77,39500,741269.0,18.75,18.74,18.73,18.72,18.68,18.65,18.64,18.61,18.6,18.59,18.77,18.78,18.79,18.8,18.81,18.82,18.83,18.84,18.85,18.88,3500,3700,1000,1000,100,500,1900,2100,7700,500,5300,900,400,7900,4400,3000,3000,3300,8900,1200
124.0,18.77,39500,741269.0,18.75,18.74,18.73,18.72,18.68,18.65,18.64,18.61,18.6,18.59,18.77,18.78,18.79,18.8,18.81,18.82,18.83,18.84,18.85,18.88,3500,3700,1000,1000,100,500,1900,2100,7700,500,5300,900,400,7900,4400,3000,3000,3300,8900,1200
125.0,18.77,39700,745023.0,18.75,18.74,18.73,18.72,18.68,18.65,18.64,18.61,18.6,18.59,18.77,18.78,18.79,18.8,18.81,18.82,18.83,18.84,18.85,18.88,3500,3700,1000,1000,100,500,1900,2100,7700,500,5100,900,400,7900,4400,3000,3000,3300,8900,1200
126.0,18.75,40000,750648.0,18.75,18.74,18.73,18.72,18.68,18.65,18.64,18.61,18.6,18.59,18.77,18.78,18.79,18.8,18.81,18.82,18.83,18.84,18.85,18.88,3200,3700,1000,1000,100,500,1900,2100,7700,500,5100,900,400,7900,4400,3000,3000,3300,8900,1200
127.0,18.75,40000,750648.0,18.75,18.74,18.73,18.72,18.68,18.65,18.64,18.61,18.6,18.59,18.77,18.78,18.79,18.8,18.81,18.82,18.83,18.84,18.85,18.88,3200,3700,1000,1000,100,500,1900,2100,7700,500,5100,900,400,7900,4400,3000,3000,3300,8900,1200
128.0,18.78,45900,861399.0,18.77,18.75,18.74,18.73,18.72,18.68,18.65,18.64,18.61,18.6,18.78,18.79,18.8,18.81,18.82,18.83,18.84,18.85,18.88,18.89,100,3100,3700,1000,1000,100,500,1900,2100,7700,100,400,7900,4400,3000,3000,3300,8900,1200,5800
129.0,18.78,45900,861399.0,18.77,18.76,18.75,18.74,18.73,18.72,18.68,18.65,18.64,18.61,18.78,18.79,18.8,18.81,18.82,18.83,18.84,18.85,18.88,18.89,100,1000,3100,3700,1000,1000,100,500,1900,2100,100,400,7900,4400,3000,3000,3300,8900,1200,5800
130.0,18.78,46000,863277.0,18.78,18.77,18.76,18.75,18.74,18.73,18.72,18.68,18.65,18.64,18.79,18.8,18.81,18.82,18.83,18.84,18.85,18.88,18.89,18.9,400,100,1000,3100,3700,1000,1000,100,500,1900,400,7900,4400,3000,3000,3300,8900,1200,5800,9600
131.0,18.77,48000,900821.0,18.77,18.76,18.75,18.74,18.73,18.72,18.68,18.65,18.64,18.61,18.79,18.8,18.81,18.82,18.83,18.84,18.85,18.88,18.89,18.9,100,1000,3100,3700,1000,1000,100,500,1900,2100,400,7900,4400,3000,3000,3300,8900,1200,5800,9600
132.0,18.77,48000,900821.0,18.77,18.76,18.75,18.74,18.73,18.72,18.68,18.65,18.64,18.61,18.79,18.8,18.81,18.82,18.83,18.84,18.85,18.88,18.89,18.9,300,1000,3100,3700,1000,1000,100,500,1900,2100,400,7900,4400,3000,3000,3300,8900,1200,5800,9600
133.0,18.77,48000,900821.0,18.77,18.76,18.75,18.74,18.73,18.72,18.68,18.65,18.64,18.61,18.79,18.8,18.81,18.82,18.83,18.84,18.85,18.88,18.89,18.9,300,1000,3100,3700,1000,1000,100,500,1900,2100,400,7900,4400,3000,3000,3300,8900,1200,5800,9600
134.0,18.77,48000,900821.0,18.77,18.76,18.75,18.74,18.73,18.72,18.71,18.68,18.65,18.64,18.79,18.8,18.81,18.82,18.83,18.84,18.85,18.88,18.89,18.9,400,1000,3100,3700,1000,1000,300,100,500,1900,400,7900,4400,3000,3000,3300,8900,1200,5800,9600
135.0,18.77,48000,900821.0,18.77,18.76,18.75,18.74,18.73,18.72,18.71,18.68,18.65,18.64,18.79,18.8,18.81,18.82,18.83,18.84,18.85,18.88,18.89,18.9,400,1000,3100,3700,1000,1000,300,100,500,1900,400,7900,4400,3000,3000,3300,8900,1200,5800,9600
136.0,18.77,48000,900821.0,18.77,18.76,18.75,18.74,18.73,18.72,18.71,18.68,18.65,18.64,18.79,18.8,18.81,18.82,18.83,18.84,18.85,18.88,18.89,18.9,400,1000,3100,3700,1000,1000,300,100,500,1900,400,7900,4400,3000,3000,3300,8900,1200,5800,9600
137.0,18.77,48000,900821.0,18.77,18.76,18.75,18.74,18.73,18.72,18.71,18.68,18.65,18.64,18.79,18.8,18.81,18.82,18.83,18.84,18.85,18.88,18.89,18.9,400,1000,3100,3700,1000,1000,300,100,500,1900,400,7900,4400,3000,3000,3300,8900,1200,5800,9600
138.0,18.77,48000,900821.0,18.77,18.76,18.75,18.74,18.73,18.72,18.71,18.68,18.65,18.64,18.79,18.8,18.81,18.82,18.83,18.84,18.85,18.88,18.89,18.9,400,1000,3100,3700,1000,1000,300,100,500,1900,400,7900,4400,3000,3000,3300,8900,1200,5800,9600
139.0,18.77,48000,900821.0,18.77,18.76,18.75,18.74,18.73,18.72,18.71,18.68,18.65,18.64,18.79,18.8,18.81,18.82,18.83,18.84,18.85,18.88,18.89,18.9,400,1000,3100,3700,1000,1000,300,100,500,1900,400,7900,4400,3000,3000,3300,8900,1200,5800,9600
140.0,18.77,48000,900821.0,18.77,18.76,18.75,18.74,18.73,18.72,18.71,18.68,18.65,18.64,18.79,18.8,18.81,18.82,18.83,18.84,18.85,18.88,18.89,18.9,400,1000,3100,3700,1000,1000,300,100,500,1900,400,7900,4400,3000,3000,3300,8900,1200,5800,9600
141.0,18.77,48000,900821.0,18.77,18.76,18.75,18.74,18.73,18.72,18.71,18.68,18.65,18.64,18.79,18.8,18.81,18.82,18.83,18.84,18.85,18.88,18.89,18.9,400,1000,3100,3700,1000,1000,300,100,500,1900,400,7900,4400,3000,3000,3300,8900,1200,5800,9600
142.0,18.77,48000,900821.0,18.77,18.76,18.75,18.74,18.73,18.72,18.71,18.68,18.65,18.64,18.79,18.8,18.81,18.82,18.83,18.84,18.85,18.88,18.89,18.9,400,1000,3100,3700,1000,1000,300,100,500,1900,400,7900,4400,3000,3000,3300,8900,1200,5800,9600
143.0,18.77,48000,900821.0,18.77,18.76,18.75,18.74,18.73,18.72,18.71,18.68,18.65,18.64,18.79,18.8,18.81,18.82,18.83,18.84,18.85,18.88,18.89,18.9,1500,1000,3100,3700,1000,1000,300,100,500,1900,400,7900,4400,3000,3000,3300,8900,1200,5800,9600
144.0,18.77,48300,906452.0,18.77,18.76,18.75,18.74,18.73,18.72,18.71,18.68,18.65,18.64,18.79,18.8,18.81,18.82,18.83,18.84,18.85,18.88,18.89,18.9,1200,1000,3100,3700,1000,1000,300,100,500,1900,400,7900,4400,3000,3000,3300,8900,1200,5800,9600
145.0,18.77,48300,906452.0,18.77,18.76,18.75,18.74,18.73,18.72,18.71,18.68,18.65,18.64,18.79,18.8,18.81,18.82,18.83,18.84,18.85,18.88,18.89,18.9,1200,1000,3100,3700,1000,1000,300,100,500,1900,400,7900,4400,3000,3000,3300,8900,1200,5800,9600
146.0,18.77,48400,908329.0,18.77,18.76,18.75,18.74,18.73,18.72,18.71,18.68,18.65,18.64,18.79,18.8,18.81,18.82,18.83,18.84,18.85,18.88,18.89,18.9,1100,1000,3100,3700,1000,1000,300,100,500,1900,400,7900,4400,3000,3000,3300,8900,1200,5800,9600
147.0,18.77,48400,908329.0,18.77,18.76,18.75,18.74,18.73,18.72,18.71,18.68,18.65,18.64,18.79,18.8,18.81,18.82,18.83,18.84,18.85,18.88,18.89,18.9,1100,1000,3100,3700,1000,1000,300,100,500,1900,400,7900,4400,3000,3000,3300,8900,1200,5800,9600
148.0,18.77,49000,919591.0,18.77,18.76,18.75,18.74,18.73,18.72,18.71,18.68,18.65,18.64,18.79,18.8,18.81,18.82,18.83,18.84,18.85,18.88,18.89,18.9,500,1000,3100,3700,1000,1000,300,100,500,1900,400,7900,4400,3000,3000,3300,8900,1200,5800,9600
149.0,18.77,49100,921468.0,18.77,18.76,18.75,18.74,18.73,18.72,18.71,18.68,18.65,18.64,18.79,18.8,18.81,18.82,18.83,18.84,18.85,18.88,18.89,18.9,500,1000,3100,3700,1000,1000,300,100,500,1900,400,7900,4400,3000,3000,3300,8900,1200,5800,9600
150.0,18.77,49100,921468.0,18.77,18.76,18.75,18.74,18.73,18.72,18.71,18.68,18.65,18.64,18.79,18.8,18.81,18.82,18.83,18.84,18.85,18.88,18.89,18.9,500,1000,3100,3700,1000,1000,300,100,500,1900,400,7900,4400,3000,3000,3300,8900,1200,5800,9600
151.0,18.77,49100,921468.0,18.77,18.76,18.75,18.74,18.73,18.72,18.71,18.68,18.65,18.64,18.79,18.8,18.81,18.82,18.83,18.84,18.85,18.88,18.89,18.9,500,1000,3100,3700,1000,1000,300,100,500,1900,400,7900,4400,3000,3000,3300,8900,1200,5800,9600
152.0,18.77,49400,927099.0,18.77,18.76,18.75,18.74,18.73,18.72,18.71,18.68,18.65,18.64,18.79,18.8,18.81,18.82,18.83,18.84,18.85,18.88,18.89,18.9,200,1000,3100,3700,1000,1000,300,100,500,1900,400,7900,4400,3000,3000,3300,8900,1200,5800,9600
153.0,18.77,49400,927099.0,18.77,18.76,18.75,18.74,18.73,18.72,18.71,18.68,18.65,18.64,18.79,18.8,18.81,18.82,18.83,18.84,18.85,18.88,18.89,18.9,200,1000,3100,3700,1000,1000,300,100,500,1900,400,7900,4400,3000,3000,3300,8900,1200,5800,9600
154.0,18.79,49600,930857.0,18.77,18.76,18.75,18.74,18.73,18.72,18.71,18.68,18.65,18.64,18.79,18.8,18.81,18.82,18.83,18.84,18.85,18.88,18.89,18.9,200,1000,3100,3700,1000,1000,300,900,500,1900,200,7900,4400,3000,3000,3300,8900,1200,5800,9600
155.0,18.79,49600,930857.0,18.77,18.76,18.75,18.74,18.73,18.72,18.71,18.68,18.65,18.64,18.78,18.79,18.8,18.81,18.82,18.83,18.84,18.85,18.88,18.89,1500,1000,3100,3700,1000,1000,300,900,500,1900,100,200,7900,4400,3000,3000,3300,8900,1200,5800
156.0,18.78,50200,942121.0,18.77,18.76,18.75,18.74,18.73,18.72,18.71,18.68,18.65,18.64,18.79,18.8,18.81,18.82,18.83,18.84,18.85,18.88,18.89,18.9,1100,1000,3100,3700,1000,1000,300,900,500,1900,200,7900,4400,3000,3000,3300,8900,1200,5800,9600
157.0,18.78,50200,942121.0,18.77,18.76,18.75,18.74,18.73,18.72,18.71,18.68,18.65,18.64,18.79,18.8,18.81,18.82,18.83,18.84,18.85,18.88,18.89,18.9,1100,1000,3100,3700,1000,1000,300,900,500,1900,200,7900,4400,3000,3000,3300,8900,1200,5800,9600
158.0,18.77,50300,943998.0,18.77,18.76,18.75,18.74,18.73,18.72,18.71,18.68,18.65,18.64,18.79,18.8,18.81,18.82,18.83,18.84,18.85,18.88,18.89,18.9,1000,1000,3100,3700,1000,1000,300,900,500,1900,200,7900,4400,3000,3000,3300,8900,1200,5800,9600
159.0,18.77,50700,951506.0,18.77,18.76,18.75,18.74,18.73,18.72,18.71,18.68,18.65,18.64,18.79,18.8,18.81,18.82,18.83,18.84,18.85,18.88,18.89,18.9,600,1000,3100,3700,1000,1000,300,900,500,1900,200,7900,4400,3000,3000,3300,8900,1200,5800,9600
160.0,18.77,50700,951506.0,18.77,18.76,18.75,18.74,18.73,18.72,18.71,18.68,18.65,18.64,18.79,18.8,18.81,18.82,18.83,18.84,18.85,18.88,18.89,18.9,600,1000,3100,3700,1000,1000,300,900,500,1900,200,7900,4400,3000,3000,3300,8900,1200,5800,9600
161.0,18.77,50700,951506.0,18.77,18.76,18.75,18.74,18.73,18.72,18.71,18.68,18.65,18.64,18.79,18.8,18.81,18.82,18.83,18.84,18.85,18.88,18.89,18.9,600,1000,3100,3700,1000,1000,300,900,500,1900,200,7900,4400,3000,3000,3300,8900,1200,5800,9600
162.0,18.77,50700,951506.0,18.77,18.76,18.75,18.74,18.73,18.72,18.71,18.68,18.65,18.64,18.79,18.8,18.81,18.82,18.83,18.84,18.85,18.88,18.89,18.9,1500,1000,3100,3700,1000,1000,300,900,500,1900,200,7900,4400,3000,3000,3300,8900,1200,5800,9600
163.0,18.77,50800,953383.0,18.77,18.76,18.75,18.74,18.73,18.72,18.71,18.68,18.65,18.64,18.79,18.8,18.81,18.82,18.83,18.84,18.85,18.88,18.89,18.9,1400,1000,3100,3700,1000,1000,300,900,500,1900,200,7900,4400,3000,3000,3300,8900,1200,5800,9600
164.0,18.77,50900,955260.0,18.77,18.76,18.75,18.74,18.73,18.72,18.71,18.68,18.65,18.64,18.79,18.8,18.81,18.82,18.83,18.84,18.85,18.88,18.89,18.9,1300,1000,3100,3700,1000,1000,300,900,500,1900,2400,7900,4400,3000,3000,3300,8900,1200,5800,9600
165.0,18.77,51000,957137.0,18.77,18.76,18.75,18.74,18.73,18.72,18.71,18.68,18.65,18.64,18.79,18.8,18.81,18.82,18.83,18.84,18.85,18.88,18.89,18.9,1200,1000,3100,3700,1000,1000,300,900,500,1900,2400,7900,4400,3000,3000,3300,8900,1200,5800,9600
166.0,18.77,51000,957137.0,18.77,18.76,18.75,18.74,18.73,18.72,18.71,18.68,18.65,18.64,18.79,18.8,18.81,18.82,18.83,18.84,18.85,18.88,18.89,18.9,1200,1000,3100,3700,1000,1000,300,900,500,1900,2400,7900,4400,3000,3000,3300,8900,1200,5800,9600
167.0,18.77,51300,962768.0,18.77,18.76,18.75,18.74,18.73,18.72,18.71,18.68,18.65,18.64,18.79,18.8,18.81,18.82,18.83,18.84,18.85,18.88,18.89,18.9,900,1000,3100,3700,1000,1000,300,900,500,1900,2400,7900,4400,3000,3000,3300,8900,1200,5800,9600
168.0,18.77,51300,962768.0,18.77,18.76,18.75,18.74,18.73,18.72,18.71,18.68,18.65,18.64,18.79,18.8,18.81,18.82,18.83,18.84,18.85,18.88,18.89,18.9,900,1000,3100,3700,1000,1000,300,900,500,1900,2400,7900,4400,3000,3000,3300,8900,1200,5800,9600
169.0,18.77,51300,962768.0,18.77,18.76,18.75,18.74,18.73,18.72,18.71,18.68,18.65,18.64,18.79,18.8,18.81,18.82,18.83,18.84,18.85,18.88,18.89,18.9,900,1000,3100,3700,1000,1000,300,900,500,1900,2400,7900,4400,3000,3000,3300,8900,1200,5800,9600
170.0,18.77,51300,962768.0,18.77,18.76,18.75,18.74,18.73,18.72,18.71,18.68,18.65,18.64,18.79,18.8,18.81,18.82,18.83,18.84,18.85,18.88,18.89,18.9,900,1000,3100,3700,1000,1000,300,900,500,1900,2400,7900,4400,3000,3000,3300,8900,1200,5800,9600
171.0,18.77,51300,962768.0,18.77,18.76,18.75,18.74,18.73,18.72,18.71,18.68,18.65,18.64,18.79,18.8,18.81,18.82,18.83,18.84,18.85,18.88,18.89,18.9,900,1000,3100,3700,1000,1000,300,900,500,1900,2400,7900,4400,3000,3000,3300,8900,1200,5800,9600
172.0,18.77,51300,962768.0,18.77,18.76,18.75,18.74,18.73,18.72,18.71,18.68,18.65,18.64,18.79,18.8,18.81,18.82,18.83,18.84,18.85,18.88,18.89,18.9,900,1000,3100,3700,1000,1000,300,900,500,1900,2400,7900,4400,3000,3000,3300,8900,1200,5800,9600
173.0,18.77,51300,962768.0,18.77,18.76,18.75,18.74,18.73,18.72,18.71,18.68,18.65,18.64,18.79,18.8,18.81,18.82,18.83,18.84,18.85,18.88,18.89,18.9,900,1000,3100,3700,1000,1000,300,900,500,1900,2400,7900,4400,3000,3000,3300,8900,1200,5800,9600
174.0,18.77,51300,962768.0,18.77,18.76,18.75,18.74,18.73,18.72,18.71,18.68,18.65,18.64,18.79,18.8,18.81,18.82,18.83,18.84,18.85,18.88,18.89,18.9,900,1000,3100,3700,1000,1000,300,900,500,1900,2400,7900,4400,3000,3000,3300,8900,1200,5800,9600
175.0,18.77,52200,979661.0,18.76,18.75,18.74,18.73,18.72,18.71,18.68,18.65,18.64,18.61,18.77,18.79,18.8,18.81,18.82,18.83,18.84,18.85,18.88,18.89,1000,3100,3700,1000,1000,300,900,500,1900,2100,2100,2400,7900,4400,3000,3000,3300,8900,1200,5800
176.0,18.77,52200,979661.0,18.76,18.75,18.74,18.73,18.72,18.71,18.68,18.65,18.64,18.61,18.77,18.79,18.8,18.81,18.82,18.83,18.84,18.85,18.88,18.89,1000,3100,3700,1000,1000,300,900,500,1900,2100,2100,2400,7900,4400,3000,3000,3300,8900,1200,5800
177.0,18.76,52300,981537.0,18.76,18.75,18.74,18.73,18.72,18.71,18.68,18.65,18.64,18.61,18.77,18.79,18.8,18.81,18.82,18.83,18.84,18.85,18.88,18.89,900,3100,3700,1000,1000,300,900,500,1900,2100,2100,2400,7900,4400,3000,3000,3300,8900,1200,5800
178.0,18.76,52300,981537.0,18.76,18.75,18.74,18.73,18.72,18.71,18.68,18.65,18.64,18.61,18.77,18.79,18.8,18.81,18.82,18.83,18.84,18.85,18.88,18.89,900,3100,3700,1000,1000,300,900,500,1900,2100,2100,2400,7900,4400,3000,3000,3300,8900,1200,5800
179.0,18.78,55400,1039738.0,18.77,18.76,18.75,18.74,18.73,18.72,18.71,18.68,18.65,18.64,18.79,18.8,18.81,18.82,18.83,18.84,18.85,18.88,18.89,18.9,500,800,3100,3700,1000,1000,300,900,500,1900,1800,7900,4400,3000,3000,3300,8900,1200,5800,9600
180.0,18.78,55400,1039738.0,18.77,18.76,18.75,18.74,18.73,18.72,18.71,18.68,18.65,18.64,18.79,18.8,18.81,18.82,18.83,18.84,18.85,18.88,18.89,18.9,500,800,3100,3700,1000,1000,300,900,500,1900,1800,7900,4400,3000,3000,3300,8900,1200,5800,9600
181.0,18.78,55400,1039738.0,18.77,18.76,18.75,18.74,18.73,18.72,18.71,18.68,18.65,18.64,18.79,18.8,18.81,18.82,18.83,18.84,18.85,18.88,18.89,18.9,600,800,3100,3700,1000,1000,300,900,500,1900,1800,7900,4400,3000,3000,3300,8900,1200,5800,9600
182.0,18.78,55400,1039738.0,18.77,18.76,18.75,18.74,18.73,18.72,18.71,18.68,18.65,18.64,18.79,18.8,18.81,18.82,18.83,18.84,18.85,18.88,18.89,18.9,600,800,3100,3700,1000,1000,300,900,500,1900,1800,7900,4400,3000,3000,3300,8900,1200,5800,9600
183.0,18.78,55400,1039738.0,18.77,18.76,18.75,18.74,18.73,18.72,18.71,18.68,18.65,18.64,18.79,18.8,18.81,18.82,18.83,18.84,18.85,18.88,18.89,18.9,600,800,3100,3700,1000,1000,300,900,500,1900,1800,7900,4400,3000,3000,3300,8900,1200,5800,9600
184.0,18.78,55400,1039738.0,18.77,18.76,18.75,18.74,18.73,18.72,18.71,18.68,18.65,18.64,18.79,18.8,18.81,18.82,18.83,18.84,18.85,18.88,18.89,18.9,600,800,3100,3700,1000,1000,300,900,500,1900,1800,7900,4400,3000,3000,3300,8900,1200,5800,9600
185.0,18.78,55400,1039738.0,18.77,18.76,18.75,18.74,18.73,18.72,18.71,18.68,18.65,18.64,18.79,18.8,18.81,18.82,18.83,18.84,18.85,18.88,18.89,18.9,600,800,3100,3700,1000,1000,300,900,500,1900,1800,7900,4400,3000,3000,3300,8900,1200,5800,9600
186.0,18.78,55400,1039738.0,18.77,18.76,18.75,18.74,18.73,18.72,18.71,18.68,18.65,18.64,18.79,18.8,18.81,18.82,18.83,18.84,18.85,18.88,18.89,18.9,600,800,3100,3700,1000,1000,300,900,500,1900,1800,7900,4400,3000,3000,3300,8900,1200,5800,9600
187.0,18.78,59000,1107373.0,18.77,18.76,18.75,18.74,18.73,18.72,18.71,18.68,18.65,18.64,18.78,18.8,18.81,18.82,18.83,18.84,18.85,18.88,18.89,18.9,700,800,3000,3700,1000,1000,300,900,500,1900,3200,7900,4400,3000,3000,3300,8900,1200,5800,9600
188.0,18.78,59000,1107373.0,18.77,18.76,18.75,18.74,18.73,18.72,18.71,18.68,18.65,18.64,18.78,18.8,18.81,18.82,18.83,18.84,18.85,18.88,18.89,18.9,700,800,3000,3700,1000,1000,300,900,500,1900,3200,7900,4400,3000,3000,3300,8900,1200,5800,9600
189.0,18.78,61500,1154323.0,18.77,18.76,18.75,18.74,18.73,18.72,18.71,18.68,18.65,18.64,18.78,18.8,18.81,18.82,18.83,18.84,18.85,18.88,18.89,18.9,700,800,3000,3700,1000,1000,300,900,500,1900,700,7900,4400,3000,3000,3300,8900,1200,5800,9600
190.0,18.78,61800,1159957.0,18.77,18.76,18.75,18.74,18.73,18.72,18.71,18.68,18.65,18.64,18.78,18.8,18.81,18.82,18.83,18.84,18.85,18.88,18.89,18.9,800,800,3000,3700,1000,1000,300,900,500,1900,400,7900,4400,3000,3000,3300,8900,1200,5800,9600
191.0,18.78,62300,1169346.0,18.78,18.77,18.76,18.75,18.74,18.73,18.72,18.71,18.68,18.65,18.8,18.81,18.82,18.83,18.84,18.85,18.88,18.89,18.9,18.92,200,700,800,3000,3700,1000,1000,300,900,500,7900,4400,3000,3000,3300,8900,1200,5800,9600,4400
192.0,18.78,62300,1169346.0,18.78,18.77,18.76,18.75,18.74,18.73,18.72,18.71,18.68,18.65,18.8,18.81,18.82,18.83,18.84,18.85,18.88,18.89,18.9,18.92,200,700,800,3000,3700,1000,1000,300,900,500,7900,4400,3000,3000,3300,8900,1200,5800,9600,4400
193.0,18.77,62800,1178733.0,18.77,18.76,18.75,18.74,18.73,18.72,18.71,18.68,18.65,18.64,18.8,18.81,18.82,18.83,18.84,18.85,18.88,18.89,18.9,18.92,1300,800,3000,3700,1000,1000,300,900,500,1900,7900,4400,3000,3000,3300,8900,1200,5800,9600,4400
194.0,18.77,62900,1180610.0,18.77,18.76,18.75,18.74,18.73,18.72,18.71,18.68,18.65,18.64,18.8,18.81,18.82,18.83,18.84,18.85,18.88,18.89,18.9,18.92,1400,800,3000,3700,1000,1000,300,900,500,1900,8100,4400,3000,3000,3300,8900,1200,5800,9600,4400
195.0,18.77,62900,1180610.0,18.77,18.76,18.75,18.74,18.73,18.72,18.71,18.68,18.65,18.64,18.8,18.81,18.82,18.83,18.84,18.85,18.88,18.89,18.9,18.92,1600,800,3000,3700,1000,1000,300,900,500,1900,8300,4400,3000,3000,3300,8900,1200,5800,9600,4400
196.0,18.77,63000,1182487.0,18.77,18.76,18.75,18.74,18.73,18.72,18.71,18.68,18.65,18.64,18.8,18.81,18.82,18.83,18.84,18.85,18.88,18.89,18.9,18.92,1500,800,3000,3700,1000,1000,300,900,500,1900,8400,4400,3000,3000,3300,8900,1200,5800,9600,4400
197.0,18.77,63000,1182487.0,18.77,18.76,18.75,18.74,18.73,18.72,18.71,18.68,18.65,18.64,18.8,18.81,18.82,18.83,18.84,18.85,18.88,18.89,18.9,18.92,1700,800,3000,3700,1000,1000,300,900,500,1900,8500,4400,3000,3000,3300,8900,1200,5800,9600,4400
198.0,18.77,63000,1182487.0,18.77,18.76,18.75,18.74,18.73,18.72,18.71,18.68,18.65,18.64,18.8,18.81,18.82,18.83,18.84,18.85,18.88,18.89,18.9,18.92,1700,800,3000,3700,1000,1000,300,900,500,1900,8500,4400,3000,3000,3300,8900,1200,5800,9600,4400
199.0,18.77,63100,1184364.0,18.77,18.76,18.75,18.74,18.73,18.72,18.71,18.68,18.65,18.64,18.8,18.81,18.82,18.83,18.84,18.85,18.88,18.89,18.9,18.92,1800,800,3000,3700,1000,1000,300,900,500,1900,8600,4400,3000,3000,3300,8900,1200,5800,9600,4400
200.0,18.77,63100,1184364.0,18.77,18.76,18.75,18.74,18.73,18.72,18.71,18.68,18.65,18.64,18.8,18.81,18.82,18.83,18.84,18.85,18.88,18.89,18.9,18.92,1900,800,3000,3700,1000,1000,300,900,500,1900,8700,4400,3000,3000,3300,8900,1200,5800,9600,4400
201.0,18.77,63300,1188121.0,18.77,18.76,18.75,18.74,18.73,18.72,18.71,18.68,18.65,18.64,18.79,18.8,18.81,18.82,18.83,18.84,18.85,18.88,18.89,18.9,1900,800,3000,3700,1000,1000,300,900,500,1900,100,8700,4400,3000,3000,3300,8900,1200,5800,9600
202.0,18.77,63300,1188121.0,18.77,18.76,18.75,18.74,18.73,18.72,18.71,18.68,18.65,18.64,18.79,18.8,18.81,18.82,18.83,18.84,18.85,18.88,18.89,18.9,1900,1900,2000,3700,1000,1000,300,900,500,1900,100,8700,4400,3000,3000,3300,8900,1200,5800,9600
203.0,18.77,63700,1195629.0,18.77,18.76,18.75,18.74,18.73,18.72,18.71,18.68,18.65,18.64,18.79,18.8,18.81,18.82,18.83,18.84,18.85,18.88,18.89,18.9,1800,1900,2000,3700,1000,1000,300,900,500,1900,100,8700,4400,3000,3000,3300,8900,1200,5800,4300
204.0,18.77,63700,1195629.0,18.77,18.76,18.75,18.74,18.73,18.72,18.71,18.68,18.65,18.64,18.79,18.8,18.81,18.82,18.83,18.84,18.85,18.88,18.89,18.9,1800,1900,2000,3700,1000,1000,300,900,500,1900,100,8700,4400,3000,3000,3300,8900,1200,5800,4300
205.0,18.77,64300,1206891.0,18.77,18.76,18.75,18.74,18.73,18.72,18.71,18.68,18.65,18.64,18.79,18.8,18.81,18.82,18.83,18.84,18.85,18.88,18.89,18.9,1200,1900,2000,3700,1000,1000,300,900,500,1900,100,8700,4400,3000,3000,3300,8900,1200,5800,4300
206.0,18.77,64400,1208768.0,18.77,18.76,18.75,18.74,18.73,18.72,18.71,18.68,18.65,18.64,18.79,18.8,18.81,18.82,18.83,18.84,18.85,18.88,18.89,18.9,1100,1900,2000,3700,1000,1000,300,900,500,1900,100,8700,4400,3000,3000,3300,8900,1200,5800,4300
207.0,18.77,64400,1208768.0,18.77,18.76,18.75,18.74,18.73,18.72,18.71,18.68,18.65,18.64,18.79,18.8,18.81,18.82,18.83,18.84,18.85,18.88,18.89,18.9,1100,1900,2000,3700,1000,1000,300,900,500,1900,100,8700,4400,3000,3000,3300,8900,1200,5800,4300
208.0,18.77,64400,1208768.0,18.77,18.76,18.75,18.74,18.73,18.72,18.71,18.68,18.65,18.64,18.79,18.8,18.81,18.82,18.83,18.84,18.85,18.88,18.89,18.9,1100,1900,2000,3700,1000,1000,300,900,500,1900,100,8700,4400,3000,3000,3300,8900,1200,5800,4300
209.0,18.77,64600,1212522.0,18.77,18.76,18.75,18.74,18.73,18.72,18.71,18.68,18.65,18.64,18.79,18.8,18.81,18.82,18.83,18.84,18.85,18.88,18.89,18.9,900,1900,2000,3700,1000,1000,300,100,500,1900,100,8700,4400,3000,3000,3300,8900,1200,5800,4300
210.0,18.77,64600,1212522.0,18.77,18.76,18.75,18.74,18.73,18.72,18.71,18.68,18.65,18.64,18.79,18.8,18.81,18.82,18.83,18.84,18.85,18.88,18.89,18.9,900,1900,2000,3700,1000,1000,300,100,500,1900,100,8700,4400,3000,3000,3300,8900,1200,5800,4300
211.0,18.77,64600,1212522.0,18.77,18.76,18.75,18.74,18.73,18.72,18.71,18.68,18.65,18.64,18.79,18.8,18.81,18.82,18.83,18.84,18.85,18.88,18.89,18.9,900,1900,2000,3700,1000,1000,300,100,500,1900,100,8700,4400,3000,3000,3300,8900,1200,5800,4300
212.0,18.77,64600,1212522.0,18.77,18.76,18.75,18.74,18.73,18.72,18.71,18.68,18.65,18.64,18.79,18.8,18.81,18.82,18.83,18.84,18.85,18.88,18.89,18.9,900,1900,2000,3700,1000,1000,300,100,500,1900,100,8700,4400,3000,3000,3300,8900,1200,5800,4300
213.0,18.77,64600,1212522.0,18.77,18.76,18.75,18.74,18.73,18.72,18.71,18.68,18.65,18.64,18.79,18.8,18.81,18.82,18.83,18.84,18.85,18.88,18.89,18.9,900,2900,2000,3700,1000,1000,300,100,500,1900,1500,8700,4400,3000,3000,3300,8900,1200,5800,4300
214.0,18.77,64600,1212522.0,18.77,18.76,18.75,18.74,18.73,18.72,18.71,18.68,18.65,18.64,18.79,18.8,18.81,18.82,18.83,18.84,18.85,18.88,18.89,18.9,900,2900,2000,3700,1000,1000,300,100,500,1900,1500,8700,4400,3000,3000,3300,8900,1200,5800,4300
215.0,18.77,64700,1214399.0,18.77,18.76,18.75,18.74,18.73,18.72,18.71,18.68,18.65,18.64,18.79,18.8,18.81,18.82,18.83,18.84,18.85,18.88,18.89,18.9,800,2900,2000,3700,1000,1000,300,100,500,1900,1500,8700,4400,3000,3000,3300,8900,1200,5800,4300
216.0,18.79,64800,1216278.0,18.77,18.76,18.75,18.74,18.73,18.72,18.71,18.68,18.65,18.64,18.79,18.8,18.81,18.82,18.83,18.84,18.85,18.88,18.89,18.9,800,2900,2000,3700,1000,1000,300,100,500,1900,1400,8700,4400,3000,3000,3300,8900,1200,5800,4300
217.0,18.79,64800,1216278.0,18.77,18.76,18.75,18.74,18.73,18.72,18.71,18.68,18.65,18.64,18.79,18.8,18.81,18.82,18.83,18.84,18.85,18.88,18.89,18.9,800,2900,2000,3700,1000,1000,300,100,500,1900,1400,8700,4400,3000,3000,3300,8900,1200,5800,4300
218.0,18.79,64800,1216278.0,18.77,18.76,18.75,18.74,18.73,18.72,18.71,18.68,18.65,18.64,18.79,18.8,18.81,18.82,18.83,18.84,18.85,18.88,18.89,18.9,800,2900,2000,3700,1000,1000,300,100,500,1900,1400,8700,4400,3000,3000,3300,8900,1200,5800,4300
219.0,18.79,64800,1216278.0,18.77,18.76,18.75,18.74,18.73,18.72,18.71,18.68,18.65,18.64,18.79,18.8,18.81,18.82,18.83,18.84,18.85,18.88,18.89,18.9,800,2900,2000,3700,1000,1000,300,100,500,1900,1400,8700,4400,3000,3000,3300,8900,1200,5800,4300
220.0,18.79,64800,1216278.0,18.77,18.76,18.75,18.74,18.73,18.72,18.71,18.68,18.65,18.64,18.79,18.8,18.81,18.82,18.83,18.84,18.85,18.88,18.89,18.9,800,2900,2000,3700,1000,1000,300,100,500,1900,1400,8700,4400,3000,3000,3300,8900,1200,5800,4300
221.0,18.79,64800,1216278.0,18.77,18.76,18.75,18.74,18.73,18.72,18.71,18.68,18.65,18.64,18.79,18.8,18.81,18.82,18.83,18.84,18.85,18.88,18.89,18.9,800,2900,2000,3700,1000,1000,300,100,500,1900,1400,8700,100,3000,3000,3300,8900,1200,5800,4300
222.0,18.79,64800,1216278.0,18.77,18.76,18.75,18.74,18.73,18.72,18.71,18.68,18.65,18.64,18.79,18.8,18.81,18.82,18.83,18.84,18.85,18.88,18.89,18.9,800,2900,2000,3700,1000,1000,300,100,500,1900,1400,8700,100,3000,3000,3300,8900,1200,5800,4300
223.0,18.79,64800,1216278.0,18.77,18.76,18.75,18.74,18.73,18.72,18.71,18.68,18.65,18.64,18.79,18.8,18.81,18.82,18.83,18.84,18.85,18.88,18.89,18.9,800,2900,2000,3700,1000,1000,300,100,500,1900,1400,8700,100,3000,3000,3300,8900,1200,5800,4300
224.0,18.79,64800,1216278.0,18.77,18.76,18.75,18.74,18.73,18.72,18.71,18.68,18.65,18.64,18.79,18.8,18.81,18.82,18.83,18.84,18.85,18.88,18.89,18.9,800,2900,2000,3700,1000,1000,300,100,500,1900,1400,8700,100,3000,3000,3300,8900,1200,5800,4300
225.0,18.79,64800,1216278.0,18.77,18.76,18.75,18.74,18.73,18.72,18.71,18.68,18.65,18.64,18.79,18.8,18.81,18.82,18.83,18.84,18.85,18.88,18.89,18.9,800,2900,2000,3700,1000,1000,300,100,500,1900,1400,8700,100,3000,3000,3300,8900,1200,5800,4300
226.0,18.77,64900,1218155.0,18.77,18.76,18.75,18.74,18.73,18.72,18.71,18.68,18.65,18.64,18.79,18.8,18.81,18.82,18.83,18.84,18.85,18.88,18.89,18.9,700,2900,2000,3700,1000,1000,300,100,500,1900,1400,8700,100,3000,3000,3300,8900,1200,5800,4300
227.0,18.77,64900,1218155.0,18.77,18.76,18.75,18.74,18.73,18.72,18.71,18.68,18.65,18.64,18.79,18.8,18.81,18.82,18.83,18.84,18.85,18.88,18.89,18.9,700,2900,2000,3700,1000,1000,300,100,500,1900,1400,8700,100,3000,3000,3300,8900,1200,5800,4300
228.0,18.77,64900,1218155.0,18.77,18.76,18.75,18.74,18.73,18.72,18.71,18.68,18.65,18.64,18.79,18.8,18.81,18.82,18.83,18.84,18.85,18.88,18.89,18.9,700,2900,2000,3700,1000,1000,300,100,500,1900,1400,8700,100,3000,3000,3300,8900,1200,5800,4300
229.0,18.77,64900,1218155.0,18.77,18.76,18.75,18.74,18.73,18.72,18.71,18.68,18.65,18.64,18.79,18.8,18.81,18.82,18.83,18.84,18.85,18.88,18.89,18.9,700,2900,2000,3700,1000,1000,300,100,500,1900,1400,8700,100,3000,3000,3300,8900,1200,5800,4300
230.0,18.77,64900,1218155.0,18.77,18.76,18.75,18.74,18.73,18.72,18.71,18.68,18.65,18.64,18.79,18.8,18.81,18.82,18.83,18.84,18.85,18.88,18.89,18.9,700,2900,2000,3700,1000,1000,300,100,500,1900,1400,8700,100,3000,3000,3300,8900,1200,5800,4300
231.0,18.77,64900,1218155.0,18.77,18.76,18.75,18.74,18.73,18.72,18.71,18.68,18.65,18.64,18.79,18.8,18.81,18.82,18.83,18.84,18.85,18.88,18.89,18.9,700,2900,2000,3700,1000,1000,300,100,500,1900,1400,8700,100,3000,3000,3300,8900,1200,5800,4300
232.0,18.77,64900,1218155.0,18.77,18.76,18.75,18.74,18.73,18.72,18.71,18.68,18.65,18.64,18.79,18.8,18.81,18.82,18.83,18.84,18.85,18.88,18.89,18.9,700,2900,2000,3700,1000,1000,300,100,500,1900,1400,8700,100,3000,3000,3300,8900,1200,5800,4300
233.0,18.77,64900,1218155.0,18.77,18.76,18.75,18.74,18.73,18.72,18.71,18.68,18.65,18.64,18.78,18.79,18.8,18.81,18.82,18.83,18.84,18.85,18.88,18.89,700,2900,2000,3700,1000,1000,300,100,500,1900,5300,1500,8700,100,3000,3000,3300,8900,1200,5800
234.0,18.77,64900,1218155.0,18.77,18.76,18.75,18.74,18.73,18.72,18.71,18.68,18.65,18.64,18.78,18.79,18.8,18.81,18.82,18.83,18.84,18.85,18.88,18.89,700,2900,2000,3700,1000,1000,300,100,500,1900,5300,1500,8700,100,3000,3000,3300,8900,1200,5800
235.0,18.77,64900,1218155.0,18.77,18.76,18.75,18.74,18.73,18.72,18.71,18.68,18.65,18.64,18.78,18.79,18.8,18.81,18.82,18.83,18.84,18.85,18.88,18.89,700,2900,2000,3700,1000,1000,300,100,500,1900,5300,1500,8700,100,3000,3000,3300,8900,1200,5800
236.0,18.77,64900,1218155.0,18.77,18.76,18.75,18.74,18.73,18.72,18.71,18.68,18.65,18.64,18.78,18.79,18.8,18.81,18.82,18.83,18.84,18.85,18.88,18.89,700,2900,2000,3700,1000,1000,300,100,500,1900,5300,2400,8700,100,3000,3000,3300,8900,1200,5800
237.0,18.77,64900,1218155.0,18.77,18.76,18.75,18.74,18.73,18.72,18.71,18.68,18.65,18.64,18.78,18.79,18.8,18.81,18.82,18.83,18.84,18.85,18.88,18.89,700,2900,2000,3700,1000,1000,300,100,500,1900,5300,2400,8700,100,3000,3000,3300,8900,1200,5800
238.0,18.77,65000,1220032.0,18.77,18.76,18.75,18.74,18.73,18.72,18.71,18.68,18.65,18.64,18.78,18.79,18.8,18.81,18.82,18.83,18.84,18.85,18.88,18.89,600,2900,2000,3700,1000,1000,300,100,500,1900,5300,2400,8700,100,3000,3000,3300,8900,1200,5800
239.0,18.77,65000,1220032.0,18.77,18.76,18.75,18.74,18.73,18.72,18.71,18.68,18.65,18.64,18.78,18.79,18.8,18.81,18.82,18.83,18.84,18.85,18.88,18.89,600,1900,2000,3700,1000,1000,300,100,500,1900,5300,2400,8700,100,3000,3000,3300,8900,1200,5800
240.0,18.77,65000,1220032.0,18.77,18.76,18.75,18.74,18.73,18.72,18.71,18.68,18.65,18.64,18.78,18.79,18.8,18.81,18.82,18.83,18.84,18.85,18.88,18.89,600,1900,2000,3700,1000,1200,300,100,500,1900,5300,2400,8700,100,3000,3000,3300,8900,1200,5800
241.0,18.77,65000,1220032.0,18.77,18.76,18.75,18.74,18.73,18.72,18.71,18.68,18.65,18.64,18.78,18.79,18.8,18.81,18.82,18.83,18.84,18.85,18.88,18.89,2000,1900,2000,3700,1000,1200,300,100,500,1900,5300,2400,8700,100,3000,3000,3300,8900,1200,5800
242.0,18.78,65700,1233176.0,18.77,18.76,18.75,18.74,18.73,18.72,18.71,18.68,18.65,18.64,18.78,18.79,18.8,18.81,18.82,18.83,18.84,18.85,18.88,18.89,1800,1900,2000,3700,1000,1200,300,100,500,1900,4800,2400,8700,100,3000,3000,3300,8900,1200,5800
243.0,18.78,65700,1233176.0,18.77,18.76,18.75,18.74,18.73,18.72,18.71,18.68,18.65,18.64,18.78,18.79,18.8,18.81,18.82,18.83,18.84,18.85,18.88,18.89,1800,1900,2000,3700,1000,1200,300,100,500,1900,4800,2400,8700,100,3000,3000,3300,8900,1200,5800
244.0,18.78,65700,1233176.0,18.77,18.76,18.75,18.74,18.73,18.72,18.71,18.68,18.65,18.64,18.78,18.79,18.8,18.81,18.82,18.83,18.84,18.85,18.88,18.89,1800,1900,2000,3700,1000,1200,300,100,500,1900,4800,2400,8700,100,3000,3000,3300,8900,1200,5800
245.0,18.78,65700,1233176.0,18.77,18.76,18.75,18.74,18.73,18.72,18.71,18.68,18.65,18.64,18.78,18.79,18.8,18.81,18.82,18.83,18.84,18.85,18.88,18.89,1800,1900,2000,3700,1000,1200,300,100,500,1900,4800,2400,8700,100,3000,3000,3300,8900,1200,5800
246.0,18.77,65900,1236930.0,18.77,18.76,18.75,18.74,18.73,18.72,18.71,18.68,18.65,18.64,18.78,18.79,18.8,18.81,18.82,18.83,18.84,18.85,18.88,18.89,1600,1900,2000,3700,1000,1200,300,100,500,1900,4800,2400,8700,100,3000,3000,3300,8900,1200,5800
247.0,18.77,65900,1236930.0,18.77,18.76,18.75,18.74,18.73,18.72,18.71,18.68,18.65,18.64,18.78,18.79,18.8,18.81,18.82,18.83,18.84,18.85,18.88,18.89,1600,1900,2000,3700,1000,1200,300,100,500,1900,4800,2400,8700,100,3000,3000,3300,8900,1200,5800
248.0,18.77,65900,1236930.0,18.77,18.76,18.75,18.74,18.73,18.72,18.71,18.68,18.65,18.64,18.78,18.79,18.8,18.81,18.82,18.83,18.84,18.85,18.88,18.89,1600,1900,2000,3700,1000,1200,300,100,500,1900,4800,2400,8700,100,3000,3000,3300,8900,1200,5800
249.0,18.79,72500,1360894.0,18.78,18.77,18.76,18.75,18.74,18.73,18.72,18.71,18.68,18.65,18.79,18.8,18.81,18.82,18.83,18.84,18.85,18.88,18.89,18.9,1400,1500,1900,2000,3700,1000,1200,300,100,500,600,8700,100,3000,3000,3300,8900,1200,5800,4300
250.0,18.79,73000,1370287.0,18.78,18.77,18.76,18.75,18.74,18.73,18.72,18.71,18.68,18.65,18.79,18.8,18.81,18.82,18.83,18.84,18.85,18.88,18.89,18.9,1200,2500,5200,2000,3700,1000,1200,300,100,500,300,8700,100,3000,3000,3300,8900,1200,5800,4300
251.0,18.79,73300,1375924.0,18.79,18.78,18.77,18.76,18.75,18.74,18.73,18.72,18.71,18.68,18.8,18.81,18.82,18.83,18.84,18.85,18.88,18.89,18.9,18.92,400,1200,2500,5200,2000,3700,1000,1200,300,100,8800,100,3000,3000,3300,8900,1200,5800,4300,4400
252.0,18.8,74600,1400364.0,18.79,18.78,18.77,18.76,18.75,18.74,18.73,18.72,18.71,18.68,18.8,18.81,18.82,18.83,18.84,18.85,18.88,18.89,18.9,18.92,600,1200,2500,5200,2000,3700,1000,1200,300,100,7500,100,3000,3000,3300,8900,1200,5800,4300,4400
253.0,18.8,75200,1411644.0,18.79,18.78,18.77,18.76,18.75,18.74,18.73,18.72,18.71,18.68,18.8,18.81,18.82,18.83,18.84,18.85,18.88,18.89,18.9,18.92,700,1200,2500,5200,2000,3700,1000,1200,300,100,6900,100,3000,3000,3300,8900,1200,5800,4300,4400
254.0,18.8,75300,1413524.0,18.79,18.78,18.77,18.76,18.75,18.74,18.73,18.72,18.71,18.68,18.8,18.81,18.82,18.83,18.84,18.85,18.88,18.89,18.9,18.92,700,1200,1100,5200,2000,3700,1000,1200,300,100,6800,100,3000,3000,3300,8900,1200,5800,4300,4400
255.0,18.8,75300,1413524.0,18.79,18.78,18.77,18.76,18.75,18.74,18.73,18.72,18.71,18.68,18.8,18.81,18.82,18.83,18.84,18.85,18.88,18.89,18.9,18.92,700,1200,1100,5200,2000,3700,1000,1200,300,100,6800,100,3000,3000,3300,8900,1200,5800,4300,4400
256.0,18.8,75300,1413524.0,18.79,18.78,18.77,18.76,18.75,18.74,18.73,18.72,18.71,18.68,18.8,18.81,18.82,18.83,18.84,18.85,18.88,18.89,18.9,18.92,800,1200,1100,5200,2000,3700,1000,1200,300,100,6800,100,3000,3000,3300,8900,1200,5800,4300,4400
257.0,18.8,75300,1413524.0,18.79,18.78,18.77,18.76,18.74,18.73,18.72,18.71,18.68,18.65,18.8,18.81,18.82,18.83,18.84,18.85,18.88,18.89,18.9,18.92,500,1200,1100,5200,3700,1000,1200,300,100,500,6800,100,3000,3000,3300,8900,1200,5800,4300,4400
258.0,18.8,75300,1413524.0,18.79,18.78,18.77,18.76,18.74,18.73,18.72,18.71,18.68,18.65,18.8,18.81,18.82,18.83,18.84,18.85,18.88,18.89,18.9,18.92,500,1200,1100,5200,3700,1000,1200,300,100,500,6800,100,3000,3000,3300,8900,1200,5800,4300,4400
259.0,18.8,75300,1413524.0,18.79,18.78,18.77,18.76,18.74,18.73,18.72,18.71,18.68,18.65,18.8,18.81,18.82,18.83,18.84,18.85,18.88,18.89,18.9,18.92,500,1200,1100,5200,3700,1000,1200,300,100,500,6800,100,3000,3000,3300,8900,1200,5800,4300,4400
260.0,18.8,75500,1417284.0,18.79,18.78,18.77,18.76,18.74,18.73,18.72,18.71,18.68,18.65,18.8,18.81,18.82,18.83,18.84,18.85,18.88,18.89,18.9,18.92,500,1200,1100,5200,3700,1000,1200,300,100,500,6600,100,3000,3000,3300,8900,1200,5800,4300,4400
261.0,18.79,75600,1419163.0,18.79,18.78,18.77,18.76,18.74,18.73,18.72,18.71,18.68,18.65,18.8,18.81,18.82,18.83,18.84,18.85,18.88,18.89,18.9,18.92,400,1200,1100,5200,3700,1000,1200,300,100,500,6600,100,3000,3000,3300,8900,1200,5800,4300,4400
262.0,18.79,75900,1424800.0,18.79,18.78,18.77,18.76,18.74,18.73,18.72,18.71,18.68,18.65,18.8,18.81,18.82,18.83,18.84,18.85,18.88,18.89,18.9,18.92,100,1200,1100,5200,3700,1000,1200,300,100,500,6600,100,3000,3000,3300,8900,1200,5800,4300,4400
263.0,18.79,75900,1424800.0,18.79,18.78,18.77,18.76,18.74,18.73,18.72,18.71,18.68,18.65,18.8,18.81,18.82,18.83,18.84,18.85,18.88,18.89,18.9,18.92,100,1200,1100,5200,3700,1000,1200,300,100,500,6600,100,3000,3000,3300,8900,1200,5800,4300,4400
264.0,18.79,75900,1424800.0,18.79,18.77,18.76,18.74,18.73,18.72,18.71,18.68,18.65,18.64,18.8,18.81,18.82,18.83,18.84,18.85,18.88,18.89,18.9,18.92,100,1100,5200,3700,1000,1200,300,100,500,1900,6600,100,3000,3000,3300,8900,1200,5800,4300,4400
265.0,18.79,75900,1424800.0,18.79,18.77,18.76,18.74,18.73,18.72,18.71,18.68,18.65,18.64,18.8,18.81,18.82,18.83,18.84,18.85,18.88,18.89,18.9,18.92,100,1100,5200,3700,1000,1200,300,100,500,1900,6600,100,3000,3000,3300,8900,1200,5800,4300,4400
266.0,18.8,76000,1426680.0,18.79,18.77,18.76,18.74,18.73,18.72,18.71,18.68,18.65,18.64,18.8,18.81,18.82,18.83,18.84,18.85,18.88,18.89,18.9,18.92,100,1100,5200,3700,1000,1200,300,100,500,1900,6500,100,3000,3000,3300,8900,1200,5800,4300,4400
267.0,18.8,76000,1426680.0,18.79,18.77,18.76,18.74,18.73,18.72,18.71,18.68,18.65,18.64,18.8,18.81,18.82,18.83,18.84,18.85,18.88,18.89,18.9,18.92,100,1100,5200,3700,1000,1200,300,100,500,1900,6500,100,3000,3000,3300,8900,1200,5800,4300,4400
268.0,18.8,77100,1447360.0,18.79,18.78,18.77,18.76,18.74,18.73,18.72,18.71,18.68,18.65,18.8,18.81,18.82,18.83,18.84,18.85,18.88,18.89,18.9,18.92,100,1400,1100,5200,3700,1000,1200,300,100,500,5400,100,3000,3000,3300,8900,1200,5800,4300,4400
269.0,18.8,77100,1447360.0,18.79,18.78,18.77,18.76,18.74,18.73,18.72,18.71,18.68,18.65,18.8,18.81,18.82,18.83,18.84,18.85,18.88,18.89,18.9,18.92,100,1400,1100,5200,3700,1000,1200,300,100,500,5400,100,3000,3000,3300,8900,1200,5800,4300,4400
270.0,18.8,77100,1447360.0,18.79,18.78,18.77,18.76,18.74,18.73,18.72,18.71,18.68,18.65,18.8,18.81,18.82,18.83,18.84,18.85,18.88,18.89,18.9,18.92,100,1400,1100,5200,3700,1000,1200,300,100,500,5400,100,3000,3000,3300,8900,1200,5800,4300,4400
271.0,18.8,77100,1447360.0,18.79,18.78,18.77,18.76,18.74,18.73,18.72,18.71,18.68,18.65,18.8,18.81,18.82,18.83,18.84,18.85,18.88,18.89,18.9,18.92,100,1400,1100,5200,3700,1000,1200,300,100,500,5500,100,3000,3000,3300,8900,1200,5800,4300,4400
272.0,18.8,77100,1447360.0,18.79,18.78,18.77,18.76,18.74,18.73,18.72,18.71,18.68,18.65,18.8,18.81,18.82,18.83,18.84,18.85,18.88,18.89,18.9,18.92,100,1400,1100,5200,3700,1000,1200,300,100,500,5500,100,3000,3000,3300,8900,1200,5800,4300,4400
273.0,18.8,77100,1447360.0,18.79,18.78,18.77,18.76,18.74,18.73,18.72,18.71,18.68,18.65,18.8,18.81,18.82,18.83,18.84,18.85,18.88,18.89,18.9,18.92,100,1400,1100,5200,3700,1000,1200,300,100,500,5500,100,3000,3000,3300,8900,1200,5800,4300,4400
274.0,18.79,77200,1449239.0,18.78,18.77,18.76,18.74,18.73,18.72,18.71,18.68,18.65,18.64,18.8,18.81,18.82,18.83,18.84,18.85,18.88,18.89,18.9,18.92,1400,1100,5200,3700,1000,1200,300,100,500,1900,5500,100,3000,3000,3300,8900,1200,5800,4300,4400
275.0,18.78,77300,1451117.0,18.78,18.77,18.76,18.74,18.73,18.72,18.71,18.68,18.65,18.64,18.8,18.81,18.82,18.83,18.84,18.85,18.88,18.89,18.9,18.92,1300,1100,5200,3700,1000,1200,300,100,500,1900,5500,100,3000,3000,3300,8900,1200,5800,4300,4400
276.0,18.78,77400,1452995.0,18.78,18.77,18.76,18.74,18.73,18.72,18.71,18.68,18.65,18.64,18.8,18.81,18.82,18.83,18.84,18.85,18.88,18.89,18.9,18.92,1200,1100,5200,3700,1000,1200,300,100,500,1900,5500,100,3000,3000,3300,8900,1200,5800,4300,4400
277.0,18.8,78800,1479315.0,18.78,18.77,18.76,18.74,18.73,18.72,18.71,18.68,18.65,18.64,18.8,18.81,18.82,18.83,18.84,18.85,18.88,18.89,18.9,18.92,1200,1100,5200,3700,1000,1200,300,100,500,1900,4100,100,3000,3000,3300,8900,1200,5800,4300,4400
278.0,18.8,78900,1481195.0,18.78,18.77,18.76,18.74,18.73,18.72,18.71,18.68,18.65,18.64,18.8,18.81,18.82,18.83,18.84,18.85,18.88,18.89,18.9,18.92,1200,1100,5200,3700,1000,1200,300,100,500,1900,4000,100,3000,3000,3300,8900,1200,5800,4300,4400
279.0,18.8,78900,1481195.0,18.78,18.77,18.76,18.74,18.73,18.72,18.71,18.68,18.65,18.64,18.8,18.81,18.82,18.83,18.84,18.85,18.88,18.89,18.9,18.92,1200,1100,5200,3700,1000,1200,300,100,500,1900,4000,100,3000,3000,3300,8900,1200,5800,4300,4400
280.0,18.8,78900,1481195.0,18.78,18.77,18.76,18.74,18.73,18.72,18.71,18.68,18.65,18.64,18.8,18.81,18.82,18.83,18.84,18.85,18.88,18.89,18.9,18.92,1200,1100,5200,3700,1000,1200,300,100,500,1900,3900,100,3000,3000,3300,8900,1200,5800,4300,4400
281.0,18.8,78900,1481195.0,18.78,18.77,18.76,18.74,18.73,18.72,18.71,18.68,18.65,18.64,18.8,18.81,18.82,18.83,18.84,18.85,18.88,18.89,18.9,18.92,1200,1100,5200,3700,1000,1200,300,100,500,1900,3900,1100,3000,3000,3300,8900,1200,5800,4300,4400
282.0,18.8,78900,1481195.0,18.78,18.77,18.76,18.74,18.73,18.72,18.71,18.68,18.65,18.64,18.8,18.81,18.82,18.83,18.84,18.85,18.88,18.89,18.9,18.92,1200,1100,5200,3700,1000,1200,300,100,500,1900,3900,1100,3000,3000,3300,8900,1200,5800,4300,4400
283.0,18.78,79000,1483073.0,18.78,18.77,18.76,18.74,18.73,18.72,18.71,18.68,18.65,18.64,18.8,18.81,18.82,18.83,18.84,18.85,18.88,18.89,18.9,18.92,2100,100,5200,3700,1000,1200,300,100,500,1900,3800,1100,3000,3000,3300,8900,1200,5800,4300,4400
284.0,18.78,79000,1483073.0,18.78,18.77,18.76,18.74,18.73,18.72,18.71,18.68,18.65,18.64,18.8,18.81,18.82,18.83,18.84,18.85,18.88,18.89,18.9,18.92,2100,100,5200,3700,1000,1200,300,100,500,1900,3900,1100,3000,3000,3300,8900,1200,5800,4300,4400
285.0,18.78,79400,1490585.0,18.78,18.77,18.76,18.74,18.73,18.72,18.71,18.68,18.65,18.64,18.8,18.81,18.82,18.83,18.84,18.85,18.88,18.89,18.9,18.92,1700,100,5200,3700,1000,1200,300,100,500,1900,3900,1100,3000,3000,3300,8900,1200,5800,4300,4400
286.0,18.78,79500,1492463.0,18.78,18.77,18.76,18.74,18.73,18.72,18.71,18.68,18.65,18.64,18.8,18.81,18.82,18.83,18.84,18.85,18.88,18.89,18.9,18.92,1600,100,5200,3700,1000,1200,300,100,500,1900,3900,1100,3000,3000,3300,8900,1200,5200,4300,4400
287.0,18.78,79500,1492463.0,18.78,18.77,18.76,18.74,18.73,18.72,18.71,18.68,18.65,18.64,18.8,18.81,18.82,18.83,18.84,18.85,18.88,18.89,18.9,18.92,1600,100,5200,3700,1000,1200,300,100,500,1900,3900,1100,3000,3000,3300,8900,1200,5200,4300,4400
288.0,18.78,79500,1492463.0,18.78,18.77,18.76,18.74,18.73,18.72,18.71,18.68,18.65,18.64,18.8,18.81,18.82,18.83,18.84,18.85,18.88,18.89,18.9,18.92,1600,100,5200,3700,1000,1200,300,100,500,1900,3900,1100,3000,3000,3300,8900,1200,5200,4300,4400
289.0,18.78,79600,1494341.0,18.78,18.77,18.76,18.74,18.73,18.72,18.71,18.68,18.65,18.64,18.8,18.81,18.82,18.83,18.84,18.85,18.88,18.89,18.9,18.92,1500,900,5200,3700,1000,1200,300,100,500,1900,3900,1100,3000,3000,3300,8900,1200,5200,4300,4400
290.0,18.78,79600,1494341.0,18.78,18.77,18.76,18.74,18.73,18.72,18.71,18.68,18.65,18.64,18.79,18.8,18.81,18.82,18.83,18.84,18.85,18.88,18.89,18.9,1500,900,5200,3700,1000,1200,300,100,500,1900,100,3900,1100,3000,3000,3300,8900,1200,5200,4300
291.0,18.78,79700,1496219.0,18.78,18.77,18.76,18.74,18.73,18.72,18.71,18.68,18.65,18.64,18.79,18.8,18.81,18.82,18.83,18.84,18.85,18.88,18.89,18.9,1400,900,5200,3700,1000,1200,300,100,500,1900,100,3900,1100,3000,3000,3300,8900,1200,5200,4300
292.0,18.78,79800,1498097.0,18.78,18.77,18.76,18.74,18.73,18.72,18.71,18.68,18.65,18.64,18.79,18.8,18.81,18.82,18.83,18.84,18.85,18.88,18.89,18.9,1300,900,5200,3700,1000,1200,300,100,500,1900,100,3900,1100,3000,3000,3300,8900,1200,5200,4300
293.0,18.78,79800,1498097.0,18.78,18.77,18.76,18.74,18.73,18.72,18.71,18.68,18.65,18.64,18.79,18.8,18.81,18.82,18.83,18.84,18.85,18.88,18.89,18.9,2200,900,5200,3700,1000,1200,300,100,500,1900,100,3800,1100,3000,3000,3300,8900,1200,5200,4300
294.0,18.79,79900,1499976.0,18.78,18.77,18.76,18.74,18.73,18.72,18.71,18.68,18.65,18.64,18.8,18.81,18.82,18.83,18.84,18.85,18.88,18.89,18.9,18.92,2200,900,5200,3700,1000,1200,300,100,500,1900,3800,1100,3000,3000,3300,8900,1200,5200,4300,4400
295.0,18.8,80800,1516896.0,18.78,18.77,18.76,18.74,18.73,18.72,18.71,18.68,18.65,18.64,18.8,18.81,18.82,18.83,18.84,18.85,18.88,18.89,18.9,18.92,2200,900,5200,3700,1000,1200,300,100,500,1900,2900,1100,3000,3000,3300,8900,1200,5200,4300,4400
296.0,18.78,81000,1520652.0,18.78,18.77,18.76,18.74,18.73,18.72,18.71,18.68,18.65,18.64,18.8,18.81,18.82,18.83,18.84,18.85,18.88,18.89,18.9,18.92,2000,900,5200,3700,1000,1200,300,100,500,1900,2900,1100,3000,3000,3300,8900,1200,5200,4300,4400
297.0,18.78,81400,1528164.0,18.78,18.77,18.76,18.74,18.73,18.72,18.71,18.68,18.65,18.64,18.8,18.81,18.82,18.83,18.84,18.85,18.88,18.89,18.9,18.92,1600,900,5200,3700,1000,1200,300,100,500,1900,2900,1100,3000,3000,3300,8900,1200,5200,4300,4400
298.0,18.78,81400,1528164.0,18.78,18.77,18.76,18.74,18.73,18.72,18.71,18.68,18.65,18.64,18.8,18.81,18.82,18.83,18.84,18.85,18.88,18.89,18.9,18.92,1600,900,6400,3700,1000,1200,300,100,500,1900,2900,1100,3000,3000,3300,8900,1200,5200,4300,4400
299.0,18.8,81800,1535680.0,18.78,18.77,18.76,18.74,18.73,18.72,18.71,18.68,18.65,18.64,18.8,18.81,18.82,18.83,18.84,18.85,18.88,18.89,18.9,18.92,1600,900,6400,3700,1000,1200,300,100,500,1900,2700,1100,3000,3000,3300,8900,1200,5200,4300,4400
300.0,18.8,81800,1535680.0,18.78,18.77,18.76,18.74,18.73,18.72,18.71,18.68,18.65,18.64,18.8,18.81,18.82,18.83,18.84,18.85,18.88,18.89,18.9,18.92,1600,900,6400,3700,1000,1200,300,100,500,1900,2700,1100,3000,3000,3300,8900,1200,5200,4300,4400
301.0,18.8,82300,1545080.0,18.78,18.77,18.76,18.74,18.73,18.72,18.71,18.68,18.65,18.64,18.8,18.81,18.82,18.83,18.84,18.85,18.88,18.89,18.9,18.92,1600,900,6400,3700,1000,1200,300,100,500,1900,2200,1100,3000,3000,3300,8900,1200,5200,4300,4400
302.0,18.8,82600,1550716.0,18.78,18.77,18.76,18.74,18.73,18.72,18.71,18.68,18.65,18.64,18.8,18.81,18.82,18.83,18.84,18.85,18.88,18.89,18.9,18.92,1400,900,6400,3700,1000,1200,300,100,500,1900,2200,1100,3000,3000,3300,8900,1200,5200,4300,4400
303.0,18.8,82600,1550716.0,18.78,18.77,18.76,18.74,18.73,18.72,18.71,18.68,18.65,18.64,18.8,18.81,18.82,18.83,18.84,18.85,18.88,18.89,18.9,18.92,1400,900,6400,3700,1000,1200,300,100,500,1900,2200,1100,3000,3000,3300,8900,1200,5200,4300,4400
304.0,18.8,84200,1580796.0,18.78,18.77,18.76,18.74,18.73,18.72,18.71,18.68,18.65,18.64,18.8,18.81,18.82,18.83,18.84,18.85,18.88,18.89,18.9,18.92,1400,900,6400,3700,1000,1200,300,100,500,1900,600,1100,3000,3000,3300,8900,1200,5200,4300,4400
305.0,18.8,84200,1580796.0,18.78,18.77,18.76,18.74,18.73,18.72,18.71,18.68,18.65,18.64,18.8,18.81,18.82,18.83,18.84,18.85,18.88,18.89,18.9,18.92,1400,900,6400,3700,1000,1200,300,100,500,1900,600,1100,3000,3000,3300,8900,1200,5200,4300,4400
306.0,18.78,84400,1584552.0,18.79,18.78,18.77,18.76,18.74,18.73,18.72,18.71,18.68,18.65,18.8,18.81,18.82,18.83,18.84,18.85,18.88,18.89,18.9,18.92,100,1200,900,6400,3700,1000,1200,300,100,500,600,1100,3000,3000,3300,8900,1200,5200,4300,4400
307.0,18.78,84400,1584552.0,18.79,18.78,18.77,18.76,18.74,18.73,18.72,18.71,18.68,18.65,18.8,18.81,18.82,18.83,18.84,18.85,18.88,18.89,18.9,18.92,100,1200,900,6400,3700,1000,1200,300,100,500,600,1100,3000,3000,3300,8900,1200,5200,4300,4400
308.0,18.81,85500,1605237.0,18.79,18.78,18.77,18.76,18.74,18.73,18.72,18.68,18.65,18.64,18.81,18.82,18.83,18.84,18.85,18.88,18.89,18.9,18.92,18.95,1100,1200,900,6400,3700,1000,1200,100,500,1900,600,3000,3000,3300,8900,1200,5200,4300,4400,10000
309.0,18.79,85600,1607116.0,18.79,18.78,18.77,18.76,18.74,18.73,18.72,18.68,18.65,18.64,18.81,18.82,18.83,18.84,18.85,18.88,18.89,18.9,18.92,18.95,1000,1200,900,6400,3700,1000,1200,100,500,1900,600,3000,3000,3300,8900,1200,5200,4300,4400,10000
310.0,18.79,85600,1607116.0,18.79,18.78,18.77,18.76,18.74,18.73,18.72,18.68,18.65,18.64,18.81,18.82,18.83,18.84,18.85,18.88,18.89,18.9,18.92,18.95,1000,1200,900,6400,3700,1000,1200,100,500,1900,600,3000,3000,3300,8900,1200,5200,4300,4400,10000
311.0,18.81,86200,1618402.0,18.79,18.78,18.77,18.76,18.74,18.73,18.72,18.65,18.64,18.61,18.82,18.83,18.84,18.85,18.88,18.89,18.9,18.92,18.95,18.96,1000,1200,900,6400,3700,1000,1200,500,1900,2100,3000,3000,3300,8900,1200,5200,4300,4400,10000,200
312.0,18.82,86600,1625927.0,18.81,18.79,18.78,18.77,18.76,18.74,18.73,18.72,18.65,18.64,18.82,18.83,18.84,18.85,18.88,18.89,18.9,18.92,18.95,18.96,1300,1100,1200,900,3100,3700,1000,1200,500,1900,2900,3000,3300,8900,1200,5200,4300,4400,10000,200
313.0,18.81,86700,1627808.0,18.81,18.79,18.78,18.77,18.76,18.74,18.73,18.72,18.65,18.64,18.82,18.83,18.84,18.85,18.88,18.89,18.9,18.92,18.95,18.96,1200,1100,1200,900,3100,3700,1000,1200,500,1900,2900,3000,3300,8900,1200,5200,4300,4400,10000,200
314.0,18.81,86800,1629689.0,18.81,18.79,18.78,18.77,18.76,18.74,18.73,18.72,18.65,18.64,18.82,18.83,18.84,18.85,18.88,18.89,18.9,18.92,18.95,18.96,1100,1100,1200,900,3100,3700,1000,1200,500,1900,2900,3000,3300,8900,1200,5200,4300,4400,10000,200
315.0,18.83,90100,1691797.0,18.81,18.79,18.78,18.77,18.76,18.74,18.73,18.72,18.65,18.64,18.83,18.84,18.85,18.88,18.89,18.9,18.92,18.95,18.96,18.98,1000,1100,1200,900,3100,3700,1000,1200,500,1900,2700,3300,8900,1200,5200,4300,4400,10000,200,500
316.0,18.83,90100,1691797.0,18.81,18.79,18.78,18.77,18.76,18.74,18.73,18.72,18.65,18.64,18.83,18.84,18.85,18.88,18.89,18.9,18.92,18.95,18.96,18.98,1000,1100,1200,900,3100,3700,1000,1200,500,1900,2700,3300,8900,1200,5200,4300,4400,10000,200,500
317.0,18.83,90100,1691797.0,18.81,18.79,18.78,18.77,18.76,18.74,18.73,18.72,18.65,18.64,18.83,18.84,18.85,18.88,18.89,18.9,18.92,18.95,18.96,18.98,1000,1100,1200,900,3100,3700,1000,1200,500,1900,2700,3300,8900,1200,5200,4300,4400,10000,200,500
318.0,18.83,90100,1691797.0,18.81,18.79,18.78,18.77,18.76,18.74,18.73,18.72,18.65,18.64,18.83,18.84,18.85,18.88,18.89,18.9,18.92,18.95,18.96,18.98,1000,1100,1200,900,3100,3700,1000,1200,500,1900,2700,3300,8900,1200,5200,4300,4400,10000,200,500
319.0,18.81,90200,1693678.0,18.81,18.8,18.79,18.78,18.77,18.76,18.74,18.73,18.72,18.65,18.83,18.84,18.85,18.88,18.89,18.9,18.92,18.95,18.96,18.98,900,100,1100,1200,900,3100,3700,1000,1200,500,2700,3300,8900,1200,5200,4300,4400,10000,200,500
320.0,18.81,90300,1695559.0,18.81,18.8,18.79,18.78,18.77,18.76,18.74,18.73,18.72,18.65,18.83,18.84,18.85,18.88,18.89,18.9,18.92,18.95,18.96,18.98,800,100,1100,1200,900,3100,3700,1000,1200,500,2700,3300,8900,1200,5200,4300,4400,10000,200,500
321.0,18.81,90300,1695559.0,18.81,18.8,18.79,18.78,18.77,18.76,18.74,18.73,18.72,18.65,18.83,18.84,18.85,18.88,18.89,18.9,18.92,18.95,18.96,18.98,800,100,1100,1200,900,3100,3700,1000,1200,500,2700,3300,8900,1200,5200,4300,4400,10000,200,500
322.0,18.81,90300,1695559.0,18.81,18.8,18.79,18.78,18.77,18.76,18.74,18.73,18.72,18.65,18.83,18.84,18.85,18.88,18.89,18.9,18.92,18.95,18.96,18.98,800,100,1100,1200,900,3100,3700,1000,1200,500,2700,3300,8900,1200,5200,4300,4400,10000,200,500
323.0,18.81,90300,1695559.0,18.81,18.8,18.79,18.78,18.77,18.76,18.74,18.73,18.72,18.65,18.83,18.84,18.85,18.88,18.89,18.9,18.92,18.95,18.96,18.98,800,100,1100,1200,900,3100,3700,1000,1200,500,2700,3300,8900,1200,5200,4300,4400,10000,200,500
324.0,18.83,90600,1701208.0,18.81,18.8,18.79,18.78,18.77,18.76,18.74,18.73,18.72,18.65,18.83,18.84,18.85,18.88,18.89,18.9,18.92,18.95,18.96,18.98,800,100,4400,1200,900,3100,3700,1000,1200,500,2400,3300,8900,1200,5200,4300,4400,10000,200,500
325.0,18.81,91200,1712496.0,18.81,18.8,18.79,18.78,18.77,18.76,18.74,18.73,18.72,18.65,18.83,18.84,18.85,18.88,18.89,18.9,18.92,18.95,18.96,18.98,300,100,4400,1200,900,3100,3700,1000,1200,500,2300,3300,8900,1200,5200,4300,4400,10000,200,500
326.0,18.81,92100,1729425.0,18.8,18.79,18.78,18.77,18.76,18.74,18.73,18.72,18.65,18.64,18.81,18.82,18.83,18.84,18.85,18.88,18.89,18.9,18.92,18.95,100,4400,1200,900,3100,3700,1000,1200,500,1900,2100,100,2300,3300,8900,1300,5200,4300,4400,10000
327.0,18.81,92100,1729425.0,18.8,18.79,18.78,18.77,18.76,18.74,18.73,18.72,18.65,18.64,18.81,18.82,18.83,18.84,18.85,18.88,18.89,18.9,18.92,18.95,100,4400,1200,900,3100,3700,1000,1200,500,1900,2100,100,2300,3300,8900,1300,5200,4300,4400,10000
328.0,18.81,92100,1729425.0,18.8,18.79,18.78,18.77,18.76,18.74,18.73,18.72,18.65,18.64,18.81,18.82,18.83,18.84,18.85,18.88,18.89,18.9,18.92,18.95,100,4400,1200,900,3100,3700,1000,1200,500,1900,2100,100,2300,3300,9000,1300,5200,4300,4400,10000
329.0,18.81,92100,1729425.0,18.8,18.79,18.78,18.77,18.76,18.74,18.73,18.72,18.65,18.64,18.81,18.82,18.83,18.84,18.85,18.88,18.89,18.9,18.92,18.95,100,4400,1700,900,3100,3700,1000,1200,500,1900,2100,100,2300,3300,9000,1300,5200,4300,4400,10000
330.0,18.81,92200,1731306.0,18.8,18.79,18.78,18.77,18.76,18.74,18.73,18.72,18.65,18.64,18.81,18.82,18.83,18.84,18.85,18.88,18.89,18.9,18.92,18.95,100,4400,1700,900,3100,3700,1000,1200,500,1900,2000,100,2300,3300,9000,1300,5200,4300,4400,10000
331.0,18.81,92200,1731306.0,18.8,18.79,18.78,18.77,18.76,18.74,18.73,18.72,18.65,18.64,18.81,18.82,18.83,18.84,18.85,18.88,18.89,18.9,18.92,18.95,100,3500,1700,900,3100,3700,1000,1200,500,1900,2000,100,2300,3300,9000,1300,5200,4300,4400,10000
332.0,18.81,92200,1731306.0,18.8,18.79,18.78,18.77,18.76,18.74,18.73,18.72,18.65,18.64,18.81,18.82,18.83,18.84,18.85,18.88,18.89,18.9,18.92,18.95,100,3500,1700,900,3100,3700,1000,1200,500,1900,2000,100,2300,3300,9000,1300,5200,4300,4400,10000
333.0,18.81,92300,1733187.0,18.8,18.79,18.78,18.77,18.76,18.74,18.73,18.72,18.65,18.64,18.81,18.82,18.83,18.84,18.85,18.88,18.89,18.9,18.92,18.95,100,3500,1700,900,3100,3700,1000,1200,500,1900,1900,100,2300,3300,9000,1300,5200,4300,4400,10000
334.0,18.81,92300,1733187.0,18.8,18.79,18.78,18.77,18.76,18.74,18.73,18.72,18.65,18.64,18.81,18.82,18.83,18.84,18.85,18.88,18.89,18.9,18.92,18.95,100,3500,1700,900,3100,3700,1000,1200,500,1900,1900,100,2300,3300,9000,1300,5200,4300,4400,10000
335.0,18.81,92300,1733187.0,18.8,18.79,18.78,18.77,18.76,18.74,18.73,18.72,18.65,18.64,18.81,18.82,18.83,18.84,18.85,18.88,18.89,18.9,18.92,18.95,100,3500,1700,900,3100,3700,1000,1200,500,1900,1900,100,2300,3300,9000,1300,5200,4300,4400,10000
336.0,18.81,92300,1733187.0,18.8,18.79,18.78,18.77,18.76,18.74,18.73,18.72,18.65,18.64,18.81,18.82,18.83,18.84,18.85,18.88,18.89,18.9,18.92,18.95,100,3500,1700,900,3100,3700,1000,1200,500,1900,1900,100,2300,3300,9000,1300,5200,4300,4400,10000
337.0,18.81,92300,1733187.0,18.8,18.79,18.78,18.77,18.76,18.74,18.73,18.72,18.65,18.64,18.81,18.82,18.83,18.84,18.85,18.88,18.89,18.9,18.92,18.95,100,3500,1700,900,3100,3700,1000,1200,500,1900,1900,100,2300,3300,9000,1300,5200,4300,4400,10000
338.0,18.81,92400,1735068.0,18.8,18.79,18.78,18.77,18.76,18.74,18.73,18.72,18.65,18.64,18.81,18.82,18.83,18.84,18.85,18.88,18.89,18.9,18.92,18.95,100,3500,1700,900,3100,3700,1000,1200,500,1900,1800,100,2300,3300,9000,1300,5200,4300,4400,10000
339.0,18.81,92600,1738830.0,18.8,18.79,18.78,18.77,18.76,18.74,18.73,18.72,18.65,18.64,18.81,18.82,18.83,18.84,18.85,18.88,18.89,18.9,18.92,18.95,100,3500,1700,900,3100,3700,1000,1200,500,1900,1600,100,2300,3300,9000,1300,5200,4300,4400,10000
340.0,18.81,92700,1740711.0,18.8,18.79,18.78,18.77,18.76,18.74,18.73,18.72,18.65,18.64,18.81,18.82,18.83,18.84,18.85,18.88,18.89,18.9,18.92,18.95,100,3500,1700,900,3100,3700,1000,1200,500,1900,1500,100,2300,3300,9000,1300,5200,4300,4400,10000
341.0,18.81,93100,1748235.0,18.8,18.79,18.78,18.77,18.76,18.74,18.73,18.72,18.65,18.64,18.81,18.82,18.83,18.84,18.85,18.88,18.89,18.9,18.92,18.95,100,3500,1700,900,3100,3700,1000,1200,500,1900,1100,100,2300,3300,9000,1300,5200,4300,4400,10000
342.0,18.81,94000,1765164.0,18.8,18.79,18.78,18.77,18.76,18.74,18.73,18.72,18.65,18.64,18.81,18.82,18.83,18.84,18.85,18.88,18.89,18.9,18.92,18.95,100,3500,1700,900,3100,3700,1000,1200,500,1900,200,100,2300,3300,9000,1300,5200,4300,4400,10000
343.0,18.81,94200,1768926.0,18.8,18.79,18.78,18.77,18.76,18.74,18.73,18.72,18.65,18.64,18.82,18.83,18.84,18.85,18.88,18.89,18.9,18.92,18.95,18.96,100,3500,1700,900,3100,3700,1000,1200,500,1900,100,2300,3300,9000,1300,5200,4300,4400,10000,200
344.0,18.8,94300,1770806.0,18.8,18.79,18.78,18.77,18.76,18.74,18.73,18.72,18.65,18.64,18.82,18.83,18.84,18.85,18.88,18.89,18.9,18.92,18.95,18.96,1000,3500,1700,900,3100,3700,1000,1200,500,1900,100,2300,3300,9000,1300,5200,4300,4400,10000,200
345.0,18.82,94700,1778331.0,18.81,18.8,18.79,18.78,18.77,18.76,18.74,18.73,18.72,18.69,18.83,18.84,18.85,18.88,18.89,18.9,18.92,18.95,18.96,18.98,700,1000,3500,1700,900,3100,3700,1000,1200,500,2300,3300,9000,1300,5200,4300,4400,10000,200,500
346.0,18.82,94700,1778331.0,18.81,18.8,18.79,18.78,18.77,18.76,18.74,18.73,18.72,18.69,18.83,18.84,18.85,18.88,18.89,18.9,18.92,18.95,18.96,18.98,700,1000,3500,1700,900,3100,3700,1000,1200,500,2300,3300,9000,1300,5200,4300,4400,10000,200,500
347.0,18.81,95200,1787736.0,18.81,18.8,18.79,18.78,18.77,18.76,18.74,18.73,18.72,18.69,18.83,18.84,18.85,18.88,18.89,18.9,18.92,18.95,18.96,18.98,200,1000,3500,1700,100,3100,3700,1000,1200,500,2300,3300,9000,1300,5200,4300,4400,10000,200,500
348.0,18.81,95200,1787736.0,18.81,18.8,18.79,18.78,18.77,18.76,18.74,18.73,18.72,18.69,18.83,18.84,18.85,18.88,18.89,18.9,18.92,18.95,18.96,18.98,200,1000,3500,1700,100,3100,3700,1000,1200,500,2300,3300,9000,1300,5200,4800,4400,10000,200,500
349.0,18.81,95300,1789617.0,18.81,18.8,18.79,18.78,18.77,18.76,18.74,18.73,18.72,18.69,18.83,18.84,18.85,18.88,18.89,18.9,18.92,18.95,18.96,18.98,100,1000,3500,1700,100,3100,3700,1000,1200,500,2300,3300,9000,1300,5200,4800,4400,10000,200,500
350.0,18.8,96000,1802778.0,18.8,18.79,18.78,18.77,18.76,18.74,18.73,18.72,18.69,18.65,18.83,18.84,18.85,18.88,18.89,18.9,18.92,18.95,18.96,18.98,400,3500,1700,100,3100,3700,1000,1200,500,500,2300,3300,9000,1300,5200,4800,4400,10000,200,500
351.0,18.8,96000,1802778.0,18.8,18.79,18.78,18.77,18.76,18.74,18.73,18.72,18.69,18.65,18.83,18.84,18.85,18.88,18.89,18.9,18.92,18.95,18.96,18.98,700,3500,1700,100,3100,3700,1000,1200,500,500,2600,3300,9000,1300,5200,4800,4400,10000,200,500
352.0,18.8,96000,1802778.0,18.8,18.79,18.78,18.77,18.76,18.74,18.73,18.72,18.69,18.65,18.83,18.84,18.85,18.88,18.89,18.9,18.92,18.95,18.96,18.98,700,3500,1700,100,3100,3700,1000,1200,500,500,2600,3300,9000,1300,5200,4800,4400,10000,200,500
353.0,18.8,96000,1802778.0,18.8,18.79,18.78,18.77,18.76,18.74,18.73,18.72,18.69,18.65,18.83,18.84,18.85,18.88,18.89,18.9,18.92,18.95,18.96,18.98,1000,3500,1700,100,3100,3700,1000,1200,500,500,2900,3300,9000,1300,5200,4800,4400,10000,200,500
354.0,18.8,96200,1806538.0,18.8,18.79,18.78,18.77,18.76,18.74,18.73,18.72,18.69,18.65,18.83,18.84,18.85,18.88,18.89,18.9,18.92,18.95,18.96,18.98,1300,3500,1700,100,3100,3700,1000,1200,500,500,2900,3300,9000,1300,5200,4800,4400,10000,200,500
355.0,18.8,96200,1806538.0,18.8,18.79,18.78,18.77,18.76,18.74,18.73,18.72,18.69,18.65,18.83,18.84,18.85,18.88,18.89,18.9,18.92,18.95,18.96,18.98,1300,3500,1700,100,3100,3700,1000,1200,500,500,3100,3300,9000,1300,5200,4800,4400,10000,200,500
356.0,18.8,96300,1808418.0,18.8,18.79,18.78,18.77,18.76,18.74,18.73,18.72,18.69,18.65,18.83,18.84,18.85,18.88,18.89,18.9,18.92,18.95,18.96,18.98,1500,3500,1700,100,3100,3700,1000,1200,500,500,3200,3300,9000,1300,5200,4800,4400,10000,200,500
357.0,18.8,96300,1808418.0,18.8,18.79,18.78,18.77,18.76,18.74,18.73,18.72,18.69,18.65,18.83,18.84,18.85,18.88,18.89,18.9,18.92,18.95,18.96,18.98,1500,3500,1700,100,3100,3700,1000,1200,500,500,3200,3300,9000,1300,5200,4800,4400,10000,200,500
358.0,18.8,96900,1819698.0,18.8,18.79,18.78,18.77,18.76,18.74,18.73,18.72,18.69,18.65,18.82,18.83,18.84,18.85,18.88,18.89,18.9,18.92,18.95,18.96,1200,3500,1700,100,3100,3700,1000,1200,500,500,3500,3500,3300,9000,1300,5200,4800,4400,10000,200
359.0,18.8,97000,1821578.0,18.8,18.79,18.78,18.77,18.76,18.74,18.73,18.72,18.69,18.65,18.82,18.83,18.84,18.85,18.88,18.89,18.9,18.92,18.95,18.96,1100,3500,1700,100,3100,3700,1000,1200,500,500,3500,3500,3300,9000,1300,5700,4800,4400,10000,200
360.0,18.8,97600,1832858.0,18.8,18.79,18.78,18.77,18.76,18.74,18.73,18.72,18.69,18.65,18.82,18.83,18.84,18.85,18.88,18.89,18.9,18.92,18.95,18.96,500,3500,1700,100,3100,3700,1000,1200,500,500,3500,3500,3300,9000,1300,5700,4800,4400,10000,200
361.0,18.8,97600,1832858.0,18.8,18.79,18.78,18.77,18.76,18.74,18.73,18.72,18.69,18.65,18.82,18.83,18.84,18.85,18.88,18.89,18.9,18.92,18.95,18.96,600,3500,1700,100,3100,3700,1000,1200,500,500,3500,3500,3300,9000,1300,5700,4800,4400,10000,200
362.0,18.8,97600,1832858.0,18.8,18.79,18.78,18.77,18.76,18.74,18.73,18.72,18.69,18.65,18.82,18.83,18.84,18.85,18.88,18.89,18.9,18.92,18.95,18.96,600,3500,1700,100,3100,3700,1000,1200,500,500,3500,3500,3300,9000,1300,5700,4800,4400,10000,200
363.0,18.8,97700,1834738.0,18.8,18.79,18.78,18.77,18.76,18.74,18.73,18.72,18.69,18.65,18.82,18.83,18.84,18.85,18.88,18.89,18.9,18.92,18.95,18.96,500,3500,800,100,3100,3700,1000,1200,500,500,3500,5000,3300,9000,1300,5700,4800,4400,10000,200
364.0,18.8,97700,1834738.0,18.8,18.79,18.78,18.77,18.76,18.74,18.73,18.72,18.69,18.65,18.82,18.83,18.84,18.85,18.88,18.89,18.9,18.92,18.95,18.96,500,3500,800,100,3100,3700,1000,1200,500,500,3500,5000,3300,9000,1300,5700,4800,4400,10000,200
365.0,18.8,97700,1834738.0,18.8,18.79,18.78,18.77,18.76,18.74,18.73,18.72,18.69,18.65,18.82,18.83,18.84,18.85,18.88,18.89,18.9,18.92,18.95,18.96,500,3500,800,100,3100,3700,1000,1200,500,500,3500,5000,3300,9000,1300,5700,4800,4400,10000,200
366.0,18.82,98000,1840382.0,18.81,18.8,18.79,18.78,18.77,18.76,18.74,18.73,18.72,18.69,18.82,18.83,18.84,18.85,18.88,18.89,18.9,18.92,18.95,18.96,100,1100,3500,800,100,3100,3700,1000,1200,500,3300,5000,3300,9000,1300,5700,4800,4400,10000,200
367.0,18.82,98000,1840382.0,18.81,18.8,18.79,18.78,18.77,18.76,18.74,18.73,18.72,18.69,18.82,18.83,18.84,18.85,18.88,18.89,18.9,18.92,18.95,18.96,100,1100,3500,800,100,3100,3700,1000,1200,500,3300,5000,3300,9000,1300,5700,4800,4400,10000,200
368.0,18.82,98000,1840382.0,18.81,18.8,18.79,18.78,18.77,18.76,18.74,18.73,18.72,18.69,18.82,18.83,18.84,18.85,18.88,18.89,18.9,18.92,18.95,18.96,100,1100,3500,800,100,3100,3700,1000,1200,500,3300,5000,3300,9000,1300,5700,4800,4400,10000,200
369.0,18.82,98000,1840382.0,18.81,18.8,18.79,18.78,18.77,18.76,18.74,18.73,18.72,18.69,18.82,18.83,18.84,18.85,18.88,18.89,18.9,18.92,18.95,18.96,100,1100,3500,800,100,3100,3700,1000,1200,500,3300,5000,3300,9000,1300,5700,4800,4400,10000,200
370.0,18.82,98000,1840382.0,18.81,18.8,18.79,18.78,18.77,18.76,18.74,18.73,18.72,18.69,18.82,18.83,18.84,18.85,18.88,18.89,18.9,18.92,18.95,18.96,100,1100,3500,800,100,3100,3700,1000,1200,500,3300,5000,3300,9000,1300,5700,4800,4400,10000,200
371.0,18.82,98000,1840382.0,18.81,18.8,18.79,18.78,18.77,18.76,18.74,18.73,18.72,18.69,18.82,18.83,18.84,18.85,18.88,18.89,18.9,18.92,18.95,18.96,100,1100,3500,800,100,3100,3700,1000,1200,500,3300,5000,3300,9000,1300,5700,4800,4400,10000,200
372.0,18.82,98000,1840382.0,18.81,18.8,18.79,18.78,18.77,18.76,18.74,18.73,18.72,18.69,18.82,18.83,18.84,18.85,18.88,18.89,18.9,18.92,18.95,18.96,100,1100,3500,800,100,3100,3700,1000,1200,500,3300,5000,3300,9000,1300,5700,4800,4400,10000,200
373.0,18.82,98000,1840382.0,18.81,18.8,18.79,18.78,18.77,18.76,18.74,18.73,18.72,18.69,18.82,18.83,18.84,18.85,18.88,18.89,18.9,18.92,18.95,18.96,100,1100,3500,800,100,3100,3700,1000,1200,500,3300,5000,3300,9000,1300,5700,4800,4400,10000,200
374.0,18.82,98000,1840382.0,18.81,18.8,18.79,18.78,18.77,18.76,18.74,18.73,18.72,18.69,18.82,18.83,18.84,18.85,18.88,18.89,18.9,18.92,18.95,18.96,100,1100,3500,800,100,3100,3700,1000,1200,500,3300,5000,3300,9000,1300,5700,4800,4400,10000,200
375.0,18.82,98000,1840382.0,18.81,18.8,18.79,18.78,18.77,18.76,18.74,18.73,18.72,18.69,18.82,18.83,18.84,18.85,18.88,18.89,18.9,18.92,18.95,18.96,100,1100,3500,800,100,3100,3700,1000,1200,500,3300,5000,3300,9000,1300,5700,4800,4400,10000,200
376.0,18.8,98200,1844143.0,18.8,18.79,18.78,18.77,18.76,18.74,18.73,18.72,18.69,18.65,18.81,18.82,18.83,18.84,18.85,18.88,18.89,18.9,18.92,18.95,1000,3500,800,100,3100,3700,1000,1200,500,500,1400,3300,5000,3300,9000,1300,5700,4800,4400,10000
377.0,18.8,98400,1847903.0,18.8,18.79,18.78,18.77,18.76,18.74,18.73,18.72,18.69,18.65,18.81,18.82,18.83,18.84,18.85,18.88,18.89,18.9,18.92,18.95,800,3500,800,100,3100,3700,1000,1200,500,500,1400,3300,5000,3300,9000,1300,5700,4800,4400,10000
378.0,18.8,98400,1847903.0,18.8,18.79,18.78,18.77,18.76,18.74,18.73,18.72,18.69,18.65,18.81,18.82,18.83,18.84,18.85,18.88,18.89,18.9,18.92,18.95,800,3500,800,100,3100,3700,1000,1200,500,500,1400,3300,5000,3300,9000,1300,5700,4800,4400,10000
379.0,18.8,98400,1847903.0,18.8,18.79,18.78,18.77,18.76,18.74,18.73,18.72,18.69,18.65,18.81,18.82,18.83,18.84,18.85,18.88,18.89,18.9,18.92,18.95,800,3500,800,100,3100,3700,1000,1200,500,500,1400,3300,5000,3300,9000,1300,5700,4800,4400,10000
380.0,18.8,98400,1847903.0,18.8,18.79,18.78,18.77,18.76,18.74,18.73,18.72,18.69,18.65,18.81,18.82,18.83,18.84,18.85,18.88,18.89,18.9,18.92,18.95,800,3500,1300,100,3100,3700,1000,1200,500,500,1400,3300,5000,3300,9000,1300,5700,4800,4400,10000
381.0,18.8,98500,1849783.0,18.8,18.79,18.78,18.77,18.76,18.74,18.73,18.72,18.69,18.65,18.81,18.82,18.83,18.84,18.85,18.88,18.89,18.9,18.92,18.95,700,3500,1300,100,3100,3700,1000,1200,500,500,1400,3300,5000,3300,9000,1300,5700,4800,4400,10000
382.0,18.79,101000,1896765.0,18.79,18.78,18.77,18.76,18.74,18.73,18.72,18.69,18.65,18.64,18.8,18.81,18.82,18.83,18.84,18.85,18.88,18.89,18.9,18.92,1700,1300,100,3100,3700,1000,1200,500,500,1900,3300,1400,3300,5000,3300,9000,1300,5700,4800,4400
383.0,18.79,101000,1896765.0,18.79,18.78,18.77,18.76,18.74,18.73,18.72,18.69,18.65,18.64,18.8,18.81,18.82,18.83,18.84,18.85,18.88,18.89,18.9,18.92,1700,1300,100,3100,3700,1000,1200,500,500,1900,3500,1400,4200,5000,3300,9000,1300,5700,4800,4400
384.0,18.79,101100,1898644.0,18.79,18.78,18.77,18.76,18.74,18.73,18.72,18.69,18.65,18.64,18.8,18.81,18.82,18.83,18.84,18.85,18.88,18.89,18.9,18.92,1600,1300,100,3100,3700,1000,1200,500,500,1900,3500,1400,4200,5000,3300,9000,1300,5700,5800,4400
385.0,18.79,101100,1898644.0,18.79,18.78,18.77,18.76,18.74,18.73,18.72,18.69,18.65,18.64,18.8,18.81,18.82,18.83,18.84,18.85,18.88,18.89,18.9,18.92,1600,800,100,3100,3700,1000,1200,500,500,1900,3500,1400,4200,5000,3300,9000,1300,5700,5800,4400
386.0,18.79,101100,1898644.0,18.79,18.78,18.77,18.76,18.74,18.73,18.72,18.69,18.65,18.64,18.8,18.81,18.82,18.83,18.84,18.85,18.88,18.89,18.9,18.92,1600,800,100,3100,3700,1000,1200,500,500,1900,3500,1400,4200,5000,3300,9000,1300,5700,5800,4400
387.0,18.79,101200,1900523.0,18.79,18.78,18.77,18.76,18.74,18.73,18.72,18.69,18.65,18.64,18.8,18.81,18.82,18.83,18.84,18.85,18.88,18.89,18.9,18.92,1500,800,100,3100,3700,1000,1200,500,500,1900,3500,1400,4200,5000,3300,9000,1300,5700,5800,4400
388.0,18.79,101300,1902402.0,18.79,18.78,18.77,18.76,18.74,18.73,18.72,18.69,18.65,18.64,18.8,18.81,18.82,18.83,18.84,18.85,18.88,18.89,18.9,18.92,1400,800,100,3100,3700,1000,1200,500,500,1900,3500,1400,4200,5500,3300,9000,1300,5700,5800,4400
389.0,18.79,101500,1906160.0,18.79,18.78,18.77,18.76,18.74,18.73,18.72,18.69,18.65,18.64,18.8,18.81,18.82,18.83,18.84,18.85,18.88,18.89,18.9,18.92,1200,800,100,3100,3700,1000,1200,500,500,1900,3500,1400,4200,5500,3300,9000,1300,5700,5800,4400
390.0,18.79,101500,1906160.0,18.79,18.78,18.77,18.76,18.74,18.73,18.72,18.69,18.65,18.64,18.8,18.81,18.82,18.83,18.84,18.85,18.88,18.89,18.9,18.92,1200,800,100,3100,3700,1000,1200,500,500,1900,3500,1400,4200,5500,3300,9000,1300,5700,5800,4400
391.0,18.79,102200,1919313.0,18.79,18.78,18.77,18.76,18.74,18.73,18.72,18.69,18.65,18.64,18.8,18.81,18.82,18.83,18.84,18.85,18.88,18.89,18.9,18.92,500,800,100,3100,3700,1000,1200,500,500,1900,3500,1400,4200,5500,3300,9000,1300,5700,5800,4400
392.0,18.8,103700,1947506.0,18.78,18.77,18.76,18.74,18.73,18.72,18.69,18.65,18.64,18.61,18.8,18.81,18.82,18.83,18.84,18.85,18.88,18.89,18.9,18.92,800,100,3100,3700,1000,1200,500,500,1900,2100,3800,1400,4200,5500,3300,9000,1300,5700,5800,4400
393.0,18.8,103700,1947506.0,18.78,18.77,18.76,18.74,18.73,18.72,18.69,18.65,18.64,18.61,18.8,18.81,18.82,18.83,18.84,18.85,18.88,18.89,18.9,18.92,800,100,3100,3700,1000,1200,500,500,1900,2100,3800,1400,4200,5500,3300,9000,1300,5700,5800,4400
394.0,18.8,103700,1947506.0,18.78,18.77,18.76,18.74,18.73,18.72,18.69,18.65,18.64,18.61,18.8,18.81,18.82,18.83,18.84,18.85,18.88,18.89,18.9,18.92,800,100,3100,3700,1000,1200,500,500,1900,2100,3800,1400,4200,5500,3300,9000,1300,5700,5800,4400
395.0,18.8,103700,1947506.0,18.78,18.77,18.76,18.74,18.73,18.72,18.69,18.65,18.64,18.61,18.8,18.81,18.82,18.83,18.84,18.85,18.88,18.89,18.9,18.92,800,100,3100,3700,1000,1200,500,500,1900,2100,3800,1400,4200,5500,3300,9000,1300,5700,5800,4400
396.0,18.8,103700,1947506.0,18.78,18.77,18.76,18.74,18.73,18.72,18.69,18.65,18.64,18.61,18.8,18.81,18.82,18.83,18.84,18.85,18.88,18.89,18.9,18.92,800,100,3100,3700,1000,1200,500,500,1900,2100,3800,1400,4200,5500,3300,9000,1300,5700,5800,4400
397.0,18.78,103900,1951262.0,18.78,18.77,18.76,18.74,18.73,18.72,18.69,18.65,18.64,18.61,18.8,18.81,18.82,18.83,18.84,18.85,18.88,18.89,18.9,18.92,600,100,3100,3700,1000,1200,500,500,1900,2100,3800,1400,4200,5500,3300,9000,1300,5700,5800,4400
398.0,18.78,103900,1951262.0,18.79,18.78,18.77,18.76,18.74,18.73,18.72,18.69,18.65,18.64,18.8,18.81,18.82,18.83,18.84,18.85,18.88,18.89,18.9,18.92,800,600,100,3100,3700,1000,1200,500,500,1900,3800,1400,4200,5500,3300,9000,1300,5700,5800,4400
399.0,18.78,103900,1951262.0,18.79,18.78,18.77,18.76,18.74,18.73,18.72,18.69,18.65,18.64,18.8,18.81,18.82,18.83,18.84,18.85,18.88,18.89,18.9,18.92,800,600,100,3100,3700,1000,1200,500,500,1900,3800,1400,4200,5500,3300,9000,1300,5700,5800,4400
400.0,18.79,104000,1953141.0,18.79,18.78,18.77,18.76,18.74,18.73,18.72,18.69,18.65,18.64,18.8,18.81,18.82,18.83,18.84,18.85,18.88,18.89,18.9,18.92,700,600,100,3100,3700,1000,1200,500,500,1900,3800,1400,4200,5500,3300,9000,1300,5700,5800,4400
401.0,18.79,104000,1953141.0,18.79,18.78,18.77,18.76,18.74,18.73,18.72,18.69,18.65,18.64,18.8,18.81,18.82,18.83,18.84,18.85,18.88,18.89,18.9,18.92,700,600,100,3100,3700,1000,1200,500,500,1900,3800,1400,4200,5500,3300,9000,1300,5700,5800,4400
402.0,18.8,104100,1955021.0,18.79,18.78,18.77,18.76,18.74,18.73,18.72,18.69,18.65,18.64,18.8,18.81,18.82,18.83,18.84,18.85,18.88,18.89,18.9,18.92,700,600,100,3100,3700,1000,1200,500,500,1900,3700,1400,4200,5500,3300,9000,1300,5700,5800,4400
403.0,18.8,104100,1955021.0,18.79,18.78,18.77,18.76,18.74,18.73,18.72,18.69,18.65,18.64,18.8,18.81,18.82,18.83,18.84,18.85,18.88,18.89,18.9,18.92,700,600,100,3100,3700,1000,1200,500,500,1900,3700,1400,4200,5500,3300,9000,1300,5700,5800,4400
404.0,18.8,104100,1955021.0,18.79,18.78,18.77,18.76,18.74,18.73,18.72,18.69,18.65,18.64,18.8,18.81,18.82,18.83,18.84,18.85,18.88,18.89,18.9,18.92,700,600,100,3100,3700,1000,1200,500,500,1900,3700,1400,4200,5500,3300,9000,1300,5700,5800,4400
405.0,18.8,104100,1955021.0,18.79,18.78,18.77,18.76,18.74,18.73,18.72,18.69,18.65,18.64,18.8,18.81,18.82,18.83,18.84,18.85,18.88,18.89,18.9,18.92,700,600,100,3100,3700,1000,1200,500,500,1900,3700,1400,4200,5500,3300,9000,1300,5700,5800,4400
406.0,18.8,104100,1955021.0,18.79,18.78,18.77,18.76,18.74,18.73,18.72,18.69,18.65,18.64,18.8,18.81,18.82,18.83,18.84,18.85,18.88,18.89,18.9,18.92,700,600,100,3100,3700,1000,1200,500,500,1900,3700,1400,4200,5500,3300,9000,1300,5700,5800,4400
407.0,18.8,104100,1955021.0,18.79,18.78,18.77,18.76,18.74,18.73,18.72,18.69,18.65,18.64,18.8,18.81,18.82,18.83,18.84,18.85,18.88,18.89,18.9,18.92,700,600,100,3100,3700,1000,1200,500,500,1900,3700,1400,4200,5500,3300,9000,1300,5700,5800,4400
408.0,18.8,104100,1955021.0,18.79,18.78,18.77,18.76,18.74,18.73,18.72,18.69,18.65,18.64,18.8,18.81,18.82,18.83,18.84,18.85,18.88,18.89,18.9,18.92,700,600,100,3100,3700,1000,1200,500,500,1900,3700,1400,4200,5500,3300,9000,1300,5700,5800,4400
409.0,18.8,104100,1955021.0,18.79,18.78,18.77,18.76,18.74,18.73,18.72,18.69,18.65,18.64,18.8,18.81,18.82,18.83,18.84,18.85,18.88,18.89,18.9,18.92,700,600,100,3100,3700,1000,1200,500,500,1900,3700,1400,4200,5500,3300,9000,1300,5700,5800,4400
410.0,18.8,104100,1955021.0,18.79,18.78,18.77,18.76,18.74,18.73,18.72,18.69,18.65,18.64,18.8,18.81,18.82,18.83,18.84,18.85,18.88,18.89,18.9,18.92,700,600,100,3100,3700,1000,1200,500,500,1900,3800,1400,4200,5500,3300,9000,1300,5700,5800,4400
411.0,18.8,104100,1955021.0,18.79,18.78,18.77,18.76,18.74,18.73,18.72,18.69,18.65,18.64,18.8,18.81,18.82,18.83,18.84,18.85,18.88,18.89,18.9,18.92,700,600,100,3100,3700,1000,1200,500,500,1900,3800,1400,4200,5500,3300,9000,1300,5700,5800,4400
