LocalTime,LastPrice,TradeVolume,TradeValue,BidPrice1,BidPrice2,BidPrice3,BidPrice4,BidPrice5,BidPrice6,BidPrice7,BidPrice8,BidPrice9,BidPriceA,AskPrice1,AskPrice2,AskPrice3,AskPrice4,AskPrice5,AskPrice6,AskPrice7,AskPrice8,AskPrice9,AskPriceA,BidVolume1,BidVolume2,BidVolume3,BidVolume4,BidVolume5,BidVolume6,BidVolume7,BidVolume8,BidVolume9,BidVolumeA,AskVolume1,AskVolume2,AskVolume3,AskVolume4,AskVolume5,AskVolume6,AskVolume7,AskVolume8,AskVolume9,AskVolumeA
0.0,5.94,4400,26136.0,5.9,5.87,5.86,5.82,5.8,5.79,5.77,5.75,5.71,5.65,5.94,5.96,5.97,5.99,6.0,6.01,6.08,6.09,6.15,6.16,3800,300,10000,2700,1500,2100,1000,300,500,1300,6900,9100,1200,1000,500,100,400,1200,500,6000
1.0,5.94,4400,26136.0,5.9,5.87,5.86,5.82,5.8,5.79,5.77,5.75,5.71,5.65,5.93,5.94,5.96,5.97,5.99,6.0,6.01,6.08,6.09,6.15,3800,300,10000,2700,1500,2100,1000,300,500,1300,400,6900,9100,1200,1000,500,100,400,1200,700
2.0,5.94,4400,26136.0,5.9,5.87,5.86,5.82,5.8,5.79,5.77,5.75,5.71,5.65,5.93,5.94,5.95,5.96,5.97,5.99,6.0,6.01,6.03,6.08,3800,300,19900,2700,1500,2100,1000,300,500,1300,400,6900,2800,9100,1200,1000,500,100,10000,400
3.0,5.94,4400,26136.0,5.9,5.87,5.86,5.82,5.8,5.79,5.77,5.75,5.71,5.65,5.93,5.94,5.95,5.96,5.97,5.99,6.0,6.01,6.03,6.08,3800,300,19900,2700,1500,2100,1000,300,500,1300,400,6900,2800,9100,2200,1000,1500,100,10000,400
4.0,5.9,4500,26726.0,5.9,5.87,5.86,5.82,5.8,5.79,5.77,5.75,5.71,5.65,5.93,5.94,5.95,5.96,5.97,5.99,6.0,6.01,6.03,6.08,3700,300,19900,2700,1500,2100,1000,300,500,1300,3100,19400,2800,9100,2200,3000,8300,100,20000,400
5.0,5.9,4800,28496.0,5.9,5.87,5.86,5.82,5.8,5.79,5.77,5.75,5.71,5.65,5.93,5.94,5.95,5.96,5.97,5.99,6.0,6.01,6.03,6.08,3400,300,19900,2700,1500,2100,1000,300,500,1300,3100,21800,2800,9100,15200,3000,18300,100,20000,400
6.0,5.9,5000,29676.0,5.91,5.9,5.87,5.86,5.82,5.8,5.79,5.77,5.75,5.71,5.93,5.94,5.95,5.96,5.97,5.99,6.0,6.01,6.03,6.08,300,5200,300,19900,2700,1500,2100,1000,300,500,3300,21600,2800,9100,15200,3000,18300,100,20000,400
7.0,5.9,9400,55648.0,5.9,5.87,5.86,5.82,5.8,5.79,5.77,5.75,5.71,5.65,5.93,5.94,5.95,5.96,5.97,5.99,6.0,6.01,6.03,6.08,1400,300,19900,2700,1500,2100,1000,300,500,1300,16600,34900,2800,9100,15200,3000,18300,100,20000,400
8.0,5.9,10300,60958.0,5.9,5.87,5.86,5.82,5.8,5.79,5.77,5.75,5.71,5.65,5.93,5.94,5.95,5.96,5.97,5.99,6.0,6.01,6.03,6.08,500,300,19900,2700,1500,2100,1000,300,500,1300,16600,34900,2800,9100,15200,3000,18300,100,20000,400
9.0,5.9,10800,63908.0,5.87,5.86,5.82,5.8,5.79,5.77,5.75,5.71,5.65,5.6,5.9,5.92,5.93,5.94,5.95,5.96,5.97,5.99,6.0,6.01,300,19900,2700,1500,2100,1000,300,500,1300,2900,300,10000,16800,34900,2800,9100,15200,13000,18300,100
10.0,5.9,10800,63908.0,5.87,5.86,5.82,5.8,5.79,5.77,5.75,5.71,5.65,5.6,5.9,5.92,5.93,5.94,5.95,5.96,5.97,5.99,6.0,6.01,300,19900,2700,1500,2100,1000,300,1500,1300,2900,2700,15200,18600,38900,12800,10400,15200,13000,20300,100
11.0,5.87,11100,65669.0,5.86,5.82,5.8,5.79,5.77,5.75,5.71,5.65,5.6,5.55,5.87,5.89,5.9,5.92,5.93,5.94,5.95,5.96,5.97,5.98,19900,2700,1500,2100,1000,300,1500,1300,2900,6800,200,300,6400,10800,18200,38900,12800,10400,15200,1000
12.0,5.86,13200,77975.0,5.86,5.82,5.8,5.79,5.77,5.75,5.71,5.65,5.6,5.55,5.87,5.89,5.9,5.92,5.93,5.94,5.95,5.96,5.97,5.98,17800,2700,1500,2100,1000,300,1500,1300,2900,6800,4300,300,1000,10100,20000,38900,12800,10400,15200,1000
13.0,5.86,14300,84421.0,5.86,5.82,5.8,5.79,5.77,5.75,5.71,5.65,5.6,5.55,5.87,5.89,5.9,5.92,5.93,5.94,5.95,5.96,5.97,5.98,16700,2700,1500,2100,1000,300,1500,1300,2900,6800,4800,300,800,10100,20000,38900,12800,10400,15200,4000
14.0,5.86,14600,86179.0,5.86,5.82,5.8,5.79,5.77,5.75,5.71,5.65,5.6,5.55,5.87,5.89,5.9,5.92,5.93,5.94,5.95,5.96,5.97,5.98,16400,2700,1500,2100,1000,300,1500,1300,2900,6800,4800,300,800,10100,19300,38900,12800,10400,15200,4000
15.0,5.86,15700,92625.0,5.86,5.82,5.8,5.79,5.77,5.75,5.71,5.65,5.6,5.55,5.87,5.89,5.9,5.92,5.93,5.94,5.95,5.96,5.97,5.98,15300,2700,1500,2100,1000,300,1500,1300,2900,6800,4800,100,600,10100,19300,38900,12800,10400,15200,4000
16.0,5.86,30300,178181.0,5.86,5.82,5.8,5.79,5.77,5.75,5.71,5.65,5.6,5.55,5.87,5.89,5.9,5.91,5.92,5.93,5.94,5.95,5.96,5.97,700,2700,1500,2100,1000,300,1500,1300,2900,6800,1900,16400,17300,16600,21700,19300,38900,12800,10400,15200
17.0,5.85,31200,183453.0,5.83,5.82,5.8,5.79,5.77,5.75,5.71,5.65,5.6,5.55,5.85,5.86,5.87,5.89,5.9,5.91,5.92,5.93,5.94,5.95,2900,2700,1500,2100,1000,300,1500,1300,2900,6800,800,1400,900,16400,17300,16600,21700,19300,38900,12800
18.0,5.85,31200,183453.0,5.83,5.82,5.8,5.79,5.77,5.75,5.71,5.65,5.6,5.55,5.85,5.86,5.87,5.89,5.9,5.91,5.92,5.93,5.94,5.95,4700,2700,1500,2100,1000,300,1500,1300,2900,6800,800,100,900,16400,17300,16600,21700,19300,38900,12800
19.0,5.85,31300,184038.0,5.83,5.82,5.8,5.79,5.77,5.75,5.71,5.65,5.6,5.55,5.85,5.86,5.87,5.89,5.9,5.91,5.92,5.93,5.94,5.95,4700,2700,1500,2100,1000,300,1500,1300,2900,6800,700,100,700,16400,17300,16600,21700,19300,38900,12800
20.0,5.84,31600,185792.0,5.83,5.82,5.8,5.79,5.77,5.75,5.71,5.65,5.6,5.55,5.87,5.89,5.9,5.91,5.92,5.93,5.94,5.95,5.96,5.97,4700,2700,1500,2100,1000,300,1500,1300,2900,6800,700,16400,17300,16600,21700,19300,38900,12800,10400,15200
21.0,5.84,31600,185792.0,5.83,5.82,5.8,5.79,5.77,5.75,5.71,5.65,5.6,5.55,5.87,5.89,5.9,5.91,5.92,5.93,5.94,5.95,5.96,5.97,4700,2700,1500,2100,1000,300,1500,1300,2900,6800,700,16400,17300,16600,21700,19300,38900,12800,10400,15200
22.0,5.87,32000,188140.0,5.83,5.82,5.8,5.79,5.77,5.75,5.71,5.65,5.6,5.55,5.87,5.89,5.9,5.91,5.92,5.93,5.94,5.95,5.96,5.97,4700,2700,1500,2100,1000,300,1500,1300,2900,6800,300,16400,17300,16600,21700,19300,38900,12800,10400,15200
23.0,5.86,32200,189312.0,5.85,5.83,5.82,5.8,5.79,5.77,5.75,5.71,5.65,5.6,5.86,5.87,5.89,5.9,5.91,5.92,5.93,5.94,5.95,5.96,3700,4700,2700,1500,2100,1000,300,1500,1300,2900,200,300,16400,17300,16600,21700,19300,38900,12800,10400
24.0,5.86,32200,189312.0,5.85,5.83,5.82,5.8,5.79,5.77,5.75,5.71,5.65,5.6,5.86,5.87,5.89,5.9,5.91,5.92,5.93,5.94,5.95,5.96,3700,4700,2700,1500,2100,1000,300,1500,1300,2900,200,300,16400,17300,16600,21700,19300,38900,12800,10400
25.0,5.86,32200,189312.0,5.85,5.83,5.82,5.81,5.8,5.79,5.77,5.75,5.71,5.65,5.86,5.87,5.89,5.9,5.91,5.92,5.93,5.94,5.95,5.96,3700,4700,2700,1000,1500,2100,1000,300,1500,1300,200,300,16400,17300,16600,21700,19300,36700,12800,10400
26.0,5.86,32400,190484.0,5.85,5.83,5.82,5.81,5.8,5.79,5.77,5.75,5.71,5.65,5.87,5.89,5.9,5.91,5.92,5.93,5.94,5.95,5.96,5.97,3700,4800,2700,1000,1500,2100,1000,300,1500,1300,300,16400,17300,16600,21700,19300,36700,12800,10400,15200
27.0,5.86,32400,190484.0,5.85,5.83,5.82,5.81,5.8,5.79,5.77,5.75,5.71,5.65,5.87,5.89,5.9,5.91,5.92,5.93,5.94,5.95,5.96,5.97,3700,4800,2700,1000,1500,2100,1000,300,1500,1300,300,16400,17300,16600,21700,19300,36700,12800,10400,15200
28.0,5.86,32400,190484.0,5.85,5.83,5.82,5.81,5.8,5.79,5.77,5.75,5.71,5.65,5.87,5.89,5.9,5.91,5.92,5.93,5.94,5.95,5.96,5.97,3700,4800,2700,1000,1500,2100,1000,300,1500,1300,300,16400,17300,16600,21700,19300,36700,12800,10400,15200
29.0,5.86,32400,190484.0,5.85,5.83,5.82,5.81,5.8,5.79,5.77,5.75,5.71,5.65,5.87,5.89,5.9,5.91,5.92,5.93,5.94,5.95,5.96,5.97,3700,4800,2700,1000,1500,2100,1000,300,1500,1300,300,16400,17300,16600,21700,19300,36700,12800,10400,15200
30.0,5.86,32400,190484.0,5.85,5.83,5.82,5.81,5.8,5.79,5.77,5.75,5.71,5.65,5.87,5.89,5.9,5.91,5.92,5.93,5.94,5.95,5.96,5.97,3700,4800,2700,1000,1500,2100,1000,300,1500,1300,300,16400,17300,16600,21700,19300,36700,12800,10400,15200
31.0,5.86,32400,190484.0,5.85,5.83,5.82,5.81,5.8,5.79,5.77,5.75,5.71,5.65,5.87,5.89,5.9,5.91,5.92,5.93,5.94,5.95,5.96,5.97,3700,4800,2700,1000,1500,2100,1000,300,1500,1300,300,16400,17300,16600,21700,19300,36700,12800,10400,15200
32.0,5.86,32400,190484.0,5.85,5.83,5.82,5.81,5.8,5.79,5.77,5.75,5.71,5.65,5.87,5.89,5.9,5.91,5.92,5.93,5.94,5.95,5.96,5.97,3700,4800,2700,1000,1500,2100,1000,300,1500,1300,300,16400,17300,16600,21700,19300,36700,12800,10400,15200
33.0,5.88,32800,192833.0,5.88,5.85,5.83,5.82,5.81,5.8,5.79,5.77,5.75,5.71,5.89,5.9,5.91,5.92,5.93,5.94,5.95,5.96,5.97,5.98,3400,3700,4800,2700,1000,1500,2100,1000,300,1500,16500,17300,16600,21700,19300,36700,12800,10400,15200,4000
34.0,5.85,36300,213410.0,5.85,5.83,5.82,5.81,5.8,5.79,5.77,5.75,5.71,5.65,5.88,5.89,5.9,5.91,5.92,5.93,5.94,5.95,5.96,5.97,3600,4800,2700,1000,1500,2100,1000,300,1500,1300,100,16500,17300,16600,21700,19200,36700,12800,10400,15200
35.0,5.85,36300,213410.0,5.85,5.83,5.82,5.81,5.8,5.79,5.77,5.75,5.71,5.65,5.88,5.89,5.9,5.91,5.92,5.93,5.94,5.95,5.96,5.97,3600,4800,2700,1000,1500,2100,1000,300,1500,1300,300,16500,17300,16600,21700,19200,36700,12000,10400,15200
36.0,5.85,36300,213410.0,5.85,5.83,5.82,5.81,5.8,5.79,5.77,5.75,5.71,5.65,5.88,5.89,5.9,5.91,5.92,5.93,5.94,5.95,5.96,5.97,3600,4800,2700,1000,1500,2100,1000,300,1500,1300,300,16500,17300,16600,21700,19200,36700,12000,10400,15200
37.0,5.85,36300,213410.0,5.85,5.83,5.82,5.81,5.8,5.79,5.77,5.75,5.71,5.65,5.88,5.89,5.9,5.91,5.92,5.93,5.94,5.95,5.96,5.97,3600,4800,2700,1000,1500,2100,1000,300,1500,1300,300,16500,17300,16600,21700,19200,36700,12000,10400,5200
38.0,5.85,36300,213410.0,5.85,5.83,5.82,5.81,5.8,5.79,5.77,5.75,5.71,5.65,5.88,5.89,5.9,5.91,5.92,5.93,5.94,5.95,5.96,5.97,3600,4800,2700,1000,4800,2100,1000,300,1500,1300,300,16500,17300,16600,21700,19200,36700,12000,10400,5200
39.0,5.85,36300,213410.0,5.85,5.83,5.82,5.81,5.8,5.79,5.77,5.75,5.71,5.65,5.88,5.89,5.9,5.91,5.92,5.93,5.94,5.95,5.96,5.97,3600,4800,2700,1000,4800,2100,1000,300,1500,1300,300,16500,17300,16600,21700,19200,36700,12000,10400,5200
40.0,5.85,36300,213410.0,5.85,5.83,5.82,5.81,5.8,5.79,5.77,5.75,5.71,5.65,5.88,5.89,5.9,5.91,5.92,5.93,5.94,5.95,5.96,5.97,3600,4800,2700,1000,4800,2100,1000,300,1500,1300,300,16500,17300,16600,21700,19200,36700,12000,10400,5200
41.0,5.85,36300,213410.0,5.85,5.83,5.82,5.81,5.8,5.79,5.77,5.75,5.71,5.65,5.88,5.89,5.9,5.91,5.92,5.93,5.94,5.95,5.96,5.97,3600,4800,2700,1000,4800,2100,1000,300,1500,1300,300,16500,17300,16600,21700,19200,36700,12000,10400,5200
42.0,5.85,36300,213410.0,5.85,5.84,5.83,5.82,5.81,5.8,5.79,5.77,5.75,5.71,5.88,5.89,5.9,5.91,5.92,5.93,5.94,5.95,5.96,5.97,3600,500,4800,2700,1000,4800,2100,1000,300,1500,300,16500,17300,16600,21700,19200,36700,12000,10400,5200
43.0,5.85,36300,213410.0,5.85,5.84,5.83,5.82,5.81,5.8,5.79,5.77,5.75,5.71,5.88,5.89,5.9,5.91,5.92,5.93,5.94,5.95,5.96,5.97,3600,500,4800,2700,1000,4800,2100,1000,300,1500,300,16500,17300,16600,21700,19200,36700,12000,10400,5200
44.0,5.85,36300,213410.0,5.86,5.85,5.84,5.83,5.82,5.81,5.8,5.79,5.77,5.75,5.88,5.89,5.9,5.91,5.92,5.93,5.94,5.95,5.96,5.97,3000,4600,500,2100,2700,1000,4800,2100,1000,300,200,16400,17300,16600,21700,19200,36700,12000,10400,5200
45.0,5.85,36300,213410.0,5.86,5.85,5.84,5.83,5.82,5.81,5.8,5.79,5.77,5.75,5.88,5.89,5.9,5.91,5.92,5.93,5.94,5.95,5.96,5.97,3000,4600,500,2100,2700,1000,4800,2100,1000,300,200,100,17300,16600,21700,19200,36700,12000,10400,5200
46.0,5.86,36400,213996.0,5.86,5.85,5.84,5.83,5.82,5.81,5.8,5.79,5.77,5.75,5.88,5.89,5.9,5.91,5.92,5.93,5.94,5.95,5.96,5.97,2900,4600,500,1900,2700,1000,4800,2100,1000,300,400,100,17300,16600,21700,19200,36700,12000,10400,5200
47.0,5.86,36500,214582.0,5.86,5.85,5.84,5.83,5.82,5.81,5.8,5.79,5.77,5.75,5.88,5.89,5.9,5.91,5.92,5.93,5.94,5.95,5.96,5.97,3000,4600,500,1900,2700,1000,4800,2100,1000,300,400,100,17300,16600,21700,19200,36700,12000,10400,5200
48.0,5.86,36500,214582.0,5.86,5.85,5.84,5.83,5.82,5.81,5.8,5.79,5.77,5.75,5.88,5.89,5.9,5.91,5.92,5.93,5.94,5.95,5.96,5.97,3000,4600,500,1900,2700,1000,4800,2100,1000,300,400,100,17300,16600,21700,19200,32700,12000,10400,5200
49.0,5.86,36500,214582.0,5.86,5.85,5.84,5.83,5.82,5.81,5.8,5.79,5.77,5.75,5.88,5.89,5.9,5.91,5.92,5.93,5.94,5.95,5.96,5.97,3000,4600,500,1900,2700,1000,4800,2100,1000,300,400,100,17300,16600,21700,19200,32700,12000,10400,5200
50.0,5.86,36500,214582.0,5.86,5.85,5.84,5.83,5.82,5.81,5.8,5.79,5.77,5.75,5.88,5.89,5.9,5.91,5.92,5.93,5.94,5.95,5.96,5.97,3000,4600,500,1900,2700,1000,4800,2100,1000,300,500,100,17300,16600,21700,19200,32700,12000,10400,5200
51.0,5.86,36500,214582.0,5.86,5.85,5.84,5.83,5.82,5.81,5.8,5.79,5.77,5.75,5.88,5.89,5.9,5.91,5.92,5.93,5.94,5.95,5.96,5.97,3000,4600,500,1900,2700,1000,4800,2100,1000,300,500,100,17300,16600,21700,19200,32700,12000,10400,5200
52.0,5.86,36500,214582.0,5.86,5.85,5.84,5.83,5.82,5.81,5.8,5.79,5.77,5.75,5.88,5.89,5.9,5.91,5.92,5.93,5.94,5.95,5.96,5.97,3000,4600,500,1900,2700,1000,4800,2100,1000,300,500,100,17300,16600,21700,19200,33500,12000,10400,5200
53.0,5.86,36500,214582.0,5.86,5.85,5.84,5.83,5.82,5.81,5.8,5.79,5.77,5.75,5.88,5.89,5.9,5.91,5.92,5.93,5.94,5.95,5.96,5.97,3000,4600,500,1900,2700,1000,4800,2100,1000,300,700,100,17300,16600,21700,19200,33500,12000,10400,5200
54.0,5.86,36500,214582.0,5.86,5.85,5.84,5.83,5.82,5.81,5.8,5.79,5.77,5.75,5.88,5.89,5.9,5.91,5.92,5.93,5.94,5.95,5.96,5.97,3000,4600,500,1900,2700,1000,4800,2100,1000,300,700,100,17300,16600,21700,19200,33500,12000,10400,5200
55.0,5.86,36500,214582.0,5.86,5.85,5.84,5.83,5.82,5.81,5.8,5.79,5.77,5.75,5.88,5.89,5.9,5.91,5.92,5.93,5.94,5.95,5.96,5.97,3000,4600,500,1900,2700,1000,4800,2100,1000,300,700,100,17300,16600,21700,19200,33500,12000,10400,5200
56.0,5.88,36600,215170.0,5.86,5.85,5.84,5.83,5.82,5.81,5.8,5.79,5.77,5.75,5.88,5.89,5.9,5.91,5.92,5.93,5.94,5.95,5.96,5.97,3000,4600,2500,1900,2700,1000,4800,2100,1000,300,600,100,17300,16600,21700,19200,33500,12000,10400,5200
57.0,5.88,36600,215170.0,5.86,5.85,5.84,5.83,5.82,5.81,5.8,5.79,5.77,5.75,5.88,5.89,5.9,5.91,5.92,5.93,5.94,5.95,5.96,5.97,3000,4600,2500,1900,2700,1000,4800,2100,1000,300,600,100,17300,16600,21700,19200,33500,12000,10400,5200
58.0,5.88,36600,215170.0,5.86,5.85,5.84,5.83,5.82,5.81,5.8,5.79,5.77,5.75,5.88,5.89,5.9,5.91,5.92,5.93,5.94,5.95,5.96,5.97,3000,4600,2500,1900,2700,1000,4800,2100,1000,300,600,100,17300,16600,21700,19200,33500,12000,10400,5200
59.0,5.88,36600,215170.0,5.86,5.85,5.84,5.83,5.82,5.81,5.8,5.79,5.77,5.75,5.88,5.89,5.9,5.91,5.92,5.93,5.94,5.95,5.96,5.97,3000,4600,2500,1900,2700,1000,4800,2100,1000,300,600,100,17300,16600,21700,19200,33500,12000,10400,5200
60.0,5.88,36600,215170.0,5.86,5.85,5.84,5.83,5.82,5.81,5.8,5.79,5.77,5.75,5.88,5.89,5.9,5.91,5.92,5.93,5.94,5.95,5.96,5.97,3000,4600,2500,1900,2700,1000,4800,2100,1000,300,600,100,17300,16600,21700,19200,33500,12000,10400,5200
61.0,5.88,36600,215170.0,5.86,5.85,5.84,5.83,5.82,5.81,5.8,5.79,5.77,5.75,5.88,5.89,5.9,5.91,5.92,5.93,5.94,5.95,5.96,5.97,3000,4600,2500,1900,2700,1000,4800,2100,1000,300,600,100,17300,16600,21700,19200,33500,12000,10400,5200
62.0,5.88,36600,215170.0,5.86,5.85,5.84,5.83,5.82,5.81,5.8,5.79,5.77,5.75,5.88,5.89,5.9,5.91,5.92,5.93,5.94,5.95,5.96,5.97,3000,4600,2500,1900,2700,1000,4800,2100,1000,300,600,100,17300,16600,21700,19200,33500,12000,10400,5200
63.0,5.88,36600,215170.0,5.86,5.85,5.84,5.83,5.82,5.81,5.8,5.79,5.77,5.75,5.88,5.89,5.9,5.91,5.92,5.93,5.94,5.95,5.96,5.97,3000,4600,2500,1900,2700,1000,4800,2100,1000,300,600,100,17300,16600,21700,19200,33500,12000,10400,5200
64.0,5.88,36600,215170.0,5.86,5.85,5.84,5.83,5.82,5.81,5.8,5.79,5.77,5.75,5.88,5.89,5.9,5.91,5.92,5.93,5.94,5.95,5.96,5.97,3000,4600,2500,1900,2700,1000,4800,2100,1000,300,600,100,17300,16600,21700,19200,33500,12000,10400,5200
65.0,5.86,36900,216928.0,5.86,5.85,5.84,5.83,5.82,5.81,5.8,5.79,5.77,5.75,5.88,5.89,5.9,5.91,5.92,5.93,5.94,5.95,5.96,5.97,2700,4600,2500,1900,2700,1000,4800,2100,1000,300,600,100,17300,16600,21700,19200,33500,12000,10400,5200
66.0,5.86,42300,248572.0,5.85,5.84,5.83,5.82,5.81,5.8,5.79,5.77,5.75,5.71,5.86,5.88,5.89,5.9,5.91,5.92,5.93,5.94,5.95,5.96,4600,2500,1900,2700,1000,4800,2100,1000,300,1500,200,600,100,17200,16600,21700,19100,33500,12000,10400
67.0,5.86,42500,249744.0,5.86,5.85,5.84,5.83,5.82,5.81,5.8,5.79,5.77,5.75,5.88,5.89,5.9,5.91,5.92,5.93,5.94,5.95,5.96,5.97,100,4600,2500,1900,2700,1000,4800,2100,1000,300,600,100,17200,16600,21700,19100,33500,12000,10400,5200
68.0,5.86,42500,249744.0,5.86,5.85,5.84,5.83,5.82,5.81,5.8,5.79,5.77,5.75,5.88,5.89,5.9,5.91,5.92,5.93,5.94,5.95,5.96,5.97,100,4600,2500,1900,2700,1000,4800,2100,1000,300,600,100,17200,16600,21700,19100,33500,12000,10400,5200
69.0,5.86,42500,249744.0,5.86,5.85,5.84,5.83,5.82,5.81,5.8,5.79,5.77,5.75,5.88,5.89,5.9,5.91,5.92,5.93,5.94,5.95,5.96,5.97,3100,4600,2500,1900,2700,1000,4800,2100,1000,300,600,100,17200,16600,21700,19100,33500,12000,10400,5200
70.0,5.86,42500,249744.0,5.86,5.85,5.84,5.83,5.82,5.81,5.8,5.79,5.77,5.75,5.88,5.89,5.9,5.91,5.92,5.93,5.94,5.95,5.96,5.97,3100,4600,2500,1900,2700,1000,4800,2100,1000,300,600,100,17200,16600,21700,19100,33500,12000,10400,5200
71.0,5.86,42500,249744.0,5.86,5.85,5.84,5.83,5.82,5.81,5.8,5.79,5.77,5.75,5.88,5.89,5.9,5.91,5.92,5.93,5.94,5.95,5.96,5.97,3200,4600,2500,1900,2700,1000,4800,2100,1000,300,600,100,17200,16600,21700,19100,33500,12000,10400,5200
72.0,5.86,42500,249744.0,5.86,5.85,5.84,5.83,5.82,5.81,5.8,5.79,5.77,5.75,5.88,5.89,5.9,5.91,5.92,5.93,5.94,5.95,5.96,5.97,3200,4600,2500,1900,2700,1000,4800,2100,1000,300,600,100,17200,16600,21700,19100,33500,12000,10400,5200
73.0,5.86,42500,249744.0,5.86,5.85,5.84,5.83,5.82,5.81,5.8,5.79,5.77,5.75,5.88,5.89,5.9,5.91,5.92,5.93,5.94,5.95,5.96,5.97,3200,4600,2500,1900,2700,1000,4800,2100,1000,300,600,100,17200,16600,21700,19100,33500,12000,10400,5200
74.0,5.86,42500,249744.0,5.86,5.85,5.84,5.83,5.82,5.81,5.8,5.79,5.77,5.75,5.88,5.89,5.9,5.91,5.92,5.93,5.94,5.95,5.96,5.97,3200,4600,2500,1900,2700,1000,4800,2100,1000,300,600,100,17200,16600,21700,19100,33500,12000,10400,5200
75.0,5.86,42500,249744.0,5.86,5.85,5.84,5.83,5.82,5.81,5.8,5.79,5.77,5.75,5.88,5.89,5.9,5.91,5.92,5.93,5.94,5.95,5.96,5.97,6400,4600,2500,1900,2700,1000,4800,2100,1000,300,600,100,17200,16600,21700,19100,33500,12000,10400,5200
76.0,5.86,42500,249744.0,5.86,5.85,5.84,5.83,5.82,5.81,5.8,5.79,5.77,5.75,5.88,5.89,5.9,5.91,5.92,5.93,5.94,5.95,5.96,5.97,6400,4600,2500,1900,2700,1000,4800,2100,1000,300,600,100,17200,16600,21700,19100,33500,12000,10400,5200
77.0,5.86,42500,249744.0,5.86,5.85,5.84,5.83,5.82,5.81,5.8,5.79,5.77,5.75,5.88,5.89,5.9,5.91,5.92,5.93,5.94,5.95,5.96,5.97,6400,4600,2500,1900,2700,1000,4800,2100,1000,300,600,100,17200,16600,21700,19100,33500,12000,10400,5200
78.0,5.86,42500,249744.0,5.86,5.85,5.84,5.83,5.82,5.81,5.8,5.79,5.77,5.75,5.88,5.89,5.9,5.91,5.92,5.93,5.94,5.95,5.96,5.97,7400,4600,2500,1900,2700,1000,4800,2100,1000,300,600,100,17200,16600,21700,19100,33500,12000,10400,5200
79.0,5.86,42500,249744.0,5.86,5.85,5.84,5.83,5.82,5.81,5.8,5.79,5.77,5.75,5.88,5.89,5.9,5.91,5.92,5.93,5.94,5.95,5.96,5.97,7400,4600,2500,1900,2700,1000,4800,2100,1000,300,600,100,17200,16600,21700,19100,33500,12000,10400,5200
80.0,5.86,42500,249744.0,5.86,5.85,5.84,5.83,5.82,5.81,5.8,5.79,5.77,5.75,5.88,5.89,5.9,5.91,5.92,5.93,5.94,5.95,5.96,5.97,7400,4600,2500,1900,2700,1000,4800,2100,1000,300,600,100,17200,16600,21700,19100,33500,12000,10400,5200
81.0,5.86,42500,249744.0,5.86,5.85,5.84,5.83,5.82,5.81,5.8,5.79,5.77,5.75,5.88,5.89,5.9,5.91,5.92,5.93,5.94,5.95,5.96,5.97,7400,4600,2500,1900,2700,1000,4800,2100,1000,300,600,100,17200,16600,21700,19100,33500,12000,10400,5200
82.0,5.86,42500,249744.0,5.86,5.85,5.84,5.83,5.82,5.81,5.8,5.79,5.77,5.75,5.88,5.89,5.9,5.91,5.92,5.93,5.94,5.95,5.96,5.97,7400,4600,2500,1900,2700,1000,4800,2100,1000,300,600,100,17200,16600,21700,19100,33500,12000,10400,5200
83.0,5.88,42700,250920.0,5.86,5.85,5.84,5.83,5.82,5.81,5.8,5.79,5.77,5.75,5.88,5.89,5.9,5.91,5.92,5.93,5.94,5.95,5.96,5.97,7400,4600,2500,1900,2700,1000,4800,2100,1000,300,400,100,17200,16600,21700,19100,33500,12000,10400,5200
84.0,5.88,42700,250920.0,5.86,5.85,5.84,5.83,5.82,5.81,5.8,5.79,5.77,5.75,5.88,5.89,5.9,5.91,5.92,5.93,5.94,5.95,5.96,5.97,7400,4600,2500,1900,2700,1000,4800,2100,1000,300,400,100,17200,16600,21700,19100,33500,12000,10400,5200
85.0,5.88,42700,250920.0,5.86,5.85,5.84,5.83,5.82,5.81,5.8,5.79,5.77,5.75,5.88,5.89,5.9,5.91,5.92,5.93,5.94,5.95,5.96,5.97,7400,4600,2500,1900,2700,1000,4800,2100,1000,300,400,100,17200,16600,21700,19100,33500,12000,10400,5200
86.0,5.88,43100,253272.0,5.87,5.86,5.85,5.84,5.83,5.82,5.81,5.8,5.79,5.77,5.89,5.9,5.91,5.92,5.93,5.94,5.95,5.96,5.97,5.98,900,20700,4600,2500,1900,2700,1000,4800,2100,1000,100,17200,16600,21700,19100,33500,12000,10400,5200,3000
87.0,5.88,43100,253272.0,5.88,5.87,5.86,5.85,5.84,5.83,5.82,5.81,5.8,5.79,5.89,5.9,5.91,5.92,5.93,5.94,5.95,5.96,5.97,5.98,100,900,20600,4600,2500,1900,2700,1000,4800,2100,100,500,16600,21700,19100,33500,12000,10400,5200,3000
88.0,5.88,43100,253272.0,5.88,5.87,5.86,5.85,5.84,5.83,5.82,5.81,5.8,5.79,5.89,5.9,5.91,5.92,5.93,5.94,5.95,5.96,5.97,5.98,1300,900,20600,4600,2500,1900,2700,1000,4800,2100,800,500,16600,21700,19100,33500,12000,10400,5200,3000
89.0,5.88,43100,253272.0,5.88,5.87,5.86,5.85,5.84,5.83,5.82,5.81,5.8,5.79,5.89,5.9,5.91,5.92,5.93,5.94,5.95,5.96,5.97,5.98,1300,900,20600,4600,2500,1900,2700,1000,4800,2100,800,500,16600,21700,19100,33500,12000,10400,5200,3000
90.0,5.88,43100,253272.0,5.88,5.87,5.86,5.85,5.84,5.83,5.82,5.81,5.8,5.79,5.89,5.9,5.91,5.92,5.93,5.94,5.95,5.96,5.97,5.98,1300,900,20600,4600,2500,1900,2700,1000,4800,2100,800,500,16600,21700,19100,33500,12000,10400,5200,3000
91.0,5.88,43100,253272.0,5.88,5.87,5.86,5.85,5.84,5.83,5.82,5.81,5.8,5.79,5.89,5.9,5.91,5.92,5.93,5.94,5.95,5.96,5.97,5.98,1300,900,20600,4600,2500,1900,2700,1000,4800,2100,800,500,16600,21700,19100,33500,12000,10400,5200,3000
92.0,5.89,43200,253861.0,5.88,5.87,5.86,5.85,5.84,5.83,5.82,5.81,5.8,5.79,5.89,5.9,5.91,5.92,5.93,5.94,5.95,5.96,5.97,5.98,1300,900,20600,4600,2500,1900,2700,1000,4800,2100,700,500,16600,21700,19100,33500,12000,10400,5200,3000
93.0,5.89,43200,253861.0,5.88,5.87,5.86,5.85,5.84,5.83,5.82,5.81,5.8,5.79,5.89,5.9,5.91,5.92,5.93,5.94,5.95,5.96,5.97,5.98,1300,900,20600,4600,2500,1900,2700,1000,4800,2100,700,500,16600,21700,19100,33500,12000,10400,5200,3000
94.0,5.89,43200,253861.0,5.88,5.87,5.86,5.85,5.84,5.83,5.82,5.81,5.8,5.79,5.89,5.9,5.91,5.92,5.93,5.94,5.95,5.96,5.97,5.98,1300,900,20600,4600,2500,1900,2700,1000,4800,2100,700,500,16600,21700,19100,33500,12000,10400,5200,3000
95.0,5.88,43400,255037.0,5.88,5.87,5.86,5.85,5.84,5.83,5.82,5.81,5.8,5.79,5.89,5.9,5.91,5.92,5.93,5.94,5.95,5.96,5.97,5.98,1100,900,20600,4600,2500,1900,2700,1000,4800,2100,700,500,16600,21700,19100,33500,12000,10400,5200,3000
96.0,5.88,43400,255037.0,5.88,5.87,5.86,5.85,5.84,5.83,5.82,5.81,5.8,5.79,5.89,5.9,5.91,5.92,5.93,5.94,5.95,5.96,5.97,5.98,1100,900,20600,4600,2500,1900,2700,1000,4800,2100,700,500,16600,21700,19100,33500,12000,10400,5200,3000
97.0,5.88,43400,255037.0,5.88,5.87,5.86,5.85,5.84,5.83,5.82,5.81,5.8,5.79,5.89,5.9,5.91,5.92,5.93,5.94,5.95,5.96,5.97,5.98,1100,900,20600,4600,2000,1900,2700,1000,4800,2100,700,500,16600,21700,19100,33500,12000,10400,5200,3000
98.0,5.89,43500,255626.0,5.88,5.87,5.86,5.85,5.84,5.83,5.82,5.81,5.8,5.79,5.89,5.9,5.91,5.92,5.93,5.94,5.95,5.96,5.97,5.98,1100,900,20600,4600,2000,1900,2700,1000,4800,2100,700,500,16600,21700,19100,33500,12000,10400,5200,3000
99.0,5.89,43500,255626.0,5.88,5.87,5.86,5.85,5.84,5.83,5.82,5.81,5.8,5.79,5.89,5.9,5.91,5.92,5.93,5.94,5.95,5.96,5.97,5.98,1100,900,20600,4600,2000,1900,2700,1000,4800,2100,700,500,16600,21700,19100,33500,12000,10400,5200,3000
100.0,5.89,43500,255626.0,5.88,5.87,5.86,5.85,5.84,5.83,5.82,5.81,5.8,5.79,5.89,5.9,5.91,5.92,5.93,5.94,5.95,5.96,5.97,5.98,1100,900,20600,4600,2000,1900,2700,1000,4800,2100,700,500,16600,21700,19100,33500,12000,10400,5200,3000
101.0,5.89,43500,255626.0,5.88,5.87,5.86,5.85,5.84,5.83,5.82,5.81,5.8,5.79,5.89,5.9,5.91,5.92,5.93,5.94,5.95,5.96,5.97,5.98,1100,900,20600,4600,2000,1900,2700,1000,4800,2100,700,500,16600,21700,19100,33500,12000,10400,5200,3000
102.0,5.89,43500,255626.0,5.88,5.87,5.86,5.85,5.84,5.83,5.82,5.81,5.8,5.79,5.89,5.9,5.91,5.92,5.93,5.94,5.95,5.96,5.97,5.98,1100,900,20600,4600,2000,1900,2700,1000,4800,2100,700,500,16600,21700,19100,33500,12000,10400,5200,3000
103.0,5.89,43500,255626.0,5.88,5.87,5.86,5.85,5.84,5.83,5.82,5.81,5.8,5.79,5.89,5.9,5.91,5.92,5.93,5.94,5.95,5.96,5.97,5.98,1100,900,20600,4600,2000,1900,2700,1000,4800,2100,700,500,16600,21700,19100,33500,12000,10400,5200,3000
104.0,5.89,43500,255626.0,5.88,5.87,5.86,5.85,5.84,5.83,5.82,5.81,5.8,5.79,5.89,5.9,5.91,5.92,5.93,5.94,5.95,5.96,5.97,5.98,1100,900,20600,4600,2000,1900,2700,1000,6300,2100,700,500,16600,21700,19100,33500,12000,10400,5200,3000
105.0,5.89,43500,255626.0,5.88,5.87,5.86,5.85,5.84,5.83,5.82,5.81,5.8,5.79,5.89,5.9,5.91,5.92,5.93,5.94,5.95,5.96,5.97,5.98,1100,900,20600,4600,2000,1900,2700,1000,6300,2100,700,500,16600,21700,19100,33500,12000,10400,5200,3000
106.0,5.89,43500,255626.0,5.88,5.87,5.86,5.85,5.84,5.83,5.82,5.81,5.8,5.79,5.89,5.9,5.91,5.92,5.93,5.94,5.95,5.96,5.97,5.98,1100,900,20600,4600,2000,1900,2700,1000,6300,2100,700,500,16600,21700,19100,33500,12000,10400,5200,3000
107.0,5.89,43500,255626.0,5.88,5.87,5.86,5.85,5.84,5.83,5.82,5.81,5.8,5.79,5.89,5.9,5.91,5.92,5.93,5.94,5.95,5.96,5.97,5.98,1100,900,21100,4600,2000,1900,2700,1000,6300,2100,700,500,16600,21700,19100,33500,12000,10400,5200,3000
108.0,5.89,43500,255626.0,5.88,5.87,5.86,5.85,5.84,5.83,5.82,5.81,5.8,5.79,5.89,5.9,5.91,5.92,5.93,5.94,5.95,5.96,5.97,5.98,1100,900,21100,4600,2000,1900,2700,1000,6300,2100,700,500,16600,21700,19100,33500,12000,10400,5200,3000
109.0,5.89,43500,255626.0,5.88,5.87,5.86,5.85,5.84,5.83,5.82,5.81,5.8,5.79,5.89,5.9,5.91,5.92,5.93,5.94,5.95,5.96,5.97,5.98,1100,900,21100,4600,2000,1900,2700,1000,6300,2100,700,500,16600,21700,19100,33500,12000,10400,5200,3000
110.0,5.89,43600,256215.0,5.88,5.87,5.86,5.85,5.84,5.83,5.82,5.81,5.8,5.79,5.89,5.9,5.91,5.92,5.93,5.94,5.95,5.96,5.97,5.98,1100,900,21100,4600,2000,1900,2700,1000,6300,2100,600,500,16600,21700,19100,33500,12000,10400,5200,3000
111.0,5.89,43600,256215.0,5.88,5.87,5.86,5.85,5.84,5.83,5.82,5.81,5.8,5.79,5.89,5.9,5.91,5.92,5.93,5.94,5.95,5.96,5.97,5.98,1100,900,21100,4600,2000,1900,2700,1000,6300,2100,600,500,16600,21700,19100,33500,12000,10400,5200,3000
112.0,5.89,43600,256215.0,5.88,5.87,5.86,5.85,5.84,5.83,5.82,5.81,5.8,5.79,5.89,5.9,5.91,5.92,5.93,5.94,5.95,5.96,5.97,5.98,1100,900,21100,4600,2000,1900,2700,1000,6300,2100,600,500,16600,21700,19100,33500,12000,10400,5200,3000
113.0,5.89,43600,256215.0,5.88,5.87,5.86,5.85,5.84,5.83,5.82,5.81,5.8,5.79,5.89,5.9,5.91,5.92,5.93,5.94,5.95,5.96,5.97,5.98,1100,900,21100,4600,2000,1900,2700,1000,6300,2100,600,500,16600,21700,19100,33500,12000,10400,5200,3000
114.0,5.89,43600,256215.0,5.88,5.87,5.86,5.85,5.84,5.83,5.82,5.81,5.8,5.79,5.89,5.9,5.91,5.92,5.93,5.94,5.95,5.96,5.97,5.98,1100,900,21100,4600,2000,1900,2700,1000,6300,2100,600,500,16600,21700,19100,33500,12000,10400,5200,3000
115.0,5.89,43600,256215.0,5.88,5.87,5.86,5.85,5.84,5.83,5.82,5.81,5.8,5.79,5.89,5.9,5.91,5.92,5.93,5.94,5.95,5.96,5.97,5.98,1100,900,21100,4600,2000,1900,2700,1000,6300,2100,600,500,16600,21700,19100,33500,12000,10400,5200,3000
116.0,5.89,43600,256215.0,5.88,5.87,5.86,5.85,5.84,5.83,5.82,5.81,5.8,5.79,5.89,5.9,5.91,5.92,5.93,5.94,5.95,5.96,5.97,5.98,1100,900,21100,4600,2000,1900,2700,1000,6300,2100,600,500,16600,21700,19100,33500,12000,10400,5200,3000
117.0,5.89,43600,256215.0,5.88,5.87,5.86,5.85,5.84,5.83,5.82,5.81,5.8,5.79,5.89,5.9,5.91,5.92,5.93,5.94,5.95,5.96,5.97,5.98,1100,900,21100,17900,2000,1900,2700,1000,6300,2100,600,500,16600,21700,19100,33500,12000,10400,5200,3000
118.0,5.89,43600,256215.0,5.88,5.87,5.86,5.85,5.84,5.83,5.82,5.81,5.8,5.79,5.89,5.9,5.91,5.92,5.93,5.94,5.95,5.96,5.97,5.98,1100,900,21100,17900,2000,1900,2700,1000,6300,2100,600,500,16600,21700,19100,33500,12000,10400,5200,3000
119.0,5.88,43700,256803.0,5.88,5.87,5.86,5.85,5.84,5.83,5.82,5.81,5.8,5.79,5.89,5.9,5.91,5.92,5.93,5.94,5.95,5.96,5.97,5.98,1000,900,21100,17900,2000,1900,2700,1000,6300,2100,600,500,16600,21700,19100,33500,12000,10400,5200,3000
120.0,5.88,43800,257391.0,5.88,5.87,5.86,5.85,5.84,5.83,5.82,5.81,5.8,5.79,5.89,5.9,5.91,5.92,5.93,5.94,5.95,5.96,5.97,5.98,900,900,21100,17900,2000,1900,2700,1000,6300,2100,600,500,16600,21700,19100,33500,12000,10400,5200,3000
121.0,5.89,43900,257980.0,5.88,5.87,5.86,5.85,5.84,5.83,5.82,5.81,5.8,5.79,5.89,5.9,5.91,5.92,5.93,5.94,5.95,5.96,5.97,5.98,900,900,21100,17900,2000,1900,2700,1000,6300,2100,500,500,16600,21700,19100,33500,12000,10400,5200,3000
122.0,5.88,44800,263272.0,5.87,5.86,5.85,5.84,5.83,5.82,5.81,5.8,5.79,5.77,5.88,5.89,5.9,5.91,5.92,5.93,5.94,5.95,5.96,5.97,1000,21100,17900,2000,1900,2700,1000,6300,2100,1000,700,500,500,16600,21700,19100,33500,12000,10400,5200
123.0,5.89,46100,270920.0,5.89,5.87,5.86,5.85,5.84,5.83,5.82,5.81,5.8,5.79,5.9,5.91,5.92,5.93,5.94,5.95,5.96,5.97,5.98,5.99,11400,900,21100,17900,2000,1900,2700,1000,6300,2100,500,16600,21700,19100,33500,12000,10400,5200,3000,13000
124.0,5.89,46100,270920.0,5.89,5.87,5.86,5.85,5.84,5.83,5.82,5.81,5.8,5.79,5.9,5.92,5.93,5.94,5.95,5.96,5.97,5.98,5.99,6.0,11400,900,21100,17900,2000,1900,2700,1000,6300,2100,800,21700,19100,33500,12000,10400,5200,3000,13000,12600
125.0,5.89,46300,272098.0,5.89,5.87,5.86,5.85,5.84,5.83,5.82,5.81,5.8,5.79,5.9,5.92,5.93,5.94,5.95,5.96,5.97,5.98,5.99,6.0,11200,900,21100,17900,2000,1900,2700,1000,6300,2100,1000,21700,19100,33500,12000,10400,5200,3000,13000,12600
126.0,5.89,46300,272098.0,5.89,5.87,5.86,5.85,5.84,5.83,5.82,5.81,5.8,5.79,5.9,5.92,5.93,5.94,5.95,5.96,5.97,5.98,5.99,6.0,11200,900,21100,17900,2000,1900,2700,1000,6300,2100,1000,21700,19100,33500,12000,10400,5200,3000,13000,12600
127.0,5.89,47400,278577.0,5.89,5.87,5.86,5.85,5.84,5.83,5.82,5.81,5.8,5.79,5.9,5.92,5.93,5.94,5.95,5.96,5.97,5.98,5.99,6.0,10100,900,21100,17900,2000,1900,2700,1000,6300,2100,1000,21700,19100,33500,12000,10400,5200,3000,13000,12600
128.0,5.89,47400,278577.0,5.89,5.87,5.86,5.85,5.84,5.83,5.82,5.81,5.8,5.79,5.9,5.92,5.93,5.94,5.95,5.96,5.97,5.98,5.99,6.0,10100,900,21100,17900,2000,1900,2700,1000,6300,2100,1000,21700,19100,33500,12000,10400,5200,3000,13000,12600
129.0,5.89,59100,347490.0,5.88,5.87,5.86,5.85,5.84,5.83,5.82,5.81,5.8,5.79,5.89,5.9,5.92,5.93,5.94,5.95,5.96,5.97,5.98,5.99,9000,900,21100,17900,2000,1900,2700,1000,6300,2100,4800,1000,21700,19100,33500,12000,10400,5200,3000,13000
130.0,5.88,60000,352782.0,5.88,5.87,5.86,5.85,5.84,5.83,5.82,5.81,5.8,5.79,5.89,5.9,5.92,5.93,5.94,5.95,5.96,5.97,5.98,5.99,8100,900,21100,17900,2000,1900,2700,1000,6300,2100,4800,1000,21700,19100,33500,12000,10400,5200,3000,13000
131.0,5.89,60300,354549.0,5.88,5.87,5.86,5.85,5.84,5.83,5.82,5.81,5.8,5.79,5.89,5.9,5.92,5.93,5.94,5.95,5.96,5.97,5.98,5.99,8100,900,21100,17900,2000,1900,2700,1000,6300,2100,4500,1000,21700,19100,33500,12000,11400,5200,3000,13000
132.0,5.89,60300,354549.0,5.88,5.87,5.86,5.85,5.84,5.83,5.82,5.81,5.8,5.79,5.89,5.9,5.92,5.93,5.94,5.95,5.96,5.97,5.98,5.99,8100,900,21100,17900,2000,1900,2700,1000,6300,2100,4500,1000,21700,19100,33500,12000,11400,5200,3000,13000
133.0,5.89,62000,364554.0,5.88,5.87,5.86,5.85,5.84,5.83,5.82,5.81,5.8,5.79,5.89,5.9,5.92,5.93,5.94,5.95,5.96,5.97,5.98,5.99,7300,900,21100,17900,2000,1900,2700,1000,6300,2100,3600,1000,21700,19100,33500,12000,11400,5200,3000,13000
134.0,5.89,62000,364554.0,5.88,5.87,5.86,5.85,5.84,5.83,5.82,5.81,5.8,5.79,5.89,5.9,5.92,5.93,5.94,5.95,5.96,5.97,5.98,5.99,7300,900,21100,17900,2000,1900,2700,1000,6300,2100,3600,1000,21700,19100,33500,12000,11400,5200,3000,13000
135.0,5.89,65400,384580.0,5.88,5.87,5.86,5.85,5.84,5.83,5.82,5.81,5.8,5.79,5.89,5.9,5.92,5.93,5.94,5.95,5.96,5.97,5.98,5.99,7300,900,21100,17900,2000,1900,2700,1000,6300,2100,200,1000,21700,19100,33500,12000,11400,4200,3000,13000
136.0,5.88,66200,389284.0,5.88,5.87,5.86,5.85,5.84,5.83,5.82,5.81,5.8,5.79,5.89,5.9,5.92,5.93,5.94,5.95,5.96,5.97,5.98,5.99,6500,900,21100,17900,2000,1900,2700,1000,6300,2100,200,1000,21700,19100,33500,12000,11400,4200,3000,13000
137.0,5.88,66200,389284.0,5.88,5.87,5.86,5.85,5.84,5.83,5.82,5.81,5.8,5.79,5.89,5.9,5.92,5.93,5.94,5.95,5.96,5.97,5.98,5.99,6500,900,21100,17900,2000,1900,2700,1000,6300,2100,200,1000,21700,19100,33500,12000,11400,4200,3000,13000
138.0,5.88,66200,389284.0,5.88,5.87,5.86,5.85,5.84,5.83,5.82,5.81,5.8,5.79,5.89,5.9,5.92,5.93,5.94,5.95,5.96,5.97,5.98,5.99,6500,900,21100,17900,2000,1900,2700,1000,6300,2100,200,1000,21700,19100,33500,12000,11400,4200,3000,13000
139.0,5.88,66200,389284.0,5.88,5.87,5.86,5.85,5.84,5.83,5.82,5.81,5.8,5.79,5.89,5.9,5.92,5.93,5.94,5.95,5.96,5.97,5.98,5.99,6500,900,21100,17900,2000,1900,2700,1000,6300,2100,200,1000,21700,19100,33500,12000,11400,4200,3000,13000
140.0,5.89,67100,394579.0,5.89,5.88,5.87,5.86,5.85,5.84,5.83,5.82,5.81,5.8,5.9,5.92,5.93,5.94,5.95,5.96,5.97,5.98,5.99,6.0,600,5900,900,21100,17900,2000,1900,2700,1000,6300,1000,21700,19100,33500,12000,11400,4200,3000,13000,12600
141.0,5.89,67100,394579.0,5.89,5.88,5.87,5.86,5.85,5.84,5.83,5.82,5.81,5.8,5.9,5.92,5.93,5.94,5.95,5.96,5.97,5.98,5.99,6.0,600,5900,900,21100,17900,2000,1900,2700,1000,6300,1000,21700,19100,33500,12000,11400,4200,3000,13000,12600
142.0,5.89,67100,394579.0,5.89,5.88,5.87,5.86,5.85,5.84,5.83,5.82,5.81,5.8,5.9,5.92,5.93,5.94,5.95,5.96,5.97,5.98,5.99,6.0,600,5900,900,21100,17900,2000,1900,2700,1000,6300,1000,21700,19100,33500,12000,11400,4200,3000,13000,12600
143.0,5.89,67100,394579.0,5.89,5.88,5.87,5.86,5.85,5.84,5.83,5.82,5.81,5.8,5.9,5.92,5.93,5.94,5.95,5.96,5.97,5.98,5.99,6.0,600,5900,900,21100,17900,2000,1900,2700,1000,6300,1000,21700,19100,33500,12000,11400,4200,3000,13000,12600
144.0,5.89,67100,394579.0,5.89,5.88,5.87,5.86,5.85,5.84,5.83,5.82,5.81,5.8,5.9,5.92,5.93,5.94,5.95,5.96,5.97,5.98,5.99,6.0,600,5900,900,21100,17900,2000,1900,2700,1000,6300,1000,21700,19100,33500,12000,11400,4200,3000,13000,12600
145.0,5.9,67300,395759.0,5.89,5.88,5.87,5.86,5.85,5.84,5.83,5.82,5.81,5.8,5.9,5.92,5.93,5.94,5.95,5.96,5.97,5.98,5.99,6.0,600,5900,900,21100,17900,2000,1900,2700,1000,6300,800,21700,19100,34500,12000,11400,4200,3000,13000,12600
146.0,5.9,67300,395759.0,5.88,5.87,5.86,5.85,5.84,5.83,5.82,5.81,5.8,5.79,5.9,5.92,5.93,5.94,5.95,5.96,5.97,5.98,5.99,6.0,5900,900,21100,17900,2000,1900,2700,1000,6300,2100,500,21700,19100,34500,12000,11400,4200,3000,13000,12600
147.0,5.88,67800,398699.0,5.88,5.87,5.86,5.85,5.84,5.83,5.82,5.81,5.8,5.79,5.9,5.92,5.93,5.94,5.95,5.96,5.97,5.98,5.99,6.0,5500,900,21100,17900,2000,1900,2700,1000,6300,2100,600,21700,19100,34500,12000,11400,4200,3000,13000,12600
148.0,5.88,67800,398699.0,5.88,5.87,5.86,5.85,5.84,5.83,5.82,5.81,5.8,5.79,5.89,5.9,5.92,5.93,5.94,5.95,5.96,5.97,5.98,5.99,5500,900,21100,17900,2000,1900,2700,1000,6300,2100,7600,600,21700,19100,34500,12000,11400,4200,3000,13000
149.0,5.88,67800,398699.0,5.88,5.87,5.86,5.85,5.84,5.83,5.82,5.81,5.8,5.79,5.89,5.9,5.92,5.93,5.94,5.95,5.96,5.97,5.98,5.99,5500,3900,21100,17900,2000,1900,2700,1000,39600,2100,7600,600,21700,19100,34500,12000,11400,4200,3000,13000
150.0,5.88,68300,401639.0,5.88,5.87,5.86,5.85,5.84,5.83,5.82,5.81,5.8,5.79,5.89,5.9,5.92,5.93,5.94,5.95,5.96,5.97,5.98,5.99,5000,3900,21100,17900,15300,1900,2700,1000,39600,2100,7600,600,21700,18900,34500,12000,11400,4200,3000,13000
151.0,5.88,68300,401639.0,5.88,5.87,5.86,5.85,5.84,5.83,5.82,5.81,5.8,5.79,5.89,5.9,5.92,5.93,5.94,5.95,5.96,5.97,5.98,5.99,5000,3900,21100,17900,15300,1900,2700,1000,39600,2100,7600,600,21700,18900,34500,12000,11400,4200,3000,13000
152.0,5.88,68600,403403.0,5.88,5.87,5.86,5.85,5.84,5.83,5.82,5.81,5.8,5.79,5.89,5.9,5.92,5.93,5.94,5.95,5.96,5.97,5.98,5.99,4700,3900,21100,17900,15300,1900,2700,1000,39600,2100,7600,600,21700,18900,34500,12000,11400,4200,3000,13000
153.0,5.89,70000,411649.0,5.88,5.87,5.86,5.85,5.84,5.83,5.82,5.81,5.8,5.79,5.89,5.9,5.92,5.93,5.94,5.95,5.96,5.97,5.98,5.99,4700,3900,21100,17900,15300,1900,2700,1000,39600,2100,6200,600,21700,18900,34500,12000,11400,4200,3000,13000
154.0,5.89,70600,415179.0,5.88,5.87,5.86,5.85,5.84,5.83,5.82,5.81,5.8,5.79,5.89,5.9,5.92,5.93,5.94,5.95,5.96,5.97,5.98,5.99,4300,3900,21100,17900,15300,1900,2700,1000,39600,2100,6000,600,21700,18900,34500,12000,11400,4200,3000,13000
155.0,5.89,70600,415179.0,5.88,5.87,5.86,5.85,5.84,5.83,5.82,5.81,5.8,5.79,5.89,5.9,5.92,5.93,5.94,5.95,5.96,5.97,5.98,5.99,4300,3900,21100,17900,15300,1900,2700,1000,39600,2100,6000,600,21700,18900,34500,12000,11400,4200,3000,13000
156.0,5.88,71400,419883.0,5.88,5.87,5.86,5.85,5.84,5.83,5.82,5.81,5.8,5.79,5.89,5.9,5.92,5.93,5.94,5.95,5.96,5.97,5.98,5.99,3500,3900,21100,22900,15300,1900,2700,1000,39600,2100,6000,600,21700,18900,34500,12000,11400,4200,3000,13000
157.0,5.88,71400,419883.0,5.88,5.87,5.86,5.85,5.84,5.83,5.82,5.81,5.8,5.79,5.89,5.9,5.92,5.93,5.94,5.95,5.96,5.97,5.98,5.99,3500,3900,21100,22900,15300,1900,2700,1000,39600,2100,6000,600,21700,18900,34500,12000,11400,4200,3000,13000
158.0,5.88,71400,419883.0,5.88,5.87,5.86,5.85,5.84,5.83,5.82,5.81,5.8,5.79,5.89,5.9,5.92,5.93,5.94,5.95,5.96,5.97,5.98,5.99,3500,3900,21100,22900,15300,1900,2700,1000,39600,2100,6000,600,21700,18900,34500,12000,11400,4200,3000,13000
159.0,5.88,71400,419883.0,5.88,5.87,5.86,5.85,5.84,5.83,5.82,5.81,5.8,5.79,5.89,5.9,5.92,5.93,5.94,5.95,5.96,5.97,5.98,5.99,3500,3900,21100,22900,15300,1900,2700,1000,39600,2100,6000,600,21700,18900,34500,12000,11400,4200,3000,13000
160.0,5.88,71700,421647.0,5.88,5.87,5.86,5.85,5.84,5.83,5.82,5.81,5.8,5.79,5.89,5.9,5.92,5.93,5.94,5.95,5.96,5.97,5.98,5.99,3200,3900,21100,22900,15300,1900,2700,1000,39600,2100,6000,600,21700,18900,34500,12000,11400,4200,3000,13000
161.0,5.88,71700,421647.0,5.88,5.87,5.86,5.85,5.84,5.83,5.82,5.81,5.8,5.79,5.89,5.9,5.92,5.93,5.94,5.95,5.96,5.97,5.98,5.99,3200,3900,21100,22900,15300,1900,2700,1000,39600,2100,6000,600,21700,18900,34500,12000,11400,4200,3000,13000
162.0,5.88,71700,421647.0,5.88,5.87,5.86,5.85,5.84,5.83,5.82,5.81,5.8,5.79,5.89,5.9,5.92,5.93,5.94,5.95,5.96,5.97,5.98,5.99,3200,3900,21100,22900,15300,1900,2700,1000,39600,2100,6000,600,21700,18900,34500,12000,11400,4200,3000,13000
163.0,5.88,71700,421647.0,5.88,5.87,5.86,5.85,5.84,5.83,5.82,5.81,5.8,5.79,5.89,5.9,5.92,5.93,5.94,5.95,5.96,5.97,5.98,5.99,3200,3900,21100,22900,15300,1900,2700,1000,39600,2100,6000,600,21700,18900,34500,12000,11400,4200,3000,13000
164.0,5.88,72000,423411.0,5.88,5.87,5.86,5.85,5.84,5.83,5.82,5.81,5.8,5.79,5.89,5.9,5.92,5.93,5.94,5.95,5.96,5.97,5.98,5.99,2900,3900,21100,22900,15300,1900,2700,1000,39600,2100,6000,600,21700,18900,34500,12000,11400,4200,3000,13000
165.0,5.88,72000,423411.0,5.88,5.87,5.86,5.85,5.84,5.83,5.82,5.81,5.8,5.79,5.89,5.9,5.92,5.93,5.94,5.95,5.96,5.97,5.98,5.99,2900,3900,21100,22900,15300,1900,2700,1000,39600,2100,6000,600,21700,18900,34500,12000,11400,4200,3000,13000
166.0,5.88,72000,423411.0,5.88,5.87,5.86,5.85,5.84,5.83,5.82,5.81,5.8,5.79,5.89,5.9,5.92,5.93,5.94,5.95,5.96,5.97,5.98,5.99,2900,3900,21100,22900,15300,1900,2700,1000,39600,2100,6000,600,21700,18900,34500,12000,11400,4200,3000,13000
167.0,5.88,72200,424587.0,5.88,5.87,5.86,5.85,5.84,5.83,5.82,5.81,5.8,5.79,5.89,5.9,5.92,5.93,5.94,5.95,5.96,5.97,5.98,5.99,2700,11900,21100,22900,15300,1900,2700,1000,39600,2100,6000,600,21700,18900,34500,12000,11400,4200,3000,13000
168.0,5.88,72700,427527.0,5.88,5.87,5.86,5.85,5.84,5.83,5.82,5.81,5.8,5.79,5.89,5.9,5.92,5.93,5.94,5.95,5.96,5.97,5.98,5.99,2200,11900,21100,22900,15300,1900,2700,1000,39600,2100,6000,600,21700,18900,34500,12000,11400,4200,3000,13000
169.0,5.88,72700,427527.0,5.88,5.87,5.86,5.85,5.84,5.83,5.82,5.81,5.8,5.79,5.89,5.9,5.92,5.93,5.94,5.95,5.96,5.97,5.98,5.99,2200,11900,21100,22900,15300,1900,2700,1000,39600,2100,6000,600,21700,18900,34500,12000,11400,4200,3000,13000
170.0,5.88,72700,427527.0,5.88,5.87,5.86,5.85,5.84,5.83,5.82,5.81,5.8,5.79,5.89,5.9,5.92,5.93,5.94,5.95,5.96,5.97,5.98,5.99,2200,11900,21100,22900,15300,1900,2700,1000,39600,2100,6000,600,21700,18900,34500,12000,11400,4200,3000,13000
171.0,5.88,72900,428703.0,5.88,5.87,5.86,5.85,5.84,5.83,5.82,5.81,5.8,5.79,5.89,5.9,5.92,5.93,5.94,5.95,5.96,5.97,5.98,5.99,2000,11900,21100,22900,15300,1900,2700,1000,39600,2100,6000,600,21700,18900,34500,12000,11400,4200,3000,13000
172.0,5.89,73500,432237.0,5.88,5.87,5.86,5.85,5.84,5.83,5.82,5.81,5.8,5.79,5.89,5.9,5.92,5.93,5.94,5.95,5.96,5.97,5.98,5.99,2000,11900,21100,22900,15300,1900,2700,1000,39600,2100,5400,600,21700,18900,34500,12000,11400,4200,3000,13000
173.0,5.89,73500,432237.0,5.88,5.87,5.86,5.85,5.84,5.83,5.82,5.81,5.8,5.79,5.89,5.9,5.92,5.93,5.94,5.95,5.96,5.97,5.98,5.99,2000,11900,21100,22900,15300,1900,2700,1000,39600,2100,5400,600,21700,18900,34500,12000,11400,4200,3000,13000
174.0,5.88,73700,433413.0,5.88,5.87,5.86,5.85,5.84,5.83,5.82,5.81,5.8,5.79,5.89,5.9,5.92,5.93,5.94,5.95,5.96,5.97,5.98,5.99,1800,11900,21100,22900,15300,1900,2700,1000,39600,2100,1600,600,21700,18900,34500,12000,11400,4200,3000,13000
175.0,5.88,73700,433413.0,5.88,5.87,5.86,5.85,5.84,5.83,5.82,5.81,5.8,5.79,5.89,5.9,5.92,5.93,5.94,5.95,5.96,5.97,5.98,5.99,1800,11900,21100,22900,15300,1900,2700,1000,39600,2100,1600,600,21700,18900,34500,12000,11400,4200,3000,13000
176.0,5.88,73700,433413.0,5.88,5.87,5.86,5.85,5.84,5.83,5.82,5.81,5.8,5.79,5.89,5.9,5.92,5.93,5.94,5.95,5.96,5.97,5.98,5.99,1800,11900,21100,22900,15300,1900,2700,1000,39600,2100,1600,600,21700,18900,34500,12000,11400,4200,3000,13000
177.0,5.88,73700,433413.0,5.88,5.87,5.86,5.85,5.84,5.83,5.82,5.81,5.8,5.79,5.89,5.9,5.92,5.93,5.94,5.95,5.96,5.97,5.98,5.99,1800,11900,21100,22900,15300,1900,2700,1000,39600,2100,1600,600,21700,18900,32000,12000,11400,4200,3000,13000
178.0,5.88,73800,434001.0,5.88,5.87,5.86,5.85,5.84,5.83,5.82,5.81,5.8,5.79,5.89,5.9,5.92,5.93,5.94,5.95,5.96,5.97,5.98,5.99,1700,11900,21100,22900,15300,1900,2700,1000,39600,2100,1600,600,21700,18900,32000,12000,11400,4200,3000,13000
179.0,5.9,77400,455225.0,5.88,5.87,5.86,5.85,5.84,5.83,5.82,5.81,5.8,5.79,5.9,5.91,5.92,5.93,5.94,5.95,5.96,5.97,5.98,5.99,1700,11900,21100,19300,15300,1900,2700,1000,39600,2100,1900,3800,21900,18900,32000,12000,11400,4200,3000,13000
180.0,5.88,77700,456989.0,5.88,5.87,5.86,5.85,5.84,5.83,5.82,5.81,5.8,5.79,5.9,5.91,5.92,5.93,5.94,5.95,5.96,5.97,5.98,5.99,1500,11900,21100,19300,15300,1900,2700,1000,39600,2100,2000,3800,21900,18900,32000,12000,11400,4200,3000,13000
181.0,5.88,77700,456989.0,5.88,5.87,5.86,5.85,5.84,5.83,5.82,5.81,5.8,5.79,5.9,5.91,5.92,5.93,5.94,5.95,5.96,5.97,5.98,5.99,1500,11900,21100,19300,15300,1900,2700,1000,39600,2100,2000,3800,21900,18900,32000,12000,11400,4200,3000,13000
182.0,5.88,77900,458165.0,5.88,5.87,5.86,5.85,5.84,5.83,5.82,5.81,5.8,5.79,5.9,5.91,5.92,5.93,5.94,5.95,5.96,5.97,5.98,5.99,1400,11900,21100,19300,15300,1900,2700,1000,39600,2100,2100,3800,21900,18900,32000,12000,11400,4200,3000,13000
183.0,5.88,77900,458165.0,5.88,5.87,5.86,5.85,5.84,5.83,5.82,5.81,5.8,5.79,5.89,5.9,5.91,5.92,5.93,5.94,5.95,5.96,5.97,5.98,1400,11900,21100,19300,15300,1900,2700,1000,39600,2100,100,500,3800,21900,18900,32000,12000,11400,4200,3000
184.0,5.88,77900,458165.0,5.88,5.87,5.86,5.85,5.84,5.83,5.82,5.81,5.8,5.79,5.89,5.9,5.91,5.92,5.93,5.94,5.95,5.96,5.97,5.98,1400,11900,21100,19300,15300,1900,2700,1000,39600,2100,100,500,3800,21900,18900,32000,12000,11400,4200,3000
185.0,5.88,78000,458753.0,5.88,5.87,5.86,5.85,5.84,5.83,5.82,5.81,5.8,5.79,5.89,5.9,5.91,5.92,5.93,5.94,5.95,5.96,5.97,5.98,1300,11900,21100,19300,15300,1900,2700,1000,39600,2100,100,500,3800,10300,18900,32000,12000,11400,4200,3000
186.0,5.88,78000,458753.0,5.88,5.87,5.86,5.85,5.84,5.83,5.82,5.81,5.8,5.79,5.89,5.9,5.91,5.92,5.93,5.94,5.95,5.96,5.97,5.98,2100,11900,21100,19300,15300,1900,2700,1000,39600,2100,100,500,3800,10300,18900,32000,12000,11400,4200,3000
187.0,5.88,78000,458753.0,5.88,5.87,5.86,5.85,5.84,5.83,5.82,5.81,5.8,5.79,5.89,5.9,5.91,5.92,5.93,5.94,5.95,5.96,5.97,5.98,2100,11900,21100,19300,15300,1900,2700,1000,39600,2100,100,500,3800,10300,18900,32000,12000,11400,4200,3000
188.0,5.88,78000,458753.0,5.88,5.87,5.86,5.85,5.84,5.83,5.82,5.81,5.8,5.79,5.89,5.9,5.91,5.92,5.93,5.94,5.95,5.96,5.97,5.98,2100,11900,21100,19300,15300,1900,2700,1000,39600,2100,100,500,3800,10300,18900,32000,12000,11400,4200,3000
189.0,5.88,78200,459929.0,5.88,5.87,5.86,5.85,5.84,5.83,5.82,5.81,5.8,5.79,5.89,5.9,5.91,5.92,5.93,5.94,5.95,5.96,5.97,5.98,1900,11900,21100,19300,15300,1900,2700,1000,39600,2100,100,500,3800,10300,18900,32000,12000,11400,4200,3000
190.0,5.89,78300,460518.0,5.88,5.87,5.86,5.85,5.84,5.83,5.82,5.81,5.8,5.79,5.9,5.91,5.92,5.93,5.94,5.95,5.96,5.97,5.98,5.99,1900,11900,21100,19300,15300,1900,2700,1000,39600,2100,500,3800,10300,18900,32000,12000,11400,4200,3000,13000
191.0,5.89,78300,460518.0,5.89,5.88,5.87,5.86,5.85,5.84,5.83,5.82,5.81,5.8,5.9,5.91,5.92,5.93,5.94,5.95,5.96,5.97,5.98,5.99,300,2000,11900,21100,19300,15300,1900,2700,1000,39600,800,3700,10300,18900,32000,12000,11400,4200,3000,13000
192.0,5.89,78300,460518.0,5.89,5.88,5.87,5.86,5.85,5.84,5.83,5.82,5.81,5.8,5.9,5.91,5.92,5.93,5.94,5.95,5.96,5.97,5.98,5.99,300,2000,11900,21100,19300,21000,1900,2700,1000,39600,800,3700,10300,18900,32000,12000,11400,4200,3000,13000
193.0,5.89,78300,460518.0,5.89,5.88,5.87,5.86,5.85,5.84,5.83,5.82,5.81,5.8,5.9,5.91,5.92,5.93,5.94,5.95,5.96,5.97,5.98,5.99,300,2000,11900,21100,19300,21000,1900,2700,1000,39600,800,3700,10300,18900,32000,12000,11400,4200,3000,13000
194.0,5.89,78300,460518.0,5.89,5.88,5.87,5.86,5.85,5.84,5.83,5.82,5.81,5.8,5.9,5.91,5.92,5.93,5.94,5.95,5.96,5.97,5.98,5.99,300,2000,11900,21100,19300,21000,1900,2700,1000,39600,800,3700,10300,18900,32000,12000,11400,4200,3000,13000
195.0,5.89,78300,460518.0,5.89,5.88,5.87,5.86,5.85,5.84,5.83,5.82,5.81,5.8,5.9,5.91,5.92,5.93,5.94,5.95,5.96,5.97,5.98,5.99,300,2000,11900,21100,19300,21000,1900,1700,1000,39600,800,3700,10300,18900,32000,12000,11400,4200,3000,13000
196.0,5.89,78300,460518.0,5.89,5.88,5.87,5.86,5.85,5.84,5.83,5.82,5.81,5.8,5.9,5.91,5.92,5.93,5.94,5.95,5.96,5.97,5.98,5.99,300,2000,11900,21100,19300,21000,1900,1700,1000,39600,800,3700,10300,18900,32000,12000,11400,4200,3000,13000
197.0,5.89,78300,460518.0,5.89,5.88,5.87,5.86,5.85,5.84,5.83,5.82,5.81,5.8,5.9,5.91,5.92,5.93,5.94,5.95,5.96,5.97,5.98,5.99,300,2000,11900,21100,19300,21000,1900,1700,1000,39600,800,3700,10300,18900,32000,12000,11400,4200,3000,13000
198.0,5.89,82100,482900.0,5.89,5.88,5.87,5.86,5.85,5.84,5.83,5.82,5.81,5.8,5.9,5.91,5.92,5.93,5.94,5.95,5.96,5.97,5.98,5.99,300,2000,11900,21100,19300,21000,1900,1700,1000,39600,800,3700,10300,18900,33500,12000,11400,4200,3000,13000
199.0,5.89,82100,482900.0,5.89,5.88,5.87,5.86,5.85,5.84,5.83,5.82,5.81,5.8,5.9,5.91,5.92,5.93,5.94,5.95,5.96,5.97,5.98,5.99,300,2000,11900,21100,19300,21000,1900,1700,1000,39600,500,200,10300,18900,33500,12000,11400,4200,3000,13000
200.0,5.89,82100,482900.0,5.89,5.88,5.87,5.86,5.85,5.84,5.83,5.82,5.81,5.8,5.9,5.91,5.92,5.93,5.94,5.95,5.96,5.97,5.98,5.99,200,2000,11900,21100,19300,21000,1900,1700,1000,39600,500,200,10300,18900,33500,12000,11400,4200,3000,13000
201.0,5.89,82900,487612.0,5.88,5.87,5.86,5.85,5.84,5.83,5.82,5.81,5.8,5.79,5.89,5.9,5.91,5.92,5.93,5.94,5.95,5.96,5.97,5.98,2000,11900,21100,19300,21000,1900,1700,1000,39600,2100,4600,500,200,10300,18900,33500,12000,11400,4200,3000
202.0,5.89,84600,497625.0,5.88,5.87,5.86,5.85,5.84,5.83,5.82,5.81,5.8,5.79,5.89,5.9,5.91,5.92,5.93,5.94,5.95,5.96,5.97,5.98,2000,11900,21100,19300,21000,1900,1700,1000,39600,2100,2900,500,200,10300,18900,33500,12000,11400,4200,3000
203.0,5.88,85200,501153.0,5.88,5.87,5.86,5.85,5.84,5.83,5.82,5.81,5.8,5.79,5.89,5.9,5.91,5.92,5.93,5.94,5.95,5.96,5.97,5.98,1400,11900,21100,19300,21000,1900,1700,1000,39600,2100,2900,500,200,10300,18900,33500,12000,11400,4200,3000
204.0,5.88,85200,501153.0,5.88,5.87,5.86,5.85,5.84,5.83,5.82,5.81,5.8,5.79,5.89,5.9,5.91,5.92,5.93,5.94,5.95,5.96,5.97,5.98,1400,11900,21100,19300,21000,1900,1700,1000,39600,2100,2900,500,200,10300,18900,33500,12000,11400,4200,3000
205.0,5.88,85200,501153.0,5.88,5.87,5.86,5.85,5.84,5.83,5.82,5.81,5.8,5.79,5.89,5.9,5.91,5.92,5.93,5.94,5.95,5.96,5.97,5.98,1400,11900,21100,19300,21000,1900,1700,1000,39600,2100,2900,500,200,10300,18900,33500,12000,11400,4200,3000
206.0,5.88,85300,501741.0,5.88,5.87,5.86,5.85,5.84,5.83,5.82,5.81,5.8,5.79,5.89,5.9,5.91,5.92,5.93,5.94,5.95,5.96,5.97,5.98,1300,11900,21100,19300,21000,1900,1700,1000,39600,2100,2900,500,200,10300,18900,33500,12000,11400,4200,3000
207.0,5.88,85300,501741.0,5.88,5.87,5.86,5.85,5.84,5.83,5.82,5.81,5.8,5.79,5.89,5.9,5.91,5.92,5.93,5.94,5.95,5.96,5.97,5.98,1300,11900,21100,19300,21000,1900,1700,1000,39600,2100,2900,500,200,10300,18900,33500,12000,11400,4200,3000
208.0,5.88,85300,501741.0,5.88,5.87,5.86,5.85,5.84,5.83,5.82,5.81,5.8,5.79,5.89,5.9,5.91,5.92,5.93,5.94,5.95,5.96,5.97,5.98,1300,11900,21100,19300,21000,1900,1700,1000,39600,2100,2900,500,200,10300,18900,33500,12000,11400,4200,3000
209.0,5.89,85500,502919.0,5.88,5.87,5.86,5.85,5.84,5.83,5.82,5.81,5.8,5.79,5.89,5.9,5.91,5.92,5.93,5.94,5.95,5.96,5.97,5.98,1300,11900,21100,19300,21000,1900,1700,1000,39600,2100,2700,500,200,10300,18900,33500,12000,11400,4200,3000
210.0,5.88,85600,503507.0,5.88,5.87,5.86,5.85,5.84,5.83,5.82,5.81,5.8,5.79,5.89,5.9,5.91,5.92,5.93,5.94,5.95,5.96,5.97,5.98,1200,11900,21100,19300,21000,1900,1700,1000,39600,2100,2700,500,200,10300,18900,33500,12000,11400,4200,3000
211.0,5.88,85600,503507.0,5.88,5.87,5.86,5.85,5.84,5.83,5.82,5.81,5.8,5.79,5.89,5.9,5.91,5.92,5.93,5.94,5.95,5.96,5.97,5.98,1200,11900,21100,19300,21000,1900,1700,1000,39600,2100,2700,500,200,10300,18900,33500,12000,11400,4200,3000
212.0,5.88,85600,503507.0,5.88,5.87,5.86,5.85,5.84,5.83,5.82,5.81,5.8,5.79,5.89,5.9,5.91,5.92,5.93,5.94,5.95,5.96,5.97,5.98,1200,11900,21100,19300,21000,1900,1700,1000,39600,2100,2700,500,200,10300,18900,33500,12000,11400,4200,3000
213.0,5.88,85700,504095.0,5.88,5.87,5.86,5.85,5.84,5.83,5.82,5.81,5.8,5.79,5.89,5.9,5.91,5.92,5.93,5.94,5.95,5.96,5.97,5.98,1100,11900,21100,19300,21000,1900,1700,1000,39600,2100,2700,500,200,10300,18900,33500,12000,11400,4200,3000
214.0,5.88,85700,504095.0,5.88,5.87,5.86,5.85,5.84,5.83,5.82,5.81,5.8,5.79,5.89,5.9,5.91,5.92,5.93,5.94,5.95,5.96,5.97,5.98,1100,11900,21100,19300,21000,1900,1700,1000,39600,2100,2700,500,200,10300,18900,33500,12000,11400,4200,3000
215.0,5.88,85900,505271.0,5.88,5.87,5.86,5.85,5.84,5.83,5.82,5.81,5.8,5.79,5.89,5.9,5.91,5.92,5.93,5.94,5.95,5.96,5.97,5.98,900,11900,21100,19300,21000,1900,1700,1000,39600,2100,2700,500,200,10300,18900,33500,12000,11400,4200,3000
216.0,5.89,86000,505860.0,5.88,5.87,5.86,5.85,5.84,5.83,5.82,5.81,5.8,5.79,5.89,5.9,5.91,5.92,5.93,5.94,5.95,5.96,5.97,5.98,900,11900,21100,19300,21000,1900,1700,1000,39600,2100,2600,500,200,10300,18900,33500,12000,11400,4200,3000
217.0,5.89,86200,507038.0,5.88,5.87,5.86,5.85,5.84,5.83,5.82,5.81,5.8,5.79,5.89,5.9,5.91,5.92,5.93,5.94,5.95,5.96,5.97,5.98,900,11900,21100,19300,21000,1900,1700,1000,39600,2100,2400,500,200,10300,18900,33500,12000,11400,4200,3000
218.0,5.89,86200,507038.0,5.88,5.87,5.86,5.85,5.84,5.83,5.82,5.81,5.8,5.79,5.89,5.9,5.91,5.92,5.93,5.94,5.95,5.96,5.97,5.98,900,11900,21100,19300,21000,1900,1700,1000,39600,2100,2400,500,200,10300,18900,33500,12000,11400,4200,3000
219.0,5.89,86300,507627.0,5.88,5.87,5.86,5.85,5.84,5.83,5.82,5.81,5.8,5.79,5.89,5.9,5.91,5.92,5.93,5.94,5.95,5.96,5.97,5.98,900,11900,21100,19300,21000,1900,1700,1000,39600,2100,2300,500,200,10300,18900,33500,12000,11400,4200,3000
220.0,5.89,86300,507627.0,5.88,5.87,5.86,5.85,5.84,5.83,5.82,5.81,5.8,5.79,5.89,5.9,5.91,5.92,5.93,5.94,5.95,5.96,5.97,5.98,900,11900,21100,19300,21000,1900,1700,1000,39600,2100,2300,500,200,10300,18900,33500,12000,11400,4200,3000
221.0,5.89,86300,507627.0,5.88,5.87,5.86,5.85,5.84,5.83,5.82,5.81,5.8,5.79,5.89,5.9,5.91,5.92,5.93,5.94,5.95,5.96,5.97,5.98,900,11900,21100,19300,21000,1900,1700,1000,39600,2100,2300,500,200,10300,18900,33500,12000,11400,4200,3000
222.0,5.89,87500,514695.0,5.88,5.87,5.86,5.85,5.84,5.83,5.82,5.81,5.8,5.79,5.89,5.9,5.91,5.92,5.93,5.94,5.95,5.96,5.97,5.98,900,11900,21100,19300,21000,1900,1700,1000,39600,2100,1100,500,200,10300,18900,33500,12000,11400,4200,3000
223.0,5.89,87500,514695.0,5.88,5.87,5.86,5.85,5.84,5.83,5.82,5.81,5.8,5.79,5.89,5.9,5.91,5.92,5.93,5.94,5.95,5.96,5.97,5.98,900,11900,21100,19300,21000,1900,1700,1000,39600,2100,1100,500,200,10300,18900,33500,12000,11400,4200,3000
224.0,5.89,87600,515284.0,5.88,5.87,5.86,5.85,5.84,5.83,5.82,5.81,5.8,5.79,5.89,5.9,5.91,5.92,5.93,5.94,5.95,5.96,5.97,5.98,900,11900,21100,19300,21000,1900,1700,1000,39600,2100,1000,500,200,10300,18900,33500,12000,11400,4200,3000
225.0,5.89,87600,515284.0,5.88,5.87,5.86,5.85,5.84,5.83,5.82,5.81,5.8,5.79,5.89,5.9,5.91,5.92,5.93,5.94,5.95,5.96,5.97,5.98,900,11900,21100,19300,21000,1900,1700,1000,39600,2100,1000,500,200,10300,18900,33500,12000,11400,4200,3000
226.0,5.89,87600,515284.0,5.88,5.87,5.86,5.85,5.84,5.83,5.82,5.81,5.8,5.79,5.89,5.9,5.91,5.92,5.93,5.94,5.95,5.96,5.97,5.98,900,11900,21100,19300,21000,1900,1700,1000,39600,2100,1000,500,200,10300,18900,33500,12000,11400,4200,3000
227.0,5.88,87700,515872.0,5.88,5.87,5.86,5.85,5.84,5.83,5.82,5.81,5.8,5.79,5.89,5.9,5.91,5.92,5.93,5.94,5.95,5.96,5.97,5.98,800,11900,21100,19300,21000,1900,1700,1000,39600,2100,1000,500,200,10300,18900,33500,12000,11400,4200,3000
228.0,5.89,87800,516461.0,5.88,5.87,5.86,5.85,5.84,5.83,5.82,5.81,5.8,5.79,5.9,5.91,5.92,5.93,5.94,5.95,5.96,5.97,5.98,5.99,800,11900,21100,19300,21000,1900,1700,1000,39600,2100,500,200,10300,18900,33500,12000,11400,4200,3000,13000
229.0,5.89,87800,516461.0,5.88,5.87,5.86,5.85,5.84,5.83,5.82,5.81,5.8,5.79,5.9,5.91,5.92,5.93,5.94,5.95,5.96,5.97,5.98,5.99,800,11900,21100,19300,21000,1900,1700,1000,39600,2100,500,200,10300,18900,33500,12000,11400,4200,3000,13000
230.0,5.89,87800,516461.0,5.88,5.87,5.86,5.85,5.84,5.83,5.82,5.81,5.8,5.79,5.9,5.91,5.92,5.93,5.94,5.95,5.96,5.97,5.98,5.99,1000,11900,21100,19300,21000,1900,1700,1000,39600,2100,700,200,10300,18900,33500,12000,11400,4200,3000,13000
231.0,5.89,87800,516461.0,5.88,5.87,5.86,5.85,5.84,5.83,5.82,5.81,5.8,5.79,5.9,5.91,5.92,5.93,5.94,5.95,5.96,5.97,5.98,5.99,1000,11900,21100,19300,21000,1900,1700,1000,39600,2100,700,200,10300,18900,33500,12000,11400,4200,3000,13000
232.0,5.88,87900,517049.0,5.88,5.87,5.86,5.85,5.84,5.83,5.82,5.81,5.8,5.79,5.9,5.91,5.92,5.93,5.94,5.95,5.96,5.97,5.98,5.99,1000,11900,21100,19300,21000,1900,1700,1000,39600,2100,800,200,10300,18900,33500,12000,11400,4200,3000,13000
233.0,5.88,88000,517637.0,5.88,5.87,5.86,5.85,5.84,5.83,5.82,5.81,5.8,5.79,5.9,5.91,5.92,5.93,5.94,5.95,5.96,5.97,5.98,5.99,900,11900,21100,19300,21000,1900,1700,1000,39600,2100,800,200,10300,18900,33500,12000,11400,4200,3000,13000
234.0,5.88,88000,517637.0,5.88,5.87,5.86,5.85,5.84,5.83,5.82,5.81,5.8,5.79,5.9,5.91,5.92,5.93,5.94,5.95,5.96,5.97,5.98,5.99,1000,11900,21100,19300,21000,1900,1700,1000,39600,2100,900,200,10300,18900,33500,12000,11400,4200,3000,13000
235.0,5.88,88000,517637.0,5.88,5.87,5.86,5.85,5.84,5.83,5.82,5.81,5.8,5.79,5.9,5.91,5.92,5.93,5.94,5.95,5.96,5.97,5.98,5.99,1000,11900,21100,19300,21000,1900,1700,1000,39600,2100,1200,200,10300,18900,33500,12000,11400,4200,3000,13000
236.0,5.88,88100,518225.0,5.88,5.87,5.86,5.85,5.84,5.83,5.82,5.81,5.8,5.79,5.9,5.91,5.92,5.93,5.94,5.95,5.96,5.97,5.98,5.99,900,11900,21100,19300,21000,1900,1700,1000,39600,2100,1200,200,10300,18900,33500,12000,11400,4200,3000,13000
237.0,5.88,88100,518225.0,5.88,5.87,5.86,5.85,5.84,5.83,5.82,5.81,5.8,5.79,5.9,5.91,5.92,5.93,5.94,5.95,5.96,5.97,5.98,5.99,1000,11900,21100,19300,21000,1900,1700,1000,39600,2100,1300,200,10300,18900,33500,12000,11400,4200,3000,13000
238.0,5.88,88100,518225.0,5.88,5.87,5.86,5.85,5.84,5.83,5.82,5.81,5.8,5.79,5.9,5.91,5.92,5.93,5.94,5.95,5.96,5.97,5.98,5.99,1000,11900,21100,19300,21000,1900,1700,1000,39600,2100,1300,200,10300,18900,33500,12000,11400,4200,3000,13000
239.0,5.88,88400,519989.0,5.88,5.87,5.86,5.85,5.84,5.83,5.82,5.81,5.8,5.79,5.9,5.91,5.92,5.93,5.94,5.95,5.96,5.97,5.98,5.99,800,11900,21100,19300,21000,1900,1700,1000,39600,2100,1400,200,10300,18900,33500,12000,11400,4200,3000,13000
240.0,5.88,88400,519989.0,5.88,5.87,5.86,5.85,5.84,5.83,5.82,5.81,5.8,5.79,5.9,5.91,5.92,5.93,5.94,5.95,5.96,5.97,5.98,5.99,800,11900,21100,19300,21000,1900,1700,1000,39600,2100,1400,200,10300,18900,33500,12000,11400,4200,3000,13000
241.0,5.88,88400,519989.0,5.88,5.87,5.86,5.85,5.84,5.83,5.82,5.81,5.8,5.79,5.9,5.91,5.92,5.93,5.94,5.95,5.96,5.97,5.98,5.99,900,3900,21100,19300,21000,1900,1700,1000,39600,2100,1500,200,10300,18900,33500,12000,11400,4200,3000,13000
242.0,5.88,88400,519989.0,5.88,5.87,5.86,5.85,5.84,5.83,5.82,5.81,5.8,5.79,5.9,5.91,5.92,5.93,5.94,5.95,5.96,5.97,5.98,5.99,900,3900,21100,19300,21000,1900,1700,1000,39600,2100,1500,200,10300,18900,33500,12000,11400,4200,3000,13000
243.0,5.88,88400,519989.0,5.88,5.87,5.86,5.85,5.84,5.83,5.82,5.81,5.8,5.79,5.9,5.91,5.92,5.93,5.94,5.95,5.96,5.97,5.98,5.99,900,3900,21100,19300,21000,1900,1700,1000,39600,2100,1500,200,10300,18900,33500,12000,11400,4200,3000,13000
244.0,5.88,88400,519989.0,5.88,5.87,5.86,5.85,5.84,5.83,5.82,5.81,5.8,5.79,5.9,5.91,5.92,5.93,5.94,5.95,5.96,5.97,5.98,5.99,1000,3900,21100,19300,21000,1900,1700,1000,39600,2100,1600,200,10300,18900,33500,12000,11400,4200,3000,13000
245.0,5.88,88400,519989.0,5.88,5.87,5.86,5.85,5.84,5.83,5.82,5.81,5.8,5.79,5.9,5.91,5.92,5.93,5.94,5.95,5.96,5.97,5.98,5.99,1000,3900,21100,19300,21000,1900,1700,1000,39600,2100,1600,200,10300,18900,33500,12000,11400,4200,3000,13000
246.0,5.88,88500,520577.0,5.88,5.87,5.86,5.85,5.84,5.83,5.82,5.81,5.8,5.79,5.9,5.91,5.92,5.93,5.94,5.95,5.96,5.97,5.98,5.99,1000,3900,21100,19300,21000,1900,1700,1000,39600,2100,1700,200,10300,18900,33500,12000,11400,4200,3000,13000
247.0,5.88,88600,521165.0,5.88,5.87,5.86,5.85,5.84,5.83,5.82,5.81,5.8,5.79,5.9,5.91,5.92,5.93,5.94,5.95,5.96,5.97,5.98,5.99,900,3900,21100,19300,21000,1900,1700,1000,39600,2100,1700,200,10300,18900,33500,12000,11400,4200,3000,13000
248.0,5.88,88600,521165.0,5.88,5.87,5.86,5.85,5.84,5.83,5.82,5.81,5.8,5.79,5.9,5.91,5.92,5.93,5.94,5.95,5.96,5.97,5.98,5.99,900,3900,21100,19300,21000,1900,1700,1000,39600,2100,1700,200,10300,18900,33500,12000,11400,4200,3000,13000
249.0,5.88,88600,521165.0,5.88,5.87,5.86,5.85,5.84,5.83,5.82,5.81,5.8,5.79,5.9,5.91,5.92,5.93,5.94,5.95,5.96,5.97,5.98,5.99,900,3900,21100,19300,21000,1900,1700,1000,39600,2100,1700,200,10300,18900,33500,12000,11400,4200,3000,13000
250.0,5.88,88700,521753.0,5.88,5.87,5.86,5.85,5.84,5.83,5.82,5.81,5.8,5.79,5.9,5.91,5.92,5.93,5.94,5.95,5.96,5.97,5.98,5.99,800,3900,21100,19300,21000,1900,1700,1000,39600,2100,1500,200,10300,18900,33500,12000,11400,4200,3000,13000
251.0,5.88,88700,521753.0,5.88,5.87,5.86,5.85,5.84,5.83,5.82,5.81,5.8,5.79,5.9,5.91,5.92,5.93,5.94,5.95,5.96,5.97,5.98,5.99,800,3900,21100,19300,21000,1900,1700,1000,39600,2100,1500,200,10300,18900,33500,12000,11400,4200,3000,13000
252.0,5.88,88700,521753.0,5.88,5.87,5.86,5.85,5.84,5.83,5.82,5.81,5.8,5.79,5.9,5.91,5.92,5.93,5.94,5.95,5.96,5.97,5.98,5.99,800,3900,21100,19300,21000,1900,1700,1000,39600,2100,1500,200,10300,18900,33500,12000,11400,4200,3000,13000
253.0,5.88,88700,521753.0,5.88,5.87,5.86,5.85,5.84,5.83,5.82,5.81,5.8,5.79,5.9,5.91,5.92,5.93,5.94,5.95,5.96,5.97,5.98,5.99,800,3900,21100,19300,21000,1900,1700,1000,39600,2100,1500,200,10300,18900,33500,12000,11400,4200,3000,13000
254.0,5.88,88700,521753.0,5.88,5.87,5.86,5.85,5.84,5.83,5.82,5.81,5.8,5.79,5.9,5.91,5.92,5.93,5.94,5.95,5.96,5.97,5.98,5.99,800,3900,17900,19300,21000,1900,1700,1000,39600,2100,1500,200,10300,18900,33500,12000,11400,4200,3000,13000
255.0,5.88,88700,521753.0,5.88,5.87,5.86,5.85,5.84,5.83,5.82,5.81,5.8,5.79,5.9,5.91,5.92,5.93,5.94,5.95,5.96,5.97,5.98,5.99,800,3900,17900,19300,21000,1900,1700,1000,39600,2100,1500,200,10300,18900,33500,12000,11400,4200,3000,13000
256.0,5.88,88700,521753.0,5.88,5.87,5.86,5.85,5.84,5.83,5.82,5.81,5.8,5.79,5.9,5.91,5.92,5.93,5.94,5.95,5.96,5.97,5.98,5.99,800,3900,17900,19300,21000,1900,1700,1000,39600,2100,1500,200,10300,18900,33500,12000,11400,4200,3000,13000
257.0,5.88,88700,521753.0,5.88,5.87,5.86,5.85,5.84,5.83,5.82,5.81,5.8,5.79,5.9,5.91,5.92,5.93,5.94,5.95,5.96,5.97,5.98,5.99,800,3900,17900,19300,21000,1900,1700,1000,39600,2100,1500,200,10300,18900,33500,12000,11400,4200,3000,13000
258.0,5.88,88700,521753.0,5.88,5.87,5.86,5.85,5.84,5.83,5.82,5.81,5.8,5.79,5.9,5.91,5.92,5.93,5.94,5.95,5.96,5.97,5.98,5.99,800,3900,17900,19300,21000,1900,1700,1000,39600,2100,1500,200,10300,18900,33500,12000,11400,4200,3000,13000
259.0,5.89,89000,523520.0,5.88,5.87,5.86,5.85,5.84,5.83,5.82,5.81,5.8,5.79,5.89,5.9,5.91,5.92,5.93,5.94,5.95,5.96,5.97,5.98,800,3900,17900,19300,21000,1900,1700,1000,39600,2100,100,1500,200,10300,18900,33500,12000,11400,4200,3000
260.0,5.89,89000,523520.0,5.88,5.87,5.86,5.85,5.84,5.83,5.82,5.81,5.8,5.79,5.89,5.9,5.91,5.92,5.93,5.94,5.95,5.96,5.97,5.98,800,3900,17900,19300,21000,1900,1700,1000,39600,2100,100,1500,200,10300,18900,33500,12000,11400,4200,3000
261.0,5.89,89000,523520.0,5.88,5.87,5.86,5.85,5.84,5.83,5.82,5.81,5.8,5.79,5.89,5.9,5.91,5.92,5.93,5.94,5.95,5.96,5.97,5.98,800,3900,17900,19300,21000,1900,1700,1000,39600,2100,100,1500,200,10300,18900,33500,12000,11400,4200,3000
262.0,5.88,89100,524108.0,5.88,5.87,5.86,5.85,5.84,5.83,5.82,5.81,5.8,5.79,5.89,5.9,5.91,5.92,5.93,5.94,5.95,5.96,5.97,5.98,700,3900,17900,19300,21000,1900,1700,1000,39600,2100,100,1500,200,10300,18900,33500,12000,11400,4200,3000
263.0,5.88,89300,525285.0,5.88,5.87,5.86,5.85,5.84,5.83,5.82,5.81,5.8,5.79,5.9,5.91,5.92,5.93,5.94,5.95,5.96,5.97,5.98,5.99,600,3900,17900,19300,21000,1900,1700,1000,39600,2100,1500,200,10300,18900,33500,12000,11400,4200,3000,13000
264.0,5.88,89300,525285.0,5.88,5.87,5.86,5.85,5.84,5.83,5.82,5.81,5.8,5.79,5.9,5.91,5.92,5.93,5.94,5.95,5.96,5.97,5.98,5.99,600,3900,17900,19300,21000,1900,1700,1000,39600,2100,1500,200,10300,18900,33500,12000,11400,4200,3000,13000
265.0,5.88,89300,525285.0,5.88,5.87,5.86,5.85,5.84,5.83,5.82,5.81,5.8,5.79,5.9,5.91,5.92,5.93,5.94,5.95,5.96,5.97,5.98,5.99,600,3900,17900,19300,21000,1900,1700,1000,39600,2100,1500,200,10300,18900,33500,12000,11400,4200,3000,13000
266.0,5.88,89300,525285.0,5.88,5.87,5.86,5.85,5.84,5.83,5.82,5.81,5.8,5.79,5.9,5.91,5.92,5.93,5.94,5.95,5.96,5.97,5.98,5.99,600,3900,17900,19300,21000,1900,1700,1000,39600,2100,1500,200,10300,18900,33500,12000,11400,4200,3000,13000
267.0,5.88,89300,525285.0,5.88,5.87,5.86,5.85,5.84,5.83,5.82,5.81,5.8,5.79,5.9,5.91,5.92,5.93,5.94,5.95,5.96,5.97,5.98,5.99,600,3900,17900,19300,21000,1900,1700,1000,39600,2100,1500,200,10300,18900,33500,12000,11400,4200,3000,13000
268.0,5.88,89300,525285.0,5.88,5.87,5.86,5.85,5.84,5.83,5.82,5.81,5.8,5.79,5.9,5.91,5.92,5.93,5.94,5.95,5.96,5.97,5.98,5.99,600,3900,17900,19300,21000,1900,1700,1000,39600,2100,1700,1200,10300,18900,33500,12000,11400,4200,3000,13000
269.0,5.88,89300,525285.0,5.88,5.87,5.86,5.85,5.84,5.83,5.82,5.81,5.8,5.79,5.89,5.9,5.91,5.92,5.93,5.94,5.95,5.96,5.97,5.98,600,3900,17900,19300,21000,1900,1700,1000,39600,2100,2700,1700,1200,10300,18900,33500,12000,11400,4200,3000
270.0,5.88,89300,525285.0,5.88,5.87,5.86,5.85,5.84,5.83,5.82,5.81,5.8,5.79,5.89,5.9,5.91,5.92,5.93,5.94,5.95,5.96,5.97,5.98,600,3900,17900,19300,21000,1900,1700,1000,39600,2100,2700,1700,1200,10300,18900,33500,12000,11400,4200,3000
271.0,5.88,89300,525285.0,5.88,5.87,5.86,5.85,5.84,5.83,5.82,5.81,5.8,5.79,5.89,5.9,5.91,5.92,5.93,5.94,5.95,5.96,5.97,5.98,600,3900,17900,19300,21000,1900,1700,1000,39600,2100,2700,1700,1200,10300,18900,33500,12000,11400,4200,3000
272.0,5.88,89900,528813.0,5.87,5.86,5.85,5.84,5.83,5.82,5.81,5.8,5.79,5.77,5.88,5.89,5.9,5.91,5.92,5.93,5.94,5.95,5.96,5.97,3900,17900,19300,21000,1900,1700,1000,39600,2100,1000,200,2700,1700,1200,10300,18900,33500,12000,11400,4200
273.0,5.88,89900,528813.0,5.87,5.86,5.85,5.84,5.83,5.82,5.81,5.8,5.79,5.77,5.88,5.89,5.9,5.91,5.92,5.93,5.94,5.95,5.96,5.97,3900,17900,19300,21000,1900,1700,1000,39600,2100,1000,200,2700,1700,1200,10300,18900,33500,12000,11400,4200
274.0,5.87,90600,532922.0,5.87,5.86,5.85,5.84,5.83,5.82,5.81,5.8,5.79,5.77,5.88,5.89,5.9,5.91,5.92,5.93,5.94,5.95,5.96,5.97,3200,17900,19300,21000,1900,1700,1000,39600,2100,1000,200,2700,1700,1200,10300,17900,33500,12000,11400,4200
275.0,5.87,90800,534096.0,5.87,5.86,5.85,5.84,5.83,5.82,5.81,5.8,5.79,5.77,5.88,5.89,5.9,5.91,5.92,5.93,5.94,5.95,5.96,5.97,3000,17900,19300,21000,1900,1700,1000,39600,2100,1000,200,2700,1700,1200,10300,17900,33500,12000,11400,4200
276.0,5.87,91400,537618.0,5.87,5.86,5.85,5.84,5.83,5.82,5.81,5.8,5.79,5.77,5.88,5.89,5.9,5.91,5.92,5.93,5.94,5.95,5.96,5.97,2400,17900,19300,21000,1900,1700,1000,39600,2100,1000,200,2700,1700,1200,10300,17900,33500,12000,11400,4200
277.0,5.87,91400,537618.0,5.87,5.86,5.85,5.84,5.83,5.82,5.81,5.8,5.79,5.77,5.88,5.89,5.9,5.91,5.92,5.93,5.94,5.95,5.96,5.97,2400,17900,19300,21000,1900,1700,1000,39600,2100,1000,200,2700,1700,1200,10300,17900,33500,12000,11400,4200
278.0,5.87,91400,537618.0,5.87,5.86,5.85,5.84,5.83,5.82,5.81,5.8,5.79,5.77,5.88,5.89,5.9,5.91,5.92,5.93,5.94,5.95,5.96,5.97,2400,17900,19300,21000,1900,1700,1000,39600,2100,1000,200,2700,1700,1200,10300,17900,33500,12000,11400,4200
279.0,5.87,91600,538792.0,5.87,5.86,5.85,5.84,5.83,5.82,5.81,5.8,5.79,5.77,5.88,5.89,5.9,5.91,5.92,5.93,5.94,5.95,5.96,5.97,2200,17900,19300,21000,1900,1700,1000,39600,2100,1000,200,2700,1700,1200,10300,17900,33500,12000,11400,4200
280.0,5.87,91600,538792.0,5.87,5.86,5.85,5.84,5.83,5.82,5.81,5.8,5.79,5.77,5.88,5.89,5.9,5.91,5.92,5.93,5.94,5.95,5.96,5.97,2200,17900,19300,21000,1900,1700,1000,39600,2100,1000,200,2700,1700,1200,10300,17900,33500,12000,11400,4200
281.0,5.87,91600,538792.0,5.87,5.86,5.85,5.84,5.83,5.82,5.81,5.8,5.79,5.77,5.88,5.89,5.9,5.91,5.92,5.93,5.94,5.95,5.96,5.97,2200,17900,19300,21000,1900,1700,1000,39600,2100,1000,200,2700,1700,1200,10300,17900,33500,12100,11400,4200
282.0,5.87,91600,538792.0,5.87,5.86,5.85,5.84,5.83,5.82,5.81,5.8,5.79,5.77,5.88,5.89,5.9,5.91,5.92,5.93,5.94,5.95,5.96,5.97,2200,17900,19300,21000,1900,1700,1000,39600,2100,1000,200,2700,1700,1200,10300,17900,33500,12100,11400,4200
283.0,5.87,91800,539966.0,5.87,5.86,5.85,5.84,5.83,5.82,5.81,5.8,5.79,5.77,5.88,5.89,5.9,5.91,5.92,5.93,5.94,5.95,5.96,5.97,2000,17900,19300,21000,1900,1700,1000,39600,2100,1000,200,2700,1700,1200,10300,17900,33500,12100,11400,4200
284.0,5.87,92000,541140.0,5.87,5.86,5.85,5.84,5.83,5.82,5.81,5.8,5.79,5.77,5.88,5.89,5.9,5.91,5.92,5.93,5.94,5.95,5.96,5.97,1800,17900,19300,21000,1900,1700,1000,39600,2100,1000,200,2700,1700,1200,10300,17900,33500,12100,11400,4200
285.0,5.87,92300,542901.0,5.87,5.86,5.85,5.84,5.83,5.82,5.81,5.8,5.79,5.77,5.88,5.89,5.9,5.91,5.92,5.93,5.94,5.95,5.96,5.97,1500,17900,19300,21000,1900,1700,1000,39600,2100,1000,200,2700,1700,1200,10300,17900,33500,12100,11400,4200
286.0,5.87,92400,543488.0,5.87,5.86,5.85,5.84,5.83,5.82,5.81,5.8,5.79,5.77,5.88,5.89,5.9,5.91,5.92,5.93,5.94,5.95,5.96,5.97,1400,17900,19300,21000,1900,1700,1000,39600,2100,1000,200,2700,1700,1200,10300,17900,33500,12100,11400,4200
287.0,5.87,92400,543488.0,5.87,5.86,5.85,5.84,5.83,5.82,5.81,5.8,5.79,5.77,5.88,5.89,5.9,5.91,5.92,5.93,5.94,5.95,5.96,5.97,1400,17900,19300,21000,1900,1700,1000,39600,2100,1000,200,2800,1700,1200,10300,17900,33500,12100,11400,4200
288.0,5.87,92400,543488.0,5.87,5.86,5.85,5.84,5.83,5.82,5.81,5.8,5.79,5.77,5.88,5.89,5.9,5.91,5.92,5.93,5.94,5.95,5.96,5.97,1400,17900,19300,21000,1900,1700,1000,39600,2100,1000,200,2800,1700,1200,10300,17900,33500,12100,11400,4200
289.0,5.87,92500,544075.0,5.87,5.86,5.85,5.84,5.83,5.82,5.81,5.8,5.79,5.77,5.88,5.89,5.9,5.91,5.92,5.93,5.94,5.95,5.96,5.97,1300,17900,19300,21000,1900,1700,1000,39600,2100,1000,200,2800,1700,1200,10300,17900,33500,12100,11400,4200
290.0,5.87,92500,544075.0,5.87,5.86,5.85,5.84,5.83,5.82,5.81,5.8,5.79,5.77,5.88,5.89,5.9,5.91,5.92,5.93,5.94,5.95,5.96,5.97,1300,17900,19300,21000,1900,1700,1000,39600,2100,1000,300,2800,1700,1200,10300,17900,33500,12100,11400,4200
291.0,5.87,92600,544662.0,5.87,5.86,5.85,5.84,5.83,5.82,5.81,5.8,5.79,5.77,5.88,5.89,5.9,5.91,5.92,5.93,5.94,5.95,5.96,5.97,1200,17900,19300,21000,1900,1700,1000,39600,2100,1000,300,2800,1700,1200,10300,17900,33500,12100,11400,4200
292.0,5.87,92600,544662.0,5.87,5.86,5.85,5.84,5.83,5.82,5.81,5.8,5.79,5.77,5.88,5.89,5.9,5.91,5.92,5.93,5.94,5.95,5.96,5.97,1200,17900,19300,21000,1900,1700,1000,39600,2100,1000,300,2800,1700,1200,10300,17900,33500,12100,11400,4200
293.0,5.87,92700,545249.0,5.87,5.86,5.85,5.84,5.83,5.82,5.81,5.8,5.79,5.77,5.88,5.89,5.9,5.91,5.92,5.93,5.94,5.95,5.96,5.97,1100,17900,19300,21000,1900,1700,1000,39600,2100,1000,300,2800,1700,1200,10300,17900,33500,12100,11400,4200
294.0,5.87,92700,545249.0,5.87,5.86,5.85,5.84,5.83,5.82,5.81,5.8,5.79,5.77,5.88,5.89,5.9,5.91,5.92,5.93,5.94,5.95,5.96,5.97,1100,17900,19300,21000,1900,1700,1000,39600,2100,1000,300,2800,1700,1200,10300,17900,33500,12100,11400,4200
295.0,5.87,92700,545249.0,5.87,5.86,5.85,5.84,5.83,5.82,5.81,5.8,5.79,5.77,5.88,5.89,5.9,5.91,5.92,5.93,5.94,5.95,5.96,5.97,1100,17900,19300,21000,1900,1700,1000,39600,2100,1000,300,2800,1700,1200,10300,17900,33500,12100,11400,4200
296.0,5.87,92700,545249.0,5.87,5.86,5.85,5.84,5.83,5.82,5.81,5.8,5.79,5.77,5.88,5.89,5.9,5.91,5.92,5.93,5.94,5.95,5.96,5.97,1100,17900,19300,21000,1900,1700,1000,39600,2100,1000,2500,2800,1700,1200,10300,17900,33500,12100,11400,4200
297.0,5.87,92900,546423.0,5.87,5.86,5.85,5.84,5.83,5.82,5.81,5.8,5.79,5.77,5.88,5.89,5.9,5.91,5.92,5.93,5.94,5.95,5.96,5.97,900,17900,19300,21000,1900,1700,1000,39600,2100,1000,2500,2900,1700,1200,10300,17900,33500,12100,11400,4200
298.0,5.87,92900,546423.0,5.87,5.86,5.85,5.84,5.83,5.82,5.81,5.8,5.79,5.77,5.88,5.89,5.9,5.91,5.92,5.93,5.94,5.95,5.96,5.97,900,17900,19300,21000,1900,1700,1000,39600,2100,1000,2500,2900,1700,1200,10300,17900,33500,12100,11400,4200
299.0,5.87,92900,546423.0,5.87,5.86,5.85,5.84,5.83,5.82,5.81,5.8,5.79,5.77,5.88,5.89,5.9,5.91,5.92,5.93,5.94,5.95,5.96,5.97,900,17900,19300,21000,1900,1700,1000,39600,2100,1000,2800,200,1700,1200,10300,17900,33500,12100,11400,4200
300.0,5.87,93000,547010.0,5.87,5.86,5.85,5.84,5.83,5.82,5.81,5.8,5.79,5.77,5.88,5.89,5.9,5.91,5.92,5.93,5.94,5.95,5.96,5.97,800,17900,19300,21000,1900,1700,1000,39600,2100,1000,2800,200,1700,1200,10300,17900,33500,12100,11400,4200
301.0,5.87,93000,547010.0,5.87,5.86,5.85,5.84,5.83,5.82,5.81,5.8,5.79,5.77,5.88,5.89,5.9,5.91,5.92,5.93,5.94,5.95,5.96,5.97,800,17900,19300,21000,1900,1700,1000,39600,2100,1000,2800,200,1700,1200,10300,17900,33500,12100,11400,4200
302.0,5.87,93000,547010.0,5.87,5.86,5.85,5.84,5.83,5.82,5.81,5.8,5.79,5.77,5.88,5.89,5.9,5.91,5.92,5.93,5.94,5.95,5.96,5.97,800,17900,19300,21000,1900,1700,1000,39600,2100,1000,2800,200,1700,1200,10300,17900,33500,12100,11400,4200
303.0,5.87,93000,547010.0,5.87,5.86,5.85,5.84,5.83,5.82,5.81,5.8,5.79,5.77,5.88,5.89,5.9,5.91,5.92,5.93,5.94,5.95,5.96,5.97,800,17900,19300,21000,1900,1700,1000,39600,2100,1000,5500,200,1700,1200,10300,17900,33500,12100,11400,4200
304.0,5.87,93000,547010.0,5.87,5.86,5.85,5.84,5.83,5.82,5.81,5.8,5.79,5.77,5.88,5.89,5.9,5.91,5.92,5.93,5.94,5.95,5.96,5.97,800,17900,19300,21000,1900,1700,1000,39600,2100,1000,5500,200,1700,1200,10300,17900,33500,12100,11400,4200
305.0,5.87,93000,547010.0,5.87,5.86,5.85,5.84,5.83,5.82,5.81,5.8,5.79,5.77,5.88,5.89,5.9,5.91,5.92,5.93,5.94,5.95,5.96,5.97,800,17900,19300,21000,1900,1700,1000,39600,2100,1000,5500,200,1700,1200,10300,17900,33500,12100,11400,4200
306.0,5.87,93000,547010.0,5.87,5.86,5.85,5.84,5.83,5.82,5.81,5.8,5.79,5.77,5.88,5.89,5.9,5.91,5.92,5.93,5.94,5.95,5.96,5.97,800,17900,19300,21000,1900,1700,1000,39600,2100,1000,5900,200,1700,1200,10300,17900,33500,12100,11400,4200
307.0,5.88,95500,561710.0,5.87,5.86,5.85,5.84,5.83,5.82,5.81,5.8,5.79,5.77,5.88,5.89,5.9,5.91,5.92,5.93,5.94,5.95,5.96,5.97,800,17900,19300,21000,1900,1700,1000,39600,2100,1000,4600,4200,1700,1200,10300,17900,33500,12100,11400,4200
308.0,5.87,95600,562297.0,5.87,5.86,5.85,5.84,5.83,5.82,5.81,5.8,5.79,5.77,5.88,5.89,5.9,5.91,5.92,5.93,5.94,5.95,5.96,5.97,700,17900,19300,21000,1900,1700,1000,39600,2100,1000,4600,4200,1900,1200,10300,17900,33500,12100,11400,4200
309.0,5.88,96000,564649.0,5.87,5.86,5.85,5.84,5.83,5.82,5.81,5.8,5.79,5.77,5.88,5.89,5.9,5.91,5.92,5.93,5.94,5.95,5.96,5.97,700,17900,19300,21000,1900,1700,1000,39600,2100,1000,4800,3900,1900,1200,10300,17900,33500,12100,11400,4200
310.0,5.88,96000,564649.0,5.87,5.86,5.85,5.84,5.83,5.82,5.81,5.8,5.79,5.77,5.88,5.89,5.9,5.91,5.92,5.93,5.94,5.95,5.96,5.97,700,17900,19300,21000,1900,1700,1000,39600,2100,1000,4800,3900,1900,1200,10300,17900,33500,12100,11400,4200
311.0,5.88,96000,564649.0,5.87,5.86,5.85,5.84,5.83,5.82,5.81,5.8,5.79,5.77,5.88,5.89,5.9,5.91,5.92,5.93,5.94,5.95,5.96,5.97,700,17900,19300,21000,1900,1700,1000,39600,2100,1000,5200,3900,1900,1200,10300,17900,33500,12100,11400,4200
312.0,5.88,96500,567589.0,5.87,5.86,5.85,5.84,5.83,5.82,5.81,5.8,5.79,5.77,5.88,5.89,5.9,5.91,5.92,5.93,5.94,5.95,5.96,5.97,700,17900,19300,21000,1900,1700,1000,39600,2100,1000,4700,3900,1900,1200,10300,17900,33500,12100,11400,4200
313.0,5.88,96500,567589.0,5.87,5.86,5.85,5.84,5.83,5.82,5.81,5.8,5.79,5.77,5.88,5.89,5.9,5.91,5.92,5.93,5.94,5.95,5.96,5.97,700,17900,19300,21000,1900,1700,1000,39600,2100,1000,4700,3900,1900,1200,10300,17900,33500,12100,11400,4200
314.0,5.88,96500,567589.0,5.87,5.86,5.85,5.84,5.83,5.82,5.81,5.8,5.79,5.77,5.88,5.89,5.9,5.91,5.92,5.93,5.94,5.95,5.96,5.97,700,17900,19300,21000,1900,1700,1000,39600,2100,1000,4700,3900,1900,1200,10300,17900,33500,12100,11400,4200
315.0,5.88,96500,567589.0,5.87,5.86,5.85,5.84,5.83,5.82,5.81,5.8,5.79,5.77,5.88,5.89,5.9,5.91,5.92,5.93,5.94,5.95,5.96,5.97,700,17900,19300,21000,1900,1700,1000,39600,2100,1000,4700,3900,1900,1200,10300,17900,33500,12100,11400,4200
316.0,5.88,96900,569941.0,5.87,5.86,5.85,5.84,5.83,5.82,5.81,5.8,5.79,5.77,5.88,5.89,5.9,5.91,5.92,5.93,5.94,5.95,5.96,5.97,700,17900,19300,21000,1900,1700,1000,39600,2100,1000,4300,3900,1900,1200,10300,17900,33500,12100,11400,4200
317.0,5.88,96900,569941.0,5.87,5.86,5.85,5.84,5.83,5.82,5.81,5.8,5.79,5.77,5.88,5.89,5.9,5.91,5.92,5.93,5.94,5.95,5.96,5.97,700,17900,19300,21000,1900,1700,1000,39600,2100,1000,4300,3900,1900,1200,10300,17900,33500,12100,11400,4200
318.0,5.88,96900,569941.0,5.87,5.86,5.85,5.84,5.83,5.82,5.81,5.8,5.79,5.77,5.88,5.89,5.9,5.91,5.92,5.93,5.94,5.95,5.96,5.97,700,17900,19300,21000,1900,1700,1000,39600,2100,1000,4300,3900,1900,1200,10300,17900,33500,12100,11400,4200
319.0,5.88,97300,572293.0,5.87,5.86,5.85,5.84,5.83,5.82,5.81,5.8,5.79,5.77,5.88,5.89,5.9,5.91,5.92,5.93,5.94,5.95,5.96,5.97,700,17900,19300,21000,1900,1700,1000,39600,2100,1000,3900,3900,1900,1200,10300,17900,33500,12100,11400,4200
320.0,5.87,97400,572880.0,5.87,5.86,5.85,5.84,5.83,5.82,5.81,5.8,5.79,5.77,5.88,5.89,5.9,5.91,5.92,5.93,5.94,5.95,5.96,5.97,600,17900,19300,21000,1900,1700,1000,39600,2100,1000,3900,4000,1900,1200,10300,17900,33500,12100,11400,4200
321.0,5.87,97400,572880.0,5.87,5.86,5.85,5.84,5.83,5.82,5.81,5.8,5.79,5.77,5.88,5.89,5.9,5.91,5.92,5.93,5.94,5.95,5.96,5.97,600,17900,19300,21000,1900,1700,1000,39600,2100,1000,3900,4000,1900,1200,10300,17900,33500,12100,11400,4200
322.0,5.87,97400,572880.0,5.87,5.86,5.85,5.84,5.83,5.82,5.81,5.8,5.79,5.77,5.88,5.89,5.9,5.91,5.92,5.93,5.94,5.95,5.96,5.97,600,17900,19300,21000,1900,1700,1000,39600,2100,1000,3900,4000,1900,1200,10300,17900,33500,12100,11400,4200
323.0,5.88,97700,574644.0,5.87,5.86,5.85,5.84,5.83,5.82,5.81,5.8,5.79,5.77,5.88,5.89,5.9,5.91,5.92,5.93,5.94,5.95,5.96,5.97,600,17900,19300,21000,1900,1700,1000,39600,2100,1000,3600,4000,1900,1200,10300,17900,33500,12100,11400,4200
324.0,5.88,97700,574644.0,5.87,5.86,5.85,5.84,5.83,5.82,5.81,5.8,5.79,5.77,5.88,5.89,5.9,5.91,5.92,5.93,5.94,5.95,5.96,5.97,600,17900,19300,21000,1900,1700,1000,39600,2100,1000,3600,4000,1900,1200,10300,17900,33500,12100,11400,4200
325.0,5.88,101200,595209.0,5.87,5.86,5.85,5.84,5.83,5.82,5.81,5.8,5.79,5.77,5.88,5.89,5.9,5.91,5.92,5.93,5.94,5.95,5.96,5.97,2000,17900,19300,21000,1900,1700,1000,39600,2100,1000,1600,4100,1900,1200,10300,17900,33500,12100,11400,4200
326.0,5.88,101200,595209.0,5.87,5.86,5.85,5.84,5.83,5.82,5.81,5.8,5.79,5.77,5.88,5.89,5.9,5.91,5.92,5.93,5.94,5.95,5.96,5.97,2000,17900,19300,21000,1900,1700,1000,39600,2100,1000,1600,4100,1900,1200,10300,17900,33500,12100,11400,4200
327.0,5.88,101200,595209.0,5.87,5.86,5.85,5.84,5.83,5.82,5.81,5.8,5.79,5.77,5.88,5.89,5.9,5.91,5.92,5.93,5.94,5.95,5.96,5.97,2000,17900,19300,21000,1900,1700,1000,39600,2100,1000,1600,4100,1900,1200,10300,17900,33500,12100,11400,4200
328.0,5.88,101200,595209.0,5.87,5.86,5.85,5.84,5.83,5.82,5.81,5.8,5.79,5.77,5.88,5.89,5.9,5.91,5.92,5.93,5.94,5.95,5.96,5.97,2000,17900,19300,21000,1900,1700,1000,39600,2100,1000,1600,4100,1900,1200,10300,17900,33500,12100,11400,4200
329.0,5.88,103000,605791.0,5.87,5.86,5.85,5.84,5.83,5.82,5.81,5.8,5.79,5.77,5.89,5.9,5.91,5.92,5.93,5.94,5.95,5.96,5.97,5.98,1800,17900,19300,21000,1900,1700,1000,39600,2100,1000,4100,1900,1200,10300,17900,33500,12100,11400,4200,3000
330.0,5.87,103100,606378.0,5.87,5.86,5.85,5.84,5.83,5.82,5.81,5.8,5.79,5.77,5.89,5.9,5.91,5.92,5.93,5.94,5.95,5.96,5.97,5.98,1700,17900,19300,21000,1900,1700,1000,39600,2100,1000,4100,1900,1200,10300,17900,33500,12100,11400,4200,3000
331.0,5.87,103400,608139.0,5.87,5.86,5.85,5.84,5.83,5.82,5.81,5.8,5.79,5.77,5.89,5.9,5.91,5.92,5.93,5.94,5.95,5.96,5.97,5.98,1400,17900,19300,21000,1900,1700,1000,39600,2100,1000,4100,1900,1200,10300,17900,33500,12100,11400,4200,3000
332.0,5.89,103800,610495.0,5.87,5.86,5.85,5.84,5.83,5.82,5.81,5.8,5.79,5.77,5.89,5.9,5.91,5.92,5.93,5.94,5.95,5.96,5.97,5.98,1400,17900,19300,21000,1900,1700,1000,39600,2100,1000,3700,1900,1200,10300,17900,33500,12100,11400,4200,3000
333.0,5.89,103800,610495.0,5.87,5.86,5.85,5.84,5.83,5.82,5.81,5.8,5.79,5.77,5.89,5.9,5.91,5.92,5.93,5.94,5.95,5.96,5.97,5.98,1400,17900,19300,21000,1900,1700,1000,39600,2100,1000,3700,2900,1200,10300,17900,33500,12100,11400,4200,3000
334.0,5.89,103800,610495.0,5.87,5.86,5.85,5.84,5.83,5.82,5.81,5.8,5.79,5.77,5.89,5.9,5.91,5.92,5.93,5.94,5.95,5.96,5.97,5.98,1400,17900,19300,21000,1900,1700,1000,39600,2100,1000,3700,2900,1200,10300,17900,33500,12100,11400,4200,3000
335.0,5.89,103800,610495.0,5.87,5.86,5.85,5.84,5.83,5.82,5.81,5.8,5.79,5.77,5.89,5.9,5.91,5.92,5.93,5.94,5.95,5.96,5.97,5.98,1400,17900,19300,21000,1900,1700,1000,39600,2100,1000,3700,2900,1200,10300,17900,33500,12100,11400,4200,3000
336.0,5.89,107600,632875.0,5.87,5.86,5.85,5.84,5.83,5.82,5.81,5.8,5.79,5.77,5.9,5.91,5.92,5.93,5.94,5.95,5.96,5.97,5.98,5.99,1300,17900,19300,21000,1900,1700,1000,39600,2100,1000,2900,1200,10300,17900,33500,12100,11400,4200,3000,14000
337.0,5.89,107600,632875.0,5.87,5.86,5.85,5.84,5.83,5.82,5.81,5.8,5.79,5.77,5.9,5.91,5.92,5.93,5.94,5.95,5.96,5.97,5.98,5.99,1300,17900,19300,21000,1900,1700,1000,39600,2100,1000,2900,1200,10300,17900,33500,12100,11400,4200,3000,14000
338.0,5.89,107600,632875.0,5.87,5.86,5.85,5.84,5.83,5.82,5.81,5.8,5.79,5.77,5.9,5.91,5.92,5.93,5.94,5.95,5.96,5.97,5.98,5.99,1300,17900,19300,21000,1900,1700,1000,39600,2100,1000,2900,1200,10300,17900,33500,12100,11400,4200,3000,14000
339.0,5.9,107800,634055.0,5.87,5.86,5.85,5.84,5.83,5.82,5.81,5.8,5.79,5.77,5.9,5.91,5.92,5.93,5.94,5.95,5.96,5.97,5.98,5.99,1300,14900,19300,21000,1900,1700,1000,39600,2100,1000,2700,1200,10300,17900,33500,12100,11400,4200,3000,14000
340.0,5.9,107800,634055.0,5.87,5.86,5.85,5.84,5.83,5.82,5.81,5.8,5.79,5.77,5.9,5.91,5.92,5.93,5.94,5.95,5.96,5.97,5.98,5.99,1300,14900,19300,21000,1900,1700,1000,39600,2100,1000,2700,1200,10300,17900,33500,12100,11400,4200,3000,14000
341.0,5.9,107900,634645.0,5.87,5.86,5.85,5.84,5.83,5.82,5.81,5.8,5.79,5.77,5.9,5.91,5.92,5.93,5.94,5.95,5.96,5.97,5.98,5.99,1300,14900,19300,21000,1900,1700,1000,39600,2100,1000,2600,1200,10300,17900,33500,12100,11400,4200,3000,14000
342.0,5.9,107900,634645.0,5.87,5.86,5.85,5.84,5.83,5.82,5.81,5.8,5.79,5.77,5.9,5.91,5.92,5.93,5.94,5.95,5.96,5.97,5.98,5.99,1300,14900,19300,21000,1900,1700,1000,39600,2100,1000,2600,1200,10300,17900,33500,12100,11400,4200,3000,14000
343.0,5.87,108400,637586.0,5.87,5.86,5.85,5.84,5.83,5.82,5.81,5.8,5.79,5.77,5.9,5.91,5.92,5.93,5.94,5.95,5.96,5.97,5.98,5.99,1000,14900,19300,21000,1900,1700,1000,39600,2100,1000,2400,1200,10300,17900,33500,12100,11400,4200,3000,14000
344.0,5.87,108400,637586.0,5.87,5.86,5.85,5.84,5.83,5.82,5.81,5.8,5.79,5.77,5.9,5.91,5.92,5.93,5.94,5.95,5.96,5.97,5.98,5.99,1000,14900,19300,21000,1900,1700,1000,39600,2100,1000,2400,1200,10300,17900,33500,12100,11400,4200,3000,14000
345.0,5.87,108400,637586.0,5.87,5.86,5.85,5.84,5.83,5.82,5.81,5.8,5.79,5.77,5.9,5.91,5.92,5.93,5.94,5.95,5.96,5.97,5.98,5.99,1000,17900,19300,21000,1900,1700,1000,39600,2100,1000,2400,1200,10300,17900,33500,12100,11400,4200,3000,14000
346.0,5.9,108600,638766.0,5.87,5.86,5.85,5.84,5.83,5.82,5.81,5.8,5.79,5.77,5.9,5.91,5.92,5.93,5.94,5.95,5.96,5.97,5.98,5.99,1000,17900,19300,21000,1900,1700,1000,39600,2100,1000,2200,1200,10300,17900,33500,12100,11400,4200,3000,14000
347.0,5.9,108600,638766.0,5.87,5.86,5.85,5.84,5.83,5.82,5.81,5.8,5.79,5.77,5.89,5.9,5.91,5.92,5.93,5.94,5.95,5.96,5.97,5.98,1000,17900,19300,21000,1900,1700,1000,39600,2100,1000,100,2200,1200,10300,17900,33500,12100,11400,4200,3000
348.0,5.9,108600,638766.0,5.87,5.86,5.85,5.84,5.83,5.82,5.81,5.8,5.79,5.77,5.89,5.9,5.91,5.92,5.93,5.94,5.95,5.96,5.97,5.98,1000,17900,19300,21000,1900,1700,1000,39600,2100,1000,300,2200,1200,10300,17900,33500,12100,11400,4200,3000
349.0,5.9,108600,638766.0,5.87,5.86,5.85,5.84,5.83,5.82,5.81,5.8,5.79,5.77,5.89,5.9,5.91,5.92,5.93,5.94,5.95,5.96,5.97,5.98,1000,17900,19300,21000,1900,1700,1000,39600,2100,1000,300,2200,1200,10300,17900,33500,12100,11400,4200,3000
350.0,5.87,108800,639940.0,5.87,5.86,5.85,5.84,5.83,5.82,5.81,5.8,5.79,5.77,5.88,5.89,5.9,5.91,5.92,5.93,5.94,5.95,5.96,5.97,800,17900,19300,21000,1900,1700,1000,39600,2100,1000,100,700,2200,1200,10300,17900,33500,12100,11400,4200
351.0,5.87,108800,639940.0,5.87,5.86,5.85,5.84,5.83,5.82,5.81,5.8,5.79,5.77,5.88,5.89,5.9,5.91,5.92,5.93,5.94,5.95,5.96,5.97,800,17900,19300,21000,1900,1700,1000,39600,2100,1000,100,700,2200,1200,10300,17900,33500,12100,11400,4200
352.0,5.87,108800,639940.0,5.87,5.86,5.85,5.84,5.83,5.82,5.81,5.8,5.79,5.77,5.88,5.89,5.9,5.91,5.92,5.93,5.94,5.95,5.96,5.97,800,17900,19300,21000,1900,1700,1000,39600,2100,1000,100,700,2200,1200,10300,17900,33500,12100,11400,4200
353.0,5.87,108800,639940.0,5.87,5.86,5.85,5.84,5.83,5.82,5.81,5.8,5.79,5.77,5.88,5.89,5.9,5.91,5.92,5.93,5.94,5.95,5.96,5.97,800,17900,19300,21000,1900,1700,1000,39600,2100,1000,100,700,2200,1200,10300,17900,33500,12100,11400,4200
354.0,5.87,108800,639940.0,5.87,5.86,5.85,5.84,5.83,5.82,5.81,5.8,5.79,5.77,5.88,5.89,5.9,5.91,5.92,5.93,5.94,5.95,5.96,5.97,800,17900,19300,21000,1900,1700,1000,39600,2100,1000,100,700,2200,1200,10300,17900,33500,12100,11400,4200
355.0,5.87,108900,640527.0,5.87,5.86,5.85,5.84,5.83,5.82,5.81,5.8,5.79,5.77,5.88,5.89,5.9,5.91,5.92,5.93,5.94,5.95,5.96,5.97,700,17900,19300,21000,1900,1700,1000,39600,2100,1000,100,700,2200,1200,10300,17900,33500,12100,11400,4200
356.0,5.87,108900,640527.0,5.87,5.86,5.85,5.84,5.83,5.82,5.81,5.8,5.79,5.77,5.88,5.89,5.9,5.91,5.92,5.93,5.94,5.95,5.96,5.97,700,17900,19300,21000,1900,1700,1000,39600,2100,1000,100,700,2200,1200,10300,17900,33500,12100,11400,4200
357.0,5.87,108900,640527.0,5.87,5.86,5.85,5.84,5.83,5.82,5.81,5.8,5.79,5.77,5.88,5.89,5.9,5.91,5.92,5.93,5.94,5.95,5.96,5.97,700,17900,19300,21000,1900,1700,1000,39600,2100,1000,100,700,2200,1200,10300,17900,33500,12100,11400,4200
358.0,5.87,108900,640527.0,5.87,5.86,5.85,5.84,5.83,5.82,5.81,5.8,5.79,5.77,5.88,5.89,5.9,5.91,5.92,5.93,5.94,5.95,5.96,5.97,700,17900,19300,21000,1900,1700,1000,39600,2100,1000,100,700,2200,1200,10300,17900,33500,12100,11400,4200
359.0,5.87,108900,640527.0,5.87,5.86,5.85,5.84,5.83,5.82,5.81,5.8,5.79,5.77,5.88,5.89,5.9,5.91,5.92,5.93,5.94,5.95,5.96,5.97,700,17900,19300,21000,1900,1700,1000,39600,2100,1000,100,700,2200,1200,10300,17900,33500,12100,11400,4200
360.0,5.87,109600,644636.0,5.86,5.85,5.84,5.83,5.82,5.81,5.8,5.79,5.77,5.75,5.87,5.88,5.89,5.9,5.91,5.92,5.93,5.94,5.95,5.96,17900,19300,21000,1900,1700,1000,39600,2100,1000,300,1000,100,1500,3500,1200,10300,17900,33500,12100,11400
361.0,5.87,109600,644636.0,5.86,5.85,5.84,5.83,5.82,5.81,5.8,5.79,5.77,5.75,5.87,5.88,5.89,5.9,5.91,5.92,5.93,5.94,5.95,5.96,17900,19300,21000,1900,1700,1000,39600,2100,1000,300,1000,100,1500,3500,1200,10300,17900,33500,12100,11400
362.0,5.87,109600,644636.0,5.86,5.85,5.84,5.83,5.82,5.81,5.8,5.79,5.77,5.75,5.87,5.88,5.89,5.9,5.91,5.92,5.93,5.94,5.95,5.96,17900,19300,21000,1900,1700,1000,39600,2100,1000,300,1000,100,1500,3500,1200,10300,17900,33500,12100,11400
363.0,5.87,109700,645223.0,5.86,5.85,5.84,5.83,5.82,5.81,5.8,5.79,5.77,5.75,5.87,5.88,5.89,5.9,5.91,5.92,5.93,5.94,5.95,5.96,17900,19300,21000,1900,1700,1000,39600,2100,1000,300,900,100,1500,3500,1200,10300,17900,33500,12100,11400
364.0,5.87,109700,645223.0,5.86,5.85,5.84,5.83,5.82,5.81,5.8,5.79,5.77,5.75,5.87,5.88,5.89,5.9,5.91,5.92,5.93,5.94,5.95,5.96,17900,19300,21000,1900,1700,1000,39600,2100,1000,300,900,100,1500,3500,1200,10300,17900,33500,12100,11400
365.0,5.86,111400,655185.0,5.86,5.85,5.84,5.83,5.82,5.81,5.8,5.79,5.77,5.75,5.87,5.88,5.89,5.9,5.91,5.92,5.93,5.94,5.95,5.96,16200,19300,21000,1900,1700,1000,39600,2100,1000,300,900,100,1500,3500,1200,10300,17900,33500,12100,11400
366.0,5.87,111500,655772.0,5.86,5.85,5.84,5.83,5.82,5.81,5.8,5.79,5.77,5.75,5.87,5.88,5.89,5.9,5.91,5.92,5.93,5.94,5.95,5.96,16200,19300,21000,1900,1700,1000,39600,2100,1000,300,800,100,1500,3500,1200,10300,17900,33500,12100,11400
367.0,5.87,111500,655772.0,5.86,5.85,5.84,5.83,5.82,5.81,5.8,5.79,5.77,5.75,5.87,5.88,5.89,5.9,5.91,5.92,5.93,5.94,5.95,5.96,16200,19300,21000,1900,1700,1000,39600,2100,1000,300,800,100,1600,3500,1200,10300,17900,33500,12100,11400
368.0,5.87,111500,655772.0,5.86,5.85,5.84,5.83,5.82,5.81,5.8,5.79,5.77,5.75,5.87,5.88,5.89,5.9,5.91,5.92,5.93,5.94,5.95,5.96,16200,19300,21000,1900,1700,1000,39600,2100,1000,300,800,100,1600,3500,6300,10300,17900,33500,12100,11400
369.0,5.87,111500,655772.0,5.86,5.85,5.84,5.83,5.82,5.81,5.8,5.79,5.77,5.75,5.87,5.88,5.89,5.9,5.91,5.92,5.93,5.94,5.95,5.96,16200,19300,21000,1900,1700,1000,39600,2100,1000,300,800,100,1600,3500,6300,10300,17900,33500,12100,11400
370.0,5.89,112500,661645.0,5.86,5.85,5.84,5.83,5.82,5.81,5.8,5.79,5.77,5.75,5.89,5.9,5.91,5.92,5.93,5.94,5.95,5.96,5.97,5.98,16200,19300,21000,1900,1700,1000,39600,2100,1000,300,1600,3500,6300,10300,17900,33500,12100,11400,4200,3000
371.0,5.89,112500,661645.0,5.86,5.85,5.84,5.83,5.82,5.81,5.8,5.79,5.77,5.75,5.88,5.89,5.9,5.91,5.92,5.93,5.94,5.95,5.96,5.97,16200,19300,21000,1900,1700,1000,39600,2100,1000,300,400,3900,3500,1200,10300,17900,33500,12100,11400,4200
372.0,5.89,112500,661645.0,5.86,5.85,5.84,5.83,5.82,5.81,5.8,5.79,5.77,5.75,5.88,5.89,5.9,5.91,5.92,5.93,5.94,5.95,5.96,5.97,16200,19300,21000,1900,1700,1000,39600,2100,1000,300,400,3900,3500,1200,10300,17900,33500,12100,11400,4200
373.0,5.86,114100,671021.0,5.86,5.85,5.84,5.83,5.82,5.81,5.8,5.79,5.77,5.75,5.88,5.89,5.9,5.91,5.92,5.93,5.94,5.95,5.96,5.97,14600,19300,21000,1900,1700,1000,39600,2100,1000,300,400,3900,3500,1200,10300,17900,33500,12100,11400,4200
374.0,5.86,114100,671021.0,5.86,5.85,5.84,5.83,5.82,5.81,5.8,5.79,5.77,5.75,5.88,5.89,5.9,5.91,5.92,5.93,5.94,5.95,5.96,5.97,14600,19300,21000,1900,1700,1000,39600,2100,1000,300,400,3900,3500,1200,10300,17900,33500,12100,11400,4200
375.0,5.86,114100,671021.0,5.86,5.85,5.84,5.83,5.82,5.81,5.8,5.79,5.77,5.75,5.88,5.89,5.9,5.91,5.92,5.93,5.94,5.95,5.96,5.97,14600,19300,21000,1900,1700,1000,39600,2100,1000,300,400,3900,3500,1200,10300,17900,33500,12100,11400,4200
376.0,5.86,114100,671021.0,5.86,5.85,5.84,5.83,5.82,5.81,5.8,5.79,5.77,5.75,5.88,5.89,5.9,5.91,5.92,5.93,5.94,5.95,5.96,5.97,14600,19300,21000,1900,1700,1000,39600,2100,1000,300,400,3900,3500,11900,10300,22900,33500,12100,11400,4200
377.0,5.86,114100,671021.0,5.86,5.85,5.84,5.83,5.82,5.81,5.8,5.79,5.77,5.75,5.88,5.89,5.9,5.91,5.92,5.93,5.94,5.95,5.96,5.97,14600,19300,21000,1900,1700,1000,39600,2100,1000,300,400,3900,3500,11900,10300,22900,33500,12100,11400,4200
378.0,5.86,114100,671021.0,5.86,5.85,5.84,5.83,5.82,5.81,5.8,5.79,5.77,5.75,5.88,5.89,5.9,5.91,5.92,5.93,5.94,5.95,5.96,5.97,14600,19300,21000,1900,1700,1000,39600,2100,1000,300,400,3900,3500,11900,10300,22900,33500,12100,11400,4200
379.0,5.86,114100,671021.0,5.86,5.85,5.84,5.83,5.82,5.81,5.8,5.79,5.77,5.75,5.88,5.89,5.9,5.91,5.92,5.93,5.94,5.95,5.96,5.97,14600,19300,21000,1900,1700,1000,39600,2100,1000,300,400,3900,3500,11900,10300,22900,33500,12100,11400,4200
380.0,5.86,115500,679225.0,5.86,5.85,5.84,5.83,5.82,5.81,5.8,5.79,5.77,5.75,5.88,5.89,5.9,5.91,5.92,5.93,5.94,5.95,5.96,5.97,13200,19300,21000,1900,1700,1000,39600,2100,1000,300,400,3900,3500,11900,10300,22900,33500,12100,11400,4200
381.0,5.86,115500,679225.0,5.86,5.85,5.84,5.83,5.82,5.81,5.8,5.79,5.77,5.75,5.88,5.89,5.9,5.91,5.92,5.93,5.94,5.95,5.96,5.97,13200,19300,21000,1900,1700,1000,39600,2100,1000,300,400,3900,3500,11900,10300,22900,33500,12100,11400,4200
382.0,5.86,115500,679225.0,5.86,5.85,5.84,5.83,5.82,5.81,5.8,5.79,5.77,5.75,5.88,5.89,5.9,5.91,5.92,5.93,5.94,5.95,5.96,5.97,13200,19300,21000,1900,1700,1000,39600,2100,1000,300,400,3900,3500,11900,10300,22900,33500,12100,11400,4200
383.0,5.86,115500,679225.0,5.86,5.85,5.84,5.83,5.82,5.81,5.8,5.79,5.77,5.75,5.88,5.89,5.9,5.91,5.92,5.93,5.94,5.95,5.96,5.97,13200,19300,21000,1900,1700,1000,39600,2100,1000,300,400,3900,3500,11900,10300,22900,33500,12100,11400,4200
384.0,5.86,115500,679225.0,5.86,5.85,5.84,5.83,5.82,5.81,5.8,5.79,5.77,5.75,5.88,5.89,5.9,5.91,5.92,5.93,5.94,5.95,5.96,5.97,13200,19300,21000,1900,1700,1000,39600,2100,1000,300,400,3900,3500,11900,10300,22900,33500,12100,11400,4200
385.0,5.86,115500,679225.0,5.86,5.85,5.84,5.83,5.82,5.81,5.8,5.79,5.77,5.75,5.88,5.89,5.9,5.91,5.92,5.93,5.94,5.95,5.96,5.97,13200,19300,21000,1900,1700,1000,39600,2100,1000,300,400,4200,3500,11900,10300,22900,33500,12100,11400,4200
386.0,5.86,115500,679225.0,5.86,5.85,5.84,5.83,5.82,5.81,5.8,5.79,5.77,5.75,5.88,5.89,5.9,5.91,5.92,5.93,5.94,5.95,5.96,5.97,13200,19300,21000,1900,1700,1000,39600,2100,1000,300,400,4200,3500,11900,10300,22900,33500,12100,11400,4200
387.0,5.86,116800,686843.0,5.86,5.85,5.84,5.83,5.82,5.81,5.8,5.79,5.77,5.75,5.88,5.89,5.9,5.91,5.92,5.93,5.94,5.95,5.96,5.97,11900,19300,21000,1900,1700,1000,39600,2100,1000,300,400,4200,3500,11900,10300,22900,33500,12100,11400,4200
388.0,5.86,116800,686843.0,5.86,5.85,5.84,5.83,5.82,5.81,5.8,5.79,5.77,5.75,5.88,5.89,5.9,5.91,5.92,5.93,5.94,5.95,5.96,5.97,11900,19300,21000,1900,1700,1000,39600,2100,1000,300,400,4600,3500,11900,10300,22900,33500,12100,11400,4200
389.0,5.86,116800,686843.0,5.87,5.86,5.85,5.84,5.83,5.82,5.81,5.8,5.79,5.77,5.88,5.89,5.9,5.91,5.92,5.93,5.94,5.95,5.96,5.97,100,11900,19300,21000,1900,1700,1000,39600,2100,1000,400,4600,3500,11900,10300,22900,33500,12100,11400,4200
390.0,5.86,116800,686843.0,5.87,5.86,5.85,5.84,5.83,5.82,5.81,5.8,5.79,5.77,5.88,5.89,5.9,5.91,5.92,5.93,5.94,5.95,5.96,5.97,100,11900,19300,21000,1900,1700,1000,39600,2100,1000,400,4600,3500,11900,10300,22900,33500,12100,11400,4200
391.0,5.86,118600,697392.0,5.87,5.86,5.85,5.84,5.83,5.82,5.81,5.8,5.79,5.77,5.88,5.89,5.9,5.91,5.92,5.93,5.94,5.95,5.96,5.97,100,10200,19300,21000,1900,1700,1000,39600,2100,1000,400,2300,3500,11900,10300,22900,33500,12100,11400,4200
392.0,5.87,118700,697979.0,5.86,5.85,5.84,5.83,5.82,5.81,5.8,5.79,5.77,5.75,5.88,5.89,5.9,5.91,5.92,5.93,5.94,5.95,5.96,5.97,7200,19300,21000,1900,1700,1000,39600,2100,1000,300,400,2300,3500,11900,10300,22900,33500,12100,11400,4200
393.0,5.87,118700,697979.0,5.86,5.85,5.84,5.83,5.82,5.81,5.8,5.79,5.77,5.75,5.88,5.89,5.9,5.91,5.92,5.93,5.94,5.95,5.96,5.97,7200,19300,21000,1900,1700,1000,39600,2100,1000,300,400,2300,3500,11900,10300,22900,33500,12100,11400,4200
394.0,5.87,118700,697979.0,5.86,5.85,5.84,5.83,5.82,5.81,5.8,5.79,5.77,5.75,5.88,5.89,5.9,5.91,5.92,5.93,5.94,5.95,5.96,5.97,7200,19300,21000,1900,1700,1000,39600,2100,1000,300,400,2300,3500,11900,10300,22900,33500,12100,11400,4200
395.0,5.86,119400,702081.0,5.86,5.85,5.84,5.83,5.82,5.81,5.8,5.79,5.77,5.75,5.88,5.89,5.9,5.91,5.92,5.93,5.94,5.95,5.96,5.97,6500,19300,21000,1900,1700,1000,39600,2100,1000,300,400,2300,3500,11900,10300,22900,33500,12100,11400,4200
396.0,5.86,119400,702081.0,5.86,5.85,5.84,5.83,5.82,5.81,5.8,5.79,5.77,5.75,5.88,5.89,5.9,5.91,5.92,5.93,5.94,5.95,5.96,5.97,6500,19300,21000,1900,1700,1000,39600,2100,1000,300,400,2300,3500,11900,10300,22900,33500,12100,11400,4200
397.0,5.86,119400,702081.0,5.86,5.85,5.84,5.83,5.82,5.81,5.8,5.79,5.77,5.75,5.88,5.89,5.9,5.91,5.92,5.93,5.94,5.95,5.96,5.97,6500,19300,21000,1900,1700,1000,39600,2100,1000,300,400,2300,3500,11900,10300,22900,33500,12100,11400,4200
398.0,5.86,119600,703253.0,5.86,5.85,5.84,5.83,5.82,5.81,5.8,5.79,5.77,5.75,5.88,5.89,5.9,5.91,5.92,5.93,5.94,5.95,5.96,5.97,6300,19300,21000,1900,1700,1000,39600,2100,1000,300,400,2300,2200,11900,10300,22900,33500,12100,11400,4200
399.0,5.89,122600,720919.0,5.86,5.85,5.84,5.83,5.82,5.81,5.8,5.79,5.77,5.75,5.89,5.9,5.91,5.92,5.93,5.94,5.95,5.96,5.97,5.98,6300,19300,21000,1900,1700,1000,39600,2100,1000,300,400,2200,11900,10300,22900,33500,12100,11400,4200,3000
400.0,5.89,122600,720919.0,5.86,5.85,5.84,5.83,5.82,5.81,5.8,5.79,5.77,5.75,5.89,5.9,5.91,5.92,5.93,5.94,5.95,5.96,5.97,5.98,6400,19300,21000,1900,1700,1000,39600,2100,1000,300,1900,2200,11900,10300,22900,33500,12100,11400,4200,3000
401.0,5.89,123000,723275.0,5.86,5.85,5.84,5.83,5.82,5.81,5.8,5.79,5.77,5.75,5.89,5.9,5.91,5.92,5.93,5.94,5.95,5.96,5.97,5.98,6400,19300,21000,1900,1700,1000,39600,2100,1000,300,10000,2200,11900,10300,22900,33500,12100,11400,4200,3000
402.0,5.86,123600,726791.0,5.86,5.85,5.84,5.83,5.82,5.81,5.8,5.79,5.77,5.75,5.89,5.9,5.91,5.92,5.93,5.94,5.95,5.96,5.97,5.98,5900,19300,21000,1900,1700,1000,39600,2100,1000,300,10100,2200,11900,10300,22900,33500,12100,11400,4200,3000
403.0,5.89,123700,727380.0,5.86,5.85,5.84,5.83,5.82,5.81,5.8,5.79,5.77,5.75,5.89,5.9,5.91,5.92,5.93,5.94,5.95,5.96,5.97,5.98,5900,22700,21000,1900,1700,1000,39600,2100,1000,300,10500,2200,11900,10300,22900,33500,12100,11400,4200,3000
404.0,5.89,124700,733270.0,5.86,5.85,5.84,5.83,5.82,5.81,5.8,5.79,5.77,5.75,5.89,5.9,5.91,5.92,5.93,5.94,5.95,5.96,5.97,5.98,5900,22700,21000,1900,1700,1000,39600,2100,1000,300,9600,2200,11900,10300,22900,33500,12100,11400,4200,3000
405.0,5.89,124700,733270.0,5.86,5.85,5.84,5.83,5.82,5.81,5.8,5.79,5.77,5.75,5.89,5.9,5.91,5.92,5.93,5.94,5.95,5.96,5.97,5.98,6000,22700,21000,1900,1700,1000,39600,2100,1000,300,9700,2200,11900,10300,22900,33500,12100,11400,4200,3000
406.0,5.89,124700,733270.0,5.86,5.85,5.84,5.83,5.82,5.81,5.8,5.79,5.77,5.75,5.89,5.9,5.91,5.92,5.93,5.94,5.95,5.96,5.97,5.98,6000,22700,21000,1900,1700,1000,39600,2100,1000,300,9700,2200,11900,10300,22900,33500,12100,11400,4200,3000
407.0,5.89,124700,733270.0,5.86,5.85,5.84,5.83,5.82,5.81,5.8,5.79,5.77,5.75,5.89,5.9,5.91,5.92,5.93,5.94,5.95,5.96,5.97,5.98,6100,22700,21000,1900,1700,1000,39600,2100,1000,300,9800,2200,11900,10300,22900,33500,12100,11400,4200,3000
408.0,5.89,125600,738571.0,5.86,5.85,5.84,5.83,5.82,5.81,5.8,5.79,5.77,5.75,5.89,5.9,5.91,5.92,5.93,5.94,5.95,5.96,5.97,5.98,6100,22700,21000,1900,1700,1000,39600,2100,1000,300,8900,2200,11900,10300,22900,33500,12100,11400,4200,3000
409.0,5.89,125600,738571.0,5.86,5.85,5.84,5.83,5.82,5.81,5.8,5.79,5.77,5.75,5.89,5.9,5.91,5.92,5.93,5.94,5.95,5.96,5.97,5.98,6100,22700,21000,1900,1700,1000,39600,2100,1000,300,8900,2200,11900,10300,22900,33500,12100,11400,4200,3000
410.0,5.86,126200,742087.0,5.86,5.85,5.84,5.83,5.82,5.81,5.8,5.79,5.77,5.75,5.89,5.9,5.91,5.92,5.93,5.94,5.95,5.96,5.97,5.98,5600,22700,21000,1900,1700,1000,39600,2100,1000,300,9000,2200,11900,10300,22900,33500,12100,11400,4200,3000
411.0,5.89,127100,747388.0,5.86,5.85,5.84,5.83,5.82,5.81,5.8,5.79,5.77,5.75,5.89,5.9,5.91,5.92,5.93,5.94,5.95,5.96,5.97,5.98,5600,22700,21000,1900,1700,1000,39600,2100,1000,300,8100,2200,11900,10300,22900,33500,12100,11400,4200,3000
412.0,5.89,127100,747388.0,5.86,5.85,5.84,5.83,5.82,5.81,5.8,5.79,5.77,5.75,5.89,5.9,5.91,5.92,5.93,5.94,5.95,5.96,5.97,5.98,5600,22700,21000,1900,1700,1000,39600,2100,1000,300,9400,2200,11900,10300,22900,33500,12100,11400,4200,3000
413.0,5.89,127100,747388.0,5.86,5.85,5.84,5.83,5.82,5.81,5.8,5.79,5.77,5.75,5.89,5.9,5.91,5.92,5.93,5.94,5.95,5.96,5.97,5.98,5600,22700,21000,1900,1700,1000,39600,2100,1000,300,9400,2200,11900,10300,22900,33500,12100,11400,4200,3000
414.0,5.89,128000,752689.0,5.86,5.85,5.84,5.83,5.82,5.81,5.8,5.79,5.77,5.75,5.89,5.9,5.91,5.92,5.93,5.94,5.95,5.96,5.97,5.98,5600,22700,21000,1900,1700,1000,39600,2100,1000,300,8500,2200,11900,10300,22900,33500,12100,11400,4200,3000
415.0,5.89,128000,752689.0,5.86,5.85,5.84,5.83,5.82,5.81,5.8,5.79,5.77,5.75,5.89,5.9,5.91,5.92,5.93,5.94,5.95,5.96,5.97,5.98,5700,22700,21000,1900,1700,1000,39600,2100,1000,300,8600,2200,11900,10300,22900,33500,12100,11400,4200,3000
416.0,5.89,128000,752689.0,5.88,5.86,5.85,5.84,5.83,5.82,5.81,5.8,5.79,5.77,5.89,5.9,5.91,5.92,5.93,5.94,5.95,5.96,5.97,5.98,2500,5700,22700,21000,1900,1700,1000,39600,2100,1000,8600,2200,11900,10300,22900,33500,12100,11400,4200,3000
417.0,5.88,129000,758577.0,5.88,5.86,5.85,5.84,5.83,5.82,5.81,5.8,5.79,5.77,5.89,5.9,5.91,5.92,5.93,5.94,5.95,5.96,5.97,5.98,2300,5700,22700,21000,1900,1700,1000,39600,2100,1000,7800,2200,11900,10300,22900,33500,12100,11400,4200,3000
418.0,5.88,129000,758577.0,5.88,5.86,5.85,5.84,5.83,5.82,5.81,5.8,5.79,5.77,5.89,5.9,5.91,5.92,5.93,5.94,5.95,5.96,5.97,5.98,2300,5700,22700,21000,1900,1700,1000,39600,2100,1000,7800,2200,11900,10300,22900,33500,12100,11400,4200,3000
419.0,5.88,129200,759754.0,5.88,5.86,5.85,5.84,5.83,5.82,5.81,5.8,5.79,5.77,5.89,5.9,5.91,5.92,5.93,5.94,5.95,5.96,5.97,5.98,2200,5700,22700,21000,1900,1700,1000,39600,2100,1000,7700,2200,11900,10300,22900,33500,12100,11400,4200,3000
420.0,5.89,129900,763877.0,5.88,5.86,5.85,5.84,5.83,5.82,5.81,5.8,5.79,5.77,5.89,5.9,5.91,5.92,5.93,5.94,5.95,5.96,5.97,5.98,3200,5700,22700,21000,1900,1700,1000,39600,2100,1000,7000,2200,11900,10300,22900,33500,12100,11400,4200,3000
421.0,5.89,129900,763877.0,5.88,5.86,5.85,5.84,5.83,5.82,5.81,5.8,5.79,5.77,5.89,5.9,5.91,5.92,5.93,5.94,5.95,5.96,5.97,5.98,3200,5700,22700,21000,1900,1700,1000,39600,2100,1000,7000,2200,11900,10300,22900,33500,12100,11400,4200,3000
422.0,5.89,129900,763877.0,5.88,5.87,5.86,5.85,5.84,5.83,5.82,5.81,5.8,5.79,5.89,5.9,5.91,5.92,5.93,5.94,5.95,5.96,5.97,5.98,3200,100,5700,22700,21000,1900,1700,1000,39600,2100,7000,2200,11900,10300,22900,33500,12100,11400,4200,3000
423.0,5.89,129900,763877.0,5.88,5.87,5.86,5.85,5.84,5.83,5.82,5.81,5.8,5.79,5.89,5.9,5.91,5.92,5.93,5.94,5.95,5.96,5.97,5.98,3200,100,5700,22700,21000,1900,1700,1000,39600,2100,7000,2200,11900,10300,22900,33500,12100,11400,4200,3000
424.0,5.88,132500,779186.0,5.88,5.87,5.86,5.85,5.84,5.83,5.82,5.81,5.8,5.79,5.89,5.9,5.91,5.92,5.93,5.94,5.95,5.96,5.97,5.98,2700,100,5700,22700,21000,1900,1700,1000,39600,2100,4900,2200,11900,10300,22900,33500,12100,11400,4200,3000
425.0,5.88,132600,779774.0,5.88,5.87,5.86,5.85,5.84,5.83,5.82,5.81,5.8,5.79,5.89,5.9,5.91,5.92,5.93,5.94,5.95,5.96,5.97,5.98,2600,100,5700,22700,21000,1900,1700,1000,39600,2100,4900,2200,11900,10300,22900,33500,12100,11400,4200,3000
426.0,5.88,132600,779774.0,5.88,5.87,5.86,5.85,5.84,5.83,5.82,5.81,5.8,5.79,5.89,5.9,5.91,5.92,5.93,5.94,5.95,5.96,5.97,5.98,2600,100,5700,22700,21000,1900,1700,1000,39600,2100,4900,2200,11900,10300,22900,33500,12100,11400,4200,3000
427.0,5.89,133000,782130.0,5.88,5.87,5.86,5.85,5.84,5.83,5.82,5.81,5.8,5.79,5.89,5.9,5.91,5.92,5.93,5.94,5.95,5.96,5.97,5.98,2600,100,5700,22700,21000,1900,1700,1000,39600,2100,4500,2200,11900,10300,22900,33500,12100,11400,4200,3000
428.0,5.89,133000,782130.0,5.88,5.87,5.86,5.85,5.84,5.83,5.82,5.81,5.8,5.79,5.89,5.9,5.91,5.92,5.93,5.94,5.95,5.96,5.97,5.98,2600,100,5700,22700,21000,1900,1700,1000,39600,2100,4500,2200,11900,10300,22900,33500,12100,11400,4200,3000
429.0,5.89,133000,782130.0,5.88,5.87,5.86,5.85,5.84,5.83,5.82,5.81,5.8,5.79,5.89,5.9,5.91,5.92,5.93,5.94,5.95,5.96,5.97,5.98,2600,100,5700,25700,21000,1900,1700,1000,39600,2100,4500,2200,11900,10300,22900,33500,12100,11400,4200,3000
430.0,5.89,133400,784486.0,5.88,5.87,5.86,5.85,5.84,5.83,5.82,5.81,5.8,5.79,5.89,5.9,5.91,5.92,5.93,5.94,5.95,5.96,5.97,5.98,2600,100,5700,25700,21000,1900,1700,1000,39600,2100,4100,2200,11900,10300,22900,33500,12100,11400,4200,3000
