LocalTime,LastPrice,TradeVolume,TradeValue,BidPrice1,BidPrice2,BidPrice3,BidPrice4,BidPrice5,BidPrice6,BidPrice7,BidPrice8,BidPrice9,BidPriceA,AskPrice1,AskPrice2,AskPrice3,AskPrice4,AskPrice5,AskPrice6,AskPrice7,AskPrice8,AskPrice9,AskPriceA,BidVolume1,BidVolume2,BidVolume3,BidVolume4,BidVolume5,BidVolume6,BidVolume7,BidVolume8,BidVolume9,BidVolumeA,AskVolume1,AskVolume2,AskVolume3,AskVolume4,AskVolume5,AskVolume6,AskVolume7,AskVolume8,AskVolume9,AskVolumeA
0.0,22.07,32400,715068.0,22.05,22.04,22.03,22.02,22.01,22.0,21.95,21.92,21.91,21.9,22.07,22.08,22.09,22.1,22.13,22.14,22.15,22.16,22.17,22.18,500,100,1000,4400,4900,1200,300,1100,700,800,1600,4000,3300,400,6400,8000,6400,1200,8000,12000
1.0,22.04,33100,730504.0,22.03,22.02,22.01,22.0,21.98,21.95,21.93,21.92,21.91,21.9,22.05,22.07,22.08,22.09,22.1,22.13,22.14,22.15,22.16,22.17,21000,14400,9900,1200,1200,300,20000,11100,5700,800,100,1500,4000,3300,400,6400,8000,6400,1200,8000
2.0,22.03,34500,761384.0,22.03,22.02,22.01,22.0,21.98,21.95,21.93,21.92,21.91,21.9,22.07,22.08,22.09,22.1,22.13,22.14,22.15,22.16,22.17,22.18,20600,14500,9900,2600,1200,300,20000,11100,5700,800,2800,4000,3300,1900,7400,8000,6400,1200,8000,12000
3.0,22.07,35000,772419.0,22.03,22.02,22.01,22.0,21.98,21.95,21.93,21.92,21.91,21.9,22.05,22.06,22.07,22.08,22.09,22.1,22.13,22.14,22.15,22.16,20600,14500,10000,2600,1200,300,20000,11100,6100,800,300,100,4600,4000,3300,2300,7400,8000,6400,1200
4.0,22.06,35500,783446.0,22.03,22.02,22.01,22.0,21.98,21.95,21.93,21.92,21.91,21.9,22.05,22.07,22.08,22.09,22.1,22.11,22.13,22.14,22.15,22.16,20600,14500,10000,3500,1200,300,20000,11100,5500,900,900,4600,4000,3300,2300,8000,7400,8000,6400,1200
5.0,22.07,38200,843013.0,22.05,22.03,22.02,22.01,22.0,21.98,21.95,21.93,21.92,21.91,22.07,22.08,22.09,22.1,22.11,22.12,22.13,22.14,22.15,22.16,1300,20600,14500,10000,3500,1200,400,20000,11100,5500,3200,4000,3300,5300,8000,500,7400,8000,6800,1200
6.0,22.06,39500,871703.0,22.05,22.03,22.02,22.01,22.0,21.98,21.97,21.95,21.94,21.93,22.07,22.08,22.09,22.1,22.11,22.12,22.13,22.14,22.15,22.16,2400,20600,14500,10000,3500,1200,500,400,200,20000,2000,4000,3300,5300,8000,500,7400,8000,6800,2500
7.0,22.07,40800,900394.0,22.06,22.05,22.04,22.03,22.02,22.01,22.0,21.98,21.97,21.95,22.07,22.08,22.09,22.1,22.11,22.12,22.13,22.14,22.15,22.16,6000,7500,100,20700,14500,10000,3500,1200,500,400,700,4000,3300,5300,8000,500,7400,8000,6800,2500
8.0,22.07,41900,924670.0,22.07,22.06,22.05,22.04,22.03,22.02,22.01,22.0,21.98,21.97,22.08,22.09,22.1,22.11,22.12,22.13,22.14,22.15,22.16,22.17,1800,6100,7600,5000,20700,14500,10100,3500,1200,500,4000,3300,5800,8200,500,7400,8000,6800,2500,8200
9.0,22.06,46100,1017355.0,22.06,22.05,22.04,22.03,22.02,22.01,22.0,21.98,21.97,21.95,22.08,22.09,22.1,22.11,22.12,22.13,22.14,22.15,22.16,22.17,5200,8000,5000,20800,16000,10100,3700,1200,500,400,4000,3300,5800,8200,500,7400,8000,7100,2500,8200
10.0,22.07,56800,1253664.0,22.08,22.07,22.06,22.05,22.04,22.03,22.02,22.01,22.0,21.99,22.1,22.11,22.12,22.13,22.14,22.15,22.16,22.17,22.18,22.19,100,6200,5200,8000,5000,20800,16000,10100,3700,1000,6000,8200,500,7400,8000,7100,2500,8200,12000,14100
11.0,22.08,57600,1271328.0,22.08,22.07,22.06,22.05,22.04,22.03,22.02,22.01,22.0,21.99,22.1,22.11,22.12,22.13,22.14,22.15,22.16,22.17,22.18,22.19,3400,7400,5300,8000,5000,20700,16000,10100,3700,1000,6000,8200,500,7400,8000,7100,2500,8200,12500,14100
12.0,22.08,62100,1370718.0,22.09,22.08,22.07,22.06,22.05,22.04,22.03,22.02,22.01,22.0,22.1,22.11,22.12,22.13,22.14,22.15,22.16,22.17,22.18,22.19,1400,1000,8000,5300,7700,5000,20700,16000,10100,3900,5000,8200,500,7400,8000,7100,2500,8200,12500,15100
13.0,22.08,65300,1441388.0,22.07,22.06,22.05,22.04,22.03,22.02,22.01,22.0,21.99,21.98,22.08,22.09,22.1,22.11,22.12,22.13,22.14,22.15,22.16,22.17,8200,5200,7700,5100,20700,16000,10600,4400,1000,2600,1300,1300,5000,8200,500,7400,8000,7100,2500,8200
14.0,22.09,69000,1523079.0,22.07,22.06,22.05,22.04,22.03,22.02,22.01,22.0,21.99,21.98,22.09,22.1,22.11,22.12,22.13,22.14,22.15,22.16,22.17,22.18,7400,5200,7700,5100,20700,16000,10600,4400,1000,2600,1900,5000,8200,500,7400,8000,7100,2500,8200,12500
15.0,22.07,71400,1576047.0,22.07,22.06,22.05,22.04,22.03,22.02,22.01,22.0,21.99,21.98,22.08,22.09,22.1,22.11,22.12,22.13,22.14,22.15,22.16,22.17,5000,5200,7700,5100,20700,16000,10600,4400,1000,2600,2300,900,5000,8200,600,7400,8000,7100,2500,8200
16.0,22.08,73700,1626831.0,22.07,22.06,22.05,22.04,22.03,22.02,22.01,22.0,21.99,21.98,22.09,22.1,22.11,22.12,22.13,22.14,22.15,22.16,22.17,22.18,6000,5200,7700,5100,20700,16000,10600,5400,1000,2600,900,5000,8200,600,7400,8000,7100,2500,8200,12500
17.0,22.07,79800,1761464.0,22.07,22.06,22.05,22.04,22.03,22.02,22.01,22.0,21.99,21.98,22.09,22.1,22.11,22.12,22.13,22.14,22.15,22.16,22.17,22.18,200,5700,7700,5100,20700,16000,10600,5400,1000,2600,2100,5000,8200,600,7400,8000,6800,2500,8200,12500
18.0,22.07,79800,1761464.0,22.08,22.07,22.06,22.05,22.04,22.03,22.02,22.01,22.0,21.99,22.09,22.1,22.11,22.12,22.13,22.14,22.15,22.16,22.17,22.18,1100,200,5700,7700,5100,20700,16000,10600,5400,1000,2100,5000,8200,600,7400,8000,6800,2500,8200,12500
19.0,22.08,80700,1781336.0,22.08,22.07,22.06,22.05,22.04,22.03,22.02,22.01,22.0,21.99,22.09,22.1,22.11,22.12,22.13,22.14,22.15,22.16,22.17,22.18,200,2700,5200,7700,5100,20700,16000,10600,5400,1000,2100,5000,8200,600,7400,8000,6800,2500,8200,12500
20.0,22.07,82000,1810029.0,22.07,22.06,22.05,22.04,22.03,22.02,22.01,22.0,21.99,21.98,22.08,22.09,22.1,22.11,22.12,22.13,22.14,22.15,22.16,22.17,1700,5200,7700,5100,20600,16000,10600,5400,1000,2600,500,2100,5000,8200,600,7400,8000,6800,2500,8200
21.0,22.07,83600,1845342.0,22.07,22.06,22.05,22.04,22.03,22.02,22.01,22.0,21.99,21.98,22.08,22.09,22.1,22.11,22.12,22.13,22.14,22.15,22.16,22.17,700,5200,7700,5100,20600,16000,10600,5400,1000,2600,100,2100,5000,8200,600,7400,8000,6800,2500,8200
22.0,22.07,84300,1860791.0,22.06,22.05,22.04,22.03,22.02,22.01,22.0,21.99,21.98,21.97,22.08,22.09,22.1,22.11,22.12,22.13,22.14,22.15,22.16,22.17,5200,7700,5100,20600,16000,10600,5400,1000,2600,500,100,2300,5000,8200,600,7400,8000,6800,2500,8200
23.0,22.08,84400,1862999.0,22.06,22.05,22.04,22.03,22.02,22.01,22.0,21.99,21.98,21.97,22.07,22.08,22.09,22.1,22.11,22.12,22.13,22.14,22.15,22.16,5200,7600,5100,20600,16000,10600,5400,1000,2600,500,200,600,2300,5000,8200,600,7400,8000,6800,2500
24.0,22.06,87800,1938010.0,22.06,22.05,22.04,22.03,22.02,22.01,22.0,21.99,21.98,21.97,22.08,22.09,22.1,22.11,22.12,22.13,22.14,22.15,22.16,22.17,2500,7600,5100,20600,16000,10600,5400,1000,2600,500,600,2300,5000,8200,600,7400,8000,6800,2500,8200
25.0,22.06,87800,1938010.0,22.06,22.05,22.04,22.03,22.02,22.01,22.0,21.99,21.98,21.97,22.07,22.08,22.09,22.1,22.11,22.12,22.13,22.14,22.15,22.16,2500,7600,5100,20600,16000,10600,5400,1000,2600,1000,600,600,2300,5000,8200,600,7400,8000,6800,2500
26.0,22.09,89200,1968918.0,22.06,22.05,22.04,22.03,22.02,22.01,22.0,21.99,21.98,21.97,22.09,22.1,22.11,22.12,22.13,22.14,22.15,22.16,22.17,22.18,6200,7600,5100,20600,16000,10600,5400,1000,2600,1000,2100,5400,8200,600,7400,8000,6800,2500,8200,12600
27.0,22.09,89200,1968918.0,22.08,22.06,22.05,22.04,22.03,22.02,22.01,22.0,21.99,21.98,22.09,22.1,22.11,22.12,22.13,22.14,22.15,22.16,22.17,22.18,800,6200,7600,5100,20600,16000,10600,5400,1000,2600,2100,5400,8200,600,7400,8000,6800,2500,8200,12600
28.0,22.09,89400,1973336.0,22.08,22.06,22.05,22.04,22.03,22.02,22.01,22.0,21.99,21.98,22.09,22.1,22.11,22.12,22.13,22.14,22.15,22.16,22.17,22.18,2000,6200,7600,5100,20600,16000,10600,5400,1000,2600,1900,5900,8200,600,7400,8000,6800,2500,8200,12600
29.0,22.08,91000,2008664.0,22.08,22.06,22.05,22.04,22.03,22.02,22.01,22.0,21.99,21.98,22.09,22.1,22.11,22.12,22.13,22.14,22.15,22.16,22.17,22.18,3500,6200,7600,3300,20600,16000,10600,5400,1000,2600,1900,5900,8300,600,7400,8000,6800,2500,8200,12600
30.0,22.09,91600,2021918.0,22.08,22.06,22.05,22.04,22.03,22.02,22.01,22.0,21.99,21.98,22.09,22.1,22.11,22.12,22.13,22.14,22.15,22.16,22.17,22.18,3500,6200,7600,3300,20600,16000,10600,5400,1000,2600,1300,5900,8300,600,7400,8000,6800,2500,8200,12600
31.0,22.09,92900,2050635.0,22.08,22.06,22.05,22.04,22.03,22.02,22.01,22.0,21.99,21.98,22.1,22.11,22.12,22.13,22.14,22.15,22.16,22.17,22.18,22.19,3500,6900,8600,3300,20600,16000,11600,5400,1000,2600,5900,8300,600,7400,8000,6800,2500,8200,12600,15100
32.0,22.12,110600,2441947.0,22.11,22.1,22.09,22.08,22.06,22.05,22.04,22.03,22.02,22.01,22.12,22.13,22.14,22.15,22.16,22.17,22.18,22.19,22.2,22.21,100,1700,300,4600,6900,9400,3200,20600,16000,11600,100,7300,8000,6800,2500,8200,12600,15100,3100,1500
33.0,22.11,112200,2477352.0,22.11,22.1,22.09,22.08,22.06,22.05,22.04,22.03,22.02,22.01,22.13,22.14,22.15,22.16,22.17,22.18,22.19,22.2,22.21,22.22,1800,1700,300,5500,7400,9900,3200,20600,16000,11600,5900,8000,6800,2500,8200,12600,15100,3100,1500,3100
34.0,22.13,118300,2612341.0,22.11,22.1,22.09,22.08,22.06,22.05,22.04,22.03,22.02,22.01,22.13,22.14,22.15,22.16,22.17,22.18,22.19,22.2,22.21,22.22,1600,1700,600,5600,7400,9900,3100,20600,16000,11600,1400,8000,6800,2500,8200,12600,15100,3100,1500,3100
35.0,22.14,121400,2680961.0,22.12,22.11,22.1,22.09,22.08,22.06,22.05,22.04,22.03,22.02,22.14,22.15,22.16,22.17,22.18,22.19,22.2,22.21,22.22,22.23,2500,3600,2300,300,5000,6900,9100,3100,20600,16000,6300,6800,2500,8200,12600,15100,3100,1500,3100,10000
36.0,22.15,134700,2975487.0,22.15,22.14,22.13,22.12,22.11,22.1,22.09,22.08,22.06,22.05,22.16,22.17,22.18,22.19,22.2,22.21,22.22,22.23,22.24,22.25,1100,100,1500,2300,3600,2300,600,5000,6900,9100,2500,8200,12600,15100,3100,1500,3100,10000,11800,5200
37.0,22.15,135900,3002067.0,22.14,22.13,22.12,22.11,22.1,22.09,22.08,22.06,22.05,22.04,22.15,22.16,22.17,22.18,22.19,22.2,22.21,22.22,22.23,22.24,100,2000,2300,3600,2300,600,5000,6900,9100,3100,1800,2500,8200,12600,15100,3100,1500,3100,10000,11800
38.0,22.13,138000,3048573.0,22.14,22.13,22.12,22.11,22.1,22.09,22.08,22.06,22.05,22.04,22.15,22.16,22.17,22.18,22.19,22.2,22.21,22.22,22.23,22.24,1600,3500,2800,3500,2100,600,5000,9200,8900,3000,200,2500,8200,12600,15100,3100,1500,3100,10000,11800
39.0,22.14,138100,3050787.0,22.14,22.13,22.12,22.11,22.1,22.09,22.08,22.06,22.05,22.04,22.15,22.16,22.17,22.18,22.19,22.2,22.21,22.22,22.23,22.24,1500,3500,2800,3500,2100,600,5000,9200,8900,3000,200,2500,8200,12600,15100,3100,1500,3100,10000,11800
40.0,22.15,138500,3059645.0,22.15,22.14,22.13,22.12,22.11,22.1,22.09,22.08,22.06,22.05,22.16,22.17,22.18,22.19,22.2,22.21,22.22,22.23,22.24,22.25,100,1300,3600,2800,3500,2100,600,5000,9200,8900,2500,8200,12600,15100,3100,1500,3100,10000,11900,5200
41.0,22.16,139000,3070725.0,22.15,22.14,22.13,22.12,22.11,22.1,22.09,22.08,22.06,22.05,22.16,22.17,22.18,22.19,22.2,22.21,22.22,22.23,22.24,22.25,100,2900,3500,2800,2300,2100,600,5000,9200,8900,2000,8200,12600,15100,3100,1500,3100,10000,11900,5200
42.0,22.16,141300,3121690.0,22.16,22.15,22.14,22.13,22.12,22.11,22.1,22.09,22.08,22.06,22.17,22.18,22.19,22.2,22.21,22.22,22.23,22.24,22.25,22.26,200,800,2900,3400,2800,2300,2100,600,5000,9200,8200,12600,15100,3100,1500,3100,10000,11900,5200,5200
43.0,22.15,150800,3332271.0,22.15,22.14,22.13,22.12,22.11,22.1,22.09,22.08,22.06,22.05,22.17,22.18,22.19,22.2,22.21,22.22,22.23,22.24,22.25,22.26,200,2900,3400,2800,2300,2100,800,5000,9200,9000,500,12600,15100,3100,1500,3100,10000,11900,3500,5200
44.0,22.17,154100,3405459.0,22.17,22.15,22.14,22.13,22.12,22.11,22.1,22.09,22.08,22.06,22.18,22.19,22.2,22.21,22.22,22.23,22.24,22.25,22.26,22.27,100,5200,2900,3300,2400,2300,2100,800,5000,9200,9900,15100,3100,1500,3100,10000,11900,3500,5200,12500
45.0,22.15,155100,3427615.0,22.15,22.14,22.13,22.12,22.11,22.1,22.09,22.08,22.06,22.05,22.18,22.19,22.2,22.21,22.22,22.23,22.24,22.25,22.26,22.27,4500,2900,3300,2400,2300,2100,800,5000,9200,9000,9900,15100,3100,1500,3100,10000,11900,3500,5200,12500
46.0,22.16,158900,3511872.0,22.16,22.15,22.14,22.13,22.12,22.11,22.1,22.09,22.08,22.06,22.18,22.19,22.2,22.21,22.22,22.23,22.24,22.25,22.26,22.27,2700,4200,2900,3300,2400,2300,2100,600,5000,9200,7700,15100,3100,1500,3100,10000,11900,3500,5200,12500
47.0,22.18,168300,3720347.0,22.18,22.16,22.15,22.14,22.13,22.12,22.11,22.1,22.09,22.08,22.19,22.2,22.21,22.22,22.23,22.24,22.25,22.26,22.27,22.28,6900,3000,4700,2900,2100,2300,2300,2100,500,5000,15100,3100,1500,3100,10000,11900,3500,5200,12500,4200
48.0,22.19,185500,4102015.0,22.19,22.18,22.16,22.15,22.14,22.13,22.12,22.11,22.1,22.09,22.2,22.21,22.22,22.23,22.24,22.25,22.26,22.27,22.28,22.29,2600,7600,3000,4700,2900,2100,2300,2300,1900,500,3100,1500,3100,10000,11900,3500,5200,12500,4200,1000
49.0,22.19,186800,4130862.0,22.19,22.18,22.16,22.15,22.14,22.13,22.12,22.11,22.1,22.09,22.2,22.21,22.22,22.23,22.24,22.25,22.26,22.27,22.28,22.29,1300,8900,3200,4800,2800,1600,2300,2300,2700,500,3100,1500,3100,10000,11900,3500,5200,12500,4200,1000
50.0,22.2,190000,4201901.0,22.2,22.19,22.18,22.16,22.15,22.14,22.13,22.12,22.11,22.1,22.21,22.22,22.23,22.24,22.25,22.26,22.27,22.28,22.29,22.3,1200,3000,9400,3600,3500,1600,1600,2300,2300,2700,1500,3100,10000,11900,3500,5200,12500,4200,1000,14700
51.0,22.2,192000,4246301.0,22.2,22.19,22.18,22.16,22.15,22.14,22.13,22.12,22.11,22.1,22.21,22.22,22.23,22.24,22.25,22.26,22.27,22.28,22.29,22.3,1200,2100,9400,3600,3500,1600,1600,2300,2300,2700,1500,3100,10000,11900,3500,5200,12500,4200,1000,14700
52.0,22.2,193200,4272944.0,22.2,22.19,22.18,22.16,22.15,22.14,22.13,22.12,22.11,22.1,22.21,22.22,22.23,22.24,22.25,22.26,22.27,22.28,22.29,22.3,800,2100,9400,3600,3500,1600,3600,2300,2300,2700,1200,3100,10000,11900,3500,5200,12500,4200,1000,14700
53.0,22.21,194400,4299596.0,22.21,22.2,22.19,22.18,22.16,22.15,22.14,22.13,22.12,22.11,22.22,22.23,22.24,22.25,22.26,22.27,22.28,22.29,22.3,22.31,900,1900,2000,9400,3200,3500,1600,3600,2300,2300,3100,10000,11900,3500,5200,12500,4700,1000,14700,500
54.0,22.13,223800,4951373.0,22.12,22.11,22.1,22.09,22.08,22.06,22.05,22.04,22.03,22.02,22.17,22.18,22.19,22.2,22.21,22.22,22.23,22.24,22.25,22.26,2300,2300,1200,500,4300,5700,9000,3000,20600,16000,1500,2400,400,3100,2100,3100,10000,11900,3500,5200
55.0,22.12,224000,4955802.0,22.12,22.11,22.1,22.09,22.08,22.06,22.05,22.04,22.03,22.02,22.17,22.18,22.19,22.2,22.21,22.22,22.23,22.24,22.25,22.26,2200,2300,1200,500,4300,5700,9000,3000,20600,16000,1500,2400,400,3100,3100,3100,10000,11900,3500,5200
56.0,22.15,227200,5026590.0,22.11,22.1,22.09,22.08,22.06,22.05,22.04,22.03,22.02,22.01,22.15,22.17,22.18,22.19,22.2,22.21,22.22,22.23,22.24,22.25,2300,1200,500,4300,5700,9000,3000,20600,16000,11600,1400,1300,2400,400,3100,2500,3100,10000,11900,3500
57.0,22.15,227200,5026590.0,22.11,22.1,22.09,22.08,22.06,22.05,22.04,22.03,22.02,22.01,22.15,22.17,22.18,22.19,22.2,22.21,22.22,22.23,22.24,22.25,2300,1200,500,4300,5700,9000,3000,20600,16000,10500,1400,1300,2400,400,5600,2500,3100,10000,11900,3500
58.0,22.15,227200,5026590.0,22.11,22.1,22.09,22.08,22.06,22.05,22.04,22.03,22.02,22.01,22.15,22.17,22.18,22.19,22.2,22.21,22.22,22.23,22.24,22.25,2300,1200,500,4300,5700,9000,3000,20600,16000,10500,1400,1300,2400,400,5600,2500,4100,10000,11900,3500
59.0,22.15,227300,5028805.0,22.11,22.1,22.09,22.08,22.06,22.05,22.04,22.03,22.02,22.01,22.15,22.17,22.18,22.2,22.21,22.22,22.23,22.24,22.25,22.26,2400,1200,500,4300,5700,9000,3000,20600,16000,10500,1300,1300,2400,5700,2500,4100,10000,11900,3500,5200
60.0,22.15,227700,5037665.0,22.11,22.1,22.09,22.08,22.06,22.05,22.04,22.03,22.02,22.01,22.15,22.17,22.18,22.2,22.21,22.22,22.23,22.24,22.25,22.26,2400,1200,500,4300,5700,9000,3000,20600,16000,10500,900,1300,2400,5700,2500,4100,15400,11900,3500,5200
61.0,22.11,227900,5042087.0,22.11,22.1,22.09,22.08,22.06,22.05,22.04,22.03,22.02,22.01,22.15,22.16,22.17,22.18,22.19,22.2,22.21,22.22,22.23,22.24,2200,1200,500,4300,5700,9000,3000,20600,15100,10500,1100,100,1300,2400,1000,5700,2500,4100,15400,11900
62.0,22.11,228100,5046509.0,22.12,22.11,22.1,22.09,22.08,22.06,22.05,22.04,22.03,22.02,22.15,22.16,22.17,22.18,22.19,22.2,22.21,22.22,22.23,22.24,400,2200,1200,500,4300,5700,9000,3000,20600,15100,900,400,1300,2400,1000,5700,2500,4100,15400,11900
63.0,22.11,228100,5046509.0,22.12,22.11,22.1,22.09,22.08,22.06,22.05,22.04,22.03,22.02,22.15,22.16,22.17,22.18,22.19,22.2,22.21,22.22,22.23,22.24,500,2200,1200,500,4300,5700,8900,3000,20600,15100,900,400,1300,2400,1000,6200,2500,4100,15400,11900
64.0,22.11,228100,5046509.0,22.12,22.11,22.1,22.09,22.08,22.06,22.05,22.04,22.03,22.02,22.15,22.16,22.17,22.18,22.19,22.2,22.21,22.22,22.23,22.24,500,2200,1200,500,4300,5700,8900,3000,20600,15100,900,400,1300,2400,1000,6200,2500,4100,15400,11900
65.0,22.11,228100,5046509.0,22.12,22.11,22.1,22.09,22.08,22.06,22.05,22.04,22.03,22.02,22.15,22.16,22.17,22.18,22.19,22.2,22.21,22.22,22.23,22.24,700,2200,1200,600,4200,5700,8900,3000,20600,15100,900,400,1300,2400,1000,6200,2500,4100,15400,11900
66.0,22.15,228300,5050939.0,22.12,22.11,22.1,22.09,22.08,22.06,22.05,22.04,22.03,22.02,22.15,22.16,22.17,22.18,22.19,22.2,22.21,22.22,22.23,22.24,700,2200,1200,600,4200,5700,8900,3000,20600,15100,1000,400,1300,2400,1000,6200,2500,4100,15900,11900
67.0,22.15,228600,5057584.0,22.14,22.13,22.12,22.11,22.1,22.09,22.08,22.06,22.05,22.04,22.16,22.17,22.18,22.19,22.2,22.21,22.22,22.23,22.24,22.25,200,9000,700,2200,1200,1600,4200,5700,8900,3000,400,1300,2400,1000,6200,2500,4100,15900,11900,4400
68.0,22.15,228600,5057584.0,22.15,22.14,22.13,22.12,22.11,22.1,22.09,22.08,22.06,22.05,22.16,22.18,22.19,22.2,22.21,22.22,22.23,22.24,22.25,22.26,300,200,9200,700,2200,1200,1600,4200,5700,8900,400,2400,1000,6200,2500,4100,15900,11900,4400,5200
69.0,22.15,228600,5057584.0,22.15,22.14,22.13,22.12,22.11,22.1,22.09,22.08,22.06,22.05,22.16,22.18,22.19,22.2,22.21,22.22,22.23,22.24,22.25,22.26,300,200,9200,700,2200,1200,1600,4200,5700,8900,400,2400,1000,6200,2500,4100,15900,11900,4400,5200
70.0,22.16,229000,5066448.0,22.16,22.15,22.14,22.13,22.12,22.11,22.1,22.09,22.08,22.06,22.18,22.19,22.2,22.21,22.22,22.23,22.24,22.25,22.26,22.27,400,1100,200,400,700,2200,1200,500,4200,5700,2400,1000,6200,2500,4500,15900,11900,4400,5200,12500
71.0,22.2,239800,5306070.0,22.18,22.17,22.16,22.15,22.14,22.13,22.12,22.11,22.1,22.09,22.2,22.21,22.22,22.23,22.24,22.25,22.26,22.27,22.28,22.29,600,600,9100,1600,200,800,500,1800,1200,500,3200,1000,4500,15900,11900,4400,5200,12500,4700,6500
72.0,22.2,243000,5377110.0,22.18,22.17,22.16,22.15,22.14,22.13,22.12,22.11,22.1,22.09,22.21,22.22,22.23,22.24,22.25,22.26,22.27,22.28,22.29,22.3,800,1500,10000,1700,200,800,500,1800,1200,500,1000,4500,16400,11900,4400,5200,12500,4700,6500,14700
73.0,22.21,244200,5403762.0,22.2,22.18,22.17,22.16,22.15,22.13,22.12,22.11,22.1,22.09,22.21,22.22,22.23,22.24,22.25,22.26,22.27,22.28,22.29,22.3,3400,800,1500,600,1800,800,500,1800,1200,500,800,5500,16400,11900,4400,5200,12500,4700,6500,14700
74.0,22.21,251800,5572613.0,22.21,22.2,22.18,22.17,22.16,22.15,22.13,22.12,22.11,22.1,22.23,22.24,22.25,22.26,22.27,22.28,22.29,22.3,22.31,22.33,5300,3800,800,1500,600,1900,200,500,1800,1200,16400,12000,4400,5200,12500,4700,6500,14700,500,1600
75.0,22.21,253800,5617033.0,22.21,22.2,22.18,22.17,22.16,22.15,22.13,22.12,22.11,22.1,22.23,22.24,22.25,22.26,22.27,22.28,22.29,22.3,22.31,22.33,3300,3800,800,1500,600,2100,200,500,1800,1200,16400,12000,4400,5200,12500,5200,6500,14700,500,1600
76.0,22.21,253800,5617033.0,22.21,22.2,22.18,22.17,22.16,22.15,22.13,22.12,22.11,22.1,22.23,22.24,22.25,22.26,22.27,22.28,22.29,22.3,22.31,22.33,3300,3800,800,1500,600,2100,200,500,1800,1200,16400,12000,5400,5200,12500,5200,6500,14700,500,1600
77.0,22.21,256800,5683721.0,22.22,22.21,22.2,22.18,22.17,22.16,22.15,22.13,22.12,22.11,22.23,22.24,22.25,22.26,22.27,22.28,22.29,22.3,22.31,22.33,9000,6100,600,800,1500,600,2400,200,500,1800,13500,12000,5400,5200,12500,5200,6500,14700,500,1600
78.0,22.21,271300,6005936.0,22.21,22.2,22.18,22.17,22.16,22.15,22.13,22.12,22.11,22.1,22.23,22.24,22.25,22.26,22.27,22.28,22.29,22.3,22.31,22.33,4400,600,800,1500,600,2400,200,500,1800,1200,9600,12000,5400,5200,12500,5200,6500,14700,500,1600
79.0,22.21,271900,6019262.0,22.21,22.2,22.18,22.17,22.16,22.15,22.13,22.12,22.11,22.1,22.23,22.24,22.25,22.26,22.27,22.28,22.29,22.3,22.31,22.33,3800,600,800,1500,600,2400,200,500,1800,1200,12100,12000,5400,6700,12500,5200,6500,14700,500,1600
80.0,22.21,271900,6019262.0,22.21,22.2,22.18,22.17,22.16,22.15,22.13,22.12,22.11,22.1,22.23,22.24,22.25,22.26,22.27,22.28,22.29,22.3,22.31,22.33,4500,600,800,1500,600,2400,200,500,1800,1200,12100,12000,5400,6700,12500,5200,6500,14700,500,1600
81.0,22.21,271900,6019262.0,22.21,22.2,22.18,22.17,22.16,22.15,22.13,22.12,22.11,22.1,22.23,22.24,22.25,22.26,22.27,22.28,22.29,22.3,22.31,22.33,4500,600,800,1500,600,2400,200,500,1800,1200,12100,12000,5400,6700,12500,5200,6500,14700,500,1600
82.0,22.21,273000,6043693.0,22.21,22.2,22.18,22.17,22.16,22.15,22.13,22.12,22.11,22.1,22.23,22.24,22.25,22.26,22.27,22.28,22.29,22.3,22.31,22.33,6000,600,800,1500,600,2400,200,500,1800,1200,12100,12000,5400,6700,12500,5200,6500,14700,500,1600
83.0,22.21,274800,6083675.0,22.21,22.2,22.18,22.17,22.16,22.15,22.13,22.12,22.11,22.1,22.22,22.23,22.24,22.25,22.26,22.27,22.28,22.29,22.3,22.31,6600,600,800,1500,600,2400,200,500,1800,1200,1100,11900,12000,5400,6700,12500,5200,6500,14700,500
84.0,22.21,276600,6123665.0,22.21,22.2,22.18,22.17,22.16,22.15,22.13,22.12,22.11,22.1,22.22,22.23,22.24,22.25,22.26,22.27,22.28,22.29,22.3,22.31,6000,600,600,1500,200,2400,200,500,1800,1200,1800,12900,12000,5400,6700,12500,5200,6500,14700,500
85.0,22.21,277000,6132549.0,22.21,22.2,22.18,22.17,22.16,22.15,22.13,22.12,22.11,22.1,22.22,22.23,22.24,22.25,22.26,22.27,22.28,22.29,22.3,22.31,5600,600,600,1500,200,2400,200,500,1800,1200,2000,12900,12000,5400,6700,13500,5200,6500,14700,500
86.0,22.21,280400,6208063.0,22.21,22.2,22.18,22.17,22.16,22.15,22.13,22.12,22.11,22.1,22.22,22.23,22.24,22.25,22.26,22.27,22.28,22.29,22.3,22.31,2300,600,600,1500,200,2400,200,500,1800,1200,3500,12900,12000,5400,6700,13500,5200,6500,14700,500
87.0,22.22,283000,6265834.0,22.21,22.2,22.18,22.17,22.16,22.15,22.13,22.12,22.11,22.1,22.22,22.23,22.24,22.25,22.26,22.27,22.28,22.29,22.3,22.31,2600,600,600,1500,200,2400,200,500,1800,1200,1000,12900,12000,5400,6700,13500,5200,6500,14700,500
88.0,22.21,287200,6359116.0,22.2,22.18,22.17,22.16,22.15,22.13,22.12,22.11,22.1,22.09,22.21,22.22,22.23,22.24,22.25,22.26,22.27,22.28,22.29,22.3,600,600,1500,200,2400,200,500,1800,1200,500,600,4600,12900,12000,5900,6700,13500,5200,6500,14700
89.0,22.21,288600,6390198.0,22.21,22.18,22.17,22.16,22.15,22.13,22.12,22.11,22.1,22.09,22.22,22.23,22.24,22.25,22.26,22.27,22.28,22.29,22.3,22.31,700,400,1500,200,2400,200,500,1800,1200,500,4600,12900,12000,5900,6700,13500,5200,6500,14700,500
90.0,22.21,288900,6396861.0,22.21,22.18,22.17,22.16,22.15,22.13,22.12,22.11,22.1,22.09,22.22,22.23,22.24,22.25,22.26,22.27,22.28,22.29,22.3,22.31,400,400,1500,200,2400,200,500,1800,1200,500,4600,12900,12000,5900,6700,13500,5200,6500,14700,500
91.0,22.21,289300,6405745.0,22.18,22.17,22.16,22.15,22.13,22.12,22.11,22.1,22.09,22.08,22.2,22.21,22.22,22.23,22.24,22.25,22.26,22.27,22.28,22.29,400,1500,200,2400,200,500,1800,1200,300,3600,300,4600,4600,12900,11900,5900,6700,13500,5200,6500
92.0,22.18,289900,6419057.0,22.17,22.16,22.15,22.13,22.12,22.11,22.1,22.09,22.08,22.06,22.2,22.21,22.22,22.23,22.24,22.25,22.26,22.27,22.28,22.29,1900,200,2400,200,500,1800,1200,300,3600,3100,300,4600,4600,12900,11900,5900,6700,13500,5200,6500
93.0,22.21,290600,6434601.0,22.17,22.16,22.15,22.13,22.12,22.11,22.1,22.09,22.08,22.06,22.21,22.22,22.23,22.24,22.25,22.26,22.27,22.28,22.29,22.3,1900,200,2300,200,500,1800,1200,300,3600,3100,4200,4800,12900,11900,7900,6700,13500,5200,6500,14700
94.0,22.21,291500,6454590.0,22.18,22.17,22.16,22.15,22.13,22.12,22.11,22.1,22.09,22.08,22.21,22.22,22.23,22.24,22.25,22.26,22.27,22.28,22.29,22.3,1000,1900,200,2300,200,500,1800,1200,300,3600,3600,6300,12900,11900,7900,6700,13500,5200,6500,14700
95.0,22.21,299400,6630087.0,22.21,22.19,22.18,22.17,22.16,22.15,22.13,22.12,22.11,22.1,22.22,22.23,22.24,22.25,22.26,22.27,22.28,22.29,22.3,22.31,8400,200,900,2400,200,2300,200,500,1800,1200,3300,10400,11900,7900,6700,13500,5200,6500,14700,500
96.0,22.23,312900,6930151.0,22.22,22.21,22.2,22.19,22.18,22.17,22.16,22.15,22.13,22.12,22.23,22.24,22.25,22.26,22.27,22.28,22.29,22.3,22.31,22.33,4100,8000,100,200,900,2200,200,2300,200,500,700,11900,7900,6700,13500,5200,6500,14700,500,1600
97.0,22.2,345300,7650093.0,22.23,22.22,22.21,22.2,22.18,22.17,22.16,22.15,22.13,22.12,22.24,22.25,22.26,22.27,22.28,22.29,22.3,22.31,22.33,22.35,1900,2600,2100,33300,900,2200,200,2300,200,500,3400,8600,6700,13500,5200,6500,14700,500,1600,20400
98.0,22.25,349900,7752407.0,22.24,22.23,22.22,22.21,22.2,22.18,22.17,22.16,22.15,22.13,22.25,22.26,22.27,22.28,22.29,22.3,22.31,22.33,22.35,22.36,3400,3700,3900,2100,27000,900,2200,200,2800,200,7000,6700,13500,5200,6500,14700,500,1600,20400,3000
99.0,22.24,358800,7950413.0,22.24,22.23,22.22,22.21,22.2,22.18,22.17,22.16,22.15,22.13,22.26,22.27,22.28,22.29,22.3,22.31,22.33,22.35,22.36,22.37,1500,3700,3900,2400,27000,900,2200,200,2800,200,6700,13600,5200,6500,14700,500,1600,20400,3000,4700
100.0,22.26,362000,8021629.0,22.25,22.24,22.23,22.22,22.21,22.2,22.18,22.17,22.16,22.15,22.26,22.27,22.28,22.29,22.3,22.31,22.33,22.35,22.36,22.37,2000,700,3700,3900,2400,8700,900,2200,200,2800,4300,13600,5200,6500,14700,500,1600,10400,3000,4700
101.0,22.27,367700,8148511.0,22.26,22.25,22.24,22.23,22.22,22.21,22.2,22.18,22.17,22.16,22.27,22.28,22.29,22.3,22.31,22.33,22.35,22.36,22.37,22.38,4900,2200,3500,3700,3900,2400,7700,900,2200,200,13400,5200,6500,14700,500,1600,10400,3000,4700,200
102.0,22.26,368800,8172997.0,22.26,22.25,22.24,22.23,22.22,22.21,22.2,22.18,22.17,22.16,22.27,22.28,22.29,22.3,22.31,22.33,22.35,22.36,22.37,22.38,3800,2200,3500,3700,3900,2800,1800,900,2200,200,13400,5200,6500,14700,500,1600,10400,3000,4700,200
103.0,22.26,370600,8213075.0,22.26,22.25,22.24,22.23,22.22,22.21,22.2,22.18,22.17,22.16,22.27,22.28,22.29,22.3,22.31,22.33,22.35,22.36,22.37,22.38,3000,2200,3500,3700,3900,2900,1800,900,2200,200,12400,5200,6500,14700,500,1600,10400,3000,4700,200
104.0,22.26,384100,8513717.0,22.26,22.25,22.24,22.23,22.22,22.21,22.2,22.18,22.17,22.16,22.27,22.28,22.29,22.3,22.31,22.33,22.35,22.36,22.37,22.38,4400,2200,3500,3700,2700,2900,1800,900,2200,200,1100,4800,1000,14700,500,1600,10400,3000,4700,200
105.0,22.27,384700,8527075.0,22.26,22.25,22.24,22.23,22.22,22.21,22.2,22.18,22.17,22.16,22.27,22.28,22.29,22.3,22.31,22.33,22.35,22.36,22.37,22.38,4000,2500,3500,3700,2700,2900,1800,900,2200,200,900,4800,1000,14700,500,1600,10400,3000,4700,200
106.0,22.26,387500,8589403.0,22.26,22.25,22.24,22.23,22.22,22.21,22.2,22.18,22.17,22.16,22.27,22.28,22.29,22.3,22.31,22.33,22.35,22.36,22.37,22.38,5400,2500,3500,3700,3000,2900,1800,900,2200,200,900,4800,1000,14700,500,1600,10400,3000,4700,200
107.0,22.27,395200,8760886.0,22.27,22.26,22.25,22.24,22.23,22.22,22.21,22.2,22.18,22.17,22.28,22.29,22.3,22.31,22.33,22.35,22.36,22.37,22.38,22.39,8100,3400,2500,3500,3700,3000,2900,1800,900,2200,2400,1000,14700,500,1600,10400,3000,4700,200,12200
108.0,22.27,397300,8807653.0,22.27,22.26,22.25,22.24,22.23,22.22,22.21,22.2,22.18,22.17,22.28,22.29,22.3,22.31,22.33,22.35,22.36,22.37,22.38,22.39,6000,3400,2500,3500,3700,3000,2900,1800,900,2200,2400,1000,14700,500,1600,10400,3000,4700,200,12200
109.0,22.27,398500,8834377.0,22.27,22.26,22.25,22.24,22.23,22.22,22.21,22.2,22.18,22.17,22.28,22.29,22.3,22.31,22.33,22.35,22.36,22.37,22.38,22.39,4900,5400,2500,3500,3700,3000,2900,1800,900,2200,5500,1000,14700,500,1600,10400,3000,4700,200,12200
110.0,22.27,402500,8923457.0,22.27,22.26,22.25,22.24,22.23,22.22,22.21,22.2,22.18,22.17,22.28,22.29,22.3,22.31,22.33,22.35,22.36,22.37,22.38,22.39,4400,5400,2500,2200,3700,3000,2900,1800,900,2200,5500,1600,15100,500,1600,10400,3000,4700,200,12200
111.0,22.27,404800,8974678.0,22.27,22.26,22.25,22.24,22.23,22.22,22.21,22.2,22.18,22.17,22.28,22.29,22.3,22.31,22.33,22.35,22.36,22.37,22.38,22.39,2500,5400,2500,2200,3700,3000,2900,1800,900,2200,5500,1600,15100,500,1600,12100,3000,4700,200,12200
112.0,22.27,405300,8985813.0,22.27,22.26,22.25,22.24,22.23,22.22,22.21,22.2,22.18,22.17,22.28,22.29,22.3,22.31,22.33,22.35,22.36,22.37,22.39,22.4,2000,3400,2500,2200,3700,3000,2900,1800,900,2200,5500,2100,15100,500,1600,12100,3000,4700,12200,6400
113.0,22.27,408400,9054850.0,22.26,22.25,22.24,22.23,22.22,22.21,22.2,22.18,22.17,22.16,22.27,22.28,22.29,22.3,22.31,22.33,22.35,22.36,22.37,22.39,3400,2500,2200,3700,3000,2900,1800,900,2200,200,7400,5500,2100,15800,500,1600,12600,3000,4700,12200
114.0,22.3,427800,9487065.0,22.27,22.26,22.25,22.24,22.23,22.22,22.21,22.2,22.18,22.17,22.3,22.31,22.33,22.35,22.36,22.37,22.39,22.4,22.42,22.43,2900,3100,2500,2200,3700,3000,2900,1800,900,2200,13700,500,1600,12600,3000,4700,12200,6400,1300,2000
115.0,22.29,429300,9520494.0,22.28,22.27,22.26,22.25,22.24,22.23,22.22,22.21,22.2,22.18,22.29,22.3,22.31,22.33,22.35,22.36,22.37,22.38,22.39,22.4,1300,2700,3100,2500,2200,3700,3000,2900,1800,900,12400,13700,500,1600,12600,3000,4700,5500,12200,6400
116.0,22.27,432200,9585116.0,22.27,22.26,22.25,22.24,22.23,22.22,22.21,22.2,22.18,22.17,22.28,22.29,22.3,22.31,22.33,22.35,22.36,22.37,22.38,22.39,5800,3100,2500,800,3700,3000,2900,1800,900,2200,1600,11300,13700,500,2600,12600,3000,4700,5500,12200
117.0,22.27,438000,9714282.0,22.26,22.25,22.24,22.23,22.22,22.21,22.2,22.18,22.17,22.16,22.27,22.28,22.29,22.3,22.31,22.33,22.35,22.36,22.37,22.38,13100,2500,800,3700,3000,2900,1800,900,2200,200,4200,1600,11300,13700,500,2600,12600,3000,4700,5500
118.0,22.27,442100,9805589.0,22.26,22.25,22.24,22.23,22.22,22.21,22.2,22.18,22.17,22.16,22.27,22.28,22.29,22.3,22.31,22.33,22.35,22.36,22.37,22.38,13300,2500,800,3700,3000,2800,1800,900,2200,200,200,1600,11300,13700,500,2600,12100,3000,4700,5500
119.0,22.27,442300,9810043.0,22.27,22.26,22.25,22.24,22.23,22.22,22.21,22.2,22.18,22.17,22.28,22.29,22.3,22.31,22.33,22.35,22.36,22.37,22.38,22.39,800,14000,2500,800,3700,3000,2800,1800,900,2200,1600,11800,13700,500,2600,12100,3000,4700,5500,12200
120.0,22.28,458300,10166645.0,22.28,22.27,22.26,22.25,22.24,22.23,22.22,22.21,22.2,22.18,22.29,22.3,22.31,22.33,22.35,22.36,22.37,22.38,22.39,22.4,500,800,14000,2500,800,3700,3000,2600,1800,900,2500,13700,500,2600,12100,3000,4700,5500,12200,6400
121.0,22.28,458300,10166645.0,22.28,22.27,22.26,22.25,22.24,22.23,22.22,22.21,22.2,22.18,22.29,22.3,22.31,22.33,22.35,22.36,22.37,22.38,22.39,22.4,500,800,14000,2500,800,3700,3000,2600,1800,900,2900,13700,500,2600,12100,4700,4700,5500,12200,6400
122.0,22.28,458300,10166645.0,22.28,22.27,22.26,22.25,22.24,22.23,22.22,22.21,22.2,22.18,22.29,22.3,22.31,22.33,22.35,22.36,22.37,22.38,22.39,22.4,1300,900,14000,2500,800,3700,3000,2600,1800,900,3400,13700,500,2600,12100,4700,4700,5500,12200,6400
123.0,22.3,495600,10997847.0,22.3,22.29,22.28,22.27,22.26,22.25,22.24,22.23,22.22,22.21,22.31,22.33,22.35,22.36,22.37,22.38,22.39,22.4,22.41,22.42,400,3200,2500,57300,12800,2500,800,3700,2900,2600,500,2600,13100,5900,4700,5500,12200,5400,500,1300
124.0,22.32,507800,11269765.0,22.3,22.27,22.26,22.25,22.24,22.23,22.22,22.21,22.2,22.18,22.32,22.33,22.35,22.36,22.37,22.38,22.39,22.4,22.41,22.42,500,36600,12800,2500,800,3700,2900,2600,1800,900,2700,2600,13100,5900,4700,5500,12200,5400,500,1300
125.0,22.29,513300,11392418.0,22.28,22.27,22.26,22.25,22.24,22.23,22.22,22.21,22.2,22.18,22.3,22.32,22.33,22.35,22.36,22.37,22.38,22.39,22.4,22.41,4600,34300,12800,2500,800,3700,2900,2600,1800,900,800,4100,2600,13100,5900,4700,5500,12200,5400,500
126.0,22.3,515300,11437018.0,22.29,22.28,22.27,22.26,22.25,22.24,22.23,22.22,22.21,22.2,22.3,22.32,22.33,22.34,22.35,22.36,22.37,22.38,22.39,22.4,400,5100,34300,12800,2500,800,3700,2900,2600,1800,200,4100,2600,100,13100,5900,4700,5500,12200,5400
127.0,22.29,516500,11463769.0,22.29,22.28,22.27,22.26,22.25,22.24,22.23,22.22,22.21,22.2,22.32,22.33,22.34,22.35,22.36,22.37,22.38,22.39,22.4,22.41,1900,5100,34300,12800,2500,800,3700,2900,2600,1800,4100,2600,900,13200,5900,4700,5500,12200,5400,500
128.0,22.3,519000,11519510.0,22.3,22.29,22.28,22.27,22.26,22.25,22.24,22.23,22.22,22.21,22.32,22.33,22.34,22.35,22.36,22.37,22.38,22.39,22.4,22.41,1100,1700,5100,35700,12800,2500,700,3700,2800,2600,4100,2600,900,13200,5900,4700,5500,12200,5400,500
129.0,22.31,520000,11541820.0,22.3,22.29,22.28,22.27,22.26,22.25,22.24,22.23,22.22,22.21,22.32,22.33,22.34,22.35,22.36,22.37,22.38,22.39,22.4,22.41,700,1700,5300,21500,12800,2500,700,3700,2800,2600,5200,2600,900,13100,5200,4700,5500,12200,5400,500
130.0,22.28,523700,11624300.0,22.28,22.27,22.26,22.25,22.24,22.23,22.22,22.21,22.2,22.18,22.32,22.33,22.34,22.35,22.36,22.37,22.38,22.39,22.4,22.41,5000,12200,12800,2500,700,3700,2800,2600,1800,900,8400,4600,900,13100,5200,4700,5500,12200,5400,500
131.0,22.31,525900,11673369.0,22.3,22.28,22.27,22.26,22.25,22.24,22.23,22.22,22.21,22.2,22.31,22.32,22.33,22.34,22.35,22.36,22.37,22.38,22.39,22.4,1000,4600,10800,12800,2500,700,3700,2800,2600,1800,400,8400,4600,900,13100,5200,4700,5500,12200,5400
132.0,22.31,525900,11673369.0,22.3,22.28,22.27,22.26,22.25,22.24,22.23,22.22,22.21,22.2,22.31,22.32,22.33,22.34,22.35,22.36,22.37,22.38,22.39,22.4,1000,4600,10800,12800,2500,700,3700,2800,2600,1800,400,8400,4600,900,15300,5200,4700,5500,12200,5400
133.0,22.3,527400,11706829.0,22.3,22.28,22.27,22.26,22.25,22.24,22.23,22.22,22.21,22.2,22.32,22.33,22.34,22.35,22.36,22.37,22.38,22.39,22.4,22.41,700,4600,10800,12800,2500,700,3700,2800,2600,1800,8700,4600,900,15300,5200,4700,5500,12200,5400,500
134.0,22.3,528000,11720209.0,22.3,22.28,22.27,22.26,22.25,22.24,22.23,22.22,22.21,22.2,22.32,22.33,22.34,22.35,22.36,22.37,22.38,22.39,22.4,22.41,200,4600,10800,12800,2400,700,3700,2800,2600,1800,8900,5900,1400,16800,5700,4700,5500,12200,5400,500
135.0,22.3,531300,11793851.0,22.28,22.27,22.26,22.25,22.24,22.23,22.22,22.21,22.2,22.18,22.3,22.31,22.32,22.33,22.34,22.35,22.36,22.37,22.38,22.39,4600,10800,12800,2400,700,3700,2800,2600,1800,900,500,700,6600,5900,1800,16800,5700,4700,5500,12200
136.0,22.3,531400,11796081.0,22.28,22.27,22.26,22.25,22.24,22.23,22.22,22.21,22.2,22.18,22.3,22.31,22.32,22.33,22.34,22.35,22.36,22.37,22.38,22.39,4600,10800,12800,2400,700,3700,2800,2600,1800,900,500,700,6600,5900,1800,16800,5700,4700,5500,12200
137.0,22.28,531800,11804993.0,22.28,22.27,22.26,22.25,22.24,22.23,22.22,22.21,22.2,22.18,22.29,22.3,22.31,22.32,22.33,22.34,22.35,22.36,22.37,22.38,4200,10800,12800,2400,700,3700,2800,2100,1800,900,1900,3500,700,6600,6000,1800,16800,5700,9700,5500
138.0,22.3,534700,11869636.0,22.28,22.27,22.26,22.25,22.24,22.23,22.22,22.21,22.2,22.18,22.29,22.3,22.31,22.32,22.33,22.34,22.35,22.36,22.37,22.38,5800,10800,12800,2400,700,3700,2800,2100,1800,900,600,3100,700,6600,6000,1900,17400,15700,9700,5500
139.0,22.29,534900,11874094.0,22.28,22.27,22.26,22.25,22.24,22.23,22.22,22.21,22.2,22.18,22.29,22.3,22.31,22.32,22.33,22.34,22.35,22.36,22.37,22.38,5800,10100,12800,2400,700,3700,2800,2100,1800,900,20400,4100,700,6600,6000,1900,18400,15700,9700,5500
140.0,22.29,536900,11918674.0,22.28,22.27,22.26,22.25,22.24,22.23,22.22,22.21,22.2,22.18,22.29,22.3,22.31,22.32,22.33,22.34,22.35,22.36,22.37,22.39,5800,10100,12800,2400,700,3700,2800,2100,1800,900,18400,4100,700,6600,6000,1900,18400,15900,9700,12400
141.0,22.29,549000,12188379.0,22.28,22.27,22.26,22.25,22.24,22.23,22.22,22.21,22.2,22.18,22.29,22.3,22.31,22.32,22.33,22.34,22.35,22.36,22.37,22.39,5400,10100,12800,2400,700,3700,2800,2100,1800,900,6700,4100,800,6600,7500,1900,18400,15900,9700,12900
142.0,22.29,549000,12188379.0,22.28,22.27,22.26,22.25,22.24,22.23,22.22,22.21,22.2,22.18,22.29,22.3,22.31,22.32,22.33,22.34,22.35,22.36,22.37,22.39,5400,10100,12800,2400,700,3700,2800,2100,1800,900,6700,4900,900,6600,7500,1900,18400,15900,9700,12900
143.0,22.29,555100,12324348.0,22.28,22.27,22.26,22.25,22.24,22.23,22.22,22.21,22.2,22.18,22.29,22.3,22.31,22.32,22.33,22.34,22.35,22.36,22.37,22.39,5500,10100,12800,2400,700,3700,2800,2100,1800,900,1600,7600,900,7400,7500,1900,18400,15900,9700,12900
144.0,22.28,555500,12333260.0,22.28,22.27,22.26,22.25,22.24,22.23,22.22,22.21,22.2,22.18,22.29,22.3,22.31,22.32,22.33,22.34,22.35,22.36,22.37,22.39,5100,10100,12800,2400,700,3700,2800,2100,1800,900,2100,7900,900,7400,7500,1900,18400,15900,9700,12900
145.0,22.28,555500,12333260.0,22.28,22.27,22.26,22.25,22.24,22.23,22.22,22.21,22.2,22.18,22.29,22.3,22.31,22.32,22.33,22.34,22.35,22.36,22.37,22.39,5100,10100,12800,2400,700,3700,2800,2100,1800,900,2100,9900,900,7400,8500,7400,18400,15900,9700,12900
146.0,22.31,568700,12627587.0,22.3,22.29,22.28,22.27,22.26,22.25,22.24,22.23,22.22,22.21,22.31,22.32,22.33,22.34,22.35,22.36,22.37,22.39,22.4,22.41,100,2400,10600,10100,12800,2400,700,3700,2800,2100,2100,7400,8500,7400,18400,15900,9700,12900,6400,500
147.0,22.31,570100,12658800.0,22.29,22.28,22.27,22.26,22.25,22.24,22.23,22.22,22.21,22.2,22.31,22.32,22.33,22.34,22.35,22.36,22.37,22.39,22.4,22.41,1600,11400,10100,12800,2400,700,3700,2800,2100,1800,1800,7400,8500,7400,18400,15900,9700,13100,6400,500
148.0,22.32,572900,12721257.0,22.29,22.28,22.27,22.26,22.25,22.24,22.23,22.22,22.21,22.2,22.3,22.32,22.33,22.34,22.35,22.36,22.37,22.38,22.39,22.4,900,11500,10100,12800,2400,700,3700,2800,2100,1800,200,7100,8500,7900,18400,15900,9700,6500,13100,6400
149.0,22.29,574900,12765856.0,22.29,22.28,22.27,22.26,22.25,22.24,22.23,22.22,22.21,22.2,22.32,22.33,22.34,22.35,22.36,22.37,22.38,22.39,22.4,22.41,10800,10900,10100,12800,2400,700,3700,2800,2100,1800,7100,7600,8900,18400,15900,9700,6500,13100,6400,500
150.0,22.32,575200,12772552.0,22.3,22.29,22.28,22.27,22.26,22.25,22.24,22.23,22.22,22.21,22.32,22.33,22.34,22.35,22.36,22.37,22.38,22.39,22.4,22.41,500,11500,10900,10100,12800,2400,700,3700,2800,2100,6800,7600,8900,18400,15900,9700,6500,13100,6400,500
151.0,22.32,576000,12790400.0,22.3,22.29,22.28,22.27,22.26,22.25,22.24,22.23,22.22,22.21,22.32,22.33,22.34,22.35,22.36,22.37,22.38,22.39,22.4,22.41,100,11600,10900,10100,12800,2400,700,3700,2800,2100,6400,7600,8900,18400,15900,9700,6500,13100,6400,500
152.0,22.3,579200,12861817.0,22.3,22.29,22.28,22.27,22.26,22.25,22.24,22.23,22.22,22.21,22.32,22.33,22.34,22.35,22.36,22.37,22.38,22.39,22.4,22.41,3600,11700,10900,10100,12800,2400,700,3700,2800,2100,3900,8100,8900,18400,15900,9700,6500,13100,6400,500
153.0,22.29,597500,13269790.0,22.3,22.28,22.27,22.26,22.25,22.24,22.23,22.22,22.21,22.2,22.31,22.32,22.33,22.34,22.35,22.36,22.37,22.38,22.39,22.4,1700,10900,10100,12800,2400,700,3700,2800,2100,2500,300,7700,8600,8900,18200,15900,11000,6500,13100,6400
154.0,22.34,616000,13682815.0,22.32,22.31,22.3,22.28,22.27,22.26,22.25,22.24,22.23,22.22,22.34,22.35,22.36,22.37,22.38,22.39,22.4,22.41,22.42,22.43,1200,6900,36600,8600,10100,12800,2400,700,3700,2800,7400,18300,15900,11000,6500,13100,6400,500,1300,2000
155.0,22.34,620300,13778865.0,22.32,22.31,22.3,22.28,22.27,22.26,22.25,22.24,22.23,22.22,22.34,22.35,22.36,22.37,22.38,22.39,22.4,22.41,22.42,22.43,600,6300,38500,8600,10100,12800,2400,700,3700,2800,3700,18300,16000,11000,6500,13100,6400,500,1300,2000
156.0,22.34,620600,13785565.0,22.32,22.31,22.3,22.28,22.27,22.26,22.25,22.24,22.23,22.22,22.34,22.35,22.36,22.37,22.38,22.39,22.4,22.41,22.42,22.43,600,6300,38700,8600,10100,12800,2400,700,3700,2800,3500,18300,16000,11000,6500,13100,6400,500,1200,2000
157.0,22.31,622200,13821273.0,22.32,22.31,22.3,22.28,22.27,22.26,22.25,22.24,22.23,22.22,22.34,22.35,22.36,22.37,22.38,22.39,22.4,22.41,22.42,22.43,5800,5500,38800,8600,10100,12800,2400,700,3600,2800,3400,18300,16100,11000,6500,13100,6400,500,1200,2000
158.0,22.38,690200,15341983.0,22.38,22.37,22.36,22.35,22.34,22.33,22.32,22.31,22.3,22.29,22.39,22.4,22.41,22.42,22.43,22.44,22.45,22.46,22.47,22.48,1300,7200,22900,27100,1000,300,11200,5600,37900,700,3200,6400,500,1200,2000,3500,3400,5300,1300,10600
159.0,22.4,702300,15612948.0,22.39,22.38,22.37,22.36,22.35,22.34,22.33,22.32,22.31,22.3,22.4,22.41,22.42,22.43,22.44,22.45,22.46,22.47,22.48,22.49,600,3200,7200,22900,27100,1000,300,11200,5600,37900,1900,500,1200,2000,3500,3400,5300,1300,10600,1000
160.0,22.36,729900,16230310.0,22.37,22.36,22.35,22.34,22.33,22.32,22.31,22.3,22.29,22.28,22.4,22.41,22.42,22.43,22.44,22.45,22.46,22.47,22.48,22.49,500,9600,27100,1000,300,11200,5100,37900,700,8600,1800,500,1200,2000,3500,3400,5300,1300,10600,1000
161.0,22.39,738100,16413906.0,22.39,22.38,22.37,22.36,22.35,22.34,22.33,22.32,22.31,22.3,22.4,22.41,22.42,22.43,22.44,22.45,22.46,22.47,22.48,22.49,600,1800,800,9600,27100,1000,300,11200,5000,37900,400,2400,1200,2000,3500,3400,5300,1300,10600,1000
162.0,22.38,741600,16492260.0,22.38,22.37,22.36,22.35,22.34,22.33,22.32,22.31,22.3,22.29,22.39,22.4,22.41,22.42,22.43,22.44,22.45,22.46,22.47,22.48,700,800,9600,27100,1200,300,11200,5000,37900,700,7100,400,2400,1200,2000,3500,3400,5300,1300,10600
163.0,22.37,743200,16528061.0,22.37,22.36,22.35,22.34,22.33,22.32,22.31,22.3,22.29,22.28,22.39,22.4,22.41,22.42,22.43,22.44,22.45,22.46,22.47,22.48,200,9600,27100,1200,300,11200,5000,37700,700,7900,7100,400,2400,1200,2000,9000,3400,5300,1300,10600
164.0,22.36,744800,16563843.0,22.36,22.35,22.34,22.33,22.32,22.31,22.3,22.29,22.28,22.27,22.37,22.39,22.4,22.41,22.42,22.43,22.44,22.45,22.46,22.47,3000,27100,200,300,11200,5000,37700,700,7900,700,1900,7400,400,2400,1200,2000,9000,3400,5600,1300
165.0,22.36,746100,16592911.0,22.36,22.35,22.34,22.33,22.32,22.31,22.3,22.29,22.28,22.27,22.37,22.39,22.4,22.41,22.42,22.43,22.44,22.45,22.46,22.47,100,24300,200,300,11200,5000,37700,700,7900,700,1900,7400,400,2400,1200,2000,9000,3400,5600,1300
166.0,22.35,748000,16635395.0,22.35,22.34,22.33,22.32,22.31,22.3,22.29,22.28,22.27,22.26,22.37,22.38,22.39,22.4,22.41,22.42,22.43,22.44,22.45,22.46,1900,200,300,11200,5000,37600,700,7900,700,12800,1200,2800,7400,600,2400,1200,2000,9000,3400,5600
167.0,22.37,748400,16644341.0,22.35,22.34,22.33,22.32,22.31,22.3,22.29,22.28,22.27,22.26,22.37,22.38,22.39,22.4,22.41,22.42,22.43,22.44,22.45,22.46,2000,200,300,11200,5000,37600,700,7900,700,12800,900,2900,7400,1600,2400,1200,2000,9000,3400,5600
168.0,22.35,749900,16677874.0,22.35,22.34,22.33,22.32,22.31,22.3,22.29,22.28,22.27,22.26,22.36,22.37,22.38,22.39,22.4,22.41,22.42,22.43,22.44,22.45,900,200,300,11200,5000,37600,700,7900,700,12800,200,500,3300,7400,3600,2400,1200,2000,9000,3400
169.0,22.38,751400,16711432.0,22.35,22.34,22.33,22.32,22.31,22.3,22.29,22.28,22.27,22.26,22.37,22.38,22.39,22.4,22.41,22.42,22.43,22.44,22.45,22.46,800,200,300,11200,5000,37600,700,8400,700,12800,6000,3600,7800,3600,2400,1200,2000,9000,3400,5500
170.0,22.35,751500,16713667.0,22.35,22.34,22.33,22.32,22.31,22.3,22.29,22.28,22.27,22.26,22.37,22.38,22.39,22.4,22.41,22.42,22.43,22.44,22.45,22.46,700,200,300,11200,5000,37600,700,8400,700,10700,6200,3800,7800,3600,2400,1200,2000,9000,3400,5500
171.0,22.37,752400,16733800.0,22.35,22.34,22.33,22.32,22.31,22.3,22.29,22.28,22.27,22.26,22.37,22.38,22.39,22.4,22.41,22.42,22.43,22.44,22.45,22.46,700,200,300,11200,5000,37800,700,8400,700,10700,5300,3800,7800,3600,2400,1200,2000,9000,3400,5500
172.0,22.32,761300,16932578.0,22.33,22.32,22.31,22.3,22.29,22.28,22.27,22.26,22.25,22.24,22.37,22.38,22.39,22.4,22.41,22.42,22.43,22.44,22.45,22.46,100,5700,5200,37700,700,8400,700,10700,300,700,3300,3800,7800,3600,2400,1200,2000,9000,3400,5500
173.0,22.35,765500,17026454.0,22.34,22.33,22.32,22.31,22.3,22.29,22.28,22.27,22.26,22.25,22.35,22.37,22.38,22.39,22.4,22.41,22.42,22.43,22.44,22.45,500,100,5700,5200,37700,700,4300,700,10700,300,600,2900,4200,7800,3600,2400,1200,2000,9000,3400
174.0,22.35,765500,17026454.0,22.34,22.33,22.32,22.31,22.3,22.29,22.28,22.27,22.26,22.25,22.35,22.37,22.38,22.39,22.4,22.41,22.42,22.43,22.44,22.45,500,100,5700,5200,37700,700,4300,700,10700,300,600,2900,4700,7800,3600,2400,1200,2000,9000,3400
175.0,22.36,774200,17221036.0,22.33,22.32,22.31,22.3,22.29,22.28,22.27,22.26,22.25,22.24,22.37,22.38,22.39,22.4,22.41,22.42,22.43,22.44,22.45,22.46,10100,6400,5200,37700,700,4300,700,10700,300,700,9600,4600,700,3400,2400,1200,2000,3500,3400,5500
176.0,22.37,774700,17232205.0,22.34,22.33,22.32,22.31,22.3,22.28,22.27,22.26,22.25,22.24,22.37,22.38,22.39,22.4,22.41,22.42,22.43,22.44,22.45,22.46,3100,18900,6400,5200,37700,4200,700,10700,300,700,20700,6100,700,3400,2400,1200,2000,3500,4400,5500
177.0,22.35,780500,17361762.0,22.33,22.32,22.31,22.3,22.28,22.27,22.26,22.25,22.24,22.23,22.35,22.36,22.37,22.38,22.39,22.4,22.41,22.42,22.43,22.44,16800,6400,5200,37700,4200,700,10700,300,700,600,100,3000,20700,6300,700,9600,2400,1200,2000,3500
178.0,22.35,780500,17361762.0,22.33,22.32,22.31,22.3,22.28,22.27,22.26,22.25,22.24,22.23,22.35,22.36,22.37,22.38,22.39,22.4,22.41,22.42,22.43,22.44,16800,6500,5200,37700,4200,700,10700,300,700,600,100,3000,20800,6300,700,9600,2400,1200,2000,3500
179.0,22.34,782200,17399748.0,22.34,22.33,22.32,22.31,22.3,22.28,22.27,22.26,22.25,22.24,22.35,22.36,22.37,22.38,22.39,22.4,22.41,22.42,22.43,22.44,2700,16700,6500,5200,37700,4200,700,10700,300,700,300,2700,20800,6300,700,11700,2400,1200,2000,4500
180.0,22.35,782600,17408686.0,22.34,22.33,22.32,22.31,22.3,22.28,22.27,22.26,22.25,22.24,22.35,22.36,22.37,22.38,22.39,22.4,22.41,22.42,22.43,22.44,2500,16700,6600,5200,37700,4200,700,10700,300,700,1600,2700,21800,7300,700,11700,2400,1200,2000,4500
181.0,22.34,788900,17549522.0,22.34,22.33,22.32,22.31,22.3,22.28,22.27,22.26,22.25,22.24,22.36,22.37,22.38,22.39,22.4,22.41,22.42,22.43,22.44,22.45,1700,16700,6600,5200,37700,4200,700,10700,300,700,300,14500,7300,700,11700,2400,1200,2000,4500,4800
182.0,22.34,788900,17549522.0,22.34,22.33,22.32,22.31,22.3,22.28,22.27,22.26,22.25,22.24,22.35,22.36,22.37,22.38,22.39,22.4,22.41,22.42,22.43,22.44,2100,16700,6500,5200,37700,4200,700,10700,300,700,1500,2500,14500,7300,800,11700,2400,1200,2000,4500
183.0,22.33,796200,17712586.0,22.33,22.32,22.31,22.3,22.28,22.27,22.26,22.25,22.24,22.23,22.36,22.37,22.38,22.39,22.4,22.41,22.42,22.43,22.44,22.45,13200,6500,5200,37700,4200,700,10700,300,700,600,3500,12900,6900,1800,11700,2400,1200,2000,4500,4800
184.0,22.33,796400,17717052.0,22.33,22.32,22.31,22.3,22.28,22.27,22.26,22.25,22.24,22.23,22.35,22.36,22.37,22.38,22.39,22.4,22.41,22.42,22.43,22.44,13000,6500,5200,37700,4200,700,10700,300,700,600,500,4700,13100,6800,1800,11700,2400,1200,2000,4500
185.0,22.33,800000,17797440.0,22.33,22.32,22.31,22.3,22.28,22.27,22.26,22.25,22.24,22.23,22.35,22.36,22.37,22.38,22.39,22.4,22.41,22.42,22.43,22.44,9400,6500,5200,37700,4200,700,10700,300,700,600,500,4700,13100,6800,1800,11700,2400,1200,2000,4500
186.0,22.35,802400,17851068.0,22.33,22.32,22.31,22.3,22.28,22.27,22.26,22.25,22.24,22.23,22.35,22.36,22.37,22.38,22.39,22.4,22.41,22.42,22.43,22.44,8900,6500,5200,37700,4200,700,10700,300,700,600,300,6800,13100,6800,1800,11700,2400,1200,2000,4500
187.0,22.35,823600,18325234.0,22.33,22.32,22.31,22.3,22.28,22.27,22.26,22.25,22.24,22.23,22.35,22.38,22.39,22.4,22.41,22.42,22.43,22.44,22.45,22.46,8900,6500,5200,37700,4200,700,10700,300,700,600,800,7100,1800,12200,2700,1200,2000,4500,25100,5500
188.0,22.35,825000,18356500.0,22.33,22.32,22.31,22.3,22.28,22.27,22.26,22.25,22.24,22.23,22.35,22.38,22.39,22.4,22.41,22.42,22.43,22.44,22.45,22.46,7700,6500,5200,37700,4200,700,10700,300,700,600,1300,7100,1800,13400,2700,1200,2000,4500,25100,5500
189.0,22.35,828100,18425785.0,22.33,22.32,22.31,22.3,22.28,22.27,22.26,22.25,22.24,22.23,22.35,22.38,22.39,22.4,22.41,22.42,22.43,22.44,22.45,22.46,7700,6500,5200,37700,4200,700,10700,300,700,600,2400,7100,1800,13400,2700,1200,2000,9500,25100,5500
190.0,22.33,829500,18457047.0,22.33,22.32,22.31,22.3,22.28,22.27,22.26,22.25,22.24,22.23,22.35,22.38,22.39,22.4,22.41,22.42,22.43,22.44,22.45,22.46,6300,6500,5200,37700,4200,700,10700,300,700,600,2400,7100,1800,13400,2700,1200,2000,9500,25100,5500
191.0,22.35,831200,18495034.0,22.33,22.32,22.31,22.3,22.29,22.28,22.27,22.26,22.25,22.24,22.35,22.36,22.37,22.38,22.39,22.4,22.41,22.42,22.43,22.44,5900,6500,5200,37700,1000,4200,700,10700,300,700,1100,2300,900,10100,1800,13400,2700,1200,2000,9500
192.0,22.35,831200,18495034.0,22.33,22.32,22.31,22.3,22.29,22.28,22.27,22.26,22.25,22.24,22.35,22.36,22.37,22.38,22.39,22.4,22.41,22.42,22.43,22.44,5900,6500,5200,37700,1000,4200,700,10700,300,700,1100,2500,900,10100,1400,13400,2700,1200,2000,9500
193.0,22.36,833200,18539719.0,22.33,22.32,22.31,22.3,22.29,22.28,22.27,22.26,22.25,22.24,22.36,22.37,22.38,22.39,22.4,22.41,22.42,22.43,22.44,22.45,5100,6500,5200,37700,1000,4200,700,10700,300,700,2400,900,10100,4200,13400,2700,1200,2000,9500,25100
194.0,22.36,833800,18553123.0,22.35,22.33,22.32,22.31,22.3,22.29,22.28,22.27,22.26,22.25,22.36,22.37,22.38,22.39,22.4,22.41,22.42,22.43,22.44,22.45,400,4700,6500,5200,37700,1000,4200,700,10700,300,2200,3100,20000,6800,13600,2700,1200,2000,9500,25100
195.0,22.35,834200,18562063.0,22.33,22.32,22.31,22.3,22.29,22.28,22.27,22.26,22.25,22.24,22.35,22.36,22.37,22.38,22.39,22.4,22.41,22.42,22.43,22.44,4700,6500,5200,37700,1000,4200,700,10700,300,700,3800,3600,4600,21000,6800,14500,2700,1200,2000,9500
196.0,22.35,834200,18562063.0,22.33,22.32,22.31,22.3,22.29,22.28,22.27,22.26,22.25,22.24,22.35,22.36,22.37,22.38,22.39,22.4,22.41,22.42,22.43,22.44,4700,6500,5200,37700,1000,4200,700,10700,300,700,3800,3600,4400,23000,6800,14500,2700,1200,2000,9500
197.0,22.35,835900,18600050.0,22.34,22.33,22.32,22.31,22.3,22.29,22.28,22.27,22.26,22.25,22.35,22.36,22.37,22.38,22.39,22.4,22.41,22.42,22.43,22.44,500,5100,6500,5200,37700,1000,4200,700,10700,300,3200,3600,32200,23000,8300,15100,2700,1200,2000,9500
198.0,22.35,836100,18604520.0,22.34,22.33,22.32,22.31,22.3,22.28,22.27,22.26,22.25,22.24,22.35,22.36,22.37,22.38,22.39,22.4,22.41,22.42,22.43,22.44,500,5300,6800,5600,37700,4200,700,10700,300,700,4000,3600,32400,23000,8300,15100,2700,1200,2000,9500
199.0,22.35,836100,18604520.0,22.34,22.33,22.32,22.31,22.3,22.28,22.27,22.26,22.25,22.24,22.35,22.36,22.37,22.38,22.39,22.4,22.41,22.42,22.43,22.44,500,5300,6800,5600,37800,4200,700,10700,300,700,4000,3600,31000,24800,9100,15100,2700,1500,2000,9500
200.0,22.35,836100,18604520.0,22.34,22.33,22.32,22.31,22.3,22.28,22.27,22.26,22.25,22.24,22.35,22.36,22.37,22.38,22.39,22.4,22.41,22.42,22.43,22.44,600,5300,6800,5200,37800,4200,700,10700,300,700,4100,3600,31800,24800,9100,16300,2700,1500,2000,9500
201.0,22.36,841200,18718514.0,22.34,22.33,22.32,22.31,22.3,22.28,22.27,22.26,22.25,22.24,22.35,22.36,22.37,22.38,22.39,22.4,22.41,22.42,22.43,22.44,600,5300,6800,5200,37800,4200,700,10700,300,700,2000,4100,37300,24800,9300,16300,2700,1500,2000,9500
202.0,22.36,841200,18718514.0,22.34,22.33,22.32,22.31,22.3,22.28,22.27,22.26,22.25,22.24,22.35,22.36,22.37,22.38,22.39,22.4,22.41,22.42,22.43,22.44,600,5300,6800,5200,37800,4200,700,10700,300,700,2900,4100,37300,23100,9400,16300,2700,1500,2000,9500
203.0,22.35,841800,18731924.0,22.34,22.33,22.32,22.31,22.3,22.28,22.27,22.26,22.25,22.24,22.35,22.36,22.37,22.38,22.39,22.4,22.41,22.42,22.43,22.44,600,5300,6800,5200,37800,4200,700,10700,300,700,4400,12100,37300,23100,9400,16300,2700,1500,2000,9500
204.0,22.34,842500,18747562.0,22.33,22.32,22.31,22.3,22.28,22.27,22.26,22.25,22.24,22.23,22.34,22.35,22.36,22.37,22.38,22.39,22.4,22.41,22.42,22.43,5300,6800,5200,37800,4200,700,10700,300,700,600,100,14400,13400,37800,23100,9400,16300,2700,1500,2000
205.0,22.35,845500,18814611.0,22.33,22.32,22.31,22.3,22.28,22.27,22.26,22.25,22.24,22.23,22.34,22.35,22.36,22.37,22.38,22.39,22.4,22.41,22.42,22.43,5300,6700,5200,37800,4200,700,10700,300,700,600,300,11500,13400,38800,23100,9400,16700,2700,1500,2000
206.0,22.35,847500,18859308.0,22.33,22.32,22.31,22.3,22.28,22.27,22.26,22.25,22.24,22.23,22.35,22.36,22.37,22.38,22.39,22.4,22.41,22.42,22.43,22.44,5600,6700,5200,37800,4200,700,10700,300,700,600,9800,16500,38800,23500,6800,16700,2700,1500,2000,9700
207.0,22.35,848000,18870483.0,22.33,22.32,22.31,22.3,22.28,22.27,22.26,22.25,22.24,22.23,22.35,22.36,22.37,22.38,22.39,22.4,22.41,22.42,22.43,22.44,5600,6700,5200,37800,4200,700,10700,300,700,600,9300,17600,38900,23500,6800,16700,2700,1500,2000,9700
208.0,22.34,848800,18888351.0,22.33,22.32,22.31,22.3,22.28,22.27,22.26,22.25,22.24,22.23,22.35,22.36,22.37,22.38,22.39,22.4,22.41,22.42,22.43,22.44,6700,6700,9000,37800,4200,700,10700,300,700,600,9300,18000,38700,23500,6800,17700,2700,1500,2000,9700
209.0,22.34,848800,18888351.0,22.33,22.32,22.31,22.3,22.28,22.27,22.26,22.25,22.24,22.23,22.35,22.36,22.37,22.38,22.39,22.4,22.41,22.42,22.43,22.44,6900,6700,9000,37800,4200,700,10700,300,700,600,9300,21000,38700,23100,6800,17700,2700,1500,2000,9700
210.0,22.35,852700,18975508.0,22.33,22.32,22.31,22.3,22.28,22.27,22.26,22.25,22.24,22.23,22.35,22.36,22.37,22.38,22.39,22.4,22.41,22.42,22.43,22.44,6500,6700,9000,37800,4200,700,10700,300,700,600,5800,21000,13700,23100,6800,17700,2700,1500,2000,9700
211.0,22.33,853100,18984440.0,22.33,22.32,22.31,22.3,22.28,22.27,22.26,22.25,22.24,22.23,22.35,22.36,22.37,22.38,22.39,22.4,22.41,22.42,22.43,22.44,6100,6700,9000,37800,4200,700,10700,300,700,600,9200,21000,13700,23100,6300,17700,2700,1500,2000,9700
212.0,22.35,853800,19000075.0,22.33,22.32,22.31,22.3,22.28,22.27,22.26,22.25,22.24,22.23,22.34,22.35,22.36,22.37,22.38,22.39,22.4,22.41,22.42,22.43,5600,6700,9000,37800,4200,700,10700,300,700,600,100,9000,21000,13700,26000,15300,17700,2700,1500,2000
213.0,22.31,873800,19446454.0,22.31,22.3,22.28,22.27,22.26,22.25,22.24,22.23,22.22,22.21,22.34,22.35,22.36,22.37,22.38,22.39,22.4,22.41,22.42,22.43,10200,37800,4200,700,10700,300,700,600,800,5100,100,10500,21000,13700,26000,15300,17700,2700,1500,2000
214.0,22.31,875400,19482154.0,22.31,22.3,22.28,22.27,22.26,22.25,22.24,22.23,22.22,22.21,22.34,22.35,22.36,22.37,22.38,22.39,22.4,22.41,22.42,22.43,8800,37800,4200,700,10700,300,700,600,800,5100,100,12800,21000,13700,26000,15300,17700,2700,1500,2000
215.0,22.34,878300,19546940.0,22.33,22.32,22.31,22.3,22.29,22.28,22.27,22.26,22.25,22.24,22.34,22.35,22.36,22.37,22.38,22.39,22.4,22.41,22.42,22.43,9400,600,12900,38000,200,4200,700,10700,300,700,2800,14400,21000,13700,26000,15100,17700,2700,1500,2000
216.0,22.34,881600,19620654.0,22.33,22.32,22.31,22.3,22.29,22.28,22.27,22.26,22.25,22.24,22.34,22.35,22.36,22.37,22.38,22.39,22.4,22.41,22.42,22.43,8600,600,12900,38000,200,4200,700,10700,300,700,300,14400,21000,13700,27000,15100,16700,2700,1500,2000
217.0,22.33,882700,19645223.0,22.34,22.33,22.32,22.31,22.3,22.29,22.28,22.27,22.26,22.25,22.35,22.36,22.37,22.38,22.39,22.4,22.41,22.42,22.43,22.44,200,8100,600,12900,38000,200,4200,700,10700,300,14100,18000,13700,24000,15100,16700,2700,1500,2000,9700
218.0,22.35,889300,19792733.0,22.34,22.33,22.32,22.31,22.3,22.28,22.27,22.26,22.25,22.24,22.35,22.36,22.37,22.38,22.39,22.4,22.41,22.42,22.43,22.44,2000,8400,600,12500,36800,4200,700,10700,300,700,12000,18000,13700,24000,15100,16700,2700,1500,2500,9700
219.0,22.35,889700,19801673.0,22.34,22.33,22.32,22.31,22.3,22.28,22.27,22.26,22.25,22.24,22.35,22.36,22.37,22.38,22.39,22.4,22.41,22.42,22.43,22.44,2000,8400,600,12500,36800,4200,700,10700,300,700,12000,18000,13700,24000,16100,16700,2700,1500,2500,9700
220.0,22.34,891200,19835183.0,22.34,22.33,22.32,22.31,22.3,22.28,22.27,22.26,22.25,22.24,22.35,22.36,22.37,22.38,22.39,22.4,22.41,22.42,22.43,22.44,500,8400,600,12600,36800,4200,700,10700,300,700,11900,19000,13700,24000,16100,17000,2700,1500,2500,9700
221.0,22.35,892400,19862003.0,22.34,22.33,22.32,22.31,22.3,22.28,22.27,22.26,22.25,22.24,22.35,22.36,22.37,22.38,22.39,22.4,22.41,22.42,22.43,22.44,700,8400,600,12600,36800,4200,700,10700,300,700,12600,19000,14000,24000,16100,17000,2700,1500,2500,9700
222.0,22.35,892400,19862003.0,22.34,22.33,22.32,22.31,22.3,22.28,22.27,22.26,22.25,22.24,22.35,22.36,22.37,22.38,22.39,22.4,22.41,22.42,22.43,22.44,3900,8400,600,12700,36800,4200,700,10700,700,700,13800,16500,14000,24000,16100,17000,2700,1500,2500,9700
223.0,22.35,897300,19971485.0,22.34,22.33,22.32,22.31,22.3,22.28,22.27,22.26,22.25,22.24,22.35,22.36,22.37,22.38,22.39,22.4,22.41,22.42,22.43,22.44,800,8400,600,12700,36800,4200,700,10700,700,700,13200,16500,14000,24000,16100,17000,2700,1500,2500,9700
224.0,22.34,898800,20005002.0,22.33,22.32,22.31,22.3,22.28,22.27,22.26,22.25,22.24,22.23,22.34,22.35,22.36,22.37,22.38,22.39,22.4,22.41,22.42,22.43,8600,600,12700,36800,4200,700,10700,700,700,600,2000,12500,16500,13500,24000,16100,17000,2700,1500,2500
225.0,22.35,914700,20360338.0,22.35,22.34,22.33,22.32,22.31,22.3,22.28,22.27,22.26,22.25,22.36,22.37,22.38,22.39,22.4,22.41,22.42,22.43,22.44,22.45,4400,8500,8200,600,12700,36800,4200,700,10700,700,16300,13500,24000,16100,17000,2700,1500,2500,9700,31900
226.0,22.34,939700,20918882.0,22.34,22.33,22.32,22.31,22.3,22.28,22.27,22.26,22.25,22.24,22.35,22.36,22.37,22.38,22.39,22.4,22.41,22.42,22.43,22.44,11200,8200,600,12700,36800,4200,700,10700,700,700,1500,16300,13500,24000,16100,15700,2700,1500,2500,9700
227.0,22.35,944300,21021692.0,22.35,22.34,22.33,22.32,22.31,22.3,22.28,22.27,22.26,22.25,22.36,22.37,22.38,22.39,22.4,22.41,22.42,22.43,22.44,22.45,500,9600,8200,600,13000,37100,4200,700,10700,700,15700,13500,24000,16100,15900,2700,1500,2500,9700,31900
228.0,22.35,944500,21026162.0,22.35,22.34,22.33,22.32,22.31,22.3,22.28,22.27,22.26,22.25,22.36,22.37,22.38,22.39,22.4,22.41,22.42,22.43,22.44,22.45,1200,9600,8300,600,13000,37100,4200,700,10700,700,15900,13500,24000,16100,15900,2700,1500,2500,9700,31900
229.0,22.34,950900,21169194.0,22.34,22.33,22.32,22.31,22.3,22.28,22.27,22.26,22.25,22.24,22.36,22.37,22.38,22.39,22.4,22.41,22.42,22.43,22.44,22.45,7100,8900,600,13600,37100,4200,700,10700,700,700,14200,13300,24000,16100,15900,2700,1500,2500,9700,31900
230.0,22.35,956100,21285379.0,22.35,22.34,22.33,22.32,22.31,22.3,22.28,22.27,22.26,22.25,22.36,22.37,22.38,22.39,22.4,22.41,22.42,22.43,22.44,22.45,4500,4200,8900,600,13300,37100,4200,700,10700,700,13700,13300,24000,16100,16100,2700,1500,2500,9700,31900
231.0,22.35,957200,21309964.0,22.35,22.34,22.33,22.32,22.31,22.3,22.28,22.27,22.26,22.25,22.36,22.37,22.38,22.39,22.4,22.41,22.42,22.43,22.44,22.45,4500,4700,8900,600,13300,37100,4200,700,10700,700,10200,13300,23600,16100,16300,2700,1500,2500,9700,31900
232.0,22.35,957200,21309964.0,22.35,22.34,22.33,22.32,22.31,22.3,22.28,22.27,22.26,22.25,22.36,22.37,22.38,22.39,22.4,22.41,22.42,22.43,22.44,22.45,4500,4700,8900,600,13200,37100,4200,700,10700,700,10200,13300,23600,16100,16300,2700,1500,2500,9700,31900
233.0,22.35,965800,21502250.0,22.35,22.34,22.33,22.32,22.31,22.3,22.28,22.27,22.26,22.25,22.36,22.37,22.38,22.39,22.4,22.41,22.42,22.43,22.44,22.45,6000,4700,8900,600,13200,37100,4200,700,10700,700,2600,13300,23600,16100,16300,2700,1500,2500,9700,31900
234.0,22.31,996200,22181039.0,22.33,22.32,22.31,22.3,22.28,22.27,22.26,22.25,22.24,22.23,22.36,22.37,22.38,22.39,22.4,22.41,22.42,22.43,22.44,22.45,3400,200,3000,37100,4200,700,10700,700,700,600,2600,13700,23600,16100,16300,2700,1500,2500,9700,41900
235.0,22.33,997200,22203369.0,22.33,22.32,22.31,22.3,22.28,22.27,22.26,22.25,22.24,22.23,22.35,22.36,22.37,22.38,22.39,22.4,22.41,22.42,22.43,22.44,2400,200,3200,37100,4200,700,10700,700,700,600,800,2600,14200,23600,16100,16300,2700,1500,2500,9700
236.0,22.33,997200,22203369.0,22.33,22.32,22.31,22.3,22.28,22.27,22.26,22.25,22.24,22.23,22.35,22.36,22.37,22.38,22.39,22.4,22.41,22.42,22.43,22.44,2400,700,3500,37100,4200,700,10700,700,700,600,1800,2600,14200,23600,16100,16300,2700,1500,2500,9700
237.0,22.35,997500,22210070.0,22.33,22.32,22.31,22.3,22.28,22.27,22.26,22.25,22.24,22.23,22.35,22.36,22.37,22.38,22.39,22.4,22.41,22.42,22.43,22.44,2200,500,3500,36800,4200,700,10700,700,700,600,3400,2600,14700,23300,16100,16300,2700,1500,2500,8700
238.0,22.35,997500,22210070.0,22.33,22.32,22.31,22.3,22.28,22.27,22.26,22.25,22.24,22.23,22.35,22.36,22.37,22.38,22.39,22.4,22.41,22.42,22.43,22.44,2200,500,3500,36800,4200,700,10700,700,700,600,4800,2600,14700,23300,17100,16300,2700,1500,2500,8700
239.0,22.33,997900,22219002.0,22.34,22.33,22.32,22.31,22.3,22.28,22.27,22.26,22.25,22.24,22.35,22.36,22.37,22.38,22.39,22.4,22.41,22.42,22.43,22.44,100,1800,500,3500,36800,4200,700,10700,700,700,5800,2600,14700,23200,17100,16800,2700,1500,2500,8700
240.0,22.33,997900,22219002.0,22.34,22.33,22.32,22.31,22.3,22.29,22.28,22.27,22.26,22.25,22.35,22.36,22.37,22.38,22.39,22.4,22.41,22.42,22.43,22.44,100,1800,500,3500,36800,400,4200,700,10700,700,4500,2900,16800,23200,17100,16800,2700,1500,2500,8700
241.0,22.33,997900,22219002.0,22.34,22.33,22.32,22.31,22.3,22.29,22.28,22.27,22.26,22.25,22.35,22.36,22.37,22.38,22.39,22.4,22.41,22.42,22.43,22.44,100,100,500,3500,36800,400,4200,700,10700,700,13400,2900,16800,23200,17100,16800,2700,1500,2500,8700
242.0,22.35,999000,22243587.0,22.34,22.33,22.32,22.31,22.3,22.29,22.28,22.27,22.26,22.25,22.35,22.36,22.37,22.38,22.39,22.4,22.41,22.42,22.43,22.44,100,100,500,3500,36800,400,4200,700,10700,700,12300,2900,16800,22200,17600,16800,2700,1500,2500,8700
243.0,22.35,999200,22248056.0,22.33,22.32,22.31,22.3,22.29,22.28,22.27,22.26,22.25,22.24,22.35,22.36,22.37,22.38,22.39,22.4,22.41,22.42,22.43,22.44,100,500,3500,36800,400,4200,700,10700,700,700,12200,2900,17300,22200,17600,16500,2700,1500,2500,8700
244.0,22.35,1011000,22511776.0,22.33,22.32,22.31,22.3,22.29,22.28,22.27,22.26,22.25,22.24,22.35,22.36,22.37,22.38,22.39,22.4,22.41,22.42,22.43,22.44,300,1100,3500,36800,400,4200,700,10700,700,700,1400,3000,17300,22200,17600,16500,2700,1500,2500,8700
245.0,22.4,1090600,24293472.0,22.39,22.38,22.37,22.36,22.33,22.32,22.31,22.3,22.29,22.28,22.41,22.42,22.43,22.44,22.45,22.46,22.47,22.48,22.49,22.5,31600,10300,1600,200,100,1100,3500,36800,400,700,2700,1500,2500,8700,42300,5200,300,13700,2400,49700
246.0,22.39,1093800,24365177.0,22.39,22.38,22.37,22.36,22.35,22.33,22.32,22.31,22.3,22.29,22.42,22.43,22.44,22.45,22.46,22.47,22.48,22.49,22.5,22.51,16800,10300,1600,200,100,100,1100,3500,36800,400,1500,2500,8700,42300,5200,300,13700,2400,49900,5000
247.0,22.42,1100300,24510727.0,22.4,22.39,22.38,22.37,22.36,22.35,22.33,22.32,22.31,22.3,22.42,22.43,22.44,22.45,22.46,22.47,22.48,22.49,22.5,22.51,3000,11000,10300,1600,200,100,100,1100,3500,36800,1300,3500,8700,42300,5200,300,13700,2400,49900,5000
248.0,22.4,1104100,24595876.0,22.4,22.39,22.38,22.37,22.35,22.32,22.31,22.3,22.29,22.28,22.43,22.44,22.45,22.46,22.47,22.48,22.49,22.5,22.51,22.52,1600,11100,10300,1600,100,1100,3200,36800,400,700,3700,8700,42500,5200,300,13700,2400,49900,5000,1300
249.0,22.41,1104200,24598117.0,22.41,22.4,22.39,22.38,22.37,22.35,22.32,22.31,22.3,22.29,22.43,22.44,22.45,22.46,22.47,22.48,22.49,22.5,22.51,22.52,200,1600,10800,10300,1600,400,3100,3200,36800,400,3500,8900,42500,5200,300,13700,2400,49900,5000,1300
250.0,22.41,1104400,24602599.0,22.41,22.4,22.39,22.38,22.37,22.35,22.33,22.32,22.31,22.3,22.43,22.44,22.45,22.46,22.47,22.48,22.49,22.5,22.51,22.52,300,1600,10800,10300,1600,400,100,3100,3200,36800,3500,8900,42500,5200,300,14200,7900,49900,5000,1300
251.0,22.43,1104800,24611571.0,22.42,22.41,22.4,22.39,22.38,22.37,22.35,22.33,22.32,22.31,22.43,22.44,22.45,22.46,22.47,22.48,22.49,22.5,22.51,22.52,300,400,1800,10700,1400,1600,400,7900,3100,3200,3100,8900,42500,5200,300,14200,7900,49900,5000,1300
252.0,22.41,1106600,24651924.0,22.41,22.4,22.39,22.38,22.37,22.35,22.33,22.32,22.31,22.3,22.43,22.44,22.45,22.46,22.47,22.48,22.49,22.5,22.51,22.52,100,1800,10700,1400,1600,400,7900,3100,3200,35400,3100,8900,42500,5200,300,14200,7900,49900,5000,1300
253.0,22.4,1107000,24660885.0,22.4,22.39,22.38,22.37,22.35,22.33,22.32,22.31,22.3,22.29,22.41,22.43,22.44,22.45,22.46,22.47,22.48,22.49,22.5,22.51,800,11000,1700,1600,400,7900,3100,3200,35400,400,200,3500,8900,42500,5200,1000,14200,7900,49900,5000
254.0,22.4,1107500,24672085.0,22.4,22.39,22.38,22.37,22.35,22.33,22.32,22.31,22.3,22.29,22.41,22.43,22.44,22.45,22.46,22.47,22.48,22.49,22.5,22.51,300,300,1400,1600,400,7900,3100,3200,35400,400,200,3500,8900,42500,5200,1000,14200,7900,49900,5000
255.0,22.39,1108300,24690000.0,22.38,22.37,22.35,22.33,22.32,22.31,22.3,22.29,22.28,22.27,22.4,22.41,22.43,22.44,22.45,22.46,22.47,22.48,22.49,22.5,1400,1600,400,7900,3100,3200,35400,400,700,700,500,200,3500,8900,42500,5200,1000,14500,7900,49900
256.0,22.38,1108700,24698952.0,22.38,22.37,22.35,22.34,22.33,22.32,22.31,22.3,22.29,22.28,22.4,22.41,22.43,22.44,22.45,22.46,22.47,22.48,22.49,22.5,1000,1600,400,1000,7900,3100,3200,35400,400,700,500,200,3500,9900,42500,5200,1000,14500,7900,49900
257.0,22.4,1109200,24710150.0,22.38,22.37,22.35,22.34,22.33,22.32,22.31,22.3,22.29,22.28,22.4,22.41,22.43,22.44,22.45,22.46,22.47,22.48,22.49,22.5,900,1800,700,1000,7900,3100,3200,35400,400,700,100,200,3500,12400,42500,5200,1000,14500,7900,49900
258.0,22.4,1109200,24710150.0,22.37,22.35,22.34,22.33,22.32,22.31,22.3,22.29,22.28,22.27,22.4,22.41,22.43,22.44,22.45,22.46,22.47,22.48,22.49,22.5,1800,700,1000,100,3100,3200,100,400,700,700,100,600,3500,12400,42500,5200,1000,14500,7900,49900
259.0,22.35,1110900,24748177.0,22.35,22.34,22.33,22.32,22.31,22.3,22.29,22.28,22.27,22.26,22.36,22.39,22.4,22.41,22.43,22.44,22.45,22.46,22.47,22.48,500,1000,100,3100,3200,100,400,700,700,10700,900,100,3900,500,3500,12400,42500,5200,1000,16500
260.0,22.37,1113700,24810804.0,22.35,22.34,22.33,22.32,22.31,22.3,22.29,22.28,22.27,22.26,22.37,22.39,22.4,22.41,22.43,22.44,22.45,22.46,22.47,22.48,500,1000,100,3100,3400,100,400,700,700,10700,500,100,5400,500,3500,12400,42500,5200,1000,16500
261.0,22.4,1114700,24833188.0,22.35,22.34,22.33,22.32,22.31,22.3,22.29,22.28,22.27,22.26,22.4,22.41,22.43,22.44,22.45,22.46,22.47,22.48,22.49,22.5,500,1000,100,3100,3400,100,400,700,700,10700,5000,500,3500,12400,42500,5200,1000,16500,7900,50900
262.0,22.37,1116800,24880167.0,22.35,22.34,22.33,22.32,22.31,22.3,22.29,22.28,22.27,22.26,22.37,22.38,22.4,22.41,22.43,22.44,22.45,22.46,22.47,22.48,100,1000,100,3100,3400,100,400,700,700,10700,200,200,5000,500,3500,12200,42500,5200,1000,16500
263.0,22.35,1118300,24913679.0,22.32,22.31,22.3,22.29,22.28,22.27,22.26,22.25,22.24,22.23,22.35,22.36,22.37,22.38,22.4,22.41,22.43,22.44,22.45,22.46,3100,3400,100,400,700,700,10700,700,700,400,400,600,200,200,5000,500,3500,12400,42800,5200
264.0,22.35,1118300,24913679.0,22.32,22.31,22.29,22.28,22.27,22.26,22.25,22.24,22.23,22.22,22.34,22.35,22.36,22.37,22.38,22.39,22.4,22.41,22.43,22.44,3100,3500,400,700,700,10700,700,700,400,1800,100,1000,800,200,200,100,5000,500,5400,12400
265.0,22.34,1119100,24931544.0,22.32,22.31,22.29,22.28,22.27,22.26,22.25,22.24,22.23,22.22,22.34,22.35,22.36,22.37,22.38,22.39,22.4,22.41,22.43,22.44,2800,3700,400,700,700,10700,700,700,400,1800,300,1600,800,200,200,100,5000,400,10400,12400
266.0,22.34,1119900,24949402.0,22.32,22.31,22.29,22.28,22.27,22.26,22.25,22.24,22.23,22.22,22.34,22.35,22.36,22.37,22.38,22.39,22.4,22.41,22.43,22.44,2300,4000,500,700,700,10700,700,700,400,1800,200,1600,900,200,200,100,5000,400,10400,12400
267.0,22.31,1134100,25266624.0,22.29,22.28,22.27,22.26,22.25,22.24,22.23,22.22,22.21,22.2,22.31,22.32,22.33,22.35,22.36,22.37,22.38,22.39,22.4,22.41,500,700,700,10700,700,700,400,1800,3700,4700,3200,100,100,2600,14000,54200,200,500,4800,400
268.0,22.3,1134400,25273314.0,22.29,22.28,22.27,22.26,22.25,22.24,22.23,22.22,22.21,22.2,22.3,22.31,22.32,22.33,22.35,22.36,22.37,22.38,22.39,22.4,500,700,700,10700,700,700,400,1800,3700,4700,1100,3000,1400,100,2600,14000,30400,200,500,4800
269.0,22.3,1134400,25273314.0,22.29,22.28,22.27,22.26,22.25,22.24,22.23,22.22,22.21,22.2,22.31,22.32,22.33,22.35,22.36,22.37,22.38,22.39,22.4,22.41,600,1000,700,10700,700,700,400,1800,3700,4700,4500,1400,100,4700,14000,30800,200,500,4800,400
270.0,22.37,1176600,26215990.0,22.3,22.29,22.28,22.27,22.26,22.25,22.24,22.23,22.22,22.21,22.34,22.35,22.36,22.37,22.38,22.39,22.4,22.41,22.43,22.44,3400,300,200,2200,6000,700,700,400,1800,1700,100,1600,1800,20000,200,500,4800,400,11800,12800
271.0,22.3,1178400,26256131.0,22.3,22.29,22.28,22.27,22.26,22.25,22.24,22.23,22.22,22.21,22.34,22.35,22.36,22.37,22.38,22.39,22.4,22.41,22.43,22.44,1700,300,200,2200,6000,700,700,400,1800,1700,1000,1600,1800,20000,200,500,4800,400,12500,12800
272.0,22.33,1178700,26262832.0,22.3,22.29,22.28,22.27,22.26,22.25,22.24,22.23,22.22,22.21,22.33,22.34,22.35,22.36,22.37,22.38,22.39,22.4,22.41,22.43,8500,300,200,2300,6000,700,700,400,1800,1700,400,6600,1600,1800,15100,1100,500,4800,600,12500
273.0,22.3,1180400,26300747.0,22.3,22.29,22.28,22.27,22.26,22.25,22.24,22.23,22.22,22.21,22.33,22.34,22.35,22.36,22.37,22.38,22.39,22.4,22.41,22.43,8700,300,200,2300,5800,700,700,400,1800,1700,1900,6600,1100,1800,15100,1100,500,4800,600,12500
274.0,22.3,1185200,26407787.0,22.31,22.3,22.29,22.28,22.27,22.26,22.25,22.24,22.23,22.22,22.33,22.34,22.35,22.36,22.37,22.38,22.39,22.4,22.41,22.43,300,8800,3300,4100,2400,5800,700,700,400,1800,4300,7200,1100,1800,15100,1100,500,4800,600,10600
275.0,22.3,1185200,26407787.0,22.31,22.3,22.29,22.28,22.27,22.26,22.25,22.24,22.23,22.22,22.33,22.34,22.35,22.36,22.37,22.38,22.39,22.4,22.41,22.43,300,8900,3300,4100,2400,5800,700,700,400,1800,4300,11200,1100,1800,15100,1100,500,4800,600,10600
276.0,22.34,1197200,26675791.0,22.31,22.3,22.29,22.28,22.27,22.26,22.25,22.24,22.23,22.22,22.34,22.35,22.36,22.37,22.38,22.39,22.4,22.41,22.43,22.44,4900,8300,4300,4100,2300,5800,700,700,400,1800,4400,300,19800,5800,1100,500,4800,200,10600,13800
277.0,22.31,1198000,26693639.0,22.33,22.32,22.31,22.3,22.29,22.28,22.27,22.26,22.25,22.24,22.34,22.35,22.36,22.37,22.38,22.39,22.4,22.41,22.43,22.44,100,2200,4000,8300,4300,4100,2300,5800,700,700,4400,300,6000,5200,1400,500,4800,200,10600,13900
278.0,22.32,1200800,26756148.0,22.32,22.31,22.3,22.29,22.28,22.27,22.26,22.25,22.24,22.23,22.34,22.35,22.36,22.37,22.38,22.39,22.4,22.41,22.43,22.44,500,4100,8300,4300,3900,3100,5800,700,700,400,4000,300,5900,5200,1400,500,4800,200,10600,13900
279.0,22.31,1201700,26776238.0,22.31,22.3,22.29,22.28,22.27,22.26,22.25,22.24,22.23,22.22,22.34,22.35,22.36,22.37,22.38,22.39,22.4,22.41,22.43,22.44,3900,8300,4300,3900,3100,5800,700,700,400,1800,3800,300,5900,5200,1500,500,4800,200,10600,13900
280.0,22.31,1203900,26825377.0,22.31,22.3,22.29,22.28,22.27,22.26,22.25,22.24,22.23,22.22,22.34,22.35,22.36,22.37,22.38,22.39,22.4,22.41,22.43,22.44,5300,8300,4300,3900,3100,5800,700,700,400,1800,3600,300,5900,5200,1500,500,4800,200,10600,13900
281.0,22.34,1204000,26827611.0,22.33,22.31,22.3,22.29,22.28,22.27,22.26,22.25,22.24,22.23,22.34,22.35,22.36,22.37,22.38,22.39,22.4,22.41,22.42,22.43,100,7700,8300,4300,4200,3100,5800,700,700,400,5900,800,5900,5200,1900,500,4800,200,1000,10600
282.0,22.31,1204500,26838768.0,22.33,22.32,22.31,22.3,22.29,22.28,22.27,22.26,22.25,22.24,22.34,22.35,22.36,22.37,22.38,22.39,22.4,22.41,22.42,22.43,400,700,7400,8300,4300,4200,3100,5800,700,700,5900,800,5900,5600,1900,500,5300,200,1000,10600
283.0,22.31,1204500,26838768.0,22.33,22.32,22.31,22.3,22.29,22.28,22.27,22.26,22.25,22.24,22.34,22.35,22.36,22.37,22.38,22.39,22.4,22.41,22.42,22.43,400,700,7400,8300,4300,4200,3100,5800,700,1200,5900,800,5900,5600,1900,500,5300,200,1000,10600
284.0,22.31,1204500,26838768.0,22.33,22.32,22.31,22.3,22.29,22.28,22.27,22.26,22.25,22.24,22.34,22.35,22.36,22.37,22.38,22.39,22.4,22.41,22.42,22.43,600,700,7400,8200,4300,4200,3100,5800,700,1200,5900,800,6300,5600,1900,500,10300,200,1000,10700
285.0,22.32,1206500,26883414.0,22.33,22.32,22.31,22.3,22.29,22.28,22.27,22.26,22.25,22.24,22.34,22.35,22.36,22.37,22.38,22.39,22.4,22.41,22.42,22.43,300,6400,7300,8200,4300,4200,3100,5800,700,1200,5900,800,6300,5600,1800,500,10300,200,1000,10700
286.0,22.34,1208500,26928059.0,22.33,22.32,22.31,22.3,22.29,22.28,22.27,22.26,22.25,22.24,22.34,22.35,22.36,22.37,22.38,22.39,22.4,22.41,22.42,22.43,1500,4800,7200,8200,4300,4200,3100,5800,700,1200,5800,800,6300,5600,1800,500,10300,1200,1000,10700
287.0,22.34,1209800,26957097.0,22.33,22.32,22.31,22.3,22.29,22.28,22.27,22.26,22.25,22.24,22.34,22.35,22.36,22.37,22.38,22.39,22.4,22.41,22.42,22.43,1100,5100,7400,8400,4300,4800,3100,5800,700,1200,4900,1400,6300,5600,1800,700,10300,1200,1000,10700
288.0,22.34,1209800,26957097.0,22.33,22.32,22.31,22.3,22.29,22.28,22.27,22.26,22.25,22.24,22.34,22.35,22.36,22.37,22.38,22.39,22.4,22.41,22.42,22.43,1100,5100,7400,8400,4300,4800,3100,6800,700,1200,4900,1400,6600,5600,1800,1200,10300,1200,1000,10700
289.0,22.38,1237900,27585547.0,22.36,22.35,22.34,22.33,22.32,22.31,22.3,22.29,22.28,22.27,22.38,22.39,22.4,22.41,22.42,22.43,22.44,22.45,22.46,22.47,600,700,1100,4400,5100,7500,8400,4300,4800,3100,10100,1300,10300,1200,1000,10700,14000,45800,5200,1500
290.0,22.38,1239200,27614625.0,22.37,22.36,22.35,22.34,22.33,22.32,22.31,22.3,22.29,22.28,22.38,22.39,22.4,22.41,22.42,22.43,22.44,22.45,22.46,22.47,200,100,5400,1000,4400,4800,7300,8200,4300,4800,9600,1300,10300,1200,1000,10700,14300,45800,5200,1500
291.0,22.38,1239200,27614625.0,22.37,22.36,22.35,22.34,22.33,22.32,22.31,22.3,22.29,22.28,22.38,22.39,22.4,22.41,22.42,22.43,22.44,22.45,22.46,22.47,200,100,5400,1000,4400,6900,7300,8200,4300,4800,9600,1300,8000,1200,1000,10700,14300,45800,5200,1500
292.0,22.35,1240400,27641450.0,22.35,22.34,22.33,22.32,22.31,22.3,22.29,22.28,22.27,22.26,22.38,22.39,22.4,22.41,22.42,22.43,22.44,22.45,22.46,22.47,4500,1000,4400,6900,4600,8200,4300,4800,3100,6800,9600,1300,8000,1200,1000,10700,14300,45800,5200,1500
293.0,22.38,1240900,27652628.0,22.36,22.35,22.34,22.33,22.32,22.31,22.3,22.29,22.28,22.27,22.38,22.39,22.4,22.41,22.42,22.43,22.44,22.45,22.46,22.47,1600,7000,1200,4400,6900,4600,8200,4300,4800,3100,11700,1300,8000,1200,1000,16400,14300,45800,5200,1500
294.0,22.36,1241000,27654864.0,22.36,22.35,22.34,22.33,22.32,22.31,22.3,22.29,22.28,22.27,22.37,22.38,22.39,22.4,22.41,22.42,22.43,22.44,22.45,22.46,1300,7000,1200,4400,6900,4600,8200,4300,4800,3100,300,11700,1300,8400,1200,1000,16400,14300,45800,5200
295.0,22.37,1241700,27670519.0,22.37,22.36,22.35,22.34,22.33,22.32,22.31,22.3,22.29,22.28,22.38,22.39,22.4,22.41,22.42,22.43,22.44,22.45,22.46,22.47,4500,900,7100,1200,7700,7900,4600,8200,4300,4800,11700,1500,8400,1200,1000,16400,14300,45800,5200,1500
296.0,22.37,1241900,27674993.0,22.37,22.36,22.35,22.34,22.33,22.32,22.31,22.3,22.29,22.28,22.38,22.39,22.4,22.41,22.42,22.43,22.44,22.45,22.46,22.47,4300,1000,7100,1200,7700,7900,4600,8200,4300,4800,11700,1500,8400,1200,1000,16400,14300,47300,5200,1500
297.0,22.38,1242400,27686179.0,22.37,22.36,22.35,22.34,22.33,22.32,22.31,22.3,22.29,22.28,22.38,22.39,22.4,22.41,22.42,22.43,22.44,22.45,22.46,22.47,4200,1000,7100,1200,8500,7900,4600,8200,4300,4800,11600,1500,8400,1200,2000,16400,14300,47300,5200,1500
298.0,22.37,1243200,27704075.0,22.37,22.36,22.35,22.34,22.33,22.32,22.31,22.3,22.29,22.28,22.38,22.39,22.4,22.41,22.42,22.43,22.44,22.45,22.46,22.47,3400,1000,7100,1200,8500,7900,4600,8700,4300,4800,12700,1500,8400,1200,2000,16400,14300,47300,5200,1500
299.0,22.38,1243700,27715263.0,22.37,22.36,22.35,22.34,22.33,22.32,22.31,22.3,22.29,22.28,22.38,22.39,22.4,22.41,22.42,22.43,22.44,22.45,22.46,22.47,3500,1000,6700,1000,8500,7900,4600,8700,4300,4800,12400,1500,8400,1200,2000,16400,14300,47300,5200,1500
300.0,22.37,1244000,27721974.0,22.37,22.36,22.35,22.34,22.33,22.32,22.31,22.3,22.29,22.28,22.38,22.39,22.4,22.41,22.42,22.43,22.44,22.45,22.46,22.47,3200,1000,6700,1000,8500,7900,4600,9400,4300,4800,12500,1500,15400,1200,2100,17100,14300,47300,5200,1500
301.0,22.37,1244400,27730922.0,22.37,22.36,22.35,22.34,22.33,22.32,22.31,22.3,22.29,22.28,22.38,22.39,22.4,22.41,22.42,22.43,22.44,22.45,22.46,22.47,2800,1000,6700,800,8500,7900,4600,9400,4300,4800,12600,1500,35400,1200,2100,17100,14300,47300,5200,1500
302.0,22.37,1247500,27800267.0,22.37,22.36,22.35,22.34,22.33,22.32,22.31,22.3,22.29,22.28,22.38,22.39,22.4,22.41,22.42,22.43,22.44,22.45,22.46,22.47,200,800,6700,800,8500,7900,4600,9900,4300,4800,13300,1500,35400,1200,2100,17100,14300,47300,5200,1500
303.0,22.37,1247500,27800267.0,22.37,22.36,22.35,22.34,22.33,22.32,22.31,22.3,22.29,22.28,22.38,22.39,22.4,22.41,22.42,22.43,22.44,22.45,22.46,22.47,500,800,6700,800,8500,7900,4600,10000,4300,4800,13300,2000,37400,1200,2100,17100,14300,47300,5200,1500
304.0,22.36,1248800,27829343.0,22.35,22.34,22.33,22.32,22.31,22.3,22.29,22.28,22.27,22.26,22.36,22.38,22.39,22.4,22.41,22.42,22.43,22.44,22.45,22.46,6700,800,8500,3100,4600,10000,4300,4800,3100,6800,1100,13300,2500,39100,1200,2100,17100,14300,47300,5200
305.0,22.36,1250200,27860638.0,22.35,22.34,22.33,22.32,22.31,22.3,22.29,22.28,22.27,22.26,22.36,22.37,22.38,22.39,22.4,22.41,22.42,22.43,22.44,22.45,6000,800,8500,3100,4600,10000,4300,4800,3100,6800,600,400,13200,3300,39100,1200,2100,17100,14300,47300
306.0,22.36,1250700,27871818.0,22.35,22.34,22.33,22.32,22.31,22.3,22.29,22.28,22.27,22.26,22.36,22.37,22.38,22.39,22.4,22.41,22.42,22.43,22.44,22.45,6000,800,8500,3100,4600,10000,4300,4800,3100,6800,100,1300,13200,3300,39300,1200,2100,17100,14300,47300
307.0,22.35,1251500,27889698.0,22.35,22.34,22.33,22.32,22.31,22.3,22.29,22.28,22.27,22.26,22.36,22.37,22.38,22.39,22.4,22.41,22.42,22.43,22.44,22.45,5200,800,8500,3100,4600,10000,1300,4800,3100,6800,100,1400,13200,3400,39300,1200,2200,17100,14300,47300
308.0,22.38,1254000,27945622.0,22.35,22.34,22.33,22.32,22.31,22.3,22.29,22.28,22.27,22.26,22.38,22.39,22.4,22.41,22.42,22.43,22.44,22.45,22.46,22.47,5100,800,8700,3100,4600,10000,1300,4800,3100,6800,13000,3600,39900,1200,2200,17100,14300,47300,6200,1500
309.0,22.35,1256400,27999262.0,22.36,22.35,22.34,22.33,22.32,22.31,22.3,22.29,22.28,22.27,22.37,22.38,22.39,22.4,22.41,22.42,22.43,22.44,22.45,22.46,100,2400,900,8700,3100,4600,10000,1300,4800,3100,8000,14000,3600,40000,1200,2200,17100,14300,47300,6200
310.0,22.33,1261300,28108757.0,22.33,22.32,22.31,22.3,22.29,22.28,22.27,22.26,22.25,22.24,22.37,22.38,22.39,22.4,22.41,22.42,22.43,22.44,22.45,22.46,7700,3100,4600,10000,1300,4800,3100,6800,700,1200,7600,15800,3600,40000,1200,2200,17100,14300,47300,6200
311.0,22.37,1261800,28119942.0,22.33,22.32,22.31,22.3,22.29,22.28,22.27,22.26,22.25,22.24,22.37,22.38,22.39,22.4,22.41,22.42,22.43,22.44,22.45,22.46,8900,3100,4600,10000,1300,4800,3100,6800,700,1200,8300,15800,5100,42000,1200,2200,17100,14300,47500,6200
312.0,22.37,1264800,28187046.0,22.33,22.32,22.31,22.3,22.29,22.28,22.27,22.26,22.25,22.24,22.37,22.38,22.39,22.4,22.41,22.42,22.43,22.44,22.45,22.46,11000,3100,4600,10000,1300,4800,3100,6800,700,1200,7700,15800,5100,42000,1200,2200,17100,14300,47500,6200
313.0,22.33,1265200,28195978.0,22.34,22.33,22.32,22.31,22.3,22.29,22.28,22.27,22.26,22.25,22.37,22.38,22.39,22.4,22.41,22.42,22.43,22.44,22.45,22.46,4600,13100,3100,4600,10000,1300,4800,3100,6800,700,10200,15800,5400,42000,1200,2200,17100,14300,47500,6200
314.0,22.37,1266000,28213873.0,22.34,22.33,22.32,22.31,22.3,22.29,22.28,22.27,22.26,22.25,22.37,22.38,22.39,22.4,22.41,22.42,22.43,22.44,22.45,22.46,5200,13100,3100,4600,11300,2700,4200,3100,6800,700,12100,15800,5400,42000,1200,2200,17100,14300,47500,6200
315.0,22.34,1266400,28222809.0,22.34,22.33,22.32,22.31,22.3,22.29,22.28,22.27,22.26,22.25,22.37,22.38,22.39,22.4,22.41,22.42,22.43,22.44,22.45,22.46,6000,13100,3100,4600,11300,2700,4200,3100,6800,700,13300,25800,5400,42000,1200,2200,17100,14300,47500,6200
316.0,22.37,1267100,28238468.0,22.34,22.33,22.32,22.31,22.3,22.29,22.28,22.27,22.26,22.25,22.37,22.38,22.39,22.4,22.41,22.42,22.43,22.44,22.45,22.46,7500,13100,3100,4600,11300,2700,4200,3100,6800,700,13900,25800,5400,42000,1200,2200,17100,14300,47500,6200
317.0,22.35,1267700,28251874.0,22.35,22.34,22.33,22.32,22.31,22.3,22.29,22.28,22.27,22.26,22.37,22.38,22.39,22.4,22.41,22.42,22.43,22.44,22.45,22.46,800,8100,13100,3100,4600,12400,2700,4200,3100,6800,15100,26300,5400,42000,1200,2200,18100,14300,47500,6200
318.0,22.35,1267700,28251874.0,22.35,22.34,22.33,22.32,22.31,22.3,22.29,22.28,22.27,22.26,22.37,22.38,22.39,22.4,22.41,22.42,22.43,22.44,22.45,22.46,1200,8100,13100,3100,4600,12400,2700,4200,3100,6800,15100,26300,5400,41400,1200,2200,18100,15300,47500,6200
319.0,22.37,1268400,28267533.0,22.35,22.34,22.33,22.32,22.31,22.3,22.29,22.28,22.27,22.26,22.37,22.38,22.39,22.4,22.41,22.42,22.43,22.44,22.45,22.46,1200,8100,13100,3100,4600,12400,2700,4200,3100,6800,14400,26300,5400,41500,1200,2200,18100,15300,47500,6200
320.0,22.35,1268500,28269768.0,22.36,22.35,22.34,22.33,22.32,22.31,22.3,22.29,22.28,22.27,22.37,22.38,22.39,22.4,22.41,22.42,22.43,22.44,22.45,22.46,2500,1100,6600,13100,3100,4600,12400,2700,4200,3100,16400,26300,5500,41000,1700,2200,18100,15300,47500,6600
321.0,22.37,1270600,28316731.0,22.36,22.35,22.34,22.33,22.32,22.31,22.3,22.29,22.28,22.27,22.37,22.38,22.39,22.4,22.41,22.42,22.43,22.44,22.45,22.46,1100,1200,6600,13100,3100,4600,12400,2700,4200,3100,15700,26300,6500,41000,1700,2200,18100,15300,27500,6600
322.0,22.37,1272400,28356982.0,22.36,22.35,22.34,22.33,22.32,22.31,22.3,22.29,22.28,22.27,22.37,22.38,22.39,22.4,22.41,22.42,22.43,22.44,22.45,22.46,100,1000,6600,13100,3100,4500,12400,2700,4200,3100,15200,26400,6500,41000,1700,2200,18100,15300,27500,6600
323.0,22.37,1274500,28403936.0,22.36,22.35,22.34,22.33,22.32,22.31,22.3,22.29,22.28,22.27,22.37,22.38,22.39,22.4,22.41,22.42,22.43,22.44,22.45,22.46,2900,400,6600,13900,3100,4500,12400,2700,4200,3100,14600,26400,6500,41000,1700,2200,18100,15300,28200,6600
324.0,22.36,1276800,28455374.0,22.36,22.35,22.34,22.33,22.32,22.31,22.3,22.29,22.28,22.27,22.37,22.38,22.39,22.4,22.41,22.42,22.43,22.44,22.45,22.46,1600,400,6600,13900,3100,4500,12400,2700,4200,3100,13600,26400,6500,41000,1700,2200,18100,15300,28200,6600
325.0,22.36,1276800,28455374.0,22.36,22.35,22.34,22.33,22.32,22.31,22.3,22.29,22.28,22.27,22.37,22.38,22.39,22.4,22.41,22.42,22.43,22.44,22.45,22.46,1600,200,6600,13900,3100,4500,12400,2700,4200,3100,15500,28000,6500,41000,1700,2200,18100,15300,28200,6600
326.0,22.37,1277800,28477743.0,22.36,22.35,22.34,22.33,22.32,22.31,22.3,22.29,22.28,22.27,22.37,22.38,22.39,22.4,22.41,22.42,22.43,22.44,22.45,22.46,2500,200,6600,13900,3100,4500,12400,2700,4200,3100,14600,29000,6400,39300,1700,2200,18100,15300,28200,6600
327.0,22.37,1279000,28504585.0,22.36,22.35,22.34,22.33,22.32,22.31,22.3,22.29,22.28,22.27,22.37,22.38,22.39,22.4,22.41,22.42,22.43,22.44,22.45,22.46,2300,700,6600,13900,3100,4500,12400,2700,4200,3100,14100,29400,6900,39300,1700,2200,18100,15300,28200,6600
328.0,22.36,1280500,28538125.0,22.36,22.35,22.34,22.33,22.32,22.31,22.3,22.29,22.28,22.27,22.37,22.38,22.39,22.4,22.41,22.42,22.43,22.44,22.45,22.46,1000,4000,6600,13900,3100,4500,12400,2700,4200,3100,17100,29400,6900,39300,1700,2200,18100,15300,28200,6600
329.0,22.38,1313500,29276485.0,22.36,22.35,22.34,22.33,22.32,22.31,22.3,22.29,22.28,22.27,22.37,22.38,22.39,22.4,22.41,22.42,22.43,22.44,22.45,22.46,2500,4000,4300,13900,3100,4500,12400,2700,4200,3100,1500,14400,6900,39300,1700,2200,18100,15300,28200,6600
330.0,22.36,1327500,29589778.0,22.36,22.35,22.34,22.33,22.32,22.31,22.3,22.29,22.28,22.27,22.38,22.39,22.4,22.41,22.42,22.43,22.44,22.45,22.46,22.47,2000,4000,4300,13900,3100,4500,12400,2700,4200,3100,2500,6900,39300,1700,2200,18100,15300,28200,6600,1500
331.0,22.38,1328000,29600968.0,22.36,22.35,22.34,22.33,22.32,22.31,22.3,22.29,22.28,22.27,22.38,22.39,22.4,22.41,22.42,22.43,22.44,22.45,22.46,22.47,2000,4000,4300,13900,3100,4200,12400,2700,4200,3100,2000,6900,39300,1700,2300,18100,15300,28200,6600,1500
332.0,22.38,1331800,29686009.0,22.36,22.35,22.34,22.33,22.32,22.31,22.3,22.29,22.28,22.27,22.37,22.38,22.39,22.4,22.41,22.42,22.43,22.44,22.45,22.46,1500,4000,3700,13900,3100,4200,12400,2700,4200,3100,100,700,7200,39300,1700,2300,18100,15300,28200,6600
333.0,22.36,1332900,29710605.0,22.36,22.35,22.34,22.33,22.32,22.31,22.3,22.29,22.28,22.27,22.37,22.38,22.39,22.4,22.41,22.42,22.43,22.44,22.45,22.46,400,4000,3700,13900,3100,4200,12400,2700,4200,3100,1100,700,7700,40100,1700,2300,18100,15300,28200,6600
334.0,22.36,1333000,29712841.0,22.36,22.35,22.34,22.33,22.32,22.31,22.3,22.29,22.28,22.27,22.37,22.38,22.39,22.4,22.41,22.42,22.43,22.44,22.45,22.46,300,4000,3700,13900,3100,4200,12400,2700,4200,4100,1100,700,7700,40100,1700,2200,18100,15300,28200,6600
335.0,22.37,1333800,29730737.0,22.36,22.35,22.34,22.33,22.32,22.31,22.3,22.29,22.28,22.27,22.37,22.38,22.39,22.4,22.41,22.42,22.43,22.44,22.45,22.46,300,4000,3700,13900,3100,4200,12400,2700,4200,4100,300,1200,7700,40100,1700,2200,18100,15300,28200,6600
336.0,22.37,1334100,29737448.0,22.37,22.36,22.35,22.34,22.33,22.32,22.31,22.3,22.29,22.28,22.38,22.39,22.4,22.41,22.42,22.43,22.44,22.45,22.46,22.47,1800,300,4000,3700,13900,3100,4200,12400,2700,4200,1200,8900,40100,1700,2200,18100,15300,28200,6800,1500
337.0,22.35,1336800,29797832.0,22.35,22.34,22.33,22.32,22.31,22.3,22.29,22.28,22.27,22.26,22.37,22.38,22.39,22.4,22.41,22.42,22.43,22.44,22.45,22.46,3400,3700,13900,3100,4200,12400,2700,4200,4100,6100,100,1400,8900,40100,1700,2200,18100,15300,28200,6800
338.0,22.37,1336900,29800069.0,22.35,22.34,22.33,22.32,22.31,22.3,22.29,22.28,22.27,22.26,22.38,22.39,22.4,22.41,22.42,22.43,22.44,22.45,22.46,22.47,3700,3700,13900,3100,4200,12400,2700,4200,4100,6100,1500,8900,40100,1700,2200,18100,15300,28200,6800,1500
339.0,22.38,1337200,29806783.0,22.35,22.34,22.33,22.32,22.31,22.3,22.29,22.28,22.27,22.26,22.38,22.39,22.4,22.41,22.42,22.43,22.44,22.45,22.46,22.47,3700,3700,13900,3100,4700,12400,2700,4200,4100,6100,1200,10900,40100,1700,2200,18100,15300,28200,6800,1500
340.0,22.38,1337900,29822440.0,22.35,22.34,22.33,22.32,22.31,22.3,22.29,22.28,22.27,22.26,22.38,22.39,22.4,22.41,22.42,22.43,22.44,22.45,22.46,22.47,5600,3700,13900,3100,4700,12400,2700,4200,4100,6100,4100,10900,40100,1700,2200,17400,15300,28300,6800,1500
341.0,22.38,1337900,29822440.0,22.35,22.34,22.33,22.32,22.31,22.3,22.29,22.28,22.27,22.26,22.38,22.39,22.4,22.41,22.42,22.43,22.44,22.45,22.46,22.47,5600,3700,13900,3000,4700,12400,2700,4200,4300,6100,4900,11300,40100,1700,2200,17400,15300,28300,6800,1500
342.0,22.38,1339200,29851534.0,22.35,22.34,22.33,22.32,22.31,22.3,22.29,22.28,22.27,22.26,22.38,22.39,22.4,22.41,22.42,22.43,22.44,22.45,22.46,22.47,6700,3700,13900,3000,4700,12400,2700,4200,4300,6100,8400,11500,40100,1700,2200,17400,15300,28300,6800,1500
343.0,22.37,1339800,29864956.0,22.35,22.34,22.33,22.32,22.31,22.3,22.29,22.28,22.27,22.26,22.37,22.38,22.39,22.4,22.41,22.42,22.43,22.44,22.45,22.46,6700,3700,13900,3000,4700,12400,2700,4200,4300,6100,800,15400,11800,40100,1700,2200,17400,15200,28300,6800
344.0,22.34,1348600,30061648.0,22.34,22.33,22.32,22.31,22.3,22.29,22.28,22.27,22.26,22.25,22.35,22.36,22.37,22.38,22.39,22.4,22.41,22.42,22.43,22.44,3100,13900,3000,4700,13400,2700,4200,4300,6100,500,3700,4100,3200,15500,11100,40100,1700,2200,17000,15200
345.0,22.34,1348600,30061648.0,22.34,22.33,22.32,22.31,22.3,22.29,22.28,22.27,22.26,22.25,22.35,22.36,22.37,22.38,22.39,22.4,22.41,22.42,22.43,22.44,3100,13900,3000,4700,13400,2700,4200,4300,6100,500,200,1900,3200,15500,11100,40600,1700,2200,17000,15200
346.0,22.36,1349800,30088478.0,22.34,22.33,22.32,22.31,22.3,22.29,22.28,22.27,22.26,22.25,22.36,22.37,22.38,22.39,22.4,22.41,22.42,22.43,22.44,22.45,3100,13900,3000,5700,13400,2700,4200,4300,6100,500,3000,3400,15500,12800,40600,1700,2200,17000,15200,28300
347.0,22.34,1351800,30133168.0,22.34,22.33,22.32,22.31,22.3,22.29,22.28,22.27,22.26,22.25,22.36,22.37,22.38,22.39,22.4,22.41,22.42,22.43,22.44,22.45,1600,13900,3000,5700,13400,2700,4200,4300,6100,500,2500,2600,15500,12900,41600,1700,2200,17000,15200,27600
348.0,22.34,1352100,30139870.0,22.34,22.33,22.32,22.31,22.3,22.29,22.28,22.27,22.26,22.25,22.36,22.37,22.38,22.39,22.4,22.41,22.42,22.43,22.44,22.45,1300,13900,3000,5700,14000,2700,4200,4300,6100,500,2500,2600,15800,12900,41600,1700,2200,17000,15200,27600
349.0,22.36,1352200,30142106.0,22.34,22.33,22.32,22.31,22.3,22.29,22.28,22.27,22.26,22.25,22.36,22.37,22.38,22.39,22.4,22.41,22.42,22.43,22.44,22.45,1300,13900,3000,5700,14000,2700,4200,4300,6100,500,2400,2600,15800,12900,41600,21700,2200,17000,15200,27600
350.0,22.36,1353500,30171160.0,22.34,22.33,22.32,22.31,22.3,22.29,22.28,22.27,22.26,22.25,22.36,22.37,22.38,22.39,22.4,22.41,22.42,22.43,22.44,22.45,600,13900,3000,6000,14000,2700,4200,4300,6100,500,1800,2600,15800,12900,41600,21700,2200,17000,15200,29600
351.0,22.34,1354200,30186799.0,22.33,22.32,22.31,22.3,22.29,22.28,22.27,22.26,22.25,22.24,22.34,22.35,22.36,22.37,22.38,22.39,22.4,22.41,22.42,22.43,13900,3000,6000,14000,2700,4200,4300,6100,500,1200,1200,200,1800,2600,15800,13200,41600,21700,2200,17000
352.0,22.34,1355800,30222539.0,22.34,22.33,22.32,22.31,22.3,22.29,22.28,22.27,22.26,22.25,22.35,22.36,22.37,22.38,22.39,22.4,22.41,22.42,22.43,22.44,18200,13500,3000,6000,14000,2700,4200,4300,6100,500,200,1800,2400,15800,13200,41600,21700,2200,17000,15200
353.0,22.35,1356000,30227009.0,22.35,22.34,22.33,22.32,22.31,22.3,22.29,22.28,22.27,22.26,22.36,22.37,22.38,22.39,22.4,22.41,22.42,22.43,22.44,22.45,6000,18200,14300,3000,6000,14000,2700,4200,4300,6100,1800,2900,15100,23200,41600,21700,2200,17000,15200,29600
354.0,22.35,1356700,30242654.0,22.35,22.34,22.33,22.32,22.31,22.3,22.29,22.28,22.27,22.26,22.36,22.37,22.38,22.39,22.4,22.41,22.42,22.43,22.44,22.45,5300,22300,14300,3000,6000,14000,2700,4200,4300,6100,1800,2900,15800,26200,41600,21700,2200,17000,15200,29600
355.0,22.35,1356900,30247124.0,22.35,22.34,22.33,22.32,22.31,22.3,22.29,22.28,22.27,22.26,22.36,22.37,22.38,22.39,22.4,22.41,22.42,22.43,22.44,22.45,5100,22300,14300,3000,6000,14000,2700,4200,4300,6100,1800,2900,15800,26200,41600,21700,2200,17000,15200,29600
356.0,22.36,1368200,30499619.0,22.35,22.34,22.33,22.32,22.31,22.3,22.29,22.28,22.27,22.26,22.36,22.37,22.38,22.39,22.4,22.41,22.42,22.43,22.44,22.45,600,16900,14300,3000,6000,14100,2700,4200,4300,6100,1700,2900,15800,30200,41600,21700,2200,17000,15200,29600
357.0,22.36,1368400,30504091.0,22.35,22.34,22.33,22.32,22.31,22.3,22.29,22.28,22.27,22.26,22.36,22.37,22.38,22.39,22.4,22.41,22.42,22.43,22.44,22.45,600,17000,14300,3000,6000,14100,2700,4200,4300,6100,1500,3000,15800,30200,41600,21700,2200,17000,15200,29600
358.0,22.36,1368400,30504091.0,22.35,22.34,22.33,22.32,22.31,22.3,22.29,22.28,22.27,22.26,22.36,22.37,22.38,22.39,22.4,22.41,22.42,22.43,22.44,22.45,600,17000,14300,3000,6000,14100,2700,4600,4300,6100,1500,3000,15800,30200,42100,21700,2200,17000,15200,29600
359.0,22.36,1368500,30506327.0,22.35,22.34,22.33,22.32,22.31,22.3,22.29,22.28,22.27,22.26,22.37,22.38,22.39,22.4,22.41,22.42,22.43,22.44,22.45,22.46,600,17000,14700,3000,6000,14100,2700,4600,4300,6100,3000,15800,30100,42100,21700,2400,17000,15200,29600,6800
360.0,22.35,1370900,30559955.0,22.36,22.34,22.33,22.32,22.31,22.3,22.29,22.28,22.27,22.26,22.37,22.38,22.39,22.4,22.41,22.42,22.43,22.44,22.45,22.46,1600,15900,14700,3000,6000,14100,2700,4600,4300,6100,3000,15800,30100,42100,21700,2400,17000,15200,29600,6800
361.0,22.35,1370900,30559955.0,22.36,22.34,22.33,22.32,22.31,22.3,22.29,22.28,22.27,22.26,22.37,22.38,22.39,22.4,22.41,22.42,22.43,22.44,22.45,22.46,1600,15800,14700,3000,6000,14100,2700,4600,4300,6100,3000,15800,30100,42100,21700,2400,17000,15200,29600,6800
362.0,22.37,1372300,30591261.0,22.36,22.34,22.33,22.32,22.31,22.3,22.29,22.28,22.27,22.26,22.37,22.38,22.39,22.4,22.41,22.42,22.43,22.44,22.45,22.46,1200,15800,14700,3000,6000,14100,2700,4600,4300,6100,2800,15800,28900,42100,21700,2400,17000,15200,29600,6800
363.0,22.36,1372400,30593497.0,22.36,22.34,22.33,22.32,22.31,22.3,22.29,22.28,22.27,22.26,22.37,22.38,22.39,22.4,22.41,22.42,22.43,22.44,22.45,22.46,9600,15800,14700,3000,6000,14100,2700,4600,4300,6100,6700,15800,28900,42100,21700,2400,17000,15200,29600,6800
364.0,22.37,1376700,30689680.0,22.36,22.34,22.33,22.32,22.31,22.3,22.29,22.28,22.27,22.26,22.37,22.38,22.39,22.4,22.41,22.42,22.43,22.44,22.45,22.46,8800,15800,14700,3000,6000,14100,2700,4600,4300,6100,3200,17200,28900,42600,21700,2400,17000,15200,29600,6800
365.0,22.37,1377700,30712050.0,22.36,22.35,22.34,22.33,22.32,22.31,22.3,22.29,22.28,22.27,22.37,22.38,22.39,22.4,22.41,22.42,22.43,22.44,22.45,22.46,9200,1000,15800,14700,3000,6000,14100,2700,4600,4300,2200,17200,28900,42600,21700,2400,17000,15200,29600,6800
366.0,22.41,1482300,33054496.0,22.4,22.39,22.38,22.36,22.35,22.34,22.33,22.32,22.31,22.3,22.41,22.42,22.43,22.44,22.45,22.46,22.47,22.48,22.49,22.5,21300,100,1600,9000,1000,15800,14700,3000,6000,14100,9200,2400,17000,15200,29600,6800,2200,17400,20400,73200
367.0,22.43,1499200,33433278.0,22.41,22.4,22.39,22.38,22.36,22.35,22.34,22.33,22.32,22.31,22.43,22.44,22.45,22.46,22.47,22.48,22.49,22.5,22.51,22.52,1600,19200,100,1600,8800,2300,15800,14700,3000,6400,14500,16100,29600,6800,2200,17400,20400,73200,5900,1700
368.0,22.41,1502800,33514022.0,22.41,22.4,22.39,22.38,22.36,22.35,22.34,22.33,22.32,22.31,22.43,22.44,22.45,22.46,22.47,22.48,22.49,22.5,22.51,22.52,2300,20500,100,1600,8800,2300,15100,14400,3000,6400,11200,16100,29600,6800,2200,17400,20400,73200,5900,1700
369.0,22.41,1503100,33520747.0,22.41,22.4,22.39,22.38,22.37,22.36,22.35,22.34,22.33,22.32,22.43,22.44,22.45,22.46,22.47,22.48,22.49,22.5,22.51,22.52,2100,20500,100,1600,1700,8800,2300,15100,14400,3000,11100,16100,29600,6800,2200,17400,20400,73200,5900,1700
370.0,22.4,1506100,33587968.0,22.4,22.39,22.38,22.37,22.36,22.35,22.34,22.33,22.32,22.31,22.43,22.44,22.45,22.46,22.47,22.48,22.49,22.5,22.51,22.52,19400,100,1600,1700,8800,2300,15100,14400,3000,6400,11300,16100,29600,6800,2200,17400,20400,73200,5900,1700
371.0,22.4,1507100,33610368.0,22.41,22.4,22.39,22.38,22.37,22.36,22.35,22.34,22.33,22.32,22.43,22.44,22.45,22.46,22.47,22.48,22.49,22.5,22.51,22.52,800,21800,100,1600,1700,8800,2300,11100,14400,3200,12600,16100,29600,6800,2200,17400,20400,73200,5900,1700
372.0,22.43,1507200,33612611.0,22.41,22.4,22.39,22.38,22.37,22.36,22.35,22.34,22.33,22.32,22.43,22.44,22.45,22.46,22.47,22.48,22.49,22.5,22.51,22.52,800,21800,100,1600,1700,8800,2300,11100,14400,3300,12500,16100,29600,6800,2200,17400,20400,73200,5900,1700
373.0,22.4,1527600,34069579.0,22.4,22.38,22.37,22.36,22.35,22.34,22.33,22.32,22.31,22.3,22.41,22.43,22.44,22.45,22.46,22.47,22.48,22.49,22.5,22.51,2200,1600,1700,8800,2300,11100,14400,3300,6400,14100,100,12500,15200,29600,6800,2200,17400,20400,73200,5900
374.0,22.4,1528800,34096459.0,22.4,22.38,22.37,22.36,22.35,22.34,22.33,22.32,22.31,22.3,22.41,22.43,22.44,22.45,22.46,22.47,22.48,22.49,22.5,22.51,1000,1600,1700,8800,2300,11100,14400,3300,6400,14100,400,19300,15200,29600,6800,2200,17400,20400,73200,5900
375.0,22.4,1528800,34096459.0,22.4,22.38,22.37,22.36,22.35,22.34,22.33,22.32,22.31,22.3,22.41,22.43,22.44,22.45,22.46,22.47,22.48,22.49,22.5,22.51,1000,1600,2000,8900,2300,11100,13600,3300,6400,14100,1400,19300,15200,29600,6800,2200,17400,20400,73200,5900
376.0,22.38,1529900,34121097.0,22.37,22.36,22.35,22.34,22.33,22.32,22.31,22.3,22.29,22.28,22.41,22.43,22.44,22.45,22.46,22.47,22.48,22.49,22.5,22.51,2000,8900,2300,11000,13600,3300,6400,14100,2700,4600,1400,19800,15200,29600,6800,2200,17400,20400,73200,5900
377.0,22.41,1530000,34123338.0,22.37,22.36,22.35,22.34,22.33,22.32,22.31,22.3,22.29,22.28,22.41,22.43,22.44,22.45,22.46,22.47,22.48,22.49,22.5,22.51,4000,8900,2300,11000,13600,3300,6400,14100,2700,4600,3300,19800,15200,29600,6800,2200,17400,20400,73200,5900
378.0,22.41,1530000,34123338.0,22.37,22.36,22.35,22.34,22.33,22.32,22.31,22.3,22.29,22.28,22.41,22.43,22.44,22.45,22.46,22.47,22.48,22.49,22.5,22.51,9100,8900,2300,11000,13600,3300,6400,14100,2700,4600,8000,20100,15500,29600,6800,2200,17400,20400,73200,5900
379.0,22.37,1531200,34150182.0,22.37,22.36,22.35,22.34,22.33,22.32,22.31,22.3,22.29,22.28,22.4,22.41,22.43,22.44,22.45,22.46,22.47,22.48,22.49,22.5,9800,9400,2300,10900,10300,3300,6400,14300,2700,4600,100,9900,24500,15500,29400,6800,2200,17400,20400,73200
380.0,22.41,1538300,34309291.0,22.37,22.36,22.35,22.34,22.33,22.32,22.31,22.3,22.29,22.28,22.41,22.43,22.44,22.45,22.46,22.47,22.48,22.49,22.5,22.51,9800,9400,2300,10900,10300,3300,6400,14300,2700,4600,3000,24500,15500,29400,6800,2700,17400,20400,73200,5900
381.0,22.41,1538900,34322721.0,22.37,22.36,22.35,22.34,22.33,22.32,22.31,22.3,22.29,22.28,22.41,22.43,22.44,22.45,22.46,22.47,22.48,22.49,22.5,22.51,10800,9400,2300,10900,10300,3300,6400,14300,2700,4600,4200,24500,15500,29400,6800,2700,17400,20400,73200,5900
382.0,22.41,1542700,34407879.0,22.37,22.36,22.35,22.34,22.33,22.32,22.31,22.3,22.29,22.28,22.41,22.43,22.44,22.45,22.46,22.47,22.48,22.49,22.5,22.51,12800,1000,2300,10900,10300,3300,6400,20800,2700,4600,2400,24500,15500,29400,6800,2700,17400,20400,73200,5900
383.0,22.41,1546900,34501985.0,22.4,22.37,22.36,22.35,22.34,22.33,22.32,22.31,22.3,22.29,22.41,22.42,22.43,22.44,22.45,22.46,22.47,22.48,22.49,22.5,400,17200,1000,2300,10900,10300,3300,6400,18200,2700,4400,500,24600,15500,29400,6800,2700,17400,20400,73200
384.0,22.41,1546900,34501985.0,22.4,22.37,22.36,22.35,22.34,22.33,22.32,22.31,22.3,22.29,22.41,22.42,22.43,22.44,22.45,22.46,22.47,22.48,22.49,22.5,400,17200,1000,1800,10900,10300,3300,6400,18200,2700,9400,500,24600,15500,29900,6800,2700,17400,20400,73200
385.0,22.41,1549000,34549027.0,22.4,22.37,22.36,22.35,22.34,22.33,22.32,22.31,22.3,22.29,22.41,22.42,22.43,22.44,22.45,22.46,22.47,22.48,22.49,22.5,800,17200,1000,1800,10900,10300,3300,6400,18200,2700,9200,500,24600,15500,29900,6800,2700,17400,20400,73200
386.0,22.41,1549400,34557991.0,22.4,22.37,22.36,22.35,22.34,22.33,22.32,22.31,22.3,22.29,22.41,22.42,22.43,22.44,22.45,22.46,22.47,22.48,22.49,22.5,800,17200,1000,1800,10900,10300,3300,6400,18200,2700,9000,600,24600,15500,29900,6800,2700,17400,20400,73200
387.0,22.4,1550800,34589357.0,22.37,22.36,22.35,22.34,22.33,22.32,22.31,22.3,22.29,22.28,22.4,22.41,22.42,22.43,22.44,22.45,22.46,22.47,22.48,22.49,17600,1000,1800,10900,10300,3300,6400,18200,2700,4600,21600,8700,600,27200,13000,30200,6800,2700,17400,20400
388.0,22.4,1551000,34593837.0,22.37,22.36,22.35,22.34,22.33,22.32,22.31,22.3,22.29,22.28,22.4,22.41,22.42,22.43,22.44,22.45,22.46,22.47,22.48,22.49,17400,1000,1800,10900,9900,3300,6400,18200,2700,4600,21400,8700,600,28200,13600,30200,6800,2000,17400,14900
389.0,22.37,1551800,34611733.0,22.37,22.36,22.35,22.34,22.33,22.32,22.31,22.3,22.29,22.28,22.4,22.41,22.42,22.43,22.44,22.45,22.46,22.47,22.48,22.49,20300,1000,1800,10900,9900,3300,6400,18200,2700,4600,22800,8900,600,28200,13600,30200,6800,2000,17400,14900
390.0,22.4,1564400,34893949.0,22.38,22.37,22.36,22.35,22.34,22.33,22.32,22.31,22.3,22.29,22.4,22.41,22.42,22.43,22.44,22.45,22.46,22.47,22.48,22.49,200,19700,900,1800,10900,9900,3300,6400,18200,2700,11000,16700,1100,28600,13600,30200,6800,2000,6800,14900
391.0,22.4,1566000,34929789.0,22.38,22.37,22.36,22.35,22.34,22.33,22.32,22.31,22.3,22.29,22.4,22.41,22.42,22.43,22.44,22.45,22.46,22.47,22.48,22.49,200,19700,900,1800,10900,9900,3300,6400,18200,2700,9400,16700,1100,30700,13600,30200,6800,2000,6800,14700
392.0,22.4,1569300,35003709.0,22.39,22.38,22.37,22.36,22.35,22.34,22.33,22.32,22.31,22.3,22.4,22.41,22.42,22.43,22.44,22.45,22.46,22.47,22.48,22.49,100,2200,18400,900,1800,10900,9900,3300,6400,18300,6100,22300,6100,30700,13600,30200,6800,2000,6800,14700
393.0,22.4,1569800,35014909.0,22.39,22.38,22.37,22.36,22.35,22.34,22.33,22.32,22.31,22.3,22.4,22.41,22.42,22.43,22.44,22.45,22.46,22.47,22.48,22.49,100,2200,18400,900,1800,10900,9900,3300,6400,18300,5600,22300,6100,42700,13600,30200,6800,2000,6800,14700
394.0,22.4,1574200,35113469.0,22.39,22.38,22.37,22.36,22.35,22.34,22.33,22.32,22.31,22.3,22.4,22.41,22.42,22.43,22.44,22.45,22.46,22.47,22.48,22.49,100,2200,18400,900,1800,10900,9900,3300,6400,18500,1200,26000,8100,42700,13600,30200,6800,2000,6800,14700
395.0,22.4,1575400,35140349.0,22.4,22.39,22.38,22.37,22.36,22.35,22.34,22.33,22.32,22.31,22.41,22.42,22.43,22.44,22.45,22.46,22.47,22.48,22.49,22.5,1300,100,700,17400,900,1800,10900,9900,3300,6400,26000,8100,44400,13600,30200,6800,2000,6800,14700,73200
396.0,22.41,1585100,35357426.0,22.4,22.38,22.37,22.36,22.35,22.34,22.33,22.32,22.31,22.3,22.41,22.42,22.43,22.44,22.45,22.46,22.47,22.48,22.49,22.5,300,1100,10800,900,1800,10900,9900,3300,6400,18500,26200,8400,44400,13600,30200,6800,2000,6800,14700,73200
397.0,22.41,1590000,35467174.0,22.37,22.36,22.35,22.34,22.33,22.32,22.31,22.3,22.29,22.28,22.41,22.42,22.43,22.44,22.45,22.46,22.47,22.48,22.49,22.5,10300,900,1800,11000,9900,3300,6400,18500,2700,4600,23700,10400,44500,14500,30200,6800,2000,6800,14700,73200
