LocalTime,LastPrice,TradeVolume,TradeValue,BidPrice1,BidPrice2,BidPrice3,BidPrice4,BidPrice5,BidPrice6,BidPrice7,BidPrice8,BidPrice9,BidPriceA,AskPrice1,AskPrice2,AskPrice3,AskPrice4,AskPrice5,AskPrice6,AskPrice7,AskPrice8,AskPrice9,AskPriceA,BidVolume1,BidVolume2,BidVolume3,BidVolume4,BidVolume5,BidVolume6,BidVolume7,BidVolume8,BidVolume9,BidVolumeA,AskVolume1,AskVolume2,AskVolume3,AskVolume4,AskVolume5,AskVolume6,AskVolume7,AskVolume8,AskVolume9,AskVolumeA
0.0,10.76,1400,15064.0,10.71,10.68,10.67,10.58,10.52,10.5,10.49,10.45,10.38,10.34,10.76,10.8,10.82,10.88,10.99,11.04,11.16,11.2,11.25,11.3,300,100,1100,28400,1000,1300,500,1000,500,500,2200,100,500,3500,1500,3100,1000,600,500,1000
1.0,10.76,1400,15064.0,10.71,10.68,10.67,10.6,10.58,10.52,10.5,10.49,10.45,10.38,10.75,10.76,10.8,10.82,10.88,10.99,11.04,11.16,11.2,11.25,200,100,1100,1500,28400,1500,1300,500,1000,500,1200,2200,100,500,4500,1500,3100,1000,600,500
2.0,10.71,1500,16135.0,10.71,10.68,10.67,10.6,10.58,10.52,10.5,10.49,10.45,10.38,10.75,10.76,10.8,10.82,10.88,10.99,11.04,11.16,11.2,11.25,100,100,1100,1500,28400,1500,1300,500,1000,500,1200,2200,100,500,4500,1500,3100,1000,400,500
3.0,10.71,1500,16135.0,10.71,10.68,10.67,10.6,10.58,10.52,10.5,10.49,10.45,10.38,10.75,10.76,10.8,10.82,10.88,10.96,10.99,11.04,11.16,11.2,100,100,1100,1500,28400,1500,1300,500,1000,500,1200,2200,100,500,4500,1000,1500,3100,1000,400
4.0,10.71,1500,16135.0,10.71,10.68,10.67,10.6,10.58,10.52,10.5,10.49,10.45,10.38,10.75,10.76,10.8,10.82,10.84,10.88,10.96,10.99,11.04,11.16,100,100,1100,1500,28400,1500,1300,500,1000,500,1200,2200,100,500,400,4500,1000,1500,3100,1000
5.0,10.71,1500,16135.0,10.71,10.68,10.67,10.6,10.59,10.58,10.52,10.5,10.49,10.45,10.75,10.76,10.8,10.82,10.84,10.88,10.96,10.99,11.04,11.16,100,100,1100,1500,3600,28400,1500,1300,500,1000,1200,2200,100,500,400,4500,1000,1500,3100,1000
6.0,10.71,1500,16135.0,10.74,10.71,10.68,10.67,10.6,10.59,10.58,10.52,10.5,10.49,10.75,10.76,10.8,10.82,10.84,10.88,10.96,10.99,11.04,11.16,100,100,100,1100,1500,3600,28400,1500,1300,500,1200,2200,100,500,400,4500,1000,1500,3100,1000
7.0,10.74,1600,17209.0,10.71,10.68,10.67,10.6,10.59,10.58,10.52,10.5,10.49,10.45,10.75,10.76,10.8,10.82,10.84,10.88,10.96,10.99,11.04,11.16,200,100,1100,1500,3600,28400,1500,1300,500,1000,1200,2200,100,500,400,4500,1000,1500,3100,1000
8.0,10.74,1800,19358.0,10.71,10.68,10.67,10.6,10.59,10.58,10.52,10.5,10.49,10.45,10.75,10.76,10.8,10.82,10.84,10.86,10.88,10.96,10.99,11.04,200,100,1100,1500,3600,28400,1500,1300,500,1000,1100,2200,100,500,400,500,4500,1000,1500,3100
9.0,10.74,1800,19358.0,10.71,10.68,10.67,10.6,10.59,10.58,10.52,10.5,10.49,10.45,10.75,10.76,10.8,10.82,10.84,10.86,10.88,10.96,10.99,11.04,200,100,1100,1500,3600,28400,1500,1300,500,1000,1100,2200,100,500,400,500,4500,1000,1500,3100
10.0,10.71,1900,20429.0,10.71,10.68,10.67,10.6,10.59,10.58,10.52,10.5,10.49,10.45,10.74,10.75,10.76,10.8,10.82,10.84,10.86,10.88,10.96,10.99,100,100,1100,1500,3600,28400,1500,1300,500,1000,1700,1200,2200,100,500,400,500,4500,1000,1500
11.0,10.71,1900,20429.0,10.71,10.68,10.67,10.6,10.59,10.58,10.52,10.5,10.49,10.45,10.74,10.75,10.76,10.8,10.82,10.84,10.86,10.88,10.96,10.99,100,100,1100,1500,3600,28400,1500,1300,500,1000,1800,1200,2200,100,500,400,500,4500,1000,1500
12.0,10.71,2000,21500.0,10.68,10.67,10.6,10.59,10.58,10.52,10.5,10.49,10.45,10.38,10.71,10.74,10.75,10.76,10.8,10.82,10.84,10.86,10.88,10.96,100,1100,1500,3600,28400,1500,1300,500,1000,500,200,1800,1200,2200,100,500,400,500,4500,1000
13.0,10.71,2000,21500.0,10.69,10.68,10.67,10.6,10.59,10.58,10.52,10.5,10.49,10.45,10.71,10.74,10.75,10.76,10.8,10.81,10.82,10.83,10.84,10.86,100,100,1100,1500,3600,28400,1500,1300,500,1000,300,1800,1200,2200,100,7500,500,7400,400,500
14.0,10.69,2500,26845.0,10.68,10.67,10.6,10.59,10.58,10.52,10.5,10.49,10.45,10.38,10.69,10.7,10.71,10.73,10.74,10.75,10.76,10.79,10.8,10.81,100,1100,1500,3600,28400,1500,1300,500,1000,500,1000,1100,7500,7500,100,7600,2200,7600,100,7500
15.0,10.68,2600,27913.0,10.67,10.6,10.59,10.58,10.52,10.5,10.49,10.45,10.38,10.34,10.68,10.69,10.7,10.71,10.73,10.74,10.75,10.76,10.79,10.8,1100,1500,3600,28400,1500,1300,500,1000,500,500,100,5200,1100,100,7500,100,7600,2200,7600,100
16.0,10.68,2600,27913.0,10.67,10.6,10.59,10.58,10.52,10.5,10.49,10.45,10.38,10.34,10.68,10.69,10.7,10.71,10.73,10.74,10.75,10.76,10.79,10.8,1100,1500,3600,28400,1500,1300,500,1000,500,500,100,5200,1100,100,7500,100,7600,2200,7600,100
17.0,10.67,2800,30047.0,10.67,10.6,10.59,10.58,10.52,10.5,10.49,10.45,10.38,10.34,10.68,10.69,10.7,10.71,10.73,10.74,10.75,10.76,10.79,10.8,900,1500,3600,28400,1500,1300,500,1000,500,500,100,4200,1100,100,7500,100,7600,2200,7600,100
18.0,10.67,2800,30047.0,10.67,10.61,10.6,10.59,10.58,10.52,10.5,10.49,10.45,10.38,10.68,10.69,10.7,10.71,10.73,10.74,10.75,10.76,10.79,10.8,900,7500,1500,3600,28400,1500,1300,500,1000,500,100,4200,1100,100,7500,100,7600,2200,7600,100
19.0,10.67,2800,30047.0,10.67,10.61,10.6,10.59,10.58,10.52,10.5,10.49,10.45,10.38,10.68,10.69,10.7,10.71,10.73,10.74,10.75,10.76,10.79,10.8,900,7500,1500,3600,28400,1500,1300,500,1000,500,100,4200,1100,100,7500,100,7600,2200,7600,100
20.0,10.67,2800,30047.0,10.67,10.61,10.6,10.59,10.58,10.52,10.5,10.49,10.45,10.38,10.68,10.69,10.7,10.71,10.73,10.74,10.75,10.76,10.79,10.8,900,7500,1500,3600,28400,1500,1300,500,1000,500,100,4200,1100,100,7500,100,7600,2200,7600,100
21.0,10.67,2800,30047.0,10.67,10.61,10.6,10.59,10.58,10.52,10.5,10.49,10.45,10.38,10.68,10.69,10.7,10.71,10.73,10.74,10.75,10.76,10.79,10.8,900,7500,1500,3600,28400,1500,1300,500,1000,500,100,4200,1100,100,7500,100,7600,2200,7600,100
22.0,10.67,2800,30047.0,10.67,10.61,10.6,10.59,10.58,10.52,10.5,10.49,10.45,10.38,10.68,10.69,10.7,10.71,10.73,10.74,10.75,10.76,10.79,10.8,900,7500,1500,3600,28400,1500,1300,500,1000,500,100,4200,1100,100,7500,100,7600,2200,7600,100
23.0,10.67,2800,30047.0,10.67,10.61,10.6,10.59,10.58,10.52,10.5,10.49,10.45,10.38,10.68,10.69,10.7,10.71,10.73,10.74,10.75,10.76,10.79,10.8,900,7500,1500,3600,28400,1500,1300,500,1000,500,100,200,1100,100,7500,100,7600,2200,7600,100
24.0,10.67,2800,30047.0,10.67,10.61,10.6,10.59,10.58,10.52,10.5,10.49,10.45,10.38,10.68,10.69,10.7,10.71,10.73,10.74,10.75,10.76,10.79,10.8,900,7500,1500,3600,28400,1500,1300,500,1000,500,100,200,1100,100,7500,100,7600,2200,7600,100
25.0,10.67,3800,40717.0,10.61,10.6,10.59,10.58,10.52,10.5,10.49,10.45,10.38,10.34,10.67,10.68,10.69,10.7,10.71,10.73,10.74,10.75,10.76,10.79,7500,1500,3600,28400,1500,1300,500,1000,500,500,100,100,200,7400,9400,7500,100,7600,2200,7600
26.0,10.67,3900,41784.0,10.61,10.6,10.59,10.58,10.52,10.5,10.49,10.45,10.38,10.34,10.69,10.7,10.71,10.73,10.74,10.75,10.76,10.79,10.8,10.81,100,2600,3600,28400,1500,1300,500,1000,500,500,200,7400,9400,7500,100,7700,2200,7600,100,7500
27.0,10.67,3900,41784.0,10.61,10.6,10.59,10.58,10.52,10.5,10.49,10.45,10.38,10.34,10.67,10.68,10.69,10.7,10.71,10.73,10.74,10.75,10.76,10.79,100,2600,3600,28400,1500,1300,500,1000,500,500,1000,5000,200,7400,9400,7500,100,7700,2200,7600
28.0,10.67,3900,41784.0,10.61,10.6,10.59,10.58,10.52,10.5,10.49,10.45,10.38,10.34,10.67,10.68,10.69,10.7,10.71,10.73,10.74,10.75,10.76,10.79,100,2600,3600,28400,1500,1300,500,1000,500,500,1000,5000,200,7400,9400,7500,100,7700,2200,7600
29.0,10.67,3900,41784.0,10.61,10.6,10.59,10.58,10.52,10.5,10.49,10.45,10.38,10.34,10.67,10.68,10.69,10.7,10.71,10.73,10.74,10.75,10.76,10.79,100,2600,3600,28400,1500,1300,500,1000,500,500,1000,5000,200,7400,9400,7500,100,7700,2200,7600
30.0,10.67,4900,52454.0,10.62,10.61,10.6,10.59,10.58,10.52,10.5,10.49,10.45,10.38,10.67,10.68,10.69,10.7,10.71,10.73,10.74,10.75,10.76,10.79,100,100,2600,3600,28400,1500,1300,500,1000,500,800,5000,200,7400,9400,7500,100,7700,2200,7600
31.0,10.67,5000,53521.0,10.66,10.62,10.61,10.6,10.59,10.58,10.52,10.5,10.49,10.45,10.67,10.68,10.69,10.71,10.73,10.74,10.75,10.76,10.79,10.8,300,100,100,2600,3600,28400,1500,1300,500,1000,100,5000,200,9400,7500,100,7700,2200,7600,100
32.0,10.67,5000,53521.0,10.66,10.62,10.61,10.6,10.59,10.58,10.52,10.5,10.49,10.45,10.67,10.68,10.69,10.71,10.73,10.74,10.75,10.76,10.79,10.8,300,100,100,2600,3600,28400,1500,1300,500,1000,100,5000,200,9400,7500,100,7700,2200,7600,100
33.0,10.67,5000,53521.0,10.66,10.62,10.61,10.6,10.59,10.58,10.52,10.5,10.49,10.45,10.67,10.68,10.69,10.71,10.73,10.74,10.75,10.76,10.79,10.8,300,100,100,2600,3600,28400,1500,1300,500,1000,100,5000,200,9400,7500,100,7700,2200,7600,100
34.0,10.67,5000,53521.0,10.66,10.62,10.61,10.6,10.59,10.58,10.52,10.5,10.49,10.45,10.67,10.68,10.69,10.71,10.73,10.74,10.75,10.76,10.79,10.8,300,100,100,2600,3600,28400,1500,1300,500,1000,100,5000,200,9400,7500,100,7700,2200,7600,100
35.0,10.67,5100,54588.0,10.67,10.62,10.61,10.6,10.59,10.58,10.52,10.5,10.49,10.45,10.68,10.69,10.71,10.73,10.74,10.75,10.76,10.79,10.8,10.81,13500,100,100,2600,3600,28400,1500,1300,500,1000,5000,200,9400,7500,100,7700,2200,7600,100,7500
36.0,10.68,6800,72744.0,10.67,10.62,10.61,10.6,10.59,10.58,10.52,10.5,10.49,10.45,10.68,10.69,10.71,10.74,10.75,10.76,10.79,10.8,10.81,10.82,13400,100,100,2600,3600,28400,1500,1300,500,1000,3300,200,9400,100,7700,2200,7600,100,7500,500
37.0,10.67,9500,101560.0,10.67,10.62,10.61,10.6,10.59,10.58,10.52,10.5,10.49,10.45,10.68,10.69,10.71,10.74,10.75,10.76,10.79,10.8,10.81,10.82,11300,100,100,2600,3600,28400,1500,1300,500,1000,2600,200,9400,100,7700,2200,7600,100,7500,500
38.0,10.67,10400,111165.0,10.67,10.62,10.61,10.6,10.59,10.58,10.52,10.5,10.49,10.45,10.68,10.69,10.71,10.74,10.75,10.76,10.79,10.8,10.81,10.82,10600,100,100,2600,3600,28400,1500,1300,500,1000,2400,200,9400,100,7700,2200,7600,100,7500,500
39.0,10.67,10400,111165.0,10.67,10.62,10.61,10.6,10.59,10.58,10.52,10.5,10.49,10.45,10.68,10.69,10.71,10.74,10.75,10.76,10.79,10.8,10.81,10.82,10600,100,100,2600,3600,28400,1500,1300,500,1000,2400,200,9400,100,7700,2200,7600,100,7500,500
40.0,10.67,16000,170917.0,10.67,10.62,10.61,10.6,10.59,10.58,10.52,10.5,10.49,10.45,10.68,10.69,10.71,10.74,10.75,10.76,10.79,10.8,10.81,10.82,5000,100,100,2600,3600,28400,1500,1300,500,1000,2400,200,9400,100,7700,2200,7600,100,7500,500
41.0,10.67,16000,170917.0,10.67,10.62,10.61,10.6,10.59,10.58,10.52,10.5,10.49,10.45,10.68,10.69,10.71,10.74,10.75,10.76,10.79,10.8,10.81,10.82,5000,100,100,2600,3600,28400,1500,1300,500,1000,2400,200,9300,100,7700,2200,7600,100,7500,500
42.0,10.67,16000,170917.0,10.67,10.62,10.61,10.6,10.59,10.58,10.52,10.5,10.49,10.45,10.68,10.69,10.71,10.74,10.75,10.76,10.79,10.8,10.81,10.82,5000,100,100,2600,3600,28400,1500,1300,500,1000,2400,200,9300,100,300,2200,7600,100,7500,500
43.0,10.67,16900,180524.0,10.67,10.62,10.61,10.6,10.59,10.58,10.52,10.5,10.49,10.45,10.68,10.69,10.71,10.74,10.75,10.76,10.79,10.8,10.81,10.82,4500,100,100,2600,3600,28400,1500,1300,500,1000,2000,200,9300,100,300,2200,7600,100,7500,500
44.0,10.67,16900,180524.0,10.67,10.62,10.61,10.6,10.59,10.58,10.52,10.5,10.49,10.45,10.68,10.69,10.71,10.74,10.75,10.76,10.79,10.8,10.81,10.82,4500,100,100,2600,3600,28400,1500,1300,500,1000,2000,200,9300,100,300,2200,7600,100,7500,500
45.0,10.68,17000,181592.0,10.67,10.62,10.61,10.6,10.59,10.58,10.52,10.5,10.49,10.45,10.68,10.69,10.71,10.74,10.75,10.76,10.79,10.8,10.81,10.82,4500,100,100,2600,3600,28400,1500,1300,500,1000,1900,200,9300,100,300,2200,12200,100,7500,500
46.0,10.67,17500,186928.0,10.67,10.62,10.61,10.6,10.59,10.58,10.52,10.5,10.49,10.45,10.68,10.69,10.71,10.74,10.75,10.76,10.79,10.8,10.81,10.82,4100,100,100,2600,3600,28400,1500,1300,500,1000,1800,1700,9300,100,300,2200,12200,100,7500,500
47.0,10.67,17500,186928.0,10.67,10.62,10.61,10.6,10.59,10.58,10.52,10.5,10.49,10.45,10.68,10.69,10.71,10.74,10.75,10.76,10.79,10.8,10.81,10.82,4100,100,100,2600,3600,28400,1500,1300,500,1000,1800,1700,9300,100,300,2200,12200,100,7500,500
48.0,10.67,17500,186928.0,10.67,10.62,10.61,10.6,10.59,10.58,10.52,10.5,10.49,10.45,10.68,10.69,10.71,10.74,10.75,10.76,10.79,10.8,10.81,10.82,4500,100,100,2600,3600,28400,1500,1300,500,1000,1800,1700,9300,100,300,2200,12200,100,7500,500
49.0,10.67,19700,210402.0,10.67,10.62,10.61,10.6,10.59,10.58,10.52,10.5,10.49,10.45,10.68,10.69,10.71,10.74,10.75,10.76,10.79,10.8,10.81,10.82,2300,100,100,2600,3600,28400,1500,1300,500,1000,1800,1700,9300,100,300,2200,12200,100,7500,500
50.0,10.67,19700,210402.0,10.67,10.62,10.61,10.6,10.59,10.58,10.52,10.5,10.49,10.45,10.68,10.69,10.71,10.74,10.75,10.76,10.79,10.8,10.81,10.82,2300,100,100,2600,3600,28400,1500,1300,500,1000,1800,1700,9300,100,300,2200,12200,100,7500,500
51.0,10.67,19700,210402.0,10.67,10.62,10.61,10.6,10.59,10.58,10.52,10.5,10.49,10.45,10.68,10.69,10.71,10.74,10.75,10.76,10.79,10.8,10.81,10.82,2300,100,100,2600,3600,28400,1500,1300,500,1000,1800,1700,9300,100,300,2200,12200,100,7500,500
52.0,10.67,20000,213604.0,10.67,10.62,10.61,10.6,10.59,10.58,10.52,10.5,10.49,10.45,10.68,10.69,10.71,10.74,10.75,10.76,10.79,10.8,10.81,10.82,2100,100,100,2600,3600,28400,1500,1300,500,1000,1700,1700,9300,100,300,2200,12200,100,7500,500
53.0,10.67,21200,226409.0,10.67,10.62,10.61,10.6,10.59,10.58,10.52,10.5,10.49,10.45,10.68,10.69,10.71,10.74,10.75,10.76,10.79,10.8,10.81,10.82,1000,100,100,2600,3600,28400,1500,1300,500,1000,1600,1700,9300,100,300,2200,12200,100,7500,500
54.0,10.68,21500,229613.0,10.67,10.62,10.61,10.6,10.59,10.58,10.52,10.5,10.49,10.45,10.68,10.69,10.71,10.74,10.75,10.76,10.79,10.8,10.81,10.82,1000,100,100,2600,3600,28400,1500,1300,500,1000,1300,1700,9300,100,300,2200,12200,100,7500,500
55.0,10.68,21600,230681.0,10.67,10.62,10.61,10.6,10.59,10.58,10.52,10.5,10.49,10.45,10.68,10.69,10.71,10.74,10.75,10.76,10.79,10.8,10.81,10.82,1000,100,100,2600,3600,28400,1500,1300,500,1000,1200,1700,9300,100,300,2200,12200,100,7500,500
56.0,10.67,22600,241351.0,10.64,10.62,10.61,10.6,10.59,10.58,10.52,10.5,10.49,10.45,10.67,10.68,10.69,10.71,10.74,10.75,10.76,10.79,10.8,10.81,800,100,100,2600,3600,28400,1500,1300,500,1000,3300,10600,1700,9300,100,300,2200,12200,100,7500
57.0,10.67,22600,241351.0,10.64,10.62,10.61,10.6,10.59,10.58,10.52,10.5,10.49,10.45,10.67,10.68,10.69,10.71,10.74,10.75,10.76,10.79,10.8,10.81,800,100,100,2600,3600,28400,1500,1300,500,1000,4600,10600,1700,9300,100,300,2200,12200,100,7500
58.0,10.67,22600,241351.0,10.64,10.62,10.61,10.6,10.59,10.58,10.52,10.5,10.49,10.45,10.67,10.68,10.69,10.71,10.74,10.75,10.76,10.79,10.8,10.81,800,100,100,2600,3600,28400,1500,1300,500,1000,4600,10600,1700,9300,1500,300,2200,12200,100,7500
59.0,10.67,23000,245619.0,10.64,10.62,10.61,10.6,10.59,10.58,10.52,10.5,10.49,10.45,10.67,10.68,10.69,10.71,10.74,10.75,10.76,10.79,10.8,10.81,800,100,100,2600,3600,28400,1500,1300,500,1000,4200,10600,1700,9300,1500,300,2200,12200,100,7500
60.0,10.67,23400,249887.0,10.64,10.62,10.61,10.6,10.59,10.58,10.52,10.5,10.49,10.45,10.67,10.68,10.69,10.71,10.74,10.75,10.76,10.79,10.8,10.81,800,100,100,2600,3600,28400,1500,1300,500,1000,3800,10600,1700,9300,1500,300,2200,12200,100,7500
61.0,10.67,23400,249887.0,10.64,10.62,10.6,10.59,10.58,10.52,10.5,10.49,10.45,10.38,10.67,10.68,10.69,10.71,10.74,10.75,10.76,10.79,10.8,10.81,800,100,2600,3600,28400,1500,1300,500,1000,500,3800,10600,1700,9300,1500,300,2200,12200,100,7500
62.0,10.67,23700,253088.0,10.64,10.62,10.6,10.59,10.58,10.52,10.5,10.49,10.45,10.38,10.67,10.68,10.69,10.71,10.74,10.75,10.76,10.79,10.8,10.81,800,100,2600,3600,28400,1500,1300,500,1000,500,3500,10600,1700,9300,1500,300,2200,12200,100,7500
63.0,10.67,23700,253088.0,10.64,10.62,10.6,10.59,10.58,10.52,10.5,10.49,10.45,10.38,10.67,10.68,10.69,10.71,10.74,10.75,10.76,10.79,10.8,10.81,800,100,2600,3600,28400,1500,1300,500,1000,500,3500,10600,1700,9300,1500,300,2200,12200,100,7500
64.0,10.67,23700,253088.0,10.64,10.62,10.6,10.59,10.58,10.52,10.5,10.49,10.45,10.38,10.67,10.68,10.69,10.71,10.74,10.75,10.76,10.79,10.8,10.81,800,100,2600,3600,28400,1500,1300,500,1000,500,3500,10600,1700,9300,1500,300,2200,12200,100,7500
65.0,10.64,24000,256280.0,10.62,10.6,10.59,10.58,10.52,10.5,10.49,10.45,10.38,10.34,10.64,10.67,10.68,10.69,10.71,10.74,10.75,10.76,10.79,10.8,100,2600,3600,28400,1500,1300,500,1000,500,500,900,3500,10600,1700,9300,1500,2300,2200,12200,100
66.0,10.64,24000,256280.0,10.62,10.6,10.59,10.58,10.52,10.5,10.49,10.45,10.38,10.34,10.64,10.67,10.68,10.69,10.71,10.74,10.75,10.76,10.79,10.8,100,2600,3600,28400,1500,1300,500,1000,500,500,900,3500,10600,1700,9300,1500,2300,2200,12200,100
67.0,10.64,24000,256280.0,10.62,10.6,10.59,10.58,10.52,10.5,10.49,10.45,10.38,10.34,10.64,10.67,10.68,10.69,10.71,10.74,10.75,10.76,10.79,10.8,100,2600,3600,28400,1500,1300,500,1000,500,500,900,3500,10600,1700,9300,1500,2300,2200,12200,100
68.0,10.64,24900,265856.0,10.64,10.63,10.62,10.6,10.59,10.58,10.52,10.5,10.49,10.45,10.67,10.68,10.69,10.71,10.74,10.75,10.76,10.79,10.8,10.81,1900,400,300,2600,3600,28400,1500,1300,500,1000,3400,10600,1700,9300,1500,2300,2200,12200,100,7500
69.0,10.64,24900,265856.0,10.65,10.64,10.63,10.62,10.6,10.59,10.58,10.52,10.5,10.49,10.67,10.68,10.69,10.71,10.74,10.75,10.76,10.79,10.8,10.81,800,1900,400,100,2600,3600,28400,1500,1300,500,2200,10600,1700,9300,1400,2300,2200,12200,100,7500
70.0,10.64,24900,265856.0,10.65,10.64,10.63,10.62,10.6,10.59,10.58,10.52,10.5,10.49,10.67,10.68,10.69,10.71,10.74,10.75,10.76,10.79,10.8,10.81,800,1900,400,100,2600,3600,28400,1500,1300,500,2200,9400,1700,9300,1400,2300,2200,12200,100,7500
71.0,10.64,24900,265856.0,10.65,10.64,10.63,10.62,10.6,10.59,10.58,10.52,10.5,10.49,10.67,10.68,10.69,10.71,10.74,10.75,10.76,10.79,10.8,10.81,800,1900,400,100,2600,3600,28400,1500,1300,500,2200,9400,1700,9300,1400,2300,2200,12200,100,7500
72.0,10.64,24900,265856.0,10.65,10.64,10.63,10.62,10.6,10.59,10.58,10.52,10.5,10.49,10.67,10.68,10.69,10.71,10.74,10.75,10.76,10.77,10.79,10.8,800,1900,400,100,2600,3600,28400,1500,1300,500,2200,9400,1700,9300,1400,2300,2200,1500,12200,100
73.0,10.64,24900,265856.0,10.65,10.64,10.63,10.62,10.6,10.59,10.58,10.52,10.5,10.49,10.67,10.68,10.69,10.71,10.74,10.75,10.76,10.77,10.79,10.8,800,1900,400,100,2600,3600,28400,1500,1300,500,2200,9400,1700,9300,1400,2300,2200,1500,12200,100
74.0,10.67,25100,267990.0,10.65,10.64,10.63,10.62,10.6,10.59,10.58,10.52,10.5,10.49,10.67,10.68,10.69,10.71,10.74,10.75,10.76,10.77,10.79,10.8,800,1700,400,100,2600,3600,28400,1500,1300,500,2000,9400,1600,9300,1400,2300,2200,1500,12200,100
75.0,10.67,25100,267990.0,10.65,10.64,10.63,10.62,10.6,10.59,10.58,10.52,10.5,10.49,10.67,10.68,10.69,10.71,10.74,10.75,10.76,10.77,10.79,10.8,800,1700,400,100,2600,3600,28400,1500,1300,500,2000,9400,1600,9300,1400,2300,2200,1500,12200,100
76.0,10.65,25200,269055.0,10.65,10.64,10.63,10.62,10.6,10.59,10.58,10.52,10.5,10.49,10.67,10.68,10.69,10.71,10.74,10.75,10.76,10.77,10.79,10.8,700,1700,400,100,2600,3600,28400,1500,1300,500,2000,9400,1600,9300,1400,2300,2200,1500,12200,100
77.0,10.65,26300,280770.0,10.65,10.64,10.63,10.62,10.6,10.59,10.58,10.52,10.5,10.49,10.67,10.68,10.69,10.71,10.74,10.75,10.76,10.77,10.78,10.79,700,2500,400,100,2600,3600,28400,1500,1300,500,2000,9400,1600,9300,1400,2300,2200,1500,1500,12200
78.0,10.65,26300,280770.0,10.65,10.64,10.63,10.62,10.6,10.59,10.58,10.52,10.5,10.49,10.67,10.68,10.69,10.71,10.74,10.75,10.76,10.77,10.78,10.79,700,2500,400,100,2600,3600,28400,1500,1300,500,2000,9400,1600,9300,1400,2300,2200,1500,1500,12200
79.0,10.65,26300,280770.0,10.65,10.64,10.63,10.62,10.6,10.59,10.58,10.52,10.5,10.49,10.67,10.68,10.69,10.71,10.74,10.75,10.76,10.77,10.78,10.79,700,2500,400,100,2600,3600,28400,1500,1300,500,2000,9400,1600,9300,1400,2300,2200,1500,1500,12200
80.0,10.65,26300,280770.0,10.65,10.64,10.63,10.62,10.6,10.59,10.58,10.52,10.5,10.49,10.67,10.68,10.69,10.71,10.74,10.75,10.76,10.77,10.78,10.79,700,2500,400,100,2600,3600,28400,1500,1300,500,2000,9400,1500,9300,1400,2300,2200,1500,1500,12200
81.0,10.67,26500,282904.0,10.65,10.64,10.63,10.62,10.6,10.59,10.58,10.52,10.5,10.49,10.67,10.68,10.69,10.71,10.74,10.75,10.76,10.77,10.78,10.79,700,2500,400,100,2600,3600,28400,1500,1300,500,1800,9400,1500,9300,1400,2300,2200,1500,1500,12200
82.0,10.67,26500,282904.0,10.66,10.65,10.64,10.63,10.62,10.6,10.59,10.58,10.52,10.5,10.67,10.68,10.69,10.71,10.74,10.75,10.76,10.77,10.78,10.79,800,700,2500,400,100,1500,3600,28400,1500,1300,1800,9400,1500,9300,1400,2300,2200,1500,1500,12200
83.0,10.67,26500,282904.0,10.66,10.65,10.64,10.63,10.62,10.6,10.59,10.58,10.52,10.5,10.67,10.68,10.69,10.71,10.74,10.75,10.76,10.77,10.78,10.79,800,700,2500,400,100,1500,3600,28400,1500,1300,1800,9400,1500,9300,1400,2300,2200,1500,1500,12200
84.0,10.67,26500,282904.0,10.66,10.65,10.64,10.63,10.62,10.6,10.59,10.58,10.52,10.5,10.67,10.68,10.69,10.71,10.74,10.75,10.76,10.77,10.78,10.79,800,700,2500,400,100,1500,3600,28400,1500,1300,1800,9400,1500,9300,1400,2300,2200,1500,1500,12200
85.0,10.67,26500,282904.0,10.66,10.65,10.64,10.63,10.62,10.6,10.59,10.58,10.52,10.5,10.67,10.68,10.69,10.71,10.74,10.75,10.76,10.77,10.78,10.79,800,700,2500,400,100,1500,3600,28400,1500,1300,1800,9400,1500,9300,1400,2300,2200,1500,1500,12200
86.0,10.67,26500,282904.0,10.66,10.65,10.64,10.63,10.62,10.6,10.59,10.58,10.52,10.5,10.67,10.68,10.69,10.71,10.74,10.75,10.76,10.77,10.78,10.79,800,700,2500,400,100,1500,3600,28400,1500,1300,1800,9400,1500,9300,1400,2300,2200,1500,1500,12200
87.0,10.66,26600,283970.0,10.66,10.65,10.64,10.63,10.62,10.6,10.59,10.58,10.52,10.5,10.67,10.68,10.69,10.71,10.74,10.75,10.76,10.77,10.78,10.79,700,700,2500,400,100,1500,3600,28400,1500,1300,1800,9400,1500,9300,1400,2300,2200,1500,1500,12200
88.0,10.67,28300,302109.0,10.66,10.65,10.64,10.63,10.62,10.6,10.59,10.58,10.52,10.5,10.67,10.68,10.69,10.71,10.74,10.75,10.76,10.77,10.78,10.79,700,700,2500,400,100,1500,3600,28400,1500,1300,100,9400,1500,9300,1400,2300,2200,1500,1500,12200
89.0,10.66,29500,314904.0,10.65,10.64,10.63,10.62,10.6,10.59,10.58,10.52,10.5,10.49,10.66,10.68,10.69,10.71,10.74,10.75,10.76,10.77,10.78,10.79,700,2500,400,100,1500,3600,28400,1500,1300,500,100,9300,1500,9300,1400,2300,2200,1500,1500,12200
90.0,10.66,29500,314904.0,10.65,10.64,10.63,10.62,10.6,10.59,10.58,10.52,10.5,10.49,10.66,10.68,10.69,10.71,10.74,10.75,10.76,10.77,10.78,10.79,700,2500,400,100,1500,3600,28400,1500,1300,500,100,9300,1500,9300,1400,2300,2200,1500,1500,12200
91.0,10.66,29500,314904.0,10.65,10.64,10.63,10.62,10.6,10.59,10.58,10.52,10.5,10.49,10.66,10.68,10.69,10.71,10.74,10.75,10.76,10.77,10.78,10.79,800,2500,400,100,1500,3600,28400,1500,1300,500,100,9300,1500,9300,1400,2300,2200,1500,1500,12200
92.0,10.66,29500,314904.0,10.65,10.64,10.63,10.62,10.6,10.59,10.58,10.52,10.5,10.49,10.66,10.68,10.69,10.71,10.74,10.75,10.76,10.77,10.78,10.79,800,2500,400,100,1500,3600,28400,1500,1300,500,100,9300,1500,9300,1400,2300,2200,1500,1500,12200
93.0,10.66,29500,314904.0,10.65,10.64,10.63,10.62,10.6,10.59,10.58,10.52,10.5,10.49,10.66,10.68,10.69,10.71,10.74,10.75,10.76,10.77,10.78,10.79,800,2500,400,100,1500,3600,28400,1500,1300,500,100,9300,1500,9300,1400,2300,2200,1500,1500,12200
94.0,10.66,29500,314904.0,10.65,10.64,10.63,10.62,10.6,10.59,10.58,10.52,10.5,10.49,10.66,10.68,10.69,10.71,10.74,10.75,10.76,10.77,10.78,10.79,800,2500,400,100,1500,3600,28400,1500,1300,500,100,9300,1500,9300,1400,2300,2200,1500,1500,12200
95.0,10.66,29500,314904.0,10.65,10.64,10.63,10.62,10.6,10.59,10.58,10.52,10.5,10.49,10.66,10.68,10.69,10.71,10.74,10.75,10.76,10.77,10.78,10.79,800,2500,400,100,1500,3600,28400,1500,1300,500,100,9300,1500,9300,1400,2300,2200,1500,1500,12200
96.0,10.66,29500,314904.0,10.65,10.64,10.63,10.62,10.6,10.59,10.58,10.52,10.5,10.49,10.66,10.68,10.69,10.71,10.74,10.75,10.76,10.77,10.78,10.79,800,2500,400,100,1500,3600,28400,1500,1300,500,100,9300,1500,9300,1400,2300,2200,1500,1500,12200
97.0,10.66,29500,314904.0,10.65,10.64,10.63,10.62,10.6,10.59,10.58,10.52,10.5,10.49,10.66,10.68,10.69,10.71,10.74,10.75,10.76,10.77,10.78,10.79,800,2500,400,100,1500,3600,28400,1500,1300,500,100,9300,1500,9300,1400,2300,2200,1500,1500,4600
98.0,10.66,29500,314904.0,10.65,10.64,10.63,10.62,10.6,10.59,10.58,10.52,10.5,10.49,10.66,10.68,10.69,10.71,10.74,10.75,10.76,10.77,10.78,10.79,800,2500,400,100,1500,3600,28400,1500,1300,500,100,9300,1500,9300,1400,2200,2200,1500,1500,4600
99.0,10.66,29500,314904.0,10.65,10.64,10.63,10.62,10.6,10.59,10.58,10.52,10.5,10.49,10.66,10.68,10.69,10.71,10.74,10.75,10.76,10.77,10.78,10.79,800,2500,400,100,1500,3600,28400,1500,1300,500,100,9300,1500,9300,1400,2200,2200,1500,1500,4600
100.0,10.66,29500,314904.0,10.65,10.64,10.63,10.62,10.6,10.59,10.58,10.52,10.5,10.49,10.66,10.68,10.69,10.71,10.74,10.75,10.76,10.77,10.78,10.79,800,2500,400,100,1500,3600,28400,1500,1300,500,100,9300,1500,9300,1400,2200,2200,1500,1500,4600
101.0,10.66,30700,327685.0,10.66,10.65,10.64,10.63,10.62,10.6,10.59,10.58,10.52,10.5,10.68,10.69,10.71,10.74,10.75,10.76,10.77,10.78,10.79,10.8,700,1100,2500,500,100,1500,3600,28400,1500,1300,9300,1500,9300,1400,2200,2200,1500,1500,4600,1600
102.0,10.68,31600,337297.0,10.66,10.65,10.64,10.63,10.62,10.6,10.59,10.58,10.52,10.5,10.68,10.69,10.71,10.74,10.75,10.76,10.77,10.78,10.79,10.8,700,1100,2500,500,100,1500,3600,28400,1500,1300,8400,1500,9300,1400,2200,2200,1500,1500,4600,1600
103.0,10.68,31600,337297.0,10.66,10.65,10.64,10.63,10.62,10.6,10.59,10.58,10.52,10.5,10.68,10.69,10.71,10.74,10.75,10.76,10.77,10.78,10.79,10.8,700,1100,2500,500,100,1500,3600,28400,1500,1300,8400,1500,9300,1400,2200,2200,1500,1500,4600,1600
104.0,10.66,31700,338363.0,10.66,10.65,10.64,10.63,10.62,10.6,10.59,10.58,10.52,10.5,10.68,10.69,10.71,10.74,10.75,10.76,10.77,10.78,10.79,10.8,600,1100,2500,500,100,1500,3600,28400,1500,1300,8400,1500,9300,1400,2200,2200,1500,1500,4600,1600
105.0,10.66,31700,338363.0,10.66,10.65,10.64,10.63,10.62,10.6,10.59,10.58,10.52,10.5,10.68,10.69,10.71,10.74,10.75,10.76,10.77,10.78,10.79,10.8,700,1100,2500,500,100,1500,3600,28400,1500,1300,8400,1500,9300,1400,2200,2200,1500,1500,4600,1600
106.0,10.66,31700,338363.0,10.66,10.65,10.64,10.63,10.62,10.6,10.59,10.58,10.52,10.5,10.68,10.69,10.71,10.74,10.75,10.76,10.77,10.78,10.79,10.8,700,1100,2500,500,100,1500,3600,28400,1500,1300,8400,1500,9300,1400,2200,2200,1500,1500,4600,1600
107.0,10.66,31700,338363.0,10.66,10.65,10.64,10.63,10.62,10.6,10.59,10.58,10.52,10.5,10.68,10.69,10.71,10.74,10.75,10.76,10.77,10.78,10.79,10.8,700,1100,2500,500,100,1500,3600,28400,1500,1300,8400,1500,9300,1400,2200,2200,1500,1500,4600,1600
108.0,10.66,31700,338363.0,10.66,10.65,10.64,10.63,10.62,10.6,10.59,10.58,10.52,10.5,10.68,10.69,10.71,10.74,10.75,10.76,10.77,10.78,10.79,10.8,700,1100,2500,500,100,1500,3600,28400,1500,1300,8400,1500,9300,1400,2200,2200,1500,1500,4600,1600
109.0,10.66,31700,338363.0,10.66,10.65,10.64,10.63,10.62,10.6,10.59,10.58,10.52,10.5,10.68,10.69,10.71,10.74,10.75,10.76,10.77,10.78,10.79,10.8,700,1100,2500,500,100,1500,3600,28400,1500,1300,8400,1500,9300,1400,2200,2200,1500,1500,4600,1600
110.0,10.66,32600,347973.0,10.66,10.65,10.64,10.63,10.62,10.6,10.59,10.58,10.52,10.5,10.68,10.69,10.71,10.74,10.75,10.76,10.77,10.78,10.79,10.8,600,1100,2500,500,100,1500,3600,28400,1500,1300,8600,1500,9300,1400,2200,2200,1500,1500,4600,1600
111.0,10.66,32600,347973.0,10.66,10.65,10.64,10.63,10.62,10.6,10.59,10.58,10.52,10.5,10.68,10.69,10.71,10.74,10.75,10.76,10.77,10.78,10.79,10.8,600,1100,2500,500,100,1500,3600,28400,1500,1300,8600,1500,9300,1400,2200,2200,1500,1500,4600,1600
112.0,10.66,32600,347973.0,10.66,10.65,10.64,10.63,10.62,10.6,10.59,10.58,10.52,10.5,10.68,10.69,10.71,10.74,10.75,10.76,10.77,10.78,10.79,10.8,600,1100,2500,500,100,1500,3600,28400,1500,1300,8600,1500,9300,1400,2200,2200,1500,1500,4600,1600
113.0,10.66,33200,354369.0,10.65,10.64,10.63,10.62,10.6,10.59,10.58,10.52,10.5,10.49,10.66,10.68,10.69,10.71,10.74,10.75,10.76,10.77,10.78,10.79,1600,2500,500,100,1500,3600,28400,1500,1300,500,600,8600,1500,9300,1400,2200,2200,1500,1500,4600
114.0,10.65,33300,355434.0,10.65,10.64,10.63,10.62,10.6,10.59,10.58,10.52,10.5,10.49,10.66,10.68,10.69,10.71,10.74,10.75,10.76,10.77,10.78,10.79,1500,2500,500,100,1500,3600,28400,1500,1300,500,600,8600,1500,9300,1400,2200,2200,1500,1500,4600
115.0,10.65,33300,355434.0,10.65,10.64,10.63,10.62,10.6,10.59,10.58,10.52,10.5,10.49,10.66,10.68,10.69,10.71,10.74,10.75,10.76,10.77,10.78,10.79,1500,2500,500,100,1500,3600,28400,1500,1300,500,600,8600,1500,9300,1400,2200,2200,1500,1500,4600
116.0,10.65,33300,355434.0,10.65,10.64,10.63,10.62,10.6,10.59,10.58,10.52,10.5,10.49,10.66,10.68,10.69,10.71,10.74,10.75,10.76,10.77,10.78,10.79,1500,2500,500,100,1500,3600,28400,1500,1300,500,600,8600,1500,9300,1400,2200,2200,1500,1500,4600
117.0,10.65,33400,356499.0,10.65,10.64,10.63,10.62,10.6,10.59,10.58,10.52,10.5,10.49,10.66,10.68,10.69,10.71,10.74,10.75,10.76,10.77,10.78,10.79,1400,2500,400,100,1500,3600,28400,1500,1300,500,600,8600,1500,9300,1400,2200,2200,1500,1500,4600
118.0,10.65,33400,356499.0,10.65,10.64,10.63,10.62,10.6,10.59,10.58,10.52,10.5,10.49,10.66,10.68,10.69,10.71,10.74,10.75,10.76,10.77,10.78,10.79,1400,2500,400,100,1500,3600,28400,1500,1300,500,600,8600,1500,9300,1400,2200,2200,1500,1500,4600
119.0,10.65,33400,356499.0,10.65,10.64,10.63,10.62,10.6,10.59,10.58,10.52,10.5,10.49,10.66,10.68,10.69,10.71,10.74,10.75,10.76,10.77,10.78,10.79,1400,2500,400,100,1500,3600,28400,1500,1300,500,600,8600,1500,9300,1400,2200,2200,1500,1500,4600
120.0,10.65,33500,357564.0,10.65,10.64,10.63,10.62,10.6,10.59,10.58,10.52,10.5,10.49,10.66,10.68,10.69,10.71,10.74,10.75,10.76,10.77,10.78,10.79,1300,2500,400,100,1500,3600,28400,1500,1300,500,600,8600,1500,9300,1400,2200,2200,1500,1500,4600
121.0,10.65,33500,357564.0,10.65,10.64,10.63,10.62,10.6,10.59,10.58,10.52,10.5,10.49,10.66,10.68,10.69,10.71,10.74,10.75,10.76,10.77,10.78,10.79,1300,2500,400,100,1500,3600,28400,1500,1300,500,600,8600,1500,9300,1400,2200,2200,1500,1500,4600
122.0,10.65,33700,359694.0,10.65,10.64,10.63,10.62,10.6,10.59,10.58,10.52,10.5,10.49,10.66,10.68,10.69,10.71,10.74,10.75,10.76,10.77,10.78,10.79,1100,2500,400,100,1500,3600,28400,1500,1300,500,600,8600,1500,9300,1400,2200,2200,1500,1500,4600
123.0,10.65,33700,359694.0,10.65,10.64,10.63,10.62,10.6,10.59,10.58,10.52,10.5,10.49,10.66,10.68,10.69,10.71,10.74,10.75,10.76,10.77,10.78,10.79,1100,2500,400,100,1500,3600,28400,1500,1300,500,1600,8600,1500,9300,1400,2200,2200,1500,1500,4600
124.0,10.66,33800,360760.0,10.65,10.64,10.63,10.62,10.6,10.59,10.58,10.52,10.5,10.49,10.66,10.68,10.69,10.71,10.74,10.75,10.76,10.77,10.78,10.79,300,2500,400,100,1500,3600,28400,1500,1300,500,1500,8600,1500,9300,1400,2200,2200,1500,1500,4600
125.0,10.65,34400,367150.0,10.64,10.63,10.62,10.6,10.59,10.58,10.52,10.5,10.49,10.45,10.65,10.66,10.68,10.69,10.71,10.74,10.75,10.76,10.77,10.78,2500,400,100,1500,3600,28400,1500,1300,500,1000,500,1000,8600,1500,9300,1400,2200,2200,1500,1500
126.0,10.65,34400,367150.0,10.64,10.63,10.62,10.6,10.59,10.58,10.52,10.5,10.49,10.45,10.65,10.66,10.68,10.69,10.71,10.74,10.75,10.76,10.77,10.78,2500,400,100,1500,3600,28400,1500,1300,500,1000,500,1000,8600,1500,9300,1400,2200,2200,1500,1500
127.0,10.65,34400,367150.0,10.64,10.63,10.62,10.6,10.59,10.58,10.52,10.5,10.49,10.45,10.65,10.66,10.68,10.69,10.71,10.74,10.75,10.76,10.77,10.78,2200,400,100,1500,3600,28400,1500,1300,500,1000,500,1000,8600,1500,9300,1400,2200,2200,1500,1500
128.0,10.65,34400,367150.0,10.64,10.63,10.62,10.6,10.59,10.58,10.52,10.5,10.49,10.45,10.65,10.66,10.68,10.69,10.71,10.74,10.75,10.76,10.77,10.78,2200,400,100,1500,3600,28400,1500,1300,500,1000,500,1000,8600,1500,9300,1400,2200,2200,1500,1500
129.0,10.65,34400,367150.0,10.64,10.63,10.62,10.6,10.59,10.58,10.52,10.5,10.49,10.45,10.65,10.66,10.68,10.69,10.71,10.74,10.75,10.76,10.77,10.78,2200,400,100,1500,3600,28400,1500,1300,500,1000,500,1000,8600,1500,9300,1400,2200,2200,1500,1500
130.0,10.65,34400,367150.0,10.64,10.63,10.62,10.6,10.59,10.58,10.52,10.5,10.49,10.45,10.65,10.66,10.68,10.69,10.71,10.74,10.75,10.76,10.77,10.78,2200,400,100,1500,3600,28400,1500,1300,500,1000,500,1000,8600,1500,9300,1400,2200,2200,1500,1500
131.0,10.65,34500,368215.0,10.64,10.63,10.62,10.6,10.59,10.58,10.52,10.5,10.49,10.45,10.65,10.66,10.68,10.69,10.71,10.74,10.75,10.76,10.77,10.78,2200,400,100,1500,3600,28400,1500,1300,500,1000,400,1000,8600,1500,9300,1400,2200,2200,1500,1500
132.0,10.65,34500,368215.0,10.64,10.63,10.62,10.6,10.59,10.58,10.52,10.5,10.49,10.45,10.65,10.66,10.68,10.69,10.71,10.74,10.75,10.76,10.77,10.78,2200,400,100,1500,3600,28400,1500,1300,500,1000,400,1000,8600,1500,9300,1400,2200,2200,1500,1500
133.0,10.65,34500,368215.0,10.64,10.63,10.62,10.6,10.59,10.58,10.52,10.5,10.49,10.45,10.65,10.66,10.68,10.69,10.71,10.74,10.75,10.76,10.77,10.78,2200,400,100,1500,3600,28400,1500,1300,500,1000,400,1000,8600,1500,9300,1400,2200,2200,1500,1500
134.0,10.65,35100,374601.0,10.64,10.63,10.62,10.6,10.59,10.58,10.52,10.5,10.49,10.45,10.65,10.66,10.68,10.69,10.71,10.74,10.75,10.76,10.77,10.78,1800,400,100,1500,3600,28400,1500,1300,500,1000,200,1000,8600,1500,9300,1400,2200,2200,1500,1500
135.0,10.65,35100,374601.0,10.64,10.63,10.62,10.6,10.59,10.58,10.52,10.5,10.49,10.45,10.65,10.66,10.68,10.69,10.71,10.74,10.75,10.76,10.77,10.78,1800,400,100,1500,3600,28400,1500,1300,500,1000,200,1000,8600,1500,9300,1400,2200,2200,1500,1500
136.0,10.65,35100,374601.0,10.64,10.63,10.62,10.6,10.59,10.58,10.52,10.5,10.49,10.45,10.65,10.66,10.68,10.69,10.71,10.74,10.75,10.76,10.77,10.78,1800,400,100,1500,3600,28400,1500,1300,500,1000,200,1000,8600,1500,9300,1400,2200,2200,1500,1500
137.0,10.65,36100,385250.0,10.64,10.63,10.62,10.6,10.59,10.58,10.52,10.5,10.49,10.45,10.65,10.66,10.68,10.69,10.71,10.74,10.75,10.76,10.77,10.78,1700,400,100,1500,3600,28400,1500,1300,500,1000,400,1000,8600,1500,9300,1400,2200,2200,1500,1500
138.0,10.65,36100,385250.0,10.64,10.63,10.62,10.6,10.59,10.58,10.52,10.5,10.49,10.45,10.65,10.66,10.68,10.69,10.71,10.74,10.75,10.76,10.77,10.78,1700,400,100,1500,3600,28400,1500,1300,500,1000,400,1000,8600,1500,9300,1400,2200,2200,1500,1500
139.0,10.65,36100,385250.0,10.64,10.63,10.62,10.6,10.59,10.58,10.52,10.5,10.49,10.45,10.65,10.66,10.68,10.69,10.71,10.74,10.75,10.76,10.77,10.78,1700,400,100,1500,3600,28400,1500,1300,500,1000,400,1000,8600,1500,9300,1400,2200,2200,1500,1500
140.0,10.64,36200,386314.0,10.64,10.63,10.62,10.6,10.59,10.58,10.52,10.5,10.49,10.45,10.65,10.66,10.68,10.69,10.71,10.74,10.75,10.76,10.77,10.78,1600,400,100,1500,3600,28400,1500,1300,500,1000,400,1000,8600,1500,9300,1400,2200,2200,1500,1500
141.0,10.64,36200,386314.0,10.64,10.63,10.62,10.6,10.59,10.58,10.52,10.5,10.49,10.45,10.65,10.66,10.68,10.69,10.71,10.74,10.75,10.76,10.77,10.78,1600,400,100,1500,3600,28400,1500,1300,500,1000,400,1000,8600,1500,9300,1400,2200,2200,1500,1500
142.0,10.64,36200,386314.0,10.64,10.63,10.62,10.6,10.59,10.58,10.52,10.5,10.49,10.45,10.65,10.66,10.68,10.69,10.71,10.74,10.75,10.76,10.77,10.78,1600,400,100,1500,3600,28400,1500,1300,500,1000,400,1000,8600,1500,9300,1400,2200,2200,1500,1500
143.0,10.64,36200,386314.0,10.64,10.63,10.62,10.6,10.59,10.58,10.52,10.5,10.49,10.45,10.65,10.66,10.68,10.69,10.71,10.74,10.75,10.76,10.77,10.78,1600,400,100,1500,3600,28400,1500,1300,500,1000,400,1000,8600,1500,9300,1400,2200,2200,1500,1500
144.0,10.64,36300,387378.0,10.64,10.63,10.62,10.6,10.59,10.58,10.52,10.5,10.49,10.45,10.65,10.66,10.68,10.69,10.71,10.74,10.75,10.76,10.77,10.78,1500,400,100,1500,3600,28400,1500,1300,500,1000,400,1000,8600,1500,9300,1400,2200,2200,1500,1500
145.0,10.64,36300,387378.0,10.64,10.63,10.62,10.6,10.59,10.58,10.52,10.5,10.49,10.45,10.65,10.66,10.68,10.69,10.71,10.74,10.75,10.76,10.77,10.78,1500,400,100,1500,3600,28400,1500,1300,500,1000,400,1000,8600,1500,9300,1400,2200,2200,1500,1500
146.0,10.64,36300,387378.0,10.64,10.63,10.62,10.6,10.59,10.58,10.52,10.5,10.49,10.45,10.65,10.66,10.68,10.69,10.71,10.74,10.75,10.76,10.77,10.78,1500,400,100,1500,3600,28400,1500,1300,500,1000,400,1000,8600,1500,9300,1400,2200,2200,1500,1500
147.0,10.64,36300,387378.0,10.64,10.63,10.62,10.6,10.59,10.58,10.52,10.5,10.49,10.45,10.65,10.66,10.68,10.69,10.71,10.74,10.75,10.76,10.77,10.78,1500,400,100,1500,3600,28400,1500,1300,500,1000,400,1000,8600,1500,9300,1400,2200,2200,1500,1500
148.0,10.64,36300,387378.0,10.64,10.63,10.62,10.6,10.59,10.58,10.52,10.5,10.49,10.45,10.65,10.66,10.68,10.69,10.71,10.74,10.75,10.76,10.77,10.78,1500,400,100,1500,3600,28400,1500,1300,500,1000,400,1000,8600,1500,9300,1400,2200,2200,1500,1500
149.0,10.64,37400,399082.0,10.63,10.62,10.6,10.59,10.58,10.52,10.5,10.49,10.45,10.38,10.65,10.66,10.68,10.69,10.71,10.74,10.75,10.76,10.77,10.78,400,100,1500,3600,28400,1500,1300,500,1000,500,400,1100,8600,1500,9300,1400,2200,2200,1500,1500
150.0,10.64,37400,399082.0,10.63,10.6,10.59,10.58,10.52,10.5,10.49,10.45,10.38,10.34,10.64,10.65,10.66,10.68,10.69,10.71,10.74,10.75,10.76,10.77,400,1500,3600,28400,1500,1300,500,1000,500,500,100,1600,1100,8600,1500,9300,1400,2200,2200,1500
151.0,10.64,37400,399082.0,10.63,10.6,10.59,10.58,10.52,10.5,10.49,10.45,10.38,10.34,10.64,10.65,10.66,10.68,10.69,10.71,10.74,10.75,10.76,10.77,400,1500,3600,28400,1500,1300,500,1000,500,500,100,1600,1100,8600,1500,9300,1400,2200,2200,1500
152.0,10.63,37500,400145.0,10.63,10.6,10.59,10.58,10.52,10.5,10.49,10.45,10.38,10.34,10.64,10.65,10.66,10.68,10.69,10.71,10.74,10.75,10.76,10.77,300,1500,3600,28400,1500,1300,500,1000,500,500,100,1600,1100,8600,1500,9300,1400,2200,2200,1500
153.0,10.63,37800,403334.0,10.6,10.59,10.58,10.52,10.5,10.49,10.45,10.38,10.34,10.3,10.64,10.65,10.66,10.68,10.69,10.71,10.74,10.75,10.76,10.77,1500,3600,28400,1500,1300,500,1000,500,500,500,100,1600,1100,8600,1500,9300,1400,2200,2200,1500
154.0,10.63,37800,403334.0,10.6,10.59,10.58,10.52,10.5,10.49,10.45,10.38,10.34,10.3,10.64,10.65,10.66,10.68,10.69,10.71,10.74,10.75,10.76,10.77,1600,3600,28400,1500,1300,500,1000,500,500,500,200,1600,1100,8600,1500,9300,1400,2200,2200,1500
155.0,10.63,37800,403334.0,10.6,10.59,10.58,10.52,10.5,10.49,10.45,10.38,10.34,10.3,10.64,10.65,10.66,10.68,10.69,10.71,10.74,10.75,10.76,10.77,1600,3600,28400,1500,1300,500,1000,500,500,500,200,1600,1100,8600,1500,9300,1400,2200,2200,1500
156.0,10.63,37800,403334.0,10.6,10.59,10.58,10.52,10.5,10.49,10.45,10.38,10.34,10.3,10.64,10.65,10.66,10.68,10.69,10.71,10.74,10.75,10.76,10.77,1700,3600,28400,1500,1300,500,1000,500,500,500,300,1600,1100,8600,1500,9300,1400,2200,2200,1500
157.0,10.6,38100,406514.0,10.6,10.59,10.58,10.52,10.5,10.49,10.45,10.38,10.34,10.3,10.64,10.65,10.66,10.68,10.69,10.71,10.74,10.75,10.76,10.77,1400,3600,28400,1500,1300,500,1000,500,500,500,300,1600,1100,8600,1500,9300,1400,2200,2200,1500
158.0,10.6,38100,406514.0,10.61,10.6,10.59,10.58,10.52,10.5,10.49,10.45,10.38,10.34,10.64,10.65,10.66,10.68,10.69,10.71,10.74,10.75,10.76,10.77,300,2700,3600,28400,1500,1300,500,1000,500,500,400,1600,1100,8600,1500,9300,1400,2200,2200,1500
159.0,10.6,38100,406514.0,10.61,10.6,10.59,10.58,10.52,10.5,10.49,10.45,10.38,10.34,10.64,10.65,10.66,10.68,10.69,10.71,10.74,10.75,10.76,10.77,300,2700,3600,28400,1500,1300,500,1000,500,500,400,1600,1100,8600,1500,9300,1400,2200,2200,1500
160.0,10.6,38100,406514.0,10.61,10.6,10.59,10.58,10.52,10.5,10.49,10.45,10.38,10.34,10.64,10.65,10.66,10.68,10.69,10.71,10.74,10.75,10.76,10.77,300,2700,3600,28400,1500,1300,500,1000,500,500,400,1600,1100,8600,1500,9300,1400,2200,2200,1500
161.0,10.61,39200,418185.0,10.61,10.6,10.59,10.58,10.52,10.5,10.49,10.45,10.38,10.34,10.64,10.65,10.66,10.68,10.69,10.71,10.74,10.75,10.76,10.77,700,1700,3600,28400,1500,1300,500,1000,500,500,400,1600,1100,8600,1500,9300,1400,2200,2200,1500
162.0,10.61,39200,418185.0,10.61,10.6,10.59,10.58,10.52,10.5,10.49,10.45,10.38,10.34,10.64,10.65,10.66,10.68,10.69,10.71,10.74,10.75,10.76,10.77,700,1700,3600,28400,1500,1300,500,1000,500,500,400,1600,1100,8600,1500,9300,1400,2200,2200,1500
163.0,10.61,39200,418185.0,10.61,10.6,10.59,10.58,10.52,10.5,10.49,10.45,10.38,10.34,10.64,10.65,10.66,10.68,10.69,10.71,10.74,10.75,10.76,10.77,700,1700,3600,28400,1500,1300,500,1000,500,500,400,1600,1100,8600,1500,9300,1400,2200,2200,1500
164.0,10.61,39200,418185.0,10.61,10.6,10.59,10.58,10.52,10.5,10.49,10.45,10.38,10.34,10.64,10.65,10.66,10.68,10.69,10.71,10.74,10.75,10.76,10.77,700,1700,3600,28400,1500,1300,500,1000,500,500,400,1600,1100,8600,1500,9300,1400,2200,2200,1500
165.0,10.61,39200,418185.0,10.61,10.6,10.59,10.58,10.52,10.5,10.49,10.45,10.38,10.34,10.64,10.65,10.66,10.68,10.69,10.71,10.74,10.75,10.76,10.77,700,1700,3600,28400,1500,1300,500,1000,500,500,400,1600,1100,8600,1500,9300,1400,2200,2200,1500
166.0,10.61,39200,418185.0,10.61,10.6,10.59,10.58,10.52,10.5,10.49,10.45,10.38,10.34,10.64,10.65,10.66,10.68,10.69,10.71,10.74,10.75,10.76,10.77,700,1700,3600,28400,1500,1300,500,1000,500,500,400,1600,1100,8600,1500,9300,1400,2200,2200,1500
167.0,10.61,39200,418185.0,10.61,10.6,10.59,10.58,10.52,10.5,10.49,10.45,10.38,10.34,10.64,10.65,10.66,10.68,10.69,10.71,10.74,10.75,10.76,10.77,700,1700,3600,28400,1500,1300,500,1000,500,500,400,1600,1100,8600,1500,9300,1400,2200,2200,1500
168.0,10.61,39200,418185.0,10.61,10.6,10.59,10.58,10.52,10.5,10.49,10.45,10.38,10.34,10.64,10.65,10.66,10.68,10.69,10.71,10.74,10.75,10.76,10.77,700,1700,3600,28400,1500,1300,500,1000,500,500,400,1600,1100,8600,1500,9300,1400,2200,2200,1500
169.0,10.61,39200,418185.0,10.61,10.6,10.59,10.58,10.52,10.5,10.49,10.45,10.38,10.34,10.64,10.65,10.66,10.68,10.69,10.71,10.74,10.75,10.76,10.77,700,2900,3600,28400,1500,1300,500,1000,500,500,400,1400,1100,8600,1500,9300,1400,2200,2200,1500
170.0,10.61,39200,418185.0,10.61,10.6,10.59,10.58,10.52,10.5,10.49,10.45,10.38,10.34,10.64,10.65,10.66,10.68,10.69,10.71,10.74,10.75,10.76,10.77,1400,2900,3600,28400,1500,1300,500,1000,500,500,400,1400,1100,8600,1500,9300,1400,2200,2200,1500
171.0,10.61,39200,418185.0,10.61,10.6,10.59,10.58,10.52,10.5,10.49,10.45,10.38,10.34,10.64,10.65,10.66,10.68,10.69,10.71,10.74,10.75,10.76,10.77,1400,2900,3600,28400,1500,1300,500,1000,500,500,400,1400,1100,8600,1500,9300,1400,2200,2200,1500
172.0,10.61,39200,418185.0,10.61,10.6,10.59,10.58,10.52,10.5,10.49,10.45,10.38,10.34,10.64,10.65,10.66,10.68,10.69,10.71,10.74,10.75,10.76,10.77,1400,2900,3600,28400,1500,1300,500,1000,500,500,400,1400,1100,8600,1500,9300,1400,2200,2200,1500
173.0,10.61,40300,429856.0,10.61,10.6,10.59,10.58,10.52,10.5,10.49,10.45,10.38,10.34,10.64,10.65,10.66,10.68,10.69,10.71,10.74,10.75,10.76,10.77,300,2900,3600,28400,1500,1300,500,1000,500,500,400,1400,1100,8600,1500,9300,1400,2200,2200,1500
174.0,10.61,40300,429856.0,10.61,10.6,10.59,10.58,10.52,10.5,10.49,10.45,10.38,10.34,10.64,10.65,10.66,10.68,10.69,10.71,10.74,10.75,10.76,10.77,300,2900,3600,28400,1500,1300,500,1000,500,500,400,1400,1100,8600,1500,9300,1400,2200,2200,1500
175.0,10.61,40300,429856.0,10.61,10.6,10.59,10.58,10.56,10.52,10.5,10.49,10.45,10.38,10.64,10.65,10.66,10.68,10.69,10.71,10.74,10.75,10.76,10.77,500,2900,3600,28400,400,1500,1300,500,1000,500,400,1400,1100,8600,1500,9300,1400,2200,2200,1500
176.0,10.61,40300,429856.0,10.61,10.6,10.59,10.58,10.56,10.52,10.5,10.49,10.45,10.38,10.64,10.65,10.66,10.68,10.69,10.71,10.74,10.75,10.76,10.77,500,2900,3600,28400,400,1500,1300,500,1000,500,400,1400,1100,8600,1500,9300,1400,2200,2200,1500
177.0,10.61,40300,429856.0,10.61,10.6,10.59,10.58,10.56,10.52,10.5,10.49,10.45,10.38,10.64,10.65,10.66,10.68,10.69,10.71,10.74,10.75,10.76,10.77,500,2900,3600,28400,400,1500,1300,500,1000,500,400,1400,1100,8600,1500,9300,1400,2200,2200,1500
178.0,10.61,40300,429856.0,10.61,10.6,10.59,10.58,10.56,10.52,10.5,10.49,10.45,10.38,10.64,10.65,10.66,10.68,10.69,10.71,10.74,10.75,10.76,10.77,500,2900,3600,28400,400,1500,1300,500,1000,500,400,1400,1100,8600,1500,9300,1400,2200,2200,1500
179.0,10.61,40300,429856.0,10.61,10.6,10.59,10.58,10.56,10.52,10.5,10.49,10.45,10.38,10.64,10.65,10.66,10.68,10.69,10.71,10.74,10.75,10.76,10.77,500,2900,3600,28400,400,1500,1300,500,1000,500,400,1400,1100,8600,1500,9300,1400,2200,2200,1500
180.0,10.61,40400,430917.0,10.61,10.6,10.59,10.58,10.56,10.52,10.5,10.49,10.45,10.38,10.64,10.65,10.66,10.68,10.69,10.71,10.74,10.75,10.76,10.77,400,2900,3600,28400,400,1500,1300,500,1000,500,400,1400,1100,8600,1500,9300,1400,2200,2200,1500
181.0,10.61,40400,430917.0,10.61,10.6,10.59,10.58,10.56,10.52,10.5,10.49,10.45,10.38,10.64,10.65,10.66,10.68,10.69,10.71,10.74,10.75,10.76,10.77,500,2900,3700,28400,400,1500,1300,500,1000,500,400,1400,1100,8600,1500,9300,1400,2200,2200,1500
182.0,10.61,40400,430917.0,10.61,10.6,10.59,10.58,10.56,10.52,10.5,10.49,10.45,10.38,10.64,10.65,10.66,10.68,10.69,10.71,10.74,10.75,10.76,10.77,500,2900,3700,28400,400,1500,1300,500,1000,500,400,1400,1100,8600,1500,9300,1400,2200,2200,1500
183.0,10.61,40400,430917.0,10.61,10.6,10.59,10.58,10.56,10.52,10.5,10.49,10.45,10.38,10.64,10.65,10.66,10.68,10.69,10.71,10.74,10.75,10.76,10.77,500,2900,3700,28400,400,1500,1300,500,1000,500,1400,1400,1100,8600,1500,9300,1400,2200,2200,1500
184.0,10.61,40400,430917.0,10.61,10.6,10.59,10.58,10.56,10.52,10.5,10.49,10.45,10.38,10.64,10.65,10.66,10.68,10.69,10.71,10.74,10.75,10.76,10.77,500,2900,3700,28400,400,1500,1300,500,1000,500,1400,400,1100,8600,1500,9300,1400,2200,2200,1500
185.0,10.64,41600,443652.0,10.61,10.6,10.59,10.58,10.56,10.52,10.5,10.49,10.45,10.38,10.64,10.65,10.66,10.68,10.69,10.71,10.74,10.75,10.76,10.77,2200,2900,3700,28400,400,1500,1300,500,1000,500,1300,400,1100,8600,1500,9300,1400,2200,2200,1500
186.0,10.64,41700,444716.0,10.61,10.6,10.59,10.58,10.56,10.52,10.5,10.49,10.45,10.38,10.64,10.65,10.66,10.68,10.69,10.71,10.74,10.75,10.76,10.77,2200,2900,3700,28400,400,1500,1300,500,1000,500,1200,400,1100,8600,1500,9300,1400,2200,2200,1500
187.0,10.64,41800,445780.0,10.61,10.6,10.59,10.58,10.56,10.52,10.5,10.49,10.45,10.38,10.64,10.65,10.66,10.68,10.69,10.71,10.74,10.75,10.76,10.77,2200,2900,3700,28400,400,1500,1300,500,1000,500,1100,400,1100,8600,1500,9300,1400,2200,2200,1500
188.0,10.64,41800,445780.0,10.61,10.6,10.59,10.58,10.56,10.52,10.5,10.49,10.45,10.38,10.64,10.65,10.66,10.68,10.69,10.71,10.74,10.75,10.76,10.77,2200,2900,3700,28400,400,1500,1300,500,1000,500,1100,400,1100,8600,1500,9300,1400,2200,2200,1500
189.0,10.64,42000,447908.0,10.61,10.6,10.59,10.58,10.57,10.56,10.52,10.5,10.49,10.45,10.64,10.65,10.66,10.68,10.69,10.71,10.74,10.75,10.76,10.77,2200,2900,3700,28400,100,400,1500,1300,500,1000,900,400,1100,8600,1500,9300,1400,2200,2200,1500
190.0,10.64,42000,447908.0,10.61,10.6,10.59,10.58,10.57,10.56,10.52,10.5,10.49,10.45,10.64,10.65,10.66,10.68,10.69,10.71,10.74,10.75,10.76,10.77,2200,2900,3700,28400,100,400,1500,1300,500,1000,900,400,1100,8600,1500,9300,1400,2200,2200,1500
191.0,10.64,42000,447908.0,10.61,10.6,10.59,10.58,10.57,10.56,10.52,10.5,10.49,10.45,10.64,10.65,10.66,10.68,10.69,10.71,10.74,10.75,10.76,10.77,2200,2900,3700,28400,100,400,1500,1300,500,1000,900,400,1100,8600,1500,9300,1400,2200,2200,1500
192.0,10.64,42000,447908.0,10.61,10.6,10.59,10.58,10.57,10.56,10.52,10.5,10.49,10.45,10.64,10.65,10.66,10.68,10.69,10.71,10.74,10.75,10.76,10.77,2200,2900,3700,28400,100,400,1500,1300,500,1000,900,400,1100,8600,1500,9300,1400,2200,2200,1500
193.0,10.64,42000,447908.0,10.61,10.6,10.59,10.58,10.57,10.56,10.52,10.5,10.49,10.45,10.64,10.65,10.66,10.68,10.69,10.71,10.74,10.75,10.76,10.77,2200,2900,3700,28400,100,400,1500,1300,500,1000,900,400,1100,8600,1500,9300,1400,2200,2200,1500
194.0,10.64,42000,447908.0,10.61,10.6,10.59,10.58,10.57,10.56,10.52,10.5,10.49,10.45,10.64,10.65,10.66,10.68,10.69,10.71,10.74,10.75,10.76,10.77,2200,2900,3700,28400,100,400,1500,1300,500,1000,900,400,1100,8600,1500,9300,1400,2200,2200,1500
195.0,10.64,42000,447908.0,10.61,10.6,10.59,10.58,10.57,10.56,10.52,10.5,10.49,10.45,10.64,10.65,10.66,10.68,10.69,10.71,10.74,10.75,10.76,10.77,2200,2900,3700,28400,100,400,1500,1300,500,1000,900,400,1100,8600,1500,9300,1400,2200,2200,1500
196.0,10.64,42000,447908.0,10.61,10.6,10.59,10.58,10.57,10.56,10.52,10.5,10.49,10.45,10.64,10.65,10.66,10.68,10.69,10.71,10.74,10.75,10.76,10.77,2200,2900,3700,28400,100,400,1500,1300,500,1000,900,400,1100,8600,1500,9300,1400,2200,2200,1500
197.0,10.61,43100,459579.0,10.62,10.61,10.6,10.59,10.58,10.57,10.56,10.52,10.5,10.49,10.64,10.65,10.66,10.68,10.69,10.71,10.74,10.75,10.76,10.77,100,1200,2900,3700,28400,100,400,1500,1300,500,900,400,1100,8600,1500,9300,1400,2200,2200,1500
198.0,10.61,43100,459579.0,10.62,10.61,10.6,10.59,10.58,10.57,10.56,10.52,10.5,10.49,10.64,10.65,10.66,10.68,10.69,10.71,10.74,10.75,10.76,10.77,100,1200,2900,3700,28400,100,400,1500,1300,500,900,400,1100,8600,1500,9300,1400,2200,2200,1500
199.0,10.61,43100,459579.0,10.62,10.61,10.6,10.59,10.58,10.57,10.56,10.52,10.5,10.49,10.64,10.65,10.66,10.68,10.69,10.71,10.74,10.75,10.76,10.77,100,1200,2900,3700,28400,100,400,1500,1300,500,900,400,1100,8600,1500,9300,1400,2200,2200,1500
200.0,10.61,43100,459579.0,10.62,10.61,10.6,10.59,10.58,10.57,10.56,10.52,10.5,10.49,10.64,10.65,10.66,10.68,10.69,10.71,10.74,10.75,10.76,10.77,200,700,2900,3700,28400,100,400,1500,1300,500,900,400,1100,8600,1500,9300,1400,2200,2200,1500
201.0,10.61,43100,459579.0,10.62,10.61,10.6,10.59,10.58,10.57,10.56,10.52,10.5,10.49,10.64,10.65,10.66,10.68,10.69,10.71,10.74,10.75,10.76,10.77,200,700,2900,3700,28400,100,400,1500,1300,500,900,400,1100,8600,1500,9300,1400,2200,2200,1500
202.0,10.61,43100,459579.0,10.62,10.61,10.6,10.59,10.58,10.57,10.56,10.52,10.5,10.49,10.64,10.65,10.66,10.68,10.69,10.71,10.74,10.75,10.76,10.77,200,700,2900,3700,28400,100,400,1500,1300,500,900,400,1100,8600,1500,9300,1400,2200,2200,1500
203.0,10.61,43100,459579.0,10.62,10.61,10.6,10.59,10.58,10.57,10.56,10.52,10.5,10.49,10.64,10.65,10.66,10.68,10.69,10.71,10.74,10.75,10.76,10.77,200,700,2900,3700,28400,100,400,1500,1300,500,900,400,1100,8600,1500,9300,1400,2200,2200,1500
204.0,10.64,43200,460643.0,10.62,10.61,10.6,10.59,10.58,10.57,10.56,10.52,10.5,10.49,10.64,10.65,10.66,10.68,10.69,10.71,10.74,10.75,10.76,10.77,200,700,2900,3700,28400,100,400,1500,1300,500,800,400,1100,8600,1500,9300,1400,2200,2200,1500
205.0,10.64,43200,460643.0,10.63,10.62,10.61,10.6,10.59,10.58,10.57,10.56,10.52,10.5,10.64,10.65,10.66,10.68,10.69,10.71,10.74,10.75,10.76,10.77,100,100,700,2900,3700,28400,100,400,1500,1300,800,400,1100,8600,1500,9300,1400,2200,2200,1500
206.0,10.64,43200,460643.0,10.63,10.62,10.61,10.6,10.59,10.58,10.57,10.56,10.52,10.5,10.64,10.65,10.66,10.68,10.69,10.71,10.74,10.75,10.76,10.77,100,100,700,2900,3700,28400,100,400,1500,1300,800,400,1100,8600,1500,9300,1400,2200,2200,1500
207.0,10.64,43200,460643.0,10.63,10.62,10.61,10.6,10.59,10.58,10.57,10.56,10.52,10.5,10.64,10.65,10.66,10.68,10.69,10.71,10.74,10.75,10.76,10.77,100,100,700,2900,3700,28400,100,400,1500,1300,800,400,1100,8600,1500,9300,1400,2200,2200,1500
208.0,10.62,43400,462768.0,10.61,10.6,10.59,10.58,10.57,10.56,10.52,10.5,10.49,10.45,10.64,10.65,10.66,10.68,10.69,10.71,10.74,10.75,10.76,10.77,700,2900,3700,28400,100,400,1500,1300,500,1000,800,400,1100,8600,1500,9300,1400,2200,2200,1500
209.0,10.62,43400,462768.0,10.61,10.6,10.59,10.58,10.57,10.56,10.52,10.5,10.49,10.45,10.63,10.64,10.65,10.66,10.68,10.69,10.71,10.74,10.75,10.76,700,2900,3700,28400,100,400,1500,1300,500,1000,1100,800,400,1100,8600,1500,9300,1400,2200,2200
210.0,10.63,43500,463831.0,10.61,10.6,10.59,10.58,10.57,10.56,10.52,10.5,10.49,10.45,10.63,10.64,10.65,10.66,10.68,10.69,10.71,10.74,10.75,10.76,700,2900,3700,28400,100,400,1500,1300,500,1000,1000,800,400,1100,8600,1500,9300,1400,2200,2200
211.0,10.61,44300,472321.0,10.6,10.59,10.58,10.57,10.56,10.52,10.5,10.49,10.45,10.38,10.61,10.63,10.64,10.65,10.66,10.68,10.69,10.71,10.74,10.75,2900,3700,28400,100,400,1500,1300,500,1000,500,300,900,800,400,1100,1000,1500,9300,1400,2200
212.0,10.63,44700,476567.0,10.6,10.59,10.58,10.57,10.56,10.52,10.5,10.49,10.45,10.38,10.63,10.64,10.65,10.66,10.68,10.69,10.71,10.74,10.75,10.76,2900,3700,28400,100,400,1500,1300,500,1000,500,800,800,400,1100,1000,1500,9300,1400,2200,2200
213.0,10.63,44700,476567.0,10.6,10.59,10.58,10.57,10.56,10.52,10.5,10.49,10.45,10.38,10.63,10.64,10.65,10.66,10.68,10.69,10.71,10.74,10.75,10.76,2900,3700,28400,100,400,1500,1300,500,1000,500,800,800,400,1100,1000,1500,9300,1400,2200,2200
214.0,10.63,44700,476567.0,10.6,10.59,10.58,10.57,10.56,10.52,10.5,10.49,10.45,10.38,10.63,10.64,10.65,10.66,10.68,10.69,10.71,10.74,10.75,10.76,2900,3700,28400,100,400,1500,1300,500,1000,500,800,800,400,1100,1000,1500,9300,1400,2200,2200
215.0,10.63,44700,476567.0,10.6,10.59,10.58,10.57,10.56,10.52,10.5,10.49,10.45,10.38,10.63,10.64,10.65,10.66,10.68,10.69,10.71,10.74,10.75,10.76,2900,3700,28400,100,400,1500,1300,500,1000,500,800,800,400,1100,1000,1500,9300,1400,2200,2200
216.0,10.63,44800,477630.0,10.6,10.59,10.58,10.57,10.56,10.52,10.5,10.49,10.45,10.38,10.63,10.64,10.65,10.66,10.68,10.69,10.71,10.74,10.75,10.76,2900,3700,28400,100,400,1500,1300,500,1000,500,700,800,400,1100,1000,1500,9300,1400,2200,2200
217.0,10.63,44800,477630.0,10.6,10.59,10.58,10.57,10.56,10.52,10.5,10.49,10.45,10.38,10.63,10.64,10.65,10.66,10.68,10.69,10.71,10.74,10.75,10.76,2900,3700,28400,100,400,1500,1300,500,1000,500,700,800,400,1100,1000,1500,9300,1400,2200,2200
218.0,10.63,44800,477630.0,10.6,10.59,10.58,10.57,10.56,10.52,10.5,10.49,10.45,10.38,10.63,10.64,10.65,10.66,10.68,10.69,10.71,10.74,10.75,10.76,2900,3700,28400,100,400,1500,1300,500,1000,500,700,800,400,1100,1000,1500,9300,1400,2200,2200
219.0,10.63,44800,477630.0,10.6,10.59,10.58,10.57,10.56,10.52,10.5,10.49,10.45,10.38,10.63,10.64,10.65,10.66,10.68,10.69,10.71,10.74,10.75,10.76,2900,3700,28400,100,400,1500,1300,500,1000,500,700,800,400,1100,1000,1500,9300,1400,2200,2200
220.0,10.63,44800,477630.0,10.6,10.59,10.58,10.57,10.56,10.52,10.5,10.49,10.45,10.38,10.63,10.64,10.65,10.66,10.68,10.69,10.71,10.74,10.75,10.76,2900,3700,28400,100,400,1500,1300,500,1000,500,700,800,400,1100,1000,1500,9300,1400,2200,2200
221.0,10.62,44900,478692.0,10.6,10.59,10.58,10.57,10.56,10.52,10.5,10.49,10.45,10.38,10.62,10.64,10.65,10.66,10.68,10.69,10.71,10.74,10.75,10.76,2900,3700,28400,100,400,1500,1300,500,1000,500,1000,800,400,1100,1000,1500,9300,1400,2200,2200
222.0,10.62,44900,478692.0,10.6,10.59,10.58,10.57,10.56,10.52,10.5,10.49,10.45,10.38,10.62,10.64,10.65,10.66,10.68,10.69,10.71,10.74,10.75,10.76,2900,3700,28400,100,400,1500,1300,500,1000,500,1000,800,400,1100,1000,1500,9300,1400,2200,2200
223.0,10.62,44900,478692.0,10.6,10.59,10.58,10.57,10.56,10.52,10.5,10.49,10.45,10.38,10.62,10.64,10.65,10.66,10.68,10.69,10.71,10.74,10.75,10.76,2900,3700,28400,100,400,1500,1300,500,1000,500,1000,800,400,1100,1000,1500,9300,1400,2200,2200
224.0,10.62,45000,479754.0,10.6,10.59,10.58,10.57,10.56,10.52,10.5,10.49,10.45,10.38,10.62,10.64,10.65,10.66,10.68,10.69,10.71,10.74,10.75,10.76,2900,3700,28400,100,400,1500,1300,500,1000,500,900,800,400,1100,1000,1500,9300,1400,2200,2200
225.0,10.62,45000,479754.0,10.6,10.59,10.58,10.57,10.56,10.52,10.5,10.49,10.45,10.38,10.62,10.64,10.65,10.66,10.68,10.69,10.71,10.74,10.75,10.76,2900,3700,28400,100,400,1500,1300,500,1000,500,900,800,400,1100,1000,1500,9300,1400,2200,2200
226.0,10.62,45000,479754.0,10.6,10.59,10.58,10.57,10.56,10.52,10.5,10.49,10.45,10.38,10.62,10.64,10.65,10.66,10.68,10.69,10.71,10.74,10.75,10.76,2900,3700,28400,100,400,1500,1300,500,1000,500,900,800,400,1100,1000,1500,9300,1400,2200,2200
227.0,10.62,45100,480816.0,10.6,10.59,10.58,10.57,10.56,10.52,10.5,10.49,10.45,10.38,10.62,10.64,10.65,10.66,10.68,10.69,10.71,10.74,10.75,10.76,2900,3700,28400,100,400,1500,1300,500,1000,500,800,800,400,1100,1000,1500,9300,1400,2200,2200
228.0,10.62,45100,480816.0,10.6,10.59,10.58,10.57,10.56,10.52,10.5,10.49,10.45,10.38,10.62,10.64,10.65,10.66,10.68,10.69,10.71,10.74,10.75,10.76,2900,3700,28400,100,400,1500,1300,500,1000,500,800,800,400,1100,1000,1500,9300,1400,2200,2200
229.0,10.62,45900,489312.0,10.62,10.6,10.59,10.58,10.57,10.56,10.52,10.5,10.49,10.45,10.64,10.65,10.66,10.68,10.69,10.71,10.74,10.75,10.76,10.77,2700,2900,3700,28400,100,400,1500,1300,500,1000,800,400,1100,1000,1500,9300,1400,2200,2200,1500
230.0,10.62,45900,489312.0,10.62,10.6,10.59,10.58,10.57,10.56,10.52,10.5,10.49,10.45,10.64,10.65,10.66,10.68,10.69,10.71,10.74,10.75,10.76,10.77,2700,2900,3700,28400,100,400,1500,1300,500,1000,800,400,1100,1000,1500,9300,1400,2200,2200,1500
231.0,10.62,45900,489312.0,10.62,10.6,10.59,10.58,10.57,10.56,10.52,10.5,10.49,10.45,10.64,10.65,10.66,10.68,10.69,10.71,10.74,10.75,10.76,10.77,2700,2900,3700,28400,100,400,1500,1300,500,1000,800,400,1100,1000,1500,9300,1400,2200,2200,1500
232.0,10.62,45900,489312.0,10.62,10.6,10.59,10.58,10.57,10.56,10.52,10.5,10.49,10.45,10.64,10.65,10.66,10.68,10.69,10.71,10.74,10.75,10.76,10.77,2700,2900,3700,28400,100,400,1500,1300,500,1000,800,400,1100,1000,1500,9300,1400,2200,2200,1500
233.0,10.62,47000,500994.0,10.62,10.6,10.59,10.58,10.57,10.56,10.52,10.5,10.49,10.45,10.64,10.65,10.66,10.68,10.69,10.71,10.74,10.75,10.76,10.77,1600,2900,3700,28400,100,400,1500,1300,500,1000,800,400,1100,1000,1500,9300,1400,2200,2200,1500
234.0,10.62,47000,500994.0,10.62,10.6,10.59,10.58,10.57,10.56,10.52,10.5,10.49,10.45,10.64,10.65,10.66,10.68,10.69,10.71,10.74,10.75,10.76,10.77,1600,2900,3700,28400,100,400,1500,1300,500,1000,800,400,1100,1000,1500,9300,1400,2200,2200,1500
235.0,10.62,47000,500994.0,10.61,10.6,10.59,10.58,10.57,10.56,10.52,10.5,10.49,10.45,10.64,10.65,10.66,10.68,10.69,10.71,10.74,10.75,10.76,10.77,400,2900,3700,28400,100,400,1500,1300,500,1000,800,400,1100,1000,1500,9300,1400,2200,2200,1500
236.0,10.62,47000,500994.0,10.61,10.6,10.59,10.58,10.57,10.56,10.52,10.5,10.49,10.45,10.64,10.65,10.66,10.68,10.69,10.71,10.74,10.75,10.76,10.77,400,2900,3700,28400,100,400,1500,1300,500,1000,800,400,1100,1000,1500,9300,1400,2200,2200,1500
237.0,10.62,47000,500994.0,10.61,10.6,10.59,10.58,10.57,10.56,10.52,10.5,10.49,10.45,10.64,10.65,10.66,10.68,10.69,10.71,10.74,10.75,10.76,10.77,400,2900,3700,28400,100,400,1500,1300,500,1000,800,400,1100,1000,1500,9300,1400,2200,2200,1500
238.0,10.62,47000,500994.0,10.61,10.6,10.59,10.58,10.57,10.56,10.52,10.5,10.49,10.45,10.64,10.65,10.66,10.68,10.69,10.71,10.74,10.75,10.76,10.77,400,2900,3700,28400,100,400,1500,1300,500,1000,800,400,1100,1000,1500,9300,1400,2200,2200,1500
239.0,10.56,83400,886202.0,10.54,10.53,10.52,10.5,10.49,10.47,10.45,10.43,10.38,10.34,10.63,10.64,10.65,10.66,10.68,10.69,10.71,10.74,10.75,10.76,500,1500,8400,1300,500,7400,8300,7600,500,500,500,2600,400,1100,1000,1500,9300,1400,2200,2200
240.0,10.56,83400,886202.0,10.58,10.57,10.56,10.55,10.54,10.53,10.52,10.5,10.49,10.47,10.63,10.64,10.65,10.66,10.68,10.69,10.71,10.74,10.75,10.76,900,900,1900,5400,7500,1500,1800,1300,500,7400,700,2600,400,1100,1000,1500,9300,1400,2200,2200
241.0,10.59,84400,896792.0,10.59,10.58,10.56,10.55,10.54,10.53,10.52,10.5,10.49,10.47,10.63,10.64,10.65,10.66,10.68,10.69,10.71,10.74,10.75,10.76,1000,900,1200,5400,7500,1500,1500,1300,500,7400,300,2600,400,1100,1000,1500,9300,1400,2200,2200
242.0,10.59,84500,897851.0,10.59,10.56,10.55,10.54,10.53,10.52,10.5,10.49,10.47,10.45,10.63,10.64,10.65,10.66,10.68,10.69,10.71,10.74,10.75,10.76,1100,1200,5400,7500,1500,1500,1300,500,7400,8300,500,2600,400,1100,1000,1500,9300,1400,2200,2200
243.0,10.59,84500,897851.0,10.59,10.56,10.55,10.54,10.53,10.52,10.5,10.49,10.47,10.45,10.63,10.64,10.65,10.66,10.68,10.69,10.71,10.74,10.75,10.76,1100,1200,5400,7500,1500,1500,1300,500,7400,8300,500,2600,400,1100,1000,1500,9300,1400,2200,2200
244.0,10.59,84500,897851.0,10.59,10.56,10.55,10.54,10.53,10.52,10.5,10.49,10.47,10.45,10.63,10.64,10.65,10.66,10.68,10.69,10.71,10.74,10.75,10.76,1100,1200,5400,7500,1500,1500,1300,500,7400,8300,500,2600,400,1100,1000,1500,9300,1400,2200,2200
245.0,10.59,85700,910563.0,10.59,10.56,10.55,10.54,10.53,10.52,10.5,10.49,10.47,10.45,10.63,10.64,10.65,10.66,10.68,10.69,10.71,10.74,10.75,10.76,700,1200,5400,7500,1500,1500,1300,500,7400,8300,600,2600,400,1100,1000,1500,9300,1400,2200,2200
246.0,10.59,85700,910563.0,10.59,10.56,10.55,10.54,10.53,10.52,10.5,10.49,10.47,10.45,10.63,10.64,10.65,10.66,10.68,10.69,10.71,10.74,10.75,10.76,700,1200,5400,7500,1500,1500,1300,500,7400,8300,600,2600,400,1100,1000,1500,9300,1400,2200,2200
247.0,10.59,85700,910563.0,10.59,10.56,10.55,10.54,10.53,10.52,10.5,10.49,10.47,10.45,10.63,10.64,10.65,10.66,10.68,10.69,10.71,10.74,10.75,10.76,900,1200,5400,7500,1500,1500,1300,500,7400,8300,800,2600,400,1100,1000,1500,9300,1400,2200,2200
248.0,10.59,85700,910563.0,10.59,10.56,10.55,10.54,10.53,10.52,10.5,10.49,10.47,10.45,10.63,10.64,10.65,10.66,10.68,10.69,10.71,10.74,10.75,10.76,900,1200,5400,7500,1500,1500,1300,500,7400,8300,800,2600,400,1100,1000,1500,9300,1400,2200,2200
249.0,10.59,85700,910563.0,10.59,10.56,10.55,10.54,10.53,10.52,10.5,10.49,10.47,10.45,10.63,10.64,10.65,10.66,10.68,10.69,10.71,10.74,10.75,10.76,900,1200,5400,7500,1500,1500,1300,500,7400,8300,800,2600,400,1100,1000,1500,9300,1400,2200,2200
250.0,10.59,85700,910563.0,10.59,10.56,10.55,10.54,10.53,10.52,10.5,10.49,10.47,10.45,10.63,10.64,10.65,10.66,10.68,10.69,10.71,10.74,10.75,10.76,1100,1200,5400,7500,1500,1500,1300,500,7400,8300,1000,2600,400,1100,1000,1500,9300,1400,2200,2200
251.0,10.63,85900,912689.0,10.59,10.56,10.55,10.54,10.53,10.52,10.5,10.49,10.47,10.45,10.63,10.64,10.65,10.66,10.68,10.69,10.71,10.74,10.75,10.76,1100,1200,5400,7500,1500,1500,1300,500,7400,8300,800,2600,400,1100,1000,1500,9300,1400,2200,2200
252.0,10.63,85900,912689.0,10.59,10.56,10.55,10.54,10.53,10.52,10.5,10.49,10.47,10.45,10.61,10.62,10.63,10.64,10.65,10.66,10.68,10.69,10.71,10.74,1300,1200,5400,7500,1500,1500,1300,500,7400,8300,800,2900,1000,2600,400,1000,1000,1500,9300,1400
253.0,10.63,85900,912689.0,10.59,10.56,10.55,10.54,10.53,10.52,10.5,10.49,10.47,10.45,10.61,10.62,10.63,10.64,10.65,10.66,10.68,10.69,10.71,10.74,1300,1200,5400,7500,1500,1500,1300,500,7400,8300,800,2900,1000,2600,400,1000,1000,1500,9300,1400
254.0,10.63,85900,912689.0,10.59,10.56,10.55,10.54,10.53,10.52,10.5,10.49,10.47,10.45,10.61,10.62,10.63,10.64,10.65,10.66,10.68,10.69,10.71,10.74,1300,1200,5400,7500,1500,1500,1300,500,7400,8300,800,2900,1000,2600,400,1000,1000,1500,9300,1400
255.0,10.63,85900,912689.0,10.59,10.56,10.55,10.54,10.53,10.52,10.5,10.49,10.47,10.45,10.61,10.62,10.63,10.64,10.65,10.66,10.68,10.69,10.71,10.74,1300,1200,5400,7500,1500,1500,1300,500,7400,8300,800,2900,1000,2600,400,1000,1000,1500,9300,1400
256.0,10.63,85900,912689.0,10.59,10.56,10.55,10.54,10.53,10.52,10.5,10.49,10.47,10.45,10.61,10.62,10.63,10.64,10.65,10.66,10.68,10.69,10.71,10.74,1300,1200,5400,7500,1500,1500,1300,500,7400,8300,800,2900,1000,2600,400,1000,1000,1500,9300,1400
257.0,10.61,87500,929643.0,10.59,10.57,10.56,10.55,10.54,10.53,10.52,10.5,10.49,10.47,10.61,10.62,10.63,10.64,10.65,10.66,10.68,10.69,10.71,10.74,1500,2500,2200,5400,7500,1500,1500,1300,500,7400,300,2900,1000,2600,400,1000,1000,1500,9300,1400
258.0,10.61,87500,929643.0,10.59,10.57,10.56,10.55,10.54,10.53,10.52,10.5,10.49,10.47,10.61,10.62,10.63,10.64,10.65,10.66,10.68,10.69,10.71,10.74,1500,2500,2200,5400,7500,1500,1500,1300,500,7400,300,2900,1000,2600,400,1000,1000,1500,9300,1400
259.0,10.61,87500,929643.0,10.6,10.59,10.57,10.56,10.55,10.54,10.53,10.52,10.5,10.49,10.61,10.62,10.63,10.64,10.65,10.66,10.68,10.69,10.71,10.74,5000,1500,2500,2200,5400,7500,1500,1500,1300,500,300,2900,1000,2500,400,1000,1000,1500,9300,1400
260.0,10.61,87700,931765.0,10.6,10.59,10.57,10.56,10.55,10.54,10.53,10.52,10.5,10.49,10.61,10.62,10.63,10.64,10.65,10.66,10.68,10.69,10.71,10.74,5000,1500,2500,2200,5400,7500,1500,1500,1300,500,100,2900,1000,2500,400,1000,1000,1500,9300,1400
261.0,10.61,87700,931765.0,10.6,10.59,10.57,10.56,10.55,10.54,10.53,10.52,10.5,10.49,10.61,10.62,10.63,10.64,10.65,10.66,10.68,10.69,10.71,10.74,5000,1500,2500,2200,5400,7500,1500,1500,1300,500,100,2900,1000,2500,400,1000,1000,1500,9300,1400
262.0,10.61,87800,932826.0,10.61,10.6,10.59,10.57,10.56,10.54,10.53,10.52,10.5,10.49,10.62,10.63,10.64,10.65,10.66,10.68,10.69,10.71,10.74,10.75,200,5000,1500,2500,2200,7500,1500,1500,1300,500,2900,1000,2400,400,1000,1000,1500,9300,1400,6800
263.0,10.62,88000,934950.0,10.61,10.6,10.59,10.57,10.56,10.54,10.53,10.52,10.5,10.49,10.62,10.63,10.64,10.65,10.66,10.68,10.69,10.71,10.74,10.75,200,5000,1500,2500,2200,7500,1500,1500,1300,500,2700,1000,2400,400,1000,1000,1500,9300,1400,6800
264.0,10.62,88000,934950.0,10.61,10.6,10.59,10.57,10.56,10.54,10.53,10.52,10.5,10.49,10.62,10.63,10.64,10.65,10.66,10.68,10.69,10.71,10.74,10.75,200,5000,1500,2500,2200,7500,1500,1500,1300,500,2700,1000,2400,400,1000,1000,1500,9300,1400,6800
265.0,10.62,88000,934950.0,10.61,10.6,10.59,10.58,10.57,10.56,10.54,10.53,10.52,10.5,10.62,10.63,10.64,10.65,10.66,10.68,10.69,10.71,10.74,10.75,200,5000,1500,500,2500,1200,7500,1500,1500,1300,2700,1000,2400,400,1000,1000,1500,9300,1400,6800
266.0,10.62,88200,937074.0,10.61,10.6,10.59,10.58,10.57,10.56,10.54,10.53,10.52,10.5,10.62,10.63,10.64,10.65,10.66,10.68,10.69,10.71,10.74,10.75,200,5000,1500,500,2500,1200,7500,1500,1500,1300,2500,1000,2400,400,1000,1000,1500,9300,1400,6800
267.0,10.62,88200,937074.0,10.61,10.6,10.59,10.58,10.57,10.56,10.54,10.53,10.52,10.5,10.62,10.63,10.64,10.65,10.66,10.68,10.69,10.71,10.74,10.75,200,5000,1500,500,2500,1200,7500,1500,1500,1300,2500,1000,2400,400,1000,1000,1500,9300,1400,6800
268.0,10.62,88200,937074.0,10.6,10.59,10.58,10.57,10.56,10.54,10.53,10.52,10.5,10.49,10.62,10.63,10.64,10.65,10.66,10.68,10.69,10.71,10.74,10.75,5000,1500,500,2500,1200,7500,1500,1500,1300,500,2500,1000,2400,400,1000,1000,1500,9300,1400,6800
269.0,10.62,88600,941322.0,10.6,10.59,10.58,10.57,10.56,10.54,10.53,10.52,10.5,10.49,10.61,10.62,10.63,10.64,10.65,10.66,10.68,10.69,10.71,10.74,5000,1500,500,2500,1200,7500,1500,1500,1300,500,1100,2100,1000,2400,400,1000,1000,1500,9300,1400
270.0,10.62,88600,941322.0,10.6,10.59,10.58,10.57,10.56,10.54,10.53,10.52,10.5,10.49,10.61,10.62,10.63,10.64,10.65,10.66,10.68,10.69,10.71,10.74,5000,1500,500,2500,1200,7500,1500,1500,1300,500,1100,2100,1000,2400,400,1000,1000,1500,9300,1400
271.0,10.62,88600,941322.0,10.6,10.59,10.58,10.57,10.56,10.54,10.53,10.52,10.5,10.49,10.61,10.62,10.63,10.64,10.65,10.66,10.68,10.69,10.71,10.74,5000,1500,500,2500,1200,7500,1500,1500,1300,500,1100,2100,1000,2400,400,1000,1000,1500,9300,1400
272.0,10.62,88600,941322.0,10.6,10.59,10.58,10.57,10.56,10.54,10.53,10.52,10.5,10.49,10.61,10.62,10.63,10.64,10.65,10.66,10.68,10.69,10.71,10.74,5000,1500,500,2500,1200,7500,1500,1500,1300,500,1100,2100,1000,2400,400,1000,1000,1500,9300,1400
273.0,10.61,88700,942383.0,10.6,10.59,10.58,10.57,10.56,10.54,10.53,10.52,10.5,10.49,10.61,10.62,10.63,10.64,10.65,10.66,10.68,10.69,10.71,10.74,5000,1500,500,2500,1200,7500,1500,1500,1300,500,1000,2100,1000,2400,400,1000,1000,1500,9300,1400
274.0,10.61,88900,944505.0,10.6,10.59,10.58,10.57,10.56,10.54,10.53,10.52,10.5,10.49,10.61,10.62,10.63,10.64,10.65,10.66,10.68,10.69,10.71,10.74,5000,1500,500,2500,1200,7500,1500,1500,1300,500,800,2100,1000,2400,400,1000,1000,1500,9300,1400
275.0,10.61,88900,944505.0,10.6,10.59,10.58,10.57,10.56,10.54,10.53,10.52,10.5,10.49,10.61,10.62,10.63,10.64,10.65,10.66,10.68,10.69,10.71,10.74,5000,1500,500,2500,1200,7500,1500,1500,1300,500,800,2100,1000,2400,400,1000,1000,1500,9300,1400
276.0,10.6,89400,949805.0,10.6,10.59,10.58,10.57,10.56,10.54,10.53,10.52,10.5,10.49,10.61,10.62,10.63,10.64,10.65,10.66,10.68,10.69,10.71,10.74,4500,1500,500,2500,1200,7500,1500,1500,1300,500,800,2100,1000,2400,400,1000,1000,1500,9300,1400
277.0,10.6,93900,997505.0,10.59,10.58,10.57,10.56,10.54,10.53,10.52,10.5,10.49,10.47,10.6,10.61,10.62,10.63,10.64,10.65,10.66,10.68,10.69,10.71,1000,600,2500,1200,7500,1500,1500,1300,500,7400,1000,800,2100,1000,2100,400,1000,1000,1500,9300
278.0,10.6,93900,997505.0,10.59,10.58,10.57,10.56,10.54,10.53,10.52,10.5,10.49,10.47,10.6,10.61,10.62,10.63,10.64,10.65,10.66,10.68,10.69,10.71,1000,600,2500,1200,7500,1500,1500,1300,500,7400,1000,800,2100,1000,2100,400,1000,1000,1500,9300
279.0,10.6,94300,1001745.0,10.59,10.58,10.57,10.56,10.54,10.53,10.52,10.5,10.49,10.47,10.6,10.61,10.62,10.63,10.64,10.65,10.66,10.68,10.69,10.71,1000,600,2500,1200,7500,1500,1500,1300,500,7400,600,800,2100,1000,2100,400,1000,1000,1500,9300
280.0,10.6,94300,1001745.0,10.59,10.58,10.57,10.56,10.54,10.53,10.52,10.5,10.49,10.47,10.6,10.61,10.62,10.63,10.64,10.65,10.66,10.68,10.69,10.71,1000,600,2500,1200,7500,1500,1500,1300,500,7400,600,800,2100,1000,2100,400,1000,1000,1500,9300
281.0,10.6,94300,1001745.0,10.59,10.58,10.57,10.56,10.54,10.53,10.52,10.5,10.49,10.47,10.6,10.62,10.63,10.64,10.65,10.66,10.68,10.69,10.71,10.74,1000,700,2500,1200,7500,1500,1500,1300,500,7400,600,2100,1000,2100,400,1000,1000,1500,9300,1400
282.0,10.6,94300,1001745.0,10.59,10.58,10.57,10.56,10.54,10.53,10.52,10.5,10.49,10.47,10.6,10.62,10.63,10.64,10.65,10.66,10.68,10.69,10.71,10.74,1000,700,2500,1200,7500,1500,1500,1300,500,7400,600,2100,1000,2100,400,1000,1000,1500,9300,1400
283.0,10.6,94300,1001745.0,10.59,10.58,10.57,10.56,10.54,10.53,10.52,10.5,10.49,10.47,10.6,10.62,10.63,10.64,10.65,10.66,10.68,10.69,10.71,10.74,1000,700,2500,1200,7500,1500,1500,1300,500,7400,600,2100,1000,2100,400,1000,1000,1500,9300,1400
284.0,10.6,94300,1001745.0,10.59,10.58,10.57,10.56,10.54,10.53,10.52,10.5,10.49,10.47,10.6,10.62,10.63,10.64,10.65,10.66,10.68,10.69,10.71,10.74,1000,700,2500,1200,7500,1500,1500,1300,500,7400,600,2100,1000,2100,400,1000,1000,1500,9300,1400
285.0,10.6,94300,1001745.0,10.59,10.58,10.57,10.56,10.54,10.53,10.52,10.5,10.49,10.47,10.6,10.62,10.63,10.64,10.65,10.66,10.68,10.69,10.74,10.75,1000,700,2500,1200,7500,1500,1500,1300,500,7400,600,2100,1000,2100,400,1000,1000,1500,1400,6800
286.0,10.6,94400,1002805.0,10.59,10.58,10.57,10.56,10.54,10.53,10.52,10.5,10.49,10.47,10.6,10.62,10.63,10.64,10.65,10.66,10.68,10.69,10.74,10.75,1000,700,2500,1200,7500,1500,1500,1300,500,7400,500,2100,1000,2100,400,1000,1000,1500,1400,6800
287.0,10.6,94400,1002805.0,10.59,10.58,10.57,10.56,10.54,10.53,10.52,10.5,10.49,10.47,10.6,10.62,10.63,10.64,10.65,10.66,10.68,10.69,10.74,10.75,1000,700,2500,1200,7500,1500,1500,1300,500,7400,500,2100,1000,2100,400,1000,1000,1500,1400,6800
288.0,10.6,94400,1002805.0,10.59,10.58,10.57,10.56,10.54,10.53,10.52,10.5,10.49,10.47,10.6,10.62,10.63,10.64,10.65,10.66,10.68,10.69,10.74,10.75,1000,700,2500,1200,7500,1500,1500,1300,500,7400,500,2100,1000,2100,400,1000,1000,1500,1400,6800
289.0,10.6,94400,1002805.0,10.59,10.58,10.57,10.56,10.54,10.53,10.52,10.5,10.49,10.47,10.6,10.62,10.63,10.64,10.65,10.66,10.68,10.69,10.74,10.75,1000,700,2500,1200,7500,1500,1500,1300,500,7400,500,2100,1000,2100,400,1000,1000,1500,1400,6800
290.0,10.6,94400,1002805.0,10.59,10.58,10.57,10.56,10.54,10.53,10.52,10.5,10.49,10.47,10.6,10.62,10.63,10.64,10.65,10.66,10.68,10.69,10.74,10.75,1000,700,2500,1200,7500,1500,1500,1300,500,7400,500,2100,1000,2100,400,1000,1000,1500,1400,6800
291.0,10.6,94400,1002805.0,10.59,10.58,10.57,10.56,10.54,10.53,10.52,10.5,10.49,10.47,10.6,10.62,10.63,10.64,10.65,10.66,10.68,10.69,10.74,10.75,1000,700,2500,1200,7500,1500,1500,1300,500,7400,500,2100,1000,2100,400,1000,1000,1500,1400,6800
292.0,10.6,94400,1002805.0,10.59,10.58,10.57,10.56,10.54,10.53,10.52,10.5,10.49,10.47,10.6,10.62,10.63,10.64,10.65,10.66,10.68,10.69,10.74,10.75,1000,700,2500,1200,7500,1500,1500,1300,500,7400,500,2100,1000,2100,400,1000,1000,1500,1400,6800
293.0,10.58,95500,1014453.0,10.58,10.57,10.56,10.54,10.53,10.52,10.5,10.49,10.47,10.45,10.6,10.62,10.63,10.64,10.65,10.66,10.68,10.69,10.74,10.75,1900,2500,1200,7500,1500,1500,1300,500,7400,8300,500,2100,1000,2100,400,1000,1000,1500,1400,6800
294.0,10.58,95500,1014453.0,10.58,10.57,10.56,10.54,10.53,10.52,10.5,10.49,10.47,10.45,10.6,10.62,10.63,10.64,10.65,10.66,10.68,10.69,10.74,10.75,1900,2500,1200,7500,1500,1500,1300,500,7400,8300,500,2100,1000,2100,400,1000,1000,1500,1400,6800
295.0,10.58,95500,1014453.0,10.58,10.57,10.56,10.54,10.53,10.52,10.5,10.49,10.47,10.45,10.6,10.62,10.63,10.64,10.65,10.66,10.68,10.69,10.74,10.75,1900,2500,1200,7500,1500,1500,1300,500,7400,8300,500,2100,1000,2100,400,1000,1000,1500,1400,6800
296.0,10.58,95500,1014453.0,10.58,10.57,10.56,10.54,10.53,10.52,10.5,10.49,10.47,10.45,10.6,10.62,10.63,10.64,10.65,10.66,10.68,10.69,10.74,10.75,2900,2500,1200,7500,1500,1500,1300,500,7400,8300,500,2100,1000,2100,400,1000,1000,1500,1400,6800
297.0,10.58,95500,1014453.0,10.58,10.57,10.56,10.54,10.53,10.52,10.5,10.49,10.47,10.45,10.6,10.62,10.63,10.64,10.65,10.66,10.68,10.69,10.74,10.75,2900,2500,1200,7500,1500,1500,1300,500,7400,8300,500,2100,1000,2100,400,1000,1000,1500,1400,6800
298.0,10.6,95600,1015513.0,10.58,10.57,10.56,10.54,10.53,10.52,10.5,10.49,10.47,10.45,10.59,10.6,10.62,10.63,10.64,10.65,10.66,10.68,10.69,10.74,2900,2500,1200,7500,1500,1500,1300,500,7400,8300,100,400,2100,1000,2100,400,1000,1000,1500,1400
299.0,10.6,95600,1015513.0,10.58,10.57,10.56,10.54,10.53,10.52,10.5,10.49,10.47,10.45,10.59,10.6,10.62,10.63,10.64,10.65,10.66,10.68,10.69,10.74,2900,2500,1200,7500,1500,1500,1300,500,7400,8300,100,400,2100,1000,2100,400,1000,1000,1500,1400
300.0,10.6,95600,1015513.0,10.58,10.57,10.56,10.54,10.53,10.52,10.5,10.49,10.47,10.45,10.59,10.6,10.62,10.63,10.64,10.65,10.66,10.68,10.69,10.74,2900,2500,1200,7500,1500,1500,1300,500,7400,8300,100,400,2100,1000,2100,400,1000,1000,1500,1400
301.0,10.6,95600,1015513.0,10.58,10.57,10.56,10.54,10.53,10.52,10.5,10.49,10.47,10.45,10.59,10.6,10.62,10.63,10.64,10.65,10.66,10.68,10.69,10.74,2900,2500,1200,7500,1500,1500,1300,500,7400,8300,100,400,2100,1000,2100,400,1000,1000,1500,1400
302.0,10.6,95600,1015513.0,10.58,10.57,10.56,10.54,10.53,10.52,10.5,10.49,10.47,10.45,10.59,10.6,10.62,10.63,10.64,10.65,10.66,10.68,10.69,10.74,3200,2500,1200,7500,1500,1500,1300,500,7400,8300,100,400,2100,1000,2100,400,1000,1000,1500,1400
303.0,10.58,95700,1016571.0,10.58,10.57,10.56,10.54,10.53,10.52,10.5,10.49,10.47,10.45,10.59,10.6,10.62,10.63,10.64,10.65,10.66,10.68,10.69,10.74,3100,2500,1200,7500,1500,1500,1300,500,7400,8300,100,400,2100,1000,2100,400,1000,1000,1500,1400
304.0,10.58,95700,1016571.0,10.58,10.57,10.56,10.54,10.53,10.52,10.5,10.49,10.47,10.45,10.59,10.6,10.62,10.63,10.64,10.65,10.66,10.68,10.69,10.74,3100,2500,1200,7500,1500,1500,1300,500,7400,8300,100,400,2100,1000,2100,400,1000,1000,1500,1400
305.0,10.58,96100,1020805.0,10.58,10.57,10.54,10.53,10.52,10.5,10.49,10.47,10.45,10.43,10.6,10.62,10.63,10.64,10.65,10.66,10.68,10.69,10.74,10.75,2100,2500,7500,1500,1500,1300,500,7400,8300,7600,700,2100,1000,2100,400,1000,1000,1500,1400,6800
306.0,10.58,96100,1020805.0,10.58,10.57,10.56,10.54,10.53,10.52,10.5,10.49,10.47,10.45,10.6,10.62,10.63,10.64,10.65,10.66,10.68,10.69,10.74,10.75,2100,2500,1000,7500,1500,1500,1300,500,7400,8300,700,2100,1000,2100,400,1000,1000,1500,1400,6800
307.0,10.58,96100,1020805.0,10.58,10.57,10.56,10.54,10.53,10.52,10.5,10.49,10.47,10.45,10.6,10.62,10.63,10.64,10.65,10.66,10.68,10.69,10.74,10.75,2100,2500,1000,7500,1500,1500,1300,500,7400,8300,700,2100,1000,2100,400,1000,1000,1500,1400,6800
308.0,10.58,96100,1020805.0,10.58,10.57,10.56,10.54,10.53,10.52,10.5,10.49,10.47,10.45,10.6,10.62,10.63,10.64,10.65,10.66,10.68,10.69,10.74,10.75,2100,2500,1000,7500,1500,1500,1300,500,7400,8300,700,2100,1000,2100,400,1000,1000,1500,1400,6800
309.0,10.6,96200,1021865.0,10.58,10.57,10.56,10.54,10.53,10.52,10.5,10.49,10.47,10.45,10.6,10.62,10.63,10.64,10.65,10.66,10.68,10.69,10.74,10.75,2100,2500,1000,7500,1500,1500,1300,500,7400,8300,600,2100,1000,2100,400,1000,1000,1500,1400,6800
310.0,10.6,96200,1021865.0,10.58,10.57,10.56,10.54,10.53,10.52,10.5,10.49,10.47,10.45,10.6,10.62,10.63,10.64,10.65,10.66,10.68,10.69,10.74,10.75,2100,2500,1000,7500,1500,1500,1300,500,7400,8300,700,2100,1000,2100,400,1000,1000,1500,1400,6800
311.0,10.6,96200,1021865.0,10.58,10.57,10.56,10.54,10.53,10.52,10.5,10.49,10.47,10.45,10.6,10.62,10.63,10.64,10.65,10.66,10.68,10.69,10.74,10.75,2100,2500,1000,7500,1500,1500,1300,500,7400,8300,700,2100,1000,2100,400,1000,1000,1500,1400,6700
312.0,10.6,96200,1021865.0,10.58,10.57,10.56,10.54,10.53,10.52,10.5,10.49,10.47,10.45,10.6,10.62,10.63,10.64,10.65,10.66,10.68,10.69,10.74,10.75,2100,2500,1000,7500,1500,1500,1300,500,7400,8300,700,2100,1000,2100,400,1000,1000,1500,1400,6700
313.0,10.6,96200,1021865.0,10.58,10.57,10.56,10.54,10.53,10.52,10.5,10.49,10.47,10.45,10.6,10.62,10.63,10.64,10.65,10.66,10.68,10.69,10.74,10.75,2100,2500,1000,7500,1500,1500,1300,500,7400,8300,700,2100,1000,2100,400,1000,1000,1500,1400,6700
314.0,10.6,96200,1021865.0,10.58,10.57,10.56,10.54,10.53,10.52,10.5,10.49,10.47,10.45,10.6,10.62,10.63,10.64,10.65,10.66,10.68,10.69,10.74,10.75,2100,2500,1000,7500,1500,1500,1300,500,7400,8300,700,2100,1000,2100,400,1000,1000,1500,1400,6700
315.0,10.6,96200,1021865.0,10.58,10.57,10.56,10.54,10.53,10.52,10.5,10.49,10.47,10.45,10.6,10.62,10.63,10.64,10.65,10.66,10.68,10.69,10.74,10.75,2100,2500,1000,7500,1500,1500,1300,500,7400,8300,700,2100,1000,2100,400,1000,1000,1500,1400,6700
316.0,10.6,96200,1021865.0,10.58,10.57,10.56,10.54,10.53,10.52,10.5,10.49,10.47,10.45,10.6,10.62,10.63,10.64,10.65,10.66,10.68,10.69,10.74,10.75,2100,2500,1000,7500,1500,1500,1300,500,7400,8300,700,2100,1000,2100,400,1000,1000,1500,1400,6700
317.0,10.6,96200,1021865.0,10.58,10.57,10.56,10.54,10.53,10.52,10.5,10.49,10.47,10.45,10.6,10.62,10.63,10.64,10.65,10.66,10.68,10.69,10.74,10.75,2100,2500,1000,7500,1500,1500,1300,500,7400,8300,700,2100,1000,2100,400,1000,1000,1500,1400,6700
318.0,10.6,96200,1021865.0,10.58,10.57,10.56,10.54,10.53,10.52,10.5,10.49,10.47,10.45,10.6,10.62,10.63,10.64,10.65,10.66,10.68,10.69,10.74,10.75,2100,2500,1000,7500,1500,1500,1300,500,7400,8300,700,2100,1000,2100,400,1000,1000,1500,1400,6700
319.0,10.6,96200,1021865.0,10.58,10.57,10.56,10.54,10.53,10.52,10.5,10.49,10.47,10.45,10.6,10.62,10.63,10.64,10.65,10.66,10.68,10.69,10.74,10.75,2100,2500,1000,7500,1500,1500,1300,500,7400,8300,700,2100,1000,2100,400,1000,1000,1500,1400,6700
320.0,10.6,96200,1021865.0,10.58,10.57,10.56,10.54,10.53,10.52,10.5,10.49,10.47,10.45,10.6,10.62,10.63,10.64,10.65,10.66,10.68,10.69,10.74,10.75,2100,2500,1000,7500,1500,1500,1300,500,7400,8300,700,2100,1000,2100,400,1000,1000,1500,1400,6700
321.0,10.6,96300,1022925.0,10.58,10.57,10.56,10.54,10.53,10.52,10.5,10.49,10.47,10.45,10.6,10.62,10.63,10.64,10.65,10.66,10.68,10.69,10.74,10.75,2100,2500,1000,7500,1500,1500,1300,500,7400,8300,600,2100,1000,2100,400,1000,1000,1500,1400,6700
322.0,10.6,96300,1022925.0,10.58,10.57,10.56,10.54,10.53,10.52,10.5,10.49,10.47,10.45,10.6,10.62,10.63,10.64,10.65,10.66,10.68,10.69,10.74,10.75,2100,2500,1000,7500,1500,1500,1300,500,7400,8300,600,2100,1000,2100,400,1000,1000,1500,1400,6700
323.0,10.6,96300,1022925.0,10.58,10.57,10.56,10.54,10.53,10.52,10.5,10.49,10.47,10.45,10.6,10.62,10.63,10.64,10.65,10.66,10.68,10.69,10.74,10.75,2100,2500,1000,7500,1500,1500,1300,500,7400,8300,600,2100,1000,2100,400,1000,1000,1500,1400,6700
324.0,10.6,96300,1022925.0,10.58,10.57,10.56,10.54,10.53,10.52,10.5,10.49,10.47,10.45,10.6,10.62,10.63,10.64,10.65,10.66,10.68,10.69,10.74,10.75,2100,2500,1000,7500,1500,1500,1300,500,7400,8300,600,2100,1000,2100,400,1000,1000,1500,1400,6700
325.0,10.6,96300,1022925.0,10.58,10.56,10.54,10.53,10.52,10.5,10.49,10.47,10.45,10.43,10.6,10.62,10.63,10.64,10.65,10.66,10.68,10.69,10.74,10.75,2100,1000,7500,1500,1500,1300,500,7400,8300,7600,1000,2100,1000,2100,400,1000,1000,1500,1400,6700
326.0,10.6,96400,1023985.0,10.58,10.56,10.54,10.53,10.52,10.5,10.49,10.47,10.45,10.43,10.6,10.62,10.63,10.64,10.65,10.66,10.68,10.69,10.74,10.75,2100,1000,7500,1500,1500,1300,500,7400,8300,7600,900,2100,1000,2100,400,1000,1000,1500,1400,6700
327.0,10.6,96400,1023985.0,10.58,10.56,10.54,10.53,10.52,10.5,10.49,10.47,10.45,10.43,10.6,10.62,10.63,10.64,10.65,10.66,10.68,10.69,10.74,10.75,2100,1000,7500,1500,1500,1300,500,7400,8300,7600,900,2100,1000,2100,400,1000,1000,1500,1400,6700
328.0,10.6,96400,1023985.0,10.58,10.56,10.54,10.53,10.52,10.5,10.49,10.47,10.45,10.43,10.6,10.62,10.63,10.64,10.65,10.66,10.68,10.69,10.74,10.75,2100,1000,7500,1500,1500,1300,500,7400,8300,7600,900,2100,1000,2100,400,1000,1000,1500,1400,6700
329.0,10.58,97600,1036681.0,10.58,10.56,10.54,10.53,10.52,10.5,10.49,10.47,10.45,10.43,10.59,10.6,10.62,10.63,10.64,10.65,10.66,10.68,10.69,10.74,700,1100,7500,1500,1500,1300,500,7400,8300,7600,100,900,2100,1000,2100,400,1000,1000,1500,1400
330.0,10.58,97600,1036681.0,10.58,10.56,10.54,10.53,10.52,10.5,10.49,10.47,10.45,10.43,10.59,10.6,10.62,10.63,10.64,10.65,10.66,10.68,10.69,10.74,700,1100,200,1500,1500,1300,500,7400,8300,7600,100,900,2100,1000,2100,400,1000,1000,1500,1400
331.0,10.58,97600,1036681.0,10.58,10.56,10.54,10.53,10.52,10.5,10.49,10.47,10.45,10.43,10.59,10.6,10.62,10.63,10.64,10.65,10.66,10.68,10.69,10.74,700,1300,200,1500,1500,1300,500,7400,8300,7600,100,900,2100,1000,2100,400,1000,1000,1500,1400
332.0,10.58,97800,1038797.0,10.58,10.56,10.54,10.53,10.52,10.5,10.49,10.47,10.45,10.43,10.59,10.6,10.62,10.63,10.64,10.65,10.66,10.68,10.69,10.74,500,1200,200,1500,1500,1300,8000,7400,8300,7600,100,900,2100,1000,2100,400,1000,1000,1500,1400
333.0,10.58,97800,1038797.0,10.58,10.56,10.54,10.53,10.52,10.5,10.49,10.47,10.45,10.43,10.59,10.6,10.62,10.63,10.64,10.65,10.66,10.68,10.69,10.74,500,1200,200,1500,1500,1300,8000,7400,8300,7600,100,900,2100,1000,2100,400,1000,1000,1500,1400
334.0,10.58,98300,1044087.0,10.56,10.54,10.53,10.52,10.5,10.49,10.47,10.45,10.43,10.38,10.58,10.59,10.6,10.62,10.63,10.64,10.65,10.66,10.68,10.69,1300,200,1500,1500,1300,8000,7400,8300,7600,500,9000,100,900,2100,1000,2100,400,1000,1000,1500
335.0,10.56,98400,1045143.0,10.56,10.54,10.53,10.52,10.5,10.49,10.47,10.45,10.43,10.38,10.58,10.59,10.6,10.62,10.63,10.64,10.65,10.66,10.68,10.69,1100,200,1500,1500,1300,8000,7400,8300,7600,500,9000,100,900,2100,1000,2100,400,1000,1000,1500
336.0,10.58,100200,1064187.0,10.56,10.54,10.53,10.52,10.5,10.49,10.47,10.45,10.43,10.38,10.58,10.59,10.6,10.62,10.63,10.64,10.65,10.66,10.68,10.69,1100,200,1500,1500,1300,8000,7400,8300,7600,500,7200,100,900,2100,1000,2100,400,1000,1000,1500
337.0,10.58,100200,1064187.0,10.56,10.54,10.53,10.52,10.5,10.49,10.47,10.45,10.43,10.38,10.58,10.59,10.6,10.62,10.63,10.64,10.65,10.66,10.68,10.69,1100,200,1500,1500,1300,8000,7400,8300,7600,500,7200,100,900,2100,1000,2100,400,1000,1000,1500
338.0,10.58,100200,1064187.0,10.56,10.54,10.53,10.52,10.5,10.49,10.47,10.45,10.43,10.38,10.58,10.59,10.6,10.62,10.63,10.64,10.65,10.66,10.68,10.69,1100,200,1500,1500,1300,8000,7400,8300,7600,500,7200,100,900,2100,1000,2100,400,1000,1000,1500
339.0,10.58,100200,1064187.0,10.56,10.54,10.53,10.52,10.5,10.49,10.47,10.45,10.43,10.38,10.58,10.59,10.6,10.62,10.63,10.64,10.65,10.66,10.68,10.69,1100,200,1500,1500,1300,8000,7400,8300,7600,500,7200,100,900,2100,1000,2100,400,1000,1000,1500
340.0,10.58,100900,1071593.0,10.56,10.54,10.53,10.52,10.5,10.49,10.47,10.45,10.43,10.38,10.58,10.59,10.6,10.62,10.63,10.64,10.65,10.66,10.68,10.69,1100,200,1500,1500,1300,8000,7400,8300,7600,500,6500,100,900,2100,1000,2100,400,1000,1000,1500
341.0,10.58,100900,1071593.0,10.56,10.54,10.53,10.52,10.5,10.49,10.47,10.45,10.43,10.38,10.58,10.59,10.6,10.62,10.63,10.64,10.65,10.66,10.68,10.69,1100,200,1500,1500,1300,8000,7400,8300,7600,500,6500,100,900,2100,1000,2100,400,1000,1000,1500
342.0,10.58,100900,1071593.0,10.56,10.54,10.53,10.52,10.5,10.49,10.47,10.45,10.43,10.38,10.58,10.59,10.6,10.62,10.63,10.64,10.65,10.66,10.68,10.69,1100,200,1500,1500,1300,8000,7400,8300,7600,500,6500,100,900,2100,1000,2100,400,1000,1000,1500
343.0,10.57,102600,1089558.0,10.54,10.53,10.52,10.5,10.49,10.47,10.45,10.43,10.38,10.34,10.57,10.58,10.59,10.6,10.63,10.64,10.65,10.66,10.68,10.69,3300,1500,1500,1300,8000,7400,8300,7600,500,500,300,6300,100,500,1000,1100,400,1000,1000,1500
344.0,10.58,103600,1100122.0,10.56,10.55,10.54,10.53,10.52,10.5,10.49,10.47,10.45,10.43,10.58,10.59,10.6,10.63,10.64,10.65,10.66,10.68,10.69,10.74,3000,2300,2900,1500,1500,1300,8000,7400,8300,7600,6000,100,500,1000,1100,400,1000,1000,1500,1400
345.0,10.58,103600,1100122.0,10.56,10.55,10.54,10.53,10.52,10.5,10.49,10.47,10.45,10.43,10.58,10.59,10.6,10.63,10.64,10.65,10.66,10.68,10.69,10.74,3000,2300,2900,1500,1500,1300,8000,7400,8300,7600,6000,100,500,1000,1100,400,1000,1000,1500,1400
346.0,10.58,106700,1132920.0,10.57,10.56,10.55,10.54,10.53,10.52,10.5,10.49,10.47,10.45,10.58,10.59,10.6,10.63,10.64,10.65,10.66,10.68,10.69,10.74,2200,2900,2300,2900,1500,1500,1300,8000,7400,8300,2900,100,500,1000,1100,400,1000,1000,1500,1400
347.0,10.58,107200,1138210.0,10.57,10.56,10.55,10.54,10.53,10.52,10.5,10.49,10.47,10.45,10.58,10.59,10.6,10.63,10.64,10.65,10.66,10.68,10.69,10.74,2400,2900,2300,2900,1500,1500,1300,8000,7400,8300,2400,100,500,1000,1100,400,1000,1000,1500,1400
348.0,10.58,107200,1138210.0,10.57,10.56,10.55,10.54,10.53,10.52,10.5,10.49,10.47,10.45,10.58,10.59,10.6,10.63,10.64,10.65,10.66,10.68,10.69,10.74,2400,2900,2300,2900,1500,1500,1300,8000,7400,8300,2400,100,500,1000,1100,400,1000,1000,1500,1400
349.0,10.58,107200,1138210.0,10.57,10.56,10.55,10.54,10.53,10.52,10.5,10.49,10.47,10.45,10.58,10.59,10.6,10.63,10.64,10.65,10.66,10.68,10.69,10.74,2400,2900,2300,2900,1500,1500,1300,8000,7400,8300,2400,100,500,1000,1100,400,1000,1000,1500,1400
350.0,10.58,107400,1140326.0,10.57,10.56,10.55,10.54,10.53,10.52,10.5,10.49,10.47,10.45,10.58,10.59,10.6,10.63,10.64,10.65,10.66,10.68,10.69,10.74,2400,2900,2300,2900,1500,1500,1300,8000,7400,8300,2200,100,500,1000,1100,400,1000,1000,1500,1400
351.0,10.58,107700,1143500.0,10.57,10.56,10.55,10.54,10.53,10.52,10.5,10.49,10.47,10.45,10.58,10.59,10.6,10.63,10.64,10.65,10.66,10.68,10.69,10.74,2400,2900,2300,2900,1500,1500,1300,8000,7400,8300,1900,100,500,1000,1100,400,1000,1000,1500,1400
352.0,10.58,107800,1144558.0,10.57,10.56,10.55,10.54,10.53,10.52,10.5,10.49,10.47,10.45,10.58,10.59,10.6,10.63,10.64,10.65,10.66,10.68,10.69,10.74,2400,2900,2300,2900,1500,1500,1300,8000,7400,8300,1800,100,500,1000,1100,400,1000,1000,1500,1400
353.0,10.58,107900,1145616.0,10.57,10.56,10.55,10.54,10.53,10.52,10.5,10.49,10.47,10.45,10.58,10.59,10.6,10.63,10.64,10.65,10.66,10.68,10.69,10.74,2400,2900,2300,2900,1500,1500,1300,8000,7400,8300,1700,100,500,1000,1100,400,1000,1000,1500,1400
354.0,10.58,107900,1145616.0,10.57,10.56,10.55,10.54,10.53,10.52,10.5,10.49,10.47,10.46,10.58,10.59,10.6,10.63,10.64,10.65,10.66,10.68,10.69,10.74,2400,2900,2300,2900,1500,1500,1300,8000,7400,1000,1700,100,500,1000,1100,400,1000,1000,1500,1400
355.0,10.58,108200,1148790.0,10.57,10.56,10.55,10.54,10.53,10.52,10.5,10.49,10.47,10.46,10.58,10.59,10.6,10.63,10.64,10.65,10.66,10.68,10.69,10.74,2400,2900,2300,2900,1500,1500,1300,8000,7400,1000,1000,100,500,1000,1100,400,1000,1000,1500,1400
356.0,10.59,109300,1160429.0,10.59,10.58,10.57,10.56,10.55,10.54,10.53,10.52,10.5,10.49,10.6,10.63,10.64,10.65,10.66,10.68,10.69,10.74,10.75,10.76,1500,5100,2300,2900,2300,2800,1500,1500,1300,8000,500,1000,1100,400,1000,1000,1500,1400,2100,2200
357.0,10.59,109300,1160429.0,10.59,10.58,10.57,10.56,10.55,10.54,10.53,10.52,10.5,10.49,10.6,10.63,10.64,10.65,10.66,10.68,10.69,10.74,10.75,10.76,1500,5100,2300,2900,2300,2800,1500,1500,1300,8000,500,1000,1100,400,1000,1000,1500,1400,2100,2200
358.0,10.59,109300,1160429.0,10.59,10.58,10.57,10.56,10.55,10.54,10.53,10.52,10.5,10.49,10.6,10.63,10.64,10.65,10.66,10.68,10.69,10.74,10.75,10.76,1500,5100,2300,2900,2300,2800,1500,1500,1300,8000,500,1000,1100,400,1000,1000,1500,1400,2100,2200
359.0,10.59,109500,1162547.0,10.59,10.58,10.57,10.56,10.55,10.54,10.53,10.52,10.5,10.49,10.6,10.63,10.64,10.65,10.66,10.68,10.69,10.74,10.75,10.76,1300,5100,2300,2900,2300,2800,1500,1500,1300,8000,500,1000,1100,400,1000,1000,1500,1400,2100,2200
360.0,10.59,109500,1162547.0,10.59,10.58,10.57,10.56,10.55,10.54,10.53,10.52,10.5,10.49,10.6,10.63,10.64,10.65,10.66,10.68,10.69,10.74,10.75,10.76,1300,5100,2300,2900,2300,2800,1500,1500,1300,8000,500,1000,1100,400,1000,1000,1500,1400,2100,2200
361.0,10.59,109500,1162547.0,10.59,10.58,10.57,10.56,10.55,10.54,10.53,10.52,10.5,10.49,10.6,10.63,10.64,10.65,10.66,10.68,10.69,10.74,10.75,10.76,1300,5100,2300,2900,2300,2800,1500,1500,1300,8000,500,1000,1100,400,1000,1000,1500,6000,2100,2200
362.0,10.59,109700,1164665.0,10.59,10.58,10.57,10.56,10.55,10.54,10.53,10.52,10.5,10.49,10.6,10.63,10.64,10.65,10.66,10.68,10.69,10.74,10.75,10.76,1100,5100,2300,2900,2300,2800,1500,1500,1300,8000,500,1000,1100,400,1000,1000,1500,6000,2100,2200
363.0,10.59,109700,1164665.0,10.59,10.58,10.57,10.56,10.55,10.54,10.53,10.52,10.5,10.49,10.6,10.63,10.64,10.65,10.66,10.68,10.69,10.74,10.75,10.76,1100,5100,2300,2900,2300,2800,1500,1500,1300,8000,500,1000,1100,400,1000,1000,1500,6000,2100,2200
364.0,10.59,109700,1164665.0,10.59,10.58,10.57,10.56,10.55,10.54,10.53,10.52,10.5,10.49,10.6,10.63,10.64,10.65,10.66,10.68,10.69,10.74,10.75,10.76,1100,5100,1100,2900,2000,2800,1500,1500,1300,8000,500,1000,1100,400,1000,1000,1500,6000,2100,2200
365.0,10.59,110700,1175255.0,10.59,10.58,10.57,10.56,10.55,10.54,10.53,10.52,10.5,10.49,10.6,10.63,10.64,10.65,10.66,10.68,10.69,10.74,10.75,10.76,100,5100,1100,2900,2000,2800,1500,1700,1300,8000,500,1000,1100,400,1000,1000,1500,6000,2100,2200
366.0,10.59,110700,1175255.0,10.59,10.58,10.57,10.56,10.55,10.54,10.53,10.52,10.5,10.49,10.6,10.63,10.64,10.65,10.66,10.68,10.69,10.74,10.75,10.76,100,5100,1100,2900,2000,2800,1500,1700,1300,8000,500,1000,1100,400,1000,1000,1500,6000,2100,2200
367.0,10.6,110800,1176315.0,10.59,10.58,10.57,10.53,10.52,10.51,10.5,10.49,10.47,10.46,10.6,10.63,10.64,10.65,10.66,10.68,10.69,10.74,10.75,10.76,100,5100,1100,1500,1700,8000,1300,8000,7400,1000,400,1000,1100,400,1000,1000,1500,6000,2100,2200
368.0,10.59,111400,1182674.0,10.58,10.57,10.53,10.52,10.51,10.5,10.49,10.47,10.46,10.45,10.59,10.63,10.64,10.65,10.66,10.68,10.69,10.74,10.75,10.76,5100,1200,1500,1700,8000,1300,8000,7400,1000,8300,100,1000,1100,400,1000,1000,1500,6000,2100,2200
369.0,10.59,111400,1182674.0,10.58,10.57,10.53,10.52,10.51,10.5,10.49,10.47,10.46,10.45,10.59,10.63,10.64,10.65,10.66,10.68,10.69,10.74,10.75,10.76,5100,1200,1500,1700,8000,1300,8000,7400,1000,8300,100,1000,1100,400,1000,1000,1500,6000,2100,2200
370.0,10.59,111400,1182674.0,10.58,10.57,10.53,10.52,10.51,10.5,10.49,10.47,10.46,10.45,10.59,10.63,10.64,10.65,10.66,10.68,10.69,10.74,10.75,10.76,5100,1200,1500,1700,8000,1300,8000,7400,1000,8300,100,1000,1100,400,1000,1000,1500,6000,2100,2200
371.0,10.59,111400,1182674.0,10.58,10.57,10.53,10.52,10.51,10.5,10.49,10.47,10.46,10.45,10.59,10.63,10.64,10.65,10.66,10.68,10.69,10.74,10.75,10.76,5100,1200,1500,1700,8000,1300,8000,7400,1000,8300,100,1000,1100,400,1000,1000,1500,6000,2100,2200
372.0,10.59,111700,1185851.0,10.58,10.57,10.53,10.52,10.51,10.5,10.49,10.47,10.46,10.45,10.59,10.63,10.64,10.65,10.66,10.68,10.69,10.74,10.75,10.76,5100,1100,1500,1700,8000,1300,8000,7400,1000,8300,2200,1000,1100,400,1000,1000,1500,6000,2100,2200
373.0,10.59,112100,1190087.0,10.58,10.57,10.53,10.52,10.51,10.5,10.49,10.47,10.46,10.45,10.59,10.63,10.64,10.65,10.66,10.68,10.69,10.74,10.75,10.76,5100,1100,1500,1700,8000,1300,8000,7400,1000,8300,1800,1000,1100,400,1000,1000,1500,6000,2100,2200
374.0,10.59,112100,1190087.0,10.58,10.57,10.53,10.52,10.51,10.5,10.49,10.47,10.46,10.45,10.59,10.63,10.64,10.65,10.66,10.68,10.69,10.74,10.75,10.76,5100,1100,1500,1700,8000,1300,8000,7400,1000,8300,1800,1000,1100,400,1000,1000,1500,6000,2100,2200
375.0,10.59,112100,1190087.0,10.58,10.57,10.53,10.52,10.51,10.5,10.49,10.47,10.46,10.45,10.59,10.63,10.64,10.65,10.66,10.68,10.69,10.74,10.75,10.76,5100,1100,1500,1700,8000,1300,8000,7400,1000,8300,1800,1000,1100,400,1000,1000,1500,6000,2100,2200
376.0,10.59,112200,1191146.0,10.58,10.57,10.53,10.52,10.51,10.5,10.49,10.47,10.46,10.45,10.59,10.63,10.64,10.65,10.66,10.68,10.69,10.74,10.75,10.76,5100,1100,1500,1700,8000,1300,8000,7400,1000,8300,1700,1000,1100,400,1000,1000,1500,6000,2100,2200
377.0,10.59,112200,1191146.0,10.58,10.57,10.53,10.52,10.51,10.5,10.49,10.47,10.46,10.45,10.59,10.63,10.64,10.65,10.66,10.68,10.69,10.74,10.75,10.76,5100,1100,1500,1700,8000,1300,8000,7400,1000,8300,1700,1000,1100,400,1000,1000,1500,6000,2100,2200
378.0,10.59,112500,1194323.0,10.58,10.57,10.53,10.52,10.51,10.5,10.49,10.47,10.46,10.45,10.59,10.63,10.64,10.65,10.66,10.68,10.69,10.74,10.75,10.76,5100,1100,1500,1700,8000,1300,8000,7400,1000,8300,1400,1000,1100,400,1000,1000,1500,6000,2100,2200
379.0,10.59,112600,1195382.0,10.58,10.57,10.53,10.52,10.51,10.5,10.49,10.47,10.46,10.45,10.59,10.63,10.64,10.65,10.66,10.68,10.69,10.74,10.75,10.76,5100,1100,1500,1700,8000,1300,8000,7400,1000,8300,1300,1000,1100,400,1000,1000,1500,6000,2100,2200
380.0,10.59,112600,1195382.0,10.58,10.57,10.53,10.52,10.51,10.5,10.49,10.47,10.46,10.45,10.59,10.63,10.64,10.65,10.66,10.68,10.69,10.74,10.75,10.76,5100,1100,1500,1700,8000,1300,8000,7400,1000,8300,1300,1000,1100,400,1000,1000,1500,6000,2100,2200
381.0,10.59,112700,1196441.0,10.58,10.57,10.53,10.52,10.51,10.5,10.49,10.47,10.46,10.45,10.59,10.63,10.64,10.65,10.66,10.68,10.69,10.74,10.75,10.76,5100,1100,1500,1700,8000,1300,8000,7400,1000,8300,1200,1000,1100,400,1000,1000,1500,6000,2100,2200
382.0,10.59,112800,1197500.0,10.58,10.57,10.53,10.52,10.51,10.5,10.49,10.47,10.46,10.45,10.59,10.63,10.64,10.65,10.66,10.68,10.69,10.74,10.75,10.76,5100,1100,1500,1700,8000,1300,8000,7400,1000,8300,1100,1000,1100,400,1000,1000,1500,6000,2100,2200
383.0,10.59,112800,1197500.0,10.58,10.57,10.53,10.52,10.51,10.5,10.49,10.47,10.46,10.45,10.59,10.63,10.64,10.65,10.66,10.68,10.69,10.74,10.75,10.76,5100,1100,1500,1700,8000,1300,8000,7400,1000,8300,1100,1000,1100,400,1000,1000,1500,6000,2100,2200
384.0,10.59,112800,1197500.0,10.58,10.57,10.53,10.52,10.51,10.5,10.49,10.47,10.46,10.45,10.59,10.63,10.64,10.65,10.66,10.68,10.69,10.74,10.75,10.76,5100,1100,1500,1700,8000,1300,8000,7400,1000,8300,1100,1000,1100,400,1000,1000,1500,6000,2100,2200
385.0,10.59,112900,1198559.0,10.58,10.57,10.53,10.52,10.51,10.5,10.49,10.47,10.46,10.45,10.59,10.63,10.64,10.65,10.66,10.68,10.69,10.74,10.75,10.76,5100,1100,1500,1700,8000,1300,8000,7400,1000,8300,1000,1000,1100,400,1000,1000,1500,6000,2100,2200
386.0,10.59,112900,1198559.0,10.58,10.57,10.53,10.52,10.51,10.5,10.49,10.47,10.46,10.45,10.59,10.63,10.64,10.65,10.66,10.68,10.69,10.74,10.75,10.76,5100,1100,1500,1700,8000,1300,8000,7400,1000,8300,1000,1000,1100,400,1000,1000,1500,6000,2100,2200
387.0,10.59,112900,1198559.0,10.58,10.57,10.53,10.52,10.51,10.5,10.49,10.47,10.46,10.45,10.59,10.63,10.64,10.65,10.66,10.68,10.69,10.74,10.75,10.76,5100,1200,2500,1700,8000,1300,8000,7400,1000,8300,1000,1000,1100,400,1000,1000,1500,6000,2100,2200
388.0,10.59,113100,1200677.0,10.58,10.57,10.53,10.52,10.51,10.5,10.49,10.47,10.46,10.45,10.59,10.63,10.64,10.65,10.66,10.68,10.69,10.74,10.75,10.76,5100,1200,2500,1700,8000,1300,8000,7400,1000,8300,800,1000,1100,400,1000,1000,1500,6000,2100,2200
389.0,10.59,113100,1200677.0,10.58,10.57,10.53,10.52,10.51,10.5,10.49,10.47,10.46,10.45,10.59,10.63,10.64,10.65,10.66,10.68,10.69,10.74,10.75,10.76,5100,1200,2500,1700,8000,1300,8000,7400,1000,8300,800,1000,1100,400,1000,1000,1500,6000,2100,2200
390.0,10.59,113200,1201736.0,10.58,10.57,10.53,10.52,10.51,10.5,10.49,10.47,10.46,10.45,10.59,10.63,10.64,10.65,10.66,10.68,10.69,10.74,10.75,10.76,5100,1200,2500,1700,8000,1300,8000,7400,1000,8300,700,1000,1100,400,1000,1000,1500,6000,2100,2200
391.0,10.59,113200,1201736.0,10.58,10.57,10.53,10.52,10.51,10.5,10.49,10.47,10.46,10.45,10.59,10.63,10.64,10.65,10.66,10.68,10.69,10.74,10.75,10.76,5100,1200,2500,1700,8000,1300,8000,7400,1000,8300,700,1000,1100,400,1000,1000,1500,6000,2100,2200
392.0,10.59,113200,1201736.0,10.58,10.57,10.53,10.52,10.51,10.5,10.49,10.47,10.46,10.45,10.59,10.63,10.64,10.65,10.66,10.68,10.69,10.74,10.75,10.76,5100,1200,2500,1700,8000,1300,8000,7400,1000,8300,700,1000,1100,400,1000,1000,1500,6000,2100,2200
393.0,10.59,113200,1201736.0,10.58,10.57,10.53,10.52,10.51,10.5,10.49,10.47,10.46,10.45,10.59,10.63,10.64,10.65,10.66,10.68,10.69,10.74,10.75,10.76,5100,1200,2500,1700,8000,1300,8000,7400,1000,8300,700,1000,1100,400,1000,1000,1500,6000,2100,2200
394.0,10.59,113200,1201736.0,10.58,10.57,10.53,10.52,10.51,10.5,10.49,10.47,10.46,10.45,10.59,10.63,10.64,10.65,10.66,10.68,10.69,10.74,10.75,10.76,5100,1200,2500,1700,8000,1300,8000,7400,1000,8300,700,1000,1100,400,1000,1000,1500,6000,2100,2200
395.0,10.59,113200,1201736.0,10.58,10.57,10.53,10.52,10.51,10.5,10.49,10.47,10.46,10.45,10.59,10.63,10.64,10.65,10.66,10.68,10.69,10.74,10.75,10.76,5100,1200,2500,1700,8000,1300,8000,7400,1000,8300,700,1000,1100,400,1000,1000,1500,6000,2100,2200
396.0,10.59,113200,1201736.0,10.58,10.57,10.53,10.52,10.51,10.5,10.49,10.47,10.46,10.45,10.59,10.63,10.64,10.65,10.66,10.68,10.69,10.74,10.75,10.76,5100,1200,2500,1700,8000,1300,8000,7400,1000,8300,700,1000,1100,400,1000,1000,1500,6000,2100,2200
397.0,10.58,118300,1255694.0,10.57,10.53,10.52,10.51,10.5,10.49,10.47,10.46,10.45,10.43,10.58,10.59,10.63,10.64,10.65,10.66,10.68,10.69,10.74,10.75,1100,2500,1700,8000,1300,8000,7400,1000,8300,7600,3800,700,1000,1100,400,1000,1000,1500,6000,2100
398.0,10.57,118800,1260982.0,10.57,10.53,10.52,10.51,10.5,10.49,10.47,10.46,10.45,10.43,10.58,10.59,10.63,10.64,10.65,10.66,10.68,10.69,10.74,10.75,900,2500,1700,8000,1300,8000,7400,1000,8300,7600,3500,700,1000,1100,400,1000,1000,1500,6000,2100
399.0,10.57,118800,1260982.0,10.57,10.53,10.52,10.51,10.5,10.49,10.47,10.46,10.45,10.43,10.58,10.59,10.63,10.64,10.65,10.66,10.68,10.69,10.74,10.75,900,2500,1700,8000,1300,8000,7400,1000,8300,7600,3500,700,1000,1100,400,1000,1000,1500,6000,2100
400.0,10.57,118800,1260982.0,10.57,10.53,10.52,10.51,10.5,10.49,10.47,10.46,10.45,10.43,10.58,10.59,10.63,10.64,10.65,10.66,10.68,10.69,10.74,10.75,900,2500,1700,8000,1300,8000,7400,1000,8300,7600,3500,700,1000,1100,400,1000,1000,1500,6000,2100
401.0,10.57,120000,1273676.0,10.57,10.53,10.52,10.51,10.5,10.49,10.47,10.46,10.45,10.43,10.58,10.59,10.63,10.64,10.65,10.66,10.68,10.69,10.74,10.75,700,2500,1700,8000,1300,8000,7400,1000,8300,7600,2500,700,1000,1100,400,1000,1000,1500,6000,2100
402.0,10.57,120000,1273676.0,10.57,10.53,10.52,10.51,10.5,10.49,10.47,10.46,10.45,10.43,10.58,10.59,10.63,10.64,10.65,10.66,10.68,10.69,10.74,10.75,700,2500,1700,8000,1300,8000,7400,1000,8300,7600,2500,700,1000,1100,400,1000,1000,1500,6000,2100
403.0,10.58,120300,1276850.0,10.57,10.53,10.52,10.51,10.5,10.49,10.47,10.46,10.45,10.43,10.58,10.59,10.63,10.64,10.65,10.66,10.68,10.69,10.74,10.75,700,2500,1700,8000,1300,8000,7400,1000,8300,7600,2200,800,1000,1100,400,1000,1000,1500,6000,2100
404.0,10.58,120300,1276850.0,10.57,10.53,10.52,10.51,10.5,10.49,10.47,10.46,10.45,10.43,10.58,10.59,10.63,10.64,10.65,10.66,10.68,10.69,10.74,10.75,700,2500,1700,8000,1300,8000,7400,1000,8300,7600,2200,800,1000,1100,400,1000,1000,1500,6000,2100
405.0,10.58,120500,1278966.0,10.57,10.53,10.52,10.51,10.5,10.49,10.47,10.46,10.45,10.43,10.58,10.59,10.63,10.64,10.65,10.66,10.68,10.69,10.74,10.75,700,2500,1700,8000,1300,8000,7400,1000,8300,7600,2000,800,1000,1100,400,1000,1000,1500,6000,2100
406.0,10.58,120500,1278966.0,10.57,10.53,10.52,10.51,10.5,10.49,10.47,10.46,10.45,10.43,10.58,10.59,10.63,10.64,10.65,10.66,10.68,10.69,10.74,10.75,700,2500,1700,8000,1300,8000,7400,1000,8300,7600,2000,800,1000,1100,400,1000,1000,1500,6000,2100
407.0,10.58,120500,1278966.0,10.57,10.53,10.52,10.51,10.5,10.49,10.47,10.46,10.45,10.43,10.58,10.59,10.63,10.64,10.65,10.66,10.68,10.69,10.74,10.75,700,2500,1700,8000,1300,8000,7400,1000,8300,7600,2000,800,1000,1100,400,1000,1000,1500,6000,2100
408.0,10.58,120700,1281082.0,10.57,10.53,10.52,10.51,10.5,10.49,10.47,10.46,10.45,10.43,10.58,10.59,10.63,10.64,10.65,10.66,10.68,10.69,10.74,10.75,700,2500,1700,8000,1300,8000,7400,1000,8300,7600,1800,800,1000,1100,400,1000,1000,1500,6000,2100
409.0,10.58,120700,1281082.0,10.57,10.53,10.52,10.51,10.5,10.49,10.47,10.46,10.45,10.43,10.58,10.59,10.63,10.64,10.65,10.66,10.68,10.69,10.74,10.75,700,2500,1700,8000,1300,8000,7400,1000,8300,7600,1800,100,1000,1100,400,1000,1000,1500,6000,2100
410.0,10.57,121000,1284254.0,10.57,10.53,10.52,10.51,10.5,10.49,10.47,10.46,10.45,10.43,10.58,10.59,10.63,10.64,10.65,10.66,10.68,10.69,10.74,10.75,500,2500,1700,8000,1300,8000,7400,1000,8300,7600,1700,100,1000,1100,400,1000,1000,1500,6000,2100
411.0,10.58,121100,1285312.0,10.57,10.53,10.52,10.51,10.5,10.49,10.47,10.46,10.45,10.43,10.58,10.59,10.63,10.64,10.65,10.66,10.68,10.69,10.74,10.75,500,2500,1700,8000,1300,8000,7400,1000,8300,7600,1600,100,1000,1100,400,1000,1000,1500,6000,2100
