LocalTime,LastPrice,TradeVolume,TradeValue,BidPrice1,BidPrice2,BidPrice3,BidPrice4,BidPrice5,BidPrice6,BidPrice7,BidPrice8,BidPrice9,BidPriceA,AskPrice1,AskPrice2,AskPrice3,AskPrice4,AskPrice5,AskPrice6,AskPrice7,AskPrice8,AskPrice9,AskPriceA,BidVolume1,BidVolume2,BidVolume3,BidVolume4,BidVolume5,BidVolume6,BidVolume7,BidVolume8,BidVolume9,BidVolumeA,AskVolume1,AskVolume2,AskVolume3,AskVolume4,AskVolume5,AskVolume6,AskVolume7,AskVolume8,AskVolume9,AskVolumeA
0.0,28.62,200,5724.0,28.5,28.38,28.31,28.2,28.15,28.11,28.09,28.08,28.07,28.01,28.88,28.97,28.98,28.99,29.0,29.09,29.19,29.36,29.4,29.5,500,1100,500,100,1000,300,100,500,100,200,200,500,200,100,3000,400,200,9400,500,700
1.0,28.62,200,5724.0,28.5,28.38,28.31,28.2,28.15,28.11,28.09,28.08,28.07,28.01,28.88,28.97,28.98,28.99,29.0,29.09,29.19,29.36,29.4,29.5,500,1100,500,100,1000,300,100,500,100,200,200,500,200,100,3200,400,200,9400,500,700
2.0,28.62,200,5724.0,28.5,28.38,28.31,28.2,28.15,28.11,28.09,28.08,28.07,28.01,28.88,28.93,28.97,28.98,28.99,29.0,29.09,29.19,29.36,29.4,500,1100,500,100,1000,300,100,500,100,200,200,100,500,1200,100,3200,400,200,9400,500
3.0,28.62,200,5724.0,28.5,28.38,28.31,28.2,28.15,28.11,28.09,28.08,28.07,28.01,28.65,28.78,28.88,28.93,28.97,28.98,28.99,29.0,29.09,29.19,500,1100,500,100,1000,300,100,500,100,200,5500,1000,200,100,500,1400,100,3200,400,200
4.0,28.62,200,5724.0,28.5,28.4,28.39,28.38,28.35,28.31,28.3,28.2,28.15,28.11,28.65,28.78,28.88,28.93,28.97,28.98,28.99,29.0,29.09,29.19,500,1000,1000,1100,600,500,300,100,1000,300,5500,1000,200,100,900,1400,100,3200,400,200
5.0,28.5,300,8574.0,28.5,28.4,28.39,28.38,28.35,28.31,28.3,28.2,28.15,28.11,28.65,28.78,28.86,28.87,28.88,28.93,28.97,28.98,28.99,29.0,400,1000,1000,1100,600,500,300,100,1000,300,5500,1000,200,300,200,100,900,1400,100,3200
6.0,28.5,400,11424.0,28.5,28.4,28.39,28.38,28.35,28.31,28.3,28.2,28.15,28.11,28.65,28.78,28.86,28.87,28.88,28.93,28.97,28.98,28.99,29.0,300,1000,1000,1100,600,500,300,100,1000,300,5500,1000,200,300,200,100,900,1400,100,3200
7.0,28.5,1400,39924.0,28.4,28.39,28.38,28.35,28.31,28.3,28.2,28.15,28.11,28.09,28.5,28.65,28.78,28.86,28.87,28.88,28.93,28.96,28.97,28.98,1000,1000,1100,600,500,300,100,1000,300,100,300,5500,1000,200,300,200,100,600,900,1500
8.0,28.5,1400,39924.0,28.4,28.39,28.38,28.35,28.31,28.3,28.2,28.17,28.15,28.11,28.5,28.65,28.78,28.86,28.87,28.88,28.93,28.96,28.97,28.98,1000,1000,1100,600,500,300,100,200,1000,300,400,5500,1000,200,300,200,100,600,900,1500
9.0,28.5,2500,71304.0,28.5,28.4,28.39,28.38,28.35,28.31,28.3,28.2,28.17,28.15,28.65,28.78,28.86,28.88,28.93,28.96,28.97,28.98,28.99,29.0,700,1000,1000,1100,600,500,300,100,200,1000,5300,1000,200,200,100,600,900,1500,1900,3600
10.0,28.5,2500,71304.0,28.5,28.4,28.39,28.38,28.35,28.31,28.3,28.2,28.17,28.15,28.65,28.78,28.86,28.88,28.93,28.96,28.97,28.98,28.99,29.0,1500,1000,1000,1100,600,500,300,100,200,1000,5300,1000,200,200,100,600,900,1500,1900,3600
11.0,28.5,4000,114054.0,28.4,28.39,28.38,28.35,28.31,28.3,28.2,28.17,28.15,28.11,28.5,28.64,28.65,28.78,28.86,28.88,28.93,28.96,28.97,28.98,1000,1000,1100,600,500,300,100,200,1000,300,900,100,5600,1000,200,200,100,600,900,1500
12.0,28.5,4000,114054.0,28.4,28.39,28.38,28.35,28.31,28.3,28.2,28.17,28.15,28.11,28.49,28.5,28.64,28.65,28.78,28.86,28.88,28.93,28.96,28.97,1000,1000,1100,600,500,300,100,200,1000,300,100,900,300,5600,1000,200,200,100,600,900
13.0,28.5,4000,114054.0,28.4,28.39,28.38,28.35,28.31,28.3,28.2,28.17,28.15,28.11,28.49,28.5,28.64,28.65,28.78,28.86,28.88,28.93,28.96,28.97,1000,1000,1100,600,500,300,100,200,1000,300,100,900,300,5600,1000,200,200,100,600,900
14.0,28.5,4000,114054.0,28.4,28.39,28.38,28.35,28.31,28.3,28.2,28.17,28.15,28.11,28.49,28.5,28.64,28.65,28.78,28.86,28.88,28.93,28.96,28.97,1000,1000,1100,600,500,300,100,200,1000,300,100,700,300,5600,1000,200,200,100,600,900
15.0,28.5,4000,114054.0,28.4,28.39,28.38,28.35,28.31,28.3,28.2,28.17,28.15,28.11,28.49,28.5,28.64,28.65,28.78,28.86,28.88,28.93,28.96,28.97,1000,1000,1100,600,500,300,100,200,1000,300,100,700,300,5600,1000,200,200,100,600,900
16.0,28.5,4000,114054.0,28.4,28.39,28.38,28.35,28.31,28.3,28.2,28.17,28.15,28.11,28.49,28.5,28.64,28.65,28.78,28.86,28.88,28.93,28.96,28.97,1000,1000,1100,600,500,300,100,200,1000,300,100,700,300,5600,1000,200,200,100,600,900
17.0,28.5,4000,114054.0,28.4,28.39,28.38,28.35,28.31,28.3,28.2,28.17,28.15,28.11,28.49,28.5,28.64,28.65,28.78,28.86,28.88,28.93,28.96,28.97,1000,1000,1100,600,500,300,100,8500,1000,8600,100,700,300,5600,1000,200,200,100,600,900
18.0,28.5,4000,114054.0,28.4,28.39,28.38,28.35,28.31,28.3,28.22,28.2,28.17,28.15,28.49,28.5,28.64,28.65,28.78,28.86,28.88,28.93,28.96,28.97,1000,1000,1100,600,500,300,8100,100,8500,1000,100,700,300,5600,1000,200,200,100,600,900
19.0,28.5,4000,114054.0,28.41,28.4,28.39,28.38,28.35,28.31,28.3,28.22,28.2,28.17,28.49,28.5,28.64,28.65,28.78,28.86,28.88,28.93,28.96,28.97,200,1000,1000,1100,600,500,300,8100,100,8500,100,700,300,5600,1000,200,200,100,600,900
20.0,28.5,4000,114054.0,28.41,28.4,28.39,28.38,28.35,28.31,28.3,28.22,28.2,28.17,28.49,28.5,28.64,28.65,28.78,28.86,28.88,28.93,28.96,28.97,200,1000,1000,1100,600,500,300,8100,100,8500,100,700,300,5600,1000,200,200,100,600,900
21.0,28.5,4000,114054.0,28.41,28.4,28.39,28.38,28.35,28.31,28.3,28.22,28.2,28.17,28.49,28.5,28.64,28.65,28.78,28.86,28.88,28.93,28.96,28.97,200,1000,1000,1100,600,500,300,8100,100,8500,100,700,300,5600,1000,200,200,100,600,900
22.0,28.5,4000,114054.0,28.41,28.4,28.39,28.38,28.35,28.31,28.3,28.22,28.2,28.17,28.49,28.5,28.64,28.65,28.78,28.86,28.88,28.93,28.96,28.97,200,1000,1000,1100,600,500,300,8100,100,8500,100,700,300,5600,1000,200,200,100,600,900
23.0,28.5,4000,114054.0,28.41,28.4,28.39,28.38,28.35,28.31,28.3,28.22,28.2,28.17,28.49,28.5,28.64,28.65,28.78,28.86,28.88,28.93,28.96,28.97,200,1000,1000,1100,600,500,300,8100,100,8500,100,700,300,5600,1000,200,200,100,600,900
24.0,28.5,4000,114054.0,28.41,28.4,28.39,28.38,28.35,28.31,28.3,28.22,28.2,28.17,28.49,28.5,28.64,28.65,28.78,28.86,28.88,28.93,28.96,28.97,200,1000,1000,1100,600,500,300,8100,100,8500,100,700,300,5600,1000,200,200,100,600,900
25.0,28.5,4000,114054.0,28.41,28.4,28.39,28.38,28.35,28.31,28.3,28.22,28.2,28.17,28.49,28.5,28.64,28.65,28.78,28.86,28.88,28.93,28.96,28.97,200,1000,1000,1100,600,500,300,8100,100,8500,100,700,300,5600,1000,200,200,100,600,900
26.0,28.5,4000,114054.0,28.41,28.4,28.39,28.38,28.35,28.31,28.3,28.22,28.2,28.17,28.5,28.64,28.65,28.78,28.86,28.88,28.93,28.96,28.97,28.98,200,1000,1000,1100,600,500,300,8100,100,8500,700,300,5600,1000,200,200,100,600,900,1500
27.0,28.43,4700,133969.0,28.41,28.4,28.39,28.38,28.35,28.31,28.3,28.22,28.2,28.17,28.5,28.64,28.65,28.78,28.86,28.88,28.93,28.96,28.97,28.98,200,1000,1000,1100,600,500,300,8100,100,8500,500,300,5600,1000,200,200,100,600,900,1500
28.0,28.5,4900,139669.0,28.41,28.4,28.39,28.38,28.35,28.31,28.3,28.22,28.2,28.17,28.5,28.64,28.65,28.78,28.86,28.88,28.93,28.96,28.97,28.98,200,1000,1000,1100,600,500,300,8100,100,8500,300,300,5600,1000,200,200,100,600,900,1500
29.0,28.5,4900,139669.0,28.41,28.4,28.39,28.38,28.35,28.31,28.3,28.22,28.2,28.17,28.5,28.64,28.65,28.78,28.86,28.88,28.93,28.96,28.97,28.98,300,1000,1000,1100,600,500,300,8100,100,8500,300,300,5600,1000,200,200,100,600,900,1500
30.0,28.5,4900,139669.0,28.41,28.4,28.39,28.38,28.35,28.31,28.3,28.22,28.2,28.17,28.5,28.64,28.65,28.78,28.86,28.88,28.93,28.96,28.97,28.98,300,1000,1000,1100,600,500,300,8100,100,8500,100,300,5600,1000,200,200,100,600,900,1500
31.0,28.5,4900,139669.0,28.41,28.4,28.39,28.38,28.35,28.31,28.3,28.22,28.2,28.17,28.5,28.64,28.65,28.78,28.86,28.88,28.93,28.96,28.97,28.98,300,1000,1000,1100,600,500,300,8100,100,8500,100,300,5600,1000,200,200,100,600,900,1500
32.0,28.5,4900,139669.0,28.41,28.4,28.39,28.38,28.35,28.31,28.3,28.22,28.2,28.17,28.5,28.64,28.65,28.78,28.86,28.88,28.93,28.96,28.97,28.98,300,1000,1000,1100,600,500,300,8100,100,8500,100,300,5600,1000,200,200,100,600,900,1500
33.0,28.5,4900,139669.0,28.41,28.4,28.39,28.38,28.35,28.31,28.3,28.22,28.2,28.17,28.5,28.64,28.65,28.78,28.86,28.88,28.93,28.96,28.97,28.98,300,1000,1000,1100,600,500,300,8100,100,8500,100,300,5600,1000,200,200,100,600,900,1500
34.0,28.5,4900,139669.0,28.41,28.4,28.39,28.38,28.35,28.31,28.3,28.22,28.2,28.17,28.5,28.64,28.65,28.78,28.86,28.88,28.93,28.96,28.97,28.98,100,1000,1000,1100,600,500,300,8100,100,8500,100,300,5600,1000,200,200,100,600,900,1500
35.0,28.5,4900,139669.0,28.41,28.4,28.39,28.38,28.35,28.31,28.3,28.22,28.2,28.17,28.5,28.64,28.65,28.78,28.86,28.88,28.93,28.96,28.97,28.98,100,1000,1000,1100,600,500,300,8100,100,8500,100,300,5600,1000,200,200,100,600,900,1500
36.0,28.5,4900,139669.0,28.42,28.41,28.4,28.39,28.38,28.35,28.31,28.3,28.22,28.2,28.5,28.64,28.65,28.78,28.86,28.88,28.93,28.96,28.97,28.98,1300,100,1000,1000,1100,600,500,300,8100,100,100,300,5600,1000,200,200,100,600,900,1500
37.0,28.5,4900,139669.0,28.42,28.41,28.4,28.39,28.38,28.35,28.31,28.3,28.22,28.2,28.5,28.64,28.65,28.78,28.86,28.88,28.93,28.96,28.97,28.98,1300,100,1000,1000,1100,600,500,300,8100,100,100,300,5600,1000,200,200,100,600,900,1500
38.0,28.5,4900,139669.0,28.42,28.41,28.4,28.39,28.38,28.35,28.31,28.3,28.22,28.2,28.5,28.64,28.65,28.78,28.86,28.88,28.93,28.96,28.97,28.98,1300,100,1000,1000,1100,600,500,300,8100,100,100,300,5600,1000,200,200,100,600,900,1500
39.0,28.5,4900,139669.0,28.42,28.41,28.4,28.39,28.38,28.35,28.31,28.3,28.22,28.2,28.5,28.64,28.65,28.78,28.86,28.88,28.93,28.96,28.97,28.98,1300,100,1000,1000,1100,600,500,300,8100,100,100,300,5600,1000,200,200,100,600,900,1500
40.0,28.5,5000,142519.0,28.5,28.42,28.41,28.4,28.39,28.38,28.35,28.31,28.3,28.22,28.64,28.65,28.78,28.86,28.88,28.93,28.96,28.97,28.98,28.99,100,1300,100,1000,1000,1100,600,500,300,8100,300,5600,1000,200,200,100,600,900,1500,1900
41.0,28.5,5000,142519.0,28.5,28.42,28.41,28.4,28.39,28.38,28.35,28.31,28.3,28.22,28.64,28.65,28.77,28.78,28.86,28.88,28.93,28.96,28.97,28.98,100,1300,100,1000,1000,1100,600,500,300,8100,300,5600,500,1000,200,200,100,600,900,1500
42.0,28.5,5000,142519.0,28.5,28.42,28.41,28.4,28.39,28.38,28.35,28.31,28.3,28.22,28.62,28.63,28.64,28.65,28.77,28.78,28.86,28.88,28.93,28.96,100,1300,100,1000,1000,1100,600,500,300,8100,300,200,300,5600,500,1000,200,200,100,600
43.0,28.5,5000,142519.0,28.5,28.42,28.41,28.4,28.39,28.38,28.35,28.31,28.3,28.22,28.62,28.63,28.64,28.65,28.77,28.78,28.86,28.88,28.93,28.96,100,1300,100,1000,1000,1100,600,500,300,8100,300,200,300,5600,500,1000,200,200,100,600
44.0,28.5,5100,145369.0,28.42,28.41,28.4,28.39,28.38,28.35,28.31,28.3,28.22,28.2,28.5,28.62,28.63,28.64,28.65,28.77,28.78,28.86,28.88,28.93,1300,100,1000,1000,1100,600,500,300,8100,100,300,300,200,300,5600,500,1000,200,200,100
45.0,28.5,5100,145369.0,28.42,28.41,28.4,28.39,28.38,28.35,28.31,28.3,28.22,28.2,28.5,28.61,28.62,28.63,28.64,28.65,28.77,28.78,28.86,28.88,1300,100,1000,1000,1100,600,500,300,8100,100,300,600,300,200,300,5600,500,1000,200,200
46.0,28.5,5100,145369.0,28.42,28.41,28.4,28.39,28.38,28.35,28.31,28.3,28.22,28.2,28.5,28.61,28.62,28.63,28.64,28.65,28.77,28.78,28.86,28.88,1300,100,1000,1000,1100,600,500,300,8100,100,300,600,300,200,300,5600,500,1000,200,200
47.0,28.5,5100,145369.0,28.42,28.41,28.4,28.39,28.38,28.35,28.31,28.3,28.22,28.2,28.5,28.61,28.62,28.63,28.64,28.65,28.77,28.78,28.86,28.88,1300,100,1000,1000,1100,600,500,300,8100,100,300,600,300,200,300,5600,500,1000,200,200
48.0,28.42,5500,156737.0,28.42,28.41,28.4,28.39,28.38,28.35,28.31,28.3,28.22,28.2,28.5,28.61,28.62,28.63,28.64,28.65,28.77,28.78,28.86,28.88,900,100,1000,1000,1100,600,500,300,8100,100,300,600,300,200,300,5600,500,1000,200,200
49.0,28.5,5600,159587.0,28.42,28.41,28.4,28.39,28.38,28.35,28.31,28.3,28.22,28.2,28.5,28.61,28.62,28.63,28.64,28.65,28.77,28.78,28.86,28.88,900,100,1000,1000,1100,600,500,300,8100,100,200,600,300,200,300,5600,500,1000,200,200
50.0,28.5,5600,159587.0,28.42,28.41,28.4,28.39,28.38,28.35,28.31,28.3,28.22,28.2,28.5,28.61,28.62,28.63,28.64,28.65,28.77,28.78,28.86,28.88,900,100,1000,1000,1100,600,500,300,8100,100,200,600,300,200,300,5600,500,1000,200,200
51.0,28.5,5600,159587.0,28.42,28.41,28.4,28.39,28.38,28.35,28.31,28.3,28.22,28.2,28.5,28.61,28.62,28.63,28.64,28.65,28.77,28.78,28.86,28.88,900,100,1000,1000,1100,600,500,300,8100,100,200,600,300,200,300,5600,500,1000,200,200
52.0,28.5,5600,159587.0,28.42,28.41,28.4,28.39,28.38,28.35,28.31,28.3,28.22,28.2,28.5,28.61,28.62,28.63,28.64,28.65,28.77,28.78,28.86,28.88,900,100,1000,1000,1100,600,500,300,8100,100,200,600,300,200,300,5600,500,1000,200,200
53.0,28.42,5700,162429.0,28.42,28.41,28.4,28.39,28.38,28.35,28.31,28.3,28.22,28.2,28.5,28.61,28.62,28.63,28.64,28.65,28.77,28.78,28.86,28.88,800,100,1000,1000,1100,600,500,300,8100,100,200,300,300,200,300,5600,500,1000,200,200
54.0,28.42,5700,162429.0,28.42,28.41,28.4,28.39,28.38,28.35,28.31,28.3,28.22,28.2,28.5,28.61,28.62,28.63,28.64,28.65,28.77,28.78,28.86,28.88,800,100,1000,1000,1100,600,500,300,8100,100,200,200,300,200,300,5600,500,1000,200,200
55.0,28.42,5700,162429.0,28.42,28.41,28.4,28.39,28.38,28.35,28.31,28.3,28.22,28.2,28.5,28.61,28.62,28.63,28.64,28.65,28.77,28.78,28.86,28.88,800,100,1000,1000,1100,600,500,300,8100,100,200,200,300,200,300,5600,500,1000,200,200
56.0,28.42,5700,162429.0,28.46,28.42,28.41,28.4,28.39,28.38,28.35,28.31,28.3,28.22,28.5,28.62,28.64,28.65,28.77,28.78,28.86,28.88,28.93,28.96,1100,800,100,1000,1000,1100,600,500,300,8100,200,300,300,5600,500,1000,200,200,100,600
57.0,28.42,5700,162429.0,28.46,28.42,28.41,28.4,28.39,28.38,28.35,28.31,28.3,28.22,28.5,28.62,28.64,28.65,28.77,28.78,28.86,28.88,28.93,28.96,1100,800,100,1000,1000,1100,600,500,300,8100,200,300,300,5600,500,1000,200,200,100,600
58.0,28.42,5700,162429.0,28.46,28.42,28.41,28.4,28.39,28.38,28.35,28.31,28.3,28.22,28.5,28.62,28.64,28.65,28.77,28.78,28.86,28.88,28.93,28.96,1100,800,100,1000,1000,1100,600,500,300,8100,200,300,300,5600,500,1000,200,200,100,600
59.0,28.42,5700,162429.0,28.46,28.42,28.41,28.4,28.39,28.38,28.35,28.31,28.3,28.22,28.5,28.62,28.64,28.65,28.77,28.78,28.86,28.88,28.93,28.96,1100,800,100,1000,1000,1100,600,500,300,8100,200,300,300,5600,500,1000,200,200,100,600
60.0,28.42,5700,162429.0,28.46,28.42,28.41,28.4,28.39,28.38,28.35,28.31,28.3,28.22,28.5,28.62,28.64,28.65,28.77,28.78,28.86,28.88,28.93,28.96,1100,800,100,1000,1000,1100,600,500,300,8100,200,300,300,5600,500,1000,200,200,100,600
61.0,28.42,5700,162429.0,28.46,28.42,28.41,28.4,28.39,28.38,28.35,28.31,28.3,28.22,28.5,28.62,28.64,28.65,28.77,28.78,28.86,28.88,28.93,28.96,1100,800,100,1000,1000,1100,600,500,300,8100,200,300,300,5600,500,1000,200,200,100,600
62.0,28.42,5700,162429.0,28.46,28.42,28.41,28.4,28.39,28.38,28.35,28.31,28.3,28.22,28.5,28.62,28.64,28.65,28.77,28.78,28.86,28.88,28.93,28.96,1100,800,100,1000,1000,1100,600,500,300,8100,200,300,300,5600,500,1000,200,200,100,600
63.0,28.42,5700,162429.0,28.46,28.42,28.41,28.4,28.39,28.38,28.35,28.31,28.3,28.22,28.5,28.62,28.64,28.65,28.77,28.78,28.86,28.88,28.93,28.96,1100,800,100,1000,1000,1100,600,500,300,8100,200,300,300,5600,500,1000,200,200,100,600
64.0,28.42,5700,162429.0,28.46,28.42,28.41,28.4,28.39,28.38,28.35,28.31,28.3,28.22,28.5,28.62,28.64,28.65,28.77,28.78,28.86,28.88,28.93,28.96,1100,800,100,1000,1000,1100,600,500,300,8100,200,300,300,5600,500,1000,200,200,100,600
65.0,28.42,5700,162429.0,28.47,28.46,28.42,28.41,28.4,28.39,28.38,28.35,28.31,28.3,28.49,28.5,28.62,28.64,28.65,28.77,28.78,28.86,28.88,28.93,100,1100,800,400,1000,1000,1100,600,500,300,400,200,300,100,5600,500,1000,200,200,100
66.0,28.42,5700,162429.0,28.47,28.46,28.42,28.41,28.4,28.39,28.38,28.35,28.31,28.3,28.49,28.5,28.62,28.64,28.65,28.77,28.78,28.86,28.88,28.93,100,1100,800,400,1000,1000,1100,600,500,300,400,200,300,100,5600,500,1000,200,200,100
67.0,28.42,5700,162429.0,28.47,28.46,28.42,28.41,28.4,28.39,28.38,28.35,28.31,28.3,28.49,28.5,28.62,28.64,28.65,28.77,28.78,28.86,28.88,28.93,100,1100,800,400,1000,1000,1100,600,500,300,400,200,300,100,5300,500,1000,200,200,100
68.0,28.5,6200,176675.0,28.51,28.49,28.47,28.46,28.42,28.41,28.4,28.39,28.38,28.35,28.62,28.64,28.65,28.7,28.77,28.78,28.86,28.88,28.93,28.96,100,600,1100,1100,800,400,1000,1000,1100,600,300,100,5300,100,500,1000,200,200,100,600
69.0,28.64,6600,188125.0,28.54,28.53,28.52,28.51,28.49,28.47,28.46,28.42,28.41,28.4,28.65,28.7,28.77,28.78,28.86,28.88,28.93,28.96,28.97,28.98,600,400,400,100,600,1100,1100,800,400,1000,5300,100,500,1000,200,200,100,600,900,1500
70.0,28.64,6600,188125.0,28.54,28.53,28.52,28.51,28.49,28.47,28.46,28.42,28.41,28.4,28.65,28.7,28.77,28.78,28.86,28.88,28.93,28.96,28.97,28.98,600,400,400,100,600,1100,1100,800,400,1000,5300,100,500,1000,200,200,100,600,900,1500
71.0,28.64,6600,188125.0,28.55,28.54,28.51,28.49,28.47,28.46,28.42,28.41,28.4,28.39,28.65,28.7,28.77,28.78,28.86,28.88,28.93,28.96,28.97,28.98,400,600,100,600,1100,1100,800,400,1000,1000,5300,100,500,1000,200,200,100,600,900,1500
72.0,28.64,6600,188125.0,28.55,28.51,28.49,28.47,28.46,28.42,28.41,28.4,28.39,28.38,28.65,28.7,28.77,28.78,28.86,28.88,28.93,28.96,28.97,28.98,400,100,600,1100,1100,800,400,1000,1000,1100,5300,100,500,1000,200,200,100,600,900,1500
73.0,28.65,6900,196720.0,28.55,28.49,28.47,28.46,28.42,28.41,28.4,28.39,28.38,28.35,28.65,28.7,28.77,28.78,28.86,28.88,28.93,28.96,28.97,28.98,400,600,1100,1100,800,400,1000,1000,1100,600,5000,100,500,1000,200,200,100,600,900,1300
74.0,28.65,6900,196720.0,28.55,28.47,28.46,28.42,28.41,28.4,28.39,28.38,28.35,28.31,28.65,28.7,28.77,28.78,28.86,28.88,28.93,28.96,28.97,28.98,400,1100,1100,800,400,1000,1000,1100,600,500,5000,100,500,1000,200,200,100,600,900,1300
75.0,28.65,7500,213910.0,28.55,28.47,28.46,28.42,28.41,28.4,28.39,28.38,28.35,28.31,28.65,28.7,28.77,28.78,28.86,28.88,28.93,28.96,28.97,28.98,400,1100,1100,800,400,1000,1000,1100,600,500,4400,100,500,1000,200,200,100,600,900,1300
76.0,28.65,7800,222505.0,28.55,28.47,28.46,28.42,28.41,28.4,28.39,28.38,28.35,28.31,28.65,28.7,28.77,28.78,28.86,28.88,28.93,28.96,28.97,28.98,400,1100,1100,800,400,1000,1000,1100,600,500,4100,100,500,1000,200,200,100,600,900,1300
77.0,28.65,7800,222505.0,28.55,28.47,28.46,28.42,28.41,28.4,28.39,28.38,28.35,28.31,28.65,28.7,28.77,28.78,28.86,28.88,28.93,28.96,28.97,28.98,400,1100,1100,800,400,1000,1000,1100,600,500,4100,100,500,1000,200,200,100,600,900,1300
78.0,28.65,7800,222505.0,28.55,28.47,28.46,28.42,28.41,28.4,28.39,28.38,28.35,28.31,28.65,28.7,28.77,28.78,28.86,28.88,28.93,28.96,28.97,28.98,400,1100,1100,800,400,1000,1000,1100,600,500,4100,100,500,1000,200,200,100,600,900,1300
79.0,28.65,8100,231100.0,28.55,28.47,28.46,28.42,28.41,28.4,28.39,28.38,28.35,28.31,28.65,28.7,28.77,28.78,28.86,28.88,28.93,28.96,28.97,28.98,400,1100,1100,800,400,1000,1000,1100,600,500,3800,100,500,1000,200,200,100,600,900,1300
80.0,28.65,8100,231100.0,28.55,28.47,28.46,28.42,28.41,28.4,28.39,28.38,28.35,28.31,28.65,28.7,28.77,28.78,28.86,28.88,28.93,28.96,28.97,28.98,400,1100,1100,800,400,1000,1000,1100,600,500,3800,100,500,1000,200,200,100,600,900,1300
81.0,28.65,8400,239695.0,28.55,28.47,28.46,28.42,28.41,28.4,28.39,28.38,28.35,28.31,28.64,28.65,28.7,28.77,28.78,28.86,28.88,28.93,28.96,28.97,400,1000,1100,800,400,1000,1000,1100,600,500,200,3500,100,500,1000,200,200,100,600,900
82.0,28.65,8400,239695.0,28.55,28.47,28.46,28.42,28.41,28.4,28.39,28.38,28.35,28.31,28.64,28.65,28.7,28.77,28.78,28.86,28.88,28.93,28.96,28.97,500,1000,1100,800,400,1000,1000,1100,600,500,800,3500,100,500,1000,200,200,100,600,900
83.0,28.65,8400,239695.0,28.55,28.47,28.46,28.42,28.41,28.4,28.39,28.38,28.35,28.31,28.64,28.65,28.7,28.77,28.78,28.86,28.88,28.93,28.96,28.97,500,1000,1100,800,400,1000,1000,1100,600,500,900,3500,100,500,1000,200,200,100,600,900
84.0,28.65,8400,239695.0,28.55,28.47,28.46,28.42,28.41,28.4,28.39,28.38,28.35,28.31,28.64,28.65,28.7,28.77,28.78,28.86,28.88,28.93,28.96,28.97,500,1000,1100,800,400,1000,1000,1100,600,500,900,3500,100,500,1000,200,200,100,600,900
85.0,28.65,8400,239695.0,28.55,28.47,28.46,28.42,28.41,28.4,28.39,28.38,28.35,28.31,28.64,28.65,28.7,28.77,28.78,28.86,28.88,28.93,28.96,28.97,500,1000,1100,800,400,1000,1000,1100,600,500,900,3500,100,500,1000,200,200,100,600,900
86.0,28.65,8400,239695.0,28.55,28.47,28.46,28.42,28.41,28.4,28.39,28.38,28.35,28.31,28.64,28.65,28.7,28.77,28.78,28.86,28.88,28.93,28.96,28.97,500,1000,1100,800,400,1000,1000,1100,600,500,900,3500,100,500,1000,200,200,100,600,900
87.0,28.64,8500,242559.0,28.55,28.47,28.46,28.42,28.41,28.4,28.39,28.38,28.35,28.31,28.64,28.65,28.7,28.77,28.78,28.86,28.88,28.93,28.96,28.97,500,1000,1100,800,400,1000,1000,1100,600,500,800,3500,100,500,1000,200,200,100,600,900
88.0,28.64,8500,242559.0,28.55,28.47,28.46,28.42,28.41,28.4,28.39,28.38,28.35,28.31,28.64,28.65,28.7,28.77,28.78,28.86,28.88,28.93,28.96,28.97,500,1000,1100,800,400,1000,1000,1100,600,500,800,3500,100,500,1000,200,200,100,600,900
89.0,28.64,8500,242559.0,28.55,28.47,28.46,28.42,28.41,28.4,28.39,28.38,28.35,28.31,28.64,28.65,28.7,28.77,28.78,28.86,28.88,28.93,28.96,28.97,500,1000,1100,800,400,1000,1000,1100,600,500,800,3500,100,500,1000,200,200,100,600,900
90.0,28.64,8500,242559.0,28.55,28.47,28.46,28.42,28.41,28.4,28.39,28.38,28.35,28.31,28.64,28.65,28.7,28.77,28.78,28.86,28.88,28.93,28.96,28.97,500,1000,1100,800,400,1000,1000,1100,600,500,800,3500,100,500,1000,200,200,100,600,900
91.0,28.64,8500,242559.0,28.55,28.47,28.46,28.42,28.41,28.4,28.39,28.38,28.35,28.31,28.64,28.65,28.7,28.77,28.78,28.86,28.88,28.93,28.96,28.97,500,1000,1100,800,400,1000,1000,1100,600,500,800,3500,100,500,1000,200,200,100,600,900
92.0,28.64,8500,242559.0,28.55,28.47,28.46,28.42,28.41,28.4,28.39,28.38,28.35,28.31,28.64,28.65,28.77,28.78,28.86,28.88,28.93,28.96,28.97,28.98,500,1000,1100,800,400,1000,1000,1100,600,500,800,3500,500,1000,200,200,100,600,900,1300
93.0,28.64,8500,242559.0,28.55,28.47,28.46,28.42,28.41,28.4,28.39,28.38,28.35,28.31,28.64,28.65,28.77,28.78,28.86,28.88,28.93,28.96,28.97,28.98,500,1000,1100,800,400,1000,1000,1100,600,500,800,3500,500,1000,200,200,100,600,900,1300
94.0,28.64,8500,242559.0,28.55,28.47,28.46,28.42,28.41,28.4,28.39,28.38,28.35,28.31,28.64,28.65,28.77,28.78,28.86,28.88,28.93,28.96,28.97,28.98,500,1000,1100,800,300,1000,1000,1100,600,500,800,3500,500,1000,200,200,100,600,900,1300
95.0,28.64,8500,242559.0,28.55,28.47,28.46,28.42,28.41,28.4,28.39,28.38,28.35,28.31,28.64,28.65,28.77,28.78,28.86,28.88,28.93,28.96,28.97,28.98,500,1000,1100,800,300,1000,1000,1100,600,500,800,3500,500,1000,200,200,100,600,900,1300
96.0,28.64,8600,245423.0,28.55,28.47,28.46,28.42,28.41,28.4,28.39,28.38,28.35,28.31,28.64,28.65,28.77,28.78,28.86,28.88,28.93,28.96,28.97,28.98,500,1000,1100,800,300,1000,1000,1100,600,500,700,3500,500,1000,200,200,100,600,900,1300
97.0,28.64,8600,245423.0,28.55,28.47,28.46,28.42,28.41,28.4,28.39,28.38,28.35,28.31,28.64,28.65,28.77,28.78,28.86,28.88,28.93,28.96,28.97,28.98,500,1000,1100,800,300,1000,1000,1100,600,500,700,3500,500,1000,200,200,100,600,900,1300
98.0,28.64,8700,248287.0,28.55,28.47,28.46,28.43,28.42,28.41,28.4,28.39,28.38,28.35,28.64,28.65,28.77,28.78,28.86,28.88,28.93,28.96,28.97,28.98,500,1000,1100,1000,800,300,1000,1000,1100,600,600,3500,500,1000,200,200,100,600,900,1300
99.0,28.64,8700,248287.0,28.55,28.47,28.46,28.43,28.42,28.41,28.4,28.39,28.38,28.35,28.64,28.65,28.77,28.78,28.86,28.88,28.93,28.96,28.97,28.98,500,1000,1100,1000,800,300,1000,1000,1100,600,600,3500,500,1000,200,200,100,600,900,1300
100.0,28.64,8700,248287.0,28.55,28.47,28.46,28.43,28.42,28.41,28.4,28.39,28.38,28.35,28.64,28.65,28.77,28.78,28.86,28.88,28.93,28.96,28.97,28.98,500,1000,1100,1000,800,300,1000,1000,1100,600,600,3500,500,1000,200,200,100,600,900,1300
101.0,28.64,8700,248287.0,28.55,28.47,28.46,28.43,28.42,28.41,28.4,28.39,28.38,28.35,28.64,28.65,28.77,28.78,28.86,28.88,28.93,28.96,28.97,28.98,500,1000,1100,1000,800,300,1000,1000,1100,600,600,3500,500,1000,200,200,100,600,900,1300
102.0,28.64,8700,248287.0,28.55,28.47,28.46,28.43,28.42,28.41,28.4,28.39,28.38,28.35,28.64,28.65,28.77,28.78,28.86,28.88,28.93,28.96,28.97,28.98,500,1000,1100,1000,800,300,1000,1000,1100,600,600,3500,500,1000,200,200,100,600,900,1300
103.0,28.64,8700,248287.0,28.55,28.47,28.46,28.43,28.42,28.41,28.4,28.39,28.38,28.35,28.64,28.65,28.77,28.78,28.86,28.88,28.93,28.96,28.97,28.98,500,1000,1100,1000,800,300,1000,1000,1100,600,600,3500,500,1000,200,200,100,600,900,1300
104.0,28.64,8700,248287.0,28.55,28.47,28.46,28.43,28.42,28.41,28.4,28.39,28.38,28.35,28.64,28.65,28.77,28.78,28.86,28.88,28.93,28.96,28.97,28.98,500,1000,1100,1000,800,300,1000,1000,1100,600,600,3500,500,1000,200,200,100,600,900,1300
105.0,28.64,8700,248287.0,28.55,28.47,28.46,28.43,28.42,28.41,28.4,28.39,28.38,28.35,28.64,28.65,28.77,28.78,28.86,28.88,28.93,28.96,28.97,28.98,500,1000,1100,1000,800,300,1000,1000,1100,600,600,3500,500,1000,200,200,100,600,900,1300
106.0,28.64,8700,248287.0,28.55,28.47,28.46,28.43,28.42,28.41,28.4,28.39,28.38,28.35,28.64,28.65,28.77,28.78,28.86,28.88,28.93,28.96,28.97,28.98,500,1000,1100,1000,800,300,1000,1000,1100,600,600,3500,500,1000,200,200,100,600,900,1300
107.0,28.64,8700,248287.0,28.55,28.47,28.46,28.43,28.42,28.41,28.4,28.39,28.38,28.35,28.64,28.65,28.77,28.78,28.86,28.88,28.93,28.96,28.97,28.98,500,1000,1100,1000,800,300,1000,1000,1100,600,600,3500,500,1000,200,200,100,600,900,1300
108.0,28.64,8700,248287.0,28.55,28.47,28.46,28.43,28.42,28.41,28.4,28.39,28.38,28.35,28.64,28.65,28.77,28.78,28.86,28.88,28.93,28.96,28.97,28.98,500,1000,1100,1000,800,300,1000,1000,1100,600,600,3500,500,1000,200,200,100,600,900,1300
109.0,28.64,8800,251151.0,28.55,28.47,28.46,28.43,28.42,28.41,28.4,28.39,28.38,28.35,28.64,28.65,28.77,28.78,28.86,28.88,28.93,28.96,28.97,28.98,500,1000,1100,1000,800,300,1000,1000,1100,600,500,3500,500,1000,200,200,100,600,900,1300
110.0,28.64,8800,251151.0,28.55,28.47,28.46,28.43,28.42,28.41,28.4,28.39,28.38,28.35,28.64,28.65,28.77,28.78,28.86,28.88,28.93,28.96,28.97,28.98,500,1000,1100,1000,800,300,1000,1000,1100,600,500,3500,500,1000,200,200,100,600,900,1300
111.0,28.64,8800,251151.0,28.55,28.47,28.46,28.43,28.42,28.41,28.4,28.39,28.38,28.35,28.64,28.65,28.77,28.78,28.86,28.88,28.93,28.96,28.97,28.98,500,1000,1100,1000,800,300,1000,1000,1100,600,500,3500,500,1000,200,200,100,600,900,1300
112.0,28.64,8800,251151.0,28.55,28.47,28.46,28.43,28.42,28.41,28.4,28.39,28.38,28.35,28.64,28.65,28.77,28.78,28.86,28.88,28.93,28.96,28.97,28.98,500,1000,1100,1000,800,300,1000,1000,1100,600,500,3500,500,1000,200,200,100,600,900,1300
113.0,28.64,8800,251151.0,28.55,28.47,28.46,28.43,28.42,28.41,28.4,28.39,28.38,28.35,28.64,28.65,28.77,28.78,28.86,28.88,28.93,28.96,28.97,28.98,500,1000,1100,1000,800,300,1000,1000,1100,600,500,3500,500,1000,200,200,100,600,900,1300
114.0,28.64,8800,251151.0,28.55,28.47,28.46,28.43,28.42,28.41,28.4,28.39,28.38,28.35,28.64,28.65,28.77,28.78,28.86,28.88,28.93,28.96,28.97,28.98,500,1000,1100,1000,800,300,1000,1000,1100,600,500,3500,500,1000,200,200,100,600,900,1300
115.0,28.64,8800,251151.0,28.55,28.47,28.46,28.43,28.42,28.41,28.4,28.39,28.38,28.35,28.64,28.65,28.77,28.78,28.86,28.88,28.93,28.96,28.97,28.98,500,1000,1100,1000,800,300,1000,1000,1100,600,500,3500,500,1000,200,200,100,600,900,1300
116.0,28.64,8800,251151.0,28.55,28.47,28.46,28.43,28.42,28.41,28.4,28.39,28.38,28.35,28.64,28.65,28.77,28.78,28.86,28.88,28.93,28.96,28.97,28.98,500,1000,1100,1000,800,300,1000,1000,1100,600,500,3500,500,1000,200,200,100,600,900,1300
117.0,28.64,8800,251151.0,28.55,28.47,28.46,28.43,28.42,28.41,28.4,28.39,28.38,28.35,28.64,28.65,28.77,28.78,28.86,28.88,28.93,28.96,28.97,28.98,500,1000,1100,1000,800,300,1000,1000,1100,600,500,3500,500,1000,200,200,100,600,900,1300
118.0,28.64,8800,251151.0,28.55,28.47,28.46,28.43,28.42,28.41,28.4,28.39,28.38,28.35,28.64,28.65,28.77,28.78,28.86,28.88,28.93,28.96,28.97,28.98,500,1000,1100,1000,800,300,1000,1000,1100,600,500,3500,500,1000,200,200,100,600,900,1300
119.0,28.64,8800,251151.0,28.55,28.47,28.46,28.43,28.42,28.41,28.4,28.39,28.38,28.35,28.64,28.65,28.77,28.78,28.86,28.88,28.93,28.96,28.97,28.98,500,1000,1100,1000,800,300,1000,1000,1100,600,500,3500,500,1000,200,200,100,600,900,1300
120.0,28.64,8800,251151.0,28.55,28.47,28.46,28.43,28.42,28.41,28.4,28.39,28.38,28.35,28.64,28.65,28.77,28.78,28.86,28.88,28.93,28.96,28.97,28.98,500,1000,1100,1000,800,300,1000,1000,1100,600,500,3500,500,1000,200,200,100,600,900,1300
121.0,28.64,8900,254015.0,28.55,28.47,28.46,28.43,28.42,28.41,28.4,28.39,28.38,28.35,28.64,28.65,28.77,28.78,28.86,28.88,28.93,28.96,28.97,28.98,500,1000,1100,1000,800,300,1000,1000,1100,600,400,3500,500,1000,200,200,100,600,900,1300
122.0,28.64,8900,254015.0,28.55,28.47,28.46,28.43,28.42,28.41,28.4,28.39,28.38,28.35,28.64,28.65,28.77,28.78,28.86,28.88,28.93,28.96,28.97,28.98,500,1000,1100,1000,800,300,1000,1000,1100,600,400,3500,500,1000,200,200,100,600,900,1300
123.0,28.64,8900,254015.0,28.55,28.47,28.46,28.43,28.42,28.41,28.4,28.39,28.38,28.35,28.64,28.65,28.77,28.78,28.86,28.88,28.93,28.96,28.97,28.98,500,1000,1100,1000,800,300,1000,1000,1100,600,400,3500,500,1000,200,200,100,600,900,1300
124.0,28.64,8900,254015.0,28.55,28.47,28.46,28.43,28.42,28.41,28.4,28.39,28.38,28.35,28.64,28.65,28.77,28.78,28.8,28.86,28.88,28.93,28.96,28.97,500,1000,1100,1000,800,300,1000,1000,1100,600,400,3500,500,1000,500,200,200,100,600,900
125.0,28.64,8900,254015.0,28.55,28.47,28.46,28.43,28.42,28.41,28.4,28.39,28.38,28.35,28.64,28.65,28.77,28.78,28.8,28.86,28.88,28.93,28.96,28.97,500,1000,1100,1000,800,300,1000,1000,1100,600,400,3500,500,1000,500,200,200,100,600,900
126.0,28.64,8900,254015.0,28.55,28.47,28.46,28.43,28.42,28.41,28.4,28.39,28.38,28.35,28.64,28.65,28.77,28.78,28.8,28.86,28.88,28.93,28.96,28.97,500,1000,1100,1000,800,300,1000,1000,1100,600,400,3500,500,1000,500,200,200,100,600,900
127.0,28.64,8900,254015.0,28.55,28.47,28.46,28.43,28.42,28.41,28.4,28.39,28.38,28.35,28.64,28.65,28.77,28.78,28.8,28.86,28.88,28.93,28.96,28.97,500,1000,1100,1000,800,300,1000,1000,1100,600,400,3500,500,1000,500,200,200,100,600,900
128.0,28.64,8900,254015.0,28.57,28.56,28.55,28.47,28.46,28.43,28.42,28.41,28.4,28.39,28.64,28.65,28.77,28.78,28.8,28.86,28.88,28.93,28.96,28.97,100,1600,500,1000,1100,1000,800,300,1000,1000,300,3500,500,1000,500,200,200,100,600,900
129.0,28.64,8900,254015.0,28.57,28.56,28.55,28.47,28.46,28.43,28.42,28.41,28.4,28.39,28.64,28.65,28.77,28.78,28.8,28.86,28.88,28.93,28.96,28.97,100,1600,500,1000,1100,1000,800,300,1000,1000,300,3500,500,1000,500,200,200,100,600,900
130.0,28.64,8900,254015.0,28.57,28.56,28.55,28.47,28.46,28.43,28.42,28.41,28.4,28.39,28.64,28.65,28.77,28.78,28.8,28.86,28.88,28.93,28.96,28.97,100,1600,500,1000,1100,1000,800,300,1000,1000,300,3500,500,1000,500,200,200,100,600,900
131.0,28.64,9000,256879.0,28.58,28.57,28.56,28.47,28.46,28.43,28.42,28.41,28.4,28.39,28.64,28.65,28.77,28.78,28.8,28.86,28.88,28.93,28.96,28.97,100,100,1600,1000,1100,1000,800,300,1000,1000,200,3500,500,1000,500,200,200,100,600,900
132.0,28.64,9000,256879.0,28.58,28.57,28.56,28.47,28.46,28.43,28.42,28.41,28.4,28.39,28.64,28.65,28.77,28.78,28.8,28.86,28.88,28.93,28.96,28.97,100,100,1600,1000,1100,1000,800,300,1000,1000,200,3500,500,1000,500,200,200,100,600,900
133.0,28.64,9000,256879.0,28.58,28.57,28.56,28.47,28.46,28.43,28.42,28.41,28.4,28.39,28.64,28.65,28.77,28.78,28.8,28.86,28.88,28.93,28.96,28.97,100,100,1600,1000,1100,1000,800,300,1000,1000,200,3500,500,1000,500,200,200,100,600,900
134.0,28.64,9000,256879.0,28.58,28.57,28.56,28.47,28.46,28.43,28.42,28.41,28.4,28.39,28.64,28.65,28.77,28.78,28.8,28.86,28.88,28.93,28.96,28.97,200,100,1600,1000,1100,1000,800,300,1000,1000,200,3500,500,1000,500,200,200,100,600,900
135.0,28.64,9000,256879.0,28.58,28.57,28.56,28.47,28.46,28.43,28.42,28.41,28.4,28.39,28.64,28.65,28.77,28.78,28.8,28.86,28.88,28.93,28.96,28.97,200,100,1600,1000,1100,1000,800,300,1000,1000,200,3500,500,1000,500,200,200,100,600,900
136.0,28.64,9000,256879.0,28.58,28.57,28.56,28.47,28.46,28.43,28.42,28.41,28.4,28.39,28.64,28.65,28.77,28.78,28.8,28.86,28.88,28.93,28.96,28.97,200,100,1600,1000,1100,1000,800,300,1000,1000,200,3500,500,1000,500,200,200,100,600,900
137.0,28.64,9000,256879.0,28.58,28.57,28.56,28.47,28.46,28.43,28.42,28.41,28.4,28.39,28.64,28.65,28.77,28.78,28.8,28.86,28.88,28.93,28.96,28.97,200,100,1600,1000,1100,1000,800,300,1000,1000,200,3500,500,1000,500,200,200,100,600,900
138.0,28.64,9000,256879.0,28.58,28.57,28.56,28.47,28.46,28.43,28.42,28.41,28.4,28.39,28.64,28.65,28.77,28.78,28.8,28.86,28.88,28.93,28.96,28.97,200,100,1600,1000,1100,1000,800,300,1000,1000,200,3500,500,1000,500,200,200,100,600,900
139.0,28.64,9000,256879.0,28.58,28.57,28.56,28.47,28.46,28.43,28.42,28.41,28.4,28.39,28.64,28.65,28.77,28.78,28.8,28.86,28.88,28.93,28.96,28.97,200,100,1600,1000,1100,1000,800,300,1000,1000,200,3500,500,1000,500,200,200,100,600,900
140.0,28.64,9000,256879.0,28.58,28.57,28.56,28.47,28.46,28.43,28.42,28.41,28.4,28.39,28.64,28.65,28.77,28.78,28.8,28.86,28.88,28.93,28.96,28.97,200,100,1600,1000,1100,1000,800,300,1000,1000,200,3500,500,1000,500,200,200,100,600,900
141.0,28.58,9200,262595.0,28.56,28.47,28.46,28.43,28.42,28.41,28.4,28.39,28.38,28.35,28.58,28.64,28.65,28.77,28.78,28.8,28.86,28.88,28.93,28.96,1600,1000,1100,1000,800,300,1000,1000,1100,600,1700,200,3500,500,1000,500,200,200,100,600
142.0,28.58,9200,262595.0,28.56,28.47,28.46,28.43,28.42,28.41,28.4,28.39,28.38,28.35,28.58,28.64,28.65,28.77,28.78,28.8,28.86,28.88,28.93,28.96,1600,1000,1100,1000,800,300,1000,1000,1100,600,1700,200,3500,500,1000,500,200,200,100,600
143.0,28.58,9600,274027.0,28.56,28.47,28.46,28.43,28.42,28.41,28.4,28.39,28.38,28.35,28.58,28.64,28.65,28.77,28.78,28.8,28.86,28.88,28.93,28.96,1600,1000,1100,1000,800,800,1000,1000,1100,600,1300,200,3500,500,1000,500,200,200,100,600
144.0,28.58,9800,279743.0,28.56,28.47,28.46,28.43,28.42,28.41,28.4,28.39,28.38,28.35,28.58,28.64,28.65,28.77,28.78,28.8,28.86,28.88,28.93,28.96,1600,1000,1100,1000,800,800,1000,1000,1100,600,1100,200,3500,500,1000,500,200,200,100,600
145.0,28.58,10400,296891.0,28.56,28.47,28.46,28.43,28.42,28.41,28.4,28.39,28.38,28.35,28.58,28.64,28.65,28.77,28.78,28.8,28.86,28.88,28.93,28.96,1600,1000,1100,1000,800,800,1000,1000,1100,600,500,200,3500,500,1000,500,200,200,100,600
146.0,28.58,11000,314037.0,28.58,28.56,28.47,28.46,28.43,28.42,28.41,28.4,28.39,28.38,28.64,28.65,28.77,28.78,28.8,28.86,28.88,28.93,28.96,28.97,900,1500,1000,1100,1000,800,800,1000,1000,1100,200,3500,500,1000,500,200,200,100,600,900
147.0,28.58,11000,314037.0,28.58,28.56,28.47,28.46,28.43,28.42,28.41,28.4,28.39,28.38,28.64,28.65,28.77,28.78,28.8,28.86,28.88,28.93,28.96,28.97,900,1500,1000,1100,1000,800,800,1000,1000,1100,200,3500,500,1000,500,200,200,100,600,900
148.0,28.58,11000,314037.0,28.58,28.56,28.47,28.46,28.43,28.42,28.41,28.4,28.39,28.38,28.64,28.65,28.77,28.78,28.8,28.86,28.88,28.93,28.96,28.97,900,1500,1000,1100,1000,800,800,1000,1000,1100,200,3500,500,1000,500,200,200,100,600,900
149.0,28.58,11000,314037.0,28.58,28.56,28.47,28.46,28.43,28.42,28.41,28.4,28.39,28.38,28.65,28.77,28.78,28.8,28.86,28.88,28.93,28.96,28.97,28.98,900,1500,1000,1100,1000,800,800,1000,1000,1100,3500,500,1000,500,200,200,100,600,900,1300
150.0,28.65,11300,322632.0,28.58,28.56,28.47,28.46,28.43,28.42,28.41,28.4,28.39,28.38,28.65,28.77,28.78,28.8,28.86,28.88,28.93,28.96,28.97,28.98,900,1500,1000,1100,1000,800,800,1000,1000,1100,3200,500,1000,500,200,200,100,600,900,1300
151.0,28.65,11300,322632.0,28.58,28.56,28.47,28.46,28.43,28.42,28.41,28.4,28.39,28.38,28.65,28.77,28.78,28.8,28.86,28.88,28.93,28.96,28.97,28.98,500,1600,1000,1100,1000,800,800,1000,1000,1100,3200,500,1000,500,200,200,100,600,900,1300
152.0,28.65,11300,322632.0,28.58,28.56,28.47,28.46,28.43,28.42,28.41,28.4,28.39,28.38,28.65,28.77,28.78,28.8,28.86,28.88,28.93,28.96,28.97,28.98,500,1600,1000,1100,1000,800,800,1000,1000,1100,3200,500,1000,500,200,200,100,600,900,1300
153.0,28.65,11600,331227.0,28.58,28.56,28.47,28.46,28.43,28.42,28.41,28.4,28.39,28.38,28.65,28.77,28.78,28.8,28.86,28.88,28.93,28.96,28.97,28.98,500,1600,1000,1100,1000,800,800,1000,1000,1100,2900,500,1000,500,200,200,100,600,900,1300
154.0,28.65,11600,331227.0,28.58,28.56,28.47,28.46,28.43,28.42,28.41,28.4,28.39,28.38,28.65,28.77,28.78,28.8,28.86,28.88,28.93,28.96,28.97,28.98,500,1600,1000,1100,1000,800,800,1000,1000,1100,2900,500,1000,500,200,200,100,600,900,1300
155.0,28.65,12100,345552.0,28.58,28.56,28.47,28.46,28.43,28.42,28.41,28.4,28.39,28.38,28.65,28.77,28.78,28.8,28.86,28.88,28.93,28.96,28.97,28.98,500,1600,1000,1100,1000,800,800,1000,1000,1100,2400,500,1000,500,200,200,100,600,900,1300
156.0,28.65,12100,345552.0,28.58,28.56,28.47,28.46,28.43,28.42,28.41,28.4,28.39,28.38,28.65,28.77,28.78,28.8,28.86,28.88,28.93,28.96,28.97,28.98,500,1600,1000,1100,1000,800,800,1000,1000,1100,2400,500,1000,500,200,200,100,600,900,1300
157.0,28.65,12300,351282.0,28.58,28.56,28.47,28.46,28.43,28.42,28.41,28.4,28.39,28.38,28.65,28.77,28.78,28.8,28.86,28.88,28.93,28.96,28.97,28.98,500,1600,1000,1100,1000,800,800,1000,1000,1100,2200,500,1000,500,200,200,100,600,900,1300
158.0,28.65,12300,351282.0,28.58,28.56,28.47,28.46,28.43,28.42,28.41,28.4,28.39,28.38,28.65,28.77,28.78,28.8,28.86,28.88,28.93,28.96,28.97,28.98,500,1600,1000,1100,1000,800,800,1000,1000,1100,2200,500,1000,500,200,200,100,600,900,1300
159.0,28.65,12300,351282.0,28.58,28.56,28.47,28.46,28.43,28.42,28.41,28.4,28.39,28.38,28.65,28.77,28.78,28.8,28.86,28.88,28.93,28.96,28.97,28.98,500,1600,1000,1100,1000,800,800,1000,1000,1100,2200,500,1000,500,200,200,100,600,900,1300
160.0,28.65,12500,357012.0,28.58,28.56,28.47,28.46,28.43,28.42,28.41,28.4,28.39,28.38,28.65,28.77,28.78,28.8,28.86,28.88,28.93,28.96,28.97,28.98,500,1600,1000,1100,1000,800,800,1000,1000,1100,2000,500,1000,500,200,200,100,600,900,1300
161.0,28.65,12500,357012.0,28.58,28.56,28.47,28.46,28.43,28.42,28.41,28.4,28.39,28.38,28.65,28.77,28.78,28.8,28.86,28.88,28.93,28.96,28.97,28.98,500,1600,1000,1100,1000,800,800,1000,1000,1100,2000,500,1000,500,200,200,100,600,900,1300
162.0,28.65,12500,357012.0,28.58,28.56,28.47,28.46,28.43,28.42,28.41,28.4,28.39,28.38,28.65,28.77,28.78,28.8,28.86,28.88,28.93,28.96,28.97,28.98,500,1600,1000,1100,1000,800,800,1000,1000,1100,2000,500,1000,500,200,200,100,600,900,1300
163.0,28.65,12700,362742.0,28.58,28.56,28.47,28.46,28.43,28.42,28.41,28.4,28.39,28.38,28.65,28.77,28.78,28.8,28.86,28.88,28.93,28.96,28.97,28.98,500,1600,1000,1100,1000,800,800,1000,1000,1100,1800,500,1000,500,200,200,100,600,900,1300
164.0,28.65,12700,362742.0,28.58,28.56,28.47,28.46,28.43,28.42,28.41,28.4,28.39,28.38,28.65,28.77,28.78,28.8,28.86,28.88,28.93,28.96,28.97,28.98,500,1600,1000,1100,1000,800,800,1000,1000,1100,1800,500,1000,500,200,200,100,600,900,1300
165.0,28.65,12700,362742.0,28.58,28.56,28.47,28.46,28.43,28.42,28.41,28.4,28.39,28.38,28.65,28.77,28.78,28.8,28.86,28.88,28.93,28.96,28.97,28.98,500,1600,1000,1100,1000,800,800,1000,1000,1100,1800,500,1000,500,200,200,100,600,900,1300
166.0,28.65,12700,362742.0,28.58,28.56,28.47,28.46,28.43,28.42,28.41,28.4,28.39,28.38,28.65,28.77,28.78,28.8,28.86,28.88,28.93,28.96,28.97,28.98,500,1600,1000,1100,1000,800,800,1000,1000,1100,1800,500,1000,500,200,200,100,600,900,1300
167.0,28.65,13100,374202.0,28.58,28.56,28.47,28.46,28.43,28.42,28.41,28.4,28.39,28.38,28.65,28.77,28.78,28.8,28.86,28.88,28.93,28.96,28.97,28.98,500,1600,1000,1100,1000,800,800,1000,1000,1100,1400,500,1000,500,200,200,100,600,900,1300
168.0,28.65,13100,374202.0,28.58,28.56,28.47,28.46,28.43,28.42,28.41,28.4,28.39,28.38,28.65,28.7,28.77,28.78,28.8,28.86,28.88,28.93,28.96,28.97,500,1600,1000,1100,1000,800,800,1000,1000,1100,1400,100,500,1000,500,200,200,100,600,900
169.0,28.65,13100,374202.0,28.58,28.56,28.47,28.46,28.43,28.42,28.41,28.4,28.39,28.38,28.65,28.7,28.77,28.78,28.8,28.86,28.88,28.93,28.96,28.97,500,1600,1000,1100,1000,800,800,1000,1000,1100,1400,100,500,1000,500,200,200,100,600,900
170.0,28.65,13200,377067.0,28.58,28.56,28.47,28.46,28.43,28.42,28.41,28.4,28.39,28.38,28.65,28.7,28.77,28.78,28.8,28.86,28.88,28.93,28.96,28.97,500,1600,1000,1100,1000,800,800,1000,1000,1100,1300,100,500,1000,500,200,200,100,600,900
171.0,28.65,13200,377067.0,28.58,28.56,28.47,28.46,28.43,28.42,28.41,28.4,28.39,28.38,28.65,28.7,28.77,28.78,28.8,28.86,28.88,28.93,28.96,28.97,500,1600,1000,1100,1000,800,800,1000,1000,1100,1300,100,500,1000,500,200,200,100,600,900
172.0,28.65,13200,377067.0,28.58,28.56,28.47,28.46,28.43,28.42,28.41,28.4,28.39,28.38,28.65,28.7,28.77,28.78,28.8,28.86,28.88,28.93,28.96,28.97,500,1600,1000,1100,1000,800,800,1000,1000,1100,1300,100,500,1000,500,200,200,100,600,900
173.0,28.65,13200,377067.0,28.58,28.56,28.47,28.46,28.43,28.42,28.41,28.4,28.39,28.38,28.65,28.7,28.77,28.78,28.8,28.86,28.88,28.93,28.96,28.97,500,1600,1000,1100,1000,800,800,1000,1000,1100,1300,100,500,1000,500,200,200,100,600,900
174.0,28.65,13300,379932.0,28.58,28.56,28.47,28.46,28.43,28.42,28.41,28.4,28.39,28.38,28.65,28.7,28.77,28.78,28.8,28.86,28.88,28.93,28.96,28.97,500,1600,1000,1100,1000,800,800,1000,1000,1100,1200,100,500,1000,500,200,200,100,600,900
175.0,28.65,13400,382797.0,28.58,28.56,28.47,28.46,28.43,28.42,28.41,28.4,28.39,28.38,28.65,28.7,28.77,28.78,28.8,28.86,28.88,28.93,28.96,28.97,500,1600,1000,1100,1000,800,800,1000,1000,1100,1100,100,500,1000,500,200,200,100,600,900
176.0,28.65,13400,382797.0,28.58,28.56,28.47,28.46,28.43,28.42,28.41,28.4,28.39,28.38,28.65,28.7,28.77,28.78,28.8,28.86,28.88,28.93,28.96,28.97,500,1600,1000,1100,1000,800,800,1000,1000,1100,1100,100,500,1000,500,200,200,100,600,900
177.0,28.65,13500,385662.0,28.58,28.56,28.47,28.46,28.43,28.42,28.41,28.4,28.39,28.38,28.65,28.7,28.77,28.78,28.8,28.86,28.88,28.93,28.96,28.97,500,1600,1000,1100,1000,800,800,1000,1000,1100,1000,100,500,1000,500,200,200,100,600,900
178.0,28.65,13500,385662.0,28.58,28.56,28.47,28.46,28.43,28.42,28.41,28.4,28.39,28.38,28.65,28.7,28.77,28.78,28.8,28.86,28.88,28.93,28.96,28.97,500,1600,1000,1100,1000,800,800,1000,1000,1100,1000,100,500,1000,500,200,200,100,600,900
179.0,28.65,13700,391392.0,28.58,28.56,28.47,28.46,28.43,28.42,28.41,28.4,28.39,28.38,28.65,28.7,28.77,28.78,28.8,28.86,28.88,28.93,28.96,28.97,500,1600,1000,1100,1000,800,800,1000,1000,1100,800,100,500,1000,500,200,200,100,600,900
180.0,28.65,13700,391392.0,28.58,28.56,28.47,28.46,28.43,28.42,28.41,28.4,28.39,28.38,28.65,28.7,28.77,28.78,28.8,28.86,28.88,28.93,28.96,28.97,500,1600,1000,1100,1000,800,800,1000,1000,1100,800,100,500,1000,500,200,200,100,600,900
181.0,28.65,13700,391392.0,28.58,28.56,28.47,28.46,28.43,28.42,28.41,28.4,28.39,28.38,28.65,28.7,28.77,28.78,28.8,28.86,28.88,28.93,28.96,28.97,500,1600,1000,1100,1000,800,800,1000,1000,1100,800,100,500,1000,500,200,200,100,600,900
182.0,28.65,13700,391392.0,28.58,28.56,28.47,28.46,28.43,28.42,28.41,28.4,28.39,28.38,28.65,28.7,28.77,28.78,28.8,28.86,28.88,28.93,28.96,28.97,500,1600,1000,1100,1000,800,800,1000,1000,1100,800,100,500,1000,500,200,200,100,600,900
183.0,28.65,13700,391392.0,28.58,28.56,28.47,28.46,28.43,28.42,28.41,28.4,28.39,28.38,28.65,28.7,28.77,28.78,28.8,28.86,28.88,28.93,28.96,28.97,500,1600,1000,1100,1000,800,800,1000,1000,1100,800,100,500,1000,500,200,200,100,600,900
184.0,28.58,14100,402824.0,28.58,28.56,28.55,28.47,28.46,28.43,28.42,28.41,28.4,28.39,28.65,28.7,28.77,28.78,28.8,28.86,28.88,28.93,28.96,28.97,100,1600,200,1000,1100,1000,800,800,1000,1000,800,100,500,1000,500,200,200,100,600,900
185.0,28.58,14100,402824.0,28.58,28.56,28.55,28.47,28.46,28.43,28.42,28.41,28.4,28.39,28.63,28.65,28.7,28.77,28.78,28.8,28.86,28.88,28.93,28.96,100,1600,200,1000,1100,1000,800,800,1000,1000,400,800,100,500,1000,500,200,200,100,600
186.0,28.58,14100,402824.0,28.58,28.56,28.55,28.47,28.46,28.43,28.42,28.41,28.4,28.39,28.63,28.65,28.7,28.77,28.78,28.8,28.86,28.88,28.93,28.96,100,1600,200,1000,1100,1000,800,800,1000,1000,400,800,100,500,1000,500,200,200,100,600
187.0,28.58,14100,402824.0,28.58,28.56,28.55,28.47,28.46,28.43,28.42,28.41,28.4,28.39,28.63,28.65,28.7,28.77,28.78,28.8,28.86,28.88,28.93,28.96,100,1600,200,1000,1100,1000,800,800,1000,1000,400,800,100,500,1000,500,200,200,100,600
188.0,28.58,14100,402824.0,28.58,28.56,28.55,28.47,28.46,28.43,28.42,28.41,28.4,28.39,28.63,28.65,28.7,28.77,28.78,28.8,28.86,28.88,28.93,28.96,100,1600,200,1000,1100,1000,800,800,1000,1000,400,800,100,500,1000,500,200,200,100,600
189.0,28.58,14100,402824.0,28.58,28.56,28.55,28.47,28.46,28.43,28.42,28.41,28.4,28.39,28.63,28.65,28.7,28.77,28.78,28.8,28.86,28.88,28.93,28.96,100,1600,200,1000,1100,1000,800,800,1000,1000,400,800,500,500,1000,500,200,200,100,600
190.0,28.58,14100,402824.0,28.58,28.56,28.55,28.47,28.46,28.43,28.42,28.41,28.4,28.39,28.63,28.65,28.7,28.77,28.78,28.8,28.86,28.88,28.93,28.96,100,1600,200,1000,1100,1000,800,800,1000,1000,400,800,500,500,1000,500,200,200,100,600
191.0,28.58,14100,402824.0,28.58,28.56,28.55,28.47,28.46,28.43,28.42,28.41,28.4,28.39,28.63,28.65,28.7,28.77,28.78,28.8,28.86,28.88,28.93,28.96,100,1600,200,1000,1100,1000,800,800,1000,1000,100,800,500,500,1000,500,200,200,100,600
192.0,28.58,14100,402824.0,28.58,28.56,28.55,28.47,28.46,28.43,28.42,28.41,28.4,28.39,28.65,28.7,28.77,28.78,28.8,28.86,28.88,28.93,28.96,28.97,100,1600,200,1000,1100,1000,800,800,1000,1000,800,500,500,1000,500,200,200,100,600,900
193.0,28.58,14100,402824.0,28.58,28.56,28.55,28.47,28.46,28.43,28.42,28.41,28.4,28.39,28.65,28.7,28.77,28.78,28.8,28.86,28.88,28.93,28.96,28.97,100,1600,200,1000,1100,1000,800,800,1000,1000,800,500,500,1000,500,200,200,100,600,900
194.0,28.58,14100,402824.0,28.58,28.57,28.56,28.55,28.47,28.46,28.43,28.42,28.41,28.4,28.65,28.7,28.77,28.78,28.8,28.86,28.88,28.93,28.96,28.97,300,600,1600,200,1000,1100,1000,800,800,1000,800,500,500,1000,500,200,200,100,600,900
195.0,28.58,14100,402824.0,28.58,28.57,28.56,28.55,28.47,28.46,28.43,28.42,28.41,28.4,28.65,28.7,28.77,28.78,28.8,28.86,28.88,28.93,28.96,28.97,300,600,1600,200,1000,1100,1000,800,800,1000,800,500,500,1000,500,200,200,100,600,900
196.0,28.58,14100,402824.0,28.58,28.57,28.56,28.55,28.47,28.46,28.43,28.42,28.41,28.4,28.65,28.7,28.77,28.78,28.8,28.86,28.88,28.93,28.96,28.97,300,600,1600,200,1000,1100,1000,800,800,1000,800,500,500,1000,500,200,200,100,600,900
197.0,28.58,14100,402824.0,28.58,28.57,28.56,28.55,28.47,28.46,28.43,28.42,28.41,28.4,28.65,28.7,28.77,28.78,28.8,28.86,28.88,28.93,28.96,28.97,300,600,1600,200,1000,1100,1000,800,800,1000,800,500,500,1000,500,200,200,100,600,900
198.0,28.58,14100,402824.0,28.58,28.57,28.56,28.55,28.47,28.46,28.43,28.42,28.41,28.4,28.65,28.7,28.77,28.78,28.8,28.86,28.88,28.93,28.96,28.97,300,600,1600,200,1000,1100,1000,800,800,1000,800,500,500,1000,500,200,200,100,600,900
199.0,28.58,14100,402824.0,28.58,28.57,28.56,28.55,28.47,28.46,28.43,28.42,28.41,28.4,28.65,28.7,28.77,28.78,28.8,28.86,28.88,28.93,28.96,28.97,300,600,1600,200,1000,1100,1000,800,800,1000,800,500,500,1000,500,200,200,100,600,900
200.0,28.58,14100,402824.0,28.58,28.57,28.56,28.55,28.47,28.46,28.43,28.42,28.41,28.4,28.65,28.7,28.77,28.78,28.8,28.86,28.88,28.93,28.96,28.97,300,600,1600,200,1000,1100,1000,800,800,1000,800,500,500,1000,500,200,200,100,600,900
201.0,28.58,14100,402824.0,28.58,28.57,28.56,28.55,28.47,28.46,28.43,28.42,28.41,28.4,28.65,28.7,28.77,28.78,28.8,28.86,28.88,28.93,28.96,28.97,300,600,1600,200,1000,1100,1000,800,800,1000,800,500,500,1000,500,200,200,100,600,900
202.0,28.65,14200,405689.0,28.58,28.57,28.56,28.55,28.47,28.46,28.43,28.42,28.41,28.4,28.65,28.7,28.77,28.78,28.8,28.86,28.88,28.93,28.96,28.97,300,600,1600,200,1000,1100,1000,800,800,1000,700,500,500,1000,500,200,200,100,600,900
203.0,28.65,14200,405689.0,28.58,28.57,28.56,28.55,28.47,28.46,28.43,28.42,28.41,28.4,28.65,28.7,28.77,28.78,28.8,28.86,28.88,28.93,28.96,28.97,300,600,1600,200,1000,1100,1000,800,800,1000,700,500,500,1000,500,200,200,100,600,900
204.0,28.65,14200,405689.0,28.58,28.57,28.56,28.55,28.47,28.46,28.43,28.42,28.41,28.4,28.65,28.7,28.77,28.78,28.8,28.86,28.88,28.93,28.96,28.97,300,600,1600,200,1000,1100,1000,800,800,1000,700,500,500,1000,500,200,200,100,600,900
205.0,28.65,14200,405689.0,28.58,28.57,28.56,28.55,28.47,28.46,28.43,28.42,28.41,28.4,28.65,28.7,28.77,28.78,28.8,28.86,28.88,28.93,28.96,28.97,300,600,1600,200,1000,1100,1000,800,800,1000,700,500,500,1000,500,200,200,100,600,900
206.0,28.65,14200,405689.0,28.58,28.57,28.56,28.55,28.47,28.46,28.43,28.42,28.41,28.4,28.65,28.7,28.77,28.78,28.8,28.86,28.88,28.93,28.96,28.97,300,600,1600,200,1000,1100,1000,800,800,1000,700,500,500,1000,500,200,200,100,600,900
207.0,28.65,14200,405689.0,28.58,28.57,28.56,28.55,28.47,28.46,28.43,28.42,28.41,28.4,28.65,28.7,28.77,28.78,28.8,28.86,28.88,28.93,28.96,28.97,300,600,1600,200,1000,1300,1000,800,800,1000,700,500,500,1000,500,200,200,100,600,900
208.0,28.65,14200,405689.0,28.58,28.57,28.56,28.55,28.47,28.46,28.43,28.42,28.41,28.4,28.65,28.7,28.77,28.78,28.8,28.86,28.88,28.93,28.96,28.97,300,600,1600,200,1000,1300,1000,800,800,1000,700,500,500,1000,500,200,200,100,600,900
209.0,28.65,14200,405689.0,28.58,28.57,28.56,28.55,28.47,28.46,28.43,28.42,28.41,28.4,28.65,28.7,28.77,28.78,28.8,28.86,28.88,28.93,28.96,28.97,300,600,1600,200,1000,1300,1000,800,800,1000,700,500,500,1000,500,200,200,100,600,900
210.0,28.65,14200,405689.0,28.58,28.57,28.56,28.55,28.47,28.46,28.43,28.42,28.41,28.4,28.65,28.7,28.77,28.78,28.8,28.86,28.88,28.93,28.96,28.97,300,600,1600,200,1000,1300,1000,800,800,1000,700,500,500,1000,500,200,200,100,600,900
211.0,28.65,14200,405689.0,28.58,28.57,28.56,28.55,28.47,28.46,28.43,28.42,28.41,28.4,28.65,28.7,28.77,28.78,28.8,28.86,28.88,28.93,28.96,28.97,300,600,1600,200,1000,1300,1000,800,800,1000,700,500,500,1000,500,200,200,100,600,900
212.0,28.65,14200,405689.0,28.58,28.57,28.56,28.55,28.47,28.46,28.43,28.42,28.41,28.4,28.65,28.7,28.77,28.78,28.8,28.86,28.88,28.93,28.96,28.97,300,700,1600,200,1000,1300,1000,800,800,1000,700,500,500,1000,500,200,200,100,600,900
213.0,28.65,14200,405689.0,28.58,28.57,28.56,28.55,28.47,28.46,28.43,28.42,28.41,28.4,28.65,28.7,28.77,28.78,28.8,28.86,28.88,28.93,28.96,28.97,300,700,1600,200,1000,1300,1000,800,800,1000,700,500,500,1000,500,200,200,100,600,900
214.0,28.65,14300,408554.0,28.58,28.57,28.56,28.47,28.46,28.43,28.42,28.41,28.4,28.39,28.65,28.7,28.77,28.78,28.8,28.86,28.88,28.93,28.96,28.97,400,900,1600,1000,1300,1000,800,800,1000,1000,600,500,500,1000,500,200,200,100,600,900
215.0,28.65,14300,408554.0,28.58,28.57,28.56,28.47,28.46,28.43,28.42,28.41,28.4,28.39,28.65,28.7,28.77,28.78,28.8,28.86,28.88,28.93,28.96,28.97,500,300,1600,1000,1300,1000,800,800,1000,1000,600,500,500,1000,500,200,200,100,600,900
216.0,28.65,14300,408554.0,28.58,28.57,28.56,28.47,28.46,28.43,28.42,28.41,28.4,28.39,28.65,28.7,28.77,28.78,28.8,28.86,28.88,28.93,28.96,28.97,500,300,1500,1000,1300,1000,800,800,1000,1000,600,500,500,1000,500,200,200,100,600,900
217.0,28.65,14300,408554.0,28.58,28.57,28.56,28.47,28.46,28.43,28.42,28.41,28.4,28.39,28.65,28.7,28.77,28.78,28.8,28.86,28.88,28.93,28.96,28.97,500,300,1500,1000,1300,1000,800,800,1000,1000,600,500,500,1000,500,200,200,100,600,900
218.0,28.65,14400,411419.0,28.58,28.57,28.56,28.47,28.46,28.43,28.42,28.41,28.4,28.39,28.65,28.7,28.77,28.78,28.8,28.86,28.88,28.93,28.96,28.97,500,300,1500,1000,1300,1000,800,800,1000,1000,500,500,500,1000,500,200,200,100,600,900
219.0,28.65,14400,411419.0,28.58,28.57,28.56,28.47,28.46,28.43,28.42,28.41,28.4,28.39,28.65,28.7,28.77,28.78,28.8,28.86,28.88,28.93,28.96,28.97,500,300,1500,1000,1300,1000,800,800,1000,1000,500,500,500,1000,500,200,200,100,600,900
220.0,28.65,14400,411419.0,28.58,28.57,28.56,28.47,28.46,28.43,28.42,28.41,28.4,28.39,28.65,28.7,28.77,28.78,28.8,28.86,28.88,28.93,28.96,28.97,500,300,1500,1000,1300,1000,800,800,1000,1000,500,500,500,1000,500,200,200,100,600,900
221.0,28.65,14400,411419.0,28.58,28.57,28.56,28.47,28.46,28.43,28.42,28.41,28.4,28.39,28.65,28.7,28.77,28.78,28.8,28.86,28.88,28.93,28.96,28.97,500,300,1500,1000,1300,1000,800,800,1000,1000,500,500,500,1000,500,200,200,100,600,900
222.0,28.65,14400,411419.0,28.58,28.57,28.56,28.47,28.46,28.43,28.42,28.41,28.4,28.39,28.65,28.7,28.77,28.78,28.8,28.86,28.88,28.93,28.96,28.97,500,300,1500,1000,1300,1000,800,800,1000,1000,500,500,500,1000,500,200,200,100,600,900
223.0,28.65,14400,411419.0,28.58,28.57,28.56,28.47,28.46,28.43,28.42,28.41,28.4,28.39,28.65,28.7,28.77,28.78,28.8,28.86,28.88,28.93,28.96,28.97,500,300,1500,1000,1300,1000,800,800,1000,1000,500,500,500,1000,500,200,200,100,600,900
224.0,28.65,14400,411419.0,28.58,28.57,28.56,28.47,28.46,28.43,28.42,28.41,28.4,28.39,28.65,28.7,28.77,28.78,28.8,28.86,28.88,28.93,28.96,28.97,500,300,1500,1000,1300,1000,800,800,1000,1000,500,500,500,1000,500,200,200,100,600,900
225.0,28.65,14500,414284.0,28.58,28.57,28.56,28.47,28.46,28.43,28.42,28.41,28.4,28.39,28.65,28.7,28.77,28.78,28.8,28.86,28.88,28.93,28.96,28.97,500,300,1500,1000,1300,1000,800,800,1000,1000,400,500,500,1000,500,200,200,100,600,900
226.0,28.65,14500,414284.0,28.58,28.57,28.56,28.47,28.46,28.43,28.42,28.41,28.4,28.39,28.65,28.7,28.77,28.78,28.8,28.86,28.88,28.93,28.96,28.97,500,300,1500,1000,1300,1000,800,800,1000,1000,400,500,500,1000,500,200,200,100,600,900
227.0,28.65,14500,414284.0,28.58,28.57,28.56,28.47,28.46,28.43,28.42,28.41,28.4,28.39,28.65,28.7,28.77,28.78,28.8,28.86,28.88,28.93,28.96,28.97,500,300,1500,1000,1300,1000,800,800,1000,1000,400,500,500,1000,500,200,200,100,600,900
228.0,28.65,14500,414284.0,28.58,28.57,28.56,28.47,28.46,28.43,28.42,28.41,28.4,28.39,28.65,28.7,28.77,28.78,28.8,28.86,28.88,28.93,28.96,28.97,500,300,1500,1000,1300,1000,800,800,1000,1000,400,500,500,1000,500,200,200,100,600,900
229.0,28.65,14500,414284.0,28.58,28.57,28.56,28.47,28.46,28.43,28.42,28.41,28.4,28.39,28.65,28.7,28.77,28.78,28.8,28.86,28.88,28.93,28.96,28.97,500,300,1500,1000,1300,1000,800,800,1000,1000,400,500,500,1000,500,200,200,100,600,900
230.0,28.65,14700,420014.0,28.58,28.57,28.56,28.47,28.46,28.43,28.42,28.41,28.4,28.39,28.65,28.7,28.77,28.78,28.8,28.86,28.88,28.93,28.96,28.97,500,300,1500,1000,1300,1000,800,800,1000,1000,200,500,500,1000,500,200,200,100,600,900
231.0,28.65,14700,420014.0,28.58,28.57,28.56,28.47,28.46,28.43,28.42,28.41,28.4,28.39,28.65,28.7,28.77,28.78,28.8,28.86,28.88,28.93,28.96,28.97,500,300,1500,1000,1300,1000,800,800,1000,1000,200,500,500,1000,500,200,200,100,600,900
232.0,28.65,14700,420014.0,28.58,28.57,28.56,28.47,28.46,28.43,28.42,28.41,28.4,28.39,28.65,28.7,28.77,28.78,28.8,28.86,28.88,28.93,28.96,28.97,500,300,1500,1000,1300,1000,800,800,1000,1000,200,500,500,1000,500,200,200,100,600,900
233.0,28.65,14700,420014.0,28.58,28.57,28.56,28.47,28.46,28.43,28.42,28.41,28.4,28.39,28.65,28.7,28.77,28.78,28.8,28.86,28.88,28.93,28.96,28.97,500,300,1500,1000,1300,1000,800,800,1000,1000,200,500,500,1000,500,200,200,100,600,900
234.0,28.65,14700,420014.0,28.58,28.57,28.56,28.47,28.46,28.43,28.42,28.41,28.4,28.39,28.65,28.7,28.77,28.78,28.8,28.86,28.88,28.93,28.96,28.97,500,300,1500,1000,1300,1000,800,800,1000,1000,200,500,500,1000,500,200,200,100,600,900
235.0,28.65,14700,420014.0,28.6,28.58,28.57,28.56,28.47,28.46,28.43,28.42,28.41,28.4,28.65,28.7,28.77,28.78,28.8,28.86,28.88,28.93,28.96,28.97,1000,500,100,1500,1000,1300,1000,800,1000,1000,200,500,500,1000,500,200,200,100,600,900
236.0,28.6,14800,422874.0,28.6,28.58,28.57,28.56,28.47,28.46,28.43,28.42,28.41,28.4,28.65,28.7,28.77,28.78,28.8,28.86,28.88,28.93,28.96,28.97,900,500,100,1500,1000,1300,1000,800,1000,1000,200,500,500,1000,500,200,200,100,600,900
237.0,28.6,14800,422874.0,28.6,28.58,28.57,28.56,28.47,28.46,28.43,28.42,28.41,28.4,28.65,28.7,28.77,28.78,28.8,28.86,28.88,28.93,28.96,28.97,900,500,100,1500,1000,1300,1000,800,1000,1000,200,500,500,1000,500,200,200,100,600,900
238.0,28.6,14800,422874.0,28.6,28.58,28.57,28.56,28.47,28.46,28.43,28.42,28.41,28.4,28.65,28.7,28.77,28.78,28.8,28.86,28.88,28.93,28.96,28.97,900,500,100,1500,1000,1300,1000,800,1000,1000,200,500,500,1000,500,200,200,100,600,900
239.0,28.6,14800,422874.0,28.6,28.58,28.57,28.56,28.47,28.46,28.43,28.42,28.41,28.4,28.65,28.7,28.77,28.78,28.8,28.86,28.88,28.93,28.96,28.97,900,500,100,1500,1000,1300,1000,800,1000,1000,200,500,500,1000,500,200,200,100,600,900
240.0,28.6,14800,422874.0,28.6,28.58,28.57,28.56,28.47,28.46,28.43,28.42,28.41,28.4,28.65,28.7,28.77,28.78,28.8,28.86,28.88,28.93,28.96,28.97,900,500,100,1500,1000,1300,1000,800,1000,1000,200,500,500,1000,500,200,200,100,600,900
241.0,28.6,14800,422874.0,28.6,28.58,28.57,28.56,28.47,28.46,28.43,28.42,28.41,28.4,28.65,28.7,28.77,28.78,28.8,28.86,28.88,28.93,28.96,28.97,900,500,100,1500,1000,1300,1000,800,1000,1000,400,500,500,1000,500,200,200,100,600,900
242.0,28.6,14800,422874.0,28.6,28.58,28.57,28.56,28.47,28.46,28.43,28.42,28.41,28.4,28.65,28.7,28.77,28.78,28.8,28.86,28.88,28.93,28.96,28.97,900,500,100,1500,1000,1300,1000,800,1000,1000,400,500,500,1000,500,200,200,100,600,900
243.0,28.6,14800,422874.0,28.6,28.58,28.57,28.56,28.47,28.46,28.43,28.42,28.41,28.4,28.65,28.7,28.77,28.78,28.8,28.86,28.88,28.93,28.96,28.97,900,500,100,1500,1000,1300,1000,800,1000,1000,400,500,500,1000,500,200,200,100,600,900
244.0,28.6,14800,422874.0,28.6,28.58,28.57,28.56,28.47,28.46,28.43,28.42,28.41,28.4,28.65,28.7,28.77,28.78,28.8,28.86,28.88,28.93,28.96,28.97,900,300,100,1500,1000,1300,1000,800,1000,1000,400,500,500,1000,500,200,200,100,600,900
245.0,28.6,14800,422874.0,28.6,28.58,28.57,28.56,28.47,28.46,28.43,28.42,28.41,28.4,28.65,28.7,28.77,28.78,28.8,28.86,28.88,28.93,28.96,28.97,900,300,100,1500,1000,1300,1000,800,1000,1000,400,500,500,1000,500,200,200,100,600,900
246.0,28.6,14800,422874.0,28.6,28.58,28.57,28.56,28.47,28.46,28.43,28.42,28.41,28.4,28.65,28.7,28.77,28.78,28.8,28.86,28.88,28.93,28.96,28.97,900,300,100,1500,1000,1300,1000,800,1000,1000,400,500,500,1000,500,200,200,100,600,900
247.0,28.6,14800,422874.0,28.6,28.58,28.57,28.56,28.47,28.46,28.43,28.42,28.41,28.4,28.65,28.7,28.77,28.78,28.8,28.86,28.88,28.93,28.96,28.97,900,300,100,1500,1000,1300,1000,800,1000,1000,400,500,500,1000,500,200,200,100,600,900
248.0,28.6,14800,422874.0,28.6,28.58,28.57,28.56,28.47,28.46,28.43,28.42,28.41,28.4,28.65,28.7,28.77,28.78,28.8,28.86,28.88,28.93,28.96,28.97,900,300,100,1500,1000,1300,1000,800,1000,1000,400,500,500,1000,500,200,200,100,600,900
249.0,28.6,14800,422874.0,28.6,28.58,28.57,28.56,28.47,28.46,28.43,28.42,28.41,28.4,28.65,28.7,28.77,28.78,28.8,28.86,28.88,28.93,28.96,28.97,900,300,100,1500,1000,1300,1000,800,1000,1000,400,500,500,1000,500,200,200,100,600,900
250.0,28.6,14800,422874.0,28.6,28.58,28.57,28.56,28.47,28.46,28.43,28.42,28.41,28.4,28.65,28.7,28.77,28.78,28.8,28.86,28.88,28.93,28.96,28.97,900,300,100,1500,1000,1300,1000,800,1000,1000,400,500,500,1000,500,200,200,100,600,900
251.0,28.6,14800,422874.0,28.6,28.58,28.57,28.56,28.47,28.46,28.43,28.42,28.41,28.4,28.65,28.7,28.77,28.78,28.8,28.86,28.88,28.93,28.96,28.97,900,300,100,1500,1000,1300,1000,800,1000,1000,400,500,500,1000,500,200,200,100,600,900
252.0,28.6,14800,422874.0,28.6,28.58,28.57,28.56,28.47,28.46,28.43,28.42,28.41,28.4,28.65,28.7,28.77,28.78,28.8,28.86,28.88,28.93,28.96,28.97,900,300,100,1500,1000,1300,1000,800,1000,1000,400,500,500,1000,500,200,200,100,600,900
253.0,28.6,14800,422874.0,28.6,28.58,28.57,28.56,28.47,28.46,28.43,28.42,28.41,28.4,28.65,28.7,28.77,28.78,28.8,28.86,28.88,28.93,28.96,28.97,900,300,100,1500,1000,1300,1000,800,1000,1000,400,500,500,1000,500,200,200,100,600,900
254.0,28.6,14800,422874.0,28.6,28.58,28.57,28.56,28.47,28.46,28.43,28.42,28.41,28.4,28.65,28.7,28.77,28.78,28.8,28.86,28.88,28.93,28.96,28.97,900,300,100,1500,1000,1300,1000,800,1000,1000,400,500,500,1000,500,200,200,100,600,900
255.0,28.6,14800,422874.0,28.6,28.58,28.57,28.56,28.47,28.46,28.43,28.42,28.41,28.4,28.65,28.7,28.77,28.78,28.8,28.86,28.88,28.93,28.96,28.97,900,300,100,1500,1000,1300,1000,800,1000,1000,400,500,500,1000,500,200,200,100,600,900
256.0,28.6,14800,422874.0,28.6,28.58,28.57,28.56,28.47,28.46,28.43,28.42,28.41,28.4,28.65,28.7,28.77,28.78,28.8,28.86,28.88,28.93,28.96,28.97,900,300,100,1500,1000,1300,1000,800,1000,1000,400,500,500,1000,500,200,200,100,600,900
257.0,28.6,14800,422874.0,28.6,28.58,28.57,28.56,28.47,28.46,28.43,28.42,28.41,28.4,28.65,28.7,28.77,28.78,28.8,28.86,28.88,28.93,28.96,28.97,900,300,100,1500,1000,1300,1000,800,1000,1000,400,500,500,1000,500,200,200,100,600,900
258.0,28.6,14800,422874.0,28.6,28.58,28.57,28.56,28.47,28.46,28.43,28.42,28.41,28.4,28.65,28.7,28.77,28.78,28.8,28.86,28.88,28.93,28.96,28.97,900,300,100,1500,1000,1300,1000,800,1000,1000,400,500,500,1000,500,200,200,100,600,900
259.0,28.6,14800,422874.0,28.6,28.58,28.57,28.56,28.47,28.46,28.43,28.42,28.41,28.4,28.65,28.7,28.77,28.78,28.8,28.86,28.88,28.93,28.96,28.97,900,300,100,1500,1000,1300,1000,800,1000,1000,400,500,500,1000,500,200,200,100,600,900
260.0,28.6,14800,422874.0,28.6,28.58,28.57,28.56,28.47,28.46,28.43,28.42,28.41,28.4,28.65,28.7,28.77,28.78,28.8,28.86,28.88,28.93,28.96,28.97,900,300,100,1500,1000,1300,1000,800,1000,1000,400,500,500,1000,500,200,200,100,600,900
261.0,28.6,14800,422874.0,28.6,28.58,28.57,28.56,28.47,28.46,28.43,28.42,28.41,28.4,28.65,28.7,28.77,28.78,28.8,28.86,28.88,28.93,28.96,28.97,900,300,100,1500,1000,1300,1000,800,1000,1000,400,500,500,1000,500,200,200,100,600,900
262.0,28.6,14800,422874.0,28.6,28.58,28.57,28.56,28.47,28.46,28.43,28.42,28.41,28.4,28.65,28.7,28.77,28.78,28.8,28.86,28.88,28.93,28.96,28.97,900,300,100,1500,1000,1300,1000,800,1000,1000,400,500,500,1000,500,200,200,100,600,900
263.0,28.65,15200,434334.0,28.65,28.61,28.6,28.58,28.57,28.56,28.47,28.46,28.43,28.42,28.7,28.77,28.78,28.8,28.86,28.88,28.93,28.96,28.97,28.98,3700,100,900,300,100,1500,1000,1300,1000,800,500,500,1000,500,200,200,100,600,900,1300
264.0,28.65,15200,434334.0,28.65,28.61,28.6,28.58,28.57,28.56,28.47,28.46,28.43,28.42,28.7,28.77,28.78,28.8,28.86,28.88,28.93,28.96,28.97,28.98,3700,100,900,300,100,1500,1000,1300,1000,800,500,500,1000,500,200,200,100,600,900,1300
265.0,28.65,15200,434334.0,28.65,28.61,28.6,28.58,28.57,28.56,28.47,28.46,28.43,28.42,28.7,28.77,28.78,28.8,28.86,28.88,28.93,28.96,28.97,28.98,3700,100,900,300,100,1500,1000,1300,1000,800,500,500,1000,500,200,200,100,600,900,1300
266.0,28.65,15500,442929.0,28.65,28.61,28.6,28.58,28.57,28.56,28.47,28.46,28.43,28.42,28.7,28.77,28.78,28.8,28.86,28.88,28.93,28.96,28.97,28.98,3400,100,900,300,100,1500,1000,1300,1000,800,500,500,1000,500,200,300,100,600,900,1300
267.0,28.65,15500,442929.0,28.65,28.61,28.6,28.58,28.57,28.56,28.47,28.46,28.43,28.42,28.7,28.77,28.78,28.8,28.86,28.88,28.93,28.96,28.97,28.98,3400,100,900,300,100,1500,1000,1300,1000,800,500,500,1000,500,200,300,100,600,900,1300
268.0,28.77,16100,460156.0,28.68,28.66,28.65,28.61,28.6,28.58,28.57,28.56,28.47,28.46,28.77,28.78,28.8,28.86,28.88,28.93,28.96,28.97,28.98,28.99,100,200,4200,100,700,300,100,1500,1000,1300,400,1000,500,200,300,100,600,900,1300,1900
269.0,28.77,16100,460156.0,28.68,28.66,28.65,28.61,28.6,28.58,28.57,28.56,28.47,28.46,28.77,28.78,28.8,28.86,28.88,28.93,28.96,28.97,28.98,28.99,100,200,4400,100,700,300,100,1500,1000,1300,400,1000,500,200,300,100,600,900,1300,1900
270.0,28.77,16100,460156.0,28.68,28.66,28.65,28.61,28.6,28.58,28.57,28.56,28.47,28.46,28.77,28.78,28.8,28.86,28.88,28.93,28.96,28.97,28.98,28.99,100,200,4400,100,700,300,100,1500,1000,1300,400,1000,500,200,300,100,600,900,1300,1900
271.0,28.77,16100,460156.0,28.68,28.66,28.65,28.61,28.6,28.58,28.57,28.56,28.47,28.46,28.77,28.78,28.8,28.86,28.88,28.93,28.96,28.97,28.98,28.99,100,200,4400,100,700,300,100,1500,1000,1300,400,1000,500,200,300,100,600,900,1300,1900
272.0,28.77,16100,460156.0,28.68,28.66,28.65,28.61,28.6,28.58,28.57,28.56,28.47,28.46,28.77,28.78,28.8,28.86,28.88,28.93,28.96,28.97,28.98,28.99,100,200,4200,100,700,300,100,1500,1000,1300,400,1000,500,200,300,100,600,900,1300,1900
273.0,28.77,16100,460156.0,28.68,28.66,28.65,28.61,28.6,28.58,28.57,28.56,28.47,28.46,28.77,28.78,28.8,28.86,28.88,28.93,28.96,28.97,28.98,28.99,100,200,4200,200,700,300,100,1500,1000,1300,400,1000,500,200,300,100,600,900,1300,1900
274.0,28.68,16200,463024.0,28.66,28.65,28.61,28.6,28.58,28.57,28.56,28.47,28.46,28.43,28.7,28.77,28.78,28.8,28.86,28.88,28.93,28.96,28.97,28.98,200,3400,200,700,300,100,1500,1000,1300,1000,200,400,1000,500,200,300,100,600,900,1300
275.0,28.66,16400,468756.0,28.65,28.61,28.6,28.58,28.57,28.56,28.47,28.46,28.43,28.42,28.66,28.7,28.77,28.78,28.8,28.86,28.88,28.93,28.96,28.97,3400,200,700,300,100,1500,1000,1300,1000,800,200,200,400,1000,500,200,300,100,600,900
276.0,28.65,16700,477351.0,28.65,28.61,28.6,28.58,28.57,28.56,28.47,28.46,28.43,28.42,28.66,28.69,28.7,28.77,28.78,28.8,28.86,28.88,28.93,28.96,3100,200,700,300,100,1500,1000,1300,1000,800,200,400,200,400,1000,500,200,300,100,600
277.0,28.65,16700,477351.0,28.65,28.61,28.6,28.58,28.56,28.47,28.46,28.43,28.42,28.41,28.66,28.69,28.7,28.77,28.78,28.8,28.86,28.88,28.93,28.96,3100,200,700,300,1500,1000,1300,1000,800,1000,200,400,200,400,1000,500,200,300,100,600
278.0,28.65,17000,485946.0,28.65,28.61,28.6,28.58,28.56,28.47,28.46,28.43,28.42,28.41,28.66,28.69,28.7,28.77,28.78,28.8,28.86,28.88,28.93,28.96,2800,200,700,300,1500,1000,1300,1000,800,1000,200,400,200,400,1000,500,200,300,100,600
279.0,28.69,17100,488815.0,28.65,28.61,28.6,28.58,28.56,28.47,28.46,28.43,28.42,28.41,28.69,28.7,28.77,28.78,28.8,28.86,28.88,28.93,28.96,28.97,2800,200,700,300,1500,1000,1300,1000,800,1000,300,200,400,1000,500,200,300,100,600,900
280.0,28.69,17100,488815.0,28.65,28.61,28.6,28.58,28.56,28.47,28.46,28.43,28.42,28.41,28.69,28.7,28.77,28.78,28.8,28.86,28.88,28.93,28.96,28.97,2800,200,700,300,1500,1000,1300,1000,800,1000,300,200,400,1000,500,200,300,100,600,900
281.0,28.69,17100,488815.0,28.65,28.61,28.6,28.58,28.56,28.47,28.46,28.43,28.42,28.41,28.69,28.7,28.77,28.78,28.8,28.86,28.88,28.93,28.96,28.97,2800,200,700,300,1500,1000,1300,1000,800,1000,300,200,400,1000,500,200,300,100,600,900
282.0,28.65,17300,494545.0,28.65,28.61,28.6,28.58,28.56,28.47,28.46,28.43,28.42,28.41,28.69,28.7,28.77,28.78,28.8,28.86,28.88,28.93,28.96,28.97,2600,200,700,300,1500,1000,1300,1000,800,1000,300,200,400,1000,500,200,300,100,600,900
283.0,28.65,17300,494545.0,28.65,28.61,28.6,28.58,28.56,28.47,28.46,28.43,28.42,28.41,28.69,28.7,28.77,28.78,28.8,28.86,28.88,28.93,28.96,28.97,2600,200,700,300,1500,1000,1300,1000,800,1000,300,200,400,1000,500,200,300,100,600,900
284.0,28.65,17500,500275.0,28.65,28.62,28.61,28.6,28.58,28.56,28.47,28.46,28.43,28.42,28.69,28.7,28.77,28.78,28.8,28.86,28.88,28.93,28.96,28.97,2400,800,200,700,300,1500,1000,1300,1000,800,300,200,400,1000,500,200,300,100,600,900
285.0,28.65,17700,506005.0,28.65,28.62,28.61,28.6,28.58,28.56,28.47,28.46,28.43,28.42,28.69,28.7,28.77,28.78,28.8,28.86,28.88,28.93,28.96,28.97,2200,800,200,700,300,1500,1000,1300,1000,800,300,200,400,1000,500,200,300,100,600,900
286.0,28.65,17700,506005.0,28.65,28.62,28.61,28.6,28.58,28.56,28.47,28.46,28.43,28.42,28.69,28.7,28.77,28.78,28.8,28.86,28.88,28.93,28.96,28.97,2200,800,200,700,300,1500,1000,1300,1000,800,300,200,400,1000,500,200,300,100,600,900
287.0,28.65,17700,506005.0,28.65,28.62,28.61,28.6,28.58,28.56,28.47,28.46,28.43,28.42,28.69,28.7,28.77,28.78,28.8,28.86,28.88,28.93,28.96,28.97,2200,800,200,700,300,1500,1000,1300,1000,800,300,200,400,1000,500,200,300,100,600,900
288.0,28.65,17900,511735.0,28.65,28.62,28.61,28.6,28.58,28.56,28.47,28.46,28.43,28.42,28.69,28.7,28.77,28.78,28.8,28.86,28.88,28.93,28.96,28.97,2000,800,200,700,300,1500,1000,1300,1000,800,300,200,400,1000,500,200,300,100,600,900
289.0,28.65,17900,511735.0,28.65,28.62,28.61,28.6,28.58,28.56,28.47,28.46,28.43,28.42,28.69,28.7,28.77,28.78,28.8,28.86,28.88,28.93,28.96,28.97,2000,800,200,700,300,1500,1000,1300,1000,800,300,200,400,1000,500,200,300,100,600,900
290.0,28.65,17900,511735.0,28.65,28.62,28.61,28.6,28.58,28.56,28.47,28.46,28.43,28.42,28.69,28.7,28.77,28.78,28.8,28.86,28.88,28.93,28.96,28.97,2000,800,200,700,300,1500,1000,1300,1000,800,300,200,400,1000,500,200,300,100,600,900
291.0,28.65,18100,517465.0,28.65,28.62,28.61,28.6,28.58,28.56,28.47,28.46,28.43,28.42,28.69,28.7,28.77,28.78,28.8,28.86,28.88,28.93,28.96,28.97,1800,800,200,700,300,1500,1000,1300,1000,800,300,200,400,1000,500,200,300,100,600,900
292.0,28.65,18100,517465.0,28.65,28.62,28.61,28.6,28.58,28.56,28.47,28.46,28.43,28.42,28.69,28.7,28.77,28.78,28.8,28.86,28.88,28.93,28.96,28.97,1800,800,200,700,300,1500,1000,1300,1000,800,300,200,400,1000,500,200,300,100,600,900
293.0,28.65,18100,517465.0,28.65,28.62,28.61,28.6,28.58,28.56,28.47,28.46,28.43,28.42,28.69,28.7,28.77,28.78,28.8,28.86,28.88,28.93,28.96,28.97,1800,800,200,700,300,1500,1000,1300,1000,800,300,200,400,1000,500,200,300,100,600,900
294.0,28.65,18200,520330.0,28.65,28.62,28.61,28.6,28.58,28.56,28.47,28.46,28.43,28.42,28.69,28.7,28.77,28.78,28.8,28.86,28.88,28.93,28.96,28.97,1700,800,200,700,300,1500,1000,1300,1000,800,300,200,400,1000,500,200,300,100,600,900
295.0,28.65,18200,520330.0,28.65,28.62,28.61,28.6,28.58,28.56,28.47,28.46,28.43,28.42,28.69,28.7,28.77,28.78,28.8,28.86,28.88,28.93,28.96,28.97,1700,800,200,700,300,1500,1000,1300,1000,800,300,200,400,1000,500,200,300,100,600,900
296.0,28.65,18200,520330.0,28.65,28.62,28.61,28.6,28.58,28.56,28.47,28.46,28.43,28.42,28.69,28.7,28.77,28.78,28.8,28.86,28.88,28.93,28.96,28.97,1700,800,200,700,300,1500,1000,1300,1000,800,300,200,400,1000,500,200,300,100,600,900
297.0,28.65,18300,523195.0,28.65,28.62,28.61,28.6,28.58,28.56,28.47,28.46,28.43,28.42,28.69,28.7,28.77,28.78,28.8,28.86,28.88,28.93,28.96,28.97,1600,800,200,700,300,1500,1000,1300,1000,800,300,200,400,1000,500,200,300,100,600,900
298.0,28.65,18400,526060.0,28.65,28.62,28.61,28.6,28.58,28.56,28.47,28.46,28.43,28.42,28.69,28.7,28.77,28.78,28.8,28.86,28.88,28.93,28.96,28.97,1500,800,200,700,300,1500,1000,1300,1000,800,300,200,400,1000,500,200,300,100,600,900
299.0,28.65,18400,526060.0,28.65,28.62,28.61,28.6,28.58,28.56,28.47,28.46,28.43,28.42,28.69,28.7,28.77,28.78,28.8,28.86,28.88,28.93,28.96,28.97,1500,800,200,700,300,1500,1000,1300,1000,800,300,200,400,1000,500,200,300,100,600,900
300.0,28.65,18400,526060.0,28.65,28.62,28.61,28.6,28.58,28.56,28.47,28.46,28.43,28.42,28.69,28.7,28.77,28.78,28.8,28.86,28.88,28.93,28.96,28.97,1500,800,200,700,300,1500,1000,1300,1000,800,300,200,400,1000,500,200,300,100,600,900
301.0,28.65,18500,528925.0,28.65,28.62,28.61,28.6,28.58,28.56,28.47,28.46,28.43,28.42,28.69,28.7,28.77,28.78,28.8,28.86,28.88,28.93,28.96,28.97,1400,800,200,700,300,1500,1000,1300,1000,800,300,200,400,1000,500,200,300,100,600,900
302.0,28.65,18500,528925.0,28.65,28.62,28.61,28.6,28.58,28.56,28.47,28.46,28.43,28.42,28.69,28.7,28.77,28.78,28.8,28.86,28.88,28.93,28.96,28.97,1400,800,200,700,300,1500,1000,1300,1000,800,300,200,400,1000,500,200,300,100,600,900
303.0,28.65,18500,528925.0,28.65,28.62,28.61,28.6,28.58,28.56,28.47,28.46,28.43,28.42,28.69,28.7,28.77,28.78,28.8,28.86,28.88,28.93,28.96,28.97,1400,800,200,700,300,1500,1000,1300,1000,800,300,200,400,1000,500,200,300,100,600,900
304.0,28.65,18600,531790.0,28.65,28.62,28.61,28.6,28.58,28.56,28.47,28.46,28.43,28.42,28.69,28.7,28.77,28.78,28.8,28.86,28.88,28.93,28.96,28.97,1300,800,100,700,300,1500,1000,1300,1000,800,300,200,400,1000,500,200,300,100,600,900
305.0,28.65,18600,531790.0,28.65,28.62,28.61,28.6,28.58,28.56,28.47,28.46,28.43,28.42,28.69,28.7,28.77,28.78,28.8,28.86,28.88,28.93,28.96,28.97,1300,800,100,700,300,1500,1000,1300,1000,800,300,200,400,1000,500,200,300,100,600,900
306.0,28.65,18700,534655.0,28.65,28.62,28.61,28.6,28.58,28.56,28.47,28.46,28.43,28.42,28.69,28.7,28.77,28.78,28.8,28.86,28.88,28.93,28.96,28.97,1200,800,100,700,300,1500,1000,1300,1000,800,300,200,400,1000,500,200,300,100,600,900
307.0,28.65,19000,543250.0,28.65,28.62,28.61,28.6,28.58,28.56,28.47,28.46,28.43,28.42,28.69,28.7,28.77,28.78,28.8,28.86,28.88,28.93,28.96,28.97,900,800,100,700,300,1500,1000,1300,1000,800,300,200,400,1000,500,200,300,100,600,900
308.0,28.65,19000,543250.0,28.65,28.62,28.61,28.6,28.58,28.56,28.47,28.46,28.43,28.42,28.69,28.7,28.77,28.78,28.8,28.86,28.88,28.93,28.96,28.97,900,800,100,700,300,1500,1000,1300,1000,800,300,200,400,1000,500,200,300,100,600,900
309.0,28.65,19000,543250.0,28.65,28.62,28.61,28.6,28.58,28.56,28.47,28.46,28.43,28.42,28.69,28.7,28.76,28.77,28.78,28.8,28.86,28.88,28.93,28.96,900,800,100,700,300,1500,1000,1300,1000,800,300,200,1300,400,1000,500,200,300,100,600
310.0,28.65,19000,543250.0,28.65,28.62,28.61,28.6,28.58,28.56,28.47,28.46,28.43,28.42,28.69,28.7,28.76,28.77,28.78,28.8,28.86,28.88,28.93,28.96,900,800,100,700,300,1500,1000,1300,1000,800,300,200,1300,400,1000,500,200,300,100,600
311.0,28.65,19000,543250.0,28.65,28.62,28.61,28.6,28.58,28.56,28.47,28.46,28.43,28.42,28.69,28.7,28.76,28.77,28.78,28.8,28.86,28.88,28.93,28.96,900,800,100,700,300,1500,1000,1300,1000,800,300,200,1300,400,1000,500,200,300,100,600
312.0,28.65,19000,543250.0,28.65,28.62,28.61,28.6,28.58,28.56,28.47,28.46,28.43,28.42,28.69,28.7,28.76,28.77,28.78,28.8,28.86,28.88,28.93,28.96,900,800,100,700,300,1500,1000,1300,1000,800,300,200,1300,400,1000,500,200,300,100,600
313.0,28.65,19000,543250.0,28.65,28.62,28.61,28.6,28.58,28.56,28.47,28.46,28.43,28.42,28.69,28.7,28.76,28.77,28.78,28.8,28.86,28.88,28.93,28.96,900,800,100,700,300,1500,1000,1300,1000,800,300,200,1300,400,1000,500,200,300,100,600
314.0,28.65,19000,543250.0,28.65,28.62,28.61,28.6,28.58,28.56,28.47,28.46,28.43,28.42,28.69,28.7,28.76,28.77,28.78,28.8,28.86,28.88,28.93,28.96,900,800,100,700,300,1500,1000,1300,1000,800,300,200,1300,400,1000,500,200,300,100,600
315.0,28.69,19300,551857.0,28.65,28.62,28.61,28.6,28.58,28.56,28.47,28.46,28.43,28.41,28.7,28.76,28.77,28.78,28.8,28.86,28.88,28.93,28.96,28.97,900,800,100,700,300,1500,1000,1300,1000,1000,200,1300,400,1000,500,200,300,100,600,900
316.0,28.69,19300,551857.0,28.65,28.62,28.61,28.6,28.58,28.56,28.47,28.46,28.43,28.41,28.7,28.76,28.77,28.78,28.8,28.86,28.88,28.93,28.96,28.97,900,800,100,700,300,1500,1000,1300,1000,1000,200,1300,400,1000,500,200,300,100,600,900
317.0,28.69,19300,551857.0,28.65,28.62,28.61,28.6,28.58,28.56,28.47,28.46,28.43,28.41,28.7,28.76,28.77,28.78,28.8,28.86,28.88,28.93,28.96,28.97,900,800,100,700,300,1500,1000,1300,1000,1000,200,1300,400,1000,500,200,300,100,600,900
318.0,28.69,19300,551857.0,28.65,28.62,28.61,28.6,28.58,28.56,28.47,28.46,28.43,28.41,28.7,28.76,28.77,28.78,28.8,28.86,28.88,28.93,28.96,28.97,900,800,100,700,300,1500,1000,1300,1000,1000,200,1300,400,1000,500,200,300,100,600,900
319.0,28.65,19400,554722.0,28.65,28.62,28.61,28.6,28.58,28.56,28.47,28.46,28.43,28.41,28.7,28.76,28.77,28.78,28.8,28.86,28.88,28.93,28.96,28.97,800,800,100,700,300,1500,1000,1300,1000,1000,200,1300,400,1000,500,200,300,100,600,900
320.0,28.65,19400,554722.0,28.65,28.62,28.61,28.6,28.58,28.56,28.47,28.46,28.43,28.41,28.7,28.76,28.77,28.78,28.8,28.86,28.88,28.93,28.96,28.97,800,800,100,700,300,1500,1000,1300,1000,1000,200,1300,400,1000,500,200,300,100,600,900
321.0,28.65,19400,554722.0,28.65,28.62,28.61,28.6,28.58,28.56,28.47,28.46,28.43,28.41,28.7,28.76,28.77,28.78,28.8,28.86,28.88,28.93,28.96,28.97,800,800,100,700,300,1500,1000,1300,1000,1000,200,1300,400,1000,500,200,300,100,600,900
322.0,28.76,20100,574842.0,28.65,28.62,28.61,28.6,28.58,28.56,28.47,28.46,28.43,28.41,28.75,28.76,28.77,28.78,28.8,28.86,28.88,28.93,28.96,28.97,800,800,100,700,300,1500,1000,1300,1000,1000,500,800,400,1000,500,200,300,100,600,900
323.0,28.76,20100,574842.0,28.65,28.62,28.61,28.6,28.58,28.56,28.47,28.46,28.43,28.41,28.75,28.76,28.77,28.78,28.8,28.86,28.88,28.93,28.96,28.97,800,800,100,700,300,1500,1000,1300,1000,1000,500,800,400,1000,500,200,300,100,600,900
324.0,28.76,20100,574842.0,28.65,28.62,28.61,28.6,28.58,28.56,28.47,28.46,28.43,28.41,28.7,28.75,28.76,28.77,28.78,28.8,28.86,28.88,28.93,28.96,800,800,100,700,300,1500,1000,1300,1000,1000,100,500,800,400,1000,500,200,300,100,600
325.0,28.7,20200,577712.0,28.7,28.65,28.62,28.61,28.6,28.58,28.56,28.47,28.46,28.43,28.73,28.74,28.75,28.76,28.77,28.78,28.8,28.86,28.88,28.93,200,800,800,100,700,300,1500,1000,1300,1000,500,500,500,800,400,1000,500,200,300,100
326.0,28.7,20400,583452.0,28.65,28.62,28.61,28.6,28.58,28.56,28.47,28.46,28.43,28.41,28.69,28.73,28.74,28.75,28.76,28.77,28.78,28.8,28.86,28.88,800,800,100,700,300,1500,1000,1300,1000,1000,200,500,500,500,800,400,1000,500,200,300
327.0,28.7,20400,583452.0,28.65,28.62,28.61,28.6,28.58,28.56,28.47,28.46,28.43,28.41,28.69,28.7,28.73,28.74,28.75,28.76,28.77,28.78,28.8,28.86,800,800,100,700,300,1500,1000,1300,1000,1000,200,200,500,500,500,800,400,1000,500,200
328.0,28.7,20400,583452.0,28.65,28.62,28.61,28.6,28.58,28.56,28.47,28.46,28.43,28.41,28.69,28.7,28.73,28.74,28.75,28.76,28.77,28.78,28.8,28.86,800,800,100,700,300,1500,1000,1300,1000,1000,200,200,500,500,500,800,400,1000,500,200
329.0,28.69,20500,586321.0,28.65,28.62,28.61,28.6,28.58,28.56,28.47,28.46,28.43,28.41,28.69,28.7,28.73,28.74,28.75,28.76,28.77,28.78,28.8,28.86,800,800,100,700,300,1500,1000,1300,1000,1000,100,200,500,500,500,800,400,1000,500,200
330.0,28.69,20700,592055.0,28.65,28.62,28.61,28.6,28.58,28.56,28.47,28.46,28.43,28.41,28.7,28.73,28.74,28.75,28.76,28.77,28.78,28.8,28.86,28.88,700,800,100,700,300,1500,1000,1300,1000,1000,200,500,500,500,800,400,1000,500,200,300
331.0,28.7,20800,594925.0,28.65,28.62,28.61,28.6,28.58,28.56,28.47,28.46,28.43,28.41,28.7,28.73,28.74,28.75,28.76,28.77,28.78,28.8,28.86,28.88,700,800,100,700,300,1500,1000,1300,1000,1000,100,500,500,500,800,400,1000,500,200,300
332.0,28.7,20800,594925.0,28.65,28.62,28.61,28.6,28.58,28.56,28.47,28.46,28.43,28.41,28.7,28.73,28.74,28.75,28.76,28.77,28.78,28.8,28.86,28.88,700,800,100,700,300,1500,1000,1300,1000,1000,100,500,500,500,800,400,1000,500,200,300
333.0,28.7,20800,594925.0,28.65,28.62,28.61,28.6,28.58,28.56,28.47,28.46,28.43,28.41,28.7,28.73,28.74,28.75,28.76,28.77,28.78,28.8,28.86,28.88,700,800,100,700,300,1500,1000,1300,1000,1000,100,500,500,500,800,400,1000,500,200,300
334.0,28.7,20800,594925.0,28.65,28.62,28.61,28.6,28.58,28.56,28.47,28.46,28.43,28.41,28.7,28.73,28.74,28.75,28.76,28.77,28.78,28.8,28.86,28.88,700,900,100,700,300,1500,1000,1300,1000,1000,100,500,500,500,800,400,1000,500,200,300
335.0,28.7,20800,594925.0,28.65,28.62,28.61,28.6,28.58,28.56,28.47,28.46,28.43,28.41,28.7,28.73,28.74,28.75,28.76,28.77,28.78,28.8,28.86,28.88,700,900,100,700,300,1500,1000,1300,1000,1000,100,500,500,500,800,400,1000,500,200,300
336.0,28.7,20800,594925.0,28.65,28.62,28.61,28.6,28.58,28.56,28.47,28.46,28.43,28.41,28.7,28.73,28.74,28.75,28.76,28.77,28.78,28.8,28.86,28.88,700,900,100,700,300,1500,1000,1300,1000,1000,100,500,500,500,800,400,1000,500,200,300
337.0,28.7,20800,594925.0,28.65,28.62,28.61,28.6,28.58,28.56,28.47,28.46,28.43,28.41,28.7,28.73,28.74,28.75,28.76,28.77,28.78,28.8,28.86,28.88,700,900,100,700,300,1500,1000,1300,1000,1000,100,500,500,500,800,400,1000,500,200,300
338.0,28.7,20900,597795.0,28.7,28.65,28.62,28.6,28.58,28.56,28.47,28.46,28.43,28.41,28.73,28.74,28.75,28.76,28.77,28.78,28.8,28.86,28.88,28.93,900,700,900,700,300,1500,1000,1300,1000,1000,500,500,500,800,400,1000,500,200,300,100
339.0,28.7,20900,597795.0,28.7,28.65,28.62,28.6,28.58,28.56,28.47,28.46,28.43,28.41,28.73,28.74,28.75,28.76,28.77,28.78,28.8,28.86,28.88,28.93,900,700,900,700,300,1500,1000,1300,1000,1000,500,500,500,800,400,1000,500,200,300,100
340.0,28.73,21400,612160.0,28.7,28.65,28.62,28.6,28.58,28.56,28.47,28.46,28.43,28.41,28.74,28.75,28.76,28.77,28.78,28.8,28.86,28.88,28.93,28.96,1000,700,900,700,300,1500,1000,1300,1000,1000,500,500,800,400,1000,500,200,300,100,600
341.0,28.7,21600,617900.0,28.7,28.65,28.62,28.6,28.58,28.56,28.47,28.46,28.43,28.41,28.74,28.75,28.76,28.77,28.78,28.8,28.86,28.88,28.93,28.96,800,700,900,700,300,1500,1000,1300,1000,1000,500,500,800,400,1000,500,200,300,100,600
342.0,28.7,21600,617900.0,28.7,28.65,28.62,28.6,28.58,28.56,28.47,28.46,28.43,28.41,28.74,28.75,28.76,28.77,28.78,28.8,28.86,28.88,28.93,28.96,800,700,900,700,300,1500,1000,1300,1000,1000,500,500,800,400,1000,500,200,300,100,600
343.0,28.7,21600,617900.0,28.7,28.65,28.62,28.6,28.58,28.56,28.47,28.46,28.43,28.41,28.74,28.75,28.76,28.77,28.78,28.8,28.86,28.88,28.93,28.96,800,700,900,700,300,1500,1000,1300,1000,1000,500,500,800,400,1000,500,200,300,100,600
344.0,28.7,21700,620770.0,28.7,28.65,28.62,28.6,28.58,28.56,28.47,28.46,28.43,28.41,28.74,28.75,28.76,28.77,28.78,28.8,28.86,28.88,28.93,28.96,700,700,900,700,300,1500,1000,1300,1000,1000,500,500,800,400,1000,500,200,300,100,600
345.0,28.7,21700,620770.0,28.7,28.65,28.62,28.6,28.58,28.56,28.47,28.46,28.43,28.41,28.74,28.75,28.76,28.77,28.78,28.8,28.86,28.88,28.93,28.96,700,700,900,700,300,1500,1000,1300,1000,1000,500,500,800,400,1000,500,200,300,100,600
346.0,28.7,21700,620770.0,28.7,28.65,28.62,28.6,28.58,28.56,28.47,28.46,28.43,28.41,28.74,28.75,28.76,28.77,28.78,28.8,28.86,28.88,28.93,28.96,700,700,900,700,300,1500,1000,1300,1000,1000,500,500,800,400,1000,500,200,300,100,600
347.0,28.7,21700,620770.0,28.7,28.65,28.62,28.6,28.58,28.56,28.47,28.46,28.43,28.41,28.74,28.75,28.76,28.77,28.78,28.8,28.86,28.88,28.93,28.96,700,700,900,700,300,1500,1000,1300,1000,1000,500,500,800,400,1000,500,200,300,100,600
348.0,28.7,21700,620770.0,28.7,28.65,28.62,28.6,28.58,28.56,28.47,28.46,28.43,28.41,28.74,28.75,28.76,28.77,28.78,28.8,28.86,28.88,28.93,28.96,700,700,900,700,300,1500,1000,1300,1000,1000,500,500,800,400,1000,500,200,300,100,600
349.0,28.74,22200,635140.0,28.7,28.65,28.62,28.6,28.58,28.56,28.47,28.46,28.43,28.41,28.75,28.76,28.77,28.78,28.8,28.86,28.88,28.93,28.96,28.97,700,700,900,700,300,1500,1000,1300,1000,1000,500,800,400,1000,500,200,300,100,600,900
350.0,28.74,22200,635140.0,28.7,28.65,28.62,28.6,28.58,28.56,28.47,28.46,28.43,28.41,28.75,28.76,28.77,28.78,28.8,28.86,28.88,28.93,28.96,28.97,700,700,900,700,300,1500,1000,1300,1000,1000,500,800,400,1000,500,200,300,100,600,900
351.0,28.74,22200,635140.0,28.7,28.65,28.62,28.6,28.58,28.56,28.47,28.46,28.43,28.41,28.75,28.76,28.77,28.78,28.8,28.86,28.88,28.93,28.96,28.97,700,700,900,700,300,1500,1000,1300,1000,1000,500,800,400,1000,500,200,300,100,600,900
352.0,28.74,22200,635140.0,28.7,28.65,28.62,28.6,28.58,28.56,28.47,28.46,28.43,28.41,28.75,28.76,28.77,28.78,28.8,28.86,28.88,28.93,28.96,28.97,700,700,900,700,300,1500,1000,1300,1000,1000,500,800,400,1000,500,200,300,100,600,900
353.0,28.7,22300,638010.0,28.7,28.65,28.62,28.6,28.58,28.56,28.47,28.46,28.43,28.41,28.75,28.76,28.77,28.78,28.8,28.86,28.88,28.93,28.96,28.97,600,700,900,700,300,1500,1000,1300,1000,1000,500,800,400,1000,500,200,300,100,600,900
354.0,28.7,22300,638010.0,28.7,28.65,28.62,28.6,28.58,28.56,28.47,28.46,28.43,28.41,28.75,28.76,28.77,28.78,28.8,28.86,28.88,28.93,28.96,28.97,600,700,900,700,300,1500,1000,1300,1000,1000,500,800,400,1000,500,200,300,100,600,900
355.0,28.7,22300,638010.0,28.7,28.65,28.62,28.6,28.58,28.56,28.47,28.46,28.43,28.41,28.75,28.76,28.77,28.78,28.8,28.86,28.88,28.93,28.96,28.97,600,700,900,700,300,1500,1000,1300,1000,1000,500,800,400,1000,500,200,300,100,600,900
356.0,28.7,22300,638010.0,28.7,28.65,28.62,28.6,28.58,28.56,28.47,28.46,28.43,28.41,28.75,28.76,28.77,28.78,28.8,28.86,28.88,28.93,28.96,28.97,600,700,900,700,300,1500,1000,1300,1000,1000,500,800,400,1000,500,200,300,100,600,900
357.0,28.7,22300,638010.0,28.7,28.65,28.62,28.6,28.58,28.56,28.47,28.46,28.43,28.41,28.75,28.76,28.77,28.78,28.8,28.86,28.88,28.93,28.96,28.97,600,700,900,700,300,1500,1000,1300,1000,1000,500,800,400,1000,500,200,300,100,600,900
358.0,28.7,22300,638010.0,28.7,28.65,28.62,28.6,28.58,28.56,28.47,28.46,28.43,28.41,28.75,28.76,28.77,28.78,28.8,28.86,28.88,28.93,28.96,28.97,600,700,900,700,300,1500,1000,1300,1000,1000,500,800,400,1000,500,200,300,100,600,900
359.0,28.7,22300,638010.0,28.7,28.65,28.62,28.6,28.58,28.56,28.47,28.46,28.43,28.41,28.75,28.76,28.77,28.78,28.8,28.86,28.88,28.93,28.96,28.97,100,700,900,700,300,1500,1000,1300,1000,1000,500,800,400,1000,500,200,300,100,600,900
360.0,28.7,22300,638010.0,28.7,28.65,28.62,28.6,28.58,28.56,28.47,28.46,28.43,28.41,28.75,28.76,28.77,28.78,28.8,28.86,28.88,28.93,28.96,28.97,100,700,900,700,300,1500,1000,1300,1000,1000,500,800,400,1000,500,200,300,100,600,900
361.0,28.7,22300,638010.0,28.7,28.65,28.62,28.6,28.58,28.56,28.47,28.46,28.43,28.41,28.75,28.76,28.77,28.78,28.8,28.86,28.88,28.93,28.96,28.97,100,700,900,700,300,1500,1000,1300,1000,1000,500,800,400,1000,500,200,300,100,600,900
362.0,28.7,22300,638010.0,28.7,28.65,28.62,28.6,28.58,28.56,28.47,28.46,28.43,28.41,28.75,28.76,28.77,28.78,28.8,28.86,28.88,28.93,28.96,28.97,100,700,900,700,300,1500,1000,1300,1000,1000,600,800,400,1000,500,200,300,100,600,900
363.0,28.7,22300,638010.0,28.7,28.65,28.62,28.6,28.58,28.56,28.47,28.46,28.43,28.41,28.75,28.76,28.77,28.78,28.8,28.86,28.88,28.93,28.96,28.97,100,700,900,700,300,1500,1000,1300,1000,1000,600,800,400,1000,500,200,300,100,600,900
364.0,28.7,22300,638010.0,28.7,28.65,28.62,28.6,28.58,28.56,28.47,28.46,28.43,28.41,28.75,28.76,28.77,28.78,28.8,28.86,28.88,28.93,28.96,28.97,100,700,900,700,300,1500,1000,1300,1000,1000,600,800,400,1000,500,200,300,100,600,900
365.0,28.7,22300,638010.0,28.7,28.65,28.62,28.6,28.58,28.56,28.47,28.46,28.43,28.41,28.75,28.76,28.77,28.78,28.8,28.86,28.88,28.93,28.96,28.97,100,700,900,700,300,1500,1000,1300,1000,1000,600,800,400,1000,500,200,300,100,600,900
366.0,28.7,22300,638010.0,28.7,28.65,28.62,28.6,28.58,28.56,28.47,28.46,28.43,28.41,28.75,28.76,28.77,28.78,28.8,28.86,28.88,28.93,28.96,28.97,100,700,900,700,300,1500,1000,1300,1000,1000,600,800,400,1000,500,200,300,100,600,900
367.0,28.7,22300,638010.0,28.7,28.65,28.62,28.6,28.58,28.56,28.47,28.46,28.43,28.41,28.75,28.76,28.77,28.78,28.8,28.86,28.88,28.93,28.96,28.97,100,700,900,700,300,1500,1000,1300,1000,1000,600,800,400,1000,500,200,300,100,600,900
368.0,28.7,22300,638010.0,28.7,28.65,28.62,28.6,28.58,28.56,28.47,28.46,28.43,28.41,28.75,28.76,28.77,28.78,28.8,28.86,28.88,28.93,28.96,28.97,100,700,900,700,300,1500,1000,1300,1000,1000,600,800,400,1000,500,200,300,100,600,900
369.0,28.75,22500,643760.0,28.7,28.65,28.62,28.6,28.58,28.56,28.47,28.46,28.43,28.41,28.75,28.76,28.77,28.78,28.8,28.86,28.88,28.93,28.96,28.97,100,700,900,700,300,1500,1000,1300,1000,1000,400,800,400,1000,500,200,300,100,600,900
370.0,28.75,22500,643760.0,28.74,28.7,28.65,28.62,28.6,28.58,28.56,28.47,28.46,28.43,28.75,28.76,28.77,28.78,28.8,28.86,28.88,28.93,28.96,28.97,1100,100,700,900,700,300,1500,1000,1300,1000,400,800,400,1000,500,200,300,100,600,900
371.0,28.74,22600,646634.0,28.74,28.7,28.65,28.62,28.6,28.58,28.56,28.47,28.46,28.43,28.75,28.76,28.77,28.78,28.8,28.86,28.88,28.93,28.96,28.97,1000,100,700,900,700,300,1500,1000,1300,1000,400,800,400,1000,500,200,300,100,600,900
372.0,28.74,22600,646634.0,28.74,28.7,28.65,28.62,28.6,28.58,28.56,28.47,28.46,28.43,28.75,28.76,28.77,28.78,28.8,28.86,28.88,28.93,28.96,28.97,1000,100,700,900,700,300,1500,1000,1300,1000,400,800,400,1000,500,200,300,100,600,900
373.0,28.74,22600,646634.0,28.74,28.7,28.65,28.62,28.6,28.58,28.56,28.47,28.46,28.43,28.75,28.76,28.77,28.78,28.8,28.86,28.88,28.93,28.96,28.97,1000,100,700,900,700,300,1500,1000,1300,1000,400,800,400,1000,500,200,300,100,600,900
374.0,28.74,22700,649508.0,28.74,28.7,28.65,28.62,28.6,28.58,28.56,28.47,28.46,28.43,28.75,28.77,28.78,28.8,28.86,28.88,28.93,28.96,28.97,28.98,900,100,700,900,700,300,1500,1000,1300,1000,600,400,1000,500,200,300,100,600,900,1300
375.0,28.74,23000,658130.0,28.74,28.7,28.65,28.62,28.6,28.58,28.56,28.47,28.46,28.43,28.75,28.77,28.78,28.8,28.86,28.88,28.93,28.96,28.97,28.98,600,100,700,900,700,300,1500,1000,1300,1000,600,400,1000,500,200,300,100,600,900,1300
376.0,28.74,23000,658130.0,28.74,28.7,28.65,28.62,28.6,28.58,28.56,28.47,28.46,28.43,28.75,28.77,28.78,28.8,28.86,28.88,28.93,28.96,28.97,28.98,600,100,700,900,700,300,1500,1000,1300,1000,600,400,1000,500,200,300,100,600,900,1300
377.0,28.75,24200,692624.0,28.7,28.65,28.62,28.6,28.58,28.56,28.47,28.46,28.43,28.41,28.75,28.77,28.78,28.8,28.86,28.88,28.93,28.96,28.97,28.98,100,700,900,700,300,1500,1000,1300,1000,1000,200,400,1000,500,200,300,100,600,900,1300
378.0,28.75,24200,692624.0,28.7,28.65,28.62,28.6,28.58,28.56,28.47,28.46,28.43,28.41,28.75,28.77,28.78,28.8,28.86,28.88,28.93,28.96,28.97,28.98,100,700,900,700,300,1500,1000,1300,1000,1000,200,400,1000,500,200,300,100,600,900,1300
379.0,28.75,24200,692624.0,28.7,28.65,28.62,28.6,28.58,28.56,28.47,28.46,28.43,28.41,28.75,28.77,28.78,28.8,28.86,28.88,28.93,28.96,28.97,28.98,100,700,900,700,300,1500,1000,1300,1000,1000,200,400,1000,500,200,300,100,600,500,1300
380.0,28.75,24200,692624.0,28.7,28.65,28.62,28.6,28.58,28.56,28.47,28.46,28.43,28.41,28.75,28.77,28.78,28.8,28.86,28.88,28.93,28.96,28.97,28.98,100,700,900,700,300,1500,1000,1300,1000,1000,200,400,1000,500,200,300,100,600,500,1300
381.0,28.75,24200,692624.0,28.7,28.65,28.62,28.6,28.58,28.56,28.47,28.46,28.43,28.41,28.75,28.77,28.78,28.8,28.86,28.88,28.93,28.96,28.97,28.98,100,700,900,700,300,1500,1000,1300,1000,1000,200,400,1000,500,200,300,100,600,500,1300
382.0,28.75,24200,692624.0,28.7,28.65,28.62,28.6,28.58,28.56,28.47,28.46,28.43,28.41,28.75,28.77,28.78,28.8,28.86,28.88,28.93,28.96,28.97,28.98,100,700,900,700,300,1500,1000,1300,1000,1000,200,400,1000,500,200,300,100,600,500,1300
383.0,28.75,24200,692624.0,28.7,28.65,28.62,28.6,28.58,28.56,28.47,28.46,28.43,28.41,28.75,28.77,28.78,28.8,28.86,28.88,28.93,28.96,28.97,28.98,100,700,900,700,300,1500,1000,1300,1000,1000,200,400,1000,500,200,300,100,600,500,1300
384.0,28.75,24200,692624.0,28.7,28.65,28.62,28.6,28.58,28.56,28.47,28.46,28.43,28.41,28.75,28.77,28.78,28.8,28.86,28.88,28.93,28.96,28.97,28.98,100,700,900,700,300,1500,1000,1300,1000,1000,200,400,1000,500,200,300,100,600,500,1300
385.0,28.75,24400,698374.0,28.7,28.65,28.62,28.6,28.58,28.56,28.47,28.46,28.43,28.41,28.77,28.78,28.8,28.86,28.88,28.93,28.96,28.97,28.98,28.99,100,700,900,700,300,1500,1000,1300,1000,1000,400,1000,500,200,300,100,600,500,1300,1900
386.0,28.75,24400,698374.0,28.7,28.65,28.62,28.6,28.58,28.56,28.47,28.46,28.43,28.41,28.77,28.78,28.8,28.86,28.88,28.93,28.96,28.97,28.98,28.99,100,700,900,700,300,1500,1000,1300,1000,1000,400,1000,500,200,300,100,600,500,1300,1900
387.0,28.75,24400,698374.0,28.7,28.65,28.62,28.6,28.58,28.56,28.47,28.46,28.43,28.41,28.77,28.78,28.8,28.86,28.88,28.93,28.96,28.97,28.98,28.99,100,700,900,700,300,1500,1000,1300,1000,1000,400,1000,500,200,300,100,600,500,1300,1900
388.0,28.75,24400,698374.0,28.7,28.65,28.62,28.6,28.58,28.56,28.47,28.46,28.43,28.41,28.77,28.78,28.8,28.86,28.88,28.93,28.96,28.97,28.98,28.99,100,700,900,700,300,1500,1000,1300,1000,1000,400,1000,500,200,300,100,600,500,1300,1900
389.0,28.75,24400,698374.0,28.7,28.65,28.62,28.6,28.58,28.56,28.47,28.46,28.43,28.41,28.77,28.78,28.8,28.86,28.88,28.93,28.96,28.97,28.98,28.99,100,700,900,700,300,1500,1000,1300,1000,1000,400,1000,500,200,300,100,600,500,1300,1900
390.0,28.75,24400,698374.0,28.7,28.65,28.62,28.6,28.58,28.56,28.47,28.46,28.43,28.41,28.77,28.78,28.8,28.86,28.88,28.93,28.96,28.97,28.98,28.99,100,700,900,700,300,1500,1000,1300,1000,1000,400,1000,500,200,300,100,600,500,1300,1900
391.0,28.75,24400,698374.0,28.7,28.65,28.62,28.6,28.58,28.56,28.47,28.46,28.43,28.41,28.77,28.78,28.8,28.86,28.88,28.93,28.96,28.97,28.98,28.99,100,700,900,700,300,1500,1000,1300,1000,1000,400,1000,500,200,300,100,600,500,1300,1900
392.0,28.75,24400,698374.0,28.7,28.65,28.62,28.6,28.58,28.56,28.47,28.46,28.43,28.41,28.77,28.78,28.8,28.86,28.88,28.93,28.96,28.97,28.98,28.99,100,700,900,700,300,1500,1000,1300,1000,1000,400,1000,500,200,300,100,600,500,1300,1900
393.0,28.75,24400,698374.0,28.7,28.65,28.62,28.6,28.58,28.56,28.47,28.46,28.43,28.41,28.77,28.78,28.8,28.86,28.88,28.93,28.96,28.97,28.98,28.99,100,700,900,700,300,1500,1000,1300,1000,1000,400,1000,500,200,300,100,600,500,1300,1900
394.0,28.75,24400,698374.0,28.7,28.65,28.62,28.6,28.58,28.56,28.47,28.46,28.43,28.41,28.77,28.78,28.8,28.86,28.88,28.93,28.96,28.97,28.98,28.99,100,700,900,700,300,1500,1000,1300,1000,1000,400,1000,500,200,300,100,600,500,1300,1900
395.0,28.75,24400,698374.0,28.7,28.65,28.62,28.6,28.58,28.56,28.47,28.46,28.43,28.41,28.77,28.78,28.8,28.86,28.88,28.93,28.96,28.97,28.98,28.99,100,700,900,700,300,1500,1000,1300,1000,1000,400,1000,500,200,300,100,600,500,1300,1900
396.0,28.78,24900,712760.0,28.74,28.7,28.65,28.62,28.6,28.58,28.56,28.47,28.46,28.43,28.77,28.78,28.8,28.86,28.88,28.93,28.96,28.97,28.98,28.99,100,100,700,900,700,300,1500,1000,1300,1000,2000,900,500,200,300,100,600,500,1300,1900
397.0,28.78,24900,712760.0,28.74,28.7,28.65,28.62,28.6,28.58,28.56,28.47,28.46,28.43,28.77,28.78,28.8,28.86,28.88,28.93,28.96,28.97,28.98,28.99,100,100,700,900,700,300,1500,1000,1300,1000,2000,900,500,200,300,100,600,500,1300,1900
398.0,28.78,24900,712760.0,28.74,28.7,28.65,28.62,28.6,28.58,28.56,28.47,28.46,28.43,28.77,28.78,28.8,28.86,28.88,28.93,28.96,28.97,28.98,28.99,100,100,700,800,700,300,1500,1000,1300,1000,2000,900,500,200,300,100,600,500,1300,1900
399.0,28.78,24900,712760.0,28.74,28.7,28.65,28.62,28.6,28.58,28.56,28.47,28.46,28.43,28.77,28.78,28.8,28.86,28.88,28.93,28.96,28.97,28.98,28.99,100,100,700,800,700,300,1500,1000,1300,1000,2000,900,500,200,300,100,600,500,1300,1900
400.0,28.78,24900,712760.0,28.74,28.7,28.65,28.62,28.6,28.58,28.56,28.47,28.46,28.43,28.77,28.78,28.8,28.86,28.88,28.93,28.96,28.97,28.98,28.99,100,100,700,800,700,300,1500,1000,1300,1000,2000,900,500,200,400,100,600,500,1300,1900
401.0,28.77,25000,715637.0,28.74,28.7,28.65,28.62,28.6,28.58,28.56,28.47,28.46,28.43,28.77,28.78,28.8,28.86,28.88,28.93,28.96,28.97,28.98,28.99,100,100,700,800,700,300,1500,1000,1300,1000,1900,900,500,200,400,100,600,500,1300,1900
402.0,28.77,25100,718514.0,28.74,28.7,28.65,28.62,28.6,28.58,28.56,28.47,28.46,28.43,28.77,28.78,28.8,28.86,28.88,28.93,28.96,28.97,28.98,28.99,100,100,700,800,700,300,1500,1000,1300,1000,1800,900,500,200,400,100,600,500,1300,1900
403.0,28.74,25200,721388.0,28.7,28.65,28.62,28.6,28.58,28.56,28.47,28.46,28.43,28.41,28.74,28.77,28.78,28.8,28.86,28.88,28.93,28.96,28.97,28.98,100,700,800,700,300,1500,1000,1300,1000,1000,100,1800,900,500,200,400,100,600,500,1300
404.0,28.74,25200,721388.0,28.65,28.62,28.6,28.58,28.56,28.47,28.46,28.43,28.41,28.4,28.74,28.76,28.77,28.78,28.8,28.86,28.88,28.93,28.96,28.97,700,800,700,300,1500,1000,1300,1000,1000,1000,200,200,1800,900,500,200,400,100,600,500
405.0,28.74,25200,721388.0,28.65,28.62,28.6,28.58,28.56,28.47,28.46,28.43,28.41,28.4,28.74,28.76,28.77,28.78,28.8,28.86,28.88,28.93,28.96,28.97,700,1000,1400,300,1500,1000,1300,1000,1000,1000,200,200,1800,900,500,200,600,100,600,500
406.0,28.74,25200,721388.0,28.66,28.65,28.64,28.63,28.62,28.6,28.58,28.56,28.47,28.46,28.74,28.76,28.77,28.78,28.8,28.86,28.88,28.93,28.96,28.97,900,1700,800,1200,1000,1400,300,1500,1000,1300,200,200,1800,900,500,200,600,100,600,500
407.0,28.77,27500,787551.0,28.66,28.65,28.64,28.63,28.62,28.6,28.58,28.56,28.47,28.46,28.77,28.78,28.8,28.86,28.88,28.93,28.96,28.97,28.98,28.99,1000,900,200,1200,1000,1400,300,1500,1000,1300,1300,900,500,200,600,100,600,500,1300,1900
408.0,28.77,27500,787551.0,28.66,28.65,28.64,28.63,28.62,28.6,28.58,28.56,28.47,28.46,28.77,28.78,28.8,28.86,28.88,28.93,28.96,28.97,28.98,28.99,1000,900,200,1200,1000,1400,300,1500,1000,1300,1300,900,500,200,600,100,600,500,1300,1900
409.0,28.77,27600,790428.0,28.66,28.65,28.64,28.63,28.62,28.6,28.58,28.56,28.47,28.46,28.77,28.78,28.8,28.86,28.88,28.93,28.96,28.97,28.98,28.99,1000,900,200,1200,1000,1400,300,1500,1000,1300,1200,900,500,200,600,100,600,500,1300,1900
410.0,28.78,29200,836428.0,28.66,28.65,28.64,28.63,28.62,28.6,28.58,28.56,28.47,28.46,28.78,28.8,28.86,28.88,28.93,28.96,28.97,28.98,28.99,29.0,600,900,200,1200,1000,1400,300,1500,1000,1300,800,500,200,600,100,600,500,1300,1900,3700
411.0,28.78,29200,836428.0,28.66,28.65,28.64,28.63,28.62,28.6,28.58,28.56,28.47,28.46,28.78,28.8,28.86,28.88,28.93,28.96,28.97,28.98,28.99,29.0,600,900,200,1200,1000,1400,300,1500,1000,1300,800,500,200,600,100,600,500,1300,1900,3700
412.0,28.78,29200,836428.0,28.66,28.65,28.64,28.63,28.62,28.6,28.58,28.56,28.47,28.46,28.78,28.8,28.86,28.88,28.93,28.96,28.97,28.98,28.99,29.0,600,900,200,1200,1000,1400,300,1500,1000,1300,800,500,200,600,100,600,500,1300,1900,3700
413.0,28.78,29200,836428.0,28.66,28.65,28.64,28.63,28.62,28.6,28.58,28.56,28.47,28.46,28.78,28.8,28.86,28.88,28.93,28.96,28.97,28.98,28.99,29.0,600,900,200,1200,1000,1400,300,1500,1000,1300,800,500,200,600,100,600,500,1300,1900,3700
414.0,28.78,29200,836428.0,28.66,28.65,28.64,28.63,28.62,28.6,28.58,28.56,28.47,28.46,28.78,28.8,28.86,28.88,28.93,28.96,28.97,28.98,28.99,29.0,600,900,200,1200,1000,1400,300,1500,1000,1300,800,500,200,600,100,600,500,1300,1900,3700
415.0,28.78,29200,836428.0,28.66,28.65,28.64,28.63,28.62,28.6,28.58,28.56,28.47,28.46,28.78,28.8,28.86,28.88,28.93,28.96,28.97,28.98,28.99,29.0,600,900,200,1200,1000,1400,300,1500,1000,1300,800,500,200,600,100,600,500,1300,1900,3700
416.0,28.78,29200,836428.0,28.66,28.65,28.64,28.63,28.62,28.6,28.58,28.56,28.47,28.46,28.78,28.8,28.86,28.88,28.93,28.96,28.97,28.98,28.99,29.0,600,900,200,1200,1000,1400,300,1500,1000,1300,800,500,200,600,100,600,500,1300,1900,3700
417.0,28.78,29200,836428.0,28.66,28.65,28.64,28.63,28.62,28.6,28.58,28.56,28.47,28.46,28.78,28.8,28.86,28.88,28.93,28.96,28.97,28.98,28.99,29.0,600,900,200,1200,1000,1400,300,1500,1000,1300,800,500,200,600,100,600,500,2300,1900,3700
418.0,28.78,29200,836428.0,28.66,28.65,28.64,28.63,28.62,28.6,28.58,28.56,28.47,28.46,28.78,28.8,28.86,28.88,28.93,28.96,28.97,28.98,28.99,29.0,600,900,200,1200,1000,1400,300,1500,1000,1300,800,500,200,600,100,600,500,2300,1900,3700
419.0,28.78,29200,836428.0,28.66,28.65,28.64,28.63,28.62,28.6,28.58,28.56,28.47,28.46,28.78,28.8,28.86,28.88,28.93,28.96,28.97,28.98,28.99,29.0,600,900,200,1200,1000,1400,300,1500,1000,1300,800,500,200,600,100,600,500,2300,1900,3700
420.0,28.78,29200,836428.0,28.66,28.65,28.64,28.63,28.62,28.6,28.58,28.56,28.47,28.46,28.78,28.8,28.86,28.88,28.93,28.96,28.97,28.98,28.99,29.0,600,900,200,1200,1000,1400,300,1500,1000,1300,800,500,200,600,100,600,500,2300,1900,3700
421.0,28.78,29200,836428.0,28.66,28.65,28.64,28.63,28.62,28.6,28.58,28.56,28.47,28.46,28.78,28.8,28.86,28.88,28.93,28.96,28.97,28.98,28.99,29.0,600,900,200,1200,1000,1400,300,1500,1000,1300,800,500,200,600,100,600,500,2300,1900,3700
422.0,28.66,29300,839294.0,28.66,28.65,28.64,28.63,28.62,28.6,28.58,28.56,28.47,28.46,28.78,28.8,28.86,28.88,28.93,28.96,28.97,28.98,28.99,29.0,500,900,200,1200,1000,1400,300,1500,1000,1300,800,500,200,600,100,600,500,2300,1900,3700
423.0,28.66,29300,839294.0,28.66,28.65,28.64,28.63,28.62,28.6,28.58,28.56,28.47,28.46,28.78,28.8,28.86,28.88,28.93,28.96,28.97,28.98,28.99,29.0,500,900,200,1200,1000,1400,300,1500,1000,1300,800,500,200,600,100,600,500,2300,1900,3700
424.0,28.66,29300,839294.0,28.66,28.65,28.64,28.63,28.62,28.6,28.58,28.56,28.47,28.46,28.78,28.8,28.86,28.88,28.93,28.96,28.97,28.98,28.99,29.0,500,900,200,1200,1000,1400,300,1500,1000,1300,800,500,200,600,100,600,500,4300,1900,3700
425.0,28.66,29300,839294.0,28.66,28.65,28.64,28.63,28.62,28.6,28.58,28.56,28.47,28.46,28.78,28.8,28.86,28.88,28.93,28.96,28.97,28.98,28.99,29.0,500,900,200,1200,1000,1400,300,1500,1000,1300,800,500,200,600,100,600,500,4300,1900,3700
426.0,28.66,29300,839294.0,28.66,28.65,28.64,28.63,28.62,28.6,28.58,28.56,28.47,28.46,28.78,28.8,28.86,28.88,28.93,28.96,28.97,28.98,28.99,29.0,500,900,200,1200,1000,1400,300,1500,1000,1300,800,500,200,600,100,600,500,4300,1900,3700
427.0,28.66,29300,839294.0,28.66,28.65,28.64,28.63,28.62,28.6,28.58,28.56,28.47,28.46,28.77,28.78,28.8,28.86,28.88,28.93,28.96,28.97,28.98,28.99,500,900,200,1200,1000,1400,300,1500,1000,1300,1300,800,500,200,600,100,600,500,4300,1900
428.0,28.66,29300,839294.0,28.66,28.65,28.64,28.63,28.62,28.6,28.58,28.56,28.47,28.46,28.76,28.77,28.78,28.8,28.86,28.88,28.93,28.96,28.97,28.98,500,900,200,1200,1000,1400,300,1500,1000,1300,100,1500,800,500,200,600,100,600,500,4300
429.0,28.66,29400,842160.0,28.66,28.65,28.64,28.63,28.62,28.6,28.58,28.56,28.47,28.46,28.76,28.77,28.78,28.8,28.86,28.88,28.93,28.96,28.97,28.98,400,900,200,1200,1000,1400,300,1500,1000,1300,100,1500,800,500,200,600,100,600,500,4300
430.0,28.77,30000,859421.0,28.66,28.65,28.64,28.63,28.62,28.6,28.58,28.56,28.47,28.46,28.77,28.78,28.8,28.86,28.88,28.93,28.96,28.97,28.98,28.99,400,900,200,1200,1000,1400,300,1500,1000,1300,1000,800,500,200,600,100,600,500,4300,1900
