LocalTime,LastPrice,TradeVolume,TradeValue,BidPrice1,BidPrice2,BidPrice3,BidPrice4,BidPrice5,BidPrice6,BidPrice7,BidPrice8,BidPrice9,BidPriceA,AskPrice1,AskPrice2,AskPrice3,AskPrice4,AskPrice5,AskPrice6,AskPrice7,AskPrice8,AskPrice9,AskPriceA,BidVolume1,BidVolume2,BidVolume3,BidVolume4,BidVolume5,BidVolume6,BidVolume7,BidVolume8,BidVolume9,BidVolumeA,AskVolume1,AskVolume2,AskVolume3,AskVolume4,AskVolume5,AskVolume6,AskVolume7,AskVolume8,AskVolume9,AskVolumeA
0.0,22.07,13200,291324.0,22.08,22.07,22.06,22.05,22.04,22.03,22.02,22.01,22.0,21.99,22.1,22.12,22.15,22.17,22.18,22.19,22.2,22.22,22.23,22.25,1600,28900,6100,7400,8300,7800,7300,9700,8000,5400,1000,100,5700,3000,4000,8700,1000,800,500,2500
1.0,22.09,15900,350978.0,22.09,22.08,22.07,22.06,22.05,22.04,22.03,22.02,22.01,22.0,22.12,22.15,22.17,22.18,22.19,22.2,22.22,22.23,22.25,22.26,1100,1800,28900,6100,7400,8300,7800,7300,9800,8000,100,5700,3000,4000,8700,1000,800,500,2500,2000
2.0,22.09,15900,350978.0,22.09,22.08,22.07,22.06,22.05,22.04,22.03,22.02,22.01,22.0,22.12,22.14,22.15,22.17,22.18,22.19,22.2,22.22,22.23,22.25,1100,4900,28500,7100,7700,8300,7800,8300,9800,8400,100,200,5700,3000,4000,8700,1000,800,500,2500
3.0,22.09,16400,362023.0,22.09,22.08,22.07,22.06,22.05,22.04,22.03,22.02,22.01,22.0,22.12,22.14,22.15,22.17,22.18,22.19,22.2,22.22,22.23,22.25,600,7200,28500,8400,7700,8300,7800,8300,9800,8500,100,200,5700,3000,4000,19000,1800,800,500,2500
4.0,22.09,17100,377517.0,22.1,22.09,22.08,22.07,22.06,22.05,22.04,22.03,22.02,22.01,22.12,22.15,22.17,22.18,22.19,22.2,22.22,22.23,22.24,22.25,400,700,15200,28500,8400,17800,8300,7800,8300,9800,7600,2400,3000,4000,19000,1800,800,500,200,2500
5.0,22.09,17100,377517.0,22.1,22.09,22.08,22.07,22.06,22.05,22.04,22.03,22.02,22.01,22.12,22.15,22.17,22.18,22.19,22.2,22.22,22.23,22.24,22.25,900,1700,16300,28400,8400,17800,8300,7800,8300,9800,7600,2400,3000,4000,19000,1800,800,500,200,2500
6.0,22.12,18200,401837.0,22.1,22.09,22.08,22.07,22.06,22.05,22.04,22.03,22.02,22.01,22.12,22.15,22.17,22.18,22.19,22.2,22.22,22.23,22.24,22.25,300,1700,17300,28400,8400,22800,8300,8800,8800,9800,10800,2400,3000,4000,19000,1800,800,500,1500,2500
7.0,22.12,27500,607269.0,22.08,22.07,22.06,22.05,22.04,22.03,22.02,22.01,22.0,21.99,22.12,22.15,22.17,22.18,22.19,22.2,22.22,22.23,22.24,22.25,13100,28400,8400,23200,8300,10800,8800,14800,16000,6000,10000,2400,3000,4300,19000,1800,800,500,1500,2500
8.0,22.12,27500,607269.0,22.1,22.08,22.07,22.06,22.05,22.04,22.03,22.02,22.01,22.0,22.12,22.14,22.15,22.16,22.17,22.18,22.19,22.2,22.22,22.23,400,14600,28400,8400,24200,8300,10800,8800,14800,17200,10500,1400,2800,300,3000,4300,19000,1800,800,500
9.0,22.1,30100,664779.0,22.1,22.08,22.07,22.06,22.05,22.04,22.03,22.02,22.01,22.0,22.12,22.14,22.15,22.16,22.17,22.18,22.19,22.2,22.22,22.23,900,14600,28400,8400,24300,8300,10800,8800,14800,17200,8300,2200,2800,300,3000,4300,19000,1800,800,500
10.0,22.12,30900,682466.0,22.11,22.1,22.08,22.07,22.06,22.05,22.04,22.03,22.02,22.01,22.12,22.14,22.15,22.16,22.17,22.18,22.19,22.2,22.22,22.23,300,1900,14600,28400,8400,24300,8300,10800,9800,14800,8000,2200,2800,300,3000,4300,19000,1800,800,500
11.0,22.12,34300,757640.0,22.11,22.1,22.09,22.08,22.07,22.06,22.05,22.04,22.03,22.02,22.12,22.14,22.15,22.16,22.17,22.18,22.19,22.2,22.22,22.23,200,600,200,14700,28400,8400,24300,8300,10800,9800,6500,2200,2800,300,3000,4300,19000,1800,800,500
12.0,22.12,38700,854968.0,22.11,22.1,22.09,22.08,22.07,22.06,22.05,22.04,22.03,22.02,22.12,22.14,22.15,22.16,22.17,22.18,22.19,22.2,22.22,22.23,200,600,200,14700,28400,8400,24300,8300,10800,9800,4100,2200,2800,300,3000,4300,19000,1800,800,500
13.0,22.12,47300,1045200.0,22.12,22.11,22.1,22.09,22.08,22.07,22.06,22.05,22.04,22.03,22.14,22.15,22.16,22.17,22.18,22.19,22.2,22.22,22.23,22.24,2100,900,600,1200,15300,27900,8400,24300,8300,10800,2200,2800,300,3000,4300,19000,1800,800,500,1500
14.0,22.14,48600,1073982.0,22.12,22.11,22.1,22.09,22.08,22.07,22.06,22.05,22.04,22.03,22.14,22.15,22.16,22.17,22.18,22.19,22.2,22.22,22.23,22.24,2100,1200,600,1200,15300,27900,8400,24300,8300,10800,800,2800,300,3000,4300,19000,1800,800,500,1500
15.0,22.14,48700,1076196.0,22.12,22.11,22.1,22.09,22.08,22.07,22.06,22.05,22.04,22.03,22.14,22.15,22.16,22.17,22.18,22.19,22.2,22.22,22.23,22.24,2100,1200,600,1200,15300,27900,8400,24300,8300,10800,700,2800,300,3000,4300,19000,1800,800,500,1500
16.0,22.14,49000,1082838.0,22.12,22.11,22.1,22.09,22.08,22.07,22.06,22.05,22.04,22.03,22.14,22.15,22.16,22.17,22.18,22.19,22.2,22.22,22.23,22.24,2500,1200,600,1200,15300,27900,8400,24300,8300,10800,400,2800,300,3000,4300,19000,1800,800,500,1500
17.0,22.14,49900,1102760.0,22.14,22.12,22.11,22.1,22.09,22.08,22.07,22.06,22.05,22.04,22.15,22.16,22.17,22.18,22.19,22.2,22.22,22.23,22.24,22.25,1100,3100,1200,600,1200,14700,27900,8400,24300,8300,2800,300,3000,4300,19000,1800,800,500,1500,2500
18.0,22.15,50300,1111620.0,22.14,22.12,22.11,22.1,22.09,22.08,22.07,22.06,22.05,22.04,22.15,22.16,22.17,22.18,22.19,22.2,22.22,22.23,22.24,22.25,3800,3100,1200,600,1200,14700,28000,8400,24300,8300,2400,300,3000,4300,19000,1800,800,500,1500,2500
19.0,22.14,53000,1171399.0,22.14,22.12,22.11,22.1,22.09,22.08,22.07,22.06,22.05,22.04,22.15,22.16,22.17,22.18,22.19,22.2,22.22,22.23,22.24,22.25,1600,4100,1200,600,1200,14700,28000,8400,24300,8300,2300,300,3000,4300,19000,1800,800,500,1500,2500
20.0,22.14,57200,1264406.0,22.12,22.11,22.1,22.09,22.08,22.07,22.06,22.05,22.04,22.03,22.14,22.15,22.16,22.17,22.18,22.19,22.2,22.22,22.23,22.24,4600,1200,600,1200,14700,27900,8400,24300,8300,10800,300,400,300,3000,4300,19000,1800,800,500,1500
21.0,22.14,57500,1271048.0,22.14,22.13,22.12,22.11,22.1,22.09,22.08,22.07,22.06,22.05,22.15,22.16,22.17,22.18,22.19,22.2,22.22,22.23,22.24,22.25,3100,100,4000,1000,600,1200,14500,27900,8400,24300,400,300,3000,4300,19000,1800,800,500,1500,2500
22.0,22.14,58400,1290974.0,22.14,22.13,22.12,22.11,22.1,22.09,22.08,22.07,22.06,22.05,22.15,22.16,22.17,22.18,22.19,22.2,22.22,22.23,22.24,22.25,2400,700,4000,600,400,1200,14500,27900,8400,24300,400,300,3000,4300,19000,1800,800,500,1500,2500
23.0,22.14,62800,1388397.0,22.12,22.11,22.1,22.09,22.08,22.07,22.06,22.05,22.04,22.03,22.13,22.14,22.16,22.17,22.18,22.19,22.2,22.22,22.23,22.24,3200,300,300,1200,14500,27900,8400,24300,8300,10800,100,2000,100,3000,4300,19000,1800,800,500,1500
24.0,22.14,66600,1472461.0,22.11,22.1,22.09,22.08,22.07,22.06,22.05,22.04,22.03,22.02,22.14,22.15,22.16,22.17,22.18,22.19,22.2,22.22,22.23,22.24,300,300,1200,14500,27900,8400,24300,8300,10800,9800,1800,100,3100,3000,4300,19000,1800,800,500,1500
25.0,22.1,76200,1684842.0,22.09,22.08,22.07,22.06,22.05,22.04,22.03,22.02,22.01,22.0,22.12,22.14,22.15,22.16,22.17,22.18,22.19,22.2,22.22,22.23,1200,14500,27100,8400,24300,8300,10800,9800,15000,18000,100,500,100,3100,3000,4300,19000,1800,800,500
26.0,22.12,89100,1970390.0,22.1,22.09,22.08,22.07,22.06,22.05,22.04,22.03,22.02,22.01,22.14,22.15,22.16,22.17,22.18,22.19,22.2,22.22,22.23,22.24,400,1200,14500,27100,8400,24300,8300,10800,9800,15000,500,1200,3100,3000,4300,19000,1800,800,500,1500
27.0,22.14,89600,1981460.0,22.11,22.1,22.09,22.08,22.07,22.06,22.05,22.04,22.03,22.02,22.15,22.16,22.17,22.18,22.19,22.2,22.22,22.23,22.24,22.25,500,1200,1200,14500,27100,8400,24300,8300,10800,9800,1200,12800,3000,4300,19000,1800,800,500,1500,2500
28.0,22.14,89600,1981460.0,22.11,22.1,22.09,22.08,22.07,22.06,22.05,22.04,22.03,22.02,22.15,22.16,22.17,22.18,22.19,22.2,22.22,22.23,22.24,22.25,600,1200,1200,14500,27100,8400,24300,8300,10800,9800,1200,13800,3000,4300,19000,1800,800,500,1500,2500
29.0,22.15,90700,2005801.0,22.12,22.11,22.1,22.09,22.08,22.07,22.06,22.05,22.04,22.03,22.15,22.16,22.17,22.18,22.19,22.2,22.22,22.23,22.24,22.25,900,200,1900,1200,14500,27100,8400,24300,8300,10800,700,13800,3000,4300,19000,1800,800,500,1500,2500
30.0,22.15,90700,2005801.0,22.12,22.11,22.1,22.09,22.08,22.07,22.06,22.05,22.04,22.03,22.15,22.16,22.17,22.18,22.19,22.2,22.22,22.23,22.24,22.25,1000,200,2300,1200,14500,27100,8400,24300,8300,10800,700,13800,3000,4300,19000,1800,800,500,1500,2500
31.0,22.12,91300,2019073.0,22.12,22.11,22.1,22.09,22.08,22.07,22.06,22.05,22.04,22.03,22.14,22.15,22.16,22.17,22.18,22.19,22.2,22.22,22.23,22.24,600,200,2300,1200,14500,27100,8400,24300,8300,10800,600,1000,13800,3000,4300,19000,1800,800,500,1500
32.0,22.11,92000,2034556.0,22.11,22.1,22.09,22.08,22.07,22.06,22.05,22.04,22.03,22.02,22.14,22.15,22.16,22.17,22.18,22.19,22.2,22.22,22.23,22.24,100,2300,1000,14500,27100,8400,24300,8300,10800,9800,500,4900,13800,3000,4300,19000,1800,800,500,1500
33.0,22.11,92000,2034556.0,22.11,22.1,22.09,22.08,22.07,22.06,22.05,22.04,22.03,22.02,22.12,22.14,22.15,22.16,22.17,22.18,22.19,22.2,22.22,22.23,100,2200,1000,14500,27100,8400,24300,8300,10800,9800,3000,500,4900,13800,3000,4300,19000,1800,800,500
34.0,22.1,93100,2058867.0,22.1,22.09,22.08,22.07,22.06,22.05,22.04,22.03,22.02,22.01,22.12,22.14,22.15,22.16,22.17,22.18,22.19,22.2,22.22,22.23,1200,1000,14500,27100,8400,24300,8300,10800,9800,15000,3000,600,5500,13800,3000,4300,19000,1800,800,500
35.0,22.12,94200,2083195.0,22.1,22.09,22.08,22.07,22.06,22.05,22.04,22.03,22.02,22.01,22.12,22.14,22.15,22.16,22.17,22.18,22.19,22.2,22.22,22.23,1000,1000,14500,27100,8400,24300,8300,10800,9800,15000,2100,600,5500,13800,3000,4300,19000,1800,800,500
36.0,22.1,94400,2087615.0,22.1,22.09,22.08,22.07,22.06,22.05,22.04,22.03,22.02,22.01,22.12,22.14,22.15,22.16,22.17,22.18,22.19,22.2,22.22,22.23,800,1000,14500,27100,8400,24300,8300,10800,9800,15000,2400,600,5500,13800,3000,4300,19000,1800,800,500
37.0,22.11,98300,2173846.0,22.11,22.1,22.09,22.08,22.07,22.06,22.05,22.04,22.03,22.02,22.12,22.14,22.15,22.16,22.17,22.18,22.19,22.2,22.22,22.23,7200,700,1000,14500,27100,8400,24300,8300,10800,9800,2400,300,5500,13800,3000,4300,19000,1800,800,500
38.0,22.12,100000,2211441.0,22.11,22.1,22.09,22.08,22.07,22.06,22.05,22.04,22.03,22.02,22.12,22.14,22.15,22.16,22.17,22.18,22.19,22.2,22.22,22.23,6300,700,1000,14500,27100,8400,24300,8300,10800,9800,1700,300,5500,13800,3000,4300,19000,1800,800,500
39.0,22.11,100300,2218075.0,22.11,22.1,22.09,22.08,22.07,22.06,22.05,22.04,22.03,22.02,22.12,22.14,22.15,22.16,22.17,22.18,22.19,22.2,22.22,22.23,6100,700,1000,13900,27100,8400,24300,8300,10800,9800,1600,300,5500,13800,3000,4300,19000,1800,800,500
40.0,22.11,101200,2237978.0,22.11,22.1,22.09,22.08,22.07,22.06,22.05,22.04,22.03,22.02,22.12,22.14,22.15,22.16,22.17,22.18,22.19,22.2,22.22,22.23,5600,800,1000,13900,27100,8400,24300,8300,10800,9800,1200,300,6500,13800,3000,4300,19000,1800,800,500
41.0,22.12,101700,2249034.0,22.11,22.1,22.09,22.08,22.07,22.06,22.05,22.04,22.03,22.02,22.12,22.14,22.15,22.16,22.17,22.18,22.19,22.2,22.22,22.23,6400,800,1000,13900,27100,8400,24300,8300,10800,9800,1100,300,6500,13800,3000,4300,19000,1800,800,500
42.0,22.12,102800,2273366.0,22.12,22.11,22.1,22.09,22.08,22.07,22.06,22.05,22.04,22.03,22.13,22.14,22.15,22.16,22.17,22.18,22.19,22.2,22.22,22.23,100,6400,800,1000,13900,27100,8400,24300,8300,10800,1400,300,16300,13800,3000,4300,19000,1800,800,500
43.0,22.11,106100,2346332.0,22.11,22.1,22.09,22.08,22.07,22.06,22.05,22.04,22.03,22.02,22.13,22.15,22.16,22.17,22.18,22.19,22.2,22.22,22.23,22.24,3300,1800,1000,13900,27100,8400,24300,8300,10800,9800,1600,16300,13800,3000,4300,19000,1800,800,500,1500
44.0,22.11,106400,2352965.0,22.12,22.11,22.1,22.09,22.08,22.07,22.06,22.05,22.04,22.03,22.13,22.14,22.15,22.16,22.17,22.18,22.19,22.2,22.22,22.23,500,3000,1800,1000,13900,27100,8400,24300,8300,10800,1600,2000,16300,13800,3000,4300,19000,1800,800,500
45.0,22.13,106600,2357391.0,22.12,22.11,22.1,22.09,22.08,22.07,22.06,22.05,22.04,22.03,22.13,22.14,22.15,22.16,22.17,22.18,22.19,22.2,22.22,22.23,500,3000,1800,1300,13900,27100,8400,24300,8300,10800,1400,2000,16300,13800,3000,4300,19000,1800,800,500
46.0,22.13,106700,2359604.0,22.12,22.11,22.1,22.09,22.08,22.07,22.06,22.05,22.04,22.03,22.13,22.14,22.15,22.16,22.17,22.18,22.19,22.2,22.22,22.23,500,3000,1800,1300,13900,27100,8400,24500,8300,10800,1300,2000,16300,13800,3000,4300,19000,1800,800,500
47.0,22.13,108000,2388373.0,22.13,22.12,22.11,22.1,22.09,22.08,22.07,22.06,22.05,22.04,22.14,22.15,22.16,22.17,22.18,22.19,22.2,22.22,22.23,22.24,1900,500,1800,1800,1300,13900,27100,8400,24500,8300,2000,16300,4100,3000,4300,19000,1800,800,500,1500
48.0,22.13,108200,2392799.0,22.13,22.12,22.11,22.1,22.09,22.08,22.07,22.06,22.05,22.04,22.14,22.15,22.16,22.17,22.18,22.19,22.2,22.22,22.23,22.24,1700,500,1900,1900,1300,12900,27100,8600,24500,8300,2000,16300,4100,3000,4300,19000,1800,800,500,1500
49.0,22.13,108300,2395012.0,22.13,22.12,22.11,22.1,22.09,22.08,22.07,22.06,22.05,22.04,22.14,22.15,22.16,22.17,22.18,22.19,22.2,22.22,22.23,22.24,1600,500,1900,2200,1300,12900,27100,8600,24500,8300,2300,16300,4100,3000,4300,19000,1800,800,500,1500
50.0,22.14,108500,2399440.0,22.13,22.12,22.11,22.1,22.09,22.08,22.07,22.06,22.05,22.04,22.14,22.15,22.16,22.17,22.18,22.19,22.2,22.22,22.23,22.24,2000,500,1800,2200,3100,12900,27100,8600,24500,8300,3700,16300,4100,3000,4300,19000,1800,800,500,1500
51.0,22.13,108700,2403867.0,22.13,22.12,22.11,22.1,22.09,22.08,22.07,22.06,22.05,22.04,22.14,22.15,22.16,22.17,22.18,22.19,22.2,22.22,22.23,22.24,2100,500,1800,1800,3100,12900,27100,8600,24500,8300,3600,16300,4100,3000,4300,19000,1800,800,500,1500
52.0,22.14,108900,2408295.0,22.13,22.12,22.11,22.1,22.09,22.08,22.07,22.06,22.05,22.04,22.14,22.15,22.16,22.17,22.18,22.19,22.2,22.22,22.23,22.24,7900,500,1800,1800,3100,12900,27100,8600,24500,8300,3500,16300,4100,3000,4300,19000,1800,800,500,1500
53.0,22.14,109500,2421579.0,22.13,22.12,22.11,22.1,22.09,22.08,22.07,22.06,22.05,22.04,22.14,22.15,22.16,22.17,22.18,22.19,22.2,22.22,22.23,22.24,7900,500,1800,1800,3100,12900,27100,8600,24500,8300,2900,16400,4100,3000,4300,19000,1800,800,500,1500
54.0,22.14,113300,2505702.0,22.14,22.13,22.12,22.11,22.1,22.09,22.08,22.07,22.06,22.05,22.15,22.16,22.17,22.18,22.19,22.2,22.22,22.23,22.24,22.25,300,7000,500,1800,1800,3100,12900,27100,8600,24500,16400,4100,3000,4300,19000,1800,800,500,1500,2500
55.0,22.13,114800,2538902.0,22.13,22.12,22.11,22.1,22.09,22.08,22.07,22.06,22.05,22.04,22.15,22.16,22.17,22.18,22.19,22.2,22.22,22.23,22.24,22.25,6000,500,1900,1800,3100,12900,27100,8600,24500,8300,15400,4100,3000,4300,19000,1800,800,500,1500,2500
56.0,22.13,114800,2538902.0,22.14,22.13,22.11,22.1,22.09,22.08,22.07,22.06,22.05,22.04,22.15,22.16,22.17,22.18,22.19,22.2,22.22,22.23,22.24,22.25,500,6000,1900,1800,3100,12900,27100,8600,24500,8300,23600,4100,3000,4300,19000,1800,1800,500,1500,2500
57.0,22.13,114800,2538902.0,22.14,22.13,22.11,22.1,22.09,22.08,22.07,22.06,22.05,22.04,22.15,22.16,22.17,22.18,22.19,22.2,22.22,22.23,22.24,22.25,1000,6000,1900,1800,3100,12900,27100,8600,24500,8300,23700,4100,3000,4300,19000,1800,1800,500,1500,2500
58.0,22.14,114900,2541116.0,22.14,22.13,22.11,22.1,22.09,22.08,22.07,22.06,22.05,22.04,22.15,22.16,22.17,22.18,22.19,22.2,22.22,22.23,22.24,22.25,900,6000,1900,1800,3100,12900,27100,8600,24500,8300,23700,1100,3000,4300,19000,1800,1800,500,1500,2500
59.0,22.14,117500,2598692.0,22.13,22.11,22.1,22.09,22.08,22.07,22.06,22.05,22.04,22.03,22.14,22.15,22.16,22.17,22.18,22.19,22.2,22.22,22.23,22.24,6000,1900,1800,3100,12900,27100,8600,24500,8300,11300,600,22900,2100,3000,4300,19000,1800,1800,500,1500
60.0,22.14,117500,2598692.0,22.13,22.11,22.1,22.09,22.08,22.07,22.06,22.05,22.04,22.03,22.14,22.15,22.16,22.17,22.18,22.19,22.2,22.22,22.23,22.24,6000,1900,1800,3100,12900,27100,8600,24500,8300,11300,600,22900,2100,3000,4300,19000,1800,1800,500,1500
61.0,22.14,117500,2598692.0,22.13,22.11,22.1,22.09,22.08,22.07,22.06,22.05,22.04,22.03,22.14,22.15,22.16,22.17,22.18,22.19,22.2,22.22,22.23,22.24,6000,1900,1800,3100,12900,27100,8600,24500,8300,11300,600,19400,2300,3000,4300,19000,1800,1800,500,1500
62.0,22.14,117500,2598692.0,22.13,22.11,22.1,22.09,22.08,22.07,22.06,22.05,22.04,22.03,22.14,22.15,22.16,22.17,22.18,22.19,22.2,22.22,22.23,22.24,6900,1900,1800,3100,12900,27100,8600,24500,8300,11300,10300,19500,2300,3000,4300,19000,1800,1800,500,1500
63.0,22.14,117500,2598692.0,22.13,22.11,22.1,22.09,22.08,22.07,22.06,22.05,22.04,22.03,22.14,22.15,22.16,22.17,22.18,22.19,22.2,22.22,22.23,22.24,6900,1900,1800,3100,12900,27100,8600,24500,8300,11300,10300,19500,2300,3000,4300,19000,1800,1800,500,1500
64.0,22.14,117900,2607548.0,22.13,22.11,22.1,22.09,22.08,22.07,22.06,22.05,22.04,22.03,22.14,22.15,22.16,22.17,22.18,22.19,22.2,22.22,22.23,22.24,1100,1900,1800,3100,12900,30400,8600,24500,8300,11300,10000,19600,2300,3000,4300,19000,1800,1800,500,1500
65.0,22.13,118100,2611974.0,22.13,22.11,22.1,22.09,22.08,22.07,22.06,22.05,22.04,22.03,22.14,22.15,22.16,22.17,22.18,22.19,22.2,22.22,22.23,22.24,900,1900,1800,3200,12900,30400,8600,24500,8300,11300,11400,19600,2300,3000,4300,19000,1800,1800,500,1500
66.0,22.13,118100,2611974.0,22.13,22.11,22.1,22.09,22.08,22.07,22.06,22.05,22.04,22.03,22.14,22.15,22.16,22.17,22.18,22.19,22.2,22.22,22.23,22.24,900,1900,1800,8200,12900,30400,8600,24500,8300,11300,12300,19600,2300,3000,4300,19100,1800,1800,500,1500
67.0,22.13,118200,2614187.0,22.13,22.11,22.1,22.09,22.08,22.07,22.06,22.05,22.04,22.03,22.14,22.15,22.16,22.17,22.18,22.19,22.2,22.22,22.23,22.24,800,1900,1800,8200,12900,30400,8600,24500,8300,11300,14600,19600,2300,3000,4300,19100,1800,1800,500,1500
68.0,22.13,119700,2647390.0,22.13,22.11,22.1,22.09,22.08,22.07,22.06,22.05,22.04,22.03,22.14,22.15,22.16,22.17,22.18,22.19,22.2,22.22,22.23,22.24,200,1900,1800,8200,12900,30400,8600,24500,8300,11300,13800,19800,2300,3000,4600,19100,1800,1800,500,1500
69.0,22.13,119700,2647390.0,22.13,22.11,22.1,22.09,22.08,22.07,22.06,22.05,22.04,22.03,22.14,22.15,22.16,22.17,22.18,22.19,22.2,22.22,22.23,22.24,300,2100,1800,8200,12900,30400,8600,24500,8300,11300,19000,19800,2300,3000,4600,19100,1800,1800,500,1500
70.0,22.13,119700,2647390.0,22.13,22.11,22.1,22.09,22.08,22.07,22.06,22.05,22.04,22.03,22.14,22.15,22.16,22.17,22.18,22.19,22.2,22.22,22.23,22.24,900,2000,1800,8200,12900,30400,8600,24500,8300,11300,19100,19800,2300,3000,4600,19100,1800,1800,500,1500
71.0,22.14,122000,2698312.0,22.13,22.12,22.11,22.1,22.09,22.08,22.07,22.06,22.05,22.04,22.14,22.15,22.16,22.17,22.18,22.19,22.2,22.22,22.23,22.24,1100,1000,2000,1800,8200,12900,30400,8600,24500,8300,16800,19800,2300,3000,4600,19100,1800,1800,500,1500
72.0,22.15,160000,3539827.0,22.14,22.13,22.12,22.11,22.1,22.09,22.08,22.07,22.06,22.05,22.15,22.16,22.17,22.18,22.19,22.2,22.22,22.23,22.24,22.25,3400,500,1000,2000,1800,8200,12900,30400,8600,24500,300,2300,3000,4600,19100,1800,1800,500,1500,2500
73.0,22.14,167700,3710351.0,22.14,22.13,22.12,22.11,22.1,22.09,22.08,22.07,22.06,22.05,22.16,22.17,22.18,22.19,22.2,22.22,22.23,22.24,22.25,22.26,500,300,1000,2000,1800,8200,12900,30400,8600,24500,700,3000,4600,19100,1800,1800,500,1500,2500,2600
74.0,22.15,171700,3799022.0,22.17,22.15,22.14,22.13,22.12,22.11,22.1,22.09,22.08,22.07,22.18,22.19,22.2,22.22,22.23,22.24,22.25,22.26,22.27,22.28,100,2000,500,300,1000,2000,1800,8200,12900,30400,4600,19100,1800,1800,500,1500,2500,2600,1600,11700
75.0,22.18,172100,3807894.0,22.17,22.15,22.13,22.12,22.11,22.1,22.09,22.08,22.07,22.06,22.18,22.19,22.2,22.22,22.23,22.24,22.25,22.26,22.27,22.28,900,2000,300,1000,2000,1800,8200,12900,30400,8600,4200,19100,1800,1800,500,1500,2500,2600,1600,11700
76.0,22.18,172100,3807894.0,22.17,22.15,22.14,22.13,22.12,22.11,22.1,22.09,22.08,22.07,22.18,22.19,22.2,22.22,22.23,22.24,22.25,22.26,22.27,22.28,4200,2000,2800,100,1000,2300,1800,8200,12900,30400,4200,19100,1800,1800,500,1500,2500,2600,1600,11700
77.0,22.18,173500,3838938.0,22.17,22.14,22.13,22.12,22.11,22.1,22.09,22.08,22.07,22.06,22.18,22.19,22.2,22.22,22.23,22.24,22.25,22.26,22.27,22.28,1900,2800,100,1000,2300,1800,8200,14700,30400,8600,3600,19100,1800,1800,500,1500,2500,2600,1600,11700
78.0,22.17,175600,3885512.0,22.17,22.14,22.13,22.12,22.11,22.1,22.09,22.08,22.07,22.06,22.18,22.19,22.2,22.22,22.23,22.24,22.25,22.26,22.27,22.28,1500,2800,100,1000,2300,2300,8200,14700,30400,8600,1900,19100,1800,1800,500,1500,2500,2600,1600,11700
79.0,22.17,175600,3885512.0,22.17,22.14,22.13,22.12,22.11,22.1,22.09,22.08,22.07,22.06,22.18,22.19,22.2,22.22,22.23,22.24,22.25,22.26,22.27,22.28,1500,2800,100,1000,2300,2300,8200,14700,30400,8600,2000,19100,1800,1800,500,1500,2500,2600,1600,11700
80.0,22.18,177600,3929872.0,22.18,22.17,22.14,22.13,22.12,22.11,22.1,22.09,22.08,22.07,22.19,22.2,22.22,22.23,22.24,22.25,22.26,22.27,22.28,22.29,4000,1500,2800,100,1000,2300,2300,8200,14700,30400,19100,1800,1800,500,1500,2500,2600,1600,11700,1000
81.0,22.18,177600,3929872.0,22.18,22.17,22.14,22.13,22.12,22.11,22.1,22.09,22.08,22.07,22.19,22.2,22.22,22.23,22.24,22.25,22.26,22.27,22.28,22.29,4000,2100,2800,100,1000,2300,2300,8200,14700,30400,19100,1800,1800,500,1500,2500,2600,1600,11700,1000
82.0,22.19,178000,3938748.0,22.18,22.17,22.14,22.13,22.12,22.11,22.1,22.09,22.08,22.07,22.19,22.2,22.22,22.23,22.24,22.25,22.26,22.27,22.28,22.29,4000,2100,2800,100,1000,2300,2300,8200,14700,31000,18700,1800,1800,500,1500,2500,2600,1600,11700,1000
83.0,22.19,178400,3947624.0,22.18,22.17,22.14,22.13,22.12,22.11,22.1,22.09,22.08,22.07,22.19,22.2,22.22,22.23,22.24,22.25,22.26,22.27,22.28,22.29,4900,2100,2800,100,1000,2300,2300,8200,14700,31000,18300,1800,1800,500,1500,2500,2600,1600,11700,1000
84.0,22.18,178800,3956496.0,22.18,22.17,22.14,22.13,22.12,22.11,22.1,22.09,22.08,22.07,22.19,22.2,22.22,22.23,22.24,22.25,22.26,22.27,22.28,22.29,4600,600,2800,100,1000,2300,2300,8200,14700,31000,18300,1800,1800,500,1500,2500,2600,1600,11700,1000
85.0,22.19,180400,3992000.0,22.18,22.17,22.14,22.13,22.12,22.11,22.1,22.09,22.08,22.07,22.19,22.2,22.22,22.23,22.24,22.25,22.26,22.27,22.28,22.29,4600,600,2800,100,1000,2300,2300,8200,14700,27000,16700,1800,1800,500,1500,2500,2600,1600,11700,1000
86.0,22.19,180600,3996438.0,22.18,22.17,22.14,22.13,22.12,22.11,22.1,22.09,22.08,22.07,22.19,22.2,22.22,22.23,22.24,22.25,22.26,22.27,22.28,22.29,4600,600,2800,100,1000,2300,2300,8200,14700,27000,16500,1900,1800,500,1500,2500,2600,1600,11700,1000
87.0,22.19,181800,4023066.0,22.18,22.17,22.14,22.13,22.12,22.11,22.1,22.09,22.08,22.07,22.19,22.2,22.22,22.23,22.24,22.25,22.26,22.27,22.28,22.29,4600,600,3100,100,1000,2300,2300,8200,14700,27000,15300,1900,1800,500,1500,2500,2600,1600,11700,1000
88.0,22.18,182700,4043028.0,22.18,22.17,22.14,22.13,22.12,22.11,22.1,22.09,22.08,22.07,22.19,22.2,22.22,22.23,22.24,22.25,22.26,22.27,22.28,22.29,3800,800,3100,100,1000,2300,2300,8200,14700,28000,15300,1900,1800,500,1500,2500,2600,1600,11700,1000
89.0,22.19,184800,4089627.0,22.18,22.17,22.14,22.13,22.12,22.11,22.1,22.09,22.08,22.07,22.19,22.2,22.22,22.23,22.24,22.25,22.26,22.27,22.28,22.29,3900,800,3100,100,1000,2300,2200,8200,14700,28000,13200,1900,1800,500,1500,2500,2600,1600,11700,1000
90.0,22.19,185300,4100719.0,22.18,22.17,22.14,22.13,22.12,22.11,22.1,22.09,22.08,22.07,22.19,22.2,22.22,22.23,22.24,22.25,22.26,22.27,22.28,22.29,3600,800,3100,100,1000,2300,2200,8200,14700,28000,13000,1900,1800,500,200,2500,2600,1600,11700,1000
91.0,22.19,187300,4145099.0,22.18,22.17,22.14,22.13,22.12,22.11,22.1,22.09,22.08,22.07,22.19,22.2,22.22,22.23,22.24,22.25,22.26,22.27,22.28,22.29,3600,900,3100,100,1000,2300,2200,8200,14700,28000,11000,1900,1800,500,200,2500,2600,1600,11700,1000
92.0,22.19,194400,4302648.0,22.18,22.17,22.14,22.13,22.12,22.11,22.1,22.09,22.08,22.07,22.19,22.2,22.22,22.23,22.24,22.25,22.26,22.27,22.28,22.29,3600,900,3100,100,1000,2300,2200,8200,14700,28000,3900,1900,1800,500,200,2500,2600,1600,11700,1000
93.0,22.19,195500,4327057.0,22.18,22.17,22.14,22.13,22.12,22.11,22.1,22.09,22.08,22.07,22.19,22.2,22.22,22.23,22.24,22.25,22.26,22.27,22.28,22.29,3500,900,4100,100,1000,2300,2200,8200,14700,28000,2800,1900,1800,500,200,2500,2600,1600,11700,1000
94.0,22.19,195500,4327057.0,22.18,22.17,22.14,22.13,22.12,22.11,22.1,22.09,22.08,22.07,22.19,22.2,22.22,22.23,22.24,22.25,22.26,22.27,22.28,22.29,3500,700,4100,100,1000,2300,2200,8200,14700,24700,2800,900,1800,500,200,2500,2600,1600,11700,1000
95.0,22.17,206600,4573315.0,22.14,22.13,22.12,22.11,22.1,22.09,22.08,22.07,22.06,22.05,22.16,22.17,22.18,22.2,22.22,22.23,22.24,22.25,22.26,22.27,4100,600,1000,2300,2200,8200,14700,24700,9200,24500,200,2400,4600,900,1800,500,200,2500,2600,1600
96.0,22.17,206600,4573315.0,22.14,22.13,22.12,22.11,22.1,22.09,22.08,22.07,22.06,22.05,22.16,22.17,22.18,22.2,22.22,22.23,22.24,22.25,22.26,22.27,4400,600,1000,2300,2200,8200,14700,24700,9200,24500,200,2400,4600,900,1800,500,200,2500,2600,1600
97.0,22.17,207200,4586612.0,22.15,22.14,22.13,22.12,22.11,22.1,22.09,22.08,22.07,22.06,22.17,22.18,22.19,22.2,22.22,22.23,22.24,22.25,22.26,22.27,900,4300,600,1000,2300,2200,8200,14700,24700,9200,2100,4400,400,900,1800,500,200,2500,2600,1600
98.0,22.17,209100,4628725.0,22.15,22.14,22.13,22.12,22.11,22.1,22.09,22.08,22.07,22.06,22.17,22.18,22.19,22.2,22.22,22.23,22.24,22.25,22.26,22.27,400,4300,600,1000,2300,2200,8200,14700,24700,9200,2600,4400,400,900,1800,500,200,2500,2600,1600
99.0,22.17,209400,4635376.0,22.15,22.14,22.13,22.12,22.11,22.1,22.09,22.08,22.07,22.06,22.17,22.18,22.19,22.2,22.22,22.23,22.24,22.25,22.26,22.27,400,4300,600,1000,2300,2200,8200,14700,24700,9200,2500,8800,400,1200,1800,500,200,2500,2600,1600
100.0,22.17,209400,4635376.0,22.15,22.14,22.13,22.12,22.11,22.1,22.09,22.08,22.07,22.06,22.17,22.18,22.19,22.2,22.22,22.23,22.24,22.25,22.26,22.27,500,4300,600,1000,2300,2200,8200,14700,24700,9200,2300,8800,400,1200,1800,500,200,2500,2600,1600
101.0,22.17,209600,4639810.0,22.15,22.14,22.13,22.12,22.11,22.1,22.09,22.08,22.07,22.06,22.17,22.18,22.19,22.2,22.22,22.23,22.24,22.25,22.26,22.27,800,4300,600,1000,2300,2200,8200,17300,24700,9200,2100,8800,400,1200,1800,500,200,2500,2600,1600
102.0,22.18,212600,4706329.0,22.15,22.14,22.13,22.12,22.11,22.1,22.09,22.08,22.07,22.06,22.18,22.19,22.2,22.22,22.23,22.24,22.25,22.26,22.27,22.28,800,4300,600,1000,2300,2200,8200,17300,24700,9200,8100,400,1200,1800,500,200,2500,2600,1600,11700
103.0,22.18,213000,4715201.0,22.15,22.14,22.13,22.12,22.11,22.1,22.09,22.08,22.07,22.06,22.18,22.19,22.2,22.22,22.23,22.24,22.25,22.26,22.27,22.28,2900,4000,600,1000,2300,2200,8200,17300,24700,9200,9000,500,1200,1800,500,200,2500,2600,1600,11700
104.0,22.15,213900,4735148.0,22.15,22.14,22.13,22.12,22.11,22.1,22.09,22.08,22.07,22.06,22.18,22.19,22.2,22.22,22.23,22.24,22.25,22.26,22.27,22.28,3800,4000,600,1000,2300,2200,8200,17300,24800,9200,8600,500,1200,1800,500,200,2500,2600,1600,11700
105.0,22.15,213900,4735148.0,22.15,22.14,22.13,22.12,22.11,22.1,22.09,22.08,22.07,22.06,22.16,22.18,22.19,22.2,22.22,22.23,22.24,22.25,22.26,22.27,6100,4000,600,1000,2300,2200,8200,17300,24800,9200,1800,10900,500,1200,1800,500,200,2500,2600,1600
106.0,22.15,214300,4744008.0,22.15,22.14,22.13,22.12,22.11,22.1,22.09,22.08,22.07,22.06,22.16,22.18,22.19,22.2,22.22,22.23,22.24,22.25,22.26,22.27,5700,4100,600,1000,2300,2200,8200,17300,24800,9200,1800,10900,500,1200,1800,500,200,2500,2600,1600
107.0,22.16,216100,4783896.0,22.16,22.15,22.14,22.13,22.12,22.11,22.1,22.09,22.08,22.07,22.18,22.19,22.2,22.22,22.23,22.24,22.25,22.26,22.27,22.28,400,7900,5000,600,1000,2300,2200,8200,17300,24900,11000,500,1200,1800,500,200,2500,2600,1600,11700
108.0,22.16,216100,4783896.0,22.16,22.15,22.14,22.13,22.12,22.11,22.1,22.09,22.08,22.07,22.18,22.19,22.2,22.22,22.23,22.24,22.25,22.26,22.27,22.28,400,7900,5000,600,1000,2300,2200,8200,17300,24900,12000,500,1200,2300,500,200,2500,2600,1600,11400
109.0,22.16,216100,4783896.0,22.16,22.15,22.14,22.13,22.12,22.11,22.1,22.09,22.08,22.07,22.18,22.19,22.2,22.22,22.23,22.24,22.25,22.26,22.27,22.28,400,7900,5000,600,1100,2300,2200,8200,17300,24900,12000,500,4200,2300,500,200,2500,2600,1600,11400
110.0,22.16,220700,4885818.0,22.15,22.14,22.13,22.12,22.11,22.1,22.09,22.08,22.07,22.06,22.16,22.17,22.18,22.19,22.2,22.22,22.23,22.24,22.25,22.26,4700,5100,600,1100,2300,2200,8200,17300,24800,9200,400,900,11000,500,4200,2300,500,200,2500,2600
111.0,22.16,221100,4894682.0,22.15,22.14,22.13,22.12,22.11,22.1,22.09,22.08,22.07,22.06,22.17,22.18,22.19,22.2,22.22,22.23,22.24,22.25,22.26,22.27,4800,5100,600,1100,3300,2200,8200,17300,24800,9200,900,11900,500,4200,2300,500,200,2500,2600,1900
112.0,22.15,221500,4903542.0,22.15,22.14,22.13,22.12,22.11,22.1,22.09,22.08,22.07,22.06,22.17,22.18,22.19,22.2,22.22,22.23,22.24,22.25,22.26,22.27,4700,5100,600,7100,3300,2200,8200,17300,24800,9200,900,11900,500,4200,2300,500,200,2500,2600,1900
113.0,22.18,222600,4927931.0,22.15,22.14,22.13,22.12,22.11,22.1,22.09,22.08,22.07,22.06,22.18,22.19,22.2,22.22,22.23,22.24,22.25,22.26,22.27,22.28,4700,5100,600,7100,3300,2200,8200,17300,24800,9200,11700,500,4200,2300,500,200,2500,2600,1900,11400
114.0,22.18,222600,4927931.0,22.16,22.15,22.14,22.13,22.12,22.11,22.1,22.09,22.08,22.07,22.17,22.18,22.19,22.2,22.22,22.23,22.24,22.25,22.26,22.27,100,6900,5100,600,7100,3300,2200,8200,17300,24800,100,13900,500,4200,2300,500,200,2500,2600,1900
115.0,22.16,222700,4930147.0,22.15,22.14,22.13,22.12,22.11,22.1,22.09,22.08,22.07,22.06,22.16,22.17,22.18,22.19,22.2,22.22,22.23,22.24,22.25,22.26,6900,5100,600,7100,3300,2200,8200,17300,24800,9200,13600,100,12300,500,4200,2300,500,200,2500,2600
116.0,22.16,224400,4967819.0,22.15,22.14,22.13,22.12,22.11,22.1,22.09,22.08,22.07,22.06,22.16,22.17,22.18,22.19,22.2,22.22,22.23,22.24,22.25,22.26,6900,5100,600,7100,3300,2200,8200,17300,24800,9200,12200,200,12300,400,4200,2300,500,200,2500,2600
117.0,22.16,225000,4981115.0,22.15,22.14,22.13,22.12,22.11,22.1,22.09,22.08,22.07,22.06,22.16,22.17,22.18,22.19,22.2,22.22,22.23,22.24,22.25,22.26,8000,5100,600,7100,3300,3200,8200,17300,24800,9200,11700,200,12300,400,4200,2300,500,200,2500,2600
118.0,22.16,225900,5001055.0,22.15,22.14,22.13,22.12,22.11,22.1,22.09,22.08,22.07,22.06,22.16,22.17,22.18,22.19,22.2,22.22,22.23,22.24,22.25,22.26,7900,5100,600,7100,3300,3200,8200,17300,24800,9200,11200,2600,12300,400,4200,2300,500,200,2500,2600
119.0,22.15,226900,5023214.0,22.15,22.14,22.13,22.12,22.11,22.1,22.09,22.08,22.07,22.06,22.16,22.17,22.18,22.19,22.2,22.22,22.23,22.24,22.25,22.26,7800,5100,600,7100,3300,3200,8200,17300,24800,9200,10300,2600,12300,400,4200,2300,500,200,2500,2600
120.0,22.15,226900,5023214.0,22.15,22.14,22.13,22.12,22.11,22.1,22.09,22.08,22.07,22.06,22.16,22.17,22.18,22.19,22.2,22.22,22.23,22.24,22.25,22.26,8200,5100,600,7100,3300,3200,8200,17300,24800,9200,10300,2600,12300,400,10200,2300,500,200,2500,2600
121.0,22.16,227000,5025430.0,22.15,22.14,22.13,22.12,22.11,22.1,22.09,22.08,22.07,22.06,22.16,22.17,22.18,22.19,22.2,22.22,22.23,22.24,22.25,22.26,8800,5100,600,7100,3300,2200,8200,17300,24800,9200,10200,2600,12500,400,10200,2300,500,200,2500,2600
122.0,22.16,229700,5085258.0,22.15,22.14,22.13,22.12,22.11,22.1,22.09,22.08,22.07,22.06,22.16,22.17,22.18,22.19,22.2,22.22,22.23,22.24,22.25,22.26,8400,5100,600,7100,3300,2200,8200,17300,24800,9200,8100,2600,12600,400,10200,2300,500,200,2500,2600
123.0,22.16,230300,5098554.0,22.15,22.14,22.13,22.12,22.11,22.1,22.09,22.08,22.07,22.06,22.16,22.17,22.18,22.19,22.2,22.22,22.23,22.24,22.25,22.26,8400,5100,600,7100,3300,2200,8200,14700,24800,9200,7500,2600,22600,400,10200,2300,500,200,2500,2600
124.0,22.16,230300,5098554.0,22.15,22.14,22.13,22.12,22.11,22.1,22.09,22.08,22.07,22.06,22.16,22.17,22.18,22.19,22.2,22.22,22.23,22.24,22.25,22.26,8400,5100,600,7100,3300,2200,8200,14300,24800,9200,7500,2600,22600,400,10200,2300,500,200,4500,2600
125.0,22.16,232000,5136222.0,22.15,22.14,22.13,22.12,22.11,22.1,22.09,22.08,22.07,22.06,22.16,22.17,22.18,22.19,22.2,22.22,22.23,22.24,22.25,22.26,8100,5000,2100,7100,3300,2200,8200,14300,24800,9200,6200,2600,22600,400,10200,2300,500,200,4500,2600
126.0,22.16,232100,5138438.0,22.15,22.14,22.13,22.12,22.11,22.1,22.09,22.08,22.07,22.06,22.16,22.17,22.18,22.19,22.2,22.22,22.23,22.24,22.25,22.26,8100,5000,2600,7100,3300,2200,8200,14300,24800,9200,6100,2600,22600,400,10200,2300,500,200,4500,2600
127.0,22.16,232100,5138438.0,22.15,22.14,22.13,22.12,22.11,22.1,22.09,22.08,22.07,22.06,22.16,22.17,22.18,22.19,22.2,22.22,22.23,22.24,22.25,22.26,8100,5000,2600,7100,8800,2200,8200,14300,24800,9200,6100,2600,22600,500,10200,2300,500,200,4500,2600
128.0,22.13,248600,5503822.0,22.13,22.12,22.11,22.1,22.09,22.08,22.07,22.06,22.05,22.04,22.16,22.17,22.18,22.19,22.2,22.22,22.23,22.24,22.25,22.26,100,7100,8800,2200,8200,14300,24800,9200,24500,8300,5200,2800,22600,500,10200,2300,500,200,4800,2600
129.0,22.16,253200,5605690.0,22.12,22.11,22.1,22.09,22.08,22.07,22.06,22.05,22.04,22.03,22.16,22.17,22.18,22.19,22.2,22.22,22.23,22.24,22.25,22.26,6700,8800,2200,8200,14300,24800,9200,24500,8300,11300,5500,3000,22600,500,10200,2300,500,200,4800,2600
130.0,22.12,255200,5649957.0,22.12,22.11,22.1,22.09,22.08,22.07,22.06,22.05,22.04,22.03,22.16,22.17,22.18,22.19,22.2,22.22,22.23,22.24,22.25,22.26,9600,8800,2200,8200,14300,24800,9200,24500,8300,11300,6600,2900,22600,500,10200,2300,500,200,4800,2600
131.0,22.16,256700,5683196.0,22.12,22.11,22.1,22.09,22.08,22.07,22.06,22.05,22.04,22.03,22.16,22.17,22.18,22.19,22.2,22.22,22.23,22.24,22.25,22.26,10600,8900,2200,8200,14300,24800,9200,24500,8300,11300,10100,2900,22600,500,10200,2300,500,200,4800,2600
132.0,22.16,257500,5700908.0,22.12,22.11,22.1,22.09,22.08,22.07,22.06,22.05,22.04,22.03,22.15,22.16,22.17,22.18,22.19,22.2,22.22,22.23,22.24,22.25,14300,8900,2200,8200,14300,24800,9200,24500,8300,11300,200,12100,2900,22600,500,10200,4300,500,200,4800
133.0,22.16,257500,5700908.0,22.12,22.11,22.1,22.09,22.08,22.07,22.06,22.05,22.04,22.03,22.15,22.16,22.17,22.18,22.19,22.2,22.22,22.23,22.24,22.25,15300,8900,2200,8200,14300,24800,9200,24500,8300,11300,1200,12100,2900,22600,500,10200,4300,500,200,4800
134.0,22.15,257900,5709768.0,22.12,22.11,22.1,22.09,22.08,22.07,22.06,22.05,22.04,22.03,22.15,22.16,22.17,22.18,22.19,22.2,22.22,22.23,22.24,22.25,16000,8900,2600,8200,13000,24800,9200,24500,8300,11300,1500,12100,2900,22900,500,9900,4300,500,200,4800
135.0,22.15,260800,5773991.0,22.12,22.11,22.1,22.09,22.08,22.07,22.06,22.05,22.04,22.03,22.15,22.16,22.17,22.18,22.19,22.2,22.22,22.23,22.24,22.25,16600,8900,2600,8200,13000,24800,9200,24500,8300,11300,7300,12100,2900,22900,500,9900,4300,500,200,4800
136.0,22.15,260800,5773991.0,22.12,22.11,22.1,22.09,22.08,22.07,22.06,22.05,22.04,22.03,22.15,22.16,22.17,22.18,22.19,22.2,22.22,22.23,22.24,22.25,16600,9400,1600,8200,13000,24800,9200,24500,8300,11300,7500,13100,2900,22900,500,9900,4300,500,200,4800
137.0,22.15,263100,5824930.0,22.12,22.11,22.1,22.09,22.08,22.07,22.06,22.05,22.04,22.03,22.15,22.16,22.17,22.18,22.19,22.2,22.22,22.23,22.24,22.25,17100,9400,2100,8200,13000,24800,9200,24500,8300,11300,6100,13100,2900,22900,700,9900,4300,500,200,4800
138.0,22.15,265300,5873648.0,22.12,22.11,22.1,22.09,22.08,22.07,22.06,22.05,22.04,22.03,22.15,22.16,22.17,22.18,22.19,22.2,22.22,22.23,22.24,22.25,17700,9600,2100,8200,13000,24800,9200,24500,8300,11300,5400,13100,2900,22900,700,9900,4300,500,200,4800
139.0,22.15,265300,5873648.0,22.12,22.11,22.1,22.09,22.08,22.07,22.06,22.05,22.04,22.03,22.15,22.16,22.17,22.18,22.19,22.2,22.22,22.23,22.24,22.25,17700,9600,2100,8200,13000,24800,9200,24500,8300,11300,5400,13100,2900,22900,700,9900,4300,500,200,4800
140.0,22.15,265900,5886938.0,22.12,22.11,22.1,22.09,22.08,22.07,22.06,22.05,22.04,22.03,22.15,22.16,22.17,22.18,22.19,22.2,22.22,22.23,22.24,22.25,19100,9600,2100,8200,13000,24800,9200,24500,8300,11300,6200,12700,2900,22900,700,9900,4300,500,200,4800
141.0,22.12,277000,6132476.0,22.12,22.11,22.1,22.09,22.08,22.07,22.06,22.05,22.04,22.03,22.13,22.14,22.15,22.16,22.17,22.18,22.19,22.2,22.22,22.23,8300,9600,2100,8200,13000,24800,9200,24500,8300,11300,2800,3100,6200,12300,2800,22900,700,9900,4300,500
142.0,22.12,277000,6132476.0,22.12,22.11,22.1,22.09,22.08,22.07,22.06,22.05,22.04,22.03,22.13,22.14,22.15,22.16,22.17,22.18,22.19,22.2,22.22,22.23,8300,9600,2100,8200,13000,24800,9200,24500,8300,11300,2800,3100,6200,12300,2800,22900,700,10400,4300,500
143.0,22.12,277000,6132476.0,22.12,22.11,22.1,22.09,22.08,22.07,22.06,22.05,22.04,22.03,22.13,22.14,22.15,22.16,22.17,22.18,22.19,22.2,22.22,22.23,8300,9600,2100,8200,13000,24800,9200,24500,8300,11300,2800,3100,6200,11300,2800,22700,700,10400,4300,500
144.0,22.12,277400,6141324.0,22.12,22.11,22.1,22.09,22.08,22.07,22.06,22.05,22.04,22.03,22.13,22.14,22.15,22.16,22.17,22.18,22.19,22.2,22.22,22.23,7900,9600,2100,8200,13000,24800,9200,24500,8300,11300,2800,3100,6200,11300,2800,22700,700,10400,4300,500
145.0,22.12,278300,6161232.0,22.12,22.11,22.1,22.09,22.08,22.07,22.06,22.05,22.04,22.03,22.13,22.14,22.15,22.16,22.17,22.18,22.19,22.2,22.22,22.23,7000,9600,20200,8200,13000,24800,9200,24500,8300,11300,2800,3100,6200,11300,2800,22700,700,10400,4300,500
146.0,22.12,279200,6181140.0,22.12,22.11,22.1,22.09,22.08,22.07,22.06,22.05,22.04,22.03,22.13,22.14,22.15,22.16,22.17,22.18,22.19,22.2,22.22,22.23,6100,10300,19300,8200,13000,24800,9000,24500,8300,11300,2800,3100,6200,11300,2800,22700,700,10400,4300,500
147.0,22.12,279500,6187778.0,22.12,22.11,22.1,22.09,22.08,22.07,22.06,22.05,22.04,22.03,22.13,22.14,22.15,22.16,22.17,22.18,22.19,22.2,22.22,22.23,6000,10100,19300,8200,13000,24800,9000,24500,8300,11300,2600,3100,6200,11300,2800,22700,700,10400,4300,500
148.0,22.12,280700,6214322.0,22.12,22.11,22.1,22.09,22.08,22.07,22.06,22.05,22.04,22.03,22.13,22.14,22.15,22.16,22.17,22.18,22.19,22.2,22.22,22.23,4800,10100,19300,8200,13000,24800,9000,24500,8300,11300,2700,3100,6200,11300,2800,22700,700,10400,4300,500
149.0,22.12,280900,6218746.0,22.12,22.11,22.1,22.09,22.08,22.07,22.06,22.05,22.04,22.03,22.13,22.14,22.15,22.16,22.17,22.18,22.19,22.2,22.22,22.23,4600,10100,19800,8200,13000,24800,9000,24500,8300,11300,2800,3100,6100,9000,2800,22700,700,10400,4300,500
150.0,22.12,281100,6223170.0,22.12,22.11,22.1,22.09,22.08,22.07,22.06,22.05,22.04,22.03,22.13,22.14,22.15,22.16,22.17,22.18,22.19,22.2,22.22,22.23,4400,10400,21000,8200,13000,24800,9000,24500,8300,11300,2800,3900,6100,9000,2800,23700,700,10400,4300,500
151.0,22.12,281500,6232018.0,22.12,22.11,22.1,22.09,22.08,22.07,22.06,22.05,22.04,22.03,22.13,22.14,22.15,22.16,22.17,22.18,22.19,22.2,22.22,22.23,4000,10800,21000,8200,13000,24800,9000,24500,8300,11300,2800,3900,6100,9000,2800,23700,700,10400,3800,500
152.0,22.12,282800,6260783.0,22.12,22.11,22.1,22.09,22.08,22.07,22.06,22.05,22.04,22.03,22.13,22.14,22.15,22.16,22.17,22.18,22.19,22.2,22.22,22.23,3600,10800,21000,8200,13000,24800,9000,24500,8300,11300,1900,3900,6200,9000,2800,23700,700,10400,3800,500
153.0,22.12,283100,6267419.0,22.12,22.11,22.1,22.09,22.08,22.07,22.06,22.05,22.04,22.03,22.13,22.14,22.15,22.16,22.17,22.18,22.19,22.2,22.22,22.23,3300,10800,21000,8200,13000,24800,9000,24500,8300,11300,1900,3900,6200,9000,2800,23700,700,10400,3800,500
154.0,22.12,285000,6309447.0,22.12,22.11,22.1,22.09,22.08,22.07,22.06,22.05,22.04,22.03,22.13,22.14,22.15,22.16,22.17,22.18,22.19,22.2,22.22,22.23,1400,10800,21000,8200,13000,24800,9000,24500,8300,11300,4500,3900,6200,9000,2800,23700,700,10400,3800,500
155.0,22.13,289000,6397966.0,22.12,22.11,22.1,22.09,22.08,22.07,22.06,22.05,22.04,22.03,22.13,22.14,22.15,22.16,22.17,22.18,22.19,22.2,22.22,22.23,1300,11300,21100,8600,13000,24800,9000,24500,8300,11300,1100,800,6000,9000,2800,23700,700,10400,3800,500
156.0,22.12,289500,6409026.0,22.12,22.11,22.1,22.09,22.08,22.07,22.06,22.05,22.04,22.03,22.13,22.14,22.15,22.16,22.17,22.18,22.19,22.2,22.22,22.23,800,11300,21100,8600,13000,24800,9000,24500,8300,11300,1100,800,6000,9000,2800,23700,700,10400,3800,500
157.0,22.12,289800,6415662.0,22.12,22.11,22.1,22.09,22.08,22.07,22.06,22.05,22.04,22.03,22.13,22.14,22.15,22.16,22.17,22.18,22.19,22.2,22.22,22.23,500,11300,21100,8600,13000,24800,9000,24500,8300,11300,1100,800,6000,9000,2800,23700,700,10400,3800,500
158.0,22.11,291000,6442199.0,22.11,22.1,22.09,22.08,22.07,22.06,22.05,22.04,22.03,22.02,22.13,22.14,22.15,22.16,22.17,22.18,22.19,22.2,22.22,22.23,10600,21100,8600,13200,23800,9000,24500,8300,11300,10000,1100,800,6000,9000,2800,23700,700,10400,3800,500
159.0,22.11,291000,6442199.0,22.11,22.1,22.09,22.08,22.07,22.06,22.05,22.04,22.03,22.02,22.13,22.14,22.15,22.16,22.17,22.18,22.19,22.2,22.22,22.23,10600,21100,8600,13200,23800,9000,24500,8300,11300,10000,1100,800,6000,9000,2800,23700,700,10400,3800,500
160.0,22.15,293200,6490899.0,22.11,22.1,22.09,22.08,22.07,22.06,22.05,22.04,22.03,22.02,22.12,22.15,22.16,22.17,22.18,22.19,22.2,22.22,22.23,22.24,10600,21100,7600,13200,23800,9000,25000,8300,11300,10000,200,5700,9000,2800,23700,700,10400,3800,500,200
161.0,22.11,294100,6510798.0,22.11,22.1,22.09,22.08,22.07,22.06,22.05,22.04,22.03,22.02,22.12,22.15,22.16,22.17,22.18,22.19,22.2,22.22,22.23,22.24,10200,21100,7600,13200,23800,9000,25000,8300,11300,10000,200,5700,9000,2800,23700,700,10400,3800,500,200
162.0,22.11,313700,6944078.0,22.1,22.09,22.08,22.07,22.06,22.05,22.04,22.03,22.02,22.01,22.12,22.13,22.15,22.16,22.17,22.18,22.19,22.2,22.22,22.23,12800,7600,13200,23800,9000,25000,8300,11300,10000,16300,200,6100,5700,9000,2800,23700,900,10400,3800,500
163.0,22.12,314900,6970602.0,22.1,22.09,22.08,22.07,22.06,22.05,22.04,22.03,22.02,22.01,22.13,22.15,22.16,22.17,22.18,22.19,22.2,22.22,22.23,22.24,11800,9100,13200,23800,9000,25000,8300,11300,10000,16300,6300,5700,9000,2800,23700,900,10400,3800,500,200
164.0,22.12,315100,6975026.0,22.12,22.1,22.09,22.08,22.07,22.06,22.05,22.04,22.03,22.02,22.13,22.15,22.16,22.17,22.18,22.19,22.2,22.22,22.23,22.24,300,13700,9100,13200,23800,9000,25000,8300,11300,10000,7700,5700,9000,2800,23700,600,10400,3800,500,200
165.0,22.12,315100,6975026.0,22.12,22.1,22.09,22.08,22.07,22.06,22.05,22.04,22.03,22.02,22.13,22.15,22.16,22.17,22.18,22.19,22.2,22.22,22.23,22.24,400,13700,9100,13700,23800,9000,25000,8300,11300,10000,7700,5700,9000,2800,23700,600,10400,3800,500,200
166.0,22.12,315400,6981662.0,22.12,22.1,22.09,22.08,22.07,22.06,22.05,22.04,22.03,22.02,22.13,22.15,22.16,22.17,22.18,22.19,22.2,22.22,22.23,22.24,100,13700,9100,13700,23800,9000,25000,9300,11300,10000,8600,5700,9000,2800,24200,600,10400,3800,500,200
167.0,22.1,315700,6988294.0,22.11,22.1,22.09,22.08,22.07,22.06,22.05,22.04,22.03,22.02,22.13,22.15,22.16,22.17,22.18,22.19,22.2,22.22,22.23,22.24,600,13500,9100,13700,23800,9000,25000,9300,11300,10000,8600,5700,9000,2800,24200,600,10400,3800,500,200
168.0,22.11,315800,6990505.0,22.12,22.11,22.1,22.09,22.08,22.07,22.06,22.05,22.04,22.03,22.13,22.15,22.16,22.17,22.18,22.19,22.2,22.22,22.23,22.24,100,500,13500,9100,13700,23800,9000,25000,9300,11300,8600,5700,9000,2800,24200,600,10400,8800,500,200
169.0,22.11,315800,6990505.0,22.12,22.11,22.1,22.09,22.08,22.07,22.06,22.05,22.04,22.03,22.13,22.15,22.16,22.17,22.18,22.19,22.2,22.22,22.23,22.24,200,500,13500,10000,13700,23800,9500,25000,9300,11300,8800,5400,9000,2800,24200,600,10400,8800,500,200
170.0,22.13,317200,7021482.0,22.11,22.1,22.09,22.08,22.07,22.06,22.05,22.04,22.03,22.02,22.13,22.15,22.16,22.17,22.18,22.19,22.2,22.22,22.23,22.24,500,13500,10000,13700,23800,9500,25000,9300,11300,10000,7900,5400,9000,2800,24200,600,10400,8800,1500,200
171.0,22.11,317400,7025904.0,22.11,22.1,22.09,22.08,22.07,22.06,22.05,22.04,22.03,22.02,22.13,22.15,22.16,22.17,22.18,22.19,22.2,22.22,22.23,22.24,300,13500,10000,13700,23000,9500,25000,9300,11300,10000,7900,5400,9000,2800,24200,600,10400,8800,1500,200
172.0,22.13,317800,7034756.0,22.11,22.1,22.09,22.08,22.07,22.06,22.05,22.04,22.03,22.02,22.13,22.15,22.16,22.17,22.18,22.19,22.2,22.22,22.23,22.24,300,13500,10000,13700,23000,9500,25000,9300,11300,10000,7500,5400,9000,2800,24200,600,10400,8800,1500,200
173.0,22.1,319400,7070146.0,22.1,22.09,22.08,22.07,22.06,22.05,22.04,22.03,22.02,22.01,22.13,22.15,22.16,22.17,22.18,22.19,22.2,22.22,22.23,22.24,13100,10000,13700,23000,9500,25000,9300,11300,10000,16300,6700,5400,9000,2800,24200,600,10400,8800,1500,200
174.0,22.1,319400,7070146.0,22.1,22.09,22.08,22.07,22.06,22.05,22.04,22.03,22.02,22.01,22.13,22.15,22.16,22.17,22.18,22.19,22.2,22.22,22.23,22.24,13800,11000,13700,23000,9500,25000,9300,11300,10000,16300,7400,5400,9000,2800,24200,600,10400,8800,1500,200
175.0,22.13,319800,7078998.0,22.1,22.09,22.08,22.07,22.06,22.05,22.04,22.03,22.02,22.01,22.13,22.15,22.16,22.17,22.18,22.19,22.2,22.22,22.23,22.24,14300,11000,13700,23000,9500,25100,9300,11300,10000,16300,7500,5400,9000,2800,24200,600,10400,8800,1500,200
176.0,22.1,323000,7149784.0,22.1,22.09,22.08,22.07,22.06,22.05,22.04,22.03,22.02,22.01,22.13,22.15,22.16,22.17,22.18,22.19,22.2,22.22,22.23,22.24,14000,11000,13700,23000,9500,25100,9300,11300,10000,16300,6000,5400,9000,2800,24200,600,10400,8800,1500,200
177.0,22.11,323400,7158628.0,22.1,22.09,22.08,22.07,22.06,22.05,22.04,22.03,22.02,22.01,22.11,22.12,22.13,22.15,22.16,22.17,22.18,22.19,22.2,22.22,14000,11000,13700,23000,9500,25100,9300,11300,10000,16300,600,3000,6000,5400,9000,2800,24200,600,10400,8800
178.0,22.11,323400,7158628.0,22.1,22.09,22.08,22.07,22.06,22.05,22.04,22.03,22.02,22.01,22.11,22.12,22.13,22.15,22.16,22.17,22.18,22.19,22.2,22.22,14000,11000,13700,23000,9500,25100,9300,11300,10000,16300,600,3000,6000,5400,9000,2800,24200,600,10400,8800
179.0,22.11,323400,7158628.0,22.1,22.09,22.08,22.07,22.06,22.05,22.04,22.03,22.02,22.01,22.11,22.12,22.13,22.15,22.16,22.17,22.18,22.19,22.2,22.22,14900,11000,13700,23000,9500,25100,9300,11300,10000,16300,600,3000,6000,5400,9000,2800,24200,600,10400,8800
180.0,22.1,325300,7200618.0,22.1,22.09,22.08,22.07,22.06,22.05,22.04,22.03,22.02,22.01,22.11,22.12,22.13,22.15,22.16,22.17,22.18,22.19,22.2,22.22,13000,11000,13700,23000,9500,25100,9300,11300,10000,16300,600,3000,6100,5400,9000,2800,24200,600,10400,8800
181.0,22.11,325400,7202829.0,22.1,22.09,22.08,22.07,22.06,22.05,22.04,22.03,22.02,22.01,22.11,22.12,22.13,22.15,22.16,22.17,22.18,22.19,22.2,22.22,13000,11000,14000,23000,9500,25100,9300,11300,10000,16300,500,3200,6100,5400,9000,2800,24200,600,10400,8800
182.0,22.1,328100,7262510.0,22.1,22.09,22.08,22.07,22.06,22.05,22.04,22.03,22.02,22.01,22.12,22.13,22.15,22.16,22.17,22.18,22.19,22.2,22.22,22.23,11400,11000,14000,23000,9500,25100,9300,12300,10000,16300,3200,6200,5400,9000,2800,24100,600,10400,8800,1500
183.0,22.12,328400,7269146.0,22.1,22.09,22.08,22.07,22.06,22.05,22.04,22.03,22.02,22.01,22.12,22.13,22.15,22.16,22.17,22.18,22.19,22.2,22.22,22.23,12200,11800,14000,23000,9500,35000,9300,12300,10000,16300,2900,6200,5400,9000,2800,14100,600,10400,8800,1500
184.0,22.12,328600,7273570.0,22.1,22.09,22.08,22.07,22.06,22.05,22.04,22.03,22.02,22.01,22.11,22.12,22.13,22.15,22.16,22.17,22.18,22.19,22.2,22.22,12200,11800,14000,23000,9500,35000,9300,12300,10000,16300,200,2700,6000,5400,9000,2800,14100,600,10400,8800
185.0,22.11,328800,7277992.0,22.11,22.1,22.09,22.08,22.07,22.06,22.05,22.04,22.03,22.02,22.12,22.13,22.15,22.16,22.17,22.18,22.19,22.2,22.22,22.23,200,12300,11800,14000,23000,9600,35000,9300,12300,10000,2700,6000,5400,9000,2800,14100,600,10400,8800,1500
186.0,22.12,329000,7282416.0,22.11,22.1,22.09,22.08,22.07,22.06,22.05,22.04,22.03,22.02,22.12,22.13,22.15,22.16,22.17,22.18,22.19,22.2,22.22,22.23,200,13400,12000,14000,23000,9600,35000,9300,12300,10000,2500,6000,5400,9000,2800,14100,600,10400,8800,1500
187.0,22.12,329600,7295688.0,22.11,22.1,22.09,22.08,22.07,22.06,22.05,22.04,22.03,22.02,22.12,22.13,22.15,22.16,22.17,22.18,22.19,22.2,22.22,22.23,800,15000,12000,14000,23000,9600,35000,9300,12300,10000,1900,6000,5400,9000,2800,14100,600,10400,8800,1500
188.0,22.12,330100,7306748.0,22.11,22.1,22.09,22.08,22.07,22.06,22.05,22.04,22.03,22.02,22.12,22.13,22.15,22.16,22.17,22.18,22.19,22.2,22.22,22.23,1400,15000,13000,14000,23000,9500,35000,9300,12300,10000,1400,5900,5400,9000,2800,14100,600,10400,8800,1500
189.0,22.1,334100,7395166.0,22.1,22.09,22.08,22.07,22.06,22.05,22.04,22.03,22.02,22.01,22.12,22.13,22.15,22.16,22.17,22.18,22.19,22.2,22.22,22.23,12600,13100,14000,23000,9500,35000,9300,12300,10000,16300,1200,5900,5500,9000,2800,14100,600,10400,8800,1500
190.0,22.12,334400,7401802.0,22.11,22.1,22.09,22.08,22.07,22.06,22.05,22.04,22.03,22.02,22.12,22.13,22.15,22.16,22.17,22.18,22.19,22.2,22.22,22.23,2900,17600,13100,14000,23000,9500,35000,9300,12300,10000,900,5900,5500,9000,2800,14100,600,10400,8800,1500
191.0,22.12,334500,7404014.0,22.11,22.1,22.09,22.08,22.07,22.06,22.05,22.04,22.03,22.02,22.12,22.13,22.15,22.16,22.17,22.18,22.19,22.2,22.22,22.23,3200,17600,13100,14000,23000,9500,35100,9300,12300,10000,800,5900,5500,9000,2800,14100,600,10400,8800,1500
192.0,22.11,336700,7452663.0,22.11,22.1,22.09,22.08,22.07,22.06,22.05,22.04,22.03,22.02,22.12,22.13,22.15,22.16,22.17,22.18,22.19,22.2,22.22,22.23,1900,17600,13100,14000,23000,9500,35100,9300,12300,10000,100,5900,5700,8800,2800,14100,600,10400,8800,1500
193.0,22.13,337100,7461514.0,22.11,22.1,22.09,22.08,22.07,22.06,22.05,22.04,22.03,22.02,22.13,22.15,22.16,22.17,22.18,22.19,22.2,22.22,22.23,22.24,1900,27300,13100,14000,23000,9500,35100,9300,12300,10000,5600,5600,8900,2800,14100,600,10400,8800,1500,1800
194.0,22.13,337500,7470366.0,22.11,22.1,22.09,22.08,22.07,22.06,22.05,22.04,22.03,22.02,22.13,22.15,22.16,22.17,22.18,22.19,22.2,22.22,22.23,22.24,1900,27100,13200,14000,23000,9500,35100,9300,12300,10000,5200,5600,8900,2800,14100,600,10400,8800,1500,1800
195.0,22.13,337600,7472579.0,22.11,22.1,22.09,22.08,22.07,22.06,22.05,22.04,22.03,22.02,22.13,22.15,22.16,22.17,22.18,22.19,22.2,22.22,22.23,22.24,3700,27100,13200,14000,23000,9500,35100,9300,12300,10000,5100,5600,8900,2800,14100,600,10400,8800,1500,1800
196.0,22.13,337600,7472579.0,22.11,22.1,22.09,22.08,22.07,22.06,22.05,22.04,22.03,22.02,22.13,22.15,22.16,22.17,22.18,22.19,22.2,22.22,22.23,22.24,3700,27100,13200,14000,23000,9500,35100,9300,12300,10000,5100,5600,8900,2800,14100,600,10400,8800,1500,1800
197.0,22.13,339800,7521265.0,22.11,22.1,22.09,22.08,22.07,22.06,22.05,22.04,22.03,22.02,22.13,22.15,22.16,22.17,22.18,22.19,22.2,22.22,22.23,22.24,2400,27100,13200,14200,23000,9500,35100,9300,12300,10000,2900,5900,9000,2800,14100,600,10400,8800,1500,1800
198.0,22.11,340100,7527898.0,22.11,22.1,22.09,22.08,22.07,22.06,22.05,22.04,22.03,22.02,22.13,22.15,22.16,22.17,22.18,22.19,22.2,22.22,22.23,22.24,2100,30000,13200,14200,23000,9500,35100,9300,12300,10000,2900,5900,9000,2800,14100,600,10400,8800,1500,1800
199.0,22.11,340100,7527898.0,22.11,22.1,22.09,22.08,22.07,22.06,22.05,22.04,22.03,22.02,22.13,22.15,22.16,22.17,22.18,22.19,22.2,22.22,22.23,22.24,2100,30000,14400,14200,23000,9500,35100,9300,12300,10000,2900,5900,9200,2800,14100,600,10400,8800,1500,1800
200.0,22.13,340300,7532324.0,22.11,22.1,22.09,22.08,22.07,22.06,22.05,22.04,22.03,22.02,22.13,22.15,22.16,22.17,22.18,22.19,22.2,22.22,22.23,22.24,3000,30000,14300,14700,23000,9500,35100,9300,12300,10000,2700,5900,9200,2800,14100,600,10400,8800,1500,1800
201.0,22.13,340500,7536750.0,22.11,22.1,22.09,22.08,22.07,22.06,22.05,22.04,22.03,22.02,22.13,22.15,22.16,22.17,22.18,22.19,22.2,22.22,22.23,22.24,4200,30000,14300,14700,23000,9500,35100,9300,12300,10000,2500,5900,9200,3300,14100,600,10400,8800,1500,1800
202.0,22.13,340500,7536750.0,22.11,22.1,22.09,22.08,22.07,22.06,22.05,22.04,22.03,22.02,22.13,22.15,22.16,22.17,22.18,22.19,22.2,22.22,22.23,22.24,4200,30000,14300,14700,23000,9500,35100,9300,12300,10000,2500,5900,9200,3300,14100,600,10400,8800,1500,1800
203.0,22.13,340600,7538963.0,22.11,22.1,22.09,22.08,22.07,22.06,22.05,22.04,22.03,22.02,22.13,22.15,22.16,22.17,22.18,22.19,22.2,22.22,22.23,22.24,4200,30000,14300,14700,23000,9500,35100,9300,12300,10000,2400,12900,9200,3300,14100,600,10400,8800,1500,1800
204.0,22.11,345700,7651736.0,22.1,22.09,22.08,22.07,22.06,22.05,22.04,22.03,22.02,22.01,22.11,22.13,22.15,22.16,22.17,22.18,22.19,22.2,22.22,22.23,30000,14300,14700,23000,9500,35100,9300,12300,10000,16300,3900,1800,14400,9200,4000,14100,600,10400,8800,1500
205.0,22.11,346300,7665002.0,22.1,22.09,22.08,22.07,22.06,22.05,22.04,22.03,22.02,22.01,22.11,22.13,22.15,22.16,22.17,22.18,22.19,22.2,22.22,22.23,30300,14300,14700,23000,9500,35100,9300,12300,10000,16300,3300,1800,14400,9200,4000,14100,600,10400,8800,1500
206.0,22.11,348600,7715855.0,22.1,22.09,22.08,22.07,22.06,22.05,22.04,22.03,22.02,22.01,22.11,22.13,22.14,22.15,22.16,22.17,22.18,22.19,22.2,22.22,30300,14300,19700,23000,9500,35100,9300,12300,10000,16300,1000,1800,700,14400,9200,5000,14100,600,10400,8800
207.0,22.11,349200,7729121.0,22.1,22.09,22.08,22.07,22.06,22.05,22.04,22.03,22.02,22.01,22.11,22.13,22.14,22.15,22.16,22.17,22.18,22.19,22.2,22.22,30300,14300,19700,23000,9500,35100,9300,12300,10000,16300,400,1800,700,14400,10200,5000,14100,800,10400,8800
208.0,22.11,349200,7729121.0,22.1,22.09,22.08,22.07,22.06,22.05,22.04,22.03,22.02,22.01,22.11,22.13,22.14,22.15,22.16,22.17,22.18,22.19,22.2,22.22,30300,14300,19700,23000,9500,35100,9300,12300,10000,16300,400,1800,700,14400,10200,5000,14100,800,10400,8800
209.0,22.11,349200,7729121.0,22.1,22.09,22.08,22.07,22.06,22.05,22.04,22.03,22.02,22.01,22.11,22.13,22.14,22.15,22.16,22.17,22.18,22.19,22.2,22.22,30300,14300,19700,23000,9500,35100,9300,12300,10000,17300,400,1800,700,14400,10200,5000,14100,800,10400,8800
210.0,22.13,351300,7775556.0,22.1,22.09,22.08,22.07,22.06,22.05,22.04,22.03,22.02,22.01,22.13,22.14,22.15,22.16,22.17,22.18,22.19,22.2,22.22,22.23,29400,14300,19700,23000,9500,35100,9300,12300,10000,19900,1100,800,14400,10200,5000,14100,800,10400,8800,1500
211.0,22.13,351500,7779982.0,22.11,22.1,22.09,22.08,22.07,22.06,22.05,22.04,22.03,22.02,22.13,22.14,22.15,22.16,22.17,22.18,22.19,22.2,22.22,22.23,100,31200,14300,19700,23000,9500,35100,9300,14000,10000,1300,800,14400,10200,5000,14100,800,10400,8800,1500
212.0,22.13,352900,7810964.0,22.11,22.1,22.09,22.08,22.07,22.06,22.05,22.04,22.03,22.02,22.13,22.14,22.15,22.16,22.17,22.18,22.19,22.2,22.22,22.23,1100,30800,15300,19700,23000,9500,35100,9300,14000,10000,300,800,14400,10200,5000,14200,800,10400,8800,1500
213.0,22.13,352900,7810964.0,22.11,22.1,22.09,22.08,22.07,22.06,22.05,22.04,22.03,22.02,22.13,22.14,22.15,22.16,22.17,22.18,22.19,22.2,22.22,22.23,1600,30800,15300,19700,23000,9500,35300,9300,14000,10000,300,800,14400,10200,5100,14200,800,10400,8800,1500
214.0,22.13,352900,7810964.0,22.11,22.1,22.09,22.08,22.07,22.06,22.05,22.04,22.03,22.02,22.13,22.14,22.15,22.16,22.17,22.18,22.19,22.2,22.22,22.23,1800,31400,15300,19700,23000,9500,35300,9300,14000,10000,300,800,14400,10200,5100,14200,700,10400,8800,1500
215.0,22.14,353500,7824245.0,22.11,22.1,22.09,22.08,22.07,22.06,22.05,22.04,22.03,22.02,22.14,22.15,22.16,22.17,22.18,22.19,22.2,22.22,22.23,22.24,2400,31300,15400,19700,23000,9500,35300,9300,14000,10000,500,14400,10200,6100,14200,700,10400,8800,1500,1800
216.0,22.14,353900,7833101.0,22.11,22.1,22.09,22.08,22.07,22.06,22.05,22.04,22.03,22.02,22.14,22.15,22.16,22.17,22.18,22.19,22.2,22.22,22.23,22.24,2800,31300,15400,19700,23000,9500,35300,9300,14000,10000,500,14400,10200,6100,14200,700,10400,8800,1500,1800
217.0,22.14,354100,7837529.0,22.11,22.1,22.09,22.08,22.07,22.06,22.05,22.04,22.03,22.02,22.14,22.15,22.16,22.17,22.18,22.19,22.2,22.22,22.23,22.24,3300,31300,15400,19700,23000,9500,35300,9300,14000,10000,800,12900,10200,6100,16000,700,10400,8800,1500,1800
218.0,22.15,355100,7859671.0,22.11,22.1,22.09,22.08,22.07,22.06,22.05,22.04,22.03,22.02,22.15,22.16,22.17,22.18,22.19,22.2,22.22,22.23,22.24,22.25,3300,31300,15400,19700,23000,9500,35300,9300,14000,10000,12700,10200,6100,16000,700,10400,8800,1500,1800,10800
219.0,22.11,355400,7866304.0,22.14,22.11,22.1,22.09,22.08,22.07,22.06,22.05,22.04,22.03,22.15,22.16,22.17,22.18,22.19,22.2,22.22,22.23,22.24,22.25,8300,4200,24000,15400,19700,23000,9500,35300,9300,14000,16400,10200,6100,16000,700,10400,8800,1500,1800,10800
220.0,22.11,355400,7866304.0,22.14,22.11,22.1,22.09,22.08,22.07,22.06,22.05,22.04,22.03,22.15,22.16,22.17,22.18,22.19,22.2,22.22,22.23,22.24,22.25,8700,4200,24000,15400,19700,23000,9100,35300,9300,14000,16400,10200,6100,16000,700,10400,8800,1500,1800,10800
221.0,22.15,356400,7888454.0,22.14,22.11,22.1,22.09,22.08,22.07,22.06,22.05,22.04,22.03,22.15,22.16,22.17,22.18,22.19,22.2,22.22,22.23,22.24,22.25,8700,5200,24000,15400,19700,23000,9100,35100,9300,14000,15400,10200,6100,16000,700,12400,8800,1500,1800,10800
222.0,22.15,356500,7890669.0,22.14,22.13,22.11,22.1,22.09,22.08,22.07,22.06,22.05,22.04,22.15,22.16,22.17,22.18,22.19,22.2,22.22,22.23,22.24,22.25,8700,400,7200,24000,15400,19700,23000,9100,35500,9300,15300,10200,6100,16000,700,12400,8400,1500,1800,10800
223.0,22.15,356500,7890669.0,22.14,22.13,22.11,22.1,22.09,22.08,22.07,22.06,22.05,22.04,22.15,22.16,22.17,22.18,22.19,22.2,22.22,22.23,22.24,22.25,8700,400,8200,24500,15400,19700,23000,9100,35500,9300,15400,10200,6100,16000,700,12400,8400,1500,1800,10800
224.0,22.15,357000,7901744.0,22.14,22.13,22.11,22.1,22.09,22.08,22.07,22.06,22.05,22.04,22.15,22.16,22.17,22.18,22.19,22.2,22.22,22.23,22.24,22.25,8700,400,8200,24500,15400,19700,23000,9100,35500,9300,14900,10200,6100,16000,700,12400,8400,1500,1800,10800
225.0,22.15,358900,7943829.0,22.14,22.13,22.11,22.1,22.09,22.08,22.07,22.06,22.05,22.04,22.15,22.16,22.17,22.18,22.19,22.2,22.22,22.23,22.24,22.25,8700,400,8200,24500,15400,19700,23000,9100,35500,9300,13000,10200,6100,16000,700,12400,8400,1500,1800,10800
226.0,22.14,367800,8140877.0,22.13,22.11,22.1,22.09,22.08,22.07,22.06,22.05,22.04,22.03,22.14,22.15,22.16,22.17,22.18,22.19,22.2,22.22,22.23,22.24,400,8700,24500,15400,19700,23000,9100,35500,9300,14000,600,13400,10200,6100,16000,700,12400,8400,1500,1800
227.0,22.15,368900,8165233.0,22.13,22.11,22.1,22.09,22.08,22.07,22.06,22.05,22.04,22.03,22.15,22.16,22.17,22.18,22.19,22.2,22.22,22.23,22.24,22.25,400,8700,24500,16200,19700,23000,9100,35500,9300,14000,13400,10200,6100,16000,700,12400,8400,1500,1800,10800
228.0,22.13,369300,8174085.0,22.11,22.1,22.09,22.08,22.07,22.06,22.05,22.04,22.03,22.02,22.13,22.14,22.15,22.16,22.17,22.18,22.19,22.2,22.22,22.23,8700,24500,16200,19700,23000,9100,34800,9300,14000,11600,2000,2100,13500,10200,6100,16000,700,12400,8400,1500
229.0,22.13,369700,8182937.0,22.11,22.1,22.09,22.08,22.07,22.06,22.05,22.04,22.03,22.02,22.13,22.14,22.15,22.16,22.17,22.18,22.19,22.2,22.22,22.23,8700,24500,16200,19700,23000,9100,34800,9300,14000,11600,1600,2100,13500,10200,6100,16000,700,12400,8400,1500
230.0,22.13,369700,8182937.0,22.12,22.11,22.1,22.09,22.08,22.07,22.06,22.05,22.04,22.03,22.13,22.14,22.15,22.16,22.17,22.18,22.19,22.2,22.22,22.23,100,8600,24500,16200,19700,23000,9100,34800,9300,14000,1600,2100,11000,10200,6100,16000,700,12400,8400,1500
231.0,22.13,369700,8182937.0,22.12,22.11,22.1,22.09,22.08,22.07,22.06,22.05,22.04,22.03,22.13,22.14,22.15,22.16,22.17,22.18,22.19,22.2,22.22,22.23,600,8700,24500,16200,19700,23000,9100,34800,9300,14000,1600,2100,10400,10200,6100,16000,700,12400,8400,1500
232.0,22.13,369700,8182937.0,22.12,22.11,22.1,22.09,22.08,22.07,22.06,22.05,22.04,22.03,22.13,22.14,22.15,22.16,22.17,22.18,22.19,22.2,22.22,22.23,600,8700,27500,16200,19700,23000,9100,34800,9300,14000,1600,2100,10400,10200,6100,16000,700,12400,8400,1500
233.0,22.13,369700,8182937.0,22.12,22.11,22.1,22.09,22.08,22.07,22.06,22.05,22.04,22.03,22.13,22.14,22.15,22.16,22.17,22.18,22.19,22.2,22.22,22.23,600,8700,28100,16200,19700,23000,9100,34800,9300,14000,2100,2100,10400,10200,6100,16000,700,12400,8400,1500
234.0,22.13,370100,8191789.0,22.12,22.11,22.1,22.09,22.08,22.07,22.06,22.05,22.04,22.03,22.13,22.14,22.15,22.16,22.17,22.18,22.19,22.2,22.22,22.23,600,9000,28100,16200,19700,23000,9100,34800,9300,14000,1700,2100,10400,10200,6100,16000,700,12400,8400,1500
235.0,22.13,370200,8194002.0,22.12,22.11,22.1,22.09,22.08,22.07,22.06,22.05,22.04,22.03,22.13,22.14,22.15,22.16,22.17,22.18,22.19,22.2,22.22,22.23,600,9000,28100,16200,19700,23000,9100,34800,9300,14000,1600,2100,10400,10200,6100,16000,700,12700,8400,1500
236.0,22.13,371800,8229410.0,22.12,22.11,22.1,22.09,22.08,22.07,22.06,22.05,22.04,22.03,22.13,22.14,22.15,22.16,22.17,22.18,22.19,22.2,22.22,22.23,600,9000,28100,16200,19700,23000,9100,34800,9300,14000,300,2100,10400,10200,6100,16000,700,12700,8400,1500
237.0,22.13,371800,8229410.0,22.12,22.11,22.1,22.09,22.08,22.07,22.06,22.05,22.04,22.03,22.13,22.14,22.15,22.16,22.17,22.18,22.19,22.2,22.22,22.23,1600,9000,28100,16200,19700,23000,9100,34800,9300,14000,300,2100,10400,10200,6100,16000,700,12700,8400,1500
238.0,22.14,374200,8282543.0,22.14,22.12,22.11,22.1,22.09,22.08,22.07,22.06,22.05,22.04,22.15,22.16,22.17,22.18,22.19,22.2,22.22,22.23,22.24,22.25,14900,2600,9000,32500,16200,19700,23000,9100,34800,9300,10400,10200,6100,20000,700,12700,8400,1500,1800,10800
239.0,22.15,374700,8293618.0,22.14,22.12,22.11,22.1,22.09,22.08,22.07,22.06,22.05,22.04,22.15,22.16,22.17,22.18,22.19,22.2,22.22,22.23,22.24,22.25,15000,2100,8100,33000,16200,19700,23000,9100,34800,9300,9900,10200,6100,20000,700,12700,8400,1500,1800,10800
240.0,22.15,374700,8293618.0,22.14,22.13,22.12,22.11,22.1,22.09,22.08,22.07,22.06,22.05,22.15,22.16,22.17,22.18,22.19,22.2,22.22,22.23,22.24,22.25,15000,1000,2100,8100,34500,16200,19700,23000,9100,34800,9900,10200,6100,20000,700,12700,8400,1500,1800,10800
241.0,22.14,376800,8340123.0,22.14,22.13,22.12,22.11,22.1,22.09,22.08,22.07,22.06,22.05,22.15,22.16,22.17,22.18,22.19,22.2,22.22,22.23,22.24,22.25,15400,1000,2100,8100,34500,16200,19700,23000,9100,34800,8800,10200,6100,20000,700,12700,8400,1500,1800,10800
242.0,22.14,378800,8384405.0,22.14,22.13,22.12,22.11,22.1,22.09,22.08,22.07,22.06,22.05,22.15,22.16,22.17,22.18,22.19,22.2,22.22,22.23,22.24,22.25,13900,1000,2100,8100,34500,16200,19700,23000,9100,34800,8600,10200,6100,20000,1200,12700,8400,1500,1800,10800
243.0,22.14,378800,8384405.0,22.14,22.13,22.12,22.11,22.1,22.09,22.08,22.07,22.06,22.05,22.15,22.16,22.17,22.18,22.19,22.2,22.22,22.23,22.24,22.25,13900,1000,2100,8100,34500,16200,19700,23000,9100,34800,8600,10600,6100,20000,1200,12700,8400,1500,1800,10800
244.0,22.15,379700,8404340.0,22.14,22.13,22.12,22.11,22.1,22.09,22.08,22.07,22.06,22.05,22.15,22.16,22.17,22.18,22.19,22.2,22.22,22.23,22.24,22.25,13900,1000,2100,8100,34500,16200,19700,23000,9100,34800,7700,10600,6100,20000,1200,12700,8400,1500,1800,10800
245.0,22.14,381100,8435336.0,22.14,22.13,22.12,22.11,22.1,22.09,22.08,22.07,22.06,22.05,22.15,22.16,22.17,22.18,22.19,22.2,22.22,22.23,22.24,22.25,12500,1000,2100,8100,34500,16200,19700,23000,9100,34800,7700,10600,5100,20000,1200,12700,8400,1500,1800,10800
246.0,22.15,381300,8439766.0,22.14,22.13,22.12,22.11,22.1,22.09,22.08,22.07,22.06,22.05,22.15,22.16,22.17,22.18,22.19,22.2,22.22,22.23,22.24,22.25,12500,1000,2100,8100,34500,16200,19700,23000,9100,34800,8000,10600,5100,20000,1200,12700,8400,1500,1800,10800
247.0,22.15,381700,8448626.0,22.14,22.13,22.12,22.11,22.1,22.09,22.08,22.07,22.06,22.05,22.15,22.16,22.17,22.18,22.19,22.2,22.22,22.23,22.24,22.25,21400,1000,2100,8100,34500,16200,19700,23000,9100,34800,7600,10600,5100,20000,1200,12700,8400,1500,1800,10800
248.0,22.14,382500,8466342.0,22.14,22.13,22.12,22.11,22.1,22.09,22.08,22.07,22.06,22.05,22.15,22.16,22.17,22.18,22.19,22.2,22.22,22.23,22.24,22.25,21000,1000,2100,8100,34500,16200,19700,23000,9100,34800,7200,10600,5100,19900,1200,12700,8400,1500,1800,10800
249.0,22.14,382500,8466342.0,22.14,22.13,22.12,22.11,22.1,22.09,22.08,22.07,22.06,22.05,22.15,22.16,22.17,22.18,22.19,22.2,22.22,22.23,22.24,22.25,22400,1000,2100,8100,34500,16200,19700,23000,9100,34800,7200,10600,5100,19900,1200,12700,8400,1500,1800,10800
250.0,22.15,384500,8510634.0,22.14,22.13,22.12,22.11,22.1,22.09,22.08,22.07,22.06,22.05,22.15,22.16,22.17,22.18,22.19,22.2,22.22,22.23,22.24,22.25,21600,1000,2100,8100,34500,16200,19700,23000,9100,34800,6000,10600,5100,19900,3600,12600,8400,1500,1800,10800
251.0,22.15,386400,8552719.0,22.14,22.13,22.12,22.11,22.1,22.09,22.08,22.07,22.06,22.05,22.15,22.16,22.17,22.18,22.19,22.2,22.22,22.23,22.24,22.25,21600,1000,2100,8100,34500,16200,19700,23000,9100,34800,4100,10600,5100,19900,3600,12600,8400,1500,1800,10800
252.0,22.15,386500,8554934.0,22.14,22.13,22.12,22.11,22.1,22.09,22.08,22.07,22.06,22.05,22.15,22.16,22.17,22.18,22.19,22.2,22.22,22.23,22.24,22.25,21600,1000,2100,21700,34500,16200,19700,23000,9100,34800,4000,10600,5100,19900,3600,12600,8400,1500,1800,10800
253.0,22.15,387100,8568224.0,22.14,22.13,22.12,22.11,22.1,22.09,22.08,22.07,22.06,22.05,22.15,22.16,22.17,22.18,22.19,22.2,22.22,22.23,22.24,22.25,21600,1000,2100,21700,34500,16200,19700,23000,9100,34800,5100,10600,5300,22100,3600,12600,8400,1500,1800,10800
254.0,22.15,389100,8612524.0,22.14,22.13,22.12,22.11,22.1,22.09,22.08,22.07,22.06,22.05,22.15,22.16,22.17,22.18,22.19,22.2,22.22,22.23,22.24,22.25,21600,1000,2100,21700,35000,16200,19700,23000,9100,34800,5100,10600,5300,22100,3600,12600,8400,1500,1800,10800
255.0,22.15,389100,8612524.0,22.14,22.13,22.12,22.11,22.1,22.09,22.08,22.07,22.06,22.05,22.15,22.16,22.17,22.18,22.19,22.2,22.22,22.23,22.24,22.25,21700,1000,2100,21700,35000,16200,19700,23000,9100,34800,5100,10600,5300,22100,3600,12600,8400,1500,1800,10800
256.0,22.14,391700,8670088.0,22.14,22.13,22.12,22.11,22.1,22.09,22.08,22.07,22.06,22.05,22.15,22.16,22.17,22.18,22.19,22.2,22.22,22.23,22.24,22.25,19100,3000,2100,21700,35000,16200,19700,23000,9100,34800,5100,10600,5400,22100,3600,12600,8400,1500,1800,10800
257.0,22.14,391800,8672302.0,22.14,22.13,22.12,22.11,22.1,22.09,22.08,22.07,22.06,22.05,22.15,22.16,22.17,22.18,22.19,22.2,22.22,22.23,22.24,22.25,19000,3000,2100,21700,35000,16200,19700,23000,9100,34800,5100,10600,5600,22100,3600,12600,8400,1500,1800,10800
258.0,22.15,397300,8794123.0,22.15,22.14,22.13,22.12,22.11,22.1,22.09,22.08,22.07,22.06,22.16,22.17,22.18,22.19,22.2,22.22,22.23,22.24,22.25,22.26,600,18600,3000,2100,21700,35000,16200,19700,23000,9100,19600,5700,22100,3600,12600,8400,1500,1800,10800,3200
259.0,22.15,397300,8794123.0,22.15,22.14,22.13,22.12,22.11,22.1,22.09,22.08,22.07,22.06,22.16,22.17,22.18,22.19,22.2,22.22,22.23,22.24,22.25,22.26,600,18600,3200,2100,21700,35000,16200,19700,23000,9100,19600,5700,22100,3600,12600,8400,1500,1800,10800,3200
260.0,22.15,397600,8800768.0,22.15,22.14,22.13,22.12,22.11,22.1,22.09,22.08,22.07,22.06,22.16,22.17,22.18,22.19,22.2,22.22,22.23,22.24,22.25,22.26,400,18500,3200,2100,21700,35000,16200,19700,23000,9100,19800,5700,22100,3600,12600,8400,1500,1800,10800,3200
261.0,22.15,397600,8800768.0,22.15,22.14,22.13,22.12,22.11,22.1,22.09,22.08,22.07,22.06,22.16,22.17,22.18,22.19,22.2,22.22,22.23,22.24,22.25,22.26,400,18500,3200,2100,21700,35600,16200,19700,23000,9100,19900,9300,22100,3600,12600,8400,1500,1800,10800,3200
262.0,22.16,398500,8820712.0,22.15,22.14,22.13,22.12,22.11,22.1,22.09,22.08,22.07,22.06,22.16,22.17,22.18,22.19,22.2,22.22,22.23,22.24,22.25,22.26,400,18500,3200,2100,21700,35600,16200,19700,23000,9100,19000,9800,22100,3600,12600,8400,1500,1800,10800,3200
263.0,22.15,399900,8851722.0,22.14,22.13,22.12,22.11,22.1,22.09,22.08,22.07,22.06,22.05,22.15,22.16,22.17,22.18,22.19,22.2,22.22,22.23,22.24,22.25,19200,3200,2100,21700,35600,16200,19700,23000,9100,34800,5100,19000,9800,22100,3600,12600,8400,1500,1800,10800
264.0,22.15,404000,8942537.0,22.14,22.13,22.12,22.11,22.1,22.09,22.08,22.07,22.06,22.05,22.15,22.16,22.17,22.18,22.19,22.2,22.22,22.23,22.24,22.25,16400,3200,2100,21700,35600,16200,19700,23000,9100,34800,1000,19000,9800,22100,3600,12600,8400,1500,1800,10800
265.0,22.15,404400,8951397.0,22.14,22.13,22.12,22.11,22.1,22.09,22.08,22.07,22.06,22.05,22.15,22.16,22.17,22.18,22.19,22.2,22.22,22.23,22.24,22.25,16400,3200,2100,21700,35600,16200,19700,23000,9100,34800,700,19000,9800,22100,3600,12600,8400,1500,1800,10800
266.0,22.15,405300,8971332.0,22.15,22.14,22.13,22.12,22.11,22.1,22.09,22.08,22.07,22.06,22.16,22.17,22.18,22.19,22.2,22.22,22.23,22.24,22.25,22.26,400,16400,3200,2100,21700,35600,16200,19700,23000,9100,19000,9800,22100,3600,12600,8400,1500,1800,10800,3200
267.0,22.16,405900,8984628.0,22.15,22.14,22.13,22.12,22.11,22.1,22.09,22.08,22.07,22.06,22.16,22.17,22.18,22.19,22.2,22.22,22.23,22.24,22.25,22.26,400,16400,3200,2100,22100,33600,16200,19700,23000,9100,18400,9800,22100,3600,12600,8400,1500,1800,10800,3200
268.0,22.16,405900,8984628.0,22.15,22.14,22.13,22.12,22.11,22.1,22.09,22.08,22.07,22.06,22.16,22.17,22.18,22.19,22.2,22.22,22.23,22.24,22.25,22.26,600,16500,3200,2100,22100,33600,16200,19700,23000,9100,18400,9800,22100,3600,12600,8400,1500,1800,10800,3200
269.0,22.16,405900,8984628.0,22.15,22.14,22.13,22.12,22.11,22.1,22.09,22.08,22.07,22.06,22.16,22.17,22.18,22.19,22.2,22.22,22.23,22.24,22.25,22.26,600,16500,3200,2100,22100,34600,16200,19700,23000,9100,18500,9800,22100,3600,12600,8400,1500,1800,10800,3200
270.0,22.16,407100,9011220.0,22.15,22.14,22.13,22.12,22.11,22.1,22.09,22.08,22.07,22.06,22.16,22.17,22.18,22.19,22.2,22.22,22.23,22.24,22.25,22.26,600,16500,3200,2100,22100,34600,16200,19700,23000,9100,17300,10200,22100,3600,12600,8400,1500,1800,10800,3200
271.0,22.16,407100,9011220.0,22.15,22.14,22.13,22.12,22.11,22.1,22.09,22.08,22.07,22.06,22.16,22.17,22.18,22.19,22.2,22.22,22.23,22.24,22.25,22.26,600,16500,3200,2100,22100,34600,16200,19700,23000,9100,17300,10200,22100,3600,12600,8600,1500,1800,10800,3200
272.0,22.16,407100,9011220.0,22.15,22.14,22.13,22.12,22.11,22.1,22.09,22.08,22.07,22.06,22.16,22.17,22.18,22.19,22.2,22.22,22.23,22.24,22.25,22.26,800,16500,3200,2200,22100,34600,16200,19700,23000,9100,17300,10200,22100,3600,12600,8600,1500,1800,10800,3200
273.0,22.16,407500,9020084.0,22.15,22.14,22.13,22.12,22.11,22.1,22.09,22.08,22.07,22.06,22.16,22.17,22.18,22.19,22.2,22.22,22.23,22.24,22.25,22.26,800,16500,3200,2200,22100,35100,16700,19700,23000,9100,16900,10200,22100,3600,12600,8600,1500,1800,10800,3200
274.0,22.16,408400,9040028.0,22.15,22.14,22.13,22.12,22.11,22.1,22.09,22.08,22.07,22.06,22.16,22.17,22.18,22.19,22.2,22.22,22.23,22.24,22.25,22.26,800,16500,3200,2200,22100,35100,16700,19700,23000,9100,16000,10200,22100,3600,12600,8600,1500,1800,10800,3200
275.0,22.15,408600,9044458.0,22.15,22.14,22.13,22.12,22.11,22.1,22.09,22.08,22.07,22.06,22.16,22.17,22.18,22.19,22.2,22.22,22.23,22.24,22.25,22.26,600,16500,3200,2200,22100,35100,16700,19700,23000,9100,16000,10200,22100,3600,12600,8600,1500,1800,10800,3200
276.0,22.15,409200,9057748.0,22.15,22.14,22.13,22.12,22.11,22.1,22.09,22.08,22.07,22.06,22.16,22.17,22.18,22.19,22.2,22.22,22.23,22.24,22.25,22.26,500,16500,3200,2200,22100,35100,16700,19700,23000,9100,16000,10200,22100,3600,12600,8600,1500,1800,10800,3200
277.0,22.15,410200,9079902.0,22.14,22.13,22.12,22.11,22.1,22.09,22.08,22.07,22.06,22.05,22.15,22.16,22.17,22.18,22.19,22.2,22.22,22.23,22.24,22.25,16400,3200,2200,22100,35100,16700,19700,23000,9100,34800,700,15700,10200,22100,3600,12100,8600,1500,1800,10800
278.0,22.14,411700,9113115.0,22.14,22.13,22.12,22.11,22.1,22.09,22.08,22.07,22.06,22.05,22.15,22.16,22.17,22.18,22.19,22.2,22.22,22.23,22.24,22.25,15200,3200,2200,22100,35100,16700,19700,23000,9100,34800,700,15700,10200,22100,3600,12100,9100,1500,1800,10800
279.0,22.15,412200,9124190.0,22.14,22.13,22.12,22.11,22.1,22.09,22.08,22.07,22.06,22.05,22.15,22.16,22.17,22.18,22.19,22.2,22.22,22.23,22.24,22.25,14500,3200,2200,21600,35100,16700,19700,23000,9100,34800,200,15700,12500,22100,3600,12100,9100,1500,1800,10800
280.0,22.16,413700,9157416.0,22.15,22.14,22.13,22.12,22.11,22.1,22.09,22.08,22.07,22.06,22.16,22.17,22.18,22.19,22.2,22.22,22.23,22.24,22.25,22.26,100,14500,3200,2200,21600,35100,16700,19700,23000,9100,15600,12500,22100,3600,12100,9100,1500,1800,10800,3200
281.0,22.14,418100,9254834.0,22.14,22.13,22.12,22.11,22.1,22.09,22.08,22.07,22.06,22.05,22.15,22.16,22.17,22.18,22.19,22.2,22.22,22.23,22.24,22.25,11000,3200,2200,21600,35600,16700,19700,23000,9100,34800,5500,15800,12500,22100,3600,12100,9100,1500,1800,10800
282.0,22.15,422200,9345619.0,22.14,22.13,22.12,22.11,22.1,22.09,22.08,22.07,22.06,22.05,22.15,22.16,22.17,22.18,22.19,22.2,22.22,22.23,22.24,22.25,8000,3200,2200,21600,35600,16700,19700,23000,9100,34800,4800,15800,12500,22100,3600,12100,9100,1500,1800,10800
283.0,22.15,422600,9354479.0,22.14,22.13,22.12,22.11,22.1,22.09,22.08,22.07,22.06,22.05,22.15,22.16,22.17,22.18,22.19,22.2,22.22,22.23,22.24,22.25,8000,3200,2200,21600,35600,16700,19700,23000,9100,34800,4400,16500,12500,22100,3600,12100,9100,1500,1800,10800
284.0,22.15,422900,9361124.0,22.14,22.13,22.12,22.11,22.1,22.09,22.08,22.07,22.06,22.05,22.15,22.16,22.17,22.18,22.19,22.2,22.22,22.23,22.24,22.25,8000,3200,2200,21600,35600,16700,19700,23000,9100,34800,4100,16500,12500,22100,3600,12100,9100,1500,1800,10800
285.0,22.15,424100,9387704.0,22.14,22.13,22.12,22.11,22.1,22.09,22.08,22.07,22.06,22.05,22.15,22.16,22.17,22.18,22.19,22.2,22.22,22.23,22.24,22.25,8000,3200,2200,21600,35600,16700,19700,23000,9100,34800,2900,16500,12500,22100,3600,12100,9100,1500,1800,10800
286.0,22.15,424300,9392134.0,22.14,22.13,22.12,22.11,22.1,22.09,22.08,22.07,22.06,22.05,22.15,22.16,22.17,22.18,22.19,22.2,22.22,22.23,22.24,22.25,8000,3200,2200,21600,35600,16700,19700,23000,9100,34800,2700,16500,12800,22100,3600,12100,9100,1500,1800,10800
287.0,22.15,438900,9715416.0,22.13,22.12,22.11,22.1,22.09,22.08,22.07,22.06,22.05,22.04,22.15,22.16,22.17,22.18,22.19,22.2,22.22,22.23,22.24,22.25,3200,2200,21600,35600,16700,19700,23000,9100,34800,9300,700,16500,12800,22100,3600,12100,9100,1500,1800,10800
288.0,22.15,438900,9715416.0,22.13,22.12,22.11,22.1,22.09,22.08,22.07,22.06,22.05,22.04,22.15,22.16,22.17,22.18,22.19,22.2,22.22,22.23,22.24,22.25,3200,2200,21600,35600,16700,19700,23000,9100,34800,9300,1000,16500,12800,22100,3600,12100,9100,1500,1800,10800
289.0,22.16,440200,9744214.0,22.13,22.12,22.11,22.1,22.09,22.08,22.07,22.06,22.05,22.04,22.16,22.17,22.18,22.19,22.2,22.22,22.23,22.24,22.25,22.26,3200,2200,21600,35600,16700,19700,23000,9100,34800,9300,16200,12800,22100,3600,12100,9100,1500,1800,10800,3200
290.0,22.16,441700,9777451.0,22.13,22.12,22.11,22.1,22.09,22.08,22.07,22.06,22.05,22.04,22.16,22.17,22.18,22.19,22.2,22.22,22.23,22.24,22.25,22.26,3700,2200,21600,35600,16700,19700,23000,9100,34800,9300,15400,12900,22100,3600,12100,9100,1500,1800,10800,3200
291.0,22.16,441700,9777451.0,22.13,22.12,22.11,22.1,22.09,22.08,22.07,22.06,22.05,22.04,22.16,22.17,22.18,22.19,22.2,22.22,22.23,22.24,22.25,22.26,3700,2200,21600,35600,16700,19700,23000,9100,34800,9300,15400,12900,22100,3600,12100,9100,1500,1800,10800,3200
292.0,22.16,442400,9792954.0,22.13,22.12,22.11,22.1,22.09,22.08,22.07,22.06,22.05,22.04,22.16,22.17,22.18,22.19,22.2,22.22,22.23,22.24,22.25,22.26,4800,2200,21600,35700,16700,19700,23000,9100,34800,9300,16400,12900,22100,3600,12100,11100,1500,1800,10800,3200
293.0,22.14,442800,9801810.0,22.13,22.12,22.11,22.1,22.09,22.08,22.07,22.06,22.05,22.04,22.14,22.16,22.17,22.18,22.19,22.2,22.22,22.23,22.24,22.25,5400,2200,21600,35700,16700,19700,23000,9100,34800,9300,800,17000,12900,22100,3600,12100,11100,1500,1800,10800
294.0,22.14,442900,9804024.0,22.13,22.12,22.11,22.1,22.09,22.08,22.07,22.06,22.05,22.04,22.14,22.16,22.17,22.18,22.19,22.2,22.22,22.23,22.24,22.25,13600,2200,21600,35700,16700,19700,23000,9100,34800,9300,700,17000,12900,22100,3600,12100,11100,1500,1800,10800
295.0,22.14,443600,9819522.0,22.15,22.13,22.12,22.11,22.1,22.09,22.08,22.07,22.06,22.05,22.16,22.17,22.18,22.19,22.2,22.22,22.23,22.24,22.25,22.26,1300,13600,2200,21600,35700,16800,19700,23000,9100,35800,17000,12900,22100,3600,12100,11100,1500,1800,10800,3200
296.0,22.15,443700,9821737.0,22.15,22.13,22.12,22.11,22.1,22.09,22.08,22.07,22.06,22.05,22.16,22.17,22.18,22.19,22.2,22.22,22.23,22.24,22.25,22.26,1600,13600,2200,21600,35700,16800,19700,23000,9100,35800,17000,12900,22100,3600,12100,11100,1500,1800,10800,3200
297.0,22.16,444600,9841681.0,22.15,22.14,22.13,22.12,22.11,22.1,22.09,22.08,22.07,22.06,22.16,22.17,22.18,22.19,22.2,22.22,22.23,22.24,22.25,22.26,1600,600,13600,2200,21600,35700,16800,19700,23000,9100,16100,12900,22100,3600,12100,11100,1500,1800,10800,3200
298.0,22.16,444900,9848329.0,22.15,22.14,22.13,22.12,22.11,22.1,22.09,22.08,22.07,22.06,22.16,22.17,22.18,22.19,22.2,22.22,22.23,22.24,22.25,22.26,1600,700,13600,2200,21600,35700,16800,19700,23000,9100,15800,12900,22100,3600,12100,11100,1500,1800,10800,3200
299.0,22.15,446400,9881560.0,22.15,22.14,22.13,22.12,22.11,22.1,22.09,22.08,22.07,22.06,22.16,22.17,22.18,22.19,22.2,22.22,22.23,22.24,22.25,22.26,1300,3400,13600,2200,21600,35800,16800,19700,23000,9100,15200,11600,22100,3600,12100,11100,1500,1800,10800,3200
300.0,22.16,447200,9899288.0,22.15,22.14,22.13,22.12,22.11,22.1,22.09,22.08,22.07,22.06,22.16,22.17,22.18,22.19,22.2,22.22,22.23,22.24,22.25,22.26,1400,3400,13600,2200,21600,35800,16800,19700,23000,9100,14400,11600,22100,3600,12100,11100,1500,1800,10800,3200
301.0,22.16,448900,9936960.0,22.15,22.14,22.13,22.12,22.11,22.1,22.09,22.08,22.07,22.06,22.16,22.17,22.18,22.19,22.2,22.22,22.23,22.24,22.25,22.26,1200,3400,13600,2200,21600,35800,16800,19700,23000,9100,16700,11700,22100,3600,12100,11100,1500,1800,10800,3200
302.0,22.16,452800,10023369.0,22.14,22.13,22.12,22.11,22.1,22.09,22.08,22.07,22.06,22.05,22.16,22.17,22.18,22.19,22.2,22.22,22.23,22.24,22.25,22.26,1300,13600,2200,21600,35800,16800,19700,23000,9100,35800,14300,11700,22100,3600,12100,11100,1500,1800,10800,3200
303.0,22.16,453800,10045529.0,22.14,22.13,22.12,22.11,22.1,22.09,22.08,22.07,22.06,22.05,22.16,22.17,22.18,22.19,22.2,22.22,22.23,22.24,22.25,22.26,1300,13600,2200,21600,35800,16800,19700,23000,9100,35800,13400,11700,22100,3600,12100,11100,1500,1800,10800,3200
304.0,22.16,453800,10045529.0,22.14,22.13,22.12,22.11,22.1,22.09,22.08,22.07,22.06,22.05,22.16,22.17,22.18,22.19,22.2,22.22,22.23,22.24,22.25,22.26,1400,13600,2200,21600,35800,16800,19700,23000,9100,35800,13500,11700,22100,3600,12100,11100,1500,1800,10800,3200
305.0,22.16,454200,10054393.0,22.14,22.13,22.12,22.11,22.1,22.09,22.08,22.07,22.06,22.05,22.16,22.17,22.18,22.19,22.2,22.22,22.23,22.24,22.25,22.26,2200,13600,2200,21600,35800,16800,19700,23000,9100,35800,13100,11700,22100,3600,12100,11100,1500,1800,10800,3200
306.0,22.16,454500,10061041.0,22.14,22.13,22.12,22.11,22.1,22.09,22.08,22.07,22.06,22.05,22.16,22.17,22.18,22.19,22.2,22.22,22.23,22.24,22.25,22.26,2200,13600,2200,21600,35800,16800,19700,23000,9100,35800,12800,11700,22100,3600,15200,11100,1500,1800,10800,3200
307.0,22.16,454900,10069905.0,22.14,22.13,22.12,22.11,22.1,22.09,22.08,22.07,22.06,22.05,22.16,22.17,22.18,22.19,22.2,22.22,22.23,22.24,22.25,22.26,2200,13600,2200,21600,35800,16800,19700,23000,9100,35800,14400,11700,21900,3600,15200,11100,1500,1800,10800,3200
308.0,22.16,455300,10078769.0,22.14,22.13,22.12,22.11,22.1,22.09,22.08,22.07,22.06,22.05,22.15,22.16,22.17,22.18,22.19,22.2,22.22,22.23,22.24,22.25,2200,13600,2200,21600,35800,16800,19700,23000,9100,35800,500,14000,11700,19700,3600,15200,11100,1500,1800,10800
309.0,22.16,455300,10078769.0,22.14,22.13,22.12,22.11,22.1,22.09,22.08,22.07,22.06,22.05,22.15,22.16,22.17,22.18,22.19,22.2,22.22,22.23,22.24,22.25,2200,13600,2200,21600,35800,16800,19700,23000,9100,35800,500,16200,11700,19700,3600,15200,11100,1500,1800,10800
310.0,22.14,455900,10092054.0,22.14,22.13,22.12,22.11,22.1,22.09,22.08,22.07,22.06,22.05,22.15,22.16,22.17,22.18,22.19,22.2,22.22,22.23,22.24,22.25,4000,13600,2200,21600,35800,16800,19700,23000,9100,35800,400,16200,11700,19700,3600,15200,11100,1500,1800,10800
311.0,22.15,456100,10096484.0,22.14,22.13,22.12,22.11,22.1,22.09,22.08,22.07,22.06,22.05,22.15,22.16,22.17,22.18,22.19,22.2,22.22,22.23,22.24,22.25,4000,13600,2200,21600,35800,16800,19700,23000,9100,35800,200,16200,11600,19700,3600,15200,11100,1500,1800,10800
312.0,22.15,456300,10100914.0,22.15,22.14,22.13,22.12,22.11,22.1,22.09,22.08,22.07,22.06,22.16,22.17,22.18,22.19,22.2,22.22,22.23,22.24,22.25,22.26,300,4000,13600,2200,21600,35800,16800,19700,23000,9100,16200,11100,19800,3600,15200,11100,1500,1800,10800,3200
313.0,22.16,456800,10111994.0,22.15,22.14,22.13,22.12,22.11,22.1,22.09,22.08,22.07,22.06,22.16,22.17,22.18,22.19,22.2,22.22,22.23,22.24,22.25,22.26,300,4000,13600,2200,21600,35800,16800,19700,23000,9100,16200,11100,19800,3600,15200,11100,1500,1800,10800,3200
314.0,22.16,458500,10149666.0,22.15,22.14,22.13,22.12,22.11,22.1,22.09,22.08,22.07,22.06,22.16,22.17,22.18,22.19,22.2,22.22,22.23,22.24,22.25,22.26,300,4000,13700,2200,21600,35800,16800,19700,23000,9100,14500,11100,19800,3600,15200,11100,1500,1800,10800,3200
315.0,22.14,460900,10202813.0,22.14,22.13,22.12,22.11,22.1,22.09,22.08,22.07,22.06,22.05,22.16,22.17,22.18,22.19,22.2,22.22,22.23,22.24,22.25,22.26,2300,13700,2200,21600,35800,16800,19200,23000,9100,35800,14100,11100,19800,3600,15200,11100,1500,1800,10800,3200
316.0,22.14,460900,10202813.0,22.14,22.13,22.12,22.11,22.1,22.09,22.08,22.07,22.06,22.05,22.16,22.17,22.18,22.19,22.2,22.22,22.23,22.24,22.25,22.26,5500,13700,2200,21600,35800,16800,19200,23000,9100,35800,14100,11100,19800,3600,15200,11100,1500,1800,10800,3200
317.0,22.14,460900,10202813.0,22.14,22.13,22.12,22.11,22.1,22.09,22.08,22.07,22.06,22.05,22.16,22.17,22.18,22.19,22.2,22.22,22.23,22.24,22.25,22.26,5500,13700,2200,21600,35800,16800,19200,23000,9100,35800,14100,11100,19800,3600,15200,11100,1500,1800,10800,3200
318.0,22.16,461300,10211677.0,22.15,22.14,22.13,22.12,22.11,22.1,22.09,22.08,22.07,22.06,22.16,22.17,22.18,22.19,22.2,22.22,22.23,22.24,22.25,22.26,600,12300,13700,1600,22900,35800,16800,19200,23000,9100,13700,11100,19700,3600,15200,11100,1500,1800,10800,3200
319.0,22.15,461800,10222752.0,22.15,22.14,22.13,22.12,22.11,22.1,22.09,22.08,22.07,22.06,22.16,22.17,22.18,22.19,22.2,22.22,22.23,22.24,22.25,22.26,100,12300,13700,1600,22900,35800,16800,19200,23000,9100,13700,25100,19700,3600,15200,11100,1500,1800,10800,3200
320.0,22.16,461900,10224968.0,22.15,22.14,22.13,22.12,22.11,22.1,22.09,22.08,22.07,22.06,22.16,22.17,22.18,22.19,22.2,22.22,22.23,22.24,22.25,22.26,1000,12400,13600,1600,22900,35800,16800,19200,23000,9100,13600,25100,19700,3600,15200,11100,1500,1800,10800,3200
321.0,22.15,462600,10240479.0,22.15,22.14,22.13,22.12,22.11,22.1,22.09,22.08,22.07,22.06,22.16,22.17,22.18,22.19,22.2,22.22,22.23,22.24,22.25,22.26,900,12400,13600,1600,22900,35800,16800,19200,23000,9100,13000,25100,19700,3600,15200,11100,1500,1800,10800,3200
322.0,22.16,463000,10249343.0,22.15,22.14,22.13,22.12,22.11,22.1,22.09,22.08,22.07,22.06,22.16,22.17,22.18,22.19,22.2,22.22,22.23,22.24,22.25,22.26,900,12400,13600,1600,22900,35300,16800,19200,23000,9100,12600,25100,19700,3600,15200,11100,1500,1800,10800,3200
323.0,22.16,463000,10249343.0,22.15,22.14,22.13,22.12,22.11,22.1,22.09,22.08,22.07,22.06,22.16,22.17,22.18,22.19,22.2,22.22,22.23,22.24,22.25,22.26,900,12400,13600,1600,22900,35300,16800,19200,23000,9100,12600,25100,19700,3600,15200,11100,1500,1800,10800,3200
324.0,22.16,463400,10258207.0,22.15,22.14,22.13,22.12,22.11,22.1,22.09,22.08,22.07,22.06,22.16,22.17,22.18,22.19,22.2,22.22,22.23,22.24,22.25,22.26,900,12400,13600,1600,22900,35300,16800,19200,23000,9100,12200,25100,19700,3600,15200,11100,1500,1800,10800,3200
325.0,22.16,465100,10295879.0,22.15,22.14,22.13,22.12,22.11,22.1,22.09,22.08,22.07,22.06,22.16,22.17,22.18,22.19,22.2,22.22,22.23,22.24,22.25,22.26,900,13400,13600,1600,22900,35300,16800,19200,23000,9100,10800,25100,19700,3600,15200,11100,1500,1800,10800,3200
326.0,22.16,465100,10295879.0,22.15,22.14,22.13,22.12,22.11,22.1,22.09,22.08,22.07,22.06,22.16,22.17,22.18,22.19,22.2,22.22,22.23,22.24,22.25,22.26,1300,13400,13900,1600,22900,35300,16800,19200,23000,9100,10800,25100,19700,3600,15200,11100,1500,1800,10800,3200
327.0,22.16,465500,10304743.0,22.15,22.14,22.13,22.12,22.11,22.1,22.09,22.08,22.07,22.06,22.16,22.17,22.18,22.19,22.2,22.22,22.23,22.24,22.25,22.26,1300,13400,13900,1600,22900,35300,16800,19200,23000,9100,10400,25100,19700,3600,15200,11100,1500,1800,10800,3200
328.0,22.15,466200,10320248.0,22.15,22.14,22.13,22.12,22.11,22.1,22.09,22.08,22.07,22.06,22.16,22.17,22.18,22.19,22.2,22.22,22.23,22.24,22.25,22.26,600,13400,13900,1600,22900,35300,16800,19200,23000,9100,10400,25100,19700,3600,15200,11200,1500,1800,10800,3200
329.0,22.16,466600,10329112.0,22.15,22.14,22.13,22.12,22.11,22.1,22.09,22.08,22.07,22.06,22.16,22.17,22.18,22.19,22.2,22.22,22.23,22.24,22.25,22.26,1600,13400,13900,1600,22900,35300,16800,19200,23000,9100,10000,25100,19700,3600,15200,11200,1500,1800,10800,3200
330.0,22.16,466600,10329112.0,22.15,22.14,22.13,22.12,22.11,22.1,22.09,22.08,22.07,22.06,22.16,22.17,22.18,22.19,22.2,22.22,22.23,22.24,22.25,22.26,1600,13400,13900,1600,22900,35300,16800,19200,23000,9100,10000,25100,20500,3600,15200,11200,1500,1800,10800,3200
331.0,22.16,470300,10411100.0,22.15,22.14,22.13,22.12,22.11,22.1,22.09,22.08,22.07,22.06,22.16,22.17,22.18,22.19,22.2,22.22,22.23,22.24,22.25,22.26,1200,13500,13900,1600,22900,35300,16800,19200,23000,9100,6700,25100,20500,3600,15200,11200,1500,1800,10800,3200
332.0,22.16,473300,10477580.0,22.15,22.14,22.13,22.12,22.11,22.1,22.09,22.08,22.07,22.06,22.16,22.17,22.18,22.19,22.2,22.22,22.23,22.24,22.25,22.26,1200,13400,13900,1600,22900,35300,16800,19200,23000,9100,3700,25100,20500,3600,15200,11200,1500,1800,10800,3200
333.0,22.16,473300,10477580.0,22.15,22.14,22.13,22.12,22.11,22.1,22.09,22.08,22.07,22.06,22.16,22.17,22.18,22.19,22.2,22.22,22.23,22.24,22.25,22.26,1200,13400,13900,1600,22900,35300,16800,19200,23000,9100,3700,25100,20500,3600,15200,11200,2000,1800,10800,3200
334.0,22.15,473400,10479795.0,22.15,22.14,22.13,22.12,22.11,22.1,22.09,22.08,22.07,22.06,22.16,22.17,22.18,22.19,22.2,22.22,22.23,22.24,22.25,22.26,1100,13400,13900,1600,22900,35300,16800,19200,23000,9100,3700,25100,20500,3600,15200,11200,2000,1800,10800,3200
335.0,22.16,473600,10484227.0,22.15,22.14,22.13,22.12,22.11,22.1,22.09,22.08,22.07,22.06,22.16,22.17,22.18,22.19,22.2,22.22,22.23,22.24,22.25,22.26,1100,13400,13900,1600,22900,34700,16800,19200,23000,9100,3500,25100,20500,3600,15200,11200,2000,1800,10800,3200
336.0,22.16,473900,10490875.0,22.15,22.14,22.13,22.12,22.11,22.1,22.09,22.08,22.07,22.06,22.16,22.17,22.18,22.19,22.2,22.22,22.23,22.24,22.25,22.26,1100,13400,13900,1600,22900,34700,16800,19200,23000,9100,7900,25100,20500,3600,15200,11200,2000,1800,10800,3200
337.0,22.16,481800,10665939.0,22.16,22.15,22.14,22.13,22.12,22.11,22.1,22.09,22.08,22.07,22.17,22.18,22.19,22.2,22.22,22.23,22.24,22.25,22.26,22.27,300,6700,13400,5700,2600,22900,34700,16800,19200,23000,25200,20500,3600,15200,11200,2000,1800,10800,3200,2200
338.0,22.16,482400,10679240.0,22.16,22.15,22.14,22.13,22.12,22.11,22.1,22.09,22.08,22.07,22.17,22.18,22.19,22.2,22.22,22.23,22.24,22.25,22.26,22.27,200,6700,13400,5700,2600,22900,34700,16800,19200,23000,24800,20500,3600,15200,11200,2000,1800,10800,3200,2200
339.0,22.16,482400,10679240.0,22.16,22.15,22.14,22.13,22.12,22.11,22.1,22.09,22.08,22.07,22.17,22.18,22.19,22.2,22.22,22.23,22.24,22.25,22.26,22.27,200,6700,13400,5700,2600,22900,34700,16800,19200,23000,24800,20500,3600,15200,11200,2000,1800,10800,3200,2200
340.0,22.16,482600,10683672.0,22.15,22.14,22.13,22.12,22.11,22.1,22.09,22.08,22.07,22.06,22.16,22.17,22.18,22.19,22.2,22.22,22.23,22.24,22.25,22.26,6700,13400,5700,2600,22900,34700,16800,19200,23000,9100,300,24900,20500,3600,15300,11200,2000,1800,10800,3200
341.0,22.17,483500,10703614.0,22.16,22.15,22.14,22.13,22.12,22.11,22.1,22.09,22.08,22.07,22.17,22.18,22.19,22.2,22.22,22.23,22.24,22.25,22.26,22.27,300,6300,13400,5700,2600,22900,34700,16800,19200,23000,24700,20500,3600,15300,11200,2000,1800,10800,3200,2200
342.0,22.17,483500,10703614.0,22.16,22.15,22.14,22.13,22.12,22.11,22.1,22.09,22.08,22.07,22.17,22.18,22.19,22.2,22.22,22.23,22.24,22.25,22.26,22.27,300,6300,13400,5700,2600,22900,34700,16800,19200,23000,24700,20500,3600,15300,11200,2000,1800,10800,3200,2200
343.0,22.17,483500,10703614.0,22.16,22.15,22.14,22.13,22.12,22.11,22.1,22.09,22.08,22.07,22.17,22.18,22.19,22.2,22.22,22.23,22.24,22.25,22.26,22.27,400,6300,13400,5700,2600,22900,34700,16800,19200,23000,24700,20500,3600,15300,11200,2000,1800,10800,3200,2200
344.0,22.17,483900,10712482.0,22.16,22.15,22.14,22.13,22.12,22.11,22.1,22.09,22.08,22.07,22.17,22.18,22.19,22.2,22.22,22.23,22.24,22.25,22.26,22.27,400,6300,13400,5700,2600,22900,34700,16800,19200,23000,24300,20500,3600,15300,11200,2000,1800,10800,3200,2200
345.0,22.16,484300,10721346.0,22.15,22.14,22.13,22.12,22.11,22.1,22.09,22.08,22.07,22.06,22.16,22.17,22.18,22.19,22.2,22.22,22.23,22.24,22.25,22.26,6300,13400,5700,2600,22500,34700,16400,19200,23000,9100,1200,24800,20500,3600,15300,11200,2000,1800,10800,3200
346.0,22.16,484700,10730210.0,22.15,22.14,22.13,22.12,22.11,22.1,22.09,22.08,22.07,22.06,22.16,22.17,22.18,22.19,22.2,22.22,22.23,22.24,22.25,22.26,6400,13400,5700,2600,22500,34700,16400,19200,23000,9100,800,24800,20500,3700,16100,11200,2000,1800,10800,3200
347.0,22.15,485100,10739070.0,22.15,22.14,22.13,22.12,22.11,22.1,22.09,22.08,22.07,22.06,22.16,22.17,22.18,22.19,22.2,22.22,22.23,22.24,22.25,22.26,6500,13400,5700,2600,22500,34700,16400,19200,23000,9100,800,24800,20500,3700,16100,11200,2000,1800,10800,3200
348.0,22.15,485100,10739070.0,22.15,22.14,22.13,22.12,22.11,22.1,22.09,22.08,22.07,22.06,22.16,22.17,22.18,22.19,22.2,22.22,22.23,22.24,22.25,22.26,6500,13400,5700,2600,22500,34700,16400,19200,23000,9100,800,24800,20500,3700,16100,11200,2000,1800,10800,3200
349.0,22.15,485100,10739070.0,22.15,22.14,22.13,22.12,22.11,22.1,22.09,22.08,22.07,22.06,22.16,22.17,22.18,22.19,22.2,22.22,22.23,22.24,22.25,22.26,6500,13400,5700,2600,22500,34700,16400,19200,23000,9100,800,24800,20500,3700,16100,11200,2000,1800,10800,3200
350.0,22.17,488500,10814430.0,22.15,22.14,22.13,22.12,22.11,22.1,22.09,22.08,22.07,22.06,22.17,22.18,22.19,22.2,22.22,22.23,22.24,22.25,22.26,22.27,6100,13400,5700,2600,22500,34700,16400,19200,23000,9100,22800,20500,3700,16100,11200,2000,5800,10800,3200,2200
351.0,22.17,488900,10823298.0,22.15,22.14,22.13,22.12,22.11,22.1,22.09,22.08,22.07,22.06,22.17,22.18,22.19,22.2,22.22,22.23,22.24,22.25,22.26,22.27,6500,13400,5700,2600,22500,34700,16400,19200,23000,9100,22900,23300,3700,16100,11200,2000,5800,10800,3200,2200
352.0,22.17,488900,10823298.0,22.15,22.14,22.13,22.12,22.11,22.1,22.09,22.08,22.07,22.06,22.17,22.18,22.19,22.2,22.22,22.23,22.24,22.25,22.26,22.27,7600,13400,5700,2600,22500,34700,16400,19200,23000,9100,24300,23300,3700,16100,11200,2000,5800,10800,3200,2200
353.0,22.15,489400,10834375.0,22.15,22.14,22.13,22.12,22.11,22.1,22.09,22.08,22.07,22.06,22.17,22.18,22.19,22.2,22.22,22.23,22.24,22.25,22.26,22.27,7200,13400,5700,2600,22500,34700,16400,19200,23000,9100,24900,23300,3700,16100,11200,2000,5800,10800,3200,2200
354.0,22.17,490300,10854328.0,22.15,22.14,22.13,22.12,22.11,22.1,22.09,22.08,22.07,22.06,22.17,22.18,22.19,22.2,22.22,22.23,22.24,22.25,22.26,22.27,8400,13400,5700,2600,22500,34700,16400,19200,23000,9100,25200,23300,3700,16100,11200,2000,5800,10800,3200,2200
355.0,22.17,490500,10858762.0,22.15,22.14,22.13,22.12,22.11,22.1,22.09,22.08,22.07,22.06,22.17,22.18,22.19,22.2,22.22,22.23,22.24,22.25,22.26,22.27,8400,12400,5700,2600,22500,35000,16400,19200,23000,9100,25000,23300,3600,16100,11200,2000,5800,10800,3200,2200
356.0,22.17,490600,10860979.0,22.16,22.15,22.14,22.13,22.12,22.11,22.1,22.09,22.08,22.07,22.17,22.18,22.19,22.2,22.22,22.23,22.24,22.25,22.26,22.27,1400,8700,12400,5700,2600,22500,35000,16400,19200,23000,25700,23300,3600,16100,11200,2000,5800,10800,3200,2200
357.0,22.17,493100,10916403.0,22.16,22.15,22.14,22.13,22.12,22.11,22.1,22.09,22.08,22.07,22.17,22.18,22.19,22.2,22.22,22.23,22.24,22.25,22.26,22.27,1300,8700,12400,5700,2600,22500,35000,16400,19200,23000,23300,23300,3600,16100,11200,2000,5800,10800,3200,2200
358.0,22.17,493500,10925271.0,22.16,22.15,22.14,22.13,22.12,22.11,22.1,22.09,22.08,22.07,22.17,22.18,22.19,22.2,22.22,22.23,22.24,22.25,22.26,22.27,1300,8700,12400,5700,2600,22500,35000,16400,19200,23000,22900,23300,3600,16100,11200,2000,5800,10800,3200,2200
359.0,22.16,497000,11002834.0,22.16,22.15,22.14,22.13,22.12,22.11,22.1,22.09,22.08,22.07,22.17,22.18,22.19,22.2,22.22,22.23,22.24,22.25,22.26,22.27,700,8700,12400,5700,2600,22500,35000,16400,19200,23000,22600,23300,3600,16100,11200,2000,5800,10800,3200,2200
360.0,22.16,497000,11002834.0,22.16,22.15,22.14,22.13,22.12,22.11,22.1,22.09,22.08,22.07,22.17,22.18,22.19,22.2,22.22,22.23,22.24,22.25,22.26,22.27,1800,8700,12400,5700,2600,22500,35000,16400,19200,23000,22600,23300,3600,16100,11200,2000,5800,10800,3200,2200
361.0,22.17,500000,11069344.0,22.16,22.15,22.14,22.13,22.12,22.11,22.1,22.09,22.08,22.07,22.17,22.18,22.19,22.2,22.22,22.23,22.24,22.25,22.26,22.27,1800,8700,12400,5700,2600,22500,35000,16400,19200,23000,19600,23300,3700,16100,11200,2000,5800,10800,3500,2200
362.0,22.17,501200,11095948.0,22.16,22.15,22.14,22.13,22.12,22.11,22.1,22.09,22.08,22.07,22.17,22.18,22.19,22.2,22.22,22.23,22.24,22.25,22.26,22.27,1800,8700,12400,5700,2600,22500,35000,16400,19200,23000,18400,23400,3700,16100,11200,2000,5800,10800,3500,2200
363.0,22.17,501800,11109249.0,22.16,22.15,22.14,22.13,22.12,22.11,22.1,22.09,22.08,22.07,22.17,22.18,22.19,22.2,22.22,22.23,22.24,22.25,22.26,22.27,1700,8700,12400,5700,2600,22500,35000,16400,19200,23000,18100,23400,3700,16100,11200,2000,5800,11300,3500,2200
364.0,22.16,502300,11120332.0,22.16,22.15,22.14,22.13,22.12,22.11,22.1,22.09,22.08,22.07,22.17,22.18,22.19,22.2,22.22,22.23,22.24,22.25,22.26,22.27,2500,8700,12400,5700,2600,22500,35000,16400,19200,23000,18300,23500,3700,16100,11200,2000,5800,11300,3500,2200
365.0,22.17,504600,11171323.0,22.16,22.15,22.14,22.13,22.12,22.11,22.1,22.09,22.08,22.07,22.17,22.18,22.19,22.2,22.22,22.23,22.24,22.25,22.26,22.27,2500,8700,12400,5700,2600,22500,35000,16400,19200,23000,16100,23500,3700,16100,11200,2000,5800,11300,3500,2200
366.0,22.16,505200,11184623.0,22.16,22.15,22.14,22.13,22.12,22.11,22.1,22.09,22.08,22.07,22.17,22.18,22.19,22.2,22.22,22.23,22.24,22.25,22.26,22.27,2300,8700,12400,5700,2600,22500,35000,16400,19200,23000,15700,23500,3700,16100,11200,2000,5800,11300,3500,2200
367.0,22.17,505500,11191274.0,22.16,22.15,22.14,22.13,22.12,22.11,22.1,22.09,22.08,22.07,22.17,22.18,22.19,22.2,22.22,22.23,22.24,22.25,22.26,22.27,2300,8700,12400,5700,2600,22500,35000,16400,19200,23000,15400,23500,3700,16100,11200,2000,5800,11300,3500,2200
368.0,22.16,508700,11262186.0,22.15,22.14,22.13,22.12,22.11,22.1,22.09,22.08,22.07,22.06,22.16,22.17,22.18,22.19,22.2,22.22,22.23,22.24,22.25,22.26,8700,12400,5700,2600,22500,35000,16400,19200,23000,9100,4000,15400,24100,3700,16100,11200,2000,5800,11300,3500
369.0,22.16,509800,11286558.0,22.15,22.14,22.13,22.12,22.11,22.1,22.09,22.08,22.07,22.06,22.16,22.17,22.18,22.19,22.2,22.22,22.23,22.24,22.25,22.26,8300,10100,5700,2600,22500,35000,16400,19200,23000,9100,3700,16600,24100,3700,16100,11200,2000,5800,11300,3500
370.0,22.15,512800,11353008.0,22.15,22.14,22.13,22.12,22.11,22.1,22.09,22.08,22.07,22.06,22.16,22.17,22.18,22.19,22.2,22.22,22.23,22.24,22.25,22.26,5300,10100,5700,2600,22500,35600,16400,19200,23000,9100,3700,16700,24000,3700,16100,11200,2000,5800,11300,3500
371.0,22.16,514300,11386248.0,22.15,22.14,22.13,22.12,22.11,22.1,22.09,22.08,22.07,22.06,22.16,22.17,22.18,22.19,22.2,22.22,22.23,22.24,22.25,22.26,5300,10100,7300,2600,22500,35600,16400,19200,23000,9100,2200,17200,24000,3700,16100,11200,2000,5800,11300,3500
372.0,22.16,514400,11388464.0,22.15,22.14,22.13,22.12,22.11,22.1,22.09,22.08,22.07,22.06,22.16,22.17,22.18,22.19,22.2,22.22,22.23,22.24,22.25,22.26,5300,10100,7300,2600,22500,35600,16400,18800,23000,9100,2100,17300,24000,3700,16100,11200,2000,5800,11300,3500
373.0,22.15,515200,11406184.0,22.15,22.14,22.13,22.12,22.11,22.1,22.09,22.08,22.07,22.06,22.16,22.17,22.18,22.19,22.2,22.22,22.23,22.24,22.25,22.26,17500,10100,7300,2600,22500,35600,16400,18800,23000,9100,2100,31300,24000,3700,16100,11200,2000,5800,11300,3500
374.0,22.15,515200,11406184.0,22.15,22.14,22.13,22.12,22.11,22.1,22.09,22.08,22.07,22.06,22.16,22.17,22.18,22.19,22.2,22.22,22.23,22.24,22.25,22.26,17500,10100,7000,2600,22500,35600,16400,18800,23000,9100,2100,32700,24000,3700,16100,11200,2000,5800,11300,3500
375.0,22.16,515400,11410616.0,22.15,22.14,22.13,22.12,22.11,22.1,22.09,22.08,22.07,22.06,22.16,22.17,22.18,22.19,22.2,22.22,22.23,22.24,22.25,22.26,17500,10100,7000,2600,22500,35600,16400,18800,23000,9100,1900,32700,24000,3700,16100,11200,2000,5800,11300,3500
376.0,22.15,515800,11419476.0,22.15,22.14,22.13,22.12,22.11,22.1,22.09,22.08,22.07,22.06,22.16,22.17,22.18,22.19,22.2,22.22,22.23,22.24,22.25,22.26,17100,10100,7000,2600,22500,35600,16400,18800,23000,9100,1900,32700,24000,3700,16100,11200,2000,5800,11300,3500
377.0,22.16,516600,11437204.0,22.15,22.14,22.13,22.12,22.11,22.1,22.09,22.08,22.07,22.06,22.16,22.17,22.18,22.19,22.2,22.22,22.23,22.24,22.25,22.26,17100,10100,7000,2600,22500,35600,16400,18800,23000,9100,1100,32700,24000,3700,16100,11200,2000,5800,11400,3500
378.0,22.16,516600,11437204.0,22.15,22.14,22.13,22.12,22.11,22.1,22.09,22.08,22.07,22.06,22.16,22.17,22.18,22.19,22.2,22.22,22.23,22.24,22.25,22.26,17100,3800,7000,2600,22500,35600,16400,18800,23000,9100,1100,32700,24000,3700,16100,11200,2000,5800,11400,3500
379.0,22.15,517000,11446064.0,22.15,22.14,22.13,22.12,22.11,22.1,22.09,22.08,22.07,22.06,22.16,22.17,22.18,22.19,22.2,22.22,22.23,22.24,22.25,22.26,16700,3800,7000,2600,22500,35600,16400,18800,23000,9100,1100,32700,24000,3700,16100,11200,2000,5800,11400,1500
380.0,22.16,518100,11470440.0,22.15,22.14,22.13,22.12,22.11,22.1,22.09,22.08,22.07,22.06,22.17,22.18,22.19,22.2,22.22,22.23,22.24,22.25,22.26,22.27,17100,3800,7000,2600,22500,35600,16400,18800,23000,9100,32800,24000,3700,16100,11200,2000,5800,11400,1500,2200
381.0,22.16,518100,11470440.0,22.15,22.14,22.13,22.12,22.11,22.1,22.09,22.08,22.07,22.06,22.17,22.18,22.19,22.2,22.22,22.23,22.24,22.25,22.26,22.27,17800,3800,7000,2600,22500,35600,16400,18800,23000,9100,35400,24000,3700,16100,11200,2000,5800,11400,1500,2200
382.0,22.15,518500,11479300.0,22.15,22.14,22.13,22.12,22.11,22.1,22.09,22.08,22.07,22.06,22.17,22.18,22.19,22.2,22.22,22.23,22.24,22.25,22.26,22.27,17700,3800,7000,2600,22500,35000,16400,18800,23000,9100,35700,24000,3700,16100,11200,2000,5800,11400,1500,2200
383.0,22.17,518900,11488168.0,22.15,22.14,22.13,22.12,22.11,22.1,22.09,22.08,22.07,22.06,22.17,22.18,22.19,22.2,22.22,22.23,22.24,22.25,22.26,22.27,20900,3800,7000,2600,22500,35000,16400,18800,23000,9100,36400,24000,3700,16100,11200,2000,5800,11400,1500,2200
384.0,22.17,519000,11490385.0,22.15,22.14,22.13,22.12,22.11,22.1,22.09,22.08,22.07,22.06,22.17,22.18,22.19,22.2,22.22,22.23,22.24,22.25,22.26,22.27,21200,3800,7000,2600,22500,35000,16400,18800,23000,9100,36600,24000,3700,16100,11200,2000,5800,11400,1500,2200
385.0,22.15,519400,11499245.0,22.15,22.14,22.13,22.12,22.11,22.1,22.09,22.08,22.07,22.06,22.17,22.18,22.19,22.2,22.22,22.23,22.24,22.25,22.26,22.27,21200,3800,7000,2600,22500,35000,16400,18800,23000,9100,37000,24000,3700,16100,11200,2000,5800,11400,1500,2200
386.0,22.15,519400,11499245.0,22.15,22.14,22.13,22.12,22.11,22.1,22.09,22.08,22.07,22.06,22.17,22.18,22.19,22.2,22.22,22.23,22.24,22.25,22.26,22.27,21200,3800,7000,2600,22500,35000,16400,18800,23000,9100,37000,24000,3700,16100,11200,2000,5800,11400,1500,2200
387.0,22.15,519400,11499245.0,22.15,22.14,22.13,22.12,22.11,22.1,22.09,22.08,22.07,22.06,22.17,22.18,22.19,22.2,22.22,22.23,22.24,22.25,22.26,22.27,21500,3800,7000,2600,22500,35000,16400,18800,23000,9100,37500,24000,3700,16100,11200,2000,5800,11400,1500,2200
388.0,22.17,520700,11528058.0,22.15,22.14,22.13,22.12,22.11,22.1,22.09,22.08,22.07,22.06,22.17,22.18,22.19,22.2,22.22,22.23,22.24,22.25,22.26,22.27,21100,3800,7000,2600,22500,35000,16400,18800,23000,9100,36700,24000,3700,16100,11200,2000,5800,11400,1500,2200
389.0,22.15,521100,11536918.0,22.15,22.14,22.13,22.12,22.11,22.1,22.09,22.08,22.07,22.06,22.17,22.18,22.19,22.2,22.22,22.23,22.24,22.25,22.26,22.27,21000,3800,7000,2600,22500,35000,16400,18800,23000,9100,36900,24000,3700,16100,11200,2000,5800,11400,1500,2200
390.0,22.15,524800,11618873.0,22.15,22.14,22.13,22.12,22.11,22.1,22.09,22.08,22.07,22.06,22.16,22.17,22.18,22.19,22.2,22.22,22.23,22.24,22.25,22.26,17300,3800,7000,2600,22500,35000,16400,18800,23000,9100,21500,36900,24000,3700,16100,11200,2000,5800,11400,1500
391.0,22.15,545900,12086271.0,22.14,22.13,22.12,22.11,22.1,22.09,22.08,22.07,22.06,22.05,22.15,22.16,22.17,22.18,22.19,22.2,22.22,22.23,22.24,22.25,3800,7000,2800,22500,35500,16400,18800,23000,9100,35500,2300,18300,36900,23900,3600,16100,11200,2000,5800,11400
