LocalTime,LastPrice,TradeVolume,TradeValue,BidPrice1,BidPrice2,BidPrice3,BidPrice4,BidPrice5,BidPrice6,BidPrice7,BidPrice8,BidPrice9,BidPriceA,AskPrice1,AskPrice2,AskPrice3,AskPrice4,AskPrice5,AskPrice6,AskPrice7,AskPrice8,AskPrice9,AskPriceA,BidVolume1,BidVolume2,BidVolume3,BidVolume4,BidVolume5,BidVolume6,BidVolume7,BidVolume8,BidVolume9,BidVolumeA,AskVolume1,AskVolume2,AskVolume3,AskVolume4,AskVolume5,AskVolume6,AskVolume7,AskVolume8,AskVolume9,AskVolumeA
0.0,12.93,2600,33618.0,12.95,12.94,12.91,12.9,12.88,12.85,12.8,12.73,12.7,12.6,12.98,13.02,13.09,13.12,13.13,13.16,13.17,13.2,13.22,13.24,100,1100,1000,100,1100,4100,600,1600,1300,500,100,4100,100,5000,7400,500,200,13600,5000,1400
1.0,12.98,2700,34916.0,12.95,12.94,12.91,12.9,12.88,12.85,12.8,12.73,12.7,12.6,13.02,13.09,13.12,13.13,13.16,13.17,13.2,13.22,13.24,13.25,100,1100,1000,100,1100,4100,600,1600,1300,500,100,100,5000,7400,500,200,13800,5000,1400,500
2.0,12.98,2700,34916.0,12.95,12.94,12.91,12.9,12.88,12.85,12.8,12.73,12.7,12.6,13.02,13.09,13.12,13.13,13.16,13.17,13.2,13.22,13.24,13.25,100,1100,1000,100,1100,4100,600,1600,3800,500,100,100,5000,7400,500,200,13800,5000,1400,500
3.0,12.95,2800,36211.0,12.94,12.91,12.9,12.88,12.85,12.8,12.73,12.7,12.6,12.41,12.97,13.02,13.09,13.12,13.13,13.16,13.17,13.2,13.22,13.24,1100,1000,600,1100,4100,600,1600,3800,500,700,100,100,100,5000,7400,500,200,14800,5000,1400
4.0,12.95,2900,37506.0,12.96,12.94,12.91,12.9,12.88,12.85,12.81,12.8,12.75,12.73,12.97,13.02,13.09,13.12,13.13,13.16,13.17,13.2,13.22,13.24,200,1100,1000,600,2100,4100,200,600,600,1600,500,100,100,5000,7400,500,200,14800,5000,1400
5.0,12.96,3100,40098.0,12.94,12.91,12.9,12.88,12.85,12.81,12.8,12.75,12.74,12.73,12.95,12.97,13.02,13.09,13.1,13.11,13.12,13.13,13.16,13.17,1100,1000,600,12100,14100,200,10600,600,500,1600,200,500,400,100,1000,1000,5000,7400,500,200
6.0,12.97,3600,46579.0,12.96,12.95,12.94,12.91,12.9,12.88,12.85,12.81,12.8,12.75,12.97,13.02,13.09,13.1,13.11,13.12,13.13,13.16,13.17,13.2,200,200,1100,1000,600,12100,14100,200,10600,600,200,300,100,1000,1000,5000,7400,500,200,15100
7.0,12.97,4400,56955.0,12.97,12.96,12.95,12.94,12.91,12.9,12.88,12.85,12.81,12.8,13.02,13.09,13.1,13.11,13.12,13.13,13.16,13.17,13.19,13.2,200,200,200,1100,1000,600,12100,14100,200,10600,300,100,1000,1000,5000,7400,500,200,200,15100
8.0,12.97,4800,62143.0,12.97,12.96,12.95,12.94,12.91,12.9,12.88,12.85,12.81,12.8,13.02,13.09,13.1,13.11,13.12,13.13,13.16,13.17,13.19,13.2,500,200,300,1100,1000,600,12100,10000,200,10600,200,100,1000,1000,5000,7400,500,200,200,15100
9.0,12.97,5800,75110.0,12.97,12.96,12.95,12.94,12.91,12.9,12.88,12.85,12.81,12.8,13.02,13.09,13.1,13.11,13.12,13.13,13.16,13.17,13.19,13.2,300,800,300,1500,1000,600,12100,10000,200,10600,200,100,1000,1000,5000,7400,500,200,200,15100
10.0,12.98,8100,104950.0,12.96,12.95,12.94,12.91,12.9,12.88,12.85,12.81,12.8,12.75,12.97,13.01,13.02,13.09,13.1,13.11,13.12,13.13,13.16,13.17,1600,600,1100,1000,600,12100,10000,200,10600,600,1000,900,600,100,1000,1000,5000,7400,500,200
11.0,12.97,9700,125699.0,12.98,12.97,12.96,12.95,12.94,12.91,12.9,12.88,12.85,12.81,13.01,13.02,13.09,13.1,13.11,13.12,13.13,13.16,13.17,13.19,400,700,1700,600,1100,1000,600,12100,10000,200,900,400,100,1000,1000,5000,7400,500,200,200
12.0,12.98,9900,128298.0,12.99,12.98,12.97,12.96,12.95,12.94,12.91,12.9,12.88,12.85,13.01,13.02,13.09,13.1,13.11,13.12,13.13,13.16,13.17,13.19,200,500,1900,800,600,1100,1000,600,12100,10000,800,400,100,1000,1000,5000,7400,500,200,200
13.0,13.09,15200,197570.0,12.99,12.98,12.97,12.96,12.95,12.94,12.91,12.9,12.88,12.85,13.09,13.1,13.11,13.12,13.13,13.16,13.17,13.19,13.2,13.22,500,1000,1900,800,600,1100,1000,600,12100,10000,13900,1000,1000,5000,7400,500,200,200,15500,5000
14.0,13.09,22000,286303.0,13.01,12.99,12.98,12.97,12.96,12.95,12.94,12.91,12.9,12.88,13.09,13.1,13.11,13.12,13.13,13.16,13.17,13.19,13.2,13.22,100,600,2100,1900,1000,500,1100,1000,600,12100,23100,1100,1000,5000,7400,500,200,200,15500,5000
15.0,13.06,24200,314876.0,12.98,12.97,12.96,12.95,12.94,12.91,12.9,12.88,12.85,12.81,13.06,13.07,13.08,13.09,13.1,13.11,13.12,13.13,13.16,13.17,700,1900,1000,500,1100,1000,600,12100,10000,200,300,4400,6300,18600,1100,1000,5000,7400,500,200
16.0,13.06,24500,318778.0,12.99,12.98,12.97,12.96,12.95,12.94,12.91,12.9,12.88,12.85,13.06,13.07,13.08,13.09,13.1,13.11,13.12,13.13,13.16,13.17,100,500,1900,1000,500,1100,1000,600,12100,10000,400,4400,6300,22000,1100,1000,5000,7400,500,200
17.0,13.06,24800,322687.0,13.02,12.98,12.97,12.96,12.95,12.94,12.91,12.9,12.88,12.85,13.03,13.06,13.07,13.08,13.09,13.1,13.11,13.12,13.13,13.16,1600,700,2000,1000,500,1100,1000,600,12100,10000,500,400,4400,6300,12200,1100,1000,5000,7400,500
18.0,13.02,25700,334412.0,13.02,12.99,12.98,12.97,12.96,12.95,12.94,12.91,12.9,12.88,13.03,13.06,13.07,13.08,13.09,13.1,13.11,13.12,13.13,13.16,1400,1100,700,2000,800,500,1100,1000,600,12100,200,400,4400,6300,12200,100,1000,5000,7400,500
19.0,13.02,26000,338318.0,13.02,12.99,12.98,12.97,12.96,12.95,12.94,12.91,12.9,12.88,13.03,13.06,13.07,13.08,13.09,13.1,13.11,13.12,13.13,13.16,1100,1100,700,2200,800,500,1100,1000,600,12100,200,400,4400,6300,10400,100,1000,5000,7400,500
20.0,13.03,27400,356549.0,13.03,12.99,12.98,12.97,12.96,12.95,12.94,12.91,12.9,12.88,13.06,13.07,13.08,13.09,13.1,13.11,13.12,13.13,13.16,13.17,400,1100,700,2100,800,500,1100,1000,600,12100,400,4400,6300,8600,100,1000,5000,7400,500,200
21.0,13.03,27600,359155.0,13.03,13.02,12.99,12.98,12.97,12.96,12.95,12.94,12.91,12.9,13.06,13.07,13.08,13.09,13.1,13.11,13.12,13.13,13.16,13.17,400,100,1100,700,2100,800,500,1100,1000,600,400,4400,6300,8000,100,1000,5000,7400,500,200
22.0,13.03,27800,361764.0,13.03,13.02,12.99,12.98,12.97,12.96,12.95,12.94,12.91,12.9,13.06,13.07,13.08,13.09,13.1,13.11,13.12,13.13,13.16,13.17,300,100,1100,700,2100,800,500,1100,1000,600,300,4400,6300,2500,100,1000,5000,7400,500,200
23.0,13.03,28200,366976.0,13.02,12.99,12.98,12.97,12.96,12.95,12.94,12.91,12.9,12.88,13.03,13.06,13.07,13.08,13.09,13.1,13.11,13.12,13.13,13.16,500,1100,700,2100,800,500,1100,1000,600,12100,1400,400,4400,6300,2400,100,1000,5000,7400,500
24.0,13.03,28200,366976.0,13.02,12.99,12.98,12.97,12.96,12.95,12.94,12.91,12.9,12.88,13.03,13.06,13.07,13.08,13.09,13.1,13.11,13.12,13.13,13.16,500,1100,700,2100,800,500,1100,1000,600,12100,1400,400,4400,6300,2400,100,1000,5000,7400,500
25.0,13.03,28200,366976.0,13.02,12.99,12.98,12.97,12.96,12.95,12.94,12.91,12.9,12.88,13.03,13.06,13.07,13.08,13.09,13.1,13.11,13.12,13.13,13.16,500,1100,700,2100,800,500,1100,1000,600,12100,2100,400,4400,6300,2400,100,1000,5000,7400,500
26.0,13.03,28300,368279.0,13.02,12.99,12.98,12.97,12.96,12.95,12.94,12.91,12.9,12.88,13.03,13.06,13.07,13.08,13.09,13.1,13.11,13.12,13.13,13.16,500,1100,700,2100,800,500,1100,1000,600,12100,2700,100,4400,6300,2400,100,1000,5000,7400,500
27.0,13.03,28300,368279.0,13.02,12.99,12.98,12.97,12.96,12.95,12.94,12.91,12.9,12.88,13.03,13.06,13.07,13.08,13.09,13.1,13.11,13.12,13.13,13.16,500,1100,700,2200,800,500,1100,1000,600,12100,43200,100,4400,6300,2400,100,1000,5000,7400,500
28.0,13.02,28600,372186.0,13.02,12.99,12.98,12.97,12.96,12.95,12.94,12.91,12.9,12.88,13.03,13.06,13.07,13.08,13.09,13.1,13.11,13.12,13.13,13.16,500,1100,700,1900,800,500,1100,1000,600,12100,36700,100,4400,6300,1800,100,1000,5000,7400,500
29.0,13.02,30200,393019.0,13.02,12.99,12.98,12.97,12.96,12.95,12.94,12.91,12.9,12.88,13.03,13.06,13.07,13.08,13.09,13.1,13.11,13.12,13.13,13.16,500,1100,700,1900,800,500,1100,1000,600,12100,36600,100,4400,6300,1700,100,1000,5000,7400,500
30.0,13.02,30700,399531.0,13.02,12.99,12.98,12.97,12.96,12.95,12.94,12.91,12.9,12.88,13.03,13.06,13.07,13.08,13.09,13.1,13.11,13.12,13.13,13.16,200,1100,700,1900,800,500,1100,1000,600,12100,36400,100,4400,6300,1700,100,1000,5000,7400,500
31.0,13.03,33500,436014.0,13.02,12.99,12.98,12.97,12.96,12.95,12.94,12.91,12.9,12.88,13.03,13.06,13.07,13.08,13.09,13.1,13.11,13.12,13.13,13.16,100,1100,700,1900,800,500,1100,1000,600,12100,33700,100,4400,6300,1700,100,1000,5000,7400,500
32.0,13.03,33500,436014.0,13.02,12.99,12.98,12.97,12.96,12.95,12.94,12.91,12.9,12.88,13.03,13.06,13.07,13.08,13.09,13.1,13.11,13.12,13.13,13.16,100,1100,700,1900,800,500,1100,1000,600,12100,33700,100,4400,6300,1700,100,1000,5000,7400,500
33.0,13.03,33500,436014.0,13.02,12.99,12.98,12.97,12.96,12.95,12.94,12.91,12.9,12.88,13.03,13.06,13.07,13.08,13.09,13.1,13.11,13.12,13.13,13.16,100,1100,700,1900,800,500,1100,1000,600,12100,33700,100,4400,6300,1700,100,1000,5000,7400,500
34.0,13.03,33600,437317.0,13.02,12.99,12.98,12.97,12.96,12.95,12.94,12.91,12.9,12.88,13.03,13.06,13.07,13.08,13.09,13.1,13.11,13.12,13.13,13.16,100,1100,700,1900,800,500,1100,1000,600,12100,33600,100,4400,6300,1700,100,1000,5000,7400,500
35.0,12.96,38300,498303.0,12.96,12.95,12.94,12.91,12.9,12.88,12.85,12.81,12.8,12.75,13.03,13.06,13.07,13.08,13.09,13.1,13.11,13.12,13.13,13.16,100,500,1100,1000,600,12100,10000,200,10700,600,33700,100,4400,6300,1700,100,1000,5000,7400,500
36.0,13.02,41100,534745.0,12.95,12.94,12.91,12.9,12.88,12.85,12.81,12.8,12.75,12.74,13.03,13.06,13.07,13.08,13.09,13.1,13.11,13.12,13.13,13.16,3500,1100,1000,600,12100,10000,200,10700,600,500,33700,100,4400,6300,1700,100,1000,5000,7400,500
37.0,12.95,44700,581610.0,12.95,12.94,12.91,12.9,12.88,12.85,12.81,12.8,12.75,12.74,13.03,13.06,13.07,13.08,13.09,13.1,13.11,13.12,13.13,13.16,3000,1100,1000,600,12100,10000,200,10700,600,500,30800,100,4400,6300,1700,100,1000,5000,7400,500
38.0,13.03,47100,612882.0,13.02,12.97,12.96,12.95,12.94,12.91,12.9,12.88,12.85,12.81,13.03,13.06,13.07,13.09,13.1,13.11,13.12,13.13,13.16,13.17,200,400,900,3200,1100,1000,600,12100,10000,200,28400,100,4400,1700,100,1000,5000,7400,500,200
39.0,13.03,47700,620700.0,13.02,12.97,12.96,12.95,12.94,12.91,12.9,12.88,12.85,12.81,13.03,13.06,13.07,13.09,13.1,13.11,13.12,13.13,13.16,13.17,200,400,900,3200,1100,1000,600,12100,10000,200,27800,100,4400,1700,100,1000,5000,7400,500,200
40.0,13.03,47800,622003.0,13.02,12.97,12.96,12.95,12.94,12.91,12.9,12.88,12.85,12.81,13.03,13.06,13.07,13.09,13.1,13.11,13.12,13.13,13.16,13.17,200,400,900,3200,1100,1000,600,12100,10000,200,27700,100,4400,1700,100,1000,5000,7400,500,200
41.0,13.03,75900,988143.0,13.03,13.02,12.98,12.96,12.95,12.94,12.91,12.9,12.88,12.85,13.06,13.07,13.09,13.1,13.11,13.12,13.13,13.16,13.17,13.19,1900,2200,6300,100,3200,1100,1000,600,12100,10000,100,4400,1700,100,1000,5000,7400,500,200,200
42.0,13.03,75900,988143.0,13.03,12.98,12.96,12.95,12.94,12.91,12.9,12.88,12.85,12.81,13.06,13.07,13.09,13.1,13.11,13.12,13.13,13.16,13.17,13.19,14100,6300,100,3200,1100,1000,600,12100,10000,200,100,4400,1700,100,1000,5000,7400,500,200,200
43.0,13.03,76700,998567.0,13.03,12.98,12.96,12.95,12.94,12.91,12.9,12.88,12.85,12.81,13.06,13.07,13.08,13.09,13.1,13.11,13.12,13.13,13.16,13.17,14100,6300,100,3200,1100,1000,600,12100,10000,200,100,4400,1500,1700,100,1000,5000,7400,500,200
44.0,13.03,87900,1144503.0,13.03,12.98,12.96,12.95,12.94,12.91,12.9,12.88,12.85,12.81,13.05,13.06,13.07,13.08,13.09,13.1,13.11,13.12,13.13,13.16,3400,6300,100,3200,1100,1000,600,12100,10000,200,2700,200,4400,1500,1000,100,1000,5000,7400,500
45.0,13.03,91100,1186249.0,13.03,12.98,12.96,12.95,12.94,12.91,12.9,12.88,12.85,12.81,13.05,13.06,13.07,13.08,13.09,13.1,13.11,13.12,13.13,13.16,2700,6300,100,3200,1100,1000,600,12100,10000,200,200,200,4400,1500,1000,100,1000,5000,7400,500
46.0,13.05,91300,1188859.0,13.03,12.98,12.96,12.95,12.94,12.91,12.9,12.88,12.85,12.81,13.06,13.07,13.08,13.09,13.1,13.11,13.12,13.13,13.16,13.17,2800,6300,100,3200,1100,1000,600,12100,10000,200,200,4400,1500,1000,100,1000,5000,7400,500,200
47.0,13.05,91300,1188859.0,13.05,13.03,12.98,12.96,12.95,12.94,12.91,12.9,12.88,12.85,13.06,13.07,13.08,13.09,13.1,13.11,13.12,13.13,13.16,13.17,100,2800,6400,100,3200,1100,1000,600,12100,10000,200,4400,1500,1000,100,1000,5000,7400,500,200
48.0,13.05,91300,1188859.0,13.05,13.03,12.98,12.96,12.95,12.94,12.91,12.9,12.88,12.85,13.06,13.07,13.08,13.09,13.1,13.11,13.12,13.13,13.16,13.17,100,2800,6400,100,3200,1100,1000,600,12100,10000,200,4400,1500,700,100,1000,5000,7400,500,200
49.0,13.05,91300,1188859.0,13.05,13.03,12.98,12.96,12.95,12.94,12.91,12.9,12.88,12.85,13.06,13.07,13.08,13.09,13.1,13.11,13.12,13.13,13.16,13.17,200,2800,6400,100,3200,1100,1000,600,12100,10000,200,4400,1500,700,100,1000,5000,7400,500,200
50.0,13.05,91300,1188859.0,13.05,13.03,12.99,12.98,12.96,12.95,12.94,12.91,12.9,12.88,13.06,13.07,13.08,13.09,13.1,13.11,13.12,13.13,13.16,13.17,200,2800,300,6400,100,3200,1100,1000,600,12100,200,4400,1500,700,100,1000,5000,7400,500,200
51.0,13.05,91300,1188859.0,13.05,13.03,12.99,12.98,12.96,12.95,12.94,12.91,12.9,12.88,13.06,13.07,13.08,13.09,13.1,13.11,13.12,13.13,13.16,13.17,200,2800,300,6400,100,3200,1100,1000,600,12100,200,4400,1500,700,100,1000,5000,7400,500,200
52.0,13.05,91300,1188859.0,13.05,13.03,12.99,12.98,12.96,12.95,12.94,12.91,12.9,12.88,13.06,13.07,13.08,13.09,13.1,13.11,13.12,13.13,13.16,13.17,200,2800,300,6400,100,3200,1100,1000,600,12100,200,4400,1500,700,100,1000,5000,7400,500,200
53.0,13.05,91400,1190164.0,13.05,13.03,12.99,12.98,12.96,12.95,12.94,12.91,12.9,12.88,13.06,13.07,13.08,13.09,13.1,13.11,13.12,13.13,13.16,13.17,100,2800,400,6600,100,3200,1100,1000,600,12100,1200,4400,1500,700,100,1000,5000,7400,500,200
54.0,13.05,91400,1190164.0,13.05,13.03,12.99,12.98,12.96,12.95,12.94,12.91,12.9,12.88,13.06,13.07,13.08,13.09,13.1,13.11,13.12,13.13,13.16,13.17,300,2800,400,6600,100,3200,1100,1000,600,12100,1200,4400,1500,700,100,1000,5000,7400,500,200
55.0,13.03,94500,1230563.0,13.0,12.99,12.98,12.96,12.95,12.94,12.91,12.9,12.88,12.85,13.03,13.06,13.07,13.08,13.09,13.1,13.11,13.12,13.13,13.16,2000,400,6600,100,3200,1100,1000,600,12100,10000,900,1200,4400,1500,700,100,1000,5000,7400,500
56.0,13.0,94700,1233163.0,13.0,12.99,12.98,12.96,12.95,12.94,12.91,12.9,12.88,12.85,13.03,13.06,13.07,13.08,13.09,13.1,13.11,13.12,13.13,13.16,2600,100,6600,100,3200,1100,1000,600,12100,10000,900,1300,4400,1500,700,100,1000,5000,7400,500
57.0,13.0,94700,1233163.0,13.0,12.99,12.98,12.96,12.95,12.94,12.91,12.9,12.88,12.85,13.03,13.06,13.07,13.08,13.09,13.1,13.11,13.12,13.13,13.16,2600,100,6600,100,3200,1100,1000,600,12100,10000,900,1300,4400,1500,700,100,1000,5000,7400,500
58.0,13.0,94700,1233163.0,13.0,12.99,12.98,12.96,12.95,12.94,12.91,12.9,12.88,12.85,13.03,13.06,13.07,13.08,13.09,13.1,13.11,13.12,13.13,13.16,2700,100,6600,100,3200,1100,1000,600,12100,10000,900,1300,4400,1500,700,100,1000,5000,7400,500
59.0,13.03,94800,1234466.0,13.0,12.99,12.98,12.96,12.95,12.94,12.91,12.9,12.88,12.85,13.03,13.06,13.07,13.08,13.09,13.1,13.11,13.12,13.13,13.16,2700,100,6600,100,3200,1100,1000,600,12100,10000,900,1300,4400,1500,700,100,1000,5000,7400,500
60.0,13.0,95000,1237066.0,13.0,12.99,12.98,12.96,12.95,12.94,12.91,12.9,12.88,12.85,13.03,13.06,13.07,13.08,13.09,13.1,13.11,13.12,13.13,13.16,2500,100,6600,100,3200,1100,1000,600,12100,10000,900,1300,4400,1500,700,100,1000,5000,7400,500
61.0,13.0,95000,1237066.0,13.01,13.0,12.99,12.98,12.96,12.95,12.94,12.91,12.9,12.88,13.03,13.04,13.06,13.07,13.08,13.09,13.1,13.11,13.12,13.13,100,2500,100,6600,300,3200,1100,1000,600,12100,900,33700,1400,4400,1500,700,100,1000,5000,7400
62.0,13.02,95500,1243575.0,13.01,13.0,12.99,12.98,12.96,12.95,12.94,12.91,12.9,12.88,13.03,13.04,13.06,13.07,13.08,13.09,13.1,13.11,13.12,13.13,300,2500,100,6600,300,200,1100,1000,600,12100,800,33700,1400,4400,1500,700,100,1000,5000,7400
63.0,13.02,95600,1244877.0,13.01,13.0,12.99,12.98,12.96,12.95,12.94,12.91,12.9,12.88,13.02,13.03,13.04,13.06,13.07,13.08,13.09,13.1,13.12,13.13,300,2500,100,6600,100,200,1100,1000,600,12100,600,800,33700,1400,4400,1500,700,100,5000,7400
64.0,13.02,95700,1246179.0,13.01,13.0,12.99,12.98,12.96,12.95,12.94,12.91,12.9,12.88,13.02,13.03,13.04,13.06,13.07,13.08,13.09,13.1,13.12,13.13,400,2500,100,6500,100,200,1100,1000,600,12100,500,800,33700,1400,4400,1500,700,100,5000,7400
65.0,13.01,95900,1248782.0,13.01,13.0,12.99,12.98,12.96,12.95,12.94,12.91,12.9,12.88,13.02,13.03,13.04,13.06,13.07,13.08,13.09,13.1,13.12,13.13,300,2500,100,6500,100,200,1100,1000,600,12100,1000,700,33700,1400,4400,1500,700,100,5000,7400
66.0,13.01,95900,1248782.0,13.01,13.0,12.99,12.98,12.96,12.95,12.94,12.91,12.9,12.88,13.02,13.03,13.04,13.06,13.07,13.08,13.09,13.1,13.12,13.13,300,2500,100,6500,100,200,1100,1000,600,12100,1100,800,33700,1300,4400,1500,700,100,5000,7400
67.0,13.02,96100,1251386.0,13.01,13.0,12.99,12.98,12.96,12.95,12.94,12.91,12.9,12.88,13.02,13.03,13.04,13.06,13.07,13.08,13.09,13.1,13.12,13.13,300,2500,100,6500,100,200,1100,1000,600,12100,900,800,33700,1300,4400,1500,700,100,5000,7400
68.0,13.01,96300,1253988.0,13.01,13.0,12.99,12.98,12.96,12.95,12.94,12.91,12.9,12.88,13.02,13.03,13.04,13.06,13.07,13.08,13.09,13.1,13.12,13.13,200,2500,100,6500,100,200,1100,1000,600,12100,1000,800,33700,1300,4400,1500,700,100,5000,7400
69.0,13.01,96300,1253988.0,13.01,13.0,12.99,12.98,12.96,12.95,12.94,12.91,12.9,12.88,13.02,13.03,13.04,13.06,13.07,13.08,13.09,13.1,13.12,13.13,200,2500,100,6500,100,200,1100,1000,600,12100,1000,800,33700,1300,5400,1500,700,100,5000,7400
70.0,13.02,96400,1255290.0,13.01,13.0,12.99,12.98,12.96,12.95,12.94,12.91,12.9,12.88,13.02,13.03,13.04,13.06,13.07,13.08,13.09,13.1,13.12,13.13,200,2500,100,6500,100,200,1100,1000,600,12100,900,800,33700,1300,5400,1500,700,100,5000,7400
71.0,13.01,96500,1256591.0,13.01,13.0,12.99,12.98,12.96,12.95,12.94,12.91,12.9,12.88,13.02,13.03,13.06,13.07,13.08,13.09,13.1,13.12,13.13,13.16,100,2500,100,6500,100,200,1100,1000,600,12100,900,800,1300,5400,1500,600,100,5000,7400,500
72.0,13.02,97400,1268309.0,13.02,13.01,13.0,12.99,12.98,12.96,12.95,12.94,12.91,12.9,13.03,13.06,13.07,13.08,13.09,13.1,13.12,13.13,13.16,13.17,200,100,2500,100,6500,100,200,1100,1000,600,800,1300,5400,1500,600,100,5000,7400,500,200
73.0,13.02,97400,1268309.0,13.02,13.01,13.0,12.99,12.98,12.96,12.95,12.94,12.91,12.9,13.03,13.06,13.07,13.08,13.09,13.1,13.12,13.13,13.16,13.17,400,100,2500,100,6500,100,200,1100,1000,600,800,1300,5400,1500,600,100,5000,7400,500,200
74.0,13.03,97600,1270915.0,13.02,13.01,13.0,12.99,12.98,12.96,12.95,12.94,12.91,12.9,13.03,13.06,13.07,13.08,13.09,13.12,13.13,13.16,13.17,13.19,400,300,2500,100,6500,100,200,1100,1000,600,600,1300,5400,1500,600,5000,7400,500,200,200
75.0,13.03,97600,1270915.0,13.02,13.01,13.0,12.99,12.98,12.96,12.95,12.94,12.91,12.9,13.03,13.06,13.07,13.08,13.09,13.12,13.13,13.16,13.17,13.19,400,300,2500,100,6500,100,200,1100,1000,600,600,1300,5400,1500,600,5000,7400,500,200,200
76.0,13.03,97600,1270915.0,13.02,13.01,13.0,12.99,12.98,12.96,12.95,12.94,12.91,12.9,13.03,13.06,13.07,13.08,13.09,13.12,13.13,13.16,13.17,13.19,400,300,2500,100,6500,100,200,1100,1000,600,600,1300,5400,1500,600,5000,7400,500,200,200
77.0,13.03,98000,1276127.0,13.02,13.01,13.0,12.99,12.98,12.96,12.95,12.94,12.91,12.9,13.03,13.06,13.07,13.08,13.09,13.12,13.13,13.16,13.17,13.19,400,300,2500,100,6500,100,200,1100,1000,600,300,1300,5400,1500,500,5000,7400,500,200,200
78.0,13.06,99600,1297014.0,13.03,13.02,13.01,13.0,12.99,12.98,12.96,12.95,12.94,12.91,13.07,13.08,13.09,13.12,13.13,13.16,13.17,13.19,13.2,13.22,3100,400,300,2500,100,6600,100,200,1100,1000,5400,1500,500,5000,7400,500,200,200,15500,5000
79.0,13.03,99900,1300923.0,13.04,13.03,13.02,13.01,13.0,12.99,12.98,12.96,12.95,12.94,13.05,13.07,13.08,13.09,13.12,13.13,13.16,13.17,13.19,13.2,400,2900,400,300,2400,100,6700,100,200,1100,3500,5400,1500,500,5000,7400,500,200,200,15500
80.0,13.03,99900,1300923.0,13.04,13.03,13.02,13.01,13.0,12.98,12.96,12.95,12.94,12.91,13.05,13.06,13.07,13.08,13.09,13.12,13.13,13.16,13.17,13.19,400,3000,400,300,2400,6700,100,200,1100,1000,3500,100,5400,1500,500,5000,7400,500,200,200
81.0,13.03,99900,1300923.0,13.04,13.03,13.02,13.01,13.0,12.98,12.96,12.95,12.94,12.91,13.05,13.06,13.07,13.08,13.09,13.12,13.13,13.16,13.17,13.19,400,3000,400,300,2400,6700,100,200,1100,1000,3500,100,5400,1500,500,5000,7400,500,200,200
82.0,13.04,100700,1311362.0,13.04,13.03,13.02,13.01,13.0,12.98,12.96,12.95,12.94,12.91,13.05,13.06,13.07,13.08,13.09,13.12,13.13,13.16,13.17,13.19,300,3200,400,300,2400,6500,100,200,1100,1000,2800,100,5400,1500,500,5000,7400,500,200,200
83.0,13.04,100700,1311362.0,13.04,13.03,13.02,13.01,13.0,12.98,12.96,12.95,12.94,12.91,13.05,13.06,13.07,13.08,13.09,13.12,13.13,13.16,13.17,13.19,300,3200,400,300,2400,6500,100,200,1100,1000,2900,100,5400,1500,500,5000,7400,500,200,200
84.0,13.04,100700,1311362.0,13.04,13.03,13.02,13.01,13.0,12.98,12.96,12.95,12.94,12.91,13.05,13.06,13.07,13.08,13.09,13.12,13.13,13.16,13.17,13.19,300,3200,400,300,2400,6500,100,200,1100,1000,2900,100,5400,1500,500,5000,7400,500,200,200
85.0,13.05,101100,1316582.0,13.04,13.03,13.02,13.01,13.0,12.98,12.96,12.95,12.94,12.91,13.05,13.06,13.07,13.08,13.09,13.12,13.13,13.16,13.17,13.19,300,3200,400,300,2400,6500,100,200,1100,1000,2500,100,5400,1500,500,5000,7400,500,200,200
86.0,13.05,101100,1316582.0,13.04,13.03,13.02,13.01,13.0,12.98,12.96,12.95,12.94,12.91,13.05,13.06,13.07,13.08,13.09,13.12,13.13,13.16,13.17,13.19,300,3200,400,300,2400,6500,100,200,1100,1000,2500,100,5400,1500,500,5000,7400,500,200,200
87.0,13.05,102900,1340072.0,13.04,13.03,13.02,13.01,13.0,12.98,12.96,12.95,12.94,12.91,13.05,13.06,13.07,13.08,13.09,13.12,13.13,13.16,13.17,13.19,1000,3200,500,300,2400,6500,100,200,1100,1000,700,100,5400,1500,500,5000,7400,500,200,200
88.0,13.05,103300,1345292.0,13.04,13.03,13.02,13.01,13.0,12.98,12.96,12.95,12.94,12.91,13.05,13.06,13.07,13.08,13.09,13.12,13.13,13.16,13.17,13.19,1000,3200,500,300,2400,6500,100,200,1100,1000,300,100,5400,1500,500,5000,7400,500,200,200
89.0,13.05,103600,1349205.0,13.04,13.03,13.02,13.01,13.0,12.98,12.96,12.95,12.94,12.91,13.05,13.06,13.07,13.08,13.09,13.12,13.13,13.16,13.17,13.19,800,3200,500,300,2400,6500,100,200,1100,1000,200,100,5400,1500,500,5000,7400,500,200,200
90.0,13.05,103600,1349205.0,13.04,13.03,13.02,13.01,13.0,12.98,12.96,12.95,12.94,12.91,13.05,13.06,13.07,13.08,13.09,13.12,13.13,13.16,13.17,13.19,800,3200,500,300,2400,6500,100,200,1100,1000,200,100,5400,1500,500,5000,7400,500,200,200
91.0,13.04,104800,1364853.0,13.03,13.02,13.01,13.0,12.98,12.96,12.95,12.94,12.91,12.9,13.04,13.05,13.06,13.07,13.08,13.09,13.12,13.13,13.16,13.17,3100,500,300,2400,6500,100,200,1100,1000,100,32500,200,100,5400,1500,500,5000,7400,500,200
92.0,13.04,105900,1379194.0,13.03,13.02,13.01,13.0,12.98,12.96,12.95,12.94,12.91,12.9,13.04,13.05,13.06,13.07,13.08,13.09,13.12,13.13,13.16,13.17,2700,400,300,2400,6500,100,200,1100,1000,100,31800,100,100,5400,1500,500,5000,7400,500,200
93.0,13.04,105900,1379194.0,13.03,13.02,13.01,13.0,12.98,12.96,12.95,12.94,12.91,12.9,13.04,13.05,13.06,13.07,13.08,13.09,13.12,13.13,13.16,13.17,2700,400,300,2400,6500,100,200,1100,1000,100,31800,100,100,5400,1500,500,5000,7400,500,200
94.0,13.04,106300,1384410.0,13.03,13.02,13.01,13.0,12.98,12.96,12.95,12.94,12.91,12.9,13.04,13.05,13.06,13.07,13.08,13.09,13.12,13.13,13.16,13.17,2700,400,300,2400,6500,100,200,1100,1000,100,31400,100,100,5400,1500,500,5000,7400,500,200
95.0,13.03,106700,1389622.0,13.03,13.02,13.01,13.0,12.98,12.96,12.95,12.94,12.91,12.9,13.04,13.05,13.06,13.07,13.08,13.09,13.12,13.13,13.16,13.17,2300,400,300,2400,6500,100,200,1100,1000,100,31500,100,100,5400,1500,500,5000,7400,500,200
96.0,13.03,107100,1394834.0,13.03,13.02,13.01,13.0,12.98,12.96,12.95,12.94,12.91,12.9,13.04,13.05,13.06,13.07,13.08,13.09,13.12,13.13,13.16,13.17,1900,400,300,2400,6500,100,200,1100,1000,100,31500,100,100,5400,1500,500,5000,7400,500,200
97.0,13.03,107100,1394834.0,13.03,13.02,13.01,13.0,12.98,12.96,12.95,12.94,12.91,12.9,13.04,13.05,13.06,13.07,13.08,13.09,13.12,13.13,13.16,13.17,2400,400,300,2400,6500,100,200,1100,1000,100,31500,100,100,5400,1500,500,5000,7400,500,200
98.0,13.03,107500,1400046.0,13.03,13.02,13.01,13.0,12.98,12.96,12.95,12.94,12.91,12.9,13.04,13.05,13.06,13.07,13.08,13.09,13.12,13.13,13.16,13.17,2100,400,300,2400,6500,100,200,1100,1000,100,31500,100,100,5400,1500,500,5000,7400,500,200
99.0,13.04,107800,1403956.0,13.03,13.02,13.01,13.0,12.98,12.96,12.95,12.94,12.91,12.9,13.04,13.05,13.06,13.07,13.08,13.09,13.12,13.13,13.16,13.17,1900,400,300,2400,6500,100,200,1100,1000,100,31400,100,100,5400,1500,500,5000,7400,500,200
100.0,13.04,107800,1403956.0,13.03,13.02,13.01,13.0,12.98,12.96,12.95,12.94,12.91,12.9,13.04,13.05,13.06,13.07,13.08,13.09,13.12,13.13,13.16,13.17,1900,400,300,2400,6500,100,200,1100,1000,100,31400,100,100,5400,1500,500,5000,7400,500,200
101.0,13.04,107900,1405260.0,13.03,13.02,13.01,13.0,12.98,12.96,12.95,12.94,12.91,12.9,13.04,13.05,13.06,13.07,13.08,13.09,13.12,13.13,13.16,13.17,1900,400,300,2400,6500,100,200,1100,1000,100,31400,100,100,5400,1500,500,5000,7400,500,200
102.0,13.04,108100,1407867.0,13.03,13.02,13.01,13.0,12.98,12.96,12.95,12.94,12.91,12.9,13.04,13.05,13.06,13.07,13.08,13.09,13.12,13.13,13.16,13.17,1800,400,300,2400,6500,100,200,1100,1000,100,31300,100,100,5400,1500,500,5000,7400,500,200
103.0,13.03,108200,1409170.0,13.03,13.02,13.01,13.0,12.98,12.96,12.95,12.94,12.91,12.9,13.04,13.05,13.06,13.07,13.08,13.09,13.12,13.13,13.16,13.17,1700,400,300,2400,6500,100,200,1100,1000,100,31300,100,100,5400,1500,500,5000,7400,500,200
104.0,13.04,108300,1410474.0,13.03,13.02,13.01,13.0,12.98,12.96,12.95,12.94,12.91,12.9,13.04,13.05,13.06,13.07,13.08,13.09,13.12,13.13,13.16,13.17,1700,400,300,2400,6500,100,200,1100,1000,100,31200,100,100,5400,1500,500,5000,7400,500,200
105.0,13.04,108500,1413081.0,13.03,13.02,13.01,13.0,12.98,12.96,12.95,12.94,12.91,12.9,13.04,13.05,13.06,13.07,13.08,13.09,13.12,13.13,13.16,13.17,1600,400,300,2400,6500,100,200,1100,1000,100,31100,100,100,5400,1500,500,5000,7400,500,200
106.0,13.04,108500,1413081.0,13.03,13.02,13.01,13.0,12.98,12.96,12.95,12.94,12.91,12.9,13.04,13.05,13.06,13.07,13.08,13.09,13.12,13.13,13.16,13.17,1600,400,300,2400,6500,100,200,1100,1000,100,31100,100,100,5400,1500,500,5000,7400,500,200
107.0,13.04,108500,1413081.0,13.03,13.02,13.01,13.0,12.98,12.96,12.95,12.94,12.91,12.9,13.04,13.05,13.06,13.07,13.08,13.09,13.12,13.13,13.16,13.17,1600,400,300,2400,6500,400,200,1100,1000,100,31200,100,100,5400,1500,500,5000,7400,500,200
108.0,13.03,108600,1414384.0,13.03,13.02,13.01,13.0,12.98,12.96,12.95,12.94,12.91,12.9,13.04,13.05,13.06,13.07,13.08,13.09,13.12,13.13,13.16,13.17,1500,400,300,2400,6500,400,200,1100,1000,100,31200,100,100,5400,1500,500,5000,7400,500,200
109.0,13.04,108800,1416992.0,13.03,13.02,13.01,13.0,12.98,12.96,12.95,12.94,12.91,12.9,13.04,13.05,13.06,13.07,13.08,13.09,13.12,13.13,13.16,13.17,1500,400,300,2400,6500,400,200,1100,1000,100,31000,100,100,5400,1500,500,5000,7400,500,200
110.0,13.03,109200,1422204.0,13.03,13.02,13.01,13.0,12.98,12.96,12.95,12.94,12.91,12.9,13.04,13.05,13.06,13.07,13.08,13.09,13.12,13.13,13.16,13.17,1200,400,300,2400,6500,400,200,1100,1000,100,31000,100,100,5400,1500,500,5000,7400,500,200
111.0,13.03,109300,1423507.0,13.03,13.02,13.01,13.0,12.98,12.96,12.95,12.94,12.91,12.9,13.04,13.05,13.06,13.07,13.08,13.09,13.12,13.13,13.16,13.17,1100,400,300,2400,6500,400,200,1100,1000,100,31000,100,100,5400,1500,500,5000,7400,500,200
112.0,13.04,109700,1428723.0,13.03,13.02,13.01,13.0,12.98,12.96,12.95,12.94,12.91,12.9,13.04,13.05,13.06,13.07,13.08,13.09,13.12,13.13,13.16,13.17,1100,400,300,2400,6500,400,200,1100,1000,100,30600,100,100,5400,1500,500,5000,7400,500,200
113.0,13.04,109800,1430027.0,13.03,13.02,13.01,13.0,12.98,12.96,12.95,12.94,12.91,12.9,13.04,13.05,13.06,13.07,13.08,13.09,13.12,13.13,13.16,13.17,1100,400,100,2400,6500,400,200,1100,1000,100,30500,100,100,5400,1500,500,5000,7400,500,200
114.0,13.03,111100,1446966.0,13.02,13.01,13.0,12.98,12.96,12.95,12.94,12.91,12.9,12.88,13.03,13.04,13.05,13.06,13.07,13.08,13.09,13.12,13.13,13.16,400,100,2400,6500,400,200,1100,1000,100,12100,1500,30500,100,100,5400,6400,500,5000,7400,500
115.0,13.03,111500,1452178.0,13.02,13.01,13.0,12.98,12.96,12.95,12.94,12.91,12.9,12.88,13.03,13.04,13.05,13.06,13.07,13.08,13.09,13.12,13.13,13.16,400,100,2400,6500,400,200,1100,1000,100,12100,1100,30500,100,100,5400,6400,500,5000,7400,500
116.0,13.03,111500,1452178.0,13.02,13.01,13.0,12.98,12.96,12.95,12.94,12.91,12.9,12.88,13.03,13.04,13.05,13.06,13.07,13.08,13.09,13.12,13.13,13.16,400,100,2400,6500,400,200,1100,1000,100,12100,1400,30200,100,100,5400,6400,500,5000,7400,500
117.0,13.03,111600,1453481.0,13.02,13.01,13.0,12.98,12.96,12.95,12.94,12.91,12.9,12.88,13.03,13.04,13.05,13.06,13.07,13.08,13.09,13.12,13.13,13.16,400,100,2400,6500,400,200,1100,1000,100,12100,1300,30200,100,100,5400,6400,500,5000,7400,500
118.0,13.03,112000,1458693.0,13.02,13.01,13.0,12.98,12.96,12.95,12.94,12.91,12.9,12.88,13.03,13.04,13.05,13.06,13.07,13.08,13.09,13.12,13.13,13.16,900,100,2400,6500,400,200,1100,1000,100,12100,900,30200,100,300,5400,6400,500,5000,7400,500
119.0,13.03,112000,1458693.0,13.02,13.01,13.0,12.98,12.96,12.95,12.94,12.91,12.9,12.88,13.03,13.04,13.05,13.06,13.07,13.08,13.09,13.12,13.13,13.16,900,100,2400,6500,400,200,1100,1000,100,12100,900,30300,100,300,5400,6400,500,5000,7400,500
120.0,13.03,112000,1458693.0,13.02,13.01,13.0,12.98,12.96,12.95,12.94,12.91,12.9,12.88,13.03,13.04,13.05,13.06,13.07,13.08,13.09,13.12,13.13,13.16,900,100,2400,6500,400,200,1100,1000,100,12100,900,30300,100,300,5400,6400,500,5000,7400,500
121.0,13.02,112300,1462599.0,13.02,13.01,13.0,12.98,12.96,12.95,12.94,12.91,12.9,12.88,13.03,13.04,13.05,13.06,13.07,13.08,13.09,13.12,13.13,13.16,600,100,2400,6500,400,200,1100,1000,100,12100,900,30300,100,300,5400,6400,500,5000,7400,500
122.0,13.02,112300,1462599.0,13.02,13.01,13.0,12.98,12.96,12.95,12.94,12.91,12.9,12.88,13.03,13.04,13.05,13.06,13.07,13.08,13.09,13.12,13.13,13.16,700,100,2400,6500,400,200,1100,1000,100,12100,900,30300,100,300,5400,6400,500,5000,7400,500
123.0,13.02,112300,1462599.0,13.02,13.01,13.0,12.98,12.96,12.95,12.94,12.91,12.9,12.88,13.03,13.04,13.05,13.06,13.07,13.08,13.09,13.12,13.13,13.16,700,100,2400,6500,400,200,1100,1000,100,12100,900,30300,100,300,5400,6400,500,5000,7400,500
124.0,13.02,112300,1462599.0,13.02,13.01,13.0,12.98,12.96,12.95,12.94,12.91,12.9,12.88,13.03,13.04,13.05,13.06,13.07,13.08,13.09,13.12,13.13,13.16,800,100,2400,6500,400,200,1100,1000,100,12100,900,30300,100,300,5400,6400,500,5000,7400,500
125.0,13.02,112300,1462599.0,13.02,13.01,13.0,12.98,12.96,12.95,12.94,12.91,12.9,12.88,13.03,13.04,13.05,13.06,13.07,13.08,13.09,13.12,13.13,13.16,1000,100,2400,6500,400,200,1100,1000,100,12100,900,30300,100,300,5400,6400,500,5000,7400,500
126.0,13.02,112300,1462599.0,13.02,13.01,13.0,12.98,12.96,12.95,12.94,12.91,12.9,12.88,13.03,13.04,13.05,13.06,13.07,13.08,13.09,13.12,13.13,13.16,1000,100,2400,6500,400,200,1100,1000,100,12100,900,30300,100,300,5400,6400,500,5000,7400,500
127.0,13.02,112400,1463901.0,13.02,13.01,13.0,12.98,12.96,12.95,12.94,12.91,12.9,12.88,13.03,13.04,13.05,13.06,13.07,13.08,13.09,13.12,13.13,13.16,1200,100,2400,6500,400,200,1100,1000,100,12100,900,30300,100,300,5400,6400,500,5000,7400,500
128.0,13.03,112500,1465204.0,13.02,13.01,13.0,12.98,12.96,12.95,12.94,12.91,12.9,12.88,13.03,13.04,13.05,13.06,13.07,13.08,13.09,13.12,13.13,13.16,1900,100,2400,6500,400,200,1100,1000,100,12100,800,30300,100,300,5400,6400,500,6000,7400,500
129.0,13.04,133400,1737732.0,13.03,13.02,13.01,13.0,12.98,12.96,12.95,12.94,12.91,12.9,13.04,13.05,13.06,13.07,13.08,13.09,13.12,13.13,13.16,13.17,100,2100,100,2400,6500,400,200,1100,1000,100,10200,100,300,5400,6400,500,6000,7400,500,200
130.0,13.04,133400,1737732.0,13.03,13.02,13.01,13.0,12.98,12.96,12.95,12.94,12.91,12.9,13.04,13.05,13.06,13.07,13.08,13.09,13.12,13.13,13.16,13.17,100,2100,100,2400,6500,400,200,1100,1000,100,10200,100,300,5400,6400,500,6000,7400,500,200
131.0,13.04,137500,1791196.0,13.03,13.02,13.01,13.0,12.98,12.96,12.95,12.94,12.91,12.9,13.04,13.05,13.06,13.07,13.08,13.09,13.12,13.13,13.16,13.17,600,2100,100,1600,6500,400,200,1100,1000,100,6100,100,300,5400,6400,500,6000,7400,500,200
132.0,13.04,143100,1864220.0,13.03,13.02,13.01,13.0,12.98,12.96,12.95,12.94,12.91,12.9,13.04,13.05,13.06,13.07,13.08,13.09,13.12,13.13,13.16,13.17,600,2100,100,1600,6500,400,200,1100,1000,100,500,100,300,5400,6400,500,6000,7400,500,200
133.0,13.04,143500,1869435.0,13.03,13.02,13.01,13.0,12.98,12.96,12.95,12.94,12.91,12.9,13.04,13.05,13.06,13.07,13.08,13.09,13.12,13.13,13.16,13.17,500,2100,100,1600,6500,400,200,1100,1000,100,200,100,300,5400,6400,500,6000,7400,500,200
134.0,13.04,143700,1872043.0,13.03,13.02,13.01,13.0,12.98,12.96,12.95,12.94,12.91,12.9,13.05,13.06,13.07,13.08,13.09,13.12,13.13,13.16,13.17,13.19,600,2100,100,1600,6500,400,200,1100,1000,100,100,300,5400,6400,500,6000,7400,500,200,200
135.0,13.05,143800,1873348.0,13.03,13.02,13.01,13.0,12.98,12.96,12.95,12.94,12.91,12.9,13.06,13.07,13.08,13.09,13.12,13.13,13.16,13.17,13.19,13.2,600,2100,100,1600,6500,400,200,1100,1000,100,300,5400,6400,500,6000,7400,500,200,200,15500
136.0,13.05,143800,1873348.0,13.03,13.02,13.01,13.0,12.98,12.96,12.95,12.94,12.91,12.9,13.06,13.07,13.08,13.09,13.12,13.13,13.16,13.17,13.19,13.2,600,2100,100,1600,6500,400,200,1100,1000,100,300,5400,6400,500,6000,7400,500,200,200,15500
137.0,13.05,143800,1873348.0,13.03,13.02,13.01,13.0,12.98,12.96,12.95,12.94,12.91,12.9,13.05,13.06,13.07,13.08,13.09,13.12,13.13,13.16,13.17,13.19,600,2100,100,1600,6500,400,200,1100,1000,100,200,300,5400,11400,500,6000,7400,500,200,200
138.0,13.05,143800,1873348.0,13.03,13.02,13.01,13.0,12.98,12.96,12.95,12.94,12.91,12.9,13.05,13.06,13.07,13.08,13.09,13.12,13.13,13.16,13.17,13.19,600,2100,100,1600,6500,400,200,1100,1000,100,200,300,5400,11400,500,6000,7400,500,200,200
139.0,13.05,143800,1873348.0,13.04,13.03,13.02,13.01,13.0,12.98,12.96,12.95,12.94,12.91,13.05,13.06,13.07,13.08,13.09,13.12,13.13,13.16,13.17,13.19,500,100,2100,100,1600,6500,400,200,1100,1000,200,300,5400,11400,500,6000,7400,500,200,200
140.0,13.07,146900,1913856.0,13.04,13.03,13.02,13.01,13.0,12.98,12.96,12.95,12.94,12.91,13.07,13.08,13.09,13.12,13.13,13.16,13.17,13.19,13.2,13.22,500,100,2100,100,1600,6500,400,200,1100,1000,2900,11400,500,6000,7400,500,200,200,15500,5000
141.0,13.07,146900,1913856.0,13.04,13.03,13.02,13.01,13.0,12.98,12.96,12.95,12.94,12.91,13.07,13.08,13.09,13.12,13.13,13.16,13.17,13.19,13.2,13.22,500,600,2100,600,1600,6500,400,200,1100,1000,2900,11400,500,6000,7400,500,200,200,15500,5000
142.0,13.07,146900,1913856.0,13.05,13.04,13.03,13.02,13.01,13.0,12.98,12.96,12.95,12.94,13.07,13.08,13.09,13.12,13.13,13.16,13.17,13.19,13.2,13.22,800,500,600,2100,600,1600,6500,400,200,1100,2900,11400,500,6000,7400,500,200,200,15500,5000
143.0,13.05,147100,1916466.0,13.05,13.04,13.03,13.02,13.01,13.0,12.98,12.96,12.95,12.94,13.06,13.07,13.08,13.09,13.12,13.13,13.16,13.17,13.19,13.2,600,900,600,1700,600,1600,6500,400,200,1100,1400,2900,11400,500,6000,7400,500,200,200,15500
144.0,13.05,147200,1917771.0,13.05,13.04,13.03,13.02,13.01,13.0,12.98,12.96,12.95,12.94,13.06,13.07,13.08,13.09,13.12,13.13,13.16,13.17,13.19,13.2,500,900,600,1700,600,1600,6500,400,200,1100,1400,2900,11400,500,6000,7400,500,200,200,15500
145.0,13.05,147300,1919076.0,13.05,13.04,13.03,13.02,13.01,13.0,12.98,12.96,12.95,12.94,13.06,13.07,13.08,13.09,13.12,13.13,13.16,13.17,13.19,13.2,400,900,600,1700,600,1600,6500,400,200,1100,1400,2900,11400,500,6000,7400,500,200,200,20300
146.0,13.05,147800,1925602.0,13.05,13.04,13.03,13.02,13.01,13.0,12.98,12.96,12.95,12.94,13.06,13.07,13.08,13.09,13.12,13.13,13.16,13.17,13.19,13.2,300,900,600,1700,600,1600,6500,400,200,1100,1300,2900,11400,500,6000,7400,500,200,200,20300
147.0,13.05,147800,1925602.0,13.05,13.04,13.03,13.02,13.01,13.0,12.98,12.96,12.95,12.94,13.06,13.07,13.08,13.09,13.12,13.13,13.16,13.17,13.19,13.2,300,900,600,1700,600,1600,6500,400,200,1100,1300,2900,11400,500,6000,7400,500,200,200,20300
148.0,13.05,148000,1928212.0,13.05,13.04,13.03,13.02,13.01,13.0,12.98,12.96,12.95,12.94,13.06,13.07,13.08,13.09,13.12,13.13,13.16,13.17,13.19,13.2,100,900,600,1700,600,1600,6500,400,200,1100,1300,2900,11400,500,6000,7400,500,200,200,20300
149.0,13.05,148100,1929517.0,13.04,13.03,13.02,13.01,13.0,12.98,12.96,12.95,12.94,12.91,13.05,13.06,13.07,13.08,13.09,13.12,13.13,13.16,13.17,13.19,900,600,1700,600,1600,6500,400,200,1100,1000,100,1300,2900,11400,500,6000,7400,500,200,200
150.0,13.05,148100,1929517.0,13.04,13.03,13.02,13.01,13.0,12.98,12.96,12.95,12.94,12.91,13.05,13.06,13.07,13.08,13.09,13.12,13.13,13.16,13.17,13.19,900,600,1700,600,1600,6500,400,200,1100,1000,500,1300,2900,11400,500,6000,7400,500,200,200
151.0,13.05,148100,1929517.0,13.04,13.03,13.02,13.01,13.0,12.98,12.96,12.95,12.94,12.91,13.05,13.06,13.07,13.08,13.09,13.12,13.13,13.16,13.17,13.19,900,600,1700,600,1600,6500,400,200,1100,1000,500,1300,2900,11400,500,6000,7400,500,200,200
152.0,13.05,149400,1946473.0,13.03,13.02,13.01,13.0,12.98,12.96,12.95,12.94,12.91,12.9,13.05,13.06,13.07,13.08,13.09,13.12,13.13,13.16,13.17,13.19,600,1700,600,1600,6500,400,200,1100,1000,100,100,1300,2900,11400,500,6000,7400,500,200,200
153.0,13.05,149400,1946473.0,13.04,13.03,13.02,13.01,13.0,12.98,12.96,12.95,12.94,12.91,13.05,13.06,13.07,13.08,13.09,13.12,13.13,13.16,13.17,13.19,500,600,1700,600,1600,6500,400,200,1100,1000,100,1300,2900,11400,500,6000,7400,500,200,200
154.0,13.05,149400,1946473.0,13.04,13.03,13.02,13.01,13.0,12.98,12.96,12.95,12.94,12.91,13.05,13.06,13.07,13.08,13.09,13.12,13.13,13.16,13.17,13.19,500,600,1700,600,1600,6500,400,200,1100,1000,100,1400,2900,11400,500,6000,7400,500,200,200
155.0,13.06,150100,1955614.0,13.04,13.03,13.02,13.01,13.0,12.98,12.96,12.95,12.94,12.91,13.06,13.07,13.08,13.09,13.12,13.13,13.16,13.17,13.18,13.19,500,600,1700,600,1600,6500,400,200,1100,1000,800,2900,11400,500,6000,7400,500,200,200,200
156.0,13.04,150200,1956918.0,13.04,13.03,13.02,13.01,13.0,12.98,12.96,12.95,12.94,12.91,13.06,13.07,13.08,13.09,13.12,13.13,13.16,13.17,13.18,13.19,400,600,1700,600,1600,6500,400,200,1100,1000,800,2900,11400,500,6000,7400,500,200,200,200
157.0,13.04,150200,1956918.0,13.04,13.03,13.02,13.01,13.0,12.98,12.96,12.95,12.94,12.91,13.06,13.07,13.08,13.09,13.12,13.13,13.16,13.17,13.18,13.19,400,600,1700,600,1600,6500,400,200,1100,1000,800,2900,11400,500,6000,7400,500,200,200,200
158.0,13.04,150200,1956918.0,13.05,13.04,13.03,13.02,13.01,13.0,12.98,12.96,12.95,12.94,13.06,13.07,13.08,13.09,13.12,13.13,13.16,13.17,13.18,13.19,700,400,600,1000,600,1600,6500,400,200,1100,1800,2900,11400,500,6000,7400,500,200,200,200
159.0,13.04,150200,1956918.0,13.05,13.04,13.03,13.02,13.01,13.0,12.98,12.96,12.95,12.94,13.06,13.07,13.08,13.09,13.12,13.13,13.16,13.17,13.18,13.19,700,400,600,1000,600,1600,6500,400,200,1100,1800,2900,11400,500,6000,7400,500,200,200,200
160.0,13.05,150400,1959528.0,13.05,13.04,13.03,13.02,13.01,13.0,12.98,12.96,12.95,12.94,13.06,13.07,13.08,13.09,13.12,13.13,13.16,13.17,13.18,13.19,500,500,600,1000,600,1600,6500,400,200,1100,1800,2900,11400,500,6000,7400,500,200,200,200
161.0,13.06,150600,1962140.0,13.05,13.04,13.03,13.02,13.01,13.0,12.98,12.96,12.95,12.94,13.06,13.07,13.08,13.09,13.12,13.13,13.16,13.17,13.18,13.19,500,500,600,1000,600,1600,6500,400,200,1100,1600,2900,11400,500,6000,7400,500,200,200,200
162.0,13.06,150600,1962140.0,13.05,13.04,13.03,13.02,13.01,13.0,12.98,12.96,12.95,12.94,13.06,13.07,13.08,13.09,13.12,13.13,13.16,13.17,13.18,13.19,500,500,600,1000,600,1600,6500,400,200,1100,1600,2900,11400,500,6000,7400,500,200,200,200
163.0,13.06,150600,1962140.0,13.05,13.04,13.03,13.02,13.01,13.0,12.98,12.96,12.95,12.94,13.06,13.07,13.08,13.09,13.12,13.13,13.16,13.17,13.18,13.19,500,500,600,1000,600,1600,6500,400,200,1100,1600,2900,11400,500,6000,7400,500,200,200,200
164.0,13.06,150700,1963446.0,13.05,13.04,13.03,13.02,13.01,13.0,12.98,12.96,12.95,12.94,13.06,13.07,13.08,13.09,13.12,13.13,13.16,13.17,13.18,13.19,500,500,600,1000,600,1600,6500,400,200,1100,1500,2900,11400,500,6000,7400,500,200,200,200
165.0,13.06,150700,1963446.0,13.05,13.04,13.03,13.02,13.01,13.0,12.98,12.96,12.95,12.94,13.06,13.07,13.08,13.09,13.12,13.13,13.16,13.17,13.18,13.19,500,500,600,1000,600,1600,6500,400,200,1100,1500,2900,11400,500,6000,7400,500,200,200,200
166.0,13.06,150700,1963446.0,13.05,13.04,13.03,13.02,13.01,13.0,12.98,12.96,12.95,12.94,13.06,13.07,13.08,13.09,13.12,13.13,13.16,13.17,13.18,13.19,500,500,600,1000,600,1600,6500,400,200,1100,1500,2900,11400,500,6000,7400,500,200,200,200
167.0,13.05,151100,1968666.0,13.05,13.04,13.03,13.02,13.01,13.0,12.98,12.96,12.95,12.94,13.06,13.07,13.08,13.09,13.12,13.13,13.16,13.17,13.18,13.19,100,500,600,1000,600,1600,200,400,200,1100,1600,2900,11400,500,6000,7400,500,200,200,200
168.0,13.05,151300,1971277.0,13.04,13.03,13.02,13.01,13.0,12.98,12.96,12.95,12.94,12.91,13.05,13.06,13.07,13.08,13.09,13.12,13.13,13.16,13.17,13.18,500,600,1000,600,1600,200,400,200,1100,1000,400,1500,2900,11400,500,6000,7400,500,200,1000
169.0,13.06,151800,1977803.0,13.05,13.04,13.03,13.02,13.01,13.0,12.98,12.96,12.95,12.94,13.06,13.07,13.08,13.09,13.12,13.13,13.16,13.17,13.18,13.19,500,800,600,1000,600,1600,200,400,200,1100,1400,2900,11400,500,6000,7400,500,200,1000,200
170.0,13.06,151800,1977803.0,13.05,13.04,13.03,13.02,13.01,13.0,12.98,12.96,12.95,12.94,13.06,13.07,13.08,13.09,13.12,13.13,13.16,13.17,13.18,13.19,500,1200,600,1000,600,1600,200,400,200,1100,1400,2900,11400,500,6000,7400,500,200,1000,200
171.0,13.06,151800,1977803.0,13.05,13.04,13.03,13.02,13.01,13.0,12.98,12.96,12.95,12.94,13.06,13.07,13.08,13.09,13.12,13.13,13.16,13.17,13.18,13.19,500,2000,600,1000,600,1600,200,400,200,1100,1400,2900,11400,500,6000,7400,500,200,1000,200
172.0,13.06,151800,1977803.0,13.05,13.04,13.03,13.02,13.01,13.0,12.98,12.96,12.95,12.94,13.06,13.07,13.08,13.09,13.12,13.13,13.16,13.17,13.18,13.19,500,2000,600,1000,600,1600,200,400,200,1100,1400,2900,11400,500,6000,7400,500,200,1000,200
173.0,13.06,151800,1977803.0,13.05,13.04,13.03,13.02,13.01,13.0,12.98,12.96,12.95,12.94,13.06,13.07,13.08,13.09,13.12,13.13,13.16,13.17,13.18,13.19,500,2000,600,1000,600,1600,200,400,200,1100,1400,2900,11400,500,6000,7400,500,200,1000,200
174.0,13.06,151800,1977803.0,13.05,13.04,13.03,13.02,13.01,13.0,12.98,12.96,12.95,12.94,13.06,13.07,13.08,13.09,13.12,13.13,13.16,13.17,13.18,13.19,500,2000,600,1000,600,1600,200,400,200,1100,1400,2900,11400,500,6000,7400,500,200,1000,200
175.0,13.06,151800,1977803.0,13.05,13.04,13.03,13.02,13.01,13.0,12.98,12.96,12.95,12.94,13.06,13.07,13.08,13.09,13.12,13.13,13.16,13.17,13.18,13.19,500,2000,600,1000,600,1600,200,400,200,1100,1400,2900,11400,500,6000,7400,500,200,1000,200
176.0,13.06,151800,1977803.0,13.05,13.04,13.03,13.02,13.01,13.0,12.98,12.96,12.95,12.94,13.06,13.07,13.08,13.09,13.12,13.13,13.16,13.17,13.18,13.19,500,2000,600,1000,600,1600,200,400,200,1100,1400,2900,11400,500,6000,7400,500,200,1000,200
177.0,13.06,151800,1977803.0,13.05,13.04,13.03,13.02,13.01,13.0,12.98,12.96,12.95,12.94,13.06,13.07,13.08,13.09,13.12,13.13,13.16,13.17,13.18,13.19,500,2000,600,1000,600,1600,200,400,200,1100,1400,2900,11400,500,6000,7400,500,200,1000,200
178.0,13.06,151800,1977803.0,13.05,13.04,13.03,13.02,13.01,13.0,12.98,12.96,12.95,12.94,13.06,13.07,13.08,13.09,13.12,13.13,13.16,13.17,13.18,13.19,500,2000,600,1000,600,1600,200,400,200,1100,1400,2900,11400,500,6000,7400,500,200,1000,200
179.0,13.05,151900,1979108.0,13.05,13.04,13.03,13.02,13.01,13.0,12.98,12.96,12.95,12.94,13.06,13.07,13.08,13.09,13.12,13.13,13.16,13.17,13.18,13.19,400,2000,600,1000,600,1600,200,400,200,1100,1400,2900,11400,500,6000,7400,500,200,1000,200
180.0,13.05,151900,1979108.0,13.05,13.04,13.03,13.02,13.01,13.0,12.98,12.96,12.95,12.94,13.06,13.07,13.08,13.09,13.12,13.13,13.16,13.17,13.18,13.19,400,1900,600,1000,600,1600,200,400,200,1100,1500,2900,11400,500,6000,7400,500,200,1000,200
181.0,13.05,151900,1979108.0,13.05,13.04,13.03,13.02,13.01,13.0,12.98,12.96,12.95,12.94,13.06,13.07,13.08,13.09,13.12,13.13,13.16,13.17,13.18,13.19,400,1900,600,1000,600,1600,200,400,200,1100,1500,2900,11400,500,6000,7400,500,200,1000,200
182.0,13.05,151900,1979108.0,13.05,13.04,13.03,13.02,13.01,13.0,12.98,12.96,12.95,12.94,13.06,13.07,13.08,13.09,13.12,13.13,13.16,13.17,13.18,13.19,400,1900,600,1000,600,1600,200,400,200,1100,1500,2900,11400,500,6000,7400,500,200,1000,200
183.0,13.05,151900,1979108.0,13.05,13.04,13.03,13.02,13.01,13.0,12.98,12.96,12.95,12.94,13.06,13.07,13.08,13.09,13.12,13.13,13.16,13.17,13.18,13.19,500,2000,600,1000,600,1600,200,400,200,1100,1500,2900,11400,500,6000,7400,500,200,1000,200
184.0,13.05,151900,1979108.0,13.05,13.04,13.03,13.02,13.01,13.0,12.98,12.96,12.95,12.94,13.06,13.07,13.08,13.09,13.12,13.13,13.16,13.17,13.18,13.19,500,2000,600,1000,600,1600,200,400,200,1100,1500,2900,11400,500,6000,7400,500,200,1000,200
185.0,13.06,152000,1980414.0,13.05,13.04,13.03,13.02,13.01,13.0,12.98,12.96,12.95,12.94,13.06,13.07,13.08,13.09,13.12,13.13,13.16,13.17,13.18,13.19,700,2000,600,1000,600,1600,200,400,200,1100,1400,2900,11400,500,6000,7400,500,200,1000,200
186.0,13.06,152000,1980414.0,13.05,13.04,13.03,13.02,13.01,13.0,12.98,12.96,12.95,12.94,13.06,13.07,13.08,13.09,13.12,13.13,13.16,13.17,13.18,13.19,700,2000,600,1000,600,1600,200,400,200,1100,1400,2900,11400,500,6000,7400,500,200,1000,200
187.0,13.06,152000,1980414.0,13.05,13.04,13.03,13.02,13.01,13.0,12.98,12.96,12.95,12.94,13.06,13.07,13.08,13.09,13.12,13.13,13.16,13.17,13.18,13.19,700,2000,600,1000,600,1600,200,400,200,1100,1400,2900,11400,500,6000,7400,500,200,1000,500
188.0,13.06,152000,1980414.0,13.05,13.04,13.03,13.02,13.01,13.0,12.98,12.96,12.95,12.94,13.06,13.07,13.08,13.09,13.12,13.13,13.16,13.17,13.18,13.19,700,2000,600,1000,600,1600,200,400,200,1100,1400,2900,11400,500,6000,7400,500,200,1000,500
189.0,13.06,152700,1989556.0,13.05,13.04,13.03,13.02,13.01,13.0,12.98,12.96,12.95,12.94,13.06,13.07,13.08,13.09,13.12,13.13,13.16,13.17,13.18,13.19,700,2000,600,1000,600,1600,200,400,200,1100,800,2900,11400,500,6000,7400,500,200,1000,500
190.0,13.06,152700,1989556.0,13.05,13.04,13.03,13.02,13.01,13.0,12.98,12.96,12.95,12.94,13.06,13.07,13.08,13.09,13.12,13.13,13.16,13.17,13.18,13.19,700,2000,600,1000,600,1600,200,400,200,1100,800,2900,11400,500,6000,7400,500,200,1000,500
191.0,13.06,152900,1992167.0,13.05,13.04,13.03,13.02,13.01,13.0,12.98,12.96,12.95,12.94,13.06,13.07,13.08,13.09,13.12,13.13,13.16,13.17,13.18,13.19,700,2000,600,1000,600,1600,200,400,200,1100,700,2900,11400,500,6000,7400,500,200,1000,500
192.0,13.06,153000,1993473.0,13.05,13.04,13.03,13.02,13.01,13.0,12.98,12.96,12.95,12.94,13.06,13.07,13.08,13.09,13.12,13.13,13.16,13.17,13.18,13.19,1300,2000,600,1000,600,1600,200,400,200,1100,1300,2900,11400,500,6000,7400,500,200,1000,500
193.0,13.06,153500,2000002.0,13.05,13.04,13.03,13.02,13.01,13.0,12.98,12.96,12.95,12.94,13.06,13.07,13.08,13.09,13.12,13.13,13.16,13.17,13.18,13.19,1200,2000,600,1000,600,1600,200,400,200,1100,900,2900,11400,500,6000,7400,500,200,1000,500
194.0,13.06,153500,2000002.0,13.05,13.04,13.03,13.02,13.01,13.0,12.98,12.96,12.95,12.94,13.06,13.07,13.08,13.09,13.12,13.13,13.16,13.17,13.18,13.19,1200,2000,600,1000,600,1600,200,400,200,1100,900,2900,11400,500,6000,7400,500,200,1000,500
195.0,13.06,153600,2001308.0,13.05,13.04,13.03,13.02,13.01,13.0,12.98,12.96,12.95,12.94,13.06,13.07,13.08,13.09,13.12,13.16,13.17,13.18,13.19,13.2,1200,2000,600,1000,600,1600,200,400,200,1100,800,2900,11400,500,6000,500,200,1000,500,20300
196.0,13.06,154100,2007837.0,13.05,13.04,13.03,13.02,13.01,13.0,12.98,12.96,12.95,12.94,13.06,13.07,13.08,13.09,13.12,13.16,13.17,13.18,13.19,13.2,1100,2000,600,1000,600,1600,200,400,200,1100,400,2900,11400,500,6000,500,200,1000,500,20300
197.0,13.05,154200,2009142.0,13.05,13.04,13.03,13.02,13.01,13.0,12.98,12.96,12.95,12.94,13.06,13.07,13.08,13.09,13.12,13.16,13.17,13.18,13.19,13.2,1100,2000,600,1000,600,1600,200,400,200,1100,400,2900,11400,500,6000,500,200,1000,500,20300
198.0,13.06,154300,2010448.0,13.05,13.04,13.03,13.02,13.01,13.0,12.98,12.96,12.95,12.94,13.06,13.07,13.08,13.09,13.12,13.16,13.17,13.18,13.19,13.2,1200,2000,600,1000,600,1600,200,400,200,1100,300,2900,11400,500,6000,500,200,1000,500,20300
199.0,13.06,154500,2013060.0,13.05,13.04,13.03,13.02,13.01,13.0,12.98,12.96,12.95,12.94,13.06,13.07,13.08,13.09,13.12,13.16,13.17,13.18,13.19,13.2,1200,2000,600,1000,600,1600,200,400,200,1100,100,2900,11400,500,6000,500,200,1000,500,20300
200.0,13.06,154700,2015671.0,13.05,13.04,13.03,13.02,13.01,13.0,12.98,12.96,12.95,12.94,13.07,13.08,13.09,13.12,13.16,13.17,13.18,13.19,13.2,13.22,1000,2000,600,1000,600,1600,200,100,200,1100,2900,11400,500,6000,500,200,1000,500,20300,5000
201.0,13.06,154700,2015671.0,13.05,13.04,13.03,13.02,13.01,13.0,12.98,12.96,12.95,12.94,13.07,13.08,13.09,13.12,13.16,13.17,13.18,13.19,13.2,13.22,1100,2000,600,1000,600,1600,200,100,200,1100,3000,11400,500,6000,500,200,1000,500,20300,5000
202.0,13.06,154700,2015671.0,13.05,13.04,13.03,13.02,13.01,13.0,12.98,12.96,12.95,12.94,13.07,13.08,13.09,13.12,13.16,13.17,13.18,13.19,13.2,13.22,1300,2000,600,1000,600,1600,200,100,200,1100,3200,11400,500,6000,500,200,1000,500,20300,5000
203.0,13.05,155000,2019586.0,13.05,13.04,13.03,13.02,13.01,13.0,12.98,12.96,12.95,12.94,13.06,13.07,13.08,13.09,13.12,13.16,13.17,13.18,13.19,13.2,1000,2000,600,1000,600,1600,200,100,200,1100,100,3200,11400,500,6000,500,200,1000,500,20300
204.0,13.05,155100,2020891.0,13.05,13.04,13.03,13.02,13.01,13.0,12.98,12.96,12.95,12.94,13.06,13.07,13.08,13.09,13.12,13.16,13.17,13.18,13.19,13.2,900,2000,600,1000,600,1600,300,100,200,1100,100,3200,11400,500,6000,500,200,1000,500,20300
205.0,13.05,155100,2020891.0,13.05,13.04,13.03,13.02,13.01,13.0,12.98,12.96,12.95,12.94,13.06,13.07,13.08,13.09,13.11,13.12,13.16,13.17,13.18,13.19,900,2000,600,1000,600,1600,300,100,200,1100,100,3200,11400,500,700,6000,500,200,1000,500
206.0,13.05,155500,2026111.0,13.05,13.04,13.03,13.02,13.01,13.0,12.98,12.96,12.95,12.94,13.06,13.07,13.08,13.09,13.11,13.12,13.16,13.17,13.18,13.19,500,2000,600,1000,600,1600,300,100,200,1100,200,3200,11400,500,700,6000,500,200,1000,500
207.0,13.05,155500,2026111.0,13.05,13.04,13.03,13.02,13.01,13.0,12.98,12.96,12.95,12.94,13.06,13.07,13.08,13.09,13.11,13.12,13.16,13.17,13.18,13.19,500,1200,600,1000,600,1600,300,100,200,1100,200,3200,11400,500,700,6000,500,200,1000,500
208.0,13.05,155500,2026111.0,13.05,13.04,13.03,13.02,13.01,13.0,12.98,12.96,12.95,12.94,13.06,13.07,13.08,13.09,13.11,13.12,13.16,13.17,13.18,13.19,500,1200,600,1000,600,1600,300,100,200,1100,200,3200,11400,500,700,6000,500,200,1000,500
209.0,13.06,155700,2028722.0,13.05,13.04,13.03,13.02,13.01,13.0,12.98,12.96,12.95,12.94,13.06,13.07,13.08,13.09,13.11,13.12,13.16,13.17,13.18,13.19,400,1200,500,1000,600,1600,300,100,200,1100,300,3200,11400,500,700,6000,500,200,1000,500
210.0,13.06,155700,2028722.0,13.05,13.04,13.03,13.02,13.01,13.0,12.98,12.96,12.95,12.94,13.06,13.07,13.08,13.09,13.11,13.12,13.16,13.17,13.18,13.19,400,1200,500,1000,600,1600,300,100,200,1100,300,3200,11400,500,700,6000,500,200,1000,500
211.0,13.06,155700,2028722.0,13.05,13.04,13.03,13.02,13.01,13.0,12.98,12.96,12.95,12.94,13.06,13.07,13.08,13.09,13.11,13.12,13.16,13.17,13.18,13.19,400,1200,500,1000,600,1600,300,100,200,1100,300,3200,11400,500,700,6000,500,200,1000,500
212.0,13.06,155800,2030028.0,13.05,13.04,13.03,13.02,13.01,13.0,12.98,12.96,12.95,12.94,13.06,13.07,13.08,13.09,13.11,13.12,13.16,13.17,13.18,13.19,500,1200,500,1000,600,1600,300,100,200,1100,200,3200,11400,500,700,6000,500,200,1000,7900
213.0,13.06,156100,2033946.0,13.06,13.05,13.04,13.03,13.02,13.01,13.0,12.98,12.96,12.95,13.07,13.08,13.09,13.11,13.12,13.16,13.17,13.18,13.19,13.2,800,500,1200,500,1000,600,1600,300,100,200,3200,11400,500,700,6000,500,200,1000,7900,20300
214.0,13.06,156200,2035252.0,13.06,13.05,13.04,13.03,13.02,13.01,13.0,12.98,12.96,12.95,13.07,13.08,13.09,13.11,13.12,13.16,13.17,13.18,13.19,13.2,700,500,1200,500,1000,600,1600,300,100,200,3200,11400,500,700,6000,500,200,1000,7900,20300
215.0,13.06,156200,2035252.0,13.06,13.05,13.04,13.03,13.02,13.01,13.0,12.98,12.96,12.95,13.07,13.08,13.09,13.11,13.12,13.16,13.17,13.18,13.19,13.2,700,500,1200,500,1000,600,1600,300,100,200,3200,11400,500,700,6000,500,200,1000,7900,20300
216.0,13.07,156300,2036559.0,13.06,13.05,13.04,13.03,13.02,13.01,13.0,12.98,12.96,12.95,13.07,13.08,13.09,13.11,13.12,13.16,13.17,13.18,13.19,13.2,700,500,1200,500,1000,600,1600,300,100,200,3100,11400,500,700,6000,500,200,1000,7900,20300
217.0,13.07,156300,2036559.0,13.06,13.05,13.04,13.03,13.02,13.01,13.0,12.98,12.96,12.95,13.07,13.08,13.09,13.11,13.12,13.16,13.17,13.18,13.19,13.2,700,500,1200,500,1000,600,1600,300,100,200,3100,11400,500,700,6000,500,200,1000,7900,20300
218.0,13.07,156300,2036559.0,13.06,13.05,13.04,13.03,13.02,13.01,13.0,12.98,12.96,12.95,13.07,13.08,13.09,13.11,13.12,13.16,13.17,13.18,13.19,13.2,700,500,1200,500,1000,600,1600,300,100,200,3100,11400,500,700,6000,500,200,1000,7900,20300
219.0,13.07,156300,2036559.0,13.06,13.05,13.04,13.03,13.02,13.01,13.0,12.98,12.96,12.95,13.07,13.08,13.09,13.11,13.12,13.16,13.17,13.18,13.19,13.2,700,500,1200,500,1000,600,1600,300,100,200,3100,11400,500,700,6000,500,200,1000,7900,20300
220.0,13.07,156300,2036559.0,13.06,13.05,13.04,13.03,13.02,13.01,13.0,12.98,12.96,12.95,13.07,13.08,13.09,13.11,13.12,13.16,13.17,13.18,13.19,13.2,700,500,1200,500,1000,600,1600,300,100,200,3100,11400,500,700,6000,500,200,1000,7900,20300
221.0,13.07,156300,2036559.0,13.06,13.05,13.04,13.03,13.02,13.01,13.0,12.98,12.96,12.95,13.07,13.08,13.09,13.11,13.12,13.16,13.17,13.18,13.19,13.2,700,500,1200,500,1000,600,1600,300,100,200,3100,11400,500,700,6000,500,200,1000,7900,20300
222.0,13.06,156400,2037865.0,13.06,13.05,13.04,13.03,13.02,13.01,13.0,12.98,12.96,12.95,13.07,13.08,13.09,13.11,13.12,13.16,13.17,13.18,13.19,13.2,600,500,1200,500,1000,600,1600,300,100,200,3100,11400,500,700,6000,500,200,1000,7900,20300
223.0,13.06,157000,2045701.0,13.05,13.04,13.03,13.02,13.01,13.0,12.98,12.96,12.95,12.94,13.06,13.07,13.08,13.09,13.11,13.12,13.16,13.17,13.18,13.19,400,1200,500,1000,600,1600,300,100,200,1100,800,3100,11400,500,700,6000,500,200,1000,7900
224.0,13.06,157000,2045701.0,13.05,13.04,13.03,13.02,13.01,13.0,12.98,12.96,12.95,12.94,13.06,13.07,13.08,13.09,13.11,13.12,13.16,13.17,13.18,13.19,400,1200,500,1000,600,1600,300,100,200,1100,900,3100,11400,500,700,6000,500,200,1000,7900
225.0,13.06,157000,2045701.0,13.05,13.04,13.03,13.02,13.01,13.0,12.98,12.96,12.95,12.94,13.06,13.07,13.08,13.09,13.11,13.12,13.16,13.17,13.18,13.19,400,1200,500,1000,600,1600,300,100,200,1100,900,3100,11400,500,700,6000,500,200,1000,7900
226.0,13.04,158600,2066569.0,13.03,13.02,13.01,13.0,12.98,12.96,12.95,12.94,12.91,12.9,13.04,13.06,13.07,13.08,13.09,13.11,13.12,13.16,13.17,13.18,500,1000,600,1600,300,100,200,1100,1000,100,200,900,3100,11400,500,700,6000,500,200,51000
227.0,13.05,159000,2071787.0,13.03,13.02,13.01,13.0,12.98,12.96,12.95,12.94,12.91,12.9,13.05,13.06,13.07,13.08,13.09,13.11,13.12,13.16,13.17,13.18,600,1000,600,1600,300,100,200,1100,1000,100,2000,900,3100,11400,500,700,6000,500,200,51000
228.0,13.05,159000,2071787.0,13.03,13.02,13.01,13.0,12.98,12.96,12.95,12.94,12.91,12.9,13.05,13.06,13.07,13.08,13.09,13.11,13.12,13.16,13.17,13.18,600,1000,600,1600,300,100,200,1100,1000,100,2000,900,3100,11400,500,700,6000,500,200,51000
229.0,13.05,159000,2071787.0,13.03,13.02,13.01,13.0,12.98,12.96,12.95,12.94,12.91,12.9,13.05,13.06,13.07,13.08,13.09,13.11,13.12,13.16,13.17,13.18,600,1000,600,1600,300,100,200,1100,1000,100,2000,900,3100,11400,500,700,6000,500,200,51000
230.0,13.07,162000,2110948.0,13.03,13.02,13.01,13.0,12.98,12.96,12.95,12.94,12.91,12.9,13.05,13.06,13.07,13.08,13.09,13.11,13.12,13.16,13.17,13.18,600,1000,600,1600,300,100,200,1100,1000,100,1000,4500,3000,11400,500,700,6000,500,200,51000
231.0,13.07,162000,2110948.0,13.03,13.02,13.01,13.0,12.98,12.96,12.95,12.94,12.91,12.9,13.05,13.06,13.07,13.08,13.09,13.11,13.12,13.16,13.17,13.18,1000,1000,600,1600,300,100,200,1100,1000,100,1000,4500,3000,11400,500,700,6000,500,200,51000
232.0,13.07,162000,2110948.0,13.03,13.02,13.01,13.0,12.98,12.96,12.95,12.94,12.91,12.9,13.05,13.06,13.07,13.08,13.09,13.11,13.12,13.16,13.17,13.18,1000,1000,600,1600,300,100,200,1100,1000,100,1000,4500,3000,11400,500,700,6000,500,200,51000
233.0,13.03,162200,2113554.0,13.03,13.02,13.01,13.0,12.98,12.96,12.95,12.94,12.91,12.9,13.05,13.06,13.07,13.08,13.09,13.11,13.12,13.16,13.17,13.18,800,1000,600,1600,300,100,200,1100,1000,100,1000,4500,3000,11400,500,700,6000,500,200,51000
234.0,13.03,162200,2113554.0,13.03,13.02,13.01,13.0,12.98,12.96,12.95,12.94,12.91,12.9,13.05,13.06,13.07,13.08,13.09,13.11,13.12,13.16,13.17,13.18,800,1000,600,1600,300,100,200,1100,1000,100,1000,4500,3000,11400,500,700,6000,500,200,51000
235.0,13.03,162200,2113554.0,13.03,13.02,13.01,13.0,12.98,12.96,12.95,12.94,12.91,12.9,13.05,13.06,13.07,13.08,13.09,13.11,13.12,13.16,13.17,13.18,800,1000,600,1600,300,100,200,1100,1000,100,1000,4500,3000,11400,500,700,6000,500,200,51000
236.0,13.03,162200,2113554.0,13.03,13.02,13.01,13.0,12.98,12.96,12.95,12.94,12.91,12.9,13.05,13.06,13.07,13.08,13.09,13.11,13.12,13.16,13.17,13.18,800,1000,600,1600,300,100,200,1100,1000,100,1000,4500,3000,11400,500,700,6000,500,200,51000
237.0,13.05,162400,2116162.0,13.03,13.02,13.01,13.0,12.98,12.96,12.95,12.94,12.91,12.9,13.05,13.06,13.07,13.08,13.09,13.11,13.12,13.16,13.17,13.18,800,1000,600,1600,300,100,200,1100,1000,100,900,4500,3000,11400,500,700,6000,500,200,51000
238.0,13.03,163200,2126586.0,13.02,13.01,13.0,12.98,12.96,12.95,12.94,12.91,12.9,12.88,13.03,13.05,13.06,13.07,13.08,13.09,13.11,13.12,13.16,13.17,800,600,1600,300,100,200,1100,1000,100,12100,7300,900,4500,3000,11400,500,700,6000,500,200
239.0,13.03,164200,2139616.0,13.02,13.01,13.0,12.98,12.96,12.95,12.94,12.91,12.9,12.88,13.03,13.05,13.06,13.07,13.08,13.09,13.11,13.12,13.16,13.17,1100,600,1600,300,100,200,1100,1000,100,12100,6300,900,4500,3000,11400,500,700,6000,500,200
240.0,13.03,167000,2176098.0,13.02,13.01,13.0,12.98,12.96,12.95,12.94,12.91,12.9,12.88,13.03,13.05,13.06,13.07,13.08,13.09,13.11,13.12,13.16,13.17,900,600,1600,300,100,200,1100,1000,100,12100,3700,900,4500,3000,11400,500,700,6000,500,200
241.0,13.03,167300,2180007.0,13.02,13.01,13.0,12.98,12.96,12.95,12.94,12.91,12.9,12.88,13.03,13.05,13.06,13.07,13.08,13.09,13.11,13.12,13.16,13.17,1100,600,1600,300,100,200,1100,1000,100,12100,3400,900,4500,3000,11400,500,700,6000,500,200
242.0,13.03,169300,2206067.0,13.02,13.01,13.0,12.98,12.96,12.95,12.94,12.91,12.9,12.88,13.03,13.06,13.07,13.08,13.09,13.11,13.12,13.16,13.17,13.18,1100,600,1600,300,600,200,1100,1000,100,12100,1400,4500,3000,11400,500,700,6000,500,200,51000
243.0,13.03,169300,2206067.0,13.02,13.01,13.0,12.98,12.96,12.95,12.94,12.91,12.9,12.88,13.03,13.06,13.07,13.08,13.09,13.11,13.12,13.16,13.17,13.18,1100,600,1600,300,600,200,1100,1000,100,12100,1400,4500,3000,11400,500,700,6000,500,200,51000
244.0,13.03,169600,2209976.0,13.02,13.01,13.0,12.98,12.96,12.95,12.94,12.91,12.9,12.88,13.03,13.06,13.07,13.08,13.09,13.11,13.12,13.16,13.17,13.18,1100,600,1600,300,600,200,1100,1000,100,12100,1100,4500,3000,11400,500,700,6000,500,200,51000
245.0,13.03,170700,2224309.0,13.03,13.02,13.01,13.0,12.98,12.96,12.95,12.94,12.91,12.9,13.06,13.07,13.08,13.09,13.11,13.12,13.16,13.17,13.18,13.19,300,1100,600,1600,300,600,200,1100,1000,100,4500,3000,11400,500,700,6000,500,200,51000,7900
246.0,13.03,170700,2224309.0,13.03,13.02,13.01,13.0,12.98,12.96,12.95,12.94,12.91,12.9,13.06,13.07,13.08,13.09,13.11,13.12,13.16,13.17,13.18,13.19,500,1100,600,1600,300,600,200,1100,1000,100,4700,3000,11400,500,700,6000,500,200,51000,7900
247.0,13.03,170700,2224309.0,13.03,13.02,13.01,13.0,12.98,12.96,12.95,12.94,12.91,12.9,13.06,13.07,13.08,13.09,13.11,13.12,13.16,13.17,13.18,13.19,600,1100,600,1600,300,600,200,1100,1000,100,4700,3000,11400,500,700,6000,500,200,51000,7900
248.0,13.03,170800,2225612.0,13.03,13.02,13.01,13.0,12.98,12.96,12.95,12.94,12.91,12.9,13.06,13.07,13.08,13.09,13.11,13.12,13.16,13.17,13.18,13.19,800,1100,600,1600,300,600,200,1100,1000,100,4800,1300,9900,500,700,6000,500,200,51000,7900
249.0,13.03,170900,2226915.0,13.03,13.02,13.01,13.0,12.98,12.96,12.95,12.94,12.91,12.9,13.06,13.07,13.08,13.09,13.11,13.12,13.16,13.17,13.18,13.19,900,1100,600,1600,300,600,200,1100,1000,100,5000,1300,9900,500,700,6000,500,200,51000,7900
250.0,13.06,171000,2228221.0,13.03,13.02,13.01,13.0,12.98,12.96,12.95,12.94,12.91,12.9,13.06,13.07,13.08,13.09,13.11,13.12,13.16,13.17,13.18,13.19,1200,1100,600,1600,300,600,200,1100,1000,100,5000,1300,9900,500,700,6000,500,200,51000,7900
251.0,13.06,171000,2228221.0,13.03,13.02,13.01,13.0,12.98,12.96,12.95,12.94,12.91,12.9,13.06,13.07,13.08,13.09,13.11,13.12,13.16,13.17,13.18,13.19,1400,1100,600,1600,300,600,200,1100,1000,100,5200,1300,9900,500,700,6000,500,200,51000,7900
252.0,13.06,171000,2228221.0,13.03,13.02,13.01,13.0,12.98,12.96,12.95,12.94,12.91,12.9,13.06,13.07,13.08,13.09,13.11,13.12,13.16,13.17,13.18,13.19,1400,1100,600,1600,300,600,200,1100,1000,100,5200,1300,9900,500,700,6000,500,200,51000,7900
253.0,13.06,172200,2243860.0,13.03,13.02,13.01,13.0,12.98,12.96,12.95,12.94,12.91,12.9,13.06,13.07,13.08,13.09,13.11,13.12,13.16,13.17,13.18,13.19,500,1100,600,1600,300,600,200,1100,1000,100,5200,1300,9900,500,700,6000,500,200,51000,7900
254.0,13.06,172200,2243860.0,13.03,13.02,13.01,13.0,12.98,12.96,12.95,12.94,12.91,12.9,13.06,13.07,13.08,13.09,13.11,13.12,13.16,13.17,13.18,13.19,700,1100,600,1600,300,600,200,1100,1000,100,5400,1300,9900,500,700,6000,500,200,51000,7900
255.0,13.06,172200,2243860.0,13.03,13.02,13.01,13.0,12.98,12.96,12.95,12.94,12.91,12.9,13.06,13.07,13.08,13.09,13.11,13.12,13.16,13.17,13.18,13.19,900,1100,600,1600,300,600,200,1100,1000,100,5700,1300,9900,500,700,6000,500,200,51000,7900
256.0,13.06,172200,2243860.0,13.03,13.02,13.01,13.0,12.98,12.96,12.95,12.94,12.91,12.9,13.06,13.07,13.08,13.09,13.11,13.12,13.16,13.17,13.18,13.19,1100,1100,600,1600,300,600,200,1100,1000,100,5900,1300,9900,500,700,6000,500,200,51000,7900
257.0,13.03,173000,2254284.0,13.03,13.02,13.01,13.0,12.98,12.96,12.95,12.94,12.91,12.9,13.06,13.07,13.08,13.09,13.11,13.12,13.16,13.17,13.18,13.19,300,1100,600,1600,300,600,200,1100,1000,100,5900,1300,9900,500,700,6000,500,200,51000,7900
258.0,13.06,174200,2269956.0,13.03,13.02,13.01,13.0,12.98,12.96,12.95,12.94,12.91,12.9,13.06,13.07,13.08,13.09,13.11,13.12,13.16,13.17,13.18,13.19,1100,1100,600,1600,300,600,200,1100,1000,100,5100,1300,9900,500,700,6000,500,200,51000,7900
259.0,13.06,174200,2269956.0,13.03,13.02,13.01,13.0,12.98,12.96,12.95,12.94,12.91,12.9,13.06,13.07,13.08,13.09,13.11,13.12,13.16,13.17,13.18,13.19,1500,1100,600,1600,300,600,200,1100,1000,100,5100,1300,9900,500,700,6000,500,200,51000,7900
260.0,13.06,174400,2272565.0,13.03,13.02,13.01,13.0,12.98,12.96,12.95,12.94,12.91,12.9,13.06,13.07,13.08,13.09,13.11,13.12,13.16,13.17,13.18,13.19,1800,1100,600,1600,300,600,200,1100,1000,100,5400,1300,9900,500,700,6000,500,200,51000,7900
261.0,13.03,174700,2276474.0,13.03,13.02,13.01,13.0,12.98,12.96,12.95,12.94,12.91,12.9,13.06,13.07,13.08,13.09,13.11,13.12,13.16,13.17,13.18,13.19,1500,1100,600,1600,300,600,200,1100,1000,100,5400,1300,9900,500,700,6000,500,200,51000,7900
262.0,13.03,174800,2277777.0,13.04,13.03,13.02,13.01,13.0,12.98,12.96,12.95,12.94,12.91,13.06,13.07,13.08,13.09,13.11,13.12,13.16,13.17,13.18,13.19,400,1500,1100,600,1600,300,600,200,1100,1000,5500,1300,9900,500,700,6000,500,200,51000,7900
263.0,13.03,174800,2277777.0,13.04,13.03,13.02,13.01,13.0,12.98,12.96,12.95,12.94,12.91,13.06,13.07,13.08,13.09,13.11,13.12,13.16,13.17,13.18,13.19,400,1500,1100,600,1600,300,600,200,1100,1000,5500,1300,9900,500,700,6000,500,200,51000,7900
264.0,13.03,174800,2277777.0,13.04,13.03,13.02,13.01,13.0,12.98,12.96,12.95,12.94,12.91,13.06,13.07,13.08,13.09,13.11,13.12,13.16,13.17,13.18,13.19,400,1500,1100,600,1600,300,600,200,1100,1000,5500,1300,9900,500,700,6000,500,200,51000,7900
265.0,13.03,174800,2277777.0,13.04,13.03,13.02,13.01,13.0,12.98,12.96,12.95,12.94,12.91,13.06,13.07,13.08,13.09,13.11,13.12,13.16,13.17,13.18,13.19,400,1500,1100,600,1600,300,600,200,1100,1000,5500,2300,9900,500,700,6000,500,200,51000,7900
266.0,13.03,174800,2277777.0,13.04,13.03,13.02,13.01,13.0,12.98,12.96,12.95,12.94,12.91,13.06,13.07,13.08,13.09,13.11,13.12,13.16,13.17,13.18,13.19,400,1500,1100,600,1600,300,600,200,1100,1000,5500,2300,9900,500,700,6000,500,200,51000,7900
267.0,13.03,174800,2277777.0,13.04,13.03,13.02,13.01,13.0,12.98,12.96,12.95,12.94,12.91,13.06,13.07,13.08,13.09,13.11,13.12,13.16,13.17,13.18,13.19,400,1500,1100,600,1600,300,600,200,1100,1000,5500,2300,9900,500,700,6000,500,200,51000,7900
268.0,13.03,174800,2277777.0,13.04,13.03,13.02,13.01,13.0,12.98,12.96,12.95,12.94,12.91,13.06,13.07,13.08,13.09,13.11,13.12,13.16,13.17,13.18,13.19,400,1500,1100,600,1600,300,600,200,1100,1000,5500,2300,9900,500,700,6000,500,200,51000,7900
269.0,13.03,174800,2277777.0,13.04,13.03,13.02,13.01,13.0,12.98,12.96,12.95,12.94,12.91,13.06,13.07,13.08,13.09,13.11,13.12,13.16,13.17,13.18,13.19,400,1500,1100,600,1600,300,600,200,1100,1000,5500,2300,9900,500,700,6000,500,200,51000,7900
270.0,13.03,174800,2277777.0,13.04,13.03,13.02,13.01,13.0,12.98,12.96,12.95,12.94,12.91,13.06,13.07,13.08,13.09,13.11,13.12,13.16,13.17,13.18,13.19,400,1500,1100,600,1600,300,600,200,1100,1000,5500,2300,9900,500,700,6000,500,200,51000,7900
271.0,13.03,174800,2277777.0,13.04,13.03,13.02,13.01,13.0,12.98,12.96,12.95,12.94,12.91,13.06,13.07,13.08,13.09,13.11,13.12,13.16,13.17,13.18,13.19,500,1500,1100,600,1600,300,600,200,1100,1000,5500,2300,9900,500,700,6000,500,200,51000,7900
272.0,13.06,174900,2279083.0,13.04,13.03,13.02,13.01,13.0,12.98,12.96,12.95,12.94,12.91,13.06,13.07,13.08,13.09,13.11,13.12,13.16,13.17,13.18,13.19,500,1500,1100,600,1600,300,600,200,1100,1000,5400,3500,9900,500,700,6000,500,200,51000,7900
273.0,13.04,175000,2280387.0,13.04,13.03,13.02,13.01,13.0,12.98,12.96,12.95,12.94,12.91,13.06,13.07,13.08,13.09,13.11,13.12,13.16,13.17,13.18,13.19,400,1500,1100,600,1600,300,600,200,1100,1000,5400,3500,9900,500,700,6000,500,200,51000,7900
274.0,13.04,175000,2280387.0,13.04,13.03,13.02,13.01,13.0,12.98,12.96,12.95,12.94,12.91,13.06,13.07,13.08,13.09,13.11,13.12,13.16,13.17,13.18,13.19,400,1500,1100,600,1600,300,600,200,1100,1000,5400,3500,9900,500,700,6000,500,200,51000,7900
275.0,13.06,175400,2285605.0,13.04,13.03,13.02,13.01,13.0,12.98,12.96,12.95,12.94,12.91,13.06,13.07,13.08,13.09,13.11,13.12,13.16,13.17,13.18,13.19,200,1500,1100,600,1600,300,600,200,1100,1000,5300,3500,9900,500,700,6000,500,200,51000,7900
276.0,13.06,175900,2292135.0,13.04,13.03,13.02,13.01,13.0,12.98,12.96,12.95,12.94,12.91,13.06,13.07,13.08,13.09,13.11,13.12,13.16,13.17,13.18,13.19,200,1500,1100,600,1600,300,600,200,1100,1000,4800,3500,9900,500,700,6000,500,200,51000,7900
277.0,13.06,175900,2292135.0,13.04,13.03,13.02,13.01,13.0,12.98,12.96,12.95,12.94,12.91,13.06,13.07,13.08,13.09,13.11,13.12,13.16,13.17,13.18,13.19,200,1500,1100,600,1600,300,600,200,1100,1000,4800,3500,9900,500,700,6000,500,200,51000,7900
278.0,13.06,176100,2294747.0,13.04,13.03,13.02,13.01,13.0,12.98,12.96,12.95,12.94,12.91,13.06,13.07,13.08,13.09,13.11,13.12,13.16,13.17,13.18,13.19,200,1500,1100,600,1600,300,600,200,1100,1000,4600,3500,9900,500,700,6000,500,200,51000,7900
279.0,13.06,176100,2294747.0,13.04,13.03,13.02,13.01,13.0,12.98,12.96,12.95,12.94,12.91,13.06,13.07,13.08,13.09,13.11,13.12,13.16,13.17,13.18,13.19,200,1500,1100,600,1600,300,600,200,1100,1000,4600,3500,9900,500,700,6000,500,200,51000,7900
280.0,13.06,176100,2294747.0,13.04,13.03,13.02,13.01,13.0,12.98,12.96,12.95,12.94,12.91,13.06,13.07,13.08,13.09,13.11,13.12,13.16,13.17,13.18,13.19,200,1500,1100,600,1600,300,600,200,1100,1000,4600,3500,9900,500,700,6000,500,200,51000,7900
281.0,13.06,176100,2294747.0,13.04,13.03,13.02,13.01,13.0,12.98,12.96,12.95,12.94,12.91,13.06,13.07,13.08,13.09,13.11,13.12,13.16,13.17,13.18,13.19,200,1500,1100,600,1600,300,600,200,1100,1000,4600,3500,9900,500,700,6000,500,200,51000,7900
282.0,13.06,176300,2297359.0,13.04,13.03,13.02,13.01,13.0,12.98,12.96,12.95,12.94,12.91,13.06,13.07,13.08,13.09,13.11,13.12,13.16,13.17,13.18,13.19,200,1500,1100,600,1600,9700,600,200,1100,1000,4400,3500,9900,500,700,6000,500,200,51000,7900
283.0,13.06,176400,2298665.0,13.04,13.03,13.02,13.01,13.0,12.98,12.96,12.95,12.94,12.91,13.06,13.07,13.08,13.09,13.11,13.12,13.16,13.17,13.18,13.19,200,1500,1100,600,1600,9700,600,200,1100,1000,4300,3500,9900,500,700,6000,500,200,51000,7900
284.0,13.06,176400,2298665.0,13.04,13.03,13.02,13.01,13.0,12.98,12.96,12.95,12.94,12.91,13.06,13.07,13.08,13.09,13.11,13.12,13.16,13.17,13.18,13.19,200,1500,1100,600,1600,9700,600,200,1100,1000,4300,3500,9900,500,700,6000,500,200,51000,7900
285.0,13.06,176500,2299971.0,13.04,13.03,13.02,13.01,13.0,12.98,12.96,12.95,12.94,12.91,13.06,13.07,13.08,13.09,13.11,13.12,13.16,13.17,13.18,13.19,200,1500,1100,600,1600,9700,600,200,1100,1000,4200,3500,9900,500,700,6000,500,200,51000,7900
286.0,13.06,176500,2299971.0,13.04,13.03,13.02,13.01,13.0,12.98,12.96,12.95,12.94,12.91,13.06,13.07,13.08,13.09,13.11,13.12,13.16,13.17,13.18,13.19,200,1500,1100,600,1600,9700,600,200,1100,1000,4200,3500,9900,500,700,6000,500,200,51000,7900
287.0,13.06,176500,2299971.0,13.04,13.03,13.02,13.01,13.0,12.98,12.96,12.95,12.94,12.91,13.06,13.07,13.08,13.09,13.11,13.12,13.16,13.17,13.18,13.19,300,1500,1100,600,1600,9700,600,200,1100,1000,4200,3500,9900,500,700,6000,500,200,51000,7900
288.0,13.06,176500,2299971.0,13.04,13.03,13.02,13.01,13.0,12.98,12.96,12.95,12.94,12.91,13.06,13.07,13.08,13.09,13.11,13.12,13.16,13.17,13.18,13.19,300,1500,1100,600,1600,9700,600,200,1100,1000,4200,3500,9900,500,700,6000,500,200,51000,7900
289.0,13.06,176500,2299971.0,13.04,13.03,13.02,13.01,13.0,12.98,12.96,12.95,12.94,12.91,13.06,13.07,13.08,13.09,13.11,13.12,13.16,13.17,13.18,13.19,300,1500,1100,600,1600,9700,600,200,1100,1000,4200,3500,9900,500,700,6000,500,200,51000,7900
290.0,13.06,176500,2299971.0,13.04,13.03,13.02,13.01,13.0,12.98,12.96,12.95,12.94,12.91,13.06,13.07,13.08,13.09,13.11,13.12,13.16,13.17,13.18,13.19,300,1500,1100,600,1600,9700,600,200,1100,1000,4200,3500,9900,500,700,6000,500,200,51000,7900
291.0,13.06,176500,2299971.0,13.04,13.03,13.02,13.01,13.0,12.98,12.96,12.95,12.94,12.91,13.06,13.07,13.08,13.09,13.11,13.12,13.16,13.17,13.18,13.19,300,1500,1100,600,1600,9700,600,200,1100,1000,4200,3500,9900,500,700,6000,500,200,51000,7900
292.0,13.06,176500,2299971.0,13.04,13.03,13.02,13.01,13.0,12.98,12.96,12.95,12.94,12.91,13.06,13.07,13.08,13.09,13.11,13.12,13.16,13.17,13.18,13.19,300,1500,1100,600,1600,9700,600,200,1100,1000,4200,3500,9900,500,700,6000,500,200,51000,7900
293.0,13.06,176600,2301277.0,13.04,13.03,13.02,13.01,13.0,12.98,12.96,12.95,12.94,12.91,13.06,13.07,13.08,13.09,13.11,13.12,13.16,13.17,13.18,13.19,300,1500,1100,600,1600,9700,600,200,1100,1000,4100,3500,9900,500,700,6000,500,200,51000,7900
294.0,13.06,176600,2301277.0,13.04,13.03,13.02,13.01,13.0,12.98,12.96,12.95,12.94,12.91,13.06,13.07,13.08,13.09,13.11,13.12,13.16,13.17,13.18,13.19,300,1500,1100,600,1600,9700,600,200,1100,1000,4100,3500,9900,500,700,6000,500,200,51000,7900
295.0,13.06,176600,2301277.0,13.04,13.03,13.02,13.01,13.0,12.98,12.96,12.95,12.94,12.91,13.06,13.07,13.08,13.09,13.11,13.12,13.16,13.17,13.18,13.19,300,1500,1100,600,1600,9700,600,200,1100,1000,4100,3500,9900,500,700,6000,500,200,51000,7900
296.0,13.06,176600,2301277.0,13.04,13.03,13.02,13.01,13.0,12.98,12.96,12.95,12.94,12.91,13.06,13.07,13.08,13.09,13.11,13.12,13.16,13.17,13.18,13.19,300,1500,1100,600,1600,9700,600,200,1100,1000,4100,3500,9900,500,700,6000,500,200,51000,7900
297.0,13.06,176700,2302583.0,13.04,13.03,13.02,13.01,13.0,12.98,12.96,12.95,12.94,12.91,13.06,13.07,13.08,13.09,13.11,13.12,13.16,13.17,13.18,13.19,300,1500,1100,600,1600,9700,600,200,1100,1000,4000,3500,9900,500,700,6000,500,200,51000,7900
298.0,13.06,176700,2302583.0,13.04,13.03,13.02,13.01,13.0,12.98,12.96,12.95,12.94,12.91,13.06,13.07,13.08,13.09,13.11,13.12,13.16,13.17,13.18,13.19,300,1500,1100,600,1600,9700,600,200,1100,1000,4000,3500,9900,500,700,6000,500,200,51000,7900
299.0,13.06,176800,2303889.0,13.04,13.03,13.02,13.01,13.0,12.98,12.96,12.95,12.94,12.91,13.06,13.07,13.08,13.09,13.11,13.12,13.16,13.17,13.18,13.19,300,1500,1100,600,1600,9700,600,200,1100,1000,3900,3500,9900,500,700,6000,500,200,51000,7900
300.0,13.06,180700,2354823.0,13.06,13.04,13.03,13.02,13.01,13.0,12.98,12.96,12.95,12.94,13.07,13.08,13.09,13.11,13.12,13.16,13.17,13.18,13.19,13.2,7500,400,1500,1100,600,1600,9700,600,200,1100,3500,9900,500,700,6000,500,200,51000,7900,21800
301.0,13.06,181400,2363965.0,13.06,13.04,13.03,13.02,13.01,13.0,12.98,12.96,12.95,12.94,13.07,13.08,13.09,13.11,13.12,13.16,13.17,13.18,13.19,13.2,6800,400,1500,1100,600,1600,9700,600,200,1100,3500,9900,500,700,6000,500,200,51000,7900,21800
302.0,13.06,186400,2429265.0,13.06,13.04,13.03,13.02,13.01,13.0,12.98,12.96,12.95,12.94,13.07,13.08,13.09,13.11,13.12,13.16,13.17,13.18,13.19,13.2,1900,300,1500,1100,600,1600,9700,600,200,1100,3500,9900,500,700,6000,500,200,51000,7900,21800
303.0,13.07,186600,2431879.0,13.06,13.04,13.03,13.02,13.01,13.0,12.98,12.96,12.95,12.94,13.07,13.08,13.09,13.11,13.12,13.16,13.17,13.18,13.19,13.2,1900,300,1500,1100,600,1600,9700,600,200,1100,3400,9900,500,700,6000,500,200,51000,7900,21800
304.0,13.06,186700,2433185.0,13.06,13.04,13.03,13.02,13.01,13.0,12.98,12.96,12.95,12.94,13.07,13.08,13.09,13.11,13.12,13.16,13.17,13.18,13.19,13.2,1900,300,1500,1100,600,1600,9700,600,200,1100,3400,9900,500,700,6000,500,200,51000,7900,21800
305.0,13.07,186900,2435799.0,13.06,13.04,13.03,13.02,13.01,13.0,12.98,12.96,12.95,12.94,13.07,13.08,13.09,13.11,13.12,13.16,13.17,13.18,13.19,13.2,1800,300,1500,1100,600,1600,9700,600,200,1100,3300,9900,500,700,6000,500,200,51000,7900,21800
306.0,13.07,187100,2438412.0,13.06,13.04,13.03,13.02,13.01,13.0,12.98,12.96,12.95,12.94,13.07,13.08,13.09,13.11,13.12,13.16,13.17,13.18,13.19,13.2,1700,300,1500,1100,600,1600,9700,600,200,1100,3200,9900,500,700,6000,500,200,51000,7900,21800
307.0,13.07,187500,2443637.0,13.06,13.04,13.03,13.02,13.01,13.0,12.98,12.96,12.95,12.94,13.07,13.08,13.09,13.11,13.12,13.16,13.17,13.18,13.19,13.2,1400,300,1500,1100,600,1600,9700,600,200,1100,3100,9900,500,700,6000,500,200,51000,7900,21800
308.0,13.06,187600,2444943.0,13.06,13.04,13.03,13.02,13.01,13.0,12.98,12.96,12.95,12.94,13.07,13.08,13.09,13.11,13.12,13.16,13.17,13.18,13.19,13.2,1300,300,1500,1100,600,1600,9700,600,200,1100,3100,9900,500,700,6000,500,200,51000,7900,21800
309.0,13.07,187700,2446250.0,13.06,13.04,13.03,13.02,13.01,13.0,12.98,12.96,12.95,12.94,13.07,13.08,13.09,13.11,13.12,13.16,13.17,13.18,13.19,13.2,1300,300,1500,1100,600,1600,9700,600,200,1100,3000,9900,500,700,6000,500,200,51000,7900,21800
310.0,13.07,187800,2447557.0,13.06,13.04,13.03,13.02,13.01,13.0,12.98,12.96,12.95,12.94,13.07,13.08,13.09,13.11,13.12,13.16,13.17,13.18,13.19,13.2,1300,300,1500,1100,600,1600,9700,600,200,1100,2900,9900,500,700,6000,500,200,51000,7900,33400
311.0,13.06,187900,2448863.0,13.06,13.04,13.03,13.02,13.01,13.0,12.98,12.96,12.95,12.94,13.07,13.08,13.09,13.11,13.12,13.16,13.17,13.18,13.19,13.2,1200,300,1500,1100,600,1600,9700,600,200,1100,2900,9900,500,700,6000,500,200,51000,7900,33400
312.0,13.06,187900,2448863.0,13.06,13.04,13.03,13.02,13.01,13.0,12.98,12.96,12.95,12.94,13.07,13.08,13.09,13.11,13.12,13.16,13.17,13.18,13.19,13.2,1200,300,1500,1100,600,1600,9700,600,200,1100,2900,9900,500,700,6000,500,200,51000,7900,33400
313.0,13.06,188200,2452782.0,13.06,13.04,13.03,13.02,13.01,13.0,12.98,12.96,12.95,12.94,13.07,13.08,13.09,13.11,13.12,13.16,13.17,13.18,13.19,13.2,1000,300,1500,1100,600,1600,9700,600,200,1100,2800,9900,500,700,6000,500,200,51000,7900,33400
314.0,13.06,188300,2454088.0,13.06,13.04,13.03,13.02,13.01,13.0,12.98,12.96,12.95,12.94,13.07,13.08,13.09,13.11,13.12,13.16,13.17,13.18,13.19,13.2,900,300,1500,1100,600,1600,9700,600,200,1100,2800,9900,500,700,6000,500,200,51000,7900,33400
315.0,13.07,188500,2456702.0,13.06,13.04,13.03,13.02,13.01,13.0,12.98,12.96,12.95,12.94,13.07,13.08,13.09,13.11,13.12,13.16,13.17,13.18,13.19,13.2,900,300,1500,1100,600,1600,9700,600,200,1100,2600,9900,500,700,6000,500,200,51000,7900,33400
316.0,13.07,188500,2456702.0,13.06,13.04,13.03,13.02,13.01,13.0,12.98,12.96,12.95,12.94,13.07,13.08,13.09,13.11,13.12,13.16,13.17,13.18,13.19,13.2,900,300,1500,1100,600,1600,9700,600,200,1100,2600,9900,500,700,6000,500,200,51000,7900,33400
317.0,13.07,188700,2459316.0,13.06,13.04,13.03,13.02,13.01,13.0,12.98,12.96,12.95,12.94,13.07,13.08,13.09,13.11,13.12,13.16,13.17,13.18,13.19,13.2,1000,300,1500,1100,600,1600,9700,600,200,1100,2400,9900,500,700,6000,500,200,51000,7900,33400
318.0,13.07,188700,2459316.0,13.06,13.04,13.03,13.02,13.01,13.0,12.98,12.96,12.95,12.94,13.07,13.08,13.09,13.11,13.12,13.16,13.17,13.18,13.19,13.2,1000,300,1500,1100,600,1600,9700,600,200,1100,2400,9900,500,700,6000,500,200,51000,7900,33400
319.0,13.07,188700,2459316.0,13.06,13.04,13.03,13.02,13.01,13.0,12.98,12.96,12.95,12.94,13.07,13.08,13.09,13.11,13.12,13.16,13.17,13.18,13.19,13.2,1000,300,1500,1100,600,1600,9700,600,200,1100,2400,9900,500,700,6000,500,200,51000,7900,33400
320.0,13.06,188800,2460622.0,13.06,13.04,13.03,13.02,13.01,13.0,12.98,12.96,12.95,12.94,13.07,13.08,13.09,13.11,13.12,13.16,13.17,13.18,13.19,13.2,900,300,1500,1100,600,1600,9700,600,200,1100,2400,9900,500,700,6000,500,200,51000,7900,33400
321.0,13.07,188900,2461929.0,13.06,13.04,13.03,13.02,13.01,13.0,12.98,12.96,12.95,12.94,13.07,13.08,13.09,13.11,13.12,13.16,13.17,13.18,13.19,13.2,900,300,1500,1100,600,1600,9700,600,200,1100,2300,9900,500,700,6000,500,200,51000,7900,33400
322.0,13.07,189300,2467157.0,13.06,13.04,13.03,13.02,13.01,13.0,12.98,12.96,12.95,12.94,13.07,13.08,13.09,13.11,13.12,13.16,13.17,13.18,13.19,13.2,900,300,1100,1100,600,1600,9700,600,200,1100,1900,9900,500,700,6000,500,200,51000,7900,33400
323.0,13.07,189400,2468464.0,13.06,13.04,13.03,13.02,13.01,13.0,12.98,12.96,12.95,12.94,13.07,13.08,13.09,13.11,13.12,13.16,13.17,13.18,13.19,13.2,900,300,1100,1100,600,1600,9700,600,200,1100,1800,9900,500,700,6000,500,200,51000,7900,33400
324.0,13.07,191100,2490683.0,13.06,13.04,13.03,13.02,13.01,13.0,12.98,12.96,12.95,12.94,13.07,13.08,13.09,13.11,13.12,13.16,13.17,13.18,13.19,13.2,900,300,1100,1100,600,1600,9700,600,200,1100,100,9900,500,700,6000,500,200,51000,7900,33400
325.0,13.07,191100,2490683.0,13.06,13.04,13.03,13.02,13.01,13.0,12.98,12.96,12.95,12.94,13.07,13.08,13.09,13.11,13.12,13.16,13.17,13.18,13.19,13.2,900,300,1100,1100,600,1600,9700,600,200,1100,100,9900,500,700,6000,500,200,51000,7900,33400
326.0,13.08,191500,2495914.0,13.07,13.06,13.04,13.03,13.02,13.01,13.0,12.98,12.96,12.95,13.08,13.09,13.11,13.12,13.16,13.17,13.18,13.19,13.2,13.22,300,900,200,1100,1100,600,1600,9700,600,200,9600,500,700,6000,500,200,51000,7900,33400,5000
327.0,13.08,191600,2497222.0,13.07,13.06,13.04,13.03,13.02,13.01,13.0,12.98,12.96,12.95,13.08,13.09,13.11,13.12,13.16,13.17,13.18,13.19,13.2,13.22,300,900,200,1100,1100,600,1600,9700,600,200,9800,500,700,6000,500,200,51000,7900,33400,5000
328.0,13.08,191600,2497222.0,13.07,13.06,13.04,13.03,13.02,13.01,13.0,12.98,12.96,12.95,13.08,13.09,13.11,13.12,13.16,13.17,13.18,13.19,13.2,13.22,300,900,200,1100,1100,600,1600,9700,600,200,9800,500,700,6000,500,200,51000,7900,33400,5000
329.0,13.07,191700,2498529.0,13.07,13.06,13.04,13.03,13.02,13.01,13.0,12.98,12.96,12.95,13.08,13.09,13.11,13.12,13.16,13.17,13.18,13.19,13.2,13.22,200,900,200,1100,1100,600,1600,9700,600,200,9800,500,700,6000,500,200,51000,7900,33400,5000
330.0,13.08,193400,2520765.0,13.07,13.06,13.04,13.03,13.02,13.01,13.0,12.98,12.96,12.95,13.08,13.09,13.11,13.12,13.16,13.17,13.18,13.19,13.2,13.22,200,800,200,1100,1100,600,1600,9700,600,200,8100,500,700,6000,500,200,51000,7900,33400,5000
331.0,13.08,193400,2520765.0,13.07,13.06,13.04,13.03,13.02,13.01,13.0,12.98,12.96,12.95,13.08,13.09,13.11,13.12,13.16,13.17,13.18,13.19,13.2,13.22,200,800,200,1100,1100,600,1600,9700,600,200,8100,500,700,6000,500,200,51000,7900,33400,5000
332.0,13.08,193400,2520765.0,13.07,13.06,13.04,13.03,13.02,13.01,13.0,12.98,12.96,12.95,13.08,13.09,13.11,13.12,13.16,13.17,13.18,13.19,13.2,13.22,200,800,200,1100,1100,600,1600,9700,600,200,8100,500,700,6000,500,200,51000,7900,33400,5000
333.0,13.08,193500,2522073.0,13.07,13.06,13.04,13.03,13.02,13.01,13.0,12.98,12.96,12.95,13.08,13.09,13.11,13.12,13.16,13.17,13.18,13.19,13.2,13.22,200,800,200,1100,1100,600,1600,9700,600,200,8000,500,700,6000,500,200,51000,7900,33400,5000
334.0,13.08,193600,2523381.0,13.07,13.06,13.04,13.03,13.02,13.01,13.0,12.98,12.96,12.95,13.08,13.09,13.11,13.12,13.16,13.17,13.18,13.19,13.2,13.22,200,800,200,1100,1100,600,1600,9700,600,200,7900,500,700,6000,500,200,51000,7900,33400,5000
335.0,13.08,193600,2523381.0,13.07,13.06,13.04,13.03,13.02,13.01,13.0,12.98,12.96,12.95,13.08,13.09,13.11,13.12,13.16,13.17,13.18,13.19,13.2,13.22,200,800,200,1100,1100,600,1600,9700,600,200,7900,500,700,6000,500,200,51000,7900,33400,5000
336.0,13.08,193600,2523381.0,13.07,13.06,13.04,13.03,13.02,13.01,13.0,12.98,12.96,12.95,13.08,13.09,13.11,13.12,13.16,13.17,13.18,13.19,13.2,13.22,200,800,200,1100,1100,600,1600,9700,600,200,7900,500,700,6000,500,200,51000,7900,33400,5000
337.0,13.08,194800,2539077.0,13.07,13.06,13.04,13.03,13.02,13.01,13.0,12.98,12.96,12.95,13.08,13.09,13.11,13.12,13.16,13.17,13.18,13.19,13.2,13.22,200,800,200,1100,1100,600,1600,9700,600,200,6700,500,700,6000,500,200,51000,7900,33400,5000
338.0,13.08,194800,2539077.0,13.07,13.06,13.04,13.03,13.02,13.01,13.0,12.98,12.96,12.95,13.08,13.09,13.11,13.12,13.16,13.17,13.18,13.19,13.2,13.22,200,800,200,1100,1100,600,1600,9700,600,200,6700,500,700,6000,500,200,51000,7900,33400,5000
339.0,13.08,194800,2539077.0,13.07,13.06,13.04,13.03,13.02,13.01,13.0,12.98,12.96,12.95,13.08,13.09,13.11,13.12,13.16,13.17,13.18,13.19,13.2,13.22,200,800,200,1100,1100,600,1600,9700,600,200,6700,500,700,6000,500,200,51000,7900,33400,5000
340.0,13.08,194900,2540385.0,13.07,13.06,13.04,13.03,13.02,13.01,13.0,12.98,12.96,12.95,13.08,13.09,13.11,13.12,13.16,13.17,13.18,13.19,13.2,13.22,200,800,200,1100,1100,600,1600,9700,600,200,6600,500,700,6000,500,200,51000,7900,33400,5000
341.0,13.07,195100,2543000.0,13.07,13.06,13.04,13.03,13.02,13.01,13.0,12.98,12.96,12.95,13.08,13.09,13.11,13.12,13.16,13.17,13.18,13.19,13.2,13.22,100,800,200,1100,1100,600,1600,9700,600,200,6500,500,700,6000,500,200,51000,7900,33400,5000
342.0,13.07,195100,2543000.0,13.07,13.06,13.04,13.03,13.02,13.01,13.0,12.98,12.96,12.95,13.08,13.09,13.11,13.12,13.16,13.17,13.18,13.19,13.2,13.22,100,800,200,1100,1100,600,1600,9700,600,200,6500,500,700,6000,500,200,51000,7900,33400,5000
343.0,13.07,195200,2544307.0,13.06,13.04,13.03,13.02,13.01,13.0,12.98,12.96,12.95,12.94,13.08,13.09,13.11,13.12,13.16,13.17,13.18,13.19,13.2,13.22,800,200,1100,1100,600,1600,9700,600,200,1100,6500,500,700,6000,500,200,51000,7900,33400,5000
344.0,13.07,195200,2544307.0,13.06,13.04,13.03,13.02,13.01,13.0,12.98,12.96,12.95,12.94,13.08,13.09,13.11,13.12,13.16,13.17,13.18,13.19,13.2,13.22,800,200,1100,1100,600,1600,9700,600,200,1100,6500,500,700,6000,500,200,51000,7900,33400,5000
345.0,13.08,195300,2545615.0,13.06,13.04,13.03,13.02,13.01,13.0,12.98,12.96,12.95,12.94,13.08,13.09,13.11,13.12,13.16,13.17,13.18,13.19,13.2,13.22,800,200,1100,1100,600,1600,9700,500,200,1100,6400,500,700,6000,500,200,51000,7900,33400,5000
346.0,13.08,195400,2546923.0,13.06,13.04,13.03,13.02,13.01,13.0,12.98,12.96,12.95,12.94,13.08,13.09,13.11,13.12,13.16,13.17,13.18,13.19,13.2,13.22,800,200,1100,1100,600,1600,9700,500,200,1100,6300,500,700,6000,500,200,51000,7900,33400,5000
347.0,13.08,195400,2546923.0,13.06,13.04,13.03,13.02,13.01,13.0,12.98,12.96,12.95,12.94,13.08,13.09,13.11,13.12,13.16,13.17,13.18,13.19,13.2,13.22,800,200,1100,1100,600,1600,9700,500,200,1100,6300,500,700,6000,500,200,51000,7900,33400,5000
348.0,13.08,195600,2549539.0,13.06,13.04,13.03,13.02,13.01,13.0,12.98,12.96,12.95,12.94,13.08,13.09,13.11,13.12,13.16,13.17,13.18,13.19,13.2,13.22,800,200,1100,1100,600,1600,9700,500,200,1100,6100,500,700,6000,500,200,51000,7900,33400,5000
349.0,13.08,195600,2549539.0,13.06,13.04,13.03,13.02,13.01,13.0,12.98,12.96,12.95,12.94,13.08,13.09,13.11,13.12,13.16,13.17,13.18,13.19,13.2,13.22,800,200,1100,1100,600,1600,9700,500,200,1100,6100,500,700,6000,500,200,51000,7900,33400,5000
350.0,13.08,195600,2549539.0,13.06,13.04,13.03,13.02,13.01,13.0,12.98,12.96,12.95,12.94,13.08,13.09,13.11,13.12,13.16,13.17,13.18,13.19,13.2,13.22,800,200,1100,1100,600,1600,9700,500,200,1100,6100,500,700,6000,500,200,51000,7900,33400,5000
351.0,13.08,195600,2549539.0,13.06,13.04,13.03,13.02,13.01,13.0,12.98,12.96,12.95,12.94,13.08,13.09,13.11,13.12,13.16,13.17,13.18,13.19,13.2,13.22,800,200,1100,1100,600,1600,9700,500,200,1100,6100,500,700,6000,500,200,51000,7900,33400,5000
352.0,13.08,195600,2549539.0,13.06,13.04,13.03,13.02,13.01,13.0,12.98,12.96,12.95,12.94,13.08,13.09,13.11,13.12,13.16,13.17,13.18,13.19,13.2,13.22,800,200,1100,1100,600,1600,9700,500,200,1100,6100,500,700,6000,500,200,51000,7900,33400,5000
353.0,13.08,195800,2552153.0,13.06,13.04,13.03,13.02,13.01,13.0,12.98,12.96,12.95,12.94,13.08,13.09,13.11,13.12,13.16,13.17,13.18,13.19,13.2,13.22,700,200,1100,1100,600,1600,9700,500,200,1100,6000,500,700,6000,500,200,51000,7900,33400,5000
354.0,13.08,195800,2552153.0,13.06,13.04,13.03,13.02,13.01,13.0,12.98,12.96,12.95,12.94,13.08,13.09,13.11,13.12,13.16,13.17,13.18,13.19,13.2,13.22,700,200,1100,1100,600,1600,9700,500,200,1100,6000,500,700,6000,500,200,51000,7900,33400,5000
355.0,13.06,195900,2553459.0,13.06,13.04,13.03,13.02,13.01,13.0,12.98,12.96,12.95,12.94,13.08,13.09,13.11,13.12,13.16,13.17,13.18,13.19,13.2,13.22,600,200,1100,1100,600,1600,9700,500,200,1100,6000,500,700,6000,500,200,51000,7900,33400,5000
356.0,13.06,195900,2553459.0,13.06,13.04,13.03,13.02,13.01,13.0,12.98,12.96,12.95,12.94,13.08,13.09,13.11,13.12,13.16,13.17,13.18,13.19,13.2,13.22,600,200,1100,1100,600,1600,9700,500,200,1100,6000,500,700,6000,500,200,51000,7900,33400,5000
357.0,13.06,196100,2556073.0,13.06,13.04,13.03,13.02,13.01,13.0,12.98,12.96,12.95,12.94,13.08,13.09,13.11,13.12,13.16,13.17,13.18,13.19,13.2,13.22,500,200,1100,1100,600,1600,9700,500,200,1100,5900,500,700,6000,500,200,51000,7900,33400,5000
358.0,13.06,196200,2557379.0,13.06,13.04,13.03,13.02,13.01,12.98,12.96,12.95,12.94,12.91,13.08,13.09,13.11,13.12,13.16,13.17,13.18,13.19,13.2,13.22,400,200,1100,1100,600,9700,500,200,1100,1000,5900,500,700,6000,500,200,51000,7900,33400,5000
359.0,13.06,196200,2557379.0,13.06,13.04,13.03,13.02,13.01,12.98,12.96,12.95,12.94,12.91,13.08,13.09,13.11,13.12,13.16,13.17,13.18,13.19,13.2,13.22,400,200,1100,1100,600,9700,500,200,1100,1000,5900,500,700,6000,500,200,51000,7900,33400,5000
360.0,13.06,196200,2557379.0,13.06,13.04,13.03,13.02,13.01,12.98,12.96,12.95,12.94,12.91,13.08,13.09,13.11,13.12,13.16,13.17,13.18,13.19,13.2,13.22,500,200,1100,1100,600,9700,500,200,1100,1000,5900,500,700,6000,500,200,51000,7900,33400,5000
361.0,13.08,200400,2612315.0,13.07,13.06,13.04,13.03,13.02,13.01,12.98,12.96,12.95,12.94,13.08,13.09,13.11,13.12,13.16,13.17,13.18,13.19,13.2,13.22,100,2800,200,1100,1100,600,9700,500,200,1100,1700,500,700,6000,500,200,51000,7900,33400,5000
362.0,13.08,200400,2612315.0,13.07,13.06,13.04,13.03,13.02,13.01,12.98,12.96,12.95,12.94,13.08,13.09,13.11,13.12,13.16,13.17,13.18,13.19,13.2,13.22,100,2800,200,1100,1100,600,9700,500,200,1100,1700,500,700,6000,500,200,51000,7900,33400,5000
363.0,13.08,200400,2612315.0,13.07,13.06,13.04,13.03,13.02,13.01,12.98,12.96,12.95,12.94,13.08,13.09,13.11,13.12,13.16,13.17,13.18,13.19,13.2,13.22,100,2800,200,1100,1100,600,9700,500,200,1100,1700,500,700,6000,500,200,51000,7900,33400,5000
364.0,13.08,200400,2612315.0,13.07,13.06,13.04,13.03,13.02,13.01,12.98,12.96,12.95,12.94,13.08,13.09,13.11,13.12,13.16,13.17,13.18,13.19,13.2,13.22,100,2800,200,1100,1100,600,9700,500,200,1100,1700,500,700,6000,500,200,51000,7900,33400,5000
365.0,13.08,200400,2612315.0,13.07,13.06,13.04,13.03,13.02,13.01,12.98,12.96,12.95,12.94,13.08,13.09,13.11,13.12,13.16,13.17,13.18,13.19,13.2,13.22,100,2800,200,1100,1100,600,9700,500,200,1100,1700,500,700,6000,500,200,51000,7900,33400,5000
366.0,13.08,200400,2612315.0,13.07,13.06,13.04,13.03,13.02,13.01,12.98,12.96,12.95,12.94,13.08,13.09,13.11,13.12,13.16,13.17,13.18,13.19,13.2,13.22,100,4500,200,1100,1100,600,9700,500,200,1100,1700,500,700,6000,500,200,51000,7900,33400,5000
367.0,13.08,200400,2612315.0,13.07,13.06,13.04,13.03,13.02,13.01,12.98,12.96,12.95,12.94,13.08,13.09,13.11,13.12,13.16,13.17,13.18,13.19,13.2,13.22,100,4500,200,1100,1100,600,9700,500,200,1100,1700,500,700,6000,500,200,51000,7900,33400,5000
368.0,13.08,200500,2613623.0,13.07,13.06,13.04,13.03,13.02,13.01,12.98,12.96,12.95,12.94,13.08,13.09,13.11,13.12,13.16,13.17,13.18,13.19,13.2,13.22,100,4500,200,1100,1100,500,9700,500,200,1100,1600,500,2500,6000,500,200,51000,7900,33400,5000
369.0,13.08,201800,2630627.0,13.07,13.06,13.04,13.03,13.02,13.01,12.98,12.96,12.95,12.94,13.08,13.09,13.11,13.12,13.16,13.17,13.18,13.19,13.2,13.22,100,4500,200,1100,1100,500,9700,500,200,1100,300,500,2500,6000,500,200,51000,7900,33400,5000
370.0,13.08,202100,2634551.0,13.08,13.07,13.06,13.04,13.03,13.02,13.01,12.98,12.96,12.95,13.09,13.11,13.12,13.16,13.17,13.18,13.19,13.2,13.22,13.23,100,100,5500,200,1100,1100,500,9700,500,200,500,2500,6000,500,200,51000,7900,33400,5000,500
371.0,13.08,202100,2634551.0,13.08,13.07,13.06,13.04,13.03,13.02,13.01,12.98,12.96,12.95,13.09,13.11,13.12,13.16,13.17,13.18,13.19,13.2,13.22,13.23,300,100,5500,200,1100,1100,500,9700,500,200,500,2500,6000,500,200,51000,7900,33400,5000,500
372.0,13.08,202100,2634551.0,13.08,13.07,13.06,13.04,13.03,13.02,13.01,12.98,12.96,12.95,13.09,13.11,13.12,13.16,13.17,13.18,13.19,13.2,13.22,13.23,300,100,5500,200,1100,1100,500,9700,500,200,500,2500,6000,500,200,51000,7900,33400,5000,500
373.0,13.08,202100,2634551.0,13.08,13.07,13.06,13.04,13.03,13.02,13.01,12.98,12.96,12.95,13.09,13.11,13.12,13.16,13.17,13.18,13.19,13.2,13.22,13.23,700,100,5500,200,1100,1100,500,9700,500,200,500,2500,6000,500,200,52700,7900,33400,5000,500
374.0,13.08,202100,2634551.0,13.08,13.07,13.06,13.04,13.03,13.02,13.01,12.98,12.96,12.95,13.09,13.11,13.12,13.16,13.17,13.18,13.19,13.2,13.22,13.23,1400,800,5500,200,1100,1100,500,9700,500,200,500,2500,6000,500,200,52700,7900,33400,5000,500
375.0,13.08,202200,2635859.0,13.08,13.07,13.06,13.04,13.03,13.02,13.01,12.98,12.96,12.95,13.09,13.11,13.12,13.16,13.17,13.18,13.19,13.2,13.22,13.23,1300,800,5500,200,1100,1100,500,9700,500,200,500,2500,6000,500,200,52700,7900,33400,5000,500
376.0,13.08,202400,2638475.0,13.08,13.07,13.06,13.04,13.03,13.02,13.01,12.98,12.96,12.95,13.09,13.11,13.12,13.16,13.17,13.18,13.19,13.2,13.22,13.23,1500,800,5500,200,1100,1000,500,9700,500,200,500,2500,6000,500,200,52700,7900,33400,5000,500
377.0,13.09,202600,2641093.0,13.09,13.08,13.07,13.06,13.04,13.03,13.02,13.01,12.98,12.96,13.11,13.12,13.16,13.17,13.18,13.19,13.2,13.22,13.23,13.24,100,1500,800,3200,200,1100,800,500,9700,500,2500,6000,500,200,52700,7900,33400,5000,500,1400
378.0,13.09,202700,2642402.0,13.09,13.08,13.07,13.06,13.04,13.03,13.02,13.01,12.98,12.96,13.11,13.12,13.16,13.17,13.18,13.19,13.2,13.22,13.23,13.24,200,1800,800,3200,200,1100,800,500,9700,500,2500,6000,500,200,52700,7900,33400,5000,500,1400
379.0,13.09,202800,2643711.0,13.09,13.08,13.07,13.06,13.04,13.03,13.02,13.01,12.98,12.96,13.11,13.12,13.16,13.17,13.18,13.19,13.2,13.22,13.23,13.24,300,3800,800,3200,200,1100,800,500,9700,500,2500,6000,500,200,52700,7900,33400,5000,500,1400
380.0,13.11,202900,2645022.0,13.09,13.08,13.07,13.06,13.04,13.03,13.02,13.01,12.98,12.96,13.11,13.12,13.16,13.17,13.18,13.19,13.2,13.22,13.23,13.24,400,3800,800,3200,200,1100,800,500,9700,500,2400,6000,500,200,52700,7900,33400,5000,500,1400
381.0,13.09,203000,2646331.0,13.09,13.08,13.07,13.06,13.04,13.03,13.02,13.01,12.98,12.96,13.11,13.12,13.16,13.17,13.18,13.19,13.2,13.22,13.23,13.24,300,3800,800,3200,200,1100,800,500,9700,500,1800,6000,500,200,52700,7900,33400,5000,500,1400
382.0,13.09,203000,2646331.0,13.09,13.08,13.07,13.06,13.04,13.03,13.02,13.01,12.98,12.96,13.11,13.12,13.16,13.17,13.18,13.19,13.2,13.22,13.23,13.24,300,3800,800,3200,200,1100,800,500,9700,500,2000,6000,500,200,52700,7900,33400,5000,500,1400
383.0,13.09,203200,2648949.0,13.09,13.08,13.07,13.06,13.04,13.03,13.02,13.01,12.98,12.96,13.11,13.12,13.16,13.17,13.18,13.19,13.2,13.22,13.23,13.24,700,3800,800,3200,200,1100,800,500,9700,500,2800,6000,500,200,52700,7900,33400,5000,500,1400
384.0,13.09,203200,2648949.0,13.09,13.08,13.07,13.06,13.04,13.03,13.02,13.01,12.98,12.96,13.11,13.12,13.16,13.17,13.18,13.19,13.2,13.22,13.23,13.24,700,3800,800,3200,200,1100,800,500,9700,500,2800,6000,500,200,52700,7900,33400,5000,500,1400
385.0,13.09,203200,2648949.0,13.09,13.08,13.07,13.06,13.04,13.03,13.02,13.01,12.98,12.96,13.11,13.12,13.16,13.17,13.18,13.19,13.2,13.22,13.23,13.24,700,3800,800,3200,200,1100,800,500,9700,500,2800,6000,500,200,52700,7900,33400,5000,500,1400
386.0,13.09,203900,2658112.0,13.08,13.07,13.06,13.04,13.03,13.02,13.01,12.98,12.96,12.95,13.11,13.12,13.16,13.17,13.18,13.19,13.2,13.22,13.23,13.24,3800,800,3200,200,1100,800,500,9700,500,200,3100,6000,500,200,52700,7900,33400,5000,500,1400
387.0,13.08,204900,2671192.0,13.08,13.07,13.06,13.04,13.03,13.02,13.01,12.98,12.96,12.95,13.11,13.12,13.16,13.17,13.18,13.19,13.2,13.22,13.23,13.24,2800,800,3200,200,1100,800,500,9700,500,200,3100,6000,500,200,52700,7900,33400,5000,500,1400
388.0,13.08,205100,2673808.0,13.08,13.07,13.06,13.04,13.03,13.02,13.01,12.98,12.96,12.95,13.11,13.12,13.16,13.17,13.18,13.19,13.2,13.22,13.23,13.24,2900,800,3200,200,1100,800,500,9700,500,200,3400,1000,500,200,52700,7900,33400,5000,500,1400
389.0,13.08,205100,2673808.0,13.08,13.07,13.06,13.04,13.03,13.02,13.01,12.98,12.96,12.95,13.11,13.12,13.16,13.17,13.18,13.19,13.2,13.22,13.23,13.24,2900,800,3200,200,1100,800,500,9700,500,200,3400,1000,500,200,52700,7900,33400,5000,500,1400
390.0,13.08,205100,2673808.0,13.08,13.07,13.06,13.04,13.03,13.02,13.01,12.98,12.96,12.95,13.11,13.12,13.16,13.17,13.18,13.19,13.2,13.22,13.23,13.24,3100,800,3200,200,1100,800,500,9700,500,200,3700,1000,500,1200,52700,7900,33400,5000,500,1400
391.0,13.08,205400,2677732.0,13.08,13.07,13.06,13.04,13.03,13.02,13.01,12.98,12.96,12.95,13.1,13.11,13.12,13.16,13.17,13.18,13.19,13.2,13.22,13.23,2800,800,3200,200,1100,800,500,9700,500,200,300,3700,1000,500,1200,52700,7900,33400,5000,500
392.0,13.08,205400,2677732.0,13.08,13.07,13.06,13.04,13.03,13.02,13.01,12.98,12.96,12.95,13.1,13.11,13.12,13.16,13.17,13.18,13.19,13.2,13.22,13.23,2800,800,3200,200,1100,800,500,9700,500,200,300,3700,1000,500,1200,52700,7900,33400,5000,500
393.0,13.08,205400,2677732.0,13.08,13.07,13.06,13.04,13.03,13.02,13.01,12.98,12.96,12.95,13.1,13.11,13.12,13.16,13.17,13.18,13.19,13.2,13.22,13.23,2800,800,2900,200,1100,800,500,9700,500,200,300,3700,1000,500,1200,52700,7900,33400,5000,500
394.0,13.08,205800,2682964.0,13.08,13.07,13.06,13.04,13.03,13.02,13.01,12.98,12.96,12.95,13.1,13.11,13.12,13.16,13.17,13.18,13.19,13.2,13.22,13.23,2400,800,2900,200,1100,800,500,9700,500,200,300,3700,1000,500,1200,52700,7900,33400,5000,500
395.0,13.08,205800,2682964.0,13.08,13.07,13.06,13.04,13.03,13.02,13.01,12.98,12.96,12.95,13.1,13.11,13.12,13.16,13.17,13.18,13.19,13.2,13.22,13.23,2400,800,2900,200,1100,800,500,9700,500,200,300,3700,1000,500,1200,52700,7900,33400,5000,500
396.0,13.08,205800,2682964.0,13.08,13.07,13.06,13.04,13.03,13.02,13.01,12.98,12.96,12.95,13.1,13.11,13.12,13.16,13.17,13.18,13.19,13.2,13.22,13.23,2400,800,2900,200,1100,800,500,9700,500,200,300,3700,1000,500,1200,52700,7900,33400,5000,500
397.0,13.08,206000,2685580.0,13.08,13.07,13.06,13.04,13.03,13.02,13.01,12.98,12.96,12.95,13.1,13.11,13.12,13.16,13.17,13.18,13.19,13.2,13.22,13.23,2200,800,2900,200,1100,800,500,9700,500,200,300,3700,1000,500,1200,52700,7900,33400,5000,500
398.0,13.08,206300,2689504.0,13.08,13.07,13.06,13.04,13.03,13.02,13.01,12.98,12.96,12.95,13.1,13.11,13.12,13.16,13.17,13.18,13.19,13.2,13.22,13.23,1900,800,2900,200,1100,800,500,9700,500,200,300,3700,1000,500,1200,52700,7900,33400,5000,500
399.0,13.08,206600,2693428.0,13.08,13.07,13.06,13.04,13.03,13.02,13.01,12.98,12.96,12.95,13.1,13.11,13.12,13.16,13.17,13.18,13.19,13.2,13.22,13.23,1600,800,2900,200,1100,800,500,9700,500,200,300,3700,1000,500,1200,52700,7900,33400,5000,500
400.0,13.08,206600,2693428.0,13.08,13.07,13.06,13.04,13.03,13.02,13.01,12.98,12.96,12.95,13.1,13.11,13.12,13.16,13.17,13.18,13.19,13.2,13.22,13.23,1600,800,2900,200,1100,800,500,9700,500,200,300,3700,1000,500,1200,52700,7900,33400,5000,500
401.0,13.08,210000,2737990.0,13.08,13.07,13.06,13.04,13.03,13.02,13.01,12.98,12.96,12.95,13.11,13.12,13.16,13.17,13.18,13.19,13.2,13.22,13.23,13.24,1300,800,2900,200,1100,800,500,9700,500,200,900,1000,500,2600,52700,7900,33400,5000,500,1400
402.0,13.11,210200,2740609.0,13.08,13.07,13.06,13.04,13.03,13.02,13.01,12.98,12.96,12.95,13.11,13.12,13.16,13.17,13.18,13.19,13.2,13.22,13.23,13.24,1300,800,2900,200,1100,800,500,9700,500,200,900,1000,500,2600,57700,7900,33400,5000,500,1400
403.0,13.11,210200,2740609.0,13.08,13.07,13.06,13.04,13.03,13.02,13.01,12.98,12.96,12.95,13.1,13.11,13.12,13.16,13.17,13.18,13.19,13.2,13.22,13.23,1500,800,2900,200,1100,800,500,9700,500,200,100,1100,1000,500,2600,57700,7900,33400,5000,500
404.0,13.11,214200,2793045.0,13.08,13.07,13.06,13.04,13.03,13.02,13.01,12.98,12.96,12.95,13.1,13.11,13.12,13.16,13.17,13.18,13.19,13.2,13.22,13.23,1400,100,2900,200,1100,800,500,9700,500,200,1200,5000,1000,500,2600,57700,7900,33400,5000,500
405.0,13.11,214200,2793045.0,13.08,13.07,13.06,13.04,13.03,13.02,13.01,12.98,12.96,12.95,13.1,13.11,13.12,13.16,13.17,13.18,13.19,13.2,13.22,13.23,1400,100,2900,200,1100,800,500,9700,500,200,1200,6000,1000,500,2600,57700,7900,33400,5000,500
406.0,13.11,214200,2793045.0,13.09,13.08,13.07,13.06,13.04,13.03,13.02,13.01,12.98,12.96,13.1,13.11,13.12,13.16,13.17,13.18,13.19,13.2,13.22,13.23,700,1400,100,2900,200,1100,800,500,9700,500,1200,6000,1000,500,2600,57700,7900,33400,5000,500
407.0,13.11,214200,2793045.0,13.09,13.08,13.07,13.06,13.04,13.03,13.02,13.01,12.98,12.96,13.1,13.11,13.12,13.16,13.17,13.18,13.19,13.2,13.22,13.23,700,1400,100,2900,200,1100,800,500,9700,500,1200,6000,1000,500,2600,57700,7900,33400,5000,500
408.0,13.11,214200,2793045.0,13.09,13.08,13.07,13.06,13.04,13.03,13.02,13.01,12.98,12.96,13.1,13.11,13.12,13.16,13.17,13.18,13.19,13.2,13.22,13.23,700,1400,100,2900,200,1100,800,500,9700,500,1200,5900,1000,500,2600,57700,7900,33400,5000,500
409.0,13.11,214200,2793045.0,13.09,13.08,13.07,13.06,13.04,13.03,13.02,13.01,12.98,12.96,13.1,13.11,13.12,13.16,13.17,13.18,13.19,13.2,13.22,13.23,700,1400,100,2900,200,1100,800,500,9700,500,1200,5900,1000,500,2600,57700,7900,33400,5000,500
410.0,13.09,214400,2795663.0,13.09,13.08,13.07,13.06,13.04,13.03,13.02,13.01,12.98,12.96,13.1,13.11,13.12,13.16,13.17,13.18,13.19,13.2,13.22,13.23,500,1400,100,2900,200,1100,800,500,9700,500,1200,5900,1000,500,2600,57700,7900,33400,5000,500
411.0,13.09,214400,2795663.0,13.09,13.08,13.07,13.06,13.04,13.03,13.02,13.01,12.98,12.96,13.1,13.11,13.12,13.16,13.17,13.18,13.19,13.2,13.22,13.23,500,1400,100,2900,200,1100,800,500,9700,500,1200,5900,1000,500,2600,57700,7900,33400,5000,500
412.0,13.09,214400,2795663.0,13.09,13.08,13.07,13.06,13.04,13.03,13.02,13.01,12.98,12.96,13.1,13.11,13.12,13.16,13.17,13.18,13.19,13.2,13.22,13.23,500,1500,100,2900,200,1100,800,500,9700,500,1200,1600,1000,500,2600,57700,7900,33400,5000,500
413.0,13.1,214900,2802213.0,13.09,13.08,13.07,13.06,13.04,13.03,13.02,13.01,12.98,12.96,13.1,13.11,13.12,13.16,13.17,13.18,13.19,13.2,13.22,13.23,500,1500,100,2900,200,1100,800,500,9700,500,700,1600,1000,500,2600,57700,7900,33400,5000,500
414.0,13.1,214900,2802213.0,13.09,13.08,13.07,13.06,13.04,13.03,13.02,13.01,12.98,12.96,13.1,13.11,13.12,13.16,13.17,13.18,13.19,13.2,13.22,13.23,500,1500,100,2900,200,1100,800,500,9700,500,700,1600,1000,500,2600,57700,7900,33400,5000,500
415.0,13.1,214900,2802213.0,13.09,13.08,13.07,13.06,13.04,13.03,13.02,13.01,12.98,12.96,13.1,13.11,13.12,13.16,13.17,13.18,13.19,13.2,13.22,13.23,500,1500,100,2900,200,1100,800,500,9700,500,700,1600,1000,500,2600,57700,7900,33400,5000,500
