LocalTime,LastPrice,TradeVolume,TradeValue,BidPrice1,BidPrice2,BidPrice3,BidPrice4,BidPrice5,BidPrice6,BidPrice7,BidPrice8,BidPrice9,BidPriceA,AskPrice1,AskPrice2,AskPrice3,AskPrice4,AskPrice5,AskPrice6,AskPrice7,AskPrice8,AskPrice9,AskPriceA,BidVolume1,BidVolume2,BidVolume3,BidVolume4,BidVolume5,BidVolume6,BidVolume7,BidVolume8,BidVolume9,BidVolumeA,AskVolume1,AskVolume2,AskVolume3,AskVolume4,AskVolume5,AskVolume6,AskVolume7,AskVolume8,AskVolume9,AskVolumeA
0.0,5.43,17600,95568.0,5.42,5.41,5.4,5.39,5.38,5.36,5.35,5.34,5.33,5.32,5.43,5.44,5.45,5.47,5.48,5.49,5.5,5.51,5.52,5.53,2400,1000,11500,9000,10700,7500,16000,10200,2300,1700,2100,15100,20000,12500,1000,44400,11600,3000,12000,25900
1.0,5.42,20000,108576.0,5.41,5.4,5.39,5.38,5.36,5.35,5.34,5.33,5.32,5.31,5.42,5.43,5.44,5.45,5.47,5.48,5.49,5.5,5.51,5.52,1000,12500,9000,10700,7500,16000,10200,2300,1700,4700,1500,2100,15100,20000,12500,1000,44400,11600,3000,17000
2.0,5.42,22000,119416.0,5.41,5.4,5.39,5.38,5.36,5.35,5.34,5.33,5.32,5.31,5.42,5.43,5.44,5.45,5.47,5.48,5.49,5.5,5.51,5.52,1000,12500,14000,10700,7500,16000,10200,3300,1700,4700,2200,2100,15100,20000,12500,1000,44400,11600,3000,17000
3.0,5.42,22000,119416.0,5.41,5.4,5.39,5.38,5.36,5.35,5.34,5.33,5.32,5.31,5.42,5.43,5.44,5.45,5.47,5.48,5.49,5.5,5.51,5.52,16000,16500,14000,10700,7500,16000,10200,3300,1700,4700,2200,2100,15100,20000,12500,1000,44400,12000,5700,19200
4.0,5.42,22000,119416.0,5.41,5.4,5.39,5.38,5.36,5.35,5.34,5.33,5.32,5.31,5.42,5.43,5.44,5.45,5.47,5.48,5.49,5.5,5.51,5.52,16000,16500,14000,10700,7500,16800,10200,3300,1700,4700,2200,2100,15100,20000,12500,1000,44400,12000,5700,19200
5.0,5.42,46700,253002.0,5.42,5.4,5.39,5.38,5.36,5.35,5.34,5.33,5.32,5.31,5.43,5.44,5.45,5.47,5.48,5.49,5.5,5.51,5.52,5.53,8600,10200,16000,10700,7500,16800,10200,3300,1700,4700,4100,19100,20000,12500,1000,44400,13000,5700,19200,25900
6.0,5.42,47900,259506.0,5.42,5.41,5.4,5.39,5.38,5.36,5.35,5.34,5.33,5.32,5.43,5.44,5.45,5.47,5.48,5.49,5.5,5.51,5.52,5.53,7500,500,10200,16000,10700,7500,16800,10200,3300,1700,5000,19100,20000,12500,1000,44400,13000,5700,19200,25900
7.0,5.42,47900,259506.0,5.42,5.41,5.4,5.39,5.38,5.36,5.35,5.34,5.33,5.32,5.43,5.44,5.45,5.47,5.48,5.49,5.5,5.51,5.52,5.53,7500,500,10200,21000,12200,7500,16800,13200,3300,1700,6000,19100,20000,12500,1000,49300,13000,5700,19200,25900
8.0,5.42,58900,319211.0,5.42,5.41,5.4,5.39,5.38,5.36,5.35,5.34,5.33,5.32,5.44,5.45,5.47,5.48,5.49,5.5,5.51,5.52,5.53,5.54,5000,500,10200,21000,12200,7500,16800,13200,3300,1700,19100,20000,12500,1000,49300,13000,5700,19200,25900,13200
9.0,5.42,58900,319211.0,5.42,5.41,5.4,5.39,5.38,5.36,5.35,5.34,5.33,5.32,5.44,5.45,5.47,5.48,5.49,5.5,5.51,5.52,5.53,5.54,5000,500,10200,35800,12200,7500,16800,13200,3300,1700,25000,20000,12500,1000,49300,13000,5700,19200,25900,13200
10.0,5.43,60200,326260.0,5.43,5.42,5.41,5.4,5.39,5.38,5.36,5.35,5.34,5.33,5.44,5.45,5.47,5.48,5.49,5.5,5.51,5.52,5.53,5.54,5000,7200,500,10200,40700,12200,17500,16800,13200,3300,25000,20000,12500,1000,81100,19000,5700,19200,25900,16700
11.0,5.43,60200,326260.0,5.43,5.42,5.41,5.4,5.39,5.38,5.36,5.35,5.34,5.33,5.44,5.45,5.47,5.48,5.49,5.5,5.51,5.52,5.53,5.54,5000,7200,500,10200,40700,12200,17500,16800,14200,3300,25000,20000,12500,4000,81100,19000,5700,19200,25900,16700
12.0,5.43,64200,347980.0,5.43,5.42,5.41,5.4,5.39,5.38,5.36,5.35,5.34,5.33,5.44,5.45,5.47,5.48,5.49,5.5,5.51,5.52,5.53,5.54,1000,7200,500,10200,40700,12900,17500,16800,14200,4100,25000,20000,12500,19400,81100,19000,5700,19200,25900,16700
13.0,5.43,64300,348523.0,5.43,5.42,5.41,5.4,5.39,5.38,5.36,5.35,5.34,5.33,5.44,5.45,5.47,5.48,5.49,5.5,5.51,5.52,5.53,5.54,900,7200,500,10200,40700,12900,17500,16800,14200,4100,25000,20000,12500,19400,81100,19000,5700,19200,25900,16700
14.0,5.43,65700,356125.0,5.42,5.41,5.4,5.39,5.38,5.36,5.35,5.34,5.33,5.32,5.43,5.44,5.45,5.47,5.48,5.49,5.5,5.51,5.52,5.53,7200,500,10200,40700,12900,17500,16800,14200,4100,1700,300,25000,20000,12500,19400,81100,19000,5700,19200,25900
15.0,5.43,66400,359926.0,5.42,5.41,5.4,5.39,5.38,5.36,5.35,5.34,5.33,5.32,5.43,5.44,5.45,5.47,5.48,5.49,5.5,5.51,5.52,5.53,7200,500,10200,40700,12900,17500,16800,14200,4100,1700,20400,25000,20000,12500,19400,81100,19000,5700,19200,25900
16.0,5.43,79200,429412.0,5.42,5.41,5.4,5.39,5.38,5.36,5.35,5.34,5.33,5.32,5.43,5.44,5.45,5.47,5.48,5.49,5.5,5.51,5.52,5.53,5400,500,11000,40700,12900,17500,16800,14200,4100,1700,9400,25000,20000,12500,19400,81100,19000,5700,19200,25900
17.0,5.43,79200,429412.0,5.42,5.41,5.4,5.39,5.38,5.36,5.35,5.34,5.33,5.32,5.43,5.44,5.45,5.47,5.48,5.49,5.5,5.51,5.52,5.53,7600,500,11000,40700,12900,17500,16800,14200,4100,1700,9400,25000,20000,12900,19400,81100,19000,5700,22200,25900
18.0,5.42,79600,431580.0,5.42,5.41,5.4,5.39,5.38,5.36,5.35,5.34,5.33,5.32,5.43,5.44,5.45,5.47,5.48,5.49,5.5,5.51,5.52,5.53,7200,500,11000,40700,12900,17500,16800,14200,4100,1700,9400,25000,20000,12900,19400,81100,19000,5700,22200,25900
19.0,5.42,79600,431580.0,5.42,5.41,5.4,5.39,5.38,5.36,5.35,5.34,5.33,5.32,5.43,5.44,5.45,5.47,5.48,5.49,5.5,5.51,5.52,5.53,7200,500,11000,40700,12900,17500,16800,14200,4100,1700,9400,25000,20000,12900,19400,81100,19000,5700,22200,25900
20.0,5.43,81100,439715.0,5.42,5.41,5.4,5.39,5.38,5.36,5.35,5.34,5.33,5.32,5.43,5.44,5.45,5.46,5.47,5.48,5.49,5.5,5.51,5.52,6200,500,11000,40700,12900,17500,16800,14200,4100,1700,8900,25000,20000,100,12900,19400,81100,19000,5700,22200
21.0,5.42,90400,490121.0,5.41,5.4,5.39,5.38,5.36,5.35,5.34,5.33,5.32,5.31,5.43,5.44,5.45,5.46,5.47,5.48,5.49,5.5,5.51,5.52,600,11000,40700,12900,17500,16800,14200,4100,1700,8700,8900,25000,20000,100,12900,19400,81100,19000,5700,22200
22.0,5.42,90400,490121.0,5.41,5.4,5.39,5.38,5.36,5.35,5.34,5.33,5.32,5.31,5.43,5.44,5.45,5.46,5.47,5.48,5.49,5.5,5.51,5.52,600,11000,40700,12900,17500,16800,14200,4100,1700,8700,8900,25000,20000,100,12900,19400,81100,19000,5700,22200
23.0,5.42,90400,490121.0,5.42,5.41,5.4,5.39,5.38,5.36,5.35,5.34,5.33,5.32,5.43,5.44,5.45,5.46,5.47,5.48,5.49,5.5,5.51,5.52,2100,600,11000,40700,12900,17500,17800,14200,4100,1700,8900,25000,20000,100,12900,4000,81100,19000,5700,22200
24.0,5.42,90400,490121.0,5.42,5.41,5.4,5.39,5.38,5.36,5.35,5.34,5.33,5.32,5.43,5.44,5.45,5.46,5.47,5.48,5.49,5.5,5.51,5.52,2100,600,11000,40700,12900,17500,17800,14200,4100,1700,8900,25000,20000,100,12900,4000,81100,19000,5700,22200
25.0,5.42,90400,490121.0,5.42,5.41,5.4,5.39,5.38,5.36,5.35,5.34,5.33,5.32,5.43,5.44,5.45,5.46,5.47,5.48,5.49,5.5,5.51,5.52,2100,600,11000,40700,12900,17500,17800,14200,4100,1700,8900,25000,20000,100,12900,4000,81100,19000,5700,22200
26.0,5.42,90400,490121.0,5.41,5.4,5.39,5.38,5.36,5.35,5.34,5.33,5.32,5.31,5.43,5.44,5.45,5.46,5.47,5.48,5.49,5.5,5.51,5.52,600,11000,40700,12900,17500,17800,14200,4100,1700,8700,9300,25000,20000,100,12900,4000,81100,19000,5700,22200
27.0,5.42,90400,490121.0,5.41,5.4,5.39,5.38,5.36,5.35,5.34,5.33,5.32,5.31,5.42,5.43,5.44,5.45,5.46,5.47,5.48,5.49,5.5,5.51,600,11000,40700,12900,17500,17800,14200,4100,1700,8700,100,9300,25000,20000,100,12900,4000,81100,19000,5700
28.0,5.42,90400,490121.0,5.41,5.4,5.39,5.38,5.36,5.35,5.34,5.33,5.32,5.31,5.42,5.43,5.44,5.45,5.46,5.47,5.48,5.49,5.5,5.51,600,11000,40700,12900,17500,17800,14200,4100,1700,8700,100,9300,25000,20000,100,12900,4000,81100,19000,5700
29.0,5.42,90500,490663.0,5.42,5.41,5.4,5.39,5.38,5.36,5.35,5.34,5.33,5.32,5.43,5.44,5.45,5.46,5.47,5.48,5.49,5.5,5.51,5.52,100,600,11000,40700,12900,17500,17800,14200,4100,1700,9300,25000,20000,100,12900,4000,81100,19000,5700,22200
30.0,5.42,90500,490663.0,5.42,5.41,5.4,5.39,5.38,5.36,5.35,5.34,5.33,5.32,5.43,5.44,5.45,5.46,5.47,5.48,5.49,5.5,5.51,5.52,300,600,11000,40700,12900,17500,17800,14200,4100,1700,9300,25000,20000,100,12900,4000,81100,19000,5700,22200
31.0,5.42,90500,490663.0,5.42,5.41,5.4,5.39,5.38,5.36,5.35,5.34,5.33,5.32,5.43,5.44,5.45,5.46,5.47,5.48,5.49,5.5,5.51,5.52,2100,600,11300,40700,12900,17500,17800,14200,4100,1700,9300,25000,20000,100,12900,4000,81100,19000,5700,22200
32.0,5.43,92200,499878.0,5.42,5.41,5.4,5.39,5.38,5.36,5.35,5.34,5.33,5.32,5.43,5.44,5.45,5.46,5.47,5.48,5.49,5.5,5.51,5.52,500,600,11300,40700,12900,17500,17800,14200,4100,1700,9200,25000,20000,12200,12900,4000,81100,19000,5700,22200
33.0,5.43,92200,499878.0,5.42,5.41,5.4,5.39,5.38,5.36,5.35,5.34,5.33,5.32,5.43,5.44,5.45,5.46,5.47,5.48,5.49,5.5,5.51,5.52,2900,600,11300,40700,12900,17500,17800,14200,4100,1700,9200,25000,20000,12200,12900,4000,81100,19000,5700,22200
34.0,5.43,92200,499878.0,5.42,5.41,5.4,5.39,5.38,5.36,5.35,5.34,5.33,5.32,5.43,5.44,5.45,5.46,5.47,5.48,5.49,5.5,5.51,5.52,2900,600,11300,40700,12900,17500,17800,14200,4100,1700,9200,25000,20000,12200,12900,4000,81100,19000,5700,22200
35.0,5.43,92700,502593.0,5.42,5.41,5.4,5.39,5.38,5.36,5.35,5.34,5.33,5.32,5.43,5.44,5.45,5.46,5.47,5.48,5.49,5.5,5.51,5.52,2900,600,11600,40700,12900,17500,17800,14200,4100,1700,8700,25000,20000,12200,12900,4000,81100,19000,5700,22200
36.0,5.43,92700,502593.0,5.42,5.41,5.4,5.39,5.38,5.36,5.35,5.34,5.33,5.32,5.43,5.44,5.45,5.46,5.47,5.48,5.49,5.5,5.51,5.52,12900,600,11600,40700,12900,17500,17800,14200,4100,1700,8700,25000,20000,12200,12900,4000,81100,19000,5700,22200
37.0,5.43,92700,502593.0,5.42,5.41,5.4,5.39,5.38,5.36,5.35,5.34,5.33,5.32,5.43,5.44,5.45,5.46,5.47,5.48,5.49,5.5,5.51,5.52,12900,20600,11600,40700,12900,17500,17800,14200,4100,1700,8700,25000,20000,12200,12900,4000,81100,19000,5700,22200
38.0,5.43,92700,502593.0,5.42,5.41,5.4,5.39,5.38,5.36,5.35,5.34,5.33,5.32,5.43,5.44,5.45,5.46,5.47,5.48,5.49,5.5,5.51,5.52,12900,20600,11600,40700,12900,17500,17800,14200,4100,1700,8700,25000,20000,12200,12900,4000,81100,19000,5700,22200
39.0,5.43,100100,542775.0,5.42,5.41,5.4,5.39,5.38,5.36,5.35,5.34,5.33,5.32,5.44,5.45,5.46,5.47,5.48,5.49,5.5,5.51,5.52,5.53,12900,20600,11600,40700,12900,17500,17800,14200,4100,1700,25000,20000,12200,12900,4000,81100,19000,5700,22200,25900
40.0,5.43,100100,542775.0,5.43,5.42,5.41,5.4,5.39,5.38,5.36,5.35,5.34,5.33,5.44,5.45,5.46,5.47,5.48,5.49,5.5,5.51,5.52,5.53,100,12900,30400,11600,40700,22900,17500,17800,14200,4100,25000,20000,12200,12900,4000,81100,19000,5700,22200,25900
41.0,5.44,105300,571063.0,5.43,5.42,5.41,5.4,5.39,5.38,5.36,5.35,5.34,5.33,5.44,5.45,5.46,5.47,5.48,5.49,5.5,5.51,5.52,5.53,2200,12900,30400,11600,40700,22900,17500,17800,14200,4100,19800,20000,12200,12900,4000,81100,19000,5700,22200,25900
42.0,5.44,105300,571063.0,5.43,5.42,5.41,5.4,5.39,5.38,5.36,5.35,5.34,5.33,5.44,5.45,5.46,5.47,5.48,5.49,5.5,5.51,5.52,5.53,2200,12900,30400,11600,40700,22900,17500,17800,14200,4100,19800,20000,12200,12900,4000,81100,19000,5700,22200,25900
43.0,5.44,105300,571063.0,5.43,5.42,5.41,5.4,5.39,5.38,5.36,5.35,5.34,5.33,5.44,5.45,5.46,5.47,5.48,5.49,5.5,5.51,5.52,5.53,2200,12900,30400,11600,40700,22900,17500,17800,14200,4100,19800,20000,12200,12900,4000,81100,19000,5700,22200,25900
44.0,5.44,109000,591153.0,5.42,5.41,5.4,5.39,5.38,5.36,5.35,5.34,5.33,5.32,5.44,5.45,5.46,5.47,5.48,5.49,5.5,5.51,5.52,5.53,12100,30400,11600,40700,22900,17500,17800,14200,4100,1700,19100,20000,12200,12900,4000,81100,19000,5700,22200,25900
45.0,5.44,109000,591153.0,5.42,5.41,5.4,5.39,5.38,5.36,5.35,5.34,5.33,5.32,5.43,5.44,5.45,5.46,5.47,5.48,5.49,5.5,5.51,5.52,12100,30400,11600,40700,22900,17500,17800,14200,4100,1700,40000,19100,20000,12200,12900,4000,81100,19000,5700,22200
46.0,5.44,109000,591153.0,5.42,5.41,5.4,5.39,5.38,5.36,5.35,5.34,5.33,5.32,5.43,5.44,5.45,5.46,5.47,5.48,5.49,5.5,5.51,5.52,12100,30400,11600,40700,22900,17500,17800,14200,4100,1700,40000,19100,20000,12200,12900,4000,81100,19000,5700,22200
47.0,5.43,109400,593325.0,5.42,5.41,5.4,5.39,5.38,5.36,5.35,5.34,5.33,5.32,5.43,5.44,5.45,5.46,5.47,5.48,5.49,5.5,5.51,5.52,15100,30400,11600,40700,22900,17500,17800,14200,4100,1700,39600,19100,20000,12200,12900,4000,81100,19000,5700,22200
48.0,5.43,111300,603642.0,5.42,5.41,5.4,5.39,5.38,5.36,5.35,5.34,5.33,5.32,5.43,5.44,5.45,5.46,5.47,5.48,5.49,5.5,5.51,5.52,15300,30400,11600,40700,22900,17500,17800,14200,4100,1700,37700,19100,20000,12200,12900,4000,81100,19000,5700,22200
49.0,5.43,112400,609615.0,5.42,5.41,5.4,5.39,5.38,5.36,5.35,5.34,5.33,5.32,5.43,5.44,5.45,5.46,5.47,5.48,5.49,5.5,5.51,5.52,15300,30400,12300,40700,22900,17500,17800,14200,4100,1700,36600,19100,20000,12200,12900,4000,81100,19000,5700,22200
50.0,5.43,149000,808353.0,5.42,5.41,5.4,5.39,5.38,5.36,5.35,5.34,5.33,5.32,5.44,5.45,5.46,5.47,5.48,5.49,5.5,5.51,5.52,5.53,15300,30400,12300,40700,22900,17500,17800,14200,4100,1700,19100,20000,12200,12900,4000,81100,19000,5700,22200,25900
51.0,5.43,149000,808353.0,5.42,5.41,5.4,5.39,5.38,5.36,5.35,5.34,5.33,5.32,5.44,5.45,5.46,5.47,5.48,5.49,5.5,5.51,5.52,5.53,35300,30400,12300,40700,22900,17500,17800,14200,4100,1700,19100,20000,12200,12900,4000,81100,19000,5700,22200,25900
52.0,5.44,149500,811073.0,5.42,5.41,5.4,5.39,5.38,5.36,5.35,5.34,5.33,5.32,5.44,5.45,5.46,5.47,5.48,5.49,5.5,5.51,5.52,5.53,36000,30400,12300,40700,22900,17500,17800,14200,4100,1700,19300,20000,12200,12900,4000,81100,19000,5700,22200,25900
53.0,5.44,163200,885601.0,5.42,5.41,5.4,5.39,5.38,5.36,5.35,5.34,5.33,5.32,5.44,5.45,5.46,5.47,5.48,5.49,5.5,5.51,5.52,5.53,36200,30400,12300,40700,22900,17500,17800,14200,4100,1700,5800,20000,12200,12900,4000,81100,19000,5700,22200,25900
54.0,5.44,163200,885601.0,5.42,5.41,5.4,5.39,5.38,5.36,5.35,5.34,5.33,5.32,5.44,5.45,5.46,5.47,5.48,5.49,5.5,5.51,5.52,5.53,36200,30400,12300,40700,22900,17500,17800,14200,4100,1700,5800,20000,12200,12900,4000,81100,19000,5700,22200,25900
55.0,5.44,163200,885601.0,5.42,5.41,5.4,5.39,5.38,5.36,5.35,5.34,5.33,5.32,5.44,5.45,5.46,5.47,5.48,5.49,5.5,5.51,5.52,5.53,36200,30400,12300,40700,22900,17500,17800,14200,4100,1700,6100,20000,12200,12900,4000,81100,19000,5700,22200,25900
56.0,5.44,169300,918785.0,5.44,5.42,5.41,5.4,5.39,5.38,5.36,5.35,5.34,5.33,5.45,5.46,5.47,5.48,5.49,5.5,5.51,5.52,5.53,5.54,1000,36500,30400,12300,40700,22900,17500,17800,14200,4100,20000,12200,12900,5600,81100,19000,5700,22200,25900,16700
57.0,5.44,169300,918785.0,5.44,5.43,5.42,5.41,5.4,5.39,5.38,5.36,5.35,5.34,5.45,5.46,5.47,5.48,5.49,5.5,5.51,5.52,5.53,5.54,1000,2000,36500,30400,12300,40700,22900,17500,17800,14200,20000,12200,12900,5600,81100,19000,5700,22200,25900,16700
58.0,5.44,169300,918785.0,5.44,5.43,5.42,5.41,5.4,5.39,5.38,5.36,5.35,5.34,5.45,5.46,5.47,5.48,5.49,5.5,5.51,5.52,5.53,5.54,1000,2000,36500,30400,12300,40700,22900,17500,17800,14200,20000,12200,12900,5600,81100,19000,5700,22200,25900,16700
59.0,5.44,169300,918785.0,5.44,5.43,5.42,5.41,5.4,5.39,5.38,5.36,5.35,5.34,5.45,5.46,5.47,5.48,5.49,5.5,5.51,5.52,5.53,5.54,1300,2000,36500,30400,12300,40700,22900,17500,17800,14200,20100,100,12900,6200,81100,19000,5700,22200,25900,16700
60.0,5.44,169300,918785.0,5.44,5.43,5.42,5.41,5.4,5.39,5.38,5.36,5.35,5.34,5.45,5.46,5.47,5.48,5.49,5.5,5.51,5.52,5.53,5.54,1300,2000,36500,30400,12300,40700,22900,17500,17800,14200,20100,100,12900,6200,81100,19000,5700,22200,25900,16700
61.0,5.44,169300,918785.0,5.44,5.43,5.42,5.41,5.4,5.39,5.38,5.36,5.35,5.34,5.45,5.46,5.47,5.48,5.49,5.5,5.51,5.52,5.53,5.54,3500,2000,36500,30400,12300,40700,22900,17500,17800,14200,20100,100,12900,6200,81100,19000,5700,22200,25900,16700
62.0,5.44,169300,918785.0,5.44,5.43,5.42,5.41,5.4,5.39,5.38,5.36,5.35,5.34,5.45,5.46,5.47,5.48,5.49,5.5,5.51,5.52,5.53,5.54,7600,2000,33600,30400,12300,40700,22900,17500,17800,14200,20100,100,12900,6100,81100,19000,5700,22200,25900,16700
63.0,5.44,170000,922593.0,5.44,5.43,5.42,5.41,5.4,5.39,5.38,5.36,5.35,5.34,5.45,5.46,5.47,5.48,5.49,5.5,5.51,5.52,5.53,5.54,6900,2000,33600,30400,12300,40700,22900,17500,17800,14200,20100,100,12900,6100,81100,19000,5700,22200,25900,16700
64.0,5.44,170000,922593.0,5.44,5.43,5.42,5.41,5.4,5.39,5.38,5.36,5.35,5.34,5.45,5.46,5.47,5.48,5.49,5.5,5.51,5.52,5.53,5.54,6900,2000,33600,30400,12300,40700,22900,17500,17800,14200,20100,100,12900,6100,81100,19000,5700,22200,25900,16700
65.0,5.44,170000,922593.0,5.44,5.43,5.42,5.41,5.4,5.39,5.38,5.36,5.35,5.34,5.45,5.46,5.47,5.48,5.49,5.5,5.51,5.52,5.53,5.54,6900,2000,33400,30400,12300,40700,22900,17500,17800,14200,20100,100,12900,6100,81100,19000,5700,22200,25900,16700
66.0,5.44,170600,925857.0,5.44,5.43,5.42,5.41,5.4,5.39,5.38,5.36,5.35,5.34,5.45,5.46,5.47,5.48,5.49,5.5,5.51,5.52,5.53,5.54,6300,2000,33400,30400,12300,40700,22900,17500,17800,14200,20500,100,12900,6100,81100,19000,5700,22200,25900,16700
67.0,5.44,170600,925857.0,5.44,5.43,5.42,5.41,5.4,5.39,5.38,5.36,5.35,5.34,5.45,5.46,5.47,5.48,5.49,5.5,5.51,5.52,5.53,5.54,6300,2000,33400,30400,12300,40700,22900,17500,17800,14200,20500,100,12900,6100,81100,19000,5700,22200,25900,16700
68.0,5.45,171100,928582.0,5.44,5.43,5.42,5.41,5.4,5.39,5.38,5.36,5.35,5.34,5.45,5.46,5.47,5.48,5.49,5.5,5.51,5.52,5.53,5.54,6300,2000,33400,30400,12300,40700,22900,17500,17800,14200,20000,100,12900,6100,81100,19000,5700,22200,25900,16700
69.0,5.44,171700,931846.0,5.44,5.43,5.42,5.41,5.4,5.39,5.38,5.36,5.35,5.34,5.45,5.46,5.47,5.48,5.49,5.5,5.51,5.52,5.53,5.54,8400,2000,33400,30400,12300,40700,22900,17500,17800,14200,29000,100,12900,16100,81100,19000,5700,22200,25900,16700
70.0,5.44,171700,931846.0,5.44,5.43,5.42,5.41,5.4,5.39,5.38,5.36,5.35,5.34,5.45,5.46,5.47,5.48,5.49,5.5,5.51,5.52,5.53,5.54,8700,2000,33400,30400,12300,40700,22900,17500,17800,14200,29000,100,12900,16100,81100,19000,5700,22200,25900,16700
71.0,5.44,171700,931846.0,5.44,5.43,5.42,5.41,5.4,5.39,5.38,5.36,5.35,5.34,5.45,5.46,5.47,5.48,5.49,5.5,5.51,5.52,5.53,5.54,18800,22000,33400,30400,12300,40700,24600,17500,17800,14200,29000,100,12900,16100,81100,19000,5700,22200,25900,16700
72.0,5.44,171700,931846.0,5.44,5.43,5.42,5.41,5.4,5.39,5.38,5.36,5.35,5.34,5.45,5.46,5.47,5.48,5.49,5.5,5.51,5.52,5.53,5.54,18800,22000,33400,30400,12300,40700,24600,17500,17800,14200,29000,100,12900,16100,81100,19000,5700,22200,25900,16700
73.0,5.45,173500,941656.0,5.44,5.43,5.42,5.41,5.4,5.39,5.38,5.36,5.35,5.34,5.45,5.46,5.47,5.48,5.49,5.5,5.51,5.52,5.53,5.54,18800,22000,33400,30400,12300,40700,24600,17500,17800,14200,27200,5100,12900,16100,81100,19000,5700,22200,25900,16700
74.0,5.45,173800,943291.0,5.44,5.43,5.42,5.41,5.4,5.39,5.38,5.36,5.35,5.34,5.45,5.46,5.47,5.48,5.49,5.5,5.51,5.52,5.53,5.54,19200,22000,33400,20500,12300,40700,24600,17500,17800,14200,26900,5100,12900,16100,81100,19000,5700,22200,25900,16700
75.0,5.45,173800,943291.0,5.44,5.43,5.42,5.41,5.4,5.39,5.38,5.36,5.35,5.34,5.45,5.46,5.47,5.48,5.49,5.5,5.51,5.52,5.53,5.54,19200,22000,33400,20500,12300,40700,24600,17500,17800,14200,26900,5100,12900,16100,81100,19000,5700,22200,25900,16700
76.0,5.45,173800,943291.0,5.44,5.43,5.42,5.41,5.4,5.39,5.38,5.36,5.35,5.34,5.45,5.46,5.47,5.48,5.49,5.5,5.51,5.52,5.53,5.54,19300,22000,33400,20500,12300,40700,24600,17500,17800,14200,26900,7800,12900,16100,81100,19000,5700,22200,25900,16700
77.0,5.45,173800,943291.0,5.44,5.43,5.42,5.41,5.4,5.39,5.38,5.36,5.35,5.34,5.45,5.46,5.47,5.48,5.49,5.5,5.51,5.52,5.53,5.54,19300,22000,33400,20000,12300,40700,24600,17500,17800,14200,26900,7800,12900,16100,81100,19000,5700,22200,25900,16700
78.0,5.45,173800,943291.0,5.44,5.43,5.42,5.41,5.4,5.39,5.38,5.36,5.35,5.34,5.45,5.46,5.47,5.48,5.49,5.5,5.51,5.52,5.53,5.54,19300,22000,33400,20000,12300,40700,24600,17500,17800,14200,26900,7800,12900,16100,81100,19000,5700,22200,25900,16700
79.0,5.45,173800,943291.0,5.44,5.43,5.42,5.41,5.4,5.39,5.38,5.36,5.35,5.34,5.45,5.46,5.47,5.48,5.49,5.5,5.51,5.52,5.53,5.54,19300,22000,33400,20000,12300,40700,24600,17500,17800,14200,26900,7800,12900,16100,81100,19000,5700,22200,25900,16700
80.0,5.45,173800,943291.0,5.44,5.43,5.42,5.41,5.4,5.39,5.38,5.36,5.35,5.34,5.45,5.46,5.47,5.48,5.49,5.5,5.51,5.52,5.53,5.54,19300,22000,33400,20000,12300,40700,24600,17500,17800,14200,26900,7800,12900,16100,81100,19000,5700,22200,25900,16700
81.0,5.45,173800,943291.0,5.44,5.43,5.42,5.41,5.4,5.39,5.38,5.36,5.35,5.34,5.45,5.46,5.47,5.48,5.49,5.5,5.51,5.52,5.53,5.54,19300,22000,33400,20000,12300,40700,24600,17500,17800,14200,26900,7800,12900,16100,81100,19000,5700,22200,25900,16700
82.0,5.44,175600,953083.0,5.44,5.43,5.42,5.41,5.4,5.39,5.38,5.36,5.35,5.34,5.45,5.46,5.47,5.48,5.49,5.5,5.51,5.52,5.53,5.54,17500,22000,33400,20000,12300,40700,24600,17500,17800,14200,26900,7800,12900,16100,81100,19000,5700,22200,25900,16700
83.0,5.44,175600,953083.0,5.44,5.43,5.42,5.41,5.4,5.39,5.38,5.36,5.35,5.34,5.45,5.46,5.47,5.48,5.49,5.5,5.51,5.52,5.53,5.54,17500,22000,33400,20000,12300,40700,24600,17500,17800,14200,26900,7800,12900,16100,81100,19000,5700,22200,25900,16700
84.0,5.44,175600,953083.0,5.44,5.43,5.42,5.41,5.4,5.39,5.38,5.36,5.35,5.34,5.45,5.46,5.47,5.48,5.49,5.5,5.51,5.52,5.53,5.54,17500,22000,33400,20000,12300,40700,24600,17500,17800,14200,26900,7800,12900,27300,81100,19000,5700,22200,25900,16700
85.0,5.44,177300,962331.0,5.44,5.43,5.42,5.41,5.4,5.39,5.38,5.36,5.35,5.34,5.45,5.46,5.47,5.48,5.49,5.5,5.51,5.52,5.53,5.54,15800,42000,33400,20000,12300,40700,24600,17500,17800,14200,26900,7800,12900,27300,81100,19000,5700,22200,25900,16700
86.0,5.45,177900,965601.0,5.44,5.43,5.42,5.41,5.4,5.39,5.38,5.36,5.35,5.34,5.45,5.46,5.47,5.48,5.49,5.5,5.51,5.52,5.53,5.54,22300,42000,33400,20000,12300,40700,24600,17500,17800,14200,31300,7800,12900,27300,81100,19000,5700,22200,25900,16700
87.0,5.45,177900,965601.0,5.44,5.43,5.42,5.41,5.4,5.39,5.38,5.36,5.35,5.34,5.45,5.46,5.47,5.48,5.49,5.5,5.51,5.52,5.53,5.54,22300,42000,33400,20000,12300,40700,24600,17500,17800,14200,31300,7800,12900,27300,81100,19000,5700,22200,25900,16700
88.0,5.45,209200,1136186.0,5.45,5.44,5.43,5.42,5.41,5.4,5.39,5.38,5.36,5.35,5.46,5.47,5.48,5.49,5.5,5.51,5.52,5.53,5.54,5.55,6000,22300,42000,33400,20000,10200,40700,24600,17500,17800,10200,12900,27300,81100,19000,5700,22200,25900,16700,11900
89.0,5.45,209800,1139456.0,5.45,5.44,5.43,5.42,5.41,5.4,5.39,5.38,5.36,5.35,5.46,5.47,5.48,5.49,5.5,5.51,5.52,5.53,5.54,5.55,7000,25500,42000,33400,20000,10200,40700,24600,17500,17800,10200,12900,27300,81100,19000,5700,22200,25900,16700,11900
90.0,5.45,209800,1139456.0,5.45,5.44,5.43,5.42,5.41,5.4,5.39,5.38,5.36,5.35,5.46,5.47,5.48,5.49,5.5,5.51,5.52,5.53,5.54,5.55,7000,25500,42000,33400,20000,10200,40700,24600,17500,17800,10200,12900,27300,81100,19000,5700,22200,25900,16700,11900
91.0,5.45,209800,1139456.0,5.45,5.44,5.43,5.42,5.4,5.39,5.38,5.36,5.35,5.34,5.46,5.47,5.48,5.49,5.5,5.51,5.52,5.53,5.54,5.55,7700,27700,42000,33400,10200,33200,24600,17500,17800,14200,10200,12900,27300,81100,19000,5700,22200,25900,16700,11900
92.0,5.46,211700,1149823.0,5.45,5.44,5.43,5.42,5.4,5.39,5.38,5.36,5.35,5.34,5.46,5.47,5.48,5.49,5.5,5.51,5.52,5.53,5.54,5.55,10100,24600,42000,33400,10200,33200,24600,17500,17800,14200,9000,12900,27300,81100,19000,5700,22200,25900,16700,11900
93.0,5.46,212900,1156375.0,5.45,5.44,5.43,5.42,5.4,5.39,5.38,5.36,5.35,5.34,5.46,5.47,5.48,5.49,5.5,5.51,5.52,5.53,5.54,5.55,10100,24600,42000,33400,10200,33200,24600,17500,17800,14200,7800,12900,27300,81100,19000,5700,22200,25900,16700,11900
94.0,5.46,212900,1156375.0,5.45,5.44,5.43,5.42,5.4,5.39,5.38,5.36,5.35,5.34,5.46,5.47,5.48,5.49,5.5,5.51,5.52,5.53,5.54,5.55,13100,24600,42000,33400,10200,33200,24600,17500,17800,14200,7800,12900,27300,81100,19000,5700,22200,25900,16700,11900
95.0,5.45,214500,1165098.0,5.45,5.44,5.43,5.42,5.4,5.39,5.38,5.36,5.35,5.34,5.46,5.47,5.48,5.49,5.5,5.51,5.52,5.53,5.54,5.55,18700,24600,42000,33400,10200,33200,24600,17500,17800,14200,7500,12900,27300,81100,19000,5700,22200,25900,16700,11900
96.0,5.45,214500,1165098.0,5.45,5.44,5.43,5.42,5.4,5.39,5.38,5.36,5.35,5.34,5.46,5.47,5.48,5.49,5.5,5.51,5.52,5.53,5.54,5.55,18700,24600,42000,33400,10200,33200,24600,17500,17800,14200,7500,12900,27300,81100,19000,5700,20200,25900,16700,11900
97.0,5.45,214500,1165098.0,5.45,5.44,5.43,5.42,5.4,5.39,5.38,5.36,5.35,5.34,5.46,5.47,5.48,5.49,5.5,5.51,5.52,5.53,5.54,5.55,18700,24600,42000,33400,10200,33200,24600,17500,17800,14200,7500,12900,27300,81100,19000,5700,20200,25900,16700,11900
98.0,5.45,218100,1184724.0,5.45,5.44,5.43,5.42,5.4,5.39,5.38,5.36,5.35,5.34,5.46,5.47,5.48,5.49,5.5,5.51,5.52,5.53,5.54,5.55,15700,24600,40000,33400,10200,33200,24600,17500,17800,14200,6900,12900,27300,81100,19000,5700,20200,25900,16700,11900
99.0,5.45,219600,1192899.0,5.45,5.44,5.43,5.42,5.4,5.39,5.38,5.36,5.35,5.34,5.46,5.47,5.48,5.49,5.5,5.51,5.52,5.53,5.54,5.55,14200,24600,40000,33400,10200,33200,24600,17500,17800,14200,6900,12900,27300,81100,19000,5700,20200,25900,16700,11900
100.0,5.45,219600,1192899.0,5.45,5.44,5.43,5.42,5.4,5.39,5.38,5.36,5.35,5.34,5.46,5.47,5.48,5.49,5.5,5.51,5.52,5.53,5.54,5.55,17300,21600,40000,33400,16500,33200,24600,17500,17800,14200,6900,12900,27300,81100,19000,5700,20200,25900,16700,11900
101.0,5.45,219600,1192899.0,5.45,5.44,5.43,5.42,5.4,5.39,5.38,5.36,5.35,5.34,5.46,5.47,5.48,5.49,5.5,5.51,5.52,5.53,5.54,5.55,23800,14800,40000,33400,16500,33200,24600,17500,17800,14200,6900,12900,27300,81100,19000,5700,20200,25900,16700,11900
102.0,5.46,226000,1227789.0,5.45,5.44,5.43,5.42,5.4,5.39,5.38,5.36,5.35,5.34,5.46,5.47,5.48,5.49,5.5,5.51,5.52,5.53,5.54,5.55,19100,14400,40000,33400,16500,33200,24600,17500,17800,14200,5900,12900,27300,81100,19000,5700,20200,25900,16700,11900
103.0,5.46,226000,1227789.0,5.45,5.44,5.43,5.42,5.4,5.39,5.38,5.36,5.35,5.34,5.46,5.47,5.48,5.49,5.5,5.51,5.52,5.53,5.54,5.55,19100,14400,40000,33400,16500,33200,24600,17500,17800,14200,5900,12900,27300,81100,19000,5700,20200,25900,16700,11900
104.0,5.46,226200,1228881.0,5.45,5.44,5.43,5.42,5.4,5.39,5.38,5.36,5.35,5.34,5.46,5.47,5.48,5.49,5.5,5.51,5.52,5.53,5.54,5.55,19100,14400,40000,33400,16500,33200,24600,17500,17800,14200,5700,12900,27300,81100,19000,5700,20200,25900,16700,11900
105.0,5.45,228000,1238691.0,5.45,5.44,5.43,5.42,5.4,5.39,5.38,5.36,5.35,5.34,5.46,5.47,5.48,5.49,5.5,5.51,5.52,5.53,5.54,5.55,17300,14400,40000,33400,16500,33200,24600,17500,17800,14200,5700,12900,27300,81100,19000,5700,20200,25900,16700,11900
106.0,5.45,233300,1267576.0,5.45,5.44,5.43,5.42,5.4,5.39,5.38,5.36,5.35,5.34,5.46,5.47,5.48,5.49,5.5,5.51,5.52,5.53,5.54,5.55,12000,14400,60000,33400,16500,33200,24600,17500,17800,14200,5700,12900,27300,81100,19000,5700,20200,25900,16700,11900
107.0,5.46,233800,1270306.0,5.45,5.44,5.43,5.42,5.4,5.39,5.38,5.36,5.35,5.34,5.46,5.47,5.48,5.49,5.5,5.51,5.52,5.53,5.54,5.55,12000,21900,60000,33400,16500,33200,24600,17500,17800,14200,5200,13900,27300,81100,19000,5700,20200,25900,16700,11900
108.0,5.46,239000,1298698.0,5.46,5.45,5.44,5.43,5.42,5.4,5.39,5.38,5.36,5.35,5.47,5.48,5.49,5.5,5.51,5.52,5.53,5.54,5.55,5.56,300,12000,21900,60000,33400,16500,33200,24600,16000,17800,13900,27300,81100,19000,5700,20200,25900,16700,11900,900
109.0,5.46,239300,1300336.0,5.45,5.44,5.43,5.42,5.4,5.39,5.38,5.36,5.35,5.34,5.46,5.47,5.48,5.49,5.5,5.51,5.52,5.53,5.54,5.55,12900,21900,60000,33400,16500,33200,24600,16000,17800,14200,1200,13900,27300,81100,19000,5700,20200,25900,16700,11900
110.0,5.46,240500,1306888.0,5.46,5.45,5.44,5.43,5.42,5.4,5.39,5.38,5.36,5.35,5.47,5.48,5.49,5.5,5.51,5.52,5.53,5.54,5.55,5.56,1600,12900,21500,60000,33400,16500,33200,24600,16000,17800,19600,27300,81100,19000,5700,20200,26900,16700,11900,900
111.0,5.46,240500,1306888.0,5.46,5.45,5.44,5.43,5.42,5.4,5.39,5.38,5.36,5.35,5.47,5.48,5.49,5.5,5.51,5.52,5.53,5.54,5.55,5.56,2400,12900,21500,60000,33400,16500,33200,24600,16000,17800,19600,27300,81100,19000,5700,20200,26900,16700,11900,900
112.0,5.46,240700,1307980.0,5.46,5.45,5.44,5.43,5.42,5.4,5.39,5.38,5.36,5.35,5.47,5.48,5.49,5.5,5.51,5.52,5.53,5.54,5.55,5.56,4200,12900,21500,60000,33400,16500,33200,24600,16000,17800,19600,27300,81100,19000,5700,20200,26900,16700,11900,900
113.0,5.46,240700,1307980.0,5.46,5.45,5.44,5.43,5.42,5.4,5.39,5.38,5.36,5.35,5.47,5.48,5.49,5.5,5.51,5.52,5.53,5.54,5.55,5.56,4900,12900,15600,60000,33400,16500,33200,24600,16000,17800,19600,27300,81100,19000,5700,20200,26900,16700,11900,900
114.0,5.46,241600,1312894.0,5.46,5.45,5.44,5.43,5.42,5.4,5.39,5.38,5.36,5.35,5.47,5.48,5.49,5.5,5.51,5.52,5.53,5.54,5.55,5.56,4000,12900,15600,60000,33400,16500,33200,24600,16000,17800,19600,27300,81100,19000,5700,20200,26900,16700,11900,900
115.0,5.46,242000,1315078.0,5.46,5.45,5.44,5.43,5.42,5.4,5.39,5.38,5.36,5.35,5.47,5.48,5.49,5.5,5.51,5.52,5.53,5.54,5.55,5.56,3600,12900,15600,60000,33400,16500,33200,24600,16000,17800,19600,27300,81100,19000,5700,20200,26900,16700,11900,900
116.0,5.46,242800,1319452.0,5.46,5.45,5.44,5.43,5.42,5.4,5.39,5.38,5.36,5.35,5.47,5.48,5.49,5.5,5.51,5.52,5.53,5.54,5.55,5.56,18500,12900,17100,60000,33400,16500,33200,24600,16000,17800,19000,27300,81100,19000,5700,20200,26900,16700,11900,900
117.0,5.47,243000,1320546.0,5.46,5.45,5.44,5.43,5.42,5.4,5.39,5.38,5.36,5.35,5.47,5.48,5.49,5.5,5.51,5.52,5.53,5.54,5.55,5.56,18500,12900,17100,60000,33400,16500,33200,24600,16000,17800,18800,27300,81100,19000,5700,20200,26900,16700,11900,900
118.0,5.47,243000,1320546.0,5.46,5.45,5.44,5.43,5.42,5.4,5.39,5.38,5.36,5.35,5.47,5.48,5.49,5.5,5.51,5.52,5.53,5.54,5.55,5.56,18500,12900,17100,60000,33400,16500,33200,24600,16000,17800,18800,27900,81100,19000,5700,20200,26900,16700,11900,900
119.0,5.46,245600,1334742.0,5.46,5.45,5.44,5.43,5.42,5.4,5.39,5.38,5.36,5.35,5.47,5.48,5.49,5.5,5.51,5.52,5.53,5.54,5.55,5.56,16000,12900,17100,60000,33400,16500,33200,24600,16000,17800,18800,27900,81100,19000,5700,20200,26900,16700,11900,900
120.0,5.46,245600,1334742.0,5.46,5.45,5.44,5.43,5.42,5.4,5.39,5.38,5.36,5.35,5.47,5.48,5.49,5.5,5.51,5.52,5.53,5.54,5.55,5.56,16000,12900,17100,60000,33400,16500,33200,24600,16000,17800,18800,31800,81100,19000,5700,20200,26900,16700,11900,900
121.0,5.46,245600,1334742.0,5.46,5.45,5.44,5.43,5.42,5.4,5.39,5.38,5.36,5.35,5.47,5.48,5.49,5.5,5.51,5.52,5.53,5.54,5.55,5.56,17600,12900,14900,60000,33400,16500,33200,25600,16000,17800,18800,31800,81100,19000,5700,20200,26900,13200,11900,900
122.0,5.46,247300,1344024.0,5.46,5.45,5.44,5.43,5.42,5.4,5.39,5.38,5.36,5.35,5.47,5.48,5.49,5.5,5.51,5.52,5.53,5.54,5.55,5.56,15900,12900,14900,60000,33400,16500,33200,25600,16000,17800,18800,31800,81100,19000,5700,20200,26900,13200,11900,900
123.0,5.46,247300,1344024.0,5.46,5.45,5.44,5.43,5.42,5.4,5.39,5.38,5.36,5.35,5.47,5.48,5.49,5.5,5.51,5.52,5.53,5.54,5.55,5.56,15900,12900,14900,60000,33400,16500,33200,25600,16000,17800,18800,31800,81100,19000,5700,20200,26900,13200,11900,900
124.0,5.46,247300,1344024.0,5.46,5.45,5.44,5.43,5.42,5.4,5.39,5.38,5.36,5.35,5.47,5.48,5.49,5.5,5.51,5.52,5.53,5.54,5.55,5.56,15900,12900,14900,60000,33400,16500,33200,25600,16000,17800,18800,31800,81100,19000,5700,20200,26900,13200,11900,900
125.0,5.46,264900,1440235.0,5.46,5.45,5.44,5.43,5.42,5.4,5.39,5.38,5.36,5.35,5.47,5.48,5.49,5.5,5.51,5.52,5.53,5.54,5.55,5.56,9800,12900,14900,60000,33400,16500,33200,25600,16000,17800,7400,31800,81100,19000,5700,20200,26900,13200,11900,900
126.0,5.46,264900,1440235.0,5.46,5.45,5.44,5.43,5.42,5.4,5.39,5.38,5.36,5.35,5.47,5.48,5.49,5.5,5.51,5.52,5.53,5.54,5.55,5.56,9800,12900,14900,60000,33400,16500,33200,25600,16000,17800,7400,31800,81100,19000,5700,20200,26900,13200,11900,900
127.0,5.46,264900,1440235.0,5.46,5.45,5.44,5.43,5.42,5.4,5.39,5.38,5.36,5.35,5.47,5.48,5.49,5.5,5.51,5.52,5.53,5.54,5.55,5.56,9800,12900,14900,60000,33400,16500,33200,25600,16000,17800,6100,31800,81100,21000,5700,20200,26900,13200,11900,900
128.0,5.46,264900,1440235.0,5.46,5.45,5.44,5.43,5.42,5.4,5.39,5.38,5.36,5.35,5.47,5.48,5.49,5.5,5.51,5.52,5.53,5.54,5.55,5.56,12300,12900,14900,60000,33400,16500,33200,25600,16000,17800,6100,31800,81100,21000,5700,20200,26900,13200,11900,900
129.0,5.46,266100,1446787.0,5.46,5.45,5.44,5.43,5.42,5.4,5.39,5.38,5.36,5.35,5.47,5.48,5.49,5.5,5.51,5.52,5.53,5.54,5.55,5.56,11100,12900,14900,60000,33400,16500,33200,25600,16000,17800,6100,31800,81100,21000,5700,20200,26900,13200,11900,900
130.0,5.46,266100,1446787.0,5.46,5.45,5.44,5.43,5.42,5.4,5.39,5.38,5.36,5.35,5.47,5.48,5.49,5.5,5.51,5.52,5.53,5.54,5.55,5.56,11100,12900,14900,60000,33400,16500,33200,25600,16000,17800,6100,31800,81100,21000,5700,20200,26900,13200,11900,900
131.0,5.47,266700,1450069.0,5.46,5.45,5.44,5.43,5.42,5.4,5.39,5.38,5.36,5.35,5.47,5.48,5.49,5.5,5.51,5.52,5.53,5.54,5.55,5.56,27100,3400,14900,60000,33400,16500,33200,25600,16000,17800,5500,31700,81100,21000,5700,20200,26900,13200,11900,900
132.0,5.46,268500,1459897.0,5.46,5.45,5.44,5.43,5.42,5.4,5.39,5.38,5.36,5.35,5.47,5.48,5.49,5.5,5.51,5.52,5.53,5.54,5.55,5.56,26900,3400,14900,60000,33400,16500,33200,25600,16000,17800,5500,31700,81100,21400,5700,20200,26900,13200,11900,900
133.0,5.47,274000,1489982.0,5.47,5.46,5.45,5.44,5.43,5.42,5.4,5.39,5.38,5.36,5.48,5.49,5.5,5.51,5.52,5.53,5.54,5.55,5.56,5.57,7400,26900,2700,14900,60000,33400,16500,33200,25600,16000,29800,81100,21400,5700,20200,26900,13200,11900,900,22600
134.0,5.47,274000,1489982.0,5.47,5.46,5.45,5.44,5.43,5.42,5.4,5.39,5.38,5.36,5.48,5.49,5.5,5.51,5.52,5.53,5.54,5.55,5.56,5.57,19000,28800,2700,13000,60000,33400,16500,33200,25600,16000,29800,81100,21400,5700,20200,26900,13200,11900,900,22600
135.0,5.47,274000,1489982.0,5.47,5.46,5.45,5.44,5.43,5.42,5.4,5.39,5.38,5.36,5.48,5.49,5.5,5.51,5.52,5.53,5.54,5.55,5.56,5.57,24900,28800,2700,13100,60000,33400,16500,33200,25600,16000,29800,81100,21400,5700,20200,26900,13200,11900,900,22600
136.0,5.47,275800,1499828.0,5.47,5.46,5.45,5.44,5.43,5.42,5.4,5.39,5.38,5.36,5.48,5.49,5.5,5.51,5.52,5.53,5.54,5.55,5.56,5.57,23100,28800,2700,13100,60000,33400,16500,33200,25600,16000,29800,81100,21400,5700,20200,26900,13200,11900,900,22600
137.0,5.47,279400,1519520.0,5.47,5.46,5.45,5.44,5.43,5.42,5.4,5.39,5.38,5.36,5.48,5.49,5.5,5.51,5.52,5.53,5.54,5.55,5.56,5.57,19700,28800,2700,13100,60000,33400,16500,33200,25600,16000,29800,81100,21400,5700,20200,26900,13200,11900,900,22600
138.0,5.48,298300,1623092.0,5.47,5.46,5.45,5.44,5.43,5.42,5.4,5.39,5.38,5.36,5.48,5.49,5.5,5.51,5.52,5.53,5.54,5.55,5.56,5.57,20000,28800,2700,13100,60000,33400,16500,33200,25600,16000,10900,81100,21400,5700,20200,26900,13200,11900,900,22600
139.0,5.48,301900,1642802.0,5.47,5.46,5.45,5.44,5.43,5.42,5.4,5.39,5.38,5.36,5.48,5.49,5.5,5.51,5.52,5.53,5.54,5.55,5.56,5.57,18200,28800,2700,13100,60000,33400,16500,33200,25600,16000,9100,81100,21400,5700,23200,26900,13200,11900,900,22600
140.0,5.48,301900,1642802.0,5.47,5.46,5.45,5.44,5.43,5.42,5.4,5.39,5.38,5.36,5.48,5.49,5.5,5.51,5.52,5.53,5.54,5.55,5.56,5.57,26700,25700,2700,10600,60000,33400,16500,33200,25600,16000,9100,81100,21400,5700,23200,26900,13200,11900,900,22600
141.0,5.48,303700,1652666.0,5.47,5.46,5.45,5.44,5.43,5.42,5.4,5.39,5.38,5.36,5.48,5.49,5.5,5.51,5.52,5.53,5.54,5.55,5.56,5.57,27000,25700,2700,10600,60000,33400,16500,33200,25600,16000,7300,81100,21400,5700,23200,26900,13200,11900,900,22600
142.0,5.48,311000,1692670.0,5.48,5.47,5.46,5.45,5.44,5.43,5.42,5.4,5.39,5.38,5.49,5.5,5.51,5.52,5.53,5.54,5.55,5.56,5.57,5.58,2700,27000,25700,2700,10600,60000,33400,16500,33200,25600,81100,21400,5700,23200,26900,13200,11900,900,22600,4000
143.0,5.49,311300,1694315.0,5.48,5.47,5.46,5.45,5.44,5.43,5.42,5.4,5.39,5.38,5.49,5.5,5.51,5.52,5.53,5.54,5.55,5.56,5.57,5.58,9600,27000,25700,2700,9700,60000,33400,16500,33200,25600,81000,21400,5700,23200,26900,13200,11900,900,22600,4000
144.0,5.49,313100,1704197.0,5.48,5.47,5.46,5.45,5.44,5.43,5.42,5.4,5.39,5.38,5.49,5.5,5.51,5.52,5.53,5.54,5.55,5.56,5.57,5.58,9500,27000,25700,2700,9700,60000,33400,16500,33200,25600,79200,21400,5700,23200,26900,13200,11900,900,22600,4000
145.0,5.49,314200,1710236.0,5.48,5.47,5.46,5.45,5.44,5.43,5.42,5.4,5.39,5.38,5.49,5.5,5.51,5.52,5.53,5.54,5.55,5.56,5.57,5.58,11500,27000,25700,2700,9700,60000,33400,16500,33200,25600,78100,21400,5700,23200,26900,13200,11900,900,22600,4000
146.0,5.49,314800,1713530.0,5.48,5.47,5.46,5.45,5.44,5.43,5.42,5.4,5.39,5.38,5.49,5.5,5.51,5.52,5.53,5.54,5.55,5.56,5.57,5.58,15800,23400,25700,2400,9700,60000,33400,16500,33200,25600,77500,21400,5700,23200,26900,13200,11900,900,22600,4000
147.0,5.48,316300,1721750.0,5.48,5.47,5.46,5.45,5.44,5.43,5.42,5.4,5.39,5.38,5.49,5.5,5.51,5.52,5.53,5.54,5.55,5.56,5.57,5.58,14300,23400,25700,2400,9700,60000,33400,16500,33200,25600,77500,21400,5700,23200,26900,13200,11900,900,22600,4000
148.0,5.48,316300,1721750.0,5.48,5.47,5.46,5.45,5.44,5.43,5.42,5.4,5.39,5.38,5.49,5.5,5.51,5.52,5.53,5.54,5.55,5.56,5.57,5.58,103700,23400,25700,2400,9700,60000,33400,16500,33200,25600,77500,21400,5700,23200,26900,13200,11900,900,22600,4000
149.0,5.49,320400,1744223.0,5.48,5.47,5.46,5.45,5.44,5.43,5.42,5.4,5.39,5.38,5.49,5.5,5.51,5.52,5.53,5.54,5.55,5.56,5.57,5.58,118700,22200,25700,2400,9700,60000,33400,16500,33200,25600,77000,21400,5700,23200,26900,13200,11900,900,22600,4000
150.0,5.48,322200,1754087.0,5.48,5.47,5.46,5.45,5.44,5.43,5.42,5.4,5.39,5.38,5.49,5.5,5.51,5.52,5.53,5.54,5.55,5.56,5.57,5.58,116900,22200,25700,2400,9700,60000,33400,16500,33200,25600,77000,21400,5700,23200,26900,13200,11900,900,22600,4000
151.0,5.49,325200,1770557.0,5.48,5.47,5.46,5.45,5.44,5.43,5.42,5.4,5.39,5.38,5.49,5.5,5.51,5.52,5.53,5.54,5.55,5.56,5.57,5.58,116900,22200,24100,2400,9700,60000,33400,16500,33200,25600,74000,21400,5700,23200,26900,13200,11900,900,22600,4000
152.0,5.49,325200,1770557.0,5.48,5.47,5.46,5.45,5.44,5.43,5.42,5.4,5.39,5.38,5.49,5.5,5.51,5.52,5.53,5.54,5.55,5.56,5.57,5.58,116900,22200,24100,2400,9700,60000,33400,16500,33200,25600,74000,21400,5700,23200,26900,13200,11900,900,22600,4000
153.0,5.48,327500,1783161.0,5.48,5.47,5.46,5.45,5.44,5.43,5.42,5.4,5.39,5.38,5.49,5.5,5.51,5.52,5.53,5.54,5.55,5.56,5.57,5.58,115900,16300,24100,2400,9700,60000,33400,16500,33200,25600,74000,21400,5700,23200,26900,13200,11900,900,22600,4000
154.0,5.49,331200,1803456.0,5.48,5.47,5.46,5.45,5.44,5.43,5.42,5.4,5.39,5.38,5.49,5.5,5.51,5.52,5.53,5.54,5.55,5.56,5.57,5.58,114100,16300,24100,2400,9700,60000,33400,16500,33200,25600,72100,21400,5700,33200,26900,13200,11900,900,22600,4000
155.0,5.49,332300,1809495.0,5.48,5.47,5.46,5.45,5.44,5.43,5.42,5.4,5.39,5.38,5.49,5.5,5.51,5.52,5.53,5.54,5.55,5.56,5.57,5.58,114300,16100,24100,2400,9700,60000,33400,16500,33200,25600,71000,21400,5700,33200,26900,13200,11900,900,22600,4000
156.0,5.49,336600,1833062.0,5.48,5.47,5.46,5.45,5.44,5.43,5.42,5.4,5.39,5.38,5.49,5.5,5.51,5.52,5.53,5.54,5.55,5.56,5.57,5.58,110300,16100,24100,2400,9700,60000,33400,16500,33200,25600,70700,21400,5700,33200,26900,13200,11900,900,22600,4000
157.0,5.48,338400,1842926.0,5.48,5.47,5.46,5.45,5.44,5.43,5.42,5.4,5.39,5.38,5.49,5.5,5.51,5.52,5.53,5.54,5.55,5.56,5.57,5.58,113400,16100,24100,2400,9700,60000,33400,16500,33200,25600,70700,21400,5700,33200,26900,13200,11900,6900,22600,4000
158.0,5.48,338400,1842926.0,5.48,5.47,5.46,5.45,5.44,5.43,5.42,5.4,5.39,5.38,5.49,5.5,5.51,5.52,5.53,5.54,5.55,5.56,5.57,5.58,113400,16100,24100,2400,9700,60000,33400,16500,33200,25600,70700,21400,5700,33200,26900,13200,11900,6900,22600,4000
159.0,5.49,348400,1897826.0,5.48,5.47,5.46,5.45,5.44,5.43,5.42,5.4,5.39,5.38,5.49,5.5,5.51,5.52,5.53,5.54,5.55,5.56,5.57,5.58,113400,16100,24100,2400,9700,60000,33400,16500,33200,25600,61700,21400,5700,33200,26900,13200,11900,6900,22600,4000
160.0,5.48,352000,1917554.0,5.48,5.47,5.46,5.45,5.44,5.43,5.42,5.4,5.39,5.38,5.49,5.5,5.51,5.52,5.53,5.54,5.55,5.56,5.57,5.58,109800,16100,24100,2400,9700,60000,33400,16500,33200,25600,61700,21400,5700,33200,26900,13200,11900,6900,22600,4000
161.0,5.49,354300,1930163.0,5.48,5.47,5.46,5.45,5.44,5.43,5.42,5.4,5.39,5.38,5.49,5.5,5.51,5.52,5.53,5.54,5.55,5.56,5.57,5.58,108000,16100,24100,1500,9700,60000,33400,16500,33200,25600,61200,21400,5700,33200,26900,13200,11900,6900,22600,4000
162.0,5.49,354300,1930163.0,5.48,5.47,5.46,5.45,5.44,5.43,5.42,5.4,5.39,5.38,5.49,5.5,5.51,5.52,5.53,5.54,5.55,5.56,5.57,5.58,108000,16100,24100,1500,9700,60000,33400,16500,33200,25600,61200,21400,5700,33200,26900,13200,11900,6900,22600,4000
163.0,5.49,356700,1943339.0,5.48,5.47,5.46,5.45,5.44,5.43,5.42,5.4,5.39,5.38,5.49,5.5,5.51,5.52,5.53,5.54,5.55,5.56,5.57,5.58,125900,16100,7200,1500,9700,60000,33400,16500,33200,25600,58800,21400,14200,33200,26900,13200,11900,6900,22600,4000
164.0,5.49,359300,1957595.0,5.48,5.47,5.46,5.45,5.44,5.43,5.42,5.4,5.39,5.38,5.49,5.5,5.51,5.52,5.53,5.54,5.55,5.56,5.57,5.58,124800,15900,7200,1500,9700,60000,33400,16500,33200,25600,58000,21400,14200,33200,26900,13200,11900,6900,22600,4000
165.0,5.49,359300,1957595.0,5.48,5.47,5.46,5.45,5.44,5.43,5.42,5.4,5.39,5.38,5.49,5.5,5.51,5.52,5.53,5.54,5.55,5.56,5.57,5.58,124800,15900,7200,1500,9700,60000,33400,16500,33200,25600,58000,21400,14200,33200,26900,13200,11900,6900,22600,4000
166.0,5.48,381100,2077059.0,5.48,5.47,5.46,5.45,5.44,5.43,5.42,5.4,5.39,5.38,5.49,5.5,5.51,5.52,5.53,5.54,5.55,5.56,5.57,5.58,90200,17900,7200,1500,9700,60000,33400,16500,33200,25600,58000,21400,14200,33200,27700,13200,11900,6900,22600,4000
167.0,5.48,382900,2086923.0,5.48,5.47,5.46,5.45,5.44,5.43,5.42,5.4,5.39,5.38,5.49,5.5,5.51,5.52,5.53,5.54,5.55,5.56,5.57,5.58,92200,17900,7200,1500,9700,60000,33400,16500,33200,25600,58000,21400,14200,33200,27700,13200,11900,6900,22600,4000
168.0,5.48,382900,2086923.0,5.48,5.47,5.46,5.45,5.44,5.43,5.42,5.4,5.39,5.38,5.49,5.5,5.51,5.52,5.53,5.54,5.55,5.56,5.57,5.58,92200,17900,7200,1500,9700,60000,33400,16500,33200,25600,58000,21400,17200,33200,27700,13200,11900,6900,22600,4000
169.0,5.48,382900,2086923.0,5.48,5.47,5.46,5.45,5.44,5.43,5.42,5.4,5.39,5.38,5.49,5.5,5.51,5.52,5.53,5.54,5.55,5.56,5.57,5.58,92900,12900,7200,1500,9700,60000,33400,16500,33200,25600,58000,21400,17200,33200,27700,13200,11900,6900,22600,4000
170.0,5.48,382900,2086923.0,5.48,5.47,5.46,5.45,5.44,5.43,5.42,5.4,5.39,5.38,5.49,5.5,5.51,5.52,5.53,5.54,5.55,5.56,5.57,5.58,92900,12900,7200,1500,9700,60000,33400,16500,33200,25600,58000,21400,17200,33200,27700,13200,11900,6900,22600,4000
171.0,5.48,384700,2096787.0,5.48,5.47,5.46,5.45,5.44,5.43,5.42,5.4,5.39,5.38,5.49,5.5,5.51,5.52,5.53,5.54,5.55,5.56,5.57,5.58,91100,12900,7200,1500,9700,60000,33400,16500,33200,25600,63000,21400,17200,33200,27700,13200,11900,6900,22600,4000
172.0,5.48,390600,2129122.0,5.48,5.47,5.46,5.45,5.44,5.43,5.42,5.4,5.39,5.38,5.49,5.5,5.51,5.52,5.53,5.54,5.55,5.56,5.57,5.58,85500,12900,7200,1500,9700,60000,33400,16500,33200,25600,62700,21400,17200,33200,27700,13200,11900,6900,22600,4000
173.0,5.48,390600,2129122.0,5.48,5.47,5.46,5.45,5.44,5.43,5.42,5.4,5.39,5.38,5.49,5.5,5.51,5.52,5.53,5.54,5.55,5.56,5.57,5.58,85500,12900,7200,1500,9700,60000,33400,16500,33200,25600,62700,21400,17200,33200,27700,13200,11900,6900,22600,4000
174.0,5.48,392400,2138986.0,5.48,5.47,5.46,5.45,5.44,5.43,5.42,5.4,5.39,5.38,5.49,5.5,5.51,5.52,5.53,5.54,5.55,5.56,5.57,5.58,86000,12900,7200,1500,9700,60000,33400,16500,33200,25600,62700,21400,17200,33200,27700,13200,11900,6900,22600,4000
175.0,5.49,394800,2152162.0,5.48,5.47,5.46,5.45,5.44,5.43,5.42,5.4,5.39,5.38,5.49,5.5,5.51,5.52,5.53,5.54,5.55,5.56,5.57,5.58,86000,12900,7200,1500,9700,60000,33400,16500,33200,25600,60300,21400,17200,33200,27700,13200,11900,6900,22600,4000
176.0,5.48,398300,2171342.0,5.48,5.47,5.46,5.45,5.44,5.43,5.42,5.4,5.39,5.38,5.49,5.5,5.51,5.52,5.53,5.54,5.55,5.56,5.57,5.58,82900,12900,7200,1500,9700,60000,33400,16500,33200,25600,60300,26400,17200,33200,30200,13200,11900,6900,22600,4000
177.0,5.48,398300,2171342.0,5.48,5.47,5.46,5.45,5.44,5.43,5.42,5.4,5.39,5.38,5.49,5.5,5.51,5.52,5.53,5.54,5.55,5.56,5.57,5.58,82900,12900,7200,1500,9700,60000,33400,16500,33200,25600,60300,26400,17200,33200,30200,13200,11900,6900,22600,4000
178.0,5.48,406700,2217374.0,5.48,5.47,5.46,5.45,5.44,5.43,5.42,5.4,5.39,5.38,5.49,5.5,5.51,5.52,5.53,5.54,5.55,5.56,5.57,5.58,74500,12900,7200,1500,9700,60000,33400,16500,33200,25600,60800,26400,17200,33200,30200,13200,11900,6900,22600,4000
179.0,5.48,407700,2222860.0,5.48,5.47,5.46,5.45,5.44,5.43,5.42,5.4,5.39,5.38,5.49,5.5,5.51,5.52,5.53,5.54,5.55,5.56,5.57,5.58,74100,12900,7200,1700,9700,60000,33400,16500,33200,25600,60200,26400,17200,33200,30200,13200,11900,6900,22600,4000
180.0,5.49,410200,2236567.0,5.48,5.47,5.46,5.45,5.44,5.43,5.42,5.4,5.39,5.38,5.49,5.5,5.51,5.52,5.53,5.54,5.55,5.56,5.57,5.58,72300,12900,7200,1700,9700,60000,33400,16500,33200,25600,59500,26400,17200,33200,30200,13200,11900,6900,22600,4000
181.0,5.49,410200,2236567.0,5.48,5.47,5.46,5.45,5.44,5.43,5.42,5.4,5.39,5.38,5.49,5.5,5.51,5.52,5.53,5.54,5.55,5.56,5.57,5.58,73600,12900,7200,1700,9700,60000,33400,16500,33200,25600,59500,26400,17200,33200,30200,13200,11900,6900,22600,4000
182.0,5.48,423000,2306711.0,5.48,5.47,5.46,5.45,5.44,5.43,5.42,5.4,5.39,5.38,5.49,5.5,5.51,5.52,5.53,5.54,5.55,5.56,5.57,5.58,60800,12900,7200,1700,9700,60000,33400,16500,33200,25600,59500,26400,17200,53200,30200,13200,11900,6900,22600,4000
183.0,5.48,426700,2326994.0,5.48,5.47,5.46,5.45,5.44,5.43,5.42,5.4,5.39,5.38,5.49,5.5,5.51,5.52,5.53,5.54,5.55,5.56,5.57,5.58,57800,12900,7200,1700,9700,60000,33400,16500,33200,25600,58800,26400,19300,53200,30200,13200,11900,6900,22600,4000
184.0,5.48,430300,2346722.0,5.48,5.47,5.46,5.45,5.44,5.43,5.42,5.4,5.39,5.38,5.49,5.5,5.51,5.52,5.53,5.54,5.55,5.56,5.57,5.58,54200,12900,7200,1700,9700,60000,33400,16500,33200,25600,58800,26400,19300,53200,30200,13200,11900,6900,22600,4000
185.0,5.49,435800,2376916.0,5.48,5.47,5.46,5.45,5.44,5.43,5.42,5.4,5.39,5.38,5.49,5.5,5.51,5.52,5.53,5.54,5.55,5.56,5.57,5.58,55500,12900,7200,1600,9700,60000,33400,16500,33200,25600,53500,28400,19300,53200,30200,13200,11900,6900,22600,4000
186.0,5.48,441900,2410344.0,5.48,5.47,5.46,5.45,5.44,5.43,5.42,5.4,5.39,5.38,5.49,5.5,5.51,5.52,5.53,5.54,5.55,5.56,5.57,5.58,50200,12900,7200,1600,9700,60000,33400,16500,33200,25600,53500,28600,19300,53200,30200,13200,11900,6900,22600,4000
187.0,5.48,442900,2415824.0,5.48,5.47,5.46,5.45,5.44,5.43,5.42,5.4,5.39,5.38,5.49,5.5,5.51,5.52,5.53,5.54,5.55,5.56,5.57,5.58,49200,12900,7200,1600,9700,60000,33400,16500,33200,25600,53500,28600,19300,53200,30200,13200,11900,6900,22600,4000
188.0,5.48,444700,2425688.0,5.48,5.47,5.46,5.45,5.44,5.43,5.42,5.4,5.39,5.38,5.49,5.5,5.51,5.52,5.53,5.54,5.55,5.56,5.57,5.58,47400,12900,7200,300,9700,60000,33400,16500,33200,25600,53500,28600,19300,53200,30700,13200,11900,6900,22600,4000
189.0,5.48,467400,2550084.0,5.48,5.47,5.46,5.45,5.44,5.43,5.42,5.4,5.39,5.38,5.49,5.5,5.51,5.52,5.53,5.54,5.55,5.56,5.57,5.58,26900,12900,7200,300,9700,60000,33400,16500,33200,25600,53500,28600,19300,53200,30700,13200,11900,6900,22600,4000
190.0,5.48,467400,2550084.0,5.48,5.47,5.46,5.45,5.44,5.43,5.42,5.4,5.39,5.38,5.49,5.5,5.51,5.52,5.53,5.54,5.55,5.56,5.57,5.58,15800,12900,7200,300,9700,60000,33400,16500,33200,25600,53500,28600,49300,53200,30700,13200,11900,6900,22600,4000
191.0,5.48,468500,2556112.0,5.48,5.47,5.46,5.45,5.44,5.43,5.42,5.4,5.39,5.38,5.49,5.5,5.51,5.52,5.53,5.54,5.55,5.56,5.57,5.58,14300,12900,6000,300,9700,60000,33400,16500,33200,25600,53500,28600,49300,53200,30700,13200,11900,6900,22600,4000
192.0,5.48,468500,2556112.0,5.48,5.47,5.46,5.45,5.44,5.43,5.42,5.4,5.39,5.38,5.49,5.5,5.51,5.52,5.53,5.54,5.55,5.56,5.57,5.58,14300,12900,6000,300,9400,60000,33400,16500,33200,25600,21700,28600,49300,53200,30700,13200,11900,6900,22600,4000
193.0,5.49,472900,2580254.0,5.48,5.47,5.46,5.45,5.44,5.43,5.42,5.4,5.39,5.38,5.49,5.5,5.51,5.52,5.53,5.54,5.55,5.56,5.57,5.58,17900,12900,6000,300,9400,60000,33400,16500,33200,25600,18700,28600,49300,53200,30700,13200,11900,6900,22600,4000
194.0,5.48,475600,2595056.0,5.48,5.47,5.46,5.45,5.44,5.43,5.42,5.4,5.39,5.38,5.49,5.5,5.51,5.52,5.53,5.54,5.55,5.56,5.57,5.58,15800,12900,5200,300,9400,60000,33400,16500,33200,25600,18100,28600,49300,53200,30700,13200,11900,6900,22600,4000
195.0,5.48,481100,2625196.0,5.48,5.47,5.46,5.45,5.44,5.43,5.42,5.4,5.39,5.38,5.49,5.5,5.51,5.52,5.53,5.54,5.55,5.56,5.57,5.58,10300,12900,5200,300,9400,60000,33400,16500,33200,25600,18100,28600,49300,53200,30700,13200,11900,6900,22600,4000
196.0,5.48,491400,2681640.0,5.47,5.46,5.45,5.44,5.43,5.42,5.4,5.39,5.38,5.36,5.48,5.49,5.5,5.51,5.52,5.53,5.54,5.55,5.56,5.57,12900,5200,300,9400,60000,33400,16500,33200,25600,16000,53600,18100,29600,49300,53200,30700,13200,21900,6900,22600
197.0,5.47,492600,2688204.0,5.47,5.46,5.45,5.44,5.43,5.42,5.4,5.39,5.38,5.36,5.48,5.49,5.5,5.51,5.52,5.53,5.54,5.55,5.56,5.57,12500,5200,16200,9400,60000,33400,16500,33200,25600,16000,53600,18100,29600,49300,53200,30700,13200,21900,6900,22600
198.0,5.48,494000,2695876.0,5.47,5.46,5.45,5.44,5.43,5.42,5.4,5.39,5.38,5.36,5.48,5.49,5.5,5.51,5.52,5.53,5.54,5.55,5.56,5.57,12500,5200,16200,9400,60000,33400,16500,33200,15900,16000,52300,18100,29600,49300,53200,30700,23200,21900,6900,22600
199.0,5.48,494000,2695876.0,5.47,5.46,5.45,5.44,5.43,5.42,5.4,5.39,5.38,5.36,5.48,5.49,5.5,5.51,5.52,5.53,5.54,5.55,5.56,5.57,12200,4900,16100,9100,60000,33400,16500,33200,15900,16000,52400,18000,29600,49300,53200,30700,23200,21900,6900,22600
200.0,5.47,495200,2702440.0,5.47,5.46,5.45,5.44,5.43,5.42,5.4,5.39,5.38,5.36,5.48,5.49,5.5,5.51,5.52,5.53,5.54,5.55,5.56,5.57,11800,4900,16100,9100,60000,33400,16500,33200,15900,16000,52400,18000,29600,49300,53200,30700,23200,21900,6900,22600
201.0,5.47,495200,2702440.0,5.47,5.46,5.45,5.44,5.43,5.42,5.4,5.39,5.38,5.36,5.48,5.49,5.5,5.51,5.52,5.53,5.54,5.55,5.56,5.57,11800,4900,16100,9100,60000,33400,16500,33200,15900,16000,52400,18000,29600,49300,53200,30700,23200,21900,6900,22600
202.0,5.47,496300,2708457.0,5.47,5.46,5.45,5.44,5.43,5.42,5.4,5.39,5.38,5.36,5.48,5.49,5.5,5.51,5.52,5.53,5.54,5.55,5.56,5.57,10700,4900,16100,9100,60000,33400,16500,33200,15900,16000,52400,18000,29600,49300,53200,30700,23200,21900,6900,22600
203.0,5.47,496300,2708457.0,5.47,5.46,5.45,5.44,5.43,5.42,5.4,5.39,5.38,5.36,5.48,5.49,5.5,5.51,5.52,5.53,5.54,5.55,5.56,5.57,12600,4900,16100,9100,60000,33400,16500,33200,15900,16000,52400,18000,34600,49300,53200,30700,23200,21900,6900,22600
204.0,5.48,498200,2718857.0,5.47,5.46,5.45,5.44,5.43,5.42,5.4,5.39,5.38,5.36,5.48,5.49,5.5,5.51,5.52,5.53,5.54,5.55,5.56,5.57,12900,4900,16100,9100,60000,33400,16500,33200,15900,16000,53700,18000,34600,49300,53200,30700,23200,21900,6900,22600
205.0,5.48,498200,2718857.0,5.47,5.46,5.45,5.44,5.43,5.42,5.4,5.39,5.38,5.36,5.48,5.49,5.5,5.51,5.52,5.53,5.54,5.55,5.56,5.57,12900,4900,16100,9100,60000,33400,16500,33200,15900,16000,53700,18000,34600,49300,53200,30700,23200,21900,6900,22600
206.0,5.48,498200,2718857.0,5.47,5.46,5.45,5.44,5.43,5.42,5.4,5.39,5.38,5.36,5.48,5.49,5.5,5.51,5.52,5.53,5.54,5.55,5.56,5.57,12900,4900,16100,9100,60000,33400,16500,33200,15900,16000,53700,18000,36500,49300,53200,30700,23200,21900,6900,22600
207.0,5.47,499400,2725421.0,5.47,5.46,5.45,5.44,5.43,5.42,5.4,5.39,5.38,5.36,5.48,5.49,5.5,5.51,5.52,5.53,5.54,5.55,5.56,5.57,11700,4900,16100,9100,60000,33400,16500,33200,15900,16000,42700,18000,36500,49300,53200,30700,23200,21900,6900,22600
208.0,5.47,501700,2738002.0,5.47,5.46,5.45,5.44,5.43,5.42,5.4,5.39,5.38,5.36,5.48,5.49,5.5,5.51,5.52,5.53,5.54,5.55,5.56,5.57,9400,4900,16100,9100,60000,33400,16500,33200,15900,16000,42700,19500,36500,49300,53200,30700,23200,21900,6900,22600
209.0,5.47,501700,2738002.0,5.47,5.46,5.45,5.44,5.43,5.42,5.4,5.39,5.38,5.36,5.48,5.49,5.5,5.51,5.52,5.53,5.54,5.55,5.56,5.57,9400,4900,16100,9100,60000,33400,16500,33200,15900,16000,42700,19500,38000,49300,53200,30700,23200,21900,6900,22600
210.0,5.47,502600,2742925.0,5.47,5.46,5.45,5.44,5.43,5.42,5.4,5.39,5.38,5.36,5.48,5.49,5.5,5.51,5.52,5.53,5.54,5.55,5.56,5.57,8500,6900,16100,9100,60000,33400,16500,33200,15900,16000,42700,19500,38000,49300,53200,30700,23200,21900,6900,22600
211.0,5.48,546100,2981297.0,5.48,5.47,5.46,5.45,5.44,5.43,5.42,5.4,5.39,5.38,5.49,5.5,5.51,5.52,5.53,5.54,5.55,5.56,5.57,5.58,8700,9000,6900,16100,9100,60000,33400,16500,33200,15900,19500,38000,49300,53200,30700,23200,21900,6900,22600,4000
212.0,5.49,546700,2984591.0,5.48,5.47,5.46,5.45,5.44,5.43,5.42,5.4,5.39,5.38,5.49,5.5,5.51,5.52,5.53,5.54,5.55,5.56,5.57,5.58,15000,9000,6900,16100,9100,60000,33400,16500,33200,15900,18900,38000,49300,53200,30700,23200,21900,6900,22600,4000
213.0,5.49,546700,2984591.0,5.48,5.47,5.46,5.45,5.44,5.43,5.42,5.4,5.39,5.38,5.49,5.5,5.51,5.52,5.53,5.54,5.55,5.56,5.57,5.58,15000,9000,6900,16100,9100,60000,33400,16500,33200,15900,18900,38000,49300,53200,30700,23200,21900,6900,22600,4000
214.0,5.49,546700,2984591.0,5.48,5.47,5.46,5.45,5.44,5.43,5.42,5.4,5.39,5.38,5.49,5.5,5.51,5.52,5.53,5.54,5.55,5.56,5.57,5.58,15000,9000,6900,16100,9100,60000,33400,16500,33200,15900,18900,38000,49300,53200,30700,23200,21900,6900,22600,4000
215.0,5.48,549200,2998291.0,5.48,5.47,5.46,5.45,5.44,5.43,5.42,5.4,5.39,5.38,5.49,5.5,5.51,5.52,5.53,5.54,5.55,5.56,5.57,5.58,12500,9000,6900,16100,9100,60000,33400,16500,33200,15900,18900,38000,49300,53200,30700,23200,21900,6900,22600,4000
216.0,5.48,549200,2998291.0,5.48,5.47,5.46,5.45,5.44,5.43,5.42,5.4,5.39,5.38,5.49,5.5,5.51,5.52,5.53,5.54,5.55,5.56,5.57,5.58,12500,9000,6900,16100,9100,60000,33400,16500,33200,15900,18900,38000,49300,53200,30700,23200,21900,6900,22600,4000
217.0,5.48,562500,3071196.0,5.48,5.47,5.46,5.45,5.44,5.43,5.42,5.4,5.39,5.38,5.49,5.5,5.51,5.52,5.53,5.54,5.55,5.56,5.57,5.58,1300,9000,6900,26100,9100,60000,33400,16500,33200,15900,16800,38000,49300,53200,30700,23200,21900,6900,22600,4000
218.0,5.48,562600,3071744.0,5.48,5.47,5.46,5.45,5.44,5.43,5.42,5.4,5.39,5.38,5.49,5.5,5.51,5.52,5.53,5.54,5.55,5.56,5.57,5.58,1200,9000,6900,26100,9100,60000,33400,16500,33200,15900,16800,38000,49300,53200,30700,23200,21900,6900,22600,4000
219.0,5.48,563800,3078320.0,5.47,5.46,5.45,5.44,5.43,5.42,5.4,5.39,5.38,5.36,5.48,5.49,5.5,5.51,5.52,5.53,5.54,5.55,5.56,5.57,9000,6900,26100,9100,60000,33400,16500,33200,15900,16000,1800,16800,38000,49300,58200,30700,23200,21900,6900,22600
220.0,5.47,565600,3088166.0,5.47,5.46,5.45,5.44,5.43,5.42,5.4,5.39,5.38,5.36,5.48,5.49,5.5,5.51,5.52,5.53,5.54,5.55,5.56,5.57,7200,6900,26100,9100,60000,33400,16500,33200,15900,16000,1800,17700,38000,49300,58200,30700,23200,21900,6900,22600
221.0,5.48,566100,3090906.0,5.47,5.46,5.45,5.44,5.43,5.42,5.4,5.39,5.38,5.36,5.48,5.49,5.5,5.51,5.52,5.53,5.54,5.55,5.56,5.57,6700,6900,26100,9100,60000,33400,16500,33200,15900,16000,1300,17700,38000,49300,58200,30700,23200,21900,6900,22600
222.0,5.47,566700,3094188.0,5.47,5.46,5.45,5.44,5.43,5.42,5.4,5.39,5.38,5.36,5.48,5.49,5.5,5.51,5.52,5.53,5.54,5.55,5.56,5.57,6100,6900,26100,9100,60000,33400,16500,33200,15900,16000,1300,17700,38000,49300,58200,30700,23200,21900,6900,22600
223.0,5.47,566700,3094188.0,5.47,5.46,5.45,5.44,5.43,5.42,5.4,5.39,5.38,5.36,5.48,5.49,5.5,5.51,5.52,5.53,5.54,5.55,5.56,5.57,6100,6900,26100,9100,60000,33400,16500,33200,15900,16000,1300,17700,38000,49300,61200,30700,23200,21900,6900,22600
224.0,5.47,566700,3094188.0,5.47,5.46,5.45,5.44,5.43,5.42,5.4,5.39,5.38,5.36,5.48,5.49,5.5,5.51,5.52,5.53,5.54,5.55,5.56,5.57,6100,6900,26100,9100,60000,33400,16500,33200,15900,16000,1300,17700,38000,49300,61200,30700,23200,21900,6900,22600
225.0,5.47,567300,3097470.0,5.47,5.46,5.45,5.44,5.43,5.42,5.4,5.39,5.38,5.36,5.48,5.49,5.5,5.51,5.52,5.53,5.54,5.55,5.56,5.57,5500,6900,26100,9100,60000,33400,16500,33200,15900,16000,1300,17800,38000,49300,61200,30700,23200,21900,6900,22600
226.0,5.48,568000,3101301.0,5.47,5.46,5.45,5.44,5.43,5.42,5.4,5.39,5.38,5.36,5.48,5.49,5.5,5.51,5.52,5.53,5.54,5.55,5.56,5.57,5000,6900,26100,9100,60000,33400,16500,33200,15900,16000,1100,17800,38000,49300,61200,30700,23200,21900,6900,22600
227.0,5.48,568600,3104589.0,5.47,5.46,5.45,5.44,5.43,5.42,5.4,5.39,5.38,5.36,5.48,5.49,5.5,5.51,5.52,5.53,5.54,5.55,5.56,5.57,5000,6900,26100,9100,60000,33400,16500,33200,15900,16000,500,18800,38000,49300,61200,30700,23200,21900,6900,22600
228.0,5.48,568600,3104589.0,5.47,5.46,5.45,5.44,5.43,5.42,5.4,5.39,5.38,5.36,5.48,5.49,5.5,5.51,5.52,5.53,5.54,5.55,5.56,5.57,5000,6900,26100,9100,60000,33400,16500,33200,15900,16000,500,18800,38000,49300,61500,30700,33200,21900,6900,22600
229.0,5.47,569100,3107324.0,5.47,5.46,5.45,5.44,5.43,5.42,5.4,5.39,5.38,5.36,5.48,5.49,5.5,5.51,5.52,5.53,5.54,5.55,5.56,5.57,4500,6900,26100,9100,60000,33400,16500,33200,15900,16000,500,18800,38000,49300,61500,30700,33200,21900,6900,22600
230.0,5.47,569100,3107324.0,5.47,5.46,5.45,5.44,5.43,5.42,5.4,5.39,5.38,5.36,5.48,5.49,5.5,5.51,5.52,5.53,5.54,5.55,5.56,5.57,4500,6900,26100,9100,60000,33400,16500,33200,15900,16000,500,20800,38000,54300,61500,30700,33200,21900,6900,22600
231.0,5.47,570000,3112247.0,5.47,5.46,5.45,5.44,5.43,5.42,5.4,5.39,5.38,5.36,5.48,5.49,5.5,5.51,5.52,5.53,5.54,5.55,5.56,5.57,3600,6900,26100,9100,60000,33400,16500,33200,15900,16000,500,20800,33000,54300,61500,30700,33200,21900,6900,22600
232.0,5.47,570300,3113888.0,5.47,5.46,5.45,5.44,5.43,5.42,5.4,5.39,5.38,5.36,5.48,5.49,5.5,5.51,5.52,5.53,5.54,5.55,5.56,5.57,3300,6900,26100,9100,60000,33400,16500,33200,15900,16000,500,20800,33600,54300,61500,30700,33200,21900,6900,22600
233.0,5.47,570600,3115529.0,5.47,5.46,5.45,5.44,5.43,5.42,5.4,5.39,5.38,5.36,5.48,5.49,5.5,5.51,5.52,5.53,5.54,5.55,5.56,5.57,3000,6900,26100,9100,60000,33400,16500,33200,15900,16000,500,20800,33600,54300,61500,30700,33200,21900,6900,22600
234.0,5.47,570600,3115529.0,5.47,5.46,5.45,5.44,5.43,5.42,5.4,5.39,5.38,5.36,5.48,5.49,5.5,5.51,5.52,5.53,5.54,5.55,5.56,5.57,2900,6900,26100,9100,60000,33400,16500,33200,15900,16000,500,20800,33600,54300,62100,33700,33200,21900,6900,22600
235.0,5.47,570600,3115529.0,5.47,5.46,5.45,5.44,5.43,5.42,5.4,5.39,5.38,5.36,5.48,5.49,5.5,5.51,5.52,5.53,5.54,5.55,5.56,5.57,2900,6900,26100,9100,60000,33400,16500,33200,15900,16000,500,19400,33600,54300,62100,33700,36200,21900,6900,22600
236.0,5.48,571000,3117719.0,5.47,5.46,5.45,5.44,5.43,5.42,5.4,5.39,5.38,5.36,5.48,5.49,5.5,5.51,5.52,5.53,5.54,5.55,5.56,5.57,2700,6900,26100,9100,60000,33400,16500,33200,15900,16000,300,19400,33600,54300,62100,33700,36200,21900,6900,22600
237.0,5.49,571500,3120461.0,5.48,5.47,5.46,5.45,5.44,5.43,5.42,5.4,5.39,5.38,5.49,5.5,5.51,5.52,5.53,5.54,5.55,5.56,5.57,5.58,2200,2700,6900,26100,9100,60000,33400,16500,33200,15900,19200,33600,54300,62100,33700,36200,21900,6900,22600,4000
238.0,5.49,571500,3120461.0,5.48,5.47,5.46,5.45,5.44,5.43,5.42,5.4,5.39,5.38,5.49,5.5,5.51,5.52,5.53,5.54,5.55,5.56,5.57,5.58,2200,2700,6900,26100,9100,60000,33400,16500,33200,15900,23400,33600,54300,62100,33700,36200,21900,6900,22600,4000
239.0,5.49,571500,3120461.0,5.48,5.47,5.46,5.45,5.44,5.43,5.42,5.4,5.39,5.38,5.49,5.5,5.51,5.52,5.53,5.54,5.55,5.56,5.57,5.58,2200,2700,6900,26100,9100,60000,33400,16500,33200,15900,23400,33600,54300,62100,33700,36200,22900,6900,22600,4000
240.0,5.48,571900,3122653.0,5.48,5.47,5.46,5.45,5.44,5.43,5.42,5.4,5.39,5.38,5.49,5.5,5.51,5.52,5.53,5.54,5.55,5.56,5.57,5.58,1800,2700,5000,26100,9100,60000,33400,16500,33200,15900,23400,33600,54300,62100,33700,36200,22900,6900,22600,4000
241.0,5.48,571900,3122653.0,5.48,5.47,5.46,5.45,5.44,5.43,5.42,5.4,5.39,5.38,5.49,5.5,5.51,5.52,5.53,5.54,5.55,5.56,5.57,5.58,3600,1400,5000,26100,9100,60000,33400,16500,33200,15900,23400,33600,54300,62100,33700,36200,22900,6900,22600,4000
242.0,5.48,576100,3145675.0,5.47,5.46,5.45,5.44,5.43,5.42,5.4,5.39,5.38,5.36,5.48,5.49,5.5,5.51,5.52,5.53,5.54,5.55,5.56,5.57,1400,5000,26100,9100,60000,33400,16500,33200,15900,16000,16400,32900,33600,54300,62100,33700,36200,22900,6900,22600
243.0,5.47,576400,3147316.0,5.47,5.46,5.45,5.44,5.43,5.42,5.4,5.39,5.38,5.36,5.48,5.49,5.5,5.51,5.52,5.53,5.54,5.55,5.56,5.57,1100,5000,26100,9100,60000,33400,16500,33200,15900,16000,17400,32900,33600,54300,62100,33700,36200,22900,6900,22600
244.0,5.47,576800,3149507.0,5.47,5.46,5.45,5.44,5.43,5.42,5.4,5.39,5.38,5.36,5.48,5.49,5.5,5.51,5.52,5.53,5.54,5.55,5.56,5.57,1000,5000,26100,9100,60000,33400,16500,33200,15900,16000,18400,33000,33600,54300,62100,33700,36200,22900,6900,22600
245.0,5.48,578800,3160467.0,5.47,5.46,5.45,5.44,5.43,5.42,5.4,5.39,5.38,5.36,5.48,5.49,5.5,5.51,5.52,5.53,5.54,5.55,5.56,5.57,1000,5000,26100,9100,60000,33400,16500,33200,15900,16000,17400,33000,33600,54300,62100,33700,36200,22900,6900,22600
246.0,5.48,578800,3160467.0,5.47,5.46,5.45,5.44,5.43,5.42,5.4,5.39,5.38,5.36,5.48,5.49,5.5,5.51,5.52,5.53,5.54,5.55,5.56,5.57,1000,5000,26100,9100,60000,33400,16500,33200,15900,16000,18000,38000,33600,54300,62100,33700,36200,22900,6900,22600
247.0,5.47,578900,3161014.0,5.47,5.46,5.45,5.44,5.43,5.42,5.4,5.39,5.38,5.36,5.48,5.49,5.5,5.51,5.52,5.53,5.54,5.55,5.56,5.57,900,5000,26100,9100,60000,33400,16500,33200,15900,16000,20000,38000,33600,54300,62100,33700,36200,22900,6900,22600
248.0,5.48,579000,3161562.0,5.47,5.46,5.45,5.44,5.43,5.42,5.4,5.39,5.38,5.36,5.48,5.49,5.5,5.51,5.52,5.53,5.54,5.55,5.56,5.57,900,5000,26100,9100,60000,33400,16500,33200,15900,16000,20600,43000,33600,54300,65100,33700,36200,22900,6900,22600
249.0,5.48,579000,3161562.0,5.47,5.46,5.45,5.44,5.43,5.42,5.4,5.39,5.38,5.36,5.48,5.49,5.5,5.51,5.52,5.53,5.54,5.55,5.56,5.57,900,5000,26100,9100,60000,33400,16500,33200,15900,16000,20600,43000,28600,54300,65100,33700,36200,22900,6900,22600
250.0,5.48,579000,3161562.0,5.47,5.46,5.45,5.44,5.43,5.42,5.4,5.39,5.38,5.36,5.48,5.49,5.5,5.51,5.52,5.53,5.54,5.55,5.56,5.57,900,5000,26100,9100,60000,33400,16500,33200,15900,16000,20600,44000,28600,54300,65100,35200,36200,22900,6900,22600
251.0,5.48,579000,3161562.0,5.47,5.46,5.45,5.44,5.43,5.42,5.4,5.39,5.38,5.36,5.48,5.49,5.5,5.51,5.52,5.53,5.54,5.55,5.56,5.57,900,5000,26100,9100,60000,33400,16500,33200,15900,16000,20600,44000,28600,54300,65100,35200,36200,22900,6900,22600
252.0,5.48,579000,3161562.0,5.47,5.46,5.45,5.44,5.43,5.42,5.4,5.39,5.38,5.36,5.48,5.49,5.5,5.51,5.52,5.53,5.54,5.55,5.56,5.57,900,5000,26100,9100,60000,33400,16500,33200,15900,16000,20600,44000,28600,54300,65100,35200,36200,22900,6900,22600
253.0,5.48,579000,3161562.0,5.47,5.46,5.45,5.44,5.43,5.42,5.4,5.39,5.38,5.36,5.48,5.49,5.5,5.51,5.52,5.53,5.54,5.55,5.56,5.57,900,5000,26100,9100,60000,33400,16500,33200,15900,16000,20600,44000,28600,54300,65100,35200,36200,22900,6900,22600
254.0,5.48,579000,3161562.0,5.47,5.46,5.45,5.44,5.43,5.42,5.4,5.39,5.38,5.36,5.48,5.49,5.5,5.51,5.52,5.53,5.54,5.55,5.56,5.57,900,5000,26100,9100,60000,33400,16500,33200,15900,16000,20700,53900,28600,54300,65100,35200,36200,22900,6900,22600
255.0,5.47,579100,3162109.0,5.47,5.46,5.45,5.44,5.43,5.42,5.4,5.39,5.38,5.36,5.48,5.49,5.5,5.51,5.52,5.53,5.54,5.55,5.56,5.57,800,5000,26100,9100,60000,33400,16500,33200,15900,16000,20700,53900,28600,54300,65100,35200,36200,22900,6900,22600
256.0,5.47,579100,3162109.0,5.47,5.46,5.45,5.44,5.43,5.42,5.4,5.39,5.38,5.36,5.48,5.49,5.5,5.51,5.52,5.53,5.54,5.55,5.56,5.57,800,5000,26100,9100,60000,33400,16500,33200,15900,16000,20700,53900,28600,54300,65100,35200,36200,22900,6900,22600
257.0,5.47,579100,3162109.0,5.47,5.46,5.45,5.44,5.43,5.42,5.4,5.39,5.38,5.36,5.48,5.49,5.5,5.51,5.52,5.53,5.54,5.55,5.56,5.57,800,5000,26100,9100,60000,33400,16500,33200,15900,16000,20700,53900,28600,54300,65100,35200,36200,22900,6900,22600
258.0,5.47,579100,3162109.0,5.47,5.46,5.45,5.44,5.43,5.42,5.4,5.39,5.38,5.36,5.48,5.49,5.5,5.51,5.52,5.53,5.54,5.55,5.56,5.57,800,5000,26100,9100,60000,33400,16500,33200,15900,16000,20700,53900,28600,54300,65100,35200,36200,22900,6900,22600
259.0,5.47,579100,3162109.0,5.47,5.46,5.45,5.44,5.43,5.42,5.4,5.39,5.38,5.36,5.48,5.49,5.5,5.51,5.52,5.53,5.54,5.55,5.56,5.57,2700,5000,26100,9100,60000,33400,16500,33200,15900,16000,20700,53900,28600,56300,65100,35200,36200,22900,6900,22600
260.0,5.48,579700,3165397.0,5.47,5.46,5.45,5.44,5.43,5.42,5.4,5.39,5.38,5.36,5.48,5.49,5.5,5.51,5.52,5.53,5.54,5.55,5.56,5.57,2700,5000,26100,9100,60000,33400,16500,33200,15900,16000,20100,53900,28600,56300,65100,35200,36200,22900,6900,22600
261.0,5.47,579900,3166491.0,5.47,5.46,5.45,5.44,5.43,5.42,5.4,5.39,5.38,5.36,5.48,5.49,5.5,5.51,5.52,5.53,5.54,5.55,5.56,5.57,2500,5000,26100,9100,60000,33400,16500,33200,15900,16000,20100,53900,28600,56300,70100,35200,32700,22900,6900,22600
262.0,5.47,579900,3166491.0,5.47,5.46,5.45,5.44,5.43,5.42,5.4,5.39,5.38,5.36,5.48,5.49,5.5,5.51,5.52,5.53,5.54,5.55,5.56,5.57,2500,5000,26100,9100,60000,33400,16500,33200,15900,16000,40100,53900,28600,56300,70100,35200,32700,22900,6900,22600
263.0,5.47,580100,3167585.0,5.47,5.46,5.45,5.44,5.43,5.42,5.4,5.39,5.38,5.36,5.48,5.49,5.5,5.51,5.52,5.53,5.54,5.55,5.56,5.57,2600,5000,26100,9100,60000,33400,16500,33200,15900,16000,40100,53900,28600,56300,70100,35200,32700,22900,6900,22600
264.0,5.47,580300,3168679.0,5.47,5.46,5.45,5.44,5.43,5.42,5.4,5.39,5.38,5.36,5.48,5.49,5.5,5.51,5.52,5.53,5.54,5.55,5.56,5.57,2400,5000,26100,9100,60000,35300,16500,33200,15900,16000,41700,54900,28600,56300,70100,35200,32700,22900,6900,22600
265.0,5.47,580300,3168679.0,5.47,5.46,5.45,5.44,5.43,5.42,5.4,5.39,5.38,5.36,5.48,5.49,5.5,5.51,5.52,5.53,5.54,5.55,5.56,5.57,5000,5000,26100,9100,60000,35300,16500,33200,15900,16000,41700,54900,28600,56300,70100,35200,32700,22900,6900,22600
266.0,5.47,583300,3185089.0,5.47,5.46,5.45,5.44,5.43,5.42,5.4,5.39,5.38,5.36,5.48,5.49,5.5,5.51,5.52,5.53,5.54,5.55,5.56,5.57,2000,5000,26100,9100,60000,35300,16500,33200,15900,16000,41700,55300,28600,56300,70100,35200,32700,22900,6900,22600
267.0,5.48,585200,3195497.0,5.47,5.46,5.45,5.44,5.43,5.42,5.4,5.39,5.38,5.36,5.48,5.49,5.5,5.51,5.52,5.53,5.54,5.55,5.56,5.57,1600,4900,26100,9100,60000,35300,16500,33200,15900,16000,40200,55300,28600,56300,70100,35200,32700,22900,6900,22600
268.0,5.47,587000,3205345.0,5.46,5.45,5.44,5.43,5.42,5.4,5.39,5.38,5.36,5.35,5.47,5.48,5.49,5.5,5.51,5.52,5.53,5.54,5.55,5.56,4900,26100,9100,60000,35300,16500,33200,15900,16000,17800,700,47000,56700,28600,56300,70100,35200,34700,22900,6900
269.0,5.48,622600,3400416.0,5.46,5.45,5.44,5.43,5.42,5.4,5.39,5.38,5.36,5.35,5.48,5.49,5.5,5.51,5.52,5.53,5.54,5.55,5.56,5.57,5900,26100,9100,60000,35300,16500,33200,15900,16000,17800,13100,56700,28600,26300,70100,33700,34700,22900,6900,22600
270.0,5.48,623300,3404242.0,5.46,5.45,5.44,5.43,5.42,5.4,5.39,5.38,5.36,5.35,5.48,5.49,5.5,5.51,5.52,5.53,5.54,5.55,5.56,5.57,8600,26100,9100,60000,35300,16500,33200,15900,16000,17800,16100,56700,28600,26300,70100,33700,34700,22900,6900,22600
271.0,5.46,624100,3408610.0,5.47,5.46,5.45,5.44,5.43,5.42,5.4,5.39,5.38,5.36,5.48,5.49,5.5,5.51,5.52,5.53,5.54,5.55,5.56,5.57,1800,7800,26100,9100,60000,35300,16500,33200,15900,16000,16100,56700,28600,26300,70100,33700,34700,22900,6900,22600
272.0,5.48,640200,3496838.0,5.48,5.47,5.46,5.45,5.44,5.43,5.42,5.4,5.39,5.38,5.49,5.5,5.51,5.52,5.53,5.54,5.55,5.56,5.57,5.58,4200,1800,7800,26100,9100,60000,35300,16500,33200,15900,56600,28600,26300,70100,33700,34700,22900,6900,22600,4000
273.0,5.48,640200,3496838.0,5.48,5.47,5.46,5.45,5.44,5.43,5.42,5.4,5.39,5.38,5.49,5.5,5.51,5.52,5.53,5.54,5.55,5.56,5.57,5.58,4200,1800,7800,26100,9100,60000,35300,16500,33200,15900,56600,29400,26300,70100,33700,34700,22900,6900,22600,4000
274.0,5.48,640700,3499578.0,5.48,5.47,5.46,5.45,5.44,5.43,5.42,5.4,5.39,5.38,5.49,5.5,5.51,5.52,5.53,5.54,5.55,5.56,5.57,5.58,3700,1800,7800,26100,9100,60000,35300,16500,33200,15900,63600,29400,26300,70100,33700,34700,22900,6900,22600,4000
275.0,5.49,644700,3521504.0,5.48,5.47,5.46,5.45,5.44,5.43,5.42,5.4,5.39,5.38,5.49,5.5,5.51,5.52,5.53,5.54,5.55,5.56,5.57,5.58,300,1800,7800,26100,9100,60000,35300,16500,33200,15900,63000,29400,26300,70100,33700,34700,22900,6900,22600,4000
276.0,5.49,644700,3521504.0,5.48,5.47,5.46,5.45,5.44,5.43,5.42,5.4,5.39,5.38,5.49,5.5,5.51,5.52,5.53,5.54,5.55,5.56,5.57,5.58,300,1800,7800,26100,9100,60000,35300,16500,33200,15900,63000,29400,26300,70100,33700,34700,22900,6900,22600,4000
277.0,5.49,644700,3521504.0,5.48,5.47,5.46,5.45,5.44,5.43,5.42,5.4,5.39,5.38,5.49,5.5,5.51,5.52,5.53,5.54,5.55,5.56,5.57,5.58,300,1800,7800,26100,9100,60000,35300,16500,33200,15900,63000,31800,26300,70100,33700,34700,22900,6900,22600,4000
278.0,5.49,644800,3522053.0,5.48,5.47,5.46,5.45,5.44,5.43,5.42,5.4,5.39,5.38,5.49,5.5,5.51,5.52,5.53,5.54,5.55,5.56,5.57,5.58,300,1800,7800,26100,9100,60000,35300,16500,33200,15900,62900,31800,26300,70100,33700,34700,22900,6900,22600,5000
279.0,5.48,650300,3552202.0,5.47,5.46,5.45,5.44,5.43,5.42,5.4,5.39,5.38,5.36,5.48,5.49,5.5,5.51,5.52,5.53,5.54,5.55,5.56,5.57,1800,7800,26100,9100,60000,35300,16500,33200,15900,16000,3400,82000,31800,26300,70100,33700,34700,22900,6900,22600
280.0,5.48,650300,3552202.0,5.47,5.46,5.45,5.44,5.43,5.42,5.4,5.39,5.38,5.36,5.48,5.49,5.5,5.51,5.52,5.53,5.54,5.55,5.56,5.57,1800,7800,26100,9100,60000,35300,16500,33200,15900,16000,3400,82000,31800,26300,70100,33700,34700,22900,6900,22600
281.0,5.48,650300,3552202.0,5.47,5.46,5.45,5.44,5.43,5.42,5.4,5.39,5.38,5.36,5.48,5.49,5.5,5.51,5.52,5.53,5.54,5.55,5.56,5.57,1800,7800,26100,9100,60000,35300,16500,33200,15900,16000,3400,82000,31800,26300,70100,33700,34700,22900,6900,22600
282.0,5.47,650400,3552749.0,5.47,5.46,5.45,5.44,5.43,5.42,5.4,5.39,5.38,5.36,5.48,5.49,5.5,5.51,5.52,5.53,5.54,5.55,5.56,5.57,1700,7800,26100,9100,60000,35300,16500,33200,15900,16000,3400,82000,31800,26300,70100,33700,34700,22900,6900,22600
283.0,5.47,650400,3552749.0,5.47,5.46,5.45,5.44,5.43,5.42,5.4,5.39,5.38,5.36,5.48,5.49,5.5,5.51,5.52,5.53,5.54,5.55,5.56,5.57,1700,7800,26100,9100,60000,35300,16500,33200,15900,16000,3400,82000,31800,26300,70100,33700,34700,22900,6900,22600
284.0,5.47,650400,3552749.0,5.47,5.46,5.45,5.44,5.43,5.42,5.4,5.39,5.38,5.36,5.48,5.49,5.5,5.51,5.52,5.53,5.54,5.55,5.56,5.57,1700,7800,26100,9100,60000,35300,16500,33200,15900,16000,3400,82000,31800,26300,70100,33700,34700,22900,6900,22600
285.0,5.47,650600,3553843.0,5.47,5.46,5.45,5.44,5.43,5.42,5.4,5.39,5.38,5.36,5.48,5.49,5.5,5.51,5.52,5.53,5.54,5.55,5.56,5.57,1500,7800,26100,9100,60000,35300,16500,33200,15900,16000,3400,82000,31800,26300,70100,33700,34700,22900,6900,22600
286.0,5.47,650600,3553843.0,5.47,5.46,5.45,5.44,5.43,5.42,5.4,5.39,5.38,5.36,5.48,5.49,5.5,5.51,5.52,5.53,5.54,5.55,5.56,5.57,1500,7800,26100,9100,60000,35300,16500,33200,15900,16000,3400,82000,31800,26300,70100,33700,34700,22900,6900,22600
287.0,5.47,650600,3553843.0,5.47,5.46,5.45,5.44,5.43,5.42,5.4,5.39,5.38,5.36,5.48,5.49,5.5,5.51,5.52,5.53,5.54,5.55,5.56,5.57,1500,7800,26100,9100,60000,35300,16500,33200,15900,16000,3400,82000,31800,26300,70100,33700,34700,22900,6900,22600
288.0,5.47,650600,3553843.0,5.47,5.46,5.45,5.44,5.43,5.42,5.4,5.39,5.38,5.36,5.48,5.49,5.5,5.51,5.52,5.53,5.54,5.55,5.56,5.57,1500,7800,26100,9100,60000,35300,16500,33200,15900,16000,3400,82000,33300,26300,70100,33700,34700,22900,6900,22600
289.0,5.47,650700,3554390.0,5.47,5.46,5.45,5.44,5.43,5.42,5.4,5.39,5.38,5.36,5.48,5.49,5.5,5.51,5.52,5.53,5.54,5.55,5.56,5.57,1400,7800,26100,9100,60000,35300,16500,33200,15900,16000,3400,82000,33300,26300,70100,33700,34700,22900,6900,22600
290.0,5.48,654300,3574116.0,5.48,5.47,5.46,5.45,5.44,5.43,5.42,5.4,5.39,5.38,5.49,5.5,5.51,5.52,5.53,5.54,5.55,5.56,5.57,5.58,10400,1200,7800,26100,9100,60000,35300,16500,33200,15900,82000,33300,26300,70100,33700,34700,22900,6900,22600,5000
291.0,5.49,654900,3577410.0,5.48,5.47,5.46,5.45,5.44,5.43,5.42,5.4,5.39,5.38,5.49,5.5,5.51,5.52,5.53,5.54,5.55,5.56,5.57,5.58,10400,1200,7800,26100,9100,60000,35300,16500,33200,15900,81400,33300,26300,70100,33700,34700,22900,6900,22600,5000
292.0,5.48,655900,3582890.0,5.48,5.47,5.46,5.45,5.44,5.43,5.42,5.4,5.39,5.38,5.49,5.5,5.51,5.52,5.53,5.54,5.55,5.56,5.57,5.58,9400,1200,7800,26100,9100,60000,35300,16500,33200,15900,86400,33300,26300,70100,33700,34700,22900,6900,22600,5000
293.0,5.49,660300,3607037.0,5.48,5.47,5.46,5.45,5.44,5.43,5.42,5.4,5.39,5.38,5.49,5.5,5.51,5.52,5.53,5.54,5.55,5.56,5.57,5.58,15200,1200,7800,26100,9100,60000,33200,16500,33200,15900,97400,33300,26300,70100,33700,34700,22900,6900,22600,5000
294.0,5.49,660300,3607037.0,5.48,5.47,5.46,5.45,5.44,5.43,5.42,5.4,5.39,5.38,5.49,5.5,5.51,5.52,5.53,5.54,5.55,5.56,5.57,5.58,6700,1200,7800,26100,9100,60000,33200,16500,33200,15900,97400,33300,26300,70100,33700,34700,22900,6900,22600,5000
295.0,5.49,660300,3607037.0,5.48,5.47,5.46,5.45,5.44,5.43,5.42,5.4,5.39,5.38,5.49,5.5,5.51,5.52,5.53,5.54,5.55,5.56,5.57,5.58,9000,1200,7800,26100,9100,60000,33200,16500,33200,15900,97400,33300,26300,70100,33700,34700,22900,6900,22600,5000
296.0,5.48,661200,3611969.0,5.48,5.47,5.46,5.45,5.44,5.43,5.42,5.4,5.39,5.38,5.49,5.5,5.51,5.52,5.53,5.54,5.55,5.56,5.57,5.58,8100,1200,7800,26100,9100,60000,33200,16500,33200,15900,97400,33300,26300,70100,33700,34700,22900,6900,22600,5000
297.0,5.48,663200,3622929.0,5.48,5.47,5.46,5.45,5.44,5.43,5.42,5.4,5.39,5.38,5.49,5.5,5.51,5.52,5.53,5.54,5.55,5.56,5.57,5.58,7200,1200,7800,26100,9100,60000,33200,16500,33200,15900,97400,35300,26300,70100,33700,34700,22900,6900,22600,5000
298.0,5.48,663200,3622929.0,5.48,5.47,5.46,5.45,5.44,5.43,5.42,5.4,5.39,5.38,5.49,5.5,5.51,5.52,5.53,5.54,5.55,5.56,5.57,5.58,7200,1200,7800,26100,9100,60000,33200,16500,33200,15900,97400,35300,26300,70100,33700,34700,22900,9900,22600,5000
299.0,5.48,663200,3622929.0,5.48,5.47,5.46,5.45,5.44,5.43,5.42,5.4,5.39,5.38,5.49,5.5,5.51,5.52,5.53,5.54,5.55,5.56,5.57,5.58,7700,1200,7800,26100,9100,60000,33200,16500,33200,15900,97400,35300,26300,70100,33700,34700,22900,9900,22600,5000
300.0,5.48,664600,3630601.0,5.48,5.47,5.46,5.45,5.44,5.43,5.42,5.4,5.39,5.38,5.49,5.5,5.51,5.52,5.53,5.54,5.55,5.56,5.57,5.58,19800,1200,7800,26100,9100,60000,33200,16500,33200,15900,97400,35300,26300,70100,33700,34700,22900,9900,22600,5000
301.0,5.48,665600,3636081.0,5.48,5.46,5.45,5.44,5.43,5.42,5.4,5.39,5.38,5.36,5.49,5.5,5.51,5.52,5.53,5.54,5.55,5.56,5.57,5.58,21100,7800,26100,9100,60000,33200,16500,33200,15900,16000,97400,35400,26300,70100,33700,34700,22900,9900,22600,5000
302.0,5.48,669200,3655809.0,5.48,5.46,5.45,5.44,5.43,5.42,5.4,5.39,5.38,5.36,5.49,5.5,5.51,5.52,5.53,5.54,5.55,5.56,5.57,5.58,17500,7800,26100,9100,60000,33200,16500,33200,15900,16000,97400,35400,26300,70100,33700,34700,22900,9900,22600,5000
303.0,5.48,670900,3665125.0,5.48,5.46,5.45,5.44,5.43,5.42,5.4,5.39,5.38,5.36,5.49,5.5,5.51,5.52,5.53,5.54,5.55,5.56,5.57,5.58,15800,7800,26100,9100,60000,33200,20000,33200,15900,16000,97400,35400,26300,70100,33700,34700,22900,9900,22600,5000
304.0,5.49,671000,3665674.0,5.48,5.46,5.45,5.44,5.43,5.42,5.4,5.39,5.38,5.36,5.49,5.5,5.51,5.52,5.53,5.54,5.55,5.56,5.57,5.58,15800,7800,26100,9100,60000,33200,20000,33200,15900,16000,97300,35400,29300,70100,33700,34700,22900,9900,22600,5000
305.0,5.49,671000,3665674.0,5.48,5.46,5.45,5.44,5.43,5.42,5.4,5.39,5.38,5.37,5.49,5.5,5.51,5.52,5.53,5.54,5.55,5.56,5.57,5.58,15800,7800,26100,9100,60000,33200,20000,33200,15900,500,97300,35400,29300,70100,33700,34700,22900,9900,22600,5000
306.0,5.49,671000,3665674.0,5.48,5.46,5.45,5.44,5.43,5.42,5.4,5.39,5.38,5.37,5.49,5.5,5.51,5.52,5.53,5.54,5.55,5.56,5.57,5.58,15800,7800,26100,9100,60000,33200,20000,33200,15900,500,97300,35400,29300,70100,33700,34700,22900,9900,22600,5000
307.0,5.48,672500,3673894.0,5.48,5.47,5.46,5.45,5.44,5.43,5.42,5.4,5.39,5.38,5.49,5.5,5.51,5.52,5.53,5.54,5.55,5.56,5.57,5.58,14300,13200,7800,26100,9100,60000,33200,20000,33200,15900,126900,35400,29300,70100,33700,34700,22900,9900,22600,5000
308.0,5.48,676200,3694170.0,5.48,5.47,5.46,5.45,5.44,5.43,5.42,5.4,5.39,5.38,5.49,5.5,5.51,5.52,5.53,5.54,5.55,5.56,5.57,5.58,19300,13200,7800,26100,9100,60000,33200,20000,33200,15900,126900,35400,29300,70100,33700,34700,22900,9900,22600,5000
309.0,5.48,676200,3694170.0,5.48,5.47,5.46,5.45,5.44,5.43,5.42,5.4,5.39,5.38,5.49,5.5,5.51,5.52,5.53,5.54,5.55,5.56,5.57,5.58,19300,13200,7800,26100,9100,60000,33200,20000,33200,15900,126900,35200,29300,70100,33700,34700,22900,9900,22600,5000
310.0,5.48,678000,3704034.0,5.48,5.47,5.46,5.45,5.44,5.43,5.42,5.4,5.39,5.38,5.49,5.5,5.51,5.52,5.53,5.54,5.55,5.56,5.57,5.58,18900,13200,7800,26100,9100,60000,33200,20000,33200,15900,126900,35200,29300,70100,33700,34700,22900,9900,22600,5000
311.0,5.49,678200,3705132.0,5.48,5.47,5.46,5.45,5.44,5.43,5.42,5.4,5.39,5.38,5.49,5.5,5.51,5.52,5.53,5.54,5.55,5.56,5.57,5.58,18900,13200,7800,26100,9100,60000,33200,20000,33200,15900,127700,35200,29300,70100,33700,34700,22900,9900,22600,5000
312.0,5.49,678200,3705132.0,5.48,5.47,5.46,5.45,5.44,5.43,5.42,5.4,5.39,5.38,5.49,5.5,5.51,5.52,5.53,5.54,5.55,5.56,5.57,5.58,18900,13200,7800,26100,9100,60000,33200,20000,33200,15900,127700,35200,29300,70100,33700,34700,22900,9900,22600,5000
313.0,5.49,678400,3706230.0,5.48,5.47,5.46,5.45,5.44,5.43,5.42,5.4,5.39,5.38,5.49,5.5,5.51,5.52,5.53,5.54,5.55,5.56,5.57,5.58,18900,13200,7800,26100,9100,60000,33200,20000,33200,15900,127500,35200,29300,70100,33700,34700,22900,9900,22600,5000
314.0,5.48,683800,3735822.0,5.48,5.47,5.46,5.45,5.44,5.43,5.42,5.4,5.39,5.38,5.49,5.5,5.51,5.52,5.53,5.54,5.55,5.56,5.57,5.58,13500,13200,7800,26100,9100,60000,33200,20000,33200,15900,127500,35200,29300,70100,33700,34700,22900,9900,22600,5000
315.0,5.48,683800,3735822.0,5.48,5.47,5.46,5.45,5.44,5.43,5.42,5.4,5.39,5.38,5.49,5.5,5.51,5.52,5.53,5.54,5.55,5.56,5.57,5.58,13500,13200,7800,26100,9100,60000,33200,20000,33200,15900,127500,34800,29300,70100,33700,34700,22900,9900,22600,5000
316.0,5.48,690100,3770346.0,5.48,5.47,5.46,5.45,5.44,5.43,5.42,5.4,5.39,5.38,5.49,5.5,5.51,5.52,5.53,5.54,5.55,5.56,5.57,5.58,7700,13200,7800,26100,9100,60000,33200,20000,33200,15900,127500,34800,29300,70100,33700,34700,22900,9900,22600,5000
317.0,5.48,690800,3774182.0,5.48,5.47,5.46,5.45,5.44,5.43,5.42,5.4,5.39,5.38,5.49,5.5,5.51,5.52,5.53,5.54,5.55,5.56,5.57,5.58,7000,13200,7800,26100,9100,60000,33200,20000,33200,15900,127500,34800,29300,70100,33700,34700,22900,9900,22600,5000
318.0,5.48,690800,3774182.0,5.48,5.47,5.46,5.45,5.44,5.43,5.42,5.4,5.39,5.38,5.49,5.5,5.51,5.52,5.53,5.54,5.55,5.56,5.57,5.58,7000,13200,7800,26100,9100,60000,33200,20000,33200,15900,127500,34800,29300,70100,33700,34700,22900,9900,22600,5000
319.0,5.48,690800,3774182.0,5.48,5.47,5.46,5.45,5.44,5.43,5.42,5.4,5.39,5.38,5.49,5.5,5.51,5.52,5.53,5.54,5.55,5.56,5.57,5.58,7000,13200,7800,26100,9100,60000,33200,20000,33200,15900,127500,45900,29300,70100,33700,34700,22900,9900,22600,5000
320.0,5.48,690800,3774182.0,5.48,5.47,5.46,5.45,5.44,5.43,5.42,5.4,5.39,5.38,5.49,5.5,5.51,5.52,5.53,5.54,5.55,5.56,5.57,5.58,7100,13200,7800,26100,9100,60000,33200,20000,33200,15900,127500,45900,29300,70100,33700,34700,22900,9900,22600,5000
321.0,5.48,691500,3778018.0,5.48,5.47,5.46,5.45,5.44,5.43,5.42,5.4,5.39,5.38,5.49,5.5,5.51,5.52,5.53,5.54,5.55,5.56,5.57,5.58,6800,13200,7800,26100,9100,60000,33200,20000,33200,15900,127500,45900,29300,70100,33700,34700,22900,9900,23000,5000
322.0,5.48,701100,3830626.0,5.47,5.46,5.45,5.44,5.43,5.42,5.4,5.39,5.38,5.37,5.48,5.49,5.5,5.51,5.52,5.53,5.54,5.55,5.56,5.57,13200,7800,26100,9100,60000,33200,20000,33200,15900,500,400,127500,45900,29300,70100,33700,34700,22900,9900,23000
323.0,5.49,707000,3862987.0,5.48,5.47,5.46,5.45,5.44,5.43,5.42,5.4,5.39,5.38,5.49,5.5,5.51,5.52,5.53,5.54,5.55,5.56,5.57,5.58,1500,11900,7800,26100,9100,60000,33200,20000,33200,15900,123300,45900,29300,70100,33700,34700,22900,9900,23000,5000
324.0,5.48,707100,3863535.0,5.48,5.47,5.46,5.45,5.44,5.43,5.42,5.4,5.39,5.38,5.49,5.5,5.51,5.52,5.53,5.54,5.55,5.56,5.57,5.58,15500,11900,7800,26100,9100,60000,33200,20000,33200,15900,123300,45900,31300,70100,33700,34700,22900,9900,23000,5000
325.0,5.49,708500,3871221.0,5.48,5.47,5.46,5.45,5.44,5.43,5.42,5.4,5.39,5.38,5.49,5.5,5.51,5.52,5.53,5.54,5.55,5.56,5.57,5.58,16000,11900,7800,26100,9100,60000,33200,20000,33200,15900,121700,45900,31300,70100,33700,34700,22900,9900,23000,5000
326.0,5.48,711700,3888757.0,5.48,5.47,5.46,5.45,5.44,5.43,5.42,5.4,5.39,5.38,5.49,5.5,5.51,5.52,5.53,5.54,5.55,5.56,5.57,5.58,13500,11900,7800,26100,9100,60000,33200,20000,33200,15900,121700,45900,31300,70100,33700,34700,22900,9900,23000,5000
327.0,5.48,711700,3888757.0,5.48,5.47,5.46,5.45,5.44,5.43,5.42,5.4,5.39,5.38,5.49,5.5,5.51,5.52,5.53,5.54,5.55,5.56,5.57,5.58,13500,11900,7800,26100,9100,60000,33200,20000,33200,15900,122100,45900,31300,70100,33700,34700,22900,9900,23000,5000
328.0,5.48,713000,3895881.0,5.48,5.47,5.46,5.45,5.44,5.43,5.42,5.4,5.39,5.38,5.49,5.5,5.51,5.52,5.53,5.54,5.55,5.56,5.57,5.58,15100,11900,7800,26100,9100,60000,33200,20000,33200,15900,122100,45900,31300,70100,33700,34700,22900,9900,23000,5000
329.0,5.49,731400,3996897.0,5.48,5.47,5.46,5.45,5.44,5.43,5.42,5.4,5.39,5.38,5.49,5.5,5.51,5.52,5.53,5.54,5.55,5.56,5.57,5.58,15300,11900,7800,26100,9100,60000,33200,20000,33200,15900,103700,45900,31300,70100,33700,34700,22900,9900,23000,5000
330.0,5.5,839600,4590960.0,5.49,5.48,5.47,5.46,5.45,5.44,5.43,5.42,5.4,5.39,5.5,5.51,5.52,5.53,5.54,5.55,5.56,5.57,5.58,5.59,3400,15300,11900,7800,26100,7500,60000,33200,20000,33200,41300,29300,70100,33700,34700,22900,9900,23000,5000,124100
331.0,5.5,881200,4819757.0,5.49,5.48,5.47,5.46,5.45,5.44,5.43,5.42,5.4,5.39,5.51,5.52,5.53,5.54,5.55,5.56,5.57,5.58,5.59,5.6,4900,15300,11900,7800,26100,7500,60000,33200,20000,33200,29300,70100,33700,34700,22900,9900,23000,5000,124100,22600
332.0,5.5,882300,4825803.0,5.49,5.48,5.47,5.46,5.45,5.44,5.43,5.42,5.4,5.39,5.51,5.52,5.53,5.54,5.55,5.56,5.57,5.58,5.59,5.6,4700,17100,11900,7800,26100,7500,60000,33200,20000,33200,29400,70100,33700,34700,22900,9900,23000,5000,124100,22600
333.0,5.49,887400,4853802.0,5.49,5.48,5.47,5.46,5.45,5.44,5.43,5.42,5.4,5.39,5.5,5.51,5.52,5.53,5.54,5.55,5.56,5.57,5.58,5.59,1100,17100,11900,7800,26100,7500,60000,33200,20000,33200,100,31000,70100,33700,34700,22900,9900,23000,5000,124100
334.0,5.49,887400,4853802.0,5.49,5.48,5.47,5.46,5.45,5.44,5.43,5.42,5.4,5.39,5.5,5.51,5.52,5.53,5.54,5.55,5.56,5.57,5.58,5.59,1100,17100,11900,7800,26100,7500,60000,33200,20000,33200,100,31000,70100,33700,34700,24900,9900,23000,5000,124100
335.0,5.49,887500,4854351.0,5.49,5.48,5.47,5.46,5.45,5.44,5.43,5.42,5.4,5.39,5.5,5.51,5.52,5.53,5.54,5.55,5.56,5.57,5.58,5.59,3300,16200,11900,9300,26100,7500,60000,33200,20000,33200,100,31000,70100,33700,34700,24900,9900,23000,5000,124100
336.0,5.49,894500,4892781.0,5.49,5.48,5.47,5.46,5.45,5.44,5.43,5.42,5.4,5.39,5.5,5.51,5.52,5.53,5.54,5.55,5.56,5.57,5.58,5.59,8200,13700,11900,9300,26100,7500,60000,33200,20000,33200,100,31000,70100,33700,34700,24900,9900,23000,5000,124100
337.0,5.49,894500,4892781.0,5.49,5.48,5.47,5.46,5.45,5.44,5.43,5.42,5.4,5.39,5.5,5.51,5.52,5.53,5.54,5.55,5.56,5.57,5.58,5.59,8200,13700,11900,9300,26100,7500,60000,33200,20000,33200,100,31000,70100,33700,34700,24900,9900,23000,5000,124100
338.0,5.51,896600,4904319.0,5.49,5.48,5.47,5.46,5.45,5.44,5.43,5.42,5.4,5.39,5.51,5.52,5.53,5.54,5.55,5.56,5.57,5.58,5.59,5.6,6600,13700,11900,9300,26100,7500,60000,33200,20000,33200,30600,70100,33700,34700,41100,9900,23000,5000,124100,22600
339.0,5.49,897800,4910907.0,5.49,5.48,5.47,5.46,5.45,5.44,5.43,5.42,5.4,5.39,5.51,5.52,5.53,5.54,5.55,5.56,5.57,5.58,5.59,5.6,5400,13700,11900,9300,26100,7500,60000,33200,20000,33200,30600,70100,33700,34700,51100,9900,23000,5000,124100,22600
340.0,5.49,897800,4910907.0,5.49,5.48,5.47,5.46,5.45,5.44,5.43,5.42,5.4,5.39,5.5,5.51,5.52,5.53,5.54,5.55,5.56,5.57,5.58,5.59,5400,13700,11900,9300,26100,7500,60000,33200,20000,33200,200,30600,70100,33700,34700,51100,9900,23000,5000,124100
341.0,5.49,918000,5021820.0,5.49,5.48,5.47,5.46,5.45,5.44,5.43,5.42,5.4,5.39,5.51,5.52,5.53,5.54,5.55,5.56,5.57,5.58,5.59,5.6,3500,13700,11900,9300,26100,7500,60000,33200,20000,33200,32200,70100,33700,34700,51100,9900,23000,5000,124100,22600
342.0,5.49,921000,5038344.0,5.49,5.48,5.47,5.46,5.45,5.44,5.43,5.42,5.4,5.39,5.51,5.52,5.53,5.54,5.55,5.56,5.57,5.58,5.59,5.6,3200,13700,11900,9300,26100,7500,60000,33200,20000,33200,29500,70100,33700,34700,51100,9900,23000,5000,124100,22600
343.0,5.49,921000,5038344.0,5.49,5.48,5.47,5.46,5.45,5.44,5.43,5.42,5.4,5.39,5.51,5.52,5.53,5.54,5.55,5.56,5.57,5.58,5.59,5.6,3200,13700,11900,9300,26100,7500,60000,33200,20000,33200,29500,70100,33700,34700,51100,9900,23000,5000,124100,22600
344.0,5.51,921600,5041650.0,5.49,5.48,5.47,5.46,5.45,5.44,5.43,5.42,5.4,5.39,5.51,5.52,5.53,5.54,5.55,5.56,5.57,5.58,5.59,5.6,9100,13700,11900,9300,26100,7500,60000,33200,20000,33200,34800,70100,33700,34700,51100,9900,23000,5000,124100,22600
345.0,5.51,921600,5041650.0,5.49,5.48,5.47,5.46,5.45,5.44,5.43,5.42,5.4,5.39,5.51,5.52,5.53,5.54,5.55,5.56,5.57,5.58,5.59,5.6,9100,13700,11900,9300,26100,7500,60000,33200,20000,33200,34800,70100,33700,34700,51100,9900,23000,5000,124100,22600
346.0,5.49,923400,5051532.0,5.49,5.48,5.47,5.46,5.45,5.44,5.43,5.42,5.4,5.39,5.51,5.52,5.53,5.54,5.55,5.56,5.57,5.58,5.59,5.6,7300,13700,11900,9300,26100,7500,60000,31300,20000,33200,34800,70100,33700,34700,51100,9900,23000,5000,124100,22600
347.0,5.49,923400,5051532.0,5.49,5.48,5.47,5.46,5.45,5.44,5.43,5.42,5.4,5.39,5.51,5.52,5.53,5.54,5.55,5.56,5.57,5.58,5.59,5.6,7300,13700,11900,9300,26100,7500,60000,31300,20000,33200,34800,70100,33700,34700,41100,9900,23000,5000,124100,22600
348.0,5.49,923400,5051532.0,5.49,5.48,5.47,5.46,5.45,5.44,5.43,5.42,5.4,5.39,5.51,5.52,5.53,5.54,5.55,5.56,5.57,5.58,5.59,5.6,13300,13700,11900,9300,26100,7500,60000,31300,20000,33200,40800,70100,33700,35700,41100,9900,23000,5000,124100,22600
349.0,5.49,924700,5058669.0,5.49,5.48,5.47,5.46,5.45,5.44,5.43,5.42,5.4,5.39,5.51,5.52,5.53,5.54,5.55,5.56,5.57,5.58,5.59,5.6,12000,13700,11900,9300,26100,7500,60000,31300,20000,33200,40800,70100,33700,35700,41100,9900,23000,5000,124100,22600
350.0,5.49,927100,5071845.0,5.49,5.48,5.47,5.46,5.45,5.44,5.43,5.42,5.4,5.39,5.51,5.52,5.53,5.54,5.55,5.56,5.57,5.58,5.59,5.6,9600,13700,11900,9300,26100,7500,60000,31300,20000,33200,45800,70100,33700,35700,41100,9900,23000,5000,124100,22600
351.0,5.49,928000,5076794.0,5.49,5.48,5.47,5.46,5.45,5.44,5.43,5.42,5.4,5.39,5.51,5.52,5.53,5.54,5.55,5.56,5.57,5.58,5.59,5.6,17800,13700,11900,9300,26100,7500,60000,31300,20000,33200,52000,70100,34200,35700,41100,9900,23000,5000,124100,22600
352.0,5.51,930100,5088328.0,5.49,5.48,5.47,5.46,5.45,5.44,5.43,5.42,5.4,5.39,5.51,5.52,5.53,5.54,5.55,5.56,5.57,5.58,5.59,5.6,16100,13700,11900,9300,26100,7500,60000,31300,20000,33200,51900,70100,34200,35700,41100,9900,23000,5000,124100,22600
353.0,5.51,930100,5088328.0,5.49,5.48,5.47,5.46,5.45,5.44,5.43,5.42,5.4,5.39,5.51,5.52,5.53,5.54,5.55,5.56,5.57,5.58,5.59,5.6,16100,13700,11900,9300,26100,7500,60000,31300,20000,33200,51900,70100,34200,36700,41100,9900,23000,5000,124100,22600
354.0,5.51,932700,5102622.0,5.5,5.49,5.48,5.47,5.46,5.45,5.44,5.43,5.42,5.4,5.51,5.52,5.53,5.54,5.55,5.56,5.57,5.58,5.59,5.6,1600,18800,11600,11900,9300,26100,7500,60000,31300,20000,55200,70100,34200,36700,41100,9900,23000,5000,124100,32600
355.0,5.51,932700,5102622.0,5.5,5.49,5.48,5.47,5.46,5.45,5.44,5.43,5.42,5.4,5.51,5.52,5.53,5.54,5.55,5.56,5.57,5.58,5.59,5.6,1600,18800,11600,11900,9300,26100,7500,60000,31300,20000,55200,70100,34200,36700,41100,9900,23000,5000,129900,32600
356.0,5.51,933100,5104826.0,5.5,5.49,5.48,5.47,5.46,5.45,5.44,5.43,5.42,5.4,5.51,5.52,5.53,5.54,5.55,5.56,5.57,5.58,5.59,5.6,2100,20500,11600,11900,9300,10200,7500,60000,31300,20000,54800,70100,34200,36700,41100,9900,23000,5000,129900,32600
357.0,5.51,933100,5104826.0,5.5,5.49,5.48,5.47,5.46,5.45,5.44,5.43,5.42,5.4,5.51,5.52,5.53,5.54,5.55,5.56,5.57,5.58,5.59,5.6,2100,20500,11600,11900,9300,10200,7500,60000,31300,20000,54800,70100,34200,36700,51100,9900,23000,5000,129900,32600
358.0,5.51,933100,5104826.0,5.5,5.49,5.48,5.47,5.46,5.45,5.44,5.43,5.42,5.4,5.51,5.52,5.53,5.54,5.55,5.56,5.57,5.58,5.59,5.6,2100,20500,11600,11900,9300,10200,7500,60000,31300,20000,54800,70100,34200,36700,51100,9900,23000,5000,129900,32600
359.0,5.51,933100,5104826.0,5.5,5.49,5.48,5.47,5.46,5.45,5.44,5.43,5.42,5.4,5.51,5.52,5.53,5.54,5.55,5.56,5.57,5.58,5.59,5.6,2100,20500,11600,11900,9300,10200,7500,60000,31300,20000,58900,70100,34200,36700,51100,9900,23000,5000,129900,32600
360.0,5.51,933100,5104826.0,5.5,5.49,5.48,5.47,5.46,5.45,5.44,5.43,5.42,5.4,5.51,5.52,5.53,5.54,5.55,5.56,5.57,5.58,5.59,5.6,2100,24100,11600,11900,9300,10200,7500,60000,31300,20000,58900,70100,34200,36700,51100,9900,23000,5000,129900,32600
361.0,5.5,933300,5105926.0,5.5,5.49,5.48,5.47,5.46,5.45,5.44,5.43,5.42,5.4,5.51,5.52,5.53,5.54,5.55,5.56,5.57,5.58,5.59,5.6,1900,24100,11600,11900,9300,10200,7500,60000,31300,20000,58900,70100,34200,36700,51100,9900,23000,5000,129900,32600
362.0,5.5,933600,5107576.0,5.5,5.49,5.48,5.47,5.46,5.45,5.44,5.43,5.42,5.4,5.51,5.52,5.53,5.54,5.55,5.56,5.57,5.58,5.59,5.6,1600,24100,11600,11900,9300,10200,7500,60000,31300,20000,60400,70100,34200,36700,51100,9900,23000,5000,129900,32600
363.0,5.5,933600,5107576.0,5.5,5.49,5.48,5.47,5.46,5.45,5.44,5.43,5.42,5.4,5.51,5.52,5.53,5.54,5.55,5.56,5.57,5.58,5.59,5.6,1600,24100,11600,11900,9300,10200,7500,60000,31300,20000,60400,70100,34200,36700,51100,9900,23000,5000,131900,32600
364.0,5.5,933600,5107576.0,5.5,5.49,5.48,5.47,5.46,5.45,5.44,5.43,5.42,5.4,5.51,5.52,5.53,5.54,5.55,5.56,5.57,5.58,5.59,5.6,1600,24100,11600,11900,9300,10200,7500,60000,31300,20000,60400,70100,34200,36700,51100,9900,23000,5000,131900,32600
365.0,5.5,933600,5107576.0,5.5,5.49,5.48,5.47,5.46,5.45,5.44,5.43,5.42,5.4,5.51,5.52,5.53,5.54,5.55,5.56,5.57,5.58,5.59,5.6,1600,24100,11600,11900,9300,10200,7500,60000,31300,20000,60500,70100,34200,36700,51100,9900,23000,5000,131900,32600
366.0,5.5,933700,5108126.0,5.5,5.49,5.48,5.47,5.46,5.45,5.44,5.43,5.42,5.4,5.51,5.52,5.53,5.54,5.55,5.56,5.57,5.58,5.59,5.6,1500,26100,11600,11900,9300,10200,7500,60000,31300,20000,60500,70100,34200,36700,51100,9900,23000,5000,131900,32600
367.0,5.5,933700,5108126.0,5.5,5.49,5.48,5.47,5.46,5.45,5.44,5.43,5.42,5.4,5.51,5.52,5.53,5.54,5.55,5.56,5.57,5.58,5.59,5.6,1500,26100,11600,11900,9300,14200,7500,60000,31300,20000,60500,70100,34200,36700,51100,9900,23000,5000,131900,32600
368.0,5.5,933700,5108126.0,5.5,5.49,5.48,5.47,5.46,5.45,5.44,5.43,5.42,5.4,5.51,5.52,5.53,5.54,5.55,5.56,5.57,5.58,5.59,5.6,1500,26100,11600,11900,9300,14200,7500,60000,31300,20000,60500,70100,34200,36700,51100,9900,23000,5000,131900,32600
369.0,5.5,934300,5111426.0,5.5,5.49,5.48,5.47,5.46,5.45,5.44,5.43,5.42,5.4,5.51,5.52,5.53,5.54,5.55,5.56,5.57,5.58,5.59,5.6,1400,26100,11600,11900,9300,14200,7500,60000,31300,20000,60500,70100,34200,36700,51100,9900,23000,5000,131900,32600
370.0,5.5,934400,5111976.0,5.5,5.49,5.48,5.47,5.46,5.45,5.44,5.43,5.42,5.4,5.51,5.52,5.53,5.54,5.55,5.56,5.57,5.58,5.59,5.6,1700,26100,11600,11900,9300,14200,7500,60000,31300,20000,62500,70100,34200,36700,51100,9900,23000,5000,131900,32600
371.0,5.5,936100,5121326.0,5.5,5.49,5.48,5.47,5.46,5.45,5.44,5.43,5.42,5.4,5.51,5.52,5.53,5.54,5.55,5.56,5.57,5.58,5.59,5.6,1100,26100,11600,11900,9300,14200,7500,60000,31300,20000,62500,70100,34200,36700,51100,9900,23000,5000,131900,32600
372.0,5.5,937600,5129576.0,5.49,5.48,5.47,5.46,5.45,5.44,5.43,5.42,5.4,5.39,5.5,5.51,5.52,5.53,5.54,5.55,5.56,5.57,5.58,5.59,26100,11600,11900,9300,14200,7500,60000,31300,20000,33200,500,62500,70400,34200,36700,51100,9900,23000,5000,131900
373.0,5.51,947000,5181257.0,5.49,5.48,5.47,5.46,5.45,5.44,5.43,5.42,5.4,5.39,5.51,5.52,5.53,5.54,5.55,5.56,5.57,5.58,5.59,5.6,20700,11600,11900,9300,14200,7500,60000,31300,20000,33200,61000,70400,34200,36800,51100,9900,23000,5000,131900,32600
374.0,5.49,947100,5181806.0,5.49,5.48,5.47,5.46,5.45,5.44,5.43,5.42,5.4,5.39,5.51,5.52,5.53,5.54,5.55,5.56,5.57,5.58,5.59,5.6,20600,11600,11900,9300,14200,7500,60000,31300,20000,33200,61000,70400,34200,36800,51100,9900,23000,5000,131900,32600
375.0,5.49,947100,5181806.0,5.5,5.49,5.48,5.47,5.46,5.45,5.44,5.43,5.42,5.4,5.51,5.52,5.53,5.54,5.55,5.56,5.57,5.58,5.59,5.6,3600,22000,11600,11900,9300,14200,7500,60000,31300,20000,62400,80400,34200,36800,51100,9900,23000,5000,131900,33600
376.0,5.49,947100,5181806.0,5.5,5.49,5.48,5.47,5.46,5.45,5.44,5.43,5.42,5.4,5.51,5.52,5.53,5.54,5.55,5.56,5.57,5.58,5.59,5.6,3600,22000,11600,11900,9300,14200,7500,60000,31300,20000,62400,80400,34200,36800,51100,9900,23000,5000,131900,33600
377.0,5.5,949300,5193906.0,5.5,5.49,5.48,5.47,5.46,5.45,5.44,5.43,5.42,5.4,5.51,5.52,5.53,5.54,5.55,5.56,5.57,5.58,5.59,5.6,1400,22000,11600,11900,9300,14200,7500,60000,31300,20000,65900,80400,34200,36800,51100,9900,23000,5000,131900,33600
378.0,5.51,949400,5194457.0,5.5,5.49,5.48,5.47,5.46,5.45,5.44,5.43,5.42,5.4,5.51,5.52,5.53,5.54,5.55,5.56,5.57,5.58,5.59,5.6,1400,22000,11600,11900,9300,14200,7500,60000,31300,20000,65800,80400,34200,37300,51100,9900,23000,5000,131900,33600
379.0,5.51,949400,5194457.0,5.5,5.49,5.48,5.47,5.46,5.45,5.44,5.43,5.42,5.4,5.51,5.52,5.53,5.54,5.55,5.56,5.57,5.58,5.59,5.6,1400,22000,11600,11900,9300,14200,7500,60000,31300,20000,65800,80400,34200,37300,51100,9900,23000,5000,131900,33600
380.0,5.5,949500,5195007.0,5.5,5.49,5.48,5.47,5.46,5.45,5.44,5.43,5.42,5.4,5.51,5.52,5.53,5.54,5.55,5.56,5.57,5.58,5.59,5.6,1300,22000,11600,11900,9300,14200,7500,60000,31300,20000,65800,80400,34200,37300,51100,9900,23000,5000,131900,33600
381.0,5.5,949500,5195007.0,5.5,5.49,5.48,5.47,5.46,5.45,5.44,5.43,5.42,5.4,5.51,5.52,5.53,5.54,5.55,5.56,5.57,5.58,5.59,5.6,1300,22000,11600,11900,9300,14200,7500,60000,31300,20000,65800,80400,34200,37300,52800,9900,23000,5000,131900,33600
382.0,5.5,949500,5195007.0,5.5,5.49,5.48,5.47,5.46,5.45,5.44,5.43,5.42,5.4,5.51,5.52,5.53,5.54,5.55,5.56,5.57,5.58,5.59,5.6,1300,22000,11600,11900,9300,14200,7500,60000,31300,20000,65800,80400,34200,37300,52800,9900,23000,5000,131900,33600
383.0,5.5,949600,5195557.0,5.5,5.49,5.48,5.47,5.46,5.45,5.44,5.43,5.42,5.4,5.51,5.52,5.53,5.54,5.55,5.56,5.57,5.58,5.59,5.6,1800,22000,11600,11900,9300,14200,7500,60000,31300,20000,65800,80400,34200,37300,52800,9900,23000,5000,131900,33600
384.0,5.5,949700,5196107.0,5.5,5.49,5.48,5.47,5.46,5.45,5.44,5.43,5.42,5.4,5.51,5.52,5.53,5.54,5.55,5.56,5.57,5.58,5.59,5.6,1700,22000,11600,11900,9300,14200,7500,60000,31300,20000,65800,80400,34200,37300,52800,9900,23000,5000,131900,33600
385.0,5.5,950000,5197757.0,5.5,5.49,5.48,5.47,5.46,5.45,5.44,5.43,5.42,5.4,5.51,5.52,5.53,5.54,5.55,5.56,5.57,5.58,5.59,5.6,1400,22000,11600,11900,9300,14200,7500,60000,31300,20000,65800,80400,34200,37300,52800,9900,23000,5000,131900,33600
386.0,5.5,950500,5200507.0,5.5,5.49,5.48,5.47,5.46,5.45,5.44,5.43,5.42,5.4,5.51,5.52,5.53,5.54,5.55,5.56,5.57,5.58,5.59,5.6,1100,22000,11600,11900,9300,14200,7500,60000,33300,20000,66900,80400,34200,37300,52800,9900,23000,5000,131900,33600
387.0,5.5,950600,5201057.0,5.5,5.49,5.48,5.47,5.46,5.45,5.44,5.43,5.42,5.4,5.51,5.52,5.53,5.54,5.55,5.56,5.57,5.58,5.59,5.6,1400,22000,11600,11900,9300,14200,7500,60000,33300,20000,66900,80400,34200,37300,52800,9900,23000,5000,131900,33600
388.0,5.5,950600,5201057.0,5.5,5.49,5.48,5.47,5.46,5.45,5.44,5.43,5.42,5.4,5.51,5.52,5.53,5.54,5.55,5.56,5.57,5.58,5.59,5.6,1800,22000,11600,11900,9300,14200,7500,60000,33300,20000,66900,80400,34200,37300,52800,9900,23000,5000,131900,43200
389.0,5.5,950600,5201057.0,5.5,5.49,5.48,5.47,5.46,5.45,5.44,5.43,5.42,5.4,5.51,5.52,5.53,5.54,5.55,5.56,5.57,5.58,5.59,5.6,1800,22000,11600,11900,9300,14200,7500,60000,33300,20000,66900,80400,34200,37300,52800,9900,23000,5000,131900,43200
390.0,5.51,952300,5210423.0,5.5,5.49,5.48,5.47,5.46,5.45,5.44,5.43,5.42,5.4,5.51,5.52,5.53,5.54,5.55,5.56,5.57,5.58,5.59,5.6,1700,22000,11600,11900,9300,14200,7500,60000,33300,20000,65300,80400,34200,37300,57800,9900,23000,5000,131900,43200
391.0,5.51,952300,5210423.0,5.5,5.49,5.48,5.47,5.46,5.45,5.44,5.43,5.42,5.4,5.51,5.52,5.53,5.54,5.55,5.56,5.57,5.58,5.59,5.6,1700,22000,11600,11900,9300,14200,7500,60000,33300,20000,65300,80400,35700,37300,67800,9900,23000,5000,131900,43200
392.0,5.5,952400,5210973.0,5.5,5.49,5.48,5.47,5.46,5.45,5.44,5.43,5.42,5.4,5.51,5.52,5.53,5.54,5.55,5.56,5.57,5.58,5.59,5.6,1600,22000,11600,11900,9300,14200,7500,60000,33300,20000,64200,80400,35700,37300,67800,9900,23000,5000,131900,44200
393.0,5.5,952500,5211523.0,5.5,5.49,5.48,5.47,5.46,5.45,5.44,5.43,5.42,5.4,5.51,5.52,5.53,5.54,5.55,5.56,5.57,5.58,5.59,5.6,1500,22000,11600,11900,9300,14200,7500,60000,33300,20000,64200,80400,35700,37300,68300,9900,23000,5000,131900,44200
394.0,5.5,954000,5219773.0,5.49,5.48,5.47,5.46,5.45,5.44,5.43,5.42,5.4,5.39,5.5,5.51,5.52,5.53,5.54,5.55,5.56,5.57,5.58,5.59,22000,11600,11900,9300,14200,7500,60000,33300,20000,33200,1900,64200,80400,35700,37300,68300,9900,23000,5000,131900
395.0,5.5,954000,5219773.0,5.49,5.48,5.47,5.46,5.45,5.44,5.43,5.42,5.4,5.39,5.5,5.51,5.52,5.53,5.54,5.55,5.56,5.57,5.58,5.59,22000,11600,11900,9300,14200,7500,60000,33300,20000,33200,1900,64200,80400,35700,37300,68300,9900,23000,5000,131900
396.0,5.5,956500,5233505.0,5.49,5.48,5.47,5.46,5.45,5.44,5.43,5.42,5.4,5.39,5.5,5.51,5.52,5.53,5.54,5.55,5.56,5.57,5.58,5.59,20200,11600,11900,9300,14200,7500,60000,33300,20000,33200,1200,64200,80400,35700,37300,68800,9900,23000,5000,131900
397.0,5.5,960200,5253819.0,5.49,5.48,5.47,5.46,5.45,5.44,5.43,5.42,5.4,5.39,5.5,5.51,5.52,5.53,5.54,5.55,5.56,5.57,5.58,5.59,28400,11600,11900,9300,14200,7500,60000,33300,20000,33200,1200,64100,80400,35700,37300,68800,9900,23000,5000,131900
398.0,5.5,964300,5276338.0,5.49,5.48,5.47,5.46,5.45,5.44,5.43,5.42,5.4,5.39,5.5,5.51,5.52,5.53,5.54,5.55,5.56,5.57,5.58,5.59,25300,11600,11900,9300,14200,7500,60000,33300,20000,33200,200,64100,80400,35700,37300,68800,9900,23000,5000,131900
399.0,5.5,964500,5277438.0,5.5,5.49,5.48,5.47,5.46,5.45,5.44,5.43,5.42,5.4,5.51,5.52,5.53,5.54,5.55,5.56,5.57,5.58,5.59,5.6,4600,27900,11600,11900,9300,14200,7500,60000,33300,20000,64100,80400,35700,37300,68800,9900,23000,5000,131900,44200
400.0,5.5,966700,5289538.0,5.5,5.49,5.48,5.47,5.46,5.45,5.44,5.43,5.42,5.4,5.51,5.52,5.53,5.54,5.55,5.56,5.57,5.58,5.59,5.6,2400,27900,11600,11900,9300,14200,7500,60000,33300,20000,64100,80400,35700,37300,68800,9900,23000,5000,131900,44200
401.0,5.51,972800,5323149.0,5.5,5.49,5.48,5.47,5.46,5.45,5.44,5.43,5.42,5.4,5.51,5.52,5.53,5.54,5.55,5.56,5.57,5.58,5.59,5.6,2400,27900,11600,11900,9300,14200,7500,60000,33300,20000,58200,80400,35700,37300,68800,9900,23000,5000,131900,44200
402.0,5.51,972800,5323149.0,5.5,5.49,5.48,5.47,5.46,5.45,5.44,5.43,5.42,5.4,5.51,5.52,5.53,5.54,5.55,5.56,5.57,5.58,5.59,5.6,2400,27900,11600,11900,9300,14200,7500,60000,33300,20000,58200,80400,35700,37300,68800,6900,23000,5000,131900,44200
403.0,5.51,974400,5331963.0,5.5,5.49,5.48,5.47,5.46,5.45,5.44,5.43,5.42,5.4,5.51,5.52,5.53,5.54,5.55,5.56,5.57,5.58,5.59,5.6,2200,27900,11600,11900,9300,14200,7500,60000,33300,20000,54800,80400,35700,37300,68800,6900,23000,5000,131900,44200
404.0,5.51,974900,5334718.0,5.5,5.49,5.48,5.47,5.46,5.45,5.44,5.43,5.42,5.4,5.51,5.52,5.53,5.54,5.55,5.56,5.57,5.58,5.59,5.6,2200,27900,11600,11900,9300,14200,7500,60000,33300,20000,54300,85400,35700,37300,68800,6900,23000,5000,131900,44200
405.0,5.51,974900,5334718.0,5.5,5.49,5.48,5.47,5.46,5.45,5.44,5.43,5.42,5.4,5.51,5.52,5.53,5.54,5.55,5.56,5.57,5.58,5.59,5.6,31200,29700,11600,11900,9300,14200,7500,60000,33300,20000,54100,88600,35700,37300,68800,6900,23000,5000,131900,44200
406.0,5.5,976700,5344618.0,5.5,5.49,5.48,5.47,5.46,5.45,5.44,5.43,5.42,5.4,5.51,5.52,5.53,5.54,5.55,5.56,5.57,5.58,5.59,5.6,29400,29700,11600,11900,9300,14200,7500,60000,33300,20000,54100,88700,35700,37300,68800,6900,23000,5000,131900,44200
407.0,5.51,979600,5360579.0,5.5,5.49,5.48,5.47,5.46,5.45,5.44,5.43,5.42,5.4,5.51,5.52,5.53,5.54,5.55,5.56,5.57,5.58,5.59,5.6,27600,29200,11600,11900,9300,14200,7500,60000,33300,20000,53000,88700,35700,37300,68800,6900,23000,8000,131900,44200
408.0,5.51,991000,5423357.0,5.5,5.49,5.48,5.47,5.46,5.45,5.44,5.43,5.42,5.4,5.51,5.52,5.53,5.54,5.55,5.56,5.57,5.58,5.59,5.6,26300,29200,11600,11900,9300,14200,7500,60000,33300,20000,46700,88700,35700,37300,68800,6900,23000,8000,131900,44200
409.0,5.5,992800,5433257.0,5.5,5.49,5.48,5.47,5.46,5.45,5.44,5.43,5.42,5.4,5.51,5.52,5.53,5.54,5.55,5.56,5.57,5.58,5.59,5.6,24500,29200,11600,11900,9300,14200,7500,60000,33300,20000,47500,88700,35700,37300,68800,6900,23000,8000,131900,44200
410.0,5.51,996500,5453644.0,5.5,5.49,5.48,5.47,5.46,5.45,5.44,5.43,5.42,5.4,5.51,5.52,5.53,5.54,5.55,5.56,5.57,5.58,5.59,5.6,24500,29200,11600,11900,9300,14200,7500,60000,33300,20000,43800,88700,35700,37300,68800,6900,23000,8000,131900,44200
411.0,5.51,996500,5453644.0,5.5,5.49,5.48,5.47,5.46,5.45,5.44,5.43,5.42,5.4,5.51,5.52,5.53,5.54,5.55,5.56,5.57,5.58,5.59,5.6,24500,29200,11600,11900,9300,14200,7500,60000,33300,20000,43800,90300,35700,37300,68800,6900,23000,8000,131900,44200
412.0,5.5,998300,5463544.0,5.5,5.49,5.48,5.47,5.46,5.45,5.44,5.43,5.42,5.4,5.51,5.52,5.53,5.54,5.55,5.56,5.57,5.58,5.59,5.6,22700,29200,11600,11900,9300,14200,7500,60000,33300,20000,43800,90300,35700,37300,68800,6900,23000,8000,131900,44200
