LocalTime,LastPrice,TradeVolume,TradeValue,BidPrice1,BidPrice2,BidPrice3,BidPrice4,BidPrice5,BidPrice6,BidPrice7,BidPrice8,BidPrice9,BidPriceA,AskPrice1,AskPrice2,AskPrice3,AskPrice4,AskPrice5,AskPrice6,AskPrice7,AskPrice8,AskPrice9,AskPriceA,BidVolume1,BidVolume2,BidVolume3,BidVolume4,BidVolume5,BidVolume6,BidVolume7,BidVolume8,BidVolume9,BidVolumeA,AskVolume1,AskVolume2,AskVolume3,AskVolume4,AskVolume5,AskVolume6,AskVolume7,AskVolume8,AskVolume9,AskVolumeA
0.0,27.41,1000,27410.0,27.41,26.8,26.5,26.42,26.35,26.06,26.03,26.0,25.0,24.66,27.59,27.78,27.82,27.91,27.94,27.99,28.0,28.05,28.15,28.28,800,1800,1100,7600,500,200,200,100,1600,3000,200,1500,2500,200,200,100,400,3900,200,500
1.0,27.59,2100,57579.0,26.8,26.5,26.42,26.35,26.06,26.03,26.0,25.0,24.66,0.0,27.59,27.78,27.82,27.91,27.94,27.99,28.0,28.05,28.15,28.28,1800,1100,7600,500,200,200,100,1600,3000,0,100,1500,2500,200,200,100,400,3900,200,500
2.0,27.59,2200,60338.0,26.8,26.5,26.42,26.35,26.06,26.03,26.0,25.0,24.66,0.0,27.78,27.82,27.91,27.94,27.99,28.0,28.05,28.15,28.28,28.33,1800,1100,7600,500,200,200,100,1600,3000,0,1500,2500,200,200,100,400,3900,200,500,500
3.0,27.59,2200,60338.0,27.61,26.8,26.5,26.42,26.35,26.06,26.03,26.0,25.0,24.66,27.78,27.82,27.91,27.94,27.99,28.0,28.05,28.15,28.28,28.33,600,1800,1100,7600,500,200,200,100,1600,3000,1500,2500,200,200,100,400,3900,200,500,500
4.0,27.61,2400,65860.0,27.61,27.59,26.8,26.5,26.42,26.35,26.06,26.03,26.0,25.5,27.78,27.82,27.91,27.94,27.99,28.0,28.05,28.15,28.28,28.33,400,300,1800,1100,7600,500,200,200,100,1400,1500,2500,200,200,100,400,3900,200,500,500
5.0,27.41,4100,112609.0,26.8,26.5,26.42,26.35,26.06,26.03,26.0,25.5,25.0,24.66,27.78,27.82,27.88,27.91,27.94,27.99,28.0,28.05,28.15,28.28,1700,1100,7600,500,200,200,100,1400,1600,3000,1500,2500,200,200,200,200,400,3900,200,500
6.0,26.8,4300,117969.0,26.8,26.5,26.42,26.35,26.06,26.03,26.0,25.5,25.0,24.66,27.78,27.82,27.88,27.91,27.94,27.99,28.0,28.05,28.15,28.28,1500,1100,7600,500,200,200,100,1400,1600,3000,1500,2500,200,200,200,200,400,3900,200,500
7.0,26.8,4300,117969.0,27.41,26.8,26.5,26.43,26.42,26.35,26.06,26.03,26.0,25.5,27.78,27.82,27.88,27.91,27.94,27.99,28.0,28.05,28.15,28.28,300,1500,1100,400,7600,500,200,200,100,1400,1500,2500,200,200,200,200,400,3900,200,500
8.0,26.8,4300,117969.0,27.46,27.41,27.01,26.8,26.5,26.43,26.42,26.35,26.06,26.03,27.78,27.82,27.88,27.91,27.94,27.99,28.0,28.05,28.15,28.28,300,300,200,1500,1100,400,7600,3900,200,200,1500,2500,200,200,200,200,600,3900,200,500
9.0,26.8,4300,117969.0,27.46,27.41,27.01,26.8,26.5,26.43,26.42,26.35,26.06,26.03,27.77,27.78,27.82,27.88,27.91,27.94,27.99,28.0,28.05,28.15,300,300,200,1500,1100,400,7600,3900,200,200,500,1500,2500,200,200,200,200,600,3900,200
10.0,26.8,4300,117969.0,27.46,27.41,27.01,26.8,26.5,26.43,26.42,26.35,26.06,26.03,27.61,27.77,27.78,27.82,27.88,27.91,27.94,27.99,28.0,28.05,300,300,200,1500,1100,400,7600,3900,200,200,300,600,1500,2500,200,200,200,200,600,3900
11.0,27.41,5300,145398.0,27.01,26.8,26.5,26.43,26.42,26.35,26.06,26.03,26.0,25.5,27.41,27.46,27.61,27.77,27.78,27.82,27.88,27.91,27.94,27.99,200,1500,1100,600,7600,3900,200,200,100,1400,600,1900,3000,700,1500,2500,200,200,500,200
12.0,27.41,5300,145398.0,27.01,26.8,26.5,26.43,26.42,26.35,26.06,26.03,26.0,25.5,27.41,27.46,27.61,27.77,27.78,27.82,27.88,27.91,27.94,27.99,200,1500,1100,600,7600,3900,200,200,100,1400,1200,3400,3000,700,1500,2500,200,200,500,200
13.0,27.41,6700,183692.0,27.41,27.01,26.85,26.8,26.5,26.43,26.42,26.35,26.06,26.03,27.46,27.61,27.77,27.78,27.82,27.88,27.91,27.94,27.99,28.0,600,200,2900,1500,1100,600,7600,3900,200,200,3500,1800,700,1500,2500,200,200,500,200,600
14.0,27.41,7000,191920.0,27.41,27.01,26.85,26.8,26.5,26.43,26.42,26.35,26.06,26.03,27.46,27.61,27.77,27.78,27.82,27.88,27.91,27.94,27.99,28.0,500,200,2900,1500,1100,600,7600,3900,200,200,3300,1800,700,1500,2500,200,200,500,200,600
15.0,27.41,7500,205625.0,27.01,26.85,26.8,26.5,26.43,26.42,26.35,26.06,26.03,26.0,27.41,27.46,27.61,27.77,27.78,27.82,27.88,27.91,27.94,27.99,200,2900,1500,1100,600,7600,3900,200,200,100,400,2600,1800,700,1500,2500,200,200,500,200
16.0,27.41,7900,216589.0,27.41,27.01,26.85,26.8,26.5,26.43,26.42,26.35,26.06,26.03,27.46,27.61,27.77,27.78,27.82,27.88,27.91,27.94,27.99,28.0,8800,6400,2900,1500,1100,600,7600,3900,200,200,1700,1600,700,1500,2500,200,200,500,200,600
17.0,27.46,8400,230319.0,27.41,27.01,26.85,26.8,26.5,26.43,26.42,26.35,26.06,26.03,27.46,27.61,27.77,27.78,27.82,27.88,27.91,27.94,27.99,28.0,9600,6500,2900,1500,1100,600,7600,3900,200,200,1200,500,700,1500,2500,200,200,500,200,600
18.0,27.46,11000,301715.0,27.46,27.42,27.41,27.01,26.85,26.8,26.5,26.43,26.42,26.35,27.61,27.77,27.78,27.82,27.88,27.91,27.94,27.99,28.0,28.05,1600,200,7600,6500,2900,1500,1100,600,7600,3900,500,500,1500,2500,200,200,500,200,600,3900
19.0,27.41,14100,386768.0,27.46,27.41,27.01,26.85,26.8,26.5,26.43,26.42,26.35,26.06,27.61,27.77,27.78,27.82,27.88,27.91,27.94,27.99,28.0,28.05,1500,6200,6500,2900,1500,1100,600,7600,3900,200,500,500,1500,2500,200,200,500,200,600,3900
20.0,27.46,14800,405990.0,27.46,27.41,27.07,27.01,26.85,26.8,26.5,26.43,26.42,26.35,27.61,27.77,27.78,27.82,27.88,27.91,27.94,27.99,28.0,28.05,800,4400,9000,6500,2900,1500,1100,600,7600,3900,500,500,1500,2500,200,200,500,200,600,3900
21.0,27.46,14800,405990.0,27.46,27.41,27.07,27.01,26.85,26.8,26.5,26.43,26.42,26.35,27.61,27.77,27.78,27.82,27.88,27.91,27.94,27.99,28.0,28.05,2300,4400,9000,6500,2900,1500,1100,600,7600,3900,500,500,1500,2500,200,200,500,200,600,3900
22.0,27.46,14800,405990.0,27.46,27.41,27.07,27.01,26.85,26.8,26.5,26.43,26.42,26.35,27.61,27.77,27.78,27.82,27.88,27.91,27.94,27.99,28.0,28.05,2300,4500,9000,6500,2900,1500,1100,600,7600,3900,500,500,1500,2500,200,200,500,200,700,3900
23.0,27.46,15800,433525.0,27.46,27.41,27.07,27.01,26.85,26.8,26.5,26.43,26.42,26.35,27.6,27.76,27.77,27.78,27.82,27.88,27.91,27.94,27.99,28.0,1800,4500,9000,6500,2900,1500,1100,600,7600,3900,500,900,500,1500,2500,200,200,500,200,700
24.0,27.46,15800,433525.0,27.46,27.41,27.07,27.01,26.85,26.8,26.5,26.43,26.42,26.35,27.6,27.76,27.77,27.78,27.82,27.88,27.91,27.94,27.99,28.0,1800,4500,9000,6500,2900,1500,1100,600,7600,3900,500,900,500,1500,2500,200,200,500,200,700
25.0,27.46,15900,436271.0,27.47,27.46,27.41,27.07,27.01,26.85,26.8,26.5,26.43,26.42,27.6,27.76,27.77,27.78,27.82,27.88,27.91,27.94,27.99,28.0,900,1700,4500,9000,6500,2900,1500,1100,600,7600,500,900,500,1500,2500,200,200,500,200,700
26.0,27.46,15900,436271.0,27.47,27.46,27.41,27.07,27.01,26.85,26.8,26.5,26.43,26.42,27.6,27.76,27.77,27.78,27.82,27.88,27.91,27.94,27.99,28.0,900,1700,3800,9000,6500,2900,1500,1100,600,7600,500,900,500,1500,2500,200,200,500,200,700
27.0,27.46,15900,436271.0,27.47,27.46,27.41,27.07,27.01,26.8,26.5,26.43,26.42,26.35,27.6,27.76,27.77,27.78,27.82,27.88,27.91,27.94,27.99,28.0,900,1500,3800,9000,6500,1500,1100,600,7600,3900,500,900,500,1500,2500,200,200,500,200,700
28.0,27.46,15900,436271.0,27.47,27.46,27.41,27.07,27.01,26.8,26.5,26.43,26.42,26.35,27.6,27.76,27.77,27.78,27.82,27.88,27.91,27.94,27.99,28.0,900,1500,3800,9000,6500,1500,1100,600,7600,3900,2200,900,500,1500,2500,200,200,500,200,700
29.0,27.46,15900,436271.0,27.47,27.46,27.41,27.07,27.01,26.8,26.5,26.43,26.42,26.35,27.6,27.76,27.77,27.78,27.82,27.88,27.91,27.94,27.99,28.0,900,1500,3600,9000,6500,1500,1100,600,7600,3900,2200,900,500,1500,2500,200,200,500,200,700
30.0,27.46,15900,436271.0,27.47,27.46,27.41,27.07,27.01,26.8,26.5,26.43,26.42,26.35,27.6,27.76,27.77,27.78,27.82,27.88,27.91,27.94,27.99,28.0,900,1500,3600,9000,6500,1500,1100,600,7600,3900,2200,900,500,1500,2500,200,200,500,200,700
31.0,27.46,15900,436271.0,27.47,27.46,27.41,27.07,27.01,26.8,26.5,26.43,26.42,26.35,27.6,27.76,27.77,27.78,27.82,27.88,27.91,27.94,27.99,28.0,900,1500,3600,9000,6500,1500,1100,600,7600,3900,2200,900,500,1500,2500,200,200,500,200,700
32.0,27.6,16000,439031.0,27.47,27.46,27.41,27.07,27.01,26.8,26.5,26.43,26.42,26.35,27.6,27.76,27.77,27.78,27.82,27.88,27.91,27.94,27.99,28.0,900,1500,3600,9000,6500,1500,1100,600,7600,3900,2100,900,500,1500,2500,200,200,500,200,700
33.0,27.6,16000,439031.0,27.47,27.46,27.41,27.07,27.01,26.8,26.5,26.43,26.42,26.35,27.6,27.76,27.77,27.78,27.82,27.88,27.91,27.94,27.99,28.0,900,1500,3600,9000,6500,1500,1100,600,7600,3900,2100,900,500,1500,2500,200,200,500,200,700
34.0,27.47,16900,463754.0,27.46,27.41,27.07,27.01,26.8,26.5,26.43,26.42,26.35,26.06,27.47,27.6,27.76,27.77,27.78,27.82,27.88,27.91,27.94,27.99,1500,3600,9000,6500,1500,1100,600,7600,3900,200,300,2100,900,500,1500,2500,200,200,500,200
35.0,27.46,17000,466500.0,27.46,27.41,27.07,27.01,26.8,26.5,26.43,26.42,26.35,26.06,27.47,27.6,27.76,27.77,27.78,27.82,27.88,27.91,27.94,27.99,1400,3600,9000,6500,1500,1100,600,7600,3900,200,300,2100,900,500,1500,2500,200,200,500,200
36.0,27.47,17100,469247.0,27.46,27.41,27.07,27.01,26.8,26.5,26.43,26.42,26.35,26.06,27.47,27.6,27.76,27.77,27.78,27.82,27.88,27.91,27.94,27.99,1400,3600,9000,6500,1500,1100,600,7600,3900,200,200,2100,900,500,1500,2500,200,200,500,200
37.0,27.47,17200,471994.0,27.46,27.41,27.07,27.01,26.8,26.5,26.43,26.42,26.35,26.06,27.47,27.48,27.6,27.76,27.77,27.78,27.82,27.88,27.91,27.94,1400,3600,9000,6500,1500,1100,600,7600,3900,200,100,100,2100,900,500,1500,2500,200,200,500
38.0,27.6,17700,485769.0,27.46,27.41,27.15,27.07,27.01,26.8,26.5,26.43,26.42,26.35,27.59,27.6,27.76,27.77,27.78,27.82,27.88,27.91,27.94,27.99,1400,3600,8800,9000,6500,1500,1100,600,7600,3900,700,1800,900,500,1500,2500,200,200,500,200
39.0,27.6,17700,485769.0,27.46,27.41,27.15,27.07,27.01,26.8,26.5,26.43,26.42,26.35,27.59,27.6,27.76,27.77,27.78,27.82,27.88,27.91,27.94,27.99,1400,3600,8800,9000,6500,1500,1100,600,7600,3900,700,1800,900,500,1500,2500,200,200,500,200
40.0,27.6,17700,485769.0,27.46,27.41,27.15,27.07,27.01,26.8,26.5,26.43,26.42,26.35,27.59,27.6,27.76,27.77,27.78,27.82,27.88,27.91,27.94,27.99,1400,3600,8800,9000,6500,1500,1100,600,7600,3900,700,1800,900,500,1500,2500,200,200,500,200
41.0,27.6,17700,485769.0,27.46,27.41,27.15,27.07,27.01,26.8,26.5,26.43,26.42,26.35,27.59,27.6,27.76,27.77,27.78,27.82,27.88,27.91,27.94,27.99,1400,3600,8800,9000,6500,1500,1100,600,7600,3900,700,1800,900,500,1500,2500,200,200,500,200
42.0,27.6,17700,485769.0,27.46,27.41,27.15,27.07,27.01,26.8,26.5,26.43,26.42,26.35,27.59,27.6,27.76,27.77,27.78,27.82,27.88,27.91,27.94,27.99,1400,3600,8800,9000,6500,1500,1100,600,7600,3900,700,1800,900,500,1500,2500,200,200,500,200
43.0,27.6,17700,485769.0,27.46,27.41,27.15,27.07,27.01,26.8,26.5,26.43,26.42,26.35,27.59,27.6,27.76,27.77,27.78,27.82,27.88,27.91,27.94,27.99,1400,3600,8800,9000,6500,1500,1100,600,7600,3900,700,1800,900,500,1500,2500,200,200,500,200
44.0,27.6,17700,485769.0,27.46,27.41,27.15,27.07,27.01,26.8,26.5,26.43,26.42,26.35,27.59,27.6,27.76,27.77,27.78,27.82,27.88,27.91,27.94,27.99,1400,3600,8800,9000,6500,1500,1100,600,7600,3900,700,1800,900,500,1500,2500,200,200,500,200
45.0,27.6,17700,485769.0,27.46,27.41,27.15,27.07,27.01,26.8,26.5,26.43,26.42,26.35,27.59,27.76,27.77,27.78,27.82,27.88,27.91,27.94,27.99,28.0,1400,3500,8800,9000,6500,1500,1100,600,7600,3900,700,900,500,1500,2500,200,200,500,200,700
46.0,27.6,17700,485769.0,27.46,27.41,27.15,27.07,27.01,26.8,26.5,26.43,26.42,26.35,27.59,27.76,27.77,27.78,27.82,27.88,27.91,27.94,27.99,28.0,1400,3500,8800,9000,6500,1500,1100,600,7600,3900,700,900,500,1500,2500,200,200,500,200,700
47.0,27.6,17700,485769.0,27.46,27.41,27.15,27.07,27.01,26.8,26.5,26.43,26.42,26.35,27.76,27.77,27.78,27.82,27.88,27.91,27.94,27.99,28.0,28.05,1400,3000,8800,9000,6500,1500,1100,600,7600,3900,900,500,1500,2500,200,200,500,200,700,3900
48.0,27.6,17700,485769.0,27.46,27.41,27.15,27.07,27.01,26.8,26.5,26.43,26.42,26.35,27.76,27.77,27.78,27.82,27.88,27.91,27.94,27.99,28.0,28.05,1400,3000,8800,9000,6500,1500,1100,600,7600,3900,900,500,1500,2500,200,200,500,200,700,3900
49.0,27.6,17700,485769.0,27.59,27.46,27.41,27.15,27.07,27.01,26.8,26.5,26.43,26.42,27.76,27.77,27.78,27.82,27.88,27.91,27.94,27.99,28.0,28.05,400,1400,3000,8800,9000,6500,1500,1100,600,7600,900,500,1500,2500,200,200,500,200,700,3900
50.0,27.6,17700,485769.0,27.59,27.46,27.41,27.15,27.07,27.01,26.8,26.5,26.43,26.42,27.76,27.77,27.78,27.82,27.88,27.91,27.94,27.99,28.0,28.05,600,1400,3000,8800,9000,6500,1500,1100,600,7600,900,500,1500,2500,200,200,500,200,700,3900
51.0,27.6,17700,485769.0,27.59,27.46,27.41,27.15,27.07,27.01,26.8,26.5,26.43,26.42,27.76,27.77,27.78,27.82,27.88,27.91,27.94,27.99,28.0,28.05,600,1400,3000,8800,9000,6500,1500,1100,600,7600,900,500,1500,2500,200,200,500,200,700,3900
52.0,27.6,17700,485769.0,27.59,27.46,27.41,27.15,27.07,27.01,26.8,26.5,26.43,26.42,27.76,27.77,27.78,27.82,27.88,27.91,27.94,27.99,28.0,28.05,600,1400,3000,8800,9000,6500,1500,1100,600,7600,900,500,1500,2500,200,200,500,200,700,3900
53.0,27.59,17800,488528.0,27.59,27.46,27.41,27.15,27.07,27.01,26.8,26.5,26.43,26.42,27.76,27.77,27.78,27.82,27.88,27.91,27.94,27.99,28.0,28.05,500,1400,3000,8800,9000,6500,1500,1100,600,7600,900,500,1500,2500,200,200,500,200,700,3900
54.0,27.76,19000,521641.0,27.59,27.57,27.46,27.41,27.15,27.07,27.01,26.8,26.5,26.43,27.76,27.77,27.78,27.82,27.88,27.91,27.94,27.99,28.0,28.05,800,1100,1400,3000,8800,9000,6500,1500,1100,600,800,500,1500,2500,200,200,500,200,700,3900
55.0,27.76,19000,521641.0,27.59,27.57,27.41,27.15,27.07,27.01,26.8,26.5,26.43,26.42,27.76,27.77,27.78,27.82,27.88,27.91,27.94,27.99,28.0,28.05,800,1100,3000,8800,9000,6500,1500,1100,600,7600,800,500,1500,2500,200,200,500,200,700,3900
56.0,27.76,19000,521641.0,27.59,27.41,27.2,27.15,27.07,27.01,26.8,26.5,26.43,26.42,27.76,27.77,27.78,27.82,27.88,27.91,27.94,27.99,28.0,28.05,800,3000,9100,8800,9000,6500,1500,1100,600,7600,800,500,1500,2500,200,200,500,200,700,3900
57.0,27.76,19000,521641.0,27.59,27.41,27.2,27.15,27.07,27.01,26.8,26.5,26.43,26.42,27.76,27.77,27.78,27.82,27.88,27.91,27.94,27.99,28.0,28.05,800,3000,9100,8800,9000,6500,1500,1100,600,7600,800,500,1500,2500,200,200,500,200,700,3900
58.0,27.76,19000,521641.0,27.59,27.41,27.2,27.15,27.07,27.01,26.8,26.5,26.43,26.42,27.76,27.77,27.78,27.82,27.88,27.91,27.94,27.99,28.0,28.05,1400,3000,9100,8800,9000,6500,1500,1100,600,7600,800,500,1500,2500,200,200,500,200,700,3900
59.0,27.76,19000,521641.0,27.59,27.41,27.2,27.15,27.07,27.01,26.8,26.5,26.43,26.42,27.67,27.76,27.77,27.78,27.82,27.88,27.91,27.94,27.99,28.0,1400,3000,9100,8800,9000,6500,1500,1100,600,7600,500,900,500,1500,2500,200,200,500,200,700
60.0,27.76,19000,521641.0,27.59,27.41,27.2,27.15,27.07,27.01,26.8,26.5,26.43,26.42,27.67,27.76,27.77,27.78,27.82,27.88,27.91,27.94,27.99,28.0,1400,3000,9100,8800,9000,6500,1500,1100,600,7600,500,900,500,1500,2500,200,200,500,200,700
61.0,27.76,19000,521641.0,27.59,27.41,27.2,27.15,27.07,27.01,26.8,26.5,26.43,26.42,27.67,27.76,27.77,27.78,27.82,27.88,27.91,27.94,27.99,28.0,1700,3000,9100,8800,9000,6500,1500,1100,600,7600,500,900,500,1500,2500,200,200,500,200,700
62.0,27.67,19600,538243.0,27.68,27.67,27.59,27.41,27.2,27.15,27.07,27.01,26.8,26.5,27.76,27.77,27.78,27.82,27.88,27.91,27.94,27.99,28.0,28.05,600,500,1700,2900,9100,8800,9000,6500,1500,1100,800,500,1500,2500,200,200,500,200,700,3900
63.0,27.67,19600,538243.0,27.68,27.67,27.59,27.41,27.2,27.15,27.07,27.01,26.8,26.5,27.76,27.77,27.78,27.82,27.88,27.91,27.94,27.99,28.0,28.05,1400,800,1700,2900,9100,8800,9000,6500,1500,1100,800,500,1500,2500,200,200,500,200,700,3900
64.0,27.67,19600,538243.0,27.68,27.67,27.59,27.41,27.2,27.15,27.07,27.01,26.8,26.5,27.76,27.77,27.78,27.82,27.88,27.91,27.94,27.99,28.0,28.05,1400,1200,1100,2800,9100,8800,9000,6500,1500,1100,800,500,1500,2500,200,200,500,200,700,3900
65.0,27.67,19600,538243.0,27.68,27.67,27.59,27.41,27.2,27.15,27.07,27.01,26.8,26.5,27.74,27.75,27.76,27.77,27.78,27.82,27.88,27.91,27.94,27.99,1400,800,1100,2800,9100,8800,9000,6500,1500,1100,900,2300,800,500,1500,2500,200,200,500,200
66.0,27.67,19600,538243.0,27.68,27.67,27.59,27.41,27.2,27.15,27.07,27.01,26.8,26.5,27.74,27.75,27.76,27.77,27.78,27.82,27.88,27.91,27.94,27.99,1400,800,1100,2800,9100,8800,9000,6500,1500,1100,900,2300,800,500,1500,2500,200,200,500,200
67.0,27.67,19600,538243.0,27.68,27.67,27.59,27.41,27.2,27.15,27.07,27.01,26.8,26.5,27.74,27.75,27.76,27.77,27.78,27.82,27.88,27.91,27.94,27.99,1400,800,900,2800,9100,8800,9000,6500,1500,1100,900,2300,800,500,1500,2500,200,200,500,200
68.0,27.67,19600,538243.0,27.68,27.67,27.59,27.41,27.2,27.15,27.07,27.01,26.8,26.5,27.74,27.75,27.76,27.77,27.78,27.82,27.88,27.91,27.94,27.97,800,800,900,2800,9100,8800,9000,6500,1500,1100,900,2300,800,500,1500,2500,200,200,500,600
69.0,27.67,19600,538243.0,27.68,27.67,27.59,27.41,27.2,27.15,27.07,27.01,26.8,26.5,27.74,27.75,27.76,27.77,27.78,27.82,27.88,27.91,27.94,27.97,800,800,900,2800,9100,8800,9000,6500,1500,1100,900,2300,800,500,1500,2500,200,200,500,600
70.0,27.67,21200,582523.0,27.59,27.41,27.01,26.8,26.5,26.43,26.42,26.35,26.06,26.03,27.66,27.68,27.74,27.75,27.76,27.77,27.78,27.82,27.88,27.91,1800,2800,6300,1500,1100,600,7600,3900,200,200,500,200,900,2300,800,500,1500,2500,200,200
71.0,27.66,21500,590821.0,27.59,27.41,27.01,26.8,26.5,26.43,26.42,26.35,26.06,26.03,27.66,27.67,27.73,27.74,27.75,27.76,27.77,27.78,27.82,27.88,1800,2500,6300,1500,1100,600,7600,3900,200,200,200,300,700,900,2300,800,1000,1500,2500,200
72.0,27.66,22600,621196.0,27.59,27.41,27.01,26.8,26.5,26.43,26.42,26.35,26.06,26.03,27.67,27.73,27.74,27.75,27.76,27.77,27.78,27.82,27.88,27.91,1100,2500,6300,1500,1100,600,7600,3900,200,200,300,700,900,2300,800,1000,1500,2500,200,200
73.0,27.65,23100,635021.0,27.59,27.41,27.01,26.8,26.5,26.43,26.42,26.35,26.06,26.03,27.65,27.73,27.74,27.75,27.76,27.77,27.78,27.82,27.88,27.91,1500,2500,6300,1500,1100,600,7600,3900,200,200,200,700,900,2300,800,1000,1500,2500,200,200
74.0,27.65,23100,635021.0,27.59,27.41,27.01,26.8,26.5,26.43,26.42,26.35,26.06,26.03,27.64,27.65,27.73,27.74,27.75,27.76,27.77,27.78,27.82,27.88,1500,2500,6300,1500,1100,600,7600,3900,200,200,200,100,700,900,2300,800,1000,1500,2500,200
75.0,27.59,23200,637780.0,27.59,27.41,27.01,26.8,26.5,26.43,26.42,26.35,26.06,26.03,27.64,27.65,27.74,27.75,27.76,27.77,27.78,27.82,27.88,27.91,1400,2500,6300,1500,1100,600,7600,3900,200,200,200,100,900,2300,800,1000,1500,2500,200,200
76.0,27.64,23400,643303.0,27.59,27.41,27.01,26.8,26.5,26.43,26.42,26.35,26.06,26.03,27.64,27.65,27.74,27.75,27.76,27.77,27.78,27.82,27.88,27.91,1900,2500,6300,1500,1100,600,7600,3900,200,200,100,100,900,2300,800,1000,1500,2500,200,200
77.0,27.65,23700,651591.0,27.59,27.41,27.01,26.8,26.5,26.43,26.42,26.35,26.06,26.03,27.73,27.74,27.75,27.76,27.77,27.78,27.82,27.88,27.91,27.94,2000,2500,6300,1500,1100,600,7600,3900,200,200,1100,900,2300,800,1000,1500,2500,200,200,500
78.0,27.65,23700,651591.0,27.59,27.41,27.01,26.8,26.5,26.43,26.42,26.35,26.06,26.03,27.72,27.73,27.74,27.75,27.76,27.77,27.78,27.82,27.88,27.91,2200,2500,6300,1500,1100,600,7600,3900,200,200,600,1100,900,2300,800,1000,1500,2500,200,200
79.0,27.65,23700,651591.0,27.6,27.59,27.41,27.01,26.8,26.5,26.43,26.42,26.35,26.06,27.7,27.71,27.72,27.73,27.74,27.75,27.76,27.77,27.78,27.82,100,2200,2500,6300,1500,1100,600,7600,3900,200,100,200,600,1100,900,2300,800,1000,1500,2500
80.0,27.59,23900,657110.0,27.59,27.41,27.01,26.8,26.5,26.43,26.42,26.35,26.06,26.03,27.6,27.7,27.71,27.72,27.73,27.74,27.75,27.76,27.77,27.78,1900,2500,6300,1500,1100,600,7600,3900,200,200,200,100,200,600,1100,900,2300,800,1000,1500
81.0,27.59,24000,659869.0,27.59,27.41,27.01,26.8,26.5,26.43,26.42,26.35,26.06,26.03,27.6,27.7,27.71,27.73,27.74,27.75,27.76,27.77,27.78,27.82,1800,2500,6300,1500,1100,600,7600,3900,200,200,200,100,600,1100,900,2300,800,1000,1500,2500
82.0,27.59,24700,679182.0,27.59,27.41,27.01,26.8,26.5,26.43,26.42,26.35,26.06,26.03,27.6,27.7,27.71,27.73,27.74,27.75,27.76,27.77,27.78,27.82,1100,2500,6300,1500,1100,600,7600,3900,200,200,200,100,700,1100,900,2300,800,1000,1500,2500
83.0,27.59,25900,712290.0,27.59,27.41,27.38,27.01,26.8,26.5,26.43,26.42,26.35,26.06,27.6,27.7,27.71,27.73,27.74,27.75,27.76,27.77,27.78,27.82,500,2500,200,6300,1500,1100,600,7600,3900,200,200,100,900,1100,900,2300,800,1000,1500,2500
84.0,27.59,25900,712290.0,27.59,27.41,27.38,27.01,26.8,26.5,26.43,26.42,26.35,26.06,27.6,27.7,27.71,27.73,27.74,27.75,27.76,27.77,27.78,27.82,500,2500,200,6300,1500,1100,600,7600,3900,200,200,100,900,1100,3900,2300,800,1000,1500,2500
85.0,27.59,26000,715049.0,27.59,27.41,27.38,27.01,26.8,26.5,26.43,26.42,26.35,26.06,27.6,27.7,27.71,27.73,27.74,27.75,27.76,27.77,27.78,27.82,400,2500,200,6300,1500,1100,600,7600,3900,200,200,100,900,1100,3900,2300,800,1000,1500,2500
86.0,27.59,26400,726085.0,27.41,27.38,27.01,26.8,26.5,26.43,26.42,26.35,26.06,26.03,27.59,27.6,27.7,27.71,27.73,27.74,27.75,27.76,27.77,27.78,2500,200,6300,1500,1100,600,7600,3900,200,200,100,200,100,900,1100,3900,2300,800,1000,1500
87.0,27.59,26700,734326.0,27.59,27.41,27.38,27.06,27.01,26.8,26.5,26.43,26.42,26.35,27.6,27.7,27.71,27.73,27.74,27.75,27.76,27.77,27.78,27.82,300,2300,200,1300,6300,1500,1100,600,7600,3900,200,100,900,1100,3900,2300,800,1000,1500,2500
88.0,27.59,26700,734326.0,27.59,27.41,27.38,27.06,27.01,26.8,26.5,26.43,26.42,26.35,27.6,27.7,27.71,27.73,27.74,27.75,27.76,27.77,27.78,27.82,300,2300,200,1300,6300,1500,1100,600,7600,3900,200,100,900,1100,3900,2300,800,1000,1500,2500
89.0,27.59,26700,734326.0,27.59,27.41,27.38,27.06,27.01,26.8,26.5,26.43,26.42,26.35,27.6,27.7,27.71,27.73,27.74,27.75,27.76,27.77,27.78,27.82,300,2300,200,1300,6300,1500,1100,600,7600,3900,200,100,900,1100,3900,2300,800,1000,1500,2500
90.0,27.59,26800,737085.0,27.59,27.41,27.38,27.06,27.01,26.8,26.5,26.43,26.42,26.35,27.6,27.71,27.73,27.74,27.75,27.76,27.77,27.78,27.82,27.88,200,2300,200,1300,6300,1500,1100,600,7600,3900,200,200,1100,3900,2300,800,1000,1500,2500,200
91.0,27.59,27100,745363.0,27.41,27.38,27.06,27.01,26.8,26.5,26.43,26.42,26.35,26.06,27.59,27.6,27.71,27.73,27.74,27.75,27.76,27.77,27.78,27.82,2300,200,1300,6300,1500,1100,600,7600,3900,200,100,100,200,1100,3900,2300,800,1000,1500,2500
92.0,27.59,27300,750881.0,27.42,27.41,27.38,27.06,27.01,26.8,26.5,26.43,26.42,26.35,27.59,27.6,27.71,27.73,27.74,27.75,27.76,27.77,27.78,27.82,600,2100,200,1300,6300,1500,1100,600,7600,3900,400,100,200,1100,3900,2300,800,1000,1500,2500
93.0,27.59,27300,750881.0,27.42,27.41,27.38,27.06,27.01,26.8,26.5,26.43,26.42,26.35,27.59,27.6,27.71,27.73,27.74,27.75,27.76,27.77,27.78,27.82,600,2100,200,1300,6300,1500,1100,600,7600,3900,400,100,200,1100,3900,2300,800,1000,1500,2500
94.0,27.59,27300,750881.0,27.42,27.41,27.38,27.06,27.01,26.8,26.5,26.43,26.42,26.35,27.59,27.6,27.71,27.73,27.74,27.75,27.76,27.77,27.78,27.82,600,2100,200,1300,6300,1500,1100,600,7600,3900,400,100,200,1100,3900,2300,800,1000,1500,2500
95.0,27.59,27700,761917.0,27.6,27.59,27.42,27.41,27.38,27.06,27.01,26.8,26.5,26.43,27.71,27.73,27.74,27.75,27.76,27.77,27.78,27.82,27.88,27.91,1600,4200,300,2100,200,1300,6300,1500,1100,600,200,1100,3900,2300,800,1000,1500,2500,200,200
96.0,27.59,27700,761917.0,27.6,27.59,27.42,27.41,27.38,27.06,27.01,26.8,26.5,26.43,27.71,27.74,27.75,27.76,27.77,27.78,27.82,27.88,27.91,27.94,1600,4200,300,2100,200,1300,6300,1500,1100,600,200,3900,2300,800,1000,1500,2500,200,200,500
97.0,27.6,27800,764677.0,27.6,27.59,27.42,27.41,27.38,27.06,27.01,26.8,26.5,26.43,27.71,27.74,27.75,27.76,27.77,27.78,27.82,27.88,27.91,27.94,1500,5300,300,2100,200,1300,6300,1500,1100,600,200,3900,2300,800,1000,1500,2500,200,200,500
98.0,27.6,27800,764677.0,27.6,27.59,27.42,27.41,27.38,27.06,27.01,26.8,26.5,26.43,27.69,27.7,27.71,27.74,27.75,27.76,27.77,27.78,27.82,27.88,1500,2100,300,2100,200,1300,6300,1500,1100,600,500,600,200,3900,2300,800,1000,1500,2500,200
99.0,27.69,28000,770206.0,27.6,27.59,27.42,27.41,27.38,27.06,27.01,26.8,26.5,26.43,27.69,27.7,27.71,27.74,27.75,27.76,27.77,27.78,27.82,27.88,1400,2100,300,2100,200,1300,6300,1500,1100,600,400,600,200,3900,2300,800,1000,1500,2500,200
100.0,27.6,28100,772966.0,27.6,27.59,27.42,27.41,27.38,27.06,27.01,26.8,26.5,26.43,27.69,27.7,27.71,27.74,27.75,27.76,27.77,27.78,27.82,27.88,1300,2100,300,2100,200,1300,6300,1500,1100,600,400,600,200,3900,2300,800,1000,1500,2500,200
101.0,27.6,28300,778486.0,27.6,27.59,27.42,27.41,27.38,27.06,27.01,26.8,26.5,26.43,27.69,27.7,27.71,27.74,27.75,27.76,27.77,27.78,27.82,27.88,1100,2100,300,2100,200,1300,6300,1500,1100,600,400,600,200,3900,2300,800,1000,1500,2500,200
102.0,27.6,28300,778486.0,27.6,27.59,27.42,27.41,27.38,27.06,27.01,26.8,26.5,26.43,27.69,27.7,27.71,27.74,27.75,27.76,27.77,27.78,27.82,27.88,1100,2100,300,2100,200,1300,6300,1500,1100,600,400,600,200,3900,2300,800,1000,1500,2500,200
103.0,27.6,28900,795046.0,27.6,27.59,27.42,27.41,27.38,27.06,27.01,26.8,26.5,26.43,27.69,27.7,27.71,27.74,27.75,27.76,27.77,27.78,27.82,27.88,500,1000,300,2100,200,1300,6300,1500,1100,600,400,600,200,3900,2300,800,1000,1500,2500,200
104.0,27.6,28900,795046.0,27.6,27.59,27.42,27.41,27.38,27.06,27.01,26.8,26.5,26.43,27.69,27.7,27.71,27.74,27.75,27.76,27.77,27.78,27.82,27.88,500,1000,300,2100,200,1300,6300,1500,1100,600,400,600,200,3900,2300,800,1000,1500,2500,200
105.0,27.6,28900,795046.0,27.6,27.59,27.47,27.42,27.41,27.38,27.01,26.8,26.5,26.43,27.69,27.7,27.71,27.74,27.75,27.76,27.77,27.78,27.82,27.88,500,1000,100,300,2100,200,6300,1500,1100,600,400,600,200,3900,2300,800,1000,1500,2500,200
106.0,27.6,28900,795046.0,27.6,27.59,27.5,27.47,27.42,27.41,27.38,27.01,26.8,26.5,27.69,27.7,27.71,27.74,27.75,27.76,27.77,27.78,27.82,27.88,500,1000,500,100,300,2100,200,6300,1500,1100,400,600,200,3900,2300,800,1000,1500,2500,200
107.0,27.6,28900,795046.0,27.6,27.59,27.5,27.47,27.42,27.41,27.38,27.01,26.8,26.5,27.69,27.7,27.71,27.74,27.75,27.76,27.77,27.78,27.82,27.88,500,1000,500,100,300,2100,200,6300,1500,1100,400,600,200,3900,2300,800,1000,1500,2500,200
108.0,27.6,28900,795046.0,27.6,27.59,27.5,27.47,27.42,27.41,27.38,27.01,26.8,26.5,27.69,27.7,27.71,27.74,27.75,27.76,27.77,27.78,27.82,27.88,500,1000,500,100,300,2100,200,6300,1500,1100,400,600,200,3900,2300,800,1000,1500,2500,200
109.0,27.6,28900,795046.0,27.6,27.59,27.5,27.47,27.42,27.41,27.38,27.01,26.8,26.5,27.69,27.7,27.71,27.74,27.75,27.76,27.77,27.78,27.82,27.88,500,1000,500,100,300,2100,200,6300,1500,1100,400,600,200,3900,2300,800,1000,1500,2500,200
110.0,27.6,28900,795046.0,27.6,27.59,27.5,27.47,27.42,27.41,27.38,27.01,26.8,26.5,27.69,27.7,27.71,27.74,27.75,27.76,27.77,27.78,27.82,27.88,500,1000,500,100,300,2100,1200,6300,1500,1100,400,600,200,3900,2300,800,1000,1500,2500,200
111.0,27.6,28900,795046.0,27.6,27.59,27.5,27.47,27.42,27.41,27.38,27.01,26.8,26.5,27.69,27.7,27.71,27.74,27.75,27.76,27.77,27.78,27.82,27.88,500,1000,500,100,300,2100,1200,6300,1500,1100,400,600,200,3900,2300,800,1000,1500,2500,200
112.0,27.6,29100,800566.0,27.6,27.59,27.5,27.47,27.42,27.41,27.38,27.01,26.8,26.5,27.67,27.68,27.69,27.71,27.74,27.75,27.76,27.77,27.78,27.82,300,1000,500,100,300,2100,1200,6300,1500,1100,1100,400,400,200,3900,2300,800,1000,1500,2500
113.0,27.69,34400,947297.0,27.6,27.59,27.5,27.47,27.42,27.41,27.38,27.01,26.8,26.5,27.71,27.74,27.75,27.76,27.77,27.78,27.82,27.88,27.91,27.94,300,1000,500,100,300,2100,1200,6300,1500,1100,200,3900,2300,800,1000,1500,2500,200,200,500
114.0,27.69,34400,947297.0,27.6,27.59,27.5,27.47,27.42,27.41,27.38,27.01,26.8,26.5,27.71,27.74,27.75,27.76,27.77,27.78,27.82,27.88,27.91,27.94,300,1000,500,100,300,2100,1200,6300,1500,1100,200,3900,2300,800,1000,1500,2500,200,200,500
115.0,27.69,34600,952835.0,27.69,27.6,27.59,27.5,27.47,27.42,27.41,27.38,27.01,26.8,27.71,27.74,27.75,27.76,27.77,27.78,27.82,27.88,27.91,27.94,500,300,1000,500,100,300,2100,1200,6300,1500,200,3900,2300,800,1000,1500,2500,200,200,500
116.0,27.69,34700,955604.0,27.69,27.59,27.5,27.47,27.42,27.41,27.38,27.01,26.8,26.5,27.71,27.74,27.75,27.76,27.77,27.78,27.82,27.88,27.91,27.94,400,1000,500,100,300,2100,1200,6300,1500,1100,200,3900,2300,800,1000,1500,2500,200,200,500
117.0,27.69,34700,955604.0,27.69,27.59,27.5,27.47,27.42,27.41,27.38,27.01,26.8,26.5,27.71,27.74,27.75,27.76,27.77,27.78,27.82,27.88,27.91,27.94,400,1000,500,100,300,2100,1200,6300,1500,1100,200,3900,2300,800,1000,1500,2500,200,200,500
118.0,27.69,35000,963911.0,27.69,27.59,27.5,27.47,27.42,27.41,27.38,27.01,26.8,26.5,27.71,27.74,27.75,27.76,27.77,27.78,27.82,27.88,27.91,27.94,100,1000,500,100,300,2100,1200,6300,1500,1100,200,3900,2300,800,1000,1500,2500,200,200,500
119.0,27.69,35200,969449.0,27.69,27.59,27.5,27.47,27.42,27.41,27.38,27.01,26.8,26.5,27.71,27.74,27.75,27.76,27.77,27.78,27.82,27.88,27.91,27.94,200,1000,500,100,300,2100,1200,6300,1500,1100,200,3900,2300,800,1000,1500,2500,200,200,500
120.0,27.69,35800,986063.0,27.69,27.59,27.5,27.47,27.42,27.41,27.38,27.01,26.8,26.5,27.71,27.74,27.75,27.76,27.77,27.78,27.82,27.88,27.91,27.94,200,1000,500,100,300,2100,1200,6300,1500,1100,200,3900,2300,800,1000,1500,2500,200,200,500
121.0,27.69,35800,986063.0,27.69,27.59,27.5,27.47,27.42,27.41,27.38,27.01,26.8,26.5,27.71,27.74,27.75,27.76,27.77,27.78,27.82,27.88,27.91,27.94,200,1000,500,100,300,2100,1200,6300,1500,1100,200,3900,2300,800,1000,1500,2500,200,200,500
122.0,27.69,36000,991601.0,27.59,27.5,27.47,27.42,27.41,27.38,27.01,26.8,26.5,26.43,27.71,27.74,27.75,27.76,27.77,27.78,27.82,27.88,27.91,27.94,1000,500,100,300,2100,1200,6300,1500,1100,600,200,3900,2300,800,1000,1500,2500,200,200,500
123.0,27.69,36100,994370.0,27.59,27.5,27.47,27.42,27.41,27.38,27.01,26.8,26.5,26.43,27.69,27.71,27.74,27.75,27.76,27.77,27.78,27.82,27.88,27.91,1000,500,100,300,2100,1200,6300,1500,1100,600,100,200,3900,2300,800,1000,1500,2500,200,200
124.0,27.59,36400,1002647.0,27.59,27.5,27.47,27.42,27.41,27.38,27.01,26.8,26.5,26.43,27.69,27.71,27.74,27.75,27.76,27.77,27.78,27.82,27.88,27.91,700,500,100,300,2100,1200,6300,1500,1100,600,100,200,3900,2300,800,1000,1500,2500,200,200
125.0,27.68,36600,1008183.0,27.59,27.5,27.47,27.42,27.41,27.38,27.01,26.8,26.5,26.43,27.68,27.69,27.71,27.74,27.75,27.76,27.77,27.78,27.82,27.88,700,500,100,300,2100,1200,6300,1500,1100,600,400,100,200,3900,2300,800,1000,1500,2500,200
126.0,27.68,36600,1008183.0,27.59,27.5,27.47,27.42,27.41,27.38,27.01,26.8,26.5,26.43,27.68,27.69,27.71,27.74,27.75,27.76,27.77,27.78,27.82,27.88,700,500,100,300,2100,1200,6300,1500,1100,600,400,100,200,3900,2300,800,1000,1500,2500,200
127.0,27.68,36600,1008183.0,27.59,27.5,27.47,27.42,27.41,27.38,27.01,26.8,26.5,26.43,27.68,27.69,27.71,27.74,27.75,27.76,27.77,27.78,27.82,27.88,700,500,100,300,2100,1200,6300,1500,1100,600,400,100,200,3900,2300,800,1000,1500,2500,200
128.0,27.68,36600,1008183.0,27.61,27.59,27.5,27.47,27.42,27.41,27.38,27.01,26.8,26.5,27.68,27.69,27.71,27.74,27.75,27.76,27.77,27.78,27.82,27.88,2300,500,500,100,300,2100,1200,6300,1500,1100,500,100,200,3900,2300,800,1000,1500,2500,200
129.0,27.68,36600,1008183.0,27.61,27.59,27.5,27.47,27.42,27.41,27.38,27.01,26.8,26.5,27.68,27.71,27.74,27.75,27.76,27.77,27.78,27.82,27.88,27.91,2300,500,500,100,300,2100,1200,6300,1500,1100,500,200,3900,2300,800,1000,1500,2500,200,200
130.0,27.68,36600,1008183.0,27.61,27.59,27.5,27.47,27.42,27.41,27.38,27.01,26.8,26.5,27.68,27.71,27.74,27.75,27.76,27.77,27.78,27.82,27.88,27.91,2300,500,500,100,300,2100,1200,6300,1500,1100,500,200,3900,2300,800,1000,1500,2500,200,200
131.0,27.61,36800,1013705.0,27.61,27.59,27.5,27.42,27.41,27.38,27.01,26.8,26.5,26.43,27.68,27.71,27.74,27.75,27.76,27.77,27.78,27.82,27.88,27.91,2100,500,500,300,2100,1000,6300,1500,1100,600,500,200,3900,2300,800,1000,1500,2500,200,200
132.0,27.61,36800,1013705.0,27.61,27.59,27.5,27.42,27.41,27.38,27.01,26.8,26.5,26.43,27.68,27.71,27.74,27.75,27.76,27.77,27.78,27.82,27.88,27.91,2100,500,500,300,2100,1000,6300,1500,1100,600,500,200,3900,2300,800,1000,1500,2500,200,200
133.0,27.68,37300,1027545.0,27.61,27.59,27.5,27.42,27.41,27.38,27.01,26.8,26.5,26.43,27.71,27.74,27.75,27.76,27.77,27.78,27.82,27.88,27.91,27.94,2100,500,500,300,2100,1000,6300,1500,1100,600,200,3900,2300,800,1000,1500,2500,200,200,500
134.0,27.61,37500,1033067.0,27.61,27.59,27.5,27.42,27.41,27.38,27.01,26.8,26.5,26.43,27.71,27.74,27.75,27.76,27.77,27.78,27.82,27.88,27.91,27.94,1900,500,500,300,2100,1000,6300,1500,1100,600,200,3900,2300,800,1000,1500,2500,200,200,500
135.0,27.61,37800,1041350.0,27.61,27.59,27.5,27.42,27.41,27.38,27.01,26.8,26.5,26.43,27.71,27.74,27.75,27.76,27.77,27.78,27.82,27.88,27.91,27.94,1600,500,500,300,2100,1000,6300,1500,1100,600,200,3900,2300,800,1000,1500,2500,200,200,500
136.0,27.61,37800,1041350.0,27.61,27.59,27.5,27.42,27.41,27.38,27.01,26.8,26.5,26.43,27.71,27.74,27.75,27.76,27.77,27.78,27.82,27.88,27.91,27.94,1600,500,500,300,2100,1000,6300,1500,1100,600,200,3900,2300,800,1000,1500,2500,200,200,500
137.0,27.61,37800,1041350.0,27.61,27.59,27.5,27.42,27.41,27.38,27.01,26.8,26.5,26.43,27.71,27.74,27.75,27.76,27.77,27.78,27.82,27.88,27.91,27.94,1600,500,500,300,2100,1000,6300,1500,1100,600,200,3900,2300,800,1000,1500,2500,200,200,500
138.0,27.61,37900,1044111.0,27.61,27.59,27.5,27.42,27.41,27.38,27.01,26.8,26.5,26.43,27.71,27.74,27.75,27.76,27.77,27.78,27.82,27.88,27.91,27.94,1500,500,500,300,2100,1000,6300,1500,1100,600,200,3900,2300,800,1000,1500,2500,200,200,500
139.0,27.61,37900,1044111.0,27.61,27.59,27.5,27.42,27.41,27.38,27.01,26.8,26.5,26.43,27.71,27.74,27.75,27.76,27.77,27.78,27.82,27.88,27.91,27.94,1500,500,500,300,2100,1000,6300,1500,1100,600,200,3900,2300,800,1000,1500,2500,200,200,500
140.0,27.61,37900,1044111.0,27.61,27.59,27.5,27.42,27.41,27.38,27.01,26.8,26.5,26.43,27.71,27.74,27.75,27.76,27.77,27.78,27.82,27.88,27.91,27.94,1500,500,500,300,2100,1000,6300,1500,1100,600,200,3900,2300,800,1000,1500,2500,200,200,500
141.0,27.61,39400,1085526.0,27.59,27.5,27.42,27.41,27.38,27.01,26.8,26.5,26.43,26.42,27.61,27.71,27.74,27.75,27.76,27.77,27.78,27.82,27.88,27.91,500,500,300,2100,1000,6300,1500,1100,600,7600,2900,200,3900,2300,800,1000,1500,2500,200,200
142.0,27.59,39500,1088285.0,27.59,27.5,27.42,27.41,27.38,27.01,26.8,26.5,26.43,26.42,27.61,27.7,27.71,27.74,27.75,27.76,27.77,27.78,27.82,27.88,600,500,300,2100,1000,6300,1500,1100,600,7600,2900,400,200,3900,2300,800,1000,1500,2500,200
143.0,27.61,40500,1115895.0,27.59,27.5,27.42,27.41,27.38,27.01,26.8,26.5,26.43,26.42,27.6,27.61,27.68,27.7,27.71,27.74,27.75,27.76,27.77,27.78,600,500,300,2100,1000,6300,1600,1100,600,7600,1600,1900,1500,400,200,3900,2300,800,1000,1500
144.0,27.61,40500,1115895.0,27.59,27.5,27.42,27.41,27.38,27.01,26.8,26.5,26.43,26.42,27.6,27.61,27.68,27.7,27.71,27.74,27.75,27.76,27.77,27.78,600,500,300,2100,1000,6300,1600,1100,600,7600,1600,1900,1500,400,1200,3900,2300,800,1000,1500
145.0,27.6,40800,1124175.0,27.59,27.5,27.42,27.41,27.38,27.01,26.8,26.5,26.43,26.42,27.6,27.61,27.65,27.68,27.7,27.71,27.74,27.75,27.76,27.77,600,500,300,2100,1000,6300,1600,1100,600,7600,1300,1900,300,1500,400,1200,3900,2300,800,1000
146.0,27.6,41600,1146255.0,27.59,27.5,27.42,27.41,27.38,27.01,26.8,26.5,26.43,26.42,27.6,27.61,27.65,27.68,27.7,27.71,27.74,27.75,27.76,27.77,600,500,300,2100,1000,6300,1600,1100,600,7600,500,1900,300,1500,400,1200,3900,2300,800,1000
147.0,27.6,42200,1162814.0,27.59,27.5,27.42,27.41,27.38,27.01,26.8,26.5,26.43,26.42,27.6,27.61,27.65,27.68,27.71,27.74,27.75,27.76,27.77,27.78,500,500,300,2100,1000,6300,1600,1100,600,7600,1300,1900,300,1500,1200,3900,2300,800,1000,1500
148.0,27.6,42200,1162814.0,27.59,27.5,27.42,27.41,27.38,27.01,26.8,26.5,26.43,26.42,27.6,27.61,27.65,27.68,27.71,27.74,27.75,27.76,27.77,27.78,500,500,300,2100,1000,6300,1600,1100,600,7600,1300,1900,300,1500,1200,3900,2300,800,1000,1500
149.0,27.6,42200,1162814.0,27.59,27.5,27.42,27.41,27.38,27.01,26.8,26.5,26.43,26.42,27.6,27.61,27.65,27.68,27.71,27.74,27.75,27.76,27.77,27.78,500,500,300,2100,1000,6300,1600,1100,600,7600,1300,1900,300,1500,1200,3900,2300,800,1000,1500
150.0,27.59,42500,1171091.0,27.59,27.5,27.42,27.41,27.38,27.01,26.8,26.5,26.43,26.42,27.6,27.61,27.65,27.68,27.71,27.72,27.74,27.75,27.76,27.77,200,500,300,2100,1000,6300,1600,1100,600,7600,1300,1900,300,1500,1200,200,3900,2300,800,1000
151.0,27.59,42700,1176609.0,27.5,27.42,27.41,27.38,27.01,26.8,26.5,26.43,26.42,26.35,27.59,27.6,27.61,27.65,27.68,27.71,27.72,27.74,27.75,27.76,500,300,2100,1000,6300,1600,1100,600,7600,3900,400,1600,1900,300,1500,1200,200,3900,2300,800
152.0,27.59,42700,1176609.0,27.5,27.42,27.41,27.38,27.01,26.8,26.5,26.43,26.42,26.35,27.59,27.6,27.61,27.65,27.68,27.71,27.72,27.74,27.75,27.76,500,300,2100,1000,6300,1600,1100,600,7600,3900,800,1600,1900,300,1500,1200,200,3900,2300,800
153.0,27.59,42800,1179368.0,27.5,27.42,27.41,27.38,27.01,26.8,26.5,26.43,26.42,26.35,27.59,27.6,27.61,27.65,27.68,27.71,27.72,27.74,27.75,27.76,500,300,2100,1000,6300,1600,1100,600,7600,3900,700,1600,1900,300,1500,1200,200,3900,2300,800
154.0,27.59,42800,1179368.0,27.5,27.42,27.41,27.38,27.01,26.8,26.5,26.43,26.42,26.35,27.58,27.59,27.6,27.61,27.65,27.68,27.7,27.71,27.72,27.74,500,300,2100,1000,6300,1600,1100,600,7600,3900,500,1000,1600,1900,300,1500,10300,1200,200,3900
155.0,27.59,42800,1179368.0,27.5,27.42,27.41,27.4,27.38,27.01,26.8,26.5,26.43,26.42,27.58,27.59,27.6,27.61,27.65,27.68,27.7,27.71,27.72,27.74,500,300,2100,1000,1000,6300,1600,1100,600,7600,900,1500,1600,1900,300,1500,10300,1200,200,3900
156.0,27.59,42800,1179368.0,27.5,27.42,27.41,27.4,27.38,27.01,26.8,26.5,26.43,26.42,27.58,27.59,27.6,27.61,27.65,27.68,27.7,27.71,27.72,27.74,500,300,2100,1000,1000,6300,1600,1100,600,7600,1300,1500,1600,1900,300,1500,10300,1200,200,3900
157.0,27.58,42900,1182126.0,27.5,27.42,27.41,27.4,27.38,27.01,26.8,26.5,26.43,26.42,27.58,27.59,27.6,27.61,27.65,27.68,27.7,27.71,27.72,27.74,500,300,2100,1000,1000,6300,1600,1100,600,7600,2200,1000,1600,1900,300,1500,10300,1200,200,3900
158.0,27.58,42900,1182126.0,27.5,27.42,27.41,27.4,27.38,27.01,26.8,26.5,26.43,26.42,27.58,27.59,27.6,27.61,27.65,27.68,27.7,27.71,27.72,27.74,500,300,2100,1000,1000,6300,1600,1100,600,7600,4300,700,1600,1900,300,1500,10300,1200,200,3900
159.0,27.5,43000,1184876.0,27.5,27.42,27.41,27.4,27.38,27.01,26.8,26.5,26.43,26.42,27.56,27.57,27.58,27.59,27.6,27.61,27.65,27.68,27.7,27.71,400,300,2100,1000,1000,6300,1600,1100,600,7600,600,1200,4100,800,1600,1900,300,1500,10300,1200
160.0,27.5,43400,1195876.0,27.42,27.41,27.4,27.38,27.01,26.8,26.5,26.43,26.42,26.35,27.5,27.56,27.57,27.58,27.59,27.6,27.61,27.65,27.68,27.7,300,2100,1000,1000,6300,1600,1100,600,7600,3900,800,400,1400,4100,800,1600,1900,300,1500,10300
161.0,27.5,43400,1195876.0,27.42,27.41,27.4,27.38,27.01,26.8,26.5,26.43,26.42,26.35,27.5,27.56,27.57,27.58,27.59,27.6,27.61,27.65,27.68,27.7,300,2100,1000,1000,6300,1600,1100,600,7600,3900,800,400,1600,4100,800,1600,1900,300,1500,10300
162.0,27.5,43400,1195876.0,27.42,27.41,27.4,27.38,27.01,26.8,26.5,26.43,26.42,26.35,27.5,27.56,27.57,27.58,27.59,27.6,27.61,27.65,27.68,27.7,300,2100,1000,1000,6300,1600,1100,600,7600,3900,1200,400,1000,4600,800,1600,1900,300,1500,10300
163.0,27.5,43400,1195876.0,27.42,27.41,27.4,27.38,27.01,26.8,26.5,26.43,26.42,26.35,27.49,27.5,27.56,27.57,27.58,27.59,27.6,27.61,27.65,27.68,300,2100,1000,1000,6300,1600,1100,600,7600,3900,200,1400,400,1000,4600,800,1600,1900,300,1500
164.0,27.5,43400,1195876.0,27.42,27.41,27.4,27.38,27.01,26.8,26.5,26.43,26.42,26.35,27.49,27.5,27.56,27.57,27.58,27.59,27.6,27.61,27.65,27.68,300,2100,1000,1000,6300,1600,1100,600,7600,3900,200,1000,400,1000,4600,800,1600,1900,300,1500
165.0,27.5,43400,1195876.0,27.42,27.41,27.4,27.38,27.01,26.8,26.5,26.43,26.42,26.35,27.5,27.56,27.57,27.58,27.59,27.6,27.61,27.65,27.68,27.7,300,2100,1000,1000,6300,1600,1100,600,7600,3900,1000,400,1000,4600,800,1600,1900,300,1500,10300
166.0,27.5,43400,1195876.0,27.42,27.41,27.4,27.38,27.01,26.8,26.5,26.43,26.42,26.35,27.48,27.5,27.56,27.57,27.58,27.59,27.6,27.65,27.68,27.7,300,2100,1000,1000,6300,1600,1100,600,7600,3900,500,1000,400,1000,4600,800,1600,300,1500,10300
167.0,27.5,43400,1195876.0,27.42,27.41,27.4,27.38,27.01,26.8,26.5,26.43,26.42,26.35,27.48,27.5,27.56,27.57,27.58,27.59,27.6,27.65,27.68,27.7,300,2100,1000,1000,6300,1600,1100,600,7600,3900,500,1000,400,1000,4600,800,1600,300,1500,10300
168.0,27.48,43500,1198624.0,27.42,27.41,27.4,27.38,27.01,26.8,26.5,26.43,26.42,26.35,27.48,27.5,27.56,27.57,27.58,27.59,27.6,27.65,27.68,27.7,300,2100,1000,1000,6300,1600,1100,600,7600,3900,400,1000,400,1000,4600,800,1600,300,1500,10300
169.0,27.48,43500,1198624.0,27.42,27.41,27.4,27.38,27.01,26.8,26.5,26.43,26.42,26.35,27.48,27.5,27.56,27.57,27.58,27.59,27.6,27.65,27.68,27.7,300,2100,1000,1000,6300,1600,1100,600,7600,3900,400,1000,400,1000,4600,800,1600,300,1500,10300
170.0,27.48,43500,1198624.0,27.42,27.41,27.4,27.38,27.01,26.8,26.5,26.43,26.42,26.35,27.48,27.5,27.56,27.57,27.58,27.59,27.6,27.65,27.68,27.7,300,2100,1000,1000,6300,1600,1100,600,7600,3900,400,1000,400,1000,4600,800,1600,300,1500,10300
171.0,27.48,43500,1198624.0,27.42,27.41,27.4,27.38,27.01,26.8,26.5,26.43,26.42,26.35,27.48,27.5,27.56,27.57,27.58,27.59,27.6,27.65,27.68,27.7,300,2100,1000,1000,6300,1600,1100,600,7600,3900,400,1000,400,1000,4600,800,1600,300,1500,10300
172.0,27.48,43500,1198624.0,27.42,27.41,27.4,27.38,27.01,26.8,26.5,26.43,26.42,26.35,27.48,27.5,27.56,27.57,27.58,27.59,27.6,27.65,27.68,27.7,300,2100,1000,1000,6300,1600,1100,600,7600,3900,400,1000,400,1000,4600,800,1600,300,1500,10300
173.0,27.48,43700,1204120.0,27.42,27.41,27.4,27.38,27.01,26.8,26.5,26.43,26.42,26.35,27.48,27.5,27.56,27.57,27.58,27.59,27.6,27.65,27.68,27.7,300,2100,1000,1000,6300,1600,1100,600,7600,3900,200,1000,400,1000,4600,800,1600,300,1500,10300
174.0,27.48,43700,1204120.0,27.42,27.41,27.4,27.38,27.01,26.8,26.5,26.43,26.42,26.35,27.48,27.5,27.56,27.57,27.58,27.59,27.6,27.65,27.68,27.7,300,2100,1000,1000,6300,1600,1100,600,7600,3900,200,1000,400,1000,4600,800,1600,300,1500,10300
175.0,27.48,43700,1204120.0,27.42,27.41,27.4,27.38,27.01,26.8,26.5,26.43,26.42,26.35,27.48,27.5,27.56,27.57,27.58,27.59,27.6,27.65,27.68,27.7,300,2100,1000,1000,6300,1600,1100,600,7600,3900,200,1000,400,1000,4600,800,1600,300,1500,10300
176.0,27.42,44000,1212346.0,27.41,27.4,27.38,27.01,26.8,26.5,26.43,26.42,26.35,26.06,27.42,27.48,27.5,27.56,27.57,27.58,27.59,27.6,27.65,27.68,2100,1000,1000,6300,1600,1100,600,7600,3900,200,100,200,1000,400,1000,4600,800,1600,300,1500
177.0,27.41,44200,1217828.0,27.41,27.4,27.38,27.01,26.8,26.5,26.43,26.42,26.35,26.06,27.42,27.48,27.5,27.56,27.57,27.58,27.59,27.6,27.65,27.68,1900,1000,1000,6300,1600,1100,600,7600,3900,200,100,200,1000,400,1000,4600,800,1600,300,1500
178.0,27.41,44200,1217828.0,27.41,27.4,27.38,27.01,26.8,26.5,26.43,26.42,26.35,26.06,27.42,27.48,27.5,27.56,27.57,27.58,27.59,27.6,27.65,27.68,1900,1000,1000,6300,1600,1100,600,7600,3900,200,100,200,1000,400,1000,4600,800,1600,300,1500
179.0,27.42,44400,1223311.0,27.42,27.41,27.4,27.38,27.01,26.8,26.5,26.43,26.42,26.35,27.48,27.5,27.56,27.57,27.58,27.59,27.6,27.65,27.68,27.7,1100,1800,1000,1000,6300,1600,1100,600,7600,3900,200,1000,400,1000,4600,800,1600,300,1500,10300
180.0,27.42,44500,1226053.0,27.42,27.41,27.4,27.38,27.01,26.8,26.5,26.43,26.42,26.35,27.48,27.5,27.56,27.57,27.58,27.59,27.6,27.65,27.68,27.7,1200,1800,1000,1000,6300,1600,1100,600,7600,3900,200,1000,400,1000,4600,800,1600,300,1500,10300
181.0,27.42,44500,1226053.0,27.42,27.41,27.4,27.38,27.01,26.8,26.5,26.43,26.42,26.35,27.48,27.5,27.56,27.57,27.58,27.59,27.6,27.65,27.68,27.7,1200,1800,1000,1000,6300,1600,1100,600,7600,3900,200,1000,400,1000,4600,800,1600,300,1500,10300
182.0,27.42,44500,1226053.0,27.42,27.41,27.4,27.38,27.01,26.8,26.5,26.43,26.42,26.35,27.48,27.5,27.56,27.57,27.58,27.59,27.6,27.65,27.68,27.7,1200,1800,1000,1000,6300,1600,1100,600,7600,3900,400,1000,400,1000,4600,800,1600,300,1500,10300
183.0,27.42,44700,1231537.0,27.42,27.41,27.4,27.38,27.01,26.8,26.5,26.43,26.42,26.35,27.48,27.5,27.56,27.57,27.58,27.59,27.6,27.65,27.68,27.7,1000,1800,1000,1000,6300,1600,1100,600,7600,3900,400,1000,400,1000,4600,800,1600,300,1500,10300
184.0,27.42,44800,1234279.0,27.42,27.41,27.4,27.38,27.01,26.8,26.5,26.43,26.42,26.35,27.48,27.5,27.56,27.57,27.58,27.59,27.6,27.65,27.68,27.7,900,1800,1000,1000,6300,1600,1100,600,7600,3900,600,1000,400,1000,4600,800,1600,300,1500,10300
185.0,27.42,44800,1234279.0,27.42,27.41,27.4,27.38,27.01,26.8,26.5,26.43,26.42,26.35,27.48,27.5,27.56,27.57,27.58,27.59,27.6,27.65,27.68,27.7,900,1800,1000,1000,6300,1600,1100,600,7600,3900,600,1000,400,1000,4600,800,1600,300,1500,10300
186.0,27.42,44800,1234279.0,27.42,27.41,27.4,27.38,27.01,26.8,26.5,26.43,26.42,26.35,27.48,27.5,27.56,27.57,27.58,27.59,27.6,27.65,27.68,27.7,900,1800,1000,1000,6300,1600,1100,600,7600,3900,600,1000,400,1000,4600,800,1600,300,1500,10300
187.0,27.42,44800,1234279.0,27.42,27.41,27.4,27.38,27.01,26.8,26.5,26.43,26.42,26.35,27.48,27.5,27.56,27.57,27.58,27.59,27.6,27.65,27.68,27.7,1000,1800,1000,1000,6300,1600,1100,600,7600,3900,800,1000,400,1000,4600,800,1600,300,1500,10300
188.0,27.42,44900,1237021.0,27.42,27.41,27.4,27.38,27.01,26.8,26.5,26.43,26.42,26.35,27.48,27.5,27.56,27.57,27.58,27.59,27.6,27.65,27.68,27.7,900,1800,1000,1000,6300,1600,1100,600,7600,3900,800,1000,400,1000,4600,800,1600,300,1500,10300
189.0,27.42,44900,1237021.0,27.42,27.41,27.4,27.38,27.01,26.8,26.5,26.43,26.42,26.35,27.47,27.48,27.5,27.56,27.57,27.58,27.59,27.6,27.65,27.68,900,2100,1000,1000,6300,1600,1100,600,7600,3900,400,800,1000,400,1000,4600,800,1600,300,1500
190.0,27.42,44900,1237021.0,27.42,27.41,27.4,27.38,27.01,26.8,26.5,26.43,26.42,26.35,27.47,27.48,27.5,27.56,27.57,27.58,27.59,27.6,27.65,27.68,900,2100,1000,1000,6300,1600,1100,600,7600,3900,400,800,1000,400,1000,4600,800,1600,300,1500
191.0,27.47,45000,1239768.0,27.42,27.41,27.4,27.38,27.01,26.8,26.5,26.43,26.42,26.35,27.47,27.48,27.5,27.56,27.57,27.58,27.59,27.6,27.65,27.68,900,2100,1000,1000,6300,1600,1100,600,7600,3900,300,800,1000,400,1000,4600,800,1600,300,1500
192.0,27.47,45000,1239768.0,27.42,27.41,27.4,27.38,27.01,26.8,26.5,26.43,26.42,26.35,27.46,27.47,27.48,27.5,27.56,27.57,27.58,27.59,27.6,27.65,900,2100,1000,1000,6300,1600,1100,600,7600,3900,200,300,800,1000,400,1000,4600,800,1600,300
193.0,27.46,45100,1242514.0,27.42,27.41,27.4,27.38,27.01,26.81,26.8,26.5,26.43,26.42,27.46,27.47,27.48,27.5,27.56,27.57,27.58,27.59,27.6,27.65,900,2100,1000,1000,6300,700,1600,1100,600,7600,100,300,800,1000,400,1000,4600,800,1600,300
194.0,27.42,45700,1258970.0,27.42,27.41,27.4,27.38,27.01,26.81,26.8,26.5,26.43,26.42,27.47,27.48,27.5,27.56,27.57,27.58,27.59,27.6,27.65,27.68,400,2100,1000,1000,6300,700,1600,1100,600,7600,300,800,1000,400,1000,4600,800,1600,300,1500
195.0,27.42,46100,1269938.0,27.41,27.4,27.38,27.01,26.81,26.8,26.5,26.43,26.42,26.35,27.42,27.47,27.48,27.5,27.56,27.57,27.58,27.59,27.6,27.65,2100,1000,1000,6300,700,1600,1100,600,7600,3900,600,600,600,1000,400,1000,4600,800,1600,300
196.0,27.42,46100,1269938.0,27.41,27.4,27.38,27.01,26.81,26.8,26.5,26.43,26.42,26.35,27.42,27.47,27.48,27.5,27.56,27.57,27.58,27.59,27.6,27.65,2100,1000,1000,6300,700,1600,1100,600,7600,3900,600,600,600,1000,400,1000,4600,800,1600,300
197.0,27.42,46100,1269938.0,27.41,27.4,27.38,27.01,26.81,26.8,26.5,26.43,26.42,26.35,27.42,27.47,27.48,27.5,27.56,27.57,27.58,27.59,27.6,27.65,2100,1000,1000,6300,700,1600,1100,600,7600,3900,600,600,600,1000,400,1000,4600,800,1600,300
198.0,27.42,46200,1272680.0,27.41,27.4,27.38,27.01,26.9,26.81,26.8,26.5,26.43,26.42,27.42,27.46,27.47,27.48,27.5,27.56,27.57,27.58,27.59,27.6,2100,1000,1000,6300,300,700,1600,1100,600,7600,500,900,500,600,1000,400,1000,4600,800,1600
199.0,27.42,46200,1272680.0,27.41,27.4,27.38,27.01,26.9,26.81,26.8,26.5,26.43,26.42,27.42,27.45,27.46,27.47,27.48,27.5,27.56,27.57,27.58,27.59,2100,1000,1000,6300,300,700,1600,1100,600,7600,500,300,300,500,600,1000,400,1000,4600,800
200.0,27.42,46200,1272680.0,27.41,27.4,27.38,27.01,26.9,26.81,26.8,26.5,26.43,26.42,27.42,27.45,27.46,27.47,27.48,27.5,27.56,27.57,27.58,27.59,2100,1000,1000,6300,300,700,1600,1100,600,7600,600,300,300,500,600,1000,400,1000,4600,800
201.0,27.41,46400,1278162.0,27.41,27.4,27.38,27.01,26.9,26.81,26.8,26.5,26.43,26.42,27.42,27.45,27.46,27.47,27.48,27.5,27.56,27.57,27.58,27.59,1900,1000,1000,6300,300,700,1600,1100,600,7600,600,300,300,500,600,1000,400,1000,4600,800
202.0,27.41,46400,1278162.0,27.41,27.4,27.38,27.01,26.9,26.81,26.8,26.5,26.43,26.42,27.42,27.45,27.46,27.47,27.48,27.5,27.56,27.57,27.58,27.59,1900,1000,1000,6300,300,700,1600,1100,600,7600,600,300,300,500,600,1000,400,1000,4600,800
203.0,27.41,46400,1278162.0,27.41,27.4,27.38,27.01,26.9,26.81,26.8,26.5,26.43,26.42,27.42,27.45,27.46,27.47,27.48,27.5,27.56,27.57,27.58,27.59,1900,1000,1000,6300,300,700,1600,1100,600,7600,600,300,300,500,600,1000,400,1000,4600,800
204.0,27.41,46400,1278162.0,27.41,27.4,27.38,27.01,26.9,26.81,26.8,26.5,26.43,26.42,27.42,27.45,27.46,27.47,27.48,27.5,27.56,27.57,27.58,27.59,1900,1000,1000,6300,300,700,1600,1100,600,7600,600,300,300,500,600,1000,400,1000,4600,800
205.0,27.41,46400,1278162.0,27.41,27.4,27.38,27.01,26.9,26.81,26.8,26.5,26.43,26.42,27.42,27.45,27.46,27.47,27.48,27.5,27.56,27.57,27.58,27.59,1900,1000,1000,6300,300,700,1600,1100,600,7600,600,400,300,500,600,1000,400,1000,4600,800
206.0,27.41,46700,1286385.0,27.41,27.4,27.38,27.01,26.9,26.81,26.8,26.5,26.43,26.42,27.42,27.45,27.46,27.47,27.48,27.5,27.56,27.57,27.58,27.59,1600,1000,1000,6300,300,700,1600,1100,600,7600,600,400,300,500,600,1000,400,1000,4600,800
207.0,27.41,46700,1286385.0,27.41,27.4,27.38,27.01,26.9,26.81,26.8,26.5,26.43,26.42,27.42,27.45,27.46,27.47,27.48,27.5,27.56,27.57,27.58,27.59,1600,1000,1000,6300,300,700,1600,1100,600,7600,600,400,300,500,600,1000,400,1000,4600,800
208.0,27.41,46700,1286385.0,27.41,27.4,27.38,27.01,26.9,26.81,26.8,26.5,26.43,26.42,27.42,27.45,27.46,27.47,27.48,27.5,27.56,27.57,27.58,27.59,1600,1000,1000,6300,300,700,1600,1100,600,7600,600,400,300,500,600,1000,400,1000,4600,800
209.0,27.41,46800,1289126.0,27.41,27.4,27.38,27.01,26.9,26.81,26.8,26.5,26.43,26.42,27.42,27.45,27.46,27.47,27.48,27.5,27.56,27.57,27.58,27.59,1500,1000,1000,6300,300,700,1600,1100,600,7600,600,400,300,500,600,1000,400,1000,4600,800
210.0,27.41,46800,1289126.0,27.41,27.4,27.38,27.01,26.9,26.81,26.8,26.5,26.43,26.42,27.42,27.45,27.46,27.47,27.48,27.5,27.56,27.57,27.58,27.59,1500,1000,1000,6300,300,700,1600,1100,600,7600,600,400,300,500,400,1000,400,1000,4600,800
211.0,27.42,47300,1302836.0,27.41,27.4,27.38,27.01,26.9,26.81,26.8,26.5,26.43,26.42,27.42,27.45,27.46,27.47,27.48,27.5,27.56,27.57,27.58,27.59,1500,1000,1000,6300,300,700,1600,1100,600,7600,100,400,300,500,400,1000,400,1000,4600,800
212.0,27.42,47300,1302836.0,27.41,27.4,27.38,27.01,26.9,26.81,26.8,26.5,26.43,26.42,27.42,27.45,27.46,27.47,27.48,27.5,27.56,27.57,27.58,27.59,1500,1000,1000,6300,300,700,1600,1100,600,7600,100,400,300,500,400,1000,400,1000,4600,800
213.0,27.42,47300,1302836.0,27.41,27.4,27.38,27.01,26.9,26.81,26.8,26.5,26.43,26.42,27.42,27.45,27.46,27.47,27.48,27.5,27.56,27.57,27.58,27.59,1500,1000,1000,6300,300,700,1600,1100,600,7600,100,400,300,500,400,1000,400,1000,4600,800
214.0,27.42,47300,1302836.0,27.41,27.4,27.38,27.01,26.9,26.81,26.8,26.5,26.43,26.42,27.42,27.45,27.46,27.47,27.48,27.5,27.56,27.57,27.58,27.59,1500,1000,1000,6300,300,700,1600,1100,600,7600,100,400,300,500,400,1000,400,1000,4600,800
215.0,27.42,47300,1302836.0,27.41,27.4,27.38,27.01,26.9,26.81,26.8,26.5,26.43,26.42,27.42,27.45,27.46,27.47,27.48,27.5,27.56,27.57,27.58,27.59,1500,1000,1000,6300,300,700,1600,1100,600,7600,100,400,300,500,400,1000,400,1000,4600,800
216.0,27.42,47500,1308319.0,27.41,27.4,27.38,27.01,26.9,26.81,26.8,26.5,26.43,26.42,27.45,27.46,27.47,27.48,27.5,27.56,27.57,27.58,27.59,27.6,1400,1000,1000,6300,300,700,1600,1100,600,7600,400,300,500,400,1000,400,1000,4600,800,1600
217.0,27.42,47500,1308319.0,27.41,27.4,27.38,27.01,26.9,26.81,26.8,26.5,26.43,26.42,27.45,27.46,27.47,27.48,27.5,27.56,27.57,27.58,27.59,27.6,1400,1000,1000,6300,300,700,1600,1100,600,7600,400,300,500,400,1000,400,1000,4600,800,1600
218.0,27.41,47700,1313801.0,27.41,27.4,27.38,27.01,26.9,26.81,26.8,26.5,26.43,26.42,27.45,27.46,27.47,27.48,27.5,27.56,27.57,27.58,27.59,27.6,1200,1000,1000,6300,300,700,1600,1100,600,7600,400,300,500,400,1000,400,1000,4600,800,1600
219.0,27.41,47700,1313801.0,27.41,27.4,27.38,27.01,26.9,26.81,26.8,26.5,26.43,26.42,27.42,27.45,27.46,27.47,27.48,27.5,27.56,27.57,27.58,27.59,1200,1000,1000,6300,300,700,1600,1100,600,7600,100,400,300,500,400,1000,400,1000,4600,700
220.0,27.41,47700,1313801.0,27.41,27.4,27.38,27.01,26.9,26.81,26.8,26.5,26.43,26.42,27.42,27.45,27.46,27.47,27.48,27.5,27.56,27.57,27.58,27.59,1200,1000,1000,6300,300,700,1600,1100,600,7600,100,600,300,500,400,1000,400,1000,4600,700
221.0,27.41,47700,1313801.0,27.41,27.4,27.38,27.01,26.9,26.81,26.8,26.5,26.43,26.42,27.42,27.45,27.46,27.47,27.48,27.5,27.56,27.57,27.58,27.59,1200,1000,1000,6300,300,700,1600,1100,600,7600,100,600,300,500,400,1000,400,1000,4600,700
222.0,27.41,47700,1313801.0,27.41,27.4,27.38,27.01,26.9,26.81,26.8,26.5,26.43,26.42,27.42,27.45,27.46,27.47,27.48,27.5,27.56,27.57,27.58,27.59,1200,1000,1000,6300,300,700,1600,1100,600,7600,100,600,300,500,400,1000,400,1000,4600,700
223.0,27.41,47700,1313801.0,27.41,27.4,27.38,27.01,26.9,26.81,26.8,26.5,26.43,26.42,27.42,27.45,27.46,27.47,27.48,27.5,27.56,27.57,27.58,27.59,1200,1000,1000,6300,300,700,1600,1100,600,7600,100,600,300,500,400,1000,400,1000,4600,700
224.0,27.41,47800,1316542.0,27.41,27.4,27.38,27.01,26.9,26.81,26.8,26.5,26.43,26.42,27.42,27.45,27.46,27.47,27.48,27.5,27.56,27.57,27.58,27.59,1100,1000,1000,6300,300,700,1600,1100,600,7600,800,600,300,500,400,1000,400,1000,4600,700
225.0,27.41,48600,1338470.0,27.41,27.4,27.38,27.01,26.9,26.81,26.8,26.5,26.43,26.42,27.42,27.44,27.45,27.46,27.47,27.48,27.5,27.56,27.57,27.58,300,1000,1000,6300,300,700,1600,1100,600,7600,800,400,600,300,500,400,1000,400,1000,4600
226.0,27.41,48600,1338470.0,27.41,27.4,27.38,27.01,26.9,26.81,26.8,26.5,26.43,26.42,27.42,27.44,27.45,27.46,27.47,27.48,27.5,27.56,27.57,27.58,300,1000,1000,6300,300,700,1600,1100,600,7600,800,600,600,300,500,400,1000,400,1000,4600
227.0,27.4,49900,1374093.0,27.38,27.01,26.9,26.81,26.8,26.5,26.43,26.42,26.35,26.06,27.4,27.41,27.42,27.44,27.45,27.46,27.47,27.48,27.5,27.56,1000,6300,300,700,1600,1100,600,7600,3900,200,800,1500,1000,700,600,300,500,400,1000,400
228.0,27.4,49900,1374093.0,27.38,27.01,26.9,26.81,26.8,26.5,26.43,26.42,26.35,26.06,27.4,27.41,27.42,27.45,27.46,27.47,27.48,27.5,27.56,27.57,1000,6300,300,700,1600,1100,600,7600,3900,200,900,1500,1000,600,300,500,600,1000,400,1000
229.0,27.4,49900,1374093.0,27.38,27.01,26.9,26.81,26.8,26.5,26.43,26.42,26.35,26.06,27.4,27.41,27.42,27.45,27.46,27.47,27.48,27.5,27.56,27.57,1000,6300,300,700,1600,1100,600,7600,3900,200,1700,1500,1000,600,300,500,600,1000,400,1000
230.0,27.4,49900,1374093.0,27.38,27.01,26.9,26.81,26.8,26.5,26.43,26.42,26.35,26.06,27.4,27.41,27.42,27.45,27.46,27.47,27.48,27.5,27.56,27.57,1000,6300,300,700,1600,1100,600,7600,3900,200,1000,1500,800,600,300,500,600,1000,400,1000
231.0,27.38,52200,1437069.0,27.02,27.01,26.9,26.81,26.8,26.5,26.43,26.42,26.35,26.06,27.38,27.4,27.41,27.42,27.45,27.48,27.5,27.56,27.57,27.58,1200,6300,300,700,1600,1100,600,7600,3900,200,200,900,1500,800,300,200,1000,400,1000,4600
232.0,27.42,55200,1519288.0,27.4,27.38,27.02,27.01,26.9,26.81,26.8,26.5,26.43,26.42,27.42,27.45,27.48,27.5,27.56,27.57,27.58,27.59,27.6,27.65,2200,400,1600,6300,300,700,1600,1100,600,7600,400,300,200,1000,400,1000,4600,700,1600,300
233.0,27.42,55200,1519288.0,27.4,27.38,27.02,27.01,26.9,26.81,26.8,26.5,26.43,26.42,27.42,27.45,27.48,27.5,27.56,27.57,27.58,27.59,27.6,27.65,1000,1000,1600,6300,300,700,1600,1100,600,7600,400,300,200,1000,400,1000,4600,700,1600,300
234.0,27.42,55200,1519288.0,27.4,27.38,27.02,27.01,26.9,26.81,26.8,26.5,26.43,26.42,27.42,27.45,27.48,27.5,27.56,27.57,27.58,27.59,27.6,27.65,1000,1000,1600,6300,300,700,1600,1100,600,7600,400,300,200,1000,400,1000,4600,700,1600,300
235.0,27.42,55200,1519288.0,27.4,27.38,27.02,27.01,26.9,26.81,26.8,26.5,26.43,26.42,27.42,27.45,27.48,27.5,27.56,27.57,27.58,27.59,27.6,27.65,1000,1000,1600,6300,300,700,1600,1100,600,7600,400,300,200,1000,400,1000,4600,700,1600,300
236.0,27.42,55200,1519288.0,27.4,27.38,27.02,27.01,26.9,26.81,26.8,26.5,26.43,26.42,27.42,27.45,27.48,27.5,27.56,27.57,27.58,27.59,27.6,27.65,1000,1000,1600,6300,300,700,1600,1100,600,7600,1100,300,200,1000,400,1000,4600,700,1600,300
237.0,27.42,55200,1519288.0,27.4,27.38,27.02,27.01,26.9,26.81,26.8,26.5,26.43,26.42,27.42,27.45,27.48,27.5,27.56,27.57,27.58,27.59,27.6,27.65,1000,1000,1600,6800,300,700,1600,1100,600,7600,1100,300,200,1000,400,1000,4600,700,1600,300
238.0,27.42,55300,1522030.0,27.4,27.38,27.02,27.01,26.9,26.81,26.8,26.5,26.43,26.42,27.42,27.45,27.48,27.5,27.56,27.57,27.58,27.59,27.6,27.65,1000,1000,1600,6800,300,700,1600,1100,600,7600,1000,300,200,1000,400,1000,4600,700,1600,300
239.0,27.42,55500,1527512.0,27.4,27.38,27.02,27.01,26.9,26.81,26.8,26.5,26.43,26.42,27.42,27.45,27.48,27.5,27.56,27.57,27.58,27.59,27.6,27.65,900,600,1600,6800,300,700,1600,1100,600,7600,900,300,200,1000,3400,1000,4600,700,1600,300
240.0,27.42,55600,1530254.0,27.4,27.38,27.02,27.01,27.0,26.9,26.81,26.8,26.5,26.43,27.42,27.45,27.48,27.5,27.56,27.57,27.58,27.59,27.6,27.65,900,600,1600,6800,1500,300,700,1600,1100,600,800,300,200,1000,3400,1000,4600,700,1600,300
241.0,27.42,55700,1532996.0,27.4,27.38,27.02,27.01,27.0,26.9,26.81,26.8,26.5,26.43,27.42,27.45,27.48,27.5,27.56,27.57,27.58,27.59,27.6,27.65,900,600,1600,6800,1500,300,700,1600,1100,600,700,300,200,1000,3400,1000,4600,700,1600,300
242.0,27.42,55700,1532996.0,27.4,27.38,27.02,27.01,27.0,26.9,26.81,26.8,26.5,26.43,27.42,27.45,27.48,27.5,27.56,27.57,27.58,27.59,27.6,27.65,1100,400,1600,6800,1500,300,700,1600,1100,600,800,300,200,1000,3400,1000,4600,700,1600,300
243.0,27.42,55800,1535738.0,27.4,27.38,27.02,27.01,27.0,26.9,26.81,26.8,26.5,26.43,27.42,27.45,27.48,27.5,27.56,27.57,27.58,27.59,27.6,27.65,1100,400,1600,6800,1500,300,700,1600,1100,600,700,300,200,1000,3400,1000,4600,700,1600,300
244.0,27.42,55800,1535738.0,27.4,27.38,27.02,27.01,27.0,26.9,26.81,26.8,26.5,26.43,27.41,27.42,27.45,27.48,27.5,27.56,27.57,27.58,27.59,27.6,1100,400,1600,6800,1500,300,700,1600,1100,600,800,700,300,200,1000,3400,1000,4600,700,1600
245.0,27.42,55800,1535738.0,27.4,27.38,27.02,27.01,27.0,26.9,26.81,26.8,26.5,26.43,27.41,27.42,27.45,27.48,27.5,27.56,27.57,27.58,27.59,27.6,1100,400,1600,6800,1500,300,700,1600,1100,600,800,700,300,200,1000,3400,1000,4600,700,1600
246.0,27.4,55900,1538478.0,27.4,27.38,27.02,27.01,27.0,26.9,26.81,26.8,26.5,26.43,27.41,27.42,27.45,27.48,27.5,27.56,27.57,27.58,27.59,27.6,1000,400,1600,6800,1500,300,700,1600,1100,600,800,700,300,200,1000,3400,1000,4600,700,1600
247.0,27.4,55900,1538478.0,27.4,27.38,27.02,27.01,27.0,26.9,26.81,26.8,26.5,26.43,27.42,27.45,27.48,27.5,27.56,27.57,27.58,27.59,27.6,27.65,1000,400,1600,6800,1500,300,700,1600,1100,600,700,300,200,1000,3400,1000,4200,700,1600,300
248.0,27.4,56000,1541218.0,27.4,27.38,27.02,27.01,27.0,26.9,26.81,26.8,26.5,26.43,27.42,27.45,27.48,27.5,27.56,27.57,27.58,27.59,27.6,27.65,900,400,1600,6800,1500,300,700,1600,1100,600,100,300,200,1000,3400,1000,3000,700,1600,300
249.0,27.4,56000,1541218.0,27.4,27.38,27.02,27.01,27.0,26.9,26.81,26.8,26.5,26.43,27.42,27.45,27.48,27.5,27.56,27.57,27.58,27.59,27.6,27.65,900,400,1600,6800,1500,300,700,1600,1100,600,100,300,200,1000,3400,1000,2900,700,1600,300
250.0,27.4,56000,1541218.0,27.4,27.38,27.02,27.01,27.0,26.9,26.81,26.8,26.5,26.43,27.42,27.45,27.48,27.5,27.56,27.57,27.58,27.59,27.6,27.65,900,400,1600,6800,1500,300,700,1600,1100,600,100,300,200,1000,3400,1000,2900,700,1600,300
251.0,27.4,56000,1541218.0,27.4,27.38,27.02,27.01,27.0,26.9,26.81,26.8,26.5,26.43,27.42,27.45,27.48,27.5,27.56,27.57,27.58,27.59,27.6,27.65,900,400,1600,6800,1500,300,700,1600,1100,600,100,300,200,1000,3400,400,300,700,1600,300
252.0,27.4,56000,1541218.0,27.4,27.02,27.01,27.0,26.9,26.81,26.8,26.5,26.43,26.42,27.42,27.45,27.48,27.5,27.56,27.57,27.58,27.59,27.6,27.65,900,1600,6800,1500,300,700,1600,1100,600,7600,100,300,200,1000,3400,400,300,700,1600,300
253.0,27.4,56000,1541218.0,27.4,27.02,27.01,27.0,26.9,26.81,26.8,26.5,26.43,26.42,27.42,27.45,27.48,27.5,27.56,27.57,27.58,27.59,27.6,27.65,900,1600,6800,1500,300,700,1600,1100,600,7600,100,300,200,1000,3400,400,300,700,1600,300
254.0,27.4,56000,1541218.0,27.4,27.02,27.01,27.0,26.9,26.81,26.8,26.5,26.43,26.42,27.42,27.45,27.48,27.5,27.56,27.57,27.58,27.59,27.6,27.65,900,1600,6800,1500,300,700,1600,1100,600,7600,100,300,200,400,3400,400,300,700,1600,300
255.0,27.42,57300,1576840.0,27.02,27.01,27.0,26.9,26.81,26.8,26.5,26.43,26.42,26.35,27.45,27.48,27.56,27.59,27.6,27.65,27.7,27.71,27.72,27.74,1600,6800,1500,300,700,1600,1100,600,7600,3900,500,200,3000,400,1300,300,10300,1200,200,900
256.0,27.42,57300,1576840.0,27.02,27.01,27.0,26.9,26.81,26.8,26.5,26.43,26.42,26.35,27.45,27.48,27.56,27.59,27.6,27.65,27.7,27.71,27.72,27.74,1600,6800,1500,300,700,1600,1100,600,7600,3900,500,200,3000,400,1300,300,10300,1200,200,900
257.0,27.45,57400,1579585.0,27.02,27.01,27.0,26.9,26.81,26.8,26.5,26.43,26.42,26.35,27.45,27.48,27.56,27.59,27.6,27.65,27.7,27.71,27.72,27.74,1600,6800,1500,300,700,1600,1100,600,7600,3900,400,200,3000,400,1300,300,10300,1200,200,900
258.0,27.45,57400,1579585.0,27.02,27.01,27.0,26.9,26.81,26.8,26.5,26.43,26.42,26.35,27.45,27.48,27.56,27.59,27.6,27.65,27.7,27.71,27.72,27.74,1600,6800,1500,300,700,1600,1100,600,7600,3900,400,200,3000,400,1300,300,10300,1200,200,900
259.0,27.45,57400,1579585.0,27.02,27.01,27.0,26.9,26.81,26.8,26.5,26.43,26.42,26.35,27.45,27.48,27.56,27.59,27.6,27.65,27.7,27.71,27.72,27.74,1600,6800,1500,300,700,1600,1100,600,7600,3900,400,200,3000,400,1300,300,10300,1200,200,900
260.0,27.45,57400,1579585.0,27.02,27.01,27.0,26.9,26.81,26.8,26.5,26.43,26.42,26.35,27.42,27.45,27.48,27.56,27.59,27.6,27.65,27.7,27.71,27.72,1600,6800,1500,300,700,1600,1100,600,7600,3900,100,400,200,3000,400,1300,300,10300,1200,200
261.0,27.02,57500,1582287.0,27.02,27.01,27.0,26.9,26.81,26.8,26.5,26.43,26.42,26.35,27.42,27.45,27.48,27.56,27.59,27.6,27.65,27.7,27.71,27.72,1500,6800,1500,300,700,1600,1100,600,7600,3900,100,400,200,3000,400,1300,300,10300,1200,200
262.0,27.42,57600,1585029.0,27.02,27.01,27.0,26.9,26.81,26.8,26.5,26.43,26.42,26.35,27.45,27.48,27.56,27.59,27.6,27.65,27.7,27.71,27.72,27.74,1500,6800,1500,300,700,1600,1100,600,7600,3900,400,200,3000,400,1300,300,10300,1200,200,900
263.0,27.42,57600,1585029.0,27.02,27.01,27.0,26.9,26.81,26.8,26.5,26.43,26.42,26.35,27.45,27.48,27.56,27.59,27.6,27.65,27.7,27.71,27.72,27.74,1500,6800,1500,300,700,1600,1100,600,7600,3900,400,200,3000,400,1300,300,10300,1200,200,900
264.0,27.42,57600,1585029.0,27.02,27.01,27.0,26.9,26.81,26.8,26.5,26.43,26.42,26.35,27.45,27.48,27.56,27.59,27.6,27.65,27.7,27.71,27.72,27.74,1500,6800,1500,300,700,1600,1100,600,7600,3900,400,200,3000,400,1300,300,10300,1200,200,900
265.0,27.42,57600,1585029.0,27.02,27.01,27.0,26.9,26.81,26.8,26.5,26.43,26.42,26.35,27.45,27.48,27.56,27.59,27.6,27.65,27.7,27.71,27.72,27.74,1500,6800,1500,300,700,1600,1100,600,7600,3900,400,200,3000,400,1300,300,10300,1200,200,900
266.0,27.42,57600,1585029.0,27.02,27.01,27.0,26.9,26.81,26.8,26.5,26.43,26.42,26.35,27.45,27.48,27.56,27.59,27.6,27.65,27.7,27.71,27.72,27.74,1500,6800,1500,300,700,1600,1100,600,7600,3900,400,200,3000,400,1300,300,10300,1200,200,900
267.0,27.42,57600,1585029.0,27.02,27.01,27.0,26.9,26.81,26.8,26.5,26.43,26.42,26.35,27.45,27.48,27.56,27.59,27.6,27.65,27.69,27.7,27.71,27.72,1500,6800,1500,300,700,1600,1100,600,7600,3900,400,200,3000,400,1300,300,5000,10300,1200,200
268.0,27.42,57600,1585029.0,27.02,27.01,27.0,26.9,26.81,26.8,26.5,26.43,26.42,26.35,27.45,27.48,27.56,27.59,27.6,27.65,27.69,27.7,27.71,27.72,1500,6800,1500,300,700,1600,1100,600,7600,3900,600,200,3000,400,1300,300,5000,10300,1200,200
269.0,27.45,58000,1595963.0,27.04,27.03,27.02,27.01,27.0,26.9,26.81,26.8,26.5,26.43,27.45,27.48,27.56,27.59,27.6,27.65,27.69,27.7,27.71,27.72,400,600,1400,6800,1500,300,700,1600,1100,600,500,200,3000,400,1300,300,5000,10300,1200,200
270.0,27.47,61200,1683877.0,27.04,27.02,27.01,27.0,26.9,26.81,26.8,26.5,26.43,26.42,27.47,27.48,27.56,27.59,27.6,27.65,27.69,27.7,27.71,27.72,900,3400,6800,1500,300,700,1600,1100,600,7600,500,1300,3000,400,1300,300,5000,10300,1200,200
271.0,27.47,61800,1700359.0,27.05,27.04,27.02,27.01,27.0,26.9,26.81,26.8,26.5,26.43,27.48,27.56,27.59,27.6,27.65,27.69,27.7,27.71,27.72,27.74,600,900,3400,6800,1500,300,700,1600,1100,600,1300,3000,400,1300,300,5000,10300,1200,200,900
272.0,27.48,66600,1832277.0,27.06,27.05,27.04,27.02,27.01,27.0,26.9,26.81,26.8,26.5,27.47,27.48,27.49,27.56,27.59,27.6,27.65,27.69,27.7,27.71,400,1800,900,3400,6800,1500,300,700,1600,1100,1300,8500,200,2900,400,1300,300,5000,10300,1000
273.0,27.47,66700,1835024.0,27.08,27.07,27.06,27.05,27.04,27.02,27.01,27.0,26.9,26.81,27.42,27.47,27.48,27.55,27.56,27.59,27.6,27.65,27.69,27.7,400,600,400,1800,900,3400,6800,1500,300,700,800,1200,200,400,2900,400,1300,300,5000,10300
274.0,27.42,67400,1854150.0,27.09,27.08,27.06,27.05,27.04,27.02,27.01,27.0,26.9,26.81,27.42,27.47,27.48,27.56,27.59,27.6,27.65,27.69,27.7,27.71,600,200,400,1800,900,3400,6800,1500,300,700,300,1200,200,2900,400,1300,300,5000,10300,1000
275.0,27.47,67800,1865123.0,27.09,27.08,27.06,27.05,27.04,27.02,27.01,27.0,26.9,26.81,27.47,27.48,27.56,27.59,27.6,27.65,27.69,27.7,27.71,27.72,600,200,400,1800,900,3400,6800,1500,300,700,1100,200,2900,400,1300,300,5000,10300,1000,200
276.0,27.42,68500,1884322.0,27.1,27.08,27.06,27.05,27.04,27.02,27.01,27.0,26.9,26.81,27.46,27.47,27.48,27.56,27.59,27.6,27.65,27.69,27.7,27.71,100,200,400,1800,900,3400,6800,1500,300,700,1000,1500,100,2900,400,1300,300,5000,10300,1000
277.0,27.46,68800,1892560.0,27.1,27.08,27.06,27.05,27.04,27.02,27.01,27.0,26.9,26.81,27.46,27.47,27.48,27.56,27.59,27.6,27.65,27.69,27.7,27.71,100,200,400,1800,900,3400,6800,1500,300,700,700,1500,100,2900,400,1300,300,5000,10300,1000
278.0,27.46,69100,1900798.0,27.12,27.11,27.1,27.08,27.06,27.05,27.04,27.02,27.01,27.0,27.46,27.47,27.48,27.56,27.59,27.6,27.65,27.69,27.7,27.71,100,600,100,200,400,1800,900,3400,6800,1500,500,1500,100,2900,400,1300,300,5000,10300,1000
279.0,27.46,69100,1900798.0,27.13,27.12,27.1,27.08,27.06,27.05,27.04,27.02,27.01,27.0,27.42,27.46,27.47,27.48,27.56,27.59,27.6,27.65,27.69,27.7,600,100,100,200,400,1800,900,3400,6800,1500,100,500,1500,100,2900,400,1300,300,5000,10300
280.0,27.42,69300,1906282.0,27.16,27.15,27.14,27.12,27.1,27.08,27.06,27.05,27.04,27.02,27.46,27.47,27.48,27.56,27.59,27.6,27.65,27.69,27.7,27.71,100,600,100,100,100,200,400,1800,900,3400,500,1500,100,2900,400,1300,300,5000,10300,1000
281.0,27.42,69300,1906282.0,27.17,27.16,27.14,27.12,27.1,27.08,27.06,27.05,27.04,27.02,27.46,27.47,27.48,27.56,27.59,27.6,27.65,27.69,27.7,27.71,600,100,100,100,100,200,400,1800,900,3400,500,1500,700,2900,400,1300,300,5000,10300,1000
282.0,27.43,69900,1922740.0,27.2,27.19,27.18,27.16,27.14,27.12,27.1,27.08,27.06,27.05,27.46,27.47,27.48,27.56,27.59,27.6,27.65,27.69,27.7,27.71,100,600,100,100,100,100,100,200,400,1800,300,1500,100,2900,400,1300,300,5000,10300,1000
283.0,27.43,69900,1922740.0,27.2,27.19,27.18,27.16,27.14,27.12,27.1,27.08,27.06,27.05,27.46,27.47,27.48,27.56,27.59,27.6,27.65,27.69,27.7,27.71,100,600,100,100,100,100,100,200,400,1800,300,1500,100,2900,400,1300,300,5000,10300,1000
284.0,27.43,69900,1922740.0,27.22,27.21,27.2,27.18,27.16,27.14,27.12,27.1,27.08,27.06,27.43,27.46,27.47,27.48,27.56,27.59,27.6,27.65,27.69,27.7,200,600,200,100,100,100,100,100,200,400,500,300,1500,100,2900,400,1300,300,5000,10300
285.0,27.43,69900,1922740.0,27.22,27.21,27.2,27.18,27.16,27.14,27.12,27.1,27.08,27.06,27.43,27.46,27.47,27.48,27.56,27.59,27.6,27.65,27.69,27.7,200,600,200,100,100,100,100,100,200,400,500,300,1500,100,2900,400,1300,300,5000,10300
286.0,27.43,69900,1922740.0,27.22,27.21,27.2,27.18,27.16,27.14,27.12,27.1,27.08,27.06,27.43,27.46,27.47,27.48,27.56,27.59,27.6,27.65,27.69,27.7,200,600,200,100,100,100,100,100,200,400,500,300,1500,100,2900,400,1300,300,5000,10300
287.0,27.43,69900,1922740.0,27.25,27.24,27.22,27.2,27.18,27.16,27.14,27.12,27.1,27.08,27.43,27.46,27.47,27.48,27.56,27.59,27.6,27.65,27.69,27.7,600,200,200,200,100,100,100,100,100,200,500,300,1500,100,2900,400,1300,300,5000,10300
288.0,27.43,69900,1922740.0,27.28,27.27,27.26,27.24,27.22,27.2,27.18,27.16,27.14,27.12,27.43,27.46,27.47,27.48,27.56,27.59,27.6,27.65,27.69,27.7,200,600,200,200,200,200,100,100,100,100,500,300,1500,100,2900,400,1300,300,5000,10300
289.0,27.43,70100,1928226.0,27.42,27.3,27.29,27.28,27.26,27.24,27.22,27.2,27.18,27.16,27.43,27.46,27.47,27.48,27.56,27.59,27.6,27.65,27.69,27.7,1000,200,600,200,200,200,200,200,100,100,400,300,1500,100,2900,400,1300,300,5000,10300
290.0,27.43,70400,1936455.0,27.42,27.3,27.28,27.26,27.24,27.22,27.2,27.18,27.16,27.14,27.43,27.46,27.47,27.48,27.56,27.59,27.6,27.65,27.69,27.7,1000,200,200,200,200,200,200,100,100,100,100,300,1500,100,2900,400,1300,300,5000,10300
291.0,27.42,70500,1939197.0,27.42,27.3,27.28,27.26,27.24,27.22,27.2,27.18,27.16,27.14,27.43,27.46,27.47,27.48,27.56,27.59,27.6,27.65,27.69,27.7,900,200,200,200,200,200,200,100,100,100,100,300,1500,100,2900,400,1300,300,5000,10300
292.0,27.42,70500,1939197.0,27.42,27.3,27.28,27.26,27.24,27.22,27.2,27.18,27.16,27.14,27.43,27.46,27.47,27.48,27.56,27.59,27.6,27.65,27.69,27.7,900,200,200,200,200,200,200,100,100,100,100,300,1500,100,2900,400,1300,300,5000,10300
293.0,27.43,70600,1941940.0,27.42,27.3,27.28,27.26,27.24,27.22,27.2,27.18,27.16,27.14,27.46,27.47,27.48,27.56,27.59,27.6,27.65,27.69,27.7,27.71,900,200,200,200,200,200,200,100,100,100,300,1500,100,2900,400,1300,300,5000,10300,1000
294.0,27.43,70600,1941940.0,27.42,27.2,27.05,27.04,27.02,27.01,27.0,26.9,26.81,26.8,27.46,27.47,27.48,27.56,27.59,27.6,27.65,27.69,27.7,27.71,900,100,1800,500,2400,6800,1500,300,700,2600,300,1500,100,2900,400,1300,300,5000,10300,1000
295.0,27.28,71800,1974816.0,27.2,27.07,27.06,27.05,27.04,27.02,27.01,27.0,26.9,26.81,27.28,27.46,27.47,27.56,27.59,27.6,27.65,27.69,27.7,27.71,100,600,200,1800,500,2400,6800,1500,300,700,1800,100,1500,2900,400,1300,300,5000,10300,1000
296.0,27.43,75300,2070551.0,27.43,27.29,27.28,27.2,27.07,27.06,27.05,27.04,27.02,27.01,27.46,27.47,27.56,27.59,27.6,27.65,27.69,27.7,27.71,27.72,100,300,900,100,600,200,1800,500,2400,6800,1100,1800,2900,400,1300,300,5000,10300,1000,200
297.0,27.43,75300,2070551.0,27.43,27.29,27.28,27.2,27.07,27.06,27.05,27.04,27.02,27.01,27.46,27.47,27.56,27.59,27.6,27.65,27.69,27.7,27.71,27.72,100,300,900,100,600,200,1800,500,2400,6800,1100,1800,2900,400,1300,300,5000,10300,1000,200
298.0,27.43,75500,2076040.0,27.3,27.29,27.28,27.2,27.06,27.05,27.04,27.02,27.01,27.0,27.43,27.46,27.47,27.56,27.59,27.6,27.65,27.69,27.7,27.71,600,300,400,100,200,1800,500,2400,6800,1500,200,100,1800,2900,400,1300,300,5000,10300,1000
299.0,27.43,75500,2076040.0,27.29,27.28,27.2,27.06,27.05,27.04,27.02,27.01,27.0,26.9,27.43,27.46,27.47,27.56,27.59,27.6,27.65,27.69,27.7,27.71,300,400,100,200,1800,500,2400,6800,1500,300,300,100,1800,2900,400,1300,300,5000,10300,1000
300.0,27.43,75500,2076040.0,27.29,27.28,27.2,27.06,27.05,27.04,27.02,27.01,27.0,26.9,27.43,27.46,27.47,27.56,27.59,27.6,27.65,27.69,27.7,27.71,300,400,100,200,1800,500,2400,6800,1500,300,300,100,1800,2900,400,1300,300,5000,10300,1000
301.0,27.43,75600,2078783.0,27.29,27.28,27.2,27.06,27.05,27.04,27.02,27.01,27.0,26.9,27.41,27.42,27.43,27.47,27.56,27.59,27.6,27.65,27.69,27.7,300,400,100,200,1800,500,2400,6800,1500,300,700,1000,200,1800,2900,400,1300,300,5000,10300
302.0,27.43,75600,2078783.0,27.29,27.28,27.2,27.06,27.05,27.04,27.02,27.01,27.0,26.9,27.41,27.42,27.43,27.47,27.56,27.59,27.6,27.65,27.69,27.7,300,400,100,200,1800,500,2400,6800,1500,300,700,1000,200,1800,2900,400,1300,300,5000,10300
303.0,27.43,75600,2078783.0,27.29,27.28,27.2,27.06,27.05,27.04,27.02,27.01,27.0,26.9,27.38,27.39,27.4,27.41,27.43,27.47,27.56,27.59,27.6,27.65,300,400,100,200,1800,500,2400,6800,1500,300,500,900,100,100,200,1800,2900,400,1300,300
304.0,27.43,75600,2078783.0,27.29,27.28,27.2,27.06,27.05,27.04,27.02,27.01,27.0,26.9,27.36,27.37,27.41,27.47,27.56,27.59,27.6,27.65,27.69,27.7,300,400,100,200,1800,500,2400,6800,1500,300,600,1000,100,1800,2900,400,1300,300,5000,10300
305.0,27.43,75600,2078783.0,27.29,27.28,27.2,27.06,27.05,27.04,27.02,27.01,27.0,26.9,27.36,27.37,27.41,27.47,27.56,27.59,27.6,27.65,27.69,27.7,300,400,100,200,1800,500,2400,6800,1500,300,600,1000,100,1800,2900,400,1300,300,5000,10300
306.0,27.43,75600,2078783.0,27.29,27.28,27.2,27.06,27.05,27.04,27.02,27.01,27.0,26.9,27.36,27.37,27.41,27.47,27.56,27.59,27.6,27.65,27.69,27.7,300,400,100,200,1800,500,2400,6800,1500,300,600,1000,100,1800,2900,400,1300,300,5000,10300
307.0,27.43,75600,2078783.0,27.28,27.2,27.06,27.05,27.04,27.02,27.01,27.0,26.9,26.81,27.36,27.37,27.41,27.47,27.56,27.59,27.6,27.65,27.69,27.7,400,100,200,1800,500,2400,6800,1500,300,700,600,1000,100,1800,2900,400,1300,300,5000,10300
308.0,27.43,75600,2078783.0,27.28,27.2,27.06,27.05,27.04,27.02,27.01,27.0,26.9,26.81,27.36,27.37,27.41,27.47,27.56,27.59,27.6,27.65,27.69,27.7,400,100,200,1800,500,2400,6800,1500,300,700,700,1000,100,1800,2900,400,1300,300,5000,10300
309.0,27.43,75600,2078783.0,27.28,27.2,27.06,27.05,27.04,27.02,27.01,27.0,26.9,26.81,27.36,27.37,27.41,27.47,27.56,27.59,27.6,27.65,27.69,27.7,400,100,200,1800,500,2400,6800,1500,300,700,700,1000,100,1800,2900,400,1300,300,5000,10300
310.0,27.43,75600,2078783.0,27.28,27.2,27.06,27.05,27.04,27.02,27.01,27.0,26.9,26.81,27.36,27.37,27.41,27.47,27.56,27.59,27.6,27.65,27.69,27.7,400,100,200,1800,500,2400,6800,1500,300,700,700,1000,100,1800,2900,400,1300,300,5000,10300
311.0,27.43,75600,2078783.0,27.28,27.2,27.06,27.05,27.04,27.02,27.01,27.0,26.9,26.81,27.36,27.37,27.41,27.47,27.56,27.59,27.6,27.65,27.69,27.7,400,100,200,1800,500,2400,6800,1500,300,700,800,1000,100,1800,2900,400,1300,300,5000,10300
312.0,27.36,75700,2081519.0,27.28,27.2,27.06,27.05,27.04,27.02,27.01,27.0,26.9,26.81,27.36,27.37,27.41,27.47,27.56,27.59,27.6,27.65,27.69,27.7,400,100,200,1800,500,2400,6800,1500,300,700,700,1000,100,1800,2900,400,1300,300,5000,10300
313.0,27.36,75700,2081519.0,27.28,27.2,27.06,27.05,27.04,27.02,27.01,27.0,26.9,26.81,27.36,27.37,27.41,27.47,27.56,27.59,27.6,27.65,27.69,27.7,400,100,200,1800,500,2400,6800,1500,300,700,700,1000,100,1800,2900,400,1300,300,5000,10300
314.0,27.36,75700,2081519.0,27.28,27.2,27.06,27.05,27.04,27.02,27.01,27.0,26.9,26.81,27.36,27.37,27.41,27.47,27.56,27.59,27.6,27.65,27.69,27.7,400,100,200,1800,500,2400,6800,1500,300,700,700,1000,100,1800,2900,400,1300,300,5000,10300
315.0,27.36,75700,2081519.0,27.28,27.2,27.06,27.05,27.04,27.02,27.01,27.0,26.9,26.81,27.36,27.37,27.41,27.47,27.56,27.59,27.6,27.65,27.69,27.7,400,100,200,1800,500,2400,6800,1500,300,700,700,1000,100,1800,2900,400,1300,300,5000,10300
316.0,27.36,76500,2103407.0,27.36,27.28,27.2,27.05,27.04,27.02,27.01,27.0,26.9,26.81,27.37,27.41,27.47,27.56,27.59,27.6,27.65,27.69,27.7,27.71,4400,400,100,1800,500,2400,6800,1500,300,700,1000,100,1800,2900,400,1300,300,5000,10300,1000
317.0,27.37,76800,2111618.0,27.36,27.28,27.2,27.05,27.04,27.02,27.01,27.0,26.9,26.81,27.37,27.41,27.47,27.56,27.59,27.6,27.65,27.69,27.7,27.71,4400,400,100,1800,500,2400,6800,1500,300,700,700,100,1800,2900,400,1300,300,5000,10300,1000
318.0,27.37,76800,2111618.0,27.36,27.28,27.2,27.05,27.04,27.02,27.01,27.0,26.9,26.81,27.37,27.41,27.47,27.56,27.59,27.6,27.65,27.69,27.7,27.71,4400,400,100,1800,500,2400,6800,1500,300,700,700,100,1800,2900,400,1300,300,5000,10300,1000
319.0,27.37,77500,2130777.0,27.36,27.28,27.2,27.05,27.04,27.02,27.01,27.0,26.9,26.81,27.41,27.47,27.56,27.59,27.6,27.65,27.69,27.7,27.71,27.72,4400,400,100,1800,500,2400,6800,1500,300,700,100,1800,2900,400,1300,300,5000,10300,1000,200
320.0,27.37,77500,2130777.0,27.37,27.36,27.28,27.2,27.05,27.04,27.02,27.01,27.0,26.9,27.41,27.47,27.56,27.59,27.6,27.65,27.69,27.7,27.71,27.72,100,4400,400,100,1800,500,2400,6800,1500,300,100,1800,2900,400,1300,300,5000,10300,1000,200
321.0,27.37,77500,2130777.0,27.37,27.36,27.28,27.2,27.05,27.04,27.02,27.01,27.0,26.9,27.41,27.47,27.56,27.59,27.6,27.65,27.69,27.7,27.71,27.72,100,4400,400,100,1800,500,2400,6800,1500,300,100,1800,2900,400,1300,300,5000,10300,1000,200
322.0,27.37,77500,2130777.0,27.37,27.36,27.28,27.2,27.05,27.04,27.02,27.01,27.0,26.9,27.41,27.47,27.56,27.59,27.6,27.65,27.69,27.7,27.71,27.72,100,4400,400,100,1800,500,2400,6800,1500,300,100,1800,2900,400,1300,300,5000,10300,1000,200
323.0,27.41,77600,2133518.0,27.41,27.37,27.36,27.28,27.2,27.05,27.04,27.02,27.01,27.0,27.46,27.47,27.56,27.59,27.6,27.65,27.69,27.7,27.71,27.72,100,100,4200,400,100,1800,500,2400,6800,1500,1000,1800,2900,400,1300,300,5000,10300,1000,200
324.0,27.46,77800,2139010.0,27.41,27.37,27.36,27.28,27.2,27.05,27.04,27.02,27.01,27.0,27.46,27.47,27.56,27.59,27.6,27.65,27.69,27.7,27.71,27.72,100,100,4200,400,100,1800,500,2400,6800,1500,800,1800,2900,400,1300,300,5000,10300,1000,200
325.0,27.46,77800,2139010.0,27.41,27.37,27.36,27.28,27.2,27.05,27.04,27.02,27.01,27.0,27.46,27.47,27.56,27.59,27.6,27.65,27.69,27.7,27.71,27.72,100,100,4200,400,100,1800,500,2400,6800,1500,800,1800,2900,400,1300,300,5000,10300,1000,200
326.0,27.41,77900,2141751.0,27.37,27.36,27.28,27.2,27.05,27.04,27.02,27.01,27.0,26.9,27.41,27.46,27.47,27.56,27.59,27.6,27.65,27.69,27.7,27.71,100,4200,400,100,1800,500,2400,6800,1500,300,100,800,1800,2900,400,1300,300,5000,10300,1000
327.0,27.41,77900,2141751.0,27.37,27.36,27.28,27.2,27.05,27.04,27.02,27.01,27.0,26.9,27.41,27.45,27.47,27.56,27.59,27.6,27.65,27.69,27.7,27.71,100,4200,400,100,1800,500,2400,6800,1500,300,100,500,1800,2900,400,1300,300,5000,10300,1000
328.0,27.41,77900,2141751.0,27.37,27.28,27.2,27.05,27.04,27.02,27.01,27.0,26.9,26.81,27.41,27.45,27.47,27.56,27.59,27.6,27.65,27.69,27.7,27.71,100,400,100,1800,500,2400,6800,1500,300,700,100,600,1800,2900,400,1300,300,5000,10300,1000
329.0,27.37,78000,2144488.0,27.37,27.28,27.2,27.05,27.04,27.02,27.01,27.0,26.9,26.81,27.4,27.41,27.45,27.47,27.56,27.59,27.6,27.65,27.69,27.7,100,400,100,1800,500,2400,6800,1500,300,700,1000,100,600,1800,2900,400,1300,300,5000,10300
330.0,27.4,78100,2147228.0,27.37,27.28,27.2,27.05,27.04,27.02,27.01,27.0,26.9,26.81,27.4,27.41,27.45,27.47,27.56,27.59,27.6,27.65,27.69,27.7,100,400,100,1800,500,2400,6800,1500,300,700,900,100,600,1800,2900,400,1300,300,5000,10300
331.0,27.37,79200,2177366.0,27.28,27.2,27.05,27.04,27.02,27.01,27.0,26.9,26.81,26.8,27.45,27.47,27.56,27.59,27.6,27.65,27.69,27.7,27.71,27.72,400,100,1800,500,2400,6800,1500,300,700,2600,600,1800,2900,400,1300,300,5000,10300,1000,200
332.0,27.37,79600,2188314.0,27.28,27.2,27.05,27.04,27.02,27.01,27.0,26.9,26.81,26.8,27.37,27.45,27.47,27.56,27.59,27.6,27.65,27.69,27.7,27.71,400,100,1800,500,2400,6800,1500,300,700,2600,1300,600,1800,2900,400,1300,300,5000,10300,1000
333.0,27.37,79600,2188314.0,27.28,27.2,27.05,27.04,27.02,27.01,27.0,26.9,26.81,26.8,27.37,27.47,27.56,27.59,27.6,27.65,27.69,27.7,27.71,27.72,400,100,1800,500,2400,6800,1500,300,700,2600,1300,1800,2900,400,1300,300,5000,10300,1000,200
334.0,27.37,79700,2191051.0,27.28,27.2,27.05,27.04,27.02,27.01,27.0,26.9,26.81,26.8,27.37,27.47,27.56,27.59,27.6,27.65,27.69,27.7,27.71,27.72,400,100,1800,500,2400,6800,1500,300,700,2600,1200,1800,2900,400,1300,300,5000,10300,1000,200
335.0,27.36,80100,2201995.0,27.28,27.2,27.05,27.04,27.02,27.01,27.0,26.9,26.81,26.8,27.37,27.47,27.56,27.59,27.6,27.65,27.69,27.7,27.71,27.72,500,100,1800,500,2400,6800,1500,300,700,2600,1200,1800,2900,400,1300,300,5000,10300,1000,200
336.0,27.37,80300,2207469.0,27.28,27.2,27.05,27.04,27.02,27.01,27.0,26.9,26.81,26.8,27.37,27.47,27.56,27.59,27.6,27.65,27.69,27.7,27.71,27.72,500,100,1800,500,2400,6800,1500,300,700,2600,1000,1800,2900,400,1300,300,5000,10300,1000,200
337.0,27.37,80500,2212943.0,27.28,27.2,27.05,27.04,27.02,27.01,27.0,26.9,26.81,26.8,27.37,27.47,27.56,27.59,27.6,27.65,27.69,27.7,27.71,27.72,500,100,1800,500,2400,6800,1500,300,700,2600,800,1800,2900,400,1300,300,5000,10300,1000,200
338.0,27.37,80500,2212943.0,27.28,27.2,27.05,27.04,27.02,27.01,27.0,26.9,26.81,26.8,27.37,27.47,27.56,27.59,27.6,27.65,27.69,27.7,27.71,27.72,500,100,1800,500,2400,6800,1500,300,700,2600,400,1800,2900,400,1300,300,5000,10300,1000,200
339.0,27.37,80500,2212943.0,27.28,27.2,27.05,27.04,27.02,27.01,27.0,26.9,26.81,26.8,27.36,27.37,27.47,27.56,27.59,27.6,27.65,27.69,27.7,27.71,500,100,1800,500,2400,6800,1500,300,700,2600,100,400,1800,2900,400,1300,300,5000,10300,1000
340.0,27.37,80500,2212943.0,27.28,27.2,27.05,27.04,27.02,27.01,27.0,26.9,26.81,26.8,27.35,27.36,27.37,27.47,27.56,27.59,27.6,27.65,27.69,27.7,500,100,1800,500,2400,6800,1500,300,700,2600,1800,100,400,1800,2900,400,1300,300,5000,10300
341.0,27.35,80600,2215678.0,27.28,27.2,27.05,27.04,27.02,27.01,27.0,26.9,26.81,26.8,27.35,27.36,27.37,27.47,27.56,27.59,27.6,27.65,27.69,27.7,500,100,1800,500,2400,6800,1500,300,700,2600,3800,100,300,1800,2900,400,1300,300,5000,10300
342.0,27.35,80600,2215678.0,27.28,27.2,27.05,27.04,27.02,27.01,27.0,26.9,26.81,26.8,27.35,27.36,27.37,27.47,27.56,27.59,27.6,27.65,27.69,27.7,500,100,1800,500,2400,6800,1500,300,700,2600,3800,100,300,1800,2900,400,1300,300,5000,10300
343.0,27.35,80600,2215678.0,27.28,27.2,27.05,27.04,27.02,27.01,27.0,26.9,26.81,26.8,27.35,27.36,27.37,27.47,27.56,27.59,27.6,27.65,27.69,27.7,500,100,1800,500,2400,6800,1500,300,700,2600,3800,100,300,1800,2900,400,1300,300,5000,10300
344.0,27.35,80900,2223883.0,27.28,27.2,27.05,27.04,27.02,27.01,27.0,26.9,26.81,26.8,27.35,27.36,27.37,27.47,27.56,27.59,27.6,27.65,27.69,27.7,500,100,1800,500,2400,6800,1500,300,700,2600,4600,100,300,1800,2900,400,1300,300,5000,10300
345.0,27.35,81200,2232088.0,27.28,27.2,27.05,27.04,27.02,27.01,27.0,26.9,26.81,26.8,27.35,27.36,27.37,27.47,27.56,27.59,27.6,27.65,27.69,27.7,500,100,1800,500,2400,6800,1500,300,700,2600,4300,100,300,1800,2900,400,1300,300,5000,10300
346.0,27.35,81200,2232088.0,27.28,27.2,27.05,27.04,27.02,27.01,27.0,26.9,26.81,26.8,27.35,27.36,27.37,27.47,27.56,27.59,27.6,27.65,27.69,27.7,500,100,1800,500,2400,6800,1500,300,700,2600,4300,100,300,1800,2900,400,1300,300,5000,10300
347.0,27.28,81700,2245728.0,27.2,27.05,27.04,27.02,27.01,27.0,26.9,26.81,26.8,26.5,27.28,27.35,27.36,27.37,27.47,27.56,27.59,27.6,27.65,27.69,100,1800,500,2400,6800,1500,300,700,2600,1100,500,5000,100,300,1800,2900,400,1300,300,5000
348.0,27.28,81800,2248456.0,27.2,27.06,27.05,27.04,27.02,27.01,27.0,26.9,26.81,26.8,27.28,27.34,27.35,27.36,27.37,27.47,27.56,27.59,27.6,27.65,100,600,1800,500,2400,6800,1500,300,700,2600,400,500,5000,100,300,1800,2900,400,1300,300
349.0,27.28,81800,2248456.0,27.2,27.06,27.05,27.04,27.02,27.01,27.0,26.9,26.81,26.8,27.28,27.34,27.35,27.36,27.37,27.47,27.56,27.59,27.6,27.65,100,600,1800,500,2400,6800,1500,300,700,2600,600,500,5000,100,300,1800,2900,400,1300,300
350.0,27.28,83900,2305744.0,27.2,27.07,27.06,27.05,27.04,27.02,27.01,27.0,26.9,26.81,27.28,27.34,27.35,27.36,27.37,27.47,27.56,27.59,27.6,27.65,100,200,1800,1800,500,2400,6800,1500,300,700,300,500,2800,100,300,1800,2900,400,1300,300
351.0,27.28,83900,2305744.0,27.2,27.07,27.06,27.05,27.04,27.02,27.01,27.0,26.9,26.81,27.28,27.34,27.35,27.36,27.37,27.47,27.56,27.59,27.6,27.65,100,200,1800,1800,500,2400,6800,1500,300,700,300,500,2800,100,300,1800,2900,400,1300,300
352.0,27.28,84900,2333026.0,27.2,27.09,27.08,27.07,27.06,27.05,27.04,27.02,27.01,27.0,27.23,27.33,27.34,27.35,27.36,27.37,27.47,27.56,27.59,27.6,100,100,600,200,1200,1800,500,2400,6800,1500,100,1600,500,2600,100,300,1800,2900,400,1300
353.0,27.23,85000,2335749.0,27.2,27.11,27.1,27.09,27.07,27.06,27.05,27.04,27.02,27.01,27.33,27.34,27.35,27.36,27.37,27.47,27.56,27.59,27.6,27.65,100,100,600,100,200,1200,1800,500,2400,6800,1600,500,2600,100,300,1800,2900,400,1300,300
354.0,27.33,85100,2338482.0,27.2,27.13,27.12,27.11,27.09,27.07,27.06,27.05,27.04,27.02,27.33,27.35,27.36,27.37,27.47,27.56,27.59,27.6,27.65,27.69,100,100,600,100,100,200,1200,1800,500,2400,1500,2600,100,300,1800,2900,400,1300,300,5000
355.0,27.28,85300,2343938.0,27.2,27.15,27.14,27.13,27.11,27.09,27.07,27.06,27.05,27.04,27.35,27.36,27.37,27.47,27.56,27.59,27.6,27.65,27.69,27.7,100,100,600,100,100,100,200,1200,1800,500,2600,100,300,1800,2900,400,1300,300,5000,10300
356.0,27.28,85300,2343938.0,27.2,27.16,27.15,27.13,27.11,27.09,27.07,27.06,27.05,27.04,27.28,27.35,27.36,27.37,27.47,27.56,27.59,27.6,27.65,27.69,100,600,100,100,100,100,200,1200,1800,500,200,2600,100,300,1800,2900,400,1300,300,5000
357.0,27.35,85800,2357599.0,27.27,27.2,27.15,27.13,27.11,27.09,27.07,27.06,27.05,27.04,27.34,27.35,27.36,27.37,27.47,27.56,27.59,27.6,27.65,27.69,400,100,100,100,100,100,200,1200,1800,500,1600,2300,100,300,1800,2900,400,1300,300,5000
358.0,27.34,85900,2360333.0,27.27,27.2,27.15,27.13,27.11,27.09,27.07,27.06,27.05,27.04,27.28,27.34,27.35,27.36,27.37,27.47,27.56,27.59,27.6,27.65,400,100,100,100,100,100,200,1200,1800,500,100,1500,2300,100,300,1800,2900,400,1300,300
359.0,27.34,85900,2360333.0,27.27,27.2,27.15,27.13,27.11,27.09,27.07,27.06,27.05,27.04,27.28,27.34,27.35,27.36,27.37,27.47,27.56,27.59,27.6,27.65,400,100,100,100,100,100,200,1200,1800,500,100,1500,2300,100,300,1800,2900,400,1300,300
360.0,27.34,85900,2360333.0,27.27,27.2,27.15,27.13,27.11,27.09,27.07,27.06,27.05,27.04,27.28,27.34,27.35,27.36,27.37,27.47,27.56,27.59,27.6,27.65,400,100,100,100,100,100,200,1200,1800,500,100,1500,2300,100,300,1800,2900,400,1300,300
361.0,27.34,85900,2360333.0,27.27,27.2,27.15,27.13,27.11,27.09,27.07,27.06,27.05,27.04,27.28,27.35,27.36,27.37,27.47,27.56,27.59,27.6,27.65,27.69,400,100,100,100,100,100,200,1200,1800,500,100,2300,100,300,1800,2900,400,1300,300,5000
362.0,27.28,86100,2365789.0,27.2,27.15,27.13,27.11,27.09,27.07,27.06,27.05,27.04,27.02,27.27,27.34,27.35,27.36,27.37,27.47,27.56,27.59,27.6,27.65,100,100,100,100,100,200,1200,1800,500,2400,100,1500,2300,100,300,1800,2900,400,1300,300
363.0,27.28,86100,2365789.0,27.2,27.17,27.16,27.15,27.13,27.11,27.09,27.07,27.06,27.05,27.26,27.27,27.34,27.35,27.36,27.37,27.47,27.56,27.59,27.6,100,600,1000,100,100,100,100,200,1200,1800,100,300,1500,2300,100,300,1800,2900,400,1300
364.0,27.28,86100,2365789.0,27.2,27.17,27.16,27.15,27.13,27.11,27.09,27.07,27.06,27.05,27.26,27.27,27.34,27.35,27.36,27.37,27.47,27.56,27.59,27.6,100,600,1000,100,100,100,100,200,1200,1800,100,300,1500,2300,100,300,1800,2900,400,1300
365.0,27.27,86600,2379423.0,27.27,27.26,27.2,27.18,27.15,27.13,27.11,27.09,27.07,27.06,27.34,27.35,27.36,27.37,27.47,27.56,27.59,27.6,27.65,27.7,100,900,100,400,100,100,100,100,200,1200,1500,2300,100,300,1800,2900,400,1300,300,10300
366.0,27.34,87500,2404029.0,27.27,27.26,27.2,27.18,27.15,27.13,27.11,27.09,27.07,27.06,27.34,27.35,27.36,27.37,27.47,27.56,27.59,27.6,27.65,27.7,100,900,100,400,100,100,100,100,200,1200,600,2300,100,300,1800,2900,400,1300,300,10300
367.0,27.34,87500,2404029.0,27.27,27.26,27.2,27.18,27.15,27.13,27.11,27.1,27.09,27.07,27.34,27.35,27.36,27.37,27.47,27.56,27.59,27.6,27.65,27.7,100,900,100,400,100,100,100,1000,100,200,600,2300,100,300,1800,2900,400,1300,300,10300
368.0,27.34,87500,2404029.0,27.27,27.26,27.2,27.18,27.15,27.13,27.11,27.1,27.09,27.07,27.34,27.35,27.36,27.37,27.47,27.56,27.59,27.6,27.65,27.7,100,200,100,400,100,100,100,1000,100,200,800,2300,100,300,1600,2900,400,1300,300,10300
369.0,27.34,87500,2404029.0,27.27,27.26,27.2,27.18,27.15,27.13,27.11,27.1,27.09,27.07,27.34,27.35,27.36,27.37,27.47,27.56,27.59,27.6,27.65,27.7,100,200,100,400,100,100,100,1000,100,200,800,2300,100,300,1600,2900,400,1300,300,10300
370.0,27.34,87500,2404029.0,27.27,27.26,27.2,27.18,27.15,27.13,27.11,27.1,27.09,27.07,27.34,27.35,27.36,27.37,27.47,27.56,27.59,27.6,27.65,27.7,100,200,100,400,100,100,100,1000,100,200,800,2300,100,300,1600,2900,400,1300,300,10300
371.0,27.27,87600,2406756.0,27.26,27.2,27.18,27.15,27.13,27.11,27.1,27.09,27.07,27.06,27.27,27.34,27.35,27.36,27.37,27.47,27.56,27.59,27.6,27.65,200,100,400,100,100,100,1000,100,200,1200,300,900,2300,100,300,1300,2900,400,1300,300
372.0,27.27,87600,2406756.0,27.26,27.2,27.18,27.15,27.13,27.11,27.1,27.09,27.07,27.06,27.27,27.34,27.35,27.36,27.37,27.47,27.56,27.59,27.6,27.65,200,100,400,100,100,100,1000,100,200,1200,300,900,2300,100,300,1300,2900,400,1300,300
373.0,27.27,87600,2406756.0,27.26,27.2,27.15,27.13,27.11,27.1,27.09,27.07,27.06,27.05,27.27,27.34,27.35,27.36,27.37,27.47,27.56,27.59,27.6,27.65,200,100,100,100,100,1000,100,200,1200,1800,300,900,2300,100,300,1300,2900,400,1300,300
374.0,27.26,87800,2412208.0,27.2,27.11,27.1,27.09,27.07,27.06,27.05,27.04,27.02,27.01,27.26,27.27,27.34,27.35,27.36,27.37,27.47,27.56,27.59,27.6,100,100,1000,100,200,1200,1800,500,2400,6800,100,300,300,2300,100,200,1300,2900,400,1300
375.0,27.26,87800,2412208.0,27.2,27.15,27.14,27.13,27.12,27.11,27.1,27.09,27.07,27.06,27.26,27.27,27.34,27.35,27.36,27.37,27.47,27.56,27.59,27.6,100,600,600,500,1000,100,1000,200,200,1200,200,300,300,2300,100,200,1300,2900,400,1300
376.0,27.26,87800,2412208.0,27.2,27.15,27.14,27.13,27.12,27.11,27.1,27.09,27.07,27.06,27.26,27.27,27.34,27.35,27.36,27.37,27.47,27.56,27.59,27.6,100,600,600,500,1000,100,1000,200,200,1200,200,300,300,2300,100,200,1300,2900,400,1300
377.0,27.26,87900,2414934.0,27.2,27.17,27.16,27.15,27.13,27.11,27.1,27.09,27.07,27.06,27.26,27.34,27.35,27.36,27.37,27.47,27.56,27.59,27.6,27.65,100,600,400,600,500,100,1000,200,200,1200,100,300,2300,100,200,1300,2900,400,1300,300
378.0,27.26,88100,2420381.0,27.2,27.19,27.18,27.15,27.13,27.11,27.1,27.09,27.07,27.06,27.3,27.31,27.34,27.35,27.36,27.37,27.47,27.56,27.59,27.6,700,600,1000,600,500,100,1000,200,200,1200,600,200,300,2300,100,200,1300,2900,400,1300
379.0,27.26,88100,2420381.0,27.2,27.19,27.18,27.15,27.13,27.11,27.1,27.09,27.07,27.06,27.3,27.31,27.34,27.35,27.36,27.37,27.47,27.56,27.59,27.6,700,600,1000,600,500,100,1000,200,200,1200,600,200,300,2300,100,200,1300,2900,400,1300
380.0,27.26,88100,2420381.0,27.21,27.2,27.15,27.13,27.11,27.1,27.09,27.07,27.06,27.05,27.3,27.31,27.34,27.35,27.36,27.37,27.47,27.56,27.59,27.6,600,700,600,500,2100,1000,200,200,1200,1800,700,200,300,2300,100,200,1300,2900,400,1300
381.0,27.26,88100,2420381.0,27.21,27.2,27.15,27.13,27.11,27.1,27.09,27.07,27.06,27.05,27.3,27.31,27.34,27.35,27.36,27.37,27.47,27.56,27.59,27.6,600,700,600,500,2100,1000,200,200,1200,1800,700,200,300,2300,100,200,1300,2900,400,1300
382.0,27.26,88100,2420381.0,27.21,27.2,27.15,27.13,27.11,27.1,27.09,27.07,27.06,27.05,27.3,27.31,27.34,27.35,27.36,27.37,27.47,27.56,27.59,27.6,600,700,600,500,2100,1000,200,200,1200,1800,700,200,300,2300,100,200,1300,2900,400,1300
383.0,27.3,88200,2423111.0,27.21,27.2,27.15,27.13,27.11,27.1,27.09,27.07,27.06,27.05,27.3,27.31,27.34,27.35,27.36,27.37,27.47,27.56,27.59,27.6,600,700,600,500,2100,1000,200,200,1200,1800,600,200,300,2300,100,200,1300,2900,400,1300
384.0,27.3,88200,2423111.0,27.21,27.2,27.15,27.13,27.11,27.1,27.09,27.07,27.06,27.05,27.3,27.31,27.34,27.35,27.36,27.37,27.47,27.56,27.59,27.6,600,700,600,500,2100,1000,200,200,1200,1800,600,200,300,2300,100,200,1300,2900,400,1300
385.0,27.21,88500,2431274.0,27.21,27.2,27.15,27.13,27.11,27.1,27.09,27.07,27.06,27.05,27.3,27.31,27.34,27.35,27.36,27.37,27.47,27.56,27.59,27.6,300,700,600,500,2100,1000,200,200,1200,1800,600,200,300,2300,100,200,1300,2900,400,1300
386.0,27.21,88500,2431274.0,27.21,27.2,27.15,27.13,27.11,27.1,27.09,27.07,27.06,27.05,27.3,27.31,27.34,27.35,27.36,27.37,27.47,27.56,27.59,27.6,300,700,600,500,2100,1000,200,200,1200,1800,600,200,300,2300,100,200,1300,2900,400,1300
387.0,27.21,88500,2431274.0,27.21,27.2,27.15,27.13,27.11,27.1,27.09,27.07,27.06,27.05,27.3,27.31,27.34,27.35,27.36,27.37,27.47,27.56,27.59,27.6,1300,700,600,500,2100,1000,200,200,1200,1800,600,200,300,2300,100,200,1300,2900,400,1300
388.0,27.21,88500,2431274.0,27.21,27.2,27.15,27.13,27.11,27.1,27.09,27.07,27.06,27.05,27.3,27.31,27.34,27.35,27.36,27.37,27.47,27.56,27.59,27.6,1400,700,600,500,2100,1000,200,200,1200,1800,600,200,300,2300,100,200,1300,2900,400,1300
389.0,27.21,88500,2431274.0,27.21,27.2,27.15,27.13,27.11,27.1,27.09,27.07,27.06,27.05,27.3,27.31,27.34,27.35,27.36,27.37,27.47,27.56,27.59,27.6,1400,100,600,500,2100,1000,200,200,1200,1800,700,200,300,2300,100,200,1300,2900,400,1300
390.0,27.21,88500,2431274.0,27.21,27.2,27.15,27.13,27.11,27.1,27.09,27.07,27.06,27.05,27.3,27.31,27.34,27.35,27.36,27.37,27.47,27.56,27.59,27.6,1400,100,600,500,2100,1000,200,200,1200,1800,700,200,300,2300,100,200,1300,2900,400,1300
391.0,27.21,88500,2431274.0,27.21,27.2,27.15,27.13,27.11,27.1,27.09,27.07,27.06,27.05,27.3,27.31,27.34,27.35,27.36,27.37,27.47,27.56,27.59,27.6,1400,100,600,1000,2100,1000,200,200,1200,1800,700,200,300,2300,100,200,1300,2900,400,1300
392.0,27.21,88500,2431274.0,27.21,27.2,27.15,27.13,27.11,27.1,27.09,27.07,27.06,27.05,27.3,27.31,27.34,27.35,27.36,27.37,27.47,27.56,27.59,27.6,1400,100,600,1000,2100,1000,200,200,1200,1800,700,200,300,2300,100,200,1300,2900,400,1300
393.0,27.21,88500,2431274.0,27.21,27.2,27.15,27.13,27.11,27.1,27.09,27.07,27.06,27.05,27.3,27.31,27.34,27.35,27.36,27.37,27.47,27.56,27.59,27.6,1400,100,600,1000,2100,1000,200,200,1200,1800,700,200,300,2300,100,200,1300,2900,400,1300
394.0,27.21,88500,2431274.0,27.21,27.2,27.15,27.13,27.11,27.1,27.09,27.07,27.06,27.05,27.3,27.31,27.34,27.35,27.36,27.37,27.47,27.56,27.59,27.6,1400,100,600,1000,2100,1000,200,200,1200,1800,700,200,300,2300,100,200,1300,2900,400,1300
395.0,27.3,88600,2434004.0,27.21,27.2,27.15,27.13,27.11,27.1,27.09,27.07,27.06,27.05,27.3,27.31,27.34,27.35,27.36,27.37,27.47,27.56,27.59,27.6,1400,100,600,1000,2100,1000,200,200,1200,1800,600,200,300,2300,100,200,1300,2900,400,1300
396.0,27.3,88600,2434004.0,27.22,27.21,27.2,27.15,27.13,27.11,27.1,27.09,27.07,27.06,27.3,27.31,27.34,27.35,27.36,27.37,27.47,27.56,27.59,27.6,2000,1100,100,600,1000,2100,1000,200,200,1200,600,200,300,2300,100,200,1300,2900,400,1300
397.0,27.22,88800,2439448.0,27.22,27.21,27.2,27.15,27.13,27.11,27.1,27.09,27.07,27.06,27.3,27.31,27.34,27.35,27.36,27.37,27.47,27.56,27.59,27.6,1900,1000,100,600,1000,2100,1000,200,200,1200,600,200,300,2300,100,200,1300,2900,400,1300
398.0,27.22,88800,2439448.0,27.22,27.21,27.2,27.15,27.13,27.11,27.1,27.09,27.07,27.06,27.3,27.31,27.34,27.35,27.36,27.37,27.47,27.56,27.59,27.6,1900,1000,100,600,1000,2100,1000,200,200,1200,600,200,300,2300,100,200,1300,2900,400,1300
399.0,27.22,88900,2442170.0,27.22,27.21,27.2,27.15,27.13,27.11,27.1,27.09,27.07,27.06,27.3,27.31,27.34,27.35,27.36,27.37,27.47,27.56,27.59,27.6,1800,1000,100,600,1000,2100,1000,200,200,1200,600,200,300,2300,100,200,1300,2900,400,1300
400.0,27.22,88900,2442170.0,27.22,27.21,27.2,27.15,27.13,27.11,27.1,27.09,27.07,27.06,27.3,27.31,27.34,27.35,27.37,27.47,27.56,27.59,27.6,27.65,1800,1000,100,600,1000,2100,1000,200,200,1200,600,200,300,2300,200,1300,2900,400,1300,300
401.0,27.22,88900,2442170.0,27.22,27.21,27.2,27.15,27.13,27.11,27.1,27.09,27.07,27.06,27.3,27.31,27.34,27.35,27.37,27.47,27.56,27.59,27.6,27.65,1800,1000,100,600,1000,2100,1000,200,200,1200,600,200,300,2300,200,1300,2900,400,1300,300
402.0,27.22,88900,2442170.0,27.22,27.21,27.2,27.15,27.13,27.11,27.1,27.09,27.07,27.06,27.3,27.31,27.34,27.35,27.37,27.47,27.56,27.59,27.6,27.65,1800,1000,100,600,1000,2100,1000,200,200,1200,600,200,300,2300,200,1300,2900,400,1300,300
403.0,27.22,88900,2442170.0,27.22,27.21,27.2,27.15,27.13,27.11,27.1,27.09,27.07,27.06,27.3,27.31,27.34,27.35,27.37,27.47,27.56,27.59,27.6,27.65,1800,1000,100,600,1000,2100,1000,200,200,1200,600,200,300,2300,200,1300,2900,400,1300,300
404.0,27.22,88900,2442170.0,27.22,27.21,27.2,27.15,27.13,27.11,27.1,27.09,27.07,27.06,27.3,27.31,27.34,27.35,27.37,27.47,27.56,27.59,27.6,27.65,1800,1000,100,600,1000,2100,1000,200,200,1200,600,200,300,2300,200,1300,2900,400,1300,300
405.0,27.22,88900,2442170.0,27.22,27.21,27.2,27.15,27.13,27.11,27.1,27.09,27.07,27.06,27.3,27.31,27.34,27.35,27.37,27.47,27.56,27.59,27.6,27.65,1800,1000,100,600,1000,2100,1000,200,200,1200,600,200,300,2300,200,1300,2900,400,1300,300
406.0,27.22,88900,2442170.0,27.22,27.21,27.2,27.15,27.13,27.11,27.1,27.09,27.07,27.06,27.3,27.31,27.34,27.35,27.37,27.47,27.56,27.59,27.6,27.65,1800,1000,100,600,1000,2100,1000,200,200,1200,500,200,300,2300,200,1300,2900,400,1300,300
407.0,27.3,89000,2444900.0,27.22,27.21,27.2,27.15,27.13,27.11,27.1,27.09,27.07,27.06,27.3,27.31,27.34,27.35,27.37,27.47,27.56,27.59,27.6,27.65,1800,1000,100,600,1000,2100,1000,200,200,1200,400,200,300,2300,200,1300,2900,400,1300,300
408.0,27.3,89000,2444900.0,27.22,27.21,27.2,27.15,27.13,27.11,27.1,27.09,27.07,27.06,27.3,27.31,27.34,27.35,27.37,27.47,27.56,27.59,27.6,27.65,1800,1000,100,600,1000,2100,1000,200,200,1200,400,200,300,2300,200,1300,2900,400,1300,300
409.0,27.3,89000,2444900.0,27.22,27.21,27.2,27.15,27.13,27.11,27.1,27.09,27.07,27.06,27.3,27.31,27.34,27.35,27.37,27.47,27.56,27.59,27.6,27.65,1800,1000,100,600,1000,2100,1000,200,200,1200,400,200,300,2300,200,1300,2900,400,1300,300
410.0,27.3,89000,2444900.0,27.22,27.21,27.2,27.15,27.13,27.11,27.1,27.09,27.07,27.06,27.3,27.31,27.34,27.35,27.37,27.47,27.56,27.59,27.6,27.65,1800,1000,100,600,1000,2100,1000,200,200,1200,400,200,300,2300,200,1300,2900,400,1300,300
411.0,27.3,89000,2444900.0,27.22,27.21,27.2,27.15,27.13,27.11,27.1,27.09,27.07,27.06,27.3,27.31,27.34,27.35,27.37,27.41,27.47,27.56,27.59,27.6,1800,1000,100,600,1000,2100,1000,100,200,1200,400,200,300,2300,200,1200,1300,2900,400,1300
412.0,27.3,89000,2444900.0,27.22,27.21,27.2,27.15,27.13,27.11,27.1,27.09,27.07,27.06,27.3,27.31,27.34,27.35,27.37,27.41,27.47,27.56,27.59,27.6,1800,1000,100,600,1000,2100,1000,100,200,1200,400,200,300,2300,200,1200,1300,2900,400,1300
413.0,27.3,89000,2444900.0,27.22,27.21,27.2,27.15,27.13,27.11,27.1,27.09,27.07,27.06,27.3,27.31,27.34,27.35,27.37,27.41,27.47,27.56,27.59,27.6,1800,1000,100,600,1000,2100,1000,100,200,1200,500,200,300,2300,200,1200,1300,2900,400,1300
414.0,27.3,89000,2444900.0,27.22,27.21,27.2,27.15,27.13,27.11,27.1,27.09,27.07,27.06,27.3,27.31,27.34,27.35,27.37,27.41,27.47,27.56,27.59,27.6,1800,1000,100,600,1000,2100,1000,100,200,1200,500,200,300,2300,200,1200,1300,2900,400,1300
415.0,27.3,89000,2444900.0,27.22,27.21,27.2,27.15,27.13,27.11,27.1,27.09,27.07,27.06,27.3,27.31,27.34,27.35,27.37,27.41,27.47,27.56,27.59,27.6,1800,1000,100,600,1000,2100,1000,100,200,1200,500,200,300,2300,200,1200,1300,2900,400,1300
416.0,27.3,89000,2444900.0,27.22,27.21,27.2,27.15,27.13,27.11,27.1,27.09,27.07,27.06,27.3,27.31,27.34,27.35,27.37,27.41,27.47,27.56,27.59,27.6,1800,1000,100,600,1000,2100,1000,100,200,1200,500,200,300,2300,200,1200,1300,2900,400,1300
417.0,27.3,89000,2444900.0,27.22,27.21,27.2,27.15,27.13,27.11,27.1,27.09,27.07,27.06,27.3,27.31,27.34,27.35,27.37,27.41,27.47,27.56,27.59,27.6,1800,1000,100,600,1000,2100,1000,100,200,1200,500,200,300,2300,200,1200,1300,2900,400,1300
418.0,27.3,89100,2447630.0,27.22,27.21,27.2,27.15,27.13,27.11,27.1,27.09,27.07,27.06,27.3,27.31,27.34,27.35,27.37,27.41,27.47,27.56,27.59,27.6,1800,1000,100,600,1000,2100,1000,100,200,1200,400,200,300,2300,200,1200,1300,2900,400,1300
419.0,27.22,89300,2453074.0,27.22,27.21,27.2,27.15,27.13,27.11,27.1,27.09,27.07,27.06,27.3,27.31,27.34,27.35,27.37,27.41,27.47,27.56,27.59,27.6,1600,1000,100,600,1000,2100,1000,100,200,1200,600,200,300,2300,200,1200,1300,2900,400,1300
420.0,27.22,89300,2453074.0,27.22,27.21,27.2,27.15,27.13,27.11,27.1,27.09,27.07,27.06,27.3,27.31,27.34,27.35,27.37,27.41,27.47,27.56,27.59,27.6,1600,1000,100,600,1000,2100,1000,100,200,1200,600,200,300,2300,200,1200,1300,2900,400,1300
421.0,27.22,89300,2453074.0,27.22,27.21,27.2,27.15,27.13,27.11,27.1,27.09,27.07,27.06,27.3,27.31,27.34,27.35,27.37,27.41,27.47,27.56,27.59,27.6,1600,1000,100,600,1000,2100,1000,100,200,1200,600,200,300,2300,200,1200,1300,2900,400,1300
422.0,27.22,89300,2453074.0,27.22,27.21,27.2,27.15,27.13,27.11,27.1,27.09,27.07,27.06,27.3,27.31,27.34,27.35,27.37,27.41,27.47,27.56,27.59,27.6,1600,1000,100,600,1000,2100,1000,100,200,1200,700,200,300,2300,100,1200,1300,2900,400,1300
423.0,27.22,89300,2453074.0,27.22,27.21,27.2,27.15,27.13,27.11,27.1,27.09,27.07,27.06,27.3,27.31,27.34,27.35,27.37,27.41,27.47,27.56,27.59,27.6,1600,1000,100,600,1000,2100,1000,100,200,1200,700,200,300,2300,100,1200,1300,2900,400,1300
424.0,27.22,89300,2453074.0,27.22,27.21,27.2,27.15,27.13,27.11,27.1,27.09,27.07,27.06,27.3,27.31,27.34,27.35,27.37,27.41,27.47,27.56,27.59,27.6,1600,1000,100,600,1000,2100,1000,100,200,1200,700,200,300,2300,100,1200,1300,2900,400,1300
