LocalTime,LastPrice,TradeVolume,TradeValue,BidPrice1,BidPrice2,BidPrice3,BidPrice4,BidPrice5,BidPrice6,BidPrice7,BidPrice8,BidPrice9,BidPriceA,AskPrice1,AskPrice2,AskPrice3,AskPrice4,AskPrice5,AskPrice6,AskPrice7,AskPrice8,AskPrice9,AskPriceA,BidVolume1,BidVolume2,BidVolume3,BidVolume4,BidVolume5,BidVolume6,BidVolume7,BidVolume8,BidVolume9,BidVolumeA,AskVolume1,AskVolume2,AskVolume3,AskVolume4,AskVolume5,AskVolume6,AskVolume7,AskVolume8,AskVolume9,AskVolumeA
0.0,11.32,51000,577320.0,11.3,11.28,11.26,11.25,11.24,11.23,11.22,11.21,11.2,11.19,11.32,11.33,11.34,11.35,11.37,11.39,11.4,11.42,11.43,11.44,3500,2500,1000,3600,5500,3200,3300,500,5600,1000,10400,20600,30000,35000,1400,69300,61500,2000,300,62500
1.0,11.3,55000,622526.0,11.28,11.27,11.26,11.25,11.24,11.23,11.22,11.21,11.2,11.19,11.3,11.32,11.33,11.34,11.35,11.37,11.39,11.4,11.42,11.43,2500,1000,1000,3600,5500,3200,3300,6700,5600,1000,1700,10100,20600,30000,35000,1900,69300,61500,2000,300
2.0,11.3,56200,636086.0,11.28,11.27,11.26,11.25,11.24,11.23,11.22,11.21,11.2,11.19,11.3,11.32,11.33,11.34,11.35,11.37,11.38,11.39,11.4,11.42,2500,1000,3000,3600,5500,3200,3300,6700,5600,1000,2900,10100,15100,30000,35000,1900,100,69300,61500,2000
3.0,11.3,56300,637216.0,11.28,11.27,11.26,11.25,11.24,11.23,11.22,11.21,11.2,11.19,11.3,11.32,11.33,11.34,11.35,11.37,11.38,11.39,11.4,11.42,2500,1000,3000,3600,5500,3200,3400,6700,5600,1000,2800,11400,15100,30000,35000,1900,100,69300,61500,2000
4.0,11.3,58700,664336.0,11.28,11.27,11.26,11.25,11.24,11.23,11.22,11.21,11.2,11.19,11.3,11.32,11.33,11.34,11.35,11.37,11.38,11.39,11.4,11.42,2500,1000,3000,3600,5500,3200,4600,7700,12600,1000,400,25000,17100,1000,5000,11900,11000,69300,67700,2000
5.0,11.32,62700,709608.0,11.28,11.27,11.26,11.25,11.24,11.23,11.22,11.21,11.2,11.19,11.3,11.31,11.32,11.33,11.34,11.35,11.37,11.38,11.39,11.4,2500,1000,3000,6700,6500,3200,4800,7700,15700,1000,9200,7400,26600,17100,1000,5000,31900,31000,69300,67700
6.0,11.28,66400,751366.0,11.27,11.26,11.25,11.24,11.23,11.22,11.21,11.2,11.19,11.18,11.28,11.3,11.31,11.32,11.33,11.34,11.35,11.36,11.37,11.38,1000,3000,6700,8700,3200,4800,7700,15700,4000,6000,200,14800,7400,26600,17100,1000,5000,5500,31900,31300
7.0,11.3,67100,759272.0,11.28,11.27,11.26,11.25,11.24,11.23,11.22,11.21,11.2,11.19,11.3,11.31,11.32,11.33,11.34,11.35,11.36,11.37,11.38,11.39,100,1000,3000,6700,8700,3200,4800,7700,15800,4000,11300,7400,45700,17100,1000,5000,5500,33900,31300,69300
8.0,11.28,67200,760400.0,11.27,11.26,11.25,11.24,11.23,11.22,11.21,11.2,11.19,11.18,11.29,11.3,11.31,11.32,11.33,11.34,11.35,11.36,11.37,11.38,1000,3000,9400,8700,3200,4800,8000,16000,4000,6000,300,16400,7400,44300,17100,1000,5000,5500,34900,31300
9.0,11.28,67200,760400.0,11.28,11.27,11.26,11.25,11.24,11.23,11.22,11.21,11.2,11.19,11.29,11.3,11.31,11.32,11.33,11.34,11.35,11.36,11.37,11.38,400,1000,3000,9400,8700,3200,4800,8500,16000,4000,5300,26700,8200,55900,17600,1000,5000,5500,34900,31300
10.0,11.29,72200,816850.0,11.28,11.27,11.26,11.25,11.24,11.23,11.22,11.21,11.2,11.19,11.29,11.3,11.31,11.32,11.33,11.34,11.35,11.36,11.37,11.38,500,1000,3000,9400,8700,3200,4800,8500,16000,4000,300,29200,8200,55900,18100,1000,5000,5500,34900,31300
11.0,11.29,72300,817979.0,11.28,11.27,11.26,11.25,11.24,11.23,11.22,11.21,11.2,11.19,11.29,11.3,11.31,11.32,11.33,11.34,11.35,11.36,11.37,11.38,500,1000,3000,9400,9700,3200,4800,8500,16000,9200,200,36000,8200,60500,18100,1000,5000,5500,34900,31300
12.0,11.28,76500,865359.0,11.27,11.26,11.25,11.24,11.23,11.22,11.21,11.2,11.19,11.18,11.28,11.3,11.31,11.32,11.33,11.34,11.35,11.36,11.37,11.38,1000,3000,11900,9700,3200,4800,8500,16000,9200,6000,3700,31200,8200,60500,18100,1000,5000,5500,34900,31300
13.0,11.28,78700,890174.0,11.27,11.26,11.25,11.24,11.23,11.22,11.21,11.2,11.19,11.18,11.28,11.3,11.31,11.32,11.33,11.34,11.35,11.36,11.37,11.38,900,3000,11900,9700,3200,4800,8500,16000,9200,6000,1600,31700,12400,75100,18100,1000,5000,5500,34900,31300
14.0,11.28,80900,914998.0,11.28,11.27,11.26,11.25,11.24,11.23,11.22,11.21,11.2,11.19,11.3,11.31,11.32,11.33,11.34,11.35,11.36,11.37,11.38,11.39,1500,900,3000,12500,9700,3200,4800,8500,16000,9200,31400,17400,75100,18100,1000,5000,5500,35900,31300,69500
15.0,11.28,82400,931925.0,11.28,11.27,11.26,11.25,11.24,11.23,11.22,11.21,11.2,11.19,11.29,11.3,11.31,11.32,11.33,11.34,11.35,11.36,11.37,11.38,7000,1100,3100,12200,9700,3200,4800,8500,16000,9200,200,31400,17400,71700,18100,1000,6000,5500,35900,31300
16.0,11.27,90700,1025542.0,11.27,11.26,11.25,11.24,11.23,11.22,11.21,11.2,11.19,11.18,11.28,11.3,11.31,11.32,11.33,11.34,11.35,11.36,11.37,11.38,200,3100,12200,9700,3200,14800,8500,16000,9200,6000,900,30200,17400,71200,18100,1000,6000,5500,35900,31300
17.0,11.26,95100,1075109.0,11.25,11.24,11.23,11.22,11.21,11.2,11.19,11.18,11.17,11.16,11.26,11.28,11.3,11.31,11.32,11.33,11.34,11.35,11.36,11.37,12200,9700,3200,14800,8500,16000,9200,6000,5800,16100,400,500,30200,17400,71200,18100,1000,6000,5500,45900
18.0,11.26,95500,1079613.0,11.27,11.25,11.24,11.23,11.22,11.21,11.2,11.19,11.18,11.17,11.28,11.3,11.31,11.32,11.33,11.34,11.35,11.36,11.37,11.38,500,13300,10300,3200,14800,8500,16000,9200,6000,5800,6500,30200,17400,71200,18100,1000,6100,5500,45900,31300
19.0,11.28,97300,1099895.0,11.25,11.24,11.23,11.22,11.21,11.2,11.19,11.18,11.17,11.16,11.28,11.29,11.3,11.31,11.32,11.33,11.34,11.35,11.36,11.37,13000,10300,3200,14800,8500,16000,9200,6000,5800,16100,5900,3100,30200,17400,71200,18100,1000,6100,5500,45900
20.0,11.28,98600,1114538.0,11.26,11.25,11.24,11.23,11.22,11.21,11.2,11.19,11.18,11.17,11.28,11.29,11.3,11.31,11.32,11.33,11.34,11.35,11.36,11.37,500,12300,10300,3200,14800,7500,16000,9200,6000,5800,10800,3100,29100,17400,68200,18100,1000,6100,5500,45900
21.0,11.28,98900,1117922.0,11.26,11.25,11.24,11.23,11.22,11.21,11.2,11.19,11.18,11.17,11.27,11.28,11.29,11.3,11.31,11.32,11.33,11.34,11.35,11.36,500,12300,10300,3200,14800,7500,16000,9200,6000,5800,1500,10500,3100,29100,17400,68200,18100,1000,6100,5500
22.0,11.27,100200,1132572.0,11.26,11.25,11.24,11.23,11.22,11.21,11.2,11.19,11.18,11.17,11.27,11.28,11.29,11.3,11.31,11.32,11.33,11.34,11.35,11.36,500,12300,10300,3200,14800,7500,16000,9200,6000,5800,600,5500,3100,23400,17400,68200,18100,1000,6100,5500
23.0,11.27,100300,1133699.0,11.26,11.25,11.24,11.23,11.22,11.21,11.2,11.19,11.18,11.17,11.27,11.28,11.29,11.3,11.31,11.32,11.33,11.34,11.35,11.36,500,14000,10300,3200,14800,7500,16000,9200,6000,5800,3300,5500,3100,23400,17400,68200,18100,1000,6100,5500
24.0,11.27,100300,1133699.0,11.26,11.25,11.24,11.23,11.22,11.21,11.2,11.19,11.18,11.17,11.27,11.28,11.29,11.3,11.31,11.32,11.33,11.34,11.35,11.36,500,14000,10300,3200,14800,7500,16000,9200,6000,5800,4500,5500,3100,23400,17400,68200,18100,1000,6100,5500
25.0,11.27,100800,1139334.0,11.26,11.25,11.24,11.23,11.22,11.21,11.2,11.19,11.18,11.17,11.27,11.28,11.29,11.3,11.31,11.32,11.33,11.34,11.35,11.36,100,14000,10300,3200,14800,7500,16000,9200,6000,5800,5400,5500,3100,23400,17400,68200,18100,1000,6100,5500
26.0,11.26,101300,1144964.0,11.25,11.24,11.23,11.22,11.21,11.2,11.19,11.18,11.17,11.16,11.26,11.27,11.28,11.29,11.3,11.31,11.32,11.33,11.34,11.35,14000,10300,3200,14800,7500,16000,9200,6000,5800,16100,1300,7600,5500,3100,23400,17400,68200,18100,1000,6100
27.0,11.26,102200,1155098.0,11.25,11.24,11.23,11.22,11.21,11.2,11.19,11.18,11.17,11.16,11.26,11.27,11.28,11.29,11.3,11.31,11.32,11.33,11.34,11.35,17000,10300,3200,14800,7500,16000,9200,6000,5800,16100,800,10600,5500,3100,23400,17400,68200,18100,1000,6100
28.0,11.26,102200,1155098.0,11.25,11.24,11.23,11.22,11.21,11.2,11.19,11.18,11.17,11.16,11.26,11.27,11.28,11.29,11.3,11.31,11.32,11.33,11.34,11.35,17000,10300,3200,14800,7500,16000,9200,6000,5800,16100,800,10600,5500,3100,20700,17400,68200,18100,1000,6100
29.0,11.26,104000,1175366.0,11.26,11.25,11.24,11.23,11.22,11.21,11.2,11.19,11.18,11.17,11.27,11.28,11.29,11.3,11.31,11.32,11.33,11.34,11.35,11.36,300,17000,10300,3200,14800,7500,16000,9200,6000,5800,10600,5500,3100,20700,17400,68200,18100,1000,6100,5500
30.0,11.26,105200,1188878.0,11.25,11.24,11.23,11.22,11.21,11.2,11.19,11.18,11.17,11.16,11.26,11.27,11.29,11.3,11.31,11.32,11.33,11.34,11.35,11.36,17000,10300,3200,14800,7500,16000,9200,6000,5800,16100,4500,10600,3100,20700,17400,68200,18100,1000,6100,5500
31.0,11.25,107400,1213628.0,11.25,11.24,11.23,11.22,11.21,11.2,11.19,11.18,11.17,11.16,11.26,11.27,11.29,11.3,11.31,11.32,11.33,11.34,11.35,11.36,14800,10300,3200,14800,7500,16000,9200,6000,5800,16100,4500,10600,3100,20700,17400,68200,18100,1000,6100,5500
32.0,11.26,107700,1217006.0,11.25,11.24,11.23,11.22,11.21,11.2,11.19,11.18,11.17,11.16,11.26,11.27,11.29,11.3,11.31,11.32,11.33,11.34,11.35,11.36,14900,10300,3200,14800,7500,16000,9200,6000,5800,16100,4200,12600,3100,20700,17400,68200,18100,1000,6100,5500
33.0,11.26,107700,1217006.0,11.25,11.24,11.23,11.22,11.21,11.2,11.19,11.18,11.17,11.16,11.26,11.27,11.29,11.3,11.31,11.32,11.33,11.34,11.35,11.36,14900,10300,3200,14800,7500,16000,9200,6000,5800,16100,4200,12600,3100,20700,17400,68200,18100,1000,6100,5500
34.0,11.25,110400,1247381.0,11.25,11.24,11.23,11.22,11.21,11.2,11.19,11.18,11.17,11.16,11.26,11.27,11.29,11.3,11.31,11.32,11.33,11.34,11.35,11.36,12200,10300,3200,14800,7500,16000,9200,7000,5800,16100,5500,13200,3100,20700,17400,68200,18100,1000,6100,5500
35.0,11.26,111900,1264271.0,11.25,11.24,11.23,11.22,11.21,11.2,11.19,11.18,11.17,11.16,11.26,11.27,11.29,11.3,11.31,11.32,11.33,11.34,11.35,11.36,12200,10300,3200,14800,7500,16000,9200,7000,5800,16100,4000,13200,3100,20700,17400,68200,18100,1000,6100,5500
36.0,11.26,114200,1290169.0,11.25,11.24,11.23,11.22,11.21,11.2,11.19,11.18,11.17,11.16,11.26,11.27,11.29,11.3,11.31,11.32,11.33,11.34,11.35,11.36,12200,10300,3200,14800,7500,16100,9200,7000,5800,16100,1800,13300,3100,20700,17400,68200,18100,1000,6100,5500
37.0,11.27,116300,1313818.0,11.26,11.25,11.24,11.23,11.22,11.21,11.2,11.19,11.18,11.17,11.27,11.29,11.3,11.31,11.32,11.33,11.34,11.35,11.36,11.37,2300,12200,10300,3200,14800,7500,16100,9200,7000,5800,29900,3100,20700,17400,68200,18100,1000,6100,5500,45900
38.0,11.26,117700,1329582.0,11.26,11.25,11.24,11.23,11.22,11.21,11.2,11.19,11.18,11.17,11.27,11.29,11.3,11.31,11.32,11.33,11.34,11.35,11.36,11.37,2100,13500,10300,3200,14800,7500,16100,9200,9000,5800,30200,3100,20700,17400,68200,18100,1000,6100,5500,45900
39.0,11.27,117800,1330709.0,11.26,11.25,11.24,11.23,11.22,11.21,11.2,11.19,11.18,11.17,11.27,11.29,11.3,11.31,11.32,11.33,11.34,11.35,11.36,11.37,2100,16500,10300,3200,14800,7500,16100,9200,9000,5800,30100,3100,20700,17400,68200,18100,1000,6100,5500,45900
40.0,11.27,117800,1330709.0,11.26,11.25,11.24,11.23,11.22,11.21,11.2,11.19,11.18,11.17,11.27,11.29,11.3,11.31,11.32,11.33,11.34,11.35,11.36,11.37,2600,16500,10300,3200,14800,7500,16100,9200,9000,5800,30100,3100,20700,17400,68200,18100,1000,6100,5500,45900
41.0,11.27,117800,1330709.0,11.26,11.25,11.24,11.23,11.22,11.21,11.2,11.19,11.18,11.17,11.27,11.29,11.3,11.31,11.32,11.33,11.34,11.35,11.36,11.37,2600,16500,10300,3200,14800,7500,16100,9200,9000,5800,28200,3100,20700,17400,66000,18100,1000,6100,5500,45900
42.0,11.27,117800,1330709.0,11.26,11.25,11.24,11.23,11.22,11.21,11.2,11.19,11.18,11.17,11.27,11.29,11.3,11.31,11.32,11.33,11.34,11.35,11.36,11.37,3300,16500,10300,3200,14800,7500,16100,9200,9000,5800,28200,3100,20700,17400,51400,18100,1000,6100,5500,45900
43.0,11.26,121200,1368993.0,11.25,11.24,11.23,11.22,11.21,11.2,11.19,11.18,11.17,11.16,11.26,11.27,11.29,11.3,11.31,11.32,11.33,11.34,11.35,11.36,16400,10300,3200,14800,8900,16100,9200,9000,5800,16100,1700,28200,3100,20700,17400,51400,18100,1000,6100,5500
44.0,11.25,123500,1394868.0,11.25,11.24,11.23,11.22,11.21,11.2,11.19,11.18,11.17,11.16,11.26,11.27,11.29,11.3,11.31,11.32,11.33,11.34,11.35,11.36,14100,10300,3200,14800,8900,16100,9200,9000,5800,16100,1700,28200,3100,20700,17400,49400,18100,1000,6100,5500
45.0,11.26,124000,1400498.0,11.25,11.24,11.23,11.22,11.21,11.2,11.19,11.18,11.17,11.16,11.26,11.27,11.29,11.3,11.31,11.32,11.33,11.34,11.35,11.36,14100,10300,3200,14800,8900,16100,9200,9000,5800,16100,1400,28200,3100,20700,17400,49400,19200,1000,6100,5500
46.0,11.26,124000,1400498.0,11.25,11.24,11.23,11.22,11.21,11.2,11.19,11.18,11.17,11.16,11.26,11.27,11.29,11.3,11.31,11.32,11.33,11.34,11.35,11.36,14100,10300,3200,14800,9400,16100,9200,9000,5800,16100,6900,28200,3100,20700,17400,49400,19200,1000,6100,5500
47.0,11.26,125100,1412884.0,11.25,11.24,11.23,11.22,11.21,11.2,11.19,11.18,11.17,11.16,11.26,11.27,11.29,11.3,11.31,11.32,11.33,11.34,11.35,11.36,14100,10300,3200,14800,9400,16100,9200,9000,5800,16100,7000,28200,3100,20700,17400,49400,19200,1000,6100,5500
48.0,11.26,125100,1412884.0,11.25,11.24,11.23,11.22,11.21,11.2,11.19,11.18,11.17,11.16,11.26,11.27,11.29,11.3,11.31,11.32,11.33,11.34,11.35,11.36,14100,10300,3200,14800,9900,16100,9200,9000,5800,16100,7000,26200,3100,20700,17400,49400,19200,1000,6100,5500
49.0,11.26,125100,1412884.0,11.25,11.24,11.23,11.22,11.21,11.2,11.19,11.18,11.17,11.16,11.26,11.27,11.29,11.3,11.31,11.32,11.33,11.34,11.35,11.36,14300,10300,3200,14800,12900,16100,9200,9000,5800,16100,10000,26200,3100,20700,17400,49400,19200,1000,6100,5500
50.0,11.26,125600,1418514.0,11.25,11.24,11.23,11.22,11.21,11.2,11.19,11.18,11.17,11.16,11.26,11.27,11.29,11.3,11.31,11.32,11.33,11.34,11.35,11.36,16300,10300,3200,14800,12900,16100,9200,9000,5800,16100,9500,26200,3100,20700,17400,49400,19200,1000,6100,5500
51.0,11.26,125600,1418514.0,11.25,11.24,11.23,11.22,11.21,11.2,11.19,11.18,11.17,11.16,11.26,11.27,11.29,11.3,11.31,11.32,11.33,11.34,11.35,11.36,16300,10300,3200,19800,12900,16100,9200,9000,5800,16100,10000,26200,8100,20700,17400,49400,13400,1000,6100,5500
52.0,11.26,125600,1418514.0,11.25,11.24,11.23,11.22,11.21,11.2,11.19,11.18,11.17,11.16,11.26,11.27,11.29,11.3,11.31,11.32,11.33,11.34,11.35,11.36,16300,10300,3200,19800,12900,16100,9200,9000,5800,16100,10000,26200,8100,20700,17400,49400,13400,1000,6100,5500
53.0,11.26,125700,1419640.0,11.25,11.24,11.23,11.22,11.21,11.2,11.19,11.18,11.17,11.16,11.26,11.27,11.29,11.3,11.31,11.32,11.33,11.34,11.35,11.36,16300,10300,3200,19800,12900,16100,9200,9000,5800,16100,10000,26200,8100,20700,17400,38800,13400,1000,6100,5500
54.0,11.26,125700,1419640.0,11.25,11.24,11.23,11.22,11.21,11.2,11.19,11.18,11.17,11.16,11.26,11.27,11.29,11.3,11.31,11.32,11.33,11.34,11.35,11.36,16300,10300,3200,19800,13900,16100,9200,9000,5800,16100,10000,26200,8100,20700,17400,38800,13400,1000,6100,5500
55.0,11.26,125700,1419640.0,11.25,11.24,11.23,11.22,11.21,11.2,11.19,11.18,11.17,11.16,11.26,11.27,11.29,11.3,11.31,11.32,11.33,11.34,11.35,11.36,16900,10300,3200,19900,13900,16100,9200,9000,5800,16100,10000,26200,8100,20700,17400,38800,13400,1000,6100,5500
56.0,11.26,126200,1425270.0,11.25,11.24,11.23,11.22,11.21,11.2,11.19,11.18,11.17,11.16,11.26,11.27,11.29,11.3,11.31,11.32,11.33,11.34,11.35,11.36,16900,10300,3200,19900,15900,86100,9200,9000,5800,16100,9500,26200,8100,20700,17400,38800,13400,1000,6100,5500
57.0,11.26,126200,1425270.0,11.25,11.24,11.23,11.22,11.21,11.2,11.19,11.18,11.17,11.16,11.26,11.27,11.29,11.3,11.31,11.32,11.33,11.34,11.35,11.36,16900,10300,3200,19900,15900,86100,9200,9000,5800,16100,9500,26200,8100,20700,17400,38800,13400,1000,6100,5500
58.0,11.26,126200,1425270.0,11.25,11.24,11.23,11.22,11.21,11.2,11.19,11.18,11.17,11.16,11.26,11.27,11.29,11.3,11.31,11.32,11.33,11.34,11.35,11.36,17200,10300,3200,19900,15900,86100,9200,10000,5800,16100,9500,26200,8100,20700,17400,38800,13400,1000,6100,5500
59.0,11.26,126600,1429774.0,11.25,11.24,11.23,11.22,11.21,11.2,11.19,11.18,11.17,11.16,11.26,11.27,11.29,11.3,11.31,11.32,11.33,11.34,11.35,11.36,18300,10300,3200,19900,15900,86100,9200,10000,5800,16100,9100,26200,8100,20700,17400,38800,13400,1000,6100,5500
60.0,11.25,127400,1438774.0,11.25,11.24,11.23,11.22,11.21,11.2,11.19,11.18,11.17,11.16,11.26,11.27,11.29,11.3,11.31,11.32,11.33,11.34,11.35,11.36,17500,10300,3200,19900,15900,86100,9200,10000,5800,16100,9100,26200,8100,20700,17400,38800,13400,1000,6100,5500
61.0,11.26,128100,1446656.0,11.25,11.24,11.23,11.22,11.21,11.2,11.19,11.18,11.17,11.16,11.26,11.27,11.29,11.3,11.31,11.32,11.33,11.34,11.35,11.36,17500,10300,3200,19900,15900,86100,9200,10000,5800,16100,8400,26200,8600,21200,17900,38800,13400,1000,6100,5500
62.0,11.26,128100,1446656.0,11.25,11.24,11.23,11.22,11.21,11.2,11.19,11.18,11.17,11.16,11.26,11.27,11.29,11.3,11.31,11.32,11.33,11.34,11.35,11.36,30200,10300,3200,19900,15900,86100,9200,10000,5800,16100,8400,26200,8600,21200,17900,38800,13400,1000,6100,5500
63.0,11.26,129200,1459034.0,11.25,11.24,11.23,11.22,11.21,11.2,11.19,11.18,11.17,11.16,11.26,11.27,11.29,11.3,11.31,11.32,11.33,11.34,11.35,11.36,31400,10300,3700,19900,15900,86100,9200,10000,5800,17100,8100,26200,8600,21200,17900,38800,13400,1000,6100,5500
64.0,11.25,133500,1507412.0,11.25,11.24,11.23,11.22,11.21,11.2,11.19,11.18,11.17,11.16,11.26,11.27,11.29,11.3,11.31,11.32,11.33,11.34,11.35,11.36,33900,10300,3700,19900,15900,86100,9200,10000,5800,17100,9000,26200,8600,21200,17900,38800,13400,1000,6100,5500
65.0,11.26,135900,1534436.0,11.25,11.24,11.23,11.22,11.21,11.2,11.19,11.18,11.17,11.16,11.26,11.27,11.29,11.3,11.31,11.32,11.33,11.34,11.35,11.36,34200,10300,3700,19900,15900,106100,9200,10000,5800,17100,5500,26200,8600,21200,17900,38800,13400,1000,6100,5500
66.0,11.26,140200,1582846.0,11.25,11.24,11.23,11.22,11.21,11.2,11.19,11.18,11.17,11.16,11.26,11.27,11.29,11.3,11.31,11.32,11.33,11.34,11.35,11.36,33400,10300,3700,19900,15900,106300,9200,10000,5800,17100,2000,26200,8100,21200,17900,39300,13400,1000,6100,5500
67.0,11.26,140200,1582846.0,11.25,11.24,11.23,11.22,11.21,11.2,11.19,11.18,11.17,11.16,11.26,11.27,11.29,11.3,11.31,11.32,11.33,11.34,11.35,11.36,33400,10300,3700,19900,15900,106300,9200,10000,5800,17100,2000,26200,8100,21200,17900,39300,13400,1000,6100,5500
68.0,11.25,147500,1665011.0,11.25,11.24,11.23,11.22,11.21,11.2,11.19,11.18,11.17,11.16,11.27,11.29,11.3,11.31,11.32,11.33,11.34,11.35,11.36,11.37,30100,10300,3700,19900,15900,106300,9200,10000,5800,17100,26200,8100,21200,17900,39300,13400,1000,6100,5500,45900
69.0,11.25,153300,1730261.0,11.25,11.24,11.23,11.22,11.21,11.2,11.19,11.18,11.17,11.16,11.27,11.29,11.3,11.31,11.32,11.33,11.34,11.35,11.36,11.37,24300,10300,3700,19900,15900,106300,9200,10000,5800,17100,26200,8100,21200,17900,39300,13400,1000,6100,5500,45900
70.0,11.25,182300,2056491.0,11.24,11.23,11.22,11.21,11.2,11.19,11.18,11.17,11.16,11.15,11.25,11.27,11.29,11.3,11.31,11.32,11.33,11.34,11.35,11.36,8300,3700,19900,15900,106300,9200,9000,5800,17100,8400,45600,27400,8100,21200,17900,39300,13400,1000,6100,5500
71.0,11.25,184800,2084616.0,11.24,11.23,11.22,11.21,11.2,11.19,11.18,11.17,11.16,11.15,11.25,11.27,11.29,11.3,11.31,11.32,11.33,11.34,11.35,11.36,8800,3700,19900,15900,106300,9200,9000,6900,17100,8400,43600,27400,8100,21200,17900,39300,13400,1000,6100,5500
72.0,11.25,187400,2113866.0,11.24,11.23,11.22,11.21,11.2,11.19,11.18,11.17,11.16,11.15,11.25,11.27,11.29,11.3,11.31,11.32,11.33,11.34,11.35,11.36,8800,3700,19900,15900,106300,9200,9000,6900,17100,8400,41000,26900,8100,21200,17900,39300,13400,1000,6100,5500
73.0,11.24,190100,2144214.0,11.24,11.23,11.22,11.21,11.2,11.19,11.18,11.17,11.16,11.15,11.25,11.27,11.29,11.3,11.31,11.32,11.33,11.34,11.35,11.36,6700,3700,19900,15900,106300,9200,9000,6900,17100,8400,41600,26900,8100,21200,13700,38300,13400,1000,6100,5500
74.0,11.25,191100,2155464.0,11.24,11.23,11.22,11.21,11.2,11.19,11.18,11.17,11.16,11.15,11.25,11.26,11.27,11.29,11.3,11.31,11.32,11.33,11.34,11.35,6700,3700,19900,15900,106300,9200,9000,6900,17100,8400,41100,500,26900,8100,21200,13700,38300,11300,1000,6100
75.0,11.25,191100,2155464.0,11.24,11.23,11.22,11.21,11.2,11.19,11.18,11.17,11.16,11.15,11.25,11.26,11.27,11.29,11.3,11.31,11.32,11.33,11.34,11.35,7300,3700,19900,15900,106300,9200,9000,6900,17100,8400,41700,500,26900,8100,21200,13700,38300,11300,1000,6100
76.0,11.25,191100,2155464.0,11.24,11.23,11.22,11.21,11.2,11.19,11.18,11.17,11.16,11.15,11.25,11.26,11.27,11.29,11.3,11.31,11.32,11.33,11.34,11.35,7300,3700,19900,15900,106300,9200,9000,6900,17100,8400,41800,500,26900,8100,21200,13700,38300,11300,1000,6100
77.0,11.24,191200,2156588.0,11.24,11.23,11.22,11.21,11.2,11.19,11.18,11.17,11.16,11.15,11.25,11.26,11.27,11.29,11.3,11.31,11.32,11.33,11.34,11.35,8000,3700,19900,15900,106300,9200,9000,6900,17100,8400,42400,500,26900,8100,21200,13700,38300,11300,1000,6100
78.0,11.24,191200,2156588.0,11.24,11.23,11.22,11.21,11.2,11.19,11.18,11.17,11.16,11.15,11.25,11.26,11.27,11.29,11.3,11.31,11.32,11.33,11.34,11.35,8000,3700,19900,15900,106300,9200,9000,6900,17100,8400,42400,500,26900,8100,21200,13700,38300,12200,1000,6100
79.0,11.25,191700,2162213.0,11.24,11.23,11.22,11.21,11.2,11.19,11.18,11.17,11.16,11.15,11.25,11.26,11.27,11.29,11.3,11.31,11.32,11.33,11.34,11.35,8000,3700,19900,15900,106300,9200,9000,6900,17100,8400,42500,500,26900,8100,21200,13700,38300,12200,1000,6100
80.0,11.24,192200,2167833.0,11.24,11.23,11.22,11.21,11.2,11.19,11.18,11.17,11.16,11.15,11.25,11.26,11.27,11.29,11.3,11.31,11.32,11.33,11.34,11.35,8100,5900,19900,15900,106300,9200,9000,6900,17100,8400,42500,500,26900,8100,21200,13700,38300,12200,1000,6100
81.0,11.24,192200,2167833.0,11.24,11.23,11.22,11.21,11.2,11.19,11.18,11.17,11.16,11.15,11.25,11.26,11.27,11.29,11.3,11.31,11.32,11.33,11.34,11.35,8100,7200,19900,15900,106300,9200,9000,6900,17100,8400,42500,500,26900,8100,21200,13700,38300,12200,1000,6100
82.0,11.24,195000,2199306.0,11.24,11.23,11.22,11.21,11.2,11.19,11.18,11.17,11.16,11.15,11.25,11.26,11.27,11.29,11.3,11.31,11.32,11.33,11.34,11.35,5400,7200,19900,15900,106300,9200,9000,6900,17100,8400,42400,500,26900,8100,21200,13700,38300,12200,1000,6100
83.0,11.24,195000,2199306.0,11.24,11.23,11.22,11.21,11.2,11.19,11.18,11.17,11.16,11.15,11.25,11.26,11.27,11.29,11.3,11.31,11.32,11.33,11.34,11.35,5400,8200,19900,15900,109500,9200,9000,6900,17100,8400,42400,500,26900,8100,21200,13700,38300,12200,1000,6100
84.0,11.24,195000,2199306.0,11.24,11.23,11.22,11.21,11.2,11.19,11.18,11.17,11.16,11.15,11.25,11.26,11.27,11.29,11.3,11.31,11.32,11.33,11.34,11.35,5400,8200,19900,15900,109500,9200,9000,6900,17100,8400,52400,500,26900,8100,21200,13700,38300,12200,1000,6100
85.0,11.25,195700,2207180.0,11.24,11.23,11.22,11.21,11.2,11.19,11.18,11.17,11.16,11.15,11.25,11.26,11.27,11.29,11.3,11.31,11.32,11.33,11.34,11.35,5300,8200,19900,15900,109500,9200,9000,6900,17100,8400,51800,500,26900,8100,21200,13700,38300,12200,1000,6100
86.0,11.24,196600,2217296.0,11.24,11.23,11.22,11.21,11.2,11.19,11.18,11.17,11.16,11.15,11.25,11.26,11.27,11.29,11.3,11.31,11.32,11.33,11.34,11.35,4400,8800,19900,15900,109500,9200,9000,6900,17100,8400,51800,500,26900,8100,21200,13700,38300,12200,1000,6100
87.0,11.24,196600,2217296.0,11.24,11.23,11.22,11.21,11.2,11.19,11.18,11.17,11.16,11.15,11.25,11.26,11.27,11.29,11.3,11.31,11.32,11.33,11.34,11.35,4400,13800,19900,15900,109500,9200,9000,6900,17100,8400,51800,500,26900,8100,21200,13700,38300,12200,1000,6100
88.0,11.24,196600,2217296.0,11.24,11.23,11.22,11.21,11.2,11.19,11.18,11.17,11.16,11.15,11.25,11.26,11.27,11.29,11.3,11.31,11.32,11.33,11.34,11.35,4400,17600,19900,15900,109500,9200,9000,6900,17100,8400,51800,500,26900,8100,21200,13700,38300,12200,1000,6100
89.0,11.24,196600,2217296.0,11.24,11.23,11.22,11.21,11.2,11.19,11.18,11.17,11.16,11.15,11.25,11.26,11.27,11.29,11.3,11.31,11.32,11.33,11.34,11.35,4400,17600,19900,16900,109500,9200,9000,6900,17100,8400,51800,500,26900,8100,21200,13700,38300,12200,1000,6100
90.0,11.24,196600,2217296.0,11.24,11.23,11.22,11.21,11.2,11.19,11.18,11.17,11.16,11.15,11.25,11.26,11.27,11.29,11.3,11.31,11.32,11.33,11.34,11.35,4400,17600,19900,16900,109500,9200,9000,6900,17100,8400,51800,500,26900,8100,21200,13700,38300,12200,1000,6100
91.0,11.24,197600,2228536.0,11.24,11.23,11.22,11.21,11.2,11.19,11.18,11.17,11.16,11.15,11.25,11.27,11.29,11.3,11.31,11.32,11.33,11.34,11.35,11.36,3400,17600,19900,18000,109500,9200,9000,6900,17100,8400,51800,26900,8100,21200,13700,38300,12200,1000,6100,5500
92.0,11.24,197600,2228536.0,11.24,11.23,11.22,11.21,11.2,11.19,11.18,11.17,11.16,11.15,11.25,11.27,11.29,11.3,11.31,11.32,11.33,11.34,11.35,11.36,3400,17600,19900,18000,109500,9200,9000,6900,17100,8400,53600,26900,8100,21200,13700,38300,12200,1000,6100,5500
93.0,11.25,198500,2238661.0,11.24,11.23,11.22,11.21,11.2,11.19,11.18,11.17,11.16,11.15,11.25,11.27,11.29,11.3,11.31,11.32,11.33,11.34,11.35,11.36,3400,17600,21400,18500,114000,9200,9000,6900,17100,8400,69600,26900,8100,21200,13700,38300,12200,1000,6100,5500
94.0,11.25,198500,2238661.0,11.24,11.23,11.22,11.21,11.2,11.19,11.18,11.17,11.16,11.15,11.25,11.27,11.29,11.3,11.31,11.32,11.33,11.34,11.35,11.36,5400,17600,21400,18500,114000,9200,9000,6900,17100,8400,69600,26900,8100,21200,13700,38300,11700,1000,6100,5500
95.0,11.25,198500,2238661.0,11.24,11.23,11.22,11.21,11.2,11.19,11.18,11.17,11.16,11.15,11.25,11.27,11.29,11.3,11.31,11.32,11.33,11.34,11.35,11.36,7100,18600,21400,18500,114000,9200,9000,6900,17100,8400,69600,26900,8100,21200,13700,38800,11700,1000,6100,5500
96.0,11.25,198800,2242036.0,11.24,11.23,11.22,11.21,11.2,11.19,11.18,11.17,11.16,11.15,11.25,11.27,11.29,11.3,11.31,11.32,11.33,11.34,11.35,11.36,7100,18600,21400,18500,114000,9200,9000,6900,17100,8400,69300,26900,8100,21200,13700,38800,11700,1000,6100,5500
97.0,11.24,198900,2243160.0,11.24,11.23,11.22,11.21,11.2,11.19,11.18,11.17,11.16,11.15,11.25,11.27,11.29,11.3,11.31,11.32,11.33,11.34,11.35,11.36,7000,18600,21400,18500,114000,9200,9000,6900,17100,8400,69300,26900,8100,21200,13700,38800,11700,1000,6100,5500
98.0,11.24,198900,2243160.0,11.24,11.23,11.22,11.21,11.2,11.19,11.18,11.17,11.16,11.15,11.25,11.27,11.29,11.3,11.31,11.32,11.33,11.34,11.35,11.36,7000,18600,21400,18500,114000,9200,9000,6900,17100,8400,69300,26900,8100,21200,13700,38800,11700,1000,6100,5500
99.0,11.24,198900,2243160.0,11.24,11.23,11.22,11.21,11.2,11.19,11.18,11.17,11.16,11.15,11.25,11.27,11.29,11.3,11.31,11.32,11.33,11.34,11.35,11.36,7000,18600,23700,18500,114000,9200,9000,6900,17100,8400,69300,26900,8100,21200,13700,38800,11700,1000,6100,5500
100.0,11.25,199000,2244285.0,11.24,11.23,11.22,11.21,11.2,11.19,11.18,11.17,11.16,11.15,11.25,11.27,11.29,11.3,11.31,11.32,11.33,11.34,11.35,11.36,7000,18600,23700,20500,114000,9200,9000,6900,17200,8400,69200,26900,8100,21200,13700,38800,11700,1000,6100,5500
101.0,11.24,207300,2337577.0,11.23,11.22,11.21,11.2,11.19,11.18,11.17,11.16,11.15,11.13,11.24,11.25,11.27,11.29,11.3,11.31,11.32,11.33,11.34,11.35,18600,23700,20500,114000,9200,9000,6900,17200,8400,5700,700,69200,26900,8100,21200,13700,38800,11700,1000,6100
102.0,11.24,209000,2356677.0,11.24,11.23,11.22,11.21,11.2,11.19,11.18,11.17,11.16,11.15,11.25,11.27,11.29,11.3,11.31,11.32,11.33,11.34,11.35,11.36,100,16800,23700,20500,114000,9200,9000,6900,17200,8400,69200,26800,8100,21200,13700,38800,11700,1000,6100,5500
103.0,11.24,209700,2364551.0,11.23,11.22,11.21,11.2,11.19,11.18,11.17,11.16,11.15,11.13,11.24,11.25,11.27,11.29,11.3,11.31,11.32,11.33,11.34,11.35,17500,23700,20500,114000,9200,9000,6900,17200,8400,5700,1100,68600,26800,8100,21200,13700,38800,11700,1000,6100
104.0,11.24,209700,2364551.0,11.23,11.22,11.21,11.2,11.19,11.18,11.17,11.16,11.15,11.13,11.24,11.25,11.27,11.29,11.3,11.31,11.32,11.33,11.34,11.35,18100,23700,20500,114000,9200,9000,6900,17200,8400,5700,1300,68600,26700,8100,21200,13700,38800,11700,1000,6100
105.0,11.24,209700,2364551.0,11.23,11.22,11.21,11.2,11.19,11.18,11.17,11.16,11.15,11.13,11.24,11.25,11.27,11.29,11.3,11.31,11.32,11.33,11.34,11.35,21900,23700,20500,114000,9200,9000,6900,17200,8400,5700,1300,68600,26700,8100,21200,13700,38800,11700,1000,6100
106.0,11.24,211400,2383659.0,11.23,11.22,11.21,11.2,11.19,11.18,11.17,11.16,11.15,11.13,11.24,11.25,11.27,11.29,11.3,11.31,11.32,11.33,11.34,11.35,22500,23700,20500,114000,9200,9000,6900,17200,8400,5700,200,68600,26700,8100,21200,13700,38800,11700,1000,6100
107.0,11.24,212000,2390403.0,11.23,11.22,11.21,11.2,11.19,11.18,11.17,11.16,11.15,11.13,11.24,11.25,11.27,11.29,11.3,11.31,11.32,11.33,11.34,11.35,22500,24300,20500,115000,9200,9000,6900,17200,8400,5700,1800,69400,24600,8100,21200,13700,38800,11700,1000,6100
108.0,11.24,213800,2410635.0,11.24,11.23,11.22,11.21,11.2,11.19,11.18,11.17,11.16,11.15,11.25,11.27,11.29,11.3,11.31,11.32,11.33,11.34,11.35,11.36,400,22700,24300,20500,115000,9200,9000,6900,17200,8400,69400,24600,8100,21200,13700,38800,11700,1000,6100,5500
109.0,11.25,214600,2419635.0,11.24,11.23,11.22,11.21,11.2,11.19,11.18,11.17,11.16,11.15,11.25,11.27,11.29,11.3,11.31,11.32,11.33,11.34,11.35,11.36,400,22700,24300,20500,115000,9200,9000,6900,17200,8400,58600,26900,8100,21200,13700,38800,11700,1000,6100,5500
110.0,11.24,217700,2454479.0,11.24,11.23,11.22,11.21,11.2,11.19,11.18,11.17,11.16,11.15,11.25,11.27,11.29,11.3,11.31,11.32,11.33,11.34,11.35,11.36,200,22700,24300,20500,115000,9200,9000,6900,17200,8400,58600,24800,8100,21200,13700,38800,11700,1000,6100,5500
111.0,11.23,219700,2476941.0,11.23,11.22,11.21,11.2,11.19,11.18,11.17,11.16,11.15,11.13,11.24,11.25,11.27,11.29,11.3,11.31,11.32,11.33,11.34,11.35,20900,24300,21000,115000,9200,9000,6900,17200,8400,5700,500,58600,24800,8100,21200,13700,38800,11700,1000,6100
112.0,11.23,219700,2476941.0,11.23,11.22,11.21,11.2,11.19,11.18,11.17,11.16,11.15,11.13,11.24,11.25,11.27,11.29,11.3,11.31,11.32,11.33,11.34,11.35,20900,24300,21000,115000,29200,9000,6900,17200,8400,5700,500,58600,24800,8100,21200,13700,38800,11700,1000,6100
113.0,11.24,221000,2491548.0,11.23,11.22,11.21,11.2,11.19,11.18,11.17,11.16,11.15,11.13,11.24,11.25,11.27,11.29,11.3,11.31,11.32,11.33,11.34,11.35,21100,24300,21000,115000,49200,9000,6900,17200,8400,5700,500,58600,24800,8100,21200,13700,38800,11700,1000,6100
114.0,11.24,221000,2491548.0,11.23,11.22,11.21,11.2,11.19,11.18,11.17,11.16,11.15,11.13,11.24,11.25,11.27,11.29,11.3,11.31,11.32,11.33,11.34,11.35,21100,24300,21000,115000,49200,9000,6900,17200,8400,5700,500,58600,24800,8100,21200,13700,38800,11700,1000,6100
115.0,11.24,221000,2491548.0,11.23,11.22,11.21,11.2,11.19,11.18,11.17,11.16,11.15,11.13,11.24,11.25,11.27,11.29,11.3,11.31,11.32,11.33,11.34,11.35,21800,24300,21000,115000,49200,9000,6900,17200,8400,5700,1200,58600,24800,8100,21200,13700,38800,11700,1000,6100
116.0,11.23,222300,2506148.0,11.23,11.22,11.21,11.2,11.19,11.18,11.17,11.16,11.15,11.13,11.24,11.25,11.27,11.29,11.3,11.31,11.32,11.33,11.34,11.35,21500,24300,21000,115000,49200,9000,6900,17200,8400,5700,1100,58600,24800,8100,21200,13700,38800,11700,1000,6100
117.0,11.23,222300,2506148.0,11.23,11.22,11.21,11.2,11.19,11.18,11.17,11.16,11.15,11.13,11.24,11.25,11.27,11.29,11.3,11.31,11.32,11.33,11.34,11.35,21700,24300,21300,115000,49200,39000,6900,17200,8400,5700,1800,58500,24800,8100,21200,13700,36100,11700,1000,6100
118.0,11.23,223500,2519626.0,11.23,11.22,11.21,11.2,11.19,11.18,11.17,11.16,11.15,11.13,11.24,11.25,11.27,11.29,11.3,11.31,11.32,11.33,11.34,11.35,20700,25100,21300,115000,49200,69000,6900,17200,8400,5700,1600,58500,24800,8100,21200,13700,36100,11700,1000,6100
119.0,11.24,223600,2520750.0,11.23,11.22,11.21,11.2,11.19,11.18,11.17,11.16,11.15,11.13,11.24,11.25,11.27,11.29,11.3,11.31,11.32,11.33,11.34,11.35,20700,25100,22300,115000,49200,69000,6900,17200,8400,5700,1500,58500,24800,8100,21200,13700,36100,11700,1000,6100
120.0,11.24,223600,2520750.0,11.23,11.22,11.21,11.2,11.19,11.18,11.17,11.16,11.15,11.13,11.24,11.25,11.27,11.29,11.3,11.31,11.32,11.33,11.34,11.35,21400,25100,22300,115000,49200,69000,6900,17200,8400,5700,2500,58500,24800,8100,21200,13700,36100,11700,1000,6100
121.0,11.24,223600,2520750.0,11.23,11.22,11.21,11.2,11.19,11.18,11.17,11.16,11.15,11.13,11.24,11.25,11.27,11.29,11.3,11.31,11.32,11.33,11.34,11.35,21400,25100,22300,115000,49200,69000,46900,17200,8400,5700,5800,58500,24800,8100,18200,13700,36100,11700,1000,6100
122.0,11.24,225200,2538729.0,11.23,11.22,11.21,11.2,11.19,11.18,11.17,11.16,11.15,11.13,11.24,11.25,11.27,11.29,11.3,11.31,11.32,11.33,11.34,11.35,21600,25100,23000,115700,49900,69000,46900,17200,8400,5700,6100,58500,24800,8100,18200,13700,36100,11700,1000,6100
123.0,11.24,225200,2538729.0,11.23,11.22,11.21,11.2,11.19,11.18,11.17,11.16,11.15,11.13,11.24,11.25,11.27,11.29,11.3,11.31,11.32,11.33,11.34,11.35,21600,25100,23000,115700,49900,69000,46900,17200,8400,5700,6100,58500,24800,8100,18200,13700,36100,11700,1000,6100
124.0,11.24,225200,2538729.0,11.23,11.22,11.21,11.2,11.19,11.18,11.17,11.16,11.15,11.13,11.24,11.25,11.27,11.29,11.3,11.31,11.32,11.33,11.34,11.35,22300,25100,24000,115700,49900,69000,46900,17200,8400,5700,6800,58500,24800,8100,18200,13700,36100,11700,1000,6100
125.0,11.24,225200,2538729.0,11.23,11.22,11.21,11.2,11.19,11.18,11.17,11.16,11.15,11.13,11.24,11.25,11.27,11.29,11.3,11.31,11.32,11.33,11.34,11.35,25400,25100,24000,115700,49900,69000,86900,17200,8400,5700,6800,58500,24800,8100,18200,13700,36100,11700,1000,6100
126.0,11.24,226300,2551089.0,11.23,11.22,11.21,11.2,11.19,11.18,11.17,11.16,11.15,11.13,11.24,11.25,11.27,11.29,11.3,11.31,11.32,11.33,11.34,11.35,25000,25100,24000,115700,49900,69000,86900,17200,8400,5700,6100,58500,24800,8100,18200,13700,36100,11700,1000,6100
127.0,11.23,227300,2562319.0,11.23,11.22,11.21,11.2,11.19,11.18,11.17,11.16,11.15,11.13,11.24,11.25,11.27,11.29,11.3,11.31,11.32,11.33,11.34,11.35,24700,25100,24000,115700,49900,69000,86900,17200,8400,5700,6800,58500,24800,8100,18200,13700,36100,11700,1000,6100
128.0,11.23,227300,2562319.0,11.23,11.22,11.21,11.2,11.19,11.18,11.17,11.16,11.15,11.13,11.24,11.25,11.27,11.29,11.3,11.31,11.32,11.33,11.34,11.35,24700,26100,22900,115700,69900,69000,86900,17200,8400,127600,6800,58500,24800,8100,18200,13700,36100,11700,1000,6100
129.0,11.24,227900,2569063.0,11.23,11.22,11.21,11.2,11.19,11.18,11.17,11.16,11.15,11.13,11.24,11.25,11.27,11.29,11.3,11.31,11.32,11.33,11.34,11.35,24700,26100,22900,116200,69900,69000,86900,17200,8400,127600,6200,58500,24800,8100,18200,13700,36100,11700,1000,6100
130.0,11.24,228900,2580303.0,11.23,11.22,11.21,11.2,11.19,11.18,11.17,11.16,11.15,11.13,11.24,11.25,11.27,11.29,11.3,11.31,11.32,11.33,11.34,11.35,24700,26100,22900,116200,69900,69900,86900,17200,8400,127600,5200,58500,24800,8100,18200,13700,35800,11700,1000,6100
131.0,11.23,232200,2617365.0,11.23,11.22,11.21,11.2,11.19,11.18,11.17,11.16,11.15,11.13,11.24,11.25,11.27,11.29,11.3,11.31,11.32,11.33,11.34,11.35,21700,26100,22900,116200,69900,99900,86900,17200,8400,127600,4900,58500,24800,8100,18200,13700,35800,11700,1000,6100
132.0,11.24,232600,2621861.0,11.23,11.22,11.21,11.2,11.19,11.18,11.17,11.16,11.15,11.13,11.24,11.25,11.27,11.29,11.3,11.31,11.32,11.33,11.34,11.35,21700,26100,22900,116200,69900,99900,86900,17200,8400,127600,4500,58500,24800,8100,18200,13700,35800,11700,1000,6100
133.0,11.24,233000,2626357.0,11.23,11.22,11.21,11.2,11.19,11.18,11.17,11.16,11.15,11.13,11.24,11.25,11.27,11.29,11.3,11.31,11.32,11.33,11.34,11.35,21700,26100,23900,116200,69900,99900,86900,17200,8400,127600,4100,58500,24800,8100,18200,13700,35800,11700,1000,6100
134.0,11.24,233000,2626357.0,11.23,11.22,11.21,11.2,11.19,11.18,11.17,11.16,11.15,11.13,11.24,11.25,11.27,11.29,11.3,11.31,11.32,11.33,11.34,11.35,21700,26100,23900,116200,69900,99900,86900,17200,8400,127600,4100,58000,24800,8100,18200,13700,35800,11700,1000,6100
135.0,11.24,233000,2626357.0,11.23,11.22,11.21,11.2,11.19,11.18,11.17,11.16,11.15,11.13,11.24,11.25,11.27,11.29,11.3,11.31,11.32,11.33,11.34,11.35,21700,26100,23900,116200,69900,99900,126900,17200,8400,127600,4100,58000,24800,8100,18200,13700,35800,11700,1000,6100
136.0,11.23,244800,2758875.0,11.23,11.22,11.21,11.2,11.19,11.18,11.17,11.16,11.15,11.13,11.24,11.25,11.27,11.29,11.3,11.31,11.32,11.33,11.34,11.35,11600,26100,23900,117200,69900,99900,126900,17200,8400,127600,3700,58000,24800,8100,18200,13700,35800,11700,1000,6100
137.0,11.23,246900,2782465.0,11.23,11.22,11.21,11.2,11.19,11.18,11.17,11.16,11.15,11.13,11.24,11.25,11.27,11.29,11.3,11.31,11.32,11.33,11.34,11.35,11000,26100,23900,117200,69900,99900,126900,17200,8400,127600,3000,58000,24800,8100,18200,13700,35800,11700,1000,6100
138.0,11.23,247200,2785834.0,11.23,11.22,11.21,11.2,11.19,11.18,11.17,11.16,11.15,11.13,11.24,11.25,11.27,11.29,11.3,11.31,11.32,11.33,11.34,11.35,10700,26100,23900,117200,69900,99900,126900,17200,8400,127600,3000,58000,24800,8100,18200,13700,35800,11700,1000,6100
139.0,11.23,247200,2785834.0,11.23,11.22,11.21,11.2,11.19,11.18,11.17,11.16,11.15,11.13,11.24,11.25,11.27,11.29,11.3,11.31,11.32,11.33,11.34,11.35,10800,26100,23900,117200,69900,99900,126900,17200,8400,127600,3000,58000,24800,8100,18200,13700,35800,11700,1000,6100
140.0,11.24,250800,2826298.0,11.24,11.23,11.22,11.21,11.2,11.19,11.18,11.17,11.16,11.15,11.25,11.27,11.29,11.3,11.31,11.32,11.33,11.34,11.35,11.36,6900,13800,37500,23900,117200,69900,99900,126900,17200,8400,58000,24800,8100,18200,13700,35800,11700,1000,6100,5500
141.0,11.25,252600,2846548.0,11.24,11.23,11.22,11.21,11.2,11.19,11.18,11.17,11.16,11.15,11.25,11.27,11.29,11.3,11.31,11.32,11.33,11.34,11.35,11.36,6900,15000,37500,23900,117200,69900,99900,126900,17200,58400,56200,24800,8100,18200,13700,35800,11700,1000,6100,5500
142.0,11.25,308800,3478798.0,11.24,11.23,11.22,11.21,11.2,11.19,11.18,11.17,11.16,11.15,11.26,11.27,11.29,11.3,11.31,11.32,11.33,11.34,11.35,11.36,8200,16000,37500,23900,117200,69200,99900,126900,17200,58400,700,24800,8100,18400,13700,35800,11700,1000,6100,5500
143.0,11.25,309500,3486675.0,11.25,11.24,11.23,11.22,11.21,11.2,11.19,11.18,11.17,11.16,11.26,11.27,11.29,11.3,11.31,11.32,11.33,11.34,11.35,11.36,600,9200,15600,37500,23900,117200,69200,99900,126900,17200,1500,24800,8100,18400,13700,35800,11700,1000,6100,5500
144.0,11.26,309800,3490053.0,11.25,11.24,11.23,11.22,11.21,11.2,11.19,11.18,11.17,11.16,11.26,11.27,11.29,11.3,11.31,11.32,11.33,11.34,11.35,11.36,1300,9200,15600,37500,24900,117200,69200,99900,126900,17200,2100,24800,8100,18400,13700,35800,11700,1000,6100,5500
145.0,11.26,310400,3496809.0,11.25,11.24,11.23,11.22,11.21,11.2,11.19,11.18,11.17,11.16,11.26,11.27,11.29,11.3,11.31,11.32,11.33,11.34,11.35,11.36,1300,11700,15600,37500,24900,117200,69200,99900,126900,18200,1500,24800,8100,18400,13700,35800,11700,1000,6100,5500
146.0,11.25,311400,3508065.0,11.25,11.24,11.23,11.22,11.21,11.2,11.19,11.18,11.17,11.16,11.26,11.27,11.29,11.3,11.31,11.32,11.33,11.34,11.35,11.36,1700,15000,15600,36900,24900,117200,69200,99900,126900,18200,2100,24800,8100,18400,13700,35800,11700,1000,6100,5500
147.0,11.26,311600,3510317.0,11.25,11.24,11.23,11.22,11.21,11.2,11.19,11.18,11.17,11.16,11.26,11.27,11.29,11.3,11.31,11.32,11.33,11.34,11.35,11.36,1700,15000,15700,36900,24900,117200,69200,99900,126900,18200,2100,24800,8100,18400,13700,35800,11700,1000,6100,5500
148.0,11.26,311600,3510317.0,11.25,11.24,11.23,11.22,11.21,11.2,11.19,11.18,11.17,11.16,11.26,11.27,11.29,11.3,11.31,11.32,11.33,11.34,11.35,11.36,1700,15000,15700,36900,24900,117200,69200,99900,126900,18200,2100,24800,8100,18400,13700,35800,11700,1000,6100,5500
149.0,11.26,312000,3514821.0,11.25,11.24,11.23,11.22,11.21,11.2,11.19,11.18,11.17,11.16,11.26,11.27,11.29,11.3,11.31,11.32,11.33,11.34,11.35,11.36,1700,15000,16800,36900,24900,117200,69200,99900,126900,18200,3200,24800,8100,18400,13700,35800,11700,1000,6100,5500
150.0,11.26,312000,3514821.0,11.25,11.24,11.23,11.22,11.21,11.2,11.19,11.18,11.17,11.16,11.26,11.27,11.29,11.3,11.31,11.32,11.33,11.34,11.35,11.36,1700,15000,16800,36900,29400,117200,69200,99900,126900,18200,3200,24800,8100,18400,13700,35800,11700,1000,6100,5500
151.0,11.24,314800,3546316.0,11.24,11.23,11.22,11.21,11.2,11.19,11.18,11.17,11.16,11.15,11.26,11.27,11.29,11.3,11.31,11.32,11.33,11.34,11.35,11.36,14200,16800,36900,29400,117200,69200,99900,126900,18200,160400,2900,24800,8100,18400,13700,35800,11700,1000,6100,5500
152.0,11.24,314800,3546316.0,11.25,11.24,11.23,11.22,11.21,11.2,11.19,11.18,11.17,11.16,11.26,11.27,11.29,11.3,11.31,11.32,11.33,11.34,11.35,11.36,700,14200,16100,37600,29400,118300,69200,99900,126900,18200,3100,24800,8100,18400,13700,35800,11700,1000,6100,5500
153.0,11.24,315600,3555315.0,11.24,11.23,11.22,11.21,11.2,11.19,11.18,11.17,11.16,11.15,11.25,11.26,11.27,11.29,11.3,11.31,11.32,11.33,11.34,11.35,17100,16100,37600,29400,123400,69200,99900,126900,18200,160400,500,3100,24800,8100,18400,13700,35800,11700,1000,6100
154.0,11.25,316000,3559815.0,11.24,11.23,11.22,11.21,11.2,11.19,11.18,11.17,11.16,11.15,11.25,11.26,11.27,11.29,11.3,11.31,11.32,11.33,11.34,11.35,17100,16100,37600,31400,123400,69200,99900,126900,18200,160400,100,3100,24800,8100,12800,13700,35800,11700,1000,6100
155.0,11.25,316000,3559815.0,11.24,11.23,11.22,11.21,11.2,11.19,11.18,11.17,11.16,11.15,11.25,11.26,11.27,11.29,11.3,11.31,11.32,11.33,11.34,11.35,17100,16100,37600,31900,123400,69200,99900,126900,18200,160400,100,3100,24800,8100,12800,13700,35800,11700,1000,6100
156.0,11.25,316100,3560940.0,11.24,11.23,11.22,11.21,11.2,11.19,11.18,11.17,11.16,11.15,11.26,11.27,11.29,11.3,11.31,11.32,11.33,11.34,11.35,11.36,17100,16100,37600,31900,123400,69200,99900,126900,18200,160400,3100,24800,8100,12800,13700,35800,11700,1000,6100,5500
157.0,11.26,316400,3564318.0,11.24,11.23,11.22,11.21,11.2,11.19,11.18,11.17,11.16,11.15,11.26,11.27,11.29,11.3,11.31,11.32,11.33,11.34,11.35,11.36,18500,16100,41000,31900,123400,69200,99900,126900,18200,160400,4200,24800,8100,12800,13700,35800,11700,1000,6100,5500
158.0,11.26,316400,3564318.0,11.24,11.23,11.22,11.21,11.2,11.19,11.18,11.17,11.16,11.15,11.26,11.27,11.29,11.3,11.31,11.32,11.33,11.34,11.35,11.36,19000,16100,41000,31900,123400,69200,99900,126900,18200,160400,4700,24800,8100,12800,13700,35800,11700,1000,6100,5500
159.0,11.24,317200,3573310.0,11.24,11.23,11.22,11.21,11.2,11.19,11.18,11.17,11.16,11.15,11.26,11.27,11.29,11.3,11.31,11.32,11.33,11.34,11.35,11.36,19000,16100,41000,31900,123400,69200,99900,126900,18200,160400,5500,24800,8100,12800,13700,35800,11700,1000,6100,5500
160.0,11.26,318200,3584570.0,11.24,11.23,11.22,11.21,11.2,11.19,11.18,11.17,11.16,11.15,11.26,11.27,11.29,11.3,11.31,11.32,11.33,11.34,11.35,11.36,20400,16100,41000,31900,123400,69200,99900,126900,18200,160400,5900,24800,8100,12800,13700,35800,11700,1000,6100,5500
161.0,11.26,320500,3610468.0,11.24,11.23,11.22,11.21,11.2,11.19,11.18,11.17,11.16,11.15,11.26,11.27,11.29,11.3,11.31,11.32,11.33,11.34,11.35,11.36,21900,16000,41000,31900,124800,69200,99900,126900,18200,160400,5100,24800,8100,12800,13700,35800,11700,1000,6100,5500
162.0,11.26,326500,3678028.0,11.24,11.23,11.22,11.21,11.2,11.19,11.18,11.17,11.16,11.15,11.26,11.27,11.29,11.3,11.31,11.32,11.33,11.34,11.35,11.36,23400,16000,41000,31900,124800,69200,99900,126900,18200,160400,600,24800,8100,12800,13700,35800,11700,1000,6100,5500
163.0,11.26,326500,3678028.0,11.25,11.24,11.23,11.22,11.21,11.2,11.19,11.18,11.17,11.16,11.26,11.27,11.29,11.3,11.31,11.32,11.33,11.34,11.35,11.36,3000,23400,16000,41000,31900,124800,70500,99900,126900,18200,1200,24800,8100,12800,13700,35800,11700,1000,6100,5500
164.0,11.26,327200,3685910.0,11.25,11.24,11.23,11.22,11.21,11.2,11.19,11.18,11.17,11.16,11.26,11.27,11.29,11.3,11.31,11.32,11.33,11.34,11.35,11.36,3100,22000,15200,41000,31900,124800,70500,99900,126900,18200,500,24800,8100,12800,13700,35800,11700,1000,6100,5500
165.0,11.26,327200,3685910.0,11.25,11.24,11.23,11.22,11.21,11.2,11.19,11.18,11.17,11.16,11.26,11.27,11.29,11.3,11.31,11.32,11.33,11.34,11.35,11.36,3100,22000,15200,41000,31900,124800,70500,99900,126900,18200,500,24800,8100,12800,13700,35800,11700,1000,6100,5500
166.0,11.26,327300,3687036.0,11.25,11.24,11.23,11.22,11.21,11.2,11.19,11.18,11.17,11.16,11.26,11.27,11.29,11.3,11.31,11.32,11.33,11.34,11.35,11.36,3100,22000,15200,41600,31900,124800,70500,99900,126900,18200,400,24800,8100,12800,13700,35800,11700,1000,6100,5500
167.0,11.26,327300,3687036.0,11.25,11.24,11.23,11.22,11.21,11.2,11.19,11.18,11.17,11.16,11.26,11.27,11.29,11.3,11.31,11.32,11.33,11.34,11.35,11.36,3100,24000,15200,40600,31900,124800,70500,99900,126900,18200,400,24800,8100,12800,13700,35800,11700,1000,6100,5500
168.0,11.26,327400,3688162.0,11.25,11.24,11.23,11.22,11.21,11.2,11.19,11.18,11.17,11.16,11.26,11.27,11.29,11.3,11.31,11.32,11.33,11.34,11.35,11.36,3100,24000,15200,40600,31900,123700,70500,99900,126900,18200,300,24800,8100,12800,13700,35800,11700,1000,6100,5500
169.0,11.26,327400,3688162.0,11.25,11.24,11.23,11.22,11.21,11.2,11.19,11.18,11.17,11.16,11.26,11.27,11.29,11.3,11.31,11.32,11.33,11.34,11.35,11.36,3100,24000,15200,40600,31900,123700,70500,99900,126900,18200,300,24800,8100,12800,13700,35800,11700,1000,6100,5500
170.0,11.26,327400,3688162.0,11.25,11.24,11.23,11.22,11.21,11.2,11.19,11.18,11.17,11.16,11.26,11.27,11.29,11.3,11.31,11.32,11.33,11.34,11.35,11.36,3100,24000,15200,40600,31900,123700,70500,99900,126900,18200,300,24800,8100,12800,13700,35800,11700,1000,6100,5500
171.0,11.27,328400,3699429.0,11.25,11.24,11.23,11.22,11.21,11.2,11.19,11.18,11.17,11.16,11.27,11.29,11.3,11.31,11.32,11.33,11.34,11.35,11.36,11.37,4900,24000,15200,40600,31900,123700,70500,99900,126900,18200,24100,8100,12800,13700,35800,11700,1000,6100,5500,45900
172.0,11.27,328400,3699429.0,11.25,11.24,11.23,11.22,11.21,11.2,11.19,11.18,11.17,11.16,11.27,11.29,11.3,11.31,11.32,11.33,11.34,11.35,11.36,11.37,4900,24000,15200,40600,31900,123700,70500,99900,126900,18200,24100,8100,12800,13700,35800,11700,1000,6100,5500,45900
173.0,11.27,330100,3718588.0,11.25,11.24,11.23,11.22,11.21,11.2,11.19,11.18,11.17,11.16,11.27,11.29,11.3,11.31,11.32,11.33,11.34,11.35,11.36,11.37,6400,24000,15200,40600,31900,123700,70500,99900,126900,18200,23900,8100,12800,13700,35800,11700,1000,6100,5500,45900
174.0,11.27,330200,3719715.0,11.25,11.24,11.23,11.22,11.21,11.2,11.19,11.18,11.17,11.16,11.27,11.29,11.3,11.31,11.32,11.33,11.34,11.35,11.36,11.37,7900,24000,15200,40600,31900,123700,70500,99900,126900,18200,25300,8100,12800,13700,35800,11700,1000,6100,5500,45900
175.0,11.27,331000,3728731.0,11.25,11.24,11.23,11.22,11.21,11.2,11.19,11.18,11.17,11.16,11.27,11.29,11.3,11.31,11.32,11.33,11.34,11.35,11.36,11.37,8800,24000,15200,40600,31900,123700,70500,99900,126900,18200,26000,8100,12800,13700,35800,11700,1000,6100,5500,45900
176.0,11.27,331000,3728731.0,11.26,11.25,11.24,11.23,11.22,11.21,11.2,11.19,11.18,11.17,11.27,11.29,11.3,11.31,11.32,11.33,11.34,11.35,11.36,11.37,100,10800,20800,15200,40600,31900,123700,70500,99900,126900,27400,8100,12800,13700,35800,11700,1000,6100,5500,45900
177.0,11.27,333100,3752398.0,11.26,11.25,11.24,11.23,11.22,11.21,11.2,11.19,11.18,11.17,11.27,11.29,11.3,11.31,11.32,11.33,11.34,11.35,11.36,11.37,100,10800,20800,15200,41700,32400,123700,70500,99900,126900,25300,8100,12800,13700,35800,11700,1000,6100,5500,45900
178.0,11.27,333100,3752398.0,11.26,11.25,11.24,11.23,11.22,11.21,11.2,11.19,11.18,11.17,11.27,11.29,11.3,11.31,11.32,11.33,11.34,11.35,11.36,11.37,100,10800,20800,15200,41700,32400,123700,70500,99900,126900,25300,8100,12800,13700,35800,11700,1000,6100,5500,45900
179.0,11.27,333400,3755779.0,11.26,11.25,11.24,11.23,11.22,11.21,11.2,11.19,11.18,11.17,11.27,11.29,11.3,11.31,11.32,11.33,11.34,11.35,11.36,11.37,100,10800,40800,15200,41700,32400,123700,70500,99900,126900,25000,8100,12800,13700,35800,11700,1000,6100,5500,45900
180.0,11.27,333500,3756906.0,11.26,11.25,11.24,11.23,11.22,11.21,11.2,11.19,11.18,11.17,11.27,11.29,11.3,11.31,11.32,11.33,11.34,11.35,11.36,11.37,100,10800,40800,15200,41700,32400,123700,70500,99900,126900,24900,11000,12800,13700,35800,11700,1000,6100,5500,45900
181.0,11.27,358400,4037529.0,11.27,11.26,11.25,11.24,11.23,11.22,11.21,11.2,11.19,11.18,11.29,11.3,11.31,11.32,11.33,11.34,11.35,11.36,11.37,11.38,3600,23700,10800,40800,15200,41700,32400,123700,70500,99900,11000,12800,13700,35800,11700,1000,6100,5500,45900,31300
182.0,11.27,358400,4037529.0,11.27,11.26,11.25,11.24,11.23,11.22,11.21,11.2,11.19,11.18,11.29,11.3,11.31,11.32,11.33,11.34,11.35,11.36,11.37,11.38,9500,23700,10800,40800,15200,41700,32400,123700,70500,99900,13900,12800,13700,35800,11700,1000,6100,5500,45900,31300
183.0,11.27,359300,4047680.0,11.27,11.26,11.25,11.24,11.23,11.22,11.21,11.2,11.19,11.18,11.29,11.3,11.31,11.32,11.33,11.34,11.35,11.36,11.37,11.38,9700,24000,10800,40800,15200,41700,32400,124700,70500,99900,14200,12800,13700,35800,11700,1000,6100,5500,45900,31300
184.0,11.27,359300,4047680.0,11.27,11.26,11.25,11.24,11.23,11.22,11.21,11.2,11.19,11.18,11.29,11.3,11.31,11.32,11.33,11.34,11.35,11.36,11.37,11.38,13300,24000,10800,40800,17200,41700,37400,124700,70500,99900,14200,13000,13700,35800,11700,1000,6100,5500,45900,31300
185.0,11.29,363700,4097356.0,11.27,11.26,11.25,11.24,11.23,11.22,11.21,11.2,11.19,11.18,11.29,11.3,11.31,11.32,11.33,11.34,11.35,11.36,11.37,11.38,20400,22200,10800,39600,17200,41700,37400,124700,70500,99900,15400,13000,13700,35800,11700,1000,6100,5500,45900,31300
186.0,11.29,363700,4097356.0,11.27,11.26,11.25,11.24,11.23,11.22,11.21,11.2,11.19,11.18,11.29,11.3,11.31,11.32,11.33,11.34,11.35,11.36,11.37,11.38,21300,21400,10800,39600,17200,40700,37400,124700,70500,99900,12100,13000,13700,35800,11200,1000,6100,5500,45900,31300
187.0,11.29,364000,4100743.0,11.27,11.26,11.25,11.24,11.23,11.22,11.21,11.2,11.19,11.18,11.29,11.3,11.31,11.32,11.33,11.34,11.35,11.36,11.37,11.38,24000,21400,10800,39600,17200,40700,38400,124700,70500,99900,14500,13000,6300,35800,11200,1000,6100,5500,45900,31300
188.0,11.28,364100,4101871.0,11.28,11.27,11.26,11.25,11.24,11.23,11.22,11.21,11.2,11.19,11.29,11.3,11.31,11.32,11.33,11.34,11.35,11.36,11.37,11.38,1400,24700,21400,10800,39600,17200,40700,38400,124700,70500,15200,13000,6300,35800,11200,1000,6100,5500,45900,31300
189.0,11.29,364300,4104129.0,11.28,11.27,11.26,11.25,11.24,11.23,11.22,11.21,11.2,11.19,11.29,11.3,11.31,11.32,11.33,11.34,11.35,11.36,11.37,11.38,1400,24700,21400,10800,39600,17200,40700,38400,124700,70500,15000,13000,6300,35800,11200,1000,6100,5500,45900,31300
190.0,11.28,366100,4124441.0,11.28,11.27,11.26,11.25,11.24,11.23,11.22,11.21,11.2,11.19,11.29,11.3,11.31,11.32,11.33,11.34,11.35,11.36,11.37,11.38,400,24700,21400,10800,39600,17200,40700,38400,124700,70500,14200,13000,6300,35800,11200,1000,6100,5500,45900,31300
191.0,11.28,366100,4124441.0,11.28,11.27,11.26,11.25,11.24,11.23,11.22,11.21,11.2,11.19,11.29,11.3,11.31,11.32,11.33,11.34,11.35,11.36,11.37,11.38,1500,27100,21400,10800,39600,17200,40700,38400,124700,70500,14200,11000,6300,35800,11200,1000,6100,5500,45900,31300
192.0,11.29,367100,4135731.0,11.28,11.27,11.26,11.25,11.24,11.23,11.22,11.21,11.2,11.19,11.29,11.3,11.31,11.32,11.33,11.34,11.35,11.36,11.37,11.38,3600,27000,21400,10800,39600,17200,40700,38400,124700,70500,13200,10300,6300,35800,11900,1000,6100,5500,35900,21300
193.0,11.28,367200,4136859.0,11.28,11.27,11.26,11.25,11.24,11.23,11.22,11.21,11.2,11.19,11.29,11.3,11.31,11.32,11.33,11.34,11.35,11.36,11.37,11.38,3500,27000,22400,10800,39600,17200,39600,38400,124700,70500,13200,10300,6300,35800,11900,1000,6100,5500,35900,21300
194.0,11.29,368000,4145891.0,11.28,11.27,11.26,11.25,11.24,11.23,11.22,11.21,11.2,11.19,11.29,11.3,11.31,11.32,11.33,11.34,11.35,11.36,11.37,11.38,7100,24500,22400,10800,39600,17200,39600,38400,124700,70500,12400,10300,6300,35800,11900,1000,6100,5500,35900,21300
195.0,11.29,368000,4145891.0,11.28,11.27,11.26,11.25,11.24,11.23,11.22,11.21,11.2,11.19,11.29,11.3,11.31,11.32,11.33,11.34,11.35,11.36,11.37,11.38,9400,24500,21400,15800,39600,17200,39600,38400,124700,70500,12400,10300,6300,35800,11900,1000,6100,5500,35900,21300
196.0,11.29,369700,4165084.0,11.28,11.27,11.26,11.25,11.24,11.23,11.22,11.21,11.2,11.19,11.29,11.3,11.31,11.32,11.33,11.34,11.35,11.36,11.37,11.38,9400,24500,21400,15700,39600,17200,39600,38400,124700,70500,10700,10300,6300,35800,11900,1000,6100,5500,35900,21300
197.0,11.29,372200,4193309.0,11.28,11.27,11.26,11.25,11.24,11.23,11.22,11.21,11.2,11.19,11.29,11.3,11.31,11.32,11.33,11.34,11.35,11.36,11.37,11.38,9400,24500,21400,15700,39600,17200,39600,38400,124700,70500,12200,10300,6300,35800,11900,1000,6100,5500,35900,21300
198.0,11.29,372200,4193309.0,11.28,11.27,11.26,11.25,11.24,11.23,11.22,11.21,11.2,11.19,11.29,11.3,11.31,11.32,11.33,11.34,11.35,11.36,11.37,11.38,9400,24500,21400,15700,39600,17200,39600,38400,123300,70500,12200,10300,6300,35800,11900,1000,6100,5500,25900,11300
199.0,11.29,372200,4193309.0,11.28,11.27,11.26,11.25,11.24,11.23,11.22,11.21,11.2,11.19,11.29,11.3,11.31,11.32,11.33,11.34,11.35,11.36,11.37,11.38,9400,24500,21400,15700,39600,17200,39600,38400,123300,70500,12200,10300,6300,35800,11900,1000,6100,5500,25900,1300
200.0,11.29,372200,4193309.0,11.28,11.27,11.26,11.25,11.24,11.23,11.22,11.21,11.2,11.19,11.29,11.3,11.31,11.32,11.33,11.34,11.35,11.36,11.37,11.38,9400,24500,21400,15700,39600,17200,39600,38400,123300,70500,12900,10300,6300,35800,11900,1000,6100,5500,15900,1300
201.0,11.29,372200,4193309.0,11.28,11.27,11.26,11.25,11.24,11.23,11.22,11.21,11.2,11.19,11.29,11.3,11.31,11.32,11.33,11.34,11.35,11.36,11.37,11.38,9400,24500,21400,15700,39600,17200,39600,38400,123300,70500,12900,10300,6300,35800,11900,1000,6100,5500,15900,1300
202.0,11.29,372200,4193309.0,11.28,11.27,11.26,11.25,11.24,11.23,11.22,11.21,11.2,11.19,11.29,11.3,11.31,11.32,11.33,11.34,11.35,11.36,11.37,11.38,19400,24500,21400,15900,39600,16300,39600,38400,123800,70500,14900,10300,7200,35800,11900,1000,6100,5500,15900,1300
203.0,11.29,373000,4202341.0,11.28,11.27,11.26,11.25,11.24,11.23,11.22,11.21,11.2,11.19,11.29,11.3,11.31,11.32,11.33,11.34,11.35,11.36,11.37,11.38,19400,24500,21400,15900,39200,16300,39600,38400,123800,70500,15500,10300,7200,35800,11900,1000,6100,5500,15900,1300
204.0,11.29,373000,4202341.0,11.28,11.27,11.26,11.25,11.24,11.23,11.22,11.21,11.2,11.19,11.29,11.3,11.31,11.32,11.33,11.34,11.35,11.36,11.37,11.38,19400,23300,21400,16500,39200,16300,39600,38400,123800,70500,15500,10300,7200,35800,11900,1000,6100,5500,15900,1300
205.0,11.29,373100,4203470.0,11.28,11.27,11.26,11.25,11.24,11.23,11.22,11.21,11.2,11.19,11.29,11.3,11.31,11.32,11.33,11.34,11.35,11.36,11.37,11.38,20400,23300,21400,16500,39200,16300,39600,38400,123800,70500,15400,10300,7200,35800,11900,1000,6100,5500,15900,1300
206.0,11.29,373200,4204599.0,11.28,11.27,11.26,11.25,11.24,11.23,11.22,11.21,11.2,11.19,11.29,11.3,11.31,11.32,11.33,11.34,11.35,11.36,11.37,11.38,20400,23300,21400,16500,39100,16300,39600,38400,123800,70500,15500,10300,7200,35800,11900,1000,6100,5500,15900,1300
207.0,11.29,373400,4206857.0,11.28,11.27,11.26,11.25,11.24,11.23,11.22,11.21,11.2,11.19,11.29,11.3,11.31,11.32,11.33,11.34,11.35,11.36,11.37,11.38,20400,23300,21400,16500,39100,16300,39600,38400,123800,70500,15300,10300,7200,35800,11900,1000,6100,5500,15900,1300
208.0,11.29,381100,4293790.0,11.28,11.27,11.26,11.25,11.24,11.23,11.22,11.21,11.2,11.19,11.29,11.3,11.31,11.32,11.33,11.34,11.35,11.36,11.37,11.38,20400,23300,21400,16500,39100,16300,39600,38400,123800,70500,7700,10300,7200,35800,11900,1000,6100,5500,15900,1300
209.0,11.29,384300,4329918.0,11.28,11.27,11.26,11.25,11.24,11.23,11.22,11.21,11.2,11.19,11.29,11.3,11.31,11.32,11.33,11.34,11.35,11.36,11.37,11.38,20400,23300,21400,16500,39100,16300,39600,38400,123800,70500,4700,10300,7200,35800,11900,1000,6100,5500,15900,1300
210.0,11.29,384600,4333305.0,11.28,11.27,11.26,11.25,11.24,11.23,11.22,11.21,11.2,11.19,11.29,11.3,11.31,11.32,11.33,11.34,11.35,11.36,11.37,11.38,20400,23300,21400,16500,39100,16300,39600,38400,125800,70500,4400,10300,7200,35800,11900,1000,6100,5500,15900,1300
211.0,11.28,385800,4346845.0,11.28,11.27,11.26,11.25,11.24,11.23,11.22,11.21,11.2,11.19,11.29,11.3,11.31,11.32,11.33,11.34,11.35,11.36,11.37,11.38,17300,23300,21400,16500,39100,16300,39600,38400,125800,70500,4000,10300,7200,35800,11900,1000,6100,5500,15900,1300
212.0,11.29,386700,4357006.0,11.28,11.27,11.26,11.25,11.24,11.23,11.22,11.21,11.2,11.19,11.29,11.3,11.31,11.32,11.33,11.34,11.35,11.36,11.37,11.38,17300,23300,21400,16500,39100,16300,39600,38400,125800,70500,3100,10300,7200,35800,11900,1000,6100,5500,15900,1300
213.0,11.29,386700,4357006.0,11.28,11.27,11.26,11.25,11.24,11.23,11.22,11.21,11.2,11.19,11.29,11.3,11.31,11.32,11.33,11.34,11.35,11.36,11.37,11.38,17300,23300,21400,16500,39100,16300,39600,38400,125800,70500,3100,10300,7200,35800,11900,1000,6100,5500,15900,1300
214.0,11.29,389100,4384102.0,11.28,11.27,11.26,11.25,11.24,11.23,11.22,11.21,11.2,11.19,11.29,11.3,11.31,11.32,11.33,11.34,11.35,11.36,11.37,11.38,17300,23300,21400,16500,39100,16300,39600,38400,125800,70500,2300,11200,7200,35800,11900,1000,6100,5500,15900,1300
215.0,11.29,390500,4399900.0,11.28,11.27,11.26,11.25,11.24,11.23,11.22,11.21,11.2,11.19,11.29,11.3,11.31,11.32,11.33,11.34,11.35,11.36,11.37,11.38,16500,23300,21400,16500,39100,16300,38800,38400,125800,70500,2600,10500,7200,35800,11900,1000,6100,5500,15900,1300
216.0,11.29,390500,4399900.0,11.28,11.27,11.26,11.25,11.24,11.23,11.22,11.21,11.2,11.19,11.29,11.3,11.31,11.32,11.33,11.34,11.35,11.36,11.37,11.38,16500,23300,21400,16500,39100,16300,38800,38400,125800,70500,2600,10500,7200,35800,11900,1000,6100,5500,15900,1300
217.0,11.29,390500,4399900.0,11.28,11.27,11.26,11.25,11.24,11.23,11.22,11.21,11.2,11.19,11.29,11.3,11.31,11.32,11.33,11.34,11.35,11.36,11.37,11.38,16500,23300,21400,16500,39100,16300,38800,38400,125800,70500,2600,10500,7200,35800,11900,1000,6100,5500,15900,1300
218.0,11.29,391400,4410061.0,11.28,11.27,11.26,11.25,11.24,11.23,11.22,11.21,11.2,11.19,11.29,11.3,11.31,11.32,11.33,11.34,11.35,11.36,11.37,11.38,16500,23300,21400,16500,39100,14300,38800,38400,125800,70500,2000,10500,7200,35800,11900,1000,6100,5500,15900,1300
219.0,11.28,396400,4466461.0,11.28,11.27,11.26,11.25,11.24,11.23,11.22,11.21,11.2,11.19,11.29,11.3,11.31,11.32,11.33,11.34,11.35,11.36,11.37,11.38,11500,21300,21400,16500,39100,14300,38800,38400,125800,70500,2000,10500,7200,35800,11900,1000,6100,5500,15900,1300
220.0,11.29,401200,4520653.0,11.29,11.28,11.27,11.26,11.25,11.24,11.23,11.22,11.21,11.2,11.3,11.31,11.32,11.33,11.34,11.35,11.36,11.37,11.38,11.39,300,11500,21300,21400,16500,39100,14300,38800,38400,125800,11200,7200,35800,11900,1000,6100,5500,15900,1300,9500
221.0,11.29,401500,4524040.0,11.28,11.27,11.26,11.25,11.24,11.23,11.22,11.21,11.2,11.19,11.29,11.3,11.31,11.32,11.33,11.34,11.35,11.36,11.37,11.38,11500,21300,21400,16600,39100,14300,38800,38400,125800,70500,2000,10500,7200,35800,11900,1000,6100,5500,15900,1300
222.0,11.29,401500,4524040.0,11.28,11.27,11.26,11.25,11.24,11.23,11.22,11.21,11.2,11.19,11.29,11.3,11.31,11.32,11.33,11.34,11.35,11.36,11.37,11.38,11600,21300,21400,20600,39100,14300,38800,36400,125800,70500,2000,10500,7200,35800,11900,1000,6100,5500,15900,1300
223.0,11.28,402300,4533064.0,11.28,11.27,11.26,11.25,11.24,11.23,11.22,11.21,11.2,11.19,11.29,11.3,11.31,11.32,11.33,11.34,11.35,11.36,11.37,11.38,10800,21300,21400,20600,39100,14300,38800,36400,125800,70500,2000,10500,7200,35800,11900,1000,6100,5500,15900,1300
224.0,11.28,402300,4533064.0,11.28,11.27,11.26,11.25,11.24,11.23,11.22,11.21,11.2,11.19,11.29,11.3,11.31,11.32,11.33,11.34,11.35,11.36,11.37,11.38,13100,21300,21400,20600,39100,14300,38800,36400,125800,70500,2000,10500,7200,35800,11900,1000,6100,5500,15900,1300
225.0,11.29,402500,4535322.0,11.28,11.27,11.26,11.25,11.24,11.23,11.22,11.21,11.2,11.19,11.29,11.3,11.31,11.32,11.33,11.34,11.35,11.36,11.37,11.38,13100,17700,21400,20600,39100,14300,38800,36400,125800,70500,1800,10500,7200,35800,11900,1000,6100,5500,15900,1300
226.0,11.29,403800,4549991.0,11.28,11.27,11.26,11.25,11.24,11.23,11.22,11.21,11.2,11.19,11.29,11.3,11.31,11.32,11.33,11.34,11.35,11.36,11.37,11.38,12300,17700,21400,20600,39100,14300,38800,36400,125800,70500,1300,11200,7200,35800,11900,1000,6100,3000,15900,1300
227.0,11.29,404000,4552249.0,11.28,11.27,11.26,11.25,11.24,11.23,11.22,11.21,11.2,11.19,11.29,11.3,11.31,11.32,11.33,11.34,11.35,11.36,11.37,11.38,12300,17700,21400,17600,39100,17800,38800,36400,125800,70500,1100,11200,7200,35800,11900,1000,6100,3000,15900,1300
228.0,11.29,404000,4552249.0,11.28,11.27,11.26,11.25,11.24,11.23,11.22,11.21,11.2,11.19,11.29,11.3,11.31,11.32,11.33,11.34,11.35,11.36,11.37,11.38,12300,14200,21400,17600,39100,17800,38800,36400,125800,70500,1800,11200,7200,35800,11200,1000,6100,3000,15900,1300
229.0,11.29,405900,4573692.0,11.28,11.27,11.26,11.25,11.24,11.23,11.22,11.21,11.2,11.19,11.3,11.31,11.32,11.33,11.34,11.35,11.36,11.37,11.38,11.39,11500,14200,21400,17600,39400,17800,38800,36400,125800,70500,11200,7200,35800,11200,1000,6100,3000,15900,1300,9500
230.0,11.29,405900,4573692.0,11.28,11.27,11.26,11.25,11.24,11.23,11.22,11.21,11.2,11.19,11.3,11.31,11.32,11.33,11.34,11.35,11.36,11.37,11.38,11.39,13000,14200,21400,18300,39400,18800,38800,36400,125800,70500,12700,7200,35800,11200,1000,6100,3000,15900,1300,9500
231.0,11.29,408200,4599677.0,11.28,11.27,11.26,11.25,11.24,11.23,11.22,11.21,11.2,11.19,11.29,11.3,11.31,11.32,11.33,11.34,11.35,11.36,11.37,11.38,13000,14200,21400,18300,39400,18800,38800,36400,125800,70500,700,10900,7200,35800,11200,1000,6100,3000,15900,1300
232.0,11.29,408300,4600806.0,11.28,11.27,11.26,11.25,11.24,11.23,11.22,11.21,11.2,11.19,11.29,11.3,11.31,11.32,11.33,11.34,11.35,11.36,11.37,11.38,13000,14200,21400,18300,39400,18800,38800,36400,125800,70500,600,10900,7200,35800,11200,1000,6100,3000,15900,1300
233.0,11.28,409100,4609830.0,11.28,11.27,11.26,11.25,11.24,11.23,11.22,11.21,11.2,11.19,11.29,11.3,11.31,11.32,11.33,11.34,11.35,11.36,11.37,11.38,12200,14200,21400,18300,39400,18800,38800,36400,125800,70500,2500,10200,7200,35800,7400,1000,6100,3000,15900,1300
234.0,11.3,417200,4701329.0,11.28,11.27,11.26,11.25,11.24,11.23,11.22,11.21,11.2,11.19,11.3,11.31,11.32,11.33,11.34,11.35,11.36,11.37,11.38,11.39,12100,14200,21400,18300,39400,18800,38800,36400,125800,70500,5000,7200,35800,7400,1000,6100,3000,15900,1300,9500
235.0,11.3,417900,4709239.0,11.29,11.28,11.27,11.26,11.25,11.24,11.23,11.22,11.21,11.2,11.3,11.31,11.32,11.33,11.34,11.35,11.36,11.37,11.38,11.39,900,12800,14200,21400,18300,39400,18800,38800,36400,125800,5000,7200,35800,7400,1000,6100,3000,15900,1300,9500
236.0,11.3,417900,4709239.0,11.29,11.28,11.27,11.26,11.25,11.24,11.23,11.22,11.21,11.2,11.3,11.31,11.32,11.33,11.34,11.35,11.36,11.37,11.38,11.39,1000,13100,14200,21400,18300,39400,18800,38800,36400,125800,5000,7200,35800,7400,1000,6100,3000,15900,1300,9500
237.0,11.29,418000,4710368.0,11.29,11.28,11.27,11.26,11.25,11.24,11.23,11.22,11.21,11.2,11.3,11.31,11.32,11.33,11.34,11.35,11.36,11.37,11.38,11.39,900,13100,14200,21400,18300,39400,18800,38800,36400,125800,5000,7200,35800,7400,1000,6100,3000,15900,1300,9500
238.0,11.29,418000,4710368.0,11.29,11.28,11.27,11.26,11.25,11.24,11.23,11.22,11.21,11.2,11.3,11.31,11.32,11.33,11.34,11.35,11.36,11.37,11.38,11.39,900,13100,14200,21400,20300,39400,18800,38800,36400,125800,5000,7200,35800,7400,1000,6100,3000,15900,1300,9500
239.0,11.3,418300,4713758.0,11.29,11.28,11.27,11.26,11.25,11.24,11.23,11.22,11.21,11.2,11.3,11.31,11.32,11.33,11.34,11.35,11.36,11.37,11.38,11.39,900,13100,14200,21400,20300,39400,18800,38800,36400,125800,4700,7200,35800,7400,1000,6100,3000,15900,1300,12500
240.0,11.3,418300,4713758.0,11.29,11.28,11.27,11.26,11.25,11.24,11.23,11.22,11.21,11.2,11.3,11.31,11.32,11.33,11.34,11.35,11.36,11.37,11.38,11.39,1000,13100,14200,21400,20300,39400,18800,38800,36400,125800,4700,17800,35800,7400,1000,6100,3000,15900,1300,12500
241.0,11.3,418700,4718278.0,11.29,11.28,11.27,11.26,11.25,11.24,11.23,11.22,11.21,11.2,11.3,11.31,11.32,11.33,11.34,11.35,11.36,11.37,11.38,11.39,1000,13100,14200,21400,20300,39400,18800,38800,36400,125800,4300,17800,35800,7400,1000,6100,3000,15900,1300,12500
242.0,11.3,418700,4718278.0,11.29,11.28,11.27,11.26,11.25,11.24,11.23,11.22,11.21,11.2,11.3,11.31,11.32,11.33,11.34,11.35,11.36,11.37,11.38,11.39,1200,13100,14200,21400,20300,39400,19800,38100,35700,125100,6800,17800,35800,7400,1000,6100,3000,15900,1300,12500
243.0,11.3,419100,4722796.0,11.29,11.28,11.27,11.26,11.25,11.24,11.23,11.22,11.21,11.2,11.3,11.31,11.32,11.33,11.34,11.35,11.36,11.37,11.38,11.39,1500,13100,14200,22100,20300,39400,19800,38100,35700,125100,6600,17800,35800,7400,1000,6100,3000,15900,1300,12500
244.0,11.3,422600,4762345.0,11.29,11.28,11.27,11.26,11.25,11.24,11.23,11.22,11.21,11.2,11.3,11.31,11.32,11.33,11.34,11.35,11.36,11.37,11.38,11.39,1400,13100,14200,22100,20300,39400,19300,38600,36200,125100,3700,18500,35800,7400,1000,6100,3000,15900,1300,12500
245.0,11.3,423400,4771385.0,11.29,11.28,11.27,11.26,11.25,11.24,11.23,11.22,11.21,11.2,11.3,11.31,11.32,11.33,11.34,11.35,11.36,11.37,11.38,11.39,2400,23100,14200,22100,20300,39400,19300,38600,36200,125100,2900,18500,35800,7400,1000,6100,3000,15900,1300,12500
246.0,11.3,423400,4771385.0,11.29,11.28,11.27,11.26,11.25,11.24,11.23,11.22,11.21,11.2,11.3,11.31,11.32,11.33,11.34,11.35,11.36,11.37,11.38,11.39,2400,23100,16200,22100,20300,39400,19300,38600,36200,125100,2900,18500,35800,7400,1000,6100,3000,15900,1300,12500
247.0,11.3,423500,4772515.0,11.29,11.28,11.27,11.26,11.25,11.24,11.23,11.22,11.21,11.2,11.3,11.31,11.32,11.33,11.34,11.35,11.36,11.37,11.38,11.39,2300,23100,16400,22100,20300,39400,19300,38600,36200,125100,2800,18500,35800,7400,1000,6100,3000,15900,1300,12500
248.0,11.3,424100,4779293.0,11.29,11.28,11.27,11.26,11.25,11.24,11.23,11.22,11.21,11.2,11.3,11.31,11.32,11.33,11.34,11.35,11.36,11.37,11.38,11.39,2100,23100,16000,22100,20300,39400,19300,38600,36200,124100,2400,20000,35800,7400,1000,6100,3000,15900,1300,12500
249.0,11.3,426500,4806413.0,11.3,11.29,11.28,11.27,11.26,11.25,11.24,11.23,11.22,11.21,11.31,11.32,11.33,11.34,11.35,11.36,11.37,11.38,11.39,11.4,1200,2100,23100,16000,1800,20300,39400,19300,38600,36200,20000,35800,7400,1000,6100,3000,15900,1300,12500,14400
250.0,11.3,426500,4806413.0,11.3,11.29,11.28,11.27,11.26,11.25,11.24,11.23,11.22,11.21,11.31,11.32,11.33,11.34,11.35,11.36,11.37,11.38,11.39,11.4,1700,2100,23100,16000,1800,20300,39400,19300,38600,36200,20000,35800,7400,1000,6100,3000,15900,1300,12500,14400
251.0,11.3,426600,4807543.0,11.3,11.29,11.28,11.27,11.26,11.25,11.24,11.23,11.22,11.21,11.31,11.32,11.33,11.34,11.35,11.36,11.37,11.38,11.39,11.4,1600,2100,23100,16000,1800,20300,39400,19300,38600,36200,20000,35800,7400,1000,6100,3000,15900,1300,12500,14400
252.0,11.3,426600,4807543.0,11.3,11.29,11.28,11.27,11.26,11.25,11.24,11.23,11.22,11.21,11.31,11.32,11.33,11.34,11.35,11.36,11.37,11.38,11.39,11.4,2200,2100,23100,16000,1800,20300,39400,19300,38600,36200,20000,35200,7400,1000,6100,3000,15900,1300,12500,14400
253.0,11.3,426600,4807543.0,11.3,11.29,11.28,11.27,11.26,11.25,11.24,11.23,11.22,11.21,11.31,11.32,11.33,11.34,11.35,11.36,11.37,11.38,11.39,11.4,2300,2100,23100,16000,1800,20300,39400,19300,38600,36200,20000,35200,7400,1000,6100,3000,15900,1300,12500,14400
254.0,11.3,426800,4809803.0,11.3,11.29,11.28,11.27,11.26,11.25,11.24,11.23,11.22,11.21,11.31,11.32,11.33,11.34,11.35,11.36,11.37,11.38,11.39,11.4,2100,2100,23100,16000,1800,20700,39400,19300,38600,36200,20000,35200,7400,1000,6100,3000,15900,1300,12500,14400
255.0,11.3,427200,4814323.0,11.3,11.29,11.28,11.27,11.26,11.25,11.24,11.23,11.22,11.21,11.31,11.32,11.33,11.34,11.35,11.36,11.37,11.38,11.39,11.4,1700,2100,23100,16000,1800,22700,39400,19300,38600,36200,20000,35200,7400,1000,6100,3000,15900,1300,12500,14400
256.0,11.31,428000,4823371.0,11.3,11.29,11.28,11.27,11.26,11.25,11.24,11.23,11.22,11.21,11.31,11.32,11.33,11.34,11.35,11.36,11.37,11.38,11.39,11.4,1700,9900,23100,16000,1800,22700,39400,19300,38600,36200,19200,35200,7400,1000,6100,3000,15900,1300,12500,14400
257.0,11.31,428000,4823371.0,11.3,11.29,11.28,11.27,11.26,11.25,11.24,11.23,11.22,11.21,11.31,11.32,11.33,11.34,11.35,11.36,11.37,11.38,11.39,11.4,1700,9900,23100,16000,1800,22700,39400,19300,38600,36200,19200,35200,7400,1000,6100,3000,15900,1300,12500,14400
258.0,11.3,428100,4824501.0,11.3,11.29,11.28,11.27,11.26,11.25,11.24,11.23,11.22,11.21,11.31,11.32,11.33,11.34,11.35,11.36,11.37,11.38,11.39,11.4,1600,9900,23100,16000,1800,22700,39400,19300,38600,36200,19200,35200,7400,1000,6100,3000,15900,1300,12500,14400
259.0,11.31,428300,4826763.0,11.3,11.29,11.28,11.27,11.26,11.25,11.24,11.23,11.22,11.21,11.31,11.32,11.33,11.34,11.35,11.36,11.37,11.38,11.39,11.4,1600,9900,23100,16000,1800,22700,39400,19300,38600,36200,19000,35200,7400,1000,6100,3000,15900,1300,12500,14400
260.0,11.31,428500,4829025.0,11.3,11.29,11.28,11.27,11.26,11.25,11.24,11.23,11.22,11.21,11.31,11.32,11.33,11.34,11.35,11.36,11.37,11.38,11.39,11.4,1600,9400,23100,16000,1800,23700,39400,19300,38600,36200,18800,35200,7400,1000,6100,3000,15900,1300,12500,14400
261.0,11.3,428600,4830155.0,11.3,11.29,11.28,11.27,11.26,11.25,11.24,11.23,11.22,11.21,11.31,11.32,11.33,11.34,11.35,11.36,11.37,11.38,11.39,11.4,1500,9400,23100,16000,1800,23700,39400,19300,38600,36200,18800,35200,7400,1000,6100,3000,15900,1300,12500,14400
262.0,11.3,428600,4830155.0,11.3,11.29,11.28,11.27,11.26,11.25,11.24,11.23,11.22,11.21,11.31,11.32,11.33,11.34,11.35,11.36,11.37,11.38,11.39,11.4,1500,9400,23100,16000,1800,23700,39400,19300,38600,36200,18800,35200,7400,1000,6100,3000,15900,1300,12500,14400
263.0,11.31,429400,4839203.0,11.3,11.29,11.28,11.27,11.26,11.25,11.24,11.23,11.22,11.21,11.31,11.32,11.33,11.34,11.35,11.36,11.37,11.38,11.39,11.4,2100,9400,23100,16000,1800,23700,39400,19300,38600,36200,23000,35200,7400,1000,6100,3000,15900,1300,12500,14400
264.0,11.31,430500,4851644.0,11.3,11.29,11.28,11.27,11.26,11.25,11.24,11.23,11.22,11.21,11.31,11.32,11.33,11.34,11.35,11.36,11.37,11.38,11.39,11.4,2100,9400,23100,16000,1100,23700,39400,19300,38600,36200,21900,35200,7400,1000,6100,3000,15900,1300,12500,14400
265.0,11.31,431200,4859559.0,11.3,11.29,11.28,11.27,11.26,11.25,11.24,11.23,11.22,11.21,11.31,11.32,11.33,11.34,11.35,11.36,11.37,11.38,11.39,11.4,2900,9400,23100,16000,1100,23700,39400,19300,38600,36200,21400,35200,7400,1000,6600,3000,15900,1300,12500,14400
266.0,11.31,431200,4859559.0,11.3,11.29,11.28,11.27,11.26,11.25,11.24,11.23,11.22,11.21,11.31,11.32,11.33,11.34,11.35,11.36,11.37,11.38,11.39,11.4,2900,9400,23100,16000,1100,23700,39400,19300,38600,36200,20900,35200,7400,1000,6600,3000,15900,1300,12500,14400
267.0,11.3,431700,4865209.0,11.3,11.29,11.28,11.27,11.26,11.25,11.24,11.23,11.22,11.21,11.31,11.32,11.33,11.34,11.35,11.36,11.37,11.38,11.39,11.4,2400,9400,23100,16000,1100,23700,39400,19300,38600,36200,20900,35200,7400,1000,6600,3000,15900,1300,12500,14400
268.0,11.29,438400,4940904.0,11.29,11.28,11.27,11.26,11.25,11.24,11.23,11.22,11.21,11.2,11.31,11.32,11.33,11.34,11.35,11.36,11.37,11.38,11.39,11.4,7900,23100,16000,1100,23700,39400,20300,38600,36200,124100,22400,35200,7400,1000,6600,3000,15900,1300,12500,14400
269.0,11.31,442500,4987261.0,11.29,11.28,11.27,11.26,11.25,11.24,11.23,11.22,11.21,11.2,11.31,11.32,11.33,11.34,11.35,11.36,11.37,11.38,11.39,11.4,7200,23100,16000,1100,23700,39400,20300,38600,36200,124100,19100,35900,7400,1000,6600,3000,15900,1300,12500,14400
270.0,11.31,442600,4988392.0,11.29,11.28,11.27,11.26,11.25,11.24,11.23,11.22,11.21,11.2,11.31,11.32,11.33,11.34,11.35,11.36,11.37,11.38,11.39,11.4,9000,23100,16000,1100,23700,39400,20300,38600,36200,124100,20800,35900,7400,1000,6600,3000,15900,1300,12500,14400
271.0,11.31,443400,4997440.0,11.3,11.29,11.28,11.27,11.26,11.25,11.24,11.23,11.22,11.21,11.31,11.32,11.33,11.34,11.35,11.36,11.37,11.38,11.39,11.4,100,9000,23100,16000,3100,23700,39400,20300,38600,36200,20000,35900,7400,1000,6600,3000,15900,1300,12500,14400
272.0,11.31,443400,4997440.0,11.3,11.29,11.28,11.27,11.26,11.25,11.24,11.23,11.22,11.21,11.31,11.32,11.33,11.34,11.35,11.36,11.37,11.38,11.39,11.4,1300,9000,23100,16000,3100,23700,39400,20300,38600,36200,20000,35900,7400,1000,6600,3000,15900,1300,12500,14400
273.0,11.31,443400,4997440.0,11.3,11.29,11.28,11.27,11.26,11.25,11.24,11.23,11.22,11.21,11.31,11.32,11.33,11.34,11.35,11.36,11.37,11.38,11.39,11.4,1300,9000,23100,16000,3100,23700,39400,20300,38600,36200,20000,35900,7400,1000,6600,3000,15900,1300,12500,14400
274.0,11.31,443400,4997440.0,11.3,11.29,11.28,11.27,11.26,11.25,11.24,11.23,11.22,11.21,11.31,11.32,11.33,11.34,11.35,11.36,11.37,11.38,11.39,11.4,1300,9000,23600,16000,3100,23700,39400,20300,38600,36200,20000,35900,7400,1000,6600,3000,15900,1300,12500,14400
275.0,11.31,444100,5005356.0,11.3,11.29,11.28,11.27,11.26,11.25,11.24,11.23,11.22,11.21,11.31,11.32,11.33,11.34,11.35,11.36,11.37,11.38,11.39,11.4,1200,9000,23600,16000,3100,23700,39400,20300,38600,36200,18900,35900,7400,1000,6600,3000,15900,1300,12500,14400
276.0,11.3,445300,5018916.0,11.29,11.28,11.27,11.26,11.25,11.24,11.23,11.22,11.21,11.2,11.31,11.32,11.33,11.34,11.35,11.36,11.37,11.38,11.39,11.4,9000,23600,16000,3100,23700,39400,20300,38600,36200,124100,21400,35900,7400,1000,6600,3000,15900,1300,12500,14400
277.0,11.3,445300,5018916.0,11.29,11.28,11.27,11.26,11.25,11.24,11.23,11.22,11.21,11.2,11.31,11.32,11.33,11.34,11.35,11.36,11.37,11.38,11.39,11.4,9000,23600,16000,3100,23700,39400,20300,38600,36200,124100,21400,35900,7400,1000,6600,3000,15900,1300,12500,14400
278.0,11.31,446700,5034750.0,11.29,11.28,11.27,11.26,11.25,11.24,11.23,11.22,11.21,11.2,11.31,11.32,11.33,11.34,11.35,11.36,11.37,11.38,11.39,11.4,9000,23600,16000,3100,23700,39400,20300,38600,36200,124100,20000,35900,7400,1000,6600,3000,15900,1300,12500,14400
279.0,11.29,449200,5062975.0,11.29,11.28,11.27,11.26,11.25,11.24,11.23,11.22,11.21,11.2,11.3,11.31,11.32,11.33,11.34,11.35,11.36,11.37,11.38,11.39,7900,23600,16000,3100,23700,40100,22200,38600,36200,124100,1000,36000,35900,7400,1000,6600,3000,15900,1300,12500
280.0,11.31,452100,5095764.0,11.29,11.28,11.27,11.26,11.25,11.24,11.23,11.22,11.21,11.2,11.31,11.32,11.33,11.34,11.35,11.36,11.37,11.38,11.39,11.4,7900,23600,16000,3100,24800,40100,22200,38600,36200,124100,34100,35900,7400,1000,6600,3000,15900,1300,12500,14400
281.0,11.31,452100,5095764.0,11.29,11.28,11.27,11.26,11.25,11.24,11.23,11.22,11.21,11.2,11.31,11.32,11.33,11.34,11.35,11.36,11.37,11.38,11.39,11.4,7900,23600,16000,3100,24800,40100,22200,38600,36200,124100,34100,35900,7400,1000,6600,3000,15900,1300,12500,14400
282.0,11.29,452800,5103667.0,11.29,11.28,11.27,11.26,11.25,11.24,11.23,11.22,11.21,11.2,11.31,11.32,11.33,11.34,11.35,11.36,11.37,11.38,11.39,11.4,7800,23600,16000,3100,24800,40100,22200,38600,36200,124100,34700,35900,7400,1000,6600,3000,15900,1300,12500,14400
283.0,11.31,453400,5110453.0,11.29,11.28,11.27,11.26,11.25,11.24,11.23,11.22,11.21,11.2,11.31,11.32,11.33,11.34,11.35,11.36,11.37,11.38,11.39,11.4,8200,23600,16000,3100,24800,40100,22200,38600,36200,124100,34500,35900,7400,1000,6600,3000,15900,1300,12500,14400
284.0,11.3,459200,5175993.0,11.3,11.29,11.28,11.27,11.26,11.25,11.24,11.23,11.22,11.21,11.31,11.32,11.33,11.34,11.35,11.36,11.37,11.38,11.39,11.4,4200,8200,23800,16000,3100,24800,40100,22200,38600,36200,34500,35900,7400,1000,6600,3000,15900,4700,12500,14400
285.0,11.31,460000,5185041.0,11.3,11.29,11.28,11.27,11.26,11.25,11.24,11.23,11.22,11.21,11.31,11.32,11.33,11.34,11.35,11.36,11.37,11.38,11.39,11.4,4200,8200,23800,16000,3100,24800,40100,22200,38600,36200,33700,35900,7400,1000,6600,3000,15900,5700,12500,14400
286.0,11.3,460400,5189561.0,11.3,11.29,11.28,11.27,11.26,11.25,11.24,11.23,11.22,11.21,11.31,11.32,11.33,11.34,11.35,11.36,11.37,11.38,11.39,11.4,3800,8200,23800,16000,3100,24800,40100,22200,38600,36200,33700,35900,7400,1000,6600,3000,15900,5700,12500,14400
287.0,11.31,460900,5195216.0,11.3,11.29,11.28,11.27,11.26,11.25,11.24,11.23,11.22,11.21,11.31,11.32,11.33,11.34,11.35,11.36,11.37,11.38,11.39,11.4,4600,8200,23800,16700,3100,25800,40100,22200,38600,36200,33200,35900,7400,1000,6600,3000,15900,5700,12500,14400
288.0,11.31,461100,5197478.0,11.3,11.29,11.28,11.27,11.26,11.25,11.24,11.23,11.22,11.21,11.31,11.32,11.33,11.34,11.35,11.36,11.37,11.38,11.39,11.4,4600,8200,23800,16700,3100,25800,40100,22200,38600,36200,33000,35900,7400,1000,6600,3000,15900,5700,12500,14400
289.0,11.3,465800,5250588.0,11.29,11.28,11.27,11.26,11.25,11.24,11.23,11.22,11.21,11.2,11.3,11.31,11.32,11.33,11.34,11.35,11.36,11.37,11.38,11.39,8200,23800,16700,3100,25800,40100,22200,38600,36200,124100,5700,32500,35900,7400,1000,6600,3000,15900,5700,12500
290.0,11.3,465800,5250588.0,11.29,11.28,11.27,11.26,11.25,11.24,11.23,11.22,11.21,11.2,11.3,11.31,11.32,11.33,11.34,11.35,11.36,11.37,11.38,11.39,8200,23800,16700,3100,25800,40100,22200,38600,36200,124100,5700,32500,35900,7400,1000,6600,3000,15900,5700,12500
291.0,11.3,467600,5270912.0,11.29,11.28,11.27,11.26,11.25,11.24,11.23,11.22,11.21,11.2,11.3,11.31,11.32,11.33,11.34,11.35,11.36,11.37,11.38,11.39,7100,23800,16700,3100,25800,40100,22200,38600,36200,124100,5500,32500,35900,7400,1000,6600,3000,15900,5700,12500
292.0,11.3,467700,5272042.0,11.29,11.28,11.27,11.26,11.25,11.24,11.23,11.22,11.21,11.2,11.3,11.31,11.32,11.33,11.34,11.35,11.36,11.37,11.38,11.39,7100,23800,16700,3100,25800,40100,22200,38600,36200,124100,5400,32500,35900,7400,1000,6600,3000,15900,5700,12500
293.0,11.29,468400,5279945.0,11.29,11.28,11.27,11.26,11.25,11.24,11.23,11.22,11.21,11.2,11.3,11.31,11.32,11.33,11.34,11.35,11.36,11.37,11.38,11.39,6800,23800,16700,3100,25800,40100,22200,38600,36200,124100,7500,32500,35900,7400,1000,6600,3000,15900,5700,12500
294.0,11.29,468400,5279945.0,11.29,11.28,11.27,11.26,11.25,11.24,11.23,11.22,11.21,11.2,11.3,11.31,11.32,11.33,11.34,11.35,11.36,11.37,11.38,11.39,6800,23800,16700,3100,25800,40100,22200,38600,36200,124100,7500,32500,35900,7400,1000,6600,3000,15900,5700,12500
295.0,11.29,468400,5279945.0,11.29,11.28,11.27,11.26,11.25,11.24,11.23,11.22,11.21,11.2,11.3,11.31,11.32,11.33,11.34,11.35,11.36,11.37,11.38,11.39,6800,23800,16700,3100,25800,40100,22200,38600,36200,124100,7500,32500,35900,7400,1000,6600,3000,15900,5700,12500
296.0,11.29,469000,5286719.0,11.29,11.28,11.27,11.26,11.25,11.24,11.23,11.22,11.21,11.2,11.3,11.31,11.32,11.33,11.34,11.35,11.36,11.37,11.38,11.39,6200,23800,16700,3100,25800,40100,22200,38600,36200,124100,7500,32500,35900,7400,1000,6600,3000,15900,5700,12500
297.0,11.29,469000,5286719.0,11.29,11.28,11.27,11.26,11.25,11.24,11.23,11.22,11.21,11.2,11.3,11.31,11.32,11.33,11.34,11.35,11.36,11.37,11.38,11.39,6200,23800,16700,3100,25800,40100,22200,38600,36200,124100,7500,32500,36500,7400,1000,6600,3000,15900,5700,12500
298.0,11.29,469000,5286719.0,11.29,11.28,11.27,11.26,11.25,11.24,11.23,11.22,11.21,11.2,11.3,11.31,11.32,11.33,11.34,11.35,11.36,11.37,11.38,11.39,6200,23800,16700,3100,25800,40100,22200,38600,36200,124100,7500,32500,36500,7400,1000,6600,3000,15900,5700,12500
299.0,11.29,469000,5286719.0,11.29,11.28,11.27,11.26,11.25,11.24,11.23,11.22,11.21,11.2,11.3,11.31,11.32,11.33,11.34,11.35,11.36,11.37,11.38,11.39,6200,23800,16700,3100,25800,40100,22200,38600,36200,124100,7500,32500,36500,7400,1000,6600,3000,15900,5700,12500
300.0,11.29,469600,5293493.0,11.29,11.28,11.27,11.26,11.25,11.24,11.23,11.22,11.21,11.2,11.3,11.31,11.32,11.33,11.34,11.35,11.36,11.37,11.38,11.39,5600,23800,16700,3100,25800,40100,22200,38600,36200,124100,7500,32500,36500,7400,1000,6600,3000,15900,5700,12500
301.0,11.3,470300,5301403.0,11.29,11.28,11.27,11.26,11.25,11.24,11.23,11.22,11.21,11.2,11.3,11.31,11.32,11.33,11.34,11.35,11.36,11.37,11.38,11.39,5600,23800,16700,3900,25800,40100,22200,38600,36200,124100,7100,32400,36500,7400,1000,6600,3000,15900,5700,12500
302.0,11.29,471500,5314951.0,11.29,11.28,11.27,11.26,11.25,11.24,11.23,11.22,11.21,11.2,11.3,11.31,11.32,11.33,11.34,11.35,11.36,11.37,11.38,11.39,4900,23800,16700,3900,25800,40100,22200,38600,36200,124100,7100,32400,36500,7400,1000,6600,3000,15900,5700,12500
303.0,11.29,471900,5319467.0,11.29,11.28,11.27,11.26,11.25,11.24,11.23,11.22,11.21,11.2,11.3,11.31,11.32,11.33,11.34,11.35,11.36,11.37,11.38,11.39,4500,23800,16700,3900,25800,40100,22200,38600,36200,124100,7100,32400,36500,7400,1000,6600,3000,15900,5700,12500
304.0,11.29,471900,5319467.0,11.29,11.28,11.27,11.26,11.25,11.24,11.23,11.22,11.21,11.2,11.3,11.31,11.32,11.33,11.34,11.35,11.36,11.37,11.38,11.39,4500,23800,16700,3900,25800,40100,22200,38600,36200,124100,7100,32400,36500,7400,1000,6600,3000,15900,5700,12500
305.0,11.29,471900,5319467.0,11.29,11.28,11.27,11.26,11.25,11.24,11.23,11.22,11.21,11.2,11.3,11.31,11.32,11.33,11.34,11.35,11.36,11.37,11.38,11.39,4500,23800,16700,3900,45800,40100,22200,38600,36200,124100,7100,32400,36500,7400,1000,6600,3000,15900,5700,12500
306.0,11.29,471900,5319467.0,11.29,11.28,11.27,11.26,11.25,11.24,11.23,11.22,11.21,11.2,11.3,11.31,11.32,11.33,11.34,11.35,11.36,11.37,11.38,11.39,4500,23800,16700,3900,45800,40100,22200,38600,36200,124100,7100,32400,36500,7400,1000,6600,3000,15900,5700,12500
307.0,11.29,472300,5323983.0,11.29,11.28,11.27,11.26,11.25,11.24,11.23,11.22,11.21,11.2,11.3,11.31,11.32,11.33,11.34,11.35,11.36,11.37,11.38,11.39,4100,23800,16700,3900,45800,40100,22200,38600,36200,124100,7100,32400,36500,7400,1000,6600,3000,15900,5700,12500
308.0,11.29,472300,5323983.0,11.29,11.28,11.27,11.26,11.25,11.24,11.23,11.22,11.21,11.2,11.3,11.31,11.32,11.33,11.34,11.35,11.36,11.37,11.38,11.39,4100,23800,16700,3900,76100,40100,22200,38600,36200,124100,7100,32400,36500,7400,1000,6600,3000,15900,5700,12500
309.0,11.3,473000,5331893.0,11.29,11.28,11.27,11.26,11.25,11.24,11.23,11.22,11.21,11.2,11.3,11.31,11.32,11.33,11.34,11.35,11.36,11.37,11.38,11.39,4100,23800,16700,3900,76100,40100,22200,38600,36200,124100,6400,32400,36500,7400,1000,6600,3000,15900,5700,12500
310.0,11.3,473100,5333023.0,11.29,11.28,11.27,11.26,11.25,11.24,11.23,11.22,11.21,11.2,11.3,11.31,11.32,11.33,11.34,11.35,11.36,11.37,11.38,11.39,4100,23800,16700,3900,76100,40100,22200,38600,36200,124100,6300,32400,36500,7400,1000,6600,3000,15900,5700,12500
311.0,11.3,474000,5343189.0,11.29,11.28,11.27,11.26,11.25,11.24,11.23,11.22,11.21,11.2,11.3,11.31,11.32,11.33,11.34,11.35,11.36,11.37,11.38,11.39,3700,23800,16700,3900,86100,40100,22200,38600,36200,124100,5800,32400,36000,7400,1000,6600,3000,16400,5700,12500
312.0,11.29,475500,5360124.0,11.29,11.28,11.27,11.26,11.25,11.24,11.23,11.22,11.21,11.2,11.3,11.31,11.32,11.33,11.34,11.35,11.36,11.37,11.38,11.39,2200,23800,16700,3900,86100,40100,22200,38600,36200,124100,5800,32400,36000,7400,1000,6600,3000,16400,5700,12500
313.0,11.29,475500,5360124.0,11.29,11.28,11.27,11.26,11.25,11.24,11.23,11.22,11.21,11.2,11.3,11.31,11.32,11.33,11.34,11.35,11.36,11.37,11.38,11.39,2200,23800,16700,3900,87200,40100,22200,38600,36200,124100,5800,32400,36000,7400,1000,6600,3000,16400,5700,12500
314.0,11.29,476100,5366898.0,11.29,11.28,11.27,11.26,11.25,11.24,11.23,11.22,11.21,11.2,11.3,11.31,11.32,11.33,11.34,11.35,11.36,11.37,11.38,11.39,1600,23800,16700,3900,87200,40100,22200,38600,36200,124100,5800,32400,36000,7400,1000,6600,3000,16400,5700,12500
315.0,11.3,477000,5377068.0,11.29,11.28,11.27,11.26,11.25,11.24,11.23,11.22,11.21,11.2,11.3,11.31,11.32,11.33,11.34,11.35,11.36,11.37,11.38,11.39,1600,23800,16700,3900,87200,40100,22200,38600,36200,124100,4900,32400,36000,7400,1000,6600,3000,16400,5700,12500
316.0,11.3,477300,5380458.0,11.29,11.28,11.27,11.26,11.25,11.24,11.23,11.22,11.21,11.2,11.3,11.31,11.32,11.33,11.34,11.35,11.36,11.37,11.38,11.39,1600,23800,16700,3900,87200,40100,22200,38600,36200,124100,4700,32400,36000,7400,1000,6600,3000,16400,5700,12500
317.0,11.3,477400,5381588.0,11.29,11.28,11.27,11.26,11.25,11.24,11.23,11.22,11.21,11.2,11.3,11.31,11.32,11.33,11.34,11.35,11.36,11.37,11.38,11.39,1600,23800,16000,3900,87200,40100,22200,38600,36200,124100,4700,32400,36000,7400,1000,6600,3000,16400,5700,12500
318.0,11.29,477500,5382717.0,11.29,11.28,11.27,11.26,11.25,11.24,11.23,11.22,11.21,11.2,11.3,11.31,11.32,11.33,11.34,11.35,11.36,11.37,11.38,11.39,1500,23800,16000,3900,87200,40100,22200,38600,36200,124100,5600,32400,36000,7400,1000,6600,3000,16400,5700,12500
319.0,11.29,477500,5382717.0,11.29,11.28,11.27,11.26,11.25,11.24,11.23,11.22,11.21,11.2,11.3,11.31,11.32,11.33,11.34,11.35,11.36,11.37,11.38,11.39,1500,23800,16000,3900,87200,40300,22200,38600,36200,124100,5600,32400,36000,7400,1000,6600,3000,16400,5700,12500
320.0,11.29,477500,5382717.0,11.29,11.28,11.27,11.26,11.25,11.24,11.23,11.22,11.21,11.2,11.3,11.31,11.32,11.33,11.34,11.35,11.36,11.37,11.38,11.39,1500,23800,16000,3900,87200,40300,22200,38600,36200,124100,5700,32400,36000,7400,1000,6600,3000,16400,5700,12500
321.0,11.29,477600,5383846.0,11.29,11.28,11.27,11.26,11.25,11.24,11.23,11.22,11.21,11.2,11.3,11.31,11.32,11.33,11.34,11.35,11.36,11.37,11.38,11.39,1400,23800,16000,3900,87200,40300,22200,38600,36200,124100,7200,32400,36000,7400,1000,6600,3000,16400,5700,12500
322.0,11.29,477600,5383846.0,11.29,11.28,11.27,11.26,11.25,11.24,11.23,11.22,11.21,11.2,11.3,11.31,11.32,11.33,11.34,11.35,11.36,11.37,11.38,11.39,1400,23800,16000,3900,87200,40300,22200,38600,36200,124100,7200,32400,36000,7400,1000,6600,3000,16400,5700,12500
323.0,11.3,477900,5387235.0,11.29,11.28,11.27,11.26,11.25,11.24,11.23,11.22,11.21,11.2,11.3,11.31,11.32,11.33,11.34,11.35,11.36,11.37,11.38,11.39,1300,23800,16000,3900,87200,40300,22200,38600,36200,124100,7200,32400,36000,7400,1000,6600,3000,16400,5700,12500
324.0,11.3,477900,5387235.0,11.29,11.28,11.27,11.26,11.25,11.24,11.23,11.22,11.21,11.2,11.3,11.31,11.32,11.33,11.34,11.35,11.36,11.37,11.38,11.39,1300,23800,16000,3900,87200,40300,22200,38600,36200,124100,7200,32400,36000,7400,1000,6600,3000,16400,5700,12500
325.0,11.29,478000,5388364.0,11.29,11.28,11.27,11.26,11.25,11.24,11.23,11.22,11.21,11.2,11.3,11.31,11.32,11.33,11.34,11.35,11.36,11.37,11.38,11.39,1200,23800,16000,3900,87200,40300,22200,38600,36200,124100,7200,32400,36000,7400,1000,6600,3000,16400,5700,12500
326.0,11.3,482700,5441472.0,11.29,11.28,11.27,11.26,11.25,11.24,11.23,11.22,11.21,11.2,11.3,11.31,11.32,11.33,11.34,11.35,11.36,11.37,11.38,11.39,1100,23800,16000,3900,87200,40300,22200,38600,36200,133100,3300,32400,36000,7400,1000,6600,3000,16400,5700,12500
327.0,11.3,482700,5441472.0,11.29,11.28,11.27,11.26,11.25,11.24,11.23,11.22,11.21,11.2,11.3,11.31,11.32,11.33,11.34,11.35,11.36,11.37,11.38,11.39,1100,23800,16000,3900,87200,40300,22200,38600,36200,133100,5300,32400,36000,7400,1000,6600,3000,16400,5700,12500
328.0,11.3,483800,5453901.0,11.29,11.28,11.27,11.26,11.25,11.24,11.23,11.22,11.21,11.2,11.3,11.31,11.32,11.33,11.34,11.35,11.36,11.37,11.38,11.39,1300,23800,16000,3900,87200,40300,22200,38600,36200,133100,4700,32400,36000,7400,1000,6600,3000,16400,5700,12500
329.0,11.3,483800,5453901.0,11.29,11.28,11.27,11.26,11.25,11.24,11.23,11.22,11.21,11.2,11.3,11.31,11.32,11.33,11.34,11.35,11.36,11.37,11.38,11.39,1300,23800,16000,3900,87200,40300,22200,38600,36200,133100,4700,32400,36000,7400,1000,6600,3000,16400,5700,12500
330.0,11.3,483800,5453901.0,11.29,11.28,11.27,11.26,11.25,11.24,11.23,11.22,11.21,11.2,11.3,11.31,11.32,11.33,11.34,11.35,11.36,11.37,11.38,11.39,1300,26500,16000,4100,87200,40300,22200,38600,36200,133100,4700,32400,36000,7400,1000,6600,3000,16400,5700,12500
331.0,11.29,484400,5460675.0,11.29,11.28,11.27,11.26,11.25,11.24,11.23,11.22,11.21,11.2,11.3,11.31,11.32,11.33,11.34,11.35,11.36,11.37,11.38,11.39,700,26500,16000,4100,86800,40300,22200,38600,36200,133100,4700,34300,36000,7400,1000,6600,3000,16400,5700,12500
332.0,11.29,484500,5461804.0,11.29,11.28,11.27,11.26,11.25,11.24,11.23,11.22,11.21,11.2,11.3,11.31,11.32,11.33,11.34,11.35,11.36,11.37,11.38,11.39,600,26500,16000,4100,86800,40300,22200,38600,36200,133100,4700,34300,36000,7400,1000,6600,3000,16400,5700,12500
333.0,11.29,484500,5461804.0,11.29,11.28,11.27,11.26,11.25,11.24,11.23,11.22,11.21,11.2,11.3,11.31,11.32,11.33,11.34,11.35,11.36,11.37,11.38,11.39,600,26500,16000,4100,86800,40300,22200,38600,36200,133100,4700,34300,36000,7400,1000,6600,3000,16400,5700,12500
334.0,11.3,484900,5466324.0,11.29,11.28,11.27,11.26,11.25,11.24,11.23,11.22,11.21,11.2,11.3,11.31,11.32,11.33,11.34,11.35,11.36,11.37,11.38,11.39,600,26500,16000,4100,86800,40300,22200,38600,36200,133100,6000,34300,36000,7400,1000,6600,3000,16400,5700,12500
335.0,11.29,485100,5468583.0,11.29,11.28,11.27,11.26,11.25,11.24,11.23,11.22,11.21,11.2,11.3,11.31,11.32,11.33,11.34,11.35,11.36,11.37,11.38,11.39,500,26500,16000,4100,86800,40300,22200,38600,36200,133100,5900,34300,36000,7400,1000,6600,3000,16400,5700,12500
336.0,11.3,485300,5470843.0,11.29,11.28,11.27,11.26,11.25,11.24,11.23,11.22,11.21,11.2,11.3,11.31,11.32,11.33,11.34,11.35,11.36,11.37,11.38,11.39,500,26500,16000,4100,86800,40300,22200,38600,36200,133100,5700,34300,36000,7400,1000,6600,3000,16400,5700,12500
337.0,11.3,485300,5470843.0,11.29,11.28,11.27,11.26,11.25,11.24,11.23,11.22,11.21,11.2,11.3,11.31,11.32,11.33,11.34,11.35,11.36,11.37,11.38,11.39,500,26500,16000,4100,86800,40300,22900,38600,36200,133100,5700,34300,36000,7400,1000,6600,3000,16400,5700,12500
338.0,11.29,485400,5471972.0,11.29,11.28,11.27,11.26,11.25,11.24,11.23,11.22,11.21,11.2,11.3,11.31,11.32,11.33,11.34,11.35,11.36,11.37,11.38,11.39,400,26500,16000,4100,86800,40300,22900,38600,36200,133100,5700,34300,36000,7400,1000,6600,3000,16400,5700,12500
339.0,11.29,485400,5471972.0,11.29,11.28,11.27,11.26,11.25,11.24,11.23,11.22,11.21,11.2,11.3,11.31,11.32,11.33,11.34,11.35,11.36,11.37,11.38,11.39,400,26500,16000,4100,86800,40300,22900,38600,36200,133100,8200,34300,36000,7400,1000,6600,3000,16400,5700,12500
340.0,11.3,485900,5477622.0,11.29,11.28,11.27,11.26,11.25,11.24,11.23,11.22,11.21,11.2,11.3,11.31,11.32,11.33,11.34,11.35,11.36,11.37,11.38,11.39,1700,26500,16000,4100,86800,40300,22900,38600,36200,133100,7700,34300,36000,7400,1000,6600,3000,16400,5700,12500
341.0,11.3,485900,5477622.0,11.29,11.28,11.27,11.26,11.25,11.24,11.23,11.22,11.21,11.2,11.3,11.31,11.32,11.33,11.34,11.35,11.36,11.37,11.38,11.39,1700,26500,16000,4100,86800,40300,22900,38600,36200,133100,7700,34300,36000,7400,1000,6600,3000,16400,5700,12500
342.0,11.3,486200,5481012.0,11.29,11.28,11.27,11.26,11.25,11.24,11.23,11.22,11.21,11.2,11.3,11.31,11.32,11.33,11.34,11.35,11.36,11.37,11.38,11.39,3000,26500,16000,4100,86800,40300,22900,38600,36200,133100,7400,34300,36000,7400,1000,6600,3000,16400,5700,12500
343.0,11.29,486500,5484399.0,11.29,11.28,11.27,11.26,11.25,11.24,11.23,11.22,11.21,11.2,11.3,11.31,11.32,11.33,11.34,11.35,11.36,11.37,11.38,11.39,2700,26500,16000,4100,86800,40300,22900,38600,36200,133100,7400,34300,36000,7400,1000,6600,3000,16400,5700,12500
344.0,11.29,486500,5484399.0,11.29,11.28,11.27,11.26,11.25,11.24,11.23,11.22,11.21,11.2,11.3,11.31,11.32,11.33,11.34,11.35,11.36,11.37,11.38,11.39,2700,26500,16000,4100,86800,40300,22900,38600,36200,133100,7400,34300,36000,7400,1000,6600,3000,16400,5700,12500
345.0,11.3,490000,5523949.0,11.29,11.28,11.27,11.26,11.25,11.24,11.23,11.22,11.21,11.2,11.3,11.31,11.32,11.33,11.34,11.35,11.36,11.37,11.38,11.39,2700,26500,16000,4100,86800,40300,22900,38600,36200,133100,3900,34300,36000,7400,1000,6600,3000,16400,5700,12500
346.0,11.29,490200,5526207.0,11.29,11.28,11.27,11.26,11.25,11.24,11.23,11.22,11.21,11.2,11.3,11.31,11.32,11.33,11.34,11.35,11.36,11.37,11.38,11.39,2500,26500,16000,4100,86800,40300,22900,38600,36200,133100,3900,34300,36000,7400,1000,6600,3000,16400,5700,12500
347.0,11.3,492700,5554455.0,11.29,11.28,11.27,11.26,11.25,11.24,11.23,11.22,11.21,11.2,11.3,11.31,11.32,11.33,11.34,11.35,11.36,11.37,11.38,11.39,3400,26500,16000,4100,86800,40300,22900,38600,36200,133100,1600,34300,36000,7400,1000,6600,3000,16400,5700,12500
348.0,11.3,492700,5554455.0,11.29,11.28,11.27,11.26,11.25,11.24,11.23,11.22,11.21,11.2,11.3,11.31,11.32,11.33,11.34,11.35,11.36,11.37,11.38,11.39,3400,26700,16000,4100,86800,40300,22900,38600,36200,133100,1600,34300,36000,7400,1000,6600,3000,16400,5700,12500
349.0,11.29,493000,5557842.0,11.29,11.28,11.27,11.26,11.25,11.24,11.23,11.22,11.21,11.2,11.3,11.31,11.32,11.33,11.34,11.35,11.36,11.37,11.38,11.39,3100,26700,16000,4100,86800,40300,22900,38600,36200,133100,1600,34300,36000,7400,1000,6600,3000,16400,5700,12500
350.0,11.3,493900,5568006.0,11.29,11.28,11.27,11.26,11.25,11.24,11.23,11.22,11.21,11.2,11.3,11.31,11.32,11.33,11.34,11.35,11.36,11.37,11.38,11.39,2500,26700,16000,4100,86800,40300,22900,38600,36200,133100,4200,34300,36000,7400,1000,6600,3000,16400,5700,12500
351.0,11.3,493900,5568006.0,11.29,11.28,11.27,11.26,11.25,11.24,11.23,11.22,11.21,11.2,11.3,11.31,11.32,11.33,11.34,11.35,11.36,11.37,11.38,11.39,2500,26700,16000,4100,86800,40300,22900,38600,36200,133100,7200,34300,36000,7400,1000,6600,3000,16400,5700,12500
352.0,11.3,493900,5568006.0,11.29,11.28,11.27,11.26,11.25,11.24,11.23,11.22,11.21,11.2,11.3,11.31,11.32,11.33,11.34,11.35,11.36,11.37,11.38,11.39,2500,26700,16000,4100,86800,40300,22900,38600,36200,133100,7200,34300,36000,7400,1000,6600,3000,16400,5700,12500
353.0,11.29,494100,5570264.0,11.29,11.28,11.27,11.26,11.25,11.24,11.23,11.22,11.21,11.2,11.3,11.31,11.32,11.33,11.34,11.35,11.36,11.37,11.38,11.39,2300,26700,16000,4100,86800,40300,22900,38600,36200,133100,7200,34300,44000,7400,1000,6600,3000,16400,5700,12500
354.0,11.29,494300,5572522.0,11.29,11.28,11.27,11.26,11.25,11.24,11.23,11.22,11.21,11.2,11.3,11.31,11.32,11.33,11.34,11.35,11.36,11.37,11.38,11.39,2100,26700,16000,4100,86800,40300,22900,38600,36200,133100,8200,34300,44000,7400,1000,6600,3000,16400,5700,12500
355.0,11.29,494300,5572522.0,11.29,11.28,11.27,11.26,11.25,11.24,11.23,11.22,11.21,11.2,11.3,11.31,11.32,11.33,11.34,11.35,11.36,11.37,11.38,11.39,2100,26700,16000,4100,86800,40300,22900,38600,36200,133100,8200,34300,44000,7400,1000,6600,3000,16400,5700,12500
356.0,11.29,494500,5574780.0,11.29,11.28,11.27,11.26,11.25,11.24,11.23,11.22,11.21,11.2,11.3,11.31,11.32,11.33,11.34,11.35,11.36,11.37,11.38,11.39,1900,26700,16000,4100,86800,40300,22900,38600,36200,133100,8200,34300,44000,7400,1000,6600,3000,16400,5700,12500
357.0,11.29,494500,5574780.0,11.29,11.28,11.27,11.26,11.25,11.24,11.23,11.22,11.21,11.2,11.3,11.31,11.32,11.33,11.34,11.35,11.36,11.37,11.38,11.39,1900,26700,16000,4100,86800,40300,22900,38600,36200,133100,9500,34300,44000,7400,1000,6600,3000,16400,5700,12500
358.0,11.29,494500,5574780.0,11.29,11.28,11.27,11.26,11.25,11.24,11.23,11.22,11.21,11.2,11.3,11.31,11.32,11.33,11.34,11.35,11.36,11.37,11.38,11.39,1900,26900,16000,4100,86800,40300,22900,38600,36200,133100,9500,34300,44000,7400,1000,6600,3000,16400,5700,12500
359.0,11.29,494600,5575909.0,11.29,11.28,11.27,11.26,11.25,11.24,11.23,11.22,11.21,11.2,11.3,11.31,11.32,11.33,11.34,11.35,11.36,11.37,11.38,11.39,1800,26900,16000,4100,86800,40300,22900,38600,36200,133100,19500,34300,44000,7400,1000,6600,3000,16400,5700,12500
360.0,11.29,494600,5575909.0,11.29,11.28,11.27,11.26,11.25,11.24,11.23,11.22,11.21,11.2,11.3,11.31,11.32,11.33,11.34,11.35,11.36,11.37,11.38,11.39,1800,26900,16000,4100,86800,40300,22900,38600,36200,133100,19500,34300,44000,7400,1000,6600,3000,16400,5700,12500
361.0,11.29,494600,5575909.0,11.29,11.28,11.27,11.26,11.25,11.24,11.23,11.22,11.21,11.2,11.3,11.31,11.32,11.33,11.34,11.35,11.36,11.37,11.38,11.39,1800,26900,16000,4100,86800,40300,22900,38600,36200,133100,19500,34300,44000,7400,1000,6600,3000,16400,5700,12500
362.0,11.29,495000,5580425.0,11.29,11.28,11.27,11.26,11.25,11.24,11.23,11.22,11.21,11.2,11.3,11.31,11.32,11.33,11.34,11.35,11.36,11.37,11.38,11.39,1400,26900,16000,4100,86800,40300,22900,38600,36200,133100,20600,34300,44000,7400,1000,6600,3000,16400,5700,12500
363.0,11.29,495100,5581554.0,11.29,11.28,11.27,11.26,11.25,11.24,11.23,11.22,11.21,11.2,11.3,11.31,11.32,11.33,11.34,11.35,11.36,11.37,11.38,11.39,1300,26900,16000,4100,86800,40300,21700,38600,36200,133100,20600,33300,44000,7400,1000,6600,3000,16400,5700,12500
364.0,11.29,495100,5581554.0,11.29,11.28,11.27,11.26,11.25,11.24,11.23,11.22,11.21,11.2,11.3,11.31,11.32,11.33,11.34,11.35,11.36,11.37,11.38,11.39,1300,26900,16000,4100,86800,40300,21700,38600,36200,133100,20600,33300,44000,7400,1000,6600,3000,16400,5700,12500
365.0,11.29,495100,5581554.0,11.29,11.28,11.27,11.26,11.25,11.24,11.23,11.22,11.21,11.2,11.3,11.31,11.32,11.33,11.34,11.35,11.36,11.37,11.38,11.39,1300,26900,16000,4100,86800,40300,21700,38600,36200,133100,20600,33300,44000,7400,1000,6600,3000,16400,5700,12500
366.0,11.29,495100,5581554.0,11.29,11.28,11.27,11.26,11.25,11.24,11.23,11.22,11.21,11.2,11.3,11.31,11.32,11.33,11.34,11.35,11.36,11.37,11.38,11.39,1300,26900,16000,4100,86800,40300,21700,38600,36200,133100,20600,33300,43300,7400,1000,6600,3000,16400,5700,12500
367.0,11.29,495200,5582683.0,11.29,11.28,11.27,11.26,11.25,11.24,11.23,11.22,11.21,11.2,11.3,11.31,11.32,11.33,11.34,11.35,11.36,11.37,11.38,11.39,1200,26900,16000,4100,86800,40300,21700,38600,36200,133100,21100,18700,43300,7400,1000,6600,3000,16400,5700,12500
368.0,11.3,495400,5584943.0,11.29,11.28,11.27,11.26,11.25,11.24,11.23,11.22,11.21,11.2,11.3,11.31,11.32,11.33,11.34,11.35,11.36,11.37,11.38,11.39,1200,26900,16000,4100,86800,40300,21700,38600,36200,133100,20900,18700,43300,7400,1000,6600,3000,16400,5700,12500
369.0,11.3,495400,5584943.0,11.29,11.28,11.27,11.26,11.25,11.24,11.23,11.22,11.21,11.2,11.3,11.31,11.32,11.33,11.34,11.35,11.36,11.37,11.38,11.39,1200,26900,16000,4100,86800,40300,21700,38600,36200,133100,20900,18700,43300,7400,1000,6600,3000,16400,5700,12500
370.0,11.29,495600,5587201.0,11.29,11.28,11.27,11.26,11.25,11.24,11.23,11.22,11.21,11.2,11.3,11.31,11.32,11.33,11.34,11.35,11.36,11.37,11.38,11.39,1000,26900,16000,4100,86800,40300,21700,38600,36200,133100,20900,18700,43300,7400,1000,6600,3000,16400,5700,12500
371.0,11.29,495600,5587201.0,11.29,11.28,11.27,11.26,11.25,11.24,11.23,11.22,11.21,11.2,11.3,11.31,11.32,11.33,11.34,11.35,11.36,11.37,11.38,11.39,1000,26900,16000,4100,86800,40300,21700,38600,36200,133100,21000,18700,43300,7400,1000,6600,3000,16400,5700,12500
372.0,11.29,495600,5587201.0,11.29,11.28,11.27,11.26,11.25,11.24,11.23,11.22,11.21,11.2,11.3,11.31,11.32,11.33,11.34,11.35,11.36,11.37,11.38,11.39,1000,28200,16000,4100,86800,40300,21700,38600,36200,133100,21000,18700,43300,7400,1000,6600,3000,16400,5700,12500
373.0,11.29,495600,5587201.0,11.29,11.28,11.27,11.26,11.25,11.24,11.23,11.22,11.21,11.2,11.3,11.31,11.32,11.33,11.34,11.35,11.36,11.37,11.38,11.39,1000,28200,16000,14100,86800,40300,21700,38600,36200,133100,21000,18700,43300,7400,1000,6600,3000,16400,5700,12500
374.0,11.29,495900,5590588.0,11.29,11.28,11.27,11.26,11.25,11.24,11.23,11.22,11.21,11.2,11.3,11.31,11.32,11.33,11.34,11.35,11.36,11.37,11.38,11.39,700,28200,16000,14100,86800,40300,21700,38600,36200,133100,21000,18700,43300,7400,1000,6600,3000,16400,5700,12500
375.0,11.29,495900,5590588.0,11.29,11.28,11.27,11.26,11.25,11.24,11.23,11.22,11.21,11.2,11.3,11.31,11.32,11.33,11.34,11.35,11.36,11.37,11.38,11.39,700,28200,16000,14100,86800,40300,21700,38600,36200,133100,31200,18700,43300,7400,1000,6600,3000,16400,5700,12500
376.0,11.3,496500,5597368.0,11.29,11.28,11.27,11.26,11.25,11.24,11.23,11.22,11.21,11.2,11.3,11.31,11.32,11.33,11.34,11.35,11.36,11.37,11.38,11.39,700,28200,16000,14100,86800,40300,21700,38600,37200,133100,30600,18700,43300,7400,1000,6600,3000,16400,5700,12500
377.0,11.3,496500,5597368.0,11.29,11.28,11.27,11.26,11.25,11.24,11.23,11.22,11.21,11.2,11.3,11.31,11.32,11.33,11.34,11.35,11.36,11.37,11.38,11.39,700,28200,16000,14100,86800,40300,21700,38600,37200,133100,30600,18700,43300,7400,1000,6600,3000,16400,5700,12500
378.0,11.3,496500,5597368.0,11.29,11.28,11.27,11.26,11.25,11.24,11.23,11.22,11.21,11.2,11.3,11.31,11.32,11.33,11.34,11.35,11.36,11.37,11.38,11.39,700,28400,16000,14100,86800,40300,21700,38600,37200,133100,30600,18700,43300,7400,1000,6600,3000,16400,5700,12500
379.0,11.3,496800,5600758.0,11.29,11.28,11.27,11.26,11.25,11.24,11.23,11.22,11.21,11.2,11.3,11.31,11.32,11.33,11.34,11.35,11.36,11.37,11.38,11.39,700,28400,16000,14100,86800,40300,21700,38600,37200,133100,30300,18700,43300,7400,1000,6600,3000,16400,5700,12500
380.0,11.3,496800,5600758.0,11.29,11.28,11.27,11.26,11.25,11.24,11.23,11.22,11.21,11.2,11.3,11.31,11.32,11.33,11.34,11.35,11.36,11.37,11.38,11.39,700,31000,16000,14100,86800,40300,21700,38600,37200,133100,30300,18700,43300,7400,1000,6600,3000,16400,5700,12500
381.0,11.3,497600,5609798.0,11.29,11.28,11.27,11.26,11.25,11.24,11.23,11.22,11.21,11.2,11.3,11.31,11.32,11.33,11.34,11.35,11.36,11.37,11.38,11.39,700,31000,16000,14100,86800,40300,21700,38600,37200,133100,29500,18700,43300,7400,1000,6600,3000,16400,5700,12500
382.0,11.3,497600,5609798.0,11.29,11.28,11.27,11.26,11.25,11.24,11.23,11.22,11.21,11.2,11.3,11.31,11.32,11.33,11.34,11.35,11.36,11.37,11.38,11.39,700,31000,16000,14100,86800,40300,21700,38600,37200,133100,29500,18700,43300,7400,1000,6600,3000,16400,5700,12500
