LocalTime,LastPrice,TradeVolume,TradeValue,BidPrice1,BidPrice2,BidPrice3,BidPrice4,BidPrice5,BidPrice6,BidPrice7,BidPrice8,BidPrice9,BidPriceA,AskPrice1,AskPrice2,AskPrice3,AskPrice4,AskPrice5,AskPrice6,AskPrice7,AskPrice8,AskPrice9,AskPriceA,BidVolume1,BidVolume2,BidVolume3,BidVolume4,BidVolume5,BidVolume6,BidVolume7,BidVolume8,BidVolume9,BidVolumeA,AskVolume1,AskVolume2,AskVolume3,AskVolume4,AskVolume5,AskVolume6,AskVolume7,AskVolume8,AskVolume9,AskVolumeA
0.0,18.68,9100,169988.0,18.7,18.69,18.68,18.67,18.61,18.6,18.58,18.57,18.55,18.53,18.78,18.8,18.86,18.9,18.93,18.95,18.98,19.0,19.05,19.11,5300,7000,5000,5000,6100,1000,800,100,900,21600,700,1500,200,300,6000,100,200,1200,100,200
1.0,18.7,12500,233840.0,18.7,18.69,18.68,18.67,18.65,18.61,18.6,18.58,18.57,18.55,18.78,18.8,18.86,18.88,18.9,18.93,18.95,18.98,19.0,19.05,5100,7000,5000,5000,200,6100,1000,800,100,2400,3400,1500,200,1000,300,6000,100,200,1200,100
2.0,18.71,14500,271260.0,18.71,18.7,18.69,18.68,18.67,18.65,18.61,18.6,18.58,18.57,18.77,18.78,18.8,18.86,18.88,18.9,18.93,18.95,18.98,19.0,5000,5100,7000,5000,5000,200,6100,1000,800,100,500,3400,1500,200,1000,17800,6000,300,200,1200
3.0,18.77,21900,409704.0,18.7,18.69,18.68,18.67,18.65,18.61,18.6,18.58,18.57,18.55,18.77,18.78,18.8,18.86,18.88,18.89,18.9,18.93,18.95,18.98,4200,7000,5000,5000,200,6100,1500,800,100,2400,300,3400,1500,200,1000,1000,17800,6000,300,200
4.0,18.78,23700,443500.0,18.7,18.69,18.68,18.67,18.65,18.61,18.6,18.58,18.57,18.55,18.78,18.8,18.86,18.88,18.89,18.9,18.92,18.93,18.95,18.98,4200,7000,7000,5000,200,6100,1500,800,100,2400,2400,1500,200,1000,1000,17800,500,6000,300,200
5.0,18.78,24300,454768.0,18.7,18.69,18.68,18.67,18.65,18.62,18.61,18.6,18.58,18.57,18.78,18.8,18.86,18.88,18.89,18.9,18.92,18.93,18.95,18.98,4200,7000,7000,5000,200,3000,6100,3600,800,100,1800,1500,200,1000,1000,17800,500,6000,300,200
6.0,18.8,27600,516751.0,18.7,18.69,18.68,18.67,18.65,18.62,18.61,18.6,18.58,18.57,18.8,18.86,18.88,18.89,18.9,18.92,18.93,18.95,18.96,18.98,4200,7000,7000,5000,200,3000,6100,4100,1300,100,700,200,1000,1000,17800,500,6000,300,1000,200
7.0,18.8,28700,537351.0,18.71,18.7,18.69,18.68,18.67,18.65,18.62,18.61,18.6,18.58,18.8,18.86,18.88,18.89,18.9,18.92,18.93,18.95,18.96,18.98,1000,3400,7000,7000,5000,200,3000,6100,4100,1300,400,200,1000,1000,17800,500,6000,300,4300,200
8.0,18.86,30700,575015.0,18.78,18.71,18.7,18.69,18.68,18.67,18.65,18.62,18.61,18.6,18.88,18.89,18.9,18.92,18.93,18.95,18.96,18.98,18.99,19.0,100,1100,3400,7000,7000,5000,200,5200,6100,4100,1000,1000,17800,500,6000,300,4300,200,200,1200
9.0,18.78,30800,576893.0,18.78,18.71,18.7,18.69,18.68,18.67,18.65,18.62,18.61,18.6,18.79,18.8,18.88,18.89,18.9,18.92,18.93,18.95,18.96,18.98,100,1100,3400,7000,7000,5000,200,5200,6100,4100,2800,200,1000,1000,17800,500,6000,300,4300,200
10.0,18.78,32900,616331.0,18.78,18.72,18.71,18.7,18.69,18.68,18.67,18.65,18.62,18.61,18.79,18.8,18.88,18.89,18.9,18.92,18.93,18.95,18.96,18.98,3400,1200,1100,3400,7000,7000,5000,200,5200,6100,2800,200,1000,1000,21900,500,6000,300,4300,200
11.0,18.78,32900,616331.0,18.78,18.72,18.71,18.7,18.69,18.68,18.67,18.65,18.62,18.61,18.79,18.8,18.88,18.89,18.9,18.92,18.93,18.95,18.96,18.98,3700,1200,6500,3900,7000,7000,5000,200,5200,6100,2800,200,1000,1000,21900,500,6000,500,4600,200
12.0,18.78,36400,682089.0,18.79,18.78,18.72,18.71,18.7,18.69,18.68,18.67,18.65,18.62,18.8,18.88,18.89,18.9,18.92,18.93,18.95,18.96,18.98,18.99,200,3000,1200,6500,3900,7000,7000,5000,200,5200,200,1000,1000,21900,500,6000,500,4600,200,200
13.0,18.88,37200,697176.0,18.81,18.78,18.72,18.71,18.7,18.69,18.68,18.67,18.65,18.62,18.88,18.89,18.9,18.92,18.93,18.95,18.96,18.98,18.99,19.0,100,3000,1200,6500,4800,7000,7000,5000,200,5200,500,1000,21900,500,6000,500,4600,200,200,1200
14.0,18.78,39200,734743.0,18.78,18.71,18.7,18.69,18.68,18.67,18.65,18.62,18.61,18.6,18.88,18.89,18.9,18.92,18.93,18.95,18.96,18.98,18.99,19.0,1300,6500,4800,7000,7000,5000,200,5200,6100,4600,1000,1000,21900,500,6000,500,4600,200,200,1200
15.0,18.88,39400,738519.0,18.83,18.82,18.81,18.78,18.71,18.7,18.69,18.68,18.67,18.65,18.88,18.89,18.9,18.92,18.93,18.95,18.96,18.98,18.99,19.0,200,4900,800,1100,6500,4800,7000,7000,5000,200,800,1000,21900,500,6000,500,4600,200,200,1200
16.0,18.88,40200,753623.0,18.88,18.83,18.82,18.81,18.78,18.71,18.7,18.69,18.68,18.67,18.89,18.9,18.92,18.93,18.95,18.96,18.98,18.99,19.0,19.05,900,200,4900,2000,1100,6500,4800,7000,7000,5000,1000,21900,500,6000,500,4600,200,200,1200,400
17.0,18.89,40300,755512.0,18.88,18.83,18.82,18.81,18.78,18.71,18.7,18.69,18.68,18.67,18.89,18.9,18.92,18.93,18.95,18.96,18.98,18.99,19.0,19.05,900,200,4900,2000,1100,6500,4800,7000,7000,5000,900,21900,500,6000,500,4600,200,200,1200,400
18.0,18.9,42100,789521.0,18.89,18.88,18.83,18.82,18.81,18.78,18.71,18.7,18.69,18.68,18.9,18.92,18.93,18.95,18.96,18.98,18.99,19.0,19.05,19.11,2400,900,200,4900,2000,1100,6500,4800,7000,7000,21100,500,6000,500,4600,200,200,1200,400,200
19.0,18.9,48400,908581.0,18.89,18.88,18.83,18.82,18.81,18.78,18.71,18.7,18.69,18.68,18.9,18.92,18.93,18.95,18.96,18.98,18.99,19.0,19.05,19.11,1400,900,200,4900,2000,1100,6500,4800,7000,7000,15800,500,6000,300,4600,200,200,1200,400,200
20.0,18.9,54600,1025761.0,18.89,18.88,18.83,18.82,18.81,18.78,18.71,18.7,18.69,18.68,18.9,18.92,18.93,18.95,18.96,18.98,18.99,19.0,19.05,19.11,1400,800,200,4900,2000,1100,6500,4800,7000,7000,9600,500,6000,300,4600,200,200,1200,400,200
21.0,18.93,64800,1218554.0,18.9,18.89,18.88,18.83,18.82,18.81,18.78,18.71,18.7,18.69,18.93,18.95,18.96,18.98,18.99,19.0,19.05,19.11,19.18,19.2,700,1800,800,200,4900,1500,1100,6500,4800,7000,5900,300,4600,200,200,1200,400,200,10000,500
22.0,18.93,70700,1330241.0,18.93,18.9,18.89,18.88,18.83,18.82,18.81,18.78,18.71,18.7,18.95,18.96,18.98,18.99,19.0,19.05,19.11,19.18,19.2,19.25,900,3100,1800,1000,200,4900,1500,1100,6500,4800,300,4600,200,200,1200,400,200,10000,500,100
23.0,18.93,71500,1345392.0,18.93,18.9,18.89,18.88,18.83,18.82,18.81,18.78,18.71,18.7,18.96,18.98,18.99,19.0,19.05,19.11,19.18,19.2,19.25,19.3,1200,5000,2300,2500,200,4900,1500,1100,6500,4800,4600,200,200,1200,400,200,10000,500,100,500
24.0,18.93,72500,1364322.0,18.93,18.9,18.89,18.88,18.83,18.82,18.81,18.78,18.71,18.7,18.96,18.98,18.99,19.0,19.05,19.11,19.18,19.2,19.25,19.3,200,5200,2300,2500,200,4900,1500,1100,6500,4800,4600,200,200,1200,400,200,10000,500,100,500
25.0,18.93,72500,1364322.0,18.93,18.9,18.89,18.88,18.82,18.81,18.78,18.71,18.7,18.69,18.96,18.98,18.99,19.0,19.05,19.11,19.18,19.2,19.25,19.3,400,5200,2500,2700,4900,1500,1100,6500,4800,7000,4600,200,200,1200,400,200,10000,500,100,500
26.0,18.96,73800,1388970.0,18.93,18.9,18.89,18.88,18.82,18.81,18.78,18.71,18.7,18.69,18.96,18.98,18.99,19.0,19.05,19.11,19.18,19.2,19.25,19.3,900,5600,2500,2700,4900,1500,1100,6500,4800,7000,3300,200,200,1200,400,200,10000,500,100,500
27.0,18.96,74100,1394658.0,18.93,18.9,18.89,18.88,18.82,18.81,18.78,18.71,18.7,18.69,18.96,18.98,18.99,19.0,19.05,19.11,19.18,19.2,19.25,19.3,900,4500,2500,2700,4900,1500,1100,6500,4800,7000,3000,200,200,1200,400,200,10000,500,100,500
28.0,18.96,74600,1404138.0,18.93,18.9,18.89,18.88,18.82,18.81,18.78,18.71,18.7,18.69,18.96,18.98,18.99,19.0,19.05,19.11,19.18,19.2,19.25,19.3,1100,4500,2700,3000,4900,1500,1100,6500,4800,7000,2500,200,200,1200,400,200,10000,500,100,500
29.0,18.96,74600,1404138.0,18.93,18.9,18.89,18.88,18.82,18.81,18.78,18.71,18.7,18.69,18.96,18.98,18.99,19.0,19.05,19.11,19.18,19.2,19.25,19.3,1300,4700,2700,3000,4900,1500,1100,6500,4800,7000,2500,200,200,1200,400,200,10000,500,100,500
30.0,18.96,75600,1423098.0,18.93,18.9,18.89,18.88,18.82,18.81,18.78,18.71,18.7,18.69,18.96,18.98,18.99,19.0,19.05,19.11,19.18,19.2,19.25,19.3,1300,4700,2600,3000,4900,1500,1100,6500,4800,7000,1500,200,200,1200,400,200,10000,500,100,500
31.0,18.93,76800,1445820.0,18.93,18.9,18.89,18.88,18.82,18.81,18.78,18.71,18.7,18.69,18.96,18.98,18.99,19.0,19.05,19.11,19.18,19.2,19.25,19.3,300,4700,2600,3000,4900,1500,1100,6500,4800,7000,1300,200,200,1200,400,200,10000,500,100,500
32.0,18.96,77000,1449612.0,18.93,18.9,18.89,18.88,18.82,18.81,18.78,18.71,18.7,18.69,18.96,18.98,18.99,19.0,19.05,19.11,19.18,19.2,19.25,19.3,300,4700,2600,3000,4900,1500,1100,6500,4800,7000,1100,200,200,1200,400,200,10000,500,100,500
33.0,18.9,78900,1485571.0,18.9,18.89,18.88,18.82,18.81,18.78,18.71,18.7,18.69,18.68,18.96,18.98,18.99,19.0,19.05,19.11,19.18,19.2,19.25,19.3,4000,2600,3000,4900,1500,1100,6500,4800,7000,7000,900,200,200,1200,400,200,10000,500,100,500
34.0,18.96,79200,1491259.0,18.9,18.89,18.88,18.82,18.81,18.78,18.71,18.7,18.69,18.68,18.95,18.96,18.98,18.99,19.0,19.05,19.11,19.18,19.2,19.25,4000,2600,3000,4900,1500,1100,6500,4800,7000,7000,1000,600,200,200,1200,400,200,10000,500,100
35.0,18.96,79200,1491259.0,18.94,18.9,18.89,18.88,18.82,18.81,18.78,18.71,18.7,18.69,18.95,18.96,18.98,18.99,19.0,19.05,19.11,19.16,19.18,19.2,500,4000,2600,3000,4900,1500,800,6500,4800,7000,1000,600,200,200,1200,400,200,1300,10000,500
36.0,18.96,79200,1491259.0,18.94,18.9,18.89,18.88,18.82,18.81,18.78,18.71,18.7,18.69,18.95,18.96,18.98,18.99,19.0,19.05,19.11,19.16,19.18,19.2,600,4000,2600,3000,4900,1500,800,6500,4800,7000,1000,600,200,200,1200,400,200,1300,10000,500
37.0,18.96,79200,1491259.0,18.94,18.91,18.9,18.89,18.88,18.82,18.81,18.78,18.71,18.7,18.95,18.96,18.98,18.99,19.0,19.05,19.11,19.16,19.18,19.2,600,700,4000,2600,3000,4900,1500,800,6500,4800,1000,600,200,200,1200,400,200,1300,10000,500
38.0,18.95,79700,1500734.0,18.94,18.91,18.9,18.89,18.88,18.82,18.81,18.78,18.71,18.7,18.95,18.96,18.98,18.99,19.0,19.05,19.11,19.16,19.18,19.2,600,700,4000,2600,3000,4900,1500,800,6500,4800,500,600,200,200,1200,400,200,1300,10000,500
39.0,18.95,79700,1500734.0,18.94,18.91,18.9,18.89,18.88,18.82,18.81,18.78,18.71,18.7,18.95,18.96,18.98,18.99,19.0,19.05,19.11,19.16,19.18,19.2,600,700,4000,2600,3000,4900,1500,800,6500,4800,500,600,200,200,1200,400,200,1300,10000,500
40.0,18.95,80200,1510209.0,18.95,18.94,18.91,18.9,18.89,18.88,18.82,18.81,18.78,18.71,18.96,18.98,18.99,19.0,19.05,19.11,19.16,19.18,19.2,19.25,3300,600,700,4000,2600,3000,4900,1500,800,6500,600,200,200,1200,400,200,1300,10000,500,100
41.0,18.95,81500,1534846.0,18.95,18.94,18.93,18.91,18.9,18.89,18.88,18.82,18.81,18.78,18.96,18.98,18.99,19.0,19.05,19.11,19.16,19.18,19.2,19.25,2200,600,100,700,4000,3800,3000,4900,1500,800,400,200,200,1200,400,200,1300,10000,500,100
42.0,18.95,82100,1546216.0,18.95,18.94,18.93,18.91,18.9,18.89,18.88,18.82,18.81,18.78,18.96,18.98,18.99,19.0,19.05,19.11,19.16,19.18,19.2,19.25,1600,600,100,700,4000,3800,3000,4900,1500,800,400,200,200,1200,400,200,1300,10000,500,100
43.0,18.95,82500,1553796.0,18.95,18.94,18.93,18.91,18.9,18.89,18.88,18.82,18.81,18.78,18.96,18.98,18.99,19.0,19.05,19.11,19.16,19.18,19.2,19.25,1200,600,100,700,4000,3400,3000,4900,1500,800,400,200,200,2200,400,200,1300,10000,500,100
44.0,18.96,82900,1561380.0,18.95,18.94,18.93,18.91,18.9,18.89,18.88,18.82,18.81,18.78,18.96,18.98,18.99,19.0,19.05,19.11,19.16,19.18,19.2,19.25,1200,600,100,700,4000,3400,3000,4900,1500,800,100,200,200,2200,400,200,1300,10000,500,100
45.0,18.98,83100,1565174.0,18.95,18.94,18.93,18.91,18.9,18.89,18.88,18.82,18.81,18.78,18.98,18.99,19.0,19.05,19.11,19.16,19.18,19.2,19.25,19.3,1200,600,100,700,4000,3400,3000,4900,1500,800,100,200,2200,400,200,1300,10000,500,100,500
46.0,18.98,83100,1565174.0,18.95,18.94,18.93,18.91,18.9,18.89,18.88,18.82,18.81,18.78,18.98,18.99,19.0,19.05,19.11,19.16,19.18,19.2,19.25,19.3,1200,600,100,700,4000,3400,3000,4900,1500,800,100,200,2200,400,200,1300,10000,500,100,500
47.0,18.95,84700,1595494.0,18.94,18.93,18.91,18.9,18.89,18.88,18.82,18.81,18.78,18.71,18.95,18.98,18.99,19.0,19.05,19.11,19.16,19.18,19.2,19.25,600,100,700,4000,3400,3000,4900,1500,800,6500,6400,100,200,2200,400,200,1300,10000,500,100
48.0,18.95,84700,1595494.0,18.94,18.93,18.91,18.9,18.89,18.88,18.82,18.81,18.78,18.71,18.95,18.98,18.99,19.0,19.05,19.11,19.16,19.18,19.2,19.25,600,100,700,4000,3400,3000,4900,1500,800,6500,6400,100,200,2200,400,200,1300,10000,500,100
49.0,18.94,85300,1606858.0,18.93,18.91,18.9,18.89,18.88,18.82,18.81,18.78,18.71,18.7,18.94,18.95,18.98,18.99,19.0,19.05,19.11,19.16,19.18,19.2,100,700,4000,3400,3000,4900,1500,800,6500,3900,600,6900,100,200,2200,400,200,1300,10000,500
50.0,18.94,85600,1612540.0,18.93,18.91,18.9,18.89,18.88,18.82,18.81,18.78,18.71,18.7,18.94,18.95,18.98,18.99,19.0,19.05,19.11,19.16,19.18,19.2,100,700,4000,3400,3000,4900,1500,800,6500,3900,300,6900,100,200,2200,400,200,1300,10000,500
51.0,18.94,85700,1614434.0,18.93,18.91,18.9,18.89,18.88,18.82,18.81,18.78,18.71,18.7,18.94,18.95,18.98,18.99,19.0,19.05,19.11,19.16,19.18,19.2,100,700,4000,2500,3000,4900,1500,800,6500,3900,200,6900,100,200,2200,400,200,1300,10000,500
52.0,18.93,85800,1616327.0,18.91,18.9,18.89,18.88,18.82,18.81,18.78,18.71,18.7,18.69,18.93,18.94,18.95,18.98,18.99,19.0,19.05,19.11,19.16,19.18,900,4000,2500,3000,4900,1500,800,6500,3900,7000,100,200,6900,3700,200,2200,400,200,1300,10000
53.0,18.95,86200,1623903.0,18.93,18.91,18.9,18.89,18.88,18.82,18.81,18.78,18.71,18.7,18.95,18.98,18.99,19.0,19.05,19.11,19.16,19.18,19.2,19.25,300,900,4000,1300,3000,4900,1500,800,6500,3900,6800,3700,200,2200,400,200,1300,10000,500,100
54.0,18.95,86200,1623903.0,18.93,18.91,18.9,18.89,18.88,18.82,18.81,18.78,18.71,18.7,18.94,18.95,18.98,18.99,19.0,19.05,19.11,19.16,19.18,19.2,300,900,4000,900,3000,4900,1500,800,6500,3900,1000,6800,3700,200,2200,400,200,1300,10000,500
55.0,18.94,86300,1625797.0,18.93,18.91,18.9,18.89,18.88,18.82,18.81,18.78,18.71,18.7,18.94,18.95,18.98,18.99,19.0,19.05,19.11,19.16,19.18,19.2,300,900,4000,900,3000,4900,1500,800,6500,3900,900,6800,3900,200,2200,400,200,1300,10000,500
56.0,18.94,86300,1625797.0,18.93,18.91,18.9,18.89,18.88,18.82,18.81,18.78,18.71,18.7,18.94,18.95,18.98,18.99,19.0,19.05,19.11,19.16,19.18,19.2,300,900,4000,900,3000,4900,1500,800,6500,3900,900,6800,3900,200,2200,400,200,1300,10000,500
57.0,18.94,87100,1640949.0,18.93,18.91,18.9,18.89,18.88,18.82,18.81,18.78,18.71,18.7,18.94,18.95,18.98,18.99,19.0,19.05,19.11,19.16,19.18,19.2,300,900,4000,900,3000,4900,1500,800,6500,3900,100,6800,3900,200,2200,400,200,1300,10000,500
58.0,18.94,87200,1642843.0,18.94,18.93,18.91,18.9,18.89,18.88,18.82,18.81,18.78,18.71,18.95,18.98,18.99,19.0,19.05,19.11,19.16,19.18,19.2,19.25,1300,300,900,4000,900,3000,4900,1500,800,6500,6800,3900,200,2200,400,200,1300,10000,500,100
59.0,18.94,87200,1642843.0,18.94,18.93,18.91,18.9,18.89,18.88,18.82,18.81,18.78,18.71,18.95,18.98,18.99,19.0,19.05,19.11,19.16,19.18,19.2,19.25,1300,500,900,4000,900,3000,4900,1500,800,6500,6800,3900,200,2200,400,200,1300,10000,500,100
60.0,18.94,87200,1642843.0,18.94,18.93,18.91,18.9,18.89,18.88,18.82,18.81,18.78,18.71,18.95,18.98,18.99,19.0,19.05,19.11,19.16,19.18,19.2,19.25,1400,700,900,4000,900,3000,4900,1500,800,6500,6800,3900,200,2200,400,200,1300,10000,500,100
61.0,18.95,87600,1650423.0,18.94,18.93,18.91,18.9,18.89,18.88,18.82,18.81,18.78,18.71,18.95,18.98,18.99,19.0,19.05,19.11,19.16,19.18,19.2,19.25,2400,900,900,4000,900,3000,4900,1500,800,6500,6400,3900,200,2200,400,200,1300,10000,500,100
62.0,18.94,90300,1701561.0,18.93,18.91,18.9,18.89,18.88,18.82,18.81,18.78,18.71,18.7,18.94,18.95,18.98,18.99,19.0,19.05,19.11,19.16,19.18,19.2,2300,900,4000,900,3000,4900,1500,800,6500,3900,1100,6400,3900,200,2200,400,200,1300,10000,500
63.0,18.94,90500,1705349.0,18.93,18.91,18.9,18.89,18.88,18.82,18.81,18.78,18.71,18.7,18.94,18.95,18.98,18.99,19.0,19.05,19.11,19.16,19.18,19.2,2300,900,4000,900,3000,4900,1500,800,6500,3900,900,6400,3900,200,2200,400,200,1300,10000,500
64.0,18.94,91100,1716711.0,18.93,18.91,18.9,18.89,18.88,18.82,18.81,18.78,18.71,18.7,18.94,18.95,18.98,18.99,19.0,19.05,19.11,19.16,19.18,19.2,2100,900,4000,900,3000,4900,1500,800,6500,3900,500,6400,3900,200,2200,1100,200,1300,10000,500
65.0,18.95,92600,1745127.0,18.93,18.91,18.9,18.89,18.88,18.82,18.81,18.78,18.71,18.7,18.95,18.98,18.99,19.0,19.05,19.11,19.16,19.18,19.2,19.25,2100,900,4000,900,3000,4900,1500,800,6500,3900,5800,3700,200,2200,1100,200,1300,10000,500,100
66.0,18.95,92600,1745127.0,18.94,18.93,18.91,18.9,18.89,18.88,18.82,18.81,18.78,18.71,18.95,18.98,18.99,19.0,19.05,19.11,19.16,19.18,19.2,19.25,500,2100,900,4000,900,3000,4900,1500,800,6500,5800,3700,200,2200,1100,200,1300,10000,500,100
67.0,18.93,96400,1817084.0,18.94,18.91,18.9,18.89,18.88,18.82,18.81,18.78,18.71,18.7,18.95,18.98,18.99,19.0,19.05,19.11,19.16,19.18,19.2,19.25,300,900,4000,900,3000,4900,1500,800,6500,3900,5000,3700,200,2200,1100,200,1300,10000,500,100
68.0,18.94,96800,1824660.0,18.91,18.9,18.89,18.88,18.82,18.81,18.78,18.71,18.7,18.69,18.94,18.95,18.98,18.99,19.0,19.05,19.11,19.16,19.18,19.2,900,4000,900,3000,4900,1500,800,6400,3900,7000,700,5000,3700,200,2200,1100,200,1300,10000,500
69.0,18.94,96800,1824660.0,18.91,18.9,18.89,18.88,18.82,18.81,18.78,18.71,18.7,18.69,18.94,18.95,18.98,18.99,19.0,19.05,19.11,19.16,19.18,19.2,1000,4000,900,3000,4900,1500,800,6400,3900,7000,700,5000,3700,200,2200,1100,200,1300,10000,500
70.0,18.94,96800,1824660.0,18.92,18.91,18.9,18.89,18.88,18.82,18.81,18.78,18.71,18.7,18.94,18.95,18.98,18.99,19.0,19.05,19.11,19.16,19.18,19.2,200,1000,4000,900,3000,4900,1500,800,6400,3900,700,5000,3700,200,2200,1100,200,1300,10000,500
71.0,18.95,102400,1930773.0,18.94,18.93,18.92,18.91,18.9,18.89,18.88,18.82,18.81,18.78,18.95,18.98,18.99,19.0,19.05,19.11,19.16,19.18,19.2,19.25,200,500,200,1000,4300,900,3000,4900,1500,800,100,3700,200,2200,1100,200,1300,10000,500,100
72.0,18.95,102400,1930773.0,18.94,18.93,18.92,18.91,18.9,18.89,18.88,18.82,18.81,18.78,18.95,18.98,18.99,19.0,19.05,19.11,19.16,19.18,19.2,19.25,200,500,200,1000,4300,900,3000,4900,1500,800,13500,3700,200,2200,1100,200,1300,10000,500,100
73.0,18.94,102500,1932667.0,18.94,18.93,18.92,18.91,18.9,18.89,18.88,18.82,18.81,18.78,18.95,18.98,18.99,19.0,19.05,19.11,19.16,19.18,19.2,19.25,100,500,200,1000,4300,900,3000,4900,1500,800,13500,3700,200,2200,1100,200,1300,10000,500,100
74.0,18.91,103500,1951592.0,18.94,18.91,18.9,18.89,18.88,18.82,18.81,18.78,18.71,18.7,18.95,18.98,18.99,19.0,19.05,19.11,19.16,19.18,19.2,19.25,100,700,4300,900,3000,4900,1500,800,6400,3900,13500,3700,200,2200,1100,200,1300,10000,500,100
75.0,18.94,103600,1953486.0,18.91,18.9,18.89,18.88,18.82,18.81,18.78,18.71,18.7,18.69,18.92,18.95,18.98,18.99,19.0,19.05,19.11,19.16,19.18,19.2,700,4300,900,3000,4900,1500,800,6400,3900,7000,11900,13500,3700,200,2200,1100,200,1300,10000,500
76.0,18.94,103600,1953486.0,18.91,18.9,18.89,18.88,18.82,18.81,18.78,18.71,18.7,18.69,18.92,18.95,18.98,18.99,19.0,19.05,19.11,19.16,19.18,19.2,700,4300,900,3000,4900,1500,800,6400,3900,7000,11900,13500,3700,200,2200,1100,200,1300,10000,500
77.0,18.92,115500,2178634.0,18.92,18.91,18.9,18.89,18.88,18.82,18.81,18.78,18.71,18.7,18.95,18.98,18.99,19.0,19.05,19.11,19.16,19.18,19.2,19.25,1400,700,4300,900,3000,4900,1500,600,6400,3900,14000,3700,800,2200,1100,200,1300,10000,500,100
78.0,18.95,116200,2191899.0,18.94,18.92,18.91,18.9,18.89,18.88,18.82,18.81,18.78,18.71,18.95,18.98,18.99,19.0,19.05,19.11,19.16,19.18,19.2,19.25,100,2200,700,4300,900,3000,4900,1500,600,6400,13300,3700,800,2200,1100,200,1300,10000,500,100
79.0,18.94,116400,2195687.0,18.92,18.91,18.9,18.89,18.88,18.82,18.81,18.78,18.71,18.7,18.95,18.98,18.99,19.0,19.05,19.11,19.16,19.18,19.2,19.25,800,700,4300,900,3000,4900,1500,600,6400,3900,13300,3700,800,2200,1100,200,1300,10000,500,100
80.0,18.95,117600,2218427.0,18.92,18.91,18.9,18.89,18.88,18.82,18.81,18.78,18.71,18.7,18.95,18.98,18.99,19.0,19.05,19.11,19.16,19.18,19.2,19.25,1200,700,4300,900,3000,4900,1500,600,6400,3900,12100,3700,800,3200,1100,200,1300,10000,500,100
81.0,18.95,117600,2218427.0,18.92,18.91,18.9,18.89,18.88,18.82,18.81,18.78,18.71,18.7,18.95,18.98,18.99,19.0,19.05,19.11,19.16,19.18,19.2,19.25,1200,700,4300,900,3000,4900,1500,600,6400,3900,12100,3700,800,3200,1100,200,1300,10000,500,100
82.0,18.95,117600,2218427.0,18.94,18.93,18.92,18.91,18.9,18.89,18.88,18.82,18.81,18.78,18.95,18.98,18.99,19.0,19.05,19.11,19.16,19.18,19.2,19.25,200,200,600,700,4300,900,3000,4900,1500,600,12300,3700,800,3200,1100,200,1300,10000,500,100
83.0,18.95,118100,2227902.0,18.94,18.93,18.92,18.91,18.9,18.89,18.88,18.82,18.81,18.78,18.95,18.98,18.99,19.0,19.05,19.11,19.16,19.18,19.2,19.25,200,200,600,700,4000,900,3000,4900,1500,600,11800,3700,800,3200,1100,200,1300,10000,500,100
84.0,18.95,118100,2227902.0,18.94,18.93,18.92,18.91,18.9,18.89,18.88,18.82,18.81,18.78,18.95,18.98,18.99,19.0,19.05,19.11,19.16,19.18,19.2,19.25,200,200,1100,700,4000,900,3000,4900,1500,600,11800,3700,800,3200,1100,200,1300,10000,500,100
85.0,18.95,118100,2227902.0,18.94,18.93,18.92,18.91,18.9,18.89,18.88,18.82,18.81,18.78,18.95,18.98,18.99,19.0,19.05,19.11,19.16,19.18,19.2,19.25,200,200,1100,700,4000,900,3000,4900,1500,600,11800,3700,800,3200,1100,200,1300,10000,500,100
86.0,18.95,119400,2252537.0,18.94,18.93,18.92,18.91,18.9,18.89,18.88,18.82,18.81,18.78,18.95,18.98,18.99,19.0,19.05,19.11,19.16,19.18,19.2,19.25,200,200,1100,700,4000,900,3000,4900,1500,600,10500,3700,800,3200,1100,200,1300,10000,500,100
87.0,18.95,120300,2269592.0,18.94,18.93,18.92,18.91,18.9,18.89,18.88,18.82,18.81,18.78,18.95,18.98,18.99,19.0,19.05,19.11,19.16,19.18,19.2,19.25,200,200,1100,700,4000,900,3000,4900,1500,600,9600,3700,800,3200,1100,200,1300,10000,500,100
88.0,18.95,122500,2311282.0,18.94,18.93,18.92,18.91,18.9,18.89,18.88,18.82,18.81,18.78,18.95,18.98,18.99,19.0,19.05,19.11,19.16,19.18,19.2,19.25,200,200,1100,500,4000,900,3000,4900,1500,600,7400,3700,800,3200,17500,200,1300,10000,500,100
89.0,18.95,123100,2322652.0,18.94,18.93,18.92,18.91,18.9,18.89,18.88,18.82,18.81,18.78,18.95,18.98,18.99,19.0,19.05,19.11,19.16,19.18,19.2,19.25,400,200,1100,500,4000,900,3000,4900,1500,600,6800,3700,800,3200,17500,200,1300,10000,500,100
90.0,18.95,123600,2332127.0,18.94,18.93,18.92,18.91,18.9,18.89,18.88,18.82,18.81,18.78,18.95,18.98,18.99,19.0,19.05,19.11,19.16,19.18,19.2,19.25,400,200,1100,500,4000,900,3000,4900,1500,600,6300,3700,800,3200,17500,200,1300,10000,500,100
91.0,18.94,124400,2347283.0,18.93,18.92,18.91,18.9,18.89,18.88,18.82,18.81,18.78,18.71,18.94,18.95,18.98,18.99,19.0,19.05,19.11,19.16,19.18,19.2,200,1100,500,4000,900,3000,4900,1500,600,6400,600,5900,3700,800,18200,17500,200,1300,10000,500
92.0,18.95,126000,2377597.0,18.93,18.92,18.91,18.9,18.89,18.88,18.82,18.81,18.78,18.71,18.95,18.98,18.99,19.0,19.05,19.11,19.16,19.18,19.2,19.25,200,1100,500,4000,900,3000,4900,1500,600,6400,6100,3700,800,18200,17500,200,1300,10000,500,100
93.0,18.94,127000,2396537.0,18.93,18.92,18.91,18.9,18.89,18.88,18.82,18.81,18.78,18.71,18.94,18.95,18.98,18.99,19.0,19.05,19.11,19.16,19.18,19.2,200,1100,500,4000,900,3000,4900,1500,600,6400,1100,6100,3700,800,18200,17500,200,1300,10000,1500
94.0,18.94,127700,2409795.0,18.93,18.92,18.91,18.9,18.89,18.88,18.82,18.81,18.78,18.71,18.94,18.95,18.98,18.99,19.0,19.05,19.11,19.16,19.18,19.2,200,1100,500,4000,900,3000,4900,1500,600,6400,400,6100,3700,800,18200,17500,200,1300,10000,1500
95.0,18.94,127700,2409795.0,18.93,18.92,18.91,18.9,18.89,18.88,18.82,18.81,18.78,18.71,18.94,18.95,18.98,18.99,19.0,19.05,19.11,19.16,19.18,19.2,200,1100,500,4000,900,3000,4900,1500,600,6400,400,6100,3700,800,18200,17500,200,1300,10000,1500
96.0,18.95,128300,2421161.0,18.93,18.92,18.91,18.9,18.89,18.88,18.82,18.81,18.78,18.71,18.94,18.95,18.98,18.99,19.0,19.05,19.11,19.16,19.18,19.2,200,1100,500,4000,900,3000,4900,1500,600,6400,500,5900,3700,800,18200,17500,200,1300,10000,1500
97.0,18.95,129300,2440106.0,18.93,18.92,18.91,18.9,18.89,18.88,18.82,18.81,18.78,18.71,18.95,18.98,18.99,19.0,19.05,19.11,19.16,19.18,19.2,19.25,200,1100,500,4000,900,3000,4900,1500,600,6400,5400,3700,1300,18200,17500,200,1300,10000,1500,100
98.0,18.95,131000,2472321.0,18.93,18.92,18.91,18.9,18.89,18.88,18.82,18.81,18.78,18.71,18.95,18.98,18.99,19.0,19.05,19.11,19.16,19.18,19.2,19.25,200,1100,500,4000,900,3000,4900,1500,600,6400,3700,3700,1300,18200,17500,200,1300,10000,1500,100
99.0,18.95,131000,2472321.0,18.93,18.92,18.91,18.9,18.89,18.88,18.82,18.81,18.78,18.71,18.95,18.98,18.99,19.0,19.05,19.11,19.16,19.18,19.2,19.25,1200,1100,500,4000,900,3000,4900,1500,600,6400,3700,3700,1300,18200,17500,200,1300,10000,1500,100
100.0,18.95,134700,2542436.0,18.96,18.95,18.93,18.92,18.91,18.9,18.89,18.88,18.82,18.81,18.98,18.99,19.0,19.05,19.11,19.16,19.18,19.2,19.25,19.28,600,3000,1200,1100,500,4000,900,2200,4900,1500,3700,1300,18200,17500,200,1300,10000,1500,100,1000
101.0,18.96,134800,2544332.0,18.96,18.95,18.93,18.92,18.91,18.9,18.89,18.88,18.82,18.81,18.98,18.99,19.0,19.05,19.11,19.16,19.18,19.2,19.25,19.28,700,3000,1200,1100,500,4000,900,2200,4900,1500,3700,1300,18200,17500,200,1300,10000,1500,100,1000
102.0,18.96,134800,2544332.0,18.96,18.95,18.93,18.92,18.91,18.9,18.89,18.88,18.82,18.81,18.98,18.99,19.0,19.05,19.11,19.16,19.18,19.2,19.25,19.28,1200,3000,1200,1100,500,4000,900,2200,4900,1500,3700,1300,18400,17500,200,1300,10000,1500,100,1000
103.0,18.96,134800,2544332.0,18.96,18.95,18.93,18.92,18.91,18.9,18.89,18.88,18.82,18.81,18.98,18.99,19.0,19.05,19.11,19.16,19.18,19.19,19.2,19.25,1300,2300,1200,1100,500,4000,900,2200,4900,1500,3700,1300,18400,17500,200,1300,10000,1000,1500,100
104.0,18.98,135100,2550026.0,18.96,18.95,18.93,18.92,18.91,18.9,18.89,18.88,18.82,18.81,18.98,18.99,19.0,19.05,19.11,19.16,19.18,19.19,19.2,19.25,1300,2300,1200,1100,500,4000,900,2200,4900,1500,3400,1300,18400,17500,200,1300,10000,1000,1500,100
105.0,18.98,135100,2550026.0,18.96,18.95,18.93,18.92,18.91,18.9,18.89,18.88,18.82,18.81,18.98,18.99,19.0,19.05,19.11,19.16,19.18,19.19,19.2,19.25,1300,2300,1200,1100,500,4000,900,2200,4900,1500,3400,1300,18400,17500,200,1300,10000,1000,1500,100
106.0,18.98,135300,2553822.0,18.96,18.95,18.93,18.92,18.91,18.9,18.89,18.88,18.82,18.81,18.98,18.99,19.0,19.05,19.11,19.16,19.18,19.19,19.2,19.25,1300,2300,1200,1100,500,4000,900,2000,4900,1500,3200,1300,18400,17500,200,1300,10000,1000,1500,100
107.0,18.98,135300,2553822.0,18.96,18.95,18.93,18.92,18.91,18.9,18.89,18.88,18.82,18.81,18.98,18.99,19.0,19.05,19.11,19.16,19.18,19.19,19.2,19.25,1300,2300,1200,600,500,4000,900,2000,4900,1500,3200,5500,18400,17500,200,1300,10000,1000,1500,100
108.0,18.98,135300,2553822.0,18.96,18.95,18.93,18.92,18.91,18.9,18.89,18.88,18.82,18.81,18.98,18.99,19.0,19.05,19.11,19.16,19.18,19.19,19.2,19.25,1300,2300,1200,600,500,4000,900,2000,4900,1500,3200,5500,18400,17500,200,1300,10000,1000,1500,100
109.0,18.98,135300,2553822.0,18.96,18.95,18.93,18.92,18.91,18.9,18.89,18.88,18.82,18.81,18.98,18.99,19.0,19.05,19.11,19.16,19.18,19.19,19.2,19.25,1300,7300,1200,600,500,4000,900,2000,4900,1500,3200,5500,18400,17500,200,1300,10000,1000,1500,100
110.0,18.98,135600,2559516.0,18.96,18.95,18.93,18.92,18.91,18.9,18.89,18.88,18.82,18.81,18.98,18.99,19.0,19.05,19.11,19.16,19.18,19.19,19.2,19.25,1300,7300,1200,600,500,4000,900,2000,4900,1500,2900,5500,18400,17500,200,1300,10000,1000,1500,100
111.0,18.98,135600,2559516.0,18.96,18.95,18.93,18.92,18.91,18.9,18.89,18.88,18.82,18.81,18.98,18.99,19.0,19.05,19.11,19.16,19.18,19.19,19.2,19.25,1300,7300,1200,600,500,4000,900,1300,4900,1500,2900,5500,18400,17500,200,1300,10000,1000,1500,100
112.0,18.98,136800,2582291.0,18.96,18.95,18.93,18.92,18.91,18.9,18.89,18.88,18.82,18.81,18.98,18.99,19.0,19.05,19.11,19.16,19.18,19.19,19.2,19.25,1300,7300,1200,600,500,4000,900,1300,4900,1500,1800,5500,18400,17500,200,1300,10000,1000,1500,100
113.0,18.98,136800,2582291.0,18.96,18.95,18.93,18.92,18.91,18.9,18.89,18.88,18.86,18.82,18.98,18.99,19.0,19.05,19.11,19.16,19.18,19.19,19.2,19.25,1100,7300,1200,600,500,4000,900,1300,400,4900,1800,5500,18400,17500,200,1300,10000,1000,1500,100
114.0,18.98,137600,2597475.0,18.97,18.96,18.95,18.93,18.92,18.91,18.9,18.89,18.88,18.86,18.98,18.99,19.0,19.05,19.11,19.16,19.18,19.19,19.2,19.25,300,1100,7300,1200,200,500,4000,900,1300,400,1000,5500,18400,17500,200,1300,10000,1000,1500,100
115.0,18.98,138000,2605067.0,18.97,18.96,18.95,18.93,18.92,18.91,18.9,18.89,18.88,18.86,18.98,18.99,19.0,19.05,19.11,19.18,19.19,19.2,19.25,19.26,300,1100,7300,1200,200,500,4000,900,1300,400,600,5500,21400,18500,200,10000,1000,1500,100,1000
116.0,18.98,138000,2605067.0,18.97,18.96,18.95,18.93,18.92,18.91,18.9,18.89,18.88,18.86,18.98,18.99,19.0,19.05,19.11,19.18,19.19,19.2,19.25,19.26,300,1000,7300,1200,200,500,4000,900,1300,400,600,5500,21400,18500,200,10000,1000,1500,100,1000
117.0,18.98,138000,2605067.0,18.97,18.96,18.95,18.93,18.92,18.91,18.9,18.89,18.88,18.86,18.98,18.99,19.0,19.05,19.11,19.18,19.19,19.2,19.25,19.26,300,1000,7300,1200,200,500,4000,900,1300,400,600,5500,21400,18500,200,10000,1000,1500,100,1000
118.0,18.98,138000,2605067.0,18.97,18.96,18.95,18.93,18.92,18.91,18.9,18.89,18.88,18.86,18.98,18.99,19.0,19.05,19.11,19.18,19.19,19.2,19.25,19.26,300,1000,7300,1200,200,500,4000,900,1300,400,600,5500,21400,18500,200,10000,1000,1500,100,1000
119.0,18.98,138000,2605067.0,18.97,18.96,18.95,18.93,18.92,18.91,18.9,18.89,18.88,18.86,18.98,18.99,19.0,19.05,19.11,19.18,19.19,19.2,19.25,19.26,300,1000,7300,200,200,500,4000,900,1300,400,600,5500,21400,18500,200,10000,1000,1500,100,1000
120.0,18.98,138000,2605067.0,18.97,18.96,18.95,18.93,18.92,18.91,18.9,18.89,18.88,18.86,18.98,18.99,19.0,19.05,19.11,19.18,19.19,19.2,19.25,19.26,300,1000,7300,200,200,500,4000,900,300,400,600,6500,21400,18500,200,10000,1000,1500,100,1000
121.0,18.96,141200,2665752.0,18.95,18.93,18.92,18.91,18.9,18.89,18.88,18.86,18.82,18.81,18.96,18.98,18.99,19.0,19.05,19.11,19.18,19.19,19.2,19.25,7300,200,200,500,4000,900,300,400,4900,1500,2300,100,6500,21400,18500,200,10000,1000,1500,100
122.0,18.96,141200,2665752.0,18.95,18.93,18.92,18.91,18.9,18.89,18.88,18.86,18.82,18.81,18.96,18.98,18.99,19.0,19.05,19.11,19.18,19.19,19.2,19.25,7300,200,200,500,4000,900,300,400,4900,1500,2300,100,6500,21400,18500,200,10000,1000,1500,100
123.0,18.96,141600,2673336.0,18.95,18.93,18.92,18.91,18.9,18.89,18.88,18.86,18.82,18.81,18.96,18.98,18.99,19.0,19.05,19.11,19.18,19.19,19.2,19.25,7300,200,200,500,4000,900,300,400,4900,1500,1900,300,6500,21400,18500,200,10000,1000,1500,100
124.0,18.96,142700,2694192.0,18.95,18.93,18.92,18.91,18.9,18.89,18.88,18.86,18.82,18.81,18.96,18.98,18.99,19.0,19.05,19.11,19.18,19.19,19.2,19.25,7300,200,200,1800,4000,900,300,400,4900,1500,800,500,6500,21400,18500,200,10000,1000,1500,100
125.0,18.96,143400,2707464.0,18.95,18.93,18.92,18.91,18.9,18.89,18.86,18.82,18.81,18.78,18.96,18.98,18.99,19.0,19.05,19.11,19.18,19.19,19.2,19.25,7300,200,200,1800,4000,900,400,4900,1500,600,100,500,8000,21400,18500,200,10000,1000,1500,100
126.0,18.96,143500,2709360.0,18.95,18.93,18.92,18.91,18.9,18.89,18.86,18.82,18.81,18.78,18.98,18.99,19.0,19.05,19.11,19.18,19.19,19.2,19.25,19.26,7300,200,200,1800,4000,900,400,4900,1500,600,500,8000,21400,18500,200,10000,1000,1500,100,1000
127.0,18.98,144000,2718850.0,18.98,18.96,18.95,18.93,18.92,18.91,18.9,18.89,18.86,18.82,18.99,19.0,19.05,19.11,19.18,19.19,19.2,19.25,19.26,19.28,1300,1200,7300,200,200,1800,4000,900,400,4900,8000,21400,18500,200,10000,1000,1500,100,1000,1000
128.0,18.98,144000,2718850.0,18.98,18.96,18.95,18.93,18.92,18.91,18.9,18.89,18.86,18.82,18.99,19.0,19.05,19.11,19.18,19.19,19.2,19.25,19.26,19.28,1300,4700,7300,200,200,1800,4000,900,400,4900,8000,21400,18500,200,10000,1000,1500,100,1000,1000
129.0,18.98,144000,2718850.0,18.98,18.96,18.95,18.93,18.92,18.91,18.9,18.89,18.86,18.82,18.99,19.0,19.05,19.11,19.18,19.19,19.2,19.25,19.26,19.28,1300,4700,7300,200,200,1800,4000,900,400,4900,8000,21400,18500,200,10000,1000,1500,100,1000,1000
130.0,18.99,152000,2870770.0,18.99,18.98,18.96,18.95,18.93,18.92,18.91,18.9,18.89,18.86,19.0,19.05,19.11,19.18,19.19,19.2,19.25,19.26,19.28,19.3,500,1600,4700,7300,200,200,1800,4000,900,400,21400,18500,200,10000,1000,1500,100,1000,1000,25500
131.0,19.0,154500,2918270.0,18.99,18.98,18.96,18.95,18.93,18.92,18.91,18.9,18.89,18.86,19.0,19.05,19.11,19.18,19.19,19.2,19.25,19.26,19.28,19.3,4400,1600,4900,7300,200,200,1800,4000,900,400,18900,18500,200,10000,1000,1500,100,1000,1000,25500
132.0,19.0,173400,3277370.0,19.01,19.0,18.99,18.98,18.96,18.95,18.93,18.92,18.91,18.9,19.05,19.11,19.18,19.19,19.2,19.25,19.26,19.28,19.3,19.35,800,800,4400,1600,4900,7300,200,200,1800,4000,18500,200,10000,1000,1500,100,1000,1000,25500,200
133.0,19.0,173400,3277370.0,19.01,19.0,18.99,18.98,18.96,18.95,18.93,18.92,18.91,18.9,19.05,19.11,19.18,19.19,19.2,19.25,19.26,19.28,19.3,19.35,1200,800,4100,1600,4900,7300,200,200,1800,4000,19100,200,10000,1000,1500,100,1000,1000,25500,200
134.0,19.05,173900,3286895.0,19.01,19.0,18.99,18.98,18.96,18.95,18.93,18.92,18.91,18.9,19.05,19.11,19.18,19.19,19.2,19.25,19.26,19.28,19.3,19.35,2500,200,2500,1600,4900,7300,200,200,1800,3400,19900,200,10000,1000,1500,100,1000,1000,25900,200
135.0,19.05,176300,3332615.0,19.01,19.0,18.99,18.98,18.96,18.95,18.93,18.92,18.91,18.9,19.05,19.11,19.18,19.19,19.2,19.25,19.26,19.28,19.3,19.35,2500,200,2300,1600,5100,7300,200,200,1800,600,18100,200,10000,1000,1500,100,1000,1000,25900,200
136.0,19.04,179500,3393565.0,19.01,19.0,18.99,18.98,18.96,18.95,18.93,18.92,18.91,18.89,19.05,19.11,19.18,19.19,19.2,19.25,19.26,19.28,19.3,19.35,4300,200,2300,1600,5100,7300,200,200,1800,900,17100,200,10000,1000,1500,100,1000,1000,25900,200
137.0,19.05,180500,3412615.0,19.01,19.0,18.99,18.98,18.96,18.95,18.93,18.92,18.91,18.89,19.05,19.11,19.18,19.19,19.2,19.25,19.26,19.28,19.3,19.35,4300,200,1300,1600,5100,7300,200,200,1800,900,16100,200,10000,1000,1500,100,1000,1000,25900,200
138.0,19.01,180900,3420219.0,19.01,19.0,18.99,18.98,18.96,18.95,18.93,18.92,18.91,18.89,19.05,19.11,19.18,19.19,19.2,19.25,19.26,19.28,19.3,19.35,4500,200,1300,1600,5100,7300,200,200,1800,900,16700,200,10000,1000,1500,100,1000,1000,25900,200
139.0,19.01,181100,3424021.0,19.01,18.99,18.98,18.96,18.95,18.93,18.92,18.91,18.89,18.86,19.05,19.11,19.18,19.19,19.2,19.25,19.26,19.28,19.3,19.35,5700,1300,1600,5100,7300,200,200,1800,900,400,18000,200,10000,1000,1500,100,1000,1000,25900,200
140.0,19.01,181100,3424021.0,19.01,19.0,18.99,18.98,18.96,18.95,18.93,18.92,18.91,18.89,19.04,19.05,19.11,19.18,19.19,19.2,19.25,19.26,19.28,19.3,5700,2100,1300,1600,8100,7300,200,200,1800,900,6000,18000,200,10000,1000,1500,100,1000,1000,25900
141.0,19.01,181600,3433526.0,19.01,19.0,18.99,18.98,18.96,18.95,18.93,18.92,18.91,18.89,19.04,19.05,19.11,19.18,19.19,19.2,19.25,19.26,19.28,19.3,5500,2100,1300,2800,8100,7300,200,200,1800,900,6300,18000,200,10000,1000,1500,100,1000,1000,25900
142.0,19.01,181600,3433526.0,19.01,19.0,18.99,18.98,18.96,18.95,18.93,18.92,18.91,18.89,19.04,19.05,19.11,19.18,19.19,19.2,19.25,19.26,19.28,19.3,5500,2100,1300,2800,8100,7300,200,200,1800,900,6300,18000,200,10000,1000,1500,100,1000,1000,25900
143.0,19.01,181600,3433526.0,19.01,19.0,18.99,18.98,18.96,18.95,18.93,18.92,18.91,18.89,19.04,19.05,19.11,19.18,19.19,19.2,19.25,19.26,19.28,19.3,5500,2100,1300,2800,8100,7300,200,200,1800,900,6300,18000,500,10000,1000,1500,100,1000,1000,25900
144.0,19.01,181600,3433526.0,19.01,19.0,18.99,18.98,18.96,18.95,18.93,18.92,18.91,18.86,19.04,19.05,19.11,19.18,19.19,19.2,19.25,19.26,19.28,19.3,5800,2100,1300,2800,8100,7300,200,200,1800,400,6600,18000,500,10000,1000,1500,100,1000,1000,25900
145.0,19.04,183000,3460167.0,19.01,19.0,18.99,18.98,18.96,18.95,18.93,18.92,18.91,18.86,19.04,19.05,19.11,19.18,19.19,19.2,19.25,19.26,19.28,19.3,7300,2100,1300,2800,8100,7400,200,200,1800,400,5700,18000,500,10000,1000,1500,100,1000,1000,25900
146.0,19.04,183000,3460167.0,19.01,19.0,18.99,18.98,18.96,18.95,18.93,18.92,18.91,18.86,19.04,19.05,19.11,19.18,19.19,19.2,19.25,19.26,19.28,19.3,7600,2100,1300,2800,8100,7400,200,200,1800,400,6000,18000,500,10000,1000,1500,100,1000,1000,25900
147.0,19.04,184000,3479207.0,19.01,19.0,18.99,18.98,18.96,18.95,18.93,18.92,18.91,18.86,19.04,19.05,19.11,19.18,19.19,19.2,19.25,19.26,19.28,19.3,7600,2100,1300,2800,8100,7400,200,200,1800,400,5000,18000,500,10000,1000,1500,100,1000,1000,25900
148.0,19.04,184000,3479207.0,19.01,19.0,18.99,18.98,18.96,18.95,18.93,18.92,18.91,18.86,19.03,19.04,19.05,19.11,19.18,19.19,19.2,19.25,19.26,19.28,7600,2100,1300,2800,7900,7400,200,200,1800,400,1000,5000,18000,500,10000,1000,1500,100,1000,1000
149.0,19.03,188400,3562863.0,19.01,18.99,18.98,18.96,18.95,18.93,18.92,18.91,18.86,18.82,19.03,19.04,19.05,19.11,19.18,19.19,19.2,19.25,19.26,19.28,3800,1300,2800,7900,7400,200,200,1800,400,4900,400,5000,18000,500,10000,1000,1500,100,1000,1000
150.0,19.01,190200,3597081.0,19.01,18.99,18.98,18.96,18.95,18.93,18.92,18.91,18.86,18.82,19.03,19.04,19.05,19.11,19.18,19.19,19.2,19.25,19.26,19.28,2000,1300,2800,7900,7400,200,200,1800,400,4900,400,5000,18000,500,11000,1000,1500,100,1000,1000
151.0,19.01,191300,3617992.0,19.01,18.99,18.98,18.96,18.95,18.93,18.92,18.91,18.86,18.82,19.03,19.04,19.05,19.11,19.18,19.19,19.2,19.25,19.26,19.28,900,1300,2800,7900,7400,200,200,1800,400,4900,400,5000,18000,500,11000,1000,1500,100,1000,1000
152.0,19.01,191800,3627497.0,19.01,18.99,18.98,18.96,18.95,18.93,18.92,18.91,18.86,18.82,19.03,19.04,19.05,19.11,19.18,19.19,19.2,19.25,19.26,19.28,400,1300,2800,7900,7400,200,200,1800,400,4900,400,5500,18000,500,11000,1000,1500,100,1000,1000
153.0,19.01,192400,3638907.0,18.99,18.98,18.96,18.95,18.93,18.92,18.91,18.86,18.82,18.81,19.01,19.03,19.04,19.05,19.11,19.18,19.19,19.2,19.25,19.26,1300,2800,7900,7400,200,200,1800,400,4900,1500,4600,200,5500,18000,500,11000,1000,1500,100,1000
154.0,19.01,192700,3644610.0,18.99,18.98,18.96,18.95,18.93,18.92,18.91,18.86,18.82,18.81,19.01,19.03,19.04,19.05,19.11,19.18,19.19,19.2,19.25,19.26,1300,2800,7900,7400,200,200,1800,400,4900,1500,4300,200,5500,18000,500,11000,1000,1500,100,1000
155.0,19.0,193000,3650309.0,18.99,18.98,18.96,18.95,18.93,18.92,18.91,18.86,18.82,18.81,19.0,19.01,19.03,19.04,19.05,19.11,19.18,19.19,19.2,19.25,1200,2800,7900,7400,200,200,1800,400,4900,1500,800,4300,200,5500,18000,500,11000,1000,1500,100
156.0,19.01,196000,3707331.0,18.99,18.98,18.96,18.95,18.93,18.92,18.91,18.86,18.82,18.81,19.01,19.03,19.04,19.05,19.11,19.18,19.19,19.2,19.25,19.26,1200,2800,7900,7400,200,200,1800,400,4900,1500,2100,200,5500,18000,500,11000,1000,1500,100,1000
157.0,19.01,196000,3707331.0,18.99,18.98,18.96,18.95,18.93,18.92,18.91,18.86,18.82,18.81,19.01,19.03,19.04,19.05,19.11,19.16,19.18,19.19,19.2,19.25,1200,2800,7900,7400,200,200,1800,400,4900,1500,2100,200,5500,18000,500,300,11000,1000,1500,100
158.0,19.01,196000,3707331.0,18.99,18.98,18.96,18.95,18.93,18.92,18.91,18.86,18.82,18.81,19.01,19.03,19.04,19.05,19.11,19.16,19.18,19.19,19.2,19.25,1200,2800,7900,7400,200,200,1800,400,4900,1500,2100,200,5500,18000,500,300,11000,1000,1500,100
159.0,19.01,196200,3711131.0,18.99,18.98,18.96,18.95,18.93,18.92,18.91,18.86,18.82,18.81,19.01,19.03,19.04,19.05,19.11,19.16,19.18,19.19,19.2,19.25,1100,2800,7900,7400,200,200,1800,400,4900,1500,2000,200,5500,18000,500,300,11000,1000,1500,100
160.0,19.01,196200,3711131.0,19.0,18.99,18.98,18.96,18.95,18.93,18.92,18.91,18.86,18.82,19.01,19.03,19.04,19.05,19.11,19.16,19.18,19.19,19.2,19.25,200,1100,2500,7900,7400,200,200,1800,400,4900,2100,200,5500,18000,500,300,11000,1000,1500,100
161.0,19.01,196200,3711131.0,19.0,18.99,18.98,18.96,18.95,18.93,18.92,18.91,18.86,18.82,19.01,19.03,19.04,19.05,19.11,19.16,19.18,19.19,19.2,19.25,200,1100,2500,7900,7400,200,200,1800,400,4900,2100,200,5500,18000,500,300,11000,1000,1500,100
162.0,19.01,196200,3711131.0,19.0,18.99,18.98,18.96,18.95,18.93,18.92,18.91,18.86,18.82,19.01,19.03,19.04,19.05,19.11,19.16,19.18,19.19,19.2,19.25,200,1100,2500,7900,7400,200,200,1800,400,4900,2100,200,5500,18000,500,300,11000,1000,1500,100
163.0,19.01,198300,3751052.0,19.01,19.0,18.99,18.98,18.96,18.95,18.93,18.92,18.91,18.86,19.03,19.04,19.05,19.1,19.11,19.16,19.18,19.19,19.2,19.25,3200,300,1100,2500,7900,7400,200,200,1800,400,200,5500,18000,500,500,300,11000,1000,1500,100
164.0,19.01,198600,3756755.0,19.01,19.0,18.99,18.98,18.96,18.95,18.93,18.92,18.91,18.86,19.03,19.04,19.05,19.1,19.11,19.16,19.18,19.19,19.2,19.25,2900,300,1100,2500,7900,7300,200,200,1800,400,1200,5500,18000,500,1500,300,11000,1000,1500,100
165.0,19.01,198600,3756755.0,19.01,19.0,18.99,18.98,18.97,18.96,18.95,18.93,18.92,18.91,19.03,19.04,19.05,19.08,19.1,19.11,19.16,19.18,19.19,19.2,2900,300,1100,2500,100,7900,7300,200,200,1800,1200,5500,18000,500,500,1500,300,11000,1000,1500
166.0,19.01,198800,3760557.0,19.01,19.0,18.99,18.98,18.97,18.96,18.95,18.93,18.92,18.91,19.03,19.04,19.05,19.08,19.1,19.11,19.16,19.18,19.19,19.2,2700,300,1100,2500,100,7900,7300,200,200,1800,1200,5500,18000,500,500,1500,300,11000,1000,1500
167.0,19.01,199100,3766260.0,19.01,19.0,18.99,18.98,18.97,18.96,18.95,18.93,18.92,18.91,19.03,19.04,19.05,19.08,19.1,19.11,19.16,19.18,19.19,19.2,2400,300,1100,2500,300,7900,7300,200,200,1800,1200,5500,18000,500,500,1500,300,11000,1000,1500
168.0,19.01,201500,3811884.0,19.0,18.99,18.98,18.97,18.96,18.95,18.93,18.92,18.91,18.86,19.01,19.03,19.04,19.05,19.08,19.1,19.11,19.16,19.18,19.19,300,1100,2500,300,40500,7300,200,200,1800,400,7600,1200,5500,18000,500,500,1500,300,11000,1000
169.0,19.01,201500,3811884.0,19.0,18.99,18.98,18.97,18.96,18.95,18.93,18.92,18.91,18.86,19.01,19.03,19.04,19.05,19.08,19.1,19.11,19.16,19.18,19.19,300,1100,2500,300,40500,7300,200,200,1800,400,7600,1200,5500,18000,500,500,1500,300,10000,1000
170.0,19.01,202600,3832795.0,19.0,18.99,18.98,18.97,18.96,18.95,18.93,18.92,18.91,18.86,19.01,19.03,19.04,19.05,19.08,19.1,19.11,19.16,19.18,19.19,300,1100,2500,300,40500,7300,200,200,1800,400,6500,1200,5000,18000,500,500,1500,300,10000,1000
171.0,19.01,209100,3956360.0,19.01,19.0,18.99,18.98,18.97,18.96,18.95,18.93,18.92,18.91,19.03,19.04,19.05,19.08,19.1,19.11,19.16,19.18,19.19,19.2,2700,600,1100,2500,300,40500,7300,200,200,1800,1200,5000,18000,500,500,1500,300,10000,1000,1500
172.0,19.01,209100,3956360.0,19.02,19.01,19.0,18.99,18.98,18.97,18.96,18.95,18.93,18.92,19.03,19.04,19.05,19.08,19.1,19.11,19.16,19.18,19.19,19.2,2200,2500,600,1100,2500,300,40500,7300,200,200,6200,5000,18000,500,500,1500,300,10000,1000,1500
173.0,19.03,210100,3975388.0,19.02,19.01,19.0,18.99,18.98,18.97,18.96,18.95,18.93,18.92,19.03,19.04,19.05,19.08,19.1,19.11,19.16,19.18,19.19,19.2,2000,2700,500,1100,2500,300,40500,7300,200,200,5400,5000,18000,500,500,1500,300,10000,1000,1500
174.0,19.03,210100,3975388.0,19.02,19.01,19.0,18.99,18.98,18.97,18.96,18.95,18.93,18.92,19.03,19.04,19.05,19.08,19.1,19.11,19.16,19.18,19.19,19.2,2000,2700,500,1100,2500,300,40500,7300,200,200,5400,5000,18000,500,500,1500,300,10000,1000,1500
175.0,19.03,210100,3975388.0,19.02,19.01,19.0,18.99,18.98,18.97,18.96,18.95,18.93,18.92,19.03,19.04,19.05,19.08,19.1,19.11,19.16,19.18,19.19,19.2,2000,2700,500,1100,2500,300,40500,7300,200,200,5400,5000,18000,500,500,1500,300,10000,1000,1500
176.0,19.03,214000,4049603.0,19.02,19.01,19.0,18.99,18.98,18.97,18.96,18.95,18.93,18.92,19.03,19.04,19.05,19.08,19.1,19.11,19.16,19.18,19.19,19.2,1800,2700,5500,1100,2500,300,40500,7300,200,200,1700,5000,18500,500,500,1500,300,10000,1000,1500
177.0,19.03,215700,4081954.0,19.03,19.02,19.01,19.0,18.99,18.98,18.97,18.96,18.95,18.93,19.04,19.05,19.08,19.1,19.11,19.16,19.18,19.19,19.2,19.25,400,1800,2700,5500,1100,2500,300,40500,7300,200,5000,18500,500,500,1500,300,10000,1000,1500,100
178.0,19.03,215700,4081954.0,19.03,19.02,19.01,19.0,18.99,18.98,18.97,18.96,18.95,18.93,19.04,19.05,19.08,19.1,19.11,19.16,19.18,19.19,19.2,19.25,700,1800,2700,5500,1100,2500,300,40500,7300,200,5000,18500,500,500,1500,300,10000,1000,1500,100
179.0,19.04,216400,4095282.0,19.03,19.02,19.01,19.0,18.99,18.98,18.97,18.96,18.95,18.93,19.04,19.05,19.08,19.1,19.11,19.16,19.18,19.19,19.2,19.25,2500,1800,2700,5500,1100,2500,300,40500,7300,200,4300,18500,500,500,1500,300,10000,1000,1500,100
180.0,19.03,216600,4099088.0,19.03,19.02,19.01,19.0,18.99,18.98,18.97,18.96,18.95,18.93,19.04,19.05,19.08,19.1,19.11,19.16,19.18,19.19,19.2,19.25,2300,1800,2700,5500,1100,2500,300,40500,7300,200,4300,18500,500,500,1500,300,10000,1000,1500,100
181.0,19.02,221200,4186607.0,19.01,19.0,18.99,18.98,18.96,18.95,18.93,18.92,18.91,18.86,19.02,19.04,19.05,19.08,19.1,19.11,19.16,19.18,19.19,19.2,2700,5500,1100,2500,40500,7300,200,200,1800,400,600,4100,18500,500,500,1500,300,10000,1000,1500
182.0,19.02,222200,4205622.0,19.01,19.0,18.99,18.98,18.96,18.95,18.93,18.92,18.91,18.86,19.02,19.04,19.05,19.08,19.1,19.11,19.16,19.18,19.19,19.2,2200,5500,1200,2500,40500,7300,200,200,1800,400,100,4100,18500,500,500,1500,300,10000,1000,1500
183.0,19.02,222200,4205622.0,19.01,19.0,18.99,18.98,18.96,18.95,18.93,18.92,18.91,18.86,19.02,19.04,19.05,19.08,19.1,19.11,19.16,19.18,19.19,19.2,2200,5500,1200,2500,40500,7300,200,200,1800,400,100,4100,18500,500,500,1500,300,10000,1000,1500
184.0,19.02,222500,4211326.0,19.01,19.0,18.99,18.98,18.96,18.95,18.93,18.92,18.91,18.86,19.04,19.05,19.08,19.1,19.11,19.16,19.18,19.19,19.2,19.25,2000,5500,1400,2500,40500,7300,200,200,1800,400,4100,18500,500,500,1500,300,10000,1000,1500,100
185.0,19.02,222500,4211326.0,19.02,19.01,19.0,18.99,18.98,18.96,18.95,18.93,18.92,18.91,19.03,19.04,19.05,19.08,19.1,19.11,19.16,19.18,19.19,19.2,1000,2000,5500,1400,2500,40500,7300,200,200,1800,2000,4100,18500,500,500,1500,300,10000,1000,1500
186.0,19.03,222600,4213229.0,19.02,19.01,19.0,18.99,18.98,18.96,18.95,18.93,18.92,18.91,19.03,19.04,19.05,19.08,19.1,19.11,19.16,19.18,19.19,19.2,1500,2000,5500,1400,2600,40500,7300,200,200,1800,1900,4100,18500,500,500,1500,300,10000,1000,2500
187.0,19.03,224000,4239870.0,19.02,19.01,19.0,18.99,18.98,18.96,18.95,18.93,18.92,18.91,19.03,19.04,19.05,19.08,19.1,19.11,19.16,19.18,19.19,19.2,1400,2000,5500,1400,2600,40500,7300,200,200,1800,1100,4100,18700,500,500,1500,300,10000,1000,2500
188.0,19.03,224600,4251288.0,19.02,19.01,19.0,18.99,18.98,18.96,18.95,18.93,18.92,18.91,19.03,19.04,19.05,19.08,19.1,19.11,19.16,19.18,19.19,19.2,1400,2000,5500,1400,2600,40500,7300,200,200,1800,500,4600,18700,500,500,1500,300,10000,1000,2500
189.0,19.03,224700,4253191.0,19.02,19.01,19.0,18.99,18.98,18.96,18.95,18.93,18.92,18.91,19.03,19.04,19.05,19.08,19.1,19.11,19.16,19.18,19.19,19.2,1400,2000,5500,1400,2600,40500,7300,200,200,1800,400,4600,18700,500,500,1500,300,10000,1000,2500
190.0,19.03,224900,4256997.0,19.02,19.01,19.0,18.99,18.98,18.96,18.95,18.93,18.92,18.91,19.03,19.04,19.05,19.08,19.1,19.11,19.16,19.18,19.19,19.2,1500,2000,5500,1400,2600,40500,7300,200,200,1800,200,5100,18700,500,500,1500,300,10000,1000,2500
191.0,19.03,225200,4262705.0,19.02,19.01,19.0,18.99,18.98,18.96,18.95,18.93,18.92,18.91,19.04,19.05,19.08,19.1,19.11,19.16,19.18,19.19,19.2,19.25,1400,2000,5500,600,2600,40500,7300,200,200,1800,5100,18700,500,500,1500,300,10000,1000,2500,100
192.0,19.02,226600,4289333.0,19.01,19.0,18.99,18.98,18.96,18.95,18.93,18.92,18.91,18.86,19.02,19.04,19.05,19.08,19.1,19.11,19.12,19.16,19.18,19.19,2000,5500,600,2600,40500,7300,200,200,1800,400,3600,5300,18700,500,500,1500,400,300,10000,1000
193.0,19.02,226600,4289333.0,19.01,19.0,18.99,18.98,18.96,18.95,18.93,18.92,18.91,18.86,19.02,19.04,19.05,19.08,19.1,19.11,19.12,19.16,19.18,19.19,2000,5500,600,2600,40500,7300,200,200,1800,400,3600,5300,18700,500,500,1500,400,300,10000,1000
194.0,19.01,227000,4296937.0,19.01,19.0,18.99,18.98,18.96,18.95,18.93,18.92,18.91,18.86,19.02,19.03,19.04,19.05,19.08,19.1,19.11,19.12,19.16,19.18,1600,5500,500,2600,40500,7300,200,200,1800,400,3600,3000,5300,18700,500,500,1500,400,300,10000
195.0,19.01,227100,4298838.0,19.01,19.0,18.99,18.98,18.96,18.95,18.93,18.92,18.91,18.86,19.02,19.03,19.04,19.05,19.08,19.1,19.11,19.12,19.16,19.18,1500,5500,500,2600,40500,7300,200,200,1800,400,3600,3000,5300,18700,500,500,1500,400,300,10000
196.0,19.01,227100,4298838.0,19.01,19.0,18.99,18.98,18.96,18.95,18.93,18.92,18.91,18.86,19.02,19.03,19.04,19.05,19.08,19.1,19.11,19.12,19.16,19.18,1500,5500,500,2600,40500,7400,200,200,1800,400,3600,3000,5300,18700,500,500,1500,400,300,10000
197.0,19.01,227100,4298838.0,19.01,19.0,18.99,18.98,18.96,18.95,18.93,18.92,18.91,18.86,19.02,19.03,19.04,19.05,19.08,19.1,19.11,19.12,19.16,19.18,1500,5500,500,2600,40500,7400,200,200,1800,400,3600,3000,5300,21200,500,500,1500,400,300,10000
198.0,19.01,227100,4298838.0,19.01,19.0,18.99,18.98,18.96,18.95,18.93,18.92,18.91,18.86,19.02,19.03,19.04,19.05,19.08,19.1,19.11,19.12,19.16,19.18,1500,5500,500,2600,40500,7400,200,200,1800,400,3600,3000,5300,21200,500,500,1500,400,300,10000
199.0,19.01,228600,4327353.0,19.0,18.99,18.98,18.96,18.95,18.93,18.92,18.91,18.86,18.82,19.01,19.02,19.03,19.04,19.05,19.08,19.1,19.11,19.12,19.16,5500,500,2600,40500,7400,200,200,1800,400,4900,400,5000,3000,5300,21200,500,500,1500,400,300
200.0,19.0,229300,4340653.0,19.0,18.99,18.98,18.96,18.95,18.93,18.92,18.91,18.86,18.82,19.01,19.02,19.03,19.04,19.05,19.08,19.1,19.11,19.12,19.16,4800,300,2600,40500,7400,200,200,1800,400,4900,400,5000,3000,5300,21200,500,500,1500,400,300
201.0,19.0,229300,4340653.0,19.0,18.99,18.98,18.96,18.95,18.93,18.92,18.91,18.86,18.82,19.01,19.02,19.03,19.04,19.05,19.08,19.1,19.11,19.12,19.16,4800,300,2600,40500,7400,200,200,1800,400,4900,400,5000,3000,5300,21200,500,500,1500,400,300
202.0,19.0,229700,4348253.0,19.0,18.99,18.98,18.96,18.95,18.93,18.92,18.91,18.86,18.82,19.01,19.02,19.03,19.04,19.05,19.08,19.1,19.11,19.12,19.16,4400,300,2600,40500,7400,200,200,1800,400,4900,1700,5000,3000,5300,21200,500,500,1500,400,300
203.0,18.99,234400,4437550.0,18.98,18.96,18.95,18.93,18.92,18.91,18.86,18.82,18.81,18.78,18.99,19.0,19.01,19.02,19.03,19.04,19.05,19.08,19.1,19.11,2600,40500,7400,200,200,1800,400,4900,1500,600,200,5600,1300,5000,3000,5300,21200,500,500,1500
204.0,18.99,234400,4437550.0,18.98,18.96,18.95,18.93,18.92,18.91,18.86,18.82,18.81,18.78,18.99,19.0,19.01,19.02,19.03,19.04,19.05,19.08,19.1,19.11,2600,40500,7400,200,200,1800,400,4900,1500,600,200,10200,1300,5100,3000,5300,21200,500,500,1500
205.0,18.99,234400,4437550.0,18.98,18.96,18.95,18.93,18.92,18.91,18.86,18.82,18.81,18.78,18.99,19.0,19.01,19.02,19.03,19.04,19.05,19.08,19.1,19.11,2600,40500,7400,200,200,1800,400,4900,1500,600,200,10200,1300,5100,3000,5300,21200,500,500,1500
206.0,18.98,235100,4450836.0,18.98,18.96,18.95,18.93,18.92,18.91,18.86,18.82,18.81,18.78,18.99,19.0,19.01,19.02,19.03,19.04,19.05,19.08,19.1,19.11,1900,40500,7400,200,200,1800,400,4900,1500,600,200,10200,2300,5100,3000,5300,21200,500,500,1500
207.0,18.98,235100,4450836.0,18.98,18.96,18.95,18.93,18.92,18.91,18.86,18.82,18.81,18.78,18.99,19.0,19.01,19.02,19.03,19.04,19.05,19.08,19.1,19.11,1900,40500,7300,200,200,1800,400,4900,1500,600,200,10200,2300,5100,3000,5300,21200,500,500,1500
208.0,18.98,236400,4475510.0,18.98,18.96,18.95,18.93,18.92,18.91,18.86,18.82,18.81,18.78,18.99,19.0,19.01,19.02,19.03,19.04,19.05,19.08,19.1,19.11,600,40500,7300,200,200,1800,400,4900,1500,600,200,11500,2300,5100,3000,5300,21200,500,500,1500
209.0,18.98,237000,4486898.0,18.96,18.95,18.93,18.92,18.91,18.86,18.82,18.81,18.78,18.71,18.98,18.99,19.0,19.01,19.02,19.03,19.04,19.05,19.08,19.1,40500,7300,200,200,1800,400,4900,1500,600,6400,800,3600,9500,2500,5100,4000,5300,21200,500,500
210.0,18.98,237000,4486898.0,18.96,18.95,18.93,18.92,18.91,18.86,18.82,18.81,18.78,18.71,18.98,18.99,19.0,19.01,19.02,19.03,19.04,19.05,19.08,19.1,40500,7300,200,200,1800,400,4900,1500,600,6400,800,3600,9500,2600,5100,4000,5300,21200,500,500
211.0,18.97,240400,4551396.0,18.97,18.96,18.95,18.93,18.92,18.91,18.86,18.82,18.81,18.78,18.98,18.99,19.0,19.01,19.02,19.03,19.04,19.05,19.08,19.1,1200,40500,7300,200,200,1800,400,4900,1500,600,800,3600,12500,2700,5100,4000,5400,21200,500,500
212.0,18.97,241100,4564675.0,18.97,18.96,18.95,18.93,18.92,18.91,18.86,18.82,18.81,18.78,18.98,18.99,19.0,19.01,19.02,19.03,19.04,19.05,19.08,19.1,500,40500,7300,200,200,1800,400,4900,1500,600,800,3600,12600,2700,5100,4000,5400,21200,500,500
213.0,18.97,241100,4564675.0,18.97,18.96,18.95,18.93,18.92,18.91,18.86,18.82,18.81,18.78,18.98,18.99,19.0,19.01,19.02,19.03,19.04,19.05,19.08,19.1,500,40500,7300,200,200,1800,400,4900,1500,600,800,3600,12600,2700,5100,4000,5400,21200,500,500
214.0,18.97,241100,4564675.0,18.97,18.96,18.95,18.93,18.92,18.91,18.86,18.82,18.81,18.78,18.98,18.99,19.0,19.01,19.02,19.03,19.04,19.05,19.08,19.1,500,40500,7300,200,200,1800,400,4900,1500,600,1000,3800,12600,2700,5100,4000,5400,21200,500,500
215.0,18.98,241500,4572267.0,18.97,18.96,18.95,18.93,18.92,18.91,18.86,18.82,18.81,18.78,18.98,18.99,19.0,19.01,19.02,19.03,19.04,19.05,19.08,19.1,1500,40500,7300,200,200,1800,400,4900,1500,600,600,3800,12600,2700,5100,4000,5400,21200,500,500
216.0,18.98,241500,4572267.0,18.97,18.96,18.95,18.93,18.92,18.91,18.86,18.82,18.81,18.78,18.98,18.99,19.0,19.01,19.02,19.03,19.04,19.05,19.08,19.1,1500,40500,7300,200,200,1800,400,4900,1500,600,600,3800,8400,2700,5100,4000,5400,21200,500,500
217.0,18.97,241600,4574164.0,18.97,18.96,18.95,18.93,18.92,18.91,18.86,18.82,18.81,18.78,18.98,18.99,19.0,19.01,19.02,19.03,19.04,19.05,19.08,19.1,1400,40500,7300,200,200,1800,400,4900,1500,600,600,3800,8400,2700,55100,4000,5400,21200,500,500
218.0,18.97,243000,4600722.0,18.96,18.95,18.93,18.92,18.91,18.86,18.82,18.81,18.78,18.71,18.97,18.98,18.99,19.0,19.01,19.02,19.03,19.04,19.05,19.08,40500,7300,200,200,1800,400,4900,1500,600,6400,300,600,3800,8400,2700,55100,4000,5400,21200,500
219.0,18.97,243000,4600722.0,18.96,18.95,18.93,18.92,18.91,18.86,18.82,18.81,18.78,18.71,18.97,18.98,18.99,19.0,19.01,19.02,19.03,19.04,19.05,19.08,40500,7300,200,200,1800,400,4900,1500,600,6400,300,600,3800,8900,2700,55100,4000,5400,21200,500
220.0,18.95,286900,5433046.0,18.95,18.93,18.92,18.91,18.86,18.82,18.81,18.78,18.71,18.7,18.96,18.97,18.98,18.99,19.0,19.01,19.02,19.03,19.04,19.05,5300,200,200,1800,400,4900,1500,600,6400,4400,11800,4300,200,4200,8900,2700,55100,4000,5400,21200
221.0,18.95,288700,5467156.0,18.95,18.93,18.92,18.91,18.86,18.82,18.81,18.78,18.71,18.7,18.96,18.97,18.98,18.99,19.0,19.01,19.02,19.03,19.04,19.05,3500,200,200,1800,400,4900,1500,600,6400,4400,11800,4300,200,4000,8900,2700,55100,4000,5400,21200
222.0,18.95,288700,5467156.0,18.95,18.93,18.92,18.91,18.86,18.82,18.81,18.78,18.71,18.7,18.96,18.97,18.98,18.99,19.0,19.01,19.02,19.03,19.04,19.05,3500,200,200,1800,400,4900,1500,600,6400,4400,11800,4300,200,4000,8900,2700,55100,4000,5400,21200
223.0,18.95,290100,5493686.0,18.95,18.93,18.92,18.91,18.86,18.82,18.81,18.78,18.71,18.7,18.96,18.97,18.98,18.99,19.0,19.01,19.02,19.03,19.04,19.05,2100,200,200,1800,400,4900,1500,600,6400,4400,11800,5300,200,4000,8900,2700,55100,4000,5400,21200
224.0,18.95,291500,5520222.0,18.95,18.93,18.92,18.91,18.86,18.82,18.81,18.78,18.71,18.7,18.96,18.97,18.98,18.99,19.0,19.01,19.02,19.03,19.04,19.05,1300,200,200,1800,400,4900,1500,600,6400,4400,10600,5300,200,4000,8900,2700,55100,4000,5400,21400
225.0,18.95,291500,5520222.0,18.95,18.93,18.92,18.91,18.86,18.82,18.81,18.78,18.71,18.7,18.96,18.97,18.98,18.99,19.0,19.01,19.02,19.03,19.04,19.05,1300,200,200,1800,400,4900,1500,600,6400,4400,10600,5300,200,4000,8900,2700,55100,4000,5400,21400
226.0,18.91,293500,5558100.0,18.91,18.86,18.82,18.81,18.78,18.71,18.7,18.69,18.68,18.67,18.94,18.95,18.96,18.97,18.98,18.99,19.0,19.01,19.02,19.03,1500,400,4900,1500,600,6400,4400,7000,7000,5000,1000,10700,9700,5300,200,4000,8900,2700,55100,4000
227.0,18.91,293600,5559991.0,18.91,18.86,18.82,18.81,18.78,18.71,18.7,18.69,18.68,18.67,18.94,18.95,18.96,18.97,18.98,18.99,19.0,19.01,19.02,19.03,1400,400,4900,1500,600,6400,4400,7000,7000,5000,1000,10700,9900,5300,200,4000,8900,2700,55100,4000
228.0,18.91,293800,5563773.0,18.91,18.86,18.82,18.81,18.78,18.71,18.7,18.69,18.68,18.67,18.94,18.95,18.96,18.97,18.98,18.99,19.0,19.01,19.02,19.03,1700,400,4900,1500,600,6400,4400,7000,7000,5000,1500,10700,9900,5300,200,4000,8900,2500,53600,4000
229.0,18.91,293800,5563773.0,18.91,18.86,18.82,18.81,18.78,18.71,18.7,18.69,18.68,18.67,18.94,18.95,18.96,18.97,18.98,18.99,19.0,19.01,19.02,19.03,1700,400,4900,1500,600,6400,4400,7000,7000,5000,1500,10700,9900,5300,200,4000,8900,2500,53600,4000
230.0,18.91,294100,5569446.0,18.91,18.86,18.82,18.81,18.78,18.71,18.7,18.69,18.68,18.67,18.94,18.95,18.96,18.97,18.98,18.99,19.0,19.01,19.02,19.03,2100,400,4900,1500,600,6400,4400,7000,7000,5000,2200,10700,9900,5300,200,4000,8900,2500,50000,4000
231.0,18.91,294800,5582689.0,18.91,18.86,18.82,18.81,18.78,18.71,18.7,18.69,18.68,18.67,18.94,18.95,18.96,18.97,18.98,18.99,19.0,19.01,19.02,19.03,2100,400,4900,1500,600,6400,4400,7000,7000,5000,2500,11200,9900,5300,200,4000,8900,2500,50000,4000
232.0,18.91,294800,5582689.0,18.91,18.86,18.82,18.81,18.78,18.71,18.7,18.69,18.68,18.67,18.94,18.95,18.96,18.97,18.98,18.99,19.0,19.01,19.02,19.03,2100,400,4900,1500,600,6400,4600,7000,7000,5000,2500,11200,9900,5300,200,4000,8900,2500,50000,4000
233.0,18.91,294800,5582689.0,18.91,18.86,18.82,18.81,18.78,18.71,18.7,18.69,18.68,18.67,18.94,18.95,18.96,18.97,18.98,18.99,19.0,19.01,19.02,19.03,2800,400,4900,1500,600,6400,4600,7000,7000,5000,3200,13200,9900,5300,200,4000,8900,2500,50000,4000
234.0,18.91,296000,5605381.0,18.91,18.86,18.82,18.81,18.78,18.71,18.7,18.69,18.68,18.67,18.94,18.95,18.96,18.97,18.98,18.99,19.0,19.01,19.02,19.03,2100,400,4900,1500,600,6400,4600,7000,7000,5000,3700,13200,9900,5300,200,4000,8900,2500,50000,4000
235.0,18.91,296000,5605381.0,18.91,18.86,18.82,18.81,18.78,18.71,18.7,18.69,18.68,18.67,18.94,18.95,18.96,18.97,18.98,18.99,19.0,19.01,19.02,19.03,2100,400,4900,1500,600,6400,4600,7000,7000,5000,3700,13200,200,5300,200,4000,8900,2500,50000,4000
236.0,18.91,296000,5605381.0,18.91,18.9,18.86,18.82,18.81,18.78,18.71,18.7,18.69,18.68,18.94,18.95,18.96,18.97,18.98,18.99,19.0,19.01,19.02,19.03,2800,800,400,4900,1500,600,6400,4600,7000,7000,4400,13200,200,5300,200,4000,8900,2500,50000,4000
237.0,18.91,297400,5631855.0,18.91,18.9,18.86,18.82,18.81,18.78,18.71,18.7,18.69,18.68,18.94,18.95,18.96,18.97,18.98,18.99,19.0,19.01,19.02,19.03,1900,800,400,4900,1500,600,6400,4600,7000,7000,4900,13200,200,5300,200,4000,8900,2500,50000,4000
238.0,18.91,297600,5635637.0,18.91,18.9,18.86,18.82,18.81,18.78,18.71,18.7,18.69,18.68,18.93,18.94,18.95,18.96,18.97,18.98,18.99,19.0,19.01,19.02,1700,800,400,4900,1500,600,6400,4600,7000,7000,400,4900,13200,200,5300,200,4000,8900,2500,50000
239.0,18.91,297600,5635637.0,18.91,18.9,18.86,18.82,18.81,18.78,18.71,18.7,18.69,18.68,18.93,18.94,18.95,18.96,18.97,18.98,18.99,19.0,19.01,19.02,1700,800,400,4900,1500,600,6400,4600,7000,7000,400,4900,13200,200,5300,200,4000,8900,2500,50000
240.0,18.91,297600,5635637.0,18.91,18.9,18.86,18.82,18.81,18.78,18.71,18.7,18.69,18.68,18.93,18.94,18.95,18.96,18.97,18.98,18.99,19.0,19.01,19.02,1700,800,400,4900,1500,600,6400,4600,7000,7000,400,4900,13200,200,5300,200,4000,8900,2500,50000
241.0,18.91,297900,5641310.0,18.91,18.9,18.86,18.82,18.81,18.78,18.71,18.7,18.69,18.68,18.93,18.94,18.95,18.96,18.97,18.98,18.99,19.0,19.01,19.02,1400,800,700,4900,1500,600,6400,4600,7000,7000,400,4900,13200,200,5300,200,4000,8900,2500,50000
242.0,18.91,298100,5645092.0,18.91,18.9,18.88,18.86,18.82,18.81,18.78,18.71,18.7,18.69,18.93,18.94,18.95,18.96,18.97,18.98,18.99,19.0,19.01,19.02,1200,800,100,700,4900,1500,600,6400,4600,7000,400,4900,13200,200,5300,200,4000,8900,2500,50000
243.0,18.93,298500,5652664.0,18.92,18.91,18.9,18.88,18.87,18.86,18.83,18.82,18.81,18.78,18.94,18.95,18.96,18.97,18.98,18.99,19.0,19.01,19.02,19.03,900,1200,800,100,500,700,300,4900,1500,600,4900,13200,200,1300,200,600,8900,2500,50000,4000
244.0,18.92,298700,5656448.0,18.92,18.91,18.9,18.88,18.87,18.86,18.83,18.82,18.81,18.78,18.94,18.95,18.96,18.97,18.98,18.99,19.0,19.01,19.02,19.03,1000,1200,800,100,700,700,300,4900,1500,600,4100,13200,200,1300,200,600,8900,2500,50000,4000
245.0,18.92,298800,5658340.0,18.92,18.91,18.9,18.88,18.87,18.86,18.83,18.82,18.81,18.78,18.94,18.95,18.96,18.97,18.98,18.99,19.0,19.01,19.02,19.03,900,1200,800,100,700,700,300,4900,1500,600,4100,13200,200,1300,200,600,8900,2500,50000,4000
246.0,18.92,298800,5658340.0,18.92,18.91,18.9,18.88,18.87,18.86,18.83,18.82,18.81,18.78,18.94,18.95,18.96,18.97,18.98,18.99,19.0,19.01,19.02,19.03,900,1200,800,200,700,700,300,4900,1500,600,4100,13200,200,1300,200,600,8900,2500,50000,4000
247.0,18.92,298900,5660232.0,18.92,18.91,18.9,18.88,18.87,18.86,18.83,18.82,18.81,18.78,18.94,18.95,18.96,18.97,18.98,18.99,19.0,19.01,19.02,19.03,900,1200,800,200,200,700,300,4900,1500,600,4100,13200,200,1300,200,600,8900,2500,50000,4000
248.0,18.92,299800,5677260.0,18.91,18.9,18.88,18.87,18.86,18.83,18.82,18.81,18.78,18.71,18.92,18.94,18.95,18.96,18.97,18.98,18.99,19.0,19.01,19.02,1200,800,200,200,700,300,4900,1500,600,6400,3800,4100,13200,200,1300,200,600,8900,2500,50000
249.0,18.91,299900,5679151.0,18.91,18.9,18.88,18.87,18.86,18.83,18.82,18.81,18.78,18.71,18.92,18.94,18.95,18.96,18.97,18.98,18.99,19.0,19.01,19.02,1100,800,200,200,700,300,4900,1500,600,6400,3800,4100,13200,200,1300,200,600,8900,2500,50000
250.0,18.91,299900,5679151.0,18.91,18.9,18.88,18.87,18.86,18.83,18.82,18.81,18.78,18.71,18.92,18.94,18.95,18.96,18.97,18.98,18.99,19.0,19.01,19.02,1100,800,200,200,700,300,4900,1500,600,6400,3800,4100,13200,200,1300,200,600,8900,2500,50000
251.0,18.91,299900,5679151.0,18.91,18.9,18.88,18.87,18.86,18.83,18.82,18.81,18.78,18.71,18.92,18.94,18.95,18.96,18.97,18.98,18.99,19.0,19.01,19.02,1100,800,200,200,700,300,4900,1500,600,6400,3800,4100,13200,200,1300,200,600,8900,1500,50000
252.0,18.91,300000,5681042.0,18.91,18.9,18.88,18.87,18.86,18.83,18.82,18.81,18.78,18.71,18.92,18.94,18.95,18.96,18.97,18.98,18.99,19.0,19.01,19.02,1000,800,200,200,700,300,4900,1500,600,6400,3800,4100,13200,200,1300,200,600,8900,1500,50000
253.0,18.9,301800,5715072.0,18.88,18.87,18.86,18.84,18.83,18.82,18.81,18.78,18.71,18.7,18.92,18.94,18.95,18.96,18.97,18.98,18.99,19.0,19.01,19.02,200,200,2200,1000,300,4900,1500,600,6400,4100,3800,4100,13200,200,1300,200,600,8900,1500,50000
254.0,18.9,301800,5715072.0,18.88,18.87,18.86,18.84,18.83,18.81,18.78,18.71,18.7,18.69,18.9,18.91,18.92,18.94,18.95,18.96,18.97,18.98,18.99,19.0,600,200,2200,1000,300,1500,600,6400,4100,7000,300,1000,4700,4100,13200,200,1300,200,600,8900
255.0,18.9,301800,5715072.0,18.88,18.87,18.86,18.84,18.83,18.81,18.78,18.71,18.7,18.69,18.9,18.91,18.92,18.94,18.95,18.96,18.97,18.98,18.99,19.0,600,200,2200,1000,300,1500,600,6400,4100,7000,300,1000,4700,4100,13200,200,300,200,600,8900
256.0,18.9,301800,5715072.0,18.88,18.87,18.86,18.83,18.81,18.78,18.71,18.7,18.69,18.68,18.89,18.9,18.92,18.94,18.95,18.96,18.97,18.98,18.99,19.0,600,200,2200,300,1500,600,6400,4100,7000,7000,1000,300,4700,4100,13200,200,300,200,600,8900
257.0,18.9,301800,5715072.0,18.88,18.87,18.86,18.83,18.81,18.78,18.71,18.7,18.69,18.68,18.89,18.9,18.92,18.94,18.95,18.96,18.97,18.98,18.99,19.0,600,200,2200,300,1500,600,6400,4100,7000,7000,1000,300,4700,4100,13200,200,300,200,600,8900
258.0,18.9,301800,5715072.0,18.88,18.87,18.86,18.83,18.81,18.78,18.71,18.7,18.69,18.68,18.89,18.9,18.92,18.94,18.95,18.96,18.97,18.98,18.99,19.0,600,200,2200,300,1500,600,6400,4100,7000,7000,1000,300,4700,4100,13200,200,300,200,600,8900
259.0,18.9,301800,5715072.0,18.88,18.87,18.86,18.83,18.81,18.78,18.71,18.7,18.69,18.68,18.89,18.92,18.94,18.95,18.96,18.97,18.98,18.99,19.0,19.01,600,200,2200,300,1500,600,6400,4100,7000,7000,1000,4700,4100,13700,200,300,200,600,8900,1500
260.0,18.9,301800,5715072.0,18.88,18.87,18.86,18.83,18.81,18.78,18.71,18.7,18.69,18.68,18.89,18.92,18.94,18.95,18.96,18.97,18.98,18.99,19.0,19.01,600,200,2200,300,1500,600,6400,4100,7000,7000,1000,4700,4100,13700,200,300,200,600,8900,1500
261.0,18.88,302100,5720736.0,18.88,18.87,18.86,18.83,18.81,18.78,18.71,18.7,18.69,18.68,18.89,18.92,18.94,18.95,18.96,18.97,18.98,18.99,19.0,19.01,300,200,2200,300,1500,600,6400,4100,7000,7000,1000,4700,4100,13700,200,300,200,600,8900,1500
262.0,18.88,302100,5720736.0,18.88,18.87,18.86,18.83,18.81,18.78,18.71,18.7,18.69,18.68,18.89,18.92,18.94,18.95,18.96,18.97,18.98,18.99,19.0,19.01,300,200,2800,300,1500,600,6400,4100,7000,7000,1000,4700,4100,13700,200,300,200,600,8900,1500
263.0,18.89,302200,5722625.0,18.88,18.87,18.86,18.83,18.81,18.78,18.71,18.7,18.69,18.68,18.89,18.92,18.94,18.95,18.96,18.97,18.98,18.99,19.0,19.01,300,200,2800,300,1500,600,6400,4100,7000,7000,900,4700,4100,13700,200,300,200,600,8900,1500
264.0,18.89,302200,5722625.0,18.88,18.87,18.86,18.83,18.81,18.78,18.71,18.7,18.69,18.68,18.89,18.92,18.94,18.95,18.96,18.97,18.98,18.99,19.0,19.01,300,200,3300,300,1500,600,6400,4100,7000,7000,900,4700,4100,13700,200,300,200,600,8900,1500
265.0,18.89,302200,5722625.0,18.88,18.87,18.86,18.83,18.81,18.78,18.71,18.7,18.69,18.68,18.89,18.92,18.94,18.95,18.96,18.97,18.98,18.99,19.0,19.01,300,200,3300,300,1500,600,6400,4100,7000,7000,900,4700,4100,13700,200,300,200,600,8900,1500
266.0,18.89,302200,5722625.0,18.88,18.87,18.86,18.83,18.81,18.78,18.71,18.7,18.69,18.68,18.89,18.92,18.94,18.95,18.96,18.97,18.98,18.99,19.0,19.01,300,200,3300,300,1500,600,6400,4600,7000,7000,900,4700,4100,13700,200,300,200,600,8900,1500
267.0,18.89,302200,5722625.0,18.88,18.87,18.86,18.84,18.83,18.81,18.78,18.71,18.7,18.69,18.89,18.92,18.94,18.95,18.96,18.97,18.98,18.99,19.0,19.01,300,200,3300,500,300,1500,600,6400,4600,7000,900,4700,4100,13700,200,300,200,600,8900,1500
268.0,18.89,303100,5739626.0,18.89,18.88,18.87,18.86,18.84,18.83,18.81,18.78,18.71,18.7,18.92,18.94,18.95,18.96,18.97,18.98,18.99,19.0,19.01,19.02,2200,300,200,2500,500,300,1500,600,6400,4600,4700,4100,13700,200,300,200,600,8900,1500,50000
269.0,18.9,307800,5828452.0,18.9,18.89,18.88,18.87,18.86,18.84,18.83,18.81,18.78,18.71,18.92,18.94,18.95,18.96,18.97,18.98,18.99,19.0,19.01,19.02,1500,1800,300,200,2500,500,300,1500,600,6400,4700,4100,13700,200,300,200,600,8900,1500,50000
270.0,18.92,308200,5836020.0,18.9,18.89,18.88,18.87,18.86,18.84,18.83,18.81,18.78,18.71,18.92,18.94,18.95,18.96,18.97,18.98,18.99,19.0,19.01,19.02,1500,1800,300,200,2500,500,300,1500,600,6400,4300,4100,13700,200,300,200,600,8900,1500,50000
271.0,18.92,308200,5836020.0,18.9,18.89,18.88,18.87,18.86,18.84,18.83,18.81,18.78,18.72,18.92,18.94,18.95,18.96,18.97,18.98,18.99,19.0,19.01,19.02,1500,1800,300,200,2500,500,300,1500,600,300,4300,4100,13700,200,300,200,600,8900,1500,50000
272.0,18.92,308200,5836020.0,18.9,18.89,18.88,18.87,18.86,18.84,18.83,18.81,18.78,18.72,18.92,18.94,18.95,18.96,18.97,18.98,18.99,19.0,19.01,19.02,1500,1800,300,200,2500,500,300,1500,600,300,4300,4100,13700,2500,300,200,600,8900,1500,50000
273.0,18.92,308600,5843588.0,18.9,18.89,18.88,18.87,18.86,18.84,18.83,18.81,18.78,18.72,18.92,18.94,18.95,18.96,18.97,18.98,18.99,19.0,19.01,19.02,1500,1800,300,200,2500,500,300,1500,600,300,3900,4100,13700,2500,300,200,600,8900,1500,50000
274.0,18.9,310100,5871938.0,18.89,18.88,18.87,18.86,18.84,18.83,18.81,18.78,18.72,18.71,18.9,18.92,18.94,18.95,18.96,18.97,18.98,18.99,19.0,19.01,1800,300,200,2500,500,300,1500,600,300,6700,200,3900,4100,13700,2500,300,200,600,8900,1500
275.0,18.9,310100,5871938.0,18.89,18.88,18.87,18.86,18.84,18.83,18.81,18.78,18.72,18.71,18.9,18.92,18.94,18.95,18.96,18.97,18.98,18.99,19.0,19.01,1800,300,200,2500,500,300,1500,600,300,6700,200,3900,4100,13700,2500,300,200,600,8900,1500
276.0,18.89,310200,5873827.0,18.89,18.88,18.87,18.86,18.84,18.83,18.81,18.78,18.72,18.71,18.9,18.92,18.94,18.95,18.96,18.97,18.98,18.99,19.0,19.01,1700,300,200,2500,500,300,1500,600,300,6700,200,3900,4100,13700,2500,300,200,600,8900,1500
277.0,18.9,310700,5883274.0,18.89,18.88,18.87,18.86,18.84,18.83,18.81,18.78,18.72,18.71,18.9,18.91,18.92,18.94,18.95,18.96,18.97,18.98,18.99,19.0,1400,300,200,2500,500,300,1500,600,300,6700,300,800,3900,4100,13700,2500,300,200,600,8900
278.0,18.9,310700,5883274.0,18.89,18.88,18.87,18.86,18.84,18.83,18.81,18.78,18.72,18.71,18.9,18.91,18.92,18.94,18.95,18.96,18.97,18.98,18.99,19.0,1400,300,200,2500,500,300,1500,600,300,6700,1700,800,3900,4100,13700,2500,300,200,600,8900
279.0,18.9,311100,5890834.0,18.89,18.88,18.87,18.86,18.84,18.83,18.81,18.78,18.72,18.71,18.9,18.91,18.92,18.94,18.95,18.96,18.97,18.98,18.99,19.0,1400,300,200,2500,500,300,1500,600,300,6700,4900,800,3900,4100,13700,2500,300,200,600,8900
280.0,18.9,311100,5890834.0,18.89,18.88,18.87,18.86,18.84,18.81,18.78,18.72,18.71,18.7,18.9,18.91,18.92,18.94,18.95,18.96,18.97,18.98,18.99,19.0,1400,300,200,2500,500,1500,600,300,6700,4600,4900,800,3900,4100,13700,2500,300,200,600,8900
281.0,18.9,311600,5900284.0,18.89,18.88,18.87,18.86,18.84,18.81,18.78,18.72,18.71,18.7,18.9,18.91,18.92,18.94,18.95,18.96,18.97,18.98,18.99,19.0,1400,300,200,2500,500,1500,600,300,6700,4600,4400,800,3900,4100,13700,2500,300,200,600,8900
282.0,18.9,311600,5900284.0,18.89,18.88,18.87,18.86,18.84,18.81,18.78,18.72,18.71,18.7,18.9,18.91,18.92,18.94,18.95,18.96,18.97,18.98,18.99,19.0,1400,300,200,2500,500,1500,600,300,6700,4600,4400,800,3900,4100,13700,2500,300,200,600,8900
283.0,18.9,312100,5909733.0,18.89,18.88,18.87,18.86,18.84,18.81,18.78,18.72,18.71,18.7,18.9,18.91,18.92,18.94,18.95,18.96,18.97,18.98,18.99,19.0,1300,300,200,2500,500,1500,600,300,6700,4600,4000,800,3900,4100,13700,2500,300,200,600,8900
284.0,18.89,312300,5913512.0,18.89,18.88,18.87,18.86,18.84,18.81,18.78,18.72,18.71,18.7,18.9,18.91,18.92,18.94,18.95,18.96,18.97,18.98,18.99,19.0,1200,300,200,1900,500,1500,600,300,6700,4600,3900,800,3900,4100,13700,2500,300,200,600,8900
285.0,18.89,312700,5921068.0,18.89,18.88,18.87,18.86,18.84,18.81,18.78,18.72,18.71,18.7,18.9,18.91,18.92,18.94,18.95,18.96,18.97,18.98,18.99,19.0,800,300,200,1900,500,1500,600,300,6700,4600,3900,800,3900,4100,13700,2500,300,200,600,8900
286.0,18.89,312700,5921068.0,18.89,18.88,18.87,18.86,18.84,18.81,18.78,18.72,18.71,18.7,18.9,18.91,18.92,18.94,18.95,18.96,18.97,18.98,18.99,19.0,800,300,200,1900,500,1500,600,300,6700,4600,3900,800,3900,4100,13700,2500,300,200,600,8900
287.0,18.89,312700,5921068.0,18.89,18.88,18.87,18.86,18.84,18.81,18.78,18.72,18.71,18.7,18.9,18.91,18.92,18.94,18.95,18.96,18.97,18.98,18.99,19.0,800,300,200,1900,500,1500,600,300,6700,4600,3900,800,3900,4100,13700,2500,300,200,600,8900
288.0,18.89,312800,5922957.0,18.89,18.88,18.87,18.86,18.84,18.81,18.78,18.72,18.71,18.7,18.9,18.91,18.92,18.94,18.95,18.96,18.97,18.98,18.99,19.0,700,300,200,1900,500,1500,600,300,6700,4600,3900,800,3900,4100,13700,2500,300,1200,600,8900
289.0,18.9,312900,5924847.0,18.89,18.88,18.87,18.86,18.84,18.81,18.78,18.72,18.71,18.7,18.9,18.91,18.92,18.94,18.95,18.96,18.97,18.98,18.99,19.0,700,300,200,1900,500,1500,600,300,6700,4600,3800,800,3900,4100,13700,2500,300,1200,600,8900
290.0,18.9,312900,5924847.0,18.89,18.88,18.87,18.86,18.84,18.81,18.78,18.72,18.71,18.7,18.9,18.91,18.92,18.94,18.95,18.96,18.97,18.98,18.99,19.0,700,300,200,1900,500,1500,600,300,6700,4600,4200,800,3900,4100,13700,2500,300,1200,600,8900
291.0,18.9,317100,6004227.0,18.9,18.89,18.88,18.87,18.86,18.84,18.81,18.8,18.78,18.72,18.91,18.92,18.94,18.95,18.96,18.97,18.98,18.99,19.0,19.01,1200,700,300,200,1900,500,1500,200,600,300,700,3900,4100,13700,2500,300,1200,600,8900,1500
292.0,18.9,317100,6004227.0,18.9,18.89,18.88,18.87,18.86,18.84,18.81,18.8,18.78,18.72,18.91,18.92,18.94,18.95,18.96,18.97,18.98,18.99,19.0,19.01,1200,700,300,200,1900,500,1500,200,600,300,700,3900,4100,13700,2500,300,1200,600,8900,1500
293.0,18.9,318100,6023127.0,18.9,18.89,18.88,18.87,18.86,18.84,18.81,18.8,18.78,18.72,18.91,18.92,18.94,18.95,18.96,18.97,18.98,18.99,19.0,19.01,200,700,300,200,1900,500,1500,200,600,300,700,3900,4100,13700,2500,300,1200,600,8900,1500
294.0,18.9,318100,6023127.0,18.9,18.89,18.88,18.87,18.86,18.84,18.81,18.8,18.78,18.72,18.91,18.92,18.94,18.95,18.96,18.97,18.98,18.99,19.0,19.01,200,700,300,200,1900,500,1500,200,600,300,700,3900,4100,13700,2500,300,1200,600,8900,1500
295.0,18.9,318100,6023127.0,18.9,18.89,18.88,18.87,18.86,18.84,18.81,18.8,18.78,18.72,18.91,18.92,18.94,18.95,18.96,18.97,18.98,18.99,19.0,19.01,200,700,300,200,1900,500,1500,200,600,300,700,3900,4100,13700,2500,300,1200,600,8900,1500
296.0,18.9,318100,6023127.0,18.9,18.89,18.88,18.87,18.86,18.84,18.81,18.8,18.78,18.72,18.91,18.92,18.94,18.95,18.96,18.97,18.98,18.99,19.0,19.01,200,700,300,200,1900,500,1500,200,600,300,700,3900,4100,13700,2500,300,1200,600,8900,1500
297.0,18.9,318100,6023127.0,18.9,18.89,18.88,18.87,18.86,18.84,18.81,18.8,18.78,18.72,18.91,18.92,18.94,18.95,18.96,18.97,18.98,18.99,19.0,19.01,200,700,300,200,1900,500,1500,200,600,300,700,3900,4100,13700,2500,300,1200,600,8900,1500
298.0,18.9,318100,6023127.0,18.9,18.89,18.88,18.87,18.86,18.84,18.81,18.8,18.78,18.72,18.91,18.92,18.94,18.95,18.96,18.97,18.98,18.99,19.0,19.01,200,700,300,200,1900,500,1500,200,600,300,700,3900,4100,13700,2500,300,1200,600,8900,1500
299.0,18.9,318200,6025017.0,18.9,18.89,18.88,18.87,18.86,18.84,18.81,18.8,18.78,18.72,18.91,18.92,18.94,18.95,18.96,18.97,18.98,18.99,19.0,19.01,100,700,300,200,1900,500,1500,200,600,300,800,3900,4100,13700,2500,300,1200,600,8900,1500
300.0,18.91,318300,6026908.0,18.9,18.89,18.88,18.87,18.86,18.84,18.81,18.8,18.78,18.72,18.91,18.92,18.94,18.95,18.96,18.97,18.98,18.99,19.0,19.01,100,700,300,200,1900,500,1500,200,600,300,700,3900,4100,13700,2500,300,1200,600,8900,1500
301.0,18.91,318300,6026908.0,18.9,18.89,18.88,18.87,18.86,18.84,18.81,18.8,18.78,18.72,18.91,18.92,18.94,18.95,18.96,18.97,18.98,18.99,19.0,19.01,100,700,300,200,1900,500,1500,200,600,300,700,3900,4100,13700,2500,300,1200,600,8900,1500
302.0,18.91,318900,6038254.0,18.91,18.9,18.89,18.88,18.87,18.86,18.84,18.81,18.8,18.78,18.92,18.94,18.95,18.96,18.97,18.98,18.99,19.0,19.01,19.02,400,100,700,300,200,1900,500,1500,200,600,3900,4100,13700,2500,300,1200,600,8900,1500,50000
303.0,18.91,318900,6038254.0,18.91,18.9,18.89,18.88,18.87,18.86,18.84,18.81,18.8,18.78,18.92,18.94,18.95,18.96,18.97,18.98,18.99,19.0,19.01,19.02,400,100,700,300,200,1900,500,1500,200,600,3900,4100,13700,200,300,1200,600,8900,1500,50000
304.0,18.91,318900,6038254.0,18.91,18.9,18.89,18.88,18.87,18.86,18.84,18.81,18.8,18.78,18.92,18.94,18.95,18.96,18.97,18.98,18.99,19.0,19.01,19.02,400,100,700,300,200,1900,500,1500,200,600,3900,4100,13700,200,300,1200,600,8900,1500,50000
305.0,18.92,319200,6043930.0,18.9,18.89,18.88,18.87,18.86,18.84,18.81,18.8,18.78,18.72,18.92,18.94,18.95,18.96,18.97,18.98,18.99,19.0,19.01,19.02,100,700,300,200,1900,500,1500,200,600,1300,3600,4100,13700,200,300,1200,600,8900,1500,50000
306.0,18.92,319200,6043930.0,18.9,18.89,18.88,18.87,18.86,18.84,18.81,18.8,18.78,18.72,18.92,18.94,18.95,18.96,18.97,18.98,18.99,19.0,19.01,19.02,100,700,300,200,1900,500,1500,200,600,1300,3600,4300,13700,200,300,1200,600,8900,1500,50000
307.0,18.92,319400,6047714.0,18.9,18.89,18.88,18.87,18.86,18.84,18.81,18.8,18.78,18.72,18.92,18.94,18.95,18.96,18.97,18.98,18.99,19.0,19.01,19.02,100,700,300,200,1900,500,1500,200,600,1300,1100,4300,13700,200,300,1200,600,8900,1500,50000
308.0,18.92,321500,6087452.0,18.92,18.91,18.9,18.89,18.88,18.87,18.86,18.84,18.81,18.8,18.94,18.95,18.96,18.97,18.98,18.99,19.0,19.01,19.02,19.03,2100,1900,100,700,300,200,1900,500,1500,200,4000,13700,200,300,1200,600,8900,1500,50000,4000
309.0,18.94,324400,6142378.0,18.93,18.92,18.91,18.9,18.89,18.88,18.87,18.86,18.84,18.81,18.94,18.95,18.96,18.97,18.98,18.99,19.0,19.01,19.02,19.03,400,900,1900,100,700,300,200,1900,500,1500,1100,13700,200,300,1200,600,8900,1500,50000,4000
310.0,18.94,324400,6142378.0,18.93,18.92,18.91,18.9,18.89,18.88,18.87,18.86,18.84,18.81,18.94,18.95,18.96,18.97,18.98,18.99,19.0,19.01,19.02,19.03,400,900,1900,100,700,300,200,1900,500,1500,1100,13700,200,300,1200,600,8900,1500,50000,4000
311.0,18.95,325900,6170792.0,18.94,18.93,18.92,18.91,18.9,18.89,18.88,18.87,18.86,18.84,18.95,18.96,18.97,18.98,18.99,19.0,19.01,19.02,19.03,19.04,500,400,900,1900,100,700,300,200,1900,500,13300,200,300,1200,600,8900,1500,50000,4000,5400
312.0,18.95,327400,6199217.0,18.94,18.93,18.92,18.91,18.9,18.89,18.88,18.87,18.86,18.84,18.95,18.96,18.97,18.98,18.99,19.0,19.01,19.02,19.03,19.04,500,400,900,1900,100,700,300,200,1900,500,11800,200,300,1200,600,8900,1500,50000,4000,5400
313.0,18.95,329700,6242802.0,18.94,18.93,18.92,18.91,18.9,18.89,18.88,18.87,18.86,18.84,18.95,18.96,18.97,18.98,18.99,19.0,19.01,19.02,19.03,19.04,500,400,900,1900,100,700,300,200,1900,500,9500,200,300,1200,600,8900,1500,50000,4000,5400
314.0,18.95,329700,6242802.0,18.94,18.93,18.92,18.91,18.9,18.89,18.88,18.87,18.86,18.84,18.95,18.96,18.97,18.98,18.99,19.0,19.01,19.02,19.03,19.04,500,400,900,1900,100,700,300,200,1900,500,9500,200,300,1200,600,8900,1500,50000,4000,5400
315.0,18.95,331100,6269332.0,18.94,18.93,18.92,18.91,18.9,18.89,18.88,18.87,18.86,18.84,18.95,18.96,18.97,18.98,18.99,19.0,19.01,19.02,19.03,19.04,700,400,900,2000,100,700,300,200,1900,500,8100,200,300,1200,600,8900,1500,50000,4000,5400
316.0,18.95,331600,6278807.0,18.94,18.93,18.92,18.91,18.9,18.89,18.88,18.87,18.86,18.84,18.95,18.96,18.97,18.98,18.99,19.0,19.01,19.02,19.03,19.04,700,400,900,2000,100,700,300,200,1900,500,7600,200,300,1200,600,8900,1500,50000,4000,5400
317.0,18.95,331600,6278807.0,18.94,18.93,18.92,18.91,18.9,18.89,18.88,18.87,18.86,18.84,18.95,18.96,18.97,18.98,18.99,19.0,19.01,19.02,19.03,19.04,700,400,900,2000,100,700,300,200,1900,500,7600,200,300,1200,600,8900,1500,50000,4000,5400
318.0,18.95,331600,6278807.0,18.94,18.93,18.92,18.91,18.9,18.89,18.88,18.87,18.86,18.84,18.95,18.96,18.97,18.98,18.99,19.0,19.01,19.02,19.03,19.04,700,400,900,2000,100,700,300,200,1900,500,7600,200,300,1200,600,8900,1500,50000,4000,5400
319.0,18.95,335100,6345132.0,18.94,18.93,18.92,18.91,18.9,18.89,18.88,18.87,18.86,18.84,18.95,18.96,18.97,18.98,18.99,19.0,19.01,19.02,19.03,19.04,700,400,900,2000,100,700,300,200,1900,500,4100,200,300,1200,600,8900,1500,50000,4000,5400
320.0,18.95,335100,6345132.0,18.94,18.93,18.92,18.91,18.9,18.89,18.88,18.87,18.86,18.84,18.95,18.96,18.97,18.98,18.99,19.0,19.01,19.02,19.03,19.04,700,400,900,2000,100,700,300,200,1900,500,4100,200,300,1200,600,8900,1500,50000,4000,5400
321.0,18.95,335100,6345132.0,18.94,18.93,18.92,18.91,18.9,18.89,18.88,18.87,18.86,18.84,18.95,18.96,18.97,18.98,18.99,19.0,19.01,19.02,19.03,19.04,700,400,900,2000,100,700,300,200,1900,500,4100,200,300,1200,600,9000,1500,50000,4000,5400
322.0,18.95,339200,6422827.0,18.95,18.94,18.93,18.92,18.91,18.9,18.89,18.88,18.87,18.86,18.96,18.97,18.98,18.99,19.0,19.01,19.02,19.03,19.04,19.05,200,200,300,3200,2000,100,700,300,200,1900,200,300,1200,600,9000,1500,50000,4000,5400,21500
323.0,18.95,339200,6422827.0,18.95,18.94,18.93,18.92,18.91,18.9,18.89,18.88,18.87,18.86,18.96,18.97,18.98,18.99,19.0,19.01,19.02,19.03,19.04,19.05,400,200,300,3200,2000,100,700,300,200,1900,200,300,1200,600,9000,1500,50000,4000,5400,21500
324.0,18.95,339500,6428512.0,18.95,18.94,18.93,18.92,18.91,18.9,18.89,18.88,18.87,18.86,18.96,18.97,18.98,18.99,19.0,19.01,19.02,19.03,19.04,19.05,100,200,300,3200,2000,100,700,300,200,1900,200,300,1200,600,9000,1500,50000,4000,5400,21500
325.0,18.96,339700,6432304.0,18.95,18.94,18.93,18.92,18.91,18.9,18.89,18.88,18.87,18.86,18.97,18.98,18.99,19.0,19.01,19.02,19.03,19.04,19.05,19.08,1700,200,300,3200,2000,100,700,300,200,1900,300,1300,600,9000,1500,50000,4000,5400,21500,500
326.0,18.96,339700,6432304.0,18.95,18.94,18.93,18.92,18.91,18.9,18.89,18.88,18.87,18.86,18.97,18.98,18.99,19.0,19.01,19.02,19.03,19.04,19.05,19.08,1700,200,300,3200,2000,100,1200,300,200,1900,300,1300,600,9000,1500,50000,4000,5400,21500,500
327.0,18.95,339800,6434199.0,18.95,18.94,18.93,18.92,18.91,18.9,18.89,18.88,18.87,18.86,18.97,18.98,18.99,19.0,19.01,19.02,19.03,19.04,19.05,19.08,1600,200,300,3200,2000,100,1200,300,200,1900,300,1300,600,9000,1500,50000,4000,5400,21500,500
328.0,18.98,340700,6451278.0,18.95,18.94,18.93,18.92,18.91,18.9,18.89,18.88,18.87,18.86,18.98,18.99,19.0,19.01,19.02,19.03,19.04,19.05,19.08,19.1,1600,200,300,3200,2000,100,1200,300,200,1900,700,600,9000,1500,50000,4000,5400,21500,500,2600
329.0,18.95,340800,6453173.0,18.95,18.94,18.93,18.92,18.91,18.9,18.89,18.88,18.87,18.86,18.98,18.99,19.0,19.01,19.02,19.03,19.04,19.05,19.08,19.1,2000,200,300,3200,2000,100,1200,300,200,1900,1200,600,9000,1500,50000,4000,5400,21500,500,2600
330.0,18.98,340900,6455071.0,18.95,18.94,18.93,18.92,18.91,18.9,18.89,18.88,18.87,18.86,18.98,18.99,19.0,19.01,19.02,19.03,19.04,19.05,19.08,19.1,2200,200,300,3200,2000,100,1200,300,200,1900,1300,600,9000,1500,50000,4000,5400,21500,500,2600
331.0,18.98,341100,6458867.0,18.95,18.94,18.93,18.92,18.91,18.9,18.89,18.88,18.87,18.86,18.98,18.99,19.0,19.01,19.02,19.03,19.04,19.05,19.08,19.1,2500,200,300,3200,2000,100,1200,300,200,1900,1300,600,9000,1500,50000,4000,5400,21500,500,2600
332.0,18.98,342000,6475949.0,18.95,18.94,18.93,18.92,18.91,18.9,18.89,18.88,18.87,18.86,18.98,18.99,19.0,19.01,19.02,19.03,19.04,19.05,19.08,19.1,2500,200,300,3200,2000,100,1200,300,200,1900,900,600,9000,1500,50000,4000,5400,21500,500,2600
333.0,18.98,342200,6479745.0,18.95,18.94,18.93,18.92,18.91,18.9,18.89,18.88,18.87,18.86,18.98,18.99,19.0,19.01,19.02,19.03,19.04,19.05,19.08,19.1,3000,200,300,3200,2000,100,1200,300,200,1900,1000,600,9000,1500,50000,4000,5400,21500,500,2600
334.0,18.98,342200,6479745.0,18.95,18.94,18.93,18.92,18.91,18.9,18.89,18.88,18.87,18.86,18.98,18.99,19.0,19.01,19.02,19.03,19.04,19.05,19.08,19.1,3200,200,300,3200,2000,100,1200,300,200,1900,1200,600,9000,1500,50000,4000,5400,21500,500,2600
335.0,18.98,342500,6485439.0,18.95,18.94,18.93,18.92,18.91,18.9,18.89,18.88,18.87,18.86,18.98,18.99,19.0,19.01,19.02,19.03,19.04,19.05,19.08,19.1,3500,200,300,3200,2000,100,1200,300,200,1900,1200,600,9000,1500,50000,4000,5400,21500,500,2600
336.0,18.98,342700,6489235.0,18.95,18.94,18.93,18.92,18.91,18.9,18.89,18.88,18.87,18.86,18.98,18.99,19.0,19.01,19.02,19.03,19.04,19.05,19.08,19.1,4000,200,300,3200,2000,100,1200,300,200,1900,1500,600,9000,1500,50000,4000,5400,21500,500,2600
337.0,18.98,343300,6500611.0,18.95,18.94,18.93,18.92,18.91,18.9,18.89,18.88,18.87,18.86,18.98,18.99,19.0,19.01,19.02,19.03,19.04,19.05,19.08,19.1,3600,200,300,3200,2000,100,1200,300,200,1900,1300,600,9000,1500,50000,4000,5400,21500,500,2600
338.0,18.98,343300,6500611.0,18.95,18.94,18.92,18.91,18.9,18.89,18.88,18.87,18.86,18.84,18.98,18.99,19.0,19.01,19.02,19.03,19.04,19.05,19.08,19.1,4100,200,3200,2000,100,1200,300,200,1900,500,1800,2900,9000,1500,50000,4000,5400,21500,500,2600
339.0,18.95,343800,6510086.0,18.96,18.95,18.94,18.92,18.91,18.9,18.89,18.88,18.87,18.86,18.98,18.99,19.0,19.01,19.02,19.03,19.04,19.05,19.08,19.1,1100,4100,200,3200,2000,100,1200,300,200,1900,2300,2900,9000,1500,50000,4000,5400,21500,500,2600
340.0,18.98,344300,6519576.0,18.96,18.95,18.94,18.92,18.91,18.9,18.89,18.88,18.87,18.86,18.98,18.99,19.0,19.01,19.02,19.03,19.04,19.05,19.08,19.1,1100,4100,200,3200,2000,100,1200,300,200,1900,1800,2900,9000,1500,50000,4000,5400,21500,500,2600
341.0,18.98,344300,6519576.0,18.96,18.95,18.94,18.92,18.91,18.9,18.89,18.88,18.87,18.86,18.98,18.99,19.0,19.01,19.02,19.03,19.04,19.05,19.08,19.1,1100,4100,200,3200,2000,100,1200,300,200,1900,1800,2900,9000,1500,50000,4000,5400,21500,500,2600
342.0,18.98,344300,6519576.0,18.96,18.95,18.94,18.92,18.91,18.9,18.89,18.88,18.87,18.86,18.98,18.99,19.0,19.01,19.02,19.03,19.04,19.05,19.08,19.1,1100,4100,200,3200,2000,100,1200,300,200,1900,1800,2900,9000,1500,50000,4000,5400,21500,500,2600
343.0,18.98,344300,6519576.0,18.96,18.95,18.94,18.92,18.91,18.9,18.89,18.88,18.87,18.86,18.98,18.99,19.0,19.01,19.02,19.03,19.04,19.05,19.08,19.1,1100,4100,200,3200,2000,100,1200,300,200,1900,1800,2900,9000,1500,50000,4000,5400,21500,500,2600
344.0,18.99,349100,6610709.0,18.99,18.96,18.95,18.94,18.92,18.91,18.9,18.89,18.88,18.87,19.0,19.01,19.02,19.03,19.04,19.05,19.08,19.1,19.11,19.12,100,1100,4100,200,3200,2000,100,1200,300,200,9000,1500,50000,4000,5400,21500,500,2600,1500,400
345.0,18.99,349600,6620198.0,18.96,18.95,18.94,18.92,18.91,18.9,18.89,18.88,18.87,18.86,18.99,19.0,19.01,19.02,19.03,19.04,19.05,19.08,19.1,19.11,900,4100,200,3200,2000,100,1200,300,200,1900,800,9000,1500,50000,4000,5400,21500,500,2600,1500
346.0,18.99,350100,6629693.0,18.96,18.95,18.94,18.92,18.91,18.9,18.89,18.88,18.87,18.86,18.99,19.0,19.01,19.02,19.03,19.04,19.05,19.08,19.1,19.11,1600,4100,200,3200,2000,100,1200,300,200,1900,1000,9000,1500,50000,4000,5400,21500,500,2600,1500
347.0,18.99,350200,6631592.0,18.96,18.95,18.94,18.92,18.91,18.9,18.89,18.88,18.87,18.86,18.99,19.0,19.01,19.02,19.03,19.04,19.05,19.08,19.1,19.11,1600,4100,200,3200,2000,100,1200,300,200,1900,1700,9000,1500,50000,4000,5400,21500,500,2600,1500
348.0,18.99,350500,6637289.0,18.96,18.95,18.94,18.92,18.91,18.9,18.89,18.88,18.87,18.86,18.99,19.0,19.01,19.02,19.03,19.04,19.05,19.08,19.1,19.11,1900,4100,200,3200,2000,100,500,300,200,1900,1700,9000,1500,50000,4000,5400,21500,500,2600,1500
349.0,18.99,350500,6637289.0,18.96,18.95,18.94,18.92,18.91,18.9,18.89,18.88,18.87,18.86,18.99,19.0,19.01,19.02,19.03,19.04,19.05,19.08,19.1,19.11,2100,4100,200,3200,2000,100,500,300,200,1900,1900,9000,1500,50000,4000,5400,21500,500,2600,1500
350.0,18.99,350600,6639188.0,18.96,18.95,18.94,18.92,18.91,18.9,18.89,18.88,18.87,18.86,18.99,19.0,19.01,19.02,19.03,19.04,19.05,19.08,19.1,19.11,2100,4100,200,3200,2000,100,500,300,200,1900,1800,9000,1500,50000,4000,5400,21500,500,2600,1500
351.0,18.99,350700,6641087.0,18.96,18.95,18.94,18.92,18.91,18.9,18.89,18.88,18.87,18.86,18.99,19.0,19.01,19.02,19.03,19.04,19.05,19.08,19.1,19.11,2100,4100,200,3200,2000,100,500,300,200,1900,1800,9000,1500,50000,4000,5400,21500,500,2600,1500
352.0,18.96,350900,6644879.0,18.96,18.95,18.94,18.92,18.91,18.9,18.89,18.88,18.87,18.86,18.99,19.0,19.01,19.02,19.03,19.04,19.05,19.08,19.1,19.11,2200,4100,200,3200,2000,100,500,300,200,1900,2700,9000,1500,50000,4000,5400,21500,500,2600,1500
353.0,18.96,350900,6644879.0,18.97,18.96,18.95,18.94,18.92,18.91,18.9,18.89,18.88,18.87,18.98,18.99,19.0,19.01,19.02,19.03,19.04,19.05,19.08,19.1,300,2400,4100,200,3200,2000,100,500,300,200,2300,2900,9000,1500,50000,4000,5400,21500,500,2600
354.0,18.99,353500,6694230.0,18.98,18.96,18.95,18.94,18.92,18.91,18.9,18.89,18.88,18.87,18.99,19.0,19.01,19.02,19.03,19.04,19.05,19.08,19.1,19.11,6600,2400,3500,200,3200,2000,100,500,300,200,2600,9000,1500,50000,4000,5400,21500,500,2600,1500
355.0,18.99,353500,6694230.0,18.98,18.96,18.95,18.94,18.92,18.91,18.9,18.89,18.88,18.87,18.99,19.0,19.01,19.02,19.03,19.04,19.05,19.08,19.1,19.11,6600,2400,3500,200,3200,2000,100,500,300,200,2600,9000,1500,50000,4000,5400,21500,500,2600,1500
356.0,18.99,353500,6694230.0,18.98,18.96,18.95,18.94,18.92,18.91,18.9,18.89,18.88,18.87,18.99,19.0,19.01,19.02,19.03,19.04,19.05,19.08,19.1,19.11,6600,2400,3500,200,3200,2000,100,500,300,200,2600,9000,1500,50000,4000,5400,21500,500,2600,1500
357.0,18.99,353700,6698028.0,18.98,18.96,18.95,18.94,18.92,18.91,18.9,18.89,18.88,18.87,18.99,19.0,19.01,19.02,19.03,19.04,19.05,19.08,19.1,19.11,6600,2400,3500,200,3200,2000,100,500,300,200,2400,9000,1500,50000,4000,5400,21500,500,2600,1500
358.0,18.99,353700,6698028.0,18.98,18.96,18.95,18.94,18.92,18.91,18.9,18.89,18.88,18.87,18.99,19.0,19.01,19.02,19.03,19.04,19.05,19.08,19.1,19.11,6600,2400,3500,200,3200,2000,100,500,300,200,6800,9000,1500,50000,4000,5400,21500,500,2600,1500
359.0,18.99,369600,6999711.0,18.96,18.95,18.94,18.92,18.91,18.9,18.89,18.88,18.87,18.86,18.99,19.0,19.01,19.02,19.03,19.04,19.05,19.08,19.1,19.11,400,4500,200,3200,2000,100,500,300,200,1900,2900,9000,1500,50000,4000,5400,21500,500,2600,1500
360.0,18.99,370100,7009206.0,18.96,18.95,18.94,18.92,18.91,18.9,18.89,18.88,18.87,18.86,18.99,19.0,19.01,19.02,19.03,19.04,19.05,19.08,19.1,19.11,400,4500,200,3200,2000,100,500,300,200,1900,2400,9000,1500,50000,4000,5400,21500,500,2600,1500
361.0,18.99,370300,7013004.0,18.96,18.95,18.94,18.92,18.91,18.9,18.89,18.88,18.87,18.86,18.99,19.0,19.01,19.02,19.03,19.04,19.05,19.08,19.1,19.11,800,4500,200,3200,2000,100,500,300,200,1900,2600,9000,1500,50000,4000,5400,21500,500,2600,1500
362.0,18.99,370300,7013004.0,18.97,18.96,18.95,18.94,18.92,18.91,18.9,18.89,18.88,18.87,18.99,19.0,19.01,19.02,19.03,19.04,19.05,19.08,19.1,19.11,200,800,4500,200,3200,2000,100,500,300,200,2600,9000,1500,50000,4000,5400,21500,500,2600,1500
363.0,18.99,370400,7014903.0,18.97,18.96,18.95,18.94,18.92,18.91,18.9,18.89,18.88,18.87,18.99,19.0,19.01,19.02,19.03,19.04,19.05,19.08,19.1,19.11,200,800,4500,200,3200,2000,100,500,300,200,2500,9000,1500,50000,4000,5400,21500,500,2600,1500
364.0,18.99,370600,7018701.0,18.97,18.96,18.95,18.94,18.92,18.91,18.9,18.89,18.88,18.87,18.99,19.0,19.01,19.02,19.03,19.04,19.05,19.08,19.1,19.11,200,800,4500,200,3200,2000,100,500,300,200,2300,9000,1500,50000,4000,5400,21500,500,2600,1500
365.0,18.99,371700,7039590.0,18.98,18.97,18.96,18.95,18.94,18.92,18.91,18.9,18.89,18.88,18.99,19.0,19.01,19.02,19.03,19.04,19.05,19.08,19.1,19.11,300,200,800,4500,200,3200,2000,100,500,300,1200,9000,1500,50000,4000,5400,21500,500,2600,1500
366.0,18.99,371800,7041489.0,18.98,18.97,18.96,18.95,18.94,18.92,18.91,18.9,18.89,18.88,18.99,19.0,19.01,19.02,19.03,19.04,19.05,19.08,19.1,19.11,300,200,800,4500,200,3200,2000,100,500,300,1100,9000,1500,50000,4000,5400,21500,500,2600,1500
367.0,18.99,372900,7062378.0,18.99,18.98,18.97,18.96,18.95,18.94,18.92,18.91,18.9,18.89,19.0,19.01,19.02,19.03,19.04,19.05,19.08,19.1,19.11,19.12,1000,300,200,800,4500,200,3200,100,100,500,9000,1500,50000,4000,5400,21500,500,2600,1500,400
368.0,19.0,373400,7071878.0,18.99,18.98,18.97,18.96,18.95,18.94,18.92,18.91,18.9,18.89,19.0,19.01,19.02,19.03,19.04,19.05,19.08,19.1,19.11,19.12,1000,300,200,800,4500,200,3200,100,100,500,8500,1500,50000,4000,5400,21500,500,2600,1500,400
369.0,19.0,373400,7071878.0,18.99,18.98,18.97,18.96,18.95,18.94,18.92,18.91,18.9,18.89,19.0,19.01,19.02,19.03,19.04,19.05,19.08,19.1,19.11,19.12,1000,300,200,800,4500,200,3200,100,100,500,8500,1500,50000,4000,5400,21500,500,2600,1500,400
370.0,19.0,373400,7071878.0,18.99,18.97,18.96,18.95,18.94,18.92,18.91,18.9,18.89,18.88,19.0,19.01,19.02,19.03,19.04,19.05,19.08,19.1,19.11,19.12,1000,200,800,4500,200,3200,100,100,500,300,8500,2500,50000,4000,5400,21500,500,2600,1500,400
371.0,18.99,375400,7109868.0,18.97,18.96,18.95,18.94,18.92,18.91,18.9,18.89,18.88,18.87,18.99,19.0,19.01,19.02,19.03,19.04,19.05,19.08,19.1,19.11,200,800,3200,200,3200,100,100,500,300,200,1300,7500,2500,50000,4000,5400,21500,500,2600,1500
372.0,18.99,375500,7111767.0,18.98,18.97,18.96,18.95,18.94,18.92,18.91,18.9,18.89,18.88,18.99,19.0,19.01,19.02,19.03,19.04,19.05,19.08,19.1,19.11,300,200,400,3200,200,3200,100,100,500,300,2200,7500,2500,50000,4000,5400,21500,500,2600,1500
373.0,18.99,375500,7111767.0,18.98,18.97,18.96,18.95,18.94,18.92,18.91,18.9,18.89,18.88,18.99,19.0,19.01,19.02,19.03,19.04,19.05,19.08,19.1,19.11,300,200,400,3200,200,3200,100,100,500,300,2200,7500,2500,50000,4600,5400,21500,500,2600,1500
374.0,18.99,375500,7111767.0,18.98,18.97,18.96,18.95,18.94,18.92,18.91,18.9,18.89,18.88,18.99,19.0,19.01,19.02,19.03,19.04,19.05,19.08,19.1,19.11,300,200,400,3200,200,3200,100,100,500,300,2200,7500,2500,50000,4600,5400,21500,500,2600,1500
375.0,18.99,375700,7115565.0,18.98,18.97,18.96,18.95,18.94,18.92,18.91,18.9,18.89,18.88,18.99,19.0,19.01,19.02,19.03,19.04,19.05,19.08,19.1,19.11,300,200,400,3200,200,3200,100,100,500,300,2000,7500,2500,50000,4600,5400,21500,500,2600,1500
376.0,18.99,375900,7119363.0,18.98,18.97,18.96,18.95,18.94,18.92,18.91,18.9,18.89,18.88,18.99,19.0,19.01,19.02,19.03,19.04,19.05,19.08,19.1,19.11,300,200,400,3200,200,3200,100,100,500,300,1800,7500,2500,50000,4600,5400,21500,500,2600,1500
377.0,18.98,376200,7125057.0,18.97,18.96,18.95,18.94,18.92,18.91,18.9,18.89,18.88,18.87,18.98,18.99,19.0,19.01,19.02,19.03,19.04,19.05,19.08,19.1,200,400,3200,200,3200,100,100,500,300,200,400,1800,7500,2500,50000,4600,5400,21500,500,2600
378.0,18.98,376200,7125057.0,18.97,18.96,18.95,18.94,18.92,18.91,18.9,18.89,18.88,18.87,18.98,18.99,19.0,19.01,19.02,19.03,19.04,19.05,19.08,19.1,200,400,3200,200,3200,100,100,500,300,200,400,1800,7500,2500,50000,4600,5400,21500,500,2600
379.0,18.98,376200,7125057.0,18.97,18.96,18.95,18.94,18.92,18.91,18.9,18.89,18.88,18.87,18.98,18.99,19.0,19.01,19.02,19.03,19.04,19.05,19.08,19.1,200,400,3200,200,3200,100,100,500,300,200,400,1800,7500,2500,50000,4600,5400,21500,500,2600
380.0,18.98,377400,7147833.0,18.97,18.96,18.95,18.94,18.92,18.91,18.9,18.89,18.88,18.87,18.98,18.99,19.0,19.01,19.02,19.03,19.04,19.05,19.08,19.1,200,400,3200,200,3200,100,100,500,300,200,800,1800,7500,2500,50000,4600,5400,19000,500,2600
381.0,18.98,377400,7147833.0,18.97,18.96,18.95,18.94,18.92,18.91,18.9,18.89,18.88,18.87,18.98,18.99,19.0,19.01,19.02,19.03,19.04,19.05,19.08,19.1,200,400,3200,200,3200,100,100,500,300,200,800,1800,7500,2500,50000,4600,5400,19000,500,2600
382.0,18.98,377600,7151629.0,18.97,18.96,18.95,18.94,18.92,18.91,18.9,18.89,18.88,18.87,18.98,18.99,19.0,19.01,19.02,19.03,19.04,19.05,19.08,19.1,200,400,3200,200,3200,100,100,500,300,200,1100,1800,7500,2500,50000,4600,5400,19000,500,2600
383.0,18.98,377900,7157323.0,18.97,18.96,18.95,18.94,18.92,18.91,18.9,18.89,18.88,18.87,18.98,18.99,19.0,19.01,19.02,19.03,19.04,19.05,19.08,19.1,200,400,3200,200,3200,100,100,500,300,200,2800,1800,9200,2500,50000,4600,5400,19000,500,2600
384.0,18.98,378100,7161119.0,18.97,18.96,18.95,18.94,18.92,18.91,18.9,18.89,18.88,18.87,18.98,18.99,19.0,19.01,19.02,19.03,19.04,19.05,19.08,19.1,200,400,4800,100,3200,100,100,500,300,200,2600,1800,9200,2500,50000,4600,5400,19000,500,2600
385.0,18.98,378300,7164915.0,18.97,18.96,18.95,18.94,18.92,18.91,18.9,18.89,18.88,18.87,18.98,18.99,19.0,19.01,19.02,19.03,19.04,19.05,19.08,19.1,200,400,4800,100,3200,100,100,500,300,200,2400,1800,10400,2500,50000,4600,5400,19000,500,2600
386.0,18.98,378300,7164915.0,18.97,18.96,18.95,18.94,18.92,18.91,18.9,18.89,18.88,18.87,18.98,18.99,19.0,19.01,19.02,19.03,19.04,19.05,19.08,19.1,200,400,4800,100,3200,100,1100,500,300,200,2400,1800,10400,2500,50000,4600,5400,19000,500,2600
387.0,18.98,378300,7164915.0,18.97,18.96,18.95,18.94,18.92,18.91,18.9,18.89,18.88,18.87,18.98,18.99,19.0,19.01,19.02,19.03,19.04,19.05,19.08,19.1,200,400,4800,100,3200,100,1100,500,300,200,2400,1800,10400,2500,50000,4600,5400,19000,500,2600
388.0,18.98,378500,7168711.0,18.97,18.96,18.95,18.94,18.92,18.91,18.9,18.89,18.88,18.87,18.98,18.99,19.0,19.01,19.02,19.03,19.04,19.05,19.08,19.1,200,400,4800,100,3200,100,1100,500,300,200,2200,1800,10400,2500,50000,4600,5400,19000,500,2600
389.0,18.98,378500,7168711.0,18.97,18.96,18.95,18.94,18.92,18.91,18.9,18.89,18.88,18.87,18.98,18.99,19.0,19.01,19.02,19.03,19.04,19.05,19.08,19.1,200,400,4800,100,3200,100,1100,600,300,200,2300,1800,10400,2500,50000,4600,5400,19000,500,2600
390.0,18.97,379100,7180095.0,18.96,18.95,18.94,18.92,18.91,18.9,18.89,18.88,18.87,18.86,18.97,18.98,18.99,19.0,19.01,19.02,19.03,19.04,19.05,19.08,400,4800,100,3200,100,1100,600,300,200,1900,4100,2100,1800,10400,2500,50000,4600,5400,19000,500
391.0,18.97,379100,7180095.0,18.96,18.95,18.94,18.92,18.91,18.9,18.89,18.88,18.87,18.86,18.97,18.98,18.99,19.0,19.01,19.02,19.03,19.04,19.05,19.08,400,4800,100,3200,100,1100,600,300,200,1900,4100,2100,1800,10400,2500,50000,4600,5400,19000,500
392.0,18.97,379500,7187683.0,18.96,18.95,18.94,18.92,18.91,18.9,18.89,18.88,18.87,18.86,18.97,18.98,18.99,19.0,19.01,19.02,19.03,19.04,19.05,19.08,400,4800,100,3200,100,1100,600,300,200,1900,3800,2100,600,10400,2500,50000,4600,5400,19000,500
393.0,18.97,379500,7187683.0,18.96,18.95,18.94,18.92,18.91,18.9,18.89,18.88,18.87,18.86,18.97,18.98,18.99,19.0,19.01,19.02,19.03,19.04,19.05,19.08,400,4800,100,3200,100,1100,600,300,200,1900,3800,2100,600,10400,2500,50000,4600,5400,19000,500
394.0,18.97,379500,7187683.0,18.96,18.95,18.94,18.92,18.91,18.9,18.89,18.88,18.87,18.86,18.97,18.98,18.99,19.0,19.01,19.02,19.03,19.04,19.05,19.08,400,4800,100,3200,100,1100,600,300,200,1900,3800,2100,600,10400,2500,50000,4600,5400,19000,500
395.0,18.97,380500,7206653.0,18.96,18.95,18.94,18.92,18.91,18.9,18.89,18.88,18.87,18.86,18.97,18.98,18.99,19.0,19.01,19.02,19.03,19.04,19.05,19.08,500,4800,100,3200,100,1100,600,300,200,1900,100,3100,600,10400,2500,50000,4600,5400,19000,500
396.0,18.96,381000,7216133.0,18.95,18.94,18.92,18.91,18.9,18.89,18.88,18.87,18.86,18.84,18.97,18.98,18.99,19.0,19.01,19.02,19.03,19.04,19.05,19.08,4800,100,3200,100,1100,600,300,200,1900,500,100,3100,600,10400,2500,50000,4600,5400,19000,500
397.0,18.96,381000,7216133.0,18.95,18.94,18.92,18.91,18.9,18.89,18.88,18.87,18.86,18.84,18.97,18.98,18.99,19.0,19.01,19.02,19.03,19.04,19.05,19.08,4800,100,3200,100,1100,600,300,200,1900,500,4200,3100,600,10400,2500,50000,4600,5400,19000,500
398.0,18.97,381800,7231309.0,18.95,18.94,18.92,18.91,18.9,18.89,18.88,18.87,18.86,18.84,18.97,18.98,18.99,19.0,19.01,19.02,19.03,19.04,19.05,19.08,4800,100,3200,100,1100,600,300,200,1900,500,3400,3100,600,10400,2500,50000,4600,5400,19000,500
399.0,18.97,382000,7235103.0,18.95,18.94,18.92,18.91,18.9,18.89,18.88,18.87,18.86,18.84,18.97,18.98,18.99,19.0,19.01,19.02,19.03,19.04,19.05,19.08,4800,100,3200,100,1100,600,300,200,1900,500,3200,3100,600,10400,2500,50000,4600,5400,19000,500
400.0,18.97,382000,7235103.0,18.95,18.94,18.92,18.91,18.9,18.89,18.88,18.87,18.86,18.84,18.97,18.98,18.99,19.0,19.01,19.02,19.03,19.04,19.05,19.08,4800,100,3200,100,1100,600,300,200,1900,500,3200,3100,600,10400,2500,50000,4600,5400,19000,500
401.0,18.97,382300,7240794.0,18.95,18.94,18.92,18.91,18.9,18.89,18.88,18.87,18.86,18.84,18.97,18.98,18.99,19.0,19.01,19.02,19.03,19.04,19.05,19.08,4800,100,4700,100,1100,600,300,200,1900,500,2900,3100,600,10400,2500,50000,4600,5400,19000,500
402.0,18.97,382600,7246485.0,18.95,18.94,18.92,18.91,18.9,18.89,18.88,18.87,18.86,18.84,18.97,18.98,18.99,19.0,19.01,19.02,19.03,19.04,19.05,19.08,4800,100,4700,100,1100,600,300,200,1900,500,2800,3100,600,10400,2500,50000,4600,5400,19000,500
403.0,18.97,382600,7246485.0,18.95,18.94,18.92,18.91,18.9,18.89,18.88,18.87,18.86,18.84,18.97,18.98,18.99,19.0,19.01,19.02,19.03,19.04,19.05,19.08,4800,100,4700,100,1100,600,300,200,1900,500,2800,3100,600,10400,2500,50000,4600,5400,19000,500
404.0,18.97,382800,7250279.0,18.95,18.94,18.92,18.91,18.9,18.89,18.88,18.87,18.86,18.84,18.97,18.98,18.99,19.0,19.01,19.02,19.03,19.04,19.05,19.08,4800,100,4700,100,1100,600,300,200,1900,500,2600,3100,600,10400,2500,50000,4600,5400,19000,500
405.0,18.97,384300,7278734.0,18.96,18.95,18.94,18.92,18.91,18.9,18.89,18.88,18.87,18.86,18.97,18.98,18.99,19.0,19.01,19.02,19.03,19.04,19.05,19.08,1300,6900,100,4700,100,1100,600,300,200,1900,1100,3100,600,10400,2500,50000,4600,5400,19000,500
406.0,18.97,384300,7278734.0,18.96,18.95,18.94,18.92,18.91,18.9,18.89,18.88,18.87,18.86,18.97,18.98,18.99,19.0,19.01,19.02,19.03,19.04,19.05,19.08,1300,6900,100,4700,100,1100,600,300,200,1900,1300,3100,600,10400,2500,50000,4600,5400,19000,500
407.0,18.97,385800,7307187.0,18.96,18.95,18.94,18.92,18.91,18.9,18.89,18.88,18.87,18.86,18.97,18.98,18.99,19.0,19.01,19.02,19.03,19.04,19.05,19.08,1100,6900,100,4700,100,1100,600,300,200,1900,100,3100,600,10400,2500,50000,4600,5400,19000,500
408.0,18.97,385800,7307187.0,18.96,18.95,18.94,18.92,18.91,18.9,18.89,18.88,18.87,18.86,18.97,18.98,18.99,19.0,19.01,19.02,19.03,19.04,19.05,19.08,1100,6900,100,4700,100,1100,600,300,200,1900,100,3100,600,10400,2500,50000,4600,5400,19000,500
409.0,18.96,386100,7312875.0,18.96,18.95,18.94,18.92,18.91,18.9,18.89,18.88,18.87,18.86,18.97,18.98,18.99,19.0,19.01,19.02,19.03,19.04,19.05,19.08,800,6900,100,4700,100,1100,600,300,200,1900,100,3100,600,10400,2500,50000,4600,5400,19000,500
410.0,18.96,386100,7312875.0,18.96,18.95,18.94,18.92,18.91,18.9,18.89,18.88,18.87,18.86,18.97,18.98,18.99,19.0,19.01,19.02,19.03,19.04,19.05,19.08,800,6900,100,4700,100,1100,600,300,200,1900,100,3100,600,10700,2500,50000,4600,5400,19000,500
411.0,18.96,386900,7328043.0,18.95,18.94,18.92,18.91,18.9,18.89,18.88,18.87,18.86,18.84,18.96,18.97,18.98,18.99,19.0,19.01,19.02,19.03,19.04,19.05,6900,100,4700,100,1100,600,300,200,1900,500,400,100,3100,600,10700,2500,50000,4600,5400,19000
412.0,18.96,386900,7328043.0,18.95,18.94,18.92,18.91,18.9,18.89,18.88,18.87,18.86,18.84,18.96,18.97,18.98,18.99,19.0,19.01,19.02,19.03,19.04,19.05,6900,100,4700,100,1100,600,300,200,1900,500,400,1800,3100,600,10700,2500,50000,4600,5400,19000
413.0,18.95,387200,7333728.0,18.95,18.94,18.92,18.91,18.9,18.89,18.88,18.87,18.86,18.84,18.96,18.97,18.98,18.99,19.0,19.01,19.02,19.03,19.04,19.05,6600,100,4700,100,1100,600,300,200,1900,500,400,1800,3100,600,10700,2500,50000,4600,5400,19000
