LocalTime,LastPrice,TradeVolume,TradeValue,BidPrice1,BidPrice2,BidPrice3,BidPrice4,BidPrice5,BidPrice6,BidPrice7,BidPrice8,BidPrice9,BidPriceA,AskPrice1,AskPrice2,AskPrice3,AskPrice4,AskPrice5,AskPrice6,AskPrice7,AskPrice8,AskPrice9,AskPriceA,BidVolume1,BidVolume2,BidVolume3,BidVolume4,BidVolume5,BidVolume6,BidVolume7,BidVolume8,BidVolume9,BidVolumeA,AskVolume1,AskVolume2,AskVolume3,AskVolume4,AskVolume5,AskVolume6,AskVolume7,AskVolume8,AskVolume9,AskVolumeA
0.0,12.18,8200,99876.0,12.16,12.1,12.08,12.07,12.06,12.01,12.0,11.95,11.93,11.91,12.18,12.2,12.24,12.27,12.28,12.3,12.32,12.33,12.39,12.41,600,200,100,1800,8200,1000,700,1000,1800,1400,13000,2400,1000,1500,3400,400,2500,5000,1100,300
1.0,12.16,8800,107172.0,12.1,12.08,12.07,12.06,12.01,12.0,11.95,11.93,11.91,11.9,12.16,12.17,12.18,12.2,12.24,12.27,12.28,12.3,12.32,12.33,200,100,1800,8200,1000,700,1000,1800,1400,2300,7500,500,13000,2400,1000,1500,3400,400,2500,5000
2.0,12.17,16800,204457.0,12.17,12.1,12.08,12.07,12.06,12.01,12.0,11.96,11.95,11.93,12.18,12.2,12.24,12.28,12.3,12.32,12.33,12.39,12.41,12.43,800,200,100,1800,8200,1000,1500,200,1000,1800,13000,2400,1000,3400,400,2500,5000,1100,300,800
3.0,12.17,17000,206891.0,12.17,12.1,12.08,12.07,12.06,12.01,12.0,11.96,11.95,11.93,12.18,12.2,12.24,12.28,12.3,12.32,12.33,12.35,12.39,12.41,600,400,100,1800,8200,1200,1600,200,1100,1800,3600,2400,1000,3800,500,2500,5000,100,1100,300
4.0,12.18,17400,211762.0,12.17,12.1,12.09,12.08,12.07,12.06,12.01,12.0,11.96,11.95,12.18,12.2,12.24,12.28,12.3,12.32,12.33,12.35,12.39,12.41,500,400,300,100,2000,8200,1200,1600,200,1100,3300,2400,1000,3800,500,2500,5000,100,1100,300
5.0,12.17,17500,212979.0,12.17,12.1,12.09,12.08,12.07,12.06,12.03,12.01,12.0,11.96,12.18,12.2,12.24,12.28,12.3,12.32,12.33,12.35,12.39,12.41,400,400,300,100,2000,8200,2000,1200,1600,3200,3300,2400,1000,3800,500,2500,5000,100,1100,300
6.0,12.15,19800,240953.0,12.1,12.09,12.08,12.07,12.06,12.05,12.03,12.01,12.0,11.96,12.15,12.18,12.2,12.24,12.28,12.3,12.32,12.33,12.35,12.39,400,300,100,2000,8200,1900,2000,1200,6500,3200,1400,4100,2400,1000,3800,500,2500,5000,100,1100
7.0,12.17,22000,267699.0,12.17,12.16,12.1,12.09,12.08,12.07,12.06,12.05,12.03,12.01,12.18,12.2,12.24,12.28,12.3,12.32,12.33,12.34,12.35,12.39,1100,300,400,300,100,3000,8200,1900,2000,1200,6100,2400,1000,3800,500,2500,5000,900,100,1100
8.0,12.18,23300,283527.0,12.17,12.16,12.1,12.09,12.08,12.07,12.06,12.05,12.03,12.01,12.18,12.2,12.24,12.28,12.3,12.32,12.33,12.34,12.35,12.39,500,100,400,300,100,3000,8200,1900,2000,1200,5400,2400,1000,3800,500,2500,5500,900,100,1100
9.0,12.1,25700,312632.0,12.09,12.08,12.07,12.06,12.05,12.03,12.02,12.01,12.0,11.98,12.1,12.16,12.17,12.18,12.2,12.23,12.24,12.28,12.3,12.32,300,100,3000,8500,1900,2000,1200,1200,15100,5300,600,2800,700,5400,2400,200,1000,3800,500,2500
10.0,12.16,27700,336916.0,12.09,12.08,12.07,12.06,12.05,12.03,12.02,12.01,12.0,11.98,12.16,12.17,12.18,12.2,12.23,12.24,12.28,12.3,12.32,12.33,300,100,3000,8500,1900,2000,1200,1200,15100,5300,1400,700,5400,2400,200,1000,3800,500,2500,5500
11.0,12.16,27800,338132.0,12.09,12.08,12.07,12.06,12.05,12.03,12.02,12.01,12.0,11.99,12.16,12.17,12.18,12.2,12.23,12.24,12.25,12.28,12.3,12.32,300,100,3000,8500,1900,2000,1200,1200,15100,2000,1300,1100,5400,2400,200,1000,1000,3800,500,2500
12.0,12.16,29400,357588.0,12.16,12.09,12.08,12.07,12.06,12.05,12.03,12.02,12.01,12.0,12.17,12.18,12.2,12.23,12.24,12.25,12.28,12.3,12.32,12.33,3400,300,100,3000,8500,1900,2000,1200,1200,15100,7400,5400,2400,200,1000,1000,3800,500,2500,5500
13.0,12.17,34300,417176.0,12.16,12.09,12.08,12.07,12.06,12.05,12.03,12.02,12.01,12.0,12.17,12.18,12.2,12.23,12.24,12.25,12.28,12.3,12.32,12.33,100,300,100,3000,8500,1900,2000,1200,1200,15100,7000,5400,2400,200,1000,1000,3800,500,2500,5500
14.0,12.16,34400,418392.0,12.16,12.1,12.09,12.08,12.07,12.06,12.05,12.03,12.02,12.01,12.17,12.18,12.2,12.23,12.24,12.25,12.28,12.3,12.32,12.33,800,300,300,100,3000,8500,1900,2000,1200,1200,7000,5400,2400,200,1000,1000,3800,500,2500,5500
15.0,12.16,40100,487716.0,12.1,12.09,12.08,12.07,12.06,12.05,12.03,12.02,12.01,12.0,12.16,12.17,12.18,12.2,12.23,12.24,12.25,12.28,12.3,12.32,400,300,100,3000,8500,1900,2000,1200,1200,15100,400,4300,5400,2400,200,1000,1000,3800,500,2500
16.0,12.13,40900,497420.0,12.11,12.1,12.09,12.08,12.07,12.06,12.05,12.03,12.02,12.01,12.13,12.16,12.17,12.18,12.2,12.23,12.24,12.25,12.28,12.3,400,500,300,100,3000,8500,1900,2000,1200,1200,700,1400,4600,5400,2400,200,1000,1000,3800,500
17.0,12.16,43000,522935.0,12.16,12.13,12.11,12.1,12.09,12.08,12.07,12.06,12.05,12.03,12.17,12.18,12.2,12.23,12.24,12.25,12.28,12.3,12.32,12.33,2200,700,400,1000,300,100,3000,8500,1900,2000,4600,5400,2400,200,1000,1000,3800,500,2500,5500
18.0,12.17,44100,536322.0,12.16,12.14,12.13,12.11,12.1,12.09,12.08,12.07,12.06,12.05,12.17,12.18,12.2,12.23,12.24,12.25,12.28,12.3,12.32,12.33,6200,500,800,400,1000,300,100,3000,8500,1900,3500,5400,2400,200,1000,1000,3800,500,2500,5500
19.0,12.18,60100,731046.0,12.18,12.17,12.16,12.14,12.13,12.11,12.1,12.09,12.08,12.07,12.2,12.23,12.24,12.25,12.28,12.3,12.32,12.33,12.34,12.35,300,1100,1200,500,800,400,1000,300,100,3000,2400,200,1000,1000,3800,500,2500,5500,900,100
20.0,12.2,60400,734706.0,12.18,12.17,12.16,12.14,12.13,12.11,12.1,12.09,12.08,12.07,12.2,12.23,12.24,12.25,12.28,12.3,12.32,12.33,12.34,12.35,800,3100,1200,500,800,400,1000,300,100,3000,2100,200,1000,1000,3800,500,2500,5500,900,100
21.0,12.2,63300,770070.0,12.18,12.17,12.16,12.14,12.13,12.11,12.1,12.09,12.08,12.07,12.23,12.24,12.25,12.28,12.3,12.32,12.33,12.34,12.35,12.39,4000,7800,1200,500,800,400,400,300,100,3000,200,1000,1000,3800,500,2500,5500,900,100,1100
22.0,12.2,63300,770070.0,12.2,12.18,12.17,12.16,12.14,12.13,12.1,12.09,12.08,12.07,12.23,12.24,12.25,12.28,12.3,12.32,12.33,12.34,12.35,12.39,500,4000,7800,1200,500,800,400,300,100,3000,200,1000,1000,3800,500,2500,5500,900,100,1100
23.0,12.23,63600,773733.0,12.2,12.18,12.17,12.16,12.14,12.13,12.1,12.09,12.08,12.07,12.23,12.24,12.25,12.28,12.3,12.32,12.33,12.34,12.35,12.39,300,4000,7800,1200,500,800,400,300,100,3000,200,1000,1000,3800,500,2500,5500,900,100,1100
24.0,12.2,63700,774953.0,12.2,12.18,12.17,12.16,12.14,12.13,12.1,12.09,12.08,12.07,12.23,12.24,12.25,12.28,12.3,12.32,12.33,12.34,12.35,12.39,200,4000,7800,1200,500,800,400,300,100,3000,200,1000,1000,3800,500,2500,5500,900,100,1100
25.0,12.2,63900,777393.0,12.18,12.17,12.16,12.14,12.13,12.1,12.09,12.08,12.07,12.06,12.2,12.23,12.24,12.25,12.28,12.3,12.32,12.33,12.34,12.35,4000,7800,1200,500,1400,400,300,100,3000,8500,200,500,1000,1000,3800,500,2500,5500,900,100
26.0,12.18,64100,779829.0,12.18,12.17,12.16,12.14,12.13,12.1,12.09,12.08,12.07,12.06,12.2,12.23,12.24,12.25,12.28,12.3,12.32,12.33,12.34,12.35,3800,7800,1200,500,1400,400,300,100,3000,8500,200,500,1000,1000,3800,500,2500,11300,900,100
27.0,12.18,65500,796881.0,12.18,12.17,12.16,12.14,12.13,12.1,12.09,12.08,12.07,12.06,12.2,12.23,12.24,12.25,12.28,12.3,12.32,12.33,12.34,12.35,2400,7800,1200,500,1400,400,300,100,3000,8500,200,500,1000,1000,3800,7700,2500,11300,900,100
28.0,12.2,65800,800539.0,12.18,12.17,12.16,12.14,12.13,12.1,12.09,12.08,12.07,12.06,12.22,12.23,12.24,12.25,12.28,12.3,12.32,12.33,12.34,12.35,2300,5800,1200,500,1400,400,300,100,3000,8500,1800,500,1000,1000,3800,7700,2500,11300,900,100
29.0,12.17,66900,813926.0,12.16,12.14,12.13,12.1,12.09,12.08,12.07,12.06,12.05,12.03,12.18,12.2,12.21,12.22,12.23,12.24,12.25,12.28,12.3,12.32,1200,500,1400,400,300,100,3000,8500,1900,2000,1700,400,1200,1300,100,1000,1000,3800,7700,2500
30.0,12.17,66900,813926.0,12.16,12.14,12.13,12.1,12.09,12.08,12.07,12.06,12.05,12.03,12.18,12.2,12.22,12.23,12.24,12.25,12.28,12.3,12.32,12.33,1200,500,800,400,300,100,3000,8500,1900,2000,1700,400,1300,100,1000,1000,3800,7700,2500,11300
31.0,12.2,68700,835852.0,12.16,12.14,12.13,12.1,12.09,12.08,12.07,12.06,12.05,12.03,12.2,12.22,12.23,12.24,12.25,12.28,12.3,12.32,12.33,12.34,1200,500,800,400,300,100,3000,8500,1900,2000,300,1300,100,1000,1000,3800,7700,2500,11300,900
32.0,12.2,68700,835852.0,12.17,12.16,12.14,12.1,12.09,12.08,12.07,12.06,12.05,12.03,12.2,12.22,12.23,12.24,12.25,12.28,12.3,12.32,12.33,12.34,400,1200,500,400,300,100,3000,8500,1900,2000,300,1300,100,1000,1000,3800,7700,2500,11300,900
33.0,12.2,68700,835852.0,12.18,12.17,12.16,12.14,12.1,12.09,12.08,12.07,12.06,12.05,12.2,12.22,12.23,12.24,12.25,12.28,12.3,12.32,12.33,12.34,1000,400,1200,500,400,300,100,3000,8500,1900,300,1300,100,1000,1000,3800,7700,2500,11300,900
34.0,12.2,68700,835852.0,12.18,12.17,12.16,12.14,12.1,12.09,12.08,12.07,12.06,12.05,12.2,12.22,12.23,12.24,12.25,12.28,12.3,12.32,12.33,12.34,1000,400,1200,500,400,300,100,3000,8500,1900,300,1300,100,1000,1000,3800,7700,2500,11300,900
35.0,12.2,68700,835852.0,12.18,12.16,12.14,12.1,12.09,12.08,12.07,12.06,12.05,12.03,12.2,12.22,12.23,12.24,12.25,12.28,12.3,12.32,12.33,12.34,1000,1200,500,400,300,100,3000,8500,1900,2000,10300,1300,100,1000,1000,3800,7700,2500,11300,900
36.0,12.2,68700,835852.0,12.18,12.16,12.14,12.1,12.09,12.08,12.07,12.06,12.05,12.03,12.2,12.22,12.23,12.24,12.25,12.28,12.3,12.32,12.33,12.34,1000,1200,500,400,300,100,3000,8500,1900,2000,10300,1300,100,1000,1000,3800,7700,2500,11300,900
37.0,12.2,68700,835852.0,12.18,12.16,12.14,12.1,12.09,12.08,12.07,12.06,12.05,12.03,12.2,12.22,12.23,12.24,12.25,12.28,12.3,12.32,12.33,12.34,1000,1200,500,400,300,100,3000,8500,1900,2000,10300,1300,100,1000,1000,3800,7700,2500,11300,900
38.0,12.16,70600,858980.0,12.16,12.14,12.1,12.09,12.08,12.07,12.06,12.05,12.03,12.02,12.19,12.2,12.22,12.23,12.24,12.25,12.28,12.3,12.32,12.33,400,500,1600,300,100,3000,8500,1900,2000,1200,200,10000,1300,100,1000,1000,3800,7700,2500,11300
39.0,12.16,70600,858980.0,12.16,12.14,12.1,12.09,12.08,12.07,12.06,12.05,12.03,12.02,12.19,12.2,12.22,12.23,12.24,12.25,12.28,12.29,12.3,12.32,400,500,1600,300,100,3000,8500,1900,2000,1200,200,10000,1300,100,1000,1000,3800,5000,7700,2500
40.0,12.16,70600,858980.0,12.16,12.14,12.1,12.09,12.08,12.07,12.06,12.05,12.03,12.02,12.18,12.19,12.2,12.22,12.23,12.24,12.25,12.28,12.29,12.3,400,500,1600,300,100,3000,8500,1900,2000,1200,700,200,10000,1300,100,1000,1000,3800,5000,7700
41.0,12.16,70800,861412.0,12.16,12.14,12.1,12.09,12.08,12.07,12.06,12.05,12.03,12.02,12.18,12.19,12.2,12.22,12.23,12.24,12.25,12.28,12.29,12.3,200,500,1600,300,100,3000,8500,1900,2000,1200,700,200,10000,1300,100,1000,1000,3800,5000,7700
42.0,12.16,70800,861412.0,12.16,12.14,12.1,12.09,12.08,12.07,12.06,12.05,12.03,12.02,12.18,12.19,12.2,12.22,12.23,12.24,12.25,12.28,12.29,12.3,200,500,1600,300,100,3000,8500,1900,2000,1200,700,200,10000,1300,100,1000,1000,3800,5000,7700
43.0,12.16,70800,861412.0,12.16,12.14,12.1,12.09,12.08,12.07,12.06,12.05,12.03,12.02,12.18,12.19,12.2,12.22,12.23,12.24,12.25,12.28,12.29,12.3,200,500,1600,300,100,3000,8500,1900,2000,1200,700,200,10000,1300,100,1000,1000,3800,5000,7700
44.0,12.16,70800,861412.0,12.16,12.14,12.1,12.09,12.08,12.07,12.06,12.05,12.03,12.02,12.18,12.19,12.2,12.22,12.23,12.25,12.28,12.29,12.3,12.32,200,500,1600,300,100,3000,8500,1900,2000,1200,700,200,10000,1300,100,1000,3800,5000,7700,2500
45.0,12.18,71300,867502.0,12.16,12.14,12.1,12.09,12.08,12.07,12.06,12.05,12.03,12.02,12.18,12.19,12.2,12.22,12.23,12.25,12.28,12.29,12.3,12.32,200,500,1600,300,100,3000,8500,1900,2000,1200,200,200,10000,1300,100,1000,3800,5000,7700,2500
46.0,12.2,72100,877256.0,12.17,12.16,12.14,12.1,12.09,12.08,12.07,12.06,12.05,12.03,12.2,12.22,12.23,12.25,12.28,12.29,12.3,12.32,12.33,12.34,800,400,500,1600,300,100,3000,8500,1900,2000,9600,1300,100,1000,3800,5000,7700,2500,11300,900
47.0,12.2,72100,877256.0,12.17,12.16,12.14,12.1,12.09,12.08,12.07,12.06,12.05,12.03,12.2,12.22,12.23,12.25,12.28,12.29,12.3,12.32,12.33,12.34,800,400,500,1600,300,100,3000,8500,1900,2000,9600,1300,100,1000,3800,5000,7700,2500,11300,900
48.0,12.2,72100,877256.0,12.17,12.16,12.14,12.1,12.09,12.08,12.07,12.06,12.05,12.03,12.2,12.22,12.23,12.25,12.28,12.29,12.3,12.32,12.33,12.34,1100,400,500,1600,300,100,3000,8500,1900,2000,9600,1300,100,1000,3800,5000,7700,2500,11300,900
49.0,12.2,72100,877256.0,12.17,12.16,12.14,12.1,12.09,12.08,12.07,12.06,12.05,12.03,12.2,12.22,12.23,12.25,12.28,12.29,12.3,12.32,12.33,12.34,1100,400,500,1600,300,100,3000,8500,1900,2000,9600,1300,100,1000,3800,5000,7700,2500,11300,900
50.0,12.2,72100,877256.0,12.17,12.16,12.14,12.1,12.09,12.08,12.07,12.06,12.05,12.03,12.2,12.22,12.23,12.25,12.28,12.29,12.3,12.32,12.33,12.34,1100,400,500,1600,300,100,3000,8500,1900,2000,9600,1300,100,1000,3800,5000,7700,2500,11300,900
51.0,12.2,74900,911416.0,12.17,12.16,12.14,12.1,12.09,12.08,12.07,12.06,12.05,12.03,12.2,12.22,12.23,12.25,12.28,12.29,12.3,12.32,12.33,12.34,1300,400,500,1600,300,100,3000,8500,1900,2000,6800,200,100,1000,3800,5000,7700,2500,11300,900
52.0,12.17,78700,957662.0,12.16,12.14,12.1,12.09,12.08,12.07,12.06,12.05,12.03,12.02,12.19,12.2,12.22,12.23,12.25,12.28,12.29,12.3,12.32,12.33,400,500,1600,300,100,3000,8500,1900,2000,1200,600,6800,200,100,1000,3800,5000,7700,2500,12100
53.0,12.17,78700,957662.0,12.17,12.16,12.14,12.1,12.09,12.08,12.07,12.06,12.05,12.03,12.19,12.2,12.22,12.23,12.25,12.28,12.29,12.3,12.32,12.33,900,200,500,1600,300,100,3000,8500,1900,2000,600,6800,200,100,1000,3800,5000,7700,2500,12100
54.0,12.2,79400,966196.0,12.17,12.16,12.14,12.1,12.09,12.08,12.07,12.06,12.05,12.03,12.2,12.22,12.23,12.25,12.28,12.29,12.3,12.32,12.33,12.34,900,200,500,1600,300,100,3000,8500,1900,2000,6700,200,100,1000,3800,5000,7700,2500,12100,900
55.0,12.2,79400,966196.0,12.17,12.16,12.14,12.1,12.09,12.08,12.07,12.06,12.05,12.03,12.2,12.22,12.23,12.25,12.28,12.29,12.3,12.32,12.33,12.34,900,200,500,1600,300,100,3000,8500,1900,2000,6700,200,100,1000,3800,5000,7700,2500,12100,900
56.0,12.2,79400,966196.0,12.17,12.16,12.14,12.1,12.09,12.08,12.07,12.06,12.05,12.03,12.2,12.22,12.23,12.25,12.28,12.29,12.3,12.32,12.33,12.34,900,200,500,1600,300,100,3000,8500,1900,2000,6700,200,100,1000,3800,5000,7700,2500,12100,900
57.0,12.2,79400,966196.0,12.17,12.16,12.14,12.1,12.09,12.08,12.07,12.06,12.05,12.03,12.2,12.22,12.23,12.25,12.28,12.29,12.3,12.32,12.33,12.34,900,200,500,1600,300,100,3000,8500,1900,2000,6700,200,100,1000,3800,5000,7700,2500,12100,900
58.0,12.16,81600,992957.0,12.14,12.1,12.09,12.08,12.07,12.06,12.05,12.03,12.02,12.01,12.16,12.2,12.22,12.23,12.25,12.28,12.29,12.3,12.32,12.33,500,1600,300,100,3000,8500,1900,2000,1200,1200,1600,6700,200,100,1000,3800,5000,7700,2500,12100
59.0,12.16,83200,1012413.0,12.16,12.14,12.1,12.09,12.08,12.07,12.06,12.05,12.03,12.02,12.2,12.22,12.23,12.25,12.28,12.29,12.3,12.32,12.33,12.34,1500,1100,1600,300,100,3000,8500,1900,2000,1200,6700,200,100,1000,3800,5000,7700,2500,12100,900
60.0,12.16,84100,1023359.0,12.16,12.14,12.1,12.09,12.08,12.07,12.06,12.05,12.03,12.02,12.19,12.2,12.22,12.23,12.25,12.28,12.29,12.3,12.32,12.33,200,1100,1600,300,100,3000,8500,1900,2000,1200,1100,6800,200,100,1000,3800,5000,7700,2500,12100
61.0,12.16,84100,1023359.0,12.16,12.14,12.1,12.09,12.08,12.07,12.06,12.05,12.03,12.02,12.19,12.2,12.22,12.23,12.25,12.28,12.29,12.3,12.32,12.33,700,1100,1600,300,100,3000,8500,1900,2000,1200,1100,7500,200,100,1000,3800,5000,7700,2500,12100
62.0,12.16,84100,1023359.0,12.16,12.14,12.1,12.09,12.08,12.07,12.06,12.05,12.03,12.02,12.19,12.2,12.22,12.23,12.25,12.28,12.29,12.3,12.32,12.33,1000,1100,1600,300,100,3000,8500,1900,2000,1200,1100,7500,200,100,1000,3800,5000,7700,2500,12100
63.0,12.19,85100,1035549.0,12.18,12.16,12.14,12.1,12.09,12.08,12.07,12.06,12.05,12.03,12.19,12.2,12.22,12.23,12.25,12.28,12.29,12.3,12.32,12.33,200,1000,1100,1600,300,100,3000,8500,1900,2000,100,8100,200,100,1000,3800,5000,7700,2500,12100
64.0,12.19,85200,1036768.0,12.18,12.16,12.14,12.1,12.09,12.08,12.07,12.06,12.05,12.03,12.2,12.22,12.23,12.25,12.28,12.29,12.3,12.32,12.33,12.34,200,2000,1100,1600,300,100,3000,8500,1900,2000,8100,200,100,1000,3800,5000,7700,2500,12100,900
65.0,12.19,85500,1040425.0,12.18,12.16,12.14,12.12,12.1,12.09,12.08,12.07,12.06,12.05,12.2,12.22,12.23,12.25,12.28,12.29,12.3,12.32,12.33,12.34,300,1900,1100,80500,1600,300,100,3000,8500,1900,8100,200,100,1000,3800,5000,7700,2500,12100,900
66.0,12.19,93400,1136753.0,12.16,12.14,12.13,12.1,12.09,12.08,12.07,12.06,12.05,12.03,12.2,12.22,12.23,12.25,12.28,12.29,12.3,12.32,12.33,12.34,1900,1100,6400,1600,23500,100,3000,8500,1900,2000,6500,200,100,1000,3800,5000,7700,2500,12100,900
67.0,12.2,94000,1144073.0,12.16,12.14,12.13,12.1,12.09,12.08,12.07,12.06,12.05,12.03,12.2,12.22,12.23,12.25,12.28,12.29,12.3,12.32,12.33,12.34,1900,1100,6400,1600,23500,100,3000,8500,1900,2000,5900,200,100,1000,3800,5000,7700,2500,12100,900
68.0,12.19,94200,1146511.0,12.19,12.16,12.14,12.13,12.1,12.09,12.08,12.07,12.06,12.05,12.2,12.22,12.23,12.25,12.28,12.29,12.3,12.32,12.33,12.34,400,2000,1100,6400,1600,23500,100,3000,8500,1900,6500,200,100,1000,3800,5000,7700,2500,12100,900
69.0,12.2,96800,1178231.0,12.19,12.16,12.14,12.13,12.1,12.09,12.08,12.07,12.06,12.05,12.2,12.22,12.23,12.25,12.28,12.29,12.3,12.32,12.33,12.34,400,2000,1100,6700,1600,23500,100,3000,8500,1900,3900,200,100,1000,3800,5000,7700,2500,12100,900
70.0,12.19,97900,1191643.0,12.16,12.14,12.13,12.1,12.09,12.08,12.07,12.06,12.05,12.03,12.19,12.2,12.22,12.23,12.25,12.28,12.29,12.3,12.32,12.33,2000,1100,6700,1600,23500,100,3000,8500,1900,2000,200,3600,200,100,1000,3800,5000,7700,2500,12100
71.0,12.22,103600,1261135.0,12.2,12.16,12.14,12.13,12.1,12.09,12.08,12.07,12.06,12.05,12.23,12.25,12.28,12.29,12.3,12.32,12.33,12.34,12.35,12.39,1900,700,1100,6700,1600,23500,100,3000,8500,1900,100,1000,3800,5000,7700,2500,12100,900,100,1100
72.0,12.22,103600,1261135.0,12.2,12.16,12.14,12.13,12.1,12.09,12.08,12.07,12.06,12.05,12.23,12.25,12.28,12.29,12.3,12.32,12.33,12.34,12.35,12.39,1900,700,1100,6700,4500,23500,100,3000,8500,1900,100,1000,3800,5000,7700,2500,12100,900,100,1100
73.0,12.22,103600,1261135.0,12.2,12.16,12.14,12.13,12.1,12.09,12.08,12.07,12.06,12.05,12.21,12.23,12.25,12.28,12.29,12.3,12.32,12.33,12.34,12.35,1900,700,1100,6700,4500,23500,100,3000,8500,1900,4200,100,1000,3800,5000,7700,2500,12100,900,100
74.0,12.2,105700,1286757.0,12.2,12.16,12.14,12.13,12.1,12.09,12.08,12.07,12.06,12.05,12.21,12.23,12.25,12.28,12.29,12.3,12.32,12.33,12.34,12.35,200,700,3800,6400,4500,23500,100,3000,8500,1900,2300,100,1000,3800,5000,7700,2500,12100,900,100
75.0,12.2,105900,1289197.0,12.2,12.16,12.14,12.13,12.1,12.09,12.08,12.07,12.06,12.05,12.21,12.23,12.25,12.28,12.29,12.3,12.32,12.33,12.34,12.35,100,700,3800,6400,4500,23500,100,3000,8500,1900,4400,100,1000,3800,5000,7700,2500,12100,900,100
76.0,12.2,106200,1292859.0,12.16,12.14,12.13,12.1,12.09,12.08,12.07,12.06,12.05,12.03,12.19,12.21,12.23,12.25,12.28,12.29,12.3,12.32,12.33,12.34,700,1100,6400,4500,23500,100,3000,8500,1900,2000,200,4200,100,1000,3800,5000,7700,2500,12100,900
77.0,12.2,106200,1292859.0,12.16,12.14,12.13,12.1,12.09,12.08,12.07,12.06,12.05,12.03,12.17,12.19,12.21,12.23,12.25,12.27,12.28,12.29,12.3,12.32,700,1100,6400,4500,23500,100,3000,8500,1900,2000,600,200,4200,100,1000,900,3800,5000,7700,2500
78.0,12.21,111100,1352658.0,12.19,12.16,12.14,12.13,12.1,12.09,12.08,12.07,12.06,12.05,12.21,12.23,12.25,12.27,12.28,12.29,12.3,12.32,12.33,12.34,400,700,1100,6400,4500,23500,100,3000,8500,1900,200,100,1000,900,3800,5000,7700,2500,11300,900
79.0,12.21,111100,1352658.0,12.19,12.16,12.15,12.14,12.13,12.1,12.09,12.08,12.07,12.06,12.21,12.23,12.25,12.27,12.28,12.29,12.3,12.32,12.33,12.34,400,1600,500,1100,6400,4500,23500,100,3000,8500,200,100,1000,900,3800,5000,7700,2500,11300,900
80.0,12.21,111100,1352658.0,12.19,12.16,12.15,12.14,12.13,12.1,12.09,12.08,12.07,12.06,12.23,12.25,12.27,12.28,12.29,12.3,12.32,12.33,12.34,12.35,500,1600,500,1100,9400,4500,23500,100,3000,8500,100,1000,900,3800,5000,7700,2500,11300,900,100
81.0,12.21,111100,1352658.0,12.2,12.19,12.16,12.15,12.14,12.13,12.1,12.09,12.08,12.07,12.23,12.25,12.27,12.28,12.29,12.3,12.32,12.33,12.34,12.35,13000,700,1600,500,1300,9400,4500,23500,100,3000,300,1000,900,3800,5000,7700,2500,11300,900,100
82.0,12.2,112600,1370958.0,12.2,12.19,12.16,12.15,12.14,12.13,12.1,12.09,12.08,12.07,12.23,12.25,12.27,12.28,12.29,12.3,12.32,12.33,12.34,12.35,11500,700,1600,500,1300,9400,4500,23500,100,3000,300,1000,900,3800,5000,7700,2500,11300,900,100
83.0,12.2,112600,1370958.0,12.2,12.19,12.16,12.15,12.14,12.13,12.1,12.09,12.08,12.07,12.23,12.25,12.27,12.28,12.29,12.3,12.32,12.33,12.34,12.35,11500,700,1600,500,1300,9400,4500,23500,100,3000,300,1000,900,3800,5000,7700,2500,11300,900,100
84.0,12.2,112600,1370958.0,12.2,12.19,12.16,12.15,12.14,12.13,12.1,12.09,12.08,12.07,12.23,12.25,12.27,12.28,12.29,12.3,12.32,12.33,12.34,12.35,11500,600,1600,500,20500,9400,4500,23500,100,3000,300,1000,900,3800,5000,7700,2500,11300,900,100
85.0,12.2,112600,1370958.0,12.2,12.19,12.16,12.15,12.14,12.13,12.1,12.09,12.08,12.07,12.23,12.25,12.27,12.28,12.29,12.3,12.32,12.33,12.34,12.35,11500,600,1600,500,20500,9400,4500,23500,100,3000,300,1500,900,3800,5000,7700,2500,11300,900,100
86.0,12.23,112800,1373404.0,12.2,12.19,12.16,12.15,12.14,12.13,12.1,12.09,12.08,12.07,12.23,12.25,12.27,12.28,12.29,12.3,12.32,12.33,12.34,12.35,11500,600,1600,500,20500,9400,6000,23500,100,3000,100,1500,900,3800,5000,7700,2500,11300,900,100
87.0,12.2,113600,1383164.0,12.2,12.19,12.16,12.15,12.14,12.13,12.1,12.09,12.08,12.07,12.23,12.25,12.27,12.28,12.29,12.3,12.32,12.33,12.34,12.35,10700,600,1600,500,20500,9400,6000,23500,100,3000,100,1500,900,3800,5000,7700,2500,11300,900,100
88.0,12.2,113600,1383164.0,12.2,12.19,12.16,12.15,12.14,12.13,12.1,12.09,12.08,12.07,12.23,12.25,12.27,12.28,12.29,12.3,12.32,12.33,12.34,12.35,10700,700,1600,500,20500,9400,6000,23500,100,3000,100,1500,900,3800,5000,7700,2500,11300,900,100
89.0,12.23,113700,1384387.0,12.23,12.2,12.19,12.16,12.15,12.14,12.13,12.1,12.09,12.08,12.25,12.27,12.28,12.29,12.3,12.32,12.33,12.34,12.35,12.39,200,10700,700,1600,500,20500,9400,6000,23500,100,1500,900,3800,5000,7700,2500,11300,900,100,1100
90.0,12.23,113900,1386833.0,12.22,12.2,12.19,12.16,12.15,12.14,12.13,12.1,12.09,12.08,12.23,12.25,12.27,12.28,12.29,12.3,12.32,12.33,12.34,12.35,1600,10700,700,1600,500,20500,9400,6200,23500,100,100,1500,900,3800,5000,7700,2500,11300,900,100
91.0,12.23,113900,1386833.0,12.22,12.2,12.19,12.16,12.15,12.14,12.13,12.1,12.09,12.08,12.23,12.25,12.27,12.28,12.29,12.3,12.32,12.33,12.34,12.35,1600,10700,700,1600,3500,20500,9400,6200,23500,100,100,1500,900,3800,5000,7700,2500,11300,900,100
92.0,12.23,113900,1386833.0,12.22,12.2,12.19,12.16,12.15,12.14,12.13,12.11,12.1,12.09,12.23,12.25,12.27,12.28,12.29,12.3,12.32,12.33,12.34,12.35,1600,10700,2900,1600,3500,20500,9400,200,6200,23500,100,1500,900,3800,5000,7700,2500,11300,900,100
93.0,12.23,114000,1388056.0,12.22,12.2,12.19,12.16,12.15,12.14,12.13,12.11,12.1,12.09,12.25,12.27,12.28,12.29,12.3,12.32,12.33,12.34,12.35,12.39,1600,10700,2900,1600,3500,20500,9400,200,6200,23500,1500,900,3800,5000,7700,2500,11300,900,100,1100
94.0,12.25,114100,1389281.0,12.22,12.2,12.19,12.16,12.15,12.14,12.13,12.11,12.1,12.09,12.25,12.27,12.28,12.29,12.3,12.32,12.33,12.34,12.35,12.39,1600,10700,2900,1600,3500,20500,9400,200,6200,23500,1400,900,3800,5000,7700,2500,11300,900,100,1100
95.0,12.24,115200,1402749.0,12.22,12.2,12.19,12.16,12.15,12.14,12.13,12.11,12.1,12.09,12.24,12.25,12.27,12.28,12.29,12.3,12.32,12.33,12.34,12.35,1600,10700,2800,1600,3500,20500,9400,200,6200,23500,100,1300,900,3800,5000,7700,2500,11300,900,100
96.0,12.24,115200,1402749.0,12.22,12.2,12.19,12.16,12.15,12.14,12.13,12.11,12.1,12.09,12.24,12.25,12.27,12.28,12.29,12.3,12.32,12.33,12.34,12.35,1600,10700,2800,1600,3500,1300,9400,200,6200,23500,100,1300,900,3800,5000,7700,2500,11300,900,100
97.0,12.22,115300,1403971.0,12.22,12.2,12.19,12.16,12.15,12.14,12.13,12.11,12.1,12.09,12.24,12.25,12.27,12.28,12.29,12.3,12.32,12.33,12.34,12.35,1500,10700,2800,1600,3500,1300,9400,200,6200,23500,100,1300,900,3800,5000,7700,2500,11300,900,100
98.0,12.22,115300,1403971.0,12.23,12.22,12.2,12.19,12.16,12.15,12.14,12.13,12.11,12.1,12.24,12.25,12.27,12.28,12.29,12.3,12.32,12.33,12.34,12.35,9000,1500,10700,2800,1600,3500,1300,9400,200,6200,100,1300,900,3800,5000,7700,2500,11300,900,100
99.0,12.23,115500,1406417.0,12.23,12.22,12.19,12.16,12.15,12.14,12.13,12.11,12.1,12.09,12.24,12.25,12.27,12.28,12.29,12.3,12.32,12.33,12.34,12.35,8800,1500,2800,1600,3500,1300,9400,200,6200,23500,100,1300,900,3800,5000,7700,2500,11300,900,100
100.0,12.23,116800,1422325.0,12.23,12.22,12.19,12.16,12.15,12.14,12.13,12.11,12.1,12.09,12.25,12.27,12.28,12.29,12.3,12.32,12.33,12.34,12.35,12.39,8000,1500,2800,1600,3500,1300,9400,200,6200,23500,900,900,3800,5000,7700,2500,11300,900,100,1100
101.0,12.25,117100,1426000.0,12.23,12.22,12.19,12.16,12.15,12.14,12.13,12.11,12.1,12.09,12.25,12.27,12.28,12.29,12.3,12.32,12.33,12.34,12.35,12.39,8000,2500,2800,1600,3500,1300,9400,200,6200,23500,600,900,3800,5000,500,2500,11300,900,100,1100
102.0,12.25,117100,1426000.0,12.23,12.22,12.19,12.16,12.15,12.14,12.13,12.11,12.1,12.09,12.25,12.27,12.28,12.29,12.3,12.32,12.33,12.34,12.35,12.39,8100,2500,2800,1600,3500,1300,9400,200,6200,23500,600,900,3800,5000,500,2500,11300,900,100,1100
103.0,12.25,125100,1523844.0,12.23,12.22,12.19,12.16,12.15,12.14,12.13,12.11,12.1,12.09,12.25,12.27,12.28,12.29,12.3,12.32,12.33,12.34,12.35,12.39,300,2500,2800,1600,3500,1300,9400,200,6200,23500,500,900,3800,5000,500,2500,11300,900,100,1100
104.0,12.23,125300,1526292.0,12.23,12.22,12.19,12.16,12.15,12.14,12.13,12.11,12.1,12.09,12.25,12.27,12.28,12.29,12.3,12.32,12.33,12.34,12.35,12.39,200,2500,2800,1600,3500,1300,9400,200,6200,23500,400,900,3800,5000,500,2500,11300,900,100,1100
105.0,12.23,125300,1526292.0,12.23,12.22,12.19,12.16,12.15,12.14,12.13,12.11,12.1,12.09,12.25,12.27,12.28,12.29,12.3,12.32,12.33,12.34,12.35,12.39,300,2500,2800,1600,3500,1300,9400,200,6200,23500,400,900,3800,5000,500,2500,11300,900,100,1100
106.0,12.23,125300,1526292.0,12.24,12.23,12.22,12.19,12.16,12.15,12.14,12.13,12.11,12.1,12.25,12.27,12.28,12.29,12.3,12.32,12.33,12.34,12.35,12.39,2000,300,2500,2800,1600,3500,1300,9400,200,6200,400,900,3800,5000,500,2500,11300,900,100,1100
107.0,12.25,129700,1580189.0,12.25,12.24,12.23,12.22,12.19,12.16,12.15,12.14,12.13,12.11,12.27,12.28,12.29,12.3,12.32,12.33,12.34,12.35,12.39,12.4,8300,2200,300,2500,2800,1600,3500,1300,6400,200,900,3800,5000,500,2500,11300,900,100,1100,700
108.0,12.25,129700,1580189.0,12.25,12.24,12.23,12.22,12.2,12.19,12.16,12.15,12.14,12.13,12.27,12.28,12.29,12.3,12.32,12.33,12.34,12.35,12.39,12.4,8300,2200,300,2500,900,2800,1600,3500,1300,6400,900,3800,5000,500,2500,11300,900,100,1100,700
109.0,12.25,129700,1580189.0,12.25,12.24,12.23,12.22,12.2,12.19,12.16,12.15,12.14,12.13,12.27,12.28,12.29,12.3,12.32,12.33,12.34,12.35,12.39,12.4,28600,2200,300,2500,900,2800,1600,3500,1300,6400,900,3800,5000,500,2500,11300,900,100,1100,700
110.0,12.25,129700,1580189.0,12.25,12.24,12.23,12.22,12.2,12.19,12.16,12.15,12.14,12.13,12.27,12.28,12.29,12.3,12.32,12.33,12.34,12.35,12.39,12.4,28600,2200,200,2500,900,2800,1600,3500,1300,6400,900,3800,5000,500,2500,11300,900,100,1100,700
111.0,12.25,145700,1776191.0,12.25,12.24,12.23,12.22,12.2,12.19,12.16,12.15,12.14,12.13,12.27,12.28,12.29,12.3,12.32,12.33,12.34,12.35,12.39,12.4,12700,2200,100,2500,900,2800,1600,3500,1300,6400,800,3800,5100,500,2500,11300,900,100,1100,700
112.0,12.27,146500,1786007.0,12.27,12.25,12.24,12.23,12.22,12.2,12.19,12.16,12.15,12.14,12.28,12.29,12.3,12.32,12.33,12.34,12.35,12.39,12.4,12.41,100,12700,2200,300,2500,900,2800,1600,3500,1300,3800,5100,500,2500,11300,900,100,1100,700,300
113.0,12.28,147100,1793370.0,12.27,12.25,12.24,12.23,12.22,12.2,12.19,12.16,12.15,12.14,12.28,12.29,12.3,12.32,12.33,12.34,12.35,12.37,12.39,12.4,1600,12700,2200,300,2500,900,2800,1600,3500,1300,3300,5100,500,2500,11300,900,100,300,1100,700
114.0,12.28,149000,1816701.0,12.27,12.25,12.24,12.23,12.22,12.2,12.19,12.16,12.15,12.14,12.28,12.29,12.3,12.32,12.33,12.34,12.35,12.37,12.39,12.4,1500,12700,2200,300,2500,900,2800,1600,3500,1300,1500,5100,500,2500,11300,900,100,300,1100,700
115.0,12.28,149800,1826525.0,12.27,12.25,12.24,12.23,12.22,12.2,12.19,12.16,12.15,12.14,12.28,12.29,12.3,12.31,12.32,12.33,12.34,12.35,12.37,12.39,1500,12700,2200,300,1500,900,2800,1600,3500,1300,700,5100,500,1800,2500,11300,900,100,300,1100
116.0,12.28,149800,1826525.0,12.27,12.25,12.24,12.23,12.22,12.2,12.19,12.16,12.15,12.14,12.28,12.29,12.3,12.31,12.32,12.33,12.34,12.35,12.37,12.39,1500,13700,2200,300,1500,900,2800,1600,3500,1300,800,5100,500,1800,2500,11300,900,100,300,1100
117.0,12.27,149900,1827752.0,12.27,12.25,12.24,12.23,12.22,12.2,12.19,12.16,12.15,12.14,12.28,12.29,12.3,12.31,12.32,12.33,12.34,12.35,12.37,12.39,1400,13700,2200,300,1500,900,2800,1600,3500,1300,800,5100,500,1800,2500,11300,900,100,300,1100
118.0,12.27,149900,1827752.0,12.27,12.25,12.24,12.23,12.22,12.2,12.19,12.16,12.15,12.14,12.28,12.29,12.3,12.31,12.32,12.33,12.34,12.35,12.37,12.39,1600,13700,2200,300,1500,900,2800,1600,3500,1300,800,5100,500,1800,2500,11300,900,100,300,1100
119.0,12.31,158100,1928563.0,12.31,12.27,12.25,12.24,12.23,12.22,12.2,12.19,12.16,12.15,12.32,12.33,12.34,12.35,12.37,12.39,12.4,12.41,12.43,12.44,1900,1600,13700,2200,300,1500,900,2800,1600,3500,2500,11300,900,100,300,1100,700,300,800,2300
120.0,12.31,158200,1929794.0,12.31,12.27,12.25,12.24,12.23,12.22,12.2,12.19,12.16,12.15,12.32,12.33,12.34,12.35,12.37,12.39,12.4,12.41,12.43,12.44,1800,1600,13700,2200,300,1500,900,2800,1600,3500,2500,11300,900,100,300,1100,700,300,800,2300
121.0,12.31,158200,1929794.0,12.31,12.27,12.25,12.24,12.23,12.22,12.2,12.19,12.16,12.15,12.32,12.33,12.34,12.35,12.37,12.39,12.4,12.41,12.43,12.44,1800,1600,13700,2200,300,1500,900,2800,1600,3500,2500,11300,900,100,300,1100,700,300,800,2300
122.0,12.31,160300,1955645.0,12.27,12.25,12.24,12.23,12.22,12.2,12.19,12.16,12.15,12.14,12.32,12.33,12.34,12.35,12.37,12.39,12.4,12.41,12.43,12.44,1600,12500,2200,300,1500,900,2800,1600,3500,1300,2600,11300,900,100,300,1100,700,300,800,2300
123.0,12.32,161500,1970429.0,12.28,12.27,12.25,12.24,12.23,12.22,12.2,12.19,12.16,12.15,12.31,12.32,12.33,12.34,12.35,12.37,12.39,12.4,12.41,12.43,700,2800,12500,2200,300,1500,900,2800,1600,3500,700,2600,11300,900,100,300,1100,700,300,800
124.0,12.31,161600,1971660.0,12.28,12.27,12.25,12.24,12.23,12.22,12.2,12.19,12.16,12.15,12.31,12.32,12.33,12.34,12.35,12.37,12.39,12.4,12.41,12.43,700,2800,12500,2200,300,1500,900,2800,1600,3500,600,2500,11300,900,100,300,1100,700,300,800
125.0,12.28,162600,1983940.0,12.28,12.27,12.25,12.24,12.23,12.22,12.2,12.19,12.16,12.15,12.31,12.32,12.33,12.34,12.35,12.37,12.39,12.4,12.41,12.43,300,2800,12500,2200,300,1500,900,2800,1600,3500,600,2500,11300,900,100,300,1100,700,300,800
126.0,12.28,162600,1983940.0,12.27,12.25,12.24,12.23,12.22,12.2,12.19,12.16,12.15,12.14,12.3,12.31,12.32,12.33,12.34,12.35,12.37,12.39,12.4,12.41,1400,12500,2200,300,1500,900,2800,1600,3500,1300,2300,600,2500,11300,900,1900,300,1100,700,300
127.0,12.3,163100,1990087.0,12.27,12.25,12.24,12.23,12.2,12.19,12.16,12.15,12.14,12.13,12.28,12.3,12.31,12.32,12.33,12.34,12.35,12.37,12.39,12.4,1300,12500,2200,300,900,2800,1600,3500,1300,7400,100,1900,2100,2500,11300,900,1900,300,1100,700
128.0,12.28,163200,1991315.0,12.27,12.25,12.24,12.23,12.2,12.19,12.16,12.15,12.14,12.13,12.3,12.31,12.32,12.33,12.34,12.35,12.37,12.39,12.4,12.41,1300,12500,2200,100,900,2800,1600,3500,1300,7400,1900,2100,2500,11300,900,1900,300,1100,700,300
129.0,12.28,163200,1991315.0,12.27,12.25,12.24,12.23,12.2,12.19,12.16,12.15,12.14,12.13,12.3,12.31,12.32,12.33,12.34,12.35,12.37,12.39,12.4,12.41,1300,12500,2200,100,900,2800,1600,3500,1300,7400,2000,2100,2500,11300,900,1900,300,1100,700,300
130.0,12.27,165000,2013401.0,12.27,12.25,12.24,12.23,12.2,12.19,12.16,12.15,12.14,12.13,12.3,12.31,12.32,12.33,12.34,12.35,12.37,12.39,12.4,12.41,100,12500,2200,100,900,2800,1600,3500,1300,7400,2000,2100,2500,11300,900,1900,300,1100,700,300
131.0,12.28,166200,2028137.0,12.28,12.27,12.25,12.24,12.23,12.2,12.19,12.16,12.15,12.14,12.3,12.31,12.32,12.33,12.34,12.35,12.37,12.38,12.39,12.4,400,400,12500,2200,100,900,2800,1600,3500,1300,2000,2100,2500,11300,900,1900,300,1000,1100,700
132.0,12.28,166400,2030593.0,12.28,12.27,12.25,12.24,12.23,12.2,12.19,12.16,12.15,12.14,12.3,12.31,12.32,12.33,12.34,12.35,12.37,12.38,12.39,12.4,200,500,12500,2200,100,900,2800,1600,3500,1300,2100,600,2500,11300,900,1900,300,1000,1100,700
133.0,12.28,166500,2031821.0,12.28,12.27,12.25,12.24,12.23,12.2,12.19,12.16,12.15,12.14,12.3,12.31,12.32,12.33,12.34,12.35,12.37,12.38,12.39,12.4,100,500,12500,2200,100,900,2800,1600,3500,1300,2100,600,2500,11300,900,1900,300,1000,1100,700
134.0,12.27,166900,2036730.0,12.27,12.25,12.24,12.23,12.2,12.19,12.16,12.15,12.14,12.13,12.3,12.31,12.32,12.33,12.34,12.35,12.37,12.38,12.39,12.4,200,13600,2200,100,900,2800,1600,3500,1300,7400,2100,600,2500,11300,900,1900,300,1000,1100,700
135.0,12.3,167300,2041650.0,12.27,12.25,12.24,12.23,12.2,12.19,12.16,12.15,12.14,12.13,12.3,12.31,12.32,12.33,12.34,12.35,12.37,12.38,12.39,12.4,200,13600,2200,100,900,2800,1600,3500,1300,7400,1700,600,2500,11300,900,1900,300,1000,3300,700
136.0,12.3,167300,2041650.0,12.27,12.25,12.24,12.23,12.2,12.19,12.16,12.15,12.14,12.13,12.3,12.31,12.32,12.33,12.34,12.35,12.37,12.38,12.39,12.4,300,13600,2200,100,900,2800,1600,3500,1300,7400,1700,600,2500,11300,900,1900,300,1000,3300,700
137.0,12.27,175900,2147152.0,12.25,12.24,12.23,12.2,12.19,12.16,12.15,12.14,12.13,12.11,12.27,12.3,12.31,12.32,12.33,12.34,12.35,12.37,12.38,12.39,12600,2200,100,900,2800,1600,3500,1300,7400,4300,1600,1700,600,2500,11300,900,1900,300,1000,3300
138.0,12.27,176900,2159406.0,12.25,12.24,12.23,12.2,12.19,12.16,12.15,12.14,12.13,12.11,12.27,12.28,12.3,12.31,12.32,12.33,12.34,12.35,12.37,12.38,11800,2200,100,900,2800,1600,3500,1300,7400,4300,2800,1500,1700,600,2500,11300,900,1900,300,1000
139.0,12.25,178500,2179006.0,12.25,12.24,12.23,12.2,12.19,12.16,12.15,12.14,12.13,12.11,12.27,12.28,12.3,12.31,12.32,12.33,12.34,12.35,12.37,12.38,10200,2200,100,900,2800,1600,3500,1300,7400,4300,2800,1500,1700,600,2500,11300,900,1900,300,1000
140.0,12.25,178500,2179006.0,12.25,12.24,12.23,12.2,12.19,12.16,12.15,12.14,12.13,12.11,12.27,12.28,12.3,12.31,12.32,12.33,12.34,12.35,12.37,12.38,10300,2200,100,900,2800,1600,3500,1300,7400,4300,2800,1500,100,600,2500,11300,900,1900,300,1000
141.0,12.27,181300,2213346.0,12.25,12.24,12.23,12.2,12.19,12.16,12.15,12.14,12.13,12.11,12.27,12.28,12.3,12.31,12.32,12.33,12.34,12.35,12.37,12.38,9500,2200,100,900,2800,1600,3500,1300,7400,4300,800,1500,100,600,2500,11300,900,1900,300,1000
142.0,12.27,181300,2213346.0,12.25,12.24,12.23,12.2,12.19,12.16,12.15,12.14,12.13,12.11,12.27,12.28,12.3,12.31,12.32,12.33,12.34,12.35,12.37,12.38,9500,2200,100,900,2800,1600,3500,1300,7400,4300,800,1500,100,600,2500,11300,900,1900,300,1000
143.0,12.27,181400,2214573.0,12.26,12.25,12.24,12.23,12.2,12.19,12.16,12.15,12.14,12.13,12.27,12.28,12.3,12.31,12.32,12.33,12.34,12.35,12.37,12.38,100,9500,2200,100,900,2800,1600,3500,1300,7400,700,1500,100,600,2500,11300,900,1900,300,1000
144.0,12.27,181400,2214573.0,12.26,12.25,12.24,12.23,12.2,12.19,12.16,12.15,12.14,12.13,12.27,12.28,12.3,12.31,12.32,12.33,12.34,12.35,12.37,12.38,100,9500,2200,100,900,2800,1600,3500,1300,7400,700,1500,100,600,2500,11300,900,1900,300,1000
145.0,12.25,182100,2223149.0,12.25,12.24,12.23,12.2,12.19,12.16,12.15,12.14,12.13,12.11,12.27,12.28,12.3,12.31,12.32,12.33,12.34,12.35,12.37,12.38,8900,2200,100,900,2800,1600,3500,1300,7400,4300,700,1500,100,600,2600,11300,900,1900,300,1000
146.0,12.27,182800,2231738.0,12.25,12.24,12.23,12.2,12.19,12.16,12.15,12.14,12.13,12.11,12.28,12.3,12.31,12.32,12.33,12.34,12.35,12.37,12.38,12.39,8900,2200,100,900,2800,1600,3500,1300,7400,4300,1500,100,600,2600,11300,900,1900,300,1000,3300
147.0,12.27,182800,2231738.0,12.27,12.25,12.24,12.23,12.2,12.19,12.16,12.15,12.14,12.13,12.28,12.3,12.31,12.32,12.33,12.34,12.35,12.37,12.38,12.39,100,8900,2200,100,900,2800,1600,3500,1100,7400,1500,100,600,2600,11300,900,1900,300,1000,3300
148.0,12.27,182800,2231738.0,12.27,12.25,12.24,12.23,12.2,12.19,12.16,12.15,12.14,12.13,12.28,12.3,12.31,12.32,12.33,12.34,12.35,12.37,12.38,12.39,100,8900,2200,100,900,2800,1600,3500,1100,7400,1500,100,600,2600,11300,900,1900,300,1000,3300
149.0,12.27,182800,2231738.0,12.27,12.26,12.25,12.24,12.23,12.2,12.19,12.16,12.15,12.14,12.29,12.3,12.31,12.32,12.33,12.34,12.35,12.37,12.38,12.39,800,200,8900,2200,100,900,2800,1600,3500,1100,100,100,600,2600,11300,900,1900,300,1000,3300
150.0,12.27,182900,2232965.0,12.27,12.26,12.25,12.24,12.23,12.2,12.19,12.16,12.15,12.14,12.3,12.31,12.32,12.33,12.34,12.35,12.37,12.38,12.39,12.4,700,200,8900,2200,100,900,2800,1600,3500,1100,100,600,5600,11300,900,1900,300,1000,3300,700
151.0,12.27,182900,2232965.0,12.27,12.26,12.25,12.24,12.23,12.2,12.19,12.16,12.15,12.14,12.29,12.3,12.31,12.32,12.33,12.34,12.35,12.37,12.38,12.39,800,200,8900,2200,100,900,2800,1600,3500,1100,100,100,600,5600,11300,900,1900,300,1000,4200
152.0,12.27,182900,2232965.0,12.27,12.26,12.25,12.24,12.23,12.2,12.19,12.16,12.15,12.14,12.3,12.31,12.32,12.33,12.34,12.35,12.37,12.38,12.39,12.4,900,200,8800,2200,100,900,2800,1600,3500,1100,100,600,5600,11300,900,1900,300,1000,4200,700
153.0,12.27,182900,2232965.0,12.27,12.26,12.25,12.24,12.23,12.2,12.19,12.16,12.15,12.14,12.3,12.31,12.32,12.33,12.34,12.35,12.37,12.38,12.39,12.4,900,200,8800,2200,100,900,2800,1600,3500,1100,100,600,5600,11300,900,1900,300,1000,4200,700
154.0,12.27,182900,2232965.0,12.27,12.26,12.25,12.24,12.23,12.2,12.19,12.16,12.15,12.14,12.3,12.31,12.32,12.33,12.34,12.35,12.37,12.38,12.39,12.4,900,200,8800,2200,100,900,2800,1600,3500,1100,100,600,5600,11300,900,1900,300,1000,4200,700
155.0,12.27,183800,2244008.0,12.26,12.25,12.24,12.23,12.21,12.2,12.19,12.16,12.15,12.14,12.3,12.31,12.32,12.33,12.34,12.35,12.37,12.38,12.39,12.4,200,8800,2200,100,900,900,2800,1600,3500,1100,800,600,5600,11300,900,1900,300,1000,4200,700
156.0,12.26,184000,2246460.0,12.26,12.25,12.24,12.23,12.21,12.2,12.19,12.16,12.15,12.14,12.3,12.31,12.32,12.33,12.34,12.35,12.37,12.38,12.39,12.4,300,8800,2200,100,900,900,2800,1600,3500,1100,1100,600,5600,11300,900,1900,300,1000,4200,700
157.0,12.3,184500,2252610.0,12.26,12.25,12.24,12.23,12.21,12.2,12.19,12.16,12.15,12.14,12.3,12.31,12.32,12.33,12.34,12.35,12.37,12.38,12.39,12.4,300,8800,2200,100,900,900,2800,1600,3500,1100,700,600,5600,11300,900,1900,300,1000,4200,700
158.0,12.3,184500,2252610.0,12.26,12.25,12.24,12.23,12.21,12.2,12.19,12.16,12.15,12.14,12.3,12.31,12.32,12.33,12.34,12.35,12.37,12.38,12.39,12.4,300,8800,2200,100,900,900,2800,1600,3500,1100,700,600,5600,11300,900,1900,300,1000,4200,700
159.0,12.3,184500,2252610.0,12.26,12.25,12.24,12.23,12.21,12.2,12.19,12.16,12.15,12.14,12.27,12.3,12.31,12.32,12.33,12.34,12.35,12.37,12.38,12.39,600,8800,2200,100,900,900,2400,1600,3500,1100,200,1000,600,5600,11300,900,1900,300,1000,4200
160.0,12.26,184600,2253836.0,12.26,12.25,12.24,12.23,12.21,12.2,12.19,12.16,12.15,12.14,12.27,12.29,12.3,12.31,12.32,12.33,12.34,12.35,12.37,12.38,500,8800,2200,100,900,900,2400,1600,3500,1100,200,2300,1000,800,5600,11300,900,1900,300,1800
161.0,12.29,191400,2337404.0,12.26,12.25,12.24,12.23,12.21,12.2,12.19,12.16,12.15,12.14,12.29,12.3,12.31,12.32,12.33,12.34,12.35,12.37,12.38,12.39,500,8800,2200,100,900,900,2400,1600,3500,1100,1000,1000,800,5600,11300,900,1900,300,1800,4200
162.0,12.26,191500,2338630.0,12.26,12.25,12.24,12.23,12.21,12.2,12.19,12.16,12.15,12.14,12.29,12.3,12.31,12.32,12.33,12.34,12.35,12.37,12.38,12.39,400,8800,2200,100,900,900,2400,1600,3500,1100,1300,1000,800,6600,11300,900,1900,300,1800,4200
163.0,12.29,191600,2339859.0,12.26,12.25,12.24,12.23,12.21,12.2,12.19,12.16,12.15,12.14,12.29,12.3,12.31,12.32,12.33,12.34,12.35,12.37,12.38,12.39,400,8800,2200,100,900,1900,2400,1600,3500,1100,1200,1000,800,6600,11300,900,1900,300,1800,4200
164.0,12.29,191600,2339859.0,12.26,12.25,12.24,12.23,12.21,12.2,12.19,12.16,12.15,12.14,12.27,12.29,12.3,12.31,12.32,12.33,12.34,12.35,12.37,12.38,400,8800,2200,100,900,1900,2400,1600,3500,1100,100,1200,1000,800,6600,11300,900,1900,300,1800
165.0,12.29,192100,2346002.0,12.26,12.25,12.24,12.23,12.21,12.2,12.19,12.16,12.15,12.14,12.29,12.3,12.31,12.32,12.33,12.34,12.35,12.37,12.38,12.39,400,8800,2200,100,900,1900,2400,1600,3500,1100,800,1000,800,6600,11300,900,1900,300,1800,4200
166.0,12.29,192100,2346002.0,12.26,12.25,12.24,12.23,12.21,12.2,12.19,12.16,12.15,12.14,12.29,12.3,12.31,12.32,12.33,12.34,12.35,12.37,12.38,12.39,400,8800,2200,100,900,1900,2400,1600,3500,1100,1000,2000,800,6600,11300,900,1900,300,1800,4200
167.0,12.29,192200,2347231.0,12.26,12.25,12.24,12.23,12.21,12.2,12.19,12.16,12.15,12.14,12.29,12.3,12.31,12.32,12.33,12.34,12.35,12.37,12.38,12.39,500,8800,2200,100,900,1900,2400,1600,3500,1100,900,2000,800,6600,11300,900,1900,300,1800,4200
168.0,12.29,192200,2347231.0,12.26,12.25,12.24,12.23,12.21,12.2,12.19,12.16,12.15,12.14,12.29,12.3,12.31,12.32,12.33,12.34,12.35,12.37,12.38,12.39,500,8800,2200,100,900,1900,2400,1600,3500,1100,900,2000,800,6600,11300,900,1900,300,1800,4200
169.0,12.29,192200,2347231.0,12.26,12.25,12.24,12.23,12.21,12.2,12.19,12.16,12.15,12.14,12.29,12.3,12.31,12.32,12.33,12.34,12.35,12.37,12.38,12.39,500,8800,2200,100,900,1900,2400,1600,3500,1100,900,2000,800,6600,11300,900,1900,300,1800,4200
170.0,12.29,192200,2347231.0,12.26,12.25,12.24,12.23,12.21,12.2,12.19,12.16,12.15,12.14,12.29,12.3,12.31,12.32,12.33,12.34,12.35,12.37,12.38,12.39,500,8800,2200,100,900,2000,2400,1600,3500,1100,900,2000,800,6600,11300,900,1900,300,1800,4200
171.0,12.29,192200,2347231.0,12.26,12.25,12.24,12.23,12.21,12.2,12.19,12.16,12.15,12.14,12.29,12.3,12.31,12.32,12.33,12.34,12.35,12.37,12.38,12.39,500,8800,2200,100,900,2000,2400,1600,3500,1100,900,2000,800,6600,11300,900,1900,300,1800,4200
172.0,12.29,192200,2347231.0,12.26,12.25,12.24,12.23,12.21,12.2,12.19,12.16,12.15,12.14,12.29,12.3,12.31,12.32,12.33,12.34,12.35,12.37,12.38,12.39,500,8800,2200,100,900,2000,2400,1600,3500,1100,900,2000,800,6600,11300,900,1900,300,1800,4200
173.0,12.29,192200,2347231.0,12.26,12.25,12.24,12.23,12.21,12.2,12.19,12.16,12.15,12.14,12.29,12.3,12.31,12.32,12.33,12.34,12.35,12.37,12.38,12.39,500,8800,2200,100,900,2000,2400,1600,3500,1100,900,2000,800,6600,11300,900,1900,300,1800,4200
174.0,12.26,192300,2348457.0,12.26,12.25,12.24,12.23,12.21,12.2,12.19,12.16,12.15,12.14,12.29,12.3,12.31,12.32,12.33,12.34,12.35,12.37,12.38,12.39,400,8800,2200,100,900,2000,2400,1600,3500,1100,900,4700,800,6600,11300,900,1900,300,1800,4200
175.0,12.26,192300,2348457.0,12.26,12.25,12.24,12.23,12.21,12.2,12.19,12.16,12.15,12.14,12.29,12.3,12.31,12.32,12.33,12.34,12.35,12.37,12.38,12.39,400,8800,2200,100,900,2000,2400,1600,3500,1100,900,4700,800,6600,11300,900,1900,300,1800,4200
176.0,12.26,192300,2348457.0,12.26,12.25,12.24,12.23,12.21,12.2,12.19,12.16,12.15,12.14,12.29,12.3,12.31,12.32,12.33,12.34,12.35,12.37,12.38,12.39,400,8800,2200,100,900,2000,2400,1600,3500,1100,900,4700,800,6600,11300,900,1900,300,1800,4200
177.0,12.26,192300,2348457.0,12.26,12.25,12.24,12.23,12.21,12.2,12.19,12.16,12.15,12.14,12.29,12.3,12.31,12.32,12.33,12.34,12.35,12.37,12.38,12.39,400,8800,2200,100,900,2000,2400,1600,3500,1100,1000,4700,800,6600,11300,900,1900,300,1800,4200
178.0,12.26,192300,2348457.0,12.27,12.26,12.25,12.24,12.23,12.21,12.2,12.19,12.16,12.15,12.29,12.3,12.31,12.32,12.33,12.34,12.35,12.37,12.38,12.39,300,400,8800,2200,100,900,2000,2400,1600,3500,1000,4900,800,6600,11300,900,1900,300,1800,4200
179.0,12.26,192300,2348457.0,12.27,12.26,12.25,12.24,12.23,12.21,12.2,12.19,12.16,12.15,12.29,12.3,12.31,12.32,12.33,12.34,12.35,12.37,12.38,12.39,400,300,8800,2200,100,900,2000,2400,1600,3500,8100,4900,800,6600,11300,900,1900,300,1800,4200
180.0,12.26,192300,2348457.0,12.27,12.26,12.25,12.24,12.23,12.21,12.2,12.19,12.16,12.15,12.29,12.3,12.31,12.32,12.33,12.34,12.35,12.37,12.38,12.39,400,300,8800,2200,100,900,2000,2400,1600,3500,8100,4900,800,6600,11300,900,1900,300,1800,4200
181.0,12.26,192300,2348457.0,12.27,12.26,12.25,12.24,12.23,12.21,12.2,12.19,12.16,12.15,12.29,12.3,12.31,12.32,12.33,12.34,12.35,12.37,12.38,12.39,400,300,8800,2200,100,900,2000,2400,1600,3500,8100,4900,800,6600,11300,900,1900,300,1800,4200
182.0,12.26,192300,2348457.0,12.27,12.26,12.25,12.24,12.23,12.21,12.2,12.19,12.16,12.15,12.29,12.3,12.31,12.32,12.33,12.34,12.35,12.37,12.38,12.39,400,300,8800,2200,100,900,2000,2400,1600,3500,8100,4900,800,6600,11300,900,1900,300,1800,4200
183.0,12.26,195900,2392681.0,12.26,12.25,12.24,12.23,12.21,12.2,12.19,12.16,12.15,12.14,12.27,12.29,12.3,12.31,12.32,12.33,12.34,12.35,12.37,12.38,100,8800,2200,100,900,2000,2400,1600,3500,1100,200,5400,5300,800,6600,11300,900,1900,300,1800
184.0,12.26,195900,2392681.0,12.26,12.25,12.24,12.23,12.21,12.2,12.19,12.16,12.15,12.14,12.27,12.29,12.3,12.31,12.32,12.33,12.34,12.35,12.37,12.38,100,8800,2200,100,900,2000,2400,1600,3500,1100,200,5400,5300,800,6600,11300,900,1900,300,1800
185.0,12.27,196100,2395135.0,12.27,12.26,12.25,12.24,12.23,12.21,12.2,12.19,12.16,12.15,12.29,12.3,12.31,12.32,12.33,12.34,12.35,12.37,12.38,12.39,100,100,8800,2200,100,900,2000,2400,1600,3500,7600,5300,800,6600,11300,900,1900,300,1800,4200
186.0,12.27,196100,2395135.0,12.27,12.26,12.25,12.24,12.23,12.21,12.2,12.19,12.16,12.15,12.29,12.3,12.31,12.32,12.33,12.34,12.35,12.37,12.38,12.39,400,100,8800,2200,100,900,2000,2400,1600,3500,7600,5300,800,6600,11300,900,1900,300,1800,4200
187.0,12.27,196100,2395135.0,12.27,12.26,12.25,12.24,12.23,12.21,12.2,12.19,12.16,12.15,12.29,12.3,12.31,12.32,12.33,12.34,12.35,12.37,12.38,12.39,400,100,8800,2200,100,900,2000,2400,1600,3500,7600,5300,800,6600,11300,900,1900,300,1800,4200
188.0,12.27,196100,2395135.0,12.27,12.26,12.25,12.24,12.23,12.21,12.2,12.19,12.16,12.15,12.29,12.3,12.31,12.32,12.33,12.34,12.35,12.37,12.38,12.39,400,100,8800,2200,100,900,2000,2400,1600,3500,7600,5300,800,6600,12100,900,1900,300,1800,4200
189.0,12.29,196800,2403738.0,12.27,12.26,12.25,12.24,12.23,12.21,12.2,12.19,12.16,12.15,12.29,12.3,12.31,12.32,12.33,12.34,12.35,12.37,12.38,12.39,400,100,8800,2200,100,900,1900,2400,1600,3500,8900,5300,800,6600,12100,900,1900,300,1800,4200
190.0,12.29,197100,2407423.0,12.27,12.26,12.25,12.24,12.23,12.21,12.2,12.19,12.16,12.15,12.29,12.3,12.31,12.32,12.33,12.34,12.35,12.37,12.38,12.39,300,100,8800,2200,100,900,1900,2400,1600,3500,8700,5300,800,6600,12100,900,1900,300,1800,4200
191.0,12.29,197100,2407423.0,12.27,12.26,12.25,12.24,12.23,12.21,12.2,12.19,12.16,12.15,12.29,12.3,12.31,12.32,12.33,12.34,12.35,12.37,12.38,12.39,300,100,8800,2200,100,900,1900,2400,1600,3500,8700,5300,800,11600,12100,900,1900,300,1800,4200
192.0,12.29,197100,2407423.0,12.27,12.26,12.25,12.24,12.23,12.21,12.2,12.19,12.16,12.15,12.29,12.3,12.31,12.32,12.33,12.34,12.35,12.37,12.38,12.39,300,1000,8800,2200,100,900,1900,2400,1600,3500,8700,5300,800,11600,12100,900,1900,300,1800,4200
193.0,12.29,197100,2407423.0,12.27,12.26,12.25,12.24,12.23,12.21,12.2,12.19,12.16,12.15,12.29,12.3,12.31,12.32,12.33,12.34,12.35,12.37,12.38,12.39,300,1000,8800,2200,100,900,1900,2400,1600,3500,8700,5800,800,11600,12100,900,1900,300,1800,4200
194.0,12.29,197100,2407423.0,12.27,12.26,12.25,12.24,12.23,12.21,12.2,12.19,12.16,12.15,12.29,12.3,12.31,12.32,12.33,12.34,12.35,12.37,12.38,12.39,300,1000,8800,2200,100,900,1900,2400,1600,3500,8700,5800,800,11600,12100,900,1900,300,1800,4200
195.0,12.29,199100,2432003.0,12.27,12.26,12.25,12.24,12.23,12.21,12.2,12.19,12.16,12.15,12.29,12.3,12.31,12.32,12.33,12.34,12.35,12.37,12.38,12.39,4300,1000,8800,2200,100,900,1900,2400,1600,3500,6700,5800,800,11600,12100,900,1900,300,1800,4200
196.0,12.29,199500,2436919.0,12.27,12.26,12.25,12.24,12.23,12.21,12.2,12.19,12.16,12.15,12.29,12.3,12.31,12.32,12.33,12.34,12.35,12.37,12.38,12.39,4300,1000,8800,2200,100,900,1900,2400,1600,3500,6300,5800,800,11600,12100,900,1900,300,1800,4200
197.0,12.27,199900,2441827.0,12.27,12.26,12.25,12.24,12.23,12.21,12.2,12.19,12.16,12.15,12.29,12.3,12.31,12.32,12.33,12.34,12.35,12.37,12.38,12.39,3900,1000,11800,2200,100,900,1900,2400,1600,3500,6300,6800,800,11600,12100,900,1900,300,1800,4200
198.0,12.27,200600,2450416.0,12.27,12.26,12.25,12.24,12.23,12.21,12.2,12.19,12.16,12.15,12.29,12.3,12.31,12.32,12.33,12.34,12.35,12.37,12.38,12.39,3200,1000,11800,2200,100,900,1900,2400,1600,3500,6300,6800,800,11600,12100,900,1900,300,1800,4200
199.0,12.27,200900,2454097.0,12.27,12.26,12.25,12.24,12.23,12.21,12.2,12.19,12.16,12.15,12.29,12.3,12.31,12.32,12.33,12.34,12.35,12.37,12.38,12.39,2900,1000,11800,2200,100,900,1900,2400,1600,4000,6300,6800,800,11600,12100,900,1900,300,1800,4200
200.0,12.27,201100,2456551.0,12.27,12.26,12.25,12.24,12.23,12.21,12.2,12.19,12.16,12.15,12.29,12.3,12.31,12.32,12.33,12.34,12.35,12.36,12.37,12.38,2700,1000,11800,2200,100,900,1900,2400,1600,4000,6300,6800,800,11600,12100,900,1900,1300,300,1800
201.0,12.27,201100,2456551.0,12.27,12.26,12.25,12.24,12.23,12.21,12.2,12.19,12.16,12.15,12.29,12.3,12.31,12.32,12.33,12.34,12.35,12.36,12.37,12.38,2700,1000,11800,2200,100,900,1900,2400,1600,4000,6300,6800,800,11600,12100,900,1900,1300,300,1800
202.0,12.27,201300,2459005.0,12.27,12.26,12.25,12.24,12.23,12.21,12.2,12.19,12.16,12.15,12.29,12.3,12.31,12.32,12.33,12.34,12.35,12.36,12.37,12.38,2500,1000,11800,2200,100,900,1900,2400,1600,4000,6300,6800,800,11600,12100,900,1900,1300,300,1800
203.0,12.29,208400,2546245.0,12.27,12.26,12.25,12.24,12.23,12.21,12.2,12.19,12.16,12.15,12.29,12.3,12.31,12.32,12.33,12.34,12.35,12.36,12.37,12.38,2500,1000,11800,2200,100,900,1900,2400,1600,4000,1100,6800,800,12200,12100,900,1900,1300,300,1800
204.0,12.27,208600,2548699.0,12.27,12.26,12.25,12.24,12.23,12.21,12.2,12.19,12.16,12.15,12.29,12.3,12.31,12.32,12.33,12.34,12.35,12.36,12.37,12.38,2300,1000,11800,2200,100,900,1900,2400,1600,4000,1100,6800,800,12200,12100,900,1900,1300,300,1800
205.0,12.27,208600,2548699.0,12.27,12.26,12.25,12.24,12.23,12.21,12.2,12.19,12.16,12.15,12.29,12.3,12.31,12.32,12.33,12.34,12.35,12.36,12.37,12.38,2300,1000,11800,2200,100,900,2900,2400,1600,4000,1100,6800,800,12200,12100,900,1900,1300,300,7200
206.0,12.29,209000,2553611.0,12.27,12.26,12.25,12.24,12.23,12.21,12.2,12.19,12.16,12.15,12.29,12.3,12.31,12.32,12.33,12.34,12.35,12.36,12.37,12.38,2100,1000,11800,2200,100,900,2900,2400,1600,4000,900,6800,800,12200,12100,900,1900,1300,300,7200
207.0,12.29,209000,2553611.0,12.27,12.26,12.25,12.24,12.23,12.21,12.2,12.19,12.16,12.15,12.29,12.3,12.31,12.32,12.33,12.34,12.35,12.36,12.37,12.38,2100,1000,11800,2200,100,900,2900,2400,1600,4000,900,6800,800,12200,12100,900,4900,1300,300,7700
208.0,12.29,209000,2553611.0,12.27,12.26,12.25,12.24,12.23,12.21,12.2,12.19,12.16,12.15,12.29,12.3,12.31,12.32,12.33,12.34,12.35,12.36,12.37,12.38,2100,1000,11800,2200,100,900,2900,2400,1600,4000,900,6800,800,12200,12100,900,4900,1300,300,7700
209.0,12.27,209200,2556065.0,12.27,12.26,12.25,12.24,12.23,12.21,12.2,12.19,12.16,12.15,12.29,12.3,12.31,12.32,12.33,12.34,12.35,12.36,12.37,12.38,1900,1000,11800,2200,100,1500,2900,2400,1600,4000,900,6800,800,12200,12100,900,4900,1300,300,7700
210.0,12.29,210400,2570807.0,12.29,12.27,12.26,12.25,12.24,12.23,12.21,12.2,12.19,12.16,12.3,12.31,12.32,12.33,12.34,12.35,12.36,12.37,12.38,12.39,600,1600,1000,11800,2200,100,1500,2900,2400,1600,8900,800,12200,12100,900,4900,1300,300,7700,4200
211.0,12.29,210400,2570807.0,12.29,12.27,12.26,12.25,12.24,12.23,12.21,12.2,12.19,12.16,12.3,12.31,12.32,12.33,12.34,12.35,12.36,12.37,12.38,12.39,900,1600,1000,11800,2200,100,1500,2900,2400,1600,8900,800,12200,12100,900,4900,1300,300,7700,4200
212.0,12.29,211300,2581868.0,12.27,12.26,12.25,12.24,12.23,12.21,12.2,12.19,12.16,12.15,12.29,12.3,12.31,12.32,12.33,12.34,12.35,12.36,12.37,12.38,1600,1000,11800,2200,100,1500,2900,2400,1600,4000,2400,8900,1800,12200,12100,900,4900,1300,300,7700
213.0,12.27,211400,2583095.0,12.27,12.26,12.25,12.24,12.23,12.21,12.2,12.19,12.16,12.15,12.29,12.3,12.31,12.32,12.33,12.34,12.35,12.36,12.37,12.38,1500,1000,11800,2200,100,1500,2900,2400,1600,4000,2400,8900,1800,12200,12100,900,4900,1300,300,7700
214.0,12.27,211400,2583095.0,12.27,12.26,12.25,12.24,12.23,12.21,12.2,12.19,12.16,12.15,12.28,12.3,12.31,12.32,12.33,12.34,12.35,12.36,12.37,12.38,1500,1000,11800,2200,100,1500,2900,2400,1600,4000,1000,8900,1800,12200,12100,900,4900,1300,300,7700
215.0,12.27,213000,2602728.0,12.26,12.25,12.24,12.23,12.21,12.2,12.19,12.16,12.15,12.14,12.27,12.28,12.3,12.31,12.32,12.33,12.34,12.35,12.36,12.37,1000,11800,2200,100,1500,2900,2400,1600,4000,1100,7400,900,8900,1800,12200,12100,900,4900,1300,300
216.0,12.27,213000,2602728.0,12.26,12.25,12.24,12.23,12.21,12.2,12.19,12.16,12.15,12.14,12.27,12.28,12.3,12.31,12.32,12.33,12.34,12.35,12.36,12.37,1000,11800,2200,100,1500,2900,2400,1600,4000,1100,10300,900,8900,1800,12200,12100,900,4900,1300,300
217.0,12.26,213100,2603954.0,12.26,12.25,12.24,12.23,12.21,12.2,12.19,12.16,12.15,12.14,12.27,12.28,12.3,12.31,12.32,12.33,12.34,12.35,12.36,12.37,900,11800,2200,100,1500,2900,2400,1600,4000,1100,10300,900,8900,1800,12200,12100,900,4900,1300,300
218.0,12.26,213600,2610084.0,12.26,12.25,12.24,12.23,12.21,12.2,12.19,12.16,12.15,12.14,12.27,12.28,12.3,12.31,12.32,12.33,12.34,12.35,12.36,12.37,400,11800,2200,100,1500,2900,2400,1600,4000,1100,10600,900,8900,1800,12200,12100,900,4900,1300,300
219.0,12.27,214000,2614992.0,12.26,12.25,12.24,12.23,12.21,12.2,12.19,12.16,12.15,12.14,12.27,12.28,12.29,12.3,12.31,12.32,12.33,12.34,12.35,12.36,400,11800,2200,100,1500,2900,2400,1600,4000,1100,10200,900,200,8900,1700,12200,12100,900,4900,1300
220.0,12.27,214000,2614992.0,12.26,12.25,12.24,12.23,12.21,12.2,12.19,12.16,12.15,12.14,12.27,12.28,12.29,12.3,12.31,12.32,12.33,12.34,12.35,12.36,400,11800,2200,100,1500,2900,2400,1600,4000,1100,10200,1900,200,6800,1700,12200,12100,900,4900,1300
221.0,12.27,214000,2614992.0,12.26,12.25,12.24,12.23,12.21,12.2,12.19,12.16,12.15,12.14,12.27,12.28,12.29,12.3,12.31,12.32,12.33,12.34,12.35,12.36,400,11800,2200,100,1500,2900,2400,1600,4000,1100,10200,1900,200,7800,1700,12200,12100,900,4900,1300
222.0,12.25,215000,2627246.0,12.25,12.24,12.23,12.21,12.2,12.19,12.16,12.15,12.14,12.13,12.27,12.28,12.29,12.3,12.31,12.32,12.33,12.34,12.35,12.36,11200,2200,100,1500,2900,2400,1600,4000,1100,1100,10200,1900,200,7800,1700,12200,12100,900,4900,1300
223.0,12.25,215000,2627246.0,12.25,12.24,12.23,12.21,12.2,12.19,12.16,12.15,12.14,12.13,12.27,12.28,12.29,12.3,12.31,12.32,12.33,12.34,12.35,12.36,11200,2200,100,1500,2900,2400,1600,4000,1100,1100,10200,1900,200,8800,1700,12200,12100,900,4900,1300
224.0,12.25,215800,2637046.0,12.25,12.24,12.23,12.21,12.2,12.19,12.16,12.15,12.14,12.13,12.27,12.28,12.29,12.3,12.31,12.32,12.33,12.34,12.35,12.36,10400,2200,100,1500,2900,2400,1600,4000,1100,1100,10200,1900,200,8800,1700,12200,12100,900,4900,1300
225.0,12.25,215800,2637046.0,12.25,12.24,12.23,12.21,12.2,12.19,12.16,12.15,12.14,12.13,12.27,12.28,12.29,12.3,12.31,12.32,12.33,12.34,12.35,12.36,10400,2200,100,1500,2900,2400,1600,4000,1100,1100,10200,1900,200,8800,1700,12200,12100,900,4900,1300
226.0,12.25,216700,2648071.0,12.25,12.24,12.23,12.21,12.2,12.19,12.16,12.15,12.14,12.13,12.27,12.28,12.29,12.3,12.31,12.32,12.33,12.34,12.35,12.36,9500,2200,100,1500,2900,2400,1600,4000,1100,1100,10200,1900,200,8800,1700,12200,12100,900,4900,1300
227.0,12.25,218300,2667671.0,12.25,12.24,12.23,12.21,12.2,12.19,12.16,12.15,12.14,12.13,12.27,12.28,12.29,12.3,12.31,12.32,12.33,12.34,12.35,12.36,7900,2200,100,1500,2900,2400,1600,4000,1100,1100,10200,1900,200,8800,1700,12200,12100,900,4900,1300
228.0,12.25,218300,2667671.0,12.25,12.24,12.23,12.21,12.2,12.19,12.16,12.15,12.14,12.13,12.27,12.28,12.29,12.3,12.31,12.32,12.33,12.34,12.35,12.36,7900,2200,100,1500,2900,2400,1600,4000,1100,1100,10200,1900,200,9900,1700,12200,12100,900,4900,1300
229.0,12.25,218300,2667671.0,12.25,12.24,12.23,12.21,12.2,12.19,12.16,12.15,12.14,12.13,12.27,12.28,12.29,12.3,12.31,12.32,12.33,12.34,12.35,12.36,7900,2200,100,1500,2900,2400,1600,4000,1100,1100,10200,1900,200,9900,1700,12200,12100,900,4900,1300
230.0,12.25,218300,2667671.0,12.25,12.24,12.23,12.21,12.2,12.19,12.16,12.15,12.14,12.13,12.27,12.28,12.29,12.3,12.31,12.32,12.33,12.34,12.35,12.36,7900,2200,100,1500,2900,2400,1600,4000,1100,1100,10200,1900,200,9900,1700,12200,12100,900,4900,1300
231.0,12.25,219800,2686046.0,12.25,12.24,12.23,12.21,12.2,12.19,12.16,12.15,12.14,12.13,12.27,12.28,12.29,12.3,12.31,12.32,12.33,12.34,12.35,12.36,6400,2200,100,1500,2900,2400,1600,4000,1100,1100,10200,1900,200,9900,1700,12200,12100,900,4900,1300
232.0,12.25,219800,2686046.0,12.25,12.24,12.23,12.21,12.2,12.19,12.16,12.15,12.14,12.13,12.27,12.28,12.29,12.3,12.31,12.32,12.33,12.34,12.35,12.36,6400,2200,100,1500,2900,2400,1600,4000,1100,1100,10200,1900,200,9900,1700,12200,12100,900,4900,1300
233.0,12.25,221000,2700746.0,12.25,12.24,12.23,12.21,12.2,12.19,12.16,12.15,12.14,12.13,12.27,12.28,12.29,12.3,12.31,12.32,12.33,12.34,12.35,12.36,5200,2200,100,1500,2900,2400,1600,4000,1100,1100,10200,1900,6600,9900,1700,12200,12100,900,4900,1300
234.0,12.25,222000,2712996.0,12.25,12.24,12.23,12.21,12.2,12.19,12.16,12.15,12.14,12.13,12.27,12.28,12.29,12.3,12.31,12.32,12.33,12.34,12.35,12.36,4200,2200,100,1500,2900,2400,1600,4000,1100,1100,10200,1900,6600,9900,1700,12200,12100,900,4900,1300
235.0,12.25,222000,2712996.0,12.25,12.24,12.23,12.21,12.2,12.19,12.16,12.15,12.14,12.13,12.27,12.28,12.29,12.3,12.31,12.32,12.33,12.34,12.35,12.36,4200,2200,100,1500,2900,2400,1600,4000,1100,1100,7100,1900,6600,9900,1700,12200,12100,900,4900,1300
236.0,12.24,226300,2765670.0,12.24,12.23,12.21,12.2,12.19,12.16,12.15,12.14,12.13,12.11,12.25,12.27,12.28,12.29,12.3,12.31,12.32,12.33,12.34,12.35,2100,100,1500,2900,2400,1600,4000,1100,1100,5300,7900,7100,1900,6600,9900,1700,12200,12100,900,4900
237.0,12.24,228400,2791374.0,12.23,12.21,12.2,12.19,12.16,12.15,12.14,12.13,12.11,12.1,12.24,12.25,12.26,12.27,12.28,12.29,12.3,12.31,12.32,12.33,100,1500,2900,2400,1600,4000,1100,1100,5300,6200,200,7900,3400,7300,1900,6600,9900,1700,12200,12100
238.0,12.24,228400,2791374.0,12.23,12.21,12.2,12.19,12.16,12.15,12.14,12.13,12.11,12.1,12.24,12.25,12.26,12.27,12.28,12.29,12.3,12.31,12.32,12.33,100,1500,2900,2400,1600,4000,1100,1100,5300,6200,1100,7900,3400,7300,1900,6600,9900,1700,12200,12100
239.0,12.23,228600,2793820.0,12.21,12.2,12.19,12.16,12.15,12.14,12.13,12.11,12.1,12.09,12.23,12.24,12.25,12.26,12.27,12.28,12.29,12.3,12.31,12.32,1500,2900,2400,1600,4000,1100,1100,5300,6200,23500,4700,200,8900,3400,4300,1900,6600,9900,1700,12200
240.0,12.23,228600,2793820.0,12.21,12.2,12.19,12.16,12.15,12.14,12.13,12.11,12.1,12.09,12.23,12.24,12.25,12.26,12.27,12.28,12.29,12.3,12.31,12.32,1500,2900,2400,1600,4000,1100,1100,5300,6200,23500,4700,200,7900,3400,1700,900,6600,9900,1700,12200
241.0,12.21,229700,2807251.0,12.21,12.2,12.19,12.16,12.15,12.14,12.13,12.12,12.11,12.1,12.23,12.24,12.25,12.26,12.27,12.28,12.29,12.3,12.31,12.32,400,2900,2400,1600,4000,1100,1100,500,5300,6200,4700,200,7900,3400,1400,900,6600,9900,1700,12200
242.0,12.2,230800,2820681.0,12.2,12.19,12.16,12.15,12.14,12.13,12.12,12.11,12.1,12.09,12.21,12.23,12.24,12.25,12.26,12.27,12.28,12.29,12.3,12.31,2600,2400,1600,4000,1100,1100,500,5300,6200,23500,800,4600,200,7900,3400,1400,900,6600,9900,1700
243.0,12.2,231800,2832881.0,12.2,12.19,12.16,12.15,12.14,12.13,12.12,12.11,12.1,12.09,12.21,12.23,12.24,12.25,12.26,12.27,12.28,12.29,12.3,12.31,1600,2400,1600,4000,1100,1100,500,5300,6200,23500,800,4600,200,7900,3400,1400,900,6600,9900,1700
244.0,12.2,231800,2832881.0,12.2,12.19,12.16,12.15,12.14,12.13,12.12,12.11,12.1,12.09,12.21,12.23,12.24,12.25,12.26,12.27,12.28,12.29,12.3,12.31,1600,2400,1600,4000,1100,1100,500,5300,6200,23500,800,4600,200,7900,3400,1400,900,6600,9900,2700
245.0,12.2,233000,2847521.0,12.2,12.19,12.16,12.15,12.14,12.13,12.12,12.11,12.1,12.09,12.21,12.24,12.25,12.26,12.27,12.28,12.29,12.3,12.31,12.32,400,2400,1600,4000,1100,1100,500,5300,6200,23500,800,200,7900,3400,1400,900,6600,9900,2700,12200
246.0,12.2,233400,2852401.0,12.19,12.16,12.15,12.14,12.13,12.12,12.11,12.1,12.09,12.08,12.21,12.24,12.25,12.26,12.27,12.28,12.29,12.3,12.31,12.32,2400,1600,4000,1100,1100,500,5300,6200,23500,100,800,400,7900,3400,1200,900,6600,9900,3700,12200
247.0,12.2,233400,2852401.0,12.19,12.16,12.15,12.14,12.13,12.12,12.11,12.1,12.09,12.08,12.21,12.24,12.25,12.26,12.27,12.28,12.29,12.3,12.31,12.32,2400,1600,4000,1100,1100,500,5300,6200,23500,100,800,400,7900,3400,1200,900,6600,9900,3700,12200
248.0,12.2,233400,2852401.0,12.19,12.16,12.15,12.14,12.13,12.12,12.11,12.1,12.09,12.08,12.2,12.21,12.24,12.25,12.26,12.27,12.28,12.29,12.3,12.31,2400,1600,4000,1100,1100,800,5300,6200,23500,100,4600,800,400,7900,3400,1200,900,6600,9900,3700
249.0,12.19,234500,2865811.0,12.19,12.16,12.15,12.14,12.13,12.12,12.11,12.1,12.09,12.08,12.2,12.21,12.24,12.25,12.26,12.27,12.28,12.29,12.3,12.31,1400,1600,4000,1100,1100,800,5300,6200,23500,100,4500,800,400,7900,3400,1200,900,6600,9900,3700
250.0,12.19,234600,2867030.0,12.19,12.16,12.15,12.14,12.13,12.12,12.11,12.1,12.09,12.08,12.2,12.21,12.24,12.25,12.26,12.27,12.28,12.29,12.3,12.31,1300,1600,4000,1100,1100,800,5300,6200,23500,100,4600,800,400,7900,3400,1200,900,6600,9900,3700
251.0,12.19,234600,2867030.0,12.19,12.16,12.15,12.14,12.13,12.12,12.11,12.1,12.09,12.08,12.2,12.24,12.25,12.26,12.27,12.28,12.29,12.3,12.31,12.32,1300,1600,4000,1100,1100,800,5300,6200,23500,100,4600,400,7900,3400,1200,900,6600,9900,3700,12200
252.0,12.19,234700,2868249.0,12.19,12.16,12.15,12.14,12.13,12.12,12.11,12.1,12.09,12.08,12.2,12.24,12.25,12.26,12.27,12.28,12.29,12.3,12.31,12.32,1200,1600,4000,1100,1100,800,5300,6200,23500,100,4600,400,7900,3400,1200,900,6600,9900,3700,12200
253.0,12.19,234700,2868249.0,12.19,12.16,12.15,12.14,12.13,12.12,12.11,12.1,12.09,12.08,12.2,12.24,12.25,12.26,12.27,12.28,12.29,12.3,12.31,12.32,1200,1600,4000,1100,1100,800,5300,6200,23500,100,4600,400,7900,3400,1200,900,6600,9900,3700,12200
254.0,12.19,234700,2868249.0,12.19,12.16,12.15,12.14,12.13,12.12,12.11,12.1,12.09,12.08,12.2,12.24,12.25,12.26,12.27,12.28,12.29,12.3,12.31,12.32,1200,1600,4000,1100,1100,800,5300,6200,23500,100,4600,400,7900,3400,1200,900,6600,9900,3700,12200
255.0,12.19,234700,2868249.0,12.19,12.16,12.15,12.14,12.13,12.12,12.11,12.1,12.09,12.08,12.2,12.24,12.25,12.26,12.27,12.28,12.29,12.3,12.31,12.32,1200,1600,4000,1100,1100,800,5300,6200,23500,100,4600,400,7900,3400,1200,900,6600,9900,3700,12200
256.0,12.19,234800,2869468.0,12.19,12.16,12.15,12.14,12.13,12.12,12.11,12.1,12.09,12.08,12.2,12.24,12.25,12.26,12.27,12.28,12.29,12.3,12.31,12.32,1100,1600,4000,1100,1100,800,5300,6200,23500,100,4600,400,7900,3400,1200,900,6600,9900,3700,12200
257.0,12.19,235100,2873125.0,12.19,12.16,12.15,12.14,12.13,12.12,12.11,12.1,12.09,12.08,12.2,12.21,12.24,12.25,12.26,12.27,12.28,12.29,12.3,12.31,800,1600,4000,1100,1100,800,5300,6200,23500,100,4600,2800,400,7900,3400,1200,900,6600,9900,3700
258.0,12.19,235900,2882877.0,12.16,12.15,12.14,12.13,12.12,12.11,12.1,12.09,12.08,12.07,12.19,12.2,12.21,12.24,12.25,12.26,12.27,12.28,12.29,12.3,1600,4000,1100,1100,800,5300,6200,23500,100,2800,300,4600,2800,400,7900,3400,1200,900,6600,9900
259.0,12.16,236000,2884093.0,12.16,12.15,12.14,12.13,12.12,12.11,12.1,12.09,12.08,12.07,12.19,12.2,12.21,12.24,12.25,12.26,12.27,12.28,12.29,12.3,1500,4000,1100,1100,800,5300,6200,23500,100,2800,1900,4600,2800,400,7900,3400,1200,900,6600,9900
260.0,12.19,236400,2888969.0,12.16,12.15,12.14,12.13,12.12,12.11,12.1,12.09,12.08,12.07,12.19,12.2,12.21,12.24,12.25,12.26,12.27,12.28,12.29,12.3,1500,4000,1100,1100,800,5300,6200,23500,100,2800,1500,100,2800,400,7900,3400,1200,3100,200,9900
261.0,12.19,236400,2888969.0,12.16,12.15,12.14,12.13,12.12,12.11,12.1,12.09,12.08,12.07,12.19,12.2,12.21,12.24,12.25,12.26,12.27,12.28,12.29,12.3,1700,4000,1100,1100,800,5300,6200,23500,100,2800,1700,100,2800,400,7900,3400,1200,7200,200,9900
262.0,12.16,236500,2890185.0,12.16,12.15,12.14,12.13,12.12,12.11,12.1,12.09,12.08,12.07,12.19,12.2,12.21,12.24,12.25,12.26,12.27,12.28,12.29,12.3,1600,4000,1100,1100,800,5300,6200,23500,100,2800,1700,100,2800,400,7900,3400,1200,7200,200,9900
263.0,12.16,236500,2890185.0,12.16,12.15,12.14,12.13,12.12,12.11,12.1,12.09,12.08,12.07,12.19,12.2,12.21,12.24,12.25,12.26,12.27,12.28,12.29,12.3,1600,4000,1100,1100,800,5300,6200,23500,100,2800,1700,100,2800,400,7900,3400,1200,7200,200,9900
264.0,12.16,236600,2891401.0,12.16,12.15,12.14,12.13,12.12,12.11,12.1,12.09,12.08,12.07,12.19,12.2,12.21,12.24,12.25,12.26,12.27,12.28,12.29,12.3,1500,4000,1100,1100,800,5300,6200,23500,100,2800,1700,100,2800,400,7900,3400,1200,7200,200,9900
265.0,12.16,236600,2891401.0,12.16,12.15,12.14,12.13,12.12,12.11,12.1,12.09,12.08,12.07,12.19,12.2,12.21,12.24,12.25,12.26,12.27,12.28,12.29,12.3,1700,4000,1100,1100,800,5300,6200,23500,100,2800,1900,100,2800,400,7900,3400,1200,7200,200,9900
266.0,12.16,236700,2892617.0,12.16,12.15,12.14,12.13,12.12,12.11,12.1,12.09,12.08,12.07,12.18,12.19,12.2,12.21,12.24,12.25,12.26,12.27,12.28,12.29,1600,4000,1100,1100,800,5300,6200,23500,100,2800,6400,1900,100,2800,400,7900,3400,1200,7200,200
267.0,12.16,236700,2892617.0,12.16,12.15,12.14,12.13,12.12,12.11,12.1,12.09,12.08,12.07,12.18,12.19,12.2,12.21,12.24,12.25,12.26,12.27,12.28,12.29,1600,4000,1100,1100,800,5300,6200,23500,100,2800,6400,1900,100,2800,400,7900,3400,1200,7200,200
268.0,12.16,237000,2896265.0,12.16,12.15,12.14,12.13,12.12,12.11,12.1,12.09,12.08,12.07,12.18,12.19,12.2,12.21,12.24,12.25,12.26,12.27,12.28,12.29,1700,4000,1100,1100,800,5300,6200,23500,100,2800,6400,1900,100,2800,400,7900,3400,1200,7200,200
269.0,12.16,238500,2914505.0,12.16,12.15,12.14,12.13,12.12,12.11,12.1,12.09,12.08,12.07,12.18,12.19,12.2,12.21,12.24,12.25,12.26,12.27,12.28,12.29,500,4000,1100,1100,800,5300,6200,23500,100,2800,6400,1900,100,2800,400,7900,3400,1200,7200,200
270.0,12.16,238500,2914505.0,12.16,12.15,12.14,12.13,12.12,12.11,12.1,12.09,12.08,12.07,12.18,12.19,12.2,12.21,12.24,12.25,12.26,12.27,12.28,12.29,500,4000,1100,1100,800,5300,6200,23500,100,2800,6400,1900,100,2800,400,7900,3400,1200,7200,200
271.0,12.16,238500,2914505.0,12.16,12.15,12.14,12.13,12.12,12.11,12.1,12.09,12.08,12.07,12.18,12.19,12.2,12.21,12.24,12.25,12.26,12.27,12.28,12.29,500,4000,1100,1100,1600,5300,6200,23500,100,2800,6400,1900,100,2800,400,7900,3400,1200,7200,200
272.0,12.16,238500,2914505.0,12.16,12.15,12.14,12.13,12.12,12.11,12.1,12.09,12.08,12.07,12.18,12.19,12.2,12.21,12.24,12.25,12.26,12.27,12.28,12.29,700,4000,1100,1100,1600,5300,6200,23500,100,2800,6400,1900,100,2800,400,7900,3400,1200,7200,200
273.0,12.16,238500,2914505.0,12.16,12.15,12.14,12.13,12.12,12.11,12.1,12.09,12.08,12.07,12.18,12.19,12.2,12.21,12.24,12.25,12.26,12.27,12.28,12.29,700,4000,1100,1100,1600,5300,6200,23500,100,2800,6400,1900,100,2800,400,7900,3400,1200,7200,200
274.0,12.16,238500,2914505.0,12.16,12.15,12.14,12.13,12.12,12.11,12.1,12.09,12.08,12.07,12.18,12.19,12.2,12.21,12.24,12.25,12.26,12.27,12.28,12.29,700,4000,1100,1100,1600,5300,6200,23500,100,2800,6400,1900,100,2800,400,7900,3400,1200,7200,200
275.0,12.18,244300,2985149.0,12.16,12.15,12.14,12.13,12.12,12.11,12.1,12.09,12.08,12.07,12.18,12.19,12.2,12.21,12.24,12.25,12.26,12.27,12.28,12.29,1000,4000,1100,1100,1600,5300,6200,23500,100,2800,700,1900,100,2800,400,7900,3400,1200,7200,200
276.0,12.18,244300,2985149.0,12.16,12.15,12.14,12.13,12.12,12.11,12.1,12.09,12.08,12.07,12.18,12.19,12.2,12.21,12.24,12.25,12.26,12.27,12.28,12.29,1000,4000,1100,1100,1600,5300,6200,23500,100,2800,700,1900,100,2800,400,7900,3400,1200,7200,200
277.0,12.16,245000,2993661.0,12.17,12.16,12.15,12.14,12.13,12.12,12.11,12.1,12.09,12.08,12.18,12.19,12.2,12.21,12.24,12.25,12.26,12.27,12.28,12.29,400,1500,4000,1100,1100,1600,5300,6200,23500,100,700,1900,100,2800,400,7900,3400,1200,7200,200
278.0,12.18,245200,2996097.0,12.17,12.16,12.15,12.14,12.13,12.12,12.11,12.1,12.09,12.08,12.18,12.19,12.2,12.21,12.24,12.25,12.26,12.27,12.28,12.29,400,1500,4000,1100,1100,1600,5300,6200,23500,100,500,1900,100,2800,400,7900,3400,1200,7200,200
279.0,12.19,246000,3005842.0,12.17,12.16,12.15,12.14,12.13,12.12,12.11,12.1,12.09,12.08,12.19,12.2,12.21,12.24,12.25,12.26,12.27,12.28,12.3,12.31,400,1400,4000,1100,1100,1600,5300,6200,23500,100,1800,100,2800,400,7900,3400,1200,7200,9900,3700
280.0,12.19,246000,3005842.0,12.17,12.16,12.15,12.14,12.13,12.12,12.11,12.1,12.09,12.08,12.19,12.2,12.21,12.24,12.25,12.26,12.27,12.28,12.3,12.31,400,1500,4000,1100,1100,1600,5300,6200,23500,100,1800,100,2800,400,7900,3400,1200,7200,9900,3700
281.0,12.19,246400,3010718.0,12.17,12.16,12.15,12.14,12.13,12.12,12.11,12.1,12.09,12.08,12.19,12.2,12.21,12.24,12.25,12.26,12.27,12.28,12.3,12.31,800,1500,4000,1100,1100,1600,5300,6200,23500,100,1400,100,2800,400,7900,3400,1200,7200,11000,3700
282.0,12.19,246400,3010718.0,12.17,12.16,12.15,12.14,12.13,12.12,12.11,12.1,12.09,12.08,12.19,12.2,12.21,12.24,12.25,12.26,12.27,12.28,12.3,12.31,800,1500,4000,1100,1100,1600,5300,6200,23500,100,1400,100,2800,400,7900,3400,1200,7200,11000,3700
283.0,12.19,246500,3011937.0,12.18,12.17,12.16,12.15,12.14,12.13,12.12,12.11,12.1,12.09,12.19,12.2,12.21,12.24,12.25,12.26,12.27,12.28,12.3,12.31,1000,800,1500,4000,1100,1100,1600,5300,6200,23500,1300,100,2800,400,7900,3400,1200,7200,11000,3700
284.0,12.19,246500,3011937.0,12.18,12.17,12.16,12.15,12.14,12.13,12.12,12.11,12.1,12.09,12.19,12.2,12.21,12.24,12.25,12.26,12.27,12.28,12.3,12.31,1000,800,1500,4000,1100,1100,1600,5300,6200,23500,1300,100,2800,400,7900,3400,1200,7200,11000,3700
285.0,12.19,246500,3011937.0,12.18,12.17,12.16,12.15,12.14,12.13,12.12,12.11,12.1,12.09,12.19,12.2,12.21,12.24,12.25,12.26,12.27,12.28,12.3,12.31,1000,800,1500,4000,1100,1100,1600,5300,6200,23500,1300,100,2800,400,7900,3400,1200,7200,11000,3700
286.0,12.19,247800,3027784.0,12.19,12.18,12.17,12.16,12.15,12.14,12.13,12.12,12.11,12.1,12.2,12.21,12.24,12.25,12.26,12.27,12.28,12.3,12.31,12.32,10400,1000,800,1500,4000,1100,1100,1600,5300,6200,100,2800,400,7900,3400,1200,7200,11000,3700,12600
287.0,12.19,249400,3047288.0,12.19,12.18,12.17,12.16,12.15,12.14,12.13,12.12,12.11,12.1,12.2,12.21,12.24,12.25,12.26,12.27,12.28,12.3,12.31,12.32,8800,1000,800,1500,4000,1100,1100,1600,5300,6200,100,2800,400,7900,3400,1200,7200,11000,3700,12600
288.0,12.19,249400,3047288.0,12.19,12.18,12.17,12.16,12.15,12.14,12.13,12.12,12.11,12.1,12.2,12.21,12.24,12.25,12.26,12.27,12.28,12.3,12.31,12.32,8800,1000,800,1500,4000,1100,1100,1600,5300,6200,100,2800,200,7900,3400,1200,7200,11000,3700,12600
289.0,12.19,249400,3047288.0,12.19,12.18,12.17,12.16,12.15,12.14,12.13,12.12,12.11,12.1,12.2,12.21,12.24,12.25,12.26,12.27,12.28,12.3,12.31,12.32,8800,1000,1800,1500,4000,1100,1100,1600,5300,6200,100,2800,200,7900,3400,1200,7200,11000,3700,12600
290.0,12.19,249400,3047288.0,12.19,12.18,12.17,12.16,12.15,12.14,12.13,12.12,12.11,12.1,12.2,12.21,12.24,12.25,12.26,12.27,12.28,12.3,12.31,12.32,8800,1000,1400,1500,4000,1100,1100,1600,5300,6200,100,2800,200,7900,3400,1200,7200,11000,3700,12600
291.0,12.2,249700,3050948.0,12.19,12.18,12.17,12.16,12.15,12.14,12.13,12.12,12.11,12.1,12.2,12.21,12.24,12.25,12.26,12.27,12.28,12.3,12.31,12.32,8800,1000,1400,1500,4000,1100,1100,1600,5300,6200,100,2800,200,7900,3400,1200,7200,11000,3700,12600
292.0,12.19,251300,3070452.0,12.19,12.18,12.17,12.16,12.15,12.14,12.13,12.12,12.11,12.1,12.2,12.21,12.24,12.25,12.26,12.27,12.28,12.3,12.31,12.32,7200,1000,1400,1500,4000,1100,1100,1600,5300,6200,100,2800,200,7900,3400,1200,7200,11000,3700,12600
293.0,12.19,251300,3070452.0,12.19,12.18,12.17,12.16,12.15,12.14,12.13,12.12,12.11,12.1,12.2,12.21,12.24,12.25,12.26,12.27,12.28,12.3,12.31,12.32,7200,1000,1400,1500,4000,1100,1100,1600,5300,6200,100,2800,200,7900,3400,1200,7200,11000,3700,12600
294.0,12.19,251300,3070452.0,12.19,12.18,12.17,12.16,12.15,12.14,12.13,12.12,12.11,12.1,12.2,12.21,12.24,12.25,12.26,12.27,12.28,12.3,12.31,12.32,7200,1000,1400,1500,4000,1100,1100,1600,5300,6200,100,2800,200,7900,3400,1200,7200,11000,3700,12600
295.0,12.19,252000,3078985.0,12.19,12.18,12.17,12.16,12.15,12.14,12.13,12.12,12.11,12.1,12.2,12.21,12.24,12.25,12.26,12.27,12.28,12.3,12.31,12.32,6500,1000,1400,2000,4000,1100,1100,1600,5300,6200,100,2800,200,7900,3400,1200,7200,11000,3700,12600
296.0,12.19,252000,3078985.0,12.19,12.18,12.17,12.16,12.15,12.14,12.13,12.12,12.11,12.1,12.2,12.21,12.24,12.25,12.26,12.27,12.28,12.3,12.31,12.32,6500,1000,400,2000,4000,1100,1100,1600,5300,6200,100,2800,200,7900,3400,1200,7200,11000,3700,12600
297.0,12.19,252000,3078985.0,12.19,12.18,12.17,12.16,12.15,12.14,12.13,12.12,12.11,12.1,12.2,12.21,12.24,12.25,12.26,12.27,12.28,12.3,12.31,12.32,6500,1000,400,2000,4000,1100,1100,1600,5300,6200,100,2800,200,7900,3400,1200,7200,11000,3700,12600
298.0,12.19,252000,3078985.0,12.19,12.18,12.17,12.16,12.15,12.14,12.13,12.12,12.11,12.1,12.2,12.21,12.24,12.25,12.26,12.27,12.28,12.3,12.31,12.32,6500,1000,400,2000,4000,1100,1100,1600,5300,6200,100,2800,200,9900,3400,1200,7200,11000,3700,12600
299.0,12.19,252000,3078985.0,12.19,12.18,12.17,12.16,12.15,12.14,12.13,12.12,12.11,12.1,12.2,12.21,12.24,12.25,12.26,12.27,12.28,12.3,12.31,12.32,6500,1000,400,2000,4000,1100,1100,1600,5300,6200,100,2800,200,9900,3400,1200,7200,11000,3700,12600
300.0,12.19,252000,3078985.0,12.19,12.18,12.17,12.16,12.15,12.14,12.13,12.12,12.11,12.1,12.2,12.21,12.24,12.25,12.26,12.27,12.28,12.3,12.31,12.32,6500,1000,400,2000,4000,1100,1100,1600,5300,6200,100,2800,200,9900,3400,1200,7200,11000,3700,12600
301.0,12.19,252000,3078985.0,12.19,12.18,12.17,12.16,12.15,12.14,12.13,12.12,12.11,12.1,12.2,12.21,12.24,12.25,12.26,12.27,12.28,12.3,12.31,12.32,6500,1000,400,2000,4000,1100,1100,1600,5300,6200,100,2800,200,9900,3400,1200,7200,11000,3700,12600
302.0,12.2,252700,3087519.0,12.2,12.19,12.18,12.17,12.16,12.15,12.14,12.13,12.12,12.11,12.21,12.24,12.25,12.26,12.27,12.28,12.3,12.31,12.32,12.33,900,5900,1000,400,2000,4000,1100,1100,1600,5300,2800,200,9900,3400,1200,7200,11000,3700,12600,11600
303.0,12.2,252700,3087519.0,12.2,12.19,12.18,12.17,12.16,12.15,12.14,12.13,12.12,12.11,12.21,12.24,12.25,12.26,12.27,12.28,12.3,12.31,12.32,12.33,900,5900,1000,400,2000,4000,1100,1100,1600,5300,2800,200,9900,3400,1200,7200,11000,3700,12600,11600
304.0,12.21,252900,3089960.0,12.2,12.19,12.18,12.17,12.16,12.15,12.14,12.13,12.12,12.11,12.21,12.24,12.25,12.26,12.27,12.28,12.3,12.31,12.32,12.33,800,5900,1000,400,2000,4000,1100,1100,1600,5300,2700,200,9900,3400,1200,7200,11000,3700,12600,11600
305.0,12.21,255600,3122927.0,12.21,12.2,12.19,12.18,12.17,12.16,12.15,12.14,12.13,12.12,12.24,12.25,12.26,12.27,12.28,12.3,12.31,12.32,12.33,12.34,7500,1900,5900,1000,400,2000,4000,1100,1100,1600,200,9900,3400,1200,7200,11000,3700,12600,11600,900
306.0,12.21,255600,3122927.0,12.21,12.2,12.19,12.18,12.17,12.16,12.15,12.14,12.13,12.12,12.24,12.25,12.26,12.27,12.28,12.3,12.31,12.32,12.33,12.34,7700,1800,5900,1000,400,2000,4000,1100,1100,1600,3100,10100,3400,1200,7200,11000,3700,12600,11600,900
307.0,12.23,255900,3126596.0,12.22,12.21,12.2,12.19,12.18,12.17,12.16,12.15,12.14,12.13,12.24,12.25,12.26,12.27,12.28,12.3,12.31,12.32,12.33,12.34,2100,7700,1800,5900,1000,400,2000,4000,1100,1100,800,10100,3400,1200,7200,11000,3700,12600,11600,900
308.0,12.23,255900,3126596.0,12.23,12.22,12.21,12.2,12.19,12.18,12.17,12.16,12.15,12.14,12.24,12.25,12.26,12.27,12.3,12.31,12.32,12.33,12.34,12.35,6400,2100,7700,1800,5900,1500,400,2000,4000,1100,800,10100,3400,1200,11000,2700,12600,11600,900,4900
309.0,12.23,255900,3126596.0,12.23,12.22,12.21,12.2,12.19,12.18,12.17,12.16,12.15,12.14,12.24,12.25,12.26,12.27,12.3,12.31,12.32,12.33,12.34,12.35,6400,2100,7700,1800,5900,1500,400,2000,4000,1100,800,10100,3400,1200,11000,2700,12600,11600,900,4900
310.0,12.23,256700,3136381.0,12.23,12.22,12.21,12.2,12.19,12.18,12.17,12.16,12.15,12.14,12.24,12.25,12.26,12.27,12.3,12.31,12.32,12.33,12.34,12.35,5700,2100,7700,1800,5900,1500,400,2000,4000,1100,700,10100,3400,1200,11000,2700,12600,11600,900,4900
311.0,12.24,256800,3137605.0,12.23,12.22,12.21,12.2,12.19,12.18,12.17,12.16,12.15,12.14,12.24,12.25,12.26,12.27,12.3,12.31,12.32,12.33,12.34,12.35,5700,2100,7700,1800,5900,1500,400,2000,4000,1100,600,10100,3400,1200,11000,2700,12600,11600,900,4900
312.0,12.23,257000,3140051.0,12.23,12.22,12.21,12.2,12.19,12.18,12.17,12.16,12.15,12.14,12.24,12.25,12.26,12.27,12.3,12.31,12.32,12.33,12.34,12.35,5500,2100,7700,1800,5900,1500,400,2000,4000,1100,1400,10100,3400,1200,11000,2700,12600,11600,900,4900
313.0,12.23,257000,3140051.0,12.23,12.22,12.21,12.2,12.19,12.18,12.17,12.16,12.15,12.14,12.24,12.25,12.26,12.27,12.3,12.31,12.32,12.33,12.34,12.35,5500,2100,7700,1800,5900,1500,400,2000,4000,1100,1400,10100,3400,1200,11000,2500,12600,11600,900,4900
314.0,12.23,257000,3140051.0,12.23,12.22,12.21,12.2,12.19,12.18,12.17,12.16,12.15,12.14,12.24,12.25,12.26,12.27,12.3,12.31,12.32,12.33,12.34,12.35,5500,2100,7700,1800,5900,1500,400,2000,4000,1100,1400,10100,3400,1200,11000,2500,12600,11600,900,4900
315.0,12.23,257000,3140051.0,12.23,12.22,12.21,12.2,12.19,12.18,12.17,12.16,12.15,12.14,12.24,12.25,12.26,12.27,12.3,12.31,12.32,12.33,12.34,12.35,5500,2100,7700,1800,5900,1500,400,2000,4000,1100,1400,10100,3400,1200,11000,2500,12600,11600,900,4900
316.0,12.23,258200,3154728.0,12.23,12.22,12.21,12.2,12.19,12.18,12.17,12.16,12.15,12.14,12.24,12.25,12.26,12.27,12.3,12.31,12.32,12.33,12.34,12.35,4400,2100,7700,1800,5900,1500,400,2000,4000,1100,1300,10100,3400,1200,11000,2500,12600,11600,900,4900
317.0,12.24,259600,3171860.0,12.23,12.22,12.21,12.2,12.19,12.18,12.17,12.16,12.15,12.14,12.24,12.25,12.26,12.27,12.3,12.31,12.32,12.33,12.34,12.35,4000,2100,7700,1800,5900,1500,400,2000,4000,1100,300,10100,3400,1200,11000,2500,12600,11600,900,4900
318.0,12.24,259900,3175532.0,12.23,12.22,12.21,12.2,12.19,12.18,12.17,12.16,12.15,12.14,12.25,12.26,12.27,12.3,12.31,12.32,12.33,12.34,12.35,12.36,4000,2100,7700,1800,5900,1500,400,2000,4000,1100,10100,3400,1200,11000,2500,12600,11600,900,4900,1300
319.0,12.25,260700,3185332.0,12.23,12.22,12.21,12.2,12.19,12.18,12.17,12.16,12.15,12.14,12.25,12.26,12.27,12.3,12.31,12.32,12.33,12.34,12.35,12.36,4000,2100,7700,1800,5900,1500,400,2000,4000,1100,9300,3400,1200,11000,2500,12600,11600,900,4900,1300
320.0,12.25,260700,3185332.0,12.23,12.22,12.21,12.2,12.19,12.18,12.17,12.16,12.15,12.14,12.25,12.26,12.27,12.3,12.31,12.32,12.33,12.34,12.35,12.36,4000,2100,7700,1800,5900,1500,400,2000,4000,1100,7300,3400,1200,11000,2500,12600,11600,900,4900,1300
321.0,12.25,260700,3185332.0,12.23,12.22,12.21,12.2,12.19,12.18,12.17,12.16,12.15,12.14,12.25,12.26,12.27,12.3,12.31,12.32,12.33,12.34,12.35,12.36,4000,2100,7700,1800,5900,1500,400,2000,4000,1100,7300,3400,1200,11000,2500,12600,11600,900,4900,1300
322.0,12.25,260700,3185332.0,12.23,12.22,12.21,12.2,12.19,12.18,12.17,12.16,12.15,12.14,12.25,12.26,12.27,12.3,12.31,12.32,12.33,12.34,12.35,12.36,4000,2100,7700,1800,5900,1500,400,2000,4000,1100,7300,3400,1200,11000,2500,12600,11600,900,4900,1300
323.0,12.25,261400,3193907.0,12.23,12.22,12.21,12.2,12.19,12.18,12.17,12.16,12.15,12.14,12.25,12.26,12.27,12.3,12.31,12.32,12.33,12.34,12.35,12.36,4000,2100,7700,1800,5900,1500,400,2000,4000,1100,6600,3400,1200,11000,2500,12600,11600,900,4900,1300
324.0,12.25,261400,3193907.0,12.23,12.22,12.21,12.2,12.19,12.18,12.17,12.16,12.15,12.14,12.25,12.26,12.27,12.3,12.31,12.32,12.33,12.34,12.35,12.36,4000,2100,7700,1800,5900,1500,400,2000,4000,1100,6600,3400,1200,11000,2500,12600,11600,900,4900,1300
325.0,12.25,262800,3211049.0,12.23,12.22,12.21,12.2,12.19,12.18,12.17,12.16,12.15,12.14,12.25,12.27,12.29,12.3,12.31,12.32,12.33,12.34,12.35,12.36,3600,2100,7700,800,5900,1500,400,2000,4000,1100,5800,1200,5400,11000,2500,12600,11600,900,4900,1300
326.0,12.25,263300,3217174.0,12.23,12.22,12.21,12.2,12.19,12.18,12.17,12.16,12.15,12.14,12.25,12.27,12.29,12.3,12.31,12.32,12.33,12.34,12.35,12.36,3600,2100,7700,800,5900,2500,400,2000,4000,1100,6700,1200,5600,11000,2500,12600,11600,900,4900,1300
327.0,12.25,263300,3217174.0,12.23,12.22,12.21,12.2,12.19,12.18,12.17,12.16,12.15,12.14,12.25,12.27,12.29,12.3,12.31,12.32,12.33,12.34,12.35,12.36,3600,2100,7700,800,5900,2500,400,2000,4000,1100,6700,1200,5600,11000,2500,12600,11600,900,4900,1300
328.0,12.23,264000,3225735.0,12.23,12.22,12.21,12.2,12.19,12.18,12.17,12.16,12.15,12.14,12.25,12.27,12.29,12.3,12.31,12.32,12.33,12.34,12.35,12.36,2900,2100,7700,800,5900,2500,400,2000,4000,1100,6700,1200,5600,11000,2500,12600,11600,900,4900,1300
329.0,12.23,264000,3225735.0,12.23,12.22,12.21,12.2,12.19,12.18,12.17,12.16,12.15,12.14,12.25,12.27,12.29,12.3,12.31,12.32,12.33,12.34,12.35,12.36,2900,2100,7700,800,5900,2500,400,2000,4000,1100,6700,1200,7600,11000,2500,12600,11600,900,4900,1300
330.0,12.25,267600,3269835.0,12.23,12.22,12.21,12.2,12.19,12.18,12.17,12.16,12.15,12.14,12.25,12.27,12.28,12.29,12.3,12.31,12.32,12.33,12.34,12.35,2900,2100,7700,800,5900,2500,400,2000,4000,1100,3100,1200,11000,7600,11000,2500,12600,11600,900,4900
331.0,12.25,267600,3269835.0,12.23,12.22,12.21,12.2,12.19,12.18,12.17,12.16,12.15,12.14,12.25,12.27,12.28,12.29,12.3,12.31,12.32,12.33,12.34,12.35,2900,2100,7700,800,5900,2500,400,2000,4000,1100,3100,1200,3900,7600,11000,2500,12600,11600,900,4900
332.0,12.25,267800,3272285.0,12.24,12.23,12.22,12.21,12.2,12.19,12.18,12.17,12.16,12.15,12.25,12.27,12.28,12.29,12.3,12.31,12.32,12.33,12.34,12.35,100,2900,2100,7700,800,5900,2500,400,2000,4000,2900,1200,3900,7600,11000,2500,12600,11600,900,4900
333.0,12.25,268000,3274735.0,12.24,12.23,12.22,12.21,12.2,12.19,12.18,12.17,12.16,12.15,12.25,12.27,12.28,12.29,12.3,12.31,12.32,12.33,12.34,12.35,100,2900,2100,7700,800,5900,2500,400,2000,4000,2700,1200,3900,7600,11000,2500,12600,11600,900,4900
334.0,12.25,269800,3296785.0,12.24,12.23,12.22,12.21,12.2,12.19,12.18,12.17,12.16,12.15,12.25,12.27,12.28,12.29,12.3,12.31,12.32,12.33,12.34,12.35,100,2900,2100,7700,800,5900,2500,400,2000,4000,900,1200,3900,7600,11000,2500,12600,11600,900,4900
335.0,12.25,269800,3296785.0,12.24,12.23,12.22,12.21,12.2,12.19,12.18,12.17,12.16,12.15,12.25,12.27,12.28,12.29,12.3,12.31,12.32,12.33,12.34,12.35,100,2900,2100,7700,800,5900,2500,400,2000,4000,900,1200,3900,7600,11000,2500,12600,11600,900,4900
336.0,12.25,269900,3298010.0,12.24,12.23,12.22,12.21,12.2,12.19,12.18,12.17,12.16,12.15,12.25,12.27,12.28,12.29,12.3,12.31,12.32,12.33,12.34,12.35,100,2900,2100,7700,800,5900,2500,400,2000,3500,800,1200,3900,200,11000,2500,12600,11600,900,4900
337.0,12.25,269900,3298010.0,12.24,12.23,12.22,12.21,12.2,12.19,12.18,12.17,12.16,12.15,12.25,12.27,12.28,12.29,12.3,12.31,12.32,12.33,12.34,12.35,100,2900,2100,7900,800,5900,2500,400,2000,3500,800,1200,3900,200,11000,2500,12600,11600,900,4900
338.0,12.25,269900,3298010.0,12.24,12.23,12.22,12.21,12.2,12.19,12.18,12.17,12.16,12.15,12.25,12.27,12.28,12.29,12.3,12.31,12.32,12.33,12.34,12.35,100,2900,2100,7900,800,5900,2500,400,2000,3500,800,1200,3900,200,11000,2500,12600,11600,900,4900
339.0,12.23,272000,3323694.0,12.23,12.22,12.21,12.2,12.19,12.18,12.17,12.16,12.15,12.14,12.25,12.27,12.28,12.29,12.3,12.31,12.32,12.33,12.34,12.35,900,2100,7900,800,5900,2500,400,2000,3500,1100,800,1200,4100,900,11000,2500,12600,11600,900,4900
340.0,12.25,272200,3326144.0,12.23,12.22,12.21,12.2,12.19,12.18,12.17,12.16,12.15,12.14,12.25,12.27,12.28,12.29,12.3,12.31,12.32,12.33,12.34,12.35,900,2100,7900,800,5900,2500,400,2000,3500,1100,600,1200,4100,1200,11000,2500,12600,11600,900,4900
341.0,12.25,272200,3326144.0,12.23,12.22,12.21,12.2,12.19,12.18,12.17,12.16,12.15,12.14,12.25,12.27,12.28,12.29,12.3,12.31,12.32,12.33,12.34,12.35,900,2100,7900,800,5900,2500,400,2000,3500,1100,600,1200,6400,1200,11000,2500,12600,11600,900,4900
342.0,12.25,272200,3326144.0,12.23,12.22,12.21,12.2,12.19,12.18,12.17,12.16,12.15,12.14,12.25,12.27,12.28,12.29,12.3,12.31,12.32,12.33,12.34,12.35,900,2100,7900,800,5900,2500,400,2000,3500,1100,600,1900,6400,500,11000,2500,12600,11600,900,4900
343.0,12.27,273000,3335948.0,12.24,12.23,12.22,12.21,12.2,12.19,12.18,12.17,12.16,12.15,12.27,12.28,12.29,12.3,12.31,12.32,12.33,12.34,12.35,12.36,2100,900,2100,7900,800,5900,2500,400,2000,3500,1700,6800,500,11000,2500,12600,11600,900,4900,1300
344.0,12.27,273300,3339629.0,12.24,12.23,12.22,12.21,12.2,12.19,12.18,12.17,12.16,12.15,12.27,12.28,12.29,12.3,12.31,12.32,12.33,12.34,12.35,12.36,2100,900,2100,7900,800,5900,2500,400,2000,3500,1400,4500,500,11000,2500,12600,12600,900,4900,1300
345.0,12.24,274300,3351869.0,12.24,12.23,12.22,12.21,12.2,12.19,12.18,12.17,12.16,12.15,12.27,12.28,12.29,12.3,12.31,12.32,12.33,12.34,12.35,12.36,1800,900,2100,7900,800,5900,2500,400,2000,3500,2800,4500,500,11000,2500,12600,12600,900,4900,1300
346.0,12.26,274700,3356773.0,12.26,12.24,12.23,12.22,12.21,12.2,12.19,12.18,12.17,12.16,12.27,12.28,12.29,12.3,12.31,12.32,12.33,12.34,12.35,12.36,100,1800,900,2100,7900,800,5900,2500,400,2000,2800,4500,500,11000,2500,12600,12600,900,4900,1300
347.0,12.27,274900,3359227.0,12.26,12.24,12.23,12.22,12.21,12.2,12.19,12.18,12.17,12.16,12.27,12.28,12.29,12.3,12.31,12.32,12.33,12.34,12.35,12.36,100,1800,900,2100,7900,900,5900,2500,400,2000,2600,4500,500,11000,2500,12600,12600,900,4900,1300
348.0,12.27,274900,3359227.0,12.26,12.24,12.23,12.22,12.21,12.2,12.19,12.18,12.17,12.16,12.27,12.28,12.29,12.3,12.31,12.32,12.33,12.34,12.35,12.36,100,1800,900,2100,7900,900,5900,2500,400,2000,2600,5000,500,11000,2500,12600,12600,900,4900,1300
349.0,12.27,274900,3359227.0,12.26,12.24,12.23,12.22,12.21,12.2,12.19,12.18,12.17,12.16,12.27,12.28,12.29,12.3,12.31,12.32,12.33,12.34,12.35,12.36,100,1800,900,2100,7900,900,5900,24400,400,2000,2600,5100,500,11000,2500,12600,12600,900,4900,1300
350.0,12.24,277100,3386163.0,12.24,12.23,12.22,12.21,12.2,12.19,12.18,12.17,12.16,12.15,12.27,12.28,12.29,12.3,12.31,12.32,12.33,12.34,12.35,12.36,2800,900,2100,7900,900,5900,24400,400,2000,3500,4700,5100,500,11000,2500,12600,12600,900,4900,1300
351.0,12.27,277800,3394752.0,12.24,12.23,12.22,12.21,12.2,12.19,12.18,12.17,12.16,12.15,12.27,12.28,12.29,12.3,12.31,12.32,12.33,12.34,12.35,12.36,2500,900,2100,7900,900,5900,24400,400,2000,3500,4300,5100,500,11000,2500,12600,12600,900,4900,1300
352.0,12.27,278600,3404568.0,12.24,12.23,12.22,12.21,12.2,12.19,12.18,12.17,12.16,12.15,12.27,12.28,12.29,12.3,12.31,12.32,12.33,12.34,12.35,12.36,3200,900,2100,7900,900,5900,24400,400,2000,3500,4200,5100,500,11000,2500,12600,12600,900,4900,1300
353.0,12.27,278600,3404568.0,12.24,12.23,12.22,12.21,12.2,12.19,12.18,12.17,12.16,12.15,12.27,12.28,12.29,12.3,12.31,12.32,12.33,12.34,12.35,12.36,3200,900,2100,7900,900,5900,24400,400,2000,3500,4200,5100,500,11000,2500,12600,12600,900,4900,1300
354.0,12.27,279000,3409476.0,12.24,12.23,12.22,12.21,12.2,12.19,12.18,12.17,12.16,12.15,12.27,12.28,12.29,12.3,12.31,12.32,12.33,12.34,12.35,12.36,3200,900,2100,7900,900,5900,24400,400,2000,3500,3800,5100,500,11000,2500,12600,12600,900,4900,1300
355.0,12.24,279600,3416820.0,12.24,12.23,12.22,12.21,12.2,12.19,12.18,12.17,12.16,12.15,12.27,12.28,12.29,12.3,12.31,12.32,12.33,12.34,12.35,12.36,2800,900,2100,7900,900,5900,24400,400,2000,3500,4600,5100,500,11100,2500,12600,12600,900,4900,1300
356.0,12.24,279800,3419268.0,12.24,12.23,12.22,12.21,12.2,12.19,12.18,12.17,12.16,12.15,12.27,12.28,12.29,12.3,12.31,12.32,12.33,12.34,12.35,12.36,2800,900,2100,7900,900,5900,24400,400,2000,3500,4800,5000,500,11100,2500,12600,12600,900,4900,1300
357.0,12.27,280200,3424176.0,12.24,12.23,12.22,12.21,12.2,12.19,12.18,12.17,12.16,12.15,12.27,12.28,12.29,12.3,12.31,12.32,12.33,12.34,12.35,12.36,2800,900,2100,7900,900,5900,24400,400,2000,3500,4400,5000,500,11100,2500,12600,12600,900,4900,1300
358.0,12.27,280300,3425403.0,12.24,12.23,12.22,12.21,12.2,12.19,12.18,12.17,12.16,12.15,12.27,12.28,12.29,12.3,12.31,12.32,12.33,12.34,12.35,12.36,3100,900,2100,7900,900,5900,24400,400,2000,3500,6600,5000,500,11100,2500,12600,12600,900,4900,1300
359.0,12.27,283500,3464667.0,12.24,12.23,12.22,12.21,12.2,12.19,12.18,12.17,12.16,12.15,12.27,12.28,12.29,12.3,12.31,12.32,12.33,12.34,12.35,12.36,3300,900,2100,7900,900,5900,24400,400,2000,3500,3600,5000,500,11100,2500,12600,12600,900,4900,1300
360.0,12.27,283500,3464667.0,12.24,12.23,12.22,12.21,12.2,12.19,12.18,12.17,12.16,12.15,12.27,12.28,12.29,12.3,12.31,12.32,12.33,12.34,12.35,12.36,3300,900,2100,7900,900,5900,24400,400,2000,3500,3700,5000,500,11000,2500,12600,12600,900,4900,1300
361.0,12.27,283800,3468348.0,12.24,12.23,12.22,12.21,12.2,12.19,12.18,12.17,12.16,12.15,12.27,12.28,12.29,12.3,12.31,12.32,12.33,12.34,12.35,12.36,3600,900,2100,7900,900,5900,24400,400,2000,3500,3700,5000,500,11000,2500,12600,12600,900,4900,1300
362.0,12.27,283900,3469575.0,12.24,12.23,12.22,12.21,12.2,12.19,12.18,12.17,12.16,12.15,12.27,12.28,12.29,12.3,12.31,12.32,12.33,12.34,12.35,12.36,3800,900,2100,7900,900,5900,24400,400,2000,3500,3800,5000,500,11000,2500,12600,12600,900,4900,1300
363.0,12.24,284900,3481836.0,12.24,12.23,12.22,12.21,12.2,12.19,12.18,12.17,12.16,12.15,12.27,12.28,12.29,12.3,12.31,12.32,12.33,12.34,12.35,12.36,3500,900,2100,7900,900,5900,24400,400,2000,3500,3100,5000,500,11000,2500,12600,12600,900,4900,1300
364.0,12.27,285200,3485517.0,12.24,12.23,12.22,12.21,12.2,12.19,12.18,12.17,12.16,12.15,12.27,12.28,12.29,12.3,12.31,12.32,12.33,12.34,12.35,12.36,3800,900,2100,7900,900,5900,24400,400,2000,3500,3100,5000,500,11000,2500,12600,12600,900,4900,1300
365.0,12.24,286100,3496533.0,12.24,12.23,12.22,12.21,12.2,12.19,12.18,12.17,12.16,12.15,12.27,12.28,12.29,12.3,12.31,12.32,12.33,12.34,12.35,12.36,2900,900,2100,7900,900,5900,24400,400,2000,3500,3100,5000,500,11000,2500,12600,12600,900,4900,1300
366.0,12.24,286100,3496533.0,12.24,12.23,12.22,12.21,12.2,12.19,12.18,12.17,12.16,12.15,12.27,12.28,12.29,12.3,12.31,12.32,12.33,12.34,12.35,12.36,3100,900,2100,7900,900,5900,24400,400,2000,3500,3300,5000,500,11000,2500,12600,12600,900,4900,1300
367.0,12.24,286100,3496533.0,12.24,12.23,12.22,12.21,12.2,12.19,12.18,12.17,12.16,12.15,12.27,12.28,12.29,12.3,12.31,12.32,12.33,12.34,12.35,12.36,4600,900,2100,7900,900,5900,24400,400,2000,3500,3600,5000,500,11000,2500,12600,12600,900,4900,1300
368.0,12.27,286400,3500214.0,12.24,12.23,12.22,12.21,12.2,12.19,12.18,12.17,12.16,12.15,12.27,12.28,12.29,12.3,12.31,12.32,12.33,12.34,12.35,12.36,4900,900,2100,7900,900,5900,24400,400,2000,3500,3300,5000,500,11000,2500,12600,12600,900,4900,1300
369.0,12.27,286400,3500214.0,12.24,12.23,12.22,12.21,12.2,12.19,12.18,12.17,12.16,12.15,12.27,12.28,12.29,12.3,12.31,12.32,12.33,12.34,12.35,12.36,5100,900,2100,7900,900,5900,24400,400,2000,3500,3500,5000,500,11000,2500,12600,12600,900,4900,1300
370.0,12.27,286400,3500214.0,12.24,12.23,12.22,12.21,12.2,12.19,12.18,12.17,12.16,12.15,12.27,12.28,12.29,12.3,12.31,12.32,12.33,12.34,12.35,12.36,5100,900,2100,7900,900,5900,24400,400,2000,3500,3500,5000,500,11000,2500,12600,12600,900,4900,1300
371.0,12.27,287200,3510015.0,12.24,12.23,12.22,12.21,12.2,12.19,12.18,12.17,12.16,12.15,12.27,12.28,12.29,12.3,12.31,12.32,12.33,12.34,12.35,12.36,4900,900,2100,7900,900,5900,24400,400,2000,3500,3400,5000,500,11000,2500,12600,12600,900,4900,1300
372.0,12.27,287300,3511242.0,12.25,12.24,12.23,12.22,12.21,12.2,12.19,12.18,12.17,12.16,12.27,12.28,12.29,12.3,12.31,12.32,12.33,12.34,12.35,12.36,3000,5100,900,2100,7900,900,5900,24400,400,2000,3500,5000,500,11000,2500,12600,12600,900,4900,1300
373.0,12.27,287300,3511242.0,12.25,12.24,12.23,12.22,12.21,12.2,12.19,12.18,12.17,12.16,12.27,12.28,12.29,12.3,12.31,12.32,12.33,12.34,12.35,12.36,3000,5100,900,2100,7900,900,5900,24400,400,2000,3500,5000,500,11000,2500,12600,12600,900,4900,1300
374.0,12.27,287300,3511242.0,12.25,12.24,12.23,12.22,12.21,12.2,12.19,12.18,12.17,12.16,12.27,12.28,12.29,12.3,12.31,12.32,12.33,12.34,12.35,12.36,3000,5100,900,2100,7900,900,5900,24400,400,2000,3500,5000,500,11000,2500,12600,12600,900,4900,1300
375.0,12.27,288300,3523512.0,12.25,12.24,12.23,12.22,12.21,12.2,12.19,12.18,12.17,12.16,12.27,12.28,12.29,12.3,12.31,12.32,12.33,12.34,12.35,12.36,3000,5100,900,2100,7900,900,5900,24400,400,2000,2500,5000,500,11000,2500,12600,12600,900,4900,1300
376.0,12.27,289300,3535782.0,12.25,12.24,12.23,12.22,12.21,12.2,12.19,12.18,12.17,12.16,12.27,12.28,12.29,12.3,12.31,12.32,12.33,12.34,12.35,12.36,3000,5100,900,2100,7900,900,5900,24400,400,2000,1500,5000,500,11000,2500,12600,12600,900,4900,1300
377.0,12.25,289400,3537007.0,12.25,12.24,12.23,12.22,12.21,12.2,12.19,12.18,12.17,12.16,12.27,12.28,12.29,12.3,12.31,12.32,12.33,12.34,12.35,12.36,2900,5100,900,2100,7900,900,5900,24400,400,2000,1500,5000,500,11000,2500,12600,12600,900,4900,1300
378.0,12.26,289800,3541910.0,12.25,12.24,12.23,12.22,12.21,12.2,12.19,12.18,12.17,12.16,12.27,12.28,12.29,12.3,12.31,12.32,12.33,12.34,12.35,12.36,2700,5100,1400,2100,7900,900,5900,24400,400,2000,1400,5000,500,11000,2500,12600,12600,900,4900,1300
379.0,12.26,289800,3541910.0,12.25,12.24,12.23,12.22,12.21,12.2,12.19,12.18,12.17,12.16,12.27,12.28,12.29,12.3,12.31,12.32,12.33,12.34,12.35,12.36,2700,5100,1400,2100,7900,900,5900,24400,400,2000,1400,5000,500,11000,2500,12600,12600,900,4900,1300
380.0,12.26,289800,3541910.0,12.25,12.24,12.23,12.22,12.21,12.2,12.19,12.18,12.17,12.16,12.27,12.28,12.29,12.3,12.31,12.32,12.33,12.34,12.35,12.36,2700,5100,1400,2100,7900,900,5900,24400,400,2000,1700,5000,500,11000,2500,12600,12600,900,4900,1300
381.0,12.27,289900,3543137.0,12.25,12.24,12.23,12.22,12.21,12.2,12.19,12.18,12.17,12.16,12.27,12.28,12.29,12.3,12.31,12.32,12.33,12.34,12.35,12.36,2700,5100,1400,2100,7900,900,5900,24400,400,2000,1600,5000,500,11000,2500,12600,12600,900,4900,1300
382.0,12.27,289900,3543137.0,12.24,12.23,12.22,12.21,12.2,12.19,12.18,12.17,12.16,12.15,12.27,12.28,12.29,12.3,12.31,12.32,12.33,12.34,12.35,12.36,5100,1400,2100,7900,900,5900,24400,400,2000,3500,1600,5000,500,11000,2500,12600,12600,900,4900,1300
383.0,12.27,290100,3545591.0,12.26,12.24,12.23,12.22,12.21,12.2,12.19,12.18,12.17,12.16,12.27,12.28,12.29,12.3,12.31,12.32,12.33,12.34,12.35,12.36,1000,5100,1400,3100,7900,900,5900,24400,400,2000,1400,5000,500,11000,2500,12600,12600,900,4900,1300
384.0,12.27,290100,3545591.0,12.26,12.24,12.23,12.22,12.21,12.2,12.19,12.18,12.17,12.16,12.27,12.28,12.29,12.3,12.31,12.32,12.33,12.34,12.35,12.36,1000,5100,1400,3100,7900,900,5900,24400,400,2000,1400,5000,500,11000,2500,12600,12600,900,4900,1300
385.0,12.27,290200,3546818.0,12.26,12.24,12.23,12.22,12.21,12.2,12.19,12.18,12.17,12.16,12.27,12.28,12.29,12.3,12.31,12.32,12.33,12.34,12.35,12.36,1000,5100,1400,3100,7900,900,5900,24400,400,2000,1300,5000,500,11000,2500,12600,12600,900,4900,1300
386.0,12.26,290300,3548044.0,12.26,12.24,12.23,12.22,12.21,12.2,12.19,12.18,12.17,12.16,12.27,12.28,12.29,12.3,12.31,12.32,12.33,12.34,12.35,12.36,900,5100,1400,3100,7900,900,5900,24400,400,2000,1300,5000,500,11000,2500,12600,12600,900,4900,1300
387.0,12.26,291000,3556631.0,12.26,12.24,12.23,12.22,12.21,12.2,12.19,12.18,12.17,12.16,12.27,12.28,12.29,12.3,12.31,12.32,12.33,12.34,12.35,12.36,700,5100,1400,3100,7900,900,5900,24400,400,2000,800,5100,500,11000,2500,12600,12600,900,4900,1300
388.0,12.26,291100,3557857.0,12.26,12.24,12.23,12.22,12.21,12.2,12.19,12.18,12.17,12.16,12.27,12.28,12.29,12.3,12.31,12.32,12.33,12.34,12.35,12.36,600,5100,1500,3100,7900,900,5900,24400,400,2000,800,5100,500,11000,2500,12600,12600,900,4900,1300
389.0,12.26,291700,3565213.0,12.24,12.23,12.22,12.21,12.2,12.19,12.18,12.17,12.16,12.15,12.26,12.27,12.28,12.29,12.3,12.31,12.32,12.33,12.34,12.35,5100,1500,3100,7900,900,5900,24400,400,2000,3500,100,800,7700,500,11000,2500,12600,12600,900,4900
390.0,12.26,291700,3565213.0,12.24,12.23,12.22,12.21,12.2,12.19,12.18,12.17,12.16,12.15,12.26,12.27,12.28,12.29,12.3,12.31,12.32,12.33,12.34,12.35,5100,1500,3100,7900,900,5900,24400,400,2000,3500,100,800,7700,500,11000,2500,12600,12600,900,4900
391.0,12.26,291700,3565213.0,12.24,12.23,12.22,12.21,12.2,12.19,12.18,12.17,12.16,12.15,12.26,12.27,12.28,12.29,12.3,12.31,12.32,12.33,12.34,12.35,5100,1500,3100,7900,900,5900,24400,400,2000,3500,200,800,7700,500,11000,2500,12600,12600,900,4900
392.0,12.26,291700,3565213.0,12.24,12.23,12.22,12.21,12.2,12.19,12.18,12.17,12.16,12.15,12.26,12.27,12.28,12.29,12.3,12.31,12.32,12.33,12.34,12.35,5100,1500,3100,7900,900,5900,24400,400,2000,3500,900,800,7700,500,11000,2500,12600,12600,900,4900
393.0,12.26,291700,3565213.0,12.24,12.23,12.22,12.21,12.2,12.19,12.18,12.17,12.16,12.15,12.26,12.27,12.28,12.29,12.3,12.31,12.32,12.33,12.34,12.35,5100,1500,3100,7900,900,5900,24400,400,2000,3500,900,800,7700,500,11000,2500,12600,12600,900,4900
394.0,12.24,292200,3571333.0,12.24,12.23,12.22,12.21,12.2,12.19,12.18,12.17,12.16,12.15,12.26,12.27,12.28,12.29,12.3,12.31,12.32,12.33,12.34,12.35,4600,1500,3100,7900,900,5900,24400,400,2000,3500,900,800,7700,500,11000,2500,12600,12600,900,4900
395.0,12.24,292200,3571333.0,12.25,12.24,12.23,12.22,12.21,12.2,12.19,12.18,12.17,12.16,12.26,12.27,12.28,12.29,12.3,12.31,12.32,12.33,12.34,12.35,400,4600,1500,3100,7900,900,5900,24800,400,2000,900,800,5100,500,11000,2500,12600,12600,900,4900
396.0,12.26,293000,3581141.0,12.25,12.24,12.23,12.22,12.21,12.2,12.19,12.18,12.17,12.16,12.26,12.27,12.28,12.29,12.3,12.31,12.32,12.33,12.34,12.35,400,4600,1500,3100,7900,900,5900,24800,400,2000,100,800,5100,500,11000,2500,12600,12600,900,4900
397.0,12.26,293000,3581141.0,12.25,12.24,12.23,12.22,12.21,12.2,12.19,12.18,12.17,12.16,12.26,12.27,12.28,12.29,12.3,12.31,12.32,12.33,12.34,12.35,400,4600,1500,3100,7900,900,5900,24800,400,2000,100,800,5100,500,11000,2500,12600,12600,900,4900
398.0,12.26,293000,3581141.0,12.25,12.24,12.23,12.22,12.21,12.2,12.19,12.18,12.17,12.16,12.26,12.27,12.28,12.29,12.3,12.31,12.32,12.33,12.34,12.35,400,4600,1500,3100,7900,900,5900,24800,400,2000,400,800,7700,500,11000,2500,12600,12600,900,4900
399.0,12.26,293000,3581141.0,12.25,12.24,12.23,12.22,12.21,12.2,12.19,12.18,12.17,12.16,12.26,12.27,12.28,12.29,12.3,12.31,12.32,12.33,12.34,12.35,400,4600,1500,3100,7900,900,5900,24800,400,2000,600,800,7700,500,11000,2500,12600,12600,900,4900
400.0,12.25,293400,3586041.0,12.24,12.23,12.22,12.21,12.2,12.19,12.18,12.17,12.16,12.15,12.26,12.27,12.28,12.29,12.3,12.31,12.32,12.33,12.34,12.35,4600,1500,3100,7900,900,5900,24800,400,2000,3500,600,800,7700,1400,11000,2500,12600,12600,900,4900
401.0,12.24,294700,3601953.0,12.24,12.23,12.22,12.21,12.2,12.19,12.18,12.17,12.16,12.15,12.25,12.26,12.27,12.28,12.29,12.3,12.31,12.32,12.33,12.34,3300,1500,3100,7900,900,5900,24800,400,2000,3500,900,500,800,5100,1400,11000,2500,12600,12600,900
402.0,12.24,294700,3601953.0,12.24,12.23,12.22,12.21,12.2,12.19,12.18,12.17,12.16,12.15,12.25,12.26,12.27,12.28,12.29,12.3,12.31,12.32,12.33,12.34,3300,1500,3100,7900,900,5900,24800,400,2000,3500,900,500,800,5100,1400,11000,2500,12600,12600,900
403.0,12.24,294700,3601953.0,12.24,12.23,12.22,12.21,12.2,12.19,12.18,12.17,12.16,12.15,12.25,12.26,12.27,12.28,12.29,12.3,12.31,12.32,12.33,12.34,3300,1500,3100,7900,900,5900,24800,400,2000,3500,900,500,800,5100,1400,11000,2500,12600,12600,900
404.0,12.24,294700,3601953.0,12.24,12.23,12.22,12.21,12.2,12.19,12.18,12.17,12.16,12.15,12.25,12.26,12.27,12.28,12.29,12.3,12.31,12.32,12.33,12.34,3300,1500,3100,7900,900,5900,24800,400,2000,3500,3500,500,800,5100,1400,11000,2500,12600,12600,900
405.0,12.24,294700,3601953.0,12.24,12.23,12.22,12.21,12.2,12.19,12.18,12.17,12.16,12.15,12.25,12.26,12.27,12.28,12.29,12.3,12.31,12.32,12.33,12.34,3300,1500,3100,7900,900,5900,24800,400,2000,3500,3500,500,800,5100,1400,11000,2500,12600,12600,900
406.0,12.25,297200,3632578.0,12.24,12.23,12.22,12.21,12.2,12.19,12.18,12.17,12.16,12.15,12.25,12.26,12.27,12.28,12.29,12.3,12.31,12.32,12.33,12.34,7300,1000,3100,7900,900,5900,24800,400,2000,3500,4000,500,800,5100,1400,11000,2500,12600,12600,900
407.0,12.25,301200,3681578.0,12.25,12.24,12.23,12.22,12.21,12.2,12.19,12.18,12.17,12.16,12.26,12.27,12.28,12.29,12.3,12.31,12.32,12.33,12.34,12.35,2400,7300,1000,3100,7900,900,5900,24800,400,2000,500,800,5100,1400,11000,2500,12600,12600,900,4900
408.0,12.25,301200,3681578.0,12.25,12.24,12.23,12.22,12.21,12.2,12.19,12.18,12.17,12.16,12.26,12.27,12.28,12.29,12.3,12.31,12.32,12.33,12.34,12.35,3300,7300,1000,3100,7900,900,5900,24800,400,2000,500,800,5100,1400,11000,2500,12600,12600,900,4900
409.0,12.25,301900,3690153.0,12.25,12.24,12.23,12.22,12.21,12.2,12.19,12.18,12.17,12.16,12.26,12.27,12.28,12.29,12.3,12.31,12.32,12.33,12.34,12.35,2600,7300,1000,3100,7900,900,5900,24800,400,2000,500,800,5100,1400,11000,2500,12600,12600,900,4900
