LocalTime,LastPrice,TradeVolume,TradeValue,BidPrice1,BidPrice2,BidPrice3,BidPrice4,BidPrice5,BidPrice6,BidPrice7,BidPrice8,BidPrice9,BidPriceA,AskPrice1,AskPrice2,AskPrice3,AskPrice4,AskPrice5,AskPrice6,AskPrice7,AskPrice8,AskPrice9,AskPriceA,BidVolume1,BidVolume2,BidVolume3,BidVolume4,BidVolume5,BidVolume6,BidVolume7,BidVolume8,BidVolume9,BidVolumeA,AskVolume1,AskVolume2,AskVolume3,AskVolume4,AskVolume5,AskVolume6,AskVolume7,AskVolume8,AskVolume9,AskVolumeA
0.0,10.49,4200,44058.0,10.51,10.5,10.49,10.46,10.41,10.4,10.38,10.34,10.31,10.3,10.59,10.77,10.83,10.85,10.88,10.98,11.0,11.04,11.18,11.58,1600,31100,3000,300,500,3000,500,1000,1500,500,1400,600,500,100,1500,5000,400,3000,300,2000
1.0,10.59,5600,58884.0,10.59,10.58,10.52,10.51,10.5,10.49,10.46,10.41,10.4,10.38,10.77,10.83,10.85,10.87,10.88,10.94,10.98,11.0,11.02,11.04,900,1400,8200,2000,31100,3000,300,500,3000,500,600,500,100,800,1500,3300,5000,400,1100,3000
2.0,10.59,5600,58884.0,10.6,10.59,10.58,10.52,10.51,10.5,10.49,10.46,10.41,10.4,10.77,10.83,10.85,10.87,10.88,10.94,10.98,11.0,11.02,11.04,500,1700,1400,18600,3000,31100,3000,1300,500,3000,600,500,100,800,1500,3300,5000,400,1100,3000
3.0,10.6,6000,63124.0,10.6,10.59,10.58,10.52,10.51,10.5,10.49,10.46,10.41,10.4,10.77,10.83,10.85,10.87,10.88,10.94,10.98,11.0,11.02,11.04,100,1700,1400,20100,6500,31100,3000,1300,500,3000,600,500,100,800,1500,3300,5000,400,1100,3000
4.0,10.59,6400,67361.0,10.59,10.58,10.52,10.51,10.5,10.49,10.46,10.41,10.4,10.38,10.77,10.83,10.85,10.87,10.88,10.94,10.98,11.0,11.02,11.04,3900,1400,19900,15400,9200,3000,1300,500,3000,500,600,2500,1600,800,1500,3300,5000,400,1100,3000
5.0,10.59,6800,71597.0,10.59,10.58,10.52,10.51,10.5,10.49,10.47,10.46,10.41,10.4,10.77,10.83,10.85,10.87,10.88,10.94,10.98,11.0,11.02,11.04,5900,1400,19900,16200,9200,3000,3300,1300,500,3000,600,2500,1600,800,1500,3300,5000,400,1100,3000
6.0,10.59,7500,79010.0,10.59,10.58,10.52,10.51,10.5,10.49,10.47,10.46,10.45,10.42,10.77,10.83,10.85,10.87,10.88,10.9,10.92,10.94,10.95,10.98,9300,1400,19900,16600,9200,3000,3300,1300,200,400,600,2500,1600,800,3000,2000,1500,3300,1500,7000
7.0,10.77,9500,100553.0,10.77,10.6,10.59,10.58,10.52,10.51,10.5,10.49,10.47,10.46,10.83,10.85,10.87,10.88,10.9,10.92,10.94,10.95,10.98,11.0,1900,1100,4000,1400,19900,17100,9200,3000,3300,1300,2500,1600,800,3000,2000,1500,3300,1500,7000,400
8.0,10.77,9500,100553.0,10.77,10.61,10.6,10.59,10.58,10.52,10.51,10.5,10.49,10.47,10.83,10.85,10.87,10.88,10.9,10.92,10.94,10.95,10.98,11.0,3700,6300,2200,4000,1400,14300,21900,9200,3000,3300,2500,1600,800,3000,2000,1500,3300,1500,7000,400
9.0,10.77,10300,109169.0,10.77,10.61,10.6,10.59,10.58,10.52,10.51,10.5,10.49,10.47,10.83,10.85,10.87,10.88,10.9,10.92,10.94,10.95,10.98,11.0,3100,6300,2200,3900,1400,16500,22700,9200,3000,3300,2500,1600,800,3000,2000,1500,3300,1500,7000,400
10.0,10.77,11400,121016.0,10.77,10.61,10.6,10.59,10.58,10.52,10.51,10.5,10.49,10.47,10.83,10.85,10.87,10.88,10.9,10.92,10.94,10.95,10.98,11.0,2600,6300,2400,6200,1400,16500,22700,9200,3000,3300,2500,1600,800,3000,2000,1500,3300,1500,7000,400
11.0,10.77,14100,150095.0,10.61,10.6,10.59,10.58,10.52,10.51,10.5,10.49,10.47,10.46,10.77,10.83,10.85,10.87,10.88,10.9,10.92,10.94,10.95,10.98,6300,3000,5000,1400,16500,22700,9200,3000,3300,1300,6600,2500,1600,800,3000,2000,1500,3300,1500,7000
12.0,10.62,21000,224258.0,10.62,10.6,10.59,10.58,10.52,10.51,10.5,10.49,10.47,10.46,10.77,10.83,10.85,10.87,10.88,10.9,10.92,10.94,10.95,10.98,800,2800,5000,1400,19500,22700,9200,3000,3300,1300,5400,2500,1600,800,3000,2000,1500,3300,1500,7000
13.0,10.77,25200,269492.0,10.62,10.6,10.59,10.58,10.52,10.51,10.5,10.49,10.47,10.46,10.77,10.83,10.85,10.87,10.88,10.9,10.92,10.94,10.95,10.98,800,2700,4700,1400,17700,22700,9200,3000,3300,1300,2100,2500,1600,800,3000,2000,1500,3300,1500,7000
14.0,10.77,25500,272723.0,10.76,10.63,10.62,10.61,10.6,10.59,10.58,10.52,10.51,10.5,10.77,10.82,10.83,10.85,10.87,10.88,10.9,10.92,10.94,10.95,100,500,800,100,2700,4500,1400,17700,22500,9200,5800,100,2500,1600,800,3000,2000,1500,3300,1500
15.0,10.77,25700,274876.0,10.63,10.62,10.6,10.59,10.58,10.52,10.51,10.5,10.49,10.47,10.77,10.83,10.85,10.87,10.88,10.9,10.92,10.94,10.95,10.98,500,800,2700,4500,1400,17700,22500,9200,3000,3300,8000,2500,1600,800,3000,2000,1500,3300,1500,7000
16.0,10.77,26200,280246.0,10.65,10.63,10.62,10.6,10.59,10.58,10.52,10.51,10.5,10.49,10.77,10.83,10.85,10.87,10.88,10.9,10.92,10.94,10.95,10.98,600,4200,800,2700,4500,1400,17700,22500,9200,3000,5600,2500,1600,800,3000,2000,1500,3300,1500,7000
17.0,10.77,26800,286708.0,10.65,10.63,10.62,10.6,10.59,10.58,10.52,10.51,10.5,10.49,10.76,10.77,10.83,10.85,10.87,10.88,10.9,10.92,10.94,10.95,600,4200,800,2700,4500,1400,17700,22500,9200,3000,4200,8400,2500,1600,800,3000,2000,1500,3300,1500
18.0,10.76,29300,313608.0,10.65,10.63,10.62,10.6,10.59,10.58,10.52,10.51,10.5,10.49,10.76,10.77,10.83,10.85,10.87,10.88,10.9,10.92,10.94,10.95,600,4200,800,2700,4500,1400,17700,22500,9200,3000,2700,6400,2500,1600,800,3000,2000,1500,3300,1500
19.0,10.66,29500,315740.0,10.66,10.65,10.63,10.62,10.6,10.59,10.58,10.52,10.51,10.5,10.76,10.77,10.83,10.85,10.87,10.88,10.9,10.92,10.94,10.95,100,700,4000,800,2700,4500,1400,17700,22500,9200,2700,10900,2500,1600,800,3000,2000,1500,3300,1500
20.0,10.66,29500,315740.0,10.66,10.65,10.64,10.63,10.62,10.6,10.59,10.58,10.52,10.51,10.76,10.77,10.83,10.85,10.87,10.88,10.9,10.92,10.94,10.95,100,700,100,4000,800,2700,4500,1400,17700,22500,3000,7100,2500,1600,800,3000,2000,1500,3300,1500
21.0,10.76,29900,320044.0,10.67,10.66,10.65,10.64,10.63,10.62,10.6,10.59,10.58,10.52,10.76,10.77,10.83,10.85,10.87,10.88,10.9,10.92,10.94,10.95,1200,100,700,100,3200,500,1900,4500,1400,17700,2600,7100,2600,1600,800,3000,2000,1500,3300,1500
22.0,10.76,29900,320044.0,10.67,10.66,10.65,10.64,10.63,10.6,10.59,10.58,10.52,10.51,10.76,10.77,10.83,10.85,10.87,10.88,10.9,10.92,10.94,10.95,1200,100,700,100,3000,1800,4500,1400,17700,22500,6900,7100,2600,1600,800,3000,2000,1500,3300,1500
23.0,10.76,29900,320044.0,10.67,10.66,10.65,10.64,10.63,10.6,10.59,10.58,10.52,10.51,10.76,10.77,10.83,10.85,10.87,10.88,10.9,10.92,10.94,10.95,1200,100,700,100,3900,1800,4500,1400,17700,22500,6900,5200,2600,1600,800,3000,2000,1500,3300,1500
24.0,10.76,30000,321120.0,10.67,10.66,10.65,10.64,10.63,10.6,10.59,10.58,10.52,10.51,10.76,10.77,10.83,10.85,10.87,10.88,10.9,10.92,10.94,10.95,1200,100,700,100,3900,1800,4500,1400,17700,22500,6800,4100,2600,1600,800,3000,2000,1500,3300,1500
25.0,10.76,30000,321120.0,10.68,10.67,10.66,10.65,10.64,10.63,10.6,10.59,10.58,10.52,10.76,10.77,10.83,10.85,10.87,10.88,10.9,10.92,10.94,10.95,1000,1200,100,100,100,2000,1800,4500,1400,17700,8700,4100,2600,1600,800,3000,2000,1500,3300,1500
26.0,10.76,30000,321120.0,10.68,10.67,10.66,10.65,10.63,10.6,10.59,10.58,10.52,10.51,10.76,10.77,10.83,10.85,10.87,10.88,10.9,10.92,10.94,10.95,1000,1200,100,100,2000,1800,4500,1400,17700,22500,7200,4100,2600,1600,800,3000,2000,1500,3300,1500
27.0,10.76,30000,321120.0,10.68,10.67,10.66,10.65,10.63,10.6,10.59,10.58,10.52,10.51,10.76,10.77,10.83,10.85,10.87,10.88,10.9,10.92,10.94,10.95,1000,1200,100,100,2000,1800,4500,1400,17700,22500,7200,4100,2600,1600,800,3000,2000,1500,3300,1500
28.0,10.76,30000,321120.0,10.68,10.67,10.65,10.63,10.6,10.59,10.58,10.52,10.51,10.5,10.76,10.77,10.83,10.85,10.87,10.88,10.9,10.92,10.94,10.95,2900,1200,100,2000,1800,4500,1400,17700,22500,9200,11300,4100,2600,1600,800,3000,2000,1500,3300,1500
29.0,10.76,30000,321120.0,10.68,10.67,10.65,10.63,10.6,10.59,10.58,10.52,10.51,10.5,10.76,10.77,10.83,10.85,10.87,10.88,10.9,10.92,10.94,10.95,2900,1200,100,2000,1800,4500,1400,17700,22500,9200,9400,3300,2600,1600,800,3000,2000,1500,3300,1500
30.0,10.76,30000,321120.0,10.68,10.67,10.65,10.63,10.6,10.59,10.58,10.52,10.51,10.5,10.76,10.77,10.83,10.85,10.87,10.88,10.9,10.92,10.94,10.95,2900,1200,100,2000,1800,4500,1400,17700,22500,10800,11800,3300,2600,1600,800,3000,2000,1500,3300,1500
31.0,10.76,30000,321120.0,10.71,10.7,10.69,10.68,10.67,10.63,10.6,10.59,10.58,10.52,10.76,10.77,10.83,10.85,10.87,10.88,10.9,10.92,10.94,10.95,200,3800,200,2900,1200,2000,1800,4500,1400,17700,13100,3300,2600,1600,800,3000,2000,1500,3300,1500
32.0,10.76,30100,322196.0,10.71,10.69,10.68,10.67,10.63,10.6,10.59,10.58,10.52,10.51,10.76,10.77,10.83,10.85,10.87,10.88,10.9,10.92,10.94,10.95,200,200,2900,1200,1000,1800,3600,1400,17700,21500,14000,700,2600,1600,800,3000,2000,1500,3300,1500
33.0,10.76,30100,322196.0,10.73,10.72,10.71,10.69,10.68,10.67,10.63,10.6,10.59,10.58,10.76,10.77,10.83,10.85,10.87,10.88,10.9,10.92,10.94,10.95,100,800,100,200,2900,1200,1000,1800,3600,1400,11600,700,2600,1600,800,3000,2000,1500,3300,1500
34.0,10.76,30800,329728.0,10.73,10.72,10.71,10.69,10.68,10.67,10.63,10.6,10.59,10.58,10.76,10.77,10.83,10.85,10.87,10.88,10.9,10.92,10.94,10.95,100,800,100,200,2900,100,1000,1800,3500,1400,12600,700,2600,1600,800,3000,2000,1500,3300,1500
35.0,10.76,30900,330804.0,10.74,10.73,10.72,10.71,10.69,10.68,10.67,10.63,10.6,10.59,10.76,10.77,10.83,10.85,10.87,10.88,10.9,10.92,10.94,10.95,300,2800,800,100,200,2900,100,1000,1800,3500,6200,700,2600,1600,800,3000,2000,1500,3300,1500
36.0,10.76,32900,352324.0,10.75,10.74,10.73,10.72,10.71,10.69,10.68,10.63,10.6,10.59,10.76,10.77,10.83,10.85,10.87,10.88,10.9,10.92,10.94,10.95,100,200,2800,800,100,200,2900,1000,1800,3500,3500,600,2600,1600,800,3000,2000,1500,3300,1500
37.0,10.76,37500,401820.0,10.75,10.74,10.73,10.71,10.69,10.68,10.63,10.6,10.59,10.58,10.76,10.77,10.83,10.85,10.87,10.88,10.9,10.92,10.94,10.95,1400,300,2800,100,200,1000,1000,1800,3500,1400,200,600,2600,1600,800,3000,2000,1500,3300,1500
38.0,10.76,40900,438405.0,10.76,10.75,10.74,10.73,10.71,10.69,10.68,10.63,10.6,10.59,10.77,10.83,10.85,10.87,10.88,10.9,10.92,10.94,10.95,10.98,3700,1400,300,2800,100,200,1000,1000,1800,3500,500,2600,1600,800,3000,2000,1500,3300,1500,7000
39.0,10.77,41400,443790.0,10.77,10.76,10.75,10.74,10.73,10.69,10.68,10.63,10.6,10.59,10.81,10.82,10.83,10.85,10.87,10.88,10.9,10.92,10.94,10.95,1400,5300,1400,300,2800,200,1000,1000,1800,3500,2000,3600,2600,1600,800,3000,2000,1500,3300,1500
40.0,10.77,41400,443790.0,10.77,10.76,10.75,10.74,10.73,10.69,10.68,10.63,10.6,10.59,10.81,10.82,10.83,10.85,10.87,10.88,10.9,10.92,10.94,10.95,1400,5300,1400,300,2800,200,1000,1000,1800,3500,2000,3600,2600,1600,800,3000,2000,1500,3300,1500
41.0,10.77,41900,449175.0,10.77,10.76,10.75,10.74,10.73,10.69,10.68,10.63,10.6,10.59,10.8,10.81,10.82,10.83,10.85,10.87,10.88,10.9,10.92,10.94,600,4200,1400,300,2800,200,1000,1000,1800,3500,1800,2000,3600,2600,1600,800,3000,2000,1500,3300
42.0,10.77,41900,449175.0,10.77,10.76,10.75,10.74,10.73,10.69,10.68,10.63,10.6,10.59,10.8,10.81,10.82,10.83,10.85,10.87,10.88,10.9,10.92,10.94,600,4000,1400,300,2800,200,1000,1000,1800,3500,1800,2000,3600,2600,1600,800,3000,2000,1500,3300
43.0,10.76,45300,485765.0,10.76,10.75,10.74,10.73,10.69,10.68,10.63,10.6,10.59,10.58,10.77,10.8,10.81,10.82,10.83,10.85,10.87,10.88,10.9,10.92,1200,800,300,2800,200,1000,1000,1800,3500,1400,500,1800,2000,3600,2600,1600,800,3000,2000,1500
44.0,10.77,45400,486842.0,10.76,10.75,10.74,10.73,10.69,10.68,10.63,10.6,10.59,10.58,10.77,10.8,10.81,10.82,10.83,10.85,10.87,10.88,10.9,10.92,1400,800,300,2800,200,1000,1000,1800,3500,1400,400,1800,2000,3600,2600,1600,800,3000,2000,1500
45.0,10.76,45900,492222.0,10.76,10.75,10.74,10.73,10.69,10.68,10.63,10.6,10.59,10.58,10.77,10.8,10.81,10.82,10.83,10.85,10.87,10.88,10.9,10.92,900,800,300,2800,200,1000,1000,1800,3500,1400,400,1800,2000,3600,2600,1600,800,3000,2000,1500
46.0,10.77,46200,495453.0,10.76,10.75,10.74,10.73,10.69,10.68,10.63,10.6,10.59,10.58,10.77,10.8,10.81,10.82,10.83,10.85,10.87,10.88,10.9,10.92,900,800,100,2800,200,1000,1000,1800,3500,1400,100,1900,2000,3600,2600,1600,800,3000,2000,1500
47.0,10.76,47100,505137.0,10.75,10.73,10.69,10.68,10.63,10.6,10.59,10.58,10.52,10.51,10.76,10.77,10.8,10.81,10.82,10.83,10.85,10.87,10.88,10.9,800,2800,200,1000,1000,1800,3500,1400,17700,21500,300,400,1900,2000,3600,2600,1600,800,3000,2000
48.0,10.76,47100,505137.0,10.75,10.73,10.69,10.68,10.63,10.6,10.59,10.58,10.52,10.51,10.76,10.77,10.8,10.81,10.82,10.83,10.85,10.87,10.88,10.9,800,2800,200,1000,1000,1800,3500,1400,17700,21500,300,400,1900,2000,3600,2600,1600,800,3000,2000
49.0,10.76,47100,505137.0,10.75,10.73,10.69,10.68,10.63,10.6,10.59,10.58,10.52,10.51,10.76,10.77,10.8,10.81,10.82,10.83,10.85,10.87,10.88,10.9,800,2800,200,1000,1000,1800,3500,1400,17700,21500,400,800,1900,2000,3600,2600,1600,800,3000,2000
50.0,10.76,47200,506213.0,10.76,10.75,10.73,10.69,10.68,10.63,10.6,10.59,10.58,10.52,10.77,10.8,10.81,10.82,10.83,10.85,10.87,10.88,10.9,10.92,4500,800,2800,200,1000,1000,1800,3500,1400,17700,400,1900,2000,3600,2600,1600,800,3000,2000,1500
51.0,10.76,47200,506213.0,10.76,10.75,10.73,10.69,10.68,10.63,10.6,10.59,10.58,10.52,10.77,10.8,10.81,10.82,10.83,10.85,10.87,10.88,10.9,10.92,4600,800,2800,200,1000,1000,1800,3500,1400,17700,400,1900,2000,3600,2600,1600,800,3000,2000,1500
52.0,10.77,47800,512673.0,10.78,10.77,10.76,10.75,10.73,10.69,10.68,10.63,10.6,10.59,10.81,10.82,10.83,10.85,10.87,10.88,10.9,10.92,10.94,10.95,100,300,4300,800,2800,200,1000,1000,1800,3500,2000,3600,2600,1600,800,3000,2000,1500,3300,1500
53.0,10.77,47800,512673.0,10.78,10.77,10.76,10.75,10.73,10.69,10.68,10.63,10.6,10.59,10.81,10.82,10.83,10.85,10.87,10.88,10.9,10.92,10.94,10.95,100,2700,4300,800,2800,200,1000,1000,1800,3500,2000,3600,2600,1600,800,3000,2000,1500,3300,1500
54.0,10.77,47800,512673.0,10.78,10.77,10.76,10.75,10.73,10.69,10.68,10.63,10.6,10.59,10.81,10.82,10.83,10.85,10.87,10.88,10.9,10.92,10.94,10.95,100,2700,4300,800,2800,200,1000,100,1800,3500,2000,3600,2600,1600,800,3000,2000,1500,3300,1500
55.0,10.78,48300,518060.0,10.78,10.77,10.76,10.75,10.73,10.69,10.68,10.63,10.6,10.59,10.81,10.82,10.83,10.85,10.87,10.88,10.9,10.92,10.94,10.95,400,2800,4300,800,2800,200,1000,100,1800,3500,2000,3600,2600,1600,800,3000,2000,1500,3300,1500
56.0,10.78,48300,518060.0,10.78,10.77,10.76,10.75,10.73,10.69,10.68,10.63,10.6,10.59,10.81,10.82,10.83,10.85,10.87,10.88,10.9,10.92,10.94,10.95,400,2400,4400,800,2800,200,1000,100,1800,3500,2000,3600,2600,1600,800,3000,2000,1500,3300,1500
57.0,10.78,48300,518060.0,10.78,10.77,10.76,10.75,10.73,10.69,10.68,10.63,10.6,10.59,10.81,10.82,10.83,10.85,10.87,10.88,10.9,10.92,10.94,10.95,400,2400,4400,800,2800,200,1000,100,1800,3500,2000,3600,2600,1600,800,3000,2000,1500,3300,1500
58.0,10.77,49400,529911.0,10.77,10.76,10.75,10.73,10.69,10.68,10.63,10.6,10.59,10.58,10.81,10.82,10.83,10.85,10.87,10.88,10.9,10.92,10.94,10.95,1900,4400,800,2800,200,1000,100,1800,3500,1400,2000,3600,2600,1600,800,3000,2000,1500,3300,1500
59.0,10.77,49500,530988.0,10.77,10.76,10.75,10.73,10.69,10.68,10.63,10.6,10.59,10.58,10.81,10.82,10.83,10.85,10.87,10.88,10.9,10.92,10.94,10.95,4100,4400,800,2800,200,1000,100,1800,3500,1400,2000,3600,2600,1600,800,3000,2000,1500,3300,1500
60.0,10.77,49500,530988.0,10.77,10.76,10.75,10.73,10.69,10.68,10.63,10.6,10.59,10.58,10.81,10.82,10.83,10.85,10.87,10.88,10.9,10.92,10.94,10.95,4100,100,800,2800,200,1000,100,1800,3500,1400,2000,3600,2600,1600,800,3000,2000,1500,3300,1500
61.0,10.77,50600,542838.0,10.81,10.78,10.77,10.76,10.75,10.73,10.68,10.63,10.6,10.59,10.82,10.83,10.85,10.87,10.88,10.9,10.92,10.94,10.95,10.98,2800,400,3300,100,800,2800,1000,100,1800,3300,3600,2600,1600,800,3000,2000,1500,3300,1500,7000
62.0,10.81,53400,573106.0,10.78,10.77,10.76,10.75,10.73,10.68,10.63,10.6,10.59,10.58,10.81,10.82,10.83,10.85,10.87,10.88,10.9,10.92,10.94,10.95,800,3300,100,800,2800,1000,100,1800,3300,1400,1500,3700,2600,1600,800,3000,2000,1500,3300,1500
63.0,10.81,54300,582835.0,10.79,10.78,10.77,10.76,10.75,10.73,10.68,10.63,10.6,10.59,10.81,10.82,10.83,10.85,10.87,10.88,10.9,10.92,10.94,10.95,400,800,3300,100,800,2800,1000,100,1800,3200,600,3700,2600,1600,800,3000,2000,1500,3300,1500
64.0,10.78,55500,595775.0,10.77,10.76,10.75,10.73,10.68,10.63,10.6,10.59,10.58,10.52,10.8,10.81,10.82,10.83,10.85,10.87,10.88,10.9,10.92,10.94,3300,100,800,2800,1000,100,1800,3200,1400,17700,900,600,3700,2600,1600,800,3000,2000,1500,3300
65.0,10.77,55900,600083.0,10.78,10.77,10.76,10.75,10.73,10.68,10.63,10.6,10.59,10.58,10.8,10.81,10.82,10.83,10.85,10.87,10.88,10.9,10.92,10.94,300,800,100,800,2800,1000,100,1800,3200,1400,900,600,3700,2600,1600,800,3000,2000,1500,3300
66.0,10.77,55900,600083.0,10.78,10.77,10.76,10.75,10.73,10.68,10.63,10.6,10.59,10.58,10.8,10.81,10.82,10.83,10.85,10.87,10.88,10.9,10.92,10.94,300,800,100,800,2800,1000,100,1800,3200,1400,900,400,3700,2600,1600,800,3000,2000,1500,3300
67.0,10.78,56700,608707.0,10.78,10.77,10.76,10.75,10.73,10.68,10.63,10.6,10.59,10.58,10.8,10.81,10.82,10.83,10.85,10.87,10.88,10.9,10.92,10.94,100,800,500,100,2800,1000,100,1800,3200,1400,900,400,3700,2600,1600,800,3000,2000,1500,3300
68.0,10.8,56800,609787.0,10.78,10.77,10.76,10.75,10.73,10.63,10.6,10.59,10.58,10.52,10.8,10.81,10.82,10.83,10.85,10.87,10.88,10.9,10.92,10.94,200,700,500,100,2800,100,1500,3100,1400,17400,800,400,3700,2600,1600,800,3000,2000,1500,3300
69.0,10.8,56800,609787.0,10.78,10.77,10.76,10.75,10.73,10.63,10.6,10.59,10.58,10.52,10.8,10.81,10.82,10.83,10.85,10.87,10.88,10.9,10.92,10.94,200,700,500,100,2800,100,1500,3100,1400,17400,800,400,3700,2600,1600,800,3000,2000,1500,3300
70.0,10.78,57000,611943.0,10.77,10.76,10.75,10.73,10.63,10.6,10.59,10.58,10.52,10.51,10.79,10.8,10.81,10.82,10.83,10.85,10.87,10.88,10.9,10.92,700,500,100,2800,100,1500,3100,1400,17400,21100,100,800,400,3700,2600,1600,800,3000,2000,1500
71.0,10.79,57100,613022.0,10.8,10.79,10.77,10.76,10.75,10.73,10.63,10.6,10.59,10.58,10.82,10.83,10.85,10.87,10.88,10.9,10.92,10.94,10.95,10.98,300,5400,700,500,100,2800,100,1500,3100,1400,3700,2600,1600,800,3000,2000,1500,3300,1500,7000
72.0,10.79,57100,613022.0,10.8,10.79,10.77,10.76,10.75,10.73,10.63,10.6,10.59,10.58,10.82,10.83,10.85,10.87,10.88,10.9,10.92,10.94,10.95,10.98,300,5400,700,500,100,2800,100,1500,3100,1400,3700,2600,1600,800,3000,2000,1500,3300,1500,7000
73.0,10.8,57300,615182.0,10.8,10.79,10.77,10.76,10.75,10.73,10.63,10.6,10.59,10.58,10.82,10.83,10.85,10.87,10.88,10.9,10.92,10.94,10.95,10.98,100,5400,700,500,100,2800,100,1500,3100,1400,3700,2600,1600,800,3000,2000,1500,3300,1500,7000
74.0,10.8,57300,615182.0,10.8,10.79,10.77,10.76,10.75,10.73,10.63,10.6,10.59,10.58,10.82,10.83,10.85,10.87,10.88,10.9,10.92,10.94,10.95,10.98,100,4600,700,500,100,2800,100,1500,3100,1400,3700,2600,1600,800,3000,2000,1500,3300,1500,7000
75.0,10.8,57300,615182.0,10.8,10.79,10.77,10.76,10.75,10.73,10.63,10.6,10.59,10.58,10.82,10.83,10.85,10.87,10.88,10.9,10.92,10.94,10.95,10.98,100,4600,700,500,100,2800,100,1500,3100,1400,3700,2600,1600,800,3000,2000,1500,3300,1500,7000
76.0,10.8,57400,616262.0,10.79,10.77,10.76,10.75,10.73,10.63,10.6,10.59,10.58,10.52,10.8,10.81,10.82,10.83,10.85,10.87,10.88,10.9,10.92,10.94,4600,700,500,100,2800,100,1500,3100,1400,17400,1100,900,3600,2600,1600,800,3000,2000,1500,3300
77.0,10.8,58000,622742.0,10.79,10.77,10.76,10.75,10.73,10.63,10.6,10.59,10.58,10.52,10.8,10.82,10.83,10.85,10.87,10.88,10.9,10.92,10.94,10.95,4600,700,500,100,2800,100,1500,3100,1400,17400,500,3600,2600,1600,800,3000,2000,1500,3300,1500
78.0,10.79,58400,627058.0,10.79,10.77,10.76,10.75,10.73,10.63,10.6,10.59,10.58,10.52,10.8,10.82,10.83,10.85,10.87,10.88,10.9,10.92,10.94,10.95,4200,700,500,100,2800,100,1500,3100,1400,17400,500,3600,2600,1600,800,3000,2000,1500,3300,1500
79.0,10.79,58400,627058.0,10.79,10.77,10.76,10.75,10.73,10.63,10.6,10.59,10.58,10.52,10.8,10.82,10.83,10.85,10.87,10.88,10.9,10.92,10.94,10.95,4200,700,500,100,2800,100,1500,3100,1400,17400,1400,3600,2600,1600,800,3000,2000,1500,3300,1500
80.0,10.8,58900,632458.0,10.79,10.77,10.76,10.75,10.73,10.63,10.6,10.59,10.58,10.52,10.8,10.82,10.83,10.85,10.87,10.88,10.9,10.92,10.94,10.95,4200,700,500,100,2800,100,1500,3100,1400,17400,400,3600,2600,1600,800,3000,2000,1500,3300,1500
81.0,10.79,59300,636774.0,10.77,10.76,10.75,10.73,10.63,10.6,10.59,10.58,10.52,10.51,10.8,10.81,10.82,10.83,10.85,10.87,10.88,10.9,10.92,10.94,1600,500,100,2800,100,1500,3100,1400,17400,21100,400,100,3600,2600,1600,800,3000,2000,1500,3300
82.0,10.79,59300,636774.0,10.77,10.76,10.75,10.73,10.63,10.6,10.59,10.58,10.52,10.51,10.8,10.81,10.82,10.83,10.85,10.87,10.88,10.9,10.92,10.94,3200,500,100,2800,100,1500,3100,1400,17400,21100,1400,100,3600,2600,1600,800,3000,2000,1500,3300
83.0,10.8,60300,647574.0,10.8,10.79,10.77,10.76,10.75,10.73,10.63,10.6,10.59,10.58,10.81,10.82,10.83,10.85,10.87,10.88,10.9,10.92,10.94,10.95,3800,100,3200,500,100,2800,100,1500,3100,1400,100,3600,2600,1600,800,3000,2000,1500,3300,1500
84.0,10.8,60600,650814.0,10.8,10.79,10.77,10.76,10.75,10.73,10.63,10.6,10.59,10.58,10.81,10.82,10.83,10.85,10.87,10.88,10.9,10.92,10.94,10.95,4300,100,3200,500,100,2800,100,1500,3100,1400,100,3600,2600,1600,800,3000,2000,1500,3300,1500
85.0,10.8,60900,654054.0,10.8,10.79,10.77,10.76,10.75,10.73,10.63,10.6,10.59,10.58,10.81,10.82,10.83,10.85,10.87,10.88,10.9,10.92,10.94,10.95,4000,100,3200,500,100,2800,100,1500,3100,1400,100,3600,2600,1600,800,3000,2000,1500,3300,1500
86.0,10.8,60900,654054.0,10.8,10.77,10.76,10.75,10.73,10.63,10.6,10.59,10.58,10.52,10.81,10.82,10.83,10.85,10.87,10.88,10.9,10.92,10.94,10.95,4000,3200,500,100,2800,100,1500,3100,1400,17400,100,3600,2600,1600,800,3000,2000,1500,3300,1500
87.0,10.8,60900,654054.0,10.8,10.77,10.76,10.75,10.73,10.63,10.6,10.59,10.58,10.52,10.81,10.82,10.83,10.85,10.87,10.88,10.9,10.92,10.94,10.95,4000,3200,500,100,2800,100,1500,3100,1400,17400,100,3600,2600,1600,800,3000,2000,1500,3300,1500
88.0,10.8,62000,665934.0,10.8,10.77,10.76,10.75,10.73,10.63,10.6,10.59,10.58,10.52,10.81,10.82,10.83,10.85,10.87,10.88,10.9,10.92,10.94,10.95,2900,3200,500,100,2800,100,1500,3100,1400,17400,100,3600,2600,1600,800,3000,2000,1500,3300,1500
89.0,10.8,62000,665934.0,10.8,10.77,10.76,10.75,10.73,10.63,10.6,10.59,10.58,10.52,10.81,10.82,10.83,10.85,10.87,10.88,10.9,10.92,10.94,10.95,2900,3200,500,100,2800,100,1500,3100,1400,17400,100,3600,2600,1600,800,3000,2000,1500,3300,1500
90.0,10.8,62000,665934.0,10.8,10.77,10.76,10.75,10.73,10.63,10.6,10.59,10.58,10.52,10.81,10.82,10.83,10.85,10.87,10.88,10.9,10.92,10.94,10.95,2900,3200,500,100,2800,100,1500,3100,1400,17400,100,3600,2600,1600,800,3000,2000,1500,3300,1500
91.0,10.8,62900,675654.0,10.8,10.77,10.76,10.75,10.73,10.63,10.6,10.59,10.58,10.52,10.81,10.82,10.83,10.85,10.87,10.88,10.9,10.92,10.94,10.95,2000,3200,500,100,2800,100,1500,3100,1400,17400,100,3600,2600,1600,800,3000,2000,1500,3300,1500
92.0,10.8,64000,687534.0,10.8,10.77,10.76,10.75,10.73,10.63,10.6,10.59,10.58,10.52,10.81,10.82,10.83,10.85,10.87,10.88,10.9,10.92,10.94,10.95,900,3200,500,100,2800,100,1500,3100,1400,17400,100,3600,2600,1600,800,3000,2000,1500,3300,1500
93.0,10.8,64300,690774.0,10.8,10.77,10.76,10.75,10.73,10.63,10.6,10.59,10.58,10.52,10.81,10.82,10.83,10.85,10.87,10.88,10.9,10.92,10.94,10.95,500,3200,500,100,2800,100,1500,3100,1400,17400,100,3600,2600,1600,800,3000,2000,1500,3300,1500
94.0,10.8,64800,696174.0,10.78,10.77,10.76,10.75,10.73,10.63,10.6,10.59,10.58,10.52,10.8,10.81,10.82,10.83,10.85,10.87,10.88,10.9,10.92,10.94,200,3300,500,100,2800,100,1500,3100,1400,17400,400,100,3600,2600,1600,800,3000,2000,1500,3300
95.0,10.8,64900,697254.0,10.79,10.78,10.77,10.76,10.75,10.73,10.63,10.6,10.59,10.58,10.8,10.81,10.82,10.83,10.85,10.87,10.88,10.9,10.92,10.94,100,200,3300,500,100,2800,100,1500,3100,1400,400,100,3600,2600,1600,800,3000,2000,1500,3300
96.0,10.8,64900,697254.0,10.79,10.78,10.77,10.76,10.75,10.73,10.63,10.6,10.59,10.58,10.8,10.81,10.82,10.83,10.85,10.87,10.88,10.9,10.92,10.94,100,200,3300,500,100,2800,100,1500,3100,1400,400,100,3600,2600,1600,800,3000,2000,1500,3300
97.0,10.8,64900,697254.0,10.79,10.78,10.77,10.76,10.75,10.73,10.63,10.6,10.59,10.58,10.8,10.81,10.82,10.83,10.85,10.87,10.88,10.9,10.92,10.94,100,200,3300,500,100,2800,100,1500,3100,1400,600,100,3600,2600,1600,800,3000,2000,1500,3300
98.0,10.8,64900,697254.0,10.78,10.77,10.76,10.75,10.73,10.63,10.6,10.59,10.58,10.52,10.8,10.81,10.82,10.83,10.85,10.87,10.88,10.9,10.92,10.94,200,3300,500,100,2800,100,1500,3100,1400,17400,300,100,3600,2600,1600,800,3000,2000,1500,3300
99.0,10.8,65200,700494.0,10.8,10.78,10.77,10.76,10.75,10.73,10.63,10.6,10.59,10.58,10.81,10.82,10.83,10.85,10.87,10.88,10.9,10.92,10.94,10.95,1700,200,3300,500,100,2800,100,1500,3100,1400,100,3600,2600,1600,800,3000,2000,1500,3300,1500
100.0,10.81,65500,703735.0,10.81,10.8,10.78,10.77,10.76,10.75,10.73,10.63,10.6,10.59,10.83,10.85,10.87,10.88,10.9,10.92,10.94,10.95,10.98,11.0,200,1500,200,3300,500,100,2800,100,1500,3100,2600,1600,800,3000,2000,1500,3300,1500,7000,500
101.0,10.81,65500,703735.0,10.81,10.8,10.78,10.77,10.76,10.75,10.73,10.63,10.6,10.59,10.83,10.85,10.87,10.88,10.9,10.92,10.94,10.95,10.98,11.0,500,1500,200,2800,500,100,2800,100,1500,3100,2600,1600,800,3000,2000,1500,3300,1500,7000,500
102.0,10.83,66100,710231.0,10.81,10.8,10.78,10.77,10.76,10.75,10.73,10.63,10.6,10.59,10.83,10.85,10.87,10.88,10.9,10.92,10.94,10.95,10.98,11.0,400,1500,200,2800,500,100,2800,100,1500,3100,2100,1600,800,3000,2000,1500,3300,1500,7000,500
103.0,10.83,66700,716718.0,10.8,10.78,10.77,10.76,10.75,10.73,10.63,10.6,10.59,10.58,10.83,10.85,10.87,10.88,10.9,10.92,10.94,10.95,10.98,11.0,1400,200,2800,500,100,2800,100,1500,3100,1400,2000,1600,800,3000,2000,1500,3300,1500,7000,500
104.0,10.83,66700,716718.0,10.8,10.78,10.77,10.76,10.75,10.73,10.63,10.6,10.59,10.58,10.83,10.85,10.87,10.88,10.9,10.92,10.94,10.95,10.98,11.0,1400,200,2800,500,100,2800,100,1500,3100,1400,2000,1600,800,3000,2000,1500,3300,1500,7000,500
105.0,10.8,66800,717798.0,10.8,10.78,10.77,10.76,10.75,10.73,10.63,10.6,10.59,10.58,10.83,10.85,10.87,10.88,10.9,10.92,10.94,10.95,10.98,11.0,1300,200,2800,500,100,2800,100,1500,3100,1400,2000,1600,800,3000,2000,1500,3300,1500,7000,500
106.0,10.83,66900,718881.0,10.81,10.8,10.78,10.77,10.76,10.75,10.73,10.63,10.6,10.59,10.83,10.85,10.87,10.88,10.9,10.92,10.94,10.95,10.98,11.0,100,2800,200,2800,500,100,2800,100,1500,3100,2600,1600,800,3000,2000,1500,3300,1500,7000,500
107.0,10.83,66900,718881.0,10.81,10.8,10.78,10.77,10.76,10.75,10.73,10.63,10.6,10.59,10.83,10.85,10.87,10.88,10.9,10.92,10.94,10.95,10.98,11.0,100,2800,200,2800,500,100,2800,100,1500,3100,2600,1600,800,3000,2000,1500,3300,1500,7000,500
108.0,10.83,66900,718881.0,10.81,10.8,10.78,10.77,10.76,10.75,10.73,10.63,10.6,10.59,10.83,10.85,10.87,10.88,10.9,10.92,10.94,10.95,10.98,11.0,100,2800,200,2800,500,100,2800,100,1500,3100,2600,1600,800,3000,2000,1500,3300,1500,7000,500
109.0,10.83,66900,718881.0,10.82,10.81,10.8,10.78,10.77,10.76,10.75,10.73,10.63,10.6,10.83,10.85,10.87,10.88,10.9,10.92,10.94,10.95,10.98,11.0,100,2700,2800,200,2800,500,100,2800,100,1500,3100,1600,800,3000,2000,1500,3300,1500,7000,500
110.0,10.83,67200,722130.0,10.82,10.81,10.8,10.78,10.77,10.76,10.75,10.73,10.63,10.6,10.83,10.85,10.87,10.88,10.9,10.92,10.94,10.95,10.98,11.0,100,2700,2800,200,2800,100,100,2800,100,1500,2100,1600,800,3000,2000,1500,3300,1500,7000,500
111.0,10.83,67200,722130.0,10.82,10.81,10.8,10.78,10.77,10.76,10.75,10.73,10.63,10.6,10.83,10.85,10.87,10.88,10.9,10.92,10.94,10.95,10.98,11.0,100,2700,2000,200,2800,100,100,2800,100,1500,2100,1600,800,3000,2000,1500,3300,1500,7000,500
112.0,10.83,67200,722130.0,10.82,10.81,10.8,10.78,10.77,10.76,10.75,10.73,10.63,10.6,10.83,10.85,10.87,10.88,10.9,10.92,10.94,10.95,10.98,11.0,100,2700,1500,200,2800,100,100,2800,100,1500,2800,1600,800,3000,2000,1500,3300,1500,7000,500
113.0,10.83,67200,722130.0,10.82,10.81,10.8,10.78,10.77,10.76,10.75,10.73,10.63,10.6,10.83,10.85,10.87,10.88,10.9,10.92,10.94,10.95,10.98,11.0,100,2700,1500,200,2500,100,100,2800,100,1500,2300,1600,800,3000,2000,1500,3300,1500,7000,500
114.0,10.83,67200,722130.0,10.82,10.81,10.8,10.78,10.77,10.76,10.75,10.73,10.63,10.6,10.83,10.85,10.87,10.88,10.9,10.92,10.94,10.95,10.98,11.0,100,2700,1500,200,2500,100,100,2800,100,1500,2300,1600,800,3000,2000,1500,3300,1500,7000,500
115.0,10.83,67400,724296.0,10.82,10.81,10.8,10.78,10.77,10.76,10.75,10.73,10.63,10.6,10.83,10.85,10.87,10.88,10.9,10.92,10.94,10.95,10.98,11.0,100,2700,1500,200,2500,100,100,2800,100,1500,2600,1600,800,3000,2000,1500,3300,1500,7000,500
116.0,10.83,67400,724296.0,10.81,10.8,10.78,10.77,10.76,10.75,10.73,10.63,10.6,10.59,10.83,10.85,10.87,10.88,10.9,10.92,10.94,10.95,10.98,11.0,2700,1500,200,2500,100,100,2800,100,1500,3100,1900,1600,800,3000,2000,1500,3300,1500,7000,500
117.0,10.83,67400,724296.0,10.81,10.8,10.78,10.77,10.76,10.75,10.73,10.63,10.6,10.59,10.83,10.85,10.87,10.88,10.9,10.92,10.94,10.95,10.98,11.0,2700,1500,200,2500,100,100,2800,100,1500,3100,1900,1600,800,3000,2000,1500,3300,1500,7000,500
118.0,10.83,68900,740537.0,10.81,10.8,10.78,10.77,10.76,10.75,10.73,10.63,10.6,10.59,10.83,10.85,10.87,10.88,10.9,10.92,10.94,10.95,10.98,11.0,2900,1500,200,2500,100,100,2800,100,1500,3100,1300,1600,800,3000,2000,1500,3300,1500,7000,500
119.0,10.83,69100,742703.0,10.82,10.81,10.8,10.78,10.77,10.76,10.75,10.73,10.63,10.6,10.83,10.85,10.87,10.88,10.9,10.92,10.94,10.95,10.98,11.0,100,2900,1500,200,2500,100,100,2800,100,1500,600,1600,800,3000,2000,1500,3300,1500,7000,500
120.0,10.83,69100,742703.0,10.82,10.81,10.8,10.78,10.77,10.76,10.75,10.73,10.63,10.6,10.83,10.85,10.87,10.88,10.9,10.92,10.94,10.95,10.98,11.0,100,2900,1500,200,2500,100,100,2800,100,1500,600,1600,800,3000,2000,1500,3300,1500,7000,500
121.0,10.83,69100,742703.0,10.82,10.81,10.8,10.78,10.77,10.76,10.75,10.73,10.63,10.6,10.83,10.85,10.87,10.88,10.9,10.92,10.94,10.95,10.98,11.0,700,2900,1500,200,2500,100,100,2800,100,1500,1100,1600,800,3000,2000,1500,3300,1500,7000,500
122.0,10.83,69600,748118.0,10.83,10.82,10.81,10.8,10.78,10.77,10.76,10.75,10.73,10.63,10.85,10.87,10.88,10.9,10.92,10.94,10.95,10.98,11.0,11.02,400,700,2900,1400,200,1700,100,100,2800,100,1600,800,3000,2000,1500,3300,1500,7000,500,1100
123.0,10.83,69600,748118.0,10.83,10.82,10.81,10.8,10.78,10.77,10.76,10.75,10.73,10.63,10.85,10.87,10.88,10.9,10.92,10.94,10.95,10.98,11.0,11.02,400,700,2900,1400,200,200,100,100,2800,100,1800,800,3000,2000,1500,3300,1500,7000,500,1100
124.0,10.81,72400,778401.0,10.82,10.81,10.8,10.78,10.77,10.76,10.75,10.73,10.63,10.6,10.83,10.84,10.85,10.87,10.88,10.9,10.92,10.94,10.95,10.98,200,1200,1400,200,200,100,100,2800,100,1500,100,900,1800,800,3000,2000,1500,3300,1500,7000
125.0,10.8,75200,808657.0,10.79,10.78,10.77,10.76,10.75,10.73,10.66,10.63,10.6,10.59,10.8,10.82,10.83,10.84,10.85,10.87,10.88,10.9,10.92,10.94,200,700,200,100,100,2800,10000,10300,1500,3100,700,900,100,900,1800,800,3000,2000,1500,3300
126.0,10.8,75900,816217.0,10.79,10.78,10.77,10.76,10.75,10.73,10.66,10.63,10.6,10.59,10.82,10.83,10.84,10.85,10.87,10.88,10.9,10.92,10.94,10.95,200,700,200,100,100,2800,10000,10300,1500,3100,1600,100,900,1800,800,3000,2000,1500,3300,1500
127.0,10.8,75900,816217.0,10.79,10.78,10.77,10.76,10.75,10.73,10.66,10.63,10.6,10.59,10.82,10.83,10.84,10.85,10.87,10.88,10.9,10.92,10.94,10.95,200,700,200,100,100,2800,10000,10300,1500,3100,1600,200,900,2000,800,3000,2000,1500,3300,1500
128.0,10.82,76000,817299.0,10.78,10.77,10.76,10.75,10.73,10.66,10.63,10.6,10.59,10.58,10.82,10.83,10.84,10.85,10.87,10.88,10.9,10.92,10.94,10.95,700,200,100,100,2800,10000,10300,1500,3100,1400,1500,100,900,2000,800,3000,2000,1500,3300,1500
129.0,10.82,76000,817299.0,10.78,10.77,10.76,10.75,10.73,10.66,10.63,10.6,10.59,10.58,10.82,10.83,10.84,10.85,10.87,10.88,10.9,10.92,10.94,10.95,800,200,400,100,2800,10000,10300,1500,3100,1400,1600,100,900,2000,800,3000,2000,1500,3300,1500
130.0,10.83,78100,840026.0,10.83,10.78,10.77,10.76,10.75,10.73,10.66,10.63,10.6,10.59,10.84,10.85,10.87,10.88,10.9,10.92,10.94,10.95,10.98,11.0,400,800,200,400,100,2800,10000,10300,1500,3100,900,2000,800,3000,2000,1500,3300,1500,7000,500
131.0,10.83,78500,844358.0,10.78,10.77,10.76,10.75,10.73,10.66,10.63,10.6,10.59,10.58,10.83,10.84,10.85,10.87,10.88,10.9,10.92,10.94,10.95,10.98,800,200,400,100,2800,10000,10300,1500,3100,1400,800,1900,2000,800,3000,2000,1500,3300,1500,7000
132.0,10.83,78500,844358.0,10.78,10.77,10.76,10.75,10.73,10.66,10.63,10.6,10.59,10.58,10.83,10.84,10.85,10.87,10.88,10.9,10.92,10.94,10.95,10.98,1100,200,400,100,2800,10000,10300,1500,3100,1400,1100,1900,2000,800,3000,2000,1500,3300,1500,7000
133.0,10.83,78500,844358.0,10.78,10.77,10.76,10.75,10.73,10.66,10.63,10.6,10.59,10.58,10.83,10.84,10.85,10.87,10.88,10.9,10.92,10.94,10.95,10.98,1100,200,400,100,2800,10000,10300,1500,3100,1400,1100,1900,2000,800,3000,2000,1500,3300,1500,7000
134.0,10.83,78500,844358.0,10.78,10.77,10.76,10.75,10.73,10.66,10.63,10.6,10.59,10.58,10.83,10.84,10.85,10.87,10.88,10.9,10.92,10.94,10.95,10.98,1200,200,400,100,2800,10000,10300,1500,3100,1400,1200,1900,2000,800,3000,2000,1500,3300,1500,7000
135.0,10.78,78600,845436.0,10.78,10.77,10.76,10.75,10.73,10.66,10.63,10.6,10.59,10.58,10.82,10.83,10.84,10.85,10.87,10.88,10.9,10.92,10.94,10.95,1100,200,100,100,2800,10000,10300,1500,3100,1400,1600,1200,1000,2000,800,3000,2000,1500,3300,1500
136.0,10.78,78800,847592.0,10.78,10.77,10.76,10.75,10.73,10.66,10.63,10.6,10.59,10.58,10.82,10.83,10.84,10.85,10.87,10.88,10.9,10.92,10.94,10.95,900,200,100,100,2800,10000,10300,1500,3100,1400,1600,1200,1000,2000,800,3000,2000,1500,3300,1500
137.0,10.78,78800,847592.0,10.78,10.77,10.76,10.75,10.73,10.66,10.63,10.6,10.59,10.58,10.8,10.82,10.83,10.84,10.85,10.87,10.88,10.9,10.92,10.94,1000,200,100,100,2800,10000,10300,1500,3100,1400,200,1700,1200,1000,1800,800,3000,2000,1500,3300
138.0,10.78,78800,847592.0,10.78,10.77,10.76,10.75,10.73,10.66,10.63,10.6,10.59,10.58,10.8,10.82,10.83,10.84,10.85,10.87,10.88,10.9,10.92,10.94,1000,200,100,100,2800,10000,10300,1500,3100,1400,200,1700,1200,1000,1800,800,3000,2000,1500,3300
139.0,10.82,79500,855158.0,10.78,10.77,10.76,10.75,10.73,10.68,10.66,10.63,10.6,10.59,10.82,10.83,10.84,10.85,10.87,10.88,10.9,10.92,10.94,10.95,1000,200,100,100,2800,9900,10000,10300,1500,3100,1300,1200,1000,1800,800,3000,2000,1500,3300,1500
140.0,10.82,79800,858404.0,10.78,10.77,10.76,10.75,10.73,10.68,10.66,10.63,10.6,10.59,10.82,10.83,10.84,10.85,10.87,10.88,10.9,10.92,10.94,10.95,1900,200,100,100,2800,9900,10000,10300,1500,3100,1100,1200,1000,1800,800,3000,2000,1500,3300,1500
141.0,10.82,79800,858404.0,10.78,10.77,10.76,10.75,10.73,10.68,10.66,10.63,10.6,10.59,10.82,10.83,10.84,10.85,10.87,10.88,10.9,10.92,10.94,10.95,1900,200,100,100,2800,9900,10000,10300,1500,3100,1100,1200,1000,1800,800,3000,2000,1500,3300,1500
142.0,10.81,80600,867051.0,10.78,10.77,10.76,10.75,10.73,10.68,10.66,10.63,10.6,10.59,10.81,10.82,10.83,10.84,10.85,10.87,10.88,10.9,10.92,10.94,2000,200,100,100,2800,9900,10000,10300,1500,3100,400,1000,1200,1000,1800,800,3000,2000,1500,3300
143.0,10.82,81300,874621.0,10.82,10.81,10.78,10.76,10.75,10.73,10.68,10.66,10.63,10.6,10.83,10.84,10.85,10.87,10.88,10.9,10.92,10.94,10.95,10.98,600,8300,2000,100,100,2800,9900,10000,10300,1500,400,1000,1800,800,3000,2000,1500,3300,1500,7000
144.0,10.82,81300,874621.0,10.82,10.81,10.78,10.76,10.75,10.73,10.68,10.66,10.63,10.6,10.83,10.84,10.85,10.87,10.88,10.9,10.92,10.94,10.95,10.98,600,8300,2000,100,100,2800,9900,10000,10300,1500,400,1000,1800,800,3000,2000,1500,3300,1500,7000
145.0,10.82,81300,874621.0,10.82,10.81,10.78,10.76,10.75,10.73,10.68,10.66,10.63,10.6,10.83,10.84,10.85,10.87,10.88,10.9,10.92,10.94,10.95,10.98,600,7500,2000,100,100,2800,9900,10000,10300,1500,3500,1000,1800,800,3000,2000,1500,3300,1500,7000
146.0,10.82,81500,876785.0,10.82,10.81,10.78,10.76,10.75,10.73,10.68,10.66,10.63,10.6,10.83,10.84,10.85,10.87,10.88,10.9,10.92,10.94,10.95,10.98,400,7500,2000,100,100,2800,9900,10000,10300,1500,3500,1000,1800,800,3000,2000,1500,3300,1500,7000
147.0,10.83,82100,883283.0,10.82,10.81,10.78,10.76,10.75,10.73,10.68,10.66,10.63,10.6,10.83,10.84,10.85,10.87,10.88,10.9,10.92,10.94,10.95,10.98,400,7300,2000,100,100,2800,9900,10000,10300,1500,2900,1000,1800,800,3000,2000,1500,3300,1500,7000
148.0,10.82,82300,885447.0,10.82,10.81,10.78,10.76,10.75,10.73,10.68,10.66,10.63,10.6,10.83,10.84,10.85,10.87,10.88,10.9,10.92,10.94,10.95,10.98,200,7300,2000,100,100,2800,9900,10000,10300,1500,3400,1000,1800,800,3000,2000,1500,3300,1500,7000
149.0,10.82,82400,886529.0,10.82,10.81,10.78,10.76,10.75,10.73,10.68,10.66,10.63,10.6,10.83,10.84,10.85,10.87,10.88,10.9,10.92,10.94,10.95,10.98,100,7300,2000,100,100,2800,9900,10000,10300,1500,3400,1000,1800,800,3000,2000,1500,3300,1500,7000
150.0,10.82,82400,886529.0,10.82,10.81,10.78,10.76,10.75,10.73,10.68,10.66,10.63,10.6,10.83,10.84,10.85,10.87,10.88,10.9,10.92,10.94,10.95,10.98,100,7300,2000,100,100,2800,9900,10000,10300,1500,3400,1000,1800,800,3000,2000,1500,3300,1500,7000
151.0,10.82,82400,886529.0,10.82,10.81,10.78,10.76,10.75,10.73,10.68,10.66,10.63,10.6,10.83,10.84,10.85,10.87,10.88,10.9,10.92,10.94,10.95,10.98,100,7300,2000,100,100,2800,9900,10000,10300,1500,3400,1000,1800,800,3000,2000,1500,3300,1500,7000
152.0,10.82,82500,887611.0,10.81,10.78,10.76,10.75,10.73,10.68,10.66,10.63,10.6,10.59,10.83,10.84,10.85,10.87,10.88,10.9,10.92,10.94,10.95,10.98,7300,2000,100,100,2800,9900,10000,10300,1500,3100,3400,1000,1800,800,3000,2000,1500,3300,1500,7000
153.0,10.81,83200,895178.0,10.81,10.78,10.76,10.75,10.73,10.68,10.66,10.63,10.6,10.59,10.83,10.84,10.85,10.87,10.88,10.9,10.92,10.94,10.95,10.98,2000,1900,100,100,2800,9900,10000,10300,1500,3100,3400,1000,1800,1000,3000,2200,1500,3300,1500,7000
154.0,10.83,83400,897344.0,10.81,10.78,10.76,10.75,10.73,10.68,10.66,10.63,10.6,10.59,10.83,10.84,10.85,10.87,10.88,10.9,10.92,10.94,10.95,10.98,2000,1900,100,100,2800,9900,10000,10300,1500,3100,3200,1000,1800,1000,3000,2200,1500,3300,1500,7000
155.0,10.81,85400,918964.0,10.78,10.76,10.75,10.73,10.68,10.66,10.63,10.6,10.59,10.58,10.82,10.83,10.84,10.85,10.87,10.88,10.9,10.92,10.94,10.95,2000,100,100,2800,9900,10000,10300,1500,3100,1400,900,900,1000,1800,1000,3000,2200,1500,3300,1500
156.0,10.78,85600,921120.0,10.78,10.76,10.75,10.73,10.68,10.66,10.63,10.6,10.59,10.58,10.83,10.84,10.85,10.87,10.88,10.9,10.92,10.94,10.95,10.98,1800,100,100,2800,9900,10000,10300,1500,3100,1400,900,1000,1600,1000,3000,2200,1500,3300,1500,7000
157.0,10.78,85600,921120.0,10.78,10.76,10.75,10.73,10.68,10.66,10.63,10.6,10.59,10.58,10.83,10.84,10.85,10.87,10.88,10.9,10.92,10.94,10.95,10.98,1900,100,100,2800,9900,10000,10300,1500,2100,1400,1000,1000,1600,1000,3000,2200,1500,3300,1500,7000
158.0,10.78,85700,922198.0,10.78,10.76,10.75,10.73,10.68,10.66,10.63,10.6,10.59,10.58,10.83,10.84,10.85,10.87,10.88,10.9,10.92,10.94,10.95,10.98,1800,100,100,2800,9900,10000,10300,1500,2100,1400,1000,1000,1600,1000,3000,2200,1500,3300,1500,7000
159.0,10.78,85700,922198.0,10.78,10.76,10.75,10.73,10.68,10.66,10.63,10.6,10.59,10.58,10.83,10.84,10.85,10.87,10.88,10.9,10.92,10.94,10.95,10.98,1800,100,100,2800,9900,10000,10300,1500,2100,1400,1000,1000,1600,1000,3000,2200,1500,3300,1500,7000
160.0,10.78,86100,926510.0,10.78,10.76,10.75,10.73,10.68,10.66,10.63,10.6,10.59,10.58,10.83,10.84,10.85,10.87,10.88,10.9,10.92,10.94,10.95,10.98,1500,100,100,2800,9900,10000,10300,1500,2100,1400,1100,1000,1600,1000,3000,2200,1500,3300,1500,7000
161.0,10.78,86100,926510.0,10.78,10.76,10.75,10.73,10.68,10.66,10.63,10.6,10.59,10.58,10.83,10.84,10.85,10.87,10.88,10.9,10.92,10.94,10.95,10.98,1700,100,100,2800,9900,10000,10300,1500,2100,1400,1300,1000,1600,1000,3000,2200,1500,3300,1500,7000
162.0,10.78,86100,926510.0,10.78,10.76,10.75,10.73,10.68,10.66,10.63,10.6,10.59,10.58,10.83,10.84,10.85,10.87,10.88,10.9,10.92,10.94,10.95,10.98,1800,100,100,2800,9900,10000,10300,1500,2100,1400,1400,1000,1600,1000,3000,2200,1500,3300,1500,7000
163.0,10.78,86200,927588.0,10.78,10.76,10.75,10.73,10.68,10.66,10.63,10.6,10.59,10.58,10.81,10.83,10.84,10.85,10.87,10.88,10.9,10.92,10.94,10.95,800,100,100,2800,9900,10000,10300,1500,2100,1400,200,1400,1000,1600,1000,3000,2200,1500,3300,1500
164.0,10.78,86200,927588.0,10.78,10.76,10.75,10.73,10.68,10.66,10.63,10.6,10.59,10.58,10.8,10.81,10.83,10.84,10.85,10.87,10.88,10.9,10.92,10.94,800,100,100,2800,9900,10000,10300,1500,2100,1400,2800,200,1400,1000,1600,1000,3000,2200,1500,3300
165.0,10.78,86200,927588.0,10.78,10.76,10.75,10.73,10.68,10.66,10.63,10.6,10.59,10.58,10.8,10.81,10.83,10.84,10.85,10.87,10.88,10.9,10.92,10.94,800,100,100,2800,9900,10000,10300,1500,2100,1400,2800,200,1400,1000,1600,1000,3000,2200,1500,3300
166.0,10.78,86200,927588.0,10.78,10.76,10.75,10.73,10.68,10.66,10.63,10.6,10.59,10.58,10.8,10.81,10.83,10.84,10.85,10.87,10.88,10.9,10.92,10.94,800,100,100,2800,9900,10000,10300,1500,2100,1400,1900,200,1400,1000,1600,1000,3000,2200,1500,3300
167.0,10.83,88600,953519.0,10.8,10.78,10.76,10.75,10.73,10.68,10.66,10.63,10.6,10.59,10.82,10.83,10.84,10.85,10.87,10.88,10.9,10.92,10.94,10.95,3100,800,100,100,2800,9900,10000,10300,1500,2100,2200,1100,1000,1600,1000,3000,2200,1500,3300,1500
168.0,10.83,88600,953519.0,10.8,10.78,10.76,10.75,10.73,10.68,10.66,10.63,10.6,10.59,10.82,10.83,10.84,10.85,10.87,10.88,10.9,10.92,10.94,10.95,3100,800,100,100,2800,9900,10000,10300,1500,2100,2200,1100,1000,1600,1000,3000,2200,1500,3300,1500
169.0,10.83,88600,953519.0,10.8,10.78,10.76,10.75,10.73,10.68,10.66,10.63,10.6,10.59,10.82,10.83,10.84,10.85,10.87,10.88,10.9,10.92,10.94,10.95,3100,800,100,100,2800,9900,10000,10300,1500,2100,2200,1100,1000,1600,1000,3000,2200,1500,3300,1500
170.0,10.8,88900,956759.0,10.8,10.78,10.76,10.75,10.73,10.68,10.66,10.63,10.6,10.59,10.82,10.83,10.84,10.85,10.87,10.88,10.9,10.92,10.94,10.95,2800,800,100,100,2800,9900,10000,10300,1500,2100,2200,1100,1000,1600,1000,3000,2200,1500,3300,1500
171.0,10.8,89400,962159.0,10.8,10.78,10.76,10.75,10.73,10.68,10.66,10.63,10.6,10.59,10.82,10.83,10.84,10.85,10.87,10.88,10.9,10.92,10.94,10.95,2300,800,100,100,2800,9900,10000,10300,1500,2100,2200,1100,1000,1600,1000,3000,2200,1500,3300,1500
172.0,10.8,89600,964319.0,10.8,10.78,10.76,10.75,10.73,10.68,10.66,10.63,10.6,10.59,10.82,10.83,10.84,10.85,10.87,10.88,10.9,10.92,10.94,10.95,2100,800,100,100,2800,9900,10000,10300,1500,2100,2200,1100,1000,1600,1000,3000,2200,1500,3300,1500
173.0,10.8,89600,964319.0,10.8,10.78,10.76,10.75,10.73,10.68,10.66,10.63,10.6,10.59,10.82,10.83,10.84,10.85,10.87,10.88,10.9,10.92,10.94,10.95,2100,800,100,100,2800,9900,10000,10300,1500,2100,2200,1100,1000,1600,1000,3000,2200,1500,3300,1700
174.0,10.8,89800,966479.0,10.8,10.78,10.76,10.75,10.73,10.68,10.66,10.63,10.6,10.59,10.82,10.83,10.84,10.85,10.87,10.88,10.9,10.92,10.94,10.95,1900,800,100,100,2800,9900,10000,10300,1500,2100,2200,1100,1000,1600,1000,3000,2200,1500,3300,1700
175.0,10.8,89800,966479.0,10.8,10.78,10.76,10.75,10.73,10.68,10.66,10.63,10.6,10.59,10.82,10.83,10.84,10.85,10.87,10.88,10.9,10.92,10.94,10.95,1900,800,100,100,2800,9900,10000,10300,1500,2100,2200,1100,1000,1600,1000,3000,2200,1500,3300,1700
176.0,10.8,89800,966479.0,10.8,10.78,10.76,10.75,10.73,10.68,10.66,10.63,10.6,10.59,10.82,10.83,10.84,10.85,10.87,10.88,10.9,10.92,10.94,10.95,1900,800,100,100,2800,9900,10000,10300,1500,2100,2200,1100,1000,1600,1000,3000,2300,1500,3300,1700
177.0,10.8,89900,967559.0,10.78,10.76,10.75,10.73,10.68,10.66,10.63,10.6,10.59,10.58,10.82,10.83,10.84,10.85,10.87,10.88,10.9,10.92,10.94,10.95,800,100,100,2800,9900,10000,10300,1500,2100,1400,2200,1100,1000,1600,1000,3000,2300,1500,3300,1700
178.0,10.8,89900,967559.0,10.8,10.78,10.76,10.75,10.73,10.68,10.66,10.63,10.6,10.59,10.82,10.83,10.84,10.85,10.87,10.88,10.9,10.92,10.94,10.95,2300,800,100,100,2800,9900,10000,10300,1500,2100,2200,1100,1000,1600,1000,3000,2300,1500,3300,1700
179.0,10.8,89900,967559.0,10.8,10.78,10.76,10.75,10.73,10.68,10.66,10.63,10.6,10.59,10.82,10.83,10.84,10.85,10.87,10.88,10.9,10.92,10.94,10.95,2300,800,100,100,2800,9900,10000,10300,1500,2100,2200,1100,1000,1600,1000,3000,2300,1500,3300,1700
180.0,10.8,90100,969719.0,10.8,10.78,10.76,10.75,10.73,10.68,10.66,10.63,10.6,10.59,10.82,10.83,10.84,10.85,10.87,10.88,10.9,10.92,10.94,10.95,2100,800,100,100,2800,9900,10000,10300,1500,2100,2200,1100,1000,1600,1000,3000,2300,1500,3300,1700
181.0,10.8,90300,971879.0,10.8,10.78,10.76,10.75,10.73,10.68,10.66,10.63,10.6,10.59,10.82,10.83,10.84,10.85,10.87,10.88,10.9,10.92,10.94,10.95,1900,800,100,100,2800,9900,10000,10300,1500,2100,2200,1100,1000,1600,1000,3000,2300,1500,3300,1700
182.0,10.82,90500,974043.0,10.81,10.8,10.78,10.77,10.76,10.75,10.73,10.68,10.66,10.63,10.82,10.83,10.84,10.85,10.87,10.88,10.9,10.92,10.94,10.95,100,2000,800,500,100,100,2800,9900,10000,10300,2000,1100,1000,1600,1000,3000,2300,1500,3300,1700
183.0,10.82,90500,974043.0,10.81,10.8,10.78,10.77,10.76,10.75,10.73,10.68,10.66,10.63,10.82,10.83,10.84,10.85,10.87,10.88,10.9,10.92,10.94,10.95,100,2000,800,500,100,100,2800,9900,10000,10300,2000,1100,1000,1600,1000,3000,2300,1500,3300,1700
184.0,10.82,90500,974043.0,10.81,10.8,10.78,10.77,10.76,10.75,10.73,10.68,10.66,10.63,10.82,10.83,10.84,10.85,10.87,10.88,10.9,10.92,10.94,10.95,100,2000,800,500,100,100,2800,9900,10000,10300,2000,1100,1000,1600,1000,3000,2300,1500,3300,1700
185.0,10.82,91100,980534.0,10.8,10.78,10.76,10.75,10.73,10.68,10.66,10.63,10.6,10.59,10.82,10.83,10.84,10.85,10.87,10.88,10.9,10.92,10.94,10.95,2000,800,100,100,2800,9900,10000,10300,1500,2100,1500,1100,1000,1600,1000,3000,2300,1500,3300,1700
186.0,10.82,91100,980534.0,10.8,10.78,10.76,10.75,10.73,10.68,10.66,10.63,10.6,10.59,10.82,10.83,10.84,10.85,10.87,10.88,10.9,10.92,10.94,10.95,2000,800,100,100,2800,9900,10000,10300,1500,2100,1500,1100,1000,1600,1000,3000,2300,1500,3300,1700
187.0,10.8,93400,1005374.0,10.78,10.76,10.75,10.73,10.68,10.66,10.63,10.6,10.59,10.58,10.8,10.82,10.83,10.84,10.85,10.87,10.88,10.9,10.92,10.94,900,100,100,2800,9900,10000,10300,1500,2100,1400,1500,1500,1100,1000,1600,1000,3000,2300,1500,3300
188.0,10.8,93800,1009694.0,10.78,10.76,10.75,10.73,10.68,10.66,10.63,10.6,10.59,10.58,10.8,10.82,10.83,10.84,10.85,10.87,10.88,10.9,10.92,10.94,900,100,100,2800,9900,10000,10300,1500,2100,1400,1100,1500,1100,1000,1600,1000,3000,2300,1500,3300
189.0,10.8,93800,1009694.0,10.78,10.76,10.75,10.73,10.68,10.66,10.63,10.6,10.59,10.58,10.8,10.82,10.83,10.84,10.85,10.87,10.88,10.9,10.92,10.94,900,100,100,2800,9900,10000,10300,1500,2100,1400,1100,1500,1100,1000,1600,1000,3000,2300,1500,3300
190.0,10.8,94900,1021574.0,10.79,10.78,10.76,10.75,10.73,10.68,10.66,10.63,10.6,10.59,10.82,10.83,10.84,10.85,10.87,10.88,10.9,10.92,10.94,10.95,1200,900,100,100,2800,9900,10000,10300,1500,2100,1500,1100,1000,1600,1000,3000,2300,1500,3300,1700
191.0,10.8,94900,1021574.0,10.79,10.78,10.76,10.75,10.73,10.68,10.66,10.63,10.6,10.59,10.82,10.83,10.84,10.85,10.87,10.88,10.9,10.92,10.94,10.95,1200,900,100,100,2800,9900,10000,10300,1500,2100,1500,1100,1000,1600,1000,3000,2300,1500,3300,1700
192.0,10.79,95000,1022653.0,10.79,10.78,10.76,10.75,10.73,10.68,10.66,10.63,10.6,10.59,10.82,10.83,10.84,10.85,10.87,10.88,10.9,10.92,10.94,10.95,1100,900,100,100,2800,9900,10000,10300,1500,2100,1500,1100,1000,1600,1000,3000,2300,1500,3300,1700
193.0,10.79,95000,1022653.0,10.79,10.78,10.76,10.75,10.73,10.68,10.66,10.63,10.6,10.59,10.82,10.83,10.84,10.85,10.87,10.88,10.9,10.92,10.94,10.95,1100,900,100,100,2800,9900,10000,10300,1500,2100,1500,1100,1000,1600,1000,3000,2300,1500,3300,1700
194.0,10.79,95100,1023732.0,10.79,10.78,10.76,10.75,10.73,10.68,10.66,10.63,10.6,10.59,10.82,10.83,10.84,10.85,10.87,10.88,10.9,10.92,10.94,10.95,1000,900,100,100,2800,9900,10000,10300,1500,2100,1500,1100,1000,1600,1000,3000,2300,1500,3300,1700
195.0,10.79,95300,1025890.0,10.79,10.78,10.76,10.75,10.73,10.68,10.66,10.63,10.6,10.59,10.82,10.83,10.84,10.85,10.87,10.88,10.9,10.92,10.94,10.95,800,900,100,100,2800,9900,10000,10300,1500,2100,1500,1100,1000,1600,1000,3000,2300,1500,3300,1700
196.0,10.79,95300,1025890.0,10.79,10.78,10.76,10.75,10.73,10.68,10.66,10.63,10.6,10.59,10.82,10.83,10.84,10.85,10.87,10.88,10.9,10.92,10.94,10.95,800,900,100,100,2800,9900,10000,10300,1500,2100,1500,1100,1000,1600,1000,3000,2300,1500,3300,1700
197.0,10.79,95300,1025890.0,10.8,10.79,10.78,10.76,10.75,10.73,10.68,10.66,10.63,10.6,10.82,10.83,10.84,10.85,10.87,10.88,10.9,10.92,10.94,10.95,100,800,900,100,100,2800,9900,10000,10300,1500,1500,1100,1000,1600,1000,3000,2300,1500,3300,1700
198.0,10.79,95300,1025890.0,10.8,10.79,10.78,10.76,10.75,10.73,10.68,10.66,10.63,10.6,10.82,10.83,10.84,10.85,10.87,10.88,10.9,10.92,10.94,10.95,100,800,900,100,100,2800,9900,10000,10300,1500,1500,1100,1000,1600,1000,3000,2300,1500,3300,1700
199.0,10.79,95300,1025890.0,10.8,10.79,10.78,10.76,10.75,10.73,10.68,10.66,10.63,10.6,10.82,10.83,10.84,10.85,10.87,10.88,10.9,10.92,10.94,10.95,100,800,900,100,100,2800,9900,10000,10300,1500,1500,1100,1000,1600,1000,3000,2300,1500,3300,1700
200.0,10.79,95300,1025890.0,10.8,10.79,10.78,10.76,10.75,10.73,10.68,10.66,10.63,10.6,10.82,10.83,10.84,10.85,10.87,10.88,10.9,10.92,10.94,10.95,300,800,900,100,100,2800,9900,10000,10300,1500,1500,1100,1000,1600,1000,3000,2300,1500,3300,1700
201.0,10.79,95300,1025890.0,10.8,10.79,10.78,10.76,10.75,10.73,10.68,10.66,10.63,10.6,10.82,10.83,10.84,10.85,10.87,10.88,10.9,10.92,10.94,10.95,300,800,900,100,100,2800,9900,10000,10300,1500,1500,1100,1000,1600,1000,3000,2300,1500,3300,1700
202.0,10.79,95300,1025890.0,10.8,10.79,10.78,10.76,10.75,10.73,10.68,10.66,10.63,10.6,10.82,10.83,10.84,10.85,10.87,10.88,10.9,10.92,10.94,10.95,300,800,900,100,100,2800,9900,10000,10300,1500,1500,1100,1000,1600,1000,3000,2300,1500,3300,1700
203.0,10.8,95600,1029130.0,10.79,10.78,10.76,10.75,10.73,10.68,10.66,10.63,10.6,10.59,10.8,10.82,10.83,10.84,10.85,10.87,10.88,10.9,10.92,10.94,800,900,100,100,2800,9900,10000,10300,1500,2100,300,1500,1100,1000,1600,1000,3000,2300,1500,3300
204.0,10.8,95600,1029130.0,10.79,10.78,10.76,10.75,10.73,10.68,10.66,10.63,10.6,10.59,10.8,10.82,10.83,10.84,10.85,10.87,10.88,10.9,10.92,10.94,800,900,100,100,2800,9900,10000,10300,1500,2100,300,1500,1100,1000,1600,1000,3000,2300,1500,3300
205.0,10.8,95600,1029130.0,10.79,10.78,10.76,10.75,10.73,10.68,10.66,10.63,10.6,10.59,10.8,10.82,10.83,10.84,10.85,10.87,10.88,10.9,10.92,10.94,800,900,100,100,2800,9900,10000,10300,1500,2000,300,1500,1100,1000,1600,1000,3000,2100,1500,3300
206.0,10.8,95600,1029130.0,10.79,10.78,10.76,10.75,10.73,10.68,10.66,10.63,10.6,10.59,10.8,10.82,10.83,10.84,10.85,10.87,10.88,10.9,10.92,10.94,800,900,100,100,2800,9900,10000,10300,1500,2000,300,1500,1100,1000,1600,1000,3000,2100,1500,3300
207.0,10.79,95700,1030209.0,10.79,10.78,10.76,10.75,10.73,10.68,10.66,10.63,10.6,10.59,10.8,10.82,10.83,10.84,10.85,10.87,10.88,10.9,10.92,10.94,700,900,100,100,2800,9900,10000,10300,1500,2000,300,1500,1100,1000,1600,1000,3000,2100,1500,3300
208.0,10.79,95700,1030209.0,10.79,10.78,10.76,10.75,10.73,10.68,10.66,10.63,10.6,10.59,10.8,10.82,10.83,10.84,10.85,10.87,10.88,10.9,10.92,10.94,700,900,100,100,2800,9900,10000,10300,1500,2000,300,1500,1100,1000,1600,1000,3000,2100,1500,3300
209.0,10.79,95700,1030209.0,10.79,10.78,10.76,10.75,10.73,10.68,10.66,10.63,10.6,10.59,10.8,10.82,10.83,10.84,10.85,10.87,10.88,10.9,10.92,10.94,700,900,100,100,2800,9900,10000,10300,1500,2000,300,1500,1100,1000,1600,1000,3000,2100,1500,3300
210.0,10.79,95700,1030209.0,10.79,10.78,10.76,10.75,10.73,10.68,10.66,10.63,10.6,10.59,10.8,10.82,10.83,10.84,10.85,10.87,10.88,10.9,10.92,10.94,700,900,100,100,2800,9900,10000,10300,1500,2000,300,1500,1100,1000,1600,1000,3000,2100,1500,3300
211.0,10.79,95700,1030209.0,10.79,10.78,10.76,10.75,10.73,10.68,10.66,10.63,10.6,10.59,10.8,10.81,10.82,10.83,10.84,10.85,10.87,10.88,10.9,10.92,700,900,100,100,2800,9900,10000,10300,1500,2000,300,100,1500,1100,1000,1600,1000,3000,2100,1500
212.0,10.79,95700,1030209.0,10.79,10.78,10.76,10.75,10.73,10.68,10.66,10.63,10.6,10.59,10.8,10.81,10.82,10.83,10.84,10.85,10.87,10.88,10.9,10.92,700,900,100,100,2800,9900,10000,10300,1500,2000,300,100,1500,1100,1000,1600,1000,3000,2100,1500
213.0,10.79,95700,1030209.0,10.79,10.78,10.76,10.75,10.73,10.68,10.66,10.63,10.6,10.59,10.8,10.81,10.82,10.83,10.84,10.85,10.87,10.88,10.9,10.92,700,900,100,100,2800,9900,10000,10300,1500,2000,300,100,1500,1100,1000,1600,1000,3000,2100,1500
214.0,10.79,95700,1030209.0,10.79,10.78,10.76,10.75,10.73,10.68,10.66,10.63,10.6,10.59,10.8,10.81,10.82,10.83,10.84,10.85,10.87,10.88,10.9,10.92,700,900,100,100,2800,9900,10000,10300,1500,2000,300,100,1500,1100,1000,1600,1000,3000,2100,1500
215.0,10.79,95700,1030209.0,10.79,10.78,10.76,10.75,10.73,10.68,10.66,10.63,10.6,10.59,10.8,10.81,10.82,10.83,10.84,10.85,10.87,10.88,10.9,10.92,700,900,100,100,2800,9900,10000,10300,1500,2000,300,100,1500,1100,1000,1600,1000,3000,2100,1500
216.0,10.8,95800,1031289.0,10.79,10.78,10.76,10.75,10.73,10.68,10.66,10.63,10.6,10.59,10.8,10.81,10.82,10.83,10.84,10.85,10.87,10.88,10.9,10.92,700,900,100,100,2800,9900,10000,10300,1500,2000,200,100,1500,1100,1000,1600,1000,3000,2100,1500
217.0,10.8,95800,1031289.0,10.79,10.78,10.76,10.75,10.73,10.68,10.66,10.63,10.6,10.59,10.8,10.81,10.82,10.83,10.84,10.85,10.87,10.88,10.9,10.92,700,900,100,100,2800,9900,10000,10300,1500,2000,200,100,1500,1100,1000,1600,1000,3000,2100,1500
218.0,10.8,95800,1031289.0,10.79,10.78,10.76,10.75,10.73,10.68,10.66,10.63,10.6,10.59,10.8,10.81,10.82,10.83,10.84,10.85,10.87,10.88,10.9,10.92,700,900,100,100,2800,9900,10000,10300,1500,2000,200,100,1500,1100,1000,1600,1000,3000,2100,1500
219.0,10.79,95900,1032368.0,10.79,10.78,10.76,10.75,10.73,10.68,10.66,10.63,10.6,10.59,10.8,10.81,10.82,10.83,10.84,10.85,10.87,10.88,10.9,10.92,600,900,100,100,2800,9900,10000,10300,1500,2000,200,100,1500,1100,1000,1600,1000,3000,2100,1500
220.0,10.79,95900,1032368.0,10.79,10.78,10.76,10.75,10.73,10.68,10.66,10.63,10.6,10.59,10.8,10.81,10.82,10.83,10.84,10.85,10.87,10.88,10.9,10.92,600,900,100,100,2800,9900,10000,10300,1500,2000,200,100,1500,1100,1000,1600,1000,3000,2100,1500
221.0,10.79,95900,1032368.0,10.79,10.78,10.76,10.75,10.73,10.68,10.66,10.63,10.6,10.59,10.8,10.81,10.82,10.83,10.84,10.85,10.87,10.88,10.9,10.92,600,900,100,100,2800,9900,10000,10300,1500,2000,200,100,1500,1100,1000,1600,1000,3000,2100,1500
222.0,10.79,95900,1032368.0,10.79,10.78,10.76,10.75,10.73,10.68,10.66,10.63,10.6,10.59,10.8,10.81,10.82,10.83,10.84,10.85,10.87,10.88,10.9,10.92,600,900,100,100,2800,9900,10000,10300,1500,2000,200,100,1500,1100,1000,1600,1000,3000,2100,1500
223.0,10.8,96000,1033448.0,10.79,10.78,10.76,10.75,10.73,10.68,10.66,10.63,10.6,10.59,10.8,10.82,10.83,10.84,10.85,10.87,10.88,10.9,10.92,10.94,600,900,100,100,2800,9900,10000,10300,1500,2000,100,1500,1100,1000,1600,1000,3000,2100,1500,3300
224.0,10.8,96000,1033448.0,10.79,10.78,10.76,10.75,10.73,10.68,10.66,10.63,10.6,10.59,10.8,10.82,10.83,10.84,10.85,10.87,10.88,10.9,10.92,10.94,600,900,100,100,2800,9900,10000,10300,1500,2000,100,1500,1100,1000,1600,1000,3000,2100,1500,3300
225.0,10.82,96700,1041020.0,10.81,10.78,10.76,10.75,10.73,10.68,10.66,10.63,10.6,10.59,10.83,10.84,10.85,10.87,10.88,10.9,10.92,10.94,10.95,10.98,1300,900,100,100,2800,9900,10000,10300,1500,2000,1100,1000,1600,1000,3000,2100,1500,3300,1700,7000
226.0,10.82,96700,1041020.0,10.81,10.78,10.76,10.75,10.73,10.68,10.66,10.63,10.6,10.59,10.83,10.84,10.85,10.87,10.88,10.9,10.92,10.94,10.95,10.98,1300,900,100,100,2800,9900,10000,10300,1500,2000,1100,1000,1600,1000,3000,2100,1500,3300,1700,7000
227.0,10.82,96700,1041020.0,10.81,10.78,10.76,10.75,10.73,10.68,10.66,10.63,10.6,10.59,10.83,10.84,10.85,10.87,10.88,10.9,10.92,10.94,10.95,10.98,1300,900,100,100,2800,9900,10000,10300,1500,2000,700,1000,1600,1000,3000,2100,1500,3300,1700,7000
228.0,10.81,96800,1042101.0,10.81,10.78,10.76,10.75,10.73,10.68,10.66,10.63,10.6,10.59,10.83,10.84,10.85,10.87,10.88,10.9,10.92,10.94,10.95,10.98,1200,900,100,100,2800,9900,10000,10300,1500,2000,700,1000,1600,1000,3000,2100,1500,3300,1700,7000
229.0,10.81,96800,1042101.0,10.81,10.78,10.76,10.75,10.73,10.68,10.66,10.63,10.6,10.59,10.83,10.84,10.85,10.87,10.88,10.9,10.92,10.94,10.95,10.98,1200,900,100,100,2800,9900,10000,10300,1500,2000,700,1000,1600,1000,3000,2100,1500,3300,1700,7000
230.0,10.81,97000,1044263.0,10.81,10.78,10.76,10.75,10.73,10.68,10.66,10.63,10.6,10.59,10.83,10.84,10.85,10.87,10.88,10.9,10.92,10.94,10.95,10.98,1000,900,100,100,2800,9900,10000,10300,1500,2000,700,1000,1600,1000,3000,2100,1500,3300,1700,7000
231.0,10.81,97000,1044263.0,10.81,10.78,10.76,10.75,10.73,10.68,10.66,10.63,10.6,10.59,10.83,10.84,10.85,10.87,10.88,10.9,10.92,10.94,10.95,10.98,1000,900,100,100,2800,9900,10000,10300,1500,2000,700,1000,1600,1000,3000,2100,1500,3300,1700,7000
232.0,10.81,97200,1046425.0,10.81,10.78,10.76,10.75,10.73,10.68,10.66,10.63,10.62,10.6,10.83,10.84,10.85,10.87,10.88,10.9,10.92,10.94,10.95,10.98,800,900,100,100,2800,9900,10000,10300,2000,1500,700,1000,1600,1000,3000,2100,1500,3300,1700,7000
233.0,10.83,97300,1047508.0,10.81,10.78,10.76,10.75,10.73,10.68,10.66,10.63,10.62,10.6,10.83,10.84,10.85,10.87,10.88,10.9,10.92,10.94,10.95,10.98,900,900,100,100,2800,9900,10000,10300,2000,1500,600,1000,1600,1000,3000,2100,1500,3300,1700,7000
234.0,10.83,97300,1047508.0,10.81,10.78,10.76,10.75,10.73,10.68,10.66,10.63,10.62,10.6,10.83,10.84,10.85,10.87,10.88,10.9,10.92,10.94,10.95,10.98,900,900,100,100,2800,9900,10000,10300,2000,1500,600,1000,1600,1000,3000,2100,1500,3300,1700,7000
235.0,10.83,97300,1047508.0,10.81,10.78,10.76,10.75,10.73,10.68,10.66,10.63,10.62,10.6,10.83,10.84,10.85,10.87,10.88,10.9,10.92,10.94,10.95,10.98,900,900,100,100,2800,9900,10000,10300,2000,1500,600,1000,1600,1000,3000,2100,1500,3300,1700,7000
236.0,10.83,97400,1048591.0,10.81,10.78,10.76,10.75,10.73,10.68,10.66,10.63,10.62,10.6,10.83,10.84,10.85,10.87,10.88,10.9,10.92,10.94,10.95,10.98,900,900,100,100,2800,9900,10000,10300,2000,1500,2000,1000,1600,1000,3000,2100,1500,3300,1700,7000
237.0,10.83,97400,1048591.0,10.81,10.78,10.76,10.75,10.73,10.68,10.66,10.63,10.62,10.6,10.83,10.84,10.85,10.87,10.88,10.9,10.92,10.94,10.95,10.98,900,900,100,100,2800,9900,10000,10300,2000,1500,2000,1000,1600,1000,3000,2100,1500,3300,1700,7000
238.0,10.83,97400,1048591.0,10.81,10.78,10.76,10.75,10.73,10.68,10.66,10.63,10.62,10.6,10.83,10.84,10.85,10.87,10.88,10.9,10.92,10.94,10.95,10.98,900,900,100,100,2800,9900,10000,10300,2000,1500,2000,1000,1600,1000,3000,2100,1500,3300,1700,7000
239.0,10.83,97400,1048591.0,10.81,10.78,10.76,10.75,10.73,10.68,10.66,10.63,10.62,10.6,10.83,10.84,10.85,10.87,10.88,10.9,10.92,10.94,10.95,10.98,900,900,100,100,2800,9900,10000,10300,2000,1500,2000,1000,1600,1000,3000,2100,1500,3300,1700,7000
240.0,10.83,97400,1048591.0,10.81,10.78,10.76,10.75,10.73,10.68,10.66,10.63,10.62,10.6,10.83,10.84,10.85,10.87,10.88,10.9,10.92,10.94,10.95,10.98,900,900,100,100,2800,9900,10000,10300,2000,1500,2000,1000,1600,1000,3000,2100,1500,3300,1700,7000
241.0,10.83,97400,1048591.0,10.81,10.78,10.76,10.75,10.73,10.68,10.66,10.63,10.62,10.6,10.82,10.83,10.84,10.85,10.87,10.88,10.9,10.92,10.94,10.95,100,900,100,100,2800,9900,10000,10300,2000,1500,100,2000,2500,1600,1000,3000,2100,1500,3300,1700
242.0,10.83,97400,1048591.0,10.81,10.78,10.76,10.75,10.73,10.68,10.66,10.63,10.62,10.6,10.82,10.83,10.84,10.85,10.87,10.88,10.9,10.92,10.94,10.95,100,900,100,100,2800,9900,10000,10300,2000,1500,100,2000,2500,1600,1000,3000,2100,1500,3300,1700
243.0,10.83,97400,1048591.0,10.81,10.78,10.76,10.75,10.73,10.68,10.66,10.63,10.62,10.6,10.82,10.83,10.84,10.85,10.87,10.88,10.9,10.92,10.94,10.95,100,900,100,100,2800,9900,10000,10300,2000,1500,100,2000,2500,1600,1000,3000,2100,1500,3300,1700
244.0,10.81,97500,1049672.0,10.79,10.78,10.76,10.75,10.73,10.68,10.66,10.63,10.62,10.6,10.8,10.82,10.83,10.84,10.85,10.87,10.88,10.9,10.92,10.94,1200,900,100,100,2800,9900,10000,10300,2000,1500,400,100,2000,2500,1600,1000,3000,2100,1500,3300
245.0,10.8,97600,1050752.0,10.79,10.78,10.76,10.75,10.73,10.68,10.66,10.63,10.62,10.6,10.8,10.82,10.83,10.84,10.85,10.87,10.88,10.9,10.92,10.94,1200,900,100,100,2800,9900,10000,10300,2000,1500,300,100,2000,2500,1600,1000,3000,2100,1500,3300
246.0,10.79,97700,1051831.0,10.79,10.78,10.76,10.75,10.73,10.68,10.66,10.63,10.62,10.6,10.8,10.82,10.83,10.84,10.85,10.87,10.88,10.9,10.92,10.94,1100,900,100,100,2800,9900,10000,10300,2000,1500,300,100,2000,2500,1600,1000,3000,2100,1500,3300
247.0,10.79,97800,1052910.0,10.79,10.78,10.76,10.75,10.73,10.68,10.66,10.63,10.62,10.6,10.8,10.82,10.83,10.84,10.85,10.87,10.88,10.9,10.92,10.94,1000,900,100,100,2800,9900,10000,10300,2000,1500,300,100,2000,2500,1600,1000,3000,2100,1500,3300
248.0,10.79,97800,1052910.0,10.78,10.76,10.75,10.73,10.68,10.66,10.63,10.62,10.6,10.59,10.8,10.82,10.83,10.84,10.85,10.87,10.88,10.9,10.92,10.94,900,100,100,2800,9900,10000,10300,2000,1500,2000,300,1900,2000,2500,1600,1000,3000,2100,1500,3300
249.0,10.79,97800,1052910.0,10.78,10.76,10.75,10.73,10.68,10.66,10.63,10.62,10.6,10.59,10.8,10.82,10.83,10.84,10.85,10.87,10.88,10.9,10.92,10.94,900,100,100,2800,9900,10000,10300,2000,1500,2000,300,1900,2000,2500,1600,1000,3000,2100,1500,3300
250.0,10.79,97800,1052910.0,10.78,10.76,10.75,10.73,10.68,10.66,10.63,10.62,10.6,10.59,10.8,10.82,10.83,10.84,10.85,10.87,10.88,10.9,10.92,10.94,900,100,100,2800,9900,10000,10300,2000,1500,2000,300,1900,2000,1500,1600,1000,3000,2100,1500,3300
251.0,10.79,97800,1052910.0,10.79,10.78,10.76,10.75,10.73,10.68,10.66,10.63,10.62,10.6,10.8,10.82,10.83,10.84,10.85,10.87,10.88,10.9,10.92,10.94,100,900,100,100,2800,9900,10000,10300,2000,1500,300,1800,2000,1500,1600,1000,3000,2100,1500,3300
252.0,10.79,97800,1052910.0,10.79,10.78,10.76,10.75,10.73,10.68,10.66,10.63,10.62,10.6,10.8,10.82,10.83,10.84,10.85,10.87,10.88,10.9,10.92,10.94,100,900,100,100,2800,9900,10000,10300,2000,1500,300,1800,2000,1500,1600,1000,3000,2100,1500,3300
253.0,10.8,98100,1056150.0,10.78,10.76,10.75,10.73,10.68,10.66,10.63,10.62,10.6,10.59,10.82,10.83,10.84,10.85,10.87,10.88,10.9,10.92,10.94,10.95,900,100,100,2800,9900,10000,10300,2000,1500,2000,2200,2000,1500,1600,1000,3000,2100,1500,3300,1700
254.0,10.78,98200,1057228.0,10.78,10.76,10.75,10.73,10.68,10.66,10.63,10.62,10.6,10.59,10.82,10.83,10.84,10.85,10.87,10.88,10.9,10.92,10.94,10.95,800,100,100,2800,9900,10000,10300,2000,1500,2000,2200,2000,1500,1600,1000,3000,2100,1500,3300,1700
255.0,10.78,98200,1057228.0,10.78,10.76,10.75,10.73,10.68,10.66,10.63,10.62,10.6,10.59,10.82,10.83,10.84,10.85,10.87,10.88,10.9,10.92,10.94,10.95,800,100,100,2800,9900,10000,10300,2000,1500,2000,2200,2000,1500,1600,1000,3000,2100,1500,3300,1700
256.0,10.78,98200,1057228.0,10.78,10.76,10.75,10.73,10.68,10.66,10.63,10.62,10.6,10.59,10.82,10.83,10.84,10.85,10.87,10.88,10.9,10.92,10.94,10.95,800,100,100,2800,9900,10000,10300,2000,1500,2000,2200,2000,1500,1600,1000,3000,2100,1500,3300,1700
257.0,10.78,98200,1057228.0,10.78,10.76,10.75,10.73,10.68,10.66,10.63,10.62,10.6,10.59,10.82,10.83,10.84,10.85,10.87,10.88,10.9,10.92,10.94,10.95,800,100,100,2800,9900,10000,10300,2000,1500,2000,2200,2000,1500,1600,1000,3000,2100,1500,3300,1700
258.0,10.78,98200,1057228.0,10.78,10.76,10.75,10.73,10.68,10.66,10.63,10.62,10.6,10.59,10.82,10.83,10.84,10.85,10.87,10.88,10.9,10.92,10.94,10.95,800,100,100,2800,9900,10000,10300,2000,1500,2000,2200,2000,1500,1600,1000,3000,2100,1500,3300,1700
259.0,10.78,98200,1057228.0,10.78,10.76,10.75,10.73,10.68,10.66,10.63,10.62,10.6,10.59,10.82,10.83,10.84,10.85,10.87,10.88,10.9,10.92,10.94,10.95,800,100,100,2800,9900,10000,10300,2000,1500,2000,2200,2000,1500,3100,1000,3000,2100,1500,3300,1700
260.0,10.78,98200,1057228.0,10.78,10.76,10.75,10.73,10.68,10.66,10.63,10.62,10.6,10.59,10.82,10.83,10.84,10.85,10.87,10.88,10.9,10.92,10.94,10.95,800,100,100,2800,9900,10000,10300,2000,1500,2000,2200,2000,1500,3100,1000,3000,2100,1500,3300,1700
261.0,10.78,98200,1057228.0,10.81,10.8,10.78,10.76,10.75,10.73,10.68,10.66,10.63,10.62,10.82,10.83,10.84,10.85,10.87,10.88,10.9,10.92,10.94,10.95,200,3000,800,100,100,2800,9900,10000,10300,2000,2200,2000,1500,3100,1000,3000,2100,1500,3300,1700
262.0,10.78,98200,1057228.0,10.81,10.8,10.78,10.76,10.75,10.73,10.68,10.66,10.63,10.62,10.82,10.83,10.84,10.85,10.87,10.88,10.9,10.92,10.94,10.95,200,3000,800,100,100,2800,9900,10000,10300,2000,2200,2000,1500,3100,1000,3000,2100,1500,3300,1700
263.0,10.8,98700,1062630.0,10.8,10.78,10.76,10.75,10.73,10.7,10.68,10.66,10.63,10.62,10.82,10.83,10.84,10.85,10.87,10.88,10.9,10.92,10.94,10.95,2700,800,100,100,2800,1000,9900,10000,10300,2000,2200,2000,1500,3100,1000,3000,2100,1500,3300,1700
264.0,10.8,98900,1064790.0,10.8,10.78,10.76,10.75,10.73,10.7,10.68,10.66,10.63,10.62,10.82,10.83,10.84,10.85,10.87,10.88,10.9,10.92,10.94,10.95,2500,800,100,100,2800,1000,9900,10000,10300,2000,2200,2000,1500,3100,1000,3000,2100,1500,3300,1700
265.0,10.8,98900,1064790.0,10.8,10.78,10.76,10.75,10.73,10.7,10.68,10.66,10.63,10.62,10.82,10.83,10.84,10.85,10.87,10.88,10.9,10.92,10.94,10.95,2500,800,100,100,2800,1000,9900,10000,10300,2000,2200,2000,1500,3100,1000,3000,2100,1500,3300,1700
266.0,10.8,99400,1070190.0,10.8,10.78,10.76,10.75,10.73,10.7,10.68,10.66,10.63,10.62,10.82,10.83,10.84,10.85,10.87,10.88,10.9,10.92,10.94,10.95,2000,800,100,100,2800,1000,9900,10000,10300,2000,2200,2000,1500,3100,1000,3000,2100,1500,3300,1700
267.0,10.8,99600,1072350.0,10.8,10.78,10.76,10.75,10.73,10.7,10.68,10.66,10.63,10.62,10.82,10.83,10.84,10.85,10.87,10.88,10.9,10.92,10.94,10.95,1800,800,100,100,2800,1000,9900,10000,10300,2000,2200,2000,1500,3100,1000,3000,2100,1500,3300,1700
268.0,10.78,101600,1093946.0,10.78,10.76,10.75,10.73,10.7,10.68,10.66,10.63,10.62,10.6,10.82,10.83,10.84,10.85,10.87,10.88,10.9,10.92,10.94,10.95,600,100,100,2800,1000,9900,10000,10300,2000,1500,2200,2000,1500,3100,1000,3000,2100,1500,3300,1700
269.0,10.78,101600,1093946.0,10.78,10.76,10.75,10.73,10.7,10.68,10.66,10.63,10.62,10.6,10.82,10.83,10.84,10.85,10.87,10.88,10.9,10.92,10.94,10.95,600,100,100,2800,1000,9900,10000,10300,2000,1500,2200,2000,1500,3100,1000,3000,2100,1500,3300,1700
270.0,10.78,101600,1093946.0,10.78,10.76,10.75,10.73,10.7,10.68,10.66,10.63,10.62,10.6,10.82,10.83,10.84,10.85,10.87,10.88,10.9,10.92,10.94,10.95,600,100,100,2800,1000,9900,10000,10300,2000,1500,2200,2000,1500,3100,1000,3000,2100,1500,3300,1700
271.0,10.78,101600,1093946.0,10.78,10.76,10.75,10.73,10.7,10.68,10.66,10.63,10.62,10.6,10.82,10.83,10.84,10.85,10.87,10.88,10.9,10.92,10.94,10.95,600,100,100,2800,1000,9900,10000,10300,2000,1500,2200,2000,1500,3100,1000,3000,2100,1500,3300,1700
272.0,10.78,101600,1093946.0,10.78,10.76,10.75,10.73,10.7,10.68,10.66,10.63,10.62,10.6,10.82,10.83,10.84,10.85,10.87,10.88,10.9,10.92,10.94,10.95,600,100,100,2800,1000,9900,10000,10300,2000,1500,2300,2000,1500,3100,1000,3000,2100,1500,3300,1700
273.0,10.78,101600,1093946.0,10.81,10.78,10.76,10.75,10.73,10.7,10.68,10.66,10.63,10.62,10.82,10.83,10.84,10.85,10.87,10.88,10.9,10.92,10.94,10.95,100,600,100,100,2800,1000,9900,10000,10300,2000,2300,2000,1500,3100,1000,3000,2100,1500,3300,1700
274.0,10.78,101600,1093946.0,10.81,10.78,10.76,10.75,10.73,10.7,10.68,10.66,10.63,10.62,10.82,10.83,10.84,10.85,10.87,10.88,10.9,10.92,10.94,10.95,100,600,100,100,2800,1000,9900,10000,10300,2000,2300,2000,1500,3100,1000,3000,2100,1500,3300,1700
275.0,10.81,101700,1095027.0,10.78,10.76,10.75,10.73,10.7,10.68,10.66,10.63,10.62,10.6,10.82,10.83,10.84,10.85,10.87,10.88,10.9,10.92,10.94,10.95,600,100,100,2800,1000,9900,10000,10300,2000,1500,2200,2000,1500,4600,1000,3000,2100,1500,3300,1700
276.0,10.81,101700,1095027.0,10.78,10.76,10.75,10.73,10.7,10.68,10.66,10.63,10.62,10.6,10.82,10.83,10.84,10.85,10.87,10.88,10.9,10.92,10.94,10.95,600,100,100,2800,1000,9900,10000,10300,2000,1500,2200,2000,1500,4600,1000,3000,2100,1500,3300,1700
277.0,10.81,101700,1095027.0,10.78,10.76,10.75,10.73,10.7,10.68,10.66,10.63,10.62,10.6,10.82,10.83,10.84,10.85,10.87,10.88,10.9,10.92,10.94,10.95,600,100,100,2800,1000,9900,10000,10300,2000,1500,2200,2000,1500,4600,1000,3000,2100,1500,3300,1700
278.0,10.78,101800,1096105.0,10.78,10.76,10.75,10.73,10.7,10.68,10.66,10.63,10.62,10.6,10.82,10.83,10.84,10.85,10.87,10.88,10.9,10.92,10.94,10.95,500,100,100,2800,1000,9900,10000,10300,2000,1500,2500,2000,1500,4600,1000,3000,2100,1500,3300,1700
279.0,10.78,101800,1096105.0,10.78,10.76,10.75,10.73,10.7,10.68,10.66,10.63,10.62,10.6,10.82,10.83,10.84,10.85,10.87,10.88,10.9,10.92,10.94,10.95,500,100,100,2800,1000,9900,10000,10300,2000,1500,2500,2000,1500,4600,1000,3000,2100,1500,3300,1700
280.0,10.78,101800,1096105.0,10.78,10.76,10.75,10.73,10.7,10.68,10.66,10.63,10.62,10.6,10.82,10.83,10.84,10.85,10.87,10.88,10.9,10.92,10.94,10.95,500,100,100,2800,1000,9900,10000,10300,2000,1500,2500,2000,1500,4600,1000,3000,2100,1500,3300,1700
281.0,10.78,101800,1096105.0,10.78,10.76,10.75,10.73,10.7,10.68,10.66,10.63,10.62,10.6,10.81,10.82,10.83,10.84,10.85,10.87,10.88,10.9,10.92,10.94,500,100,100,2800,1000,9900,10000,10300,2000,1500,200,2200,2000,1500,4600,1000,3000,2100,1500,3300
282.0,10.78,101800,1096105.0,10.78,10.76,10.75,10.73,10.7,10.68,10.66,10.63,10.62,10.6,10.81,10.82,10.83,10.84,10.85,10.87,10.88,10.9,10.92,10.94,500,100,100,2800,1000,9900,10000,10300,2000,1500,200,2200,2000,1500,4600,1000,3000,2100,1500,3300
283.0,10.78,101800,1096105.0,10.78,10.76,10.75,10.73,10.7,10.68,10.66,10.63,10.62,10.6,10.82,10.83,10.84,10.85,10.87,10.88,10.9,10.92,10.94,10.95,500,100,100,2800,1000,9900,10000,10300,2000,1500,2200,2000,1500,4600,1000,3000,2100,1500,3300,1700
284.0,10.82,102700,1105843.0,10.81,10.78,10.76,10.75,10.73,10.7,10.68,10.66,10.63,10.62,10.82,10.83,10.84,10.85,10.87,10.88,10.9,10.92,10.94,10.95,100,500,100,100,2800,1000,9900,10000,10300,2000,400,2000,1500,4600,1000,3000,2100,1500,3300,1700
285.0,10.82,102700,1105843.0,10.81,10.78,10.76,10.75,10.73,10.7,10.68,10.66,10.63,10.62,10.82,10.83,10.84,10.85,10.87,10.88,10.9,10.92,10.94,10.95,100,500,100,100,2800,1000,9900,10000,10300,2000,400,2000,1500,4600,1000,3000,2100,1500,3300,1700
286.0,10.82,102800,1106925.0,10.81,10.78,10.76,10.75,10.73,10.7,10.68,10.66,10.63,10.62,10.82,10.83,10.84,10.85,10.87,10.88,10.9,10.92,10.94,10.95,100,500,100,100,2800,1000,9900,10000,10300,2000,300,2000,1500,4600,1000,3000,2100,1500,3300,1700
287.0,10.82,102800,1106925.0,10.81,10.78,10.76,10.75,10.73,10.7,10.68,10.66,10.63,10.62,10.82,10.83,10.84,10.85,10.87,10.88,10.9,10.92,10.94,10.95,300,500,100,100,2800,1000,9900,10000,10300,2000,300,2000,1500,4600,1000,3000,2100,1500,3300,1700
288.0,10.82,102800,1106925.0,10.81,10.78,10.76,10.75,10.73,10.7,10.68,10.66,10.63,10.62,10.82,10.83,10.84,10.85,10.87,10.88,10.9,10.92,10.94,10.95,300,500,100,100,2800,1000,9900,10000,10300,2000,300,2000,1500,4600,1000,3000,2100,1500,3300,1700
289.0,10.82,102800,1106925.0,10.81,10.78,10.76,10.75,10.73,10.7,10.68,10.66,10.63,10.62,10.82,10.83,10.84,10.85,10.87,10.88,10.9,10.92,10.94,10.95,300,500,100,100,2800,1000,9900,10000,10300,2000,300,2000,1500,3100,1000,3000,2100,1500,3300,1700
290.0,10.82,102800,1106925.0,10.81,10.78,10.76,10.75,10.73,10.7,10.68,10.66,10.63,10.62,10.82,10.83,10.84,10.85,10.87,10.88,10.9,10.92,10.94,10.95,300,500,100,100,2800,1000,9900,10000,10300,2000,300,2000,1500,3100,1000,3000,2100,1500,3300,1700
291.0,10.82,102800,1106925.0,10.81,10.78,10.76,10.75,10.73,10.7,10.68,10.66,10.63,10.62,10.82,10.83,10.84,10.85,10.87,10.88,10.9,10.92,10.94,10.95,300,500,100,100,2800,1000,9900,10000,10300,2000,300,2000,1500,3100,1000,3000,2100,1500,3300,1700
292.0,10.82,102800,1106925.0,10.81,10.78,10.76,10.75,10.73,10.7,10.68,10.66,10.63,10.62,10.82,10.83,10.84,10.85,10.87,10.88,10.9,10.92,10.94,10.95,300,500,100,100,2800,1000,9900,10000,10300,2000,300,2000,1500,3100,1000,3000,2100,1500,3300,1700
293.0,10.82,102800,1106925.0,10.81,10.78,10.76,10.75,10.73,10.7,10.68,10.66,10.63,10.62,10.82,10.83,10.84,10.85,10.87,10.88,10.9,10.92,10.94,10.95,300,500,100,100,2800,1000,9900,10000,10300,2000,300,2000,1500,3100,1000,3000,2100,1500,3300,1700
294.0,10.82,102800,1106925.0,10.81,10.78,10.76,10.75,10.73,10.7,10.68,10.66,10.63,10.62,10.82,10.83,10.84,10.85,10.87,10.88,10.9,10.92,10.94,10.95,300,500,100,100,2800,1000,9900,10000,10300,2000,300,2000,1500,3100,1000,3000,2100,1500,3300,1700
295.0,10.82,102800,1106925.0,10.81,10.78,10.76,10.75,10.73,10.7,10.68,10.66,10.63,10.62,10.82,10.83,10.84,10.85,10.87,10.88,10.9,10.92,10.94,10.95,300,500,100,100,2800,1000,9900,10000,10300,2000,300,2000,1500,3100,1000,3000,2100,1500,3300,1700
296.0,10.82,102800,1106925.0,10.81,10.78,10.76,10.75,10.73,10.7,10.68,10.66,10.63,10.62,10.82,10.83,10.84,10.85,10.87,10.88,10.9,10.92,10.94,10.95,300,500,100,100,2800,1000,9900,10000,10300,2000,300,2000,1500,3100,1000,3000,2100,1500,3300,1700
297.0,10.82,102800,1106925.0,10.81,10.78,10.76,10.75,10.73,10.7,10.68,10.66,10.63,10.62,10.82,10.83,10.84,10.85,10.87,10.88,10.9,10.92,10.94,10.95,300,500,100,100,2800,1000,9900,10000,10300,2000,300,2000,1500,3100,1000,3000,2100,1500,3300,1700
298.0,10.82,102800,1106925.0,10.81,10.78,10.76,10.75,10.73,10.7,10.68,10.66,10.63,10.62,10.82,10.83,10.84,10.85,10.87,10.88,10.9,10.92,10.94,10.95,300,500,100,100,2800,1000,9900,10000,10300,2000,300,2000,1500,3100,1000,3000,2100,1500,3300,1700
299.0,10.82,102800,1106925.0,10.81,10.78,10.76,10.75,10.73,10.7,10.68,10.66,10.63,10.62,10.82,10.83,10.84,10.85,10.87,10.88,10.9,10.92,10.94,10.95,300,500,100,100,2800,1000,9900,10000,10300,2000,300,2000,1500,3100,1000,3000,2100,1500,3300,1700
300.0,10.82,102800,1106925.0,10.81,10.78,10.76,10.75,10.73,10.7,10.68,10.66,10.63,10.62,10.82,10.83,10.84,10.85,10.87,10.88,10.9,10.92,10.94,10.95,300,500,100,100,2800,1000,9900,10000,10300,2000,300,2000,1500,3100,1000,3000,2100,1500,3300,1700
301.0,10.82,102800,1106925.0,10.81,10.78,10.76,10.75,10.73,10.7,10.68,10.66,10.63,10.62,10.82,10.83,10.84,10.85,10.87,10.88,10.9,10.92,10.94,10.95,800,500,100,100,2800,1000,9900,10000,10300,2000,200,2000,1500,3100,1000,3000,2100,1500,3300,1700
302.0,10.82,102800,1106925.0,10.81,10.78,10.76,10.75,10.73,10.7,10.68,10.66,10.63,10.62,10.82,10.83,10.84,10.85,10.87,10.88,10.9,10.92,10.94,10.95,800,500,100,100,2800,1000,9900,10000,10300,2000,200,2000,1500,3100,1000,3000,2100,1500,3300,1700
303.0,10.82,102800,1106925.0,10.81,10.78,10.76,10.75,10.73,10.7,10.68,10.66,10.63,10.62,10.82,10.83,10.84,10.85,10.87,10.88,10.9,10.92,10.94,10.95,800,500,100,100,2800,1000,9900,10000,10300,2000,200,2000,1500,3100,1000,3000,2100,1500,3300,1700
304.0,10.82,102800,1106925.0,10.81,10.78,10.76,10.75,10.73,10.7,10.68,10.66,10.63,10.62,10.82,10.83,10.84,10.85,10.87,10.88,10.9,10.92,10.94,10.95,800,500,100,100,2800,1000,9900,10000,10300,2000,200,2000,1500,3100,1000,3000,2100,1500,3300,1700
305.0,10.82,102800,1106925.0,10.81,10.78,10.76,10.75,10.73,10.7,10.68,10.66,10.63,10.62,10.82,10.83,10.84,10.85,10.87,10.88,10.9,10.92,10.94,10.95,800,500,100,100,2800,1000,9900,10000,10300,2000,200,2000,1500,3100,1000,3000,2100,1500,3300,1700
306.0,10.82,102800,1106925.0,10.81,10.78,10.76,10.75,10.73,10.7,10.68,10.66,10.63,10.62,10.82,10.83,10.84,10.85,10.87,10.88,10.9,10.92,10.94,10.95,800,500,100,100,2800,1000,9900,10000,10300,2000,200,2000,1500,3100,1000,3000,2100,1500,3300,1700
307.0,10.82,102800,1106925.0,10.81,10.78,10.76,10.75,10.73,10.7,10.68,10.66,10.63,10.62,10.82,10.83,10.84,10.85,10.87,10.88,10.9,10.92,10.94,10.95,800,500,100,100,2800,1000,9900,10000,10300,2000,200,2000,1500,3100,1000,3000,2100,1500,3300,1700
308.0,10.82,102800,1106925.0,10.81,10.78,10.76,10.75,10.73,10.7,10.68,10.66,10.63,10.62,10.82,10.83,10.84,10.85,10.87,10.88,10.9,10.92,10.94,10.95,700,500,100,100,2800,1000,9900,10000,10300,2000,200,2000,1500,3100,1000,3000,2100,1500,3300,1700
309.0,10.82,102800,1106925.0,10.81,10.78,10.76,10.75,10.73,10.7,10.68,10.66,10.63,10.62,10.82,10.83,10.84,10.85,10.86,10.87,10.88,10.9,10.92,10.94,700,500,100,100,2800,1000,9900,10000,10300,2000,600,2000,1500,3100,1500,1000,3000,2100,1500,3300
310.0,10.82,102800,1106925.0,10.81,10.78,10.76,10.75,10.73,10.7,10.68,10.66,10.63,10.62,10.82,10.83,10.84,10.85,10.86,10.87,10.88,10.9,10.92,10.94,700,500,100,100,2800,1000,9900,10000,10300,2000,600,2000,1500,3100,1500,1000,3000,2100,1500,3300
311.0,10.82,103000,1109088.0,10.81,10.78,10.76,10.75,10.73,10.7,10.68,10.66,10.63,10.62,10.82,10.83,10.84,10.85,10.86,10.87,10.88,10.9,10.92,10.94,600,500,100,100,2800,1000,9900,10000,10300,2000,600,2000,1500,3100,1500,1000,3000,2100,1500,3300
312.0,10.82,103000,1109088.0,10.81,10.78,10.76,10.75,10.73,10.7,10.68,10.66,10.63,10.62,10.82,10.83,10.84,10.85,10.86,10.87,10.88,10.9,10.92,10.94,700,500,100,100,2800,1000,9900,10000,10300,2000,600,2000,1500,3100,1500,1000,3000,2100,1500,3300
313.0,10.81,103100,1110169.0,10.81,10.78,10.76,10.75,10.73,10.7,10.68,10.66,10.63,10.62,10.82,10.83,10.84,10.85,10.86,10.87,10.88,10.9,10.92,10.94,600,500,100,100,2800,1000,9900,10000,10300,2000,600,2000,1500,3100,1500,1000,3000,2100,1500,3300
314.0,10.81,103100,1110169.0,10.81,10.78,10.76,10.75,10.73,10.7,10.68,10.66,10.63,10.62,10.82,10.83,10.84,10.85,10.86,10.87,10.88,10.9,10.92,10.94,600,500,100,100,2800,1000,9900,10000,10300,2000,500,2100,1500,3100,1500,2500,3000,2100,1500,3300
315.0,10.81,103100,1110169.0,10.81,10.78,10.76,10.75,10.73,10.7,10.68,10.66,10.63,10.62,10.82,10.83,10.84,10.85,10.86,10.87,10.88,10.9,10.92,10.94,600,500,100,100,2800,1000,9900,10000,10300,2000,500,2100,1500,3100,1500,2500,3000,2100,1500,3300
316.0,10.81,103100,1110169.0,10.81,10.78,10.76,10.75,10.73,10.7,10.68,10.66,10.63,10.62,10.82,10.83,10.84,10.85,10.86,10.87,10.88,10.9,10.92,10.94,600,500,100,100,2800,1000,9900,10000,10300,2000,500,2100,1500,3100,1500,2500,3000,2100,1500,3300
317.0,10.81,103100,1110169.0,10.81,10.78,10.76,10.75,10.73,10.7,10.68,10.66,10.63,10.62,10.82,10.83,10.84,10.85,10.86,10.87,10.88,10.9,10.92,10.94,600,500,100,100,2800,1000,9900,10000,10300,2000,500,2200,1500,3100,1500,2500,3000,2100,1500,3300
318.0,10.81,103100,1110169.0,10.81,10.78,10.76,10.75,10.73,10.7,10.68,10.66,10.63,10.62,10.82,10.83,10.84,10.85,10.86,10.87,10.88,10.9,10.92,10.94,600,500,100,100,2800,1000,9900,10000,10300,2000,500,2200,1500,3100,1500,2500,3000,2100,1500,3300
319.0,10.81,103700,1116655.0,10.78,10.76,10.75,10.73,10.7,10.68,10.66,10.63,10.62,10.6,10.81,10.82,10.83,10.84,10.85,10.86,10.87,10.88,10.9,10.92,500,100,100,2800,1000,9900,10000,10300,2000,6900,3500,500,2100,1500,3100,1500,2500,4500,2100,1500
320.0,10.81,104000,1119898.0,10.78,10.76,10.75,10.73,10.7,10.68,10.66,10.63,10.62,10.6,10.81,10.82,10.83,10.84,10.85,10.86,10.87,10.88,10.9,10.92,500,100,100,2800,1000,9900,10000,10300,2000,6900,3200,500,2100,1500,3100,1500,2500,4500,2100,1500
321.0,10.81,104100,1120979.0,10.78,10.76,10.75,10.73,10.7,10.68,10.66,10.63,10.62,10.6,10.81,10.82,10.83,10.84,10.85,10.86,10.87,10.88,10.9,10.92,500,100,100,2800,1000,9900,10000,10300,2000,6900,3100,600,2100,1500,3100,1500,2500,4500,2100,1500
322.0,10.81,104100,1120979.0,10.78,10.76,10.75,10.73,10.7,10.68,10.66,10.63,10.62,10.6,10.81,10.82,10.83,10.84,10.85,10.86,10.87,10.88,10.9,10.92,500,100,100,2800,1000,9900,10000,10300,2000,6900,3100,600,2100,1500,3100,1500,2500,4500,2100,1500
323.0,10.81,104300,1123141.0,10.8,10.78,10.76,10.75,10.73,10.7,10.68,10.66,10.63,10.62,10.81,10.82,10.83,10.84,10.85,10.86,10.87,10.88,10.9,10.92,100,500,100,100,2800,1000,9900,10000,10300,2000,2900,600,2100,1500,3100,1500,2500,4500,2100,1500
324.0,10.81,104500,1125303.0,10.8,10.78,10.76,10.75,10.73,10.7,10.68,10.66,10.63,10.62,10.81,10.82,10.83,10.84,10.85,10.86,10.87,10.88,10.9,10.92,100,500,100,100,2800,1000,9900,10000,10300,2000,2700,600,2100,1500,3100,1500,2500,4500,2100,1500
325.0,10.81,104500,1125303.0,10.8,10.78,10.76,10.75,10.73,10.7,10.68,10.66,10.63,10.62,10.81,10.82,10.83,10.84,10.85,10.86,10.87,10.88,10.89,10.9,100,500,100,100,2800,1000,9900,10000,10300,2000,2700,600,2100,1500,3100,1500,2500,4500,2000,2100
326.0,10.81,104500,1125303.0,10.8,10.78,10.76,10.75,10.73,10.7,10.68,10.66,10.63,10.62,10.81,10.82,10.83,10.84,10.85,10.86,10.87,10.88,10.89,10.9,100,500,100,100,2800,1000,9900,10000,10300,2000,2700,600,2100,1500,3100,1500,2500,4500,2000,2100
327.0,10.81,104700,1127465.0,10.8,10.78,10.76,10.75,10.73,10.7,10.68,10.66,10.63,10.62,10.81,10.82,10.83,10.84,10.85,10.86,10.87,10.88,10.89,10.9,100,500,100,100,2800,1000,9900,10000,10300,2000,2500,600,2100,1500,3100,1500,2500,4500,2000,2100
328.0,10.81,104700,1127465.0,10.8,10.78,10.76,10.75,10.73,10.7,10.68,10.66,10.63,10.62,10.81,10.82,10.83,10.84,10.85,10.86,10.87,10.88,10.89,10.9,100,500,100,100,2800,1000,9900,10000,10300,2000,2500,600,2100,1500,3100,1500,2500,4500,2000,2100
329.0,10.81,104700,1127465.0,10.8,10.78,10.76,10.75,10.73,10.7,10.68,10.66,10.63,10.62,10.81,10.82,10.83,10.84,10.85,10.86,10.87,10.88,10.89,10.9,100,500,100,100,2800,1000,9900,10000,10300,2000,2500,600,2100,1500,3100,1500,2500,4500,2000,2100
330.0,10.81,104700,1127465.0,10.8,10.78,10.76,10.75,10.73,10.7,10.68,10.66,10.63,10.62,10.81,10.82,10.83,10.84,10.85,10.86,10.87,10.88,10.89,10.9,100,500,100,100,2800,1000,9900,10000,10300,2000,2500,600,2100,1500,3100,1500,2500,4500,2000,4100
331.0,10.81,104900,1129627.0,10.8,10.78,10.76,10.75,10.73,10.7,10.68,10.66,10.63,10.62,10.81,10.82,10.83,10.84,10.85,10.86,10.87,10.88,10.89,10.9,100,500,100,100,2800,1000,9900,10000,10300,2000,2300,600,2100,1500,3100,1500,2500,4500,2000,4100
332.0,10.81,105300,1133951.0,10.8,10.78,10.76,10.75,10.73,10.7,10.68,10.66,10.63,10.62,10.81,10.82,10.83,10.84,10.85,10.86,10.87,10.88,10.89,10.9,100,500,100,100,2800,1000,9900,10000,10300,2000,1900,600,2100,1500,3100,1500,2500,4500,2000,4100
333.0,10.81,105300,1133951.0,10.8,10.78,10.76,10.75,10.73,10.7,10.68,10.66,10.63,10.62,10.81,10.82,10.83,10.84,10.85,10.86,10.87,10.88,10.89,10.9,100,500,100,100,2800,1000,9900,10000,10300,2000,1900,600,2100,1500,3100,1500,2500,4500,2000,4100
334.0,10.81,105900,1140437.0,10.8,10.78,10.76,10.75,10.73,10.7,10.68,10.66,10.63,10.62,10.81,10.82,10.83,10.84,10.85,10.86,10.87,10.88,10.89,10.9,100,500,100,100,2800,1000,9900,10000,10300,2000,1300,600,2100,1500,3100,1500,2500,4500,2000,4100
335.0,10.81,107200,1154490.0,10.81,10.8,10.78,10.76,10.75,10.73,10.7,10.68,10.66,10.63,10.82,10.83,10.84,10.85,10.86,10.87,10.88,10.89,10.9,10.92,900,100,500,100,100,2800,1000,9900,10000,10300,600,2100,1500,3100,1500,2500,4500,2000,4100,1500
336.0,10.81,107200,1154490.0,10.81,10.8,10.78,10.76,10.75,10.73,10.7,10.68,10.66,10.63,10.82,10.83,10.84,10.85,10.86,10.87,10.88,10.89,10.9,10.92,3300,100,500,100,100,2800,1000,9900,10000,10300,600,2100,1500,3100,1500,2500,5000,2000,4100,1500
337.0,10.82,108400,1167468.0,10.82,10.81,10.8,10.78,10.76,10.75,10.73,10.7,10.68,10.66,10.83,10.84,10.85,10.86,10.87,10.88,10.89,10.9,10.91,10.92,2400,2700,100,500,100,100,2800,1000,9900,10000,2100,1500,3100,1500,2500,5000,2000,4100,2000,1500
338.0,10.82,108800,1171798.0,10.82,10.81,10.8,10.78,10.76,10.75,10.73,10.7,10.68,10.66,10.83,10.84,10.85,10.86,10.87,10.88,10.89,10.9,10.91,10.92,2600,2700,100,500,100,100,2800,1000,9900,10000,1900,1500,3100,1500,2500,5000,2000,4100,2000,1500
339.0,10.82,108800,1171798.0,10.82,10.81,10.8,10.78,10.76,10.75,10.73,10.7,10.68,10.66,10.83,10.84,10.85,10.86,10.87,10.88,10.89,10.9,10.91,10.92,2600,2700,100,500,100,100,2800,1000,9900,10000,1900,1500,3100,1500,2500,5000,2000,4100,2000,1500
340.0,10.82,108800,1171798.0,10.82,10.81,10.8,10.78,10.76,10.75,10.73,10.7,10.68,10.66,10.83,10.84,10.85,10.86,10.87,10.88,10.89,10.9,10.91,10.92,2600,2700,100,500,100,100,2800,1000,9900,10000,1900,1500,3100,1500,2500,5000,2000,4100,2000,1500
341.0,10.83,109900,1183709.0,10.82,10.81,10.8,10.78,10.76,10.75,10.73,10.7,10.68,10.66,10.83,10.84,10.85,10.86,10.87,10.88,10.89,10.9,10.91,10.92,2400,2700,100,500,100,100,2800,1000,9900,10000,900,1500,3100,1500,2500,5000,2000,4100,2000,1500
342.0,10.83,109900,1183709.0,10.82,10.81,10.8,10.78,10.76,10.75,10.73,10.7,10.68,10.66,10.83,10.84,10.85,10.86,10.87,10.88,10.89,10.9,10.91,10.92,2400,2700,100,500,100,100,2800,1000,9900,10000,900,1500,3100,1500,2500,5000,2000,4100,2000,1500
343.0,10.83,109900,1183709.0,10.82,10.81,10.8,10.78,10.76,10.75,10.73,10.7,10.68,10.66,10.83,10.84,10.85,10.86,10.87,10.88,10.89,10.9,10.91,10.92,2400,2700,100,500,100,100,2800,1000,9900,10000,900,1500,3100,1500,2500,5000,2000,4100,2000,3500
344.0,10.83,109900,1183709.0,10.82,10.81,10.8,10.78,10.76,10.75,10.73,10.7,10.68,10.66,10.83,10.84,10.85,10.86,10.87,10.88,10.89,10.9,10.91,10.92,2400,2700,100,500,100,100,2800,1000,9900,10000,900,1500,3100,1500,2500,5000,2000,4100,2000,3500
345.0,10.83,109900,1183709.0,10.82,10.81,10.8,10.78,10.76,10.75,10.73,10.7,10.68,10.66,10.83,10.84,10.85,10.86,10.87,10.88,10.89,10.9,10.91,10.92,2400,2700,100,500,100,100,2800,1000,9900,10000,900,1500,3100,1500,2500,5000,2000,4100,2000,3500
346.0,10.82,110100,1185873.0,10.82,10.81,10.8,10.78,10.76,10.75,10.73,10.7,10.68,10.66,10.83,10.84,10.85,10.86,10.87,10.88,10.89,10.9,10.91,10.92,2200,2700,100,500,100,100,2800,1000,9900,10000,900,1500,3100,1500,2500,5000,2000,4100,2000,3500
347.0,10.83,110600,1191288.0,10.82,10.81,10.8,10.78,10.76,10.75,10.73,10.7,10.68,10.66,10.83,10.84,10.85,10.86,10.87,10.88,10.89,10.9,10.91,10.92,2200,2300,100,500,100,100,2800,1000,9900,10000,400,1500,3100,1500,2500,5000,2000,4100,2000,3500
348.0,10.82,110800,1193452.0,10.82,10.81,10.8,10.78,10.76,10.75,10.73,10.7,10.68,10.66,10.83,10.84,10.85,10.86,10.87,10.88,10.89,10.9,10.91,10.92,2000,2100,100,500,100,100,2800,1000,9900,10000,400,1500,3100,1500,2500,5000,2000,4100,2000,3500
349.0,10.82,111200,1197780.0,10.82,10.81,10.8,10.78,10.76,10.75,10.73,10.7,10.68,10.66,10.83,10.84,10.85,10.86,10.87,10.88,10.89,10.9,10.91,10.92,1600,2100,100,500,100,100,2800,1000,9900,10000,400,1500,3100,1500,2500,5000,2000,4100,2000,3500
350.0,10.82,111200,1197780.0,10.82,10.81,10.8,10.78,10.76,10.75,10.73,10.7,10.68,10.66,10.83,10.84,10.85,10.86,10.87,10.88,10.89,10.9,10.91,10.92,1600,2100,100,500,100,100,2800,1000,9900,10000,500,1500,3100,1500,2500,5000,2000,4100,2000,3500
351.0,10.82,111300,1198862.0,10.82,10.81,10.8,10.78,10.76,10.75,10.73,10.7,10.68,10.66,10.83,10.84,10.85,10.86,10.87,10.88,10.89,10.9,10.91,10.92,1500,2100,100,500,100,100,2800,1000,9900,10000,500,1500,3100,1500,2500,5000,2000,4100,2000,3500
352.0,10.83,111400,1199945.0,10.82,10.81,10.8,10.78,10.76,10.75,10.73,10.7,10.68,10.66,10.83,10.84,10.85,10.86,10.87,10.88,10.89,10.9,10.91,10.92,1500,2100,100,500,100,100,2800,1000,9900,10000,400,1500,3100,1500,2500,5000,2000,4100,2000,3500
353.0,10.82,111500,1201027.0,10.82,10.81,10.78,10.76,10.75,10.73,10.7,10.68,10.66,10.63,10.83,10.84,10.85,10.86,10.87,10.88,10.89,10.9,10.91,10.92,1400,2100,500,100,100,2800,1000,9900,10000,10300,400,1500,3100,1500,2500,5000,2000,4100,2000,3500
354.0,10.82,111500,1201027.0,10.82,10.81,10.78,10.76,10.75,10.73,10.7,10.68,10.66,10.63,10.83,10.84,10.85,10.86,10.87,10.88,10.89,10.9,10.91,10.92,1400,2100,500,100,100,2800,1000,9900,10000,10300,1200,1500,3100,1500,2500,5000,2000,4100,2000,3500
355.0,10.83,111600,1202110.0,10.82,10.81,10.78,10.76,10.75,10.73,10.7,10.68,10.66,10.63,10.83,10.84,10.85,10.86,10.87,10.88,10.89,10.9,10.91,10.92,1400,2100,500,100,100,2800,1000,9900,10000,10300,1100,1500,3100,1500,2500,5000,2000,4100,2000,3500
356.0,10.83,111600,1202110.0,10.82,10.81,10.78,10.76,10.75,10.73,10.7,10.68,10.66,10.63,10.83,10.84,10.85,10.86,10.87,10.88,10.89,10.9,10.91,10.92,1400,2100,500,100,100,2800,1000,9900,10000,10300,1100,1500,3100,1500,2500,5000,2000,4100,2000,3500
357.0,10.83,111600,1202110.0,10.82,10.81,10.78,10.76,10.75,10.73,10.7,10.68,10.66,10.63,10.83,10.84,10.85,10.86,10.87,10.88,10.89,10.9,10.91,10.92,1400,2100,500,100,100,2800,1000,9900,10000,10300,1100,1500,3100,1500,2500,5000,2000,4100,2000,3500
358.0,10.83,111700,1203193.0,10.82,10.81,10.78,10.76,10.75,10.73,10.7,10.68,10.66,10.63,10.83,10.84,10.85,10.86,10.87,10.88,10.89,10.9,10.91,10.92,1400,2100,500,100,100,2800,1000,9900,10000,10300,1000,1500,3100,1500,2500,5000,2000,4100,2000,3500
359.0,10.83,111700,1203193.0,10.82,10.81,10.78,10.76,10.75,10.73,10.7,10.68,10.66,10.63,10.83,10.84,10.85,10.86,10.87,10.88,10.89,10.9,10.91,10.92,1400,2100,500,100,100,2800,1000,9900,10000,10300,1000,1500,3100,1500,2500,5000,2000,4100,2000,3500
360.0,10.83,111700,1203193.0,10.82,10.81,10.78,10.76,10.75,10.73,10.7,10.68,10.66,10.63,10.83,10.84,10.85,10.86,10.87,10.88,10.89,10.9,10.91,10.92,1400,2100,500,100,100,2800,1000,9900,10000,10300,1000,1500,3100,1500,2500,5000,2000,4100,2000,3500
361.0,10.82,112000,1206439.0,10.82,10.81,10.78,10.76,10.75,10.73,10.7,10.68,10.66,10.63,10.83,10.84,10.85,10.86,10.87,10.88,10.89,10.9,10.91,10.92,1100,2100,500,100,100,2800,1000,9900,10000,10300,1000,1500,3100,1500,2500,5000,2000,4100,2000,3500
362.0,10.83,112100,1207522.0,10.82,10.81,10.78,10.76,10.75,10.73,10.7,10.68,10.66,10.63,10.83,10.84,10.85,10.86,10.87,10.88,10.89,10.9,10.91,10.92,1100,2100,500,100,100,2800,1000,9900,10000,10300,900,1500,3100,1500,2500,5000,2000,4100,2000,3500
363.0,10.83,112100,1207522.0,10.82,10.81,10.78,10.76,10.75,10.73,10.7,10.68,10.66,10.63,10.83,10.84,10.85,10.86,10.87,10.88,10.89,10.9,10.91,10.92,1100,2100,500,100,100,2800,1000,9900,10000,10300,900,1500,3100,1500,2500,5000,2000,4100,2000,3500
364.0,10.83,112100,1207522.0,10.82,10.81,10.78,10.76,10.75,10.73,10.7,10.68,10.66,10.63,10.83,10.84,10.85,10.86,10.87,10.88,10.89,10.9,10.91,10.92,1100,2100,500,100,100,2800,1000,9900,10000,10300,900,1500,3100,1500,2500,5000,2000,4100,2000,3500
365.0,10.83,112100,1207522.0,10.82,10.81,10.78,10.76,10.75,10.73,10.7,10.68,10.66,10.63,10.83,10.84,10.85,10.86,10.87,10.88,10.89,10.9,10.91,10.92,1100,2100,500,100,100,2800,1000,9900,10000,10300,900,1500,3100,1500,2500,5000,2000,4100,2000,3500
366.0,10.83,112100,1207522.0,10.82,10.81,10.78,10.76,10.75,10.73,10.7,10.68,10.66,10.63,10.83,10.84,10.85,10.86,10.87,10.88,10.89,10.9,10.91,10.92,1100,2100,500,100,100,2800,1000,9900,10000,10300,900,1500,3100,1500,2500,5000,2000,4100,2000,3500
367.0,10.83,112100,1207522.0,10.82,10.81,10.78,10.76,10.75,10.73,10.7,10.68,10.66,10.63,10.83,10.84,10.85,10.86,10.87,10.88,10.89,10.9,10.91,10.92,1100,2100,500,100,100,2800,1000,9900,10000,10300,900,1500,3100,1500,2500,5000,2000,4100,2000,3500
368.0,10.82,112200,1208604.0,10.82,10.81,10.78,10.76,10.75,10.73,10.7,10.68,10.66,10.63,10.83,10.84,10.85,10.86,10.87,10.88,10.89,10.9,10.91,10.92,1000,2100,500,100,100,2800,1000,9900,10000,10300,900,1500,3100,1500,2500,5000,2000,4100,2000,3500
369.0,10.82,112300,1209686.0,10.82,10.81,10.78,10.76,10.75,10.73,10.7,10.68,10.66,10.63,10.83,10.84,10.85,10.86,10.87,10.88,10.89,10.9,10.91,10.92,900,2100,500,100,100,2800,1000,9900,10000,10300,900,1500,3100,1500,2500,5000,2000,4100,2000,3500
370.0,10.82,112300,1209686.0,10.82,10.81,10.78,10.76,10.75,10.73,10.7,10.68,10.66,10.63,10.83,10.84,10.85,10.86,10.87,10.88,10.89,10.9,10.91,10.92,900,2100,500,100,100,2800,1000,9900,10000,10300,900,1500,3100,1500,2500,5000,2000,4100,2000,3500
371.0,10.83,112600,1212935.0,10.82,10.81,10.78,10.76,10.75,10.73,10.7,10.68,10.66,10.63,10.83,10.84,10.85,10.86,10.87,10.88,10.89,10.9,10.91,10.92,900,2100,500,100,100,2800,1000,9900,10000,10300,600,1500,3100,1500,2500,5000,2000,4100,2000,3500
372.0,10.82,112700,1214017.0,10.82,10.81,10.78,10.76,10.75,10.73,10.7,10.68,10.66,10.63,10.83,10.84,10.85,10.86,10.87,10.88,10.89,10.9,10.91,10.92,800,2100,500,100,100,2800,1000,9900,10000,10300,600,1500,3100,1500,2500,5000,2000,4100,2000,3500
373.0,10.83,112800,1215100.0,10.82,10.81,10.78,10.76,10.75,10.73,10.7,10.68,10.66,10.63,10.83,10.84,10.85,10.86,10.87,10.88,10.89,10.9,10.91,10.92,800,2100,500,100,100,2800,1000,9900,10000,10300,500,1500,3100,1500,2500,5000,2000,4100,2000,3500
374.0,10.83,112800,1215100.0,10.82,10.81,10.78,10.76,10.75,10.73,10.7,10.68,10.66,10.63,10.83,10.84,10.85,10.86,10.87,10.88,10.89,10.9,10.91,10.92,800,2100,500,100,100,2800,1000,9900,10000,10300,500,1500,3100,1500,2500,5000,2000,4100,2000,3500
375.0,10.83,112800,1215100.0,10.82,10.81,10.78,10.76,10.75,10.73,10.7,10.68,10.66,10.63,10.83,10.84,10.85,10.86,10.87,10.88,10.89,10.9,10.91,10.92,800,2100,500,100,100,2800,1000,9900,10000,10300,500,1500,3100,1500,2500,5000,2000,4100,2000,3500
376.0,10.83,112800,1215100.0,10.82,10.81,10.78,10.76,10.75,10.73,10.7,10.68,10.66,10.63,10.83,10.84,10.85,10.86,10.87,10.88,10.89,10.9,10.91,10.92,800,2100,500,100,100,2800,1000,9900,10000,10300,500,1500,3100,1500,2500,5000,2000,4100,2000,3500
377.0,10.83,112800,1215100.0,10.82,10.81,10.78,10.76,10.75,10.73,10.7,10.68,10.66,10.63,10.83,10.84,10.85,10.86,10.87,10.88,10.89,10.9,10.91,10.92,800,2100,500,100,100,2800,1000,9900,10000,10300,500,1500,3100,1500,2500,5000,2000,4100,2000,3500
378.0,10.83,112800,1215100.0,10.82,10.81,10.78,10.76,10.75,10.73,10.7,10.68,10.66,10.63,10.83,10.84,10.85,10.86,10.87,10.88,10.89,10.9,10.91,10.92,800,2100,500,100,100,2800,1000,9900,10000,10300,500,1500,3100,1500,2500,5000,2000,4100,2000,3500
379.0,10.83,112800,1215100.0,10.82,10.81,10.78,10.76,10.75,10.73,10.7,10.68,10.66,10.63,10.83,10.84,10.85,10.86,10.87,10.88,10.89,10.9,10.91,10.92,800,2100,500,100,100,2800,1000,9900,10000,10300,500,1500,3100,1500,2500,5000,2000,4100,2000,3500
380.0,10.83,112800,1215100.0,10.82,10.81,10.78,10.76,10.75,10.73,10.7,10.68,10.66,10.63,10.83,10.84,10.85,10.86,10.87,10.88,10.89,10.9,10.91,10.92,800,2100,500,100,100,2800,1000,9900,10000,10300,500,1500,3100,1500,2500,5000,2000,4100,2000,3500
381.0,10.83,112800,1215100.0,10.82,10.81,10.78,10.76,10.75,10.73,10.7,10.68,10.66,10.63,10.83,10.84,10.85,10.86,10.87,10.88,10.89,10.9,10.91,10.92,800,2100,500,100,100,2800,1000,9900,10000,10300,500,1500,3100,1500,2500,5000,2000,4100,2000,3500
382.0,10.83,112800,1215100.0,10.82,10.81,10.78,10.76,10.75,10.73,10.7,10.68,10.66,10.63,10.83,10.84,10.85,10.86,10.87,10.88,10.89,10.9,10.91,10.92,800,2100,500,100,100,2800,1000,9900,10000,10300,500,1500,3100,1500,2500,5000,2000,4100,2000,3500
383.0,10.83,112800,1215100.0,10.82,10.81,10.78,10.76,10.75,10.73,10.7,10.68,10.66,10.63,10.83,10.84,10.85,10.86,10.87,10.88,10.89,10.9,10.91,10.92,800,2100,500,100,100,2800,1000,9900,10000,10300,500,1500,3100,1500,2500,5000,2000,4100,2000,3500
384.0,10.83,112900,1216183.0,10.82,10.81,10.78,10.76,10.75,10.73,10.7,10.68,10.66,10.63,10.83,10.84,10.85,10.86,10.87,10.88,10.89,10.9,10.91,10.92,800,2100,500,100,100,2800,1000,9900,10000,10300,400,1500,3100,1500,2500,5000,2000,4100,2000,3500
385.0,10.83,112900,1216183.0,10.82,10.81,10.78,10.76,10.75,10.73,10.7,10.68,10.66,10.63,10.83,10.84,10.85,10.86,10.87,10.88,10.89,10.9,10.91,10.92,800,2100,500,100,100,2800,1000,9900,10000,10300,400,1500,3100,1500,2500,5000,2000,4100,2000,3500
386.0,10.83,112900,1216183.0,10.82,10.81,10.78,10.76,10.75,10.73,10.7,10.68,10.66,10.63,10.83,10.84,10.85,10.86,10.87,10.88,10.89,10.9,10.91,10.92,800,2100,500,100,100,2800,1000,9900,10000,10300,400,1500,3100,1500,2500,5000,2000,4100,2000,3500
387.0,10.83,112900,1216183.0,10.82,10.81,10.78,10.76,10.75,10.73,10.7,10.68,10.66,10.63,10.83,10.84,10.85,10.86,10.87,10.88,10.89,10.9,10.91,10.92,800,2100,500,100,100,2800,1000,9900,10000,10300,400,1500,3100,1500,2500,5000,2000,4100,2000,3500
388.0,10.83,112900,1216183.0,10.82,10.81,10.78,10.76,10.75,10.73,10.7,10.68,10.66,10.63,10.83,10.84,10.85,10.86,10.87,10.88,10.89,10.9,10.91,10.92,800,2100,500,100,100,2800,1000,9900,10000,10300,400,1500,3100,1500,2500,5000,2000,4100,2000,3500
389.0,10.83,112900,1216183.0,10.82,10.81,10.78,10.76,10.75,10.73,10.7,10.68,10.66,10.63,10.83,10.84,10.85,10.86,10.87,10.88,10.89,10.9,10.91,10.92,800,2100,500,100,100,2800,1000,9900,10000,10300,400,1500,3100,1500,2500,5000,2000,4100,2000,3500
390.0,10.83,112900,1216183.0,10.82,10.81,10.78,10.76,10.75,10.73,10.7,10.68,10.66,10.63,10.83,10.84,10.85,10.86,10.87,10.88,10.89,10.9,10.91,10.92,800,1900,500,100,100,2800,1000,9900,10000,10300,400,1500,3100,1500,2500,5000,2000,4100,2000,3500
391.0,10.83,112900,1216183.0,10.82,10.81,10.78,10.76,10.75,10.73,10.7,10.68,10.66,10.63,10.83,10.84,10.85,10.86,10.87,10.88,10.89,10.9,10.91,10.92,800,1900,500,100,100,2800,1000,9900,10000,10300,400,1500,3100,1500,2500,5000,2000,4100,2000,3500
392.0,10.83,112900,1216183.0,10.82,10.81,10.78,10.76,10.75,10.73,10.7,10.68,10.66,10.63,10.83,10.84,10.85,10.86,10.87,10.88,10.89,10.9,10.91,10.92,800,1900,500,100,100,2800,1000,9900,10000,10300,400,1500,3100,1500,2500,5000,2000,4100,2000,3500
393.0,10.83,112900,1216183.0,10.82,10.81,10.78,10.76,10.75,10.73,10.7,10.68,10.66,10.63,10.83,10.84,10.85,10.86,10.87,10.88,10.89,10.9,10.91,10.92,800,1900,500,100,100,2800,1000,9900,10000,10300,400,1500,3100,1500,2500,5000,2000,4100,2000,3500
394.0,10.83,112900,1216183.0,10.82,10.81,10.78,10.76,10.75,10.73,10.7,10.68,10.66,10.63,10.83,10.84,10.85,10.86,10.87,10.88,10.89,10.9,10.91,10.92,800,1900,500,100,100,2800,1000,9900,10000,10300,400,1500,3100,1500,2500,5000,2000,4100,2000,3500
395.0,10.83,112900,1216183.0,10.82,10.81,10.78,10.76,10.75,10.73,10.7,10.68,10.66,10.63,10.83,10.84,10.85,10.86,10.87,10.88,10.89,10.9,10.91,10.92,800,1900,500,100,100,2800,1000,9900,10000,10300,400,1500,3100,1500,2500,5000,2000,4100,2000,3500
396.0,10.82,113100,1218347.0,10.82,10.81,10.78,10.76,10.75,10.73,10.7,10.68,10.66,10.63,10.83,10.84,10.85,10.86,10.87,10.88,10.89,10.9,10.91,10.92,700,1900,500,100,100,2800,1000,9900,10000,10300,400,1500,3100,1500,2500,5000,2000,4100,2000,3500
397.0,10.82,113200,1219429.0,10.82,10.81,10.78,10.76,10.75,10.73,10.7,10.68,10.66,10.63,10.83,10.84,10.85,10.86,10.87,10.88,10.89,10.9,10.91,10.92,600,1900,500,100,100,2800,1000,9900,10000,10300,400,1500,3100,1500,2500,5000,2000,4100,2000,3500
398.0,10.82,113200,1219429.0,10.82,10.81,10.78,10.76,10.75,10.73,10.7,10.68,10.66,10.63,10.83,10.84,10.85,10.86,10.87,10.88,10.89,10.9,10.91,10.92,600,1600,500,100,100,2800,1000,9900,10000,10300,400,1500,3100,1500,2500,5000,2000,4100,2000,3500
399.0,10.82,113200,1219429.0,10.82,10.81,10.78,10.76,10.75,10.73,10.7,10.68,10.66,10.63,10.83,10.84,10.85,10.86,10.87,10.88,10.89,10.9,10.91,10.92,600,1600,500,100,100,2800,1000,9900,10000,10300,400,1500,3100,1500,2500,5000,2000,4100,2000,3500
400.0,10.82,113200,1219429.0,10.82,10.81,10.78,10.76,10.75,10.73,10.7,10.68,10.66,10.63,10.83,10.84,10.85,10.86,10.87,10.88,10.89,10.9,10.91,10.92,600,1600,500,100,100,2800,1000,9900,10000,10300,400,1500,3100,1500,2500,5000,2000,4100,2000,3500
401.0,10.82,113200,1219429.0,10.82,10.81,10.78,10.76,10.73,10.7,10.68,10.66,10.63,10.62,10.83,10.84,10.85,10.86,10.87,10.88,10.89,10.9,10.91,10.92,600,1600,500,100,2800,1000,9900,10000,10300,2000,400,1500,3100,1500,2500,5000,2000,4100,2000,3500
402.0,10.83,113300,1220512.0,10.82,10.81,10.78,10.76,10.73,10.7,10.68,10.66,10.63,10.62,10.83,10.84,10.85,10.86,10.87,10.88,10.89,10.9,10.91,10.92,600,1600,500,100,2800,1000,9900,10000,10300,2000,300,1500,3100,1500,2500,5000,2000,4100,2000,3500
403.0,10.83,113300,1220512.0,10.82,10.81,10.78,10.76,10.73,10.7,10.68,10.66,10.63,10.62,10.83,10.84,10.85,10.86,10.87,10.88,10.89,10.9,10.91,10.92,600,1600,500,100,2800,1000,9900,10000,10300,2000,300,1500,3100,1500,2500,5000,2000,4100,2000,3500
404.0,10.83,113300,1220512.0,10.82,10.81,10.78,10.76,10.73,10.7,10.68,10.66,10.63,10.62,10.83,10.84,10.85,10.86,10.87,10.88,10.89,10.9,10.91,10.92,600,1600,500,100,2800,1000,9900,10000,10300,2000,300,1500,3100,1500,2500,5000,2000,4100,2000,3500
405.0,10.83,113300,1220512.0,10.82,10.81,10.78,10.76,10.73,10.7,10.68,10.66,10.63,10.62,10.83,10.84,10.85,10.86,10.87,10.88,10.89,10.9,10.91,10.92,600,1600,500,100,2800,1000,9900,10000,10300,2000,300,1500,3100,1500,2500,5000,2000,4100,2000,3500
406.0,10.84,113800,1225929.0,10.82,10.81,10.78,10.76,10.73,10.7,10.68,10.66,10.63,10.62,10.84,10.85,10.86,10.87,10.88,10.89,10.9,10.91,10.92,10.93,600,1600,500,100,2800,1000,9900,10000,10300,2000,1300,3100,1500,2500,5000,2000,4100,2000,3500,2000
407.0,10.84,113800,1225929.0,10.82,10.81,10.78,10.76,10.73,10.7,10.68,10.66,10.63,10.62,10.83,10.84,10.85,10.86,10.87,10.88,10.89,10.9,10.91,10.92,600,1600,500,100,2800,1000,9900,10000,10300,2000,100,1300,3100,1500,2500,5000,2000,4100,2000,3500
408.0,10.84,113800,1225929.0,10.82,10.81,10.78,10.76,10.73,10.7,10.68,10.66,10.63,10.62,10.83,10.84,10.85,10.86,10.87,10.88,10.89,10.9,10.91,10.92,600,1600,500,100,2800,1000,9900,10000,10300,2000,100,1300,3100,1500,2500,5000,2000,4100,2000,3500
409.0,10.84,113800,1225929.0,10.82,10.81,10.78,10.76,10.73,10.7,10.68,10.66,10.63,10.62,10.83,10.84,10.85,10.86,10.87,10.88,10.89,10.9,10.91,10.92,800,1600,500,100,2800,1000,9900,10000,10300,2000,100,1300,3100,1500,2500,5000,2000,4100,2000,3500
410.0,10.84,113800,1225929.0,10.82,10.81,10.78,10.76,10.73,10.7,10.68,10.66,10.63,10.62,10.83,10.84,10.85,10.86,10.87,10.88,10.89,10.9,10.91,10.92,800,1600,500,100,2800,1000,9900,10000,10300,2000,100,1300,3100,1500,2500,5000,2000,4100,2000,3500
