LocalTime,LastPrice,TradeVolume,TradeValue,BidPrice1,BidPrice2,BidPrice3,BidPrice4,BidPrice5,BidPrice6,BidPrice7,BidPrice8,BidPrice9,BidPriceA,AskPrice1,AskPrice2,AskPrice3,AskPrice4,AskPrice5,AskPrice6,AskPrice7,AskPrice8,AskPrice9,AskPriceA,BidVolume1,BidVolume2,BidVolume3,BidVolume4,BidVolume5,BidVolume6,BidVolume7,BidVolume8,BidVolume9,BidVolumeA,AskVolume1,AskVolume2,AskVolume3,AskVolume4,AskVolume5,AskVolume6,AskVolume7,AskVolume8,AskVolume9,AskVolumeA
0.0,5.9,3800,22420.0,5.85,5.84,5.82,5.73,5.72,5.71,5.7,5.69,5.5,5.49,5.9,5.96,5.99,6.0,6.01,6.05,6.06,6.08,6.13,6.14,2200,1000,1000,300,400,5200,36300,500,3000,1300,200,1700,2000,200,400,1700,300,500,1000,300
1.0,5.96,4100,24196.0,5.86,5.85,5.84,5.82,5.73,5.72,5.71,5.7,5.69,5.5,5.89,5.96,5.99,6.0,6.01,6.05,6.06,6.08,6.13,6.14,1000,2200,1000,1000,300,400,5200,36300,500,3000,200,1600,2000,200,400,1700,300,500,1000,300
2.0,5.96,4100,24196.0,5.86,5.85,5.84,5.82,5.73,5.72,5.71,5.7,5.69,5.5,5.89,5.92,5.95,5.96,5.97,5.99,6.0,6.01,6.05,6.06,1000,2200,1000,1000,300,400,5200,36300,500,3000,200,600,8500,1600,1400,2000,200,400,1700,300
3.0,5.85,7100,41756.0,5.85,5.84,5.82,5.73,5.72,5.71,5.7,5.69,5.5,5.49,5.89,5.92,5.95,5.96,5.97,5.99,6.0,6.01,6.05,6.06,200,1000,1000,300,400,5200,36300,500,3000,1300,1200,600,8500,1600,1400,2000,200,400,1700,300
4.0,5.85,7100,41756.0,5.85,5.84,5.82,5.73,5.72,5.71,5.7,5.69,5.5,5.49,5.89,5.92,5.95,5.96,5.97,5.99,6.0,6.01,6.05,6.06,200,1000,1000,300,400,5200,36300,500,3000,1300,1200,600,8500,1600,1400,2000,200,400,1700,300
5.0,5.85,7100,41756.0,5.85,5.84,5.82,5.8,5.73,5.72,5.71,5.7,5.69,5.5,5.89,5.92,5.95,5.96,5.97,5.99,6.0,6.01,6.05,6.06,200,1000,1000,6100,300,400,5200,36300,500,3000,1200,600,8500,1600,1400,2000,200,400,1700,300
6.0,5.85,7100,41756.0,5.86,5.85,5.84,5.82,5.8,5.73,5.72,5.71,5.7,5.69,5.89,5.92,5.95,5.96,5.97,5.99,6.0,6.01,6.05,6.06,300,200,1000,1000,6100,300,400,5200,36300,500,1200,600,8500,1600,1400,2000,200,400,1700,300
7.0,5.85,7100,41756.0,5.86,5.85,5.84,5.82,5.8,5.73,5.72,5.71,5.7,5.69,5.89,5.92,5.95,5.96,5.97,5.99,6.0,6.01,6.05,6.06,1100,1100,1000,1000,6100,300,400,5200,36300,500,1200,600,8500,1600,1400,2000,200,400,1700,300
8.0,5.88,7200,42344.0,5.86,5.85,5.84,5.82,5.8,5.73,5.72,5.71,5.7,5.69,5.88,5.89,5.92,5.95,5.96,5.97,5.99,6.0,6.01,6.05,1100,1100,1000,1000,6100,300,400,5200,36300,500,1800,1200,600,8500,1600,1400,2000,200,400,3700
9.0,5.85,9400,55225.0,5.84,5.82,5.8,5.73,5.72,5.71,5.7,5.69,5.5,5.49,5.85,5.88,5.89,5.92,5.95,5.96,5.97,5.99,6.0,6.01,1000,1000,6100,300,400,5200,36300,500,3000,1300,1700,1800,1200,600,8500,1600,1400,2000,200,400
10.0,5.85,9400,55225.0,5.84,5.82,5.8,5.73,5.72,5.71,5.7,5.69,5.66,5.5,5.85,5.88,5.89,5.92,5.95,5.96,5.97,5.99,6.0,6.01,1000,1000,6100,300,400,5200,36300,500,1000,3000,1800,3000,1200,600,8500,1600,1400,2000,200,400
11.0,5.85,9600,56395.0,5.84,5.82,5.8,5.73,5.72,5.71,5.7,5.69,5.66,5.5,5.85,5.88,5.89,5.92,5.95,5.96,5.97,5.99,6.0,6.01,1000,1000,6100,300,400,5200,36300,2500,1000,3000,1900,3000,1200,600,8500,1600,1400,2000,200,400
12.0,5.86,12500,73370.0,5.86,5.85,5.84,5.82,5.8,5.73,5.72,5.71,5.7,5.69,5.88,5.89,5.92,5.95,5.96,5.97,5.99,6.0,6.01,6.05,10400,16700,1100,1000,6100,300,400,5200,36300,2500,3000,1000,600,8500,1600,1400,2000,200,400,3700
13.0,5.86,12500,73370.0,5.86,5.85,5.84,5.82,5.8,5.73,5.72,5.71,5.7,5.69,5.88,5.89,5.92,5.95,5.96,5.97,5.99,6.0,6.01,6.05,10400,16700,14400,1000,6100,300,400,5200,36300,2500,3000,1000,600,10600,1600,1400,2000,200,400,3700
14.0,5.86,12500,73370.0,5.86,5.85,5.84,5.82,5.8,5.73,5.72,5.71,5.7,5.69,5.88,5.89,5.92,5.95,5.96,5.97,5.99,6.0,6.01,6.05,11800,16700,14300,1000,6100,300,400,5200,36300,2500,1200,1000,600,10600,1600,1400,2000,200,400,3700
15.0,5.88,12600,73958.0,5.86,5.85,5.84,5.82,5.8,5.73,5.72,5.71,5.7,5.69,5.88,5.89,5.92,5.94,5.95,5.96,5.97,5.99,6.0,6.01,11800,16700,14300,1000,6100,300,400,5200,36300,2500,1100,1000,600,1000,10600,1600,1400,2000,200,400
16.0,5.88,12600,73958.0,5.86,5.85,5.84,5.82,5.8,5.73,5.72,5.71,5.7,5.69,5.88,5.89,5.92,5.94,5.95,5.96,5.97,5.99,6.0,6.01,11900,16700,14300,1000,6100,300,400,5200,36300,2500,1100,1000,600,1000,10600,1600,1400,2000,200,400
17.0,5.88,12900,75722.0,5.87,5.86,5.85,5.84,5.82,5.8,5.73,5.72,5.71,5.7,5.88,5.89,5.92,5.94,5.95,5.96,5.97,5.99,6.0,6.01,100,11900,13300,14300,1000,6100,300,400,5200,36300,800,1000,600,1000,10600,1600,1400,2000,200,400
18.0,5.88,13100,76898.0,5.87,5.86,5.85,5.84,5.82,5.8,5.73,5.72,5.71,5.7,5.88,5.89,5.92,5.94,5.95,5.96,5.97,5.99,6.0,6.01,100,11900,13300,14300,1000,6100,300,400,5200,36300,600,1000,600,1000,10600,1600,1400,2000,200,400
19.0,5.88,13700,80426.0,5.88,5.87,5.86,5.85,5.84,5.82,5.81,5.8,5.79,5.78,5.89,5.91,5.92,5.93,5.94,5.95,5.96,5.97,5.99,6.0,700,100,11900,13300,14300,19600,18400,24700,18900,18200,1000,18300,19600,11100,1000,10600,1600,1400,2000,200
20.0,5.89,14700,86316.0,5.89,5.88,5.87,5.86,5.85,5.84,5.82,5.81,5.8,5.79,5.92,5.93,5.94,5.95,5.96,5.97,5.99,6.0,6.01,6.05,1400,800,100,11900,18300,14300,19600,18400,24700,18900,19600,11100,1000,10600,1600,1400,2000,200,400,3700
21.0,5.89,14700,86316.0,5.89,5.88,5.87,5.86,5.85,5.84,5.82,5.81,5.8,5.79,5.92,5.93,5.94,5.95,5.96,5.97,5.99,6.0,6.01,6.05,1800,800,100,11500,18300,14300,19600,18400,24700,18900,19600,11100,1000,10600,1600,1400,2000,200,400,3700
22.0,5.89,14700,86316.0,5.89,5.88,5.87,5.86,5.85,5.84,5.82,5.81,5.8,5.79,5.92,5.93,5.94,5.95,5.96,5.97,5.99,6.0,6.01,6.05,1800,800,100,11500,18300,14300,19600,18400,24700,18900,19600,11100,1000,10600,1600,1400,2000,200,400,3700
23.0,5.89,14700,86316.0,5.89,5.88,5.87,5.86,5.85,5.84,5.82,5.81,5.8,5.79,5.92,5.93,5.94,5.95,5.96,5.97,5.99,6.0,6.01,6.05,1800,800,100,11500,18300,14300,19600,18400,24700,18900,19600,11100,1000,10600,1600,1400,2000,200,400,3700
24.0,5.89,14700,86316.0,5.89,5.88,5.87,5.86,5.85,5.84,5.82,5.81,5.8,5.79,5.92,5.93,5.94,5.95,5.96,5.97,5.99,6.0,6.01,6.05,1800,800,100,11500,18300,14300,19600,18400,24700,18900,19600,11100,1000,10600,1600,1400,2000,200,400,3700
25.0,5.89,16500,96918.0,5.88,5.87,5.86,5.85,5.84,5.82,5.81,5.8,5.79,5.78,5.89,5.92,5.93,5.94,5.95,5.96,5.97,5.99,6.0,6.01,800,100,11500,18300,14300,19600,18400,24700,18900,18200,3300,19600,11100,1000,10600,1600,1400,2000,200,400
26.0,5.89,19500,114588.0,5.88,5.87,5.86,5.85,5.84,5.82,5.81,5.8,5.79,5.78,5.89,5.92,5.93,5.94,5.95,5.96,5.97,5.99,6.0,6.01,800,100,10400,18300,14300,19600,18400,24700,18900,18200,500,19600,11100,1000,10600,1600,1400,2000,200,400
27.0,5.89,19500,114588.0,5.88,5.87,5.86,5.85,5.84,5.82,5.81,5.8,5.79,5.78,5.89,5.92,5.93,5.94,5.95,5.96,5.97,5.99,6.0,6.01,800,100,10400,18300,14300,19600,18400,24700,18900,18200,500,19600,11100,19300,10600,1600,1400,2000,200,400
28.0,5.89,19500,114588.0,5.88,5.87,5.86,5.85,5.84,5.82,5.81,5.8,5.79,5.78,5.89,5.92,5.93,5.94,5.95,5.96,5.97,5.99,6.0,6.01,800,100,10400,18300,14300,19600,18400,24700,18900,18200,500,19600,11100,19300,10600,1600,1400,2000,200,400
29.0,5.89,19500,114588.0,5.88,5.87,5.86,5.85,5.84,5.82,5.81,5.8,5.79,5.78,5.89,5.92,5.93,5.94,5.95,5.96,5.97,5.99,6.0,6.01,1500,100,10400,18300,14300,19600,18400,24700,18900,18200,500,19600,11100,19300,10600,1600,1400,2000,200,400
30.0,5.89,19500,114588.0,5.88,5.87,5.86,5.85,5.84,5.82,5.81,5.8,5.79,5.78,5.89,5.92,5.93,5.94,5.95,5.96,5.97,5.99,6.0,6.01,1500,100,10400,18300,14300,19600,18400,24700,18900,18200,500,19600,11100,19300,10600,1600,1400,2000,200,400
31.0,5.89,19700,115766.0,5.89,5.88,5.87,5.86,5.85,5.84,5.82,5.81,5.8,5.79,5.91,5.92,5.93,5.94,5.95,5.96,5.97,5.99,6.0,6.01,200,2100,100,10400,18300,14300,19600,18400,24700,18900,200,19600,11100,19300,10600,1600,1400,2000,200,400
32.0,5.91,19900,116948.0,5.88,5.87,5.86,5.85,5.84,5.82,5.81,5.8,5.79,5.78,5.92,5.93,5.94,5.95,5.96,5.97,5.99,6.0,6.01,6.05,2200,100,10400,18300,14300,19600,18400,24700,18900,18200,19600,11100,19300,10600,1600,1400,2000,200,400,3700
33.0,5.91,19900,116948.0,5.88,5.87,5.86,5.85,5.84,5.82,5.81,5.8,5.79,5.78,5.92,5.93,5.94,5.95,5.96,5.97,5.99,6.0,6.01,6.05,4600,100,10400,18300,14300,19600,18400,24700,18900,18200,19600,11100,19300,10600,1600,1400,2000,200,400,3700
34.0,5.91,19900,116948.0,5.88,5.87,5.86,5.85,5.84,5.82,5.81,5.8,5.79,5.78,5.92,5.93,5.94,5.95,5.96,5.97,5.99,6.0,6.01,6.05,4600,100,10400,18300,14300,19600,18400,24700,18900,18200,19600,11100,19300,10600,1600,1400,2000,200,400,3700
35.0,5.91,19900,116948.0,5.88,5.87,5.86,5.85,5.84,5.82,5.81,5.8,5.79,5.78,5.92,5.93,5.94,5.95,5.96,5.97,5.99,6.0,6.01,6.05,6100,100,10400,18300,14300,19600,18400,24700,18900,18200,19600,11100,19300,10600,1600,1400,2000,200,400,3700
36.0,5.91,19900,116948.0,5.89,5.88,5.87,5.86,5.85,5.84,5.82,5.81,5.8,5.79,5.92,5.93,5.94,5.95,5.96,5.97,5.99,6.0,6.01,6.05,7300,6100,100,10400,18300,14300,19600,18400,24700,18900,19600,11100,19300,10600,1600,1400,2000,200,400,3700
37.0,5.91,19900,116948.0,5.89,5.88,5.87,5.86,5.85,5.84,5.82,5.81,5.8,5.79,5.92,5.93,5.94,5.95,5.96,5.97,5.99,6.0,6.01,6.05,9400,6200,100,10400,18300,14300,19600,18400,24700,18900,600,11100,19300,10600,1600,1400,2000,200,400,3700
38.0,5.91,19900,116948.0,5.89,5.88,5.87,5.86,5.85,5.84,5.83,5.82,5.81,5.8,5.92,5.93,5.94,5.95,5.96,5.97,5.99,6.0,6.01,6.05,9400,5500,100,10400,18300,14300,18400,19600,18400,24700,600,11100,19300,10600,20600,1400,2000,200,400,3700
39.0,5.91,19900,116948.0,5.89,5.88,5.87,5.86,5.85,5.84,5.83,5.82,5.81,5.8,5.92,5.93,5.94,5.95,5.96,5.97,5.99,6.0,6.01,6.05,9400,5500,100,10400,18300,14300,18400,19600,18400,24700,600,11100,19300,10600,20600,1400,2000,200,400,3700
40.0,5.91,19900,116948.0,5.89,5.88,5.87,5.86,5.85,5.84,5.83,5.82,5.81,5.8,5.92,5.93,5.94,5.95,5.96,5.97,5.98,5.99,6.0,6.01,9400,5500,100,10400,18300,14300,18400,19600,18400,24700,600,11100,19300,10600,20600,1400,1000,2000,200,400
41.0,5.91,19900,116948.0,5.89,5.88,5.87,5.86,5.85,5.84,5.83,5.82,5.81,5.8,5.92,5.93,5.94,5.95,5.96,5.97,5.98,5.99,6.0,6.01,9400,4800,100,10400,18300,14300,18400,19600,18400,24700,600,11100,19300,10600,20600,1400,1000,2000,200,400
42.0,5.91,19900,116948.0,5.89,5.88,5.87,5.86,5.85,5.84,5.83,5.82,5.81,5.8,5.92,5.93,5.94,5.95,5.96,5.97,5.98,5.99,6.0,6.01,9400,4800,100,10400,18300,14300,18400,19600,18400,24700,600,11100,19300,10600,20600,1400,1000,2000,200,400
43.0,5.89,20000,117537.0,5.89,5.88,5.87,5.86,5.85,5.84,5.83,5.82,5.81,5.8,5.92,5.93,5.94,5.95,5.96,5.97,5.98,5.99,6.0,6.01,9300,4800,100,10400,18300,14300,18400,19600,18400,24700,600,11100,19300,10600,20600,1400,1000,2000,200,400
44.0,5.89,20000,117537.0,5.89,5.88,5.87,5.86,5.85,5.84,5.83,5.82,5.81,5.8,5.92,5.93,5.94,5.95,5.96,5.97,5.98,5.99,6.0,6.01,9300,4800,100,10400,18300,14300,18400,19600,18400,24700,600,11100,19300,10600,20600,1400,1000,2000,200,400
45.0,5.89,22000,129317.0,5.9,5.89,5.88,5.87,5.86,5.85,5.84,5.83,5.82,5.81,5.92,5.93,5.94,5.95,5.96,5.97,5.98,5.99,6.0,6.01,100,9300,4800,100,10400,18300,14300,18400,19600,18400,600,11100,19300,10600,20600,1400,1000,2000,200,400
46.0,5.89,22000,129317.0,5.9,5.89,5.88,5.86,5.85,5.84,5.83,5.82,5.81,5.8,5.92,5.93,5.94,5.95,5.96,5.97,5.98,5.99,6.0,6.01,100,11200,4800,10400,18300,14300,18400,19600,18400,24700,600,11100,19300,10600,20600,1400,1000,2000,200,400
47.0,5.89,22000,129317.0,5.9,5.89,5.88,5.86,5.85,5.84,5.83,5.82,5.81,5.8,5.92,5.93,5.94,5.95,5.96,5.97,5.98,5.99,6.0,6.01,100,11200,4700,10400,18300,14300,18400,19600,18400,24700,600,11100,19300,10600,20600,1400,1000,2000,200,400
48.0,5.92,22200,130501.0,5.91,5.9,5.89,5.88,5.86,5.85,5.84,5.83,5.82,5.81,5.92,5.94,5.95,5.96,5.97,5.98,5.99,6.0,6.01,6.05,400,400,11200,4700,10400,18300,14300,18400,19600,18400,400,1000,10600,20600,1400,1000,2000,200,400,3700
49.0,5.92,22500,132277.0,5.91,5.9,5.89,5.88,5.86,5.85,5.84,5.83,5.82,5.81,5.92,5.94,5.95,5.96,5.97,5.98,5.99,6.0,6.01,6.05,400,400,11200,4700,10400,23900,14300,18400,19600,18400,100,1000,10600,20600,1400,1000,2000,200,400,3700
50.0,5.92,22500,132277.0,5.91,5.9,5.89,5.88,5.86,5.85,5.84,5.83,5.82,5.81,5.92,5.94,5.95,5.96,5.97,5.98,5.99,6.0,6.01,6.05,400,400,11200,4700,10400,23900,14300,18400,19600,18400,100,1000,10600,20600,1400,19300,13100,200,400,3700
51.0,5.92,22500,132277.0,5.91,5.9,5.89,5.88,5.86,5.85,5.84,5.83,5.82,5.81,5.92,5.94,5.95,5.96,5.97,5.98,5.99,6.0,6.01,6.05,2800,400,11200,4700,10400,23900,14300,18400,19600,18400,200,1000,10600,20600,1400,19300,13100,200,400,3700
52.0,5.92,22700,133461.0,5.92,5.91,5.9,5.89,5.88,5.86,5.85,5.84,5.83,5.82,5.93,5.94,5.95,5.96,5.97,5.98,5.99,6.0,6.01,6.05,400,2800,400,11200,4700,10400,23900,14300,18400,19600,200,1000,10600,20600,1400,19300,13100,200,400,3700
53.0,5.92,22700,133461.0,5.92,5.91,5.9,5.89,5.88,5.86,5.85,5.84,5.83,5.82,5.93,5.94,5.95,5.96,5.97,5.98,5.99,6.0,6.01,6.05,400,2800,400,11200,4700,10400,23900,14300,18400,19600,200,1000,10600,20600,1400,19300,13100,200,400,3700
54.0,5.92,22700,133461.0,5.92,5.91,5.9,5.89,5.88,5.86,5.85,5.84,5.83,5.82,5.93,5.94,5.95,5.96,5.97,5.98,5.99,6.0,6.01,6.05,500,3000,400,11200,4700,10400,23900,14300,18400,19600,200,1000,10600,20600,1400,19300,13100,200,400,3700
55.0,5.92,22700,133461.0,5.92,5.91,5.9,5.89,5.88,5.86,5.85,5.84,5.83,5.82,5.93,5.94,5.95,5.96,5.97,5.98,5.99,6.0,6.01,6.05,500,3000,400,11200,4700,10400,23900,14300,18400,19600,200,1000,10600,20600,1400,19300,13100,200,400,3700
56.0,5.92,22700,133461.0,5.92,5.91,5.9,5.89,5.88,5.86,5.85,5.84,5.83,5.82,5.93,5.94,5.95,5.96,5.97,5.98,5.99,6.0,6.01,6.05,500,3000,400,11200,4700,10400,23900,14300,18400,19600,200,1000,10600,20600,1400,19300,13100,200,400,3700
57.0,5.92,22700,133461.0,5.92,5.91,5.9,5.89,5.88,5.86,5.85,5.84,5.83,5.82,5.93,5.94,5.95,5.96,5.98,5.99,6.0,6.01,6.05,6.06,2900,3000,400,9200,4700,10400,23900,14300,18400,19600,200,1000,10600,20600,19300,13100,200,400,3700,300
58.0,5.92,22900,134645.0,5.92,5.91,5.9,5.89,5.88,5.86,5.85,5.84,5.83,5.82,5.93,5.94,5.95,5.96,5.98,5.99,6.0,6.01,6.05,6.06,2700,3000,400,9200,4700,10400,23900,14300,18400,19600,200,1000,10600,20600,19300,13100,200,400,3700,300
59.0,5.92,22900,134645.0,5.92,5.91,5.9,5.89,5.88,5.86,5.85,5.84,5.83,5.82,5.93,5.94,5.95,5.96,5.98,5.99,6.0,6.01,6.05,6.06,2700,3000,400,9200,4700,10400,23900,14300,18400,19600,200,1000,10600,20600,19300,13100,200,400,3700,300
60.0,5.92,22900,134645.0,5.92,5.91,5.9,5.89,5.88,5.86,5.85,5.84,5.83,5.82,5.93,5.94,5.95,5.96,5.98,5.99,6.0,6.01,6.05,6.06,3000,3000,100,9200,4700,10400,23900,14300,18400,19600,200,1000,5100,20600,19300,13100,200,400,3700,300
61.0,5.92,22900,134645.0,5.92,5.91,5.9,5.89,5.88,5.86,5.85,5.84,5.83,5.82,5.93,5.94,5.95,5.96,5.98,5.99,6.0,6.01,6.05,6.06,3000,3000,100,9200,4700,10400,23900,14300,18400,19600,200,1000,5100,20600,19300,13100,200,400,3700,300
62.0,5.92,23300,137013.0,5.92,5.91,5.9,5.89,5.88,5.86,5.85,5.84,5.83,5.82,5.93,5.94,5.95,5.96,5.98,5.99,6.0,6.01,6.05,6.06,2600,3000,100,9200,4700,10400,23900,14300,18400,19600,200,1000,5100,20600,19300,13100,200,400,3700,300
63.0,5.92,23300,137013.0,5.92,5.91,5.9,5.89,5.88,5.86,5.85,5.84,5.83,5.82,5.93,5.94,5.95,5.96,5.98,5.99,6.0,6.01,6.05,6.06,2600,500,100,9200,4700,10400,23900,14300,18400,19600,200,1000,5100,20600,19300,13100,200,400,3700,300
64.0,5.92,23300,137013.0,5.92,5.91,5.9,5.89,5.88,5.86,5.85,5.84,5.83,5.82,5.93,5.94,5.95,5.96,5.98,5.99,6.0,6.01,6.05,6.06,2600,500,100,9200,4700,10400,23900,14300,18400,19600,200,1000,5100,20600,19300,13100,200,400,3700,300
65.0,5.92,24500,144117.0,5.92,5.91,5.9,5.89,5.88,5.86,5.85,5.84,5.83,5.82,5.93,5.94,5.95,5.96,5.98,5.99,6.0,6.01,6.05,6.06,1400,500,100,8700,4700,10400,23900,14300,18400,19600,500,1000,5100,20600,19300,13100,200,400,3700,300
66.0,5.92,24900,146488.0,5.92,5.91,5.9,5.89,5.88,5.86,5.85,5.84,5.83,5.82,5.93,5.94,5.95,5.96,5.98,5.99,6.0,6.01,6.05,6.06,1300,300,100,8700,4700,10400,23900,14300,18400,19600,300,1000,5100,20600,19300,13100,200,400,3700,300
67.0,5.92,26200,154184.0,5.91,5.89,5.88,5.86,5.85,5.84,5.83,5.82,5.81,5.8,5.92,5.93,5.94,5.95,5.96,5.98,5.99,6.0,6.01,6.05,100,8700,4700,10400,23900,14300,18400,19600,18400,24700,100,100,1000,5100,20600,19300,13100,200,400,3700
68.0,5.92,26300,154776.0,5.91,5.89,5.88,5.86,5.85,5.84,5.83,5.82,5.81,5.8,5.92,5.93,5.94,5.95,5.96,5.98,5.99,6.0,6.01,6.05,100,8700,4700,10400,23900,14300,18400,19600,18400,24700,600,100,1000,5100,20600,19300,13100,200,400,3700
69.0,5.92,26600,156552.0,5.91,5.89,5.88,5.86,5.85,5.84,5.83,5.82,5.81,5.8,5.92,5.93,5.94,5.95,5.96,5.98,5.99,6.0,6.01,6.05,100,8700,4700,10400,23900,14300,18400,19600,18400,24700,300,1900,1000,5100,20600,19300,13100,200,400,3700
70.0,5.92,26900,158328.0,5.92,5.91,5.89,5.88,5.86,5.85,5.84,5.83,5.82,5.81,5.93,5.94,5.95,5.96,5.98,5.99,6.0,6.01,6.05,6.06,200,100,8700,4700,10400,23900,14300,18400,19600,18400,1900,1000,5100,20600,19300,13100,200,400,3700,300
71.0,5.92,27100,159512.0,5.91,5.89,5.88,5.86,5.85,5.84,5.83,5.82,5.81,5.8,5.93,5.94,5.95,5.96,5.98,5.99,6.0,6.01,6.05,6.06,100,8700,4700,10400,23900,14300,18400,19600,18400,24700,2000,1000,5100,20600,19300,13100,200,400,3700,300
72.0,5.92,27100,159512.0,5.92,5.91,5.89,5.88,5.86,5.85,5.84,5.83,5.82,5.81,5.93,5.94,5.95,5.96,5.98,5.99,6.0,6.01,6.05,6.06,1900,100,7300,4700,10400,23900,14300,18400,19600,18400,500,1000,5100,20600,19300,13100,200,400,3700,300
73.0,5.92,27100,159512.0,5.92,5.91,5.89,5.88,5.86,5.85,5.84,5.83,5.82,5.81,5.93,5.94,5.95,5.96,5.98,5.99,6.0,6.01,6.05,6.06,2300,100,7300,4700,10400,23900,14300,18400,19600,18400,500,1000,5100,20600,19300,13100,200,400,3700,300
74.0,5.92,27300,160696.0,5.92,5.91,5.89,5.88,5.86,5.85,5.84,5.83,5.82,5.81,5.93,5.94,5.95,5.96,5.98,5.99,6.0,6.01,6.05,6.06,2100,100,7300,4700,10400,23900,14300,18400,19600,18400,500,1000,5100,20600,19300,13100,200,400,3700,300
75.0,5.92,27300,160696.0,5.92,5.91,5.89,5.88,5.86,5.85,5.84,5.83,5.82,5.81,5.93,5.94,5.95,5.96,5.98,5.99,6.0,6.01,6.05,6.06,2400,100,7300,4700,10400,23900,14300,18400,19600,18400,500,1000,5100,20600,19300,13100,200,400,3700,300
76.0,5.92,27300,160696.0,5.92,5.91,5.89,5.88,5.86,5.85,5.84,5.83,5.82,5.81,5.93,5.94,5.95,5.96,5.98,5.99,6.0,6.01,6.05,6.06,2400,100,7300,4700,10400,23900,14300,18400,19600,18400,500,1000,5100,20600,19300,13100,200,400,3700,300
77.0,5.92,27500,161880.0,5.92,5.91,5.89,5.88,5.86,5.85,5.84,5.83,5.82,5.81,5.93,5.94,5.95,5.96,5.98,5.99,6.0,6.01,6.05,6.06,2200,100,7300,4700,10400,23900,14300,18400,19600,18400,500,1000,5100,20600,19300,13100,200,400,3700,300
78.0,5.92,27600,162472.0,5.92,5.91,5.89,5.88,5.86,5.85,5.84,5.83,5.82,5.81,5.93,5.94,5.95,5.96,5.98,5.99,6.0,6.01,6.05,6.06,2100,100,7300,4700,10400,23900,14300,18400,19600,18400,500,1000,5100,20600,19300,13100,200,400,3700,300
79.0,5.92,27600,162472.0,5.92,5.91,5.89,5.88,5.86,5.85,5.84,5.83,5.82,5.81,5.93,5.94,5.95,5.96,5.98,5.99,6.0,6.01,6.05,6.06,2100,100,7300,4700,10400,23900,14300,18400,19600,18400,500,1000,5100,20600,19300,13100,200,400,3700,300
80.0,5.92,27600,162472.0,5.92,5.91,5.89,5.88,5.86,5.85,5.84,5.83,5.82,5.81,5.93,5.94,5.95,5.96,5.98,5.99,6.0,6.01,6.05,6.06,2100,100,7300,4700,10400,23900,14300,18400,19600,18400,500,1000,5100,20600,19300,13100,200,400,3700,300
81.0,5.93,28700,168993.0,5.93,5.92,5.91,5.89,5.88,5.86,5.85,5.84,5.83,5.82,5.94,5.95,5.96,5.98,5.99,6.0,6.01,6.05,6.06,6.08,1400,1900,100,7300,4700,10400,23900,14300,18400,19600,1000,5100,20600,19300,13100,200,400,3700,300,500
82.0,5.93,30100,177295.0,5.92,5.91,5.89,5.88,5.86,5.85,5.84,5.83,5.82,5.81,5.93,5.94,5.95,5.96,5.98,5.99,6.0,6.01,6.05,6.06,1900,100,7300,4700,10400,23900,14300,18400,19600,18400,2600,1000,5100,20600,19300,13100,200,400,3700,300
83.0,5.92,30600,180255.0,5.92,5.91,5.89,5.88,5.86,5.85,5.84,5.83,5.82,5.81,5.93,5.94,5.95,5.96,5.98,5.99,6.0,6.01,6.05,6.06,1400,100,7300,4700,10400,23900,14300,18400,19600,18400,2600,1000,5100,20600,19300,13100,200,400,3700,300
84.0,5.93,33800,199230.0,5.93,5.92,5.91,5.89,5.88,5.86,5.85,5.84,5.83,5.82,5.94,5.95,5.96,5.98,5.99,6.0,6.01,6.05,6.06,6.08,6200,1300,100,7300,4700,10400,23900,14300,18400,19600,1000,5100,20600,19300,13100,200,400,3700,300,500
85.0,5.93,33800,199230.0,5.93,5.92,5.91,5.89,5.88,5.86,5.85,5.84,5.83,5.82,5.94,5.95,5.96,5.98,5.99,6.0,6.01,6.05,6.06,6.08,6200,1300,100,7300,4700,10400,23900,14300,18400,19600,1000,2100,20600,19300,13100,200,400,3700,300,500
86.0,5.93,34700,204567.0,5.93,5.92,5.91,5.89,5.88,5.86,5.85,5.84,5.83,5.82,5.94,5.95,5.96,5.98,5.99,6.0,6.01,6.05,6.06,6.08,5300,1300,100,7300,4700,10400,23900,14300,18400,19600,1000,2100,20600,19300,13100,200,400,3700,300,500
87.0,5.93,35200,207532.0,5.93,5.92,5.91,5.89,5.88,5.86,5.85,5.84,5.83,5.82,5.94,5.95,5.96,5.98,5.99,6.0,6.01,6.05,6.06,6.08,4800,1300,100,7300,4700,10400,23900,14300,18400,19600,1000,2100,20600,19300,13100,200,400,3700,300,500
88.0,5.93,35400,208718.0,5.93,5.92,5.91,5.89,5.88,5.86,5.85,5.84,5.83,5.82,5.94,5.95,5.96,5.98,5.99,6.0,6.01,6.05,6.06,6.08,4600,1300,100,7300,4700,10400,23900,14300,18400,19600,1000,2100,20600,19300,13100,200,400,3700,300,500
89.0,5.93,36000,212276.0,5.93,5.92,5.91,5.89,5.88,5.86,5.85,5.84,5.83,5.82,5.94,5.95,5.96,5.98,5.99,6.0,6.01,6.05,6.06,6.08,4000,1300,100,7300,4700,10400,23900,14300,18400,19600,1000,2100,20600,19300,13100,200,400,3700,300,500
90.0,5.93,36000,212276.0,5.93,5.92,5.91,5.89,5.88,5.86,5.85,5.84,5.83,5.82,5.94,5.95,5.96,5.98,5.99,6.0,6.01,6.05,6.06,6.08,4000,1300,100,7300,4700,10400,23900,14300,18400,19600,1000,2100,20600,19300,13100,200,400,3700,300,500
91.0,5.94,36500,215242.0,5.93,5.92,5.91,5.89,5.88,5.86,5.85,5.84,5.83,5.82,5.94,5.95,5.96,5.98,5.99,6.0,6.01,6.05,6.06,6.08,3600,1300,100,7300,4700,10400,23900,14300,18400,19600,900,2100,20600,19300,13100,200,400,3700,300,500
92.0,5.94,36500,215242.0,5.93,5.92,5.91,5.89,5.88,5.86,5.85,5.84,5.83,5.82,5.94,5.95,5.96,5.98,5.99,6.0,6.01,6.05,6.06,6.08,3600,1300,100,7300,4700,10400,23900,14300,18400,19600,900,2100,20600,19300,13100,200,400,3700,300,500
93.0,5.94,36500,215242.0,5.93,5.91,5.89,5.88,5.87,5.86,5.85,5.84,5.83,5.82,5.94,5.95,5.96,5.98,5.99,6.0,6.01,6.05,6.06,6.08,3600,100,7300,4700,18200,28900,23900,14300,18400,19600,900,2100,20600,19300,13100,200,400,3700,300,500
94.0,5.93,36800,217021.0,5.93,5.91,5.89,5.88,5.87,5.86,5.85,5.84,5.83,5.82,5.94,5.95,5.96,5.98,5.99,6.0,6.01,6.05,6.06,6.08,5600,100,7300,4700,18200,28900,23900,14300,18400,19600,900,2100,20600,19300,13100,200,400,3700,300,500
95.0,5.93,38800,228881.0,5.93,5.91,5.89,5.88,5.87,5.86,5.85,5.84,5.83,5.82,5.94,5.95,5.96,5.98,5.99,6.0,6.01,6.05,6.06,6.08,3700,100,7300,4700,18200,28900,23900,14300,18400,19600,900,12100,20600,19300,13100,200,400,3700,300,500
96.0,5.93,38800,228881.0,5.93,5.91,5.89,5.88,5.87,5.86,5.85,5.84,5.83,5.82,5.94,5.95,5.96,5.98,5.99,6.0,6.01,6.05,6.06,6.08,3700,100,7300,4700,18200,28900,23900,14300,18400,19600,900,12100,20600,19300,13100,200,400,3700,300,500
97.0,5.93,42100,248450.0,5.93,5.91,5.89,5.88,5.87,5.86,5.85,5.84,5.83,5.82,5.94,5.95,5.96,5.98,5.99,6.0,6.01,6.05,6.06,6.08,900,100,7300,4700,18200,28900,23900,14300,18400,19600,900,20400,20600,19300,13100,200,400,3700,300,500
98.0,5.93,43000,253787.0,5.91,5.89,5.88,5.87,5.86,5.85,5.84,5.83,5.82,5.81,5.93,5.94,5.95,5.96,5.98,5.99,6.0,6.01,6.05,6.06,100,7300,4700,18200,28900,23900,14300,18400,19600,18400,1000,900,20400,20600,19300,13100,200,400,3700,300
99.0,5.93,43000,253787.0,5.91,5.89,5.88,5.87,5.86,5.85,5.84,5.83,5.82,5.81,5.93,5.94,5.95,5.96,5.98,5.99,6.0,6.01,6.05,6.06,100,7300,4700,18200,28900,23900,14300,18400,19600,18400,1000,900,20400,20600,19300,13100,200,400,3700,300
100.0,5.92,43600,257339.0,5.91,5.89,5.88,5.87,5.86,5.85,5.84,5.83,5.82,5.81,5.92,5.93,5.94,5.95,5.96,5.98,5.99,6.0,6.01,6.05,200,7300,4700,18200,28900,23900,14300,18400,19600,18400,900,1000,900,20400,20600,19300,13100,200,400,3700
101.0,5.95,47500,280488.0,5.92,5.91,5.89,5.88,5.87,5.86,5.85,5.84,5.83,5.82,5.94,5.95,5.96,5.98,5.99,6.0,6.01,6.05,6.06,6.08,400,200,7300,4700,18200,28900,23900,14300,18400,19600,4000,19300,20600,19300,13100,200,400,3700,300,500
102.0,5.95,47500,280488.0,5.92,5.91,5.89,5.88,5.87,5.86,5.85,5.84,5.83,5.82,5.94,5.95,5.96,5.98,5.99,6.0,6.01,6.05,6.06,6.08,1100,200,7300,4700,18200,28900,23900,14300,18400,19600,4000,19300,20600,19300,13100,200,400,3700,300,500
103.0,5.95,47500,280488.0,5.92,5.91,5.89,5.88,5.87,5.86,5.85,5.84,5.83,5.82,5.94,5.95,5.96,5.98,5.99,6.0,6.01,6.05,6.06,6.08,1100,200,7300,4700,18200,28900,23900,14300,18400,19600,4000,19300,20600,19700,13100,200,400,3700,300,500
104.0,5.92,47600,281080.0,5.93,5.92,5.91,5.89,5.88,5.87,5.86,5.85,5.84,5.83,5.94,5.95,5.96,5.98,5.99,6.0,6.01,6.05,6.06,6.08,1500,1100,100,7300,4700,18200,28900,23900,14300,18400,4000,19300,20600,19700,13100,200,400,3700,300,500
105.0,5.92,47600,281080.0,5.93,5.92,5.91,5.89,5.88,5.87,5.86,5.85,5.84,5.83,5.94,5.95,5.96,5.98,5.99,6.0,6.01,6.05,6.06,6.08,1500,1100,100,7300,4700,18200,28900,23900,14300,18400,4000,26600,1600,19700,13100,200,400,3700,300,500
106.0,5.95,51800,306030.0,5.93,5.92,5.91,5.89,5.88,5.87,5.86,5.85,5.84,5.83,5.95,5.96,5.98,5.99,6.0,6.01,6.05,6.06,6.08,6.13,1500,1100,100,7300,4700,18200,28900,23900,14300,18400,26400,1600,19700,13100,200,400,3700,300,500,1000
107.0,5.95,51800,306030.0,5.93,5.92,5.91,5.89,5.88,5.87,5.86,5.85,5.84,5.83,5.94,5.95,5.96,5.98,5.99,6.0,6.01,6.05,6.06,6.08,1500,200,700,7300,4700,18200,28900,23900,14300,18400,2000,26400,1600,19700,13100,200,400,3700,300,500
108.0,5.93,51900,306623.0,5.93,5.92,5.91,5.89,5.88,5.87,5.86,5.85,5.84,5.83,5.94,5.95,5.96,5.98,5.99,6.0,6.01,6.05,6.06,6.08,1400,100,700,7300,4700,18200,28900,23900,14300,18400,2000,26400,1600,19700,13100,200,400,3700,300,500
109.0,5.93,51900,306623.0,5.92,5.91,5.89,5.88,5.87,5.86,5.85,5.84,5.83,5.82,5.95,5.96,5.98,5.99,6.0,6.01,6.05,6.06,6.08,6.13,100,700,7300,4700,18200,28900,23900,14300,18400,19600,26400,1600,1400,2000,200,400,3700,300,500,1000
110.0,5.93,51900,306623.0,5.92,5.91,5.89,5.88,5.87,5.86,5.85,5.84,5.83,5.82,5.95,5.96,5.98,5.99,6.0,6.01,6.05,6.06,6.08,6.13,200,700,7300,4700,18200,28900,23900,14300,18400,19600,26500,1600,1400,2000,200,400,3700,300,500,1000
111.0,5.93,51900,306623.0,5.92,5.91,5.89,5.88,5.87,5.86,5.85,5.84,5.83,5.82,5.95,5.96,5.98,5.99,6.0,6.01,6.05,6.06,6.08,6.13,200,700,7300,4700,18200,28900,23900,14300,18400,19600,26500,1600,1400,2000,200,400,3700,300,500,1000
112.0,5.92,52000,307215.0,5.92,5.91,5.89,5.88,5.87,5.86,5.85,5.84,5.83,5.82,5.94,5.95,5.96,5.98,5.99,6.0,6.01,6.05,6.06,6.08,100,700,7300,4700,18200,28900,23900,14300,18400,19600,5800,26600,1600,1400,2000,200,400,3700,300,500
113.0,5.92,52000,307215.0,5.92,5.91,5.89,5.88,5.87,5.86,5.85,5.84,5.83,5.82,5.94,5.95,5.96,5.98,5.99,6.0,6.01,6.05,6.06,6.08,200,700,7300,4700,18200,28900,23900,14300,18400,19600,5800,26600,1600,1400,2000,200,400,3700,300,500
114.0,5.92,52000,307215.0,5.92,5.91,5.89,5.88,5.87,5.86,5.85,5.84,5.83,5.82,5.94,5.95,5.96,5.98,5.99,6.0,6.01,6.05,6.06,6.08,200,700,7300,4700,18200,28900,23900,14300,18400,19600,5800,27600,1600,1400,2000,200,400,3700,300,500
115.0,5.92,52000,307215.0,5.92,5.91,5.89,5.88,5.87,5.86,5.85,5.84,5.83,5.82,5.94,5.95,5.96,5.98,5.99,6.0,6.01,6.05,6.06,6.08,700,700,7300,4700,18200,28900,23900,14300,18400,19600,5800,27600,1600,1400,2000,200,400,3700,300,500
116.0,5.94,52100,307809.0,5.92,5.91,5.89,5.88,5.87,5.86,5.85,5.84,5.83,5.82,5.94,5.95,5.96,5.98,5.99,6.0,6.01,6.05,6.06,6.08,700,700,7300,4700,18200,28900,23900,14300,18400,19600,5700,27600,1600,1400,2000,200,400,3700,300,500
117.0,5.94,52100,307809.0,5.92,5.91,5.89,5.88,5.87,5.86,5.85,5.84,5.83,5.82,5.94,5.95,5.96,5.98,5.99,6.0,6.01,6.05,6.06,6.08,700,700,7300,4700,18200,28900,23900,14300,18400,19600,5700,27600,1600,1400,2000,200,400,3700,300,500
118.0,5.94,52100,307809.0,5.92,5.91,5.89,5.88,5.87,5.86,5.85,5.84,5.83,5.82,5.94,5.95,5.96,5.98,5.99,6.0,6.01,6.05,6.06,6.08,700,700,7300,4700,18200,28900,23900,14300,18400,19600,5700,27600,1600,1400,2000,200,400,3700,300,500
119.0,5.94,52100,307809.0,5.92,5.91,5.89,5.88,5.87,5.86,5.85,5.84,5.83,5.82,5.94,5.95,5.96,5.98,5.99,6.0,6.01,6.05,6.06,6.08,700,700,7300,4700,18200,28900,23900,14300,18400,19600,5700,27600,1600,1400,2000,200,400,3700,300,500
120.0,5.94,52100,307809.0,5.92,5.91,5.89,5.88,5.87,5.86,5.85,5.84,5.83,5.82,5.94,5.95,5.96,5.98,5.99,6.0,6.01,6.05,6.06,6.08,700,700,7300,4700,18200,28900,23900,14300,18400,19600,5700,27600,1600,1400,2000,200,400,3700,300,500
121.0,5.94,52100,307809.0,5.92,5.91,5.89,5.88,5.87,5.86,5.85,5.84,5.83,5.82,5.94,5.95,5.96,5.98,5.99,6.0,6.01,6.05,6.06,6.08,700,700,7300,4700,18200,28900,23900,14300,18400,19600,5700,27600,1600,1400,2000,200,400,3700,300,500
122.0,5.94,52100,307809.0,5.92,5.91,5.89,5.88,5.87,5.86,5.85,5.84,5.83,5.82,5.94,5.95,5.96,5.98,5.99,6.0,6.01,6.05,6.06,6.08,700,700,7300,4700,18200,28900,23900,14300,18400,19600,5700,27600,1600,1400,2000,200,400,3700,300,500
123.0,5.94,52100,307809.0,5.93,5.92,5.91,5.89,5.88,5.87,5.86,5.85,5.84,5.83,5.94,5.95,5.96,5.98,5.99,6.0,6.01,6.05,6.06,6.08,800,700,700,7300,4700,18200,28900,23900,14300,18400,5700,27600,1600,1400,2000,200,400,3700,300,500
124.0,5.94,53000,313154.0,5.93,5.92,5.91,5.89,5.88,5.87,5.86,5.85,5.84,5.83,5.94,5.95,5.96,5.98,5.99,6.0,6.01,6.05,6.06,6.08,1200,700,700,7300,4700,18200,28900,23900,14300,18400,4900,27600,1600,1400,2000,200,400,3700,300,500
125.0,5.95,59400,351185.0,5.94,5.93,5.92,5.91,5.89,5.88,5.87,5.86,5.85,5.84,5.95,5.96,5.98,5.99,6.0,6.01,6.05,6.06,6.08,6.13,4600,1200,700,700,7300,4700,18200,28900,23900,14300,26100,1600,1400,2000,200,400,3700,300,500,1000
126.0,5.95,59400,351185.0,5.94,5.93,5.92,5.91,5.89,5.88,5.87,5.86,5.85,5.84,5.95,5.96,5.98,5.99,6.0,6.01,6.05,6.06,6.08,6.13,4800,1400,700,700,7300,4700,18200,28900,23900,14300,26100,1600,1400,2000,200,400,3700,300,500,1000
127.0,5.95,60200,355945.0,5.94,5.93,5.92,5.91,5.89,5.88,5.87,5.86,5.85,5.84,5.95,5.96,5.98,5.99,6.0,6.01,6.05,6.06,6.08,6.13,4900,1400,700,700,7300,4700,18200,28900,23900,14300,25300,1600,1400,2000,200,400,3700,300,500,1000
128.0,5.94,67700,400495.0,5.93,5.92,5.91,5.89,5.88,5.87,5.86,5.85,5.84,5.83,5.94,5.95,5.96,5.98,5.99,6.0,6.01,6.05,6.06,6.08,4100,700,1700,7300,4700,18200,28900,23900,14300,18400,12300,25300,1600,1400,2000,200,400,3700,300,500
129.0,5.94,72900,431383.0,5.93,5.92,5.91,5.89,5.88,5.87,5.86,5.85,5.84,5.83,5.94,5.95,5.96,5.98,5.99,6.0,6.01,6.05,6.06,6.08,4100,1300,1700,7300,4700,18200,28900,23900,14300,18400,7100,25300,1600,1400,2000,200,400,3700,300,500
130.0,5.95,80400,475937.0,5.93,5.92,5.91,5.89,5.88,5.87,5.86,5.85,5.84,5.83,5.95,5.96,5.98,5.99,6.0,6.01,6.05,6.06,6.08,6.13,4100,2300,1700,7300,4700,18200,28900,23900,14300,18400,24900,1600,1400,2000,200,400,3700,300,500,1000
131.0,5.93,80800,478309.0,5.94,5.93,5.92,5.91,5.89,5.88,5.87,5.86,5.85,5.84,5.95,5.96,5.98,5.99,6.0,6.01,6.05,6.06,6.08,6.13,100,3700,2300,1700,7300,4700,18200,28900,23900,14300,24900,1600,1400,2000,200,400,3700,300,500,1000
132.0,5.93,80800,478309.0,5.94,5.93,5.92,5.91,5.89,5.88,5.87,5.86,5.85,5.84,5.95,5.96,5.98,5.99,6.0,6.01,6.05,6.06,6.08,6.13,100,3700,2300,1700,7300,4700,18200,28900,23900,14300,24900,1600,1400,2000,200,400,3700,300,500,1000
133.0,5.93,80800,478309.0,5.94,5.93,5.92,5.91,5.89,5.88,5.87,5.86,5.85,5.84,5.95,5.96,5.98,5.99,6.0,6.01,6.05,6.06,6.08,6.13,100,3700,2300,1700,7300,4700,18200,28900,23900,14300,24900,1600,1400,2000,200,400,3700,300,500,1000
134.0,5.95,83100,491994.0,5.94,5.93,5.92,5.91,5.89,5.88,5.87,5.86,5.85,5.84,5.95,5.96,5.98,5.99,6.0,6.01,6.05,6.06,6.08,6.13,200,3700,2300,1700,7300,4700,18200,28900,23900,14300,22600,1600,1400,2000,200,400,3700,300,500,1000
135.0,5.95,83100,491994.0,5.94,5.93,5.92,5.91,5.89,5.88,5.87,5.86,5.85,5.84,5.95,5.96,5.98,5.99,6.0,6.01,6.05,6.06,6.08,6.13,200,3700,2300,1700,7300,4700,18200,28900,23900,14300,22600,1600,1400,2000,200,400,3700,300,500,1000
136.0,5.95,83100,491994.0,5.94,5.93,5.92,5.91,5.89,5.88,5.87,5.86,5.85,5.84,5.95,5.96,5.98,5.99,6.0,6.01,6.05,6.06,6.08,6.13,200,3700,2300,1700,7300,4700,18200,28900,23900,14300,22600,1600,1400,2000,200,400,3700,300,500,1000
137.0,5.95,83100,491994.0,5.94,5.93,5.92,5.91,5.89,5.88,5.87,5.86,5.85,5.84,5.95,5.96,5.98,5.99,6.0,6.01,6.05,6.06,6.08,6.13,200,3700,2300,1700,7300,4700,18200,28900,23900,14300,22600,1600,1400,2000,200,400,3700,300,500,1000
138.0,5.95,83400,493779.0,5.94,5.93,5.92,5.91,5.89,5.88,5.87,5.86,5.85,5.84,5.95,5.96,5.98,5.99,6.0,6.01,6.05,6.06,6.08,6.13,200,4200,2300,1700,7300,4700,18200,28900,23900,14300,22300,1600,1400,2000,200,400,3700,300,500,1000
139.0,5.95,83400,493779.0,5.94,5.93,5.92,5.91,5.89,5.88,5.87,5.86,5.85,5.84,5.95,5.96,5.98,5.99,6.0,6.01,6.05,6.06,6.08,6.13,200,4200,2300,1700,7300,4700,18200,28900,23900,14300,22300,1600,1400,2000,200,400,3700,300,500,1000
140.0,5.95,85100,503894.0,5.94,5.93,5.92,5.91,5.89,5.88,5.87,5.86,5.85,5.84,5.95,5.96,5.98,5.99,6.0,6.01,6.05,6.06,6.08,6.13,200,4200,2300,1700,7300,4700,18200,28900,23900,14300,20600,1600,1400,2000,200,400,3700,300,500,1000
141.0,5.95,85100,503894.0,5.94,5.93,5.92,5.91,5.89,5.88,5.87,5.86,5.85,5.84,5.95,5.96,5.98,5.99,6.0,6.01,6.05,6.06,6.08,6.13,300,4200,2300,1700,7300,4700,18200,28900,23900,14300,20600,1600,1400,2000,200,400,3700,300,500,1000
142.0,5.95,85100,503894.0,5.94,5.93,5.92,5.91,5.9,5.89,5.88,5.87,5.86,5.85,5.95,5.96,5.98,5.99,6.0,6.01,6.05,6.06,6.08,6.13,1400,3900,2300,1700,1800,7300,4700,18200,28900,23900,20600,1600,1400,2000,200,400,3700,300,500,1000
143.0,5.95,86100,509844.0,5.94,5.93,5.92,5.91,5.9,5.89,5.88,5.87,5.86,5.85,5.95,5.96,5.98,5.99,6.0,6.01,6.05,6.06,6.08,6.13,1400,3900,2300,1700,1800,7300,4700,18200,28900,23900,19600,1600,1400,2000,200,400,3700,300,500,1000
144.0,5.95,87000,515199.0,5.94,5.93,5.92,5.91,5.9,5.89,5.88,5.87,5.86,5.85,5.95,5.96,5.98,5.99,6.0,6.01,6.05,6.06,6.08,6.13,1400,3900,2300,1700,1800,7300,4700,18200,28900,23900,18700,1600,1400,2000,200,400,3700,300,500,1000
145.0,5.95,88800,525909.0,5.94,5.93,5.92,5.91,5.9,5.89,5.88,5.87,5.86,5.85,5.95,5.96,5.98,5.99,6.0,6.01,6.05,6.06,6.08,6.13,1400,3900,2300,1700,1800,7300,4700,18200,28900,23900,16900,1600,1400,2000,200,400,3700,300,500,1000
146.0,5.94,89000,527097.0,5.94,5.93,5.92,5.91,5.9,5.89,5.88,5.87,5.86,5.85,5.95,5.96,5.98,5.99,6.0,6.01,6.05,6.06,6.08,6.13,1200,3900,2300,1700,1800,7300,4700,18200,28900,23900,16900,1600,1000,2000,200,400,3700,300,500,1000
147.0,5.94,89200,528285.0,5.94,5.93,5.92,5.91,5.9,5.89,5.88,5.87,5.86,5.85,5.95,5.96,5.98,5.99,6.0,6.01,6.05,6.06,6.08,6.13,1000,3900,2300,1700,1800,7300,4700,18200,28900,23900,16900,1600,1000,2000,200,400,3700,300,500,1000
148.0,5.94,91200,540165.0,5.94,5.93,5.92,5.91,5.9,5.89,5.88,5.87,5.86,5.85,5.95,5.96,5.98,5.99,6.0,6.01,6.05,6.06,6.08,6.13,100,3900,2300,1700,1800,7300,4700,18200,28900,23900,16900,1600,1000,2000,200,400,3700,300,500,1000
149.0,5.94,91200,540165.0,5.94,5.93,5.92,5.91,5.9,5.89,5.88,5.87,5.86,5.85,5.95,5.96,5.98,5.99,6.0,6.01,6.05,6.06,6.08,6.13,100,3900,2300,1700,1800,7300,4700,18200,28900,23900,16900,1600,1000,2000,600,400,3700,300,500,1000
150.0,5.94,91200,540165.0,5.94,5.93,5.92,5.91,5.9,5.89,5.88,5.87,5.86,5.85,5.95,5.96,5.98,5.99,6.0,6.01,6.05,6.06,6.08,6.13,100,3700,2300,1700,1800,7300,4700,18200,28900,23900,16900,1600,1000,2000,600,400,3700,300,500,1000
151.0,5.94,91200,540165.0,5.94,5.93,5.92,5.91,5.9,5.89,5.88,5.87,5.86,5.85,5.95,5.96,5.98,5.99,6.0,6.01,6.05,6.06,6.08,6.13,100,3700,2300,1700,1800,7300,4700,18200,28900,23900,16900,1600,1000,2000,600,400,3700,300,500,1000
152.0,5.94,91300,540759.0,5.93,5.92,5.91,5.9,5.89,5.88,5.87,5.86,5.85,5.84,5.95,5.96,5.98,5.99,6.0,6.01,6.05,6.06,6.08,6.13,3700,2300,1700,1800,7300,4700,18200,28900,23900,14300,16900,1600,1000,2000,600,400,3700,300,500,1000
153.0,5.95,92500,547899.0,5.94,5.93,5.92,5.91,5.9,5.89,5.88,5.87,5.86,5.85,5.95,5.96,5.98,5.99,6.0,6.01,6.05,6.06,6.08,6.13,200,3700,1700,1700,1800,7300,4700,18200,28900,23900,15700,1600,1000,2000,600,400,3700,300,500,1000
154.0,5.94,92600,548493.0,5.94,5.93,5.92,5.91,5.9,5.89,5.88,5.87,5.86,5.85,5.95,5.96,5.98,5.99,6.0,6.01,6.05,6.06,6.08,6.13,100,3700,1700,1700,1800,7300,4700,18200,28900,23900,15700,1600,1000,2000,600,400,3700,300,500,1000
155.0,5.95,93000,550873.0,5.94,5.93,5.92,5.91,5.9,5.89,5.88,5.87,5.86,5.85,5.95,5.96,5.98,5.99,6.0,6.01,6.05,6.06,6.08,6.13,100,3700,1700,1700,1800,7300,4700,18200,28900,23900,15300,1600,1000,2000,600,400,3700,300,500,1000
156.0,5.95,93000,550873.0,5.94,5.93,5.92,5.91,5.9,5.89,5.88,5.87,5.86,5.85,5.95,5.96,5.98,5.99,6.0,6.01,6.05,6.06,6.08,6.13,100,3700,1700,1700,1800,7300,4700,18200,28900,23900,15300,1600,1000,2000,600,400,3700,300,500,1000
157.0,5.95,93100,551468.0,5.94,5.93,5.92,5.91,5.9,5.89,5.88,5.87,5.86,5.85,5.95,5.96,5.98,5.99,6.0,6.01,6.05,6.06,6.08,6.13,2300,3700,1700,1700,1800,7300,4700,18200,28900,23900,15200,1600,1000,2000,600,400,3700,300,500,1000
158.0,5.95,93100,551468.0,5.94,5.93,5.92,5.91,5.9,5.89,5.88,5.87,5.86,5.85,5.95,5.96,5.98,5.99,6.0,6.01,6.05,6.06,6.08,6.13,2400,3700,1700,1700,1800,7300,4700,18200,28900,23900,15200,1600,1000,2000,600,400,3700,300,500,1000
159.0,5.94,93700,555032.0,5.94,5.93,5.92,5.91,5.9,5.89,5.88,5.87,5.86,5.85,5.95,5.96,5.98,5.99,6.0,6.01,6.05,6.06,6.08,6.13,1800,3700,1700,1700,1800,7300,4700,18200,28900,23900,15200,1600,1000,2000,600,400,3700,300,500,1000
160.0,5.95,93800,555627.0,5.94,5.93,5.92,5.91,5.9,5.89,5.88,5.87,5.86,5.85,5.95,5.96,5.98,5.99,6.0,6.01,6.05,6.06,6.08,6.13,1800,3700,1700,1700,1800,7300,4700,18200,28900,23900,15100,1600,1000,2000,600,400,3700,300,500,1000
161.0,5.95,93800,555627.0,5.94,5.93,5.92,5.91,5.9,5.89,5.88,5.87,5.86,5.85,5.95,5.96,5.98,5.99,6.0,6.01,6.05,6.06,6.08,6.13,1800,3700,1700,1700,1800,7300,4700,18200,28900,23900,15100,1600,1000,2000,600,400,3700,300,500,1000
162.0,5.95,93800,555627.0,5.94,5.93,5.92,5.91,5.9,5.89,5.88,5.87,5.86,5.85,5.95,5.96,5.98,5.99,6.0,6.01,6.05,6.06,6.08,6.13,1800,3700,1700,1700,1800,7300,4700,18200,28900,23900,15100,1600,1000,2000,600,400,3700,300,500,1000
163.0,5.94,93900,556221.0,5.94,5.93,5.92,5.91,5.9,5.89,5.88,5.87,5.86,5.85,5.95,5.96,5.98,5.99,6.0,6.01,6.05,6.06,6.08,6.13,1700,3700,1700,1700,1800,7300,4700,18200,28900,23900,15100,1600,1000,2000,600,400,3700,300,500,1000
164.0,5.94,94000,556815.0,5.94,5.93,5.92,5.91,5.9,5.89,5.88,5.87,5.86,5.85,5.95,5.96,5.98,5.99,6.0,6.01,6.05,6.06,6.08,6.13,1600,3700,1700,1700,1800,7300,4700,18200,28900,23900,15100,1600,1000,2000,600,400,3700,300,500,1000
165.0,5.94,94000,556815.0,5.94,5.93,5.92,5.91,5.9,5.89,5.88,5.87,5.86,5.85,5.95,5.96,5.98,5.99,6.0,6.01,6.05,6.06,6.08,6.13,1600,3700,1700,1700,1800,7300,4700,18200,28900,23900,15100,1600,1000,2000,600,400,3700,300,500,1000
166.0,5.94,94100,557409.0,5.94,5.93,5.92,5.91,5.9,5.89,5.88,5.87,5.86,5.85,5.95,5.96,5.98,5.99,6.0,6.01,6.05,6.06,6.08,6.13,1500,3700,1700,1700,1800,7300,4700,18200,28900,23900,15100,1600,1000,2000,600,400,3700,300,500,1000
167.0,5.94,94100,557409.0,5.94,5.93,5.92,5.91,5.9,5.89,5.88,5.87,5.86,5.85,5.95,5.96,5.98,5.99,6.0,6.01,6.05,6.06,6.08,6.13,1500,3700,1700,1700,1800,7300,4700,18200,28900,23900,15100,1600,1000,2000,600,400,3700,300,500,1000
168.0,5.94,94100,557409.0,5.94,5.93,5.92,5.91,5.9,5.89,5.88,5.87,5.86,5.85,5.95,5.96,5.98,5.99,6.0,6.01,6.05,6.06,6.08,6.13,1500,3700,1700,1700,1800,7300,4700,18200,28900,23900,15100,1600,1000,2000,600,400,3700,300,500,1000
169.0,5.94,94100,557409.0,5.94,5.93,5.92,5.91,5.9,5.89,5.88,5.87,5.86,5.85,5.95,5.96,5.98,5.99,6.0,6.01,6.05,6.06,6.08,6.13,1500,3700,1700,1700,1800,7300,4700,18200,28900,23900,15100,1600,1000,2000,600,400,3700,300,500,1000
170.0,5.94,94200,558003.0,5.94,5.93,5.92,5.91,5.9,5.89,5.88,5.87,5.86,5.85,5.95,5.96,5.98,5.99,6.0,6.01,6.05,6.06,6.08,6.13,1400,3700,1700,1700,1800,7300,4700,18200,28900,23900,15100,1600,1000,2000,600,400,3700,300,500,1000
171.0,5.94,94400,559191.0,5.94,5.93,5.92,5.91,5.9,5.89,5.88,5.87,5.86,5.85,5.95,5.96,5.98,5.99,6.0,6.01,6.05,6.06,6.08,6.13,1200,3700,1700,1700,1800,7300,4700,18200,28900,23900,25500,1600,1000,2000,600,400,3700,300,500,1000
172.0,5.95,104500,619285.0,5.94,5.93,5.92,5.91,5.9,5.89,5.88,5.87,5.86,5.85,5.95,5.96,5.98,5.99,6.0,6.01,6.05,6.06,6.08,6.13,1100,3700,1700,1700,1800,7300,4700,18200,28900,23900,15500,1600,1000,2000,600,400,3700,300,500,1000
173.0,5.95,120100,712104.0,5.95,5.94,5.93,5.92,5.91,5.9,5.89,5.88,5.87,5.86,5.96,5.98,5.99,6.0,6.01,6.05,6.06,6.08,6.13,6.14,4800,1000,3700,1700,1700,1800,7300,4700,18200,28900,1600,1000,2000,600,400,3700,300,500,1000,600
174.0,5.95,120600,715079.0,5.95,5.94,5.93,5.92,5.91,5.9,5.89,5.88,5.87,5.86,5.96,5.98,5.99,6.0,6.01,6.05,6.06,6.08,6.13,6.14,16800,1000,3700,1700,1700,1800,7300,4700,18200,28900,1600,1000,2000,600,400,3700,300,500,1000,600
175.0,5.95,120600,715079.0,5.95,5.94,5.93,5.92,5.91,5.9,5.89,5.88,5.87,5.86,5.96,5.98,5.99,6.0,6.01,6.05,6.06,6.08,6.13,6.14,21400,1000,3700,1700,1700,1800,7300,4700,18200,28900,1600,1000,2000,600,400,3700,300,500,1000,600
176.0,5.95,120600,715079.0,5.95,5.94,5.93,5.92,5.91,5.9,5.89,5.88,5.87,5.86,5.96,5.98,5.99,6.0,6.01,6.05,6.06,6.08,6.13,6.14,21400,100,3700,1700,1700,1800,7300,4700,18200,28900,1600,1000,2000,600,400,3700,300,500,1000,600
177.0,5.96,123800,734135.0,5.96,5.95,5.94,5.93,5.92,5.91,5.9,5.89,5.88,5.87,5.98,5.99,6.0,6.01,6.05,6.06,6.08,6.13,6.14,6.15,800,19800,100,3700,1700,1700,1800,7300,4700,18200,1000,2000,600,400,3700,300,500,1000,600,1400
178.0,5.96,123800,734135.0,5.96,5.95,5.93,5.92,5.91,5.9,5.89,5.88,5.87,5.86,5.98,5.99,6.0,6.01,6.05,6.06,6.08,6.13,6.14,6.15,1400,20400,3700,1700,1700,1800,7300,4700,18200,28900,1000,2000,600,400,3700,300,500,1000,600,1400
179.0,5.96,124400,737711.0,5.96,5.95,5.93,5.92,5.91,5.9,5.89,5.88,5.87,5.86,5.98,5.99,6.0,6.01,6.05,6.06,6.08,6.13,6.14,6.15,1100,20400,3700,1700,1700,1800,7300,4700,18200,28900,1300,2000,600,400,3700,300,500,1000,600,1400
180.0,5.96,124400,737711.0,5.96,5.95,5.93,5.92,5.91,5.9,5.89,5.88,5.87,5.86,5.98,5.99,6.0,6.01,6.05,6.06,6.08,6.13,6.14,6.15,1100,20400,3700,1700,1700,2100,7300,4700,18200,28900,1300,2000,600,400,3700,300,500,1000,600,1400
181.0,5.98,124700,739503.0,5.96,5.95,5.93,5.92,5.91,5.9,5.89,5.88,5.87,5.86,5.98,5.99,6.0,6.01,6.05,6.06,6.08,6.13,6.14,6.15,1300,20400,3700,1700,1700,2100,7300,4700,18200,28900,1400,2000,600,400,3700,300,500,1000,600,1400
182.0,5.96,125200,742483.0,5.96,5.95,5.93,5.92,5.91,5.9,5.89,5.88,5.87,5.86,5.97,5.98,5.99,6.0,6.01,6.05,6.06,6.08,6.13,6.14,800,20400,3700,1700,1700,2100,7300,4700,18200,28900,3600,1500,2000,600,400,3700,300,500,1000,600
183.0,5.96,125300,743079.0,5.96,5.95,5.93,5.92,5.91,5.9,5.89,5.88,5.87,5.86,5.97,5.98,5.99,6.0,6.01,6.05,6.06,6.08,6.13,6.14,700,20400,3700,1700,1700,2100,7300,4700,18200,28900,3600,1500,2000,600,400,3700,300,500,1000,600
184.0,5.96,126000,747251.0,5.95,5.93,5.92,5.91,5.9,5.89,5.88,5.87,5.86,5.85,5.96,5.97,5.98,5.99,6.0,6.01,6.05,6.06,6.08,6.13,20200,3200,1700,1700,2100,7300,4700,18200,28900,23900,10300,3600,1500,2000,600,400,3700,300,500,1000
185.0,5.96,126100,747847.0,5.95,5.93,5.92,5.91,5.9,5.89,5.88,5.87,5.86,5.85,5.96,5.97,5.98,5.99,6.0,6.01,6.05,6.06,6.08,6.13,20000,3200,1700,1700,2100,7300,4700,18200,28900,23900,10400,3600,1500,2000,600,400,3700,300,500,1000
186.0,5.95,127700,757367.0,5.95,5.93,5.92,5.91,5.9,5.89,5.88,5.87,5.86,5.85,5.96,5.97,5.98,5.99,6.0,6.01,6.05,6.06,6.08,6.13,18400,3200,1700,1700,2100,7300,4700,18200,28900,23900,10400,3600,1500,2000,600,400,3700,300,500,1000
187.0,5.96,128100,759751.0,5.95,5.93,5.92,5.91,5.9,5.89,5.88,5.87,5.86,5.85,5.96,5.97,5.98,5.99,6.0,6.01,6.05,6.06,6.08,6.13,18400,3000,1700,1700,2100,7300,4700,18200,28900,23900,10000,3600,1400,2000,600,400,3700,300,500,1000
188.0,5.95,129700,769271.0,5.95,5.93,5.92,5.91,5.9,5.89,5.88,5.87,5.86,5.85,5.96,5.97,5.98,5.99,6.0,6.01,6.05,6.06,6.08,6.13,16800,3000,1700,1700,2100,7300,4700,18200,28900,23900,10000,9100,1400,2000,600,400,3700,300,500,1000
189.0,5.95,129700,769271.0,5.95,5.93,5.92,5.91,5.9,5.89,5.88,5.87,5.86,5.85,5.96,5.97,5.98,5.99,6.0,6.01,6.05,6.06,6.08,6.13,16800,3000,1700,1700,2100,7300,4700,18200,28900,23900,10000,9100,1400,2000,600,400,3700,300,500,1000
190.0,5.95,129700,769271.0,5.95,5.93,5.92,5.91,5.9,5.89,5.88,5.87,5.86,5.85,5.96,5.97,5.98,5.99,6.0,6.01,6.05,6.06,6.08,6.13,16800,3000,1700,1700,2100,7300,4700,18200,28900,23900,10000,9100,1400,2000,600,400,3700,300,500,1000
191.0,5.95,129700,769271.0,5.95,5.93,5.92,5.91,5.9,5.89,5.88,5.87,5.86,5.85,5.96,5.97,5.98,5.99,6.0,6.01,6.05,6.06,6.08,6.13,16800,3000,1700,1700,2100,7300,4700,18200,28900,23900,10000,9100,1400,2000,600,400,3700,300,500,1000
192.0,5.95,131300,778791.0,5.95,5.93,5.92,5.91,5.9,5.89,5.88,5.87,5.86,5.85,5.96,5.97,5.98,5.99,6.0,6.01,6.05,6.06,6.08,6.13,15200,3000,1700,1700,2100,7300,4700,18200,28900,23900,10000,9100,1400,2000,600,400,3700,300,500,1000
193.0,5.95,131300,778791.0,5.95,5.93,5.92,5.91,5.9,5.89,5.88,5.87,5.86,5.85,5.96,5.97,5.98,5.99,6.0,6.01,6.05,6.06,6.08,6.13,15200,3000,1700,1700,2100,7300,4700,18200,28900,23900,10000,9100,1400,2000,600,400,3700,300,500,1000
194.0,5.95,132800,787716.0,5.95,5.93,5.92,5.91,5.9,5.89,5.88,5.87,5.86,5.85,5.96,5.97,5.98,5.99,6.0,6.01,6.05,6.06,6.08,6.13,13700,3000,1700,1700,2100,7300,4700,18200,28900,23900,10000,9100,1400,2000,600,400,3700,300,500,1000
195.0,5.95,137100,813301.0,5.95,5.93,5.92,5.91,5.9,5.89,5.88,5.87,5.86,5.85,5.96,5.97,5.98,5.99,6.0,6.01,6.05,6.06,6.08,6.13,9400,3000,1700,1700,2100,7300,4700,18200,28900,23900,10000,9100,1400,2000,600,400,3700,300,500,1000
196.0,5.95,137100,813301.0,5.95,5.93,5.92,5.91,5.9,5.89,5.88,5.87,5.86,5.85,5.96,5.97,5.98,5.99,6.0,6.01,6.05,6.06,6.08,6.13,9400,3000,1700,1700,2100,7300,4700,18200,28900,23900,10000,9100,1400,2000,600,400,3700,300,500,1000
197.0,5.95,137100,813301.0,5.95,5.93,5.92,5.91,5.9,5.89,5.88,5.87,5.86,5.85,5.96,5.97,5.98,5.99,6.0,6.01,6.05,6.06,6.08,6.13,9400,3000,1700,1700,2100,7300,4700,18200,28900,23900,10000,9100,1400,2000,600,400,3700,300,500,1000
198.0,5.95,137100,813301.0,5.95,5.93,5.92,5.91,5.9,5.89,5.88,5.87,5.86,5.85,5.96,5.97,5.98,5.99,6.0,6.01,6.05,6.06,6.08,6.13,9400,3000,1700,1700,2100,7300,4700,18200,28900,23900,10000,9100,1400,2000,600,400,3700,300,500,1000
199.0,5.95,138000,818656.0,5.95,5.93,5.92,5.91,5.9,5.89,5.88,5.87,5.86,5.85,5.96,5.97,5.98,5.99,6.0,6.01,6.05,6.06,6.08,6.13,8500,3000,1700,1700,2100,7300,4700,18200,28900,23900,10000,9100,1400,2000,600,400,3700,300,500,1000
200.0,5.95,138000,818656.0,5.95,5.93,5.92,5.91,5.9,5.89,5.88,5.87,5.86,5.85,5.96,5.97,5.98,5.99,6.0,6.01,6.05,6.06,6.08,6.13,8500,3000,1700,1700,2100,7300,4700,18200,28900,23900,10000,9100,1400,2000,600,400,3700,300,500,1000
201.0,5.95,138800,823416.0,5.95,5.93,5.92,5.91,5.9,5.89,5.88,5.87,5.86,5.85,5.96,5.97,5.98,5.99,6.0,6.01,6.05,6.06,6.08,6.13,7700,3000,1700,1700,2100,7300,4700,18200,28900,23900,10000,9100,1400,2000,600,400,3700,300,500,1000
202.0,5.95,138800,823416.0,5.95,5.93,5.92,5.91,5.9,5.89,5.88,5.87,5.86,5.85,5.96,5.97,5.98,5.99,6.0,6.01,6.05,6.06,6.08,6.13,7700,3000,1700,1700,2100,7300,4700,18200,28900,23900,10000,9100,1400,2000,600,400,3700,300,500,1000
203.0,5.96,139600,828177.0,5.95,5.93,5.92,5.91,5.9,5.89,5.88,5.87,5.86,5.85,5.96,5.97,5.98,5.99,6.0,6.01,6.05,6.06,6.08,6.13,7000,3000,1700,1700,2100,7300,4700,18200,28900,23900,9900,9100,1400,2000,600,400,3700,300,500,1000
204.0,5.96,139600,828177.0,5.95,5.93,5.92,5.91,5.9,5.89,5.88,5.87,5.86,5.85,5.96,5.97,5.98,5.99,6.0,6.01,6.05,6.06,6.08,6.13,7000,3000,1700,1700,2100,7300,4700,18200,28900,23900,9900,9100,1400,2000,600,400,3700,300,500,1000
205.0,5.96,139600,828177.0,5.95,5.93,5.92,5.91,5.9,5.89,5.88,5.87,5.86,5.85,5.96,5.97,5.98,5.99,6.0,6.01,6.05,6.06,6.08,6.13,7000,3000,1700,1700,2100,7300,4700,18200,28900,23900,9900,9100,1400,2000,600,400,3700,300,500,1000
206.0,5.95,141700,840672.0,5.95,5.93,5.92,5.91,5.9,5.89,5.88,5.87,5.86,5.85,5.96,5.97,5.98,5.99,6.0,6.01,6.05,6.06,6.08,6.13,4900,3000,1700,1700,2100,7300,4700,18200,28900,23900,9900,9100,1400,2000,600,400,3700,300,500,1000
207.0,5.95,141800,841267.0,5.95,5.93,5.92,5.91,5.9,5.89,5.88,5.87,5.86,5.85,5.96,5.97,5.98,5.99,6.0,6.01,6.05,6.06,6.08,6.13,4800,3000,1700,1700,2100,7300,4700,18200,28900,23900,9900,9100,1400,2000,600,400,3700,300,500,1000
208.0,5.95,141800,841267.0,5.95,5.93,5.92,5.91,5.9,5.89,5.88,5.87,5.86,5.85,5.96,5.97,5.98,5.99,6.0,6.01,6.05,6.06,6.08,6.13,4800,3000,1700,1700,2100,7300,4700,18200,28900,23900,9900,9100,1400,2000,600,400,3700,300,500,1000
209.0,5.95,142200,843647.0,5.95,5.93,5.92,5.91,5.9,5.89,5.88,5.87,5.86,5.85,5.96,5.97,5.98,5.99,6.0,6.01,6.05,6.06,6.08,6.13,4600,3000,1700,1700,2100,7300,4700,18200,28900,23900,9900,3600,1400,2000,600,400,3700,300,500,1000
210.0,5.95,142600,846027.0,5.95,5.93,5.92,5.91,5.9,5.89,5.88,5.87,5.86,5.85,5.96,5.97,5.98,5.99,6.0,6.01,6.05,6.06,6.08,6.13,4200,3000,1700,1700,2100,7300,4700,18200,28900,23900,9900,3600,1400,2000,600,400,3700,300,500,1000
211.0,5.95,142600,846027.0,5.95,5.93,5.92,5.91,5.9,5.89,5.88,5.87,5.86,5.85,5.96,5.97,5.98,5.99,6.0,6.01,6.05,6.06,6.08,6.13,4200,3000,1700,1700,2100,7300,4700,18200,28900,23900,9900,3600,1400,2000,600,400,3700,300,500,1000
212.0,5.95,142600,846027.0,5.95,5.93,5.92,5.91,5.9,5.89,5.88,5.87,5.86,5.85,5.96,5.97,5.98,5.99,6.0,6.01,6.05,6.06,6.08,6.13,4200,3000,1700,1700,2100,7300,4700,18200,28900,23900,9900,3600,1400,2000,600,400,3700,300,500,1000
213.0,5.96,146100,866883.0,5.95,5.93,5.92,5.91,5.9,5.89,5.88,5.87,5.86,5.85,5.96,5.97,5.98,5.99,6.0,6.01,6.05,6.06,6.08,6.13,3800,3000,1700,1700,2100,7300,4700,18200,28900,23900,6800,3600,1400,2000,600,400,3700,300,500,1000
214.0,5.96,146100,866883.0,5.95,5.93,5.92,5.91,5.9,5.89,5.88,5.87,5.86,5.85,5.96,5.97,5.98,5.99,6.0,6.01,6.05,6.06,6.08,6.13,3800,3000,1700,1700,2100,7300,4700,18200,28900,23900,6800,3600,1400,2000,600,400,3700,300,500,1000
215.0,5.96,152900,907411.0,5.95,5.93,5.92,5.91,5.9,5.89,5.88,5.87,5.86,5.85,5.97,5.98,5.99,6.0,6.01,6.05,6.06,6.08,6.13,6.14,3800,3000,1700,1700,2100,7300,4700,18200,28900,23900,3600,1400,2000,600,400,8700,300,500,1000,600
216.0,5.95,153800,912778.0,5.96,5.95,5.93,5.92,5.91,5.9,5.89,5.88,5.87,5.86,5.97,5.98,5.99,6.0,6.01,6.05,6.06,6.08,6.13,6.14,1700,4500,3000,1700,1600,2100,7300,4700,18200,28900,5400,1400,2000,600,400,8700,300,500,1000,600
217.0,5.96,155500,922910.0,5.95,5.93,5.92,5.91,5.9,5.89,5.88,5.87,5.86,5.85,5.97,5.98,5.99,6.0,6.01,6.05,6.06,6.08,6.13,6.14,4500,3000,1700,1600,2100,7300,4700,18200,28900,23900,5400,1400,2000,600,400,8700,300,500,1000,600
218.0,5.97,156800,930653.0,5.95,5.93,5.92,5.91,5.9,5.89,5.88,5.87,5.86,5.85,5.97,5.98,5.99,6.0,6.01,6.05,6.06,6.08,6.13,6.14,3900,700,1700,1600,2100,7300,4700,18200,28900,23900,5300,1400,2000,600,400,8700,300,500,1000,600
219.0,5.97,156800,930653.0,5.95,5.93,5.92,5.91,5.9,5.89,5.88,5.87,5.86,5.85,5.97,5.98,5.99,6.0,6.01,6.05,6.06,6.08,6.13,6.14,3900,700,1700,1600,2100,7300,4700,18200,28900,23900,5300,1400,2000,600,400,8700,300,500,1000,600
220.0,5.97,156800,930653.0,5.95,5.93,5.92,5.91,5.9,5.89,5.88,5.87,5.86,5.85,5.97,5.98,5.99,6.0,6.01,6.05,6.06,6.08,6.13,6.14,3900,700,1700,1600,2100,7300,4700,18200,28900,23900,5300,1400,2000,600,400,8700,300,500,1000,600
221.0,5.95,157100,932438.0,5.95,5.93,5.92,5.91,5.9,5.89,5.88,5.87,5.86,5.85,5.97,5.98,5.99,6.0,6.01,6.05,6.06,6.08,6.13,6.14,3600,700,1700,1600,2100,7300,4700,18200,28900,23900,5300,1400,2000,600,400,8700,300,500,1000,600
222.0,5.95,157100,932438.0,5.95,5.93,5.92,5.91,5.9,5.89,5.88,5.87,5.86,5.85,5.97,5.98,5.99,6.0,6.01,6.05,6.06,6.08,6.13,6.14,3900,700,1700,1600,2100,7300,4700,18200,28900,23900,5600,1400,2000,600,400,8700,300,500,1000,600
223.0,5.95,157100,932438.0,5.95,5.93,5.92,5.91,5.9,5.89,5.88,5.87,5.86,5.85,5.97,5.98,5.99,6.0,6.01,6.05,6.06,6.08,6.13,6.14,3900,700,1700,1600,2100,7300,4700,18200,28900,23900,5600,1400,2000,600,400,8700,300,500,1000,600
224.0,5.95,157700,936008.0,5.95,5.93,5.92,5.91,5.9,5.89,5.88,5.87,5.86,5.85,5.97,5.98,5.99,6.0,6.01,6.05,6.06,6.08,6.13,6.14,3300,700,1700,1600,2100,7300,4700,18200,28900,23900,5600,1400,2000,600,400,8700,300,500,1000,600
225.0,5.97,157800,936605.0,5.95,5.93,5.92,5.91,5.9,5.89,5.88,5.87,5.86,5.85,5.96,5.97,5.98,5.99,6.0,6.01,6.05,6.06,6.08,6.13,3600,700,1700,1600,2100,7300,4700,18200,28900,23900,1000,5800,1400,2000,600,400,8700,300,500,1000
226.0,5.97,157800,936605.0,5.95,5.93,5.92,5.91,5.9,5.89,5.88,5.87,5.86,5.85,5.96,5.97,5.98,5.99,6.0,6.01,6.05,6.06,6.08,6.13,3600,700,1700,1600,2100,7300,4700,18200,28900,23900,1000,5800,1400,2000,600,400,8700,300,500,1000
227.0,5.97,157800,936605.0,5.95,5.93,5.92,5.91,5.9,5.89,5.88,5.87,5.86,5.85,5.96,5.97,5.98,5.99,6.0,6.01,6.05,6.06,6.08,6.13,3600,700,1700,1600,2100,7300,4700,18200,28900,23900,1000,5800,1400,2000,600,400,8700,300,500,1000
228.0,5.96,158800,942562.0,5.95,5.93,5.92,5.91,5.9,5.89,5.88,5.87,5.86,5.85,5.96,5.97,5.98,5.99,6.0,6.01,6.05,6.06,6.08,6.13,3300,700,1700,1600,2100,7300,4700,18200,28900,23900,300,5800,1400,2000,600,400,8700,300,500,1000
229.0,5.96,158800,942562.0,5.95,5.93,5.92,5.91,5.9,5.89,5.88,5.87,5.86,5.85,5.96,5.97,5.98,5.99,6.0,6.01,6.05,6.06,6.08,6.13,3300,700,1700,1600,2100,7300,4700,18200,28900,23900,300,5800,1400,2000,600,400,8700,300,500,1000
230.0,5.95,159400,946132.0,5.95,5.93,5.92,5.91,5.9,5.89,5.88,5.87,5.86,5.85,5.96,5.97,5.98,5.99,6.0,6.01,6.05,6.06,6.08,6.13,2700,700,1700,1600,2100,7300,4700,18200,28900,23900,300,5800,1400,2000,600,400,11800,300,500,1000
231.0,5.95,159800,948512.0,5.95,5.93,5.92,5.91,5.9,5.89,5.88,5.87,5.86,5.85,5.96,5.97,5.98,5.99,6.0,6.01,6.05,6.06,6.08,6.1,2300,700,1700,1600,2100,7300,4700,18200,28900,23900,300,5800,1400,2000,600,400,11800,300,500,200
232.0,5.95,159800,948512.0,5.95,5.93,5.92,5.91,5.9,5.89,5.88,5.87,5.86,5.85,5.96,5.97,5.98,5.99,6.0,6.01,6.05,6.06,6.08,6.1,2300,700,1700,1600,2100,7300,4700,18200,28900,23900,2300,5800,1400,2000,600,400,11800,300,500,200
233.0,5.95,159800,948512.0,5.95,5.93,5.92,5.91,5.9,5.89,5.88,5.87,5.86,5.85,5.96,5.97,5.98,5.99,6.0,6.01,6.05,6.06,6.08,6.1,2300,700,1700,1600,2100,7300,4700,18200,28900,23900,2300,5800,1400,2000,600,400,11800,300,500,200
234.0,5.95,160200,950892.0,5.95,5.93,5.92,5.91,5.9,5.89,5.88,5.87,5.86,5.85,5.96,5.97,5.98,5.99,6.0,6.01,6.05,6.06,6.08,6.1,1900,700,1700,1600,2100,7300,4700,18200,28900,23900,2300,5800,1400,2000,600,400,11800,300,500,200
235.0,5.95,160300,951487.0,5.95,5.93,5.92,5.91,5.9,5.89,5.88,5.87,5.86,5.85,5.96,5.97,5.98,5.99,6.0,6.01,6.05,6.06,6.08,6.1,1700,700,1700,1600,2100,7300,4700,18200,28900,23900,12300,5800,1400,2000,600,400,11800,300,500,200
236.0,5.95,160300,951487.0,5.95,5.93,5.92,5.91,5.9,5.89,5.88,5.87,5.86,5.85,5.96,5.97,5.98,5.99,6.0,6.01,6.05,6.06,6.08,6.1,1700,2400,1700,1600,2100,7300,4700,18200,28900,23900,12300,5800,1400,2000,600,400,11800,300,500,200
237.0,5.95,160300,951487.0,5.95,5.93,5.92,5.91,5.9,5.89,5.88,5.87,5.86,5.85,5.96,5.97,5.98,5.99,6.0,6.01,6.05,6.06,6.08,6.1,1700,2400,1700,1600,2100,7300,4700,18200,28900,23900,12300,5800,1400,2000,600,400,11800,300,500,200
238.0,5.96,161300,957446.0,5.95,5.93,5.92,5.91,5.9,5.89,5.88,5.87,5.86,5.85,5.96,5.97,5.98,5.99,6.0,6.01,6.05,6.06,6.08,6.1,1600,2400,1700,1600,1800,7300,4900,18200,28900,23900,11400,5800,1400,2000,600,400,11800,300,500,200
239.0,5.95,161400,958041.0,5.95,5.93,5.92,5.91,5.9,5.89,5.88,5.87,5.86,5.85,5.96,5.97,5.98,5.99,6.0,6.01,6.05,6.06,6.08,6.1,1500,2400,1700,1600,1800,7300,4900,18200,28900,23900,12400,5800,1400,2000,600,400,11800,300,500,200
240.0,5.95,161400,958041.0,5.95,5.93,5.92,5.91,5.9,5.89,5.88,5.87,5.86,5.85,5.96,5.97,5.98,5.99,6.0,6.01,6.05,6.06,6.08,6.1,1500,2400,1700,1600,1800,7300,4900,18200,28900,23900,12400,5800,1400,2000,600,400,11800,300,500,200
241.0,5.95,161400,958041.0,5.95,5.93,5.92,5.91,5.9,5.89,5.88,5.87,5.86,5.85,5.96,5.97,5.98,5.99,6.0,6.01,6.05,6.06,6.08,6.1,1500,2400,1700,1600,1800,7300,4900,18200,28900,23900,12400,5800,1400,2000,600,400,11800,300,500,200
242.0,5.95,162100,962206.0,5.95,5.93,5.92,5.91,5.9,5.89,5.88,5.87,5.86,5.85,5.96,5.97,5.98,5.99,6.0,6.01,6.05,6.06,6.08,6.1,800,2400,1700,1600,1800,7300,4900,18200,28900,23900,22800,3300,1400,2000,600,400,11800,300,500,200
243.0,5.95,162500,964586.0,5.95,5.93,5.92,5.91,5.9,5.89,5.88,5.87,5.86,5.85,5.96,5.97,5.98,5.99,6.0,6.01,6.05,6.06,6.08,6.1,400,2400,1700,1600,1800,7300,4900,18200,28900,23900,22800,900,1400,2000,600,400,11800,300,500,200
244.0,5.95,162900,966966.0,5.94,5.93,5.92,5.91,5.9,5.89,5.88,5.87,5.86,5.85,5.96,5.97,5.98,5.99,6.0,6.01,6.02,6.05,6.06,6.08,100,2400,1700,1600,1800,7300,4900,18200,28900,23900,22800,900,1400,2000,600,400,4000,11800,300,500
245.0,5.95,162900,966966.0,5.94,5.93,5.92,5.91,5.9,5.89,5.88,5.87,5.86,5.85,5.96,5.97,5.98,5.99,6.0,6.01,6.02,6.05,6.06,6.08,100,2400,1700,1600,1800,7300,4900,18200,28900,23900,22800,900,1400,2000,600,400,4000,11800,300,500
246.0,5.95,162900,966966.0,5.94,5.93,5.92,5.91,5.9,5.89,5.88,5.87,5.86,5.85,5.95,5.96,5.97,5.98,5.99,6.0,6.01,6.02,6.05,6.06,100,2400,1700,1600,1800,7300,4900,18200,28900,23900,5800,22800,900,1400,2000,600,400,4000,11800,300
247.0,5.95,162900,966966.0,5.94,5.93,5.92,5.91,5.9,5.89,5.88,5.87,5.86,5.85,5.95,5.96,5.97,5.98,5.99,6.0,6.01,6.02,6.05,6.06,100,2400,1700,1600,1800,7300,4900,18200,28900,23900,5800,22800,900,1400,2000,600,400,4000,11800,300
248.0,5.95,163200,968751.0,5.94,5.93,5.92,5.91,5.9,5.89,5.88,5.87,5.86,5.85,5.95,5.96,5.97,5.98,5.99,6.0,6.01,6.02,6.05,6.06,100,2400,1700,1600,1800,7300,4900,18200,28900,23900,10700,22800,900,1400,2000,600,400,4000,11800,300
249.0,5.95,172200,1022301.0,5.94,5.93,5.92,5.91,5.9,5.89,5.88,5.87,5.86,5.85,5.95,5.96,5.97,5.98,5.99,6.0,6.01,6.02,6.05,6.06,100,2400,1700,1600,1800,7300,4900,18200,28900,23900,4700,22800,900,1400,2000,600,400,4000,11800,300
250.0,5.95,172200,1022301.0,5.94,5.93,5.92,5.91,5.9,5.89,5.88,5.87,5.86,5.85,5.95,5.96,5.97,5.98,5.99,6.0,6.01,6.02,6.05,6.06,100,2400,1700,1600,1800,7300,4900,18200,28900,23900,4700,22800,900,1400,2000,600,400,4000,11800,300
251.0,5.95,172200,1022301.0,5.94,5.93,5.92,5.91,5.9,5.89,5.88,5.87,5.86,5.85,5.95,5.96,5.97,5.98,5.99,6.0,6.01,6.02,6.05,6.06,100,2400,1700,1600,1800,7300,4900,18200,28900,23900,24700,22800,900,1400,2000,600,400,4000,11800,300
252.0,5.95,172200,1022301.0,5.93,5.92,5.91,5.9,5.89,5.88,5.87,5.86,5.85,5.84,5.95,5.96,5.97,5.98,5.99,6.0,6.01,6.02,6.05,6.06,2600,1700,1600,1800,7300,4900,18200,28900,23900,14300,24700,22800,900,1400,2000,600,400,4000,11800,300
253.0,5.93,172900,1026452.0,5.93,5.92,5.91,5.9,5.89,5.88,5.87,5.86,5.85,5.84,5.95,5.96,5.97,5.98,5.99,6.0,6.01,6.02,6.05,6.06,1900,1700,1600,1800,7300,4900,18200,28900,23900,14300,38000,22800,900,1400,2000,3600,400,4000,11800,300
254.0,5.93,173000,1027045.0,5.93,5.92,5.91,5.9,5.89,5.88,5.87,5.86,5.85,5.84,5.95,5.96,5.97,5.98,5.99,6.0,6.01,6.02,6.05,6.06,2100,1700,1600,1800,7300,4900,18200,28900,23900,14300,38300,22800,900,1400,2000,3600,400,4000,11800,300
255.0,5.93,173000,1027045.0,5.93,5.92,5.91,5.9,5.89,5.88,5.87,5.86,5.85,5.84,5.95,5.96,5.97,5.98,5.99,6.0,6.01,6.02,6.05,6.06,2200,1700,1600,1800,7300,4900,18200,28900,23900,14300,38300,44200,900,1400,2000,3600,400,4000,11800,300
256.0,5.93,173200,1028231.0,5.93,5.92,5.91,5.9,5.89,5.88,5.87,5.86,5.85,5.84,5.95,5.96,5.97,5.98,5.99,6.0,6.01,6.02,6.05,6.06,2000,1700,1600,1800,7300,4900,18200,28900,23900,14300,38300,44200,900,1400,2000,3600,400,4000,11800,300
257.0,5.93,173200,1028231.0,5.93,5.92,5.91,5.9,5.89,5.88,5.87,5.86,5.85,5.84,5.95,5.96,5.97,5.98,5.99,6.0,6.01,6.02,6.05,6.06,2000,1700,1600,1800,7300,4900,18200,28900,23900,14300,38300,44200,900,1400,2000,3600,400,4000,11800,300
258.0,5.93,173200,1028231.0,5.93,5.92,5.91,5.9,5.89,5.88,5.87,5.86,5.85,5.84,5.95,5.96,5.97,5.98,5.99,6.0,6.01,6.02,6.05,6.06,2200,1700,1600,1800,7300,4900,18200,28900,23900,14300,38500,44200,900,1400,2000,3600,400,4000,11800,300
259.0,5.93,173200,1028231.0,5.93,5.92,5.91,5.9,5.89,5.88,5.87,5.86,5.85,5.84,5.95,5.96,5.97,5.98,5.99,6.0,6.01,6.02,6.05,6.06,2200,1700,1600,1800,7300,4900,18200,28900,23900,14300,38500,44200,900,1400,2000,3600,400,4000,11800,300
260.0,5.93,173400,1029417.0,5.93,5.92,5.91,5.9,5.89,5.88,5.87,5.86,5.85,5.84,5.95,5.96,5.97,5.98,5.99,6.0,6.01,6.02,6.05,6.06,2000,1700,1600,1800,7300,4900,18200,28900,23900,14300,38500,44200,900,1400,2000,3600,400,4000,11800,300
261.0,5.93,173400,1029417.0,5.94,5.93,5.92,5.91,5.9,5.89,5.88,5.87,5.86,5.85,5.95,5.96,5.97,5.98,5.99,6.0,6.01,6.02,6.05,6.06,3500,2000,1700,1600,1800,7300,4900,18200,28900,23900,38500,44200,900,1400,2000,3600,400,4000,11800,300
262.0,5.94,173700,1031199.0,5.94,5.93,5.92,5.91,5.9,5.89,5.88,5.87,5.86,5.85,5.95,5.96,5.97,5.98,5.99,6.0,6.01,6.02,6.05,6.06,3400,2000,1700,1600,1800,7300,4900,18200,28900,23900,38500,44200,900,1400,3500,3600,400,4000,11800,300
263.0,5.94,174000,1032981.0,5.94,5.93,5.92,5.91,5.9,5.89,5.88,5.87,5.86,5.85,5.95,5.96,5.97,5.98,5.99,6.0,6.01,6.02,6.05,6.06,3100,2000,1700,1600,1800,7300,4900,18200,28900,23900,38500,44200,900,1400,3500,3600,400,4000,11800,300
264.0,5.94,174000,1032981.0,5.94,5.93,5.92,5.91,5.9,5.89,5.88,5.87,5.86,5.85,5.95,5.96,5.97,5.98,5.99,6.0,6.01,6.02,6.05,6.06,3100,2000,1700,1600,1800,7300,4900,18200,28900,23900,38500,44200,900,1400,3500,3600,400,4000,11800,300
265.0,5.94,174600,1036545.0,5.94,5.93,5.92,5.91,5.9,5.89,5.88,5.87,5.86,5.85,5.95,5.96,5.97,5.98,5.99,6.0,6.01,6.02,6.05,6.06,2500,7500,1700,1600,1800,7300,4900,18200,28900,23900,38500,44200,900,1400,3500,3600,400,4000,11800,300
266.0,5.95,175000,1038925.0,5.94,5.93,5.92,5.91,5.9,5.89,5.88,5.87,5.86,5.85,5.95,5.96,5.97,5.98,5.99,6.0,6.01,6.02,6.05,6.06,2500,7500,1700,1600,1800,7300,4900,18200,28900,23900,38100,44200,900,1400,3500,3600,400,4000,11800,300
267.0,5.94,175200,1040113.0,5.94,5.93,5.92,5.91,5.9,5.89,5.88,5.87,5.86,5.85,5.95,5.96,5.97,5.98,5.99,6.0,6.01,6.02,6.05,6.06,2300,7500,1700,1600,1800,7300,4900,18200,28900,23900,38100,44200,900,1400,3500,3600,400,4000,11800,300
268.0,5.95,175300,1040708.0,5.94,5.93,5.92,5.91,5.9,5.89,5.88,5.87,5.86,5.85,5.95,5.96,5.97,5.98,5.99,6.0,6.01,6.02,6.05,6.06,2300,7500,1700,1600,1800,7300,4900,18200,28900,23900,38000,44200,900,1400,3500,3600,400,4000,11800,300
269.0,5.95,175800,1043681.0,5.94,5.93,5.92,5.91,5.9,5.89,5.88,5.87,5.86,5.85,5.95,5.96,5.97,5.98,5.99,6.0,6.01,6.02,6.05,6.06,2100,7500,1700,1600,1800,7300,4900,18200,28900,23900,37700,44200,900,1400,3500,3600,400,4000,11800,300
270.0,5.94,176000,1044869.0,5.94,5.93,5.92,5.91,5.9,5.89,5.88,5.87,5.86,5.85,5.95,5.96,5.97,5.98,5.99,6.0,6.01,6.02,6.05,6.06,1900,7500,1700,1600,1800,7300,4900,18200,28900,23900,37700,44200,900,1400,3500,3600,400,4000,11800,300
271.0,5.94,176000,1044869.0,5.94,5.93,5.92,5.91,5.9,5.89,5.88,5.87,5.86,5.85,5.95,5.96,5.97,5.98,5.99,6.0,6.01,6.02,6.05,6.06,1900,7500,1700,1600,1800,7300,4900,18200,28900,23900,37700,44200,900,1400,3500,3600,400,4000,11800,300
272.0,5.94,176000,1044869.0,5.94,5.93,5.92,5.91,5.9,5.89,5.88,5.87,5.86,5.85,5.95,5.96,5.97,5.98,5.99,6.0,6.01,6.02,6.05,6.06,1900,7500,1700,1600,1800,7300,4900,18200,28900,23900,37700,44200,900,1400,3500,3600,400,4000,11800,300
273.0,5.94,176000,1044869.0,5.94,5.93,5.92,5.91,5.9,5.89,5.88,5.87,5.86,5.85,5.95,5.96,5.97,5.98,5.99,6.0,6.01,6.02,6.05,6.06,1900,7500,1700,1600,1800,7300,2500,18200,28900,23900,37700,44200,900,1400,3500,3600,400,4000,11800,300
274.0,5.94,176900,1050215.0,5.94,5.93,5.92,5.91,5.9,5.89,5.88,5.87,5.86,5.85,5.95,5.96,5.97,5.98,5.99,6.0,6.01,6.02,6.05,6.06,1000,7500,1700,1600,1800,7300,2500,18200,28900,23900,37700,44200,900,1400,3500,3600,400,4000,11800,300
275.0,5.94,176900,1050215.0,5.94,5.93,5.92,5.91,5.9,5.89,5.88,5.87,5.86,5.85,5.95,5.96,5.97,5.98,5.99,6.0,6.01,6.02,6.05,6.06,1000,7500,1700,1600,1800,7300,2500,18200,28900,23900,51500,44200,900,1400,3500,3600,400,4000,11800,300
276.0,5.94,177000,1050809.0,5.94,5.93,5.92,5.91,5.9,5.89,5.88,5.87,5.86,5.85,5.95,5.96,5.97,5.98,5.99,6.0,6.01,6.02,6.05,6.06,900,7500,1700,1600,1800,5200,2500,18200,28900,23900,51500,44200,900,1400,3500,3900,400,4000,11800,300
277.0,5.94,177100,1051403.0,5.94,5.93,5.92,5.91,5.9,5.89,5.88,5.87,5.86,5.85,5.95,5.96,5.97,5.98,5.99,6.0,6.01,6.02,6.05,6.06,800,7500,1700,1600,1800,5200,2500,18200,28900,23900,51500,44200,900,1400,3500,3900,400,4000,11800,300
278.0,5.95,177300,1052593.0,5.94,5.93,5.92,5.91,5.9,5.89,5.88,5.87,5.86,5.85,5.95,5.96,5.97,5.98,5.99,6.0,6.01,6.02,6.05,6.06,800,7500,1700,1600,1800,5200,2500,18200,28900,23900,51300,44200,900,1400,3500,3900,400,4000,11800,300
279.0,5.95,177300,1052593.0,5.94,5.93,5.92,5.91,5.9,5.89,5.88,5.87,5.86,5.85,5.95,5.96,5.97,5.98,5.99,6.0,6.01,6.02,6.05,6.06,800,7500,1700,1600,1800,5200,2500,18200,28900,23900,51300,44200,900,1400,3500,3900,400,4000,11800,300
280.0,5.95,177300,1052593.0,5.94,5.93,5.92,5.91,5.9,5.89,5.88,5.87,5.86,5.85,5.95,5.96,5.97,5.98,5.99,6.0,6.01,6.02,6.05,6.06,800,7500,1700,1600,1800,5200,2500,18200,28900,23900,51300,44200,900,1400,3500,3900,400,4000,11800,300
281.0,5.95,177300,1052593.0,5.94,5.93,5.92,5.91,5.9,5.89,5.88,5.87,5.86,5.85,5.95,5.96,5.97,5.98,5.99,6.0,6.01,6.02,6.05,6.06,800,7500,1700,1600,1800,5200,2500,18200,28900,23900,51300,44200,900,1400,3500,3900,400,4000,11800,300
282.0,5.95,177300,1052593.0,5.94,5.93,5.92,5.91,5.9,5.89,5.88,5.87,5.86,5.85,5.95,5.96,5.97,5.98,5.99,6.0,6.01,6.02,6.05,6.06,800,7500,1700,1600,1800,5200,2500,18200,28900,23900,51300,44200,900,1400,3500,3900,400,4000,11800,300
283.0,5.95,177300,1052593.0,5.94,5.93,5.92,5.91,5.9,5.89,5.88,5.87,5.86,5.85,5.95,5.96,5.97,5.98,5.99,6.0,6.01,6.02,6.05,6.06,800,7500,1700,1600,1800,5200,2500,18200,28900,23900,56300,44200,900,1400,3500,3900,400,4000,11800,300
284.0,5.95,177300,1052593.0,5.94,5.93,5.92,5.91,5.9,5.89,5.88,5.87,5.86,5.85,5.95,5.96,5.97,5.98,5.99,6.0,6.01,6.02,6.05,6.06,800,7500,1700,1600,1800,5200,2500,18200,28900,23900,56300,44200,900,1400,3500,3900,400,4000,11800,300
285.0,5.95,177300,1052593.0,5.94,5.93,5.92,5.91,5.9,5.89,5.88,5.87,5.86,5.85,5.95,5.96,5.97,5.98,5.99,6.0,6.01,6.02,6.05,6.06,800,7500,1700,1600,1800,5200,2500,18200,28900,23900,56300,44200,900,1400,3500,3900,400,4000,11800,300
286.0,5.95,177300,1052593.0,5.94,5.93,5.92,5.91,5.9,5.89,5.88,5.87,5.86,5.85,5.95,5.96,5.97,5.98,5.99,6.0,6.01,6.02,6.05,6.06,800,7500,1700,1600,1800,5200,2500,18200,28900,23900,56300,44200,900,1400,3500,3900,400,4000,11800,300
287.0,5.94,177400,1053187.0,5.94,5.93,5.92,5.91,5.9,5.89,5.88,5.87,5.86,5.85,5.95,5.96,5.97,5.98,5.99,6.0,6.01,6.02,6.05,6.06,700,7500,1700,1600,1800,5200,2500,18200,28900,23900,56300,44200,900,1400,3500,3900,1400,4000,11800,300
288.0,5.94,177600,1054375.0,5.94,5.93,5.92,5.91,5.9,5.89,5.88,5.87,5.86,5.85,5.95,5.96,5.97,5.98,5.99,6.0,6.01,6.02,6.05,6.06,500,7500,1700,1600,1800,5200,2500,18200,28900,23900,56300,44200,900,1400,3500,3900,1400,4000,11800,300
289.0,5.94,177700,1054969.0,5.94,5.93,5.92,5.91,5.9,5.89,5.88,5.87,5.86,5.85,5.95,5.96,5.97,5.98,5.99,6.0,6.01,6.02,6.05,6.06,400,7500,1700,1600,1800,5200,1800,18200,28900,23900,56300,44200,900,1400,3500,3900,1400,4000,11800,300
290.0,5.94,177700,1054969.0,5.94,5.93,5.92,5.91,5.9,5.89,5.88,5.87,5.86,5.85,5.95,5.96,5.97,5.98,5.99,6.0,6.01,6.02,6.05,6.06,400,7500,1700,1600,1800,5200,1800,18200,28900,23900,56300,44200,900,1400,3500,3900,1400,4000,11800,300
291.0,5.94,177700,1054969.0,5.94,5.93,5.92,5.91,5.9,5.89,5.88,5.87,5.86,5.85,5.95,5.96,5.97,5.98,5.99,6.0,6.01,6.02,6.05,6.06,400,7500,1700,1600,1800,5200,1800,18200,28900,23900,56300,44200,900,1400,3500,3900,1400,4000,11800,300
292.0,5.94,178100,1057345.0,5.93,5.92,5.91,5.9,5.89,5.88,5.87,5.86,5.85,5.84,5.95,5.96,5.97,5.98,5.99,6.0,6.01,6.02,6.05,6.06,7500,1700,1600,1800,5200,1800,18200,28900,23900,14300,56300,44200,900,1400,3500,3900,1400,4000,11800,300
293.0,5.94,178100,1057345.0,5.93,5.92,5.91,5.9,5.89,5.88,5.87,5.86,5.85,5.84,5.95,5.96,5.97,5.98,5.99,6.0,6.01,6.02,6.05,6.06,7500,1700,1600,1800,5200,1800,18200,28900,23900,14300,56300,44200,900,1400,3500,3900,1400,4000,11800,300
294.0,5.94,178100,1057345.0,5.93,5.92,5.91,5.9,5.89,5.88,5.87,5.86,5.85,5.84,5.95,5.96,5.97,5.98,5.99,6.0,6.01,6.02,6.05,6.06,8000,1700,1600,1800,5200,1800,18200,28900,23900,14300,56800,44200,900,1400,3500,3900,1400,4000,11800,300
295.0,5.93,178900,1062089.0,5.93,5.92,5.91,5.9,5.89,5.88,5.87,5.86,5.85,5.84,5.94,5.95,5.96,5.97,5.98,5.99,6.0,6.01,6.02,6.05,7200,1700,1600,1800,5200,1800,18200,28900,23900,14300,100,56800,44200,900,1400,3500,3900,1400,4000,11800
296.0,5.93,178900,1062089.0,5.93,5.92,5.91,5.9,5.89,5.88,5.87,5.86,5.85,5.84,5.94,5.95,5.96,5.97,5.98,5.99,6.0,6.01,6.02,6.05,7200,1700,1600,1800,5200,1800,18200,28900,23900,14300,100,56800,44200,900,1400,3500,3900,1400,4000,11800
297.0,5.93,178900,1062089.0,5.93,5.92,5.91,5.9,5.89,5.88,5.87,5.86,5.85,5.84,5.94,5.95,5.96,5.97,5.98,5.99,6.0,6.01,6.02,6.05,7200,1700,1600,1800,5200,1800,18200,28900,24700,14300,100,56800,44200,900,1400,3500,3900,1400,4000,11800
298.0,5.93,179600,1066240.0,5.93,5.92,5.91,5.9,5.89,5.88,5.87,5.86,5.85,5.84,5.94,5.95,5.96,5.97,5.98,5.99,6.0,6.01,6.02,6.05,6500,1700,1600,1800,5200,1800,18200,28900,24700,14300,100,56800,44200,900,1400,3500,3900,1400,4000,11800
299.0,5.94,180300,1070392.0,5.93,5.92,5.91,5.9,5.89,5.88,5.87,5.86,5.85,5.84,5.95,5.96,5.97,5.98,5.99,6.0,6.01,6.02,6.05,6.06,5900,1700,1600,1800,5200,1800,18200,28900,24700,14300,56800,44200,900,1400,3500,3900,1400,4000,11800,300
300.0,5.93,181400,1076915.0,5.93,5.92,5.91,5.9,5.89,5.88,5.87,5.86,5.85,5.84,5.95,5.96,5.97,5.98,5.99,6.0,6.01,6.02,6.05,6.06,5200,1700,1600,1800,5200,1800,18200,28900,24700,14300,57200,44200,900,1400,3500,3900,1400,4000,11800,300
301.0,5.93,181400,1076915.0,5.94,5.93,5.92,5.91,5.9,5.89,5.88,5.87,5.86,5.85,5.95,5.96,5.97,5.98,5.99,6.0,6.01,6.02,6.05,6.06,4200,5300,1700,1600,1800,5200,1800,18200,28900,24700,57300,44200,900,1400,3500,3900,1400,4000,11800,300
302.0,5.94,181800,1079291.0,5.94,5.93,5.92,5.91,5.9,5.89,5.88,5.87,5.86,5.85,5.95,5.96,5.97,5.98,5.99,6.0,6.01,6.02,6.05,6.06,3800,5300,1700,1600,1800,5200,1800,18200,28900,24700,57300,44200,900,1400,3500,3900,1400,4000,11800,300
303.0,5.94,181900,1079885.0,5.94,5.93,5.92,5.91,5.9,5.89,5.88,5.87,5.86,5.85,5.95,5.96,5.97,5.98,5.99,6.0,6.01,6.02,6.05,6.06,3900,5300,1700,1600,1800,5200,1800,18200,28900,24700,57300,44200,900,1400,3500,3900,1400,4000,11800,300
304.0,5.94,181900,1079885.0,5.94,5.93,5.92,5.91,5.9,5.89,5.88,5.87,5.86,5.85,5.95,5.96,5.97,5.98,5.99,6.0,6.01,6.02,6.05,6.06,3900,5300,1700,1600,1800,5200,1800,18200,28900,24700,57300,44200,900,1400,3500,3900,1400,4000,11800,300
305.0,5.94,182200,1081667.0,5.94,5.93,5.92,5.91,5.9,5.89,5.88,5.87,5.86,5.85,5.95,5.96,5.97,5.98,5.99,6.0,6.01,6.02,6.05,6.06,3600,5300,1700,1600,1800,5200,1800,18200,28900,24700,57300,44200,900,1400,3500,3900,1400,4000,11800,300
306.0,5.94,182200,1081667.0,5.94,5.93,5.92,5.91,5.9,5.89,5.88,5.87,5.86,5.85,5.95,5.96,5.97,5.98,5.99,6.0,6.01,6.02,6.05,6.06,3600,5300,1700,1600,1800,5200,1800,18200,28900,24700,57300,44200,900,1400,3500,3900,1400,4000,11800,300
307.0,5.94,182500,1083449.0,5.94,5.93,5.92,5.91,5.9,5.89,5.88,5.87,5.86,5.85,5.95,5.96,5.97,5.98,5.99,6.0,6.01,6.02,6.05,6.06,3300,5300,1700,1600,3800,5200,1800,18200,28900,24700,57400,44200,900,1400,3500,3900,1400,4000,11800,300
308.0,5.94,182500,1083449.0,5.94,5.93,5.92,5.91,5.9,5.89,5.88,5.87,5.86,5.85,5.95,5.96,5.97,5.98,5.99,6.0,6.01,6.02,6.05,6.06,3300,5300,1700,1600,3800,5200,1800,18200,28900,24700,57400,44200,900,1400,3500,3900,1400,4000,11800,300
309.0,5.94,182800,1085231.0,5.94,5.93,5.92,5.91,5.9,5.89,5.88,5.87,5.86,5.85,5.95,5.96,5.97,5.98,5.99,6.0,6.01,6.02,6.05,6.06,3000,5300,1700,1600,3800,5200,1800,18200,28900,24700,57400,44200,900,1400,3500,3900,1400,4000,11800,300
310.0,5.95,193500,1148896.0,5.94,5.93,5.92,5.91,5.9,5.89,5.88,5.87,5.86,5.85,5.95,5.96,5.97,5.98,5.99,6.0,6.01,6.02,6.05,6.06,8200,5300,1700,1600,3800,5200,1800,18200,28900,24700,46600,44200,900,1400,3500,3900,1400,4000,11800,300
311.0,5.95,194200,1153061.0,5.94,5.93,5.92,5.91,5.9,5.89,5.88,5.87,5.86,5.85,5.95,5.96,5.97,5.98,5.99,6.0,6.01,6.02,6.05,6.06,8200,5300,1700,1600,3800,5200,1800,18200,28900,24700,45900,44200,900,1400,3500,3900,1400,4000,11800,300
312.0,5.95,196100,1164350.0,5.94,5.93,5.92,5.91,5.9,5.89,5.88,5.87,5.86,5.85,5.95,5.96,5.97,5.98,5.99,6.0,6.01,6.02,6.05,6.06,6600,5300,1700,1600,3800,5200,1800,18200,28900,24700,45600,44200,900,1400,3500,3900,1400,4000,11800,300
313.0,5.95,196900,1169104.0,5.94,5.93,5.92,5.91,5.9,5.89,5.88,5.87,5.86,5.85,5.95,5.96,5.97,5.98,5.99,6.0,6.01,6.02,6.05,6.06,6000,5300,1700,1600,3800,5200,1800,18200,28900,24700,45400,44200,900,1400,3500,3900,1400,4000,11800,300
314.0,5.95,197900,1175048.0,5.94,5.93,5.92,5.91,5.9,5.89,5.88,5.87,5.86,5.85,5.95,5.96,5.97,5.98,5.99,6.0,6.01,6.02,6.05,6.06,7300,5300,1700,1600,3800,5200,1800,18200,28900,24700,45000,44200,900,1400,3500,3900,1400,4000,11800,300
315.0,5.95,202200,1200633.0,5.94,5.93,5.92,5.91,5.9,5.89,5.88,5.87,5.86,5.85,5.95,5.96,5.97,5.98,5.99,6.0,6.01,6.02,6.05,6.06,7300,5300,1700,1600,3800,5200,1800,18200,28900,24700,40700,44200,900,1400,3500,3900,1400,4000,11800,300
316.0,5.95,214800,1275596.0,5.94,5.93,5.92,5.91,5.9,5.89,5.88,5.87,5.86,5.85,5.95,5.96,5.97,5.98,5.99,6.0,6.01,6.02,6.05,6.06,6600,5300,1700,1600,3800,5200,1800,18200,28900,24700,28800,44200,900,1400,3500,3900,1400,4000,11800,300
317.0,5.95,215400,1279166.0,5.94,5.93,5.92,5.91,5.9,5.89,5.88,5.87,5.86,5.85,5.95,5.96,5.97,5.98,5.99,6.0,6.01,6.02,6.05,6.06,6600,5300,1700,1600,3800,5200,1800,18200,28900,24700,28200,44200,900,1400,5500,3900,1400,4000,11800,300
318.0,5.95,215400,1279166.0,5.94,5.93,5.92,5.91,5.9,5.89,5.88,5.87,5.86,5.85,5.95,5.96,5.97,5.98,5.99,6.0,6.01,6.02,6.05,6.06,6600,5300,1700,1600,3800,5200,1800,18200,28900,24700,28200,44200,900,1400,5500,3900,1400,4000,11800,300
319.0,5.95,215700,1280951.0,5.94,5.93,5.92,5.91,5.9,5.89,5.88,5.87,5.86,5.85,5.95,5.96,5.97,5.98,5.99,6.0,6.01,6.02,6.05,6.06,6600,5300,1700,1600,3800,5200,1800,18200,28900,24700,27900,44200,900,1400,5500,3900,1400,4000,11800,300
320.0,5.94,216300,1284515.0,5.94,5.93,5.92,5.91,5.9,5.89,5.88,5.87,5.86,5.85,5.95,5.96,5.97,5.98,5.99,6.0,6.01,6.02,6.05,6.06,6000,5300,1700,1600,3800,5200,1800,18200,28900,24700,27900,44200,900,1400,5500,3900,1400,4000,11800,300
321.0,5.94,216300,1284515.0,5.94,5.93,5.92,5.91,5.9,5.89,5.88,5.87,5.86,5.85,5.95,5.96,5.97,5.98,5.99,6.0,6.01,6.02,6.05,6.06,6000,5300,1700,1600,3800,5200,1800,18200,28900,24700,27900,44200,900,1400,5500,3900,1400,4000,11800,300
322.0,5.94,216900,1288079.0,5.94,5.93,5.92,5.91,5.9,5.89,5.88,5.87,5.86,5.85,5.95,5.96,5.97,5.98,5.99,6.0,6.01,6.02,6.05,6.06,5500,5300,1700,1600,3800,5200,1800,18200,28900,24700,27900,44200,900,1400,5500,3900,1400,4000,11800,300
323.0,5.94,217400,1291049.0,5.94,5.93,5.92,5.91,5.9,5.89,5.88,5.87,5.86,5.85,5.95,5.96,5.97,5.98,5.99,6.0,6.01,6.02,6.05,6.06,5000,5300,1700,1600,3800,5200,1800,18200,28900,24700,27900,44200,900,1400,5500,3900,1400,4000,11800,300
324.0,5.94,218400,1296989.0,5.94,5.93,5.92,5.91,5.9,5.89,5.88,5.87,5.86,5.85,5.95,5.96,5.97,5.98,5.99,6.0,6.01,6.02,6.05,6.06,4000,5300,1700,1600,3800,5200,1800,18200,28900,24700,27900,44200,900,1400,5500,3900,1400,4000,11800,300
325.0,5.95,223100,1324954.0,5.94,5.93,5.92,5.91,5.9,5.89,5.88,5.87,5.86,5.85,5.95,5.96,5.97,5.98,5.99,6.0,6.01,6.02,6.05,6.06,4000,5300,1700,1600,3800,5200,1800,18200,28900,24700,23200,44200,900,1400,5500,3900,1400,4000,11800,300
326.0,5.95,237100,1408254.0,5.94,5.93,5.92,5.91,5.9,5.89,5.88,5.87,5.86,5.85,5.95,5.96,5.97,5.98,5.99,6.0,6.01,6.02,6.05,6.06,4000,5300,1700,1600,3800,5200,1800,18200,28900,24700,9200,44200,900,1400,5500,3900,1400,4000,11800,300
327.0,5.95,238100,1414200.0,5.94,5.93,5.92,5.91,5.9,5.89,5.88,5.87,5.86,5.85,5.95,5.96,5.97,5.98,5.99,6.0,6.01,6.02,6.05,6.06,3600,5300,1700,1600,3800,5200,1800,18200,28900,24700,8600,44200,900,1400,5500,3900,1400,4000,11800,300
328.0,5.95,239100,1420150.0,5.94,5.93,5.92,5.91,5.9,5.89,5.88,5.87,5.86,5.85,5.95,5.96,5.97,5.98,5.99,6.0,6.01,6.02,6.05,6.06,3600,5300,1700,1600,3800,5200,1800,18200,28900,24700,7600,22800,900,1400,5500,3900,1400,4000,11800,300
329.0,5.96,250600,1488608.0,5.95,5.94,5.93,5.92,5.91,5.9,5.89,5.88,5.87,5.86,5.96,5.97,5.98,5.99,6.0,6.01,6.02,6.05,6.06,6.08,600,3200,5300,1700,1600,3800,5200,1800,18200,28900,19200,900,1400,5500,3900,1400,4000,11800,300,500
330.0,5.96,250600,1488608.0,5.95,5.94,5.93,5.92,5.91,5.9,5.89,5.88,5.87,5.86,5.96,5.97,5.98,5.99,6.0,6.01,6.02,6.05,6.06,6.08,600,3200,5300,1700,1600,13800,5200,1800,18200,28900,19200,900,1400,5500,3900,1400,4000,11800,300,500
331.0,5.96,250600,1488608.0,5.95,5.94,5.93,5.92,5.91,5.9,5.89,5.88,5.87,5.86,5.96,5.97,5.98,5.99,6.0,6.01,6.02,6.05,6.06,6.08,600,3200,5300,1700,1600,13800,5200,1800,18200,28900,19200,900,1400,5500,3900,1400,4000,11800,300,500
332.0,5.96,250700,1489204.0,5.95,5.94,5.93,5.92,5.91,5.9,5.89,5.88,5.87,5.86,5.96,5.97,5.98,5.99,6.0,6.01,6.02,6.05,6.06,6.08,600,3100,5300,1700,1600,13800,5200,1800,18200,28900,19100,900,1400,5500,3900,1400,4000,11800,300,500
333.0,5.96,251200,1492184.0,5.95,5.94,5.93,5.92,5.91,5.9,5.89,5.88,5.87,5.86,5.96,5.97,5.98,5.99,6.0,6.01,6.02,6.05,6.06,6.08,600,3100,5300,1700,1600,13800,5200,1800,18200,28900,18600,900,1400,5500,3900,1400,4000,11800,300,500
334.0,5.96,251200,1492184.0,5.95,5.94,5.93,5.92,5.91,5.9,5.89,5.88,5.87,5.86,5.96,5.97,5.98,5.99,6.0,6.01,6.02,6.05,6.06,6.08,600,3100,5300,1700,1600,13800,5200,1800,18200,28900,18600,900,1400,5500,3900,1400,4000,11800,300,500
335.0,5.96,251200,1492184.0,5.95,5.94,5.93,5.92,5.91,5.9,5.89,5.88,5.87,5.86,5.96,5.97,5.98,5.99,6.0,6.01,6.02,6.05,6.06,6.08,600,3100,5300,1700,1600,13800,5200,1800,18200,28900,18600,900,1400,5500,3900,1400,4000,11800,300,500
336.0,5.96,251200,1492184.0,5.95,5.94,5.93,5.92,5.91,5.9,5.89,5.88,5.87,5.86,5.96,5.97,5.98,5.99,6.0,6.01,6.02,6.05,6.06,6.08,3600,3100,5300,1700,1600,13800,5200,1800,18200,28900,18600,900,1400,5500,3900,1400,4000,11800,300,500
337.0,5.95,252200,1498134.0,5.95,5.94,5.93,5.92,5.91,5.9,5.89,5.88,5.87,5.86,5.96,5.97,5.98,5.99,6.0,6.01,6.02,6.05,6.06,6.08,4700,3100,5300,1700,1600,13800,5200,1800,18200,28900,18600,900,1400,5500,3900,1400,4000,11800,300,500
338.0,5.96,259100,1539254.0,5.95,5.94,5.93,5.92,5.91,5.9,5.89,5.88,5.87,5.86,5.96,5.97,5.98,5.99,6.0,6.01,6.02,6.05,6.06,6.08,4300,3100,5300,1700,1600,13800,5200,1800,18200,28900,12100,900,1400,5500,3900,1400,4000,11800,300,500
339.0,5.96,259100,1539254.0,5.95,5.94,5.93,5.92,5.91,5.9,5.89,5.88,5.87,5.86,5.96,5.97,5.98,5.99,6.0,6.01,6.02,6.05,6.06,6.08,4300,3100,5300,1700,1600,13800,5200,1800,18200,28900,12100,900,1400,5500,3900,1400,4000,11800,300,500
340.0,5.96,259900,1544022.0,5.95,5.94,5.93,5.92,5.91,5.9,5.89,5.88,5.87,5.86,5.96,5.97,5.98,5.99,6.0,6.01,6.02,6.05,6.06,6.08,4300,3100,5300,1700,1600,13800,5200,1800,18200,28900,11300,900,1400,5500,3900,1400,4000,11800,300,500
341.0,5.96,264100,1569054.0,5.95,5.94,5.93,5.92,5.91,5.9,5.89,5.88,5.87,5.86,5.96,5.97,5.98,5.99,6.0,6.01,6.02,6.05,6.06,6.08,4300,3100,5300,1700,1600,13800,5200,1800,18200,28900,7300,900,1400,5500,3900,1400,4000,11800,300,500
342.0,5.96,264100,1569054.0,5.95,5.94,5.93,5.92,5.91,5.9,5.89,5.88,5.87,5.86,5.96,5.97,5.98,5.99,6.0,6.01,6.02,6.05,6.06,6.08,4300,3100,5300,1700,1600,13800,5200,1800,18200,28900,10000,900,1400,5500,3900,1400,4000,11800,300,500
343.0,5.96,264100,1569054.0,5.95,5.94,5.93,5.92,5.91,5.9,5.89,5.88,5.87,5.86,5.96,5.97,5.98,5.99,6.0,6.01,6.02,6.05,6.06,6.08,4300,3100,5300,1700,1600,13800,5200,1800,18200,28900,10000,900,1400,5500,3900,1400,4000,11800,300,500
344.0,5.95,264500,1571434.0,5.95,5.94,5.93,5.92,5.91,5.9,5.89,5.88,5.87,5.86,5.96,5.97,5.98,5.99,6.0,6.01,6.02,6.05,6.06,6.08,3900,3100,5300,1700,1600,13800,5200,1800,18200,28900,10100,900,1400,5500,3900,1400,4000,11800,300,500
345.0,5.95,264800,1573219.0,5.95,5.94,5.93,5.92,5.91,5.9,5.89,5.88,5.87,5.86,5.96,5.97,5.98,5.99,6.0,6.01,6.02,6.05,6.06,6.08,3600,3100,5300,1700,1600,13800,5200,1800,18200,28900,10100,900,1400,5500,3900,1400,4000,11800,300,500
346.0,5.95,264800,1573219.0,5.95,5.94,5.93,5.92,5.91,5.9,5.89,5.88,5.87,5.86,5.96,5.97,5.98,5.99,6.0,6.01,6.02,6.05,6.06,6.08,3600,3100,5300,1700,1600,13800,5200,1800,18200,28900,10100,900,1400,5500,3900,1400,4000,11800,300,500
347.0,5.95,264800,1573219.0,5.95,5.94,5.93,5.92,5.91,5.9,5.89,5.88,5.87,5.86,5.96,5.97,5.98,5.99,6.0,6.01,6.02,6.05,6.06,6.08,3600,3100,5300,1700,1600,13800,5200,1800,18200,28900,10100,900,1400,5500,3900,1400,4000,11800,300,500
348.0,5.95,264800,1573219.0,5.95,5.94,5.93,5.92,5.91,5.9,5.89,5.88,5.87,5.86,5.96,5.97,5.98,5.99,6.0,6.01,6.02,6.05,6.06,6.08,3600,3100,5300,1700,1600,13800,5200,1800,18200,28900,10100,900,1400,5500,3900,1400,4000,11800,300,500
349.0,5.95,265500,1577384.0,5.95,5.94,5.93,5.92,5.91,5.9,5.89,5.88,5.87,5.86,5.96,5.97,5.98,5.99,6.0,6.01,6.02,6.05,6.06,6.08,2900,3100,5300,1700,1600,13800,5200,300,18200,28900,10100,900,1400,5500,3900,1400,4000,11800,300,500
350.0,5.96,265600,1577980.0,5.95,5.94,5.93,5.92,5.91,5.9,5.89,5.88,5.87,5.86,5.96,5.97,5.98,5.99,6.0,6.01,6.02,6.05,6.06,6.08,2900,3100,5300,1700,1600,13800,5200,300,18200,28900,10000,900,1400,5500,3900,1400,4000,11800,300,500
351.0,5.96,265600,1577980.0,5.95,5.94,5.93,5.92,5.91,5.9,5.89,5.88,5.87,5.86,5.96,5.97,5.98,5.99,6.0,6.01,6.02,6.05,6.06,6.08,2900,3100,5300,1700,1600,13800,5200,300,18200,28900,10000,900,1400,5500,3900,1400,4000,11800,300,500
352.0,5.96,265700,1578576.0,5.95,5.94,5.93,5.92,5.91,5.9,5.89,5.88,5.87,5.86,5.96,5.97,5.98,5.99,6.0,6.01,6.02,6.05,6.06,6.08,2900,3100,2700,1700,1600,13800,5200,300,18200,28900,9900,900,1400,5500,3900,1400,4000,11800,300,500
353.0,5.96,267400,1588706.0,5.95,5.94,5.93,5.92,5.91,5.9,5.89,5.88,5.87,5.86,5.96,5.97,5.98,5.99,6.0,6.01,6.02,6.05,6.06,6.08,2700,3100,2700,1700,1600,13800,5200,300,18200,28900,8400,900,1400,5500,3900,1400,4000,11800,300,500
354.0,5.96,267400,1588706.0,5.95,5.94,5.93,5.92,5.91,5.9,5.89,5.88,5.87,5.86,5.96,5.97,5.98,5.99,6.0,6.01,6.02,6.05,6.06,6.08,2700,3100,2700,1700,1600,13800,5200,300,18200,28900,8400,900,1400,5500,3900,1400,4000,11800,300,500
355.0,5.96,267500,1589302.0,5.95,5.94,5.93,5.92,5.91,5.9,5.89,5.88,5.87,5.86,5.96,5.97,5.98,5.99,6.0,6.01,6.02,6.05,6.06,6.08,2700,3100,2700,1700,1600,13800,5200,300,18200,28900,8300,900,1400,5500,3900,1400,4000,11800,300,500
356.0,5.96,267500,1589302.0,5.95,5.94,5.93,5.92,5.91,5.9,5.89,5.88,5.87,5.86,5.96,5.97,5.98,5.99,6.0,6.01,6.02,6.05,6.06,6.08,2700,3100,2700,1700,1600,13800,5200,300,18200,28900,8300,900,1400,5500,3900,1400,4000,11800,300,500
357.0,5.96,267500,1589302.0,5.95,5.94,5.93,5.92,5.91,5.9,5.89,5.88,5.87,5.86,5.96,5.97,5.98,5.99,6.0,6.01,6.02,6.05,6.06,6.08,3100,3100,2700,1700,1600,13800,5200,300,18200,28900,8300,3300,1400,5500,3900,1400,4000,11800,300,500
358.0,5.96,267500,1589302.0,5.95,5.94,5.93,5.92,5.91,5.9,5.89,5.88,5.87,5.86,5.96,5.97,5.98,5.99,6.0,6.01,6.02,6.05,6.06,6.08,3100,3100,2700,1700,1600,13800,5200,300,18200,28900,8300,3300,1400,5500,3900,1400,4000,11800,300,500
359.0,5.96,267500,1589302.0,5.95,5.94,5.93,5.92,5.91,5.9,5.89,5.88,5.87,5.86,5.96,5.97,5.98,5.99,6.0,6.01,6.02,6.05,6.06,6.08,3100,3100,2700,1700,1600,13800,5200,300,18200,28900,8300,3300,1400,5500,3900,1400,4000,11800,300,500
360.0,5.95,268400,1594657.0,5.95,5.94,5.93,5.92,5.91,5.9,5.89,5.88,5.87,5.86,5.96,5.97,5.98,5.99,6.0,6.01,6.02,6.05,6.06,6.08,2200,3100,2700,1700,1600,13800,5200,300,18200,28900,8300,3300,1400,5500,3900,1400,4000,11800,300,500
361.0,5.95,268400,1594657.0,5.95,5.94,5.93,5.92,5.91,5.9,5.89,5.88,5.87,5.86,5.96,5.97,5.98,5.99,6.0,6.01,6.02,6.05,6.06,6.08,2200,3100,2700,1700,1600,13800,5200,300,18200,28900,8300,3400,1400,5500,3900,1400,4000,11800,300,500
362.0,5.95,268400,1594657.0,5.95,5.94,5.93,5.92,5.91,5.9,5.89,5.88,5.87,5.86,5.96,5.97,5.98,5.99,6.0,6.01,6.02,6.05,6.06,6.08,2200,3100,2700,1700,1600,13800,5200,300,18200,28900,8300,3400,1400,5500,3900,1400,4000,11800,300,500
363.0,5.96,269900,1603597.0,5.95,5.94,5.93,5.92,5.91,5.9,5.89,5.88,5.87,5.86,5.96,5.97,5.98,5.99,6.0,6.01,6.02,6.05,6.06,6.08,2200,3100,2700,1700,1600,13800,5200,300,18200,28900,6800,3400,1400,5500,3900,1400,4000,11800,300,500
364.0,5.96,269900,1603597.0,5.95,5.94,5.93,5.92,5.91,5.9,5.89,5.88,5.87,5.86,5.96,5.97,5.98,5.99,6.0,6.01,6.02,6.05,6.06,6.08,2200,3100,2700,1700,1600,13800,5200,300,18200,28900,6800,3400,1400,5500,3900,1400,4000,11800,300,500
365.0,5.95,270100,1604787.0,5.95,5.94,5.93,5.92,5.91,5.9,5.89,5.88,5.87,5.86,5.96,5.97,5.98,5.99,6.0,6.01,6.02,6.05,6.06,6.08,2000,3100,2700,1700,1600,13800,5200,300,18200,28900,6800,3400,1400,5500,3900,1400,4000,11800,300,500
366.0,5.95,270100,1604787.0,5.95,5.94,5.93,5.92,5.91,5.9,5.89,5.88,5.87,5.86,5.96,5.97,5.98,5.99,6.0,6.01,6.02,6.05,6.06,6.08,2000,3100,2700,1700,1600,13800,5200,300,18200,28900,6800,3500,1400,5500,3900,1400,4000,11800,300,500
367.0,5.95,271000,1610142.0,5.95,5.94,5.93,5.92,5.91,5.9,5.89,5.88,5.87,5.86,5.96,5.97,5.98,5.99,6.0,6.01,6.02,6.05,6.06,6.08,1100,1200,2700,1700,1600,13800,5200,300,18200,28900,6800,3500,1400,5500,3900,1400,4000,11800,300,500
368.0,5.96,271300,1611928.0,5.95,5.94,5.93,5.92,5.91,5.9,5.89,5.88,5.87,5.86,5.96,5.97,5.98,5.99,6.0,6.01,6.02,6.05,6.06,6.08,900,1200,2700,1700,1600,13800,5200,300,18200,28900,6700,3500,1400,5500,3900,1400,4000,11800,300,500
369.0,5.96,271300,1611928.0,5.95,5.94,5.93,5.92,5.91,5.9,5.89,5.88,5.87,5.86,5.96,5.97,5.98,5.99,6.0,6.01,6.02,6.05,6.06,6.08,900,1200,2700,1700,1600,13800,5200,300,18200,28900,6700,3500,1400,5500,3900,1400,4000,11800,300,500
370.0,5.96,271300,1611928.0,5.95,5.94,5.93,5.92,5.91,5.9,5.89,5.88,5.87,5.86,5.96,5.97,5.98,5.99,6.0,6.01,6.02,6.05,6.06,6.08,900,1200,2700,1700,1600,13800,5200,300,18200,28900,6700,3500,1900,6500,3900,1400,4000,11800,300,500
371.0,5.96,271300,1611928.0,5.95,5.94,5.93,5.92,5.91,5.9,5.89,5.88,5.87,5.86,5.96,5.97,5.98,5.99,6.0,6.01,6.02,6.05,6.06,6.08,900,1200,2700,1700,1600,13800,5200,300,18200,28900,6700,3500,1900,6500,3900,1400,4000,11800,300,500
372.0,5.95,271400,1612523.0,5.95,5.94,5.93,5.92,5.91,5.9,5.89,5.88,5.87,5.86,5.96,5.97,5.98,5.99,6.0,6.01,6.02,6.05,6.06,6.08,800,1200,2700,1700,1600,13800,5200,300,18200,28900,6700,3500,1900,6500,3900,1400,4000,11800,300,500
373.0,5.95,271400,1612523.0,5.95,5.94,5.93,5.92,5.91,5.9,5.89,5.88,5.87,5.86,5.96,5.97,5.98,5.99,6.0,6.01,6.02,6.05,6.06,6.08,800,1200,2700,1700,1600,13800,5200,300,18200,28900,6700,3500,1900,6500,3900,1400,4000,11800,300,500
374.0,5.95,271400,1612523.0,5.95,5.94,5.93,5.92,5.91,5.9,5.89,5.88,5.87,5.86,5.96,5.97,5.98,5.99,6.0,6.01,6.02,6.05,6.06,6.08,800,1200,2700,1700,1600,13800,5200,300,18200,28900,6700,3500,1900,6500,3900,1400,4000,11800,300,500
375.0,5.95,271400,1612523.0,5.95,5.94,5.93,5.92,5.91,5.9,5.89,5.88,5.87,5.86,5.96,5.97,5.98,5.99,6.0,6.01,6.02,6.05,6.06,6.08,800,1200,2700,1700,1600,13800,5200,300,18200,28900,6700,3500,1900,6500,3900,1400,4000,11800,300,500
376.0,5.95,271400,1612523.0,5.95,5.94,5.93,5.92,5.91,5.9,5.89,5.88,5.87,5.86,5.96,5.97,5.98,5.99,6.0,6.01,6.02,6.05,6.06,6.08,800,1200,2700,1700,1600,13800,5200,300,18200,28900,6700,3600,1900,6500,3900,1400,4000,11800,300,500
377.0,5.95,271400,1612523.0,5.95,5.94,5.93,5.92,5.91,5.9,5.89,5.88,5.87,5.86,5.96,5.97,5.98,5.99,6.0,6.01,6.02,6.05,6.06,6.08,800,1200,2700,1700,1600,13800,5200,300,18200,28900,6700,3600,1900,6500,3900,1400,4000,11800,300,500
378.0,5.95,271400,1612523.0,5.95,5.94,5.93,5.92,5.91,5.9,5.89,5.88,5.87,5.86,5.96,5.97,5.98,5.99,6.0,6.01,6.02,6.05,6.06,6.08,800,1200,2700,1700,1600,13800,5200,300,18200,28900,6700,4100,1900,6500,3900,1400,4000,11800,300,500
379.0,5.95,271400,1612523.0,5.95,5.94,5.93,5.92,5.91,5.9,5.89,5.88,5.87,5.86,5.96,5.97,5.98,5.99,6.0,6.01,6.02,6.05,6.06,6.08,800,1200,2700,1700,1600,13800,5200,300,18200,28900,6700,4100,1900,6500,3900,1400,4000,11800,300,500
380.0,5.95,271400,1612523.0,5.95,5.94,5.93,5.92,5.91,5.9,5.89,5.88,5.87,5.86,5.96,5.97,5.98,5.99,6.0,6.01,6.02,6.05,6.06,6.08,800,1200,2700,1700,1600,13800,5200,300,18200,28900,6700,4100,1900,6500,3900,1400,4000,11800,300,500
381.0,5.95,271400,1612523.0,5.95,5.94,5.93,5.92,5.91,5.9,5.89,5.88,5.87,5.86,5.96,5.97,5.98,5.99,6.0,6.01,6.02,6.05,6.06,6.08,800,1200,2700,1700,1600,13800,5200,300,18200,28900,6700,4100,1900,6500,3900,1400,4000,11800,300,500
382.0,5.95,271400,1612523.0,5.95,5.94,5.93,5.92,5.91,5.9,5.89,5.88,5.87,5.86,5.96,5.97,5.98,5.99,6.0,6.01,6.02,6.05,6.06,6.08,800,1200,2700,1700,1600,13800,5200,300,18200,28900,6700,4100,1900,6500,3900,1400,4000,11800,300,500
383.0,5.95,271400,1612523.0,5.95,5.94,5.93,5.92,5.91,5.9,5.89,5.88,5.87,5.86,5.96,5.97,5.98,5.99,6.0,6.01,6.02,6.05,6.06,6.08,800,1200,2700,1700,1600,13800,5200,300,18200,28900,6700,4100,2200,6500,3900,1400,4000,11800,300,500
384.0,5.95,271500,1613118.0,5.95,5.94,5.93,5.92,5.91,5.9,5.89,5.88,5.87,5.86,5.96,5.97,5.98,5.99,6.0,6.01,6.02,6.05,6.06,6.08,700,1200,2700,1700,1600,13800,5200,300,18200,28900,6700,8400,2200,6500,3900,1400,4000,11800,2300,500
385.0,5.95,271500,1613118.0,5.95,5.94,5.93,5.92,5.91,5.9,5.89,5.88,5.87,5.86,5.96,5.97,5.98,5.99,6.0,6.01,6.02,6.05,6.06,6.08,700,1200,2700,1700,1600,13800,5200,300,18200,28900,6700,8400,2200,6500,3900,1400,4000,11800,2300,500
386.0,5.95,271500,1613118.0,5.95,5.94,5.93,5.92,5.91,5.9,5.89,5.88,5.87,5.86,5.96,5.97,5.98,5.99,6.0,6.01,6.02,6.05,6.06,6.08,700,1200,2700,1700,1600,13800,5200,300,18200,28900,7100,8400,3300,6500,3900,1400,4000,11800,2300,500
387.0,5.95,271600,1613713.0,5.95,5.94,5.93,5.92,5.91,5.9,5.89,5.88,5.87,5.86,5.96,5.97,5.98,5.99,6.0,6.01,6.02,6.05,6.06,6.08,600,1200,2700,1700,1600,13800,5200,300,18200,28900,10100,8300,3300,6500,3900,1400,4000,11800,2300,500
388.0,5.95,271600,1613713.0,5.95,5.94,5.93,5.92,5.91,5.9,5.89,5.88,5.87,5.86,5.96,5.97,5.98,5.99,6.0,6.01,6.02,6.05,6.06,6.08,600,1200,2700,1700,1600,13800,5200,300,18200,28900,10100,8300,3300,6500,3900,1400,4000,11800,2300,500
389.0,5.95,271600,1613713.0,5.95,5.94,5.93,5.92,5.91,5.9,5.89,5.88,5.87,5.86,5.96,5.97,5.98,5.99,6.0,6.01,6.02,6.05,6.06,6.08,700,1200,2700,1700,1600,13800,5200,300,18200,28900,10100,8300,3300,6500,3900,1400,4000,11800,2300,500
390.0,5.95,271600,1613713.0,5.95,5.94,5.93,5.92,5.91,5.9,5.89,5.88,5.87,5.86,5.96,5.97,5.98,5.99,6.0,6.01,6.02,6.05,6.06,6.08,700,1200,2700,1700,1600,13800,5200,300,18200,28900,10100,8300,3300,6500,3900,1400,4000,11800,2300,500
391.0,5.95,271600,1613713.0,5.95,5.94,5.93,5.92,5.91,5.9,5.89,5.88,5.87,5.86,5.96,5.97,5.98,5.99,6.0,6.01,6.02,6.05,6.06,6.08,700,1200,2700,1700,1600,13800,5200,300,18200,28900,10100,8300,3300,6500,3900,1400,4000,11800,2300,500
392.0,5.96,272600,1619673.0,5.95,5.94,5.93,5.92,5.91,5.9,5.89,5.88,5.87,5.86,5.96,5.97,5.98,5.99,6.0,6.01,6.02,6.05,6.06,6.08,700,1200,2700,1700,1600,13800,5200,300,18200,28900,9100,8300,3300,6500,3900,1400,4000,11800,2300,500
393.0,5.96,272600,1619673.0,5.95,5.94,5.93,5.92,5.91,5.9,5.89,5.88,5.87,5.86,5.96,5.97,5.98,5.99,6.0,6.01,6.02,6.05,6.06,6.08,700,1200,2700,1700,1600,13800,5200,300,18200,28900,9100,8300,3300,6500,3900,1400,4000,11800,2300,500
394.0,5.96,272600,1619673.0,5.95,5.94,5.93,5.92,5.91,5.9,5.89,5.88,5.87,5.86,5.96,5.97,5.98,5.99,6.0,6.01,6.02,6.05,6.06,6.08,700,1200,2700,1700,1600,13800,5200,300,18200,28900,9100,8300,3300,6500,3900,1400,4000,11800,2300,500
395.0,5.96,273500,1625037.0,5.95,5.94,5.93,5.92,5.91,5.9,5.89,5.88,5.87,5.86,5.96,5.97,5.98,5.99,6.0,6.01,6.02,6.05,6.06,6.08,700,1200,2700,1700,1600,13800,5200,300,18200,28900,8200,8300,3300,6500,3900,1400,4000,11800,2300,500
396.0,5.95,273600,1625632.0,5.95,5.94,5.93,5.92,5.91,5.9,5.89,5.88,5.87,5.86,5.96,5.97,5.98,5.99,6.0,6.01,6.02,6.05,6.06,6.08,600,1200,2700,1700,1600,13800,5200,300,18200,28900,8200,8300,3300,6500,3900,1400,4000,11800,2300,500
397.0,5.95,274200,1629202.0,5.94,5.93,5.92,5.91,5.9,5.89,5.88,5.87,5.86,5.85,5.96,5.97,5.98,5.99,6.0,6.01,6.02,6.05,6.06,6.08,1200,2700,1700,1600,13800,5200,300,18200,28900,24700,8800,8300,3300,6500,3900,1400,4000,11800,2300,500
398.0,5.94,274300,1629796.0,5.94,5.93,5.92,5.91,5.9,5.89,5.88,5.87,5.86,5.85,5.96,5.97,5.98,5.99,6.0,6.01,6.02,6.05,6.06,6.08,1100,2700,1700,1600,13800,5200,300,18200,28900,24700,8800,8300,3300,6500,3900,1400,4000,11800,2300,500
399.0,5.94,274300,1629796.0,5.94,5.93,5.92,5.91,5.9,5.89,5.88,5.87,5.86,5.85,5.96,5.97,5.98,5.99,6.0,6.01,6.02,6.05,6.06,6.08,2600,2700,1700,1600,13800,5200,300,18200,28900,24700,10300,8300,3300,6500,3900,1400,4000,11800,2300,500
400.0,5.94,274300,1629796.0,5.94,5.93,5.92,5.91,5.9,5.89,5.88,5.87,5.86,5.85,5.96,5.97,5.98,5.99,6.0,6.01,6.02,6.05,6.06,6.08,1500,2700,1700,1600,13800,5200,300,18200,28900,24700,10300,8300,3300,6500,3900,1400,4000,11800,2300,500
401.0,5.94,274300,1629796.0,5.95,5.94,5.93,5.92,5.91,5.9,5.89,5.88,5.87,5.86,5.96,5.97,5.98,5.99,6.0,6.01,6.02,6.05,6.06,6.08,100,1500,2700,1700,1600,13800,5200,300,18200,28900,10300,8300,3300,6500,3900,1400,4000,11800,2300,500
402.0,5.96,274400,1630392.0,5.95,5.94,5.93,5.92,5.91,5.9,5.89,5.88,5.87,5.86,5.96,5.97,5.98,5.99,6.0,6.01,6.02,6.05,6.06,6.08,100,1500,2700,1700,1600,13800,5200,300,18200,28900,10200,8300,3300,6500,3900,1400,4000,11800,2300,500
403.0,5.96,274400,1630392.0,5.95,5.94,5.93,5.92,5.91,5.9,5.89,5.88,5.87,5.86,5.96,5.97,5.98,5.99,6.0,6.01,6.02,6.05,6.06,6.08,100,1500,2700,1700,1600,13800,5200,300,18200,28900,10200,8300,3300,6500,3900,1400,4000,11800,2300,500
404.0,5.96,274400,1630392.0,5.95,5.94,5.93,5.92,5.91,5.9,5.89,5.88,5.87,5.86,5.96,5.97,5.98,5.99,6.0,6.01,6.02,6.05,6.06,6.08,100,1500,2700,1700,1600,13800,5200,300,18200,28900,10200,8300,3300,6500,3900,1400,4000,11800,2300,500
405.0,5.96,274400,1630392.0,5.95,5.94,5.93,5.92,5.91,5.9,5.89,5.88,5.87,5.86,5.96,5.97,5.98,5.99,6.0,6.01,6.02,6.05,6.06,6.08,100,1500,2700,1700,1600,13800,5200,300,18200,28900,10200,8300,3300,6500,3900,1400,4000,11800,2300,500
406.0,5.96,274400,1630392.0,5.95,5.94,5.93,5.92,5.91,5.9,5.89,5.88,5.87,5.86,5.96,5.97,5.98,5.99,6.0,6.01,6.02,6.05,6.06,6.08,100,1500,2700,1700,1600,13800,5200,300,18200,28900,10200,8300,3300,6500,3900,1400,4000,11800,2300,500
407.0,5.96,274400,1630392.0,5.95,5.94,5.93,5.92,5.91,5.9,5.89,5.88,5.87,5.86,5.96,5.97,5.98,5.99,6.0,6.01,6.02,6.05,6.06,6.08,200,1500,2700,1700,1600,13800,5200,300,18200,28900,10200,8300,3300,6500,3900,1400,4000,11800,2300,500
408.0,5.96,274400,1630392.0,5.95,5.94,5.93,5.92,5.91,5.9,5.89,5.88,5.87,5.86,5.96,5.97,5.98,5.99,6.0,6.01,6.02,6.05,6.06,6.08,200,1500,2700,1700,1600,13800,5200,300,18200,28900,10200,8300,3300,6500,3900,1400,4000,11800,2300,500
409.0,5.96,274400,1630392.0,5.95,5.94,5.93,5.92,5.91,5.9,5.89,5.88,5.87,5.86,5.96,5.97,5.98,5.99,6.0,6.01,6.02,6.05,6.06,6.08,200,1500,2700,1700,1600,13800,5200,300,18200,28900,10200,8300,3300,6500,3900,1400,4000,11800,2300,500
410.0,5.96,274400,1630392.0,5.95,5.94,5.93,5.92,5.91,5.9,5.89,5.88,5.87,5.86,5.96,5.97,5.98,5.99,6.0,6.01,6.02,6.05,6.06,6.08,200,1500,2700,1700,1600,13800,5200,300,18200,28900,10200,13300,3300,6500,3900,1400,4000,11800,2300,500
411.0,5.96,274400,1630392.0,5.95,5.94,5.93,5.92,5.91,5.9,5.89,5.88,5.87,5.86,5.96,5.97,5.98,5.99,6.0,6.01,6.02,6.05,6.06,6.08,200,1500,2700,1700,1600,13800,5200,5400,18200,28900,10200,13300,3300,6500,3900,1400,4000,11800,2300,500
412.0,5.96,274400,1630392.0,5.95,5.94,5.93,5.92,5.91,5.9,5.89,5.88,5.87,5.86,5.96,5.97,5.98,5.99,6.0,6.01,6.02,6.05,6.06,6.08,200,1500,2700,1700,1600,13800,5200,5400,18200,28900,10200,13300,3300,6500,3900,1400,4000,11800,2300,500
413.0,5.96,276000,1639928.0,5.95,5.94,5.93,5.92,5.91,5.9,5.89,5.88,5.87,5.86,5.96,5.97,5.98,5.99,6.0,6.01,6.02,6.05,6.06,6.08,200,1500,2700,1700,1600,13800,5200,5400,18200,28900,8600,13300,3300,6500,3900,1400,4000,11800,2300,500
414.0,5.96,276000,1639928.0,5.95,5.94,5.93,5.92,5.91,5.9,5.89,5.88,5.87,5.86,5.96,5.97,5.98,5.99,6.0,6.01,6.02,6.05,6.06,6.08,200,1500,2700,1700,1600,13800,5200,5400,18200,28900,8600,13300,3300,6500,3900,1400,4000,11800,2300,500
415.0,5.96,276000,1639928.0,5.95,5.94,5.93,5.92,5.91,5.9,5.89,5.88,5.87,5.86,5.96,5.97,5.98,5.99,6.0,6.01,6.02,6.05,6.06,6.08,200,1500,2700,1700,1600,13800,5200,5400,18200,28900,8600,13300,3300,6500,3900,1400,4000,11800,2300,500
416.0,5.96,276000,1639928.0,5.95,5.94,5.93,5.92,5.91,5.9,5.89,5.88,5.87,5.86,5.96,5.97,5.98,5.99,6.0,6.01,6.02,6.05,6.06,6.08,200,1500,2700,1700,1600,13800,5200,5400,18200,28900,8600,13300,3300,6500,3900,1400,4000,11800,2300,500
417.0,5.96,276000,1639928.0,5.95,5.94,5.93,5.92,5.91,5.9,5.89,5.88,5.87,5.86,5.96,5.97,5.98,5.99,6.0,6.01,6.02,6.05,6.06,6.08,200,1500,2700,1700,1600,13800,5200,5400,18200,28900,8600,13300,3300,6500,3900,1400,4000,11800,2300,500
418.0,5.96,276000,1639928.0,5.95,5.94,5.93,5.92,5.91,5.9,5.89,5.88,5.87,5.86,5.96,5.97,5.98,5.99,6.0,6.01,6.02,6.05,6.06,6.08,200,1500,2700,1700,1600,13800,5200,5400,18200,28900,8600,13300,3300,6500,3900,1400,4000,11800,2300,500
419.0,5.96,276000,1639928.0,5.95,5.94,5.93,5.92,5.91,5.9,5.89,5.88,5.87,5.86,5.96,5.97,5.98,5.99,6.0,6.01,6.02,6.05,6.06,6.08,200,1500,2700,1700,1600,13800,5200,5400,18200,28900,8600,13300,3300,6500,3900,1400,4000,11800,2300,500
420.0,5.96,276000,1639928.0,5.95,5.94,5.93,5.92,5.91,5.9,5.89,5.88,5.87,5.86,5.96,5.97,5.98,5.99,6.0,6.01,6.02,6.05,6.06,6.08,200,1500,2700,1700,1600,13800,5200,5400,18200,28900,8600,13300,3300,6500,3900,1400,4000,11800,2300,500
421.0,5.96,276000,1639928.0,5.95,5.94,5.93,5.92,5.91,5.9,5.89,5.88,5.87,5.86,5.96,5.97,5.98,5.99,6.0,6.01,6.02,6.05,6.06,6.08,200,1500,2700,1700,1600,13800,5200,5400,18200,28900,8600,13300,3300,6500,3900,1400,4000,11800,2300,500
422.0,5.96,276000,1639928.0,5.95,5.94,5.93,5.92,5.91,5.9,5.89,5.88,5.87,5.86,5.96,5.97,5.98,5.99,6.0,6.01,6.02,6.05,6.06,6.08,200,1500,2700,1700,1600,13800,5200,5400,18200,28900,8600,13300,3300,6500,3900,1400,4000,11800,2300,500
423.0,5.96,276800,1644696.0,5.95,5.94,5.93,5.92,5.91,5.9,5.89,5.88,5.87,5.86,5.96,5.97,5.98,5.99,6.0,6.01,6.02,6.05,6.06,6.08,200,1500,2700,1700,1600,13800,5200,5400,18200,28900,7800,12800,3300,6500,3900,1400,4000,11800,2300,500
424.0,5.96,276800,1644696.0,5.95,5.94,5.93,5.92,5.91,5.9,5.89,5.88,5.87,5.86,5.96,5.97,5.98,5.99,6.0,6.01,6.02,6.05,6.06,6.08,200,1500,2700,1700,1600,13800,5200,5400,18200,28900,7800,12800,3300,6500,3900,1400,4000,11800,2300,500
425.0,5.96,276800,1644696.0,5.95,5.94,5.93,5.92,5.91,5.9,5.89,5.88,5.87,5.86,5.96,5.97,5.98,5.99,6.0,6.01,6.02,6.05,6.06,6.08,200,1500,2700,1700,1600,13800,5200,5400,18200,28900,7800,12800,3300,6500,3900,1400,4000,11800,2300,500
426.0,5.96,276800,1644696.0,5.95,5.94,5.93,5.92,5.91,5.9,5.89,5.88,5.87,5.86,5.96,5.97,5.98,5.99,6.0,6.01,6.02,6.05,6.06,6.08,200,1500,2700,1700,1600,13800,5200,5400,18200,28900,7800,12800,3300,6500,3900,1400,4000,11800,2300,500
427.0,5.96,277500,1648868.0,5.95,5.94,5.93,5.92,5.91,5.9,5.89,5.88,5.87,5.86,5.96,5.97,5.98,5.99,6.0,6.01,6.02,6.05,6.06,6.08,200,1500,2700,1700,1600,13800,5200,5400,18200,28900,7100,12800,3300,6500,3900,1400,4000,11800,2300,500
428.0,5.96,279200,1659000.0,5.95,5.94,5.93,5.92,5.91,5.9,5.89,5.88,5.87,5.86,5.96,5.97,5.98,5.99,6.0,6.01,6.02,6.05,6.06,6.08,200,1500,2700,1700,1600,13800,5200,5400,18200,28900,5500,12800,3300,6500,3900,1400,4000,11800,2300,500
429.0,5.96,279200,1659000.0,5.95,5.94,5.93,5.92,5.91,5.9,5.89,5.88,5.87,5.86,5.96,5.97,5.98,5.99,6.0,6.01,6.02,6.05,6.06,6.08,200,1500,2700,1700,1600,13800,5200,5400,18200,28900,5500,12800,3300,6500,3900,1400,4000,11800,2300,500
430.0,5.96,279200,1659000.0,5.95,5.94,5.93,5.92,5.91,5.9,5.89,5.88,5.87,5.86,5.96,5.97,5.98,5.99,6.0,6.01,6.02,6.05,6.06,6.08,200,1500,2700,1700,1600,13800,5200,5400,18200,28900,5500,12800,3300,6500,3900,1400,4000,11800,2300,500
431.0,5.96,279700,1661980.0,5.95,5.94,5.93,5.92,5.91,5.9,5.89,5.88,5.87,5.86,5.96,5.97,5.98,5.99,6.0,6.01,6.02,6.05,6.06,6.08,200,1500,2700,1700,1600,13800,5200,5400,18200,28900,5000,12800,3300,6500,3900,1400,4000,11800,2300,500
432.0,5.96,279700,1661980.0,5.95,5.94,5.93,5.92,5.91,5.9,5.89,5.88,5.87,5.86,5.96,5.97,5.98,5.99,6.0,6.01,6.02,6.05,6.06,6.08,200,1500,2700,1700,1600,13800,5200,5400,18200,28900,5000,12800,3300,6500,3900,1400,4000,11800,2300,500
433.0,5.96,279700,1661980.0,5.95,5.94,5.93,5.92,5.91,5.9,5.89,5.88,5.87,5.86,5.96,5.97,5.98,5.99,6.0,6.01,6.02,6.05,6.06,6.08,200,1500,2700,1700,1600,13800,5200,5400,18200,28900,5000,12800,3300,6500,3900,1400,4000,11800,2300,500
434.0,5.96,279700,1661980.0,5.95,5.94,5.93,5.92,5.91,5.9,5.89,5.88,5.87,5.86,5.96,5.97,5.98,5.99,6.0,6.01,6.02,6.05,6.06,6.08,200,1500,2700,1700,1600,13800,5200,5400,18200,28900,5000,12800,3300,6500,3900,1400,4000,11800,2300,500
435.0,5.96,279800,1662576.0,5.95,5.94,5.93,5.92,5.91,5.9,5.89,5.88,5.87,5.86,5.96,5.97,5.98,5.99,6.0,6.01,6.02,6.05,6.06,6.08,200,1500,2700,1700,1600,13800,15300,5400,18200,28900,4900,12900,3300,6500,3900,1400,4000,11800,2300,500
436.0,5.96,279800,1662576.0,5.95,5.94,5.93,5.92,5.91,5.9,5.89,5.88,5.87,5.86,5.96,5.97,5.98,5.99,6.0,6.01,6.02,6.05,6.06,6.08,200,1500,2700,1700,1600,13800,15300,5400,18200,28900,4900,12900,3300,6500,3900,1400,4000,11800,2300,500
437.0,5.96,279800,1662576.0,5.95,5.94,5.93,5.92,5.91,5.9,5.89,5.88,5.87,5.86,5.96,5.97,5.98,5.99,6.0,6.01,6.02,6.05,6.06,6.08,200,1500,2700,1700,1600,13800,15300,5400,18200,28900,4900,12900,3300,6500,3900,1400,4000,11800,2300,500
438.0,5.96,279800,1662576.0,5.95,5.94,5.93,5.92,5.91,5.9,5.89,5.88,5.87,5.86,5.96,5.97,5.98,5.99,6.0,6.01,6.02,6.05,6.06,6.08,200,1500,2700,1700,1600,13800,15300,5400,18200,28900,4900,12900,3300,6500,3900,1400,4000,11800,2300,500
