LocalTime,LastPrice,TradeVolume,TradeValue,BidPrice1,BidPrice2,BidPrice3,BidPrice4,BidPrice5,BidPrice6,BidPrice7,BidPrice8,BidPrice9,BidPriceA,AskPrice1,AskPrice2,AskPrice3,AskPrice4,AskPrice5,AskPrice6,AskPrice7,AskPrice8,AskPrice9,AskPriceA,BidVolume1,BidVolume2,BidVolume3,BidVolume4,BidVolume5,BidVolume6,BidVolume7,BidVolume8,BidVolume9,BidVolumeA,AskVolume1,AskVolume2,AskVolume3,AskVolume4,AskVolume5,AskVolume6,AskVolume7,AskVolume8,AskVolume9,AskVolumeA
0.0,12.97,2700,35019.0,13.0,12.81,12.8,12.77,12.75,12.7,12.58,12.39,12.22,11.69,13.07,13.18,13.19,13.2,13.21,13.25,13.26,13.28,13.29,13.3,1200,400,50700,500,400,1000,500,400,9600,300,200,27400,1900,11400,300,3700,100,500,400,11000
1.0,13.0,3300,42826.0,13.0,12.81,12.8,12.77,12.75,12.7,12.58,12.39,12.22,11.69,13.06,13.07,13.18,13.19,13.2,13.21,13.25,13.26,13.28,13.29,9200,400,50700,500,400,1000,500,400,9600,300,100,200,27400,1900,11400,300,3700,100,500,400
2.0,13.0,3900,50626.0,13.0,12.89,12.82,12.81,12.8,12.77,12.75,12.7,12.58,12.39,13.06,13.07,13.18,13.19,13.2,13.21,13.25,13.26,13.28,13.29,11200,500,400,400,50700,500,400,1200,500,400,200,200,27400,1900,11400,300,3700,100,500,1400
3.0,13.0,5500,71426.0,13.0,12.89,12.82,12.81,12.8,12.77,12.75,12.7,12.58,12.39,13.06,13.07,13.16,13.17,13.18,13.19,13.2,13.21,13.25,13.26,9600,500,400,400,50700,500,400,1200,500,400,200,800,3400,3000,27400,1900,21400,300,3700,100
4.0,13.0,6100,79226.0,13.01,13.0,12.89,12.82,12.81,12.8,12.77,12.75,12.7,12.58,13.06,13.07,13.16,13.17,13.18,13.19,13.2,13.21,13.25,13.26,1100,9000,500,400,1400,50700,500,400,1200,500,200,200,3400,3000,27500,1900,21400,300,3700,100
5.0,13.01,6200,80527.0,13.01,13.0,12.89,12.83,12.82,12.81,12.8,12.77,12.75,12.7,13.06,13.07,13.16,13.17,13.18,13.19,13.2,13.21,13.24,13.25,1000,9000,500,1300,400,1400,50700,500,400,1200,200,200,3400,3000,27500,1900,21400,300,3400,3700
6.0,13.01,6200,80527.0,13.01,13.0,12.89,12.83,12.82,12.81,12.8,12.77,12.75,12.7,13.06,13.07,13.16,13.17,13.18,13.19,13.2,13.21,13.24,13.25,1000,9000,500,1300,400,1400,50700,500,400,1200,200,200,3400,3900,27500,1900,21400,300,3400,5700
7.0,13.0,15800,205337.0,13.0,12.89,12.83,12.82,12.81,12.8,12.77,12.75,12.7,12.58,13.05,13.06,13.07,13.16,13.17,13.18,13.19,13.2,13.21,13.24,400,500,1300,400,1400,51300,500,400,1200,500,1100,300,700,3400,3900,27400,1900,21400,300,3400
8.0,12.89,16300,211826.0,12.89,12.83,12.82,12.81,12.8,12.77,12.75,12.7,12.58,12.39,13.0,13.02,13.05,13.06,13.07,13.16,13.17,13.18,13.19,13.2,400,1300,400,2400,51300,500,400,1200,500,400,2400,1400,1100,300,700,3400,3900,27400,1900,21400
9.0,12.89,16300,211826.0,12.89,12.83,12.82,12.81,12.8,12.77,12.75,12.7,12.58,12.39,13.0,13.02,13.05,13.06,13.07,13.16,13.17,13.18,13.19,13.2,400,1300,400,2400,51300,500,400,1200,500,400,2800,1400,1200,300,700,3400,3900,27400,1900,21400
10.0,13.0,16600,215726.0,12.89,12.83,12.82,12.81,12.8,12.77,12.75,12.7,12.58,12.39,13.0,13.01,13.02,13.05,13.06,13.07,13.16,13.17,13.18,13.19,400,1300,400,3400,51400,500,400,1200,500,400,3200,400,1400,2000,700,700,3400,3900,27400,1900
11.0,12.89,17800,231311.0,12.9,12.89,12.83,12.82,12.81,12.8,12.77,12.75,12.7,12.58,12.99,13.0,13.01,13.05,13.06,13.07,13.16,13.17,13.18,13.19,1800,300,1300,400,3400,51400,500,400,1200,500,300,2700,2600,1400,700,700,3400,5000,27400,1900
12.0,13.0,19500,253408.0,12.92,12.9,12.89,12.83,12.82,12.81,12.8,12.77,12.75,12.7,13.0,13.01,13.05,13.06,13.07,13.16,13.17,13.18,13.19,13.2,600,2700,300,1300,400,3400,51400,500,400,1200,1300,2200,1300,700,700,3400,5000,27400,1900,21400
13.0,12.99,21000,272893.0,12.93,12.92,12.9,12.89,12.83,12.82,12.81,12.8,12.77,12.75,12.99,13.0,13.01,13.05,13.06,13.07,13.16,13.17,13.18,13.19,1100,600,3300,300,1300,400,3600,51400,500,400,100,1300,2200,1300,700,700,3400,5000,27400,1900
14.0,12.93,22800,296210.0,12.92,12.9,12.89,12.88,12.83,12.82,12.81,12.8,12.77,12.75,12.93,13.0,13.01,13.05,13.06,13.07,13.16,13.17,13.18,13.19,600,3300,1200,800,1300,400,3600,51400,500,400,1900,1900,2200,1300,700,700,3400,5000,27400,1900
15.0,12.93,24800,322069.0,12.93,12.92,12.9,12.89,12.88,12.83,12.82,12.81,12.8,12.77,12.98,12.99,13.0,13.01,13.05,13.06,13.07,13.16,13.17,13.18,2300,500,2700,1200,800,1300,400,3600,51400,500,400,200,1700,2200,1300,700,700,3400,5000,27400
16.0,12.93,25000,324660.0,12.93,12.92,12.9,12.89,12.88,12.83,12.82,12.81,12.8,12.77,12.97,12.98,12.99,13.0,13.01,13.05,13.06,13.07,13.16,13.17,6500,500,2700,1200,1800,1300,400,3600,51400,500,700,600,300,1000,2200,1300,700,700,3400,5000
17.0,12.93,25000,324660.0,12.94,12.93,12.92,12.9,12.89,12.88,12.83,12.82,12.81,12.8,12.97,12.98,12.99,13.0,13.01,13.05,13.06,13.07,13.16,13.17,100,5800,500,2700,1200,1800,1300,400,3600,51400,800,600,300,1000,2200,1300,600,700,3400,5000
18.0,12.93,25800,335005.0,12.93,12.92,12.9,12.89,12.88,12.83,12.82,12.81,12.8,12.77,12.97,12.98,12.99,13.0,13.01,13.05,13.06,13.07,13.15,13.16,5100,500,2700,1200,1800,1300,400,3600,51400,500,900,600,300,1000,2200,1300,600,700,200,3400
19.0,12.93,25800,335005.0,12.93,12.92,12.9,12.89,12.88,12.83,12.82,12.81,12.8,12.77,12.96,12.97,12.98,12.99,13.0,13.01,13.05,13.06,13.07,13.15,5100,500,2700,1200,1800,1300,400,3600,51400,500,400,900,600,200,1000,2200,1300,600,700,200
20.0,12.93,25900,336298.0,12.93,12.92,12.9,12.89,12.88,12.83,12.82,12.81,12.8,12.77,12.95,12.96,12.97,12.98,13.0,13.01,13.05,13.06,13.07,13.15,3700,500,2700,1200,1000,1300,400,3600,51400,500,100,400,1200,600,800,2200,1300,600,700,200
21.0,12.93,25900,336298.0,12.94,12.93,12.92,12.9,12.89,12.88,12.83,12.82,12.81,12.8,12.95,12.96,12.97,12.98,13.0,13.01,13.05,13.06,13.07,13.15,300,3500,500,2700,1200,1000,1300,400,3600,51400,100,400,1200,600,800,2200,1300,600,700,200
22.0,12.93,25900,336298.0,12.94,12.93,12.92,12.9,12.89,12.88,12.83,12.82,12.81,12.8,12.95,12.96,12.97,12.98,12.99,13.0,13.01,13.05,13.06,13.07,300,3500,500,2700,1200,1000,1300,400,3600,51400,100,400,1200,600,400,800,2200,1300,600,700
23.0,12.93,26300,341473.0,12.93,12.92,12.9,12.89,12.88,12.83,12.82,12.81,12.8,12.77,12.95,12.96,12.97,12.98,12.99,13.0,13.01,13.05,13.06,13.07,3400,500,2700,1200,1000,1300,400,3600,51400,500,100,400,1200,600,400,800,2200,1300,600,700
24.0,12.95,26400,342768.0,12.93,12.92,12.9,12.89,12.88,12.83,12.82,12.81,12.8,12.77,12.95,12.96,12.97,12.98,12.99,13.0,13.05,13.06,13.07,13.15,3400,500,1800,300,1000,1300,400,3600,51400,500,400,400,1200,800,400,800,11300,600,700,200
25.0,12.93,31000,402270.0,12.92,12.9,12.89,12.88,12.83,12.82,12.81,12.8,12.77,12.75,12.97,12.98,12.99,13.0,13.05,13.06,13.07,13.15,13.16,13.17,500,1800,300,1000,1300,400,3600,51400,500,400,1100,800,400,800,11300,600,200,200,3400,5000
26.0,12.93,31000,402270.0,12.93,12.92,12.9,12.89,12.88,12.83,12.82,12.81,12.8,12.77,12.95,12.96,12.97,12.98,12.99,13.0,13.05,13.06,13.07,13.15,1600,500,1800,300,1000,1300,400,3600,51400,500,800,100,1100,800,400,800,11300,600,200,200
27.0,12.93,31000,402270.0,12.93,12.92,12.9,12.89,12.88,12.83,12.82,12.81,12.8,12.77,12.95,12.96,12.97,12.98,12.99,13.0,13.05,13.06,13.07,13.15,1600,500,1800,300,1000,1300,400,3600,51400,500,1100,100,1100,800,400,800,11300,600,200,200
28.0,12.93,32000,415200.0,12.93,12.92,12.9,12.89,12.88,12.83,12.82,12.81,12.8,12.77,12.95,12.96,12.97,12.98,12.99,13.0,13.05,13.06,13.07,13.15,600,500,1800,300,1000,1300,400,3600,51400,500,1100,100,600,600,400,700,11300,600,200,200
29.0,12.93,32300,419079.0,12.93,12.92,12.9,12.89,12.88,12.83,12.82,12.81,12.8,12.77,12.95,12.96,12.97,12.98,12.99,13.0,13.05,13.06,13.07,13.15,300,500,1800,300,1000,1300,400,3600,51400,500,1100,100,600,600,400,700,11300,600,200,200
30.0,12.93,32600,422958.0,12.92,12.9,12.89,12.88,12.83,12.82,12.81,12.8,12.77,12.75,12.93,12.95,12.96,12.97,12.98,12.99,13.0,13.05,13.06,13.07,500,1800,300,1000,1300,400,3600,51400,500,400,3800,1100,100,600,600,400,700,11300,600,200
31.0,12.93,33900,439767.0,12.92,12.9,12.89,12.88,12.83,12.82,12.81,12.8,12.77,12.75,12.93,12.95,12.96,12.97,12.98,12.99,13.0,13.05,13.06,13.07,500,1800,300,1000,1300,400,3600,51400,500,400,2500,1100,100,600,600,400,700,11300,600,200
32.0,12.93,33900,439767.0,12.92,12.9,12.89,12.88,12.83,12.82,12.81,12.8,12.77,12.75,12.93,12.95,12.96,12.97,12.98,12.99,13.0,13.05,13.06,13.07,500,1800,300,1000,1300,400,3600,51400,500,400,2500,1100,100,600,600,400,700,11300,600,200
33.0,12.93,33900,439767.0,12.92,12.9,12.89,12.88,12.83,12.82,12.81,12.8,12.77,12.75,12.93,12.95,12.96,12.97,12.98,12.99,13.0,13.05,13.06,13.07,500,1800,300,1000,1300,400,3600,51400,500,400,2500,1100,100,900,600,400,700,11300,600,200
34.0,12.93,34100,442353.0,12.92,12.9,12.89,12.88,12.83,12.82,12.81,12.8,12.77,12.75,12.93,12.96,12.97,12.98,12.99,13.0,13.05,13.06,13.07,13.15,500,1800,300,1000,1300,400,3600,51400,500,400,2400,100,900,600,400,700,11300,600,200,200
35.0,12.92,34800,451399.0,12.9,12.89,12.88,12.83,12.82,12.81,12.8,12.77,12.75,12.73,12.92,12.93,12.96,12.97,12.98,12.99,13.0,13.05,13.06,13.07,1800,300,1000,1300,400,3600,51400,500,400,400,100,2500,100,800,600,400,700,11300,600,200
36.0,12.93,35000,453984.0,12.9,12.89,12.88,12.83,12.82,12.81,12.8,12.77,12.75,12.73,12.93,12.96,12.97,12.98,12.99,13.0,13.05,13.06,13.07,13.15,1800,300,1000,1300,400,3600,51400,500,400,400,2400,100,800,600,400,700,11300,600,200,200
37.0,12.93,35200,456570.0,12.9,12.89,12.88,12.83,12.82,12.81,12.8,12.77,12.75,12.73,12.93,12.96,12.97,12.98,12.99,13.0,13.05,13.06,13.07,13.15,1800,300,1000,1300,400,3600,51400,500,400,400,2200,100,800,600,400,700,11300,600,200,200
38.0,12.93,36500,473374.0,12.9,12.89,12.88,12.83,12.82,12.81,12.8,12.77,12.75,12.73,12.93,12.96,12.97,12.98,12.99,13.0,13.05,13.06,13.07,13.15,1800,300,1000,1300,400,3600,51400,500,400,400,1400,100,400,600,400,700,11300,600,200,200
39.0,12.93,36500,473374.0,12.9,12.89,12.88,12.83,12.82,12.81,12.8,12.77,12.75,12.73,12.92,12.93,12.96,12.97,12.98,12.99,13.0,13.05,13.06,13.07,1800,300,1000,1300,400,3600,51400,500,400,400,400,2300,100,400,600,400,700,11300,600,200
40.0,12.93,36500,473374.0,12.9,12.89,12.88,12.83,12.82,12.81,12.8,12.77,12.75,12.73,12.92,12.93,12.96,12.97,12.98,12.99,13.0,13.05,13.06,13.07,1800,300,1000,1300,400,3600,51400,500,400,400,400,3100,100,400,600,400,700,11300,600,200
41.0,12.93,36500,473374.0,12.9,12.89,12.88,12.83,12.82,12.81,12.8,12.77,12.75,12.73,12.92,12.93,12.97,12.98,12.99,13.0,13.05,13.06,13.07,13.15,900,300,1000,1300,400,3600,51400,500,400,400,700,2700,400,600,400,600,11300,600,200,200
42.0,12.92,36600,474666.0,12.9,12.89,12.88,12.83,12.82,12.81,12.8,12.77,12.75,12.73,12.91,12.92,12.93,12.97,12.98,13.0,13.05,13.06,13.07,13.15,900,300,1000,1300,400,3600,51400,500,400,400,100,600,2700,400,300,600,11300,600,200,200
43.0,12.92,36600,474666.0,12.9,12.89,12.88,12.83,12.82,12.81,12.8,12.77,12.75,12.73,12.91,12.92,12.93,12.97,12.98,13.0,13.05,13.06,13.07,13.15,900,300,1000,1300,400,3600,51400,500,400,400,100,600,2700,400,300,600,11300,600,200,200
44.0,12.92,36600,474666.0,12.89,12.88,12.83,12.82,12.81,12.8,12.77,12.75,12.73,12.7,12.91,12.92,12.93,12.95,12.97,12.98,13.0,13.05,13.06,13.07,300,1000,1300,400,3600,51400,500,400,400,1200,100,600,1900,1000,400,300,600,11300,600,200
45.0,12.89,36700,475955.0,12.89,12.88,12.83,12.82,12.81,12.8,12.77,12.75,12.73,12.7,12.91,12.92,12.93,12.95,12.97,12.98,13.0,13.05,13.06,13.07,200,1000,1300,400,3600,51400,500,400,400,1200,100,600,2100,1000,400,300,600,11300,600,200
46.0,12.89,36700,475955.0,12.89,12.88,12.83,12.82,12.81,12.8,12.77,12.75,12.73,12.7,12.91,12.92,12.93,12.95,12.97,12.98,13.0,13.05,13.06,13.07,200,1000,1300,400,3600,51400,500,400,400,1200,100,600,2200,1000,400,300,600,11300,600,200
47.0,12.89,36700,475955.0,12.89,12.88,12.83,12.82,12.81,12.8,12.77,12.75,12.73,12.7,12.91,12.92,12.93,12.95,12.97,12.98,13.0,13.05,13.06,13.07,200,1000,1300,400,3600,51400,500,400,400,1200,100,600,1500,1000,400,300,600,11300,600,200
48.0,12.89,36700,475955.0,12.89,12.88,12.83,12.82,12.81,12.8,12.77,12.75,12.73,12.7,12.9,12.91,12.92,12.93,12.95,12.97,12.98,13.0,13.05,13.06,200,1000,1300,400,3600,51400,500,400,400,1200,100,200,600,500,1000,400,300,600,11300,600
49.0,12.89,36900,478533.0,12.88,12.83,12.82,12.81,12.8,12.77,12.75,12.73,12.7,12.58,12.89,12.9,12.91,12.92,12.93,12.95,12.97,12.98,13.0,13.05,1000,1300,400,3600,51400,500,400,400,1200,500,100,100,200,600,500,1000,400,300,600,11300
50.0,12.89,37000,479822.0,12.88,12.83,12.82,12.81,12.8,12.77,12.75,12.73,12.7,12.58,12.89,12.9,12.91,12.92,12.93,12.95,12.97,12.98,13.0,13.05,1000,1300,400,3600,51400,500,400,400,1200,500,100,100,200,600,100,1000,300,300,600,11300
51.0,12.89,37100,481111.0,12.89,12.88,12.83,12.82,12.81,12.8,12.77,12.75,12.73,12.7,12.9,12.91,12.92,12.93,12.95,12.97,12.98,13.0,13.05,13.06,100,1000,1300,400,3600,51400,500,400,400,1200,100,200,600,100,1000,300,300,600,11300,600
52.0,12.89,37200,482400.0,12.88,12.83,12.82,12.81,12.8,12.77,12.75,12.73,12.7,12.58,12.89,12.9,12.91,12.92,12.93,12.95,12.97,12.98,13.0,13.05,1000,1300,400,3600,51400,500,400,400,1200,500,200,100,200,600,100,1000,300,300,600,11300
53.0,12.89,37200,482400.0,12.88,12.83,12.82,12.81,12.8,12.77,12.75,12.73,12.7,12.58,12.89,12.9,12.91,12.92,12.93,12.95,12.97,12.98,13.0,13.05,1000,1300,400,3600,51400,500,400,400,1200,500,200,100,200,600,100,1000,300,300,600,11300
54.0,12.89,37200,482400.0,12.88,12.83,12.82,12.81,12.8,12.77,12.75,12.73,12.7,12.58,12.89,12.9,12.91,12.92,12.95,12.97,12.98,13.0,13.05,13.06,1000,1300,400,3600,51400,500,400,400,1200,500,300,100,200,600,1000,300,300,600,11300,600
55.0,12.89,37200,482400.0,12.88,12.83,12.82,12.81,12.8,12.77,12.75,12.73,12.7,12.58,12.89,12.9,12.91,12.92,12.95,12.97,12.98,13.0,13.05,13.06,1000,1300,400,3600,51400,500,400,400,1200,500,600,100,200,600,1000,300,300,600,11300,600
56.0,12.88,37300,483688.0,12.88,12.83,12.82,12.81,12.8,12.77,12.75,12.73,12.7,12.58,12.89,12.9,12.91,12.92,12.95,12.97,12.98,13.0,13.05,13.06,900,1300,400,3600,51400,500,400,400,1200,500,400,100,200,600,1000,300,300,600,11300,600
57.0,12.89,37500,486266.0,12.88,12.83,12.82,12.81,12.8,12.77,12.75,12.73,12.7,12.58,12.89,12.9,12.91,12.92,12.93,12.95,12.97,12.98,13.0,13.05,900,1300,400,3600,51400,500,400,400,1200,500,200,100,200,600,400,1000,300,300,600,11300
58.0,12.89,37500,486266.0,12.88,12.83,12.82,12.81,12.8,12.77,12.75,12.73,12.7,12.58,12.89,12.9,12.91,12.92,12.93,12.95,12.97,12.98,13.0,13.05,900,1300,400,3600,51400,500,400,400,1200,500,500,100,100,600,400,1000,300,300,600,11300
59.0,12.88,38200,495282.0,12.88,12.83,12.82,12.81,12.8,12.77,12.75,12.73,12.7,12.58,12.89,12.9,12.91,12.92,12.93,12.95,12.97,12.98,13.0,13.05,200,1300,400,3600,51400,500,400,400,1200,500,300,100,100,600,400,1000,300,300,600,11300
60.0,12.88,38200,495282.0,12.88,12.83,12.82,12.81,12.8,12.77,12.75,12.73,12.7,12.58,12.89,12.9,12.91,12.92,12.93,12.95,12.97,12.98,13.0,13.05,200,1300,400,3600,51400,500,400,400,1200,500,300,100,100,600,400,1000,300,300,600,11300
61.0,12.88,38400,497858.0,12.85,12.83,12.82,12.81,12.8,12.77,12.75,12.73,12.7,12.58,12.88,12.89,12.9,12.91,12.92,12.93,12.95,12.97,12.98,13.0,700,1300,400,3600,51400,500,400,400,1200,500,300,500,100,100,600,400,1000,300,300,600
62.0,12.88,38500,499146.0,12.85,12.83,12.82,12.81,12.8,12.77,12.75,12.73,12.7,12.58,12.88,12.89,12.9,12.91,12.92,12.93,12.95,12.97,12.98,13.0,700,1300,400,3600,51400,500,400,400,1200,500,400,500,100,100,600,400,1000,300,300,600
63.0,12.88,38500,499146.0,12.85,12.83,12.82,12.81,12.8,12.77,12.75,12.73,12.7,12.58,12.88,12.89,12.9,12.92,12.93,12.95,12.97,12.98,13.0,13.05,700,1300,400,3600,51400,500,400,400,1200,500,4200,500,100,600,400,1000,300,300,600,11300
64.0,12.88,38500,499146.0,12.85,12.83,12.82,12.81,12.8,12.77,12.75,12.73,12.7,12.58,12.88,12.89,12.9,12.92,12.93,12.95,12.97,12.98,13.0,13.05,700,1300,400,3600,51400,500,400,400,1200,500,4500,500,100,600,400,1000,300,300,600,11300
65.0,12.88,40700,527476.0,12.85,12.83,12.82,12.81,12.8,12.77,12.75,12.73,12.7,12.58,12.88,12.89,12.9,12.92,12.93,12.95,12.97,12.98,13.0,13.05,1300,1300,400,3600,51400,500,400,400,1200,500,2600,300,100,600,400,1000,300,300,600,11300
66.0,12.88,40700,527476.0,12.85,12.83,12.82,12.81,12.8,12.77,12.75,12.73,12.7,12.58,12.87,12.88,12.89,12.9,12.92,12.93,12.95,12.97,12.98,13.0,1300,1300,400,3600,51400,500,400,400,1200,500,500,2600,200,100,600,400,1000,300,300,600
67.0,12.88,40700,527476.0,12.85,12.83,12.82,12.81,12.8,12.77,12.75,12.73,12.7,12.58,12.87,12.88,12.89,12.9,12.92,12.93,12.95,12.97,12.98,13.0,1300,1300,1400,3600,51400,500,400,400,1200,500,500,4100,200,100,600,400,1000,300,300,600
68.0,12.88,41700,540351.0,12.86,12.85,12.83,12.82,12.81,12.8,12.77,12.75,12.73,12.7,12.88,12.89,12.9,12.92,12.93,12.95,12.97,12.98,13.0,13.05,200,1300,1300,1400,3600,51400,500,400,400,1200,3400,200,100,600,400,1000,300,300,600,11300
69.0,12.88,41700,540351.0,12.86,12.85,12.83,12.82,12.81,12.8,12.77,12.75,12.73,12.7,12.88,12.89,12.9,12.92,12.93,12.95,12.97,12.98,13.0,13.05,200,1300,1300,1400,3600,51400,500,400,400,1200,3400,200,100,600,400,1000,300,300,600,11300
70.0,12.88,46000,595735.0,12.86,12.85,12.83,12.82,12.81,12.8,12.77,12.75,12.73,12.7,12.88,12.89,12.9,12.92,12.93,12.95,12.97,12.98,13.0,13.05,200,1300,1300,1400,3600,51400,500,400,400,1200,400,200,100,600,400,1000,300,300,600,11300
71.0,12.9,48200,624081.0,12.88,12.87,12.86,12.85,12.83,12.82,12.81,12.8,12.77,12.75,12.92,12.93,12.97,12.98,13.0,13.05,13.06,13.07,13.09,13.15,1100,700,800,1300,1300,1400,3600,51400,500,400,400,400,300,300,600,11300,200,200,3800,200
72.0,12.88,49000,634385.0,12.88,12.87,12.86,12.85,12.83,12.82,12.81,12.8,12.77,12.75,12.92,12.93,12.97,12.98,13.0,13.05,13.06,13.07,13.09,13.15,300,700,800,1300,1300,1400,3600,51400,500,400,400,400,300,300,600,11300,200,200,3800,200
73.0,12.88,49300,638249.0,12.87,12.86,12.85,12.83,12.82,12.81,12.8,12.77,12.75,12.73,12.88,12.92,12.93,12.97,12.98,13.0,13.05,13.06,13.07,13.09,700,800,1300,1300,1400,3600,51400,500,400,400,900,600,400,300,300,600,11300,200,200,3800
74.0,12.88,50300,651129.0,12.88,12.87,12.86,12.85,12.83,12.82,12.81,12.8,12.77,12.75,12.91,12.92,12.93,12.97,12.98,13.0,13.05,13.06,13.07,13.09,1300,1000,200,1300,1300,1400,3600,51400,500,400,1600,600,400,300,300,600,11300,200,200,3800
75.0,12.88,50300,651129.0,12.88,12.87,12.86,12.85,12.83,12.82,12.81,12.8,12.77,12.75,12.91,12.92,12.93,12.97,12.98,13.0,13.05,13.06,13.07,13.09,2300,1500,200,1300,1300,1400,3600,51400,500,400,1600,600,400,300,300,600,11300,200,200,3800
76.0,12.88,50700,656281.0,12.88,12.87,12.86,12.85,12.83,12.82,12.81,12.8,12.77,12.75,12.91,12.92,12.93,12.97,13.0,13.05,13.06,13.07,13.09,13.15,1900,1500,200,1300,1300,1400,3600,51400,500,400,1600,600,400,300,600,11300,200,200,3800,200
77.0,12.91,51000,660154.0,12.88,12.87,12.86,12.85,12.83,12.82,12.81,12.8,12.77,12.75,12.91,12.92,12.93,12.97,13.0,13.05,13.06,13.07,13.09,13.15,1900,1500,200,1300,1300,1400,3600,51400,500,400,1300,600,400,300,600,11300,200,200,3800,200
78.0,12.91,51100,661445.0,12.88,12.87,12.86,12.85,12.83,12.82,12.81,12.8,12.77,12.75,12.91,12.92,12.93,12.97,13.0,13.05,13.06,13.07,13.09,13.15,1900,1500,200,1300,1300,1400,3600,51400,500,400,1700,800,400,300,600,11300,200,200,3800,200
79.0,12.88,52300,676901.0,12.88,12.87,12.86,12.85,12.83,12.82,12.81,12.8,12.77,12.75,12.9,12.91,12.92,12.93,12.97,13.0,13.05,13.06,13.07,13.09,700,1500,200,1300,1300,1400,3600,51400,500,400,800,500,800,400,300,600,11300,200,200,3800
80.0,13.05,59100,765117.0,12.94,12.91,12.88,12.87,12.86,12.85,12.83,12.82,12.81,12.8,13.01,13.02,13.03,13.04,13.05,13.06,13.07,13.09,13.15,13.17,1600,4600,1100,1500,200,500,1300,1400,3600,51400,2200,2600,1600,1800,9300,200,200,3800,200,5000
81.0,12.91,63000,815510.0,12.91,12.88,12.87,12.86,12.85,12.83,12.82,12.81,12.8,12.77,12.94,12.95,13.0,13.01,13.02,13.03,13.04,13.05,13.06,13.07,1200,1100,1500,200,500,1300,1400,3600,51400,500,100,600,3400,8400,2600,1600,1800,9300,200,200
82.0,12.9,64700,837450.0,12.9,12.89,12.88,12.87,12.86,12.85,12.83,12.82,12.81,12.8,12.93,13.0,13.01,13.02,13.03,13.04,13.05,13.06,13.07,13.09,1000,600,1100,1500,200,500,1300,1400,3600,51400,800,3400,8100,2600,1600,1800,9300,200,200,3800
83.0,12.93,67800,877645.0,12.91,12.89,12.88,12.87,12.86,12.85,12.83,12.82,12.81,12.8,12.92,12.96,13.01,13.02,13.03,13.04,13.05,13.06,13.07,13.09,300,500,600,1500,200,500,1300,1400,3600,51400,100,1800,8100,2600,1600,1800,9300,200,200,3800
84.0,12.91,69700,902174.0,12.89,12.88,12.87,12.85,12.83,12.82,12.81,12.8,12.77,12.75,12.91,12.92,12.96,13.01,13.02,13.04,13.05,13.06,13.07,13.09,1300,600,1500,500,1300,1400,3600,51400,500,400,1900,100,1800,8100,2600,1800,9300,200,200,3800
85.0,12.91,69900,904756.0,12.89,12.88,12.87,12.85,12.83,12.82,12.81,12.8,12.77,12.75,12.91,12.92,12.96,13.01,13.02,13.04,13.05,13.06,13.07,13.09,1100,600,1500,500,1300,1400,3600,51400,500,400,2500,100,1800,8100,2600,1800,9300,200,200,3800
86.0,12.9,70500,912496.0,12.89,12.88,12.87,12.85,12.83,12.82,12.81,12.8,12.77,12.75,12.9,12.91,12.96,13.01,13.02,13.04,13.05,13.06,13.07,13.09,1100,600,1500,500,1300,1400,3600,51400,500,400,200,2500,1800,8100,2600,1800,9300,200,200,3800
87.0,12.9,70500,912496.0,12.89,12.88,12.87,12.85,12.83,12.82,12.81,12.8,12.77,12.75,12.9,12.91,12.95,12.96,13.01,13.02,13.04,13.05,13.06,13.07,1100,600,1500,500,1300,1400,3600,51400,500,400,200,2500,100,1800,8100,2600,1800,9300,200,200
88.0,12.9,70600,913786.0,12.89,12.88,12.87,12.85,12.83,12.82,12.81,12.8,12.77,12.75,12.9,12.91,12.96,13.01,13.02,13.04,13.05,13.06,13.07,13.09,1800,600,1500,500,1300,1400,3600,51400,500,400,1000,3000,1800,8100,2600,1800,9300,200,200,3800
89.0,12.9,70900,917656.0,12.89,12.88,12.87,12.85,12.83,12.82,12.81,12.8,12.77,12.75,12.9,12.91,12.92,12.96,13.01,13.02,13.04,13.05,13.06,13.07,1600,600,1500,500,1300,1400,3600,51400,500,400,700,2700,300,1800,8100,2600,1800,9300,200,200
90.0,12.9,70900,917656.0,12.89,12.88,12.87,12.85,12.83,12.82,12.81,12.8,12.77,12.75,12.9,12.91,12.92,12.96,13.01,13.02,13.04,13.05,13.06,13.07,1600,600,1500,500,1300,1400,3600,51400,500,400,700,2700,300,1800,8100,2600,1800,9300,200,200
91.0,12.89,71500,925395.0,12.89,12.88,12.87,12.85,12.83,12.82,12.81,12.8,12.77,12.75,12.9,12.91,12.92,12.96,13.01,13.02,13.04,13.05,13.06,13.07,1500,600,1500,500,1300,1400,3600,51400,500,400,1000,2700,300,1800,8100,2600,1800,9300,200,200
92.0,12.9,71800,929265.0,12.89,12.88,12.87,12.85,12.83,12.82,12.81,12.8,12.77,12.75,12.9,12.91,12.92,12.96,13.01,13.02,13.04,13.05,13.06,13.07,1500,600,1500,500,1300,1400,3600,51400,500,400,700,2200,300,1800,8100,2600,1800,9300,200,200
93.0,12.9,71800,929265.0,12.89,12.88,12.87,12.85,12.83,12.82,12.81,12.8,12.77,12.75,12.9,12.91,12.92,12.96,13.01,13.02,13.04,13.05,13.06,13.07,1500,1600,1500,500,1300,1400,3600,51400,500,400,700,500,300,1800,8100,2600,1800,9300,200,200
94.0,12.9,71800,929265.0,12.89,12.88,12.87,12.86,12.85,12.83,12.82,12.81,12.8,12.77,12.9,12.91,12.92,12.96,13.01,13.02,13.04,13.05,13.06,13.07,1500,1600,1500,1000,500,1300,1400,3600,51400,500,1400,500,300,1800,8100,2600,1800,9300,200,200
95.0,12.9,72100,933135.0,12.89,12.88,12.87,12.86,12.85,12.83,12.82,12.81,12.8,12.77,12.9,12.91,12.92,12.96,13.01,13.02,13.04,13.05,13.06,13.07,1500,1600,1500,1000,500,1300,1400,3600,51400,500,700,500,300,1800,8100,2600,1800,9300,200,200
96.0,12.89,74200,960204.0,12.88,12.87,12.86,12.85,12.83,12.82,12.81,12.8,12.77,12.75,12.89,12.9,12.91,12.92,12.96,13.01,13.02,13.04,13.05,13.06,1600,1500,1000,500,1600,1400,3600,51400,500,400,2100,700,500,300,1800,400,2600,1800,9300,200
97.0,12.89,74200,960204.0,12.88,12.87,12.86,12.85,12.83,12.82,12.81,12.8,12.77,12.75,12.89,12.9,12.91,12.92,12.96,13.01,13.02,13.04,13.05,13.06,1900,1500,1000,500,1600,1400,3600,51400,500,400,2500,700,500,300,1800,400,2600,1800,9300,200
98.0,12.89,74400,962782.0,12.88,12.87,12.86,12.85,12.83,12.82,12.81,12.8,12.77,12.75,12.89,12.91,12.92,12.96,13.01,13.02,13.04,13.05,13.06,13.07,1900,1500,1000,500,1600,1400,3600,51400,500,400,2300,500,300,1800,400,2600,1800,9300,200,200
99.0,12.89,74800,967938.0,12.88,12.87,12.86,12.85,12.83,12.82,12.81,12.8,12.77,12.75,12.89,12.91,12.92,12.96,13.01,13.02,13.04,13.05,13.06,13.07,1900,1500,1000,500,1600,1400,3600,51400,500,400,1900,500,300,1800,400,2600,1800,9300,200,200
100.0,12.88,75000,970514.0,12.88,12.87,12.86,12.85,12.83,12.82,12.81,12.8,12.77,12.75,12.89,12.91,12.92,12.96,13.01,13.02,13.04,13.05,13.06,13.07,1700,1500,1000,500,1600,1400,3600,51400,500,400,2500,500,300,1800,400,2600,1800,9300,200,200
101.0,12.89,75200,973092.0,12.88,12.87,12.86,12.85,12.83,12.82,12.81,12.8,12.77,12.75,12.89,12.91,12.92,12.96,13.01,13.02,13.04,13.05,13.06,13.07,1700,1500,1000,500,1600,1400,3600,51400,500,400,1900,500,300,1800,400,2600,1800,9300,200,200
102.0,12.89,75300,974381.0,12.88,12.87,12.86,12.85,12.83,12.82,12.81,12.8,12.77,12.75,12.89,12.91,12.92,12.96,13.01,13.02,13.04,13.05,13.06,13.07,2300,1500,1000,500,1600,1400,3600,51400,500,400,1800,500,300,1800,400,2600,1800,9300,200,200
103.0,12.88,75900,982109.0,12.88,12.87,12.86,12.85,12.83,12.82,12.81,12.8,12.77,12.75,12.89,12.91,12.92,12.96,13.01,13.02,13.04,13.05,13.06,13.07,1700,1500,1000,500,1600,1400,3600,51400,500,400,4800,500,300,1800,400,2600,1800,9300,200,200
104.0,12.89,76300,987265.0,12.88,12.87,12.86,12.85,12.83,12.82,12.81,12.8,12.77,12.75,12.89,12.91,12.92,12.96,13.01,13.02,13.04,13.05,13.06,13.07,1700,1500,1000,500,1600,1400,3600,51400,500,400,3800,500,300,1800,400,2600,1800,9300,200,200
105.0,12.89,76300,987265.0,12.88,12.87,12.86,12.85,12.83,12.82,12.81,12.8,12.77,12.75,12.89,12.91,12.92,12.96,13.01,13.02,13.04,13.05,13.06,13.07,1700,1500,1000,500,1600,1400,3600,51400,500,400,3800,500,300,1800,400,2600,1800,9300,200,200
106.0,12.89,78500,1015603.0,12.87,12.86,12.85,12.83,12.82,12.81,12.8,12.77,12.75,12.73,12.89,12.91,12.92,12.96,13.02,13.04,13.05,13.06,13.07,13.09,1500,1000,500,1600,1400,3600,51400,500,400,400,3600,500,300,1800,2600,1800,9300,200,200,3800
107.0,12.89,78800,1019470.0,12.87,12.86,12.85,12.83,12.82,12.81,12.8,12.77,12.75,12.73,12.88,12.89,12.91,12.92,12.96,13.02,13.04,13.05,13.06,13.07,1500,1000,500,1600,1400,3600,51400,500,400,400,200,3000,500,300,1800,2600,1800,9300,200,200
108.0,12.87,78900,1020757.0,12.87,12.86,12.85,12.83,12.82,12.81,12.8,12.77,12.75,12.73,12.88,12.89,12.91,12.92,12.96,13.02,13.04,13.05,13.06,13.07,1400,1000,500,1600,1400,3600,51400,500,400,400,200,3000,500,300,1800,2600,1800,9300,200,200
109.0,12.88,79300,1025909.0,12.87,12.86,12.85,12.83,12.82,12.81,12.8,12.77,12.75,12.73,12.88,12.89,12.91,12.92,12.96,13.02,13.04,13.05,13.06,13.07,1400,1000,500,1600,1400,3600,51400,500,400,400,900,3000,500,300,1800,2600,1800,9300,200,200
110.0,12.88,79300,1025909.0,12.87,12.86,12.85,12.83,12.82,12.81,12.8,12.77,12.75,12.73,12.88,12.89,12.91,12.92,12.96,13.02,13.04,13.05,13.06,13.07,1400,1000,500,1600,1400,3600,51400,500,400,400,900,3000,500,300,1800,2600,1800,9300,200,200
111.0,12.88,79400,1027197.0,12.87,12.86,12.85,12.83,12.82,12.81,12.8,12.77,12.75,12.73,12.88,12.89,12.91,12.92,12.96,13.02,13.04,13.05,13.06,13.07,2000,1000,500,1600,1400,3600,51400,500,400,400,1100,3000,500,300,1800,2600,1800,9300,200,200
112.0,12.87,80200,1037493.0,12.87,12.86,12.85,12.83,12.82,12.81,12.8,12.77,12.75,12.73,12.88,12.89,12.91,12.92,12.96,13.02,13.04,13.05,13.06,13.07,1200,1000,500,1600,1400,6600,51400,500,400,400,1100,3000,500,300,1800,2600,1800,9300,200,200
113.0,12.87,80200,1037493.0,12.87,12.86,12.85,12.83,12.82,12.81,12.8,12.77,12.75,12.73,12.88,12.89,12.91,12.92,12.96,13.02,13.04,13.05,13.06,13.07,1200,1000,500,1600,1400,6600,51400,500,400,400,400,3000,500,300,1800,2600,1800,9300,200,200
114.0,12.87,80200,1037493.0,12.87,12.86,12.85,12.83,12.82,12.81,12.8,12.77,12.75,12.73,12.88,12.89,12.91,12.92,12.96,13.02,13.04,13.05,13.06,13.07,1200,1000,500,1600,1400,6600,51400,500,400,400,400,3000,500,300,1800,2600,1800,9300,200,200
115.0,12.87,81000,1047789.0,12.87,12.86,12.85,12.83,12.82,12.81,12.8,12.77,12.75,12.73,12.88,12.89,12.91,12.92,12.96,13.02,13.04,13.05,13.06,13.07,400,1000,500,1600,1400,6600,51400,500,400,400,400,3000,500,300,1800,2600,1800,9300,200,200
116.0,12.87,81000,1047789.0,12.87,12.86,12.85,12.83,12.82,12.81,12.8,12.77,12.75,12.73,12.88,12.89,12.91,12.92,12.96,13.02,13.04,13.05,13.06,13.07,400,1000,500,1600,1400,6600,51400,500,400,400,700,3000,500,300,1800,2600,1800,9300,200,200
117.0,12.87,81000,1047789.0,12.87,12.86,12.85,12.83,12.82,12.81,12.8,12.77,12.75,12.73,12.88,12.89,12.91,12.92,12.96,13.02,13.04,13.05,13.06,13.07,400,1000,500,1600,1400,6600,51400,500,400,400,700,3000,500,300,1800,2600,1800,9300,200,200
118.0,12.87,81400,1052937.0,12.86,12.85,12.83,12.82,12.81,12.8,12.77,12.75,12.73,12.7,12.87,12.88,12.89,12.91,12.92,12.96,13.02,13.04,13.05,13.06,1700,500,1600,1400,6600,51400,500,400,400,4200,200,700,3000,500,300,1800,2600,1800,9300,200
119.0,12.87,81600,1055511.0,12.87,12.86,12.85,12.83,12.82,12.81,12.8,12.77,12.75,12.73,12.88,12.89,12.91,12.92,12.96,13.02,13.04,13.05,13.06,13.07,700,1700,500,1600,1400,6600,51400,500,400,400,700,3000,500,300,1800,2600,1800,9300,200,200
120.0,12.87,81600,1055511.0,12.87,12.86,12.85,12.83,12.82,12.81,12.8,12.77,12.75,12.73,12.88,12.89,12.91,12.92,12.96,13.02,13.04,13.05,13.06,13.07,700,1700,500,1600,1400,6600,51400,500,400,400,700,3000,500,300,1800,2600,1800,9300,200,200
121.0,12.87,81800,1058085.0,12.87,12.86,12.85,12.83,12.82,12.81,12.8,12.77,12.75,12.73,12.88,12.89,12.91,12.92,12.96,13.02,13.04,13.05,13.06,13.07,500,1700,500,1600,1400,6600,51400,500,400,400,700,3000,500,300,1800,2600,1800,9300,200,200
122.0,12.88,81900,1059373.0,12.87,12.86,12.85,12.83,12.82,12.81,12.8,12.77,12.75,12.73,12.88,12.89,12.91,12.92,12.96,13.02,13.04,13.05,13.06,13.07,500,1700,500,1600,1400,6600,51400,500,400,400,800,3000,500,300,1800,2600,1800,9300,200,200
123.0,12.88,81900,1059373.0,12.87,12.86,12.85,12.83,12.82,12.81,12.8,12.77,12.75,12.73,12.88,12.89,12.91,12.92,12.96,13.02,13.04,13.05,13.06,13.07,700,1700,500,1600,1400,6600,51400,500,400,400,800,3000,500,300,1800,2600,1800,9300,200,200
124.0,12.87,82600,1068382.0,12.86,12.83,12.82,12.81,12.8,12.77,12.75,12.73,12.7,12.58,12.87,12.88,12.89,12.91,12.92,12.96,13.02,13.04,13.05,13.06,1700,1600,1400,6600,51400,500,400,400,4200,500,800,800,3000,500,300,1800,2600,1800,9300,200
125.0,12.87,82600,1068382.0,12.86,12.83,12.82,12.81,12.8,12.77,12.75,12.73,12.7,12.58,12.87,12.88,12.89,12.91,12.92,12.96,13.02,13.04,13.05,13.06,1700,1600,1400,6600,51400,500,400,400,4200,500,800,800,3000,500,300,1800,2600,1800,9300,200
126.0,12.87,82600,1068382.0,12.86,12.83,12.82,12.81,12.8,12.77,12.75,12.73,12.7,12.58,12.87,12.88,12.89,12.91,12.92,12.96,13.02,13.04,13.05,13.06,1700,1600,1400,6600,51400,500,400,400,4200,500,800,800,3000,500,300,1800,2600,1800,9300,200
127.0,12.86,83400,1078670.0,12.86,12.83,12.82,12.81,12.8,12.77,12.75,12.73,12.7,12.58,12.87,12.88,12.89,12.91,12.92,12.96,13.02,13.04,13.05,13.06,900,1600,1400,6600,51400,500,400,400,4200,500,1100,800,3000,500,300,1800,2600,1800,9300,200
128.0,12.86,83400,1078670.0,12.86,12.83,12.82,12.81,12.8,12.77,12.75,12.73,12.7,12.58,12.87,12.88,12.89,12.91,12.92,12.96,13.02,13.04,13.05,13.06,1500,1300,1400,6600,51400,500,400,400,4200,500,1100,800,3000,500,300,1800,2600,1800,9300,200
129.0,12.86,83400,1078670.0,12.86,12.83,12.82,12.81,12.8,12.77,12.75,12.73,12.7,12.58,12.87,12.88,12.89,12.91,12.92,12.96,13.02,13.04,13.05,13.06,1500,1300,1400,6600,51400,500,400,400,4200,500,1200,800,3000,500,300,1800,2600,1800,9300,200
130.0,12.86,83800,1083814.0,12.86,12.83,12.82,12.81,12.8,12.77,12.75,12.73,12.7,12.58,12.87,12.88,12.89,12.91,12.92,12.96,13.02,13.04,13.05,13.06,1600,1300,1400,6600,51400,500,400,400,4200,500,1200,800,3000,500,300,1800,2600,1800,9300,200
131.0,12.87,84000,1086388.0,12.86,12.83,12.82,12.81,12.8,12.77,12.75,12.73,12.7,12.58,12.87,12.88,12.89,12.91,12.92,12.96,13.02,13.04,13.05,13.06,1600,1300,1400,6600,51400,500,400,400,4200,500,700,800,3000,500,300,1800,2600,1800,9300,200
132.0,12.87,84500,1092823.0,12.86,12.83,12.82,12.81,12.8,12.77,12.75,12.73,12.7,12.58,12.87,12.88,12.89,12.91,12.92,12.96,13.02,13.04,13.05,13.06,1600,1300,1400,7600,51400,500,400,400,4200,500,200,800,3000,500,300,1800,2600,1800,9300,200
133.0,12.86,84900,1097967.0,12.86,12.83,12.82,12.81,12.8,12.77,12.75,12.73,12.7,12.58,12.87,12.88,12.89,12.91,12.92,12.96,13.02,13.04,13.05,13.06,1200,1300,1400,7600,51400,500,400,400,4200,500,200,800,3000,500,300,1800,2600,1800,9300,200
134.0,12.86,84900,1097967.0,12.86,12.83,12.82,12.81,12.8,12.77,12.75,12.73,12.7,12.58,12.87,12.88,12.89,12.91,12.92,12.96,13.02,13.04,13.05,13.06,1200,1300,1400,8100,51400,500,400,400,4200,500,200,800,3000,500,300,1800,2600,1800,9300,200
135.0,12.86,84900,1097967.0,12.86,12.83,12.82,12.81,12.8,12.77,12.75,12.73,12.7,12.58,12.87,12.88,12.89,12.91,12.92,12.96,13.02,13.04,13.05,13.06,1200,1300,1400,7100,51400,500,400,400,4200,500,200,800,3000,500,300,1800,2600,1800,9300,200
136.0,12.86,85100,1100539.0,12.86,12.83,12.82,12.81,12.8,12.77,12.75,12.73,12.7,12.58,12.87,12.88,12.89,12.91,12.92,12.96,13.02,13.04,13.05,13.06,1000,1300,1400,7100,51400,500,400,400,4200,500,200,800,3000,500,300,1800,2600,1800,9300,200
137.0,12.86,85100,1100539.0,12.86,12.83,12.82,12.81,12.8,12.77,12.75,12.73,12.7,12.58,12.87,12.88,12.89,12.91,12.92,12.96,13.02,13.04,13.05,13.06,1000,1300,1400,7100,51400,500,400,400,4200,500,300,800,3000,500,300,1800,2600,1800,9300,200
138.0,12.86,85100,1100539.0,12.86,12.83,12.82,12.81,12.8,12.77,12.75,12.73,12.7,12.58,12.87,12.88,12.89,12.91,12.92,12.96,13.02,13.04,13.05,13.06,5000,1300,1400,7100,51400,500,400,400,4200,500,300,800,3000,500,300,1800,2600,1800,9300,200
139.0,12.86,85300,1103111.0,12.86,12.83,12.82,12.81,12.8,12.77,12.75,12.73,12.7,12.58,12.87,12.88,12.89,12.91,12.92,12.96,13.02,13.04,13.05,13.06,4800,1300,2400,7100,51400,500,400,400,4200,500,300,800,3000,500,300,1800,2600,1800,9300,200
140.0,12.87,85600,1106972.0,12.87,12.86,12.83,12.82,12.81,12.8,12.77,12.75,12.73,12.7,12.88,12.89,12.91,12.92,12.96,13.02,13.04,13.05,13.06,13.07,200,4800,1300,2400,7100,51400,500,400,400,4200,800,3000,500,300,1800,2600,1800,9300,200,200
141.0,12.87,85600,1106972.0,12.87,12.86,12.83,12.82,12.81,12.8,12.77,12.75,12.73,12.7,12.88,12.89,12.91,12.92,12.96,13.02,13.04,13.05,13.06,13.07,200,5300,1300,2400,7100,51400,500,400,400,4200,600,3000,500,300,1800,2600,1800,9300,200,200
142.0,12.87,85800,1109546.0,12.86,12.83,12.82,12.81,12.8,12.77,12.75,12.73,12.7,12.58,12.88,12.89,12.91,12.92,12.96,13.02,13.04,13.05,13.06,13.07,5300,1300,2400,12100,51400,500,400,400,4200,500,600,3000,500,300,1800,2600,1800,9300,200,200
143.0,12.87,85800,1109546.0,12.86,12.83,12.82,12.81,12.8,12.77,12.75,12.73,12.7,12.58,12.88,12.89,12.91,12.92,12.96,13.02,13.04,13.05,13.06,13.07,10300,1300,2400,12100,51400,500,400,400,4200,500,600,3000,500,300,1800,2600,1800,9300,200,200
144.0,12.87,85800,1109546.0,12.86,12.83,12.82,12.81,12.8,12.77,12.75,12.73,12.7,12.58,12.88,12.89,12.91,12.92,12.96,13.02,13.04,13.05,13.06,13.07,10300,1300,2400,12100,51400,500,400,400,4200,500,600,3000,500,300,1800,2600,1800,9300,200,200
145.0,12.86,86600,1119836.0,12.86,12.83,12.82,12.81,12.8,12.77,12.75,12.73,12.7,12.58,12.88,12.89,12.91,12.92,12.96,13.02,13.04,13.05,13.06,13.07,9600,1300,2400,12100,51400,500,400,400,4200,500,500,3000,500,300,1800,2600,1800,9300,200,200
146.0,12.86,86600,1119836.0,12.86,12.83,12.82,12.81,12.8,12.77,12.75,12.73,12.7,12.58,12.88,12.89,12.91,12.92,12.96,13.02,13.04,13.05,13.06,13.07,9600,1300,2400,12100,51400,500,400,400,4200,500,600,3000,500,300,1800,2600,1800,9300,200,200
147.0,12.86,86600,1119836.0,12.86,12.83,12.82,12.81,12.8,12.77,12.75,12.73,12.7,12.58,12.88,12.89,12.91,12.92,12.96,13.02,13.04,13.05,13.06,13.07,9600,1300,2400,12100,51400,500,400,900,4200,500,600,3000,500,300,1800,2600,1800,9300,200,200
148.0,12.86,87300,1128838.0,12.86,12.83,12.82,12.81,12.8,12.77,12.75,12.73,12.7,12.58,12.88,12.89,12.91,12.92,12.96,13.02,13.04,13.05,13.06,13.07,8900,1300,2400,12100,51400,500,400,900,4200,500,600,3000,500,300,1800,2600,1800,9300,200,200
149.0,12.86,87300,1128838.0,12.86,12.83,12.82,12.81,12.8,12.77,12.75,12.73,12.7,12.58,12.88,12.89,12.91,12.92,12.96,13.02,13.04,13.05,13.06,13.07,8900,1300,2400,12100,51400,500,400,900,4200,500,600,3000,500,300,1800,2600,1800,9300,200,200
150.0,12.86,87300,1128838.0,12.86,12.83,12.82,12.81,12.8,12.77,12.75,12.73,12.7,12.58,12.88,12.89,12.91,12.92,12.96,13.02,13.04,13.05,13.06,13.07,8900,1300,2400,12100,51400,500,400,900,4200,500,600,3000,500,300,1800,2600,1800,9300,200,200
151.0,12.88,88100,1139136.0,12.86,12.83,12.82,12.81,12.8,12.77,12.75,12.73,12.7,12.58,12.88,12.89,12.91,12.92,12.96,13.02,13.04,13.05,13.06,13.07,8600,1300,2400,12100,51400,500,400,900,4200,500,200,3000,500,300,1800,2600,1800,9300,200,200
152.0,12.86,88600,1145566.0,12.86,12.85,12.83,12.82,12.81,12.8,12.77,12.75,12.73,12.7,12.88,12.89,12.91,12.92,12.96,13.02,13.04,13.05,13.06,13.07,8100,900,1300,2400,12100,51400,500,400,900,4200,200,3000,500,300,1800,2600,1800,9300,200,200
153.0,12.86,88600,1145566.0,12.86,12.85,12.83,12.82,12.81,12.8,12.77,12.75,12.73,12.7,12.88,12.89,12.91,12.92,12.96,13.02,13.04,13.05,13.06,13.07,8100,900,1300,2400,12100,51400,500,400,900,4200,200,3000,500,300,1800,2600,1800,9300,200,200
154.0,12.88,88700,1146854.0,12.86,12.85,12.83,12.82,12.81,12.8,12.77,12.75,12.73,12.7,12.88,12.89,12.91,12.92,12.96,13.02,13.04,13.05,13.06,13.07,8100,900,1300,2400,12100,51400,500,400,900,4200,100,3000,500,300,1800,2600,1800,9300,200,200
155.0,12.88,88700,1146854.0,12.86,12.85,12.83,12.82,12.81,12.8,12.77,12.75,12.73,12.7,12.88,12.89,12.91,12.92,12.96,13.02,13.04,13.05,13.06,13.07,8100,900,1300,2400,12100,51400,500,400,900,4200,100,3000,500,300,1800,2600,1800,9300,200,200
156.0,12.88,88700,1146854.0,12.86,12.85,12.83,12.82,12.81,12.8,12.77,12.75,12.73,12.7,12.88,12.89,12.91,12.92,12.96,13.02,13.04,13.05,13.06,13.07,8100,900,1300,2400,12100,51400,500,400,900,1200,100,3000,500,300,1800,2600,1800,9300,200,200
157.0,12.88,88700,1146854.0,12.86,12.85,12.83,12.82,12.81,12.8,12.77,12.75,12.73,12.7,12.88,12.89,12.91,12.92,12.96,13.02,13.04,13.05,13.06,13.07,7600,900,1300,2400,12100,52300,500,400,900,1200,100,3000,500,300,1800,2600,1800,9300,200,200
158.0,12.88,88800,1148142.0,12.88,12.86,12.85,12.83,12.82,12.81,12.8,12.77,12.75,12.73,12.89,12.91,12.92,12.96,13.02,13.04,13.05,13.06,13.07,13.09,4900,7600,900,1300,2400,12100,52300,500,400,900,3000,500,300,1800,2600,1800,9300,200,200,3800
159.0,12.88,88800,1148142.0,12.88,12.86,12.85,12.83,12.82,12.81,12.8,12.77,12.75,12.73,12.89,12.91,12.92,12.96,13.02,13.04,13.05,13.06,13.07,13.09,4900,8900,900,1300,2400,12100,52300,500,400,900,3000,500,300,1800,2600,1800,9300,200,200,3800
160.0,12.89,89400,1155876.0,12.88,12.86,12.85,12.83,12.82,12.81,12.8,12.77,12.75,12.73,12.89,12.91,12.92,12.96,13.02,13.04,13.05,13.06,13.07,13.09,4900,8900,900,1300,2400,12100,52300,500,400,900,2400,500,300,1800,2600,1800,9300,200,200,3800
161.0,12.88,94300,1218988.0,12.86,12.85,12.83,12.82,12.81,12.8,12.77,12.75,12.73,12.7,12.88,12.89,12.91,12.92,12.96,13.02,13.04,13.05,13.06,13.07,8900,900,1300,2400,12100,52300,500,400,900,1200,3300,2500,500,300,1800,2600,1800,9300,200,200
162.0,12.88,94300,1218988.0,12.86,12.85,12.83,12.82,12.81,12.8,12.77,12.75,12.73,12.7,12.88,12.89,12.91,12.92,12.96,13.02,13.04,13.05,13.06,13.07,8900,900,1300,2400,12100,52300,500,400,900,1200,1800,2500,500,300,1800,2600,1800,9300,200,200
163.0,12.88,94400,1220276.0,12.86,12.85,12.83,12.82,12.81,12.8,12.77,12.75,12.73,12.7,12.88,12.89,12.91,12.92,12.96,13.02,13.04,13.05,13.06,13.07,8900,1900,1300,2400,12100,52300,500,400,900,1200,2200,2500,500,300,1800,2600,1800,9300,200,200
164.0,12.88,94400,1220276.0,12.87,12.86,12.85,12.83,12.82,12.81,12.8,12.77,12.75,12.73,12.88,12.89,12.91,12.92,12.96,13.02,13.04,13.05,13.06,13.07,2000,8900,1900,1300,2400,12100,52300,500,400,900,2200,2400,500,300,1800,2600,1800,9300,200,200
165.0,12.88,94400,1220276.0,12.87,12.86,12.85,12.83,12.82,12.81,12.8,12.77,12.75,12.73,12.88,12.89,12.91,12.92,12.96,13.02,13.04,13.05,13.06,13.07,2000,8900,1900,1300,2400,12100,52300,500,400,900,2200,2400,500,300,1800,2600,1800,9300,200,200
166.0,12.87,96000,1240870.0,12.87,12.86,12.85,12.83,12.82,12.81,12.8,12.77,12.75,12.73,12.88,12.89,12.91,12.92,12.96,13.02,13.04,13.05,13.06,13.07,600,8900,1900,1300,2400,12100,52300,500,400,900,2100,2400,500,300,1800,2600,1800,9300,200,200
167.0,12.87,96800,1251168.0,12.86,12.85,12.83,12.82,12.81,12.8,12.77,12.75,12.73,12.7,12.88,12.89,12.91,12.92,12.96,13.02,13.04,13.05,13.06,13.07,8900,1900,1300,2400,12100,52300,500,400,900,1200,2700,2400,500,300,1800,2600,1800,9300,200,200
168.0,12.87,96800,1251168.0,12.86,12.85,12.83,12.82,12.81,12.8,12.77,12.75,12.73,12.7,12.87,12.88,12.89,12.91,12.92,12.96,13.02,13.04,13.05,13.06,8900,1900,1300,2400,12100,52300,500,400,900,1200,200,2700,2400,500,300,1800,2600,1800,9300,200
169.0,12.87,96800,1251168.0,12.86,12.85,12.83,12.82,12.81,12.8,12.77,12.75,12.73,12.7,12.87,12.88,12.89,12.91,12.92,12.96,13.02,13.04,13.05,13.06,8900,1900,1300,2400,12100,52300,500,400,900,1200,700,2700,2400,500,300,1800,2600,1800,9300,200
170.0,12.86,97700,1262744.0,12.86,12.85,12.83,12.82,12.81,12.8,12.77,12.75,12.73,12.7,12.87,12.88,12.89,12.91,12.92,12.96,13.02,13.04,13.05,13.06,8800,1900,1300,2400,12100,52300,500,400,900,1200,500,1800,2400,500,300,1800,2600,1800,9300,200
171.0,12.86,98200,1269174.0,12.86,12.85,12.83,12.82,12.81,12.8,12.77,12.75,12.73,12.7,12.87,12.88,12.89,12.91,12.92,12.96,13.02,13.04,13.05,13.06,8300,1900,1300,2400,12100,52300,500,400,900,1200,500,1800,2400,500,300,1800,2600,1800,9300,200
172.0,12.86,98500,1273032.0,12.86,12.85,12.83,12.82,12.81,12.8,12.77,12.75,12.73,12.7,12.87,12.88,12.89,12.91,12.92,12.96,13.02,13.04,13.05,13.06,8000,1900,2100,2400,12100,52300,500,400,900,1200,500,1800,2400,500,300,1800,2600,1800,9300,200
173.0,12.87,99000,1279467.0,12.86,12.85,12.83,12.82,12.81,12.8,12.77,12.75,12.73,12.7,12.88,12.89,12.91,12.92,12.96,13.02,13.04,13.05,13.06,13.07,8000,1900,2100,2400,12100,52300,500,400,900,1200,1800,2400,500,300,1800,2600,1800,9300,200,200
174.0,12.86,99200,1282041.0,12.86,12.85,12.83,12.82,12.81,12.8,12.78,12.77,12.75,12.73,12.88,12.89,12.91,12.92,12.96,13.02,13.04,13.05,13.06,13.07,7900,1900,2100,2400,12100,52300,1000,500,400,900,1700,2400,500,300,1800,2600,1800,9300,200,200
175.0,12.86,99700,1288473.0,12.86,12.85,12.83,12.82,12.81,12.8,12.78,12.77,12.75,12.73,12.88,12.89,12.91,12.92,12.96,13.02,13.04,13.05,13.06,13.07,7500,1900,2100,2400,12100,52300,1000,500,400,900,1600,2400,500,300,1800,2600,1800,9300,200,200
176.0,12.86,99700,1288473.0,12.86,12.85,12.83,12.82,12.81,12.8,12.78,12.77,12.75,12.73,12.88,12.89,12.91,12.92,12.96,13.02,13.04,13.05,13.06,13.07,7500,1900,2100,2400,12100,52300,1000,500,400,900,1600,2400,500,300,1800,2600,1800,9300,200,200
177.0,12.86,99700,1288473.0,12.86,12.85,12.83,12.82,12.81,12.8,12.78,12.77,12.75,12.73,12.88,12.89,12.91,12.92,12.96,13.02,13.04,13.05,13.06,13.07,7500,1900,2100,2400,12100,52300,1000,500,400,900,1600,2400,500,300,1800,2600,1800,9300,200,200
178.0,12.86,99900,1291046.0,12.86,12.85,12.83,12.82,12.81,12.8,12.78,12.77,12.75,12.73,12.88,12.89,12.91,12.92,12.96,13.0,13.02,13.04,13.05,13.06,7400,1900,2100,2400,12100,52300,1000,500,400,900,1600,2400,500,300,1800,5000,2600,1800,9300,200
179.0,12.86,107400,1387498.0,12.85,12.83,12.82,12.81,12.8,12.78,12.77,12.75,12.73,12.7,12.86,12.87,12.88,12.89,12.91,12.92,12.96,13.0,13.02,13.04,1900,2100,2400,12100,52300,1000,500,400,900,1200,300,900,1600,2400,500,300,1800,5000,2600,1800
180.0,12.86,107400,1387498.0,12.85,12.83,12.82,12.81,12.8,12.78,12.77,12.75,12.73,12.7,12.86,12.87,12.88,12.89,12.91,12.92,12.96,13.0,13.02,13.04,1900,2100,2400,12100,52300,1000,500,400,900,1200,300,1900,1900,2400,500,300,1800,5000,2600,1800
181.0,12.86,107400,1387498.0,12.85,12.83,12.82,12.81,12.8,12.78,12.77,12.75,12.73,12.7,12.86,12.87,12.88,12.89,12.91,12.92,12.96,13.0,13.02,13.04,1900,2100,2400,12100,52300,1000,500,400,900,1200,300,1900,1900,2400,500,300,1800,5000,2600,1800
182.0,12.85,107600,1390068.0,12.85,12.83,12.82,12.81,12.8,12.78,12.77,12.75,12.73,12.7,12.86,12.87,12.88,12.89,12.91,12.92,12.96,13.0,13.02,13.04,2300,2100,2400,12100,52300,1000,500,400,900,1200,300,2600,1800,2400,500,300,1800,5000,2600,1800
183.0,12.85,107600,1390068.0,12.85,12.83,12.82,12.81,12.8,12.78,12.77,12.75,12.73,12.7,12.86,12.87,12.88,12.89,12.91,12.92,12.96,13.0,13.02,13.04,2300,2100,2400,12100,52300,1000,500,400,900,1200,400,2600,1300,2400,500,300,1800,5000,2600,1800
184.0,12.86,108000,1395212.0,12.85,12.83,12.82,12.81,12.8,12.78,12.77,12.75,12.73,12.7,12.87,12.88,12.89,12.91,12.92,12.96,13.0,13.02,13.04,13.05,2300,2100,2400,12100,52300,1000,500,400,900,1200,2600,1300,2400,500,300,1800,5000,2600,1800,9300
185.0,12.87,108200,1397786.0,12.85,12.83,12.82,12.81,12.8,12.78,12.77,12.75,12.73,12.7,12.87,12.88,12.89,12.91,12.92,12.96,13.0,13.02,13.04,13.05,2300,2100,2400,12100,52300,1000,500,400,900,1200,1700,1000,2400,500,300,1800,5000,2600,1800,9300
186.0,12.85,108300,1399071.0,12.85,12.83,12.82,12.81,12.8,12.78,12.77,12.75,12.73,12.7,12.87,12.88,12.91,12.92,12.96,13.0,13.02,13.04,13.05,13.06,2200,2100,2400,12100,52300,1000,500,400,900,1200,1700,300,500,300,1800,5000,2600,1800,9300,200
187.0,12.86,110600,1428627.0,12.84,12.83,12.82,12.81,12.8,12.78,12.77,12.75,12.73,12.7,12.86,12.87,12.88,12.91,12.92,12.96,13.0,13.02,13.04,13.05,800,2600,2400,12100,52300,1000,500,400,900,1200,700,1700,300,500,300,1800,5000,2800,1800,9300
188.0,12.86,110600,1428627.0,12.84,12.83,12.82,12.81,12.8,12.78,12.77,12.75,12.73,12.7,12.86,12.87,12.88,12.91,12.92,12.96,13.0,13.02,13.04,13.05,800,2600,2400,12100,52300,1000,500,400,900,1200,800,1700,300,500,300,1800,5000,2800,1800,9300
189.0,12.86,111400,1438915.0,12.84,12.83,12.82,12.81,12.8,12.78,12.77,12.75,12.73,12.7,12.86,12.87,12.88,12.91,12.92,12.96,13.0,13.02,13.04,13.05,800,2600,2400,12100,52300,1000,500,400,900,1200,100,1600,300,500,300,1800,5000,2800,1800,9300
190.0,12.86,111400,1438915.0,12.84,12.83,12.82,12.81,12.8,12.78,12.77,12.75,12.73,12.7,12.86,12.87,12.88,12.91,12.92,12.96,13.0,13.02,13.04,13.05,800,2600,2400,12100,52300,1000,500,400,900,1200,100,1600,300,500,300,1800,5000,2800,1800,9300
191.0,12.87,111900,1445349.0,12.85,12.83,12.82,12.81,12.8,12.78,12.77,12.75,12.73,12.7,12.87,12.88,12.91,12.92,12.96,13.0,13.02,13.04,13.05,13.06,800,2600,2400,12100,52300,1000,500,400,900,1200,500,500,500,300,1800,5000,2800,1800,9300,200
192.0,12.87,112000,1446636.0,12.85,12.83,12.82,12.81,12.8,12.78,12.77,12.75,12.73,12.7,12.87,12.88,12.91,12.92,12.96,13.0,13.02,13.04,13.05,13.06,800,2600,2400,12100,52300,1000,500,400,900,1200,400,500,500,300,1800,5000,2800,1800,9300,200
193.0,12.87,112000,1446636.0,12.85,12.83,12.82,12.81,12.8,12.78,12.77,12.75,12.73,12.7,12.87,12.88,12.91,12.92,12.96,13.0,13.02,13.04,13.05,13.06,800,2600,2400,12300,52300,1000,500,400,900,1200,400,500,500,300,1800,5000,2800,1800,9300,200
194.0,12.87,112000,1446636.0,12.85,12.83,12.82,12.81,12.8,12.78,12.77,12.75,12.73,12.7,12.86,12.87,12.88,12.91,12.92,12.96,13.0,13.02,13.04,13.05,800,2600,2400,12300,52300,1000,500,400,900,1200,800,400,500,500,300,1800,5000,2800,1800,9300
195.0,12.86,112200,1449208.0,12.85,12.83,12.82,12.81,12.8,12.78,12.77,12.75,12.73,12.7,12.86,12.87,12.88,12.91,12.92,12.96,13.0,13.02,13.04,13.05,800,2600,2400,12300,52300,1000,500,400,900,1200,600,400,500,500,300,1800,5000,2800,1800,9300
196.0,12.86,112200,1449208.0,12.85,12.83,12.82,12.81,12.8,12.78,12.77,12.75,12.73,12.7,12.86,12.87,12.88,12.91,12.92,12.96,13.0,13.02,13.04,13.05,800,2600,2400,12300,53300,1000,500,400,900,1200,600,400,500,500,300,1800,5000,2800,1800,9300
197.0,12.86,112800,1456924.0,12.86,12.83,12.82,12.81,12.8,12.78,12.77,12.75,12.73,12.7,12.88,12.91,12.92,12.96,13.0,13.02,13.04,13.05,13.06,13.07,100,2600,2400,12300,53300,1000,500,400,900,1200,500,500,300,1800,5000,2800,1800,9300,200,200
198.0,12.86,112900,1458210.0,12.85,12.83,12.82,12.81,12.8,12.78,12.77,12.75,12.73,12.7,12.88,12.91,12.92,12.96,13.0,13.02,13.04,13.05,13.06,13.07,800,3300,2400,12300,53300,1000,500,400,900,1200,500,500,300,1800,5000,2800,1800,9300,200,200
199.0,12.86,112900,1458210.0,12.86,12.85,12.83,12.82,12.81,12.8,12.78,12.77,12.75,12.73,12.88,12.91,12.92,12.96,13.0,13.02,13.04,13.05,13.06,13.07,800,900,3300,2400,12300,53300,1000,500,400,900,500,500,300,1800,5000,2800,1800,9300,200,200
200.0,12.86,112900,1458210.0,12.86,12.85,12.83,12.82,12.81,12.8,12.78,12.77,12.75,12.73,12.88,12.91,12.92,12.96,13.0,13.02,13.04,13.05,13.06,13.07,2400,900,3300,2400,12300,53300,1000,500,400,900,500,500,300,1800,5000,2800,1800,9300,200,200
201.0,12.85,117500,1517344.0,12.83,12.82,12.81,12.8,12.78,12.77,12.75,12.73,12.7,12.58,12.85,12.88,12.91,12.92,12.96,13.0,13.02,13.04,13.05,13.06,5000,2400,12300,53300,1000,500,400,1200,1200,500,10400,500,500,300,1800,5000,2800,1800,9300,200
202.0,12.85,127900,1650984.0,12.87,12.86,12.85,12.83,12.82,12.81,12.8,12.78,12.77,12.75,12.88,12.91,12.92,12.96,13.0,13.02,13.04,13.05,13.06,13.07,100,3400,1200,3300,2400,12300,53300,1000,500,400,500,500,300,1800,5000,2800,1800,9300,200,200
203.0,12.87,128700,1661281.0,12.85,12.83,12.82,12.81,12.8,12.78,12.77,12.75,12.73,12.7,12.87,12.88,12.91,12.92,12.96,13.0,13.02,13.04,13.05,13.06,1100,3300,2400,12300,53300,1000,500,400,1200,1200,7400,500,500,300,1800,5000,2800,1800,9300,200
204.0,12.87,130100,1679299.0,12.85,12.83,12.82,12.81,12.8,12.78,12.77,12.75,12.73,12.7,12.87,12.88,12.91,12.92,12.96,13.0,13.02,13.04,13.05,13.06,1100,3300,2400,12300,53300,1000,500,400,1200,1200,6000,500,500,300,1800,5000,2800,1800,9300,200
205.0,12.87,130100,1679299.0,12.85,12.83,12.82,12.81,12.8,12.78,12.77,12.75,12.73,12.7,12.87,12.88,12.91,12.92,12.96,13.0,13.02,13.04,13.05,13.06,1100,3300,2400,12300,53300,1000,500,400,1200,1200,6000,500,500,300,1800,5000,2800,1800,9300,200
206.0,12.87,130700,1687021.0,12.85,12.83,12.82,12.81,12.8,12.78,12.77,12.75,12.73,12.7,12.87,12.88,12.91,12.92,12.96,13.0,13.02,13.04,13.05,13.06,1100,3300,2400,12300,53300,1000,500,400,1200,1200,5400,500,500,300,1800,5000,2800,1800,9300,200
207.0,12.87,130700,1687021.0,12.85,12.84,12.83,12.82,12.81,12.8,12.78,12.77,12.75,12.73,12.87,12.88,12.91,12.92,12.96,13.0,13.02,13.04,13.05,13.06,1100,1000,3300,2400,12300,53300,1000,500,400,1200,5400,500,500,300,1800,5000,2800,1800,9300,200
208.0,12.87,130700,1687021.0,12.85,12.84,12.83,12.82,12.81,12.8,12.78,12.77,12.75,12.73,12.87,12.88,12.91,12.92,12.96,13.0,13.02,13.04,13.05,13.06,1700,1000,3300,2400,12300,53300,1000,500,900,1200,5400,500,500,300,1800,5000,2800,1800,9300,200
209.0,12.87,131200,1693456.0,12.85,12.84,12.83,12.82,12.81,12.8,12.78,12.77,12.75,12.73,12.87,12.88,12.91,12.92,12.96,13.0,13.02,13.04,13.05,13.06,2700,1000,3300,2400,12300,53300,1000,500,900,1200,4900,500,500,300,1800,5000,2800,1800,9300,200
210.0,12.87,131200,1693456.0,12.85,12.84,12.83,12.82,12.81,12.8,12.78,12.77,12.75,12.73,12.87,12.88,12.91,12.92,12.96,13.0,13.02,13.04,13.05,13.06,2700,1000,3300,2400,12300,53300,1000,500,900,1200,4900,300,500,300,1800,5000,2800,1800,9300,200
211.0,12.85,131700,1699889.0,12.85,12.84,12.83,12.82,12.81,12.8,12.78,12.77,12.75,12.73,12.87,12.88,12.91,12.92,12.96,13.0,13.02,13.04,13.05,13.06,2600,1000,3300,2400,12300,53300,1000,500,900,1200,4500,300,500,300,1800,5000,2800,1800,9300,200
212.0,12.85,133000,1716602.0,12.85,12.84,12.83,12.82,12.81,12.8,12.78,12.77,12.75,12.73,12.87,12.88,12.91,12.92,12.96,13.0,13.02,13.04,13.05,13.06,1700,1000,3300,2400,12300,53300,1000,500,900,1200,4100,300,500,300,1800,5000,2800,1800,9300,200
213.0,12.85,133000,1716602.0,12.85,12.84,12.83,12.82,12.81,12.8,12.78,12.77,12.75,12.73,12.86,12.87,12.88,12.91,12.92,12.96,13.0,13.02,13.04,13.05,1700,1000,3300,2400,12300,53300,1000,500,900,1200,12500,4100,300,500,300,1800,5000,2800,1800,9300
214.0,12.85,133000,1716602.0,12.85,12.84,12.83,12.82,12.81,12.8,12.78,12.77,12.75,12.73,12.86,12.87,12.88,12.91,12.92,12.96,13.0,13.02,13.04,13.05,1700,1000,3300,2400,12300,53300,1000,500,900,1200,12500,4100,300,500,300,1800,5000,2800,1800,9300
215.0,12.85,135400,1747464.0,12.85,12.84,12.83,12.82,12.81,12.8,12.78,12.77,12.75,12.73,12.86,12.87,12.88,12.91,12.92,12.96,13.0,13.02,13.04,13.05,1500,1000,3300,2400,12300,53300,1000,500,900,1200,10400,4100,300,500,300,1800,5000,2800,1800,9300
216.0,12.85,136900,1766739.0,12.84,12.83,12.82,12.81,12.8,12.78,12.77,12.75,12.73,12.7,12.85,12.86,12.87,12.88,12.91,12.92,12.96,13.0,13.02,13.04,1000,3300,2400,12300,53300,1000,500,900,1200,1700,300,10400,4200,300,500,300,1800,5000,2800,1800
217.0,12.85,137000,1768024.0,12.84,12.83,12.82,12.81,12.8,12.78,12.77,12.75,12.73,12.7,12.85,12.86,12.87,12.88,12.91,12.92,12.96,13.0,13.02,13.04,1000,3300,2400,12300,53300,1000,500,900,1200,1700,200,10400,4200,300,500,300,1800,5000,2800,1800
218.0,12.85,137000,1768024.0,12.84,12.83,12.82,12.81,12.8,12.78,12.77,12.75,12.73,12.7,12.85,12.86,12.87,12.88,12.96,13.0,13.02,13.04,13.05,13.06,1000,3300,2400,12300,53300,1000,500,900,1200,1700,400,10300,4100,300,1800,5000,2800,1800,9300,200
219.0,12.85,137000,1768024.0,12.84,12.83,12.82,12.81,12.8,12.78,12.77,12.75,12.73,12.7,12.85,12.86,12.87,12.88,12.96,13.0,13.02,13.04,13.05,13.06,1000,3300,2400,12300,53300,1000,500,900,1200,1700,400,10300,4100,300,1800,5000,2800,1800,9300,200
220.0,12.84,137500,1774448.0,12.84,12.83,12.82,12.81,12.8,12.78,12.77,12.75,12.73,12.7,12.86,12.87,12.88,12.96,13.0,13.02,13.04,13.05,13.06,13.07,900,3300,2400,12300,53300,1000,500,900,1200,1700,10300,4100,300,1800,5000,2800,1800,9300,200,200
221.0,12.84,137500,1774448.0,12.84,12.83,12.82,12.81,12.8,12.78,12.77,12.75,12.73,12.7,12.85,12.86,12.87,12.88,12.96,13.0,13.02,13.04,13.05,13.06,900,3300,2400,12300,53300,1000,500,900,1200,1700,400,10300,4100,300,1800,5000,2800,1800,9300,200
222.0,12.84,137500,1774448.0,12.84,12.83,12.82,12.81,12.8,12.78,12.77,12.75,12.73,12.7,12.85,12.86,12.87,12.88,12.96,13.0,13.02,13.04,13.05,13.06,900,3300,2400,12300,53300,1000,500,900,1200,1700,500,10300,4100,300,1800,5000,2800,1800,9300,200
223.0,12.84,138300,1784720.0,12.84,12.83,12.82,12.81,12.8,12.78,12.77,12.75,12.73,12.7,12.85,12.86,12.87,12.88,12.96,13.0,13.02,13.04,13.05,13.06,100,3300,2400,12300,53300,1000,500,900,1200,1700,400,10300,4100,300,1800,5000,2800,1800,9300,200
224.0,12.84,138300,1784720.0,12.84,12.83,12.82,12.81,12.8,12.78,12.77,12.75,12.73,12.7,12.85,12.86,12.87,12.88,12.96,13.0,13.02,13.04,13.05,13.06,100,3300,2400,12300,53300,1000,500,900,1200,1700,500,10300,4100,300,1800,5000,2800,1800,9300,200
225.0,12.84,138300,1784720.0,12.84,12.83,12.82,12.81,12.8,12.78,12.77,12.75,12.73,12.7,12.85,12.86,12.87,12.88,12.96,13.0,13.02,13.04,13.05,13.06,100,3300,2400,12300,53300,1000,500,900,1200,1700,500,10300,4100,300,1800,5000,2800,1800,9300,200
226.0,12.84,138500,1787288.0,12.83,12.82,12.81,12.8,12.78,12.77,12.75,12.73,12.7,12.65,12.84,12.85,12.86,12.87,12.88,12.96,13.0,13.02,13.04,13.05,2800,2400,12300,53300,1000,500,900,1200,1700,500,600,500,10300,4100,300,1800,5000,2800,1800,9300
227.0,12.83,138800,1791138.0,12.83,12.82,12.81,12.8,12.78,12.77,12.75,12.73,12.7,12.65,12.84,12.85,12.86,12.87,12.88,12.96,13.0,13.02,13.04,13.05,2600,2400,12300,53300,1000,500,900,1200,1700,500,500,500,10300,4100,300,1800,5000,2800,1800,9300
228.0,12.83,138800,1791138.0,12.83,12.82,12.81,12.8,12.78,12.77,12.75,12.73,12.7,12.65,12.84,12.85,12.86,12.87,12.88,12.96,13.0,13.02,13.04,13.05,2600,2400,12300,53300,1000,500,900,1200,1700,500,500,400,10300,4100,300,1800,5000,2800,1800,9300
229.0,12.83,138800,1791138.0,12.83,12.82,12.81,12.8,12.78,12.77,12.75,12.73,12.7,12.65,12.84,12.85,12.86,12.87,12.88,12.96,13.0,13.02,13.04,13.05,2600,2400,12300,53300,1000,500,900,1200,1700,500,500,400,10300,4100,300,1800,5000,2800,1800,9300
230.0,12.83,138800,1791138.0,12.83,12.82,12.81,12.8,12.78,12.77,12.75,12.73,12.7,12.65,12.84,12.85,12.86,12.87,12.88,12.96,13.0,13.02,13.04,13.05,2600,3000,12300,53300,1000,500,900,1200,1700,500,600,400,10300,4100,300,1800,5000,2800,1800,9300
231.0,12.83,138900,1792421.0,12.83,12.82,12.81,12.8,12.78,12.77,12.75,12.73,12.7,12.65,12.84,12.85,12.86,12.87,12.88,12.96,13.0,13.02,13.04,13.05,2500,3000,12300,53300,1000,500,900,1200,1700,500,600,400,10300,4100,300,1800,5000,2800,1800,9300
232.0,12.83,138900,1792421.0,12.83,12.82,12.81,12.8,12.78,12.77,12.75,12.73,12.7,12.65,12.84,12.85,12.86,12.87,12.88,12.96,13.0,13.02,13.04,13.05,2500,3000,12300,53300,1000,500,900,1200,1700,500,600,400,10300,4100,300,1800,5000,2800,1800,9300
233.0,12.83,138900,1792421.0,12.83,12.82,12.81,12.8,12.78,12.77,12.75,12.73,12.7,12.65,12.84,12.85,12.86,12.87,12.88,12.96,13.0,13.02,13.04,13.05,2500,3000,12300,53300,1000,500,900,1200,1700,500,600,400,10300,4100,300,1800,5000,2800,1800,9300
234.0,12.83,138900,1792421.0,12.83,12.82,12.81,12.8,12.78,12.77,12.75,12.73,12.7,12.65,12.84,12.85,12.86,12.87,12.88,12.96,13.0,13.02,13.04,13.05,2900,3000,12300,53300,2000,500,20900,1200,1700,500,500,400,10300,4100,300,1800,5000,2800,1800,9300
235.0,12.83,138900,1792421.0,12.83,12.82,12.81,12.8,12.78,12.77,12.75,12.73,12.7,12.65,12.84,12.85,12.86,12.87,12.88,12.96,13.0,13.02,13.04,13.05,2900,3000,12300,53300,2000,500,20900,1200,1700,500,500,400,10300,4100,300,1800,5000,2800,1800,9300
236.0,12.83,139000,1793704.0,12.83,12.82,12.81,12.8,12.78,12.77,12.75,12.73,12.7,12.65,12.84,12.85,12.86,12.87,12.88,12.96,13.0,13.02,13.04,13.05,2800,3000,12300,53300,2000,500,20900,1200,1700,500,500,400,10300,4100,300,1800,5000,2800,1800,9300
237.0,12.83,139000,1793704.0,12.83,12.82,12.81,12.8,12.78,12.77,12.75,12.73,12.7,12.65,12.84,12.85,12.86,12.87,12.88,12.96,13.0,13.02,13.04,13.05,2800,3000,12300,53300,2000,500,20900,1200,1700,500,500,400,10300,4100,300,1800,5000,2800,1800,9300
238.0,12.83,139000,1793704.0,12.83,12.82,12.81,12.8,12.78,12.77,12.76,12.75,12.73,12.7,12.84,12.85,12.86,12.87,12.88,12.96,13.0,13.02,13.04,13.05,2800,3000,12300,58300,2000,500,500,20900,1200,1700,500,400,10300,4100,300,1800,5000,2800,1800,9300
239.0,12.84,139200,1796272.0,12.83,12.82,12.81,12.8,12.78,12.77,12.76,12.75,12.73,12.7,12.84,12.85,12.86,12.87,12.88,12.96,13.0,13.02,13.04,13.05,2900,3000,12300,58300,2000,500,500,20900,1200,1700,300,400,10300,4100,300,1800,5000,2800,1800,9300
240.0,12.84,139200,1796272.0,12.83,12.82,12.81,12.8,12.78,12.77,12.76,12.75,12.73,12.7,12.84,12.85,12.86,12.87,12.88,12.96,13.0,13.02,13.04,13.05,2900,3000,12300,58300,2000,500,500,20900,1200,1700,300,400,10300,4100,300,1800,5000,2800,1800,9300
241.0,12.84,139200,1796272.0,12.83,12.82,12.81,12.8,12.78,12.77,12.76,12.75,12.73,12.7,12.84,12.85,12.86,12.87,12.88,12.96,13.0,13.02,13.04,13.05,2900,3000,12300,58300,2000,500,500,20900,1200,1700,300,400,10300,4100,300,1800,5000,2800,1800,9300
242.0,12.83,142100,1833479.0,12.82,12.81,12.8,12.78,12.77,12.76,12.75,12.73,12.7,12.65,12.84,12.85,12.86,12.87,12.88,12.96,13.0,13.02,13.04,13.05,3100,12300,58300,2000,500,500,20900,1200,1700,500,300,400,10300,4100,300,1800,5000,2800,1800,9300
243.0,12.82,142200,1834761.0,12.82,12.81,12.8,12.78,12.77,12.76,12.75,12.73,12.7,12.65,12.84,12.85,12.86,12.87,12.88,12.96,13.0,13.02,13.04,13.05,3000,12300,58300,2000,500,500,20900,1200,1700,500,300,400,10300,4100,300,1800,5000,2800,1800,9300
244.0,12.82,142200,1834761.0,12.82,12.81,12.8,12.78,12.77,12.76,12.75,12.73,12.7,12.65,12.83,12.84,12.85,12.86,12.87,12.88,12.96,13.0,13.02,13.04,3200,12300,58300,2000,500,500,20900,1200,1700,500,200,500,400,10300,4100,300,1800,5000,2800,1800
245.0,12.82,144000,1857837.0,12.82,12.81,12.8,12.78,12.77,12.76,12.75,12.73,12.7,12.65,12.83,12.84,12.85,12.86,12.87,12.88,12.96,13.0,13.02,13.04,1400,12300,58300,2000,500,500,20900,1200,1700,500,200,500,400,10300,4100,300,1800,5000,2800,1800
246.0,12.82,144500,1864247.0,12.82,12.81,12.8,12.78,12.77,12.76,12.75,12.73,12.7,12.65,12.83,12.84,12.85,12.86,12.87,12.88,12.96,13.0,13.02,13.04,900,12300,58300,2000,500,500,20900,1200,1700,500,200,700,300,10300,4100,300,1800,5000,2800,1800
247.0,12.82,144500,1864247.0,12.82,12.81,12.8,12.78,12.77,12.76,12.75,12.73,12.7,12.65,12.83,12.84,12.85,12.86,12.87,12.88,12.96,13.0,13.02,13.04,900,12300,58300,2000,500,500,20900,1200,1700,500,200,700,300,10300,4100,300,1800,5000,2800,1800
248.0,12.82,145300,1874503.0,12.82,12.81,12.8,12.78,12.77,12.76,12.75,12.73,12.7,12.65,12.83,12.84,12.85,12.86,12.87,12.88,12.96,13.0,13.02,13.04,100,12300,58300,2000,500,500,20900,1200,1700,500,300,700,300,10300,4100,300,1800,5000,2800,1800
249.0,12.82,145300,1874503.0,12.82,12.81,12.8,12.78,12.77,12.76,12.75,12.73,12.7,12.65,12.83,12.84,12.85,12.86,12.87,12.88,12.96,13.0,13.02,13.04,100,12300,58300,2000,500,500,20900,1200,1700,500,300,700,300,10300,4100,300,1800,5000,2800,1800
250.0,12.82,145400,1875785.0,12.81,12.8,12.78,12.77,12.76,12.75,12.73,12.7,12.65,12.58,12.82,12.83,12.84,12.85,12.86,12.87,12.88,12.96,13.0,13.02,12300,58300,2000,500,500,20900,1200,1700,500,500,100,400,700,300,10300,4100,300,1800,5000,2800
251.0,12.82,145400,1875785.0,12.81,12.8,12.78,12.77,12.76,12.75,12.73,12.7,12.65,12.58,12.82,12.83,12.84,12.85,12.86,12.87,12.88,12.96,13.0,13.02,12600,58300,2000,500,500,20900,1200,1700,500,500,300,200,700,300,10300,4100,300,1800,5000,2800
252.0,12.81,145700,1879628.0,12.81,12.8,12.78,12.77,12.76,12.75,12.73,12.7,12.65,12.58,12.82,12.83,12.84,12.85,12.86,12.87,12.88,12.96,13.0,13.02,12300,58300,2000,500,500,20900,1200,1700,500,500,300,200,700,300,10300,4100,300,1800,5000,2800
253.0,12.81,145800,1880909.0,12.81,12.8,12.78,12.77,12.76,12.75,12.73,12.7,12.65,12.58,12.82,12.83,12.84,12.85,12.86,12.87,12.88,12.96,13.0,13.02,12200,58300,2000,500,500,20900,1200,1700,500,500,300,200,700,300,10300,4100,300,1800,5000,2800
254.0,12.82,146100,1884755.0,12.82,12.81,12.8,12.78,12.77,12.76,12.75,12.73,12.7,12.65,12.83,12.84,12.85,12.86,12.87,12.88,12.96,13.0,13.02,13.04,6000,12200,58300,2000,500,500,20900,1200,1700,500,300,700,300,10300,4100,300,1800,5000,2800,1800
255.0,12.83,146500,1889886.0,12.83,12.82,12.81,12.8,12.78,12.77,12.76,12.75,12.73,12.7,12.84,12.85,12.86,12.87,12.88,12.96,13.0,13.02,13.04,13.05,500,5900,12200,58300,2000,500,500,20900,1200,1700,700,300,10300,4100,300,1800,5000,2800,1800,9300
256.0,12.83,147000,1896301.0,12.82,12.81,12.8,12.78,12.77,12.76,12.75,12.73,12.7,12.65,12.83,12.84,12.85,12.86,12.87,12.88,12.96,13.0,13.02,13.04,5900,11200,58300,2000,500,500,20900,1200,1700,500,300,700,300,10300,4100,300,1800,5000,2800,1800
257.0,12.82,147700,1905275.0,12.82,12.81,12.8,12.78,12.77,12.76,12.75,12.73,12.7,12.65,12.83,12.84,12.85,12.86,12.87,12.88,12.96,13.0,13.02,13.04,5200,11200,58300,2000,500,500,20900,1200,1700,500,400,700,300,10300,4100,300,1800,5000,2800,1800
258.0,12.82,149700,1930915.0,12.82,12.81,12.8,12.78,12.77,12.76,12.75,12.73,12.7,12.65,12.83,12.84,12.85,12.86,12.87,12.88,12.96,13.0,13.02,13.04,3200,11200,58300,2000,500,500,20900,1200,1700,500,400,700,300,10300,4100,300,1800,5000,2800,1800
259.0,12.82,149700,1930915.0,12.82,12.81,12.8,12.78,12.77,12.76,12.75,12.73,12.7,12.65,12.83,12.84,12.85,12.86,12.87,12.88,12.96,13.0,13.02,13.04,3200,11200,58300,2000,500,500,20900,1200,1700,500,400,700,300,10300,4100,300,1800,5000,2800,1800
260.0,12.82,150000,1934761.0,12.82,12.81,12.8,12.78,12.77,12.76,12.75,12.73,12.7,12.65,12.83,12.84,12.85,12.86,12.87,12.88,12.96,13.0,13.02,13.04,3200,10900,58300,2000,500,500,20900,1200,1700,500,400,700,300,10300,4100,300,1800,5000,2800,1800
261.0,12.82,150000,1934761.0,12.82,12.81,12.8,12.78,12.77,12.76,12.75,12.73,12.7,12.65,12.83,12.84,12.85,12.86,12.87,12.88,12.96,13.0,13.02,13.04,3200,10900,58300,2000,500,500,20900,1200,1700,500,500,700,300,10300,4100,300,1800,5000,2800,1800
262.0,12.86,151900,1959163.0,12.82,12.81,12.8,12.78,12.77,12.76,12.75,12.73,12.7,12.65,12.86,12.87,12.88,12.96,13.0,13.02,13.04,13.05,13.06,13.07,3200,10900,58300,2000,500,500,20900,1200,1700,500,10100,4100,300,1800,5000,2800,1800,10300,200,200
263.0,12.86,152600,1968165.0,12.82,12.81,12.8,12.78,12.77,12.76,12.75,12.73,12.7,12.65,12.86,12.87,12.88,12.96,13.0,13.02,13.04,13.05,13.06,13.07,3600,10900,58300,2000,500,500,20900,1200,1700,500,9800,4100,300,1800,5000,2800,1800,10300,200,200
264.0,12.86,152600,1968165.0,12.84,12.82,12.81,12.8,12.78,12.77,12.76,12.75,12.73,12.7,12.86,12.87,12.88,12.96,13.0,13.02,13.04,13.05,13.06,13.07,500,3600,10900,58300,2000,500,500,20900,1200,1700,10000,4100,300,1800,5000,2800,1800,10300,200,200
265.0,12.84,153100,1974585.0,12.82,12.81,12.8,12.78,12.77,12.76,12.75,12.73,12.7,12.65,12.84,12.86,12.87,12.88,12.96,13.0,13.02,13.04,13.05,13.06,3800,10900,58300,2000,500,500,20900,1200,1700,500,100,10000,4100,300,1800,5000,2800,1800,10300,200
266.0,12.84,153100,1974585.0,12.82,12.81,12.8,12.78,12.77,12.76,12.75,12.73,12.7,12.65,12.84,12.86,12.87,12.88,12.96,13.0,13.02,13.04,13.05,13.06,3800,10900,58300,2000,500,500,20900,1200,1700,500,200,10000,4100,300,1800,5000,2800,1800,10300,200
267.0,12.84,153100,1974585.0,12.82,12.81,12.8,12.78,12.77,12.76,12.75,12.73,12.7,12.65,12.84,12.86,12.87,12.88,12.96,13.0,13.02,13.04,13.05,13.06,3800,10900,58300,2000,500,500,20900,1200,1700,500,200,10000,4100,300,1800,5000,2800,1800,10300,200
268.0,12.84,153100,1974585.0,12.82,12.81,12.8,12.78,12.77,12.76,12.75,12.73,12.7,12.65,12.84,12.86,12.87,12.88,12.96,13.0,13.02,13.04,13.05,13.06,4000,10900,58300,2000,500,500,20900,1200,1700,500,400,10000,4100,300,1800,5000,2800,1800,10300,200
269.0,12.84,153100,1974585.0,12.82,12.81,12.8,12.78,12.77,12.76,12.75,12.73,12.7,12.65,12.84,12.86,12.87,12.88,12.96,13.0,13.02,13.04,13.05,13.06,4000,10900,58300,2000,500,500,20900,1200,1700,500,400,10000,4100,300,1800,5000,2800,1800,10300,200
270.0,12.84,153100,1974585.0,12.82,12.81,12.8,12.78,12.77,12.76,12.75,12.73,12.7,12.65,12.84,12.86,12.87,12.88,12.96,13.0,13.02,13.04,13.05,13.06,4000,10900,58300,2000,500,500,20900,1200,1700,500,400,10000,4100,300,1800,5000,2800,1800,10300,200
271.0,12.84,153100,1974585.0,12.82,12.81,12.8,12.78,12.77,12.76,12.75,12.73,12.7,12.65,12.84,12.86,12.87,12.88,12.96,13.0,13.02,13.04,13.05,13.06,4200,10900,58300,2000,500,500,20900,1200,1700,500,600,10000,4100,300,1800,5000,2800,1800,10300,200
272.0,12.84,153100,1974585.0,12.82,12.81,12.8,12.78,12.77,12.76,12.75,12.73,12.7,12.65,12.84,12.86,12.87,12.88,12.96,13.0,13.02,13.04,13.05,13.06,4200,10900,58300,2000,500,500,20900,1200,1700,500,600,10000,4100,300,1800,5000,2800,1800,10300,200
273.0,12.84,153100,1974585.0,12.82,12.81,12.8,12.78,12.77,12.76,12.75,12.73,12.7,12.65,12.84,12.86,12.87,12.88,12.96,13.0,13.02,13.04,13.05,13.06,4200,10900,58300,2000,500,500,20900,1200,1700,500,600,10000,4100,300,1800,5000,2800,1800,10300,200
274.0,12.84,153200,1975869.0,12.82,12.81,12.8,12.78,12.77,12.76,12.75,12.73,12.7,12.65,12.84,12.86,12.87,12.88,12.96,13.0,13.02,13.04,13.05,13.06,4200,10900,58300,2000,500,500,20900,1200,1700,500,500,10000,4100,300,1800,5000,2800,1800,10300,200
275.0,12.82,153800,1983561.0,12.82,12.81,12.8,12.78,12.77,12.76,12.75,12.73,12.7,12.65,12.84,12.86,12.87,12.88,12.96,13.0,13.02,13.04,13.05,13.06,3600,10900,58300,2000,500,500,20900,1200,1700,500,500,10000,4100,300,1800,5000,2800,1800,10300,200
276.0,12.82,153800,1983561.0,12.82,12.81,12.8,12.78,12.77,12.76,12.75,12.73,12.7,12.65,12.84,12.86,12.87,12.88,12.96,13.0,13.02,13.04,13.05,13.06,3600,10900,58300,2000,500,500,20900,1200,1700,500,500,10000,4100,300,1800,5000,2800,1800,10300,200
277.0,12.82,153800,1983561.0,12.82,12.81,12.8,12.78,12.77,12.76,12.75,12.73,12.7,12.65,12.84,12.86,12.87,12.88,12.96,13.0,13.02,13.04,13.05,13.06,3600,10900,58300,2000,500,500,20900,1200,1700,500,500,10000,4100,300,1800,5000,2800,1800,10300,200
278.0,12.82,153800,1983561.0,12.82,12.81,12.8,12.78,12.77,12.76,12.75,12.73,12.7,12.65,12.84,12.86,12.87,12.88,12.96,13.0,13.02,13.04,13.05,13.06,3600,10900,58300,2000,500,500,20900,1200,1700,500,500,10000,4100,300,1800,5000,2800,1800,10300,200
279.0,12.82,154000,1986127.0,12.82,12.81,12.8,12.78,12.77,12.76,12.75,12.73,12.7,12.65,12.83,12.84,12.86,12.87,12.88,12.96,13.0,13.02,13.04,13.05,3500,10900,58300,2000,500,500,20900,1200,1700,500,700,400,10000,4100,300,1800,5000,2800,1800,10300
280.0,12.82,154000,1986127.0,12.82,12.81,12.8,12.78,12.77,12.76,12.75,12.73,12.7,12.65,12.83,12.84,12.86,12.87,12.88,12.96,13.0,13.02,13.04,13.05,3500,10900,58300,2000,500,500,20900,1200,1700,500,700,400,10000,4100,300,1800,5000,2800,1800,10300
281.0,12.82,154000,1986127.0,12.82,12.81,12.8,12.78,12.77,12.76,12.75,12.73,12.7,12.65,12.83,12.84,12.86,12.87,12.88,12.96,13.0,13.02,13.04,13.05,3200,10900,58300,2000,500,500,20900,1200,1700,500,700,400,10000,4100,300,1800,5000,2800,1800,10300
282.0,12.82,154000,1986127.0,12.82,12.81,12.8,12.78,12.77,12.76,12.75,12.73,12.7,12.65,12.83,12.84,12.86,12.87,12.88,12.96,13.0,13.02,13.04,13.05,3200,10900,58300,2000,500,500,20900,1200,1700,500,700,400,10000,4100,300,1800,5000,2800,1800,10300
283.0,12.82,154000,1986127.0,12.82,12.81,12.8,12.78,12.77,12.76,12.75,12.73,12.7,12.65,12.83,12.84,12.86,12.87,12.88,12.96,13.0,13.02,13.04,13.05,3200,10900,58300,2000,500,500,20900,1200,1700,500,700,400,10000,4100,300,1800,5000,2800,1800,10300
284.0,12.83,154300,1989976.0,12.82,12.81,12.8,12.78,12.77,12.76,12.75,12.73,12.7,12.65,12.83,12.84,12.86,12.87,12.88,12.96,13.0,13.02,13.04,13.05,3200,10900,58300,2000,500,500,20900,1200,1700,500,400,400,10000,4100,300,1800,5000,2800,1800,10300
285.0,12.83,154700,1995108.0,12.82,12.81,12.8,12.78,12.77,12.76,12.75,12.73,12.7,12.65,12.84,12.86,12.87,12.88,12.96,13.0,13.02,13.04,13.05,13.06,4300,10900,58300,2000,500,500,20900,1200,1700,500,400,10000,4100,300,1800,5000,2800,1800,10300,200
286.0,12.83,154900,1997674.0,12.82,12.81,12.8,12.78,12.77,12.76,12.75,12.73,12.7,12.65,12.84,12.86,12.87,12.88,12.96,13.0,13.02,13.04,13.05,13.06,4300,11400,58300,2000,500,500,20900,1200,1700,500,400,10000,4100,300,1800,5000,2800,1800,10300,200
287.0,12.83,154900,1997674.0,12.82,12.81,12.8,12.78,12.77,12.76,12.75,12.73,12.7,12.65,12.84,12.86,12.87,12.88,12.96,13.0,13.02,13.04,13.05,13.06,4300,11400,58300,2000,500,500,20900,1200,1700,500,400,10000,4100,300,1800,5000,2800,1800,10300,200
288.0,12.83,154900,1997674.0,12.82,12.81,12.8,12.78,12.77,12.76,12.75,12.73,12.7,12.65,12.84,12.86,12.87,12.88,12.96,13.0,13.02,13.04,13.05,13.06,4300,11800,58300,2000,500,500,20900,1200,1700,500,400,10000,4100,300,1800,5000,2800,1800,10300,200
289.0,12.82,155800,2009212.0,12.82,12.81,12.8,12.78,12.77,12.76,12.75,12.73,12.7,12.65,12.84,12.86,12.87,12.88,12.96,13.0,13.02,13.04,13.05,13.06,3400,11800,58300,2000,500,500,20900,1200,1700,500,400,10000,4100,300,1800,5000,2600,1800,10300,200
290.0,12.82,155800,2009212.0,12.82,12.81,12.8,12.78,12.77,12.76,12.75,12.73,12.7,12.65,12.84,12.86,12.87,12.88,12.96,13.0,13.02,13.04,13.05,13.06,3400,11800,58300,2000,500,500,20900,1200,1700,500,500,10000,4100,300,1800,5000,2600,1800,10300,200
291.0,12.82,155800,2009212.0,12.82,12.81,12.8,12.78,12.77,12.76,12.75,12.73,12.7,12.65,12.84,12.86,12.87,12.88,12.96,13.0,13.02,13.04,13.05,13.06,3400,12000,58300,2000,500,500,20900,1200,1700,500,500,10000,4100,300,1800,5000,2600,1800,10300,200
292.0,12.82,155800,2009212.0,12.82,12.81,12.8,12.78,12.77,12.76,12.75,12.73,12.7,12.65,12.84,12.86,12.87,12.88,12.96,13.0,13.02,13.04,13.05,13.06,3400,12000,58300,2000,500,500,20900,1200,1700,500,500,10000,4100,300,1800,5000,2600,1800,10300,200
293.0,12.82,155800,2009212.0,12.82,12.81,12.8,12.78,12.77,12.76,12.75,12.73,12.7,12.65,12.84,12.86,12.87,12.88,12.96,13.0,13.02,13.04,13.05,13.06,3400,12000,58300,2000,500,500,20900,1200,1700,500,600,10000,4100,300,1800,5000,2600,1800,10300,200
294.0,12.82,155800,2009212.0,12.82,12.81,12.8,12.78,12.77,12.76,12.75,12.73,12.7,12.65,12.84,12.86,12.87,12.88,12.96,13.0,13.02,13.04,13.05,13.06,3400,12000,58300,2000,500,500,20900,1200,1700,500,700,10000,4100,300,1800,5000,2600,1800,10300,200
295.0,12.82,155900,2010494.0,12.82,12.81,12.8,12.78,12.77,12.76,12.75,12.73,12.7,12.65,12.84,12.86,12.87,12.88,12.96,13.0,13.02,13.04,13.05,13.06,3300,12000,58300,2000,500,500,20900,1200,1700,500,700,10000,4100,300,1800,5000,2600,1800,10300,200
296.0,12.82,155900,2010494.0,12.82,12.81,12.8,12.78,12.77,12.76,12.75,12.73,12.7,12.65,12.84,12.86,12.87,12.88,12.96,13.0,13.02,13.04,13.05,13.06,3300,14000,58300,2000,500,500,20900,1200,1700,500,700,10000,4100,300,1800,5000,2600,1800,10300,200
297.0,12.82,159000,2050238.0,12.82,12.81,12.8,12.78,12.77,12.76,12.75,12.73,12.7,12.65,12.84,12.85,12.86,12.87,12.88,12.96,13.0,13.02,13.04,13.05,300,14000,58300,2000,500,500,20900,1200,1700,500,600,200,10000,4100,300,1800,5000,2600,1800,10300
298.0,12.84,159500,2056658.0,12.82,12.81,12.8,12.78,12.77,12.76,12.75,12.73,12.7,12.65,12.84,12.85,12.86,12.87,12.88,12.96,13.0,13.02,13.04,13.05,300,14000,58300,2000,500,500,20900,1200,1700,500,100,200,10000,4100,300,1800,5000,2600,1800,10300
299.0,12.84,159500,2056658.0,12.82,12.81,12.8,12.78,12.77,12.76,12.75,12.73,12.7,12.65,12.84,12.85,12.86,12.87,12.88,12.96,13.0,13.02,13.04,13.05,300,14100,58300,2000,800,500,20900,1200,1700,500,100,300,10000,4100,300,1800,5000,2600,1800,10300
300.0,12.84,159500,2056658.0,12.82,12.81,12.8,12.78,12.77,12.76,12.75,12.73,12.7,12.65,12.84,12.85,12.86,12.87,12.88,12.96,13.0,13.02,13.04,13.05,300,14100,58300,2000,800,500,20900,1200,1700,500,100,300,10000,4100,300,1800,5000,2600,1800,10300
301.0,12.84,159500,2056658.0,12.82,12.81,12.8,12.78,12.77,12.76,12.75,12.73,12.7,12.65,12.84,12.85,12.86,12.87,12.88,12.96,13.0,13.02,13.04,13.05,300,14100,58300,2000,800,500,20900,1200,1700,500,100,300,10000,4100,300,1800,5000,2600,1800,10300
302.0,12.84,159700,2059224.0,12.82,12.81,12.8,12.78,12.77,12.76,12.75,12.73,12.7,12.65,12.84,12.85,12.86,12.87,12.88,12.96,13.0,13.02,13.04,13.05,200,14100,58300,2000,800,500,20900,1200,1700,500,6700,300,10000,4100,300,1800,5000,2600,1800,10300
303.0,12.83,160200,2065639.0,12.82,12.81,12.8,12.78,12.77,12.76,12.75,12.73,12.7,12.65,12.84,12.85,12.86,12.87,12.88,12.96,13.0,13.02,13.04,13.05,200,14100,58300,2000,800,500,20900,1200,1700,500,6700,300,10000,4100,300,1800,5000,2600,1800,10300
304.0,12.83,160200,2065639.0,12.82,12.81,12.8,12.78,12.77,12.76,12.75,12.73,12.7,12.65,12.84,12.85,12.86,12.87,12.88,12.96,13.0,13.02,13.04,13.05,200,14100,58300,2000,800,500,20900,1200,1700,500,6700,300,10000,4100,300,1800,5000,2600,1800,10300
305.0,12.84,161500,2082331.0,12.82,12.81,12.8,12.78,12.77,12.76,12.75,12.73,12.7,12.65,12.84,12.85,12.86,12.87,12.88,12.96,13.0,13.02,13.04,13.05,200,14100,58300,2000,800,500,20900,1200,1700,500,5700,300,10000,4100,300,1800,5000,2600,1800,10300
306.0,12.84,161500,2082331.0,12.82,12.81,12.8,12.78,12.77,12.76,12.75,12.73,12.7,12.65,12.83,12.84,12.85,12.86,12.87,12.88,12.96,13.0,13.02,13.04,200,14100,58300,2000,800,500,20900,1200,1700,500,200,5700,300,10000,4100,300,1800,5000,2600,1800
307.0,12.84,161500,2082331.0,12.82,12.81,12.8,12.78,12.77,12.76,12.75,12.73,12.7,12.65,12.83,12.84,12.85,12.86,12.87,12.88,12.96,13.0,13.02,13.04,200,14100,58300,2000,800,500,20900,1200,1700,500,200,5700,300,10000,4100,100,1800,5000,2600,1800
308.0,12.82,161700,2084895.0,12.81,12.8,12.78,12.77,12.76,12.75,12.73,12.7,12.65,12.58,12.82,12.83,12.84,12.85,12.86,12.87,12.88,12.96,13.0,13.02,14100,58300,2000,800,500,20900,1200,1700,500,500,100,200,4700,300,10000,4100,100,1800,5000,2600
309.0,12.82,161700,2084895.0,12.81,12.8,12.78,12.77,12.76,12.75,12.73,12.7,12.65,12.58,12.82,12.83,12.84,12.85,12.86,12.87,12.88,12.96,13.0,13.02,14600,58300,2000,800,500,20900,1200,1700,500,500,100,200,4700,300,10000,4100,100,1800,5000,2600
310.0,12.82,161700,2084895.0,12.81,12.8,12.78,12.77,12.76,12.75,12.73,12.7,12.65,12.58,12.82,12.83,12.84,12.85,12.86,12.87,12.88,12.96,13.0,13.02,14600,58300,2000,800,500,20900,1200,1700,500,500,100,200,4700,300,10000,4100,100,1800,5000,2600
311.0,12.82,161800,2086177.0,12.82,12.81,12.8,12.78,12.77,12.76,12.75,12.73,12.7,12.65,12.83,12.84,12.85,12.86,12.87,12.88,12.96,13.0,13.02,13.04,100,15200,58300,2000,800,500,20900,1200,1700,500,200,4700,300,10000,4100,100,1800,5000,2600,1800
312.0,12.82,161900,2087459.0,12.81,12.8,12.78,12.77,12.76,12.75,12.73,12.7,12.65,12.58,12.82,12.84,12.85,12.86,12.87,12.88,12.96,13.0,13.02,13.04,15200,58300,2000,800,500,20900,1200,1700,500,500,100,300,300,10000,4100,100,1800,5000,2600,1800
313.0,12.82,161900,2087459.0,12.81,12.8,12.78,12.77,12.76,12.75,12.73,12.7,12.65,12.58,12.82,12.84,12.85,12.86,12.87,12.88,12.96,13.0,13.02,13.04,15200,58300,2000,800,500,20900,1200,1700,500,500,100,300,300,10000,4100,100,1800,5000,2600,1800
314.0,12.82,162000,2088741.0,12.81,12.8,12.78,12.77,12.76,12.75,12.73,12.7,12.65,12.58,12.84,12.85,12.86,12.87,12.88,12.96,13.0,13.02,13.04,13.05,15200,58300,2000,800,500,20900,1200,1700,500,500,300,300,10000,4100,100,1800,5000,2600,1800,10300
315.0,12.82,162000,2088741.0,12.81,12.8,12.78,12.77,12.76,12.75,12.73,12.7,12.65,12.58,12.84,12.85,12.86,12.87,12.88,12.96,13.0,13.02,13.04,13.05,15500,58300,2000,800,500,20900,1200,1700,500,500,600,300,10000,4100,100,1800,5000,2600,1800,10300
316.0,12.82,162000,2088741.0,12.82,12.81,12.8,12.78,12.77,12.76,12.75,12.73,12.7,12.65,12.84,12.85,12.86,12.87,12.88,12.96,13.0,13.02,13.04,13.05,3500,15800,58300,2000,800,500,20900,1200,1700,500,700,300,10000,4100,100,1800,5000,2600,1800,10300
317.0,12.82,162000,2088741.0,12.82,12.81,12.8,12.78,12.77,12.76,12.75,12.73,12.7,12.65,12.84,12.85,12.86,12.87,12.88,12.96,13.0,13.02,13.04,13.05,3500,15900,58300,2000,800,500,20900,1200,1700,500,700,300,10000,4100,100,1800,5000,2600,1800,10300
318.0,12.82,162100,2090023.0,12.82,12.81,12.8,12.78,12.77,12.76,12.75,12.73,12.7,12.65,12.84,12.85,12.86,12.87,12.88,12.96,13.0,13.02,13.04,13.05,3400,15900,58300,2000,800,500,20900,1200,1700,500,700,300,10000,4100,100,1800,5000,2600,1800,10300
319.0,12.82,162300,2092587.0,12.82,12.81,12.8,12.78,12.77,12.76,12.75,12.73,12.7,12.65,12.83,12.84,12.85,12.86,12.87,12.88,12.96,13.0,13.02,13.04,3200,15900,58300,2000,800,500,20900,1200,1700,500,100,700,400,10100,4100,100,1800,5000,2600,1800
320.0,12.82,162400,2093869.0,12.82,12.81,12.8,12.78,12.77,12.76,12.75,12.73,12.7,12.65,12.83,12.84,12.85,12.86,12.87,12.88,12.96,13.0,13.02,13.04,3100,15900,58300,2000,800,500,20900,1200,1700,500,900,700,400,10000,4100,100,1800,5000,2600,1800
321.0,12.82,162400,2093869.0,12.82,12.81,12.8,12.78,12.77,12.76,12.75,12.73,12.7,12.65,12.83,12.84,12.85,12.86,12.87,12.88,12.96,13.0,13.02,13.04,3100,15900,58300,2000,800,500,20900,1200,1700,500,900,700,400,10000,4100,100,1800,5000,2600,1800
322.0,12.82,162400,2093869.0,12.82,12.81,12.8,12.78,12.77,12.76,12.75,12.73,12.7,12.65,12.83,12.84,12.85,12.86,12.87,12.88,12.96,13.0,13.02,13.04,3100,15900,58300,2000,800,500,20900,1200,1700,500,900,700,400,10000,4100,100,1800,5000,2600,1800
323.0,12.82,162400,2093869.0,12.82,12.81,12.8,12.78,12.77,12.76,12.75,12.73,12.7,12.65,12.83,12.84,12.85,12.86,12.87,12.88,12.96,13.0,13.02,13.04,3200,15800,58300,2000,800,500,20900,1200,1700,500,900,700,400,10000,4100,100,1800,5000,2600,1800
324.0,12.82,162400,2093869.0,12.82,12.81,12.8,12.78,12.77,12.76,12.75,12.73,12.7,12.65,12.83,12.84,12.85,12.86,12.87,12.88,12.96,13.0,13.02,13.04,3200,15900,58300,2000,800,500,20900,1200,1700,500,900,700,400,10000,4100,100,1800,5000,2600,1800
325.0,12.82,162900,2100279.0,12.82,12.81,12.8,12.78,12.77,12.76,12.75,12.73,12.7,12.65,12.83,12.84,12.85,12.86,12.87,12.88,12.96,13.0,13.02,13.04,2700,15900,58300,2000,800,500,20900,1200,1700,500,900,700,400,10000,4100,100,1800,5000,2600,1800
326.0,12.82,162900,2100279.0,12.82,12.81,12.8,12.78,12.77,12.76,12.75,12.73,12.7,12.65,12.83,12.84,12.85,12.86,12.87,12.88,12.96,13.0,13.02,13.04,2700,15900,58300,2000,800,500,20900,1200,1700,500,1000,700,400,10000,4100,100,1800,5000,2600,1800
327.0,12.83,163100,2102845.0,12.82,12.81,12.8,12.78,12.77,12.76,12.75,12.73,12.7,12.65,12.83,12.84,12.85,12.86,12.87,12.88,12.96,13.0,13.02,13.04,2700,15900,58300,2000,800,500,20900,1200,1700,500,800,700,400,10000,4100,100,1800,5000,2600,1800
328.0,12.83,163100,2102845.0,12.82,12.81,12.8,12.78,12.77,12.76,12.75,12.73,12.7,12.65,12.83,12.84,12.85,12.86,12.87,12.88,12.96,13.0,13.02,13.04,3300,15900,58300,2000,800,500,20900,1200,1700,500,800,700,400,10000,4100,100,1800,5000,2600,1800
329.0,12.83,163100,2102845.0,12.82,12.81,12.8,12.78,12.77,12.76,12.75,12.73,12.7,12.65,12.83,12.84,12.85,12.86,12.87,12.88,12.96,13.0,13.02,13.04,3300,15900,58300,2000,800,500,20900,1200,1700,500,800,700,400,10000,4100,100,1800,5000,2600,1800
330.0,12.83,163100,2102845.0,12.82,12.81,12.8,12.78,12.77,12.76,12.75,12.73,12.7,12.65,12.83,12.84,12.85,12.86,12.87,12.88,12.96,13.0,13.02,13.04,3300,15900,58300,2000,800,500,20900,1200,1700,500,800,700,400,10000,4100,100,1800,5000,2600,1800
331.0,12.82,164300,2118235.0,12.82,12.81,12.8,12.78,12.77,12.76,12.75,12.73,12.7,12.65,12.83,12.84,12.85,12.86,12.87,12.88,12.96,13.0,13.02,13.04,2700,15900,58300,2000,800,500,20900,1200,1700,500,200,700,400,10000,4100,100,1800,5000,2600,1800
332.0,12.82,164300,2118235.0,12.82,12.81,12.8,12.78,12.77,12.76,12.75,12.73,12.7,12.65,12.83,12.84,12.85,12.86,12.87,12.88,12.96,13.0,13.02,13.04,2700,15900,58300,2000,800,500,20900,1200,1700,500,200,700,400,10000,4100,100,1800,5000,2600,1800
333.0,12.82,164300,2118235.0,12.82,12.81,12.8,12.78,12.77,12.76,12.75,12.73,12.7,12.65,12.83,12.84,12.85,12.86,12.87,12.88,12.96,13.0,13.02,13.04,2700,15900,58300,2000,800,500,20900,1200,1700,500,200,700,400,10000,4100,100,1800,5000,2600,1800
334.0,12.82,165200,2129773.0,12.82,12.81,12.8,12.78,12.77,12.76,12.75,12.73,12.7,12.65,12.83,12.84,12.85,12.86,12.87,12.88,12.96,13.0,13.02,13.04,1800,15900,58300,2000,800,500,20900,1200,1700,500,200,700,400,10000,4100,100,1800,5000,2600,1800
335.0,12.82,165200,2129773.0,12.82,12.81,12.8,12.78,12.77,12.76,12.75,12.73,12.7,12.65,12.83,12.84,12.85,12.86,12.87,12.88,12.96,13.0,13.02,13.04,2300,15900,58300,2000,800,500,20900,1200,1700,500,200,700,400,10000,4100,100,1800,5000,2600,1800
336.0,12.82,165300,2131055.0,12.82,12.81,12.8,12.78,12.77,12.76,12.75,12.73,12.7,12.65,12.83,12.84,12.85,12.86,12.87,12.88,12.96,13.0,13.02,13.04,2200,15900,58300,2000,800,500,20900,1200,1700,500,200,700,400,10000,4100,100,1800,5000,2600,1800
337.0,12.82,165300,2131055.0,12.82,12.81,12.8,12.78,12.77,12.76,12.75,12.73,12.7,12.65,12.83,12.84,12.85,12.86,12.87,12.88,12.96,13.0,13.02,13.04,2200,15800,58300,2000,800,500,20900,1200,1700,500,200,700,400,10000,4100,100,1800,5000,2600,1800
338.0,12.82,165300,2131055.0,12.82,12.81,12.8,12.78,12.77,12.76,12.75,12.73,12.7,12.65,12.83,12.84,12.85,12.86,12.87,12.88,12.96,13.0,13.02,13.04,2200,15800,58300,2000,800,500,20900,1200,1700,500,200,700,400,10000,4100,100,1800,5000,2600,1800
339.0,12.82,165300,2131055.0,12.82,12.81,12.8,12.78,12.77,12.76,12.75,12.73,12.7,12.65,12.83,12.84,12.85,12.86,12.87,12.88,12.96,13.0,13.02,13.04,2200,15800,58300,2000,800,500,20900,1200,1700,500,200,700,400,10000,4100,100,1800,5000,2600,1800
340.0,12.82,165300,2131055.0,12.82,12.81,12.8,12.78,12.77,12.76,12.75,12.73,12.7,12.65,12.83,12.84,12.85,12.86,12.87,12.88,12.96,13.0,13.02,13.04,2200,15800,58300,2000,800,500,20900,1200,1700,500,200,700,400,10000,4100,100,1800,5000,2600,1800
341.0,12.83,165400,2132338.0,12.82,12.81,12.8,12.78,12.77,12.76,12.75,12.73,12.7,12.65,12.83,12.84,12.85,12.86,12.87,12.88,12.96,13.0,13.02,13.04,2200,15800,58300,2000,800,500,20900,1200,1700,500,200,700,400,10000,4100,100,1800,5000,2600,1800
342.0,12.83,165400,2132338.0,12.82,12.81,12.8,12.78,12.77,12.76,12.75,12.73,12.7,12.65,12.83,12.84,12.85,12.86,12.87,12.88,12.96,13.0,13.02,13.04,2200,15800,58300,2000,800,500,20900,1200,1700,500,200,700,400,10000,4100,100,1800,5000,2600,1800
343.0,12.83,165400,2132338.0,12.82,12.81,12.8,12.78,12.77,12.76,12.75,12.73,12.7,12.65,12.83,12.84,12.85,12.86,12.87,12.88,12.96,13.0,13.02,13.04,2200,15800,58300,2000,800,500,20900,1200,1700,500,200,700,400,10000,4100,100,1800,5000,2600,1800
344.0,12.82,165500,2133620.0,12.82,12.81,12.8,12.78,12.77,12.76,12.75,12.73,12.7,12.65,12.83,12.84,12.85,12.86,12.87,12.88,12.96,13.0,13.02,13.04,2200,15800,58300,2000,800,500,20900,1200,1700,500,200,700,400,10000,4100,100,1800,5000,2600,1800
345.0,12.82,165500,2133620.0,12.82,12.81,12.8,12.78,12.77,12.76,12.75,12.73,12.7,12.65,12.83,12.84,12.85,12.86,12.87,12.88,12.96,13.0,13.02,13.04,2700,15800,58300,2000,800,500,20900,1200,1700,500,200,700,400,10000,4100,100,1800,5000,2600,1800
346.0,12.82,165500,2133620.0,12.82,12.81,12.8,12.78,12.77,12.76,12.75,12.73,12.7,12.65,12.83,12.84,12.85,12.86,12.87,12.88,12.96,13.0,13.02,13.04,2700,15800,58300,2000,800,500,20900,1200,1700,500,200,700,400,10000,4100,100,1800,5000,2600,1800
347.0,12.82,165500,2133620.0,12.82,12.81,12.8,12.78,12.77,12.76,12.75,12.73,12.7,12.65,12.83,12.84,12.85,12.86,12.87,12.88,12.96,13.0,13.02,13.04,2700,15800,58300,2000,800,500,20900,1200,1700,500,200,700,400,10000,4100,100,1800,5000,2600,1800
348.0,12.82,165500,2133620.0,12.82,12.81,12.8,12.78,12.77,12.76,12.75,12.73,12.7,12.65,12.83,12.84,12.85,12.86,12.87,12.88,12.96,13.0,13.02,13.04,2700,15800,58300,2000,800,500,20900,1200,1700,500,200,700,400,10000,4100,100,1800,5000,2600,1800
349.0,12.82,165500,2133620.0,12.82,12.81,12.8,12.78,12.77,12.76,12.75,12.73,12.7,12.65,12.83,12.84,12.85,12.86,12.87,12.88,12.96,13.0,13.02,13.04,2700,15800,58300,2000,800,500,20900,1200,1700,500,200,700,400,10000,4100,100,1800,5000,2600,1800
350.0,12.82,165500,2133620.0,12.82,12.81,12.8,12.78,12.77,12.76,12.75,12.73,12.7,12.65,12.83,12.84,12.85,12.86,12.87,12.88,12.96,13.0,13.02,13.04,2700,15800,58300,2000,800,500,20900,1200,1700,500,200,700,400,10000,4100,100,1800,5000,2600,1800
351.0,12.82,165500,2133620.0,12.82,12.81,12.8,12.78,12.77,12.76,12.75,12.73,12.7,12.65,12.83,12.84,12.85,12.86,12.87,12.88,12.96,13.0,13.02,13.04,2700,15800,58300,2000,800,500,20900,1200,1700,500,500,700,400,10000,4100,100,1800,5000,2600,1800
352.0,12.83,166000,2140035.0,12.82,12.81,12.8,12.78,12.77,12.76,12.75,12.73,12.7,12.65,12.84,12.85,12.86,12.87,12.88,12.96,13.0,13.02,13.04,13.05,2700,15800,58300,2000,800,500,20900,1200,1700,500,700,400,10000,4100,100,1800,5000,2600,1800,10300
353.0,12.83,166000,2140035.0,12.82,12.81,12.8,12.78,12.77,12.76,12.75,12.73,12.7,12.65,12.84,12.85,12.86,12.87,12.88,12.96,13.0,13.02,13.04,13.05,2700,15800,58300,2000,800,500,20900,1200,1700,500,700,400,10000,4100,100,1800,5000,2600,1800,10300
354.0,12.83,166000,2140035.0,12.82,12.81,12.8,12.78,12.77,12.76,12.75,12.73,12.7,12.65,12.84,12.85,12.86,12.87,12.88,12.96,13.0,13.02,13.04,13.05,2700,15800,58300,2000,800,500,20900,1200,1700,500,1000,400,10000,4100,100,1800,5000,2600,1800,10300
355.0,12.84,166300,2143887.0,12.82,12.81,12.8,12.78,12.77,12.76,12.75,12.73,12.7,12.65,12.84,12.85,12.86,12.87,12.88,12.96,13.0,13.02,13.04,13.05,2700,15800,58300,2000,800,500,20900,1200,1700,500,700,400,10000,4100,100,1800,5000,2600,1800,10300
356.0,12.84,166300,2143887.0,12.82,12.81,12.8,12.78,12.77,12.76,12.75,12.73,12.7,12.65,12.84,12.85,12.86,12.87,12.88,12.96,13.0,13.02,13.04,13.05,2700,15800,58300,2000,800,500,20900,1200,1700,500,700,400,10000,4100,100,1800,5000,2600,1800,10300
357.0,12.84,166300,2143887.0,12.82,12.81,12.8,12.78,12.77,12.76,12.75,12.73,12.7,12.65,12.84,12.85,12.86,12.87,12.88,12.96,13.0,13.02,13.04,13.05,2700,15800,58300,2000,800,500,20900,1200,1700,500,700,400,10000,4100,100,1800,5000,2600,1800,10300
358.0,12.84,166300,2143887.0,12.82,12.81,12.8,12.78,12.77,12.76,12.75,12.73,12.7,12.65,12.84,12.85,12.86,12.87,12.88,12.96,13.0,13.02,13.04,13.05,2700,15800,58300,2000,800,500,20900,1200,1700,500,700,400,10000,4100,100,1800,5000,2600,1800,10300
359.0,12.84,166300,2143887.0,12.82,12.81,12.8,12.78,12.77,12.76,12.75,12.73,12.7,12.65,12.84,12.85,12.86,12.87,12.88,12.96,13.0,13.02,13.04,13.05,2700,15800,58300,2000,800,500,20900,1200,1700,500,700,400,10000,4100,100,1800,5000,2600,1800,10300
360.0,12.82,167200,2155425.0,12.82,12.81,12.8,12.78,12.77,12.76,12.75,12.73,12.7,12.65,12.84,12.85,12.86,12.87,12.88,12.96,13.0,13.02,13.04,13.05,1800,15800,58300,2000,800,500,20900,1200,1700,500,700,400,10000,4100,100,1800,5000,2600,1800,10300
361.0,12.82,167300,2156707.0,12.82,12.81,12.8,12.78,12.77,12.76,12.75,12.73,12.7,12.65,12.83,12.84,12.85,12.86,12.87,12.88,12.96,13.0,13.02,13.04,1700,15800,58300,2000,800,500,20900,1200,1700,500,400,700,400,10000,4100,100,1800,5000,2600,1800
362.0,12.82,167700,2161835.0,12.82,12.81,12.8,12.78,12.77,12.76,12.75,12.73,12.7,12.65,12.83,12.84,12.85,12.86,12.87,12.88,12.96,13.0,13.02,13.04,1300,15800,58300,2000,800,500,20900,1200,1700,500,1400,700,400,10000,4100,100,1800,5000,2600,1800
363.0,12.82,169000,2178501.0,12.81,12.8,12.78,12.77,12.76,12.75,12.73,12.7,12.65,12.58,12.82,12.83,12.84,12.85,12.86,12.87,12.88,12.96,13.0,13.02,15800,58300,2000,800,500,20900,1200,1700,500,500,900,1400,400,400,10000,4100,100,1800,5000,2600
364.0,12.81,169100,2179782.0,12.81,12.8,12.78,12.77,12.76,12.75,12.73,12.7,12.65,12.58,12.82,12.83,12.84,12.85,12.86,12.87,12.88,12.96,13.0,13.02,15700,58300,2000,800,500,20900,1200,1700,500,500,2200,1400,400,400,10000,4100,100,1800,5000,2600
365.0,12.82,169500,2184910.0,12.81,12.8,12.78,12.77,12.76,12.75,12.73,12.7,12.65,12.58,12.82,12.83,12.84,12.85,12.86,12.87,12.88,12.96,13.0,13.02,15700,58300,2000,800,500,20900,1200,1700,500,500,2200,1400,400,300,10000,4100,100,1800,5000,2600
366.0,12.81,172700,2225906.0,12.81,12.8,12.78,12.77,12.76,12.75,12.73,12.7,12.65,12.58,12.82,12.83,12.84,12.85,12.86,12.87,12.88,12.96,13.0,13.02,12900,58300,2000,800,500,20900,1200,1700,500,500,2000,1700,400,300,10000,4100,100,1800,5000,2600
367.0,12.81,173600,2237435.0,12.81,12.8,12.78,12.77,12.76,12.75,12.73,12.7,12.65,12.58,12.82,12.83,12.84,12.85,12.86,12.87,12.88,12.96,13.0,13.02,12000,58300,2000,800,500,20900,1200,1700,500,500,2000,1700,400,300,10000,4100,100,1800,5000,2600
368.0,12.81,174300,2246404.0,12.81,12.8,12.78,12.77,12.76,12.75,12.73,12.7,12.65,12.58,12.82,12.83,12.84,12.85,12.86,12.87,12.88,12.96,13.0,13.02,11500,58300,2000,800,500,20900,1200,1700,500,500,1800,1700,400,300,10000,4100,100,1800,5000,2600
369.0,12.81,174400,2247685.0,12.81,12.8,12.78,12.77,12.76,12.75,12.73,12.7,12.65,12.58,12.82,12.83,12.84,12.85,12.86,12.87,12.88,12.96,13.0,13.02,11400,58300,2000,800,500,20900,1200,1700,500,500,1800,1700,400,100,10000,4100,100,1800,5000,2600
370.0,12.81,174500,2248966.0,12.81,12.8,12.78,12.77,12.76,12.75,12.73,12.7,12.65,12.58,12.82,12.83,12.84,12.85,12.86,12.87,12.88,12.96,13.0,13.02,11300,58300,2000,800,500,20900,1200,1700,500,500,1800,1700,400,100,10000,4100,100,1800,5000,2600
371.0,12.82,185700,2392441.0,12.81,12.8,12.78,12.77,12.76,12.75,12.73,12.7,12.65,12.58,12.82,12.83,12.84,12.85,12.86,12.87,12.88,12.96,13.0,13.02,400,58300,2000,800,500,20900,1200,1700,500,500,1500,1400,400,100,10000,4100,100,1800,5000,2600
372.0,12.81,186200,2398847.0,12.8,12.78,12.77,12.76,12.75,12.73,12.7,12.65,12.58,12.55,12.82,12.83,12.84,12.85,12.86,12.87,12.88,12.96,13.0,13.02,58300,2000,800,500,20900,1200,1700,500,500,1000,1400,1400,400,100,10000,4100,100,1800,5000,2600
373.0,12.8,186400,2401407.0,12.8,12.78,12.77,12.76,12.75,12.73,12.7,12.65,12.58,12.55,12.82,12.83,12.84,12.85,12.86,12.87,12.88,12.96,13.0,13.02,58100,2000,800,500,20900,1200,1700,500,500,1000,1400,1400,400,100,10000,4100,100,1800,5000,2600
374.0,12.8,186400,2401407.0,12.8,12.78,12.77,12.76,12.75,12.73,12.7,12.65,12.58,12.55,12.81,12.82,12.83,12.84,12.85,12.86,12.87,12.88,12.96,13.0,58100,2000,800,500,20900,1200,1700,500,500,1000,100,1400,1400,400,100,10000,4100,100,1800,5000
375.0,12.8,186400,2401407.0,12.8,12.78,12.77,12.76,12.75,12.73,12.7,12.65,12.58,12.55,12.81,12.82,12.83,12.84,12.85,12.86,12.87,12.88,12.96,13.0,58100,2000,800,500,20900,1200,1700,500,500,1000,100,1400,1400,400,100,10000,4100,100,1800,5000
376.0,12.8,186400,2401407.0,12.8,12.78,12.77,12.76,12.75,12.73,12.7,12.65,12.58,12.55,12.81,12.82,12.83,12.84,12.85,12.86,12.87,12.88,12.96,13.0,58100,2000,800,500,20900,1200,1700,500,500,1000,100,1400,1400,400,100,10000,4100,100,1800,5000
377.0,12.8,186500,2402687.0,12.8,12.78,12.77,12.76,12.75,12.73,12.7,12.65,12.58,12.55,12.81,12.82,12.83,12.84,12.85,12.86,12.87,12.88,12.96,13.0,58000,2000,800,500,20900,1200,1700,500,500,1000,200,1400,1300,400,100,10000,4100,100,1800,5000
378.0,12.8,186600,2403967.0,12.8,12.78,12.77,12.76,12.75,12.73,12.7,12.65,12.58,12.55,12.81,12.82,12.83,12.84,12.85,12.86,12.87,12.88,12.96,13.0,57900,2000,800,500,20900,1200,1700,500,500,1000,200,1400,1300,400,100,10000,4100,100,1800,5000
379.0,12.8,186600,2403967.0,12.8,12.78,12.77,12.76,12.75,12.73,12.7,12.65,12.58,12.55,12.81,12.82,12.83,12.84,12.85,12.86,12.87,12.88,12.96,13.0,58000,2000,800,500,20900,1200,1700,500,500,1000,200,1400,1300,400,100,10000,4100,100,1800,5000
380.0,12.8,186600,2403967.0,12.8,12.78,12.77,12.76,12.75,12.73,12.7,12.65,12.58,12.55,12.81,12.82,12.83,12.84,12.85,12.86,12.87,12.88,12.96,13.0,58000,2000,800,500,20900,1200,1700,500,500,1000,200,1400,1300,400,100,10000,4100,100,1800,5000
381.0,12.8,186600,2403967.0,12.8,12.78,12.77,12.76,12.75,12.73,12.7,12.65,12.58,12.55,12.81,12.82,12.83,12.84,12.85,12.86,12.87,12.88,12.96,13.0,58000,2000,800,500,20900,1200,1700,500,500,1000,200,1400,1300,400,100,10000,4100,100,1800,5000
382.0,12.8,186700,2405247.0,12.8,12.78,12.77,12.76,12.75,12.73,12.7,12.65,12.58,12.55,12.81,12.82,12.83,12.84,12.85,12.86,12.87,12.88,12.96,13.0,57900,2000,800,500,20900,1200,1700,500,500,1000,200,1400,1300,400,100,10000,4100,100,1800,5000
383.0,12.8,186800,2406527.0,12.8,12.78,12.77,12.76,12.75,12.73,12.7,12.65,12.58,12.55,12.81,12.82,12.83,12.84,12.85,12.86,12.87,12.88,12.96,13.0,57800,2000,800,500,20900,1200,1700,500,500,1000,200,1400,1300,400,100,10000,4100,100,1800,5000
384.0,12.8,188300,2425727.0,12.8,12.78,12.77,12.76,12.75,12.73,12.7,12.65,12.58,12.55,12.81,12.82,12.83,12.84,12.85,12.86,12.87,12.88,12.96,13.0,56300,2000,800,500,30900,1200,1700,500,500,1000,500,1400,1300,400,100,10000,4100,100,1800,5000
385.0,12.8,188300,2425727.0,12.8,12.78,12.77,12.76,12.75,12.73,12.7,12.65,12.58,12.55,12.81,12.82,12.83,12.84,12.85,12.86,12.87,12.88,12.96,13.0,56300,2000,800,500,30900,1200,1700,500,500,1000,500,1400,1300,400,100,10000,4100,100,1800,5000
386.0,12.8,188300,2425727.0,12.8,12.78,12.77,12.76,12.75,12.73,12.7,12.65,12.58,12.55,12.81,12.82,12.83,12.84,12.85,12.86,12.87,12.88,12.96,13.0,56300,2000,800,500,30900,1200,1700,500,500,1000,500,1400,1300,400,100,10000,4100,100,1800,5000
387.0,12.8,188300,2425727.0,12.8,12.78,12.77,12.76,12.75,12.73,12.7,12.65,12.58,12.55,12.81,12.82,12.83,12.84,12.85,12.86,12.87,12.88,12.96,13.0,56300,2000,800,500,30900,1200,1700,500,500,1000,500,1400,1300,400,100,10000,4100,100,1800,5000
388.0,12.8,188300,2425727.0,12.8,12.78,12.77,12.76,12.75,12.73,12.7,12.65,12.58,12.55,12.81,12.82,12.83,12.84,12.85,12.86,12.87,12.88,12.96,13.0,56300,2000,800,500,30900,1200,1700,500,500,1000,500,1400,1300,400,100,10000,4100,100,1800,5000
389.0,12.8,188600,2429567.0,12.8,12.78,12.77,12.76,12.75,12.73,12.7,12.65,12.58,12.55,12.81,12.82,12.83,12.84,12.85,12.86,12.87,12.88,12.96,13.0,56000,2000,800,500,30900,1200,1700,500,500,1000,500,1400,1300,400,100,10000,4100,100,1800,5000
390.0,12.81,188700,2430848.0,12.8,12.78,12.77,12.76,12.75,12.73,12.7,12.65,12.58,12.55,12.81,12.82,12.83,12.84,12.85,12.86,12.87,12.88,12.96,13.0,56000,2000,800,500,30900,1200,1700,500,500,1000,400,1400,1300,400,100,10000,4100,100,1800,5000
391.0,12.81,188700,2430848.0,12.8,12.78,12.77,12.76,12.75,12.73,12.7,12.65,12.58,12.56,12.81,12.82,12.83,12.84,12.85,12.86,12.87,12.88,12.96,13.0,56000,2000,800,500,30900,1200,1700,500,500,500,400,1400,1300,400,100,10000,4100,100,1800,5000
392.0,12.81,189100,2435972.0,12.81,12.8,12.78,12.77,12.76,12.75,12.73,12.7,12.65,12.58,12.82,12.83,12.84,12.85,12.86,12.87,12.88,12.96,13.0,13.02,100,56000,2000,800,500,30900,1200,1700,500,500,1400,1300,400,100,10000,4100,100,1800,5000,2600
393.0,12.81,189100,2435972.0,12.81,12.8,12.78,12.77,12.76,12.75,12.73,12.7,12.65,12.58,12.82,12.83,12.84,12.85,12.86,12.87,12.88,12.96,13.0,13.02,100,56000,2000,800,500,30900,1200,1700,500,500,1400,1300,400,100,10000,4100,100,1800,5000,2600
394.0,12.81,189100,2435972.0,12.81,12.8,12.78,12.77,12.76,12.75,12.73,12.7,12.65,12.58,12.82,12.83,12.84,12.85,12.86,12.87,12.88,12.96,13.0,13.02,100,56000,2000,800,500,30900,1200,1700,500,500,1400,1300,400,100,10000,4100,100,1800,5000,2600
395.0,12.82,189300,2438536.0,12.81,12.8,12.78,12.77,12.76,12.75,12.73,12.7,12.65,12.58,12.82,12.83,12.84,12.85,12.86,12.87,12.88,12.96,13.0,13.02,100,56000,2000,800,500,30900,1200,1700,500,500,1200,1300,400,100,10000,4100,100,1800,5000,2600
396.0,12.82,189300,2438536.0,12.81,12.8,12.78,12.77,12.76,12.75,12.73,12.7,12.65,12.58,12.82,12.83,12.84,12.85,12.86,12.87,12.88,12.96,13.0,13.02,100,56000,2000,800,500,30900,1200,1700,500,500,700,1300,400,100,10000,4100,100,1800,5000,2600
397.0,12.82,189300,2438536.0,12.81,12.8,12.78,12.77,12.76,12.75,12.73,12.7,12.65,12.58,12.82,12.83,12.84,12.85,12.86,12.87,12.88,12.96,13.0,13.02,100,56000,2000,800,500,30900,1200,1700,500,500,700,1300,400,100,10000,4100,100,1800,5000,2600
398.0,12.81,189400,2439817.0,12.8,12.78,12.77,12.76,12.75,12.73,12.7,12.65,12.58,12.56,12.81,12.82,12.83,12.84,12.85,12.86,12.87,12.88,12.96,13.0,56000,2000,800,500,30900,1200,1700,500,500,500,200,700,1300,400,100,10000,4100,100,1800,5000
399.0,12.81,189400,2439817.0,12.8,12.78,12.77,12.76,12.75,12.73,12.7,12.65,12.58,12.56,12.81,12.82,12.83,12.84,12.85,12.86,12.87,12.88,12.96,13.0,56000,2000,800,500,30900,1200,1700,500,500,500,200,700,1300,400,100,10000,4100,100,1800,5000
400.0,12.81,189400,2439817.0,12.8,12.78,12.77,12.76,12.75,12.73,12.7,12.65,12.58,12.56,12.81,12.82,12.83,12.84,12.85,12.86,12.87,12.88,12.96,13.0,56000,2000,800,500,30900,1200,1700,500,500,500,200,700,1300,400,100,10000,4100,100,1800,5000
401.0,12.81,189400,2439817.0,12.8,12.78,12.77,12.76,12.75,12.73,12.7,12.65,12.58,12.56,12.81,12.82,12.83,12.84,12.85,12.86,12.87,12.88,12.96,13.0,56000,2000,800,500,30900,1200,1700,500,500,500,200,700,1300,400,100,10000,4100,100,1800,5000
402.0,12.81,189400,2439817.0,12.8,12.78,12.77,12.76,12.75,12.73,12.7,12.65,12.58,12.56,12.81,12.82,12.83,12.84,12.85,12.86,12.87,12.88,12.96,13.0,56000,2000,800,500,30900,1200,1700,500,500,500,200,700,1300,400,100,10000,4100,100,1800,5000
403.0,12.81,189500,2441098.0,12.8,12.79,12.78,12.77,12.76,12.75,12.73,12.7,12.65,12.58,12.81,12.82,12.83,12.84,12.85,12.86,12.87,12.88,12.96,13.0,56000,800,2000,800,500,30900,1200,1700,500,500,100,700,1300,400,100,10000,4100,100,1800,5000
404.0,12.81,189500,2441098.0,12.8,12.79,12.78,12.77,12.76,12.75,12.73,12.7,12.65,12.58,12.81,12.82,12.83,12.84,12.85,12.86,12.87,12.88,12.96,13.0,56000,800,2000,800,500,30900,1200,1700,500,500,100,700,1300,400,100,10000,4100,100,1800,5000
405.0,12.81,189500,2441098.0,12.8,12.79,12.78,12.77,12.76,12.75,12.73,12.7,12.65,12.58,12.81,12.82,12.83,12.84,12.85,12.86,12.87,12.88,12.96,13.0,56000,800,2000,800,500,30900,1200,1700,500,500,100,700,1300,400,100,10000,4100,100,1800,5000
406.0,12.81,189500,2441098.0,12.8,12.79,12.78,12.77,12.76,12.75,12.73,12.7,12.65,12.58,12.81,12.82,12.83,12.84,12.85,12.86,12.87,12.88,12.96,13.0,56000,800,2000,800,500,30900,1200,1700,500,500,100,700,1300,400,100,10000,4100,100,1800,5000
407.0,12.81,189500,2441098.0,12.8,12.79,12.78,12.77,12.76,12.75,12.73,12.7,12.65,12.58,12.81,12.82,12.83,12.84,12.85,12.86,12.87,12.88,12.96,13.0,56000,800,2000,800,500,30900,1200,1700,500,500,100,700,1300,400,100,10000,4100,100,1800,5000
408.0,12.81,189600,2442379.0,12.81,12.8,12.79,12.78,12.77,12.76,12.75,12.73,12.7,12.65,12.82,12.83,12.84,12.85,12.86,12.87,12.88,12.96,13.0,13.02,200,56000,800,2000,800,500,30900,1200,1700,500,700,1300,400,100,10000,4100,100,1800,5000,2600
409.0,12.81,189600,2442379.0,12.81,12.8,12.79,12.78,12.77,12.76,12.75,12.73,12.7,12.65,12.82,12.83,12.84,12.85,12.86,12.87,12.88,12.96,13.0,13.02,200,56000,800,2000,800,500,30900,1200,1700,500,700,1300,400,100,10000,4100,100,1800,5000,2600
410.0,12.81,189600,2442379.0,12.81,12.8,12.79,12.78,12.77,12.76,12.75,12.73,12.7,12.65,12.82,12.83,12.84,12.85,12.86,12.87,12.88,12.96,13.0,13.02,200,56000,800,2000,800,500,30900,1200,1700,500,700,1300,400,100,10000,4100,100,1800,5000,2600
411.0,12.81,189600,2442379.0,12.81,12.8,12.79,12.78,12.77,12.76,12.75,12.73,12.7,12.65,12.82,12.83,12.84,12.85,12.86,12.87,12.88,12.96,13.0,13.02,200,56000,800,2000,800,600,30900,1200,1700,500,700,1300,400,100,10000,4100,100,1800,5000,2600
412.0,12.82,190300,2451353.0,12.82,12.81,12.8,12.79,12.78,12.77,12.76,12.75,12.73,12.7,12.83,12.84,12.85,12.86,12.87,12.88,12.96,13.0,13.02,13.04,300,200,56000,800,3000,800,600,30900,1200,1700,1300,400,100,10000,4100,100,1800,5000,2600,1800
413.0,12.83,190500,2453919.0,12.82,12.81,12.8,12.79,12.78,12.77,12.76,12.75,12.73,12.7,12.83,12.84,12.85,12.86,12.87,12.88,12.96,13.0,13.02,13.04,300,200,56000,800,3000,800,600,30900,1200,1700,1100,400,100,10000,4100,100,1800,5000,2600,1800
