LocalTime,LastPrice,TradeVolume,TradeValue,BidPrice1,BidPrice2,BidPrice3,BidPrice4,BidPrice5,BidPrice6,BidPrice7,BidPrice8,BidPrice9,BidPriceA,AskPrice1,AskPrice2,AskPrice3,AskPrice4,AskPrice5,AskPrice6,AskPrice7,AskPrice8,AskPrice9,AskPriceA,BidVolume1,BidVolume2,BidVolume3,BidVolume4,BidVolume5,BidVolume6,BidVolume7,BidVolume8,BidVolume9,BidVolumeA,AskVolume1,AskVolume2,AskVolume3,AskVolume4,AskVolume5,AskVolume6,AskVolume7,AskVolume8,AskVolume9,AskVolumeA
0.0,6.58,15300,100674.0,6.58,6.56,6.55,6.54,6.53,6.5,6.47,6.46,6.45,6.43,6.61,6.63,6.65,6.66,6.67,6.69,6.7,6.71,6.72,6.73,7200,3100,100,200,5600,21100,10000,1500,3600,500,500,600,500,5000,3800,7900,4600,600,1300,500
1.0,6.58,15300,100674.0,6.58,6.56,6.55,6.54,6.53,6.52,6.5,6.47,6.46,6.45,6.6,6.61,6.63,6.65,6.66,6.67,6.69,6.7,6.71,6.72,7200,3100,100,200,5600,6000,21300,10000,1500,3600,1900,500,3600,500,5000,3800,7900,4600,600,1300
2.0,6.58,15300,100674.0,6.58,6.56,6.55,6.54,6.53,6.52,6.5,6.47,6.46,6.45,6.6,6.61,6.63,6.65,6.66,6.67,6.69,6.7,6.71,6.72,9200,3100,1100,200,7100,6000,21300,10000,1500,3600,2200,500,3600,500,11500,8900,7900,4600,600,1300
3.0,6.58,15300,100674.0,6.59,6.58,6.56,6.55,6.54,6.53,6.52,6.5,6.47,6.46,6.6,6.61,6.63,6.65,6.66,6.67,6.69,6.7,6.71,6.72,500,19200,4600,1100,25200,7100,6200,21300,10000,1500,2200,500,5100,4000,11500,54200,7900,4600,600,6300
4.0,6.58,16600,109233.0,6.58,6.56,6.55,6.54,6.53,6.52,6.51,6.5,6.47,6.46,6.6,6.61,6.63,6.65,6.66,6.67,6.69,6.7,6.71,6.72,18400,14600,1100,56200,7100,6200,700,21300,10000,1500,2200,500,5100,4000,13500,56900,11900,4600,600,6300
5.0,6.58,17200,113181.0,6.58,6.56,6.55,6.54,6.53,6.52,6.51,6.5,6.47,6.46,6.6,6.61,6.63,6.65,6.66,6.67,6.69,6.7,6.71,6.72,17800,14600,1500,57400,7100,6200,700,31300,10000,1500,2200,500,5100,6100,13500,56900,11900,4600,600,6300
6.0,6.6,17700,116481.0,6.58,6.57,6.56,6.55,6.54,6.53,6.52,6.51,6.5,6.47,6.6,6.61,6.63,6.65,6.66,6.67,6.69,6.7,6.71,6.72,19800,2000,14600,4500,60200,7100,6200,1700,32300,10000,1700,500,5100,20100,13500,56900,11900,4600,43300,6300
7.0,6.6,19400,127701.0,6.6,6.59,6.58,6.57,6.56,6.55,6.54,6.53,6.52,6.51,6.61,6.63,6.65,6.66,6.67,6.69,6.7,6.71,6.72,6.73,1900,3100,19800,2000,16600,4500,60200,10100,6200,3700,500,5100,20100,13500,56900,11900,4600,43300,6300,500
8.0,6.6,19500,128361.0,6.6,6.59,6.58,6.57,6.56,6.55,6.54,6.53,6.52,6.51,6.61,6.63,6.65,6.66,6.67,6.69,6.7,6.71,6.72,6.73,4200,3300,19800,2000,16600,7700,60400,10100,6200,3700,500,5100,20100,13500,56900,11900,4000,43300,6300,500
9.0,6.6,19500,128361.0,6.6,6.59,6.58,6.57,6.56,6.55,6.54,6.53,6.52,6.51,6.61,6.63,6.65,6.66,6.67,6.69,6.7,6.71,6.72,6.73,4200,3300,20900,2000,86300,7700,63400,10100,6200,3700,500,5100,20100,13500,56900,11900,4000,43300,6300,500
10.0,6.6,19600,129021.0,6.6,6.59,6.58,6.57,6.56,6.55,6.54,6.53,6.52,6.51,6.61,6.63,6.65,6.66,6.67,6.68,6.69,6.7,6.71,6.72,4500,3300,20900,11200,87300,7700,63400,10100,6200,3700,500,5100,20200,13500,56900,10000,11900,4000,43300,6300
11.0,6.61,19700,129682.0,6.6,6.59,6.58,6.57,6.56,6.55,6.54,6.53,6.52,6.51,6.61,6.63,6.65,6.66,6.67,6.68,6.69,6.7,6.71,6.72,4600,2600,21300,11200,87300,7700,63400,10100,6200,3700,400,5100,20200,16500,56900,10000,11900,4000,43300,6300
12.0,6.6,21400,140902.0,6.6,6.59,6.58,6.57,6.56,6.55,6.54,6.53,6.52,6.51,6.61,6.63,6.65,6.66,6.67,6.68,6.69,6.7,6.71,6.72,2900,2400,21300,11200,87300,7700,63400,10100,6200,3700,400,5100,21200,16500,56900,11700,11900,4000,43300,6300
13.0,6.6,21800,143542.0,6.6,6.59,6.58,6.57,6.56,6.55,6.54,6.53,6.52,6.51,6.61,6.63,6.65,6.66,6.67,6.68,6.69,6.7,6.71,6.72,2500,2400,21300,11200,89300,7700,63400,10100,6200,3700,400,6000,21200,16500,56900,11700,37000,4000,43300,6300
14.0,6.6,22500,148170.0,6.6,6.59,6.58,6.57,6.56,6.55,6.54,6.53,6.52,6.51,6.63,6.65,6.66,6.67,6.68,6.69,6.7,6.71,6.72,6.73,2800,2400,21300,11200,89300,7700,63400,10100,6200,3700,6000,21200,16500,56900,11700,37000,4000,43300,6300,500
15.0,6.6,27300,179850.0,6.59,6.58,6.57,6.56,6.55,6.54,6.53,6.52,6.51,6.5,6.6,6.62,6.63,6.65,6.66,6.67,6.68,6.69,6.7,6.71,2400,21300,11200,89300,7700,63400,10100,6200,3700,43500,10200,2600,6000,21200,16500,56900,11700,37000,4000,43300
16.0,6.6,27600,181830.0,6.59,6.58,6.57,6.56,6.55,6.54,6.53,6.52,6.51,6.5,6.6,6.62,6.63,6.65,6.66,6.67,6.68,6.69,6.7,6.71,2400,21300,11200,89300,7700,63400,10100,6200,3700,43500,9900,2900,6000,21200,16500,56900,11700,37000,4000,43300
17.0,6.6,27700,182490.0,6.59,6.58,6.57,6.56,6.55,6.54,6.53,6.52,6.51,6.5,6.6,6.62,6.63,6.65,6.66,6.67,6.68,6.69,6.7,6.71,2400,21300,11200,89300,7700,63400,10100,6200,3700,43500,9800,2900,6000,21500,16500,56900,11700,37000,4000,43300
18.0,6.6,27700,182490.0,6.59,6.58,6.57,6.56,6.55,6.54,6.53,6.52,6.51,6.5,6.6,6.62,6.63,6.65,6.66,6.67,6.68,6.69,6.7,6.71,2400,21300,11200,89300,7700,63400,10100,6200,3700,43500,9800,2700,6000,21500,16500,56900,11700,37000,4000,43300
19.0,6.6,27700,182490.0,6.59,6.58,6.57,6.56,6.55,6.54,6.53,6.52,6.51,6.5,6.6,6.62,6.63,6.65,6.66,6.67,6.68,6.69,6.7,6.71,2400,21300,11200,89300,7700,63400,10100,6200,3700,43500,9800,2700,6000,21500,16500,56900,11700,37000,4000,43300
20.0,6.6,27700,182490.0,6.59,6.58,6.57,6.56,6.55,6.54,6.53,6.52,6.51,6.5,6.6,6.62,6.63,6.65,6.66,6.67,6.68,6.69,6.7,6.71,2400,21300,11200,89300,7700,63400,10100,6200,3700,43500,9800,2700,6000,21500,16500,56900,11700,37000,4000,43300
21.0,6.59,30800,202920.0,6.58,6.57,6.56,6.55,6.54,6.53,6.52,6.51,6.5,6.49,6.6,6.62,6.63,6.65,6.66,6.67,6.68,6.69,6.7,6.71,21300,11200,89300,7700,63400,10100,6200,3700,43500,3000,9700,2700,5100,21500,16500,56900,11700,37000,4000,43300
22.0,6.59,30800,202920.0,6.58,6.57,6.56,6.55,6.54,6.53,6.52,6.51,6.5,6.49,6.6,6.62,6.63,6.65,6.66,6.67,6.68,6.69,6.7,6.71,21300,11200,89300,7700,63400,10100,6200,3700,43500,3000,10000,2700,5100,21200,16500,56900,11700,37000,4000,43300
23.0,6.6,31300,206220.0,6.58,6.57,6.56,6.55,6.54,6.53,6.52,6.51,6.5,6.49,6.6,6.62,6.63,6.65,6.66,6.67,6.68,6.69,6.7,6.71,21300,11200,89300,7700,63400,10100,6200,3700,43500,3000,10700,2700,5100,21200,16500,56900,11700,37000,4000,43300
24.0,6.6,31300,206220.0,6.58,6.57,6.56,6.55,6.54,6.53,6.52,6.51,6.5,6.49,6.6,6.62,6.63,6.65,6.66,6.67,6.68,6.69,6.7,6.71,21300,11200,89300,7700,63400,10100,6200,3700,43500,3000,10700,2700,5100,21200,16500,56900,11700,37000,4000,43300
25.0,6.6,31300,206220.0,6.58,6.57,6.56,6.55,6.54,6.53,6.52,6.51,6.5,6.49,6.6,6.62,6.63,6.65,6.66,6.67,6.68,6.69,6.7,6.71,26300,11200,89300,7700,63400,10100,6200,3700,43500,3000,10700,2700,5100,21200,16500,56900,11700,37000,4000,43300
26.0,6.58,31500,207537.0,6.58,6.57,6.56,6.55,6.54,6.53,6.52,6.51,6.5,6.49,6.59,6.6,6.62,6.63,6.65,6.66,6.67,6.68,6.69,6.7,26200,11200,89300,7700,63400,10100,6200,3700,43500,3000,2800,10700,2700,5100,21200,16500,56900,11700,37000,4000
27.0,6.59,32800,216104.0,6.58,6.57,6.56,6.55,6.54,6.53,6.52,6.51,6.5,6.49,6.59,6.6,6.62,6.63,6.65,6.66,6.67,6.68,6.69,6.7,26200,11200,89300,7700,63400,10100,6200,3700,43500,3000,1500,10700,2700,5100,21200,16500,56900,11700,37000,4000
28.0,6.59,33400,220058.0,6.58,6.57,6.56,6.55,6.54,6.53,6.52,6.51,6.5,6.49,6.59,6.6,6.62,6.63,6.65,6.66,6.67,6.68,6.69,6.7,26200,11200,89300,7700,63400,10100,6200,3700,43500,3000,900,9500,2700,5100,21200,16500,56900,11700,37000,4000
29.0,6.59,42100,277442.0,6.59,6.58,6.57,6.56,6.55,6.54,6.53,6.52,6.51,6.5,6.6,6.62,6.63,6.65,6.66,6.67,6.68,6.69,6.7,6.71,11000,26200,11200,89300,7700,63400,10100,6200,3700,43500,2500,2700,5100,21200,16500,56900,11700,37000,4000,43300
30.0,6.61,47100,310467.0,6.59,6.58,6.57,6.56,6.55,6.54,6.53,6.52,6.51,6.5,6.61,6.62,6.63,6.65,6.66,6.67,6.68,6.69,6.7,6.71,10900,26200,11200,89300,7700,63400,10100,6200,3700,43500,400,1800,5100,21200,16500,56900,11700,37000,4000,43300
31.0,6.59,53000,349348.0,6.59,6.58,6.57,6.56,6.55,6.54,6.53,6.52,6.51,6.5,6.61,6.62,6.63,6.65,6.66,6.67,6.68,6.69,6.7,6.71,5000,27300,11200,89300,7700,63400,10100,6200,3700,43500,400,1800,5100,21200,16500,56900,11700,37000,4000,43300
32.0,6.59,53700,353961.0,6.59,6.58,6.57,6.56,6.55,6.54,6.53,6.52,6.51,6.5,6.61,6.62,6.63,6.65,6.66,6.67,6.68,6.69,6.7,6.71,4400,27300,11200,89300,7700,63400,10100,6200,3700,43500,400,1800,5100,21200,16500,56900,24500,37000,4000,43300
33.0,6.59,53700,353961.0,6.59,6.58,6.57,6.56,6.55,6.54,6.53,6.52,6.51,6.5,6.61,6.62,6.63,6.65,6.66,6.67,6.68,6.69,6.7,6.71,4400,27300,11200,89300,7700,63400,10100,6200,3700,43500,400,1800,5000,21200,16500,56900,24500,37000,4000,43300
34.0,6.59,56500,372413.0,6.59,6.58,6.57,6.56,6.55,6.54,6.53,6.52,6.51,6.5,6.61,6.62,6.63,6.65,6.66,6.67,6.68,6.69,6.7,6.71,1600,27300,11200,89300,7700,63400,10100,6200,3700,43500,200,1800,5000,21200,16500,56900,24500,37000,4000,43300
35.0,6.59,56500,372413.0,6.59,6.58,6.57,6.56,6.55,6.54,6.53,6.52,6.51,6.5,6.61,6.62,6.63,6.65,6.66,6.67,6.68,6.69,6.7,6.71,1600,27300,11200,89300,7700,63400,10100,6200,3700,43500,900,1300,5000,21200,16500,56900,24500,37000,4000,43300
36.0,6.59,56500,372413.0,6.59,6.58,6.57,6.56,6.55,6.54,6.53,6.52,6.51,6.5,6.61,6.62,6.63,6.65,6.66,6.67,6.68,6.69,6.7,6.71,1600,27300,11200,89300,7700,63400,10100,6200,3700,43500,900,1300,5000,21200,16500,56900,24500,37000,4000,43300
37.0,6.59,56500,372413.0,6.59,6.58,6.57,6.56,6.55,6.54,6.53,6.52,6.51,6.5,6.61,6.62,6.63,6.65,6.66,6.67,6.68,6.69,6.7,6.71,1600,27300,11200,89300,7700,63400,10100,6200,3700,43500,900,1300,5000,21200,16500,56900,24500,37000,4000,43300
38.0,6.59,56600,373072.0,6.59,6.58,6.57,6.56,6.55,6.54,6.53,6.52,6.51,6.5,6.61,6.62,6.63,6.65,6.66,6.67,6.68,6.69,6.7,6.71,1800,27300,11200,89300,7700,63400,10100,6200,3700,43500,900,1300,5000,21200,16500,56900,24500,37000,4000,43300
39.0,6.59,56600,373072.0,6.59,6.58,6.57,6.56,6.55,6.54,6.53,6.52,6.51,6.5,6.61,6.62,6.63,6.65,6.66,6.67,6.68,6.69,6.7,6.71,1800,27300,11200,89300,7700,63400,10100,6200,3700,43500,900,1300,5000,21200,16500,56900,24500,37000,4000,43300
40.0,6.59,56600,373072.0,6.59,6.58,6.57,6.56,6.55,6.54,6.53,6.52,6.51,6.5,6.61,6.62,6.63,6.65,6.66,6.67,6.68,6.69,6.7,6.71,1800,27300,11200,89300,7700,63400,10100,6200,3700,43500,900,1300,6300,21200,16500,56900,24500,37000,4000,43300
41.0,6.61,57000,375716.0,6.59,6.58,6.57,6.56,6.55,6.54,6.53,6.52,6.51,6.5,6.61,6.62,6.63,6.65,6.66,6.67,6.68,6.69,6.7,6.71,1800,27300,11200,89300,7700,63400,10100,6200,3700,43500,500,1300,6300,21200,16500,56900,24500,37000,4000,43300
42.0,6.59,57300,377693.0,6.59,6.58,6.57,6.56,6.55,6.54,6.53,6.52,6.51,6.5,6.61,6.62,6.63,6.65,6.66,6.67,6.68,6.69,6.7,6.71,1500,27300,11200,89300,7700,63400,10100,6200,3700,43500,800,1300,6300,21200,16500,56900,24500,37000,4000,43300
43.0,6.59,57300,377693.0,6.59,6.58,6.57,6.56,6.55,6.54,6.53,6.52,6.51,6.5,6.61,6.62,6.63,6.65,6.66,6.67,6.68,6.69,6.7,6.71,1500,27300,11200,89300,7700,63400,10100,6200,3700,43500,1300,1300,6300,21200,16500,56900,24500,37000,4000,43300
44.0,6.59,57300,377693.0,6.59,6.58,6.57,6.56,6.55,6.54,6.53,6.52,6.51,6.5,6.61,6.62,6.63,6.65,6.66,6.67,6.68,6.69,6.7,6.71,1500,27300,11200,89300,7700,63400,10100,6200,3700,43500,1300,1300,6300,21200,16500,56900,24500,37000,4000,43300
45.0,6.59,57400,378352.0,6.59,6.58,6.57,6.56,6.55,6.54,6.53,6.52,6.51,6.5,6.61,6.62,6.63,6.65,6.66,6.67,6.68,6.69,6.7,6.71,1400,27300,11200,89300,7700,63400,10100,6200,3700,43500,1300,1300,6300,21200,16500,56900,24500,37000,4000,43300
46.0,6.61,57500,379013.0,6.59,6.58,6.57,6.56,6.55,6.54,6.53,6.52,6.51,6.5,6.6,6.61,6.62,6.63,6.65,6.66,6.67,6.68,6.69,6.7,3300,27300,11200,89300,7700,63400,10100,6200,3700,43500,200,1200,1300,6300,21200,16500,56900,24500,37000,4000
47.0,6.6,57700,380332.0,6.59,6.58,6.57,6.56,6.55,6.54,6.53,6.52,6.51,6.5,6.6,6.61,6.62,6.63,6.65,6.66,6.67,6.68,6.69,6.7,3200,27300,11200,89300,7700,63400,10100,6200,3700,43500,100,1200,1300,6300,21200,16500,56900,24500,37000,4000
48.0,6.6,57700,380332.0,6.59,6.58,6.57,6.56,6.55,6.54,6.53,6.52,6.51,6.5,6.6,6.61,6.62,6.63,6.65,6.66,6.67,6.68,6.69,6.7,7900,27300,11200,89300,7700,63400,10100,6200,3700,43500,100,1200,1300,6300,21200,16500,56900,24500,37000,4000
49.0,6.6,57700,380332.0,6.59,6.58,6.57,6.56,6.55,6.54,6.53,6.52,6.51,6.5,6.6,6.61,6.62,6.63,6.65,6.66,6.67,6.68,6.69,6.7,7900,27300,11200,89300,7700,63400,10100,6200,3700,43500,100,1200,1300,6300,21200,16500,56900,24500,37000,4000
50.0,6.6,57700,380332.0,6.59,6.58,6.57,6.56,6.55,6.54,6.53,6.52,6.51,6.5,6.6,6.61,6.62,6.63,6.65,6.66,6.67,6.68,6.69,6.7,7900,27300,11200,89300,7700,63400,10100,6200,3700,43500,100,1200,1300,6300,21200,16500,56900,24500,37000,4000
51.0,6.6,57800,380992.0,6.59,6.58,6.57,6.56,6.55,6.54,6.53,6.52,6.51,6.5,6.61,6.62,6.63,6.65,6.66,6.67,6.68,6.69,6.7,6.71,7800,27300,11200,89300,7700,63400,10100,6200,3700,43500,1200,1300,6300,21200,16500,56900,24500,37000,4000,43300
52.0,6.61,57900,381653.0,6.59,6.58,6.57,6.56,6.55,6.54,6.53,6.52,6.51,6.5,6.61,6.62,6.63,6.65,6.66,6.67,6.68,6.69,6.7,6.71,11300,27300,11200,89300,7700,63400,10100,6200,3700,43500,1100,1300,6300,21200,16500,56900,24500,37000,8100,43300
53.0,6.6,59100,389562.0,6.59,6.58,6.57,6.56,6.55,6.54,6.53,6.52,6.51,6.5,6.6,6.61,6.62,6.63,6.65,6.66,6.67,6.68,6.69,6.7,10200,27300,11200,89300,7700,63400,10100,6200,3700,43500,100,1100,11300,6300,21200,16500,56900,24500,37000,8100
54.0,6.59,61100,402742.0,6.59,6.58,6.57,6.56,6.55,6.54,6.53,6.52,6.51,6.5,6.61,6.62,6.63,6.65,6.66,6.67,6.68,6.69,6.7,6.71,8200,27300,11300,89300,7700,63400,10100,6200,3700,43500,1100,11300,6300,21200,16500,56900,24500,37000,8100,43300
55.0,6.61,61200,403403.0,6.59,6.58,6.57,6.56,6.55,6.54,6.53,6.52,6.51,6.5,6.61,6.62,6.63,6.65,6.66,6.67,6.68,6.69,6.7,6.71,8200,27300,23100,89300,7700,63400,10100,6200,3700,43500,1000,11300,6300,21200,16500,56900,24500,37000,8100,43300
56.0,6.6,62900,414623.0,6.59,6.58,6.57,6.56,6.55,6.54,6.53,6.52,6.51,6.5,6.61,6.62,6.63,6.65,6.66,6.67,6.68,6.69,6.7,6.71,8200,27300,23100,89300,7700,63400,10100,6200,3700,43500,1000,11300,6300,21200,16500,56900,24500,37000,8100,43300
57.0,6.6,62900,414623.0,6.59,6.58,6.57,6.56,6.55,6.54,6.53,6.52,6.51,6.5,6.61,6.62,6.63,6.65,6.66,6.67,6.68,6.69,6.7,6.71,8200,27300,23100,89300,7700,63400,10100,6200,3700,43500,1000,11300,6300,21200,16500,56900,24500,37000,8100,43300
58.0,6.61,63000,415284.0,6.59,6.58,6.57,6.56,6.55,6.54,6.53,6.52,6.51,6.5,6.61,6.62,6.63,6.65,6.66,6.67,6.68,6.69,6.7,6.71,5200,27300,23100,89300,7700,63400,10100,6200,3700,43500,900,11300,6300,21200,16500,56900,24500,37000,8100,43300
59.0,6.59,63200,416602.0,6.59,6.58,6.57,6.56,6.55,6.54,6.53,6.52,6.51,6.5,6.6,6.61,6.62,6.63,6.65,6.66,6.67,6.68,6.69,6.7,5000,27300,23100,89700,7700,63400,10100,6200,3700,43500,3300,1300,11300,6300,21200,16500,56900,24500,37000,8100
60.0,6.6,63900,421217.0,6.59,6.58,6.57,6.56,6.55,6.54,6.53,6.52,6.51,6.5,6.6,6.61,6.62,6.63,6.65,6.66,6.67,6.68,6.69,6.7,4500,27300,23100,89700,7700,63400,10100,6200,3700,43500,3100,1300,11300,6300,21200,16500,56900,24500,37000,8100
61.0,6.59,69400,457465.0,6.58,6.57,6.56,6.55,6.54,6.53,6.52,6.51,6.5,6.49,6.59,6.6,6.61,6.62,6.63,6.65,6.66,6.67,6.68,6.69,27300,23100,89700,7700,63400,10100,6200,3700,43500,3000,5000,2800,1300,11300,6300,21200,16500,56900,24500,37000
62.0,6.59,69400,457465.0,6.58,6.57,6.56,6.55,6.54,6.53,6.52,6.51,6.5,6.49,6.59,6.6,6.61,6.62,6.63,6.65,6.66,6.67,6.68,6.69,27300,23100,89700,7700,63400,10100,6200,3700,43500,3000,5000,2800,1300,11300,6300,21200,16500,56900,24500,37000
63.0,6.59,72400,477235.0,6.58,6.57,6.56,6.55,6.54,6.53,6.52,6.51,6.5,6.49,6.59,6.6,6.61,6.62,6.63,6.65,6.66,6.67,6.68,6.69,27300,23100,89700,7700,63400,10100,6200,3700,43500,3000,2800,3700,1300,11300,6300,21200,16500,56900,24500,37000
64.0,6.59,72600,478553.0,6.58,6.57,6.56,6.55,6.54,6.53,6.52,6.51,6.5,6.49,6.59,6.6,6.61,6.62,6.63,6.65,6.66,6.67,6.68,6.69,27300,23100,89700,7700,63400,10100,6200,3700,43500,3000,1800,3700,1300,11300,6300,21200,16500,56900,24500,37000
65.0,6.59,72900,480530.0,6.58,6.57,6.56,6.55,6.54,6.53,6.52,6.51,6.5,6.49,6.59,6.6,6.61,6.62,6.63,6.65,6.66,6.67,6.68,6.69,27300,23100,89700,7700,63400,10100,6200,3700,43500,3000,1500,3700,1300,11300,6300,21200,16500,56900,24500,37000
66.0,6.59,72900,480530.0,6.58,6.57,6.56,6.55,6.54,6.53,6.52,6.51,6.5,6.49,6.59,6.6,6.61,6.62,6.63,6.65,6.66,6.67,6.68,6.69,27300,23100,89700,7700,63400,10100,6200,3700,43500,3000,3100,3400,1300,11300,6300,21200,16500,56900,24500,37000
67.0,6.58,74400,490400.0,6.58,6.57,6.56,6.55,6.54,6.53,6.52,6.51,6.5,6.49,6.59,6.6,6.61,6.62,6.63,6.65,6.66,6.67,6.68,6.69,25800,23100,89700,7700,63400,10100,6200,3700,43500,3000,3100,3400,1300,11300,6300,21200,16500,56900,24500,37000
68.0,6.58,82000,540411.0,6.58,6.57,6.56,6.55,6.54,6.53,6.52,6.51,6.5,6.49,6.59,6.6,6.61,6.62,6.63,6.65,6.66,6.67,6.68,6.69,18500,23000,89700,7700,63400,10100,6200,3700,43500,3000,2800,3400,1300,11300,6300,21200,16500,56900,24500,37000
69.0,6.59,82100,541070.0,6.58,6.57,6.56,6.55,6.54,6.53,6.52,6.51,6.5,6.49,6.59,6.6,6.61,6.62,6.63,6.65,6.66,6.67,6.68,6.69,18500,23000,89700,7700,63400,10100,6200,3700,43500,3000,2700,3400,1300,11300,6300,21200,16500,56900,24500,37000
70.0,6.59,82100,541070.0,6.58,6.57,6.56,6.55,6.54,6.53,6.52,6.51,6.5,6.49,6.59,6.6,6.61,6.62,6.63,6.65,6.66,6.67,6.68,6.69,18500,23000,89700,7700,63400,10100,6200,3700,43500,3000,2700,3400,1300,11300,6300,21200,16500,56900,24500,37000
71.0,6.59,82300,542388.0,6.58,6.57,6.56,6.55,6.54,6.53,6.52,6.51,6.5,6.49,6.59,6.6,6.61,6.62,6.63,6.65,6.66,6.67,6.68,6.69,18500,23000,89700,7700,63400,10100,6200,3700,43500,3000,2500,3800,1300,11300,6300,21200,16500,56900,24500,37000
72.0,6.58,88100,580552.0,6.58,6.57,6.56,6.55,6.54,6.53,6.52,6.51,6.5,6.49,6.59,6.6,6.61,6.62,6.63,6.65,6.66,6.67,6.68,6.69,12700,23000,89700,7700,63400,10100,6200,3700,43500,3000,2500,3800,1300,11300,6300,21200,16500,56900,24500,37000
73.0,6.59,88400,582529.0,6.58,6.57,6.56,6.55,6.54,6.53,6.52,6.51,6.5,6.49,6.59,6.6,6.61,6.62,6.63,6.65,6.66,6.67,6.68,6.69,12700,23000,89700,7700,63400,10100,6200,3700,43500,3000,2200,3800,1300,11300,6300,21200,16500,56900,24500,35600
74.0,6.58,97600,643067.0,6.58,6.57,6.56,6.55,6.54,6.53,6.52,6.51,6.5,6.49,6.59,6.6,6.61,6.62,6.63,6.65,6.66,6.67,6.68,6.69,3700,23000,84700,17700,63400,10100,6200,3700,43500,3000,2000,3800,1400,11300,6300,21200,16500,56900,24500,35600
75.0,6.58,97700,643725.0,6.58,6.57,6.56,6.55,6.54,6.53,6.52,6.51,6.5,6.49,6.59,6.6,6.61,6.62,6.63,6.65,6.66,6.67,6.68,6.69,3600,23000,84700,17700,63400,10100,6200,3700,43500,3000,2000,3800,1400,11300,6300,21200,16500,56900,24500,35600
76.0,6.59,98100,646361.0,6.58,6.57,6.56,6.55,6.54,6.53,6.52,6.51,6.5,6.49,6.59,6.6,6.61,6.62,6.63,6.65,6.66,6.67,6.68,6.69,3600,23000,84700,17700,63400,10100,6200,3700,43500,3000,1600,3800,1400,11300,6300,21200,16500,56900,24500,35600
77.0,6.59,98100,646361.0,6.58,6.57,6.56,6.55,6.54,6.53,6.52,6.51,6.5,6.49,6.59,6.6,6.61,6.62,6.63,6.65,6.66,6.67,6.68,6.69,3600,23000,84700,17700,63400,10100,6200,3700,43500,3000,1600,3800,1400,11300,6300,21200,16500,56900,24500,35600
78.0,6.59,98200,647020.0,6.58,6.57,6.56,6.55,6.54,6.53,6.52,6.51,6.5,6.49,6.59,6.6,6.61,6.62,6.63,6.65,6.66,6.67,6.68,6.69,3600,23000,84700,17700,63400,10100,6200,3700,43500,3000,1500,3800,1400,11300,5000,21200,16500,56900,24500,35600
79.0,6.58,101800,670708.0,6.57,6.56,6.55,6.54,6.53,6.52,6.51,6.5,6.49,6.48,6.58,6.59,6.6,6.61,6.62,6.63,6.65,6.66,6.67,6.68,11200,84700,17700,63400,10100,6200,3700,43500,3000,100,300,1500,3800,3300,11300,5000,21200,16500,56900,24500
80.0,6.6,111800,736687.0,6.58,6.57,6.56,6.55,6.54,6.53,6.52,6.51,6.5,6.49,6.59,6.6,6.61,6.62,6.63,6.65,6.66,6.67,6.68,6.69,100,11200,84700,17700,63400,10100,6200,3700,43500,3000,1400,26400,3300,11300,5000,21200,16500,56900,24500,35600
81.0,6.59,111900,737346.0,6.58,6.57,6.56,6.55,6.54,6.53,6.52,6.51,6.5,6.49,6.59,6.6,6.61,6.62,6.63,6.65,6.66,6.67,6.68,6.69,100,11200,84700,17700,63400,10100,6200,3700,43500,3000,2300,18300,3300,11300,5000,21200,16500,56900,24500,35600
82.0,6.59,111900,737346.0,6.58,6.57,6.56,6.55,6.54,6.53,6.52,6.51,6.5,6.49,6.59,6.6,6.61,6.62,6.63,6.65,6.66,6.67,6.68,6.69,100,11200,84700,17700,63400,10100,6200,3700,43500,3000,2300,18300,3300,11300,5000,21200,16500,56900,24500,35600
83.0,6.59,111900,737346.0,6.58,6.57,6.56,6.55,6.54,6.53,6.52,6.51,6.5,6.49,6.59,6.6,6.61,6.62,6.63,6.65,6.66,6.67,6.68,6.69,200,11200,84700,17700,63400,10100,6200,3700,43500,3000,2300,18300,3000,11300,5000,21200,16500,56900,24500,35600
84.0,6.58,112200,739322.0,6.57,6.56,6.55,6.54,6.53,6.52,6.51,6.5,6.49,6.48,6.58,6.59,6.6,6.61,6.62,6.63,6.65,6.66,6.67,6.68,11200,84700,17700,63400,10100,6200,3700,43500,3000,100,200,5800,18300,3000,11300,5000,21200,16500,56900,24500
85.0,6.58,112200,739322.0,6.57,6.56,6.55,6.54,6.53,6.52,6.51,6.5,6.49,6.48,6.58,6.59,6.6,6.61,6.62,6.63,6.65,6.66,6.67,6.68,11200,84700,17700,63400,10100,6200,3700,43500,3000,100,200,5800,18300,3000,11300,5000,21200,16500,56900,24500
86.0,6.58,112200,739322.0,6.57,6.56,6.55,6.54,6.53,6.52,6.51,6.5,6.49,6.48,6.58,6.59,6.6,6.61,6.62,6.63,6.65,6.66,6.67,6.68,11200,84700,17700,63400,10100,6200,3700,43500,3000,100,700,6000,18300,3000,11300,5000,21200,16500,56900,24500
87.0,6.58,112300,739980.0,6.57,6.56,6.55,6.54,6.53,6.52,6.51,6.5,6.49,6.48,6.58,6.59,6.6,6.61,6.62,6.63,6.65,6.66,6.67,6.68,11200,84700,17700,63400,10100,6200,3700,43500,3000,100,600,6000,18300,2900,11300,5000,21200,16500,56900,24500
88.0,6.57,113400,747207.0,6.57,6.56,6.55,6.54,6.53,6.52,6.51,6.5,6.49,6.48,6.58,6.59,6.6,6.61,6.62,6.63,6.65,6.66,6.67,6.68,10100,84700,17700,63400,10100,6200,3700,44000,3000,100,600,6000,3500,2900,11300,5000,21200,16500,56900,24500
89.0,6.58,114000,751155.0,6.58,6.57,6.56,6.55,6.54,6.53,6.52,6.51,6.5,6.49,6.59,6.6,6.61,6.62,6.63,6.65,6.66,6.67,6.68,6.69,5500,10100,84700,17700,63400,10100,6200,3700,44000,3000,6000,3500,2900,11300,5000,21200,16500,56900,24500,35600
90.0,6.58,114000,751155.0,6.58,6.57,6.56,6.55,6.54,6.53,6.52,6.51,6.5,6.49,6.59,6.6,6.61,6.62,6.63,6.65,6.66,6.67,6.68,6.69,5500,10100,84700,17700,63400,10100,6200,3700,44000,3000,6000,3500,2900,11300,5000,21200,16500,56900,24500,35600
91.0,6.59,114600,755109.0,6.58,6.57,6.56,6.55,6.54,6.53,6.52,6.51,6.5,6.49,6.59,6.6,6.61,6.62,6.63,6.65,6.66,6.67,6.68,6.69,5600,10100,84700,17700,63400,10100,6200,3700,44000,3000,5400,3500,2900,11300,5000,21200,16500,56900,24500,35600
92.0,6.59,115400,760381.0,6.58,6.57,6.56,6.55,6.54,6.53,6.52,6.51,6.5,6.49,6.59,6.6,6.61,6.62,6.63,6.65,6.66,6.67,6.68,6.69,5600,10100,84700,17700,63400,10100,6200,3700,44000,3000,4600,3500,2900,11300,5000,21200,16500,56900,24500,35600
93.0,6.59,115400,760381.0,6.58,6.57,6.56,6.55,6.54,6.53,6.52,6.51,6.5,6.49,6.59,6.6,6.61,6.62,6.63,6.65,6.66,6.67,6.68,6.69,5600,10100,84700,17700,63400,10100,6200,3700,44000,3000,4600,3500,2900,11300,5000,21200,16500,56900,24500,35600
94.0,6.59,116000,764335.0,6.58,6.57,6.56,6.55,6.54,6.53,6.52,6.51,6.5,6.49,6.59,6.6,6.61,6.62,6.63,6.65,6.66,6.67,6.68,6.69,5600,10100,84700,17700,63400,10100,6200,3700,44000,3000,4000,3500,2900,11300,5000,21200,16500,56900,24500,35600
95.0,6.58,116500,767625.0,6.58,6.57,6.56,6.55,6.54,6.53,6.52,6.51,6.5,6.49,6.59,6.6,6.61,6.62,6.63,6.65,6.66,6.67,6.68,6.69,1200,10100,84700,29500,63400,10100,6200,3700,44000,3000,4000,3500,2900,11300,5000,21200,16500,56900,24500,35600
96.0,6.58,116500,767625.0,6.58,6.57,6.56,6.55,6.54,6.53,6.52,6.51,6.5,6.49,6.59,6.6,6.61,6.62,6.63,6.65,6.66,6.67,6.68,6.69,1600,10100,84700,29500,63400,10100,6200,3700,44000,3000,4000,3500,2900,11300,5000,21200,16500,56900,24500,35600
97.0,6.59,116900,770261.0,6.58,6.57,6.56,6.55,6.54,6.53,6.52,6.51,6.5,6.49,6.59,6.6,6.61,6.62,6.63,6.65,6.66,6.67,6.68,6.69,1600,10100,84700,29500,63400,10100,6200,3700,44000,3000,3600,3500,2900,11300,5000,21200,16500,56900,24500,35600
98.0,6.59,117100,771579.0,6.58,6.57,6.56,6.55,6.54,6.53,6.52,6.51,6.5,6.49,6.59,6.6,6.61,6.62,6.63,6.65,6.66,6.67,6.68,6.69,1600,10100,84700,29500,63400,10100,6200,3700,44000,3000,3400,3500,2900,11300,5000,21200,16500,56900,24500,35600
99.0,6.59,117700,775533.0,6.58,6.57,6.56,6.55,6.54,6.53,6.52,6.51,6.5,6.49,6.59,6.6,6.61,6.62,6.63,6.65,6.66,6.67,6.68,6.69,1600,10100,84700,29500,63400,10100,6200,3700,44000,3000,2800,3500,2900,11300,5000,21200,16500,56900,24500,35600
100.0,6.59,117800,776192.0,6.58,6.57,6.56,6.55,6.54,6.53,6.52,6.51,6.5,6.49,6.59,6.6,6.61,6.62,6.63,6.65,6.66,6.67,6.68,6.69,1600,11600,84700,29500,63400,10100,6200,3700,44000,3000,2700,3500,2900,11300,5000,21200,16500,56900,24500,35600
101.0,6.59,118000,777510.0,6.58,6.57,6.56,6.55,6.54,6.53,6.52,6.51,6.5,6.49,6.59,6.6,6.61,6.62,6.63,6.65,6.66,6.67,6.68,6.69,1600,11600,84700,29500,63400,10100,6200,3700,44000,3000,2500,3500,2900,11300,5000,21200,16500,56900,24500,35600
102.0,6.58,118100,778168.0,6.58,6.57,6.56,6.55,6.54,6.53,6.52,6.51,6.5,6.49,6.59,6.6,6.61,6.62,6.63,6.65,6.66,6.67,6.68,6.69,2700,11600,84700,29500,63400,10100,6200,3700,44000,3000,2500,3500,2900,11300,7000,21200,16500,56900,24500,35600
103.0,6.58,118100,778168.0,6.58,6.57,6.56,6.55,6.54,6.53,6.52,6.51,6.5,6.49,6.59,6.6,6.61,6.62,6.63,6.65,6.66,6.67,6.68,6.69,2700,11600,84700,29500,63400,10100,6200,3700,44000,3000,2500,3500,2900,11300,7000,21200,16500,56900,24500,35600
104.0,6.59,118300,779486.0,6.58,6.57,6.56,6.55,6.54,6.53,6.52,6.51,6.5,6.49,6.59,6.6,6.61,6.62,6.63,6.65,6.66,6.67,6.68,6.69,2700,11600,84700,29500,63400,10100,6200,3700,44500,3000,2300,3500,2900,11300,7000,21200,16500,56900,24500,35600
105.0,6.59,118300,779486.0,6.58,6.57,6.56,6.55,6.54,6.53,6.52,6.51,6.5,6.49,6.59,6.6,6.61,6.62,6.63,6.65,6.66,6.67,6.68,6.69,2700,11600,84700,29500,63400,10100,6200,3700,44500,3000,2300,4800,2900,11300,7000,21200,16500,56900,24500,35600
106.0,6.59,118300,779486.0,6.58,6.57,6.56,6.55,6.54,6.53,6.52,6.51,6.5,6.49,6.59,6.6,6.61,6.62,6.63,6.65,6.66,6.67,6.68,6.69,2700,11600,84700,29500,63400,10100,6200,3700,44500,3000,2300,4800,2900,11300,7000,21200,16500,56900,24500,35600
107.0,6.59,118500,780804.0,6.58,6.57,6.56,6.55,6.54,6.53,6.52,6.51,6.5,6.49,6.59,6.6,6.61,6.62,6.63,6.65,6.66,6.67,6.68,6.69,2700,11600,84700,29500,63400,10100,6200,3700,44500,3000,2100,4800,2900,11300,7000,21200,16500,56900,24500,35600
108.0,6.59,118500,780804.0,6.58,6.57,6.56,6.55,6.54,6.53,6.52,6.51,6.5,6.49,6.59,6.6,6.61,6.62,6.63,6.65,6.66,6.67,6.68,6.69,2700,11600,84700,29500,63400,10100,6200,3700,44500,3000,2100,4800,2900,11300,7000,21200,16500,56900,24500,35600
109.0,6.58,118700,782120.0,6.58,6.57,6.56,6.55,6.54,6.53,6.52,6.51,6.5,6.49,6.59,6.6,6.61,6.62,6.63,6.65,6.66,6.67,6.68,6.69,3000,11600,84700,29500,63400,10100,6200,3700,44500,3000,2100,4800,2900,11300,7000,21200,16500,56900,24500,35600
110.0,6.58,119400,786730.0,6.58,6.57,6.56,6.55,6.54,6.53,6.52,6.51,6.5,6.49,6.59,6.6,6.61,6.62,6.63,6.65,6.66,6.67,6.68,6.69,2700,11600,84700,29500,63400,10100,6200,3700,44500,3000,1700,4800,2900,11300,7000,21200,16500,56900,24500,35600
111.0,6.59,119500,787389.0,6.58,6.57,6.56,6.55,6.54,6.53,6.52,6.51,6.5,6.49,6.59,6.6,6.61,6.62,6.63,6.65,6.66,6.67,6.68,6.69,2700,11600,84700,29500,63400,10100,6200,3700,44500,3000,5100,4800,2900,11300,7000,21200,16500,56900,24500,35600
112.0,6.59,119500,787389.0,6.58,6.57,6.56,6.55,6.54,6.53,6.52,6.51,6.5,6.49,6.59,6.6,6.61,6.62,6.63,6.65,6.66,6.67,6.68,6.69,2700,11600,86600,29500,63400,10100,6200,3700,44500,3000,5100,4800,2900,11300,7000,21200,16500,56900,24500,35600
113.0,6.58,120000,790679.0,6.58,6.57,6.56,6.55,6.54,6.53,6.52,6.51,6.5,6.49,6.59,6.6,6.61,6.62,6.63,6.65,6.66,6.67,6.68,6.69,2200,11600,86600,29500,63400,10100,6200,3700,44500,3000,5100,4800,2900,11300,7000,21200,16500,56900,24500,35600
114.0,6.59,120500,793974.0,6.58,6.57,6.56,6.55,6.54,6.53,6.52,6.51,6.5,6.49,6.59,6.6,6.61,6.62,6.63,6.65,6.66,6.67,6.68,6.69,2300,11600,86600,29500,63400,10100,6200,3700,44500,3000,5200,4800,2900,11300,7000,21200,16500,56900,24500,35600
115.0,6.59,120500,793974.0,6.58,6.57,6.56,6.55,6.54,6.53,6.52,6.51,6.5,6.49,6.59,6.6,6.61,6.62,6.63,6.65,6.66,6.67,6.68,6.69,2300,15600,86600,29500,63400,10100,6200,3700,44500,3000,5200,4800,1000,11300,7000,21200,16500,56900,24500,35600
116.0,6.58,121500,800554.0,6.58,6.57,6.56,6.55,6.54,6.53,6.52,6.51,6.5,6.49,6.59,6.6,6.61,6.62,6.63,6.65,6.66,6.67,6.68,6.69,1300,20600,86600,29500,63400,10100,6200,3700,44500,3000,5200,4800,1000,11300,7000,21200,16500,56900,24500,35600
117.0,6.58,121600,801212.0,6.58,6.57,6.56,6.55,6.54,6.53,6.52,6.51,6.5,6.49,6.59,6.6,6.61,6.62,6.63,6.65,6.66,6.67,6.68,6.69,2800,20600,86600,29500,63400,10100,6200,3700,44500,3000,5200,4800,1000,11300,7000,21200,16500,56900,24500,35600
118.0,6.59,122100,804507.0,6.58,6.57,6.56,6.55,6.54,6.53,6.52,6.51,6.5,6.49,6.59,6.6,6.61,6.62,6.63,6.65,6.66,6.67,6.68,6.69,2800,21100,86600,29500,63400,10100,6200,3700,44500,3000,4700,4800,1000,11300,7000,21200,16500,56900,24500,35600
119.0,6.59,122100,804507.0,6.58,6.57,6.56,6.55,6.54,6.53,6.52,6.51,6.5,6.49,6.59,6.6,6.61,6.62,6.63,6.65,6.66,6.67,6.68,6.69,7000,21100,86600,29500,63400,10100,6200,3700,44500,3000,4700,4800,1000,11300,7000,21200,16500,56900,24500,35600
120.0,6.59,122100,804507.0,6.58,6.57,6.56,6.55,6.54,6.53,6.52,6.51,6.5,6.49,6.59,6.6,6.61,6.62,6.63,6.65,6.66,6.67,6.68,6.69,7000,21100,86600,29500,63400,10100,6200,3700,44500,3000,1300,4800,1000,11300,7000,21200,16500,56900,24500,35600
121.0,6.59,122200,805166.0,6.58,6.57,6.56,6.55,6.54,6.53,6.52,6.51,6.5,6.49,6.59,6.6,6.61,6.62,6.63,6.65,6.66,6.67,6.68,6.69,7000,21100,86600,29500,63400,10100,6200,3700,44500,3000,1200,4800,1000,11300,7000,21200,16500,56900,24500,35600
122.0,6.59,122400,806484.0,6.58,6.57,6.56,6.55,6.54,6.53,6.52,6.51,6.5,6.49,6.59,6.6,6.61,6.62,6.63,6.65,6.66,6.67,6.68,6.69,7000,21100,86600,29500,63400,10100,6200,3700,44500,3000,1000,4800,1000,11300,7000,21200,16500,56900,24500,35600
123.0,6.59,122400,806484.0,6.58,6.57,6.56,6.55,6.54,6.53,6.52,6.51,6.5,6.49,6.59,6.6,6.61,6.62,6.63,6.65,6.66,6.67,6.68,6.69,7000,21100,86600,29500,63400,10100,6200,3700,44500,3000,1000,4800,1000,11300,7000,21200,16500,56900,24500,35600
124.0,6.59,123200,811749.0,6.58,6.57,6.56,6.55,6.54,6.53,6.52,6.51,6.5,6.49,6.59,6.6,6.61,6.62,6.63,6.65,6.66,6.67,6.68,6.69,6300,21200,86600,29500,63400,10100,6200,3700,44500,3000,900,4800,1000,11300,7000,21200,16500,56900,24500,35600
125.0,6.59,123200,811749.0,6.58,6.57,6.56,6.55,6.54,6.53,6.52,6.51,6.5,6.49,6.59,6.6,6.61,6.62,6.63,6.65,6.66,6.67,6.68,6.69,6300,21200,86600,29500,63400,10100,6200,3700,44500,3000,900,4800,1000,11300,7000,21200,16500,56900,24500,35600
126.0,6.58,129500,853203.0,6.57,6.56,6.55,6.54,6.53,6.52,6.51,6.5,6.49,6.48,6.58,6.59,6.6,6.61,6.62,6.63,6.65,6.66,6.67,6.68,21200,86600,29500,63400,10100,6200,3700,44500,3000,100,2800,900,4800,1000,11300,7000,21200,16500,56900,24500
127.0,6.58,129700,854519.0,6.57,6.56,6.55,6.54,6.53,6.52,6.51,6.5,6.49,6.48,6.58,6.59,6.6,6.61,6.62,6.63,6.65,6.66,6.67,6.68,21200,86600,29500,63400,10100,6200,3700,44500,3000,100,2600,900,6700,1000,11300,7000,21200,16500,56900,24500
128.0,6.58,129700,854519.0,6.57,6.56,6.55,6.54,6.53,6.52,6.51,6.5,6.49,6.48,6.58,6.59,6.6,6.61,6.62,6.63,6.65,6.66,6.67,6.68,21200,86600,29500,63400,10100,6200,3700,44500,3000,100,2600,900,6700,1000,11300,7000,21200,16500,56900,24500
129.0,6.58,129700,854519.0,6.57,6.56,6.55,6.54,6.53,6.52,6.51,6.5,6.49,6.48,6.58,6.59,6.6,6.61,6.62,6.63,6.65,6.66,6.67,6.68,21200,86600,29500,63400,10100,6200,3700,44500,3000,100,2600,900,6700,1000,11300,7000,21200,16500,56900,24500
130.0,6.58,129900,855835.0,6.57,6.56,6.55,6.54,6.53,6.52,6.51,6.5,6.49,6.48,6.58,6.59,6.6,6.61,6.62,6.63,6.65,6.66,6.67,6.68,21200,86600,29500,63400,10100,6200,3700,44500,3000,100,4200,1000,6700,1000,11300,7000,21200,16500,56900,24500
131.0,6.57,132100,870289.0,6.57,6.56,6.55,6.54,6.53,6.52,6.51,6.5,6.49,6.48,6.58,6.59,6.6,6.61,6.62,6.63,6.65,6.66,6.67,6.68,19000,86600,29500,63400,10100,6200,3700,44500,3000,100,26600,1000,6700,1000,11300,7000,21200,16500,56900,24500
132.0,6.57,132100,870289.0,6.57,6.56,6.55,6.54,6.53,6.52,6.51,6.5,6.49,6.48,6.58,6.59,6.6,6.61,6.62,6.63,6.65,6.66,6.67,6.68,19000,86600,29500,63400,10100,6200,3700,44500,3000,100,26600,1000,6700,1000,11300,7000,21200,16500,56900,24500
133.0,6.58,135100,890029.0,6.57,6.56,6.55,6.54,6.53,6.52,6.51,6.5,6.49,6.48,6.58,6.59,6.6,6.61,6.62,6.63,6.65,6.66,6.67,6.68,19000,86600,29500,63400,10100,6200,3700,44500,3000,100,23600,1000,6700,1000,11300,7000,21200,16500,56900,24500
134.0,6.58,139600,919639.0,6.57,6.56,6.55,6.54,6.53,6.52,6.51,6.5,6.49,6.48,6.58,6.59,6.6,6.61,6.62,6.63,6.65,6.66,6.67,6.68,19000,84600,29500,63400,10100,6200,3700,44500,3000,100,19100,1000,6700,1000,11300,7000,21200,16500,56900,24500
135.0,6.58,139600,919639.0,6.57,6.56,6.55,6.54,6.53,6.52,6.51,6.5,6.49,6.48,6.58,6.59,6.6,6.61,6.62,6.63,6.65,6.66,6.67,6.68,19000,84600,29500,63400,10100,6200,3700,44500,3000,100,19100,1000,6700,1000,16300,7000,21200,16500,56900,24500
136.0,6.56,160800,1058904.0,6.56,6.55,6.54,6.53,6.52,6.51,6.5,6.49,6.48,6.47,6.57,6.58,6.59,6.6,6.61,6.62,6.63,6.65,6.66,6.67,82700,29500,63400,10100,6200,3700,47500,3000,100,10000,2500,19100,1000,6700,1000,16300,7000,21200,16500,56900
137.0,6.57,161400,1062846.0,6.56,6.55,6.54,6.53,6.52,6.51,6.5,6.49,6.48,6.47,6.57,6.58,6.59,6.6,6.61,6.62,6.63,6.65,6.66,6.67,82700,29500,63400,10100,6200,3700,47500,3000,100,10000,2300,19100,1000,6700,1000,16300,7000,21200,16500,56900
138.0,6.57,161600,1064160.0,6.56,6.55,6.54,6.53,6.52,6.51,6.5,6.49,6.48,6.47,6.57,6.58,6.59,6.6,6.61,6.62,6.63,6.65,6.66,6.67,82700,29500,63400,10100,6200,3700,47500,3000,100,10000,2100,19100,1000,6700,1000,16300,7000,21200,16500,56900
139.0,6.57,161600,1064160.0,6.56,6.55,6.54,6.53,6.52,6.51,6.5,6.49,6.48,6.47,6.57,6.58,6.59,6.6,6.61,6.62,6.63,6.65,6.66,6.67,82700,29500,63400,10600,6200,3700,47500,3000,100,10000,2100,19100,1000,6700,1000,16300,7000,21200,16500,56900
140.0,6.57,165400,1089126.0,6.56,6.55,6.54,6.53,6.52,6.51,6.5,6.49,6.48,6.47,6.57,6.58,6.59,6.6,6.61,6.62,6.63,6.65,6.66,6.67,82700,29500,63400,10600,6200,3700,47500,3000,100,10000,300,19100,1000,6700,1000,16300,7000,21200,16500,56900
141.0,6.57,165400,1089126.0,6.56,6.55,6.54,6.53,6.52,6.51,6.5,6.49,6.48,6.47,6.57,6.58,6.59,6.6,6.61,6.62,6.63,6.65,6.66,6.67,82700,29500,63400,10600,6200,3700,47500,3000,100,10000,1700,19100,1000,6700,1000,11300,7000,21200,16500,56900
142.0,6.57,165400,1089126.0,6.56,6.55,6.54,6.53,6.52,6.51,6.5,6.49,6.48,6.47,6.57,6.58,6.59,6.6,6.61,6.62,6.63,6.65,6.66,6.67,82700,29500,63400,10600,6200,3700,47500,3000,100,10000,1700,1700,1000,6700,1000,11300,7000,21200,16500,56900
143.0,6.57,165500,1089783.0,6.56,6.55,6.54,6.53,6.52,6.51,6.5,6.49,6.48,6.47,6.57,6.58,6.59,6.6,6.61,6.62,6.63,6.65,6.66,6.67,82700,29500,63400,10600,6200,3700,47500,3000,100,10000,1600,1700,1000,6700,1000,11300,7000,21200,16500,56900
144.0,6.57,165600,1090440.0,6.56,6.55,6.54,6.53,6.52,6.51,6.5,6.49,6.48,6.47,6.57,6.58,6.59,6.6,6.61,6.62,6.63,6.65,6.66,6.67,82700,29500,63400,10600,6200,3700,47500,3000,100,10000,1500,1700,1000,6700,1000,11300,7000,21200,16500,56900
145.0,6.57,165900,1092411.0,6.56,6.55,6.54,6.53,6.52,6.51,6.5,6.49,6.48,6.47,6.57,6.58,6.59,6.6,6.61,6.62,6.63,6.65,6.66,6.67,82700,29500,63400,10600,6200,3700,47500,3000,100,10000,1200,1700,1000,5400,1000,11300,7000,21200,16500,56900
146.0,6.57,165900,1092411.0,6.56,6.55,6.54,6.53,6.52,6.51,6.5,6.49,6.48,6.47,6.57,6.58,6.59,6.6,6.61,6.62,6.63,6.65,6.66,6.67,82700,29500,63400,10600,6200,3700,47500,3000,100,10000,1200,1700,1000,5400,1000,11300,7000,21200,16500,56900
147.0,6.57,166000,1093068.0,6.56,6.55,6.54,6.53,6.52,6.51,6.5,6.49,6.48,6.47,6.57,6.58,6.59,6.6,6.61,6.62,6.63,6.65,6.66,6.67,82700,29500,63400,10600,6200,3700,47500,3000,100,10000,1100,1700,1000,5400,1000,11300,7000,21200,16500,56900
148.0,6.57,166000,1093068.0,6.56,6.55,6.54,6.53,6.52,6.51,6.5,6.49,6.48,6.47,6.57,6.58,6.59,6.6,6.61,6.62,6.63,6.65,6.66,6.67,82700,29800,63400,10600,6200,3700,47500,3000,100,10000,1100,1700,1000,5400,1000,11300,7000,21200,16500,56900
149.0,6.57,166000,1093068.0,6.56,6.55,6.54,6.53,6.52,6.51,6.5,6.49,6.48,6.47,6.57,6.58,6.59,6.6,6.61,6.62,6.63,6.65,6.66,6.67,82700,29800,63400,10600,6200,3700,47500,3000,100,10000,1700,1100,1000,5400,1000,11300,7000,21200,16500,56900
150.0,6.57,166100,1093725.0,6.56,6.55,6.54,6.53,6.52,6.51,6.5,6.49,6.48,6.47,6.57,6.58,6.59,6.6,6.61,6.62,6.63,6.65,6.66,6.67,82700,29800,63400,10600,6200,3700,47500,3000,100,10000,1600,1100,1000,5400,1000,11300,7000,21200,16500,56900
151.0,6.57,166500,1096353.0,6.56,6.55,6.54,6.53,6.52,6.51,6.5,6.49,6.48,6.47,6.57,6.58,6.59,6.6,6.61,6.62,6.63,6.65,6.66,6.67,82700,29800,63400,10600,6200,3700,47500,3000,100,10000,1200,1100,1000,5400,1000,11300,7000,21200,16500,56900
152.0,6.57,172400,1135093.0,6.56,6.55,6.54,6.53,6.52,6.51,6.5,6.49,6.48,6.47,6.57,6.58,6.59,6.6,6.61,6.62,6.63,6.65,6.66,6.67,80600,29800,63400,10600,6200,3700,47500,3000,100,10000,1100,1100,800,5400,1000,11300,7000,21200,16500,56900
153.0,6.56,172600,1136406.0,6.56,6.55,6.54,6.53,6.52,6.51,6.5,6.49,6.48,6.47,6.57,6.58,6.59,6.6,6.61,6.62,6.63,6.65,6.66,6.67,80500,29800,63400,10600,6200,3700,47500,3000,100,10000,1000,1100,800,5400,1000,11300,7000,21200,16500,56900
154.0,6.57,173100,1139691.0,6.56,6.55,6.54,6.53,6.52,6.51,6.5,6.49,6.48,6.47,6.57,6.58,6.59,6.6,6.61,6.62,6.63,6.65,6.66,6.67,75500,29800,63400,10600,6200,3700,47500,3000,100,10000,700,1100,800,5400,4000,16200,7000,21200,16500,56900
155.0,6.57,173900,1144947.0,6.57,6.56,6.55,6.54,6.53,6.52,6.51,6.5,6.49,6.48,6.58,6.59,6.6,6.61,6.62,6.63,6.65,6.66,6.67,6.68,400,75500,29800,63400,10600,6200,3700,47500,3000,100,1100,800,5400,4000,16200,7000,21200,16500,56900,24500
156.0,6.57,174300,1147575.0,6.56,6.55,6.54,6.53,6.52,6.51,6.5,6.49,6.48,6.47,6.57,6.58,6.59,6.6,6.61,6.62,6.63,6.65,6.66,6.67,75500,29800,63400,10600,6200,3700,47500,3000,100,10000,500,1100,800,5400,4000,16200,7000,21200,16500,56900
157.0,6.57,174400,1148232.0,6.56,6.55,6.54,6.53,6.52,6.51,6.5,6.49,6.48,6.47,6.57,6.58,6.59,6.6,6.61,6.62,6.63,6.65,6.66,6.67,75500,29800,63400,10600,6200,3700,47500,3000,100,10000,500,1100,800,5400,4000,16200,7000,21200,16500,56900
158.0,6.57,174400,1148232.0,6.56,6.55,6.54,6.53,6.52,6.51,6.5,6.49,6.48,6.47,6.57,6.58,6.59,6.6,6.61,6.62,6.63,6.65,6.66,6.67,75500,29800,63400,10600,6200,3700,47500,3000,100,10000,500,1100,800,5400,4000,16200,7000,21200,16500,56900
159.0,6.57,174500,1148889.0,6.56,6.55,6.54,6.53,6.52,6.51,6.5,6.49,6.48,6.47,6.57,6.58,6.59,6.6,6.61,6.62,6.63,6.65,6.66,6.67,75500,29800,63400,10600,6200,3700,47500,3000,100,10000,400,2400,800,5400,4000,16200,7000,21200,16500,56900
160.0,6.57,197500,1299799.0,6.56,6.55,6.54,6.53,6.52,6.51,6.5,6.49,6.48,6.47,6.57,6.58,6.59,6.6,6.61,6.62,6.63,6.65,6.66,6.67,55500,29800,63400,10600,6200,3700,47500,3000,100,10000,9200,2400,800,5400,4000,16200,7000,21200,16500,56900
161.0,6.57,197500,1299799.0,6.56,6.55,6.54,6.53,6.52,6.51,6.5,6.49,6.48,6.47,6.57,6.58,6.59,6.6,6.61,6.62,6.63,6.65,6.66,6.67,55500,29800,63400,10600,6200,3700,47500,3000,100,10000,9200,2400,800,5400,4000,16200,7000,21200,16500,56900
162.0,6.57,197500,1299799.0,6.56,6.55,6.54,6.53,6.52,6.51,6.5,6.49,6.48,6.47,6.57,6.58,6.59,6.6,6.61,6.62,6.63,6.65,6.66,6.67,55500,29800,63400,10600,6200,3700,47500,3000,100,10000,9200,2400,800,5400,4000,16200,7000,21200,16500,56900
163.0,6.56,199000,1309648.0,6.56,6.55,6.54,6.53,6.52,6.51,6.5,6.49,6.48,6.47,6.57,6.58,6.59,6.6,6.61,6.62,6.63,6.65,6.66,6.67,54900,29800,63400,10600,6200,3700,58500,3000,500,10000,8300,1300,800,5400,4000,16200,7000,21200,16500,56900
164.0,6.56,199000,1309648.0,6.56,6.55,6.54,6.53,6.52,6.51,6.5,6.49,6.48,6.47,6.57,6.58,6.59,6.6,6.61,6.62,6.63,6.65,6.66,6.67,54900,29800,63400,10600,6200,3700,58500,3000,500,10000,8300,1300,800,5400,4000,16200,7000,21200,16500,56900
165.0,6.56,199000,1309648.0,6.56,6.55,6.54,6.53,6.52,6.51,6.5,6.49,6.48,6.47,6.57,6.58,6.59,6.6,6.61,6.62,6.63,6.65,6.66,6.67,54900,29800,63400,10600,6200,3700,58500,3000,500,10000,8300,1300,800,5400,4000,16200,7000,21200,16500,56900
166.0,6.57,199800,1314904.0,6.56,6.55,6.54,6.53,6.52,6.51,6.5,6.49,6.48,6.47,6.57,6.58,6.59,6.6,6.61,6.62,6.63,6.65,6.66,6.67,54900,29800,63400,10600,6200,3700,58500,3000,500,10000,16500,1300,800,5400,4000,16200,7000,21200,16500,56900
167.0,6.57,199800,1314904.0,6.56,6.55,6.54,6.53,6.52,6.51,6.5,6.49,6.48,6.47,6.57,6.58,6.59,6.6,6.61,6.62,6.63,6.65,6.66,6.67,54900,29800,63400,10600,6200,3700,58500,3000,500,10000,16500,1300,800,5400,4000,16200,7000,21200,16500,56900
168.0,6.57,202800,1334614.0,6.56,6.55,6.54,6.53,6.52,6.51,6.5,6.49,6.48,6.47,6.57,6.58,6.59,6.6,6.61,6.62,6.63,6.65,6.66,6.67,54900,29800,63400,10600,6200,3700,58500,3000,500,10000,13500,1300,800,5400,4000,16200,7000,21200,16500,56900
169.0,6.57,204100,1343155.0,6.56,6.55,6.54,6.53,6.52,6.51,6.5,6.49,6.48,6.47,6.57,6.58,6.59,6.6,6.61,6.62,6.63,6.65,6.66,6.67,54900,29800,63400,10600,6200,3700,58500,3000,500,10000,12200,1300,800,5400,4000,16200,7000,21200,16500,56900
170.0,6.57,204100,1343155.0,6.56,6.55,6.54,6.53,6.52,6.51,6.5,6.49,6.48,6.47,6.57,6.58,6.59,6.6,6.61,6.62,6.63,6.65,6.66,6.67,54900,29800,63400,10600,6200,3700,58500,3000,500,10000,12200,1300,800,5400,4000,16200,7000,21200,16500,56900
171.0,6.57,204100,1343155.0,6.56,6.55,6.54,6.53,6.52,6.51,6.5,6.49,6.48,6.47,6.57,6.58,6.59,6.6,6.61,6.62,6.63,6.65,6.66,6.67,54900,29800,63400,10600,6200,3700,58500,3000,500,10000,12200,1300,800,5400,4000,16200,7000,21200,16500,56900
172.0,6.57,205300,1351039.0,6.56,6.55,6.54,6.53,6.52,6.51,6.5,6.49,6.48,6.47,6.57,6.58,6.59,6.6,6.61,6.62,6.63,6.65,6.66,6.67,54900,29800,63400,10600,6200,3000,58500,3000,500,10000,11000,1300,800,5400,4000,16200,7000,21200,16500,56900
173.0,6.57,205300,1351039.0,6.56,6.55,6.54,6.53,6.52,6.51,6.5,6.49,6.48,6.47,6.57,6.58,6.59,6.6,6.61,6.62,6.63,6.65,6.66,6.67,54900,29800,63400,10600,6200,3000,58500,3000,500,10000,11000,1300,800,5400,5000,16200,7000,21200,16500,56900
174.0,6.57,206400,1358266.0,6.56,6.55,6.54,6.53,6.52,6.51,6.5,6.49,6.48,6.47,6.57,6.58,6.59,6.6,6.61,6.62,6.63,6.65,6.66,6.67,54900,29800,63400,10600,6200,3000,58500,3000,500,10000,9900,1300,800,5400,5000,16200,7000,21200,16500,56900
175.0,6.57,207300,1364179.0,6.56,6.55,6.54,6.53,6.52,6.51,6.5,6.49,6.48,6.47,6.57,6.58,6.59,6.6,6.61,6.62,6.63,6.65,6.66,6.67,54900,29800,63400,10600,7200,3000,58500,3000,500,10000,9000,1300,800,5400,5000,16200,7000,21200,16500,56900
176.0,6.57,207300,1364179.0,6.56,6.55,6.54,6.53,6.52,6.51,6.5,6.49,6.48,6.47,6.57,6.58,6.59,6.6,6.61,6.62,6.63,6.65,6.66,6.67,54900,29800,63400,10600,7200,3000,58500,3000,500,10000,9000,1300,800,5900,5000,16200,7000,21200,16500,56900
177.0,6.56,207600,1366147.0,6.56,6.55,6.54,6.53,6.52,6.51,6.5,6.49,6.48,6.47,6.57,6.58,6.59,6.6,6.61,6.62,6.63,6.65,6.66,6.67,54600,29800,63400,10600,7200,3000,58500,3000,500,10000,9000,1300,800,5900,5000,16200,7000,21200,16500,56900
178.0,6.57,208500,1372060.0,6.56,6.55,6.54,6.53,6.52,6.51,6.5,6.49,6.48,6.47,6.57,6.58,6.59,6.6,6.61,6.62,6.63,6.65,6.66,6.67,54600,29800,63400,10600,7200,3000,58500,3000,500,10000,8100,1300,800,5900,5000,16200,7000,21200,16500,56900
179.0,6.57,209900,1381258.0,6.56,6.55,6.54,6.53,6.52,6.51,6.5,6.49,6.48,6.47,6.57,6.58,6.59,6.6,6.61,6.62,6.63,6.65,6.66,6.67,54600,29800,63400,10600,7200,3000,58500,3000,500,10000,6700,1300,800,5900,5000,11300,7000,21200,16500,56900
180.0,6.57,211200,1389799.0,6.56,6.55,6.54,6.53,6.52,6.51,6.5,6.49,6.48,6.47,6.57,6.58,6.59,6.6,6.61,6.62,6.63,6.65,6.66,6.67,54600,26800,63400,10600,7200,3000,58500,3000,500,10000,5400,1300,800,5900,5000,11300,7000,21200,16500,56900
181.0,6.57,212000,1395055.0,6.56,6.55,6.54,6.53,6.52,6.51,6.5,6.49,6.48,6.47,6.57,6.58,6.59,6.6,6.61,6.62,6.63,6.65,6.66,6.67,54600,26800,63400,10600,7200,3000,58500,3000,500,10000,4600,1300,800,5900,5000,11300,7000,21200,16500,56900
182.0,6.57,212400,1397683.0,6.56,6.55,6.54,6.53,6.52,6.51,6.5,6.49,6.48,6.47,6.57,6.58,6.59,6.6,6.61,6.62,6.63,6.65,6.66,6.67,54600,26800,63400,10600,7200,3000,58500,3000,500,10000,5300,1300,800,5900,5000,11300,7000,21200,16500,56900
183.0,6.56,214100,1408835.0,6.56,6.55,6.54,6.53,6.52,6.51,6.5,6.49,6.48,6.47,6.57,6.58,6.59,6.6,6.61,6.62,6.63,6.65,6.66,6.67,52900,26800,63400,10600,7200,3000,58500,3000,500,10000,8100,1300,800,5900,5000,11300,7000,21200,16500,56900
184.0,6.56,214100,1408835.0,6.56,6.55,6.54,6.53,6.52,6.51,6.5,6.49,6.48,6.47,6.57,6.58,6.59,6.6,6.61,6.62,6.63,6.65,6.66,6.67,52900,26800,63400,10600,7200,3000,58500,3000,500,10000,8100,1300,800,5900,5000,11300,7000,21200,16500,56900
185.0,6.57,225000,1480448.0,6.57,6.56,6.55,6.54,6.53,6.52,6.51,6.5,6.49,6.48,6.58,6.59,6.6,6.61,6.62,6.63,6.65,6.66,6.67,6.68,4600,52900,26800,63400,10600,7200,3000,58500,3000,500,1300,800,5900,5000,11300,7000,21200,16500,56900,24500
186.0,6.57,225000,1480448.0,6.57,6.56,6.55,6.54,6.53,6.52,6.51,6.5,6.49,6.48,6.58,6.59,6.6,6.61,6.62,6.63,6.65,6.66,6.67,6.68,4600,52900,26600,63400,10600,7200,3000,58500,3000,500,1300,800,5900,5000,11300,7000,21200,16500,56900,24500
187.0,6.57,225000,1480448.0,6.57,6.56,6.55,6.54,6.53,6.52,6.51,6.5,6.49,6.48,6.58,6.59,6.6,6.61,6.62,6.63,6.65,6.66,6.67,6.68,4600,52900,26600,63400,10600,7200,3000,58500,3000,500,1300,800,5900,5000,11300,7000,21200,16500,56900,24500
188.0,6.57,226100,1487675.0,6.57,6.56,6.55,6.54,6.53,6.52,6.51,6.5,6.49,6.48,6.58,6.59,6.6,6.61,6.62,6.63,6.65,6.66,6.67,6.68,3500,52900,26600,63400,10600,7200,3000,58500,3000,500,1300,800,5900,5000,11300,7000,21200,16500,56900,24500
189.0,6.57,228200,1501474.0,6.57,6.56,6.55,6.54,6.53,6.52,6.51,6.5,6.49,6.48,6.58,6.59,6.6,6.61,6.62,6.63,6.65,6.66,6.67,6.68,1600,52900,26600,63400,10600,7200,3000,58500,3000,500,1100,800,5900,5000,11300,7000,21200,16500,56900,24500
190.0,6.57,228400,1502788.0,6.57,6.56,6.55,6.54,6.53,6.52,6.51,6.5,6.49,6.48,6.58,6.59,6.6,6.61,6.62,6.63,6.65,6.66,6.67,6.68,1400,52900,26600,63400,10600,7200,3000,58500,3000,500,1100,800,5900,5000,11300,7000,21200,16500,56900,24500
191.0,6.57,228400,1502788.0,6.57,6.56,6.55,6.54,6.53,6.52,6.51,6.5,6.49,6.48,6.58,6.59,6.6,6.61,6.62,6.63,6.65,6.66,6.67,6.68,1400,52900,26600,63400,10600,7200,3000,58500,3000,500,1100,800,5900,5000,11300,7000,21200,16500,56900,24500
192.0,6.58,228700,1504762.0,6.57,6.56,6.55,6.54,6.53,6.52,6.51,6.5,6.49,6.48,6.58,6.59,6.6,6.61,6.62,6.63,6.65,6.66,6.67,6.68,1400,52900,26600,63400,10600,7200,3000,58500,3000,500,800,800,5900,5000,11300,7000,21200,16500,56900,24500
193.0,6.58,228700,1504762.0,6.57,6.56,6.55,6.54,6.53,6.52,6.51,6.5,6.49,6.48,6.58,6.59,6.6,6.61,6.62,6.63,6.65,6.66,6.67,6.68,1400,52900,26600,63400,10600,7200,13500,58500,3000,500,800,800,5900,5000,11300,7000,21200,16500,56900,24500
194.0,6.57,228900,1506076.0,6.57,6.56,6.55,6.54,6.53,6.52,6.51,6.5,6.49,6.48,6.58,6.59,6.6,6.61,6.62,6.63,6.65,6.66,6.67,6.68,1200,52900,26600,63400,10600,7200,13500,58500,3000,500,800,800,5900,5000,11300,7000,21200,16500,56900,24500
195.0,6.57,228900,1506076.0,6.57,6.56,6.55,6.54,6.53,6.52,6.51,6.5,6.49,6.48,6.58,6.59,6.6,6.61,6.62,6.63,6.65,6.66,6.67,6.68,1200,52900,26600,63400,10600,7200,13500,58500,3000,500,800,800,5900,9900,11300,7000,21200,16500,56900,24500
196.0,6.57,228900,1506076.0,6.57,6.56,6.55,6.54,6.53,6.52,6.51,6.5,6.49,6.48,6.58,6.59,6.6,6.61,6.62,6.63,6.65,6.66,6.67,6.68,1200,52900,26600,63400,10600,7200,13500,60300,3000,500,800,800,5900,9900,11300,7000,21200,16500,56900,24500
197.0,6.57,228900,1506076.0,6.57,6.56,6.55,6.54,6.53,6.52,6.51,6.5,6.49,6.48,6.58,6.59,6.6,6.61,6.62,6.63,6.65,6.66,6.67,6.68,3100,52900,26600,63400,10600,7200,13500,60300,3000,500,800,800,5900,9900,11300,7000,21200,16500,56900,24500
198.0,6.57,228900,1506076.0,6.57,6.56,6.55,6.54,6.53,6.52,6.51,6.5,6.49,6.48,6.58,6.59,6.6,6.61,6.62,6.63,6.65,6.66,6.67,6.68,3100,52900,26600,63400,10600,7200,13500,60300,3000,500,800,800,5900,9900,11300,7000,21200,16500,56900,24500
199.0,6.57,228900,1506076.0,6.57,6.56,6.55,6.54,6.53,6.52,6.51,6.5,6.49,6.48,6.59,6.6,6.61,6.62,6.63,6.65,6.66,6.67,6.68,6.69,3100,52900,26600,63400,10600,7200,13500,60300,3000,500,800,6000,9900,11300,7000,21200,16500,56900,24500,35600
200.0,6.57,232100,1527100.0,6.57,6.56,6.55,6.54,6.53,6.52,6.51,6.5,6.49,6.48,6.59,6.6,6.61,6.62,6.63,6.65,6.66,6.67,6.68,6.69,300,52900,26600,63400,10600,7200,13500,60300,3000,500,1200,6000,9900,11300,7000,21200,16500,56900,24500,35600
201.0,6.57,232100,1527100.0,6.57,6.56,6.55,6.54,6.53,6.52,6.51,6.5,6.49,6.48,6.59,6.6,6.61,6.62,6.63,6.65,6.66,6.67,6.68,6.69,300,52900,26600,63400,10600,7200,13500,60300,3000,500,2000,6000,9900,11300,7000,21200,16500,56900,24500,35600
202.0,6.59,232500,1529736.0,6.57,6.56,6.55,6.54,6.53,6.52,6.51,6.5,6.49,6.48,6.59,6.6,6.61,6.62,6.63,6.65,6.66,6.67,6.68,6.69,1100,52900,26600,63400,10600,7200,13500,60300,3000,500,1600,6000,9900,11300,7000,21200,16500,56900,24500,35600
203.0,6.59,232900,1532372.0,6.57,6.56,6.55,6.54,6.53,6.52,6.51,6.5,6.49,6.48,6.59,6.6,6.61,6.62,6.63,6.65,6.66,6.67,6.68,6.69,1600,52900,26600,63400,10600,7200,13500,60300,3000,500,1700,6000,9900,11300,7000,21200,16500,56900,24500,35600
204.0,6.59,232900,1532372.0,6.57,6.56,6.55,6.54,6.53,6.52,6.51,6.5,6.49,6.48,6.59,6.6,6.61,6.62,6.63,6.65,6.66,6.67,6.68,6.69,2500,52900,26600,63400,10600,7200,13500,60300,3000,500,2500,6000,9900,11300,7000,21200,16500,56900,24500,35600
205.0,6.59,233100,1533690.0,6.57,6.56,6.55,6.54,6.53,6.52,6.51,6.5,6.49,6.48,6.59,6.6,6.61,6.62,6.63,6.65,6.66,6.67,6.68,6.69,3000,52900,26600,63400,10600,7200,13500,60300,3000,500,2800,6000,9900,11300,7000,21200,16500,56900,24500,35600
206.0,6.59,233100,1533690.0,6.57,6.56,6.55,6.54,6.53,6.52,6.51,6.5,6.49,6.48,6.59,6.6,6.61,6.62,6.63,6.65,6.66,6.67,6.68,6.69,3000,52900,26600,63400,10600,7200,13500,60300,3000,500,2800,6000,9900,11300,7000,21200,16500,56900,24500,35600
207.0,6.56,241500,1588850.0,6.56,6.55,6.54,6.53,6.52,6.51,6.5,6.49,6.48,6.47,6.58,6.59,6.6,6.61,6.62,6.63,6.65,6.66,6.67,6.68,50700,26600,63400,10600,7200,13500,60300,3000,500,10000,9300,3600,6000,9900,11300,7000,21200,16500,56900,24500
208.0,6.56,241500,1588850.0,6.56,6.55,6.54,6.53,6.52,6.51,6.5,6.49,6.48,6.47,6.58,6.59,6.6,6.61,6.62,6.63,6.65,6.66,6.67,6.68,51200,26600,63400,10600,8100,15500,60300,3000,500,10000,9800,3600,6000,9900,11300,7000,21200,16500,56900,24500
209.0,6.56,247100,1625604.0,6.56,6.55,6.54,6.53,6.52,6.51,6.5,6.49,6.48,6.47,6.58,6.59,6.6,6.61,6.62,6.63,6.65,6.66,6.67,6.68,47400,26600,63400,10600,8100,15500,60300,3000,500,10000,10200,3600,6000,9900,11300,7000,21200,16500,56900,24500
210.0,6.56,248200,1632840.0,6.56,6.55,6.54,6.53,6.52,6.51,6.5,6.49,6.48,6.47,6.58,6.59,6.6,6.61,6.62,6.63,6.65,6.66,6.67,6.68,47300,26600,63400,10600,8100,15500,60300,3000,500,10000,9200,3600,5900,9900,11300,7000,21200,16500,56900,24500
211.0,6.56,248200,1632840.0,6.56,6.55,6.54,6.53,6.52,6.51,6.5,6.49,6.48,6.47,6.58,6.59,6.6,6.61,6.62,6.63,6.65,6.66,6.67,6.68,48700,27600,63400,10600,8100,15500,60300,3000,500,10000,10600,3600,10900,9900,11300,7000,21200,16500,56900,24500
212.0,6.56,259800,1708956.0,6.56,6.55,6.54,6.53,6.52,6.51,6.5,6.49,6.48,6.47,6.58,6.59,6.6,6.61,6.62,6.63,6.65,6.66,6.67,6.68,38100,27600,63400,10600,8100,15500,60300,3000,500,10000,9600,3600,10900,9900,11300,7000,21200,16500,56900,24500
213.0,6.56,260600,1714204.0,6.56,6.55,6.54,6.53,6.52,6.51,6.5,6.49,6.48,6.47,6.57,6.58,6.59,6.6,6.61,6.62,6.63,6.65,6.66,6.67,37300,27600,63400,10600,8100,15500,60300,3000,500,10000,2700,9600,3600,10900,9900,11300,7000,21200,16500,56900
214.0,6.56,275500,1811949.0,6.56,6.55,6.54,6.53,6.52,6.51,6.5,6.49,6.48,6.47,6.57,6.58,6.59,6.6,6.61,6.62,6.63,6.65,6.66,6.67,22800,27600,63400,10600,8100,15500,60300,3000,500,10000,2600,9600,3600,10900,9900,11300,7000,21200,16500,56900
215.0,6.57,276200,1816548.0,6.56,6.55,6.54,6.53,6.52,6.51,6.5,6.49,6.48,6.47,6.57,6.58,6.59,6.6,6.61,6.62,6.63,6.65,6.66,6.67,22700,27600,63400,10600,8100,15500,60300,3000,500,10000,1900,9600,3600,10900,9900,11300,7000,21200,16500,56900
216.0,6.57,277100,1822461.0,6.56,6.55,6.54,6.53,6.52,6.51,6.5,6.49,6.48,6.47,6.57,6.58,6.59,6.6,6.61,6.62,6.63,6.65,6.66,6.67,22800,27600,63400,10600,8100,15500,62300,3000,500,10000,1000,9600,3600,10900,9900,11300,7000,21200,16500,56900
217.0,6.57,277100,1822461.0,6.56,6.55,6.54,6.53,6.52,6.51,6.5,6.49,6.48,6.47,6.57,6.58,6.59,6.6,6.61,6.62,6.63,6.65,6.66,6.67,22800,27600,63400,10600,8100,15500,62300,3000,500,10000,1000,9600,3600,10900,9900,11300,7000,21200,16500,56900
218.0,6.57,277200,1823118.0,6.56,6.55,6.54,6.53,6.52,6.51,6.5,6.49,6.48,6.47,6.57,6.58,6.59,6.6,6.61,6.62,6.63,6.65,6.66,6.67,22700,27600,63400,10600,8100,15500,62300,3000,500,10000,900,9600,3600,12200,9900,11300,7000,21200,16500,56900
219.0,6.57,277200,1823118.0,6.56,6.55,6.54,6.53,6.52,6.51,6.5,6.49,6.48,6.47,6.57,6.58,6.59,6.6,6.61,6.62,6.63,6.65,6.66,6.67,22700,27600,63400,10600,8100,15500,62300,3000,500,10000,900,9600,3600,12200,9900,11300,7000,21200,16500,56900
220.0,6.56,277500,1825086.0,6.56,6.55,6.54,6.53,6.52,6.51,6.5,6.49,6.48,6.47,6.57,6.58,6.59,6.6,6.61,6.62,6.63,6.65,6.66,6.67,23400,27600,63400,10600,8100,15500,62300,3000,500,10000,900,9600,3600,12200,9900,11300,7000,21200,16500,56900
221.0,6.57,277800,1827057.0,6.56,6.55,6.54,6.53,6.52,6.51,6.5,6.49,6.48,6.47,6.57,6.58,6.59,6.6,6.61,6.62,6.63,6.65,6.66,6.67,24900,27600,63400,10600,8100,15500,62300,3000,500,10000,600,9600,3600,12200,9900,11300,7000,21200,16500,56900
222.0,6.57,277800,1827057.0,6.56,6.55,6.54,6.53,6.52,6.51,6.5,6.49,6.48,6.47,6.57,6.58,6.59,6.6,6.61,6.62,6.63,6.65,6.66,6.67,24900,27600,63400,10600,8100,15500,62300,3000,500,10000,10200,9600,3600,12200,9900,11300,7000,21200,16500,56900
223.0,6.56,277900,1827713.0,6.56,6.55,6.54,6.53,6.52,6.51,6.5,6.49,6.48,6.47,6.57,6.58,6.59,6.6,6.61,6.62,6.63,6.65,6.66,6.67,24800,15800,63400,10600,8100,15500,62300,3000,500,10000,10200,9600,3600,12200,9900,11300,7000,21200,16500,56900
224.0,6.57,278300,1830341.0,6.56,6.55,6.54,6.53,6.52,6.51,6.5,6.49,6.48,6.47,6.57,6.58,6.59,6.6,6.61,6.62,6.63,6.65,6.66,6.67,24800,15800,63400,10600,8100,15500,63900,3000,500,10000,9800,9600,3600,12200,9900,11300,7000,21200,16500,56900
225.0,6.57,280100,1842167.0,6.56,6.55,6.54,6.53,6.52,6.51,6.5,6.49,6.48,6.47,6.57,6.58,6.59,6.6,6.61,6.62,6.63,6.65,6.66,6.67,24800,16600,63400,10600,8100,15500,68900,3000,500,10000,8500,9600,3600,12200,9900,11300,7000,21200,16500,56900
226.0,6.57,280100,1842167.0,6.56,6.55,6.54,6.53,6.52,6.51,6.5,6.49,6.48,6.47,6.57,6.58,6.59,6.6,6.61,6.62,6.63,6.65,6.66,6.67,24800,16600,63400,10600,8100,15500,68900,3000,500,10000,8500,9600,3600,12200,9900,11300,7000,21200,16500,56900
227.0,6.57,281800,1853336.0,6.56,6.55,6.54,6.53,6.52,6.51,6.5,6.49,6.48,6.47,6.57,6.58,6.59,6.6,6.61,6.62,6.63,6.65,6.66,6.67,24800,16600,63400,10600,8100,15500,68900,3000,500,10000,6800,9600,3600,12200,9900,11300,7000,21200,16500,56900
228.0,6.57,282400,1857278.0,6.56,6.55,6.54,6.53,6.52,6.51,6.5,6.49,6.48,6.47,6.57,6.58,6.59,6.6,6.61,6.62,6.63,6.65,6.66,6.67,24800,16600,63400,10600,8100,15500,68900,3000,500,10000,6200,9600,3600,12200,9900,11300,7000,21200,16500,56900
229.0,6.57,282400,1857278.0,6.56,6.55,6.54,6.53,6.52,6.51,6.5,6.49,6.48,6.47,6.57,6.58,6.59,6.6,6.61,6.62,6.63,6.65,6.66,6.67,24800,16600,63400,10600,8100,15500,68900,3000,500,10000,6200,9600,3600,12200,9900,11300,7000,21200,16500,56900
230.0,6.56,282600,1858590.0,6.56,6.55,6.54,6.53,6.52,6.51,6.5,6.49,6.48,6.47,6.57,6.58,6.59,6.6,6.61,6.62,6.63,6.65,6.66,6.67,24600,16600,63400,10600,8100,15500,68900,3000,500,10000,6200,9600,3600,12200,9900,11300,7000,21200,16500,56900
231.0,6.56,282600,1858590.0,6.56,6.55,6.54,6.53,6.52,6.51,6.5,6.49,6.48,6.47,6.57,6.58,6.59,6.6,6.61,6.62,6.63,6.65,6.66,6.67,24600,16600,63400,10600,8100,15500,68900,3000,500,10000,6200,9600,3600,12200,9900,11300,7000,21200,16500,56900
232.0,6.57,283800,1866474.0,6.56,6.55,6.54,6.53,6.52,6.51,6.5,6.49,6.48,6.47,6.57,6.58,6.59,6.6,6.61,6.62,6.63,6.65,6.66,6.67,26900,16600,63400,10600,8100,15500,68900,3000,500,10000,5000,9600,3600,12200,9900,11300,7000,21200,16500,56900
233.0,6.57,283800,1866474.0,6.56,6.55,6.54,6.53,6.52,6.51,6.5,6.49,6.48,6.47,6.57,6.58,6.59,6.6,6.61,6.62,6.63,6.65,6.66,6.67,26900,16600,63400,10600,8100,15500,68900,3000,500,10000,5000,9600,3600,12200,9900,11300,7000,21200,16500,56900
234.0,6.57,283800,1866474.0,6.56,6.55,6.54,6.53,6.52,6.51,6.5,6.49,6.48,6.47,6.57,6.58,6.59,6.6,6.61,6.62,6.63,6.65,6.66,6.67,26900,16600,63400,10600,8100,15500,68900,3000,500,10000,5000,9600,3600,12200,9900,11300,7000,21200,16500,56900
235.0,6.57,284300,1869759.0,6.56,6.55,6.54,6.53,6.52,6.51,6.5,6.49,6.48,6.47,6.57,6.58,6.59,6.6,6.61,6.62,6.63,6.65,6.66,6.67,26900,16600,63400,10600,8100,15500,68900,3000,500,10000,4500,9600,3600,12200,9900,11300,7000,21200,16500,56900
236.0,6.57,284300,1869759.0,6.56,6.55,6.54,6.53,6.52,6.51,6.5,6.49,6.48,6.47,6.57,6.58,6.59,6.6,6.61,6.62,6.63,6.65,6.66,6.67,26900,16600,63400,10600,8100,15500,68900,3000,500,10000,4500,9600,3600,12200,9900,11300,7000,21200,16500,56900
237.0,6.57,284300,1869759.0,6.56,6.55,6.54,6.53,6.52,6.51,6.5,6.49,6.48,6.47,6.57,6.58,6.59,6.6,6.61,6.62,6.63,6.65,6.66,6.67,26900,16600,63400,10600,8100,15500,68900,3000,500,10000,4500,9600,3600,12200,9900,11300,7000,21200,16500,56900
238.0,6.56,303700,1997023.0,6.56,6.55,6.54,6.53,6.52,6.51,6.5,6.49,6.48,6.47,6.57,6.58,6.59,6.6,6.61,6.62,6.63,6.65,6.66,6.67,7500,16600,63400,10600,8100,15500,68900,3000,500,10000,4500,9600,3600,12200,9900,11300,7000,21200,16500,56900
239.0,6.57,305000,2005564.0,6.56,6.55,6.54,6.53,6.52,6.51,6.5,6.49,6.48,6.47,6.57,6.58,6.59,6.6,6.61,6.62,6.63,6.65,6.66,6.67,7500,16600,63400,10600,8100,15500,68900,3000,500,10000,3200,9600,3600,12200,9900,11300,7000,21200,16500,56900
240.0,6.57,305300,2007535.0,6.56,6.55,6.54,6.53,6.52,6.51,6.5,6.49,6.48,6.47,6.57,6.58,6.59,6.6,6.61,6.62,6.63,6.65,6.66,6.67,7500,16600,63400,10600,8100,15500,68900,3000,500,10000,2900,9600,3600,12200,9900,11300,7000,21200,16500,56900
241.0,6.57,305300,2007535.0,6.56,6.55,6.54,6.53,6.52,6.51,6.5,6.49,6.48,6.47,6.57,6.58,6.59,6.6,6.61,6.62,6.63,6.65,6.66,6.67,7600,16600,63400,10600,8100,15500,68900,3000,500,10000,14400,9600,3600,12200,9900,11300,7000,21200,16500,56900
242.0,6.57,306700,2016733.0,6.56,6.55,6.54,6.53,6.52,6.51,6.5,6.49,6.48,6.47,6.57,6.58,6.59,6.6,6.61,6.62,6.63,6.65,6.66,6.67,7600,16600,63400,10600,8100,15500,68900,3000,500,10000,13000,9600,3600,12200,9900,11300,7000,21200,16500,56900
243.0,6.56,312400,2054125.0,6.56,6.55,6.54,6.53,6.52,6.51,6.5,6.49,6.48,6.47,6.57,6.58,6.59,6.6,6.61,6.62,6.63,6.65,6.66,6.67,1900,16600,63400,10600,8100,15500,68900,3000,10500,10000,13000,9600,3600,12200,9900,11300,7000,21200,16500,56900
244.0,6.55,316500,2080999.0,6.55,6.54,6.53,6.52,6.51,6.5,6.49,6.48,6.47,6.46,6.57,6.58,6.59,6.6,6.61,6.62,6.63,6.65,6.66,6.67,14400,63400,10600,8100,15500,68900,3000,10500,10000,1500,13000,9600,3600,12200,9900,11300,7000,21200,16500,56900
245.0,6.55,332500,2185805.0,6.54,6.53,6.52,6.51,6.5,6.49,6.48,6.47,6.46,6.45,6.55,6.57,6.58,6.59,6.6,6.61,6.62,6.63,6.65,6.66,63400,10600,8100,15500,68900,3000,10500,10000,1500,4600,1500,14000,9600,3600,12200,9900,11300,7000,21200,16500
246.0,6.55,332600,2186460.0,6.54,6.53,6.52,6.51,6.5,6.49,6.48,6.47,6.46,6.45,6.55,6.57,6.58,6.59,6.6,6.61,6.62,6.63,6.65,6.66,63400,10600,8100,15500,68900,3000,10500,10000,1500,4600,2200,14000,9600,3600,12200,9900,11300,7000,21200,16500
247.0,6.55,332800,2187770.0,6.54,6.53,6.52,6.51,6.5,6.49,6.48,6.47,6.46,6.45,6.55,6.57,6.58,6.59,6.6,6.61,6.62,6.63,6.65,6.66,63400,10600,8100,15500,68900,3000,10500,10000,1500,4600,2000,14000,9600,3600,12200,9900,11300,7000,21200,16500
248.0,6.54,332900,2188424.0,6.54,6.53,6.52,6.51,6.5,6.49,6.48,6.47,6.46,6.45,6.55,6.56,6.57,6.58,6.59,6.6,6.61,6.62,6.63,6.65,63300,10600,8100,15500,68900,3000,10500,10000,1500,4600,2000,12800,14000,9600,3600,12200,9900,11300,7000,21200
249.0,6.55,333100,2189734.0,6.54,6.53,6.52,6.51,6.5,6.49,6.48,6.47,6.46,6.45,6.55,6.56,6.57,6.58,6.59,6.6,6.61,6.62,6.63,6.65,63300,10600,8100,15500,68900,3000,10500,10000,1500,4600,1800,12800,14000,9600,3600,12200,9900,11300,7000,21200
250.0,6.55,333400,2191699.0,6.54,6.53,6.52,6.51,6.5,6.49,6.48,6.47,6.46,6.45,6.55,6.56,6.57,6.58,6.59,6.6,6.61,6.62,6.63,6.65,63300,10600,8100,15500,68900,3000,10500,10000,1500,4600,1500,12800,14000,9600,3600,12200,9900,11300,7000,21200
251.0,6.54,335100,2202817.0,6.54,6.53,6.52,6.51,6.5,6.49,6.48,6.47,6.46,6.45,6.55,6.56,6.57,6.58,6.59,6.6,6.61,6.62,6.63,6.65,61600,10600,8100,15500,68900,3000,10500,10000,1500,4600,1900,12800,14000,9600,3600,12200,9900,11300,7000,21200
252.0,6.55,335200,2203472.0,6.54,6.53,6.52,6.51,6.5,6.49,6.48,6.47,6.46,6.45,6.55,6.56,6.57,6.58,6.59,6.6,6.61,6.62,6.63,6.65,61600,10600,8100,15500,68900,3000,10500,10000,1500,4600,1800,12800,14000,9600,3600,13600,9900,11300,7000,21200
253.0,6.55,335200,2203472.0,6.54,6.53,6.52,6.51,6.5,6.49,6.48,6.47,6.46,6.45,6.55,6.56,6.57,6.58,6.59,6.6,6.61,6.62,6.63,6.65,61600,10600,8100,15500,68900,3000,10500,10000,1500,4600,1800,12800,14000,9600,3600,13600,9900,11300,7000,21200
254.0,6.55,335300,2204127.0,6.54,6.53,6.52,6.51,6.5,6.49,6.48,6.47,6.46,6.45,6.55,6.56,6.57,6.58,6.59,6.6,6.61,6.62,6.63,6.65,58600,10600,8100,15500,68900,3000,10500,10000,1500,4600,1700,12800,14000,9600,3600,13600,9900,11300,7000,21200
255.0,6.55,335300,2204127.0,6.54,6.53,6.52,6.51,6.5,6.49,6.48,6.47,6.46,6.45,6.55,6.56,6.57,6.58,6.59,6.6,6.61,6.62,6.63,6.65,58600,10600,8100,15500,68900,3000,10500,10000,1500,4600,1700,12800,14000,9600,3600,13600,9900,11300,7000,21200
256.0,6.55,335400,2204782.0,6.54,6.53,6.52,6.51,6.5,6.49,6.48,6.47,6.46,6.45,6.55,6.56,6.57,6.58,6.59,6.6,6.61,6.62,6.63,6.65,58600,10600,8100,15500,68900,3000,10500,10000,1500,4600,1600,12800,14000,9600,3600,13600,9900,11300,7000,21200
257.0,6.55,335400,2204782.0,6.54,6.53,6.52,6.51,6.5,6.49,6.48,6.47,6.46,6.45,6.55,6.56,6.57,6.58,6.59,6.6,6.61,6.62,6.63,6.65,58600,10600,8100,15500,68900,3000,10500,10000,1500,4600,1600,12800,14000,9600,3600,13600,9900,11300,7000,21200
258.0,6.55,335400,2204782.0,6.54,6.53,6.52,6.51,6.5,6.49,6.48,6.47,6.46,6.45,6.55,6.56,6.57,6.58,6.59,6.6,6.61,6.62,6.63,6.65,58600,9600,8100,15500,68900,3000,10500,10000,1500,4600,1600,12800,14000,9600,3600,13600,9900,11300,7000,21200
259.0,6.55,335500,2205437.0,6.54,6.53,6.52,6.51,6.5,6.49,6.48,6.47,6.46,6.45,6.55,6.56,6.57,6.58,6.59,6.6,6.61,6.62,6.63,6.65,58600,9600,8100,15500,68900,3000,10500,10000,1500,4600,1500,12800,14000,9600,3600,13600,11900,11300,7000,21200
260.0,6.56,346000,2274213.0,6.56,6.55,6.54,6.53,6.52,6.51,6.5,6.49,6.48,6.47,6.57,6.58,6.59,6.6,6.61,6.62,6.63,6.65,6.66,6.67,1100,4400,58600,9100,8100,23100,68900,3000,10500,10000,14000,9600,3600,13600,11900,11300,7000,21200,16500,56900
261.0,6.56,346000,2274213.0,6.56,6.55,6.54,6.53,6.52,6.51,6.5,6.49,6.48,6.47,6.57,6.58,6.59,6.6,6.61,6.62,6.63,6.65,6.66,6.67,1100,5400,58600,9100,8100,23100,68900,3000,10500,10000,14000,9600,3600,13600,11900,11300,7000,21200,16500,56900
262.0,6.56,350300,2302463.0,6.56,6.55,6.54,6.53,6.52,6.51,6.5,6.49,6.48,6.47,6.57,6.58,6.59,6.6,6.61,6.62,6.63,6.65,6.66,6.67,1000,5400,59000,9100,8100,23100,68900,3000,10500,10000,9800,9600,3600,13600,11900,11300,7000,21200,16500,56900
263.0,6.56,354300,2328694.0,6.56,6.55,6.54,6.53,6.52,6.51,6.5,6.49,6.48,6.47,6.57,6.58,6.59,6.6,6.61,6.62,6.63,6.65,6.66,6.67,500,3700,59000,9100,8100,23100,68900,3000,10500,10000,8900,9600,3600,13600,11900,11300,7000,21200,16500,56900
264.0,6.55,355800,2338526.0,6.55,6.54,6.53,6.52,6.51,6.5,6.49,6.48,6.47,6.46,6.57,6.58,6.59,6.6,6.61,6.62,6.63,6.65,6.66,6.67,3100,59000,9100,8100,23100,68900,3000,10500,10000,1500,8800,9600,3600,13600,11900,11300,7000,21200,16500,56900
265.0,6.55,355800,2338526.0,6.55,6.54,6.53,6.52,6.51,6.5,6.49,6.48,6.47,6.46,6.57,6.58,6.59,6.6,6.61,6.62,6.63,6.65,6.66,6.67,4600,59000,9100,8100,23100,68900,3000,10500,10000,1500,10300,9600,3600,13600,11900,11300,7000,21200,16500,56900
266.0,6.57,356800,2345096.0,6.55,6.54,6.53,6.52,6.51,6.5,6.49,6.48,6.47,6.46,6.57,6.58,6.59,6.6,6.61,6.62,6.63,6.65,6.66,6.67,4600,59000,9100,8100,23100,70900,3000,10500,10000,1500,9300,9600,3600,13600,11900,11300,7000,21200,22400,56900
267.0,6.57,357200,2347724.0,6.55,6.54,6.53,6.52,6.51,6.5,6.49,6.48,6.47,6.46,6.57,6.58,6.59,6.6,6.61,6.62,6.63,6.65,6.66,6.67,6800,59000,9100,8100,23100,70900,3000,10500,10000,1500,11100,9600,3600,13600,11900,11300,7000,21200,22400,56900
268.0,6.57,357200,2347724.0,6.55,6.54,6.53,6.52,6.51,6.5,6.49,6.48,6.47,6.46,6.57,6.58,6.59,6.6,6.61,6.62,6.63,6.65,6.66,6.67,6800,59000,9100,8100,23100,70900,3000,10500,10000,1500,11100,9600,3600,13600,11900,11300,7000,21200,22400,56900
269.0,6.57,358300,2354951.0,6.55,6.54,6.53,6.52,6.51,6.5,6.49,6.48,6.47,6.46,6.57,6.58,6.59,6.6,6.61,6.62,6.63,6.65,6.66,6.67,8300,59000,9100,8100,23100,70900,3000,10500,10000,1500,11500,9600,3600,13600,11900,11300,7000,21200,22400,56900
270.0,6.55,367700,2416543.0,6.54,6.53,6.52,6.51,6.5,6.49,6.48,6.47,6.46,6.45,6.55,6.57,6.58,6.59,6.6,6.61,6.62,6.63,6.65,6.66,59000,9100,8100,23100,70900,3000,10500,10000,1500,4600,4500,10400,9600,3600,13600,11900,11300,7000,21200,22400
271.0,6.55,367700,2416543.0,6.54,6.53,6.52,6.51,6.5,6.49,6.48,6.47,6.46,6.45,6.55,6.57,6.58,6.59,6.6,6.61,6.62,6.63,6.65,6.66,59000,9100,8100,23100,70900,3000,10500,10000,1500,4600,4500,10400,9600,3600,13600,11500,11300,7000,21200,22400
272.0,6.55,367700,2416543.0,6.54,6.53,6.52,6.51,6.5,6.49,6.48,6.47,6.46,6.45,6.55,6.57,6.58,6.59,6.6,6.61,6.62,6.63,6.65,6.66,59000,9100,8100,23100,70900,3000,10500,10000,1500,4600,4500,10400,9600,3600,13600,11500,11300,7000,21200,22400
273.0,6.55,369000,2425058.0,6.54,6.53,6.52,6.51,6.5,6.49,6.48,6.47,6.46,6.45,6.55,6.57,6.58,6.59,6.6,6.61,6.62,6.63,6.65,6.66,59000,9100,8100,23100,70900,3000,10500,10000,1500,4600,3200,10400,9600,3600,13600,11500,11300,7000,21200,22400
274.0,6.55,369000,2425058.0,6.54,6.53,6.52,6.51,6.5,6.49,6.48,6.47,6.46,6.45,6.55,6.57,6.58,6.59,6.6,6.61,6.62,6.63,6.65,6.66,59500,9100,8100,23100,70900,3000,10500,10000,1500,4600,3200,10400,9600,3600,13600,11500,11300,7000,21200,22400
275.0,6.54,376700,2475416.0,6.54,6.53,6.52,6.51,6.5,6.49,6.48,6.47,6.46,6.45,6.55,6.57,6.58,6.59,6.6,6.61,6.62,6.63,6.65,6.66,51800,9100,8100,23100,70900,3000,10500,10000,1500,4600,3200,10400,9600,3600,13600,11500,11300,7000,21200,22400
276.0,6.55,377000,2477381.0,6.54,6.53,6.52,6.51,6.5,6.49,6.48,6.47,6.46,6.45,6.55,6.57,6.58,6.59,6.6,6.61,6.62,6.63,6.65,6.66,51800,9100,8100,23100,70900,3000,10500,10000,1500,4600,2900,10400,9600,3600,13600,11500,11300,7000,21200,22400
277.0,6.55,377200,2478691.0,6.54,6.53,6.52,6.51,6.5,6.49,6.48,6.47,6.46,6.45,6.55,6.57,6.58,6.59,6.6,6.61,6.62,6.63,6.65,6.66,51800,9100,8100,23100,70900,3000,10500,10000,1500,4600,2700,10400,9600,3600,13600,11500,11300,7000,21200,22400
278.0,6.55,377200,2478691.0,6.54,6.53,6.52,6.51,6.5,6.49,6.48,6.47,6.46,6.45,6.55,6.57,6.58,6.59,6.6,6.61,6.62,6.63,6.65,6.66,51800,9100,8100,23100,71400,3400,10500,10000,1500,4600,2700,10400,9600,3600,13600,11500,11300,7000,21200,22400
279.0,6.55,378200,2485241.0,6.54,6.53,6.52,6.51,6.5,6.49,6.48,6.47,6.46,6.45,6.55,6.57,6.58,6.59,6.6,6.61,6.62,6.63,6.65,6.66,52400,9100,13100,23100,71400,3400,10500,10000,1500,4600,1700,10400,9600,3600,13600,11500,11300,7000,21200,22400
280.0,6.55,378200,2485241.0,6.54,6.53,6.52,6.51,6.5,6.49,6.48,6.47,6.46,6.45,6.55,6.57,6.58,6.59,6.6,6.61,6.62,6.63,6.65,6.66,52400,9100,13100,23100,71400,3400,10500,10000,1500,4600,1700,10400,9600,3600,13600,11500,11300,7000,21200,22400
281.0,6.55,378300,2485896.0,6.54,6.53,6.52,6.51,6.5,6.49,6.48,6.47,6.46,6.45,6.55,6.57,6.58,6.59,6.6,6.61,6.62,6.63,6.65,6.66,52400,9100,13100,23100,71400,3400,10500,10000,1500,4600,1600,10400,9600,3600,13600,11500,11300,7000,21200,22400
282.0,6.55,378300,2485896.0,6.54,6.53,6.52,6.51,6.5,6.49,6.48,6.47,6.46,6.45,6.55,6.57,6.58,6.59,6.6,6.61,6.62,6.63,6.65,6.66,52400,9100,13100,23100,71400,3400,10500,10000,1500,4600,1600,10400,9600,3600,13600,11500,11300,7000,21200,22400
283.0,6.55,378300,2485896.0,6.54,6.53,6.52,6.51,6.5,6.49,6.48,6.47,6.46,6.45,6.55,6.57,6.58,6.59,6.6,6.61,6.62,6.63,6.65,6.66,52400,9100,13100,23100,71400,3400,10500,10000,1500,4600,1600,10400,9600,3600,13600,11500,11300,7000,21200,22400
284.0,6.55,378500,2487206.0,6.54,6.53,6.52,6.51,6.5,6.49,6.48,6.47,6.46,6.45,6.55,6.57,6.58,6.59,6.6,6.61,6.62,6.63,6.65,6.66,52400,9100,13100,23100,71400,3400,10500,10000,1500,4600,1400,10400,9600,3600,13600,11500,11300,7000,21200,22400
285.0,6.55,378700,2488516.0,6.54,6.53,6.52,6.51,6.5,6.49,6.48,6.47,6.46,6.45,6.55,6.57,6.58,6.59,6.6,6.61,6.62,6.63,6.65,6.66,52400,9100,13100,23100,71400,3400,10500,10000,1500,4600,1200,10400,9600,3600,13600,11500,11300,7000,21200,22400
286.0,6.55,378700,2488516.0,6.54,6.53,6.52,6.51,6.5,6.49,6.48,6.47,6.46,6.45,6.55,6.57,6.58,6.59,6.6,6.61,6.62,6.63,6.65,6.66,52400,9100,13100,26200,71400,3400,10500,10000,1500,4600,1200,10400,9600,3600,13600,11500,11300,7000,21200,22400
287.0,6.55,378700,2488516.0,6.54,6.53,6.52,6.51,6.5,6.49,6.48,6.47,6.46,6.45,6.55,6.57,6.58,6.59,6.6,6.61,6.62,6.63,6.65,6.66,52400,9100,13100,39200,71400,3400,10500,10000,1500,4600,1200,10400,9600,3600,12300,11500,11300,7000,21200,22400
288.0,6.55,378800,2489171.0,6.54,6.53,6.52,6.51,6.5,6.49,6.48,6.47,6.46,6.45,6.55,6.57,6.58,6.59,6.6,6.61,6.62,6.63,6.65,6.66,52400,9100,13100,39200,71400,3400,10500,10000,1500,4600,1100,10400,9600,3600,12300,11500,11300,7000,21200,22400
289.0,6.55,379000,2490481.0,6.54,6.53,6.52,6.51,6.5,6.49,6.48,6.47,6.46,6.45,6.55,6.57,6.58,6.59,6.6,6.61,6.62,6.63,6.65,6.66,52400,9100,13100,39200,71400,3400,10500,10000,1500,4600,900,10400,9600,3600,12300,11500,11300,7000,21200,22400
290.0,6.55,379000,2490481.0,6.54,6.53,6.52,6.51,6.5,6.49,6.48,6.47,6.46,6.45,6.55,6.57,6.58,6.59,6.6,6.61,6.62,6.63,6.65,6.66,52400,9100,13100,39200,71400,3400,10500,10000,1500,4600,900,10400,9600,3600,12300,11500,11300,7000,21200,22400
291.0,6.55,379000,2490481.0,6.54,6.53,6.52,6.51,6.5,6.49,6.48,6.47,6.46,6.45,6.55,6.57,6.58,6.59,6.6,6.61,6.62,6.63,6.65,6.66,52400,9100,13100,39200,71400,3400,10500,10000,1500,4600,900,10400,9600,3600,12300,11500,11300,7000,21200,22400
292.0,6.55,379000,2490481.0,6.54,6.53,6.52,6.51,6.5,6.49,6.48,6.47,6.46,6.45,6.55,6.57,6.58,6.59,6.6,6.61,6.62,6.63,6.65,6.66,52400,9100,13100,40200,71400,3400,10500,10000,1500,4600,900,10400,9600,3600,12300,11500,11300,7000,21200,22400
293.0,6.54,382700,2514679.0,6.54,6.53,6.52,6.51,6.5,6.49,6.48,6.47,6.46,6.45,6.55,6.57,6.58,6.59,6.6,6.61,6.62,6.63,6.65,6.66,48700,9100,13100,40200,71400,3400,10500,10000,1500,4600,900,10400,9600,3600,12300,11500,11300,7000,21200,22400
294.0,6.54,382700,2514679.0,6.54,6.53,6.52,6.51,6.5,6.49,6.48,6.47,6.46,6.45,6.55,6.57,6.58,6.59,6.6,6.61,6.62,6.63,6.65,6.66,48700,9100,13100,40200,71400,3400,10500,10000,1500,4600,900,10400,9600,3600,12300,11500,11300,7000,21200,22400
295.0,6.54,382700,2514679.0,6.54,6.53,6.52,6.51,6.5,6.49,6.48,6.47,6.46,6.45,6.55,6.57,6.58,6.59,6.6,6.61,6.62,6.63,6.65,6.66,49700,9100,13100,40200,71400,3400,10500,10000,1500,4600,900,10400,9600,3600,12300,11500,11300,7000,21200,22400
296.0,6.54,382700,2514679.0,6.54,6.53,6.52,6.51,6.5,6.49,6.48,6.47,6.46,6.45,6.55,6.57,6.58,6.59,6.6,6.61,6.62,6.63,6.65,6.66,49700,9100,13100,40200,71400,3400,10500,10000,1500,4600,900,10400,9600,3600,12300,11500,11300,7000,21200,22400
297.0,6.55,382800,2515334.0,6.54,6.53,6.52,6.51,6.5,6.49,6.48,6.47,6.46,6.45,6.55,6.57,6.58,6.59,6.6,6.61,6.62,6.63,6.65,6.66,49700,9100,13100,40200,71600,3400,10500,10000,1500,4600,800,10400,9600,3600,12300,11500,11300,7000,21200,22400
298.0,6.54,387900,2548688.0,6.54,6.53,6.52,6.51,6.5,6.49,6.48,6.47,6.46,6.45,6.55,6.57,6.58,6.59,6.6,6.61,6.62,6.63,6.65,6.66,45600,9100,13100,43300,71600,3400,10500,10000,1500,4600,800,10400,9600,3600,12300,11500,11300,7000,21200,22400
299.0,6.54,387900,2548688.0,6.54,6.53,6.52,6.51,6.5,6.49,6.48,6.47,6.46,6.45,6.55,6.57,6.58,6.59,6.6,6.61,6.62,6.63,6.65,6.66,45600,9100,13300,43300,75600,3400,10800,10000,1500,4600,800,10400,9600,3600,12300,11500,11300,7000,21200,22400
300.0,6.55,391500,2572238.0,6.54,6.53,6.52,6.51,6.5,6.49,6.48,6.47,6.46,6.45,6.55,6.57,6.58,6.59,6.6,6.61,6.62,6.63,6.65,6.66,41600,9100,13300,43300,75600,3400,10800,10000,1500,4600,200,10400,9600,3600,12300,11500,11300,7000,21200,22400
301.0,6.55,391500,2572238.0,6.54,6.53,6.52,6.51,6.5,6.49,6.48,6.47,6.46,6.45,6.55,6.57,6.58,6.59,6.6,6.61,6.62,6.63,6.65,6.66,41600,9300,13300,43300,77100,3400,10800,10000,1500,4600,200,10400,9600,3600,12300,11500,11300,7000,21200,22400
302.0,6.54,392600,2579432.0,6.54,6.53,6.52,6.51,6.5,6.49,6.48,6.47,6.46,6.45,6.55,6.57,6.58,6.59,6.6,6.61,6.62,6.63,6.65,6.66,40500,9300,13300,43300,77100,3400,10800,10000,1500,4600,200,10400,9600,3600,12300,11500,11300,7000,21200,22400
303.0,6.54,392600,2579432.0,6.54,6.53,6.52,6.51,6.5,6.49,6.48,6.47,6.46,6.45,6.55,6.57,6.58,6.59,6.6,6.61,6.62,6.63,6.65,6.66,40500,9300,13300,43300,77100,3400,10800,10000,1500,4600,200,10400,9600,3600,12300,11500,11300,7000,21200,22400
304.0,6.54,392600,2579432.0,6.54,6.53,6.52,6.51,6.5,6.49,6.48,6.47,6.46,6.45,6.55,6.57,6.58,6.59,6.6,6.61,6.62,6.63,6.65,6.66,40500,9300,13300,43300,80200,3400,10800,10000,1500,4600,200,10400,9600,3600,12300,11500,11300,7000,21200,22400
305.0,6.54,392600,2579432.0,6.54,6.53,6.52,6.51,6.5,6.49,6.48,6.47,6.46,6.45,6.55,6.57,6.58,6.59,6.6,6.61,6.62,6.63,6.65,6.66,40500,9300,13300,55100,80200,3400,10800,10000,1500,4600,200,10400,9600,3600,12300,11500,11300,7000,21200,22400
306.0,6.54,392600,2579432.0,6.54,6.53,6.52,6.51,6.5,6.49,6.48,6.47,6.46,6.45,6.55,6.57,6.58,6.59,6.6,6.61,6.62,6.63,6.65,6.66,40500,9300,13300,55100,80200,3400,10800,10000,1500,4600,200,10400,9600,3600,12300,11500,11300,7000,21200,22400
307.0,6.54,392600,2579432.0,6.54,6.53,6.52,6.51,6.5,6.49,6.48,6.47,6.46,6.45,6.55,6.57,6.58,6.59,6.6,6.61,6.62,6.63,6.65,6.66,40700,9300,15300,55100,80200,3400,10800,10000,1500,4600,400,10400,9600,3600,12300,11500,11300,7000,21200,22400
308.0,6.54,392700,2580086.0,6.54,6.53,6.52,6.51,6.5,6.49,6.48,6.47,6.46,6.45,6.55,6.57,6.58,6.59,6.6,6.61,6.62,6.63,6.65,6.66,40600,9300,15300,55100,80200,3400,10800,10000,1500,4600,400,10400,9600,3600,12300,11500,11300,7000,21200,22400
309.0,6.54,393700,2586626.0,6.54,6.53,6.52,6.51,6.5,6.49,6.48,6.47,6.46,6.45,6.55,6.57,6.58,6.59,6.6,6.61,6.62,6.63,6.65,6.66,39400,9300,15300,55100,80200,3400,10800,10000,1500,4600,400,10400,9600,3600,12300,11500,11300,7000,21200,22400
310.0,6.54,393700,2586626.0,6.54,6.53,6.52,6.51,6.5,6.49,6.48,6.47,6.46,6.45,6.55,6.57,6.58,6.59,6.6,6.61,6.62,6.63,6.65,6.66,39400,9300,15300,55100,80200,3400,10800,10000,1500,4600,400,10400,9600,3600,12300,11500,11300,7000,21200,22400
311.0,6.54,393700,2586626.0,6.54,6.53,6.52,6.51,6.5,6.49,6.48,6.47,6.46,6.45,6.55,6.57,6.58,6.59,6.6,6.61,6.62,6.63,6.65,6.66,39400,9300,15300,55100,80200,3400,10800,10000,1500,4600,400,10400,9600,3600,12300,11500,11300,7000,21200,22400
312.0,6.54,393700,2586626.0,6.54,6.53,6.52,6.51,6.5,6.49,6.48,6.47,6.46,6.45,6.55,6.57,6.58,6.59,6.6,6.61,6.62,6.63,6.65,6.66,39400,9300,15300,55100,80200,3400,10800,10000,1500,4600,400,10400,9600,3600,12300,11500,11300,7000,21200,22400
313.0,6.54,393700,2586626.0,6.54,6.53,6.52,6.51,6.5,6.49,6.48,6.47,6.46,6.45,6.55,6.57,6.58,6.59,6.6,6.61,6.62,6.63,6.65,6.66,39400,9300,15300,55100,80200,3400,10800,10000,1500,4600,400,10400,9600,3600,12300,11500,11300,7000,21200,22400
314.0,6.54,393700,2586626.0,6.54,6.53,6.52,6.51,6.5,6.49,6.48,6.47,6.46,6.45,6.55,6.57,6.58,6.59,6.6,6.61,6.62,6.63,6.65,6.66,39400,9300,15300,55100,80200,3400,10800,10000,1500,4600,400,10400,9600,3600,12300,11500,11300,7000,21200,22400
315.0,6.54,393700,2586626.0,6.54,6.53,6.52,6.51,6.5,6.49,6.48,6.47,6.46,6.45,6.55,6.57,6.58,6.59,6.6,6.61,6.62,6.63,6.65,6.66,39400,9300,15300,55100,80200,3400,10800,10000,1500,4600,400,10400,9600,3600,12300,11500,11300,7000,21200,22400
316.0,6.54,396000,2601668.0,6.54,6.53,6.52,6.51,6.5,6.49,6.48,6.47,6.46,6.45,6.55,6.57,6.58,6.59,6.6,6.61,6.62,6.63,6.65,6.66,37100,9300,15300,55100,80200,3400,10800,10000,1500,4600,400,10400,9600,3600,12300,11500,11300,7000,21200,22400
317.0,6.54,396000,2601668.0,6.54,6.53,6.52,6.51,6.5,6.49,6.48,6.47,6.46,6.45,6.55,6.57,6.58,6.59,6.6,6.61,6.62,6.63,6.65,6.66,37100,9300,15300,55100,80200,3400,10800,10000,1500,4600,400,10400,9600,3600,12300,11500,11300,7000,21200,22400
318.0,6.54,396000,2601668.0,6.54,6.53,6.52,6.51,6.5,6.49,6.48,6.47,6.46,6.45,6.55,6.57,6.58,6.59,6.6,6.61,6.62,6.63,6.65,6.66,37100,9300,15300,55100,80200,3400,10800,10000,1500,4600,400,10400,9600,3600,12300,11500,11300,7000,21200,22400
319.0,6.54,396000,2601668.0,6.54,6.53,6.52,6.51,6.5,6.49,6.48,6.47,6.46,6.45,6.55,6.57,6.58,6.59,6.6,6.61,6.62,6.63,6.65,6.66,37100,9300,15300,55100,80200,3400,10800,10000,1500,4600,400,10400,9600,3600,12300,11500,11300,7000,21200,22400
320.0,6.54,396000,2601668.0,6.54,6.53,6.52,6.51,6.5,6.49,6.48,6.47,6.46,6.45,6.55,6.57,6.58,6.59,6.6,6.61,6.62,6.63,6.65,6.66,37100,9300,15300,55100,80200,3400,10800,10000,1500,4600,400,10400,9600,3600,12300,11500,11300,7000,21200,22400
321.0,6.54,396000,2601668.0,6.54,6.53,6.52,6.51,6.5,6.49,6.48,6.47,6.46,6.45,6.55,6.57,6.58,6.59,6.6,6.61,6.62,6.63,6.65,6.66,37100,9300,15300,55100,80200,3400,10800,10000,1500,5100,400,10400,9600,3600,12300,11500,11300,7000,21200,22400
322.0,6.54,396000,2601668.0,6.54,6.53,6.52,6.51,6.5,6.49,6.48,6.47,6.46,6.45,6.55,6.57,6.58,6.59,6.6,6.61,6.62,6.63,6.65,6.66,37100,9300,15300,55100,80200,3400,10800,10000,1500,5100,400,10400,9600,3600,12300,11500,11300,7000,21200,22400
323.0,6.54,396000,2601668.0,6.54,6.53,6.52,6.51,6.5,6.49,6.48,6.47,6.46,6.45,6.55,6.57,6.58,6.59,6.6,6.61,6.62,6.63,6.65,6.66,37100,9300,15300,55100,80200,3400,10800,10000,1500,5100,400,10400,9600,3600,12300,11500,11300,7000,21200,22400
324.0,6.54,396000,2601668.0,6.54,6.53,6.52,6.51,6.5,6.49,6.48,6.47,6.46,6.45,6.55,6.57,6.58,6.59,6.6,6.61,6.62,6.63,6.65,6.66,40400,9300,15300,55100,81800,3400,10800,10000,1500,5100,400,10400,9600,3600,12300,11500,11300,7000,21200,22400
325.0,6.54,398600,2618672.0,6.54,6.53,6.52,6.51,6.5,6.49,6.48,6.47,6.46,6.45,6.55,6.57,6.58,6.59,6.6,6.61,6.62,6.63,6.65,6.66,37800,9300,15300,55100,81800,3400,10800,10000,2100,5100,400,10400,9600,3600,12300,11500,11300,7000,21200,22400
326.0,6.54,398600,2618672.0,6.54,6.53,6.52,6.51,6.5,6.49,6.48,6.47,6.46,6.45,6.55,6.57,6.58,6.59,6.6,6.61,6.62,6.63,6.65,6.66,37800,9300,15300,55100,81800,3400,10800,10000,2100,5100,400,10400,9600,3600,12300,11500,11300,7000,21200,22400
327.0,6.54,398600,2618672.0,6.54,6.53,6.52,6.51,6.5,6.49,6.48,6.47,6.46,6.45,6.55,6.57,6.58,6.59,6.6,6.61,6.62,6.63,6.65,6.66,37800,9300,15300,55100,81800,3400,10800,10000,2100,5100,400,10400,9600,3600,12300,11500,11300,7000,21200,22400
328.0,6.54,398600,2618672.0,6.54,6.53,6.52,6.51,6.5,6.49,6.48,6.47,6.46,6.45,6.55,6.57,6.58,6.59,6.6,6.61,6.62,6.63,6.65,6.66,37800,9300,15300,55100,81800,3400,10800,10000,2100,5100,400,10400,9600,3600,12300,11500,11300,7000,21200,22400
329.0,6.54,398600,2618672.0,6.54,6.53,6.52,6.51,6.5,6.49,6.48,6.47,6.46,6.45,6.55,6.57,6.58,6.59,6.6,6.61,6.62,6.63,6.65,6.66,47800,9300,15300,55100,81800,3400,10800,10000,2100,5100,400,10400,9600,3600,12300,11500,11300,7000,21200,22400
330.0,6.54,398600,2618672.0,6.54,6.53,6.52,6.51,6.5,6.49,6.48,6.47,6.46,6.45,6.55,6.57,6.58,6.59,6.6,6.61,6.62,6.63,6.65,6.66,47800,9300,15300,55100,81800,3400,10800,10000,2100,5100,400,10400,9600,3600,12300,11500,11300,7000,21200,22400
331.0,6.54,398600,2618672.0,6.54,6.53,6.52,6.51,6.5,6.49,6.48,6.47,6.46,6.45,6.55,6.57,6.58,6.59,6.6,6.61,6.62,6.63,6.65,6.66,47800,9300,15300,55100,81800,3400,10800,10000,2100,5100,400,10400,9600,3600,12300,11500,11300,7000,21200,22400
332.0,6.54,398600,2618672.0,6.54,6.53,6.52,6.51,6.5,6.49,6.48,6.47,6.46,6.45,6.55,6.57,6.58,6.59,6.6,6.61,6.62,6.63,6.65,6.66,47800,9300,15300,55100,81800,3400,10800,10000,2100,5100,400,10400,9600,3600,12300,11500,11300,7000,21200,22400
333.0,6.54,409700,2691266.0,6.54,6.53,6.52,6.51,6.5,6.49,6.48,6.47,6.46,6.45,6.55,6.57,6.58,6.59,6.6,6.61,6.62,6.63,6.65,6.66,36700,9300,15300,55100,81800,3400,10800,10000,2100,5100,400,10400,9600,3600,12300,11500,11300,7000,21200,22400
334.0,6.54,410500,2696498.0,6.54,6.53,6.52,6.51,6.5,6.49,6.48,6.47,6.46,6.45,6.55,6.57,6.58,6.59,6.6,6.61,6.62,6.63,6.65,6.66,35900,9300,15300,55100,82800,3400,10800,10000,2100,5100,400,10400,9600,3600,12300,11500,11300,7000,21200,22400
335.0,6.54,410500,2696498.0,6.54,6.53,6.52,6.51,6.5,6.49,6.48,6.47,6.46,6.45,6.55,6.57,6.58,6.59,6.6,6.61,6.62,6.63,6.65,6.66,35900,9300,15300,55100,82800,3400,10800,10000,2100,5100,400,10400,9600,3600,12300,11500,11300,7000,21200,22400
336.0,6.54,414600,2723312.0,6.54,6.53,6.52,6.51,6.5,6.49,6.48,6.47,6.46,6.45,6.55,6.57,6.58,6.59,6.6,6.61,6.62,6.63,6.65,6.66,31800,9300,15300,55100,82800,3400,10800,10000,2100,5100,400,10400,9600,3600,12300,11500,11300,7000,21200,22400
337.0,6.55,415000,2725932.0,6.55,6.54,6.53,6.52,6.51,6.5,6.49,6.48,6.47,6.46,6.57,6.58,6.59,6.6,6.61,6.62,6.63,6.65,6.66,6.67,3600,31800,9300,15300,55100,82800,3400,10800,10000,2100,10400,9600,3600,12300,11500,11300,7000,21200,22400,56900
338.0,6.55,415000,2725932.0,6.55,6.54,6.53,6.52,6.51,6.5,6.49,6.48,6.47,6.46,6.57,6.58,6.59,6.6,6.61,6.62,6.63,6.65,6.66,6.67,3600,31800,9300,15300,55100,82800,3400,10800,10000,2100,10400,9600,3600,12300,11500,11300,7000,21200,22400,56900
339.0,6.55,415000,2725932.0,6.55,6.54,6.53,6.52,6.51,6.5,6.49,6.48,6.47,6.46,6.57,6.58,6.59,6.6,6.61,6.62,6.63,6.65,6.66,6.67,4100,31800,9300,15300,55100,82800,3400,10800,10000,2100,10900,9600,3600,12300,11500,11300,7000,21200,22400,56900
340.0,6.55,415000,2725932.0,6.55,6.54,6.53,6.52,6.51,6.5,6.49,6.48,6.47,6.46,6.57,6.58,6.59,6.6,6.61,6.62,6.63,6.65,6.66,6.67,4400,31800,9300,15300,55100,82800,3400,10800,10000,2100,11200,9600,3600,12300,11500,11300,7000,21200,22400,56900
341.0,6.57,416400,2735130.0,6.55,6.54,6.53,6.52,6.51,6.5,6.49,6.48,6.47,6.46,6.57,6.58,6.59,6.6,6.61,6.62,6.63,6.65,6.66,6.67,4900,31800,9300,16300,55100,82800,3400,10800,10000,2100,10300,9600,3600,12300,11500,11300,7000,21200,22400,56900
342.0,6.57,417400,2741700.0,6.55,6.54,6.53,6.52,6.51,6.5,6.49,6.48,6.47,6.46,6.57,6.58,6.59,6.6,6.61,6.62,6.63,6.65,6.66,6.67,5300,31800,9300,16300,55100,82800,3400,10800,10000,2100,9700,9600,3600,12300,11500,11300,7000,21200,22400,56900
343.0,6.57,419300,2754183.0,6.55,6.54,6.53,6.52,6.51,6.5,6.49,6.48,6.47,6.46,6.57,6.58,6.59,6.6,6.61,6.62,6.63,6.65,6.66,6.67,8900,31800,9300,16300,55100,82800,3400,10800,10000,2100,8300,9600,3600,12300,11500,11300,7000,21200,22400,56900
344.0,6.55,421100,2765989.0,6.55,6.54,6.53,6.52,6.51,6.5,6.49,6.48,6.47,6.46,6.57,6.58,6.59,6.6,6.61,6.62,6.63,6.65,6.66,6.67,7900,31800,9300,16300,55100,82800,3400,10800,10000,2100,7500,9600,3600,12300,11500,11300,7000,21200,22400,56900
345.0,6.55,421100,2765989.0,6.55,6.54,6.53,6.52,6.51,6.5,6.49,6.48,6.47,6.46,6.57,6.58,6.59,6.6,6.61,6.62,6.63,6.65,6.66,6.67,8800,33800,9300,16300,55100,82800,3400,10800,10000,2100,8400,9600,3600,12300,11500,11300,7000,21200,22400,84500
346.0,6.55,421100,2765989.0,6.55,6.54,6.53,6.52,6.51,6.5,6.49,6.48,6.47,6.46,6.57,6.58,6.59,6.6,6.61,6.62,6.63,6.65,6.66,6.67,8800,33800,9300,16300,55100,82800,3400,10800,10000,2100,8400,9600,3600,12300,11500,11300,7000,21200,22400,84500
347.0,6.55,421100,2765989.0,6.55,6.54,6.53,6.52,6.51,6.5,6.49,6.48,6.47,6.46,6.57,6.58,6.59,6.6,6.61,6.62,6.63,6.65,6.66,6.67,9800,34300,9300,16300,55100,82800,3400,10800,10000,2100,9200,9600,3600,12300,11500,11300,7000,21200,22400,84500
348.0,6.57,422000,2771902.0,6.55,6.54,6.53,6.52,6.51,6.5,6.49,6.48,6.47,6.46,6.57,6.58,6.59,6.6,6.61,6.62,6.63,6.65,6.66,6.67,9800,34300,9300,16300,55100,82800,3400,10800,10000,2100,8300,9600,3600,12300,11500,11300,7000,21200,22400,84500
349.0,6.57,422000,2771902.0,6.55,6.54,6.53,6.52,6.51,6.5,6.49,6.48,6.47,6.46,6.57,6.58,6.59,6.6,6.61,6.62,6.63,6.65,6.66,6.67,9800,34300,9300,16300,55100,82800,3400,10800,10000,2100,8300,9600,3600,12300,11500,11300,7000,21200,22400,84500
350.0,6.56,424700,2789622.0,6.56,6.55,6.54,6.53,6.52,6.51,6.5,6.49,6.48,6.47,6.57,6.58,6.59,6.6,6.61,6.62,6.63,6.65,6.66,6.67,400,15000,34300,9300,16300,52000,82800,3400,10800,10000,8300,9600,3600,12300,11500,11300,7000,21200,22400,84500
351.0,6.57,425500,2794878.0,6.56,6.55,6.54,6.53,6.52,6.51,6.5,6.49,6.48,6.47,6.57,6.58,6.59,6.6,6.61,6.62,6.63,6.65,6.66,6.67,400,15000,34300,9300,16300,52000,85000,3400,10800,10000,7500,9600,3600,12300,11500,11300,7000,21200,22400,84500
352.0,6.56,425800,2796846.0,6.56,6.55,6.54,6.53,6.52,6.51,6.5,6.49,6.48,6.47,6.57,6.58,6.59,6.6,6.61,6.62,6.63,6.65,6.66,6.67,100,15500,34300,9300,16300,52000,85000,3400,10800,10000,7500,9600,3600,12300,11500,11300,7000,21200,22400,84500
353.0,6.55,428400,2813877.0,6.55,6.54,6.53,6.52,6.51,6.5,6.49,6.48,6.47,6.46,6.57,6.58,6.59,6.6,6.61,6.62,6.63,6.65,6.66,6.67,15900,34400,9300,16300,52000,85000,3400,10800,10000,2100,7500,9600,3600,12300,11500,11300,7000,21200,22400,84500
354.0,6.55,431500,2834216.0,6.55,6.54,6.53,6.52,6.51,6.5,6.49,6.48,6.47,6.46,6.56,6.57,6.58,6.59,6.6,6.61,6.62,6.63,6.65,6.66,17300,34400,9300,16300,52000,85000,3400,10800,10000,2100,4400,6400,9600,3600,12300,11500,11300,7000,21200,22400
355.0,6.55,432500,2840770.0,6.55,6.54,6.53,6.52,6.51,6.5,6.49,6.48,6.47,6.46,6.56,6.57,6.58,6.59,6.6,6.61,6.62,6.63,6.65,6.66,17300,34400,9300,16300,52000,85000,3400,10800,10000,2100,4800,6400,9600,3600,12300,11500,11300,7000,21200,22400
356.0,6.55,442700,2907580.0,6.55,6.54,6.53,6.52,6.51,6.5,6.49,6.48,6.47,6.46,6.56,6.57,6.58,6.59,6.6,6.61,6.62,6.63,6.65,6.66,7100,34400,9300,16300,67000,85000,3400,10800,10000,2100,4800,6400,9600,3600,12300,11500,11300,7000,21200,22400
357.0,6.56,443100,2910204.0,6.55,6.54,6.53,6.52,6.51,6.5,6.49,6.48,6.47,6.46,6.56,6.57,6.58,6.59,6.6,6.61,6.62,6.63,6.65,6.66,7100,34400,9300,16300,67000,85000,3400,10800,10000,2100,4400,6400,9600,3600,12300,11500,11300,7000,21200,22400
358.0,6.56,443500,2912828.0,6.55,6.54,6.53,6.52,6.51,6.5,6.49,6.48,6.47,6.46,6.56,6.57,6.58,6.59,6.6,6.61,6.62,6.63,6.65,6.66,7100,34400,9300,16300,67000,85000,3400,10800,10000,2100,4000,6400,9600,3600,12300,11500,11300,7000,21200,22400
359.0,6.56,443500,2912828.0,6.55,6.54,6.53,6.52,6.51,6.5,6.49,6.48,6.47,6.46,6.56,6.57,6.58,6.59,6.6,6.61,6.62,6.63,6.65,6.66,7100,34400,9300,16300,67000,85000,3400,10800,10000,2100,4000,6400,9600,3600,12300,11500,11300,7000,21200,22400
360.0,6.56,443500,2912828.0,6.55,6.54,6.53,6.52,6.51,6.5,6.49,6.48,6.47,6.46,6.56,6.57,6.58,6.59,6.6,6.61,6.62,6.63,6.65,6.66,7100,37400,9300,16300,67000,85000,3400,10800,10000,2100,4000,6400,9600,3600,12300,11500,11300,7000,21200,22400
361.0,6.56,444100,2916764.0,6.55,6.54,6.53,6.52,6.51,6.5,6.49,6.48,6.47,6.46,6.56,6.57,6.58,6.59,6.6,6.61,6.62,6.63,6.65,6.66,7100,39400,9300,16300,67000,85000,3400,10800,10000,2100,3400,6400,9600,3600,12300,11500,11300,7000,21200,22400
362.0,6.56,444100,2916764.0,6.55,6.54,6.53,6.52,6.51,6.5,6.49,6.48,6.47,6.46,6.56,6.57,6.58,6.59,6.6,6.61,6.62,6.63,6.65,6.66,7200,39400,9300,16300,67000,85000,3400,10800,10000,2100,3400,6400,9600,3600,12300,11500,11300,7000,21200,22400
363.0,6.56,444100,2916764.0,6.55,6.54,6.53,6.52,6.51,6.5,6.49,6.48,6.47,6.46,6.56,6.57,6.58,6.59,6.6,6.61,6.62,6.63,6.65,6.66,7200,39400,9300,16300,67000,85000,3400,10800,10000,2100,3400,6400,9600,3600,12300,11500,11300,7000,21200,22400
364.0,6.55,448100,2942964.0,6.55,6.54,6.53,6.52,6.51,6.5,6.49,6.48,6.47,6.46,6.56,6.57,6.58,6.59,6.6,6.61,6.62,6.63,6.65,6.66,3200,39400,9300,16300,67000,85000,3400,10800,10000,2100,3400,6400,9600,3600,12300,11500,11300,7000,21200,22400
365.0,6.56,448700,2946900.0,6.55,6.54,6.53,6.52,6.51,6.5,6.49,6.48,6.47,6.46,6.56,6.57,6.58,6.59,6.6,6.61,6.62,6.63,6.65,6.66,3200,39400,9300,16300,67000,85000,3400,10800,10000,2100,2800,6400,9600,3600,12300,11500,11300,7000,21200,22400
366.0,6.56,449200,2950180.0,6.55,6.54,6.53,6.52,6.51,6.5,6.49,6.48,6.47,6.46,6.56,6.57,6.58,6.59,6.6,6.61,6.62,6.63,6.65,6.66,3200,39400,9300,16300,67000,85000,3400,10800,10000,2100,2300,6400,9600,3600,12300,11500,11300,7000,21200,22400
367.0,6.56,449200,2950180.0,6.55,6.54,6.53,6.52,6.51,6.5,6.49,6.48,6.47,6.46,6.56,6.57,6.58,6.59,6.6,6.61,6.62,6.63,6.65,6.66,3200,39400,10500,16300,67000,85000,3400,10800,10000,2100,2300,6400,9600,3600,12300,11500,11300,7000,21200,22400
368.0,6.56,449400,2951492.0,6.55,6.54,6.53,6.52,6.51,6.5,6.49,6.48,6.47,6.46,6.56,6.57,6.58,6.59,6.6,6.61,6.62,6.63,6.65,6.66,3900,39400,10500,16300,67000,85000,3400,10800,10000,2100,2100,6400,9600,3600,12300,11500,11300,7000,21200,22400
369.0,6.56,449400,2951492.0,6.55,6.54,6.53,6.52,6.51,6.5,6.49,6.48,6.47,6.46,6.56,6.57,6.58,6.59,6.6,6.61,6.62,6.63,6.65,6.66,3900,39600,10500,16300,67000,85000,3400,10800,10000,2100,2100,6400,9600,3600,12300,11500,11300,7000,21200,22400
370.0,6.55,449800,2954112.0,6.55,6.54,6.53,6.52,6.51,6.5,6.49,6.48,6.47,6.46,6.56,6.57,6.58,6.59,6.6,6.61,6.62,6.63,6.65,6.66,3500,39600,10500,16300,67000,85000,3400,10800,10000,2100,2100,6400,9600,3600,12300,11500,11300,7000,21200,22400
371.0,6.55,450200,2956734.0,6.55,6.54,6.53,6.52,6.51,6.5,6.49,6.48,6.47,6.46,6.56,6.57,6.58,6.59,6.6,6.61,6.62,6.63,6.65,6.66,3300,39600,10500,16300,67000,85000,3400,10800,10000,2100,1900,6400,9600,3600,12300,11500,11300,7000,21200,22400
372.0,6.56,450300,2957390.0,6.55,6.54,6.53,6.52,6.51,6.5,6.49,6.48,6.47,6.46,6.56,6.57,6.58,6.59,6.6,6.61,6.62,6.63,6.65,6.66,3300,39600,10500,16300,67000,85000,3400,10800,10000,2100,1800,6400,9600,3600,12300,11500,11300,7000,21200,22400
373.0,6.56,450300,2957390.0,6.55,6.54,6.53,6.52,6.51,6.5,6.49,6.48,6.47,6.46,6.56,6.57,6.58,6.59,6.6,6.61,6.62,6.63,6.65,6.66,3300,39600,10500,16300,67000,85000,3400,10800,10000,2100,1800,6400,9600,7800,12300,11500,11300,7000,21200,22400
374.0,6.56,450300,2957390.0,6.55,6.54,6.53,6.52,6.51,6.5,6.49,6.48,6.47,6.46,6.56,6.57,6.58,6.59,6.6,6.61,6.62,6.63,6.65,6.66,3300,39600,10500,16300,67000,85000,3400,10800,10000,2100,1800,6400,9600,7800,12300,11500,11300,7000,21200,22400
375.0,6.54,486900,3196793.0,6.54,6.53,6.52,6.51,6.5,6.49,6.48,6.47,6.46,6.45,6.56,6.57,6.58,6.59,6.6,6.61,6.62,6.63,6.65,6.66,6600,10500,16300,67000,85000,3400,10800,10000,2100,5100,1500,6400,9600,7800,12300,11500,11300,7000,21200,22400
376.0,6.53,494200,3244533.0,6.53,6.52,6.51,6.5,6.49,6.48,6.47,6.46,6.45,6.43,6.54,6.56,6.57,6.58,6.59,6.6,6.61,6.62,6.63,6.65,10300,16300,67000,85000,3400,10800,10000,2100,5100,7500,10000,1500,6400,9600,7800,12300,11500,11300,7000,21200
377.0,6.54,504200,3309933.0,6.53,6.52,6.51,6.5,6.49,6.48,6.47,6.46,6.45,6.43,6.54,6.56,6.57,6.58,6.59,6.6,6.61,6.62,6.63,6.65,9100,16300,67000,85000,3400,10800,10000,2100,5100,7500,100,1500,6400,9600,7800,12300,11500,11300,7000,21200
378.0,6.54,504200,3309933.0,6.53,6.52,6.51,6.5,6.49,6.48,6.47,6.46,6.45,6.43,6.54,6.56,6.57,6.58,6.59,6.6,6.61,6.62,6.63,6.65,9100,16300,67000,85000,3400,10800,10000,2100,5100,7500,100,1500,6400,9600,7800,12300,11500,11300,7000,21200
379.0,6.54,504200,3309933.0,6.53,6.52,6.51,6.5,6.49,6.48,6.47,6.46,6.45,6.43,6.54,6.56,6.57,6.58,6.59,6.6,6.61,6.62,6.63,6.65,9100,16300,67000,85000,3400,10800,10000,2100,5100,7500,100,1500,6400,9600,7800,12300,11500,11300,7000,21200
380.0,6.54,504200,3309933.0,6.53,6.52,6.51,6.5,6.49,6.48,6.47,6.46,6.45,6.43,6.54,6.56,6.57,6.58,6.59,6.6,6.61,6.62,6.63,6.65,9100,16300,67000,85000,3400,10800,10000,2100,5100,7500,100,1500,6400,9600,7800,12300,11500,11300,7000,21200
381.0,6.54,504300,3310587.0,6.54,6.53,6.52,6.51,6.5,6.49,6.48,6.47,6.46,6.45,6.56,6.57,6.58,6.59,6.6,6.61,6.62,6.63,6.65,6.66,1100,9100,16300,67000,85000,3400,10800,10000,2100,5100,1500,6400,9600,7800,12300,21500,11300,7000,21200,22400
382.0,6.54,504300,3310587.0,6.54,6.53,6.52,6.51,6.5,6.49,6.48,6.47,6.46,6.45,6.56,6.57,6.58,6.59,6.6,6.61,6.62,6.63,6.65,6.66,1600,9100,16300,67000,85000,3400,10800,10000,2100,5100,2000,6400,9600,7800,12300,21500,11300,7000,21200,22400
383.0,6.54,504300,3310587.0,6.54,6.53,6.52,6.51,6.5,6.49,6.48,6.47,6.46,6.45,6.56,6.57,6.58,6.59,6.6,6.61,6.62,6.63,6.65,6.66,1600,9100,16300,67000,85000,3400,10800,10000,2100,5100,2000,6400,9600,7800,12300,21500,11300,7000,21200,22400
384.0,6.54,504300,3310587.0,6.54,6.53,6.52,6.51,6.5,6.49,6.48,6.47,6.46,6.45,6.56,6.57,6.58,6.59,6.6,6.61,6.62,6.63,6.65,6.66,3400,9100,16300,67000,85000,3400,10800,10000,2100,5100,3800,6400,9600,7800,12300,21500,11300,7000,21200,22400
385.0,6.54,504300,3310587.0,6.54,6.53,6.52,6.51,6.5,6.49,6.48,6.47,6.46,6.45,6.56,6.57,6.58,6.59,6.6,6.61,6.62,6.63,6.65,6.66,3500,9100,16300,67000,85000,3400,10900,10000,2100,5100,3800,6400,9600,7800,12300,21500,11300,7000,21200,22400
386.0,6.54,504300,3310587.0,6.54,6.53,6.52,6.51,6.5,6.49,6.48,6.47,6.46,6.45,6.56,6.57,6.58,6.59,6.6,6.61,6.62,6.63,6.65,6.66,4800,9100,16300,67000,85000,3400,10900,10000,2100,5100,5100,6400,9600,7800,12300,21500,11300,7000,21200,22400
387.0,6.56,504800,3313867.0,6.54,6.53,6.52,6.51,6.5,6.49,6.48,6.47,6.46,6.45,6.56,6.57,6.58,6.59,6.6,6.61,6.62,6.63,6.65,6.66,5300,9100,16300,67000,85000,3400,10900,10000,2100,5100,5100,6400,9600,7800,12300,21500,11300,7000,21200,22400
388.0,6.56,505300,3317147.0,6.54,6.53,6.52,6.51,6.5,6.49,6.48,6.47,6.46,6.45,6.56,6.57,6.58,6.59,6.6,6.61,6.62,6.63,6.65,6.66,5300,9100,16300,67000,84800,3400,10900,10000,2100,5100,4600,6400,9600,7800,12300,21500,11300,7000,21200,22400
389.0,6.56,506200,3323051.0,6.54,6.53,6.52,6.51,6.5,6.49,6.48,6.47,6.46,6.45,6.56,6.57,6.58,6.59,6.6,6.61,6.62,6.63,6.65,6.66,5300,9100,16300,68000,84800,3400,10900,10000,2100,5100,3700,6400,9600,7800,12300,21500,11300,7000,21200,22400
390.0,6.56,506200,3323051.0,6.54,6.53,6.52,6.51,6.5,6.49,6.48,6.47,6.46,6.45,6.56,6.57,6.58,6.59,6.6,6.61,6.62,6.63,6.65,6.66,5800,9100,16300,68000,84800,3400,10900,10000,2100,5100,4200,6400,9600,7800,12300,21500,11300,7000,21200,22400
391.0,6.56,506600,3325675.0,6.54,6.53,6.52,6.51,6.5,6.49,6.48,6.47,6.46,6.45,6.56,6.57,6.58,6.59,6.6,6.61,6.62,6.63,6.65,6.66,5800,9100,16300,68000,84800,3400,10900,10000,2100,5100,3800,6400,9600,7800,12300,21500,11300,7000,21200,22400
392.0,6.54,507400,3330907.0,6.55,6.54,6.53,6.52,6.51,6.5,6.49,6.48,6.47,6.46,6.56,6.57,6.58,6.59,6.6,6.61,6.62,6.63,6.65,6.66,600,5000,9100,16300,69000,84800,3400,10900,10000,2100,3800,6400,9600,7800,12300,21500,11300,7000,21200,22400
393.0,6.53,518700,3404781.0,6.53,6.52,6.51,6.5,6.49,6.48,6.47,6.46,6.45,6.44,6.56,6.57,6.58,6.59,6.6,6.61,6.62,6.63,6.65,6.66,5700,16300,69000,84800,3400,10900,10000,2100,5100,1400,3800,6400,9600,7800,12300,21500,11300,7000,21200,22400
394.0,6.56,519000,3406749.0,6.53,6.52,6.51,6.5,6.49,6.48,6.47,6.46,6.45,6.44,6.56,6.57,6.58,6.59,6.6,6.61,6.62,6.63,6.65,6.66,5700,16300,69000,84800,3400,10900,10000,2100,5100,1400,3500,6400,9600,7800,12300,21500,11300,7000,21200,22400
395.0,6.54,520300,3415257.0,6.53,6.52,6.51,6.5,6.49,6.48,6.47,6.46,6.45,6.44,6.56,6.57,6.58,6.59,6.6,6.61,6.62,6.63,6.65,6.66,7800,46300,69000,84800,3400,10900,10000,2100,5100,1400,5300,6400,9600,7800,12300,21500,11300,7000,21200,22400
396.0,6.56,521000,3419849.0,6.55,6.53,6.52,6.51,6.5,6.49,6.48,6.47,6.46,6.45,6.56,6.57,6.58,6.59,6.6,6.61,6.62,6.63,6.65,6.66,4100,7800,46300,69000,84800,3400,10900,10000,2100,5100,4600,6400,9600,7800,12300,21500,11300,7000,21200,22400
397.0,6.56,521000,3419849.0,6.55,6.53,6.52,6.51,6.5,6.49,6.48,6.47,6.46,6.45,6.56,6.57,6.58,6.59,6.6,6.61,6.62,6.63,6.65,6.66,4100,7900,46300,69000,84800,3400,10900,10000,2100,5100,4600,6400,9600,7800,12300,21500,11300,7000,21200,22400
398.0,6.55,523000,3432953.0,6.55,6.53,6.52,6.51,6.5,6.49,6.48,6.47,6.46,6.45,6.56,6.57,6.58,6.59,6.6,6.61,6.62,6.63,6.65,6.66,2700,8100,46300,69000,84800,3400,10900,10000,2100,5100,4200,6400,9600,7800,12300,21500,11300,7000,21200,22400
399.0,6.55,523000,3432953.0,6.55,6.53,6.52,6.51,6.5,6.49,6.48,6.47,6.46,6.45,6.56,6.57,6.58,6.59,6.6,6.61,6.62,6.63,6.65,6.66,2700,8100,46300,69000,84800,3400,10900,10000,2100,5100,4200,6400,9600,7800,12300,21500,11300,7000,21200,22400
400.0,6.55,523000,3432953.0,6.55,6.53,6.52,6.51,6.5,6.49,6.48,6.47,6.46,6.45,6.56,6.57,6.58,6.59,6.6,6.61,6.62,6.63,6.65,6.66,2700,8100,46300,69000,84800,3400,10900,10000,2100,5100,4200,6400,9600,7800,12300,21500,11300,7000,21200,22400
401.0,6.55,525000,3446065.0,6.55,6.54,6.53,6.52,6.51,6.5,6.49,6.48,6.47,6.46,6.56,6.57,6.58,6.59,6.6,6.61,6.62,6.63,6.65,6.66,1900,300,8100,46800,69000,84800,3400,10900,10000,2100,3000,6400,9600,7800,12300,21500,11300,7000,21200,22400
402.0,6.56,525300,3448033.0,6.55,6.54,6.53,6.52,6.51,6.5,6.49,6.48,6.47,6.46,6.56,6.57,6.58,6.59,6.6,6.61,6.62,6.63,6.65,6.66,1900,300,9100,46800,69000,84800,3400,10900,10000,2100,2700,6400,9600,7800,12300,21500,11300,7000,21200,22400
403.0,6.56,526400,3455249.0,6.55,6.54,6.53,6.52,6.51,6.5,6.49,6.48,6.47,6.46,6.56,6.57,6.58,6.59,6.6,6.61,6.62,6.63,6.65,6.66,1900,300,9100,46800,69000,84800,3400,10900,10000,2100,1600,6400,9600,7800,12300,21500,11300,7000,21200,22400
404.0,6.56,526400,3455249.0,6.55,6.54,6.53,6.52,6.51,6.5,6.49,6.48,6.47,6.46,6.56,6.57,6.58,6.59,6.6,6.61,6.62,6.63,6.65,6.66,1900,300,9100,46800,69000,84800,3400,10900,10000,2100,1600,6400,9600,7800,12300,21500,11300,7000,21200,22400
405.0,6.55,526700,3457215.0,6.55,6.54,6.53,6.52,6.51,6.5,6.49,6.48,6.47,6.46,6.56,6.57,6.58,6.59,6.6,6.61,6.62,6.63,6.65,6.66,1700,300,9100,46800,69000,84800,3400,10900,10000,2100,1500,6400,9600,7800,12300,21500,11300,7000,21200,22400
406.0,6.55,526700,3457215.0,6.55,6.54,6.53,6.52,6.51,6.5,6.49,6.48,6.47,6.46,6.56,6.57,6.58,6.59,6.6,6.61,6.62,6.63,6.65,6.66,1700,300,9100,46800,69000,84800,3400,10900,11000,2100,1500,6400,9600,7800,12300,21500,11300,7000,21200,22400
407.0,6.55,526700,3457215.0,6.55,6.54,6.53,6.52,6.51,6.5,6.49,6.48,6.47,6.46,6.56,6.57,6.58,6.59,6.6,6.61,6.62,6.63,6.65,6.66,1700,300,9100,46800,69000,84800,3400,10900,11000,2100,1500,6400,9600,7800,12300,21500,11300,7000,21200,22400
408.0,6.55,528500,3469006.0,6.54,6.53,6.52,6.51,6.5,6.49,6.48,6.47,6.46,6.45,6.55,6.56,6.57,6.58,6.59,6.6,6.61,6.62,6.63,6.65,700,9100,46800,69000,84800,3400,10900,11000,2100,5100,300,1400,6400,9600,7800,12300,21500,11300,7000,21200
409.0,6.55,528500,3469006.0,6.54,6.53,6.52,6.51,6.5,6.49,6.48,6.47,6.46,6.45,6.55,6.56,6.57,6.58,6.59,6.6,6.61,6.62,6.63,6.65,700,9100,46800,69000,84800,3400,10900,11000,2100,5100,300,1400,6400,9600,7800,12300,21500,11300,7000,21200
410.0,6.55,528500,3469006.0,6.54,6.53,6.52,6.51,6.5,6.49,6.48,6.47,6.46,6.45,6.55,6.56,6.57,6.58,6.59,6.6,6.61,6.62,6.63,6.65,700,10600,46800,69000,84800,3400,10900,11000,2100,5100,300,1400,6400,9600,7800,12300,21500,11300,7000,21200
411.0,6.55,528500,3469006.0,6.54,6.53,6.52,6.51,6.5,6.49,6.48,6.47,6.46,6.45,6.55,6.56,6.57,6.58,6.59,6.6,6.61,6.62,6.63,6.65,700,11600,46800,69000,84800,3400,10900,11000,2100,5100,300,1400,6400,9600,7800,12300,21500,11300,7000,21200
412.0,6.55,528500,3469006.0,6.54,6.53,6.52,6.51,6.5,6.49,6.48,6.47,6.46,6.45,6.55,6.56,6.57,6.58,6.59,6.6,6.61,6.62,6.63,6.65,700,11600,46800,69000,84800,3400,10900,11000,2100,5100,300,1400,6400,9600,7800,12300,21500,11300,7000,21200
413.0,6.55,528500,3469006.0,6.54,6.53,6.52,6.51,6.5,6.49,6.48,6.47,6.46,6.45,6.55,6.56,6.57,6.58,6.59,6.6,6.61,6.62,6.63,6.65,700,11700,50000,69000,84800,3400,10900,11000,2100,5100,300,1400,6400,9600,7800,12300,21500,11300,7000,21200
414.0,6.53,543500,3566963.0,6.54,6.53,6.52,6.51,6.5,6.49,6.48,6.47,6.46,6.45,6.55,6.56,6.57,6.58,6.59,6.6,6.61,6.62,6.63,6.65,1300,7200,50000,70000,84800,3400,10900,11000,2100,5100,300,1400,6400,9600,7800,12300,21500,11300,7000,21200
415.0,6.53,543500,3566963.0,6.54,6.53,6.52,6.51,6.5,6.49,6.48,6.47,6.46,6.45,6.55,6.56,6.57,6.58,6.59,6.6,6.61,6.62,6.63,6.65,2400,11100,50000,70000,84800,3400,10900,11000,2100,5100,300,1400,6400,9600,7800,12300,21500,11300,7000,21200
416.0,6.55,543800,3568928.0,6.55,6.54,6.53,6.52,6.51,6.5,6.49,6.48,6.47,6.46,6.56,6.57,6.58,6.59,6.6,6.61,6.62,6.63,6.65,6.66,100,2400,11100,50000,70000,84800,3400,10900,11000,2100,1400,6400,9600,7800,12300,21500,11300,7000,21200,22400
417.0,6.56,543900,3569584.0,6.55,6.54,6.53,6.52,6.51,6.5,6.49,6.48,6.47,6.46,6.56,6.57,6.58,6.59,6.6,6.61,6.62,6.63,6.65,6.66,100,2400,11100,50000,70000,85500,3400,10900,11000,2100,1300,6400,9600,7800,12300,21500,11300,7000,21200,22400
418.0,6.54,545300,3578747.0,6.54,6.53,6.52,6.51,6.5,6.49,6.48,6.47,6.46,6.45,6.56,6.57,6.58,6.59,6.6,6.61,6.62,6.63,6.65,6.66,1400,14100,50000,70000,85500,3400,10900,11000,2100,5100,1000,6400,9600,7800,12300,21500,11300,7000,21200,22400
419.0,6.54,545300,3578747.0,6.54,6.53,6.52,6.51,6.5,6.49,6.48,6.47,6.46,6.45,6.56,6.57,6.58,6.59,6.6,6.61,6.62,6.63,6.65,6.66,2000,14100,50000,70000,85500,3400,10900,11000,2100,5100,1600,6400,9600,7800,12300,21500,11300,7000,21200,22400
420.0,6.54,545300,3578747.0,6.54,6.53,6.52,6.51,6.5,6.49,6.48,6.47,6.46,6.45,6.56,6.57,6.58,6.59,6.6,6.61,6.62,6.63,6.65,6.66,2000,14100,50000,70000,85500,3400,10900,11000,2100,5100,1600,6400,9600,7800,12300,21500,11300,7000,21200,22400
421.0,6.56,545400,3579403.0,6.54,6.53,6.52,6.51,6.5,6.49,6.48,6.47,6.46,6.45,6.56,6.57,6.58,6.59,6.6,6.61,6.62,6.63,6.65,6.66,2600,14300,50000,70000,85500,3400,10900,11000,2100,5100,2100,6400,9600,7800,12300,21500,11300,7000,21200,22400
