LocalTime,LastPrice,TradeVolume,TradeValue,BidPrice1,BidPrice2,BidPrice3,BidPrice4,BidPrice5,BidPrice6,BidPrice7,BidPrice8,BidPrice9,BidPriceA,AskPrice1,AskPrice2,AskPrice3,AskPrice4,AskPrice5,AskPrice6,AskPrice7,AskPrice8,AskPrice9,AskPriceA,BidVolume1,BidVolume2,BidVolume3,BidVolume4,BidVolume5,BidVolume6,BidVolume7,BidVolume8,BidVolume9,BidVolumeA,AskVolume1,AskVolume2,AskVolume3,AskVolume4,AskVolume5,AskVolume6,AskVolume7,AskVolume8,AskVolume9,AskVolumeA
0.0,9.13,5800,52954.0,9.25,9.24,9.22,9.21,9.2,9.18,9.17,9.16,9.15,9.14,9.26,9.27,9.28,9.3,9.31,9.32,9.33,9.34,9.35,9.36,1500,4200,1500,4900,5200,3500,500,8300,7000,2000,7200,3200,28000,13900,4300,1300,400,3100,3500,4500
1.0,9.25,12400,114051.0,9.25,9.24,9.22,9.21,9.2,9.18,9.17,9.16,9.15,9.14,9.26,9.27,9.28,9.3,9.31,9.32,9.33,9.34,9.35,9.36,2400,4200,1500,4900,7900,3500,500,8300,7000,2000,12500,3200,28000,13900,4300,1300,400,3100,3500,4500
2.0,9.25,12700,116826.0,9.25,9.24,9.22,9.21,9.2,9.18,9.17,9.16,9.15,9.14,9.26,9.27,9.28,9.3,9.31,9.32,9.33,9.34,9.35,9.36,10800,4200,1500,4900,18400,3500,500,8300,7000,2500,12500,3200,28000,13900,4300,1300,600,6100,5000,4500
3.0,9.25,13000,119601.0,9.25,9.24,9.22,9.21,9.2,9.18,9.17,9.16,9.15,9.14,9.26,9.27,9.28,9.3,9.31,9.32,9.33,9.34,9.35,9.36,10500,4200,4300,4900,18400,5000,500,8300,7000,2500,12500,3200,28000,13900,4300,1300,7100,6100,5000,8100
4.0,9.25,13000,119601.0,9.25,9.24,9.22,9.21,9.2,9.18,9.17,9.16,9.15,9.14,9.26,9.27,9.28,9.3,9.31,9.32,9.33,9.34,9.35,9.36,10500,4200,5500,4900,18900,5000,500,8300,7000,2500,12500,3200,28000,13900,12000,1300,7100,6100,5000,8100
5.0,9.25,16000,147351.0,9.25,9.24,9.22,9.21,9.2,9.18,9.17,9.16,9.15,9.14,9.26,9.27,9.28,9.29,9.3,9.31,9.32,9.33,9.34,9.35,7500,4200,5500,4900,18900,5000,500,9300,7000,2500,12500,3200,29000,1000,18900,22500,8600,7100,6100,6300
6.0,9.25,16400,151051.0,9.25,9.24,9.22,9.21,9.2,9.18,9.17,9.16,9.15,9.14,9.26,9.27,9.28,9.29,9.3,9.31,9.32,9.33,9.34,9.35,7100,5200,5500,4900,18900,5000,500,9300,7000,2500,12500,3200,29000,6100,19900,22500,8600,7100,6100,6300
7.0,9.24,25500,235206.0,9.24,9.22,9.21,9.2,9.18,9.17,9.16,9.15,9.14,9.13,9.26,9.27,9.28,9.29,9.3,9.31,9.32,9.33,9.34,9.35,3200,5500,4900,18900,5000,500,9300,7000,2500,4200,12500,3200,29200,6100,19900,29400,12000,7100,6100,6300
8.0,9.25,29200,269457.0,9.24,9.22,9.21,9.2,9.18,9.17,9.16,9.15,9.14,9.13,9.25,9.26,9.27,9.28,9.29,9.3,9.31,9.32,9.33,9.34,3200,5500,4900,18900,5000,500,9300,7000,2500,4200,4400,11900,8100,29200,6100,20400,29400,12000,7100,6100
9.0,9.25,29500,272232.0,9.24,9.22,9.21,9.2,9.18,9.17,9.16,9.15,9.14,9.13,9.25,9.26,9.27,9.28,9.29,9.3,9.31,9.32,9.33,9.34,3200,5500,4900,20200,5000,500,9300,7200,2500,4200,5100,11900,12400,29500,6100,20900,29400,12000,7100,6100
10.0,9.25,29900,275932.0,9.24,9.22,9.21,9.2,9.18,9.17,9.16,9.15,9.14,9.13,9.25,9.26,9.27,9.28,9.29,9.3,9.31,9.32,9.33,9.34,3200,5500,4900,20200,5000,500,9300,8200,2500,4200,4900,11900,12400,29500,6100,20900,29400,12000,7100,6100
11.0,9.24,33100,305500.0,9.22,9.21,9.2,9.18,9.17,9.16,9.15,9.14,9.13,9.12,9.24,9.25,9.26,9.27,9.28,9.29,9.3,9.31,9.32,9.33,5500,10800,20200,5000,500,9300,8200,2500,4200,3300,2600,8700,11900,12400,29500,6100,21100,29400,12000,7100
12.0,9.24,33100,305500.0,9.22,9.21,9.2,9.18,9.17,9.16,9.15,9.14,9.13,9.12,9.24,9.25,9.26,9.27,9.28,9.29,9.3,9.31,9.32,9.33,5500,10800,20200,5000,500,10400,8200,2500,4200,3300,12400,8700,11900,12400,29500,6100,21100,29400,21200,7100
13.0,9.24,37000,341516.0,9.22,9.21,9.2,9.18,9.17,9.16,9.15,9.14,9.13,9.12,9.23,9.24,9.25,9.26,9.27,9.28,9.29,9.3,9.31,9.32,4600,10800,20200,5000,500,10400,8200,2500,4200,3300,500,8700,8500,11900,12400,29500,6100,21100,29400,21200
14.0,9.22,38100,351658.0,9.22,9.21,9.2,9.18,9.17,9.16,9.15,9.14,9.13,9.12,9.23,9.24,9.25,9.26,9.27,9.28,9.29,9.3,9.31,9.32,3500,10800,20200,5000,500,10400,8200,2500,4200,3300,500,3000,8500,11900,18000,29500,6100,21100,29400,21200
15.0,9.22,41600,383928.0,9.21,9.2,9.18,9.17,9.16,9.15,9.14,9.13,9.12,9.11,9.22,9.24,9.25,9.26,9.27,9.28,9.29,9.3,9.31,9.32,10800,20200,5000,500,10400,8200,2500,4200,3300,30000,100,3000,8500,11900,18000,29500,6100,21100,29400,21200
16.0,9.22,41600,383928.0,9.21,9.2,9.18,9.17,9.16,9.15,9.14,9.13,9.12,9.11,9.22,9.24,9.25,9.26,9.27,9.28,9.29,9.3,9.31,9.32,10800,20200,5000,500,10400,8200,2500,4200,3300,30000,100,3000,8500,11900,18000,29500,6100,21100,29400,21200
17.0,9.22,41600,383928.0,9.21,9.2,9.18,9.17,9.16,9.15,9.14,9.13,9.12,9.11,9.22,9.24,9.25,9.26,9.27,9.28,9.29,9.3,9.31,9.32,10800,20200,5000,500,10400,8200,2500,4200,3300,30000,100,3000,8500,11900,18000,29500,6100,21100,29400,21200
18.0,9.22,41600,383928.0,9.21,9.2,9.18,9.17,9.16,9.15,9.14,9.13,9.12,9.11,9.22,9.24,9.25,9.26,9.27,9.28,9.29,9.3,9.31,9.32,10800,20200,5000,500,10400,8200,2500,4200,3300,30000,100,3000,7100,11900,18000,29500,6100,21100,29400,21200
19.0,9.22,41600,383928.0,9.21,9.2,9.18,9.17,9.16,9.15,9.14,9.13,9.12,9.11,9.22,9.24,9.25,9.26,9.27,9.28,9.29,9.3,9.31,9.32,10800,20200,5000,500,10400,8200,2500,4200,3300,30000,100,3000,7100,11900,18000,29500,6100,21100,29400,21200
20.0,9.22,41600,383928.0,9.21,9.2,9.18,9.17,9.16,9.15,9.14,9.13,9.12,9.11,9.22,9.24,9.25,9.26,9.27,9.28,9.29,9.3,9.31,9.32,10800,20200,5000,500,10400,8200,2500,4200,3300,30000,100,3000,7100,11900,18000,29500,6100,21100,29400,21200
21.0,9.22,41600,383928.0,9.21,9.2,9.18,9.17,9.16,9.15,9.14,9.13,9.12,9.11,9.22,9.24,9.25,9.26,9.27,9.28,9.29,9.3,9.31,9.32,10800,20200,5300,500,10400,8200,2500,4200,3300,30000,100,3000,7100,11900,18000,29500,6100,21100,29400,21200
22.0,9.22,41600,383928.0,9.21,9.2,9.18,9.17,9.16,9.15,9.14,9.13,9.12,9.11,9.22,9.24,9.25,9.26,9.27,9.28,9.29,9.3,9.31,9.32,10800,20200,5300,500,10400,8200,2500,4200,3300,30000,100,3000,7100,11900,18000,29500,6100,21100,29400,21200
23.0,9.21,47300,436425.0,9.21,9.2,9.18,9.17,9.16,9.15,9.14,9.13,9.12,9.11,9.22,9.24,9.25,9.26,9.27,9.28,9.29,9.3,9.31,9.32,5100,20200,5300,500,10400,8200,2500,4200,3300,30000,100,3000,7100,11900,18000,29500,6100,21100,29400,21200
24.0,9.21,47300,436425.0,9.21,9.2,9.18,9.17,9.16,9.15,9.14,9.13,9.12,9.11,9.22,9.24,9.25,9.26,9.27,9.28,9.29,9.3,9.31,9.32,5100,20200,5300,500,10400,8200,2500,4200,3300,30000,100,3000,7100,11900,18000,29500,6100,20600,29400,21200
25.0,9.21,47300,436425.0,9.21,9.2,9.18,9.17,9.16,9.15,9.14,9.13,9.12,9.11,9.22,9.24,9.25,9.26,9.27,9.28,9.29,9.3,9.31,9.32,5100,20200,5300,500,10400,8200,2500,4200,3300,30000,100,3000,7100,11900,18000,29500,6100,20600,29400,21200
26.0,9.21,47300,436425.0,9.21,9.2,9.18,9.17,9.16,9.15,9.14,9.13,9.12,9.11,9.22,9.24,9.25,9.26,9.27,9.28,9.29,9.3,9.31,9.32,5100,20200,5300,500,10400,8200,2500,4200,3300,30000,100,3000,7100,11900,18000,29500,6100,20600,29400,21200
27.0,9.21,48200,444714.0,9.21,9.2,9.18,9.17,9.16,9.15,9.14,9.13,9.12,9.11,9.22,9.24,9.25,9.26,9.27,9.28,9.29,9.3,9.31,9.32,4200,20200,5300,500,10400,8200,2500,4200,3300,30000,100,3000,7100,11900,18000,29500,6100,20600,29400,21200
28.0,9.22,48300,445636.0,9.22,9.21,9.2,9.18,9.17,9.16,9.15,9.14,9.13,9.12,9.23,9.24,9.25,9.26,9.27,9.28,9.29,9.3,9.31,9.32,300,4200,20200,5300,500,10400,8200,2500,4200,3300,1100,3000,7100,11900,16700,29500,6100,20600,29400,21200
29.0,9.22,48600,448402.0,9.21,9.2,9.18,9.17,9.16,9.15,9.14,9.13,9.12,9.11,9.23,9.24,9.25,9.26,9.27,9.28,9.29,9.3,9.31,9.32,4200,20200,5300,500,10400,8200,2500,4200,3300,30000,1100,3000,7100,11900,16700,29100,6100,20600,29400,21200
30.0,9.22,48600,448402.0,9.21,9.2,9.18,9.17,9.16,9.15,9.14,9.13,9.12,9.11,9.22,9.23,9.24,9.25,9.26,9.27,9.28,9.29,9.3,9.31,4200,20200,5300,500,10400,8200,2500,4200,3300,30000,5200,1100,3000,7100,11900,16700,29100,6100,20600,29400
31.0,9.21,52800,487084.0,9.2,9.18,9.17,9.16,9.15,9.14,9.13,9.12,9.11,9.1,9.21,9.22,9.23,9.24,9.25,9.26,9.27,9.28,9.29,9.3,20200,5300,500,10400,8200,2500,4200,3300,30000,15200,7400,5200,1100,1300,7100,11900,16700,29100,6100,20600
32.0,9.21,52800,487084.0,9.2,9.18,9.17,9.16,9.15,9.14,9.13,9.12,9.11,9.1,9.21,9.22,9.23,9.24,9.25,9.26,9.27,9.28,9.29,9.3,20200,5300,500,10400,8200,2500,4200,3300,30000,15200,7400,5200,1100,1300,7100,11900,16700,29100,6100,20600
33.0,9.2,53700,495364.0,9.2,9.18,9.17,9.16,9.15,9.14,9.13,9.12,9.11,9.1,9.21,9.22,9.23,9.24,9.25,9.26,9.27,9.28,9.29,9.3,19300,5300,500,10400,8200,2500,4200,3300,30000,15200,7400,5200,1100,1300,7100,12400,16700,29100,6100,20600
34.0,9.2,53700,495364.0,9.2,9.18,9.17,9.16,9.15,9.14,9.13,9.12,9.11,9.1,9.21,9.22,9.23,9.24,9.25,9.26,9.27,9.28,9.29,9.3,19300,5300,500,10400,8200,2500,4200,3300,30000,15200,7400,5200,1100,1300,7100,12400,16700,29100,6100,20600
35.0,9.2,64600,595644.0,9.2,9.18,9.17,9.16,9.15,9.14,9.13,9.12,9.11,9.1,9.21,9.22,9.23,9.25,9.26,9.27,9.28,9.29,9.3,9.31,8400,5300,500,10400,8200,2500,4200,3300,30000,15200,7400,5200,1100,7100,12400,16700,29100,6100,20600,29400
36.0,9.2,67800,625084.0,9.2,9.18,9.17,9.16,9.15,9.14,9.13,9.12,9.11,9.1,9.21,9.22,9.23,9.25,9.26,9.27,9.28,9.29,9.3,9.31,5200,5300,500,10400,8200,2500,4200,3300,30000,15200,7400,5000,1100,7100,12400,16700,29100,6100,20600,29400
37.0,9.2,67900,626004.0,9.2,9.18,9.17,9.16,9.15,9.14,9.13,9.12,9.11,9.1,9.21,9.22,9.23,9.25,9.26,9.27,9.28,9.29,9.3,9.31,5100,5300,1600,10400,8200,2500,4200,3300,30000,15200,7500,5000,1100,7100,12400,16700,29100,6100,20600,29400
38.0,9.2,68400,630604.0,9.2,9.18,9.17,9.16,9.15,9.14,9.13,9.12,9.11,9.1,9.21,9.22,9.23,9.25,9.26,9.27,9.28,9.29,9.3,9.31,4600,5300,1600,10400,8200,2500,4200,3300,30000,15200,7500,8000,1100,7100,12400,16700,29100,6100,20600,29400
39.0,9.2,68400,630604.0,9.2,9.18,9.17,9.16,9.15,9.14,9.13,9.12,9.11,9.1,9.21,9.22,9.23,9.25,9.26,9.27,9.28,9.29,9.3,9.31,4600,5300,1600,10400,8200,2500,4200,3300,30000,15200,7500,8000,1100,7100,12400,16700,29100,6100,20600,29400
40.0,9.2,68400,630604.0,9.2,9.18,9.17,9.16,9.15,9.14,9.13,9.12,9.11,9.1,9.21,9.22,9.23,9.25,9.26,9.27,9.28,9.29,9.3,9.31,4600,5300,1600,10400,8200,2500,4200,3300,30000,15200,7500,8000,1100,7100,12400,16700,29100,6100,20600,29400
41.0,9.2,69100,637044.0,9.2,9.18,9.17,9.16,9.15,9.14,9.13,9.12,9.11,9.1,9.21,9.22,9.23,9.25,9.26,9.27,9.28,9.29,9.3,9.31,3900,3800,1600,10400,8200,2500,4200,3300,30000,15200,7500,8000,1100,7100,12400,16700,29100,6100,21100,29400
42.0,9.2,69100,637044.0,9.2,9.18,9.17,9.16,9.15,9.14,9.13,9.12,9.11,9.1,9.21,9.22,9.23,9.25,9.26,9.27,9.28,9.29,9.3,9.31,3900,3800,3500,10400,8200,2500,4200,3300,30000,15200,7500,8000,1100,7100,12400,16700,29100,6100,21100,29400
43.0,9.2,69100,637044.0,9.2,9.18,9.17,9.16,9.15,9.14,9.13,9.12,9.11,9.1,9.21,9.22,9.23,9.25,9.26,9.27,9.28,9.29,9.3,9.31,3900,3800,3500,10400,8200,2500,4200,3300,30000,15200,7500,8000,1100,7100,12400,16700,29100,6100,21100,29400
44.0,9.2,69100,637044.0,9.2,9.18,9.17,9.16,9.15,9.14,9.13,9.12,9.11,9.1,9.21,9.22,9.23,9.25,9.26,9.27,9.28,9.29,9.3,9.31,3900,3800,3500,10400,10700,2500,4200,3300,30000,15200,100,8000,1100,7100,12400,16700,29100,6100,21100,29400
45.0,9.2,69100,637044.0,9.2,9.18,9.17,9.16,9.15,9.14,9.13,9.12,9.11,9.1,9.21,9.22,9.23,9.25,9.26,9.27,9.28,9.29,9.3,9.31,3900,3800,3500,10400,10700,2500,4200,3300,30000,15200,100,8000,1100,6400,12400,16700,29100,6100,21100,29400
46.0,9.2,69100,637044.0,9.2,9.18,9.17,9.16,9.15,9.14,9.13,9.12,9.11,9.1,9.21,9.22,9.23,9.25,9.26,9.27,9.28,9.29,9.3,9.31,3900,3800,3500,10400,10700,2500,4200,3300,30000,15200,200,8000,1100,6400,12400,16700,29100,6100,21100,29400
47.0,9.2,70900,653604.0,9.2,9.18,9.17,9.16,9.15,9.14,9.13,9.12,9.11,9.1,9.21,9.22,9.23,9.25,9.26,9.27,9.28,9.29,9.3,9.31,2100,4800,3500,10400,10700,2500,4200,3300,30000,15200,200,8000,1100,4800,12400,16700,29100,6100,21100,29400
48.0,9.21,73900,681234.0,9.2,9.18,9.17,9.16,9.15,9.14,9.13,9.12,9.11,9.1,9.21,9.22,9.23,9.25,9.26,9.27,9.28,9.29,9.3,9.31,2100,4800,3500,10400,10700,2500,4200,3300,30000,15200,8500,8000,1100,4800,12400,16700,29100,6100,21100,29400
49.0,9.2,74300,684914.0,9.2,9.18,9.17,9.16,9.15,9.14,9.13,9.12,9.11,9.1,9.21,9.22,9.23,9.25,9.26,9.27,9.28,9.29,9.3,9.31,1700,4800,3500,11900,15600,2500,4200,3300,30000,15200,2800,8000,1100,4800,12400,16700,29100,6100,21100,29400
50.0,9.2,74300,684914.0,9.2,9.18,9.17,9.16,9.15,9.14,9.13,9.12,9.11,9.1,9.21,9.22,9.23,9.25,9.26,9.27,9.28,9.29,9.3,9.31,1700,4800,3500,11900,15600,2500,4200,3300,30000,15200,2800,8000,1100,4800,12400,16700,29100,6100,21100,29400
51.0,9.2,74300,684914.0,9.2,9.18,9.17,9.16,9.15,9.14,9.13,9.12,9.11,9.1,9.21,9.22,9.23,9.25,9.26,9.27,9.28,9.29,9.3,9.31,1700,4800,3500,11900,15600,2500,4200,3300,30000,15200,2800,8000,1100,4800,12400,16700,29100,6100,21100,29400
52.0,9.2,74300,684914.0,9.2,9.18,9.17,9.16,9.15,9.14,9.13,9.12,9.11,9.1,9.21,9.22,9.23,9.25,9.26,9.27,9.28,9.29,9.3,9.31,1700,4800,3500,11900,15600,2500,4200,3300,30000,15200,2800,8000,1100,4800,17300,16700,29100,6100,21100,29400
53.0,9.2,76200,702396.0,9.18,9.17,9.16,9.15,9.14,9.13,9.12,9.11,9.1,9.09,9.2,9.21,9.22,9.23,9.25,9.26,9.27,9.28,9.29,9.3,5300,3500,11900,15600,2500,4200,3300,30000,15200,500,800,3700,8000,1100,4800,17300,16700,29100,6100,21100
54.0,9.18,76700,706986.0,9.18,9.17,9.16,9.15,9.14,9.13,9.12,9.11,9.1,9.09,9.2,9.21,9.22,9.23,9.25,9.26,9.27,9.28,9.29,9.3,4800,3500,11900,15600,2500,4200,3300,30000,15200,500,100,3700,8000,1100,4800,17300,16700,29100,6100,21100
55.0,9.18,76700,706986.0,9.18,9.17,9.16,9.15,9.14,9.13,9.12,9.11,9.1,9.09,9.2,9.21,9.22,9.23,9.25,9.26,9.27,9.28,9.29,9.3,4800,3500,11900,15600,2500,4200,3300,30000,15200,500,100,3700,8000,1100,4800,17300,16700,19100,6100,21100
56.0,9.2,78400,722626.0,9.2,9.18,9.17,9.16,9.15,9.14,9.13,9.12,9.11,9.1,9.21,9.22,9.23,9.25,9.26,9.27,9.28,9.29,9.3,9.31,8300,4800,3500,11900,15600,2500,4200,3300,30000,15200,3700,8000,1100,4800,17300,16700,19100,6100,21100,29400
57.0,9.2,86700,798986.0,9.18,9.17,9.16,9.15,9.14,9.13,9.12,9.11,9.1,9.09,9.2,9.21,9.22,9.23,9.25,9.26,9.27,9.28,9.29,9.3,4800,3500,11900,15600,2500,4200,7300,30000,15200,500,100,3700,8000,1100,4800,17300,16700,19100,6100,21100
58.0,9.2,86700,798986.0,9.18,9.17,9.16,9.15,9.14,9.13,9.12,9.11,9.1,9.09,9.2,9.21,9.22,9.23,9.25,9.26,9.27,9.28,9.29,9.3,4800,3500,11900,15600,2500,4200,7300,30000,15200,500,100,3700,8000,1100,4800,17300,16700,19100,6100,21100
59.0,9.2,86700,798986.0,9.18,9.17,9.16,9.15,9.14,9.13,9.12,9.11,9.1,9.09,9.2,9.21,9.22,9.23,9.25,9.26,9.27,9.28,9.29,9.3,4800,3500,11900,14600,2500,4200,7300,30000,15200,500,2100,3700,8000,1100,4800,17300,16700,19100,6100,21100
60.0,9.2,86700,798986.0,9.18,9.17,9.16,9.15,9.14,9.13,9.12,9.11,9.1,9.09,9.2,9.21,9.22,9.23,9.25,9.26,9.27,9.28,9.29,9.3,4800,3500,11900,14600,2500,4200,7300,30000,15200,500,2100,3700,8000,1100,4800,17300,16700,19100,6100,21100
61.0,9.18,87700,808166.0,9.18,9.17,9.16,9.15,9.14,9.13,9.12,9.11,9.1,9.09,9.2,9.21,9.22,9.23,9.25,9.26,9.27,9.28,9.29,9.3,3800,3500,11900,14600,2500,4200,7300,30000,15200,500,38200,3700,8000,1100,4800,17300,16700,19100,6100,21100
62.0,9.2,89300,822886.0,9.18,9.17,9.16,9.15,9.14,9.13,9.12,9.11,9.1,9.09,9.2,9.21,9.22,9.23,9.25,9.26,9.27,9.28,9.29,9.3,3800,3500,11900,14600,2500,4200,7300,30000,15200,500,37000,3700,8000,1100,4800,17300,16700,19100,6100,21100
63.0,9.19,89400,823805.0,9.18,9.17,9.16,9.15,9.14,9.13,9.12,9.11,9.1,9.09,9.19,9.2,9.21,9.22,9.23,9.25,9.26,9.27,9.28,9.29,3800,3500,11900,14600,2500,4200,7300,30000,15200,500,100,37000,3700,8000,1100,4800,17300,16700,18800,6100
64.0,9.19,89400,823805.0,9.18,9.17,9.16,9.15,9.14,9.13,9.12,9.11,9.1,9.09,9.19,9.2,9.21,9.22,9.23,9.25,9.26,9.27,9.28,9.29,3800,3500,11900,14600,2500,4200,7300,30000,15200,500,100,37000,3700,8000,1100,4800,17300,16700,18800,6100
65.0,9.18,92600,853181.0,9.18,9.17,9.16,9.15,9.14,9.13,9.12,9.11,9.1,9.09,9.19,9.2,9.21,9.22,9.23,9.25,9.26,9.27,9.28,9.29,700,3500,11900,14600,2500,4200,7300,30000,15200,500,2000,37000,3700,8000,1100,4800,17300,16700,18800,6100
66.0,9.19,92800,855019.0,9.18,9.17,9.16,9.15,9.14,9.13,9.12,9.11,9.1,9.09,9.19,9.2,9.21,9.22,9.23,9.25,9.26,9.27,9.28,9.29,700,3500,11900,14600,2500,4200,7300,30000,15200,500,1800,37000,3700,8000,1100,4800,17300,16700,18800,6100
67.0,9.19,92800,855019.0,9.18,9.17,9.16,9.15,9.14,9.13,9.12,9.11,9.1,9.09,9.19,9.2,9.21,9.22,9.23,9.25,9.26,9.27,9.28,9.29,700,3500,11900,14600,2500,4200,7300,30000,15200,500,1800,37000,3700,8000,1100,4800,17300,16700,18800,6100
68.0,9.17,97000,893540.0,9.16,9.15,9.14,9.13,9.12,9.11,9.1,9.09,9.08,9.07,9.17,9.18,9.19,9.2,9.21,9.22,9.23,9.25,9.26,9.27,11900,14600,2500,4200,7300,30000,15200,500,600,100,1700,4200,1800,37000,3700,8000,1100,4800,17300,16700
69.0,9.18,100100,921981.0,9.16,9.15,9.14,9.13,9.12,9.11,9.1,9.09,9.08,9.07,9.17,9.18,9.19,9.2,9.21,9.22,9.23,9.25,9.26,9.27,11900,14600,2500,4200,7300,30000,15200,500,600,100,4300,4300,11800,37000,3700,8000,1100,4800,17300,16700
70.0,9.18,100100,921981.0,9.16,9.15,9.14,9.13,9.12,9.11,9.1,9.09,9.08,9.07,9.17,9.18,9.19,9.2,9.21,9.22,9.23,9.25,9.26,9.27,11900,14600,2500,4200,7300,30000,15200,500,600,100,4300,4900,11800,37000,3700,8000,1100,4800,17300,16700
71.0,9.17,100200,922898.0,9.16,9.15,9.14,9.13,9.12,9.11,9.1,9.09,9.08,9.07,9.17,9.18,9.19,9.2,9.21,9.22,9.23,9.25,9.26,9.27,11900,14600,2500,4200,7300,30000,15200,500,600,100,4300,4900,11800,37000,3700,8000,1100,4800,17300,16700
72.0,9.17,100600,926566.0,9.16,9.15,9.14,9.13,9.12,9.11,9.1,9.09,9.08,9.07,9.17,9.18,9.19,9.2,9.21,9.22,9.23,9.25,9.26,9.27,11900,14600,2500,4200,7300,30000,15200,500,600,100,3900,4900,13400,37000,3700,8000,1100,4800,17300,16700
73.0,9.17,101000,930234.0,9.16,9.15,9.14,9.13,9.12,9.11,9.1,9.09,9.08,9.07,9.17,9.18,9.19,9.2,9.21,9.22,9.23,9.25,9.26,9.27,11900,14600,2500,4200,7300,30000,15200,500,600,100,3500,4900,13400,37000,3700,8000,1100,4800,17300,16700
74.0,9.16,102400,943060.0,9.16,9.15,9.14,9.13,9.12,9.11,9.1,9.09,9.08,9.07,9.17,9.18,9.19,9.2,9.21,9.22,9.23,9.25,9.26,9.27,10700,14600,2500,4200,7300,30000,15200,500,600,100,3300,1600,13400,37000,3700,8000,1100,4800,17300,16700
75.0,9.16,102400,943060.0,9.16,9.15,9.14,9.13,9.12,9.11,9.1,9.09,9.08,9.07,9.17,9.18,9.19,9.2,9.21,9.22,9.23,9.25,9.26,9.27,10700,14600,2500,4200,7300,30000,15200,500,600,100,3300,1600,13400,37000,3700,8000,1100,4800,17300,16700
76.0,9.17,103800,955897.0,9.16,9.15,9.14,9.13,9.12,9.11,9.1,9.09,9.08,9.07,9.17,9.18,9.19,9.2,9.21,9.22,9.23,9.25,9.26,9.27,15400,14600,2500,4200,7300,30000,15200,500,600,100,2000,1600,13400,36600,3700,8000,1100,4800,17300,16700
77.0,9.17,104300,960482.0,9.16,9.15,9.14,9.13,9.12,9.11,9.1,9.09,9.08,9.07,9.17,9.18,9.19,9.2,9.21,9.22,9.23,9.25,9.26,9.27,15400,14600,2500,4200,7300,30000,15200,500,600,100,1900,1600,13400,36600,3700,8000,1100,4800,17300,16700
78.0,9.17,104300,960482.0,9.16,9.15,9.14,9.13,9.12,9.11,9.1,9.09,9.08,9.07,9.17,9.18,9.19,9.2,9.21,9.22,9.23,9.25,9.26,9.27,15400,14600,2500,4200,7300,30000,15200,500,600,100,500,1600,13400,36600,3700,8000,1100,4800,17300,16700
79.0,9.16,122100,1123530.0,9.16,9.15,9.14,9.13,9.12,9.11,9.1,9.09,9.08,9.07,9.17,9.18,9.19,9.2,9.21,9.22,9.23,9.25,9.26,9.27,5900,14600,2500,4200,7300,30000,15200,500,600,100,500,1600,13400,36600,1100,8000,1100,4800,17300,16700
80.0,9.17,122600,1128115.0,9.17,9.16,9.15,9.14,9.13,9.12,9.11,9.1,9.09,9.08,9.18,9.19,9.2,9.21,9.22,9.23,9.25,9.26,9.27,9.28,400,500,14600,2500,4200,7300,30000,15200,500,600,1600,13400,36600,1100,8000,1100,4800,17300,16700,18800
81.0,9.17,122600,1128115.0,9.17,9.16,9.15,9.14,9.13,9.12,9.11,9.1,9.09,9.08,9.18,9.19,9.2,9.21,9.22,9.23,9.25,9.26,9.27,9.28,400,1500,14600,2500,4200,7300,30000,15200,500,600,1600,13400,36600,1100,8000,1100,4800,17300,16700,18800
82.0,9.18,122700,1129033.0,9.17,9.16,9.15,9.14,9.13,9.12,9.11,9.1,9.09,9.08,9.18,9.19,9.2,9.21,9.22,9.23,9.25,9.26,9.27,9.28,1000,1500,14600,2500,4200,9100,30000,15200,500,600,1500,13400,36600,1100,8000,1100,1000,17300,16700,18800
83.0,9.17,123200,1133618.0,9.17,9.16,9.15,9.14,9.13,9.12,9.11,9.1,9.09,9.08,9.18,9.19,9.2,9.21,9.22,9.23,9.25,9.26,9.27,9.28,500,3600,14600,2500,4200,9100,30000,15200,500,600,1500,13400,41800,1100,8000,1100,1000,17300,16700,18800
84.0,9.17,123200,1133618.0,9.17,9.16,9.15,9.14,9.13,9.12,9.11,9.1,9.09,9.08,9.18,9.19,9.2,9.21,9.22,9.23,9.25,9.26,9.27,9.28,900,3600,14600,2500,4200,9100,30000,15200,500,600,1500,13400,41800,1100,8000,1100,1000,17300,16700,18800
85.0,9.18,123300,1134536.0,9.17,9.16,9.15,9.14,9.13,9.12,9.11,9.1,9.09,9.08,9.18,9.19,9.2,9.21,9.22,9.23,9.25,9.26,9.27,9.28,900,3600,14600,2500,4200,9100,30000,15200,500,600,1400,13400,41800,1100,8000,1100,1000,17300,16700,18800
86.0,9.17,133700,1229760.0,9.16,9.15,9.14,9.13,9.12,9.11,9.1,9.09,9.08,9.07,9.17,9.18,9.19,9.2,9.22,9.23,9.25,9.26,9.27,9.28,2800,9200,2500,4200,9600,30000,15200,500,600,100,500,1400,13400,41800,8000,1100,1000,17300,16700,18800
87.0,9.17,133700,1229760.0,9.16,9.15,9.14,9.13,9.12,9.11,9.1,9.09,9.08,9.07,9.17,9.18,9.19,9.2,9.22,9.23,9.25,9.26,9.27,9.28,3100,9200,20300,4200,9600,30000,15200,500,600,100,500,1400,11600,41800,8000,1100,1000,17300,16700,18800
88.0,9.17,134200,1234345.0,9.17,9.16,9.15,9.14,9.13,9.12,9.11,9.1,9.09,9.08,9.18,9.19,9.2,9.22,9.23,9.25,9.26,9.27,9.28,9.29,300,3100,9200,20300,4200,9600,30000,15200,500,600,2400,11600,41800,8000,1100,1000,17300,16700,18800,6100
89.0,9.18,134400,1236181.0,9.17,9.16,9.15,9.14,9.13,9.12,9.11,9.1,9.09,9.08,9.18,9.19,9.2,9.22,9.23,9.25,9.26,9.27,9.28,9.29,300,3100,9200,20300,4200,9600,30000,15200,500,600,2200,11600,41800,8000,1100,1000,17300,16700,18800,6100
90.0,9.18,134400,1236181.0,9.17,9.16,9.15,9.14,9.13,9.12,9.11,9.1,9.09,9.08,9.18,9.19,9.2,9.22,9.23,9.25,9.26,9.27,9.28,9.29,300,3700,9200,20300,4200,9600,30000,15200,500,600,2200,11600,41800,8000,1100,1000,17300,16700,18800,6100
91.0,9.17,134700,1238932.0,9.16,9.15,9.14,9.13,9.12,9.11,9.1,9.09,9.08,9.07,9.17,9.18,9.19,9.2,9.22,9.23,9.25,9.26,9.27,9.28,2200,9200,20300,4200,9600,30000,15200,500,600,100,1000,2200,11600,41800,8000,1100,1000,17300,16700,18800
92.0,9.17,135700,1248102.0,9.17,9.16,9.15,9.14,9.13,9.12,9.11,9.1,9.09,9.08,9.18,9.19,9.2,9.22,9.23,9.25,9.26,9.27,9.28,9.29,100,2200,9200,20300,4200,9600,30000,15200,8900,600,2200,11600,41800,7000,1100,1000,17300,16700,18800,6100
93.0,9.18,136500,1255446.0,9.17,9.16,9.15,9.14,9.13,9.12,9.11,9.1,9.09,9.08,9.18,9.19,9.2,9.22,9.23,9.25,9.26,9.27,9.28,9.29,100,2200,9200,20300,4200,9600,30000,15200,8900,600,1400,11600,41800,7000,1100,1000,17300,16700,18800,6100
94.0,9.18,138500,1273806.0,9.18,9.17,9.16,9.15,9.14,9.13,9.12,9.11,9.1,9.09,9.19,9.2,9.22,9.23,9.25,9.26,9.27,9.28,9.29,9.3,800,100,2200,9200,20300,4200,9600,30000,15200,8900,11600,41800,7000,1100,1000,17300,16700,18800,6100,21100
95.0,9.18,140300,1290340.0,9.17,9.16,9.15,9.14,9.13,9.12,9.11,9.1,9.09,9.08,9.18,9.19,9.2,9.22,9.23,9.25,9.26,9.27,9.28,9.29,5100,2200,9200,20300,4200,22600,30000,15200,8900,600,1400,10600,41800,7000,1100,1000,17300,16700,18800,6100
96.0,9.18,140500,1292176.0,9.17,9.16,9.15,9.14,9.13,9.12,9.11,9.1,9.09,9.08,9.18,9.19,9.2,9.22,9.23,9.25,9.26,9.27,9.28,9.29,5100,2700,9500,20300,4200,22600,30000,15200,8900,600,1200,10600,41800,7000,1100,1000,17300,16700,18800,6100
97.0,9.18,140500,1292176.0,9.17,9.16,9.15,9.14,9.13,9.12,9.11,9.1,9.09,9.08,9.18,9.19,9.2,9.22,9.23,9.25,9.26,9.27,9.28,9.29,5100,2700,9500,20300,4200,22600,30000,15200,8900,600,1200,10600,41800,7000,1100,1000,17300,16700,18800,6100
98.0,9.17,144000,1324271.0,9.17,9.16,9.15,9.14,9.13,9.12,9.11,9.1,9.09,9.08,9.18,9.19,9.2,9.22,9.23,9.25,9.26,9.27,9.28,9.29,1600,2900,4600,20300,4200,22600,30000,15200,8900,600,1200,10600,41800,7000,1100,1000,17300,16700,18800,6100
99.0,9.18,144100,1325189.0,9.17,9.16,9.15,9.14,9.13,9.12,9.11,9.1,9.09,9.08,9.18,9.19,9.2,9.22,9.23,9.25,9.26,9.27,9.28,9.29,1600,6800,4600,20300,4200,22600,30000,15200,8900,600,1100,10600,41800,7000,1100,1000,17300,16700,18800,6100
100.0,9.18,144300,1327025.0,9.17,9.16,9.15,9.14,9.13,9.12,9.11,9.1,9.09,9.08,9.18,9.19,9.2,9.22,9.23,9.25,9.26,9.27,9.28,9.29,1600,8400,4600,20300,4200,22600,30000,15200,8900,600,900,10600,41800,7000,1100,1000,17300,16700,18800,6100
101.0,9.16,147000,1351773.0,9.16,9.15,9.14,9.13,9.12,9.11,9.1,9.09,9.08,9.07,9.18,9.19,9.2,9.22,9.23,9.25,9.26,9.27,9.28,9.29,7300,4600,20300,4200,22600,30000,15200,8900,600,100,900,10600,42800,7000,1100,1000,17300,16700,18800,6100
102.0,9.16,147000,1351773.0,9.16,9.15,9.14,9.13,9.12,9.11,9.1,9.09,9.08,9.07,9.18,9.19,9.2,9.22,9.23,9.25,9.26,9.27,9.28,9.29,7300,11400,20300,4200,22600,30000,15200,8900,600,100,900,10600,42400,7000,1100,1000,17300,16700,18800,6100
103.0,9.16,147000,1351773.0,9.16,9.15,9.14,9.13,9.12,9.11,9.1,9.09,9.08,9.07,9.18,9.19,9.2,9.22,9.23,9.25,9.26,9.27,9.28,9.29,7300,11400,20300,4200,22600,30000,15200,8900,600,100,900,10600,42400,7000,1100,1000,17300,16700,18800,6100
104.0,9.16,147000,1351773.0,9.17,9.16,9.15,9.14,9.13,9.12,9.11,9.1,9.09,9.08,9.18,9.19,9.2,9.22,9.23,9.25,9.26,9.27,9.28,9.29,4900,7500,11400,20300,4200,22600,30000,15200,8900,600,2000,10600,42400,7000,1100,1000,17300,16700,18800,6100
105.0,9.18,147200,1353609.0,9.17,9.16,9.15,9.14,9.13,9.12,9.11,9.1,9.09,9.08,9.18,9.19,9.2,9.22,9.23,9.25,9.26,9.27,9.28,9.29,4900,8600,11400,20300,4200,22600,30000,15200,8900,600,1800,10600,42400,7000,1100,1000,17300,16700,18800,6100
106.0,9.18,147200,1353609.0,9.17,9.16,9.15,9.14,9.13,9.12,9.11,9.1,9.09,9.08,9.18,9.19,9.2,9.22,9.23,9.25,9.26,9.27,9.28,9.29,4900,8600,11400,20300,4200,22600,30000,15200,8900,600,1800,10600,42400,7000,1100,1000,17300,16700,18800,6100
107.0,9.17,152100,1398542.0,9.16,9.15,9.14,9.13,9.12,9.11,9.1,9.09,9.08,9.07,9.18,9.19,9.2,9.22,9.23,9.25,9.26,9.27,9.28,9.29,8600,11400,20300,4200,22600,30000,15200,8900,600,100,17400,10600,42400,7000,1100,1000,17300,16700,18800,6100
108.0,9.17,152100,1398542.0,9.16,9.15,9.14,9.13,9.12,9.11,9.1,9.09,9.08,9.07,9.18,9.19,9.2,9.22,9.23,9.25,9.26,9.27,9.28,9.29,18600,11400,20300,4200,22600,30000,15200,8900,600,100,17400,10600,42400,7000,1100,1000,17300,16700,18800,6600
109.0,9.18,153100,1407722.0,9.16,9.15,9.14,9.13,9.12,9.11,9.1,9.09,9.08,9.07,9.17,9.18,9.19,9.2,9.22,9.23,9.25,9.26,9.27,9.28,20200,11400,20300,4200,22600,30000,15200,8900,600,100,1400,18000,10600,42400,7000,1100,1000,17300,16700,18800
110.0,9.18,153100,1407722.0,9.16,9.15,9.14,9.13,9.12,9.11,9.1,9.09,9.08,9.07,9.17,9.18,9.19,9.2,9.22,9.23,9.25,9.26,9.27,9.28,20200,11400,20300,4200,22600,30000,15200,8900,600,100,1400,19300,10600,42400,7000,1100,1000,17300,16700,18800
111.0,9.18,153100,1407722.0,9.16,9.15,9.14,9.13,9.12,9.11,9.1,9.09,9.08,9.07,9.17,9.18,9.19,9.2,9.22,9.23,9.25,9.26,9.27,9.28,20300,11400,20700,4200,22600,30000,15200,8900,600,100,1400,19300,10600,42400,7000,1100,1000,17300,16700,18800
112.0,9.17,153400,1410473.0,9.16,9.15,9.14,9.13,9.12,9.11,9.1,9.09,9.08,9.07,9.17,9.18,9.19,9.2,9.22,9.23,9.25,9.26,9.27,9.28,20300,11400,20700,4200,22600,30000,15200,8900,600,100,1100,19300,10600,42400,7000,1100,1000,17300,16700,18800
113.0,9.17,153400,1410473.0,9.16,9.15,9.14,9.13,9.12,9.11,9.1,9.09,9.08,9.07,9.17,9.18,9.19,9.2,9.22,9.23,9.25,9.26,9.27,9.28,20300,11400,20700,11200,22600,30000,15200,8900,600,100,1100,19300,10600,42400,7000,1100,1000,17300,16700,18800
114.0,9.17,153400,1410473.0,9.16,9.15,9.14,9.13,9.12,9.11,9.1,9.09,9.08,9.07,9.17,9.18,9.19,9.2,9.22,9.23,9.25,9.26,9.27,9.28,20300,12600,20700,11200,22600,30000,15200,8900,600,100,1100,19300,10600,42400,7000,1100,1000,17300,16700,18800
115.0,9.17,153400,1410473.0,9.16,9.15,9.14,9.13,9.12,9.11,9.1,9.09,9.08,9.07,9.17,9.18,9.19,9.2,9.22,9.23,9.25,9.26,9.27,9.28,21200,12600,20700,11200,22600,30000,15200,8900,600,100,1100,19300,10600,42400,7000,1100,1000,17300,16700,18800
116.0,9.16,159500,1466350.0,9.16,9.15,9.14,9.13,9.12,9.11,9.1,9.09,9.08,9.07,9.17,9.18,9.19,9.2,9.22,9.23,9.26,9.27,9.28,9.29,15200,12600,20700,11200,22600,30000,15200,8900,600,100,1100,19300,10600,42400,7000,1100,17300,16700,18800,6600
117.0,9.17,159600,1467267.0,9.16,9.15,9.14,9.13,9.12,9.11,9.1,9.09,9.08,9.07,9.17,9.18,9.19,9.2,9.22,9.23,9.26,9.27,9.28,9.29,15200,12600,20700,11200,22600,30000,15200,8900,600,100,1000,19300,10600,42400,7000,1100,17300,16700,18800,6600
118.0,9.17,173700,1596617.0,9.16,9.15,9.14,9.13,9.12,9.11,9.1,9.09,9.08,9.07,9.18,9.19,9.2,9.22,9.23,9.26,9.27,9.28,9.29,9.3,14700,12600,20700,11200,22600,30000,15200,8900,800,100,10300,10600,42400,7000,1100,17300,16700,18800,6600,21200
119.0,9.18,174700,1605797.0,9.16,9.15,9.14,9.13,9.12,9.11,9.1,9.09,9.08,9.07,9.18,9.19,9.2,9.22,9.23,9.26,9.27,9.28,9.29,9.3,17100,12600,20700,11200,22600,30000,15200,8900,800,100,13100,10600,42400,7000,1100,17300,16700,18800,6600,21200
120.0,9.18,175600,1614059.0,9.16,9.15,9.14,9.13,9.12,9.11,9.1,9.09,9.08,9.07,9.18,9.19,9.2,9.22,9.23,9.26,9.27,9.28,9.29,9.3,18700,12600,20700,11200,22600,30000,15200,8900,800,100,12200,10600,42400,7000,1100,17300,16700,18800,6600,21200
121.0,9.18,175600,1614059.0,9.16,9.15,9.14,9.13,9.12,9.11,9.1,9.09,9.08,9.07,9.18,9.19,9.2,9.22,9.23,9.26,9.27,9.28,9.29,9.3,22900,12600,20700,11200,22600,30000,15200,8900,800,100,13400,10600,42400,7000,1100,17300,16700,18800,6600,21200
122.0,9.16,178600,1641559.0,9.16,9.15,9.14,9.13,9.12,9.11,9.1,9.09,9.08,9.07,9.18,9.19,9.2,9.22,9.23,9.26,9.27,9.28,9.29,9.3,22100,13100,20700,11300,22600,30000,15200,8900,800,100,13600,10600,42400,7000,1100,17300,16700,18800,6600,21200
123.0,9.16,178600,1641559.0,9.16,9.15,9.14,9.13,9.12,9.11,9.1,9.09,9.08,9.07,9.18,9.19,9.2,9.22,9.23,9.26,9.27,9.28,9.29,9.3,25200,13100,20700,11300,22600,30000,15200,8900,5800,100,14800,10600,42400,7000,1100,17300,16700,18800,6600,21200
124.0,9.18,180700,1660837.0,9.16,9.15,9.14,9.13,9.12,9.11,9.1,9.09,9.08,9.07,9.18,9.19,9.2,9.22,9.23,9.26,9.27,9.28,9.29,9.3,27500,13100,20700,11300,22600,30000,15600,8900,5800,100,13900,10600,42400,7000,1100,17300,16700,18800,6600,21200
125.0,9.18,181700,1670017.0,9.16,9.15,9.14,9.13,9.12,9.11,9.1,9.09,9.08,9.07,9.18,9.19,9.2,9.22,9.23,9.26,9.27,9.28,9.29,9.3,27500,13100,20700,11800,22600,30000,15600,8900,5800,100,12900,10600,42400,7000,1100,17300,16700,18800,6600,21200
126.0,9.16,201600,1852301.0,9.16,9.15,9.14,9.13,9.12,9.11,9.1,9.09,9.08,9.07,9.17,9.18,9.19,9.2,9.22,9.23,9.26,9.27,9.28,9.29,9900,13300,20700,11800,22600,30000,15600,8900,5800,100,3200,15200,10600,42400,7000,1100,17300,16700,15800,6600
127.0,9.16,201600,1852301.0,9.16,9.15,9.14,9.13,9.12,9.11,9.1,9.09,9.08,9.07,9.17,9.18,9.19,9.2,9.22,9.23,9.26,9.27,9.28,9.29,11500,15300,20700,11800,22600,30000,15600,8900,5800,100,3200,15200,10600,42400,7000,1100,17300,16700,15800,6600
128.0,9.16,201700,1853217.0,9.16,9.15,9.14,9.13,9.12,9.11,9.1,9.09,9.08,9.07,9.17,9.18,9.19,9.2,9.22,9.23,9.26,9.27,9.28,9.29,21800,15300,20700,11800,22600,30000,15600,8900,5800,100,7000,15200,10600,42400,7000,1100,17300,16700,15800,6600
129.0,9.15,229300,2105989.0,9.15,9.14,9.13,9.12,9.11,9.1,9.09,9.08,9.07,9.06,9.17,9.18,9.19,9.2,9.22,9.23,9.26,9.27,9.28,9.29,10200,20700,11800,22600,30000,15600,8900,5800,100,6700,6300,15200,10600,42400,7000,1100,17300,16700,15600,6600
130.0,9.15,229300,2105989.0,9.16,9.15,9.14,9.13,9.12,9.11,9.1,9.09,9.08,9.07,9.17,9.18,9.19,9.2,9.22,9.23,9.26,9.27,9.28,9.29,600,11900,20700,11800,22600,30000,16100,8900,5800,100,8000,15200,10600,42400,7000,1100,17300,16700,15600,6600
131.0,9.15,229300,2105989.0,9.16,9.15,9.14,9.13,9.12,9.11,9.1,9.09,9.08,9.07,9.17,9.18,9.19,9.2,9.22,9.23,9.26,9.27,9.28,9.29,600,11900,20700,11800,22600,30000,16100,8900,5800,100,8000,15200,10600,42400,7000,1100,17300,16700,15600,6600
132.0,9.17,230100,2113325.0,9.16,9.15,9.14,9.13,9.12,9.11,9.1,9.09,9.08,9.07,9.17,9.18,9.19,9.2,9.22,9.23,9.26,9.27,9.28,9.29,600,11900,20700,11800,22600,30000,16100,8900,5800,100,7200,15200,10600,42400,7000,1100,17300,16700,15600,6600
133.0,9.17,230100,2113325.0,9.16,9.15,9.14,9.13,9.12,9.11,9.1,9.09,9.08,9.07,9.17,9.18,9.19,9.2,9.22,9.23,9.26,9.27,9.28,9.29,600,11900,20700,11800,22600,30000,16100,8900,5800,100,7200,15200,10600,42400,7000,1100,17300,16700,15600,6600
134.0,9.16,231700,2127981.0,9.15,9.14,9.13,9.12,9.11,9.1,9.09,9.08,9.07,9.06,9.16,9.17,9.18,9.19,9.2,9.22,9.23,9.26,9.27,9.28,11900,20700,11800,22600,30000,16100,8900,5800,100,6700,4500,7200,15200,10600,42400,7000,1100,17300,16700,15600
135.0,9.14,256200,2352092.0,9.14,9.13,9.12,9.11,9.1,9.09,9.08,9.07,9.06,9.05,9.16,9.17,9.18,9.19,9.2,9.22,9.23,9.26,9.27,9.28,11200,11800,22600,30000,16100,8900,5800,100,6700,3700,1400,7200,15200,10600,42400,7000,1100,17300,16700,15600
136.0,9.16,267600,2456328.0,9.14,9.13,9.12,9.11,9.1,9.09,9.08,9.07,9.06,9.05,9.16,9.17,9.18,9.19,9.2,9.22,9.23,9.26,9.27,9.28,3700,11800,22600,30000,16100,8900,5800,100,6700,3700,1300,8300,15100,10600,42400,7000,1100,17300,16700,15600
137.0,9.16,282200,2589711.0,9.15,9.13,9.12,9.11,9.1,9.09,9.08,9.07,9.06,9.05,9.16,9.17,9.18,9.19,9.2,9.22,9.23,9.26,9.27,9.28,900,3700,22600,30000,16100,8900,5800,100,6700,3700,1500,8300,15100,10600,42400,7000,1100,17300,16700,15600
138.0,9.15,283900,2605267.0,9.13,9.12,9.11,9.1,9.09,9.08,9.07,9.06,9.05,9.03,9.14,9.16,9.17,9.18,9.19,9.2,9.22,9.23,9.26,9.27,3700,22600,30000,16100,8900,5800,100,6700,3700,6900,5200,1400,8300,15100,10600,42400,7000,1100,17300,16700
139.0,9.14,285400,2618974.0,9.13,9.12,9.11,9.1,9.09,9.08,9.07,9.06,9.05,9.03,9.14,9.16,9.17,9.18,9.19,9.2,9.22,9.23,9.26,9.27,8400,22600,30000,16100,8900,5800,100,6700,3700,6900,5300,1400,8300,15100,10600,42400,7000,1100,17300,16700
140.0,9.13,289800,2659146.0,9.13,9.12,9.11,9.1,9.09,9.08,9.07,9.06,9.05,9.03,9.14,9.16,9.17,9.18,9.19,9.2,9.22,9.23,9.26,9.27,4000,22600,30000,16100,8900,5800,100,6700,3700,6900,5300,1400,8300,15100,10600,42400,7000,1100,17300,16700
141.0,9.13,289800,2659146.0,9.13,9.12,9.11,9.1,9.09,9.08,9.07,9.06,9.05,9.03,9.14,9.16,9.17,9.18,9.19,9.2,9.22,9.23,9.26,9.27,4000,22600,30000,16100,8900,5800,100,6700,3700,6900,5300,1400,8300,15100,10600,42400,7000,1100,17300,16700
142.0,9.14,291300,2672856.0,9.13,9.12,9.11,9.1,9.09,9.08,9.07,9.06,9.05,9.03,9.14,9.16,9.17,9.18,9.19,9.2,9.22,9.23,9.26,9.27,4000,22600,30000,16100,8900,5800,100,6700,3700,6900,3800,1400,8300,15100,10600,42400,7000,1100,17300,16700
143.0,9.14,291700,2676510.0,9.13,9.12,9.11,9.1,9.09,9.08,9.07,9.06,9.05,9.03,9.14,9.16,9.17,9.18,9.19,9.2,9.22,9.23,9.26,9.27,6300,27600,30000,16100,8900,5800,100,6700,3700,6900,3600,1400,8300,15100,10600,42400,7000,1100,17300,16700
144.0,9.14,292200,2681080.0,9.13,9.12,9.11,9.1,9.09,9.08,9.07,9.06,9.05,9.03,9.14,9.16,9.17,9.18,9.19,9.2,9.22,9.23,9.26,9.27,11300,27600,30000,16100,8900,5800,100,6700,3700,7300,3100,1400,8300,15100,9000,42400,7000,1100,17300,16700
145.0,9.14,295300,2709414.0,9.14,9.13,9.12,9.11,9.1,9.09,9.08,9.07,9.06,9.05,9.16,9.17,9.18,9.19,9.2,9.22,9.23,9.26,9.27,9.28,3700,12300,27600,31000,16100,8900,5800,100,6700,3700,1400,8300,15100,9000,42400,7000,1100,17300,16700,15600
146.0,9.13,302200,2772469.0,9.13,9.12,9.11,9.1,9.09,9.08,9.07,9.06,9.05,9.03,9.16,9.17,9.18,9.19,9.2,9.22,9.23,9.26,9.27,9.28,11200,27600,31000,16100,8900,5800,100,6700,4700,7300,3500,7200,15100,9000,42400,7000,1100,17300,16700,15600
147.0,9.16,302900,2778881.0,9.13,9.12,9.11,9.1,9.09,9.08,9.07,9.06,9.05,9.03,9.16,9.17,9.18,9.19,9.2,9.22,9.23,9.26,9.27,9.28,13400,27600,31000,16100,8900,5800,100,6700,4700,7300,5000,7200,15100,9000,42400,7000,1100,17300,16700,15600
148.0,9.13,308300,2828198.0,9.13,9.12,9.11,9.1,9.09,9.08,9.07,9.06,9.05,9.03,9.16,9.17,9.18,9.19,9.2,9.22,9.23,9.26,9.27,9.28,8500,27600,31000,16100,8900,5800,100,6700,4700,7300,4500,5500,15100,9000,42400,7000,1100,17300,16700,15600
149.0,9.14,314100,2881177.0,9.14,9.13,9.12,9.11,9.1,9.09,9.08,9.07,9.06,9.05,9.16,9.17,9.18,9.19,9.2,9.22,9.23,9.26,9.27,9.28,1500,8400,28200,31000,16100,8900,5800,100,6700,4700,7700,5500,15100,9000,42400,7000,1100,17300,16700,15600
150.0,9.14,316600,2904027.0,9.13,9.12,9.11,9.1,9.09,9.08,9.07,9.06,9.05,9.03,9.14,9.16,9.17,9.18,9.19,9.2,9.22,9.23,9.26,9.27,8400,28200,31000,16100,8900,5800,100,6700,4700,7300,7700,7700,5500,15100,9000,42400,7000,1100,17300,16700
151.0,9.14,317300,2910425.0,9.13,9.12,9.11,9.1,9.09,9.08,9.07,9.06,9.05,9.03,9.14,9.16,9.17,9.18,9.19,9.2,9.22,9.23,9.26,9.27,8500,28200,31000,16100,8900,5800,100,6700,4700,7300,7000,7700,5500,15100,9000,42400,7000,1100,17300,16700
152.0,9.14,320900,2943329.0,9.13,9.12,9.11,9.1,9.09,9.08,9.07,9.06,9.05,9.03,9.14,9.16,9.17,9.18,9.19,9.2,9.22,9.23,9.26,9.27,8500,28700,31000,16100,8900,5800,100,6700,4700,7300,3400,7700,5500,15100,9000,42400,7000,1100,17300,16700
153.0,9.14,320900,2943329.0,9.13,9.12,9.11,9.1,9.09,9.08,9.07,9.06,9.05,9.03,9.14,9.16,9.17,9.18,9.19,9.2,9.22,9.23,9.26,9.27,8800,28700,31000,16100,8900,5800,100,6700,4700,7300,3400,7700,5500,15100,9000,42400,7000,1100,17300,16700
154.0,9.13,325700,2987153.0,9.13,9.12,9.11,9.1,9.09,9.08,9.07,9.06,9.05,9.03,9.14,9.16,9.17,9.18,9.19,9.2,9.22,9.23,9.26,9.27,5600,28700,31000,16100,8900,5800,100,6700,4700,7300,3400,7700,5500,15100,9000,42400,7000,1100,17300,16700
155.0,9.13,327400,3002677.0,9.13,9.12,9.11,9.1,9.09,9.08,9.07,9.06,9.05,9.03,9.14,9.16,9.17,9.18,9.19,9.2,9.22,9.23,9.26,9.27,5200,28700,31000,19900,8900,5800,100,6700,4700,7300,3100,7700,5500,15100,9000,42400,7000,1100,17300,16700
156.0,9.13,330300,3029169.0,9.13,9.12,9.11,9.1,9.09,9.08,9.07,9.06,9.05,9.03,9.14,9.16,9.17,9.18,9.19,9.2,9.22,9.23,9.26,9.27,3800,28700,31000,19900,8900,5800,100,6700,4700,7300,1600,7700,5500,15100,9000,42400,7000,1100,17300,15700
157.0,9.13,330900,3034647.0,9.13,9.12,9.11,9.1,9.09,9.08,9.07,9.06,9.05,9.03,9.14,9.16,9.17,9.18,9.19,9.2,9.22,9.23,9.26,9.27,3200,28700,31000,19900,8900,5800,100,6700,4700,7300,1600,7700,5500,15100,9000,42400,7000,1100,17300,15700
158.0,9.14,331300,3038303.0,9.13,9.12,9.11,9.1,9.09,9.08,9.07,9.06,9.05,9.03,9.14,9.16,9.17,9.18,9.19,9.2,9.22,9.23,9.26,9.27,3200,32800,31000,19900,8900,5800,100,6700,4700,7300,1200,7700,5500,15100,9000,42400,7000,1100,17300,15700
159.0,9.14,331300,3038303.0,9.13,9.12,9.11,9.1,9.09,9.08,9.07,9.06,9.05,9.03,9.14,9.16,9.17,9.18,9.19,9.2,9.22,9.23,9.26,9.27,3200,32800,31000,19900,8900,5800,100,6700,4700,7300,1200,7700,5500,15100,9000,42400,7000,1100,17300,15700
160.0,9.13,334400,3066606.0,9.13,9.12,9.11,9.1,9.09,9.08,9.07,9.06,9.05,9.03,9.14,9.16,9.17,9.18,9.19,9.2,9.22,9.23,9.26,9.27,100,32800,31000,19900,8900,5800,100,6700,4700,7300,1200,7700,5500,15100,9000,42400,7000,1100,17300,15700
161.0,9.14,334700,3069348.0,9.13,9.12,9.11,9.1,9.09,9.08,9.07,9.06,9.05,9.03,9.14,9.16,9.17,9.18,9.19,9.2,9.22,9.23,9.26,9.27,100,33000,31000,19900,8900,5800,100,6700,4700,7300,900,7700,5500,15100,9000,42400,7000,1100,17300,15700
162.0,9.13,336300,3083956.0,9.12,9.11,9.1,9.09,9.08,9.07,9.06,9.05,9.03,9.02,9.14,9.16,9.17,9.18,9.19,9.2,9.22,9.23,9.26,9.27,34600,31000,20900,8900,5800,100,6700,4700,7300,3300,900,7700,5500,15100,9000,42400,7000,1100,17300,15700
163.0,9.12,339000,3108590.0,9.12,9.11,9.1,9.09,9.08,9.07,9.06,9.05,9.03,9.02,9.13,9.14,9.16,9.17,9.18,9.19,9.2,9.22,9.23,9.26,33800,31000,20900,8900,5800,100,6800,4700,7300,3300,100,1800,7700,5500,13700,9000,42400,7000,1100,17300
164.0,9.12,339000,3108590.0,9.12,9.11,9.1,9.09,9.08,9.07,9.06,9.05,9.03,9.02,9.13,9.14,9.16,9.17,9.18,9.19,9.2,9.22,9.23,9.26,34700,31000,20500,8900,5800,100,6800,4700,7300,6300,100,1800,7700,5500,13700,9000,42400,7000,1100,17300
165.0,9.12,339000,3108590.0,9.12,9.11,9.1,9.09,9.08,9.07,9.06,9.05,9.03,9.02,9.13,9.14,9.16,9.17,9.18,9.19,9.2,9.22,9.23,9.26,34700,31000,20500,8900,5800,100,6800,4700,7300,6300,100,1800,7700,5500,13700,9000,42400,7000,1100,17300
166.0,9.13,340900,3125937.0,9.13,9.12,9.11,9.1,9.09,9.08,9.07,9.06,9.05,9.03,9.14,9.16,9.17,9.18,9.19,9.2,9.22,9.23,9.26,9.27,1100,35700,31000,20500,8900,5800,100,6800,4700,7300,1800,7700,5500,13700,9000,42400,7000,1100,17300,15700
167.0,9.13,341400,3130503.0,9.13,9.12,9.11,9.1,9.09,9.08,9.07,9.06,9.05,9.03,9.14,9.16,9.17,9.18,9.19,9.2,9.22,9.23,9.26,9.27,700,35700,31000,20500,8900,5800,100,6800,4700,7300,1700,7700,5500,13700,9000,42400,7000,1100,17300,15700
168.0,9.13,343000,3145111.0,9.13,9.12,9.11,9.1,9.09,9.08,9.07,9.06,9.05,9.03,9.14,9.16,9.17,9.18,9.19,9.2,9.22,9.23,9.26,9.27,1100,35700,31300,20500,8900,5800,100,6800,4700,7300,1700,7700,5500,13700,9000,42400,7000,1100,17300,15700
169.0,9.13,343000,3145111.0,9.13,9.12,9.11,9.1,9.09,9.08,9.07,9.06,9.05,9.03,9.14,9.16,9.17,9.18,9.19,9.2,9.22,9.23,9.26,9.27,1100,35700,31300,20500,8900,5800,100,6800,4700,7300,1700,7700,5500,13700,9000,42400,7000,1100,17300,15700
170.0,9.13,345700,3169766.0,9.12,9.11,9.1,9.09,9.08,9.07,9.06,9.05,9.03,9.02,9.13,9.14,9.16,9.17,9.18,9.19,9.2,9.22,9.23,9.26,35100,31300,20500,9100,5800,100,6800,4700,7300,6300,11600,1300,7700,5500,13700,9000,42400,7000,1100,17300
171.0,9.13,345700,3169766.0,9.12,9.11,9.1,9.09,9.08,9.07,9.06,9.05,9.03,9.02,9.13,9.14,9.16,9.17,9.18,9.19,9.2,9.22,9.23,9.26,35100,31300,20500,9100,5800,100,6800,4700,7300,6300,11600,1300,7700,5500,13700,9000,42400,7000,1100,17300
172.0,9.12,349700,3206246.0,9.12,9.11,9.1,9.09,9.08,9.07,9.06,9.05,9.03,9.02,9.13,9.14,9.16,9.17,9.18,9.19,9.2,9.22,9.23,9.26,31100,31300,20500,9100,5800,100,100,4700,7300,6300,11700,1300,7700,5500,13700,9000,42400,7000,1100,17300
173.0,9.12,354700,3251846.0,9.12,9.11,9.1,9.09,9.08,9.07,9.06,9.05,9.03,9.02,9.13,9.14,9.16,9.17,9.18,9.19,9.2,9.22,9.23,9.26,26100,31300,21400,9100,5800,100,100,4700,7300,6300,11700,1300,7700,5500,13700,9000,42400,7000,1100,17300
174.0,9.13,356200,3265541.0,9.12,9.11,9.1,9.09,9.08,9.07,9.06,9.05,9.03,9.02,9.13,9.14,9.16,9.17,9.18,9.19,9.2,9.22,9.23,9.26,26100,31300,26400,9100,6600,100,100,4700,7300,6300,10200,1300,7700,5500,13700,9000,42400,7000,1100,17300
175.0,9.13,357200,3274671.0,9.12,9.11,9.1,9.09,9.08,9.07,9.06,9.05,9.03,9.02,9.13,9.14,9.16,9.17,9.18,9.19,9.2,9.22,9.23,9.26,26100,31300,26400,9100,6600,100,100,14700,7300,6300,9200,1300,7700,5500,13700,9000,42400,7000,1100,17300
176.0,9.13,357200,3274671.0,9.12,9.11,9.1,9.09,9.08,9.07,9.06,9.05,9.03,9.02,9.13,9.14,9.16,9.17,9.18,9.19,9.2,9.22,9.23,9.26,27200,31300,26400,9100,6600,100,100,14700,7300,6300,9400,1300,7700,5500,13700,9000,42400,7000,1100,17300
177.0,9.12,359300,3293832.0,9.12,9.11,9.1,9.09,9.08,9.07,9.06,9.05,9.03,9.02,9.13,9.14,9.16,9.17,9.18,9.19,9.2,9.22,9.23,9.26,27000,31300,27200,9100,6600,100,100,14700,7300,6300,8500,1300,7700,5500,13700,9000,42400,7000,1100,17300
178.0,9.12,364300,3339432.0,9.12,9.11,9.1,9.09,9.08,9.07,9.06,9.05,9.03,9.02,9.13,9.14,9.16,9.17,9.18,9.19,9.2,9.22,9.23,9.26,22000,31300,27200,9100,6600,100,100,15400,7300,6300,8500,1300,7700,5500,13700,9000,42400,7000,1100,17300
179.0,9.12,370700,3397850.0,9.12,9.11,9.1,9.09,9.08,9.07,9.06,9.05,9.03,9.02,9.13,9.14,9.16,9.17,9.18,9.19,9.2,9.22,9.23,9.26,21500,31300,27200,9100,6600,100,100,15500,7300,6300,3500,1300,7700,5500,13700,9000,42400,7000,1100,17300
180.0,9.13,371000,3400589.0,9.12,9.11,9.1,9.09,9.08,9.07,9.06,9.05,9.04,9.03,9.13,9.14,9.16,9.17,9.18,9.19,9.2,9.22,9.23,9.26,21500,31300,27200,9100,6600,100,100,15500,3000,7300,3200,1300,7700,5500,13700,9000,42400,7000,1100,17300
181.0,9.13,371600,3406067.0,9.12,9.11,9.1,9.09,9.08,9.07,9.06,9.05,9.04,9.03,9.13,9.14,9.16,9.17,9.18,9.19,9.2,9.22,9.23,9.26,21500,31300,28400,9100,6600,100,100,15500,3000,7300,2600,1300,7700,5500,13700,9000,42400,7000,1100,17300
182.0,9.12,374000,3427958.0,9.12,9.11,9.1,9.09,9.08,9.07,9.06,9.05,9.04,9.03,9.13,9.14,9.16,9.17,9.18,9.19,9.2,9.22,9.23,9.26,20900,31300,28400,9100,6600,100,100,15500,3000,7300,3800,1300,7700,5500,13700,9000,42400,7000,1100,17300
183.0,9.12,399500,3660624.0,9.12,9.11,9.1,9.09,9.08,9.07,9.06,9.05,9.04,9.03,9.13,9.14,9.16,9.17,9.18,9.19,9.2,9.22,9.23,9.26,6000,32000,28400,9100,6600,100,100,15500,3000,7300,13200,1300,7700,5500,13700,9000,42400,7000,1100,17300
184.0,9.12,399500,3660624.0,9.12,9.11,9.1,9.09,9.08,9.07,9.06,9.05,9.04,9.03,9.13,9.14,9.16,9.17,9.18,9.19,9.2,9.22,9.23,9.26,6000,32000,28400,9100,6600,100,100,15500,3000,7300,13200,1300,7700,5500,13700,9000,42400,7000,1100,17300
185.0,9.13,406800,3727252.0,9.12,9.11,9.1,9.09,9.08,9.07,9.06,9.05,9.04,9.03,9.13,9.14,9.16,9.17,9.18,9.19,9.2,9.22,9.23,9.26,7900,32000,28400,9100,6600,100,100,16700,3000,7300,8000,1300,7700,5500,13700,9000,42400,7000,1100,17300
186.0,9.13,409000,3747337.0,9.12,9.11,9.1,9.09,9.08,9.07,9.06,9.05,9.04,9.03,9.13,9.14,9.16,9.17,9.18,9.19,9.2,9.22,9.23,9.26,11100,32000,28400,9100,6600,100,100,16700,3000,7300,5900,1300,7700,5500,13700,9000,42400,7000,1100,17300
187.0,9.13,409600,3752815.0,9.12,9.11,9.1,9.09,9.08,9.07,9.06,9.05,9.04,9.03,9.13,9.14,9.16,9.17,9.18,9.19,9.2,9.22,9.23,9.26,11300,32000,28400,9100,6600,100,100,17200,3000,7300,5300,1300,7700,5500,13700,9000,42400,7000,1100,17300
188.0,9.13,409600,3752815.0,9.12,9.11,9.1,9.09,9.08,9.07,9.06,9.05,9.04,9.03,9.13,9.14,9.16,9.17,9.18,9.19,9.2,9.22,9.23,9.26,11300,32000,28400,9100,6600,100,100,17200,3000,7300,6400,1300,7700,5500,13700,9000,42400,7000,1100,17300
189.0,9.13,409600,3752815.0,9.12,9.11,9.1,9.09,9.08,9.07,9.06,9.05,9.04,9.03,9.13,9.14,9.16,9.17,9.18,9.19,9.2,9.22,9.23,9.26,11300,32000,28400,14100,6600,100,100,17200,3000,7300,6400,1300,7700,5500,13700,9000,42400,7000,1100,17300
190.0,9.13,410800,3763771.0,9.12,9.11,9.1,9.09,9.08,9.07,9.06,9.05,9.04,9.03,9.13,9.14,9.16,9.17,9.18,9.19,9.2,9.22,9.23,9.26,11800,32000,28400,14100,6600,100,100,17200,3000,7300,5200,1300,7700,5500,13700,9000,42400,7000,1100,17300
191.0,9.08,510800,4674292.0,9.1,9.08,9.07,9.06,9.05,9.04,9.03,9.02,9.01,9.0,9.12,9.13,9.14,9.16,9.17,9.18,9.19,9.2,9.22,9.23,100,4900,4700,44300,26400,3000,7300,6300,4400,13000,1600,5200,1300,7700,5500,13700,9000,42400,7000,1100
192.0,9.12,512500,4689796.0,9.1,9.08,9.07,9.06,9.05,9.04,9.03,9.02,9.01,9.0,9.12,9.13,9.14,9.16,9.17,9.18,9.19,9.2,9.22,9.23,2500,4900,4700,44300,17200,3000,7300,8300,4400,13000,2300,5200,1300,7700,5500,13700,9000,42400,7000,1100
193.0,9.12,514200,4705300.0,9.1,9.08,9.07,9.06,9.05,9.04,9.03,9.02,9.01,9.0,9.12,9.13,9.14,9.16,9.17,9.18,9.19,9.2,9.22,9.23,4100,4900,4700,44300,17200,3000,7300,8300,4400,13000,2500,5200,1300,7700,5500,13700,9000,42400,7000,1100
194.0,9.12,518800,4747252.0,9.1,9.08,9.07,9.06,9.05,9.04,9.03,9.02,9.01,9.0,9.12,9.13,9.14,9.16,9.17,9.18,9.19,9.2,9.22,9.23,6400,4900,4700,44300,17200,3000,7300,8300,4400,13000,2800,5200,1300,7700,5500,13700,9000,42400,7000,1100
195.0,9.12,519600,4754548.0,9.11,9.1,9.08,9.07,9.06,9.05,9.04,9.03,9.02,9.01,9.12,9.13,9.14,9.16,9.17,9.18,9.19,9.2,9.22,9.23,1900,7100,4900,6700,44300,17200,3000,7300,8300,4400,3000,5200,1300,7700,5500,13700,9000,42400,7000,1100
196.0,9.12,519900,4757284.0,9.11,9.1,9.08,9.07,9.06,9.05,9.04,9.03,9.02,9.01,9.12,9.13,9.14,9.16,9.17,9.18,9.19,9.2,9.22,9.23,1900,7100,4900,6700,44300,17200,3000,7300,8300,4400,2700,5200,1300,7700,5500,13700,9000,42400,7000,1100
197.0,9.12,524200,4796500.0,9.12,9.1,9.08,9.07,9.06,9.05,9.04,9.03,9.02,9.01,9.13,9.14,9.16,9.17,9.18,9.19,9.2,9.22,9.23,9.26,2900,12100,6100,6700,44300,17200,3000,7300,8300,4400,5200,1300,7700,5500,13700,9000,42400,7000,1100,17300
198.0,9.12,524200,4796500.0,9.12,9.1,9.08,9.07,9.06,9.05,9.04,9.03,9.02,9.01,9.13,9.14,9.16,9.17,9.18,9.19,9.2,9.22,9.23,9.26,2900,12100,6100,6700,44300,17200,3000,7300,8300,4400,5200,1300,7700,5500,13700,9000,42400,7000,1100,17300
199.0,9.12,524200,4796500.0,9.12,9.1,9.08,9.07,9.06,9.05,9.04,9.03,9.02,9.01,9.13,9.14,9.16,9.17,9.18,9.19,9.2,9.22,9.23,9.26,2900,12100,6100,6700,44300,17200,3000,7300,8300,4400,5200,1300,7700,5500,13700,9000,42400,7000,1100,17300
200.0,9.12,526500,4817481.0,9.12,9.1,9.08,9.07,9.06,9.05,9.04,9.03,9.02,9.01,9.13,9.14,9.16,9.17,9.18,9.19,9.2,9.22,9.23,9.26,1200,13100,6100,6700,44300,7200,3000,7300,8300,4400,4700,1300,7700,5500,13700,9000,42400,7000,1100,17300
201.0,9.12,526500,4817481.0,9.12,9.1,9.08,9.07,9.06,9.05,9.04,9.03,9.02,9.01,9.13,9.14,9.15,9.16,9.17,9.18,9.19,9.2,9.22,9.23,1200,13100,6100,6700,44300,7200,3000,7300,8300,4400,4700,1300,400,7700,5500,13700,9000,42400,7000,1100
202.0,9.12,526500,4817481.0,9.12,9.1,9.08,9.07,9.06,9.05,9.04,9.03,9.02,9.01,9.13,9.14,9.15,9.16,9.17,9.18,9.19,9.2,9.22,9.23,1200,13100,6100,6700,44300,7200,3000,7300,8300,4400,4700,1300,400,7700,5500,13700,9000,42400,7000,1100
203.0,9.12,528000,4831165.0,9.12,9.1,9.08,9.07,9.06,9.05,9.04,9.03,9.02,9.01,9.13,9.14,9.15,9.16,9.17,9.18,9.19,9.2,9.22,9.23,100,18100,6100,6700,44300,7200,3000,7300,8300,4400,4300,1300,400,7700,5500,13700,9000,42400,7000,1100
204.0,9.13,529200,4842121.0,9.12,9.11,9.1,9.08,9.07,9.06,9.05,9.04,9.03,9.02,9.13,9.14,9.15,9.16,9.17,9.18,9.19,9.2,9.22,9.23,7800,2000,18100,8300,7200,44300,7200,3000,7300,8300,3100,1300,400,7700,5500,13700,9000,42400,8000,1100
205.0,9.13,534800,4893224.0,9.13,9.12,9.11,9.1,9.08,9.07,9.06,9.05,9.04,9.03,9.14,9.15,9.16,9.17,9.18,9.19,9.2,9.22,9.23,9.26,7500,5300,2000,18100,8300,7200,44300,7200,3000,7300,1300,400,7700,5500,13700,9000,42400,8000,1100,17300
206.0,9.13,538500,4927005.0,9.13,9.12,9.11,9.1,9.08,9.07,9.06,9.05,9.04,9.03,9.14,9.15,9.16,9.17,9.18,9.19,9.2,9.22,9.23,9.26,4000,5300,2000,18100,8300,7200,44300,7200,3000,7300,1300,400,7700,5500,13700,9000,42400,8000,1100,17300
207.0,9.12,545800,4993623.0,9.12,9.11,9.1,9.08,9.07,9.06,9.05,9.04,9.03,9.02,9.14,9.15,9.16,9.17,9.18,9.19,9.2,9.22,9.23,9.26,2100,2000,18100,10500,7200,44300,7200,3000,7300,8300,1200,400,7700,5500,13700,9000,42400,8000,1100,17300
208.0,9.12,545800,4993623.0,9.12,9.11,9.1,9.08,9.07,9.06,9.05,9.04,9.03,9.02,9.14,9.15,9.16,9.17,9.18,9.19,9.2,9.22,9.23,9.26,14600,2000,18100,10500,10200,44300,7200,3000,7300,8300,3100,400,7700,5500,14200,9000,43400,8000,1100,17300
209.0,9.12,546600,5000919.0,9.12,9.11,9.1,9.08,9.07,9.06,9.05,9.04,9.03,9.02,9.14,9.15,9.16,9.17,9.18,9.19,9.2,9.22,9.23,9.26,14400,2000,18100,10500,10200,44300,7200,3000,7300,8300,4600,400,7700,5500,14200,9000,43400,8000,1100,17300
210.0,9.14,547000,5004575.0,9.12,9.11,9.1,9.08,9.07,9.06,9.05,9.04,9.03,9.02,9.14,9.15,9.16,9.17,9.18,9.19,9.2,9.22,9.23,9.26,17800,2000,18100,10500,10200,44500,7200,3000,7300,8300,6100,400,7700,5500,14200,9000,43400,8000,1100,17300
211.0,9.14,547000,5004575.0,9.13,9.12,9.11,9.1,9.08,9.07,9.06,9.05,9.04,9.03,9.14,9.15,9.16,9.17,9.18,9.19,9.2,9.22,9.23,9.26,1000,18000,2000,18100,10500,10300,44500,7200,3000,7300,6100,400,7700,5500,14200,9000,43400,8000,1100,17300
212.0,9.12,550600,5037429.0,9.12,9.11,9.1,9.08,9.07,9.06,9.05,9.04,9.03,9.02,9.14,9.15,9.16,9.17,9.18,9.19,9.2,9.22,9.23,9.26,20100,2000,18100,10500,22100,44500,7200,3000,7300,8300,5500,400,7700,5500,14200,9000,43400,8000,1100,17300
213.0,9.12,573100,5242639.0,9.11,9.1,9.08,9.07,9.06,9.05,9.04,9.03,9.02,9.01,9.12,9.14,9.15,9.16,9.17,9.18,9.19,9.2,9.22,9.23,2000,18100,10500,22100,44500,7200,3000,7300,8300,4400,8600,6900,400,7900,5500,12900,9000,43400,8000,1100
214.0,9.12,574200,5252671.0,9.11,9.1,9.08,9.07,9.06,9.05,9.04,9.03,9.02,9.01,9.12,9.14,9.15,9.16,9.17,9.18,9.19,9.2,9.22,9.23,2000,18100,10500,22300,44500,7200,3000,7300,8300,4400,7500,6900,400,7900,5500,12900,9000,43400,8000,1100
215.0,9.12,575200,5261791.0,9.11,9.1,9.08,9.07,9.06,9.05,9.04,9.03,9.02,9.01,9.12,9.13,9.14,9.15,9.16,9.17,9.18,9.19,9.2,9.22,2000,18100,10500,22300,44500,12700,3000,7300,8300,4400,6500,400,6900,400,7900,5500,12900,9000,43400,8000
216.0,9.12,578000,5287327.0,9.11,9.1,9.08,9.07,9.06,9.05,9.04,9.03,9.02,9.01,9.12,9.13,9.14,9.15,9.16,9.17,9.18,9.19,9.2,9.22,2000,18100,10500,22300,44500,12700,3000,7300,8300,4400,3700,400,6900,400,7900,5500,12900,9000,43400,8000
217.0,9.12,581800,5321983.0,9.12,9.11,9.1,9.08,9.07,9.06,9.05,9.04,9.03,9.02,9.13,9.14,9.15,9.16,9.17,9.18,9.19,9.2,9.22,9.23,200,2000,18100,10500,22300,44500,12700,3000,7300,8300,400,6900,400,7900,5500,12900,9000,43400,8000,1100
218.0,9.11,582700,5330188.0,9.11,9.1,9.08,9.07,9.06,9.05,9.04,9.03,9.02,9.01,9.13,9.14,9.15,9.16,9.17,9.18,9.19,9.2,9.22,9.23,1500,18100,10500,22300,44500,12700,3000,7300,9300,4400,200,6900,400,7900,5500,12900,9000,43400,8000,1100
219.0,9.11,582700,5330188.0,9.11,9.1,9.08,9.07,9.06,9.05,9.04,9.03,9.02,9.01,9.12,9.13,9.14,9.15,9.16,9.17,9.18,9.19,9.2,9.22,1500,18100,11000,22300,44500,12700,3000,7300,9300,4400,100,200,6900,400,7900,5500,12900,9000,43400,8000
220.0,9.13,583000,5332926.0,9.13,9.11,9.1,9.08,9.07,9.06,9.05,9.04,9.03,9.02,9.14,9.15,9.16,9.17,9.18,9.19,9.2,9.22,9.23,9.26,9700,1500,18100,11000,22300,44700,12700,3000,7300,9300,6900,400,7900,5500,12900,9000,43400,8000,1100,17300
221.0,9.13,583000,5332926.0,9.13,9.11,9.1,9.08,9.07,9.06,9.05,9.04,9.03,9.02,9.14,9.15,9.16,9.17,9.18,9.19,9.2,9.22,9.23,9.26,10000,1600,20100,14000,22300,44500,13500,3000,7300,9300,6900,400,7900,5500,12900,9000,43400,8000,1100,17300
222.0,9.13,593000,5424226.0,9.11,9.1,9.08,9.07,9.06,9.05,9.04,9.03,9.02,9.01,9.13,9.14,9.15,9.16,9.17,9.18,9.19,9.2,9.22,9.23,1600,20100,14000,22300,47100,13500,3000,7300,9300,7600,5000,6900,400,7900,5500,12900,9000,43400,8000,1100
223.0,9.13,593500,5428791.0,9.11,9.1,9.08,9.07,9.06,9.05,9.04,9.03,9.02,9.01,9.13,9.14,9.15,9.16,9.17,9.18,9.19,9.2,9.22,9.23,2600,20100,14000,22300,47100,13500,3000,7300,9300,7600,4500,6900,400,7900,5500,12900,9000,43400,8000,1100
224.0,9.13,594100,5434269.0,9.12,9.11,9.1,9.08,9.07,9.06,9.05,9.04,9.03,9.02,9.13,9.14,9.15,9.16,9.17,9.18,9.19,9.2,9.22,9.23,1900,2600,20100,14000,24300,47100,13500,3000,7300,9300,3900,6900,400,7900,5500,12900,9000,43400,8000,1100
225.0,9.13,594700,5439747.0,9.12,9.11,9.1,9.08,9.07,9.06,9.05,9.04,9.03,9.02,9.13,9.14,9.15,9.16,9.17,9.18,9.19,9.2,9.22,9.23,1900,2800,19100,14000,24300,47100,13500,3000,7300,9300,3300,6900,400,7900,5500,12900,9000,43400,8000,1100
226.0,9.11,599000,5478945.0,9.11,9.1,9.08,9.07,9.06,9.05,9.04,9.03,9.02,9.01,9.13,9.14,9.15,9.16,9.17,9.18,9.19,9.2,9.22,9.23,1900,19100,14100,24300,47100,13500,3000,7300,9300,8800,3000,6900,400,7900,5500,12900,9000,43400,8000,1100
227.0,9.11,614800,5622889.0,9.1,9.08,9.07,9.06,9.05,9.04,9.03,9.02,9.01,9.0,9.13,9.14,9.15,9.16,9.17,9.18,9.19,9.2,9.22,9.23,19100,14100,24300,47100,13500,3000,7300,9300,8800,17300,4100,6900,400,7900,5500,12900,9000,43400,8000,1100
228.0,9.13,615600,5630193.0,9.1,9.08,9.07,9.06,9.05,9.04,9.03,9.02,9.01,9.0,9.13,9.14,9.15,9.16,9.17,9.18,9.19,9.2,9.22,9.23,22600,14100,24300,47100,13500,3000,7300,9300,8800,17300,6800,6900,400,7900,5500,12900,9000,43400,8000,1100
229.0,9.13,615600,5630193.0,9.1,9.08,9.07,9.06,9.05,9.04,9.03,9.02,9.01,9.0,9.12,9.13,9.14,9.15,9.16,9.17,9.18,9.19,9.2,9.22,22600,14100,24500,47100,13500,3000,7300,9300,8800,17300,1600,8400,6900,400,7900,5500,12900,9000,43400,8000
230.0,9.1,620000,5670235.0,9.1,9.08,9.07,9.06,9.05,9.04,9.03,9.02,9.01,9.0,9.12,9.13,9.14,9.15,9.16,9.17,9.18,9.19,9.2,9.22,19700,14100,25000,47100,13500,3000,7300,9300,8800,17300,1500,8400,6900,400,7900,5500,12900,9000,43400,9000
231.0,9.1,620000,5670235.0,9.1,9.08,9.07,9.06,9.05,9.04,9.03,9.02,9.01,9.0,9.12,9.13,9.14,9.15,9.16,9.17,9.18,9.19,9.2,9.22,20800,14100,25000,47100,13500,3000,7300,9300,8800,18300,1500,8400,6900,400,7900,5500,12900,9000,43400,9000
232.0,9.1,635000,5806735.0,9.1,9.08,9.07,9.06,9.05,9.04,9.03,9.02,9.01,9.0,9.12,9.13,9.14,9.15,9.16,9.17,9.18,9.19,9.2,9.22,13500,17400,22900,47100,16300,3000,7300,9300,8800,18300,3100,8400,6900,400,7900,5500,12900,9000,43400,9000
233.0,9.12,635300,5809471.0,9.1,9.08,9.07,9.06,9.05,9.04,9.03,9.02,9.01,9.0,9.12,9.13,9.14,9.15,9.16,9.17,9.18,9.19,9.2,9.22,11900,17400,22900,47100,16300,3000,7300,9300,8800,18300,2800,8400,6900,20800,7900,5500,12900,9000,43400,9000
234.0,9.12,635500,5811295.0,9.1,9.08,9.07,9.06,9.05,9.04,9.03,9.02,9.01,9.0,9.12,9.13,9.14,9.15,9.16,9.17,9.18,9.19,9.2,9.22,11900,17400,22900,47100,16300,3000,7300,9600,8800,18300,2600,58900,6900,20800,7900,5500,12900,9000,43400,9000
235.0,9.12,635500,5811295.0,9.1,9.08,9.07,9.06,9.05,9.04,9.03,9.02,9.01,9.0,9.12,9.13,9.14,9.15,9.16,9.17,9.18,9.19,9.2,9.22,13400,17400,22900,47100,16800,3000,7300,9600,8800,18300,4100,58900,6900,20800,7900,5500,12900,9000,43400,9000
236.0,9.12,635500,5811295.0,9.1,9.08,9.07,9.06,9.05,9.04,9.03,9.02,9.01,9.0,9.12,9.13,9.14,9.15,9.16,9.17,9.18,9.19,9.2,9.22,13400,17400,22900,47100,18800,3000,7300,9600,8800,18300,4100,58900,6900,20800,7900,5500,12900,9000,43400,9000
237.0,9.12,635900,5814943.0,9.1,9.08,9.07,9.06,9.05,9.04,9.03,9.02,9.01,9.0,9.12,9.13,9.14,9.15,9.16,9.17,9.18,9.19,9.2,9.22,13400,17400,22900,47100,18800,3000,7300,9600,8800,19200,3700,58900,6900,20800,7900,5500,12900,9000,43400,9000
238.0,9.12,635900,5814943.0,9.1,9.08,9.07,9.06,9.05,9.04,9.03,9.02,9.01,9.0,9.12,9.13,9.14,9.15,9.16,9.17,9.18,9.19,9.2,9.22,14900,17400,28800,47100,18800,3000,7300,9600,8800,19200,6000,58900,6900,20800,7900,5500,12900,9000,43400,9000
239.0,9.12,635900,5814943.0,9.1,9.08,9.07,9.06,9.05,9.04,9.03,9.02,9.01,9.0,9.12,9.13,9.14,9.15,9.16,9.17,9.18,9.19,9.2,9.22,14900,17400,28800,47100,18800,3000,7300,9600,8800,19200,6000,58900,6900,20800,7900,5500,12900,9000,43400,9000
240.0,9.12,637700,5831359.0,9.1,9.08,9.07,9.06,9.05,9.04,9.03,9.02,9.01,9.0,9.12,9.13,9.14,9.15,9.16,9.17,9.18,9.19,9.2,9.22,16300,17400,28800,47700,19000,3000,7300,9600,8800,19200,4200,58900,6900,20800,7900,5500,12900,9000,43400,9000
241.0,9.12,638100,5835007.0,9.1,9.08,9.07,9.06,9.05,9.04,9.03,9.02,9.01,9.0,9.12,9.13,9.14,9.15,9.16,9.17,9.18,9.19,9.2,9.22,16300,17400,28800,47700,19000,3000,7300,9600,8800,17200,6800,58900,6900,20800,7900,5500,12900,9000,43400,9000
242.0,9.12,638100,5835007.0,9.1,9.08,9.07,9.06,9.05,9.04,9.03,9.02,9.01,9.0,9.12,9.13,9.14,9.15,9.16,9.17,9.18,9.19,9.2,9.22,17800,17400,28800,47700,19000,3000,7300,9600,8800,19200,8600,58900,6900,20800,7900,1700,12900,9000,43400,9000
243.0,9.12,638100,5835007.0,9.1,9.08,9.07,9.06,9.05,9.04,9.03,9.02,9.01,9.0,9.12,9.13,9.14,9.15,9.16,9.17,9.18,9.19,9.2,9.22,19800,17400,28800,47700,19500,3000,7300,9600,8800,21200,8600,58900,6900,20800,7900,1700,12900,9000,43400,9000
244.0,9.1,656100,5998823.0,9.1,9.08,9.07,9.06,9.05,9.04,9.03,9.02,9.01,9.0,9.12,9.13,9.14,9.15,9.16,9.17,9.18,9.19,9.2,9.22,2600,19500,27300,47700,20900,3000,7300,9600,8800,21200,7800,58900,6900,20800,7900,1700,12900,9000,43400,9000
245.0,9.1,656100,5998823.0,9.11,9.1,9.08,9.07,9.06,9.05,9.03,9.02,9.01,9.0,9.12,9.13,9.14,9.15,9.16,9.17,9.18,9.19,9.2,9.22,500,4100,19500,28300,47700,20900,7300,9600,8800,21200,9300,58900,6900,20800,7900,1700,12900,9000,43400,9000
246.0,9.1,660700,6040688.0,9.08,9.07,9.06,9.05,9.03,9.02,9.01,9.0,8.99,8.98,9.1,9.12,9.13,9.14,9.15,9.16,9.17,9.18,9.19,9.2,19500,28300,47700,20900,7300,9600,8800,21200,7200,1500,3600,9300,58900,6900,20800,7900,1700,12900,9000,43400
247.0,9.1,661600,6048878.0,9.08,9.07,9.06,9.05,9.03,9.02,9.01,9.0,8.99,8.98,9.1,9.12,9.13,9.14,9.15,9.16,9.17,9.18,9.19,9.2,19500,28300,47700,21100,7300,9600,8800,21700,7200,1500,2700,9300,58900,6900,20800,7900,1700,12900,9000,43400
248.0,9.1,661800,6050698.0,9.08,9.07,9.06,9.05,9.03,9.02,9.01,9.0,8.99,8.98,9.1,9.12,9.13,9.14,9.15,9.16,9.17,9.18,9.19,9.2,22100,28300,47700,21100,7300,9600,9300,21700,7200,1500,4100,9300,58900,6900,20800,7900,1700,12900,9000,43400
249.0,9.1,661800,6050698.0,9.08,9.07,9.06,9.05,9.03,9.02,9.01,9.0,8.99,8.98,9.1,9.12,9.13,9.14,9.15,9.16,9.17,9.18,9.19,9.2,22100,29400,47700,21100,7300,9600,9300,21700,7200,1500,4100,9300,58900,6900,20800,7900,1700,12900,9000,43400
250.0,9.1,662800,6059798.0,9.08,9.07,9.06,9.05,9.03,9.02,9.01,9.0,8.99,8.98,9.1,9.12,9.13,9.14,9.15,9.16,9.17,9.18,9.19,9.2,22100,29400,47700,22100,7300,9600,9300,22700,7200,1500,3100,9300,58900,6900,20800,7900,1700,12900,9000,43400
251.0,9.1,665700,6086188.0,9.08,9.07,9.06,9.05,9.03,9.02,9.01,9.0,8.99,8.98,9.1,9.11,9.12,9.13,9.14,9.15,9.16,9.17,9.18,9.19,23600,29900,39200,22100,7300,9600,9300,22700,7200,1500,1700,1400,9300,58900,6900,20800,7900,1700,12900,9000
252.0,9.08,666700,6095268.0,9.08,9.07,9.06,9.05,9.03,9.02,9.01,9.0,8.99,8.98,9.09,9.1,9.11,9.12,9.13,9.14,9.15,9.16,9.17,9.18,22600,27600,39200,22100,7300,9600,9300,23700,7200,1500,100,1700,1400,9300,58900,6900,20800,7900,1700,12900
253.0,9.1,668100,6108007.0,9.08,9.07,9.06,9.05,9.03,9.02,9.01,9.0,8.99,8.98,9.1,9.11,9.12,9.13,9.14,9.15,9.16,9.17,9.18,9.19,22800,27600,39200,22100,7300,9600,10300,23700,7200,1600,400,1400,8500,58900,6900,20800,7900,1700,12900,9000
254.0,9.1,668100,6108007.0,9.08,9.07,9.06,9.05,9.03,9.02,9.01,9.0,8.99,8.98,9.1,9.11,9.12,9.13,9.14,9.15,9.16,9.17,9.18,9.19,24300,27600,39200,22100,7300,9600,14900,24000,7200,1600,1900,1400,8500,58900,6900,20800,7900,1700,12900,9000
255.0,9.1,668600,6112557.0,9.08,9.07,9.06,9.05,9.03,9.02,9.01,9.0,8.99,8.98,9.1,9.11,9.12,9.13,9.14,9.15,9.16,9.17,9.18,9.19,24400,27600,40200,22100,7300,9600,14900,24000,7200,1600,1400,1400,8500,58900,6900,20800,7900,1700,12900,9000
256.0,9.08,693100,6335019.0,9.07,9.06,9.05,9.03,9.02,9.01,9.0,8.99,8.98,8.97,9.08,9.1,9.11,9.12,9.13,9.14,9.15,9.16,9.17,9.18,27600,40200,22100,7300,9600,14900,24000,7200,1600,500,7000,1300,1400,8500,58900,6900,20800,7900,1700,12900
257.0,9.08,694800,6350455.0,9.07,9.06,9.05,9.03,9.02,9.01,9.0,8.99,8.98,8.97,9.08,9.1,9.11,9.12,9.13,9.14,9.15,9.16,9.17,9.18,27600,40200,22100,7300,9600,14900,24000,7200,1600,500,5300,1300,1400,8500,58900,6900,20800,7900,1700,12900
258.0,9.08,696000,6361351.0,9.07,9.06,9.05,9.03,9.02,9.01,9.0,8.99,8.98,8.97,9.08,9.1,9.11,9.12,9.13,9.14,9.15,9.16,9.17,9.18,27600,41200,22100,7300,9600,14900,24000,7200,1600,500,4100,1300,1400,8500,58900,6900,20800,7900,1700,12900
259.0,9.1,701400,6410409.0,9.1,9.07,9.06,9.05,9.03,9.02,9.01,9.0,8.99,8.98,9.11,9.12,9.13,9.14,9.15,9.16,9.17,9.18,9.19,9.2,4800,27600,41200,22100,7300,9600,14900,24000,7200,1600,1400,8500,58900,6900,20800,7900,1700,12900,9000,43600
260.0,9.1,701400,6410409.0,9.1,9.08,9.07,9.06,9.05,9.03,9.02,9.01,9.0,8.99,9.11,9.12,9.13,9.14,9.15,9.16,9.17,9.18,9.19,9.2,4800,400,27600,41200,22100,7300,9600,14900,24000,7200,1400,8500,58900,6900,20800,7900,1700,12900,9000,43600
261.0,9.11,701500,6411320.0,9.1,9.08,9.07,9.06,9.05,9.03,9.02,9.01,9.0,8.99,9.11,9.12,9.13,9.14,9.15,9.16,9.17,9.18,9.19,9.2,4800,400,27600,41200,22100,7300,9600,14900,24000,7200,1300,8500,58900,6900,20800,7900,1700,12900,9000,43600
262.0,9.1,702400,6419510.0,9.1,9.08,9.07,9.06,9.05,9.03,9.02,9.01,9.0,8.99,9.11,9.12,9.13,9.14,9.15,9.16,9.17,9.18,9.19,9.2,3900,400,27600,41200,22100,7300,9600,14900,24000,7200,1300,8500,58900,6900,20800,7900,1700,12900,9000,43600
263.0,9.11,702700,6422243.0,9.1,9.08,9.07,9.06,9.05,9.03,9.02,9.01,9.0,8.99,9.11,9.12,9.13,9.14,9.15,9.16,9.17,9.18,9.19,9.2,3900,900,27600,41200,22100,7300,9600,14900,24000,7200,1000,8500,58900,6900,20800,7900,1700,12900,9000,43600
264.0,9.1,703000,6424974.0,9.1,9.08,9.07,9.06,9.05,9.03,9.02,9.01,9.0,8.99,9.11,9.12,9.13,9.14,9.15,9.16,9.17,9.18,9.19,9.2,3700,900,27600,41200,22100,7300,9600,14900,24500,7200,900,5500,58900,6900,20800,7900,1700,12900,9000,43600
265.0,9.1,703000,6424974.0,9.1,9.08,9.07,9.06,9.05,9.03,9.02,9.01,9.0,8.99,9.11,9.12,9.13,9.14,9.15,9.16,9.17,9.18,9.19,9.2,3700,900,27600,41200,22400,7300,9600,25000,24500,7200,900,5500,58900,6900,20800,7900,1700,12900,9000,43600
266.0,9.1,705800,6450454.0,9.1,9.08,9.07,9.06,9.05,9.03,9.02,9.01,9.0,8.99,9.11,9.12,9.13,9.14,9.15,9.16,9.17,9.18,9.19,9.2,900,900,27800,41200,22400,7300,9600,25000,24500,7200,900,5500,58900,6900,20800,7900,1700,12900,9000,43600
267.0,9.08,707300,6464092.0,9.08,9.07,9.06,9.05,9.03,9.02,9.01,9.0,8.99,8.98,9.11,9.12,9.13,9.14,9.15,9.16,9.17,9.18,9.19,9.2,300,27800,41200,22900,7300,9600,25000,24500,7200,1600,900,5500,58900,6900,20800,7900,1700,12900,9000,43600
268.0,9.08,707300,6464092.0,9.08,9.07,9.06,9.05,9.03,9.02,9.01,9.0,8.99,8.98,9.11,9.12,9.13,9.14,9.15,9.16,9.17,9.18,9.19,9.2,4700,28100,41200,22900,7300,9600,25000,24500,7200,2400,3100,5500,59900,6900,20800,7900,1700,12900,9000,43600
269.0,9.08,707900,6469552.0,9.08,9.07,9.06,9.05,9.03,9.02,9.01,9.0,8.99,8.98,9.11,9.12,9.13,9.14,9.15,9.16,9.17,9.18,9.19,9.2,6000,28100,41200,22900,7300,9600,25000,24500,7200,2400,4200,5500,59900,6900,20800,7900,1700,12900,9000,43600
270.0,9.08,708800,6477736.0,9.08,9.07,9.06,9.05,9.03,9.02,9.01,9.0,8.99,8.98,9.11,9.12,9.13,9.14,9.15,9.16,9.17,9.18,9.19,9.2,7700,28200,41200,22900,7300,9600,25600,24500,7200,2400,6000,5500,59900,6900,20800,7900,1700,12900,9000,43600
271.0,9.11,709400,6483202.0,9.08,9.07,9.06,9.05,9.03,9.02,9.01,9.0,8.99,8.98,9.11,9.12,9.13,9.14,9.15,9.16,9.17,9.18,9.19,9.2,7700,33200,41200,22900,7300,6900,25600,25600,7200,2400,5400,5200,59900,6900,20800,7900,1700,12900,9000,43600
272.0,9.08,710000,6488650.0,9.08,9.07,9.06,9.05,9.03,9.02,9.01,9.0,8.99,8.98,9.11,9.12,9.13,9.14,9.15,9.16,9.17,9.18,9.19,9.2,17200,33200,41200,22900,7300,7100,25600,25600,7200,2400,9000,5200,59900,6900,20800,7900,1700,12900,9000,43600
273.0,9.08,710000,6488650.0,9.08,9.07,9.06,9.05,9.03,9.02,9.01,9.0,8.99,8.98,9.11,9.12,9.13,9.14,9.15,9.16,9.17,9.18,9.19,9.2,21500,33800,41200,22900,7300,7100,25600,30800,7200,2400,9000,5200,59900,6900,20800,7900,1700,12900,9000,43600
274.0,9.08,710000,6488650.0,9.08,9.07,9.06,9.05,9.04,9.03,9.02,9.01,9.0,8.99,9.11,9.12,9.13,9.14,9.15,9.16,9.17,9.18,9.19,9.2,23500,33800,41300,22900,2600,7300,7100,25600,30800,7200,11000,5200,59900,6900,20800,7900,1700,12900,9000,43600
275.0,9.08,713600,6521431.0,9.08,9.07,9.06,9.05,9.04,9.03,9.02,9.01,9.0,8.99,9.11,9.12,9.13,9.14,9.15,9.16,9.17,9.18,9.19,9.2,24700,33800,41300,23900,2600,7300,7100,25600,31400,7200,9300,5200,59900,6900,20800,7900,1700,12900,9000,43600
276.0,9.08,718600,6566831.0,9.08,9.07,9.06,9.05,9.04,9.03,9.02,9.01,9.0,8.99,9.11,9.12,9.13,9.14,9.15,9.16,9.17,9.18,9.19,9.2,19700,33800,41300,23900,2600,7300,7100,25600,31700,7200,9300,5200,59900,6900,20800,7900,1700,12900,9000,43600
277.0,9.08,722500,6602243.0,9.08,9.07,9.06,9.05,9.04,9.03,9.02,9.01,9.0,8.99,9.11,9.12,9.13,9.14,9.15,9.16,9.17,9.18,9.19,9.2,18100,33800,41300,23900,2600,7300,7100,25600,31700,7200,11400,5200,59900,6900,20800,7900,1700,12900,9000,43600
278.0,9.11,724500,6620463.0,9.08,9.07,9.06,9.05,9.04,9.03,9.02,9.01,9.0,8.99,9.11,9.12,9.13,9.14,9.15,9.16,9.17,9.18,9.19,9.2,19100,33800,41300,23900,2600,7300,7100,25600,31700,7200,10400,5200,59900,6900,20800,7900,1700,12900,9000,42600
279.0,9.11,724500,6620463.0,9.08,9.07,9.06,9.05,9.04,9.03,9.02,9.01,9.0,8.99,9.11,9.12,9.13,9.14,9.15,9.16,9.17,9.18,9.19,9.2,22100,33800,41300,23900,2600,7300,7100,25600,31700,7200,12600,5200,59900,6900,20800,7900,1700,12900,9000,42600
280.0,9.11,725900,6633217.0,9.08,9.07,9.06,9.05,9.04,9.03,9.02,9.01,9.0,8.99,9.11,9.12,9.13,9.14,9.15,9.16,9.17,9.18,9.19,9.2,22100,33800,41300,23900,2600,7300,7100,25600,31700,7200,11200,5200,59900,6900,20800,7900,1700,12900,9000,42600
281.0,9.08,726000,6634125.0,9.08,9.07,9.06,9.05,9.04,9.03,9.02,9.01,9.0,8.99,9.11,9.12,9.13,9.14,9.15,9.16,9.17,9.18,9.19,9.2,24800,33800,41300,23900,2600,7300,7100,25600,31700,10200,14000,5200,59900,6900,20800,7900,1700,12900,9000,42600
282.0,9.11,727000,6643235.0,9.08,9.07,9.06,9.05,9.04,9.03,9.02,9.01,9.0,8.99,9.11,9.12,9.13,9.14,9.15,9.16,9.17,9.18,9.19,9.2,24800,33800,41300,23900,2600,7300,7100,25600,31700,10200,13000,5200,59900,6900,20800,7900,1700,12900,9000,42600
283.0,9.11,727000,6643235.0,9.08,9.07,9.06,9.05,9.04,9.03,9.02,9.01,9.0,8.99,9.11,9.12,9.13,9.14,9.15,9.16,9.17,9.18,9.19,9.2,25800,33800,41300,23900,2600,7300,7100,26000,31900,11400,13000,5200,59900,6900,20800,7900,1700,12900,9000,42600
284.0,9.11,727000,6643235.0,9.08,9.07,9.06,9.05,9.04,9.03,9.02,9.01,9.0,8.99,9.11,9.12,9.13,9.14,9.15,9.16,9.17,9.18,9.19,9.2,26800,33800,41300,23900,2600,7300,7100,26000,32400,11400,14000,5200,59900,6900,20800,7900,1700,12900,9000,42600
285.0,9.08,731000,6679615.0,9.08,9.07,9.06,9.05,9.04,9.03,9.02,9.01,9.0,8.99,9.11,9.12,9.13,9.14,9.15,9.16,9.17,9.18,9.19,9.2,31000,34800,41300,23900,2600,7300,7100,26000,32400,11400,12000,5200,59900,6900,20800,7900,1700,12900,9000,42600
286.0,9.08,733500,6702378.0,9.08,9.07,9.06,9.05,9.04,9.03,9.02,9.01,9.0,8.99,9.11,9.12,9.13,9.14,9.15,9.16,9.17,9.18,9.19,9.2,30600,34800,41300,23900,2600,7300,7100,26000,32400,11400,9900,5200,59900,6900,20800,7900,1700,12900,9000,42600
287.0,9.08,734400,6710550.0,9.09,9.08,9.07,9.06,9.05,9.04,9.03,9.02,9.01,9.0,9.11,9.12,9.13,9.14,9.15,9.16,9.17,9.18,9.19,9.2,200,29700,34800,41300,25900,2600,7300,7100,26000,32400,9900,5200,59900,6900,20800,7900,1700,12900,9000,51800
288.0,9.08,734400,6710550.0,9.09,9.08,9.07,9.06,9.05,9.04,9.03,9.02,9.01,9.0,9.11,9.12,9.13,9.14,9.15,9.16,9.17,9.18,9.19,9.2,700,30500,25200,41300,25900,2600,7300,11900,26000,33400,9900,5200,59900,6900,20800,7900,1700,12900,9000,51800
289.0,9.08,742400,6783224.0,9.08,9.07,9.06,9.05,9.04,9.03,9.02,9.01,9.0,8.99,9.11,9.12,9.13,9.14,9.15,9.16,9.17,9.18,9.19,9.2,24100,25200,41300,25900,2600,7300,11900,26000,38400,11400,9000,5200,59900,6900,20800,7900,1700,12900,9000,51800
290.0,9.11,742700,6785957.0,9.09,9.08,9.07,9.06,9.05,9.04,9.03,9.02,9.01,9.0,9.11,9.12,9.13,9.14,9.15,9.16,9.17,9.18,9.19,9.2,100,28100,25200,41300,25900,2600,7300,11900,26000,38400,8700,5200,59900,6900,20800,7900,1700,12900,9000,51800
291.0,9.08,756600,6912170.0,9.08,9.07,9.06,9.05,9.04,9.03,9.02,9.01,9.0,8.99,9.09,9.11,9.12,9.13,9.14,9.15,9.16,9.17,9.18,9.19,20900,25200,41300,25900,2600,7300,11900,26000,38400,11400,9900,8700,5200,59900,6900,20800,7900,1700,12900,9000
292.0,9.08,758800,6932164.0,9.08,9.07,9.06,9.05,9.04,9.03,9.02,9.01,9.0,8.99,9.09,9.11,9.12,9.13,9.14,9.15,9.16,9.17,9.18,9.19,20500,25200,41300,25900,2600,7300,13700,26000,38400,11400,8100,8700,5200,59900,6900,20800,7900,1700,12900,9000
293.0,9.08,758800,6932164.0,9.08,9.07,9.06,9.05,9.04,9.03,9.02,9.01,9.0,8.99,9.09,9.11,9.12,9.13,9.14,9.15,9.16,9.17,9.18,9.19,20500,25200,41300,25900,2600,7300,13700,26000,38400,11400,8100,8700,5200,59900,6900,20800,7900,1700,12900,9000
294.0,9.08,758800,6932164.0,9.08,9.07,9.06,9.05,9.04,9.03,9.02,9.01,9.0,8.99,9.09,9.11,9.12,9.13,9.14,9.15,9.16,9.17,9.18,9.19,33000,25200,41300,25900,2600,7300,13700,26000,38600,11400,8100,8700,5200,59900,6900,20800,7900,1700,12900,9000
295.0,9.08,758800,6932164.0,9.08,9.07,9.06,9.05,9.04,9.03,9.02,9.01,9.0,8.99,9.09,9.11,9.12,9.13,9.14,9.15,9.16,9.17,9.18,9.19,33000,25200,41300,25900,2600,9300,13700,26000,38800,13400,8100,8700,5200,59900,6900,20800,7900,1700,12900,9000
296.0,9.09,759600,6939436.0,9.08,9.07,9.06,9.05,9.04,9.03,9.02,9.01,9.0,8.99,9.09,9.11,9.12,9.13,9.14,9.15,9.16,9.17,9.18,9.19,33300,26400,41300,25900,2600,9300,13700,26000,38800,13400,7300,8700,5200,59900,6900,20800,7900,1700,12900,9000
297.0,9.09,759600,6939436.0,9.08,9.07,9.06,9.05,9.04,9.03,9.02,9.01,9.0,8.99,9.09,9.11,9.12,9.13,9.14,9.15,9.16,9.17,9.18,9.19,35000,26400,41300,25900,2600,9300,13700,26000,38800,13400,9300,8700,5200,59900,6900,20800,7900,1700,12900,9000
298.0,9.09,761400,6955798.0,9.08,9.07,9.06,9.05,9.04,9.03,9.02,9.01,9.0,8.99,9.09,9.11,9.12,9.13,9.14,9.15,9.16,9.17,9.18,9.19,37400,26400,41300,30900,2600,9300,13700,26000,38800,13400,7500,8700,5200,59900,6900,20800,7900,1700,12900,9000
299.0,9.08,766000,6997604.0,9.08,9.07,9.06,9.05,9.04,9.03,9.02,9.01,9.0,8.99,9.09,9.11,9.12,9.13,9.14,9.15,9.16,9.17,9.18,9.19,36600,26500,51300,30900,2600,9300,13700,36000,40300,13400,3700,8700,5200,59900,6900,20800,7900,1700,12900,9000
300.0,9.08,766000,6997604.0,9.08,9.07,9.06,9.05,9.04,9.03,9.02,9.01,9.0,8.99,9.09,9.11,9.12,9.13,9.14,9.15,9.16,9.17,9.18,9.19,38800,26500,51300,30900,2600,9300,16400,36000,39600,13400,3700,8700,5200,59900,6900,20800,7900,1700,12900,9000
301.0,9.08,767000,7006684.0,9.08,9.07,9.06,9.05,9.04,9.03,9.02,9.01,9.0,8.99,9.09,9.11,9.12,9.13,9.14,9.15,9.16,9.17,9.18,9.19,37800,26500,52300,30900,2600,9300,18900,36000,39600,13400,3700,8700,5200,59900,6900,20800,7900,1700,12900,9000
302.0,9.09,767500,7011229.0,9.08,9.07,9.06,9.05,9.04,9.03,9.02,9.01,9.0,8.99,9.09,9.11,9.12,9.13,9.14,9.15,9.16,9.17,9.18,9.19,37800,26500,52300,31100,2600,9300,18900,36000,39300,13400,3200,8700,5200,59900,6900,20800,7900,1700,12900,9000
303.0,9.09,767500,7011229.0,9.08,9.07,9.06,9.05,9.04,9.03,9.02,9.01,9.0,8.99,9.09,9.11,9.12,9.13,9.14,9.15,9.16,9.17,9.18,9.19,39800,26500,52300,31100,2600,9300,18900,36000,39300,13400,8900,8700,5200,59900,6900,20800,7900,1700,12900,9000
304.0,9.09,768500,7020319.0,9.08,9.07,9.06,9.05,9.04,9.03,9.02,9.01,9.0,8.99,9.09,9.11,9.12,9.13,9.14,9.15,9.16,9.17,9.18,9.19,41700,26500,52300,31100,2600,9300,18900,36000,39300,13400,7900,8700,5200,59900,6900,20800,7900,1700,12900,9000
305.0,9.09,768500,7020319.0,9.08,9.07,9.06,9.05,9.04,9.03,9.02,9.01,9.0,8.99,9.09,9.11,9.12,9.13,9.14,9.15,9.16,9.17,9.18,9.19,41700,26500,52300,31100,2600,9300,18900,38000,40300,13400,7900,8700,5200,59900,6900,20800,7900,1700,12900,9000
306.0,9.08,770600,7039405.0,9.08,9.07,9.06,9.05,9.04,9.03,9.02,9.01,9.0,8.99,9.09,9.11,9.12,9.13,9.14,9.15,9.16,9.17,9.18,9.19,41400,26500,52300,31100,2600,9300,18900,39000,40300,13400,13400,8700,5200,59900,6900,20800,7900,1700,12900,9000
307.0,9.08,770600,7039405.0,9.08,9.07,9.06,9.05,9.04,9.03,9.02,9.01,9.0,8.99,9.09,9.11,9.12,9.13,9.14,9.15,9.16,9.17,9.18,9.19,41400,26500,52300,29100,2600,9300,18900,39000,43800,13400,13500,8700,5200,59900,6900,20800,7900,1700,12900,9000
308.0,9.08,770600,7039405.0,9.08,9.07,9.06,9.05,9.04,9.03,9.02,9.01,9.0,8.99,9.09,9.11,9.12,9.13,9.14,9.15,9.16,9.17,9.18,9.19,41400,26500,52800,29100,2600,9300,18900,39000,43800,13400,13800,8700,5200,59900,6900,20800,7900,1700,12900,9000
309.0,9.08,775400,7083000.0,9.08,9.07,9.06,9.05,9.04,9.03,9.02,9.01,9.0,8.99,9.09,9.11,9.12,9.13,9.14,9.15,9.16,9.17,9.18,9.19,37700,26500,52800,29100,2600,9600,18900,39000,43800,13400,30700,8700,5200,59900,6900,20800,7900,1700,12900,9000
310.0,9.08,777900,7105722.0,9.08,9.07,9.06,9.05,9.04,9.03,9.02,9.01,9.0,8.99,9.09,9.11,9.12,9.13,9.14,9.15,9.16,9.17,9.18,9.19,37400,26500,52800,29300,2600,9600,18900,39000,43800,13400,28700,8700,5200,59900,6900,20800,7900,1700,12900,9000
311.0,9.08,799900,7305482.0,9.08,9.07,9.06,9.05,9.04,9.03,9.02,9.01,9.0,8.99,9.09,9.11,9.12,9.13,9.14,9.15,9.16,9.17,9.18,9.19,15400,25500,52800,29300,2600,9600,18900,39000,45800,13400,28900,8700,5200,59900,6900,20800,7900,1700,12900,9000
312.0,9.08,803800,7340899.0,9.08,9.07,9.06,9.05,9.04,9.03,9.02,9.01,9.0,8.99,9.09,9.11,9.12,9.13,9.14,9.15,9.16,9.17,9.18,9.19,19700,25500,52800,29300,2600,9600,18900,39000,45800,13400,28400,8700,5200,58000,6900,20800,7900,1700,12900,9000
313.0,9.09,805000,7351807.0,9.08,9.07,9.06,9.05,9.04,9.03,9.02,9.01,9.0,8.99,9.09,9.11,9.12,9.13,9.14,9.15,9.16,9.17,9.18,9.19,20700,25500,52800,29300,2600,9600,18900,39000,45800,13400,27200,8700,5200,58000,6900,20800,7900,1700,12900,9000
314.0,9.09,806100,7361806.0,9.08,9.07,9.06,9.05,9.04,9.03,9.02,9.01,9.0,8.99,9.09,9.11,9.12,9.13,9.14,9.15,9.16,9.17,9.18,9.19,20700,25500,52800,29300,2600,9600,28900,39000,45800,13400,26100,8700,5200,58000,6900,20800,7900,1700,12900,9000
315.0,9.09,806100,7361806.0,9.08,9.07,9.06,9.05,9.04,9.03,9.02,9.01,9.0,8.99,9.09,9.11,9.12,9.13,9.14,9.15,9.16,9.17,9.18,9.19,20700,25900,52800,29300,2600,9600,28900,39000,48800,13400,26100,8700,5200,58000,6900,20800,7900,1700,12900,9000
316.0,9.09,807200,7371805.0,9.08,9.07,9.06,9.05,9.04,9.03,9.02,9.01,9.0,8.99,9.09,9.11,9.12,9.13,9.14,9.15,9.16,9.17,9.18,9.19,23000,25900,52800,29300,2600,9600,28900,39000,48800,13400,24600,8700,5200,58000,6900,20800,7900,1700,12900,9000
317.0,9.08,807600,7375437.0,9.08,9.07,9.06,9.05,9.04,9.03,9.02,9.01,9.0,8.99,9.09,9.11,9.12,9.13,9.14,9.15,9.16,9.17,9.18,9.19,22600,27400,52800,29300,2600,9600,28900,39000,48800,13400,24600,8700,5200,58000,6900,20800,7900,1700,12900,9000
318.0,9.08,807600,7375437.0,9.08,9.07,9.06,9.05,9.04,9.03,9.02,9.01,9.0,8.99,9.09,9.11,9.12,9.13,9.14,9.15,9.16,9.17,9.18,9.19,22600,27400,52800,29300,2600,9600,28900,39000,48800,13400,24600,8700,5200,58000,6900,20800,7900,1700,12900,9000
319.0,9.08,809800,7395424.0,9.08,9.07,9.06,9.05,9.04,9.03,9.02,9.01,9.0,8.99,9.09,9.11,9.12,9.13,9.14,9.15,9.16,9.17,9.18,9.19,21700,27600,52800,29300,2600,9600,28900,39000,48800,13400,23500,8700,5200,58000,6900,20800,7900,1700,12900,9000
320.0,9.08,809800,7395424.0,9.08,9.07,9.06,9.05,9.04,9.03,9.02,9.01,9.0,8.99,9.09,9.11,9.12,9.13,9.14,9.15,9.16,9.17,9.18,9.19,21700,27600,52800,29300,2600,9600,29100,39000,48800,13400,23500,8700,5200,58000,6900,20800,7900,1700,12900,9000
321.0,9.09,813100,7425421.0,9.08,9.07,9.06,9.05,9.04,9.03,9.02,9.01,9.0,8.99,9.09,9.11,9.12,9.13,9.14,9.15,9.16,9.17,9.18,9.19,21700,27600,52800,29300,2600,9600,29100,39000,48800,13400,20200,8700,5200,58000,6900,20800,7900,1700,12900,9000
322.0,9.08,816300,7454488.0,9.08,9.07,9.06,9.05,9.04,9.03,9.02,9.01,9.0,8.99,9.09,9.11,9.12,9.13,9.14,9.15,9.16,9.17,9.18,9.19,20600,27600,17100,29300,2600,9600,29100,39000,48800,13400,19100,8700,5200,58000,6900,20800,7900,1700,12900,9000
323.0,9.09,826400,7546296.0,9.08,9.07,9.06,9.05,9.04,9.03,9.02,9.01,9.0,8.99,9.09,9.11,9.12,9.13,9.14,9.15,9.16,9.17,9.18,9.19,21000,29600,17100,29500,2600,9600,29100,39000,48800,13400,12100,8700,5200,58000,6900,20800,7900,1700,12900,9000
324.0,9.09,826400,7546296.0,9.08,9.07,9.06,9.05,9.04,9.03,9.02,9.01,9.0,8.99,9.09,9.11,9.12,9.13,9.14,9.15,9.16,9.17,9.18,9.19,21000,30600,17100,30000,2600,9600,29100,39000,48800,14000,12100,8700,5200,58000,6900,20800,7900,1700,12900,9000
325.0,9.08,835200,7626211.0,9.08,9.07,9.06,9.05,9.04,9.03,9.02,9.01,9.0,8.99,9.09,9.11,9.12,9.13,9.14,9.15,9.16,9.17,9.18,9.19,13800,30600,17100,30000,2600,9600,29100,39000,49300,14000,3400,8700,5200,58000,6900,20800,7900,1700,19900,9000
326.0,9.08,835200,7626211.0,9.08,9.07,9.06,9.05,9.04,9.03,9.02,9.01,9.0,8.99,9.09,9.11,9.12,9.13,9.14,9.15,9.16,9.17,9.18,9.19,13800,30600,17100,36900,2600,9600,29100,39000,49300,14000,3500,8700,5200,58000,6900,20800,7900,1700,19900,9000
327.0,9.08,835600,7629843.0,9.08,9.07,9.06,9.05,9.04,9.03,9.02,9.01,9.0,8.99,9.09,9.11,9.12,9.13,9.14,9.15,9.16,9.17,9.18,9.19,13400,30600,17100,36900,2600,10600,29100,39000,49300,14000,3500,8700,5200,58000,6900,20800,7900,1700,19900,9000
328.0,9.09,835900,7632570.0,9.08,9.07,9.06,9.05,9.04,9.03,9.02,9.01,9.0,8.99,9.09,9.11,9.12,9.13,9.14,9.15,9.16,9.17,9.18,9.19,13400,32600,17100,36600,2600,10600,29100,39000,54300,14000,3200,8700,5200,58000,6900,20800,7900,1700,19900,9000
329.0,9.08,844200,7707937.0,9.08,9.07,9.06,9.05,9.04,9.03,9.02,9.01,9.0,8.99,9.09,9.11,9.12,9.13,9.14,9.15,9.16,9.17,9.18,9.19,11400,32600,17100,36600,2600,10600,29100,39000,55300,14000,2900,8700,5200,58000,6900,20800,7900,1700,19900,9000
330.0,9.09,847100,7734298.0,9.09,9.08,9.07,9.06,9.05,9.04,9.03,9.02,9.01,9.0,9.11,9.12,9.13,9.14,9.15,9.16,9.17,9.18,9.19,9.2,13600,11400,32600,17100,36800,2600,10600,29100,39000,55300,8700,5200,58000,6900,20800,7900,1700,19900,9000,51800
331.0,9.09,848800,7749751.0,9.09,9.08,9.07,9.06,9.05,9.04,9.03,9.02,9.01,9.0,9.11,9.12,9.13,9.14,9.15,9.16,9.17,9.18,9.19,9.2,11900,11400,35600,17100,36800,2600,10600,29100,39000,55300,8700,5200,58000,6900,20800,7900,1700,19900,9000,51800
332.0,9.11,851300,7772526.0,9.09,9.08,9.07,9.06,9.05,9.04,9.03,9.02,9.01,9.0,9.11,9.12,9.13,9.14,9.15,9.16,9.17,9.18,9.19,9.2,11900,11400,35600,17100,36800,2600,10600,29100,39000,55300,6200,5200,58000,6900,20800,7900,1700,19900,9000,51800
333.0,9.09,860500,7856164.0,9.09,9.08,9.07,9.06,9.05,9.04,9.03,9.02,9.01,9.0,9.11,9.12,9.13,9.14,9.15,9.16,9.17,9.18,9.19,9.2,3200,11400,35600,17100,36800,2600,10600,29100,39000,55300,5700,5200,58000,6900,20800,7900,1700,19900,9000,51800
334.0,9.09,860500,7856164.0,9.09,9.08,9.07,9.06,9.05,9.04,9.03,9.02,9.01,9.0,9.11,9.12,9.13,9.14,9.15,9.16,9.17,9.18,9.19,9.2,3200,12400,37500,17100,36800,2600,10600,29100,39000,55300,5700,5200,58000,6900,20800,7900,1700,19900,9000,51800
335.0,9.08,866000,7906151.0,9.08,9.07,9.06,9.05,9.04,9.03,9.02,9.01,9.0,8.99,9.11,9.12,9.13,9.14,9.15,9.16,9.17,9.18,9.19,9.2,10600,37500,18100,36800,2600,10600,29100,39000,55600,14000,5200,5200,58000,6900,20800,7900,1700,19900,9000,51800
336.0,9.11,866500,7910706.0,9.08,9.07,9.06,9.05,9.04,9.03,9.02,9.01,9.0,8.99,9.11,9.12,9.13,9.14,9.15,9.16,9.17,9.18,9.19,9.2,10600,37500,18100,36800,2600,10600,29100,39000,55800,14000,4700,5200,58000,6900,20800,7900,1700,19900,9000,51800
337.0,9.11,866500,7910706.0,9.08,9.07,9.06,9.05,9.04,9.03,9.02,9.01,9.0,8.99,9.11,9.12,9.13,9.14,9.15,9.16,9.17,9.18,9.19,9.2,12200,39500,18100,36800,2600,10600,29100,48200,55800,14000,4700,5200,58000,6900,20800,7900,1700,19900,9000,51800
338.0,9.08,866700,7912522.0,9.08,9.07,9.06,9.05,9.04,9.03,9.02,9.01,9.0,8.99,9.11,9.12,9.13,9.14,9.15,9.16,9.17,9.18,9.19,9.2,13000,39500,18600,36800,2600,10600,29100,48200,55800,14000,5700,5200,58000,6900,20800,7900,1700,19900,9000,51800
339.0,9.11,867200,7917077.0,9.08,9.07,9.06,9.05,9.04,9.03,9.02,9.01,9.0,8.99,9.11,9.12,9.13,9.14,9.15,9.16,9.17,9.18,9.19,9.2,20000,39500,18600,36800,2600,10600,29100,48200,56000,14000,5200,5200,58000,6900,20800,7900,1700,19900,9000,51800
340.0,9.08,872300,7963385.0,9.08,9.07,9.06,9.05,9.04,9.03,9.02,9.01,9.0,8.99,9.09,9.11,9.12,9.13,9.14,9.15,9.16,9.17,9.18,9.19,19100,39500,18600,36800,2600,10600,29100,48200,56000,14000,13500,5200,5200,58000,6900,20800,7900,1700,19900,9000
341.0,9.08,880300,8036025.0,9.08,9.07,9.06,9.05,9.04,9.03,9.02,9.01,9.0,8.99,9.09,9.11,9.12,9.13,9.14,9.15,9.16,9.17,9.18,9.19,11100,39500,18600,36300,2600,10600,29600,49200,56000,14000,13500,5200,5200,58000,6900,20800,7900,1700,19900,9000
342.0,9.09,882900,8059659.0,9.08,9.07,9.06,9.05,9.04,9.03,9.02,9.01,9.0,8.99,9.09,9.11,9.12,9.13,9.14,9.15,9.16,9.17,9.18,9.19,11100,39500,18600,36300,2600,10600,29600,49200,56000,14000,10900,5200,5200,58000,6900,20800,7900,1700,19900,9000
343.0,9.08,884400,8073289.0,9.08,9.07,9.06,9.05,9.04,9.03,9.02,9.01,9.0,8.99,9.09,9.11,9.12,9.13,9.14,9.15,9.16,9.17,9.18,9.19,10600,39500,18600,36300,2600,10600,29600,49200,58000,14000,9900,5200,5200,58000,6900,20800,7900,1700,19900,9000
344.0,9.08,886400,8091468.0,9.08,9.07,9.06,9.05,9.04,9.03,9.02,9.01,9.0,8.99,9.09,9.11,9.12,9.13,9.14,9.15,9.16,9.17,9.18,9.19,12500,39500,18600,36300,3200,10600,29600,49200,58000,14000,8000,5200,5200,58000,6900,20800,7900,1700,19900,9000
345.0,9.08,889800,8122340.0,9.08,9.07,9.06,9.05,9.04,9.03,9.02,9.01,9.0,8.99,9.09,9.11,9.12,9.13,9.14,9.15,9.16,9.17,9.18,9.19,10100,39500,19600,36300,3200,10600,29600,49200,58000,14000,8000,5200,5200,58000,6900,20800,7900,1700,19900,9000
346.0,9.08,891200,8135060.0,9.08,9.07,9.06,9.05,9.04,9.03,9.02,9.01,9.0,8.99,9.09,9.11,9.12,9.13,9.14,9.15,9.16,9.17,9.18,9.19,9500,39500,19600,36300,3200,10600,29600,49200,58500,14000,7200,5200,5200,58000,6900,20800,7900,1700,19900,9000
347.0,9.08,892200,8144140.0,9.08,9.07,9.06,9.05,9.04,9.03,9.02,9.01,9.0,8.99,9.09,9.11,9.12,9.13,9.14,9.15,9.16,9.17,9.18,9.19,8500,40000,19600,36300,3200,10600,29600,49200,58500,14000,7200,5200,5200,58000,6900,20800,7900,1700,19900,9000
348.0,9.08,896600,8184092.0,9.08,9.07,9.06,9.05,9.04,9.03,9.02,9.01,9.0,8.99,9.09,9.11,9.12,9.13,9.14,9.15,9.16,9.17,9.18,9.19,10100,40000,19700,36400,3200,10600,29600,49200,58500,14000,7200,5200,5200,58000,6900,20800,7900,1700,19900,9000
349.0,9.09,897300,8190455.0,9.08,9.07,9.06,9.05,9.04,9.03,9.02,9.01,9.0,8.99,9.09,9.11,9.12,9.13,9.14,9.15,9.16,9.17,9.18,9.19,10100,42500,19700,36400,3200,10600,29600,49200,58500,14000,6500,5200,5200,58000,6900,20800,7900,1700,19900,9000
350.0,9.08,897400,8191363.0,9.08,9.07,9.06,9.05,9.04,9.03,9.02,9.01,9.0,8.99,9.09,9.11,9.12,9.13,9.14,9.15,9.16,9.17,9.18,9.19,10000,43500,19700,36400,3200,10600,29600,49200,59500,14000,6500,5200,5200,58000,6900,20800,7900,1700,19900,9000
351.0,9.09,898000,8196817.0,9.08,9.07,9.06,9.05,9.04,9.03,9.02,9.01,9.0,8.99,9.09,9.11,9.12,9.13,9.14,9.15,9.16,9.17,9.18,9.19,10300,45100,20700,36400,3200,10600,29600,49200,59500,14000,5900,5200,5200,58000,6900,20800,7900,1700,19900,9000
352.0,9.09,898000,8196817.0,9.08,9.07,9.06,9.05,9.04,9.03,9.02,9.01,9.0,8.99,9.09,9.11,9.12,9.13,9.14,9.15,9.16,9.17,9.18,9.19,11300,45100,20700,36500,3200,15600,29600,49200,59500,14000,5900,5200,5200,58000,6900,20800,7900,1700,19900,9000
353.0,9.09,898500,8201362.0,9.08,9.07,9.06,9.05,9.04,9.03,9.02,9.01,9.0,8.99,9.09,9.11,9.12,9.13,9.14,9.15,9.16,9.17,9.18,9.19,11300,45100,20700,36500,3200,15600,29600,49200,59500,14000,5400,5200,5200,58000,6900,20800,7900,1700,19900,9000
354.0,9.09,898500,8201362.0,9.08,9.07,9.06,9.05,9.04,9.03,9.02,9.01,9.0,8.99,9.09,9.11,9.12,9.13,9.14,9.15,9.16,9.17,9.18,9.19,11300,45100,22200,36500,3200,15600,29600,49200,64500,14000,5500,5200,5200,58000,6900,20800,7900,1700,19900,9000
355.0,9.08,910200,8307602.0,9.07,9.06,9.05,9.04,9.03,9.02,9.01,9.0,8.99,8.98,9.08,9.09,9.11,9.12,9.13,9.14,9.15,9.16,9.17,9.18,45100,22200,36800,3200,15600,29600,49200,65000,14000,6900,1600,5100,5200,5200,58000,6900,20800,7900,1700,19900
356.0,9.08,910600,8311234.0,9.07,9.06,9.05,9.04,9.03,9.02,9.01,9.0,8.99,8.98,9.08,9.09,9.11,9.12,9.13,9.14,9.15,9.16,9.17,9.18,45100,22200,37200,3200,15600,29600,49200,65000,14000,6900,1200,5100,5200,5200,58000,6900,20800,7900,1700,19900
357.0,9.08,910600,8311234.0,9.07,9.06,9.05,9.04,9.03,9.02,9.01,9.0,8.99,8.98,9.08,9.09,9.11,9.12,9.13,9.14,9.15,9.16,9.17,9.18,45100,22200,37200,3200,16100,29600,49200,65000,14000,6900,3700,5100,5200,5200,58000,6900,20800,7900,1700,19900
358.0,9.08,910900,8313958.0,9.07,9.06,9.05,9.04,9.03,9.02,9.01,9.0,8.99,8.98,9.08,9.09,9.11,9.12,9.13,9.14,9.15,9.16,9.17,9.18,45100,22200,37200,3200,16100,29600,49200,65000,14000,6900,3400,5100,5200,5200,58000,6900,20800,7900,1700,19900
359.0,9.08,914300,8344830.0,9.08,9.07,9.06,9.05,9.04,9.03,9.02,9.01,9.0,8.99,9.09,9.11,9.12,9.13,9.14,9.15,9.16,9.17,9.18,9.19,1900,45100,22200,37200,3200,17600,29600,49200,65000,14000,5100,5200,5200,58000,6900,20800,7900,1700,19900,9000
360.0,9.08,914300,8344830.0,9.08,9.07,9.06,9.05,9.04,9.03,9.02,9.01,9.0,8.99,9.09,9.11,9.12,9.13,9.14,9.15,9.16,9.17,9.18,9.19,1900,45100,22200,37200,3200,17600,29600,49200,65000,14000,5100,5200,5200,58000,6900,20800,7900,1700,19900,9000
361.0,9.08,914500,8346646.0,9.08,9.07,9.06,9.05,9.04,9.03,9.02,9.01,9.0,8.99,9.09,9.11,9.12,9.13,9.14,9.15,9.16,9.17,9.18,9.19,1700,45100,22200,37700,3200,17600,29600,49200,65000,14000,5100,5200,5200,58000,6900,20800,7900,1700,19900,9000
362.0,9.07,931200,8498141.0,9.07,9.06,9.05,9.04,9.03,9.02,9.01,9.0,8.99,8.98,9.08,9.09,9.11,9.12,9.13,9.14,9.15,9.16,9.17,9.18,31300,22200,37700,3200,17600,29600,49200,65500,14000,6900,900,5100,5200,5200,58000,6900,20800,7900,1700,19900
363.0,9.07,938400,8563445.0,9.07,9.06,9.05,9.04,9.03,9.02,9.01,9.0,8.99,8.98,9.08,9.09,9.11,9.12,9.13,9.14,9.15,9.16,9.17,9.18,24100,22200,38500,3200,18600,30600,61200,67500,14000,6900,900,5100,5200,5200,58000,6900,20800,7900,1700,19900
364.0,9.07,949800,8666864.0,9.07,9.06,9.05,9.04,9.03,9.02,9.01,9.0,8.99,8.98,9.09,9.11,9.12,9.13,9.14,9.15,9.16,9.17,9.18,9.19,14800,22200,38500,3200,18600,30600,61200,67500,14000,6900,5100,5200,5200,58000,6900,20800,7900,1700,19900,9000
365.0,9.06,972500,8872674.0,9.06,9.05,9.04,9.03,9.02,9.01,9.0,8.99,8.98,8.97,9.09,9.11,9.12,9.13,9.14,9.15,9.16,9.17,9.18,9.19,14300,38500,3200,18600,30600,61200,67500,14000,6900,500,5100,5200,6200,58000,6900,20800,7900,1700,19900,9000
366.0,9.08,973900,8885396.0,9.08,9.06,9.05,9.04,9.03,9.02,9.01,9.0,8.99,8.98,9.09,9.11,9.12,9.13,9.14,9.15,9.16,9.17,9.18,9.19,600,15500,38500,3200,18600,30600,61200,67500,14000,6900,5300,5200,6200,58000,6900,20800,7900,1700,19900,9000
367.0,9.08,974200,8888120.0,9.08,9.06,9.05,9.04,9.03,9.02,9.01,9.0,8.99,8.98,9.09,9.11,9.12,9.13,9.14,9.15,9.16,9.17,9.18,9.19,300,15500,38500,8200,18600,30600,61200,67000,14000,6900,5300,5200,6200,58000,6900,20800,7900,1700,19900,9000
368.0,9.06,978000,8922584.0,9.08,9.06,9.05,9.04,9.03,9.02,9.01,9.0,8.99,8.98,9.09,9.11,9.12,9.13,9.14,9.15,9.16,9.17,9.18,9.19,500,18000,31600,8200,18600,30600,61200,67000,14000,6900,4300,5200,6200,58000,6900,20800,7900,1700,19900,9000
369.0,9.09,978400,8926220.0,9.08,9.06,9.05,9.04,9.03,9.02,9.01,9.0,8.99,8.98,9.09,9.11,9.12,9.13,9.14,9.15,9.16,9.17,9.18,9.19,500,18000,32600,8200,18600,30600,61200,68200,14000,6900,3900,5200,6200,58000,6900,20800,7900,1700,19900,9000
370.0,9.09,978400,8926220.0,9.08,9.06,9.05,9.04,9.03,9.02,9.01,9.0,8.99,8.98,9.09,9.11,9.12,9.13,9.14,9.15,9.16,9.17,9.18,9.19,500,18000,32600,8200,18600,30600,61200,68200,14000,6900,3900,5200,6200,58000,6900,20800,7900,1700,19900,9000
371.0,9.07,979600,8937109.0,9.08,9.06,9.05,9.04,9.03,9.02,9.01,9.0,8.99,8.98,9.09,9.11,9.12,9.13,9.14,9.15,9.16,9.17,9.18,9.19,2600,18000,32400,8200,18600,30600,63200,68200,14000,6900,3900,5200,6200,58000,6900,20800,7900,1700,19900,9000
372.0,9.08,980100,8941649.0,9.08,9.06,9.05,9.04,9.03,9.02,9.01,9.0,8.99,8.98,9.09,9.11,9.12,9.13,9.14,9.15,9.16,9.17,9.18,9.19,2100,18000,32400,8200,18600,30600,63200,69700,14000,6900,3900,5200,6200,58000,6900,20800,7900,1700,19900,9000
373.0,9.08,980800,8948011.0,9.08,9.06,9.05,9.04,9.03,9.02,9.01,9.0,8.99,8.98,9.09,9.11,9.12,9.13,9.14,9.15,9.16,9.17,9.18,9.19,2000,19000,32400,8200,18600,30600,63200,69700,14000,6900,3300,5200,6200,58000,6900,20800,7900,1700,19900,9000
374.0,9.08,980800,8948011.0,9.08,9.06,9.05,9.04,9.03,9.02,9.01,9.0,8.99,8.98,9.09,9.11,9.12,9.13,9.14,9.15,9.16,9.17,9.18,9.19,2000,19000,32400,7600,18100,30600,64200,69700,14000,6900,3300,5200,6200,58000,6900,20800,7900,1700,19900,9000
375.0,9.08,980800,8948011.0,9.08,9.06,9.05,9.04,9.03,9.02,9.01,9.0,8.99,8.98,9.09,9.11,9.12,9.13,9.14,9.15,9.16,9.17,9.18,9.19,2000,19000,32400,7600,18100,30600,64200,69700,14000,6900,3300,5200,6200,58000,6900,20800,7900,1700,19900,9000
376.0,9.08,981800,8957100.0,9.08,9.06,9.05,9.04,9.03,9.02,9.01,9.0,8.99,8.98,9.09,9.11,9.12,9.13,9.14,9.15,9.16,9.17,9.18,9.19,1900,19400,44100,7600,18100,30600,64200,69700,14000,6900,2300,5200,6200,58000,6900,20800,7900,1700,19900,9000
377.0,9.08,982800,8966180.0,9.08,9.06,9.05,9.04,9.03,9.02,9.01,9.0,8.99,8.98,9.09,9.11,9.12,9.13,9.14,9.15,9.16,9.17,9.18,9.19,900,21400,45400,7600,18100,30600,64200,71700,14000,6900,2300,5200,6200,58000,6900,20800,7900,1700,19900,9000
378.0,9.08,982800,8966180.0,9.08,9.06,9.05,9.04,9.03,9.02,9.01,9.0,8.99,8.98,9.09,9.11,9.12,9.13,9.14,9.15,9.16,9.17,9.18,9.19,900,21400,45400,7600,18100,30600,64200,71700,14000,6900,2300,5200,6200,58000,6900,20800,7900,1700,19900,9000
379.0,9.09,983400,8971634.0,9.08,9.06,9.05,9.04,9.03,9.02,9.01,9.0,8.99,8.98,9.09,9.11,9.12,9.13,9.14,9.15,9.16,9.17,9.18,9.19,900,21400,45400,7600,18100,30600,64200,71700,14000,6900,1700,5200,6200,58000,6900,20800,7900,1700,19900,9000
380.0,9.08,983700,8974358.0,9.08,9.06,9.05,9.04,9.03,9.02,9.01,9.0,8.99,8.98,9.09,9.11,9.12,9.13,9.14,9.15,9.16,9.17,9.18,9.19,600,21400,45400,7600,18100,30600,64200,71700,14000,6900,1700,5200,6200,58000,6900,20800,7900,1700,19900,9000
381.0,9.09,983800,8975267.0,9.08,9.06,9.05,9.04,9.03,9.02,9.01,9.0,8.99,8.98,9.09,9.11,9.12,9.13,9.14,9.15,9.16,9.17,9.18,9.19,600,21400,45400,7600,18100,30600,64200,71700,14000,6900,1600,5200,6200,58000,6900,20800,7900,1700,19900,9000
382.0,9.06,984800,8984339.0,9.06,9.05,9.04,9.03,9.02,9.01,9.0,8.99,8.98,8.97,9.09,9.11,9.12,9.13,9.14,9.15,9.16,9.17,9.18,9.19,21500,51100,7600,18100,30600,64200,71700,14000,6900,500,1600,5200,6200,58000,6900,20800,7900,1700,19900,9000
383.0,9.06,996700,9092156.0,9.06,9.05,9.04,9.03,9.02,9.01,9.0,8.99,8.98,8.97,9.09,9.11,9.12,9.13,9.14,9.15,9.16,9.17,9.18,9.19,10700,51100,7600,18100,30600,64200,71700,14000,7900,500,2500,5200,6200,58000,6900,20800,7900,1700,19900,9000
384.0,9.06,1007400,9189098.0,9.05,9.04,9.03,9.02,9.01,9.0,8.99,8.98,8.97,8.95,9.06,9.09,9.11,9.12,9.13,9.14,9.15,9.16,9.17,9.18,51300,7600,18100,30600,64200,71700,14000,7900,500,4200,5300,2500,5200,6200,58000,6900,20800,7900,1700,19900
385.0,9.06,1012700,9237116.0,9.06,9.05,9.04,9.03,9.02,9.01,9.0,8.99,8.98,8.97,9.09,9.11,9.12,9.13,9.14,9.15,9.16,9.17,9.18,9.19,900,51300,7600,18100,30600,64200,71700,14000,8400,500,2500,5200,6200,58000,6900,20800,7900,1700,19900,9000
386.0,9.09,1012900,9238934.0,9.06,9.05,9.04,9.03,9.02,9.01,9.0,8.99,8.98,8.97,9.09,9.11,9.12,9.13,9.14,9.15,9.16,9.17,9.18,9.19,1400,51300,7600,18100,30600,64200,71700,14000,8400,500,2300,5200,6200,58000,6900,20800,7900,1700,19900,9000
387.0,9.09,1012900,9238934.0,9.06,9.05,9.04,9.03,9.02,9.01,9.0,8.99,8.98,8.97,9.09,9.11,9.12,9.13,9.14,9.15,9.16,9.17,9.18,9.19,3500,51300,7600,18100,30600,64200,71700,14000,10400,500,2300,5200,6200,58000,6900,20800,7900,1700,19900,9000
388.0,9.09,1013100,9240752.0,9.06,9.05,9.04,9.03,9.02,9.01,9.0,8.99,8.98,8.97,9.09,9.11,9.12,9.13,9.14,9.15,9.16,9.17,9.18,9.19,9600,51300,7600,18100,32600,64200,71700,12000,10400,500,3200,5200,6200,58000,6900,20800,7900,1700,19900,9500
389.0,9.06,1014400,9252539.0,9.06,9.05,9.04,9.03,9.02,9.01,9.0,8.99,8.98,8.97,9.09,9.11,9.12,9.13,9.14,9.15,9.16,9.17,9.18,9.19,8600,51300,7600,18100,32600,65200,71700,12000,10400,500,2900,5200,6200,58000,6900,20800,7900,1700,19900,9500
390.0,9.06,1016900,9275189.0,9.06,9.05,9.04,9.03,9.02,9.01,9.0,8.99,8.98,8.97,9.09,9.11,9.12,9.13,9.14,9.15,9.16,9.17,9.18,9.19,6100,51300,7600,18100,32600,65200,71700,12000,10400,500,2900,5200,6200,58000,6900,20800,7900,1700,19900,9500
391.0,9.05,1027900,9374835.0,9.05,9.04,9.03,9.02,9.01,9.0,8.99,8.98,8.97,8.95,9.09,9.11,9.12,9.13,9.14,9.15,9.16,9.17,9.18,9.19,46700,7600,18100,32600,65200,71700,12000,10400,500,4200,3400,5200,6200,58000,6900,20800,9100,1700,19900,9500
392.0,9.05,1027900,9374835.0,9.06,9.05,9.04,9.03,9.02,9.01,9.0,8.99,8.98,8.97,9.09,9.11,9.12,9.13,9.14,9.15,9.16,9.17,9.18,9.19,2200,49200,7600,18100,32600,65200,71700,12000,10400,500,5900,5200,6200,58000,6900,20800,9100,1700,19900,9500
393.0,9.09,1028400,9379380.0,9.06,9.05,9.04,9.03,9.02,9.01,9.0,8.99,8.98,8.97,9.09,9.11,9.12,9.13,9.14,9.15,9.16,9.17,9.18,9.19,2300,50200,7600,18100,32600,65200,71700,12000,10400,500,5400,5200,6200,58000,6900,20800,9100,1700,19900,9500
394.0,9.09,1028400,9379380.0,9.06,9.05,9.04,9.03,9.02,9.01,9.0,8.99,8.98,8.97,9.09,9.11,9.12,9.13,9.14,9.15,9.16,9.17,9.18,9.19,5800,50200,7600,18100,32600,65200,72200,12000,10400,500,6500,5200,6200,58000,6900,20800,9100,1700,19900,9500
395.0,9.09,1028400,9379380.0,9.06,9.05,9.04,9.03,9.02,9.01,9.0,8.99,8.98,8.97,9.09,9.11,9.12,9.13,9.14,9.15,9.16,9.17,9.18,9.19,5800,50200,7600,18100,32600,67200,72200,12000,10400,500,6500,5200,6200,58000,6900,20800,9100,1700,19900,9500
396.0,9.06,1031100,9403878.0,9.06,9.05,9.04,9.03,9.02,9.01,9.0,8.99,8.98,8.97,9.09,9.11,9.12,9.13,9.14,9.15,9.16,9.17,9.18,9.19,5300,50200,7600,18100,32600,67200,72200,12000,10400,500,6300,5200,6200,58000,6900,20800,9100,1700,19900,9500
397.0,9.06,1031100,9403878.0,9.06,9.05,9.04,9.03,9.02,9.01,9.0,8.99,8.98,8.97,9.09,9.11,9.12,9.13,9.14,9.15,9.16,9.17,9.18,9.19,5300,50200,7600,18100,32600,67200,72200,12000,10400,500,6300,5200,6200,58000,6900,20800,9100,1700,19900,9500
398.0,9.06,1032000,9412047.0,9.06,9.05,9.04,9.03,9.02,9.01,9.0,8.99,8.98,8.97,9.09,9.11,9.12,9.13,9.14,9.15,9.16,9.17,9.18,9.19,4900,60300,7600,18100,32600,67200,72200,12000,10400,500,5800,5200,6200,58000,6900,20800,9100,1700,19900,9500
399.0,9.09,1032500,9416592.0,9.06,9.05,9.04,9.03,9.02,9.01,9.0,8.99,8.98,8.97,9.09,9.11,9.12,9.13,9.14,9.15,9.16,9.17,9.18,9.19,5900,60300,7600,18100,32600,67200,72200,12000,10400,500,6300,5200,6200,58000,6900,20800,9100,1700,19900,9500
400.0,9.06,1035600,9444678.0,9.06,9.05,9.04,9.03,9.02,9.01,9.0,8.99,8.98,8.97,9.09,9.11,9.12,9.13,9.14,9.15,9.16,9.17,9.18,9.19,7400,60400,7600,18100,32600,67200,72200,12000,10400,500,6300,5200,6200,58000,6900,20800,9100,1700,19900,9500
401.0,9.06,1035600,9444678.0,9.06,9.05,9.04,9.03,9.02,9.01,9.0,8.99,8.98,8.97,9.09,9.11,9.12,9.13,9.14,9.15,9.16,9.17,9.18,9.19,7400,60400,7600,18100,32600,67200,72200,12000,11400,500,6300,5200,6200,58000,6900,20800,9100,1700,19900,9500
402.0,9.06,1035600,9444678.0,9.06,9.05,9.04,9.03,9.02,9.01,9.0,8.99,8.98,8.97,9.09,9.11,9.12,9.13,9.14,9.15,9.16,9.17,9.18,9.19,38500,60400,8600,18100,32600,67200,72200,12000,11400,500,7300,5200,6200,58000,6900,400,9100,1700,19900,9500
403.0,9.06,1042100,9503652.0,9.06,9.05,9.04,9.03,9.02,9.01,9.0,8.99,8.98,8.97,9.09,9.11,9.12,9.13,9.14,9.15,9.16,9.17,9.18,9.19,34800,60500,8600,18100,32600,67200,72200,12000,11400,500,4500,5200,6200,58000,6900,400,9100,1700,19900,9500
404.0,9.06,1053700,9608796.0,9.07,9.06,9.05,9.04,9.03,9.02,9.01,9.0,8.99,8.98,9.09,9.11,9.12,9.13,9.14,9.15,9.16,9.17,9.18,9.19,3900,24900,62500,8600,18100,32900,67200,72200,12000,11400,2900,5200,6200,58000,6900,400,9100,1700,19900,9500
405.0,9.06,1053700,9608796.0,9.07,9.06,9.05,9.04,9.03,9.02,9.01,9.0,8.99,8.98,9.09,9.11,9.12,9.13,9.14,9.15,9.16,9.17,9.18,9.19,3900,26300,62500,8600,18100,32900,67400,74400,12000,11400,2900,5200,6200,58000,6900,400,9100,1700,19900,9500
406.0,9.07,1055000,9620591.0,9.07,9.06,9.05,9.04,9.03,9.02,9.01,9.0,8.99,8.98,9.09,9.11,9.12,9.13,9.14,9.15,9.16,9.17,9.18,9.19,3600,26500,63600,8600,18100,32900,67400,75300,12000,11400,2700,5200,6200,58000,6900,400,9100,1700,19900,9500
407.0,9.07,1055000,9620591.0,9.07,9.06,9.05,9.04,9.03,9.02,9.01,9.0,8.99,8.98,9.09,9.11,9.12,9.13,9.14,9.15,9.16,9.17,9.18,9.19,3600,26500,63600,8600,18100,32900,67400,75300,12000,11400,2700,5200,6200,58000,6900,400,9100,1700,19900,9500
408.0,9.07,1055000,9620591.0,9.07,9.06,9.05,9.04,9.03,9.02,9.01,9.0,8.99,8.98,9.09,9.11,9.12,9.13,9.14,9.15,9.16,9.17,9.18,9.19,3600,26500,63600,8600,18100,33400,67400,75300,12000,11400,2700,5200,6200,58000,6900,400,9100,1700,19900,9500
409.0,9.07,1056100,9630572.0,9.07,9.06,9.05,9.04,9.03,9.02,9.01,9.0,8.99,8.98,9.09,9.11,9.12,9.13,9.14,9.15,9.16,9.17,9.18,9.19,2700,26500,64000,8600,18100,33400,67400,75300,13000,11400,2500,5200,6200,58000,6900,400,9100,1700,19900,9500
410.0,9.07,1056200,9631479.0,9.07,9.06,9.05,9.04,9.03,9.02,9.01,9.0,8.99,8.98,9.09,9.11,9.12,9.13,9.14,9.15,9.16,9.17,9.18,9.19,2600,26500,64000,8600,18100,33400,67400,75300,13000,12900,2500,5200,6200,58000,6900,400,9100,1700,19900,9500
411.0,9.09,1056400,9633297.0,9.07,9.06,9.05,9.04,9.03,9.02,9.01,9.0,8.99,8.98,9.09,9.11,9.12,9.13,9.14,9.15,9.16,9.17,9.18,9.19,2600,29000,64000,8600,18100,33400,67400,75300,13000,12900,2300,5200,6200,58000,6900,400,9100,1700,19900,9500
412.0,9.09,1056400,9633297.0,9.07,9.06,9.05,9.04,9.03,9.02,9.01,9.0,8.99,8.98,9.09,9.11,9.12,9.13,9.14,9.15,9.16,9.17,9.18,9.19,2600,31500,64000,8600,18100,33400,67400,75800,13000,12900,2300,5200,6200,58000,6900,400,9100,1700,19900,9500
413.0,9.09,1056600,9635115.0,9.07,9.06,9.05,9.04,9.03,9.02,9.01,9.0,8.99,8.98,9.09,9.11,9.12,9.13,9.14,9.15,9.16,9.17,9.18,9.19,4600,31800,64000,8600,18100,33400,67400,75800,13000,12900,2100,5200,6200,58000,6900,400,9100,1700,19900,9500
414.0,9.09,1057000,9638751.0,9.07,9.06,9.05,9.04,9.03,9.02,9.01,9.0,8.99,8.98,9.09,9.11,9.12,9.13,9.14,9.15,9.16,9.17,9.18,9.19,9600,31800,64000,8600,18100,33400,67400,75800,13000,12900,1700,5200,6200,58000,6900,400,9100,1700,19900,9500
415.0,9.09,1057000,9638751.0,9.07,9.06,9.05,9.04,9.03,9.02,9.01,9.0,8.99,8.98,9.09,9.11,9.12,9.13,9.14,9.15,9.16,9.17,9.18,9.19,9600,37300,64000,8600,18900,33400,67400,75800,13000,12900,1700,5200,6200,58000,6900,400,9100,1700,19900,9500
416.0,9.09,1057100,9639660.0,9.07,9.06,9.05,9.04,9.03,9.02,9.01,9.0,8.99,8.98,9.08,9.09,9.11,9.12,9.13,9.14,9.15,9.16,9.17,9.18,9600,37300,64500,8600,18900,33400,67400,78800,13000,12900,15500,1600,5200,6200,58000,6900,400,9100,1700,19900
417.0,9.09,1057100,9639660.0,9.07,9.06,9.05,9.04,9.03,9.02,9.01,9.0,8.99,8.98,9.08,9.09,9.11,9.12,9.13,9.14,9.15,9.16,9.17,9.18,9600,37300,64500,8700,18900,33400,67400,79800,13000,12900,15500,1600,5200,6200,58000,6900,400,9100,1700,19900
418.0,9.08,1058200,9649648.0,9.07,9.06,9.05,9.04,9.03,9.02,9.01,9.0,8.99,8.98,9.08,9.09,9.11,9.12,9.13,9.14,9.15,9.16,9.17,9.18,9600,38300,66500,8700,18900,33400,67400,79800,13000,12900,14400,1600,5200,6200,58000,6900,400,9100,1700,19900
419.0,9.08,1059500,9661452.0,9.07,9.06,9.05,9.04,9.03,9.02,9.01,9.0,8.99,8.98,9.08,9.09,9.11,9.12,9.13,9.14,9.15,9.16,9.17,9.18,9800,38800,66500,8700,19400,33400,67400,79800,13800,13200,13100,1600,5200,6200,58000,6900,400,9100,1700,19900
420.0,9.07,1060100,9666894.0,9.07,9.06,9.05,9.04,9.03,9.02,9.01,9.0,8.99,8.98,9.08,9.09,9.11,9.12,9.13,9.14,9.15,9.16,9.17,9.18,9200,40200,66500,8700,19400,33400,67900,79800,13800,13200,13100,1600,5200,6200,58000,6900,400,9100,1700,19900
421.0,9.07,1060100,9666894.0,9.07,9.06,9.05,9.04,9.03,9.02,9.01,9.0,8.99,8.98,9.08,9.09,9.11,9.12,9.13,9.14,9.15,9.16,9.17,9.18,9200,40200,66500,8700,19400,33400,67900,81800,13800,13200,13100,1600,5200,6200,58000,6900,400,9100,1700,19900
422.0,9.07,1060100,9666894.0,9.07,9.06,9.05,9.04,9.03,9.02,9.01,9.0,8.99,8.98,9.08,9.09,9.11,9.12,9.13,9.14,9.15,9.16,9.17,9.18,9200,40200,66500,8700,19400,33400,67900,81800,13800,13200,11100,1600,5200,6200,58000,6900,400,9100,1700,19900
423.0,9.08,1061200,9676882.0,9.07,9.06,9.05,9.04,9.03,9.02,9.01,9.0,8.99,8.98,9.08,9.09,9.11,9.12,9.13,9.14,9.15,9.16,9.17,9.18,9200,40200,66500,8700,20000,33400,68900,81800,13800,13200,10000,1600,5200,6200,58000,6900,400,9100,1700,19900
424.0,9.08,1066200,9722282.0,9.07,9.06,9.05,9.04,9.03,9.02,9.01,9.0,8.99,8.98,9.08,9.09,9.11,9.12,9.13,9.14,9.15,9.16,9.17,9.18,9200,40200,71500,8700,20500,33400,68900,81800,13800,13200,5000,1600,5200,6200,58000,6900,400,9100,1700,19900
