LocalTime,LastPrice,TradeVolume,TradeValue,BidPrice1,BidPrice2,BidPrice3,BidPrice4,BidPrice5,BidPrice6,BidPrice7,BidPrice8,BidPrice9,BidPriceA,AskPrice1,AskPrice2,AskPrice3,AskPrice4,AskPrice5,AskPrice6,AskPrice7,AskPrice8,AskPrice9,AskPriceA,BidVolume1,BidVolume2,BidVolume3,BidVolume4,BidVolume5,BidVolume6,BidVolume7,BidVolume8,BidVolume9,BidVolumeA,AskVolume1,AskVolume2,AskVolume3,AskVolume4,AskVolume5,AskVolume6,AskVolume7,AskVolume8,AskVolume9,AskVolumeA
0.0,6.26,10100,63226.0,6.24,6.23,6.22,6.21,6.2,6.19,6.18,6.16,6.15,6.14,6.26,6.27,6.28,6.3,6.31,6.32,6.33,6.34,6.35,6.36,13000,10500,12000,25100,3000,3500,2100,2000,9000,300,4400,2600,35000,600,3000,5100,100,5100,8800,10600
1.0,6.26,10900,68228.0,6.24,6.23,6.22,6.21,6.2,6.19,6.18,6.16,6.15,6.14,6.26,6.27,6.28,6.3,6.31,6.32,6.33,6.34,6.35,6.36,12700,10500,12000,25100,8000,3500,2100,2000,9000,300,7600,1600,35000,600,3000,5700,100,5100,8800,10600
2.0,6.26,11200,70106.0,6.25,6.24,6.23,6.22,6.21,6.2,6.19,6.18,6.16,6.15,6.26,6.27,6.28,6.3,6.31,6.32,6.33,6.34,6.35,6.36,4100,12900,10500,12000,25100,8000,3500,2100,6800,12000,7300,1600,35000,600,3000,5700,100,5100,9100,10600
3.0,6.26,11200,70106.0,6.25,6.24,6.23,6.22,6.21,6.2,6.19,6.18,6.16,6.15,6.26,6.27,6.28,6.3,6.31,6.32,6.33,6.34,6.35,6.36,4100,13700,10500,12000,25100,8000,3500,2100,6800,12000,7500,1600,5000,600,3000,5700,100,5100,9100,10600
4.0,6.25,12600,78867.0,6.25,6.24,6.23,6.22,6.21,6.2,6.19,6.18,6.16,6.15,6.26,6.27,6.28,6.3,6.31,6.32,6.33,6.34,6.35,6.36,3800,14700,10500,12000,25100,8500,14000,2100,6800,12000,7700,1600,5000,600,3000,5700,100,5100,9100,10600
5.0,6.26,13900,87005.0,6.25,6.24,6.23,6.22,6.21,6.2,6.19,6.18,6.16,6.15,6.26,6.27,6.28,6.3,6.31,6.32,6.33,6.34,6.35,6.36,41600,14700,10500,12000,25100,8500,14000,2100,6800,13000,6400,1600,6600,600,4000,5700,100,5100,9100,10600
6.0,6.26,16400,102646.0,6.25,6.24,6.23,6.22,6.21,6.2,6.19,6.18,6.16,6.15,6.26,6.27,6.28,6.3,6.31,6.32,6.33,6.34,6.35,6.36,40700,14700,10500,12000,25100,8500,14000,2100,6800,13000,4800,1600,6600,600,4000,5700,100,5100,9600,10600
7.0,6.26,19000,118909.0,6.25,6.24,6.23,6.22,6.21,6.2,6.19,6.18,6.16,6.15,6.26,6.27,6.28,6.3,6.31,6.32,6.33,6.34,6.35,6.36,39400,14700,10500,12000,25100,8500,14000,2100,6800,13000,3500,1600,6600,600,4000,5700,100,5100,9600,10600
8.0,6.25,21200,132661.0,6.25,6.24,6.23,6.22,6.21,6.2,6.19,6.18,6.16,6.15,6.26,6.27,6.28,6.3,6.31,6.32,6.33,6.34,6.35,6.36,37400,15300,10500,12000,25100,8500,19400,2100,6800,13000,3400,1600,6600,600,4000,8700,100,5100,9600,10600
9.0,6.26,27200,170170.0,6.25,6.24,6.23,6.22,6.21,6.2,6.19,6.18,6.16,6.15,6.26,6.27,6.28,6.3,6.31,6.32,6.33,6.34,6.35,6.36,32900,15300,10500,12000,25100,8500,19400,2100,6800,13000,2500,1600,6600,600,4000,8700,100,5100,9600,10600
10.0,6.26,32100,200842.0,6.27,6.26,6.25,6.24,6.23,6.22,6.21,6.2,6.19,6.18,6.28,6.3,6.31,6.32,6.33,6.34,6.35,6.36,6.37,6.38,200,1200,33100,15300,10500,12000,25100,8500,19400,2100,6600,600,4000,8700,100,5100,9600,10600,1000,17800
11.0,6.26,34000,212751.0,6.26,6.25,6.24,6.23,6.22,6.21,6.2,6.19,6.18,6.16,6.28,6.3,6.31,6.32,6.33,6.34,6.35,6.36,6.37,6.38,108300,34800,15300,10500,12000,25100,8500,19400,2100,6800,6100,600,4000,8700,100,5100,9600,10600,1000,17800
12.0,6.28,46900,293677.0,6.28,6.27,6.26,6.25,6.24,6.23,6.22,6.21,6.2,6.19,6.3,6.31,6.32,6.33,6.34,6.35,6.36,6.37,6.38,6.39,300,39800,114700,34200,15300,10500,12000,25100,8500,19400,600,4000,8700,100,5100,9600,10600,1000,17800,1300
13.0,6.28,57200,358273.0,6.27,6.26,6.25,6.24,6.23,6.22,6.21,6.2,6.19,6.18,6.3,6.31,6.32,6.33,6.34,6.35,6.36,6.37,6.38,6.39,50100,123100,34200,15300,10500,12000,25100,8500,19400,2100,600,4000,8700,100,5100,9600,10600,1000,17800,1300
14.0,6.27,60500,379028.0,6.3,6.27,6.26,6.25,6.24,6.23,6.22,6.21,6.2,6.19,6.31,6.32,6.33,6.34,6.35,6.36,6.37,6.38,6.39,6.4,100,61800,52500,34200,15300,10500,12000,25100,8500,19400,4000,8700,100,5100,9600,10600,1000,17800,1300,13800
15.0,6.3,62200,389727.0,6.28,6.27,6.26,6.25,6.24,6.23,6.22,6.21,6.2,6.19,6.3,6.31,6.32,6.33,6.34,6.35,6.36,6.37,6.38,6.39,4100,50300,49900,34200,15300,10500,12000,25100,8500,19400,1200,4000,8700,100,5100,9600,10600,1000,17800,1300
16.0,6.29,63700,399166.0,6.29,6.28,6.27,6.26,6.25,6.24,6.23,6.22,6.21,6.2,6.3,6.31,6.32,6.33,6.34,6.35,6.36,6.37,6.38,6.39,500,4200,39700,50300,34200,15300,10500,12000,25100,8500,2800,4000,8700,100,5100,9600,10600,1000,17800,1300
17.0,6.3,66600,417421.0,6.28,6.27,6.26,6.25,6.24,6.23,6.22,6.21,6.2,6.19,6.29,6.3,6.31,6.32,6.33,6.34,6.35,6.36,6.37,6.38,4200,35800,48100,34200,15300,10500,12000,25100,8500,19400,2600,6100,4000,8700,100,5100,9600,10600,1000,17800
18.0,6.29,67200,421191.0,6.28,6.27,6.26,6.25,6.24,6.23,6.22,6.21,6.2,6.19,6.29,6.3,6.31,6.32,6.33,6.34,6.35,6.36,6.37,6.38,3800,35800,48100,34200,15300,10500,12000,25100,8500,19400,3200,7900,4000,8700,100,5100,9600,10600,1000,17800
19.0,6.29,67200,421191.0,6.28,6.27,6.26,6.25,6.24,6.23,6.22,6.21,6.2,6.19,6.29,6.3,6.31,6.32,6.33,6.34,6.35,6.36,6.37,6.38,4200,35900,47600,34200,15300,10500,12000,25100,9500,19400,3400,7300,4000,8700,100,5100,9600,10600,1000,17800
20.0,6.29,73000,457638.0,6.29,6.28,6.27,6.26,6.25,6.24,6.23,6.22,6.21,6.2,6.3,6.31,6.32,6.33,6.34,6.35,6.36,6.37,6.38,6.39,3000,700,35900,47600,34100,14900,10500,12000,25100,9500,7300,4000,8700,100,5100,9600,10600,1000,17800,1300
21.0,6.28,76300,478392.0,6.28,6.27,6.26,6.25,6.24,6.23,6.22,6.21,6.2,6.19,6.3,6.31,6.32,6.33,6.34,6.35,6.36,6.37,6.38,6.39,200,35900,47000,34100,14900,10500,12000,25100,9500,19400,7000,4000,8700,100,5100,9600,10600,1000,17800,1300
22.0,6.28,76300,478392.0,6.28,6.27,6.26,6.25,6.24,6.23,6.22,6.21,6.2,6.19,6.29,6.3,6.31,6.32,6.33,6.34,6.35,6.36,6.37,6.38,200,35900,45300,34100,14900,10500,12000,25100,9500,19400,3000,7000,4000,8700,100,5100,9600,10600,1000,17800
23.0,6.29,76500,479650.0,6.28,6.27,6.26,6.25,6.24,6.23,6.22,6.21,6.2,6.19,6.29,6.3,6.31,6.32,6.33,6.34,6.35,6.36,6.37,6.38,200,35900,45300,34100,14900,10500,12000,25100,9500,19400,700,7000,4000,8700,100,5100,9600,10600,1000,17800
24.0,6.27,77500,485922.0,6.27,6.26,6.25,6.24,6.23,6.22,6.21,6.2,6.19,6.18,6.29,6.3,6.31,6.32,6.33,6.34,6.35,6.36,6.37,6.38,34000,38900,34100,14900,10500,12000,25100,9500,19400,2100,700,7000,4000,8700,100,5100,9600,10600,1000,17800
25.0,6.27,77500,485922.0,6.28,6.27,6.26,6.25,6.24,6.23,6.22,6.21,6.2,6.19,6.29,6.3,6.31,6.32,6.33,6.34,6.35,6.36,6.37,6.38,4300,34000,38900,34100,14900,10500,12000,25100,9500,19400,700,7000,4000,8700,100,5100,9600,10600,1000,17800
26.0,6.28,79300,497231.0,6.28,6.27,6.26,6.25,6.24,6.23,6.22,6.21,6.2,6.19,6.29,6.3,6.31,6.32,6.33,6.34,6.35,6.36,6.37,6.38,7800,34000,38700,34100,14900,10500,12000,25100,9500,19400,200,7300,4000,8700,100,5100,9600,10600,1000,17800
27.0,6.28,101100,634135.0,6.27,6.26,6.25,6.24,6.23,6.22,6.21,6.2,6.19,6.18,6.28,6.29,6.3,6.31,6.32,6.33,6.34,6.35,6.36,6.37,34000,38700,34100,14900,10500,12000,25100,9500,19400,2100,8200,200,7300,4000,8700,100,5100,9600,10600,1000
28.0,6.28,104800,657371.0,6.27,6.26,6.25,6.24,6.23,6.22,6.21,6.2,6.19,6.18,6.28,6.29,6.3,6.31,6.32,6.33,6.34,6.35,6.36,6.37,34000,32000,34100,14900,10500,12000,25100,9500,19400,2100,4500,200,7300,4000,8700,100,5100,9600,10600,1000
29.0,6.3,112500,705789.0,6.28,6.27,6.26,6.25,6.24,6.23,6.22,6.21,6.2,6.19,6.3,6.31,6.32,6.33,6.34,6.35,6.36,6.37,6.38,6.39,14400,33500,32000,34100,14900,10500,12000,25100,9500,19400,4300,4000,8700,100,5100,9600,10600,1000,17800,1300
30.0,6.28,115300,723373.0,6.28,6.27,6.26,6.25,6.24,6.23,6.22,6.21,6.2,6.19,6.29,6.3,6.31,6.32,6.33,6.34,6.35,6.36,6.37,6.38,12200,33500,32000,34100,14900,10500,12000,25100,9500,19400,200,4300,4000,8700,100,5100,9600,10600,1000,17800
31.0,6.28,116500,730909.0,6.28,6.27,6.26,6.25,6.24,6.23,6.22,6.21,6.2,6.19,6.29,6.3,6.31,6.32,6.33,6.34,6.35,6.36,6.37,6.38,12100,33500,32000,34100,14900,10500,12000,25100,9500,19400,200,4300,4000,8700,100,5100,9600,10600,1000,17800
32.0,6.29,116700,732167.0,6.28,6.27,6.26,6.25,6.24,6.23,6.22,6.21,6.2,6.19,6.3,6.31,6.32,6.33,6.34,6.35,6.36,6.37,6.38,6.39,14500,28600,32000,34100,14900,10500,12000,25100,9500,19400,4400,4000,8700,100,5100,9600,10600,1000,17800,1300
33.0,6.28,117700,738447.0,6.28,6.27,6.26,6.25,6.24,6.23,6.22,6.21,6.2,6.19,6.3,6.31,6.32,6.33,6.34,6.35,6.36,6.37,6.38,6.39,13500,28600,32000,34100,14900,10500,12000,25100,9500,19400,4400,4000,8700,100,5100,9600,10600,1000,17800,1300
34.0,6.28,117700,738447.0,6.28,6.27,6.26,6.25,6.24,6.23,6.22,6.21,6.2,6.19,6.29,6.3,6.31,6.32,6.33,6.34,6.35,6.36,6.37,6.38,14200,28600,32000,34100,14900,10500,12000,25100,9500,19400,700,4400,4000,8700,100,5100,9600,10600,1000,17800
35.0,6.28,117700,738447.0,6.28,6.27,6.26,6.25,6.24,6.23,6.22,6.21,6.2,6.19,6.29,6.3,6.31,6.32,6.33,6.34,6.35,6.36,6.37,6.38,14300,28600,32000,34100,14900,10500,12000,25100,9500,19400,900,4400,4000,8700,100,5100,9600,10600,1000,18800
36.0,6.28,117700,738447.0,6.28,6.27,6.26,6.25,6.24,6.23,6.22,6.21,6.2,6.19,6.29,6.3,6.31,6.32,6.33,6.34,6.35,6.36,6.37,6.38,14600,28600,32000,34100,14900,10500,12000,25100,9500,19400,1200,4400,4000,8700,100,5100,9600,10600,1000,18800
37.0,6.28,117700,738447.0,6.28,6.27,6.26,6.25,6.24,6.23,6.22,6.21,6.2,6.19,6.29,6.3,6.31,6.32,6.33,6.34,6.35,6.36,6.37,6.38,14600,28600,32000,34100,14900,10500,12000,25100,9500,19400,1200,4400,4000,8700,100,5100,9600,10600,1000,18800
38.0,6.28,117700,738447.0,6.28,6.27,6.26,6.25,6.24,6.23,6.22,6.21,6.2,6.19,6.29,6.3,6.31,6.32,6.33,6.34,6.35,6.36,6.37,6.38,14600,28600,26200,32700,14900,10500,12000,25100,9500,19400,1200,4400,4000,8700,100,5100,9600,10600,1000,18800
39.0,6.28,117700,738447.0,6.28,6.27,6.26,6.25,6.24,6.23,6.22,6.21,6.2,6.19,6.29,6.3,6.31,6.32,6.33,6.34,6.35,6.36,6.37,6.38,14700,28600,26200,32700,15200,10500,12000,25100,9500,19400,1200,4400,4000,8700,100,5100,9600,10600,1000,18800
40.0,6.28,119100,747239.0,6.28,6.27,6.26,6.25,6.24,6.23,6.22,6.21,6.2,6.19,6.29,6.3,6.31,6.32,6.33,6.34,6.35,6.36,6.37,6.38,13300,28600,25700,32700,15200,10500,12000,25100,9500,19400,1200,4400,4000,8700,100,5100,9600,10600,1000,18800
41.0,6.29,120300,754787.0,6.29,6.28,6.27,6.26,6.25,6.24,6.23,6.22,6.21,6.2,6.3,6.31,6.32,6.33,6.34,6.35,6.36,6.37,6.38,6.39,200,12700,28400,25500,32700,15200,10500,12000,25100,9500,4400,4000,8700,100,5100,9600,10600,1000,18800,1300
42.0,6.29,121700,763593.0,6.29,6.28,6.27,6.26,6.25,6.24,6.23,6.22,6.21,6.2,6.3,6.31,6.32,6.33,6.34,6.35,6.36,6.37,6.38,6.39,200,13400,28400,23700,32700,15200,10500,12000,25100,9500,4400,4000,8700,100,5100,9600,10600,1000,18800,1300
43.0,6.29,121700,763593.0,6.29,6.28,6.27,6.26,6.25,6.24,6.23,6.22,6.21,6.2,6.3,6.31,6.32,6.33,6.34,6.35,6.36,6.37,6.38,6.39,200,13400,28400,23600,32700,15200,10500,12000,25100,9500,4400,4000,8700,100,5100,9600,10600,1000,18800,1300
44.0,6.29,121800,764222.0,6.29,6.28,6.27,6.26,6.25,6.24,6.23,6.22,6.21,6.2,6.3,6.31,6.32,6.33,6.34,6.35,6.36,6.37,6.38,6.39,100,5300,28400,23600,32700,15200,10500,12000,25100,9500,4400,4000,8700,100,5100,9600,10600,1000,18800,1300
45.0,6.29,122100,766109.0,6.28,6.27,6.26,6.25,6.24,6.23,6.22,6.21,6.2,6.19,6.29,6.3,6.31,6.32,6.33,6.34,6.35,6.36,6.37,6.38,5200,28400,23600,32700,15200,10500,12000,25100,9500,19400,100,4400,4000,8700,100,5100,9600,10600,1000,18800
46.0,6.29,122900,771136.0,6.29,6.28,6.27,6.26,6.25,6.24,6.23,6.22,6.21,6.2,6.3,6.31,6.32,6.33,6.34,6.35,6.36,6.37,6.38,6.39,4200,4800,28400,23600,32700,15200,10500,12000,25100,9500,4400,4000,8700,100,5100,9600,10600,1000,18800,1300
47.0,6.3,125000,784366.0,6.29,6.28,6.27,6.26,6.25,6.24,6.23,6.22,6.21,6.2,6.3,6.31,6.32,6.33,6.34,6.35,6.36,6.37,6.38,6.39,4900,4800,28400,23600,32700,15200,10500,12000,25100,9500,2300,4000,8700,100,5100,9600,10600,1000,18800,1300
48.0,6.3,125000,784366.0,6.29,6.28,6.27,6.26,6.25,6.24,6.23,6.22,6.21,6.2,6.3,6.31,6.32,6.33,6.34,6.35,6.36,6.37,6.38,6.39,5700,7000,28400,23600,32700,15200,10500,12000,25100,9500,2300,4000,8700,100,5100,9600,10600,1000,18800,1300
49.0,6.29,125100,784995.0,6.29,6.28,6.27,6.26,6.25,6.24,6.23,6.22,6.21,6.2,6.3,6.31,6.32,6.33,6.34,6.35,6.36,6.37,6.38,6.39,5600,7000,28400,23600,32700,15200,10500,12000,25100,9500,2300,4000,8700,100,5100,9600,10600,1000,18800,1300
50.0,6.29,130100,816445.0,6.29,6.28,6.27,6.26,6.25,6.24,6.23,6.22,6.21,6.2,6.3,6.31,6.32,6.33,6.34,6.35,6.36,6.37,6.38,6.39,1100,6900,28400,23600,32700,15200,10500,12000,25100,9500,5900,4000,8700,100,5100,9600,10600,1000,18800,1300
51.0,6.3,130200,817075.0,6.29,6.28,6.27,6.26,6.25,6.24,6.23,6.22,6.21,6.2,6.3,6.31,6.32,6.33,6.34,6.35,6.36,6.37,6.38,6.39,1200,6900,28400,23600,32700,15200,10500,12000,25100,9500,5800,4000,8800,100,5100,9600,10600,1000,18800,1300
52.0,6.3,130200,817075.0,6.29,6.28,6.27,6.26,6.25,6.24,6.23,6.22,6.21,6.2,6.3,6.31,6.32,6.33,6.34,6.35,6.36,6.37,6.38,6.39,1200,6900,28400,23600,32700,15200,10500,12000,25100,9500,5800,4000,8800,100,5100,9600,10600,1000,18800,1300
53.0,6.29,132500,831553.0,6.28,6.27,6.26,6.25,6.24,6.23,6.22,6.21,6.2,6.19,6.29,6.3,6.31,6.32,6.33,6.34,6.35,6.36,6.37,6.38,6900,28400,22800,32700,15200,10500,12000,25100,9500,19400,4400,4900,4000,8800,100,5100,9600,10600,1000,18800
54.0,6.29,132500,831553.0,6.28,6.27,6.26,6.25,6.24,6.23,6.22,6.21,6.2,6.19,6.29,6.3,6.31,6.32,6.33,6.34,6.35,6.36,6.37,6.38,7000,28400,22800,32700,15200,10500,12000,25100,9500,19400,4600,4900,4000,8800,100,5100,9600,10600,1000,18800
55.0,6.29,132500,831553.0,6.28,6.27,6.26,6.25,6.24,6.23,6.22,6.21,6.2,6.19,6.29,6.3,6.31,6.32,6.33,6.34,6.35,6.36,6.37,6.38,7000,28400,22800,32700,15200,10500,12000,25100,9500,19400,4600,4900,4000,8800,100,5100,9600,10600,1000,18800
56.0,6.29,134400,843504.0,6.28,6.27,6.26,6.25,6.24,6.23,6.22,6.21,6.2,6.19,6.29,6.3,6.31,6.32,6.33,6.34,6.35,6.36,6.37,6.38,7000,28400,22800,32700,15200,10500,12000,25100,9500,19400,2700,4900,4000,8800,100,5100,9600,10600,1000,18800
57.0,6.29,134700,845391.0,6.28,6.27,6.26,6.25,6.24,6.23,6.22,6.21,6.2,6.19,6.29,6.3,6.31,6.32,6.33,6.34,6.35,6.36,6.37,6.38,7700,28400,21800,32700,15200,10500,12000,25100,9500,19400,2400,4900,4000,8800,100,5100,9600,10600,1000,18800
58.0,6.29,134700,845391.0,6.28,6.27,6.26,6.25,6.24,6.23,6.22,6.21,6.2,6.19,6.29,6.3,6.31,6.32,6.33,6.34,6.35,6.36,6.37,6.38,7700,28400,21800,32700,15200,10500,12000,25100,9500,19400,2400,14700,4000,8800,100,5100,9600,10600,1000,18800
59.0,6.29,135200,848536.0,6.28,6.27,6.26,6.25,6.24,6.23,6.22,6.21,6.2,6.19,6.29,6.3,6.31,6.32,6.33,6.34,6.35,6.36,6.37,6.38,7700,28400,20200,32700,15200,10500,12000,25100,9500,19400,700,14700,4000,8800,100,5100,9600,10600,1000,18800
60.0,6.29,135500,850423.0,6.28,6.27,6.26,6.25,6.24,6.23,6.22,6.21,6.2,6.19,6.29,6.3,6.31,6.32,6.33,6.34,6.35,6.36,6.37,6.38,7700,28400,20200,32700,15200,10500,12000,25100,9500,19400,400,14700,4000,8800,100,5100,9600,10600,1000,18800
61.0,6.29,136600,857335.0,6.29,6.28,6.27,6.26,6.25,6.24,6.23,6.22,6.21,6.2,6.3,6.31,6.32,6.33,6.34,6.35,6.36,6.37,6.38,6.39,1300,6800,28400,20200,32700,15200,10500,12000,25100,9500,14700,4000,8800,100,5100,9600,10600,1000,18800,1300
62.0,6.29,137600,863625.0,6.29,6.28,6.27,6.26,6.25,6.24,6.23,6.22,6.21,6.2,6.3,6.31,6.32,6.33,6.34,6.35,6.36,6.37,6.38,6.39,3800,6800,28400,19400,32700,15200,10500,12000,25100,9500,24700,4000,8800,100,5100,9600,10600,1000,18800,1300
63.0,6.29,138400,868657.0,6.29,6.28,6.27,6.26,6.25,6.24,6.23,6.22,6.21,6.2,6.3,6.31,6.32,6.33,6.34,6.35,6.36,6.37,6.38,6.39,3000,6800,28400,19400,32700,15200,10500,12000,25100,9500,24700,4000,8800,100,5100,9600,10600,1000,18800,1300
64.0,6.3,141700,889444.0,6.29,6.28,6.27,6.26,6.25,6.24,6.23,6.22,6.21,6.2,6.3,6.31,6.32,6.33,6.34,6.35,6.36,6.37,6.38,6.39,3100,6800,28400,19400,32700,15200,10500,12000,25100,9500,21700,4000,8800,100,5100,9600,10600,1000,18800,1300
65.0,6.29,149000,935392.0,6.28,6.27,6.26,6.25,6.24,6.23,6.22,6.21,6.2,6.19,6.29,6.3,6.31,6.32,6.33,6.34,6.35,6.36,6.37,6.38,6800,28400,18400,32700,15200,10500,12000,25100,9500,19400,100,20800,4000,8800,100,5100,9600,10600,1000,18800
66.0,6.29,149000,935392.0,6.28,6.27,6.26,6.25,6.24,6.23,6.22,6.21,6.2,6.19,6.29,6.3,6.31,6.32,6.33,6.34,6.35,6.36,6.37,6.38,6000,28400,18400,32700,15200,10500,12000,25100,9500,19400,100,20800,4000,8800,100,5100,9600,10600,1000,18800
67.0,6.3,151800,953031.0,6.28,6.27,6.26,6.25,6.24,6.23,6.22,6.21,6.2,6.19,6.3,6.31,6.32,6.33,6.34,6.35,6.36,6.37,6.38,6.39,3700,24200,14000,32100,14000,10500,12000,25100,9500,19400,18500,4000,8800,100,5100,9600,10600,1000,18800,1300
68.0,6.28,152400,956799.0,6.28,6.27,6.26,6.25,6.24,6.23,6.22,6.21,6.2,6.19,6.29,6.3,6.31,6.32,6.33,6.34,6.35,6.36,6.37,6.38,3100,24200,13700,32100,14000,10500,12000,25100,9500,19400,1600,18500,4000,8800,100,5100,9600,10600,1000,18800
69.0,6.28,152400,956799.0,6.28,6.27,6.26,6.25,6.24,6.23,6.22,6.21,6.2,6.19,6.29,6.3,6.31,6.32,6.33,6.34,6.35,6.36,6.37,6.38,3100,24200,13700,32100,14000,10500,12000,25100,9500,19400,1600,18500,4000,8800,100,5100,9600,10600,1000,18800
70.0,6.28,152400,956799.0,6.28,6.27,6.26,6.25,6.24,6.23,6.22,6.21,6.2,6.19,6.29,6.3,6.31,6.32,6.33,6.34,6.35,6.36,6.37,6.38,3100,24200,13700,32100,14000,10500,12000,25100,9500,19400,1600,18500,4000,8800,100,5100,9600,10600,1000,18800
71.0,6.29,153200,961828.0,6.28,6.27,6.26,6.25,6.24,6.23,6.22,6.21,6.2,6.19,6.29,6.3,6.31,6.32,6.33,6.34,6.35,6.36,6.37,6.38,3200,24200,13100,32100,14000,10500,12000,25100,9500,19400,1100,18500,4000,8800,100,5100,9600,10600,1000,18800
72.0,6.3,155800,978197.0,6.28,6.27,6.26,6.25,6.24,6.23,6.22,6.21,6.2,6.19,6.3,6.31,6.32,6.33,6.34,6.35,6.36,6.37,6.38,6.39,3200,20600,13100,32100,14000,10500,12000,25100,9500,19400,17300,4000,8800,100,5100,9600,10600,1000,18800,1300
73.0,6.3,156000,979457.0,6.28,6.27,6.26,6.25,6.24,6.23,6.22,6.21,6.2,6.19,6.3,6.31,6.32,6.33,6.34,6.35,6.36,6.37,6.38,6.39,3200,20600,13100,32100,14000,10500,12000,25100,9500,19400,17100,4000,8800,100,5100,9600,10600,1000,18800,1300
74.0,6.3,161200,1012205.0,6.28,6.27,6.26,6.25,6.24,6.23,6.22,6.21,6.2,6.19,6.3,6.31,6.32,6.33,6.34,6.35,6.36,6.37,6.38,6.39,2600,20600,13100,32100,14000,10500,12000,25100,9500,19400,12500,4000,8800,100,5100,9600,10600,1000,18800,1300
75.0,6.3,161200,1012205.0,6.28,6.27,6.26,6.25,6.24,6.23,6.22,6.21,6.2,6.19,6.3,6.31,6.32,6.33,6.34,6.35,6.36,6.37,6.38,6.39,2600,20600,13100,32100,14000,10500,12000,25100,9500,19400,12500,4000,8800,100,5100,9600,10600,1000,18800,1300
76.0,6.3,163700,1027955.0,6.28,6.27,6.26,6.25,6.24,6.23,6.22,6.21,6.2,6.19,6.3,6.31,6.32,6.33,6.34,6.35,6.36,6.37,6.38,6.39,2600,20600,13100,32100,14000,10500,12000,25100,9500,19400,10000,4000,8800,100,5100,9600,10600,1000,18800,1300
77.0,6.28,164400,1032353.0,6.28,6.27,6.26,6.25,6.24,6.23,6.22,6.21,6.2,6.19,6.3,6.31,6.32,6.33,6.34,6.35,6.36,6.37,6.38,6.39,2000,20600,13100,32100,14000,10500,12000,25100,9500,19400,9900,4000,9500,100,5100,9600,10600,1000,18800,1300
78.0,6.28,164400,1032353.0,6.28,6.27,6.26,6.25,6.24,6.23,6.22,6.21,6.2,6.19,6.3,6.31,6.32,6.33,6.34,6.35,6.36,6.37,6.38,6.39,2000,20600,13100,32100,14000,10500,12000,25100,9500,19400,9900,4000,9500,100,5100,9600,10600,1000,18800,1300
79.0,6.28,164400,1032353.0,6.28,6.27,6.26,6.25,6.24,6.23,6.22,6.21,6.2,6.19,6.3,6.31,6.32,6.33,6.34,6.35,6.36,6.37,6.38,6.39,1100,22800,13100,32100,14000,10500,12000,25100,9500,19400,9900,14000,9500,100,5100,9600,10600,1000,18800,1300
80.0,6.28,164500,1032981.0,6.28,6.27,6.26,6.25,6.24,6.23,6.22,6.21,6.2,6.19,6.29,6.3,6.31,6.32,6.33,6.34,6.35,6.36,6.37,6.38,900,22800,12300,32100,14000,10500,12000,25100,9500,19400,10200,9700,14000,9500,100,5100,9600,10600,1000,18800
81.0,6.28,164500,1032981.0,6.28,6.27,6.26,6.25,6.24,6.23,6.22,6.21,6.2,6.19,6.29,6.3,6.31,6.32,6.33,6.34,6.35,6.36,6.37,6.38,900,22800,12300,32100,14000,10500,12000,25100,9500,19400,15200,9700,14000,9500,100,5100,9600,10600,1000,18800
82.0,6.28,164500,1032981.0,6.28,6.27,6.26,6.25,6.24,6.23,6.22,6.21,6.2,6.19,6.29,6.3,6.31,6.32,6.33,6.34,6.35,6.36,6.37,6.38,900,22800,12300,32100,14000,10500,12000,25100,9500,19400,15200,9700,14000,9500,100,5100,9600,10600,1000,18800
83.0,6.28,164500,1032981.0,6.28,6.27,6.26,6.25,6.24,6.23,6.22,6.21,6.2,6.19,6.29,6.3,6.31,6.32,6.33,6.34,6.35,6.36,6.37,6.38,900,22800,12300,32100,14000,10500,12000,25100,9500,19400,15200,9600,14000,9500,100,5100,9600,10600,1000,18800
84.0,6.28,165400,1038633.0,6.27,6.26,6.25,6.24,6.23,6.22,6.21,6.2,6.19,6.18,6.28,6.29,6.3,6.31,6.32,6.33,6.34,6.35,6.36,6.37,22800,12300,32100,14000,10500,12000,25100,9500,19400,2100,3700,15000,9600,14000,9500,100,5100,9600,10600,1000
85.0,6.28,165400,1038633.0,6.27,6.26,6.25,6.24,6.23,6.22,6.21,6.2,6.19,6.18,6.28,6.29,6.3,6.31,6.32,6.33,6.34,6.35,6.36,6.37,22800,12300,32100,14000,10500,12000,25100,9500,19400,2100,3700,15000,9600,14000,9500,100,5100,9600,10600,1000
86.0,6.28,168500,1058101.0,6.27,6.26,6.25,6.24,6.23,6.22,6.21,6.2,6.19,6.18,6.28,6.29,6.3,6.31,6.32,6.33,6.34,6.35,6.36,6.37,22800,12300,32100,14000,10500,12000,25100,9500,19400,2100,600,15100,9500,14000,9500,100,5100,9600,10600,1000
87.0,6.28,170200,1068762.0,6.27,6.26,6.25,6.24,6.23,6.22,6.21,6.2,6.19,6.18,6.28,6.29,6.3,6.31,6.32,6.33,6.34,6.35,6.36,6.37,21300,12300,32100,14000,10500,12000,25100,9500,19400,2100,400,16100,9500,14000,9500,100,5100,9600,10600,1000
88.0,6.27,171700,1078167.0,6.27,6.26,6.25,6.24,6.23,6.22,6.21,6.2,6.19,6.18,6.28,6.29,6.3,6.31,6.32,6.33,6.34,6.35,6.36,6.37,19800,12300,32100,14000,10500,12000,25100,9500,19400,2100,400,16100,9500,14000,9500,100,5100,9600,10600,1000
89.0,6.28,172000,1080051.0,6.27,6.26,6.25,6.24,6.23,6.22,6.21,6.2,6.19,6.18,6.28,6.29,6.3,6.31,6.32,6.33,6.34,6.35,6.36,6.37,19800,12300,32100,14000,10500,12000,25100,9500,19400,2100,100,16100,9500,14000,9500,100,5100,9600,10600,1000
90.0,6.28,172000,1080051.0,6.27,6.26,6.25,6.24,6.23,6.22,6.21,6.2,6.19,6.18,6.28,6.29,6.3,6.31,6.32,6.33,6.34,6.35,6.36,6.37,19800,12300,32100,14000,10500,12000,25100,9500,19400,2100,100,16100,9500,14000,9500,100,5100,9600,10600,1000
91.0,6.27,173500,1089456.0,6.27,6.26,6.25,6.24,6.23,6.22,6.21,6.2,6.19,6.18,6.28,6.29,6.3,6.31,6.32,6.33,6.34,6.35,6.36,6.37,18200,12300,32100,14000,10500,12000,25100,9500,19400,2100,3100,16100,9500,14000,9500,100,5100,9600,10600,1000
92.0,6.28,178100,1118344.0,6.27,6.26,6.25,6.24,6.23,6.22,6.21,6.2,6.19,6.18,6.28,6.29,6.3,6.31,6.32,6.33,6.34,6.35,6.36,6.37,18200,12300,32100,14000,10500,12000,25100,9500,19400,2100,4300,16300,9500,14000,9500,100,5100,9600,10600,1000
93.0,6.28,178300,1119600.0,6.27,6.26,6.25,6.24,6.23,6.22,6.21,6.2,6.19,6.18,6.28,6.29,6.3,6.31,6.32,6.33,6.34,6.35,6.36,6.37,17700,12300,32100,14000,10500,12000,25100,9500,19400,2100,4100,16300,9500,14000,9500,100,5100,9600,10600,1000
94.0,6.27,181500,1139666.0,6.27,6.26,6.25,6.24,6.23,6.22,6.21,6.2,6.19,6.18,6.28,6.29,6.3,6.31,6.32,6.33,6.34,6.35,6.36,6.37,14700,12300,32100,14000,10500,12000,25100,9500,19400,2100,3900,16300,9500,14000,9500,100,5100,9600,10600,1000
95.0,6.28,182500,1145946.0,6.27,6.26,6.25,6.24,6.23,6.22,6.21,6.2,6.19,6.18,6.28,6.29,6.3,6.31,6.32,6.33,6.34,6.35,6.36,6.37,12500,12300,32100,14000,10500,12000,25100,9500,19400,2100,2900,16300,9500,14000,9500,100,5100,9600,10600,1000
96.0,6.28,183800,1154110.0,6.27,6.26,6.25,6.24,6.23,6.22,6.21,6.2,6.19,6.18,6.28,6.29,6.3,6.31,6.32,6.33,6.34,6.35,6.36,6.37,12500,12300,32100,14000,10500,12000,25100,9500,19400,2100,1600,16300,9500,14000,9500,100,5100,9600,10600,1000
97.0,6.28,185700,1166030.0,6.27,6.26,6.25,6.24,6.23,6.22,6.21,6.2,6.19,6.18,6.28,6.29,6.3,6.31,6.32,6.33,6.34,6.35,6.36,6.37,11700,12300,32100,14000,10500,12000,25100,9500,19400,2100,900,16300,9500,14000,9500,100,5100,9600,10600,1000
98.0,6.28,188900,1186103.0,6.28,6.27,6.26,6.25,6.24,6.23,6.22,6.21,6.2,6.19,6.29,6.3,6.31,6.32,6.33,6.34,6.35,6.36,6.37,6.38,2100,9400,12100,32100,14000,10500,12000,25100,9500,19400,16300,12600,14000,9500,100,5100,10600,10600,1000,18800
99.0,6.29,189000,1186732.0,6.28,6.27,6.26,6.25,6.24,6.23,6.22,6.21,6.2,6.19,6.29,6.3,6.31,6.32,6.33,6.34,6.35,6.36,6.37,6.38,2200,9400,12100,32100,14000,10500,12000,25100,9500,19400,16200,12600,14000,9500,100,5100,10600,10600,1000,18800
100.0,6.28,191200,1200548.0,6.27,6.26,6.25,6.24,6.23,6.22,6.21,6.2,6.19,6.18,6.28,6.29,6.3,6.31,6.32,6.33,6.34,6.35,6.36,6.37,9400,12100,32100,14000,10500,12000,25100,9500,19400,2100,36800,16100,12600,14000,9500,100,5100,10600,10600,1000
101.0,6.28,191700,1203686.0,6.27,6.26,6.25,6.24,6.23,6.22,6.21,6.2,6.19,6.18,6.28,6.29,6.3,6.31,6.32,6.33,6.34,6.35,6.36,6.37,9200,12100,32100,14000,10500,12000,25100,9500,19400,2100,39400,16600,12600,14000,9500,100,5100,10600,10600,1000
102.0,6.28,192100,1206198.0,6.27,6.26,6.25,6.24,6.23,6.22,6.21,6.2,6.19,6.18,6.28,6.29,6.3,6.31,6.32,6.33,6.34,6.35,6.36,6.37,9200,12100,32100,14000,10500,12000,25100,9500,19400,2100,39000,16600,12600,14000,9500,3900,5100,10600,10600,1000
103.0,6.28,192100,1206198.0,6.27,6.26,6.25,6.24,6.23,6.22,6.21,6.2,6.19,6.18,6.28,6.29,6.3,6.31,6.32,6.33,6.34,6.35,6.36,6.37,9200,12100,32100,14000,10500,12000,25100,9500,19400,2100,39000,16600,12600,14000,9500,3900,5100,10600,10600,1000
104.0,6.28,193100,1212469.0,6.27,6.26,6.25,6.24,6.23,6.22,6.21,6.2,6.19,6.18,6.28,6.29,6.3,6.31,6.32,6.33,6.34,6.35,6.36,6.37,8300,12100,32100,14000,10500,12000,25100,9500,19400,2100,39100,16600,12600,14000,9500,3900,5100,10600,10600,1000
105.0,6.28,193100,1212469.0,6.27,6.26,6.25,6.24,6.23,6.22,6.21,6.2,6.19,6.18,6.28,6.29,6.3,6.31,6.32,6.33,6.34,6.35,6.36,6.37,8400,12100,32100,14000,10500,12000,25100,9500,19400,2100,39100,16600,12600,14000,9500,3900,5100,10600,10600,1000
106.0,6.28,193100,1212469.0,6.27,6.26,6.25,6.24,6.23,6.22,6.21,6.2,6.19,6.18,6.28,6.29,6.3,6.31,6.32,6.33,6.34,6.35,6.36,6.37,8400,12100,32100,14000,10500,12000,25100,9500,19400,2100,39100,16600,12600,14000,9500,3900,5100,10600,10600,1000
107.0,6.28,194400,1220625.0,6.27,6.26,6.25,6.24,6.23,6.22,6.21,6.2,6.19,6.18,6.28,6.29,6.3,6.31,6.32,6.33,6.34,6.35,6.36,6.37,7600,12100,32100,14000,10500,12000,25100,9500,19400,2100,38600,16600,12600,14000,9500,3900,5100,10600,10600,1000
108.0,6.28,194400,1220625.0,6.27,6.26,6.25,6.24,6.23,6.22,6.21,6.2,6.19,6.18,6.28,6.29,6.3,6.31,6.32,6.33,6.34,6.35,6.36,6.37,7600,12100,32100,14000,10500,12000,25100,9500,19400,2100,39200,16600,12600,14000,9500,3900,5100,10600,10600,1000
109.0,6.28,194400,1220625.0,6.27,6.26,6.25,6.24,6.23,6.22,6.21,6.2,6.19,6.18,6.28,6.29,6.3,6.31,6.32,6.33,6.34,6.35,6.36,6.37,7600,12100,32100,14000,10500,12000,25100,9500,19400,2100,39200,16600,12600,14000,9500,3900,5100,10600,10600,1000
110.0,6.27,196400,1233169.0,6.27,6.26,6.25,6.24,6.23,6.22,6.21,6.2,6.19,6.18,6.28,6.29,6.3,6.31,6.32,6.33,6.34,6.35,6.36,6.37,6000,12100,32100,14000,10500,12000,25100,9500,19400,2100,38800,16600,12600,14000,9500,3900,5100,10600,10600,1000
111.0,6.27,197000,1236931.0,6.27,6.26,6.25,6.24,6.23,6.22,6.21,6.2,6.19,6.18,6.28,6.29,6.3,6.31,6.32,6.33,6.34,6.35,6.36,6.37,5400,12100,32100,14000,10500,12000,25100,9500,19400,2100,38800,16600,12600,14000,9500,3900,5100,10600,10600,1000
112.0,6.27,197000,1236931.0,6.27,6.26,6.25,6.24,6.23,6.22,6.21,6.2,6.19,6.18,6.28,6.29,6.3,6.31,6.32,6.33,6.34,6.35,6.36,6.37,5400,12100,32100,14000,10500,12000,25100,9500,19400,2100,38800,16600,12600,14000,9500,3900,5100,10600,10600,1000
113.0,6.27,197200,1238186.0,6.27,6.26,6.25,6.24,6.23,6.22,6.21,6.2,6.19,6.18,6.28,6.29,6.3,6.31,6.32,6.33,6.34,6.35,6.36,6.37,5300,12100,32100,14000,10500,12000,25100,9500,19400,2100,38700,16600,12600,14000,9500,3900,5100,10600,10600,1000
114.0,6.27,197700,1241321.0,6.27,6.26,6.25,6.24,6.23,6.22,6.21,6.2,6.19,6.18,6.28,6.29,6.3,6.31,6.32,6.33,6.34,6.35,6.36,6.37,4800,12100,32100,14000,10500,12000,25100,9500,19400,2100,38700,16600,13500,14000,9500,3900,5100,10600,10600,1000
115.0,6.27,197700,1241321.0,6.27,6.26,6.25,6.24,6.23,6.22,6.21,6.2,6.19,6.18,6.28,6.29,6.3,6.31,6.32,6.33,6.34,6.35,6.36,6.37,4800,12100,32100,14000,10500,12000,25100,9500,19400,2100,38700,16600,13500,14000,9500,3900,5100,10600,10600,1000
116.0,6.28,197800,1241949.0,6.27,6.26,6.25,6.24,6.23,6.22,6.21,6.2,6.19,6.18,6.28,6.29,6.3,6.31,6.32,6.33,6.34,6.35,6.36,6.37,4800,12100,32100,14000,10500,12000,25100,9500,19400,2100,38600,16600,13500,14000,9500,3900,5100,10600,10600,1000
117.0,6.28,197800,1241949.0,6.27,6.26,6.25,6.24,6.23,6.22,6.21,6.2,6.19,6.18,6.28,6.29,6.3,6.31,6.32,6.33,6.34,6.35,6.36,6.37,4800,12100,32100,14000,10500,12000,25100,9500,19400,2100,38600,16600,13500,14000,9500,3900,5100,10600,10600,1000
118.0,6.27,198200,1244457.0,6.27,6.26,6.25,6.24,6.23,6.22,6.21,6.2,6.19,6.18,6.28,6.29,6.3,6.31,6.32,6.33,6.34,6.35,6.36,6.37,4400,12100,32100,14000,10500,12000,25100,9500,19400,2100,38600,16600,10400,14000,9500,3900,5100,10600,10600,1000
119.0,6.27,198200,1244457.0,6.27,6.26,6.25,6.24,6.23,6.22,6.21,6.2,6.19,6.18,6.28,6.29,6.3,6.31,6.32,6.33,6.34,6.35,6.36,6.37,4400,12100,32100,14000,10500,12000,25100,9500,19400,2100,38600,16600,10400,14000,9500,3900,5100,10600,10600,1000
120.0,6.27,198200,1244457.0,6.27,6.26,6.25,6.24,6.23,6.22,6.21,6.2,6.19,6.18,6.28,6.29,6.3,6.31,6.32,6.33,6.34,6.35,6.36,6.37,4400,12100,32100,14000,10500,12000,25100,9500,19400,2100,38600,16600,10400,14000,9500,3900,5100,10600,10600,1000
121.0,6.27,198200,1244457.0,6.27,6.26,6.25,6.24,6.23,6.22,6.21,6.2,6.19,6.18,6.28,6.29,6.3,6.31,6.32,6.33,6.34,6.35,6.36,6.37,4400,12100,32100,14000,10500,12000,25100,9500,19400,2100,38600,16600,10400,14000,19500,3900,5100,10600,10600,1000
122.0,6.27,199000,1249473.0,6.27,6.26,6.25,6.24,6.23,6.22,6.21,6.2,6.19,6.18,6.28,6.29,6.3,6.31,6.32,6.33,6.34,6.35,6.36,6.37,4100,12100,32600,14000,10500,12000,25100,9500,19400,2100,39300,16600,10400,14000,19500,3900,5100,10600,10600,1000
123.0,6.27,199000,1249473.0,6.27,6.26,6.25,6.24,6.23,6.22,6.21,6.2,6.19,6.18,6.28,6.29,6.3,6.31,6.32,6.33,6.34,6.35,6.36,6.37,4100,12100,32600,14000,10500,12000,25100,9500,19400,2100,39300,16600,10400,14000,19500,3900,5100,10600,10600,1000
124.0,6.28,200500,1258893.0,6.27,6.26,6.25,6.24,6.23,6.22,6.21,6.2,6.19,6.18,6.28,6.29,6.3,6.31,6.32,6.33,6.34,6.35,6.36,6.37,4100,12100,32600,14000,10500,12000,25100,9500,19400,2100,37800,16600,10400,14000,19500,3900,5100,10600,10600,1000
125.0,6.27,204600,1284600.0,6.26,6.25,6.24,6.23,6.22,6.21,6.2,6.19,6.18,6.17,6.27,6.28,6.29,6.3,6.31,6.32,6.33,6.34,6.35,6.36,12100,32600,14000,10500,12000,25100,9500,19400,2100,1000,30300,37700,16600,10400,14000,19500,3900,5100,10600,10600
126.0,6.26,206300,1295243.0,6.26,6.25,6.24,6.23,6.22,6.21,6.2,6.19,6.18,6.17,6.27,6.28,6.29,6.3,6.31,6.32,6.33,6.34,6.35,6.36,10500,32600,14000,10500,12000,25100,9500,19400,2100,1000,30200,37700,16600,10400,14000,19500,3900,5100,10600,10600
127.0,6.27,206400,1295870.0,6.26,6.25,6.24,6.23,6.22,6.21,6.2,6.19,6.18,6.17,6.27,6.28,6.29,6.3,6.31,6.32,6.33,6.34,6.35,6.36,10500,32600,14000,10500,12000,25100,9500,19400,2100,1000,30100,37700,16600,10400,14000,19500,3900,5100,10600,10600
128.0,6.26,206900,1299000.0,6.26,6.25,6.24,6.23,6.22,6.21,6.2,6.19,6.18,6.17,6.27,6.28,6.29,6.3,6.31,6.32,6.33,6.34,6.35,6.36,9900,32100,14000,10500,12000,25100,9500,19400,2100,1000,30100,37300,16600,10500,14000,19500,3900,5100,10600,10600
129.0,6.26,206900,1299000.0,6.26,6.25,6.24,6.23,6.22,6.21,6.2,6.19,6.18,6.17,6.27,6.28,6.29,6.3,6.31,6.32,6.33,6.34,6.35,6.36,9900,32100,14000,10500,12000,25100,9500,19400,2100,1000,30100,37300,16600,10500,14000,19500,3900,5100,10600,10600
130.0,6.26,206900,1299000.0,6.26,6.25,6.24,6.23,6.22,6.21,6.2,6.19,6.18,6.17,6.27,6.28,6.29,6.3,6.31,6.32,6.33,6.34,6.35,6.36,9900,32100,14000,10500,12000,25100,9500,19400,2100,1000,16500,37300,16600,10500,14000,19500,3900,5100,10600,10600
131.0,6.27,208400,1308405.0,6.26,6.25,6.24,6.23,6.22,6.21,6.2,6.19,6.18,6.17,6.27,6.28,6.29,6.3,6.31,6.32,6.33,6.34,6.35,6.36,9900,32100,14000,10500,12000,25100,9500,19400,2100,1000,15000,37300,16600,10500,14000,19500,3900,5100,10600,10600
132.0,6.27,208400,1308405.0,6.26,6.25,6.24,6.23,6.22,6.21,6.2,6.19,6.18,6.17,6.27,6.28,6.29,6.3,6.31,6.32,6.33,6.34,6.35,6.36,9900,32100,14000,10500,12000,25100,9500,19400,2100,1000,15000,37300,16600,10500,14000,19500,3900,5100,10600,10600
133.0,6.26,210300,1320299.0,6.26,6.25,6.24,6.23,6.22,6.21,6.2,6.19,6.18,6.17,6.27,6.28,6.29,6.3,6.31,6.32,6.33,6.34,6.35,6.36,8000,32100,14000,10500,12000,25100,9500,19400,2100,1000,15000,37300,16600,10500,14000,19500,3900,5100,10600,10600
134.0,6.26,211100,1325307.0,6.26,6.25,6.24,6.23,6.22,6.21,6.2,6.19,6.18,6.17,6.27,6.28,6.29,6.3,6.31,6.32,6.33,6.34,6.35,6.36,7200,32100,14000,10500,12000,25100,9500,19400,2100,1000,16200,37300,16600,10500,14000,19500,3900,5100,10600,10600
135.0,6.26,211100,1325307.0,6.26,6.25,6.24,6.23,6.22,6.21,6.2,6.19,6.18,6.17,6.27,6.28,6.29,6.3,6.31,6.32,6.33,6.34,6.35,6.36,7200,32100,14000,10500,12000,25100,9500,19400,2100,1000,16300,37300,16600,10500,14000,19500,3900,5100,10600,10600
136.0,6.26,211100,1325307.0,6.26,6.25,6.24,6.23,6.22,6.21,6.2,6.19,6.18,6.17,6.27,6.28,6.29,6.3,6.31,6.32,6.33,6.34,6.35,6.36,7000,32100,14000,10500,12000,25100,9500,19400,2100,1000,18900,37300,16600,10500,14000,19500,3900,5100,10600,10600
137.0,6.27,211200,1325934.0,6.26,6.25,6.24,6.23,6.22,6.21,6.2,6.19,6.18,6.17,6.27,6.28,6.29,6.3,6.31,6.32,6.33,6.34,6.35,6.36,6900,32100,14000,10500,12000,25100,9500,19400,2100,1000,18800,37300,16600,10500,14000,19500,3900,5100,10600,10600
138.0,6.27,212700,1335339.0,6.26,6.25,6.24,6.23,6.22,6.21,6.2,6.19,6.18,6.17,6.27,6.28,6.29,6.3,6.31,6.32,6.33,6.34,6.35,6.36,6900,32100,14000,10500,12000,25100,9500,19400,2100,1000,17500,37300,16600,10500,14000,19500,3900,5100,10600,10600
139.0,6.26,219600,1378533.0,6.25,6.24,6.23,6.22,6.21,6.2,6.19,6.18,6.17,6.16,6.26,6.27,6.28,6.29,6.3,6.31,6.32,6.33,6.34,6.35,32100,14000,10500,12000,25100,9500,19400,2100,1000,11800,2700,18300,37300,16600,10500,14000,19500,3900,5100,10600
140.0,6.26,226400,1421101.0,6.25,6.24,6.23,6.22,6.21,6.2,6.19,6.18,6.17,6.16,6.26,6.27,6.28,6.29,6.3,6.31,6.32,6.33,6.34,6.35,32100,14000,10500,12000,25100,9500,19400,2100,1000,11800,100,18100,37300,16600,10100,14000,19500,3900,5100,10600
141.0,6.26,226500,1421727.0,6.26,6.25,6.24,6.23,6.22,6.21,6.2,6.19,6.18,6.17,6.27,6.28,6.29,6.3,6.31,6.32,6.33,6.34,6.35,6.36,500,32100,14000,10500,12000,25100,9500,19400,2100,1000,18100,37300,16600,10100,14000,19500,3900,5100,10600,10600
142.0,6.26,226500,1421727.0,6.26,6.25,6.24,6.23,6.22,6.21,6.2,6.19,6.18,6.17,6.27,6.28,6.29,6.3,6.31,6.32,6.33,6.34,6.35,6.36,500,32100,14000,10500,12000,25100,9500,19400,2100,1000,18100,37300,16600,10100,14000,19500,3900,5100,10600,10600
143.0,6.26,226700,1422980.0,6.26,6.25,6.24,6.23,6.22,6.21,6.2,6.19,6.18,6.17,6.27,6.28,6.29,6.3,6.31,6.32,6.33,6.34,6.35,6.36,400,32100,14000,10500,12000,25100,9500,19400,2100,1000,18000,37300,16600,10100,14000,19500,3900,5100,10600,10600
144.0,6.26,226700,1422980.0,6.26,6.25,6.24,6.23,6.22,6.21,6.2,6.19,6.18,6.17,6.27,6.28,6.29,6.3,6.31,6.32,6.33,6.34,6.35,6.36,400,32100,14000,10500,12000,25100,9500,19400,2100,1000,18000,37300,16600,10100,14000,19500,3900,5100,10600,10600
145.0,6.27,228200,1432385.0,6.26,6.25,6.24,6.23,6.22,6.21,6.2,6.19,6.18,6.17,6.27,6.28,6.29,6.3,6.31,6.32,6.33,6.34,6.35,6.36,400,32100,14000,10500,12000,25100,9500,19500,2100,1000,16500,37300,16600,13500,14000,19500,3900,5100,10600,10600
146.0,6.27,228200,1432385.0,6.26,6.25,6.24,6.23,6.22,6.21,6.2,6.19,6.18,6.17,6.27,6.28,6.29,6.3,6.31,6.32,6.33,6.34,6.35,6.36,400,32100,14000,10500,12000,25100,9500,19500,2100,1000,16500,37300,16600,13500,14000,19500,3900,5100,10600,10600
147.0,6.27,228200,1432385.0,6.26,6.25,6.24,6.23,6.22,6.21,6.2,6.19,6.18,6.17,6.27,6.28,6.29,6.3,6.31,6.32,6.33,6.34,6.35,6.36,400,32100,14000,10500,12000,25100,9500,19500,2100,1000,16500,37300,16600,13500,14000,19500,3900,5100,10600,10600
148.0,6.26,228600,1434889.0,6.25,6.24,6.23,6.22,6.21,6.2,6.19,6.18,6.17,6.16,6.26,6.27,6.28,6.29,6.3,6.31,6.32,6.33,6.34,6.35,32100,14000,10500,12000,25100,9500,19500,2100,1000,11800,2800,21500,37300,16600,13500,14000,19500,3900,5100,10600
149.0,6.26,229400,1439897.0,6.25,6.24,6.23,6.22,6.21,6.2,6.19,6.18,6.17,6.16,6.26,6.27,6.28,6.29,6.3,6.31,6.32,6.33,6.34,6.35,32100,14000,10500,12000,25100,9500,19500,2100,1000,11800,2000,21500,37300,16600,13500,20100,19500,3900,5100,10600
150.0,6.26,232000,1456158.0,6.25,6.24,6.23,6.22,6.21,6.2,6.19,6.18,6.17,6.16,6.26,6.27,6.28,6.29,6.3,6.31,6.32,6.33,6.34,6.35,30700,14000,10500,12000,25100,9500,19500,2100,1000,11800,900,21500,37300,16600,13500,20100,19500,3900,5100,10600
151.0,6.26,232000,1456158.0,6.25,6.24,6.23,6.22,6.21,6.2,6.19,6.18,6.17,6.16,6.26,6.27,6.28,6.29,6.3,6.31,6.32,6.33,6.34,6.35,30700,14000,10500,12000,25100,9500,19500,2100,1000,11800,900,21500,37300,16600,13500,20100,19500,3900,5100,10600
152.0,6.27,235200,1476189.0,6.26,6.25,6.24,6.23,6.22,6.21,6.2,6.19,6.18,6.17,6.27,6.28,6.29,6.3,6.31,6.32,6.33,6.34,6.35,6.36,600,29500,14000,10500,12000,25100,9500,19500,2100,1000,20500,37300,16600,13500,20100,19500,3900,5100,10600,10600
153.0,6.26,235300,1476815.0,6.26,6.25,6.24,6.23,6.22,6.21,6.2,6.19,6.18,6.17,6.27,6.28,6.29,6.3,6.31,6.32,6.33,6.34,6.35,6.36,500,29500,14000,10500,12000,25100,9500,19500,2100,1000,20500,37300,16600,13500,20100,19500,3900,5100,10600,10600
154.0,6.27,235900,1480577.0,6.26,6.25,6.24,6.23,6.22,6.21,6.2,6.19,6.18,6.17,6.27,6.28,6.29,6.3,6.31,6.32,6.33,6.34,6.35,6.36,500,29500,14000,10500,12000,25100,9500,19500,2100,1000,19900,37300,16600,13500,20100,19500,3900,5100,10600,10600
155.0,6.27,236200,1482458.0,6.26,6.25,6.24,6.23,6.22,6.21,6.2,6.19,6.18,6.17,6.27,6.28,6.29,6.3,6.31,6.32,6.33,6.34,6.35,6.36,700,29500,14000,10500,12000,25100,9500,19500,2100,1000,19600,37300,16600,13500,20100,19500,3900,5100,10600,10600
156.0,6.27,237700,1491863.0,6.26,6.25,6.24,6.23,6.22,6.21,6.2,6.19,6.18,6.17,6.27,6.28,6.29,6.3,6.31,6.32,6.33,6.34,6.35,6.36,700,29500,14000,10500,12000,25100,9500,19500,2100,1000,22600,37300,16600,14000,20100,19500,3900,5100,10600,10600
157.0,6.26,237800,1492489.0,6.26,6.25,6.24,6.23,6.22,6.21,6.2,6.19,6.18,6.17,6.27,6.28,6.29,6.3,6.31,6.32,6.33,6.34,6.35,6.36,600,29500,14000,10500,12000,25100,9500,19500,2100,1000,22800,37300,16600,14000,20100,19500,3900,5100,10600,10600
158.0,6.26,238000,1493741.0,6.26,6.25,6.24,6.23,6.22,6.21,6.2,6.19,6.18,6.17,6.27,6.28,6.29,6.3,6.31,6.32,6.33,6.34,6.35,6.36,400,29500,14000,10500,12000,25100,9500,19500,2100,1000,22800,37300,16600,14000,20100,19500,3900,5100,10600,10600
159.0,6.27,239700,1504400.0,6.26,6.25,6.24,6.23,6.22,6.21,6.2,6.19,6.18,6.17,6.27,6.28,6.29,6.3,6.31,6.32,6.33,6.34,6.35,6.36,400,29500,14000,10500,12000,25100,9500,19500,2100,1000,21100,37300,16600,14000,22700,19500,3900,5100,10600,10600
160.0,6.26,241000,1512538.0,6.25,6.24,6.23,6.22,6.21,6.2,6.19,6.18,6.17,6.16,6.26,6.27,6.28,6.29,6.3,6.31,6.32,6.33,6.34,6.35,29500,14000,10500,12000,25100,9500,19500,2100,1000,11800,3300,21100,37300,16600,14000,22700,19500,3900,5100,10600
161.0,6.26,245200,1538831.0,6.26,6.25,6.24,6.23,6.22,6.21,6.2,6.19,6.18,6.17,6.27,6.28,6.29,6.3,6.31,6.32,6.33,6.34,6.35,6.36,200,29500,14000,10500,12000,25100,9500,19500,2100,1000,21000,37300,16600,14000,22700,19500,3900,5100,10600,10600
162.0,6.26,245200,1538831.0,6.26,6.25,6.24,6.23,6.22,6.21,6.2,6.19,6.18,6.17,6.27,6.28,6.29,6.3,6.31,6.32,6.33,6.34,6.35,6.36,200,29500,14000,10500,12000,25100,9500,19500,2100,1000,21000,37300,16600,14000,22700,19500,3900,5100,10600,10600
163.0,6.26,245400,1540083.0,6.25,6.24,6.23,6.22,6.21,6.2,6.19,6.18,6.17,6.16,6.26,6.27,6.28,6.29,6.3,6.31,6.32,6.33,6.34,6.35,29500,14000,10500,12000,25100,9500,19500,2100,1000,11800,2600,21000,37300,16600,14000,22700,19500,3900,5100,10600
164.0,6.26,245400,1540083.0,6.25,6.24,6.23,6.22,6.21,6.2,6.19,6.18,6.17,6.16,6.26,6.27,6.28,6.29,6.3,6.31,6.32,6.33,6.34,6.35,29500,14000,10500,12000,25100,9500,19500,2100,1000,11800,2600,21000,37300,16600,14000,22700,19500,3900,5100,10600
165.0,6.26,246100,1544465.0,6.25,6.24,6.23,6.22,6.21,6.2,6.19,6.18,6.17,6.16,6.26,6.27,6.28,6.29,6.3,6.31,6.32,6.33,6.34,6.35,29500,15200,10500,12000,25100,9500,19500,2100,1000,11800,1900,26000,37300,16600,14000,22700,19500,3900,5100,10600
166.0,6.26,246200,1545091.0,6.25,6.24,6.23,6.22,6.21,6.2,6.19,6.18,6.17,6.16,6.26,6.27,6.28,6.29,6.3,6.31,6.32,6.33,6.34,6.35,29500,15200,10500,12000,25100,9500,19500,2100,1000,11800,1800,26000,37300,16600,14000,22700,19500,3900,5100,10600
167.0,6.26,254900,1599553.0,6.25,6.24,6.23,6.22,6.21,6.2,6.19,6.18,6.17,6.16,6.26,6.27,6.28,6.29,6.3,6.31,6.32,6.33,6.34,6.35,29500,15200,10500,12000,25100,9500,19500,2100,1000,11800,7200,21500,37200,16600,14000,22700,19500,3900,5100,10600
168.0,6.25,258000,1618928.0,6.25,6.24,6.23,6.22,6.21,6.2,6.19,6.18,6.17,6.16,6.26,6.27,6.28,6.29,6.3,6.31,6.32,6.33,6.34,6.35,26400,15200,10500,12000,25100,9500,19500,2100,1000,11800,7300,21500,37200,16600,14000,22700,19500,3900,5100,10600
169.0,6.26,258300,1620806.0,6.25,6.24,6.23,6.22,6.21,6.2,6.19,6.18,6.17,6.16,6.26,6.27,6.28,6.29,6.3,6.31,6.32,6.33,6.34,6.35,26400,15200,10500,12000,25100,9500,19500,2100,1000,11800,11400,21500,37200,16600,14000,22700,19500,3900,5100,10600
170.0,6.26,258300,1620806.0,6.25,6.24,6.23,6.22,6.21,6.2,6.19,6.18,6.17,6.16,6.26,6.27,6.28,6.29,6.3,6.31,6.32,6.33,6.34,6.35,27100,15200,10500,12000,25100,9500,19500,2100,1000,11800,11400,21500,37200,16600,14000,22700,19500,3900,5100,10600
171.0,6.26,258300,1620806.0,6.25,6.24,6.23,6.22,6.21,6.2,6.19,6.18,6.17,6.16,6.26,6.27,6.28,6.29,6.3,6.31,6.32,6.33,6.34,6.35,27100,15200,10500,12000,25100,9500,19500,2100,1000,11800,11400,21500,37200,16600,14000,22700,19500,3900,5100,10600
172.0,6.26,259400,1627692.0,6.25,6.24,6.23,6.22,6.21,6.2,6.19,6.18,6.17,6.16,6.26,6.27,6.28,6.29,6.3,6.31,6.32,6.33,6.34,6.35,27100,15200,10500,12000,25100,9500,19500,2100,1000,11800,10300,21500,37200,16600,14000,22700,19500,3900,5100,10600
173.0,6.26,259400,1627692.0,6.25,6.24,6.23,6.22,6.21,6.2,6.19,6.18,6.17,6.16,6.26,6.27,6.28,6.29,6.3,6.31,6.32,6.33,6.34,6.35,27100,15200,10500,12000,25100,9500,19500,2100,1000,11800,10300,21500,37200,16600,14000,22700,19500,3900,5100,10600
174.0,6.25,260900,1637067.0,6.25,6.24,6.23,6.22,6.21,6.2,6.19,6.18,6.17,6.16,6.26,6.27,6.28,6.29,6.3,6.31,6.32,6.33,6.34,6.35,25600,15200,10500,12000,25100,9500,19500,2100,1000,11800,10300,21500,37200,16600,14000,22700,19500,3900,5100,10600
175.0,6.25,262400,1646442.0,6.25,6.24,6.23,6.22,6.21,6.2,6.19,6.18,6.17,6.16,6.26,6.27,6.28,6.29,6.3,6.31,6.32,6.33,6.34,6.35,24100,15200,10500,12000,25100,9500,19500,2100,1000,11800,10300,23800,37200,16600,14000,22700,19500,3900,5100,10600
176.0,6.25,262400,1646442.0,6.25,6.24,6.23,6.22,6.21,6.2,6.19,6.18,6.17,6.16,6.26,6.27,6.28,6.29,6.3,6.31,6.32,6.33,6.34,6.35,24300,15200,10500,12000,25100,9500,19500,2100,1000,11800,10300,23800,37200,16600,14000,22700,19500,3900,5100,10600
177.0,6.25,262800,1648942.0,6.25,6.24,6.23,6.22,6.21,6.2,6.19,6.18,6.17,6.16,6.26,6.27,6.28,6.29,6.3,6.31,6.32,6.33,6.34,6.35,23900,15200,10500,12000,25100,9500,19500,2100,1000,11800,10300,23800,37200,16700,14000,22700,19500,3900,5100,10600
178.0,6.25,264300,1658317.0,6.25,6.24,6.23,6.22,6.21,6.2,6.19,6.18,6.17,6.16,6.26,6.27,6.28,6.29,6.3,6.31,6.32,6.33,6.34,6.35,22400,15200,10500,12000,25100,9500,19500,2100,1000,11800,10300,23800,37200,16700,14000,22700,19500,3900,5100,10600
179.0,6.25,278100,1744567.0,6.25,6.24,6.23,6.22,6.21,6.2,6.19,6.18,6.17,6.16,6.26,6.27,6.28,6.29,6.3,6.31,6.32,6.33,6.34,6.35,8600,15200,10500,12000,25100,9500,19500,2100,1000,11800,10300,23800,37200,16700,14000,22700,19500,3900,5100,10600
180.0,6.25,279800,1755192.0,6.25,6.24,6.23,6.22,6.21,6.2,6.19,6.18,6.17,6.16,6.26,6.27,6.28,6.29,6.3,6.31,6.32,6.33,6.34,6.35,7100,15200,10500,12000,25100,9500,19500,2100,1000,11800,10300,23800,37200,16700,14000,22700,19500,3900,5100,10600
181.0,6.25,280900,1762071.0,6.25,6.24,6.23,6.22,6.21,6.2,6.19,6.18,6.17,6.16,6.26,6.27,6.28,6.29,6.3,6.31,6.32,6.33,6.34,6.35,6700,15200,10500,12000,25100,9500,19500,2100,1000,11800,10300,23800,37200,16700,14000,22700,19500,3900,5100,10600
182.0,6.25,288600,1810206.0,6.24,6.23,6.22,6.21,6.2,6.19,6.18,6.17,6.16,6.15,6.25,6.26,6.27,6.28,6.29,6.3,6.31,6.32,6.33,6.34,15200,10500,12000,25100,6500,19500,2100,1000,8800,13000,3300,9400,23800,37100,16700,14000,22700,19500,3900,5100
183.0,6.25,288600,1810206.0,6.24,6.23,6.22,6.21,6.2,6.19,6.18,6.17,6.16,6.15,6.25,6.26,6.27,6.28,6.29,6.3,6.31,6.32,6.33,6.34,15200,10500,12000,25100,6500,19500,2100,1000,8800,13000,3300,9400,23800,37100,16700,14000,22700,19500,3900,5100
184.0,6.25,288600,1810206.0,6.24,6.23,6.22,6.21,6.2,6.19,6.18,6.17,6.16,6.15,6.25,6.26,6.27,6.28,6.29,6.3,6.31,6.32,6.33,6.34,15200,10500,12000,25100,6500,19500,2100,1000,8800,13000,13500,9400,23800,37100,16700,14000,22700,19500,3900,5100
185.0,6.24,291700,1829553.0,6.24,6.23,6.22,6.21,6.2,6.19,6.18,6.17,6.16,6.15,6.25,6.26,6.27,6.28,6.29,6.3,6.31,6.32,6.33,6.34,27500,10500,12000,25100,6500,19500,2100,1000,8800,13000,17500,9500,33500,37100,16700,14000,22700,19500,3900,5100
186.0,6.25,292600,1835178.0,6.24,6.23,6.22,6.21,6.2,6.19,6.18,6.17,6.16,6.15,6.25,6.26,6.27,6.28,6.29,6.3,6.31,6.32,6.33,6.34,27500,10500,12000,25100,6500,19500,2100,1000,8800,13000,16600,10200,33500,37100,11700,14000,22700,19500,3900,5100
187.0,6.25,296400,1858928.0,6.24,6.23,6.22,6.21,6.2,6.19,6.18,6.17,6.16,6.15,6.25,6.26,6.27,6.28,6.29,6.3,6.31,6.32,6.33,6.34,27500,10500,12000,25100,6500,19500,2100,1000,8800,13000,13200,10200,33500,37100,11700,14000,22700,19500,3900,5100
188.0,6.25,296900,1862053.0,6.24,6.23,6.22,6.21,6.2,6.19,6.18,6.17,6.16,6.15,6.25,6.26,6.27,6.28,6.29,6.3,6.31,6.32,6.33,6.34,27500,10500,12000,25100,6500,19500,2100,1000,8800,13000,12700,10300,33500,37100,11700,14000,22700,19500,3900,5100
189.0,6.26,316200,1982649.0,6.25,6.24,6.23,6.22,6.21,6.2,6.19,6.17,6.16,6.15,6.26,6.27,6.28,6.29,6.3,6.31,6.32,6.33,6.34,6.35,6200,38600,10500,12000,25100,6500,19500,1000,8800,13000,10000,32700,37100,11700,14000,22700,19500,3900,5100,10600
190.0,6.26,319300,2002055.0,6.25,6.24,6.23,6.22,6.21,6.2,6.19,6.17,6.16,6.15,6.26,6.27,6.28,6.29,6.3,6.31,6.32,6.33,6.34,6.35,11000,38600,10500,12000,25100,6500,19500,1000,8800,13000,6900,31300,37100,11700,14000,22700,19500,3900,5100,10600
191.0,6.27,331700,2079690.0,6.26,6.25,6.24,6.23,6.22,6.21,6.2,6.19,6.17,6.16,6.27,6.28,6.29,6.3,6.31,6.32,6.33,6.34,6.35,6.36,4600,9500,38600,10500,12000,25100,6500,19500,1000,8800,20500,37100,11700,14000,22700,19500,3900,5100,10600,10600
192.0,6.26,332100,2082194.0,6.26,6.25,6.24,6.23,6.22,6.21,6.2,6.19,6.17,6.16,6.27,6.28,6.29,6.3,6.31,6.32,6.33,6.34,6.35,6.36,4200,9500,37400,10500,12000,25100,6500,19500,1000,8800,20500,37200,11700,14000,22700,19500,3900,5100,10600,10600
193.0,6.26,333100,2088454.0,6.26,6.25,6.24,6.23,6.22,6.21,6.2,6.19,6.17,6.16,6.27,6.28,6.29,6.3,6.31,6.32,6.33,6.34,6.35,6.36,3200,13200,37400,10500,12000,25100,6500,19500,1000,8800,20500,37200,11700,14000,22700,19500,3900,5100,10600,10600
194.0,6.26,333100,2088454.0,6.26,6.25,6.24,6.23,6.22,6.21,6.2,6.19,6.17,6.16,6.27,6.28,6.29,6.3,6.31,6.32,6.33,6.34,6.35,6.36,3300,9300,37400,10500,12000,25100,6500,19500,1000,8800,20500,37200,11700,14000,22700,19500,3900,5100,10600,10600
195.0,6.26,333400,2090332.0,6.26,6.25,6.24,6.23,6.22,6.21,6.2,6.19,6.17,6.16,6.27,6.28,6.29,6.3,6.31,6.32,6.33,6.34,6.35,6.36,3000,9300,37400,10500,12000,25100,6500,19500,1000,8800,20500,37200,11700,14000,22700,19500,3900,5100,10600,10600
196.0,6.26,333700,2092210.0,6.26,6.25,6.24,6.23,6.22,6.21,6.2,6.19,6.17,6.16,6.27,6.28,6.29,6.3,6.31,6.32,6.33,6.34,6.35,6.36,4800,9300,37400,10500,12000,25100,6500,19500,1000,8800,20500,37200,11700,14000,22700,19500,3900,5100,10600,10600
197.0,6.26,335200,2101600.0,6.26,6.25,6.24,6.23,6.22,6.21,6.2,6.19,6.17,6.16,6.27,6.28,6.29,6.3,6.31,6.32,6.33,6.34,6.35,6.36,3300,9300,37400,10500,12000,25100,6500,19500,1000,8800,20500,37200,11700,14000,22700,19500,3900,5100,10600,10600
198.0,6.26,335200,2101600.0,6.26,6.25,6.24,6.23,6.22,6.21,6.2,6.19,6.17,6.16,6.27,6.28,6.29,6.3,6.31,6.32,6.33,6.34,6.35,6.36,4400,9300,37400,10500,12000,25100,6500,19500,1000,8800,20500,37200,11700,14000,22700,19500,3900,5100,10600,10600
199.0,6.23,395000,2474794.0,6.22,6.21,6.2,6.19,6.17,6.16,6.15,6.14,6.13,6.12,6.23,6.27,6.28,6.29,6.3,6.31,6.32,6.33,6.34,6.35,12000,25100,6500,19500,1000,8800,13000,600,3000,300,1700,20500,37200,11700,14000,22700,19500,3900,5100,10600
200.0,6.23,395100,2475417.0,6.22,6.21,6.2,6.19,6.17,6.16,6.15,6.14,6.13,6.12,6.23,6.27,6.28,6.29,6.3,6.31,6.32,6.33,6.34,6.35,12000,25100,6500,19500,1000,8800,13000,600,3000,300,1600,20500,37200,11700,14000,22700,19500,3900,5100,10600
201.0,6.23,395100,2475417.0,6.22,6.21,6.2,6.19,6.17,6.16,6.15,6.14,6.13,6.12,6.23,6.27,6.28,6.29,6.3,6.31,6.32,6.33,6.34,6.35,12000,25100,6500,19500,1000,8800,13000,600,3000,300,1600,20500,37200,11700,14000,22700,19500,3900,5100,10600
202.0,6.23,396200,2482270.0,6.22,6.21,6.2,6.19,6.17,6.16,6.15,6.14,6.13,6.12,6.23,6.27,6.28,6.29,6.3,6.31,6.32,6.33,6.34,6.35,12000,25100,6500,19500,1000,8800,13000,600,3000,300,500,20500,37200,11700,14000,22700,19500,3900,5100,10600
203.0,6.23,397500,2490357.0,6.22,6.21,6.2,6.19,6.17,6.16,6.15,6.14,6.13,6.12,6.23,6.24,6.25,6.26,6.27,6.28,6.29,6.3,6.31,6.32,10800,25100,6500,19500,1000,8800,13000,600,3000,300,400,200,1000,600,20600,37100,11700,12400,22700,19500
204.0,6.26,398900,2499103.0,6.26,6.24,6.22,6.21,6.2,6.19,6.17,6.16,6.15,6.14,6.27,6.28,6.29,6.3,6.31,6.32,6.33,6.34,6.35,6.36,300,800,10800,25100,6500,19500,1000,8800,13000,600,20600,37100,11700,12400,22700,19500,3900,5100,10600,10600
205.0,6.26,400700,2510386.0,6.24,6.22,6.21,6.2,6.19,6.17,6.16,6.15,6.14,6.13,6.26,6.27,6.28,6.29,6.3,6.31,6.32,6.33,6.34,6.35,800,10800,25100,7200,19500,1000,8800,13000,600,3000,600,19100,37100,11700,12400,22700,19500,3900,5100,10600
206.0,6.26,400700,2510386.0,6.24,6.22,6.21,6.2,6.19,6.17,6.16,6.15,6.14,6.13,6.26,6.27,6.28,6.29,6.3,6.31,6.32,6.33,6.34,6.35,3000,10800,25100,7200,19500,1000,8800,13000,600,3000,2700,19100,37100,11700,12400,22700,19500,3900,5100,10600
207.0,6.26,400700,2510386.0,6.24,6.22,6.21,6.2,6.19,6.17,6.16,6.15,6.14,6.13,6.26,6.27,6.28,6.29,6.3,6.31,6.32,6.33,6.34,6.35,3000,10800,25100,7200,19500,1000,8800,13000,600,3000,2700,19100,37100,11700,12400,22700,19500,3900,5100,10600
208.0,6.26,400700,2510386.0,6.24,6.22,6.21,6.2,6.19,6.17,6.16,6.15,6.14,6.13,6.26,6.27,6.28,6.29,6.3,6.31,6.32,6.33,6.34,6.35,3900,10800,25100,7200,19500,1000,8800,13000,600,3000,3600,19100,37100,1800,12400,24700,19500,3900,5100,10600
209.0,6.26,401000,2512264.0,6.24,6.22,6.21,6.2,6.19,6.17,6.16,6.15,6.14,6.13,6.26,6.27,6.28,6.29,6.3,6.31,6.32,6.33,6.34,6.35,6200,10800,25100,7200,19500,1000,8800,13000,600,3000,5400,19100,37100,1800,12400,24700,19500,3900,5100,10600
210.0,6.24,401600,2516008.0,6.24,6.22,6.21,6.2,6.19,6.17,6.16,6.15,6.14,6.13,6.26,6.27,6.28,6.29,6.3,6.31,6.32,6.33,6.34,6.35,5600,10800,25100,7200,19500,1000,8800,13000,600,3000,5400,19100,37100,1800,12400,24700,19500,3900,5100,10600
211.0,6.24,401600,2516008.0,6.24,6.22,6.21,6.2,6.19,6.17,6.16,6.15,6.14,6.13,6.25,6.26,6.27,6.28,6.29,6.3,6.31,6.32,6.33,6.34,8600,11700,25100,7200,19500,1000,8800,13000,600,3000,200,8400,19100,37100,1800,12400,24700,19500,3900,5100
212.0,6.25,402200,2519757.0,6.24,6.22,6.21,6.2,6.19,6.17,6.16,6.15,6.14,6.13,6.26,6.27,6.28,6.29,6.3,6.31,6.32,6.33,6.34,6.35,9200,11700,25100,7200,19500,1000,8800,13000,600,3000,12600,32200,37100,10400,12400,18600,19500,3900,5100,10600
213.0,6.25,402200,2519757.0,6.24,6.22,6.21,6.2,6.19,6.17,6.16,6.15,6.14,6.13,6.26,6.27,6.28,6.29,6.3,6.31,6.32,6.33,6.34,6.35,9200,11700,25100,7200,19500,1000,8800,13000,600,3000,12600,32200,37100,10400,12400,18600,19500,3900,5100,10600
214.0,6.25,402200,2519757.0,6.24,6.22,6.21,6.2,6.19,6.17,6.16,6.15,6.14,6.13,6.26,6.27,6.28,6.29,6.3,6.31,6.32,6.33,6.34,6.35,12200,11700,25100,7200,19500,1000,8800,13000,600,3000,15600,32200,37100,10400,12400,18600,19500,3900,5100,10600
215.0,6.26,405300,2539163.0,6.24,6.22,6.21,6.2,6.19,6.17,6.16,6.15,6.14,6.13,6.26,6.27,6.28,6.29,6.3,6.31,6.32,6.33,6.34,6.35,12800,11700,25100,7200,19500,1000,8800,13000,600,3000,12500,32200,37100,10400,12400,18600,19500,3900,5100,10600
216.0,6.26,407000,2549805.0,6.24,6.22,6.21,6.2,6.19,6.17,6.16,6.15,6.14,6.13,6.26,6.27,6.28,6.29,6.3,6.31,6.32,6.33,6.34,6.35,15700,11700,25100,7200,19500,1000,8800,13000,600,3000,13700,32200,37100,10400,12400,18600,19500,3900,5100,10600
217.0,6.26,407000,2549805.0,6.24,6.22,6.21,6.2,6.19,6.17,6.16,6.15,6.14,6.13,6.26,6.27,6.28,6.29,6.3,6.31,6.32,6.33,6.34,6.35,18600,11700,25100,7200,19500,1000,8800,13000,600,3000,13700,32200,37100,10400,12400,18600,19500,3900,5100,10600
218.0,6.24,408600,2559789.0,6.24,6.22,6.21,6.2,6.19,6.17,6.16,6.15,6.14,6.13,6.26,6.27,6.28,6.29,6.3,6.31,6.32,6.33,6.34,6.35,20100,11700,25100,7200,19500,1000,8800,13000,600,3000,16700,32200,37100,10400,12400,18600,19500,3900,5100,10600
219.0,6.26,410200,2569805.0,6.24,6.22,6.21,6.2,6.19,6.17,6.16,6.15,6.14,6.13,6.26,6.27,6.28,6.29,6.3,6.31,6.32,6.33,6.34,6.35,20100,11700,25100,7200,19500,1000,8800,13000,600,3000,15100,32200,37100,10400,12400,18600,19500,3900,5100,10600
220.0,6.26,410200,2569805.0,6.24,6.22,6.21,6.2,6.19,6.17,6.16,6.15,6.14,6.13,6.26,6.27,6.28,6.29,6.3,6.31,6.32,6.33,6.34,6.35,22200,11700,25100,7200,19500,1000,8800,13000,600,3000,17200,32200,37100,10400,12400,18600,19500,3900,5100,10600
221.0,6.26,410200,2569805.0,6.24,6.22,6.21,6.2,6.19,6.17,6.16,6.15,6.14,6.13,6.26,6.27,6.28,6.29,6.3,6.31,6.32,6.33,6.34,6.35,23100,11700,25100,7200,19500,1000,8800,13000,600,3000,18100,32200,37100,10400,12400,18600,19500,3900,5100,10600
222.0,6.26,411800,2579821.0,6.24,6.22,6.21,6.2,6.19,6.17,6.16,6.15,6.14,6.13,6.26,6.27,6.28,6.29,6.3,6.31,6.32,6.33,6.34,6.35,23100,11700,25100,7200,19500,1000,8800,13000,600,3000,16500,32200,37100,10400,12400,18600,19500,3900,5100,10600
223.0,6.26,411800,2579821.0,6.24,6.22,6.21,6.2,6.19,6.17,6.16,6.15,6.14,6.13,6.26,6.27,6.28,6.29,6.3,6.31,6.32,6.33,6.34,6.35,26100,11700,25100,7200,19500,1000,8800,13000,600,3000,21100,32200,37100,10400,12400,18600,19500,3900,5100,10600
224.0,6.26,412900,2586707.0,6.24,6.22,6.21,6.2,6.19,6.17,6.16,6.15,6.14,6.13,6.26,6.27,6.28,6.29,6.3,6.31,6.32,6.33,6.34,6.35,26100,11700,25100,7200,19500,1000,8800,13000,600,3000,26100,32200,37100,10400,12400,18600,19500,3900,5100,10600
225.0,6.24,416100,2606707.0,6.24,6.22,6.21,6.2,6.19,6.17,6.16,6.15,6.14,6.13,6.26,6.27,6.28,6.29,6.3,6.31,6.32,6.33,6.34,6.35,27000,11700,25100,7200,19500,1000,8800,13000,600,3000,26600,32200,37100,10400,12400,18600,19500,3900,5100,10600
226.0,6.24,416100,2606707.0,6.24,6.22,6.21,6.2,6.19,6.17,6.16,6.15,6.14,6.13,6.26,6.27,6.28,6.29,6.3,6.31,6.32,6.33,6.34,6.35,27900,11700,25100,7200,19500,1000,8800,13000,600,3000,27500,32200,37100,10400,12400,18600,19500,3900,5100,10600
227.0,6.26,419300,2626739.0,6.24,6.22,6.21,6.2,6.19,6.17,6.16,6.15,6.14,6.13,6.26,6.27,6.28,6.29,6.3,6.31,6.32,6.33,6.34,6.35,30900,11700,25100,7200,19500,1000,8800,13000,600,3000,26500,32200,37100,10400,12400,18600,19500,3900,5100,10600
228.0,6.26,420900,2636755.0,6.24,6.22,6.21,6.2,6.19,6.17,6.16,6.15,6.14,6.13,6.26,6.27,6.28,6.29,6.3,6.31,6.32,6.33,6.34,6.35,31800,11700,25100,7200,19500,1000,8800,13000,600,3000,25800,32200,37100,10400,12400,18600,19500,3900,5100,10600
229.0,6.26,420900,2636755.0,6.24,6.23,6.22,6.21,6.2,6.19,6.17,6.16,6.15,6.14,6.26,6.27,6.28,6.29,6.3,6.31,6.32,6.33,6.34,6.35,33900,1100,11700,25100,7200,19500,1000,8800,13000,600,27900,32200,37100,10400,12400,18600,19500,3900,5100,10600
230.0,6.26,420900,2636755.0,6.24,6.23,6.22,6.21,6.2,6.19,6.17,6.16,6.15,6.14,6.26,6.27,6.28,6.29,6.3,6.31,6.32,6.33,6.34,6.35,34200,1100,11700,25100,7200,19500,1000,8800,13000,600,27900,32200,37100,10400,12400,18600,19500,3900,5100,10600
231.0,6.26,422500,2646771.0,6.24,6.23,6.22,6.21,6.2,6.19,6.17,6.16,6.15,6.14,6.26,6.27,6.28,6.29,6.3,6.31,6.32,6.33,6.34,6.35,35100,1100,11700,25100,7200,19500,1000,8800,13000,600,27200,32200,37100,10400,12400,18600,19500,3900,5100,10600
232.0,6.26,422500,2646771.0,6.24,6.23,6.22,6.21,6.2,6.19,6.17,6.16,6.15,6.14,6.26,6.27,6.28,6.29,6.3,6.31,6.32,6.33,6.34,6.35,35100,1100,11700,25100,7200,19500,1000,8800,13000,600,27200,32200,37100,10400,12400,18600,19500,3900,5100,10600
233.0,6.26,422900,2649275.0,6.24,6.23,6.22,6.21,6.2,6.19,6.17,6.16,6.15,6.14,6.26,6.27,6.28,6.29,6.3,6.31,6.32,6.33,6.34,6.35,35100,1100,11700,25100,7200,19500,1000,8800,13000,600,27200,32200,37100,10400,12400,18600,19500,3900,5100,10600
234.0,6.26,422900,2649275.0,6.24,6.23,6.22,6.21,6.2,6.19,6.17,6.16,6.15,6.14,6.26,6.27,6.28,6.29,6.3,6.31,6.32,6.33,6.34,6.35,36000,1100,11700,25100,7200,19500,1000,8800,13000,600,28100,32200,37100,10400,12400,18600,19500,3900,5100,10600
235.0,6.26,424500,2659291.0,6.24,6.23,6.22,6.21,6.2,6.19,6.17,6.16,6.15,6.14,6.26,6.27,6.28,6.29,6.3,6.31,6.32,6.33,6.34,6.35,36000,1100,11700,25100,7200,19500,1000,8800,13000,600,26500,32200,37100,10400,12400,18600,19500,3900,5100,10600
236.0,6.26,424500,2659291.0,6.24,6.23,6.22,6.21,6.2,6.19,6.17,6.16,6.15,6.14,6.26,6.27,6.28,6.29,6.3,6.31,6.32,6.33,6.34,6.35,36000,1100,11700,25100,7200,19500,1000,8800,13000,1600,26500,32200,37100,10400,12400,18600,19500,3900,5100,10600
237.0,6.26,424900,2661791.0,6.24,6.23,6.22,6.21,6.2,6.19,6.17,6.16,6.15,6.14,6.26,6.27,6.28,6.29,6.3,6.31,6.32,6.33,6.34,6.35,36700,1100,11700,25100,7200,19500,1000,8800,13000,1600,27200,32200,37100,10400,12400,18600,19500,3900,5100,10600
238.0,6.26,429700,2691839.0,6.24,6.23,6.22,6.21,6.2,6.19,6.17,6.16,6.15,6.14,6.26,6.27,6.28,6.29,6.3,6.31,6.32,6.33,6.34,6.35,36700,1100,11700,25100,7200,19500,1000,8800,13000,1600,22400,32200,37100,10400,12400,18600,19500,3900,5100,10600
239.0,6.26,429800,2692465.0,6.24,6.23,6.22,6.21,6.2,6.19,6.17,6.16,6.15,6.14,6.26,6.27,6.28,6.29,6.3,6.31,6.32,6.33,6.34,6.35,36800,1100,11700,25100,7200,19500,1000,8800,13000,1600,23000,32200,37100,10400,12400,18600,19500,3900,5100,10600
240.0,6.26,429800,2692465.0,6.24,6.23,6.22,6.21,6.2,6.19,6.17,6.16,6.15,6.14,6.26,6.27,6.28,6.29,6.3,6.31,6.32,6.33,6.34,6.35,37700,1100,11700,25100,7200,19500,1000,8800,13000,1600,23900,32200,37100,10400,12400,18600,19500,3900,5100,10600
241.0,6.26,429800,2692465.0,6.24,6.23,6.22,6.21,6.2,6.19,6.17,6.16,6.15,6.14,6.26,6.27,6.28,6.29,6.3,6.31,6.32,6.33,6.34,6.35,37800,1100,11700,25100,7200,19500,1000,8800,13000,1600,24800,32200,37100,10400,12400,18600,19500,3900,5100,10600
242.0,6.26,431700,2704359.0,6.24,6.23,6.22,6.21,6.2,6.19,6.17,6.16,6.15,6.14,6.26,6.27,6.28,6.29,6.3,6.31,6.32,6.33,6.34,6.35,38100,1100,11700,25100,7200,19500,1000,8800,13000,1600,22900,32200,37100,10400,12400,18600,19500,3900,5100,10600
243.0,6.26,431700,2704359.0,6.24,6.23,6.22,6.21,6.2,6.19,6.17,6.16,6.15,6.14,6.26,6.27,6.28,6.29,6.3,6.31,6.32,6.33,6.34,6.35,39000,1100,11700,25100,7200,19500,1000,8800,13000,1600,23800,32200,37100,10400,12400,18600,19500,3900,5100,10600
244.0,6.24,432700,2710612.0,6.24,6.23,6.22,6.21,6.2,6.19,6.17,6.16,6.15,6.14,6.26,6.27,6.28,6.29,6.3,6.31,6.32,6.33,6.34,6.35,42800,1100,11700,25100,7200,19500,1000,8800,13000,1600,23400,32200,37100,10400,12400,18600,19500,3900,5100,10600
245.0,6.26,434500,2721880.0,6.24,6.23,6.22,6.21,6.2,6.19,6.17,6.16,6.15,6.14,6.26,6.27,6.28,6.29,6.3,6.31,6.32,6.33,6.34,6.35,42800,1100,11700,25100,7200,19500,1000,8800,13000,1600,21600,32200,37100,10400,12400,18600,19500,3900,5100,10600
246.0,6.26,434600,2722506.0,6.24,6.23,6.22,6.21,6.2,6.19,6.17,6.16,6.15,6.14,6.26,6.27,6.28,6.29,6.3,6.31,6.32,6.33,6.34,6.35,42800,1100,11700,25100,7200,19500,1000,8800,13000,1600,22400,32200,37100,10400,12400,18600,19500,3900,5100,10600
247.0,6.24,436200,2732490.0,6.24,6.23,6.22,6.21,6.2,6.19,6.17,6.16,6.15,6.14,6.26,6.27,6.28,6.29,6.3,6.31,6.32,6.33,6.34,6.35,42100,1100,11700,25100,7200,19500,1000,8800,13000,1600,22400,32200,37100,10400,12400,18600,19500,3900,5100,10600
248.0,6.24,436200,2732490.0,6.24,6.23,6.22,6.21,6.2,6.19,6.17,6.16,6.15,6.14,6.26,6.27,6.28,6.29,6.3,6.31,6.32,6.33,6.34,6.35,42300,1100,11700,25100,7200,19500,1000,8800,13000,1600,22400,32200,37100,10400,12400,18600,19500,3900,5100,10600
249.0,6.26,437800,2742506.0,6.24,6.23,6.22,6.21,6.2,6.19,6.17,6.16,6.15,6.14,6.26,6.27,6.28,6.29,6.3,6.31,6.32,6.33,6.34,6.35,42300,1100,11700,25100,7200,19500,1000,8800,13000,1600,21600,32200,37100,10400,12400,18600,19500,3900,5100,10600
250.0,6.26,441000,2762538.0,6.24,6.23,6.22,6.21,6.2,6.19,6.17,6.16,6.15,6.14,6.26,6.27,6.28,6.29,6.3,6.31,6.32,6.33,6.34,6.35,43100,1100,11700,25100,7200,19500,1000,8800,13000,1600,18400,32200,37100,10400,12400,18600,19500,3900,5100,10600
251.0,6.26,441000,2762538.0,6.24,6.23,6.22,6.21,6.2,6.19,6.17,6.16,6.15,6.14,6.26,6.27,6.28,6.29,6.3,6.31,6.32,6.33,6.34,6.35,43100,1100,11700,25100,7200,19500,1000,8800,13000,1600,18400,32200,37100,10400,12400,18600,19500,3900,5100,10600
252.0,6.26,442600,2772554.0,6.24,6.23,6.22,6.21,6.2,6.19,6.17,6.16,6.15,6.14,6.26,6.27,6.28,6.29,6.3,6.31,6.32,6.33,6.34,6.35,44000,1100,11700,25100,7200,19500,1000,8800,13000,1600,17700,32200,37100,10400,12400,18600,19500,3900,5100,10600
253.0,6.26,442700,2773180.0,6.24,6.23,6.22,6.21,6.2,6.19,6.17,6.16,6.15,6.14,6.26,6.27,6.28,6.29,6.3,6.31,6.32,6.33,6.34,6.35,44000,1100,11700,25100,7200,19500,1000,8800,13000,1600,17600,32200,37100,10400,12400,18600,19500,3900,5100,10600
254.0,6.24,444300,2783164.0,6.24,6.23,6.22,6.21,6.2,6.19,6.17,6.16,6.15,6.14,6.26,6.27,6.28,6.29,6.3,6.31,6.32,6.33,6.34,6.35,42400,1100,11700,25100,7200,19500,1000,8800,13000,1600,17600,32200,37100,10400,12400,18600,19500,3900,5100,10600
255.0,6.24,444300,2783164.0,6.24,6.23,6.22,6.21,6.2,6.19,6.17,6.16,6.15,6.14,6.26,6.27,6.28,6.29,6.3,6.31,6.32,6.33,6.34,6.35,42400,1100,11700,25100,7200,19500,1000,8800,13000,1600,17600,32200,37100,10400,12400,18600,19500,3900,5100,10600
256.0,6.26,445900,2793180.0,6.24,6.23,6.22,6.21,6.2,6.19,6.17,6.16,6.15,6.14,6.26,6.27,6.28,6.29,6.3,6.31,6.32,6.33,6.34,6.35,43300,1100,11700,25100,10200,19500,1000,8800,13000,1600,16900,32200,37100,10400,12400,18600,19500,3900,5100,10600
257.0,6.26,445900,2793180.0,6.24,6.23,6.22,6.21,6.2,6.19,6.17,6.16,6.15,6.14,6.26,6.27,6.28,6.29,6.3,6.31,6.32,6.33,6.34,6.35,43300,1100,11700,25100,10200,19500,1000,8800,13000,1600,16900,32200,57100,10400,12400,18600,19500,3900,5100,10600
258.0,6.26,445900,2793180.0,6.24,6.23,6.22,6.21,6.2,6.19,6.17,6.16,6.15,6.14,6.26,6.27,6.28,6.29,6.3,6.31,6.32,6.33,6.34,6.35,44200,1100,11700,25100,10200,19500,1000,8800,13000,1600,17800,32200,57100,10400,12400,18600,19500,3900,5100,10600
259.0,6.26,447500,2803196.0,6.24,6.23,6.22,6.21,6.2,6.19,6.17,6.16,6.15,6.14,6.26,6.27,6.28,6.29,6.3,6.31,6.32,6.33,6.34,6.35,44200,1100,11700,25100,10200,19500,1000,8800,13000,1600,16200,32200,57100,10400,12900,18600,19500,3900,5100,10600
260.0,6.26,447500,2803196.0,6.24,6.23,6.22,6.21,6.2,6.19,6.17,6.16,6.15,6.14,6.26,6.27,6.28,6.29,6.3,6.31,6.32,6.33,6.34,6.35,44200,1100,11700,25100,10200,19500,1000,8800,13000,1600,16200,32200,57100,10400,12900,18600,19500,3900,5100,10600
261.0,6.24,452300,2833212.0,6.24,6.23,6.22,6.21,6.2,6.19,6.17,6.16,6.15,6.14,6.26,6.27,6.28,6.29,6.3,6.31,6.32,6.33,6.34,6.35,43500,1100,11700,25100,10200,19500,1000,8800,13000,1600,13900,32200,57100,10400,12900,18600,19500,3900,5100,10600
262.0,6.24,452300,2833212.0,6.24,6.23,6.22,6.21,6.2,6.19,6.17,6.16,6.15,6.14,6.26,6.27,6.28,6.29,6.3,6.31,6.32,6.33,6.34,6.35,43500,1100,11700,25100,10200,19500,1000,8800,13000,1600,13900,32200,57100,10400,12900,18600,19500,3900,5100,10600
263.0,6.26,453600,2841350.0,6.24,6.23,6.22,6.21,6.2,6.19,6.17,6.16,6.15,6.14,6.26,6.27,6.28,6.29,6.3,6.31,6.32,6.33,6.34,6.35,43500,1100,11700,25100,10200,19500,1000,8800,13000,1600,12600,32200,57100,10400,12900,18600,19500,3900,5100,10600
264.0,6.26,453600,2841350.0,6.24,6.23,6.22,6.21,6.2,6.19,6.17,6.16,6.15,6.14,6.26,6.27,6.28,6.29,6.3,6.31,6.32,6.33,6.34,6.35,44300,1100,11700,25100,10200,19500,1000,8800,13000,1600,13400,32200,57100,10400,12900,18600,19500,3900,5100,10600
265.0,6.26,453600,2841350.0,6.24,6.23,6.22,6.21,6.2,6.19,6.17,6.16,6.15,6.14,6.26,6.27,6.28,6.29,6.3,6.31,6.32,6.33,6.34,6.35,40400,1100,11700,25100,10200,19500,1000,8800,13000,1600,13400,32200,57100,10400,12900,18600,19500,3900,5100,10600
266.0,6.26,454900,2849488.0,6.24,6.23,6.22,6.21,6.2,6.19,6.17,6.16,6.15,6.14,6.26,6.27,6.28,6.29,6.3,6.31,6.32,6.33,6.34,6.35,40400,1100,11700,25100,10200,19500,1000,8800,13000,1600,12100,32200,57100,10400,12900,18600,19500,3900,5100,10600
267.0,6.26,455100,2850740.0,6.24,6.23,6.22,6.21,6.2,6.19,6.17,6.16,6.15,6.14,6.26,6.27,6.28,6.29,6.3,6.31,6.32,6.33,6.34,6.35,41200,1100,11700,25100,10200,19500,1000,8800,13000,1600,12700,32200,57100,10400,12900,18600,19500,3900,5100,10600
268.0,6.26,455100,2850740.0,6.24,6.23,6.22,6.21,6.2,6.19,6.17,6.16,6.15,6.14,6.26,6.27,6.28,6.29,6.3,6.31,6.32,6.33,6.34,6.35,41200,1100,11700,25100,10200,19500,1000,8800,13000,1600,12700,32200,57100,10400,12900,18600,19500,3900,5100,10600
269.0,6.24,456700,2860724.0,6.24,6.23,6.22,6.21,6.2,6.19,6.17,6.16,6.15,6.14,6.26,6.27,6.28,6.29,6.3,6.31,6.32,6.33,6.34,6.35,39600,1100,11700,25100,10200,19500,1000,8800,13000,1600,12700,32200,57100,10400,12900,18600,19500,3900,5100,10600
270.0,6.26,457900,2868236.0,6.24,6.23,6.22,6.21,6.2,6.19,6.17,6.16,6.15,6.14,6.26,6.27,6.28,6.29,6.3,6.31,6.32,6.33,6.34,6.35,40400,1100,11700,25100,10200,19500,1000,8800,13000,1600,12300,32200,57100,10400,12900,18600,19500,3900,5100,10600
271.0,6.26,457900,2868236.0,6.24,6.22,6.21,6.2,6.19,6.17,6.16,6.15,6.14,6.13,6.26,6.27,6.28,6.29,6.3,6.31,6.32,6.33,6.34,6.35,40400,11700,25100,10200,19500,1000,8800,13000,1600,3000,12300,32200,57100,10400,12900,18600,19500,3900,5100,10600
272.0,6.26,457900,2868236.0,6.24,6.22,6.21,6.2,6.19,6.17,6.16,6.15,6.14,6.13,6.25,6.26,6.27,6.28,6.29,6.3,6.31,6.32,6.33,6.34,40000,11700,25100,10200,19500,1000,8800,13000,1600,3000,100,14500,32200,57100,10400,12900,18600,19500,3900,5100
273.0,6.26,457900,2868236.0,6.24,6.22,6.21,6.2,6.19,6.17,6.16,6.15,6.14,6.13,6.25,6.26,6.27,6.28,6.29,6.3,6.31,6.32,6.33,6.34,40000,11700,25100,10200,19500,1000,8800,13000,1600,3000,100,14500,32200,57100,10400,12900,18600,19500,3900,5100
274.0,6.26,457900,2868236.0,6.24,6.22,6.21,6.2,6.19,6.17,6.16,6.15,6.14,6.13,6.25,6.26,6.27,6.28,6.29,6.3,6.31,6.32,6.33,6.34,40000,11700,25100,10200,19500,1000,8800,13000,1600,3000,100,14500,32200,57100,10400,12900,18600,19500,3900,5100
275.0,6.24,461900,2893210.0,6.24,6.22,6.21,6.2,6.19,6.17,6.16,6.15,6.14,6.13,6.26,6.27,6.28,6.29,6.3,6.31,6.32,6.33,6.34,6.35,37500,11700,25100,10200,19500,1000,8800,13000,1600,3000,14600,32200,57100,10400,12900,18600,19500,3900,5100,10600
276.0,6.24,461900,2893210.0,6.24,6.22,6.21,6.2,6.19,6.17,6.16,6.15,6.14,6.13,6.26,6.27,6.28,6.29,6.3,6.31,6.32,6.33,6.34,6.35,37500,11700,25100,10200,19500,1000,8800,13000,1600,3000,14600,32200,57100,10400,12900,18600,19500,3900,5100,10600
277.0,6.26,463300,2901974.0,6.24,6.22,6.21,6.2,6.19,6.17,6.16,6.15,6.14,6.13,6.26,6.27,6.28,6.29,6.3,6.31,6.32,6.33,6.34,6.35,35200,11700,25100,10200,19500,1000,8800,13000,1600,3000,13800,32200,57100,10400,12900,18600,19500,3900,5100,10600
278.0,6.24,464200,2907600.0,6.24,6.22,6.21,6.2,6.19,6.17,6.16,6.15,6.14,6.13,6.26,6.27,6.28,6.29,6.3,6.31,6.32,6.33,6.34,6.35,35600,11700,25100,10200,19500,1000,8800,13000,1600,3000,13300,32200,56700,10400,12900,18600,19500,3900,5100,10600
279.0,6.26,467400,2927632.0,6.24,6.22,6.21,6.2,6.19,6.17,6.16,6.15,6.14,6.13,6.26,6.27,6.28,6.29,6.3,6.31,6.32,6.33,6.34,6.35,36200,11700,25100,10200,19500,1000,8800,13000,1600,3000,10700,32200,56700,12400,12900,18600,19500,3900,5100,10600
280.0,6.26,468400,2933892.0,6.24,6.22,6.21,6.2,6.19,6.17,6.16,6.15,6.14,6.13,6.26,6.27,6.28,6.29,6.3,6.31,6.32,6.33,6.34,6.35,36200,11700,25100,10200,19500,1000,8800,13000,1600,3000,9700,32200,56700,12400,12900,18600,19500,3900,5100,10600
281.0,6.26,468700,2935770.0,6.24,6.22,6.21,6.2,6.19,6.17,6.16,6.15,6.14,6.13,6.26,6.27,6.28,6.29,6.3,6.31,6.32,6.33,6.34,6.35,36300,11700,25100,10200,19500,1000,8800,13000,1600,3000,9400,32200,56700,12400,12900,18600,19500,3900,5100,10600
282.0,6.26,468700,2935770.0,6.24,6.22,6.21,6.2,6.19,6.17,6.16,6.15,6.14,6.13,6.26,6.27,6.28,6.29,6.3,6.31,6.32,6.33,6.34,6.35,36300,11700,25100,10200,19500,1000,8800,13000,1600,3000,9400,32200,56700,12400,12900,18600,19500,3900,5100,10600
283.0,6.26,468700,2935770.0,6.24,6.22,6.21,6.2,6.19,6.17,6.16,6.15,6.14,6.13,6.26,6.27,6.28,6.29,6.3,6.31,6.32,6.33,6.34,6.35,36900,11700,25100,10200,19500,1000,8800,13000,1600,3000,10000,32200,56700,12400,12900,18600,19500,3900,5100,10600
284.0,6.26,469700,2942030.0,6.24,6.22,6.21,6.2,6.19,6.17,6.16,6.15,6.14,6.13,6.26,6.27,6.28,6.29,6.3,6.31,6.32,6.33,6.34,6.35,36900,11700,25100,10200,19500,1000,8800,13000,1600,3000,9000,32200,56700,12400,12900,18600,19500,3900,5100,10600
285.0,6.26,471500,2953298.0,6.24,6.22,6.21,6.2,6.19,6.17,6.16,6.15,6.14,6.13,6.26,6.27,6.28,6.29,6.3,6.31,6.32,6.33,6.34,6.35,36900,11700,25100,10200,19500,1000,8800,13000,1600,3000,7200,32200,56700,12400,12900,18600,19500,3900,5100,10600
286.0,6.26,471500,2953298.0,6.24,6.22,6.21,6.2,6.19,6.17,6.16,6.15,6.14,6.13,6.26,6.27,6.28,6.29,6.3,6.31,6.32,6.33,6.34,6.35,37200,11700,25100,10200,19500,1000,8800,13000,1600,3000,7500,32200,56700,12400,12900,18600,19500,3900,5100,10600
287.0,6.26,472200,2957680.0,6.24,6.22,6.21,6.2,6.19,6.17,6.16,6.15,6.14,6.13,6.26,6.27,6.28,6.29,6.3,6.31,6.32,6.33,6.34,6.35,37200,11700,25100,10200,19500,1000,8800,13000,1600,3000,7200,32200,56700,12400,12900,18600,19500,3900,5100,10600
288.0,6.26,472200,2957680.0,6.24,6.22,6.21,6.2,6.19,6.17,6.16,6.15,6.14,6.13,6.26,6.27,6.28,6.29,6.3,6.31,6.32,6.33,6.34,6.35,37200,11700,25100,10200,19500,1000,8800,13000,1600,3000,7200,32200,56700,12400,12900,18600,19500,3900,5100,10600
289.0,6.26,472300,2958306.0,6.24,6.22,6.21,6.2,6.19,6.17,6.16,6.15,6.14,6.13,6.26,6.27,6.28,6.29,6.3,6.31,6.32,6.33,6.34,6.35,37500,11700,25100,10200,19500,1000,8800,13000,1600,3000,7400,32200,56700,12400,12900,18600,19500,3900,5100,10600
290.0,6.26,472300,2958306.0,6.24,6.22,6.21,6.2,6.19,6.17,6.16,6.15,6.14,6.13,6.25,6.26,6.27,6.28,6.29,6.3,6.31,6.32,6.33,6.34,37300,11700,25100,10200,19500,1000,8800,13000,1600,3000,100,7400,32200,56700,12400,12900,18600,19500,3900,5100
291.0,6.26,472300,2958306.0,6.24,6.22,6.21,6.2,6.19,6.17,6.16,6.15,6.14,6.13,6.25,6.26,6.27,6.28,6.29,6.3,6.31,6.32,6.33,6.34,37300,11700,25100,10200,19500,1000,8800,13000,1600,3000,100,7400,32200,56700,12400,12900,18600,19500,3900,5100
292.0,6.26,472300,2958306.0,6.24,6.22,6.21,6.2,6.19,6.17,6.16,6.15,6.14,6.13,6.25,6.26,6.27,6.28,6.29,6.3,6.31,6.32,6.33,6.34,37300,11700,25100,10200,19500,1000,8800,13000,1600,3000,100,7400,32200,56700,12400,12900,18600,19500,3900,5100
293.0,6.25,472700,2960806.0,6.25,6.24,6.22,6.21,6.2,6.19,6.17,6.16,6.15,6.14,6.26,6.27,6.28,6.29,6.3,6.31,6.32,6.33,6.34,6.35,100,38100,11700,25100,10200,19500,1000,8800,13000,1600,7400,32200,56700,12400,12900,18600,19500,3900,5100,10600
294.0,6.25,473600,2966438.0,6.25,6.24,6.22,6.21,6.2,6.19,6.17,6.16,6.15,6.14,6.26,6.27,6.28,6.29,6.3,6.31,6.32,6.33,6.34,6.35,700,38100,11700,25100,10200,19500,1000,8800,13000,1600,6700,32200,56700,12400,12900,18600,19500,3900,5100,10600
295.0,6.25,473600,2966438.0,6.25,6.24,6.22,6.21,6.2,6.19,6.17,6.16,6.15,6.14,6.26,6.27,6.28,6.29,6.3,6.31,6.32,6.33,6.34,6.35,700,38100,11700,25100,10200,19500,1000,8800,13000,1600,6700,32200,56700,12400,12900,18600,19500,3900,5100,10600
296.0,6.26,474900,2974576.0,6.25,6.24,6.22,6.21,6.2,6.19,6.17,6.16,6.15,6.14,6.26,6.27,6.28,6.29,6.3,6.31,6.32,6.33,6.34,6.35,700,38100,11700,25100,10200,19500,1000,8800,13000,1600,5400,32200,56700,12400,12900,18600,19500,3900,5100,10600
297.0,6.25,475300,2977079.0,6.25,6.24,6.22,6.21,6.2,6.19,6.17,6.16,6.15,6.14,6.26,6.27,6.28,6.29,6.3,6.31,6.32,6.33,6.34,6.35,600,38100,11700,25100,10200,19500,1000,8800,13000,1600,5100,32200,56700,12400,12900,18600,19500,3900,5100,10600
298.0,6.26,476300,2983339.0,6.25,6.24,6.22,6.21,6.2,6.19,6.17,6.16,6.15,6.14,6.26,6.27,6.28,6.29,6.3,6.31,6.32,6.33,6.34,6.35,600,38100,11700,25100,10200,19500,1000,8800,13000,1600,14300,32200,56700,12400,12900,18600,19500,3900,5100,10600
299.0,6.25,477000,2987714.0,6.24,6.22,6.21,6.2,6.19,6.17,6.16,6.15,6.14,6.13,6.25,6.26,6.27,6.28,6.29,6.3,6.31,6.32,6.33,6.34,38500,11700,25100,10200,19500,1000,8800,13000,1600,3000,300,14300,32200,56700,12400,12900,18600,19500,3900,5100
300.0,6.25,477000,2987714.0,6.24,6.22,6.21,6.2,6.19,6.17,6.16,6.15,6.14,6.13,6.25,6.26,6.27,6.28,6.29,6.3,6.31,6.32,6.33,6.34,38500,11700,25100,10200,19500,1000,8800,13000,1600,3000,300,14300,32200,56700,12400,12900,18600,19500,3900,5100
301.0,6.25,477400,2990214.0,6.25,6.24,6.22,6.21,6.2,6.19,6.17,6.16,6.15,6.14,6.26,6.27,6.28,6.29,6.3,6.31,6.32,6.33,6.34,6.35,3000,41300,11700,25100,10200,19500,1000,8800,13000,1600,14300,32200,56700,12400,12900,18600,19500,3900,5100,10600
302.0,6.26,482300,3020888.0,6.25,6.24,6.22,6.21,6.2,6.19,6.17,6.16,6.15,6.14,6.26,6.27,6.28,6.29,6.3,6.31,6.32,6.33,6.34,6.35,12900,43100,11700,25100,10200,19500,1000,8800,13000,1600,9400,32200,56700,12400,12900,18600,19500,3900,5100,10600
303.0,6.26,482300,3020888.0,6.25,6.24,6.22,6.21,6.2,6.19,6.17,6.16,6.15,6.14,6.26,6.27,6.28,6.29,6.3,6.31,6.32,6.33,6.34,6.35,13200,42800,11700,25100,10200,19500,1000,8800,13000,1600,9400,32300,56700,12400,12900,18600,19500,3900,5100,10600
304.0,6.26,483200,3026522.0,6.25,6.24,6.22,6.21,6.2,6.19,6.17,6.16,6.15,6.14,6.26,6.27,6.28,6.29,6.3,6.31,6.32,6.33,6.34,6.35,14000,42800,11700,25100,10200,19500,1000,8800,13000,1600,8500,32300,56700,12400,12900,18600,19500,3900,5100,10600
305.0,6.26,483400,3027774.0,6.25,6.24,6.22,6.21,6.2,6.19,6.17,6.16,6.15,6.14,6.26,6.27,6.28,6.29,6.3,6.31,6.32,6.33,6.34,6.35,14000,42000,11700,25100,10200,19500,1000,8800,13000,1600,8300,32300,56700,12400,12900,18600,19500,3900,5100,10600
306.0,6.26,483500,3028400.0,6.25,6.24,6.22,6.21,6.2,6.19,6.17,6.16,6.15,6.14,6.26,6.27,6.28,6.29,6.3,6.31,6.32,6.33,6.34,6.35,14000,42000,11700,25100,10200,19500,1000,8800,13000,1600,8200,32300,56700,12400,12900,18600,19500,3900,5100,10600
307.0,6.26,483500,3028400.0,6.25,6.24,6.22,6.21,6.2,6.19,6.17,6.16,6.15,6.14,6.26,6.27,6.28,6.29,6.3,6.31,6.32,6.33,6.34,6.35,14000,42000,11700,25100,10200,19500,1000,8800,13000,1600,8200,32300,56700,12400,12900,18600,19500,3900,5100,10600
308.0,6.26,485900,3043424.0,6.25,6.24,6.22,6.21,6.2,6.19,6.17,6.16,6.15,6.14,6.26,6.27,6.28,6.29,6.3,6.31,6.32,6.33,6.34,6.35,14000,42000,11700,25100,10200,19500,1000,8800,13000,1600,5800,32300,56700,12400,12900,18600,19500,3900,5100,10600
309.0,6.26,486500,3047180.0,6.25,6.24,6.22,6.21,6.2,6.19,6.17,6.16,6.15,6.14,6.26,6.27,6.28,6.29,6.3,6.31,6.32,6.33,6.34,6.35,14100,42000,11700,25100,10200,19500,1000,8800,13000,1600,5200,32300,56700,12400,12900,18600,19500,3900,5100,10600
310.0,6.26,486600,3047806.0,6.25,6.24,6.22,6.21,6.2,6.19,6.17,6.16,6.15,6.14,6.26,6.27,6.28,6.29,6.3,6.31,6.32,6.33,6.34,6.35,23600,42000,11700,25100,10200,19500,1000,8800,13000,1600,5100,24900,56700,12400,12900,18600,19500,3900,5100,10600
311.0,6.25,487700,3054688.0,6.25,6.24,6.22,6.21,6.2,6.19,6.17,6.16,6.15,6.14,6.26,6.27,6.28,6.29,6.3,6.31,6.32,6.33,6.34,6.35,23200,42000,11700,25100,10200,19500,1000,8800,13000,1600,4400,19200,56700,12400,12900,18600,19500,3900,5100,10600
312.0,6.25,487700,3054688.0,6.25,6.24,6.22,6.21,6.2,6.19,6.17,6.16,6.15,6.14,6.26,6.27,6.28,6.29,6.3,6.31,6.32,6.33,6.34,6.35,23200,42000,11700,25100,10200,19500,1000,8800,13000,1600,4400,19200,56700,12400,12900,18600,19500,3900,5100,10600
313.0,6.25,487700,3054688.0,6.25,6.24,6.22,6.21,6.2,6.19,6.17,6.16,6.15,6.14,6.26,6.27,6.28,6.29,6.3,6.31,6.32,6.33,6.34,6.35,23200,42000,11700,25100,10200,19500,1000,8800,13000,1600,4400,19200,56700,12400,12900,18600,19500,3900,5100,10600
314.0,6.26,488100,3057192.0,6.25,6.24,6.22,6.21,6.2,6.19,6.17,6.16,6.15,6.14,6.26,6.27,6.28,6.29,6.3,6.31,6.32,6.33,6.34,6.35,23200,42000,11700,25100,10200,19500,1000,8800,13000,1600,4000,19200,56700,16400,12900,18600,19500,3900,5100,10600
315.0,6.25,488200,3057817.0,6.25,6.24,6.22,6.21,6.2,6.19,6.17,6.16,6.15,6.14,6.26,6.27,6.28,6.29,6.3,6.31,6.32,6.33,6.34,6.35,23100,42000,11700,25100,10200,19500,1000,8800,13000,1600,4000,19200,56700,16400,12900,18600,19500,3900,5100,10600
316.0,6.26,488600,3060321.0,6.25,6.24,6.22,6.21,6.2,6.19,6.17,6.16,6.15,6.14,6.26,6.27,6.28,6.29,6.3,6.31,6.32,6.33,6.34,6.35,23100,42000,11700,25100,10200,19500,1000,8800,13000,1600,3600,19200,56700,16400,12900,18600,19500,3900,5100,10600
317.0,6.26,488600,3060321.0,6.25,6.24,6.22,6.21,6.2,6.19,6.17,6.16,6.15,6.14,6.26,6.27,6.28,6.29,6.3,6.31,6.32,6.33,6.34,6.35,23400,42000,11700,25100,10200,19500,1000,8800,13000,1600,3600,19200,56700,16400,12900,18600,19500,3900,5100,10600
318.0,6.26,488900,3062199.0,6.25,6.24,6.23,6.22,6.21,6.2,6.19,6.17,6.16,6.15,6.26,6.27,6.28,6.29,6.3,6.31,6.32,6.33,6.34,6.35,23400,42000,3300,11700,25100,10200,19500,1000,8800,13000,3300,19200,56700,16400,12900,18600,19500,3900,5100,10600
319.0,6.26,489600,3066581.0,6.25,6.24,6.23,6.22,6.21,6.2,6.19,6.17,6.16,6.15,6.26,6.27,6.28,6.29,6.3,6.31,6.32,6.33,6.34,6.35,23400,42000,3300,11700,25100,10200,19500,1000,8800,13000,2600,19200,56700,16400,12900,18600,19500,3900,5100,10600
320.0,6.26,489800,3067833.0,6.25,6.24,6.23,6.22,6.21,6.2,6.19,6.17,6.16,6.15,6.26,6.27,6.28,6.29,6.3,6.31,6.32,6.33,6.34,6.35,23400,42000,3300,11700,25100,10200,19500,1000,8800,13000,2500,19200,56700,16400,12900,18600,19500,3900,5100,10600
321.0,6.26,490000,3069085.0,6.25,6.24,6.23,6.22,6.21,6.2,6.19,6.17,6.16,6.15,6.26,6.27,6.28,6.29,6.3,6.31,6.32,6.33,6.34,6.35,23400,42000,3300,11700,25100,10200,19500,1000,8800,13000,2300,19200,56700,16400,12900,18600,19500,3900,5100,10600
322.0,6.26,490400,3071589.0,6.25,6.24,6.23,6.22,6.21,6.2,6.19,6.17,6.16,6.15,6.26,6.27,6.28,6.29,6.3,6.31,6.32,6.33,6.34,6.35,23500,42000,3300,11700,25100,10200,19500,1000,8800,13000,1900,19200,56700,16400,12900,18600,19500,3900,5100,10600
323.0,6.26,490400,3071589.0,6.25,6.24,6.23,6.22,6.21,6.2,6.19,6.17,6.16,6.15,6.26,6.27,6.28,6.29,6.3,6.31,6.32,6.33,6.34,6.35,24200,41700,3300,11700,25100,10200,19500,1000,8800,13000,1900,19200,56700,16400,12900,18600,19500,3900,5100,10600
324.0,6.26,490500,3072215.0,6.25,6.24,6.23,6.22,6.21,6.2,6.19,6.17,6.16,6.15,6.26,6.27,6.28,6.29,6.3,6.31,6.32,6.33,6.34,6.35,24200,41700,3300,11700,25100,10200,19500,1000,8800,13000,1800,19200,56700,16400,12900,18600,19500,3900,5100,10600
325.0,6.26,490500,3072215.0,6.25,6.24,6.23,6.22,6.21,6.2,6.19,6.17,6.16,6.15,6.26,6.27,6.28,6.29,6.3,6.31,6.32,6.33,6.34,6.35,24200,41700,3300,11700,25100,10200,19500,1000,8800,13000,1800,19200,56700,16400,12900,18600,19500,3900,5100,10600
326.0,6.26,491000,3075345.0,6.25,6.24,6.23,6.22,6.21,6.2,6.19,6.17,6.16,6.15,6.26,6.27,6.28,6.29,6.3,6.31,6.32,6.33,6.34,6.35,24200,41200,3300,11700,25100,10200,19500,1000,8800,13000,1300,19200,56700,16400,12900,18600,19500,3900,5100,10600
327.0,6.26,491200,3076597.0,6.25,6.24,6.23,6.22,6.21,6.2,6.19,6.17,6.16,6.15,6.26,6.27,6.28,6.29,6.3,6.31,6.32,6.33,6.34,6.35,24200,51200,3300,11700,25100,10200,19500,1000,8800,13000,1100,19200,56700,16400,12900,18600,19500,3900,5100,10600
328.0,6.26,492300,3083483.0,6.26,6.25,6.24,6.23,6.22,6.21,6.2,6.19,6.17,6.16,6.27,6.28,6.29,6.3,6.31,6.32,6.33,6.34,6.35,6.36,100,24300,51200,3300,11700,25100,10200,19500,1000,8800,19200,56700,16400,12900,18600,19500,3900,5100,10600,10600
329.0,6.26,492300,3083483.0,6.26,6.25,6.24,6.23,6.22,6.21,6.2,6.19,6.17,6.16,6.27,6.28,6.29,6.3,6.31,6.32,6.33,6.34,6.35,6.36,1800,24400,51200,3300,11700,25100,10200,19500,1000,8800,19200,56700,16400,12900,18600,19500,3900,5100,10600,10600
330.0,6.27,493800,3092888.0,6.26,6.25,6.24,6.23,6.22,6.21,6.2,6.19,6.17,6.16,6.27,6.28,6.29,6.3,6.31,6.32,6.33,6.34,6.35,6.36,3400,24400,51200,3300,11700,25100,10200,19500,1000,8800,17700,56700,16400,12900,18600,19500,3900,5100,10600,10600
331.0,6.27,496900,3112325.0,6.26,6.25,6.24,6.23,6.22,6.21,6.2,6.19,6.17,6.16,6.27,6.28,6.29,6.3,6.31,6.32,6.33,6.34,6.35,6.36,6300,26700,51200,3300,11700,25100,10200,19500,1000,8800,14600,56700,7800,12900,18600,19500,3900,5100,10600,10600
332.0,6.27,497700,3117339.0,6.26,6.25,6.24,6.23,6.22,6.21,6.2,6.19,6.17,6.16,6.27,6.28,6.29,6.3,6.31,6.32,6.33,6.34,6.35,6.36,10700,26400,50000,3300,11700,25100,10200,19500,1000,8800,14000,56700,7800,12900,18600,19500,3900,5100,10600,10600
333.0,6.26,501300,3139875.0,6.26,6.25,6.24,6.23,6.22,6.21,6.2,6.19,6.17,6.16,6.27,6.28,6.29,6.3,6.31,6.32,6.33,6.34,6.35,6.36,7900,23700,50000,3300,11700,25100,10200,19500,1000,8800,14000,56700,7800,12900,18600,19500,3900,5100,10600,10600
334.0,6.27,504100,3157431.0,6.26,6.25,6.24,6.23,6.22,6.21,6.2,6.19,6.17,6.16,6.27,6.28,6.29,6.3,6.31,6.32,6.33,6.34,6.35,6.36,7900,23700,50000,3300,11700,25100,10200,19500,1000,8800,11200,56700,7800,12900,18600,19500,3900,5100,10600,10600
335.0,6.27,504100,3157431.0,6.26,6.25,6.24,6.23,6.22,6.21,6.2,6.19,6.17,6.16,6.27,6.28,6.29,6.3,6.31,6.32,6.33,6.34,6.35,6.36,7900,22400,50000,3300,11700,25100,10200,19500,1000,8800,11200,56700,7800,12900,18600,19500,3900,5100,10600,10600
336.0,6.27,504100,3157431.0,6.26,6.25,6.24,6.23,6.22,6.21,6.2,6.19,6.17,6.16,6.27,6.28,6.29,6.3,6.31,6.32,6.33,6.34,6.35,6.36,7900,20300,50000,3300,11700,25100,10200,19500,1000,8800,11700,56700,7800,12900,18600,19500,3900,5100,10600,10600
337.0,6.27,505200,3164328.0,6.26,6.25,6.24,6.23,6.22,6.21,6.2,6.19,6.17,6.16,6.27,6.28,6.29,6.3,6.31,6.32,6.33,6.34,6.35,6.36,7900,20300,50000,3300,11700,25100,10200,19500,1000,8800,10600,56700,7800,12900,18600,19500,3900,5100,10600,10600
338.0,6.27,505200,3164328.0,6.26,6.25,6.24,6.23,6.22,6.21,6.2,6.19,6.17,6.16,6.27,6.28,6.29,6.3,6.31,6.32,6.33,6.34,6.35,6.36,7900,20300,50000,3300,11700,25100,10200,19500,1000,8800,10600,56700,7800,12900,18600,19500,3900,5100,10600,10600
339.0,6.27,505200,3164328.0,6.26,6.25,6.24,6.23,6.22,6.21,6.2,6.19,6.17,6.16,6.27,6.28,6.29,6.3,6.31,6.32,6.33,6.34,6.35,6.36,7900,20300,50000,3300,11700,25100,10200,19500,1000,8800,10600,65300,7800,12900,18600,19500,3900,5100,10600,10600
340.0,6.27,505600,3166836.0,6.26,6.25,6.24,6.23,6.22,6.21,6.2,6.19,6.17,6.16,6.27,6.28,6.29,6.3,6.31,6.32,6.33,6.34,6.35,6.36,7900,20300,50000,3300,11700,25100,10200,19500,1000,8800,10200,65300,7800,12900,18600,19500,3900,5100,10600,10600
341.0,6.27,505600,3166836.0,6.26,6.25,6.24,6.23,6.22,6.21,6.2,6.19,6.17,6.16,6.27,6.28,6.29,6.3,6.31,6.32,6.33,6.34,6.35,6.36,7900,22500,50000,3300,11700,25100,10200,19500,1000,8800,10200,65300,7800,12900,18600,19500,3900,5100,10600,10600
342.0,6.27,507600,3179376.0,6.26,6.25,6.24,6.23,6.22,6.21,6.2,6.19,6.17,6.16,6.27,6.28,6.29,6.3,6.31,6.32,6.33,6.34,6.35,6.36,7900,22500,50000,3300,11700,25100,10200,19500,1000,8800,8100,65300,7800,12900,18600,19500,3900,5100,10600,10600
343.0,6.27,507600,3179376.0,6.26,6.25,6.24,6.23,6.22,6.21,6.2,6.19,6.17,6.16,6.27,6.28,6.29,6.3,6.31,6.32,6.33,6.34,6.35,6.36,7900,22900,50000,3300,11700,25700,10200,19500,1000,8800,8100,65300,7800,12900,18600,19500,3900,5100,10600,10600
344.0,6.26,508800,3186896.0,6.26,6.25,6.24,6.23,6.22,6.21,6.2,6.19,6.17,6.16,6.27,6.28,6.29,6.3,6.31,6.32,6.33,6.34,6.35,6.36,7500,22900,50000,3300,11700,25700,10200,19500,1000,8800,7300,65300,7800,12900,18600,19500,3900,5100,10600,10600
345.0,6.26,508800,3186896.0,6.26,6.25,6.24,6.23,6.22,6.21,6.2,6.19,6.17,6.16,6.27,6.28,6.29,6.3,6.31,6.32,6.33,6.34,6.35,6.36,7500,22900,50000,3300,11700,25700,10200,19500,1000,8800,7300,65300,7800,12900,18600,19500,3900,5100,10600,10600
346.0,6.26,508800,3186896.0,6.26,6.25,6.24,6.23,6.22,6.21,6.2,6.19,6.17,6.16,6.27,6.28,6.29,6.3,6.31,6.32,6.33,6.34,6.35,6.36,7500,22900,50000,3300,11700,25700,10200,19500,1000,8800,7300,65300,7800,12900,18600,19500,3900,5100,10600,10600
347.0,6.26,510400,3196912.0,6.26,6.25,6.24,6.23,6.22,6.21,6.2,6.19,6.17,6.16,6.27,6.28,6.29,6.3,6.31,6.32,6.33,6.34,6.35,6.36,5900,22900,50000,3300,11700,25700,10200,19500,1000,8800,7800,65300,7800,12900,18600,19500,3900,5100,10600,10600
348.0,6.27,511100,3201301.0,6.26,6.25,6.24,6.23,6.22,6.21,6.2,6.19,6.17,6.16,6.27,6.28,6.29,6.3,6.31,6.32,6.33,6.34,6.35,6.36,5900,22900,50000,3300,10800,25700,10200,19500,1000,8800,8100,65300,7800,12900,18600,19500,3900,5100,10600,10600
349.0,6.27,511900,3206317.0,6.26,6.25,6.24,6.23,6.22,6.21,6.2,6.19,6.17,6.16,6.27,6.28,6.29,6.3,6.31,6.32,6.33,6.34,6.35,6.36,5900,22900,50000,3300,10800,25700,10200,19500,1000,8800,7300,65300,7800,12900,18600,19500,3900,5100,10600,10600
350.0,6.27,511900,3206317.0,6.26,6.25,6.24,6.23,6.22,6.21,6.2,6.19,6.17,6.16,6.27,6.28,6.29,6.3,6.31,6.32,6.33,6.34,6.35,6.36,5900,22900,49600,3300,10800,25700,10200,19500,1000,8800,7400,65300,7800,12900,18600,19500,3900,5100,10600,10600
351.0,6.27,511900,3206317.0,6.26,6.25,6.24,6.23,6.22,6.21,6.2,6.19,6.17,6.16,6.27,6.28,6.29,6.3,6.31,6.32,6.33,6.34,6.35,6.36,5900,22900,49600,3300,10800,25700,10200,19500,1000,8800,7400,65300,7800,12900,18600,19500,3900,5100,10600,10600
352.0,6.27,511900,3206317.0,6.26,6.25,6.24,6.23,6.22,6.21,6.2,6.19,6.17,6.16,6.27,6.28,6.29,6.3,6.31,6.32,6.33,6.34,6.35,6.36,5900,22900,49600,3300,10800,25700,10200,19500,1000,8800,7400,65300,7800,12900,18600,19500,3900,5100,10600,10600
353.0,6.27,512000,3206944.0,6.26,6.25,6.24,6.23,6.22,6.21,6.2,6.19,6.17,6.16,6.27,6.28,6.29,6.3,6.31,6.32,6.33,6.34,6.35,6.36,5900,22900,48500,3300,10800,25700,10200,19500,1000,8800,7300,65300,7800,12900,18600,19500,3900,5100,10600,10600
354.0,6.27,514100,3220111.0,6.26,6.25,6.24,6.23,6.22,6.21,6.2,6.19,6.17,6.16,6.27,6.28,6.29,6.3,6.31,6.32,6.33,6.34,6.35,6.36,5900,22900,48500,3300,10800,25700,10200,19500,1000,8800,5200,65300,7800,12900,18600,19500,3900,5100,10600,10600
355.0,6.27,514100,3220111.0,6.26,6.25,6.24,6.23,6.22,6.21,6.2,6.19,6.17,6.16,6.27,6.28,6.29,6.3,6.31,6.32,6.33,6.34,6.35,6.36,5900,22900,48500,3300,10800,25700,10200,19500,1000,8800,5700,65300,7800,12900,18600,19500,3900,5100,10600,10600
356.0,6.27,514100,3220111.0,6.26,6.25,6.24,6.23,6.22,6.21,6.2,6.19,6.17,6.16,6.27,6.28,6.29,6.3,6.31,6.32,6.33,6.34,6.35,6.36,5900,22900,47600,3300,10800,25700,10200,19500,1000,8800,5700,56700,7800,12900,18600,19500,3900,5100,10600,10600
357.0,6.27,514600,3223246.0,6.26,6.25,6.24,6.23,6.22,6.21,6.2,6.19,6.17,6.16,6.27,6.28,6.29,6.3,6.31,6.32,6.33,6.34,6.35,6.36,5900,22900,47600,4900,10800,25700,10200,19500,1000,8800,5200,56700,7800,12900,18600,19500,3900,5100,10600,10600
358.0,6.27,515100,3226381.0,6.26,6.25,6.24,6.23,6.22,6.21,6.2,6.19,6.17,6.16,6.27,6.28,6.29,6.3,6.31,6.32,6.33,6.34,6.35,6.36,5900,22900,47600,4900,10800,25700,10200,19500,1000,8800,4700,56700,7800,12900,18600,19500,3900,5100,10600,10600
359.0,6.27,515100,3226381.0,6.26,6.25,6.24,6.23,6.22,6.21,6.2,6.19,6.17,6.16,6.27,6.28,6.29,6.3,6.31,6.32,6.33,6.34,6.35,6.36,5900,22900,47100,4900,10800,25700,10200,19500,1000,8800,4700,56700,7800,12900,18600,19500,3900,5100,10600,10600
360.0,6.27,515100,3226381.0,6.26,6.25,6.24,6.23,6.22,6.21,6.2,6.19,6.17,6.16,6.27,6.28,6.29,6.3,6.31,6.32,6.33,6.34,6.35,6.36,6800,22800,47100,4900,10800,25700,10200,19500,1000,8800,4700,56700,7800,12900,18600,19500,3900,5100,10600,10600
361.0,6.27,515500,3228889.0,6.26,6.25,6.24,6.23,6.22,6.21,6.2,6.19,6.17,6.16,6.27,6.28,6.29,6.3,6.31,6.32,6.33,6.34,6.35,6.36,6800,22800,47100,4900,10800,25700,10200,19500,1000,8800,4300,56700,7800,12900,18600,19500,3900,5100,10600,10600
362.0,6.26,515600,3229515.0,6.26,6.25,6.24,6.23,6.22,6.21,6.2,6.19,6.17,6.16,6.27,6.28,6.29,6.3,6.31,6.32,6.33,6.34,6.35,6.36,7000,19400,47100,4900,10800,25700,10200,19500,1000,8800,4300,56700,7800,12900,18600,19500,3900,5100,10600,10600
363.0,6.26,515600,3229515.0,6.26,6.25,6.24,6.23,6.22,6.21,6.2,6.19,6.17,6.16,6.27,6.28,6.29,6.3,6.31,6.32,6.33,6.34,6.35,6.36,7400,18600,47100,4900,10800,25700,10200,19500,1000,8800,4300,56700,7800,21500,18600,19500,3900,5100,10600,10600
364.0,6.27,516000,3232023.0,6.26,6.25,6.24,6.23,6.22,6.21,6.2,6.19,6.17,6.16,6.27,6.28,6.29,6.3,6.31,6.32,6.33,6.34,6.35,6.36,7400,18600,47100,4900,10800,25700,10200,19500,1000,8800,4000,56700,7800,21500,18600,19500,3900,5100,10600,10600
365.0,6.27,516000,3232023.0,6.26,6.25,6.24,6.23,6.22,6.21,6.2,6.19,6.17,6.16,6.27,6.28,6.29,6.3,6.31,6.32,6.33,6.34,6.35,6.36,7400,17900,46500,4900,10800,25700,10200,19500,1000,8800,4200,56700,7800,21500,18600,19500,3900,5100,10600,10600
366.0,6.27,516800,3237039.0,6.26,6.25,6.24,6.23,6.22,6.21,6.2,6.19,6.17,6.16,6.27,6.28,6.29,6.3,6.31,6.32,6.33,6.34,6.35,6.36,7400,15700,46500,4900,10800,25700,10200,19500,1000,8800,3400,56700,7800,21500,18600,19500,3900,5100,10600,10600
367.0,6.27,519100,3251460.0,6.26,6.25,6.24,6.23,6.22,6.21,6.2,6.19,6.17,6.16,6.27,6.28,6.29,6.3,6.31,6.32,6.33,6.34,6.35,6.36,7400,15700,46500,4900,10800,25700,10200,19500,1000,8800,1100,56700,7800,21500,18600,19500,3900,5100,10600,10600
368.0,6.26,519800,3255842.0,6.26,6.25,6.24,6.23,6.22,6.21,6.2,6.19,6.17,6.16,6.27,6.28,6.29,6.3,6.31,6.32,6.33,6.34,6.35,6.36,6700,15700,46500,4900,10800,25700,10200,19500,1000,8800,1100,56700,7800,21500,18600,19500,3900,5100,10600,10600
369.0,6.26,519800,3255842.0,6.26,6.25,6.24,6.23,6.22,6.21,6.2,6.19,6.17,6.16,6.27,6.28,6.29,6.3,6.31,6.32,6.33,6.34,6.35,6.36,6700,15700,46500,4900,10800,25700,10200,19500,1000,8800,1700,56700,7800,21500,18600,19500,3900,5100,10600,10600
370.0,6.26,519800,3255842.0,6.26,6.25,6.24,6.23,6.22,6.21,6.2,6.19,6.17,6.16,6.27,6.28,6.29,6.3,6.31,6.32,6.33,6.34,6.35,6.36,6700,15700,46500,4900,10800,25700,10200,19500,1000,8800,2100,56700,7800,21500,18600,19500,3900,5100,10600,10600
371.0,6.26,520400,3259598.0,6.26,6.25,6.24,6.23,6.22,6.21,6.2,6.19,6.17,6.16,6.27,6.28,6.29,6.3,6.31,6.32,6.33,6.34,6.35,6.36,6200,15700,46500,4900,10800,25700,10200,19500,1000,8800,2100,56700,7800,21500,18600,19500,3900,5100,10600,10600
372.0,6.26,521600,3267112.0,6.26,6.25,6.24,6.23,6.22,6.21,6.2,6.19,6.17,6.16,6.27,6.28,6.29,6.3,6.31,6.32,6.33,6.34,6.35,6.36,5200,15700,46500,4900,10800,25700,10200,19500,1000,8800,1900,56700,7800,21500,18600,19500,3900,5100,10600,10600
373.0,6.26,521600,3267112.0,6.26,6.25,6.24,6.23,6.22,6.21,6.2,6.19,6.17,6.16,6.27,6.28,6.29,6.3,6.31,6.32,6.33,6.34,6.35,6.36,5200,15700,46500,4900,10800,25700,10200,19500,1000,8800,1900,56700,7800,21500,18600,19500,3900,5100,10600,10600
374.0,6.26,524100,3282762.0,6.26,6.25,6.24,6.23,6.22,6.21,6.2,6.19,6.17,6.16,6.27,6.28,6.29,6.3,6.31,6.32,6.33,6.34,6.35,6.36,42900,14900,46500,4900,10800,25700,10200,19500,1000,8800,1900,47200,7800,21500,18600,19500,3900,5100,10600,10600
375.0,6.26,524800,3287145.0,6.26,6.25,6.24,6.23,6.22,6.21,6.2,6.19,6.17,6.16,6.27,6.28,6.29,6.3,6.31,6.32,6.33,6.34,6.35,6.36,42800,14900,46500,4900,10800,25700,10200,19500,1000,8800,1800,29700,7800,21500,18600,19500,3900,5100,10600,10600
376.0,6.27,525300,3290280.0,6.26,6.25,6.24,6.23,6.22,6.21,6.2,6.19,6.17,6.16,6.27,6.28,6.29,6.3,6.31,6.32,6.33,6.34,6.35,6.36,42800,14900,46500,4900,10800,25700,10200,19500,1000,8800,1300,29700,7800,21500,18600,19500,3900,5100,10600,10600
377.0,6.27,526600,3298431.0,6.27,6.26,6.25,6.24,6.23,6.22,6.21,6.2,6.19,6.17,6.28,6.29,6.3,6.31,6.32,6.33,6.34,6.35,6.36,6.37,1600,43600,14800,46500,4900,20800,25700,10200,19500,1000,29700,7800,21500,18600,19500,3900,5100,10600,10600,1000
378.0,6.27,529800,3318526.0,6.27,6.26,6.25,6.24,6.23,6.22,6.21,6.2,6.19,6.17,6.28,6.29,6.3,6.31,6.32,6.33,6.34,6.35,6.36,6.37,1500,43600,14800,46500,4900,20800,25700,10200,19500,1000,26600,7800,21500,18600,19500,3900,5100,10600,10600,1000
379.0,6.28,531300,3327946.0,6.27,6.26,6.25,6.24,6.23,6.22,6.21,6.2,6.19,6.17,6.28,6.29,6.3,6.31,6.32,6.33,6.34,6.35,6.36,6.37,1500,43600,14800,46500,4900,20800,25700,10200,19500,1000,25100,7800,21500,18600,19500,3900,5100,10600,10600,1000
380.0,6.28,531300,3327946.0,6.27,6.26,6.25,6.24,6.23,6.22,6.21,6.2,6.19,6.17,6.28,6.29,6.3,6.31,6.32,6.33,6.34,6.35,6.36,6.37,4700,44700,13900,46500,4900,20800,25700,10200,19500,1000,24900,7800,21500,18600,19500,3900,5100,10600,10600,1000
381.0,6.27,531700,3330454.0,6.27,6.26,6.25,6.24,6.23,6.22,6.21,6.2,6.19,6.17,6.28,6.29,6.3,6.31,6.32,6.33,6.34,6.35,6.36,6.37,4300,44700,13900,46500,4900,20800,25700,10200,19500,1000,24900,7800,21500,18600,19500,3900,5100,10600,10600,1000
382.0,6.27,531700,3330454.0,6.27,6.26,6.25,6.24,6.23,6.22,6.21,6.2,6.19,6.17,6.28,6.29,6.3,6.31,6.32,6.33,6.34,6.35,6.36,6.37,4300,44700,13900,46500,4900,20800,25700,10200,19500,1000,24900,7800,21500,18600,19500,3900,5100,10600,10600,1000
383.0,6.27,531700,3330454.0,6.27,6.26,6.25,6.24,6.23,6.22,6.21,6.2,6.19,6.17,6.28,6.29,6.3,6.31,6.32,6.33,6.34,6.35,6.36,6.37,4400,44700,13900,46500,4900,20800,25700,10200,19500,1000,24900,7800,21500,18600,19500,3900,5100,10600,10600,1000
384.0,6.27,532100,3332962.0,6.27,6.26,6.25,6.24,6.23,6.22,6.21,6.2,6.19,6.17,6.28,6.29,6.3,6.31,6.32,6.33,6.34,6.35,6.36,6.37,4000,44700,13900,46500,4900,20800,25700,10200,19500,1000,24900,7800,21500,18600,19500,3900,5100,10600,10600,1000
385.0,6.27,536100,3358042.0,6.26,6.25,6.24,6.23,6.22,6.21,6.2,6.19,6.17,6.16,6.27,6.28,6.29,6.3,6.31,6.32,6.33,6.34,6.35,6.36,45600,13900,46500,4900,20800,25700,10200,19500,1000,8800,1000,24900,7800,21500,18600,19500,3900,5100,10600,10600
386.0,6.27,537100,3364312.0,6.27,6.26,6.25,6.24,6.23,6.22,6.21,6.2,6.19,6.17,6.28,6.29,6.3,6.31,6.32,6.33,6.34,6.35,6.36,6.37,500,46100,13900,46500,4900,20800,25700,10200,19500,1000,24900,7800,21500,18600,19500,3900,5100,10600,10600,1000
387.0,6.28,541500,3391944.0,6.27,6.26,6.25,6.24,6.23,6.22,6.21,6.2,6.19,6.17,6.28,6.29,6.3,6.31,6.32,6.33,6.34,6.35,6.36,6.37,500,46100,13900,46500,4900,20800,25700,10200,19500,1000,20500,7800,21500,18600,19500,3900,5100,10600,10600,1000
388.0,6.28,541500,3391944.0,6.27,6.26,6.25,6.24,6.23,6.22,6.21,6.2,6.19,6.17,6.28,6.29,6.3,6.31,6.32,6.33,6.34,6.35,6.36,6.37,800,46100,13900,46500,4900,20800,25700,10200,9000,1000,20500,7800,21500,18600,19500,3900,5100,10600,10600,1000
389.0,6.28,544600,3411412.0,6.27,6.26,6.25,6.24,6.23,6.22,6.21,6.2,6.19,6.17,6.28,6.29,6.3,6.31,6.32,6.33,6.34,6.35,6.36,6.37,3200,46100,13600,46500,4900,20800,25700,10200,9000,1000,17400,7800,21500,18600,19500,3900,5100,10600,10600,1000
390.0,6.27,547000,3426460.0,6.27,6.26,6.25,6.24,6.23,6.22,6.21,6.2,6.19,6.17,6.28,6.29,6.3,6.31,6.32,6.33,6.34,6.35,6.36,6.37,800,46000,13600,46500,4900,20800,25700,10200,9000,1000,17400,7800,21500,18600,19500,3900,5100,10600,13600,1000
391.0,6.27,547000,3426460.0,6.27,6.26,6.25,6.24,6.23,6.22,6.21,6.2,6.19,6.17,6.28,6.29,6.3,6.31,6.32,6.33,6.34,6.35,6.36,6.37,800,46000,13600,46500,4900,20800,25700,10200,9000,1000,17400,7800,21500,18600,19500,3900,5100,10600,13600,1000
392.0,6.27,547100,3427087.0,6.27,6.26,6.25,6.24,6.23,6.22,6.21,6.2,6.19,6.17,6.28,6.29,6.3,6.31,6.32,6.33,6.34,6.35,6.36,6.37,700,46000,13600,46500,4900,20800,25700,10200,9000,1000,17400,7800,21500,18600,19500,3900,5100,10600,13600,1000
393.0,6.27,547100,3427087.0,6.27,6.26,6.25,6.24,6.23,6.22,6.21,6.2,6.19,6.17,6.28,6.29,6.3,6.31,6.32,6.33,6.34,6.35,6.36,6.37,700,46000,13600,46500,4900,20800,25700,10200,9000,1000,17400,7800,21500,18600,19500,3900,5100,10600,13600,1000
394.0,6.28,548600,3436507.0,6.27,6.26,6.25,6.24,6.23,6.22,6.21,6.2,6.19,6.17,6.28,6.29,6.3,6.31,6.32,6.33,6.34,6.35,6.36,6.37,700,46000,13600,46500,4900,20800,25700,10200,9000,1000,15900,7800,21500,18600,19500,3900,5100,10600,13600,1000
395.0,6.28,548600,3436507.0,6.27,6.26,6.25,6.24,6.23,6.22,6.21,6.2,6.19,6.17,6.28,6.29,6.3,6.31,6.32,6.33,6.34,6.35,6.36,6.37,700,46000,13600,46500,4900,20800,25700,10200,9000,1000,15900,7800,21500,18600,19500,3900,5100,10600,13600,1000
396.0,6.28,548800,3437763.0,6.27,6.26,6.25,6.24,6.23,6.22,6.21,6.2,6.19,6.17,6.28,6.29,6.3,6.31,6.32,6.33,6.34,6.35,6.36,6.37,700,46000,13600,46500,4900,20800,25700,10200,9000,1000,15700,7800,21500,18600,19500,3900,5100,10600,13600,1000
397.0,6.27,549500,3442152.0,6.26,6.25,6.24,6.23,6.22,6.21,6.2,6.19,6.17,6.16,6.28,6.29,6.3,6.31,6.32,6.33,6.34,6.35,6.36,6.37,46000,13600,46500,4900,20800,25700,10200,9000,1000,8800,15700,7800,21500,18600,19500,3900,5100,10600,13600,1000
398.0,6.26,550400,3447786.0,6.26,6.25,6.24,6.23,6.22,6.21,6.2,6.19,6.17,6.16,6.27,6.28,6.29,6.3,6.31,6.32,6.33,6.34,6.35,6.36,45300,13600,46500,4900,20800,25700,10200,9000,1000,8800,500,15900,7800,21500,18600,19500,3900,5100,12100,13600
399.0,6.26,550400,3447786.0,6.26,6.25,6.24,6.23,6.22,6.21,6.2,6.19,6.17,6.16,6.27,6.28,6.29,6.3,6.31,6.32,6.33,6.34,6.35,6.36,45300,13600,46500,4900,20800,25700,10200,9000,1000,8800,500,15900,7800,21500,18600,19500,3900,5100,12100,13600
400.0,6.26,550400,3447786.0,6.26,6.25,6.24,6.23,6.22,6.21,6.2,6.19,6.17,6.16,6.27,6.28,6.29,6.3,6.31,6.32,6.33,6.34,6.35,6.36,45300,13600,46500,4900,20800,25700,10200,9000,1000,8800,4100,15900,7800,21500,18600,19500,3900,5100,12100,13600
401.0,6.27,551600,3455310.0,6.26,6.25,6.24,6.23,6.22,6.21,6.2,6.19,6.17,6.16,6.27,6.28,6.29,6.3,6.31,6.32,6.33,6.34,6.35,6.36,45300,13600,46500,4900,20800,25700,10200,9000,1000,8800,2900,15900,7800,21500,18600,19500,3900,5100,12100,13600
402.0,6.27,551600,3455310.0,6.26,6.25,6.24,6.23,6.22,6.21,6.2,6.19,6.17,6.16,6.27,6.28,6.29,6.3,6.31,6.32,6.33,6.34,6.35,6.36,45300,13600,46500,4900,20800,25700,10200,9000,1000,8800,2900,15900,7800,21500,18600,19500,3900,5100,12100,13600
403.0,6.27,552000,3457818.0,6.26,6.25,6.24,6.23,6.22,6.21,6.2,6.19,6.17,6.16,6.27,6.28,6.29,6.3,6.31,6.32,6.33,6.34,6.35,6.36,45300,13600,46500,4900,20800,25700,10200,9000,1000,8800,8600,15900,66800,21500,18600,19500,3900,5100,12100,13600
404.0,6.26,553500,3467208.0,6.26,6.25,6.24,6.23,6.22,6.21,6.2,6.19,6.17,6.16,6.27,6.28,6.29,6.3,6.31,6.32,6.33,6.34,6.35,6.36,43800,13600,46500,4900,20800,25700,10200,9000,1000,8800,8600,15900,66800,21500,18600,19500,3900,5100,12100,13600
405.0,6.26,553500,3467208.0,6.26,6.25,6.24,6.23,6.22,6.21,6.2,6.19,6.17,6.16,6.27,6.28,6.29,6.3,6.31,6.32,6.33,6.34,6.35,6.36,43800,13600,46500,4900,20800,25700,10200,9000,1000,8800,8600,15900,66800,21500,18600,19500,3900,5100,12100,13600
406.0,6.26,553500,3467208.0,6.26,6.25,6.24,6.23,6.22,6.21,6.2,6.19,6.17,6.16,6.27,6.28,6.29,6.3,6.31,6.32,6.33,6.34,6.35,6.36,43800,13600,46500,4900,20800,25700,10200,9000,1000,8800,8600,15900,66800,21500,18600,19500,3900,5100,12100,13600
407.0,6.26,553500,3467208.0,6.26,6.25,6.24,6.23,6.22,6.21,6.2,6.19,6.17,6.16,6.27,6.28,6.29,6.3,6.31,6.32,6.33,6.34,6.35,6.36,43700,13600,46500,4900,20800,25700,10200,9000,1000,8800,10100,15900,66800,21500,18600,19500,3900,5100,12100,13600
408.0,6.26,553500,3467208.0,6.26,6.25,6.24,6.23,6.22,6.21,6.2,6.19,6.17,6.16,6.27,6.28,6.29,6.3,6.31,6.32,6.33,6.34,6.35,6.36,43700,13600,46500,4900,20800,25700,10200,9000,1000,8800,10100,15900,66800,21500,18600,19500,3900,5100,12100,13600
409.0,6.27,554500,3473478.0,6.26,6.25,6.24,6.23,6.22,6.21,6.2,6.19,6.17,6.16,6.27,6.28,6.29,6.3,6.31,6.32,6.33,6.34,6.35,6.36,43700,13600,46500,4900,20800,25700,10200,9000,1000,8800,9100,15900,66800,21500,18600,19500,3900,5100,12100,13600
410.0,6.26,555500,3479738.0,6.26,6.25,6.24,6.23,6.22,6.21,6.2,6.19,6.17,6.16,6.27,6.28,6.29,6.3,6.31,6.32,6.33,6.34,6.35,6.36,42000,13600,46500,4900,20800,25700,10200,9000,1000,8800,9200,15900,66800,21500,18600,19500,3900,5100,12100,13600
411.0,6.26,557000,3489128.0,6.26,6.25,6.24,6.23,6.22,6.21,6.2,6.19,6.17,6.16,6.27,6.28,6.29,6.3,6.31,6.32,6.33,6.34,6.35,6.36,40500,13600,46500,4900,20800,25700,10200,9000,1000,8800,9200,15900,66800,21500,18600,19500,3900,5100,12100,13600
412.0,6.26,557000,3489128.0,6.26,6.25,6.24,6.23,6.22,6.21,6.2,6.19,6.17,6.16,6.27,6.28,6.29,6.3,6.31,6.32,6.33,6.34,6.35,6.36,40500,13600,46500,4900,20800,25700,10200,9000,1000,8800,9200,15900,66800,21500,18600,19500,3900,5100,12100,13600
413.0,6.26,557000,3489128.0,6.26,6.25,6.24,6.23,6.22,6.21,6.2,6.19,6.17,6.16,6.27,6.28,6.29,6.3,6.31,6.32,6.33,6.34,6.35,6.36,40500,13600,46500,4900,20800,25700,10200,9000,1000,8800,9200,15900,66800,21500,18600,19500,3900,5100,12100,13600
414.0,6.26,558500,3498518.0,6.26,6.25,6.24,6.23,6.22,6.21,6.2,6.19,6.17,6.16,6.27,6.28,6.29,6.3,6.31,6.32,6.33,6.34,6.35,6.36,39000,13600,46500,4900,20800,25700,10200,9000,1000,8800,9200,15900,66800,21500,18600,19500,3900,5100,12100,13600
415.0,6.26,558500,3498518.0,6.26,6.25,6.24,6.23,6.22,6.21,6.2,6.19,6.17,6.16,6.27,6.28,6.29,6.3,6.31,6.32,6.33,6.34,6.35,6.36,39000,13600,46500,4900,20800,25700,10200,9000,1000,8800,9200,15900,66800,21500,18600,19500,3900,5100,12100,13600
416.0,6.27,564400,3535511.0,6.26,6.25,6.24,6.23,6.22,6.21,6.2,6.19,6.17,6.16,6.27,6.28,6.29,6.3,6.31,6.32,6.33,6.34,6.35,6.36,39000,13600,46500,4900,20800,25700,10200,9000,1000,8800,3300,15900,66800,21500,18600,19500,3900,5100,12100,13600
417.0,6.27,564400,3535511.0,6.26,6.25,6.24,6.23,6.22,6.21,6.2,6.19,6.17,6.16,6.27,6.28,6.29,6.3,6.31,6.32,6.33,6.34,6.35,6.36,39000,23600,46500,4900,20800,25700,10200,9000,1000,8800,3300,15900,66800,21500,18600,19500,3900,5100,12100,13600
418.0,6.26,566000,3545528.0,6.26,6.25,6.24,6.23,6.22,6.21,6.2,6.19,6.17,6.16,6.27,6.28,6.29,6.3,6.31,6.32,6.33,6.34,6.35,6.36,37500,23600,46500,4900,20800,25700,10200,9000,1000,8800,3200,15900,66800,21500,18600,19500,3900,5100,12100,13600
