LocalTime,LastPrice,TradeVolume,TradeValue,BidPrice1,BidPrice2,BidPrice3,BidPrice4,BidPrice5,BidPrice6,BidPrice7,BidPrice8,BidPrice9,BidPriceA,AskPrice1,AskPrice2,AskPrice3,AskPrice4,AskPrice5,AskPrice6,AskPrice7,AskPrice8,AskPrice9,AskPriceA,BidVolume1,BidVolume2,BidVolume3,BidVolume4,BidVolume5,BidVolume6,BidVolume7,BidVolume8,BidVolume9,BidVolumeA,AskVolume1,AskVolume2,AskVolume3,AskVolume4,AskVolume5,AskVolume6,AskVolume7,AskVolume8,AskVolume9,AskVolumeA
0.0,5.23,18000,94140.0,5.22,5.21,5.19,5.18,5.16,5.15,5.13,5.12,5.11,5.1,5.23,5.25,5.26,5.27,5.28,5.29,5.3,5.32,5.33,5.35,5000,2400,9900,4000,2100,22300,12600,5600,19900,8400,7700,23500,31200,3000,3000,21800,20000,900,3000,2000
1.0,5.22,20000,104580.0,5.22,5.21,5.19,5.18,5.16,5.15,5.13,5.12,5.11,5.1,5.23,5.25,5.26,5.27,5.28,5.29,5.3,5.32,5.33,5.35,3000,2400,9900,4000,2100,22300,12600,5600,19900,8400,9700,23500,31200,3000,3000,21800,20000,900,3000,2000
2.0,5.22,23000,120240.0,5.21,5.19,5.18,5.16,5.15,5.13,5.12,5.11,5.1,5.09,5.22,5.23,5.24,5.25,5.26,5.27,5.28,5.29,5.3,5.32,2400,9900,4000,2100,22300,12600,5600,19900,8400,10300,4800,13400,31000,23500,31200,3000,3000,22800,20000,900
3.0,5.22,23000,120240.0,5.21,5.19,5.18,5.16,5.15,5.13,5.12,5.11,5.1,5.09,5.22,5.23,5.24,5.25,5.26,5.27,5.28,5.29,5.3,5.31,2400,9900,4000,5200,22300,12600,5600,19900,8400,10300,7800,13400,31000,23500,31200,3000,3000,22800,20000,10000
4.0,5.22,23900,124938.0,5.21,5.19,5.18,5.16,5.15,5.14,5.13,5.12,5.11,5.1,5.22,5.23,5.24,5.25,5.26,5.27,5.28,5.29,5.3,5.31,2400,6500,7000,8200,22300,2700,12600,5600,19900,8400,6900,16000,31000,23500,31200,3000,3000,22800,40000,10700
5.0,5.23,33900,177184.0,5.21,5.2,5.19,5.18,5.16,5.15,5.14,5.13,5.12,5.11,5.23,5.24,5.25,5.26,5.27,5.28,5.29,5.3,5.31,5.32,2400,1000,6500,7000,8200,36300,2700,12600,5600,19900,21300,31000,23500,34200,6000,3000,22800,40000,10700,2400
6.0,5.23,33900,177184.0,5.21,5.2,5.19,5.18,5.16,5.15,5.14,5.13,5.12,5.11,5.22,5.23,5.24,5.25,5.26,5.27,5.28,5.29,5.3,5.31,2400,1500,6500,7000,8000,36300,2700,12600,5600,19900,3000,21300,31000,27500,34200,6000,6000,25800,43000,10700
7.0,5.22,34900,182404.0,5.21,5.2,5.19,5.18,5.16,5.15,5.14,5.13,5.12,5.11,5.22,5.23,5.24,5.25,5.26,5.27,5.28,5.29,5.3,5.31,2400,2500,6500,7000,8000,39300,5700,15600,8600,22900,2200,21300,31000,27500,34200,8000,20700,25800,43000,10700
8.0,5.23,40500,211658.0,5.21,5.2,5.19,5.18,5.16,5.15,5.14,5.13,5.12,5.11,5.23,5.24,5.25,5.26,5.27,5.28,5.29,5.3,5.31,5.32,1800,3500,6500,7000,8000,39300,5700,15600,13600,22900,18800,31000,27500,34200,8000,24700,27800,44100,10700,40000
9.0,5.23,45900,239890.0,5.22,5.21,5.2,5.19,5.18,5.16,5.15,5.14,5.13,5.12,5.23,5.24,5.25,5.26,5.27,5.28,5.29,5.3,5.31,5.32,6000,1800,3500,6500,7000,13000,39300,5700,15600,13600,20700,31000,25500,34200,8000,24700,32800,44100,10700,40000
10.0,5.22,50500,263902.0,5.22,5.21,5.2,5.19,5.18,5.16,5.15,5.14,5.13,5.12,5.23,5.24,5.25,5.26,5.27,5.28,5.29,5.3,5.31,5.32,1400,1800,3500,6500,8100,13000,39300,5700,15600,13600,22700,31000,26500,34200,8000,24700,32800,44100,10700,40000
11.0,5.23,54600,285344.0,5.22,5.21,5.2,5.19,5.18,5.16,5.15,5.14,5.13,5.12,5.23,5.24,5.25,5.26,5.27,5.28,5.29,5.3,5.31,5.32,1400,1800,3500,6500,8100,13000,39300,5700,15600,13600,19800,31000,26500,34200,8000,24700,32800,44100,10700,40000
12.0,5.22,60000,313560.0,5.21,5.2,5.19,5.18,5.16,5.15,5.14,5.13,5.12,5.11,5.22,5.23,5.24,5.25,5.26,5.27,5.28,5.29,5.3,5.31,1900,3500,6500,8100,13000,39300,5700,15600,13600,22900,6000,17000,31000,26500,34200,8000,24700,32800,44100,10700
13.0,5.21,61500,321379.0,5.21,5.2,5.19,5.18,5.16,5.15,5.14,5.13,5.12,5.11,5.22,5.23,5.24,5.25,5.26,5.27,5.28,5.29,5.3,5.31,900,3500,6500,8100,13000,39300,5700,15600,13600,22900,5600,16900,31000,26500,34200,8000,24700,32800,44700,10700
14.0,5.22,62500,326599.0,5.21,5.2,5.19,5.18,5.16,5.15,5.14,5.13,5.12,5.11,5.22,5.23,5.24,5.25,5.26,5.27,5.28,5.29,5.3,5.31,1200,3700,6500,8100,13000,39300,5700,15600,13600,22900,4600,16900,31000,26500,34200,8000,28800,32800,44700,10700
15.0,5.22,63000,329209.0,5.21,5.2,5.19,5.18,5.16,5.15,5.14,5.13,5.12,5.11,5.22,5.23,5.24,5.25,5.26,5.27,5.28,5.29,5.3,5.31,1400,3700,6500,8100,13000,39300,5700,15600,13600,22900,4200,16900,31000,26500,34200,8000,28800,32800,44700,10700
16.0,5.22,63400,331297.0,5.21,5.2,5.19,5.18,5.16,5.15,5.14,5.13,5.12,5.11,5.22,5.23,5.24,5.25,5.26,5.27,5.28,5.29,5.3,5.31,1400,3700,6500,8100,13000,39300,5700,15600,13600,22900,3800,16900,31000,26500,34200,8000,28800,32800,44700,10700
17.0,5.21,64900,339112.0,5.2,5.19,5.18,5.16,5.15,5.14,5.13,5.12,5.11,5.1,5.21,5.22,5.23,5.24,5.25,5.26,5.27,5.28,5.29,5.3,3700,6500,8100,13000,39300,5700,15600,13600,22900,12400,37000,3800,16900,31000,26500,34200,8000,28800,32800,44700
18.0,5.21,64900,339112.0,5.2,5.19,5.18,5.16,5.15,5.14,5.13,5.12,5.11,5.1,5.21,5.22,5.23,5.24,5.25,5.26,5.27,5.28,5.29,5.3,8900,6500,8100,13000,39300,5700,15600,13600,22900,12400,37000,3800,16900,31000,26500,34200,8000,28800,32800,44700
19.0,5.21,64900,339112.0,5.2,5.19,5.18,5.16,5.15,5.14,5.13,5.12,5.11,5.1,5.21,5.22,5.23,5.24,5.25,5.26,5.27,5.28,5.29,5.3,9500,6500,8100,13000,39300,5700,15600,13600,22900,12400,37000,3800,16900,31000,26500,34200,8000,29800,32800,44700
20.0,5.21,65700,343280.0,5.2,5.19,5.18,5.16,5.15,5.14,5.13,5.12,5.11,5.1,5.21,5.22,5.23,5.24,5.25,5.26,5.27,5.28,5.29,5.3,9500,6500,8100,13000,39300,5700,15600,13600,22900,12400,36200,3700,16900,31000,26500,34200,8000,29800,32800,44700
21.0,5.21,70900,370372.0,5.2,5.19,5.18,5.16,5.15,5.14,5.13,5.12,5.11,5.1,5.21,5.22,5.23,5.24,5.25,5.26,5.27,5.28,5.29,5.3,9500,6500,8100,13000,39300,5700,15600,13600,22900,12400,31000,4600,16900,31000,26500,34200,8000,29800,32800,44700
22.0,5.21,70900,370372.0,5.2,5.19,5.18,5.16,5.15,5.14,5.13,5.12,5.11,5.1,5.21,5.22,5.23,5.24,5.25,5.26,5.27,5.28,5.29,5.3,9500,6500,8100,13000,39300,5700,15600,13600,22900,12400,31000,4600,16900,31000,26500,34200,8000,29800,32800,44700
23.0,5.21,71100,371414.0,5.2,5.19,5.18,5.16,5.15,5.14,5.13,5.12,5.11,5.1,5.21,5.22,5.23,5.24,5.25,5.26,5.27,5.28,5.29,5.3,9500,6500,8100,23000,39300,5700,15600,13600,22900,12400,30800,4600,16900,31000,26500,34200,8000,29800,33800,44700
24.0,5.21,71100,371414.0,5.2,5.19,5.18,5.16,5.15,5.14,5.13,5.12,5.11,5.1,5.21,5.22,5.23,5.24,5.25,5.26,5.27,5.28,5.29,5.3,9500,6500,8100,23000,39300,5700,15600,13600,22900,12400,30800,4600,16900,31000,26500,34200,8000,29800,33800,44700
25.0,5.21,71100,371414.0,5.2,5.19,5.18,5.16,5.15,5.14,5.13,5.12,5.11,5.1,5.21,5.22,5.23,5.24,5.25,5.26,5.27,5.28,5.29,5.3,9500,6500,8100,23000,39300,5700,15600,13600,22900,12400,30800,4600,16900,31000,26500,34200,8000,29800,33800,44700
26.0,5.21,71200,371935.0,5.2,5.19,5.18,5.16,5.15,5.14,5.13,5.12,5.11,5.1,5.21,5.22,5.23,5.24,5.25,5.26,5.27,5.28,5.29,5.3,9500,6500,8100,23000,39300,5700,15600,13600,22900,12400,30700,4600,16900,31000,26500,34200,8000,29800,33800,44700
27.0,5.21,71200,371935.0,5.2,5.19,5.18,5.16,5.15,5.14,5.13,5.12,5.11,5.1,5.21,5.22,5.23,5.24,5.25,5.26,5.27,5.28,5.29,5.3,9500,6500,8100,23000,39300,5700,15600,13600,22900,12400,30700,4600,16900,31000,26500,34200,8000,29800,33800,44700
28.0,5.21,71200,371935.0,5.2,5.19,5.18,5.16,5.15,5.14,5.13,5.12,5.11,5.1,5.21,5.22,5.23,5.24,5.25,5.26,5.27,5.28,5.29,5.3,9500,6500,8100,23000,39300,5700,15600,13600,22900,12400,30700,4600,16900,31000,26500,34200,8000,29800,33800,44700
29.0,5.21,71200,371935.0,5.2,5.19,5.18,5.16,5.15,5.14,5.13,5.12,5.11,5.1,5.21,5.22,5.23,5.24,5.25,5.26,5.27,5.28,5.29,5.3,9700,6500,8100,23000,39300,5700,15600,13600,22900,12400,30700,4600,16900,31000,26500,34200,8000,29800,33800,44700
30.0,5.21,71200,371935.0,5.2,5.19,5.18,5.16,5.15,5.14,5.13,5.12,5.11,5.1,5.21,5.22,5.23,5.24,5.25,5.26,5.27,5.28,5.29,5.3,8700,6500,8100,23000,39300,5700,15600,13600,22900,12400,30700,4600,16900,31000,26500,34200,8000,29800,33800,44700
31.0,5.21,71200,371935.0,5.2,5.19,5.18,5.16,5.15,5.14,5.13,5.12,5.11,5.1,5.21,5.22,5.23,5.24,5.25,5.26,5.27,5.28,5.29,5.3,8700,12000,8100,23000,39300,5700,15600,13600,22900,12400,30700,4600,16900,31000,26500,34200,8000,29800,33800,44700
32.0,5.21,75800,395893.0,5.2,5.19,5.18,5.16,5.15,5.14,5.13,5.12,5.11,5.1,5.21,5.22,5.23,5.24,5.25,5.26,5.27,5.28,5.29,5.3,7900,12000,8100,23000,39300,5700,15600,13600,22900,12400,26900,4600,16900,31000,26500,34200,8000,29800,33800,44700
33.0,5.21,86400,451119.0,5.2,5.19,5.18,5.16,5.15,5.14,5.13,5.12,5.11,5.1,5.21,5.22,5.23,5.24,5.25,5.26,5.27,5.28,5.29,5.3,7900,12000,8100,23000,39300,5700,15600,13600,22900,12400,16300,4600,16900,31000,26500,34200,8000,29800,33800,44700
34.0,5.21,86400,451119.0,5.2,5.19,5.18,5.17,5.16,5.15,5.14,5.13,5.12,5.11,5.21,5.22,5.23,5.24,5.25,5.26,5.27,5.28,5.29,5.3,7900,12000,8100,2000,23000,39300,5700,15600,13600,22900,16300,4600,16900,31000,26500,34200,8000,29800,33800,44700
35.0,5.22,107600,561620.0,5.22,5.21,5.2,5.19,5.18,5.17,5.16,5.15,5.14,5.13,5.23,5.24,5.25,5.26,5.27,5.28,5.29,5.3,5.31,5.32,3100,10100,2700,12000,8100,2000,23000,39300,5700,15600,16900,31000,26500,34200,8000,29800,33800,44700,10700,40000
36.0,5.23,109400,571034.0,5.22,5.21,5.2,5.19,5.18,5.17,5.16,5.15,5.14,5.13,5.23,5.24,5.25,5.26,5.27,5.28,5.29,5.3,5.31,5.32,3100,10100,2700,12000,8100,2000,23000,39300,5700,15600,15100,31000,26500,34200,8000,29800,33800,44700,10700,40000
37.0,5.23,109400,571034.0,5.22,5.21,5.2,5.19,5.18,5.17,5.16,5.15,5.14,5.13,5.23,5.24,5.25,5.26,5.27,5.28,5.29,5.3,5.31,5.32,3100,10100,2700,12000,8100,2000,23000,39300,5700,15600,15100,31000,26500,34200,8000,29800,33800,44700,10700,40000
38.0,5.23,109400,571034.0,5.22,5.21,5.2,5.19,5.18,5.17,5.16,5.15,5.14,5.13,5.23,5.24,5.25,5.26,5.27,5.28,5.29,5.3,5.31,5.32,3100,10100,2700,12000,8100,2000,23000,39300,5700,15600,15100,31000,26500,34200,8000,29800,33800,44700,10700,40000
39.0,5.23,113700,593520.0,5.22,5.21,5.2,5.19,5.18,5.17,5.16,5.15,5.14,5.13,5.23,5.24,5.25,5.26,5.27,5.28,5.29,5.3,5.31,5.32,2800,10100,2700,6000,8100,2000,23000,39300,5700,15600,11100,31000,26500,34200,8000,29800,33800,44700,10700,40000
40.0,5.23,113700,593520.0,5.22,5.21,5.2,5.19,5.18,5.17,5.16,5.15,5.14,5.13,5.23,5.24,5.25,5.26,5.27,5.28,5.29,5.3,5.31,5.32,2800,10100,2700,6000,8100,2000,23000,39300,5700,15600,11100,31000,26500,34200,8000,29800,33800,44700,10700,40000
41.0,5.23,113700,593520.0,5.22,5.21,5.2,5.19,5.18,5.17,5.16,5.15,5.14,5.13,5.23,5.24,5.25,5.26,5.27,5.28,5.29,5.3,5.31,5.32,2800,10100,2700,6000,8100,2000,23500,39300,5700,15600,11100,31000,26500,34200,8000,29800,33800,44700,10700,40000
42.0,5.23,113700,593520.0,5.22,5.21,5.2,5.19,5.18,5.17,5.16,5.15,5.14,5.13,5.23,5.24,5.25,5.26,5.27,5.28,5.29,5.3,5.31,5.32,2800,10100,2700,6000,8100,2000,23500,39300,5700,15600,11100,31000,26500,34200,8000,29800,33800,44700,10700,40000
43.0,5.22,114200,596130.0,5.22,5.21,5.2,5.19,5.18,5.17,5.16,5.15,5.14,5.13,5.23,5.24,5.25,5.26,5.27,5.28,5.29,5.3,5.31,5.32,2300,10100,2700,6000,8100,2000,23500,39300,5700,15600,11100,31000,26500,34200,8000,29800,33800,44700,10700,40000
44.0,5.22,114400,597174.0,5.22,5.21,5.2,5.19,5.18,5.17,5.16,5.15,5.14,5.13,5.23,5.24,5.25,5.26,5.27,5.28,5.29,5.3,5.31,5.32,2100,10100,2700,6000,8100,2000,23500,39300,5700,15600,11100,31000,26500,34200,8000,29800,33800,44700,10700,40000
45.0,5.22,114400,597174.0,5.22,5.21,5.2,5.19,5.18,5.17,5.16,5.15,5.14,5.13,5.23,5.24,5.25,5.26,5.27,5.28,5.29,5.3,5.31,5.32,2100,10100,2700,6000,8100,2000,23500,39300,5700,15600,11100,31000,26500,34200,8000,29800,33800,44700,10700,40000
46.0,5.22,114800,599262.0,5.22,5.21,5.2,5.19,5.18,5.17,5.16,5.15,5.14,5.13,5.23,5.24,5.25,5.26,5.27,5.28,5.29,5.3,5.31,5.32,1700,10100,2700,6000,8100,2000,23500,39300,5700,15600,11100,31000,26500,34200,8000,29800,33800,44700,10700,40000
47.0,5.22,114800,599262.0,5.22,5.21,5.2,5.19,5.18,5.17,5.16,5.15,5.14,5.13,5.23,5.24,5.25,5.26,5.27,5.28,5.29,5.3,5.31,5.32,1700,10100,2700,6000,8100,2000,23500,39300,5700,15600,11100,31000,26500,34200,8000,29800,33800,44700,10700,40000
48.0,5.23,116600,608676.0,5.22,5.21,5.2,5.19,5.18,5.17,5.16,5.15,5.14,5.13,5.23,5.24,5.25,5.26,5.27,5.28,5.29,5.3,5.31,5.32,1700,10100,2700,6000,8100,2000,23500,39300,5700,15600,9300,31000,26500,34200,8000,29800,33800,44700,10700,40000
49.0,5.23,116600,608676.0,5.22,5.21,5.2,5.19,5.18,5.17,5.16,5.15,5.14,5.13,5.23,5.24,5.25,5.26,5.27,5.28,5.29,5.3,5.31,5.32,1700,10100,2700,6000,8100,2000,23500,39300,5700,15600,9300,31000,26500,34200,8000,29800,33800,44700,10700,40000
50.0,5.22,118300,617550.0,5.21,5.2,5.19,5.18,5.17,5.16,5.15,5.14,5.13,5.12,5.22,5.23,5.24,5.25,5.26,5.27,5.28,5.29,5.3,5.31,11100,2700,6000,8100,2000,23500,39300,5700,15600,13600,4700,9300,31000,26500,34200,8000,29800,33800,44700,10700
51.0,5.21,118600,619113.0,5.21,5.2,5.19,5.18,5.17,5.16,5.15,5.14,5.13,5.12,5.22,5.23,5.24,5.25,5.26,5.27,5.28,5.29,5.3,5.31,10800,2700,6000,8100,2000,23500,39300,5700,15600,13600,4700,9300,31000,26500,34200,8000,29800,33800,44700,10700
52.0,5.22,119400,623289.0,5.21,5.2,5.19,5.18,5.17,5.16,5.15,5.14,5.13,5.12,5.22,5.23,5.24,5.25,5.26,5.27,5.28,5.29,5.3,5.31,10800,2700,6000,8100,2000,23500,39300,5700,15600,13600,4100,9300,31000,26500,34200,8000,29800,33800,44700,10700
53.0,5.21,120400,628499.0,5.21,5.2,5.19,5.18,5.17,5.16,5.15,5.14,5.13,5.12,5.22,5.23,5.24,5.25,5.26,5.27,5.28,5.29,5.3,5.31,12400,2700,6000,8100,2000,23500,39300,5700,15600,13600,4300,9300,31000,26500,34200,8000,29800,33800,44700,10700
54.0,5.21,121600,634751.0,5.21,5.2,5.19,5.18,5.17,5.16,5.15,5.14,5.13,5.12,5.22,5.23,5.24,5.25,5.26,5.27,5.28,5.29,5.3,5.31,11200,2700,6000,8900,2000,23500,39300,5700,15600,13600,4300,9300,31000,26500,34200,8000,29800,33800,44700,10700
55.0,5.21,121600,634751.0,5.21,5.2,5.19,5.18,5.17,5.16,5.15,5.14,5.13,5.12,5.22,5.23,5.24,5.25,5.26,5.27,5.28,5.29,5.3,5.31,11200,2700,6000,8900,2000,23500,39300,5700,15600,13600,4300,9300,31000,26500,34200,8000,29800,33800,44700,10700
56.0,5.22,124100,647790.0,5.21,5.2,5.19,5.18,5.17,5.16,5.15,5.14,5.13,5.12,5.22,5.23,5.24,5.25,5.26,5.27,5.28,5.29,5.3,5.31,11100,2700,6000,8900,2000,23500,39300,5700,15600,13600,2700,9300,31000,26500,34200,8000,29800,33800,44700,10700
57.0,5.22,124100,647790.0,5.21,5.2,5.19,5.18,5.17,5.16,5.15,5.14,5.13,5.12,5.22,5.23,5.24,5.25,5.26,5.27,5.28,5.29,5.3,5.31,11100,2700,6000,8900,2000,23500,39300,5700,15600,13600,2700,9300,31000,26500,34200,8000,29800,33800,44700,10700
58.0,5.22,124100,647790.0,5.21,5.2,5.19,5.18,5.17,5.16,5.15,5.14,5.13,5.12,5.22,5.23,5.24,5.25,5.26,5.27,5.28,5.29,5.3,5.31,11100,2900,6000,8900,2000,23500,39300,5700,15600,13600,2700,9300,31000,26500,34200,8000,29800,33800,44700,10700
59.0,5.21,125200,653521.0,5.21,5.2,5.19,5.18,5.17,5.16,5.15,5.14,5.13,5.12,5.22,5.23,5.24,5.25,5.26,5.27,5.28,5.29,5.3,5.31,14100,2900,6000,8900,14000,23500,39300,5700,15600,13600,2900,9300,31000,26500,34200,8000,29800,33800,44700,10700
60.0,5.21,125500,655084.0,5.21,5.2,5.19,5.18,5.17,5.16,5.15,5.14,5.13,5.12,5.22,5.23,5.24,5.25,5.26,5.27,5.28,5.29,5.3,5.31,13800,2900,6000,8900,14000,23500,39300,5700,15600,13600,3000,9300,31000,26500,34200,8000,29800,33800,44700,10700
61.0,5.22,125800,656650.0,5.21,5.2,5.19,5.18,5.17,5.16,5.15,5.14,5.13,5.12,5.22,5.23,5.24,5.25,5.26,5.27,5.28,5.29,5.3,5.31,13800,2900,6000,8900,14000,23500,39300,5700,15600,13600,2700,9300,31000,26500,34200,8000,29800,33800,44700,10700
62.0,5.22,128400,670222.0,5.22,5.21,5.2,5.19,5.18,5.17,5.16,5.15,5.14,5.13,5.23,5.24,5.25,5.26,5.27,5.28,5.29,5.3,5.31,5.32,700,13800,2900,6000,8900,14000,23500,39300,5700,15600,9300,31000,26500,34200,8000,29800,33800,44700,10700,40000
63.0,5.23,129400,675452.0,5.22,5.21,5.2,5.19,5.18,5.17,5.16,5.15,5.14,5.13,5.23,5.24,5.25,5.26,5.27,5.28,5.29,5.3,5.31,5.32,700,13800,2900,6000,8900,14000,23500,39300,5700,15600,8300,31000,26500,34200,8000,29800,33800,44700,10700,40000
64.0,5.23,129400,675452.0,5.22,5.21,5.2,5.19,5.18,5.17,5.16,5.15,5.14,5.13,5.23,5.24,5.25,5.26,5.27,5.28,5.29,5.3,5.31,5.32,700,13800,2900,6000,8900,14000,23500,39300,5700,15600,8300,31000,26500,34200,9900,29800,33800,44700,10700,40000
65.0,5.23,129400,675452.0,5.22,5.21,5.2,5.19,5.18,5.17,5.16,5.15,5.14,5.13,5.23,5.24,5.25,5.26,5.27,5.28,5.29,5.3,5.31,5.32,6600,13800,2900,6000,8900,14000,23500,39300,5700,15600,8300,31000,26500,34200,9900,29800,33800,44700,10700,40000
66.0,5.22,130000,678584.0,5.22,5.21,5.2,5.19,5.18,5.17,5.16,5.15,5.14,5.13,5.23,5.24,5.25,5.26,5.27,5.28,5.29,5.3,5.31,5.32,6000,13800,2900,6000,8900,14000,23500,39300,5700,15600,8300,31000,26500,34200,9900,29800,33800,44700,10700,40000
67.0,5.22,130000,678584.0,5.22,5.21,5.2,5.19,5.18,5.17,5.16,5.15,5.14,5.13,5.23,5.24,5.25,5.26,5.27,5.28,5.29,5.3,5.31,5.32,12200,13800,2900,6000,8900,14000,23500,39300,5700,15600,9000,31000,26500,34200,9900,29800,33800,44700,10700,40000
68.0,5.22,148000,772561.0,5.21,5.2,5.19,5.18,5.17,5.16,5.15,5.14,5.13,5.12,5.22,5.23,5.24,5.25,5.26,5.27,5.28,5.29,5.3,5.31,13700,2900,6000,8900,14000,23500,39300,5700,15600,13600,44700,7200,31000,26500,34200,9900,29800,31900,44700,10700
69.0,5.21,149500,780376.0,5.21,5.2,5.19,5.18,5.17,5.16,5.15,5.14,5.13,5.12,5.22,5.23,5.24,5.25,5.26,5.27,5.28,5.29,5.3,5.31,12700,2900,6000,8900,14000,23500,39300,5700,15600,13600,44700,7200,31000,26500,34200,9900,29800,31900,44700,10700
70.0,5.21,149500,780376.0,5.21,5.2,5.19,5.18,5.17,5.16,5.15,5.14,5.13,5.12,5.22,5.23,5.24,5.25,5.26,5.27,5.28,5.29,5.3,5.31,13100,2700,500,8900,14000,23500,39300,5700,15600,13600,44700,7200,31000,26500,34200,9900,29800,31900,44700,10700
71.0,5.22,150300,784552.0,5.21,5.2,5.19,5.18,5.17,5.16,5.15,5.14,5.13,5.12,5.22,5.23,5.24,5.25,5.26,5.27,5.28,5.29,5.3,5.31,13300,2700,500,8900,14000,23500,39300,5700,15600,13600,43900,7200,31000,26500,34200,9900,29800,31900,44700,10700
72.0,5.21,151600,791325.0,5.21,5.2,5.19,5.18,5.17,5.16,5.15,5.14,5.13,5.12,5.22,5.23,5.24,5.25,5.26,5.27,5.28,5.29,5.3,5.31,12000,2700,500,8900,14000,23500,39300,5700,15600,13600,43900,7200,31000,26500,34200,9900,29800,31900,44700,10700
73.0,5.22,153200,799677.0,5.21,5.2,5.19,5.18,5.17,5.16,5.15,5.14,5.13,5.12,5.22,5.23,5.24,5.25,5.26,5.27,5.28,5.29,5.3,5.31,12000,2700,500,8900,14000,23500,39300,5700,15600,13600,42300,7200,31000,26500,34200,9900,29800,31900,44700,10700
74.0,5.22,154000,803853.0,5.21,5.2,5.19,5.18,5.17,5.16,5.15,5.14,5.13,5.12,5.22,5.23,5.24,5.25,5.26,5.27,5.28,5.29,5.3,5.31,12000,2700,500,8900,14000,23500,39300,5700,15600,13600,41500,7200,31000,26500,34200,9900,29800,31900,44700,10700
75.0,5.21,157100,820023.0,5.21,5.2,5.19,5.18,5.17,5.16,5.15,5.14,5.13,5.12,5.22,5.23,5.24,5.25,5.26,5.27,5.28,5.29,5.3,5.31,10800,2700,500,8900,14000,23500,39300,5700,15600,13600,39600,10500,31000,26500,34200,9900,29800,31900,44700,10700
76.0,5.22,158300,826287.0,5.21,5.2,5.19,5.18,5.17,5.16,5.15,5.14,5.13,5.12,5.22,5.23,5.24,5.25,5.26,5.27,5.28,5.29,5.3,5.31,10800,2700,500,8900,14000,23500,39300,5700,15600,13600,38400,10500,31000,26500,34200,9900,29800,31900,44700,10700
77.0,5.22,160400,837249.0,5.21,5.2,5.19,5.18,5.17,5.16,5.15,5.14,5.13,5.12,5.22,5.23,5.24,5.25,5.26,5.27,5.28,5.29,5.3,5.31,30800,2700,500,8900,14000,23500,39300,5700,15600,13600,37200,10500,31000,26500,34200,9900,29800,31900,44700,10700
78.0,5.22,165600,864393.0,5.21,5.2,5.19,5.18,5.17,5.16,5.15,5.14,5.13,5.12,5.22,5.23,5.24,5.25,5.26,5.27,5.28,5.29,5.3,5.31,30800,2700,500,8900,14000,23500,39300,5700,15600,13600,32000,10500,31000,26500,34200,9900,29800,31900,44700,10700
79.0,5.21,167500,874292.0,5.21,5.2,5.19,5.18,5.17,5.16,5.15,5.14,5.13,5.12,5.22,5.23,5.24,5.25,5.26,5.27,5.28,5.29,5.3,5.31,28900,2700,500,8900,14000,23500,39300,5700,15600,13600,32000,10500,31000,26500,34200,9900,29800,31900,44700,10700
80.0,5.22,177900,928580.0,5.21,5.2,5.19,5.18,5.17,5.16,5.15,5.14,5.13,5.12,5.22,5.23,5.24,5.25,5.26,5.27,5.28,5.29,5.3,5.31,28900,2700,500,9400,14000,23500,39300,5700,15600,13600,21600,10500,31000,26500,34200,9900,29800,31900,44700,10700
81.0,5.22,177900,928580.0,5.21,5.2,5.19,5.18,5.17,5.16,5.15,5.14,5.13,5.12,5.22,5.23,5.24,5.25,5.26,5.27,5.28,5.29,5.3,5.31,28900,2700,500,9400,14000,23500,39300,5700,15600,13600,21600,10500,31000,26500,34200,9900,29800,31900,44700,10700
82.0,5.21,179800,938479.0,5.21,5.2,5.19,5.18,5.17,5.16,5.15,5.14,5.13,5.12,5.22,5.23,5.24,5.25,5.26,5.27,5.28,5.29,5.3,5.31,27000,2700,500,9400,14000,23500,39300,5700,15600,13600,21600,10500,31000,26500,34200,9900,29800,31900,44700,10700
83.0,5.22,179900,939001.0,5.21,5.2,5.19,5.18,5.17,5.16,5.15,5.14,5.13,5.12,5.22,5.23,5.24,5.25,5.26,5.27,5.28,5.29,5.3,5.31,27000,2700,500,9400,14000,23500,39300,5700,15600,13600,21500,10500,31000,26500,34200,9900,29800,31900,44700,10700
84.0,5.22,179900,939001.0,5.21,5.2,5.19,5.18,5.17,5.16,5.15,5.14,5.13,5.12,5.22,5.23,5.24,5.25,5.26,5.27,5.28,5.29,5.3,5.31,27000,2700,500,9400,14000,23500,39300,5700,15600,13600,21500,10500,31000,26500,34200,9900,29800,31900,44700,10700
85.0,5.21,181800,948900.0,5.21,5.2,5.19,5.18,5.17,5.16,5.15,5.14,5.13,5.12,5.22,5.23,5.24,5.25,5.26,5.27,5.28,5.29,5.3,5.31,25100,2700,500,9400,14000,23500,39300,5700,15600,13600,21500,10500,31000,26500,34200,9900,29800,31900,44700,10700
86.0,5.21,181800,948900.0,5.21,5.2,5.19,5.18,5.17,5.16,5.15,5.14,5.13,5.12,5.22,5.23,5.24,5.25,5.26,5.27,5.28,5.29,5.3,5.31,26700,2700,500,9400,14000,23500,39300,5700,15600,13600,21500,11500,31000,26500,34200,9900,29800,31900,44700,10700
87.0,5.22,182000,949944.0,5.21,5.2,5.19,5.18,5.17,5.16,5.15,5.14,5.13,5.12,5.22,5.23,5.24,5.25,5.26,5.27,5.28,5.29,5.3,5.31,26700,2700,500,9400,14000,23500,39300,5700,15600,13600,21300,11500,31000,26500,34200,9900,29800,31900,44700,10700
88.0,5.23,206900,1079920.0,5.21,5.2,5.19,5.18,5.17,5.16,5.15,5.14,5.13,5.12,5.23,5.24,5.25,5.26,5.27,5.28,5.29,5.3,5.31,5.32,24800,2700,500,9400,14000,23500,39300,5700,15600,13600,9800,31000,26500,34200,9900,29800,31900,44700,10700,40000
89.0,5.23,206900,1079920.0,5.21,5.2,5.19,5.18,5.17,5.16,5.15,5.14,5.13,5.12,5.23,5.24,5.25,5.26,5.27,5.28,5.29,5.3,5.31,5.32,24800,2700,500,9400,14000,23500,39300,5700,15600,13600,9800,31000,26500,34200,9900,29800,31900,44700,10700,40000
90.0,5.23,206900,1079920.0,5.21,5.2,5.19,5.18,5.17,5.16,5.15,5.14,5.13,5.12,5.23,5.24,5.25,5.26,5.27,5.28,5.29,5.3,5.31,5.32,24800,2700,500,9400,14000,23500,39300,5700,15600,13600,9800,31000,26500,34200,9900,29800,31900,44700,10700,40000
91.0,5.23,206900,1079920.0,5.22,5.21,5.2,5.19,5.18,5.17,5.16,5.15,5.14,5.13,5.23,5.24,5.25,5.26,5.27,5.28,5.29,5.3,5.31,5.32,11100,24800,2700,500,9400,14000,23500,39300,5700,15600,10400,31000,26500,34200,9900,29800,31900,44700,10700,40000
92.0,5.23,216200,1128548.0,5.22,5.21,5.2,5.19,5.18,5.17,5.16,5.15,5.14,5.13,5.23,5.24,5.25,5.26,5.27,5.28,5.29,5.3,5.31,5.32,10000,22700,2700,500,9400,14000,23500,39300,5700,15600,2200,31000,26500,44200,9900,29800,31900,44700,10700,40000
93.0,5.23,217300,1134301.0,5.22,5.21,5.2,5.19,5.18,5.17,5.16,5.15,5.14,5.13,5.23,5.24,5.25,5.26,5.27,5.28,5.29,5.3,5.31,5.32,10000,22700,2700,500,9400,14000,23500,39300,5700,15600,1100,31000,26500,44200,9900,28800,31900,44700,10700,40000
94.0,5.23,217300,1134301.0,5.22,5.21,5.2,5.19,5.18,5.17,5.16,5.15,5.14,5.13,5.23,5.24,5.25,5.26,5.27,5.28,5.29,5.3,5.31,5.32,10000,22700,2700,500,9400,14000,23500,39300,5700,15600,1100,31000,26500,44200,9900,28800,31900,44700,10700,40000
95.0,5.23,218500,1140567.0,5.22,5.21,5.2,5.19,5.18,5.17,5.16,5.15,5.14,5.13,5.23,5.24,5.25,5.26,5.27,5.28,5.29,5.3,5.31,5.32,11900,22700,2700,500,9400,14000,23500,39300,5700,15600,900,31000,26500,44200,9900,28800,31900,44700,10700,40000
96.0,5.23,218800,1142135.0,5.22,5.21,5.2,5.19,5.18,5.17,5.16,5.15,5.14,5.13,5.23,5.24,5.25,5.26,5.27,5.28,5.29,5.3,5.31,5.32,2900,22700,2700,500,9400,14000,23500,39300,5700,15600,700,31000,26500,44200,9900,28800,31900,44700,10700,40000
97.0,5.24,221800,1157848.0,5.22,5.21,5.2,5.19,5.18,5.17,5.16,5.15,5.14,5.13,5.24,5.25,5.26,5.27,5.28,5.29,5.3,5.31,5.32,5.33,2900,22700,2700,500,9400,14000,23500,39300,5700,15600,28700,26500,44200,9900,28800,31900,44700,10700,40000,27000
98.0,5.22,222000,1158892.0,5.22,5.21,5.2,5.19,5.18,5.17,5.16,5.15,5.14,5.13,5.24,5.25,5.26,5.27,5.28,5.29,5.3,5.31,5.32,5.33,2700,22700,2700,500,9400,14000,23500,39300,5700,15600,28700,26500,44200,9900,28800,31900,44700,10700,40000,27000
99.0,5.22,222000,1158892.0,5.22,5.21,5.2,5.19,5.18,5.17,5.16,5.15,5.14,5.13,5.24,5.25,5.26,5.27,5.28,5.29,5.3,5.31,5.32,5.33,2700,22700,2700,500,9400,14000,23500,39300,5700,15600,28700,26500,44200,9900,28800,31900,44700,10700,40000,27000
100.0,5.22,222000,1158892.0,5.22,5.21,5.2,5.19,5.18,5.17,5.16,5.15,5.14,5.13,5.24,5.25,5.26,5.27,5.28,5.29,5.3,5.31,5.32,5.33,2700,22700,2700,500,9400,14000,23500,39300,5700,15600,28700,26500,44200,9900,28800,31900,44700,10700,40000,27000
101.0,5.22,222200,1159936.0,5.22,5.21,5.2,5.19,5.18,5.17,5.16,5.15,5.14,5.13,5.24,5.25,5.26,5.27,5.28,5.29,5.3,5.31,5.32,5.33,2500,22700,2700,500,9400,14000,23500,39300,5700,15600,28700,26500,44200,9900,28800,31900,44700,10700,40000,27000
102.0,5.22,222200,1159936.0,5.22,5.21,5.2,5.19,5.18,5.17,5.16,5.15,5.14,5.13,5.24,5.25,5.26,5.27,5.28,5.29,5.3,5.31,5.32,5.33,2500,21700,2900,500,9400,14000,23500,39300,5700,15600,28700,26500,44200,9900,28800,31900,44700,10700,40000,27000
103.0,5.22,228000,1190294.0,5.22,5.21,5.2,5.19,5.18,5.17,5.16,5.15,5.14,5.13,5.23,5.24,5.25,5.26,5.27,5.28,5.29,5.3,5.31,5.32,1300,21700,2900,500,9400,14000,23500,39300,5700,15600,3600,25100,26500,44200,9900,28800,31900,44700,10700,40000
104.0,5.22,228000,1190294.0,5.22,5.21,5.2,5.19,5.18,5.17,5.16,5.15,5.14,5.13,5.23,5.24,5.25,5.26,5.27,5.28,5.29,5.3,5.31,5.32,2300,21700,2900,500,9400,14000,23500,39300,5700,15600,3700,25100,26500,44200,9900,28800,31900,44700,10700,40000
105.0,5.23,232200,1212258.0,5.23,5.22,5.21,5.2,5.19,5.18,5.17,5.16,5.15,5.14,5.24,5.25,5.26,5.27,5.28,5.29,5.3,5.31,5.32,5.33,100,7500,21700,2900,500,9400,14000,23500,39300,5700,25100,26500,44200,9900,28800,32900,44700,10700,40000,27000
106.0,5.24,232500,1213828.0,5.22,5.21,5.2,5.19,5.18,5.17,5.16,5.15,5.14,5.13,5.24,5.25,5.26,5.27,5.28,5.29,5.3,5.31,5.32,5.33,9800,21700,2900,500,9400,14000,23500,39300,5700,15600,25000,26500,44200,9900,28800,32900,44700,10700,40000,27000
107.0,5.23,232900,1215917.0,5.23,5.22,5.21,5.2,5.19,5.18,5.17,5.16,5.15,5.14,5.24,5.25,5.26,5.27,5.28,5.29,5.3,5.31,5.32,5.33,300,9500,21700,2900,500,9400,14000,23500,39300,5700,26400,26500,44200,9900,28800,32900,44700,10700,40000,27000
108.0,5.24,235000,1226916.0,5.22,5.21,5.2,5.19,5.18,5.17,5.16,5.15,5.14,5.13,5.24,5.25,5.26,5.27,5.28,5.29,5.3,5.31,5.32,5.33,10800,21700,2900,500,9400,14000,23500,39300,5700,15600,24700,26500,44200,9900,28800,34800,44700,10700,40000,27000
109.0,5.23,236600,1235284.0,5.23,5.22,5.21,5.2,5.19,5.18,5.17,5.16,5.15,5.14,5.24,5.25,5.26,5.27,5.28,5.29,5.3,5.31,5.32,5.33,2600,10800,21700,2300,500,9400,14000,23500,39300,5700,24700,26500,44200,9900,28800,34800,44700,10700,40000,27000
110.0,5.23,241100,1258834.0,5.23,5.22,5.21,5.2,5.19,5.18,5.17,5.16,5.15,5.14,5.24,5.25,5.26,5.27,5.28,5.29,5.3,5.31,5.32,5.33,8200,13500,21700,2300,500,9400,14000,23500,39300,5700,23200,26500,44200,9900,28800,34800,44700,10700,40000,27000
111.0,5.24,244600,1277150.0,5.23,5.22,5.21,5.2,5.19,5.18,5.17,5.16,5.15,5.14,5.24,5.25,5.26,5.27,5.28,5.29,5.3,5.31,5.32,5.33,5800,14100,21700,2300,500,9400,14000,23500,39300,5700,22100,26500,44200,9900,28800,34800,44700,10700,40000,27000
112.0,5.24,244600,1277150.0,5.23,5.22,5.21,5.2,5.19,5.18,5.17,5.16,5.15,5.14,5.24,5.25,5.26,5.27,5.28,5.29,5.3,5.31,5.32,5.33,5800,15500,21700,2300,500,9400,14000,23500,39300,5700,22100,26500,44200,9900,28800,34800,44700,10700,40000,27000
113.0,5.24,244600,1277150.0,5.23,5.22,5.21,5.2,5.19,5.18,5.17,5.16,5.15,5.14,5.24,5.25,5.26,5.27,5.28,5.29,5.3,5.31,5.32,5.33,5800,15500,21700,2300,500,9400,14000,23500,39300,5700,24500,26500,44200,9900,28800,34800,44700,10700,40000,27000
114.0,5.23,245100,1279765.0,5.23,5.22,5.21,5.2,5.19,5.18,5.17,5.16,5.15,5.14,5.24,5.25,5.26,5.27,5.28,5.29,5.3,5.31,5.32,5.33,5300,15500,21700,2300,500,9400,14000,23500,39300,5700,24500,26500,44200,9900,28800,34800,44700,10700,40000,27000
115.0,5.23,245100,1279765.0,5.23,5.22,5.21,5.2,5.19,5.18,5.17,5.16,5.15,5.14,5.24,5.25,5.26,5.27,5.28,5.29,5.3,5.31,5.32,5.33,5300,15500,21700,2300,500,9400,14000,20500,39300,5700,24500,26500,44200,9900,28800,34800,44700,10700,40000,27000
116.0,5.23,245100,1279765.0,5.23,5.22,5.21,5.2,5.19,5.18,5.17,5.16,5.15,5.14,5.24,5.25,5.26,5.27,5.28,5.29,5.3,5.31,5.32,5.33,5300,15500,21700,2100,500,9400,14000,20500,39300,5700,24500,26500,44200,9900,28800,34800,44700,10700,40000,27000
117.0,5.24,245300,1280813.0,5.23,5.22,5.21,5.2,5.19,5.18,5.17,5.16,5.15,5.14,5.24,5.25,5.26,5.27,5.28,5.29,5.3,5.31,5.32,5.33,5300,10100,21700,2100,500,9400,14000,20500,39300,5700,24300,26500,44200,9900,28800,34800,44700,10700,40000,27000
118.0,5.23,245800,1283428.0,5.23,5.22,5.21,5.2,5.19,5.18,5.17,5.16,5.15,5.14,5.24,5.25,5.26,5.27,5.28,5.29,5.3,5.31,5.32,5.33,4800,10100,1700,2100,500,9400,14000,20500,39300,5700,24300,26500,44200,9900,28800,34800,44700,10700,40000,27000
119.0,5.23,245800,1283428.0,5.23,5.22,5.21,5.2,5.19,5.18,5.17,5.16,5.15,5.14,5.24,5.25,5.26,5.27,5.28,5.29,5.3,5.31,5.32,5.33,4800,10100,1700,2100,500,9400,14000,20500,39300,5700,24300,26500,44200,9900,28800,34800,44700,10700,40000,27000
120.0,5.23,245800,1283428.0,5.23,5.22,5.21,5.2,5.19,5.18,5.17,5.16,5.15,5.14,5.24,5.25,5.26,5.27,5.28,5.29,5.3,5.31,5.32,5.33,4800,10100,1900,2100,500,9400,14000,20500,39300,5700,24300,26500,44200,9900,28800,34800,44700,10700,40000,27000
121.0,5.23,246200,1285520.0,5.23,5.22,5.21,5.2,5.19,5.18,5.17,5.16,5.15,5.14,5.24,5.25,5.26,5.27,5.28,5.29,5.3,5.31,5.32,5.33,9800,10100,1900,2100,500,9400,14000,20500,39300,5700,24300,26500,44200,9900,28800,34800,44700,10700,40000,27000
122.0,5.23,246200,1285520.0,5.23,5.22,5.21,5.2,5.19,5.18,5.17,5.16,5.15,5.14,5.24,5.25,5.26,5.27,5.28,5.29,5.3,5.31,5.32,5.33,9800,10100,1900,2100,500,9400,14000,20500,39300,5700,24300,26500,44200,9900,28800,34800,44700,10700,40000,27000
123.0,5.23,248200,1295980.0,5.23,5.22,5.21,5.2,5.19,5.18,5.17,5.16,5.15,5.14,5.24,5.25,5.26,5.27,5.28,5.29,5.3,5.31,5.32,5.33,7800,10100,1900,2100,500,9400,14000,20500,39300,5700,24300,26500,44200,9900,28800,34800,44700,10700,40000,27000
124.0,5.23,249600,1303302.0,5.23,5.22,5.21,5.2,5.19,5.18,5.17,5.16,5.15,5.14,5.24,5.25,5.26,5.27,5.28,5.29,5.3,5.31,5.32,5.33,6400,10100,1900,2100,500,9400,14000,20500,39300,5700,25300,26500,44200,9900,28800,34800,44700,10700,40000,27000
125.0,5.23,249600,1303302.0,5.23,5.22,5.21,5.2,5.19,5.18,5.17,5.16,5.15,5.14,5.24,5.25,5.26,5.27,5.28,5.29,5.3,5.31,5.32,5.33,6700,10100,1900,2100,500,9400,14000,20500,39300,5700,25300,26500,44200,9900,28800,34800,44700,10700,40000,27000
126.0,5.23,249600,1303302.0,5.23,5.22,5.21,5.2,5.19,5.18,5.17,5.16,5.15,5.14,5.24,5.25,5.26,5.27,5.28,5.29,5.3,5.31,5.32,5.33,6700,10100,1900,2100,500,9400,14000,20500,39300,5700,25300,26500,44200,9900,28800,34800,44700,10700,40000,27000
127.0,5.23,250200,1306440.0,5.23,5.22,5.21,5.2,5.19,5.18,5.17,5.16,5.15,5.14,5.24,5.25,5.26,5.27,5.28,5.29,5.3,5.31,5.32,5.33,6100,11100,1900,2100,500,9400,14000,20500,39300,5700,25300,26500,44200,9900,28800,34800,44700,10700,40000,27000
128.0,5.23,250200,1306440.0,5.23,5.22,5.21,5.2,5.19,5.18,5.17,5.16,5.15,5.14,5.24,5.25,5.26,5.27,5.28,5.29,5.3,5.31,5.32,5.33,6100,11100,1900,2100,500,9400,14000,20500,39300,5700,25300,26500,44200,9900,28800,34800,44700,10700,40000,27000
129.0,5.23,250200,1306440.0,5.23,5.22,5.21,5.2,5.19,5.18,5.17,5.16,5.15,5.14,5.24,5.25,5.26,5.27,5.28,5.29,5.3,5.31,5.32,5.33,6100,11100,1900,2100,500,9400,14000,20500,39300,5700,25300,26500,44200,9900,28800,34800,44700,10700,40000,27000
130.0,5.23,250800,1309578.0,5.23,5.22,5.21,5.2,5.19,5.18,5.17,5.16,5.15,5.14,5.24,5.25,5.26,5.27,5.28,5.29,5.3,5.31,5.32,5.33,5500,11100,1900,2100,500,9400,14000,20500,39300,5700,25300,26500,44200,9900,28800,34800,44700,10700,40000,47000
131.0,5.23,253600,1324222.0,5.23,5.22,5.21,5.2,5.19,5.18,5.17,5.16,5.15,5.14,5.24,5.25,5.26,5.27,5.28,5.29,5.3,5.31,5.32,5.33,2700,11100,1900,3100,500,9400,14000,20500,39300,5700,25300,26500,44200,9900,28800,34800,45700,10700,40000,47000
132.0,5.23,256200,1337820.0,5.23,5.22,5.21,5.2,5.19,5.18,5.17,5.16,5.15,5.14,5.24,5.25,5.26,5.27,5.28,5.29,5.3,5.31,5.32,5.33,100,11100,1900,3100,500,9400,14000,20500,39300,5700,26300,26500,44200,9900,28800,34800,45700,10700,40000,47000
133.0,5.23,256200,1337820.0,5.23,5.22,5.21,5.2,5.19,5.18,5.17,5.16,5.15,5.14,5.24,5.25,5.26,5.27,5.28,5.29,5.3,5.31,5.32,5.33,100,11100,1900,3100,500,9400,14000,20500,39300,5700,26300,26500,44200,9900,28800,34800,45700,10700,40000,47000
134.0,5.23,256200,1337820.0,5.23,5.22,5.21,5.2,5.19,5.18,5.17,5.16,5.15,5.14,5.24,5.25,5.26,5.27,5.28,5.29,5.3,5.31,5.32,5.33,100,11100,1900,3100,500,13400,14000,20500,39300,5700,26300,26500,44200,9900,28800,34800,45700,10700,40000,47000
135.0,5.23,256200,1337820.0,5.23,5.22,5.21,5.2,5.19,5.18,5.17,5.16,5.15,5.14,5.24,5.25,5.26,5.27,5.28,5.29,5.3,5.31,5.32,5.33,100,11100,1900,3100,500,13400,14000,20500,39300,5700,26300,26500,44200,9900,28800,34800,45700,10700,40000,47000
136.0,5.24,256400,1338868.0,5.23,5.22,5.21,5.2,5.19,5.18,5.17,5.16,5.15,5.14,5.24,5.25,5.26,5.27,5.28,5.29,5.3,5.31,5.32,5.33,100,11100,1900,3100,500,13400,14000,20500,39300,5700,26100,26500,44200,9900,28800,34800,45700,10700,40000,47000
137.0,5.23,256500,1339391.0,5.22,5.21,5.2,5.19,5.18,5.17,5.16,5.15,5.14,5.13,5.23,5.24,5.25,5.26,5.27,5.28,5.29,5.3,5.31,5.32,11100,1900,3100,500,13400,14000,20500,39300,5700,15600,12300,26100,26500,44200,9900,28800,34800,45700,10700,40000
138.0,5.23,256600,1339914.0,5.22,5.21,5.2,5.19,5.18,5.17,5.16,5.15,5.14,5.13,5.23,5.24,5.25,5.26,5.27,5.28,5.29,5.3,5.31,5.32,11100,1900,3100,500,13400,14000,20500,39300,5700,15600,12200,26100,26500,44200,9900,28800,34800,45700,10700,40000
139.0,5.23,259200,1353512.0,5.22,5.21,5.2,5.19,5.18,5.17,5.16,5.15,5.14,5.13,5.23,5.24,5.25,5.26,5.27,5.28,5.29,5.3,5.31,5.32,11100,3200,3100,500,13400,14000,20500,39300,5700,15600,15600,26100,26500,44200,9900,28800,34800,45700,10700,40000
140.0,5.23,259700,1356127.0,5.22,5.21,5.2,5.19,5.18,5.17,5.16,5.15,5.14,5.13,5.23,5.24,5.25,5.26,5.27,5.28,5.29,5.3,5.31,5.32,14100,3200,3100,500,13400,14000,20500,39300,5700,15600,23700,26100,26500,44200,17800,28800,34800,45700,10700,40000
141.0,5.22,261100,1363435.0,5.22,5.21,5.2,5.19,5.18,5.17,5.16,5.15,5.14,5.13,5.23,5.24,5.25,5.26,5.27,5.28,5.29,5.3,5.31,5.32,12700,3200,3100,500,13400,14000,20500,39300,5700,15600,24000,26100,26500,44200,17800,28800,34800,45700,10700,40000
142.0,5.23,263100,1373895.0,5.22,5.21,5.2,5.19,5.18,5.17,5.16,5.15,5.14,5.13,5.23,5.24,5.25,5.26,5.27,5.28,5.29,5.3,5.31,5.32,12700,3200,3100,500,13400,14000,20500,39300,5700,15600,22000,26100,26500,44200,17800,28800,34800,45700,10700,40000
143.0,5.23,263100,1373895.0,5.22,5.21,5.2,5.19,5.18,5.17,5.16,5.15,5.14,5.13,5.23,5.24,5.25,5.26,5.27,5.28,5.29,5.3,5.31,5.32,12700,3200,3100,16200,13400,14000,20500,39300,5700,15600,22000,26100,26500,44200,17800,28800,34800,45700,10700,40000
144.0,5.22,264300,1380159.0,5.22,5.21,5.2,5.19,5.18,5.17,5.16,5.15,5.14,5.13,5.23,5.24,5.25,5.26,5.27,5.28,5.29,5.3,5.31,5.32,11500,3200,3100,16200,13400,14000,20500,39300,5700,15600,22000,48500,26500,50100,17800,28800,34800,45700,10700,40000
145.0,5.23,266200,1390096.0,5.22,5.21,5.2,5.19,5.18,5.17,5.16,5.15,5.14,5.13,5.23,5.24,5.25,5.26,5.27,5.28,5.29,5.3,5.31,5.32,11500,3200,3100,16200,13400,14000,20500,39300,5700,15600,20100,48500,26500,50100,17800,28800,34800,45700,10700,40000
146.0,5.22,268500,1402102.0,5.22,5.21,5.2,5.19,5.18,5.17,5.16,5.15,5.14,5.13,5.23,5.24,5.25,5.26,5.27,5.28,5.29,5.3,5.31,5.32,9200,3200,3100,16200,13400,14000,20500,39300,5700,15600,20100,48500,26500,50100,17800,28800,34800,45700,10700,40000
147.0,5.22,268500,1402102.0,5.22,5.21,5.2,5.19,5.18,5.17,5.16,5.15,5.14,5.13,5.23,5.24,5.25,5.26,5.27,5.28,5.29,5.3,5.31,5.32,9200,3200,3100,16200,13400,14000,20500,39300,5700,15600,20100,48500,26500,50100,17800,28800,34800,45700,10700,40000
148.0,5.23,269900,1409415.0,5.22,5.21,5.2,5.19,5.18,5.17,5.16,5.15,5.14,5.13,5.23,5.24,5.25,5.26,5.27,5.28,5.29,5.3,5.31,5.32,8300,3200,3100,16200,13400,14000,20500,39300,5700,15600,19600,48500,26500,50100,17800,28800,34800,45700,10700,40000
149.0,5.23,269900,1409415.0,5.22,5.21,5.2,5.19,5.18,5.17,5.16,5.15,5.14,5.13,5.23,5.24,5.25,5.26,5.27,5.28,5.29,5.3,5.31,5.32,8300,3200,3100,16200,13400,14000,20500,39300,5700,15600,19600,48500,26500,50100,17800,28800,34800,45700,10700,40000
150.0,5.23,269900,1409415.0,5.22,5.21,5.2,5.19,5.18,5.17,5.16,5.15,5.14,5.13,5.23,5.24,5.25,5.26,5.27,5.28,5.29,5.3,5.31,5.32,8300,3200,3100,16200,13400,14000,20500,39300,5700,15600,19600,48500,26500,50100,17800,28800,34800,45700,10700,40000
151.0,5.22,270700,1413591.0,5.22,5.21,5.2,5.19,5.18,5.17,5.16,5.15,5.14,5.13,5.23,5.24,5.25,5.26,5.27,5.28,5.29,5.3,5.31,5.32,7500,3200,3100,16200,13400,14000,20500,39300,5700,15600,19600,48500,26500,50100,17800,28800,34800,45700,10700,40000
152.0,5.22,270700,1413591.0,5.22,5.21,5.2,5.19,5.18,5.17,5.16,5.15,5.14,5.13,5.23,5.24,5.25,5.26,5.27,5.28,5.29,5.3,5.31,5.32,7500,3200,3100,16200,13400,14000,20500,39300,5700,15600,19600,48500,26500,50100,17800,28800,34800,45700,10700,40000
153.0,5.22,270700,1413591.0,5.22,5.21,5.2,5.19,5.18,5.17,5.16,5.15,5.14,5.13,5.23,5.24,5.25,5.26,5.27,5.28,5.29,5.3,5.31,5.32,7500,3200,3100,16200,13400,14000,20500,39300,5700,15600,19600,48500,26500,50100,17800,28800,34800,45700,10700,40000
154.0,5.23,273200,1426647.0,5.22,5.21,5.2,5.19,5.18,5.17,5.16,5.15,5.14,5.13,5.23,5.24,5.25,5.26,5.27,5.28,5.29,5.3,5.31,5.32,5600,3200,3100,16200,13400,14000,20500,41300,5700,15600,29000,48500,26500,50100,17800,28800,37800,45700,10700,40000
155.0,5.23,274200,1431872.0,5.22,5.21,5.2,5.19,5.18,5.17,5.16,5.15,5.14,5.13,5.23,5.24,5.25,5.26,5.27,5.28,5.29,5.3,5.31,5.32,5100,3200,3100,16200,13400,14000,20500,41300,5700,15600,28500,48500,26500,50100,17800,28800,37800,45700,10700,40000
156.0,5.23,294300,1536995.0,5.22,5.21,5.2,5.19,5.18,5.17,5.16,5.15,5.14,5.13,5.23,5.24,5.25,5.26,5.27,5.28,5.29,5.3,5.31,5.32,5100,3200,3100,16200,13400,14000,20500,41300,5700,15600,8500,52500,26500,50100,17800,28800,37800,45700,10700,40000
157.0,5.23,295300,1542225.0,5.22,5.21,5.2,5.19,5.18,5.17,5.16,5.15,5.14,5.13,5.23,5.24,5.25,5.26,5.27,5.28,5.29,5.3,5.31,5.32,5100,3200,3100,16200,13400,14000,20500,41300,5700,15600,7700,52500,26500,50100,18200,28800,37800,45700,10700,40000
158.0,5.23,298100,1556854.0,5.22,5.21,5.2,5.19,5.18,5.17,5.16,5.15,5.14,5.13,5.23,5.24,5.25,5.26,5.27,5.28,5.29,5.3,5.31,5.32,3600,3200,3100,16200,13400,14000,20500,41300,5700,15600,7400,52500,26500,50100,18200,28800,37800,45700,10700,40000
159.0,5.23,298500,1558946.0,5.22,5.21,5.2,5.19,5.18,5.17,5.16,5.15,5.14,5.13,5.23,5.24,5.25,5.26,5.27,5.28,5.29,5.3,5.31,5.32,3600,3200,3100,16200,13400,14000,20500,41300,5700,15600,7000,52500,26500,50100,18200,28800,37800,45700,10700,40000
160.0,5.23,298800,1560515.0,5.22,5.21,5.2,5.19,5.18,5.17,5.16,5.15,5.14,5.13,5.23,5.24,5.25,5.26,5.27,5.28,5.29,5.3,5.31,5.32,3600,3200,3100,16200,13400,14000,20500,41300,5700,15600,6700,52500,26500,50100,18200,28800,37800,45700,10700,40000
161.0,5.23,303000,1582481.0,5.22,5.21,5.2,5.19,5.18,5.17,5.16,5.15,5.14,5.13,5.23,5.24,5.25,5.26,5.27,5.28,5.29,5.3,5.31,5.32,3600,3200,3100,16200,13400,14000,23300,41300,5700,15600,2500,52500,26500,50100,18200,28800,37800,48700,10700,40000
162.0,5.22,303300,1584047.0,5.22,5.21,5.2,5.19,5.18,5.17,5.16,5.15,5.14,5.13,5.23,5.24,5.25,5.26,5.27,5.28,5.29,5.3,5.31,5.32,3300,3200,3100,16200,13400,14000,23300,41300,5700,15600,2500,52500,26500,50100,18200,28800,37800,48700,10700,40000
163.0,5.23,305800,1597122.0,5.23,5.22,5.21,5.2,5.19,5.18,5.17,5.16,5.15,5.14,5.24,5.25,5.26,5.27,5.28,5.29,5.3,5.31,5.32,5.33,4000,3300,3200,3100,16200,13400,14000,23300,41300,5700,52500,26500,50100,18200,28800,37800,48700,10700,40000,47000
164.0,5.24,306400,1600266.0,5.23,5.22,5.21,5.2,5.19,5.18,5.17,5.16,5.15,5.14,5.24,5.25,5.26,5.27,5.28,5.29,5.3,5.31,5.32,5.33,11500,3300,3200,3100,16200,13400,14000,23300,41300,5700,51900,26500,50100,18200,28800,37800,48700,10700,40000,47000
165.0,5.23,307500,1606019.0,5.23,5.22,5.21,5.2,5.19,5.18,5.17,5.16,5.15,5.14,5.24,5.25,5.26,5.27,5.28,5.29,5.3,5.31,5.32,5.33,10400,3300,3200,3100,16200,13400,14000,23300,41300,5700,51900,26500,50100,18200,28800,37800,48700,10700,40000,47000
166.0,5.23,314300,1641583.0,5.23,5.22,5.21,5.2,5.19,5.18,5.17,5.16,5.15,5.14,5.24,5.25,5.26,5.27,5.28,5.29,5.3,5.31,5.32,5.33,3600,3300,3200,3100,16200,13400,14000,23300,41300,5700,51900,26500,50100,18200,28800,37800,48700,10700,40000,47000
167.0,5.24,314600,1643155.0,5.23,5.22,5.21,5.2,5.19,5.18,5.17,5.16,5.15,5.14,5.24,5.25,5.26,5.27,5.28,5.29,5.3,5.31,5.32,5.33,3600,3300,3200,3100,16200,13400,14000,23300,41300,5700,51600,26500,50100,18200,28800,37800,48700,10700,40000,47000
168.0,5.24,314600,1643155.0,5.23,5.22,5.21,5.2,5.19,5.18,5.17,5.16,5.15,5.14,5.24,5.25,5.26,5.27,5.28,5.29,5.3,5.31,5.32,5.33,3600,3300,23200,3100,16200,13400,14000,23300,41300,5700,51600,26500,50100,18200,28800,37800,48700,10700,40000,47000
169.0,5.23,315600,1648385.0,5.23,5.22,5.21,5.2,5.19,5.18,5.17,5.16,5.15,5.14,5.24,5.25,5.26,5.27,5.28,5.29,5.3,5.31,5.32,5.33,4600,3300,23200,3100,16200,13400,14000,23300,41300,5700,51600,26500,50100,18200,28800,37800,48700,10700,40000,47000
170.0,5.24,321700,1680349.0,5.23,5.22,5.21,5.2,5.19,5.18,5.17,5.16,5.15,5.14,5.24,5.25,5.26,5.27,5.28,5.29,5.3,5.31,5.32,5.33,4600,3300,23200,3100,16200,13400,14000,23300,41300,5700,45500,26500,50100,18200,28800,37800,48700,10700,40000,47000
171.0,5.24,321700,1680349.0,5.23,5.22,5.21,5.2,5.19,5.18,5.17,5.16,5.15,5.14,5.24,5.25,5.26,5.27,5.28,5.29,5.3,5.31,5.32,5.33,4600,3300,23200,3100,16200,12600,14000,23300,41300,5700,45500,26500,50100,18200,28800,37800,48700,10700,40000,47000
172.0,5.23,322100,1682441.0,5.23,5.22,5.21,5.2,5.19,5.18,5.17,5.16,5.15,5.14,5.24,5.25,5.26,5.27,5.28,5.29,5.3,5.31,5.32,5.33,4700,3300,23200,3100,16200,12600,14000,23300,41300,5700,45500,26500,50100,18200,28800,37800,48700,10700,40000,47000
173.0,5.24,330100,1724361.0,5.23,5.22,5.21,5.2,5.19,5.18,5.17,5.16,5.15,5.14,5.24,5.25,5.26,5.27,5.28,5.29,5.3,5.31,5.32,5.33,4700,3300,23200,3100,16200,12600,14000,33300,41300,5700,37500,26500,50100,18200,28800,37800,48700,10700,40000,47000
174.0,5.24,330100,1724361.0,5.23,5.22,5.21,5.2,5.19,5.18,5.17,5.16,5.15,5.14,5.24,5.25,5.26,5.27,5.28,5.29,5.3,5.31,5.32,5.33,4700,3300,23200,3100,16200,12600,14000,33300,41300,5700,37500,26500,50100,18200,28800,37800,48700,10700,40000,47000
175.0,5.24,330100,1724361.0,5.23,5.22,5.21,5.2,5.19,5.18,5.17,5.16,5.15,5.14,5.24,5.25,5.26,5.27,5.28,5.29,5.3,5.31,5.32,5.33,4700,3300,23200,3100,16200,12600,14000,33300,41300,5700,37500,26500,50100,18200,28800,37800,48700,10700,40000,47000
176.0,5.24,330600,1726977.0,5.23,5.22,5.21,5.2,5.19,5.18,5.17,5.16,5.15,5.14,5.24,5.25,5.26,5.27,5.28,5.29,5.3,5.31,5.32,5.33,4400,3300,23200,3100,16200,12600,14000,33300,41300,5700,37400,27000,50100,18200,28800,37800,48700,10700,40000,47000
177.0,5.24,330600,1726977.0,5.23,5.22,5.21,5.2,5.19,5.18,5.17,5.16,5.15,5.14,5.24,5.25,5.26,5.27,5.28,5.29,5.3,5.31,5.32,5.33,4400,3300,23200,3100,16200,12600,14000,33300,41300,5700,37400,27000,50100,18200,28800,37800,48700,10700,40000,47000
178.0,5.24,330600,1726977.0,5.23,5.22,5.21,5.2,5.19,5.18,5.17,5.16,5.15,5.14,5.24,5.25,5.26,5.27,5.28,5.29,5.3,5.31,5.32,5.33,5300,3300,23200,3100,16200,8600,14000,33300,41300,5700,37400,27000,50100,18200,28800,37800,48700,10700,40000,47000
179.0,5.23,331100,1729592.0,5.23,5.22,5.21,5.2,5.19,5.18,5.17,5.16,5.15,5.14,5.24,5.25,5.26,5.27,5.28,5.29,5.3,5.31,5.32,5.33,4800,3300,23200,3100,16200,8600,14000,33300,41300,5700,37400,27000,50100,18200,28800,37800,48700,10700,40000,23000
180.0,5.24,339100,1771512.0,5.23,5.22,5.21,5.2,5.19,5.18,5.17,5.16,5.15,5.14,5.24,5.25,5.26,5.27,5.28,5.29,5.3,5.31,5.32,5.33,4800,3300,23200,3100,16200,8600,14000,33300,41300,5700,29400,27000,50100,18200,28800,37800,48700,10700,40000,23000
181.0,5.23,340800,1780407.0,5.23,5.22,5.21,5.2,5.19,5.18,5.17,5.16,5.15,5.14,5.24,5.25,5.26,5.27,5.28,5.29,5.3,5.31,5.32,5.33,3500,3300,23200,3100,16200,8600,14000,33300,41300,5700,29000,27000,50100,18200,28800,37800,48700,10700,40000,23000
182.0,5.23,341600,1784593.0,5.23,5.22,5.21,5.2,5.19,5.18,5.17,5.16,5.15,5.14,5.24,5.25,5.26,5.27,5.28,5.29,5.3,5.31,5.32,5.33,2900,3300,23200,3100,16200,8600,14000,33300,41300,5700,28800,27000,50100,18200,28800,37800,49200,10700,40000,23000
183.0,5.23,341800,1785639.0,5.23,5.22,5.21,5.2,5.19,5.18,5.17,5.16,5.15,5.14,5.24,5.25,5.26,5.27,5.28,5.29,5.3,5.31,5.32,5.33,2700,3300,23200,3100,16200,8600,14000,33300,41300,5700,28800,27000,50100,18200,28800,37800,49200,10700,40000,23000
184.0,5.24,344000,1797167.0,5.23,5.22,5.21,5.2,5.19,5.18,5.17,5.16,5.15,5.14,5.24,5.25,5.26,5.27,5.28,5.29,5.3,5.31,5.32,5.33,2700,3300,23200,3100,16200,8600,14000,33300,41300,5700,26600,27000,50100,18200,28800,37800,49200,10700,40000,23000
185.0,5.24,344000,1797167.0,5.23,5.22,5.21,5.2,5.19,5.18,5.17,5.16,5.15,5.14,5.24,5.25,5.26,5.27,5.28,5.29,5.3,5.31,5.32,5.33,2700,3300,23200,3100,16200,8600,14000,33300,41300,5700,22600,27000,50100,18200,28800,37800,49200,10700,40000,23000
186.0,5.24,347700,1816553.0,5.23,5.22,5.21,5.2,5.19,5.18,5.17,5.16,5.15,5.14,5.24,5.25,5.26,5.27,5.28,5.29,5.3,5.31,5.32,5.33,2500,3300,23200,3100,16200,8600,14000,33300,41300,5700,19100,29200,50100,18200,28800,37800,49200,10700,40000,23000
187.0,5.24,347700,1816553.0,5.23,5.22,5.21,5.2,5.19,5.18,5.17,5.16,5.15,5.14,5.24,5.25,5.26,5.27,5.28,5.29,5.3,5.31,5.32,5.33,2500,3300,23200,3100,16200,8600,14000,33300,41300,5700,19100,29200,50100,18200,28800,37800,49200,10700,40000,23000
188.0,5.24,348100,1818647.0,5.23,5.22,5.21,5.2,5.19,5.18,5.17,5.16,5.15,5.14,5.24,5.25,5.26,5.27,5.28,5.29,5.3,5.31,5.32,5.33,3800,3300,23200,3100,16200,8600,14000,33300,41300,5700,18900,29200,50100,18200,28800,37800,49200,10700,40000,23000
189.0,5.24,348100,1818647.0,5.23,5.22,5.21,5.2,5.19,5.18,5.17,5.16,5.15,5.14,5.24,5.25,5.26,5.27,5.28,5.29,5.3,5.31,5.32,5.33,3800,3300,23200,3100,16200,8600,14000,33300,41300,5700,18900,29200,50100,19700,28800,37800,49200,10700,40000,23000
190.0,5.23,351500,1836429.0,5.23,5.22,5.21,5.2,5.19,5.18,5.17,5.16,5.15,5.14,5.24,5.25,5.26,5.27,5.28,5.29,5.3,5.31,5.32,5.33,400,3300,23200,3100,16200,8600,14000,33300,41300,5700,18900,29200,50100,19700,28800,37800,49200,10700,40000,23000
191.0,5.23,351500,1836429.0,5.23,5.22,5.21,5.2,5.19,5.18,5.17,5.16,5.15,5.14,5.24,5.25,5.26,5.27,5.28,5.29,5.3,5.31,5.32,5.33,4400,3300,23200,3100,16200,8600,14000,33300,41300,5700,18900,29200,50100,19700,28800,37800,49200,10700,40000,23000
192.0,5.24,353600,1847433.0,5.23,5.22,5.21,5.2,5.19,5.18,5.17,5.16,5.15,5.14,5.24,5.25,5.26,5.27,5.28,5.29,5.3,5.31,5.32,5.33,4400,3300,23200,3100,16200,8600,14000,33300,41300,5700,16800,29200,50100,19700,28800,37800,49200,10700,40000,23000
193.0,5.23,354400,1851617.0,5.23,5.22,5.21,5.2,5.19,5.18,5.17,5.16,5.15,5.14,5.24,5.25,5.26,5.27,5.28,5.29,5.3,5.31,5.32,5.33,3600,3300,23200,3100,16200,8600,14000,33300,41300,5700,16800,29200,50100,19700,28800,37800,49200,10700,40000,23000
194.0,5.23,354700,1853186.0,5.23,5.22,5.21,5.2,5.19,5.18,5.17,5.16,5.15,5.14,5.24,5.25,5.26,5.27,5.28,5.29,5.3,5.31,5.32,5.33,3300,3300,23200,3100,16200,8600,14000,33300,41300,5700,16800,29200,50100,19700,28800,37800,49200,10700,40000,23000
195.0,5.23,355000,1854755.0,5.23,5.22,5.21,5.2,5.19,5.18,5.17,5.16,5.15,5.14,5.24,5.25,5.26,5.27,5.28,5.29,5.3,5.31,5.32,5.33,3000,3300,23000,3100,16200,8600,14000,33300,41300,5700,16800,29200,50100,19700,28800,37800,49200,10700,40000,23000
196.0,5.23,355000,1854755.0,5.23,5.22,5.21,5.2,5.19,5.18,5.17,5.16,5.15,5.14,5.24,5.25,5.26,5.27,5.28,5.29,5.3,5.31,5.32,5.33,3000,3300,23000,3100,16200,8600,14000,33300,41300,5700,16800,29200,50100,19700,29400,37800,49200,10700,40000,23000
197.0,5.23,355300,1856324.0,5.23,5.22,5.21,5.2,5.19,5.18,5.17,5.16,5.15,5.14,5.24,5.25,5.26,5.27,5.28,5.29,5.3,5.31,5.32,5.33,2700,3300,23000,3100,16200,8600,14000,33300,41300,5700,16800,29200,50100,19700,29400,37800,49200,10700,40000,23000
198.0,5.23,355300,1856324.0,5.23,5.22,5.21,5.2,5.19,5.18,5.17,5.16,5.15,5.14,5.24,5.25,5.26,5.27,5.28,5.29,5.3,5.31,5.32,5.33,2700,3300,23000,3100,16200,8600,14000,33300,41300,5700,16800,29200,50100,19700,29400,37800,49200,10700,40000,23000
199.0,5.23,355300,1856324.0,5.23,5.22,5.21,5.2,5.19,5.18,5.17,5.16,5.15,5.14,5.24,5.25,5.26,5.27,5.28,5.29,5.3,5.31,5.32,5.33,2700,3300,23000,3100,16200,8600,14000,33300,41300,5700,17800,29200,50100,19700,29400,37800,49200,10700,40000,23000
200.0,5.23,355300,1856324.0,5.23,5.22,5.21,5.2,5.19,5.18,5.17,5.16,5.15,5.14,5.24,5.25,5.26,5.27,5.28,5.29,5.3,5.31,5.32,5.33,3300,3300,23000,3100,16200,8600,14000,33300,41300,5700,17800,29200,50100,19700,29400,37800,49200,10700,40000,23000
201.0,5.23,355600,1857893.0,5.23,5.22,5.21,5.2,5.19,5.18,5.17,5.16,5.15,5.14,5.24,5.25,5.26,5.27,5.28,5.29,5.3,5.31,5.32,5.33,3000,3300,23000,3100,16200,8600,14000,33300,41300,5700,17800,29200,50100,19700,29400,37800,49200,10700,40000,23000
202.0,5.23,355600,1857893.0,5.23,5.22,5.21,5.2,5.19,5.18,5.17,5.16,5.15,5.14,5.24,5.25,5.26,5.27,5.28,5.29,5.3,5.31,5.32,5.33,3000,3300,23000,3100,16200,8600,14000,33300,41300,5700,17800,29200,50100,19700,29400,37800,51400,10700,40000,23000
203.0,5.24,356000,1859986.0,5.23,5.22,5.21,5.2,5.19,5.18,5.17,5.16,5.15,5.14,5.24,5.25,5.26,5.27,5.28,5.29,5.3,5.31,5.32,5.33,2700,3300,23000,3100,16200,8600,14000,33300,41300,5700,17700,29200,50100,19700,29400,37800,51400,10700,40000,23000
204.0,5.24,356300,1861556.0,5.23,5.22,5.21,5.2,5.19,5.18,5.17,5.16,5.15,5.14,5.24,5.25,5.26,5.27,5.28,5.29,5.3,5.31,5.32,5.33,2500,3300,23000,3100,16200,8600,14000,33300,41300,5700,17600,29200,50100,19700,29400,37800,51400,10700,40000,23000
205.0,5.23,356800,1864171.0,5.23,5.22,5.21,5.2,5.19,5.18,5.17,5.16,5.15,5.14,5.24,5.25,5.26,5.27,5.28,5.29,5.3,5.31,5.32,5.33,2000,3300,23000,3100,16200,8600,14000,33300,41300,5700,17600,29200,50100,19700,29400,37800,51400,10700,40000,23000
206.0,5.23,356800,1864171.0,5.23,5.22,5.21,5.2,5.19,5.18,5.17,5.16,5.15,5.14,5.24,5.25,5.26,5.27,5.28,5.29,5.3,5.31,5.32,5.33,2000,3300,23000,3100,16200,8600,14000,33300,41300,5700,17600,29200,50100,19700,29400,37800,51400,10700,40000,23000
207.0,5.23,356800,1864171.0,5.23,5.22,5.21,5.2,5.19,5.18,5.17,5.16,5.15,5.14,5.24,5.25,5.26,5.27,5.28,5.29,5.3,5.31,5.32,5.33,2000,3300,23000,3100,16200,8600,14000,33300,41300,5700,17600,29200,50100,19700,29400,37800,51400,10700,40000,23000
208.0,5.23,357000,1865217.0,5.23,5.22,5.21,5.2,5.19,5.18,5.17,5.16,5.15,5.14,5.24,5.25,5.26,5.27,5.28,5.29,5.3,5.31,5.32,5.33,1800,3300,23000,3100,16200,8600,14000,33300,41300,5700,17600,29200,50100,19700,29400,37800,51400,10700,40000,23000
209.0,5.23,357000,1865217.0,5.23,5.22,5.21,5.2,5.19,5.18,5.17,5.16,5.15,5.14,5.24,5.25,5.26,5.27,5.28,5.29,5.3,5.31,5.32,5.33,1800,3300,23000,3100,16200,8600,14000,33300,41300,5700,26500,33200,50100,19700,29400,37800,51400,10700,40000,23000
210.0,5.23,357400,1867309.0,5.23,5.22,5.21,5.2,5.19,5.18,5.17,5.16,5.15,5.14,5.24,5.25,5.26,5.27,5.28,5.29,5.3,5.31,5.32,5.33,1400,3300,23000,4500,16200,8600,14000,33300,41300,5700,26500,33200,50100,19700,29400,37800,51400,10700,40000,23000
211.0,5.23,357700,1868878.0,5.23,5.22,5.21,5.2,5.19,5.18,5.17,5.16,5.15,5.14,5.24,5.25,5.26,5.27,5.28,5.29,5.3,5.31,5.32,5.33,1100,3300,23000,4500,16200,8600,14000,33300,41300,5700,26500,33200,50100,19700,29400,37800,51400,10700,40000,23000
212.0,5.23,357700,1868878.0,5.23,5.22,5.21,5.2,5.19,5.18,5.17,5.16,5.15,5.14,5.24,5.25,5.26,5.27,5.28,5.29,5.3,5.31,5.32,5.33,1100,3300,23000,4500,16200,8600,14000,33300,41300,5700,26500,33200,50100,19700,29400,37800,51400,10700,40000,23000
213.0,5.23,357700,1868878.0,5.23,5.22,5.21,5.2,5.19,5.18,5.17,5.16,5.15,5.14,5.24,5.25,5.26,5.27,5.28,5.29,5.3,5.31,5.32,5.33,1100,3300,23000,4500,16200,8600,14000,33300,41300,5700,26500,33200,50100,19700,29400,37800,51400,10700,40000,23000
214.0,5.23,357700,1868878.0,5.23,5.22,5.21,5.2,5.19,5.18,5.17,5.16,5.15,5.14,5.24,5.25,5.26,5.27,5.28,5.29,5.3,5.31,5.32,5.33,1100,3300,23000,4500,16200,8600,14000,33300,41300,5700,26500,33200,50100,19700,29400,37800,51400,10700,40000,23000
215.0,5.23,360600,1884045.0,5.22,5.21,5.2,5.19,5.18,5.17,5.16,5.15,5.14,5.13,5.23,5.24,5.25,5.26,5.27,5.28,5.29,5.3,5.31,5.32,3300,23000,4500,16200,8600,14000,33300,41300,5700,15600,22300,36800,33200,50100,19700,29400,37800,51400,20700,40000
216.0,5.22,361200,1887177.0,5.22,5.21,5.2,5.19,5.18,5.17,5.16,5.15,5.14,5.13,5.23,5.24,5.25,5.26,5.27,5.28,5.29,5.3,5.31,5.32,2700,23000,4500,16200,8600,14000,33300,41300,5700,15600,22300,36800,33200,50100,19700,29400,37800,51400,20700,40000
217.0,5.22,361200,1887177.0,5.22,5.21,5.2,5.19,5.18,5.17,5.16,5.15,5.14,5.13,5.23,5.24,5.25,5.26,5.27,5.28,5.29,5.3,5.31,5.32,2700,23000,4500,16200,8600,14000,33300,41300,5700,15600,22300,36800,33200,50100,19700,29400,37800,51400,20700,40000
218.0,5.22,362400,1893449.0,5.22,5.21,5.2,5.19,5.18,5.17,5.16,5.15,5.14,5.13,5.23,5.24,5.25,5.26,5.27,5.28,5.29,5.3,5.31,5.32,2300,23000,4500,16200,8600,14000,33300,41300,5700,15600,13600,37400,33200,50100,19700,29400,37800,51400,20700,40000
219.0,5.22,362400,1893449.0,5.22,5.21,5.2,5.19,5.18,5.17,5.16,5.15,5.14,5.13,5.23,5.24,5.25,5.26,5.27,5.28,5.29,5.3,5.31,5.32,2300,23000,9500,16200,8600,14000,33300,41300,5700,15600,13700,37400,33200,50100,19700,29400,37800,51400,20700,40000
220.0,5.22,362400,1893449.0,5.22,5.21,5.2,5.19,5.18,5.17,5.16,5.15,5.14,5.13,5.23,5.24,5.25,5.26,5.27,5.28,5.29,5.3,5.31,5.32,2300,23000,9500,16200,8600,14000,33300,41300,5700,15600,13700,37400,33200,50100,21100,29400,37800,51400,20700,40000
221.0,5.23,365100,1907568.0,5.22,5.21,5.2,5.19,5.18,5.17,5.16,5.15,5.14,5.13,5.23,5.24,5.25,5.26,5.27,5.28,5.29,5.3,5.31,5.32,2100,23000,9500,16200,8600,14000,33300,41300,5700,15600,11300,28500,34000,50100,21100,29400,37800,51400,20700,40000
222.0,5.23,365300,1908614.0,5.22,5.21,5.2,5.19,5.18,5.17,5.16,5.15,5.14,5.13,5.23,5.24,5.25,5.26,5.27,5.28,5.29,5.3,5.31,5.32,2100,24000,9500,16200,8600,14000,33300,41300,5700,15600,18000,28500,34000,50100,21100,29400,37800,51400,20700,40000
223.0,5.23,365300,1908614.0,5.22,5.21,5.2,5.19,5.18,5.17,5.16,5.15,5.14,5.13,5.23,5.24,5.25,5.26,5.27,5.28,5.29,5.3,5.31,5.32,2100,25000,9500,16200,8600,14000,33300,41300,5700,15600,18000,28500,34000,50100,21100,29400,37800,51400,20700,40000
224.0,5.22,365500,1909658.0,5.22,5.21,5.2,5.19,5.18,5.17,5.16,5.15,5.14,5.13,5.23,5.24,5.25,5.26,5.27,5.28,5.29,5.3,5.31,5.32,1900,25000,9500,16200,8600,14000,33300,41300,5700,15600,18000,28500,34000,50100,21100,29400,37800,51400,20700,40000
225.0,5.23,366000,1912273.0,5.22,5.21,5.2,5.19,5.18,5.17,5.16,5.15,5.14,5.13,5.23,5.24,5.25,5.26,5.27,5.28,5.29,5.3,5.31,5.32,1900,25000,9500,16200,8600,14000,33300,41300,5700,15600,17500,28500,34000,50100,21100,29400,37800,51400,20700,40000
226.0,5.22,366100,1912795.0,5.22,5.21,5.2,5.19,5.18,5.17,5.16,5.15,5.14,5.13,5.23,5.24,5.25,5.26,5.27,5.28,5.29,5.3,5.31,5.32,1800,25000,9500,16200,8600,14000,33300,41300,5700,15600,17500,28500,34000,50100,21100,29400,37800,51400,20700,40000
227.0,5.22,366100,1912795.0,5.22,5.21,5.2,5.19,5.18,5.17,5.16,5.15,5.14,5.13,5.23,5.24,5.25,5.26,5.27,5.28,5.29,5.3,5.31,5.32,1800,25000,9500,16200,8600,14000,30200,41300,5700,15600,17500,28500,34000,50100,21100,29400,37800,51400,20700,40000
228.0,5.22,366500,1914883.0,5.22,5.21,5.2,5.19,5.18,5.17,5.16,5.15,5.14,5.13,5.23,5.24,5.25,5.26,5.27,5.28,5.29,5.3,5.31,5.32,1400,25000,9500,16200,8600,14000,30200,41300,5700,15600,17500,28500,34000,50100,21100,31400,37800,51400,20700,40000
229.0,5.23,378200,1976074.0,5.22,5.21,5.2,5.19,5.18,5.17,5.16,5.15,5.14,5.13,5.23,5.24,5.25,5.26,5.27,5.28,5.29,5.3,5.31,5.32,1400,25000,9500,16200,8600,14000,30200,41300,5700,15600,13600,28500,34000,50100,21100,31400,37800,51400,20700,40000
230.0,5.23,378200,1976074.0,5.22,5.21,5.2,5.19,5.18,5.17,5.16,5.15,5.14,5.13,5.23,5.24,5.25,5.26,5.27,5.28,5.29,5.3,5.31,5.32,1400,25000,9500,16200,8600,14000,30200,41300,5700,15600,16100,28500,34000,50100,21100,31400,37800,51400,20700,40000
231.0,5.22,378300,1976596.0,5.22,5.21,5.2,5.19,5.18,5.17,5.16,5.15,5.14,5.13,5.23,5.24,5.25,5.26,5.27,5.28,5.29,5.3,5.31,5.32,1300,25000,9500,16200,8600,14000,30200,41300,5700,15600,16200,28200,30000,50100,21100,31400,37800,51400,20700,40000
232.0,5.23,378600,1978165.0,5.22,5.21,5.2,5.19,5.18,5.17,5.16,5.15,5.14,5.13,5.23,5.24,5.25,5.26,5.27,5.28,5.29,5.3,5.31,5.32,1300,25000,9500,16200,8600,14000,30200,41300,5700,15600,15900,28200,30000,50100,21100,31400,41800,51400,20700,40000
233.0,5.23,383700,2004837.0,5.22,5.21,5.2,5.19,5.18,5.17,5.16,5.15,5.14,5.13,5.23,5.24,5.25,5.26,5.27,5.28,5.29,5.3,5.31,5.32,6200,25000,9500,16200,8600,14000,30200,41300,5700,15600,12400,28200,30000,50100,21100,31400,41800,51400,20700,40000
234.0,5.23,384600,2009538.0,5.22,5.21,5.2,5.19,5.18,5.17,5.16,5.15,5.14,5.13,5.23,5.24,5.25,5.26,5.27,5.28,5.29,5.3,5.31,5.32,5600,25000,14500,16200,8600,14000,30200,41300,5700,15600,12100,28200,30000,50100,21100,31400,41800,51400,20700,40000
235.0,5.23,384600,2009538.0,5.22,5.21,5.2,5.19,5.18,5.17,5.16,5.15,5.14,5.13,5.23,5.24,5.25,5.26,5.27,5.28,5.29,5.3,5.31,5.32,5600,25000,14500,16200,8600,14000,30200,41300,5700,15600,12100,28200,30000,50100,21100,31400,41800,51400,20700,40000
236.0,5.23,386500,2019475.0,5.22,5.21,5.2,5.19,5.18,5.17,5.16,5.15,5.14,5.13,5.23,5.24,5.25,5.26,5.27,5.28,5.29,5.3,5.31,5.32,5600,25000,14500,16200,8600,14000,30200,41300,5700,15600,10200,28200,30000,50100,21100,31400,41800,51400,20700,40000
237.0,5.23,387300,2023654.0,5.22,5.21,5.2,5.19,5.18,5.17,5.16,5.15,5.14,5.13,5.23,5.24,5.25,5.26,5.27,5.28,5.29,5.3,5.31,5.32,5100,25000,14500,16200,8600,14000,30200,41300,5700,15600,11900,28200,30000,50100,21100,31400,41800,51400,20700,40000
238.0,5.23,387300,2023654.0,5.22,5.21,5.2,5.19,5.18,5.17,5.16,5.15,5.14,5.13,5.23,5.24,5.25,5.26,5.27,5.28,5.29,5.3,5.31,5.32,5100,25000,14500,16200,8600,14000,30200,41300,5700,15600,11900,28200,30000,50100,21100,31400,61800,51400,20700,40000
239.0,5.23,387300,2023654.0,5.22,5.21,5.2,5.19,5.18,5.17,5.16,5.15,5.14,5.13,5.23,5.24,5.25,5.26,5.27,5.28,5.29,5.3,5.31,5.32,5100,25000,14500,16200,8600,14000,30200,41300,5700,15600,11900,28200,30000,50100,21100,31400,61800,51400,20700,40000
240.0,5.22,388800,2031484.0,5.22,5.21,5.2,5.19,5.18,5.17,5.16,5.15,5.14,5.13,5.23,5.24,5.25,5.26,5.27,5.28,5.29,5.3,5.31,5.32,3600,25000,14500,16200,8600,14000,30200,41300,5700,15600,11900,28200,30000,50100,21100,31400,61800,51400,20700,40000
241.0,5.22,389100,2033050.0,5.22,5.21,5.2,5.19,5.18,5.17,5.16,5.15,5.14,5.13,5.23,5.24,5.25,5.26,5.27,5.28,5.29,5.3,5.31,5.32,3300,25000,14500,16200,8600,14000,30200,41300,5700,15600,11900,28200,30000,50100,21100,31400,61800,51400,20700,40000
242.0,5.22,389100,2033050.0,5.22,5.21,5.2,5.19,5.18,5.17,5.16,5.15,5.14,5.13,5.23,5.24,5.25,5.26,5.27,5.28,5.29,5.3,5.31,5.32,3300,25000,14500,16200,8600,14000,30200,41300,5700,15600,12500,28200,30000,50100,21100,31400,61800,51400,20700,40000
243.0,5.22,389100,2033050.0,5.22,5.21,5.2,5.19,5.18,5.17,5.16,5.15,5.14,5.13,5.23,5.24,5.25,5.26,5.27,5.28,5.29,5.3,5.31,5.32,3500,25000,14500,16200,8600,14000,30200,41300,5700,15600,12700,28200,30000,50100,21100,31400,61800,51400,20700,40000
244.0,5.22,389400,2034616.0,5.22,5.21,5.2,5.19,5.18,5.17,5.16,5.15,5.14,5.13,5.23,5.24,5.25,5.26,5.27,5.28,5.29,5.3,5.31,5.32,3200,25000,14500,16200,8600,14000,30200,41300,5700,15600,15900,28200,30000,50100,21100,31400,61800,51400,20700,40000
245.0,5.22,389400,2034616.0,5.22,5.21,5.2,5.19,5.18,5.17,5.16,5.15,5.14,5.13,5.23,5.24,5.25,5.26,5.27,5.28,5.29,5.3,5.31,5.32,3400,25000,14500,16200,8600,14000,29700,41300,5700,15600,16500,28200,30000,50100,21100,31400,61800,51400,20700,40000
246.0,5.23,389600,2035662.0,5.22,5.21,5.2,5.19,5.18,5.17,5.16,5.15,5.14,5.13,5.23,5.24,5.25,5.26,5.27,5.28,5.29,5.3,5.31,5.32,3400,25000,14500,16200,8600,14000,29700,41300,5700,15600,16300,28200,30000,50100,21100,31400,61800,51400,20700,40000
247.0,5.23,389600,2035662.0,5.22,5.21,5.2,5.19,5.18,5.17,5.16,5.15,5.14,5.13,5.23,5.24,5.25,5.26,5.27,5.28,5.29,5.3,5.31,5.32,3400,25000,14500,16200,8600,14000,29700,41300,5700,15600,17100,28200,30000,50100,21100,31400,61800,51400,20700,40000
248.0,5.22,390200,2038794.0,5.22,5.21,5.2,5.19,5.18,5.17,5.16,5.15,5.14,5.13,5.23,5.24,5.25,5.26,5.27,5.28,5.29,5.3,5.31,5.32,3000,25000,14500,16200,8600,14000,29700,41300,5700,15600,17300,28200,30000,50100,21100,31400,61800,51400,20700,40000
249.0,5.22,390200,2038794.0,5.22,5.21,5.2,5.19,5.18,5.17,5.16,5.15,5.14,5.13,5.23,5.24,5.25,5.26,5.27,5.28,5.29,5.3,5.31,5.32,3000,24000,14500,16200,8600,14000,29700,41300,5700,15600,17300,28200,30000,50100,21100,31400,61800,51400,20700,40000
250.0,5.23,395200,2064944.0,5.22,5.21,5.2,5.19,5.18,5.17,5.16,5.15,5.14,5.13,5.23,5.24,5.25,5.26,5.27,5.28,5.29,5.3,5.31,5.32,3200,24000,14500,16200,8600,14000,29700,41300,5700,15600,14300,28200,30000,50100,21100,31400,61800,51400,20700,40000
251.0,5.22,395800,2068076.0,5.22,5.21,5.2,5.19,5.18,5.17,5.16,5.15,5.14,5.13,5.23,5.24,5.25,5.26,5.27,5.28,5.29,5.3,5.31,5.32,2600,24000,14500,16200,8600,15000,29700,41300,5700,15600,14300,28200,30000,50100,21100,31400,61800,51400,20700,40000
252.0,5.22,395800,2068076.0,5.22,5.21,5.2,5.19,5.18,5.17,5.16,5.15,5.14,5.13,5.23,5.24,5.25,5.26,5.27,5.28,5.29,5.3,5.31,5.32,2600,24000,14500,16200,8600,15000,29700,41300,5700,15600,14300,28200,30000,50100,21100,31400,61800,51400,20700,40000
253.0,5.22,395800,2068076.0,5.22,5.21,5.2,5.19,5.18,5.17,5.16,5.15,5.14,5.13,5.23,5.24,5.25,5.26,5.27,5.28,5.29,5.3,5.31,5.32,2800,24000,14500,16200,8600,15000,29700,41300,5700,15600,14500,28200,30000,50100,21100,31400,61800,51400,20700,40000
254.0,5.23,410500,2144955.0,5.23,5.22,5.21,5.2,5.19,5.18,5.17,5.16,5.15,5.14,5.24,5.25,5.26,5.27,5.28,5.29,5.3,5.31,5.32,5.33,27700,4300,24000,14500,16200,8600,15000,29700,41300,5700,28200,30000,50100,21100,31400,61800,51400,20700,40000,33000
255.0,5.23,412400,2154892.0,5.23,5.22,5.21,5.2,5.19,5.18,5.17,5.16,5.15,5.14,5.24,5.25,5.26,5.27,5.28,5.29,5.3,5.31,5.32,5.33,25800,4300,24000,14500,16200,8600,15000,29700,41300,5700,28200,30000,50100,21100,31400,61800,51400,20700,40000,33000
256.0,5.23,412800,2156984.0,5.23,5.22,5.21,5.2,5.19,5.18,5.17,5.16,5.15,5.14,5.24,5.25,5.26,5.27,5.28,5.29,5.3,5.31,5.32,5.33,25400,4300,24000,14500,16200,8600,15000,29700,41300,5700,28200,30000,50100,21100,31400,61800,51400,20700,40000,33000
257.0,5.23,446900,2335312.0,5.23,5.22,5.21,5.2,5.19,5.18,5.17,5.16,5.15,5.14,5.24,5.25,5.26,5.27,5.28,5.29,5.3,5.31,5.32,5.33,1200,2800,24000,14500,16200,8600,15000,29700,41300,5700,28200,30000,50100,21100,31400,61800,51400,20700,40000,33000
258.0,5.23,446900,2335312.0,5.23,5.22,5.21,5.2,5.19,5.18,5.17,5.16,5.15,5.14,5.24,5.25,5.26,5.27,5.28,5.29,5.3,5.31,5.32,5.33,1200,2800,24000,14500,16200,8600,15000,29700,41300,5700,28200,30000,50100,21100,31400,61800,51400,20700,40000,33000
259.0,5.23,448100,2341588.0,5.22,5.21,5.2,5.19,5.18,5.17,5.16,5.15,5.14,5.13,5.23,5.24,5.25,5.26,5.27,5.28,5.29,5.3,5.31,5.32,2800,24000,14500,16200,8600,15000,29700,41300,5700,15600,200,28200,30000,50100,21100,31400,61800,51400,20700,40000
260.0,5.24,448800,2345250.0,5.22,5.21,5.2,5.19,5.18,5.17,5.16,5.15,5.14,5.13,5.24,5.25,5.26,5.27,5.28,5.29,5.3,5.31,5.32,5.33,2600,29000,14300,16200,8600,15000,29700,41300,5700,15600,28400,30000,50100,21100,31400,61800,51400,20700,40000,33000
261.0,5.24,449500,2348918.0,5.22,5.21,5.2,5.19,5.18,5.17,5.16,5.15,5.14,5.13,5.24,5.25,5.26,5.27,5.28,5.29,5.3,5.31,5.32,5.33,4100,29000,14300,16200,8600,15000,29700,41300,5700,15600,29200,30000,50100,21100,31400,61800,51400,20700,40000,33000
262.0,5.24,453400,2369354.0,5.22,5.21,5.2,5.19,5.18,5.17,5.16,5.15,5.14,5.13,5.24,5.25,5.26,5.27,5.28,5.29,5.3,5.31,5.32,5.33,4100,29000,14300,16200,8600,15000,29700,41300,5700,15600,25300,30000,50100,21100,31400,61800,51400,20700,40000,33000
263.0,5.24,455300,2379286.0,5.23,5.22,5.21,5.2,5.19,5.18,5.17,5.16,5.15,5.14,5.24,5.25,5.26,5.27,5.28,5.29,5.3,5.31,5.32,5.33,2300,4500,29000,14300,16200,8600,15000,29700,41300,5700,26200,30000,50100,21100,31400,61800,51400,20700,40000,33000
264.0,5.24,455300,2379286.0,5.23,5.22,5.21,5.2,5.19,5.18,5.17,5.16,5.15,5.14,5.24,5.25,5.26,5.27,5.28,5.29,5.3,5.31,5.32,5.33,2300,4500,29000,14300,16200,8600,15000,29700,41300,5700,26200,30000,50100,21100,31400,61800,51400,20700,40000,33000
265.0,5.23,456500,2385562.0,5.23,5.22,5.21,5.2,5.19,5.18,5.17,5.16,5.15,5.14,5.24,5.25,5.26,5.27,5.28,5.29,5.3,5.31,5.32,5.33,1100,4500,29000,14300,16200,8600,15000,29700,41300,5700,26200,30000,50100,21100,31400,61800,51400,20700,40000,33000
266.0,5.23,456500,2385562.0,5.23,5.22,5.21,5.2,5.19,5.18,5.17,5.16,5.15,5.14,5.24,5.25,5.26,5.27,5.28,5.29,5.3,5.31,5.32,5.33,1100,4500,29000,14300,16200,8600,15000,29700,41300,5700,26200,30000,50100,21100,31400,61800,51400,20700,40000,33000
267.0,5.24,457100,2388706.0,5.23,5.22,5.21,5.2,5.19,5.18,5.17,5.16,5.15,5.14,5.24,5.25,5.26,5.27,5.28,5.29,5.3,5.31,5.32,5.33,1100,4500,29000,13800,16200,8600,15000,29700,41300,5700,25600,30000,50100,21100,31400,61800,51400,20700,40000,33000
268.0,5.24,457100,2388706.0,5.23,5.22,5.21,5.2,5.19,5.18,5.17,5.16,5.15,5.14,5.24,5.25,5.26,5.27,5.28,5.29,5.3,5.31,5.32,5.33,1100,4500,29000,13800,16200,8600,15000,29700,41300,5700,25600,30000,50100,21100,31400,61800,51400,20700,40000,33000
269.0,5.24,457100,2388706.0,5.23,5.22,5.21,5.2,5.19,5.18,5.17,5.16,5.15,5.14,5.24,5.25,5.26,5.27,5.28,5.29,5.3,5.31,5.32,5.33,1100,4500,29000,13800,16200,8600,15000,29700,41300,5700,25600,30500,50100,21500,31400,61800,51400,20700,40000,33000
270.0,5.23,457300,2389752.0,5.23,5.22,5.21,5.2,5.19,5.18,5.17,5.16,5.15,5.14,5.24,5.25,5.26,5.27,5.28,5.29,5.3,5.31,5.32,5.33,900,4500,29000,13800,16200,8600,15000,29700,41300,5700,25600,30500,50100,21500,31400,61800,51400,20700,40000,33000
271.0,5.23,457300,2389752.0,5.23,5.22,5.21,5.2,5.19,5.18,5.17,5.16,5.15,5.14,5.24,5.25,5.26,5.27,5.28,5.29,5.3,5.31,5.32,5.33,900,4500,29000,13800,16200,8600,15000,29700,41300,5700,25600,30600,50100,21500,31400,61800,51400,20700,40000,33000
272.0,5.23,457300,2389752.0,5.23,5.22,5.21,5.2,5.19,5.18,5.17,5.16,5.15,5.14,5.24,5.25,5.26,5.27,5.28,5.29,5.3,5.31,5.32,5.33,3900,4500,29000,13800,16200,8600,15000,29700,41300,5700,25600,30600,50100,21500,31400,61800,51400,20700,40000,33000
273.0,5.23,457600,2391321.0,5.23,5.22,5.21,5.2,5.19,5.18,5.17,5.16,5.15,5.14,5.24,5.25,5.26,5.27,5.28,5.29,5.3,5.31,5.32,5.33,3600,4500,29000,13800,16200,8600,15000,29700,41300,5700,25600,30600,50100,21500,31400,61800,51400,20700,40000,33000
274.0,5.23,457600,2391321.0,5.23,5.22,5.21,5.2,5.19,5.18,5.17,5.16,5.15,5.14,5.24,5.25,5.26,5.27,5.28,5.29,5.3,5.31,5.32,5.33,3800,4500,29000,13800,16200,8600,15000,29700,41300,5700,25600,30600,50100,21500,31400,61800,51400,20700,40000,33000
275.0,5.23,458300,2394982.0,5.23,5.22,5.21,5.2,5.19,5.18,5.17,5.16,5.15,5.14,5.24,5.25,5.26,5.27,5.28,5.29,5.3,5.31,5.32,5.33,3100,4500,29000,13800,16200,8600,15000,29700,41300,5700,25700,30600,50100,21500,31400,61800,51400,20700,40000,33000
276.0,5.23,460100,2404396.0,5.23,5.22,5.21,5.2,5.19,5.18,5.17,5.16,5.15,5.14,5.24,5.25,5.26,5.27,5.28,5.29,5.3,5.31,5.32,5.33,1300,4500,29000,13800,16200,8600,15000,29700,41300,5700,25700,30600,50100,21500,31400,61800,51400,20700,40000,33000
277.0,5.23,460200,2404919.0,5.23,5.22,5.21,5.2,5.19,5.18,5.17,5.16,5.15,5.14,5.24,5.25,5.26,5.27,5.28,5.29,5.3,5.31,5.32,5.33,1200,4500,29000,13800,16200,8600,15000,29700,41300,5700,25700,30600,50100,21500,31400,61800,51400,20700,40000,33000
278.0,5.23,460300,2405442.0,5.23,5.22,5.21,5.2,5.19,5.18,5.17,5.16,5.15,5.14,5.24,5.25,5.26,5.27,5.28,5.29,5.3,5.31,5.32,5.33,1100,4500,29000,13800,16200,8600,15000,29700,41300,5700,25700,30600,50100,21500,31400,61800,51400,20700,40000,33000
279.0,5.23,460300,2405442.0,5.23,5.22,5.21,5.2,5.19,5.18,5.17,5.16,5.15,5.14,5.24,5.25,5.26,5.27,5.28,5.29,5.3,5.31,5.32,5.33,1100,4500,29000,13800,16200,8600,15000,29700,41300,5700,25700,30600,50100,21500,31400,61800,51400,20700,40000,33000
280.0,5.24,461200,2410158.0,5.23,5.22,5.21,5.2,5.19,5.18,5.17,5.16,5.15,5.14,5.24,5.25,5.26,5.27,5.28,5.29,5.3,5.31,5.32,5.33,1100,4500,29000,13800,16200,8600,15000,29700,41300,5700,24800,30500,50100,21500,31400,61800,51400,20700,40000,33000
281.0,5.23,461300,2410681.0,5.23,5.22,5.21,5.2,5.19,5.18,5.17,5.16,5.15,5.14,5.24,5.25,5.26,5.27,5.28,5.29,5.3,5.31,5.32,5.33,1000,4500,29000,13800,16200,8600,15000,29700,41300,5700,24800,30500,50100,21500,31400,61800,51400,20700,40000,33000
282.0,5.23,461300,2410681.0,5.23,5.22,5.21,5.2,5.19,5.18,5.17,5.16,5.15,5.14,5.24,5.25,5.26,5.27,5.28,5.29,5.3,5.31,5.32,5.33,1000,4500,29000,13800,16200,8600,15000,29700,41300,5700,24800,30500,50100,21500,31400,61800,51400,20700,40000,33000
283.0,5.23,461300,2410681.0,5.23,5.22,5.21,5.2,5.19,5.18,5.17,5.16,5.15,5.14,5.24,5.25,5.26,5.27,5.28,5.29,5.3,5.31,5.32,5.33,1000,4500,29000,13800,16200,8600,15000,29700,38600,5700,24800,30500,50100,21500,31400,61800,51400,20700,40000,33000
284.0,5.23,461400,2411204.0,5.23,5.22,5.21,5.2,5.19,5.18,5.17,5.16,5.15,5.14,5.24,5.25,5.26,5.27,5.28,5.29,5.3,5.31,5.32,5.33,900,4500,29000,13800,16200,9100,15000,29700,38600,5700,28800,30600,50100,21500,31400,61800,51400,20700,40000,33000
285.0,5.23,461400,2411204.0,5.23,5.22,5.21,5.2,5.19,5.18,5.17,5.16,5.15,5.14,5.24,5.25,5.26,5.27,5.28,5.29,5.3,5.31,5.32,5.33,900,4500,29000,13800,16200,9100,15000,29700,38600,5700,28800,30600,50100,21500,31400,61800,51400,20700,40000,33000
286.0,5.23,462300,2415911.0,5.22,5.21,5.2,5.19,5.18,5.17,5.16,5.15,5.14,5.13,5.23,5.24,5.25,5.26,5.27,5.28,5.29,5.3,5.31,5.32,4500,29000,13800,16200,9100,15000,29700,38600,5700,15600,5500,28800,30600,50100,21500,31400,61800,51400,20700,40000
287.0,5.22,463600,2422697.0,5.22,5.21,5.2,5.19,5.18,5.17,5.16,5.15,5.14,5.13,5.23,5.24,5.25,5.26,5.27,5.28,5.29,5.3,5.31,5.32,3200,29000,13800,16200,9100,15000,29700,38600,5700,15600,6100,28900,30600,50100,21500,31400,61800,51400,20700,40000
288.0,5.22,463600,2422697.0,5.22,5.21,5.2,5.19,5.18,5.17,5.16,5.15,5.14,5.13,5.23,5.24,5.25,5.26,5.27,5.28,5.29,5.3,5.31,5.32,3200,29000,13800,16200,9100,15000,29700,38600,5700,15600,6100,28900,30600,50100,21500,31400,61800,51400,20700,40000
289.0,5.22,463600,2422697.0,5.22,5.21,5.2,5.19,5.18,5.17,5.16,5.15,5.14,5.13,5.23,5.24,5.25,5.26,5.27,5.28,5.29,5.3,5.31,5.32,3200,29000,13800,16200,9100,15000,29700,38600,5700,15600,6200,28900,30600,50100,21500,31400,61800,51400,20700,40000
290.0,5.23,465900,2434726.0,5.22,5.21,5.2,5.19,5.18,5.17,5.16,5.15,5.14,5.13,5.23,5.24,5.25,5.26,5.27,5.28,5.29,5.3,5.31,5.32,3200,29000,13800,16200,9100,15000,29700,38600,5700,15600,3900,27900,30600,50100,21500,31400,61800,51400,20700,40000
291.0,5.22,466200,2436292.0,5.22,5.21,5.2,5.19,5.18,5.17,5.16,5.15,5.14,5.13,5.23,5.24,5.25,5.26,5.27,5.28,5.29,5.3,5.31,5.32,2900,29000,13800,16200,9100,15000,29700,38600,5700,15600,3900,27900,30600,50100,21500,31400,61800,51400,20700,40000
292.0,5.22,466200,2436292.0,5.22,5.21,5.2,5.19,5.18,5.17,5.16,5.15,5.14,5.13,5.23,5.24,5.25,5.26,5.27,5.28,5.29,5.3,5.31,5.32,2900,29000,13800,16200,9100,15000,29700,38600,5700,15600,3900,27900,30600,50100,21500,31400,61800,51400,20700,40000
293.0,5.22,466400,2437336.0,5.22,5.21,5.2,5.19,5.18,5.17,5.16,5.15,5.14,5.13,5.23,5.24,5.25,5.26,5.27,5.28,5.29,5.3,5.31,5.32,2700,29000,13800,16200,9100,15000,29700,38600,5700,15600,3900,27900,30500,50100,21500,31400,61800,51400,20700,40000
294.0,5.22,466400,2437336.0,5.22,5.21,5.2,5.19,5.18,5.17,5.16,5.15,5.14,5.13,5.23,5.24,5.25,5.26,5.27,5.28,5.29,5.3,5.31,5.32,2700,29000,13800,16200,9100,15000,29700,38600,5700,15600,5900,27900,30500,50100,21500,31400,61800,51400,20700,40000
295.0,5.22,466400,2437336.0,5.22,5.21,5.2,5.19,5.18,5.17,5.16,5.15,5.14,5.13,5.23,5.24,5.25,5.26,5.27,5.28,5.29,5.3,5.31,5.32,2700,29000,13800,16200,9100,15000,29700,38600,5700,15600,5900,27900,30500,50100,21500,31400,61800,51400,20700,40000
296.0,5.23,470500,2458779.0,5.22,5.21,5.2,5.19,5.18,5.17,5.16,5.15,5.14,5.13,5.23,5.24,5.25,5.26,5.27,5.28,5.29,5.3,5.31,5.32,2700,29000,13800,16200,9100,15000,29700,38600,5700,15600,1800,27900,30500,50100,21500,31400,61800,51400,20700,40000
297.0,5.22,470700,2459823.0,5.22,5.21,5.2,5.19,5.18,5.17,5.16,5.15,5.14,5.13,5.23,5.24,5.25,5.26,5.27,5.28,5.29,5.3,5.31,5.32,2500,29000,13800,16200,9100,15000,29700,38600,5700,15600,1800,27900,30500,50100,21500,31400,61800,51400,20700,40000
298.0,5.22,470700,2459823.0,5.22,5.21,5.2,5.19,5.18,5.17,5.16,5.15,5.14,5.13,5.23,5.24,5.25,5.26,5.27,5.28,5.29,5.3,5.31,5.32,2500,29000,13800,16200,9100,15000,29700,38600,5700,15600,1800,27900,30500,50100,21500,31400,61800,51400,20700,40000
299.0,5.23,471700,2465048.0,5.22,5.21,5.2,5.19,5.18,5.17,5.16,5.15,5.14,5.13,5.23,5.24,5.25,5.26,5.27,5.28,5.29,5.3,5.31,5.32,2000,29000,13800,16200,9100,45000,29700,38600,5700,15600,1300,27900,30500,50100,21500,31400,61800,51400,20700,40000
300.0,5.22,471900,2466092.0,5.22,5.21,5.2,5.19,5.18,5.17,5.16,5.15,5.14,5.13,5.23,5.24,5.25,5.26,5.27,5.28,5.29,5.3,5.31,5.32,1800,29000,13800,16200,9100,45000,29700,38600,5700,15600,1300,27900,30500,50100,21500,31400,61800,51400,20700,40000
301.0,5.23,472300,2468183.0,5.22,5.21,5.2,5.19,5.18,5.17,5.16,5.15,5.14,5.13,5.23,5.24,5.25,5.26,5.27,5.28,5.29,5.3,5.31,5.32,1700,29000,13800,16200,9100,45000,29700,38600,5700,15600,1000,27900,30500,59100,21500,31400,61800,51400,20700,40000
302.0,5.23,472300,2468183.0,5.22,5.21,5.2,5.19,5.18,5.17,5.16,5.15,5.14,5.13,5.23,5.24,5.25,5.26,5.27,5.28,5.29,5.3,5.31,5.32,1700,29000,13800,16200,9100,45000,29700,38600,5700,15600,1000,27900,30500,59100,21500,31400,61800,51400,20700,40000
303.0,5.23,472300,2468183.0,5.22,5.21,5.2,5.19,5.18,5.17,5.16,5.15,5.14,5.13,5.23,5.24,5.25,5.26,5.27,5.28,5.29,5.3,5.31,5.32,1700,29400,13800,16200,9100,45000,29700,38600,5700,15600,1000,27900,30500,59100,21500,31400,61800,51400,20700,40000
304.0,5.22,472400,2468705.0,5.22,5.21,5.2,5.19,5.18,5.17,5.16,5.15,5.14,5.13,5.23,5.24,5.25,5.26,5.27,5.28,5.29,5.3,5.31,5.32,1600,29400,13800,16200,9100,45000,29700,38600,5700,15600,1000,27900,30500,59100,21500,31400,61800,51400,20700,40000
305.0,5.24,487000,2545199.0,5.22,5.21,5.2,5.19,5.18,5.17,5.16,5.15,5.14,5.13,5.23,5.24,5.25,5.26,5.27,5.28,5.29,5.3,5.31,5.32,1600,29400,13800,16200,9100,45000,29700,38600,5700,15600,1000,14400,30500,59100,21500,31400,61800,51400,20700,40000
306.0,5.24,487000,2545199.0,5.22,5.21,5.2,5.19,5.18,5.17,5.16,5.15,5.14,5.13,5.23,5.24,5.25,5.26,5.27,5.28,5.29,5.3,5.31,5.32,1600,29400,13800,16200,9100,45000,29700,38600,5700,15600,1000,14500,30500,59100,21500,31400,61800,51400,20700,40000
307.0,5.22,487100,2545721.0,5.22,5.21,5.2,5.19,5.18,5.17,5.16,5.15,5.14,5.13,5.23,5.24,5.25,5.26,5.27,5.28,5.29,5.3,5.31,5.32,1500,29400,13800,16200,9100,45000,29700,38600,5700,15600,1000,14600,30500,59100,21500,31400,61800,51400,20700,40000
308.0,5.22,487200,2546243.0,5.22,5.21,5.2,5.19,5.18,5.17,5.16,5.15,5.14,5.13,5.23,5.24,5.25,5.26,5.27,5.28,5.29,5.3,5.31,5.32,1400,29400,13800,16200,9100,45000,29700,38600,5700,15600,1000,14500,30600,59100,21500,31400,61800,51400,20700,40000
309.0,5.22,487200,2546243.0,5.22,5.21,5.2,5.19,5.18,5.17,5.16,5.15,5.14,5.13,5.23,5.24,5.25,5.26,5.27,5.28,5.29,5.3,5.31,5.32,1400,29400,13800,16200,9100,45000,29700,38600,5700,15600,1000,14400,30600,59100,21500,31400,61800,51400,20700,40000
310.0,5.23,487600,2548333.0,5.22,5.21,5.2,5.19,5.18,5.17,5.16,5.15,5.14,5.13,5.23,5.24,5.25,5.26,5.27,5.28,5.29,5.3,5.31,5.32,1200,29400,13800,16200,9100,45000,29700,38600,5700,15600,800,14400,30600,59100,21500,31400,61800,51400,20700,40000
311.0,5.23,487600,2548333.0,5.22,5.21,5.2,5.19,5.18,5.17,5.16,5.15,5.14,5.13,5.23,5.24,5.25,5.26,5.27,5.28,5.29,5.3,5.31,5.32,1200,29400,13800,16200,9100,45000,29700,38600,5700,15600,800,14400,30600,59100,21500,31400,61800,51400,20700,40000
312.0,5.23,488400,2552517.0,5.22,5.21,5.2,5.19,5.18,5.17,5.16,5.15,5.14,5.13,5.24,5.25,5.26,5.27,5.28,5.29,5.3,5.31,5.32,5.33,1200,29400,13800,16200,9100,45000,29700,38600,5700,15600,14400,30600,59100,21500,31400,61800,51400,20700,40000,33000
313.0,5.23,488400,2552517.0,5.22,5.21,5.2,5.19,5.18,5.17,5.16,5.15,5.14,5.13,5.24,5.25,5.26,5.27,5.28,5.29,5.3,5.31,5.32,5.33,1700,29400,13800,16200,9100,45000,29700,38600,5700,15600,14900,30600,59100,21500,31400,61800,51400,20700,40000,33000
314.0,5.23,488400,2552517.0,5.22,5.21,5.2,5.19,5.18,5.17,5.16,5.15,5.14,5.13,5.24,5.25,5.26,5.27,5.28,5.29,5.3,5.31,5.32,5.33,1700,29400,13800,16200,9100,45000,29700,38600,5700,15600,14900,30600,59100,21500,31400,61800,51400,20700,40000,33000
315.0,5.22,488500,2553039.0,5.22,5.21,5.2,5.19,5.18,5.17,5.16,5.15,5.14,5.13,5.24,5.25,5.26,5.27,5.28,5.29,5.3,5.31,5.32,5.33,2800,29400,13800,16200,9100,45000,29700,38600,5700,15600,16100,30600,59100,21500,31400,61800,51400,20700,40000,33000
316.0,5.22,488500,2553039.0,5.22,5.21,5.2,5.19,5.18,5.17,5.16,5.15,5.14,5.13,5.24,5.25,5.26,5.27,5.28,5.29,5.3,5.31,5.32,5.33,3300,29400,13800,16200,9100,45000,29700,38600,5700,15600,16600,30600,59100,21500,31400,61800,51400,20700,40000,33000
317.0,5.22,488500,2553039.0,5.22,5.21,5.2,5.19,5.18,5.17,5.16,5.15,5.14,5.13,5.24,5.25,5.26,5.27,5.28,5.29,5.3,5.31,5.32,5.33,4400,29400,13800,16200,9100,45000,29700,38600,5700,15600,27700,30600,59100,21500,31400,61800,51400,20700,40000,33000
318.0,5.22,488500,2553039.0,5.22,5.21,5.2,5.19,5.18,5.17,5.16,5.15,5.14,5.13,5.24,5.25,5.26,5.27,5.28,5.29,5.3,5.31,5.32,5.33,5400,29400,13800,16200,9100,45000,29700,38600,5700,15600,27700,30600,59100,21500,31400,61800,51400,20700,40000,33000
319.0,5.22,488500,2553039.0,5.22,5.21,5.2,5.19,5.18,5.17,5.16,5.15,5.14,5.13,5.24,5.25,5.26,5.27,5.28,5.29,5.3,5.31,5.32,5.33,6900,29400,13800,16200,9100,45000,29700,38600,5700,15600,29200,30600,59100,21500,31400,61800,51400,20700,40000,33000
320.0,5.24,490400,2562995.0,5.23,5.22,5.21,5.2,5.19,5.18,5.17,5.16,5.15,5.14,5.24,5.25,5.26,5.27,5.28,5.29,5.3,5.31,5.32,5.33,5000,6900,29400,13800,16200,9100,45000,29700,38600,5700,27300,30600,59100,21500,31400,61800,51400,20700,40000,33000
321.0,5.24,490400,2562995.0,5.23,5.22,5.21,5.2,5.19,5.18,5.17,5.16,5.15,5.14,5.24,5.25,5.26,5.27,5.28,5.29,5.3,5.31,5.32,5.33,10000,6900,29400,13800,16200,9100,45000,29700,38600,5700,27300,30600,59100,21500,31400,61800,52400,20700,40000,33000
322.0,5.23,491400,2568225.0,5.23,5.22,5.21,5.2,5.19,5.18,5.17,5.16,5.15,5.14,5.24,5.25,5.26,5.27,5.28,5.29,5.3,5.31,5.32,5.33,9000,6900,29400,13800,16200,9100,45000,29700,38600,5700,27300,30600,59100,21500,31400,61800,52400,20700,40000,33000
323.0,5.23,491400,2568225.0,5.23,5.22,5.21,5.2,5.19,5.18,5.17,5.16,5.15,5.14,5.24,5.25,5.26,5.27,5.28,5.29,5.3,5.31,5.32,5.33,9000,6900,29400,13800,16200,9100,45000,29700,38600,5700,27300,30600,59100,21500,31400,61800,52400,20700,40000,33000
324.0,5.24,493300,2578181.0,5.23,5.22,5.21,5.2,5.19,5.18,5.17,5.16,5.15,5.14,5.24,5.25,5.26,5.27,5.28,5.29,5.3,5.31,5.32,5.33,9000,6900,29400,13800,16200,9100,45000,29700,38600,5700,25400,30600,59100,21500,31400,61800,52400,20700,40000,33000
325.0,5.24,493300,2578181.0,5.23,5.22,5.21,5.2,5.19,5.18,5.17,5.16,5.15,5.14,5.24,5.25,5.26,5.27,5.28,5.29,5.3,5.31,5.32,5.33,9000,6900,29400,13800,16200,9100,45000,29700,38600,5700,25400,30600,59100,21500,31400,61800,52400,20700,40000,33000
326.0,5.24,493300,2578181.0,5.23,5.22,5.21,5.2,5.19,5.18,5.17,5.16,5.15,5.14,5.24,5.25,5.26,5.27,5.28,5.29,5.3,5.31,5.32,5.33,9000,6900,29400,13800,16200,9100,45000,29700,38600,5700,25400,30600,59100,21500,31400,61800,52400,20700,40000,33000
327.0,5.24,495200,2588137.0,5.23,5.22,5.21,5.2,5.19,5.18,5.17,5.16,5.15,5.14,5.24,5.25,5.26,5.27,5.28,5.29,5.3,5.31,5.32,5.33,9000,6900,29400,13800,16200,9100,45000,29700,38600,5700,23700,30500,59100,21500,31400,61800,52400,20700,40000,33000
328.0,5.24,495200,2588137.0,5.23,5.22,5.21,5.2,5.19,5.18,5.17,5.16,5.15,5.14,5.24,5.25,5.26,5.27,5.28,5.29,5.3,5.31,5.32,5.33,9000,6900,29400,13800,16200,9100,45000,29700,38600,5700,23700,30500,59100,21500,31400,61800,52400,20700,40000,33000
329.0,5.24,495200,2588137.0,5.23,5.22,5.21,5.2,5.19,5.18,5.17,5.16,5.15,5.14,5.24,5.25,5.26,5.27,5.28,5.29,5.3,5.31,5.32,5.33,9000,6900,29400,13800,16200,9100,45000,29700,38600,5700,23700,30500,59100,21500,31400,61800,52400,20700,40000,33000
330.0,5.24,498000,2602800.0,5.23,5.22,5.21,5.2,5.19,5.18,5.17,5.16,5.15,5.14,5.24,5.25,5.26,5.27,5.28,5.29,5.3,5.31,5.32,5.33,8100,6900,29400,13800,16200,9100,45000,29700,38600,5700,21800,30500,59100,21500,31400,61800,52400,20700,40000,33000
331.0,5.24,498000,2602800.0,5.23,5.22,5.21,5.2,5.19,5.18,5.17,5.16,5.15,5.14,5.24,5.25,5.26,5.27,5.28,5.29,5.3,5.31,5.32,5.33,8100,6900,29400,13800,16200,9100,45000,29700,38600,5700,21800,30500,59100,21500,31400,61800,52400,20700,40000,33000
332.0,5.24,498100,2603324.0,5.23,5.22,5.21,5.2,5.19,5.18,5.17,5.16,5.15,5.14,5.24,5.25,5.26,5.27,5.28,5.29,5.3,5.31,5.32,5.33,8100,6900,29400,13800,16200,9100,45000,29700,38600,5700,21700,30500,59100,21500,31400,61800,52400,20700,40000,33000
333.0,5.23,499700,2611692.0,5.23,5.22,5.21,5.2,5.19,5.18,5.17,5.16,5.15,5.14,5.24,5.25,5.26,5.27,5.28,5.29,5.3,5.31,5.32,5.33,6500,6900,29400,13800,16200,9100,45000,29700,38600,5700,21700,30500,59100,21500,31400,61800,52400,20700,40000,33000
334.0,5.24,501600,2621648.0,5.23,5.22,5.21,5.2,5.19,5.18,5.17,5.16,5.15,5.14,5.24,5.25,5.26,5.27,5.28,5.29,5.3,5.31,5.32,5.33,6500,6900,29400,13800,16200,9100,45000,29700,38600,5700,19800,30500,59100,21500,31400,61800,52400,20700,40000,33000
335.0,5.23,515500,2694345.0,5.22,5.21,5.2,5.19,5.18,5.17,5.16,5.15,5.14,5.13,5.23,5.24,5.25,5.26,5.27,5.28,5.29,5.3,5.31,5.32,6900,29400,13800,16200,9100,45000,29700,38600,5700,15600,200,19800,30500,59100,21500,31400,61800,52400,20700,40000
336.0,5.23,518500,2710035.0,5.23,5.22,5.21,5.2,5.19,5.18,5.17,5.16,5.15,5.14,5.24,5.25,5.26,5.27,5.28,5.29,5.3,5.31,5.32,5.33,5000,6900,29400,13800,16200,9100,45000,29700,38600,5700,19800,30500,59100,21500,31400,61800,52400,20700,40000,33000
337.0,5.23,520900,2722606.0,5.23,5.22,5.21,5.2,5.19,5.18,5.17,5.16,5.15,5.14,5.24,5.25,5.26,5.27,5.28,5.29,5.3,5.31,5.32,5.33,4500,6900,29400,13800,16200,9100,45000,29700,38600,5700,17900,30500,59100,21500,31400,61800,52400,20700,40000,33000
338.0,5.23,523900,2738299.0,5.23,5.22,5.21,5.2,5.19,5.18,5.17,5.16,5.15,5.14,5.24,5.25,5.26,5.27,5.28,5.29,5.3,5.31,5.32,5.33,1800,8900,29400,13800,16200,9100,45000,29700,38600,5700,17600,30000,59100,21500,31400,61800,52400,20700,40000,33000
339.0,5.24,526900,2754019.0,5.23,5.22,5.21,5.2,5.19,5.18,5.17,5.16,5.15,5.14,5.24,5.25,5.26,5.27,5.28,5.29,5.3,5.31,5.32,5.33,1800,8900,29400,13800,16200,9100,45000,29700,38600,5700,14600,30000,59100,21500,31400,61800,52400,20700,40000,33000
340.0,5.24,528300,2761355.0,5.23,5.22,5.21,5.2,5.19,5.18,5.17,5.16,5.15,5.14,5.24,5.25,5.26,5.27,5.28,5.29,5.3,5.31,5.32,5.33,1800,8900,29400,13800,16200,9100,45000,29700,38600,5700,13200,30000,59100,21500,31400,61800,52400,20700,40000,33000
341.0,5.23,528800,2763970.0,5.23,5.22,5.21,5.2,5.19,5.18,5.17,5.16,5.15,5.14,5.24,5.25,5.26,5.27,5.28,5.29,5.3,5.31,5.32,5.33,1300,8900,29400,13800,16200,9100,45000,29700,38600,5700,14200,30000,60600,21500,31400,61800,52400,20700,40000,33000
342.0,5.24,529400,2767114.0,5.23,5.22,5.21,5.2,5.19,5.18,5.17,5.16,5.15,5.14,5.24,5.25,5.26,5.27,5.28,5.29,5.3,5.31,5.32,5.33,1300,8900,29400,13800,16200,9100,45000,29700,38600,5700,13600,30000,60600,21500,31400,61800,52400,20700,40000,33000
343.0,5.24,529400,2767114.0,5.23,5.22,5.21,5.2,5.19,5.18,5.17,5.16,5.15,5.14,5.24,5.25,5.26,5.27,5.28,5.29,5.3,5.31,5.32,5.33,1300,8900,27800,13800,16200,9100,45000,29700,38600,5700,13600,30000,60600,21500,31400,61800,52400,20700,40000,33000
344.0,5.23,529700,2768683.0,5.23,5.22,5.21,5.2,5.19,5.18,5.17,5.16,5.15,5.14,5.24,5.25,5.26,5.27,5.28,5.29,5.3,5.31,5.32,5.33,2900,8900,27800,13800,16200,9100,45000,29700,38600,5700,13600,30000,60600,21500,31400,61800,52400,20700,40000,33000
345.0,5.23,529700,2768683.0,5.23,5.22,5.21,5.2,5.19,5.18,5.17,5.16,5.15,5.14,5.24,5.25,5.26,5.27,5.28,5.29,5.3,5.31,5.32,5.33,2900,9900,27800,13800,16200,9100,45000,29700,38600,5700,13600,30700,60600,21500,31400,61800,52400,20700,40000,33000
346.0,5.24,529800,2769207.0,5.23,5.22,5.21,5.2,5.19,5.18,5.17,5.16,5.15,5.14,5.24,5.25,5.26,5.27,5.28,5.29,5.3,5.31,5.32,5.33,2900,9900,27800,13800,16200,9100,45000,29700,38600,5700,13500,30700,60600,21500,31400,66800,52400,20700,40000,33000
347.0,5.23,534200,2792219.0,5.23,5.22,5.21,5.2,5.19,5.18,5.17,5.16,5.15,5.14,5.24,5.25,5.26,5.27,5.28,5.29,5.3,5.31,5.32,5.33,2700,11800,27800,13800,16200,9100,45000,29700,38600,5700,13500,30700,60600,21500,31400,66800,52400,20700,40000,33000
348.0,5.23,534200,2792219.0,5.23,5.22,5.21,5.2,5.19,5.18,5.17,5.16,5.15,5.14,5.24,5.25,5.26,5.27,5.28,5.29,5.3,5.31,5.32,5.33,2700,11800,27800,13800,16200,9100,45000,29700,38600,5700,13500,30700,60600,21500,31400,66800,52400,20700,40000,33000
349.0,5.23,534200,2792219.0,5.23,5.22,5.21,5.2,5.19,5.18,5.17,5.16,5.15,5.14,5.24,5.25,5.26,5.27,5.28,5.29,5.3,5.31,5.32,5.33,2700,11800,27800,13800,16200,9100,45000,29700,38600,5700,13500,30700,60600,21500,31400,66800,52400,20700,40000,33000
350.0,5.23,534200,2792219.0,5.22,5.21,5.2,5.19,5.18,5.17,5.16,5.15,5.14,5.13,5.24,5.25,5.26,5.27,5.28,5.29,5.3,5.31,5.32,5.33,11800,27800,13800,16200,9100,45000,29700,38600,5700,15600,13500,30700,60600,21500,31400,66800,52400,20700,40000,33000
351.0,5.22,535300,2797961.0,5.22,5.21,5.2,5.19,5.18,5.17,5.16,5.15,5.14,5.13,5.24,5.25,5.26,5.27,5.28,5.29,5.3,5.31,5.32,5.33,10700,27800,13800,16200,19100,45000,29700,38600,5700,15600,13500,30700,60600,21500,31400,66800,52400,20700,40000,33000
352.0,5.22,536300,2803181.0,5.23,5.22,5.21,5.2,5.19,5.18,5.17,5.16,5.15,5.14,5.24,5.25,5.26,5.27,5.28,5.29,5.3,5.31,5.32,5.33,6500,10900,27800,13800,16200,19100,45000,29700,38600,5700,14700,30700,60600,21500,31400,66800,52400,20700,40000,33000
353.0,5.24,536600,2804753.0,5.23,5.22,5.21,5.2,5.19,5.18,5.17,5.16,5.15,5.14,5.24,5.25,5.26,5.27,5.28,5.29,5.3,5.31,5.32,5.33,6500,10900,27800,13800,16200,19100,45000,29700,38600,5700,14400,30700,60600,21500,31400,66800,52400,20700,40000,33000
354.0,5.24,538200,2813131.0,5.23,5.22,5.21,5.2,5.19,5.18,5.17,5.16,5.15,5.14,5.24,5.25,5.26,5.27,5.28,5.29,5.3,5.31,5.32,5.33,5900,10900,27800,13800,18200,19100,45000,29700,38600,5700,13400,30700,60600,21500,31400,66800,52400,20700,40000,33000
355.0,5.24,538200,2813131.0,5.23,5.22,5.21,5.2,5.19,5.18,5.17,5.16,5.15,5.14,5.24,5.25,5.26,5.27,5.28,5.29,5.3,5.31,5.32,5.33,5900,10900,27800,13800,18200,19100,45000,29700,38600,5700,13400,30700,60600,21500,31400,66800,52400,20700,40000,33000
356.0,5.23,539300,2818884.0,5.23,5.22,5.21,5.2,5.19,5.18,5.17,5.16,5.15,5.14,5.24,5.25,5.26,5.27,5.28,5.29,5.3,5.31,5.32,5.33,4800,10900,27800,13800,18200,19100,45000,29700,38600,5700,13400,30700,60600,21500,31400,66800,52400,21200,40000,33000
357.0,5.23,539700,2820976.0,5.23,5.22,5.21,5.2,5.19,5.18,5.17,5.16,5.15,5.14,5.24,5.25,5.26,5.27,5.28,5.29,5.3,5.31,5.32,5.33,4400,10900,27800,13800,18200,19100,45000,29700,38600,5700,13400,30700,60600,21500,31400,66800,52400,21200,40000,33000
358.0,5.23,539700,2820976.0,5.23,5.22,5.21,5.2,5.19,5.18,5.17,5.16,5.15,5.14,5.24,5.25,5.26,5.27,5.28,5.29,5.3,5.31,5.32,5.33,4400,10900,27800,13800,18200,19100,45000,29700,38600,5700,13400,30700,60600,21500,31400,66800,52400,21200,40000,33000
359.0,5.23,540100,2823068.0,5.23,5.22,5.21,5.2,5.19,5.18,5.17,5.16,5.15,5.14,5.24,5.25,5.26,5.27,5.28,5.29,5.3,5.31,5.32,5.33,4000,10900,27800,13800,18200,19100,45000,29700,38600,5700,13200,30700,60600,21500,31400,66800,52400,21200,40000,33000
360.0,5.23,540500,2825160.0,5.23,5.22,5.21,5.2,5.19,5.18,5.17,5.16,5.15,5.14,5.24,5.25,5.26,5.27,5.28,5.29,5.3,5.31,5.32,5.33,3600,10900,27800,13800,18200,19100,45000,29700,38600,5700,13200,30700,60600,21500,31400,66800,52400,21200,40000,33000
361.0,5.23,540900,2827252.0,5.23,5.22,5.21,5.2,5.19,5.18,5.17,5.16,5.15,5.14,5.24,5.25,5.26,5.27,5.28,5.29,5.3,5.31,5.32,5.33,4200,10900,27800,13800,18200,19100,45000,29700,38600,5700,13200,30700,60600,21500,31400,66800,52400,21200,40000,33000
362.0,5.23,540900,2827252.0,5.23,5.22,5.21,5.2,5.19,5.18,5.17,5.16,5.15,5.14,5.24,5.25,5.26,5.27,5.28,5.29,5.3,5.31,5.32,5.33,4200,10900,27800,13800,18200,19100,45000,29700,38600,5700,13300,30700,60600,21500,31400,66800,52400,21200,40000,33000
363.0,5.23,540900,2827252.0,5.23,5.22,5.21,5.2,5.19,5.18,5.17,5.16,5.15,5.14,5.24,5.25,5.26,5.27,5.28,5.29,5.3,5.31,5.32,5.33,4200,10900,27800,13800,18200,19100,45000,29700,38600,5700,13300,30700,60600,21500,31400,66800,52400,21200,40000,33000
364.0,5.23,541300,2829344.0,5.23,5.22,5.21,5.2,5.19,5.18,5.17,5.16,5.15,5.14,5.24,5.25,5.26,5.27,5.28,5.29,5.3,5.31,5.32,5.33,3800,10900,27800,13800,18200,19100,45000,29700,38600,5700,13300,30700,60600,21500,31400,66800,52400,21200,40000,33000
365.0,5.23,541300,2829344.0,5.23,5.22,5.21,5.2,5.19,5.18,5.17,5.16,5.15,5.14,5.24,5.25,5.26,5.27,5.28,5.29,5.3,5.31,5.32,5.33,3900,10900,27800,13800,18200,19100,45000,29700,38600,5700,13700,30700,60600,21500,31400,66800,52400,21200,40000,33000
366.0,5.23,541300,2829344.0,5.23,5.22,5.21,5.2,5.19,5.18,5.17,5.16,5.15,5.14,5.24,5.25,5.26,5.27,5.28,5.29,5.3,5.31,5.32,5.33,12400,9000,27800,13800,18200,19100,45000,29700,38600,5700,13700,30700,60600,21500,31400,66800,52400,21200,40000,38000
367.0,5.23,544900,2848172.0,5.23,5.22,5.21,5.2,5.19,5.18,5.17,5.16,5.15,5.14,5.24,5.25,5.26,5.27,5.28,5.29,5.3,5.31,5.32,5.33,9000,9000,27800,13800,18200,19100,45000,29700,38600,5700,13700,30700,60600,21500,31400,66800,52400,21200,40000,38000
368.0,5.23,545000,2848695.0,5.23,5.22,5.21,5.2,5.19,5.18,5.17,5.16,5.15,5.14,5.24,5.25,5.26,5.27,5.28,5.29,5.3,5.31,5.32,5.33,11800,9000,27800,13800,18200,19100,45000,29700,38600,5700,13800,30700,60600,21500,31400,66800,52400,21200,40000,38000
369.0,5.23,545000,2848695.0,5.23,5.22,5.21,5.2,5.19,5.18,5.17,5.16,5.15,5.14,5.24,5.25,5.26,5.27,5.28,5.29,5.3,5.31,5.32,5.33,11800,9000,27800,13800,18200,19100,45000,29700,38600,5700,13800,30700,60600,21500,31400,66800,52400,21200,40000,38000
370.0,5.23,545000,2848695.0,5.23,5.22,5.21,5.2,5.19,5.18,5.17,5.16,5.15,5.14,5.24,5.25,5.26,5.27,5.28,5.29,5.3,5.31,5.32,5.33,11800,9000,27800,13800,18200,19100,45000,29700,38600,5700,13800,30700,60600,21500,31400,66800,52400,21200,40000,38000
371.0,5.23,545000,2848695.0,5.23,5.22,5.21,5.2,5.19,5.18,5.17,5.16,5.15,5.14,5.24,5.25,5.26,5.27,5.28,5.29,5.3,5.31,5.32,5.33,11800,9000,27800,13800,18200,19100,45000,29700,38600,5700,13800,30700,60600,21100,31400,66800,52400,21200,40000,38000
372.0,5.23,545000,2848695.0,5.23,5.22,5.21,5.2,5.19,5.18,5.17,5.16,5.15,5.14,5.24,5.25,5.26,5.27,5.28,5.29,5.3,5.31,5.32,5.33,11800,9000,27800,13800,18200,19100,45000,29700,38600,5700,13800,30700,60600,21100,31400,66800,52400,21200,40000,38000
373.0,5.23,545000,2848695.0,5.23,5.22,5.21,5.2,5.19,5.18,5.17,5.16,5.15,5.14,5.24,5.25,5.26,5.27,5.28,5.29,5.3,5.31,5.32,5.33,11800,9000,27800,13800,18200,19100,45000,29700,38600,5700,13800,30700,60600,21100,31400,66800,52400,21200,40000,38000
374.0,5.23,546200,2854971.0,5.23,5.22,5.21,5.2,5.19,5.18,5.17,5.16,5.15,5.14,5.24,5.25,5.26,5.27,5.28,5.29,5.3,5.31,5.32,5.33,10600,9000,27800,13800,18200,19100,45000,29700,38600,5700,13800,30700,60600,21100,31400,66800,52400,21200,40000,38000
375.0,5.23,546200,2854971.0,5.23,5.22,5.21,5.2,5.19,5.18,5.17,5.16,5.15,5.14,5.24,5.25,5.26,5.27,5.28,5.29,5.3,5.31,5.32,5.33,10600,9000,27800,13800,18200,19100,45000,29700,38600,5700,13800,30700,60600,21100,31400,66800,52400,21200,40000,38000
376.0,5.23,546200,2854971.0,5.23,5.22,5.21,5.2,5.19,5.18,5.17,5.16,5.15,5.14,5.24,5.25,5.26,5.27,5.28,5.29,5.3,5.31,5.32,5.33,10600,9000,27800,13800,18200,19100,45000,29700,38600,5700,13900,35700,60600,21100,31400,66800,52400,21200,40000,38000
377.0,5.23,548200,2865431.0,5.23,5.22,5.21,5.2,5.19,5.18,5.17,5.16,5.15,5.14,5.24,5.25,5.26,5.27,5.28,5.29,5.3,5.31,5.32,5.33,8600,9000,27800,13800,18200,19100,45000,29700,38600,5700,14400,35700,60600,21100,31400,66800,52400,21200,40000,38000
378.0,5.23,548300,2865954.0,5.23,5.22,5.21,5.2,5.19,5.18,5.17,5.16,5.15,5.14,5.24,5.25,5.26,5.27,5.28,5.29,5.3,5.31,5.32,5.33,5000,9000,27800,13800,18200,19100,45000,29700,38600,5700,14400,35700,60600,21100,31400,66800,52400,21200,40000,38000
379.0,5.24,551100,2880626.0,5.23,5.22,5.21,5.2,5.19,5.18,5.17,5.16,5.15,5.14,5.24,5.25,5.26,5.27,5.28,5.29,5.3,5.31,5.32,5.33,5000,9000,27800,13800,18200,19100,45000,29700,38600,5700,11600,35700,60600,21100,31400,66800,52400,21200,40000,38000
380.0,5.24,551100,2880626.0,5.23,5.22,5.21,5.2,5.19,5.18,5.17,5.16,5.15,5.14,5.24,5.25,5.26,5.27,5.28,5.29,5.3,5.31,5.32,5.33,5000,9000,27800,13800,18200,19100,45000,29700,38600,5700,11600,39700,60600,21100,31400,66800,52400,21200,40000,38000
381.0,5.23,551600,2883241.0,5.23,5.22,5.21,5.2,5.19,5.18,5.17,5.16,5.15,5.14,5.24,5.25,5.26,5.27,5.28,5.29,5.3,5.31,5.32,5.33,4500,9000,27800,13800,18200,19100,45000,29700,38600,5700,11600,39700,60600,21100,31400,66800,52400,21200,40000,38000
382.0,5.23,551600,2883241.0,5.23,5.22,5.21,5.2,5.19,5.18,5.17,5.16,5.15,5.14,5.24,5.25,5.26,5.27,5.28,5.29,5.3,5.31,5.32,5.33,4500,9000,27800,13800,18200,19100,45000,29700,38600,5700,11600,39700,60600,21100,31400,66800,52400,21200,40000,38000
383.0,5.23,552800,2889528.0,5.23,5.22,5.21,5.2,5.19,5.18,5.17,5.16,5.15,5.14,5.24,5.25,5.26,5.27,5.28,5.29,5.3,5.31,5.32,5.33,4400,9000,27800,13800,18200,19100,45000,29700,38600,5700,10500,39700,60600,21100,31400,66800,52400,21200,40000,38000
384.0,5.23,552800,2889528.0,5.23,5.22,5.21,5.2,5.19,5.18,5.17,5.16,5.15,5.14,5.24,5.25,5.26,5.27,5.28,5.29,5.3,5.31,5.32,5.33,4400,9000,27800,13800,18200,19100,45000,29700,38600,5700,10500,39700,60600,21100,31400,66800,52400,21200,40000,38000
385.0,5.23,552800,2889528.0,5.23,5.22,5.21,5.2,5.19,5.18,5.17,5.16,5.15,5.14,5.24,5.25,5.26,5.27,5.28,5.29,5.3,5.31,5.32,5.33,4400,9000,27800,13800,20200,19100,45000,29700,38600,5700,10500,39700,60600,21100,31400,66800,52400,21200,40000,38000
386.0,5.23,552800,2889528.0,5.23,5.22,5.21,5.2,5.19,5.18,5.17,5.16,5.15,5.14,5.24,5.25,5.26,5.27,5.28,5.29,5.3,5.31,5.32,5.33,4400,9000,27800,13800,20200,19100,45000,29700,38600,5700,10500,39700,60600,21100,31400,66800,52400,21200,40000,38000
387.0,5.23,552800,2889528.0,5.23,5.22,5.21,5.2,5.19,5.18,5.17,5.16,5.15,5.14,5.24,5.25,5.26,5.27,5.28,5.29,5.3,5.31,5.32,5.33,4400,9000,27800,13800,20200,19100,45000,29700,38600,5700,10500,39700,60600,21100,31400,66800,52400,21200,40000,38000
388.0,5.23,552800,2889528.0,5.23,5.22,5.21,5.2,5.19,5.18,5.17,5.16,5.15,5.14,5.24,5.25,5.26,5.27,5.28,5.29,5.3,5.31,5.32,5.33,4400,9000,27800,13800,20200,19100,45000,29700,38600,5700,10500,39700,60600,21100,31400,66800,52400,21200,40000,38000
389.0,5.23,553200,2891620.0,5.23,5.22,5.21,5.2,5.19,5.18,5.17,5.16,5.15,5.14,5.24,5.25,5.26,5.27,5.28,5.29,5.3,5.31,5.32,5.33,4000,9000,27800,13800,20200,19100,45000,29700,38600,5700,10500,39700,60600,21100,31400,66800,52400,21200,40000,38000
390.0,5.24,553300,2892144.0,5.23,5.22,5.21,5.2,5.19,5.18,5.17,5.16,5.15,5.14,5.24,5.25,5.26,5.27,5.28,5.29,5.3,5.31,5.32,5.33,4000,9000,27800,13800,20200,19100,45000,29700,38600,5700,10400,39700,60600,21100,31400,66800,52400,21200,40000,38000
391.0,5.23,553400,2892667.0,5.23,5.22,5.21,5.2,5.19,5.18,5.17,5.16,5.15,5.14,5.24,5.25,5.26,5.27,5.28,5.29,5.3,5.31,5.32,5.33,3900,9000,27800,13800,20200,19100,45000,29700,38600,5700,10400,39700,60600,21100,31400,66800,52400,21200,40000,38000
392.0,5.23,553400,2892667.0,5.23,5.22,5.21,5.2,5.19,5.18,5.17,5.16,5.15,5.14,5.24,5.25,5.26,5.27,5.28,5.29,5.3,5.31,5.32,5.33,3900,9000,27800,13800,20200,19100,45000,29700,38600,5700,10700,39700,60600,21100,31400,66800,52400,21200,40000,38000
393.0,5.23,553400,2892667.0,5.23,5.22,5.21,5.2,5.19,5.18,5.17,5.16,5.15,5.14,5.24,5.25,5.26,5.27,5.28,5.29,5.3,5.31,5.32,5.33,3900,9000,27800,13800,20200,19100,45000,29700,38600,5700,10700,39700,60600,21100,31400,66800,52400,21200,40000,38000
394.0,5.23,553400,2892667.0,5.23,5.22,5.21,5.2,5.19,5.18,5.17,5.16,5.15,5.14,5.24,5.25,5.26,5.27,5.28,5.29,5.3,5.31,5.32,5.33,3900,9000,27800,13800,20200,19100,45000,29700,38600,5700,10700,39700,60600,21100,31400,66800,52400,21200,40000,38000
395.0,5.23,553400,2892667.0,5.23,5.22,5.21,5.2,5.19,5.18,5.17,5.16,5.15,5.14,5.24,5.25,5.26,5.27,5.28,5.29,5.3,5.31,5.32,5.33,4600,9000,27800,13800,20200,19100,45000,29700,38600,5700,10700,39700,60600,21100,31400,66800,52400,21200,40000,38000
396.0,5.23,553800,2894759.0,5.23,5.22,5.21,5.2,5.19,5.18,5.17,5.16,5.15,5.14,5.24,5.25,5.26,5.27,5.28,5.29,5.3,5.31,5.32,5.33,4200,9000,27800,13800,20200,19100,45000,29700,38600,5700,10700,39700,60600,21100,31400,66800,52400,21200,40000,38000
397.0,5.23,553800,2894759.0,5.23,5.22,5.21,5.2,5.19,5.18,5.17,5.16,5.15,5.14,5.24,5.25,5.26,5.27,5.28,5.29,5.3,5.31,5.32,5.33,4200,9000,27800,13800,20200,19100,45000,29700,38600,5700,10700,39700,60600,21100,31400,66800,52400,21200,40000,38000
398.0,5.23,553800,2894759.0,5.23,5.22,5.21,5.2,5.19,5.18,5.17,5.16,5.15,5.14,5.24,5.25,5.26,5.27,5.28,5.29,5.3,5.31,5.32,5.33,4200,9000,27800,13800,20200,19100,45000,29700,38600,5700,10900,39700,60600,21100,31400,66800,52400,21200,40000,38000
399.0,5.23,554700,2899466.0,5.23,5.22,5.21,5.2,5.19,5.18,5.17,5.16,5.15,5.14,5.24,5.25,5.26,5.27,5.28,5.29,5.3,5.31,5.32,5.33,3300,9000,27800,13800,20200,19100,45000,29700,38600,5700,10900,39700,60600,21100,31400,66800,52400,21200,40000,38000
400.0,5.23,554700,2899466.0,5.23,5.22,5.21,5.2,5.19,5.18,5.17,5.16,5.15,5.14,5.24,5.25,5.26,5.27,5.28,5.29,5.3,5.31,5.32,5.33,3300,9000,27800,13800,20200,19100,45000,29700,38600,5700,10900,39700,60600,21100,31400,66800,52400,21200,40000,38000
401.0,5.23,554700,2899466.0,5.23,5.22,5.21,5.2,5.19,5.18,5.17,5.16,5.15,5.14,5.24,5.25,5.26,5.27,5.28,5.29,5.3,5.31,5.32,5.33,3300,9000,27800,13800,20200,19100,45000,29700,38600,5700,10900,39700,60600,21100,34400,66800,52400,21200,40000,38000
402.0,5.23,554700,2899466.0,5.23,5.22,5.21,5.2,5.19,5.18,5.17,5.16,5.15,5.14,5.24,5.25,5.26,5.27,5.28,5.29,5.3,5.31,5.32,5.33,3300,9000,27800,13800,20200,19100,45000,29700,38600,5700,10900,39700,60600,21100,34400,66800,51800,21200,40000,38000
403.0,5.23,554700,2899466.0,5.23,5.22,5.21,5.2,5.19,5.18,5.17,5.16,5.15,5.14,5.24,5.25,5.26,5.27,5.28,5.29,5.3,5.31,5.32,5.33,3300,9000,27800,13800,20200,19100,45000,29700,38600,5700,10900,39700,60600,21100,34400,66800,51800,21200,40000,38000
404.0,5.24,556200,2907323.0,5.23,5.22,5.21,5.2,5.19,5.18,5.17,5.16,5.15,5.14,5.24,5.25,5.26,5.27,5.28,5.29,5.3,5.31,5.32,5.33,3100,9000,27800,13800,20200,19100,45000,29700,38600,5700,9800,39700,60600,21100,34400,66800,51800,21200,40000,38000
405.0,5.23,556400,2908369.0,5.23,5.22,5.21,5.2,5.19,5.18,5.17,5.16,5.15,5.14,5.24,5.25,5.26,5.27,5.28,5.29,5.3,5.31,5.32,5.33,2900,9000,27800,13800,20200,19100,45000,29700,38600,5700,9800,39700,60600,21100,34400,66800,51800,21200,40000,38000
406.0,5.24,558200,2917801.0,5.23,5.22,5.21,5.2,5.19,5.18,5.17,5.16,5.15,5.14,5.24,5.25,5.26,5.27,5.28,5.29,5.3,5.31,5.32,5.33,2900,9000,27800,13800,20200,19100,45000,29700,38600,5700,8000,38900,60600,21100,34400,66800,51800,21200,40000,38000
407.0,5.24,558200,2917801.0,5.23,5.22,5.21,5.2,5.19,5.18,5.17,5.16,5.15,5.14,5.24,5.25,5.26,5.27,5.28,5.29,5.3,5.31,5.32,5.33,2900,9000,27800,13800,20200,19100,45000,29700,38600,5700,8000,38900,60600,21100,34400,66800,51800,21200,40000,38000
408.0,5.23,561100,2932968.0,5.22,5.21,5.2,5.19,5.18,5.17,5.16,5.15,5.14,5.13,5.23,5.24,5.25,5.26,5.27,5.28,5.29,5.3,5.31,5.32,9000,27800,13800,20200,19100,45000,29700,38600,5700,15600,1500,8000,38900,60600,21100,34400,66800,51800,21200,40000
409.0,5.23,561100,2932968.0,5.22,5.21,5.2,5.19,5.18,5.17,5.16,5.15,5.14,5.13,5.23,5.24,5.25,5.26,5.27,5.28,5.29,5.3,5.31,5.32,9000,27800,13800,20200,19100,45000,29700,38600,5700,15600,44400,84100,38900,60600,21100,34400,66800,51800,21200,40000
410.0,5.23,561100,2932968.0,5.22,5.21,5.2,5.19,5.18,5.17,5.16,5.15,5.14,5.13,5.23,5.24,5.25,5.26,5.27,5.28,5.29,5.3,5.31,5.32,9100,27800,13800,20200,19100,45000,29700,38600,5700,15600,45400,84100,38900,60600,21100,34400,66800,51800,21200,40000
411.0,5.23,564600,2951264.0,5.22,5.21,5.2,5.19,5.18,5.17,5.16,5.15,5.14,5.13,5.23,5.24,5.25,5.26,5.27,5.28,5.29,5.3,5.31,5.32,8200,27800,13800,20200,19100,45000,29700,38600,5700,15600,42800,84100,38900,60600,21100,34400,66800,51800,21200,40000
412.0,5.23,565200,2954402.0,5.22,5.21,5.2,5.19,5.18,5.17,5.16,5.15,5.14,5.13,5.23,5.24,5.25,5.26,5.27,5.28,5.29,5.3,5.31,5.32,8200,27800,13800,20200,19100,45000,29700,38600,5700,15600,42200,84100,38900,60600,21100,34400,66800,51800,21200,40000
