LocalTime,LastPrice,TradeVolume,TradeValue,BidPrice1,BidPrice2,BidPrice3,BidPrice4,BidPrice5,BidPrice6,BidPrice7,BidPrice8,BidPrice9,BidPriceA,AskPrice1,AskPrice2,AskPrice3,AskPrice4,AskPrice5,AskPrice6,AskPrice7,AskPrice8,AskPrice9,AskPriceA,BidVolume1,BidVolume2,BidVolume3,BidVolume4,BidVolume5,BidVolume6,BidVolume7,BidVolume8,BidVolume9,BidVolumeA,AskVolume1,AskVolume2,AskVolume3,AskVolume4,AskVolume5,AskVolume6,AskVolume7,AskVolume8,AskVolume9,AskVolumeA
0.0,284.8,1300,370240.0,284.61,284.59,283.5,283.2,283.05,283.0,282.8,282.02,282.0,281.88,285.0,286.0,286.5,286.8,287.0,287.26,287.86,287.99,288.0,288.5,200,100,100,200,200,700,200,100,700,100,300,500,100,100,200,100,100,100,200,100
1.0,285.0,1400,398740.0,284.8,284.61,284.59,283.5,283.2,283.05,283.02,283.0,282.8,282.02,285.0,286.0,286.5,286.8,286.93,287.0,287.26,287.86,287.99,288.0,100,200,100,100,200,200,100,700,200,100,200,600,100,100,100,200,100,100,100,200
2.0,284.61,1800,512603.0,284.59,283.5,283.2,283.05,283.02,283.0,282.8,282.02,282.0,281.88,284.61,284.8,284.99,285.0,285.88,286.0,286.49,286.5,286.59,286.89,100,100,200,200,100,700,200,100,700,100,500,200,100,200,100,600,100,200,100,100
3.0,284.61,2300,654908.0,284.59,283.5,283.2,283.05,283.02,283.0,282.02,282.0,281.88,281.73,284.8,284.99,285.0,285.55,285.66,285.88,285.9,286.0,286.49,286.5,100,100,200,300,100,700,100,700,100,300,200,100,200,100,100,100,100,600,100,200
4.0,284.61,2300,654908.0,284.59,284.0,283.6,283.5,283.2,283.05,283.02,283.0,282.02,282.0,284.8,284.99,285.0,285.55,285.66,285.88,285.9,286.0,286.49,286.5,100,100,100,100,200,300,100,700,100,800,300,100,200,100,100,100,100,600,100,200
5.0,284.8,2500,711868.0,284.59,284.0,283.6,283.5,283.2,283.05,283.02,283.0,282.02,282.0,284.8,284.99,285.0,285.55,285.66,285.88,285.9,286.0,286.49,286.5,100,100,100,200,200,300,100,700,100,800,100,100,300,100,100,100,100,600,100,200
6.0,284.59,3000,854163.0,284.0,283.6,283.5,283.2,283.05,283.02,283.0,282.02,282.0,281.88,284.59,284.8,284.98,284.99,285.0,285.55,285.66,285.88,285.9,286.0,100,100,200,200,400,100,300,100,800,100,100,100,100,100,400,100,100,100,100,600
7.0,284.59,3100,882622.0,284.61,284.0,283.6,283.5,283.2,283.05,283.02,283.0,282.02,282.0,284.8,284.98,284.99,285.0,285.55,285.66,285.88,285.9,286.0,286.49,200,100,100,200,200,400,100,300,100,800,100,100,200,500,100,100,100,100,600,100
8.0,284.61,3400,968005.0,284.61,284.0,283.6,283.5,283.2,283.05,283.02,283.0,282.02,282.0,284.8,284.98,284.99,285.0,285.55,285.66,285.88,285.9,286.0,286.49,300,100,100,200,200,400,100,300,100,800,100,100,200,500,100,100,100,100,600,100
9.0,284.99,3700,1053482.0,284.62,284.61,284.0,283.6,283.5,283.2,283.1,283.05,283.02,283.01,284.99,285.0,285.55,285.66,285.88,285.9,286.0,286.49,286.5,286.59,100,300,100,100,200,200,100,400,100,100,100,600,100,100,100,100,600,100,300,100
10.0,284.8,5000,1423610.0,284.59,284.0,283.6,283.5,283.2,283.1,283.05,283.02,283.01,283.0,285.0,285.55,285.66,285.88,285.9,286.0,286.49,286.5,286.59,286.79,500,100,100,200,200,100,400,100,100,300,600,100,100,100,100,700,100,300,100,100
11.0,284.59,5300,1508987.0,284.59,284.0,283.6,283.5,283.2,283.1,283.05,283.02,283.01,283.0,284.6,284.61,284.8,284.84,284.85,285.0,285.55,285.66,285.88,285.9,200,100,100,200,200,100,400,100,100,300,100,100,100,300,100,500,100,100,100,100
12.0,284.55,6800,1935877.0,284.0,283.6,283.5,283.2,283.1,283.05,283.02,283.01,283.0,282.02,284.56,284.58,284.59,284.8,284.84,284.85,285.0,285.55,285.66,285.88,100,100,300,200,100,400,100,100,300,100,200,100,300,200,300,100,300,100,100,100
13.0,284.61,7800,2220529.0,284.61,284.6,284.56,284.37,284.0,283.9,283.6,283.5,283.2,283.1,285.0,285.55,285.66,285.88,285.9,285.99,286.0,286.49,286.5,286.59,200,400,300,100,100,100,100,300,200,100,300,100,100,100,100,100,700,100,300,100
14.0,285.55,8500,2420061.0,285.55,285.0,284.87,284.85,284.84,284.76,284.62,284.61,284.6,284.19,285.66,285.88,285.9,285.99,286.0,286.49,286.5,286.59,286.79,286.89,500,4900,300,100,1400,400,1200,500,100,100,100,100,100,100,700,100,300,100,100,100
15.0,286.0,9400,2677369.0,285.9,285.66,285.55,285.43,285.02,285.0,284.87,284.84,284.76,284.62,286.0,286.49,286.5,286.59,286.79,286.89,286.93,286.99,287.0,287.26,300,100,500,200,100,4900,300,300,400,400,400,100,300,100,100,100,100,200,900,100
16.0,286.0,9700,2763159.0,285.9,285.66,285.55,285.43,285.02,285.0,284.87,284.84,284.76,284.62,286.0,286.49,286.5,286.59,286.79,286.89,286.93,286.99,287.0,287.26,200,200,400,200,100,4400,300,300,400,400,200,100,300,100,100,100,100,200,900,100
17.0,286.01,10500,2991942.0,285.9,285.66,285.43,285.02,285.0,284.87,284.84,284.76,284.62,284.61,286.48,286.49,286.5,286.59,286.79,286.89,286.93,286.99,287.0,287.26,200,200,200,100,1300,200,300,400,100,800,100,100,300,100,100,100,100,200,900,100
18.0,286.01,10500,2991942.0,285.9,285.66,285.43,285.02,285.0,284.87,284.84,284.76,284.62,284.61,285.93,286.0,286.48,286.49,286.5,286.59,286.79,286.89,286.93,286.99,300,200,200,100,1400,200,300,400,100,800,100,100,100,100,300,100,100,100,100,200
19.0,286.01,10500,2991942.0,285.9,285.66,285.43,285.02,285.0,284.87,284.84,284.76,284.62,284.61,286.0,286.48,286.49,286.5,286.59,286.79,286.89,286.93,286.99,287.0,300,200,200,100,1400,200,300,400,100,800,100,100,100,300,100,100,100,100,200,900
20.0,285.9,11400,3249262.0,285.9,285.66,285.02,285.0,284.87,284.84,284.76,284.62,284.61,284.6,286.45,286.46,286.47,286.48,286.49,286.5,286.59,286.79,286.89,286.93,400,100,100,1300,200,300,400,100,800,100,100,500,200,100,100,400,100,100,100,100
21.0,286.41,12100,3449494.0,285.03,285.02,285.0,284.87,284.84,284.76,284.62,284.61,284.6,284.19,285.95,285.96,285.97,286.4,286.41,286.42,286.43,286.44,286.45,286.46,100,100,1300,200,300,400,100,800,100,100,100,100,200,200,400,500,100,400,100,500
22.0,286.41,12100,3449494.0,285.03,285.0,284.87,284.84,284.76,284.62,284.61,284.6,284.19,284.02,285.88,285.89,285.95,285.96,285.97,286.4,286.41,286.42,286.43,286.44,200,1300,200,300,400,100,800,100,100,100,100,200,100,100,200,200,400,500,100,100
23.0,285.88,12200,3478082.0,285.03,285.0,284.87,284.84,284.76,284.62,284.61,284.6,284.19,284.02,285.81,285.82,285.83,285.84,285.85,285.86,285.87,285.89,285.94,285.95,100,1300,200,300,400,100,100,100,100,100,100,400,100,100,300,100,100,200,100,200
24.0,285.88,12200,3478082.0,285.03,285.0,284.87,284.84,284.76,284.62,284.61,284.6,284.19,284.02,285.8,285.81,285.82,285.83,285.84,285.85,285.86,285.87,285.89,285.94,100,1300,200,300,400,100,100,100,100,100,100,200,400,100,200,300,100,200,200,100
25.0,285.88,12200,3478082.0,285.03,285.0,284.87,284.84,284.76,284.61,284.6,284.19,284.02,284.0,285.79,285.8,285.81,285.82,285.83,285.84,285.85,285.86,285.87,285.89,800,1300,200,300,400,100,100,100,100,100,100,200,200,400,100,200,300,100,200,200
26.0,285.0,13600,3877085.0,284.87,284.84,284.76,284.61,284.6,284.19,284.02,284.0,283.9,283.6,285.03,285.79,285.8,285.81,285.82,285.83,285.84,285.85,285.86,285.87,200,300,400,100,100,100,100,100,100,100,200,100,300,100,400,100,100,300,100,100
27.0,285.0,13600,3877085.0,284.87,284.84,284.76,284.61,284.6,284.19,284.02,284.0,283.9,283.6,285.03,285.78,285.79,285.8,285.81,285.82,285.83,285.84,285.85,285.86,200,300,400,100,100,100,100,100,100,100,200,100,100,200,100,400,100,100,300,100
28.0,285.03,13800,3934091.0,285.03,284.87,284.84,284.76,284.61,284.6,284.19,284.02,284.0,283.9,285.74,285.75,285.76,285.77,285.79,285.8,285.81,285.82,285.83,285.84,500,200,300,400,100,100,100,100,100,100,100,200,100,100,100,200,100,400,100,100
29.0,285.03,13800,3934091.0,285.03,284.87,284.84,284.76,284.61,284.6,284.59,284.19,284.02,284.0,285.65,285.66,285.67,285.68,285.69,285.7,285.71,285.72,285.73,285.74,500,200,300,400,100,100,100,100,100,100,100,100,100,100,100,400,100,200,200,200
30.0,284.31,16200,4617249.0,284.23,284.02,284.0,283.9,283.6,283.5,283.2,283.1,283.05,283.02,284.59,284.61,284.62,284.76,284.82,285.03,285.57,285.58,285.59,285.6,500,100,100,100,100,200,200,100,300,100,400,900,100,600,300,100,100,200,200,100
31.0,284.62,17500,4987235.0,284.62,284.61,284.59,284.57,284.42,284.23,284.02,284.0,283.9,283.6,285.0,285.03,285.57,285.58,285.59,285.6,285.61,285.62,285.63,285.64,100,100,600,300,100,100,100,100,100,100,100,200,100,200,100,100,100,100,100,200
32.0,285.77,18000,5129821.0,285.04,285.03,285.01,284.82,284.76,284.64,284.62,284.61,284.59,284.58,285.8,285.83,285.89,285.95,285.96,286.42,286.48,286.49,286.5,286.59,200,100,100,1300,200,100,100,500,4000,200,200,100,100,100,100,100,100,100,300,100
33.0,285.04,18100,5158325.0,285.04,285.03,285.01,284.82,284.64,284.62,284.61,284.59,284.58,284.23,285.8,285.83,285.89,285.95,285.96,286.42,286.48,286.49,286.5,286.59,100,300,100,600,100,100,500,3600,200,100,200,100,100,100,100,100,100,100,300,100
34.0,285.04,18100,5158325.0,285.04,285.03,285.01,284.82,284.64,284.62,284.61,284.59,284.58,284.23,285.7,285.8,285.83,285.89,285.95,285.96,286.42,286.48,286.49,286.5,100,300,100,600,100,100,400,3600,200,100,100,300,100,100,100,100,100,100,100,300
35.0,285.04,18200,5186829.0,285.03,284.82,284.62,284.59,284.58,284.23,284.02,284.0,283.78,283.6,285.55,285.56,285.57,285.58,285.59,285.6,285.61,285.62,285.63,285.64,200,200,100,100,200,100,100,100,100,100,100,200,200,100,100,100,200,200,300,200
36.0,285.03,18400,5243842.0,285.03,284.82,284.62,284.59,284.58,284.23,284.02,284.0,283.78,283.6,285.1,285.53,285.57,285.63,285.69,285.7,285.8,285.83,285.85,285.89,100,200,100,100,200,100,100,100,100,100,100,300,100,100,100,100,300,100,200,100
37.0,285.03,18400,5243842.0,285.03,284.82,284.62,284.59,284.58,284.23,284.02,284.0,283.78,283.6,285.1,285.53,285.57,285.63,285.69,285.7,285.8,285.83,285.85,285.89,100,200,100,100,200,100,100,100,100,100,100,300,100,100,100,100,300,100,200,100
38.0,285.03,18600,5300855.0,284.83,284.82,284.59,284.23,284.02,284.0,283.78,283.6,283.5,283.2,285.03,285.51,285.53,285.57,285.63,285.69,285.7,285.8,285.83,285.85,100,200,100,100,100,100,100,100,200,200,100,100,300,100,100,100,100,300,100,200
39.0,285.03,18700,5329358.0,284.83,284.82,284.59,284.23,284.02,284.0,283.78,283.6,283.5,283.2,285.51,285.53,285.57,285.63,285.69,285.7,285.8,285.83,285.85,285.89,200,200,100,100,100,100,100,100,200,200,100,300,100,100,100,100,300,100,200,100
40.0,285.03,18700,5329358.0,284.83,284.82,284.59,284.23,284.02,284.0,283.78,283.6,283.5,283.2,285.51,285.53,285.57,285.63,285.69,285.7,285.8,285.83,285.85,285.89,200,200,100,100,100,100,100,100,200,200,100,300,100,100,100,100,300,100,200,100
41.0,284.83,18900,5386324.0,284.82,284.59,284.23,284.02,284.0,283.78,283.6,283.5,283.2,283.1,285.03,285.53,285.57,285.63,285.69,285.7,285.8,285.83,285.89,285.95,200,100,100,100,100,100,100,200,200,100,100,300,100,100,100,100,300,100,100,100
42.0,284.83,18900,5386324.0,284.82,284.59,284.23,284.02,284.0,283.78,283.6,283.5,283.2,283.1,285.03,285.53,285.57,285.63,285.69,285.7,285.8,285.83,285.89,285.95,200,100,100,100,100,100,100,200,200,100,100,300,100,100,100,100,300,100,100,100
43.0,285.03,19000,5414827.0,284.82,284.59,284.23,284.02,284.0,283.78,283.6,283.5,283.2,283.1,285.5,285.53,285.57,285.63,285.69,285.7,285.8,285.83,285.89,285.95,200,100,100,100,100,100,100,200,200,100,100,300,100,100,100,100,300,100,100,100
44.0,285.03,19000,5414827.0,285.23,285.03,284.89,284.82,284.59,284.23,284.02,284.0,283.78,283.6,285.5,285.53,285.7,285.8,285.83,285.89,285.95,285.96,286.4,286.42,400,200,200,200,100,100,100,100,100,100,100,300,100,300,100,100,100,100,100,100
45.0,285.5,19100,5443377.0,285.53,285.52,285.51,285.23,285.08,285.05,285.03,284.89,284.82,284.59,285.7,285.8,285.95,286.0,286.4,286.42,286.48,286.49,286.5,286.59,200,100,100,400,100,100,200,200,200,100,100,300,100,100,100,100,100,100,300,100
46.0,285.53,19600,5586240.0,285.53,285.52,285.51,285.08,285.05,285.03,284.89,284.83,284.82,284.59,285.95,286.0,286.4,286.42,286.48,286.49,286.5,286.59,286.61,286.79,100,100,100,200,100,200,200,100,200,100,100,100,100,100,100,100,300,100,100,100
47.0,286.0,19800,5643435.0,285.53,285.52,285.51,285.1,285.08,285.05,285.03,284.83,284.82,284.59,286.4,286.48,286.49,286.5,286.59,286.61,286.79,286.89,286.93,286.99,100,100,100,100,200,100,100,100,200,100,100,100,100,300,100,100,100,100,100,200
48.0,285.53,20000,5700541.0,285.53,285.52,285.51,285.1,285.08,285.05,285.03,284.83,284.82,284.59,286.4,286.49,286.5,286.59,286.61,286.79,286.89,286.93,286.99,287.0,100,100,100,100,200,100,100,100,200,100,100,100,300,100,100,100,100,100,200,900
49.0,285.53,20100,5729094.0,285.52,285.51,285.1,285.08,285.05,285.03,285.0,284.83,284.82,284.59,286.4,286.49,286.5,286.59,286.61,286.79,286.89,286.93,286.99,287.0,100,100,100,200,100,100,100,100,200,100,100,100,300,100,100,100,100,100,200,900
50.0,285.53,20400,5814753.0,285.53,285.52,285.51,285.24,285.1,285.08,285.05,285.03,285.0,284.83,286.4,286.49,286.5,286.59,286.61,286.79,286.89,286.93,286.99,287.0,200,100,100,100,100,100,100,100,100,100,100,100,300,100,100,100,100,100,200,900
51.0,285.53,20400,5814753.0,285.54,285.53,285.52,285.51,285.24,285.1,285.05,285.03,285.0,284.83,286.38,286.4,286.49,286.5,286.59,286.61,286.79,286.89,286.93,286.99,100,300,100,100,100,100,100,300,100,100,100,100,100,300,100,100,100,100,100,200
52.0,285.53,20400,5814753.0,285.54,285.53,285.52,285.51,285.24,285.1,285.05,285.03,285.0,284.83,286.38,286.4,286.49,286.5,286.59,286.61,286.79,286.89,286.93,286.99,200,300,100,100,100,100,100,300,100,100,100,100,100,300,100,100,100,100,100,200
53.0,285.54,20600,5871861.0,285.54,285.53,285.52,285.51,285.24,285.1,285.05,285.03,285.0,284.83,286.38,286.4,286.49,286.5,286.59,286.61,286.79,286.89,286.93,286.99,100,300,100,100,100,100,100,300,100,100,300,100,100,300,100,100,100,100,100,200
54.0,285.54,20600,5871861.0,285.54,285.53,285.52,285.51,285.24,285.1,285.05,285.03,285.0,284.83,286.38,286.4,286.49,286.5,286.59,286.61,286.79,286.89,286.93,286.99,200,400,100,100,100,100,100,300,100,100,300,100,100,300,100,100,100,100,100,200
55.0,285.54,20700,5900415.0,285.54,285.53,285.52,285.51,285.24,285.1,285.05,285.03,285.0,284.83,286.38,286.4,286.49,286.5,286.59,286.61,286.79,286.89,286.93,286.99,100,300,100,100,100,100,100,300,100,100,300,100,100,300,100,100,100,100,100,200
56.0,285.54,21100,6014712.0,285.54,285.53,285.52,285.51,285.24,285.1,285.05,285.03,285.0,284.83,286.35,286.37,286.38,286.4,286.49,286.5,286.59,286.61,286.79,286.89,100,400,100,100,100,100,100,300,100,100,200,300,300,100,100,300,100,100,100,100
57.0,286.37,21400,6100619.0,285.55,285.54,285.53,285.52,285.51,285.24,285.1,285.05,285.03,285.0,286.37,286.38,286.4,286.49,286.5,286.59,286.61,286.79,286.89,286.93,100,300,300,100,100,100,100,100,300,100,200,300,100,100,300,100,100,100,100,100
58.0,285.68,21500,6129187.0,286.14,285.68,285.55,285.54,285.53,285.51,285.24,285.1,285.03,285.0,286.37,286.38,286.4,286.49,286.5,286.59,286.61,286.79,286.89,286.93,100,100,100,300,300,100,100,100,300,100,200,300,100,100,300,100,100,100,100,100
59.0,286.14,21700,6186438.0,285.82,285.68,285.55,285.54,285.53,285.51,285.46,285.24,285.1,285.03,286.37,286.38,286.4,286.49,286.5,286.59,286.61,286.79,286.89,286.93,200,100,100,400,300,100,100,100,100,300,100,300,100,100,300,100,100,100,100,100
60.0,285.82,21900,6243602.0,285.82,285.68,285.55,285.54,285.53,285.51,285.46,285.24,285.1,285.04,286.36,286.37,286.38,286.4,286.49,286.5,286.59,286.61,286.79,286.89,100,100,100,400,200,100,100,100,100,300,100,100,300,100,100,300,100,100,100,100
61.0,285.82,21900,6243602.0,286.07,285.82,285.68,285.55,285.54,285.53,285.51,285.46,285.24,285.1,286.36,286.37,286.38,286.4,286.49,286.5,286.59,286.61,286.79,286.89,400,100,100,100,400,200,100,100,100,100,200,100,300,100,100,300,100,100,100,100
62.0,286.07,22000,6272209.0,286.07,286.02,285.83,285.82,285.68,285.54,285.53,285.51,285.46,285.24,286.33,286.34,286.35,286.36,286.37,286.38,286.4,286.49,286.5,286.59,300,200,100,100,100,300,200,100,100,100,100,100,200,400,100,300,100,100,300,100
63.0,286.07,22100,6300816.0,286.07,286.02,285.83,285.82,285.54,285.53,285.51,285.46,285.24,285.1,286.33,286.34,286.35,286.36,286.37,286.38,286.4,286.49,286.5,286.59,200,200,100,100,300,200,100,100,100,100,100,100,200,400,100,300,100,100,300,100
64.0,286.36,22500,6415356.0,286.07,286.02,285.83,285.82,285.55,285.54,285.53,285.51,285.46,285.24,286.36,286.37,286.38,286.4,286.49,286.5,286.59,286.61,286.79,286.89,300,200,100,100,200,300,200,100,100,100,400,100,300,100,100,300,100,100,100,100
65.0,286.02,22900,6529779.0,286.02,285.83,285.82,285.55,285.54,285.53,285.51,285.46,285.24,285.1,286.35,286.36,286.37,286.38,286.4,286.49,286.5,286.59,286.61,286.79,100,100,100,200,200,200,100,100,100,100,200,400,100,300,100,100,300,100,100,100
66.0,286.35,23000,6558414.0,286.02,285.83,285.82,285.55,285.54,285.53,285.51,285.46,285.24,285.1,286.34,286.35,286.36,286.37,286.38,286.4,286.49,286.5,286.59,286.61,100,100,100,200,200,200,100,100,100,100,100,200,400,100,300,100,100,300,100,100
67.0,286.02,23100,6587016.0,285.83,285.82,285.55,285.54,285.53,285.51,285.46,285.24,285.1,285.03,286.07,286.34,286.35,286.36,286.37,286.38,286.4,286.49,286.5,286.59,100,100,200,200,200,100,100,100,100,300,200,100,200,400,100,300,100,100,300,100
68.0,286.02,23400,6672820.0,285.83,285.82,285.55,285.54,285.53,285.51,285.46,285.1,285.03,285.0,286.07,286.34,286.35,286.36,286.37,286.38,286.4,286.49,286.5,286.59,100,100,200,200,200,100,100,100,300,100,200,100,200,200,100,300,100,100,300,100
69.0,286.28,24300,6930347.0,285.83,285.82,285.55,285.54,285.53,285.51,285.46,285.1,285.03,285.0,286.26,286.28,286.34,286.35,286.36,286.37,286.38,286.4,286.49,286.5,200,100,200,200,200,100,100,100,300,100,100,100,100,100,200,100,400,100,100,300
70.0,286.28,24300,6930347.0,285.83,285.82,285.55,285.54,285.53,285.51,285.46,285.1,285.03,285.0,286.02,286.07,286.26,286.28,286.34,286.35,286.36,286.37,286.38,286.4,200,100,200,200,200,100,100,100,300,200,100,100,100,100,100,100,200,100,400,100
71.0,286.07,24500,6987556.0,286.02,285.83,285.82,285.55,285.54,285.53,285.51,285.46,285.1,285.03,286.28,286.34,286.35,286.36,286.37,286.38,286.4,286.49,286.5,286.59,400,200,100,200,200,200,100,100,100,300,100,100,100,200,100,400,100,100,300,100
72.0,286.28,24600,7016184.0,286.02,285.83,285.82,285.55,285.54,285.53,285.51,285.46,285.1,285.03,286.35,286.36,286.38,286.4,286.49,286.5,286.59,286.61,286.79,286.88,500,300,100,200,200,200,100,100,100,300,100,200,200,100,100,300,100,100,100,100
73.0,286.02,24800,7073388.0,286.02,285.83,285.82,285.55,285.54,285.53,285.51,285.46,285.1,285.03,286.35,286.36,286.38,286.4,286.49,286.5,286.59,286.61,286.79,286.88,300,300,100,200,200,100,100,100,100,300,100,200,200,100,100,200,100,100,100,100
74.0,285.83,25700,7330804.0,285.83,285.82,285.55,285.54,285.53,285.51,285.46,285.1,285.03,285.0,286.3,286.34,286.36,286.38,286.4,286.49,286.5,286.59,286.61,286.79,200,100,200,200,100,100,100,100,300,200,100,100,200,200,100,100,200,100,100,100
75.0,286.26,25800,7359430.0,285.83,285.82,285.55,285.54,285.53,285.51,285.46,285.1,285.03,285.0,286.25,286.29,286.3,286.34,286.36,286.38,286.4,286.49,286.5,286.59,300,100,200,200,100,100,100,100,300,200,100,100,100,100,200,200,100,100,200,100
76.0,286.26,25800,7359430.0,285.83,285.82,285.55,285.54,285.53,285.51,285.46,285.1,285.03,285.0,286.22,286.23,286.24,286.25,286.29,286.3,286.34,286.36,286.38,286.4,300,100,200,200,100,100,100,100,300,200,100,100,100,100,100,100,100,200,200,300
77.0,285.83,25900,7388013.0,285.83,285.82,285.55,285.54,285.53,285.51,285.46,285.1,285.03,285.0,286.21,286.22,286.23,286.25,286.29,286.3,286.34,286.36,286.38,286.4,200,100,200,200,100,100,100,100,200,100,100,100,100,100,100,100,100,200,200,300
78.0,286.21,26000,7416634.0,285.83,285.82,285.55,285.54,285.53,285.51,285.46,285.1,285.03,285.0,286.22,286.23,286.25,286.29,286.3,286.34,286.36,286.38,286.39,286.4,200,100,200,200,100,100,100,100,200,100,100,100,100,100,100,200,200,200,100,300
79.0,285.83,26100,7445217.0,285.83,285.82,285.55,285.54,285.53,285.51,285.46,285.1,285.03,285.0,285.97,286.22,286.23,286.25,286.29,286.3,286.33,286.34,286.36,286.38,100,100,200,200,100,100,100,100,200,100,2700,100,100,100,100,100,200,200,200,200
80.0,285.97,28800,8217336.0,285.89,285.83,285.82,285.55,285.54,285.53,285.51,285.46,285.1,285.03,286.22,286.25,286.3,286.33,286.34,286.36,286.38,286.39,286.4,286.49,100,100,100,200,200,100,100,100,100,200,300,100,100,200,200,200,200,100,300,100
81.0,285.89,28900,8245925.0,285.84,285.83,285.82,285.55,285.54,285.53,285.51,285.46,285.1,285.03,286.22,286.25,286.3,286.33,286.34,286.36,286.38,286.39,286.4,286.49,100,100,100,200,100,100,100,100,100,200,300,100,100,200,200,200,200,100,100,100
82.0,285.89,28900,8245925.0,285.84,285.83,285.82,285.55,285.54,285.53,285.51,285.46,285.1,285.03,286.21,286.22,286.25,286.3,286.33,286.34,286.36,286.38,286.39,286.4,200,100,100,200,100,100,100,100,100,200,100,300,100,100,200,200,200,200,100,100
83.0,286.21,29200,8331784.0,285.99,285.84,285.83,285.82,285.55,285.54,285.53,285.51,285.46,285.1,286.22,286.25,286.28,286.3,286.33,286.34,286.36,286.38,286.39,286.4,100,300,100,100,200,100,100,100,100,100,300,100,100,100,200,200,200,200,100,100
84.0,286.21,29200,8331784.0,285.99,285.84,285.83,285.82,285.55,285.54,285.53,285.51,285.46,285.1,286.22,286.25,286.28,286.3,286.33,286.34,286.36,286.38,286.39,286.4,100,300,100,100,200,100,100,100,100,100,300,100,100,100,200,200,200,200,100,100
85.0,286.21,29200,8331784.0,285.99,285.84,285.83,285.82,285.55,285.54,285.53,285.51,285.46,285.1,286.07,286.22,286.25,286.28,286.3,286.33,286.34,286.36,286.38,286.39,100,300,100,100,200,100,100,100,100,100,100,300,100,100,100,200,200,200,200,100
86.0,286.07,29300,8360391.0,286.07,285.99,285.84,285.83,285.82,285.55,285.54,285.53,285.51,285.46,286.22,286.25,286.27,286.28,286.3,286.33,286.34,286.36,286.38,286.39,100,100,300,100,100,200,100,100,100,100,300,100,100,100,100,200,200,100,200,100
87.0,285.84,29900,8531957.0,285.83,285.82,285.55,285.54,285.53,285.51,285.46,285.1,285.03,285.0,286.22,286.25,286.27,286.28,286.3,286.33,286.34,286.36,286.38,286.39,100,100,200,100,100,100,100,100,200,100,400,100,100,100,100,200,200,100,200,100
88.0,285.84,29900,8531957.0,285.83,285.82,285.55,285.54,285.53,285.51,285.46,285.1,285.03,285.0,286.22,286.25,286.27,286.28,286.3,286.33,286.34,286.36,286.38,286.39,100,100,200,100,100,100,100,100,200,100,400,100,100,100,100,200,200,100,200,100
89.0,285.83,30000,8560540.0,285.83,285.82,285.55,285.54,285.53,285.51,285.46,285.1,285.03,285.0,286.22,286.25,286.27,286.28,286.3,286.33,286.34,286.36,286.38,286.39,100,100,200,100,100,100,100,100,200,100,400,100,100,100,100,200,200,100,200,100
90.0,285.83,30000,8560540.0,285.83,285.82,285.55,285.54,285.53,285.51,285.46,285.1,285.03,285.0,286.22,286.25,286.27,286.28,286.3,286.33,286.34,286.36,286.38,286.39,100,100,200,100,100,100,100,100,200,100,400,100,100,100,100,200,200,100,200,100
91.0,285.83,30000,8560540.0,285.83,285.82,285.55,285.54,285.53,285.51,285.46,285.1,285.03,285.0,286.22,286.25,286.27,286.28,286.3,286.33,286.34,286.36,286.38,286.39,100,100,200,100,100,100,100,100,200,100,400,100,100,100,100,200,100,100,200,100
92.0,285.83,30000,8560540.0,285.83,285.82,285.55,285.54,285.53,285.51,285.46,285.1,285.03,285.0,286.22,286.25,286.27,286.28,286.3,286.33,286.34,286.36,286.38,286.39,100,100,200,100,100,100,100,100,200,100,400,100,100,100,100,200,100,100,200,100
93.0,286.22,30300,8646406.0,285.84,285.83,285.82,285.55,285.54,285.53,285.51,285.46,285.1,285.03,286.22,286.27,286.28,286.3,286.33,286.34,286.36,286.38,286.39,286.4,300,300,100,200,100,100,100,100,100,200,100,100,100,100,200,100,100,200,100,100
94.0,286.22,30400,8675028.0,285.85,285.84,285.83,285.82,285.55,285.54,285.53,285.51,285.1,285.03,286.22,286.27,286.28,286.3,286.33,286.34,286.36,286.38,286.39,286.4,200,300,300,100,200,100,100,100,100,200,300,100,100,100,200,100,100,200,100,100
95.0,285.85,30500,8703613.0,285.86,285.85,285.84,285.83,285.82,285.55,285.54,285.53,285.51,285.1,286.22,286.27,286.28,286.3,286.33,286.34,286.36,286.38,286.39,286.4,100,100,300,300,100,200,100,100,100,100,400,100,100,100,200,100,100,200,100,100
96.0,285.85,30500,8703613.0,285.86,285.85,285.84,285.83,285.82,285.55,285.54,285.53,285.51,285.1,286.22,286.27,286.28,286.3,286.33,286.34,286.36,286.38,286.39,286.4,100,100,300,300,100,200,100,100,100,100,400,100,100,100,200,100,100,200,100,100
97.0,286.22,30600,8732235.0,285.86,285.85,285.84,285.83,285.82,285.55,285.54,285.53,285.51,285.1,286.22,286.27,286.28,286.3,286.34,286.36,286.38,286.39,286.4,286.49,200,100,300,300,100,200,100,100,100,100,300,100,100,100,100,100,200,100,100,100
98.0,286.22,30600,8732235.0,285.86,285.85,285.84,285.83,285.82,285.55,285.54,285.53,285.51,285.1,286.21,286.22,286.27,286.28,286.3,286.34,286.36,286.38,286.39,286.4,200,100,300,400,100,200,100,100,100,100,100,300,100,100,100,100,100,200,100,100
99.0,286.22,30600,8732235.0,285.86,285.85,285.84,285.83,285.82,285.55,285.54,285.53,285.51,285.1,286.21,286.22,286.27,286.28,286.3,286.34,286.36,286.38,286.39,286.4,200,100,300,400,100,200,100,100,100,100,100,400,100,100,100,100,100,200,100,100
100.0,286.22,30600,8732235.0,285.86,285.85,285.84,285.83,285.82,285.55,285.54,285.53,285.51,285.1,286.21,286.22,286.27,286.28,286.3,286.34,286.36,286.38,286.39,286.49,200,100,300,400,100,200,100,100,100,100,100,400,100,100,100,100,100,200,100,100
101.0,286.22,30600,8732235.0,285.86,285.85,285.84,285.83,285.82,285.55,285.54,285.53,285.51,285.03,286.21,286.22,286.27,286.28,286.3,286.34,286.36,286.38,286.39,286.49,200,100,300,400,100,200,100,100,100,200,300,400,100,100,100,100,100,200,100,100
102.0,286.22,30600,8732235.0,285.86,285.85,285.84,285.83,285.82,285.55,285.54,285.53,285.51,285.03,286.21,286.22,286.27,286.28,286.3,286.34,286.36,286.38,286.39,286.49,200,100,300,400,100,200,100,100,100,200,300,400,100,100,100,100,100,200,100,100
103.0,285.87,30700,8760822.0,285.87,285.86,285.85,285.84,285.83,285.55,285.54,285.53,285.51,285.03,286.2,286.21,286.22,286.27,286.28,286.3,286.34,286.36,286.38,286.39,100,200,100,300,400,200,100,100,100,200,100,300,400,100,100,100,100,100,200,100
104.0,286.21,31400,8961169.0,285.87,285.86,285.85,285.84,285.83,285.55,285.54,285.53,285.03,285.0,286.22,286.27,286.28,286.3,286.34,286.36,286.38,286.39,286.49,286.5,200,200,100,300,400,200,100,100,200,100,300,100,100,100,100,100,200,100,100,200
105.0,286.22,31500,8989791.0,285.87,285.86,285.85,285.84,285.83,285.55,285.54,285.53,285.03,285.0,286.21,286.22,286.27,286.28,286.3,286.34,286.36,286.38,286.39,286.49,200,200,100,300,400,200,100,100,200,100,100,200,100,100,100,100,100,100,100,100
106.0,285.87,31700,9046965.0,285.86,285.85,285.84,285.83,285.55,285.54,285.53,285.03,285.0,284.82,286.21,286.22,286.27,286.28,286.3,286.34,286.36,286.38,286.39,286.49,200,100,300,400,200,100,100,200,100,200,300,200,100,100,100,100,100,100,100,100
107.0,285.87,31700,9046965.0,285.87,285.86,285.85,285.84,285.83,285.55,285.54,285.53,285.03,285.0,286.21,286.22,286.27,286.28,286.3,286.34,286.36,286.38,286.39,286.49,100,200,100,300,400,200,100,100,200,100,300,200,100,100,100,100,100,100,100,100
108.0,285.87,31700,9046965.0,285.87,285.86,285.84,285.83,285.55,285.54,285.53,285.03,285.0,284.82,286.15,286.18,286.21,286.22,286.27,286.28,286.3,286.34,286.36,286.38,100,200,300,400,200,100,100,200,100,200,100,100,300,200,100,100,100,100,100,100
109.0,285.87,31700,9046965.0,285.87,285.86,285.84,285.83,285.55,285.54,285.53,285.5,285.03,285.0,286.15,286.18,286.21,286.22,286.27,286.28,286.3,286.34,286.36,286.38,100,200,300,400,200,100,100,200,200,100,100,100,300,200,100,100,100,100,100,100
110.0,285.87,31700,9046965.0,285.87,285.86,285.84,285.83,285.55,285.54,285.53,285.5,285.03,285.0,286.15,286.18,286.21,286.22,286.27,286.28,286.3,286.34,286.36,286.38,100,200,300,400,200,100,100,200,200,100,100,100,300,300,100,100,100,100,100,100
111.0,286.18,31900,9104198.0,285.88,285.87,285.86,285.84,285.83,285.55,285.54,285.53,285.5,285.03,286.21,286.22,286.27,286.28,286.3,286.34,286.36,286.38,286.39,286.49,300,100,200,300,300,200,100,100,200,200,300,300,100,100,100,100,100,100,100,100
112.0,285.88,32000,9132786.0,285.89,285.88,285.87,285.86,285.84,285.83,285.55,285.54,285.53,285.5,286.21,286.22,286.27,286.28,286.3,286.34,286.36,286.38,286.39,286.49,200,300,100,200,300,300,200,100,100,200,300,300,100,100,100,100,100,100,100,100
113.0,285.88,32000,9132786.0,285.89,285.88,285.87,285.86,285.84,285.83,285.55,285.54,285.53,285.5,286.21,286.22,286.27,286.28,286.3,286.34,286.36,286.38,286.39,286.49,200,300,100,100,300,300,200,100,100,200,300,400,100,100,100,100,100,100,100,100
114.0,285.88,32000,9132786.0,285.89,285.88,285.87,285.86,285.84,285.83,285.55,285.54,285.53,285.5,286.21,286.22,286.27,286.28,286.3,286.34,286.36,286.38,286.39,286.49,200,100,100,100,300,300,200,100,100,200,300,400,100,100,100,100,100,100,100,100
115.0,286.21,32100,9161407.0,285.89,285.88,285.87,285.86,285.84,285.83,285.55,285.54,285.53,285.5,286.21,286.22,286.27,286.28,286.3,286.34,286.36,286.38,286.39,286.49,300,100,100,100,300,300,200,100,100,200,300,600,100,100,100,100,100,100,100,100
116.0,286.21,32100,9161407.0,285.89,285.88,285.87,285.86,285.84,285.83,285.55,285.54,285.53,285.5,286.2,286.21,286.22,286.27,286.28,286.3,286.34,286.36,286.38,286.39,300,100,100,100,300,300,200,100,100,200,300,500,600,100,100,100,100,100,100,100
117.0,286.21,32100,9161407.0,285.89,285.88,285.87,285.86,285.84,285.83,285.55,285.54,285.53,285.5,286.14,286.15,286.2,286.21,286.22,286.27,286.28,286.3,286.34,286.36,300,100,100,100,300,300,200,100,100,200,100,100,300,500,600,100,100,100,100,100
118.0,286.21,32100,9161407.0,285.89,285.88,285.87,285.86,285.84,285.83,285.55,285.54,285.53,285.5,286.14,286.15,286.2,286.21,286.22,286.25,286.27,286.28,286.3,286.34,300,100,100,100,300,300,200,100,100,200,100,100,300,500,600,100,100,100,100,100
119.0,286.21,32100,9161407.0,285.89,285.88,285.87,285.86,285.84,285.83,285.55,285.54,285.53,285.5,286.15,286.2,286.21,286.22,286.25,286.27,286.28,286.3,286.34,286.36,300,100,100,100,300,300,200,100,100,200,100,100,500,600,100,100,100,100,100,100
120.0,285.88,32500,9275762.0,285.87,285.86,285.84,285.83,285.55,285.54,285.53,285.5,285.03,285.0,286.15,286.2,286.21,286.22,286.25,286.27,286.28,286.3,286.34,286.36,100,100,300,300,200,100,100,200,200,100,100,200,500,600,100,100,100,100,100,100
121.0,285.88,32500,9275762.0,285.88,285.87,285.86,285.84,285.83,285.55,285.54,285.53,285.5,285.2,286.15,286.2,286.21,286.22,286.25,286.27,286.28,286.3,286.34,286.36,100,100,100,300,300,200,100,100,200,100,100,200,500,600,100,100,100,100,100,100
122.0,285.86,32900,9390110.0,285.84,285.83,285.55,285.54,285.53,285.5,285.2,285.03,285.0,284.82,285.87,286.15,286.2,286.21,286.22,286.25,286.27,286.28,286.3,286.34,500,300,200,100,100,200,100,200,100,200,100,100,300,500,600,100,100,100,100,100
123.0,286.13,33700,9618962.0,286.02,285.89,285.88,285.84,285.83,285.55,285.54,285.53,285.5,285.2,286.13,286.14,286.15,286.2,286.21,286.22,286.25,286.27,286.28,286.3,100,100,100,500,300,200,100,100,200,100,200,1400,100,300,500,600,100,100,100,100
124.0,286.13,33700,9618962.0,286.02,286.0,285.89,285.88,285.84,285.83,285.55,285.54,285.53,285.5,286.14,286.15,286.19,286.2,286.21,286.22,286.25,286.27,286.28,286.3,200,100,100,100,500,300,200,100,100,200,1400,100,100,300,300,800,100,100,100,100
125.0,286.02,33800,9647564.0,286.02,286.0,285.89,285.88,285.84,285.83,285.55,285.54,285.53,285.5,286.14,286.15,286.19,286.2,286.21,286.22,286.25,286.27,286.28,286.3,100,100,100,100,500,300,200,100,100,200,1400,100,100,400,300,800,100,100,100,100
126.0,286.02,34000,9704768.0,286.0,285.89,285.88,285.84,285.83,285.8,285.55,285.54,285.53,285.5,286.02,286.15,286.19,286.2,286.21,286.22,286.25,286.27,286.28,286.3,100,100,100,300,300,100,200,100,100,200,200,100,100,400,300,800,100,100,100,100
127.0,286.02,34000,9704768.0,286.0,285.89,285.88,285.84,285.83,285.8,285.55,285.54,285.53,285.5,286.02,286.15,286.19,286.2,286.21,286.22,286.25,286.27,286.28,286.3,100,100,100,300,300,100,200,100,100,200,200,100,100,400,300,800,100,100,100,100
128.0,286.0,34200,9761970.0,285.89,285.88,285.84,285.83,285.8,285.55,285.54,285.53,285.2,285.03,286.02,286.15,286.19,286.2,286.21,286.22,286.25,286.28,286.3,286.34,400,200,300,300,100,200,100,100,100,200,100,100,100,300,300,800,100,100,100,100
129.0,286.02,34300,9790572.0,285.9,285.89,285.88,285.87,285.84,285.83,285.8,285.55,285.54,285.53,286.15,286.19,286.2,286.21,286.22,286.25,286.28,286.3,286.34,286.36,200,400,200,100,300,300,100,200,100,100,100,100,300,800,800,100,100,100,100,100
130.0,286.02,34500,9847774.0,286.02,285.9,285.89,285.88,285.87,285.84,285.83,285.8,285.55,285.54,286.19,286.2,286.21,286.22,286.25,286.28,286.3,286.34,286.36,286.38,2300,200,400,200,100,300,300,100,200,100,100,300,800,800,100,100,100,100,100,100
131.0,286.2,35500,10133899.0,286.02,285.98,285.9,285.89,285.88,285.87,285.84,285.83,285.8,285.55,286.2,286.21,286.22,286.25,286.28,286.3,286.34,286.36,286.38,286.39,1900,100,200,400,200,100,300,300,100,200,100,800,800,100,100,100,100,100,100,100
132.0,286.02,35800,10219705.0,286.03,286.02,285.98,285.9,285.89,285.88,285.87,285.84,285.83,285.8,286.2,286.21,286.22,286.25,286.28,286.3,286.34,286.36,286.38,286.39,100,1600,100,200,400,100,100,300,300,100,100,800,800,100,100,100,100,100,100,100
133.0,286.02,35800,10219705.0,286.03,286.02,285.98,285.9,285.89,285.88,285.87,285.84,285.83,285.8,286.2,286.21,286.22,286.25,286.28,286.3,286.34,286.36,286.38,286.39,100,1600,100,200,400,100,100,300,300,100,100,800,800,100,100,100,100,100,100,100
134.0,286.02,36600,10448537.0,286.03,286.02,285.9,285.89,285.88,285.87,285.84,285.83,285.8,285.55,286.2,286.21,286.22,286.25,286.28,286.3,286.34,286.36,286.38,286.39,100,1100,200,400,100,100,300,300,100,200,100,800,800,100,100,100,100,100,100,100
135.0,286.02,36600,10448537.0,286.03,286.02,285.9,285.89,285.88,285.87,285.84,285.83,285.8,285.55,286.2,286.21,286.22,286.25,286.28,286.3,286.34,286.36,286.38,286.39,100,1100,200,400,100,100,300,300,100,200,100,800,800,100,100,100,100,100,100,100
136.0,286.2,36700,10477157.0,286.1,286.03,286.02,285.9,285.89,285.88,285.87,285.84,285.83,285.8,286.21,286.22,286.25,286.28,286.3,286.34,286.36,286.38,286.39,286.41,2400,100,1100,200,400,100,100,300,300,100,800,800,100,100,100,100,100,100,100,100
137.0,286.79,39700,11336118.0,286.52,286.51,286.5,286.49,286.31,286.28,286.25,286.21,286.2,286.14,286.88,286.89,286.93,287.0,287.01,287.26,287.3,287.85,287.86,287.98,300,100,100,200,200,100,100,300,4800,100,100,100,100,1200,100,100,100,100,100,100
138.0,286.53,39900,11393423.0,286.52,286.51,286.5,286.49,286.31,286.28,286.25,286.21,286.2,286.14,286.88,286.89,286.93,287.0,287.01,287.26,287.3,287.85,287.86,287.98,200,100,100,200,200,100,100,700,4800,100,100,100,100,1200,100,100,100,100,100,100
139.0,286.53,39900,11393423.0,286.53,286.52,286.51,286.5,286.49,286.31,286.28,286.25,286.21,286.2,286.88,286.89,286.93,287.0,287.01,287.26,287.3,287.85,287.86,287.98,200,200,100,100,200,100,100,100,700,4800,100,100,100,1200,100,100,100,100,100,100
140.0,286.52,40200,11479381.0,286.53,286.52,286.51,286.5,286.49,286.31,286.28,286.25,286.21,286.2,286.87,286.88,286.89,286.93,287.0,287.01,287.26,287.3,287.85,287.86,100,100,100,100,200,100,100,100,400,800,200,700,100,100,1200,100,100,100,100,100
141.0,286.52,40200,11479381.0,286.53,286.52,286.51,286.5,286.49,286.31,286.28,286.25,286.21,286.2,286.87,286.88,286.89,286.93,287.0,287.01,287.26,287.3,287.85,287.86,100,100,100,100,200,100,100,100,400,800,200,700,100,100,1200,100,100,100,100,100
142.0,286.88,40600,11594131.0,286.53,286.52,286.51,286.5,286.49,286.31,286.25,286.21,286.2,286.12,286.88,286.89,286.93,287.0,287.01,287.26,287.3,287.85,287.86,287.98,200,100,100,100,200,100,100,100,800,100,500,100,100,1200,100,100,100,100,100,100
143.0,286.88,40800,11651507.0,286.53,286.52,286.51,286.5,286.49,286.31,286.25,286.21,286.2,286.12,286.88,286.89,286.93,287.0,287.01,287.26,287.3,287.85,287.86,287.98,200,100,100,100,200,100,100,100,700,100,300,100,100,1200,100,100,100,100,100,100
144.0,286.88,40800,11651507.0,286.53,286.52,286.51,286.5,286.49,286.31,286.25,286.21,286.2,286.12,286.88,286.89,286.93,287.0,287.01,287.26,287.3,287.85,287.86,287.98,300,100,100,100,200,100,100,100,700,100,300,100,100,1200,100,100,100,100,100,100
145.0,286.88,41000,11708872.0,286.53,286.52,286.51,286.5,286.49,286.31,286.25,286.21,286.2,286.12,286.88,286.89,286.93,287.0,287.01,287.26,287.3,287.85,287.86,287.98,300,100,100,100,200,100,100,100,700,100,200,100,100,1200,100,100,100,100,100,100
146.0,286.88,41000,11708872.0,286.77,286.53,286.52,286.51,286.5,286.49,286.31,286.25,286.21,286.2,286.83,286.88,286.89,286.93,287.0,287.01,287.26,287.3,287.85,287.86,100,300,100,100,100,200,100,100,100,700,100,200,100,100,1200,100,100,100,100,100
147.0,286.77,41500,11852263.0,286.53,286.52,286.5,286.49,286.31,286.25,286.21,286.2,286.12,286.11,286.88,286.89,286.93,287.0,287.01,287.26,287.3,287.85,287.86,287.98,300,100,100,200,100,100,100,700,100,800,300,100,100,1200,100,100,100,100,100,100
148.0,286.77,41500,11852263.0,286.53,286.52,286.5,286.49,286.31,286.25,286.21,286.2,286.12,286.11,286.88,286.89,286.93,287.0,287.01,287.26,287.3,287.85,287.86,287.98,300,100,100,200,100,100,100,700,100,800,300,100,100,1200,100,100,100,100,100,100
149.0,286.77,41500,11852263.0,286.53,286.52,286.5,286.49,286.31,286.25,286.21,286.2,286.12,286.11,286.88,286.89,286.93,287.0,287.01,287.26,287.3,287.85,287.86,287.98,300,100,100,200,100,100,100,700,100,800,300,100,100,1200,100,100,100,100,100,100
150.0,286.77,41500,11852263.0,286.53,286.52,286.5,286.49,286.31,286.25,286.21,286.2,286.12,286.11,286.88,286.89,286.93,287.0,287.01,287.26,287.3,287.85,287.86,287.98,300,100,100,200,100,100,100,700,100,800,300,100,100,1200,100,100,100,100,100,100
151.0,286.77,41500,11852263.0,286.53,286.52,286.5,286.49,286.31,286.25,286.21,286.2,286.12,286.11,286.88,286.89,286.93,287.0,287.01,287.26,287.3,287.85,287.86,287.98,300,100,100,200,100,100,100,700,100,800,300,100,100,1200,100,100,100,100,100,100
152.0,286.77,41700,11909593.0,286.53,286.5,286.49,286.31,286.25,286.21,286.2,286.11,286.1,286.03,286.87,286.88,286.89,286.93,287.0,287.01,287.26,287.3,287.85,287.86,200,100,200,100,100,100,700,800,2400,100,300,300,100,100,1200,100,100,100,100,100
153.0,286.77,41700,11909593.0,286.77,286.53,286.5,286.49,286.31,286.25,286.21,286.2,286.11,286.1,286.87,286.88,286.89,286.93,286.99,287.0,287.01,287.26,287.3,287.85,100,400,100,200,100,100,100,700,800,2400,300,300,100,100,100,1200,100,100,100,100
154.0,286.77,41700,11909593.0,286.77,286.53,286.5,286.49,286.31,286.25,286.21,286.2,286.11,286.1,286.87,286.88,286.89,286.93,286.99,287.0,287.01,287.26,287.3,287.85,100,500,100,200,100,100,100,700,800,2400,300,300,100,100,100,1100,100,100,100,100
155.0,286.53,42000,11995610.0,286.53,286.5,286.49,286.31,286.25,286.21,286.2,286.11,286.1,286.03,286.87,286.88,286.89,286.93,286.99,287.0,287.01,287.26,287.3,287.85,400,100,200,100,100,100,700,800,2400,100,300,300,100,100,100,1100,100,100,100,100
156.0,286.87,42200,12052984.0,286.53,286.5,286.49,286.31,286.25,286.21,286.2,286.11,286.1,286.03,286.87,286.88,286.89,286.93,286.99,287.0,287.01,287.26,287.3,287.85,400,100,200,100,100,100,700,800,2400,100,100,300,100,100,100,1100,100,100,100,100
157.0,286.86,42300,12081670.0,286.53,286.5,286.49,286.31,286.25,286.21,286.2,286.11,286.1,286.03,286.87,286.88,286.89,286.93,286.99,287.0,287.01,287.26,287.3,287.85,400,100,200,100,100,100,700,800,2400,100,100,300,100,100,100,1100,100,100,100,100
158.0,286.87,42400,12110357.0,286.87,286.53,286.5,286.49,286.31,286.25,286.21,286.2,286.11,286.1,286.88,286.89,286.92,286.93,286.99,287.0,287.01,287.26,287.3,287.85,100,400,100,200,100,100,100,700,800,2400,300,100,200,100,100,1100,100,100,100,100
159.0,286.87,42400,12110357.0,286.87,286.53,286.5,286.49,286.31,286.25,286.21,286.2,286.11,286.1,286.88,286.89,286.92,286.93,286.99,287.0,287.01,287.26,287.3,287.85,100,400,100,200,100,100,100,700,800,2400,300,100,200,100,100,1100,100,100,100,100
160.0,286.87,42500,12139044.0,286.87,286.53,286.5,286.49,286.31,286.25,286.21,286.2,286.11,286.1,286.88,286.89,286.92,286.93,286.99,287.0,287.01,287.26,287.3,287.85,100,500,100,200,100,100,100,700,800,2400,300,100,200,100,100,1100,100,100,100,100
161.0,286.87,42600,12167731.0,286.87,286.53,286.5,286.49,286.31,286.25,286.21,286.2,286.11,286.1,286.88,286.89,286.92,286.93,286.99,287.0,287.01,287.26,287.3,287.85,200,600,100,200,100,100,100,700,800,2400,300,100,200,200,100,1100,100,100,100,100
162.0,286.87,42600,12167731.0,286.87,286.53,286.5,286.49,286.31,286.25,286.21,286.2,286.11,286.1,286.88,286.89,286.92,286.93,286.99,287.0,287.01,287.26,287.3,287.85,200,600,100,200,100,100,100,700,800,2400,300,100,200,200,100,1100,100,100,100,100
163.0,286.87,42800,12225105.0,286.53,286.5,286.49,286.31,286.25,286.21,286.2,286.11,286.1,286.03,286.8,286.88,286.89,286.92,286.93,286.99,287.0,287.01,287.26,287.3,600,100,200,100,100,100,700,800,2400,100,100,300,100,200,200,100,1100,100,100,100
164.0,286.87,42800,12225105.0,286.53,286.5,286.49,286.31,286.25,286.21,286.2,286.11,286.1,286.03,286.73,286.8,286.85,286.88,286.89,286.92,286.93,286.99,287.0,287.01,600,100,200,100,100,100,700,800,2400,100,100,100,100,300,100,200,200,100,1100,100
165.0,286.8,43000,12282458.0,286.53,286.5,286.49,286.43,286.31,286.25,286.21,286.2,286.11,286.1,286.85,286.88,286.89,286.91,286.92,286.93,286.99,287.0,287.01,287.26,600,100,200,100,100,100,100,700,800,2400,100,300,100,100,200,200,100,1100,100,100
166.0,286.88,43200,12339831.0,286.53,286.5,286.49,286.43,286.31,286.25,286.21,286.2,286.11,286.1,286.88,286.89,286.91,286.92,286.93,286.99,287.0,287.01,287.26,287.3,600,100,200,100,100,100,100,700,800,2400,200,100,100,200,200,100,1100,100,100,100
167.0,286.8,43500,12425887.0,286.53,286.5,286.49,286.43,286.31,286.25,286.21,286.2,286.11,286.1,286.8,286.87,286.91,286.92,286.93,286.99,287.0,287.01,287.26,287.3,600,100,200,100,100,100,100,700,800,2400,200,100,100,200,200,100,1100,100,100,100
168.0,286.8,43500,12425887.0,286.53,286.5,286.49,286.43,286.31,286.25,286.21,286.2,286.11,286.1,286.8,286.87,286.91,286.92,286.93,286.99,287.0,287.01,287.26,287.3,600,100,200,100,100,100,100,700,800,2400,200,100,100,200,200,100,1100,100,100,100
169.0,286.8,43500,12425887.0,286.56,286.53,286.5,286.49,286.43,286.31,286.25,286.21,286.2,286.11,286.8,286.87,286.91,286.92,286.93,286.99,287.0,287.01,287.26,287.3,100,600,100,200,100,100,100,100,700,800,200,100,100,200,200,100,1100,100,100,100
170.0,286.8,43500,12425887.0,286.56,286.53,286.5,286.49,286.43,286.31,286.25,286.11,286.1,286.03,286.8,286.87,286.91,286.92,286.93,286.99,287.0,287.01,287.26,287.3,100,600,100,200,100,100,100,800,2400,100,200,100,100,200,200,100,1100,100,100,100
171.0,286.8,43500,12425887.0,286.56,286.53,286.5,286.49,286.43,286.31,286.25,286.11,286.1,286.03,286.8,286.87,286.91,286.92,286.93,286.99,287.0,287.01,287.26,287.3,100,600,100,200,100,100,100,800,2400,100,200,100,100,200,200,100,1100,100,100,100
172.0,286.8,43500,12425887.0,286.56,286.53,286.5,286.49,286.43,286.31,286.25,286.11,286.1,286.03,286.8,286.87,286.91,286.92,286.93,286.99,287.0,287.01,287.26,287.3,100,600,100,200,100,100,100,800,2400,100,200,100,100,200,200,100,1100,100,100,100
173.0,286.8,43500,12425887.0,286.56,286.53,286.5,286.49,286.43,286.31,286.25,286.11,286.1,286.03,286.8,286.87,286.91,286.92,286.93,286.99,287.0,287.01,287.26,287.3,100,600,100,200,100,100,100,800,2400,100,200,100,100,200,200,100,1100,100,100,100
174.0,286.8,43600,12454567.0,286.56,286.53,286.5,286.49,286.43,286.31,286.25,286.11,286.1,286.03,286.8,286.87,286.91,286.92,286.93,286.99,287.0,287.01,287.26,287.3,100,600,100,200,100,100,100,800,2400,100,100,100,100,200,200,100,1100,100,100,100
175.0,286.8,43700,12483247.0,286.56,286.53,286.5,286.49,286.43,286.31,286.25,286.11,286.1,286.03,286.78,286.8,286.87,286.91,286.92,286.93,286.99,287.0,287.26,287.3,100,600,100,200,100,100,100,800,2400,100,100,300,100,100,200,200,100,1100,100,100
176.0,286.8,43700,12483247.0,286.57,286.56,286.53,286.5,286.49,286.43,286.31,286.25,286.11,286.1,286.78,286.8,286.87,286.91,286.92,286.93,286.99,287.0,287.26,287.3,100,100,600,100,200,100,100,100,800,2400,100,300,100,100,200,200,100,1100,100,100
177.0,286.8,43700,12483247.0,286.57,286.56,286.53,286.5,286.49,286.43,286.31,286.25,286.11,286.1,286.78,286.8,286.87,286.91,286.92,286.93,286.99,287.0,287.26,287.3,100,100,600,100,200,100,100,100,800,2400,100,300,100,100,200,200,100,1100,100,100
178.0,286.8,43700,12483247.0,286.57,286.56,286.53,286.5,286.49,286.43,286.31,286.25,286.11,286.1,286.78,286.8,286.86,286.87,286.91,286.92,286.93,286.99,287.0,287.26,100,100,600,100,200,100,100,100,800,2400,100,300,100,100,100,200,200,100,1100,100
179.0,286.8,43700,12483247.0,286.57,286.56,286.53,286.5,286.49,286.43,286.31,286.25,286.11,286.1,286.78,286.8,286.86,286.87,286.91,286.92,286.93,286.99,287.0,287.26,100,100,600,100,200,100,100,100,800,2400,100,300,100,100,100,200,200,100,1100,100
180.0,286.57,43800,12511904.0,286.56,286.53,286.5,286.49,286.43,286.31,286.25,286.21,286.11,286.1,286.78,286.8,286.86,286.87,286.91,286.92,286.93,286.99,287.0,287.26,200,600,100,200,100,100,100,400,800,2400,100,800,100,100,100,200,200,100,1100,100
181.0,286.57,43900,12540561.0,286.56,286.54,286.53,286.5,286.49,286.43,286.31,286.25,286.21,286.11,286.78,286.8,286.86,286.87,286.88,286.91,286.92,286.93,286.99,287.0,200,300,600,100,200,100,100,100,400,800,100,800,100,100,200,100,200,100,100,1100
182.0,286.56,44000,12569217.0,286.56,286.54,286.53,286.5,286.49,286.43,286.31,286.25,286.21,286.11,286.77,286.78,286.79,286.8,286.86,286.87,286.88,286.91,286.92,286.93,100,300,600,100,200,100,100,100,400,800,400,100,100,800,100,100,200,100,200,100
183.0,286.78,44700,12769938.0,286.68,286.57,286.54,286.53,286.5,286.49,286.43,286.31,286.25,286.21,286.79,286.8,286.86,286.87,286.88,286.91,286.92,286.93,286.99,287.0,200,400,300,600,100,200,100,100,100,400,100,800,100,100,200,100,200,100,100,1300
184.0,286.68,45000,12855965.0,286.68,286.57,286.54,286.53,286.5,286.49,286.43,286.31,286.25,286.21,286.78,286.8,286.86,286.87,286.88,286.91,286.92,286.93,286.99,287.0,200,400,300,600,100,200,100,100,100,400,200,700,100,100,200,100,200,100,100,1300
185.0,286.68,45100,12884633.0,286.68,286.58,286.57,286.54,286.53,286.5,286.31,286.25,286.21,286.1,286.78,286.8,286.85,286.86,286.87,286.88,286.91,286.92,286.93,286.99,100,100,400,300,600,100,100,100,400,2400,200,700,200,100,100,200,100,200,100,100
186.0,286.68,45200,12913301.0,286.58,286.57,286.54,286.53,286.5,286.31,286.25,286.21,286.1,286.02,286.78,286.8,286.85,286.86,286.87,286.88,286.91,286.92,286.93,286.99,100,400,300,600,100,100,100,400,2400,1100,300,700,200,100,100,200,100,200,100,100
187.0,286.5,46700,13343117.0,286.31,286.25,286.21,286.1,286.02,285.9,285.89,285.88,285.84,285.83,286.5,286.51,286.53,286.57,286.77,286.78,286.8,286.85,286.86,286.87,100,100,400,2400,1100,100,200,200,300,200,100,100,300,200,200,200,1000,200,100,100
188.0,286.31,47100,13457654.0,286.21,286.1,286.02,285.9,285.89,285.88,285.84,285.83,285.8,285.55,286.51,286.53,286.57,286.58,286.77,286.78,286.8,286.85,286.86,286.87,400,2400,1100,100,200,200,300,200,100,200,100,300,200,700,200,200,1000,200,100,100
189.0,286.31,47100,13457654.0,286.21,286.1,286.02,285.9,285.89,285.88,285.84,285.83,285.8,285.55,286.51,286.53,286.57,286.58,286.77,286.78,286.8,286.85,286.86,286.87,400,2400,1100,100,200,200,300,200,100,200,100,300,200,700,200,200,1100,200,100,100
190.0,286.31,47100,13457654.0,286.21,286.1,286.02,285.9,285.89,285.88,285.84,285.83,285.8,285.55,286.51,286.53,286.57,286.58,286.77,286.78,286.8,286.85,286.86,286.87,400,2400,1100,100,200,200,300,200,100,200,100,300,200,700,200,200,1100,200,100,100
191.0,286.21,47600,13600821.0,286.21,286.1,286.02,285.9,285.89,285.88,285.84,285.83,285.8,285.55,286.5,286.52,286.53,286.57,286.58,286.77,286.78,286.8,286.86,286.87,100,2400,1100,100,200,200,300,200,100,200,100,100,200,200,700,200,200,1200,200,100
192.0,286.48,47700,13629469.0,286.21,286.1,286.02,285.9,285.89,285.88,285.84,285.83,285.8,285.55,286.49,286.5,286.51,286.52,286.58,286.77,286.78,286.8,286.86,286.87,100,2400,1100,100,200,200,300,200,100,200,700,100,100,100,700,200,200,1200,200,100
193.0,286.48,47700,13629469.0,286.21,286.1,286.02,285.9,285.89,285.88,285.84,285.83,285.8,285.55,286.49,286.5,286.51,286.52,286.58,286.76,286.77,286.78,286.8,286.86,100,2400,1100,100,200,200,300,200,100,200,700,100,600,100,700,100,200,200,1200,200
194.0,286.48,47700,13629469.0,286.21,286.1,286.02,285.9,285.89,285.88,285.84,285.83,285.8,285.55,286.3,286.49,286.5,286.51,286.52,286.76,286.77,286.78,286.8,286.86,100,2400,1100,100,200,200,300,200,100,200,100,700,100,600,100,100,200,200,1400,200
195.0,286.3,47800,13658099.0,286.21,286.1,286.02,285.9,285.89,285.88,285.84,285.83,285.8,285.55,286.49,286.5,286.51,286.52,286.76,286.77,286.78,286.8,286.86,286.87,100,2400,1100,100,200,200,300,200,100,200,700,100,600,100,100,200,200,1400,200,100
196.0,286.3,47800,13658099.0,286.21,286.1,286.02,285.9,285.89,285.88,285.84,285.83,285.8,285.55,286.49,286.5,286.51,286.52,286.76,286.77,286.78,286.8,286.86,286.87,100,2400,1100,100,200,200,300,200,100,200,700,100,600,100,100,200,200,1400,200,100
197.0,286.3,47800,13658099.0,286.21,286.1,286.02,285.9,285.89,285.88,285.84,285.83,285.8,285.55,286.49,286.5,286.51,286.52,286.76,286.77,286.78,286.8,286.86,286.87,100,2400,1100,100,200,200,300,200,100,200,100,100,600,100,100,200,200,1400,200,100
198.0,286.3,47800,13658099.0,286.21,286.1,286.02,285.9,285.89,285.88,285.84,285.83,285.8,285.55,286.49,286.5,286.51,286.76,286.77,286.78,286.8,286.86,286.87,286.88,100,2500,1100,100,200,200,300,200,100,200,100,100,600,100,400,200,1400,200,100,200
199.0,286.3,47800,13658099.0,286.21,286.1,286.02,285.9,285.89,285.88,285.84,285.83,285.8,285.55,286.49,286.5,286.51,286.76,286.77,286.78,286.8,286.86,286.87,286.88,100,2500,1100,100,200,200,300,200,100,200,100,100,600,100,400,200,1400,200,100,200
200.0,286.3,47800,13658099.0,286.21,286.1,286.02,285.9,285.89,285.88,285.84,285.83,285.8,285.55,286.49,286.5,286.51,286.76,286.77,286.78,286.8,286.86,286.87,286.88,100,2500,1100,100,200,200,300,200,100,200,100,100,600,100,400,200,1400,200,100,200
201.0,286.21,48100,13744019.0,286.1,286.02,285.9,285.89,285.88,285.84,285.83,285.8,285.55,285.54,286.48,286.51,286.54,286.76,286.77,286.78,286.8,286.86,286.87,286.88,2500,1100,100,200,200,300,200,100,200,100,300,600,200,100,300,200,1400,200,100,200
202.0,286.21,48100,13744019.0,286.1,286.02,285.9,285.89,285.88,285.84,285.83,285.8,285.55,285.54,286.48,286.51,286.54,286.76,286.77,286.78,286.8,286.86,286.87,286.88,2500,1100,100,200,200,300,200,100,200,100,400,600,200,100,300,200,1400,200,100,200
203.0,286.1,48200,13772629.0,286.1,286.02,285.9,285.89,285.88,285.84,285.83,285.8,285.55,285.54,286.48,286.51,286.54,286.76,286.77,286.78,286.8,286.86,286.87,286.88,2400,1100,100,200,200,300,200,100,200,100,500,600,200,200,300,200,1400,200,100,200
204.0,286.1,48200,13772629.0,286.1,286.02,285.9,285.89,285.88,285.84,285.83,285.8,285.55,285.54,286.47,286.48,286.51,286.54,286.76,286.77,286.78,286.8,286.86,286.87,2400,1100,100,200,200,300,200,100,200,100,800,500,600,200,200,300,200,1500,200,100
205.0,286.1,48500,13858459.0,286.1,286.02,285.9,285.89,285.88,285.84,285.83,285.8,285.55,285.54,286.47,286.48,286.51,286.54,286.76,286.77,286.78,286.8,286.86,286.87,2100,1100,100,200,200,300,200,100,200,100,800,500,600,200,200,300,200,1500,200,100
206.0,286.1,48500,13858459.0,286.1,286.02,285.9,285.89,285.88,285.84,285.83,285.8,285.55,285.54,286.47,286.48,286.51,286.54,286.76,286.77,286.78,286.8,286.86,286.87,2100,1100,100,200,200,300,200,100,200,100,100,500,600,200,200,300,200,1400,200,100
207.0,286.1,48500,13858459.0,286.1,286.02,285.9,285.89,285.88,285.84,285.83,285.8,285.55,285.54,286.46,286.47,286.48,286.51,286.54,286.76,286.77,286.78,286.8,286.86,2100,1100,100,200,200,300,200,100,200,100,700,100,500,600,200,200,300,200,1400,200
208.0,286.1,48700,13915679.0,286.1,286.02,285.9,285.89,285.88,285.84,285.83,285.8,285.55,285.54,286.46,286.47,286.48,286.51,286.54,286.57,286.76,286.77,286.78,286.8,1900,1100,100,200,200,300,200,100,200,100,900,100,500,600,200,100,100,300,200,1400
209.0,286.1,48800,13944289.0,286.1,286.02,285.9,285.89,285.88,285.84,285.83,285.8,285.55,285.54,286.41,286.46,286.47,286.48,286.51,286.54,286.57,286.76,286.77,286.78,1800,1100,100,200,200,300,200,100,200,100,100,1000,100,500,500,200,100,100,300,200
210.0,286.1,48800,13944289.0,286.1,286.02,285.9,285.89,285.88,285.84,285.83,285.8,285.55,285.54,286.4,286.41,286.46,286.47,286.48,286.5,286.51,286.54,286.57,286.76,1800,1100,100,200,200,300,200,100,200,100,600,100,1000,100,500,100,500,200,100,100
211.0,285.88,52200,14916835.0,285.84,285.83,285.8,285.55,285.54,285.53,285.5,285.2,285.0,284.82,285.9,285.94,285.96,286.1,286.27,286.33,286.34,286.39,286.4,286.42,300,200,100,200,100,100,100,100,800,200,100,200,100,600,200,400,100,100,600,100
212.0,285.83,53100,15174051.0,285.55,285.54,285.53,285.5,285.2,285.0,284.82,284.81,284.72,284.5,285.84,285.9,285.96,286.1,286.27,286.33,286.34,286.39,286.4,286.45,100,100,100,100,100,800,200,100,100,100,400,100,100,1600,200,500,100,100,600,100
213.0,285.84,53300,15231190.0,285.54,285.53,285.5,285.2,285.0,284.82,284.81,284.72,284.5,284.28,285.84,285.9,285.96,286.1,286.27,286.33,286.34,286.39,286.4,286.45,100,100,100,100,800,200,100,100,100,100,400,100,100,1600,200,500,100,100,600,100
214.0,285.79,53700,15345481.0,285.79,285.53,285.5,285.2,285.0,284.82,284.81,284.72,284.5,284.28,285.84,285.9,285.96,286.1,286.27,286.33,286.39,286.4,286.45,286.46,100,100,100,100,800,200,100,100,100,100,400,100,100,1600,200,500,100,600,100,1100
215.0,285.53,53900,15402613.0,285.5,285.2,285.0,284.82,284.81,284.72,284.5,284.28,284.23,284.02,285.84,285.9,286.1,286.27,286.33,286.39,286.4,286.45,286.46,286.47,100,100,800,200,100,100,100,100,100,100,600,100,1600,200,500,100,600,100,1100,100
216.0,285.84,54100,15459781.0,285.5,285.2,285.0,284.82,284.81,284.72,284.5,284.28,284.23,284.02,285.83,285.84,285.9,286.1,286.27,286.33,286.39,286.4,286.45,286.46,100,100,800,200,100,100,100,100,100,100,200,400,100,1600,200,500,100,600,100,1100
217.0,285.84,54100,15459781.0,285.5,285.2,285.0,284.82,284.81,284.72,284.5,284.28,284.23,284.02,285.83,285.84,285.9,286.1,286.27,286.33,286.39,286.4,286.45,286.46,100,100,800,200,100,100,100,100,100,100,200,400,100,1600,200,500,100,600,100,1100
218.0,285.5,54200,15488331.0,285.2,285.0,284.82,284.81,284.72,284.5,284.28,284.23,284.02,284.0,285.81,285.83,285.84,285.9,286.1,286.27,286.33,286.39,286.4,286.45,100,800,200,100,100,100,100,100,100,700,100,200,400,100,900,200,500,100,600,100
219.0,285.83,54400,15545495.0,285.2,285.0,284.82,284.81,284.72,284.5,284.28,284.23,284.02,284.0,285.83,285.84,285.9,286.1,286.27,286.33,286.39,286.4,286.45,286.46,100,300,200,100,100,100,100,100,100,700,100,400,100,900,200,500,100,600,100,1100
220.0,285.83,54400,15545495.0,285.2,285.0,284.82,284.81,284.72,284.5,284.28,284.23,284.02,284.0,285.83,285.84,285.9,286.1,286.27,286.33,286.39,286.4,286.45,286.46,100,300,200,100,100,100,100,100,100,700,100,400,100,900,200,500,100,600,100,1100
221.0,285.0,54700,15631035.0,285.0,284.82,284.81,284.72,284.5,284.28,284.23,284.02,284.0,283.8,285.75,285.81,285.82,285.83,285.84,285.9,286.1,286.27,286.33,286.4,200,200,100,100,100,100,100,100,700,100,300,100,100,100,400,100,900,200,500,600
222.0,285.5,55500,15859187.0,284.82,284.81,284.72,284.28,284.23,284.02,284.0,283.8,283.78,283.6,285.48,285.53,285.64,285.74,285.75,285.82,285.83,285.84,286.1,286.27,100,100,100,100,100,100,700,100,100,100,100,100,100,100,100,100,100,400,900,100
223.0,284.82,55600,15887669.0,284.81,284.73,284.72,284.28,284.23,284.02,284.0,283.8,283.78,283.6,285.47,285.48,285.53,285.64,285.74,285.75,285.82,285.83,285.84,286.1,100,100,100,100,100,100,700,100,100,100,100,100,100,100,100,100,200,100,400,900
224.0,284.82,55600,15887669.0,285.38,285.3,285.21,285.2,285.11,284.96,284.81,284.78,284.77,284.75,285.47,285.75,285.82,285.83,285.84,286.1,286.27,286.33,286.4,286.45,800,200,100,100,100,200,300,200,300,100,200,100,100,100,300,900,100,500,600,100
225.0,284.82,55600,15887669.0,285.38,285.3,285.21,285.2,285.11,284.96,284.82,284.81,284.78,284.77,285.47,285.75,285.81,285.82,285.83,285.84,286.0,286.1,286.27,286.33,800,200,100,100,100,200,100,300,200,300,200,100,200,100,100,300,100,900,100,500
226.0,285.3,55900,15973293.0,285.3,285.21,285.2,285.11,284.96,284.82,284.81,284.78,284.77,284.75,285.48,285.75,285.82,285.83,285.84,286.0,286.1,286.27,286.33,286.4,100,100,100,100,200,100,300,200,200,100,100,100,100,100,300,100,800,100,200,600
227.0,285.64,57200,16344846.0,285.66,285.54,285.39,285.35,285.34,285.32,285.31,285.3,285.21,285.2,286.1,286.33,286.45,286.46,286.48,286.5,286.51,286.57,286.76,286.77,700,100,100,200,200,100,300,100,100,100,800,100,100,1100,400,100,500,100,100,300
228.0,285.74,58400,16687558.0,285.74,285.46,285.45,285.43,285.39,285.31,285.3,285.21,285.2,285.11,286.1,286.33,286.45,286.46,286.48,286.49,286.5,286.51,286.57,286.76,400,200,200,200,100,200,100,100,100,100,800,100,100,400,400,100,100,500,100,100
229.0,285.74,58400,16687558.0,285.46,285.45,285.43,285.39,285.31,285.3,285.21,285.2,285.11,284.96,286.1,286.33,286.45,286.46,286.48,286.49,286.5,286.51,286.57,286.76,200,200,200,100,200,100,100,100,100,100,800,100,100,400,300,100,100,500,100,100
230.0,285.74,58400,16687558.0,285.46,285.45,285.43,285.39,285.31,285.3,285.21,285.2,285.11,284.96,286.1,286.33,286.45,286.46,286.48,286.49,286.5,286.51,286.57,286.76,300,200,200,100,200,100,100,100,100,100,1000,100,100,400,200,100,100,500,100,100
231.0,285.74,58400,16687558.0,285.46,285.45,285.43,285.39,285.31,285.3,285.21,285.2,285.11,284.96,286.1,286.33,286.45,286.46,286.49,286.5,286.51,286.57,286.76,286.77,400,200,200,100,200,100,100,100,100,100,1100,100,100,400,100,100,500,100,100,300
232.0,285.74,58400,16687558.0,285.46,285.45,285.43,285.39,285.31,285.3,285.21,285.2,285.11,284.96,286.1,286.33,286.45,286.46,286.49,286.5,286.57,286.76,286.77,286.78,500,200,200,100,200,100,100,100,100,100,1300,100,100,400,100,100,100,100,300,200
233.0,285.74,58400,16687558.0,285.46,285.45,285.43,285.39,285.31,285.3,285.21,285.2,285.11,284.96,285.74,286.1,286.33,286.45,286.46,286.49,286.5,286.57,286.76,286.77,600,200,200,100,200,100,100,100,100,100,100,1400,100,100,400,100,100,100,100,300
234.0,285.74,58500,16716132.0,285.46,285.45,285.43,285.39,285.31,285.3,285.21,285.2,285.11,284.96,286.1,286.33,286.45,286.46,286.49,286.5,286.57,286.76,286.77,286.8,600,200,200,100,200,100,100,100,100,100,1400,100,100,200,100,100,100,100,300,2000
235.0,285.74,58500,16716132.0,285.46,285.45,285.43,285.39,285.31,285.3,285.21,285.2,285.11,284.96,286.0,286.1,286.33,286.45,286.46,286.49,286.5,286.57,286.76,286.77,700,200,200,100,200,100,100,100,100,100,100,1500,100,100,200,100,100,100,100,300
236.0,285.74,58500,16716132.0,285.46,285.45,285.43,285.39,285.31,285.3,285.21,285.2,285.11,284.96,286.0,286.1,286.33,286.45,286.46,286.49,286.5,286.57,286.76,286.77,700,200,200,100,200,100,100,100,100,100,100,1500,100,100,200,100,100,100,100,300
237.0,286.1,58800,16801942.0,285.46,285.45,285.43,285.39,285.31,285.3,285.21,285.2,285.11,284.96,286.1,286.33,286.45,286.46,286.49,286.5,286.57,286.76,286.77,286.8,900,200,200,100,200,100,100,100,100,100,1400,100,100,200,100,100,100,100,300,2000
238.0,286.1,58800,16801942.0,285.46,285.45,285.43,285.39,285.31,285.3,285.21,285.2,285.11,284.96,285.98,286.1,286.29,286.33,286.45,286.46,286.49,286.5,286.57,286.76,1000,200,200,100,200,100,100,100,100,100,200,1500,200,100,100,200,100,100,100,100
239.0,286.1,58800,16801942.0,285.46,285.45,285.43,285.39,285.31,285.3,285.21,285.2,285.11,284.96,285.98,286.1,286.29,286.33,286.45,286.46,286.49,286.5,286.57,286.76,1000,200,200,100,200,100,100,100,100,100,200,1500,200,100,100,200,100,100,100,100
240.0,285.46,59000,16859034.0,285.46,285.45,285.43,285.39,285.31,285.3,285.21,285.2,285.11,284.96,285.98,286.1,286.29,286.33,286.45,286.46,286.49,286.5,286.57,286.76,800,200,200,100,200,100,100,100,100,100,200,1500,200,100,100,200,100,100,100,100
241.0,285.46,59200,16916126.0,285.46,285.45,285.43,285.31,285.3,285.21,285.2,285.11,284.96,284.88,285.98,286.1,286.15,286.29,286.33,286.45,286.46,286.49,286.5,286.57,600,100,200,200,100,100,100,100,100,100,200,1400,100,200,100,100,200,100,200,100
242.0,285.46,59200,16916126.0,285.46,285.45,285.43,285.31,285.3,285.21,285.2,285.11,284.96,284.88,285.98,286.04,286.1,286.15,286.29,286.33,286.45,286.46,286.49,286.5,600,100,200,100,100,100,100,100,100,100,200,100,1400,100,200,100,100,200,100,200
243.0,286.04,59500,17001926.0,285.78,285.46,285.45,285.43,285.31,285.3,285.21,285.2,285.11,284.96,286.1,286.15,286.29,286.33,286.45,286.46,286.49,286.5,286.57,286.76,200,700,100,200,100,100,100,100,100,100,1400,100,200,100,100,200,100,200,100,100
244.0,286.04,59500,17001926.0,285.78,285.46,285.45,285.43,285.31,285.3,285.21,285.2,285.11,284.96,286.0,286.1,286.15,286.29,286.33,286.45,286.46,286.49,286.5,286.57,200,800,100,200,100,100,100,100,100,100,100,1400,100,200,100,100,200,100,200,100
245.0,286.04,59500,17001926.0,285.78,285.46,285.45,285.43,285.31,285.3,285.21,285.2,285.11,284.96,286.0,286.1,286.15,286.29,286.33,286.45,286.46,286.49,286.5,286.57,200,800,100,200,100,100,100,100,100,100,100,1400,100,200,100,100,200,100,200,100
246.0,286.04,59500,17001926.0,285.78,285.46,285.45,285.43,285.31,285.3,285.21,285.2,285.11,284.96,286.0,286.1,286.15,286.29,286.33,286.45,286.46,286.49,286.5,286.57,200,800,100,200,100,100,100,100,100,100,100,1600,100,200,100,100,200,100,200,100
247.0,286.04,59500,17001926.0,285.78,285.46,285.45,285.43,285.31,285.3,285.21,285.2,285.11,284.96,286.0,286.1,286.15,286.29,286.33,286.45,286.46,286.49,286.5,286.57,200,800,100,200,100,100,100,100,100,100,100,1600,100,200,100,100,200,100,200,100
248.0,286.04,59500,17001926.0,285.78,285.46,285.45,285.43,285.31,285.3,285.21,285.2,285.11,284.96,286.0,286.08,286.1,286.15,286.29,286.33,286.45,286.46,286.49,286.5,200,800,100,200,100,100,100,100,100,100,100,100,1500,100,200,100,100,200,100,200
249.0,286.04,59500,17001926.0,285.78,285.46,285.45,285.43,285.31,285.3,285.21,285.2,285.11,284.96,286.0,286.08,286.1,286.15,286.29,286.33,286.45,286.46,286.49,286.5,200,800,100,200,100,100,100,100,100,100,100,100,1500,100,200,100,100,200,100,200
250.0,286.04,59500,17001926.0,285.78,285.46,285.45,285.43,285.31,285.3,285.21,285.2,285.11,284.96,286.0,286.08,286.1,286.15,286.29,286.33,286.45,286.46,286.49,286.5,200,800,100,200,100,100,100,100,100,100,100,100,1500,100,200,100,100,200,100,200
251.0,286.04,59500,17001926.0,285.78,285.46,285.45,285.43,285.31,285.3,285.21,285.2,285.11,284.96,286.0,286.08,286.1,286.15,286.29,286.33,286.45,286.46,286.49,286.5,200,800,100,200,100,100,100,100,100,100,100,100,1500,100,200,100,100,200,100,200
252.0,286.04,59500,17001926.0,285.78,285.46,285.45,285.43,285.31,285.3,285.21,285.2,285.11,284.96,286.0,286.08,286.1,286.15,286.29,286.33,286.45,286.46,286.49,286.5,200,800,100,200,100,100,100,100,100,100,100,100,1500,100,200,100,100,200,100,200
253.0,286.04,59500,17001926.0,285.78,285.46,285.45,285.43,285.31,285.3,285.21,285.2,285.11,284.96,286.0,286.08,286.1,286.15,286.29,286.33,286.45,286.46,286.49,286.5,200,800,100,200,100,100,100,100,100,100,100,100,1500,100,200,100,100,200,100,200
254.0,286.04,59500,17001926.0,285.78,285.46,285.45,285.43,285.31,285.3,285.21,285.2,285.11,284.96,286.0,286.08,286.1,286.15,286.29,286.33,286.45,286.46,286.49,286.5,200,800,100,200,100,100,100,100,100,100,100,100,1500,100,200,100,100,200,100,200
255.0,286.08,59700,17059134.0,285.79,285.78,285.46,285.45,285.43,285.31,285.2,285.11,284.96,284.88,286.1,286.15,286.29,286.33,286.45,286.46,286.49,286.5,286.57,286.76,300,200,800,100,200,100,100,100,100,100,1500,100,200,100,100,200,100,200,100,100
256.0,286.08,59700,17059134.0,285.79,285.78,285.46,285.45,285.43,285.31,285.2,285.11,284.96,284.88,285.9,286.1,286.15,286.29,286.33,286.45,286.46,286.49,286.5,286.57,300,200,800,100,200,100,100,100,100,100,100,1500,100,200,100,100,200,100,200,100
257.0,286.08,59700,17059134.0,285.79,285.78,285.46,285.45,285.43,285.31,285.2,285.11,284.96,284.88,285.9,286.1,286.15,286.29,286.33,286.45,286.46,286.49,286.5,286.57,300,200,800,100,200,100,100,100,100,100,100,1500,100,200,100,100,200,100,200,100
258.0,286.08,59700,17059134.0,285.79,285.78,285.46,285.45,285.43,285.31,285.2,285.11,284.96,284.88,285.9,286.1,286.15,286.29,286.33,286.45,286.46,286.49,286.5,286.57,300,200,800,100,200,100,100,100,100,100,100,1500,100,200,100,100,200,100,200,100
259.0,286.08,59700,17059134.0,285.79,285.78,285.46,285.45,285.43,285.31,285.2,285.11,284.96,284.88,285.9,286.1,286.15,286.29,286.33,286.45,286.46,286.49,286.5,286.57,400,200,700,100,200,100,100,100,100,100,100,1500,100,200,100,100,200,100,200,100
260.0,285.79,59800,17087713.0,285.79,285.78,285.46,285.45,285.43,285.31,285.2,285.11,284.96,284.88,285.9,286.1,286.29,286.33,286.45,286.46,286.49,286.5,286.57,286.76,300,200,700,100,200,100,100,100,100,100,100,1500,200,100,100,200,100,200,100,100
261.0,285.9,59900,17116303.0,285.79,285.78,285.46,285.45,285.43,285.31,285.2,285.11,284.96,284.88,285.9,286.1,286.29,286.33,286.45,286.46,286.49,286.5,286.57,286.76,300,200,700,100,200,100,100,100,100,100,100,1500,200,100,100,200,100,200,100,100
262.0,285.9,59900,17116303.0,285.79,285.78,285.46,285.45,285.43,285.31,285.2,285.11,284.96,284.88,285.9,286.1,286.29,286.33,286.45,286.46,286.49,286.5,286.57,286.76,300,200,700,100,200,100,100,100,100,100,100,1500,200,100,100,200,100,200,100,100
263.0,285.9,59900,17116303.0,285.79,285.78,285.46,285.45,285.43,285.31,285.2,285.11,284.96,284.88,285.9,286.1,286.29,286.33,286.45,286.46,286.49,286.5,286.57,286.76,300,200,700,100,200,100,100,100,100,100,100,1500,200,100,100,200,100,200,100,100
264.0,285.9,59900,17116303.0,285.79,285.78,285.46,285.45,285.43,285.31,285.2,285.11,284.96,284.88,285.9,286.1,286.29,286.33,286.45,286.46,286.49,286.5,286.57,286.76,300,200,700,100,200,100,100,100,100,100,100,1500,200,100,100,200,100,100,100,100
265.0,285.9,60000,17144893.0,285.79,285.78,285.46,285.45,285.43,285.31,285.2,285.11,284.96,284.88,286.1,286.29,286.33,286.45,286.46,286.49,286.5,286.57,286.76,286.77,200,200,700,100,200,100,100,100,100,100,1500,200,100,100,200,100,100,100,100,100
266.0,285.79,60200,17202051.0,285.78,285.46,285.45,285.43,285.31,285.2,285.11,284.96,284.88,284.81,286.1,286.18,286.29,286.33,286.45,286.46,286.49,286.5,286.57,286.76,300,700,100,200,100,100,100,100,100,400,1500,100,200,100,100,200,100,100,100,100
267.0,286.1,60300,17230661.0,285.78,285.46,285.45,285.43,285.31,285.2,285.11,284.96,284.88,284.81,286.1,286.18,286.29,286.33,286.45,286.46,286.49,286.5,286.57,286.76,300,700,100,200,100,100,100,100,100,400,1400,100,200,100,100,200,100,100,100,100
268.0,286.1,60300,17230661.0,285.78,285.46,285.45,285.43,285.31,285.2,285.11,284.96,284.88,284.81,286.09,286.1,286.18,286.29,286.33,286.45,286.46,286.49,286.5,286.57,300,700,100,200,100,100,100,100,100,400,100,1400,100,200,100,100,200,100,100,100
269.0,285.78,60400,17259239.0,285.78,285.46,285.45,285.43,285.31,285.2,285.11,284.96,284.88,284.81,286.1,286.18,286.29,286.33,286.45,286.46,286.49,286.5,286.57,286.76,200,700,100,200,100,100,100,100,100,400,1400,100,200,100,100,200,100,100,100,100
270.0,286.1,60500,17287849.0,285.78,285.46,285.45,285.43,285.31,285.2,285.11,285.0,284.96,284.88,286.1,286.18,286.29,286.33,286.45,286.46,286.49,286.5,286.57,286.76,200,700,100,200,100,100,100,500,100,100,1400,100,200,100,100,200,100,100,100,100
271.0,286.1,60500,17287849.0,285.78,285.46,285.45,285.43,285.31,285.2,285.11,285.0,284.96,284.88,286.1,286.18,286.29,286.33,286.45,286.46,286.49,286.5,286.57,286.76,200,700,100,200,100,100,100,500,100,100,1400,100,200,100,100,200,100,100,100,100
272.0,285.78,60600,17316427.0,285.78,285.46,285.45,285.43,285.31,285.2,285.11,285.0,284.96,284.88,286.1,286.18,286.29,286.33,286.45,286.46,286.49,286.5,286.57,286.76,100,700,100,200,100,100,100,500,100,100,1400,100,200,100,100,200,100,100,100,100
273.0,285.78,60900,17402225.0,285.78,285.46,285.45,285.43,285.31,285.2,285.11,285.0,284.96,284.88,286.09,286.1,286.18,286.29,286.33,286.45,286.46,286.49,286.5,286.57,500,700,100,200,100,100,100,500,100,100,100,1300,100,200,100,100,200,100,100,100
274.0,285.78,60900,17402225.0,285.78,285.46,285.45,285.43,285.31,285.2,285.11,285.0,284.96,284.88,286.09,286.1,286.18,286.29,286.33,286.45,286.46,286.49,286.5,286.57,700,700,100,200,100,100,100,500,100,100,100,1300,100,200,100,100,200,100,100,100
275.0,285.78,61100,17459381.0,285.79,285.78,285.46,285.45,285.43,285.31,285.2,285.11,285.0,284.96,286.08,286.09,286.1,286.18,286.29,286.33,286.45,286.46,286.49,286.5,100,500,700,100,200,100,100,100,500,100,300,200,1300,100,200,100,100,200,100,100
276.0,286.08,61400,17545146.0,285.78,285.46,285.45,285.43,285.31,285.2,285.11,285.0,284.96,284.88,286.08,286.09,286.1,286.18,286.29,286.33,286.45,286.46,286.49,286.5,400,700,200,200,100,100,100,500,100,100,200,200,1300,100,200,100,100,200,100,100
277.0,285.46,62100,17745096.0,285.46,285.45,285.43,285.31,285.2,285.11,285.0,284.96,284.88,284.81,286.08,286.09,286.1,286.18,286.29,286.33,286.45,286.46,286.49,286.5,400,200,200,100,100,100,500,100,100,400,200,200,1300,100,200,100,100,200,100,100
278.0,285.9,62300,17802276.0,285.46,285.45,285.43,285.31,285.2,285.11,285.0,284.96,284.88,284.81,285.89,285.9,286.08,286.09,286.1,286.13,286.18,286.29,286.33,286.45,400,200,200,100,100,100,500,100,100,400,200,200,300,100,1100,100,100,200,100,100
279.0,285.9,62300,17802276.0,285.46,285.45,285.43,285.31,285.11,285.0,284.96,284.88,284.81,284.8,285.89,285.9,286.08,286.09,286.1,286.13,286.18,286.29,286.33,286.45,400,200,200,100,100,500,100,100,400,100,200,200,300,100,1100,100,100,200,100,100
280.0,285.9,62300,17802276.0,285.46,285.45,285.43,285.31,285.0,284.96,284.88,284.81,284.8,284.78,285.88,285.89,285.9,286.08,286.09,286.1,286.13,286.18,286.29,286.33,400,200,200,100,500,100,100,400,100,200,100,200,200,300,100,1400,100,100,200,100
281.0,285.9,62300,17802276.0,285.46,285.45,285.43,285.31,285.0,284.96,284.88,284.81,284.8,284.78,285.88,285.89,285.9,286.08,286.09,286.1,286.13,286.18,286.29,286.33,400,200,200,100,500,100,100,400,100,200,100,300,200,300,100,1400,100,100,200,100
282.0,285.89,62600,17888042.0,285.78,285.46,285.45,285.43,285.31,285.0,284.96,284.88,284.81,284.8,285.89,285.9,286.08,286.09,286.1,286.13,286.18,286.29,286.33,286.45,100,400,200,200,100,500,100,100,400,100,100,200,200,100,1400,100,100,200,100,100
283.0,285.78,62700,17916620.0,285.46,285.45,285.43,285.31,285.0,284.96,284.88,284.81,284.8,284.78,285.89,285.9,286.08,286.09,286.1,286.13,286.18,286.29,286.33,286.45,400,200,200,100,500,100,100,400,100,200,100,200,200,100,1400,100,100,200,100,100
284.0,285.78,62700,17916620.0,285.46,285.45,285.43,285.31,285.0,284.96,284.88,284.81,284.8,284.78,285.78,285.89,285.9,286.08,286.09,286.1,286.18,286.29,286.33,286.45,400,200,200,100,500,100,100,400,100,200,200,100,100,200,100,1400,100,200,100,100
285.0,285.46,62800,17945166.0,285.46,285.45,285.43,285.31,285.0,284.96,284.88,284.81,284.8,284.78,285.78,285.89,285.9,286.08,286.09,286.1,286.18,286.29,286.33,286.45,300,200,200,100,500,100,100,400,100,200,200,100,100,200,100,1400,100,200,100,100
286.0,285.46,62800,17945166.0,285.46,285.45,285.43,285.31,285.0,284.96,284.88,284.81,284.8,284.78,285.78,285.89,285.9,286.08,286.09,286.1,286.18,286.29,286.33,286.45,300,200,200,100,500,100,100,400,100,200,100,100,100,200,100,1400,100,200,100,100
287.0,285.46,62800,17945166.0,285.46,285.45,285.43,285.31,285.0,284.96,284.88,284.81,284.8,284.78,285.77,285.78,285.89,285.9,286.08,286.09,286.1,286.18,286.29,286.33,300,200,200,100,500,100,100,400,100,200,100,200,100,100,300,100,1400,100,200,100
288.0,285.46,62800,17945166.0,285.46,285.45,285.43,285.31,285.0,284.96,284.88,284.81,284.8,284.78,285.78,285.89,285.9,286.0,286.08,286.09,286.1,286.18,286.29,286.33,300,200,200,100,500,100,100,400,100,200,200,100,100,100,300,100,1400,100,200,100
289.0,285.46,62800,17945166.0,285.46,285.45,285.43,285.31,285.0,284.96,284.88,284.81,284.8,284.78,285.78,285.89,285.9,286.0,286.08,286.09,286.1,286.18,286.29,286.33,300,200,200,100,500,100,100,400,100,200,100,100,100,100,300,100,1400,100,200,100
290.0,285.46,63100,18030804.0,285.45,285.43,285.31,285.0,284.96,284.88,284.81,284.8,284.78,284.77,285.78,285.89,285.9,286.0,286.08,286.09,286.1,286.18,286.29,286.33,200,200,100,500,100,100,400,100,200,200,100,100,100,100,300,100,1200,100,200,100
291.0,285.89,63300,18087971.0,285.45,285.43,285.31,285.0,284.96,284.88,284.81,284.8,284.78,284.77,285.9,286.0,286.08,286.09,286.1,286.18,286.29,286.33,286.45,286.46,200,200,100,500,100,100,400,100,200,200,100,100,300,100,1200,100,200,100,100,100
292.0,285.89,63300,18087971.0,285.47,285.46,285.45,285.43,285.31,285.0,284.96,284.88,284.81,284.8,286.0,286.08,286.09,286.1,286.18,286.29,286.33,286.45,286.46,286.49,100,100,600,200,100,500,100,100,400,100,100,200,100,1200,100,200,100,100,100,100
293.0,285.48,63500,18145079.0,285.48,285.47,285.46,285.45,285.43,285.31,285.0,284.96,284.88,284.81,285.94,286.0,286.02,286.08,286.09,286.1,286.18,286.29,286.33,286.45,100,100,100,600,200,100,500,100,100,400,200,100,100,200,100,1200,100,200,100,100
294.0,285.48,63500,18145079.0,285.48,285.47,285.46,285.45,285.43,285.31,285.0,284.96,284.88,284.81,285.94,286.0,286.02,286.08,286.09,286.1,286.18,286.29,286.33,286.45,100,100,100,600,200,100,500,100,100,400,200,100,100,200,100,1200,100,200,100,100
295.0,285.45,64200,18344900.0,285.45,285.43,285.31,285.0,284.96,284.88,284.81,284.8,284.78,284.77,285.94,286.0,286.02,286.08,286.09,286.1,286.18,286.29,286.33,286.45,200,200,100,500,100,100,400,100,200,200,200,100,100,200,200,1200,100,200,100,100
296.0,285.45,64200,18344900.0,285.45,285.43,285.31,285.0,284.96,284.88,284.81,284.8,284.78,284.77,285.94,286.0,286.02,286.08,286.09,286.1,286.18,286.29,286.33,286.45,200,400,100,500,100,100,400,100,200,200,200,100,100,200,200,1200,100,200,100,100
297.0,285.45,64200,18344900.0,285.45,285.43,285.31,285.1,285.0,284.96,284.88,284.81,284.8,284.78,285.94,285.99,286.0,286.02,286.08,286.09,286.1,286.18,286.29,286.33,200,400,100,200,500,100,100,400,100,200,200,100,100,100,200,200,1200,100,200,100
298.0,285.45,64200,18344900.0,285.45,285.43,285.31,285.1,285.0,284.96,284.88,284.81,284.8,284.78,285.94,285.99,286.0,286.02,286.08,286.09,286.1,286.18,286.29,286.33,200,400,100,200,500,100,100,400,100,200,200,100,100,100,200,200,1200,100,200,100
299.0,285.45,64200,18344900.0,285.45,285.43,285.31,285.1,285.0,284.96,284.88,284.81,284.8,284.78,285.94,285.99,286.0,286.02,286.08,286.09,286.1,286.18,286.29,286.33,200,400,100,200,500,100,100,400,100,200,200,100,100,100,200,200,1200,100,200,100
300.0,285.45,64200,18344900.0,285.45,285.43,285.31,285.1,285.0,284.96,284.88,284.81,284.8,284.78,285.94,285.99,286.0,286.02,286.08,286.09,286.1,286.18,286.29,286.33,200,400,100,200,500,100,100,400,100,200,200,100,100,100,200,200,1200,100,200,100
301.0,285.45,64200,18344900.0,285.45,285.43,285.31,285.1,285.0,284.96,284.88,284.81,284.8,284.78,285.94,285.99,286.0,286.02,286.08,286.09,286.1,286.18,286.29,286.33,200,400,100,200,500,100,100,400,100,200,200,100,100,100,200,200,1200,100,200,100
302.0,285.45,64200,18344900.0,285.45,285.43,285.31,285.1,285.0,284.96,284.88,284.81,284.8,284.78,285.94,285.99,286.0,286.02,286.08,286.09,286.1,286.18,286.29,286.33,200,400,100,200,500,100,100,400,100,200,200,100,100,100,200,200,1200,100,200,100
303.0,285.45,64200,18344900.0,285.45,285.43,285.31,285.1,285.0,284.96,284.88,284.81,284.8,284.78,285.94,285.99,286.0,286.02,286.08,286.09,286.1,286.18,286.29,286.33,300,600,100,200,500,100,100,400,100,200,200,100,100,100,200,200,1200,100,200,100
304.0,285.45,64300,18373445.0,285.45,285.43,285.31,285.1,285.0,284.96,284.88,284.81,284.8,284.78,285.94,285.99,286.0,286.02,286.08,286.09,286.1,286.18,286.29,286.33,500,600,100,200,500,100,100,400,100,200,200,100,100,100,200,200,1200,100,200,100
305.0,285.45,64400,18401990.0,285.89,285.46,285.45,285.43,285.31,285.1,285.0,284.96,284.88,284.81,285.94,285.99,286.0,286.02,286.08,286.09,286.1,286.18,286.29,286.33,100,200,400,600,100,200,500,100,100,400,200,100,100,100,200,200,1200,100,200,100
306.0,285.94,64700,18487762.0,285.62,285.46,285.45,285.43,285.31,285.1,285.0,284.96,284.88,284.81,285.94,285.99,286.0,286.02,286.08,286.09,286.1,286.18,286.29,286.33,100,200,400,600,100,200,500,100,100,400,100,100,100,100,200,200,1200,100,200,100
307.0,285.94,64700,18487762.0,285.62,285.46,285.45,285.43,285.31,285.1,285.0,284.96,284.88,284.81,285.93,285.94,285.99,286.0,286.02,286.08,286.09,286.1,286.18,286.29,100,200,500,600,100,200,500,100,100,400,100,100,100,100,100,200,200,1200,100,200
308.0,285.93,65000,18573536.0,285.62,285.46,285.45,285.43,285.31,285.1,285.0,284.96,284.88,284.81,285.93,285.94,285.99,286.0,286.02,286.08,286.09,286.1,286.18,286.29,100,200,500,600,100,200,500,100,100,400,100,100,100,100,100,200,200,1200,100,200
309.0,285.93,65100,18602129.0,285.62,285.46,285.45,285.43,285.31,285.1,285.0,284.96,284.88,284.81,285.93,285.94,285.99,286.0,286.02,286.08,286.09,286.1,286.18,286.29,100,200,500,600,100,200,500,100,100,400,100,100,100,100,100,200,200,1200,100,200
310.0,285.93,65100,18602129.0,285.62,285.46,285.45,285.43,285.31,285.1,285.0,284.96,284.88,284.81,285.93,285.94,285.99,286.0,286.02,286.08,286.09,286.1,286.18,286.29,100,200,500,600,100,200,500,100,100,400,100,100,100,100,100,200,200,1200,100,200
311.0,285.99,65300,18659322.0,285.99,285.93,285.63,285.62,285.46,285.45,285.43,285.31,285.1,285.0,286.0,286.02,286.08,286.09,286.1,286.18,286.29,286.33,286.45,286.46,100,1300,100,100,200,500,600,100,200,500,100,100,200,200,1200,100,200,100,100,100
312.0,285.99,65300,18659322.0,285.99,285.93,285.63,285.62,285.46,285.45,285.43,285.31,285.1,285.0,286.0,286.02,286.08,286.09,286.1,286.18,286.29,286.33,286.45,286.46,100,1300,200,100,200,500,600,100,200,500,100,100,200,200,1200,100,200,100,100,100
313.0,285.99,65300,18659322.0,285.99,285.93,285.63,285.62,285.46,285.45,285.43,285.31,285.1,285.0,286.0,286.02,286.08,286.09,286.1,286.18,286.29,286.33,286.45,286.46,100,1300,200,100,200,500,600,100,200,500,100,100,200,200,1200,100,200,100,100,100
314.0,286.1,66900,19117058.0,286.09,286.08,286.07,286.06,286.05,286.03,286.02,286.0,285.99,285.94,286.1,286.18,286.29,286.33,286.45,286.46,286.49,286.5,286.76,286.8,100,100,100,100,100,100,100,1700,100,100,200,100,200,100,100,100,100,200,100,1400
315.0,286.1,67100,19174278.0,286.09,286.08,286.07,286.06,286.05,286.03,286.02,286.0,285.99,285.94,286.18,286.29,286.33,286.45,286.46,286.49,286.5,286.76,286.8,286.86,100,100,100,100,100,100,100,1700,100,100,100,200,100,100,100,100,200,100,1400,100
316.0,286.09,67200,19202887.0,286.16,286.08,286.07,286.06,286.05,286.03,286.02,286.0,285.99,285.94,286.18,286.29,286.33,286.45,286.46,286.49,286.5,286.76,286.8,286.86,100,100,100,100,100,100,100,1700,100,100,100,200,100,100,100,100,200,100,1400,100
317.0,286.09,67200,19202887.0,286.17,286.16,286.08,286.07,286.06,286.05,286.03,286.02,286.0,285.99,286.18,286.29,286.33,286.45,286.46,286.49,286.5,286.76,286.8,286.86,100,100,100,100,100,100,100,100,100,100,100,200,100,100,100,100,200,100,1400,100
318.0,286.09,67200,19202887.0,286.17,286.16,286.08,286.07,286.06,286.05,286.03,286.02,286.0,285.99,286.18,286.29,286.33,286.45,286.46,286.49,286.5,286.76,286.8,286.86,100,100,100,100,100,100,100,100,100,100,100,200,100,100,100,100,200,100,1400,100
319.0,286.09,67200,19202887.0,286.17,286.16,286.08,286.07,286.06,286.05,286.03,286.0,285.99,285.94,286.18,286.29,286.33,286.45,286.46,286.49,286.5,286.76,286.8,286.86,200,100,100,100,100,100,100,100,100,100,100,200,100,100,100,100,200,100,1400,100
320.0,286.17,67400,19260122.0,286.17,286.16,286.08,286.07,286.06,286.05,286.03,286.0,285.99,285.94,286.23,286.29,286.33,286.45,286.46,286.49,286.5,286.76,286.8,286.86,200,100,100,100,100,100,100,100,100,100,200,200,100,100,100,100,200,100,1400,100
321.0,286.17,67400,19260122.0,286.17,286.16,286.08,286.07,286.06,286.05,286.03,286.0,285.99,285.94,286.23,286.29,286.33,286.45,286.46,286.49,286.5,286.76,286.8,286.86,200,100,100,100,100,100,100,100,100,100,200,200,100,100,100,100,200,100,1300,100
322.0,286.23,67600,19317368.0,286.18,286.17,286.16,286.08,286.07,286.06,286.05,286.03,286.0,285.99,286.29,286.33,286.45,286.46,286.49,286.5,286.76,286.8,286.86,286.87,300,200,100,100,100,100,100,100,100,100,200,100,100,100,100,200,100,1300,100,100
323.0,286.23,67600,19317368.0,286.23,286.18,286.17,286.16,286.08,286.07,286.06,286.05,286.03,286.0,286.29,286.33,286.45,286.46,286.49,286.5,286.76,286.8,286.86,286.87,100,400,200,100,100,100,100,100,100,100,200,100,100,100,100,200,100,1300,100,100
324.0,286.23,67600,19317368.0,286.23,286.18,286.17,286.16,286.08,286.07,286.06,286.05,286.03,286.0,286.29,286.33,286.45,286.46,286.49,286.5,286.76,286.8,286.86,286.87,100,400,200,100,100,100,100,100,100,100,200,100,100,100,100,200,100,1300,100,100
325.0,286.23,67600,19317368.0,286.23,286.18,286.17,286.16,286.08,286.07,286.06,286.05,286.03,286.0,286.29,286.33,286.45,286.46,286.49,286.5,286.76,286.8,286.86,286.87,100,600,200,100,100,100,100,100,100,100,200,100,100,100,100,200,100,1300,100,100
326.0,286.23,67600,19317368.0,286.25,286.24,286.23,286.18,286.17,286.16,286.08,286.07,286.06,286.05,286.29,286.33,286.45,286.46,286.49,286.5,286.76,286.8,286.86,286.87,100,100,100,600,300,100,100,100,100,100,200,100,100,100,100,200,100,1300,100,100
327.0,286.29,67800,19374626.0,286.29,286.25,286.24,286.23,286.18,286.17,286.16,286.08,286.07,286.06,286.33,286.45,286.46,286.49,286.5,286.76,286.8,286.86,286.87,286.88,100,100,100,100,600,300,100,100,100,100,100,100,100,100,100,100,1300,100,100,400
328.0,286.29,67800,19374626.0,286.29,286.25,286.24,286.23,286.18,286.17,286.16,286.08,286.07,286.06,286.33,286.45,286.46,286.49,286.5,286.76,286.8,286.86,286.87,286.88,200,100,100,100,600,300,100,100,100,100,100,100,100,100,100,100,1300,100,100,400
329.0,286.33,67900,19403259.0,286.33,286.3,286.29,286.26,286.25,286.24,286.23,286.18,286.17,286.16,286.45,286.46,286.49,286.5,286.76,286.8,286.86,286.87,286.88,286.93,300,100,200,100,100,100,100,400,300,100,100,100,100,100,100,1300,100,100,400,100
330.0,286.33,67900,19403259.0,286.33,286.3,286.29,286.26,286.25,286.24,286.23,286.18,286.17,286.16,286.45,286.46,286.49,286.76,286.8,286.86,286.87,286.88,286.93,287.0,300,100,300,100,100,100,100,400,300,100,100,100,100,100,1300,100,100,400,100,1300
331.0,286.33,68000,19431892.0,286.33,286.3,286.29,286.26,286.25,286.24,286.23,286.18,286.17,286.16,286.45,286.46,286.49,286.76,286.8,286.86,286.87,286.88,286.93,287.0,500,100,300,100,100,100,100,400,300,100,100,100,100,100,1300,100,100,400,100,1300
332.0,286.33,68000,19431892.0,286.34,286.33,286.3,286.29,286.26,286.25,286.24,286.23,286.18,286.17,286.45,286.46,286.49,286.76,286.8,286.86,286.87,286.88,286.93,287.0,100,500,100,300,100,100,100,100,400,300,100,100,100,100,1300,100,100,400,100,1300
333.0,286.33,68000,19431892.0,286.34,286.33,286.3,286.29,286.26,286.25,286.24,286.23,286.18,286.17,286.45,286.46,286.49,286.76,286.8,286.86,286.87,286.88,286.93,287.0,100,500,100,500,100,100,100,100,400,300,100,100,100,100,1300,100,100,400,100,1300
334.0,286.49,68300,19517832.0,286.47,286.45,286.34,286.33,286.3,286.29,286.26,286.25,286.24,286.23,286.76,286.8,286.86,286.87,286.88,286.93,287.0,287.1,287.26,287.5,100,100,100,500,100,800,100,100,100,100,100,1300,100,100,300,100,1300,100,100,100
335.0,286.49,68300,19517832.0,286.5,286.48,286.47,286.46,286.45,286.34,286.33,286.3,286.29,286.26,286.76,286.8,286.86,286.87,286.88,286.93,287.0,287.1,287.26,287.5,100,100,100,700,100,100,300,100,800,100,100,1300,100,100,300,100,1300,100,100,100
336.0,286.76,68400,19546508.0,286.57,286.5,286.48,286.47,286.46,286.45,286.34,286.33,286.3,286.29,286.8,286.86,286.87,286.88,286.93,287.0,287.1,287.26,287.5,287.62,100,100,100,100,700,100,100,300,100,800,1300,100,100,300,100,1300,100,100,100,100
337.0,286.57,69100,19747240.0,286.65,286.57,286.5,286.48,286.47,286.46,286.45,286.34,286.33,286.3,286.8,286.86,286.87,286.88,286.93,287.0,287.1,287.26,287.5,287.62,100,100,100,100,100,700,100,100,100,100,800,100,100,300,100,1300,100,100,100,100
338.0,286.57,69100,19747240.0,286.66,286.65,286.57,286.5,286.48,286.47,286.46,286.45,286.34,286.33,286.8,286.86,286.87,286.88,286.93,287.0,287.1,287.26,287.5,287.62,300,100,100,100,100,100,200,100,100,100,800,100,100,300,100,1300,100,100,100,100
339.0,286.8,69500,19861960.0,286.79,286.76,286.75,286.66,286.65,286.57,286.5,286.48,286.47,286.46,286.8,286.86,286.87,286.88,286.93,287.0,287.1,287.26,287.5,287.62,100,200,300,300,100,100,100,100,100,200,400,100,100,300,100,1300,100,100,100,100
340.0,286.8,69600,19890640.0,286.79,286.75,286.66,286.65,286.57,286.5,286.48,286.47,286.46,286.45,286.8,286.86,286.87,286.88,286.93,287.0,287.1,287.26,287.5,287.62,100,300,300,100,100,100,100,100,200,100,300,100,100,300,100,1300,100,100,100,100
341.0,286.79,70100,20034038.0,286.75,286.66,286.65,286.57,286.5,286.48,286.47,286.45,286.34,286.33,286.86,286.87,286.88,286.93,287.0,287.1,287.26,287.5,287.62,287.85,400,300,100,100,100,100,100,100,100,100,200,100,300,100,1300,100,100,100,100,100
342.0,286.86,70200,20062724.0,286.75,286.66,286.65,286.57,286.5,286.48,286.47,286.45,286.34,286.33,286.86,286.87,286.88,286.93,287.0,287.1,287.26,287.5,287.62,287.85,400,300,100,100,100,100,100,100,100,100,100,100,300,100,1300,100,100,100,100,100
343.0,286.86,70200,20062724.0,286.75,286.66,286.65,286.57,286.5,286.48,286.47,286.45,286.34,286.33,286.86,286.87,286.88,286.93,287.0,287.1,287.26,287.5,287.62,287.85,400,300,100,100,100,100,100,100,100,100,100,100,300,100,1300,100,100,100,100,100
344.0,286.75,70700,20206110.0,286.66,286.65,286.57,286.5,286.48,286.47,286.45,286.34,286.33,286.3,286.87,286.88,286.93,287.0,287.1,287.26,287.5,287.62,287.85,287.86,300,100,100,100,100,100,100,100,100,100,100,300,100,1300,100,100,100,100,100,200
345.0,286.8,71000,20292156.0,286.66,286.65,286.57,286.5,286.48,286.47,286.45,286.34,286.33,286.3,286.82,286.87,286.88,286.93,287.0,287.1,287.26,287.5,287.62,287.85,300,100,100,100,100,100,100,100,100,100,100,100,300,100,1300,100,100,100,100,100
346.0,286.8,71000,20292156.0,286.66,286.65,286.57,286.5,286.48,286.47,286.45,286.34,286.33,286.3,286.82,286.87,286.88,286.93,287.0,287.1,287.26,287.5,287.62,287.85,300,100,100,100,100,100,100,100,100,100,100,100,300,100,1300,100,100,100,100,100
347.0,286.8,71000,20292156.0,286.66,286.65,286.57,286.5,286.48,286.47,286.45,286.34,286.33,286.3,286.82,286.86,286.87,286.88,286.93,287.0,287.1,287.26,287.5,287.62,300,100,100,100,100,100,100,100,100,100,100,500,300,300,100,1300,100,100,100,100
348.0,286.66,71200,20349488.0,286.66,286.65,286.57,286.5,286.48,286.47,286.45,286.34,286.33,286.3,286.82,286.86,286.87,286.88,286.93,287.0,287.1,287.26,287.5,287.62,100,100,100,100,100,100,100,100,100,100,200,500,300,300,100,1300,100,100,100,100
349.0,286.66,71300,20378154.0,286.66,286.65,286.57,286.5,286.48,286.47,286.45,286.34,286.33,286.3,286.82,286.86,286.87,286.88,286.93,287.0,287.1,287.26,287.5,287.62,100,100,100,100,100,100,100,100,100,100,200,500,300,300,100,1300,100,100,100,100
350.0,286.66,71900,20550242.0,286.65,286.57,286.5,286.48,286.47,286.45,286.34,286.33,286.3,286.29,286.86,286.87,286.88,286.93,287.0,287.1,287.26,287.5,287.62,287.85,100,100,100,100,100,100,100,100,100,800,200,200,300,100,1300,100,100,100,100,100
351.0,286.66,71900,20550242.0,286.65,286.57,286.5,286.48,286.47,286.45,286.34,286.33,286.3,286.29,286.66,286.86,286.87,286.88,286.93,287.0,287.1,287.26,287.5,287.62,100,100,100,100,100,100,100,100,100,800,300,200,200,300,100,1300,100,100,100,100
352.0,286.65,72100,20607573.0,286.57,286.5,286.48,286.47,286.45,286.34,286.33,286.3,286.29,286.26,286.66,286.8,286.86,286.87,286.88,286.93,287.0,287.1,287.26,287.5,100,100,100,100,100,100,100,100,700,100,200,100,200,200,300,100,1300,100,100,100
353.0,286.65,72300,20664903.0,286.57,286.5,286.48,286.47,286.45,286.34,286.33,286.3,286.29,286.26,286.65,286.66,286.71,286.8,286.86,286.88,286.93,287.0,287.1,287.26,100,100,100,100,100,100,100,100,700,100,100,200,200,100,200,300,100,1300,100,100
354.0,286.57,72400,20693560.0,286.5,286.48,286.47,286.45,286.34,286.33,286.3,286.29,286.26,286.25,286.62,286.66,286.71,286.8,286.86,286.88,286.93,287.0,287.1,287.26,100,100,100,100,100,100,100,700,100,100,200,400,200,100,200,300,100,1300,100,100
355.0,286.5,72500,20722210.0,286.48,286.47,286.45,286.34,286.33,286.3,286.29,286.26,286.25,286.24,286.62,286.66,286.71,286.8,286.85,286.86,286.88,286.93,287.0,287.1,100,100,100,100,100,100,700,100,100,100,200,400,200,100,200,200,300,100,1300,100
356.0,286.45,72800,20808150.0,286.34,286.33,286.3,286.29,286.26,286.25,286.24,286.23,286.18,286.17,286.5,286.62,286.66,286.67,286.71,286.8,286.85,286.86,286.88,286.93,100,100,100,700,100,100,100,100,100,200,100,200,400,100,200,200,200,200,300,100
357.0,286.34,72900,20836784.0,286.33,286.3,286.29,286.26,286.25,286.24,286.23,286.18,286.17,286.16,286.49,286.5,286.58,286.62,286.66,286.67,286.71,286.8,286.85,286.86,100,100,700,100,100,100,100,100,200,100,100,100,100,200,400,100,200,200,500,200
358.0,286.3,73100,20894047.0,286.29,286.26,286.25,286.24,286.23,286.18,286.17,286.16,286.08,286.07,286.49,286.5,286.58,286.62,286.66,286.67,286.71,286.8,286.85,286.86,700,100,100,100,100,100,200,100,100,100,100,100,600,200,400,100,200,200,500,200
359.0,286.08,74700,21352024.0,286.07,286.06,286.05,286.03,285.99,285.94,285.73,285.62,285.45,285.43,286.1,286.12,286.33,286.48,286.49,286.5,286.58,286.62,286.66,286.67,100,100,100,100,100,100,100,100,400,400,100,200,200,200,100,200,500,200,300,100
360.0,286.09,74800,21380633.0,286.07,286.06,286.05,286.03,285.99,285.94,285.73,285.62,285.45,285.43,286.1,286.12,286.33,286.49,286.5,286.58,286.62,286.66,286.67,286.8,100,100,100,100,100,100,100,100,400,400,100,200,200,100,300,500,200,300,100,300
361.0,285.94,75400,21552247.0,285.73,285.62,285.45,285.43,285.31,285.1,285.01,285.0,284.96,284.81,285.95,286.03,286.08,286.1,286.12,286.33,286.49,286.5,286.58,286.62,100,100,400,400,100,200,100,500,100,400,200,400,400,100,200,200,100,300,500,200
362.0,285.73,75500,21580820.0,285.62,285.45,285.43,285.31,285.1,285.01,285.0,284.96,284.81,284.78,285.94,285.95,286.03,286.06,286.08,286.1,286.12,286.33,286.49,286.5,100,400,400,100,200,100,500,100,400,200,100,100,400,200,400,100,200,300,100,200
363.0,286.06,75800,21666626.0,286.07,285.73,285.62,285.45,285.43,285.31,285.1,285.01,285.0,284.96,286.08,286.1,286.12,286.33,286.49,286.5,286.54,286.58,286.62,286.66,100,100,100,400,400,100,200,100,500,100,400,100,100,300,100,100,200,500,200,400
364.0,285.98,76100,21752438.0,285.73,285.62,285.45,285.43,285.31,285.1,285.01,285.0,284.96,284.81,286.08,286.1,286.12,286.33,286.49,286.5,286.54,286.58,286.62,286.66,100,100,400,400,100,200,100,600,100,400,400,100,100,300,100,100,200,300,200,300
365.0,286.08,76500,21866870.0,285.73,285.62,285.45,285.43,285.31,285.1,285.01,285.0,284.96,284.81,286.1,286.12,286.33,286.49,286.5,286.54,286.58,286.62,286.66,286.8,100,100,400,400,100,200,100,600,100,400,100,100,200,100,100,200,300,200,300,400
366.0,286.08,76500,21866870.0,286.09,285.73,285.62,285.45,285.43,285.31,285.1,285.01,285.0,284.96,286.1,286.12,286.33,286.49,286.5,286.58,286.62,286.66,286.8,286.85,300,100,100,400,400,100,200,100,600,100,100,100,200,100,100,300,200,300,400,300
367.0,286.09,76600,21895479.0,286.09,285.62,285.45,285.43,285.31,285.1,285.01,285.0,284.96,284.81,286.1,286.12,286.33,286.49,286.5,286.58,286.62,286.66,286.8,286.85,200,100,400,400,100,200,100,600,100,400,100,100,200,100,100,300,200,300,400,300
368.0,286.09,76800,21952697.0,285.63,285.62,285.45,285.43,285.31,285.1,285.01,285.0,284.96,284.81,286.09,286.1,286.12,286.33,286.49,286.5,286.58,286.62,286.66,286.8,100,100,400,400,100,200,100,600,100,400,100,100,100,200,100,100,300,200,300,400
369.0,286.09,76900,21981306.0,286.07,285.63,285.62,285.45,285.43,285.31,285.1,285.01,285.0,284.96,286.1,286.12,286.33,286.49,286.5,286.58,286.62,286.66,286.8,286.85,100,100,100,400,400,100,200,100,600,100,100,100,200,100,100,300,200,300,400,300
370.0,286.09,76900,21981306.0,286.07,285.63,285.62,285.45,285.43,285.31,285.1,285.01,285.0,284.96,286.1,286.12,286.32,286.33,286.5,286.58,286.62,286.66,286.8,286.85,200,100,100,400,400,100,200,100,600,100,100,100,200,200,100,300,200,300,400,300
371.0,286.09,76900,21981306.0,286.07,285.63,285.62,285.45,285.43,285.31,285.1,285.01,285.0,284.96,286.1,286.12,286.32,286.33,286.5,286.58,286.62,286.66,286.8,286.85,200,100,100,400,400,100,200,100,600,100,100,100,200,200,100,300,200,300,500,300
372.0,286.09,76900,21981306.0,286.07,285.63,285.62,285.45,285.43,285.31,285.1,285.01,285.0,284.96,286.1,286.12,286.32,286.33,286.5,286.58,286.62,286.66,286.8,286.85,200,100,100,400,400,100,200,100,600,100,100,100,200,100,100,300,200,300,500,300
373.0,286.12,77100,22038528.0,286.15,286.07,285.63,285.62,285.45,285.43,285.31,285.1,285.01,285.0,286.32,286.33,286.5,286.58,286.62,286.66,286.8,286.85,286.86,286.87,200,300,100,100,400,200,100,200,100,600,300,100,100,300,200,300,500,300,200,200
374.0,286.32,77300,22095792.0,286.32,286.15,286.07,285.63,285.62,285.45,285.43,285.31,285.1,285.01,286.33,286.5,286.58,286.62,286.66,286.7,286.8,286.85,286.86,286.87,300,200,300,100,100,400,200,100,200,100,100,100,300,200,300,100,500,300,200,200
375.0,286.32,77600,22181688.0,286.15,286.07,285.63,285.62,285.45,285.43,285.31,285.1,285.01,285.0,286.32,286.33,286.5,286.58,286.62,286.66,286.7,286.8,286.85,286.86,100,300,100,100,400,200,100,200,100,600,300,100,100,300,200,300,100,500,300,200
376.0,286.32,77600,22181688.0,286.15,286.1,286.07,285.63,285.62,285.45,285.43,285.31,285.1,285.01,286.32,286.33,286.5,286.58,286.62,286.66,286.7,286.8,286.85,286.86,100,100,300,100,100,400,200,100,200,100,300,100,100,300,200,300,100,400,300,200
377.0,286.32,77600,22181688.0,286.15,286.1,286.07,285.63,285.62,285.45,285.43,285.31,285.1,285.01,286.32,286.33,286.5,286.58,286.62,286.66,286.7,286.8,286.85,286.86,100,100,300,100,100,400,200,100,200,100,300,100,100,300,200,300,100,400,300,200
378.0,286.32,77600,22181688.0,286.15,286.1,286.07,285.63,285.62,285.45,285.43,285.31,285.1,285.01,286.31,286.32,286.33,286.5,286.58,286.62,286.66,286.7,286.8,286.85,100,100,300,100,100,400,200,100,200,100,100,300,100,100,300,200,300,100,400,300
379.0,286.07,78100,22324734.0,285.68,285.62,285.45,285.43,285.31,285.1,285.01,285.0,284.96,284.81,286.1,286.32,286.33,286.5,286.58,286.62,286.66,286.7,286.8,286.85,300,100,400,200,100,200,100,600,100,400,100,300,100,100,300,200,300,100,400,300
380.0,286.1,78200,22353344.0,285.68,285.62,285.45,285.43,285.31,285.1,285.01,285.0,284.96,284.81,286.1,286.31,286.32,286.33,286.5,286.58,286.62,286.66,286.7,286.8,300,100,400,200,100,200,100,600,100,400,100,200,300,100,100,300,200,300,100,400
381.0,286.31,78400,22410585.0,285.68,285.62,285.45,285.43,285.31,285.1,285.01,285.0,284.96,284.81,286.3,286.31,286.32,286.33,286.5,286.58,286.62,286.66,286.7,286.8,300,100,400,200,100,200,100,600,100,400,100,100,300,100,100,300,200,300,100,400
382.0,286.31,78400,22410585.0,285.68,285.62,285.45,285.43,285.31,285.1,285.01,285.0,284.96,284.81,286.15,286.31,286.32,286.33,286.5,286.58,286.62,286.66,286.7,286.8,300,100,400,200,100,200,100,600,100,400,100,100,400,100,100,300,200,300,100,400
383.0,286.31,78400,22410585.0,285.68,285.62,285.45,285.43,285.31,285.1,285.01,285.0,284.96,284.81,286.15,286.31,286.32,286.33,286.5,286.58,286.62,286.66,286.7,286.8,300,100,400,200,100,200,100,600,100,400,100,200,600,100,100,300,200,300,100,400
384.0,286.31,78400,22410585.0,285.68,285.62,285.45,285.43,285.31,285.1,285.01,285.0,284.96,284.81,286.29,286.3,286.31,286.32,286.33,286.5,286.58,286.62,286.66,286.7,300,100,400,200,100,200,100,600,100,400,100,100,200,600,100,100,300,200,300,100
385.0,286.31,78400,22410585.0,285.68,285.62,285.45,285.43,285.31,285.1,285.01,285.0,284.96,284.81,286.23,286.24,286.28,286.29,286.3,286.31,286.32,286.33,286.5,286.58,400,100,400,200,100,200,100,600,100,400,100,200,100,400,100,200,400,100,100,200
386.0,286.17,78600,22467819.0,285.69,285.68,285.62,285.45,285.43,285.31,285.1,285.01,285.0,284.96,286.17,286.22,286.29,286.3,286.31,286.32,286.33,286.5,286.58,286.62,300,400,100,400,200,100,200,100,600,100,100,100,400,100,200,400,100,100,200,200
387.0,286.17,78600,22467819.0,285.69,285.68,285.62,285.45,285.43,285.31,285.1,285.01,285.0,284.96,286.02,286.17,286.29,286.3,286.31,286.32,286.33,286.5,286.58,286.62,300,400,100,400,200,100,200,100,600,100,100,100,400,100,200,400,100,100,200,200
388.0,286.17,78600,22467819.0,285.69,285.68,285.62,285.45,285.43,285.31,285.1,285.01,285.0,284.96,286.02,286.17,286.24,286.29,286.3,286.31,286.32,286.33,286.5,286.62,300,400,100,400,200,100,200,100,600,100,100,100,100,300,100,200,400,100,100,200
389.0,286.02,79100,22610872.0,286.02,285.69,285.68,285.62,285.45,285.43,285.31,285.1,285.01,285.0,286.24,286.29,286.3,286.31,286.32,286.5,286.62,286.66,286.8,286.85,1300,300,400,100,400,200,100,200,100,600,100,300,100,200,400,100,200,300,400,300
390.0,286.02,79100,22610872.0,286.02,285.69,285.68,285.62,285.45,285.43,285.31,285.1,285.01,285.0,286.24,286.28,286.29,286.3,286.31,286.32,286.5,286.62,286.66,286.8,1300,300,400,100,400,200,100,200,100,600,100,200,300,100,100,400,100,200,300,400
391.0,286.02,79100,22610872.0,286.02,285.69,285.68,285.62,285.45,285.43,285.31,285.1,285.01,285.0,286.24,286.28,286.29,286.3,286.31,286.32,286.5,286.62,286.66,286.8,1300,300,400,100,400,200,100,200,100,600,100,200,300,100,100,400,100,200,300,400
392.0,286.02,79400,22696678.0,286.02,285.69,285.68,285.62,285.45,285.43,285.31,285.1,285.01,285.0,286.24,286.28,286.29,286.3,286.31,286.32,286.62,286.66,286.8,286.85,1000,300,400,100,400,200,100,200,100,600,100,200,300,100,100,400,200,300,300,300
393.0,286.02,79400,22696678.0,286.02,285.69,285.68,285.62,285.45,285.43,285.31,285.1,285.01,285.0,286.24,286.28,286.29,286.3,286.31,286.32,286.62,286.66,286.8,286.85,1600,300,400,100,400,200,100,200,100,600,100,200,300,100,100,400,200,300,300,300
394.0,286.02,79400,22696678.0,286.02,285.69,285.68,285.62,285.45,285.43,285.31,285.1,285.01,285.0,286.24,286.28,286.29,286.3,286.31,286.32,286.62,286.66,286.8,286.85,1800,300,400,100,400,200,100,200,100,600,100,200,300,100,100,400,200,300,300,300
395.0,286.24,79500,22725302.0,286.24,286.02,285.69,285.68,285.62,285.45,285.43,285.31,285.1,285.01,286.28,286.29,286.3,286.31,286.32,286.62,286.66,286.8,286.85,286.86,1000,1800,300,400,100,400,200,100,200,100,200,300,100,100,400,200,300,300,300,200
396.0,286.32,80500,23011594.0,286.24,286.03,286.02,285.69,285.68,285.62,285.45,285.43,285.31,285.1,286.32,286.62,286.66,286.8,286.85,286.86,286.87,286.88,286.93,286.98,1100,200,1800,300,400,100,400,200,100,200,200,200,300,300,300,200,200,300,100,100
397.0,286.24,80600,23040218.0,286.25,286.24,286.03,286.02,285.69,285.68,285.62,285.45,285.43,285.31,286.32,286.62,286.66,286.8,286.85,286.86,286.87,286.88,286.93,286.98,100,1000,200,1800,300,400,100,400,200,100,200,400,300,300,300,200,200,300,100,100
398.0,286.32,80700,23068850.0,286.25,286.24,286.03,286.02,285.69,285.68,285.62,285.45,285.43,285.31,286.32,286.62,286.66,286.8,286.85,286.86,286.87,286.88,286.93,286.98,400,200,200,900,300,400,100,400,200,100,100,400,300,300,300,200,200,300,100,100
399.0,286.32,80700,23068850.0,286.28,286.25,286.24,286.13,286.03,286.02,285.69,285.68,285.62,285.5,286.32,286.62,286.66,286.8,286.85,286.86,286.87,286.88,286.93,286.98,500,400,200,300,200,900,300,400,100,100,100,400,300,300,300,200,200,300,100,100
400.0,286.28,81100,23183362.0,286.28,286.25,286.24,286.13,286.03,286.02,285.69,285.68,285.62,285.5,286.32,286.62,286.66,286.8,286.85,286.86,286.87,286.88,286.93,286.98,100,400,200,300,200,900,300,400,100,100,100,400,300,300,300,200,200,300,100,100
401.0,286.62,81300,23240656.0,286.29,286.28,286.25,286.24,286.13,286.03,286.02,285.69,285.68,285.62,286.62,286.66,286.8,286.85,286.86,286.87,286.88,286.93,286.98,286.99,100,200,400,200,300,200,900,300,400,100,300,300,200,300,200,200,300,100,100,100
402.0,286.62,81300,23240656.0,286.29,286.28,286.25,286.24,286.13,286.03,286.02,285.69,285.68,285.62,286.62,286.66,286.8,286.85,286.86,286.87,286.88,286.93,286.98,286.99,100,200,400,200,300,200,900,300,400,100,400,300,100,300,200,200,300,100,100,100
403.0,286.62,81300,23240656.0,286.29,286.28,286.25,286.24,286.13,286.03,286.02,285.69,285.68,285.62,286.62,286.66,286.8,286.85,286.86,286.87,286.88,286.93,286.98,286.99,100,200,400,200,300,200,900,300,400,100,300,300,100,300,200,200,300,100,100,100
404.0,286.66,81900,23412640.0,286.4,286.29,286.28,286.25,286.24,286.13,286.03,286.02,285.69,285.68,286.8,286.85,286.86,286.87,286.88,286.93,286.98,286.99,287.0,287.1,100,100,200,400,200,300,200,900,300,400,100,300,200,200,300,100,100,100,1700,100
