LocalTime,LastPrice,TradeVolume,TradeValue,BidPrice1,BidPrice2,BidPrice3,BidPrice4,BidPrice5,BidPrice6,BidPrice7,BidPrice8,BidPrice9,BidPriceA,AskPrice1,AskPrice2,AskPrice3,AskPrice4,AskPrice5,AskPrice6,AskPrice7,AskPrice8,AskPrice9,AskPriceA,BidVolume1,BidVolume2,BidVolume3,BidVolume4,BidVolume5,BidVolume6,BidVolume7,BidVolume8,BidVolume9,BidVolumeA,AskVolume1,AskVolume2,AskVolume3,AskVolume4,AskVolume5,AskVolume6,AskVolume7,AskVolume8,AskVolume9,AskVolumeA
0.0,8.67,4700,40749.0,8.67,8.66,8.63,8.62,8.61,8.6,8.58,8.56,8.55,8.53,8.72,8.8,8.83,8.85,8.86,8.87,8.88,8.89,8.9,8.91,1300,3900,2200,4000,1000,5500,2300,6000,4100,1600,4000,5400,3200,1000,2000,1000,12400,300,5600,600
1.0,8.67,4700,40749.0,8.68,8.67,8.66,8.63,8.62,8.61,8.6,8.58,8.56,8.55,8.72,8.8,8.83,8.85,8.86,8.87,8.88,8.89,8.9,8.91,900,1500,3900,2200,4000,1000,5500,2300,6000,4100,4000,5400,3200,1000,2000,1000,12400,300,5600,600
2.0,8.67,4700,40749.0,8.68,8.67,8.66,8.63,8.62,8.61,8.6,8.58,8.56,8.55,8.72,8.8,8.83,8.85,8.86,8.87,8.88,8.89,8.9,8.91,700,1500,3900,2200,4000,1000,5500,2300,6000,4100,4000,5400,3200,1000,2400,1000,12400,300,5600,600
3.0,8.67,4700,40749.0,8.69,8.68,8.67,8.66,8.63,8.62,8.61,8.6,8.58,8.56,8.72,8.8,8.83,8.85,8.86,8.87,8.88,8.89,8.9,8.91,100,700,1500,3900,2200,4000,4200,5500,2300,6000,4000,5400,3200,1000,2400,1000,12700,300,5600,600
4.0,8.67,4700,40749.0,8.69,8.68,8.67,8.66,8.63,8.62,8.61,8.6,8.58,8.56,8.72,8.8,8.83,8.85,8.86,8.87,8.88,8.89,8.9,8.91,100,700,1500,3900,2200,4000,4200,5500,2300,6000,6000,5400,3200,1000,2400,1500,12700,300,5600,600
5.0,8.67,4700,40749.0,8.69,8.68,8.67,8.66,8.63,8.62,8.61,8.6,8.58,8.56,8.72,8.77,8.79,8.8,8.83,8.85,8.86,8.87,8.88,8.89,100,2700,1500,3900,2200,4000,4200,6000,2300,6000,6000,400,2100,5400,3200,1000,2400,1500,12700,300
6.0,8.67,4700,40749.0,8.68,8.67,8.66,8.63,8.62,8.61,8.6,8.58,8.56,8.55,8.72,8.77,8.79,8.8,8.83,8.85,8.86,8.87,8.88,8.89,2700,3500,2500,2200,6200,4200,6000,15300,6000,4100,6000,400,2100,5400,3200,1000,2400,1500,12700,300
7.0,8.72,4900,42493.0,8.68,8.67,8.66,8.63,8.62,8.61,8.6,8.59,8.58,8.56,8.72,8.77,8.79,8.8,8.83,8.85,8.86,8.87,8.88,8.89,2700,3500,2500,2200,6200,4200,6000,2100,15300,6000,5800,400,2100,8400,3200,1000,2400,1500,12700,300
8.0,8.72,5100,44237.0,8.7,8.68,8.67,8.66,8.63,8.62,8.61,8.6,8.59,8.58,8.72,8.77,8.79,8.8,8.83,8.85,8.86,8.87,8.88,8.89,200,2300,3500,2500,2200,6200,4200,6000,2100,15300,5600,400,2100,8400,3200,1400,2400,1500,12700,300
9.0,8.7,5200,45107.0,8.7,8.68,8.67,8.66,8.63,8.62,8.61,8.6,8.59,8.58,8.72,8.77,8.79,8.8,8.83,8.85,8.86,8.87,8.88,8.89,100,2300,3500,2500,2200,6200,4200,6000,2100,15300,5600,400,7100,8400,3200,1400,2400,2500,12700,300
10.0,8.72,6000,52083.0,8.7,8.68,8.67,8.66,8.63,8.62,8.61,8.6,8.59,8.58,8.72,8.77,8.79,8.8,8.83,8.85,8.86,8.87,8.88,8.89,100,300,3500,2500,2200,6200,4200,6000,2100,15300,4800,400,7100,8400,3200,1800,2800,2500,12700,300
11.0,8.72,6200,53827.0,8.71,8.7,8.68,8.67,8.66,8.63,8.62,8.61,8.6,8.59,8.72,8.77,8.79,8.8,8.83,8.85,8.86,8.87,8.88,8.89,2000,100,300,4000,2500,2200,6200,4200,6000,2100,4600,400,7100,8400,3200,1800,2800,2500,12700,300
12.0,8.72,6500,56442.0,8.71,8.68,8.67,8.66,8.63,8.62,8.61,8.6,8.59,8.58,8.72,8.77,8.79,8.8,8.83,8.85,8.86,8.87,8.88,8.89,1900,300,4000,2500,2200,6200,4200,6000,2100,15300,4400,400,7100,8400,3200,1800,2800,2500,12700,300
13.0,8.72,7500,65162.0,8.71,8.68,8.67,8.66,8.65,8.63,8.62,8.61,8.6,8.59,8.72,8.77,8.79,8.8,8.83,8.85,8.86,8.87,8.88,8.89,2200,300,3800,2500,2000,2200,6200,4200,6000,2100,5700,400,7100,8400,3200,1800,2800,2500,12700,300
14.0,8.72,10900,94810.0,8.71,8.69,8.67,8.66,8.65,8.63,8.62,8.61,8.6,8.59,8.72,8.77,8.79,8.8,8.82,8.83,8.85,8.86,8.87,8.88,1900,100,3800,2500,2000,2200,6200,4200,6000,2100,2300,400,7100,8400,500,3200,1800,2800,2500,12700
15.0,8.72,13100,113994.0,8.72,8.71,8.69,8.67,8.66,8.65,8.63,8.62,8.61,8.6,8.76,8.77,8.79,8.8,8.82,8.83,8.85,8.86,8.87,8.88,2600,2000,100,3800,2500,2000,2200,6200,4200,6000,2300,400,7100,8400,500,3200,1800,2800,2500,12700
16.0,8.72,14900,129690.0,8.72,8.71,8.69,8.67,8.66,8.65,8.63,8.62,8.61,8.6,8.74,8.76,8.77,8.79,8.8,8.82,8.83,8.85,8.86,8.87,1000,2000,100,3800,2500,2000,2200,6200,4200,6000,500,2800,400,7100,8400,500,3200,1800,2800,2500
17.0,8.72,15900,138410.0,8.71,8.69,8.67,8.66,8.65,8.63,8.62,8.61,8.6,8.59,8.72,8.74,8.76,8.77,8.79,8.8,8.82,8.83,8.85,8.86,2000,100,3800,2500,2000,2200,6200,4200,6000,2100,6200,900,2800,400,7100,8400,500,3200,1800,2800
18.0,8.71,16300,141896.0,8.71,8.69,8.67,8.66,8.65,8.63,8.62,8.61,8.6,8.59,8.72,8.74,8.76,8.77,8.79,8.8,8.82,8.83,8.85,8.86,1800,100,8800,2500,2000,2200,6200,4200,6000,2100,6200,1100,2800,400,7100,8400,500,3200,1800,2800
19.0,8.71,16800,146251.0,8.71,8.69,8.67,8.66,8.65,8.63,8.62,8.61,8.6,8.59,8.72,8.74,8.76,8.77,8.79,8.8,8.82,8.83,8.85,8.86,1300,100,8800,2500,2000,2200,6200,4200,6000,2100,6300,1000,2800,400,7100,8400,500,3200,1800,2800
20.0,8.72,18800,163691.0,8.71,8.69,8.67,8.66,8.65,8.63,8.62,8.61,8.6,8.59,8.72,8.74,8.76,8.77,8.79,8.8,8.82,8.83,8.85,8.86,1200,100,8800,2500,2000,2200,6200,4200,6000,2100,5000,800,2800,400,7100,8400,500,3200,1800,2800
21.0,8.71,22800,198568.0,8.71,8.69,8.67,8.66,8.65,8.63,8.62,8.61,8.6,8.59,8.72,8.74,8.76,8.77,8.79,8.8,8.82,8.83,8.85,8.86,900,100,8800,2500,2000,2200,6200,4200,6000,2100,1300,800,2800,400,7100,8400,500,3200,1800,2800
22.0,8.71,22800,198568.0,8.71,8.69,8.67,8.66,8.65,8.63,8.62,8.61,8.6,8.59,8.72,8.74,8.76,8.77,8.79,8.8,8.82,8.83,8.85,8.86,900,100,8800,2500,2000,2200,6200,4200,6000,2100,1300,800,2800,400,7100,8400,500,3200,1800,2800
23.0,8.71,23400,203794.0,8.71,8.69,8.67,8.66,8.65,8.63,8.62,8.61,8.6,8.59,8.72,8.74,8.76,8.77,8.79,8.8,8.82,8.83,8.85,8.86,300,100,8800,2500,3000,2200,6200,4200,6000,2100,1100,800,2800,400,7100,8400,500,3200,1800,2800
24.0,8.71,24100,209891.0,8.7,8.69,8.67,8.66,8.65,8.63,8.62,8.61,8.6,8.59,8.71,8.72,8.74,8.76,8.77,8.79,8.8,8.82,8.83,8.85,1000,100,11800,2500,3000,2200,6200,4200,6000,2100,200,1000,800,2800,400,7100,8400,500,3200,1800
25.0,8.71,24100,209891.0,8.7,8.69,8.67,8.66,8.65,8.63,8.62,8.61,8.6,8.59,8.71,8.72,8.74,8.76,8.77,8.79,8.8,8.82,8.83,8.85,1000,100,11800,2500,3000,2200,6200,4200,6000,2100,200,1000,800,2800,400,7100,8400,500,3200,1800
26.0,8.7,24600,214243.0,8.7,8.69,8.67,8.66,8.65,8.63,8.62,8.61,8.6,8.59,8.72,8.74,8.76,8.77,8.79,8.8,8.82,8.83,8.85,8.86,700,100,11800,2500,3000,2200,6200,4200,6000,2100,3600,800,2800,400,7100,8400,500,3200,1800,2800
27.0,8.7,24600,214243.0,8.71,8.7,8.69,8.67,8.66,8.65,8.63,8.62,8.61,8.6,8.72,8.74,8.76,8.77,8.79,8.8,8.82,8.83,8.85,8.86,100,700,100,11800,2500,3000,2200,6200,4200,6000,3600,800,2800,400,7100,8400,500,3200,1800,2800
28.0,8.7,24600,214243.0,8.71,8.7,8.69,8.67,8.66,8.65,8.63,8.62,8.61,8.6,8.72,8.74,8.76,8.77,8.79,8.8,8.82,8.83,8.85,8.86,100,700,100,11800,3800,3000,2200,6200,4200,6000,3600,800,2800,400,7100,8400,500,3200,1800,2800
29.0,8.71,24700,215114.0,8.7,8.69,8.67,8.66,8.65,8.63,8.62,8.61,8.6,8.59,8.72,8.74,8.76,8.77,8.79,8.8,8.82,8.83,8.85,8.86,700,100,11800,3800,3000,2200,6200,4200,6000,2100,3600,800,2800,400,7100,8400,500,3200,1800,2800
30.0,8.71,24700,215114.0,8.7,8.67,8.66,8.65,8.63,8.62,8.61,8.6,8.59,8.58,8.72,8.74,8.76,8.77,8.79,8.8,8.82,8.83,8.85,8.86,700,11800,3800,3000,2200,6200,4200,6000,2100,15300,3600,800,2800,400,7100,8400,500,3200,1800,2800
31.0,8.71,24700,215114.0,8.7,8.67,8.66,8.65,8.63,8.62,8.61,8.6,8.59,8.58,8.72,8.74,8.76,8.77,8.79,8.8,8.82,8.83,8.85,8.86,700,11800,3800,3000,2200,6200,4200,6000,2100,15300,3700,800,2800,400,7100,8400,500,3200,1800,2800
32.0,8.7,24800,215984.0,8.68,8.67,8.66,8.65,8.63,8.62,8.61,8.6,8.59,8.58,8.7,8.72,8.74,8.76,8.77,8.78,8.79,8.8,8.82,8.83,800,11800,3800,3000,2200,6200,4200,6000,2100,15300,200,3500,800,2800,400,100,7100,8400,500,3200
33.0,8.7,24800,215984.0,8.68,8.67,8.66,8.65,8.63,8.62,8.61,8.6,8.59,8.58,8.7,8.72,8.74,8.76,8.77,8.78,8.79,8.8,8.82,8.83,800,6800,3800,3000,2200,6200,4200,6000,2100,15300,200,3500,800,2800,400,100,7100,8400,500,3200
34.0,8.72,27300,237780.0,8.68,8.67,8.66,8.65,8.63,8.62,8.61,8.6,8.59,8.58,8.72,8.74,8.76,8.77,8.78,8.79,8.8,8.82,8.83,8.85,800,6800,3800,3000,2200,6200,4200,6000,2100,15300,1200,800,2800,400,100,7100,8400,500,3200,1800
35.0,8.72,27400,238652.0,8.7,8.69,8.68,8.67,8.66,8.65,8.63,8.62,8.61,8.6,8.72,8.74,8.76,8.77,8.78,8.79,8.8,8.82,8.83,8.85,500,3500,800,6800,3800,3000,2200,6200,4200,6000,2100,800,2800,400,100,7100,8400,500,3200,1800
36.0,8.72,27400,238652.0,8.7,8.69,8.68,8.67,8.66,8.65,8.63,8.62,8.61,8.6,8.72,8.74,8.76,8.77,8.78,8.79,8.8,8.82,8.83,8.85,500,3500,800,6800,3800,3000,2200,6200,4200,6000,2100,800,2800,400,100,7100,8400,500,3200,1800
37.0,8.72,27400,238652.0,8.7,8.69,8.68,8.67,8.66,8.65,8.63,8.62,8.61,8.6,8.72,8.74,8.76,8.77,8.78,8.79,8.8,8.82,8.83,8.85,500,3500,800,6800,3800,3000,2200,6200,4200,6000,2100,800,2800,400,100,7100,8400,500,3200,1800
38.0,8.73,30000,261329.0,8.73,8.72,8.7,8.69,8.68,8.67,8.66,8.65,8.63,8.62,8.74,8.76,8.77,8.78,8.79,8.8,8.82,8.83,8.85,8.86,100,800,500,3500,800,6800,3800,3000,2200,6200,800,2800,400,100,7100,8400,500,3200,1800,2800
39.0,8.73,30000,261329.0,8.73,8.72,8.7,8.69,8.68,8.67,8.66,8.65,8.63,8.62,8.74,8.76,8.77,8.78,8.79,8.8,8.82,8.83,8.85,8.86,100,800,500,3500,800,6800,3800,3000,2200,6200,800,2800,400,100,7100,8400,500,3200,1800,2800
40.0,8.73,30000,261329.0,8.73,8.72,8.7,8.69,8.68,8.67,8.66,8.65,8.63,8.62,8.74,8.76,8.77,8.78,8.79,8.8,8.82,8.83,8.85,8.86,100,800,500,3500,800,6800,3800,3000,2200,6200,800,2800,400,100,7100,8400,500,3200,1800,2800
41.0,8.73,30100,262202.0,8.72,8.7,8.69,8.68,8.67,8.66,8.65,8.63,8.62,8.61,8.73,8.74,8.76,8.77,8.78,8.79,8.8,8.82,8.83,8.85,800,400,3500,800,6800,3800,3000,2200,6200,4200,200,800,2800,400,100,7100,8400,500,3200,1800
42.0,8.73,30100,262202.0,8.72,8.7,8.69,8.68,8.67,8.66,8.65,8.63,8.62,8.61,8.73,8.74,8.76,8.77,8.78,8.79,8.8,8.82,8.83,8.85,800,400,3500,800,6800,3800,3000,2200,6200,4200,200,800,2800,400,100,7100,8400,500,3200,1800
43.0,8.73,30100,262202.0,8.72,8.7,8.69,8.68,8.67,8.66,8.65,8.63,8.62,8.61,8.73,8.74,8.76,8.77,8.78,8.79,8.8,8.82,8.83,8.85,800,400,3500,800,6800,3800,3000,2200,6200,4200,200,800,2800,400,100,7100,8400,500,3200,1800
44.0,8.73,30100,262202.0,8.72,8.7,8.69,8.68,8.67,8.66,8.65,8.63,8.62,8.61,8.73,8.74,8.76,8.77,8.78,8.79,8.8,8.82,8.83,8.85,800,200,3500,800,6800,3800,3000,2200,6200,4200,400,800,2800,400,100,7100,8400,500,3200,1800
45.0,8.73,30100,262202.0,8.72,8.69,8.68,8.67,8.66,8.65,8.63,8.62,8.61,8.6,8.73,8.74,8.76,8.77,8.78,8.79,8.8,8.82,8.83,8.85,800,3500,800,6800,3800,3000,2200,6200,4200,6000,400,800,2800,400,100,7100,8400,500,3200,1800
46.0,8.73,30100,262202.0,8.72,8.69,8.68,8.67,8.66,8.65,8.63,8.62,8.61,8.6,8.73,8.74,8.76,8.77,8.78,8.79,8.8,8.82,8.83,8.85,800,3500,800,6800,3800,3000,2200,6200,4200,6000,400,800,2800,400,100,7100,8400,500,3200,1800
47.0,8.72,30900,269178.0,8.69,8.68,8.67,8.66,8.65,8.63,8.62,8.61,8.6,8.59,8.72,8.73,8.74,8.76,8.77,8.78,8.79,8.8,8.82,8.83,3500,800,6800,3800,3000,2200,6200,4200,6000,2100,300,400,700,2800,400,100,7100,8400,500,3200
48.0,8.72,30900,269178.0,8.69,8.68,8.67,8.66,8.65,8.63,8.62,8.61,8.6,8.59,8.72,8.73,8.74,8.76,8.77,8.78,8.79,8.8,8.82,8.83,3500,800,6800,3800,3000,2200,6200,4200,6000,2100,300,500,600,2800,400,100,7100,8400,500,3200
49.0,8.72,30900,269178.0,8.69,8.68,8.67,8.66,8.65,8.63,8.62,8.61,8.6,8.59,8.72,8.73,8.74,8.76,8.77,8.78,8.79,8.8,8.82,8.83,3500,800,6800,3800,3000,2200,6200,4200,6000,2100,300,500,600,2800,400,100,7100,8400,500,3200
50.0,8.69,31200,271785.0,8.69,8.68,8.67,8.66,8.65,8.63,8.62,8.61,8.6,8.59,8.72,8.73,8.74,8.76,8.77,8.78,8.79,8.8,8.82,8.83,3200,800,6800,3800,3000,2200,6200,4200,6000,2100,400,500,600,2800,400,100,7100,8400,500,3200
51.0,8.69,31200,271785.0,8.69,8.68,8.67,8.66,8.65,8.63,8.62,8.61,8.6,8.59,8.72,8.73,8.74,8.76,8.77,8.78,8.79,8.8,8.82,8.83,3200,800,6800,3800,3000,2200,6200,4200,6000,2100,400,500,600,2800,400,100,7100,8400,500,3200
52.0,8.69,31200,271785.0,8.69,8.68,8.67,8.66,8.65,8.63,8.62,8.61,8.6,8.59,8.72,8.73,8.74,8.76,8.77,8.78,8.79,8.8,8.82,8.83,3200,800,6800,3800,3000,2200,6200,4200,6000,2100,300,400,600,2800,400,100,7100,8400,500,3200
53.0,8.69,31500,274392.0,8.69,8.68,8.67,8.66,8.65,8.63,8.62,8.61,8.6,8.59,8.72,8.73,8.74,8.76,8.77,8.78,8.79,8.8,8.82,8.83,2900,800,6800,3800,3000,2200,6200,4200,6000,2100,300,400,600,2800,400,100,7100,8400,500,3200
54.0,8.69,31700,276130.0,8.69,8.68,8.67,8.66,8.65,8.63,8.62,8.61,8.6,8.59,8.72,8.73,8.74,8.76,8.77,8.78,8.79,8.8,8.82,8.83,2700,800,6800,3800,3000,2200,6200,4200,6000,2100,300,400,600,2800,400,100,7100,8400,500,3200
55.0,8.69,31700,276130.0,8.69,8.68,8.67,8.66,8.65,8.63,8.62,8.61,8.6,8.59,8.72,8.73,8.74,8.76,8.77,8.78,8.79,8.8,8.82,8.83,2700,800,6800,3800,3000,2200,6200,4200,6000,2100,300,400,600,2800,400,100,7100,8400,500,3200
56.0,8.69,31900,277868.0,8.69,8.68,8.67,8.66,8.65,8.63,8.62,8.61,8.6,8.59,8.72,8.73,8.74,8.76,8.77,8.78,8.79,8.8,8.82,8.83,2500,800,6800,3800,3000,2200,6200,4200,6000,2100,300,400,600,2800,400,100,7100,8400,500,3200
57.0,8.69,31900,277868.0,8.69,8.68,8.67,8.66,8.65,8.63,8.62,8.61,8.6,8.59,8.72,8.73,8.74,8.76,8.77,8.78,8.79,8.8,8.82,8.83,2500,800,6800,3800,3000,2200,6200,4200,6000,2100,300,400,600,2800,400,100,7100,8400,500,3200
58.0,8.69,31900,277868.0,8.69,8.68,8.67,8.66,8.65,8.63,8.62,8.61,8.6,8.59,8.72,8.73,8.74,8.76,8.77,8.78,8.79,8.8,8.82,8.83,2500,800,6800,3800,3000,2200,6200,4200,6000,2100,300,400,600,2800,400,100,7100,8400,500,3200
59.0,8.69,31900,277868.0,8.69,8.68,8.67,8.66,8.65,8.63,8.62,8.61,8.6,8.59,8.72,8.73,8.74,8.76,8.77,8.78,8.79,8.8,8.82,8.83,2500,800,6800,3800,3000,2200,6200,4200,6000,2100,300,400,600,2800,400,100,7100,8400,500,3200
60.0,8.69,32100,279606.0,8.69,8.68,8.67,8.66,8.65,8.63,8.62,8.61,8.6,8.59,8.72,8.73,8.74,8.76,8.77,8.78,8.79,8.8,8.82,8.83,2300,800,6800,3800,3000,2200,6200,4200,6000,2100,300,400,600,2800,400,100,7100,8400,500,3200
61.0,8.69,32300,281344.0,8.69,8.68,8.67,8.66,8.65,8.63,8.62,8.61,8.6,8.59,8.72,8.73,8.74,8.76,8.77,8.78,8.79,8.8,8.82,8.83,2100,800,6800,3800,3000,2200,6200,4200,6000,2100,300,400,600,2800,400,100,7100,8400,500,3200
62.0,8.69,32300,281344.0,8.69,8.68,8.67,8.66,8.65,8.63,8.62,8.61,8.6,8.59,8.72,8.73,8.74,8.76,8.77,8.78,8.79,8.8,8.82,8.83,2100,800,6800,3800,3000,2200,6200,4200,6000,2100,300,400,600,2800,400,100,7100,8400,500,3200
63.0,8.69,32500,283082.0,8.69,8.68,8.67,8.66,8.65,8.63,8.62,8.61,8.6,8.59,8.72,8.73,8.74,8.76,8.77,8.78,8.79,8.8,8.82,8.83,1900,800,6800,3800,3000,2200,6200,4200,6000,2100,300,400,600,2800,400,100,7100,8400,500,3200
64.0,8.69,32500,283082.0,8.69,8.68,8.67,8.66,8.65,8.63,8.62,8.61,8.6,8.59,8.72,8.73,8.74,8.76,8.77,8.78,8.79,8.8,8.82,8.83,3500,800,7800,3800,3000,2200,6200,4200,6000,2100,300,400,600,2800,400,100,7100,8400,500,3200
65.0,8.69,32500,283082.0,8.69,8.68,8.67,8.66,8.65,8.63,8.62,8.61,8.6,8.59,8.72,8.73,8.74,8.76,8.77,8.78,8.79,8.8,8.82,8.83,3500,800,7800,3800,3000,2200,6200,4200,6000,2100,300,400,600,2800,400,100,7100,8400,500,3200
66.0,8.72,33500,291781.0,8.72,8.69,8.68,8.67,8.66,8.65,8.63,8.62,8.61,8.6,8.73,8.74,8.76,8.77,8.78,8.79,8.8,8.82,8.83,8.85,600,2800,800,7800,3800,3000,2200,6200,4200,6000,400,600,2800,400,100,7100,8400,500,3200,1800
67.0,8.72,33500,291781.0,8.72,8.69,8.68,8.67,8.66,8.65,8.63,8.62,8.61,8.6,8.73,8.74,8.76,8.77,8.78,8.79,8.8,8.82,8.83,8.85,600,2800,800,7800,3800,3000,2200,6200,4200,6000,400,600,2800,400,100,7100,8400,500,3200,1800
68.0,8.72,33700,293525.0,8.72,8.69,8.68,8.67,8.66,8.65,8.63,8.62,8.61,8.6,8.73,8.74,8.76,8.77,8.78,8.79,8.8,8.82,8.83,8.85,400,2800,800,7800,3800,3000,2200,6200,4200,6000,400,600,2800,400,100,7100,8400,500,3200,1800
69.0,8.72,33700,293525.0,8.72,8.69,8.68,8.67,8.66,8.65,8.63,8.62,8.61,8.6,8.73,8.74,8.76,8.77,8.78,8.79,8.8,8.82,8.83,8.85,400,2800,800,7800,3800,3000,2200,6200,4200,6000,400,600,2800,400,100,7100,8400,500,3200,1800
70.0,8.72,33700,293525.0,8.72,8.69,8.68,8.67,8.66,8.65,8.63,8.62,8.61,8.6,8.73,8.74,8.76,8.77,8.78,8.79,8.8,8.82,8.83,8.85,400,2800,800,7800,3800,3000,2200,6200,4200,6000,400,600,2800,400,100,7100,8400,500,3200,1800
71.0,8.72,33800,294397.0,8.72,8.71,8.69,8.68,8.67,8.66,8.65,8.63,8.62,8.61,8.73,8.74,8.76,8.77,8.78,8.79,8.8,8.82,8.83,8.85,300,200,2800,800,7800,3800,3000,2200,6200,4200,400,600,2800,400,100,7100,8400,500,3200,1800
72.0,8.72,34100,297013.0,8.71,8.69,8.68,8.67,8.66,8.65,8.63,8.62,8.61,8.6,8.72,8.73,8.74,8.76,8.77,8.78,8.79,8.8,8.82,8.83,200,2800,800,7800,3800,3000,2200,6200,4200,6000,1100,400,600,2800,400,100,7100,8400,500,3200
73.0,8.72,34100,297013.0,8.71,8.69,8.68,8.67,8.66,8.65,8.63,8.62,8.61,8.6,8.72,8.73,8.74,8.76,8.77,8.78,8.79,8.8,8.82,8.83,1100,2800,800,7800,3800,3000,2200,6200,4200,6000,1100,400,600,2800,400,100,7100,8400,500,3200
74.0,8.72,34100,297013.0,8.71,8.69,8.68,8.67,8.66,8.65,8.63,8.62,8.61,8.6,8.72,8.73,8.74,8.76,8.77,8.78,8.79,8.8,8.82,8.83,1100,2800,800,7800,3800,3000,2200,6200,4200,6000,1100,400,600,2800,400,100,7100,8400,500,3200
75.0,8.72,35300,307476.0,8.72,8.71,8.69,8.68,8.67,8.66,8.65,8.64,8.63,8.62,8.73,8.74,8.76,8.77,8.78,8.79,8.8,8.82,8.83,8.85,700,1000,2800,800,7800,3800,3000,700,2200,6200,400,600,2800,400,100,7100,8400,500,3200,1800
76.0,8.72,35300,307476.0,8.72,8.71,8.69,8.68,8.67,8.66,8.65,8.64,8.63,8.62,8.73,8.74,8.76,8.77,8.78,8.79,8.8,8.82,8.83,8.85,700,1000,2800,800,7800,3800,3000,700,2200,6200,400,600,2800,400,100,7100,8400,500,3200,1800
77.0,8.72,35400,308348.0,8.72,8.71,8.69,8.68,8.67,8.66,8.65,8.64,8.63,8.62,8.73,8.74,8.76,8.77,8.78,8.79,8.8,8.82,8.83,8.85,600,1000,2800,800,7800,3800,3000,700,2200,6200,400,600,2800,400,100,7100,8400,500,3200,1800
78.0,8.72,35400,308348.0,8.72,8.71,8.69,8.68,8.67,8.66,8.65,8.64,8.63,8.62,8.73,8.74,8.76,8.77,8.78,8.79,8.8,8.82,8.83,8.85,600,1000,2800,800,7800,3800,3000,700,2200,6200,400,600,2800,400,100,7100,8400,500,3200,1800
79.0,8.72,35400,308348.0,8.72,8.71,8.69,8.68,8.67,8.66,8.65,8.64,8.63,8.62,8.73,8.74,8.76,8.77,8.78,8.79,8.8,8.82,8.83,8.85,600,1000,2800,800,7800,3800,3000,700,2200,6200,400,600,2800,400,100,7100,8400,500,3200,1800
80.0,8.72,35400,308348.0,8.72,8.71,8.69,8.68,8.67,8.66,8.65,8.64,8.63,8.62,8.73,8.74,8.76,8.77,8.78,8.79,8.8,8.82,8.83,8.85,600,1000,2800,800,7800,3800,3000,700,2200,6200,400,600,2800,400,100,7100,8400,500,3200,1800
81.0,8.72,35400,308348.0,8.72,8.71,8.69,8.68,8.67,8.66,8.65,8.64,8.63,8.62,8.73,8.74,8.76,8.77,8.78,8.79,8.8,8.82,8.83,8.85,600,1000,2800,800,7800,3800,3000,700,2200,6200,400,600,2800,400,100,7100,8400,500,3200,1800
82.0,8.72,35400,308348.0,8.72,8.71,8.69,8.68,8.67,8.66,8.65,8.64,8.63,8.62,8.73,8.74,8.76,8.77,8.78,8.79,8.8,8.82,8.83,8.85,600,1000,2800,800,7800,3800,3000,700,2200,6200,400,600,2800,400,600,7100,8400,500,3200,1800
83.0,8.72,35400,308348.0,8.72,8.71,8.69,8.68,8.67,8.66,8.65,8.64,8.63,8.62,8.73,8.74,8.76,8.77,8.78,8.79,8.8,8.82,8.83,8.85,600,1000,2800,800,7800,3800,3000,700,2200,6200,400,600,2800,400,600,7100,8400,500,3200,1800
84.0,8.72,35400,308348.0,8.72,8.71,8.69,8.68,8.67,8.66,8.65,8.64,8.63,8.62,8.73,8.74,8.76,8.77,8.78,8.79,8.8,8.82,8.83,8.85,600,1000,2800,800,7800,3800,3000,700,2200,6200,400,600,2800,400,600,7100,8400,500,3200,1800
85.0,8.72,36000,313580.0,8.71,8.69,8.68,8.67,8.66,8.65,8.64,8.63,8.62,8.61,8.72,8.73,8.74,8.76,8.77,8.78,8.79,8.8,8.82,8.83,1000,2800,800,7800,3800,3000,700,2200,6200,4200,800,400,600,2800,400,600,7100,8400,500,3200
86.0,8.72,36000,313580.0,8.71,8.69,8.68,8.67,8.66,8.65,8.64,8.63,8.62,8.61,8.72,8.73,8.74,8.76,8.77,8.78,8.79,8.8,8.82,8.83,1000,2800,800,7800,3800,3000,700,2200,6200,4200,800,400,600,2800,400,600,7100,8400,500,3200
87.0,8.72,36000,313580.0,8.71,8.69,8.68,8.67,8.66,8.65,8.64,8.63,8.62,8.61,8.72,8.73,8.74,8.76,8.77,8.78,8.79,8.8,8.82,8.83,1000,2800,800,7800,3800,3000,700,2200,6200,4200,800,400,600,2800,400,600,7100,8400,500,3200
88.0,8.72,37000,322298.0,8.72,8.71,8.69,8.68,8.67,8.66,8.65,8.64,8.63,8.62,8.73,8.74,8.76,8.77,8.78,8.79,8.8,8.82,8.83,8.85,1200,1900,2800,800,8400,3800,3000,700,2200,6200,400,600,2800,400,600,7100,8400,500,3200,1800
89.0,8.73,37500,326662.0,8.73,8.72,8.71,8.69,8.68,8.67,8.66,8.65,8.64,8.63,8.74,8.76,8.77,8.78,8.79,8.8,8.82,8.83,8.85,8.86,800,2900,1900,2800,800,8400,3800,3000,700,2200,600,2800,400,600,7100,8400,500,3200,1800,2800
90.0,8.73,37500,326662.0,8.73,8.72,8.71,8.69,8.68,8.67,8.66,8.65,8.64,8.63,8.74,8.76,8.77,8.78,8.79,8.8,8.82,8.83,8.85,8.86,800,3100,1900,2800,800,8400,3800,3000,700,2200,600,2800,400,600,7100,8400,500,3200,1800,2800
91.0,8.73,37500,326662.0,8.73,8.72,8.71,8.69,8.68,8.67,8.66,8.65,8.64,8.63,8.74,8.76,8.77,8.78,8.79,8.8,8.82,8.83,8.85,8.86,800,3100,1900,2800,800,8400,3800,3000,700,2200,600,2800,400,600,7100,8400,500,3200,1800,2800
92.0,8.73,37500,326662.0,8.73,8.72,8.71,8.69,8.68,8.67,8.66,8.65,8.64,8.63,8.74,8.76,8.77,8.78,8.79,8.8,8.82,8.83,8.85,8.86,800,3000,1900,2800,800,8400,3800,3000,700,2200,600,2800,400,600,7100,8400,500,3200,1800,2800
93.0,8.74,37600,327536.0,8.73,8.72,8.71,8.69,8.68,8.67,8.66,8.65,8.64,8.63,8.74,8.76,8.77,8.78,8.79,8.8,8.82,8.83,8.85,8.86,800,3000,1900,2800,800,8400,3800,3000,700,2200,500,2800,400,600,7100,8400,500,3200,1800,2800
94.0,8.74,37600,327536.0,8.73,8.72,8.71,8.69,8.68,8.67,8.66,8.65,8.64,8.63,8.74,8.76,8.77,8.78,8.79,8.8,8.82,8.83,8.85,8.86,800,3000,1900,2800,800,8400,3800,3000,700,2200,500,2800,400,600,7100,8400,500,3200,1800,2800
95.0,8.74,37600,327536.0,8.73,8.72,8.71,8.69,8.68,8.67,8.66,8.65,8.64,8.63,8.74,8.76,8.77,8.78,8.79,8.8,8.82,8.83,8.85,8.86,800,1100,1900,2800,800,8400,3800,3000,700,2200,500,2800,400,600,7100,8400,500,3200,1800,2800
96.0,8.74,37600,327536.0,8.73,8.72,8.71,8.69,8.68,8.67,8.66,8.65,8.64,8.63,8.74,8.76,8.77,8.78,8.79,8.8,8.82,8.83,8.85,8.86,800,1100,1900,2800,800,8400,3800,3000,700,2200,500,2800,400,600,7100,8400,500,3200,1800,2800
97.0,8.74,37600,327536.0,8.73,8.72,8.71,8.69,8.68,8.67,8.66,8.65,8.64,8.63,8.74,8.76,8.77,8.78,8.79,8.8,8.82,8.83,8.85,8.86,800,1100,1900,2800,800,8400,3800,3000,700,2200,3000,2800,400,600,7100,8400,500,3200,1800,2800
98.0,8.73,38700,337142.0,8.72,8.71,8.69,8.68,8.67,8.66,8.65,8.64,8.63,8.62,8.73,8.74,8.76,8.77,8.78,8.79,8.8,8.82,8.83,8.85,900,1900,2800,800,8400,3800,3000,700,2200,6200,1000,2700,2800,400,600,7100,8400,500,3200,1800
99.0,8.73,38700,337142.0,8.72,8.71,8.69,8.68,8.67,8.66,8.65,8.64,8.63,8.62,8.73,8.74,8.76,8.77,8.78,8.79,8.8,8.82,8.83,8.85,900,1900,2800,800,8400,3800,3000,700,2200,6200,500,2700,2800,400,600,7100,8400,500,3200,1800
100.0,8.72,38800,338014.0,8.72,8.71,8.69,8.68,8.67,8.66,8.65,8.64,8.63,8.62,8.73,8.74,8.76,8.77,8.78,8.79,8.8,8.82,8.83,8.85,800,1900,2800,800,8400,3800,3000,700,2200,6200,500,2700,2800,400,600,7100,8400,500,3200,1800
101.0,8.72,38800,338014.0,8.72,8.71,8.69,8.68,8.67,8.66,8.65,8.64,8.63,8.62,8.73,8.74,8.76,8.77,8.78,8.79,8.8,8.82,8.83,8.85,800,1900,2800,800,8400,3800,3000,700,2200,6200,500,2700,2800,400,1100,7100,8400,500,3200,1800
102.0,8.72,38800,338014.0,8.72,8.71,8.69,8.68,8.67,8.66,8.65,8.64,8.63,8.62,8.73,8.74,8.76,8.77,8.78,8.79,8.8,8.82,8.83,8.85,800,1900,2800,800,8400,3800,3000,700,2200,6200,500,2700,2800,400,1100,7100,8400,500,3200,1800
103.0,8.72,38800,338014.0,8.72,8.71,8.69,8.68,8.67,8.66,8.65,8.64,8.63,8.62,8.73,8.74,8.76,8.77,8.78,8.79,8.8,8.82,8.83,8.85,800,1900,2800,800,8400,3800,3000,700,2200,6200,500,2700,2800,400,1100,7100,8400,500,3200,1800
104.0,8.73,38900,338887.0,8.72,8.71,8.69,8.68,8.67,8.66,8.65,8.64,8.63,8.62,8.73,8.74,8.76,8.77,8.78,8.79,8.8,8.82,8.83,8.85,800,1900,2800,800,8400,3800,3000,700,2200,6200,400,2700,2800,400,1100,7100,8400,500,3200,1800
105.0,8.73,38900,338887.0,8.72,8.71,8.69,8.68,8.67,8.66,8.65,8.64,8.63,8.62,8.73,8.74,8.76,8.77,8.78,8.79,8.8,8.82,8.83,8.85,800,1900,2800,800,8400,3800,3000,700,2200,6200,400,2700,2800,400,1100,7100,8400,500,3200,1800
106.0,8.73,38900,338887.0,8.72,8.71,8.69,8.68,8.67,8.66,8.65,8.64,8.63,8.62,8.73,8.74,8.76,8.77,8.78,8.79,8.8,8.82,8.83,8.85,800,1900,2800,800,8400,3800,3000,700,2200,6200,400,2700,2800,400,1100,7100,8400,500,3200,1800
107.0,8.73,38900,338887.0,8.72,8.71,8.69,8.68,8.67,8.66,8.65,8.64,8.63,8.62,8.73,8.74,8.76,8.77,8.78,8.79,8.8,8.82,8.83,8.85,800,1900,2800,800,8400,3800,3000,700,2200,6200,400,2700,2800,400,1100,7100,8400,500,3200,1800
108.0,8.73,38900,338887.0,8.72,8.71,8.69,8.68,8.67,8.66,8.65,8.64,8.63,8.62,8.73,8.74,8.76,8.77,8.78,8.79,8.8,8.82,8.83,8.85,800,1900,2800,800,8400,3800,3000,700,2200,6200,400,2700,2800,400,1100,7100,8400,500,3200,1800
109.0,8.73,38900,338887.0,8.72,8.71,8.69,8.68,8.67,8.66,8.65,8.64,8.63,8.62,8.73,8.74,8.76,8.77,8.78,8.79,8.8,8.82,8.83,8.85,800,1900,2800,5900,8400,3800,3000,700,2200,6200,400,2700,2800,400,1100,7100,8400,500,3200,1800
110.0,8.73,38900,338887.0,8.72,8.71,8.69,8.68,8.67,8.66,8.65,8.64,8.63,8.62,8.73,8.74,8.76,8.77,8.78,8.79,8.8,8.82,8.83,8.85,800,1900,2800,5900,8400,3800,3000,700,2200,6200,400,2700,2800,400,1100,7100,8400,500,3200,1800
111.0,8.7,45900,399822.0,8.69,8.68,8.67,8.66,8.65,8.64,8.63,8.62,8.61,8.6,8.7,8.73,8.74,8.76,8.77,8.78,8.79,8.8,8.82,8.83,2800,5900,8400,3800,3000,700,2200,6200,4200,6000,43100,400,2700,2800,400,1100,7100,8400,500,3200
112.0,8.73,89300,777411.0,8.71,8.7,8.69,8.68,8.67,8.66,8.65,8.64,8.63,8.62,8.73,8.74,8.76,8.77,8.78,8.79,8.8,8.82,8.83,8.85,5700,5900,2800,5900,8400,3800,3000,700,2200,6200,100,2700,2800,400,1100,7100,8400,500,3200,1800
113.0,8.73,89400,778284.0,8.73,8.72,8.71,8.7,8.69,8.68,8.67,8.66,8.65,8.64,8.74,8.76,8.77,8.78,8.79,8.8,8.82,8.83,8.85,8.86,700,200,5700,200,2800,5900,8400,3800,3000,700,2700,2800,400,1100,7100,8400,500,3200,1800,2800
114.0,8.73,89500,779157.0,8.73,8.72,8.71,8.7,8.69,8.68,8.67,8.66,8.65,8.64,8.74,8.76,8.77,8.78,8.79,8.8,8.82,8.83,8.85,8.86,600,200,5700,200,2800,5900,8400,3800,3000,700,2700,2800,400,1100,7100,8400,500,3200,1800,2800
115.0,8.73,89500,779157.0,8.73,8.72,8.71,8.7,8.69,8.68,8.67,8.66,8.65,8.64,8.74,8.76,8.77,8.78,8.79,8.8,8.82,8.83,8.85,8.86,600,200,5700,200,2800,5900,8400,3800,3000,700,5600,2800,400,1100,7100,8400,500,3200,1800,2800
116.0,8.73,90100,784395.0,8.72,8.71,8.7,8.69,8.68,8.67,8.66,8.65,8.64,8.63,8.73,8.74,8.76,8.77,8.78,8.79,8.8,8.82,8.83,8.85,200,5700,200,2800,5900,8400,3800,3000,700,2200,1800,5600,2800,400,1100,7100,8400,500,3200,1800
117.0,8.73,90500,787887.0,8.72,8.71,8.7,8.69,8.68,8.67,8.66,8.65,8.64,8.63,8.73,8.74,8.76,8.77,8.78,8.79,8.8,8.82,8.83,8.85,200,5700,200,2800,5900,8400,3800,3000,700,2200,1400,5600,2800,400,1100,7100,8400,500,3200,1800
118.0,8.73,90500,787887.0,8.72,8.71,8.7,8.69,8.68,8.67,8.66,8.65,8.64,8.63,8.73,8.74,8.76,8.77,8.78,8.79,8.8,8.82,8.83,8.85,200,5700,200,2800,5900,8400,3800,3000,700,2200,1400,5600,2800,400,1100,5000,8400,500,3200,1800
119.0,8.73,90500,787887.0,8.72,8.71,8.7,8.69,8.68,8.67,8.66,8.65,8.64,8.63,8.73,8.74,8.76,8.77,8.78,8.79,8.8,8.82,8.83,8.85,200,5700,200,2800,5900,8400,3800,3000,700,2200,1000,5600,2800,400,1100,5000,8400,500,3200,1800
120.0,8.73,90500,787887.0,8.72,8.71,8.7,8.69,8.68,8.67,8.66,8.65,8.64,8.63,8.73,8.74,8.76,8.77,8.78,8.79,8.8,8.82,8.83,8.85,200,5700,200,2800,5900,8400,3800,3000,700,2200,1000,5600,2800,400,1100,5000,8400,500,3200,1800
121.0,8.73,90500,787887.0,8.72,8.71,8.7,8.69,8.68,8.67,8.66,8.65,8.64,8.63,8.73,8.74,8.76,8.77,8.78,8.79,8.8,8.82,8.83,8.85,200,5700,200,2800,5900,8400,3800,3000,700,2200,1000,5600,2800,400,1100,5000,8400,500,3200,1800
122.0,8.73,90500,787887.0,8.72,8.71,8.7,8.69,8.68,8.67,8.66,8.65,8.64,8.63,8.73,8.74,8.76,8.77,8.78,8.79,8.8,8.82,8.83,8.85,200,5700,200,2800,5900,8400,3800,3000,700,2200,1000,5600,2800,400,1100,5000,8400,500,3200,1800
123.0,8.73,90700,789633.0,8.72,8.71,8.7,8.69,8.68,8.67,8.66,8.65,8.64,8.63,8.73,8.74,8.76,8.77,8.78,8.79,8.8,8.82,8.83,8.85,200,5700,200,2800,5900,8400,3800,3000,700,2200,800,5600,2800,400,1100,5000,8400,500,3200,1800
124.0,8.73,90700,789633.0,8.72,8.71,8.7,8.69,8.68,8.67,8.66,8.65,8.64,8.63,8.73,8.74,8.76,8.77,8.78,8.79,8.8,8.82,8.83,8.85,200,5700,200,2800,5900,8400,3800,3000,700,2200,800,5600,2800,400,1100,5000,8400,500,3200,1800
125.0,8.73,90700,789633.0,8.72,8.71,8.7,8.69,8.68,8.67,8.66,8.65,8.64,8.63,8.73,8.74,8.76,8.77,8.78,8.79,8.8,8.82,8.83,8.85,200,5700,200,2800,5900,8400,3800,3000,700,2200,800,5600,2800,400,1100,5000,8400,500,3200,1800
126.0,8.73,90700,789633.0,8.72,8.71,8.7,8.69,8.68,8.67,8.66,8.65,8.64,8.63,8.73,8.74,8.76,8.77,8.78,8.79,8.8,8.82,8.83,8.85,200,5700,200,2800,5900,8400,3800,3000,700,2200,1000,5600,2800,400,1100,5000,8400,500,3200,1800
127.0,8.73,90700,789633.0,8.72,8.71,8.69,8.68,8.67,8.66,8.65,8.64,8.63,8.62,8.73,8.74,8.76,8.77,8.78,8.79,8.8,8.82,8.83,8.85,200,5700,2800,5900,8400,3800,3000,700,2200,6200,1000,5600,2800,400,1100,5000,8400,500,3200,1800
128.0,8.72,90900,791377.0,8.71,8.69,8.68,8.67,8.66,8.65,8.64,8.63,8.62,8.61,8.72,8.73,8.74,8.76,8.77,8.78,8.79,8.8,8.82,8.83,5700,2800,5900,8400,3800,3000,700,2200,6200,4200,100,4700,5600,2800,400,1100,5000,8400,500,3200
129.0,8.72,90900,791377.0,8.71,8.69,8.68,8.67,8.66,8.65,8.64,8.63,8.62,8.61,8.72,8.73,8.74,8.76,8.77,8.78,8.79,8.8,8.82,8.83,5700,2800,5900,8400,3800,3000,700,2200,6200,4200,100,4700,5600,2800,400,1100,5000,8400,500,3200
130.0,8.72,90900,791377.0,8.71,8.69,8.68,8.67,8.66,8.65,8.64,8.63,8.62,8.61,8.72,8.73,8.74,8.76,8.77,8.78,8.79,8.8,8.82,8.83,5700,2800,5900,8400,3800,3000,700,2200,6200,4200,100,4700,5600,2800,400,1100,5000,8400,500,3200
131.0,8.71,91400,795732.0,8.71,8.69,8.68,8.67,8.66,8.65,8.64,8.63,8.62,8.61,8.72,8.73,8.74,8.76,8.77,8.78,8.79,8.8,8.82,8.83,5200,2800,5900,8400,3800,3000,700,2200,6200,4200,100,4100,5600,2800,400,1100,5000,8400,500,3200
132.0,8.71,91400,795732.0,8.71,8.69,8.68,8.67,8.66,8.65,8.64,8.63,8.62,8.61,8.72,8.73,8.74,8.76,8.77,8.78,8.79,8.8,8.82,8.83,5200,2800,5900,8400,3800,3000,700,2200,6200,4200,100,4100,5600,2800,400,1100,5000,8400,500,3200
133.0,8.71,91400,795732.0,8.71,8.69,8.68,8.67,8.66,8.65,8.64,8.63,8.62,8.61,8.72,8.73,8.74,8.76,8.77,8.78,8.79,8.8,8.82,8.83,5200,2800,5900,8400,3800,3000,700,2200,6200,4200,100,4100,5600,2800,400,1100,5000,8400,500,3200
134.0,8.71,91900,800087.0,8.71,8.69,8.68,8.67,8.66,8.65,8.64,8.63,8.62,8.61,8.72,8.73,8.74,8.76,8.77,8.78,8.79,8.8,8.82,8.83,4700,2800,5900,8400,3800,3000,700,2200,6200,4200,100,4100,5600,2800,400,1100,5000,8400,500,3200
135.0,8.71,91900,800087.0,8.71,8.69,8.68,8.67,8.66,8.65,8.64,8.63,8.62,8.61,8.72,8.73,8.74,8.76,8.77,8.78,8.79,8.8,8.82,8.83,4700,2800,5900,8400,3800,3000,700,2200,6200,4200,3100,4100,5600,2800,400,1100,5000,8400,500,3200
136.0,8.71,91900,800087.0,8.71,8.69,8.68,8.67,8.66,8.65,8.64,8.63,8.62,8.61,8.72,8.73,8.74,8.76,8.77,8.78,8.79,8.8,8.82,8.83,4700,2800,5900,8400,3800,3000,700,2200,6200,4200,3100,4100,5600,2800,400,1100,5000,8400,500,3200
137.0,8.71,91900,800087.0,8.71,8.69,8.68,8.67,8.66,8.65,8.64,8.63,8.62,8.61,8.72,8.73,8.74,8.76,8.77,8.78,8.79,8.8,8.82,8.83,4700,2800,5900,8400,3800,3000,700,2200,6200,4200,3100,4100,5600,2800,400,1100,5000,8400,500,3200
138.0,8.71,92700,807055.0,8.71,8.69,8.68,8.67,8.66,8.65,8.64,8.63,8.62,8.61,8.72,8.73,8.74,8.76,8.77,8.78,8.79,8.8,8.82,8.83,3900,2800,5900,8400,3800,3000,700,2200,6200,4200,3100,4100,5600,2800,400,1100,5000,8400,500,3200
139.0,8.71,92700,807055.0,8.71,8.69,8.68,8.67,8.66,8.65,8.64,8.63,8.62,8.61,8.72,8.73,8.74,8.76,8.77,8.78,8.79,8.8,8.82,8.83,3900,2800,5900,8400,3800,3000,700,2200,6200,4200,3100,4100,5600,2800,400,1100,5000,8400,500,3200
140.0,8.71,92700,807055.0,8.71,8.69,8.68,8.67,8.66,8.65,8.64,8.63,8.62,8.61,8.72,8.73,8.74,8.76,8.77,8.78,8.79,8.8,8.82,8.83,3900,2800,5900,8400,3800,3000,700,2200,6200,4200,3100,4100,5600,2800,400,1100,5000,8400,500,3200
141.0,8.71,93000,809668.0,8.71,8.69,8.68,8.67,8.66,8.65,8.64,8.63,8.62,8.61,8.72,8.73,8.74,8.76,8.77,8.78,8.79,8.8,8.82,8.83,3600,2800,5900,8400,3800,3000,700,2200,6200,4200,3100,4100,5600,2800,400,1100,5000,8400,500,3200
142.0,8.71,93000,809668.0,8.71,8.69,8.68,8.67,8.66,8.65,8.64,8.63,8.62,8.61,8.72,8.73,8.74,8.76,8.77,8.78,8.79,8.8,8.82,8.83,3600,2800,5900,8400,3800,3000,700,2200,6200,4200,3100,1800,5600,2800,400,1100,5000,8400,500,3200
143.0,8.71,93200,811410.0,8.71,8.69,8.68,8.67,8.66,8.65,8.64,8.63,8.62,8.61,8.72,8.73,8.74,8.76,8.77,8.78,8.79,8.8,8.82,8.83,3400,2800,5900,8400,3800,3000,700,2200,6200,4200,3100,1800,5600,2800,400,1100,5000,8400,500,3200
144.0,8.71,93200,811410.0,8.71,8.69,8.68,8.67,8.66,8.65,8.64,8.63,8.62,8.61,8.72,8.73,8.74,8.76,8.77,8.78,8.79,8.8,8.82,8.83,3400,2800,5900,8400,3800,3000,700,2200,6200,4200,3100,1800,5600,2800,400,1100,5000,8400,500,3200
145.0,8.71,93800,816636.0,8.71,8.69,8.68,8.67,8.66,8.65,8.64,8.63,8.62,8.61,8.72,8.73,8.74,8.76,8.77,8.78,8.79,8.8,8.82,8.83,2800,2800,5900,8400,3800,3000,700,2200,6200,4200,3100,1800,5600,2800,400,1100,5000,8400,500,3200
146.0,8.71,94300,820991.0,8.71,8.69,8.68,8.67,8.66,8.65,8.64,8.63,8.62,8.61,8.72,8.73,8.74,8.76,8.77,8.78,8.79,8.8,8.82,8.83,2300,2800,5900,8400,3800,3000,700,2200,6200,4200,3100,1800,5600,2800,400,1100,5000,8400,500,3200
147.0,8.71,94300,820991.0,8.71,8.69,8.68,8.67,8.66,8.65,8.64,8.63,8.62,8.61,8.72,8.73,8.74,8.76,8.77,8.78,8.79,8.8,8.82,8.83,2300,2800,5900,8400,3800,3000,700,2200,6200,4200,3100,1800,5600,2800,400,1100,5000,8400,500,3200
148.0,8.71,94500,822733.0,8.71,8.69,8.68,8.67,8.66,8.65,8.64,8.63,8.62,8.61,8.72,8.73,8.74,8.76,8.77,8.78,8.79,8.8,8.82,8.83,2100,2800,5900,8400,3800,3000,700,2200,6200,4200,3100,1800,5600,2800,400,1100,5000,8400,500,3200
149.0,8.71,94500,822733.0,8.71,8.69,8.68,8.67,8.66,8.65,8.64,8.63,8.62,8.61,8.72,8.73,8.74,8.76,8.77,8.78,8.79,8.8,8.82,8.83,2100,2800,5900,8400,3800,3000,700,2200,6200,4200,3100,1800,5600,2800,400,1100,5000,8400,500,3200
150.0,8.71,94500,822733.0,8.71,8.69,8.68,8.67,8.66,8.65,8.64,8.63,8.62,8.61,8.72,8.73,8.74,8.76,8.77,8.78,8.79,8.8,8.82,8.83,2100,2800,5900,8400,3800,3000,700,2200,6200,4200,3100,1800,5600,2800,400,1100,5000,8400,500,3200
151.0,8.71,94600,823604.0,8.71,8.69,8.68,8.67,8.66,8.65,8.64,8.63,8.62,8.61,8.72,8.73,8.74,8.76,8.77,8.78,8.79,8.8,8.82,8.83,2000,2800,5900,8400,3800,3000,700,2200,6200,4200,8100,1800,5600,2800,400,1100,5000,8400,500,3200
152.0,8.71,96600,841024.0,8.69,8.68,8.67,8.66,8.65,8.64,8.63,8.62,8.61,8.6,8.71,8.72,8.73,8.74,8.76,8.77,8.78,8.79,8.8,8.82,2800,5100,8400,3800,3000,700,2200,6200,4200,6000,4200,5800,1800,5600,2800,400,1100,5000,8400,500
153.0,8.71,96600,841024.0,8.69,8.68,8.67,8.66,8.65,8.64,8.63,8.62,8.61,8.6,8.71,8.72,8.73,8.74,8.76,8.77,8.78,8.79,8.8,8.82,2800,5100,8400,3800,3000,700,2200,6200,4200,6000,4500,5900,1800,5600,2800,400,1100,5000,8400,500
154.0,8.69,97700,850583.0,8.69,8.68,8.67,8.66,8.65,8.64,8.63,8.62,8.61,8.6,8.71,8.72,8.73,8.74,8.76,8.77,8.78,8.79,8.8,8.82,1700,5100,8400,3800,3000,700,2200,6200,4200,6000,6300,5900,1800,5600,2800,400,1100,5000,8400,500
155.0,8.69,97800,851452.0,8.69,8.68,8.67,8.66,8.65,8.64,8.63,8.62,8.61,8.6,8.71,8.72,8.73,8.74,8.76,8.77,8.78,8.79,8.8,8.82,1600,5100,8400,3800,3000,700,2200,6200,4200,6000,6300,5900,1800,5600,2800,400,1100,5000,8400,500
156.0,8.71,98500,857549.0,8.69,8.68,8.67,8.66,8.65,8.64,8.63,8.62,8.61,8.6,8.71,8.72,8.73,8.74,8.76,8.77,8.78,8.79,8.8,8.82,1600,5100,8400,3800,3000,700,2200,6200,4200,6000,5600,5900,1800,5600,2800,400,1100,5000,8400,500
157.0,8.71,98500,857549.0,8.69,8.68,8.67,8.66,8.65,8.64,8.63,8.62,8.61,8.6,8.71,8.72,8.73,8.74,8.76,8.77,8.78,8.79,8.8,8.82,1600,5100,8400,3800,3000,700,2200,6200,4200,6000,5600,5900,1800,5600,2800,400,1100,5000,8400,500
158.0,8.69,99800,868868.0,8.69,8.68,8.67,8.66,8.65,8.64,8.63,8.62,8.61,8.6,8.71,8.72,8.73,8.74,8.76,8.77,8.78,8.79,8.8,8.82,1400,5100,8400,3800,3000,700,2200,6200,3600,6000,2300,5900,1800,5600,2800,400,1100,5000,8400,500
159.0,8.69,99900,869737.0,8.69,8.68,8.67,8.66,8.65,8.64,8.63,8.62,8.61,8.6,8.71,8.72,8.73,8.74,8.76,8.77,8.78,8.79,8.8,8.82,1300,5100,8400,3800,3000,700,2200,6200,3600,6000,2300,3500,1800,5600,2800,400,1100,5000,8400,500
160.0,8.69,99900,869737.0,8.69,8.68,8.67,8.66,8.65,8.64,8.63,8.62,8.61,8.6,8.71,8.72,8.73,8.74,8.76,8.77,8.78,8.79,8.8,8.82,1300,5100,8400,3800,3000,700,2200,6200,3600,6000,2300,3500,1800,5600,2800,400,1100,5000,8400,500
161.0,8.69,99900,869737.0,8.69,8.68,8.67,8.66,8.65,8.64,8.63,8.62,8.61,8.6,8.71,8.72,8.73,8.74,8.76,8.77,8.78,8.79,8.8,8.82,1300,5100,8400,3800,3000,700,2200,6200,3600,6000,2300,3400,1800,5600,2800,400,1100,5000,8400,500
162.0,8.69,100000,870606.0,8.69,8.68,8.67,8.66,8.65,8.64,8.63,8.62,8.61,8.6,8.71,8.72,8.73,8.74,8.76,8.77,8.78,8.79,8.8,8.82,1200,5100,8400,3800,3000,700,2200,6200,3600,6000,2300,3400,1800,5600,2800,400,1100,5000,8400,500
163.0,8.69,100000,870606.0,8.69,8.68,8.67,8.66,8.65,8.64,8.63,8.62,8.61,8.6,8.71,8.72,8.73,8.74,8.76,8.77,8.78,8.79,8.8,8.82,1200,5100,8400,3800,3000,700,2200,6200,3600,6000,2300,3400,1800,5600,2800,400,1100,5000,8400,500
164.0,8.69,100000,870606.0,8.69,8.68,8.67,8.66,8.65,8.64,8.63,8.62,8.61,8.6,8.71,8.72,8.73,8.74,8.76,8.77,8.78,8.79,8.8,8.82,1200,5100,8400,3800,3000,700,2200,6200,3600,6000,2300,3400,1800,5600,2800,400,1100,5000,8400,500
165.0,8.69,100000,870606.0,8.69,8.68,8.67,8.66,8.65,8.64,8.63,8.62,8.61,8.6,8.71,8.72,8.73,8.74,8.76,8.77,8.78,8.79,8.8,8.82,1200,5100,8400,3800,3000,700,2200,6200,3600,6000,2300,3400,1800,5600,2800,400,1100,5000,8400,500
166.0,8.69,100100,871475.0,8.69,8.68,8.67,8.66,8.65,8.64,8.63,8.62,8.61,8.6,8.7,8.71,8.72,8.73,8.74,8.76,8.77,8.78,8.79,8.8,1100,5100,8400,3800,3000,700,2200,6200,3600,6000,2400,2300,3400,1800,5600,2800,400,1100,5000,8400
167.0,8.69,100100,871475.0,8.69,8.68,8.67,8.66,8.65,8.64,8.63,8.62,8.61,8.6,8.7,8.71,8.72,8.73,8.74,8.76,8.77,8.78,8.79,8.8,1100,5100,8400,3800,3000,700,2200,6200,3600,6000,2400,2300,3400,1800,5600,2800,400,1100,5000,8400
168.0,8.69,100100,871475.0,8.69,8.68,8.67,8.66,8.65,8.64,8.63,8.62,8.61,8.6,8.7,8.71,8.72,8.73,8.74,8.76,8.77,8.78,8.79,8.8,1100,5100,8400,3800,3000,700,2200,6200,3600,6000,2400,2300,3400,1800,5600,2800,400,1100,5000,8400
169.0,8.69,100200,872344.0,8.69,8.68,8.67,8.66,8.65,8.64,8.63,8.62,8.61,8.6,8.7,8.71,8.72,8.73,8.74,8.76,8.77,8.78,8.79,8.8,1000,5100,8400,3800,3000,700,2200,6200,3600,6000,5100,2300,3400,1800,5600,2800,400,1100,5000,8400
170.0,8.69,100400,874082.0,8.69,8.68,8.67,8.66,8.65,8.64,8.63,8.62,8.61,8.6,8.7,8.71,8.72,8.73,8.74,8.76,8.77,8.78,8.79,8.8,800,5100,8400,3800,3000,700,2200,6200,3600,6000,5200,2300,3400,1800,5600,2800,400,1100,5000,8400
171.0,8.69,102700,894084.0,8.68,8.67,8.66,8.65,8.64,8.63,8.62,8.61,8.6,8.58,8.69,8.7,8.71,8.72,8.73,8.74,8.76,8.77,8.78,8.79,2400,8400,3800,3000,700,2200,6200,3600,6000,15700,3800,3700,2300,3400,1800,5600,2800,400,1100,5000
172.0,8.69,106700,928842.0,8.69,8.68,8.67,8.66,8.65,8.64,8.63,8.62,8.61,8.6,8.7,8.71,8.72,8.73,8.74,8.76,8.77,8.78,8.79,8.8,3300,2200,8400,3800,3000,700,2200,6200,3600,6000,3700,2300,3400,1800,5600,2800,400,1100,5000,8400
173.0,8.69,107000,931449.0,8.69,8.68,8.67,8.66,8.65,8.64,8.63,8.62,8.61,8.6,8.7,8.71,8.72,8.73,8.74,8.76,8.77,8.78,8.79,8.8,3000,2200,8400,3800,3000,700,2200,6200,3600,6000,3700,2300,3400,1800,5600,2800,400,1100,5000,8400
174.0,8.7,109500,953199.0,8.69,8.68,8.67,8.66,8.65,8.64,8.63,8.62,8.61,8.6,8.7,8.71,8.72,8.73,8.74,8.76,8.77,8.78,8.79,8.8,3000,2200,8400,3800,3000,700,2200,6200,3600,6000,1200,2300,3400,1800,5600,2800,400,1100,5000,8400
175.0,8.71,111500,970607.0,8.7,8.69,8.68,8.67,8.66,8.65,8.64,8.63,8.62,8.61,8.71,8.72,8.73,8.74,8.76,8.77,8.78,8.79,8.8,8.82,500,5700,2200,8400,3800,3200,700,2200,6200,3600,1500,3400,1800,5600,2800,400,1100,5000,8400,500
176.0,8.71,111500,970607.0,8.7,8.69,8.68,8.67,8.66,8.65,8.64,8.63,8.62,8.61,8.71,8.72,8.73,8.74,8.76,8.77,8.78,8.79,8.8,8.82,500,5700,2200,8400,3800,3200,700,2200,6200,3600,1500,3400,1800,5600,2800,400,1100,5000,8400,500
177.0,8.71,111500,970607.0,8.7,8.69,8.68,8.67,8.66,8.65,8.64,8.63,8.62,8.61,8.71,8.72,8.73,8.74,8.76,8.77,8.78,8.79,8.8,8.82,500,5700,2200,8400,3800,3200,700,2200,6200,3600,1500,3400,1800,5600,2800,400,1100,5000,8400,500
178.0,8.71,111500,970607.0,8.7,8.69,8.68,8.67,8.66,8.65,8.64,8.63,8.62,8.61,8.71,8.72,8.73,8.74,8.76,8.77,8.78,8.79,8.8,8.82,500,5700,2200,8400,3800,3200,700,2200,6200,3600,1500,3400,1800,5600,2800,400,1100,5000,8400,500
179.0,8.71,111500,970607.0,8.7,8.69,8.68,8.67,8.66,8.65,8.64,8.63,8.62,8.61,8.72,8.73,8.74,8.76,8.77,8.78,8.79,8.8,8.82,8.83,500,5700,2200,8400,3800,3200,700,2200,6200,3600,3400,1800,5600,2800,400,1100,5000,8400,500,3200
180.0,8.71,111500,970607.0,8.7,8.69,8.68,8.67,8.66,8.65,8.64,8.63,8.62,8.61,8.72,8.73,8.74,8.76,8.77,8.78,8.79,8.8,8.82,8.83,500,5700,2200,8400,3800,3200,700,2200,6200,3600,3400,1800,5600,2800,400,1100,5000,8400,500,3200
181.0,8.7,111700,972349.0,8.71,8.7,8.69,8.68,8.67,8.66,8.65,8.64,8.63,8.62,8.72,8.73,8.74,8.76,8.77,8.78,8.79,8.8,8.82,8.83,100,400,5700,2500,8400,3800,3200,700,2200,6200,5800,1800,8600,2800,400,1100,5000,8400,500,3200
182.0,8.7,111700,972349.0,8.71,8.7,8.69,8.68,8.67,8.66,8.65,8.64,8.63,8.62,8.72,8.73,8.74,8.76,8.77,8.78,8.79,8.8,8.82,8.83,100,400,5700,2500,8400,3800,3200,700,2200,6200,5800,1700,8600,2800,400,1100,5000,8400,500,3200
183.0,8.7,111700,972349.0,8.7,8.69,8.68,8.67,8.66,8.65,8.64,8.63,8.62,8.61,8.72,8.73,8.74,8.76,8.77,8.78,8.79,8.8,8.82,8.83,400,5700,2500,8400,3800,3200,700,2200,6200,3600,8100,1700,8600,2800,400,1100,5000,8400,500,3200
184.0,8.7,111700,972349.0,8.7,8.69,8.68,8.67,8.66,8.65,8.64,8.63,8.62,8.61,8.72,8.73,8.74,8.76,8.77,8.78,8.79,8.8,8.82,8.83,400,5700,2500,8400,3800,3200,700,2200,6200,3600,5800,1700,8600,2800,400,1100,5000,8400,500,3200
185.0,8.7,111700,972349.0,8.7,8.69,8.68,8.67,8.66,8.65,8.64,8.63,8.62,8.61,8.72,8.73,8.74,8.76,8.77,8.78,8.79,8.8,8.82,8.83,400,5700,2500,8400,3800,3200,700,2200,6200,3600,5800,1700,8600,2800,400,1100,5000,8400,500,3200
186.0,8.7,111700,972349.0,8.7,8.69,8.68,8.67,8.66,8.65,8.64,8.63,8.62,8.61,8.72,8.73,8.74,8.76,8.77,8.78,8.79,8.8,8.82,8.83,400,5700,2500,8400,5500,3200,700,2200,6200,3600,5800,1700,8600,2800,400,1100,5000,8400,500,3200
187.0,8.7,111700,972349.0,8.7,8.69,8.68,8.67,8.66,8.65,8.64,8.63,8.62,8.61,8.72,8.73,8.74,8.76,8.77,8.78,8.79,8.8,8.82,8.83,400,5700,2500,8400,5500,3200,700,2200,6200,3600,8100,1700,8600,2800,400,1100,5000,8400,500,3200
188.0,8.7,111700,972349.0,8.7,8.69,8.68,8.67,8.66,8.65,8.64,8.63,8.62,8.61,8.72,8.73,8.74,8.76,8.77,8.78,8.79,8.8,8.82,8.83,400,5700,2500,8400,5500,3200,700,2200,6200,3600,8100,1700,8600,2800,400,1100,5000,8400,500,3200
189.0,8.7,111700,972349.0,8.7,8.69,8.68,8.67,8.66,8.65,8.64,8.63,8.62,8.61,8.72,8.73,8.74,8.76,8.77,8.78,8.79,8.8,8.82,8.83,400,5700,2500,8400,5500,3200,700,2200,6200,3600,8100,1700,8600,2800,400,1100,5000,8400,500,3200
190.0,8.72,112500,979325.0,8.7,8.69,8.68,8.67,8.66,8.65,8.64,8.63,8.62,8.61,8.72,8.73,8.74,8.76,8.77,8.78,8.79,8.8,8.82,8.83,400,5700,2500,8400,5500,3200,700,2200,6200,3600,5000,1700,8600,2800,400,1100,5000,8400,500,3200
191.0,8.72,112500,979325.0,8.7,8.69,8.68,8.67,8.66,8.65,8.64,8.63,8.62,8.61,8.72,8.73,8.74,8.76,8.77,8.78,8.79,8.8,8.82,8.83,500,5700,2500,8400,5500,3200,700,2200,6200,3600,5100,1700,8600,2800,400,1100,5000,8400,500,3200
192.0,8.72,112500,979325.0,8.7,8.69,8.68,8.67,8.66,8.65,8.64,8.63,8.62,8.61,8.72,8.73,8.74,8.76,8.77,8.78,8.79,8.8,8.82,8.83,500,5700,2500,8400,5500,3200,700,2200,6200,3600,5100,1700,8600,2800,400,1100,5000,8400,500,3200
193.0,8.7,112600,980195.0,8.7,8.69,8.68,8.67,8.66,8.65,8.64,8.63,8.62,8.61,8.72,8.73,8.74,8.76,8.77,8.78,8.79,8.8,8.82,8.83,500,5700,2500,8400,5500,3200,700,2200,6200,3600,5200,1700,8600,2800,400,1100,5000,8400,500,3200
194.0,8.72,113100,984555.0,8.7,8.69,8.68,8.67,8.66,8.65,8.64,8.63,8.62,8.61,8.72,8.73,8.74,8.76,8.77,8.78,8.79,8.8,8.82,8.83,500,5700,2500,8400,5500,3200,700,2200,7200,3600,4700,1700,8600,2800,400,1100,5000,8400,500,3200
195.0,8.72,113100,984555.0,8.7,8.69,8.68,8.67,8.66,8.65,8.64,8.63,8.62,8.61,8.72,8.73,8.74,8.76,8.77,8.78,8.79,8.8,8.82,8.83,500,5700,2500,8400,5500,3200,700,2200,7200,3600,4700,1700,8600,2800,400,1100,5000,8400,500,3200
196.0,8.72,113100,984555.0,8.7,8.69,8.68,8.67,8.66,8.65,8.64,8.63,8.62,8.61,8.72,8.73,8.74,8.76,8.77,8.78,8.79,8.8,8.82,8.83,600,5700,2500,8400,5500,3200,700,2200,7200,3600,4800,1700,8600,2800,400,1100,5000,8400,500,3200
197.0,8.72,113100,984555.0,8.7,8.69,8.68,8.67,8.66,8.65,8.64,8.63,8.62,8.61,8.72,8.73,8.74,8.76,8.77,8.78,8.79,8.8,8.82,8.83,600,5700,2500,8400,5500,3200,700,2200,7200,3600,4800,1700,8600,2800,400,1100,5000,8400,500,3200
198.0,8.72,113500,988043.0,8.7,8.69,8.68,8.67,8.66,8.65,8.64,8.63,8.62,8.61,8.72,8.73,8.74,8.76,8.77,8.78,8.79,8.8,8.82,8.83,700,5700,2500,8400,5500,3200,700,2200,7200,3600,4600,1700,8600,2800,400,1100,5000,8400,500,3200
199.0,8.72,113500,988043.0,8.7,8.69,8.68,8.67,8.66,8.65,8.64,8.63,8.62,8.61,8.72,8.73,8.74,8.76,8.77,8.78,8.79,8.8,8.82,8.83,800,5700,2500,8400,5500,3200,700,2200,7200,3600,4600,1700,8600,2800,400,1100,5000,8400,500,3200
200.0,8.72,113500,988043.0,8.7,8.69,8.68,8.67,8.66,8.65,8.64,8.63,8.62,8.61,8.72,8.73,8.74,8.76,8.77,8.78,8.79,8.8,8.82,8.83,800,5700,2500,8400,5500,3200,700,2200,7200,3600,4600,1700,8600,2800,400,1100,5000,8400,500,3200
201.0,8.72,115100,1001989.0,8.71,8.7,8.69,8.68,8.67,8.66,8.65,8.64,8.63,8.62,8.72,8.73,8.74,8.76,8.77,8.78,8.79,8.8,8.82,8.83,2900,1000,5700,2500,8400,5500,3200,700,2200,7200,3800,1700,8600,2800,400,1100,5000,8400,500,3200
202.0,8.71,115900,1008957.0,8.71,8.7,8.69,8.68,8.67,8.66,8.65,8.64,8.63,8.62,8.72,8.73,8.74,8.76,8.77,8.78,8.79,8.8,8.82,8.83,2100,1000,5700,2500,8400,5500,3200,700,2200,7200,3500,1700,8600,2800,400,1100,5000,8400,500,3200
203.0,8.71,115900,1008957.0,8.71,8.7,8.69,8.68,8.67,8.66,8.65,8.64,8.63,8.62,8.72,8.73,8.74,8.76,8.77,8.78,8.79,8.8,8.82,8.83,2100,1000,5700,2500,8400,5500,3200,700,2200,7200,3500,1700,8600,2800,400,1100,5000,8400,500,3200
204.0,8.72,116200,1011573.0,8.71,8.7,8.69,8.68,8.67,8.66,8.65,8.64,8.63,8.62,8.72,8.73,8.74,8.76,8.77,8.78,8.79,8.8,8.82,8.83,2100,1000,5700,2500,8400,5500,8300,700,2200,7200,3200,1700,8600,2800,400,1100,5000,8400,500,3200
205.0,8.72,116800,1016805.0,8.71,8.7,8.69,8.68,8.67,8.66,8.65,8.64,8.63,8.62,8.72,8.73,8.74,8.76,8.77,8.78,8.79,8.8,8.82,8.83,2100,1000,5700,2500,8400,5500,8300,700,2200,7200,2600,1700,8600,2800,400,1100,5000,8400,500,3200
206.0,8.72,116800,1016805.0,8.71,8.7,8.69,8.68,8.67,8.66,8.65,8.64,8.63,8.62,8.72,8.73,8.74,8.76,8.77,8.78,8.79,8.8,8.82,8.83,2100,1000,5700,2500,8400,5500,8300,700,2200,7200,2600,1700,8600,2800,400,1100,5000,8400,500,3200
207.0,8.72,116800,1016805.0,8.71,8.7,8.69,8.68,8.67,8.66,8.65,8.64,8.63,8.62,8.72,8.73,8.74,8.76,8.77,8.78,8.79,8.8,8.82,8.83,2100,1000,5700,2500,8400,5500,8300,700,2200,7200,2600,1700,8600,2800,400,1100,5000,8400,500,3200
208.0,8.72,117000,1018549.0,8.71,8.7,8.69,8.68,8.67,8.66,8.65,8.64,8.63,8.62,8.72,8.73,8.74,8.76,8.77,8.78,8.79,8.8,8.82,8.83,2100,1000,5700,2500,8400,5500,8300,700,2200,7200,2400,1700,8600,2800,400,1100,5000,8400,500,3200
209.0,8.72,117000,1018549.0,8.71,8.7,8.69,8.68,8.67,8.66,8.65,8.64,8.63,8.62,8.72,8.73,8.74,8.76,8.77,8.78,8.79,8.8,8.82,8.83,2100,1000,5700,2500,8400,5500,8300,700,2200,7200,2400,1700,8600,2800,400,1100,5000,8400,500,3200
210.0,8.72,117000,1018549.0,8.7,8.69,8.68,8.67,8.66,8.65,8.64,8.63,8.62,8.61,8.72,8.73,8.74,8.76,8.77,8.78,8.79,8.8,8.82,8.83,1000,5700,2500,8400,5500,8300,700,2200,7200,3600,2400,1700,8600,2800,400,1100,5000,8400,500,3200
211.0,8.72,117300,1021163.0,8.7,8.69,8.68,8.67,8.66,8.65,8.64,8.63,8.62,8.61,8.72,8.73,8.74,8.76,8.77,8.78,8.79,8.8,8.82,8.83,1300,5700,2500,8400,5500,8300,700,2200,7200,3600,2200,1700,8600,2800,400,1100,5000,8400,500,3200
212.0,8.72,117300,1021163.0,8.7,8.69,8.68,8.67,8.66,8.65,8.64,8.63,8.62,8.61,8.72,8.73,8.74,8.76,8.77,8.78,8.79,8.8,8.82,8.83,1400,5700,2500,8400,5500,8300,700,2200,7200,3600,2300,1700,8600,2800,400,1100,5000,8400,500,3200
213.0,8.72,117300,1021163.0,8.7,8.69,8.68,8.67,8.66,8.65,8.64,8.63,8.62,8.61,8.72,8.73,8.74,8.76,8.77,8.78,8.79,8.8,8.82,8.83,1500,5700,2500,8400,5500,8300,700,2200,7200,3600,2400,1700,8600,2800,400,1100,5000,8400,500,3200
214.0,8.72,117300,1021163.0,8.7,8.69,8.68,8.67,8.66,8.65,8.64,8.63,8.62,8.61,8.72,8.73,8.74,8.76,8.77,8.78,8.79,8.8,8.82,8.83,1500,5700,2500,8400,5500,8300,700,2200,7200,3600,2400,1700,8600,2800,400,1100,5000,8400,500,3200
215.0,8.72,117500,1022907.0,8.7,8.69,8.68,8.67,8.66,8.65,8.64,8.63,8.62,8.61,8.71,8.72,8.73,8.74,8.76,8.77,8.78,8.79,8.8,8.82,1700,5700,2500,8400,5500,8800,700,2200,7200,3600,1500,2400,1700,8600,2800,400,1100,5000,8400,500
216.0,8.72,117500,1022907.0,8.7,8.69,8.68,8.67,8.66,8.65,8.64,8.63,8.62,8.61,8.71,8.72,8.73,8.74,8.76,8.77,8.78,8.79,8.8,8.82,1700,5700,2500,8400,5500,8800,700,2200,7200,3600,1500,2400,1700,8600,2800,400,1100,5000,8400,500
217.0,8.71,117800,1025520.0,8.7,8.69,8.68,8.67,8.66,8.65,8.64,8.63,8.62,8.61,8.71,8.72,8.73,8.74,8.76,8.77,8.78,8.79,8.8,8.82,1700,5700,2500,8400,5500,8800,700,2200,7200,3600,1200,2400,1700,8600,2800,400,1100,5000,8400,500
218.0,8.71,118200,1029003.0,8.7,8.69,8.68,8.67,8.66,8.65,8.64,8.63,8.62,8.61,8.71,8.72,8.73,8.74,8.76,8.77,8.78,8.79,8.8,8.82,1600,5700,2500,8400,5500,8800,700,2200,7200,3600,900,2400,1700,8600,2800,400,1100,5000,8400,500
219.0,8.71,118200,1029003.0,8.7,8.69,8.68,8.67,8.66,8.65,8.64,8.63,8.62,8.61,8.71,8.72,8.73,8.74,8.76,8.77,8.78,8.79,8.8,8.82,1600,5700,2500,8400,5500,8800,700,2200,7200,3600,900,2400,1700,8600,2800,400,1100,5000,8400,500
220.0,8.71,118200,1029003.0,8.7,8.69,8.68,8.67,8.66,8.65,8.64,8.63,8.62,8.61,8.71,8.72,8.73,8.74,8.76,8.77,8.78,8.79,8.8,8.82,1600,5700,2500,8400,5500,8800,700,2200,7200,3600,900,2400,1700,8600,2800,400,1100,5000,8400,500
221.0,8.71,118200,1029003.0,8.7,8.69,8.68,8.67,8.66,8.65,8.64,8.63,8.62,8.61,8.71,8.72,8.73,8.74,8.76,8.77,8.78,8.79,8.8,8.82,1600,5700,2500,8400,5500,8800,700,2200,7200,3600,900,2400,1700,8600,2800,400,1100,5000,8400,500
222.0,8.71,118200,1029003.0,8.7,8.69,8.68,8.67,8.66,8.65,8.64,8.63,8.62,8.61,8.71,8.72,8.73,8.74,8.76,8.77,8.78,8.79,8.8,8.82,1600,5700,2500,8400,5500,8800,700,2200,7200,3600,900,2400,1700,8600,2800,400,1100,5000,8400,500
223.0,8.71,118200,1029003.0,8.7,8.69,8.68,8.67,8.66,8.65,8.64,8.63,8.62,8.61,8.71,8.72,8.73,8.74,8.76,8.77,8.78,8.79,8.8,8.82,1600,5700,2500,8400,5500,8800,700,2200,7200,3600,900,2400,1700,8600,2800,400,1100,5000,8400,500
224.0,8.71,118200,1029003.0,8.7,8.69,8.68,8.67,8.66,8.65,8.64,8.63,8.62,8.61,8.71,8.72,8.73,8.74,8.76,8.77,8.78,8.79,8.8,8.82,1600,5700,2500,8400,5500,8800,700,2200,7200,3600,900,2400,1700,8600,2800,400,1100,5000,8400,500
225.0,8.71,118200,1029003.0,8.7,8.69,8.68,8.67,8.66,8.65,8.64,8.63,8.62,8.61,8.71,8.72,8.73,8.74,8.76,8.77,8.78,8.79,8.8,8.82,1600,5700,2500,8400,5500,8800,700,2200,7200,3600,900,2400,1700,8600,2800,400,1100,5000,8400,500
226.0,8.7,118300,1029873.0,8.7,8.69,8.68,8.67,8.66,8.65,8.64,8.63,8.62,8.61,8.71,8.72,8.73,8.74,8.76,8.77,8.78,8.79,8.8,8.82,1500,5700,2500,8400,5500,8800,700,2200,7200,3600,900,2400,1700,8600,2800,400,1100,5000,8400,500
227.0,8.7,118300,1029873.0,8.7,8.69,8.68,8.67,8.66,8.65,8.64,8.63,8.62,8.61,8.71,8.72,8.73,8.74,8.76,8.77,8.78,8.79,8.8,8.82,1500,5700,2500,8400,5500,8800,700,2200,7200,3600,900,2400,1700,8600,2800,400,1100,5000,8400,500
228.0,8.71,118400,1030744.0,8.7,8.69,8.68,8.67,8.66,8.65,8.64,8.63,8.62,8.61,8.71,8.72,8.73,8.74,8.76,8.77,8.78,8.79,8.8,8.82,1500,5700,2500,8400,5500,8800,700,2200,7200,3600,800,2400,1700,8600,2800,400,1100,5000,8400,500
229.0,8.71,118400,1030744.0,8.7,8.69,8.68,8.67,8.66,8.65,8.64,8.63,8.62,8.61,8.71,8.72,8.73,8.74,8.76,8.77,8.78,8.79,8.8,8.82,1500,5700,2500,8400,5500,8800,700,2200,7200,3600,800,2400,1700,8600,2800,400,1100,5000,8400,500
230.0,8.71,118400,1030744.0,8.7,8.69,8.68,8.67,8.66,8.65,8.64,8.63,8.62,8.61,8.71,8.72,8.73,8.74,8.76,8.77,8.78,8.79,8.8,8.82,1500,5700,2500,8400,5500,8800,700,2200,7200,3600,800,2400,1700,8600,2800,400,1100,5000,8400,500
231.0,8.71,118400,1030744.0,8.7,8.69,8.68,8.67,8.66,8.65,8.64,8.63,8.62,8.61,8.71,8.72,8.73,8.74,8.76,8.77,8.78,8.79,8.8,8.82,1500,5700,2500,8400,5500,8800,700,2200,7200,3600,800,2400,1700,8600,2800,400,1100,5000,8400,500
232.0,8.71,118400,1030744.0,8.7,8.69,8.68,8.67,8.66,8.65,8.64,8.63,8.62,8.61,8.71,8.72,8.73,8.74,8.76,8.77,8.78,8.79,8.8,8.82,1500,5700,2500,8400,5500,8800,700,2200,7200,3600,800,2400,1700,8600,2800,400,1100,5000,8400,500
233.0,8.7,118500,1031614.0,8.7,8.69,8.68,8.67,8.66,8.65,8.64,8.63,8.62,8.61,8.71,8.72,8.73,8.74,8.76,8.77,8.78,8.79,8.8,8.82,1400,5700,2500,8400,5500,8800,700,2200,7200,3600,800,2400,1700,8600,2800,400,1100,5000,8400,500
234.0,8.7,118600,1032484.0,8.7,8.69,8.68,8.67,8.66,8.65,8.64,8.63,8.62,8.61,8.71,8.72,8.73,8.74,8.76,8.77,8.78,8.79,8.8,8.82,1300,5700,2500,8400,5500,8800,700,2200,7200,3600,800,2400,1700,8600,2800,400,1100,5000,8400,500
235.0,8.7,118600,1032484.0,8.7,8.69,8.68,8.67,8.66,8.65,8.64,8.63,8.62,8.61,8.71,8.72,8.73,8.74,8.76,8.77,8.78,8.79,8.8,8.82,1300,5700,2500,8400,5500,8800,700,2200,7200,3600,800,2400,1700,8600,2800,400,1100,5000,8400,500
236.0,8.7,118600,1032484.0,8.7,8.69,8.68,8.67,8.66,8.65,8.64,8.63,8.62,8.61,8.71,8.72,8.73,8.74,8.76,8.77,8.78,8.79,8.8,8.82,1300,5700,2500,8400,5500,8800,700,2200,7200,3600,800,2400,5700,8600,2800,400,1100,5000,8400,500
237.0,8.7,118600,1032484.0,8.7,8.69,8.68,8.67,8.66,8.65,8.64,8.63,8.62,8.61,8.71,8.72,8.73,8.74,8.76,8.77,8.78,8.79,8.8,8.82,1300,5700,2500,8400,5500,8800,700,2200,7200,3600,800,2400,5700,8600,2800,400,1100,5000,8400,500
238.0,8.7,118700,1033354.0,8.7,8.69,8.68,8.67,8.66,8.65,8.64,8.63,8.62,8.61,8.71,8.72,8.73,8.74,8.76,8.77,8.78,8.79,8.8,8.82,1200,5700,2500,8400,5500,8800,700,2600,7200,3600,800,2400,5700,8600,2800,400,1100,5000,8400,500
239.0,8.7,118700,1033354.0,8.7,8.69,8.68,8.67,8.66,8.65,8.64,8.63,8.62,8.61,8.71,8.72,8.73,8.74,8.76,8.77,8.78,8.79,8.8,8.82,1200,5700,2500,8400,5500,8800,700,2600,7200,3600,800,2400,5700,8600,2800,400,1100,5000,8400,500
240.0,8.71,119500,1040322.0,8.71,8.7,8.69,8.68,8.67,8.66,8.65,8.64,8.63,8.62,8.72,8.73,8.74,8.76,8.77,8.78,8.79,8.8,8.82,8.83,2700,4800,5700,2500,8400,5500,8800,700,2600,7200,2400,5700,8600,2800,400,1100,5000,8400,500,3200
241.0,8.72,119900,1043808.0,8.71,8.7,8.69,8.68,8.67,8.66,8.65,8.64,8.63,8.62,8.72,8.73,8.74,8.76,8.77,8.78,8.79,8.8,8.82,8.83,2700,4800,5700,2500,8400,5500,8800,700,2600,7200,2200,5700,8600,2800,400,1100,5000,8400,500,3200
242.0,8.72,119900,1043808.0,8.71,8.7,8.69,8.68,8.67,8.66,8.65,8.64,8.63,8.62,8.72,8.73,8.74,8.76,8.77,8.78,8.79,8.8,8.82,8.83,2700,4800,5700,2500,8400,5500,8800,700,2600,7200,2200,5700,8600,2800,400,1100,5000,8400,500,3200
243.0,8.72,119900,1043808.0,8.71,8.7,8.69,8.68,8.67,8.66,8.65,8.64,8.63,8.62,8.72,8.73,8.74,8.76,8.77,8.78,8.79,8.8,8.82,8.83,2700,4800,5700,2500,8400,5500,8800,700,2600,7200,2200,5700,8600,2800,400,1100,5000,8400,500,3200
244.0,8.72,120100,1045552.0,8.71,8.7,8.69,8.68,8.67,8.66,8.65,8.64,8.63,8.62,8.72,8.73,8.74,8.76,8.77,8.78,8.79,8.8,8.82,8.83,1600,4800,5700,2500,8400,5500,8800,700,2600,7200,2000,5700,8600,2800,400,1100,5000,8400,500,3200
245.0,8.72,120100,1045552.0,8.71,8.7,8.69,8.68,8.67,8.66,8.65,8.64,8.63,8.62,8.72,8.73,8.74,8.76,8.77,8.78,8.79,8.8,8.82,8.83,1600,4800,5700,2500,8400,5500,8800,700,2600,7200,2000,5700,8600,2800,400,1100,5000,8400,500,3200
246.0,8.72,122100,1062992.0,8.72,8.71,8.7,8.69,8.68,8.67,8.66,8.65,8.64,8.63,8.73,8.74,8.76,8.77,8.78,8.79,8.8,8.82,8.83,8.85,2900,1700,4800,5700,2500,8400,5500,8800,700,2600,5700,8600,2800,400,1100,5000,8400,500,3200,1800
247.0,8.72,122600,1067352.0,8.72,8.71,8.7,8.69,8.68,8.67,8.66,8.65,8.64,8.63,8.73,8.74,8.76,8.77,8.78,8.79,8.8,8.82,8.83,8.85,2400,1700,4800,3000,300,8400,5500,8800,700,2600,5700,8600,2800,400,1100,5000,8400,500,3200,1800
248.0,8.72,123300,1073461.0,8.72,8.71,8.7,8.69,8.68,8.67,8.66,8.65,8.64,8.63,8.73,8.74,8.76,8.77,8.78,8.79,8.8,8.82,8.83,8.85,2300,1700,4800,3000,300,8400,5500,8800,700,2600,5200,8600,2800,400,1100,5000,8400,500,3200,1800
249.0,8.72,124400,1083053.0,8.72,8.71,8.7,8.69,8.68,8.67,8.66,8.65,8.64,8.63,8.73,8.74,8.76,8.77,8.78,8.79,8.8,8.82,8.83,8.85,1200,1700,5300,3000,300,8400,5500,8800,700,2600,5200,8600,2800,400,1100,5000,8400,500,3200,1800
250.0,8.72,125000,1088285.0,8.72,8.71,8.7,8.69,8.68,8.67,8.66,8.65,8.64,8.63,8.73,8.74,8.76,8.77,8.78,8.79,8.8,8.82,8.83,8.85,700,1700,5300,3000,300,8400,5500,8800,700,2600,5200,8600,2800,400,1100,5000,8400,500,3200,1800
251.0,8.72,125000,1088285.0,8.72,8.71,8.7,8.69,8.68,8.67,8.66,8.65,8.64,8.63,8.73,8.74,8.76,8.77,8.78,8.79,8.8,8.82,8.83,8.85,700,1700,5300,3000,300,8400,5500,8800,700,2600,5200,8600,2800,400,1100,5000,8400,500,3200,1800
252.0,8.72,125100,1089157.0,8.72,8.71,8.7,8.69,8.68,8.67,8.66,8.65,8.64,8.63,8.73,8.74,8.76,8.77,8.78,8.79,8.8,8.82,8.83,8.85,600,1700,5300,3000,300,8400,5500,8800,700,2600,5200,8600,2800,400,1100,5000,8400,500,3200,1800
253.0,8.72,125100,1089157.0,8.72,8.71,8.7,8.69,8.68,8.67,8.66,8.65,8.64,8.63,8.73,8.74,8.76,8.77,8.78,8.79,8.8,8.82,8.83,8.85,600,1700,5300,3000,300,8400,5500,8800,700,2600,5200,8600,2800,400,1100,5000,8400,500,3200,1800
254.0,8.72,125100,1089157.0,8.72,8.71,8.7,8.69,8.68,8.67,8.66,8.65,8.64,8.63,8.73,8.74,8.76,8.77,8.78,8.79,8.8,8.82,8.83,8.85,600,1700,5300,3000,300,8400,5500,8800,700,2600,5200,8600,2800,400,1100,5000,8400,500,3200,1800
255.0,8.71,127400,1109196.0,8.7,8.69,8.68,8.67,8.66,8.65,8.64,8.63,8.62,8.61,8.71,8.73,8.74,8.76,8.77,8.78,8.79,8.8,8.82,8.83,5300,3000,300,8400,5500,8800,700,2600,7200,3600,8400,5200,8600,2800,400,1100,5000,8400,500,3200
256.0,8.7,127900,1113546.0,8.7,8.69,8.68,8.67,8.66,8.65,8.64,8.63,8.62,8.61,8.71,8.73,8.74,8.76,8.77,8.78,8.79,8.8,8.82,8.83,4800,3000,300,8400,5500,8800,700,2600,7200,3600,8400,5200,8600,2800,400,1100,5000,8400,500,3200
257.0,8.7,127900,1113546.0,8.7,8.69,8.68,8.67,8.66,8.65,8.64,8.63,8.62,8.61,8.71,8.73,8.74,8.76,8.77,8.78,8.79,8.8,8.82,8.83,4800,3000,300,8400,5500,8800,700,2600,7200,3600,8400,5200,8600,2800,400,1100,5000,8400,500,3200
258.0,8.7,127900,1113546.0,8.7,8.69,8.68,8.67,8.66,8.65,8.64,8.63,8.62,8.61,8.71,8.73,8.74,8.76,8.77,8.78,8.79,8.8,8.82,8.83,4800,3000,300,8400,5500,8800,700,2600,7200,3600,8400,5200,8600,2800,400,1100,5000,8400,500,3200
259.0,8.71,128500,1118772.0,8.7,8.69,8.68,8.67,8.66,8.65,8.64,8.63,8.62,8.61,8.71,8.73,8.74,8.76,8.77,8.78,8.79,8.8,8.82,8.83,4800,3000,300,8400,5500,8800,700,2600,7200,3600,7800,5200,8600,2800,400,1100,5000,8400,500,3200
260.0,8.71,128500,1118772.0,8.7,8.69,8.68,8.67,8.66,8.65,8.64,8.63,8.62,8.61,8.71,8.73,8.74,8.76,8.77,8.78,8.79,8.8,8.82,8.83,4800,3000,300,8400,5500,8800,700,2600,7200,3600,7800,5200,8600,2800,400,1100,5000,8400,500,3200
261.0,8.71,128500,1118772.0,8.7,8.69,8.68,8.67,8.66,8.65,8.64,8.63,8.62,8.61,8.71,8.73,8.74,8.76,8.77,8.78,8.79,8.8,8.82,8.83,4800,3000,300,8400,9100,8800,700,2600,7200,3600,7800,5200,8600,2800,400,1100,5000,8400,500,3200
262.0,8.71,128500,1118772.0,8.7,8.69,8.68,8.67,8.66,8.65,8.64,8.63,8.62,8.61,8.71,8.73,8.74,8.76,8.77,8.78,8.79,8.8,8.82,8.83,4800,3000,300,8400,9100,8800,700,2600,7200,3600,7800,5200,8600,2800,400,1100,5000,8400,500,3200
263.0,8.7,129800,1130082.0,8.7,8.69,8.68,8.67,8.66,8.65,8.64,8.63,8.62,8.61,8.71,8.73,8.74,8.76,8.77,8.78,8.79,8.8,8.82,8.83,3500,3000,300,8400,9100,8800,700,2600,7200,3600,7800,5200,8600,2800,400,1100,5000,8400,500,3200
264.0,8.7,129800,1130082.0,8.7,8.69,8.68,8.67,8.66,8.65,8.64,8.63,8.62,8.61,8.71,8.73,8.74,8.76,8.77,8.78,8.79,8.8,8.82,8.83,3500,3000,300,8400,9100,8800,700,2600,7200,3600,7800,5200,8600,2800,400,1100,5000,8400,500,3200
265.0,8.7,129800,1130082.0,8.7,8.69,8.68,8.67,8.66,8.65,8.64,8.63,8.62,8.61,8.71,8.73,8.74,8.76,8.77,8.78,8.79,8.8,8.82,8.83,3500,3000,300,8400,9100,8800,700,2600,7200,3600,7800,5200,8600,2800,400,1100,5000,8400,500,3200
266.0,8.7,129800,1130082.0,8.7,8.69,8.68,8.67,8.66,8.65,8.64,8.63,8.62,8.61,8.71,8.73,8.74,8.76,8.77,8.78,8.79,8.8,8.82,8.83,3600,3000,300,8400,9100,8800,700,2600,7200,3600,7800,5200,8600,2800,400,1100,5000,8400,500,3200
267.0,8.7,129800,1130082.0,8.7,8.69,8.68,8.67,8.66,8.65,8.64,8.63,8.62,8.61,8.71,8.73,8.74,8.76,8.77,8.78,8.79,8.8,8.82,8.83,3600,3000,300,8400,9100,8800,700,2600,7200,3600,7800,5200,8600,2800,400,1100,5000,8400,500,3200
268.0,8.7,129800,1130082.0,8.7,8.69,8.68,8.67,8.66,8.65,8.64,8.63,8.62,8.61,8.71,8.73,8.74,8.76,8.77,8.78,8.79,8.8,8.82,8.83,3600,3000,300,8400,9100,8800,700,2600,7200,3600,7800,5200,8600,2800,400,1100,5000,8400,500,3200
269.0,8.7,129800,1130082.0,8.7,8.69,8.68,8.67,8.66,8.65,8.64,8.63,8.62,8.61,8.71,8.73,8.74,8.76,8.77,8.78,8.79,8.8,8.82,8.83,3600,3000,300,8400,9100,8800,700,2600,7200,3600,7800,5200,8600,2800,400,1100,5000,8400,500,3200
270.0,8.7,130800,1138789.0,8.7,8.69,8.68,8.67,8.66,8.65,8.64,8.63,8.62,8.61,8.71,8.73,8.74,8.76,8.77,8.78,8.79,8.8,8.82,8.83,3300,3000,300,8400,9100,8800,700,2600,7200,3600,7100,5200,8600,2800,400,1100,5000,8400,500,3200
271.0,8.7,130800,1138789.0,8.7,8.69,8.68,8.67,8.66,8.65,8.64,8.63,8.62,8.61,8.71,8.73,8.74,8.76,8.77,8.78,8.79,8.8,8.82,8.83,3300,3000,300,8400,9100,8800,700,2600,7200,3600,7200,5200,8600,2800,400,1100,5000,8400,500,3200
272.0,8.7,130800,1138789.0,8.7,8.69,8.68,8.67,8.66,8.65,8.64,8.63,8.62,8.61,8.71,8.73,8.74,8.76,8.77,8.78,8.79,8.8,8.82,8.83,3600,3000,300,8400,9100,8800,700,2600,7200,3600,7200,5200,8600,2800,400,1100,5000,8400,500,3200
273.0,8.7,130800,1138789.0,8.7,8.69,8.68,8.67,8.66,8.65,8.64,8.63,8.62,8.61,8.71,8.73,8.74,8.76,8.77,8.78,8.79,8.8,8.82,8.83,3600,3000,300,8400,9100,8800,700,2600,7200,3600,7200,5200,8600,2800,400,1100,5000,8400,500,3200
274.0,8.71,131500,1144886.0,8.7,8.69,8.68,8.67,8.66,8.65,8.64,8.63,8.62,8.61,8.71,8.73,8.74,8.76,8.77,8.78,8.79,8.8,8.82,8.83,3600,3000,300,8400,9100,8800,700,2600,7200,3600,6500,5200,8600,2800,400,1100,5000,8400,500,3200
275.0,8.71,136800,1191049.0,8.7,8.69,8.68,8.67,8.66,8.65,8.64,8.63,8.62,8.61,8.71,8.73,8.74,8.76,8.77,8.78,8.79,8.8,8.82,8.83,3600,3000,300,8400,9100,8800,700,2600,7200,3600,1200,5200,8600,2800,400,1100,5000,8400,500,3200
276.0,8.71,136800,1191049.0,8.7,8.69,8.68,8.67,8.66,8.65,8.64,8.63,8.62,8.61,8.71,8.73,8.74,8.76,8.77,8.78,8.79,8.8,8.82,8.83,3600,3000,300,8400,9100,8800,700,2600,7200,3600,1200,5200,8600,2800,400,1100,5000,8400,500,3200
277.0,8.71,137300,1195400.0,8.7,8.69,8.68,8.67,8.66,8.65,8.64,8.63,8.62,8.61,8.71,8.73,8.74,8.76,8.77,8.78,8.79,8.8,8.82,8.83,3200,3000,300,8400,9100,8800,700,2600,7200,3600,1100,5200,8600,2800,400,1100,5000,8400,500,3200
278.0,8.71,137700,1198881.0,8.7,8.69,8.68,8.67,8.66,8.65,8.64,8.63,8.62,8.61,8.71,8.73,8.74,8.76,8.77,8.78,8.79,8.8,8.82,8.83,2800,3000,300,8400,9100,8800,700,2600,7200,3600,1000,5200,8600,2800,400,1100,5000,8400,500,3200
279.0,8.71,137700,1198881.0,8.7,8.69,8.68,8.67,8.66,8.65,8.64,8.63,8.62,8.61,8.71,8.73,8.74,8.76,8.77,8.78,8.79,8.8,8.82,8.83,2800,3000,300,8400,9100,8800,700,2600,7200,3600,1000,5200,8600,2800,400,1100,5000,8400,500,3200
280.0,8.71,137800,1199752.0,8.7,8.69,8.68,8.67,8.66,8.65,8.64,8.63,8.62,8.61,8.71,8.73,8.74,8.76,8.77,8.78,8.79,8.8,8.82,8.83,2800,3000,300,8400,9100,8800,700,2600,7200,3600,900,5200,8600,2800,400,1100,5000,8400,500,3200
281.0,8.71,138700,1207591.0,8.71,8.7,8.69,8.68,8.67,8.66,8.65,8.64,8.63,8.62,8.73,8.74,8.76,8.77,8.78,8.79,8.8,8.82,8.83,8.85,3300,2800,3000,300,8400,9100,8800,700,2600,7200,5200,8600,2800,400,1100,5000,8400,500,3200,1800
282.0,8.71,138700,1207591.0,8.71,8.7,8.69,8.68,8.67,8.66,8.65,8.64,8.63,8.62,8.73,8.74,8.76,8.77,8.78,8.79,8.8,8.82,8.83,8.85,3300,2800,3000,300,8400,9100,8800,700,2600,7200,5200,8600,2800,400,1100,5000,8400,500,3200,1800
283.0,8.71,138700,1207591.0,8.71,8.7,8.69,8.68,8.67,8.66,8.65,8.64,8.63,8.62,8.73,8.74,8.76,8.77,8.78,8.79,8.8,8.82,8.83,8.85,3400,2800,3000,300,8400,9100,8800,700,2600,7200,5300,8600,2800,400,1100,5000,8400,500,3200,1800
284.0,8.71,138700,1207591.0,8.71,8.7,8.69,8.68,8.67,8.66,8.65,8.64,8.63,8.62,8.73,8.74,8.76,8.77,8.78,8.79,8.8,8.82,8.83,8.85,5500,2800,3000,300,8400,9100,8800,700,2600,7200,5300,8600,2800,400,1100,5000,8400,500,3200,1800
285.0,8.71,139200,1211946.0,8.71,8.7,8.69,8.68,8.67,8.66,8.65,8.64,8.63,8.62,8.73,8.74,8.76,8.77,8.78,8.79,8.8,8.82,8.83,8.85,5000,2800,3000,300,8400,9100,8800,700,2600,7200,5300,8600,2800,400,1100,5000,8400,500,3200,1800
286.0,8.71,139200,1211946.0,8.71,8.7,8.69,8.68,8.67,8.66,8.65,8.64,8.63,8.62,8.73,8.74,8.76,8.77,8.78,8.79,8.8,8.82,8.83,8.85,5100,2800,3000,300,8400,9100,8800,700,2600,7200,5400,8600,2800,400,1100,5000,8400,500,3200,1800
287.0,8.73,140200,1220676.0,8.71,8.7,8.69,8.68,8.67,8.66,8.65,8.64,8.63,8.62,8.73,8.74,8.76,8.77,8.78,8.79,8.8,8.82,8.83,8.85,5100,2800,3000,300,8400,9100,8800,700,2600,7200,4400,8600,2800,400,1100,5000,8400,500,3200,1800
288.0,8.73,140200,1220676.0,8.71,8.7,8.69,8.68,8.67,8.66,8.65,8.64,8.63,8.62,8.73,8.74,8.76,8.77,8.78,8.79,8.8,8.82,8.83,8.85,5100,2800,3000,300,8400,9100,8800,700,2600,46700,4400,8600,2800,400,1100,5000,8400,500,3200,1800
289.0,8.73,140300,1221549.0,8.71,8.7,8.69,8.68,8.67,8.66,8.65,8.64,8.63,8.62,8.73,8.74,8.76,8.77,8.78,8.79,8.8,8.82,8.83,8.85,5200,2800,3000,300,8400,7800,8800,700,2600,46700,4400,8600,2800,400,1100,5000,8400,500,3200,1800
290.0,8.73,140300,1221549.0,8.71,8.7,8.69,8.68,8.67,8.66,8.65,8.64,8.63,8.62,8.73,8.74,8.76,8.77,8.78,8.79,8.8,8.82,8.83,8.85,5200,2800,3000,300,8400,7800,8800,700,2600,46700,4400,8600,2800,400,1100,5000,8400,500,3200,1800
291.0,8.73,140700,1225041.0,8.71,8.7,8.69,8.68,8.67,8.66,8.65,8.64,8.63,8.62,8.73,8.74,8.76,8.77,8.78,8.79,8.8,8.82,8.83,8.85,5200,2800,3000,300,8400,7800,8800,700,2600,46700,4000,8600,2800,400,1100,5000,8400,500,3200,1800
292.0,8.73,140700,1225041.0,8.71,8.7,8.69,8.68,8.67,8.66,8.65,8.64,8.63,8.62,8.73,8.74,8.76,8.77,8.78,8.79,8.8,8.82,8.83,8.85,5300,2800,3000,300,8400,7800,8800,700,2600,46700,4100,8600,2800,400,1100,5000,8400,500,3200,1800
293.0,8.71,141200,1229396.0,8.71,8.7,8.69,8.68,8.67,8.66,8.65,8.64,8.63,8.62,8.73,8.74,8.76,8.77,8.78,8.79,8.8,8.82,8.83,8.85,4800,2800,3000,300,8400,7800,8800,700,2600,46700,4100,8600,2800,400,1100,5000,8400,500,3200,1800
294.0,8.73,141600,1232888.0,8.71,8.7,8.69,8.68,8.67,8.66,8.65,8.64,8.63,8.62,8.73,8.74,8.76,8.77,8.78,8.79,8.8,8.82,8.83,8.85,4800,2800,3000,300,8400,7800,8800,700,2600,46700,3700,8600,2800,400,1100,5000,8400,500,3200,1800
295.0,8.71,142100,1237243.0,8.71,8.7,8.69,8.68,8.67,8.66,8.65,8.64,8.63,8.62,8.73,8.74,8.76,8.77,8.78,8.79,8.8,8.82,8.83,8.85,4400,2800,3000,300,8400,7800,8800,700,2600,46700,3800,8600,2800,400,1100,5000,8400,500,3200,1800
296.0,8.71,142100,1237243.0,8.71,8.7,8.69,8.68,8.67,8.66,8.65,8.64,8.63,8.62,8.73,8.74,8.76,8.77,8.78,8.79,8.8,8.82,8.83,8.85,4400,2800,3000,300,8400,7800,8800,700,2600,46700,3800,8600,2800,400,1100,5000,8400,500,3200,1800
297.0,8.71,145200,1264244.0,8.71,8.7,8.69,8.68,8.67,8.66,8.65,8.64,8.63,8.62,8.73,8.74,8.76,8.77,8.78,8.79,8.8,8.82,8.83,8.85,1400,2800,3000,300,8400,7800,8800,700,2600,46700,3900,8600,2800,400,1100,5000,8400,500,3200,1800
298.0,8.7,147900,1287758.0,8.7,8.69,8.68,8.67,8.66,8.65,8.64,8.63,8.62,8.61,8.71,8.73,8.74,8.76,8.77,8.78,8.79,8.8,8.82,8.83,1900,3000,300,8400,7800,8800,700,2600,46700,3600,200,3600,8600,2800,400,1100,5000,8400,500,3200
299.0,8.7,147900,1287758.0,8.7,8.69,8.68,8.67,8.66,8.65,8.64,8.63,8.62,8.61,8.71,8.73,8.74,8.76,8.77,8.78,8.79,8.8,8.82,8.83,1900,3000,300,8400,7800,8800,700,2600,46700,3600,200,3600,8600,2800,400,1100,5000,8400,500,3200
300.0,8.7,148000,1288628.0,8.7,8.69,8.68,8.67,8.66,8.65,8.64,8.63,8.62,8.61,8.71,8.73,8.74,8.76,8.77,8.78,8.79,8.8,8.82,8.83,1800,3000,300,8400,7800,8800,700,2600,46700,3600,200,3600,8600,2800,400,1100,5000,8400,500,3200
301.0,8.7,148000,1288628.0,8.7,8.69,8.68,8.67,8.66,8.65,8.64,8.63,8.62,8.61,8.71,8.73,8.74,8.76,8.77,8.78,8.79,8.8,8.82,8.83,1800,3000,300,8400,7800,8800,700,2600,46700,3600,200,3600,8600,2800,400,1100,5000,8400,500,3200
302.0,8.7,148000,1288628.0,8.7,8.69,8.68,8.67,8.66,8.65,8.64,8.63,8.62,8.61,8.71,8.73,8.74,8.76,8.77,8.78,8.79,8.8,8.82,8.83,1800,3000,300,8400,7800,8800,700,2600,46700,3600,200,3600,8600,2800,400,1100,5000,8400,500,3200
303.0,8.7,148000,1288628.0,8.7,8.69,8.68,8.67,8.66,8.65,8.64,8.63,8.62,8.61,8.71,8.73,8.74,8.76,8.77,8.78,8.79,8.8,8.82,8.83,1800,3000,300,8400,7800,8800,700,2600,46700,3600,200,4600,8600,2800,400,1100,5000,8400,500,3200
304.0,8.7,149800,1304288.0,8.69,8.68,8.67,8.66,8.65,8.64,8.63,8.62,8.61,8.6,8.7,8.71,8.73,8.74,8.76,8.77,8.78,8.79,8.8,8.82,3000,300,8400,7800,8800,700,2600,46700,3600,7200,2000,200,4600,8600,2800,400,1100,5000,8400,500
305.0,8.7,149800,1304288.0,8.69,8.68,8.67,8.66,8.65,8.64,8.63,8.62,8.61,8.6,8.7,8.71,8.73,8.74,8.76,8.77,8.78,8.79,8.8,8.82,3000,300,8400,7800,8800,700,2600,46700,3600,7200,2000,200,4600,8600,2800,400,1100,5000,8400,500
306.0,8.7,149800,1304288.0,8.69,8.68,8.67,8.66,8.65,8.64,8.63,8.62,8.61,8.6,8.7,8.71,8.73,8.74,8.76,8.77,8.78,8.79,8.8,8.82,3000,300,8400,7800,8800,700,2600,46700,3600,7200,2000,200,4600,8600,2800,400,1100,5000,8400,500
307.0,8.68,153100,1332962.0,8.67,8.66,8.65,8.64,8.63,8.62,8.61,8.6,8.58,8.56,8.68,8.69,8.7,8.71,8.73,8.74,8.76,8.77,8.78,8.79,8400,7800,8800,700,2600,46700,3600,7200,15700,6000,500,6400,1800,200,4600,8600,2800,400,1100,5000
308.0,8.7,168600,1467738.0,8.7,8.68,8.67,8.66,8.65,8.64,8.63,8.62,8.61,8.6,8.71,8.73,8.74,8.76,8.77,8.78,8.79,8.8,8.82,8.83,15600,500,8400,7800,8800,700,2600,46700,3600,7200,200,4600,8600,2800,400,1100,5000,8400,500,3200
309.0,8.7,168600,1467738.0,8.7,8.68,8.67,8.66,8.65,8.64,8.63,8.62,8.61,8.6,8.71,8.73,8.74,8.76,8.77,8.78,8.79,8.8,8.82,8.83,15600,500,8400,7800,8800,700,2600,46700,3600,7200,200,4600,8600,2800,400,1100,5000,8400,500,3200
310.0,8.7,168600,1467738.0,8.7,8.68,8.67,8.66,8.65,8.64,8.63,8.62,8.61,8.6,8.71,8.73,8.74,8.76,8.77,8.78,8.79,8.8,8.82,8.83,15600,500,8400,7800,8800,700,2600,46700,3600,7200,200,4600,8600,2800,400,1100,5000,8400,500,3200
311.0,8.71,169100,1472090.0,8.71,8.7,8.67,8.66,8.65,8.64,8.63,8.62,8.61,8.6,8.73,8.74,8.76,8.77,8.78,8.79,8.8,8.82,8.83,8.85,300,15600,8400,7800,8800,700,2600,46700,3600,7200,4600,8600,2800,400,1100,5000,8400,500,3200,1800
312.0,8.71,169200,1472961.0,8.71,8.7,8.67,8.66,8.65,8.64,8.63,8.62,8.61,8.6,8.73,8.74,8.76,8.77,8.78,8.79,8.8,8.82,8.83,8.85,200,15600,8400,7800,8800,700,2600,46700,3600,7200,4600,8600,2800,400,1100,5000,8400,500,3200,1800
313.0,8.71,169200,1472961.0,8.71,8.7,8.67,8.66,8.65,8.64,8.63,8.62,8.61,8.6,8.73,8.74,8.76,8.77,8.78,8.79,8.8,8.82,8.83,8.85,400,15600,9200,7800,8800,700,2600,46700,3600,7200,4800,8600,2800,400,1100,5000,8400,500,3200,1800
314.0,8.73,169600,1476453.0,8.71,8.7,8.67,8.66,8.65,8.64,8.63,8.62,8.61,8.6,8.73,8.74,8.76,8.77,8.78,8.79,8.8,8.82,8.83,8.85,2800,15600,9200,7800,8800,700,2600,46700,3600,7200,4400,8600,2800,400,1100,5000,8400,500,3200,1800
315.0,8.73,170000,1479945.0,8.71,8.7,8.67,8.66,8.65,8.64,8.63,8.62,8.61,8.6,8.72,8.73,8.74,8.76,8.77,8.78,8.79,8.8,8.82,8.83,15800,16500,9200,7800,8800,700,2600,46700,3600,7200,100,4000,8600,2800,400,1100,5000,8400,500,3200
316.0,8.73,170000,1479945.0,8.71,8.7,8.68,8.67,8.66,8.65,8.64,8.63,8.62,8.61,8.73,8.74,8.76,8.77,8.78,8.79,8.8,8.82,8.83,8.85,15800,16500,100,9200,7800,8800,700,2600,46700,3600,4000,8600,2800,400,1100,5000,8400,500,3200,1800
317.0,8.73,170400,1483437.0,8.71,8.7,8.68,8.67,8.66,8.65,8.64,8.63,8.62,8.61,8.73,8.74,8.76,8.77,8.78,8.79,8.8,8.82,8.83,8.85,15800,16500,100,9200,7800,8800,700,2600,46700,3600,3600,8600,2800,400,1100,5000,8400,500,3200,1800
318.0,8.73,170400,1483437.0,8.71,8.7,8.68,8.67,8.66,8.65,8.64,8.63,8.62,8.61,8.73,8.74,8.76,8.77,8.78,8.79,8.8,8.82,8.83,8.85,15800,16500,100,9200,7800,8800,700,2600,46700,3600,3600,8600,2800,400,1100,5000,8400,500,3200,1800
319.0,8.71,173100,1506954.0,8.71,8.7,8.68,8.67,8.66,8.65,8.64,8.63,8.62,8.61,8.73,8.74,8.76,8.77,8.78,8.79,8.8,8.82,8.83,8.85,13300,16500,100,9200,7800,8800,700,2600,46700,3600,3800,8600,2800,400,1100,5000,8400,500,3200,1800
320.0,8.71,173100,1506954.0,8.71,8.7,8.68,8.67,8.66,8.65,8.64,8.63,8.62,8.61,8.73,8.74,8.76,8.77,8.78,8.79,8.8,8.82,8.83,8.85,13300,16500,100,9200,7800,8800,700,2600,46700,3600,3800,8600,2800,400,1100,5000,8400,500,3200,1800
321.0,8.73,173400,1509573.0,8.71,8.7,8.68,8.67,8.66,8.65,8.64,8.63,8.62,8.61,8.73,8.74,8.76,8.77,8.78,8.79,8.8,8.82,8.83,8.85,13300,16500,100,9200,7800,8800,700,2600,46700,3600,3500,8600,2800,400,1100,5000,8400,500,3200,1800
322.0,8.73,173400,1509573.0,8.71,8.7,8.68,8.67,8.66,8.65,8.64,8.63,8.62,8.61,8.73,8.74,8.76,8.77,8.78,8.79,8.8,8.82,8.83,8.85,13500,16500,100,9200,7800,8800,700,2600,46700,3600,3700,8600,2800,400,1100,5000,8400,500,3200,1800
323.0,8.73,173700,1512192.0,8.71,8.7,8.68,8.67,8.66,8.65,8.64,8.63,8.62,8.61,8.73,8.74,8.76,8.77,8.78,8.79,8.8,8.82,8.83,8.85,13500,16500,100,9200,7800,8800,700,2600,46700,3600,3400,8600,2800,400,1100,5000,8400,500,3200,1800
324.0,8.73,174000,1514811.0,8.71,8.7,8.68,8.67,8.66,8.65,8.64,8.63,8.62,8.61,8.73,8.74,8.76,8.77,8.78,8.79,8.8,8.82,8.83,8.85,13700,16500,100,9200,7800,8800,700,2600,46700,3600,3300,8600,2800,400,1100,5000,8400,500,3200,1800
325.0,8.71,181300,1578394.0,8.71,8.7,8.68,8.67,8.66,8.65,8.64,8.63,8.62,8.61,8.72,8.73,8.74,8.76,8.77,8.78,8.79,8.8,8.82,8.83,6400,16600,100,9200,7800,8800,700,2600,46700,3600,300,3300,8600,2800,400,1100,5000,8400,500,3200
326.0,8.71,181500,1580136.0,8.71,8.7,8.68,8.67,8.66,8.65,8.64,8.63,8.62,8.61,8.72,8.73,8.74,8.76,8.77,8.78,8.79,8.8,8.82,8.83,6500,16600,100,9200,7800,8800,700,2600,46700,3600,300,3300,8600,2800,400,1100,5000,8400,500,3200
327.0,8.71,181500,1580136.0,8.71,8.7,8.68,8.67,8.66,8.65,8.64,8.63,8.62,8.61,8.72,8.73,8.74,8.76,8.77,8.78,8.79,8.8,8.82,8.83,6500,16600,100,9200,7800,8800,700,2600,46700,3600,300,3300,8600,2800,400,1100,5000,8400,500,3200
328.0,8.71,181500,1580136.0,8.71,8.7,8.68,8.67,8.66,8.65,8.64,8.63,8.62,8.61,8.72,8.73,8.74,8.76,8.77,8.78,8.79,8.8,8.82,8.83,6500,16600,100,9200,7800,8800,700,2600,46700,3600,300,3300,8600,2800,400,1100,5000,8400,500,3200
329.0,8.71,181500,1580136.0,8.71,8.7,8.68,8.67,8.66,8.65,8.64,8.63,8.62,8.61,8.72,8.73,8.74,8.76,8.77,8.78,8.79,8.8,8.82,8.83,6500,16600,100,9200,7800,8800,700,2600,46700,3600,300,3300,8600,2800,400,1100,5000,8400,500,3200
330.0,8.71,182100,1585362.0,8.71,8.7,8.68,8.67,8.66,8.65,8.64,8.63,8.62,8.61,8.72,8.73,8.74,8.76,8.77,8.78,8.79,8.8,8.82,8.83,5900,16600,100,9200,7800,8800,700,2600,46700,3600,300,3300,8600,2800,400,1100,5000,8400,500,3200
331.0,8.71,182100,1585362.0,8.71,8.7,8.68,8.67,8.66,8.65,8.64,8.63,8.62,8.61,8.72,8.73,8.74,8.76,8.77,8.78,8.79,8.8,8.82,8.83,5900,16600,100,9200,7800,8800,700,2600,46700,3600,300,3300,8600,2800,400,1100,5000,8400,500,3200
332.0,8.71,182100,1585362.0,8.71,8.7,8.68,8.67,8.66,8.65,8.64,8.63,8.62,8.61,8.72,8.73,8.74,8.76,8.77,8.78,8.79,8.8,8.82,8.83,5900,16600,100,9200,7800,8800,700,2600,46700,3600,300,3300,8600,2800,400,1100,5000,8400,500,3200
333.0,8.71,182100,1585362.0,8.71,8.7,8.68,8.67,8.66,8.65,8.64,8.63,8.62,8.61,8.72,8.73,8.74,8.76,8.77,8.78,8.79,8.8,8.82,8.83,5900,16600,100,9200,7800,8800,700,2600,46700,3600,300,3300,8600,2800,400,1100,5000,8400,500,3200
334.0,8.71,182900,1592330.0,8.71,8.7,8.68,8.67,8.66,8.65,8.64,8.63,8.62,8.61,8.72,8.73,8.74,8.76,8.77,8.78,8.79,8.8,8.82,8.83,5100,16600,100,9200,7800,8800,700,2600,46700,3600,3000,3300,8600,2800,400,1100,5000,8400,500,3200
335.0,8.71,182900,1592330.0,8.71,8.7,8.68,8.67,8.66,8.65,8.64,8.63,8.62,8.61,8.72,8.73,8.74,8.76,8.77,8.78,8.79,8.8,8.82,8.83,5100,16600,100,9200,7800,8800,700,2600,46700,3600,3000,3300,8600,2800,400,1100,5000,8400,500,3200
336.0,8.71,182900,1592330.0,8.71,8.7,8.68,8.67,8.66,8.65,8.64,8.63,8.62,8.61,8.72,8.73,8.74,8.76,8.77,8.78,8.79,8.8,8.82,8.83,5100,16600,100,9200,7800,8800,700,2600,46700,3600,3000,3300,8600,2800,400,1100,5000,8400,500,3200
337.0,8.72,183200,1594946.0,8.71,8.7,8.68,8.67,8.66,8.65,8.64,8.63,8.62,8.61,8.72,8.73,8.74,8.76,8.77,8.78,8.79,8.8,8.82,8.83,5100,16600,100,9200,7800,8800,700,2600,46700,3600,2700,3300,8600,2800,400,1100,5000,8400,500,3200
338.0,8.71,183700,1599301.0,8.71,8.7,8.68,8.67,8.66,8.65,8.64,8.63,8.62,8.61,8.72,8.73,8.74,8.76,8.77,8.78,8.79,8.8,8.82,8.83,4600,16600,100,9200,7800,8800,700,2600,46700,3600,2700,3300,8600,2800,400,1100,5000,8400,500,3200
339.0,8.71,183800,1600172.0,8.71,8.7,8.68,8.67,8.66,8.65,8.64,8.63,8.62,8.61,8.72,8.73,8.74,8.76,8.77,8.78,8.79,8.8,8.82,8.83,4500,16600,100,9200,7800,8800,700,2600,46700,3600,2700,3300,8600,2800,400,1100,5000,8400,500,3200
340.0,8.71,183800,1600172.0,8.71,8.7,8.68,8.67,8.66,8.65,8.64,8.63,8.62,8.61,8.72,8.73,8.74,8.76,8.77,8.78,8.79,8.8,8.82,8.83,4500,16600,100,9200,7800,8800,700,2600,46700,3600,2700,3300,8600,2800,400,1100,5000,8400,500,3200
341.0,8.71,184100,1602787.0,8.71,8.7,8.68,8.67,8.66,8.65,8.64,8.63,8.62,8.61,8.72,8.73,8.74,8.76,8.77,8.78,8.79,8.8,8.82,8.83,4400,16600,100,9200,7800,8800,700,2600,46700,3600,2500,3300,8600,2800,400,1100,5000,8400,500,3200
342.0,8.72,184500,1606275.0,8.71,8.7,8.68,8.67,8.66,8.65,8.64,8.63,8.62,8.61,8.72,8.73,8.74,8.76,8.77,8.78,8.79,8.8,8.82,8.83,4400,16600,100,9200,7800,8800,700,2600,46700,3600,2100,3300,8600,2800,400,1100,5000,8400,500,3200
343.0,8.72,184500,1606275.0,8.71,8.7,8.68,8.67,8.66,8.65,8.64,8.63,8.62,8.61,8.72,8.73,8.74,8.76,8.77,8.78,8.79,8.8,8.82,8.83,4400,16600,100,9200,7800,8800,700,2600,46700,3600,2100,3300,8600,2800,400,1100,5000,8400,500,3200
344.0,8.71,185300,1613245.0,8.71,8.7,8.68,8.67,8.66,8.65,8.64,8.63,8.62,8.61,8.72,8.73,8.74,8.76,8.77,8.78,8.79,8.8,8.82,8.83,3800,16300,100,9200,7800,8800,700,2600,46700,3600,1900,3300,8600,2800,400,1100,5000,8400,500,3200
345.0,8.71,185600,1615858.0,8.71,8.7,8.68,8.67,8.66,8.65,8.64,8.63,8.62,8.61,8.72,8.73,8.74,8.76,8.77,8.78,8.79,8.8,8.82,8.83,3500,16300,100,9200,7800,8800,700,2600,46700,3600,1900,3300,8600,2800,400,1100,5000,8400,500,3200
346.0,8.71,185600,1615858.0,8.71,8.7,8.68,8.67,8.66,8.65,8.64,8.63,8.62,8.61,8.72,8.73,8.74,8.76,8.77,8.78,8.79,8.8,8.82,8.83,3500,16300,100,9200,7800,8800,700,2600,46700,3600,1900,3300,8600,2800,400,1100,5000,8400,500,3200
347.0,8.71,185600,1615858.0,8.71,8.7,8.68,8.67,8.66,8.65,8.64,8.63,8.62,8.61,8.72,8.73,8.74,8.76,8.77,8.78,8.79,8.8,8.82,8.83,3500,16300,100,9200,7800,8800,700,2600,46700,3600,1900,3300,8600,2800,400,1100,5000,8400,500,3200
348.0,8.71,185900,1618471.0,8.71,8.7,8.68,8.67,8.66,8.65,8.64,8.63,8.62,8.61,8.72,8.73,8.74,8.76,8.77,8.78,8.79,8.8,8.82,8.83,3200,16300,100,9200,7800,8800,700,2600,46700,3600,1900,3300,8600,2800,400,1100,5000,8400,500,3200
349.0,8.71,185900,1618471.0,8.71,8.7,8.68,8.67,8.66,8.65,8.64,8.63,8.62,8.61,8.72,8.73,8.74,8.76,8.77,8.78,8.79,8.8,8.82,8.83,3200,16300,100,9200,7800,8800,700,2600,46700,3600,1900,3300,8600,2800,400,1100,5000,8400,500,3200
350.0,8.71,185900,1618471.0,8.71,8.7,8.68,8.67,8.66,8.65,8.64,8.63,8.62,8.61,8.72,8.73,8.74,8.76,8.77,8.78,8.79,8.8,8.82,8.83,3200,16300,100,9200,7800,8800,700,2600,46700,3600,1900,3300,8600,2800,400,1100,5000,8400,500,3200
351.0,8.71,186200,1621084.0,8.71,8.7,8.68,8.67,8.66,8.65,8.64,8.63,8.62,8.61,8.72,8.73,8.74,8.76,8.77,8.78,8.79,8.8,8.82,8.83,2900,16300,100,9200,7800,8800,700,2600,46700,3600,1900,3300,8600,2800,400,1100,5000,8400,500,3200
352.0,8.71,186400,1622826.0,8.71,8.7,8.68,8.67,8.66,8.65,8.64,8.63,8.62,8.61,8.72,8.73,8.74,8.76,8.77,8.78,8.79,8.8,8.82,8.83,2700,16300,100,9200,7800,8800,700,2600,46700,3600,1900,3300,8600,2800,400,1100,5000,8400,500,3200
353.0,8.71,186400,1622826.0,8.71,8.7,8.68,8.67,8.66,8.65,8.64,8.63,8.62,8.61,8.72,8.73,8.74,8.76,8.77,8.78,8.79,8.8,8.82,8.83,2700,1000,100,9200,7800,8800,700,2600,46700,3600,2200,3300,8600,2800,400,1100,5000,8400,500,3200
354.0,8.71,186600,1624568.0,8.71,8.7,8.68,8.67,8.66,8.65,8.64,8.63,8.62,8.61,8.72,8.73,8.74,8.76,8.77,8.78,8.79,8.8,8.82,8.83,2500,1000,100,9200,7800,8800,700,2600,46700,3600,2200,3300,8600,2800,400,1100,5000,8400,500,3200
355.0,8.71,186600,1624568.0,8.71,8.7,8.68,8.67,8.66,8.65,8.64,8.63,8.62,8.61,8.72,8.73,8.74,8.76,8.77,8.78,8.79,8.8,8.82,8.83,2500,1000,100,9200,7800,8800,700,2600,46700,3600,2200,3300,8600,2800,400,1100,5000,8400,500,3200
356.0,8.71,188900,1644605.0,8.71,8.7,8.68,8.67,8.66,8.65,8.64,8.63,8.62,8.61,8.72,8.73,8.74,8.76,8.77,8.78,8.79,8.8,8.82,8.83,600,1000,100,9200,7800,8800,700,2600,46700,3600,4100,3300,5700,2800,400,1100,5000,8400,500,3200
357.0,8.71,189500,1649831.0,8.7,8.68,8.67,8.66,8.65,8.64,8.63,8.62,8.61,8.6,8.71,8.72,8.73,8.74,8.76,8.77,8.78,8.79,8.8,8.82,1000,100,9200,7800,8800,700,2600,46700,3600,7200,1900,4100,3300,5700,2800,400,1100,5000,8400,500
358.0,8.7,189600,1650701.0,8.7,8.68,8.67,8.66,8.65,8.64,8.63,8.62,8.61,8.6,8.71,8.72,8.73,8.74,8.76,8.77,8.78,8.79,8.8,8.82,900,100,9200,7800,8800,700,2600,46700,3600,7200,1900,4100,3300,5700,2800,400,1100,5000,8400,500
359.0,8.7,189600,1650701.0,8.7,8.68,8.67,8.66,8.65,8.64,8.63,8.62,8.61,8.6,8.71,8.72,8.73,8.74,8.76,8.77,8.78,8.79,8.8,8.82,900,500,9200,7800,8800,700,2600,46700,3600,7200,1900,4100,3300,5700,2800,400,1100,5000,8400,500
360.0,8.7,189600,1650701.0,8.7,8.68,8.67,8.66,8.65,8.64,8.63,8.62,8.61,8.6,8.71,8.72,8.73,8.74,8.76,8.77,8.78,8.79,8.8,8.82,900,500,9200,7800,8800,700,2600,46700,3600,7200,1900,4100,3300,5700,2800,400,1100,5000,8400,500
361.0,8.7,189600,1650701.0,8.7,8.68,8.67,8.66,8.65,8.64,8.63,8.62,8.61,8.6,8.71,8.72,8.73,8.74,8.76,8.77,8.78,8.79,8.8,8.82,900,500,9200,7800,8800,700,2600,46700,3600,7200,1900,4100,3300,5700,2800,400,1100,5000,8400,500
362.0,8.7,189600,1650701.0,8.7,8.68,8.67,8.66,8.65,8.64,8.63,8.62,8.61,8.6,8.71,8.72,8.73,8.74,8.76,8.77,8.78,8.79,8.8,8.82,900,500,9200,7800,8800,700,2600,46700,3600,7200,1900,4100,3300,5700,2800,400,1100,5000,8400,500
363.0,8.7,189600,1650701.0,8.7,8.68,8.67,8.66,8.65,8.64,8.63,8.62,8.61,8.6,8.71,8.72,8.73,8.74,8.76,8.77,8.78,8.79,8.8,8.82,900,500,9200,7800,8800,700,2600,46700,3600,7200,1900,4100,3300,5700,2800,400,1100,5000,8400,500
364.0,8.7,189600,1650701.0,8.7,8.68,8.67,8.66,8.65,8.64,8.63,8.62,8.61,8.6,8.71,8.72,8.73,8.74,8.76,8.77,8.78,8.79,8.8,8.82,900,500,9200,7800,8800,700,2600,46700,3600,7200,1900,4100,3300,5700,2800,400,1100,5000,8400,500
365.0,8.7,189600,1650701.0,8.7,8.68,8.67,8.66,8.65,8.64,8.63,8.62,8.61,8.6,8.71,8.72,8.73,8.74,8.76,8.77,8.78,8.79,8.8,8.82,900,500,9200,7800,8800,700,2600,46700,3600,7200,1900,4100,3300,5700,2800,400,1100,5000,8400,500
366.0,8.7,189600,1650701.0,8.7,8.68,8.67,8.66,8.65,8.64,8.63,8.62,8.61,8.6,8.71,8.72,8.73,8.74,8.76,8.77,8.78,8.79,8.8,8.82,900,500,9200,7800,8800,700,2600,46700,3600,7200,1900,4100,3300,5700,2800,400,1600,5000,8400,500
367.0,8.7,189600,1650701.0,8.7,8.68,8.67,8.66,8.65,8.64,8.63,8.62,8.61,8.6,8.71,8.72,8.73,8.74,8.76,8.77,8.78,8.79,8.8,8.82,900,500,9200,7800,8800,700,2600,46700,3600,7200,1900,4100,3300,5700,2800,400,1600,5000,8400,500
368.0,8.71,189900,1653314.0,8.7,8.68,8.67,8.66,8.65,8.64,8.63,8.62,8.61,8.6,8.71,8.72,8.73,8.74,8.76,8.77,8.78,8.79,8.8,8.82,900,500,9200,7800,8800,700,2600,46700,3600,7200,1600,4100,3300,5700,2800,400,1600,5000,8400,500
369.0,8.71,189900,1653314.0,8.7,8.68,8.67,8.66,8.65,8.64,8.63,8.62,8.61,8.6,8.71,8.72,8.73,8.74,8.76,8.77,8.78,8.79,8.8,8.82,900,500,9200,7800,8800,700,2600,46700,3600,7200,2200,4100,3300,5700,2800,400,1600,5000,8400,500
370.0,8.71,189900,1653314.0,8.7,8.68,8.67,8.66,8.65,8.64,8.63,8.62,8.61,8.6,8.71,8.72,8.73,8.74,8.76,8.77,8.78,8.79,8.8,8.82,900,500,9200,7800,8800,700,2600,46700,3600,7200,2200,4100,3300,5700,2800,400,1600,5000,8400,500
371.0,8.7,190000,1654184.0,8.7,8.68,8.67,8.66,8.65,8.64,8.63,8.62,8.61,8.6,8.71,8.72,8.73,8.74,8.76,8.77,8.78,8.79,8.8,8.82,800,100,9200,7800,8800,700,2600,46700,3600,7200,2300,4100,3300,5700,2800,400,1600,5000,11300,500
372.0,8.7,190000,1654184.0,8.7,8.68,8.67,8.66,8.65,8.64,8.63,8.62,8.61,8.6,8.71,8.72,8.73,8.74,8.76,8.77,8.78,8.79,8.8,8.82,800,100,9200,7800,8800,700,2600,46700,3600,7200,2300,4100,3300,5700,2800,400,1600,5000,11300,500
373.0,8.7,190000,1654184.0,8.7,8.68,8.67,8.66,8.65,8.64,8.63,8.62,8.61,8.6,8.71,8.72,8.73,8.74,8.76,8.77,8.78,8.79,8.8,8.82,800,100,9200,7800,8800,700,2600,46700,3600,7200,2300,4100,3300,5700,2800,400,1600,5000,11300,500
374.0,8.7,190200,1655924.0,8.7,8.68,8.67,8.66,8.65,8.64,8.63,8.62,8.61,8.6,8.71,8.72,8.73,8.74,8.76,8.77,8.78,8.79,8.8,8.82,600,100,9200,7800,8800,700,2600,46700,3600,7200,2300,4100,3300,5700,2800,400,1600,5000,11300,500
375.0,8.7,190200,1655924.0,8.7,8.68,8.67,8.66,8.65,8.64,8.63,8.62,8.61,8.6,8.71,8.72,8.73,8.74,8.76,8.77,8.78,8.79,8.8,8.82,600,100,9200,7800,8800,700,2600,46700,3600,7200,2300,4100,3300,5700,2800,400,1600,5000,11300,500
376.0,8.7,190200,1655924.0,8.7,8.68,8.67,8.66,8.65,8.64,8.63,8.62,8.61,8.6,8.71,8.72,8.73,8.74,8.76,8.77,8.78,8.79,8.8,8.82,600,100,9200,7800,8800,700,2600,46700,3600,7200,2300,4100,3300,5700,2800,400,1600,5000,11300,500
377.0,8.71,190300,1656795.0,8.7,8.68,8.67,8.66,8.65,8.64,8.63,8.62,8.61,8.6,8.71,8.72,8.73,8.74,8.76,8.77,8.78,8.79,8.8,8.82,600,100,9200,7800,8800,700,2600,46700,3600,7200,2200,4100,3300,5700,2800,400,1600,5000,11300,500
378.0,8.71,190300,1656795.0,8.7,8.68,8.67,8.66,8.65,8.64,8.63,8.62,8.61,8.6,8.71,8.72,8.73,8.74,8.76,8.77,8.78,8.79,8.8,8.82,600,100,9200,7800,8800,700,2600,46700,3600,7200,2200,4100,3300,5700,2800,400,1600,5000,11300,500
379.0,8.71,190700,1660279.0,8.7,8.68,8.67,8.66,8.65,8.64,8.63,8.62,8.61,8.6,8.71,8.72,8.73,8.74,8.76,8.77,8.78,8.79,8.8,8.82,600,100,9200,7800,8800,700,2600,46700,3600,7200,1800,4100,3300,5700,2800,400,1600,5000,11300,500
380.0,8.71,190700,1660279.0,8.7,8.68,8.67,8.66,8.65,8.64,8.63,8.62,8.61,8.6,8.71,8.72,8.73,8.74,8.76,8.77,8.78,8.79,8.8,8.82,600,100,9200,7800,8800,700,2600,46700,3600,7200,1800,4100,3300,5700,2800,400,1600,5000,11300,500
381.0,8.71,190700,1660279.0,8.7,8.68,8.67,8.66,8.65,8.64,8.63,8.62,8.61,8.6,8.71,8.72,8.73,8.74,8.76,8.77,8.78,8.79,8.8,8.82,600,100,9200,7800,8800,700,2600,46700,3600,7200,1800,4100,3300,5700,2800,400,1600,5000,11300,500
382.0,8.71,190700,1660279.0,8.7,8.68,8.67,8.66,8.65,8.64,8.63,8.62,8.61,8.6,8.71,8.72,8.73,8.74,8.76,8.77,8.78,8.79,8.8,8.82,600,100,9200,7800,8800,700,2600,46700,3600,7200,1800,4100,3300,5700,2800,400,1600,5000,11300,500
383.0,8.71,190700,1660279.0,8.7,8.68,8.67,8.66,8.65,8.64,8.63,8.62,8.61,8.6,8.71,8.72,8.73,8.74,8.76,8.77,8.78,8.79,8.8,8.82,600,100,9200,7800,8800,700,2600,46700,3600,7200,1800,4100,3300,5700,2800,400,1600,5000,11300,500
384.0,8.71,190700,1660279.0,8.7,8.68,8.67,8.66,8.65,8.64,8.63,8.62,8.61,8.6,8.71,8.72,8.73,8.74,8.76,8.77,8.78,8.79,8.8,8.82,600,100,9200,7800,9300,700,2600,46700,3600,7200,1800,4100,3300,5700,2800,400,1600,5000,11300,500
385.0,8.71,190700,1660279.0,8.7,8.68,8.67,8.66,8.65,8.64,8.63,8.62,8.61,8.6,8.71,8.72,8.73,8.74,8.76,8.77,8.78,8.79,8.8,8.82,600,100,9200,7800,9300,700,2600,46700,3600,7200,1800,4100,3300,5700,2800,400,1600,5000,11300,500
386.0,8.71,190700,1660279.0,8.7,8.68,8.67,8.66,8.65,8.64,8.63,8.62,8.61,8.6,8.71,8.72,8.73,8.74,8.76,8.77,8.78,8.79,8.8,8.82,600,100,9200,7800,9300,700,2600,46700,3600,7200,1800,4100,3300,5700,2800,400,1600,5000,11300,500
387.0,8.71,190700,1660279.0,8.7,8.68,8.67,8.66,8.65,8.64,8.63,8.62,8.61,8.6,8.71,8.72,8.73,8.74,8.76,8.77,8.78,8.79,8.8,8.82,600,100,9200,7800,9300,700,2600,46700,3600,7200,1800,4100,3300,5700,2800,400,1600,5000,11300,500
388.0,8.71,190700,1660279.0,8.7,8.68,8.67,8.66,8.65,8.64,8.63,8.62,8.61,8.6,8.71,8.72,8.73,8.74,8.76,8.77,8.78,8.79,8.8,8.82,600,100,9200,7800,9300,700,2600,46700,3600,7200,1800,4100,3300,5700,2800,400,1600,5000,11300,500
389.0,8.71,190800,1661150.0,8.7,8.68,8.67,8.66,8.65,8.64,8.63,8.62,8.61,8.6,8.71,8.72,8.73,8.74,8.76,8.77,8.78,8.79,8.8,8.82,600,500,9200,7800,9300,700,2600,46700,3600,7200,1700,4100,3300,5700,2800,400,1600,5000,11300,500
390.0,8.71,190800,1661150.0,8.7,8.68,8.67,8.66,8.65,8.64,8.63,8.62,8.61,8.6,8.71,8.72,8.73,8.74,8.76,8.77,8.78,8.79,8.8,8.82,600,500,9200,7800,9300,700,2600,46700,3600,7200,1700,4100,3300,5700,2800,400,1600,5000,11300,500
391.0,8.71,191100,1663763.0,8.7,8.68,8.67,8.66,8.65,8.64,8.63,8.62,8.61,8.6,8.71,8.72,8.73,8.74,8.76,8.77,8.78,8.79,8.8,8.82,800,500,9200,7800,9300,700,2600,46700,3600,7200,1400,4100,3300,5700,2800,400,1600,5000,11300,500
392.0,8.71,191100,1663763.0,8.7,8.68,8.67,8.66,8.65,8.64,8.63,8.62,8.61,8.6,8.71,8.72,8.73,8.74,8.76,8.77,8.78,8.79,8.8,8.82,800,500,9200,7800,9300,700,2600,46700,3600,7200,1400,4100,3300,5700,2800,400,1600,5000,11300,500
393.0,8.71,191200,1664634.0,8.7,8.68,8.67,8.66,8.65,8.64,8.63,8.62,8.61,8.6,8.71,8.72,8.73,8.74,8.76,8.77,8.78,8.79,8.8,8.82,800,500,9200,7800,9300,700,2600,46700,3600,7200,1300,4100,3300,5700,2800,400,1600,5000,11300,500
394.0,8.71,191200,1664634.0,8.7,8.68,8.67,8.66,8.65,8.64,8.63,8.62,8.61,8.6,8.71,8.72,8.73,8.74,8.76,8.77,8.78,8.79,8.8,8.82,800,500,9200,7800,9300,700,2600,46700,3600,7200,1300,4100,3300,5700,2800,400,1600,5000,11300,500
395.0,8.71,191200,1664634.0,8.7,8.68,8.67,8.66,8.65,8.64,8.63,8.62,8.61,8.6,8.71,8.72,8.73,8.74,8.76,8.77,8.78,8.79,8.8,8.82,800,500,9200,7800,9300,700,2600,46700,3600,7200,1300,4100,3300,5700,2800,400,1600,5000,11300,500
396.0,8.71,191300,1665505.0,8.7,8.68,8.67,8.66,8.65,8.64,8.63,8.62,8.61,8.6,8.71,8.72,8.73,8.74,8.76,8.77,8.78,8.79,8.8,8.82,800,500,9200,7800,9300,700,2600,46700,3600,7200,1200,4100,3300,5700,2800,400,1600,5000,11300,500
397.0,8.71,191300,1665505.0,8.7,8.68,8.67,8.66,8.65,8.64,8.63,8.62,8.61,8.6,8.71,8.72,8.73,8.74,8.76,8.77,8.78,8.79,8.8,8.82,800,500,9200,7800,9300,700,2600,46700,3600,7200,1200,4100,3300,5700,2800,400,1600,5000,11300,500
398.0,8.71,191300,1665505.0,8.7,8.68,8.67,8.66,8.65,8.64,8.63,8.62,8.61,8.6,8.71,8.72,8.73,8.74,8.76,8.77,8.78,8.79,8.8,8.82,800,500,9200,7800,9300,700,2600,46700,3600,7200,1200,4100,3300,5700,2800,400,1600,5000,11300,500
399.0,8.7,192200,1673336.0,8.69,8.68,8.67,8.66,8.65,8.64,8.63,8.62,8.61,8.6,8.7,8.71,8.72,8.73,8.74,8.76,8.77,8.78,8.79,8.8,1500,500,9200,7800,9300,700,2600,46700,3600,7200,100,1100,4100,3300,5700,2800,400,1600,5000,11300
400.0,8.7,192200,1673336.0,8.69,8.68,8.67,8.66,8.65,8.64,8.63,8.62,8.61,8.6,8.7,8.71,8.72,8.73,8.74,8.76,8.77,8.78,8.79,8.8,1800,500,9200,7800,9300,700,2600,46700,3600,7200,800,1100,4100,3300,3200,2800,400,1600,5000,11300
401.0,8.7,194800,1695956.0,8.69,8.68,8.67,8.66,8.65,8.64,8.63,8.62,8.61,8.6,8.7,8.71,8.72,8.73,8.74,8.76,8.77,8.78,8.79,8.8,2800,500,9200,7800,9300,700,2600,46700,3600,10300,300,3000,4100,3300,3200,2800,400,1600,5000,11300
402.0,8.7,194800,1695956.0,8.69,8.68,8.67,8.66,8.65,8.64,8.63,8.62,8.61,8.6,8.7,8.71,8.72,8.73,8.74,8.76,8.77,8.78,8.79,8.8,2800,500,9200,7800,9300,700,2600,46700,3600,10300,300,3000,4100,3300,3200,2800,400,1600,5000,11300
403.0,8.7,194800,1695956.0,8.69,8.68,8.67,8.66,8.65,8.64,8.63,8.62,8.61,8.6,8.7,8.71,8.72,8.73,8.74,8.76,8.77,8.78,8.79,8.8,2800,500,9200,7800,9300,700,2600,46700,3600,10300,300,3200,4100,3300,3200,2800,400,1600,5000,11300
404.0,8.7,195100,1698564.0,8.69,8.68,8.67,8.66,8.65,8.64,8.63,8.62,8.61,8.6,8.7,8.71,8.72,8.73,8.74,8.76,8.77,8.78,8.79,8.8,2600,500,9200,7800,9300,700,2600,46700,3600,10300,200,3300,4100,3300,3200,2800,400,1600,5000,11300
405.0,8.7,195100,1698564.0,8.69,8.68,8.67,8.66,8.65,8.64,8.63,8.62,8.61,8.6,8.7,8.71,8.72,8.73,8.74,8.76,8.77,8.78,8.79,8.8,2600,500,9200,7800,9300,700,2600,46700,3600,10300,200,3300,4100,3300,3200,2800,400,1600,5000,11300
406.0,8.7,195100,1698564.0,8.69,8.68,8.67,8.66,8.65,8.64,8.63,8.62,8.61,8.6,8.7,8.71,8.72,8.73,8.74,8.76,8.77,8.78,8.79,8.8,2600,500,9200,7800,9300,700,2600,46700,3600,10300,200,3300,4100,3300,3200,2800,400,1600,5000,11300
407.0,8.7,195100,1698564.0,8.69,8.68,8.67,8.66,8.65,8.64,8.63,8.62,8.61,8.6,8.7,8.71,8.72,8.73,8.74,8.76,8.77,8.78,8.79,8.8,2600,100,9200,7800,9300,700,2600,46700,3600,10300,200,3300,4100,3300,3200,2800,400,1600,5000,11300
408.0,8.7,195100,1698564.0,8.69,8.68,8.67,8.66,8.65,8.64,8.63,8.62,8.61,8.6,8.7,8.71,8.72,8.73,8.74,8.76,8.77,8.78,8.79,8.8,2600,100,9200,7800,9300,700,2600,46700,3600,10300,200,3300,4100,3300,3200,2800,400,1600,5000,11300
409.0,8.7,195100,1698564.0,8.69,8.68,8.67,8.66,8.65,8.64,8.63,8.62,8.61,8.6,8.7,8.71,8.72,8.73,8.74,8.76,8.77,8.78,8.79,8.8,2600,100,9200,7800,9300,700,2600,46700,3600,10300,200,3300,4100,3300,3200,2800,400,1600,5000,11300
410.0,8.7,195100,1698564.0,8.69,8.68,8.67,8.66,8.65,8.64,8.63,8.62,8.61,8.6,8.7,8.71,8.72,8.73,8.74,8.76,8.77,8.78,8.79,8.8,2600,100,9200,7800,9300,700,2600,46700,3600,10300,200,3300,4100,3300,3200,2800,400,1600,5000,11300
411.0,8.69,195300,1700302.0,8.69,8.68,8.67,8.66,8.65,8.64,8.63,8.62,8.61,8.6,8.7,8.71,8.72,8.73,8.74,8.76,8.77,8.78,8.79,8.8,2400,100,9200,7800,9300,700,2600,46700,3600,10300,200,3400,4100,3300,3200,2800,400,1600,5000,11300
412.0,8.69,195300,1700302.0,8.69,8.68,8.67,8.66,8.65,8.64,8.63,8.62,8.61,8.6,8.7,8.71,8.72,8.73,8.74,8.76,8.77,8.78,8.79,8.8,2400,100,9200,7800,9300,700,2600,46700,3600,10300,200,3400,4100,3300,3200,2800,400,1600,5000,11300
413.0,8.69,195300,1700302.0,8.69,8.68,8.67,8.66,8.65,8.64,8.63,8.62,8.61,8.6,8.7,8.71,8.72,8.73,8.74,8.76,8.77,8.78,8.79,8.8,2400,400,9200,7800,9300,700,2600,46700,3600,10300,200,3400,4100,3300,3200,2800,400,1600,5000,11300
414.0,8.69,195300,1700302.0,8.69,8.68,8.67,8.66,8.65,8.64,8.63,8.62,8.61,8.6,8.7,8.71,8.72,8.73,8.74,8.76,8.77,8.78,8.79,8.8,2400,400,9200,7800,9300,700,2600,46700,3600,10300,200,6300,4100,3300,3200,2800,400,1600,5000,11300
415.0,8.69,195300,1700302.0,8.69,8.68,8.67,8.66,8.65,8.64,8.63,8.62,8.61,8.6,8.7,8.71,8.72,8.73,8.74,8.76,8.77,8.78,8.79,8.8,2400,400,9200,7800,9300,700,2600,46700,3600,10300,200,6300,4100,3300,3200,2800,400,1600,5000,11300
416.0,8.69,197000,1715075.0,8.69,8.68,8.67,8.66,8.65,8.64,8.63,8.62,8.61,8.6,8.7,8.71,8.72,8.73,8.74,8.76,8.77,8.78,8.79,8.8,700,400,9200,7800,9300,700,2600,46700,3600,10300,200,6300,4100,3300,3200,2800,400,1600,5000,11300
417.0,8.69,197000,1715075.0,8.69,8.68,8.67,8.66,8.65,8.64,8.63,8.62,8.61,8.6,8.7,8.71,8.72,8.73,8.74,8.76,8.77,8.78,8.79,8.8,700,400,9200,7800,9300,700,2600,46700,3600,10300,200,6300,4100,3300,3200,2800,400,1600,5000,11300
418.0,8.69,197000,1715075.0,8.69,8.68,8.67,8.66,8.65,8.64,8.63,8.62,8.61,8.6,8.7,8.71,8.72,8.73,8.74,8.76,8.77,8.78,8.79,8.8,700,400,9100,7800,9300,700,2600,46700,3600,10300,200,6300,4100,3300,3200,2800,400,1600,5000,11300
419.0,8.69,197700,1721158.0,8.68,8.67,8.66,8.65,8.64,8.63,8.62,8.61,8.6,8.58,8.69,8.7,8.71,8.72,8.73,8.74,8.76,8.77,8.78,8.79,400,9100,7800,9300,700,2600,46700,3600,10300,15700,1000,200,6300,4100,3300,3200,2800,400,1600,5000
420.0,8.69,197700,1721158.0,8.68,8.67,8.66,8.65,8.64,8.63,8.62,8.61,8.6,8.58,8.69,8.7,8.71,8.72,8.73,8.74,8.76,8.77,8.78,8.79,400,9100,7800,9300,700,2600,46700,3600,10300,15700,1000,400,6300,4100,3300,3200,2800,400,1600,5000
421.0,8.69,197700,1721158.0,8.68,8.67,8.66,8.65,8.64,8.63,8.62,8.61,8.6,8.58,8.69,8.7,8.71,8.72,8.73,8.74,8.76,8.77,8.78,8.79,400,9100,7800,9300,700,2600,46700,3600,10300,15700,1000,400,6500,4100,3300,3200,2800,400,1600,5000
422.0,8.69,197700,1721158.0,8.68,8.67,8.66,8.65,8.64,8.63,8.62,8.61,8.6,8.58,8.69,8.7,8.71,8.72,8.73,8.74,8.76,8.77,8.78,8.79,500,9100,7800,9300,700,2600,46700,3600,10300,15700,1000,400,6400,4100,3300,3200,2800,400,1600,5000
423.0,8.69,197800,1722027.0,8.68,8.67,8.66,8.65,8.64,8.63,8.62,8.61,8.6,8.58,8.69,8.7,8.71,8.72,8.73,8.74,8.76,8.77,8.78,8.79,500,9100,7800,9300,700,2600,46700,3600,10300,15700,900,400,6400,4100,3300,3200,2800,400,1600,5000
424.0,8.69,197800,1722027.0,8.68,8.67,8.66,8.65,8.64,8.63,8.62,8.61,8.6,8.58,8.69,8.7,8.71,8.72,8.73,8.74,8.76,8.77,8.78,8.79,500,9100,7800,8800,700,2600,46700,3600,10300,15700,900,400,6400,4100,3300,3200,2800,400,1600,5000
425.0,8.69,197900,1722896.0,8.68,8.67,8.66,8.65,8.64,8.63,8.62,8.61,8.6,8.58,8.69,8.7,8.71,8.72,8.73,8.74,8.76,8.77,8.78,8.79,500,9100,7800,8800,700,2600,46700,3600,10300,15700,800,400,6400,4100,3300,3200,2800,400,1600,5000
426.0,8.69,197900,1722896.0,8.68,8.67,8.66,8.65,8.64,8.63,8.62,8.61,8.6,8.58,8.69,8.7,8.71,8.72,8.73,8.74,8.76,8.77,8.78,8.79,600,9100,7800,8800,700,2600,46700,3600,10300,15700,800,400,6400,4100,3300,3200,2800,400,1600,5000
427.0,8.69,197900,1722896.0,8.68,8.67,8.66,8.65,8.64,8.63,8.62,8.61,8.6,8.58,8.69,8.7,8.71,8.72,8.73,8.74,8.76,8.77,8.78,8.79,600,9100,7800,8800,700,2600,46700,3600,10300,15700,800,400,6400,4100,3300,3200,2800,400,1600,5000
428.0,8.69,198000,1723765.0,8.68,8.67,8.66,8.65,8.64,8.63,8.62,8.61,8.6,8.58,8.69,8.7,8.71,8.72,8.73,8.74,8.76,8.77,8.78,8.79,600,9100,7800,8800,700,2600,46700,3600,10300,15700,700,400,6400,4100,3300,3200,2800,400,1600,5000
429.0,8.69,198000,1723765.0,8.68,8.67,8.66,8.65,8.64,8.63,8.62,8.61,8.6,8.58,8.69,8.7,8.71,8.72,8.73,8.74,8.76,8.77,8.78,8.79,600,9100,7800,8800,700,2600,46700,3600,10300,15700,700,400,6400,4100,3300,3200,2800,400,1600,5000
430.0,8.69,198000,1723765.0,8.68,8.67,8.66,8.65,8.64,8.63,8.62,8.61,8.6,8.58,8.69,8.7,8.71,8.72,8.73,8.74,8.76,8.77,8.78,8.79,600,9100,7800,8800,700,2600,46700,3600,10300,15700,700,400,6400,4100,3300,3200,2800,400,1600,5000
431.0,8.7,198800,1730718.0,8.68,8.67,8.66,8.65,8.64,8.63,8.62,8.61,8.6,8.58,8.7,8.71,8.72,8.73,8.74,8.76,8.77,8.78,8.79,8.8,1700,9100,7800,8800,700,2600,46700,3600,10300,15700,100,6400,4100,3300,3200,2800,400,1600,5000,11300
432.0,8.7,198800,1730718.0,8.68,8.67,8.66,8.65,8.64,8.63,8.62,8.61,8.6,8.58,8.7,8.71,8.72,8.73,8.74,8.76,8.77,8.78,8.79,8.8,1800,9100,7800,8800,700,2600,46700,3600,10300,15700,200,6400,4100,3300,3200,2800,400,1600,5000,11300
433.0,8.7,198800,1730718.0,8.68,8.67,8.66,8.65,8.64,8.63,8.62,8.61,8.6,8.58,8.7,8.71,8.72,8.73,8.74,8.76,8.77,8.78,8.79,8.8,6100,9100,7800,8800,700,3100,46700,3600,10300,15700,200,6400,4100,3300,3200,2800,400,1600,5000,11300
434.0,8.68,199400,1735926.0,8.68,8.67,8.66,8.65,8.64,8.63,8.62,8.61,8.6,8.58,8.7,8.71,8.72,8.73,8.74,8.76,8.77,8.78,8.79,8.8,5600,9100,7800,8800,700,3100,46700,3600,10300,15700,300,6400,4100,3300,3200,2800,400,1600,5000,11300
435.0,8.68,199400,1735926.0,8.68,8.67,8.66,8.65,8.64,8.63,8.62,8.61,8.6,8.58,8.7,8.71,8.72,8.73,8.74,8.76,8.77,8.78,8.79,8.8,5600,9100,7800,8800,700,3100,46700,3600,10300,15700,300,6400,4100,3300,3200,2800,400,1600,5000,11300
436.0,8.68,199400,1735926.0,8.68,8.67,8.66,8.65,8.64,8.63,8.62,8.61,8.6,8.58,8.7,8.71,8.72,8.73,8.74,8.76,8.77,8.78,8.79,8.8,5900,9100,7800,8800,700,3100,46700,3600,10300,15700,400,6400,4100,3300,3200,2800,400,1600,5000,11300
437.0,8.68,200500,1745474.0,8.69,8.68,8.67,8.66,8.65,8.64,8.63,8.62,8.61,8.6,8.7,8.71,8.72,8.73,8.74,8.76,8.77,8.78,8.79,8.8,400,4800,9100,7800,8800,700,3100,46700,3600,10300,400,6400,4100,3300,3200,2800,400,1600,5000,11300
438.0,8.68,200500,1745474.0,8.69,8.68,8.67,8.66,8.65,8.64,8.63,8.62,8.61,8.6,8.7,8.71,8.72,8.73,8.74,8.76,8.77,8.78,8.79,8.8,400,4800,9100,7800,8800,700,3100,46700,3600,10300,400,6400,4100,3300,3200,2800,400,1600,5000,11300
439.0,8.68,200500,1745474.0,8.69,8.68,8.67,8.66,8.65,8.64,8.63,8.62,8.61,8.6,8.7,8.71,8.72,8.73,8.74,8.76,8.77,8.78,8.79,8.8,400,4800,9100,7800,8800,700,3100,46700,3600,10300,400,6400,4100,3300,3200,2800,400,1600,5000,11300
440.0,8.68,200500,1745474.0,8.69,8.68,8.67,8.66,8.65,8.64,8.63,8.62,8.61,8.6,8.7,8.71,8.72,8.73,8.74,8.76,8.77,8.78,8.79,8.8,1500,4800,9100,7800,8800,700,3100,46700,3600,10300,400,6400,4100,3300,3200,2800,400,1600,5000,11300
441.0,8.69,200600,1746343.0,8.69,8.68,8.67,8.66,8.65,8.64,8.63,8.62,8.61,8.6,8.7,8.71,8.72,8.73,8.74,8.76,8.77,8.78,8.79,8.8,1400,4800,9100,7800,8800,700,3100,46700,3600,10300,400,6400,4100,3300,3200,2800,400,1600,5000,11300
442.0,8.69,200600,1746343.0,8.69,8.68,8.67,8.66,8.65,8.64,8.63,8.62,8.61,8.6,8.7,8.71,8.72,8.73,8.74,8.76,8.77,8.78,8.79,8.8,1400,4800,9100,7800,8800,700,3100,46700,3600,10300,400,6400,4100,3300,3200,2800,400,1600,5000,11300
443.0,8.69,200600,1746343.0,8.69,8.68,8.67,8.66,8.65,8.64,8.63,8.62,8.61,8.6,8.7,8.71,8.72,8.73,8.74,8.76,8.77,8.78,8.79,8.8,1400,4800,9100,7800,8800,700,3100,46700,3600,10300,400,6400,4100,3300,3200,2800,400,1600,5000,11300
444.0,8.69,200600,1746343.0,8.69,8.68,8.67,8.66,8.65,8.64,8.63,8.62,8.61,8.6,8.7,8.71,8.72,8.73,8.74,8.76,8.77,8.78,8.79,8.8,1400,4800,9100,7800,8800,700,3100,46700,3600,10300,400,6400,4100,3300,3200,2800,400,1600,5000,11300
445.0,8.69,200600,1746343.0,8.69,8.68,8.67,8.66,8.65,8.64,8.63,8.62,8.61,8.6,8.7,8.71,8.72,8.73,8.74,8.76,8.77,8.78,8.79,8.8,1400,4800,9100,7800,8800,700,3100,46700,3600,10300,400,6400,4100,3300,3200,2800,400,1600,5000,11300
446.0,8.69,200900,1748950.0,8.69,8.68,8.67,8.66,8.65,8.64,8.63,8.62,8.61,8.6,8.7,8.71,8.72,8.73,8.74,8.76,8.77,8.78,8.79,8.8,1100,4800,9100,7800,8800,700,3100,46700,3600,10300,400,6400,4100,3300,3200,2800,400,1600,5000,11300
447.0,8.69,200900,1748950.0,8.69,8.68,8.67,8.66,8.65,8.64,8.63,8.62,8.61,8.6,8.7,8.71,8.72,8.73,8.74,8.76,8.77,8.78,8.79,8.8,1100,4800,9100,7800,8800,700,3100,46700,3600,10300,400,6400,4100,3300,3200,2800,400,1600,5000,11300
448.0,8.69,201100,1750688.0,8.69,8.68,8.67,8.66,8.65,8.64,8.63,8.62,8.61,8.6,8.7,8.71,8.72,8.73,8.74,8.76,8.77,8.78,8.79,8.8,900,4800,9100,7800,8800,700,3100,46700,3600,10300,400,6400,4100,3300,3200,2800,400,1600,5000,11300
449.0,8.69,201100,1750688.0,8.69,8.68,8.67,8.66,8.65,8.64,8.63,8.62,8.61,8.6,8.7,8.71,8.72,8.73,8.74,8.76,8.77,8.78,8.79,8.8,1000,4800,9100,7800,8800,700,3100,46700,3600,10300,400,6400,4100,3300,3200,2800,400,1600,5000,11300
