LocalTime,LastPrice,TradeVolume,TradeValue,BidPrice1,BidPrice2,BidPrice3,BidPrice4,BidPrice5,BidPrice6,BidPrice7,BidPrice8,BidPrice9,BidPriceA,AskPrice1,AskPrice2,AskPrice3,AskPrice4,AskPrice5,AskPrice6,AskPrice7,AskPrice8,AskPrice9,AskPriceA,BidVolume1,BidVolume2,BidVolume3,BidVolume4,BidVolume5,BidVolume6,BidVolume7,BidVolume8,BidVolume9,BidVolumeA,AskVolume1,AskVolume2,AskVolume3,AskVolume4,AskVolume5,AskVolume6,AskVolume7,AskVolume8,AskVolume9,AskVolumeA
0.0,14.29,6100,87169.0,14.28,14.23,14.22,14.21,14.2,14.19,14.18,14.15,14.13,14.1,14.29,14.3,14.31,14.35,14.37,14.39,14.4,14.42,14.44,14.46,2500,100,4200,3800,3000,2200,400,800,100,1200,5400,100,1200,200,300,3100,5400,300,600,100
1.0,14.28,8900,127170.0,14.28,14.23,14.22,14.21,14.2,14.19,14.18,14.15,14.13,14.1,14.29,14.3,14.31,14.35,14.37,14.38,14.39,14.4,14.42,14.43,1500,1100,4200,3800,3000,2200,400,800,100,1200,3700,100,1200,200,300,1000,3200,5400,300,1300
2.0,14.29,9600,137173.0,14.28,14.23,14.22,14.21,14.2,14.19,14.18,14.15,14.13,14.1,14.29,14.3,14.31,14.35,14.37,14.38,14.39,14.4,14.42,14.43,1600,2100,4800,4500,3500,2200,400,800,100,1200,3000,100,1200,5200,2100,1000,3200,5400,300,1400
3.0,14.28,11200,160021.0,14.23,14.22,14.21,14.2,14.19,14.18,14.15,14.13,14.1,14.04,14.28,14.29,14.3,14.31,14.35,14.37,14.38,14.39,14.4,14.42,5100,4800,4500,3500,2200,400,800,100,1200,100,1700,3000,100,1200,5200,2100,2500,3200,5400,300
4.0,14.29,17000,242883.0,14.29,14.23,14.22,14.21,14.2,14.19,14.18,14.15,14.13,14.1,14.3,14.31,14.35,14.37,14.38,14.39,14.4,14.42,14.43,14.44,44200,5100,4800,4800,6500,2200,400,800,100,1200,100,1200,5200,2100,2500,3200,5400,300,4900,600
5.0,14.29,17900,255744.0,14.29,14.23,14.22,14.21,14.2,14.19,14.18,14.16,14.15,14.13,14.3,14.31,14.35,14.37,14.38,14.39,14.4,14.42,14.43,14.44,43300,5100,4800,4800,8200,2200,6500,1000,800,100,100,1200,5200,2100,2500,3200,5400,300,4900,600
6.0,14.3,23200,331519.0,14.29,14.28,14.23,14.22,14.21,14.2,14.19,14.18,14.16,14.15,14.3,14.31,14.35,14.37,14.38,14.39,14.4,14.42,14.43,14.44,41800,100,10100,4800,4800,8400,2200,6500,1000,800,2200,1200,5200,2100,2500,3200,5400,300,4900,600
7.0,14.3,23200,331519.0,14.29,14.28,14.24,14.23,14.22,14.21,14.2,14.19,14.18,14.16,14.3,14.31,14.35,14.37,14.38,14.39,14.4,14.42,14.43,14.44,41800,100,1900,12400,4800,5900,8400,2200,7100,1000,2200,1200,5200,2100,2500,3200,6500,300,4900,600
8.0,14.29,23600,337235.0,14.29,14.28,14.24,14.23,14.22,14.21,14.2,14.19,14.18,14.17,14.3,14.31,14.35,14.37,14.38,14.39,14.4,14.42,14.43,14.44,41500,200,5900,13200,4800,5900,12800,2200,7100,2000,2200,1200,5200,2100,2500,3200,6500,300,4900,600
9.0,14.29,25200,360099.0,14.29,14.28,14.24,14.23,14.22,14.21,14.2,14.19,14.18,14.17,14.3,14.31,14.35,14.37,14.38,14.39,14.4,14.42,14.43,14.44,40900,1200,6000,13200,4800,5900,12800,2200,7100,2000,2200,1200,5200,2100,2500,3200,6500,300,4900,600
10.0,14.3,27400,391559.0,14.3,14.29,14.28,14.24,14.23,14.22,14.21,14.2,14.19,14.18,14.31,14.35,14.37,14.38,14.39,14.4,14.42,14.43,14.44,14.45,13900,40900,1200,6000,17200,4800,5900,12800,2200,7100,1200,5200,2100,2500,3200,6500,300,4900,600,1700
11.0,14.3,30700,438761.0,14.3,14.29,14.28,14.26,14.24,14.23,14.22,14.21,14.2,14.19,14.35,14.37,14.38,14.39,14.4,14.42,14.43,14.44,14.45,14.46,13700,41000,1000,1000,4100,17200,6500,5900,13400,2200,5200,2100,2500,3200,6500,300,4900,600,1700,100
12.0,14.35,34100,487521.0,14.3,14.29,14.28,14.26,14.24,14.23,14.22,14.21,14.2,14.19,14.35,14.37,14.38,14.39,14.4,14.42,14.43,14.44,14.45,14.46,9200,41100,1000,1000,4100,17200,6500,5900,13400,2200,2400,2100,2500,3200,6500,300,4900,600,1700,100
13.0,14.35,34800,497566.0,14.31,14.3,14.29,14.28,14.26,14.24,14.23,14.22,14.21,14.2,14.35,14.37,14.38,14.39,14.4,14.42,14.43,14.44,14.45,14.46,14100,9300,41100,1000,1000,4100,17200,6500,5900,13400,2300,2100,2500,3200,6500,300,4900,600,1700,100
14.0,14.35,35900,513323.0,14.31,14.3,14.29,14.28,14.26,14.24,14.23,14.22,14.21,14.2,14.35,14.37,14.38,14.39,14.4,14.42,14.43,14.44,14.45,14.46,13400,5800,41100,1000,1000,4100,17200,6500,5900,13700,2300,2100,2500,3200,6500,300,4900,600,1700,100
15.0,14.35,38200,546328.0,14.35,14.31,14.3,14.29,14.28,14.26,14.24,14.23,14.22,14.21,14.37,14.38,14.39,14.4,14.42,14.43,14.44,14.45,14.46,14.47,2700,13400,5700,41100,900,1000,4100,17200,6500,5900,2100,2500,3200,6500,300,4900,600,1700,100,700
16.0,14.35,38200,546328.0,14.35,14.32,14.31,14.3,14.29,14.28,14.26,14.24,14.23,14.22,14.37,14.38,14.39,14.4,14.42,14.43,14.44,14.45,14.46,14.47,2700,900,13400,5700,41100,900,1000,4100,17200,6500,2100,2500,3200,6500,300,4900,600,1700,100,700
17.0,14.32,41900,599393.0,14.31,14.3,14.29,14.28,14.26,14.24,14.23,14.22,14.21,14.2,14.32,14.34,14.35,14.36,14.37,14.38,14.39,14.4,14.42,14.43,13400,5700,41100,900,1000,4100,17200,6500,5900,13700,200,200,6400,1400,2100,2500,3200,6500,300,4900
18.0,14.31,43700,625152.0,14.31,14.3,14.29,14.28,14.26,14.24,14.23,14.22,14.21,14.2,14.32,14.34,14.35,14.36,14.37,14.38,14.39,14.4,14.42,14.43,11700,5700,41100,900,1000,4100,17200,6500,5900,13700,100,900,10300,1400,2100,2500,3200,6500,300,4900
19.0,14.32,43800,626584.0,14.3,14.29,14.28,14.26,14.24,14.23,14.22,14.21,14.2,14.19,14.34,14.35,14.36,14.37,14.38,14.39,14.4,14.42,14.43,14.44,5700,41100,900,1000,4100,17200,6500,5900,13700,2200,1000,10300,1400,2100,2500,2900,6500,300,4900,600
20.0,14.3,49200,703805.0,14.3,14.29,14.28,14.26,14.24,14.23,14.22,14.21,14.2,14.19,14.31,14.34,14.35,14.36,14.37,14.38,14.39,14.4,14.42,14.43,400,41000,900,1200,4100,17200,6500,5900,13700,2200,900,1200,9100,1400,2100,2500,2900,6500,300,4900
21.0,14.3,49200,703805.0,14.3,14.29,14.28,14.26,14.24,14.23,14.22,14.21,14.2,14.19,14.31,14.34,14.35,14.36,14.37,14.38,14.39,14.4,14.42,14.43,400,41000,900,1200,4100,17200,6500,5900,13700,2200,900,1200,8600,1400,2600,2500,2900,6500,300,4900
22.0,14.31,49400,706667.0,14.3,14.29,14.28,14.26,14.24,14.23,14.22,14.21,14.2,14.19,14.31,14.32,14.34,14.35,14.36,14.37,14.38,14.39,14.4,14.42,400,41000,900,1200,4100,17200,6500,5900,13700,2200,900,200,1200,8600,1400,2600,2500,2900,6500,300
23.0,14.3,50300,719533.0,14.29,14.28,14.26,14.24,14.23,14.22,14.21,14.2,14.19,14.18,14.3,14.31,14.32,14.34,14.35,14.36,14.37,14.38,14.39,14.4,40600,900,1200,4100,17200,6500,5900,13700,2200,7100,500,3600,1400,1200,8400,1400,2600,2500,2900,6500
24.0,14.3,50300,719533.0,14.29,14.28,14.26,14.24,14.23,14.22,14.21,14.2,14.19,14.18,14.3,14.31,14.32,14.34,14.35,14.36,14.37,14.38,14.39,14.4,40600,900,1200,4100,17200,6500,5900,13700,2200,7100,700,3600,1400,1400,8600,1400,2600,2500,2900,6500
25.0,14.3,50300,719533.0,14.29,14.28,14.26,14.24,14.23,14.22,14.21,14.2,14.19,14.18,14.3,14.31,14.32,14.34,14.35,14.36,14.37,14.38,14.39,14.4,40600,900,1200,4100,17200,6500,5900,13700,2200,7100,700,3600,1400,1400,8600,1400,2600,2500,2900,6500
26.0,14.3,50700,725250.0,14.29,14.28,14.26,14.24,14.23,14.22,14.21,14.2,14.19,14.18,14.3,14.31,14.32,14.34,14.35,14.36,14.37,14.38,14.39,14.4,40300,900,1200,4100,17200,6500,5900,13700,2200,7100,700,3600,1400,1400,8600,1400,2600,2500,2900,6500
27.0,14.3,50700,725250.0,14.29,14.28,14.26,14.24,14.23,14.22,14.21,14.2,14.19,14.18,14.3,14.31,14.32,14.34,14.35,14.36,14.37,14.38,14.39,14.4,40300,900,1200,4100,17200,6500,5900,13700,2200,7100,700,3600,1400,1400,8600,1400,2600,2500,2900,6500
28.0,14.3,50700,725250.0,14.29,14.28,14.26,14.24,14.23,14.22,14.21,14.2,14.19,14.18,14.3,14.31,14.32,14.34,14.35,14.36,14.37,14.38,14.39,14.4,40300,900,1200,4100,17200,6500,5900,13700,2200,7100,700,3600,1400,1400,8600,1400,2600,2500,2900,6500
29.0,14.29,51200,732396.0,14.29,14.28,14.26,14.24,14.23,14.22,14.21,14.2,14.19,14.18,14.3,14.31,14.32,14.34,14.35,14.36,14.37,14.38,14.39,14.4,40000,900,1200,4100,17200,6500,5900,13700,2200,7100,600,3600,1400,1400,8600,1400,2600,2500,2900,6500
30.0,14.29,51200,732396.0,14.29,14.28,14.26,14.24,14.23,14.22,14.21,14.2,14.19,14.18,14.3,14.31,14.32,14.34,14.35,14.36,14.37,14.38,14.39,14.4,40000,900,1200,4100,17200,6500,5900,13700,2200,7100,600,3600,1400,1400,8600,1400,2600,2500,2900,6500
31.0,14.29,51600,738112.0,14.29,14.28,14.26,14.24,14.23,14.22,14.21,14.2,14.19,14.18,14.3,14.31,14.32,14.34,14.35,14.36,14.37,14.38,14.39,14.4,39600,900,1200,4100,17200,6500,5900,13700,2200,7100,600,3600,1400,1400,3300,1400,2600,2500,2900,6500
32.0,14.27,92400,1321131.0,14.26,14.24,14.23,14.22,14.21,14.2,14.19,14.18,14.17,14.16,14.28,14.29,14.3,14.31,14.32,14.34,14.35,14.36,14.37,14.38,1200,4000,17200,6500,5900,13700,2200,12100,2000,1100,100,3500,1000,3600,1400,700,2100,1400,2600,2500
33.0,14.25,95100,1359606.0,14.26,14.24,14.23,14.22,14.21,14.2,14.19,14.18,14.17,14.16,14.28,14.29,14.3,14.31,14.32,14.34,14.35,14.36,14.37,14.38,6900,2800,17200,6500,5900,13700,2200,12100,2000,1100,900,3900,1000,3600,1400,700,2400,1400,2600,2500
34.0,14.25,95100,1359606.0,14.26,14.24,14.23,14.22,14.21,14.2,14.19,14.18,14.17,14.16,14.28,14.29,14.3,14.31,14.32,14.34,14.35,14.36,14.37,14.38,6900,2800,17200,6500,5900,13700,2200,12100,2000,1100,900,3500,1000,3600,1400,700,2400,1400,2600,2500
35.0,14.31,100800,1441123.0,14.31,14.29,14.28,14.27,14.24,14.23,14.22,14.21,14.2,14.19,14.32,14.34,14.35,14.36,14.37,14.38,14.39,14.4,14.42,14.43,2100,200,1900,500,2800,17700,6500,5900,13700,2200,1400,700,2400,1400,2600,2500,2900,6500,300,4900
36.0,14.31,101100,1445416.0,14.31,14.29,14.28,14.27,14.24,14.23,14.22,14.21,14.2,14.19,14.32,14.34,14.35,14.36,14.37,14.38,14.39,14.4,14.42,14.43,1800,200,1900,500,2800,17700,6500,5900,13700,2200,1400,700,2400,1400,2600,2500,2900,6500,300,4900
37.0,14.31,101600,1452571.0,14.31,14.3,14.29,14.28,14.27,14.24,14.23,14.22,14.21,14.2,14.32,14.34,14.35,14.36,14.37,14.38,14.39,14.4,14.42,14.43,1300,100,200,1900,500,2800,17700,6500,6900,13700,1400,700,2400,1400,2600,2500,2900,6500,300,4900
38.0,14.31,103000,1472605.0,14.3,14.29,14.28,14.27,14.26,14.24,14.23,14.22,14.21,14.2,14.32,14.34,14.35,14.36,14.37,14.38,14.39,14.4,14.42,14.43,100,200,1900,500,100,2800,17700,6500,6900,13700,1400,700,2400,1400,2600,2500,2900,6500,300,4900
39.0,14.31,103000,1472605.0,14.3,14.29,14.28,14.27,14.26,14.24,14.23,14.22,14.21,14.2,14.32,14.34,14.35,14.36,14.37,14.38,14.39,14.4,14.42,14.43,100,200,2400,500,100,2800,17700,6500,6900,13700,1400,700,2400,1400,2600,2500,2900,6500,300,4900
40.0,14.31,103000,1472605.0,14.3,14.29,14.28,14.27,14.26,14.24,14.23,14.22,14.21,14.2,14.31,14.32,14.34,14.35,14.36,14.37,14.38,14.39,14.4,14.42,100,200,2400,500,100,2800,17700,6500,6900,13700,200,1900,700,2400,1400,2600,2500,2900,6500,300
41.0,14.31,103200,1475467.0,14.31,14.3,14.29,14.28,14.27,14.26,14.24,14.23,14.22,14.21,14.32,14.34,14.35,14.36,14.37,14.38,14.39,14.4,14.42,14.43,200,200,1000,2300,500,100,2800,17700,6500,6900,2400,700,2400,1400,2100,2500,2900,6500,300,4900
42.0,14.3,103600,1481189.0,14.29,14.28,14.27,14.26,14.24,14.23,14.22,14.21,14.2,14.19,14.32,14.34,14.35,14.36,14.37,14.38,14.39,14.4,14.42,14.43,1000,2300,500,100,2800,17700,6500,6900,13700,2200,2400,300,3400,1400,2100,2500,2900,6500,300,4900
43.0,14.32,103700,1482621.0,14.29,14.28,14.27,14.26,14.24,14.23,14.22,14.21,14.2,14.19,14.32,14.34,14.35,14.36,14.37,14.38,14.39,14.4,14.42,14.43,1000,2300,500,100,2800,17700,6500,6900,13700,2200,1100,300,4400,1400,2100,2500,2900,6500,300,4900
44.0,14.32,105000,1501231.0,14.32,14.29,14.28,14.27,14.26,14.24,14.23,14.22,14.21,14.2,14.33,14.34,14.35,14.36,14.37,14.38,14.39,14.4,14.42,14.43,200,800,2300,500,100,2800,17700,6500,6900,13700,1000,300,4400,1400,2100,2500,2900,6500,300,4900
45.0,14.32,105200,1504095.0,14.29,14.28,14.27,14.26,14.24,14.23,14.22,14.21,14.2,14.19,14.32,14.33,14.34,14.35,14.36,14.37,14.38,14.39,14.4,14.42,800,2300,500,100,2800,17700,6500,6900,13700,2200,1500,1000,1300,4400,1400,2100,2500,2900,6500,300
46.0,14.32,105200,1504095.0,14.29,14.28,14.27,14.26,14.24,14.23,14.22,14.21,14.2,14.19,14.32,14.33,14.34,14.35,14.36,14.37,14.38,14.39,14.4,14.42,800,2300,500,100,2800,17700,6500,6900,13700,2200,1500,1000,1300,4400,1400,2100,2500,2900,6500,300
47.0,14.32,106200,1518415.0,14.3,14.29,14.28,14.27,14.26,14.24,14.23,14.22,14.21,14.2,14.32,14.34,14.35,14.36,14.37,14.38,14.39,14.4,14.42,14.43,100,900,2300,500,100,2800,17700,6500,6900,13700,500,1300,4400,1400,2100,2500,2900,6500,300,4900
48.0,14.3,106400,1521276.0,14.29,14.28,14.27,14.26,14.24,14.23,14.22,14.21,14.2,14.19,14.32,14.34,14.35,14.36,14.37,14.38,14.39,14.4,14.42,14.43,900,2300,500,100,2800,17700,6500,6900,13700,2200,100,1300,4400,1400,2100,2500,2900,6500,300,4900
49.0,14.3,106400,1521276.0,14.29,14.28,14.27,14.26,14.24,14.23,14.22,14.21,14.2,14.19,14.32,14.34,14.35,14.36,14.37,14.38,14.39,14.4,14.42,14.43,900,2300,500,100,2800,17700,6500,6900,13700,2200,200,1300,4400,1400,2100,2500,2900,6500,300,4900
50.0,14.32,106600,1524140.0,14.32,14.3,14.29,14.28,14.27,14.24,14.23,14.22,14.21,14.2,14.34,14.35,14.36,14.37,14.38,14.39,14.4,14.42,14.43,14.44,100,100,1000,1800,500,2800,17700,6500,6900,13700,1300,4000,1400,2100,2500,2900,6500,300,4900,600
51.0,14.32,106600,1524140.0,14.32,14.31,14.3,14.29,14.28,14.27,14.24,14.23,14.22,14.21,14.34,14.35,14.36,14.37,14.38,14.39,14.4,14.42,14.43,14.44,100,100,100,900,1800,500,2800,17700,6500,6900,1400,4000,1400,2100,2500,2900,6500,300,4900,600
52.0,14.31,108600,1552761.0,14.31,14.3,14.29,14.28,14.27,14.24,14.23,14.22,14.21,14.2,14.32,14.34,14.35,14.36,14.37,14.38,14.39,14.4,14.42,14.43,100,4200,900,1800,500,2800,17700,6500,6900,13700,400,1400,4000,1400,2100,2500,2900,6500,300,4900
53.0,14.34,109500,1565650.0,14.32,14.31,14.3,14.29,14.28,14.24,14.23,14.22,14.21,14.2,14.34,14.35,14.37,14.38,14.39,14.4,14.42,14.43,14.44,14.45,4400,400,4100,900,1800,2800,17700,6500,6900,13700,1200,4000,2100,2500,2900,6500,300,4900,600,1700
54.0,14.32,110000,1572812.0,14.32,14.31,14.3,14.29,14.28,14.24,14.23,14.22,14.21,14.2,14.34,14.35,14.37,14.38,14.39,14.4,14.42,14.43,14.44,14.45,4000,400,4100,900,1800,2800,17700,6500,6900,13700,1100,4000,2100,2500,2900,6500,300,4900,600,1700
55.0,14.32,110000,1572812.0,14.32,14.31,14.3,14.29,14.28,14.24,14.23,14.22,14.21,14.2,14.34,14.35,14.37,14.38,14.39,14.4,14.42,14.43,14.44,14.45,4000,400,4100,900,1800,2800,17700,6500,6900,13700,1100,4000,2100,2500,2900,6500,300,4900,600,1700
56.0,14.32,110800,1584276.0,14.32,14.31,14.3,14.29,14.28,14.24,14.23,14.22,14.21,14.2,14.34,14.35,14.37,14.38,14.39,14.4,14.42,14.43,14.44,14.45,500,400,4000,900,1800,2800,17700,6500,6900,13700,600,4000,2100,2500,2900,6500,300,4900,600,1700
57.0,14.32,110800,1584276.0,14.32,14.31,14.3,14.29,14.28,14.24,14.23,14.22,14.21,14.2,14.34,14.35,14.37,14.38,14.39,14.4,14.42,14.43,14.44,14.45,500,400,4000,900,1800,2800,17700,6500,6900,13700,600,4000,2100,2500,2900,6500,300,4900,600,1700
58.0,14.32,110800,1584276.0,14.32,14.31,14.3,14.29,14.28,14.24,14.23,14.22,14.21,14.2,14.34,14.35,14.37,14.38,14.39,14.4,14.42,14.43,14.44,14.45,500,400,4000,900,1800,2800,17700,6500,6900,13700,600,4000,2100,2500,2900,6500,300,4900,600,1700
59.0,14.34,116800,1670214.0,14.34,14.33,14.31,14.3,14.29,14.28,14.24,14.23,14.22,14.21,14.35,14.37,14.38,14.39,14.4,14.42,14.43,14.44,14.45,14.46,1000,100,700,4000,900,1800,2800,17700,6500,6900,4000,2100,2500,2900,6500,300,4900,600,1700,100
60.0,14.33,117900,1685987.0,14.31,14.3,14.29,14.28,14.24,14.23,14.22,14.21,14.2,14.19,14.33,14.35,14.37,14.38,14.39,14.4,14.42,14.43,14.44,14.45,700,4000,900,1800,2800,17700,6500,6900,13700,2200,1200,4000,2100,2500,2900,6500,300,4900,600,1700
61.0,14.31,118000,1687418.0,14.31,14.3,14.29,14.28,14.24,14.23,14.22,14.21,14.2,14.19,14.33,14.34,14.35,14.37,14.38,14.39,14.4,14.42,14.43,14.44,600,4000,900,1800,2800,17700,6500,7000,13700,2200,2500,500,4000,2100,2500,2900,6500,300,4900,600
62.0,14.33,118300,1691717.0,14.31,14.3,14.29,14.28,14.24,14.23,14.22,14.21,14.2,14.19,14.33,14.34,14.35,14.37,14.38,14.39,14.4,14.42,14.43,14.44,600,4000,800,1800,2800,17700,6500,7000,13700,2200,2200,1500,4000,2100,2500,2900,6500,300,4900,600
63.0,14.33,118500,1694583.0,14.31,14.3,14.29,14.28,14.24,14.23,14.22,14.21,14.2,14.19,14.33,14.34,14.35,14.37,14.38,14.39,14.4,14.42,14.43,14.44,700,4000,800,1800,2800,17700,6500,7000,13700,2200,2000,1500,4000,2100,2500,2900,6500,300,4900,600
64.0,14.33,118500,1694583.0,14.31,14.3,14.29,14.28,14.24,14.23,14.22,14.21,14.2,14.19,14.33,14.34,14.35,14.37,14.38,14.39,14.4,14.42,14.43,14.44,700,4000,800,1800,2800,17700,6500,7000,13700,2200,2000,1500,4000,2100,2500,2900,6500,300,4900,600
65.0,14.33,118500,1694583.0,14.32,14.31,14.3,14.29,14.28,14.24,14.23,14.22,14.21,14.2,14.33,14.34,14.35,14.37,14.38,14.39,14.4,14.42,14.43,14.44,200,500,5100,800,1800,2800,17700,6500,7000,13700,2000,1500,4000,2100,2500,2900,6500,300,4900,600
66.0,14.33,118500,1694583.0,14.32,14.31,14.3,14.29,14.28,14.24,14.23,14.22,14.21,14.2,14.33,14.34,14.35,14.37,14.38,14.39,14.4,14.42,14.43,14.44,200,500,5100,800,1800,2800,17700,6500,7000,13700,2000,1500,4000,2100,2500,2900,6500,300,4900,600
67.0,14.32,118900,1700313.0,14.31,14.3,14.29,14.28,14.24,14.23,14.22,14.21,14.2,14.19,14.32,14.33,14.34,14.35,14.37,14.38,14.39,14.4,14.42,14.43,500,5100,800,1800,2800,17700,6500,7000,14700,2200,5300,3000,1500,4000,2100,2500,2900,7100,300,4900
68.0,14.32,118900,1700313.0,14.31,14.3,14.29,14.28,14.24,14.23,14.22,14.21,14.2,14.19,14.32,14.33,14.34,14.35,14.37,14.38,14.39,14.4,14.42,14.43,300,5100,800,1800,3300,17700,6500,7000,14700,2200,5300,3400,1500,4000,2100,2500,2900,7100,300,4900
69.0,14.32,118900,1700313.0,14.31,14.3,14.29,14.28,14.24,14.23,14.22,14.21,14.2,14.19,14.32,14.33,14.34,14.35,14.37,14.38,14.39,14.4,14.42,14.43,1500,5100,800,1800,3300,17700,6500,7000,14700,2200,5300,3400,1500,4000,2100,2500,2900,7100,300,4900
70.0,14.31,119000,1701744.0,14.31,14.3,14.29,14.28,14.27,14.24,14.23,14.22,14.21,14.2,14.32,14.33,14.34,14.35,14.37,14.38,14.39,14.4,14.42,14.43,2300,5100,800,1800,300,3300,17700,6500,7000,14700,5300,3400,1500,4000,2100,2500,2900,7100,300,4900
71.0,14.31,119100,1703175.0,14.31,14.3,14.29,14.28,14.27,14.24,14.23,14.22,14.21,14.2,14.32,14.33,14.34,14.35,14.37,14.38,14.39,14.4,14.42,14.43,2400,5100,800,1800,600,4300,17700,6500,7000,14700,5300,3400,1500,4000,2100,2500,2900,7100,300,4900
72.0,14.31,119100,1703175.0,14.31,14.3,14.29,14.28,14.27,14.24,14.23,14.22,14.21,14.2,14.32,14.33,14.34,14.35,14.37,14.38,14.39,14.4,14.42,14.43,2400,5100,800,1800,600,4300,17700,6500,7000,14700,5300,3400,1500,4000,2100,2500,2900,7100,300,4900
73.0,14.31,119300,1706037.0,14.31,14.3,14.29,14.28,14.24,14.23,14.22,14.21,14.2,14.19,14.32,14.33,14.34,14.35,14.37,14.38,14.39,14.4,14.42,14.43,2200,5100,800,1800,4300,17700,6500,7000,14700,2200,5700,3400,1500,4000,2100,2500,2900,7100,300,4900
74.0,14.31,123400,1764690.0,14.3,14.29,14.28,14.24,14.23,14.22,14.21,14.2,14.19,14.18,14.31,14.32,14.33,14.34,14.35,14.37,14.38,14.39,14.4,14.42,3300,800,1800,4300,17700,6500,7000,14700,2200,12100,100,5700,3400,1500,4000,2100,2500,2900,7100,300
75.0,14.32,126200,1804785.0,14.3,14.29,14.28,14.24,14.23,14.22,14.21,14.2,14.19,14.18,14.32,14.33,14.34,14.35,14.37,14.38,14.39,14.4,14.42,14.43,3300,800,1800,4500,17700,6500,7000,14700,2200,12100,3000,3400,1500,4000,2100,2500,2900,7100,300,4900
76.0,14.32,126900,1814797.0,14.3,14.29,14.28,14.24,14.23,14.22,14.21,14.2,14.19,14.18,14.32,14.33,14.34,14.35,14.37,14.38,14.39,14.4,14.42,14.43,2700,800,1800,4500,17700,6500,7000,14700,2200,12100,2900,3400,1500,4000,2100,2500,2900,7100,300,4900
77.0,14.32,129200,1847733.0,14.3,14.29,14.28,14.24,14.23,14.22,14.21,14.2,14.19,14.18,14.32,14.33,14.34,14.35,14.37,14.38,14.39,14.4,14.42,14.43,2700,800,1800,4500,17700,6500,7000,12700,2200,12100,600,3400,1500,3500,2100,2500,2900,7100,300,4900
78.0,14.32,129200,1847733.0,14.3,14.29,14.28,14.24,14.23,14.22,14.21,14.2,14.19,14.18,14.32,14.33,14.34,14.35,14.37,14.38,14.39,14.4,14.42,14.43,2700,800,1800,4500,17700,6500,7000,12700,2200,12100,600,3400,1500,3500,2100,2500,2900,7100,300,4900
79.0,14.3,129400,1850593.0,14.3,14.29,14.28,14.25,14.24,14.23,14.22,14.21,14.2,14.19,14.32,14.33,14.34,14.35,14.37,14.38,14.39,14.4,14.42,14.43,2500,800,1800,1000,4500,17700,6500,7000,12700,2200,600,3400,1500,3500,2100,2500,2900,7100,300,4900
80.0,14.32,130000,1859185.0,14.32,14.3,14.29,14.28,14.25,14.24,14.23,14.22,14.21,14.2,14.33,14.34,14.35,14.37,14.38,14.39,14.4,14.42,14.43,14.44,1000,2600,800,1800,1000,4500,17700,6500,7000,12700,3400,1500,2500,2100,2500,2900,7100,300,4900,600
81.0,14.32,130600,1867777.0,14.32,14.3,14.29,14.28,14.25,14.24,14.23,14.22,14.21,14.2,14.33,14.34,14.35,14.37,14.38,14.39,14.4,14.42,14.43,14.44,500,2600,800,1800,1000,4500,17700,6500,7000,12700,3400,1000,2500,2100,2500,2900,7100,300,4900,600
82.0,14.3,135300,1935035.0,14.3,14.29,14.28,14.25,14.24,14.23,14.22,14.21,14.2,14.19,14.33,14.34,14.35,14.37,14.38,14.39,14.4,14.42,14.43,14.44,2200,800,1800,1000,4500,17700,6500,7000,12700,2200,3400,1000,2500,2100,2500,2900,7100,300,4900,600
83.0,14.33,136000,1945054.0,14.31,14.3,14.29,14.28,14.25,14.24,14.23,14.22,14.21,14.2,14.33,14.34,14.35,14.37,14.38,14.39,14.4,14.42,14.43,14.44,100,1700,800,1800,1000,4500,17700,6500,7000,12700,3100,1000,2500,2100,2500,2900,7100,300,4900,600
84.0,14.33,136000,1945054.0,14.31,14.3,14.29,14.28,14.25,14.24,14.23,14.22,14.21,14.2,14.33,14.34,14.35,14.37,14.38,14.39,14.4,14.42,14.43,14.44,100,1700,800,1800,1000,4500,17700,6500,7000,12700,3100,1000,2500,2100,2500,2900,7100,300,4900,600
85.0,14.33,136000,1945054.0,14.32,14.3,14.29,14.28,14.25,14.24,14.23,14.22,14.21,14.2,14.33,14.34,14.35,14.37,14.38,14.39,14.4,14.42,14.43,14.44,100,1700,800,1800,1000,4500,17200,6500,7000,12700,3100,1000,2500,2100,2500,2900,7200,300,4900,600
86.0,14.33,136300,1949353.0,14.3,14.29,14.28,14.25,14.24,14.23,14.22,14.21,14.2,14.19,14.33,14.34,14.35,14.37,14.38,14.39,14.4,14.42,14.43,14.44,1700,800,1800,1000,4500,16200,6500,7000,12700,2200,1600,1000,2500,2100,2500,2900,7200,300,4900,600
87.0,14.33,136300,1949353.0,14.3,14.29,14.28,14.25,14.24,14.23,14.22,14.21,14.2,14.19,14.33,14.34,14.35,14.37,14.38,14.39,14.4,14.42,14.43,14.44,1700,800,1800,1000,4500,16200,6500,7000,12700,2200,1900,1000,2500,2100,2500,2900,7200,300,4900,600
88.0,14.33,136300,1949353.0,14.3,14.29,14.28,14.25,14.24,14.23,14.22,14.21,14.2,14.19,14.33,14.34,14.35,14.37,14.38,14.39,14.4,14.42,14.43,14.44,1700,800,1800,1000,4500,16200,6500,7000,12700,2200,1900,1000,2500,2100,2500,2900,7200,300,4900,600
89.0,14.3,136700,1955073.0,14.3,14.29,14.28,14.25,14.24,14.23,14.22,14.21,14.2,14.19,14.33,14.34,14.35,14.37,14.38,14.39,14.4,14.42,14.43,14.44,1300,800,1800,1500,4500,16200,6500,7000,12700,2200,3100,1000,2500,2100,2500,2900,7200,300,4900,600
90.0,14.3,136800,1956503.0,14.3,14.29,14.28,14.25,14.24,14.23,14.22,14.21,14.2,14.19,14.33,14.34,14.35,14.37,14.38,14.39,14.4,14.42,14.43,14.44,1200,800,1800,1500,4500,16200,6500,7000,12700,2200,3100,1000,2500,2100,2500,2900,7200,300,4900,600
91.0,14.3,136800,1956503.0,14.3,14.29,14.28,14.26,14.25,14.24,14.23,14.22,14.21,14.2,14.32,14.33,14.34,14.35,14.37,14.38,14.39,14.4,14.42,14.43,1200,800,1800,1000,1500,4500,16200,6500,7000,12700,6700,3100,1000,2500,2100,2500,2900,7200,300,4900
92.0,14.32,137000,1959365.0,14.3,14.29,14.28,14.26,14.25,14.24,14.23,14.22,14.21,14.2,14.32,14.33,14.34,14.35,14.37,14.38,14.39,14.4,14.42,14.43,1100,800,1800,1000,1500,4500,16200,6500,7000,12700,6600,3100,1000,2700,2100,2500,2900,7200,300,4900
93.0,14.32,137100,1960797.0,14.3,14.29,14.28,14.26,14.25,14.24,14.23,14.22,14.21,14.2,14.32,14.33,14.34,14.35,14.37,14.38,14.39,14.4,14.42,14.43,1100,800,1800,1000,2100,4500,16200,6500,7000,12700,9200,3500,1000,2700,2100,2500,2900,7200,300,4900
94.0,14.32,137900,1972253.0,14.3,14.29,14.28,14.26,14.25,14.24,14.23,14.22,14.21,14.2,14.32,14.33,14.34,14.35,14.37,14.38,14.39,14.4,14.42,14.43,1100,800,1800,1000,2100,4500,16200,6500,7000,12700,8400,3500,1000,2700,2100,2500,2900,7200,300,4900
95.0,14.32,138100,1975117.0,14.3,14.29,14.28,14.26,14.25,14.24,14.23,14.22,14.21,14.2,14.32,14.33,14.34,14.35,14.37,14.38,14.39,14.4,14.42,14.43,1100,800,1800,1000,2100,4500,16200,6500,7000,12700,8200,3500,1000,2800,2100,2500,2900,7200,300,4900
96.0,14.32,138300,1977979.0,14.3,14.29,14.28,14.26,14.25,14.24,14.23,14.22,14.21,14.2,14.32,14.33,14.34,14.35,14.37,14.38,14.39,14.4,14.42,14.43,1000,800,1800,1000,2100,4500,16200,6500,7000,12700,8400,3200,1000,2800,2100,2500,2900,7200,300,4900
97.0,14.3,138400,1979409.0,14.3,14.29,14.28,14.26,14.25,14.24,14.23,14.22,14.21,14.2,14.32,14.33,14.34,14.35,14.37,14.38,14.39,14.4,14.42,14.43,900,800,1800,1000,2100,4500,16200,6500,7000,12700,8400,3200,1000,2800,2100,2500,2900,7200,300,4900
98.0,14.3,138400,1979409.0,14.3,14.29,14.28,14.26,14.25,14.24,14.23,14.22,14.21,14.2,14.32,14.33,14.34,14.35,14.37,14.38,14.39,14.4,14.42,14.43,900,800,1800,1000,2100,4500,16200,6500,7000,12700,8400,3200,1000,2600,2100,2800,2900,7200,300,4900
99.0,14.3,138400,1979409.0,14.3,14.29,14.28,14.26,14.25,14.24,14.23,14.22,14.21,14.2,14.32,14.33,14.34,14.35,14.37,14.38,14.39,14.4,14.42,14.43,900,800,1800,1000,2100,4500,16200,6500,7000,12700,8400,3200,1000,2600,2100,2800,2900,7200,300,4900
100.0,14.3,140600,2010895.0,14.29,14.28,14.26,14.25,14.24,14.23,14.22,14.21,14.2,14.19,14.3,14.32,14.33,14.34,14.35,14.37,14.38,14.39,14.4,14.42,800,1800,1000,2500,4500,16200,6500,7000,12700,2200,2100,7100,3200,1000,2600,2100,2800,2900,7200,300
101.0,14.3,140600,2010895.0,14.29,14.28,14.26,14.25,14.24,14.23,14.22,14.21,14.2,14.19,14.3,14.32,14.33,14.34,14.35,14.37,14.38,14.39,14.4,14.42,800,1800,1000,2500,4500,16200,6500,7000,12700,2200,2100,7600,3200,1000,2600,2100,2800,2900,7200,300
102.0,14.3,140600,2010895.0,14.29,14.28,14.26,14.25,14.24,14.23,14.22,14.21,14.2,14.19,14.3,14.32,14.33,14.34,14.35,14.37,14.38,14.39,14.4,14.42,800,1800,1000,2500,4500,16200,6500,7000,12700,2200,2100,7600,3200,1000,2600,2100,2800,2900,7200,300
103.0,14.3,140900,2015185.0,14.29,14.28,14.26,14.25,14.24,14.23,14.22,14.21,14.2,14.19,14.3,14.31,14.32,14.33,14.34,14.35,14.37,14.38,14.39,14.4,800,1800,1000,2500,4500,16200,6500,7000,12700,2200,1800,200,8100,3200,1000,2600,2100,2800,2900,7200
104.0,14.3,141100,2018045.0,14.29,14.28,14.26,14.25,14.24,14.23,14.22,14.21,14.2,14.19,14.3,14.31,14.32,14.33,14.34,14.35,14.37,14.38,14.39,14.4,800,1800,1000,2500,4500,16200,6500,7000,12700,2200,1600,200,8100,3200,1000,2600,2100,2800,2900,7200
105.0,14.3,141600,2025195.0,14.29,14.28,14.26,14.25,14.24,14.23,14.22,14.21,14.2,14.19,14.3,14.31,14.32,14.33,14.34,14.35,14.37,14.38,14.39,14.4,800,1800,1000,2500,4500,16200,6500,7000,12700,2200,1400,200,7800,3200,1000,2600,2100,2800,2900,16600
106.0,14.3,141600,2025195.0,14.29,14.28,14.26,14.25,14.24,14.23,14.22,14.21,14.2,14.19,14.3,14.31,14.32,14.33,14.34,14.35,14.37,14.38,14.39,14.4,800,1800,1000,2500,4500,16200,6500,7000,12700,2200,1400,200,7800,3200,1000,2600,2100,2800,2900,16600
107.0,14.33,153000,2188433.0,14.33,14.32,14.3,14.29,14.28,14.26,14.25,14.24,14.23,14.22,14.34,14.35,14.37,14.38,14.39,14.4,14.42,14.43,14.44,14.45,200,1400,4700,800,1800,1000,2500,4500,16200,6500,1000,2600,2100,2800,2900,16600,300,4900,600,1700
108.0,14.34,153200,2191301.0,14.33,14.32,14.3,14.29,14.28,14.26,14.25,14.24,14.23,14.22,14.34,14.35,14.37,14.38,14.39,14.4,14.42,14.43,14.44,14.45,100,1300,4700,800,1800,1000,2500,4500,16200,6500,800,2600,2100,2800,2900,16600,300,4900,600,1700
109.0,14.34,153200,2191301.0,14.33,14.32,14.3,14.29,14.28,14.26,14.25,14.24,14.23,14.22,14.34,14.35,14.37,14.38,14.39,14.4,14.42,14.43,14.44,14.45,100,1300,4700,800,1800,1000,2500,4500,16200,6500,800,2600,2100,2800,2900,16600,300,4900,600,1700
110.0,14.34,154600,2211377.0,14.33,14.32,14.3,14.29,14.28,14.26,14.25,14.24,14.23,14.22,14.35,14.37,14.38,14.39,14.4,14.42,14.43,14.44,14.45,14.46,100,1300,4700,800,1800,1000,2500,4500,16200,6500,5500,2100,2800,2900,16600,300,4900,600,1700,100
111.0,14.32,155600,2225698.0,14.32,14.3,14.29,14.28,14.26,14.25,14.24,14.23,14.22,14.21,14.34,14.35,14.37,14.38,14.39,14.4,14.42,14.43,14.44,14.45,400,4700,800,1800,1000,2500,4500,16200,6500,7000,1600,5500,2100,2800,2900,16600,300,4900,600,1700
112.0,14.32,155600,2225698.0,14.32,14.3,14.29,14.28,14.26,14.25,14.24,14.23,14.22,14.21,14.34,14.35,14.37,14.38,14.39,14.4,14.42,14.43,14.44,14.45,400,4700,800,1800,1000,2500,4500,16200,6500,7000,1900,5500,2100,2800,2900,16600,300,4900,600,1700
113.0,14.34,156000,2231434.0,14.3,14.29,14.28,14.26,14.25,14.24,14.23,14.22,14.21,14.2,14.34,14.35,14.37,14.38,14.39,14.4,14.42,14.43,14.44,14.45,4700,800,1800,1000,2500,4500,16200,6500,7000,12700,1900,5500,2100,2800,2900,16600,300,4900,600,1700
114.0,14.34,156000,2231434.0,14.3,14.29,14.28,14.26,14.25,14.24,14.23,14.22,14.21,14.2,14.34,14.35,14.37,14.38,14.39,14.4,14.42,14.43,14.44,14.45,5900,800,1800,1000,2500,5000,16200,6500,7000,12700,3100,5500,2100,2800,2900,16600,300,4900,600,1700
115.0,14.3,156500,2238584.0,14.3,14.29,14.28,14.26,14.25,14.24,14.23,14.22,14.21,14.2,14.34,14.35,14.37,14.38,14.39,14.4,14.42,14.43,14.44,14.45,5400,800,1800,1000,2500,5000,16200,6500,7000,12700,3100,5500,2100,2800,2900,16600,300,4900,600,1700
116.0,14.34,156600,2240018.0,14.3,14.29,14.28,14.26,14.25,14.24,14.23,14.22,14.21,14.2,14.34,14.35,14.37,14.38,14.39,14.4,14.42,14.43,14.44,14.45,6500,800,1800,1000,2500,5000,16200,6500,7000,12700,4100,5500,2100,2800,2900,16600,300,4900,600,1700
117.0,14.34,156600,2240018.0,14.3,14.29,14.28,14.26,14.25,14.24,14.23,14.22,14.21,14.2,14.34,14.35,14.37,14.38,14.39,14.4,14.42,14.43,14.44,14.45,6500,800,1800,1000,2500,5000,16200,6500,7000,12700,4100,5500,2100,2800,2900,16600,300,4900,600,1700
118.0,14.3,157900,2258612.0,14.3,14.29,14.28,14.26,14.25,14.24,14.23,14.22,14.21,14.2,14.34,14.35,14.37,14.38,14.39,14.4,14.42,14.43,14.44,14.45,5600,800,1800,1000,2500,5000,16200,6500,7000,12700,4600,5500,2100,2800,2900,16600,300,4900,600,1700
119.0,14.3,157900,2258612.0,14.32,14.3,14.29,14.28,14.26,14.25,14.24,14.23,14.22,14.21,14.34,14.35,14.37,14.38,14.39,14.4,14.42,14.43,14.44,14.45,500,5800,800,1800,1000,2500,5000,16200,6500,7000,4800,5500,2100,2800,2900,16600,300,4900,600,1700
120.0,14.3,157900,2258612.0,14.32,14.3,14.29,14.28,14.26,14.25,14.24,14.23,14.22,14.21,14.34,14.35,14.37,14.38,14.39,14.4,14.42,14.43,14.44,14.45,500,5800,800,1800,1000,2500,5000,16200,6500,7000,4800,5500,2100,2800,2900,16600,300,4900,600,1700
121.0,14.32,158300,2264340.0,14.32,14.3,14.29,14.28,14.26,14.25,14.24,14.23,14.22,14.21,14.34,14.35,14.37,14.38,14.39,14.4,14.42,14.43,14.44,14.45,100,5800,800,1800,1000,2500,5000,16200,6500,7000,5000,5500,2100,2800,2900,16600,300,4900,600,1700
122.0,14.3,159000,2274362.0,14.3,14.29,14.28,14.26,14.25,14.24,14.23,14.22,14.21,14.2,14.32,14.34,14.35,14.37,14.38,14.39,14.4,14.42,14.43,14.44,5700,800,1800,1000,2500,5000,16200,6500,7000,12700,200,5000,5500,2100,2800,2900,16600,300,4900,600
123.0,14.3,159000,2274362.0,14.3,14.29,14.28,14.26,14.25,14.24,14.23,14.22,14.21,14.2,14.32,14.34,14.35,14.37,14.38,14.39,14.4,14.42,14.43,14.44,5800,800,1800,1000,2500,5000,16200,6500,7000,12700,200,5100,5500,2100,2800,2900,16600,300,4900,600
124.0,14.3,160100,2290092.0,14.31,14.3,14.29,14.28,14.26,14.25,14.24,14.23,14.22,14.21,14.32,14.33,14.34,14.35,14.37,14.38,14.39,14.4,14.42,14.43,200,2900,800,1800,1000,2500,5000,16200,6500,7000,200,200,5000,5500,2100,2800,2900,16600,300,4900
125.0,14.32,160200,2291524.0,14.31,14.3,14.29,14.28,14.26,14.25,14.24,14.23,14.22,14.21,14.32,14.33,14.34,14.35,14.37,14.38,14.39,14.4,14.42,14.43,200,2900,800,1800,1000,2500,5000,16200,6500,7000,100,900,5000,5500,2100,2800,2900,16600,300,4900
126.0,14.32,160300,2292956.0,14.31,14.3,14.29,14.28,14.26,14.25,14.24,14.23,14.22,14.21,14.33,14.34,14.35,14.37,14.38,14.39,14.4,14.42,14.43,14.44,200,2900,800,1800,1000,2500,5000,16200,6500,7000,900,5000,5500,2100,2800,2900,16600,300,4900,600
127.0,14.32,160300,2292956.0,14.32,14.31,14.3,14.29,14.28,14.26,14.25,14.24,14.23,14.22,14.33,14.34,14.35,14.37,14.38,14.39,14.4,14.42,14.43,14.44,2000,200,2900,800,1800,1000,2500,5000,16200,6500,1000,5000,5500,2100,2800,2900,16600,300,4900,600
128.0,14.32,160500,2295820.0,14.32,14.31,14.3,14.29,14.28,14.26,14.25,14.24,14.23,14.22,14.33,14.34,14.35,14.37,14.38,14.39,14.4,14.42,14.43,14.44,1800,1200,3300,800,1800,1000,2500,5000,16200,6500,1000,5000,5500,2100,2800,2900,16600,300,4900,600
129.0,14.32,160500,2295820.0,14.32,14.31,14.3,14.29,14.28,14.26,14.25,14.24,14.23,14.22,14.33,14.34,14.35,14.37,14.38,14.39,14.4,14.42,14.43,14.44,1800,1200,3300,800,1800,1000,2500,5000,16200,6500,1000,5600,5500,2100,2800,2900,16600,300,4900,600
130.0,14.32,160500,2295820.0,14.32,14.31,14.3,14.29,14.28,14.26,14.25,14.24,14.23,14.22,14.33,14.34,14.35,14.37,14.38,14.39,14.4,14.42,14.43,14.44,1800,1200,3300,800,1800,1000,2500,5000,16200,6500,1000,5600,5500,2100,2800,2900,16600,300,4900,600
131.0,14.34,161900,2315884.0,14.33,14.32,14.31,14.3,14.29,14.28,14.26,14.25,14.24,14.23,14.34,14.35,14.37,14.38,14.39,14.4,14.42,14.43,14.44,14.45,7500,4500,1200,3300,800,1800,1000,2500,5000,16200,4300,5500,2100,2800,2900,16600,300,4900,600,1700
132.0,14.34,164800,2357464.0,14.33,14.32,14.31,14.3,14.29,14.28,14.26,14.25,14.24,14.23,14.34,14.35,14.37,14.38,14.39,14.4,14.42,14.43,14.44,14.45,7200,4900,1200,3200,800,1800,1000,2500,5000,16200,2000,5500,2100,2800,2900,16600,300,4900,600,1700
133.0,14.33,166400,2380392.0,14.33,14.32,14.31,14.3,14.29,14.28,14.26,14.25,14.24,14.23,14.34,14.35,14.37,14.38,14.39,14.4,14.42,14.43,14.44,14.45,5600,4900,1200,3200,800,1800,1000,1500,5000,16200,2300,5500,2100,2800,2900,16600,300,4900,600,1700
134.0,14.34,166800,2386128.0,14.33,14.32,14.31,14.3,14.29,14.28,14.26,14.25,14.24,14.23,14.34,14.35,14.37,14.38,14.39,14.4,14.42,14.43,14.44,14.45,5600,4900,1200,3200,800,1800,1000,1500,5000,16200,1900,5500,2100,2800,2900,16600,300,4900,600,1700
135.0,14.34,168500,2410490.0,14.33,14.32,14.31,14.3,14.29,14.28,14.26,14.25,14.24,14.23,14.34,14.35,14.37,14.38,14.39,14.4,14.42,14.43,14.44,14.45,4000,4900,1200,3200,800,1800,1000,1500,5000,16200,1800,5500,2100,2800,2900,16600,300,4900,600,1700
136.0,14.34,168500,2410490.0,14.33,14.32,14.31,14.3,14.29,14.28,14.26,14.25,14.24,14.23,14.34,14.35,14.37,14.38,14.39,14.4,14.42,14.43,14.44,14.45,4000,4900,1200,3200,800,1800,1000,1500,5000,16200,1800,5500,2100,2800,2900,16600,300,4900,600,1700
137.0,14.34,168500,2410490.0,14.33,14.32,14.31,14.3,14.29,14.28,14.26,14.25,14.24,14.23,14.34,14.35,14.37,14.38,14.39,14.4,14.42,14.43,14.44,14.45,4000,4900,1800,3200,800,1800,1000,1500,5000,16200,1800,5200,2100,2800,2900,16600,300,4900,600,1700
138.0,14.33,168900,2416222.0,14.33,14.32,14.31,14.3,14.29,14.28,14.26,14.25,14.24,14.23,14.34,14.35,14.37,14.38,14.39,14.4,14.42,14.43,14.44,14.45,3600,4900,1800,3200,800,1800,1000,1500,5000,16200,1800,5200,2100,2800,2900,16600,300,4900,600,1700
139.0,14.34,169400,2423389.0,14.33,14.32,14.31,14.3,14.29,14.28,14.26,14.25,14.24,14.23,14.34,14.35,14.37,14.38,14.39,14.4,14.42,14.43,14.44,14.45,3300,4900,1800,3200,800,1800,1000,1500,5000,16200,1600,5200,2100,2800,2900,16600,300,4900,600,1700
140.0,14.34,169400,2423389.0,14.33,14.32,14.31,14.3,14.29,14.28,14.26,14.25,14.24,14.23,14.34,14.35,14.37,14.38,14.39,14.4,14.42,14.43,14.44,14.45,3300,4900,1800,3200,800,1800,1000,1500,5000,16200,2900,5200,2100,2800,2900,16600,300,4900,600,1700
141.0,14.34,169400,2423389.0,14.33,14.32,14.31,14.3,14.29,14.28,14.26,14.25,14.24,14.23,14.34,14.35,14.37,14.38,14.39,14.4,14.42,14.43,14.44,14.45,3300,4900,1800,3200,800,1800,1000,1500,5000,16200,3200,5700,2100,2800,2900,16600,300,4900,600,1700
142.0,14.33,169700,2427688.0,14.33,14.32,14.31,14.3,14.29,14.28,14.26,14.25,14.24,14.23,14.34,14.35,14.37,14.38,14.39,14.4,14.42,14.43,14.44,14.45,3100,4900,1800,3200,800,1800,1000,1500,5000,16200,3200,5700,2100,2800,2900,16600,300,4900,600,1700
143.0,14.33,169700,2427688.0,14.33,14.32,14.31,14.3,14.29,14.28,14.26,14.25,14.24,14.23,14.34,14.35,14.37,14.38,14.39,14.4,14.42,14.43,14.44,14.45,3100,4900,1800,3200,800,1800,1000,1500,5000,15200,3200,5700,2100,2800,2900,16600,300,4900,600,1700
144.0,14.33,169700,2427688.0,14.33,14.32,14.31,14.3,14.29,14.28,14.26,14.25,14.24,14.23,14.34,14.35,14.37,14.38,14.39,14.4,14.42,14.43,14.44,14.45,3000,4900,1800,3200,800,1800,1000,1500,5000,15200,3200,5700,2100,2800,2900,16600,300,4900,600,1700
145.0,14.34,170500,2439157.0,14.33,14.32,14.31,14.3,14.29,14.28,14.26,14.25,14.24,14.23,14.34,14.35,14.37,14.38,14.39,14.4,14.42,14.43,14.44,14.45,2700,4900,2200,3200,800,1800,1000,1500,5000,15200,2700,5700,2100,2800,2900,21600,300,4900,600,1700
146.0,14.34,172900,2473571.0,14.33,14.32,14.31,14.3,14.29,14.28,14.26,14.25,14.24,14.23,14.34,14.35,14.37,14.38,14.39,14.4,14.42,14.43,14.44,14.45,2500,4900,2200,3200,800,1800,1000,1500,5000,15200,500,5700,2100,2800,2900,21600,300,4900,600,1700
147.0,14.33,173400,2480736.0,14.33,14.32,14.31,14.3,14.29,14.28,14.26,14.25,14.24,14.23,14.34,14.35,14.37,14.38,14.39,14.4,14.42,14.43,14.44,14.45,2000,4900,2200,3200,800,1800,1000,1500,5000,15200,500,5700,2100,2800,2900,21600,300,4900,600,1700
148.0,14.33,173400,2480736.0,14.33,14.32,14.31,14.3,14.29,14.28,14.26,14.25,14.24,14.23,14.34,14.35,14.37,14.38,14.39,14.4,14.42,14.43,14.44,14.45,2000,4900,2200,3200,800,1800,1000,1500,5000,15200,500,5700,2100,2800,2900,21600,300,4900,600,1700
149.0,14.35,176000,2518036.0,14.33,14.32,14.31,14.3,14.29,14.28,14.26,14.25,14.24,14.23,14.35,14.37,14.38,14.39,14.4,14.42,14.43,14.44,14.45,14.46,1800,4900,2200,3200,800,6800,1000,1500,5000,15200,3900,2100,2800,2900,21600,300,4900,600,1700,100
150.0,14.35,176000,2518036.0,14.33,14.32,14.31,14.3,14.29,14.28,14.26,14.25,14.24,14.23,14.35,14.37,14.38,14.39,14.4,14.42,14.43,14.44,14.45,14.46,1800,4900,2200,3200,800,6800,1000,1500,5000,15200,3900,2100,2800,2900,21600,300,4900,600,1700,100
151.0,14.35,176000,2518036.0,14.33,14.32,14.31,14.3,14.29,14.28,14.26,14.25,14.24,14.23,14.34,14.35,14.37,14.38,14.39,14.4,14.42,14.43,14.44,14.45,1800,4900,2200,3200,800,6800,1000,1500,5000,15200,300,3900,2100,2800,2900,21600,300,4900,600,1700
152.0,14.33,176100,2519469.0,14.33,14.32,14.31,14.3,14.29,14.28,14.26,14.25,14.24,14.23,14.34,14.35,14.37,14.38,14.39,14.4,14.42,14.43,14.44,14.45,1700,4900,2200,3200,800,6800,1000,1500,5000,15200,300,3900,2100,2800,2900,21600,300,4900,600,1700
153.0,14.34,176300,2522336.0,14.33,14.32,14.31,14.3,14.29,14.28,14.26,14.25,14.24,14.23,14.34,14.35,14.37,14.38,14.39,14.4,14.42,14.43,14.44,14.45,1600,4900,2200,3200,800,6800,1000,1500,5000,15200,1900,4300,2100,2800,2900,21600,300,4900,600,1700
154.0,14.34,176300,2522336.0,14.33,14.32,14.31,14.3,14.29,14.28,14.26,14.25,14.24,14.23,14.34,14.35,14.37,14.38,14.39,14.4,14.42,14.43,14.44,14.45,1600,4900,2200,3200,800,6800,1000,1500,5000,15200,1900,4300,2100,2800,2900,21600,300,4900,600,1700
155.0,14.34,177700,2542400.0,14.33,14.32,14.31,14.3,14.29,14.28,14.26,14.25,14.24,14.23,14.34,14.35,14.37,14.38,14.39,14.4,14.42,14.43,14.44,14.45,400,4900,2200,3200,800,6800,1000,1500,5000,15200,1900,5500,2100,2800,2900,21600,300,4900,1600,1700
156.0,14.34,178100,2548136.0,14.33,14.32,14.31,14.3,14.29,14.28,14.26,14.25,14.24,14.23,14.34,14.35,14.37,14.38,14.39,14.4,14.42,14.43,14.44,14.45,400,4900,2200,3200,800,6800,1000,1500,5000,15200,2000,5500,2100,2800,2900,21600,300,4900,1600,1700
157.0,14.34,179200,2563910.0,14.33,14.32,14.31,14.3,14.29,14.28,14.26,14.25,14.24,14.23,14.34,14.35,14.37,14.38,14.39,14.4,14.42,14.43,14.44,14.45,400,4900,2200,3200,800,6800,1000,1500,5000,15200,900,5500,2100,2800,2900,21600,300,4900,1600,1700
158.0,14.33,180300,2579673.0,14.32,14.31,14.3,14.29,14.28,14.26,14.25,14.24,14.23,14.22,14.33,14.34,14.35,14.37,14.38,14.39,14.4,14.42,14.43,14.44,4900,2200,3200,800,6800,1000,1500,5000,15200,6500,2900,900,5500,2100,2800,2900,21600,300,4900,1600
159.0,14.33,181300,2593999.0,14.32,14.31,14.3,14.29,14.28,14.26,14.25,14.24,14.23,14.22,14.33,14.34,14.35,14.37,14.38,14.39,14.4,14.42,14.43,14.44,4500,2200,3200,800,6800,1000,1500,5000,16200,6500,2300,900,5500,2100,2800,2900,21600,300,4900,1600
160.0,14.33,181900,2602593.0,14.32,14.31,14.3,14.29,14.28,14.26,14.25,14.24,14.23,14.22,14.33,14.34,14.35,14.37,14.38,14.39,14.4,14.42,14.43,14.44,4100,2200,3200,800,6800,1000,1500,5000,16200,6500,2100,900,5500,2100,2800,2900,21600,300,4900,1600
161.0,14.33,184000,2632686.0,14.32,14.31,14.3,14.29,14.28,14.26,14.25,14.24,14.23,14.22,14.34,14.35,14.37,14.38,14.39,14.4,14.42,14.43,14.44,14.45,1100,2200,3200,800,6800,1000,1500,5000,16200,6500,8600,5000,2100,2800,2900,21600,300,4900,1600,1700
162.0,14.32,184100,2634118.0,14.32,14.31,14.3,14.29,14.28,14.26,14.25,14.24,14.23,14.22,14.34,14.35,14.37,14.38,14.39,14.4,14.42,14.43,14.44,14.45,800,2200,3200,800,6800,1000,1500,5000,16200,6500,8600,5000,2100,2800,2900,21600,300,4900,1600,1700
163.0,14.32,184100,2634118.0,14.32,14.31,14.3,14.29,14.28,14.26,14.25,14.24,14.23,14.22,14.34,14.35,14.37,14.38,14.39,14.4,14.42,14.43,14.44,14.45,800,2000,3200,800,6800,1000,1500,5000,16200,6500,8600,5000,2100,2800,2900,21600,300,4900,1600,1700
164.0,14.34,185600,2655628.0,14.32,14.31,14.3,14.29,14.28,14.26,14.25,14.24,14.23,14.22,14.34,14.35,14.37,14.38,14.39,14.4,14.42,14.43,14.44,14.45,800,2000,3200,800,6800,1000,1500,5000,16200,6500,7100,5000,2100,2800,3500,21600,300,4900,1600,1700
165.0,14.34,185600,2655628.0,14.32,14.31,14.3,14.29,14.28,14.26,14.25,14.24,14.23,14.22,14.34,14.35,14.37,14.38,14.39,14.4,14.42,14.43,14.44,14.45,800,2000,3200,800,6800,1000,1500,5000,16200,6500,7100,5000,2100,2800,3500,21600,300,4900,1600,1700
166.0,14.34,185600,2655628.0,14.32,14.31,14.3,14.29,14.28,14.26,14.25,14.24,14.23,14.22,14.34,14.35,14.37,14.38,14.39,14.4,14.42,14.43,14.44,14.45,800,2000,3200,800,6800,1000,1500,5000,16200,6500,7100,5000,2100,2800,3500,21600,300,4900,1600,1700
167.0,14.34,189800,2715856.0,14.33,14.32,14.31,14.3,14.29,14.28,14.26,14.25,14.24,14.23,14.34,14.35,14.37,14.38,14.39,14.4,14.42,14.43,14.44,14.45,2900,800,2000,3200,800,6800,1000,1500,5000,16200,2900,5000,2100,2800,3500,21600,300,5900,1600,1700
168.0,14.34,191200,2735932.0,14.33,14.32,14.31,14.3,14.29,14.28,14.26,14.25,14.24,14.23,14.34,14.35,14.37,14.38,14.39,14.4,14.42,14.43,14.44,14.45,3300,800,2000,3200,800,6800,1000,1500,5000,16200,1500,5000,2100,2800,3500,21600,300,5900,1600,1700
169.0,14.34,191200,2735932.0,14.33,14.32,14.31,14.3,14.29,14.28,14.26,14.25,14.24,14.23,14.34,14.35,14.37,14.38,14.39,14.4,14.42,14.43,14.44,14.45,3300,800,2000,3200,800,6800,1000,1500,5000,16200,1500,5000,2100,2800,3500,21600,300,5900,1600,1700
170.0,14.34,193400,2767471.0,14.33,14.32,14.31,14.3,14.29,14.28,14.26,14.25,14.24,14.23,14.34,14.35,14.37,14.38,14.39,14.4,14.42,14.43,14.44,14.45,2400,800,2000,3200,800,6800,1000,1500,5000,16200,200,5000,2100,2800,3500,21600,300,5900,1600,1700
171.0,14.34,193400,2767471.0,14.33,14.32,14.31,14.3,14.29,14.28,14.26,14.25,14.24,14.23,14.34,14.35,14.37,14.38,14.39,14.4,14.42,14.43,14.44,14.45,2400,800,2000,3200,800,6800,1000,1500,5000,16200,200,5000,2100,2800,3500,21600,300,5900,1600,1700
172.0,14.34,193400,2767471.0,14.33,14.32,14.31,14.3,14.29,14.28,14.26,14.25,14.24,14.23,14.34,14.35,14.37,14.38,14.39,14.4,14.42,14.43,14.44,14.45,2400,800,2000,3200,800,6800,1000,1500,5000,16200,200,5000,2100,2800,3500,21600,300,5900,1600,1700
173.0,14.34,193800,2773205.0,14.33,14.32,14.31,14.3,14.29,14.28,14.26,14.25,14.24,14.23,14.35,14.37,14.38,14.39,14.4,14.42,14.43,14.44,14.45,14.46,2200,800,2000,3200,800,6800,1000,1500,5000,16200,5400,2100,2800,3500,21600,300,5900,1600,1700,100
174.0,14.35,197300,2823430.0,14.33,14.32,14.31,14.3,14.29,14.28,14.26,14.25,14.24,14.23,14.35,14.37,14.38,14.39,14.4,14.42,14.43,14.44,14.45,14.46,2200,800,2000,3200,800,6800,1000,1500,5000,16200,1900,2100,2800,3500,21600,300,5900,1600,1700,100
175.0,14.35,197400,2824865.0,14.33,14.32,14.31,14.3,14.29,14.28,14.26,14.25,14.24,14.23,14.35,14.37,14.38,14.39,14.4,14.42,14.43,14.44,14.45,14.46,2200,800,2000,3200,800,6800,1000,1500,5000,16200,2000,2100,2800,3500,21600,300,5900,1600,1700,100
176.0,14.35,197900,2832036.0,14.33,14.32,14.31,14.3,14.29,14.28,14.26,14.25,14.24,14.23,14.35,14.37,14.38,14.39,14.4,14.42,14.43,14.44,14.45,14.46,2000,800,2000,3200,800,6800,1000,1500,5000,16200,1700,2100,2800,3500,21600,300,5900,1600,1700,100
177.0,14.35,198000,2833471.0,14.33,14.32,14.31,14.3,14.29,14.28,14.26,14.25,14.24,14.23,14.35,14.37,14.38,14.39,14.4,14.42,14.43,14.44,14.45,14.46,2000,800,2000,3200,800,6800,1000,1500,5000,16200,2800,2100,2800,3500,21600,300,5900,1600,1700,100
178.0,14.35,198100,2834906.0,14.33,14.32,14.31,14.3,14.29,14.28,14.26,14.25,14.24,14.23,14.34,14.35,14.37,14.38,14.39,14.4,14.42,14.43,14.44,14.45,2000,800,2000,3200,800,6800,1000,1500,5000,16200,800,2700,2100,2800,3500,21600,300,5900,1600,1700
179.0,14.35,198100,2834906.0,14.33,14.32,14.31,14.3,14.29,14.28,14.26,14.25,14.24,14.23,14.34,14.35,14.37,14.38,14.39,14.4,14.42,14.43,14.44,14.45,2000,800,2000,3200,800,6800,1000,1500,5000,16200,800,2700,2100,2800,3500,21600,300,5900,1600,1700
180.0,14.34,198400,2839206.0,14.33,14.32,14.31,14.3,14.29,14.28,14.26,14.25,14.24,14.23,14.34,14.35,14.37,14.38,14.39,14.4,14.42,14.43,14.44,14.45,1800,800,2000,3200,800,6800,1000,1500,5000,16200,700,2700,2100,2800,3500,21600,300,5900,1600,1700
181.0,14.33,198500,2840639.0,14.33,14.32,14.31,14.3,14.29,14.28,14.26,14.25,14.24,14.23,14.34,14.35,14.37,14.38,14.39,14.4,14.42,14.43,14.44,14.45,1700,800,2000,3200,800,6800,1000,1500,5000,16200,700,3200,2100,2800,3500,21600,300,5900,1600,1700
182.0,14.33,198900,2846372.0,14.33,14.32,14.31,14.3,14.29,14.28,14.26,14.25,14.24,14.23,14.34,14.35,14.37,14.38,14.39,14.4,14.42,14.43,14.44,14.45,1400,800,2000,3200,800,6800,1000,1500,5000,16200,600,3200,2100,2800,3500,21600,300,5900,1600,1700
183.0,14.33,198900,2846372.0,14.33,14.32,14.31,14.3,14.29,14.28,14.26,14.25,14.24,14.23,14.34,14.35,14.37,14.38,14.39,14.4,14.42,14.43,14.44,14.45,1400,800,2000,3200,800,6800,1000,1500,5000,16200,600,3200,2100,2800,3500,21600,300,5900,1600,1700
184.0,14.33,199000,2847805.0,14.33,14.32,14.31,14.3,14.29,14.28,14.26,14.25,14.24,14.23,14.34,14.35,14.37,14.38,14.39,14.4,14.42,14.43,14.44,14.45,1300,800,2000,3200,800,6800,1000,1500,5000,16200,1600,3300,2100,2800,3500,21600,300,5900,1600,2300
185.0,14.33,199000,2847805.0,14.33,14.32,14.31,14.3,14.29,14.28,14.26,14.25,14.24,14.23,14.34,14.35,14.37,14.38,14.39,14.4,14.42,14.43,14.44,14.45,1300,800,2000,3200,800,6800,1000,1500,5000,16200,1600,3300,2100,2800,3500,21600,300,5900,1600,2300
186.0,14.34,199800,2859277.0,14.33,14.32,14.31,14.3,14.29,14.28,14.26,14.25,14.24,14.23,14.34,14.35,14.37,14.38,14.39,14.4,14.42,14.43,14.44,14.45,1300,800,2000,3200,800,6800,1000,1500,5000,16200,800,3300,2100,2800,3500,21600,300,5900,1600,2300
187.0,14.33,199900,2860710.0,14.33,14.32,14.31,14.3,14.29,14.28,14.26,14.25,14.24,14.23,14.34,14.35,14.37,14.38,14.39,14.4,14.42,14.43,14.44,14.45,1200,800,2000,3200,800,6800,1000,1500,5000,16200,1800,3200,2100,2800,3500,21600,300,5900,1600,2300
188.0,14.33,199900,2860710.0,14.33,14.32,14.31,14.3,14.29,14.28,14.26,14.25,14.24,14.23,14.34,14.35,14.37,14.38,14.39,14.4,14.42,14.43,14.44,14.45,1200,800,2000,3200,800,6800,1000,1500,5000,16200,1800,3200,2100,2800,4500,21600,300,5900,1600,2300
189.0,14.34,201500,2883653.0,14.33,14.32,14.31,14.3,14.29,14.28,14.26,14.25,14.24,14.23,14.34,14.35,14.37,14.38,14.39,14.4,14.42,14.43,14.44,14.45,1100,800,2000,3200,800,6800,1000,1500,5000,16200,800,3200,2100,2800,4500,21600,300,5900,1600,2300
190.0,14.35,202500,2897995.0,14.33,14.32,14.31,14.3,14.29,14.28,14.26,14.25,14.24,14.23,14.35,14.36,14.37,14.38,14.39,14.4,14.42,14.43,14.44,14.45,1100,800,2000,3200,800,6800,1000,1500,5000,16200,3300,500,2100,2800,4500,21600,300,5900,1600,2300
191.0,14.33,202600,2899428.0,14.33,14.32,14.31,14.3,14.29,14.28,14.26,14.25,14.24,14.23,14.35,14.36,14.37,14.38,14.39,14.4,14.42,14.43,14.44,14.45,1000,800,2000,3200,800,6800,1000,1500,5000,16200,3300,500,2100,2800,4500,21600,300,5900,1600,2300
192.0,14.33,203600,2913758.0,14.32,14.31,14.3,14.29,14.28,14.26,14.25,14.24,14.23,14.22,14.33,14.35,14.36,14.37,14.38,14.39,14.4,14.42,14.43,14.44,800,2000,3200,800,6800,1000,2500,5000,15200,6500,400,3300,500,2100,2800,4500,21600,300,5900,1600
193.0,14.35,204700,2929534.0,14.32,14.31,14.3,14.29,14.28,14.26,14.25,14.24,14.23,14.22,14.35,14.36,14.37,14.38,14.39,14.4,14.42,14.43,14.44,14.45,800,2000,3200,800,6800,1000,2500,5000,15200,6500,5200,600,2100,2800,4500,21600,300,5900,1600,2300
194.0,14.32,204800,2930966.0,14.32,14.31,14.3,14.29,14.28,14.26,14.25,14.24,14.23,14.22,14.35,14.36,14.37,14.38,14.39,14.4,14.42,14.43,14.44,14.45,1200,2000,3200,800,6800,1000,2500,5000,15200,6500,5700,600,2100,2800,4500,21600,300,5900,1600,2300
195.0,14.32,204900,2932398.0,14.32,14.31,14.3,14.29,14.28,14.26,14.25,14.24,14.23,14.22,14.35,14.36,14.37,14.38,14.39,14.4,14.42,14.43,14.44,14.45,1100,2000,3200,800,6800,1000,2500,5000,15200,6500,5700,600,2100,2800,4500,21600,300,5900,1600,2300
196.0,14.35,206000,2948180.0,14.32,14.31,14.3,14.29,14.28,14.26,14.25,14.24,14.23,14.22,14.33,14.35,14.36,14.37,14.38,14.39,14.4,14.42,14.43,14.44,1200,2000,3200,800,6800,1000,2500,5000,15200,6500,100,4100,600,2100,2800,4500,21600,300,5900,1600
197.0,14.33,206100,2949613.0,14.33,14.32,14.31,14.3,14.29,14.28,14.26,14.25,14.24,14.23,14.35,14.36,14.37,14.38,14.39,14.4,14.42,14.43,14.44,14.45,6900,1200,2000,3200,800,6800,1000,2500,5000,15200,4100,600,2100,2800,4500,21600,300,5900,1600,2300
198.0,14.33,206700,2958211.0,14.33,14.32,14.31,14.3,14.29,14.28,14.26,14.25,14.24,14.23,14.35,14.36,14.37,14.38,14.39,14.4,14.42,14.43,14.44,14.45,6300,1200,2000,3200,800,6800,1000,2500,5000,15200,4100,5600,2100,2800,4500,21600,300,5900,1600,2300
199.0,14.33,206700,2958211.0,14.33,14.32,14.31,14.3,14.29,14.28,14.26,14.25,14.24,14.23,14.35,14.36,14.37,14.38,14.39,14.4,14.42,14.43,14.44,14.45,6300,1200,2000,3200,800,6800,1000,2500,5000,15200,5300,5600,2100,2800,4500,21600,300,5900,1600,2300
200.0,14.35,208500,2984041.0,14.33,14.32,14.31,14.3,14.29,14.28,14.26,14.25,14.24,14.23,14.35,14.36,14.37,14.38,14.39,14.4,14.42,14.43,14.44,14.45,6300,1200,2000,3200,800,6800,1000,2500,5000,15200,4500,5600,2100,2800,4500,21600,300,5900,1600,2300
201.0,14.35,208600,2985476.0,14.33,14.32,14.31,14.3,14.29,14.28,14.26,14.25,14.24,14.23,14.35,14.36,14.37,14.38,14.39,14.4,14.42,14.43,14.44,14.45,6300,1200,2000,3200,800,6800,1000,2500,5000,15200,4900,5600,2100,2800,4500,21600,300,5900,1600,2300
202.0,14.33,209400,2996940.0,14.33,14.32,14.31,14.3,14.29,14.28,14.26,14.25,14.24,14.23,14.35,14.36,14.37,14.38,14.39,14.4,14.42,14.43,14.44,14.45,5500,1200,2000,3200,800,6800,1000,2500,5000,15200,4900,5600,2100,2800,7500,21600,300,5900,1600,2300
203.0,14.35,209500,2998375.0,14.33,14.32,14.31,14.3,14.29,14.28,14.26,14.25,14.24,14.23,14.35,14.36,14.37,14.38,14.39,14.4,14.42,14.43,14.44,14.45,5500,1200,2000,3200,800,6800,1000,2500,5000,15200,4800,6600,2100,2800,7500,21600,300,5900,1600,2300
204.0,14.33,210100,3006975.0,14.33,14.32,14.31,14.3,14.29,14.28,14.26,14.25,14.24,14.23,14.35,14.36,14.37,14.38,14.39,14.4,14.42,14.43,14.44,14.45,5000,1200,2000,3200,800,6800,1000,2500,5000,15200,4900,6600,2100,2800,10600,21600,300,5900,1600,2300
205.0,14.33,210600,3014140.0,14.33,14.32,14.31,14.3,14.29,14.28,14.26,14.25,14.24,14.23,14.35,14.36,14.37,14.38,14.39,14.4,14.42,14.43,14.44,14.45,4500,1200,2000,3200,800,6800,1000,2500,5000,15200,4900,6600,2100,2800,10600,21600,300,5900,1600,2300
206.0,14.33,211500,3027037.0,14.33,14.32,14.31,14.3,14.29,14.28,14.26,14.25,14.24,14.23,14.35,14.36,14.37,14.38,14.39,14.4,14.42,14.43,14.44,14.45,3600,1200,2000,3200,800,6800,1000,2500,5000,15200,5400,6600,2100,2800,10600,21600,300,5900,1600,2300
207.0,14.33,211500,3027037.0,14.33,14.32,14.31,14.3,14.29,14.28,14.26,14.25,14.24,14.23,14.35,14.36,14.37,14.38,14.39,14.4,14.42,14.43,14.44,14.45,3600,1200,2000,3200,800,6800,1000,2500,5000,15200,5400,6600,2100,2800,10600,21600,300,5900,1600,2300
208.0,14.33,211500,3027037.0,14.33,14.32,14.31,14.3,14.29,14.28,14.26,14.25,14.24,14.23,14.35,14.36,14.37,14.38,14.39,14.4,14.42,14.43,14.44,14.45,3600,1200,2000,3200,800,6800,1000,2500,5000,15200,5400,6600,2100,2800,10600,21600,300,5900,1600,2300
209.0,14.33,211800,3031336.0,14.33,14.32,14.31,14.3,14.29,14.28,14.26,14.25,14.24,14.23,14.35,14.36,14.37,14.38,14.39,14.4,14.42,14.43,14.44,14.45,3300,1200,2000,3200,800,6800,1000,2500,5000,15200,5400,6600,2100,2800,10600,21600,300,5900,1600,2300
210.0,14.33,211800,3031336.0,14.33,14.32,14.31,14.3,14.29,14.28,14.26,14.25,14.24,14.23,14.35,14.36,14.37,14.38,14.39,14.4,14.42,14.43,14.44,14.45,3300,1200,2000,3200,800,6800,1000,2500,5000,15200,5400,6600,2100,2800,10600,21600,300,5900,1600,2300
211.0,14.33,212100,3035635.0,14.33,14.32,14.31,14.3,14.29,14.28,14.26,14.25,14.24,14.23,14.35,14.36,14.37,14.38,14.39,14.4,14.42,14.43,14.44,14.45,3000,1200,2000,3200,800,6800,1000,2500,5000,15200,5700,1600,2100,2800,10600,21600,300,5900,1600,2300
212.0,14.33,212400,3039934.0,14.33,14.32,14.31,14.3,14.29,14.28,14.26,14.25,14.24,14.23,14.35,14.36,14.37,14.38,14.39,14.4,14.42,14.43,14.44,14.45,2700,1200,2000,3200,800,6800,1000,2500,5000,15200,5700,1600,2100,2800,10600,21600,300,5900,1600,2300
213.0,14.33,212400,3039934.0,14.33,14.32,14.31,14.3,14.29,14.28,14.26,14.25,14.24,14.23,14.35,14.36,14.37,14.38,14.39,14.4,14.42,14.43,14.44,14.45,2700,1200,2000,3200,800,6800,1000,2500,5000,15200,5700,1600,2100,2800,10600,21600,300,5900,1600,2300
214.0,14.33,212400,3039934.0,14.33,14.32,14.31,14.3,14.29,14.28,14.26,14.25,14.24,14.23,14.35,14.36,14.37,14.38,14.39,14.4,14.42,14.43,14.44,14.45,2700,1200,2000,3200,800,6800,1000,2500,5000,15200,5700,1600,2100,2800,10600,21600,300,5900,1600,2300
215.0,14.33,212600,3042800.0,14.33,14.32,14.31,14.3,14.29,14.28,14.26,14.25,14.24,14.23,14.35,14.36,14.37,14.38,14.39,14.4,14.42,14.43,14.44,14.45,2500,1200,2000,3200,800,6800,1000,2500,5800,15200,5800,2600,2100,2800,10600,21600,300,5900,1600,2300
216.0,14.33,212600,3042800.0,14.33,14.32,14.31,14.3,14.29,14.28,14.26,14.25,14.24,14.23,14.35,14.36,14.37,14.38,14.39,14.4,14.42,14.43,14.44,14.45,2500,1200,2000,3200,800,6800,1000,2500,5800,15200,5800,2600,2100,2800,10600,21600,300,5900,1600,2300
217.0,14.33,213100,3049965.0,14.33,14.32,14.31,14.3,14.29,14.28,14.26,14.25,14.24,14.23,14.35,14.36,14.37,14.38,14.39,14.4,14.42,14.43,14.44,14.45,2000,1200,2000,3200,800,6800,1000,2500,5800,15200,5800,2600,2100,2800,10600,21600,300,5900,1600,2300
218.0,14.35,214300,3067185.0,14.33,14.32,14.31,14.3,14.29,14.28,14.26,14.25,14.24,14.23,14.35,14.36,14.37,14.38,14.39,14.4,14.42,14.43,14.44,14.45,2000,1200,2000,3200,800,6800,1000,2500,5800,15200,4600,2600,2100,2800,10600,21600,300,5900,1600,2300
219.0,14.33,215000,3077222.0,14.33,14.32,14.31,14.3,14.29,14.28,14.26,14.25,14.24,14.23,14.35,14.36,14.37,14.38,14.39,14.4,14.42,14.43,14.44,14.45,1600,1200,2000,3200,800,6800,1000,2500,5800,15200,4300,2600,2100,2800,10600,21600,300,5900,1600,2300
220.0,14.33,215200,3080088.0,14.34,14.33,14.32,14.31,14.3,14.29,14.28,14.26,14.25,14.24,14.35,14.36,14.37,14.38,14.39,14.4,14.42,14.43,14.44,14.45,300,1400,1200,2000,3200,800,6800,1000,2500,5800,4100,2600,2100,2800,10600,21600,300,5900,1600,2300
221.0,14.33,220300,3153174.0,14.34,14.32,14.31,14.3,14.29,14.28,14.26,14.25,14.24,14.23,14.35,14.36,14.37,14.38,14.39,14.4,14.42,14.43,14.44,14.45,400,1200,2000,3200,800,6800,1000,2500,5800,15200,5900,2600,2100,3000,10600,21600,300,5900,1600,2300
222.0,14.33,220300,3153174.0,14.34,14.32,14.31,14.3,14.29,14.28,14.26,14.25,14.24,14.23,14.35,14.36,14.37,14.38,14.39,14.4,14.42,14.43,14.44,14.45,400,1200,2000,3200,800,6800,1000,2500,5800,15200,5900,2600,2100,3000,10600,21600,300,5900,1600,2300
223.0,14.33,220300,3153174.0,14.34,14.32,14.31,14.3,14.29,14.28,14.26,14.25,14.24,14.23,14.35,14.36,14.37,14.38,14.39,14.4,14.42,14.43,14.44,14.45,400,1200,2000,3200,800,6800,1000,2500,5800,15200,5900,2600,2100,4600,10600,21600,300,5900,1600,2300
224.0,14.34,220500,3156042.0,14.34,14.32,14.31,14.3,14.29,14.28,14.26,14.25,14.24,14.23,14.35,14.36,14.37,14.38,14.39,14.4,14.42,14.43,14.44,14.45,200,1200,2000,3200,800,6800,1000,2500,5800,15200,5900,2600,2100,4600,11700,21600,300,5900,1600,2300
225.0,14.34,220800,3160345.0,14.32,14.31,14.3,14.29,14.28,14.26,14.25,14.24,14.23,14.22,14.35,14.36,14.37,14.38,14.39,14.4,14.42,14.43,14.44,14.45,1200,2000,3200,800,6800,1000,2500,5800,15200,6500,5800,2600,2100,4600,11700,21600,300,5900,1600,2300
226.0,14.32,220900,3161777.0,14.32,14.31,14.3,14.29,14.28,14.26,14.25,14.24,14.23,14.22,14.35,14.36,14.37,14.38,14.39,14.4,14.42,14.43,14.44,14.45,1600,2000,3200,800,6800,1000,2500,5800,15200,6500,6300,3300,2100,4600,11700,21600,300,5900,1600,2300
227.0,14.32,220900,3161777.0,14.33,14.32,14.31,14.3,14.29,14.28,14.26,14.25,14.24,14.23,14.34,14.35,14.36,14.37,14.38,14.39,14.4,14.42,14.43,14.44,1200,1600,2000,3200,800,6800,1000,2500,5800,15200,400,6300,3300,2100,4600,11700,21600,300,5900,1600
228.0,14.33,221000,3163210.0,14.33,14.32,14.31,14.3,14.29,14.28,14.26,14.25,14.24,14.23,14.34,14.35,14.36,14.37,14.38,14.39,14.4,14.42,14.43,14.44,1100,1600,2000,3200,800,6800,1000,3000,5800,15200,1200,6300,3300,2100,4600,11700,21600,300,5900,1600
229.0,14.35,227600,3257904.0,14.33,14.32,14.31,14.3,14.29,14.28,14.26,14.25,14.24,14.23,14.35,14.36,14.37,14.38,14.39,14.4,14.42,14.43,14.44,14.45,900,1600,2000,3200,800,6800,1000,3000,5800,15200,1100,2900,2100,4600,11700,21600,300,5900,1600,2300
230.0,14.35,227800,3260774.0,14.33,14.32,14.31,14.3,14.29,14.28,14.26,14.25,14.24,14.23,14.35,14.36,14.37,14.38,14.39,14.4,14.42,14.43,14.44,14.45,900,1600,2000,3200,800,6800,1000,3000,5800,15200,900,2900,2100,4600,11700,21600,300,5900,1600,2300
231.0,14.35,227800,3260774.0,14.33,14.32,14.31,14.3,14.29,14.28,14.26,14.25,14.24,14.23,14.35,14.36,14.37,14.38,14.39,14.4,14.42,14.43,14.44,14.45,900,1600,2000,3200,800,6800,1000,3000,5800,15200,900,2900,2100,4600,11700,21600,300,5900,1600,2300
232.0,14.35,227800,3260774.0,14.33,14.32,14.31,14.3,14.29,14.28,14.26,14.25,14.24,14.23,14.35,14.36,14.37,14.38,14.39,14.4,14.42,14.43,14.44,14.45,900,1600,2000,3200,800,6800,1000,3000,5800,15200,900,2900,2100,4600,11700,21600,300,5900,1600,2300
233.0,14.36,228900,3276561.0,14.33,14.32,14.31,14.3,14.29,14.28,14.26,14.25,14.24,14.23,14.36,14.37,14.38,14.39,14.4,14.42,14.43,14.44,14.45,14.46,900,1600,2000,3200,800,6800,1000,3000,5800,15200,2700,2100,4600,11700,21600,300,5900,1600,2300,400
234.0,14.36,228900,3276561.0,14.33,14.32,14.31,14.3,14.29,14.28,14.26,14.25,14.24,14.23,14.36,14.37,14.38,14.39,14.4,14.42,14.43,14.44,14.45,14.46,1100,1600,2000,3200,800,6800,1000,3000,5800,15200,2900,2100,4600,11700,21600,300,5900,1600,2300,400
235.0,14.36,229200,3280866.0,14.33,14.32,14.31,14.3,14.29,14.28,14.26,14.25,14.24,14.23,14.36,14.37,14.38,14.39,14.4,14.42,14.43,14.44,14.45,14.46,1700,1600,2000,3200,800,6800,1000,3000,5800,15200,2900,2100,4600,11700,21600,300,5900,1600,2300,400
236.0,14.36,229800,3289482.0,14.33,14.32,14.31,14.3,14.29,14.28,14.26,14.25,14.24,14.23,14.36,14.37,14.38,14.39,14.4,14.42,14.43,14.44,14.45,14.46,1800,1600,2000,3200,800,6800,1000,3000,5800,15200,2400,2100,4600,11700,21600,300,5900,1600,2300,400
237.0,14.36,229800,3289482.0,14.33,14.32,14.31,14.3,14.29,14.28,14.26,14.25,14.24,14.23,14.36,14.37,14.38,14.39,14.4,14.42,14.43,14.44,14.45,14.46,2000,1600,2000,3200,800,6800,1000,3000,5800,15200,2600,2100,4600,11700,21600,300,5900,1600,2300,400
238.0,14.36,230100,3293784.0,14.33,14.32,14.31,14.3,14.29,14.28,14.26,14.25,14.24,14.23,14.36,14.37,14.38,14.39,14.4,14.42,14.43,14.44,14.45,14.46,1800,1600,2000,3200,5800,6800,1000,3000,5800,15200,2500,2100,4600,11700,21600,300,5900,1600,2300,400
239.0,14.36,232200,3323940.0,14.33,14.32,14.31,14.3,14.29,14.28,14.26,14.25,14.24,14.23,14.36,14.37,14.38,14.39,14.4,14.42,14.43,14.44,14.45,14.46,1500,1600,2000,3200,5800,6800,1000,3000,5800,15200,700,2100,4600,11700,21600,300,5900,1600,2300,400
240.0,14.36,232200,3323940.0,14.33,14.32,14.31,14.3,14.29,14.28,14.26,14.25,14.24,14.23,14.36,14.37,14.38,14.39,14.4,14.42,14.43,14.44,14.45,14.46,1500,1600,2000,3200,5800,6800,1000,3000,5800,15200,700,2100,4600,11700,21600,300,5900,1600,2300,400
241.0,14.36,232700,3331108.0,14.33,14.32,14.31,14.3,14.29,14.28,14.26,14.25,14.24,14.23,14.36,14.37,14.38,14.39,14.4,14.42,14.43,14.44,14.45,14.46,1200,1600,2000,3200,5800,6800,1000,3000,5800,15200,1200,2100,4600,11700,21600,300,5900,1600,2300,400
242.0,14.36,232900,3333977.0,14.33,14.32,14.31,14.3,14.29,14.28,14.26,14.25,14.24,14.23,14.36,14.37,14.38,14.39,14.4,14.42,14.43,14.44,14.45,14.46,1300,1600,2000,3200,5800,6800,1000,3000,5800,15200,1300,2100,4600,11700,21600,300,5900,1600,2300,400
243.0,14.36,233000,3335413.0,14.35,14.33,14.32,14.31,14.3,14.29,14.28,14.26,14.25,14.24,14.36,14.37,14.38,14.39,14.4,14.42,14.43,14.44,14.45,14.46,2000,1400,1600,2000,3200,5800,6800,1000,3000,5800,2600,2100,4600,11700,21600,300,5900,1600,2300,400
244.0,14.36,233000,3335413.0,14.35,14.33,14.32,14.31,14.3,14.29,14.28,14.26,14.25,14.24,14.36,14.37,14.38,14.39,14.4,14.42,14.43,14.44,14.45,14.46,2000,1400,1600,2000,3200,5800,6800,1000,3000,5800,2600,2100,4600,11700,21600,300,5900,1600,2300,400
245.0,14.36,233400,3341155.0,14.35,14.33,14.32,14.31,14.3,14.29,14.28,14.26,14.25,14.24,14.36,14.37,14.38,14.39,14.4,14.42,14.43,14.44,14.45,14.46,1800,1400,1600,2000,3200,5800,6800,1000,3000,5800,2400,2100,4600,11700,21600,300,5900,1600,2300,400
246.0,14.36,233400,3341155.0,14.35,14.33,14.32,14.31,14.3,14.29,14.28,14.26,14.25,14.24,14.36,14.37,14.38,14.39,14.4,14.42,14.43,14.44,14.45,14.46,1800,1400,1600,2000,3200,5800,6800,1000,3000,5800,3300,2100,4600,11700,21600,300,5900,1600,2300,400
247.0,14.36,233500,3342591.0,14.35,14.33,14.32,14.31,14.3,14.29,14.28,14.26,14.25,14.24,14.36,14.37,14.38,14.39,14.4,14.42,14.43,14.44,14.45,14.46,1800,1400,1600,2000,3200,5800,6800,1000,3000,5800,3400,2100,4600,11700,21600,300,5900,1600,2300,400
248.0,14.35,233600,3344026.0,14.35,14.33,14.32,14.31,14.3,14.29,14.28,14.26,14.25,14.24,14.36,14.37,14.38,14.39,14.4,14.42,14.43,14.44,14.45,14.46,1700,1400,1600,2000,3200,5800,6800,1000,3000,5800,3400,2100,4600,11700,21600,300,5900,1600,2300,400
249.0,14.35,233700,3345461.0,14.35,14.33,14.32,14.31,14.3,14.29,14.28,14.26,14.25,14.24,14.36,14.37,14.38,14.39,14.4,14.42,14.43,14.44,14.45,14.46,1600,1400,1600,2000,3200,5800,6800,1000,3000,5800,3400,2100,4600,11700,21600,300,5900,1600,2300,400
250.0,14.35,233700,3345461.0,14.35,14.33,14.32,14.31,14.3,14.29,14.28,14.26,14.25,14.24,14.36,14.37,14.38,14.39,14.4,14.42,14.43,14.44,14.45,14.46,1900,1400,1600,2000,3200,5800,6800,1000,3000,5800,8400,2100,4600,11700,21600,300,5900,1600,2300,400
251.0,14.35,233700,3345461.0,14.35,14.33,14.32,14.31,14.3,14.29,14.28,14.26,14.25,14.24,14.36,14.37,14.38,14.39,14.4,14.42,14.43,14.44,14.45,14.46,1900,1400,1600,2000,3200,5800,6800,1000,3000,5800,8700,2100,4600,11700,21600,300,5900,1600,2300,400
252.0,14.35,234100,3351201.0,14.35,14.33,14.32,14.31,14.3,14.29,14.28,14.26,14.25,14.24,14.36,14.37,14.38,14.39,14.4,14.42,14.43,14.44,14.45,14.46,1500,1400,1600,1600,3200,5800,6800,1000,3000,5800,8700,2100,4600,11700,21600,300,5900,1600,2300,400
253.0,14.35,234100,3351201.0,14.35,14.33,14.32,14.31,14.3,14.29,14.28,14.26,14.25,14.24,14.36,14.37,14.38,14.39,14.4,14.42,14.43,14.44,14.45,14.46,1500,1400,1600,1600,3200,5800,6800,1000,3000,5800,8700,2100,4600,11700,21600,300,5900,1600,2300,400
254.0,14.35,235600,3372726.0,14.33,14.32,14.31,14.3,14.29,14.28,14.26,14.25,14.24,14.23,14.36,14.37,14.38,14.39,14.4,14.42,14.43,14.44,14.45,14.46,1400,1600,1600,3200,5800,6800,1000,3000,5800,14400,8700,2100,4600,11700,21600,300,5900,1600,2300,400
255.0,14.33,235700,3374159.0,14.33,14.32,14.31,14.3,14.29,14.28,14.26,14.25,14.24,14.23,14.36,14.37,14.38,14.39,14.4,14.42,14.43,14.44,14.45,14.46,2000,1600,1600,3200,5800,6800,1000,3000,5800,14400,9400,2100,4600,11700,21600,300,5900,1600,2300,400
256.0,14.33,235900,3377025.0,14.33,14.32,14.31,14.3,14.29,14.28,14.26,14.25,14.24,14.23,14.34,14.36,14.37,14.38,14.39,14.4,14.42,14.43,14.44,14.45,1800,1600,1600,3200,5800,6800,1000,3000,5800,14400,200,9700,2100,4600,11700,21600,300,5900,1600,2300
257.0,14.33,235900,3377025.0,14.33,14.32,14.31,14.3,14.29,14.28,14.26,14.25,14.24,14.23,14.34,14.36,14.37,14.38,14.39,14.4,14.42,14.43,14.44,14.45,1800,1600,1600,3200,5800,6800,1000,3000,5800,14400,200,9700,2100,4600,11700,21600,300,5900,1600,2300
258.0,14.33,236000,3378458.0,14.33,14.32,14.31,14.3,14.29,14.28,14.26,14.25,14.24,14.23,14.34,14.36,14.37,14.38,14.39,14.4,14.42,14.43,14.44,14.45,1700,1600,1600,3200,5800,6800,1000,3000,5800,13400,200,9700,2100,4600,11700,21600,300,5900,1600,2300
259.0,14.33,236000,3378458.0,14.33,14.32,14.31,14.3,14.29,14.28,14.26,14.25,14.24,14.23,14.34,14.36,14.37,14.38,14.39,14.4,14.42,14.43,14.44,14.45,1700,1600,1600,3200,5800,6800,1000,3000,5800,13400,200,9700,2100,4600,11700,21600,300,5900,1600,2300
260.0,14.34,236100,3379892.0,14.33,14.32,14.31,14.3,14.29,14.28,14.26,14.25,14.24,14.23,14.34,14.36,14.37,14.38,14.39,14.4,14.42,14.43,14.44,14.45,1700,1700,1600,3200,5800,6800,1000,3000,5800,13400,100,9700,2100,4600,11700,21600,300,5900,1600,2300
261.0,14.34,236100,3379892.0,14.33,14.32,14.31,14.3,14.29,14.28,14.26,14.25,14.24,14.23,14.34,14.35,14.36,14.37,14.38,14.39,14.4,14.42,14.43,14.44,1700,1700,1600,3200,5800,6800,1000,3000,5800,13400,100,200,9700,2100,4600,11700,21600,300,5900,1600
262.0,14.34,236100,3379892.0,14.33,14.32,14.31,14.3,14.29,14.28,14.26,14.25,14.24,14.23,14.34,14.35,14.36,14.37,14.38,14.39,14.4,14.42,14.43,14.44,1700,1700,1600,3200,5800,6800,1000,3000,5800,13400,100,200,9700,2600,4600,11700,21600,300,5900,1600
263.0,14.33,236200,3381325.0,14.33,14.32,14.31,14.3,14.29,14.28,14.26,14.25,14.24,14.23,14.34,14.35,14.36,14.37,14.38,14.39,14.4,14.42,14.43,14.44,1600,1700,1600,3200,5800,6800,2000,3000,5800,13400,100,200,9400,2600,4600,11700,21600,300,5900,1600
264.0,14.33,236600,3387057.0,14.33,14.32,14.31,14.3,14.29,14.28,14.26,14.25,14.24,14.23,14.34,14.35,14.36,14.37,14.38,14.39,14.4,14.42,14.43,14.44,1200,1700,1600,3200,5800,6800,2000,3000,5800,13400,100,600,9900,2600,4600,11700,21600,300,5900,1600
265.0,14.33,236600,3387057.0,14.33,14.32,14.31,14.3,14.29,14.28,14.26,14.25,14.24,14.23,14.34,14.35,14.36,14.37,14.38,14.39,14.4,14.42,14.43,14.44,1200,1700,1600,3200,5800,6800,2000,3000,5800,13400,400,600,10800,2600,4600,11700,21600,300,5900,1600
266.0,14.33,236600,3387057.0,14.33,14.32,14.31,14.3,14.29,14.28,14.26,14.25,14.24,14.23,14.34,14.35,14.36,14.37,14.38,14.39,14.4,14.42,14.43,14.44,1200,1700,1600,3200,5800,6800,2000,3000,5800,13400,400,1100,10800,2600,4600,11700,21600,300,5900,1600
267.0,14.33,236600,3387057.0,14.33,14.32,14.31,14.3,14.29,14.28,14.26,14.25,14.24,14.23,14.34,14.35,14.36,14.37,14.38,14.39,14.4,14.42,14.43,14.44,1200,1700,1600,3200,5800,6800,2000,3000,5800,13400,400,1100,10800,2600,4600,11700,21600,300,5900,1600
268.0,14.33,236700,3388490.0,14.33,14.32,14.31,14.3,14.29,14.28,14.26,14.25,14.24,14.23,14.34,14.35,14.36,14.37,14.38,14.39,14.4,14.42,14.43,14.44,1100,1700,1600,3200,5800,6800,2000,3000,5800,13400,400,1100,10800,2600,4600,11700,21600,300,5900,1600
269.0,14.33,236700,3388490.0,14.33,14.32,14.31,14.3,14.29,14.28,14.26,14.25,14.24,14.23,14.34,14.35,14.36,14.37,14.38,14.39,14.4,14.42,14.43,14.44,1100,1700,1600,3200,5800,6800,2000,3000,5800,13400,400,1100,10800,2600,4600,11700,21600,300,5900,1600
270.0,14.34,236900,3391358.0,14.33,14.32,14.31,14.3,14.29,14.28,14.26,14.25,14.24,14.23,14.34,14.35,14.36,14.37,14.38,14.39,14.4,14.42,14.43,14.44,1100,1700,1600,3200,5800,6800,2000,3000,5800,13400,200,2100,10800,2600,4600,11700,21600,300,5900,1600
271.0,14.33,237100,3394224.0,14.33,14.32,14.31,14.3,14.29,14.28,14.26,14.25,14.24,14.23,14.34,14.35,14.36,14.37,14.38,14.39,14.4,14.42,14.43,14.44,900,1700,1600,3200,5800,6800,2000,3000,5800,13400,200,2400,10800,2600,4600,11700,21600,300,5900,1600
272.0,14.33,237100,3394224.0,14.33,14.32,14.31,14.3,14.29,14.28,14.26,14.25,14.24,14.23,14.34,14.35,14.36,14.37,14.38,14.39,14.4,14.42,14.43,14.44,900,1700,1600,3200,5800,6800,2000,3000,5800,13400,200,2400,10800,2600,4600,11700,21600,300,5900,1600
273.0,14.33,237100,3394224.0,14.33,14.32,14.31,14.3,14.29,14.28,14.26,14.25,14.24,14.23,14.34,14.35,14.36,14.37,14.38,14.39,14.4,14.42,14.43,14.44,900,1700,1600,3200,5800,6800,2000,3000,5800,13400,200,2400,10800,2600,4600,11700,21600,300,5900,1600
274.0,14.33,237100,3394224.0,14.33,14.32,14.31,14.3,14.29,14.28,14.26,14.25,14.24,14.23,14.34,14.35,14.36,14.37,14.38,14.39,14.4,14.42,14.43,14.44,900,1700,1600,3200,5800,6800,2000,3000,5800,13400,200,3400,10800,2600,4600,11700,21600,300,5900,1600
275.0,14.33,237100,3394224.0,14.33,14.32,14.31,14.3,14.29,14.28,14.26,14.25,14.24,14.23,14.34,14.35,14.36,14.37,14.38,14.39,14.4,14.42,14.43,14.44,900,1700,1600,3200,5800,6800,2000,3000,5800,13400,2300,10400,10800,2600,4600,11700,21600,300,5900,1600
276.0,14.33,237200,3395657.0,14.33,14.32,14.31,14.3,14.29,14.28,14.26,14.25,14.24,14.23,14.34,14.35,14.36,14.37,14.38,14.39,14.4,14.42,14.43,14.44,800,1700,1600,3200,5800,6800,2000,3000,5800,13400,2300,10400,10800,2600,4600,11700,21600,300,5900,1600
277.0,14.33,238000,3407121.0,14.32,14.31,14.3,14.29,14.28,14.26,14.25,14.24,14.23,14.22,14.33,14.34,14.35,14.36,14.37,14.38,14.39,14.4,14.42,14.43,1700,1600,3200,5800,6800,2000,3000,5800,13400,4800,200,2400,19900,10700,2600,4600,11700,21600,300,5900
278.0,14.32,238200,3409985.0,14.32,14.31,14.3,14.29,14.28,14.26,14.25,14.24,14.23,14.22,14.33,14.34,14.35,14.36,14.37,14.38,14.39,14.4,14.42,14.43,1500,1600,3200,5800,6800,2000,3000,5800,13400,4800,200,2400,19900,10700,2600,4600,11700,21600,300,5900
279.0,14.32,238200,3409985.0,14.32,14.31,14.3,14.29,14.28,14.26,14.25,14.24,14.23,14.22,14.33,14.34,14.35,14.36,14.37,14.38,14.39,14.4,14.42,14.43,1500,1600,3200,5800,6800,2000,3000,5800,13400,4800,200,2400,19900,10700,2600,4600,11700,21600,300,5900
280.0,14.32,238200,3409985.0,14.32,14.31,14.3,14.29,14.28,14.26,14.25,14.24,14.23,14.22,14.33,14.34,14.35,14.36,14.37,14.38,14.39,14.4,14.42,14.43,1500,1600,3200,5800,6800,2000,3000,5800,13400,4800,200,2400,19900,10700,2600,4600,11700,21600,300,5900
281.0,14.32,238400,3412850.0,14.32,14.31,14.3,14.29,14.28,14.26,14.25,14.24,14.23,14.22,14.33,14.34,14.35,14.36,14.37,14.38,14.39,14.4,14.42,14.43,1400,1600,3200,5800,6800,2000,3000,5800,13400,4800,100,2400,23000,10700,2600,4600,12800,21600,300,5900
282.0,14.32,238400,3412850.0,14.32,14.31,14.3,14.29,14.28,14.26,14.25,14.24,14.23,14.22,14.33,14.34,14.35,14.36,14.37,14.38,14.39,14.4,14.42,14.43,1400,1600,3200,5800,6800,2000,3000,5800,13400,4800,100,2400,23000,10700,2600,4600,12800,21600,300,5900
283.0,14.32,238400,3412850.0,14.32,14.31,14.3,14.29,14.28,14.26,14.25,14.24,14.23,14.22,14.33,14.34,14.35,14.36,14.37,14.38,14.39,14.4,14.42,14.43,1400,1600,3200,5800,6800,2000,3000,5800,13400,4800,100,2400,23000,4500,2600,4600,12800,21600,300,5900
284.0,14.32,238400,3412850.0,14.32,14.31,14.3,14.29,14.28,14.26,14.25,14.24,14.23,14.22,14.33,14.34,14.35,14.36,14.37,14.38,14.39,14.4,14.42,14.43,1400,1600,3200,5800,6800,2000,3000,5800,13400,4800,100,2400,23000,4500,2600,4600,12800,21600,300,5900
285.0,14.32,238800,3418578.0,14.32,14.31,14.3,14.29,14.28,14.26,14.25,14.24,14.23,14.22,14.33,14.34,14.35,14.36,14.37,14.38,14.39,14.4,14.42,14.43,1000,1600,3200,5800,6800,2000,3000,5800,13400,4800,100,3100,23000,3300,2600,4600,12800,21600,300,5900
286.0,14.32,238900,3420010.0,14.32,14.31,14.3,14.29,14.28,14.26,14.25,14.24,14.23,14.22,14.33,14.34,14.35,14.36,14.37,14.38,14.39,14.4,14.42,14.43,900,1600,3200,5800,6800,2000,3000,5800,13400,4800,200,3000,23000,3300,2600,4600,12800,21600,300,5900
287.0,14.32,238900,3420010.0,14.32,14.31,14.3,14.29,14.28,14.26,14.25,14.24,14.23,14.22,14.33,14.34,14.35,14.36,14.37,14.38,14.39,14.4,14.42,14.43,900,1600,3200,5800,6800,2000,3000,5800,13400,4800,200,4200,23000,3300,2600,4600,12800,21600,300,5900
288.0,14.32,239000,3421442.0,14.32,14.31,14.3,14.29,14.28,14.26,14.25,14.24,14.23,14.22,14.33,14.34,14.35,14.36,14.37,14.38,14.39,14.4,14.42,14.43,800,600,3200,5800,6800,2000,3000,5800,13400,4800,200,4200,23000,3300,2600,4600,12800,21600,300,5900
289.0,14.32,239000,3421442.0,14.32,14.31,14.3,14.29,14.28,14.26,14.25,14.24,14.23,14.22,14.33,14.34,14.35,14.36,14.37,14.38,14.39,14.4,14.42,14.43,800,600,3200,5800,6800,2000,3000,5800,13400,4800,200,4200,23000,3300,2600,4600,12800,21600,300,5900
290.0,14.32,239000,3421442.0,14.32,14.31,14.3,14.29,14.28,14.26,14.25,14.24,14.23,14.22,14.33,14.34,14.35,14.36,14.37,14.38,14.39,14.4,14.42,14.43,800,600,3200,5800,6800,2000,3000,5800,13400,4800,200,4200,23000,3300,2600,4600,12800,21600,300,5900
291.0,14.32,239000,3421442.0,14.32,14.31,14.3,14.29,14.28,14.26,14.25,14.24,14.23,14.22,14.33,14.34,14.35,14.36,14.37,14.38,14.39,14.4,14.42,14.43,800,600,3200,5800,6800,2000,3000,5800,13400,4800,200,4200,23000,3300,2600,4600,12800,21600,300,5900
292.0,14.33,239100,3422875.0,14.32,14.31,14.3,14.29,14.28,14.26,14.25,14.24,14.23,14.22,14.33,14.34,14.35,14.36,14.37,14.38,14.39,14.4,14.42,14.43,800,600,3200,5800,6800,2000,3000,5800,13400,4800,300,4200,23000,3300,2600,4600,11700,21600,300,5900
293.0,14.33,239100,3422875.0,14.32,14.31,14.3,14.29,14.28,14.26,14.25,14.24,14.23,14.22,14.33,14.34,14.35,14.36,14.37,14.38,14.39,14.4,14.42,14.43,800,600,3200,5800,6800,2000,3000,5800,13400,4800,300,4200,23000,3300,2600,4600,11700,21600,300,5900
294.0,14.33,239100,3422875.0,14.32,14.31,14.3,14.29,14.28,14.26,14.25,14.24,14.23,14.22,14.33,14.34,14.35,14.36,14.37,14.38,14.39,14.4,14.42,14.43,800,600,3200,5800,6800,2000,3000,5800,13400,4800,300,4200,23000,3300,2600,4600,11700,21600,300,5900
295.0,14.33,239100,3422875.0,14.32,14.31,14.3,14.29,14.28,14.26,14.25,14.24,14.23,14.22,14.33,14.34,14.35,14.36,14.37,14.38,14.39,14.4,14.42,14.43,800,600,4200,5800,6800,2000,3000,5800,13400,4800,300,4200,23100,3300,2600,4600,11700,21600,300,5900
296.0,14.33,239100,3422875.0,14.32,14.31,14.3,14.29,14.28,14.26,14.25,14.24,14.23,14.22,14.33,14.34,14.35,14.36,14.37,14.38,14.39,14.4,14.42,14.43,800,600,4200,5800,6800,2000,3000,5800,13400,4800,300,4200,23100,3300,2600,4600,11700,21600,300,5900
297.0,14.33,239400,3427174.0,14.33,14.32,14.31,14.3,14.29,14.28,14.26,14.25,14.24,14.23,14.34,14.35,14.36,14.37,14.38,14.39,14.4,14.42,14.43,14.44,400,800,600,4200,5800,6800,2000,3000,5800,13400,4200,23100,3300,2600,4600,11700,21600,300,5900,1600
298.0,14.33,239400,3427174.0,14.33,14.32,14.31,14.3,14.29,14.28,14.26,14.25,14.24,14.23,14.34,14.35,14.36,14.37,14.38,14.39,14.4,14.42,14.43,14.44,400,800,600,5200,9500,6800,2000,3000,5800,13400,4200,23100,3300,2600,4600,10700,21600,300,5900,1600
299.0,14.32,245000,3507442.0,14.31,14.3,14.29,14.28,14.26,14.25,14.24,14.23,14.22,14.21,14.32,14.34,14.35,14.36,14.37,14.38,14.39,14.4,14.42,14.43,600,5200,9500,6800,2000,3000,5800,13400,4800,7000,1000,600,23100,3300,2600,4600,7600,21600,300,5900
300.0,14.32,245000,3507442.0,14.31,14.3,14.29,14.28,14.26,14.25,14.24,14.23,14.22,14.21,14.32,14.34,14.35,14.36,14.37,14.38,14.39,14.4,14.42,14.43,600,5200,9500,6800,2000,3000,5800,13400,4800,7000,1000,600,23100,3300,2600,4600,7600,21600,300,5900
301.0,14.33,246200,3524628.0,14.31,14.3,14.29,14.28,14.26,14.25,14.24,14.23,14.22,14.21,14.34,14.35,14.36,14.37,14.38,14.39,14.4,14.42,14.43,14.44,600,5200,9500,6800,2000,3000,5800,13400,4800,7000,600,23100,6700,2600,4600,7600,21600,300,5900,1600
302.0,14.34,247900,3548993.0,14.31,14.3,14.29,14.28,14.26,14.25,14.24,14.23,14.22,14.21,14.34,14.35,14.36,14.37,14.38,14.39,14.4,14.42,14.43,14.44,900,5200,9500,6800,2000,3000,5800,13400,4800,7000,500,23100,6700,2600,4600,7600,21600,300,5900,1600
303.0,14.31,248100,3551855.0,14.31,14.3,14.29,14.28,14.26,14.25,14.24,14.23,14.22,14.21,14.34,14.35,14.36,14.37,14.38,14.39,14.4,14.42,14.43,14.44,800,5200,9500,6800,2000,3000,5800,13400,4800,7000,600,23100,6700,2600,4600,7600,21600,300,5900,1600
304.0,14.31,248100,3551855.0,14.31,14.3,14.29,14.28,14.26,14.25,14.24,14.23,14.22,14.21,14.34,14.35,14.36,14.37,14.38,14.39,14.4,14.42,14.43,14.44,900,5400,9500,6800,2000,3000,5800,13400,4800,7000,800,23100,6700,2600,4600,7600,21600,300,5900,1600
305.0,14.31,248100,3551855.0,14.31,14.3,14.29,14.28,14.26,14.25,14.24,14.23,14.22,14.21,14.34,14.35,14.36,14.37,14.38,14.39,14.4,14.42,14.43,14.44,900,5400,9500,6800,2000,3000,5800,13400,4800,7000,800,23100,6700,2600,4600,7600,21600,300,5900,1600
306.0,14.31,248100,3551855.0,14.31,14.3,14.29,14.28,14.26,14.25,14.24,14.23,14.22,14.21,14.34,14.35,14.36,14.37,14.38,14.39,14.4,14.42,14.43,14.44,1000,5400,9500,6800,2000,3000,5800,13400,4800,7000,900,23100,6700,2600,4600,7600,21600,300,5900,1600
307.0,14.31,248100,3551855.0,14.32,14.31,14.3,14.29,14.28,14.26,14.25,14.24,14.23,14.22,14.33,14.34,14.35,14.36,14.37,14.38,14.39,14.4,14.42,14.43,200,1100,5400,9500,6800,2000,3000,5800,13400,4800,100,1100,23300,6700,2600,4600,7600,21600,300,5900
308.0,14.31,248100,3551855.0,14.32,14.31,14.3,14.29,14.28,14.26,14.25,14.24,14.23,14.22,14.33,14.34,14.35,14.36,14.37,14.38,14.39,14.4,14.42,14.43,300,1100,5400,9500,6800,2000,3000,5800,13400,4800,100,1100,23300,6700,2600,4600,7600,21600,300,5900
309.0,14.31,248100,3551855.0,14.32,14.31,14.3,14.29,14.28,14.26,14.25,14.24,14.23,14.22,14.33,14.34,14.35,14.36,14.37,14.38,14.39,14.4,14.42,14.43,300,1100,5400,9500,6800,2000,3000,5800,13400,4800,1500,1100,23300,6700,2600,4600,7600,21600,300,5900
310.0,14.31,248100,3551855.0,14.32,14.31,14.3,14.29,14.28,14.26,14.25,14.24,14.23,14.22,14.33,14.34,14.35,14.36,14.37,14.38,14.39,14.4,14.42,14.43,400,1100,5400,9500,6800,2000,3000,5800,13400,4800,1500,1100,23300,6700,2600,4600,7600,21600,300,5900
311.0,14.33,248200,3553288.0,14.32,14.31,14.3,14.29,14.28,14.26,14.25,14.24,14.23,14.22,14.33,14.34,14.35,14.36,14.37,14.38,14.39,14.4,14.42,14.43,400,1100,4400,9500,6800,2000,3000,5800,13400,4800,1400,900,23300,6700,2600,4600,7600,21600,300,5900
312.0,14.33,248200,3553288.0,14.32,14.31,14.3,14.29,14.28,14.26,14.25,14.24,14.23,14.22,14.33,14.34,14.35,14.36,14.37,14.38,14.39,14.4,14.42,14.43,400,1100,4400,9500,6800,2000,3000,5800,13400,4800,1200,900,23300,6700,2600,4600,7600,21600,300,5900
313.0,14.33,248200,3553288.0,14.32,14.31,14.3,14.29,14.28,14.26,14.25,14.24,14.23,14.22,14.33,14.34,14.35,14.36,14.37,14.38,14.39,14.4,14.42,14.43,400,1100,4400,9500,6800,2000,3000,5800,13400,4800,1200,900,23300,6700,2600,3000,7600,21600,300,5900
314.0,14.33,248300,3554721.0,14.32,14.31,14.3,14.29,14.28,14.26,14.25,14.24,14.23,14.22,14.33,14.34,14.35,14.36,14.37,14.38,14.39,14.4,14.42,14.43,1800,1100,4500,9500,6800,2000,3000,5800,13400,4800,1100,900,23300,6700,2600,3000,7600,21600,300,5900
315.0,14.33,248300,3554721.0,14.32,14.31,14.3,14.29,14.28,14.26,14.25,14.24,14.23,14.22,14.33,14.34,14.35,14.36,14.37,14.38,14.39,14.4,14.42,14.43,1800,1100,4500,9500,6600,2000,3000,5800,13400,4800,1100,900,23200,6700,2600,3000,7600,21600,300,5900
316.0,14.32,248400,3556153.0,14.32,14.31,14.3,14.29,14.28,14.26,14.25,14.24,14.23,14.22,14.33,14.34,14.35,14.36,14.37,14.38,14.39,14.4,14.42,14.43,4900,1100,4500,9500,5700,2000,3000,5800,13400,4800,1100,900,23200,6700,2600,3000,7600,21600,300,5900
317.0,14.35,251100,3594865.0,14.33,14.32,14.31,14.3,14.29,14.28,14.26,14.25,14.24,14.23,14.35,14.36,14.37,14.38,14.39,14.4,14.42,14.43,14.44,14.45,2700,5300,1100,4500,9500,5500,2000,3000,5800,13400,22600,6700,2600,3000,7600,21600,300,5900,1600,2300
318.0,14.33,251500,3600597.0,14.33,14.32,14.31,14.3,14.29,14.28,14.26,14.25,14.24,14.23,14.35,14.36,14.37,14.38,14.39,14.4,14.42,14.43,14.44,14.45,2300,5300,1100,4500,9500,5000,2000,3000,5800,13400,22600,6800,2600,3000,7600,21600,300,5900,1600,2300
319.0,14.33,251500,3600597.0,14.34,14.33,14.32,14.31,14.3,14.29,14.28,14.26,14.25,14.24,14.35,14.36,14.37,14.38,14.39,14.4,14.42,14.43,14.44,14.45,100,4800,5300,1100,4500,9500,5000,2000,3000,5800,22600,6800,2600,3000,7600,21600,300,5900,1600,2300
320.0,14.33,251500,3600597.0,14.34,14.33,14.32,14.31,14.3,14.29,14.28,14.26,14.25,14.24,14.35,14.36,14.37,14.38,14.39,14.4,14.42,14.43,14.44,14.45,200,4800,5300,1100,4500,9500,5000,2000,3000,5800,22600,6800,2600,3000,7600,21600,300,5900,1600,2300
321.0,14.33,251500,3600597.0,14.34,14.33,14.32,14.31,14.3,14.29,14.28,14.26,14.25,14.24,14.35,14.36,14.37,14.38,14.39,14.4,14.42,14.43,14.44,14.45,200,4800,5300,1100,4500,9500,5000,2000,3000,5800,22600,6800,2600,3000,7600,21600,300,5900,1600,2300
322.0,14.34,251700,3603465.0,14.33,14.32,14.31,14.3,14.29,14.28,14.26,14.25,14.24,14.23,14.34,14.35,14.36,14.37,14.38,14.39,14.4,14.42,14.43,14.44,4800,5300,1100,4500,9500,5000,2000,3000,5800,13400,300,22700,6800,2600,3000,7600,21600,300,5900,1600
323.0,14.33,252100,3609197.0,14.33,14.32,14.31,14.3,14.29,14.28,14.26,14.25,14.24,14.23,14.34,14.35,14.36,14.37,14.38,14.39,14.4,14.42,14.43,14.44,4400,5300,1100,4500,9500,5000,2000,3000,5800,13400,400,22900,6800,2600,3000,7600,21600,300,5900,1600
324.0,14.33,252100,3609197.0,14.33,14.32,14.31,14.3,14.29,14.28,14.26,14.25,14.24,14.23,14.34,14.35,14.36,14.37,14.38,14.39,14.4,14.42,14.43,14.44,4400,5300,1100,4500,10500,5000,2000,3000,5800,13400,1400,23000,6800,2600,3000,7600,21600,300,5900,1600
325.0,14.34,252600,3616367.0,14.33,14.32,14.31,14.3,14.29,14.28,14.26,14.25,14.24,14.23,14.34,14.35,14.36,14.37,14.38,14.39,14.4,14.42,14.43,14.44,4400,5300,1100,4500,10500,5000,2000,3000,5800,13400,900,23000,6800,2600,3000,7600,21600,300,5900,1600
326.0,14.33,252800,3619233.0,14.33,14.32,14.31,14.3,14.29,14.28,14.26,14.25,14.24,14.23,14.34,14.35,14.36,14.37,14.38,14.39,14.4,14.42,14.43,14.44,4200,5300,1100,4500,11500,5000,2000,3000,5800,13400,1900,23300,6600,2100,3000,7600,21600,300,5900,1600
327.0,14.34,252900,3620667.0,14.33,14.32,14.31,14.3,14.29,14.28,14.26,14.25,14.24,14.23,14.34,14.35,14.36,14.37,14.38,14.39,14.4,14.42,14.43,14.44,4200,5300,1100,4500,11500,5000,2000,3000,5800,13400,1800,23300,6600,2100,3000,7600,21600,300,5900,1600
328.0,14.33,253300,3626399.0,14.33,14.32,14.31,14.3,14.29,14.28,14.26,14.25,14.24,14.23,14.34,14.35,14.36,14.37,14.38,14.39,14.4,14.42,14.43,14.44,3800,5300,1100,4500,11500,5000,2000,3000,5800,13400,1800,23300,6600,2100,3000,7600,21600,300,5900,1600
329.0,14.33,253300,3626399.0,14.33,14.32,14.31,14.3,14.29,14.28,14.26,14.25,14.24,14.23,14.34,14.35,14.36,14.37,14.38,14.39,14.4,14.42,14.43,14.44,3800,5300,1100,4500,11500,5000,2000,3000,5800,13400,1800,23300,6600,2100,3000,7600,21600,300,5900,1600
330.0,14.34,253400,3627833.0,14.33,14.32,14.31,14.3,14.29,14.28,14.26,14.25,14.24,14.23,14.34,14.35,14.36,14.37,14.38,14.39,14.4,14.42,14.43,14.44,3800,5300,1100,4500,11500,5000,2000,3000,5800,13400,7000,23300,6600,2100,3000,7600,21600,300,5900,1600
331.0,14.33,254000,3636431.0,14.33,14.32,14.31,14.3,14.29,14.28,14.26,14.25,14.24,14.23,14.34,14.35,14.36,14.37,14.38,14.39,14.4,14.42,14.43,14.44,3200,5300,1100,4500,11500,5000,2000,3000,5800,13400,7700,23300,6600,2100,3000,7600,21600,300,5900,1600
332.0,14.33,254000,3636431.0,14.33,14.32,14.31,14.3,14.29,14.28,14.26,14.25,14.24,14.23,14.34,14.35,14.36,14.37,14.38,14.39,14.4,14.42,14.43,14.44,3200,5300,1100,4500,11500,5000,2000,5000,5800,13400,7700,23300,6600,2100,3000,7600,21600,300,5900,1600
333.0,14.34,255900,3663671.0,14.33,14.32,14.31,14.3,14.29,14.28,14.26,14.25,14.24,14.23,14.34,14.35,14.36,14.37,14.38,14.39,14.4,14.42,14.43,14.44,2600,5300,1100,4500,11500,5000,2000,5000,5800,13400,6400,23300,6600,2100,3000,7600,21600,300,5900,1600
334.0,14.34,255900,3663671.0,14.33,14.32,14.31,14.3,14.29,14.28,14.26,14.25,14.24,14.23,14.34,14.35,14.36,14.37,14.38,14.39,14.4,14.42,14.43,14.44,100,5300,1100,4500,11500,5000,2000,5000,5800,13400,6400,23300,6600,2100,3000,7600,21600,300,5900,1600
335.0,14.34,255900,3663671.0,14.33,14.32,14.31,14.3,14.29,14.28,14.26,14.25,14.24,14.23,14.34,14.35,14.36,14.37,14.38,14.39,14.4,14.42,14.43,14.44,100,5300,1100,4500,11500,5000,2000,5000,5800,13400,6600,23200,6600,2100,3000,7600,21600,300,5900,1600
336.0,14.34,255900,3663671.0,14.33,14.32,14.31,14.3,14.29,14.28,14.26,14.25,14.24,14.23,14.34,14.35,14.36,14.37,14.38,14.39,14.4,14.42,14.43,14.44,100,5300,1100,4500,11500,5000,2000,5000,5800,13400,6600,23200,6600,2100,3000,7600,21600,300,5900,1600
337.0,14.34,255900,3663671.0,14.33,14.32,14.31,14.3,14.29,14.28,14.26,14.25,14.24,14.23,14.34,14.35,14.36,14.37,14.38,14.39,14.4,14.42,14.43,14.44,100,5300,1100,4500,11500,5000,2000,5000,5800,13400,6600,23200,6600,2100,3000,7600,21600,300,5900,1600
338.0,14.34,256500,3672275.0,14.33,14.32,14.31,14.3,14.29,14.28,14.26,14.25,14.24,14.23,14.34,14.35,14.36,14.37,14.38,14.39,14.4,14.42,14.43,14.44,100,5200,1100,4500,11500,5000,2000,5000,5800,13400,6000,23200,6600,2100,3000,7600,21600,300,5900,1600
339.0,14.34,256500,3672275.0,14.33,14.32,14.31,14.3,14.29,14.28,14.26,14.25,14.24,14.23,14.34,14.35,14.36,14.37,14.38,14.39,14.4,14.42,14.43,14.44,100,5100,1100,4500,11500,5000,2000,5000,5800,13400,6000,23200,6600,2100,3000,7600,21600,300,5900,1600
340.0,14.34,256500,3672275.0,14.33,14.32,14.31,14.3,14.29,14.28,14.26,14.25,14.24,14.23,14.34,14.35,14.36,14.37,14.38,14.39,14.4,14.42,14.43,14.44,1300,5100,1100,4500,11500,5000,2000,5000,5800,13400,7300,23200,6600,2100,3000,7600,21600,300,5900,1600
341.0,14.34,257100,3680879.0,14.33,14.32,14.31,14.3,14.29,14.28,14.26,14.25,14.24,14.23,14.34,14.35,14.36,14.37,14.38,14.39,14.4,14.42,14.43,14.44,1400,5000,1100,4500,11500,5000,2000,4400,5800,13400,6700,23200,6600,2100,3000,7600,21600,300,5900,1600
342.0,14.34,259600,3716729.0,14.33,14.32,14.31,14.3,14.29,14.28,14.26,14.25,14.24,14.23,14.34,14.35,14.36,14.37,14.38,14.39,14.4,14.42,14.43,14.44,1400,5000,1100,4500,11500,5000,2000,4400,5800,13400,4200,23100,6600,2100,3000,7600,21600,300,5900,1600
343.0,14.33,260100,3723896.0,14.33,14.32,14.31,14.3,14.29,14.28,14.26,14.25,14.24,14.23,14.34,14.35,14.36,14.37,14.38,14.39,14.4,14.42,14.43,14.44,1100,5000,1100,4500,11500,5000,2000,4400,5800,13400,4000,23100,6600,2100,3000,7600,21600,300,5900,1600
344.0,14.33,260100,3723896.0,14.33,14.32,14.31,14.3,14.29,14.28,14.26,14.25,14.24,14.23,14.34,14.35,14.36,14.37,14.38,14.39,14.4,14.42,14.43,14.44,1100,5000,1100,4500,11500,5000,2000,4400,5800,13400,4000,23200,6600,2100,3000,7600,21600,300,5900,1600
345.0,14.33,261100,3738230.0,14.33,14.32,14.31,14.3,14.29,14.28,14.26,14.25,14.24,14.23,14.34,14.35,14.36,14.37,14.38,14.39,14.4,14.42,14.43,14.44,500,5000,1100,4500,12500,5000,2000,4400,5800,13400,3600,22900,6600,2100,3000,7600,21600,300,5900,1600
346.0,14.33,261100,3738230.0,14.33,14.32,14.31,14.3,14.29,14.28,14.26,14.25,14.24,14.23,14.34,14.35,14.36,14.37,14.38,14.39,14.4,14.42,14.43,14.44,500,5600,1100,4500,12500,5000,2000,4400,5800,13400,3600,22900,6600,2100,3000,7600,21600,300,5900,1600
347.0,14.33,261100,3738230.0,14.33,14.32,14.31,14.3,14.29,14.28,14.26,14.25,14.24,14.23,14.34,14.35,14.36,14.37,14.38,14.39,14.4,14.42,14.43,14.44,500,5600,1100,4500,12500,5000,2000,4400,5800,13400,3600,22900,6600,2100,3000,7600,21600,300,5900,1600
348.0,14.32,262200,3753993.0,14.32,14.31,14.3,14.29,14.28,14.26,14.25,14.24,14.23,14.22,14.33,14.34,14.35,14.36,14.37,14.38,14.39,14.4,14.42,14.43,5300,1100,4500,12500,5000,2000,4400,5800,13400,4800,3200,3300,22900,6600,2100,3000,7600,21600,300,5900
349.0,14.32,262200,3753993.0,14.32,14.31,14.3,14.29,14.28,14.26,14.25,14.24,14.23,14.22,14.33,14.34,14.35,14.36,14.37,14.38,14.39,14.4,14.42,14.43,5300,1100,4500,12500,5000,2000,4600,5800,13400,4800,3200,3300,22900,6600,2100,3000,7600,21600,300,5900
350.0,14.32,262200,3753993.0,14.32,14.31,14.3,14.29,14.28,14.26,14.25,14.24,14.23,14.22,14.33,14.34,14.35,14.36,14.37,14.38,14.39,14.4,14.42,14.43,5300,1100,4500,12500,5000,2000,4600,5800,13400,4800,3200,3300,22900,6600,2100,3000,7600,21600,300,5900
351.0,14.32,262200,3753993.0,14.32,14.31,14.3,14.29,14.28,14.26,14.25,14.24,14.23,14.22,14.33,14.34,14.35,14.36,14.37,14.38,14.39,14.4,14.42,14.43,5300,1100,4500,12500,5000,2000,4600,5800,13400,4800,3200,2600,22900,6600,2100,3000,7600,21600,300,5900
352.0,14.32,262700,3761153.0,14.32,14.31,14.3,14.29,14.28,14.26,14.25,14.24,14.23,14.22,14.33,14.34,14.35,14.36,14.37,14.38,14.39,14.4,14.41,14.42,4800,1100,4500,12500,5000,2000,4600,5800,13400,4800,3200,2600,19800,6500,2100,3000,7600,21600,500,300
353.0,14.32,263100,3766881.0,14.32,14.31,14.3,14.29,14.28,14.27,14.26,14.25,14.24,14.23,14.33,14.34,14.35,14.36,14.37,14.38,14.39,14.4,14.41,14.42,4400,1100,4500,12500,5000,600,2000,4600,5800,13400,4900,2600,19800,6500,2100,3000,7600,21600,500,300
354.0,14.32,263100,3766881.0,14.32,14.31,14.3,14.29,14.28,14.27,14.26,14.25,14.24,14.23,14.33,14.34,14.35,14.36,14.37,14.38,14.39,14.4,14.41,14.42,4400,1100,4500,12500,5000,600,2000,4600,5800,13400,4900,2600,19800,6500,2100,3000,7600,21600,500,300
355.0,14.32,263500,3772609.0,14.32,14.31,14.3,14.29,14.28,14.27,14.26,14.25,14.24,14.23,14.33,14.34,14.35,14.36,14.37,14.38,14.39,14.4,14.41,14.42,4000,1100,4500,12500,5000,600,2000,4600,5800,13400,4900,2700,19700,6500,2100,3000,7600,21600,500,300
356.0,14.32,263500,3772609.0,14.32,14.31,14.3,14.29,14.28,14.27,14.26,14.25,14.24,14.23,14.33,14.34,14.35,14.36,14.37,14.38,14.39,14.4,14.41,14.42,4000,1100,4500,12500,5000,600,2000,4600,5800,13400,4900,2700,19700,6500,2100,3000,7600,21600,500,300
357.0,14.32,264300,3784065.0,14.32,14.31,14.3,14.29,14.28,14.27,14.26,14.25,14.24,14.23,14.33,14.34,14.35,14.36,14.37,14.38,14.39,14.4,14.41,14.42,3200,1100,4500,12500,5000,600,2000,4600,5800,13400,4900,2700,19700,6500,2100,3000,7600,21600,500,300
358.0,14.32,264300,3784065.0,14.32,14.31,14.3,14.29,14.28,14.27,14.26,14.25,14.24,14.23,14.33,14.34,14.35,14.36,14.37,14.38,14.39,14.4,14.41,14.42,3200,1100,4500,12500,5000,600,2000,4600,5800,13400,4900,2700,19700,6500,2100,3000,7600,21600,500,300
359.0,14.32,264300,3784065.0,14.32,14.31,14.3,14.29,14.28,14.27,14.26,14.25,14.24,14.23,14.33,14.34,14.35,14.36,14.37,14.38,14.39,14.4,14.41,14.42,3200,1100,4500,12500,5000,600,2000,4600,5800,13400,4900,2700,19700,6500,2100,3000,7600,21600,500,300
360.0,14.32,267500,3829889.0,14.31,14.3,14.29,14.28,14.27,14.26,14.25,14.24,14.23,14.22,14.32,14.33,14.34,14.35,14.36,14.37,14.38,14.39,14.4,14.41,1100,4500,12500,5000,600,2000,4600,5800,13400,4800,2300,4900,2700,19600,6500,2100,3000,7600,21600,500
361.0,14.31,267600,3831320.0,14.31,14.3,14.29,14.28,14.27,14.26,14.25,14.24,14.23,14.22,14.32,14.33,14.34,14.35,14.36,14.37,14.38,14.39,14.4,14.41,1000,4500,12500,5000,600,2000,4600,5800,13400,4800,2300,5100,2700,19600,6500,2100,3000,7600,21600,500
362.0,14.31,267600,3831320.0,14.31,14.3,14.29,14.28,14.27,14.26,14.25,14.24,14.23,14.22,14.32,14.33,14.34,14.35,14.36,14.37,14.38,14.39,14.4,14.41,1000,4500,12500,5000,600,2000,4600,5800,13400,4800,3300,5100,2700,19600,6500,2100,3000,7600,21600,500
363.0,14.31,267600,3831320.0,14.31,14.3,14.29,14.28,14.27,14.26,14.25,14.24,14.23,14.22,14.32,14.33,14.34,14.35,14.36,14.37,14.38,14.39,14.4,14.41,1000,4500,12500,5000,600,2000,4600,5800,13400,4800,3300,5200,1400,19600,6500,2100,3000,7600,21600,500
364.0,14.31,267900,3835613.0,14.31,14.3,14.29,14.28,14.27,14.26,14.25,14.24,14.23,14.22,14.32,14.33,14.34,14.35,14.36,14.37,14.38,14.39,14.4,14.41,700,4500,12500,5000,600,2000,4600,5800,13400,4800,3400,5900,1400,19600,6500,2100,3000,7600,21600,500
365.0,14.31,267900,3835613.0,14.31,14.3,14.29,14.28,14.27,14.26,14.25,14.24,14.23,14.22,14.32,14.33,14.34,14.35,14.36,14.37,14.38,14.39,14.4,14.41,700,4500,12500,5000,600,2000,4600,5800,13400,4800,3400,5900,1400,19600,6500,2100,3000,7600,21600,500
366.0,14.31,267900,3835613.0,14.31,14.3,14.29,14.28,14.27,14.26,14.25,14.24,14.23,14.22,14.32,14.33,14.34,14.35,14.36,14.37,14.38,14.39,14.4,14.41,5100,4500,12500,5000,600,2000,4600,5800,13400,4800,3400,5900,1400,19600,6500,2100,3000,7600,21600,500
367.0,14.31,268400,3842768.0,14.31,14.3,14.29,14.28,14.27,14.26,14.25,14.24,14.23,14.22,14.32,14.33,14.34,14.35,14.36,14.37,14.38,14.39,14.4,14.41,4600,4500,12500,5000,600,2000,4600,5800,13400,4800,3400,5900,1400,19600,6500,2100,3000,7600,21600,500
368.0,14.31,269700,3861371.0,14.31,14.3,14.29,14.28,14.27,14.26,14.25,14.24,14.23,14.22,14.32,14.33,14.34,14.35,14.36,14.37,14.38,14.39,14.4,14.41,3300,4500,12500,5000,600,2000,4600,5800,13400,4800,3400,5900,1400,19600,6500,2100,3000,7600,21600,500
369.0,14.31,269700,3861371.0,14.31,14.3,14.29,14.28,14.27,14.26,14.25,14.24,14.23,14.22,14.32,14.33,14.34,14.35,14.36,14.37,14.38,14.39,14.4,14.41,3300,4500,12500,5000,600,2000,4600,5800,13400,4800,3400,5900,1300,19600,6500,2100,3000,7600,21600,500
370.0,14.31,269700,3861371.0,14.31,14.3,14.29,14.28,14.27,14.26,14.25,14.24,14.23,14.22,14.32,14.33,14.34,14.35,14.36,14.37,14.38,14.39,14.4,14.41,3300,4500,12500,5000,600,2000,4600,5800,13400,4800,3400,6000,1300,19600,6500,2100,3000,7600,21600,500
371.0,14.32,271100,3881419.0,14.31,14.3,14.29,14.28,14.27,14.26,14.25,14.24,14.23,14.22,14.32,14.33,14.34,14.35,14.36,14.37,14.38,14.39,14.4,14.41,3300,4500,12500,5000,600,2000,4600,5800,13400,4800,2100,6000,1200,19600,6500,2100,3000,7600,21600,500
372.0,14.32,274600,3931538.0,14.32,14.31,14.3,14.29,14.28,14.27,14.26,14.25,14.24,14.23,14.33,14.34,14.35,14.36,14.37,14.38,14.39,14.4,14.41,14.42,600,3200,4500,12500,5000,600,2000,4600,5800,13400,6000,1200,19600,6500,2100,3000,7600,21600,500,300
373.0,14.32,274600,3931538.0,14.32,14.31,14.3,14.29,14.28,14.27,14.26,14.25,14.24,14.23,14.33,14.34,14.35,14.36,14.37,14.38,14.39,14.4,14.41,14.42,600,3200,4500,12500,5000,600,2000,4600,5800,13400,5300,1200,19600,6500,2100,3000,7600,21600,500,300
374.0,14.33,277300,3970229.0,14.32,14.31,14.3,14.29,14.28,14.27,14.26,14.25,14.24,14.23,14.33,14.34,14.35,14.36,14.37,14.38,14.39,14.4,14.41,14.42,600,3200,4500,12500,5000,600,2000,4600,5800,13400,2600,1200,19600,6500,2100,3000,7600,21600,500,300
375.0,14.33,277600,3974528.0,14.32,14.31,14.3,14.29,14.28,14.27,14.26,14.25,14.24,14.23,14.33,14.34,14.35,14.36,14.37,14.38,14.39,14.4,14.41,14.42,600,3200,4500,12500,5000,600,2000,4600,5800,13400,3000,1200,19600,6500,2100,3000,7600,21600,500,300
376.0,14.33,277600,3974528.0,14.32,14.31,14.3,14.29,14.28,14.27,14.26,14.25,14.24,14.23,14.33,14.34,14.35,14.36,14.37,14.38,14.39,14.4,14.41,14.42,600,3200,4500,12500,5000,600,2000,4600,5800,13400,3000,1200,19600,6500,2100,3000,7600,21600,500,300
377.0,14.33,278100,3981693.0,14.32,14.31,14.3,14.29,14.28,14.27,14.26,14.25,14.24,14.23,14.33,14.34,14.35,14.36,14.37,14.38,14.39,14.4,14.41,14.42,600,3200,4500,12500,5000,600,2000,4600,5800,13400,2500,1200,19600,6500,2100,3000,7600,21600,500,300
378.0,14.33,278100,3981693.0,14.32,14.31,14.3,14.29,14.28,14.27,14.26,14.25,14.24,14.23,14.33,14.34,14.35,14.36,14.37,14.38,14.39,14.4,14.41,14.42,600,3200,4500,12500,5000,600,2000,4600,5800,13400,2500,1200,19600,6500,2100,3000,7600,21600,500,300
379.0,14.33,279800,4006054.0,14.31,14.3,14.29,14.28,14.27,14.26,14.25,14.24,14.23,14.22,14.33,14.34,14.35,14.36,14.37,14.38,14.39,14.4,14.41,14.42,3200,4500,12500,5000,600,2000,4600,5800,13400,4800,800,100,19600,6500,2100,3000,7600,21600,500,300
380.0,14.33,280900,4021805.0,14.31,14.3,14.29,14.28,14.27,14.26,14.25,14.24,14.23,14.22,14.33,14.34,14.35,14.36,14.37,14.38,14.39,14.4,14.41,14.42,2800,4500,12500,5000,600,2000,4600,5800,13400,4800,1000,300,19600,6500,2100,3000,7600,21600,500,300
381.0,14.33,280900,4021805.0,14.31,14.3,14.29,14.28,14.27,14.26,14.25,14.24,14.23,14.22,14.33,14.34,14.35,14.36,14.37,14.38,14.39,14.4,14.41,14.42,2800,4500,12500,5000,600,2000,4600,5800,13400,4800,1000,300,19600,6500,2100,3000,7600,21600,500,300
382.0,14.31,281100,4024667.0,14.31,14.3,14.29,14.28,14.27,14.26,14.25,14.24,14.23,14.22,14.33,14.34,14.35,14.36,14.37,14.38,14.39,14.4,14.41,14.42,2700,4500,12500,5000,600,2000,4600,5800,13400,4800,1300,300,19600,6500,2100,3000,7600,21600,500,300
383.0,14.33,281200,4026100.0,14.31,14.3,14.29,14.28,14.27,14.26,14.25,14.24,14.23,14.22,14.32,14.33,14.34,14.35,14.36,14.37,14.38,14.39,14.4,14.41,2900,4500,12500,5000,600,2000,4600,5800,13400,4800,400,1500,100,19600,6500,2100,3000,7600,21600,500
384.0,14.33,281700,4033261.0,14.31,14.3,14.29,14.28,14.27,14.26,14.25,14.24,14.23,14.22,14.33,14.34,14.35,14.36,14.37,14.38,14.39,14.4,14.41,14.42,2900,4500,12500,5000,600,2000,4600,5800,13400,4800,3200,100,19600,6500,2100,3000,7600,21600,500,300
385.0,14.33,282700,4047591.0,14.31,14.3,14.29,14.28,14.27,14.26,14.25,14.24,14.23,14.22,14.33,14.34,14.35,14.36,14.37,14.38,14.39,14.4,14.41,14.42,2900,4500,12500,5000,600,2000,4600,5800,13400,4800,2800,400,19600,6500,2100,3000,7600,21600,500,300
386.0,14.33,282700,4047591.0,14.31,14.3,14.29,14.28,14.27,14.26,14.25,14.24,14.23,14.22,14.33,14.34,14.35,14.36,14.37,14.38,14.39,14.4,14.41,14.42,2900,4500,12500,5000,600,2000,4600,5800,13400,4800,2800,400,19600,6500,2100,3000,7600,21600,500,300
387.0,14.33,282900,4050457.0,14.31,14.3,14.29,14.28,14.27,14.26,14.25,14.24,14.23,14.22,14.33,14.34,14.35,14.36,14.37,14.38,14.39,14.4,14.41,14.42,3200,4500,12500,5000,600,2000,4600,5800,13400,4800,2900,400,19600,6500,2100,3000,7600,21600,500,300
388.0,14.33,282900,4050457.0,14.31,14.3,14.29,14.28,14.27,14.26,14.25,14.24,14.23,14.22,14.33,14.34,14.35,14.36,14.37,14.38,14.39,14.4,14.41,14.42,3200,4500,12500,5000,600,2000,4600,5800,13400,4800,2900,400,19600,6500,2100,3000,7600,21600,500,300
389.0,14.31,283200,4054750.0,14.31,14.3,14.29,14.28,14.27,14.26,14.25,14.24,14.23,14.22,14.33,14.34,14.35,14.36,14.37,14.38,14.39,14.4,14.41,14.42,3000,4500,12500,5000,600,2000,4600,5800,13400,4800,3200,400,19600,6500,2100,3000,7600,21600,500,300
390.0,14.33,283700,4061915.0,14.31,14.3,14.29,14.28,14.27,14.26,14.25,14.24,14.23,14.22,14.33,14.34,14.35,14.36,14.37,14.38,14.39,14.4,14.41,14.42,3200,4500,12500,5000,600,2000,4600,5800,13400,4800,2700,400,19600,6500,2100,3000,7600,21600,500,300
391.0,14.31,284300,4070501.0,14.31,14.3,14.29,14.28,14.27,14.26,14.25,14.24,14.23,14.22,14.33,14.34,14.35,14.36,14.37,14.38,14.39,14.4,14.41,14.42,2600,4500,12500,5000,600,2000,4600,5800,13400,4800,2700,400,19600,6500,2100,3000,7600,21600,500,300
392.0,14.31,284300,4070501.0,14.31,14.3,14.29,14.28,14.27,14.26,14.25,14.24,14.23,14.22,14.33,14.34,14.35,14.36,14.37,14.38,14.39,14.4,14.41,14.42,2900,4500,12500,5000,600,2000,4600,5800,13400,4800,3000,400,19600,6500,2100,1500,7600,21600,500,300
393.0,14.33,284600,4074800.0,14.31,14.3,14.29,14.28,14.27,14.26,14.25,14.24,14.23,14.22,14.33,14.34,14.35,14.36,14.37,14.38,14.39,14.4,14.41,14.42,2900,4500,12500,5000,600,2000,4600,5800,13400,4800,2700,400,19600,6500,3600,1500,7600,21600,500,300
394.0,14.33,284800,4077666.0,14.31,14.3,14.29,14.28,14.27,14.26,14.25,14.24,14.23,14.22,14.33,14.34,14.35,14.36,14.37,14.38,14.39,14.4,14.41,14.42,3000,4500,12500,5000,600,2000,4600,5800,13400,4800,2600,400,19600,6500,3600,1500,7600,21600,500,300
395.0,14.33,284800,4077666.0,14.31,14.3,14.29,14.28,14.27,14.26,14.25,14.24,14.23,14.22,14.33,14.34,14.35,14.36,14.37,14.38,14.39,14.4,14.41,14.42,3000,4500,12500,5000,600,2000,4600,5800,13400,4800,2600,400,19600,6500,3600,1500,7600,21600,500,300
396.0,14.33,285000,4080532.0,14.31,14.3,14.29,14.28,14.27,14.26,14.25,14.24,14.23,14.22,14.33,14.34,14.35,14.36,14.37,14.38,14.39,14.4,14.41,14.42,3100,4500,12500,5000,600,2000,4600,5800,13400,4800,2500,400,19600,6500,3600,1500,7600,21600,500,300
397.0,14.31,285300,4084825.0,14.31,14.3,14.29,14.28,14.27,14.26,14.25,14.24,14.23,14.22,14.33,14.34,14.35,14.36,14.37,14.38,14.39,14.4,14.41,14.42,2800,4500,12500,5000,600,2000,4600,5800,13400,4800,2500,400,19600,6500,3600,1500,7600,21600,500,300
398.0,14.31,285300,4084825.0,14.31,14.3,14.29,14.28,14.27,14.26,14.25,14.24,14.23,14.22,14.33,14.34,14.35,14.36,14.37,14.38,14.39,14.4,14.41,14.42,2800,4500,12500,5000,600,2000,4600,5800,13400,4800,2500,400,19600,6500,3600,1500,7600,21600,500,300
399.0,14.31,285300,4084825.0,14.31,14.3,14.29,14.28,14.27,14.26,14.25,14.24,14.23,14.22,14.33,14.34,14.35,14.36,14.37,14.38,14.39,14.4,14.41,14.42,2900,4500,12500,5000,600,2000,4600,5800,13400,4800,2600,400,19600,6500,3600,1500,7600,21600,500,300
400.0,14.31,285900,4093415.0,14.31,14.3,14.29,14.28,14.27,14.26,14.25,14.24,14.23,14.22,14.33,14.34,14.35,14.36,14.37,14.38,14.39,14.4,14.41,14.42,2700,4500,12500,5000,600,2000,4600,5800,13400,4800,2400,400,19600,6500,3600,1500,7600,21600,500,300
401.0,14.31,285900,4093415.0,14.31,14.3,14.29,14.28,14.27,14.26,14.25,14.24,14.23,14.22,14.33,14.34,14.35,14.36,14.37,14.38,14.39,14.4,14.41,14.42,2800,4500,12500,5000,600,2000,4600,5800,13400,4800,2500,400,19600,6500,2100,1500,7600,21600,500,300
402.0,14.31,285900,4093415.0,14.32,14.31,14.3,14.29,14.28,14.27,14.26,14.25,14.24,14.23,14.33,14.34,14.35,14.36,14.37,14.38,14.39,14.4,14.41,14.42,1100,2800,4500,12500,5000,600,2000,4600,5800,13400,2500,400,19600,6500,2100,1500,7600,21600,500,300
403.0,14.33,286300,4099145.0,14.32,14.31,14.3,14.29,14.28,14.27,14.26,14.25,14.24,14.23,14.33,14.34,14.35,14.36,14.37,14.38,14.39,14.4,14.41,14.42,1100,2800,4500,12500,5000,600,2000,4600,5800,13400,2300,400,19600,6500,2100,1500,7600,21600,500,300
