LocalTime,LastPrice,TradeVolume,TradeValue,BidPrice1,BidPrice2,BidPrice3,BidPrice4,BidPrice5,BidPrice6,BidPrice7,BidPrice8,BidPrice9,BidPriceA,AskPrice1,AskPrice2,AskPrice3,AskPrice4,AskPrice5,AskPrice6,AskPrice7,AskPrice8,AskPrice9,AskPriceA,BidVolume1,BidVolume2,BidVolume3,BidVolume4,BidVolume5,BidVolume6,BidVolume7,BidVolume8,BidVolume9,BidVolumeA,AskVolume1,AskVolume2,AskVolume3,AskVolume4,AskVolume5,AskVolume6,AskVolume7,AskVolume8,AskVolume9,AskVolumeA
0.0,13.02,5200,67704.0,12.93,12.91,12.87,12.84,12.82,12.81,12.8,12.76,12.7,12.68,13.02,13.07,13.09,13.1,13.13,13.15,13.19,13.2,13.22,13.27,200,200,200,200,200,300,700,300,51500,500,1200,1900,600,100,200,700,300,100,3000,400
1.0,13.02,5200,67704.0,12.94,12.93,12.91,12.87,12.84,12.82,12.81,12.8,12.76,12.7,13.01,13.02,13.07,13.09,13.1,13.13,13.15,13.19,13.2,13.22,2400,200,200,200,200,200,300,700,300,51500,600,1200,1900,600,100,200,700,300,100,3000
2.0,13.02,5200,67704.0,12.94,12.93,12.91,12.87,12.84,12.83,12.82,12.81,12.8,12.76,13.01,13.02,13.07,13.09,13.1,13.13,13.15,13.19,13.2,13.22,2400,200,200,2200,200,500,200,300,700,300,600,4100,1900,600,100,200,700,300,100,3000
3.0,13.02,6200,80718.0,12.94,12.93,12.91,12.87,12.84,12.83,12.82,12.81,12.8,12.76,13.02,13.07,13.09,13.1,13.13,13.14,13.15,13.19,13.2,13.22,2400,200,200,2200,200,500,2000,300,700,300,3700,1900,600,100,200,900,700,300,100,3000
4.0,13.02,6200,80718.0,12.94,12.93,12.91,12.87,12.84,12.83,12.82,12.81,12.8,12.78,13.01,13.02,13.07,13.09,13.1,13.13,13.14,13.15,13.19,13.2,3100,200,200,2200,200,500,2000,300,700,15000,100,3700,1900,600,100,200,900,700,300,100
5.0,13.02,6200,80718.0,12.94,12.93,12.92,12.91,12.87,12.84,12.83,12.82,12.81,12.8,13.01,13.02,13.07,13.09,13.1,13.13,13.14,13.15,13.19,13.2,3100,200,800,200,2200,200,500,2000,300,700,900,3700,1900,600,100,200,900,700,300,100
6.0,13.01,6600,85915.0,12.94,12.93,12.92,12.91,12.87,12.84,12.83,12.82,12.81,12.8,13.01,13.02,13.07,13.09,13.1,13.13,13.14,13.15,13.19,13.2,3000,200,800,200,2200,200,500,2000,300,700,700,3900,1900,600,100,200,900,700,300,100
7.0,13.01,6900,89818.0,12.95,12.94,12.93,12.92,12.91,12.87,12.84,12.83,12.82,12.81,13.01,13.02,13.07,13.09,13.1,13.13,13.14,13.15,13.19,13.2,1900,3000,200,800,200,2200,200,500,2000,300,400,4100,1900,600,100,200,900,700,300,100
8.0,13.02,7600,98928.0,13.01,12.95,12.94,12.93,12.92,12.91,12.9,12.87,12.85,12.84,13.02,13.07,13.09,13.1,13.13,13.14,13.15,13.19,13.2,13.22,400,2000,3000,200,800,200,5000,2200,600,200,3800,1900,600,100,200,900,700,300,100,3000
9.0,13.02,8000,104136.0,13.01,12.95,12.94,12.93,12.92,12.91,12.9,12.87,12.85,12.84,13.02,13.05,13.07,13.09,13.1,13.13,13.14,13.15,13.19,13.2,600,2300,3000,200,800,200,5000,2200,600,200,3400,2300,1900,600,100,200,900,700,300,100
10.0,13.02,10400,135382.0,13.01,12.95,12.94,12.93,12.92,12.91,12.9,12.88,12.87,12.85,13.02,13.05,13.07,13.09,13.1,13.13,13.14,13.15,13.19,13.2,400,2300,3000,200,800,200,5000,10000,2200,600,1200,2300,1900,600,100,200,900,700,300,100
11.0,13.02,11600,151006.0,13.02,13.01,12.95,12.94,12.93,12.92,12.91,12.9,12.88,12.87,13.05,13.07,13.09,13.1,13.13,13.14,13.15,13.19,13.2,13.22,5500,600,2300,3000,200,800,200,5000,10000,2200,2300,1900,600,100,200,900,700,300,100,3000
12.0,13.05,14200,184932.0,13.05,13.03,13.02,13.01,12.95,12.94,12.93,12.92,12.91,12.9,13.07,13.09,13.1,13.13,13.14,13.15,13.17,13.19,13.2,13.22,4400,9000,6200,600,2300,2600,300,800,200,5000,1900,600,100,200,900,700,700,300,100,3000
13.0,13.05,15400,200606.0,13.05,13.03,13.02,13.01,12.95,12.94,12.93,12.92,12.91,12.9,13.07,13.09,13.1,13.13,13.14,13.15,13.17,13.19,13.2,13.22,8600,400,5700,200,2000,2600,300,800,200,5000,1200,600,100,200,900,700,700,300,100,3000
14.0,13.07,19800,258074.0,13.05,13.03,13.02,13.01,12.95,12.94,12.93,12.92,12.91,12.9,13.09,13.1,13.13,13.14,13.15,13.17,13.19,13.2,13.22,13.27,11000,100,5600,200,2000,2600,300,800,200,5000,600,100,200,900,700,700,300,100,3000,900
15.0,13.03,30900,402927.0,13.02,13.01,12.95,12.94,12.93,12.92,12.91,12.9,12.88,12.87,13.03,13.05,13.06,13.07,13.09,13.1,13.13,13.14,13.15,13.17,5600,200,1900,2600,300,800,200,5000,10000,1500,700,8200,500,4000,800,100,200,900,700,700
16.0,13.03,36600,477142.0,13.01,12.95,12.94,12.93,12.92,12.91,12.9,12.88,12.87,12.85,13.03,13.05,13.06,13.07,13.09,13.1,13.13,13.14,13.15,13.17,200,1900,2600,300,800,200,5000,10000,1500,600,1200,5400,500,6400,800,100,200,900,700,700
17.0,12.95,36900,481039.0,12.96,12.95,12.94,12.93,12.92,12.91,12.9,12.88,12.87,12.85,13.01,13.03,13.05,13.06,13.07,13.09,13.1,13.13,13.14,13.15,1700,1600,2600,300,800,200,5000,10000,1500,600,400,1200,4100,500,3700,800,100,200,900,700
18.0,13.03,37900,494061.0,12.96,12.95,12.94,12.93,12.92,12.91,12.9,12.88,12.87,12.85,13.02,13.03,13.05,13.06,13.07,13.09,13.1,13.13,13.14,13.15,1700,1200,2600,300,800,200,5000,10000,1500,600,1100,600,4100,500,3700,800,100,200,900,700
19.0,13.03,37900,494061.0,12.97,12.96,12.95,12.94,12.93,12.92,12.91,12.9,12.88,12.87,13.02,13.03,13.05,13.06,13.07,13.09,13.1,13.13,13.14,13.15,500,1700,1100,2600,300,800,200,5000,10000,1500,1100,600,3500,500,3700,800,100,200,900,700
20.0,12.98,38400,500565.0,12.98,12.96,12.95,12.94,12.93,12.92,12.91,12.9,12.88,12.87,13.01,13.03,13.05,13.06,13.07,13.09,13.1,13.13,13.14,13.15,600,1700,900,2600,300,800,200,5000,10000,1500,200,600,2900,500,3700,800,1000,200,900,700
21.0,13.02,38700,504469.0,12.98,12.96,12.95,12.94,12.93,12.92,12.91,12.9,12.88,12.87,13.03,13.05,13.06,13.07,13.09,13.1,13.13,13.14,13.15,13.17,600,1700,900,2600,300,800,200,5000,10000,1500,600,1700,500,3700,800,1000,200,900,700,700
22.0,13.02,38700,504469.0,12.98,12.96,12.95,12.94,12.93,12.92,12.91,12.9,12.88,12.87,13.02,13.03,13.05,13.06,13.07,13.09,13.1,13.13,13.14,13.15,600,1700,900,2600,300,800,200,5000,10000,1500,100,600,1300,500,3700,800,1000,200,900,700
23.0,13.03,39200,510978.0,12.98,12.96,12.95,12.94,12.93,12.92,12.91,12.9,12.88,12.87,13.03,13.05,13.06,13.07,13.09,13.1,13.13,13.14,13.15,13.17,500,1700,900,2600,300,800,200,5000,10000,1500,300,1400,500,3700,800,1000,200,900,700,700
24.0,13.03,39200,510978.0,12.98,12.96,12.95,12.94,12.93,12.92,12.91,12.9,12.88,12.87,13.03,13.05,13.06,13.07,13.09,13.1,13.13,13.14,13.15,13.17,500,1700,900,2600,300,800,200,5000,10000,1500,300,1400,500,3700,800,1000,200,900,700,700
25.0,13.01,39300,512279.0,12.99,12.98,12.96,12.95,12.94,12.93,12.92,12.91,12.9,12.88,13.03,13.05,13.06,13.07,13.09,13.1,13.13,13.14,13.15,13.17,100,500,1700,900,2600,300,800,200,5000,10000,300,1300,500,3700,800,1000,200,900,700,700
26.0,12.99,39600,516176.0,13.01,13.0,12.99,12.98,12.96,12.95,12.94,12.93,12.92,12.91,13.05,13.06,13.07,13.09,13.1,13.13,13.14,13.15,13.17,13.19,400,2600,2900,500,1700,300,2600,300,800,200,1300,500,3700,800,1000,200,900,700,700,300
27.0,12.99,39600,516176.0,13.01,13.0,12.99,12.98,12.96,12.95,12.94,12.93,12.92,12.91,13.05,13.06,13.07,13.09,13.1,13.13,13.14,13.15,13.17,13.19,400,2600,2700,500,1700,300,2600,300,800,200,1300,500,3700,800,1000,200,900,700,700,300
28.0,13.05,39700,517481.0,13.01,13.0,12.99,12.98,12.96,12.95,12.94,12.93,12.92,12.91,13.05,13.06,13.07,13.09,13.1,13.13,13.14,13.15,13.17,13.19,400,2600,2800,500,1700,200,2600,300,800,200,1200,500,3700,800,1000,200,900,700,700,300
29.0,13.05,39700,517481.0,13.01,13.0,12.99,12.98,12.96,12.95,12.94,12.93,12.92,12.91,13.05,13.06,13.07,13.09,13.1,13.13,13.14,13.15,13.17,13.19,400,2600,2800,500,1700,200,2600,300,800,200,1100,500,1200,800,1000,200,900,700,700,300
30.0,13.05,39700,517481.0,13.01,13.0,12.99,12.98,12.96,12.95,12.94,12.93,12.92,12.91,13.05,13.06,13.07,13.09,13.1,13.13,13.14,13.15,13.17,13.19,400,2600,2700,500,1700,200,2600,300,800,200,1100,500,1100,800,1000,200,900,700,700,300
31.0,13.01,40100,522697.0,13.01,13.0,12.99,12.98,12.96,12.95,12.94,12.93,12.92,12.91,13.05,13.06,13.07,13.09,13.1,13.13,13.14,13.15,13.17,13.19,1700,2600,2700,500,1700,200,2600,300,800,200,800,500,1100,800,1000,200,900,700,700,300
32.0,13.01,40100,522697.0,13.01,13.0,12.99,12.98,12.96,12.95,12.94,12.93,12.92,12.91,13.05,13.06,13.07,13.09,13.1,13.13,13.14,13.15,13.17,13.19,3100,2600,2700,500,1700,200,2600,300,800,200,800,500,1100,800,1000,200,900,700,700,300
33.0,13.01,40300,525299.0,13.01,13.0,12.99,12.98,12.96,12.95,12.94,12.93,12.92,12.91,13.05,13.06,13.07,13.09,13.1,13.13,13.14,13.15,13.17,13.19,2900,2600,2700,500,1700,200,2600,300,800,200,800,500,1100,800,1000,200,900,700,700,300
34.0,13.01,40300,525299.0,13.01,13.0,12.99,12.98,12.96,12.95,12.94,12.93,12.92,12.91,13.05,13.06,13.07,13.09,13.1,13.13,13.14,13.15,13.17,13.19,2900,2600,2700,500,1700,200,2600,300,800,200,800,500,1100,800,1000,200,900,700,700,300
35.0,13.05,41000,534434.0,13.02,13.01,13.0,12.99,12.98,12.96,12.95,12.94,12.93,12.92,13.05,13.06,13.07,13.09,13.1,13.13,13.14,13.15,13.17,13.19,100,2900,2600,2700,500,1700,200,2600,300,800,100,500,1100,800,1000,200,900,700,700,300
36.0,13.07,42700,556645.0,13.06,13.05,13.03,13.01,12.99,12.98,12.96,12.95,12.94,12.93,13.07,13.09,13.1,13.13,13.14,13.15,13.17,13.19,13.2,13.22,700,500,4900,2800,2700,500,1700,200,2600,300,100,800,1000,200,900,700,700,300,100,3000
37.0,13.06,43900,572316.0,13.05,13.03,13.01,12.99,12.98,12.96,12.95,12.94,12.93,12.92,13.06,13.07,13.09,13.1,13.13,13.14,13.15,13.17,13.19,13.2,3100,4800,2800,2700,500,1700,200,2600,300,800,200,100,800,1000,200,900,700,700,300,100
38.0,13.05,44700,582762.0,13.05,13.03,13.01,12.99,12.98,12.96,12.95,12.94,12.93,12.92,13.06,13.07,13.09,13.1,13.13,13.14,13.15,13.17,13.19,13.2,200,4800,2800,1600,500,1700,200,2600,300,800,600,200,800,1000,200,900,700,700,300,100
39.0,13.05,44700,582762.0,13.05,13.03,13.01,12.99,12.98,12.96,12.95,12.94,12.93,12.92,13.06,13.07,13.09,13.1,13.13,13.14,13.15,13.17,13.19,13.2,200,4800,2800,1600,500,1700,200,2600,300,800,800,200,800,1000,200,900,700,700,300,100
40.0,13.05,44700,582762.0,13.05,13.03,13.01,12.99,12.98,12.96,12.95,12.94,12.93,12.92,13.06,13.07,13.09,13.1,13.13,13.14,13.15,13.17,13.19,13.2,200,4800,2800,1600,500,1700,200,2600,300,800,800,200,800,1000,200,900,700,700,300,100
41.0,13.05,45000,586677.0,13.04,13.03,13.01,12.99,12.96,12.95,12.94,12.93,12.92,12.91,13.06,13.07,13.09,13.1,13.13,13.14,13.15,13.17,13.19,13.2,100,4800,2800,1600,1700,200,2600,300,800,200,200,200,800,1000,200,900,700,700,300,100
42.0,13.05,45000,586677.0,13.04,13.03,13.01,12.99,12.96,12.95,12.94,12.93,12.92,12.91,13.06,13.07,13.09,13.1,13.13,13.14,13.15,13.17,13.19,13.2,100,4800,2800,1600,1700,200,2600,300,800,200,200,200,800,1000,200,900,700,700,300,100
43.0,13.05,45000,586677.0,13.04,13.03,13.01,12.99,12.96,12.95,12.94,12.93,12.92,12.91,13.06,13.07,13.09,13.1,13.13,13.14,13.15,13.17,13.19,13.2,100,4800,2800,1600,1700,200,2600,300,800,200,200,200,800,1000,200,900,700,700,300,100
44.0,13.04,45100,587981.0,13.03,13.01,12.99,12.96,12.95,12.94,12.93,12.92,12.91,12.9,13.04,13.06,13.07,13.09,13.1,13.13,13.14,13.15,13.17,13.19,4800,2800,1600,1700,200,2600,300,800,200,5000,300,200,200,800,1000,200,900,700,700,300
45.0,13.04,45100,587981.0,13.03,13.01,12.99,12.96,12.95,12.94,12.93,12.92,12.91,12.9,13.04,13.06,13.07,13.09,13.1,13.13,13.14,13.15,13.17,13.19,4800,2800,1600,1700,200,2600,300,800,200,5000,300,200,200,800,1000,200,900,700,700,300
46.0,13.04,45100,587981.0,13.03,13.01,12.99,12.96,12.95,12.94,12.93,12.92,12.91,12.9,13.04,13.06,13.07,13.09,13.1,13.13,13.14,13.15,13.17,13.19,4800,2800,1600,1700,200,2600,300,800,200,5000,300,200,200,800,900,200,900,700,700,300
47.0,13.04,45100,587981.0,13.03,13.01,12.99,12.96,12.95,12.94,12.93,12.92,12.91,12.9,13.04,13.06,13.07,13.09,13.1,13.13,13.14,13.15,13.17,13.19,4800,2800,1600,1700,200,2600,300,800,200,5000,300,200,200,800,900,200,900,700,700,300
48.0,13.04,45100,587981.0,13.03,13.01,12.99,12.96,12.95,12.94,12.93,12.92,12.91,12.9,13.04,13.06,13.07,13.09,13.1,13.13,13.14,13.15,13.17,13.19,5600,2800,1600,1700,200,2600,300,800,200,5000,300,200,200,800,900,200,900,700,700,300
49.0,13.04,45100,587981.0,13.03,13.01,12.99,12.96,12.95,12.94,12.93,12.92,12.91,12.9,13.04,13.06,13.07,13.09,13.1,13.13,13.14,13.15,13.17,13.19,5600,2800,1600,1700,200,2600,300,800,200,5000,300,200,200,800,900,200,900,700,700,300
50.0,13.04,45400,591893.0,13.03,13.01,12.99,12.96,12.95,12.94,12.93,12.92,12.91,12.9,13.06,13.07,13.09,13.1,13.13,13.14,13.15,13.17,13.19,13.2,5600,2800,1600,1700,200,2600,300,800,200,5000,200,200,800,900,200,900,700,700,300,100
51.0,13.04,45400,591893.0,13.03,13.01,12.99,12.96,12.95,12.94,12.93,12.92,12.91,12.9,13.07,13.09,13.1,13.13,13.14,13.15,13.17,13.19,13.2,13.21,5600,2800,1600,1700,200,2600,300,800,200,5000,300,800,900,200,900,700,700,300,100,300
52.0,13.04,45400,591893.0,13.03,13.01,12.99,12.96,12.95,12.94,12.93,12.92,12.91,12.9,13.07,13.09,13.1,13.13,13.14,13.15,13.17,13.19,13.2,13.21,5600,2800,1600,1700,200,2600,300,800,200,5000,400,800,900,200,900,700,700,300,100,300
53.0,13.03,49500,645317.0,13.03,13.01,12.99,12.96,12.95,12.94,12.93,12.92,12.91,12.9,13.04,13.06,13.07,13.09,13.1,13.13,13.14,13.15,13.17,13.19,1600,2800,1600,1700,200,2600,300,800,200,5000,200,200,500,800,900,200,900,700,700,300
54.0,13.03,51300,668773.0,13.01,12.99,12.96,12.95,12.94,12.93,12.92,12.91,12.9,12.88,13.03,13.06,13.07,13.09,13.1,13.13,13.14,13.15,13.17,13.19,2800,1600,1700,200,2600,300,800,200,5000,10000,400,200,500,800,900,200,900,700,700,300
55.0,13.03,51300,668773.0,13.01,12.99,12.96,12.95,12.94,12.93,12.92,12.91,12.9,12.88,13.03,13.06,13.07,13.09,13.1,13.13,13.14,13.15,13.17,13.19,2800,1600,1700,200,2600,300,800,200,5000,10000,400,200,500,800,900,200,900,700,700,300
56.0,13.05,51800,675290.0,13.02,13.01,12.99,12.96,12.95,12.94,12.93,12.92,12.91,12.9,13.07,13.09,13.1,13.13,13.14,13.15,13.17,13.19,13.2,13.21,2700,2800,1600,1700,200,2600,300,800,200,5000,500,800,900,200,900,700,700,300,100,300
57.0,13.05,51800,675290.0,13.02,13.01,12.99,12.96,12.95,12.94,12.93,12.92,12.91,12.9,13.07,13.09,13.1,13.13,13.14,13.15,13.17,13.19,13.2,13.21,2700,2800,1600,1700,200,2600,300,800,200,5000,500,800,900,200,900,700,700,300,100,300
58.0,13.05,51800,675290.0,13.02,13.01,12.99,12.96,12.95,12.94,12.93,12.92,12.91,12.9,13.07,13.09,13.1,13.13,13.14,13.15,13.17,13.19,13.2,13.21,2700,3100,1600,1700,200,2600,300,800,200,5000,500,800,900,200,900,700,700,300,100,300
59.0,13.07,52500,684439.0,13.02,13.01,12.99,12.96,12.95,12.94,12.93,12.92,12.91,12.9,13.07,13.09,13.1,13.13,13.14,13.15,13.17,13.19,13.2,13.21,600,3100,1600,1700,200,2600,300,800,200,5000,400,800,900,200,900,700,700,300,100,300
60.0,13.02,52600,685741.0,13.02,13.01,12.99,12.96,12.95,12.94,12.93,12.92,12.91,12.9,13.07,13.09,13.1,13.13,13.14,13.15,13.17,13.19,13.2,13.21,500,3100,1600,1700,200,2600,300,800,200,5000,400,800,900,200,900,700,700,300,100,300
61.0,13.02,52600,685741.0,13.03,13.02,13.01,12.99,12.96,12.95,12.94,12.93,12.92,12.91,13.07,13.09,13.1,13.13,13.14,13.15,13.17,13.19,13.2,13.21,400,500,3100,1600,1700,200,2600,300,800,200,400,800,1300,200,900,700,700,300,100,300
62.0,13.02,52600,685741.0,13.03,13.02,13.01,12.99,12.96,12.95,12.94,12.93,12.92,12.91,13.06,13.07,13.09,13.1,13.13,13.14,13.15,13.17,13.19,13.2,500,500,3100,1600,1700,200,2600,300,800,200,100,600,800,1300,200,900,700,700,300,100
63.0,13.02,52600,685741.0,13.03,13.02,13.01,12.99,12.96,12.95,12.94,12.93,12.92,12.91,13.06,13.07,13.09,13.1,13.13,13.14,13.15,13.17,13.19,13.2,500,500,3100,1600,1700,200,2600,300,800,200,200,500,800,1300,200,900,700,700,300,100
64.0,13.03,52700,687044.0,13.03,13.02,13.01,12.99,12.96,12.95,12.94,12.93,12.92,12.91,13.06,13.07,13.09,13.1,13.13,13.14,13.15,13.17,13.19,13.2,1600,500,3100,1600,1700,200,2600,300,800,200,200,200,800,1800,200,900,700,700,300,100
65.0,13.03,52800,688347.0,13.03,13.02,13.01,12.99,12.96,12.95,12.94,12.93,12.92,12.91,13.06,13.09,13.1,13.13,13.14,13.15,13.17,13.19,13.2,13.21,1500,500,3100,1600,1700,200,2600,300,800,200,200,800,1800,200,900,700,700,300,100,300
66.0,13.03,53000,690953.0,13.03,13.02,13.01,12.99,12.96,12.95,12.94,12.93,12.92,12.91,13.06,13.09,13.1,13.13,13.14,13.15,13.17,13.19,13.2,13.21,1300,500,3100,1600,1700,200,2600,300,800,200,200,800,1800,200,900,700,700,300,100,300
67.0,13.03,53100,692256.0,13.03,13.02,13.01,12.99,12.96,12.95,12.94,12.93,12.92,12.91,13.06,13.09,13.1,13.13,13.14,13.15,13.17,13.19,13.2,13.21,1200,500,3100,1600,1700,200,2600,300,800,200,200,800,1800,200,900,700,700,300,100,300
68.0,13.03,53200,693559.0,13.04,13.03,13.02,13.01,12.99,12.96,12.95,12.94,12.93,12.92,13.05,13.06,13.09,13.1,13.13,13.14,13.15,13.17,13.19,13.2,200,1100,500,3100,1600,1700,200,2600,300,800,600,200,800,1800,200,900,700,700,300,100
69.0,13.03,54500,710500.0,13.01,12.99,12.96,12.95,12.94,12.93,12.92,12.91,12.9,12.88,13.02,13.03,13.04,13.06,13.09,13.1,13.13,13.14,13.15,13.17,3100,1600,1700,200,2600,300,800,200,5000,10000,300,1200,1300,200,800,1800,200,900,700,700
70.0,13.01,57600,750831.0,12.99,12.96,12.95,12.94,12.93,12.92,12.91,12.9,12.88,12.87,13.02,13.03,13.04,13.06,13.09,13.1,13.13,13.14,13.15,13.17,1600,1700,200,2600,300,800,200,5000,10000,1500,900,1200,1300,200,800,1800,200,900,700,700
71.0,13.02,58300,759942.0,12.99,12.96,12.95,12.94,12.93,12.92,12.91,12.9,12.88,12.87,13.02,13.03,13.04,13.06,13.09,13.1,13.13,13.14,13.15,13.17,1800,1700,200,2600,300,800,200,5000,10000,1500,300,1200,1300,200,800,1800,200,1500,700,700
72.0,13.02,58300,759942.0,12.99,12.96,12.95,12.94,12.93,12.92,12.91,12.9,12.88,12.87,13.02,13.03,13.04,13.06,13.09,13.1,13.13,13.14,13.15,13.17,1800,1700,200,2600,300,800,200,5000,10000,1500,300,1200,1300,200,800,1800,200,1500,700,700
73.0,13.02,58300,759942.0,13.0,12.99,12.96,12.95,12.94,12.93,12.92,12.91,12.9,12.88,13.02,13.03,13.04,13.06,13.09,13.1,13.13,13.14,13.15,13.17,900,1800,1700,200,2600,300,800,200,5000,10000,300,1200,1300,200,800,1800,200,1500,700,700
74.0,13.03,58800,766454.0,13.0,12.99,12.96,12.95,12.94,12.93,12.92,12.91,12.9,12.88,13.03,13.04,13.06,13.09,13.1,13.13,13.14,13.15,13.17,13.19,1700,1800,1700,200,2600,300,800,200,5000,10000,1000,1300,200,800,1800,200,1500,700,700,300
75.0,13.03,58800,766454.0,13.0,12.99,12.96,12.95,12.94,12.93,12.92,12.91,12.9,12.88,13.03,13.04,13.05,13.06,13.09,13.1,13.13,13.14,13.15,13.17,1700,1800,1700,200,2600,200,800,200,5000,10000,1000,1300,200,200,800,1800,200,1500,700,700
76.0,13.03,59000,769060.0,13.0,12.99,12.96,12.95,12.94,12.93,12.92,12.91,12.9,12.88,13.03,13.04,13.05,13.06,13.09,13.1,13.13,13.14,13.15,13.17,1700,1800,1700,200,2600,200,800,200,5000,10000,800,1300,200,600,800,1400,200,1500,700,700
77.0,13.03,59200,771666.0,13.0,12.99,12.96,12.95,12.94,12.93,12.92,12.91,12.9,12.88,13.03,13.04,13.05,13.06,13.09,13.1,13.13,13.14,13.15,13.17,1700,1800,1700,200,2600,200,800,200,5000,10000,600,1300,200,600,800,1400,200,1500,700,700
78.0,13.0,59300,772966.0,13.0,12.99,12.96,12.95,12.94,12.93,12.92,12.91,12.9,12.88,13.03,13.04,13.05,13.06,13.09,13.1,13.13,13.14,13.15,13.17,1600,1800,1700,200,2600,200,800,200,5000,10000,600,1300,200,600,800,1400,200,1500,700,700
79.0,13.0,59300,772966.0,13.0,12.99,12.96,12.95,12.94,12.93,12.92,12.91,12.9,12.88,13.03,13.04,13.05,13.06,13.09,13.1,13.13,13.14,13.15,13.17,1600,1800,1700,200,2600,200,800,200,5000,10000,600,1300,200,600,800,1400,200,1500,700,700
80.0,13.03,59500,775572.0,13.0,12.99,12.96,12.95,12.94,12.93,12.92,12.91,12.9,12.88,13.03,13.04,13.05,13.06,13.09,13.1,13.13,13.14,13.15,13.17,1600,1800,1700,200,2600,200,800,200,5000,10000,400,1300,200,600,800,1400,200,1500,700,700
81.0,13.0,59600,776872.0,13.0,12.99,12.96,12.95,12.94,12.93,12.92,12.91,12.9,12.88,13.03,13.04,13.05,13.06,13.09,13.1,13.13,13.14,13.15,13.17,1500,1800,1700,200,2600,200,800,200,5000,10000,400,1300,200,600,800,1400,200,1500,700,700
82.0,13.0,59600,776872.0,13.0,12.99,12.96,12.95,12.94,12.93,12.92,12.91,12.9,12.88,13.03,13.04,13.05,13.06,13.09,13.1,13.13,13.14,13.15,13.17,1500,1800,1700,200,2600,200,800,200,5000,10000,400,1300,200,600,800,1400,200,1500,700,700
83.0,13.0,59600,776872.0,13.0,12.99,12.96,12.95,12.94,12.93,12.92,12.91,12.9,12.88,13.03,13.04,13.05,13.06,13.09,13.1,13.13,13.14,13.15,13.17,1500,1800,1700,200,2600,200,800,200,5000,10000,400,1300,200,600,800,1400,200,1500,700,700
84.0,13.0,59700,778172.0,13.0,12.99,12.96,12.95,12.94,12.93,12.92,12.91,12.9,12.88,13.03,13.04,13.05,13.06,13.09,13.1,13.13,13.14,13.15,13.17,1400,1800,1700,200,2600,200,800,200,5000,10000,400,1300,200,600,800,1400,200,1500,700,700
85.0,13.0,59700,778172.0,13.0,12.99,12.96,12.95,12.94,12.93,12.92,12.91,12.9,12.88,13.03,13.04,13.05,13.06,13.09,13.1,13.13,13.14,13.15,13.17,1400,1800,1700,200,2600,200,800,200,5000,10000,1000,1300,200,600,800,1400,200,1500,700,700
86.0,13.0,59700,778172.0,13.0,12.99,12.96,12.95,12.94,12.93,12.92,12.91,12.9,12.88,13.03,13.04,13.05,13.06,13.09,13.1,13.13,13.14,13.15,13.17,1400,1800,1700,200,2600,200,800,200,5000,10000,1000,1300,200,600,800,1400,200,1500,700,700
87.0,13.0,60000,782078.0,13.0,12.99,12.96,12.95,12.94,12.93,12.92,12.91,12.9,12.88,13.03,13.04,13.05,13.06,13.09,13.1,13.13,13.14,13.15,13.17,1300,1800,1700,200,2600,200,800,200,5000,10000,800,1300,200,600,800,1400,200,1500,700,700
88.0,13.0,60000,782078.0,13.0,12.99,12.96,12.95,12.94,12.93,12.92,12.91,12.9,12.88,13.03,13.04,13.05,13.06,13.09,13.1,13.13,13.14,13.15,13.17,1300,1800,1700,200,2600,200,800,200,5000,10000,800,1300,200,600,800,1400,200,1500,700,700
89.0,13.0,60000,782078.0,13.0,12.99,12.96,12.95,12.94,12.93,12.92,12.91,12.9,12.88,13.03,13.04,13.05,13.06,13.09,13.1,13.13,13.14,13.15,13.17,1300,1800,1700,200,2600,200,800,200,5000,10000,800,1300,200,600,800,1400,200,1500,700,700
90.0,13.0,60000,782078.0,13.0,12.99,12.96,12.95,12.94,12.93,12.92,12.91,12.9,12.88,13.03,13.04,13.05,13.06,13.09,13.1,13.13,13.14,13.15,13.17,1300,1800,1700,200,2600,200,800,200,5000,10000,800,1400,200,600,800,1400,200,1500,700,700
91.0,13.0,60100,783378.0,13.0,12.99,12.96,12.95,12.94,12.93,12.92,12.91,12.9,12.88,13.03,13.04,13.05,13.06,13.09,13.1,13.13,13.14,13.15,13.17,1200,1800,1700,200,2600,200,800,200,5000,10000,800,1400,200,600,800,1400,200,1500,700,700
92.0,13.03,60300,785984.0,13.0,12.99,12.96,12.95,12.94,12.93,12.92,12.91,12.9,12.88,13.03,13.04,13.05,13.06,13.09,13.1,13.13,13.14,13.15,13.17,1200,1800,1700,200,2600,200,800,200,5000,10000,800,1400,200,500,800,1400,200,1500,700,700
93.0,13.03,60300,785984.0,13.0,12.99,12.96,12.95,12.94,12.93,12.92,12.91,12.9,12.88,13.03,13.04,13.05,13.06,13.09,13.1,13.13,13.14,13.15,13.17,1200,1800,1700,200,2600,200,800,200,5000,10000,800,1400,200,500,800,1400,200,1500,700,700
94.0,13.0,60400,787284.0,13.0,12.99,12.96,12.95,12.94,12.93,12.92,12.91,12.9,12.88,13.03,13.04,13.05,13.06,13.09,13.1,13.13,13.14,13.15,13.17,1100,1800,1700,200,2600,200,800,200,5000,10000,800,1400,200,500,800,1400,200,1500,700,700
95.0,13.02,60500,788586.0,13.0,12.99,12.96,12.95,12.94,12.93,12.92,12.91,12.9,12.88,13.03,13.04,13.05,13.06,13.09,13.1,13.13,13.14,13.15,13.17,1100,1800,1700,200,2600,200,800,200,5000,10000,800,1400,200,500,800,1400,200,1500,700,700
96.0,13.02,60500,788586.0,13.0,12.99,12.96,12.95,12.94,12.93,12.92,12.91,12.9,12.88,13.03,13.04,13.05,13.06,13.09,13.1,13.13,13.14,13.15,13.17,1100,1800,1700,200,2600,200,800,200,5000,10000,800,1400,200,500,800,1400,200,1500,700,700
97.0,13.0,60600,789886.0,13.0,12.99,12.96,12.95,12.94,12.93,12.92,12.91,12.9,12.88,13.03,13.04,13.05,13.06,13.09,13.1,13.13,13.14,13.15,13.17,1000,1800,1700,200,2600,200,800,200,5000,10000,800,1400,200,500,800,1400,200,1500,700,700
98.0,13.0,60800,792486.0,13.0,12.99,12.96,12.95,12.94,12.93,12.92,12.91,12.9,12.88,13.02,13.03,13.04,13.05,13.06,13.09,13.1,13.13,13.14,13.15,800,1800,1700,200,2600,200,800,200,5000,10000,100,800,1400,200,500,800,1400,200,1500,700
99.0,13.0,60800,792486.0,13.0,12.99,12.96,12.95,12.94,12.93,12.92,12.91,12.9,12.88,13.02,13.03,13.04,13.05,13.06,13.09,13.1,13.13,13.14,13.15,800,1800,1700,200,2600,200,800,200,5000,10000,100,800,1400,200,500,800,1400,200,1500,700
100.0,13.0,60800,792486.0,13.0,12.99,12.96,12.95,12.94,12.93,12.92,12.91,12.9,12.88,13.02,13.03,13.04,13.05,13.06,13.09,13.1,13.13,13.14,13.15,800,1800,1700,200,2600,200,800,200,5000,10000,100,800,1400,200,500,800,1400,200,1500,700
101.0,13.0,60800,792486.0,13.0,12.99,12.96,12.95,12.94,12.93,12.92,12.91,12.9,12.88,13.02,13.03,13.04,13.05,13.06,13.09,13.1,13.13,13.14,13.15,800,1800,1700,200,2600,200,800,200,5000,10000,300,600,1400,200,500,800,1400,200,1500,700
102.0,13.02,60900,793788.0,13.0,12.99,12.96,12.95,12.94,12.93,12.91,12.9,12.88,12.87,13.02,13.03,13.04,13.05,13.06,13.09,13.1,13.13,13.14,13.15,800,1800,1700,200,2600,200,200,5000,10000,1500,200,600,1400,200,500,800,1400,200,1500,700
103.0,13.02,60900,793788.0,13.0,12.99,12.96,12.95,12.94,12.93,12.91,12.9,12.88,12.87,13.02,13.03,13.04,13.05,13.06,13.09,13.1,13.13,13.14,13.15,800,1800,1700,200,2600,200,200,5000,10000,1500,200,600,1400,200,500,800,1400,200,1500,700
104.0,13.02,60900,793788.0,13.0,12.99,12.96,12.95,12.94,12.93,12.91,12.9,12.88,12.87,13.02,13.03,13.04,13.05,13.06,13.09,13.1,13.13,13.14,13.15,900,1800,1700,200,2600,200,200,5000,10000,1500,200,600,1400,200,500,800,1400,200,1500,700
105.0,13.0,67900,884788.0,12.99,12.96,12.95,12.94,12.93,12.91,12.9,12.88,12.87,12.85,13.02,13.03,13.04,13.05,13.06,13.09,13.1,13.13,13.14,13.15,1100,1700,200,2600,200,200,5000,10000,1500,600,1400,600,1400,200,500,800,1400,200,1500,700
106.0,13.0,67900,884788.0,12.99,12.96,12.95,12.94,12.93,12.91,12.9,12.88,12.87,12.85,13.02,13.03,13.04,13.05,13.06,13.09,13.1,13.13,13.14,13.15,1100,1700,200,2600,200,200,5000,10000,1500,600,1400,1000,1400,200,100,800,1400,200,1500,700
107.0,12.99,68000,886087.0,12.99,12.96,12.95,12.94,12.93,12.91,12.9,12.88,12.87,12.85,13.02,13.03,13.04,13.05,13.06,13.09,13.1,13.13,13.14,13.15,1000,1700,200,2600,200,200,5000,10000,1500,600,1400,1000,1400,200,100,800,1400,200,1500,700
108.0,12.99,68000,886087.0,12.99,12.96,12.95,12.94,12.93,12.91,12.9,12.88,12.87,12.85,13.02,13.03,13.04,13.05,13.06,13.09,13.1,13.13,13.14,13.15,1000,1700,200,2600,200,200,5000,10000,1500,600,1400,1000,1400,200,100,800,1400,200,1500,700
109.0,12.99,68000,886087.0,12.99,12.96,12.95,12.94,12.93,12.91,12.9,12.88,12.87,12.85,13.02,13.03,13.04,13.05,13.06,13.09,13.1,13.13,13.14,13.15,1000,1700,200,2600,200,200,5000,10000,1500,600,900,1000,1400,200,100,800,1400,200,1500,700
110.0,12.99,68300,889984.0,12.99,12.96,12.95,12.94,12.93,12.91,12.9,12.88,12.87,12.85,13.02,13.03,13.04,13.05,13.06,13.09,13.1,13.13,13.14,13.15,700,1700,200,2600,200,200,5000,10000,1500,600,900,400,1400,200,100,800,1400,200,1500,700
111.0,12.99,68300,889984.0,12.99,12.96,12.95,12.94,12.93,12.91,12.9,12.88,12.87,12.85,13.02,13.03,13.04,13.05,13.06,13.09,13.1,13.13,13.14,13.15,700,1700,200,2600,200,200,5000,10000,1500,600,900,400,1400,200,100,800,1400,200,1500,700
112.0,12.99,68300,889984.0,12.99,12.96,12.95,12.94,12.93,12.91,12.9,12.88,12.87,12.85,13.02,13.03,13.04,13.05,13.06,13.09,13.1,13.13,13.14,13.15,700,1700,200,2600,200,200,5000,10000,1500,600,900,400,1400,200,100,800,1400,200,1500,700
113.0,12.99,68300,889984.0,12.99,12.96,12.95,12.94,12.93,12.91,12.9,12.88,12.87,12.85,13.02,13.03,13.04,13.05,13.06,13.09,13.1,13.13,13.14,13.15,700,1700,200,2600,200,200,5000,10000,1500,600,900,400,1400,200,100,800,1400,200,1500,700
114.0,12.99,68300,889984.0,12.99,12.96,12.95,12.94,12.93,12.91,12.9,12.88,12.87,12.85,13.02,13.03,13.04,13.05,13.06,13.09,13.1,13.13,13.14,13.15,700,1700,200,2600,200,200,5000,10000,1500,600,900,400,1400,200,100,800,1400,200,1500,700
115.0,12.99,68300,889984.0,12.99,12.96,12.95,12.94,12.93,12.91,12.9,12.88,12.87,12.85,13.02,13.03,13.04,13.05,13.06,13.09,13.1,13.13,13.14,13.15,700,1700,200,2600,200,200,5000,10000,1500,600,900,400,1400,200,100,800,1400,200,1500,700
116.0,12.99,68300,889984.0,12.99,12.96,12.95,12.94,12.93,12.91,12.9,12.88,12.87,12.85,13.02,13.03,13.04,13.05,13.06,13.09,13.1,13.13,13.14,13.15,700,1700,200,2600,200,200,5000,10000,1500,600,900,400,1400,200,100,800,1400,200,1500,700
117.0,12.99,68300,889984.0,12.99,12.96,12.95,12.94,12.93,12.91,12.9,12.88,12.87,12.85,13.02,13.03,13.04,13.05,13.06,13.09,13.1,13.13,13.14,13.15,700,1700,200,2600,200,200,5000,10000,1500,600,900,400,1400,200,100,800,1400,200,1500,700
118.0,12.99,68300,889984.0,12.99,12.96,12.95,12.94,12.93,12.91,12.9,12.88,12.87,12.85,13.02,13.03,13.04,13.05,13.06,13.09,13.1,13.13,13.14,13.15,700,1700,200,2600,200,200,5000,10000,1500,600,900,400,1400,200,100,800,1400,200,1500,700
119.0,13.02,68500,892588.0,12.99,12.96,12.95,12.94,12.93,12.91,12.9,12.88,12.87,12.85,13.02,13.03,13.04,13.05,13.06,13.09,13.1,13.13,13.14,13.15,700,1700,600,2600,200,200,5000,10000,1500,600,700,400,1400,200,100,800,1400,200,1500,700
120.0,13.02,68500,892588.0,12.99,12.96,12.95,12.94,12.93,12.91,12.9,12.88,12.87,12.85,13.02,13.03,13.04,13.05,13.06,13.09,13.1,13.13,13.14,13.15,700,1700,600,2600,200,200,5000,10000,1500,600,700,400,1400,200,100,800,1400,200,1500,700
121.0,12.99,68600,893887.0,12.99,12.96,12.95,12.94,12.93,12.91,12.9,12.88,12.87,12.85,13.02,13.03,13.04,13.05,13.06,13.09,13.1,13.13,13.14,13.15,600,1700,600,2600,200,200,5000,10000,1500,600,700,400,1400,200,100,800,1400,200,1500,700
122.0,12.99,68600,893887.0,12.99,12.96,12.95,12.94,12.93,12.91,12.9,12.88,12.87,12.85,13.02,13.03,13.04,13.05,13.06,13.09,13.1,13.13,13.14,13.15,600,1700,600,2600,200,200,5000,10000,1500,600,700,400,1400,200,100,800,1400,200,1500,700
123.0,12.99,68600,893887.0,13.0,12.99,12.96,12.95,12.94,12.93,12.91,12.9,12.88,12.87,13.02,13.03,13.04,13.05,13.06,13.09,13.1,13.13,13.14,13.15,100,600,1700,600,2600,200,200,5000,10000,1500,700,400,1400,200,100,800,1400,200,1500,700
124.0,12.99,68600,893887.0,13.01,13.0,12.99,12.96,12.95,12.94,12.93,12.91,12.9,12.88,13.02,13.03,13.04,13.05,13.06,13.09,13.1,13.13,13.14,13.15,100,100,600,1700,600,2600,200,200,5000,10000,700,600,1400,200,100,800,1400,200,1500,700
125.0,12.99,68600,893887.0,13.01,13.0,12.99,12.96,12.95,12.94,12.93,12.91,12.9,12.88,13.02,13.03,13.04,13.05,13.06,13.09,13.1,13.13,13.14,13.15,200,100,500,1700,600,2600,200,200,5000,10000,700,600,1400,200,100,800,1400,200,1500,700
126.0,12.99,68600,893887.0,13.01,13.0,12.99,12.96,12.95,12.94,12.93,12.91,12.9,12.88,13.02,13.03,13.04,13.05,13.06,13.09,13.1,13.13,13.14,13.15,200,100,500,1700,600,2600,200,200,5000,10000,700,600,1400,200,100,800,1400,200,1500,700
127.0,12.99,68600,893887.0,13.01,13.0,12.99,12.96,12.95,12.94,12.93,12.91,12.9,12.88,13.02,13.03,13.04,13.05,13.06,13.09,13.1,13.13,13.14,13.15,200,100,500,1700,600,2600,200,200,5000,10000,700,600,1400,200,100,800,1400,200,1500,700
128.0,12.99,68600,893887.0,13.01,13.0,12.99,12.96,12.95,12.94,12.93,12.91,12.9,12.88,13.02,13.03,13.04,13.05,13.06,13.09,13.1,13.13,13.14,13.15,500,100,500,1700,600,2600,200,200,5000,10000,700,600,1400,200,100,800,1400,200,1500,700
129.0,12.99,68600,893887.0,13.01,13.0,12.99,12.96,12.95,12.94,12.93,12.91,12.9,12.88,13.02,13.03,13.04,13.05,13.06,13.09,13.1,13.13,13.14,13.15,500,100,500,1700,600,2600,200,200,5000,10000,700,600,1400,200,100,800,1400,200,1500,700
130.0,12.99,68600,893887.0,13.01,13.0,12.99,12.96,12.95,12.94,12.93,12.91,12.9,12.88,13.02,13.03,13.04,13.05,13.06,13.09,13.1,13.13,13.14,13.15,500,100,500,1700,600,2600,200,200,5000,10000,700,600,1400,200,100,800,1400,200,1500,700
131.0,12.99,68600,893887.0,13.01,13.0,12.99,12.96,12.95,12.94,12.93,12.91,12.9,12.88,13.02,13.03,13.04,13.05,13.06,13.09,13.1,13.13,13.14,13.15,1300,100,500,1700,600,2600,200,200,5000,10000,700,600,1400,200,100,800,1400,200,1500,700
132.0,12.99,68600,893887.0,13.01,13.0,12.99,12.96,12.95,12.94,12.93,12.91,12.9,12.88,13.02,13.03,13.04,13.05,13.06,13.09,13.1,13.13,13.14,13.15,1300,100,500,1700,600,2600,200,200,5000,10000,700,600,1400,200,100,800,1400,200,1500,700
133.0,13.01,68900,897790.0,13.01,13.0,12.99,12.96,12.95,12.94,12.93,12.91,12.9,12.88,13.02,13.03,13.04,13.05,13.06,13.09,13.1,13.13,13.14,13.15,1000,100,500,1700,600,2600,200,200,5000,10000,700,600,1400,200,100,800,1400,200,1500,700
134.0,13.02,69000,899092.0,13.01,13.0,12.99,12.96,12.95,12.94,12.93,12.91,12.9,12.88,13.02,13.03,13.04,13.05,13.06,13.09,13.1,13.13,13.14,13.15,1000,100,200,1700,600,2600,200,200,5000,10000,600,600,1400,200,100,800,1400,200,1500,700
135.0,13.02,69000,899092.0,13.01,13.0,12.99,12.96,12.95,12.94,12.93,12.91,12.9,12.88,13.02,13.03,13.04,13.05,13.06,13.09,13.1,13.13,13.14,13.15,1000,100,200,1700,600,2600,200,200,5000,10000,600,600,1400,200,100,800,1400,200,1500,700
136.0,13.03,69900,910811.0,13.01,13.0,12.99,12.96,12.95,12.94,12.93,12.91,12.9,12.88,13.03,13.04,13.05,13.06,13.09,13.1,13.13,13.14,13.15,13.17,900,100,200,1700,800,2600,200,200,5000,10000,400,1400,200,100,800,1400,200,1500,700,700
137.0,13.03,70200,914720.0,13.01,13.0,12.99,12.96,12.95,12.94,12.93,12.91,12.9,12.88,13.03,13.04,13.05,13.06,13.09,13.1,13.13,13.14,13.15,13.17,900,100,200,1700,800,2600,200,200,5000,10000,100,1400,200,100,800,1400,200,1500,700,700
138.0,13.03,70200,914720.0,13.01,13.0,12.99,12.96,12.95,12.94,12.93,12.91,12.9,12.88,13.03,13.04,13.05,13.06,13.09,13.1,13.13,13.14,13.15,13.17,900,100,200,1700,800,2600,200,200,5000,10000,100,1400,200,100,800,1400,200,1500,700,700
139.0,13.03,70200,914720.0,13.01,13.0,12.99,12.96,12.95,12.94,12.93,12.91,12.9,12.88,13.03,13.04,13.05,13.06,13.09,13.1,13.13,13.14,13.15,13.17,900,100,200,1700,800,2600,200,200,5000,10000,100,1400,200,100,800,1400,200,1500,700,700
140.0,13.03,70200,914720.0,13.01,13.0,12.99,12.96,12.95,12.94,12.93,12.91,12.9,12.88,13.03,13.04,13.05,13.06,13.09,13.1,13.13,13.14,13.15,13.17,900,100,200,1700,800,2600,200,200,5000,10000,400,1400,200,100,800,1400,200,1500,700,700
141.0,13.03,71000,925144.0,13.01,13.0,12.99,12.96,12.95,12.94,12.93,12.91,12.9,12.88,13.04,13.05,13.06,13.09,13.1,13.13,13.14,13.15,13.17,13.19,100,100,200,1700,800,2600,200,200,5000,10000,1400,200,100,800,1400,200,1500,700,700,300
142.0,13.03,71100,926447.0,13.01,13.0,12.99,12.96,12.95,12.94,12.93,12.91,12.9,12.88,13.03,13.04,13.05,13.06,13.09,13.1,13.13,13.14,13.15,13.17,100,100,200,1700,800,2600,200,200,5000,10000,200,1400,200,100,800,1400,200,1500,700,700
143.0,13.03,71100,926447.0,13.01,13.0,12.99,12.96,12.95,12.94,12.93,12.91,12.9,12.88,13.03,13.04,13.05,13.06,13.09,13.1,13.13,13.14,13.15,13.17,100,100,200,1900,800,2600,200,200,5000,10000,500,1400,200,100,800,1400,200,1500,700,700
144.0,13.03,71100,926447.0,13.01,13.0,12.99,12.96,12.95,12.94,12.93,12.91,12.9,12.88,13.03,13.04,13.05,13.06,13.09,13.1,13.13,13.14,13.15,13.17,100,100,200,1900,800,2600,200,200,5000,10000,900,1400,200,100,1000,1400,200,1500,700,700
145.0,13.03,71100,926447.0,13.01,13.0,12.99,12.96,12.95,12.94,12.93,12.91,12.9,12.88,13.03,13.04,13.05,13.06,13.09,13.1,13.13,13.14,13.15,13.17,100,100,200,1900,800,2600,200,200,5000,10000,900,1500,200,100,1000,1400,200,1500,700,700
146.0,13.03,71100,926447.0,13.01,13.0,12.99,12.96,12.95,12.94,12.93,12.91,12.9,12.88,13.02,13.03,13.04,13.05,13.06,13.09,13.1,13.13,13.14,13.15,100,100,200,1900,800,2600,200,200,5000,10000,100,1400,1600,200,100,1000,1400,200,1500,700
147.0,13.03,71100,926447.0,13.01,13.0,12.99,12.96,12.95,12.94,12.93,12.91,12.9,12.88,13.02,13.03,13.04,13.05,13.06,13.09,13.1,13.13,13.14,13.15,100,100,200,1900,800,2600,200,200,5000,10000,100,1400,1600,200,100,1000,1400,200,1500,700
148.0,13.03,71100,926447.0,13.01,13.0,12.99,12.96,12.95,12.94,12.93,12.91,12.9,12.88,13.02,13.03,13.04,13.05,13.06,13.09,13.1,13.13,13.14,13.15,100,100,200,1900,800,2600,200,200,5000,10000,300,2000,1600,200,100,1000,1400,200,1500,700
149.0,13.03,73500,957712.0,13.01,13.0,12.99,12.96,12.95,12.94,12.93,12.91,12.9,12.88,13.03,13.04,13.05,13.06,13.09,13.1,13.13,13.14,13.15,13.17,100,5100,200,1900,800,2600,200,200,5000,10000,300,1400,200,100,1000,1400,200,1500,700,700
150.0,13.03,73500,957712.0,13.02,13.01,13.0,12.99,12.96,12.95,12.94,12.93,12.91,12.9,13.03,13.04,13.05,13.06,13.09,13.1,13.13,13.14,13.15,13.17,200,100,5100,200,1900,800,2600,200,200,5000,300,100,200,100,1000,1400,200,1500,700,700
151.0,13.02,73900,962920.0,13.01,13.0,12.99,12.96,12.95,12.94,12.93,12.91,12.9,12.88,13.02,13.03,13.04,13.05,13.06,13.09,13.1,13.13,13.14,13.15,100,5100,200,1900,800,2600,200,200,5000,10000,4600,300,100,200,100,1000,1400,200,1500,700
152.0,13.04,79000,1029326.0,13.04,13.03,13.02,13.0,12.99,12.96,12.95,12.94,12.93,12.91,13.05,13.06,13.09,13.1,13.13,13.14,13.15,13.17,13.19,13.2,100,1400,1900,5100,200,1900,800,2600,200,200,200,100,1000,1400,200,1500,700,700,300,100
153.0,13.04,79100,1030630.0,13.03,13.02,13.0,12.99,12.96,12.95,12.94,12.93,12.91,12.9,13.05,13.06,13.09,13.1,13.13,13.14,13.15,13.17,13.19,13.2,1400,3000,5100,200,1900,800,2600,200,200,5000,200,100,1000,1400,200,1500,700,700,300,100
154.0,13.05,79800,1039765.0,13.04,13.03,13.02,13.0,12.99,12.96,12.95,12.94,12.93,12.91,13.06,13.09,13.1,13.13,13.14,13.15,13.17,13.19,13.2,13.21,600,1400,3100,5100,200,1900,800,2600,200,200,100,1000,1400,200,1500,700,700,300,100,300
155.0,13.05,81200,1058046.0,13.04,13.02,13.0,12.99,12.96,12.95,12.94,12.93,12.91,12.9,13.07,13.08,13.09,13.1,13.13,13.14,13.15,13.17,13.19,13.2,4800,2400,5100,200,1900,800,2600,200,200,5000,300,3100,1000,1400,200,1500,700,700,300,100
156.0,13.04,83000,1081518.0,13.04,13.02,13.0,12.99,12.96,12.95,12.94,12.93,12.91,12.9,13.05,13.07,13.08,13.09,13.1,13.13,13.14,13.15,13.17,13.19,3000,2400,5100,200,1900,800,2600,200,200,5000,100,100,2700,1000,1400,200,1500,700,700,300
157.0,13.04,83000,1081518.0,13.04,13.02,13.0,12.99,12.96,12.95,12.94,12.93,12.91,12.9,13.05,13.07,13.08,13.09,13.1,13.13,13.14,13.15,13.17,13.19,3000,2400,5100,200,1900,800,2600,200,200,5000,100,100,2700,1000,1400,200,1500,700,700,300
158.0,13.05,83800,1091954.0,13.05,13.04,13.02,13.0,12.99,12.96,12.95,12.94,12.93,12.91,13.06,13.07,13.08,13.09,13.1,13.13,13.14,13.15,13.17,13.19,300,2600,2400,5100,200,1900,800,2600,200,200,100,100,2700,1000,1400,200,1500,700,700,300
159.0,13.05,83800,1091954.0,13.05,13.04,13.02,13.0,12.99,12.96,12.95,12.94,12.93,12.91,13.06,13.07,13.08,13.09,13.1,13.13,13.14,13.15,13.17,13.19,300,2600,2400,5100,200,1900,800,2600,200,200,100,100,2700,1000,1400,200,1500,700,700,300
160.0,13.08,84400,1099799.0,13.05,13.04,13.02,13.0,12.99,12.96,12.95,12.94,12.93,12.91,13.08,13.09,13.1,13.13,13.14,13.15,13.17,13.19,13.2,13.21,300,2600,2400,5100,200,1900,800,2600,200,200,1900,1000,1400,200,1500,700,700,300,100,300
161.0,13.08,84400,1099799.0,13.04,13.03,13.02,13.0,12.99,12.96,12.95,12.94,12.93,12.91,13.08,13.09,13.1,13.13,13.14,13.15,13.17,13.19,13.2,13.21,2600,200,2400,5100,200,1900,800,2600,200,200,1900,1000,1400,200,1500,700,700,300,100,300
162.0,13.08,84400,1099799.0,13.04,13.03,13.02,13.0,12.99,12.96,12.95,12.94,12.93,12.91,13.08,13.09,13.1,13.13,13.14,13.15,13.17,13.19,13.2,13.21,2600,200,2400,100,200,1900,800,2600,200,200,1900,1000,1400,200,1500,700,700,300,100,300
163.0,13.08,84400,1099799.0,13.04,13.03,13.02,13.0,12.99,12.96,12.95,12.94,12.93,12.91,13.08,13.09,13.1,13.13,13.14,13.15,13.17,13.19,13.2,13.21,2700,200,2400,100,200,1900,800,2600,200,200,2000,1000,1400,200,1500,700,700,300,100,300
164.0,13.04,84600,1102407.0,13.04,13.03,13.02,13.0,12.99,12.96,12.95,12.94,12.93,12.91,13.05,13.07,13.08,13.09,13.1,13.13,13.14,13.15,13.17,13.19,2500,200,2400,100,200,1900,800,2600,200,200,400,200,2000,1000,1400,200,1500,700,700,300
165.0,13.04,84800,1105015.0,13.04,13.03,13.02,13.0,12.99,12.96,12.95,12.94,12.93,12.91,13.05,13.07,13.08,13.09,13.1,13.13,13.14,13.15,13.17,13.19,2300,200,2400,100,200,1900,800,2600,200,200,400,6500,2000,1000,1400,200,1500,700,700,300
166.0,13.04,85200,1110231.0,13.04,13.03,13.02,13.0,12.99,12.96,12.95,12.94,12.93,12.91,13.05,13.07,13.08,13.09,13.1,13.13,13.14,13.15,13.17,13.19,1900,200,2300,100,200,1900,1600,2600,200,200,400,6500,2000,1000,1400,200,1500,700,700,300
167.0,13.04,85200,1110231.0,13.04,13.03,13.02,13.0,12.99,12.96,12.95,12.94,12.93,12.91,13.05,13.07,13.08,13.09,13.1,13.13,13.14,13.15,13.17,13.19,1900,200,2300,100,200,1900,1600,2600,200,200,400,6500,2000,1000,1400,200,1500,700,700,300
168.0,13.05,85700,1116752.0,13.04,13.03,13.02,13.0,12.99,12.96,12.95,12.94,12.93,12.91,13.05,13.07,13.08,13.09,13.1,13.13,13.14,13.15,13.17,13.19,1500,200,2300,100,200,1900,2400,2600,200,200,300,6500,2000,1000,1400,200,1500,700,700,300
169.0,13.05,85700,1116752.0,13.04,13.03,13.02,13.0,12.99,12.96,12.95,12.94,12.93,12.91,13.05,13.07,13.08,13.09,13.1,13.13,13.14,13.15,13.17,13.19,1500,200,2300,100,200,1900,2400,2600,200,200,300,6500,2000,1000,1400,200,1500,700,700,300
170.0,13.07,86700,1129816.0,13.04,13.03,13.02,13.0,12.99,12.96,12.95,12.94,12.93,12.91,13.07,13.08,13.09,13.1,13.13,13.14,13.15,13.17,13.19,13.2,1700,200,2300,100,200,1900,2400,2600,200,200,5800,2000,1000,1400,200,1500,700,700,300,100
171.0,13.04,86800,1131120.0,13.04,13.03,13.02,13.0,12.99,12.96,12.95,12.94,12.93,12.91,13.07,13.08,13.09,13.1,13.13,13.14,13.15,13.17,13.19,13.2,1600,200,2300,100,200,1900,2400,2600,200,200,5800,2000,1000,1400,200,1500,700,700,300,100
172.0,13.04,86900,1132424.0,13.04,13.03,13.02,13.0,12.99,12.96,12.95,12.94,12.93,12.91,13.07,13.08,13.09,13.1,13.13,13.14,13.15,13.17,13.19,13.2,1500,200,2300,100,200,1900,2400,2600,200,200,5800,2000,1000,1400,200,1500,700,700,300,100
173.0,13.04,86900,1132424.0,13.04,13.03,13.02,13.0,12.99,12.96,12.95,12.94,12.93,12.91,13.07,13.08,13.09,13.1,13.13,13.14,13.15,13.17,13.19,13.2,1500,200,2300,100,200,1900,2400,2600,200,200,5800,2000,1000,1400,200,1500,700,700,300,100
174.0,13.04,86900,1132424.0,13.04,13.03,13.02,13.0,12.99,12.96,12.95,12.94,12.93,12.91,13.07,13.08,13.09,13.1,13.13,13.14,13.15,13.17,13.19,13.2,1500,200,2300,100,200,1900,2400,2600,200,200,5800,2000,1000,1400,200,1500,700,700,300,100
175.0,13.04,87000,1133728.0,13.04,13.03,13.02,13.0,12.99,12.96,12.95,12.94,12.93,12.91,13.07,13.08,13.09,13.1,13.13,13.14,13.15,13.17,13.19,13.2,1400,200,2300,100,200,1900,2400,2600,200,200,5800,2000,1000,1400,200,1500,700,700,300,100
176.0,13.04,87000,1133728.0,13.04,13.03,13.02,13.0,12.99,12.96,12.95,12.94,12.93,12.91,13.07,13.08,13.09,13.1,13.13,13.14,13.15,13.17,13.19,13.2,1400,200,2300,100,200,1900,2400,2600,200,200,5800,2000,1000,1400,200,1500,700,700,300,100
177.0,13.04,87000,1133728.0,13.04,13.03,13.02,13.0,12.99,12.96,12.95,12.94,12.93,12.91,13.07,13.08,13.09,13.1,13.13,13.14,13.15,13.17,13.19,13.2,1400,200,2300,100,200,1900,2400,2600,200,200,5800,2000,1000,1400,200,1500,700,700,300,100
178.0,13.04,87100,1135032.0,13.05,13.04,13.03,13.02,13.0,12.99,12.96,12.95,12.94,12.93,13.06,13.07,13.08,13.09,13.1,13.13,13.14,13.15,13.17,13.19,400,1300,200,2300,100,200,1900,2400,2600,200,300,6100,2000,1000,1400,200,1500,700,700,300
179.0,13.04,87100,1135032.0,13.05,13.04,13.03,13.02,13.0,12.99,12.96,12.95,12.94,12.93,13.06,13.07,13.08,13.09,13.1,13.13,13.14,13.15,13.17,13.19,400,1300,200,2300,100,200,1900,2400,2600,200,300,6100,2000,1000,1400,200,1500,700,700,300
180.0,13.05,87500,1140252.0,13.04,13.03,13.02,13.0,12.99,12.96,12.95,12.94,12.93,12.91,13.05,13.06,13.07,13.08,13.09,13.1,13.13,13.14,13.15,13.17,1300,200,2300,100,200,1900,2400,2600,200,200,200,300,6100,2000,1000,1400,200,1500,700,700
181.0,13.05,87500,1140252.0,13.04,13.03,13.02,13.0,12.99,12.96,12.95,12.94,12.93,12.91,13.05,13.06,13.07,13.08,13.09,13.1,13.13,13.14,13.15,13.17,1300,200,2300,100,200,1900,2400,2600,200,200,200,300,6100,2000,1000,1400,200,1500,700,700
182.0,13.04,87600,1141556.0,13.04,13.03,13.02,13.0,12.99,12.96,12.95,12.94,12.93,12.91,13.05,13.06,13.07,13.08,13.09,13.1,13.13,13.14,13.15,13.17,1200,200,2300,100,200,1900,2400,2600,200,200,200,300,6100,2000,1000,1400,200,1500,700,700
183.0,13.04,87600,1141556.0,13.04,13.03,13.02,13.0,12.99,12.96,12.95,12.94,12.93,12.91,13.05,13.06,13.07,13.08,13.09,13.1,13.13,13.14,13.15,13.17,1200,200,2300,100,200,1900,2400,2600,200,200,200,300,6100,2000,1000,1400,200,1500,700,700
184.0,13.04,88800,1157204.0,13.03,13.02,13.0,12.99,12.96,12.95,12.94,12.93,12.91,12.9,13.04,13.05,13.06,13.07,13.08,13.09,13.1,13.13,13.14,13.15,200,2300,100,200,1900,2400,2600,200,200,5000,3700,100,300,6100,2000,1000,1400,200,1500,700
185.0,13.03,88900,1158507.0,13.03,13.02,13.0,12.99,12.96,12.95,12.94,12.93,12.91,12.9,13.04,13.05,13.06,13.07,13.08,13.09,13.1,13.13,13.14,13.15,100,2300,100,200,1900,2400,2600,200,200,5000,4000,100,300,6100,2000,1000,1400,200,1500,700
186.0,13.03,88900,1158507.0,13.03,13.02,13.0,12.99,12.96,12.95,12.94,12.93,12.91,12.9,13.04,13.05,13.06,13.07,13.08,13.09,13.1,13.13,13.14,13.15,100,2300,100,200,1900,2400,2600,200,200,5000,4000,100,300,6100,2000,1000,1400,200,1500,700
187.0,13.02,89100,1161112.0,13.02,13.0,12.99,12.96,12.95,12.94,12.93,12.91,12.9,12.88,13.04,13.05,13.07,13.08,13.09,13.1,13.13,13.14,13.15,13.17,2200,100,200,1900,2400,2600,200,200,5000,10000,4000,100,5800,2000,1000,1400,200,1500,700,700
188.0,13.02,89100,1161112.0,13.02,13.0,12.99,12.96,12.95,12.94,12.93,12.91,12.9,12.88,13.04,13.05,13.07,13.08,13.09,13.1,13.13,13.14,13.15,13.17,2200,100,200,1900,2400,2600,200,200,5000,10000,4000,100,5800,2000,1000,1400,200,1500,700,700
189.0,13.02,89300,1163716.0,13.02,13.0,12.99,12.96,12.95,12.94,12.93,12.91,12.88,12.87,13.04,13.05,13.07,13.08,13.09,13.1,13.13,13.14,13.15,13.17,2000,100,200,1900,2400,2600,200,200,10000,1500,3500,100,5800,2000,1000,1400,200,1500,700,700
190.0,13.02,89300,1163716.0,13.02,13.0,12.99,12.96,12.95,12.94,12.93,12.91,12.88,12.87,13.04,13.05,13.07,13.08,13.09,13.1,13.13,13.14,13.15,13.17,2000,100,200,1900,2400,2600,200,200,10000,1500,3500,100,5800,2000,1000,1400,200,1500,700,700
191.0,13.02,89300,1163716.0,13.02,13.0,12.99,12.96,12.95,12.94,12.93,12.91,12.88,12.87,13.04,13.05,13.07,13.08,13.09,13.1,13.13,13.14,13.15,13.17,2000,100,200,1900,2400,2600,200,200,10000,1500,3500,100,5800,2000,1000,1400,200,1500,700,700
192.0,13.02,89700,1168924.0,13.02,13.0,12.99,12.96,12.95,12.94,12.93,12.91,12.88,12.87,13.04,13.05,13.07,13.08,13.09,13.1,13.13,13.14,13.15,13.17,1600,100,200,1900,2400,2600,200,200,10000,1500,3500,100,5800,2000,1000,1400,200,1500,700,700
193.0,13.02,89800,1170226.0,13.02,13.0,12.99,12.96,12.95,12.94,12.93,12.91,12.88,12.87,13.04,13.05,13.07,13.08,13.09,13.1,13.13,13.14,13.15,13.17,1500,100,200,1900,2400,2600,200,200,10000,1500,3500,100,5800,2000,1000,1400,200,1500,700,700
194.0,13.02,89900,1171528.0,13.02,13.0,12.99,12.96,12.95,12.94,12.93,12.91,12.88,12.87,13.04,13.05,13.07,13.08,13.09,13.1,13.13,13.14,13.15,13.17,1400,100,200,1900,2400,2600,200,200,10000,1500,3500,100,5800,2000,1000,1400,200,1500,700,700
195.0,13.02,89900,1171528.0,13.03,13.02,13.0,12.99,12.96,12.95,12.94,12.93,12.91,12.88,13.04,13.05,13.08,13.09,13.1,13.13,13.14,13.15,13.17,13.19,100,1600,100,200,1900,2400,2600,200,200,10000,1400,100,2000,1800,1400,200,1500,700,700,300
196.0,13.02,89900,1171528.0,13.03,13.02,13.0,12.99,12.96,12.95,12.94,12.93,12.91,12.88,13.04,13.05,13.08,13.09,13.1,13.13,13.14,13.15,13.17,13.19,100,1600,100,200,1900,2400,2600,200,200,10000,1400,100,2000,1800,1400,200,1500,700,700,300
197.0,13.02,89900,1171528.0,13.03,13.02,13.0,12.99,12.96,12.95,12.94,12.93,12.91,12.88,13.04,13.05,13.08,13.09,13.1,13.13,13.14,13.15,13.17,13.19,100,1600,100,200,1900,2400,2600,200,200,10000,1400,100,2000,1800,1400,200,1500,700,700,300
198.0,13.04,90100,1174136.0,13.03,13.02,13.0,12.99,12.96,12.95,12.94,12.93,12.91,12.88,13.04,13.05,13.08,13.09,13.1,13.13,13.14,13.15,13.17,13.19,100,1600,100,200,1900,2400,2600,200,200,10000,1200,100,2000,1800,1400,200,1500,700,700,300
199.0,13.04,90100,1174136.0,13.03,13.02,13.0,12.99,12.96,12.95,12.94,12.93,12.91,12.88,13.04,13.05,13.08,13.09,13.1,13.13,13.14,13.15,13.17,13.19,100,1600,100,200,1900,2400,2600,200,200,10000,1200,100,2000,1800,1400,200,1500,700,700,300
200.0,13.04,90100,1174136.0,13.03,13.02,13.0,12.99,12.96,12.95,12.94,12.93,12.91,12.88,13.04,13.05,13.08,13.09,13.1,13.13,13.14,13.15,13.17,13.19,100,1600,100,200,1900,2400,2600,200,200,10000,1200,100,2000,1800,1400,200,1500,700,700,300
201.0,13.04,90100,1174136.0,13.03,13.02,13.0,12.99,12.96,12.95,12.94,12.93,12.91,12.88,13.04,13.05,13.08,13.09,13.1,13.13,13.14,13.15,13.17,13.19,100,1600,100,200,1900,2400,2600,200,200,10000,4200,100,2000,1800,1400,200,1500,700,700,300
202.0,13.04,90100,1174136.0,13.03,13.02,13.0,12.99,12.96,12.95,12.94,12.93,12.91,12.88,13.04,13.05,13.08,13.09,13.1,13.13,13.14,13.15,13.17,13.19,100,1600,100,200,1900,2400,2600,200,200,10000,4800,100,2000,1800,1400,200,1500,700,700,300
203.0,13.04,90100,1174136.0,13.03,13.02,13.0,12.99,12.96,12.95,12.94,12.93,12.91,12.88,13.04,13.05,13.08,13.09,13.1,13.13,13.14,13.15,13.17,13.19,400,1600,100,200,1900,2400,2600,200,200,10000,4800,100,2000,1800,1400,200,1500,700,700,300
204.0,13.06,95100,1239339.0,13.04,13.03,13.02,13.0,12.99,12.96,12.95,12.94,12.93,12.91,13.06,13.07,13.08,13.09,13.1,13.13,13.14,13.15,13.17,13.19,1600,400,1600,100,200,1900,2400,2600,200,200,600,500,2200,1800,1400,200,1500,700,700,300
205.0,13.04,95600,1245859.0,13.04,13.03,13.02,13.0,12.99,12.96,12.95,12.94,12.93,12.91,13.06,13.07,13.08,13.09,13.1,13.13,13.14,13.15,13.17,13.19,1300,400,1600,100,200,1900,2400,2600,200,200,600,700,2200,1800,1400,200,1500,700,700,300
206.0,13.04,95600,1245859.0,13.04,13.03,13.02,13.0,12.99,12.96,12.95,12.94,12.93,12.91,13.06,13.07,13.08,13.09,13.1,13.13,13.14,13.15,13.17,13.19,1300,400,1600,100,200,1900,2400,2600,200,200,600,700,2200,1800,1400,200,1500,700,700,300
207.0,13.04,95700,1247163.0,13.04,13.03,13.02,13.0,12.99,12.96,12.95,12.94,12.93,12.91,13.06,13.07,13.08,13.09,13.1,13.13,13.14,13.15,13.17,13.19,1200,400,1600,100,200,1900,2400,2600,200,200,600,700,2200,1800,1400,200,1500,700,700,300
208.0,13.04,95700,1247163.0,13.04,13.03,13.02,13.0,12.99,12.96,12.95,12.94,12.93,12.91,13.06,13.07,13.08,13.09,13.1,13.13,13.14,13.15,13.17,13.19,1200,400,1600,1400,200,1900,2400,2600,200,200,700,700,2200,1800,1400,200,1500,700,700,300
209.0,13.04,95800,1248467.0,13.04,13.03,13.02,13.0,12.99,12.96,12.95,12.94,12.93,12.91,13.06,13.07,13.08,13.09,13.1,13.13,13.14,13.15,13.17,13.19,1100,400,1600,1400,200,1900,2400,2600,200,200,500,700,2200,1800,1400,200,1500,700,700,300
210.0,13.04,95900,1249771.0,13.04,13.03,13.02,13.0,12.99,12.96,12.95,12.94,12.93,12.91,13.06,13.07,13.08,13.09,13.1,13.13,13.14,13.15,13.17,13.19,1000,400,1600,1400,200,1900,2400,2600,200,200,500,700,2200,1800,1400,200,1500,700,700,300
211.0,13.04,95900,1249771.0,13.04,13.03,13.02,13.0,12.99,12.96,12.95,12.94,12.93,12.91,13.06,13.07,13.08,13.09,13.1,13.13,13.14,13.15,13.17,13.19,1100,400,1600,1400,200,1900,2400,2600,200,200,500,700,2200,1800,1400,200,1500,700,700,300
212.0,13.06,96000,1251077.0,13.04,13.03,13.02,13.0,12.99,12.96,12.95,12.94,12.93,12.91,13.06,13.07,13.08,13.09,13.1,13.13,13.14,13.15,13.17,13.19,1100,400,1600,1400,200,1900,2400,2600,200,200,400,700,2200,1800,1400,200,1500,700,700,300
213.0,13.04,96700,1260205.0,13.04,13.03,13.02,13.0,12.99,12.96,12.95,12.94,12.93,12.91,13.06,13.07,13.08,13.09,13.1,13.13,13.14,13.15,13.17,13.19,400,400,1600,1400,200,1900,2400,2600,200,200,400,700,2200,1800,1400,200,1500,700,700,300
214.0,13.04,96700,1260205.0,13.04,13.03,13.02,13.0,12.99,12.96,12.95,12.94,12.93,12.91,13.06,13.07,13.08,13.09,13.1,13.13,13.14,13.15,13.17,13.19,400,400,1600,1400,200,1900,2400,2600,200,200,400,700,2200,1800,1400,200,1500,700,700,300
215.0,13.04,97700,1273245.0,13.03,13.02,13.0,12.99,12.96,12.95,12.94,12.93,12.91,12.88,13.04,13.05,13.06,13.07,13.08,13.09,13.1,13.13,13.14,13.15,400,1600,1400,200,1900,2400,2600,200,200,10000,1000,6200,600,1000,2200,1800,1400,200,1500,700
216.0,13.04,97700,1273245.0,13.03,13.02,13.0,12.99,12.96,12.95,12.94,12.93,12.91,12.88,13.04,13.05,13.06,13.07,13.08,13.09,13.1,13.13,13.14,13.15,400,1600,1400,200,1900,2400,2600,200,200,10000,1000,6200,600,1000,2200,1800,1400,200,1500,700
217.0,13.04,97900,1275853.0,13.03,13.02,13.0,12.99,12.96,12.95,12.94,12.93,12.91,12.88,13.04,13.05,13.06,13.07,13.08,13.09,13.1,13.13,13.14,13.15,400,1600,1400,200,1900,2400,2600,200,200,10000,800,6200,600,1000,2200,1800,1400,200,1500,700
218.0,13.04,97900,1275853.0,13.03,13.02,13.0,12.99,12.96,12.95,12.94,12.93,12.91,12.88,13.04,13.05,13.06,13.07,13.08,13.09,13.1,13.13,13.14,13.15,400,1600,1400,200,1900,2400,2600,200,200,10000,900,6200,400,1000,2200,1800,1400,200,1500,700
219.0,13.04,97900,1275853.0,13.03,13.02,13.0,12.99,12.96,12.95,12.94,12.93,12.91,12.88,13.04,13.05,13.06,13.07,13.08,13.09,13.1,13.13,13.14,13.15,400,1600,1400,200,1900,2400,2600,200,200,10000,900,6200,400,1000,2200,1800,1400,200,1500,700
220.0,13.04,97900,1275853.0,13.03,13.02,13.0,12.99,12.96,12.95,12.94,12.93,12.91,12.88,13.04,13.05,13.06,13.07,13.08,13.09,13.1,13.13,13.14,13.15,400,1600,1400,200,1900,2400,2600,200,200,10000,900,6200,400,1000,2200,1800,1400,200,1500,700
221.0,13.05,99100,1291504.0,13.03,13.02,13.0,12.99,12.96,12.95,12.94,12.93,12.91,12.88,13.04,13.05,13.06,13.07,13.08,13.09,13.1,13.13,13.14,13.15,400,1600,1400,200,1900,2400,2600,200,200,10000,100,5900,400,1000,2400,1800,1400,200,1500,700
222.0,13.05,99100,1291504.0,13.03,13.02,13.0,12.99,12.96,12.95,12.94,12.93,12.91,12.88,13.04,13.05,13.06,13.07,13.08,13.09,13.1,13.13,13.14,13.15,400,1600,1400,200,1900,2400,2600,200,200,10000,100,5900,400,1000,2400,1800,1400,200,1500,700
223.0,13.05,99100,1291504.0,13.03,13.02,13.0,12.99,12.96,12.95,12.94,12.93,12.91,12.88,13.04,13.05,13.06,13.07,13.08,13.09,13.1,13.13,13.14,13.15,400,1600,1400,200,1900,2400,2600,200,200,10000,100,5900,400,1000,2400,1800,1400,200,1500,700
224.0,13.05,99100,1291504.0,13.03,13.02,13.0,12.99,12.96,12.95,12.94,12.93,12.91,12.88,13.04,13.05,13.06,13.07,13.08,13.09,13.1,13.13,13.14,13.15,400,1600,1400,200,1900,2400,2600,200,200,10000,100,5900,400,1000,2400,1800,1400,200,1500,700
225.0,13.05,99100,1291504.0,13.03,13.02,13.0,12.99,12.96,12.95,12.94,12.93,12.91,12.88,13.04,13.05,13.06,13.07,13.08,13.09,13.1,13.13,13.14,13.15,400,1600,1400,200,1900,2400,2600,200,200,10000,100,5900,400,1000,2400,1800,1400,200,1500,700
226.0,13.05,99100,1291504.0,13.03,13.02,13.0,12.99,12.96,12.95,12.94,12.93,12.91,12.88,13.04,13.05,13.06,13.07,13.08,13.09,13.1,13.13,13.14,13.15,800,1600,1400,200,1900,2400,2600,200,200,10000,100,5900,400,1000,2400,1800,1400,200,1500,700
227.0,13.03,99200,1292807.0,13.03,13.02,13.0,12.99,12.96,12.95,12.94,12.93,12.91,12.88,13.04,13.05,13.06,13.07,13.08,13.09,13.1,13.13,13.14,13.15,700,1600,1400,200,1900,2400,2600,200,200,10000,100,5900,400,1000,2400,1800,1400,200,1500,700
228.0,13.03,99200,1292807.0,13.03,13.02,13.0,12.99,12.96,12.95,12.94,12.93,12.91,12.88,13.04,13.05,13.06,13.07,13.08,13.09,13.1,13.13,13.14,13.15,700,1600,1400,200,1900,2400,2600,200,200,10000,100,5900,400,1000,2400,1800,1400,200,1500,700
229.0,13.04,99300,1294111.0,13.03,13.02,13.0,12.99,12.96,12.95,12.94,12.93,12.91,12.88,13.05,13.06,13.07,13.08,13.09,13.1,13.13,13.14,13.15,13.17,1700,1600,1400,200,1900,2400,2600,200,200,10000,5900,400,1000,2400,1800,1400,200,1500,700,700
230.0,13.03,99400,1295414.0,13.03,13.02,13.0,12.99,12.96,12.95,12.94,12.93,12.91,12.88,13.05,13.06,13.07,13.08,13.09,13.1,13.13,13.14,13.15,13.17,1600,1600,1400,200,1900,2400,2600,200,200,10000,5900,400,1000,2400,1800,1400,200,1500,700,700
231.0,13.03,99500,1296717.0,13.03,13.02,13.0,12.99,12.96,12.95,12.94,12.93,12.91,12.88,13.05,13.06,13.07,13.08,13.09,13.1,13.13,13.14,13.15,13.17,1500,1600,1400,200,1900,2400,2600,200,200,10000,5900,400,1000,2400,1800,1400,200,1500,700,700
232.0,13.03,99600,1298020.0,13.03,13.02,13.0,12.99,12.96,12.95,12.94,12.93,12.91,12.88,13.05,13.06,13.07,13.08,13.09,13.1,13.13,13.14,13.15,13.17,1400,1600,1400,200,1900,2400,2600,200,200,10000,5900,400,1000,2400,1800,1400,200,1500,700,700
233.0,13.05,99800,1300628.0,13.04,13.03,13.02,13.0,12.99,12.96,12.95,12.94,12.93,12.91,13.05,13.06,13.07,13.08,13.09,13.1,13.13,13.14,13.15,13.17,200,1400,1600,1400,200,1900,2400,2600,200,200,5800,400,1000,2400,1800,1400,200,1500,700,700
234.0,13.05,99800,1300628.0,13.04,13.03,13.02,13.0,12.99,12.96,12.95,12.94,12.93,12.91,13.05,13.06,13.07,13.08,13.09,13.1,13.13,13.14,13.15,13.17,200,1400,1600,1400,200,1900,2400,2600,200,200,5800,400,1000,2400,1800,1400,200,1500,700,700
235.0,13.05,99800,1300628.0,13.04,13.03,13.02,13.0,12.99,12.96,12.95,12.94,12.93,12.91,13.05,13.06,13.07,13.08,13.09,13.1,13.13,13.14,13.15,13.17,200,1400,1600,1400,200,1900,2400,2600,200,200,5800,400,1000,2400,1800,1400,200,1500,700,700
236.0,13.05,100300,1307153.0,13.04,13.03,13.02,13.0,12.99,12.96,12.95,12.94,12.93,12.91,13.05,13.06,13.07,13.08,13.09,13.1,13.13,13.14,13.15,13.17,200,1400,1600,1400,200,1900,2400,2600,200,200,5300,400,1000,2400,1800,1400,200,1500,700,700
237.0,13.05,100300,1307153.0,13.04,13.03,13.02,13.0,12.99,12.96,12.95,12.94,12.93,12.91,13.05,13.06,13.07,13.08,13.09,13.1,13.13,13.14,13.15,13.17,200,1400,1600,1400,200,1900,2400,2600,200,200,5300,400,1000,2400,1800,1400,200,1500,700,700
238.0,13.05,100300,1307153.0,13.04,13.03,13.02,13.0,12.99,12.96,12.95,12.94,12.93,12.91,13.05,13.06,13.07,13.08,13.09,13.1,13.13,13.14,13.15,13.17,200,1400,1600,1400,200,1900,2400,2600,200,200,5300,400,3000,2400,1800,1400,200,1500,700,700
239.0,13.04,100400,1308457.0,13.04,13.03,13.02,13.0,12.99,12.96,12.95,12.94,12.93,12.91,13.05,13.06,13.07,13.08,13.09,13.1,13.13,13.14,13.15,13.17,100,1400,1600,1400,200,1900,2400,2600,200,200,5300,400,3000,2400,1800,1400,200,1500,700,700
240.0,13.05,100900,1314982.0,13.04,13.03,13.02,13.0,12.99,12.96,12.95,12.94,12.93,12.91,13.05,13.06,13.07,13.08,13.09,13.1,13.13,13.14,13.15,13.17,100,1400,1600,1400,200,1900,2400,2600,200,200,4800,400,3000,2400,1800,1400,200,1500,700,700
241.0,13.05,100900,1314982.0,13.04,13.03,13.02,13.0,12.99,12.96,12.95,12.94,12.93,12.91,13.05,13.06,13.07,13.08,13.09,13.1,13.13,13.14,13.15,13.17,100,1400,1600,1400,200,1900,2400,2600,200,200,5700,400,3000,2400,1800,1400,200,1500,700,700
242.0,13.04,101000,1316286.0,13.03,13.02,13.0,12.99,12.96,12.95,12.94,12.93,12.91,12.88,13.05,13.06,13.07,13.08,13.09,13.1,13.13,13.14,13.15,13.17,1400,1600,1400,200,1900,2400,2600,200,200,10000,1400,400,3000,2400,1800,1400,200,1500,700,700
243.0,13.05,101100,1317591.0,13.03,13.02,13.0,12.99,12.96,12.95,12.94,12.93,12.91,12.88,13.05,13.06,13.07,13.08,13.09,13.1,13.13,13.14,13.15,13.17,1400,1600,1400,200,1900,2400,2600,200,200,10000,1300,400,3000,2400,1800,1400,200,1500,700,700
244.0,13.05,101100,1317591.0,13.03,13.02,13.0,12.99,12.96,12.95,12.94,12.93,12.91,12.88,13.05,13.06,13.07,13.08,13.09,13.1,13.13,13.14,13.15,13.17,1400,1600,1400,200,1900,2400,2600,200,200,10000,1300,400,3000,2400,1800,1400,200,1500,700,700
245.0,13.05,101100,1317591.0,13.03,13.02,13.0,12.99,12.96,12.95,12.94,12.93,12.91,12.88,13.04,13.05,13.06,13.07,13.08,13.09,13.1,13.13,13.14,13.15,1600,1600,1400,200,1900,2400,2600,200,200,10000,100,1300,400,3000,2400,1800,1400,200,1500,700
246.0,13.03,101200,1318894.0,13.03,13.02,13.0,12.99,12.96,12.95,12.94,12.93,12.91,12.88,13.04,13.05,13.06,13.07,13.08,13.09,13.1,13.13,13.14,13.15,1600,1600,1400,200,1900,2400,2600,200,200,10000,100,1300,400,3000,2400,1800,1400,200,1500,700
247.0,13.03,101300,1320197.0,13.03,13.02,13.0,12.99,12.96,12.95,12.94,12.93,12.91,12.88,13.04,13.05,13.06,13.07,13.08,13.09,13.1,13.13,13.14,13.15,1500,1600,1400,200,1900,2400,2600,200,200,10000,100,1300,400,3000,2400,1800,1400,200,1500,700
248.0,13.04,101500,1322805.0,13.04,13.03,13.02,13.0,12.99,12.96,12.95,12.94,12.93,12.91,13.05,13.06,13.07,13.08,13.09,13.1,13.13,13.14,13.15,13.17,400,1500,1600,1400,200,1900,2400,2600,200,200,900,400,3000,2400,1800,1400,200,1500,700,700
249.0,13.04,101500,1322805.0,13.04,13.03,13.02,13.0,12.99,12.96,12.95,12.94,12.93,12.91,13.05,13.06,13.07,13.08,13.09,13.1,13.13,13.14,13.15,13.17,400,1500,1600,1400,200,1900,2400,2600,200,200,900,400,3000,2400,1800,1400,200,1500,700,700
250.0,13.04,101500,1322805.0,13.04,13.03,13.02,13.0,12.99,12.96,12.95,12.94,12.93,12.91,13.05,13.06,13.07,13.08,13.09,13.1,13.13,13.14,13.15,13.17,400,1500,1600,1400,200,1900,2400,2600,200,200,900,400,3000,2400,1800,1400,200,1500,700,700
251.0,13.04,101500,1322805.0,13.04,13.03,13.02,13.0,12.99,12.96,12.95,12.94,12.93,12.91,13.05,13.06,13.07,13.08,13.09,13.1,13.13,13.14,13.15,13.17,400,1500,1600,1400,200,1900,2400,2600,200,200,900,400,3000,2400,1800,1400,200,1500,700,700
252.0,13.05,102400,1334550.0,13.05,13.04,13.03,13.02,13.0,12.99,12.96,12.95,12.94,12.93,13.06,13.07,13.08,13.09,13.1,13.13,13.14,13.15,13.17,13.19,100,400,1500,1600,1400,200,1900,2400,2600,200,400,3000,2400,1800,1400,200,1500,700,700,300
253.0,13.05,102400,1334550.0,13.05,13.04,13.03,13.02,13.0,12.99,12.96,12.95,12.94,12.93,13.06,13.07,13.08,13.09,13.1,13.13,13.14,13.15,13.17,13.19,100,400,1500,1600,1400,200,1900,2400,2600,200,400,3000,2400,1800,1400,200,1500,700,700,300
254.0,13.05,102600,1337160.0,13.03,13.02,13.0,12.99,12.96,12.95,12.94,12.93,12.91,12.88,13.05,13.06,13.07,13.08,13.09,13.1,13.13,13.14,13.15,13.17,1500,1600,1400,200,1900,2400,2600,200,200,10000,400,400,3200,2400,1800,1400,200,1500,700,700
255.0,13.05,102600,1337160.0,13.03,13.02,13.0,12.99,12.96,12.95,12.94,12.93,12.91,12.88,13.05,13.06,13.07,13.08,13.09,13.1,13.13,13.14,13.15,13.17,1500,1600,1400,200,1900,2400,2600,200,200,10000,400,400,3200,2400,1800,1400,200,1500,700,700
256.0,13.03,102700,1338463.0,13.04,13.03,13.02,13.0,12.99,12.96,12.95,12.94,12.93,12.91,13.05,13.06,13.07,13.08,13.09,13.1,13.13,13.14,13.15,13.17,400,1400,1600,1400,200,1900,2400,2600,200,200,500,400,3200,2400,1800,1400,200,1500,700,700
257.0,13.05,103200,1344988.0,13.04,13.03,13.02,13.0,12.99,12.96,12.95,12.94,12.93,12.91,13.06,13.07,13.08,13.09,13.1,13.13,13.14,13.15,13.17,13.19,400,1400,1600,1400,200,1900,2400,2600,200,200,400,3000,2400,1800,1400,200,1500,700,700,300
258.0,13.05,103200,1344988.0,13.04,13.03,13.02,13.0,12.99,12.96,12.95,12.94,12.93,12.91,13.06,13.07,13.08,13.09,13.1,13.13,13.14,13.15,13.17,13.19,400,1400,1600,1400,200,1900,2400,2600,200,200,400,3000,2400,1800,1400,200,1500,700,700,300
259.0,13.04,103600,1350204.0,13.03,13.02,13.0,12.99,12.96,12.95,12.94,12.93,12.91,12.88,13.04,13.06,13.07,13.08,13.09,13.1,13.13,13.14,13.15,13.17,1400,1600,1400,200,1900,2400,2600,200,200,10000,4500,400,3700,2400,1800,1400,200,1500,700,700
260.0,13.04,104100,1356720.0,13.03,13.02,13.0,12.99,12.96,12.95,12.94,12.93,12.91,12.88,13.04,13.05,13.06,13.07,13.08,13.09,13.1,13.13,13.14,13.15,900,1600,1400,200,1900,2400,2600,200,200,10000,5700,300,700,3700,2400,1800,1400,200,1500,700
261.0,13.04,104100,1356720.0,13.03,13.02,13.0,12.99,12.96,12.95,12.94,12.93,12.91,12.88,13.04,13.05,13.06,13.07,13.08,13.09,13.1,13.13,13.14,13.15,900,1600,1400,200,1900,2400,2600,200,200,10000,5700,300,700,3700,2400,1800,1400,200,1500,700
262.0,13.04,104700,1364543.0,13.03,13.02,13.0,12.99,12.96,12.95,12.94,12.93,12.91,12.88,13.04,13.05,13.06,13.07,13.08,13.09,13.1,13.13,13.14,13.15,800,1600,1400,200,1900,2400,2600,200,200,10000,5200,300,700,3700,2400,1800,1400,200,1500,700
263.0,13.04,104700,1364543.0,13.03,13.02,13.0,12.99,12.96,12.95,12.94,12.93,12.91,12.88,13.04,13.05,13.06,13.07,13.08,13.09,13.1,13.13,13.14,13.15,800,1600,1400,200,1900,2400,2600,200,200,10000,5400,300,400,3700,2400,1800,1400,200,1500,700
264.0,13.04,104700,1364543.0,13.03,13.02,13.0,12.99,12.96,12.95,12.94,12.93,12.91,12.88,13.04,13.05,13.06,13.07,13.08,13.09,13.1,13.13,13.14,13.15,800,1600,1400,200,1900,2400,2600,200,200,10000,5400,300,400,3700,2400,1800,1400,200,1500,700
265.0,13.04,104700,1364543.0,13.03,13.02,13.0,12.99,12.96,12.95,12.94,12.93,12.91,12.88,13.04,13.05,13.06,13.07,13.08,13.09,13.1,13.13,13.14,13.15,800,1600,1400,200,1900,2400,2600,200,200,10000,5400,300,400,3700,2400,1800,1400,200,1500,700
266.0,13.04,105300,1372367.0,13.03,13.02,13.0,12.99,12.96,12.95,12.94,12.93,12.91,12.88,13.04,13.05,13.06,13.07,13.08,13.09,13.1,13.13,13.14,13.15,700,1600,1400,200,1900,2400,2600,200,200,10000,4800,300,400,3700,2400,1800,1400,200,1500,700
267.0,13.04,105300,1372367.0,13.03,13.02,13.0,12.99,12.96,12.95,12.94,12.93,12.91,12.88,13.04,13.05,13.06,13.07,13.08,13.09,13.1,13.13,13.14,13.15,700,1600,1400,200,1900,2400,2600,200,200,10000,4800,300,400,3700,2400,1800,1400,200,1500,700
268.0,13.03,105500,1374973.0,13.03,13.02,13.0,12.99,12.96,12.95,12.94,12.93,12.91,12.88,13.04,13.05,13.06,13.07,13.08,13.09,13.1,13.13,13.14,13.15,700,1600,1400,200,1900,2400,2600,200,200,10000,4800,300,400,3700,2400,1800,1400,200,1500,700
269.0,13.03,106300,1385397.0,13.02,13.0,12.99,12.96,12.95,12.94,12.93,12.91,12.88,12.87,13.03,13.04,13.05,13.06,13.07,13.08,13.09,13.1,13.13,13.14,1600,1400,200,1900,2400,2600,200,200,10000,1500,1000,4800,300,400,3700,500,1800,1400,200,1500
270.0,13.03,106300,1385397.0,13.02,13.0,12.99,12.96,12.95,12.94,12.93,12.91,12.88,12.87,13.03,13.04,13.05,13.06,13.07,13.08,13.09,13.1,13.13,13.14,1600,1400,200,1900,2400,2600,200,200,10000,1500,1000,4800,300,400,3700,500,1800,1400,200,1500
271.0,13.03,106300,1385397.0,13.02,13.0,12.99,12.96,12.95,12.94,12.93,12.91,12.88,12.87,13.03,13.04,13.05,13.06,13.07,13.08,13.09,13.1,13.13,13.14,1600,1400,200,1900,2400,2600,200,200,10000,1500,1000,4800,400,400,3700,500,1800,1400,200,1500
272.0,13.02,106400,1386699.0,13.02,13.0,12.99,12.96,12.95,12.94,12.93,12.91,12.88,12.87,13.03,13.04,13.05,13.06,13.07,13.08,13.09,13.1,13.13,13.14,1500,1400,200,1900,2400,2600,200,200,10000,1500,1000,3500,400,400,3700,500,1800,1400,200,1500
273.0,13.02,106500,1388001.0,13.02,13.0,12.99,12.96,12.95,12.94,12.93,12.91,12.88,12.87,13.03,13.04,13.05,13.06,13.07,13.08,13.09,13.1,13.13,13.14,1400,1400,200,1900,2400,2600,200,200,10000,1500,1000,3500,400,400,3700,500,1800,1400,200,1500
274.0,13.03,107100,1395817.0,13.02,13.0,12.99,12.96,12.95,12.94,12.93,12.91,12.88,12.87,13.03,13.04,13.05,13.06,13.07,13.08,13.09,13.1,13.13,13.14,1200,1400,200,1900,2400,2600,200,200,10000,1500,600,3500,400,400,3700,500,1800,1400,200,1500
275.0,13.02,107400,1399723.0,13.02,13.0,12.99,12.96,12.95,12.94,12.93,12.91,12.88,12.87,13.03,13.04,13.05,13.06,13.07,13.08,13.09,13.1,13.13,13.14,900,1400,200,1900,2400,2600,200,200,10000,1500,600,3700,400,400,3400,500,1800,1400,200,1500
276.0,13.02,107400,1399723.0,13.02,13.0,12.99,12.96,12.95,12.94,12.93,12.91,12.88,12.87,13.03,13.04,13.05,13.06,13.07,13.08,13.09,13.1,13.13,13.14,900,1400,200,1900,2400,2600,200,200,10000,1500,600,3700,400,400,3400,500,1800,1400,200,1500
277.0,13.02,107400,1399723.0,13.02,13.0,12.99,12.96,12.95,12.94,12.93,12.91,12.88,12.87,13.03,13.04,13.05,13.06,13.07,13.08,13.09,13.1,13.13,13.14,900,1400,200,1900,2400,2600,200,200,10000,1500,2400,3700,400,400,3400,500,1800,1400,200,1500
278.0,13.02,107400,1399723.0,13.02,13.0,12.99,12.96,12.95,12.94,12.93,12.91,12.88,12.87,13.03,13.04,13.05,13.06,13.07,13.08,13.09,13.1,13.13,13.14,900,1400,200,1900,2400,2600,200,200,10000,1500,2700,3500,400,400,3400,500,1800,1400,200,1500
279.0,13.02,107400,1399723.0,13.02,13.0,12.99,12.96,12.95,12.94,12.93,12.91,12.88,12.87,13.03,13.04,13.05,13.06,13.07,13.08,13.09,13.1,13.13,13.14,900,1400,200,1900,2400,2600,200,200,10000,1500,2700,3500,400,400,3400,500,1800,1400,200,1500
280.0,13.02,107400,1399723.0,13.02,13.0,12.99,12.96,12.95,12.94,12.93,12.91,12.88,12.87,13.03,13.04,13.05,13.06,13.07,13.08,13.09,13.1,13.13,13.14,900,1400,200,1900,2400,2600,200,200,10000,1500,2700,3500,300,400,3400,500,1800,1400,200,1500
281.0,13.02,107400,1399723.0,13.02,13.0,12.99,12.96,12.95,12.94,12.93,12.91,12.88,12.87,13.03,13.04,13.05,13.06,13.07,13.08,13.09,13.1,13.13,13.14,900,1400,200,1900,2400,2600,200,200,10000,1500,2900,3500,300,400,3400,500,1800,1400,200,1500
282.0,13.02,107400,1399723.0,13.02,13.0,12.99,12.96,12.95,12.94,12.93,12.91,12.88,12.87,13.03,13.04,13.05,13.06,13.07,13.08,13.09,13.1,13.13,13.14,900,1400,200,1900,2400,2600,200,200,10000,1500,2900,3500,300,400,3400,500,1800,1400,200,1500
283.0,13.02,107400,1399723.0,13.02,13.0,12.99,12.96,12.95,12.94,12.93,12.91,12.88,12.87,13.03,13.04,13.05,13.06,13.07,13.08,13.09,13.1,13.13,13.14,900,1400,200,1900,2400,2600,200,200,10000,1500,2900,3500,300,400,3400,500,1800,1400,200,1500
284.0,13.02,107400,1399723.0,13.02,13.0,12.99,12.96,12.95,12.94,12.93,12.91,12.88,12.87,13.03,13.04,13.05,13.06,13.07,13.08,13.09,13.1,13.13,13.14,1100,1400,200,1900,2400,2600,200,200,10000,1500,2900,3600,300,400,3400,500,1800,1400,200,1500
285.0,13.02,107400,1399723.0,13.02,13.0,12.99,12.96,12.95,12.94,12.93,12.91,12.88,12.87,13.03,13.04,13.05,13.06,13.07,13.08,13.09,13.1,13.13,13.14,1100,1400,200,1900,2400,2600,200,200,10000,1500,2900,3600,300,400,3400,500,1800,1400,200,1500
286.0,13.02,107700,1403629.0,13.02,13.0,12.99,12.96,12.95,12.94,12.93,12.91,12.88,12.87,13.03,13.04,13.05,13.06,13.07,13.08,13.09,13.1,13.13,13.14,800,1400,200,1900,2400,2600,200,200,10000,1500,2900,3600,300,400,3400,500,1800,1400,200,1500
287.0,13.02,107800,1404931.0,13.02,13.0,12.99,12.96,12.95,12.94,12.93,12.91,12.88,12.87,13.03,13.04,13.05,13.06,13.07,13.08,13.09,13.1,13.13,13.14,700,1400,200,1900,2400,2600,200,200,10000,1500,2900,300,300,400,3400,500,1800,1400,200,1500
288.0,13.02,107800,1404931.0,13.02,13.0,12.99,12.96,12.95,12.94,12.93,12.91,12.88,12.87,13.03,13.04,13.05,13.06,13.07,13.08,13.09,13.1,13.13,13.14,700,1400,200,1900,2400,2600,200,200,10000,1500,2900,300,300,400,3400,500,1800,1400,200,1500
289.0,13.02,107800,1404931.0,13.02,13.0,12.99,12.96,12.95,12.94,12.93,12.91,12.88,12.87,13.03,13.04,13.05,13.06,13.07,13.08,13.09,13.1,13.13,13.14,700,1400,200,1900,2400,2600,200,200,10000,1500,2900,300,300,400,3400,500,1800,1400,200,1500
290.0,13.02,107800,1404931.0,13.02,13.0,12.99,12.96,12.95,12.94,12.93,12.91,12.88,12.87,13.03,13.04,13.05,13.06,13.07,13.08,13.09,13.1,13.13,13.14,700,1400,200,1900,2400,2600,200,200,10000,1500,2900,300,300,400,3400,500,1800,1400,200,1500
291.0,13.02,107800,1404931.0,13.02,13.0,12.99,12.96,12.95,12.94,12.93,12.91,12.88,12.87,13.03,13.04,13.05,13.06,13.07,13.08,13.09,13.1,13.13,13.14,700,1400,200,1900,2400,2600,200,200,10000,1500,2900,300,300,400,3400,500,1800,1400,200,1500
292.0,13.02,107800,1404931.0,13.02,13.0,12.99,12.96,12.95,12.94,12.93,12.91,12.88,12.87,13.03,13.04,13.05,13.06,13.07,13.08,13.09,13.1,13.13,13.14,700,1400,200,1900,2400,2600,200,200,10000,1500,2900,300,300,400,3400,500,1800,1400,200,1500
293.0,13.02,107800,1404931.0,13.02,13.0,12.99,12.96,12.95,12.94,12.93,12.91,12.88,12.87,13.03,13.04,13.06,13.07,13.08,13.09,13.1,13.13,13.14,13.15,700,1400,200,1900,2400,2600,200,200,10000,1500,3200,200,400,3400,500,1800,1400,200,1500,700
294.0,13.02,107800,1404931.0,13.02,13.0,12.99,12.96,12.95,12.94,12.93,12.91,12.88,12.87,13.03,13.04,13.06,13.07,13.08,13.09,13.1,13.13,13.14,13.15,700,1400,200,1900,2400,2600,200,200,10000,1500,3200,200,400,3400,500,1800,1400,200,1500,700
295.0,13.02,107800,1404931.0,13.02,13.0,12.99,12.96,12.95,12.94,12.93,12.91,12.88,12.87,13.03,13.04,13.06,13.07,13.08,13.09,13.1,13.13,13.14,13.15,700,1400,200,1900,2400,2600,200,200,10000,1500,3200,200,400,3400,500,1800,1400,200,1500,700
296.0,13.02,107800,1404931.0,13.02,13.0,12.99,12.96,12.95,12.94,12.93,12.91,12.88,12.87,13.03,13.04,13.06,13.07,13.08,13.09,13.1,13.13,13.14,13.15,700,1400,200,1900,2400,2600,200,200,10000,1500,3200,200,400,3400,500,1800,1400,200,1500,700
297.0,13.02,108500,1414045.0,13.0,12.99,12.96,12.95,12.94,12.93,12.91,12.88,12.87,12.85,13.02,13.03,13.04,13.06,13.07,13.08,13.09,13.1,13.13,13.14,1400,200,1900,2400,2600,200,200,10000,1500,4700,5800,3200,200,400,3400,500,1800,1400,200,1500
298.0,13.02,108500,1414045.0,13.0,12.99,12.96,12.95,12.94,12.93,12.91,12.88,12.87,12.85,13.02,13.03,13.04,13.06,13.07,13.08,13.09,13.1,13.13,13.14,1400,200,1900,2400,2600,200,200,10000,1500,4700,5900,3200,200,400,3400,500,1800,1400,200,1500
299.0,13.0,108600,1415345.0,13.0,12.99,12.96,12.95,12.94,12.93,12.91,12.88,12.87,12.85,13.02,13.03,13.04,13.06,13.07,13.08,13.09,13.1,13.13,13.14,1400,200,1900,2400,2600,200,200,10000,1500,4700,5900,3000,200,400,3400,500,1800,1400,200,1500
300.0,13.0,108700,1416645.0,13.0,12.99,12.96,12.95,12.94,12.93,12.91,12.88,12.87,12.85,13.02,13.03,13.04,13.06,13.07,13.08,13.09,13.1,13.13,13.14,1300,200,1900,2400,2600,200,200,10000,1500,4700,5900,3000,200,400,3400,500,1800,1400,200,1500
301.0,13.0,108700,1416645.0,13.0,12.99,12.96,12.95,12.94,12.93,12.91,12.88,12.87,12.85,13.01,13.02,13.03,13.04,13.06,13.07,13.08,13.09,13.1,13.13,1700,400,2100,2400,2600,200,200,10000,1500,4700,800,5900,3000,200,400,3400,500,1800,1400,200
302.0,13.0,109400,1425750.0,13.0,12.99,12.96,12.95,12.94,12.93,12.91,12.88,12.87,12.85,13.01,13.02,13.03,13.04,13.06,13.07,13.08,13.09,13.1,13.13,1500,400,2100,2400,2600,200,200,10000,1500,4700,300,4600,1200,200,400,3400,500,1800,1400,200
303.0,13.0,109500,1427050.0,13.0,12.99,12.96,12.95,12.94,12.93,12.91,12.88,12.87,12.85,13.01,13.02,13.03,13.04,13.06,13.07,13.08,13.09,13.1,13.13,1400,400,2100,2400,2600,200,200,10000,1500,4700,300,4600,1200,200,400,3400,500,1800,1400,200
304.0,13.0,109500,1427050.0,13.0,12.99,12.96,12.95,12.94,12.93,12.91,12.88,12.87,12.85,13.01,13.02,13.03,13.04,13.06,13.07,13.08,13.09,13.1,13.13,1400,400,2100,2400,2600,200,200,10000,1500,4700,300,4600,1200,200,400,3400,500,1800,1400,200
305.0,13.01,109700,1429652.0,13.0,12.99,12.96,12.95,12.94,12.93,12.91,12.88,12.87,12.85,13.01,13.02,13.03,13.04,13.06,13.07,13.08,13.09,13.1,13.13,1500,400,2100,2400,2000,200,200,10000,1500,4700,200,4600,1200,200,400,3400,500,1800,1400,200
306.0,13.01,110100,1434854.0,13.0,12.99,12.96,12.95,12.94,12.93,12.91,12.88,12.87,12.85,13.01,13.02,13.03,13.04,13.06,13.07,13.08,13.09,13.1,13.13,1300,400,2100,2400,1300,200,200,10000,1500,4700,100,4600,1200,200,400,3400,500,1800,1400,200
307.0,13.01,110200,1436155.0,13.0,12.99,12.96,12.95,12.94,12.93,12.91,12.88,12.87,12.85,13.01,13.02,13.03,13.04,13.06,13.07,13.08,13.09,13.1,13.13,1300,400,2100,2400,1600,200,200,10000,1500,4700,100,4600,1200,200,400,3400,500,1800,1400,200
308.0,13.02,110600,1441360.0,13.0,12.99,12.96,12.95,12.94,12.93,12.91,12.88,12.87,12.85,13.02,13.03,13.04,13.06,13.07,13.08,13.09,13.1,13.13,13.14,1300,400,2100,4700,1600,200,200,10000,1500,4700,4500,1200,200,400,3400,500,1800,1400,200,1500
309.0,13.0,110900,1445260.0,13.0,12.99,12.96,12.95,12.94,12.93,12.91,12.88,12.87,12.85,13.01,13.02,13.03,13.04,13.06,13.07,13.08,13.09,13.1,13.13,1000,400,2100,4700,1600,200,200,10000,1500,4700,100,4500,1200,200,400,3400,500,1800,1400,200
310.0,13.0,110900,1445260.0,13.0,12.99,12.96,12.95,12.94,12.93,12.91,12.88,12.87,12.85,13.01,13.02,13.03,13.04,13.06,13.07,13.08,13.09,13.1,13.13,1000,400,2100,4700,1600,200,200,10000,1500,4700,300,4500,1200,200,400,3400,500,1800,1400,200
311.0,13.01,111300,1450461.0,13.0,12.99,12.96,12.95,12.94,12.93,12.91,12.88,12.87,12.85,13.01,13.02,13.03,13.04,13.06,13.07,13.08,13.09,13.1,13.13,700,400,2100,4700,1600,200,200,10000,1500,4700,200,4500,1200,200,400,3400,500,1800,1400,200
312.0,13.0,111400,1451761.0,13.0,12.99,12.96,12.95,12.94,12.93,12.91,12.88,12.87,12.85,13.01,13.02,13.03,13.04,13.06,13.07,13.08,13.09,13.1,13.13,600,400,2100,4700,300,200,200,10000,1500,4700,400,4500,1200,200,400,3400,500,1800,1400,200
313.0,13.0,111400,1451761.0,13.0,12.99,12.96,12.95,12.94,12.93,12.91,12.88,12.87,12.85,13.01,13.02,13.03,13.04,13.06,13.07,13.08,13.09,13.1,13.13,600,400,2100,4700,300,200,200,10000,1500,4700,400,4500,1200,200,400,3400,500,1800,1400,200
314.0,13.0,111500,1453061.0,13.0,12.99,12.96,12.95,12.94,12.93,12.91,12.88,12.87,12.85,13.01,13.02,13.03,13.04,13.06,13.07,13.08,13.09,13.1,13.13,500,400,2100,4700,300,200,200,10000,1500,4700,600,4500,1200,200,400,3400,500,1800,1400,200
315.0,13.0,111500,1453061.0,13.0,12.99,12.96,12.95,12.94,12.93,12.91,12.88,12.87,12.85,13.01,13.02,13.03,13.04,13.06,13.07,13.08,13.09,13.1,13.13,500,400,2100,4700,300,200,200,10000,1500,4700,600,4500,1200,200,400,3400,500,1800,1400,200
316.0,13.0,111500,1453061.0,13.0,12.99,12.96,12.95,12.94,12.93,12.91,12.88,12.87,12.85,13.01,13.02,13.03,13.04,13.06,13.07,13.08,13.09,13.1,13.13,500,400,2100,4700,300,200,200,10000,1500,4700,600,4500,1200,200,400,3400,500,1800,1400,200
317.0,13.01,111600,1454362.0,13.0,12.99,12.96,12.95,12.94,12.93,12.91,12.88,12.87,12.85,13.01,13.02,13.03,13.04,13.06,13.07,13.08,13.09,13.1,13.13,500,400,2100,4700,300,200,200,10000,1500,4700,500,4500,1200,200,400,3600,500,1800,1400,200
318.0,13.01,111600,1454362.0,13.0,12.99,12.96,12.95,12.94,12.93,12.91,12.88,12.87,12.85,13.01,13.02,13.03,13.04,13.06,13.07,13.08,13.09,13.1,13.13,500,400,2100,4700,300,200,200,10000,1500,4700,500,4500,1200,200,400,3600,500,1800,1400,200
319.0,13.01,111600,1454362.0,13.0,12.99,12.96,12.95,12.94,12.93,12.91,12.88,12.87,12.85,13.01,13.02,13.03,13.04,13.06,13.07,13.08,13.09,13.1,13.13,500,400,2100,4700,300,200,200,10000,1500,4700,500,4500,1200,200,400,3600,500,1800,1400,200
320.0,13.01,111700,1455663.0,13.0,12.99,12.96,12.95,12.94,12.93,12.91,12.88,12.87,12.85,13.01,13.02,13.03,13.04,13.06,13.07,13.08,13.09,13.1,13.13,600,400,2100,4700,300,200,200,10000,1500,4700,1300,4500,1200,200,400,3600,500,1800,1400,200
321.0,13.01,111700,1455663.0,13.0,12.99,12.96,12.95,12.94,12.93,12.91,12.88,12.87,12.85,13.01,13.02,13.03,13.04,13.06,13.07,13.08,13.09,13.1,13.13,1300,400,2100,4700,300,200,200,10000,1500,4700,1300,4500,1200,200,400,3600,500,1800,1400,200
322.0,13.01,112300,1463469.0,13.0,12.99,12.96,12.95,12.94,12.93,12.91,12.88,12.87,12.85,13.01,13.02,13.03,13.04,13.06,13.07,13.08,13.09,13.1,13.13,1300,400,2100,4700,300,700,200,10000,1500,4700,700,4500,1200,200,400,3600,500,1800,1400,200
323.0,13.01,112500,1466070.0,13.0,12.99,12.96,12.95,12.94,12.93,12.91,12.88,12.87,12.85,13.01,13.02,13.03,13.04,13.06,13.07,13.08,13.09,13.1,13.13,1300,400,2100,4700,300,700,200,10000,1500,4700,600,4500,1200,200,400,3600,500,1800,1400,200
324.0,13.01,112500,1466070.0,13.0,12.99,12.96,12.95,12.94,12.93,12.91,12.88,12.87,12.85,13.01,13.02,13.03,13.04,13.06,13.07,13.08,13.09,13.1,13.13,1200,400,2100,4700,300,700,200,10000,1500,4700,600,2100,1200,200,400,3600,500,1800,1400,200
325.0,13.01,112900,1471274.0,13.0,12.99,12.96,12.95,12.94,12.93,12.91,12.88,12.87,12.85,13.01,13.02,13.03,13.04,13.06,13.07,13.08,13.09,13.1,13.13,1200,400,2100,4700,300,700,200,10000,1500,4700,200,2100,1200,200,400,3600,500,1800,1400,200
326.0,13.0,115500,1505088.0,12.99,12.96,12.95,12.94,12.93,12.91,12.88,12.87,12.85,12.84,13.0,13.01,13.02,13.03,13.04,13.06,13.07,13.08,13.09,13.1,400,2100,4700,300,700,200,10000,1500,4700,200,1000,2200,1300,900,200,400,2900,500,1800,1400
327.0,13.0,115600,1506388.0,12.99,12.96,12.95,12.94,12.93,12.91,12.88,12.87,12.85,12.84,13.0,13.01,13.02,13.03,13.04,13.06,13.07,13.08,13.09,13.1,400,2100,4700,300,700,200,10000,1500,4700,200,1300,2200,1300,900,200,400,2900,500,1800,1400
328.0,13.0,115600,1506388.0,12.99,12.96,12.95,12.94,12.93,12.91,12.88,12.87,12.85,12.84,13.0,13.01,13.02,13.03,13.04,13.06,13.07,13.08,13.09,13.1,400,2100,4700,300,700,200,10000,1500,4700,200,1300,2200,1300,900,200,400,2900,500,1800,1400
329.0,13.0,116900,1523288.0,12.99,12.96,12.95,12.94,12.93,12.91,12.88,12.87,12.85,12.84,13.01,13.02,13.03,13.04,13.06,13.07,13.08,13.09,13.1,13.13,600,2100,4700,300,700,200,10000,1500,4700,200,2200,1300,900,200,400,2900,500,1800,1400,200
330.0,12.99,117000,1524587.0,12.99,12.96,12.95,12.94,12.93,12.91,12.88,12.87,12.85,12.84,13.01,13.02,13.03,13.04,13.06,13.07,13.08,13.09,13.1,13.13,500,2100,4700,300,700,200,10000,1500,4700,200,2200,1300,900,200,400,2900,500,1800,1400,200
331.0,13.01,117400,1529791.0,12.99,12.96,12.95,12.94,12.93,12.91,12.88,12.87,12.85,12.84,13.01,13.02,13.03,13.04,13.06,13.07,13.08,13.09,13.1,13.13,500,2100,4700,300,700,200,10000,1500,4700,200,1800,1300,900,200,400,2900,500,1800,1400,200
332.0,13.0,117700,1533692.0,12.99,12.96,12.95,12.94,12.93,12.91,12.88,12.87,12.85,12.84,13.01,13.02,13.03,13.04,13.06,13.07,13.08,13.09,13.1,13.13,500,2100,4700,300,700,200,10000,1500,4700,200,1700,1300,900,100,400,2900,500,1800,1400,200
333.0,13.0,117700,1533692.0,12.99,12.96,12.95,12.94,12.93,12.91,12.88,12.87,12.85,12.84,13.01,13.02,13.03,13.04,13.06,13.07,13.08,13.09,13.1,13.13,500,2100,4700,300,700,200,10000,1500,4700,200,1700,1300,900,100,400,2900,500,1800,1400,200
334.0,13.0,117700,1533692.0,12.99,12.96,12.95,12.94,12.93,12.91,12.88,12.87,12.85,12.84,13.0,13.01,13.02,13.03,13.04,13.06,13.07,13.08,13.09,13.1,500,2100,4700,300,700,200,10000,1500,4700,200,1000,1700,1300,900,100,400,2900,500,1800,1400
335.0,13.0,117700,1533692.0,12.99,12.96,12.95,12.94,12.93,12.91,12.88,12.87,12.85,12.84,13.0,13.01,13.02,13.03,13.04,13.06,13.07,13.08,13.09,13.1,500,2100,4700,300,700,200,10000,1500,4700,200,1100,1700,1300,900,100,400,2900,500,1800,1400
336.0,13.0,117800,1534992.0,12.99,12.96,12.95,12.94,12.93,12.91,12.88,12.87,12.85,12.84,13.0,13.01,13.02,13.03,13.04,13.06,13.07,13.08,13.09,13.1,500,2100,4700,300,700,200,10000,1500,4700,200,1000,1700,1300,900,100,400,2900,500,1800,1400
337.0,13.0,117800,1534992.0,12.99,12.96,12.95,12.94,12.93,12.91,12.88,12.87,12.85,12.84,13.0,13.01,13.02,13.03,13.04,13.06,13.07,13.08,13.09,13.1,500,2100,4700,300,700,200,10000,1500,4700,200,1000,1700,1300,900,100,400,2900,500,1800,1400
338.0,13.0,117900,1536292.0,12.99,12.96,12.95,12.94,12.93,12.91,12.88,12.87,12.85,12.84,13.0,13.01,13.02,13.03,13.04,13.06,13.07,13.08,13.09,13.1,500,2100,4700,300,700,200,10000,1500,5200,200,900,1700,1300,600,100,400,2900,500,1800,1400
339.0,13.0,117900,1536292.0,12.99,12.96,12.95,12.94,12.93,12.91,12.88,12.87,12.85,12.84,13.0,13.01,13.02,13.03,13.04,13.06,13.07,13.08,13.09,13.1,500,2100,4700,300,700,200,10000,1500,5200,200,900,1700,1300,600,100,400,2900,500,1800,1400
340.0,13.0,117900,1536292.0,12.99,12.96,12.95,12.94,12.93,12.91,12.88,12.87,12.85,12.84,13.0,13.01,13.02,13.03,13.04,13.06,13.07,13.08,13.09,13.1,500,2100,4700,300,700,200,10000,1500,5200,200,1000,1700,1300,600,100,400,2900,500,1800,1400
341.0,13.0,118000,1537592.0,12.99,12.96,12.95,12.94,12.93,12.91,12.88,12.87,12.85,12.84,13.0,13.01,13.02,13.03,13.04,13.06,13.07,13.08,13.09,13.1,500,2100,4700,300,700,200,10000,1500,5200,200,1200,1700,1300,600,100,400,2900,500,1800,1400
342.0,13.0,118000,1537592.0,12.99,12.96,12.95,12.94,12.93,12.91,12.88,12.87,12.85,12.84,13.0,13.01,13.02,13.03,13.04,13.06,13.07,13.08,13.09,13.1,500,2100,4700,300,700,200,10000,1500,5200,200,1200,1700,1300,600,100,400,2900,500,1800,1400
343.0,13.0,118300,1541492.0,12.99,12.96,12.95,12.94,12.93,12.91,12.88,12.87,12.85,12.84,13.0,13.01,13.02,13.03,13.04,13.06,13.07,13.08,13.09,13.1,500,2200,4700,300,700,200,10000,1500,5200,200,900,1700,1300,600,100,400,2900,500,1800,1400
344.0,13.0,118300,1541492.0,12.99,12.96,12.95,12.94,12.93,12.91,12.88,12.87,12.85,12.84,13.0,13.01,13.02,13.03,13.04,13.06,13.07,13.08,13.09,13.1,700,2200,2400,300,700,200,10000,1500,5200,200,900,1700,1300,600,100,400,2900,500,1800,1400
345.0,12.99,118600,1545389.0,12.99,12.96,12.95,12.94,12.93,12.91,12.88,12.87,12.85,12.84,13.0,13.01,13.02,13.03,13.04,13.06,13.07,13.08,13.09,13.1,400,2200,2400,300,700,200,10000,1500,5200,200,900,1700,1300,600,100,400,2900,500,1800,1400
346.0,12.99,118600,1545389.0,12.99,12.96,12.95,12.94,12.93,12.91,12.88,12.87,12.85,12.84,13.0,13.01,13.02,13.03,13.04,13.06,13.07,13.08,13.09,13.1,400,2200,2400,300,700,200,10000,1500,5200,200,900,1700,1300,600,100,400,2900,500,1800,1400
347.0,12.99,118600,1545389.0,12.99,12.96,12.95,12.94,12.93,12.91,12.88,12.87,12.85,12.84,13.0,13.01,13.02,13.03,13.04,13.06,13.07,13.08,13.09,13.1,400,2200,2400,300,700,200,10000,1500,5200,200,900,1700,1300,600,100,400,2900,500,1800,1400
348.0,12.99,118600,1545389.0,12.99,12.96,12.95,12.94,12.93,12.91,12.88,12.87,12.85,12.84,13.0,13.01,13.02,13.03,13.04,13.06,13.07,13.08,13.09,13.1,400,2200,2400,300,700,200,10000,1500,5200,200,900,1700,1300,600,100,400,2900,500,1800,1400
349.0,12.99,118600,1545389.0,12.99,12.96,12.95,12.94,12.93,12.91,12.88,12.87,12.85,12.84,13.0,13.01,13.02,13.03,13.04,13.06,13.07,13.08,13.09,13.1,400,2200,2400,300,700,200,10000,1500,5200,200,900,1700,1300,600,100,400,2900,500,1800,1400
350.0,12.99,118600,1545389.0,12.99,12.96,12.95,12.94,12.93,12.91,12.88,12.87,12.85,12.84,13.0,13.01,13.02,13.03,13.04,13.06,13.07,13.08,13.09,13.1,400,2200,2400,300,700,200,10000,1500,5200,200,900,1700,1300,600,100,400,2900,500,1800,1400
351.0,12.99,118600,1545389.0,12.99,12.96,12.95,12.94,12.93,12.91,12.88,12.87,12.85,12.84,13.0,13.01,13.02,13.03,13.04,13.06,13.07,13.08,13.09,13.1,400,2200,2400,300,700,200,10000,1500,5200,200,900,1700,1300,600,100,400,2900,500,1800,1400
352.0,12.99,118600,1545389.0,12.99,12.96,12.95,12.94,12.93,12.91,12.88,12.87,12.85,12.84,13.0,13.01,13.02,13.03,13.04,13.06,13.07,13.08,13.09,13.1,400,2200,2400,300,700,200,10000,1500,5200,200,900,1700,1300,600,100,400,2900,500,1800,1400
353.0,12.99,118600,1545389.0,12.99,12.96,12.95,12.94,12.93,12.91,12.88,12.87,12.85,12.84,13.0,13.01,13.02,13.03,13.04,13.06,13.07,13.08,13.09,13.1,400,2200,2400,300,700,200,10000,1500,5200,200,900,1700,1300,600,100,400,2900,500,1800,1400
354.0,12.99,118600,1545389.0,12.99,12.96,12.95,12.94,12.93,12.91,12.88,12.87,12.85,12.84,13.0,13.01,13.02,13.03,13.04,13.06,13.07,13.08,13.09,13.1,400,2200,2400,300,700,200,10000,1500,5200,200,900,1700,1300,600,100,400,2900,500,1800,1400
355.0,12.99,118600,1545389.0,12.99,12.96,12.95,12.94,12.93,12.91,12.88,12.87,12.85,12.84,13.0,13.01,13.02,13.03,13.04,13.06,13.07,13.08,13.09,13.1,400,2200,2400,300,700,200,10000,1500,5200,200,900,1700,1300,600,100,400,2900,500,1800,1400
356.0,12.99,118600,1545389.0,12.99,12.96,12.95,12.94,12.93,12.91,12.88,12.87,12.85,12.84,13.0,13.01,13.02,13.03,13.04,13.06,13.07,13.08,13.09,13.1,400,2200,2400,300,700,200,10000,1500,5200,200,900,1700,1300,600,100,400,2900,500,1800,1400
357.0,12.99,118600,1545389.0,12.99,12.96,12.95,12.94,12.93,12.91,12.88,12.87,12.85,12.84,13.0,13.01,13.02,13.03,13.04,13.06,13.07,13.08,13.09,13.1,400,2200,2400,300,700,200,10000,1500,5200,200,900,1700,1300,600,100,400,2900,500,1800,1400
358.0,12.99,119000,1550585.0,12.96,12.95,12.94,12.93,12.91,12.88,12.87,12.85,12.84,12.83,12.99,13.0,13.01,13.02,13.03,13.04,13.06,13.07,13.08,13.09,2200,2400,300,700,200,10000,1500,5200,200,500,4600,900,1700,1300,600,100,400,2900,500,1800
359.0,12.99,119400,1555781.0,12.96,12.95,12.94,12.93,12.91,12.88,12.87,12.85,12.84,12.83,12.99,13.0,13.01,13.02,13.03,13.04,13.06,13.07,13.08,13.09,500,2400,300,700,200,10000,1500,5200,200,500,4800,900,1700,1300,600,100,400,2900,500,1800
360.0,12.99,119400,1555781.0,12.96,12.95,12.94,12.93,12.91,12.88,12.87,12.85,12.84,12.83,12.99,13.0,13.01,13.02,13.03,13.04,13.06,13.07,13.08,13.09,600,2400,300,700,200,10000,1500,5200,200,500,4900,900,1700,1300,600,100,400,2900,500,1800
361.0,12.99,119400,1555781.0,12.97,12.96,12.95,12.94,12.93,12.91,12.88,12.87,12.85,12.84,12.99,13.0,13.01,13.02,13.03,13.04,13.06,13.07,13.08,13.09,100,600,2400,300,700,200,10000,1500,5200,200,4900,900,1700,1300,600,100,400,2900,500,1800
362.0,12.99,119600,1558379.0,12.97,12.96,12.95,12.94,12.93,12.91,12.88,12.87,12.85,12.84,12.99,13.0,13.01,13.02,13.03,13.04,13.06,13.07,13.08,13.09,100,600,3700,400,700,200,10000,1500,6000,200,4700,800,1700,1300,600,100,400,2900,500,1800
363.0,12.99,120000,1563575.0,12.97,12.96,12.95,12.94,12.93,12.91,12.88,12.87,12.85,12.84,12.99,13.0,13.01,13.02,13.03,13.04,13.06,13.07,13.08,13.09,100,600,3700,400,700,200,10000,1500,6000,200,3900,800,1700,1300,600,100,400,2900,500,1800
364.0,12.99,120000,1563575.0,12.97,12.96,12.95,12.94,12.93,12.91,12.88,12.87,12.85,12.84,12.99,13.0,13.01,13.02,13.03,13.04,13.06,13.07,13.08,13.09,100,600,3700,400,700,200,10000,1500,6000,200,3900,800,1700,1300,600,100,400,2900,500,1800
365.0,12.96,120400,1568760.0,12.97,12.96,12.95,12.94,12.93,12.91,12.88,12.87,12.85,12.84,12.99,13.0,13.01,13.02,13.03,13.04,13.06,13.07,13.08,13.09,100,300,3700,300,700,200,10000,1500,6000,200,3900,800,1700,1300,600,100,400,2900,500,1800
366.0,12.99,120700,1572657.0,12.97,12.96,12.95,12.94,12.93,12.91,12.88,12.87,12.85,12.84,12.99,13.0,13.01,13.02,13.03,13.04,13.06,13.07,13.08,13.09,100,300,3700,300,700,200,10000,1500,6000,200,3600,800,1700,1300,600,100,400,2900,500,1800
367.0,12.99,120700,1572657.0,12.97,12.96,12.95,12.94,12.93,12.91,12.88,12.87,12.85,12.84,12.99,13.0,13.01,13.02,13.03,13.04,13.06,13.07,13.08,13.09,100,300,3700,300,700,200,10000,1500,6000,200,3600,400,200,1200,600,100,400,2900,500,1800
368.0,12.99,120700,1572657.0,12.97,12.96,12.95,12.94,12.93,12.91,12.88,12.87,12.85,12.84,12.99,13.0,13.01,13.02,13.03,13.04,13.06,13.07,13.08,13.09,100,300,3700,300,700,200,10000,1500,6000,200,3600,400,200,1200,600,100,400,2900,500,1800
369.0,12.99,121000,1576554.0,12.97,12.96,12.95,12.94,12.93,12.91,12.88,12.87,12.85,12.84,12.99,13.0,13.01,13.02,13.03,13.04,13.06,13.07,13.08,13.09,100,300,3700,300,700,200,10000,1500,6000,200,3300,400,200,1200,600,100,400,2900,500,1800
370.0,12.99,121000,1576554.0,12.97,12.96,12.95,12.94,12.93,12.91,12.88,12.87,12.85,12.84,12.99,13.0,13.01,13.02,13.03,13.04,13.06,13.07,13.08,13.09,100,300,3700,300,700,200,10000,1500,6000,200,3300,400,200,1200,600,100,400,2900,500,1800
371.0,13.0,124700,1624621.0,13.0,12.98,12.97,12.96,12.95,12.94,12.93,12.91,12.88,12.87,13.01,13.02,13.03,13.04,13.06,13.07,13.08,13.09,13.1,13.12,1200,100,900,300,3700,300,700,200,10000,1500,200,1200,2200,100,400,2900,500,1800,1400,1000
372.0,13.0,124800,1625921.0,13.0,12.99,12.98,12.97,12.96,12.95,12.94,12.93,12.91,12.88,13.01,13.02,13.03,13.04,13.06,13.07,13.08,13.09,13.1,13.12,1100,400,100,900,300,3700,300,700,200,10000,200,1200,2200,100,400,2900,500,1800,1400,1000
373.0,13.01,125000,1628522.0,13.0,12.99,12.98,12.97,12.96,12.95,12.94,12.93,12.91,12.88,13.01,13.02,13.03,13.04,13.06,13.07,13.08,13.09,13.1,13.12,1000,500,100,800,300,3700,300,700,200,10000,700,1200,600,100,400,2900,500,1800,1400,1000
374.0,13.0,126000,1641529.0,12.99,12.97,12.96,12.95,12.94,12.93,12.91,12.88,12.87,12.85,13.02,13.03,13.04,13.06,13.07,13.08,13.09,13.1,13.12,13.13,700,800,200,3400,300,700,200,10000,1500,6000,1200,700,100,400,2900,500,1800,1400,1000,200
375.0,13.02,126100,1642831.0,12.99,12.97,12.96,12.95,12.94,12.93,12.91,12.88,12.87,12.85,13.02,13.03,13.04,13.06,13.07,13.08,13.09,13.1,13.12,13.13,300,800,200,3400,300,700,200,10000,1500,6000,1200,700,100,400,2900,500,1800,1400,1000,200
376.0,13.0,126200,1644131.0,12.99,12.97,12.96,12.95,12.94,12.93,12.91,12.88,12.87,12.85,13.02,13.03,13.04,13.06,13.07,13.08,13.09,13.1,13.12,13.13,700,800,200,3400,300,700,200,10000,1500,6000,1300,900,100,400,2900,500,1800,1400,1000,200
377.0,13.0,126900,1653226.0,12.99,12.97,12.96,12.95,12.94,12.93,12.91,12.88,12.87,12.85,13.0,13.01,13.02,13.03,13.04,13.06,13.07,13.08,13.09,13.1,300,1000,200,3400,300,700,200,10000,1500,6000,1600,100,1400,900,100,400,2900,500,1800,1400
378.0,13.0,127200,1657126.0,12.99,12.97,12.96,12.95,12.94,12.93,12.91,12.88,12.87,12.85,13.0,13.01,13.02,13.03,13.04,13.06,13.07,13.08,13.09,13.1,300,1100,200,3400,300,700,200,10000,1500,6000,1300,100,1400,900,100,400,2900,500,1800,1400
379.0,13.0,127300,1658426.0,12.99,12.97,12.96,12.95,12.94,12.93,12.91,12.88,12.87,12.85,13.0,13.01,13.02,13.03,13.04,13.06,13.07,13.08,13.09,13.1,300,1100,200,3400,300,700,200,10000,1500,6000,1200,100,1400,900,100,400,2900,500,1800,1400
380.0,12.99,127500,1661025.0,12.99,12.97,12.96,12.95,12.94,12.93,12.91,12.88,12.87,12.85,13.0,13.01,13.02,13.03,13.04,13.06,13.07,13.08,13.09,13.1,200,1100,200,3700,300,700,200,10000,1500,6000,1100,100,1400,800,100,400,2400,500,1800,1400
381.0,12.99,127500,1661025.0,12.99,12.97,12.96,12.95,12.94,12.93,12.91,12.88,12.87,12.85,13.0,13.01,13.02,13.03,13.04,13.06,13.07,13.08,13.09,13.1,200,1100,200,3700,300,700,200,10000,1500,6000,1200,100,1400,800,100,400,2400,500,1800,1400
382.0,13.0,127600,1662325.0,12.99,12.97,12.96,12.95,12.94,12.93,12.91,12.88,12.87,12.85,13.0,13.01,13.02,13.03,13.04,13.06,13.07,13.08,13.09,13.1,200,1100,200,3700,300,700,200,10000,1500,6000,1100,100,1400,800,100,400,2400,500,1800,1400
383.0,12.99,127700,1663624.0,12.99,12.97,12.96,12.95,12.94,12.93,12.91,12.88,12.87,12.85,13.0,13.01,13.02,13.03,13.04,13.06,13.07,13.08,13.09,13.1,100,1100,200,3700,300,700,200,10000,1500,6000,1900,100,1400,800,100,400,2400,500,1800,1400
384.0,12.99,127700,1663624.0,12.99,12.97,12.96,12.95,12.94,12.93,12.91,12.88,12.87,12.85,13.0,13.01,13.02,13.03,13.04,13.06,13.07,13.08,13.09,13.1,100,1100,200,3700,300,700,200,10000,1500,6000,1900,100,1400,800,100,400,2400,500,1800,1400
385.0,13.0,127800,1664924.0,12.99,12.97,12.96,12.95,12.94,12.93,12.91,12.88,12.87,12.85,13.0,13.01,13.02,13.03,13.04,13.06,13.07,13.08,13.09,13.1,100,1100,200,3700,300,700,200,10000,1500,6000,1800,100,1400,800,100,400,2400,500,1800,1400
386.0,13.0,127800,1664924.0,12.99,12.97,12.96,12.95,12.94,12.93,12.91,12.88,12.87,12.85,13.0,13.02,13.03,13.04,13.06,13.07,13.08,13.09,13.1,13.12,100,1100,200,3700,300,700,200,10000,1500,6000,900,1400,800,100,400,2400,500,1800,1400,1000
387.0,13.0,127800,1664924.0,12.99,12.97,12.96,12.95,12.94,12.93,12.91,12.88,12.87,12.85,13.0,13.02,13.03,13.04,13.06,13.07,13.08,13.09,13.1,13.12,100,1100,200,3700,300,700,200,10000,1500,6000,900,1400,800,100,400,2400,500,1800,1400,1000
388.0,12.99,127900,1666223.0,12.97,12.96,12.95,12.94,12.93,12.91,12.88,12.87,12.85,12.84,12.99,13.0,13.02,13.03,13.04,13.06,13.07,13.08,13.09,13.1,1100,200,3700,300,700,200,10000,1500,6000,200,200,900,1400,800,100,400,2400,500,1800,1400
389.0,12.99,127900,1666223.0,12.97,12.96,12.95,12.94,12.93,12.91,12.88,12.87,12.85,12.84,12.99,13.0,13.02,13.03,13.04,13.06,13.07,13.08,13.09,13.1,1100,200,3700,300,700,200,10000,1500,6000,200,200,900,1400,800,100,400,2400,500,1800,1400
390.0,12.99,127900,1666223.0,12.97,12.96,12.95,12.94,12.93,12.91,12.88,12.87,12.85,12.84,12.99,13.0,13.02,13.03,13.04,13.06,13.07,13.08,13.09,13.1,1100,200,3700,300,700,200,10000,1500,6000,200,200,900,1400,800,100,400,2400,500,1800,1400
391.0,12.99,127900,1666223.0,12.97,12.96,12.95,12.94,12.93,12.91,12.88,12.87,12.85,12.84,12.99,13.0,13.02,13.03,13.04,13.06,13.07,13.08,13.09,13.1,1200,200,3700,300,700,200,10000,1500,6000,200,300,900,1400,800,100,400,2400,500,1800,1400
392.0,12.97,128200,1670114.0,12.97,12.96,12.95,12.94,12.93,12.91,12.88,12.87,12.85,12.84,12.99,13.0,13.02,13.03,13.04,13.06,13.07,13.08,13.09,13.1,900,200,3300,300,700,200,10000,1500,6000,200,300,900,1400,800,100,400,2400,500,1800,1400
393.0,12.97,128200,1670114.0,12.97,12.96,12.95,12.94,12.93,12.91,12.88,12.87,12.85,12.84,12.99,13.0,13.02,13.03,13.04,13.06,13.07,13.08,13.09,13.1,900,200,3300,300,700,200,10000,1500,6000,200,300,900,1400,800,100,400,2400,500,1800,1400
394.0,12.97,128200,1670114.0,12.97,12.96,12.95,12.94,12.93,12.91,12.88,12.87,12.85,12.84,12.99,13.0,13.02,13.03,13.04,13.06,13.07,13.08,13.09,13.1,900,200,3300,300,700,200,10000,1500,6000,200,400,900,1400,800,100,400,2400,500,1800,1400
395.0,12.97,128200,1670114.0,12.97,12.96,12.95,12.94,12.93,12.91,12.88,12.87,12.85,12.84,12.99,13.0,13.02,13.03,13.04,13.06,13.07,13.08,13.09,13.1,900,200,3300,300,700,200,10000,1500,6000,200,400,900,1400,800,100,400,2400,500,1800,1400
396.0,12.97,128200,1670114.0,12.97,12.96,12.95,12.94,12.93,12.91,12.88,12.87,12.85,12.84,12.99,13.0,13.02,13.03,13.04,13.06,13.07,13.08,13.09,13.1,900,200,3300,300,700,200,10000,1500,6000,200,400,900,1400,800,100,400,2400,500,1800,1400
397.0,12.97,129100,1681787.0,12.96,12.95,12.94,12.93,12.91,12.88,12.87,12.85,12.84,12.83,12.97,12.99,13.0,13.02,13.03,13.04,13.06,13.07,13.08,13.09,200,3300,300,700,200,10000,1500,6000,200,500,1200,400,900,1400,800,100,400,2400,500,1800
398.0,12.96,129400,1685676.0,12.95,12.94,12.93,12.91,12.88,12.87,12.85,12.84,12.83,12.82,12.97,12.98,12.99,13.0,13.02,13.03,13.04,13.06,13.07,13.08,3300,300,700,200,10000,1500,6000,200,500,2000,2700,200,400,900,1400,800,100,400,2400,500
399.0,12.96,129400,1685676.0,12.95,12.94,12.93,12.91,12.88,12.87,12.85,12.84,12.83,12.82,12.97,12.98,12.99,13.0,13.02,13.03,13.04,13.06,13.07,13.08,3300,300,700,200,10000,1500,6000,200,500,2000,2700,200,400,900,1400,800,100,400,2400,500
400.0,12.96,129400,1685676.0,12.95,12.94,12.93,12.91,12.9,12.88,12.87,12.86,12.85,12.84,12.97,12.98,12.99,13.0,13.02,13.03,13.04,13.06,13.07,13.08,3300,300,700,200,500,10000,1500,500,6000,200,2700,200,400,900,1400,800,100,400,2400,500
401.0,12.97,130100,1694755.0,12.95,12.94,12.93,12.92,12.91,12.9,12.88,12.87,12.86,12.85,12.97,12.99,13.0,13.02,13.03,13.04,13.06,13.07,13.08,13.09,3300,300,700,400,200,500,10000,1500,500,6000,2000,400,900,1400,800,100,400,2400,500,1800
402.0,12.95,130400,1698640.0,12.95,12.94,12.93,12.92,12.91,12.9,12.88,12.87,12.86,12.85,12.97,12.99,13.0,13.02,13.03,13.04,13.06,13.07,13.08,13.09,3000,300,700,400,200,500,10000,1500,500,6000,2000,400,900,1400,800,100,400,2400,500,1800
403.0,12.97,130500,1699937.0,12.96,12.95,12.94,12.93,12.92,12.91,12.9,12.88,12.87,12.86,12.97,12.99,13.0,13.02,13.03,13.04,13.06,13.07,13.08,13.09,200,3000,300,700,400,200,500,10000,1500,500,1900,400,900,1400,800,100,400,2400,500,1800
404.0,12.97,130900,1705125.0,12.96,12.95,12.94,12.93,12.92,12.91,12.9,12.88,12.87,12.86,12.97,12.99,13.0,13.02,13.03,13.04,13.06,13.07,13.08,13.09,300,3000,300,700,400,200,500,10000,1500,500,1500,400,900,1400,800,100,400,2400,500,1800
405.0,12.97,132400,1724580.0,12.97,12.96,12.95,12.94,12.93,12.92,12.91,12.9,12.88,12.87,12.99,13.0,13.02,13.03,13.04,13.06,13.07,13.08,13.09,13.1,3100,300,3000,300,700,400,200,500,10000,1500,400,900,1400,800,100,400,2400,500,1800,1400
406.0,12.97,133000,1732362.0,12.97,12.96,12.95,12.94,12.93,12.92,12.91,12.9,12.88,12.87,12.99,13.0,13.02,13.03,13.04,13.06,13.07,13.08,13.09,13.1,3000,300,3000,300,700,400,200,500,10000,1500,400,900,1400,800,100,400,2400,500,1800,1400
407.0,13.0,133600,1740158.0,12.97,12.96,12.95,12.94,12.93,12.92,12.91,12.9,12.88,12.87,13.0,13.02,13.03,13.04,13.06,13.07,13.08,13.09,13.1,13.12,3200,300,3000,300,700,400,200,500,10000,1500,700,1400,800,100,400,2400,500,1800,1400,1000
408.0,13.0,133600,1740158.0,12.97,12.96,12.95,12.94,12.93,12.92,12.91,12.9,12.88,12.87,13.0,13.02,13.03,13.04,13.06,13.07,13.08,13.09,13.1,13.12,3400,300,3000,300,700,400,200,500,10000,1500,900,1400,800,100,400,2400,500,1800,1400,1000
409.0,13.0,133600,1740158.0,12.97,12.96,12.95,12.94,12.93,12.92,12.91,12.9,12.88,12.87,13.0,13.02,13.03,13.04,13.06,13.07,13.08,13.09,13.1,13.12,1900,800,3000,300,700,400,200,500,10000,1500,900,1400,800,100,400,2400,500,1800,1400,1000
410.0,13.0,134000,1745355.0,12.98,12.97,12.96,12.95,12.94,12.93,12.92,12.91,12.9,12.88,13.0,13.02,13.03,13.04,13.06,13.07,13.08,13.09,13.1,13.12,1400,1900,800,3000,300,700,400,200,500,10000,700,1400,800,100,400,2400,500,1800,1400,1000
411.0,13.0,134000,1745355.0,12.98,12.97,12.96,12.95,12.94,12.93,12.92,12.91,12.9,12.88,13.0,13.02,13.03,13.04,13.06,13.07,13.08,13.09,13.1,13.12,1400,1900,800,3000,300,700,400,200,500,10000,700,1400,800,100,400,2400,500,1800,1400,1000
412.0,13.0,134000,1745355.0,12.98,12.97,12.96,12.95,12.94,12.93,12.92,12.91,12.9,12.88,13.0,13.02,13.03,13.04,13.06,13.07,13.08,13.09,13.1,13.12,1400,1900,800,3000,300,700,400,200,500,10000,700,1400,800,100,400,2400,500,1800,1400,1000
413.0,13.0,134100,1746655.0,12.98,12.97,12.96,12.95,12.94,12.93,12.92,12.91,12.9,12.88,13.0,13.02,13.03,13.04,13.06,13.07,13.08,13.09,13.1,13.12,1400,1900,1100,2700,300,700,400,200,500,10000,600,1400,800,100,400,2400,500,1800,1400,1000
414.0,13.0,134100,1746655.0,12.98,12.97,12.96,12.95,12.94,12.93,12.92,12.91,12.9,12.88,13.0,13.02,13.03,13.04,13.06,13.07,13.08,13.09,13.1,13.12,1400,1500,1000,2700,300,700,400,200,500,10000,600,1400,800,100,400,2400,500,1800,1400,1000
415.0,13.0,134100,1746655.0,12.98,12.97,12.96,12.95,12.94,12.93,12.92,12.91,12.88,12.87,13.0,13.02,13.03,13.04,13.06,13.07,13.08,13.09,13.1,13.12,1400,1500,1000,2700,300,700,400,200,10000,1500,600,1400,800,100,400,2400,500,1800,1400,1000
416.0,13.0,134100,1746655.0,12.98,12.97,12.96,12.95,12.94,12.93,12.92,12.91,12.88,12.87,13.0,13.02,13.03,13.04,13.06,13.07,13.08,13.09,13.1,13.12,1400,1500,1000,2700,300,700,400,200,10000,1500,800,1400,800,100,400,2400,500,1800,1400,1000
417.0,13.0,134100,1746655.0,12.98,12.97,12.96,12.95,12.94,12.93,12.92,12.91,12.88,12.87,13.0,13.02,13.03,13.04,13.06,13.07,13.08,13.09,13.1,13.12,1400,1500,1000,2700,300,700,400,200,10000,1500,800,1400,800,100,400,2400,500,1800,1400,1000
418.0,12.98,134200,1747953.0,12.98,12.97,12.96,12.95,12.94,12.93,12.92,12.91,12.88,12.87,13.0,13.02,13.03,13.04,13.06,13.07,13.08,13.09,13.1,13.12,1300,1500,1000,4800,300,700,400,200,10000,1500,800,1400,800,100,400,2400,500,1800,1400,1000
419.0,12.98,134200,1747953.0,12.99,12.98,12.97,12.96,12.95,12.94,12.93,12.92,12.91,12.88,13.0,13.02,13.03,13.04,13.06,13.07,13.08,13.09,13.1,13.12,100,1300,1500,1000,4800,300,200,400,200,10000,800,1400,800,100,400,2400,500,1800,1400,1000
420.0,12.98,134200,1747953.0,12.99,12.98,12.97,12.96,12.95,12.94,12.93,12.92,12.91,12.88,13.0,13.02,13.03,13.04,13.06,13.07,13.08,13.09,13.1,13.12,100,1300,1500,1000,4800,300,200,400,200,10000,800,1400,800,100,400,2400,500,1800,1400,1000
421.0,12.98,134200,1747953.0,12.99,12.98,12.97,12.96,12.95,12.94,12.93,12.92,12.91,12.88,13.0,13.02,13.03,13.04,13.06,13.07,13.08,13.09,13.1,13.12,100,1300,1500,1000,4800,300,200,400,200,10000,800,1400,800,100,400,2400,500,1800,1400,1000
