LocalTime,LastPrice,TradeVolume,TradeValue,BidPrice1,BidPrice2,BidPrice3,BidPrice4,BidPrice5,BidPrice6,BidPrice7,BidPrice8,BidPrice9,BidPriceA,AskPrice1,AskPrice2,AskPrice3,AskPrice4,AskPrice5,AskPrice6,AskPrice7,AskPrice8,AskPrice9,AskPriceA,BidVolume1,BidVolume2,BidVolume3,BidVolume4,BidVolume5,BidVolume6,BidVolume7,BidVolume8,BidVolume9,BidVolumeA,AskVolume1,AskVolume2,AskVolume3,AskVolume4,AskVolume5,AskVolume6,AskVolume7,AskVolume8,AskVolume9,AskVolumeA
0.0,13.54,494600,6696884.0,13.53,13.52,13.51,13.5,13.48,13.46,13.43,13.42,13.41,13.4,13.54,13.55,13.56,13.57,13.58,13.59,13.6,13.66,13.69,13.7,1400,3600,3500,14900,300,2000,100,200,1500,6900,400,5000,800,1300,2500,8400,16000,2000,1400,800
1.0,13.57,552400,7481840.0,13.57,13.56,13.55,13.54,13.53,13.52,13.51,13.5,13.48,13.46,13.64,13.66,13.69,13.7,13.73,13.74,13.75,13.76,13.77,13.78,169200,1400,9900,13700,2500,4400,8400,19700,300,2400,500,2000,1800,800,1600,8200,800,500,800,1100
2.0,13.6,712200,9650939.0,13.6,13.57,13.56,13.55,13.54,13.53,13.52,13.51,13.5,13.48,13.64,13.69,13.7,13.73,13.74,13.75,13.76,13.77,13.78,13.8,2200,20900,3500,30900,25200,3300,4000,8600,24900,1400,300,600,800,1600,8200,800,500,800,1100,1200
3.0,13.55,750300,10168171.0,13.55,13.54,13.53,13.52,13.51,13.5,13.48,13.46,13.45,13.44,13.59,13.63,13.64,13.65,13.68,13.69,13.7,13.73,13.74,13.75,33200,33400,3900,4000,17600,27700,2200,2400,1000,3200,300,100,200,300,100,600,800,1600,8200,3700
4.0,13.55,776000,10516885.0,13.55,13.54,13.53,13.52,13.51,13.5,13.48,13.46,13.45,13.44,13.65,13.68,13.69,13.7,13.73,13.74,13.75,13.76,13.77,13.78,22800,39100,7900,6100,17700,27700,2400,3400,2000,4100,300,100,600,800,1600,8200,3700,500,800,5100
5.0,13.55,795000,10774355.0,13.57,13.55,13.54,13.53,13.52,13.51,13.5,13.48,13.46,13.45,13.65,13.68,13.69,13.7,13.73,13.74,13.75,13.76,13.77,13.78,2000,7900,49600,8400,6100,18000,28500,2800,3400,5200,300,100,600,800,1600,8200,3700,400,800,5100
6.0,13.52,877700,11894025.0,13.51,13.5,13.48,13.46,13.45,13.44,13.43,13.42,13.41,13.4,13.52,13.58,13.59,13.6,13.63,13.65,13.68,13.69,13.7,13.73,18200,28600,3000,3400,5200,4100,3100,5500,3800,10100,1200,7500,500,1600,500,300,100,600,800,1600
7.0,13.53,931300,12618050.0,13.5,13.48,13.46,13.45,13.44,13.43,13.42,13.41,13.4,13.39,13.53,13.54,13.58,13.59,13.6,13.63,13.64,13.65,13.67,13.68,3500,3400,3400,6200,4100,1100,5500,3800,13500,900,200,43900,8300,500,2800,500,200,1500,3000,100
8.0,13.54,945400,12808820.0,13.51,13.5,13.49,13.48,13.47,13.46,13.45,13.44,13.43,13.42,13.54,13.55,13.58,13.59,13.6,13.62,13.63,13.64,13.65,13.67,100,3700,300,3400,1800,3400,6500,4100,3100,5500,53800,700,8300,500,2800,1000,500,200,1500,3000
9.0,13.54,983600,13325680.0,13.48,13.47,13.46,13.45,13.44,13.43,13.42,13.41,13.4,13.39,13.54,13.55,13.58,13.59,13.6,13.62,13.63,13.64,13.65,13.67,4100,1800,3400,6500,4100,3100,5600,4000,17700,900,30800,700,8300,1000,2800,1000,500,200,1500,3000
10.0,13.53,1002300,13578569.0,13.5,13.49,13.48,13.47,13.46,13.45,13.44,13.43,13.42,13.41,13.53,13.54,13.55,13.57,13.58,13.59,13.6,13.62,13.63,13.64,900,400,6500,1800,3700,6500,4100,3100,5600,5600,3000,37300,800,100,8300,1000,2900,1000,500,200
11.0,13.53,1020600,13826141.0,13.5,13.49,13.48,13.47,13.46,13.45,13.44,13.43,13.42,13.41,13.53,13.54,13.55,13.56,13.57,13.58,13.59,13.6,13.63,13.64,500,400,2500,1800,3700,7100,4100,3100,4500,5600,14600,35000,800,600,100,8400,2000,2900,500,200
12.0,13.48,1035000,14020818.0,13.48,13.47,13.46,13.45,13.44,13.43,13.42,13.41,13.4,13.39,13.49,13.5,13.52,13.53,13.54,13.55,13.56,13.57,13.58,13.59,2200,1800,3700,7100,4100,3100,4500,5600,18700,900,4600,400,3300,7400,35700,10300,600,100,8500,2000
13.0,13.44,1058900,14342331.0,13.42,13.41,13.4,13.39,13.38,13.37,13.36,13.35,13.34,13.33,13.44,13.47,13.48,13.49,13.5,13.52,13.53,13.54,13.55,13.56,4300,5600,18700,900,4800,2700,19300,11900,4200,11500,1900,800,1600,9400,5400,3300,10300,35000,10300,600
14.0,13.44,1075200,14561406.0,13.44,13.41,13.4,13.39,13.38,13.37,13.36,13.35,13.34,13.33,13.45,13.47,13.48,13.49,13.5,13.52,13.53,13.54,13.55,13.56,400,5600,18700,900,4800,2700,19300,11900,4200,11500,1100,2100,7200,10300,7600,3300,11600,35000,11900,600
15.0,13.4,1089400,14751890.0,13.4,13.39,13.38,13.37,13.36,13.35,13.34,13.33,13.32,13.31,13.41,13.43,13.44,13.45,13.47,13.48,13.49,13.5,13.52,13.53,18100,900,4800,2700,19300,11900,4200,11500,3700,42700,6500,4700,1500,5300,200,7200,10300,7600,3300,11600
16.0,13.4,1110000,15027928.0,13.39,13.38,13.37,13.36,13.35,13.34,13.33,13.32,13.31,13.3,13.4,13.41,13.42,13.43,13.44,13.45,13.47,13.48,13.49,13.5,300,4800,2700,19300,11900,4200,11500,3700,42700,45200,5500,1300,1000,4900,1500,4400,200,2700,10300,7600
17.0,13.38,1115600,15102881.0,13.38,13.37,13.36,13.35,13.34,13.33,13.32,13.31,13.3,13.29,13.39,13.4,13.42,13.43,13.44,13.45,13.47,13.48,13.49,13.5,1200,2700,19300,11900,4200,11500,3700,42700,45200,2100,3800,16900,300,700,1500,3800,200,3500,10300,7600
18.0,13.39,1120300,15165808.0,13.38,13.37,13.36,13.35,13.34,13.33,13.32,13.31,13.3,13.29,13.39,13.4,13.42,13.43,13.44,13.45,13.47,13.48,13.49,13.5,600,2700,19300,11900,4200,11500,3700,42700,39900,2100,900,17000,600,700,1500,3800,200,3200,10300,7600
19.0,13.39,1124800,15226023.0,13.37,13.36,13.35,13.34,13.33,13.32,13.31,13.3,13.29,13.28,13.39,13.4,13.42,13.43,13.44,13.45,13.47,13.48,13.49,13.5,1000,19300,11900,4200,11500,3700,42700,39900,2100,3100,1700,20500,4800,700,1500,3800,200,3200,10300,7600
20.0,13.39,1135300,15366534.0,13.37,13.36,13.35,13.34,13.33,13.32,13.31,13.3,13.29,13.28,13.39,13.4,13.42,13.43,13.44,13.45,13.47,13.48,13.49,13.5,2100,19300,11900,4200,11500,3700,42700,39900,2100,3100,4700,21400,4800,500,1500,3800,200,3200,9400,7600
21.0,13.39,1138600,15410695.0,13.37,13.36,13.35,13.34,13.33,13.32,13.31,13.3,13.29,13.28,13.39,13.4,13.42,13.43,13.44,13.45,13.47,13.48,13.49,13.5,800,19300,11900,4200,11500,3700,42700,39900,2100,3100,3000,21400,6200,500,1500,5500,200,2700,9400,3100
22.0,13.39,1144300,15486957.0,13.39,13.37,13.36,13.35,13.34,13.33,13.32,13.31,13.3,13.29,13.4,13.42,13.43,13.44,13.45,13.47,13.48,13.49,13.5,13.52,4400,600,18200,11900,4200,11700,3700,42700,39900,2100,5400,1700,500,1500,5300,200,2700,9400,3100,3300
23.0,13.38,1150900,15575298.0,13.36,13.35,13.34,13.33,13.32,13.31,13.3,13.29,13.28,13.27,13.38,13.39,13.4,13.41,13.42,13.43,13.45,13.47,13.48,13.49,18200,11900,4200,11700,3700,42700,39900,2100,3100,7300,1400,1900,5400,400,4100,500,9400,200,2700,9400
24.0,13.38,1157500,15663504.0,13.36,13.35,13.34,13.33,13.32,13.31,13.3,13.29,13.28,13.27,13.37,13.38,13.39,13.4,13.41,13.42,13.43,13.45,13.47,13.48,14100,14000,4200,11700,3700,42700,40300,2100,3100,7300,4500,900,4900,5400,400,4100,500,9400,200,1100
25.0,13.38,1170100,15832033.0,13.36,13.35,13.34,13.33,13.32,13.31,13.3,13.29,13.28,13.27,13.38,13.39,13.4,13.41,13.42,13.43,13.45,13.47,13.48,13.49,14000,14000,4200,11700,3700,42700,40500,2100,3100,7300,1800,4300,5400,400,4100,500,9400,200,1100,8500
26.0,13.39,1176200,15913674.0,13.36,13.35,13.34,13.33,13.32,13.31,13.3,13.29,13.28,13.27,13.39,13.4,13.41,13.42,13.43,13.45,13.47,13.48,13.49,13.5,13800,14000,4200,11700,3700,42700,40500,2100,3100,7300,1500,5400,400,4100,500,6500,200,1100,8500,1000
27.0,13.37,1179500,15957797.0,13.36,13.35,13.34,13.33,13.32,13.31,13.3,13.29,13.28,13.27,13.37,13.39,13.4,13.41,13.42,13.43,13.45,13.47,13.48,13.49,13800,14000,4200,11700,3700,42700,40500,2100,3100,7300,500,2600,5400,400,4100,500,6500,200,1100,8500
28.0,13.39,1204300,16289870.0,13.37,13.36,13.35,13.34,13.33,13.32,13.31,13.3,13.29,13.28,13.39,13.42,13.43,13.45,13.47,13.48,13.49,13.5,13.52,13.53,2700,13800,14000,4200,11700,3700,42700,40500,2100,3100,2700,300,500,2400,200,1100,8500,1000,3300,9000
29.0,13.36,1268800,17150936.0,13.33,13.32,13.31,13.3,13.29,13.28,13.27,13.26,13.25,13.23,13.35,13.36,13.37,13.39,13.42,13.43,13.45,13.47,13.48,13.49,9500,1200,42700,40500,2100,3100,7300,17200,6100,7800,1000,2100,200,2800,300,800,2400,200,1100,8500
30.0,13.37,1278000,17273868.0,13.35,13.33,13.32,13.31,13.3,13.29,13.28,13.27,13.26,13.25,13.37,13.38,13.39,13.42,13.43,13.45,13.47,13.48,13.49,13.52,5200,9500,1200,42700,40500,2100,3100,7300,17200,6100,4300,200,3800,300,800,2400,200,1100,8500,3300
31.0,13.35,1282400,17332635.0,13.35,13.33,13.32,13.31,13.3,13.29,13.28,13.27,13.26,13.25,13.37,13.38,13.39,13.42,13.43,13.45,13.47,13.48,13.49,13.52,2800,9500,1200,42700,40500,2100,3100,7300,17200,6100,5500,200,4400,300,800,2400,200,1100,8500,3300
32.0,13.37,1288800,17418200.0,13.37,13.35,13.34,13.33,13.32,13.31,13.3,13.29,13.28,13.27,13.39,13.43,13.45,13.47,13.48,13.49,13.52,13.53,13.54,13.55,3200,2800,900,9500,1200,42700,40500,2100,3100,7300,5200,800,2400,200,1100,8500,3300,9000,26300,16600
33.0,13.37,1298300,17545227.0,13.36,13.35,13.34,13.33,13.32,13.31,13.3,13.29,13.28,13.27,13.37,13.39,13.43,13.45,13.47,13.48,13.49,13.52,13.53,13.54,7400,2800,900,12200,2200,43700,40500,2100,3100,7300,4100,5500,800,2400,200,1100,8500,3300,9000,26300
34.0,13.39,1340900,18114297.0,13.33,13.32,13.31,13.3,13.29,13.28,13.27,13.26,13.25,13.23,13.43,13.45,13.47,13.48,13.49,13.52,13.53,13.54,13.55,13.57,7000,1700,43700,40500,2100,3100,7300,17200,6100,7800,800,2400,200,1100,8500,3300,9000,26300,11900,100
35.0,13.37,1346300,18186496.0,13.4,13.37,13.36,13.33,13.32,13.31,13.3,13.29,13.28,13.27,13.43,13.45,13.47,13.48,13.49,13.52,13.53,13.54,13.55,13.57,100,11300,2200,7000,1700,43700,40500,2100,3100,7300,800,2400,200,1100,8500,3300,9000,26300,11900,100
36.0,13.41,1351900,18261424.0,13.38,13.37,13.36,13.33,13.32,13.31,13.3,13.29,13.28,13.27,13.43,13.45,13.47,13.48,13.49,13.52,13.53,13.54,13.55,13.57,8100,10400,2300,7000,1700,43700,40500,2100,3100,7300,800,2400,200,1100,8500,3300,9000,26300,3900,100
37.0,13.37,1364200,18426105.0,13.37,13.36,13.33,13.32,13.31,13.3,13.29,13.28,13.27,13.26,13.45,13.47,13.48,13.49,13.52,13.53,13.54,13.55,13.57,13.58,9300,2300,7000,1700,43700,41000,2100,3100,7300,17200,1200,200,1100,8500,3300,9000,26300,3900,100,7700
38.0,13.37,1364900,18435464.0,13.37,13.36,13.33,13.32,13.31,13.3,13.29,13.28,13.27,13.26,13.45,13.47,13.48,13.49,13.52,13.53,13.54,13.55,13.57,13.58,9400,2300,7000,1700,43700,41000,2100,3100,7300,17200,1200,200,300,8500,3300,9000,26300,4500,100,7700
39.0,13.43,1379000,18624280.0,13.43,13.4,13.37,13.36,13.33,13.32,13.31,13.3,13.29,13.28,13.45,13.47,13.48,13.49,13.52,13.53,13.54,13.55,13.57,13.58,1000,300,6100,2300,7000,5700,43700,41200,2100,3100,200,200,300,8500,3300,9000,26300,4500,100,7700
40.0,13.39,1388400,18750192.0,13.39,13.37,13.36,13.35,13.33,13.32,13.31,13.3,13.29,13.28,13.45,13.46,13.47,13.48,13.49,13.52,13.53,13.54,13.55,13.57,2200,9600,2400,500,7000,5700,43700,41200,2100,3100,200,1000,200,300,8500,3300,9000,26300,4500,100
41.0,13.45,1396600,18859927.0,13.38,13.37,13.36,13.35,13.33,13.32,13.31,13.3,13.29,13.28,13.45,13.46,13.47,13.48,13.49,13.52,13.53,13.54,13.55,13.57,900,11800,4400,500,7000,5700,43700,41200,2100,3100,100,1000,200,3200,8500,3300,9000,26300,4500,100
42.0,13.46,1398700,18888160.0,13.41,13.38,13.37,13.36,13.35,13.33,13.32,13.31,13.3,13.29,13.46,13.47,13.48,13.49,13.52,13.53,13.54,13.55,13.57,13.58,100,800,13300,4400,500,7000,5700,43700,41200,2100,300,200,3200,8500,3300,7600,26300,4500,100,7700
43.0,13.46,1402400,18937839.0,13.38,13.37,13.36,13.35,13.33,13.32,13.31,13.3,13.29,13.28,13.39,13.46,13.47,13.48,13.49,13.52,13.53,13.54,13.55,13.57,100,13200,4400,1000,7000,5700,43700,41200,2100,3100,1300,7000,200,3200,8500,3300,7600,26300,4500,100
44.0,13.38,1403600,18953893.0,13.38,13.37,13.36,13.35,13.33,13.32,13.31,13.3,13.29,13.28,13.39,13.46,13.47,13.48,13.49,13.52,13.53,13.54,13.55,13.57,300,13000,4300,1000,7000,6700,43700,41200,2100,3100,7100,1900,200,3200,8500,3300,7600,26300,4500,100
45.0,13.4,1414700,19102576.0,13.4,13.38,13.37,13.36,13.35,13.33,13.32,13.31,13.3,13.29,13.41,13.42,13.43,13.44,13.45,13.46,13.47,13.48,13.49,13.52,300,200,12900,4300,1000,7000,6700,43700,41200,2100,100,200,100,5300,5100,900,200,3200,8500,3300
46.0,13.44,1418100,19148164.0,13.39,13.38,13.37,13.36,13.35,13.33,13.32,13.31,13.3,13.29,13.43,13.44,13.45,13.46,13.47,13.48,13.49,13.52,13.53,13.54,4800,200,12900,4300,1000,7000,6700,43700,41200,2100,1200,4500,5100,900,200,3200,8500,3300,3200,26300
47.0,13.41,1430200,19310431.0,13.39,13.38,13.37,13.36,13.35,13.34,13.33,13.32,13.31,13.3,13.41,13.42,13.43,13.44,13.45,13.46,13.47,13.48,13.49,13.52,5300,5200,16000,4300,1500,2300,7000,6700,45600,41200,200,2800,2700,4500,5100,900,200,3200,8500,3300
48.0,13.38,1445700,19517979.0,13.4,13.39,13.38,13.37,13.36,13.35,13.34,13.33,13.32,13.31,13.42,13.43,13.44,13.45,13.46,13.47,13.48,13.49,13.52,13.53,1000,500,1600,19000,4300,1500,2500,7200,6700,45600,1100,2700,4500,5100,900,200,3200,8500,3300,3200
49.0,13.4,1447600,19543473.0,13.4,13.39,13.38,13.37,13.36,13.35,13.34,13.33,13.32,13.31,13.42,13.43,13.44,13.45,13.46,13.47,13.48,13.49,13.52,13.53,800,500,5900,19300,4300,1500,2500,7200,6900,42300,3600,2700,4500,5100,800,200,3200,8500,3300,3200
50.0,13.42,1451400,19594469.0,13.42,13.41,13.4,13.39,13.38,13.37,13.36,13.35,13.34,13.33,13.43,13.44,13.45,13.46,13.47,13.48,13.49,13.5,13.52,13.53,4200,700,1300,4900,5900,19300,4300,1500,2500,9200,2700,4500,5100,800,200,3200,8500,500,3300,3200
51.0,13.41,1460400,19715271.0,13.42,13.41,13.4,13.39,13.38,13.37,13.36,13.35,13.34,13.33,13.45,13.46,13.47,13.48,13.49,13.5,13.52,13.53,13.54,13.55,800,1900,1300,4900,7700,24300,4300,1500,2500,10200,5100,800,200,3200,8500,500,3300,3200,26300,4500
52.0,13.42,1461000,19723328.0,13.42,13.41,13.4,13.39,13.38,13.37,13.36,13.35,13.34,13.33,13.45,13.46,13.47,13.48,13.49,13.5,13.52,13.53,13.54,13.55,700,1900,5300,4300,9800,24300,4300,1500,3500,10200,5100,800,200,3200,8500,500,3300,3200,26300,4500
53.0,13.45,1464900,19775713.0,13.41,13.4,13.39,13.38,13.37,13.36,13.35,13.34,13.33,13.32,13.45,13.46,13.47,13.48,13.49,13.5,13.52,13.53,13.54,13.55,1700,7200,4300,12000,24800,4300,1500,3500,10200,7600,3300,800,200,3200,8500,500,3300,3200,26300,4500
54.0,13.46,1468400,19822785.0,13.42,13.41,13.4,13.39,13.38,13.37,13.36,13.35,13.34,13.33,13.46,13.47,13.48,13.49,13.5,13.52,13.53,13.54,13.55,13.57,1300,4000,10100,4300,12000,24800,4300,1500,3500,10200,700,200,3200,8500,500,3300,3200,26300,4500,100
55.0,13.46,1469300,19834895.0,13.46,13.42,13.41,13.4,13.39,13.38,13.37,13.36,13.35,13.34,13.47,13.48,13.49,13.5,13.52,13.53,13.54,13.55,13.57,13.58,1000,5100,4000,10100,5300,12000,23800,5400,1000,3500,200,4300,8500,500,3300,3200,26300,4500,100,7700
56.0,13.42,1470900,19856407.0,13.42,13.41,13.4,13.39,13.38,13.37,13.36,13.35,13.34,13.33,13.47,13.48,13.49,13.5,13.52,13.53,13.54,13.55,13.57,13.58,4500,4000,10100,5400,19400,23000,5400,1000,3500,10200,200,4300,8500,500,3300,3200,26300,4500,100,7700
57.0,13.46,1477700,19947898.0,13.46,13.45,13.43,13.42,13.41,13.4,13.39,13.38,13.37,13.36,13.48,13.49,13.5,13.52,13.53,13.54,13.55,13.57,13.58,13.59,800,600,100,4600,6300,10100,5400,19400,23000,5400,4300,8500,500,3300,3200,26300,4500,100,7700,1400
58.0,13.46,1478900,19964072.0,13.46,13.45,13.43,13.42,13.41,13.4,13.39,13.38,13.37,13.36,13.48,13.49,13.5,13.52,13.53,13.54,13.55,13.57,13.58,13.59,700,1100,100,6000,6300,10100,5400,20400,23000,5400,3200,3300,500,3300,3200,26300,4500,100,7700,1400
59.0,13.48,1483400,20024722.0,13.48,13.46,13.45,13.43,13.42,13.41,13.4,13.39,13.38,13.37,13.49,13.5,13.52,13.53,13.54,13.55,13.57,13.58,13.59,13.6,3800,200,2200,1600,8000,6600,12100,5400,21300,19600,3300,500,3300,3200,26300,4500,100,7700,1400,1700
60.0,13.48,1489500,20106892.0,13.48,13.47,13.45,13.43,13.42,13.41,13.4,13.39,13.38,13.37,13.49,13.5,13.52,13.53,13.54,13.55,13.57,13.58,13.59,13.6,1400,200,4600,1600,8000,6600,12100,5400,21300,19600,3300,500,3300,3200,26300,4500,100,7700,1400,1700
61.0,13.47,1497700,20217300.0,13.45,13.43,13.42,13.41,13.4,13.39,13.38,13.37,13.36,13.35,13.48,13.49,13.5,13.52,13.53,13.54,13.55,13.57,13.58,13.59,1600,1700,7100,6600,13100,5400,21300,20100,5400,1600,100,3300,500,3300,3200,26300,4500,100,7700,1400
62.0,13.46,1499400,20240182.0,13.45,13.43,13.42,13.41,13.4,13.39,13.38,13.37,13.36,13.35,13.46,13.48,13.49,13.5,13.52,13.53,13.54,13.55,13.57,13.58,1200,3300,7200,6000,15100,5400,20800,20100,5400,1600,300,100,3300,500,3300,3200,26300,4500,100,7700
63.0,13.47,1507900,20354345.0,13.43,13.42,13.41,13.4,13.39,13.38,13.37,13.36,13.35,13.34,13.48,13.49,13.5,13.52,13.53,13.54,13.55,13.57,13.58,13.59,100,5900,6000,15100,2100,21800,20100,5400,1600,3500,100,1700,500,3300,3200,26300,4500,100,7700,1400
64.0,13.43,1527800,20622261.0,13.43,13.42,13.41,13.4,13.39,13.38,13.37,13.36,13.35,13.34,13.46,13.47,13.5,13.52,13.53,13.54,13.55,13.57,13.58,13.59,300,5900,6000,19400,2100,22100,20100,5400,2600,3500,1100,800,200,3300,2700,26300,4500,100,7700,1400
65.0,13.42,1535000,20718898.0,13.41,13.4,13.39,13.38,13.37,13.36,13.35,13.34,13.33,13.32,13.42,13.46,13.47,13.5,13.52,13.53,13.54,13.55,13.57,13.58,3600,19600,2100,22100,20100,5400,2600,3500,3200,8300,400,1100,800,200,3300,2700,26300,4500,100,7700
66.0,13.41,1542200,20815733.0,13.41,13.4,13.39,13.38,13.37,13.36,13.35,13.34,13.33,13.32,13.42,13.45,13.49,13.5,13.52,13.53,13.54,13.55,13.57,13.58,1100,20100,2100,22100,19300,5400,2600,3500,3200,8300,2200,200,400,200,3300,1400,26300,4500,100,7700
67.0,13.44,1547700,20889667.0,13.41,13.4,13.39,13.38,13.37,13.36,13.35,13.34,13.33,13.32,13.44,13.45,13.48,13.49,13.5,13.52,13.53,13.54,13.55,13.58,400,20100,2100,22100,19300,5400,2600,3500,3200,8300,2100,11800,71100,500,200,3300,1400,26300,4500,7700
68.0,13.41,1589800,21454675.0,13.4,13.39,13.38,13.37,13.36,13.35,13.34,13.33,13.32,13.31,13.41,13.42,13.45,13.48,13.5,13.52,13.53,13.54,13.55,13.58,16300,2100,22200,19300,5300,2600,3500,3200,8300,42400,23300,5300,300,39800,200,3300,1400,26300,4500,7700
69.0,13.4,1622800,21897057.0,13.4,13.39,13.38,13.37,13.36,13.35,13.34,13.33,13.32,13.31,13.41,13.42,13.45,13.48,13.5,13.52,13.53,13.54,13.55,13.58,1600,5500,23100,19300,5300,2600,3500,3200,8300,42400,5100,4500,500,39800,200,3300,1400,26300,4500,7700
70.0,13.41,1623100,21901080.0,13.4,13.39,13.38,13.37,13.36,13.35,13.34,13.33,13.32,13.31,13.41,13.42,13.45,13.48,13.5,13.52,13.53,13.54,13.55,13.58,1600,5500,23100,19300,5300,2600,3500,3200,7300,42400,4800,5300,16100,39800,200,3300,1400,26300,4500,7700
71.0,13.41,1632000,22020411.0,13.41,13.4,13.39,13.38,13.37,13.36,13.35,13.34,13.33,13.32,13.42,13.45,13.48,13.52,13.53,13.54,13.55,13.58,13.59,13.6,5900,100,5500,23100,19000,5300,2600,3500,3200,7300,5300,16100,39800,3300,1400,25600,4500,7700,1400,4800
72.0,13.42,1634200,22049935.0,13.41,13.4,13.39,13.38,13.37,13.36,13.35,13.34,13.33,13.32,13.42,13.45,13.48,13.52,13.53,13.54,13.55,13.58,13.59,13.6,8400,100,4500,23100,16000,5300,2600,3500,3200,7300,3100,22500,39800,3300,1400,25600,4500,7700,1400,4800
73.0,13.42,1634700,22056645.0,13.41,13.4,13.39,13.38,13.37,13.36,13.35,13.34,13.33,13.32,13.42,13.45,13.46,13.48,13.51,13.52,13.53,13.54,13.55,13.58,9800,100,4500,23100,16000,6300,2600,3500,3200,7300,2600,22500,100,39800,200,3700,1400,25600,4500,7700
74.0,13.42,1643000,22168046.0,13.42,13.41,13.4,13.39,13.38,13.37,13.36,13.35,13.34,13.33,13.44,13.45,13.46,13.48,13.51,13.52,13.53,13.54,13.55,13.58,7700,6500,400,4500,23100,15800,6300,2600,3500,3200,6000,20900,100,39800,200,3700,1400,25600,4500,7700
75.0,13.44,1651400,22280858.0,13.42,13.41,13.4,13.39,13.38,13.37,13.36,13.35,13.34,13.33,13.44,13.45,13.46,13.48,13.51,13.52,13.53,13.54,13.55,13.58,3900,6600,5800,4500,23100,15800,6300,2600,3500,3200,1800,17100,100,39800,200,3700,1400,25600,4500,7700
76.0,13.42,1653700,22311728.0,13.42,13.41,13.4,13.39,13.38,13.37,13.36,13.35,13.34,13.33,13.44,13.45,13.46,13.48,13.5,13.51,13.52,13.53,13.54,13.55,1800,13400,5800,4500,23100,15800,6300,2600,3500,3200,1600,17100,100,39800,500,200,3700,1400,25600,3900
77.0,13.41,1659500,22389537.0,13.41,13.4,13.39,13.38,13.37,13.36,13.35,13.34,13.33,13.32,13.44,13.45,13.46,13.48,13.5,13.51,13.52,13.53,13.54,13.55,10800,10600,4500,23100,15800,6300,2600,3500,3200,8100,1500,11500,100,39800,500,200,3700,1400,25600,3900
78.0,13.44,1663500,22443224.0,13.44,13.42,13.41,13.4,13.39,13.38,13.37,13.36,13.35,13.34,13.45,13.46,13.48,13.5,13.51,13.52,13.53,13.54,13.55,13.58,10400,9200,10500,11100,4400,23100,15800,6300,2600,3500,11600,100,39800,500,200,3700,1400,25600,3900,7700
79.0,13.44,1664700,22459352.0,13.44,13.42,13.41,13.4,13.39,13.38,13.37,13.36,13.35,13.34,13.45,13.46,13.48,13.5,13.51,13.52,13.53,13.54,13.55,13.58,9200,14200,13500,12100,4400,23100,15800,8300,2600,3500,11600,100,39800,500,200,3700,1400,25600,3900,7700
80.0,13.44,1673400,22576297.0,13.44,13.43,13.42,13.41,13.4,13.39,13.38,13.37,13.36,13.35,13.45,13.46,13.48,13.5,13.51,13.52,13.53,13.54,13.55,13.58,2200,200,16600,14000,12400,5900,23100,15800,9300,2600,9900,100,39800,1300,200,3700,1400,25600,3900,7600
81.0,13.44,1674200,22587049.0,13.44,13.43,13.42,13.41,13.4,13.39,13.38,13.37,13.36,13.35,13.45,13.46,13.48,13.5,13.51,13.52,13.53,13.54,13.55,13.58,2400,700,17000,14000,12500,5900,23600,15800,9300,2600,9900,100,39800,1300,200,3700,1400,25600,3900,7600
82.0,13.44,1677400,22630078.0,13.44,13.43,13.42,13.41,13.4,13.39,13.38,13.37,13.36,13.35,13.45,13.46,13.48,13.5,13.51,13.52,13.53,13.54,13.55,13.58,1700,7000,17000,14000,15500,5900,24100,15800,12300,2600,7800,100,39800,1300,200,3700,1400,25600,3900,7600
83.0,13.45,1684300,22722825.0,13.43,13.42,13.41,13.4,13.39,13.38,13.37,13.36,13.35,13.34,13.45,13.46,13.48,13.5,13.51,13.52,13.53,13.54,13.55,13.58,7200,18100,14000,14200,5900,24100,15900,12300,2600,3500,6800,100,39800,1300,200,3700,1400,25600,3900,7600
84.0,13.45,1685500,22738954.0,13.44,13.43,13.42,13.41,13.4,13.39,13.38,13.37,13.36,13.35,13.45,13.46,13.48,13.5,13.51,13.52,13.53,13.54,13.55,13.58,2000,6800,18100,14000,14700,5900,24100,15900,13000,2600,18300,100,39800,1300,200,3700,1400,25600,3900,7600
85.0,13.43,1688000,22772549.0,13.43,13.42,13.41,13.4,13.39,13.38,13.37,13.36,13.35,13.34,13.44,13.45,13.46,13.48,13.5,13.51,13.52,13.53,13.54,13.55,9000,18100,14000,15500,5900,24100,15900,22700,4600,3500,15200,18300,100,39800,1300,200,3700,1400,25600,3900
86.0,13.43,1690400,22804804.0,13.43,13.42,13.41,13.4,13.39,13.38,13.37,13.36,13.35,13.34,13.44,13.45,13.46,13.48,13.5,13.51,13.52,13.53,13.54,13.55,9900,18100,13900,15500,5900,24100,15900,22700,5100,3500,14300,18300,100,39800,1300,200,3700,2200,25600,3900
87.0,13.43,1701300,22951201.0,13.42,13.41,13.4,13.39,13.38,13.37,13.36,13.35,13.34,13.33,13.44,13.45,13.46,13.48,13.5,13.51,13.52,13.53,13.54,13.55,18100,14200,15500,5900,24100,15900,22700,5100,3500,3200,16800,18300,100,39800,1300,200,3700,2200,24700,3900
88.0,13.44,1701900,22959255.0,13.42,13.41,13.4,13.39,13.38,13.37,13.36,13.35,13.34,13.33,13.44,13.45,13.46,13.48,13.5,13.51,13.52,13.53,13.54,13.55,17600,14200,15500,5900,24100,15900,22700,5100,3500,3200,18700,18300,100,39800,3300,200,3700,2200,24700,3900
89.0,13.44,1705300,23004923.0,13.42,13.41,13.4,13.39,13.38,13.37,13.36,13.35,13.34,13.33,13.43,13.44,13.45,13.46,13.48,13.5,13.51,13.52,13.53,13.54,15900,14400,17500,6400,24100,15900,22700,5100,3500,3200,3900,17000,18300,100,39800,3300,200,3700,2200,24700
90.0,13.41,1747600,23572615.0,13.41,13.4,13.39,13.38,13.37,13.36,13.35,13.34,13.33,13.32,13.42,13.43,13.44,13.45,13.46,13.47,13.48,13.5,13.51,13.52,2500,17500,6400,24100,10900,22700,5100,3500,3200,8100,1100,1500,11700,18300,100,2600,39800,3300,200,3700
91.0,13.42,1752300,23635677.0,13.41,13.4,13.39,13.38,13.37,13.36,13.35,13.34,13.33,13.32,13.42,13.43,13.44,13.45,13.46,13.47,13.48,13.5,13.51,13.52,1400,17500,6400,24100,10900,22700,5600,3500,3200,8100,1600,4700,10400,17500,100,2600,39800,3300,200,3700
92.0,13.4,1757700,23708090.0,13.41,13.4,13.39,13.38,13.37,13.36,13.35,13.34,13.33,13.32,13.42,13.43,13.44,13.45,13.46,13.47,13.48,13.5,13.51,13.52,4400,16700,4900,24300,10800,22700,5600,3500,3200,8100,7200,5800,14900,17500,100,2600,39800,3300,200,3700
93.0,13.41,1763400,23784540.0,13.4,13.39,13.38,13.37,13.36,13.35,13.34,13.33,13.32,13.31,13.42,13.43,13.44,13.45,13.46,13.47,13.48,13.5,13.51,13.52,17200,4900,24800,10800,23700,5600,3500,3200,8100,47400,7200,5800,14900,17500,100,2600,39800,3300,200,3700
94.0,13.42,1764500,23799302.0,13.4,13.39,13.38,13.37,13.36,13.35,13.34,13.33,13.32,13.31,13.42,13.43,13.44,13.45,13.46,13.47,13.48,13.5,13.51,13.52,17400,4900,24800,10800,23700,5600,3500,3200,8100,47400,6600,5800,28000,17500,100,2600,39800,3700,200,3700
95.0,13.41,1784600,24068784.0,13.4,13.39,13.38,13.37,13.36,13.35,13.34,13.33,13.32,13.31,13.43,13.44,13.45,13.46,13.48,13.5,13.51,13.52,13.53,13.54,5300,11700,24800,10800,23700,10600,3500,3200,8100,47400,6400,27400,17500,100,39800,3700,200,3700,1400,24700
96.0,13.4,1787400,24106344.0,13.4,13.39,13.38,13.37,13.36,13.35,13.34,13.33,13.32,13.31,13.42,13.43,13.44,13.45,13.46,13.48,13.5,13.51,13.52,13.53,5600,11700,24800,10800,23700,10600,3500,3200,8100,47400,200,5100,27400,17500,100,39800,3700,200,3700,1400
97.0,13.4,1798700,24257777.0,13.39,13.38,13.37,13.36,13.35,13.34,13.33,13.32,13.31,13.3,13.4,13.42,13.43,13.44,13.45,13.46,13.48,13.5,13.51,13.52,11700,24200,10800,23700,10600,3500,3200,8100,47400,43800,2200,200,5100,27400,17500,100,39800,3700,200,3700
98.0,13.4,1800100,24276524.0,13.39,13.38,13.37,13.36,13.35,13.34,13.33,13.32,13.31,13.3,13.4,13.41,13.42,13.43,13.44,13.45,13.48,13.5,13.51,13.52,10700,24200,10800,23700,10600,3500,3200,8100,47400,43800,8900,100,200,5100,27400,16600,39800,4800,200,3700
99.0,13.39,1813300,24453282.0,13.38,13.37,13.36,13.35,13.34,13.33,13.32,13.31,13.3,13.29,13.39,13.4,13.41,13.42,13.43,13.44,13.45,13.48,13.5,13.51,24200,10800,23700,10600,3500,3200,8600,47400,43800,2100,17500,10600,15100,200,5100,27400,16600,19900,4800,200
100.0,13.39,1849200,24933566.0,13.37,13.36,13.35,13.34,13.33,13.32,13.31,13.3,13.29,13.28,13.39,13.4,13.41,13.42,13.43,13.44,13.45,13.48,13.5,13.51,2300,23700,10600,3500,3200,8600,47400,43800,2100,7200,14800,11800,15100,1200,6100,27400,16600,19900,4800,200
101.0,13.4,1868000,25185245.0,13.36,13.35,13.34,13.33,13.32,13.31,13.3,13.29,13.28,13.27,13.4,13.41,13.42,13.43,13.44,13.45,13.48,13.5,13.51,13.52,23700,11300,3500,3200,8600,47400,43800,2100,7200,7300,22700,15100,1300,6100,26100,16500,19900,4800,200,3700
102.0,13.36,1878500,25325645.0,13.36,13.35,13.34,13.33,13.32,13.31,13.3,13.29,13.28,13.27,13.39,13.4,13.41,13.42,13.43,13.44,13.45,13.48,13.5,13.51,23400,11300,3500,3200,8600,47400,43800,2100,7000,7300,5600,24900,15100,2400,6100,26100,16500,19900,4800,200
103.0,13.36,1887000,25439226.0,13.36,13.35,13.34,13.33,13.32,13.31,13.3,13.29,13.28,13.27,13.39,13.4,13.41,13.42,13.43,13.44,13.45,13.48,13.5,13.51,15600,11300,3500,3200,8600,47400,41300,2100,7000,7300,4900,24900,15900,2400,6100,26700,16200,19900,4800,200
104.0,13.36,1896000,25559469.0,13.36,13.35,13.34,13.33,13.32,13.31,13.3,13.29,13.28,13.27,13.37,13.39,13.4,13.41,13.42,13.43,13.44,13.45,13.48,13.5,7600,11300,3500,3200,8600,47400,41300,2100,7000,7300,1800,5000,24900,15900,2500,3000,22300,12200,19900,4800
105.0,13.37,1901100,25627608.0,13.36,13.35,13.34,13.33,13.32,13.31,13.3,13.29,13.28,13.27,13.37,13.39,13.4,13.41,13.42,13.43,13.44,13.45,13.48,13.5,2800,11300,3500,3700,8100,47400,41300,2100,7000,7300,10200,5000,20500,15900,1400,2100,22400,12200,19900,4800
106.0,13.36,1932900,26052354.0,13.36,13.35,13.34,13.33,13.32,13.31,13.3,13.29,13.28,13.27,13.39,13.4,13.41,13.42,13.43,13.44,13.45,13.48,13.5,13.51,2700,15800,4900,7900,8100,47400,41300,2100,7000,7300,5000,24100,16200,1400,2100,22400,12200,19900,4800,200
107.0,13.36,1940800,26157902.0,13.35,13.34,13.33,13.32,13.31,13.3,13.29,13.28,13.27,13.26,13.36,13.38,13.39,13.4,13.41,13.42,13.43,13.44,13.45,13.48,16100,4900,10100,8100,47400,41300,2100,7000,7300,16500,5000,400,5000,24100,15800,1400,2100,22400,12200,19900
108.0,13.36,1948000,26254103.0,13.37,13.36,13.35,13.34,13.33,13.32,13.31,13.3,13.29,13.28,13.38,13.39,13.4,13.41,13.42,13.43,13.44,13.45,13.48,13.5,400,1000,16100,4900,10100,8100,47400,41300,2100,7000,400,5000,24100,15400,1400,2100,9200,12200,19900,4800
109.0,13.38,1962900,26453356.0,13.35,13.34,13.33,13.32,13.31,13.3,13.29,13.28,13.27,13.26,13.4,13.41,13.42,13.43,13.44,13.45,13.48,13.5,13.51,13.52,13000,4900,10100,8500,47400,41300,2100,7000,7300,16500,13600,15300,1300,2100,9200,12200,19900,4800,200,3700
110.0,13.37,1972600,26583042.0,13.36,13.35,13.33,13.32,13.31,13.3,13.29,13.28,13.27,13.26,13.38,13.39,13.4,13.41,13.42,13.43,13.44,13.45,13.48,13.5,400,8900,10100,8500,47400,41300,2100,7000,7300,16500,400,100,10500,15300,1300,2100,9100,12200,19900,4800
111.0,13.39,1980400,26687200.0,13.39,13.37,13.36,13.35,13.34,13.33,13.32,13.31,13.3,13.29,13.4,13.41,13.42,13.43,13.44,13.45,13.48,13.5,13.51,13.52,7600,100,12300,5100,13900,14500,8500,47400,41300,2100,10500,15300,1300,2100,9100,12200,19900,4800,200,3700
112.0,13.4,2013500,27129911.0,13.36,13.35,13.34,13.33,13.32,13.31,13.3,13.29,13.28,13.27,13.4,13.41,13.42,13.43,13.44,13.45,13.48,13.5,13.51,13.52,1500,7200,13900,14500,8500,47400,41300,2100,7000,7300,3000,15300,1300,2100,9100,12200,19900,4800,200,3700
113.0,13.36,2035700,27426595.0,13.36,13.35,13.34,13.33,13.32,13.31,13.3,13.29,13.28,13.27,13.39,13.4,13.41,13.42,13.43,13.44,13.45,13.48,13.5,13.51,3700,1800,14000,14500,8500,47400,41300,2100,7000,7300,300,1300,15300,1300,2100,12200,12200,19900,4800,200
114.0,13.35,2042600,27518805.0,13.38,13.36,13.35,13.34,13.33,13.32,13.31,13.3,13.29,13.28,13.39,13.4,13.41,13.42,13.43,13.44,13.45,13.48,13.5,13.51,1000,13100,7700,14000,14500,8500,47400,41200,2100,7000,1900,1300,15300,1300,2100,12200,12200,19900,4800,200
115.0,13.39,2045500,27557617.0,13.36,13.35,13.34,13.33,13.32,13.31,13.3,13.29,13.28,13.27,13.39,13.4,13.41,13.42,13.43,13.44,13.45,13.48,13.5,13.51,14000,12700,14000,14500,9500,47400,41800,2100,7600,7300,300,1300,15300,1300,2100,12200,12200,19900,4800,200
116.0,13.38,2048500,27597747.0,13.38,13.37,13.36,13.35,13.34,13.33,13.32,13.31,13.3,13.29,13.39,13.4,13.41,13.42,13.43,13.44,13.45,13.48,13.5,13.51,7100,1000,13900,16700,14000,14400,9500,47400,41800,2100,1100,1400,15300,1300,2100,12200,12200,19900,4800,200
117.0,13.39,2048700,27600425.0,13.38,13.37,13.36,13.35,13.34,13.33,13.32,13.31,13.3,13.29,13.39,13.4,13.41,13.42,13.43,13.44,13.45,13.48,13.5,13.51,8100,1000,14100,16600,13800,14400,10500,47400,44200,2100,900,1400,15300,300,2100,12200,12200,19900,4800,200
118.0,13.39,2051200,27633892.0,13.38,13.37,13.36,13.35,13.34,13.33,13.32,13.31,13.3,13.29,13.39,13.4,13.41,13.42,13.43,13.44,13.45,13.48,13.5,13.51,7300,10200,14200,16600,13800,14400,6500,47400,46200,2100,3300,1400,15300,300,2100,11500,12200,19900,4000,200
119.0,13.39,2059900,27750389.0,13.39,13.38,13.37,13.36,13.35,13.34,13.33,13.32,13.31,13.3,13.4,13.41,13.42,13.43,13.44,13.45,13.48,13.5,13.51,13.52,1000,7800,10400,15000,16800,13800,14800,6900,47400,46200,1000,15300,300,2100,11500,12200,19900,4000,200,3700
120.0,13.38,2063400,27797238.0,13.39,13.38,13.37,13.36,13.35,13.34,13.33,13.32,13.31,13.3,13.4,13.41,13.42,13.43,13.44,13.45,13.48,13.5,13.51,13.52,1200,10800,11400,15000,16800,13800,14800,10300,47900,46200,1000,15300,300,2100,11500,12200,19900,4000,200,3700
121.0,13.4,2081300,28036760.0,13.39,13.37,13.36,13.35,13.34,13.33,13.32,13.31,13.3,13.29,13.4,13.41,13.42,13.43,13.44,13.45,13.48,13.5,13.51,13.52,2300,10500,15400,16800,13800,14800,10300,47900,46200,2100,3300,300,300,2100,11500,12200,19900,4000,200,3700
122.0,13.39,2086400,28105090.0,13.39,13.37,13.36,13.35,13.34,13.33,13.32,13.31,13.3,13.29,13.41,13.42,13.43,13.44,13.45,13.48,13.5,13.51,13.52,13.53,1700,10600,15400,17300,13800,14800,10800,47900,46200,2100,300,300,2100,11500,12200,19900,4000,200,3700,2300
123.0,13.41,2089700,28149274.0,13.41,13.4,13.39,13.37,13.36,13.35,13.34,13.33,13.32,13.31,13.42,13.43,13.44,13.45,13.48,13.5,13.51,13.52,13.53,13.54,21200,300,3000,10100,18900,17300,13800,14800,10800,47900,300,2100,11500,12200,19900,4000,200,3700,2300,23600
124.0,13.41,2096900,28245836.0,13.41,13.4,13.39,13.37,13.36,13.35,13.34,13.33,13.32,13.31,13.43,13.44,13.45,13.48,13.5,13.51,13.52,13.53,13.54,13.55,39100,3300,3000,12400,18900,12300,13800,14800,11300,47900,2100,11500,12200,19900,4000,200,3700,2300,23600,2400
125.0,13.41,2098900,28272656.0,13.41,13.4,13.39,13.38,13.37,13.36,13.35,13.34,13.33,13.32,13.43,13.44,13.45,13.48,13.5,13.51,13.52,13.53,13.54,13.55,59400,5600,3000,100,12600,21900,12300,13800,14800,11300,2100,11500,12200,19900,4000,200,3700,2300,23600,2400
126.0,13.44,2114000,28475384.0,13.43,13.42,13.41,13.4,13.39,13.38,13.37,13.36,13.35,13.34,13.44,13.45,13.48,13.5,13.51,13.52,13.53,13.54,13.55,13.58,200,6000,52900,5600,3000,1300,12600,23100,13300,13800,5000,12200,19900,4200,200,3700,2300,23600,2400,7600
127.0,13.41,2132800,28727741.0,13.41,13.4,13.39,13.38,13.37,13.36,13.35,13.34,13.33,13.32,13.45,13.5,13.51,13.52,13.53,13.54,13.55,13.58,13.59,13.6,48800,5600,3800,1200,12600,26100,13300,13800,14800,11300,12200,54900,200,3700,2300,23600,2400,7600,1400,8200
128.0,13.45,2137100,28785520.0,13.42,13.41,13.4,13.39,13.38,13.37,13.36,13.35,13.34,13.33,13.45,13.5,13.51,13.52,13.53,13.54,13.55,13.58,13.59,13.6,2000,47400,5600,3800,23500,12600,25900,13300,13800,14800,9300,54900,200,3700,2300,23600,2400,7600,1400,8200
129.0,13.43,2139100,28812384.0,13.43,13.42,13.41,13.4,13.39,13.38,13.37,13.36,13.35,13.34,13.45,13.5,13.51,13.52,13.53,13.54,13.55,13.58,13.59,13.6,1300,1000,47500,5600,4500,23500,12600,25900,13600,13800,8600,54900,200,3700,2300,23600,2400,7600,1400,8200
130.0,13.45,2148200,28934717.0,13.44,13.43,13.42,13.41,13.4,13.39,13.38,13.37,13.36,13.35,13.45,13.5,13.51,13.52,13.53,13.54,13.55,13.58,13.59,13.6,1600,1800,1000,47500,5600,4500,23500,12600,28400,15000,5400,54900,200,3700,2300,23600,2400,7600,1400,8200
131.0,13.45,2151200,28975059.0,13.44,13.43,13.42,13.41,13.4,13.39,13.38,13.37,13.36,13.35,13.45,13.5,13.51,13.52,13.53,13.54,13.55,13.58,13.59,13.6,1200,12800,1000,47500,5600,5500,23500,12600,29400,15000,3200,54900,200,3700,2300,23600,2400,7600,1400,8200
132.0,13.45,2152500,28992543.0,13.44,13.43,13.42,13.41,13.4,13.39,13.38,13.37,13.36,13.35,13.45,13.5,13.51,13.52,13.53,13.54,13.55,13.58,13.59,13.6,1100,15700,1000,47500,5600,5500,23500,12600,29400,15000,2000,54900,200,3700,2300,23600,2400,7600,1400,8200
133.0,13.44,2152800,28996575.0,13.44,13.43,13.42,13.41,13.4,13.39,13.38,13.37,13.36,13.35,13.45,13.5,13.51,13.52,13.53,13.54,13.55,13.58,13.59,13.6,800,15700,1000,47500,5600,5500,24500,4800,30000,15100,2000,54900,200,3700,2300,23600,2400,7600,1400,8200
134.0,13.44,2153800,29010024.0,13.44,13.43,13.42,13.41,13.4,13.39,13.38,13.37,13.36,13.35,13.45,13.5,13.51,13.52,13.53,13.54,13.55,13.58,13.59,13.6,2300,15700,1000,47500,5600,5500,24600,4800,30000,15100,1100,54900,200,3700,2300,23600,2400,7600,1400,8200
135.0,13.44,2153800,29010024.0,13.44,13.43,13.42,13.41,13.4,13.39,13.38,13.37,13.36,13.35,13.45,13.5,13.51,13.52,13.53,13.54,13.55,13.58,13.59,13.6,2300,16300,1000,47500,6600,6900,26600,4800,30000,15100,1100,54900,200,3700,2300,23600,2400,7600,1400,8200
136.0,13.45,2154300,29016748.0,13.44,13.43,13.42,13.41,13.4,13.39,13.38,13.37,13.36,13.35,13.45,13.5,13.51,13.52,13.53,13.54,13.55,13.58,13.59,13.6,2300,16300,1000,47500,7100,6900,26600,4800,30000,15100,700,54900,200,3700,2300,23600,2400,7600,1400,8200
137.0,13.45,2155000,29026163.0,13.45,13.44,13.43,13.42,13.41,13.4,13.39,13.38,13.37,13.36,13.5,13.51,13.52,13.53,13.54,13.55,13.58,13.59,13.6,13.63,800,2300,16300,1000,47500,7100,6900,29600,4800,30000,54900,200,3700,2300,23600,2400,7600,1400,8200,500
138.0,13.5,2157000,29053145.0,13.45,13.44,13.43,13.42,13.41,13.4,13.39,13.38,13.37,13.36,13.49,13.5,13.51,13.52,13.53,13.54,13.55,13.58,13.59,13.6,4300,3200,18000,1000,47500,7100,6900,29600,4600,30000,700,54000,200,3700,2300,23600,2400,7600,1400,8200
139.0,13.45,2157400,29058525.0,13.45,13.44,13.43,13.42,13.41,13.4,13.39,13.38,13.37,13.36,13.49,13.5,13.52,13.53,13.54,13.55,13.58,13.59,13.6,13.63,5200,3900,18000,1000,47500,7100,6900,29600,4600,30400,4300,54000,3700,2300,23600,2400,7600,1400,8200,500
140.0,13.45,2161000,29106983.0,13.45,13.44,13.43,13.42,13.41,13.4,13.39,13.38,13.37,13.36,13.49,13.5,13.52,13.53,13.54,13.55,13.58,13.59,13.6,13.63,18200,3900,18000,2100,47500,7100,6200,29600,4700,30400,6700,54000,3700,2300,23600,2400,7600,1400,8200,500
141.0,13.46,2161800,29117751.0,13.46,13.45,13.44,13.43,13.42,13.41,13.4,13.39,13.38,13.37,13.49,13.5,13.52,13.53,13.54,13.55,13.58,13.59,13.6,13.63,200,18200,4000,18000,2100,47500,7100,6200,29600,4700,6700,54000,3700,2300,23600,2400,7600,1400,8200,500
142.0,13.46,2162000,29120443.0,13.45,13.44,13.43,13.42,13.41,13.4,13.39,13.38,13.37,13.36,13.46,13.48,13.49,13.5,13.52,13.53,13.54,13.55,13.58,13.59,19200,3900,18000,3000,47500,8700,6200,30900,4700,30400,16200,12600,6700,54000,3300,2300,23600,2400,7600,1400
143.0,13.46,2167700,29197124.0,13.45,13.44,13.43,13.42,13.41,13.4,13.39,13.38,13.37,13.36,13.46,13.48,13.49,13.5,13.52,13.53,13.54,13.55,13.58,13.59,15300,4000,18000,3000,47500,10700,3200,24000,3800,30400,25300,12600,6700,54000,3300,2300,23600,2400,7600,1400
144.0,13.46,2169500,29221352.0,13.45,13.44,13.43,13.42,13.41,13.4,13.39,13.38,13.37,13.36,13.46,13.48,13.49,13.5,13.52,13.53,13.54,13.55,13.58,13.59,16300,4000,18800,3200,47500,11800,3200,24000,3800,30400,23500,12600,6700,54000,3300,1300,23600,2400,7600,1400
145.0,13.46,2170700,29237499.0,13.45,13.44,13.43,13.42,13.41,13.4,13.39,13.38,13.37,13.36,13.46,13.48,13.49,13.5,13.52,13.53,13.54,13.55,13.58,13.59,15800,4000,18800,3200,47500,11800,3200,24000,3800,30400,22800,12600,6700,54000,3300,1300,23600,2400,7600,1400
146.0,13.46,2178000,29335705.0,13.45,13.44,13.43,13.42,13.41,13.4,13.39,13.38,13.37,13.36,13.46,13.48,13.49,13.5,13.52,13.53,13.54,13.55,13.58,13.59,17400,4500,18800,3200,47500,11300,3200,22900,3800,30300,21600,12600,7700,54000,3300,1300,23600,2400,7600,1400
147.0,13.45,2180000,29362623.0,13.45,13.44,13.43,13.42,13.41,13.4,13.39,13.38,13.37,13.36,13.46,13.48,13.49,13.5,13.52,13.53,13.54,13.55,13.58,13.59,17200,4500,18800,3200,47500,11300,3200,22900,3800,30300,19800,12600,7700,54000,3300,1300,23600,2400,7600,1400
148.0,13.46,2182400,29394921.0,13.45,13.44,13.43,13.42,13.41,13.4,13.39,13.38,13.37,13.36,13.46,13.48,13.49,13.5,13.52,13.53,13.54,13.55,13.58,13.59,16700,4500,18800,3200,47500,11600,3200,22900,3800,31800,18300,12700,7700,54000,3300,1300,23600,2400,7600,1400
149.0,13.46,2186100,29444692.0,13.45,13.44,13.43,13.42,13.41,13.4,13.39,13.38,13.37,13.36,13.46,13.48,13.49,13.5,13.52,13.53,13.54,13.55,13.58,13.59,15000,4500,18800,3200,47500,11600,3200,22900,3800,30800,18300,12700,7700,54000,3300,1300,23600,2400,7600,1400
150.0,13.45,2187700,29466219.0,13.45,13.44,13.43,13.42,13.41,13.4,13.39,13.38,13.37,13.36,13.46,13.48,13.49,13.5,13.52,13.53,13.54,13.55,13.58,13.59,15600,4500,18800,3200,47500,11600,3200,22900,3800,30800,20600,12700,7700,54100,3300,1300,23600,2400,7600,1400
151.0,13.45,2203500,29678731.0,13.45,13.44,13.43,13.42,13.41,13.4,13.39,13.38,13.37,13.36,13.46,13.48,13.49,13.5,13.52,13.53,13.54,13.55,13.58,13.59,1400,4700,18800,3200,47500,11600,3200,22900,3800,30800,20400,12700,7700,54100,3300,1300,23600,2400,7600,1400
152.0,13.45,2204000,29685456.0,13.45,13.44,13.43,13.42,13.41,13.4,13.39,13.38,13.37,13.36,13.46,13.48,13.49,13.5,13.52,13.53,13.54,13.55,13.58,13.59,900,4700,18800,3200,47500,11600,3200,22900,3800,30800,20400,12700,7700,54100,3300,1300,23600,2400,7600,1400
153.0,13.45,2207300,29729855.0,13.44,13.43,13.42,13.41,13.4,13.39,13.38,13.37,13.36,13.35,13.45,13.46,13.48,13.49,13.5,13.52,13.53,13.54,13.55,13.58,4600,18800,3200,47500,11600,3200,21900,3800,30800,6900,2700,19000,12700,7700,54800,3300,1300,23600,2400,7600
154.0,13.44,2214100,29821271.0,13.44,13.43,13.42,13.41,13.4,13.39,13.38,13.37,13.36,13.35,13.45,13.46,13.48,13.49,13.5,13.52,13.53,13.54,13.55,13.58,200,18800,3200,47500,11600,3200,21900,3800,30800,6900,17700,19000,12700,4200,54800,3300,1300,23600,2400,7600
155.0,13.44,2214900,29832028.0,13.43,13.42,13.41,13.4,13.39,13.38,13.37,13.36,13.35,13.34,13.45,13.46,13.47,13.48,13.49,13.5,13.52,13.53,13.54,13.55,18800,3200,47500,11600,3200,21900,3800,30800,6900,14000,17900,19000,100,12700,4200,54800,3300,1300,23600,2400
156.0,13.45,2226200,29984012.0,13.43,13.42,13.41,13.4,13.39,13.38,13.37,13.36,13.35,13.34,13.45,13.46,13.47,13.48,13.49,13.5,13.52,13.53,13.54,13.55,18800,3200,47500,11600,3200,21900,3800,31900,6900,14000,8100,16000,100,12700,4200,54800,3300,1300,23600,2400
157.0,13.45,2230500,30041847.0,13.43,13.42,13.41,13.4,13.39,13.38,13.37,13.36,13.35,13.34,13.45,13.46,13.47,13.48,13.49,13.5,13.52,13.53,13.54,13.55,15000,3200,47500,11600,3200,75400,3800,31900,6900,14000,5000,2000,100,12700,4200,54800,3300,1300,1400,2400
158.0,13.42,2248300,30280909.0,13.42,13.41,13.4,13.39,13.38,13.37,13.36,13.35,13.34,13.33,13.43,13.45,13.46,13.47,13.48,13.49,13.5,13.52,13.53,13.54,2400,47500,11600,3200,75400,3800,31900,6900,14000,5100,2900,4200,2000,100,12700,4200,54800,3300,1300,1400
159.0,13.46,2256600,30392498.0,13.42,13.41,13.4,13.39,13.38,13.37,13.36,13.35,13.34,13.33,13.45,13.46,13.47,13.48,13.49,13.5,13.52,13.53,13.54,13.55,2400,47500,11600,3200,75400,3800,33200,6900,14000,5100,9200,800,100,12700,4700,54800,3300,1300,1400,2400
160.0,13.45,2259000,30424762.0,13.42,13.41,13.4,13.39,13.38,13.37,13.36,13.35,13.34,13.33,13.45,13.46,13.47,13.48,13.49,13.5,13.52,13.53,13.54,13.55,2200,47500,12000,3200,75400,3800,33200,6900,14000,5100,8400,800,100,12700,4700,54800,3300,1300,1400,2400
161.0,13.43,2268300,30549687.0,13.43,13.42,13.41,13.4,13.39,13.38,13.37,13.36,13.35,13.34,13.44,13.45,13.46,13.47,13.48,13.49,13.5,13.52,13.53,13.54,2200,2100,47500,12000,3200,75400,3800,33200,6900,14000,1400,7300,800,100,12700,4700,54800,3300,1300,1400
162.0,13.44,2270000,30572521.0,13.43,13.42,13.41,13.4,13.39,13.38,13.37,13.36,13.35,13.34,13.44,13.45,13.46,13.47,13.48,13.49,13.5,13.52,13.53,13.54,800,2100,47500,12000,3700,75400,3800,33200,6900,14000,1100,7300,800,100,12700,4700,54800,3300,1300,1400
163.0,13.45,2273700,30622275.0,13.43,13.42,13.41,13.4,13.39,13.38,13.37,13.36,13.35,13.34,13.45,13.46,13.47,13.48,13.49,13.5,13.52,13.53,13.54,13.55,800,2100,47500,12000,3700,75400,3800,33200,6900,14200,4700,800,100,12700,4700,54800,3300,1300,1400,2400
164.0,13.45,2280900,30719065.0,13.45,13.43,13.42,13.41,13.4,13.39,13.38,13.37,13.36,13.35,13.46,13.47,13.48,13.49,13.5,13.52,13.53,13.54,13.55,13.58,5300,1200,2800,47500,12000,3700,75400,3800,33200,6900,800,100,100,4700,54800,3300,1300,1400,2400,7600
165.0,13.42,2293000,30881741.0,13.44,13.42,13.41,13.4,13.39,13.38,13.37,13.36,13.35,13.34,13.45,13.47,13.48,13.49,13.5,13.52,13.53,13.54,13.55,13.58,100,500,47500,12700,3700,75400,3800,33200,6900,14200,400,100,100,4700,54800,3300,1300,1400,2400,7600
166.0,13.45,2293400,30887121.0,13.45,13.44,13.42,13.41,13.4,13.39,13.38,13.37,13.36,13.35,13.47,13.48,13.49,13.5,13.52,13.53,13.54,13.55,13.58,13.59,4900,1400,1600,47500,12700,3700,75400,3800,33200,7900,100,100,4700,54800,3300,1300,1400,2400,7600,1400
167.0,13.43,2314200,31166583.0,13.45,13.42,13.41,13.4,13.39,13.38,13.37,13.36,13.35,13.34,13.47,13.48,13.49,13.5,13.52,13.53,13.54,13.55,13.58,13.59,16800,1400,44900,12700,3700,75400,3800,33200,7900,14200,100,100,4700,54800,3300,1300,1400,2400,7600,1400
168.0,13.46,2317800,31215040.0,13.46,13.45,13.44,13.42,13.41,13.4,13.39,13.38,13.37,13.36,13.48,13.49,13.5,13.52,13.53,13.54,13.55,13.58,13.59,13.6,3100,17300,800,800,44900,12700,3700,75400,3800,33200,100,4700,54800,3300,1300,1400,2400,7600,1400,8400
169.0,13.46,2319100,31232538.0,13.46,13.45,13.44,13.42,13.41,13.4,13.39,13.38,13.37,13.36,13.48,13.49,13.5,13.52,13.53,13.54,13.55,13.58,13.59,13.6,5300,17600,800,800,44900,12700,3700,75400,3800,33200,100,4700,54800,3300,1300,1400,2400,7600,1400,8400
170.0,13.47,2319500,31237926.0,13.47,13.46,13.45,13.44,13.43,13.42,13.41,13.4,13.39,13.38,13.49,13.5,13.52,13.53,13.54,13.55,13.58,13.59,13.6,13.63,6000,16100,20800,1200,600,1300,44900,12700,3700,75400,4700,54800,3300,1300,1400,2400,7600,1400,8400,500
171.0,13.47,2320500,31251414.0,13.47,13.46,13.45,13.44,13.43,13.42,13.41,13.4,13.39,13.38,13.49,13.5,13.52,13.53,13.54,13.55,13.58,13.59,13.6,13.63,5900,16100,20800,1400,600,1300,44900,12700,3700,75500,3800,54800,3300,1300,1400,2400,7600,1400,8400,500
172.0,13.47,2321500,31264884.0,13.47,13.46,13.45,13.44,13.43,13.42,13.41,13.4,13.39,13.38,13.49,13.5,13.52,13.53,13.54,13.55,13.58,13.59,13.6,13.63,4900,22400,23000,1400,600,1300,44900,12700,3700,75500,3800,4100,3300,1300,1400,2400,7600,1400,8400,500
173.0,13.49,2325000,31312079.0,13.48,13.47,13.46,13.45,13.44,13.43,13.42,13.41,13.4,13.39,13.49,13.5,13.52,13.53,13.54,13.55,13.58,13.59,13.6,13.63,800,3900,21000,23500,1400,600,1300,45500,12700,3700,1300,4100,3300,1300,1400,2400,7600,1400,8400,500
174.0,13.49,2327600,31347128.0,13.48,13.47,13.46,13.45,13.44,13.43,13.42,13.41,13.4,13.39,13.49,13.5,13.52,13.53,13.54,13.55,13.58,13.59,13.6,13.63,300,3100,21000,24400,1400,600,1900,45500,12700,3700,500,4100,3300,1300,1400,2400,7600,1400,8400,500
175.0,13.48,2328300,31356565.0,13.47,13.46,13.45,13.44,13.43,13.42,13.41,13.4,13.39,13.38,13.48,13.49,13.5,13.52,13.53,13.54,13.55,13.58,13.59,13.6,2900,21000,26000,1400,600,2100,45500,13700,3700,75500,600,200,4100,3300,1300,1400,2400,7600,1100,8400
176.0,13.47,2329200,31368692.0,13.47,13.46,13.45,13.44,13.43,13.42,13.41,13.4,13.39,13.38,13.48,13.49,13.5,13.52,13.53,13.54,13.55,13.58,13.59,13.6,2400,21000,26000,1400,600,2100,45500,13700,3700,75500,200,200,4100,3300,1300,1400,2400,7600,1100,8400
177.0,13.47,2329200,31368692.0,13.47,13.46,13.45,13.44,13.43,13.42,13.41,13.4,13.39,13.38,13.48,13.49,13.5,13.52,13.53,13.54,13.55,13.58,13.59,13.6,2500,21000,26000,1400,600,2100,45500,13700,3700,73500,200,200,5700,3300,1300,1400,2400,7600,1100,8400
178.0,13.48,2331200,31395634.0,13.48,13.47,13.46,13.45,13.44,13.43,13.42,13.41,13.4,13.39,13.49,13.5,13.52,13.53,13.54,13.55,13.58,13.59,13.6,13.63,200,700,8000,23500,1400,2800,2800,45500,13700,3700,200,5700,3300,1300,1400,2400,7600,1100,8400,500
179.0,13.5,2342500,31547779.0,13.46,13.45,13.44,13.43,13.42,13.41,13.4,13.39,13.38,13.37,13.49,13.5,13.52,13.53,13.54,13.55,13.58,13.59,13.6,13.63,500,22700,1400,2800,2800,45500,18700,3700,73600,3800,1100,5400,3300,1300,1400,2400,7600,1100,8400,500
180.0,13.49,2342600,31549128.0,13.47,13.46,13.45,13.44,13.43,13.42,13.41,13.4,13.39,13.38,13.49,13.5,13.52,13.53,13.54,13.55,13.58,13.59,13.6,13.63,200,500,23200,1400,2800,3100,45500,18800,3700,73600,4200,5400,3300,1300,1400,2400,7600,1100,8400,500
181.0,13.49,2343000,31554524.0,13.47,13.46,13.45,13.44,13.43,13.42,13.41,13.4,13.39,13.38,13.49,13.5,13.52,13.53,13.54,13.55,13.58,13.59,13.6,13.63,200,500,23200,1400,2800,3100,45500,18800,3700,73500,3800,5400,3300,1300,1400,2400,7600,1100,8400,500
182.0,13.5,2352700,31685396.0,13.48,13.46,13.45,13.44,13.43,13.42,13.41,13.4,13.39,13.38,13.5,13.52,13.53,13.54,13.55,13.58,13.59,13.6,13.63,13.66,600,1900,23200,1400,2800,3100,45500,18800,3700,73500,900,3300,1300,1400,2400,7600,1100,8400,500,5200
183.0,13.48,2355100,31717768.0,13.46,13.45,13.44,13.43,13.42,13.41,13.4,13.39,13.38,13.37,13.48,13.49,13.52,13.53,13.54,13.55,13.58,13.59,13.6,13.63,1900,23400,1400,2800,3100,45500,18800,3700,73500,3800,1700,100,3300,1300,1400,2400,7600,1100,8400,500
184.0,13.48,2356100,31731248.0,13.47,13.46,13.45,13.44,13.43,13.42,13.41,13.4,13.39,13.38,13.48,13.49,13.52,13.53,13.54,13.55,13.58,13.59,13.6,13.63,100,2000,23400,1200,2800,3100,45500,23700,3700,73500,700,200,3300,1300,1400,2400,7600,1100,8400,500
185.0,13.49,2360100,31785228.0,13.47,13.46,13.45,13.44,13.43,13.42,13.41,13.4,13.39,13.38,13.48,13.51,13.52,13.53,13.54,13.55,13.58,13.59,13.6,13.63,900,2000,23400,1200,2800,3100,45500,23700,3700,73500,1400,3900,3300,1300,1400,2400,7600,1100,8400,500
186.0,13.5,2362200,31813550.0,13.5,13.47,13.46,13.45,13.44,13.43,13.42,13.41,13.4,13.39,13.51,13.52,13.53,13.54,13.55,13.58,13.59,13.6,13.63,13.66,1100,900,2500,23400,1200,2900,3100,45500,23700,3700,3900,3300,1300,1400,2400,7600,1100,8400,500,5200
187.0,13.5,2363000,31824350.0,13.5,13.47,13.46,13.45,13.44,13.43,13.42,13.41,13.4,13.39,13.51,13.52,13.53,13.54,13.55,13.58,13.59,13.6,13.63,13.66,10300,900,2500,23400,1200,2900,3100,45500,23700,3700,3900,3300,1300,1400,2400,7600,1100,10500,500,5200
188.0,13.5,2371000,31932353.0,13.5,13.47,13.46,13.45,13.44,13.43,13.42,13.41,13.4,13.39,13.51,13.52,13.53,13.54,13.55,13.58,13.59,13.6,13.63,13.66,3100,900,2500,23400,1200,2900,3100,45500,23700,3700,3600,3300,1300,1400,2400,7600,1100,10500,500,5200
189.0,13.5,2374100,31974203.0,13.48,13.47,13.46,13.45,13.44,13.43,13.42,13.41,13.4,13.39,13.5,13.51,13.52,13.53,13.54,13.55,13.58,13.59,13.6,13.63,1100,1000,2500,23400,1200,2900,3100,45500,23900,3700,800,4600,3300,1300,1400,2400,7600,1100,10500,500
190.0,13.49,2375100,31987693.0,13.49,13.48,13.47,13.46,13.45,13.44,13.43,13.42,13.41,13.4,13.5,13.51,13.52,13.53,13.54,13.55,13.58,13.59,13.6,13.63,200,2000,2700,2500,23400,1200,2900,3100,45500,23900,800,4600,3300,1300,1400,2400,7600,1100,10500,500
191.0,13.49,2377100,32014658.0,13.48,13.47,13.46,13.45,13.44,13.43,13.42,13.41,13.4,13.39,13.49,13.5,13.51,13.52,13.53,13.54,13.55,13.58,13.59,13.6,800,2700,2500,23400,1200,2900,3100,45500,23900,3700,3700,1900,4600,3300,1300,1400,2400,7600,1100,10500
192.0,13.49,2377500,32020054.0,13.48,13.47,13.46,13.45,13.44,13.43,13.42,13.41,13.4,13.39,13.49,13.5,13.51,13.52,13.53,13.54,13.55,13.58,13.59,13.6,1400,2700,2500,23400,1200,2900,3100,45500,23900,3700,3300,1900,4600,3300,1300,1400,2400,7600,1100,10500
193.0,13.49,2385300,32125139.0,13.46,13.45,13.44,13.43,13.42,13.41,13.4,13.39,13.38,13.37,13.49,13.5,13.51,13.52,13.53,13.54,13.55,13.58,13.59,13.6,1400,23400,1200,2900,3100,45500,23900,3700,74000,3800,3600,1900,4600,3300,1300,1400,2400,7600,1100,10500
194.0,13.49,2388500,32168271.0,13.48,13.47,13.46,13.45,13.44,13.43,13.42,13.41,13.4,13.39,13.49,13.5,13.51,13.52,13.53,13.54,13.55,13.58,13.59,13.6,1000,1000,400,23400,1200,2900,3100,45500,23900,3700,1600,1900,4600,3300,1300,1400,2400,7600,1100,10500
195.0,13.48,2389100,32176363.0,13.48,13.47,13.46,13.45,13.44,13.43,13.42,13.41,13.4,13.39,13.49,13.5,13.51,13.52,13.53,13.54,13.55,13.58,13.59,13.6,800,1000,600,23400,1200,2900,3100,45500,23900,3700,1200,1900,4600,3300,1300,1400,2400,7600,1100,10500
196.0,13.48,2393700,32238427.0,13.48,13.47,13.46,13.45,13.44,13.43,13.42,13.41,13.4,13.39,13.51,13.52,13.53,13.54,13.55,13.58,13.59,13.6,13.63,13.66,1200,1000,600,23400,1200,2900,3100,45500,23900,3700,800,3300,1300,1400,2400,7600,1100,10500,500,5200
197.0,13.5,2395200,32258673.0,13.5,13.48,13.47,13.46,13.45,13.44,13.43,13.42,13.41,13.4,13.51,13.52,13.53,13.54,13.55,13.58,13.59,13.6,13.63,13.66,200,2800,1000,600,23400,2200,2900,3100,45500,23900,1500,3300,1300,1400,2400,7600,1100,10500,500,5200
198.0,13.5,2395400,32261373.0,13.48,13.47,13.46,13.45,13.44,13.43,13.42,13.41,13.4,13.39,13.49,13.5,13.51,13.52,13.53,13.54,13.55,13.58,13.59,13.6,2900,1000,600,23400,2200,2900,4100,45500,23900,3700,1000,500,1500,3300,1300,1400,2400,7600,1100,10500
199.0,13.5,2401000,32336963.0,13.48,13.47,13.46,13.45,13.44,13.43,13.42,13.41,13.4,13.39,13.5,13.51,13.52,13.53,13.54,13.55,13.58,13.59,13.6,13.63,2900,1000,600,23400,2200,2900,4100,45500,23700,3700,4000,1500,3300,1300,1400,2400,7600,1100,10500,500
200.0,13.5,2403800,32374751.0,13.49,13.48,13.47,13.46,13.45,13.44,13.43,13.42,13.41,13.4,13.5,13.51,13.52,13.53,13.54,13.55,13.58,13.59,13.6,13.63,200,3300,1000,600,23400,1900,2900,4100,45500,24700,2000,1500,3300,1300,1400,2400,7600,1100,10500,500
201.0,13.48,2404100,32378797.0,13.48,13.47,13.46,13.45,13.44,13.43,13.42,13.41,13.4,13.39,13.49,13.5,13.51,13.52,13.53,13.54,13.55,13.58,13.59,13.6,3900,1000,600,23400,1900,3900,4100,45500,24700,3700,2900,2000,1500,3300,1300,1200,2400,7600,1100,10500
202.0,13.48,2404500,32384192.0,13.48,13.47,13.46,13.45,13.44,13.43,13.42,13.41,13.4,13.39,13.49,13.5,13.51,13.52,13.53,13.54,13.55,13.58,13.59,13.6,4200,1000,600,23400,1900,3900,4100,45500,24700,3700,2600,61900,1500,3300,1300,1200,2400,7600,1100,10500
203.0,13.48,2408600,32439460.0,13.48,13.47,13.46,13.45,13.44,13.43,13.42,13.41,13.4,13.39,13.49,13.5,13.51,13.52,13.53,13.54,13.55,13.58,13.59,13.6,700,1100,600,23400,1900,3300,4100,45500,24700,3700,7200,61900,1500,3300,1300,400,2400,7600,1100,10500
204.0,13.49,2417600,32560848.0,13.47,13.46,13.45,13.44,13.43,13.42,13.41,13.4,13.39,13.38,13.49,13.5,13.51,13.52,13.53,13.54,13.55,13.58,13.59,13.6,1100,1200,22300,1900,3300,4100,45500,25700,3700,74000,400,61900,1500,3300,1300,400,2400,7600,1100,10500
205.0,13.47,2438700,32845661.0,13.46,13.45,13.44,13.43,13.42,13.41,13.4,13.39,13.38,13.37,13.47,13.48,13.5,13.51,13.52,13.53,13.54,13.55,13.58,13.59,1300,22300,1900,3300,4100,45500,25700,3700,74000,3800,2100,800,43300,1500,3300,1300,400,2400,7600,1100
206.0,13.48,2444500,32923810.0,13.46,13.45,13.44,13.43,13.42,13.41,13.4,13.39,13.38,13.37,13.48,13.49,13.5,13.51,13.52,13.53,13.54,13.55,13.58,13.59,1300,22300,1900,3300,4100,45500,25700,3700,74000,3800,500,5400,43700,1500,3300,1300,400,2400,7600,1100
207.0,13.48,2444500,32923810.0,13.47,13.46,13.45,13.44,13.43,13.42,13.41,13.4,13.39,13.38,13.48,13.49,13.5,13.51,13.52,13.53,13.54,13.55,13.58,13.59,1100,1300,22300,1900,3300,4100,45500,25700,3700,74000,2800,5400,43700,1500,3300,1300,400,2400,7600,1100
208.0,13.46,2448200,32973648.0,13.45,13.44,13.43,13.42,13.41,13.4,13.39,13.38,13.37,13.36,13.46,13.48,13.49,13.5,13.51,13.52,13.53,13.54,13.55,13.58,22300,1900,3300,4100,45500,25700,3700,74000,3800,31100,500,3500,5800,48500,1500,4300,1300,400,2400,7600
209.0,13.46,2448800,32981723.0,13.45,13.44,13.43,13.42,13.41,13.4,13.39,13.38,13.37,13.36,13.46,13.48,13.49,13.5,13.51,13.52,13.53,13.54,13.55,13.58,22300,1900,3300,4700,45500,25700,3700,74000,3800,31100,1000,3700,5800,48500,1500,4300,1300,400,2400,7600
210.0,13.45,2473900,33319318.0,13.44,13.43,13.42,13.41,13.4,13.39,13.38,13.37,13.36,13.35,13.45,13.46,13.48,13.49,13.5,13.51,13.52,13.53,13.54,13.55,2000,3300,4700,45500,26100,3700,74000,3800,31100,10400,32400,5800,3700,5800,48500,1500,4300,1300,400,2400
211.0,13.45,2474200,33323353.0,13.44,13.43,13.42,13.41,13.4,13.39,13.38,13.37,13.36,13.35,13.45,13.46,13.48,13.49,13.5,13.51,13.52,13.53,13.54,13.55,2200,3300,4700,45500,26100,3700,74000,3800,31100,10400,32100,8500,4000,5800,48500,1500,4300,1300,400,2400
212.0,13.45,2475000,33334113.0,13.44,13.43,13.42,13.41,13.4,13.39,13.38,13.37,13.36,13.35,13.45,13.46,13.48,13.49,13.5,13.51,13.52,13.53,13.54,13.55,2200,3300,4700,45500,26100,3700,74000,3800,31100,10400,32400,15600,4000,5800,50700,1500,4300,1300,400,2400
213.0,13.45,2475700,33343528.0,13.44,13.43,13.42,13.41,13.4,13.39,13.38,13.37,13.36,13.35,13.45,13.46,13.48,13.49,13.5,13.51,13.52,13.53,13.54,13.55,2200,3300,4700,45500,26100,3700,74000,3800,31100,10400,33600,19100,4000,5800,50700,1500,4300,1300,400,2400
214.0,13.44,2476000,33347561.0,13.44,13.43,13.42,13.41,13.4,13.39,13.38,13.37,13.36,13.35,13.45,13.46,13.47,13.48,13.49,13.5,13.51,13.52,13.53,13.54,1000,3300,4700,45500,26100,3700,74000,3800,31100,10400,34600,16400,1000,4000,400,50700,1500,4300,1300,400
215.0,13.44,2477300,33365036.0,13.43,13.42,13.41,13.4,13.39,13.38,13.37,13.36,13.35,13.34,13.44,13.45,13.46,13.47,13.48,13.49,13.5,13.51,13.52,13.53,3300,4700,45500,26100,3700,74000,3800,31100,10400,14700,6400,35300,13700,1000,4000,4200,50700,1500,4300,1300
216.0,13.44,2479400,33393258.0,13.43,13.42,13.41,13.4,13.39,13.38,13.37,13.36,13.35,13.34,13.44,13.45,13.46,13.47,13.48,13.49,13.5,13.51,13.52,13.53,3100,4700,45500,26900,3700,74000,3800,30100,10400,14700,59800,37900,13700,1000,4000,4200,50700,1500,4300,1300
217.0,13.43,2482400,33433553.0,13.43,13.42,13.41,13.4,13.39,13.38,13.37,13.36,13.35,13.34,13.44,13.45,13.46,13.47,13.48,13.49,13.5,13.51,13.52,13.53,600,4700,45500,26900,3700,74000,3800,30100,10400,14700,62500,37700,13700,1000,3000,4200,50700,1500,4300,1300
218.0,13.44,2488100,33510153.0,13.42,13.41,13.4,13.39,13.38,13.37,13.36,13.35,13.34,13.33,13.44,13.45,13.46,13.47,13.48,13.49,13.5,13.51,13.52,13.53,4100,45500,26900,3700,74500,3800,30100,10400,14700,5800,65300,35800,13700,1000,2800,4200,50300,1500,4300,1300
219.0,13.44,2488600,33516873.0,13.42,13.41,13.4,13.39,13.38,13.37,13.36,13.35,13.34,13.33,13.44,13.45,13.46,13.47,13.48,13.49,13.5,13.51,13.52,13.53,4100,45500,27400,3700,74500,3800,30100,10400,14700,5800,67300,36300,13700,1000,2800,4200,50300,1500,4300,1300
220.0,13.44,2492800,33573321.0,13.42,13.41,13.4,13.39,13.38,13.37,13.36,13.35,13.34,13.33,13.44,13.45,13.46,13.47,13.48,13.49,13.5,13.51,13.52,13.53,4100,45500,27400,3700,74500,3800,30100,10400,14700,5800,65900,36300,13700,1000,2800,4200,50300,1500,4300,1300
221.0,13.42,2495900,33614923.0,13.42,13.41,13.4,13.39,13.38,13.37,13.36,13.35,13.34,13.33,13.44,13.45,13.46,13.47,13.48,13.49,13.5,13.51,13.52,13.53,1000,45500,28300,3700,74500,3800,30100,10400,14700,5800,69900,35200,13700,1000,2800,4200,50300,1500,4300,1300
222.0,13.41,2506300,33754577.0,13.41,13.4,13.39,13.38,13.37,13.36,13.35,13.34,13.33,13.32,13.44,13.45,13.46,13.47,13.48,13.49,13.5,13.51,13.52,13.53,44000,28300,3700,74500,3800,30100,11100,14700,5800,15800,69900,32600,9000,1000,2800,4200,50300,1500,4300,1300
223.0,13.44,2507500,33770705.0,13.41,13.4,13.39,13.38,13.37,13.36,13.35,13.34,13.33,13.32,13.44,13.45,13.46,13.47,13.48,13.49,13.5,13.51,13.52,13.53,44000,28300,3700,74500,3800,30100,11100,14700,5800,15800,70100,32600,8000,1000,2800,4200,50300,1500,4300,1300
224.0,13.42,2507600,33772047.0,13.41,13.4,13.39,13.38,13.37,13.36,13.35,13.34,13.33,13.32,13.42,13.44,13.45,13.46,13.47,13.48,13.49,13.5,13.51,13.52,45400,29000,3700,74500,3500,30100,11100,14700,5800,15800,4300,70100,32600,5500,1000,2800,4200,53300,1500,4300
225.0,13.42,2509500,33797545.0,13.41,13.4,13.39,13.38,13.37,13.36,13.35,13.34,13.33,13.32,13.42,13.44,13.45,13.46,13.47,13.48,13.49,13.5,13.51,13.52,45400,29000,3700,74500,3500,30100,11100,14700,5800,15800,4400,71200,32600,5500,1000,2800,4600,53300,1800,4300
226.0,13.42,2520000,33938374.0,13.41,13.4,13.39,13.38,13.37,13.36,13.35,13.34,13.33,13.32,13.42,13.44,13.45,13.46,13.47,13.48,13.49,13.5,13.51,13.52,37300,29500,3700,74500,3500,30100,11100,14700,5800,15800,3000,71200,32600,5500,1000,2500,5600,53300,1800,4300
227.0,13.42,2521400,33957153.0,13.41,13.4,13.39,13.38,13.37,13.36,13.35,13.34,13.33,13.32,13.42,13.43,13.44,13.45,13.46,13.47,13.48,13.49,13.5,13.51,36400,29500,3700,21000,3500,30100,11100,14700,5800,15800,2500,1100,71200,32600,5400,1000,2500,5600,53300,1800
228.0,13.41,2530900,34084553.0,13.41,13.4,13.39,13.38,13.37,13.36,13.35,13.34,13.33,13.32,13.42,13.43,13.44,13.45,13.46,13.47,13.48,13.49,13.5,13.51,27400,24800,3700,21000,3500,30100,11100,14700,5800,15800,2200,1100,70400,32600,5400,1000,2500,5600,51400,1800
229.0,13.41,2535300,34143569.0,13.41,13.4,13.39,13.38,13.37,13.36,13.35,13.34,13.33,13.32,13.42,13.43,13.44,13.45,13.46,13.47,13.48,13.49,13.5,13.51,24200,24800,3700,21000,3500,30100,11100,14700,5800,15800,3000,1100,70400,33900,5400,1000,2500,5600,50400,1800
230.0,13.41,2544200,34262925.0,13.41,13.4,13.39,13.38,13.37,13.36,13.35,13.34,13.33,13.32,13.42,13.43,13.44,13.45,13.46,13.47,13.48,13.49,13.5,13.51,16100,24800,3700,21000,3500,30100,10600,14700,5800,16100,3300,3700,69500,33900,5400,1000,2500,5600,50400,1800
231.0,13.41,2549600,34335349.0,13.41,13.4,13.39,13.38,13.37,13.36,13.35,13.34,13.33,13.32,13.42,13.43,13.44,13.45,13.46,13.47,13.48,13.49,13.5,13.51,11700,24800,3700,21000,3500,30100,10600,14700,5800,16100,2300,3700,69500,33900,5400,1000,2500,5600,50400,1800
232.0,13.41,2561400,34493587.0,13.4,13.39,13.38,13.37,13.36,13.35,13.34,13.33,13.32,13.31,13.41,13.42,13.43,13.44,13.45,13.46,13.47,13.48,13.49,13.5,25000,3700,21000,3500,30100,10600,14700,5800,16100,52800,1500,5900,3700,68300,33900,5400,1000,2500,5600,51100
233.0,13.41,2564200,34531142.0,13.4,13.39,13.38,13.37,13.36,13.35,13.34,13.33,13.32,13.31,13.41,13.42,13.43,13.44,13.45,13.46,13.47,13.48,13.49,13.5,24900,3700,21000,3500,30100,10600,14700,5800,16100,52800,5300,5100,3700,67100,33900,5400,1000,2500,1800,51100
234.0,13.4,2572900,34647747.0,13.4,13.39,13.38,13.37,13.36,13.35,13.34,13.33,13.32,13.31,13.41,13.42,13.43,13.44,13.45,13.46,13.47,13.48,13.49,13.5,18700,3700,21000,3500,30100,10600,14700,5800,16100,52800,6200,5100,3700,69400,33900,5400,1000,2500,1800,51100
235.0,13.41,2573500,34655793.0,13.4,13.39,13.38,13.37,13.36,13.35,13.34,13.33,13.32,13.31,13.41,13.42,13.43,13.44,13.45,13.46,13.47,13.48,13.49,13.5,18700,3700,21000,3500,30100,10600,14700,5800,16100,52800,9700,5100,3700,67000,33900,5400,1000,2500,1800,8800
236.0,13.41,2585200,34812645.0,13.4,13.39,13.38,13.37,13.36,13.35,13.34,13.33,13.32,13.31,13.41,13.42,13.43,13.44,13.45,13.46,13.47,13.48,13.49,13.5,14100,3700,21000,3500,30100,10600,14700,5800,16100,52800,5000,5100,3700,67000,33900,5400,1000,2500,1800,8800
237.0,13.4,2588100,34851505.0,13.4,13.39,13.38,13.37,13.36,13.35,13.34,13.33,13.32,13.31,13.41,13.42,13.43,13.44,13.45,13.46,13.47,13.48,13.49,13.5,11200,3200,21000,3700,31100,10600,14700,5800,15600,52800,5000,5100,1100,67000,33900,5400,1000,2500,1800,8800
238.0,13.4,2603200,35053884.0,13.39,13.38,13.37,13.36,13.35,13.34,13.33,13.32,13.31,13.3,13.4,13.41,13.42,13.43,13.44,13.45,13.46,13.47,13.48,13.49,3200,21000,3700,31100,10600,14700,5800,15600,52800,60500,1000,1400,5100,1100,67000,33900,5400,1000,2500,1800
239.0,13.39,2611000,35158439.0,13.39,13.38,13.37,13.36,13.35,13.34,13.33,13.32,13.31,13.3,13.42,13.43,13.44,13.45,13.46,13.47,13.48,13.49,13.5,13.51,900,21000,3700,31100,10600,14700,5800,15600,52800,62700,2900,1100,65500,33900,5400,1000,2500,1800,8800,1800
240.0,13.4,2616200,35228117.0,13.4,13.39,13.38,13.37,13.36,13.35,13.34,13.33,13.32,13.31,13.42,13.43,13.44,13.45,13.46,13.47,13.48,13.49,13.5,13.51,15000,2900,21000,3700,31100,10600,14700,5800,15600,52800,5000,1100,62200,33900,5400,1000,2500,1800,8800,1800
241.0,13.43,2635600,35488272.0,13.42,13.41,13.4,13.39,13.38,13.37,13.36,13.35,13.34,13.33,13.43,13.44,13.45,13.46,13.47,13.48,13.49,13.5,13.51,13.52,2700,22600,8200,2900,21000,3700,33100,10600,14700,5200,100,62200,33900,4400,1000,1700,800,8800,1800,4300
242.0,13.42,2678800,36068855.0,13.42,13.41,13.4,13.39,13.38,13.37,13.36,13.35,13.34,13.33,13.43,13.44,13.45,13.46,13.47,13.48,13.49,13.5,13.51,13.52,2900,22600,8900,2800,21000,3700,33100,11100,14700,5200,100,15000,33900,4400,1000,1700,800,8800,1800,4300
243.0,13.41,2687700,36188275.0,13.41,13.4,13.39,13.38,13.37,13.36,13.35,13.34,13.33,13.32,13.44,13.45,13.46,13.47,13.48,13.49,13.5,13.51,13.52,13.53,18100,9400,2800,21000,3700,33100,11100,14700,5200,15600,13700,33900,4400,1000,1700,800,8800,1800,4300,1300
244.0,13.42,2714300,36545735.0,13.42,13.41,13.4,13.39,13.38,13.37,13.36,13.35,13.34,13.33,13.45,13.46,13.47,13.48,13.49,13.5,13.51,13.52,13.53,13.54,5200,17000,9400,2800,21000,3700,33100,11100,14700,5200,28000,2500,1000,1700,800,8800,1800,4300,1300,400
245.0,13.43,2721900,36647845.0,13.43,13.42,13.41,13.4,13.39,13.38,13.37,13.36,13.35,13.34,13.45,13.46,13.47,13.48,13.49,13.5,13.51,13.52,13.53,13.54,2500,8000,17000,9400,2800,21000,3700,33500,11100,14700,27700,2500,1000,1700,800,8800,1800,4300,1300,400
246.0,13.43,2750500,37032477.0,13.43,13.42,13.41,13.4,13.39,13.38,13.37,13.36,13.35,13.34,13.45,13.46,13.47,13.48,13.49,13.5,13.51,13.52,13.53,13.54,600,13200,17700,10400,2800,21000,3700,33500,11300,14700,1000,900,1000,1700,800,8800,1800,4300,1300,400
247.0,13.43,2750900,37037849.0,13.43,13.42,13.41,13.4,13.39,13.38,13.37,13.36,13.35,13.34,13.45,13.46,13.47,13.48,13.49,13.5,13.51,13.52,13.53,13.54,200,13200,23700,10400,2800,21000,3700,33500,11300,14700,1000,900,1000,1700,800,8800,1800,4300,1300,400
248.0,13.42,2761700,37182825.0,13.42,13.41,13.4,13.39,13.38,13.37,13.36,13.35,13.34,13.33,13.46,13.47,13.48,13.49,13.5,13.51,13.52,13.53,13.54,13.55,3800,23700,10400,2800,21000,3700,33500,11300,14700,5200,700,1000,1700,800,8800,1800,4300,1300,400,2400
249.0,13.42,2764500,37220401.0,13.42,13.41,13.4,13.39,13.38,13.37,13.36,13.35,13.34,13.33,13.46,13.47,13.48,13.49,13.5,13.51,13.52,13.53,13.54,13.55,6200,25500,11400,2800,21000,3700,33500,11300,14700,5200,11000,1000,1700,800,8800,1800,4300,1300,400,2400
250.0,13.42,2773000,37334499.0,13.42,13.41,13.4,13.39,13.38,13.37,13.36,13.35,13.34,13.33,13.46,13.47,13.48,13.49,13.5,13.51,13.52,13.53,13.54,13.55,11300,25500,17800,3800,21000,3700,33500,11300,14700,5200,10300,1000,1700,800,8800,1800,4300,1300,400,2400
251.0,13.42,2773500,37341209.0,13.45,13.42,13.41,13.4,13.39,13.38,13.37,13.36,13.35,13.34,13.46,13.47,13.48,13.49,13.5,13.51,13.52,13.53,13.54,13.55,200,15300,26000,17800,3800,21000,3700,33500,11100,14700,13400,1000,1700,800,8800,1800,4300,1300,400,2400
252.0,13.46,2778600,37409797.0,13.42,13.41,13.4,13.39,13.38,13.37,13.36,13.35,13.34,13.33,13.46,13.47,13.48,13.49,13.5,13.51,13.52,13.53,13.54,13.55,13900,26000,17300,4000,21000,3700,33500,11100,14700,5200,9900,1000,1700,400,8800,1800,4300,1300,400,2400
253.0,13.43,2781300,37446100.0,13.42,13.41,13.4,13.39,13.38,13.37,13.36,13.35,13.34,13.33,13.43,13.45,13.46,13.47,13.48,13.49,13.5,13.51,13.52,13.53,17000,26000,18300,4000,21000,3700,33500,11100,14700,5200,700,100,11600,1000,1700,400,8800,1800,4300,1300
254.0,13.43,2799800,37694497.0,13.42,13.41,13.4,13.39,13.38,13.37,13.36,13.35,13.34,13.33,13.43,13.45,13.46,13.47,13.48,13.49,13.5,13.51,13.52,13.53,15900,26000,20300,4000,21000,3700,33500,11100,14700,5200,2800,100,11600,1000,1700,400,8800,1800,4300,1300
255.0,13.43,2802600,37732101.0,13.44,13.43,13.42,13.41,13.4,13.39,13.38,13.37,13.36,13.35,13.45,13.46,13.47,13.48,13.49,13.5,13.51,13.52,13.53,13.54,5900,200,17500,26000,22500,4000,21000,3700,33500,11100,100,11600,1000,1700,400,8800,1800,4300,1300,400
256.0,13.45,2804700,37760326.0,13.44,13.43,13.42,13.41,13.4,13.39,13.38,13.37,13.36,13.35,13.46,13.47,13.48,13.49,13.5,13.51,13.52,13.53,13.54,13.55,3900,800,17500,29000,22500,4000,21000,3700,33300,11100,13200,1000,1700,400,8800,1800,4300,1300,400,2400
257.0,13.45,2806900,37789926.0,13.44,13.43,13.42,13.41,13.4,13.39,13.38,13.37,13.36,13.35,13.46,13.47,13.48,13.49,13.5,13.51,13.52,13.53,13.54,13.55,3700,800,17500,29600,22500,4000,21000,3700,33300,11100,12000,1100,1700,4200,8800,1800,4300,1300,400,2400
258.0,13.44,2808100,37806054.0,13.44,13.43,13.42,13.41,13.4,13.39,13.38,13.37,13.36,13.35,13.46,13.47,13.48,13.49,13.5,13.51,13.52,13.53,13.54,13.55,2500,800,21000,29600,24000,4000,21500,3700,33300,11100,12000,1100,1700,4200,8800,1800,4300,1300,400,2400
259.0,13.44,2809600,37826228.0,13.44,13.43,13.42,13.41,13.4,13.39,13.38,13.37,13.36,13.35,13.46,13.47,13.48,13.49,13.5,13.51,13.52,13.53,13.54,13.55,1700,800,21000,29500,24800,4000,21400,3700,33300,11100,11300,1100,1700,4200,8800,1800,4300,1300,400,2400
260.0,13.46,2811000,37845072.0,13.44,13.43,13.42,13.41,13.4,13.39,13.38,13.37,13.36,13.35,13.46,13.47,13.48,13.49,13.5,13.51,13.52,13.53,13.54,13.55,1700,1000,21000,29500,24800,4000,21400,3700,33300,11100,9900,2100,1700,4600,8800,1800,4300,1300,1100,2400
261.0,13.46,2811000,37845072.0,13.44,13.43,13.42,13.41,13.4,13.39,13.38,13.37,13.36,13.35,13.46,13.47,13.48,13.49,13.5,13.51,13.52,13.53,13.54,13.55,1700,1000,21000,29500,24800,4000,21400,3700,33500,11100,9900,2100,100,4600,8800,1800,4300,1300,1100,2400
262.0,13.44,2813600,37880052.0,13.44,13.43,13.42,13.41,13.4,13.39,13.38,13.37,13.36,13.35,13.45,13.46,13.47,13.48,13.49,13.5,13.51,13.52,13.53,13.54,1000,4800,21000,27000,25300,4000,21400,3700,33500,11100,100,8100,2100,100,4600,8800,1800,4300,1300,1100
263.0,13.44,2814600,37893492.0,13.43,13.42,13.41,13.4,13.39,13.38,13.37,13.36,13.35,13.34,13.44,13.45,13.46,13.47,13.48,13.49,13.5,13.51,13.52,13.53,4800,21000,27400,25300,4000,21400,3700,33500,11100,14700,1900,100,8100,2100,100,4600,8800,1800,3300,1300
264.0,13.43,2814800,37896179.0,13.43,13.42,13.41,13.4,13.39,13.38,13.37,13.36,13.35,13.34,13.44,13.45,13.46,13.47,13.48,13.49,13.5,13.51,13.52,13.53,5700,21600,27400,25300,4000,21400,3700,33500,11100,14700,1800,100,8100,2100,100,4600,8800,1800,3300,1300
265.0,13.44,2815200,37901555.0,13.43,13.42,13.41,13.4,13.39,13.38,13.37,13.36,13.35,13.34,13.44,13.45,13.46,13.47,13.48,13.49,13.5,13.51,13.52,13.53,5700,21600,29400,25300,4000,21400,3700,33500,11100,14700,1900,100,8100,2100,100,4600,8800,1800,3300,1300
266.0,13.44,2818400,37944536.0,13.43,13.42,13.41,13.4,13.39,13.38,13.37,13.36,13.35,13.34,13.44,13.45,13.46,13.47,13.48,13.49,13.5,13.51,13.52,13.53,3300,21600,29400,25300,4000,21400,3700,33500,11100,14700,9500,100,8100,2100,100,4600,8800,1800,3300,1300
267.0,13.44,2821100,37980824.0,13.43,13.42,13.41,13.4,13.39,13.38,13.37,13.36,13.35,13.34,13.44,13.45,13.46,13.47,13.48,13.49,13.5,13.51,13.52,13.53,3300,22100,30300,25300,4000,21400,3700,33500,11100,14700,6800,100,8100,2800,100,4600,4000,1800,3300,1300
268.0,13.44,2824800,38030546.0,13.43,13.42,13.41,13.4,13.39,13.38,13.37,13.36,13.35,13.34,13.44,13.45,13.46,13.47,13.48,13.49,13.5,13.51,13.52,13.53,2700,21100,30300,25300,4000,21400,3700,33500,11100,14700,3700,100,11100,2800,100,4600,4000,1800,3300,1300
269.0,13.46,2832600,38135459.0,13.43,13.42,13.41,13.4,13.39,13.38,13.37,13.36,13.35,13.34,13.46,13.47,13.48,13.49,13.5,13.51,13.52,13.53,13.54,13.55,2800,21300,30300,25300,4000,21400,3700,33500,11100,14700,7100,2800,100,4600,4000,1900,3300,1300,1100,3100
270.0,13.46,2832600,38135459.0,13.43,13.42,13.41,13.4,13.39,13.38,13.37,13.36,13.35,13.34,13.46,13.47,13.48,13.49,13.5,13.51,13.52,13.53,13.54,13.55,6500,22200,30300,25300,4000,22400,3700,33500,11100,14700,15000,4000,100,4600,4000,1900,3300,1300,1100,3100
271.0,13.46,2832600,38135459.0,13.44,13.43,13.42,13.41,13.4,13.39,13.38,13.37,13.36,13.35,13.46,13.47,13.48,13.49,13.5,13.51,13.52,13.53,13.54,13.55,500,11400,25400,30300,25300,4500,22400,3700,33500,11100,19900,4000,100,4600,4000,1900,3300,1300,1100,3100
272.0,13.43,2835100,38169081.0,13.43,13.42,13.41,13.4,13.39,13.38,13.37,13.36,13.35,13.34,13.46,13.47,13.48,13.49,13.5,13.51,13.52,13.53,13.54,13.55,10800,25400,30300,25300,4500,22400,3700,33500,10700,14700,18500,4000,100,4600,4000,1900,3300,1300,1100,3100
273.0,13.44,2838100,38209401.0,13.44,13.43,13.42,13.41,13.4,13.39,13.38,13.37,13.36,13.35,13.46,13.47,13.48,13.49,13.5,13.51,13.52,13.53,13.54,13.55,5200,18500,25400,30300,25300,4500,22400,3700,33500,10700,26200,4000,1100,4600,4000,1900,3300,1300,1100,3100
274.0,13.44,2838300,38212089.0,13.44,13.43,13.42,13.41,13.4,13.39,13.38,13.37,13.36,13.35,13.46,13.47,13.48,13.49,13.5,13.51,13.52,13.53,13.54,13.55,5000,18500,25400,30300,25300,4500,22600,3700,34600,10700,26300,4000,1100,4600,4000,1900,3300,1300,1100,3100
275.0,13.44,2840200,38237625.0,13.44,13.43,13.42,13.41,13.4,13.39,13.38,13.37,13.36,13.35,13.46,13.47,13.48,13.49,13.5,13.51,13.52,13.53,13.54,13.55,6400,26800,25400,30300,25300,4500,22600,3700,34600,10700,26300,4000,1100,4600,4000,1900,3300,1300,1100,3100
276.0,13.44,2844400,38294073.0,13.44,13.43,13.42,13.41,13.4,13.39,13.38,13.37,13.36,13.35,13.46,13.47,13.48,13.49,13.5,13.51,13.52,13.53,13.54,13.55,2500,27600,25400,28500,25300,4500,22600,3700,34600,10700,26300,4200,1100,4600,4000,1900,3300,1300,1100,3100
277.0,13.46,2847200,38331759.0,13.44,13.43,13.42,13.41,13.4,13.39,13.38,13.37,13.36,13.35,13.46,13.47,13.48,13.49,13.5,13.51,13.52,13.53,13.54,13.55,2400,30000,25400,28500,25300,4500,22600,3700,34600,10700,23700,4800,1100,4600,4000,1900,3300,1300,1100,3100
278.0,13.44,2849600,38364015.0,13.43,13.42,13.41,13.4,13.39,13.38,13.37,13.36,13.35,13.34,13.46,13.47,13.48,13.49,13.5,13.51,13.52,13.53,13.54,13.55,30000,25400,28500,25300,4500,22600,3700,34600,10700,14700,23700,4900,1100,4600,4000,1900,3300,1300,1100,3100
279.0,13.46,2851000,38382838.0,13.43,13.42,13.41,13.4,13.39,13.38,13.37,13.36,13.35,13.34,13.44,13.46,13.47,13.48,13.49,13.5,13.51,13.52,13.53,13.54,32000,25400,28500,26500,4500,22600,3700,34600,10700,14700,200,25000,4900,1100,4600,4500,1900,3300,1300,1100
280.0,13.44,2851200,38385526.0,13.43,13.42,13.41,13.4,13.39,13.38,13.37,13.36,13.35,13.34,13.46,13.47,13.48,13.49,13.5,13.51,13.52,13.53,13.54,13.55,32000,25400,28500,27300,4500,22600,3700,34600,10700,14700,28800,5400,1100,4600,4500,1900,3300,1300,1100,3100
281.0,13.44,2851900,38394934.0,13.43,13.42,13.41,13.4,13.39,13.38,13.37,13.36,13.35,13.34,13.44,13.46,13.47,13.48,13.49,13.5,13.51,13.52,13.53,13.54,32300,25400,28500,27300,4500,22600,3700,34600,10700,14700,6200,28800,5400,1100,4600,4500,1900,3300,1300,1100
282.0,13.44,2857400,38468854.0,13.43,13.42,13.41,13.4,13.39,13.38,13.37,13.36,13.35,13.34,13.44,13.46,13.47,13.48,13.49,13.5,13.51,13.52,13.53,13.54,32300,25400,28500,27300,4500,22600,3700,34600,11200,14700,700,28800,5400,1100,6600,4500,1900,3300,1300,1100
283.0,13.44,2859100,38491702.0,13.44,13.43,13.42,13.41,13.4,13.39,13.38,13.37,13.36,13.35,13.46,13.47,13.48,13.49,13.5,13.51,13.52,13.53,13.54,13.55,1300,32300,25400,28500,28700,4500,22600,3700,35200,11200,28800,9400,1100,6600,4500,1900,3300,1300,1100,3100
284.0,13.45,2860100,38505151.0,13.45,13.44,13.43,13.42,13.41,13.4,13.39,13.38,13.37,13.36,13.46,13.47,13.48,13.49,13.5,13.51,13.52,13.53,13.54,13.55,100,1200,32800,25400,28500,28700,4500,22600,3700,36200,28900,9400,1100,6600,4500,1900,3300,1300,1100,3100
285.0,13.44,2860600,38511872.0,13.44,13.43,13.42,13.41,13.4,13.39,13.38,13.37,13.36,13.35,13.45,13.46,13.47,13.48,13.49,13.5,13.51,13.52,13.53,13.54,800,32900,25400,28500,28700,4500,22600,3700,36200,11200,400,28900,9400,1100,6600,5500,1900,3300,1300,1100
286.0,13.44,2864900,38569680.0,13.43,13.42,13.41,13.4,13.39,13.38,13.37,13.36,13.35,13.34,13.44,13.45,13.46,13.47,13.48,13.49,13.5,13.51,13.52,13.53,32900,25400,28500,28700,4500,23100,3700,36200,11200,14700,4900,10200,28300,9700,1100,6600,5500,1900,3300,1300
287.0,13.43,2872300,38669099.0,13.43,13.42,13.41,13.4,13.39,13.38,13.37,13.36,13.35,13.34,13.44,13.45,13.46,13.47,13.48,13.49,13.5,13.51,13.52,13.53,29900,25400,28500,28700,4500,23100,3700,36200,11200,14700,1200,10300,28300,9700,1100,6600,5600,1900,3300,1300
288.0,13.43,2880800,38783359.0,13.43,13.42,13.41,13.4,13.39,13.38,13.37,13.36,13.35,13.34,13.45,13.46,13.47,13.48,13.49,13.5,13.51,13.52,13.53,13.54,27900,25400,28700,28700,4500,23100,3700,36200,11200,14700,6300,28300,9700,1100,6600,5600,1900,3300,1300,1100
289.0,13.45,2881900,38798146.0,13.43,13.42,13.41,13.4,13.39,13.38,13.37,13.36,13.35,13.34,13.45,13.46,13.47,13.48,13.49,13.5,13.51,13.52,13.53,13.54,27600,25400,28700,28700,4500,23100,3700,36200,11200,14700,5600,28300,9700,1100,6600,5600,1900,3300,1300,1100
290.0,13.44,2900900,39053401.0,13.43,13.42,13.41,13.4,13.39,13.38,13.37,13.36,13.35,13.34,13.44,13.45,13.46,13.47,13.48,13.49,13.5,13.51,13.52,13.53,16600,25400,28900,28700,4500,23100,3700,36200,11200,19700,12400,5100,28300,9700,1100,6600,5600,1900,3300,1300
291.0,13.44,2911100,39190489.0,13.43,13.42,13.41,13.4,13.39,13.38,13.37,13.36,13.35,13.34,13.44,13.45,13.46,13.47,13.48,13.49,13.5,13.51,13.52,13.53,16600,25400,28900,28700,4500,23100,3700,36200,11200,19700,2300,5100,28300,9700,1100,6600,5600,1900,3300,1300
292.0,13.44,2912500,39209297.0,13.43,13.42,13.41,13.4,13.39,13.38,13.37,13.36,13.35,13.34,13.44,13.45,13.46,13.47,13.48,13.49,13.5,13.51,13.52,13.53,15800,25400,28900,30700,4500,23100,3700,36200,11200,19700,23500,5100,28300,9700,1100,6600,5600,1900,3300,1300
293.0,13.41,2966100,39928688.0,13.41,13.4,13.39,13.38,13.37,13.36,13.35,13.34,13.33,13.32,13.42,13.44,13.45,13.46,13.47,13.48,13.49,13.5,13.51,13.52,18000,30700,4500,23100,3700,36200,11200,19700,5100,15000,11500,22100,5100,28300,9700,1100,6600,5600,1900,3300
294.0,13.42,2971300,39998472.0,13.41,13.4,13.39,13.38,13.37,13.36,13.35,13.34,13.33,13.32,13.42,13.43,13.44,13.45,13.46,13.47,13.48,13.49,13.5,13.51,18000,30700,4500,23100,3700,36200,12200,19700,5100,15000,6300,200,22100,5100,28300,9700,1100,6600,6700,1900
295.0,13.41,2972000,40007859.0,13.41,13.4,13.39,13.38,13.37,13.36,13.35,13.34,13.33,13.32,13.42,13.43,13.44,13.45,13.46,13.47,13.48,13.49,13.5,13.51,17300,30700,4500,23100,3700,36200,12200,19700,5100,15000,6300,1600,22100,5100,28300,9700,1100,6600,6700,1900
296.0,13.42,2975600,40056171.0,13.41,13.4,13.39,13.38,13.37,13.36,13.35,13.34,13.33,13.32,13.42,13.43,13.44,13.45,13.46,13.47,13.48,13.49,13.5,13.51,17300,30700,4500,23100,3700,36200,12200,19700,5100,15000,3400,1600,22100,5100,28200,8900,100,6600,6700,1900
297.0,13.42,2978200,40091063.0,13.41,13.4,13.39,13.38,13.37,13.36,13.35,13.34,13.33,13.32,13.42,13.43,13.44,13.45,13.46,13.47,13.48,13.49,13.5,13.51,17300,30700,4500,23100,3700,36600,12700,19700,5100,15000,1900,1600,22100,5100,28200,8900,100,6600,6700,1900
298.0,13.42,2978800,40099115.0,13.41,13.4,13.39,13.38,13.37,13.36,13.35,13.34,13.33,13.32,13.42,13.43,13.44,13.45,13.46,13.47,13.48,13.49,13.5,13.51,17300,30700,4500,23100,3700,25300,12700,19700,5100,15000,1300,1600,27100,5100,24400,8900,100,6600,6700,1900
299.0,13.44,2988200,40225388.0,13.41,13.4,13.39,13.38,13.37,13.36,13.35,13.34,13.33,13.32,13.42,13.44,13.45,13.46,13.47,13.48,13.49,13.5,13.51,13.52,16600,30700,4500,23100,3700,25300,12700,19700,5100,15000,10000,21300,5100,24400,8900,100,6600,6700,1900,3300
300.0,13.41,2998400,40362255.0,13.41,13.4,13.39,13.38,13.37,13.36,13.35,13.34,13.33,13.32,13.42,13.44,13.45,13.46,13.47,13.48,13.49,13.5,13.51,13.52,14900,30700,4500,23100,3700,25300,12700,19700,5100,15000,1500,21300,5100,24400,8900,100,6600,6700,1900,3300
301.0,13.4,3013400,40563404.0,13.41,13.4,13.39,13.38,13.37,13.36,13.35,13.34,13.33,13.32,13.42,13.44,13.45,13.46,13.47,13.48,13.49,13.5,13.51,13.52,300,30600,4500,23100,3700,25300,12700,19700,5100,15000,1500,21300,9100,25400,8900,100,6600,6700,1900,3300
302.0,13.44,3016800,40609021.0,13.41,13.4,13.39,13.38,13.37,13.36,13.35,13.34,13.33,13.32,13.44,13.45,13.46,13.47,13.48,13.49,13.5,13.51,13.52,13.53,2800,29600,4600,23100,3700,25300,12700,19700,5100,14900,20700,9000,25400,8900,1500,6600,6700,1900,3300,1300
303.0,13.42,3020600,40660005.0,13.41,13.4,13.39,13.38,13.37,13.36,13.35,13.34,13.33,13.32,13.44,13.45,13.46,13.47,13.48,13.49,13.5,13.51,13.52,13.53,10300,29600,4600,23100,3700,25300,12700,8300,5100,14900,29400,9000,25400,8900,1500,6600,6700,1900,3300,1300
304.0,13.41,3029800,40783377.0,13.42,13.41,13.4,13.39,13.38,13.37,13.36,13.35,13.34,13.33,13.44,13.45,13.46,13.47,13.48,13.49,13.5,13.51,13.52,13.53,1600,3400,35300,4600,23100,3700,25300,12700,8300,5100,32400,9000,25400,8300,1500,6600,6700,1900,3300,1300
305.0,13.42,3031100,40800823.0,13.42,13.41,13.4,13.39,13.38,13.37,13.36,13.35,13.34,13.33,13.44,13.45,13.46,13.47,13.48,13.49,13.5,13.51,13.52,13.53,300,3400,35300,4600,23100,3700,25300,12700,8300,5100,32300,9000,25400,8300,1500,6600,6800,1900,3300,1300
306.0,13.4,3050000,41054123.0,13.4,13.39,13.38,13.37,13.36,13.35,13.34,13.33,13.32,13.31,13.44,13.45,13.46,13.47,13.48,13.49,13.5,13.51,13.52,13.53,20100,4600,23100,3600,25300,12700,8300,5100,14900,53000,32300,9000,25400,8300,1500,6600,6800,1900,3300,1300
307.0,13.4,3059200,41177403.0,13.4,13.39,13.38,13.37,13.36,13.35,13.34,13.33,13.32,13.31,13.44,13.45,13.46,13.47,13.48,13.49,13.5,13.51,13.52,13.53,33500,4600,23100,3600,25300,12900,8300,5100,16500,53000,42700,9000,25400,8300,1500,6600,6800,1900,3300,1300
308.0,13.4,3063300,41232343.0,13.4,13.39,13.38,13.37,13.36,13.35,13.34,13.33,13.32,13.31,13.44,13.45,13.46,13.47,13.48,13.49,13.5,13.51,13.52,13.53,29400,4600,23100,3600,25300,12900,8300,5100,16500,53000,42700,9000,25400,8300,1500,6600,6800,1900,3300,1300
309.0,13.4,3067200,41284631.0,13.4,13.39,13.38,13.37,13.36,13.35,13.34,13.33,13.32,13.31,13.43,13.44,13.45,13.46,13.47,13.48,13.49,13.5,13.51,13.52,33400,4600,23100,3600,25300,12900,8300,5100,16500,53000,800,49200,9000,25400,8300,1500,6600,6800,1900,3300
310.0,13.4,3073600,41370391.0,13.4,13.39,13.38,13.37,13.36,13.35,13.34,13.33,13.32,13.31,13.43,13.44,13.45,13.46,13.47,13.48,13.49,13.5,13.51,13.52,27100,4600,23100,3600,25300,12900,3300,5600,16500,53000,800,49200,9000,25400,7300,700,6600,6800,1900,3300
311.0,13.4,3092600,41624991.0,13.4,13.39,13.38,13.37,13.36,13.35,13.34,13.33,13.32,13.31,13.43,13.44,13.45,13.46,13.47,13.48,13.49,13.5,13.51,13.52,10500,4600,23100,3600,25300,13700,3300,5600,16500,53000,3200,49200,9000,25400,7300,700,6600,6800,1900,3300
312.0,13.39,3105600,41799190.0,13.39,13.38,13.37,13.36,13.35,13.34,13.33,13.32,13.31,13.3,13.43,13.44,13.45,13.46,13.47,13.48,13.49,13.5,13.51,13.52,5500,23100,3600,25300,13700,3300,5600,16500,53000,49800,2600,49200,10800,25300,7300,700,6600,6800,1900,3300
313.0,13.38,3120000,41991961.0,13.38,13.37,13.36,13.35,13.34,13.33,13.32,13.31,13.3,13.29,13.41,13.43,13.44,13.45,13.46,13.47,13.48,13.49,13.5,13.51,18600,3600,25300,13700,3300,5600,16500,53000,49800,7000,3800,7000,49200,10800,25300,7300,700,6600,6800,1900
314.0,13.38,3127900,42097663.0,13.38,13.37,13.36,13.35,13.34,13.33,13.32,13.31,13.3,13.29,13.39,13.41,13.43,13.44,13.45,13.46,13.47,13.48,13.49,13.5,10700,3600,25300,13700,4500,5600,16500,52800,49800,7000,3900,3800,7000,49200,10800,25300,7300,700,6600,6800
315.0,13.38,3138900,42244845.0,13.37,13.36,13.35,13.34,13.33,13.32,13.31,13.3,13.29,13.28,13.38,13.39,13.41,13.43,13.44,13.45,13.46,13.47,13.48,13.49,6900,25300,13700,4500,5600,16500,52400,49800,7000,1000,2200,3700,3800,7000,49200,10800,25300,7300,700,6600
316.0,13.37,3143500,42306347.0,13.37,13.36,13.35,13.34,13.33,13.32,13.31,13.3,13.29,13.28,13.38,13.39,13.41,13.43,13.44,13.45,13.46,13.47,13.48,13.49,2300,30300,13700,4500,5600,16500,52400,50500,7000,1000,2300,3700,3800,7000,49200,10800,25300,7300,700,6600
317.0,13.37,3144300,42317045.0,13.37,13.36,13.35,13.34,13.33,13.32,13.31,13.3,13.29,13.28,13.38,13.39,13.41,13.43,13.44,13.45,13.46,13.47,13.48,13.49,1700,30700,13700,4500,5100,16500,52400,50500,7000,1000,4600,3700,3800,7000,49200,10800,25300,7300,700,6600
318.0,13.36,3149200,42382545.0,13.36,13.35,13.34,13.33,13.32,13.31,13.3,13.29,13.28,13.27,13.37,13.38,13.39,13.41,13.43,13.44,13.45,13.46,13.47,13.48,31600,13700,4500,5100,16000,52400,50500,7000,1000,8500,6000,8300,3700,3800,7000,49200,10800,25300,7300,700
319.0,13.36,3161100,42541529.0,13.36,13.35,13.34,13.33,13.32,13.31,13.3,13.29,13.28,13.27,13.37,13.38,13.39,13.41,13.43,13.44,13.45,13.46,13.47,13.48,25000,13700,4500,5100,16000,52400,50500,7000,1000,8500,6000,8300,4500,3800,7000,49200,10800,25300,7300,700
320.0,13.36,3169400,42652417.0,13.36,13.35,13.34,13.33,13.32,13.31,13.3,13.29,13.28,13.27,13.37,13.38,13.39,13.41,13.43,13.44,13.45,13.46,13.47,13.48,16800,13700,4500,5100,15800,52400,50500,7000,1000,8500,6100,9200,4500,3800,7100,49200,10800,25300,7300,700
321.0,13.36,3183700,42843486.0,13.36,13.35,13.34,13.33,13.32,13.31,13.3,13.29,13.28,13.27,13.37,13.38,13.39,13.41,13.43,13.44,13.45,13.46,13.47,13.48,12700,13700,4500,5100,15800,52400,47100,7000,1000,8500,4000,9500,800,3800,7100,49200,6800,25300,7300,700
322.0,13.36,3196400,43013158.0,13.35,13.34,13.33,13.32,13.31,13.3,13.29,13.28,13.27,13.26,13.36,13.37,13.38,13.39,13.41,13.43,13.44,13.45,13.46,13.47,13700,8800,5100,15800,52400,47100,7000,700,8500,18400,1400,4000,9500,800,3800,7100,49200,9200,25300,7300
323.0,13.36,3204200,43117356.0,13.36,13.35,13.34,13.33,13.32,13.31,13.3,13.29,13.28,13.27,13.37,13.38,13.39,13.41,13.43,13.44,13.45,13.46,13.47,13.48,9300,12100,8800,5100,15800,52400,47100,7000,700,8500,4100,9500,800,3800,7100,49200,9200,25300,7300,700
324.0,13.37,3235200,43531585.0,13.37,13.36,13.35,13.34,13.33,13.32,13.31,13.3,13.29,13.28,13.38,13.39,13.41,13.43,13.44,13.45,13.46,13.47,13.48,13.49,300,4200,28200,24900,5100,15800,52400,47100,7000,700,9500,800,3800,7100,49200,9200,25300,7300,700,6600
325.0,13.36,3240100,43597055.0,13.36,13.35,13.34,13.33,13.32,13.31,13.3,13.29,13.28,13.27,13.38,13.39,13.41,13.43,13.44,13.45,13.46,13.47,13.48,13.49,15100,28200,24900,5100,15800,52400,47100,7000,700,8500,9500,800,3800,7100,49200,9200,25300,7300,700,6600
326.0,13.37,3246500,43682597.0,13.37,13.36,13.35,13.34,13.33,13.32,13.31,13.3,13.29,13.28,13.38,13.39,13.41,13.43,13.44,13.45,13.46,13.47,13.48,13.49,200,12500,28200,24900,5100,15800,52400,47100,7000,700,8700,800,3800,7100,50400,9200,25300,7300,700,6600
327.0,13.38,3256500,43816353.0,13.38,13.36,13.35,13.34,13.33,13.32,13.31,13.3,13.29,13.28,13.39,13.41,13.43,13.44,13.45,13.46,13.47,13.48,13.49,13.5,8200,10400,28200,24900,5100,15800,52400,47100,7000,700,800,3800,7100,50400,9200,25300,7300,700,6600,5800
328.0,13.38,3259400,43855155.0,13.38,13.37,13.36,13.35,13.34,13.33,13.32,13.31,13.3,13.29,13.39,13.43,13.44,13.45,13.46,13.47,13.48,13.49,13.5,13.51,5300,700,10500,28200,24900,5100,15800,52400,47100,7000,800,7100,50400,9200,25300,7300,700,6600,5800,1900
329.0,13.37,3289500,44257482.0,13.36,13.35,13.34,13.33,13.32,13.31,13.3,13.29,13.28,13.27,13.43,13.44,13.45,13.46,13.47,13.48,13.49,13.5,13.51,13.52,2800,35600,24900,5100,15800,52400,47100,7000,700,8500,7100,50400,9200,25300,7300,700,6600,5800,1900,3300
330.0,13.36,3302200,44427095.0,13.36,13.35,13.34,13.33,13.32,13.31,13.3,13.29,13.28,13.27,13.43,13.44,13.45,13.46,13.47,13.48,13.49,13.5,13.51,13.52,3800,33900,8800,5100,15800,52400,46900,7000,700,8500,7100,50400,9200,25300,7300,700,6600,5800,1900,3300
331.0,13.35,3311700,44554034.0,13.35,13.34,13.33,13.32,13.31,13.3,13.29,13.28,13.27,13.26,13.36,13.4,13.43,13.44,13.45,13.46,13.47,13.48,13.49,13.5,32400,8800,5100,15800,52400,46900,7000,700,8500,18400,6100,5900,9300,50400,9200,25300,7300,700,6600,5800
332.0,13.35,3329700,44794464.0,13.35,13.34,13.33,13.32,13.31,13.3,13.29,13.28,13.27,13.26,13.4,13.43,13.44,13.45,13.46,13.47,13.48,13.49,13.5,13.51,26400,8800,5100,15800,52400,47900,7000,700,8500,18400,5900,9300,50400,9200,25300,7300,700,6600,5800,1900
333.0,13.37,3336100,44880053.0,13.37,13.36,13.35,13.34,13.33,13.32,13.31,13.3,13.29,13.28,13.4,13.43,13.44,13.45,13.46,13.47,13.48,13.49,13.5,13.51,600,2000,35200,8800,5100,16800,52400,47900,7000,700,13700,9300,50400,9200,25300,7300,700,6600,5800,1900
334.0,13.36,3348300,45043114.0,13.35,13.34,13.33,13.32,13.31,13.3,13.29,13.28,13.27,13.26,13.36,13.4,13.43,13.44,13.45,13.46,13.47,13.48,13.49,13.5,37000,25000,5100,16800,52400,47900,7000,700,8500,18400,200,12300,9300,50400,9200,25300,7300,700,6600,5800
335.0,13.35,3356300,45149990.0,13.35,13.34,13.33,13.32,13.31,13.3,13.29,13.28,13.27,13.26,13.4,13.43,13.44,13.45,13.46,13.47,13.48,13.49,13.5,13.51,37000,25000,5400,16800,52400,47900,7000,2100,8500,18400,12400,9400,50400,9200,25300,7300,700,6600,5800,1900
336.0,13.35,3360000,45199386.0,13.35,13.34,13.33,13.32,13.31,13.3,13.29,13.28,13.27,13.26,13.36,13.4,13.43,13.44,13.45,13.46,13.47,13.48,13.49,13.5,36500,25000,5400,16800,52400,47900,7000,2100,8500,18400,21100,15100,9400,50400,9200,25300,7300,700,6600,5800
337.0,13.35,3360000,45199386.0,13.35,13.34,13.33,13.32,13.31,13.3,13.29,13.28,13.27,13.26,13.36,13.4,13.43,13.44,13.45,13.46,13.47,13.48,13.49,13.5,36500,25000,5400,16800,52400,47900,7000,2100,8500,18400,21600,15100,9400,50400,9200,25300,7300,700,6600,5800
338.0,13.35,3392700,45636088.0,13.35,13.34,13.33,13.32,13.31,13.3,13.29,13.28,13.27,13.26,13.36,13.37,13.4,13.43,13.44,13.45,13.46,13.47,13.48,13.49,35100,23700,5400,16800,52400,48400,7000,2100,8500,18400,9200,1000,15200,9400,50400,9800,25300,7300,700,6600
339.0,13.36,3407100,45828346.0,13.35,13.34,13.33,13.32,13.31,13.3,13.29,13.28,13.27,13.26,13.36,13.37,13.39,13.4,13.43,13.44,13.45,13.46,13.47,13.48,22800,23700,5400,15800,52400,48400,7000,2100,8500,18400,8700,4200,100,15300,9500,50400,9800,25300,7300,700
340.0,13.36,3407700,45836357.0,13.35,13.34,13.33,13.32,13.31,13.3,13.29,13.28,13.27,13.26,13.36,13.37,13.39,13.4,13.43,13.44,13.45,13.46,13.47,13.48,30900,23700,5400,16300,52400,48600,7000,2100,8500,18400,8600,4400,100,15300,9500,50400,9800,25300,7300,700
341.0,13.35,3415200,45936492.0,13.35,13.34,13.33,13.32,13.31,13.3,13.29,13.28,13.27,13.26,13.36,13.37,13.39,13.4,13.43,13.44,13.45,13.46,13.47,13.48,24400,23700,5400,16500,52400,48600,7000,2100,8500,18400,7600,5000,100,16300,9500,50400,9800,25300,7300,700
342.0,13.36,3417600,45968550.0,13.35,13.34,13.33,13.32,13.31,13.3,13.29,13.28,13.27,13.26,13.36,13.37,13.38,13.39,13.4,13.43,13.44,13.45,13.46,13.47,26400,23700,11800,16500,52400,48600,7000,2100,8500,18400,5800,7800,100,100,17200,9500,50400,9800,25300,7300
343.0,13.36,3423000,46040650.0,13.35,13.34,13.33,13.32,13.31,13.3,13.29,13.28,13.27,13.26,13.36,13.37,13.38,13.39,13.4,13.43,13.44,13.45,13.46,13.47,22000,23700,12300,16500,52400,48600,7000,2100,8500,18400,4800,7800,100,100,17200,9500,50400,9800,25300,7300
344.0,13.36,3435200,46203630.0,13.36,13.35,13.34,13.33,13.32,13.31,13.3,13.29,13.28,13.27,13.37,13.38,13.39,13.4,13.43,13.44,13.45,13.46,13.47,13.48,1100,27200,45900,12300,16500,52500,48600,7000,29000,8500,7800,100,100,17200,9500,50400,9800,25300,7300,700
345.0,13.35,3449500,46394546.0,13.35,13.34,13.33,13.32,13.31,13.3,13.29,13.28,13.27,13.26,13.37,13.38,13.39,13.4,13.43,13.44,13.45,13.46,13.47,13.48,15000,55900,13600,16500,52500,48600,7000,29000,8500,18400,8600,100,100,17200,9500,50400,9800,25300,7100,700
346.0,13.35,3457600,46502709.0,13.35,13.34,13.33,13.32,13.31,13.3,13.29,13.28,13.27,13.26,13.37,13.38,13.39,13.4,13.43,13.44,13.45,13.46,13.47,13.48,19400,55900,13600,16500,52500,48600,7000,29000,8500,18400,7200,100,100,17200,9500,50400,9200,25300,7100,700
347.0,13.37,3467800,46639051.0,13.36,13.35,13.34,13.33,13.32,13.31,13.3,13.29,13.28,13.27,13.38,13.39,13.4,13.43,13.44,13.45,13.46,13.47,13.48,13.49,100,18700,55900,13600,16500,52500,50100,7000,29000,8500,100,100,17200,9500,50400,9200,25300,7100,700,6600
348.0,13.35,3473200,46711148.0,13.35,13.34,13.33,13.32,13.31,13.3,13.29,13.28,13.27,13.26,13.36,13.38,13.39,13.4,13.43,13.44,13.45,13.46,13.47,13.48,18100,55900,13600,16500,52500,50100,7000,29000,8500,18400,14900,100,100,17100,9500,50400,9200,25300,7100,700
349.0,13.35,3494200,46991654.0,13.35,13.34,13.33,13.32,13.31,13.3,13.29,13.28,13.27,13.26,13.38,13.39,13.4,13.43,13.44,13.45,13.46,13.47,13.48,13.49,13600,57700,13600,16500,52500,49600,7000,29000,8500,18400,100,100,17100,9400,50400,9200,25300,7100,700,6600
350.0,13.35,3497600,47037064.0,13.35,13.34,13.33,13.32,13.31,13.3,13.29,13.28,13.27,13.26,13.37,13.38,13.39,13.4,13.43,13.44,13.45,13.46,13.47,13.48,12200,57700,13600,16500,52500,49100,7000,29000,8500,18400,200,200,100,17100,9400,50400,9200,25300,7100,700
351.0,13.35,3498900,47054419.0,13.35,13.34,13.33,13.32,13.31,13.3,13.29,13.28,13.27,13.26,13.37,13.38,13.39,13.4,13.43,13.44,13.45,13.46,13.47,13.48,11500,57700,13600,16500,52500,49100,7000,29000,8500,18400,200,200,100,17100,9400,39400,9200,25300,7100,700
352.0,13.37,3500100,47070443.0,13.37,13.36,13.35,13.34,13.33,13.32,13.31,13.3,13.29,13.28,13.38,13.39,13.4,13.43,13.44,13.45,13.46,13.47,13.48,13.49,200,6500,12000,58200,13900,16500,52500,49900,7000,29000,200,100,17100,9400,39400,7400,25300,7100,700,6600
353.0,13.38,3500900,47081137.0,13.37,13.36,13.35,13.34,13.33,13.32,13.31,13.3,13.29,13.28,13.39,13.4,13.43,13.44,13.45,13.46,13.47,13.48,13.49,13.5,7800,6200,14900,58200,13900,16500,52500,49900,7000,29000,100,17100,9400,39400,7400,25300,7100,700,6600,6800
354.0,13.37,3502500,47102534.0,13.37,13.36,13.35,13.34,13.33,13.32,13.31,13.3,13.29,13.28,13.39,13.4,13.43,13.44,13.45,13.46,13.47,13.48,13.49,13.5,6700,8000,14900,58200,13900,16500,52500,50300,7000,29000,100,17100,9400,38200,7400,25300,7100,700,6600,6800
355.0,13.37,3507100,47164060.0,13.37,13.36,13.35,13.34,13.33,13.32,13.31,13.3,13.29,13.28,13.4,13.43,13.44,13.45,13.46,13.47,13.48,13.49,13.5,13.51,3300,8000,14900,58200,14000,15900,52500,50300,7000,29000,17100,9400,38200,7400,25300,7100,700,6600,6800,1900
356.0,13.4,3507800,47173440.0,13.37,13.36,13.35,13.34,13.33,13.32,13.31,13.3,13.29,13.28,13.39,13.4,13.43,13.44,13.45,13.46,13.47,13.48,13.49,13.5,3300,8000,14900,58200,14000,15900,52500,50300,7000,29000,1000,16400,9400,38200,7400,25300,7100,700,6600,6800
357.0,13.37,3509900,47201517.0,13.37,13.36,13.35,13.34,13.33,13.32,13.31,13.3,13.29,13.28,13.39,13.4,13.43,13.44,13.45,13.46,13.47,13.48,13.49,13.5,1200,8000,15400,58600,14000,15900,52500,50300,7000,29000,1000,16400,9400,38200,7400,25300,7100,700,6600,6800
358.0,13.38,3516100,47284481.0,13.38,13.37,13.36,13.35,13.34,13.33,13.32,13.31,13.3,13.29,13.39,13.4,13.43,13.44,13.45,13.46,13.47,13.48,13.49,13.5,200,3700,10900,17500,59100,14000,15900,52500,50300,7000,200,16500,9400,38200,7400,25300,3100,700,6600,6800
359.0,13.37,3518200,47312560.0,13.38,13.37,13.36,13.35,13.34,13.33,13.32,13.31,13.3,13.29,13.39,13.4,13.43,13.44,13.45,13.46,13.47,13.48,13.49,13.5,5100,1800,10900,17500,62100,14000,16400,52500,50300,7000,200,16500,9400,38200,7400,25300,3100,700,6600,6800
360.0,13.38,3519700,47332632.0,13.38,13.37,13.36,13.35,13.34,13.33,13.32,13.31,13.3,13.29,13.4,13.43,13.44,13.45,13.46,13.47,13.48,13.49,13.5,13.51,19300,3700,10900,17500,62100,14000,21400,52500,50300,7000,16500,9400,38200,7400,25300,3100,900,6600,6800,1900
361.0,13.4,3522200,47366126.0,13.38,13.37,13.36,13.35,13.34,13.33,13.32,13.31,13.3,13.29,13.4,13.43,13.44,13.45,13.46,13.47,13.48,13.49,13.5,13.51,19100,3700,10900,19500,62100,14000,21400,52500,50600,6900,14300,9400,38200,2400,25300,3100,900,6600,6800,1900
362.0,13.39,3526600,47425044.0,13.38,13.37,13.36,13.35,13.34,13.33,13.32,13.31,13.3,13.29,13.4,13.43,13.44,13.45,13.46,13.47,13.48,13.49,13.5,13.51,21000,3700,10900,20100,62100,16000,21400,52500,50600,6900,13500,9400,38200,2400,25300,3100,900,6600,6800,1900
363.0,13.38,3591700,48294856.0,13.34,13.33,13.32,13.31,13.3,13.29,13.28,13.27,13.26,13.25,13.38,13.39,13.4,13.43,13.44,13.45,13.46,13.47,13.48,13.49,66800,16000,21700,52500,50600,6900,29500,8500,18400,6600,2500,100,13500,9400,38200,2400,25300,3100,900,6600
364.0,13.38,3592600,48306894.0,13.37,13.34,13.33,13.32,13.31,13.3,13.29,13.28,13.27,13.26,13.38,13.39,13.4,13.43,13.44,13.45,13.46,13.47,13.48,13.49,100,69400,16000,21700,52500,50600,6900,29500,8500,18400,2300,100,13500,9400,38200,2400,25300,3100,900,6600
365.0,13.38,3596700,48361752.0,13.37,13.35,13.34,13.33,13.32,13.31,13.3,13.29,13.28,13.27,13.38,13.39,13.4,13.41,13.43,13.44,13.45,13.46,13.47,13.48,100,2500,69400,16000,21700,52500,52600,6900,29500,8500,2500,100,13500,100,9400,40100,2400,25300,3100,900
366.0,13.38,3597900,48377808.0,13.37,13.35,13.34,13.33,13.32,13.31,13.3,13.29,13.28,13.27,13.38,13.39,13.4,13.41,13.43,13.44,13.45,13.46,13.47,13.48,100,3500,69400,16000,21700,52500,52600,6900,29500,8500,3600,100,13500,100,9400,40100,2400,25300,3100,900
367.0,13.38,3599200,48395202.0,13.37,13.35,13.34,13.33,13.32,13.31,13.3,13.29,13.28,13.27,13.38,13.39,13.4,13.41,13.43,13.44,13.45,13.46,13.47,13.48,600,3900,69400,16000,21700,52500,52600,6900,29500,8500,4200,100,13500,100,14300,40100,2400,25300,3100,900
368.0,13.38,3601800,48429990.0,13.37,13.35,13.34,13.33,13.32,13.31,13.3,13.29,13.28,13.27,13.38,13.39,13.4,13.41,13.43,13.44,13.45,13.46,13.47,13.48,600,3900,69400,16000,21700,52500,52600,6900,29500,8500,2600,100,14200,100,14300,40100,2400,25300,3100,900
369.0,13.37,3604200,48462085.0,13.36,13.35,13.34,13.33,13.32,13.31,13.3,13.29,13.28,13.27,13.37,13.38,13.39,13.4,13.41,13.43,13.44,13.45,13.46,13.47,800,3900,69400,16000,21700,52500,54600,6900,29500,8500,500,2300,100,14300,100,14300,40100,2400,25300,3100
370.0,13.37,3604600,48467433.0,13.36,13.35,13.34,13.33,13.32,13.31,13.3,13.29,13.28,13.27,13.37,13.38,13.39,13.4,13.41,13.43,13.44,13.45,13.46,13.47,800,3900,69400,16000,21700,52500,54600,6900,29500,8500,100,5800,100,15600,100,14300,40100,2400,25300,3100
371.0,13.37,3607700,48508907.0,13.37,13.36,13.35,13.34,13.33,13.32,13.31,13.3,13.29,13.28,13.38,13.39,13.4,13.41,13.43,13.44,13.45,13.46,13.47,13.48,1900,700,3900,70800,16000,21800,52500,54600,6900,29500,3000,100,15600,100,14300,40100,2400,25300,3100,900
372.0,13.35,3615800,48617100.0,13.34,13.33,13.32,13.31,13.3,13.29,13.28,13.27,13.26,13.25,13.35,13.38,13.39,13.4,13.41,13.43,13.44,13.45,13.46,13.47,71800,16000,21800,52500,54600,6900,29500,8500,18400,7400,19600,7700,100,15600,100,14300,40100,2400,25300,3100
373.0,13.34,3635800,48884096.0,13.34,13.33,13.32,13.31,13.3,13.29,13.28,13.27,13.26,13.25,13.37,13.38,13.39,13.4,13.41,13.42,13.43,13.44,13.45,13.46,75600,16000,21800,52500,54700,8900,29500,8500,18400,7400,3300,8400,100,16100,100,2100,14300,40100,2400,25300
374.0,13.34,3635800,48884096.0,13.35,13.34,13.33,13.32,13.31,13.3,13.29,13.28,13.27,13.26,13.37,13.38,13.39,13.4,13.41,13.42,13.43,13.44,13.45,13.46,900,75600,16000,21800,52500,54700,8900,29500,8500,18400,3300,8400,100,16200,100,2100,14300,40100,2400,25300
375.0,13.38,3647300,49037933.0,13.35,13.34,13.33,13.32,13.31,13.3,13.29,13.28,13.27,13.26,13.38,13.39,13.4,13.41,13.42,13.43,13.44,13.45,13.46,13.47,900,80600,16000,21800,52500,54800,8900,29500,8500,18400,200,100,17200,100,2900,14300,40100,2400,25300,3100
376.0,13.36,3651600,49095306.0,13.34,13.33,13.32,13.31,13.3,13.29,13.28,13.27,13.26,13.25,13.36,13.37,13.38,13.39,13.4,13.41,13.42,13.43,13.44,13.45,77600,16000,21800,52500,54800,8900,29500,8500,18400,7400,1800,200,200,100,17200,100,2900,14300,40100,2400
377.0,13.38,3654600,49135417.0,13.38,13.36,13.35,13.34,13.33,13.32,13.31,13.3,13.29,13.28,13.4,13.41,13.42,13.43,13.44,13.45,13.46,13.47,13.48,13.49,300,1700,2800,77600,16000,21800,52500,54800,8900,29500,17200,100,2900,14300,40100,2400,25300,3100,2200,6600
378.0,13.4,3655300,49144797.0,13.38,13.36,13.35,13.34,13.33,13.32,13.31,13.3,13.29,13.28,13.4,13.41,13.42,13.43,13.44,13.45,13.46,13.47,13.48,13.49,300,1700,14300,77600,16000,21800,52500,54800,9100,29500,16700,100,2900,14300,40100,2400,25300,3100,2200,6600
379.0,13.36,3657500,49174203.0,13.35,13.34,13.33,13.32,13.31,13.3,13.29,13.28,13.27,13.26,13.4,13.41,13.42,13.43,13.44,13.45,13.46,13.47,13.48,13.49,14300,77600,16000,21800,52500,55100,9100,29500,8500,18400,16500,100,2900,14300,40100,2400,25300,3100,2700,6600
380.0,13.36,3657500,49174203.0,13.38,13.36,13.35,13.34,13.33,13.32,13.31,13.3,13.29,13.28,13.4,13.41,13.42,13.43,13.44,13.45,13.46,13.47,13.48,13.49,400,100,16400,78700,16000,21800,52500,55100,9100,29500,19600,100,2900,14300,40100,3400,25300,3100,2700,6600
381.0,13.35,3664600,49269076.0,13.35,13.34,13.33,13.32,13.31,13.3,13.29,13.28,13.27,13.26,13.37,13.4,13.41,13.42,13.43,13.44,13.45,13.46,13.47,13.48,13100,78700,16000,21800,52400,55100,9100,29500,8500,18400,1100,20200,100,2900,14300,40100,3400,25300,3100,2700
382.0,13.35,3665800,49285106.0,13.35,13.34,13.33,13.32,13.31,13.3,13.29,13.28,13.27,13.26,13.37,13.4,13.41,13.42,13.43,13.44,13.45,13.46,13.47,13.48,13300,78700,16000,22800,52400,55100,9100,29500,8500,18400,1100,24700,100,2900,14300,40100,3400,25300,3100,2700
383.0,13.36,3666100,49289114.0,13.36,13.35,13.34,13.33,13.32,13.31,13.3,13.29,13.28,13.27,13.37,13.4,13.41,13.42,13.43,13.44,13.45,13.46,13.47,13.48,4100,13400,78700,16000,22800,52400,55100,9100,29500,8500,1000,25900,100,2900,14300,40100,3400,25300,3100,2700
384.0,13.37,3666200,49290451.0,13.36,13.35,13.34,13.33,13.32,13.31,13.3,13.29,13.28,13.27,13.37,13.39,13.4,13.41,13.42,13.43,13.44,13.45,13.46,13.47,4100,13500,80000,16000,22800,52500,54300,9100,29500,8500,900,2000,25900,100,2900,14300,40100,3400,25300,3100
385.0,13.36,3669300,49331867.0,13.36,13.35,13.34,13.33,13.32,13.31,13.3,13.29,13.28,13.27,13.37,13.38,13.39,13.4,13.41,13.42,13.43,13.44,13.45,13.46,1000,13500,80000,16000,22800,52500,54300,9100,29500,8500,900,5900,2000,25900,100,2100,14300,40100,3400,25300
386.0,13.36,3669600,49335875.0,13.36,13.35,13.34,13.33,13.32,13.31,13.3,13.29,13.28,13.27,13.37,13.38,13.39,13.4,13.41,13.42,13.43,13.44,13.45,13.46,700,13400,80700,16000,22800,52500,54800,9100,29500,8500,900,5900,2000,26200,100,2100,14300,40100,3400,25300
387.0,13.36,3674800,49405303.0,13.36,13.35,13.34,13.33,13.32,13.31,13.3,13.29,13.28,13.27,13.37,13.38,13.39,13.4,13.41,13.42,13.43,13.44,13.45,13.46,1900,10100,80700,16000,22800,52500,54800,9100,29500,8500,900,5900,2000,26200,100,2100,14300,40100,3400,25300
388.0,13.36,3682100,49502796.0,13.36,13.35,13.34,13.33,13.32,13.31,13.3,13.29,13.28,13.27,13.37,13.38,13.39,13.4,13.41,13.42,13.43,13.44,13.45,13.46,800,22800,80700,16000,22800,52500,54800,9100,29500,8500,23100,6200,2000,26200,100,2100,14300,40100,3400,25300
389.0,13.37,3685800,49552256.0,13.36,13.35,13.34,13.33,13.32,13.31,13.3,13.29,13.28,13.27,13.37,13.38,13.39,13.4,13.41,13.42,13.43,13.44,13.45,13.46,400,22800,80700,16000,22800,52500,54800,9100,29500,8500,20300,6200,2000,26200,100,2100,14300,40100,3400,25300
390.0,13.36,3687900,49580330.0,13.36,13.35,13.34,13.33,13.32,13.31,13.3,13.29,13.28,13.27,13.37,13.38,13.39,13.4,13.41,13.42,13.43,13.44,13.45,13.46,500,22800,80700,16000,22800,52500,54800,9100,29500,8500,18500,6200,2000,26200,100,2100,14300,40100,3400,25300
391.0,13.36,3689100,49596369.0,13.35,13.34,13.33,13.32,13.31,13.3,13.29,13.28,13.27,13.26,13.36,13.37,13.38,13.39,13.4,13.41,13.42,13.43,13.44,13.45,22800,80700,16000,22800,52500,54800,9100,29500,8500,18400,2700,17800,6200,2000,26200,100,2100,14300,40100,3400
