LocalTime,LastPrice,TradeVolume,TradeValue,BidPrice1,BidPrice2,BidPrice3,BidPrice4,BidPrice5,BidPrice6,BidPrice7,BidPrice8,BidPrice9,BidPriceA,AskPrice1,AskPrice2,AskPrice3,AskPrice4,AskPrice5,AskPrice6,AskPrice7,AskPrice8,AskPrice9,AskPriceA,BidVolume1,BidVolume2,BidVolume3,BidVolume4,BidVolume5,BidVolume6,BidVolume7,BidVolume8,BidVolume9,BidVolumeA,AskVolume1,AskVolume2,AskVolume3,AskVolume4,AskVolume5,AskVolume6,AskVolume7,AskVolume8,AskVolume9,AskVolumeA
0.0,18.84,5200,97968.0,18.88,18.85,18.84,18.83,18.82,18.78,18.77,18.75,18.72,18.61,19.18,19.19,19.2,19.23,19.24,19.25,19.29,19.39,19.4,19.41,500,500,6000,12500,800,1000,200,200,400,2000,3000,1000,2000,2600,4400,300,1200,100,500,1200
1.0,18.84,5200,97968.0,18.89,18.88,18.85,18.84,18.83,18.82,18.78,18.77,18.75,18.72,19.17,19.18,19.19,19.2,19.23,19.24,19.25,19.29,19.39,19.4,800,500,500,6000,12500,7800,1000,9200,200,31400,1300,3000,1000,2000,2600,4400,300,1200,100,500
2.0,18.84,5200,97968.0,18.89,18.88,18.85,18.84,18.83,18.82,18.8,18.78,18.77,18.75,19.17,19.18,19.19,19.2,19.23,19.24,19.25,19.29,19.39,19.4,800,500,500,6000,12500,7800,1000,1000,9200,200,1300,3000,1000,2000,2600,4400,300,1200,100,500
3.0,18.84,5200,97968.0,18.9,18.89,18.88,18.85,18.84,18.83,18.82,18.8,18.78,18.77,19.17,19.18,19.19,19.2,19.23,19.24,19.25,19.28,19.29,19.39,200,5800,1100,500,6000,12500,7800,1000,2000,9200,1900,3000,1000,2000,2600,4400,300,1100,1200,100
4.0,18.84,5200,97968.0,18.9,18.89,18.88,18.85,18.84,18.83,18.82,18.8,18.78,18.77,19.04,19.17,19.18,19.19,19.2,19.21,19.23,19.24,19.25,19.28,200,27000,6400,4100,6000,12500,7100,1000,2000,9200,100,1900,3000,1000,2000,300,2600,4400,300,1100
5.0,18.89,7500,141437.0,18.89,18.88,18.85,18.84,18.83,18.82,18.8,18.78,18.77,18.76,19.04,19.17,19.18,19.19,19.2,19.21,19.23,19.24,19.25,19.28,26900,6400,4100,6000,12500,7400,1000,2000,9200,1000,100,2900,9400,1000,3000,300,2600,4400,300,1100
6.0,18.89,7700,145215.0,18.91,18.9,18.89,18.88,18.85,18.84,18.83,18.82,18.8,18.78,19.04,19.17,19.18,19.19,19.2,19.21,19.23,19.24,19.25,19.28,1000,1000,26700,6400,4100,6000,12500,7400,1000,2000,100,2900,9400,1000,3900,300,2600,4400,300,1100
7.0,19.04,7800,147119.0,19.04,18.91,18.9,18.89,18.88,18.85,18.84,18.83,18.82,18.8,19.17,19.18,19.19,19.2,19.21,19.23,19.24,19.25,19.28,19.29,600,3500,1000,27000,7400,4100,6000,12500,7400,1000,9900,9400,1000,3900,300,3100,4400,300,1100,1200
8.0,19.04,8100,152831.0,19.04,18.91,18.9,18.89,18.88,18.85,18.84,18.83,18.82,18.8,19.17,19.18,19.19,19.2,19.21,19.23,19.24,19.25,19.28,19.29,500,3500,2400,27000,7400,4100,6000,12500,7400,1000,10400,9400,1000,4400,300,3100,4400,300,1100,2200
9.0,19.04,8600,162351.0,18.91,18.9,18.89,18.88,18.85,18.84,18.83,18.82,18.8,18.78,19.03,19.16,19.17,19.18,19.19,19.2,19.21,19.23,19.24,19.25,4100,2400,27000,7400,5600,6000,12500,7400,1000,2000,300,200,10400,9400,1000,4400,300,3100,4400,300
10.0,18.91,9700,183152.0,18.91,18.9,18.89,18.88,18.85,18.84,18.83,18.82,18.8,18.78,19.03,19.04,19.16,19.17,19.18,19.19,19.2,19.21,19.23,19.24,3000,2400,27000,7400,5600,6000,12500,7400,2000,2000,2500,300,200,10400,10000,1000,4400,300,3100,4400
11.0,18.91,9700,183152.0,18.92,18.91,18.9,18.89,18.88,18.85,18.84,18.83,18.82,18.8,19.03,19.04,19.16,19.17,19.18,19.19,19.2,19.21,19.23,19.24,1600,2400,2400,27000,6400,5600,6000,12500,7400,2000,2600,400,400,10400,10000,1000,4400,300,3100,4400
12.0,19.18,24900,474072.0,18.92,18.91,18.9,18.89,18.88,18.85,18.84,18.83,18.82,18.8,19.18,19.19,19.2,19.21,19.23,19.24,19.25,19.28,19.29,19.3,1600,2400,2400,27000,6400,5600,6000,12500,7400,2000,9000,1000,4400,300,3100,4400,300,1100,2200,1300
13.0,19.18,25800,491282.0,19.03,18.92,18.91,18.9,18.89,18.88,18.85,18.84,18.83,18.82,19.17,19.18,19.19,19.2,19.21,19.23,19.24,19.25,19.28,19.29,200,1400,2400,2400,27000,6400,5600,6000,12500,7400,1200,8300,1000,4400,300,3100,4400,300,1100,2200
14.0,19.18,25800,491282.0,19.03,18.92,18.91,18.9,18.89,18.88,18.85,18.84,18.83,18.82,19.15,19.17,19.18,19.19,19.2,19.21,19.23,19.24,19.25,19.28,200,1400,2400,2400,27000,6400,5600,6000,12500,7400,1200,1200,8300,1000,4400,300,3100,4400,300,1100
15.0,19.03,26000,495088.0,18.92,18.91,18.9,18.89,18.88,18.85,18.84,18.83,18.82,18.8,19.15,19.17,19.18,19.19,19.2,19.21,19.23,19.24,19.25,19.28,1400,2400,2400,27000,6400,5600,6000,12500,7400,2000,1700,1200,8300,1000,4400,300,3100,4400,300,1100
16.0,19.03,26000,495088.0,18.92,18.91,18.9,18.89,18.88,18.85,18.84,18.83,18.82,18.8,19.15,19.17,19.18,19.19,19.2,19.21,19.23,19.24,19.25,19.28,1400,2400,2400,27000,6400,5600,6000,12500,7400,2000,1700,1200,8300,1000,4400,300,3100,4400,300,1100
17.0,18.94,26200,498876.0,18.94,18.92,18.91,18.9,18.89,18.88,18.85,18.84,18.83,18.82,19.15,19.16,19.17,19.18,19.19,19.2,19.21,19.23,19.24,19.25,4800,1400,2400,2400,27000,6400,5600,6000,12500,7400,1700,1000,1200,8300,1000,4400,300,3100,4400,300
18.0,18.94,26600,506452.0,18.94,18.92,18.91,18.9,18.89,18.88,18.85,18.84,18.83,18.82,19.15,19.16,19.17,19.18,19.19,19.2,19.21,19.23,19.24,19.25,4400,1400,2400,2400,27000,6400,5600,6000,12500,7400,1700,1000,1200,8300,1000,4400,300,3100,4400,300
19.0,18.94,26600,506452.0,18.94,18.92,18.91,18.9,18.89,18.88,18.85,18.84,18.83,18.82,19.15,19.16,19.17,19.18,19.19,19.2,19.21,19.23,19.24,19.25,4400,1400,2400,2400,27000,6400,5600,6000,12500,7400,1700,1000,1200,8300,1000,4400,300,3100,4400,300
20.0,18.95,34800,661744.0,18.95,18.94,18.92,18.91,18.9,18.89,18.88,18.85,18.84,18.83,19.11,19.13,19.14,19.15,19.16,19.17,19.18,19.19,19.2,19.21,2600,500,400,200,2400,26500,6400,5600,6000,12500,900,1300,1500,1700,1000,1200,8300,1000,4400,300
21.0,18.95,37800,719086.0,18.95,18.94,18.92,18.91,18.9,18.89,18.88,18.85,18.84,18.83,19.14,19.15,19.16,19.17,19.18,19.19,19.2,19.21,19.23,19.24,2400,500,400,200,2400,26500,6400,5600,6000,12500,900,1700,1000,1200,9300,1000,5500,300,3100,4400
22.0,18.95,37800,719086.0,18.95,18.94,18.92,18.91,18.9,18.89,18.88,18.85,18.84,18.83,19.08,19.14,19.15,19.16,19.17,19.18,19.19,19.2,19.21,19.23,2400,500,400,200,2400,26500,6400,5600,6000,12500,100,900,1700,1000,1200,9300,1000,5500,300,3100
23.0,18.95,37800,719086.0,18.95,18.94,18.92,18.91,18.9,18.89,18.88,18.85,18.84,18.83,19.08,19.14,19.15,19.16,19.17,19.18,19.19,19.2,19.21,19.23,2400,500,400,200,3400,26500,6400,5600,6000,12500,200,900,1700,1000,1200,9300,1000,5500,300,3100
24.0,19.04,39300,747646.0,18.96,18.95,18.94,18.92,18.91,18.9,18.89,18.88,18.85,18.84,19.04,19.07,19.08,19.14,19.15,19.16,19.17,19.18,19.19,19.2,700,2400,400,2300,200,3400,26500,6400,5600,6000,100,1300,200,900,1700,1000,1200,9300,1000,5500
25.0,19.04,39300,747646.0,18.96,18.95,18.94,18.92,18.91,18.9,18.89,18.88,18.85,18.84,19.04,19.07,19.08,19.14,19.15,19.16,19.17,19.18,19.19,19.2,700,2400,400,2300,200,3400,26500,6400,5600,6000,100,1300,200,900,1700,1000,1200,9300,1000,5500
26.0,19.04,39300,747646.0,18.96,18.94,18.92,18.91,18.9,18.89,18.88,18.85,18.84,18.83,19.03,19.04,19.07,19.08,19.14,19.15,19.16,19.17,19.18,19.19,700,400,2300,200,3400,26500,6400,5600,6000,12500,100,100,1300,200,900,1700,1000,1200,9300,1000
27.0,19.04,39300,747646.0,18.96,18.94,18.92,18.91,18.9,18.89,18.88,18.85,18.84,18.83,19.03,19.04,19.07,19.08,19.14,19.15,19.16,19.17,19.18,19.19,700,400,2300,200,3400,26500,6400,5600,6000,12500,100,100,1300,200,900,1700,1000,1200,9300,1000
28.0,19.04,39300,747646.0,18.96,18.94,18.92,18.91,18.9,18.89,18.88,18.85,18.84,18.83,19.03,19.07,19.08,19.14,19.15,19.16,19.17,19.18,19.19,19.2,700,400,2300,200,3400,26500,6400,5600,6000,12500,100,1300,200,900,1700,1000,1200,8700,1000,5500
29.0,19.07,41300,785764.0,18.96,18.94,18.92,18.91,18.9,18.89,18.88,18.85,18.84,18.83,19.08,19.14,19.15,19.16,19.17,19.18,19.19,19.2,19.21,19.23,700,400,2300,200,3400,26500,6400,5600,6000,12500,200,900,1700,1000,1200,8700,1000,5500,300,3100
30.0,19.07,41300,785764.0,19.03,18.94,18.92,18.91,18.9,18.89,18.88,18.85,18.84,18.83,19.08,19.14,19.15,19.16,19.17,19.18,19.19,19.2,19.21,19.23,100,400,2300,200,3400,26500,6400,5600,6000,12500,200,900,1700,1000,1200,8700,1000,5500,300,3100
31.0,19.07,41300,785764.0,19.03,18.94,18.92,18.91,18.9,18.89,18.88,18.85,18.84,18.83,19.07,19.08,19.14,19.15,19.16,19.17,19.18,19.19,19.2,19.21,100,400,1900,1200,3400,26500,6400,5600,6000,12500,700,200,900,1700,1000,1200,8700,1000,5500,300
32.0,18.94,42100,800926.0,18.92,18.91,18.9,18.89,18.88,18.85,18.84,18.83,18.82,18.8,19.0,19.07,19.08,19.14,19.15,19.16,19.17,19.18,19.19,19.2,1900,1000,3400,26500,6400,5600,6000,12500,7400,2000,300,700,200,900,2000,1000,1200,8700,1000,5500
33.0,18.94,42100,800926.0,18.92,18.91,18.9,18.89,18.88,18.85,18.84,18.83,18.82,18.8,19.0,19.07,19.08,19.14,19.15,19.16,19.17,19.18,19.19,19.2,1900,1000,3400,26500,6400,5600,6000,12500,7400,2000,300,700,200,900,2000,1000,1200,8700,1000,5500
34.0,18.94,42100,800926.0,18.93,18.92,18.91,18.9,18.89,18.88,18.85,18.84,18.83,18.82,18.99,19.0,19.07,19.08,19.14,19.15,19.16,19.17,19.18,19.19,600,1900,2500,3400,26500,6400,5600,6000,12500,7400,100,300,700,200,900,2000,1000,1200,8700,1000
35.0,19.0,42500,808525.0,19.0,18.93,18.92,18.91,18.9,18.89,18.88,18.85,18.84,18.83,19.06,19.07,19.08,19.15,19.16,19.17,19.18,19.19,19.2,19.21,300,600,1900,2500,3400,26500,6400,5600,6000,12500,400,700,200,2000,1000,1200,8700,1000,5500,300
36.0,19.0,43800,833204.0,19.0,18.93,18.92,18.91,18.9,18.89,18.88,18.85,18.84,18.83,19.06,19.08,19.13,19.15,19.16,19.17,19.18,19.19,19.2,19.21,1900,300,1900,2500,3400,26500,6400,5600,6000,12500,400,200,2400,2000,1000,1200,8700,1000,5500,300
37.0,19.08,44300,842736.0,19.0,18.93,18.92,18.91,18.9,18.89,18.88,18.85,18.84,18.83,19.03,19.06,19.08,19.13,19.15,19.16,19.17,19.18,19.19,19.2,2500,300,1900,2500,2000,26500,6400,5600,6000,12500,1000,200,100,2400,2000,1000,1200,8700,1000,5500
38.0,19.0,46900,892139.0,18.92,18.91,18.9,18.89,18.88,18.85,18.84,18.83,18.82,18.8,19.0,19.03,19.06,19.08,19.13,19.15,19.16,19.17,19.18,19.19,1900,2500,2000,26500,6400,5600,6000,12500,7400,2000,600,900,200,100,2400,2000,1000,1200,8700,1000
39.0,19.0,47100,895939.0,18.93,18.91,18.9,18.89,18.88,18.85,18.84,18.83,18.82,18.8,19.0,19.03,19.06,19.08,19.13,19.15,19.16,19.17,19.18,19.19,700,2500,2000,26500,6400,5600,6000,12500,7400,2000,400,900,200,100,2400,2000,1000,1200,8700,1000
40.0,19.0,47100,895939.0,18.93,18.91,18.9,18.89,18.88,18.85,18.84,18.83,18.82,18.8,19.0,19.03,19.06,19.08,19.13,19.15,19.16,19.17,19.18,19.19,700,2500,2000,26500,6400,5600,6000,12500,7400,2000,400,900,200,200,2400,2000,1000,1200,8700,1000
41.0,19.08,57200,1088566.0,18.94,18.93,18.91,18.9,18.89,18.88,18.85,18.84,18.83,18.82,19.08,19.1,19.11,19.13,19.15,19.16,19.17,19.18,19.19,19.2,8100,700,2500,2000,26500,6400,5600,6000,12500,7400,900,1200,200,2400,2000,1000,1200,8700,1000,4600
42.0,19.01,68900,1310983.0,19.01,18.95,18.94,18.93,18.91,18.9,18.89,18.88,18.85,18.84,19.08,19.1,19.13,19.15,19.16,19.17,19.18,19.19,19.2,19.21,100,5900,8100,700,2500,2000,26500,6400,5600,6000,900,1200,2400,2000,1000,1200,8700,1000,4600,300
43.0,19.01,68900,1310983.0,19.01,18.96,18.95,18.94,18.93,18.91,18.9,18.89,18.88,18.85,19.08,19.1,19.13,19.15,19.16,19.17,19.18,19.19,19.2,19.21,100,3300,5900,8200,700,2500,2000,26500,6400,5600,900,1200,2400,2000,1000,1200,8700,1000,4600,300
44.0,19.01,68900,1310983.0,19.01,18.96,18.95,18.94,18.93,18.91,18.9,18.89,18.88,18.85,19.08,19.1,19.13,19.15,19.16,19.17,19.18,19.19,19.2,19.21,100,3300,5900,8900,700,2500,2000,26500,6400,5600,900,1200,3400,2000,1000,1200,8700,1000,4600,300
45.0,19.01,68900,1310983.0,19.01,18.96,18.95,18.94,18.93,18.91,18.9,18.89,18.88,18.85,19.08,19.1,19.13,19.15,19.16,19.17,19.18,19.19,19.2,19.21,100,3300,5900,8900,700,2500,2000,26500,6400,5600,900,1200,3400,2000,1000,1200,8700,1000,4600,300
46.0,19.08,69400,1320523.0,19.02,18.97,18.96,18.95,18.94,18.93,18.91,18.9,18.89,18.88,19.08,19.1,19.13,19.15,19.16,19.17,19.18,19.19,19.2,19.21,700,1200,3300,5900,8200,700,2500,2000,26500,6400,400,1200,3400,2000,1000,1200,8700,1000,4600,300
47.0,19.08,69400,1320523.0,19.02,18.97,18.96,18.95,18.94,18.93,18.91,18.9,18.89,18.88,19.08,19.1,19.13,19.15,19.16,19.17,19.18,19.19,19.2,19.21,700,1200,3300,5900,8200,700,2500,2000,26500,6400,400,1200,3400,2000,1000,1200,8700,1000,4600,300
48.0,19.08,69400,1320523.0,19.02,18.97,18.96,18.95,18.94,18.93,18.91,18.9,18.89,18.88,19.08,19.1,19.13,19.15,19.16,19.17,19.18,19.19,19.2,19.21,700,1200,3300,5900,8200,700,2500,2000,26500,6400,400,1200,3400,2000,1000,1200,8700,1000,4600,300
49.0,19.08,69400,1320523.0,19.02,18.97,18.96,18.95,18.94,18.93,18.91,18.9,18.89,18.88,19.07,19.08,19.1,19.13,19.15,19.16,19.17,19.18,19.19,19.2,700,1200,3300,5900,8200,700,2500,2000,26500,6400,1500,400,1200,3400,2000,1000,1200,8700,1000,4600
50.0,19.08,69400,1320523.0,19.03,18.97,18.96,18.95,18.94,18.93,18.91,18.9,18.89,18.88,19.07,19.08,19.1,19.13,19.15,19.16,19.17,19.18,19.19,19.2,1300,1200,3300,5900,9200,700,2500,2000,26500,6400,2200,400,1200,3400,2000,1000,1200,8700,1000,4600
51.0,19.07,71400,1358663.0,19.03,18.96,18.95,18.94,18.93,18.91,18.9,18.89,18.88,18.86,19.07,19.08,19.1,19.13,19.15,19.16,19.17,19.18,19.19,19.2,1300,3300,5900,9200,700,2500,2000,26500,6400,1000,200,400,1200,3400,2000,1000,1200,11200,1000,4600
52.0,19.07,71400,1358663.0,19.03,18.96,18.95,18.94,18.93,18.91,18.9,18.89,18.88,18.86,19.07,19.08,19.1,19.13,19.15,19.16,19.17,19.18,19.19,19.2,1300,3300,5900,9200,700,2500,2000,26500,6400,1000,1200,400,1200,3400,2000,1000,1200,11200,1000,4600
53.0,19.07,71600,1362477.0,19.04,19.03,18.96,18.95,18.94,18.93,18.91,18.9,18.89,18.88,19.07,19.08,19.1,19.13,19.15,19.16,19.17,19.18,19.19,19.2,700,600,3300,5900,9200,700,2500,2000,26500,6400,1000,400,1200,3400,2000,1000,1200,11200,1000,4600
54.0,19.07,71700,1364384.0,19.04,19.03,18.96,18.94,18.93,18.91,18.9,18.89,18.88,18.86,19.07,19.08,19.1,19.13,19.15,19.16,19.17,19.18,19.19,19.2,700,600,3300,9200,700,2500,2000,26500,6400,1000,900,400,1200,3400,2900,1000,1200,11200,1000,4600
55.0,19.07,71700,1364384.0,19.04,19.03,18.96,18.94,18.93,18.91,18.9,18.89,18.88,18.86,19.07,19.08,19.1,19.13,19.15,19.16,19.17,19.18,19.19,19.2,700,600,3300,9200,700,2500,2000,26500,6400,1000,900,400,1200,3400,2900,1000,1200,11200,1000,4600
56.0,19.04,71900,1368192.0,19.05,19.03,18.96,18.94,18.91,18.9,18.89,18.88,18.86,18.85,19.07,19.1,19.13,19.15,19.16,19.17,19.18,19.19,19.2,19.21,500,600,3300,9200,2500,2000,26500,6400,1000,5100,1100,700,3400,2900,1000,5200,11200,1000,4600,300
57.0,19.04,71900,1368192.0,19.05,19.03,18.96,18.94,18.91,18.9,18.89,18.88,18.86,18.85,19.07,19.1,19.13,19.15,19.16,19.17,19.18,19.19,19.2,19.21,500,600,3300,9200,2500,2000,26500,6400,1000,5100,1100,700,3400,2900,1000,5200,11200,1000,4600,300
58.0,19.07,72000,1370099.0,19.05,19.03,18.96,18.94,18.91,18.9,18.89,18.88,18.86,18.85,19.07,19.1,19.13,19.15,19.16,19.17,19.18,19.19,19.2,19.21,500,600,3300,9200,2500,2000,26500,6400,1000,5100,1000,700,3400,2900,1000,5200,6700,1000,4600,300
59.0,19.06,72500,1379629.0,19.03,18.96,18.94,18.91,18.9,18.89,18.88,18.86,18.85,18.84,19.07,19.1,19.13,19.15,19.16,19.17,19.18,19.19,19.2,19.21,600,3300,9600,2500,2000,26500,6400,1000,5100,6000,1000,700,3400,2900,1000,5200,6700,1000,4600,300
60.0,19.06,72500,1379629.0,19.03,18.96,18.94,18.91,18.9,18.89,18.88,18.86,18.85,18.84,19.07,19.1,19.13,19.15,19.16,19.17,19.18,19.19,19.2,19.21,600,3300,9200,2500,2000,26500,6400,1000,5100,6000,1000,700,3400,2900,1000,5200,6700,1000,4600,300
61.0,19.06,72500,1379629.0,19.03,18.96,18.94,18.91,18.9,18.89,18.88,18.86,18.85,18.84,19.07,19.1,19.13,19.15,19.16,19.17,19.18,19.19,19.2,19.21,600,3300,9200,2500,2000,26500,6400,1000,5100,6000,1000,700,3400,2900,1000,5200,6700,1000,4600,300
62.0,19.06,72500,1379629.0,19.03,18.96,18.94,18.91,18.9,18.89,18.88,18.86,18.85,18.84,19.07,19.1,19.13,19.15,19.16,19.17,19.18,19.19,19.2,19.21,600,3300,9200,2500,2000,26500,6400,1000,5100,6000,1000,700,3400,2900,1000,5200,6700,1000,4600,300
63.0,19.06,72500,1379629.0,19.03,19.0,18.96,18.94,18.91,18.9,18.89,18.88,18.86,18.85,19.07,19.1,19.13,19.15,19.16,19.17,19.18,19.19,19.2,19.21,600,1500,3300,9200,2500,2000,26500,6400,1000,5100,1000,700,3400,2900,1000,5200,6700,1000,4600,300
64.0,19.07,72800,1385350.0,19.03,19.0,18.96,18.94,18.91,18.9,18.89,18.88,18.86,18.85,19.07,19.1,19.13,19.15,19.16,19.17,19.18,19.19,19.2,19.21,600,1500,3300,9200,2500,2000,26500,6400,1000,5100,700,700,3400,2900,1000,5200,6700,1000,4600,300
65.0,19.07,73500,1398699.0,19.08,19.07,19.03,18.96,18.94,18.91,18.9,18.89,18.88,18.86,19.13,19.15,19.16,19.17,19.18,19.19,19.2,19.21,19.23,19.24,700,3900,600,3300,9200,2500,2000,26500,6400,1000,3400,2900,1000,5200,6700,1000,4600,300,3100,4400
66.0,19.07,73500,1398699.0,19.09,19.08,19.07,19.03,18.96,18.94,18.91,18.9,18.89,18.88,19.13,19.15,19.16,19.17,19.18,19.19,19.2,19.21,19.23,19.24,300,700,3900,600,3300,9200,2500,2000,26500,6400,3400,2900,1000,5200,6700,1000,4600,300,3100,4400
67.0,19.07,73500,1398699.0,19.09,19.08,19.07,19.03,18.96,18.94,18.91,18.9,18.89,18.88,19.13,19.15,19.16,19.17,19.18,19.19,19.2,19.21,19.23,19.24,300,700,3900,600,3300,9200,2500,2000,26500,6400,3400,2900,1000,5200,6700,1000,4600,300,3100,4400
68.0,19.09,73600,1400608.0,19.09,19.08,19.07,19.03,18.96,18.94,18.91,18.9,18.89,18.88,19.13,19.15,19.16,19.17,19.18,19.19,19.2,19.21,19.23,19.24,200,700,3900,600,3300,9200,2500,2000,26500,6400,3400,2900,1000,5200,6700,1000,4600,300,3100,4400
69.0,19.09,74100,1410165.0,19.09,19.08,19.07,19.03,18.96,18.94,18.91,18.9,18.89,18.88,19.13,19.15,19.16,19.17,19.18,19.19,19.2,19.21,19.23,19.24,600,700,3900,600,3300,9200,2500,2000,26500,6400,3100,2900,1000,5200,6700,1000,4600,300,3100,4400
70.0,19.09,74100,1410165.0,19.09,19.08,19.07,19.03,18.96,18.94,18.91,18.9,18.89,18.88,19.13,19.15,19.16,19.17,19.18,19.19,19.2,19.21,19.23,19.24,600,700,3900,600,3300,9200,2500,2000,26500,6400,3100,1700,1000,5200,6700,1000,4600,300,3100,4400
71.0,19.13,74400,1415904.0,19.09,19.08,19.07,19.03,18.98,18.96,18.94,18.91,18.9,18.89,19.13,19.15,19.16,19.17,19.18,19.19,19.2,19.21,19.23,19.24,700,700,3900,600,1400,3300,9200,2500,2000,26500,2800,1700,1000,5200,6700,1000,4600,300,3100,4400
72.0,19.13,74400,1415904.0,19.09,19.08,19.07,19.03,18.98,18.96,18.94,18.91,18.9,18.89,19.13,19.15,19.16,19.17,19.18,19.19,19.2,19.21,19.23,19.24,700,700,3900,600,1500,3300,9200,2500,2000,26500,2800,1700,1000,5200,6700,1000,4600,300,3100,4400
73.0,19.13,74400,1415904.0,19.09,19.08,19.07,19.03,18.98,18.96,18.94,18.91,18.9,18.89,19.13,19.15,19.16,19.17,19.18,19.19,19.2,19.21,19.23,19.24,700,700,3900,600,1500,3300,9200,2500,2000,26500,2800,1700,1000,5200,6700,1000,4600,300,3100,4400
74.0,19.13,74400,1415904.0,19.09,19.08,19.07,19.03,18.98,18.96,18.94,18.91,18.9,18.89,19.13,19.15,19.16,19.17,19.18,19.19,19.2,19.21,19.23,19.24,700,700,3900,600,1500,3300,9200,2500,2000,26500,2800,1700,1000,5200,6700,1000,3500,300,3100,4400
75.0,19.13,74900,1425469.0,19.1,19.09,19.08,19.07,19.03,18.98,18.96,18.94,18.91,18.9,19.13,19.15,19.16,19.17,19.18,19.19,19.2,19.21,19.23,19.24,1200,1200,700,3900,600,1500,3300,9200,2500,2000,2300,1700,1000,5200,6700,1000,3500,300,3100,4400
76.0,19.09,91000,1733789.0,19.1,19.09,19.08,19.07,19.03,18.98,18.96,18.94,18.91,18.9,19.18,19.19,19.2,19.21,19.23,19.24,19.25,19.28,19.29,19.3,800,11700,700,4000,600,1500,3300,9200,2500,2000,4000,1000,3500,300,3100,4400,300,1100,2200,2900
77.0,19.09,91000,1733789.0,19.13,19.12,19.11,19.1,19.09,19.08,19.07,19.03,18.98,18.96,19.18,19.19,19.2,19.21,19.23,19.24,19.25,19.28,19.29,19.3,700,500,700,800,1600,700,4000,600,1500,3300,4000,1000,3500,300,3100,4400,300,1100,2200,2900
78.0,19.09,91000,1733789.0,19.13,19.1,19.09,19.08,19.07,19.03,18.98,18.96,18.94,18.91,19.18,19.19,19.2,19.21,19.23,19.24,19.25,19.28,19.29,19.3,700,800,1600,700,4000,600,1500,3300,9100,2500,4000,1000,3500,300,3100,4400,300,1100,2200,2900
79.0,19.09,91000,1733789.0,19.14,19.13,19.09,19.08,19.07,19.03,18.98,18.96,18.94,18.91,19.18,19.19,19.2,19.21,19.23,19.24,19.25,19.28,19.29,19.3,1300,700,900,700,4000,600,1500,3300,9100,2500,4000,1000,3500,300,3100,4400,300,1100,2200,2900
80.0,19.14,91100,1735703.0,19.14,19.13,19.09,19.08,19.07,19.03,18.98,18.96,18.94,18.91,19.18,19.19,19.2,19.21,19.23,19.24,19.25,19.28,19.29,19.3,1200,700,900,700,4000,600,1500,3300,9100,2500,4000,1000,3500,300,3100,4400,300,1100,2200,2900
81.0,19.14,91200,1737617.0,19.14,19.13,19.09,19.08,19.07,19.03,18.98,18.96,18.94,18.91,19.18,19.19,19.2,19.21,19.23,19.24,19.25,19.28,19.29,19.3,1100,700,900,700,4000,600,1500,3300,9100,2500,4000,1000,3500,300,3100,4400,300,1100,2200,2900
82.0,19.14,91200,1737617.0,19.14,19.13,19.09,19.08,19.07,19.03,18.98,18.96,18.94,18.91,19.18,19.19,19.2,19.21,19.23,19.24,19.25,19.28,19.29,19.3,1100,700,900,700,4000,600,1500,3300,9100,2500,4000,1000,3500,300,3100,4400,300,1100,2200,2900
83.0,19.14,91300,1739531.0,19.14,19.13,19.09,19.08,19.07,19.03,18.98,18.96,18.94,18.91,19.18,19.19,19.2,19.21,19.23,19.24,19.25,19.28,19.29,19.3,1000,700,900,700,4000,600,1500,3300,9100,2500,4000,1000,3500,300,3100,4400,300,1100,2200,2900
84.0,19.14,91300,1739531.0,19.14,19.13,19.09,19.08,19.07,19.03,18.98,18.96,18.94,18.91,19.18,19.19,19.2,19.21,19.23,19.24,19.25,19.28,19.29,19.3,1000,700,200,700,4000,600,1500,3300,9100,2500,4000,1000,3500,300,3100,4400,300,1100,2200,2900
85.0,19.14,91300,1739531.0,19.14,19.13,19.09,19.08,19.07,19.03,18.98,18.96,18.94,18.91,19.18,19.19,19.2,19.21,19.23,19.24,19.25,19.28,19.29,19.3,1000,700,200,700,4000,600,1500,3300,9100,2500,4000,1000,3500,300,3100,4400,300,1100,2200,2900
86.0,19.14,91300,1739531.0,19.15,19.14,19.13,19.12,19.09,19.08,19.07,19.03,18.98,18.96,19.18,19.19,19.2,19.21,19.23,19.24,19.25,19.28,19.29,19.3,100,1000,700,1000,200,700,4000,600,1500,3300,4000,1000,3500,300,3100,4400,300,1100,2200,4000
87.0,19.18,92100,1754875.0,19.15,19.14,19.13,19.12,19.09,19.08,19.07,19.03,18.98,18.96,19.18,19.19,19.2,19.21,19.23,19.24,19.25,19.28,19.29,19.3,100,1000,700,1000,200,700,4000,600,1500,3300,3300,1000,3500,300,3100,4400,300,1100,2200,4000
88.0,19.18,92100,1754875.0,19.15,19.14,19.13,19.12,19.09,19.08,19.07,19.03,18.98,18.96,19.18,19.19,19.2,19.21,19.23,19.24,19.25,19.28,19.29,19.3,100,1000,700,1000,200,700,4000,600,1500,3300,3300,1000,9200,300,3100,4400,300,1100,2200,4000
89.0,19.14,92300,1758704.0,19.14,19.13,19.12,19.09,19.08,19.07,19.03,18.98,18.96,18.94,19.18,19.19,19.2,19.21,19.23,19.24,19.25,19.28,19.29,19.3,900,700,1000,200,700,4000,600,1500,3300,9100,3300,1000,9200,300,3100,4400,300,1100,2200,4000
90.0,19.18,93800,1787474.0,19.14,19.12,19.09,19.08,19.07,19.03,18.98,18.96,18.94,18.91,19.18,19.19,19.2,19.21,19.23,19.24,19.25,19.28,19.29,19.3,1000,1000,200,700,4000,600,1500,3300,9100,2500,1800,1000,9200,300,3100,4400,300,1100,2200,4000
91.0,19.18,94800,1806654.0,19.14,19.12,19.09,19.08,19.07,19.03,18.98,18.96,18.94,18.91,19.18,19.19,19.2,19.21,19.23,19.24,19.25,19.28,19.29,19.3,1100,1000,200,700,4000,600,1500,3300,9100,2500,800,1000,9200,300,3100,4400,300,1100,2200,4000
92.0,19.18,94800,1806654.0,19.14,19.12,19.09,19.08,19.07,19.03,18.98,18.96,18.94,18.91,19.18,19.19,19.2,19.21,19.23,19.24,19.25,19.28,19.29,19.3,1100,1000,200,700,4000,600,1500,3300,9100,2500,1100,1000,9200,300,3100,4400,300,1100,2200,4000
93.0,19.14,94900,1808568.0,19.14,19.12,19.09,19.08,19.07,19.03,18.98,18.96,18.94,18.91,19.18,19.19,19.2,19.21,19.23,19.24,19.25,19.28,19.29,19.3,1000,1000,200,700,4000,600,1500,3300,9100,2500,1100,1000,9200,300,3100,4400,300,1100,2200,4000
94.0,19.18,95100,1812404.0,19.14,19.12,19.09,19.08,19.07,19.03,18.98,18.96,18.94,18.91,19.18,19.19,19.2,19.21,19.23,19.24,19.25,19.28,19.29,19.3,1000,1000,200,700,4000,600,1500,3300,9100,2500,900,1000,9200,300,3100,4400,300,1100,2200,4000
95.0,19.18,95100,1812404.0,19.14,19.12,19.09,19.08,19.07,19.03,18.98,18.96,18.94,18.91,19.18,19.19,19.2,19.21,19.23,19.24,19.25,19.28,19.29,19.3,1000,1000,200,700,4000,600,1500,3300,9100,2500,900,1000,9200,300,3100,4400,300,1100,2200,4000
96.0,19.14,95300,1816232.0,19.14,19.12,19.09,19.08,19.07,19.03,18.98,18.96,18.94,18.91,19.17,19.18,19.19,19.2,19.21,19.23,19.24,19.25,19.28,19.29,800,1000,200,700,4000,600,1500,3300,9100,2500,2000,900,1000,9200,300,3100,4400,300,1100,2200
97.0,19.14,95300,1816232.0,19.14,19.12,19.09,19.08,19.07,19.03,18.98,18.96,18.94,18.91,19.17,19.18,19.19,19.2,19.21,19.23,19.24,19.25,19.28,19.29,800,1000,200,700,4000,600,1500,3300,9100,2500,2000,900,1000,9200,300,3100,4400,300,1100,2200
98.0,19.17,96900,1846901.0,19.14,19.12,19.1,19.09,19.08,19.07,19.03,19.0,18.98,18.96,19.17,19.18,19.19,19.2,19.21,19.23,19.24,19.25,19.28,19.29,700,1000,100,200,700,4000,600,500,1500,3300,500,900,1000,9200,300,3100,4400,300,1100,2200
99.0,19.17,97100,1850735.0,19.14,19.12,19.1,19.09,19.08,19.07,19.03,19.0,18.98,18.96,19.17,19.18,19.19,19.2,19.21,19.23,19.24,19.25,19.28,19.29,700,1000,100,200,700,4000,600,500,1500,3300,300,900,1000,9200,300,3100,4400,300,1100,2200
100.0,19.18,98300,1873748.0,19.18,19.17,19.14,19.12,19.1,19.09,19.08,19.07,19.03,19.0,19.19,19.2,19.21,19.23,19.24,19.25,19.28,19.29,19.3,19.35,1500,400,700,1000,100,200,700,4000,600,500,1000,9200,300,3100,4400,300,1100,2200,4000,12400
101.0,19.18,98300,1873748.0,19.18,19.17,19.14,19.12,19.1,19.09,19.08,19.07,19.03,19.0,19.19,19.2,19.21,19.23,19.24,19.25,19.28,19.29,19.3,19.35,1500,400,700,1000,100,2200,700,4000,600,500,1000,9200,300,3100,4400,300,1100,2200,4000,12400
102.0,19.14,100900,1923591.0,19.14,19.12,19.1,19.09,19.08,19.07,19.03,19.0,18.98,18.96,19.18,19.19,19.2,19.21,19.23,19.24,19.25,19.28,19.29,19.3,100,1000,100,2200,700,4000,600,500,1500,3300,900,1000,9200,300,3100,4400,300,1100,2200,4000
103.0,19.14,100900,1923591.0,19.15,19.14,19.12,19.1,19.09,19.08,19.07,19.03,19.0,18.98,19.18,19.19,19.2,19.21,19.23,19.24,19.25,19.28,19.29,19.3,200,100,1000,100,2200,700,4000,600,500,1500,900,1000,9200,300,3100,4400,300,1100,2200,4000
104.0,19.14,100900,1923591.0,19.15,19.14,19.12,19.1,19.09,19.08,19.07,19.03,19.0,18.98,19.18,19.19,19.2,19.21,19.23,19.24,19.25,19.28,19.29,19.3,200,100,1000,100,2200,700,4000,600,500,1500,2200,1000,9200,300,3100,4400,300,1100,2200,4000
105.0,19.14,100900,1923591.0,19.15,19.14,19.12,19.1,19.09,19.08,19.07,19.03,19.0,18.98,19.17,19.18,19.19,19.2,19.21,19.23,19.24,19.25,19.28,19.29,200,100,1000,100,2200,700,4000,600,500,1500,300,2200,1000,9200,300,3100,4400,300,1100,2200
106.0,19.14,100900,1923591.0,19.15,19.14,19.12,19.1,19.09,19.08,19.07,19.03,19.0,18.98,19.17,19.18,19.19,19.2,19.21,19.23,19.24,19.25,19.28,19.29,200,100,1000,100,2200,700,4000,600,500,1500,400,2200,1000,9200,300,3100,4400,300,1100,2200
107.0,19.14,100900,1923591.0,19.15,19.14,19.12,19.1,19.09,19.08,19.07,19.03,19.0,18.98,19.17,19.18,19.19,19.2,19.21,19.23,19.24,19.25,19.28,19.29,200,100,1000,100,2200,700,4000,600,500,1500,1400,2200,1000,9200,300,3100,4400,300,1100,2200
108.0,19.14,100900,1923591.0,19.15,19.14,19.12,19.1,19.09,19.08,19.07,19.03,19.0,18.98,19.17,19.18,19.19,19.2,19.21,19.23,19.24,19.25,19.28,19.29,200,100,1000,100,2200,700,4000,600,500,1500,1400,2200,1000,9200,300,3100,4400,300,1100,2200
109.0,19.14,100900,1923591.0,19.15,19.14,19.12,19.1,19.09,19.08,19.07,19.03,19.0,18.98,19.17,19.18,19.19,19.2,19.21,19.23,19.24,19.25,19.28,19.29,200,100,1000,100,2200,700,4000,600,500,1500,14700,2200,1000,9200,600,3100,4400,300,1100,2200
110.0,19.15,101100,1927421.0,19.14,19.12,19.1,19.09,19.08,19.07,19.03,19.0,18.98,18.94,19.15,19.17,19.18,19.19,19.2,19.21,19.23,19.24,19.25,19.28,100,1000,100,2200,700,4000,600,500,1500,8100,500,14700,2200,1000,9200,600,3100,4400,300,1100
111.0,19.15,101100,1927421.0,19.14,19.12,19.1,19.09,19.08,19.07,19.03,19.0,18.98,18.94,19.15,19.17,19.18,19.19,19.2,19.21,19.23,19.24,19.25,19.28,100,1000,100,2200,700,4000,600,500,1500,8100,500,14700,2400,1000,9200,5600,3100,4400,300,1100
112.0,19.15,101100,1927421.0,19.14,19.12,19.1,19.09,19.08,19.07,19.03,19.0,18.98,18.94,19.15,19.17,19.18,19.19,19.2,19.21,19.23,19.24,19.25,19.28,100,1000,100,2200,700,4000,600,500,1500,8100,500,14700,2400,1000,9200,5600,3100,4400,300,1100
113.0,19.15,101100,1927421.0,19.14,19.12,19.1,19.09,19.08,19.07,19.03,19.0,18.98,18.94,19.15,19.17,19.18,19.19,19.2,19.21,19.23,19.24,19.25,19.28,300,1000,100,2200,700,4000,600,500,1500,8100,1500,14700,2400,1000,9200,5600,3100,4400,300,1100
114.0,19.15,101100,1927421.0,19.14,19.12,19.1,19.09,19.08,19.07,19.03,19.0,18.98,18.94,19.15,19.17,19.18,19.19,19.2,19.21,19.23,19.24,19.25,19.28,300,1000,100,2200,700,4000,600,500,1500,8100,1200,14700,4400,1000,9200,5600,3100,4400,300,1100
115.0,19.14,101400,1933163.0,19.12,19.1,19.09,19.08,19.07,19.03,19.0,18.98,18.94,18.91,19.14,19.15,19.17,19.18,19.19,19.2,19.21,19.23,19.24,19.25,1000,100,2200,700,4000,600,500,1500,8100,2500,300,1200,14700,4400,1000,9200,5600,3100,4400,300
116.0,19.14,101400,1933163.0,19.12,19.1,19.09,19.08,19.07,19.03,19.0,18.98,18.94,18.91,19.14,19.15,19.17,19.18,19.19,19.2,19.21,19.23,19.24,19.25,1000,100,2200,700,4000,600,500,1500,8100,2500,400,1200,14700,4400,1000,8200,5600,3100,4400,300
117.0,19.12,101500,1935075.0,19.12,19.1,19.09,19.08,19.07,19.03,19.0,18.98,18.94,18.91,19.14,19.15,19.17,19.18,19.19,19.2,19.21,19.23,19.24,19.25,900,100,2200,700,4000,600,500,1500,8100,2500,400,1600,14700,4400,1000,8200,5600,3100,4400,300
118.0,19.12,101500,1935075.0,19.12,19.1,19.09,19.08,19.07,19.03,19.0,18.98,18.94,18.91,19.14,19.15,19.17,19.18,19.19,19.2,19.21,19.23,19.24,19.25,900,100,2200,700,4000,600,500,1500,8100,2500,400,1600,14700,4400,1000,8200,5600,3100,4400,300
119.0,19.12,101500,1935075.0,19.12,19.1,19.09,19.08,19.07,19.03,19.0,18.98,18.94,18.91,19.14,19.15,19.17,19.18,19.19,19.2,19.21,19.23,19.24,19.25,900,100,2200,700,4000,600,500,1500,8100,2500,400,1600,14700,4400,1000,8200,5600,3100,4400,300
120.0,19.12,101500,1935075.0,19.12,19.1,19.09,19.08,19.07,19.03,19.0,18.98,18.94,18.91,19.14,19.15,19.17,19.18,19.19,19.2,19.21,19.23,19.24,19.25,900,100,2200,700,4000,600,500,1500,8100,2500,400,1600,14400,4400,1000,8200,5600,3100,4400,300
121.0,19.12,101500,1935075.0,19.12,19.1,19.09,19.08,19.07,19.03,19.0,18.98,18.94,18.91,19.14,19.15,19.17,19.18,19.19,19.2,19.21,19.23,19.24,19.25,900,100,2200,700,4000,600,500,1500,8100,2500,400,1600,14400,4400,1000,8200,5600,3100,4400,300
122.0,19.12,101600,1936987.0,19.12,19.1,19.09,19.08,19.07,19.03,19.0,18.98,18.94,18.91,19.14,19.15,19.17,19.18,19.19,19.2,19.21,19.23,19.24,19.25,800,100,2200,700,4000,600,500,1500,8100,2500,400,1600,14400,4900,1000,8200,5600,3100,4400,300
123.0,19.12,101600,1936987.0,19.12,19.1,19.09,19.08,19.07,19.03,19.0,18.98,18.94,18.91,19.14,19.15,19.17,19.18,19.19,19.2,19.21,19.23,19.24,19.25,800,100,2200,700,4000,600,500,1500,8100,2500,400,3600,14400,4900,1000,8200,5600,3100,4400,300
124.0,19.12,101600,1936987.0,19.12,19.1,19.09,19.08,19.07,19.03,19.0,18.98,18.94,18.91,19.14,19.15,19.17,19.18,19.19,19.2,19.21,19.23,19.24,19.25,800,100,2200,700,4000,600,500,1500,8100,2500,700,3600,14400,4900,1000,8200,5600,3100,4400,300
125.0,19.12,101600,1936987.0,19.12,19.1,19.09,19.08,19.07,19.03,19.0,18.98,18.94,18.91,19.14,19.15,19.17,19.18,19.19,19.2,19.21,19.23,19.24,19.25,800,100,2200,700,4000,600,500,1500,8100,2500,700,3600,14400,4900,1000,8200,5600,3100,4400,300
126.0,19.12,101600,1936987.0,19.12,19.1,19.09,19.08,19.07,19.03,19.0,18.98,18.94,18.91,19.14,19.15,19.17,19.18,19.19,19.2,19.21,19.23,19.24,19.25,800,100,2200,700,4000,600,500,1500,8100,2500,700,3600,14400,4900,1000,8200,5600,3100,4400,300
127.0,19.12,101600,1936987.0,19.12,19.1,19.09,19.08,19.07,19.03,19.0,18.98,18.94,18.91,19.14,19.15,19.17,19.18,19.19,19.2,19.21,19.23,19.24,19.25,800,100,2200,700,4000,600,500,1500,8100,2500,700,3600,14400,4900,1000,8200,5600,3100,4400,300
128.0,19.12,101600,1936987.0,19.13,19.12,19.1,19.09,19.08,19.07,19.03,19.0,18.98,18.94,19.14,19.15,19.17,19.18,19.19,19.2,19.21,19.23,19.24,19.25,1400,800,100,2200,700,4000,600,500,1500,8100,700,3600,14400,4900,1000,8200,5600,3100,4400,300
129.0,19.12,101600,1936987.0,19.13,19.12,19.1,19.09,19.08,19.07,19.03,19.0,18.98,18.94,19.14,19.15,19.16,19.17,19.18,19.19,19.2,19.21,19.23,19.24,1400,800,100,2200,700,4000,600,500,1500,8100,700,3600,1100,14400,4900,1000,8200,5600,3100,4400
130.0,19.14,102500,1954212.0,19.13,19.12,19.1,19.09,19.08,19.07,19.03,19.0,18.98,18.94,19.14,19.15,19.16,19.17,19.18,19.19,19.2,19.21,19.23,19.24,1300,800,100,2200,700,4000,600,500,1500,8100,100,3900,1100,14400,4900,1000,8200,5600,3100,4400
131.0,19.14,102500,1954212.0,19.13,19.12,19.1,19.09,19.08,19.07,19.03,19.0,18.98,18.94,19.14,19.15,19.16,19.17,19.18,19.19,19.2,19.21,19.23,19.24,1300,800,100,2200,700,4000,600,500,1500,8100,100,3900,1100,14900,4900,1000,8200,5600,3100,4400
132.0,19.14,102500,1954212.0,19.13,19.12,19.1,19.09,19.08,19.07,19.03,19.0,18.98,18.94,19.14,19.15,19.16,19.17,19.18,19.19,19.2,19.21,19.23,19.24,1300,800,100,2200,700,4000,600,500,1500,8100,100,3900,1100,14900,4900,1000,8200,5600,3100,4400
133.0,19.13,102700,1958038.0,19.13,19.12,19.1,19.09,19.08,19.07,19.03,19.0,18.98,18.94,19.14,19.15,19.16,19.17,19.18,19.19,19.2,19.21,19.23,19.24,1100,800,100,2200,700,4000,600,500,1500,8100,100,3900,1100,14900,4900,1000,8200,5600,3100,4400
134.0,19.13,102800,1959951.0,19.13,19.12,19.1,19.09,19.08,19.07,19.03,19.0,18.98,18.94,19.14,19.15,19.16,19.17,19.18,19.19,19.2,19.21,19.23,19.24,1000,800,100,2200,700,4000,600,500,1500,8100,100,3900,1100,14900,4900,1000,8200,5600,3100,4400
135.0,19.13,102800,1959951.0,19.13,19.12,19.1,19.09,19.08,19.07,19.03,19.0,18.98,18.94,19.14,19.15,19.16,19.17,19.18,19.19,19.2,19.21,19.23,19.24,1000,800,100,2200,700,4000,600,500,1500,8100,100,3900,1100,14900,4900,1000,8200,8300,3100,4400
136.0,19.13,102800,1959951.0,19.13,19.12,19.1,19.09,19.08,19.07,19.03,19.0,18.98,18.94,19.14,19.15,19.16,19.17,19.18,19.19,19.2,19.21,19.23,19.24,1000,800,100,2200,700,4000,600,500,1500,8100,100,3900,1100,14900,4900,1000,8200,8300,3100,4400
137.0,19.15,103700,1977183.0,19.13,19.12,19.1,19.09,19.08,19.07,19.03,19.0,18.98,18.94,19.15,19.16,19.17,19.18,19.19,19.2,19.21,19.23,19.24,19.25,900,800,100,2200,700,4000,600,500,1500,8100,3200,1100,14900,4900,1000,8200,8300,3100,4400,300
138.0,19.15,103700,1977183.0,19.13,19.12,19.1,19.09,19.08,19.07,19.03,19.0,18.98,18.94,19.15,19.16,19.17,19.18,19.19,19.2,19.21,19.23,19.24,19.25,900,800,100,2200,700,4000,600,500,1500,8100,3200,1100,14900,4900,1000,8200,8300,3100,4400,300
139.0,19.15,104200,1986758.0,19.13,19.12,19.1,19.09,19.08,19.07,19.03,19.0,18.98,18.94,19.15,19.16,19.17,19.18,19.19,19.2,19.21,19.23,19.24,19.25,900,800,100,2200,700,4000,600,500,1500,8100,2700,1100,14900,4900,1000,8200,8300,3100,4400,300
140.0,19.15,104200,1986758.0,19.13,19.12,19.1,19.09,19.08,19.07,19.03,19.0,18.98,18.94,19.15,19.16,19.17,19.18,19.19,19.2,19.21,19.23,19.24,19.25,900,800,100,2200,700,4000,600,500,1500,8100,2700,1100,14900,4900,1000,8200,8300,3100,4400,300
141.0,19.15,104200,1986758.0,19.14,19.13,19.12,19.1,19.09,19.08,19.07,19.03,19.0,18.98,19.15,19.16,19.17,19.18,19.19,19.2,19.21,19.23,19.24,19.25,1000,900,800,100,2200,700,4000,600,500,1500,2700,1100,14800,4900,1000,8200,8300,3100,4400,300
142.0,19.15,104200,1986758.0,19.14,19.13,19.12,19.1,19.09,19.08,19.07,19.03,19.0,18.98,19.15,19.16,19.17,19.18,19.19,19.2,19.21,19.23,19.24,19.25,1000,900,800,100,2200,700,4000,600,500,1500,2700,1100,13800,4900,1000,8200,8300,4100,4400,300
143.0,19.15,104200,1986758.0,19.14,19.13,19.12,19.1,19.09,19.08,19.07,19.03,19.0,18.98,19.15,19.16,19.17,19.18,19.19,19.2,19.21,19.23,19.24,19.25,1000,900,800,100,2200,700,4000,600,500,1500,2700,4100,13800,4900,1000,8200,8300,4100,4400,300
144.0,19.14,104300,1988672.0,19.14,19.13,19.12,19.1,19.09,19.08,19.07,19.03,19.0,18.98,19.15,19.16,19.17,19.18,19.19,19.2,19.21,19.23,19.24,19.25,900,900,800,100,2200,700,4000,600,500,1500,2700,4100,13800,4900,1000,8200,8300,4100,4400,300
145.0,19.14,104400,1990586.0,19.14,19.13,19.12,19.1,19.09,19.08,19.07,19.03,19.0,18.98,19.15,19.16,19.17,19.18,19.19,19.2,19.21,19.23,19.24,19.25,800,900,800,100,2200,700,4000,600,500,1500,2700,4100,13800,4900,1000,8200,8300,4100,4400,300
146.0,19.14,104400,1990586.0,19.14,19.13,19.12,19.1,19.09,19.08,19.07,19.03,19.0,18.98,19.15,19.16,19.17,19.18,19.19,19.2,19.21,19.23,19.24,19.25,1000,900,800,100,2200,700,4000,600,500,1500,2700,4100,13800,4900,1000,8200,8300,4100,4400,300
147.0,19.15,104600,1994416.0,19.14,19.13,19.12,19.1,19.09,19.08,19.07,19.03,19.0,18.98,19.15,19.16,19.17,19.18,19.19,19.2,19.21,19.23,19.24,19.25,1000,900,800,100,2200,700,4000,600,500,1500,2500,4600,13800,4900,1000,8200,8300,4100,4400,300
148.0,19.14,104800,1998244.0,19.14,19.13,19.12,19.1,19.09,19.08,19.07,19.03,19.0,18.98,19.15,19.16,19.17,19.18,19.19,19.2,19.21,19.23,19.24,19.25,800,900,800,100,2200,700,4000,600,500,1500,2500,4600,13800,4900,1000,8200,8300,4100,4400,300
149.0,19.14,104800,1998244.0,19.14,19.13,19.12,19.1,19.09,19.08,19.07,19.03,19.0,18.98,19.15,19.16,19.17,19.18,19.19,19.2,19.21,19.23,19.24,19.25,800,900,800,100,2200,700,4000,600,500,1500,2500,4600,13800,4900,1000,8200,8300,4100,4400,300
150.0,19.14,104800,1998244.0,19.14,19.13,19.12,19.1,19.09,19.08,19.07,19.03,19.0,18.98,19.15,19.16,19.17,19.18,19.19,19.2,19.21,19.23,19.24,19.25,800,900,800,100,2200,700,4000,600,500,1500,2700,4600,13800,4900,1000,8200,8300,4100,4400,300
151.0,19.14,104800,1998244.0,19.14,19.13,19.12,19.1,19.09,19.08,19.07,19.03,19.0,18.98,19.15,19.16,19.17,19.18,19.19,19.2,19.21,19.23,19.24,19.25,800,900,800,100,2200,700,4000,600,500,1500,2700,4600,13800,5600,1000,8200,8300,4100,4400,300
152.0,19.15,105600,2013558.0,19.14,19.13,19.1,19.09,19.08,19.07,19.03,19.0,18.98,18.94,19.15,19.16,19.17,19.18,19.19,19.2,19.21,19.23,19.24,19.25,200,900,100,2200,700,4000,600,500,1500,8100,2500,4600,13800,5600,1000,8200,8300,4100,4400,300
153.0,19.15,105600,2013558.0,19.14,19.13,19.1,19.09,19.08,19.07,19.03,19.0,18.98,18.94,19.15,19.16,19.17,19.18,19.19,19.2,19.21,19.23,19.24,19.25,200,900,100,2200,700,4000,600,500,1500,8100,2500,4600,13800,5600,1100,8200,8300,4100,4400,300
154.0,19.15,106000,2021218.0,19.14,19.13,19.1,19.09,19.08,19.07,19.03,19.0,18.98,18.94,19.15,19.16,19.17,19.18,19.19,19.2,19.21,19.23,19.24,19.25,200,900,100,2200,700,4000,600,500,1500,8100,1800,4600,13800,5600,1100,8200,8300,4100,4400,300
155.0,19.15,106000,2021218.0,19.14,19.13,19.1,19.09,19.08,19.07,19.03,19.0,18.98,18.94,19.15,19.16,19.17,19.18,19.19,19.2,19.21,19.23,19.24,19.25,200,900,100,2200,700,4000,600,500,1500,8100,1800,4600,13800,5600,1100,8200,8300,4100,4400,300
156.0,19.14,106200,2025046.0,19.13,19.1,19.09,19.08,19.07,19.03,19.0,18.98,18.94,18.91,19.14,19.15,19.16,19.17,19.18,19.19,19.2,19.21,19.23,19.24,900,100,2200,700,4000,600,500,1500,8100,2500,800,1800,4600,13800,5600,1100,8200,8300,4100,4400
157.0,19.13,106300,2026959.0,19.13,19.1,19.09,19.08,19.07,19.03,19.0,18.98,18.94,18.91,19.14,19.15,19.16,19.17,19.18,19.19,19.2,19.21,19.23,19.24,800,100,2200,700,4000,600,500,1500,8100,2500,1000,2000,4600,13800,5600,1100,8200,8300,4100,4400
158.0,19.13,106300,2026959.0,19.13,19.1,19.09,19.08,19.07,19.03,19.0,18.98,18.94,18.91,19.14,19.15,19.16,19.17,19.18,19.19,19.2,19.21,19.23,19.24,800,100,2200,700,4000,600,500,1500,8100,2500,1000,2000,4600,13800,5600,1000,8200,8300,4100,4400
159.0,19.13,106300,2026959.0,19.13,19.1,19.09,19.08,19.07,19.03,19.0,18.98,18.94,18.91,19.14,19.15,19.16,19.17,19.18,19.19,19.2,19.21,19.23,19.24,800,100,2200,700,4000,600,500,1500,8100,2500,1000,2000,4600,13800,5600,1000,8200,8300,4100,4400
160.0,19.13,106300,2026959.0,19.13,19.1,19.09,19.08,19.07,19.03,19.0,18.98,18.94,18.91,19.14,19.15,19.16,19.17,19.18,19.19,19.2,19.21,19.23,19.24,800,100,2200,700,4000,600,500,1500,8100,2500,1000,2000,4600,13800,5600,1000,8200,8300,4100,4400
161.0,19.14,106400,2028873.0,19.13,19.1,19.09,19.08,19.07,19.03,19.0,18.98,18.94,18.91,19.14,19.15,19.16,19.17,19.18,19.19,19.2,19.21,19.23,19.24,800,100,2200,700,4000,600,500,1500,8100,2500,1000,2000,4600,13800,5600,1000,8200,8300,4100,4400
162.0,19.14,106400,2028873.0,19.13,19.1,19.09,19.08,19.07,19.03,19.0,18.98,18.94,18.91,19.14,19.15,19.16,19.17,19.18,19.19,19.2,19.21,19.23,19.24,800,100,2200,700,4000,600,500,1500,8100,2500,1000,2000,4600,13800,5600,1000,8200,8300,4100,4400
163.0,19.14,106400,2028873.0,19.13,19.1,19.09,19.08,19.07,19.03,19.0,18.98,18.94,18.91,19.14,19.15,19.16,19.17,19.18,19.19,19.2,19.21,19.23,19.24,800,100,2200,700,4000,600,500,1500,8100,2500,1000,2000,4600,13800,5600,1000,8200,8300,4100,4400
164.0,19.14,106400,2028873.0,19.13,19.1,19.09,19.08,19.07,19.03,19.0,18.98,18.94,18.91,19.14,19.15,19.16,19.17,19.18,19.19,19.2,19.21,19.23,19.24,800,100,2200,700,4000,600,500,1500,8100,2500,1000,2000,4600,13800,5600,1000,8200,8300,4100,4400
165.0,19.13,106600,2032699.0,19.13,19.1,19.09,19.08,19.07,19.03,19.0,18.98,18.94,18.91,19.14,19.15,19.16,19.17,19.18,19.19,19.2,19.21,19.23,19.24,600,100,2200,700,4000,600,500,1500,8100,2500,1000,2000,4600,13800,5600,1000,8200,8300,4100,4400
166.0,19.14,107600,2051839.0,19.13,19.1,19.09,19.08,19.07,19.03,19.0,18.98,18.94,18.91,19.14,19.15,19.16,19.17,19.18,19.19,19.2,19.21,19.23,19.24,600,100,2200,700,4000,600,500,1500,8100,2500,300,2000,4100,13800,5600,1000,8200,8300,4100,4400
167.0,19.14,107600,2051839.0,19.13,19.1,19.09,19.08,19.07,19.03,19.0,18.98,18.94,18.91,19.14,19.15,19.16,19.17,19.18,19.19,19.2,19.21,19.23,19.24,600,100,2200,700,4000,600,500,1500,8100,2500,300,2000,4100,13800,5600,1000,8200,8300,4100,4400
168.0,19.13,107700,2053752.0,19.13,19.1,19.09,19.08,19.07,19.03,19.0,18.98,18.94,18.91,19.14,19.15,19.16,19.17,19.18,19.19,19.2,19.21,19.23,19.24,500,100,2200,700,4000,600,500,1500,8100,2500,300,2000,4100,13800,5600,1000,8200,8300,4100,4400
169.0,19.13,107700,2053752.0,19.13,19.1,19.09,19.08,19.07,19.03,19.0,18.98,18.94,18.91,19.14,19.15,19.16,19.17,19.18,19.19,19.2,19.21,19.23,19.24,500,100,2200,700,4000,600,500,1500,8100,2500,300,2000,4100,13800,5600,1000,8200,8300,4100,4400
170.0,19.13,107700,2053752.0,19.13,19.1,19.09,19.08,19.07,19.03,19.0,18.98,18.94,18.91,19.14,19.15,19.16,19.17,19.18,19.19,19.2,19.21,19.23,19.24,500,100,2200,700,4000,600,500,1500,8100,2500,300,2000,4100,13800,5600,1000,8200,8300,4100,4400
171.0,19.13,107700,2053752.0,19.13,19.1,19.09,19.08,19.07,19.03,19.0,18.98,18.94,18.91,19.14,19.15,19.16,19.17,19.18,19.19,19.2,19.21,19.23,19.24,500,100,2200,700,4000,600,500,100,8100,2500,300,2000,4100,13800,5600,1000,8200,8300,4100,4400
172.0,19.15,108800,2074814.0,19.13,19.1,19.09,19.08,19.07,19.03,19.0,18.98,18.94,18.91,19.15,19.16,19.17,19.18,19.19,19.2,19.21,19.23,19.24,19.25,500,100,2200,700,4000,600,500,100,8100,2500,1200,4100,13800,5600,1000,8200,8300,4100,4400,300
173.0,19.13,109300,2084379.0,19.1,19.09,19.08,19.07,19.03,19.0,18.98,18.94,18.91,18.9,19.13,19.15,19.16,19.17,19.18,19.19,19.2,19.21,19.23,19.24,100,2200,700,4000,600,500,100,8100,2500,2000,500,1200,4100,13800,5600,1000,8200,8300,4100,4400
174.0,19.13,109300,2084379.0,19.1,19.09,19.08,19.07,19.03,19.0,18.98,18.94,18.91,18.9,19.13,19.15,19.16,19.17,19.18,19.19,19.2,19.21,19.23,19.24,100,2200,700,4000,600,500,100,8100,2500,2000,500,1200,4100,13800,5600,1000,8200,8300,4100,4400
175.0,19.13,109300,2084379.0,19.1,19.09,19.08,19.07,19.03,19.0,18.98,18.94,18.91,18.9,19.13,19.15,19.16,19.17,19.18,19.19,19.2,19.21,19.23,19.24,100,2200,700,4000,600,500,100,8100,2500,2000,500,1200,4100,13800,5600,1000,8200,8300,4100,4400
176.0,19.13,109300,2084379.0,19.1,19.09,19.08,19.07,19.03,19.0,18.98,18.94,18.91,18.9,19.13,19.15,19.16,19.17,19.18,19.19,19.2,19.21,19.23,19.24,100,2200,700,4000,600,500,100,8100,2500,2000,500,1700,4100,13800,5400,1000,8200,8300,4100,4400
177.0,19.13,109300,2084379.0,19.1,19.09,19.08,19.07,19.03,19.0,18.98,18.94,18.91,18.9,19.13,19.14,19.15,19.16,19.17,19.18,19.19,19.2,19.21,19.23,100,2200,700,4000,600,500,100,8100,2500,2000,500,5000,1700,4100,13800,5400,1000,8200,8300,4100
178.0,19.13,109300,2084379.0,19.1,19.09,19.08,19.07,19.03,19.0,18.98,18.94,18.91,18.9,19.13,19.14,19.15,19.16,19.17,19.18,19.19,19.2,19.21,19.23,100,2200,700,4000,600,500,100,8100,2500,2000,500,5000,2200,4100,13800,5400,1000,8200,8300,4100
179.0,19.13,109300,2084379.0,19.1,19.09,19.08,19.07,19.03,19.0,18.98,18.94,18.91,18.9,19.13,19.14,19.15,19.16,19.17,19.18,19.19,19.2,19.21,19.23,100,2200,700,4000,600,500,100,8100,2500,2000,800,5000,2200,4100,13800,5400,1000,8200,8300,4100
180.0,19.13,109300,2084379.0,19.1,19.09,19.08,19.07,19.03,19.0,18.98,18.94,18.91,18.9,19.13,19.14,19.15,19.16,19.17,19.18,19.19,19.2,19.21,19.23,100,2200,700,4000,600,500,100,8100,2500,2000,800,5000,2200,4100,13800,5400,1000,8200,8300,4100
181.0,19.13,109300,2084379.0,19.1,19.09,19.08,19.07,19.03,19.0,18.98,18.94,18.91,18.9,19.13,19.14,19.15,19.16,19.17,19.18,19.19,19.2,19.21,19.23,100,2200,700,4000,600,500,100,8100,2500,2000,1000,5000,2200,4100,13800,5400,1000,8200,8300,4100
182.0,19.13,109300,2084379.0,19.1,19.09,19.08,19.07,19.03,19.0,18.98,18.94,18.91,18.9,19.13,19.14,19.15,19.16,19.17,19.18,19.19,19.2,19.21,19.23,100,2200,700,4000,600,500,100,8100,2500,2000,1100,5000,2200,4100,13900,5400,1000,8200,8300,4100
183.0,19.13,109300,2084379.0,19.1,19.09,19.08,19.07,19.03,19.0,18.98,18.94,18.91,18.9,19.13,19.14,19.15,19.16,19.17,19.18,19.19,19.2,19.21,19.23,100,2200,700,4000,600,500,100,8100,2500,2000,1100,5000,2200,4100,13900,5400,1000,8200,8300,4100
184.0,19.13,109300,2084379.0,19.1,19.09,19.08,19.07,19.03,19.0,18.98,18.94,18.91,18.9,19.13,19.14,19.15,19.16,19.17,19.18,19.19,19.2,19.21,19.23,100,2200,700,4000,600,500,100,8100,2500,2000,1100,5000,2200,4100,13900,5400,1000,8200,8300,4100
185.0,19.13,109600,2090118.0,19.1,19.09,19.08,19.07,19.03,19.0,18.98,18.94,18.91,18.9,19.13,19.14,19.15,19.16,19.17,19.18,19.19,19.2,19.21,19.23,100,2200,700,4000,600,500,100,8100,2500,2000,900,5000,2200,4100,13900,5400,1000,8200,8300,4100
186.0,19.13,109600,2090118.0,19.1,19.09,19.08,19.07,19.03,19.0,18.98,18.94,18.91,18.9,19.13,19.14,19.15,19.16,19.17,19.18,19.19,19.2,19.21,19.23,100,2200,700,4000,600,500,100,8100,2500,2000,900,5000,2200,4100,13900,5400,1000,8200,8300,4100
187.0,19.13,109600,2090118.0,19.1,19.09,19.08,19.07,19.03,19.0,18.98,18.94,18.91,18.9,19.13,19.14,19.15,19.16,19.17,19.18,19.19,19.2,19.21,19.23,100,2200,700,4000,600,500,100,8100,2500,2000,900,5000,2200,4100,13900,5400,1000,8200,8300,4100
188.0,19.14,110600,2109249.0,19.1,19.09,19.08,19.07,19.03,19.0,18.98,18.94,18.91,18.9,19.13,19.14,19.15,19.16,19.17,19.18,19.19,19.2,19.21,19.23,100,2200,700,4000,600,500,100,8100,2500,2000,100,4900,1700,4100,13900,5400,1000,8200,8300,4100
189.0,19.14,112000,2136044.0,19.1,19.09,19.08,19.07,19.03,19.0,18.98,18.94,18.91,18.9,19.14,19.15,19.16,19.17,19.18,19.19,19.2,19.21,19.23,19.24,100,2200,700,4000,600,500,100,8100,2500,2000,3600,1700,4100,13900,5400,1000,8200,8300,4100,4400
190.0,19.14,112000,2136044.0,19.1,19.09,19.08,19.07,19.03,19.0,18.98,18.94,18.91,18.9,19.14,19.15,19.16,19.17,19.18,19.19,19.2,19.21,19.23,19.24,100,2200,700,4000,600,500,100,8100,2500,2000,3600,1700,4100,13900,5400,1000,8200,8300,4100,4400
191.0,19.14,112000,2136044.0,19.1,19.09,19.08,19.07,19.03,19.0,18.98,18.94,18.91,18.9,19.14,19.15,19.16,19.17,19.18,19.19,19.2,19.21,19.23,19.24,100,2200,700,4000,600,500,100,8100,2500,2000,3600,1700,4100,13900,5400,1000,8200,8300,4100,4400
192.0,19.14,112000,2136044.0,19.1,19.09,19.08,19.07,19.03,19.0,18.98,18.94,18.91,18.9,19.14,19.15,19.16,19.17,19.18,19.19,19.2,19.21,19.23,19.24,100,2200,700,4000,600,500,100,8100,2500,2000,3600,1700,4100,13900,5400,1000,8200,8300,4100,4400
193.0,19.14,112000,2136044.0,19.1,19.09,19.08,19.07,19.03,19.0,18.98,18.94,18.91,18.9,19.14,19.15,19.16,19.17,19.18,19.19,19.2,19.21,19.23,19.24,100,2200,700,4000,600,500,100,8100,2500,2000,3600,1700,4100,13900,5400,1000,8200,8300,4100,4400
194.0,19.14,112000,2136044.0,19.1,19.09,19.08,19.07,19.03,19.0,18.98,18.94,18.91,18.9,19.14,19.15,19.16,19.17,19.18,19.19,19.2,19.21,19.23,19.24,100,2200,700,4000,600,500,100,8100,2500,2000,3600,1700,4100,13900,5400,1000,8200,8300,4100,4400
195.0,19.14,112000,2136044.0,19.1,19.09,19.08,19.07,19.03,19.0,18.98,18.94,18.93,18.91,19.14,19.15,19.16,19.17,19.18,19.19,19.2,19.21,19.23,19.24,100,2200,700,4000,600,500,100,8100,3000,2500,3600,1700,4100,13900,5400,1000,8200,8300,4100,4400
196.0,19.14,112000,2136044.0,19.1,19.09,19.08,19.07,19.03,19.0,18.98,18.94,18.93,18.91,19.14,19.15,19.16,19.17,19.18,19.19,19.2,19.21,19.23,19.24,100,2200,700,4000,600,500,100,8100,3000,2500,3600,1700,4100,13900,5400,1000,8200,8300,4100,4400
197.0,19.14,112000,2136044.0,19.1,19.09,19.08,19.07,19.03,19.0,18.98,18.94,18.93,18.91,19.14,19.15,19.16,19.17,19.18,19.19,19.2,19.21,19.23,19.24,100,2200,700,4000,600,500,100,8100,3000,2500,3600,1700,4100,13900,5400,1000,8200,8300,4100,4400
198.0,19.14,112000,2136044.0,19.1,19.09,19.08,19.07,19.03,19.0,18.98,18.94,18.93,18.91,19.14,19.15,19.16,19.17,19.18,19.19,19.2,19.21,19.23,19.24,100,2200,700,4000,600,500,100,8100,3000,2500,3600,1700,4100,13900,5400,1000,8200,8300,4100,4400
199.0,19.14,114700,2187722.0,19.1,19.09,19.08,19.07,19.03,19.0,18.98,18.94,18.93,18.91,19.14,19.15,19.16,19.17,19.18,19.19,19.2,19.21,19.23,19.24,100,2200,700,4000,600,500,100,8100,3000,2500,900,1700,4100,14000,5400,1000,8200,8300,4100,4400
200.0,19.14,114800,2189636.0,19.1,19.09,19.08,19.07,19.03,19.0,18.98,18.94,18.93,18.91,19.14,19.15,19.16,19.17,19.18,19.19,19.2,19.21,19.23,19.24,100,2200,700,4000,600,500,100,8100,3000,2500,800,1700,4100,14000,5400,1000,8200,8300,4100,4400
201.0,19.14,114800,2189636.0,19.1,19.09,19.08,19.07,19.03,19.0,18.98,18.94,18.93,18.91,19.14,19.15,19.16,19.17,19.18,19.19,19.2,19.21,19.23,19.24,100,2200,700,4000,600,500,100,8100,3000,2500,800,1700,4100,14000,5400,1000,8200,8300,4100,4400
202.0,19.15,116700,2226013.0,19.1,19.09,19.08,19.07,19.03,19.0,18.98,18.94,18.93,18.91,19.15,19.16,19.17,19.18,19.19,19.2,19.21,19.23,19.24,19.25,100,2200,700,4000,600,500,100,8100,3000,2500,600,4100,14000,5400,1000,8200,8300,4100,4400,300
203.0,19.13,118400,2258564.0,19.1,19.09,19.08,19.07,19.03,19.0,18.98,18.94,18.93,18.91,19.13,19.16,19.17,19.18,19.19,19.2,19.21,19.23,19.24,19.25,200,2200,700,4000,600,500,100,8100,3000,2500,1100,4100,14000,5400,1000,8200,8300,4100,4400,300
204.0,19.13,118600,2262390.0,19.1,19.09,19.08,19.07,19.03,19.0,18.98,18.94,18.93,18.91,19.13,19.16,19.17,19.18,19.19,19.2,19.21,19.23,19.24,19.25,200,2200,700,4000,600,500,100,8100,3000,2500,900,4100,14000,5400,1000,8200,8300,4100,4400,300
205.0,19.16,123600,2358163.0,19.16,19.15,19.1,19.09,19.08,19.07,19.03,19.0,18.98,18.94,19.17,19.18,19.19,19.2,19.21,19.23,19.24,19.25,19.26,19.28,1300,500,200,2200,700,4000,600,500,100,8100,13900,5500,1000,8200,8300,4100,4400,300,1000,2100
206.0,19.17,123900,2363914.0,19.16,19.1,19.09,19.08,19.07,19.03,19.0,18.98,18.94,18.93,19.17,19.18,19.19,19.2,19.21,19.23,19.24,19.25,19.26,19.28,1300,200,2200,700,4000,600,500,100,8100,3000,13600,5500,1000,8200,8300,4100,4400,300,1000,2100
207.0,19.17,123900,2363914.0,19.16,19.1,19.09,19.08,19.07,19.03,19.0,18.98,18.94,18.93,19.17,19.18,19.19,19.2,19.21,19.23,19.24,19.25,19.26,19.28,1300,200,2200,700,4000,600,500,100,8100,3000,13600,5500,1000,8200,8300,4100,4400,300,1000,2100
208.0,19.16,124000,2365830.0,19.16,19.1,19.09,19.08,19.07,19.03,19.0,18.98,18.94,18.93,19.17,19.18,19.19,19.2,19.21,19.23,19.24,19.25,19.26,19.28,1200,200,2200,700,4000,600,500,100,8100,3000,13600,5500,1000,8200,8300,4100,4400,300,1000,2100
209.0,19.16,124000,2365830.0,19.16,19.1,19.09,19.08,19.07,19.03,19.0,18.98,18.94,18.93,19.17,19.18,19.19,19.2,19.21,19.23,19.24,19.25,19.26,19.28,1200,200,2200,700,4000,600,500,100,8100,3000,13600,5500,1000,8200,8300,4100,4400,300,1000,2100
210.0,19.16,124000,2365830.0,19.16,19.1,19.09,19.08,19.07,19.03,19.0,18.98,18.94,18.93,19.17,19.18,19.19,19.2,19.21,19.23,19.24,19.25,19.26,19.28,1200,200,2200,700,4000,600,500,100,8100,3000,13600,5500,1000,8200,8300,4100,4400,300,1000,2100
211.0,19.16,124000,2365830.0,19.16,19.1,19.09,19.08,19.07,19.03,19.0,18.98,18.94,18.93,19.17,19.18,19.19,19.2,19.21,19.23,19.24,19.25,19.26,19.28,1200,200,2200,700,4000,600,500,100,8100,3000,13600,5500,1000,8200,8300,4100,4400,300,1000,2100
212.0,19.16,125200,2388822.0,19.1,19.09,19.08,19.07,19.03,19.0,18.98,18.94,18.93,18.91,19.16,19.17,19.18,19.19,19.2,19.21,19.23,19.24,19.25,19.26,200,2200,700,4000,600,500,100,8100,3000,2500,600,13600,5500,1000,8200,8300,4100,4400,300,1000
213.0,19.17,126500,2413735.0,19.1,19.09,19.08,19.07,19.03,19.0,18.98,18.94,18.93,18.91,19.17,19.18,19.19,19.2,19.21,19.23,19.24,19.25,19.26,19.28,400,2200,700,4000,600,500,100,8100,3000,2500,13100,5500,1000,8200,8300,4100,4400,300,1000,2100
214.0,19.17,126500,2413735.0,19.1,19.09,19.08,19.07,19.03,19.0,18.98,18.94,18.93,18.91,19.17,19.18,19.19,19.2,19.21,19.23,19.24,19.25,19.26,19.28,400,2200,700,4000,600,500,100,8100,3000,2500,13100,5500,1000,8200,8300,4100,4400,300,1000,2100
215.0,19.17,126500,2413735.0,19.15,19.1,19.09,19.08,19.07,19.03,19.0,18.98,18.94,18.93,19.17,19.18,19.19,19.2,19.21,19.23,19.24,19.25,19.26,19.28,1100,2500,2200,700,4000,600,500,100,8100,3000,13400,5400,1000,8200,8300,4100,4400,300,1000,2100
216.0,19.15,126800,2419484.0,19.15,19.1,19.09,19.08,19.07,19.03,19.0,18.98,18.94,18.93,19.17,19.18,19.19,19.2,19.21,19.23,19.24,19.25,19.26,19.28,1000,2700,2200,700,4000,600,500,100,8100,3000,13200,5400,1000,8200,8300,4100,4400,300,1000,2100
217.0,19.17,139000,2653358.0,19.15,19.1,19.09,19.08,19.07,19.03,19.0,18.98,18.94,18.93,19.17,19.18,19.19,19.2,19.21,19.23,19.24,19.25,19.26,19.28,1000,2700,2200,700,4000,600,500,100,8100,3000,1000,5400,1000,8200,8300,4100,4400,300,1000,2100
218.0,19.18,140900,2689790.0,19.17,19.15,19.1,19.09,19.08,19.07,19.03,19.0,18.98,18.94,19.18,19.19,19.2,19.21,19.23,19.24,19.25,19.26,19.28,19.29,1500,1000,2700,2200,700,4000,600,500,100,8100,4500,1000,8200,8300,4100,4400,300,1000,2100,2200
219.0,19.17,141000,2691707.0,19.17,19.15,19.1,19.09,19.08,19.07,19.03,19.0,18.98,18.94,19.18,19.19,19.2,19.21,19.23,19.24,19.25,19.26,19.28,19.29,2000,1000,2700,2200,700,4000,600,500,100,8100,4500,1000,8200,8300,4100,4400,300,1000,2100,2200
220.0,19.19,146700,2801041.0,19.18,19.17,19.15,19.1,19.09,19.08,19.07,19.03,19.0,18.98,19.2,19.21,19.23,19.24,19.25,19.26,19.28,19.29,19.3,19.35,1800,1900,1000,2700,2200,700,4000,600,500,100,8200,8300,4100,4400,300,1000,2100,2200,6600,12900
221.0,19.18,147700,2820221.0,19.18,19.17,19.15,19.1,19.09,19.08,19.07,19.03,19.0,18.98,19.2,19.21,19.23,19.24,19.25,19.26,19.28,19.29,19.3,19.35,800,1700,1000,2700,2200,700,4000,600,500,100,8200,8300,4100,4400,300,1000,2100,2200,6600,12900
222.0,19.18,147700,2820221.0,19.18,19.17,19.15,19.1,19.09,19.08,19.07,19.03,19.0,18.98,19.2,19.21,19.23,19.24,19.25,19.26,19.28,19.29,19.3,19.35,800,1500,1000,2700,2200,700,4000,600,500,100,8200,8300,4100,4400,300,1000,2100,2200,6600,12900
223.0,19.2,148000,2825981.0,19.18,19.17,19.15,19.1,19.09,19.08,19.07,19.03,19.0,18.98,19.2,19.21,19.23,19.24,19.25,19.26,19.28,19.29,19.3,19.35,800,1500,1000,2700,2200,700,4000,600,500,100,7900,8300,4100,4400,300,1000,2100,2200,6600,12900
224.0,19.2,148200,2829821.0,19.18,19.17,19.15,19.1,19.09,19.08,19.07,19.03,19.0,18.98,19.2,19.21,19.23,19.24,19.25,19.26,19.28,19.29,19.3,19.35,800,900,1000,2700,2200,700,4000,600,500,100,7700,8300,4100,4400,300,1000,2100,2200,6600,12900
225.0,19.2,148200,2829821.0,19.17,19.1,19.09,19.08,19.07,19.03,19.0,18.98,18.94,18.93,19.2,19.21,19.23,19.24,19.25,19.26,19.28,19.29,19.3,19.35,900,2700,2200,700,4000,600,500,100,8100,3000,7700,8300,4100,4400,300,1000,2100,2200,6600,12900
226.0,19.17,148300,2831738.0,19.17,19.1,19.09,19.08,19.07,19.03,19.0,18.98,18.94,18.93,19.2,19.21,19.23,19.24,19.25,19.26,19.28,19.29,19.3,19.35,800,2700,2200,700,4000,600,500,100,8100,3000,7700,8300,4100,4400,800,1000,2100,2200,6600,12900
227.0,19.17,148400,2833655.0,19.17,19.1,19.09,19.08,19.07,19.03,19.0,18.98,18.94,18.93,19.2,19.21,19.23,19.24,19.25,19.26,19.28,19.29,19.3,19.35,700,2700,2200,700,4000,600,500,100,8100,3000,7700,8300,4100,4400,800,1000,2100,2200,6600,12900
228.0,19.17,148400,2833655.0,19.17,19.1,19.09,19.08,19.07,19.03,19.0,18.98,18.94,18.93,19.2,19.21,19.23,19.24,19.25,19.26,19.28,19.29,19.3,19.35,900,2700,2200,700,4000,600,500,100,8100,3000,7700,8300,4100,4400,800,1000,2100,2200,6600,12900
229.0,19.17,148400,2833655.0,19.17,19.1,19.09,19.08,19.07,19.03,19.0,18.98,18.94,18.93,19.2,19.21,19.23,19.24,19.25,19.26,19.28,19.29,19.3,19.35,900,2700,2200,700,4000,600,500,100,8100,3000,7700,8300,4100,4400,800,1000,2100,2200,6600,12900
230.0,19.2,150400,2872055.0,19.17,19.1,19.09,19.08,19.07,19.03,19.0,18.98,18.94,18.93,19.2,19.21,19.23,19.24,19.25,19.26,19.28,19.29,19.3,19.35,900,2700,2200,700,4000,600,500,100,8100,3000,5700,8300,4100,4400,800,1000,2100,2200,6600,12900
231.0,19.2,150400,2872055.0,19.17,19.1,19.09,19.08,19.07,19.03,19.0,18.98,18.94,18.93,19.2,19.21,19.23,19.24,19.25,19.26,19.28,19.29,19.3,19.35,900,2700,2200,700,4000,600,500,100,8100,3000,5700,8300,4100,4400,800,1000,2100,2200,6600,12900
232.0,19.2,150400,2872055.0,19.17,19.1,19.09,19.08,19.07,19.03,19.0,18.98,18.94,18.93,19.2,19.21,19.23,19.24,19.25,19.26,19.28,19.29,19.3,19.35,900,2700,2200,700,4000,600,500,100,8100,3000,5700,8000,4100,4400,900,1000,2100,2200,6600,12900
233.0,19.2,150400,2872055.0,19.17,19.1,19.09,19.08,19.07,19.03,19.0,18.98,18.94,18.93,19.19,19.2,19.21,19.23,19.24,19.25,19.26,19.28,19.29,19.3,900,2700,2200,700,4000,600,500,100,8100,3000,500,5700,8000,4100,4400,900,1000,2100,2200,6600
234.0,19.17,150700,2877806.0,19.17,19.11,19.1,19.09,19.08,19.07,19.03,19.0,18.98,18.94,19.19,19.2,19.21,19.23,19.24,19.25,19.26,19.28,19.29,19.3,600,1200,2700,2200,700,4000,600,500,100,8100,500,5700,8000,4100,4400,900,1000,2100,2200,6600
235.0,19.17,150700,2877806.0,19.17,19.11,19.1,19.09,19.08,19.07,19.03,19.0,18.98,18.94,19.19,19.2,19.21,19.23,19.24,19.25,19.26,19.28,19.29,19.3,600,1200,2700,2200,700,4000,600,500,100,8100,500,6200,8000,4100,4400,900,1000,2100,2200,6600
236.0,19.17,150700,2877806.0,19.17,19.11,19.1,19.09,19.08,19.07,19.03,19.0,18.98,18.94,19.19,19.2,19.21,19.23,19.24,19.25,19.26,19.28,19.29,19.3,600,1200,2700,2200,700,4000,600,500,100,8100,500,6900,8000,4100,4400,900,1000,2100,2200,6600
237.0,19.19,151200,2887401.0,19.19,19.17,19.11,19.1,19.09,19.08,19.07,19.03,19.0,18.98,19.2,19.21,19.23,19.24,19.25,19.26,19.28,19.29,19.3,19.35,1300,600,1200,2700,2200,700,4000,600,500,100,6900,8000,4100,4400,900,1000,2100,2200,6600,12900
238.0,19.2,151900,2900839.0,19.19,19.17,19.11,19.1,19.09,19.08,19.07,19.03,19.0,18.98,19.2,19.21,19.23,19.24,19.25,19.26,19.28,19.29,19.3,19.35,1100,600,1200,2700,2200,700,4000,600,500,100,6400,8000,4100,4400,900,1000,2100,2200,6600,12900
239.0,19.2,151900,2900839.0,19.19,19.17,19.11,19.1,19.09,19.08,19.07,19.03,19.0,18.98,19.2,19.21,19.23,19.24,19.25,19.26,19.28,19.29,19.3,19.35,1100,600,1200,2700,2200,700,4000,600,500,100,6400,8000,4100,4400,900,1300,2100,2200,6600,12900
240.0,19.19,152000,2902758.0,19.19,19.17,19.11,19.1,19.09,19.08,19.07,19.03,19.0,18.98,19.2,19.21,19.23,19.24,19.25,19.26,19.28,19.29,19.3,19.35,1000,2300,1200,2700,2200,700,100,600,500,100,6400,8000,4100,4400,1200,1300,2100,2200,6600,12900
241.0,19.19,152000,2902758.0,19.19,19.17,19.11,19.1,19.09,19.08,19.07,19.03,19.0,18.98,19.2,19.21,19.22,19.23,19.24,19.25,19.26,19.28,19.29,19.3,1000,2300,1200,2700,2200,700,100,600,500,100,6400,8000,100,4100,4400,1200,1300,2100,2200,6600
242.0,19.19,152800,2918110.0,19.19,19.17,19.11,19.1,19.09,19.08,19.07,19.03,19.0,18.98,19.2,19.21,19.22,19.23,19.24,19.25,19.26,19.28,19.29,19.3,200,3200,1200,2700,2200,700,100,600,500,100,6500,8000,100,4100,4400,1200,1300,2100,2200,6600
243.0,19.19,152900,2920029.0,19.19,19.17,19.11,19.1,19.09,19.08,19.07,19.03,19.0,18.98,19.2,19.21,19.22,19.23,19.24,19.25,19.26,19.28,19.29,19.3,100,3200,1200,2700,2200,700,100,600,500,100,7000,8000,100,4100,4400,1200,1300,2100,2200,6600
244.0,19.19,153000,2921948.0,19.17,19.11,19.1,19.09,19.08,19.07,19.03,19.0,18.98,18.94,19.19,19.2,19.21,19.22,19.23,19.24,19.25,19.26,19.28,19.29,3200,1200,2700,2200,700,100,600,500,100,8100,300,7000,8000,100,4100,4400,1200,1300,2100,2200
245.0,19.17,153200,2925782.0,19.18,19.17,19.11,19.1,19.09,19.08,19.07,19.03,19.0,18.98,19.19,19.2,19.21,19.22,19.23,19.24,19.25,19.26,19.28,19.29,500,3000,1200,2700,2200,700,100,600,500,100,1100,7500,8000,100,4100,4400,1200,1300,2100,2200
246.0,19.19,153500,2931539.0,19.18,19.17,19.11,19.1,19.09,19.08,19.07,19.03,19.0,18.98,19.19,19.2,19.21,19.22,19.23,19.24,19.25,19.26,19.28,19.29,500,3000,1200,2700,2200,700,100,600,500,100,800,7500,8000,100,4100,4400,1200,1300,2100,2200
247.0,19.19,153500,2931539.0,19.18,19.17,19.11,19.1,19.09,19.08,19.07,19.03,19.0,18.98,19.19,19.2,19.21,19.22,19.23,19.24,19.25,19.26,19.28,19.29,500,3800,1200,2700,2200,700,100,600,500,100,800,7500,8000,100,4100,4400,1200,1300,2100,2200
248.0,19.18,153800,2937293.0,19.18,19.17,19.11,19.1,19.09,19.08,19.07,19.03,19.0,18.98,19.19,19.2,19.21,19.22,19.23,19.24,19.25,19.26,19.28,19.29,200,3800,1200,2700,2200,700,100,600,500,100,800,7500,8000,100,4100,4400,1200,1300,2100,2200
249.0,19.18,153800,2937293.0,19.18,19.17,19.11,19.1,19.09,19.08,19.07,19.03,19.0,18.98,19.19,19.2,19.21,19.22,19.23,19.24,19.25,19.26,19.28,19.29,200,3800,1200,2700,2200,700,100,600,500,100,800,7500,8000,100,4100,4400,1200,1300,2100,2200
250.0,19.2,155100,2962241.0,19.17,19.14,19.11,19.1,19.09,19.08,19.07,19.03,19.0,18.98,19.2,19.21,19.22,19.23,19.24,19.25,19.26,19.28,19.29,19.3,3800,600,1200,2700,2200,700,100,600,500,100,7200,8000,100,4100,4400,1200,1300,2100,2200,6600
251.0,19.2,155100,2962241.0,19.17,19.14,19.11,19.1,19.09,19.08,19.07,19.03,19.0,18.98,19.2,19.21,19.22,19.23,19.24,19.25,19.26,19.28,19.29,19.3,3800,600,1200,2700,2200,700,100,600,500,100,7200,8000,100,4100,4400,1200,1300,2100,2200,6600
252.0,19.2,155100,2962241.0,19.17,19.14,19.11,19.1,19.09,19.08,19.07,19.03,19.0,18.98,19.2,19.21,19.22,19.23,19.24,19.25,19.26,19.28,19.29,19.3,3800,600,1200,2700,2200,700,100,600,500,100,7200,8000,100,4100,4400,1200,1300,2100,2200,6600
253.0,19.17,155400,2967992.0,19.17,19.14,19.11,19.1,19.09,19.08,19.07,19.03,19.0,18.98,19.18,19.2,19.21,19.22,19.23,19.24,19.25,19.26,19.28,19.29,3500,600,1200,2700,2200,700,100,600,500,100,200,7200,8000,100,4100,4400,1200,1300,2100,2200
254.0,19.17,155400,2967992.0,19.17,19.14,19.11,19.1,19.09,19.08,19.07,19.03,19.0,18.98,19.18,19.2,19.21,19.22,19.23,19.24,19.25,19.26,19.28,19.29,3500,600,1200,2700,2200,700,100,600,500,100,200,7200,8000,100,4100,4400,1200,1300,2100,2200
255.0,19.17,155400,2967992.0,19.17,19.14,19.11,19.1,19.09,19.08,19.07,19.03,19.0,18.98,19.18,19.2,19.21,19.22,19.23,19.24,19.25,19.26,19.28,19.29,3500,600,1200,2700,2200,700,100,600,500,100,200,7200,8000,100,4100,4400,1200,1300,2100,2200
256.0,19.17,155700,2973743.0,19.17,19.14,19.11,19.1,19.09,19.08,19.07,19.03,19.0,18.98,19.18,19.2,19.21,19.22,19.23,19.24,19.25,19.26,19.28,19.29,3200,600,1200,2700,2200,700,100,600,500,100,200,7200,8000,200,4100,4400,1200,1300,2100,2200
257.0,19.17,156000,2979494.0,19.17,19.14,19.11,19.1,19.09,19.08,19.07,19.03,19.0,18.98,19.18,19.2,19.21,19.22,19.23,19.24,19.25,19.26,19.28,19.29,2900,600,1200,2700,2200,700,100,600,500,100,200,8000,8000,200,4100,4400,1200,1300,2100,2200
258.0,19.17,156000,2979494.0,19.17,19.14,19.11,19.1,19.09,19.08,19.07,19.03,19.0,18.98,19.18,19.19,19.2,19.21,19.22,19.23,19.24,19.25,19.26,19.28,2900,600,1200,2700,2200,700,100,600,500,100,200,700,8500,8000,200,4100,4400,1200,1300,2100
259.0,19.17,156200,2983328.0,19.17,19.14,19.11,19.1,19.09,19.08,19.07,19.03,19.0,18.98,19.18,19.19,19.2,19.21,19.22,19.23,19.24,19.25,19.26,19.28,1700,600,1200,2700,2200,700,100,600,500,100,200,700,8500,8000,200,4100,4400,1200,1300,7100
260.0,19.17,156200,2983328.0,19.17,19.14,19.11,19.1,19.09,19.08,19.07,19.03,19.0,18.98,19.18,19.19,19.2,19.21,19.22,19.23,19.24,19.25,19.26,19.28,1700,600,1200,2700,2200,700,100,600,500,100,200,700,9000,8000,200,4100,4400,1200,1300,7100
261.0,19.17,156200,2983328.0,19.17,19.14,19.11,19.1,19.09,19.08,19.07,19.03,19.0,18.98,19.18,19.19,19.2,19.21,19.22,19.23,19.24,19.25,19.26,19.28,1700,600,1200,2700,2200,700,100,600,500,100,200,700,9000,8000,200,4100,4400,1200,1300,7100
262.0,19.17,156500,2989079.0,19.17,19.14,19.11,19.1,19.09,19.08,19.07,19.03,19.0,18.98,19.19,19.2,19.21,19.22,19.23,19.24,19.25,19.26,19.28,19.29,1400,600,1200,2700,2200,700,100,600,500,100,700,9500,8000,200,4100,4400,1200,1300,7100,2200
263.0,19.17,156700,2992913.0,19.17,19.14,19.11,19.1,19.09,19.08,19.07,19.03,19.0,18.98,19.19,19.2,19.21,19.22,19.23,19.24,19.25,19.26,19.28,19.29,1200,600,1200,2700,2200,700,100,600,500,100,2200,9500,8000,200,4100,4400,1200,1300,7100,2200
264.0,19.17,156800,2994830.0,19.18,19.17,19.14,19.11,19.1,19.09,19.08,19.07,19.03,19.0,19.19,19.2,19.21,19.22,19.23,19.24,19.25,19.26,19.28,19.29,3300,1100,600,1200,2700,2200,700,100,600,500,2200,9500,8000,200,4100,4400,1200,1300,7100,2200
265.0,19.17,156800,2994830.0,19.18,19.17,19.14,19.11,19.1,19.09,19.08,19.07,19.03,19.0,19.19,19.2,19.21,19.22,19.23,19.24,19.25,19.26,19.28,19.29,3300,1100,600,1200,2700,2200,700,100,600,500,4800,19500,8000,200,4100,4400,1200,1300,7100,2200
266.0,19.18,168100,3211716.0,19.18,19.17,19.14,19.11,19.1,19.09,19.08,19.07,19.03,19.0,19.2,19.21,19.22,19.23,19.24,19.25,19.26,19.28,19.29,19.3,2000,1100,600,1200,2700,2200,700,100,600,500,14300,8000,200,4100,4400,1200,1300,7100,2200,6600
267.0,19.18,168100,3211716.0,19.18,19.17,19.15,19.14,19.11,19.1,19.09,19.08,19.07,19.03,19.2,19.21,19.22,19.23,19.24,19.25,19.26,19.28,19.29,19.3,2000,1100,2000,600,1200,2700,2200,700,100,600,14300,8000,200,4100,4400,1200,1300,7100,2200,6600
268.0,19.18,168100,3211716.0,19.18,19.17,19.15,19.14,19.11,19.1,19.09,19.08,19.07,19.03,19.2,19.21,19.22,19.23,19.24,19.25,19.26,19.28,19.29,19.3,2000,1100,2000,600,1200,2700,2200,700,100,600,14300,8000,200,4100,4400,1200,1300,7100,2200,6600
269.0,19.18,168100,3211716.0,19.19,19.18,19.17,19.15,19.14,19.11,19.1,19.09,19.08,19.07,19.2,19.21,19.22,19.23,19.24,19.25,19.26,19.28,19.29,19.3,1500,2000,1100,2000,600,1200,2700,2200,700,100,14300,8000,100,4100,4400,1200,1300,7100,2200,6600
270.0,19.19,168200,3213635.0,19.19,19.18,19.17,19.15,19.14,19.11,19.1,19.09,19.08,19.07,19.2,19.21,19.22,19.23,19.24,19.25,19.26,19.28,19.29,19.3,1500,2000,1100,2000,600,1200,2700,2200,700,100,14300,9000,100,4100,4500,1200,1300,7100,2200,6600
271.0,19.19,168300,3215554.0,19.19,19.18,19.17,19.15,19.14,19.11,19.1,19.09,19.08,19.07,19.2,19.21,19.22,19.23,19.24,19.25,19.26,19.28,19.29,19.3,1400,2000,1100,2000,600,1200,2700,2200,700,100,14300,9000,100,4100,4500,1200,1300,7100,2200,6600
272.0,19.19,168300,3215554.0,19.19,19.18,19.17,19.15,19.14,19.11,19.1,19.09,19.08,19.07,19.2,19.21,19.22,19.23,19.24,19.25,19.26,19.28,19.29,19.3,1600,2000,1100,2000,600,1200,2700,2200,700,100,14300,9000,100,4100,4500,1200,1300,7100,2200,6600
273.0,19.19,168700,3223230.0,19.19,19.18,19.17,19.15,19.14,19.11,19.1,19.09,19.08,19.07,19.2,19.21,19.22,19.23,19.24,19.25,19.26,19.28,19.29,19.3,1200,2000,1100,2000,600,1200,2700,2200,700,100,14300,9000,100,4100,4500,1200,1300,7100,2200,6600
274.0,19.19,168700,3223230.0,19.19,19.18,19.17,19.15,19.14,19.11,19.1,19.09,19.08,19.07,19.2,19.21,19.22,19.23,19.24,19.25,19.26,19.28,19.29,19.3,1200,2000,1100,2000,600,1200,2700,2200,700,100,14300,9000,100,4100,4500,1200,1300,7100,2200,6600
275.0,19.2,172600,3298104.0,19.19,19.18,19.17,19.15,19.14,19.11,19.1,19.09,19.08,19.07,19.2,19.21,19.22,19.23,19.24,19.25,19.26,19.28,19.29,19.3,600,2000,1100,2000,600,1200,2700,2200,700,100,11000,9000,100,4100,4500,1200,1300,7100,2200,6600
276.0,19.21,192600,3682194.0,19.21,19.2,19.19,19.18,19.17,19.15,19.14,19.11,19.1,19.09,19.22,19.23,19.24,19.25,19.26,19.28,19.29,19.3,19.35,19.38,500,1300,700,2000,1100,2000,600,1200,2700,2200,100,4100,4400,1200,1300,7100,2200,6600,20800,1000
277.0,19.23,193500,3699500.0,19.22,19.21,19.2,19.19,19.18,19.17,19.15,19.14,19.11,19.1,19.23,19.24,19.25,19.26,19.28,19.29,19.3,19.35,19.38,19.39,600,500,2400,700,2000,1100,2000,600,1200,2700,3300,4400,1200,1300,7100,2200,6600,20800,1000,100
278.0,19.23,195900,3745652.0,19.22,19.21,19.2,19.19,19.18,19.17,19.15,19.14,19.11,19.1,19.23,19.24,19.25,19.26,19.28,19.29,19.3,19.35,19.38,19.39,600,500,1400,700,2000,1100,2000,600,1200,2700,900,4400,1200,1300,7100,2200,6600,20800,1000,100
279.0,19.23,197200,3770635.0,19.2,19.19,19.18,19.17,19.15,19.14,19.11,19.1,19.09,19.08,19.23,19.24,19.25,19.26,19.28,19.29,19.3,19.35,19.38,19.39,1300,700,2000,1100,2000,600,1200,2700,2200,700,700,4400,1200,1300,7100,2200,6600,20800,1000,100
280.0,19.2,197300,3772555.0,19.2,19.19,19.18,19.17,19.15,19.14,19.11,19.1,19.09,19.08,19.23,19.24,19.25,19.26,19.28,19.29,19.3,19.35,19.38,19.39,1200,700,2000,1100,2000,600,1200,2700,2200,700,700,4400,1200,1300,7100,2200,6600,20800,1000,100
281.0,19.19,199300,3810947.0,19.18,19.17,19.15,19.14,19.11,19.1,19.09,19.08,19.07,19.0,19.23,19.24,19.25,19.26,19.28,19.29,19.3,19.35,19.38,19.39,2000,1100,2000,600,1200,2700,2200,700,100,500,700,4400,6200,1300,7100,2200,6600,20800,1000,100
282.0,19.19,199300,3810947.0,19.18,19.17,19.15,19.14,19.11,19.1,19.09,19.08,19.07,19.0,19.23,19.24,19.25,19.26,19.28,19.29,19.3,19.35,19.38,19.39,3200,1100,2000,600,1200,2700,2200,700,100,500,1900,4400,6200,1300,7100,2200,6600,20800,1000,100
283.0,19.23,200200,3828239.0,19.18,19.17,19.15,19.14,19.11,19.1,19.09,19.08,19.07,19.0,19.23,19.24,19.25,19.26,19.28,19.29,19.3,19.35,19.38,19.39,2900,1100,2000,600,1200,2700,2200,700,100,500,1300,4400,6200,1300,7100,2200,6000,20800,1000,100
284.0,19.23,202000,3862853.0,19.23,19.18,19.17,19.15,19.14,19.11,19.1,19.09,19.08,19.07,19.24,19.25,19.26,19.28,19.29,19.3,19.35,19.38,19.39,19.4,1400,3400,1100,2000,600,1200,2700,2200,700,100,4400,6200,1300,7100,2200,8000,20800,1000,100,500
285.0,19.23,203300,3887852.0,19.23,19.18,19.17,19.15,19.14,19.11,19.1,19.09,19.08,19.07,19.24,19.25,19.26,19.28,19.29,19.3,19.35,19.38,19.39,19.4,100,3400,800,2000,600,1200,2700,2200,700,100,4400,6200,1300,7100,2200,8000,20800,1000,100,500
286.0,19.23,203300,3887852.0,19.23,19.18,19.17,19.15,19.14,19.11,19.1,19.09,19.08,19.07,19.24,19.25,19.26,19.28,19.29,19.3,19.35,19.38,19.39,19.4,100,3400,800,2000,600,1200,2700,2200,700,100,4400,6200,1300,7100,2200,8000,20800,1000,100,500
287.0,19.23,203300,3887852.0,19.23,19.18,19.17,19.15,19.14,19.11,19.1,19.09,19.08,19.07,19.24,19.25,19.26,19.28,19.29,19.3,19.35,19.38,19.39,19.4,900,3400,800,2000,600,1200,2700,2200,700,100,4400,6200,1300,7100,2200,8000,20800,1000,100,500
288.0,19.24,203700,3895548.0,19.23,19.18,19.17,19.15,19.14,19.11,19.1,19.09,19.08,19.07,19.24,19.25,19.26,19.28,19.29,19.3,19.35,19.38,19.39,19.4,900,3400,800,2000,600,1200,2700,2200,700,100,4000,6200,1300,7100,2200,8000,20800,1000,100,500
289.0,19.24,203700,3895548.0,19.23,19.18,19.17,19.15,19.14,19.11,19.1,19.09,19.08,19.07,19.24,19.25,19.26,19.28,19.29,19.3,19.35,19.38,19.39,19.4,900,3400,800,2000,600,1200,2700,2200,700,100,4000,6200,1300,7100,2200,8000,20800,1000,100,500
290.0,19.24,203700,3895548.0,19.23,19.18,19.17,19.15,19.14,19.11,19.1,19.09,19.08,19.07,19.24,19.25,19.26,19.28,19.29,19.3,19.35,19.38,19.39,19.4,900,3400,800,2000,600,1200,2700,2200,700,100,4000,6200,1300,7100,2200,8000,20800,1000,100,500
291.0,19.23,204200,3905163.0,19.23,19.18,19.17,19.15,19.14,19.11,19.1,19.09,19.08,19.07,19.24,19.25,19.26,19.28,19.29,19.3,19.35,19.38,19.39,19.4,100,3400,800,2000,600,1200,2700,2200,700,100,4000,6200,1300,7100,2200,8000,20800,1000,100,500
292.0,19.23,204200,3905163.0,19.23,19.18,19.17,19.15,19.14,19.11,19.1,19.09,19.08,19.07,19.24,19.25,19.26,19.28,19.29,19.3,19.35,19.38,19.39,19.4,100,3400,800,2000,600,1200,2700,2200,700,100,4000,6200,1300,7100,2200,8000,20800,1000,100,500
293.0,19.23,204200,3905163.0,19.23,19.18,19.17,19.15,19.14,19.11,19.1,19.09,19.08,19.07,19.24,19.25,19.26,19.28,19.29,19.3,19.35,19.38,19.39,19.4,100,3400,800,2000,600,1200,2700,2200,700,100,4000,6200,1300,7100,2200,8000,20800,1000,100,500
294.0,19.24,204500,3910935.0,19.23,19.18,19.17,19.15,19.14,19.11,19.1,19.09,19.08,19.07,19.24,19.25,19.26,19.28,19.29,19.3,19.35,19.38,19.39,19.4,100,3400,800,2000,600,1200,2700,2200,700,100,3700,6200,1400,7100,2200,8000,20800,1000,100,500
295.0,19.24,204500,3910935.0,19.23,19.18,19.17,19.15,19.14,19.11,19.1,19.09,19.08,19.07,19.24,19.25,19.26,19.28,19.29,19.3,19.35,19.38,19.39,19.4,100,3400,800,2000,600,1200,2700,2200,700,100,3700,6200,1400,7100,2200,8000,20800,1000,100,500
296.0,19.23,204600,3912858.0,19.2,19.18,19.17,19.15,19.14,19.11,19.1,19.09,19.08,19.07,19.23,19.24,19.25,19.26,19.28,19.29,19.3,19.35,19.38,19.39,1400,3400,800,2000,600,1200,2700,2200,700,100,4900,3700,6200,1400,7100,2200,8000,20800,1000,100
297.0,19.2,204900,3918618.0,19.2,19.18,19.17,19.15,19.14,19.11,19.1,19.09,19.08,19.07,19.23,19.24,19.25,19.26,19.28,19.29,19.3,19.35,19.38,19.39,1100,3400,800,2000,600,1200,2700,2200,700,100,4900,3700,6200,1400,7100,2200,8000,20800,1000,100
298.0,19.2,204900,3918618.0,19.2,19.18,19.17,19.15,19.14,19.11,19.1,19.09,19.08,19.07,19.23,19.24,19.25,19.26,19.28,19.29,19.3,19.35,19.38,19.39,1100,3400,800,2000,600,1200,2700,2200,700,100,4900,3700,6200,1400,7100,2200,8000,20800,1000,100
299.0,19.2,204900,3918618.0,19.2,19.18,19.17,19.15,19.14,19.11,19.1,19.09,19.08,19.07,19.23,19.24,19.25,19.26,19.28,19.29,19.3,19.35,19.38,19.39,1100,3400,800,2000,1100,1200,2700,2200,700,100,4900,3700,6200,1400,7100,2200,8000,20800,1000,100
300.0,19.2,205000,3920538.0,19.2,19.18,19.15,19.14,19.11,19.1,19.09,19.08,19.07,19.0,19.23,19.24,19.25,19.26,19.28,19.29,19.3,19.35,19.38,19.39,1000,1700,2000,1100,1200,2700,2200,700,100,500,4900,3700,6200,1400,7100,2200,8000,20800,1000,100
301.0,19.2,205100,3922458.0,19.2,19.18,19.15,19.14,19.11,19.1,19.09,19.08,19.07,19.0,19.23,19.24,19.25,19.26,19.28,19.29,19.3,19.35,19.38,19.39,900,1700,2000,1100,1200,2700,2200,700,100,500,4900,3700,6200,1500,7100,2200,8000,20800,1000,100
302.0,19.2,205100,3922458.0,19.2,19.18,19.15,19.14,19.11,19.1,19.09,19.08,19.07,19.0,19.23,19.24,19.25,19.26,19.28,19.29,19.3,19.35,19.38,19.39,900,1700,2000,1100,1200,2700,2200,700,100,500,4900,3700,6200,1500,6100,2200,8000,20800,1000,100
303.0,19.2,205100,3922458.0,19.21,19.2,19.18,19.15,19.14,19.11,19.1,19.09,19.08,19.07,19.23,19.24,19.25,19.26,19.28,19.29,19.3,19.35,19.38,19.39,100,900,1700,2000,1100,1200,2700,2200,700,100,4900,3700,6200,1500,6100,2200,8000,20800,1000,100
304.0,19.2,205100,3922458.0,19.21,19.2,19.18,19.15,19.14,19.11,19.1,19.09,19.08,19.07,19.23,19.24,19.25,19.26,19.28,19.29,19.3,19.35,19.38,19.39,200,900,1700,2000,1100,1200,2600,2200,700,100,4900,3700,6200,1500,6100,2200,8000,20800,1000,100
305.0,19.23,205200,3924381.0,19.21,19.2,19.18,19.15,19.14,19.11,19.1,19.09,19.08,19.07,19.23,19.24,19.25,19.26,19.28,19.29,19.3,19.35,19.38,19.39,500,900,1700,2000,1100,1200,2600,2200,700,100,4800,3700,6200,1500,6100,2200,8000,20800,1000,100
306.0,19.23,205200,3924381.0,19.21,19.2,19.18,19.15,19.14,19.11,19.1,19.09,19.08,19.07,19.23,19.24,19.25,19.26,19.28,19.29,19.3,19.35,19.38,19.39,500,900,1700,2000,1100,1200,2600,2200,700,100,4800,3700,6200,1500,6100,2200,8000,20800,1000,100
307.0,19.26,221600,4239959.0,19.25,19.24,19.23,19.21,19.2,19.18,19.15,19.14,19.11,19.1,19.28,19.29,19.3,19.35,19.38,19.39,19.4,19.41,19.42,19.45,1400,2300,800,4000,900,1700,2000,1100,1200,2600,6100,2200,8000,20800,1000,100,500,1200,500,1500
308.0,19.24,227000,4343957.0,19.24,19.23,19.21,19.2,19.18,19.15,19.14,19.11,19.1,19.09,19.28,19.29,19.3,19.35,19.38,19.39,19.4,19.41,19.42,19.45,8700,4000,4000,900,1700,2000,1100,1200,2600,2200,3900,2200,8000,20800,1000,100,500,1200,500,1500
309.0,19.28,228500,4372837.0,19.24,19.23,19.21,19.2,19.18,19.15,19.14,19.11,19.1,19.09,19.28,19.29,19.3,19.35,19.38,19.39,19.4,19.41,19.42,19.45,7900,6300,4000,900,1700,2000,1100,1200,2600,2200,3400,2200,8000,20800,1000,100,500,1200,500,1500
310.0,19.28,228500,4372837.0,19.24,19.23,19.21,19.2,19.18,19.15,19.14,19.11,19.1,19.09,19.28,19.29,19.3,19.35,19.38,19.39,19.4,19.41,19.42,19.45,8500,7100,4000,900,1700,2000,1100,1200,2600,2200,3700,2200,8000,20800,1000,100,500,1200,500,1500
311.0,19.24,229500,4392077.0,19.24,19.23,19.21,19.2,19.18,19.15,19.14,19.11,19.1,19.09,19.28,19.29,19.3,19.35,19.38,19.39,19.4,19.41,19.42,19.45,7600,5500,4000,900,1800,2000,1100,1200,2600,2200,3700,2200,8500,20800,1000,100,500,1200,500,1500
312.0,19.25,229600,4394002.0,19.25,19.24,19.23,19.21,19.2,19.18,19.15,19.14,19.11,19.1,19.28,19.29,19.3,19.35,19.38,19.39,19.4,19.41,19.42,19.45,3400,7700,5500,4000,900,1800,2000,1100,1200,2600,4000,2200,8500,20800,1000,100,500,1200,500,1500
313.0,19.28,230200,4405555.0,19.25,19.24,19.23,19.21,19.2,19.18,19.15,19.14,19.11,19.1,19.28,19.29,19.3,19.35,19.38,19.39,19.4,19.41,19.42,19.45,2900,7700,5500,4000,900,1800,2000,1100,1200,2600,3900,2200,8500,20800,1000,100,500,1200,500,1500
314.0,19.28,230200,4405555.0,19.25,19.24,19.23,19.21,19.2,19.18,19.15,19.14,19.11,19.1,19.28,19.29,19.3,19.35,19.38,19.39,19.4,19.41,19.42,19.45,3100,7500,5500,4000,900,1800,2000,1100,1200,2600,3900,2200,8500,20800,1000,100,500,1200,500,1500
315.0,19.28,230200,4405555.0,19.25,19.24,19.23,19.21,19.2,19.18,19.15,19.14,19.11,19.1,19.28,19.29,19.3,19.35,19.38,19.39,19.4,19.41,19.42,19.45,3100,7500,4000,4000,900,1800,2000,1100,1200,2600,3900,2200,8500,20800,1000,100,500,1200,500,1500
316.0,19.25,230800,4417105.0,19.25,19.24,19.23,19.21,19.2,19.18,19.15,19.14,19.11,19.1,19.28,19.29,19.3,19.35,19.38,19.39,19.4,19.41,19.42,19.45,2600,7500,1700,4000,900,1800,2000,1100,1200,2600,3900,2200,8500,20800,1000,100,500,1200,500,1500
317.0,19.28,230900,4419033.0,19.25,19.24,19.23,19.21,19.2,19.18,19.15,19.14,19.11,19.1,19.28,19.29,19.3,19.35,19.38,19.39,19.4,19.41,19.42,19.45,2600,7300,1700,4000,900,1800,2000,1100,1200,2600,3800,2200,8500,20800,1000,100,500,1200,500,1500
318.0,19.28,230900,4419033.0,19.25,19.24,19.23,19.21,19.2,19.18,19.15,19.14,19.11,19.1,19.28,19.29,19.3,19.35,19.38,19.39,19.4,19.41,19.42,19.45,2600,7300,1700,4000,900,1800,2000,1100,1200,2600,3800,2200,18500,20800,1000,100,500,1200,500,1500
319.0,19.25,231100,4422883.0,19.25,19.24,19.23,19.21,19.2,19.18,19.15,19.14,19.11,19.1,19.28,19.29,19.3,19.35,19.38,19.39,19.4,19.41,19.42,19.45,2400,800,1700,4000,900,1800,2000,1100,1200,2600,4000,2200,18500,20800,1000,100,500,1200,500,1500
320.0,19.28,234200,4482639.0,19.26,19.25,19.24,19.23,19.21,19.2,19.18,19.15,19.14,19.11,19.28,19.29,19.3,19.35,19.38,19.39,19.4,19.41,19.42,19.45,3700,600,800,900,3600,900,1800,2000,1100,1200,2200,1000,18500,8700,1000,100,500,1200,500,1500
321.0,19.28,234200,4482639.0,19.26,19.25,19.24,19.23,19.21,19.2,19.18,19.15,19.14,19.11,19.28,19.29,19.3,19.35,19.38,19.39,19.4,19.41,19.42,19.45,3700,600,800,900,3600,900,1800,2000,1100,1200,2500,1000,19500,8700,1000,100,500,1200,500,1500
322.0,19.26,234500,4488417.0,19.26,19.25,19.24,19.23,19.21,19.2,19.18,19.15,19.14,19.11,19.28,19.29,19.3,19.35,19.38,19.39,19.4,19.41,19.42,19.45,3400,3800,800,100,3600,900,1800,2000,1100,1200,2500,4000,19500,8700,1000,100,500,1200,500,1500
323.0,19.28,237300,4542401.0,19.28,19.27,19.26,19.25,19.24,19.23,19.21,19.2,19.18,19.15,19.29,19.3,19.35,19.38,19.39,19.4,19.41,19.42,19.45,19.46,19400,200,3400,4300,800,100,3600,900,1800,2000,4000,19500,8700,1000,100,500,1200,500,1500,100
324.0,19.3,246400,4717981.0,19.29,19.28,19.27,19.26,19.25,19.24,19.23,19.21,19.2,19.18,19.3,19.35,19.38,19.39,19.4,19.41,19.42,19.45,19.46,19.48,7600,20900,200,3400,4300,800,100,3600,900,1800,14900,9400,1000,100,500,1200,500,1500,100,700
325.0,19.29,247200,4733413.0,19.29,19.28,19.27,19.26,19.25,19.24,19.21,19.2,19.18,19.15,19.3,19.35,19.38,19.39,19.4,19.41,19.42,19.45,19.46,19.48,6800,20900,200,3400,4300,800,3600,900,1800,2000,14900,9400,1000,100,500,1200,500,1500,100,700
326.0,19.3,267100,5117433.0,19.3,19.29,19.28,19.27,19.26,19.25,19.24,19.21,19.2,19.18,19.35,19.38,19.39,19.4,19.41,19.42,19.45,19.46,19.48,19.49,2100,2000,20900,200,3400,4300,700,3600,900,1800,9400,1000,100,500,1200,500,1500,100,700,1400
327.0,19.3,267100,5117433.0,19.3,19.29,19.28,19.27,19.26,19.25,19.24,19.21,19.2,19.18,19.35,19.38,19.39,19.4,19.41,19.42,19.45,19.46,19.48,19.49,2900,2000,20900,200,3400,4300,700,3600,900,1800,10200,1000,100,500,1200,500,1500,100,700,1400
328.0,19.28,273900,5248645.0,19.28,19.27,19.26,19.25,19.24,19.21,19.2,19.18,19.15,19.14,19.35,19.38,19.39,19.4,19.41,19.42,19.45,19.46,19.48,19.49,20400,200,3400,4300,600,100,900,1800,2000,1100,10900,1000,100,600,1200,500,1500,100,700,1400
329.0,19.28,273900,5248645.0,19.28,19.27,19.26,19.25,19.24,19.21,19.2,19.18,19.15,19.14,19.35,19.38,19.39,19.4,19.41,19.42,19.45,19.46,19.48,19.49,20400,200,3400,4300,600,100,900,1800,2000,1100,12300,1000,100,600,1200,500,1500,100,700,1400
330.0,19.28,273900,5248645.0,19.3,19.28,19.27,19.26,19.25,19.24,19.21,19.2,19.18,19.15,19.34,19.35,19.38,19.39,19.4,19.41,19.42,19.45,19.46,19.48,200,21800,200,3400,4300,600,100,900,1800,2000,500,12300,1000,100,600,1200,500,1500,100,700
331.0,19.3,274500,5260229.0,19.32,19.3,19.29,19.28,19.27,19.26,19.25,19.24,19.21,19.2,19.34,19.35,19.38,19.39,19.4,19.41,19.42,19.45,19.46,19.48,500,2800,100,21800,200,3400,4300,600,100,900,900,12300,1000,100,600,1200,500,1500,100,700
332.0,19.32,275100,5271821.0,19.3,19.29,19.28,19.27,19.26,19.25,19.24,19.21,19.2,19.18,19.32,19.34,19.35,19.38,19.39,19.4,19.41,19.42,19.45,19.46,2800,100,3500,200,3400,4300,600,100,900,1800,2000,900,12300,1000,100,600,1200,500,1500,100
333.0,19.32,275100,5271821.0,19.3,19.29,19.28,19.27,19.26,19.25,19.24,19.21,19.2,19.18,19.32,19.34,19.35,19.38,19.39,19.4,19.41,19.42,19.45,19.46,3900,100,3500,200,3400,4300,600,100,900,1800,2000,900,12300,1000,100,600,1200,500,1500,100
334.0,19.3,275400,5277611.0,19.3,19.29,19.28,19.27,19.26,19.25,19.24,19.21,19.2,19.18,19.32,19.34,19.35,19.38,19.39,19.4,19.41,19.42,19.45,19.46,3600,100,3500,200,3400,4300,600,100,900,1800,2000,900,12300,1000,100,600,1200,500,1500,100
335.0,19.32,275600,5281475.0,19.3,19.29,19.28,19.27,19.26,19.25,19.24,19.21,19.2,19.18,19.32,19.34,19.35,19.38,19.39,19.4,19.41,19.42,19.45,19.46,3600,100,3500,200,3400,4300,600,100,900,1800,2500,900,26700,1000,100,600,1200,500,1500,100
336.0,19.35,282700,5418734.0,19.3,19.29,19.28,19.27,19.26,19.25,19.24,19.21,19.18,19.15,19.35,19.38,19.39,19.4,19.41,19.42,19.45,19.46,19.48,19.49,3800,100,3500,200,3400,3900,600,100,1800,2000,26400,1000,100,600,1200,500,1500,100,700,1400
337.0,19.3,283000,5424524.0,19.3,19.29,19.28,19.27,19.26,19.25,19.24,19.21,19.18,19.15,19.35,19.38,19.39,19.4,19.41,19.42,19.45,19.46,19.48,19.49,3800,100,3500,200,3400,3900,600,100,1800,2000,26400,1000,100,600,1200,500,1500,100,700,1400
338.0,19.3,283300,5430314.0,19.3,19.29,19.28,19.27,19.26,19.25,19.24,19.21,19.18,19.15,19.35,19.38,19.39,19.4,19.41,19.42,19.45,19.46,19.48,19.49,4000,100,3500,200,3400,3900,600,100,1800,2000,27700,1000,100,600,1200,500,1500,100,700,1400
339.0,19.3,283300,5430314.0,19.31,19.3,19.29,19.28,19.27,19.26,19.25,19.24,19.21,19.18,19.35,19.38,19.39,19.4,19.41,19.42,19.45,19.46,19.48,19.49,800,5000,100,3500,200,3400,3900,600,100,1800,27700,1000,100,600,1200,500,1500,100,700,1400
340.0,19.35,284200,5447729.0,19.31,19.3,19.29,19.28,19.27,19.26,19.25,19.24,19.21,19.18,19.35,19.38,19.39,19.4,19.41,19.42,19.45,19.46,19.48,19.49,1300,5000,100,3500,200,3400,3900,600,100,1800,27500,1000,100,600,1200,500,1500,100,700,1400
341.0,19.35,284200,5447729.0,19.31,19.3,19.29,19.28,19.27,19.26,19.25,19.24,19.21,19.18,19.35,19.38,19.39,19.4,19.41,19.42,19.45,19.46,19.48,19.49,1300,5000,100,3500,200,3400,3900,600,100,1800,27500,1000,100,1100,1200,500,1500,100,700,1400
342.0,19.35,286600,5494169.0,19.31,19.3,19.29,19.28,19.27,19.26,19.25,19.24,19.21,19.18,19.35,19.38,19.39,19.4,19.41,19.42,19.45,19.46,19.48,19.49,1300,5000,100,3500,200,3400,3900,600,100,1800,26100,1000,100,1100,1200,500,1500,100,700,1400
343.0,19.3,293600,5629287.0,19.29,19.28,19.27,19.26,19.25,19.24,19.21,19.18,19.15,19.14,19.3,19.35,19.38,19.39,19.4,19.41,19.42,19.45,19.46,19.48,100,3500,200,3400,3900,600,100,1800,2000,1100,2300,26100,1000,100,1100,1200,500,500,100,700
344.0,19.3,293700,5631217.0,19.29,19.28,19.27,19.26,19.25,19.24,19.21,19.18,19.15,19.14,19.3,19.35,19.38,19.39,19.4,19.41,19.42,19.45,19.46,19.48,100,3800,200,3400,3900,600,100,1800,2000,1100,2200,26100,1000,1300,1100,1200,500,500,100,700
345.0,19.3,293700,5631217.0,19.29,19.28,19.27,19.26,19.25,19.24,19.21,19.18,19.15,19.14,19.3,19.35,19.38,19.39,19.4,19.41,19.42,19.45,19.46,19.48,100,3800,200,3400,3900,600,100,1800,2000,1100,2200,26100,1000,1300,1100,1200,500,500,100,700
346.0,19.34,301800,5787783.0,19.29,19.28,19.27,19.26,19.25,19.24,19.21,19.18,19.15,19.14,19.32,19.33,19.35,19.38,19.39,19.4,19.41,19.42,19.45,19.46,100,3800,200,3400,3900,600,100,1800,2000,1100,1100,1500,28400,1000,1300,1100,1200,500,500,100
347.0,19.34,301800,5787783.0,19.29,19.28,19.27,19.26,19.25,19.24,19.21,19.18,19.15,19.14,19.32,19.33,19.34,19.35,19.38,19.39,19.4,19.41,19.42,19.45,100,3800,200,3400,3900,600,100,1800,2000,1100,1100,1500,200,28400,1000,1300,1100,1200,500,500
348.0,19.34,301800,5787783.0,19.29,19.28,19.27,19.26,19.25,19.24,19.21,19.18,19.15,19.14,19.32,19.33,19.34,19.35,19.38,19.39,19.4,19.41,19.42,19.45,100,3800,200,3400,3900,600,100,1800,2000,1100,1100,1500,200,28400,1000,1300,1100,1200,500,500
349.0,19.34,301800,5787783.0,19.29,19.28,19.27,19.25,19.24,19.21,19.18,19.15,19.14,19.11,19.32,19.34,19.35,19.38,19.39,19.4,19.41,19.42,19.45,19.46,100,3800,200,3900,600,100,1800,2000,1100,1200,1100,300,28400,1000,1300,1100,1200,500,500,100
350.0,19.35,321800,6174747.0,19.29,19.28,19.27,19.25,19.24,19.21,19.18,19.15,19.14,19.11,19.35,19.38,19.39,19.4,19.41,19.42,19.45,19.46,19.48,19.49,100,3800,200,3900,600,100,2300,2000,1100,1200,9800,1000,1300,1100,1200,500,500,100,700,1400
351.0,19.29,322000,6178605.0,19.29,19.28,19.27,19.25,19.24,19.21,19.18,19.15,19.14,19.11,19.34,19.35,19.38,19.39,19.4,19.41,19.42,19.45,19.46,19.48,1300,3800,200,3900,600,100,2300,2000,1100,1200,200,13200,1000,1300,1100,1200,500,500,100,700
352.0,19.29,322100,6180534.0,19.29,19.28,19.27,19.25,19.24,19.21,19.18,19.15,19.14,19.11,19.31,19.32,19.33,19.34,19.35,19.38,19.39,19.4,19.41,19.42,2200,3800,200,3900,600,100,2300,2000,1100,1200,800,600,500,1000,13200,1000,1300,1100,1200,500
353.0,19.35,328300,6300422.0,19.29,19.28,19.27,19.25,19.24,19.21,19.18,19.15,19.14,19.11,19.35,19.38,19.39,19.4,19.41,19.42,19.45,19.46,19.48,19.49,3100,3800,200,3900,600,100,2300,2000,1100,1200,10100,1000,1300,1100,1200,500,500,100,700,1400
354.0,19.29,328900,6311996.0,19.29,19.28,19.27,19.25,19.24,19.21,19.18,19.15,19.14,19.11,19.34,19.35,19.38,19.39,19.4,19.41,19.42,19.45,19.46,19.48,2500,3800,200,3900,600,100,2300,2000,1100,1200,1500,10100,1000,1300,1100,1200,500,500,100,700
355.0,19.32,338300,6493604.0,19.33,19.29,19.28,19.27,19.25,19.24,19.21,19.18,19.15,19.14,19.34,19.35,19.38,19.39,19.4,19.41,19.42,19.45,19.46,19.48,22300,2900,4300,200,3900,600,100,2300,2000,1100,3000,10100,1000,1300,1100,1200,500,500,100,700
356.0,19.33,338800,6503269.0,19.33,19.32,19.29,19.28,19.27,19.25,19.24,19.21,19.18,19.15,19.34,19.35,19.38,19.39,19.4,19.41,19.42,19.45,19.46,19.48,21800,100,2900,4300,200,3900,600,100,2300,2000,3000,10100,1000,2300,1100,1200,500,500,100,700
357.0,19.33,342300,6570924.0,19.33,19.32,19.29,19.28,19.27,19.25,19.24,19.21,19.18,19.15,19.34,19.35,19.38,19.39,19.4,19.41,19.42,19.45,19.46,19.48,18300,200,2900,4300,200,3900,600,100,2300,2000,3000,10100,1000,2300,1100,1200,500,500,100,700
358.0,19.33,352700,6771956.0,19.33,19.32,19.29,19.28,19.27,19.25,19.24,19.21,19.18,19.15,19.34,19.35,19.38,19.39,19.4,19.41,19.42,19.45,19.46,19.48,7900,200,3400,4300,200,3900,600,100,2300,2000,3000,10100,1000,2300,1100,1200,500,500,100,700
359.0,19.32,360700,6926595.0,19.29,19.28,19.27,19.25,19.24,19.21,19.18,19.15,19.14,19.11,19.33,19.34,19.35,19.38,19.39,19.4,19.41,19.42,19.45,19.46,3400,4300,200,3900,600,100,2300,2000,600,1200,1400,3000,10100,1000,2300,1100,1200,500,500,100
360.0,19.29,361000,6932382.0,19.29,19.28,19.27,19.25,19.24,19.21,19.18,19.15,19.14,19.11,19.33,19.34,19.35,19.38,19.39,19.4,19.41,19.42,19.45,19.46,3100,4300,200,3900,600,100,2300,2000,600,1200,1300,3000,10600,1000,2300,1100,1200,500,500,100
361.0,19.29,361000,6932382.0,19.3,19.29,19.28,19.27,19.25,19.24,19.21,19.18,19.15,19.14,19.33,19.34,19.35,19.38,19.39,19.4,19.41,19.42,19.45,19.46,7400,3800,4300,200,3900,600,100,2300,2000,600,2000,3000,10600,1000,2300,1100,1200,500,500,100
362.0,19.3,361500,6942032.0,19.3,19.29,19.28,19.27,19.25,19.24,19.21,19.18,19.15,19.14,19.33,19.34,19.35,19.38,19.39,19.4,19.41,19.42,19.45,19.46,6900,3800,4300,200,3900,600,100,2300,2000,600,2000,3200,10600,1000,2300,1100,1200,500,500,100
363.0,19.3,361500,6942032.0,19.3,19.29,19.28,19.27,19.25,19.24,19.21,19.18,19.15,19.14,19.33,19.34,19.35,19.38,19.39,19.4,19.41,19.42,19.45,19.46,6900,3800,4300,200,3900,600,100,2300,2000,600,2000,3200,10600,1000,2300,1100,1200,500,500,100
364.0,19.32,361600,6943964.0,19.3,19.29,19.28,19.27,19.25,19.24,19.21,19.18,19.15,19.14,19.32,19.33,19.34,19.35,19.38,19.39,19.4,19.41,19.42,19.45,6900,3800,4300,200,3900,600,100,2300,2000,600,200,17100,3200,10600,1000,2300,4100,1200,500,500
365.0,19.29,370000,7106069.0,19.29,19.28,19.27,19.25,19.24,19.21,19.18,19.15,19.14,19.11,19.3,19.32,19.33,19.34,19.35,19.38,19.39,19.4,19.41,19.42,2300,4300,200,3900,600,100,2300,2000,600,1200,2100,100,16200,3200,10900,1000,2300,4100,1200,500
366.0,19.3,374800,7198656.0,19.28,19.27,19.25,19.24,19.21,19.18,19.15,19.14,19.11,19.1,19.3,19.32,19.33,19.34,19.35,19.38,19.39,19.4,19.41,19.42,2800,200,3900,600,100,2300,2000,600,1200,2600,1300,100,31200,3200,10900,1000,2300,4100,1200,500
367.0,19.28,375200,7206368.0,19.28,19.27,19.25,19.24,19.21,19.18,19.16,19.15,19.14,19.11,19.3,19.33,19.34,19.35,19.37,19.38,19.39,19.4,19.41,19.42,2400,200,3900,600,100,2300,500,2000,600,1200,1300,32200,3200,10900,1000,1000,2300,4100,1200,500
368.0,19.28,375600,7214080.0,19.28,19.27,19.25,19.24,19.21,19.18,19.16,19.15,19.14,19.11,19.3,19.33,19.34,19.35,19.37,19.38,19.39,19.4,19.41,19.42,2000,200,3900,600,100,2300,500,2000,600,1200,1200,32200,3200,10900,1000,1000,2300,4100,1200,500
369.0,19.28,376200,7225648.0,19.28,19.27,19.26,19.25,19.24,19.21,19.18,19.16,19.15,19.14,19.3,19.33,19.34,19.35,19.37,19.38,19.39,19.4,19.41,19.42,1400,200,400,3900,600,100,2300,500,2000,600,2200,18100,3200,10900,1000,1000,2300,4100,1200,500
370.0,19.28,376200,7225648.0,19.28,19.27,19.26,19.25,19.24,19.21,19.18,19.16,19.15,19.14,19.3,19.33,19.34,19.35,19.37,19.38,19.39,19.4,19.41,19.42,1400,200,400,3900,600,100,2300,500,2000,600,2000,18100,3200,10900,1000,1000,2300,4100,1200,500
371.0,19.28,376200,7225648.0,19.28,19.27,19.26,19.25,19.24,19.21,19.18,19.16,19.15,19.14,19.3,19.33,19.34,19.35,19.37,19.38,19.39,19.4,19.41,19.42,1400,200,600,3900,600,100,2300,500,2000,600,1000,18600,3200,10900,1000,1000,2300,4100,1200,500
372.0,19.28,376300,7227576.0,19.29,19.28,19.27,19.26,19.25,19.24,19.21,19.18,19.16,19.15,19.3,19.33,19.34,19.35,19.37,19.38,19.39,19.4,19.41,19.42,400,1300,200,600,3900,600,100,2300,500,2000,1000,18600,3200,10900,1000,1000,2300,4100,1200,500
373.0,19.28,378800,7275850.0,19.28,19.27,19.26,19.25,19.24,19.21,19.18,19.16,19.15,19.14,19.33,19.34,19.35,19.37,19.38,19.39,19.4,19.41,19.42,19.45,2500,600,400,3900,600,100,2300,500,2000,600,17600,3200,10900,1000,1000,2300,4100,1200,500,1500
374.0,19.28,379100,7281634.0,19.28,19.27,19.26,19.25,19.24,19.21,19.18,19.16,19.15,19.14,19.32,19.33,19.34,19.35,19.37,19.38,19.39,19.4,19.41,19.42,2200,600,400,3900,600,100,2300,500,2000,600,600,17700,3200,10900,1000,1000,2300,4100,1200,500
375.0,19.28,379300,7285490.0,19.28,19.27,19.26,19.25,19.24,19.21,19.18,19.16,19.15,19.14,19.32,19.33,19.34,19.35,19.37,19.38,19.39,19.4,19.41,19.42,2800,600,400,3900,600,100,2300,500,2000,600,1400,17700,3200,10900,1000,1000,2300,4100,1200,500
376.0,19.28,379400,7287418.0,19.28,19.27,19.26,19.25,19.24,19.21,19.18,19.16,19.15,19.14,19.32,19.33,19.34,19.35,19.37,19.38,19.39,19.4,19.41,19.42,2700,600,400,3900,600,100,2300,500,2000,600,1400,17700,3200,10900,1000,1000,1300,4100,1200,500
377.0,19.28,379400,7287418.0,19.28,19.27,19.26,19.25,19.24,19.21,19.18,19.16,19.15,19.14,19.32,19.33,19.34,19.35,19.37,19.38,19.39,19.4,19.41,19.42,3500,700,400,3900,600,100,2300,500,2000,600,2200,17700,3200,10900,1000,1000,1300,4100,1200,500
378.0,19.33,388800,7469028.0,19.28,19.27,19.26,19.25,19.24,19.21,19.18,19.16,19.15,19.14,19.3,19.33,19.34,19.35,19.37,19.38,19.39,19.4,19.41,19.42,2100,700,400,3900,600,100,2300,500,2000,600,500,11900,3200,10900,1000,1000,1300,4100,1200,500
379.0,19.3,390900,7509603.0,19.29,19.28,19.27,19.26,19.25,19.24,19.21,19.18,19.16,19.15,19.3,19.33,19.34,19.35,19.37,19.38,19.39,19.4,19.41,19.42,200,2100,300,400,3900,600,100,2300,500,2000,400,10400,3200,10900,1000,1000,1300,4100,1200,500
380.0,19.28,393100,7552021.0,19.28,19.27,19.26,19.25,19.24,19.21,19.18,19.16,19.15,19.14,19.29,19.3,19.33,19.34,19.35,19.37,19.38,19.39,19.4,19.41,100,300,500,3900,600,100,2300,500,2000,600,200,400,10400,3200,10900,1000,1000,1300,4100,1200
381.0,19.3,393400,7557809.0,19.28,19.27,19.26,19.25,19.24,19.21,19.18,19.16,19.15,19.14,19.3,19.33,19.34,19.35,19.37,19.38,19.39,19.4,19.41,19.42,100,300,500,3900,600,100,2300,500,2000,600,300,10400,3200,11400,1000,1000,1300,4100,1200,500
382.0,19.3,393700,7563599.0,19.28,19.27,19.26,19.25,19.24,19.21,19.18,19.16,19.15,19.14,19.33,19.34,19.35,19.37,19.38,19.39,19.4,19.41,19.42,19.45,100,1100,2500,3900,600,100,2300,500,2000,600,11200,3200,11400,1000,1000,1300,4100,1200,500,1500
383.0,19.25,407800,7835110.0,19.25,19.24,19.21,19.18,19.16,19.15,19.14,19.11,19.1,19.09,19.32,19.33,19.34,19.35,19.37,19.38,19.39,19.4,19.41,19.42,3800,600,100,2300,500,2000,600,1200,2600,2200,3000,12400,3200,11400,1000,1200,1300,4100,1200,500
384.0,19.25,407800,7835110.0,19.25,19.24,19.21,19.18,19.16,19.15,19.14,19.11,19.1,19.09,19.32,19.33,19.34,19.35,19.37,19.38,19.39,19.4,19.41,19.42,6000,600,100,2300,500,2000,600,1200,2600,2200,6200,12900,3200,11400,1000,1200,1300,4100,1200,500
385.0,19.25,408300,7844735.0,19.25,19.24,19.21,19.18,19.16,19.15,19.14,19.11,19.1,19.09,19.32,19.33,19.34,19.35,19.37,19.38,19.39,19.4,19.41,19.42,5500,600,100,2300,500,2000,600,1200,2600,2200,6800,12900,3200,11400,1000,1200,1300,4100,1200,500
386.0,19.25,408300,7844735.0,19.25,19.24,19.21,19.18,19.16,19.15,19.14,19.11,19.1,19.09,19.32,19.33,19.34,19.35,19.37,19.38,19.39,19.4,19.41,19.42,6300,800,100,2300,500,2000,600,1200,2600,2200,7600,12900,3200,11400,1000,1200,1300,4100,2500,500
387.0,19.32,413100,7937471.0,19.26,19.25,19.24,19.21,19.18,19.16,19.15,19.14,19.11,19.1,19.32,19.33,19.34,19.35,19.37,19.38,19.39,19.4,19.41,19.42,400,11000,800,100,2300,500,2000,600,1200,2600,5000,12900,3200,11400,1000,1200,1300,4100,2500,500
388.0,19.32,413100,7937471.0,19.26,19.25,19.24,19.21,19.18,19.16,19.15,19.14,19.11,19.1,19.32,19.33,19.34,19.35,19.37,19.38,19.39,19.4,19.41,19.42,400,11000,800,100,2300,500,2000,600,1200,2600,5000,12900,3200,11400,1000,1200,1300,4100,2500,500
389.0,19.32,413100,7937471.0,19.27,19.26,19.25,19.24,19.21,19.18,19.16,19.15,19.14,19.11,19.32,19.33,19.34,19.35,19.37,19.38,19.39,19.4,19.41,19.42,200,900,11000,800,100,2300,500,2000,600,1200,6400,12900,3200,11400,1000,1200,1300,4100,2500,500
390.0,19.32,413100,7937471.0,19.27,19.26,19.25,19.24,19.21,19.18,19.16,19.15,19.14,19.11,19.32,19.33,19.34,19.35,19.37,19.38,19.39,19.4,19.41,19.42,200,900,11000,800,100,2300,500,2000,600,1200,6900,12900,3200,11400,1000,1200,1300,4100,2500,500
391.0,19.32,413100,7937471.0,19.27,19.26,19.25,19.24,19.21,19.18,19.16,19.15,19.14,19.11,19.32,19.33,19.34,19.35,19.37,19.38,19.39,19.4,19.41,19.42,1100,900,11600,800,100,2300,500,2000,600,1200,7800,12900,3200,11400,1000,1200,1300,4100,2500,500
392.0,19.27,413200,7939398.0,19.27,19.26,19.25,19.24,19.21,19.18,19.16,19.15,19.14,19.11,19.32,19.33,19.34,19.35,19.37,19.38,19.39,19.4,19.41,19.42,1000,900,11600,800,100,2300,500,2000,600,1200,7800,12900,3200,11400,1000,1200,1300,4100,2500,500
393.0,19.27,413200,7939398.0,19.27,19.26,19.25,19.24,19.21,19.18,19.16,19.15,19.14,19.11,19.32,19.33,19.34,19.35,19.37,19.38,19.39,19.4,19.41,19.42,1000,900,12400,800,100,2300,500,2000,600,1200,10800,12900,3200,11400,1000,1200,1400,4100,2500,500
394.0,19.27,413200,7939398.0,19.27,19.26,19.25,19.24,19.21,19.18,19.16,19.15,19.14,19.11,19.32,19.33,19.34,19.35,19.37,19.38,19.39,19.4,19.41,19.42,1800,900,12200,800,100,2300,500,2000,600,1200,16600,12900,3200,11400,1000,1200,1400,4100,2500,500
395.0,19.27,415100,7976078.0,19.27,19.26,19.25,19.24,19.21,19.18,19.16,19.15,19.14,19.11,19.31,19.32,19.33,19.34,19.35,19.37,19.38,19.39,19.4,19.41,1500,900,11800,800,100,2300,500,2000,600,1200,400,16300,12900,3200,11400,1000,1200,1400,4100,2500
396.0,19.27,415100,7976078.0,19.27,19.26,19.25,19.24,19.21,19.18,19.16,19.15,19.14,19.11,19.31,19.32,19.33,19.34,19.35,19.37,19.38,19.39,19.4,19.41,1600,2900,11500,800,100,2300,500,2000,600,1200,400,16300,12900,3200,11400,1000,1200,1400,4100,2500
397.0,19.31,416900,8010768.0,19.26,19.25,19.24,19.21,19.18,19.16,19.15,19.14,19.11,19.1,19.31,19.32,19.33,19.34,19.35,19.37,19.38,19.39,19.4,19.41,2900,11500,800,100,2300,500,2000,600,1200,2600,300,17300,12900,3200,11400,1000,1200,1400,4100,2500
398.0,19.26,417100,8014620.0,19.26,19.25,19.24,19.21,19.18,19.15,19.14,19.11,19.1,19.09,19.31,19.32,19.33,19.34,19.35,19.37,19.38,19.39,19.4,19.41,2700,11500,800,100,2300,2000,600,1200,2600,2200,300,17300,12900,3200,11400,1000,1200,1400,4100,2500
399.0,19.26,417100,8014620.0,19.26,19.25,19.24,19.21,19.18,19.15,19.14,19.11,19.1,19.09,19.31,19.32,19.33,19.34,19.35,19.37,19.38,19.39,19.4,19.41,4000,11500,800,100,2300,2000,600,1200,2600,2200,1100,17300,12900,3200,11400,1000,1200,3400,4100,2500
400.0,19.26,417100,8014620.0,19.26,19.25,19.24,19.21,19.18,19.15,19.14,19.11,19.1,19.09,19.31,19.32,19.33,19.34,19.35,19.37,19.38,19.39,19.4,19.41,4000,11500,800,100,2300,2000,600,1200,2600,2200,1200,17300,13100,3200,11400,1000,1200,3400,4100,2500
401.0,19.26,418000,8031954.0,19.26,19.25,19.24,19.21,19.18,19.15,19.14,19.11,19.1,19.09,19.31,19.32,19.33,19.34,19.35,19.37,19.38,19.39,19.4,19.41,3800,11500,800,100,2300,2300,600,1200,2600,2200,2900,17300,13100,3200,11400,1000,1200,3400,4200,2500
402.0,19.31,419600,8062835.0,19.26,19.25,19.24,19.21,19.18,19.15,19.14,19.11,19.1,19.09,19.31,19.32,19.33,19.34,19.35,19.37,19.38,19.39,19.4,19.41,3500,11500,800,100,1800,2300,600,1200,2600,2200,1600,17300,13100,3200,12400,1000,1200,3400,4200,2500
403.0,19.26,419700,8064761.0,19.26,19.25,19.24,19.21,19.18,19.15,19.14,19.11,19.1,19.09,19.31,19.32,19.33,19.34,19.35,19.37,19.38,19.39,19.4,19.41,3400,11500,800,100,1800,2300,600,1200,2600,2200,1600,17300,13100,3200,12400,1000,1200,3400,4200,2500
404.0,19.26,419700,8064761.0,19.26,19.25,19.24,19.21,19.18,19.15,19.14,19.11,19.1,19.09,19.31,19.32,19.33,19.34,19.35,19.37,19.38,19.39,19.4,19.41,4100,11500,800,100,1800,2300,600,1200,2600,2200,2300,17300,13100,3200,12400,1000,1200,3400,4200,2500
405.0,19.26,420800,8085947.0,19.26,19.25,19.24,19.21,19.18,19.15,19.14,19.11,19.1,19.09,19.31,19.32,19.33,19.34,19.35,19.37,19.38,19.39,19.4,19.41,3000,11500,800,100,1800,2300,600,1200,2600,2200,11300,17300,13100,3200,12400,1000,1200,3400,4200,2500
406.0,19.26,420800,8085947.0,19.26,19.25,19.24,19.21,19.18,19.15,19.14,19.11,19.1,19.09,19.3,19.31,19.32,19.33,19.34,19.35,19.37,19.38,19.39,19.4,3700,12000,800,100,1800,2300,600,1200,2600,2200,2300,12000,17300,13100,3200,12100,1000,1200,3400,4200
407.0,19.26,421400,8097503.0,19.26,19.25,19.24,19.21,19.2,19.18,19.15,19.14,19.11,19.1,19.29,19.3,19.31,19.32,19.33,19.34,19.35,19.37,19.38,19.39,3100,12000,800,100,1000,1800,2300,600,1200,2600,100,2300,12000,17300,13100,3200,12100,1000,1200,3400
408.0,19.31,422200,8112919.0,19.26,19.25,19.24,19.21,19.2,19.18,19.15,19.14,19.11,19.1,19.31,19.32,19.33,19.34,19.35,19.37,19.38,19.39,19.4,19.41,2500,12000,800,100,1000,1800,2300,600,1200,2600,11900,17300,13100,3200,12100,1000,1200,3400,4300,2500
409.0,19.31,422200,8112919.0,19.26,19.25,19.24,19.21,19.2,19.18,19.15,19.14,19.11,19.1,19.31,19.32,19.33,19.34,19.35,19.37,19.38,19.39,19.4,19.41,4200,12000,800,100,1000,1800,2300,600,1200,2600,12600,17300,13100,3200,12100,1000,1200,3400,4300,2500
410.0,19.26,422300,8114845.0,19.26,19.25,19.24,19.21,19.2,19.18,19.15,19.14,19.11,19.1,19.31,19.32,19.33,19.34,19.35,19.37,19.38,19.39,19.4,19.41,4100,12000,800,100,1000,1800,2300,600,1200,2600,12600,17300,13100,3200,12100,1000,1200,3400,4300,2500
411.0,19.26,422700,8122549.0,19.26,19.25,19.24,19.21,19.2,19.18,19.15,19.14,19.11,19.1,19.31,19.32,19.33,19.34,19.35,19.37,19.38,19.39,19.4,19.41,4300,12000,800,100,1000,1800,2300,600,1200,2600,13200,17300,13100,3200,12100,1000,1200,3400,4300,2500
412.0,19.26,423900,8145661.0,19.26,19.25,19.24,19.21,19.2,19.18,19.15,19.14,19.11,19.1,19.31,19.32,19.33,19.34,19.35,19.37,19.38,19.39,19.4,19.41,3100,12000,800,100,1000,1800,2300,600,1200,2600,13200,17300,13100,3200,12100,1000,1200,3400,4300,2500
