LocalTime,LastPrice,TradeVolume,TradeValue,BidPrice1,BidPrice2,BidPrice3,BidPrice4,BidPrice5,BidPrice6,BidPrice7,BidPrice8,BidPrice9,BidPriceA,AskPrice1,AskPrice2,AskPrice3,AskPrice4,AskPrice5,AskPrice6,AskPrice7,AskPrice8,AskPrice9,AskPriceA,BidVolume1,BidVolume2,BidVolume3,BidVolume4,BidVolume5,BidVolume6,BidVolume7,BidVolume8,BidVolume9,BidVolumeA,AskVolume1,AskVolume2,AskVolume3,AskVolume4,AskVolume5,AskVolume6,AskVolume7,AskVolume8,AskVolume9,AskVolumeA
0.0,9.07,50700,459849.0,9.07,9.06,9.05,9.04,9.03,9.02,9.01,9.0,8.99,8.98,9.09,9.1,9.11,9.12,9.13,9.14,9.15,9.16,9.17,9.18,1100,11600,6800,4600,3000,11900,25300,13200,2500,3500,1800,1200,300,3500,1000,5000,3500,3000,5200,4000
1.0,9.07,56000,508094.0,9.07,9.06,9.05,9.04,9.03,9.02,9.01,9.0,8.99,8.98,9.12,9.13,9.14,9.15,9.16,9.17,9.18,9.19,9.2,9.21,900,11600,6800,4600,3000,11900,25300,13200,2500,3500,1700,1000,5000,3500,3000,5200,4000,10700,15700,3600
2.0,9.06,57200,518975.0,9.07,9.06,9.05,9.04,9.03,9.02,9.01,9.0,8.99,8.98,9.12,9.13,9.14,9.15,9.16,9.17,9.18,9.19,9.2,9.21,3000,11300,6800,4600,15000,11900,27300,15800,2500,3500,3100,1000,4000,3500,3000,5200,6000,10700,15700,3600
3.0,9.06,57200,518975.0,9.07,9.06,9.05,9.04,9.03,9.02,9.01,9.0,8.99,8.98,9.11,9.12,9.13,9.14,9.15,9.16,9.17,9.18,9.19,9.2,4000,11300,8000,4600,15200,11900,28300,16100,2500,16600,7100,3100,3000,5000,3500,3000,5200,6000,10700,16200
4.0,9.08,58600,531678.0,9.07,9.06,9.05,9.04,9.03,9.02,9.01,9.0,8.99,8.98,9.08,9.11,9.12,9.13,9.14,9.15,9.16,9.17,9.18,9.19,3700,11300,9000,5600,18200,11900,28300,16800,3000,3500,5200,7100,3100,3000,5000,3500,3000,5200,6000,10700
5.0,9.08,66000,598821.0,9.06,9.05,9.04,9.03,9.02,9.01,9.0,8.99,8.98,8.97,9.08,9.1,9.11,9.12,9.13,9.14,9.15,9.16,9.17,9.18,11300,10300,5600,21200,11900,33300,17000,3000,6500,6800,2900,5800,7100,3100,3000,5000,3500,3000,5200,6000
6.0,9.08,81100,735598.0,9.05,9.04,9.03,9.02,9.01,9.0,8.99,8.98,8.97,8.96,9.08,9.1,9.11,9.12,9.13,9.14,9.15,9.16,9.17,9.18,6800,5600,21200,11900,36600,22700,3000,6500,6800,4100,4700,5900,14400,3100,3000,5000,3500,4100,5200,6000
7.0,9.07,82300,746482.0,9.05,9.04,9.03,9.02,9.01,9.0,8.99,8.98,8.97,8.96,9.07,9.08,9.1,9.11,9.12,9.13,9.14,9.15,9.16,9.17,6800,5600,21200,11900,36300,23900,3000,6500,6800,4100,3200,4700,8900,17800,3100,24000,5000,4500,4100,5200
8.0,9.07,82700,750110.0,9.06,9.05,9.04,9.03,9.02,9.01,9.0,8.99,8.98,8.97,9.07,9.08,9.1,9.11,9.12,9.13,9.14,9.15,9.16,9.17,10000,8800,5600,21200,11900,36300,28900,3000,6500,6800,2800,4700,8900,14400,3100,24000,5800,4600,4100,5200
9.0,9.07,83800,760087.0,9.06,9.05,9.04,9.03,9.02,9.01,9.0,8.99,8.98,8.97,9.07,9.08,9.1,9.11,9.12,9.13,9.14,9.15,9.16,9.17,10000,8800,5600,21200,11900,36300,28900,3500,16500,6800,5000,4700,9100,14400,5600,24000,5800,4600,4100,5700
10.0,9.07,89000,807230.0,9.06,9.05,9.04,9.03,9.02,9.01,9.0,8.99,8.98,8.97,9.07,9.08,9.1,9.11,9.12,9.13,9.14,9.15,9.16,9.17,8600,8800,5600,21200,12400,36300,28900,3500,16500,6800,1900,5100,9200,14400,5600,24000,5800,4600,4100,5700
11.0,9.08,91600,830814.0,9.07,9.06,9.05,9.04,9.03,9.02,9.01,9.0,8.99,8.98,9.08,9.1,9.11,9.12,9.13,9.14,9.15,9.16,9.17,9.18,2000,9300,8800,5600,21200,12400,36300,28900,3500,16500,4800,9200,14400,5600,24000,5800,4600,4100,5700,7000
12.0,9.07,92800,841698.0,9.07,9.06,9.05,9.04,9.03,9.02,9.01,9.0,8.99,8.98,9.08,9.1,9.11,9.12,9.13,9.14,9.15,9.16,9.17,9.18,1000,9300,8800,5600,21200,12400,36300,28900,3500,16500,4600,9100,14400,5600,24000,5800,4600,4100,5700,7000
13.0,9.07,92800,841698.0,9.07,9.06,9.05,9.04,9.03,9.02,9.01,9.0,8.99,8.98,9.08,9.1,9.11,9.12,9.13,9.14,9.15,9.16,9.17,9.18,1000,9300,8800,5600,21200,12400,36300,28900,3500,16500,4600,9100,14400,9100,24000,5800,4600,4100,5700,7000
14.0,9.07,93800,850768.0,9.06,9.05,9.04,9.03,9.02,9.01,9.0,8.99,8.98,8.97,9.07,9.08,9.1,9.11,9.12,9.13,9.14,9.15,9.16,9.17,9300,8800,5600,21200,12400,36300,28900,3500,16500,6800,5600,4600,9000,14400,9100,24000,5800,4600,4100,5700
15.0,9.07,97300,882511.0,9.06,9.05,9.04,9.03,9.02,9.01,9.0,8.99,8.98,8.97,9.07,9.08,9.1,9.11,9.12,9.13,9.14,9.15,9.16,9.17,9100,8800,5600,21200,12400,36300,28900,3500,16500,6800,2500,4600,9000,14400,9100,24000,5800,4600,4100,5700
16.0,9.07,97300,882511.0,9.06,9.05,9.04,9.03,9.02,9.01,9.0,8.99,8.98,8.97,9.07,9.08,9.1,9.11,9.12,9.13,9.14,9.15,9.16,9.17,9100,8800,5600,21200,12400,36300,28900,3500,16500,6800,2500,4600,9000,14400,9100,24000,5800,4600,4100,5700
17.0,9.07,97300,882511.0,9.06,9.05,9.04,9.03,9.02,9.01,9.0,8.99,8.98,8.97,9.07,9.08,9.09,9.1,9.11,9.12,9.13,9.14,9.15,9.16,9100,8800,5600,21200,12400,36300,28900,3500,16500,6800,2500,4600,100,9000,14000,8100,24000,5800,4600,4100
18.0,9.07,97300,882511.0,9.06,9.05,9.04,9.03,9.02,9.01,9.0,8.99,8.98,8.97,9.07,9.08,9.09,9.1,9.11,9.12,9.13,9.14,9.15,9.16,9100,8800,5600,21200,12400,36300,28900,3500,16500,6800,2500,4600,100,9000,14000,8100,24000,5800,4600,4100
19.0,9.07,97300,882511.0,9.06,9.05,9.04,9.03,9.02,9.01,9.0,8.99,8.98,8.97,9.07,9.08,9.09,9.1,9.11,9.12,9.13,9.14,9.15,9.16,9100,8800,5600,21200,12400,36300,28900,3500,16500,6800,2500,4600,100,9000,14000,9100,24000,5800,4600,4100
20.0,9.07,97600,885232.0,9.06,9.05,9.04,9.03,9.02,9.01,9.0,8.99,8.98,8.97,9.07,9.08,9.09,9.1,9.11,9.12,9.13,9.14,9.15,9.16,9100,8800,5600,21200,12400,36300,28900,3500,16500,6800,2200,4600,100,9000,14000,9100,24000,5800,4600,4100
21.0,9.07,97600,885232.0,9.06,9.05,9.04,9.03,9.02,9.01,9.0,8.99,8.98,8.97,9.07,9.08,9.09,9.1,9.11,9.12,9.13,9.14,9.15,9.16,9200,8800,5600,21200,12400,36300,28900,3500,16500,6800,2200,4600,100,9000,14000,9100,24000,5800,4600,4100
22.0,9.07,97600,885232.0,9.06,9.05,9.04,9.03,9.02,9.01,9.0,8.99,8.98,8.97,9.07,9.08,9.09,9.1,9.11,9.12,9.13,9.14,9.15,9.16,9200,8800,5600,21200,12400,36300,28900,3500,16500,6800,2700,4600,100,9000,14000,9100,24000,5800,4600,4100
23.0,9.06,99000,897926.0,9.06,9.05,9.04,9.03,9.02,9.01,9.0,8.99,8.98,8.97,9.07,9.08,9.09,9.1,9.11,9.12,9.13,9.14,9.15,9.16,8800,8800,5600,21200,12400,36300,28900,3500,16500,6800,1900,4600,100,9000,14000,9100,24000,5800,4600,4100
24.0,9.06,99000,897926.0,9.06,9.05,9.04,9.03,9.02,9.01,9.0,8.99,8.98,8.97,9.07,9.08,9.09,9.1,9.11,9.12,9.13,9.14,9.15,9.16,8800,8800,5600,21200,12400,36300,28900,3500,16500,6800,1900,4600,100,9000,14000,9100,24000,5800,4600,4100
25.0,9.06,100300,909704.0,9.06,9.05,9.04,9.03,9.02,9.01,9.0,8.99,8.98,8.97,9.07,9.08,9.09,9.1,9.11,9.12,9.13,9.14,9.15,9.16,7500,8800,5600,21200,12400,36300,28900,3500,16500,6800,1900,4600,100,9000,14000,9100,24000,5800,4600,4100
26.0,9.06,105600,957722.0,9.06,9.05,9.04,9.03,9.02,9.01,9.0,8.99,8.98,8.97,9.07,9.08,9.09,9.1,9.11,9.12,9.13,9.14,9.15,9.16,2200,12100,5600,21200,12400,36300,28900,3500,16500,6800,2000,4600,100,9000,14000,9100,24000,5800,4600,4100
27.0,9.05,108200,981274.0,9.05,9.04,9.03,9.02,9.01,9.0,8.99,8.98,8.97,8.96,9.06,9.07,9.08,9.09,9.1,9.11,9.12,9.13,9.14,9.15,11700,8600,21200,12400,36300,28900,3500,16500,6800,4100,3500,2300,4600,400,9000,13700,9100,24000,5800,4600
28.0,9.05,108300,982179.0,9.05,9.04,9.03,9.02,9.01,9.0,8.99,8.98,8.97,8.96,9.06,9.07,9.08,9.09,9.1,9.11,9.12,9.13,9.14,9.15,11600,8600,21200,12400,36300,28900,3500,16500,6800,4100,5700,2300,4600,400,9000,13700,9100,24000,5800,4600
29.0,9.06,109300,991239.0,9.05,9.04,9.03,9.02,9.01,9.0,8.99,8.98,8.97,8.96,9.06,9.07,9.08,9.09,9.1,9.11,9.12,9.13,9.14,9.15,11700,8600,21200,12400,36300,28900,3500,16500,6800,4100,4700,4300,4600,400,9000,13700,9100,24000,5800,4600
30.0,9.06,109300,991239.0,9.05,9.04,9.03,9.02,9.01,9.0,8.99,8.98,8.97,8.96,9.06,9.07,9.08,9.09,9.1,9.11,9.12,9.13,9.14,9.15,11700,8600,21200,12400,36300,28900,3500,16500,6800,4100,4700,4300,4600,400,9000,13700,9100,24000,5800,4600
31.0,9.06,111300,1009348.0,9.05,9.04,9.03,9.02,9.01,9.0,8.99,8.98,8.97,8.96,9.06,9.07,9.08,9.09,9.1,9.11,9.12,9.13,9.14,9.15,10600,10000,21200,12400,36300,28900,3500,16500,6800,4100,3800,4300,4600,1700,9000,13700,9100,24000,5800,4600
32.0,9.05,111400,1010253.0,9.05,9.04,9.03,9.02,9.01,9.0,8.99,8.98,8.97,8.96,9.06,9.07,9.08,9.09,9.1,9.11,9.12,9.13,9.14,9.15,10500,10000,21200,12400,36300,28900,3500,16500,6800,4100,4700,4300,4600,1700,9000,13700,9100,24000,5800,4600
33.0,9.05,111400,1010253.0,9.05,9.04,9.03,9.02,9.01,9.0,8.99,8.98,8.97,8.96,9.06,9.07,9.08,9.09,9.1,9.11,9.12,9.13,9.14,9.15,13200,10000,21200,12400,36300,28900,3500,16500,6800,4100,4700,4300,4600,1700,9000,13700,9100,24000,5800,4600
34.0,9.03,135300,1226433.0,9.03,9.02,9.01,9.0,8.99,8.98,8.97,8.96,8.95,8.94,9.05,9.06,9.07,9.08,9.09,9.1,9.11,9.12,9.13,9.14,20600,12400,36300,28900,3500,16500,6800,4100,4300,2600,2500,6000,4300,4600,1700,9000,13700,9400,24000,5800
35.0,9.03,135300,1226433.0,9.03,9.02,9.01,9.0,8.99,8.98,8.97,8.96,8.95,8.94,9.04,9.05,9.06,9.07,9.08,9.09,9.1,9.11,9.12,9.13,20500,12400,36300,28900,3500,16500,6800,4100,4300,2600,1400,2400,8800,4300,4600,100,9000,13700,9400,24000
36.0,9.04,136100,1233665.0,9.03,9.02,9.01,9.0,8.99,8.98,8.97,8.96,8.95,8.94,9.04,9.05,9.06,9.07,9.08,9.09,9.1,9.11,9.12,9.13,20500,12400,36300,28900,3500,16500,6800,4100,4300,2600,700,4200,9300,4300,4600,100,9000,13700,9400,24000
37.0,9.04,138100,1251731.0,9.03,9.02,9.01,9.0,8.99,8.98,8.97,8.96,8.95,8.94,9.04,9.05,9.06,9.07,9.08,9.09,9.1,9.11,9.12,9.13,19100,12400,36300,28900,3500,16500,6800,4100,4300,2600,100,4200,9300,4300,4600,100,9000,13700,9400,24000
38.0,9.04,138100,1251731.0,9.03,9.02,9.01,9.0,8.99,8.98,8.97,8.96,8.95,8.94,9.05,9.06,9.07,9.08,9.1,9.11,9.12,9.13,9.14,9.15,19300,12400,36300,28900,3500,16500,6800,4100,4300,2600,4300,9300,4300,4600,9000,13700,9400,24000,5800,4600
39.0,9.03,138400,1254440.0,9.03,9.02,9.01,9.0,8.99,8.98,8.97,8.96,8.95,8.94,9.04,9.05,9.06,9.07,9.08,9.1,9.11,9.12,9.13,9.14,18900,12400,36300,28900,3500,16500,6800,4100,4300,2600,500,4500,8800,4300,4600,9000,13700,9400,24000,5800
40.0,9.03,138400,1254440.0,9.03,9.02,9.01,9.0,8.99,8.98,8.97,8.96,8.95,8.94,9.04,9.05,9.06,9.07,9.08,9.1,9.11,9.12,9.13,9.14,18900,12400,36300,28900,3500,16500,6800,4100,4300,2600,900,4500,8500,4300,4600,9000,13700,9400,24000,5800
41.0,9.03,138500,1255343.0,9.03,9.02,9.01,9.0,8.99,8.98,8.97,8.96,8.95,8.94,9.04,9.05,9.06,9.07,9.08,9.1,9.11,9.12,9.13,9.14,18800,12400,36300,28900,3500,16500,6800,4100,4300,2600,2500,4500,4600,4300,4600,9000,15700,9400,24000,5800
42.0,9.03,138500,1255343.0,9.03,9.02,9.01,9.0,8.99,8.98,8.97,8.96,8.95,8.94,9.04,9.05,9.06,9.07,9.08,9.1,9.11,9.12,9.13,9.14,18900,12400,36300,28900,3500,16500,6800,4100,4300,2600,2500,4500,4600,4300,4600,9000,15700,9400,24000,5800
43.0,9.04,140900,1277017.0,9.03,9.02,9.01,9.0,8.99,8.98,8.97,8.96,8.95,8.94,9.04,9.05,9.06,9.07,9.08,9.1,9.11,9.12,9.13,9.14,16700,12400,36300,28900,3500,16500,6800,4100,4300,2600,2700,4500,4600,4300,4600,9000,15700,9400,24000,5800
44.0,9.03,141300,1280629.0,9.03,9.02,9.01,9.0,8.99,8.98,8.97,8.96,8.95,8.94,9.04,9.05,9.06,9.07,9.08,9.1,9.11,9.12,9.13,9.14,16300,12400,36300,27900,3500,16500,6800,4100,4300,2600,2700,4500,3000,4300,4600,9000,15700,9400,24000,5800
45.0,9.03,141800,1285144.0,9.03,9.02,9.01,9.0,8.99,8.98,8.97,8.96,8.95,8.94,9.04,9.05,9.06,9.07,9.08,9.1,9.11,9.12,9.13,9.14,15800,12400,36300,27900,3500,16500,6800,4100,4300,2600,2700,4500,3000,4300,4600,9000,15700,9400,24000,5800
46.0,9.03,147400,1335714.0,9.03,9.02,9.01,9.0,8.99,8.98,8.97,8.96,8.95,8.94,9.04,9.05,9.06,9.07,9.08,9.1,9.11,9.12,9.13,9.14,10500,12400,36300,27900,3500,16500,6800,4100,4300,2600,2600,4500,3000,4300,4600,9000,15700,9400,24000,5800
47.0,9.03,148600,1346550.0,9.03,9.02,9.01,9.0,8.99,8.98,8.97,8.96,8.95,8.94,9.04,9.05,9.06,9.07,9.08,9.1,9.11,9.12,9.13,9.14,9300,12400,36300,27900,3500,16500,6800,4100,4300,2600,3100,4500,2800,4300,4600,9000,15700,9400,24000,5800
48.0,9.04,152700,1383614.0,9.04,9.03,9.02,9.01,9.0,8.99,8.98,8.97,8.96,8.95,9.05,9.06,9.07,9.08,9.1,9.11,9.12,9.13,9.14,9.15,5900,9300,12400,36700,27900,3500,16500,6800,4100,4300,4500,2800,4300,4600,11000,15700,9400,24000,5800,4600
49.0,9.04,158100,1432434.0,9.04,9.03,9.02,9.01,9.0,8.99,8.98,8.97,8.96,8.95,9.05,9.06,9.07,9.08,9.1,9.11,9.12,9.13,9.14,9.15,900,9300,13200,36700,27900,3500,16500,6800,4100,4300,4100,2800,4300,4600,11000,15700,9400,24000,5800,4600
50.0,9.03,160700,1455922.0,9.03,9.02,9.01,9.0,8.99,8.98,8.97,8.96,8.95,8.94,9.04,9.05,9.06,9.07,9.08,9.1,9.11,9.12,9.13,9.14,7800,13200,36700,27900,3500,16500,6800,4100,4300,2600,100,5000,2000,4300,4600,11000,15700,9400,24000,5800
51.0,9.04,160800,1456826.0,9.04,9.03,9.02,9.01,9.0,8.99,8.98,8.97,8.96,8.95,9.05,9.06,9.07,9.08,9.1,9.11,9.12,9.13,9.14,9.15,100,7800,13200,36700,27900,3500,16500,6800,4100,4300,5000,2000,4300,4600,11000,15700,9400,24000,5800,4600
52.0,9.05,162300,1470401.0,9.04,9.03,9.02,9.01,9.0,8.99,8.98,8.97,8.96,8.95,9.05,9.06,9.07,9.08,9.1,9.11,9.12,9.13,9.14,9.15,100,7800,13200,36700,27900,3500,16500,6800,4100,4300,4000,2000,4300,4600,11000,15700,9400,24000,5800,4600
53.0,9.03,162600,1473112.0,9.03,9.02,9.01,9.0,8.99,8.98,8.97,8.96,8.95,8.94,9.05,9.06,9.07,9.08,9.1,9.11,9.12,9.13,9.14,9.15,7800,13200,36700,27900,3500,16500,6800,4100,4300,2600,4100,2000,4300,4600,11000,15700,9400,24000,5800,4600
54.0,9.03,162600,1473112.0,9.03,9.02,9.01,9.0,8.99,8.98,8.97,8.96,8.95,8.94,9.05,9.06,9.07,9.08,9.1,9.11,9.12,9.13,9.14,9.15,7800,13200,36700,27900,3500,16500,6800,4100,4300,2600,4100,2000,4300,4600,11000,15700,9400,24000,5800,4600
55.0,9.05,163000,1476732.0,9.04,9.03,9.02,9.01,9.0,8.99,8.98,8.97,8.96,8.95,9.05,9.06,9.07,9.08,9.1,9.11,9.12,9.13,9.14,9.15,600,8000,13200,36700,27900,3500,16500,6800,4100,4300,3700,2000,4300,4600,11000,15700,9400,24000,5800,4600
56.0,9.04,169400,1534644.0,9.03,9.02,9.01,9.0,8.99,8.98,8.97,8.96,8.95,8.94,9.04,9.06,9.07,9.08,9.09,9.1,9.11,9.12,9.13,9.14,14800,13200,36700,27900,3500,16500,6800,4100,4300,2600,1500,2000,4300,4600,5000,11000,15700,9400,24000,5800
57.0,9.04,169400,1534644.0,9.03,9.02,9.01,9.0,8.99,8.98,8.97,8.96,8.95,8.94,9.04,9.06,9.07,9.08,9.09,9.1,9.11,9.12,9.13,9.14,14800,13200,36700,27900,3500,16500,7800,4100,4300,2600,1500,2000,4300,4600,5000,11000,15700,9400,24000,5800
58.0,9.04,169500,1535548.0,9.03,9.02,9.01,9.0,8.99,8.98,8.97,8.96,8.95,8.94,9.04,9.06,9.07,9.08,9.09,9.1,9.11,9.12,9.13,9.14,18500,13200,36700,27900,3500,16500,7800,4100,4300,2600,2100,2000,4300,4600,5000,11000,15700,9400,24000,5800
59.0,9.04,170200,1541876.0,9.03,9.02,9.01,9.0,8.99,8.98,8.97,8.96,8.95,8.94,9.04,9.06,9.07,9.08,9.09,9.1,9.11,9.12,9.13,9.14,20900,13200,36700,27900,3500,16500,7800,4100,4300,2600,2400,2000,4300,4600,5000,11000,15700,9400,24000,5800
60.0,9.04,170400,1543684.0,9.03,9.02,9.01,9.0,8.99,8.98,8.97,8.96,8.95,8.94,9.04,9.06,9.07,9.08,9.09,9.1,9.11,9.12,9.13,9.14,30900,13200,36700,27900,3500,16500,7800,4100,4300,2600,2200,2000,4300,4600,5000,11000,15700,9400,24000,5800
61.0,9.04,175600,1590662.0,9.04,9.03,9.02,9.01,9.0,8.99,8.98,8.97,8.96,8.95,9.06,9.07,9.08,9.09,9.1,9.11,9.12,9.13,9.14,9.15,400,27900,13200,36700,27900,3500,16500,7800,4100,4300,2000,4300,4600,5000,11000,15700,9400,24000,5800,4600
62.0,9.06,175800,1592474.0,9.04,9.03,9.02,9.01,9.0,8.99,8.98,8.97,8.96,8.95,9.06,9.07,9.08,9.09,9.1,9.11,9.12,9.13,9.14,9.15,1600,28900,13200,36700,28900,3500,16500,7800,4900,4300,3300,4300,4600,5000,11000,15700,9400,24000,5800,4600
63.0,9.03,182400,1652088.0,9.03,9.02,9.01,9.0,8.99,8.98,8.97,8.96,8.95,8.94,9.06,9.07,9.08,9.09,9.1,9.11,9.12,9.13,9.14,9.15,23900,13200,36700,28900,3500,16500,7800,4900,4300,2600,3300,4300,4600,5000,11000,15700,9400,24000,5800,4600
64.0,9.03,182400,1652088.0,9.03,9.02,9.01,9.0,8.99,8.98,8.97,8.96,8.95,8.94,9.06,9.07,9.08,9.09,9.1,9.11,9.12,9.13,9.14,9.15,23900,13700,36700,28900,3500,16500,7800,4900,6300,2600,3300,4300,4600,5000,11000,15700,9400,24000,5800,4600
65.0,9.06,182700,1654806.0,9.03,9.02,9.01,9.0,8.99,8.98,8.97,8.96,8.95,8.94,9.06,9.07,9.08,9.09,9.1,9.11,9.12,9.13,9.14,9.15,24000,13700,36700,28900,3500,16500,7800,4900,6300,2600,3800,4300,4600,5000,11000,15700,9400,24000,5800,4600
66.0,9.06,182700,1654806.0,9.03,9.02,9.01,9.0,8.99,8.98,8.97,8.96,8.95,8.94,9.06,9.07,9.08,9.09,9.1,9.11,9.12,9.13,9.14,9.15,24000,13700,36700,28900,3500,16500,7800,4900,6300,2600,3800,4300,4600,5000,11000,15700,9400,24000,5800,4600
67.0,9.06,182700,1654806.0,9.05,9.04,9.03,9.02,9.01,9.0,8.99,8.98,8.97,8.96,9.06,9.07,9.08,9.09,9.1,9.11,9.12,9.13,9.14,9.15,2100,100,24000,13700,36700,28900,3500,16500,7800,4900,3800,4300,4600,5000,11000,15700,9400,24000,5800,4600
68.0,9.06,184700,1672926.0,9.04,9.03,9.02,9.01,9.0,8.99,8.98,8.97,8.96,8.95,9.06,9.07,9.08,9.09,9.1,9.11,9.12,9.13,9.14,9.15,100,24100,13700,36700,28900,3500,16500,7800,4900,6300,1800,4300,4600,5000,11000,15700,9400,24000,5800,4600
69.0,9.06,184700,1672926.0,9.03,9.02,9.01,9.0,8.99,8.98,8.97,8.96,8.95,8.94,9.05,9.06,9.07,9.08,9.09,9.1,9.11,9.12,9.13,9.14,24100,13700,36700,28900,3500,16500,7800,4900,6300,2600,2300,3700,4300,4600,5000,11000,15700,9400,24000,5800
70.0,9.05,187000,1693741.0,9.03,9.02,9.01,9.0,8.99,8.98,8.97,8.96,8.95,8.94,9.06,9.07,9.08,9.09,9.1,9.11,9.12,9.13,9.14,9.15,24100,13700,36700,28900,3500,16500,7800,4900,6300,2600,3700,4300,4600,5000,11000,15700,9400,24000,5800,4600
71.0,9.05,187700,1700079.0,9.03,9.02,9.01,9.0,8.99,8.98,8.97,8.96,8.95,8.94,9.05,9.06,9.07,9.08,9.09,9.1,9.11,9.12,9.13,9.14,24300,13700,36700,28900,3500,16500,7800,4900,6300,2600,1200,1500,4300,4600,5000,11000,15700,9400,24000,5800
72.0,9.03,193000,1747938.0,9.03,9.02,9.01,9.0,8.99,8.98,8.97,8.96,8.95,8.94,9.05,9.06,9.07,9.08,9.09,9.1,9.11,9.12,9.13,9.14,20100,13700,36700,28900,3500,16500,7800,4900,6300,2600,1600,800,4300,4600,5000,11000,15700,9400,24000,5800
73.0,9.06,205900,1864767.0,9.06,9.05,9.04,9.03,9.02,9.01,9.0,8.99,8.98,8.97,9.07,9.08,9.09,9.1,9.11,9.12,9.13,9.14,9.15,9.16,4100,600,100,22000,13700,36700,28900,3500,16500,7800,4400,4600,5000,11000,15700,9400,24000,5800,4600,4100
74.0,9.06,210100,1902819.0,9.04,9.03,9.02,9.01,9.0,8.99,8.98,8.97,8.96,8.95,9.05,9.07,9.08,9.09,9.1,9.11,9.12,9.13,9.14,9.15,100,22000,13700,36700,28900,3500,16500,7800,4900,6300,200,4300,4600,5000,11000,15700,9400,24000,5800,4600
75.0,9.05,210300,1904629.0,9.05,9.04,9.03,9.02,9.01,9.0,8.99,8.98,8.97,8.96,9.07,9.08,9.09,9.1,9.11,9.12,9.13,9.14,9.15,9.16,300,1500,22000,13700,36700,28900,3500,29600,7800,4900,15300,4600,5000,11000,15700,9400,24000,5800,4600,4100
76.0,9.05,211100,1911869.0,9.04,9.03,9.02,9.01,9.0,8.99,8.98,8.97,8.96,8.95,9.07,9.08,9.09,9.1,9.11,9.12,9.13,9.14,9.15,9.16,2700,20000,13700,36700,28900,3500,29600,7800,4900,6300,15300,4600,5000,11000,15700,10400,24000,5800,4600,4100
77.0,9.05,211100,1911869.0,9.04,9.03,9.02,9.01,9.0,8.99,8.98,8.97,8.96,8.95,9.07,9.08,9.09,9.1,9.11,9.12,9.13,9.14,9.15,9.16,2800,20000,13700,36700,28900,3500,30600,7800,4900,6300,15300,4600,5000,11000,15700,10400,24000,5800,4600,4100
78.0,9.04,212500,1924558.0,9.04,9.03,9.02,9.01,9.0,8.99,8.98,8.97,8.96,8.95,9.07,9.08,9.09,9.1,9.11,9.12,9.13,9.14,9.15,9.16,2500,20000,13700,36700,28900,3500,30600,7800,4900,6300,13900,2500,5000,11000,15700,10400,24000,5800,4600,4100
79.0,9.04,212500,1924558.0,9.04,9.03,9.02,9.01,9.0,8.99,8.98,8.97,8.96,8.95,9.07,9.08,9.09,9.1,9.11,9.12,9.13,9.14,9.15,9.16,4100,20000,13700,37700,28900,3500,30600,7800,4900,6300,15400,2500,5000,11000,15700,10400,24000,5800,4600,4100
80.0,9.04,212500,1924558.0,9.04,9.03,9.02,9.01,9.0,8.99,8.98,8.97,8.96,8.95,9.07,9.08,9.09,9.1,9.11,9.12,9.13,9.14,9.15,9.16,4200,20000,13700,37700,28900,3500,30600,7800,4900,6300,15400,2500,5000,11000,15700,10400,24000,5800,4600,4100
81.0,9.07,213600,1934535.0,9.04,9.03,9.02,9.01,9.0,8.99,8.98,8.97,8.96,8.95,9.07,9.08,9.09,9.1,9.11,9.12,9.13,9.14,9.15,9.16,4200,20000,13700,37700,28900,3500,30600,7800,4900,6300,14300,2500,5000,11000,15700,10400,24000,5800,4600,4100
82.0,9.07,214700,1944512.0,9.04,9.03,9.02,9.01,9.0,8.99,8.98,8.97,8.96,8.95,9.07,9.08,9.09,9.1,9.11,9.12,9.13,9.14,9.15,9.16,4200,20000,13700,39700,33900,3500,30600,7800,4900,6300,13200,2500,5000,11000,15700,10400,24000,5800,4600,4100
83.0,9.07,214700,1944512.0,9.04,9.03,9.02,9.01,9.0,8.99,8.98,8.97,8.96,8.95,9.07,9.08,9.09,9.1,9.11,9.12,9.13,9.14,9.15,9.16,4200,20000,13700,39700,33900,3500,30600,7800,4900,6300,15800,2500,5000,12000,15700,10400,24000,5800,4600,4100
84.0,9.07,215800,1954489.0,9.04,9.03,9.02,9.01,9.0,8.99,8.98,8.97,8.96,8.95,9.06,9.07,9.08,9.09,9.1,9.11,9.12,9.13,9.14,9.15,4200,20000,13700,39700,33900,3500,30600,7800,4900,6300,7700,14700,2500,5000,12000,15700,10400,24000,5800,4600
85.0,9.07,215800,1954489.0,9.04,9.03,9.02,9.01,9.0,8.99,8.98,8.97,8.96,8.95,9.06,9.07,9.08,9.09,9.1,9.11,9.12,9.13,9.14,9.15,4200,20000,13700,39700,33900,3500,30600,7800,4900,6300,7700,14700,2500,5000,12000,15700,10400,24000,5800,4600
86.0,9.06,216600,1961737.0,9.05,9.04,9.03,9.02,9.01,9.0,8.99,8.98,8.97,8.96,9.06,9.07,9.08,9.09,9.1,9.11,9.12,9.13,9.14,9.15,400,6200,20000,13700,39700,34200,3500,30600,7800,4900,6900,14700,2500,5000,12000,15700,10400,24000,5800,4600
87.0,9.06,217200,1967173.0,9.05,9.04,9.03,9.02,9.01,9.0,8.99,8.98,8.97,8.96,9.06,9.07,9.08,9.09,9.1,9.11,9.12,9.13,9.14,9.15,400,5000,17900,13700,39700,34200,3500,30600,7800,4900,6300,14700,2500,5000,12000,15700,10400,24000,5800,4600
88.0,9.06,218700,1980763.0,9.05,9.04,9.03,9.02,9.01,9.0,8.99,8.98,8.97,8.96,9.06,9.07,9.08,9.09,9.1,9.11,9.12,9.13,9.14,9.15,400,5000,17900,13700,39700,34200,3500,30600,7800,4900,4800,14700,2500,5000,12000,15700,10400,24000,5800,4600
89.0,9.06,220700,1998883.0,9.05,9.04,9.03,9.02,9.01,9.0,8.99,8.98,8.97,8.96,9.06,9.07,9.08,9.09,9.1,9.11,9.12,9.13,9.14,9.15,600,5000,17700,13700,39700,34200,3500,30600,7800,4900,2800,14700,2500,5000,12000,15700,10400,24000,5800,4600
90.0,9.06,222800,2017909.0,9.05,9.04,9.03,9.02,9.01,9.0,8.99,8.98,8.97,8.96,9.06,9.07,9.08,9.09,9.1,9.11,9.12,9.13,9.14,9.15,600,5000,17700,13700,39700,34200,3500,30600,7800,4900,3900,11100,2500,5000,12000,15700,10400,24000,5800,4600
91.0,9.06,222800,2017909.0,9.05,9.04,9.03,9.02,9.01,9.0,8.99,8.98,8.97,8.96,9.06,9.07,9.08,9.09,9.1,9.11,9.12,9.13,9.14,9.15,2400,6800,17700,13700,39700,34200,3500,17500,7800,4900,3900,11100,2500,5000,12000,15700,10400,24000,5800,4600
92.0,9.06,225100,2038747.0,9.05,9.04,9.03,9.02,9.01,9.0,8.99,8.98,8.97,8.96,9.06,9.07,9.08,9.09,9.1,9.11,9.12,9.13,9.14,9.15,2600,6800,17700,13700,39700,34200,3500,17500,7800,4900,1600,11100,2500,5000,12000,15700,10400,24000,5800,4600
93.0,9.06,225100,2038747.0,9.05,9.04,9.03,9.02,9.01,9.0,8.99,8.98,8.97,8.96,9.06,9.07,9.08,9.09,9.1,9.11,9.12,9.13,9.14,9.15,2600,6800,17700,13700,39700,34200,3500,17500,7800,4900,1600,11100,2500,5000,12000,15700,10400,24000,5800,4600
94.0,9.05,225900,2045988.0,9.05,9.04,9.03,9.02,9.01,9.0,8.99,8.98,8.97,8.96,9.06,9.07,9.08,9.09,9.1,9.11,9.12,9.13,9.14,9.15,4000,6800,17700,13700,39700,34200,3000,17500,7800,4900,1500,11100,2500,5000,12000,15700,10400,24000,5800,4600
95.0,9.06,226400,2050518.0,9.05,9.04,9.03,9.02,9.01,9.0,8.99,8.98,8.97,8.96,9.06,9.07,9.08,9.09,9.1,9.11,9.12,9.13,9.14,9.15,4500,6800,17700,13700,39700,34200,3000,17500,7800,4900,1000,11100,2500,5000,12000,15700,10400,24000,5800,4600
96.0,9.06,226400,2050518.0,9.05,9.04,9.03,9.02,9.01,9.0,8.99,8.98,8.97,8.96,9.06,9.07,9.08,9.09,9.1,9.11,9.12,9.13,9.14,9.15,4500,11800,17700,13700,39700,34200,3000,17500,7800,4900,1000,11100,2500,5000,12000,15700,10400,24000,5800,4600
97.0,9.06,226600,2052330.0,9.05,9.04,9.03,9.02,9.01,9.0,8.99,8.98,8.97,8.96,9.06,9.07,9.08,9.09,9.1,9.11,9.12,9.13,9.14,9.15,4500,11800,17700,13700,39700,34200,3000,17500,7800,4900,800,11100,2500,5000,12000,15700,10400,24000,5800,4600
98.0,9.06,227400,2059578.0,9.06,9.05,9.04,9.03,9.02,9.01,9.0,8.99,8.98,8.97,9.07,9.08,9.09,9.1,9.11,9.12,9.13,9.14,9.15,9.16,4100,4500,11800,17700,13700,39700,34200,3000,17500,7800,11100,2500,4000,12000,15700,10400,24000,5800,4600,4100
99.0,9.06,230000,2083156.0,9.06,9.05,9.04,9.03,9.02,9.01,9.0,8.99,8.98,8.97,9.07,9.08,9.09,9.1,9.11,9.12,9.13,9.14,9.15,9.16,4400,4500,11800,17700,13700,39700,34200,3000,17500,7800,8900,2500,4000,12000,15700,10400,24000,5800,4600,4100
100.0,9.06,230000,2083156.0,9.06,9.05,9.04,9.03,9.02,9.01,9.0,8.99,8.98,8.97,9.07,9.08,9.09,9.1,9.11,9.12,9.13,9.14,9.15,9.16,4800,4500,11800,18500,13700,39700,34200,3000,17500,7800,8900,2500,3800,12000,15700,10400,24000,5800,4600,4100
101.0,9.06,231000,2092224.0,9.06,9.05,9.04,9.03,9.02,9.01,9.0,8.99,8.98,8.97,9.07,9.08,9.09,9.1,9.11,9.12,9.13,9.14,9.15,9.16,4700,4500,11800,18500,13700,39700,34200,3000,17500,7800,8100,2500,3800,12000,15700,10400,24000,5800,4600,4100
102.0,9.06,231000,2092224.0,9.06,9.05,9.04,9.03,9.02,9.01,9.0,8.99,8.98,8.97,9.07,9.08,9.09,9.1,9.11,9.12,9.13,9.14,9.15,9.16,4700,4500,11800,18500,13700,39700,34200,3000,17500,7800,8100,2500,3800,12000,15700,10400,24000,5800,4600,4100
103.0,9.06,231000,2092224.0,9.06,9.05,9.04,9.03,9.02,9.01,9.0,8.99,8.98,8.97,9.07,9.08,9.09,9.1,9.11,9.12,9.13,9.14,9.15,9.16,4700,4500,11800,18500,13700,39700,34200,3000,17500,7800,8100,2500,3800,12000,15700,10400,24000,6100,4600,4100
104.0,9.07,232900,2109457.0,9.06,9.05,9.04,9.03,9.02,9.01,9.0,8.99,8.98,8.97,9.07,9.08,9.09,9.1,9.11,9.12,9.13,9.14,9.15,9.16,4700,4500,11800,18500,13700,39700,34200,3000,17500,7800,6200,2500,3800,12000,15700,10400,24000,6100,4600,4100
105.0,9.07,239100,2165691.0,9.07,9.06,9.05,9.04,9.03,9.02,9.01,9.0,8.99,8.98,9.08,9.09,9.1,9.11,9.12,9.13,9.14,9.15,9.16,9.17,7000,4700,4500,11800,18500,13700,39700,47200,3000,17500,2500,3800,12000,15700,10400,24000,6100,4600,4100,5700
106.0,9.07,239100,2165691.0,9.07,9.06,9.05,9.04,9.03,9.02,9.01,9.0,8.99,8.98,9.08,9.09,9.1,9.11,9.12,9.13,9.14,9.15,9.16,9.17,7000,4700,4500,9800,18500,13700,39700,47200,3000,17500,2500,2000,12000,15700,10400,24000,6100,4600,4100,5700
107.0,9.07,240500,2178391.0,9.07,9.06,9.05,9.04,9.03,9.02,9.01,9.0,8.99,8.98,9.08,9.09,9.1,9.11,9.12,9.13,9.14,9.15,9.16,9.17,5800,5700,4900,9800,18500,13700,39700,47200,3000,17500,2300,2200,12000,15700,10400,24000,6100,4600,4100,5700
108.0,9.07,240500,2178391.0,9.07,9.06,9.05,9.04,9.03,9.02,9.01,9.0,8.99,8.98,9.08,9.09,9.1,9.11,9.12,9.13,9.14,9.15,9.16,9.17,5800,5700,14900,9800,19000,13700,39700,47200,3000,17500,2300,2000,12000,15700,10400,24000,6100,4600,4100,5700
109.0,9.07,240500,2178391.0,9.07,9.06,9.05,9.04,9.03,9.02,9.01,9.0,8.99,8.98,9.08,9.09,9.1,9.11,9.12,9.13,9.14,9.15,9.16,9.17,7800,5400,14900,9800,21000,13700,39700,47200,3000,17500,2300,2000,12000,15700,10400,24000,6100,4600,4100,5700
110.0,9.07,240500,2178391.0,9.07,9.06,9.05,9.04,9.03,9.02,9.01,9.0,8.99,8.98,9.08,9.09,9.1,9.11,9.12,9.13,9.14,9.15,9.16,9.17,7800,5400,14900,9800,21000,13700,39700,47200,3000,17500,2300,2000,12000,15700,10400,24000,6100,4600,4100,5700
111.0,9.08,241100,2183839.0,9.07,9.06,9.05,9.04,9.03,9.02,9.01,9.0,8.99,8.98,9.08,9.09,9.1,9.11,9.12,9.13,9.14,9.15,9.16,9.17,7800,5400,14900,9800,21000,13700,39700,47200,3000,17500,1700,2000,12000,15700,10400,24000,6100,4600,4100,5700
112.0,9.08,241100,2183839.0,9.07,9.06,9.05,9.04,9.03,9.02,9.01,9.0,8.99,8.98,9.08,9.09,9.1,9.11,9.12,9.13,9.14,9.15,9.16,9.17,7800,5400,14900,9800,21000,13700,39700,47200,3000,17500,1700,2000,12000,15700,10400,24000,6100,4600,4100,5700
113.0,9.08,241100,2183839.0,9.07,9.06,9.05,9.04,9.03,9.02,9.01,9.0,8.99,8.98,9.08,9.09,9.1,9.11,9.12,9.13,9.14,9.15,9.16,9.17,8000,5400,14700,9800,21000,13700,39700,47200,3000,17500,1700,2000,12000,15700,10400,24000,6100,4600,4100,5700
114.0,9.08,241200,2184747.0,9.07,9.06,9.05,9.04,9.03,9.02,9.01,9.0,8.99,8.98,9.08,9.09,9.1,9.11,9.12,9.13,9.14,9.15,9.16,9.17,8000,5400,14700,9800,21000,13700,39700,47200,3000,17500,1600,2000,12000,15700,10400,24000,6100,4600,4100,5700
115.0,9.08,241200,2184747.0,9.07,9.06,9.05,9.04,9.03,9.02,9.01,9.0,8.99,8.98,9.08,9.09,9.1,9.11,9.12,9.13,9.14,9.15,9.16,9.17,12400,5400,14700,9800,21500,13700,39700,47200,3000,17500,1600,2000,12000,15700,10400,24000,6100,4600,4100,5700
116.0,9.08,242800,2199275.0,9.08,9.07,9.06,9.05,9.04,9.03,9.02,9.01,9.0,8.99,9.09,9.1,9.11,9.12,9.13,9.14,9.15,9.16,9.17,9.18,900,12400,5400,14700,9800,21500,13700,39700,47200,3000,2000,12000,15700,12800,24000,6100,4600,4100,5700,7000
117.0,9.09,242900,2200184.0,9.08,9.07,9.06,9.05,9.04,9.03,9.02,9.01,9.0,8.99,9.09,9.1,9.11,9.12,9.13,9.14,9.15,9.16,9.17,9.18,900,12400,5400,14700,14800,21500,13700,39700,47200,3000,1900,12000,15700,12800,24000,6100,4600,4100,5700,7000
118.0,9.09,243000,2201093.0,9.08,9.07,9.06,9.05,9.04,9.03,9.02,9.01,9.0,8.99,9.09,9.1,9.11,9.12,9.13,9.14,9.15,9.16,9.17,9.18,900,14100,5400,14700,14800,21500,13700,39700,47200,3000,1800,12000,15700,12800,24000,6100,4600,4100,5700,7000
119.0,9.07,245000,2219242.0,9.07,9.06,9.05,9.04,9.03,9.02,9.01,9.0,8.99,8.98,9.09,9.1,9.11,9.12,9.13,9.14,9.15,9.16,9.17,9.18,13600,5400,14700,14800,21500,13700,40700,47200,3000,17500,1800,12000,15700,12800,24000,6100,4600,4100,5700,7000
120.0,9.07,255000,2309942.0,9.07,9.06,9.05,9.04,9.03,9.02,9.01,9.0,8.99,8.98,9.09,9.1,9.11,9.12,9.13,9.14,9.15,9.16,9.17,9.18,3600,14500,14700,13000,21500,13700,40700,47200,3000,17500,1800,22000,15700,12800,24000,6100,4600,4100,5700,7000
121.0,9.09,255100,2310851.0,9.07,9.06,9.05,9.04,9.03,9.02,9.01,9.0,8.99,8.98,9.09,9.1,9.11,9.12,9.13,9.14,9.15,9.16,9.17,9.18,3600,15700,14700,13000,21500,13700,40700,47200,3000,17500,2600,22000,15700,12800,24000,6100,4600,4100,5700,7000
122.0,9.09,255100,2310851.0,9.07,9.06,9.05,9.04,9.03,9.02,9.01,9.0,8.99,8.98,9.09,9.1,9.11,9.12,9.13,9.14,9.15,9.16,9.17,9.18,4100,17300,14700,13000,21500,13700,40700,47200,3000,17500,3000,22000,15700,12800,24000,6100,4600,4100,5700,7000
123.0,9.08,255900,2318120.0,9.07,9.06,9.05,9.04,9.03,9.02,9.01,9.0,8.99,8.98,9.08,9.09,9.1,9.11,9.12,9.13,9.14,9.15,9.16,9.17,4100,11400,14700,13000,21500,13700,40700,47200,3000,17500,100,2400,22000,15700,12800,24000,6100,4600,4100,5700
124.0,9.08,257800,2335354.0,9.07,9.06,9.05,9.04,9.03,9.02,9.01,9.0,8.99,8.98,9.09,9.1,9.11,9.12,9.13,9.14,9.15,9.16,9.17,9.18,2300,11500,14700,13000,21500,14200,40700,47200,3000,17500,2400,22000,15700,12800,24000,6100,4600,4100,5700,7000
125.0,9.08,257800,2335354.0,9.07,9.06,9.05,9.04,9.03,9.02,9.01,9.0,8.99,8.98,9.09,9.1,9.11,9.12,9.13,9.14,9.15,9.16,9.17,9.18,2400,10500,14700,13000,21500,14200,40700,47200,3000,17500,5100,22000,15700,12800,24000,6100,4600,4100,5700,7000
126.0,9.07,257900,2336261.0,9.07,9.06,9.05,9.04,9.03,9.02,9.01,9.0,8.99,8.98,9.09,9.1,9.11,9.12,9.13,9.14,9.15,9.16,9.17,9.18,2300,7500,14700,13000,21500,14200,38700,47200,3000,17500,5200,22000,15700,12800,24000,6100,4600,4100,5700,7000
127.0,9.07,257900,2336261.0,9.07,9.06,9.05,9.04,9.03,9.02,9.01,9.0,8.99,8.98,9.09,9.1,9.11,9.12,9.13,9.14,9.15,9.16,9.17,9.18,10100,13100,14700,13000,21500,14200,38700,47200,3000,17500,5700,22000,15700,12800,24400,6100,4600,4100,5700,7000
128.0,9.09,258400,2340806.0,9.07,9.06,9.05,9.04,9.03,9.02,9.01,9.0,8.99,8.98,9.09,9.1,9.11,9.12,9.13,9.14,9.15,9.16,9.17,9.18,10100,13200,14700,13000,21500,14200,38700,47200,3000,17500,5200,22000,15700,12800,24400,6100,4600,4100,5700,7000
129.0,9.07,261800,2371682.0,9.08,9.07,9.06,9.05,9.04,9.03,9.02,9.01,9.0,8.99,9.09,9.1,9.11,9.12,9.13,9.14,9.15,9.16,9.17,9.18,100,12500,15200,14700,13000,21500,14200,38700,47700,3000,4700,22000,15700,12800,24400,6100,4600,4100,5700,7000
130.0,9.07,261800,2371682.0,9.08,9.07,9.06,9.05,9.04,9.03,9.02,9.01,9.0,8.99,9.09,9.1,9.11,9.12,9.13,9.14,9.15,9.16,9.17,9.18,3500,12500,15200,14700,13000,21500,14200,38700,47700,3000,4700,22000,15700,12800,24400,6100,4600,4100,5700,7000
131.0,9.09,262200,2375318.0,9.08,9.07,9.06,9.05,9.04,9.03,9.02,9.01,9.0,8.99,9.09,9.1,9.11,9.12,9.13,9.14,9.15,9.16,9.17,9.18,3600,12500,15200,14700,13000,21500,14200,38700,47700,3000,4300,22000,15700,12800,24400,6100,4600,4100,5700,7000
132.0,9.09,262200,2375318.0,9.08,9.07,9.06,9.05,9.04,9.03,9.02,9.01,9.0,8.99,9.09,9.1,9.11,9.12,9.13,9.14,9.15,9.16,9.17,9.18,3700,12500,25200,15700,13000,21500,14200,38700,47700,3000,4300,22000,15700,12800,24400,6100,4600,4100,5700,7000
133.0,9.09,262200,2375318.0,9.08,9.07,9.06,9.05,9.04,9.03,9.02,9.01,9.0,8.99,9.09,9.1,9.11,9.12,9.13,9.14,9.15,9.16,9.17,9.18,3700,12500,25200,15700,13000,21500,14200,38700,47700,3000,4300,22000,15700,12800,24400,6100,4600,4100,5700,7000
134.0,9.09,264700,2398043.0,9.08,9.07,9.06,9.05,9.04,9.03,9.02,9.01,9.0,8.99,9.09,9.1,9.11,9.12,9.13,9.14,9.15,9.16,9.17,9.18,3700,12500,25200,15700,13000,21500,14200,38700,47700,3000,1800,22000,15700,12800,24400,6100,4600,4100,5700,7000
135.0,9.09,264800,2398952.0,9.08,9.07,9.06,9.05,9.04,9.03,9.02,9.01,9.0,8.99,9.09,9.1,9.11,9.12,9.13,9.14,9.15,9.16,9.17,9.18,3700,12500,25200,15700,13000,21500,14200,38700,47700,3000,1700,22000,15700,12800,24400,6100,4600,4100,5700,7000
136.0,9.09,264800,2398952.0,9.08,9.07,9.06,9.05,9.04,9.03,9.02,9.01,9.0,8.99,9.09,9.1,9.11,9.12,9.13,9.14,9.15,9.16,9.17,9.18,3700,12500,25200,15700,13000,21500,14200,38700,47700,3000,1700,22000,15700,12800,24400,6100,4600,4100,5700,7000
137.0,9.09,265800,2408042.0,9.08,9.07,9.06,9.05,9.04,9.03,9.02,9.01,9.0,8.99,9.09,9.1,9.11,9.12,9.13,9.14,9.15,9.16,9.17,9.18,3800,12500,24900,15700,13000,21500,14200,38700,47700,3000,700,22000,15700,12800,24400,6100,4600,4100,5700,7000
138.0,9.08,273400,2477051.0,9.08,9.07,9.06,9.05,9.04,9.03,9.02,9.01,9.0,8.99,9.09,9.1,9.11,9.12,9.13,9.14,9.15,9.16,9.17,9.18,3500,12500,24900,15700,13000,21500,14200,38700,47700,3000,600,22000,15700,12800,24400,6100,4600,4100,5700,7000
139.0,9.08,273400,2477051.0,9.08,9.07,9.06,9.05,9.04,9.03,9.02,9.01,9.0,8.99,9.09,9.1,9.11,9.12,9.13,9.14,9.15,9.16,9.17,9.18,200,12500,24900,15700,13000,21500,14200,38700,47700,3000,600,22000,15700,12800,24400,6100,4600,4100,5700,7000
140.0,9.08,273400,2477051.0,9.08,9.07,9.06,9.05,9.04,9.03,9.02,9.01,9.0,8.99,9.09,9.1,9.11,9.12,9.13,9.14,9.15,9.16,9.17,9.18,11000,12500,24900,15700,13000,19200,14200,38700,47700,3000,600,22000,15700,12800,24400,6100,4600,4100,5700,7000
141.0,9.08,273400,2477051.0,9.08,9.07,9.06,9.05,9.04,9.03,9.02,9.01,9.0,8.99,9.09,9.1,9.11,9.12,9.13,9.14,9.15,9.16,9.17,9.18,11000,12500,24900,5700,13000,19200,14200,38700,47700,3000,600,22000,15700,12800,24400,6100,4600,4100,5700,7000
142.0,9.08,273400,2477051.0,9.08,9.07,9.06,9.05,9.04,9.03,9.02,9.01,9.0,8.99,9.09,9.1,9.11,9.12,9.13,9.14,9.15,9.16,9.17,9.18,11200,12500,24900,5700,13000,19200,14200,38700,47700,3000,600,22000,15700,12800,24400,6100,4600,4100,5700,7000
143.0,9.09,274100,2483414.0,9.08,9.07,9.06,9.05,9.04,9.03,9.02,9.01,9.0,8.99,9.09,9.1,9.11,9.12,9.13,9.14,9.15,9.16,9.17,9.18,11800,12500,24800,6700,13000,19200,14200,38700,47700,3000,200,22000,15700,12800,24400,6100,4600,4100,5700,7000
144.0,9.09,274100,2483414.0,9.08,9.07,9.06,9.05,9.04,9.03,9.02,9.01,9.0,8.99,9.09,9.1,9.11,9.12,9.13,9.14,9.15,9.16,9.17,9.18,12300,12500,24800,6700,13000,19200,14200,38700,47700,3000,200,22000,15700,12800,24400,6100,4600,4100,5700,7000
145.0,9.09,274100,2483414.0,9.08,9.07,9.06,9.05,9.04,9.03,9.02,9.01,9.0,8.99,9.09,9.1,9.11,9.12,9.13,9.14,9.15,9.16,9.17,9.18,12300,12500,24800,6700,8100,19200,14200,38700,47700,3000,2500,22000,15700,12800,24400,6100,4600,4100,5700,7000
146.0,9.09,274800,2489777.0,9.08,9.07,9.06,9.05,9.04,9.03,9.02,9.01,9.0,8.99,9.09,9.1,9.11,9.12,9.13,9.14,9.15,9.16,9.17,9.18,12300,12500,24800,6700,10100,19200,14200,38700,47700,3000,1800,22000,15700,12800,24400,6100,5600,4100,5700,7000
147.0,9.09,274800,2489777.0,9.08,9.07,9.06,9.05,9.04,9.03,9.02,9.01,9.0,8.99,9.09,9.1,9.11,9.12,9.13,9.14,9.15,9.16,9.17,9.18,12300,12500,24800,6700,10100,19200,14200,38700,47700,3000,1800,22000,15700,12800,24400,6100,5600,4100,5700,7000
148.0,9.09,276700,2507048.0,9.08,9.07,9.06,9.05,9.04,9.03,9.02,9.01,9.0,8.99,9.09,9.1,9.11,9.12,9.13,9.14,9.15,9.16,9.17,9.18,12300,12500,24800,6700,10100,19200,14200,38700,47700,3000,1600,22000,15700,12800,24400,6100,5600,4100,5700,7000
149.0,9.09,277000,2509775.0,9.08,9.07,9.06,9.05,9.04,9.03,9.02,9.01,9.0,8.99,9.09,9.1,9.11,9.12,9.13,9.14,9.15,9.16,9.17,9.18,12400,12500,24800,6700,10100,19200,14200,38700,47700,3000,2300,22000,15700,12800,24400,6100,5600,4100,5700,7000
150.0,9.09,277000,2509775.0,9.08,9.07,9.06,9.05,9.04,9.03,9.02,9.01,9.0,8.99,9.09,9.1,9.11,9.12,9.13,9.14,9.15,9.16,9.17,9.18,12400,12500,22800,6700,10100,19200,14200,38700,47700,3000,2300,22000,15700,12800,24400,6100,5600,4100,5700,7000
151.0,9.09,277000,2509775.0,9.08,9.07,9.06,9.05,9.04,9.03,9.02,9.01,9.0,8.99,9.09,9.1,9.11,9.12,9.13,9.14,9.15,9.16,9.17,9.18,12400,12500,22800,6700,10100,16500,14200,38700,47700,3000,4400,22000,15700,12800,24400,6100,5600,4100,5700,7000
152.0,9.09,277400,2513411.0,9.08,9.07,9.06,9.05,9.04,9.03,9.02,9.01,9.0,8.99,9.09,9.1,9.11,9.12,9.13,9.14,9.15,9.16,9.17,9.18,16700,12500,22800,6700,10100,16500,14200,38700,47700,3000,4000,22000,15700,12800,24400,6100,5600,4100,5700,7000
153.0,9.08,279000,2527939.0,9.08,9.07,9.06,9.05,9.04,9.03,9.02,9.01,9.0,8.99,9.09,9.1,9.11,9.12,9.13,9.14,9.15,9.16,9.17,9.18,15100,12500,22800,6700,10100,16500,14200,38700,47700,3000,4000,22000,15700,12800,24400,6100,5600,4100,5700,7000
154.0,9.08,279000,2527939.0,9.08,9.07,9.06,9.05,9.04,9.03,9.02,9.01,9.0,8.99,9.09,9.1,9.11,9.12,9.13,9.14,9.15,9.16,9.17,9.18,15100,12500,22800,6700,9300,16500,14200,38700,47700,3000,4000,22000,15700,12800,24400,6100,5600,4100,5700,7000
155.0,9.09,280300,2539756.0,9.08,9.07,9.06,9.05,9.04,9.03,9.02,9.01,9.0,8.99,9.09,9.1,9.11,9.12,9.13,9.14,9.15,9.16,9.17,9.18,15100,7500,22800,6700,9300,16500,14200,38700,47700,3000,2700,22000,15700,12800,24400,6100,5600,4100,5700,7000
156.0,9.09,280300,2539756.0,9.08,9.07,9.06,9.05,9.04,9.03,9.02,9.01,9.0,8.99,9.09,9.1,9.11,9.12,9.13,9.14,9.15,9.16,9.17,9.18,15100,10000,22800,6700,9300,16500,14200,38700,47700,3000,2700,22000,15700,12800,24400,6100,5600,4100,5700,7000
157.0,9.09,280300,2539756.0,9.08,9.07,9.06,9.05,9.04,9.03,9.02,9.01,9.0,8.99,9.09,9.1,9.11,9.12,9.13,9.14,9.15,9.16,9.17,9.18,15100,10000,22800,6700,8800,16500,14200,38700,47700,3000,2700,22000,15700,12800,24400,6100,5600,4100,5700,7000
158.0,9.08,298000,2700497.0,9.07,9.06,9.05,9.04,9.03,9.02,9.01,9.0,8.99,8.98,9.08,9.09,9.1,9.11,9.12,9.13,9.14,9.15,9.16,9.17,10000,22800,6700,11000,16500,14200,36700,47700,3000,17500,3200,200,22000,15700,12800,24400,6100,5600,4100,5700
159.0,9.09,302900,2744991.0,9.09,9.07,9.06,9.05,9.04,9.03,9.02,9.01,9.0,8.99,9.1,9.11,9.12,9.13,9.14,9.15,9.16,9.17,9.18,9.19,1200,10000,22800,6700,11000,18500,14200,36700,47700,3000,22000,15700,12800,24400,6100,5600,4100,5700,7000,11500
160.0,9.1,303200,2747721.0,9.09,9.07,9.06,9.05,9.04,9.03,9.02,9.01,9.0,8.99,9.1,9.11,9.12,9.13,9.14,9.15,9.16,9.17,9.18,9.19,1200,10000,22800,6700,11000,18500,14200,36700,34700,3000,21700,15700,12800,24400,6100,5600,4100,5700,7000,11500
161.0,9.09,303500,2750448.0,9.09,9.07,9.06,9.05,9.04,9.03,9.02,9.01,9.0,8.99,9.1,9.11,9.12,9.13,9.14,9.15,9.16,9.17,9.18,9.19,900,10000,22800,6700,11000,18500,14200,36700,34700,3000,21700,15700,12800,24400,6100,5600,4100,5700,7000,11500
162.0,9.09,309900,2808634.0,9.09,9.07,9.06,9.05,9.04,9.03,9.02,9.01,9.0,8.99,9.1,9.11,9.12,9.13,9.14,9.15,9.16,9.17,9.18,9.19,500,10000,22800,6700,11000,18500,14200,36700,34700,3000,20700,15700,11400,24400,6100,5600,4100,5700,7000,11500
163.0,9.09,310400,2813179.0,9.07,9.06,9.05,9.04,9.03,9.02,9.01,9.0,8.99,8.98,9.09,9.1,9.11,9.12,9.13,9.14,9.15,9.16,9.17,9.18,10000,22800,6700,11000,18500,14200,36700,34700,3000,17500,600,20700,15700,11400,24400,6100,5600,4100,5700,7000
164.0,9.09,310400,2813179.0,9.07,9.06,9.05,9.04,9.03,9.02,9.01,9.0,8.99,8.98,9.09,9.1,9.11,9.12,9.13,9.14,9.15,9.16,9.17,9.18,10400,22800,6700,11000,18500,14200,36700,34700,3000,17500,1000,20700,15700,11400,24400,6100,5600,4100,5700,7000
165.0,9.09,311400,2822269.0,9.07,9.06,9.05,9.04,9.03,9.02,9.01,9.0,8.99,8.98,9.1,9.11,9.12,9.13,9.14,9.15,9.16,9.17,9.18,9.19,10400,22800,6700,11000,18500,14200,36700,34700,3000,17500,20700,15700,11400,24400,6100,5600,4100,5700,7000,11500
166.0,9.1,312500,2832279.0,9.07,9.06,9.05,9.04,9.03,9.02,9.01,9.0,8.99,8.98,9.09,9.1,9.11,9.12,9.13,9.14,9.15,9.16,9.17,9.18,11400,22800,6700,11000,18500,14200,36700,34700,3000,17500,14300,20600,15700,11400,24400,6100,5600,4100,5700,7000
167.0,9.1,312500,2832279.0,9.07,9.06,9.05,9.04,9.03,9.02,9.01,9.0,8.99,8.98,9.09,9.1,9.11,9.12,9.13,9.14,9.15,9.16,9.17,9.18,11800,22800,6700,11000,18500,14200,36700,34700,3000,17500,14700,20600,15700,11400,24400,6100,5600,4100,5700,7000
168.0,9.1,312500,2832279.0,9.07,9.06,9.05,9.04,9.03,9.02,9.01,9.0,8.99,8.98,9.09,9.1,9.11,9.12,9.13,9.14,9.15,9.16,9.17,9.18,11800,12800,6700,11000,18500,14200,36700,34700,3000,17500,14700,20600,15700,11400,24400,6100,5600,4100,5700,7000
169.0,9.07,316900,2872253.0,9.07,9.06,9.05,9.04,9.03,9.02,9.01,9.0,8.99,8.98,9.09,9.1,9.11,9.12,9.13,9.14,9.15,9.16,9.17,9.18,10700,12800,6700,11000,18500,14200,36700,34700,3000,17500,11800,20600,15700,11400,24400,6100,5600,4100,5700,7000
170.0,9.07,316900,2872253.0,9.07,9.06,9.05,9.04,9.03,9.02,9.01,9.0,8.99,8.98,9.09,9.1,9.11,9.12,9.13,9.14,9.15,9.16,9.17,9.18,21100,12800,6700,11000,18500,14200,36700,34700,3000,17500,12200,20600,15700,11400,24400,6100,5600,4100,5700,7000
171.0,9.07,316900,2872253.0,9.07,9.06,9.05,9.04,9.03,9.02,9.01,9.0,8.99,8.98,9.09,9.1,9.11,9.12,9.13,9.14,9.15,9.16,9.17,9.18,21100,12800,6700,11000,18500,14200,36700,34700,3000,17500,12200,20600,15700,11400,24400,6100,5600,4100,5700,7000
172.0,9.07,316900,2872253.0,9.07,9.06,9.05,9.04,9.03,9.02,9.01,9.0,8.99,8.98,9.09,9.1,9.11,9.12,9.13,9.14,9.15,9.16,9.17,9.18,21500,12800,5000,9300,18400,14200,36700,34700,3000,17500,12200,20600,15700,11400,24400,6100,5600,4100,5700,7000
173.0,9.09,318000,2882252.0,9.07,9.06,9.05,9.04,9.03,9.02,9.01,9.0,8.99,8.98,9.09,9.1,9.11,9.12,9.13,9.14,9.15,9.16,9.17,9.18,25000,12800,5000,9300,18400,14200,36700,34700,3000,17500,11100,20600,15700,11400,24400,6100,5600,4100,5700,7000
174.0,9.09,318000,2882252.0,9.07,9.06,9.05,9.04,9.03,9.02,9.01,9.0,8.99,8.98,9.09,9.1,9.11,9.12,9.13,9.14,9.15,9.16,9.17,9.18,25000,12800,5000,9300,18400,14200,36700,34700,3000,17500,11100,20600,15700,11400,24400,6100,5600,4100,5700,7000
175.0,9.09,318000,2882252.0,9.08,9.07,9.06,9.05,9.04,9.03,9.02,9.01,9.0,8.99,9.09,9.1,9.11,9.12,9.13,9.14,9.15,9.16,9.17,9.18,1000,21500,12800,5000,9300,18400,14200,31700,34700,3000,11100,20600,15700,11400,24400,6100,5600,4100,5700,7000
176.0,9.09,328400,2976788.0,9.08,9.07,9.06,9.05,9.04,9.03,9.02,9.01,9.0,8.99,9.09,9.1,9.11,9.12,9.13,9.14,9.15,9.16,9.17,9.18,4500,11500,12800,5000,9300,18400,14200,31700,34700,3000,700,20600,15700,11400,24400,6100,5600,4100,5700,7000
177.0,9.09,328400,2976788.0,9.08,9.07,9.06,9.05,9.04,9.03,9.02,9.01,9.0,8.99,9.09,9.1,9.11,9.12,9.13,9.14,9.15,9.16,9.17,9.18,4500,12700,12800,5000,9300,18400,14200,31700,34700,3000,700,20600,15700,11400,24400,6100,5600,4100,5700,7000
178.0,9.09,328400,2976788.0,9.08,9.07,9.06,9.05,9.04,9.03,9.02,9.01,9.0,8.99,9.09,9.1,9.11,9.12,9.13,9.14,9.15,9.16,9.17,9.18,8100,12700,12800,2900,9300,18400,14200,31700,34700,3000,700,20600,15700,11400,24400,6100,5600,4100,5700,7000
179.0,9.09,328400,2976788.0,9.08,9.07,9.06,9.05,9.04,9.03,9.02,9.01,9.0,8.99,9.09,9.1,9.11,9.12,9.13,9.14,9.15,9.16,9.17,9.18,8200,12700,13700,2900,9300,18400,14200,31700,34700,3000,700,20600,15700,11400,24400,6100,5600,4100,5700,7000
180.0,9.09,328400,2976788.0,9.08,9.07,9.06,9.05,9.04,9.03,9.02,9.01,9.0,8.99,9.09,9.1,9.11,9.12,9.13,9.14,9.15,9.16,9.17,9.18,8200,12700,13700,2900,9300,18400,14200,31700,34700,3000,700,20600,15700,11400,24400,6100,5600,4100,5700,7000
181.0,9.09,328600,2978606.0,9.08,9.07,9.06,9.05,9.04,9.03,9.02,9.01,9.0,8.99,9.09,9.1,9.11,9.12,9.13,9.14,9.15,9.16,9.17,9.18,1100,12700,13700,2900,9300,18400,14200,31700,35700,3000,500,20600,15700,11400,24400,6100,5600,4100,5700,7000
182.0,9.09,329100,2983151.0,9.09,9.08,9.07,9.06,9.05,9.04,9.03,9.02,9.01,9.0,9.1,9.11,9.12,9.13,9.14,9.15,9.16,9.17,9.18,9.19,800,1400,12700,13700,2900,9300,18400,14200,31700,35700,20600,15700,11400,24400,6100,5600,4100,5700,7000,11500
183.0,9.09,329100,2983151.0,9.09,9.08,9.07,9.06,9.05,9.04,9.03,9.02,9.01,9.0,9.1,9.11,9.12,9.13,9.14,9.15,9.16,9.17,9.18,9.19,800,1400,12700,13700,2900,9300,18400,14200,31700,35700,20600,15700,11400,24400,6100,5600,4100,5700,7000,11500
184.0,9.1,330100,2992251.0,9.09,9.08,9.07,9.06,9.05,9.04,9.03,9.02,9.01,9.0,9.1,9.11,9.12,9.13,9.14,9.15,9.16,9.17,9.18,9.19,800,1400,8400,13700,2900,9300,18400,14200,31700,40300,19600,15700,11400,24400,6100,5600,4100,5700,7000,12700
185.0,9.1,330100,2992251.0,9.09,9.08,9.07,9.06,9.05,9.04,9.03,9.02,9.01,9.0,9.1,9.11,9.12,9.13,9.14,9.15,9.16,9.17,9.18,9.19,800,3600,8400,13700,2900,9300,18400,14200,31700,40300,19600,15700,11400,24400,6100,5600,4100,5700,7000,12700
186.0,9.1,331100,3001351.0,9.09,9.08,9.07,9.06,9.05,9.04,9.03,9.02,9.01,9.0,9.1,9.11,9.12,9.13,9.14,9.15,9.16,9.17,9.18,9.19,800,3600,9400,13700,2900,9300,18400,14200,31700,40300,18600,15700,11400,24400,6100,5600,4100,5700,7000,12700
187.0,9.1,331100,3001351.0,9.09,9.08,9.07,9.06,9.05,9.04,9.03,9.02,9.01,9.0,9.1,9.11,9.12,9.13,9.14,9.15,9.16,9.17,9.18,9.19,1600,4500,9400,13700,2900,9300,18400,14200,31700,40300,18600,15700,11400,24400,6100,5600,4100,5700,7000,12700
188.0,9.08,335600,3042227.0,9.09,9.08,9.07,9.06,9.05,9.04,9.03,9.02,9.01,9.0,9.1,9.11,9.12,9.13,9.14,9.15,9.16,9.17,9.18,9.19,900,1600,9400,13700,2900,9300,18400,14200,31700,40300,18600,15700,11400,24400,6100,5600,4100,5700,7000,12700
189.0,9.09,337500,3059508.0,9.08,9.07,9.06,9.05,9.04,9.03,9.02,9.01,9.0,8.99,9.09,9.1,9.11,9.12,9.13,9.14,9.15,9.16,9.17,9.18,1600,9400,13700,2900,9300,18400,14200,31700,40300,3000,5700,17600,15700,12400,24400,6100,5600,4100,5700,7000
190.0,9.09,337500,3059508.0,9.08,9.07,9.06,9.05,9.04,9.03,9.02,9.01,9.0,8.99,9.09,9.1,9.11,9.12,9.13,9.14,9.15,9.16,9.17,9.18,1600,9400,13700,2900,9300,18400,14200,31700,40300,3000,5700,17600,15700,12400,24400,6100,5600,4100,5700,7000
191.0,9.07,344800,3125745.0,9.07,9.06,9.05,9.04,9.03,9.02,9.01,9.0,8.99,8.98,9.08,9.09,9.1,9.11,9.12,9.13,9.14,9.15,9.16,9.17,4300,12900,2900,9300,18400,14200,31700,40300,3000,17500,23100,7100,17600,15700,12400,24400,6100,5600,4100,5700
192.0,9.08,348100,3155709.0,9.07,9.06,9.05,9.04,9.03,9.02,9.01,9.0,8.99,8.98,9.08,9.09,9.1,9.11,9.12,9.13,9.14,9.15,9.16,9.17,4300,12900,2900,9300,18400,14200,31700,40300,3000,17500,19800,9100,17600,15700,12400,24400,6100,5600,4100,5700
193.0,9.08,348100,3155709.0,9.07,9.06,9.05,9.04,9.03,9.02,9.01,9.0,8.99,8.98,9.08,9.09,9.1,9.11,9.12,9.13,9.14,9.15,9.16,9.17,4300,12900,2900,9300,18400,14200,31700,40300,3000,17500,19800,9100,17600,15700,12400,24400,6100,5600,4100,5700
194.0,9.08,348100,3155709.0,9.07,9.06,9.05,9.04,9.03,9.02,9.01,9.0,8.99,8.98,9.08,9.09,9.1,9.11,9.12,9.13,9.14,9.15,9.16,9.17,4300,13000,2900,9300,18400,14200,31700,40300,3000,17500,22800,9100,17600,15700,12400,24400,6100,5600,4100,5700
195.0,9.08,349400,3167513.0,9.07,9.06,9.05,9.04,9.03,9.02,9.01,9.0,8.99,8.98,9.08,9.09,9.1,9.11,9.12,9.13,9.14,9.15,9.16,9.17,4300,13000,2900,9300,18400,14200,31700,40300,3000,17500,21500,9100,17600,15700,12400,24400,6100,5600,4100,5700
196.0,9.08,350500,3177501.0,9.07,9.06,9.05,9.04,9.03,9.02,9.01,9.0,8.99,8.98,9.08,9.09,9.1,9.11,9.12,9.13,9.14,9.15,9.16,9.17,6300,13000,2900,9300,18400,14200,31700,40300,3000,17500,3000,9100,17600,15700,12400,24400,6100,5600,4100,5700
197.0,9.08,350500,3177501.0,9.07,9.06,9.05,9.04,9.03,9.02,9.01,9.0,8.99,8.98,9.08,9.09,9.1,9.11,9.12,9.13,9.14,9.15,9.16,9.17,6300,13000,2900,9300,18400,14200,31700,40300,3000,17500,3000,9100,17600,15700,12400,24400,6100,5600,4100,5700
198.0,9.08,350800,3180225.0,9.07,9.06,9.05,9.04,9.03,9.02,9.01,9.0,8.99,8.98,9.08,9.09,9.1,9.11,9.12,9.13,9.14,9.15,9.16,9.17,6300,13000,2900,9300,18400,14200,31700,40300,3000,17500,2700,9100,17600,15700,12400,24400,6100,5600,4100,5700
199.0,9.08,351000,3182041.0,9.07,9.06,9.05,9.04,9.03,9.02,9.01,9.0,8.99,8.98,9.08,9.09,9.1,9.11,9.12,9.13,9.14,9.15,9.16,9.17,6300,13000,2900,9300,18400,14200,31700,40300,3000,17500,2500,9100,17600,15700,12400,24400,6100,5600,4100,5700
200.0,9.05,374400,3394067.0,9.05,9.04,9.03,9.02,9.01,9.0,8.99,8.98,8.97,8.96,9.08,9.09,9.1,9.11,9.12,9.13,9.14,9.15,9.16,9.17,13000,9300,18400,14200,31700,40300,3000,17500,7800,4900,2500,9100,17600,15700,12400,24400,6100,5600,4100,5700
201.0,9.05,374400,3394067.0,9.05,9.04,9.03,9.02,9.01,9.0,8.99,8.98,8.97,8.96,9.08,9.09,9.1,9.11,9.12,9.13,9.14,9.15,9.16,9.17,13000,9300,18400,14200,31700,40300,3000,17500,7800,4900,2500,9100,17600,15700,12400,24400,6100,5600,4100,5700
202.0,9.08,374600,3395883.0,9.05,9.04,9.03,9.02,9.01,9.0,8.99,8.98,8.97,8.96,9.08,9.09,9.1,9.11,9.12,9.13,9.14,9.15,9.16,9.17,22000,9300,18400,14200,31700,40300,3000,17500,7800,4900,4100,9100,17600,15700,12400,24400,6100,5600,4100,5700
203.0,9.08,375000,3399515.0,9.05,9.04,9.03,9.02,9.01,9.0,8.99,8.98,8.97,8.96,9.08,9.09,9.1,9.11,9.12,9.13,9.14,9.15,9.16,9.17,23100,9300,18400,14200,31700,40300,3000,17500,7800,4900,3700,9100,17600,15700,12400,24400,6100,5900,4100,5700
204.0,9.08,375700,3405871.0,9.05,9.04,9.03,9.02,9.01,9.0,8.99,8.98,8.97,8.96,9.08,9.09,9.1,9.11,9.12,9.13,9.14,9.15,9.16,9.17,24400,9300,18400,14200,31700,40300,3000,17500,7800,4900,4300,9100,17600,15700,12400,24400,6100,5900,4100,5700
205.0,9.08,376100,3409503.0,9.05,9.04,9.03,9.02,9.01,9.0,8.99,8.98,8.97,8.96,9.08,9.09,9.1,9.11,9.12,9.13,9.14,9.15,9.16,9.17,24900,9300,18400,14200,29700,40300,3000,17500,7800,4900,4400,9100,17600,15700,12400,24400,6100,5900,4100,5700
206.0,9.08,376500,3413135.0,9.05,9.04,9.03,9.02,9.01,9.0,8.99,8.98,8.97,8.96,9.08,9.09,9.1,9.11,9.12,9.13,9.14,9.15,9.16,9.17,25000,9300,18400,13400,29700,40300,3000,17500,7800,4900,4000,9100,17600,15700,12400,24400,6100,5900,4100,5700
207.0,9.05,378500,3431235.0,9.05,9.04,9.03,9.02,9.01,9.0,8.99,8.98,8.97,8.96,9.08,9.09,9.1,9.11,9.12,9.13,9.14,9.15,9.16,9.17,24200,9300,18400,13400,29700,40300,3000,17500,7800,4900,5200,9100,17600,15700,12400,24400,6100,5900,4100,5700
208.0,9.08,378600,3432143.0,9.06,9.05,9.04,9.03,9.02,9.01,9.0,8.99,8.98,8.97,9.08,9.09,9.1,9.11,9.12,9.13,9.14,9.15,9.16,9.17,7000,19700,9300,18400,13400,29700,40300,3000,17500,7800,5600,9100,17600,15700,12400,24400,6100,5900,4100,5700
209.0,9.08,379100,3436683.0,9.06,9.05,9.04,9.03,9.02,9.01,9.0,8.99,8.98,8.97,9.08,9.09,9.1,9.11,9.12,9.13,9.14,9.15,9.16,9.17,11900,21700,9300,18400,13400,29700,40300,3000,17500,7800,5100,9100,17600,15700,12400,24400,6100,5900,4100,5700
210.0,9.08,379100,3436683.0,9.06,9.05,9.04,9.03,9.02,9.01,9.0,8.99,8.98,8.97,9.08,9.09,9.1,9.11,9.12,9.13,9.14,9.15,9.16,9.17,11900,21600,9300,18400,13400,29700,40300,3000,17500,7800,5100,9100,17600,15700,12400,24400,6100,5900,4100,5700
211.0,9.08,379100,3436683.0,9.06,9.05,9.04,9.03,9.02,9.01,9.0,8.99,8.98,8.97,9.08,9.09,9.1,9.11,9.12,9.13,9.14,9.15,9.16,9.17,15400,21600,9300,18400,13400,29700,40300,3000,17500,7800,5100,9100,17600,15700,12400,24400,6100,5900,4100,5700
212.0,9.05,399100,3617837.0,9.06,9.05,9.04,9.03,9.02,9.01,9.0,8.99,8.98,8.97,9.08,9.09,9.1,9.11,9.12,9.13,9.14,9.15,9.16,9.17,100,19700,9300,18400,13400,29700,40300,3000,17500,7800,5300,9100,17600,15700,12400,24400,6100,5900,4100,5700
213.0,9.08,400100,3626917.0,9.06,9.05,9.04,9.03,9.02,9.01,9.0,8.99,8.98,8.97,9.08,9.09,9.1,9.11,9.12,9.13,9.14,9.15,9.16,9.17,100,19700,9300,18400,13400,29700,40300,3000,17500,7800,4300,9100,17600,15700,12400,24400,6100,5900,4100,5700
214.0,9.08,400100,3626917.0,9.06,9.05,9.04,9.03,9.02,9.01,9.0,8.99,8.98,8.97,9.08,9.09,9.1,9.11,9.12,9.13,9.14,9.15,9.16,9.17,300,19700,9300,18400,13400,29700,40300,3000,17500,7800,4300,9100,17600,15700,12400,24400,6100,5900,4100,5700
215.0,9.08,400100,3626917.0,9.06,9.05,9.04,9.03,9.02,9.01,9.0,8.99,8.98,8.97,9.08,9.09,9.1,9.11,9.12,9.13,9.14,9.15,9.16,9.17,300,19700,9300,18400,13400,29700,40300,3000,17500,7800,4300,9100,17600,15700,12400,24400,6100,5900,4100,5700
216.0,9.08,400900,3634181.0,9.06,9.05,9.04,9.03,9.02,9.01,9.0,8.99,8.98,8.97,9.08,9.09,9.1,9.11,9.12,9.13,9.14,9.15,9.16,9.17,300,19700,9300,18400,13400,29700,40300,3000,17500,6800,3500,9100,17600,15700,12400,24400,6100,5900,4100,5700
217.0,9.08,402900,3652341.0,9.06,9.05,9.04,9.03,9.02,9.01,9.0,8.99,8.98,8.97,9.08,9.09,9.1,9.11,9.12,9.13,9.14,9.15,9.16,9.17,300,19700,9300,18400,13400,29700,40300,3000,17500,6800,1500,9100,17600,15700,12400,24400,6100,5900,4100,5700
218.0,9.08,402900,3652341.0,9.06,9.05,9.04,9.03,9.02,9.01,9.0,8.99,8.98,8.97,9.08,9.09,9.1,9.11,9.12,9.13,9.14,9.15,9.16,9.17,300,21300,9300,18400,13400,29700,40300,3000,17500,6800,1500,9100,17600,15700,12400,24400,6100,5900,4100,5700
219.0,9.08,402900,3652341.0,9.06,9.05,9.04,9.03,9.02,9.01,9.0,8.99,8.98,8.97,9.08,9.09,9.1,9.11,9.12,9.13,9.14,9.15,9.16,9.17,300,21300,9300,18400,13400,28700,40300,3000,17500,6800,1500,9100,17600,15700,12400,24400,6100,5900,4100,5700
220.0,9.08,403100,3654157.0,9.06,9.05,9.04,9.03,9.02,9.01,9.0,8.99,8.98,8.97,9.08,9.09,9.1,9.11,9.12,9.13,9.14,9.15,9.16,9.17,300,21300,9300,18400,13400,28700,40300,3000,17500,6800,1300,9100,17600,15700,12400,24400,6100,5900,4100,5700
221.0,9.08,403900,3661421.0,9.06,9.05,9.04,9.03,9.02,9.01,9.0,8.99,8.98,8.97,9.08,9.09,9.1,9.11,9.12,9.13,9.14,9.15,9.16,9.17,300,21300,9300,18400,13400,28700,40300,3000,17500,6800,500,9100,17600,15700,12400,24400,6100,5900,4100,5700
222.0,9.09,405500,3675960.0,9.06,9.05,9.04,9.03,9.02,9.01,9.0,8.99,8.98,8.97,9.09,9.1,9.11,9.12,9.13,9.14,9.15,9.16,9.17,9.18,300,21300,9300,18400,13400,28700,40300,3000,17500,6800,8000,17600,15700,12400,24400,6100,5900,4100,5700,7000
223.0,9.09,405500,3675960.0,9.06,9.05,9.04,9.03,9.02,9.01,9.0,8.99,8.98,8.97,9.09,9.1,9.11,9.12,9.13,9.14,9.15,9.16,9.17,9.18,300,25400,9300,18400,13400,28700,40300,3000,17500,6800,8000,17600,15700,11400,24400,6100,5900,4100,5700,7000
224.0,9.09,406600,3685959.0,9.06,9.05,9.04,9.03,9.02,9.01,9.0,8.99,8.98,8.97,9.08,9.09,9.1,9.11,9.12,9.13,9.14,9.15,9.16,9.17,7400,25400,9300,18400,13400,28700,40300,3000,17500,6800,100,9000,17600,15700,11400,24400,6100,5900,4100,5700
225.0,9.09,406600,3685959.0,9.06,9.05,9.04,9.03,9.02,9.01,9.0,8.99,8.98,8.97,9.08,9.09,9.1,9.11,9.12,9.13,9.14,9.15,9.16,9.17,7400,25400,9300,18400,13400,28700,40300,3000,17500,6800,100,9000,17600,15700,11400,24400,6100,5900,4100,5700
226.0,9.08,407200,3691407.0,9.08,9.07,9.06,9.05,9.04,9.03,9.02,9.01,9.0,8.99,9.09,9.1,9.11,9.12,9.13,9.14,9.15,9.16,9.17,9.18,800,400,7400,25400,9300,18400,13400,28700,40300,3000,9000,17600,15700,11400,24400,6100,5900,4100,5700,7000
227.0,9.08,410700,3723214.0,9.07,9.06,9.05,9.04,9.03,9.02,9.01,9.0,8.99,8.98,9.08,9.09,9.1,9.11,9.12,9.13,9.14,9.15,9.16,9.17,400,7400,25400,9300,18400,13400,28700,40300,3000,17500,5200,6300,17600,15700,11400,24400,4100,5900,4100,5700
228.0,9.07,411600,3731382.0,9.06,9.05,9.04,9.03,9.02,9.01,9.0,8.99,8.98,8.97,9.08,9.09,9.1,9.11,9.12,9.13,9.14,9.15,9.16,9.17,7400,25400,9300,18400,13400,28700,40300,3000,17500,6800,4700,6300,17600,15700,11400,24400,4100,5900,4100,5700
229.0,9.07,411600,3731382.0,9.06,9.05,9.04,9.03,9.02,9.01,9.0,8.99,8.98,8.97,9.08,9.09,9.1,9.11,9.12,9.13,9.14,9.15,9.16,9.17,12400,25400,9300,18400,13400,28700,40300,3000,17500,6800,4700,6300,17600,15700,11400,24400,4100,5900,4100,5700
230.0,9.08,416300,3774058.0,9.08,9.06,9.05,9.04,9.03,9.02,9.01,9.0,8.99,8.98,9.09,9.1,9.11,9.12,9.13,9.14,9.15,9.16,9.17,9.18,600,12400,25400,9300,18400,13400,28700,40300,3000,17500,6300,17600,15700,11400,24400,4100,5900,4100,5700,7000
231.0,9.06,417400,3784036.0,9.06,9.05,9.04,9.03,9.02,9.01,9.0,8.99,8.98,8.97,9.09,9.1,9.11,9.12,9.13,9.14,9.15,9.16,9.17,9.18,21900,25400,9300,18400,13400,28700,40300,3000,17500,6800,6300,17600,15700,11400,24400,4100,5900,4100,5700,7000
232.0,9.09,418200,3791308.0,9.06,9.05,9.04,9.03,9.02,9.01,9.0,8.99,8.98,8.97,9.09,9.1,9.11,9.12,9.13,9.14,9.15,9.16,9.17,9.18,22800,25400,9300,18400,13400,28700,40300,3000,17500,6800,5500,17600,15700,11400,24400,4100,5900,4100,5700,7000
233.0,9.08,419600,3804027.0,9.08,9.06,9.05,9.04,9.03,9.02,9.01,9.0,8.99,8.98,9.09,9.1,9.11,9.12,9.13,9.14,9.15,9.16,9.17,9.18,300,25000,25400,9300,18400,13400,28700,40300,3000,17500,6600,17600,15700,11400,24400,4100,5900,4100,5700,7000
234.0,9.08,419600,3804027.0,9.08,9.06,9.05,9.04,9.03,9.02,9.01,9.0,8.99,8.98,9.09,9.1,9.11,9.12,9.13,9.14,9.15,9.16,9.17,9.18,300,25000,25400,9300,18400,13400,28700,40300,3000,17500,6600,17600,15700,11400,24400,4100,5900,4100,5700,7000
235.0,9.09,420200,3809481.0,9.08,9.06,9.05,9.04,9.03,9.02,9.01,9.0,8.99,8.98,9.09,9.1,9.11,9.12,9.13,9.14,9.15,9.16,9.17,9.18,300,25000,25400,9300,18400,13400,29500,40300,3000,17500,6000,17600,15700,11400,24400,4100,5900,4100,5700,7000
236.0,9.09,420200,3809481.0,9.08,9.06,9.05,9.04,9.03,9.02,9.01,9.0,8.99,8.98,9.09,9.1,9.11,9.12,9.13,9.14,9.15,9.16,9.17,9.18,300,26100,25400,9300,18400,13400,29500,40300,3000,17500,6000,17600,15700,11400,24400,4100,5900,4100,5700,7000
237.0,9.09,420200,3809481.0,9.08,9.06,9.05,9.04,9.03,9.02,9.01,9.0,8.99,8.98,9.09,9.1,9.11,9.12,9.13,9.14,9.15,9.16,9.17,9.18,300,26100,25400,9300,18400,13400,29500,40300,3000,17500,6000,17600,15700,11400,24400,4100,5900,4100,5700,7000
238.0,9.09,420200,3809481.0,9.08,9.06,9.05,9.04,9.03,9.02,9.01,9.0,8.99,8.98,9.09,9.1,9.11,9.12,9.13,9.14,9.15,9.16,9.17,9.18,300,26100,25400,9300,18400,13400,29500,40300,3000,17500,6000,17600,15700,11400,24400,4100,5900,4100,5700,7000
239.0,9.09,421500,3821298.0,9.08,9.06,9.05,9.04,9.03,9.02,9.01,9.0,8.99,8.98,9.09,9.1,9.11,9.12,9.13,9.14,9.15,9.16,9.17,9.18,300,26100,25400,9300,18400,13400,29500,40300,3000,17500,4700,17600,15700,11400,24400,4100,5900,4100,5700,7000
240.0,9.08,423200,3836734.0,9.08,9.06,9.05,9.04,9.03,9.02,9.01,9.0,8.99,8.98,9.09,9.1,9.11,9.12,9.13,9.14,9.15,9.16,9.17,9.18,15100,26100,25400,9300,18400,13400,29500,40300,3000,17500,4700,17600,9100,11400,24400,4100,5900,4100,5700,7000
241.0,9.08,423200,3836734.0,9.08,9.07,9.06,9.05,9.04,9.03,9.02,9.01,9.0,8.99,9.09,9.1,9.11,9.12,9.13,9.14,9.15,9.16,9.17,9.18,15800,200,21100,25400,9300,18400,13400,29500,40300,3000,4700,17600,9100,11400,24400,4100,5900,4100,5700,7000
242.0,9.1,430200,3900387.0,9.09,9.08,9.07,9.06,9.05,9.04,9.03,9.02,9.01,9.0,9.1,9.11,9.12,9.13,9.14,9.15,9.16,9.17,9.18,9.19,5400,15400,400,21100,25400,9300,18400,13400,29500,40300,15300,9100,11400,24400,4100,5900,4100,5700,7000,12700
243.0,9.1,431200,3909487.0,9.09,9.08,9.07,9.06,9.05,9.04,9.03,9.02,9.01,9.0,9.1,9.11,9.12,9.13,9.14,9.15,9.16,9.17,9.18,9.19,5600,15400,400,21100,27400,9300,18400,13400,29500,40300,14300,9100,11400,24400,4100,5900,4100,5700,7000,12700
244.0,9.09,431700,3914032.0,9.09,9.08,9.07,9.06,9.05,9.04,9.03,9.02,9.01,9.0,9.1,9.11,9.12,9.13,9.14,9.15,9.16,9.17,9.18,9.19,6600,15400,400,21100,27400,9300,18400,13400,29500,40300,14300,9100,11400,24400,4100,5900,4100,5700,7000,12700
245.0,9.1,433500,3930412.0,9.09,9.08,9.07,9.06,9.05,9.04,9.03,9.02,9.01,9.0,9.1,9.11,9.12,9.13,9.14,9.15,9.16,9.17,9.18,9.19,10400,15400,400,21100,27400,9300,18400,13400,29500,40300,12500,9100,11400,24400,4100,5900,4100,5700,7000,12700
246.0,9.1,435100,3944972.0,9.09,9.08,9.07,9.06,9.05,9.04,9.03,9.02,9.01,9.0,9.1,9.11,9.12,9.13,9.14,9.15,9.16,9.17,9.18,9.19,10400,15400,400,21100,27400,9300,18400,13400,29500,40300,12900,9100,11200,24400,4100,5900,4100,5700,7000,12700
247.0,9.1,436900,3961342.0,9.09,9.08,9.07,9.06,9.05,9.04,9.03,9.02,9.01,9.0,9.1,9.11,9.12,9.13,9.14,9.15,9.16,9.17,9.18,9.19,9500,15200,400,21100,27400,9300,18400,13400,29500,40300,12100,9100,11200,24400,4100,5900,4100,5700,7000,12700
248.0,9.1,436900,3961342.0,9.09,9.08,9.07,9.06,9.05,9.04,9.03,9.02,9.01,9.0,9.1,9.11,9.12,9.13,9.14,9.15,9.16,9.17,9.18,9.19,10200,15200,400,21000,27400,9300,18400,13400,29500,40300,12100,9100,11200,24400,4100,5900,4100,5700,7000,12700
249.0,9.1,437800,3969532.0,9.09,9.08,9.07,9.06,9.05,9.04,9.03,9.02,9.01,9.0,9.1,9.11,9.12,9.13,9.14,9.15,9.16,9.17,9.18,9.19,10200,15200,400,21000,27400,9300,18400,13400,29500,40300,11200,9100,11200,24400,4100,5900,4100,5700,7000,12700
250.0,9.1,439800,3987722.0,9.09,9.08,9.07,9.06,9.05,9.04,9.03,9.02,9.01,9.0,9.1,9.11,9.12,9.13,9.14,9.15,9.16,9.17,9.18,9.19,9000,15200,400,21000,27400,9300,18400,13400,29500,40300,10200,9100,11200,24400,4100,5900,4100,5700,7000,12700
251.0,9.1,442000,4007742.0,9.09,9.08,9.07,9.06,9.05,9.04,9.03,9.02,9.01,9.0,9.1,9.11,9.12,9.13,9.14,9.15,9.16,9.17,9.18,9.19,9100,15200,400,21000,27400,9300,18400,13400,29500,40300,8000,9100,11200,24400,4100,5900,4100,5700,7000,12700
252.0,9.1,442000,4007742.0,9.09,9.08,9.07,9.06,9.05,9.04,9.03,9.02,9.01,9.0,9.1,9.11,9.12,9.13,9.14,9.15,9.16,9.17,9.18,9.19,9100,15200,400,21000,27400,9300,18400,13400,29500,40300,8000,9100,11200,4400,4100,5900,4100,5700,7000,12700
253.0,9.09,442900,4015923.0,9.09,9.08,9.07,9.06,9.05,9.04,9.03,9.02,9.01,9.0,9.1,9.11,9.12,9.13,9.14,9.15,9.16,9.17,9.18,9.19,8200,15200,400,21000,27400,9300,18400,13400,29500,40300,8000,9100,11200,4400,4100,5900,4100,5700,7000,12700
254.0,9.09,446700,4050475.0,9.09,9.08,9.06,9.05,9.04,9.03,9.02,9.01,9.0,8.99,9.1,9.11,9.12,9.13,9.14,9.15,9.16,9.17,9.18,9.19,5500,15200,21000,27400,9300,18400,16400,29500,40300,3000,7000,9100,11200,4400,4100,5900,4100,5700,7000,12700
255.0,9.09,446700,4050475.0,9.09,9.08,9.06,9.05,9.04,9.03,9.02,9.01,9.0,8.99,9.1,9.11,9.12,9.13,9.14,9.15,9.16,9.17,9.18,9.19,5700,15200,21000,27400,9300,18400,16400,29500,40300,3000,7000,9100,11200,4400,4100,5900,4100,5700,7000,12700
256.0,9.1,448000,4062305.0,9.09,9.08,9.06,9.05,9.04,9.03,9.02,9.01,9.0,8.99,9.1,9.11,9.12,9.13,9.14,9.15,9.16,9.17,9.18,9.19,5700,15200,21000,27400,9300,18400,16400,29500,40300,3000,5700,9100,11200,4400,4100,5900,4100,5700,7000,12700
257.0,9.1,451000,4089599.0,9.09,9.08,9.06,9.05,9.04,9.03,9.02,9.01,9.0,8.99,9.1,9.11,9.12,9.13,9.14,9.15,9.16,9.17,9.18,9.19,5300,15200,21000,27400,9300,18400,16400,29500,40300,3000,3300,9100,11200,4400,4100,5900,4100,5200,7000,12700
258.0,9.1,451800,4096879.0,9.09,9.08,9.06,9.05,9.04,9.03,9.02,9.01,9.0,8.99,9.1,9.11,9.12,9.13,9.14,9.15,9.16,9.17,9.18,9.19,5300,15200,11000,27400,9300,18400,16400,29500,40300,3000,2500,9100,11200,4400,4100,5900,4100,5200,7000,12700
259.0,9.1,452600,4104159.0,9.09,9.08,9.06,9.05,9.04,9.03,9.02,9.01,9.0,8.99,9.1,9.11,9.12,9.13,9.14,9.15,9.16,9.17,9.18,9.19,5300,15200,11000,27400,9300,18400,16400,29500,40300,3000,1700,9100,11200,4400,4100,5900,4100,5200,7000,12700
260.0,9.1,454800,4124174.0,9.1,9.09,9.08,9.06,9.05,9.04,9.03,9.02,9.01,9.0,9.11,9.12,9.13,9.14,9.15,9.16,9.17,9.18,9.19,9.2,8600,4900,15200,11000,27400,9300,18400,16400,29500,40300,9100,11200,4400,4100,5900,4100,5200,7000,12700,35800
261.0,9.1,454800,4124174.0,9.1,9.09,9.08,9.06,9.05,9.04,9.03,9.02,9.01,9.0,9.11,9.12,9.13,9.14,9.15,9.16,9.17,9.18,9.19,9.2,8600,7900,15200,11000,27400,9300,18400,16400,29500,40300,9100,11200,4400,4100,5900,4100,5200,7000,12700,35800
262.0,9.11,456600,4140572.0,9.1,9.09,9.08,9.06,9.05,9.04,9.03,9.02,9.01,9.0,9.11,9.12,9.13,9.14,9.15,9.16,9.17,9.18,9.19,9.2,8600,7900,15200,11000,27400,9300,18400,16400,29500,40300,7300,11200,4400,4100,5900,4100,5200,7000,12700,35800
263.0,9.09,474000,4298911.0,9.09,9.08,9.07,9.06,9.05,9.04,9.03,9.02,9.01,9.0,9.1,9.11,9.12,9.13,9.14,9.15,9.16,9.17,9.18,9.19,7900,15200,200,10700,21100,9300,18400,16400,29500,40300,16700,7300,11200,4400,4100,5900,4100,5200,7000,12700
264.0,9.1,475500,4312554.0,9.09,9.08,9.07,9.06,9.05,9.04,9.03,9.02,9.01,9.0,9.1,9.11,9.12,9.13,9.14,9.15,9.16,9.17,9.18,9.19,7200,15200,200,10700,21100,9300,18400,16400,29500,40300,15900,7300,11200,4400,4100,5900,4100,5200,7000,12700
265.0,9.1,476500,4321654.0,9.09,9.08,9.07,9.06,9.05,9.04,9.03,9.02,9.01,9.0,9.1,9.11,9.12,9.13,9.14,9.15,9.16,9.17,9.18,9.19,7200,15200,200,10700,19500,9300,20400,16400,29500,40300,14900,7300,11200,4400,4100,5900,4100,5200,7000,12700
266.0,9.1,491400,4457244.0,9.1,9.09,9.08,9.07,9.06,9.05,9.04,9.03,9.02,9.01,9.11,9.12,9.13,9.14,9.15,9.16,9.17,9.18,9.19,9.2,12400,7200,15200,200,10700,19500,9300,20400,16400,29500,7300,11200,4400,4100,5900,4100,5200,7000,12700,35800
267.0,9.11,492900,4470899.0,9.1,9.09,9.08,9.07,9.06,9.05,9.04,9.03,9.02,9.01,9.11,9.12,9.13,9.14,9.15,9.16,9.17,9.18,9.19,9.2,11400,7200,15200,200,10700,19500,9300,20400,16400,29500,6800,9000,4400,4100,5900,4100,5200,7000,12700,35800
268.0,9.11,492900,4470899.0,9.1,9.09,9.08,9.07,9.06,9.05,9.04,9.03,9.02,9.01,9.11,9.12,9.13,9.14,9.15,9.16,9.17,9.18,9.19,9.2,12000,7100,14800,200,10700,19500,9300,20400,16400,32500,6800,9000,4400,4100,5900,4100,5200,7000,12700,35800
269.0,9.11,493700,4478187.0,9.1,9.09,9.08,9.07,9.06,9.05,9.04,9.03,9.02,9.01,9.11,9.12,9.13,9.14,9.15,9.16,9.17,9.18,9.19,9.2,12000,7100,14800,200,10700,19500,9300,20400,16400,32500,6000,9000,4400,4100,5900,4100,5200,7000,12700,35800
270.0,9.11,493700,4478187.0,9.1,9.09,9.08,9.07,9.06,9.05,9.04,9.03,9.02,9.01,9.11,9.12,9.13,9.14,9.15,9.16,9.17,9.18,9.19,9.2,12000,7100,14800,200,10700,19500,9300,20400,16400,32500,6000,9000,4400,4100,5900,4100,5200,7000,12700,35800
271.0,9.1,500400,4539178.0,9.1,9.09,9.08,9.07,9.06,9.05,9.04,9.03,9.02,9.01,9.11,9.12,9.13,9.14,9.15,9.16,9.17,9.18,9.19,9.2,7400,7200,14800,200,10700,19500,9300,20400,16400,32500,3900,9000,4400,4100,5900,4100,5200,7000,12700,35800
272.0,9.11,500700,4541911.0,9.1,9.09,9.08,9.07,9.06,9.05,9.04,9.03,9.02,9.01,9.11,9.12,9.13,9.14,9.15,9.16,9.17,9.18,9.19,9.2,7400,7200,14800,200,10700,19500,9300,20400,16400,33500,3600,9000,4400,4100,5900,4100,5200,7000,12700,35800
273.0,9.11,500700,4541911.0,9.1,9.09,9.08,9.07,9.06,9.05,9.04,9.03,9.02,9.01,9.11,9.12,9.13,9.14,9.15,9.16,9.17,9.18,9.19,9.2,7400,7200,14800,200,10700,19500,9300,20400,16400,33500,3600,9000,4400,4100,5900,4100,5200,7000,12700,35800
274.0,9.11,502100,4554658.0,9.1,9.09,9.08,9.07,9.06,9.05,9.04,9.03,9.02,9.01,9.11,9.12,9.13,9.14,9.15,9.16,9.17,9.18,9.19,9.2,9800,7100,14800,200,10700,19500,9300,20400,16400,33500,2900,9000,4400,4100,5900,4100,5200,7000,12700,35800
275.0,9.1,504300,4574678.0,9.1,9.09,9.08,9.07,9.06,9.05,9.04,9.03,9.02,9.01,9.11,9.12,9.13,9.14,9.15,9.16,9.17,9.18,9.19,9.2,8200,7100,14800,200,10700,19500,9300,20400,16400,33500,2900,9000,4400,4100,5900,4100,5200,7000,12700,36300
276.0,9.11,508500,4612918.0,9.1,9.09,9.08,9.07,9.06,9.05,9.04,9.03,9.02,9.01,9.11,9.12,9.13,9.14,9.15,9.16,9.17,9.18,9.19,9.2,6000,7100,14800,200,10700,19500,7300,20400,16400,33500,900,9000,4400,4100,5900,4100,5200,7000,12700,36300
277.0,9.1,509100,4618378.0,9.1,9.09,9.08,9.07,9.06,9.05,9.04,9.03,9.02,9.01,9.11,9.12,9.13,9.14,9.15,9.16,9.17,9.18,9.19,9.2,5400,7100,14800,200,10700,19500,7300,20400,16400,33500,900,9000,4400,4100,7900,4100,5200,7000,12700,36300
278.0,9.1,509100,4618378.0,9.1,9.09,9.08,9.07,9.06,9.05,9.04,9.03,9.02,9.01,9.11,9.12,9.13,9.14,9.15,9.16,9.17,9.18,9.19,9.2,5400,16300,14800,200,10700,19500,7300,20400,16400,33500,900,9000,4400,4100,7900,4100,5200,7000,12700,36300
279.0,9.11,509500,4622022.0,9.1,9.09,9.08,9.07,9.06,9.05,9.04,9.03,9.02,9.01,9.11,9.12,9.13,9.14,9.15,9.16,9.17,9.18,9.19,9.2,5400,16300,14800,200,10700,19500,7300,20400,16400,33500,2400,9000,4400,4100,7900,4100,5200,7000,12700,36300
280.0,9.11,509700,4623844.0,9.1,9.09,9.08,9.07,9.06,9.05,9.04,9.03,9.02,9.01,9.11,9.12,9.13,9.14,9.15,9.16,9.17,9.18,9.19,9.2,5400,16300,14800,200,10700,19500,7300,20400,16400,33500,2200,9000,4400,4100,7900,4100,5200,7000,12700,36300
281.0,9.1,510200,4628394.0,9.1,9.09,9.08,9.07,9.06,9.05,9.04,9.03,9.02,9.01,9.11,9.12,9.13,9.14,9.15,9.16,9.17,9.18,9.19,9.2,4900,16300,14800,200,10700,19500,7300,20400,16400,33500,2200,9000,4400,4100,7900,4100,5200,7000,12700,36300
282.0,9.11,512400,4648436.0,9.11,9.1,9.09,9.08,9.07,9.06,9.05,9.04,9.03,9.02,9.12,9.13,9.14,9.15,9.16,9.17,9.18,9.19,9.2,9.21,2100,4900,16300,14800,200,10700,19500,7300,20400,16400,9000,4400,4100,7900,4100,5200,7000,12700,36300,88700
283.0,9.11,514500,4667567.0,9.1,9.09,9.08,9.07,9.06,9.05,9.04,9.03,9.02,9.01,9.11,9.12,9.13,9.14,9.15,9.16,9.17,9.18,9.19,9.2,4900,16300,16800,200,10700,19500,7300,20400,16400,33500,500,9000,4400,4100,7900,4100,5200,7000,13700,36300
284.0,9.1,514900,4671207.0,9.1,9.09,9.08,9.07,9.06,9.05,9.04,9.03,9.02,9.01,9.11,9.12,9.13,9.14,9.15,9.16,9.17,9.18,9.19,9.2,7200,16400,16800,200,10700,19500,7300,20400,16400,33500,500,9000,4400,4100,7900,4100,5200,7000,13700,36300
285.0,9.1,514900,4671207.0,9.1,9.09,9.08,9.07,9.06,9.05,9.04,9.03,9.02,9.01,9.11,9.12,9.13,9.14,9.15,9.16,9.17,9.18,9.19,9.2,7200,16400,16800,200,10700,19500,7300,20400,16400,33500,500,9000,4400,4100,7900,4100,5200,7000,13700,36300
286.0,9.11,515000,4672118.0,9.1,9.09,9.08,9.07,9.06,9.05,9.04,9.03,9.02,9.01,9.11,9.12,9.13,9.14,9.15,9.16,9.17,9.18,9.19,9.2,10200,16400,16800,200,10700,19500,7300,20400,16400,33500,400,9000,4400,4100,7900,4100,5200,7000,13700,36300
287.0,9.11,516400,4684862.0,9.11,9.1,9.09,9.08,9.07,9.06,9.05,9.04,9.03,9.02,9.12,9.13,9.14,9.15,9.16,9.17,9.18,9.19,9.2,9.21,5100,9200,16100,16700,200,10700,29500,7300,20400,16400,9000,4400,4100,7900,4100,5200,7000,13700,36300,88700
288.0,9.11,516400,4684862.0,9.11,9.1,9.09,9.08,9.07,9.06,9.05,9.04,9.03,9.02,9.12,9.13,9.14,9.15,9.16,9.17,9.18,9.19,9.2,9.21,5100,9200,16100,16700,200,10700,29500,7300,20400,16400,9000,4400,4100,7900,4100,5200,7000,13700,36300,88700
289.0,9.12,516600,4686686.0,9.11,9.1,9.09,9.08,9.07,9.06,9.05,9.04,9.03,9.02,9.12,9.13,9.14,9.15,9.16,9.17,9.18,9.19,9.2,9.21,5100,9200,16100,16700,200,5700,29500,7300,20400,16400,8800,4400,4100,7900,4100,5200,7000,13700,36300,88700
290.0,9.12,516700,4687598.0,9.11,9.1,9.09,9.08,9.07,9.06,9.05,9.04,9.03,9.02,9.12,9.13,9.14,9.15,9.16,9.17,9.18,9.19,9.2,9.21,5200,9200,16000,16700,200,5700,29500,7300,20400,16400,9100,4400,4100,7900,4100,5200,7000,13700,36900,88700
291.0,9.11,517200,4692153.0,9.11,9.1,9.09,9.08,9.07,9.06,9.05,9.04,9.03,9.02,9.12,9.13,9.14,9.15,9.16,9.17,9.18,9.19,9.2,9.21,5800,12200,13800,16700,200,5700,29500,7300,20400,16400,9100,4400,4100,7900,4100,5200,7000,13700,36900,88700
292.0,9.11,517200,4692153.0,9.11,9.1,9.09,9.08,9.07,9.06,9.05,9.04,9.03,9.02,9.12,9.13,9.14,9.15,9.16,9.17,9.18,9.19,9.2,9.21,8800,12200,13800,16700,200,5700,29500,7300,20400,16400,9100,4400,4100,9900,4100,5200,7000,13700,36900,88700
293.0,9.12,517700,4696713.0,9.11,9.1,9.09,9.08,9.07,9.06,9.05,9.04,9.03,9.02,9.12,9.13,9.14,9.15,9.16,9.17,9.18,9.19,9.2,9.21,9100,12200,13300,16700,200,5700,29500,7300,20400,16400,8600,4400,4100,9900,4100,5200,7000,13700,36900,88700
294.0,9.11,518600,4704912.0,9.11,9.1,9.09,9.08,9.07,9.06,9.05,9.04,9.03,9.02,9.12,9.13,9.14,9.15,9.16,9.17,9.18,9.19,9.2,9.21,8500,12200,13300,16700,200,5700,29500,7300,20400,16400,8600,4400,4100,9900,4100,5200,7000,13700,36900,88700
295.0,9.12,519400,4712208.0,9.11,9.1,9.09,9.08,9.07,9.06,9.05,9.04,9.03,9.02,9.12,9.13,9.14,9.15,9.16,9.17,9.18,9.19,9.2,9.21,8500,12200,13300,16700,200,5700,29500,7300,20400,16400,7800,4400,4100,9900,4100,5200,7000,13700,36900,88700
296.0,9.12,527200,4783344.0,9.12,9.11,9.1,9.09,9.08,9.06,9.05,9.04,9.03,9.02,9.13,9.14,9.15,9.16,9.17,9.18,9.19,9.2,9.21,9.22,7700,8500,12400,13300,16700,5700,29500,9300,20400,16400,4400,4100,9900,4100,5200,7000,13700,36900,88700,11100
297.0,9.12,527900,4789728.0,9.12,9.11,9.1,9.09,9.08,9.06,9.05,9.04,9.03,9.02,9.13,9.14,9.15,9.16,9.17,9.18,9.19,9.2,9.21,9.22,7000,8500,12400,10600,16700,5700,29500,9300,20400,16400,4400,4100,9900,4100,5200,7000,13700,36900,88700,11100
298.0,9.13,528700,4797032.0,9.12,9.11,9.1,9.09,9.08,9.06,9.05,9.04,9.03,9.02,9.13,9.14,9.15,9.16,9.17,9.18,9.19,9.2,9.21,9.22,7000,8500,15900,10600,16700,5700,29500,9300,20400,16400,3700,4100,9900,4100,5200,7000,13700,36900,88700,11100
299.0,9.13,528700,4797032.0,9.12,9.11,9.1,9.09,9.08,9.06,9.05,9.04,9.03,9.02,9.13,9.14,9.15,9.16,9.17,9.18,9.19,9.2,9.21,9.22,7100,8500,15900,10500,16700,9700,29500,9300,20400,16400,3700,4100,9900,4100,5200,7000,13700,36900,88700,11100
300.0,9.13,528700,4797032.0,9.12,9.11,9.1,9.09,9.08,9.06,9.05,9.04,9.03,9.02,9.13,9.14,9.15,9.16,9.17,9.18,9.19,9.2,9.21,9.22,8300,8500,15900,10500,16700,9700,29500,9300,20400,16400,3700,4100,9900,4100,5200,7000,13700,36900,88700,11100
301.0,9.12,529500,4804328.0,9.12,9.11,9.1,9.09,9.08,9.06,9.05,9.04,9.03,9.02,9.13,9.14,9.15,9.16,9.17,9.18,9.19,9.2,9.21,9.22,7500,8500,15900,10500,16700,9700,29500,9300,20400,16400,3700,4100,9900,4100,5200,7000,13700,36900,88700,11100
302.0,9.13,530100,4809806.0,9.12,9.11,9.1,9.09,9.08,9.06,9.05,9.04,9.03,9.02,9.13,9.14,9.15,9.16,9.17,9.18,9.19,9.2,9.21,9.22,7500,8500,15900,10500,16700,9700,29500,9300,20400,16400,3100,4100,9900,4100,5200,7000,13700,36900,88700,11100
303.0,9.12,530800,4816190.0,9.12,9.11,9.1,9.09,9.08,9.06,9.05,9.04,9.03,9.02,9.13,9.14,9.15,9.16,9.17,9.18,9.19,9.2,9.21,9.22,6900,7700,15900,500,16700,9700,29500,12000,20400,16400,3100,4100,9900,4100,5200,7000,13700,36900,88700,11100
304.0,9.12,531400,4821662.0,9.12,9.11,9.1,9.09,9.08,9.06,9.05,9.04,9.03,9.02,9.13,9.14,9.15,9.16,9.17,9.18,9.19,9.2,9.21,9.22,6300,7700,14900,500,16700,9700,29500,12000,20400,16400,3100,4100,9900,4100,5200,7000,13700,36900,88700,11100
305.0,9.12,531700,4824398.0,9.12,9.11,9.1,9.09,9.08,9.06,9.05,9.04,9.03,9.02,9.13,9.14,9.15,9.16,9.17,9.18,9.19,9.2,9.21,9.22,6100,7700,12200,500,16700,9700,29500,12000,20400,16400,3100,4100,9900,4100,5200,7000,13700,36900,88700,11100
306.0,9.12,532200,4828958.0,9.12,9.11,9.1,9.09,9.08,9.06,9.05,9.04,9.03,9.02,9.13,9.14,9.15,9.16,9.17,9.18,9.19,9.2,9.21,9.22,5600,7700,12200,500,16700,9700,31500,12000,20400,16400,3100,4100,9900,4100,5200,7000,13700,36900,88700,11100
307.0,9.12,532700,4833518.0,9.12,9.11,9.1,9.09,9.08,9.06,9.05,9.04,9.03,9.02,9.13,9.14,9.15,9.16,9.17,9.18,9.19,9.2,9.21,9.22,5100,10600,12200,500,16700,9700,31500,12000,20400,16400,3100,4100,9900,4100,5200,7000,13700,36900,88700,11100
308.0,9.12,532700,4833518.0,9.12,9.11,9.1,9.09,9.08,9.06,9.05,9.04,9.03,9.02,9.13,9.14,9.15,9.16,9.17,9.18,9.19,9.2,9.21,9.22,5100,10600,12200,500,16700,9700,31500,12000,20400,16400,3900,3300,9900,4100,5200,7000,13700,36900,88700,11100
309.0,9.12,538000,4881854.0,9.11,9.1,9.09,9.08,9.06,9.05,9.04,9.03,9.02,9.01,9.12,9.13,9.14,9.15,9.16,9.17,9.18,9.19,9.2,9.21,10600,12200,500,16700,9700,31500,12000,20400,16400,33500,5700,4000,3300,9900,4100,5200,7000,13700,36900,88700
310.0,9.12,541600,4914676.0,9.11,9.1,9.09,9.08,9.06,9.05,9.04,9.03,9.02,9.01,9.12,9.13,9.14,9.15,9.16,9.17,9.18,9.19,9.2,9.21,9600,12200,500,16300,9700,31500,12000,20400,16400,33500,3100,8800,3300,9900,4100,5200,7000,13700,36900,88700
311.0,9.12,541600,4914676.0,9.11,9.1,9.09,9.08,9.06,9.05,9.04,9.03,9.02,9.01,9.12,9.13,9.14,9.15,9.16,9.17,9.18,9.19,9.2,9.21,9300,12200,500,16300,9700,31500,12000,20400,16400,33500,3500,10900,3300,9900,4100,5200,7000,13700,36900,88700
312.0,9.11,541800,4916498.0,9.11,9.1,9.09,9.08,9.06,9.05,9.04,9.03,9.02,9.01,9.12,9.13,9.14,9.15,9.16,9.17,9.18,9.19,9.2,9.21,8100,12200,700,16300,11700,31500,12000,20400,16400,33500,3300,10900,3300,9900,5100,5200,7000,13700,36900,88700
313.0,9.11,542700,4924697.0,9.11,9.1,9.09,9.08,9.06,9.05,9.04,9.03,9.02,9.01,9.12,9.13,9.14,9.15,9.16,9.17,9.18,9.19,9.2,9.21,7200,12200,700,16300,11700,31500,12000,20400,16400,33500,5500,10900,13300,9900,5100,5200,7000,13700,36900,88700
314.0,9.11,542700,4924697.0,9.11,9.1,9.09,9.08,9.06,9.05,9.04,9.03,9.02,9.01,9.12,9.13,9.14,9.15,9.16,9.17,9.18,9.19,9.2,9.21,7200,12200,700,16300,11700,31500,12000,20400,16400,33500,5600,10900,13300,9900,5100,5200,7000,13700,36900,88700
315.0,9.12,543100,4928345.0,9.11,9.1,9.09,9.08,9.06,9.05,9.04,9.03,9.02,9.01,9.12,9.13,9.14,9.15,9.16,9.17,9.18,9.19,9.2,9.21,7200,12200,1600,16300,11700,31500,12000,20400,16400,33500,7000,10900,13300,9900,5100,5200,7000,13700,36900,88700
316.0,9.12,544800,4943842.0,9.11,9.1,9.09,9.08,9.06,9.05,9.04,9.03,9.02,9.01,9.12,9.13,9.14,9.15,9.16,9.17,9.18,9.19,9.2,9.21,6500,12200,1600,16300,11700,31500,12000,20400,16400,33500,6000,10900,13300,9900,5100,5200,7000,13700,36900,88700
317.0,9.12,545700,4952050.0,9.11,9.1,9.09,9.08,9.06,9.05,9.04,9.03,9.02,9.01,9.12,9.13,9.14,9.15,9.16,9.17,9.18,9.19,9.2,9.21,6500,12200,1600,16300,11700,31500,12000,20400,16400,33500,5100,10900,13300,9900,5100,5200,7000,13700,36900,88700
318.0,9.13,581900,5282505.0,9.13,9.11,9.1,9.09,9.08,9.06,9.05,9.04,9.03,9.02,9.14,9.15,9.16,9.17,9.18,9.19,9.2,9.21,9.22,9.23,12600,6100,12200,1700,16300,11700,31500,12000,20400,16400,24600,9900,5100,5200,7000,13700,36900,88700,11100,10400
319.0,9.12,596500,5415783.0,9.11,9.1,9.09,9.08,9.06,9.05,9.04,9.03,9.02,9.01,9.12,9.13,9.14,9.15,9.16,9.17,9.18,9.19,9.2,9.21,7200,12200,1700,16300,11700,31500,12000,20400,16400,33500,2800,900,24500,9900,5100,5200,7000,13700,36900,88700
320.0,9.12,596500,5415783.0,9.11,9.1,9.09,9.08,9.06,9.05,9.04,9.03,9.02,9.01,9.12,9.13,9.14,9.15,9.16,9.17,9.18,9.19,9.2,9.21,7300,12200,1700,16300,11700,31500,12000,20400,16400,33500,2800,900,26500,9900,5100,5200,7000,13700,36900,88700
321.0,9.12,598800,5436745.0,9.11,9.1,9.09,9.08,9.06,9.05,9.04,9.03,9.02,9.01,9.12,9.13,9.14,9.15,9.16,9.17,9.18,9.19,9.2,9.21,5900,12200,1700,16300,11700,31500,12000,20400,16400,33500,1900,800,26500,9900,5100,5200,7000,13700,36900,88700
322.0,9.12,601200,5458628.0,9.11,9.1,9.09,9.08,9.06,9.05,9.04,9.03,9.02,9.01,9.13,9.14,9.15,9.16,9.17,9.18,9.19,9.2,9.21,9.22,5400,12200,1700,16300,11700,31500,12000,20400,16400,33500,800,26500,9900,5100,5200,7000,13700,36900,88700,11100
323.0,9.14,604900,5492438.0,9.12,9.11,9.1,9.09,9.08,9.06,9.05,9.04,9.03,9.02,9.14,9.15,9.16,9.17,9.18,9.19,9.2,9.21,9.22,9.23,3900,5600,12200,1700,16300,11700,31500,12000,20400,16400,23600,9900,5100,5200,7000,13700,36900,88700,11100,10400
324.0,9.14,607500,5516202.0,9.12,9.11,9.1,9.09,9.08,9.06,9.05,9.04,9.03,9.02,9.14,9.15,9.16,9.17,9.18,9.19,9.2,9.21,9.22,9.23,4700,5600,12200,1700,16300,11700,31500,12000,20400,16400,10500,9900,5100,5200,7000,13700,36900,88700,11100,10400
325.0,9.14,607500,5516202.0,9.12,9.11,9.1,9.09,9.08,9.06,9.05,9.04,9.03,9.02,9.14,9.15,9.16,9.17,9.18,9.19,9.2,9.21,9.22,9.23,4700,5600,12200,1500,16300,11700,31500,12000,20400,16400,10500,9900,5100,5200,7000,13700,36900,88700,11100,10400
326.0,9.12,607900,5519850.0,9.12,9.11,9.1,9.09,9.08,9.06,9.05,9.04,9.03,9.02,9.14,9.15,9.16,9.17,9.18,9.19,9.2,9.21,9.22,9.23,7100,5600,12000,1500,16300,11700,31500,12000,20400,16400,10500,9900,5100,5200,7000,13700,37900,88700,11100,10400
327.0,9.12,607900,5519850.0,9.12,9.11,9.1,9.09,9.08,9.06,9.05,9.04,9.03,9.02,9.14,9.15,9.16,9.17,9.18,9.19,9.2,9.21,9.22,9.23,7800,4300,12000,1500,16300,11700,31500,12000,20400,16400,11200,9900,5100,5200,7000,13700,37900,88700,11100,10400
328.0,9.12,609000,5529884.0,9.12,9.11,9.1,9.09,9.08,9.06,9.05,9.04,9.03,9.02,9.14,9.15,9.16,9.17,9.18,9.19,9.2,9.21,9.22,9.23,6800,4300,12000,1500,16300,11700,31500,12000,20400,16400,11100,9900,5100,5200,7000,13700,37900,88700,11100,10400
329.0,9.12,609600,5535356.0,9.12,9.11,9.1,9.09,9.08,9.06,9.05,9.04,9.03,9.02,9.14,9.15,9.16,9.17,9.18,9.19,9.2,9.21,9.22,9.23,5200,4400,12000,1500,16300,11700,31500,12000,20400,16400,11800,9900,5100,5200,7000,13700,37900,88700,11100,10400
330.0,9.12,609600,5535356.0,9.12,9.11,9.1,9.09,9.08,9.06,9.05,9.04,9.03,9.02,9.14,9.15,9.16,9.17,9.18,9.19,9.2,9.21,9.22,9.23,5200,4400,12000,1500,16300,11700,31500,12000,20400,16400,11800,9900,5100,5200,7000,13700,37900,88700,11100,10400
331.0,9.12,609600,5535356.0,9.12,9.11,9.1,9.09,9.08,9.06,9.05,9.04,9.03,9.02,9.13,9.14,9.15,9.16,9.17,9.18,9.19,9.2,9.21,9.22,5300,4400,12000,1500,16300,11700,31500,12000,20400,16400,700,14200,9900,5100,5200,7000,13700,37900,88700,11100
332.0,9.12,611400,5551773.0,9.12,9.11,9.1,9.09,9.08,9.06,9.05,9.04,9.03,9.02,9.13,9.14,9.15,9.16,9.17,9.18,9.19,9.2,9.21,9.22,3600,4400,12000,1500,16300,11700,31500,12000,20400,16400,600,14200,9900,5100,5200,7000,13700,37900,88700,11100
333.0,9.12,611400,5551773.0,9.12,9.11,9.1,9.09,9.08,9.06,9.05,9.04,9.03,9.02,9.13,9.14,9.15,9.16,9.17,9.18,9.19,9.2,9.21,9.22,3700,4400,12000,1500,16300,11700,31500,12000,20400,16400,600,14200,9900,5100,5200,7000,12700,37900,88700,11100
334.0,9.13,612000,5557251.0,9.13,9.12,9.11,9.1,9.09,9.08,9.06,9.05,9.04,9.03,9.14,9.15,9.16,9.17,9.18,9.19,9.2,9.21,9.22,9.23,4200,3600,4400,12000,1500,16300,11700,31500,12000,20400,14300,9900,5100,5200,7000,12700,37900,88700,11100,10400
335.0,9.13,612700,5563642.0,9.13,9.12,9.11,9.1,9.09,9.08,9.06,9.05,9.04,9.03,9.14,9.15,9.16,9.17,9.18,9.19,9.2,9.21,9.22,9.23,6000,3600,4400,12000,1500,16300,11700,31500,12000,20400,12900,9900,5100,5200,7000,12700,37900,88700,11100,10400
336.0,9.13,612700,5563642.0,9.13,9.12,9.11,9.1,9.09,9.08,9.06,9.05,9.04,9.03,9.14,9.15,9.16,9.17,9.18,9.19,9.2,9.21,9.22,9.23,6000,4200,4400,12000,1500,16300,11700,31500,12000,20400,13100,9900,5100,5200,7000,12700,37900,88700,11100,10400
337.0,9.13,614100,5576424.0,9.13,9.12,9.11,9.1,9.09,9.08,9.06,9.05,9.04,9.03,9.14,9.15,9.16,9.17,9.18,9.19,9.2,9.21,9.22,9.23,5600,4200,4400,12000,1500,16300,11700,31500,14000,20400,13200,9900,5100,5200,7000,12700,37900,88700,11100,10400
338.0,9.13,622700,5655023.0,9.13,9.12,9.11,9.1,9.09,9.08,9.06,9.05,9.04,9.03,9.14,9.15,9.16,9.17,9.18,9.19,9.2,9.21,9.22,9.23,5500,6400,4200,12000,1500,16300,11700,31500,14000,20400,5200,9900,5100,5200,7000,12700,37900,88700,11100,10400
339.0,9.14,623200,5659593.0,9.13,9.12,9.11,9.1,9.09,9.08,9.06,9.05,9.04,9.03,9.14,9.15,9.16,9.17,9.18,9.19,9.2,9.21,9.22,9.23,5500,6400,4200,12000,1500,16300,11700,31500,14000,20400,4700,9900,5100,5200,7000,12700,37900,88700,11100,10400
340.0,9.14,623800,5665072.0,9.13,9.12,9.11,9.1,9.09,9.08,9.06,9.05,9.04,9.03,9.14,9.15,9.16,9.17,9.18,9.19,9.2,9.21,9.22,9.23,5000,6400,4200,12000,1500,16300,11700,31500,14000,20400,4600,9900,5100,5200,7000,12700,37900,88700,11100,10400
341.0,9.12,628100,5704337.0,9.12,9.11,9.1,9.09,9.08,9.06,9.05,9.04,9.03,9.02,9.14,9.15,9.16,9.17,9.18,9.19,9.2,9.21,9.22,9.23,5800,4200,12000,5500,16300,11700,31500,14000,20400,16400,3400,9900,5100,5200,7000,12700,37900,88700,11100,10400
342.0,9.12,628100,5704337.0,9.12,9.11,9.1,9.09,9.08,9.06,9.05,9.04,9.03,9.02,9.14,9.15,9.16,9.17,9.18,9.19,9.2,9.21,9.22,9.23,5800,4200,12000,5500,2000,11700,31500,14000,20400,16400,3700,9900,5100,5200,7000,12700,37900,88700,11100,10400
343.0,9.12,628600,5708897.0,9.12,9.11,9.1,9.09,9.08,9.07,9.06,9.05,9.04,9.03,9.14,9.15,9.16,9.17,9.18,9.19,9.2,9.21,9.22,9.23,5900,4200,12000,5500,2000,2000,11700,31500,14000,20400,4300,12900,5100,5200,7500,12700,37900,88700,11100,10400
344.0,9.12,629700,5718929.0,9.12,9.11,9.1,9.09,9.08,9.07,9.06,9.05,9.04,9.03,9.14,9.15,9.16,9.17,9.18,9.19,9.2,9.21,9.22,9.23,5700,4200,12000,16700,2000,2000,11700,31500,14000,20400,5300,12900,5100,5200,7500,12700,37900,88700,11100,10400
345.0,9.12,630000,5721665.0,9.12,9.11,9.1,9.09,9.08,9.07,9.06,9.05,9.04,9.03,9.14,9.15,9.16,9.17,9.18,9.19,9.2,9.21,9.22,9.23,5400,4200,12000,16700,2000,2000,11700,31500,14000,20400,5400,12900,5100,5200,7500,12700,37900,88700,11100,10400
346.0,9.14,631500,5735375.0,9.12,9.11,9.1,9.09,9.08,9.07,9.06,9.05,9.04,9.03,9.14,9.15,9.16,9.17,9.18,9.19,9.2,9.21,9.22,9.23,6900,4200,12000,16700,2000,2000,7700,31500,14000,20400,5400,14300,5100,5200,7500,12700,37900,88700,11100,10400
347.0,9.12,632400,5743583.0,9.12,9.11,9.1,9.09,9.08,9.07,9.06,9.05,9.04,9.03,9.14,9.15,9.16,9.17,9.18,9.19,9.2,9.21,9.22,9.23,6000,4200,12000,16700,2000,2000,7700,31500,14000,20400,5400,14300,5100,5200,7500,12700,37900,88700,11100,10400
348.0,9.12,632400,5743583.0,9.12,9.11,9.1,9.09,9.08,9.07,9.06,9.05,9.04,9.03,9.14,9.15,9.16,9.17,9.18,9.19,9.2,9.21,9.22,9.23,7500,4200,12000,16700,2000,2000,7700,31500,14000,20400,6900,14300,5100,5200,7500,12700,37900,88700,11100,10400
349.0,9.12,632400,5743583.0,9.12,9.11,9.1,9.09,9.08,9.07,9.06,9.05,9.04,9.03,9.13,9.14,9.15,9.16,9.17,9.18,9.19,9.2,9.21,9.22,7500,4200,12000,16700,2000,2000,7700,31500,14000,20400,400,6900,14300,5100,5200,7500,12700,37900,88700,11100
350.0,9.14,634100,5759103.0,9.12,9.11,9.1,9.09,9.08,9.07,9.06,9.05,9.04,9.03,9.14,9.15,9.16,9.17,9.18,9.19,9.2,9.21,9.22,9.23,6800,4200,12000,16700,2000,2000,7700,31500,14000,20400,6300,14300,5100,5200,7500,12700,37900,88700,11100,10400
351.0,9.14,634400,5761845.0,9.12,9.11,9.1,9.09,9.08,9.07,9.06,9.05,9.04,9.03,9.14,9.15,9.16,9.17,9.18,9.19,9.2,9.21,9.22,9.23,8200,4200,12000,16700,2000,2000,7700,31500,14000,20400,7400,14300,5100,5200,7500,12700,37900,88700,11100,10400
352.0,9.14,634400,5761845.0,9.12,9.11,9.1,9.09,9.08,9.07,9.06,9.05,9.04,9.03,9.14,9.15,9.16,9.17,9.18,9.19,9.2,9.21,9.22,9.23,8200,4200,12000,16700,2000,2000,7700,31500,14000,20400,7400,14300,5100,5200,7500,12700,37900,88700,11100,10400
353.0,9.13,636600,5781925.0,9.12,9.11,9.1,9.09,9.08,9.07,9.06,9.05,9.04,9.03,9.13,9.14,9.15,9.16,9.17,9.18,9.19,9.2,9.21,9.22,8800,4200,12000,16700,2000,2000,7700,31500,14000,20400,800,8600,14300,8100,5200,7500,12700,37900,88700,11100
354.0,9.13,636600,5781925.0,9.12,9.11,9.1,9.09,9.08,9.07,9.06,9.05,9.04,9.03,9.13,9.14,9.15,9.16,9.17,9.18,9.19,9.2,9.21,9.22,8800,4200,12000,16700,2000,2000,7700,31500,14000,20400,800,8600,14300,9100,5200,7500,12700,37900,88700,11100
355.0,9.12,638300,5797429.0,9.12,9.11,9.1,9.09,9.08,9.07,9.06,9.05,9.04,9.03,9.13,9.14,9.15,9.16,9.17,9.18,9.19,9.2,9.21,9.22,7100,4200,12000,16700,2000,2000,7700,31500,14000,20400,800,18600,14300,9100,5200,7500,12700,37900,88700,11100
356.0,9.14,643100,5841266.0,9.12,9.11,9.1,9.09,9.08,9.07,9.06,9.05,9.04,9.03,9.14,9.15,9.16,9.17,9.18,9.19,9.2,9.21,9.22,9.23,6500,4200,12000,16700,2000,2000,7700,31500,14000,20400,16000,14300,9100,5200,7500,12700,37900,88700,11100,10400
357.0,9.14,643200,5842180.0,9.12,9.11,9.1,9.09,9.08,9.07,9.06,9.05,9.04,9.03,9.14,9.15,9.16,9.17,9.18,9.19,9.2,9.21,9.22,9.23,6600,4200,12000,16700,4000,2000,7700,31500,14000,20400,17900,14500,9100,5200,7500,12700,37900,88700,11100,10400
358.0,9.12,644900,5857696.0,9.12,9.11,9.1,9.09,9.08,9.07,9.06,9.05,9.04,9.03,9.14,9.15,9.16,9.17,9.18,9.19,9.2,9.21,9.22,9.23,6400,4200,12000,16700,4000,2000,7700,31500,14000,20400,18300,14500,9100,5200,7500,12700,37900,88700,11100,10400
359.0,9.12,647700,5883235.0,9.12,9.11,9.1,9.09,9.08,9.07,9.06,9.05,9.04,9.03,9.13,9.14,9.15,9.16,9.17,9.18,9.19,9.2,9.21,9.22,4500,4200,12000,16700,4000,2000,7700,31500,14000,20400,500,28600,14500,9100,5200,7500,12700,37900,88700,11100
360.0,9.12,649000,5895091.0,9.12,9.11,9.1,9.09,9.08,9.07,9.06,9.05,9.04,9.03,9.13,9.14,9.15,9.16,9.17,9.18,9.19,9.2,9.21,9.22,3200,4200,12000,16700,4000,2000,7700,31500,14000,20400,600,28500,14500,9100,5200,7500,12700,37900,88700,11100
361.0,9.12,649000,5895091.0,9.12,9.11,9.1,9.09,9.08,9.07,9.06,9.05,9.04,9.03,9.13,9.14,9.15,9.16,9.17,9.18,9.19,9.2,9.21,9.22,3200,4200,12000,16700,4000,2000,7700,31500,14000,20400,300,28500,14500,9100,5200,7500,12700,37900,88700,11100
362.0,9.12,649000,5895091.0,9.12,9.11,9.1,9.09,9.08,9.07,9.06,9.05,9.04,9.03,9.13,9.14,9.15,9.16,9.17,9.18,9.19,9.2,9.21,9.22,3300,4300,12000,16700,4000,2000,7700,31500,14000,20400,400,28500,14500,9100,5200,7500,12700,37900,88700,11100
363.0,9.14,653400,5935297.0,9.12,9.11,9.1,9.09,9.08,9.07,9.06,9.05,9.04,9.03,9.14,9.15,9.16,9.17,9.18,9.19,9.2,9.21,9.22,9.23,3000,4300,12000,16700,4000,2000,7700,31500,14000,20400,24800,14500,9100,5200,7500,12700,37900,88700,11100,10400
364.0,9.14,653400,5935297.0,9.12,9.11,9.1,9.09,9.08,9.07,9.06,9.05,9.04,9.03,9.14,9.15,9.16,9.17,9.18,9.19,9.2,9.21,9.22,9.23,9600,4300,12000,16700,4000,2000,7700,31500,14000,20400,25400,14500,9100,5200,7500,12700,37900,88700,11100,10400
365.0,9.12,656700,5965399.0,9.12,9.11,9.1,9.09,9.08,9.07,9.06,9.05,9.04,9.03,9.14,9.15,9.16,9.17,9.18,9.19,9.2,9.21,9.22,9.23,9100,4300,12000,16700,4000,2000,7700,31500,14000,20400,25100,14500,9100,5200,7500,12700,37900,88700,11100,10400
366.0,9.14,660600,6001001.0,9.12,9.11,9.1,9.09,9.08,9.07,9.06,9.05,9.04,9.03,9.14,9.15,9.16,9.17,9.18,9.19,9.2,9.21,9.22,9.23,8700,4300,9000,16700,4000,2000,7700,31500,14000,20400,24300,14500,9100,5200,7500,12700,37900,88700,11100,10400
367.0,9.12,671200,6097673.0,9.12,9.11,9.1,9.09,9.08,9.07,9.06,9.05,9.04,9.03,9.13,9.14,9.15,9.16,9.17,9.18,9.19,9.2,9.21,9.22,1900,4300,9000,16700,4000,2000,7700,31500,14000,20400,6400,26800,14500,9100,5200,7500,12700,37900,88700,11100
368.0,9.12,672200,6106800.0,9.12,9.11,9.1,9.09,9.08,9.07,9.06,9.05,9.04,9.03,9.13,9.14,9.15,9.16,9.17,9.18,9.19,9.2,9.21,9.22,1600,5300,9000,16600,4000,2000,7700,31500,14000,20400,5700,26800,14500,9100,5200,7500,12700,37900,88700,11100
369.0,9.12,673300,6116832.0,9.12,9.11,9.1,9.09,9.08,9.07,9.06,9.05,9.04,9.03,9.13,9.14,9.15,9.16,9.17,9.18,9.19,9.2,9.21,9.22,500,5300,9000,26600,4000,2000,7700,31500,14000,20400,5700,26800,14500,9500,5200,7500,12700,37900,88700,11100
370.0,9.12,679300,6171607.0,9.11,9.1,9.09,9.08,9.07,9.06,9.05,9.04,9.03,9.02,9.12,9.13,9.14,9.15,9.16,9.17,9.18,9.19,9.2,9.21,5300,9000,26600,4000,2000,7700,31500,14000,20400,16400,1100,200,26800,14500,9500,5200,7500,12700,37900,88700
371.0,9.12,686100,6233618.0,9.11,9.1,9.09,9.08,9.07,9.06,9.05,9.04,9.03,9.02,9.12,9.13,9.14,9.15,9.16,9.17,9.18,9.19,9.2,9.21,4800,9000,26600,4000,2000,7700,31500,14000,20400,16400,2200,200,25700,14500,9500,5200,7500,12700,37900,88700
372.0,9.12,686100,6233618.0,9.11,9.1,9.09,9.08,9.07,9.06,9.05,9.04,9.03,9.02,9.12,9.13,9.14,9.15,9.16,9.17,9.18,9.19,9.2,9.21,4800,9000,26600,4000,2000,7700,31500,14000,20400,16400,2400,200,25700,14500,9500,5200,7500,12700,37900,88700
373.0,9.11,686500,6237262.0,9.11,9.1,9.09,9.08,9.07,9.06,9.05,9.04,9.03,9.02,9.12,9.13,9.14,9.15,9.16,9.17,9.18,9.19,9.2,9.21,3400,9000,26600,4000,2000,7700,31500,14000,20400,16400,2400,200,25700,14500,12300,5200,7500,12700,37900,88700
374.0,9.12,688900,6259150.0,9.11,9.1,9.09,9.08,9.07,9.06,9.05,9.04,9.03,9.02,9.12,9.13,9.14,9.15,9.16,9.17,9.18,9.19,9.2,9.21,3400,9000,26600,4000,2000,7700,31500,14000,20400,16400,500,200,25700,14500,12300,5200,7500,12700,37900,88700
375.0,9.12,688900,6259150.0,9.11,9.1,9.09,9.08,9.07,9.06,9.05,9.04,9.03,9.02,9.12,9.13,9.14,9.15,9.16,9.17,9.18,9.19,9.2,9.21,3400,9000,26600,4000,2000,7700,31500,14000,20400,16400,500,200,25700,14500,12300,5200,7500,12700,37900,88700
376.0,9.11,689200,6261883.0,9.11,9.1,9.09,9.08,9.07,9.06,9.05,9.04,9.03,9.02,9.12,9.13,9.14,9.15,9.16,9.17,9.18,9.19,9.2,9.21,3100,9000,26600,4000,2000,7700,31500,14000,20400,16400,500,200,25700,14500,12300,5200,7500,12700,37900,88700
377.0,9.11,689200,6261883.0,9.11,9.1,9.09,9.08,9.07,9.06,9.05,9.04,9.03,9.02,9.12,9.13,9.14,9.15,9.16,9.17,9.18,9.19,9.2,9.21,3100,9000,26600,4000,2000,7700,31500,14000,20400,16400,500,200,23700,14500,12300,5200,7500,12700,37900,88700
378.0,9.11,689800,6267349.0,9.11,9.1,9.09,9.08,9.07,9.06,9.05,9.04,9.03,9.02,9.12,9.13,9.14,9.15,9.16,9.17,9.18,9.19,9.2,9.21,3100,9000,26600,4000,2000,7700,31500,14000,20400,16400,500,200,23700,14500,12300,5200,7500,12700,37900,88700
379.0,9.11,690300,6271904.0,9.11,9.1,9.09,9.08,9.07,9.06,9.05,9.04,9.03,9.02,9.12,9.13,9.14,9.15,9.16,9.17,9.18,9.19,9.2,9.21,2600,9000,26600,4000,2000,7700,31500,14000,20400,16400,500,200,23700,14500,12300,6200,7500,12700,37900,88700
380.0,9.12,690400,6272816.0,9.11,9.1,9.09,9.08,9.07,9.06,9.05,9.04,9.03,9.02,9.12,9.13,9.14,9.15,9.16,9.17,9.18,9.19,9.2,9.21,2600,9000,26600,4000,2000,7700,28800,14000,20400,16400,400,200,23700,14500,12300,6200,7500,12700,37900,88700
381.0,9.12,690400,6272816.0,9.11,9.1,9.09,9.08,9.07,9.06,9.05,9.04,9.03,9.02,9.12,9.13,9.14,9.15,9.16,9.17,9.18,9.19,9.2,9.21,2600,9000,26600,4000,2000,7700,28800,14000,20400,16400,400,200,23700,14500,12300,6200,7500,12700,37900,88700
382.0,9.12,690400,6272816.0,9.11,9.1,9.09,9.08,9.07,9.06,9.05,9.04,9.03,9.02,9.12,9.13,9.14,9.15,9.16,9.17,9.18,9.19,9.2,9.21,2600,9000,26600,4000,2000,7700,28800,14000,20400,16400,400,5100,23700,14500,12300,6200,7500,12700,37900,88700
383.0,9.11,691100,6279193.0,9.11,9.1,9.09,9.08,9.07,9.06,9.05,9.04,9.03,9.02,9.12,9.13,9.14,9.15,9.16,9.17,9.18,9.19,9.2,9.21,1800,9100,26600,4000,2000,7700,28800,15000,20400,16400,1300,5100,23700,14500,12300,6200,7500,12700,37900,88700
384.0,9.11,691100,6279193.0,9.11,9.1,9.09,9.08,9.07,9.06,9.05,9.04,9.03,9.02,9.12,9.13,9.14,9.15,9.16,9.17,9.18,9.19,9.2,9.21,1800,9100,26600,4000,2000,7700,28800,15000,20400,16400,1300,5100,24700,14500,12300,6200,7500,12900,37900,88700
385.0,9.11,691100,6279193.0,9.11,9.1,9.09,9.08,9.07,9.06,9.05,9.04,9.03,9.02,9.12,9.13,9.14,9.15,9.16,9.17,9.18,9.19,9.2,9.21,1800,9100,26600,4000,2000,7700,28800,15000,20400,16400,1300,5100,24700,13100,12300,6200,7500,12900,37900,88700
386.0,9.11,691500,6282837.0,9.11,9.1,9.09,9.08,9.07,9.06,9.05,9.04,9.03,9.02,9.12,9.13,9.14,9.15,9.16,9.17,9.18,9.19,9.2,9.21,1400,9100,26600,4000,2000,7700,28800,15000,20400,16400,1300,5100,24700,13100,13300,6200,7500,12900,37900,88700
387.0,9.11,691500,6282837.0,9.11,9.1,9.09,9.08,9.07,9.06,9.05,9.04,9.03,9.02,9.12,9.13,9.14,9.15,9.16,9.17,9.18,9.19,9.2,9.21,1400,9100,26600,4000,2000,7700,28800,15000,20400,16400,1300,5100,24700,13100,13300,6200,7500,12900,37900,88700
388.0,9.11,691600,6283748.0,9.11,9.1,9.09,9.08,9.07,9.06,9.05,9.04,9.03,9.02,9.12,9.13,9.14,9.15,9.16,9.17,9.18,9.19,9.2,9.21,1300,9100,26600,4000,2000,7700,28800,15000,20400,16400,1300,5100,24700,13100,13300,6200,7500,12900,37900,88700
389.0,9.11,691900,6286481.0,9.11,9.1,9.09,9.08,9.07,9.06,9.05,9.04,9.03,9.02,9.12,9.13,9.14,9.15,9.16,9.17,9.18,9.19,9.2,9.21,1000,9100,26600,4000,2000,8700,28800,15000,20400,16400,1400,5100,25000,13100,13300,6200,7500,12900,37900,88700
390.0,9.12,692200,6289215.0,9.11,9.1,9.09,9.08,9.07,9.06,9.05,9.04,9.03,9.02,9.12,9.13,9.14,9.15,9.16,9.17,9.18,9.19,9.2,9.21,800,9100,26600,4000,2000,8700,28800,15000,20400,16400,1400,5100,25000,13100,13300,6200,7500,12900,37900,88700
391.0,9.11,713900,6487320.0,9.11,9.1,9.09,9.08,9.07,9.06,9.05,9.04,9.03,9.02,9.12,9.13,9.14,9.15,9.16,9.17,9.18,9.19,9.2,9.21,1700,9100,15400,4000,2000,8700,28800,15000,20400,16400,10400,14000,25000,13400,13300,6200,7500,12900,37900,88700
392.0,9.12,717400,6519225.0,9.11,9.1,9.09,9.08,9.07,9.06,9.05,9.04,9.03,9.02,9.12,9.13,9.14,9.15,9.16,9.17,9.18,9.19,9.2,9.21,200,9100,15400,4000,2000,8700,28800,15000,20400,16400,8400,14300,25000,13400,13300,6200,7500,12900,37900,88700
393.0,9.12,717400,6519225.0,9.11,9.1,9.09,9.08,9.07,9.06,9.05,9.04,9.03,9.02,9.12,9.13,9.14,9.15,9.16,9.17,9.18,9.19,9.2,9.21,200,9400,15400,4000,2000,8700,28800,15000,20400,16400,12800,14300,25000,13400,13300,6200,7500,12900,37900,88700
394.0,9.12,717400,6519225.0,9.11,9.1,9.09,9.08,9.07,9.06,9.05,9.04,9.03,9.02,9.12,9.13,9.14,9.15,9.16,9.17,9.18,9.19,9.2,9.21,200,9400,15400,4000,2000,8700,28800,15000,20400,16400,12800,14300,25000,13400,13300,6200,7500,12900,37900,88700
395.0,9.1,717700,6521957.0,9.1,9.09,9.08,9.07,9.06,9.05,9.04,9.03,9.02,9.01,9.12,9.13,9.14,9.15,9.16,9.17,9.18,9.19,9.2,9.21,9300,15400,4000,2000,8700,28800,15000,20400,16400,32500,15800,14400,25000,13400,13300,6200,7500,12900,37900,88700
396.0,9.12,718900,6532883.0,9.11,9.1,9.09,9.08,9.07,9.06,9.05,9.04,9.03,9.02,9.12,9.13,9.14,9.15,9.16,9.17,9.18,9.19,9.2,9.21,1800,9800,15400,4000,2000,8700,28800,15000,20400,16400,16800,14000,25000,13400,13300,6200,7500,12900,37900,88700
397.0,9.12,718900,6532883.0,9.11,9.1,9.09,9.08,9.07,9.06,9.05,9.04,9.03,9.02,9.12,9.13,9.14,9.15,9.16,9.17,9.18,9.19,9.2,9.21,1800,10900,15400,5000,2000,8700,28800,15000,20400,16400,16900,22500,25000,13400,13300,6200,7500,12900,37900,88700
398.0,9.11,723200,6572066.0,9.1,9.09,9.08,9.07,9.06,9.05,9.04,9.03,9.02,9.01,9.11,9.12,9.13,9.14,9.15,9.16,9.17,9.18,9.19,9.2,10900,15400,5000,2000,8700,28800,15000,20400,16400,32500,500,16000,24100,25000,13400,13300,6200,7500,12900,37900
399.0,9.12,725300,6591193.0,9.1,9.09,9.08,9.07,9.06,9.05,9.04,9.03,9.02,9.01,9.12,9.13,9.14,9.15,9.16,9.17,9.18,9.19,9.2,9.21,9900,15400,9000,2000,8700,28800,15000,20400,16400,32500,15400,24700,25000,13600,13300,6200,7500,12900,37900,88700
400.0,9.12,725300,6591193.0,9.1,9.09,9.08,9.07,9.06,9.05,9.04,9.03,9.02,9.01,9.12,9.13,9.14,9.15,9.16,9.17,9.18,9.19,9.2,9.21,9900,15400,9000,2000,8700,28800,15000,20400,16400,32500,15400,20700,25000,13600,13300,6200,7500,12900,37900,88700
401.0,9.12,725300,6591193.0,9.1,9.09,9.08,9.07,9.06,9.05,9.04,9.03,9.02,9.01,9.12,9.13,9.14,9.15,9.16,9.17,9.18,9.19,9.2,9.21,9900,15400,9000,2000,8700,28800,15000,20400,16400,32500,15400,20600,25000,13600,13300,6200,7500,12900,37900,88700
402.0,9.1,728100,6616673.0,9.1,9.09,9.08,9.07,9.06,9.05,9.04,9.03,9.02,9.01,9.12,9.13,9.14,9.15,9.16,9.17,9.18,9.19,9.2,9.21,8400,15400,9000,2000,8700,28800,15000,20400,16400,32500,10600,12000,25000,13600,13300,6200,7500,12900,37900,88700
403.0,9.12,729100,6625793.0,9.1,9.09,9.08,9.07,9.06,9.05,9.04,9.03,9.02,9.01,9.12,9.13,9.14,9.15,9.16,9.17,9.18,9.19,9.2,9.21,8400,15400,9000,2000,8700,28800,15000,20400,16400,32500,9600,10400,25000,13600,13300,6200,7500,12900,37900,88700
404.0,9.12,729100,6625793.0,9.1,9.09,9.08,9.07,9.06,9.05,9.04,9.03,9.02,9.01,9.12,9.13,9.14,9.15,9.16,9.17,9.18,9.19,9.2,9.21,9200,11400,9000,2000,8700,28800,15000,20400,16400,32500,10400,9700,25000,13600,13300,6200,7500,12900,37900,88700
405.0,9.12,731000,6643103.0,9.11,9.1,9.09,9.08,9.07,9.06,9.05,9.04,9.03,9.02,9.12,9.13,9.14,9.15,9.16,9.17,9.18,9.19,9.2,9.21,100,8800,11400,9000,2000,8700,28800,15000,20400,16400,9900,9700,25000,13600,13300,6200,7500,12900,37900,88700
406.0,9.12,731000,6643103.0,9.11,9.1,9.09,9.08,9.07,9.06,9.05,9.04,9.03,9.02,9.12,9.13,9.14,9.15,9.16,9.17,9.18,9.19,9.2,9.21,100,8800,11400,9000,2000,8700,28800,15000,20400,16400,9900,9700,25000,13600,13300,6200,7500,12900,37900,88700
407.0,9.11,731300,6645836.0,9.1,9.09,9.08,9.07,9.06,9.05,9.04,9.03,9.02,9.01,9.11,9.12,9.13,9.14,9.15,9.16,9.17,9.18,9.19,9.2,8800,11400,9000,2000,8700,28800,15000,20400,16400,32500,1300,11700,9300,25000,13600,13300,6200,7500,12900,37900
408.0,9.11,731300,6645836.0,9.1,9.09,9.08,9.07,9.06,9.05,9.04,9.03,9.02,9.01,9.11,9.12,9.13,9.14,9.15,9.16,9.17,9.18,9.19,9.2,8800,11400,9000,2000,8700,28800,15000,20400,16400,32500,1300,8700,9300,25000,13600,13300,6200,7500,12900,37900
409.0,9.11,732200,6654027.0,9.1,9.09,9.08,9.07,9.06,9.05,9.04,9.03,9.02,9.01,9.11,9.12,9.13,9.14,9.15,9.16,9.17,9.18,9.19,9.2,8000,11400,9000,2000,8700,28800,15000,20400,16400,32500,1200,8700,9300,25000,13600,13300,6200,7500,12900,37900
410.0,9.11,732200,6654027.0,9.1,9.09,9.08,9.07,9.06,9.05,9.04,9.03,9.02,9.01,9.11,9.12,9.13,9.14,9.15,9.16,9.17,9.18,9.19,9.2,8000,11400,9000,2000,20100,28800,15000,20400,16400,32500,1200,8700,9300,25000,13600,13300,6200,7500,12900,37900
411.0,9.11,732200,6654027.0,9.1,9.09,9.08,9.07,9.06,9.05,9.04,9.03,9.02,9.01,9.11,9.12,9.13,9.14,9.15,9.16,9.17,9.18,9.19,9.2,8000,11400,9000,3000,20100,28800,15000,20400,16400,32500,1200,12700,1500,25500,13600,13300,6200,7500,12900,37900
412.0,9.1,733000,6661307.0,9.1,9.09,9.08,9.07,9.06,9.05,9.04,9.03,9.02,9.01,9.11,9.12,9.13,9.14,9.15,9.16,9.17,9.18,9.19,9.2,7200,11400,9000,3000,20100,28800,15000,20400,16400,32500,1200,12700,1500,25500,13600,13300,6200,7500,12900,37900
413.0,9.11,735200,6681335.0,9.1,9.09,9.08,9.07,9.06,9.05,9.04,9.03,9.02,9.01,9.11,9.12,9.13,9.14,9.15,9.16,9.17,9.18,9.19,9.2,5800,11400,9000,3000,20100,28800,15000,20400,16400,32500,400,12700,1500,25500,13600,13300,6200,7500,12900,37900
414.0,9.11,735200,6681335.0,9.1,9.09,9.08,9.07,9.06,9.05,9.04,9.03,9.02,9.01,9.11,9.12,9.13,9.14,9.15,9.16,9.17,9.18,9.19,9.2,5800,11400,9000,3000,24100,28800,15000,20400,16400,32500,10400,12700,1500,25500,13600,13300,6200,7500,12900,37900
415.0,9.1,735700,6685885.0,9.1,9.09,9.08,9.07,9.06,9.05,9.04,9.03,9.02,9.01,9.11,9.12,9.13,9.14,9.15,9.16,9.17,9.18,9.19,9.2,5600,11400,9000,3000,24100,28800,15000,20400,16400,32500,10400,12700,1500,25500,13600,13300,6200,7500,12900,37900
416.0,9.11,747400,6792472.0,9.1,9.09,9.08,9.07,9.06,9.05,9.04,9.03,9.02,9.01,9.11,9.12,9.13,9.14,9.15,9.16,9.17,9.18,9.19,9.2,5600,11400,9000,3000,24100,28800,15000,20400,16400,32500,400,9900,1500,25500,13600,13300,6200,7500,12900,37900
417.0,9.11,747600,6794294.0,9.1,9.09,9.08,9.07,9.06,9.05,9.04,9.03,9.02,9.01,9.11,9.12,9.13,9.14,9.15,9.16,9.17,9.18,9.19,9.2,5600,11400,9000,3000,24100,28800,15000,20400,16400,32500,200,9900,1500,25500,13600,13300,6200,7500,12900,37900
418.0,9.11,747600,6794294.0,9.1,9.09,9.08,9.07,9.06,9.05,9.04,9.03,9.02,9.01,9.11,9.12,9.13,9.14,9.15,9.16,9.17,9.18,9.19,9.2,5700,11400,9000,3000,24100,28800,15000,20400,16400,32500,200,9900,1500,25500,13600,13300,6200,7500,12900,37900
419.0,9.12,748600,6803402.0,9.11,9.1,9.09,9.08,9.07,9.06,9.05,9.04,9.03,9.02,9.12,9.13,9.14,9.15,9.16,9.17,9.18,9.19,9.2,9.21,100,5200,11400,9000,3000,24100,28800,15000,20400,16400,12200,1500,25500,13600,13300,6200,7500,12900,37900,92000
420.0,9.11,748900,6806135.0,9.1,9.09,9.08,9.07,9.06,9.05,9.04,9.03,9.02,9.01,9.11,9.12,9.13,9.14,9.15,9.16,9.17,9.18,9.19,9.2,5200,11400,9000,3000,24100,28800,15000,20400,16400,32500,1100,12200,5400,25500,13600,13300,6200,7500,12900,37900
421.0,9.11,750000,6816156.0,9.11,9.1,9.09,9.08,9.07,9.06,9.05,9.04,9.03,9.02,9.12,9.13,9.14,9.15,9.16,9.17,9.18,9.19,9.2,9.21,200,5300,11400,9000,3000,24100,28800,15000,20400,16400,12200,5400,25500,13600,13300,6200,7500,12900,37900,92000
422.0,9.11,751800,6832554.0,9.1,9.09,9.08,9.07,9.06,9.05,9.04,9.03,9.02,9.01,9.11,9.12,9.13,9.14,9.15,9.16,9.17,9.18,9.19,9.2,5400,11400,9000,3000,24100,28800,15000,20400,16400,32500,2700,9600,5400,25500,13600,13300,6200,7500,12900,37900
