LocalTime,LastPrice,TradeVolume,TradeValue,BidPrice1,BidPrice2,BidPrice3,BidPrice4,BidPrice5,BidPrice6,BidPrice7,BidPrice8,BidPrice9,BidPriceA,AskPrice1,AskPrice2,AskPrice3,AskPrice4,AskPrice5,AskPrice6,AskPrice7,AskPrice8,AskPrice9,AskPriceA,BidVolume1,BidVolume2,BidVolume3,BidVolume4,BidVolume5,BidVolume6,BidVolume7,BidVolume8,BidVolume9,BidVolumeA,AskVolume1,AskVolume2,AskVolume3,AskVolume4,AskVolume5,AskVolume6,AskVolume7,AskVolume8,AskVolume9,AskVolumeA
0.0,5.42,12100,65582.0,5.42,5.41,5.4,5.39,5.38,5.37,5.36,5.35,5.34,5.33,5.43,5.45,5.46,5.47,5.48,5.49,5.5,5.51,5.52,5.53,1000,500,300,3200,2900,34500,12800,6000,10800,9800,500,4900,10300,8500,15700,9000,6000,6000,3800,10100
1.0,5.41,13600,73707.0,5.4,5.39,5.38,5.37,5.36,5.35,5.34,5.33,5.32,5.31,5.41,5.42,5.43,5.45,5.46,5.47,5.48,5.49,5.5,5.51,300,3200,2900,34500,12800,6000,10800,19800,15000,6700,500,4800,500,6900,10300,8500,15700,9000,9900,6000
2.0,5.41,13600,73707.0,5.4,5.39,5.38,5.37,5.36,5.35,5.34,5.33,5.32,5.31,5.41,5.42,5.43,5.45,5.46,5.47,5.48,5.49,5.5,5.51,300,3200,2900,34500,10800,6000,10800,19800,15000,6700,500,4800,1000,6900,10300,9600,15700,9000,9900,6000
3.0,5.42,14600,79122.0,5.4,5.39,5.38,5.37,5.36,5.35,5.34,5.33,5.32,5.31,5.42,5.43,5.45,5.46,5.47,5.48,5.49,5.5,5.51,5.52,300,3200,7100,34500,10800,17300,10800,19800,15000,6700,4300,6000,7900,10300,9600,15700,9000,17800,6200,3800
4.0,5.42,14700,79664.0,5.4,5.39,5.38,5.37,5.36,5.35,5.34,5.33,5.32,5.31,5.42,5.43,5.45,5.46,5.47,5.48,5.49,5.5,5.51,5.52,300,3200,7100,34500,13800,17300,10800,19800,15000,6700,14200,6000,7900,10300,9600,15700,9000,17800,6200,3800
5.0,5.38,21100,114234.0,5.38,5.37,5.36,5.35,5.34,5.33,5.32,5.31,5.3,5.28,5.42,5.43,5.45,5.46,5.47,5.48,5.49,5.5,5.51,5.52,6700,34500,13800,17300,10800,19800,15000,12700,19300,100,31700,6000,7900,10300,9600,15700,9000,17800,8200,3800
6.0,5.38,21100,114234.0,5.38,5.37,5.36,5.35,5.34,5.33,5.32,5.31,5.3,5.28,5.4,5.41,5.42,5.43,5.45,5.46,5.47,5.48,5.49,5.5,6700,34500,13800,20300,10800,19800,15000,12700,19300,100,500,100,32000,6000,7900,10300,14600,15700,9000,18700
7.0,5.38,21100,114234.0,5.38,5.37,5.36,5.35,5.34,5.33,5.32,5.31,5.3,5.28,5.4,5.41,5.42,5.43,5.45,5.46,5.47,5.48,5.49,5.5,6700,34500,13800,20300,10800,19800,15000,12700,20300,100,500,100,32000,6000,7900,10300,14600,15700,9000,18700
8.0,5.41,23900,129396.0,5.41,5.38,5.37,5.36,5.35,5.34,5.33,5.32,5.31,5.3,5.42,5.43,5.45,5.46,5.47,5.48,5.49,5.5,5.51,5.52,2000,8200,34500,13800,20300,10800,19800,15000,13700,20300,30100,6000,11400,10300,14600,15700,9000,18700,8200,3800
9.0,5.4,26000,140756.0,5.38,5.37,5.36,5.35,5.34,5.33,5.32,5.31,5.3,5.28,5.41,5.42,5.43,5.45,5.46,5.47,5.48,5.49,5.5,5.51,8200,34500,13800,24300,10800,19800,15000,13700,20300,100,2800,30700,6000,11400,10300,14600,15700,9000,19000,8200
10.0,5.4,26000,140756.0,5.38,5.37,5.36,5.35,5.34,5.33,5.32,5.31,5.3,5.28,5.41,5.42,5.43,5.45,5.46,5.47,5.48,5.49,5.5,5.51,8200,31500,13800,24300,10800,19800,15000,13700,20300,100,3700,30700,6000,11400,10300,14600,15700,9000,19000,8200
11.0,5.4,26000,140756.0,5.38,5.37,5.36,5.35,5.34,5.33,5.32,5.31,5.3,5.28,5.4,5.41,5.42,5.43,5.45,5.46,5.47,5.48,5.49,5.5,8200,31500,10800,24300,10800,19800,15000,13700,20300,100,1600,3700,30700,6000,11400,10300,14600,15700,9000,19000
12.0,5.4,26000,140756.0,5.38,5.37,5.36,5.35,5.34,5.33,5.32,5.31,5.3,5.28,5.4,5.41,5.42,5.43,5.45,5.46,5.47,5.48,5.49,5.5,8200,31500,10800,24300,10800,19800,15000,13700,20300,100,1600,3700,30700,6000,11400,10300,14600,15700,9000,19000
13.0,5.39,26700,144529.0,5.39,5.38,5.37,5.36,5.35,5.34,5.33,5.32,5.31,5.3,5.4,5.41,5.42,5.43,5.45,5.46,5.47,5.48,5.49,5.5,4300,8200,31500,10800,21300,10800,19800,15000,13700,20300,1900,3000,30700,6000,11400,10300,14600,15700,9000,19000
14.0,5.39,29700,160699.0,5.39,5.38,5.37,5.36,5.35,5.34,5.33,5.32,5.31,5.3,5.4,5.41,5.42,5.43,5.45,5.46,5.47,5.48,5.49,5.5,1300,8200,31500,10800,21300,10800,19800,15000,13700,20300,3000,3000,30700,6000,11400,10300,14600,15700,9000,19000
15.0,5.39,29700,160699.0,5.39,5.38,5.37,5.36,5.35,5.34,5.33,5.32,5.31,5.3,5.4,5.41,5.42,5.43,5.45,5.46,5.47,5.48,5.49,5.5,1300,8200,31500,10800,21300,10800,19800,15000,13700,20300,3000,3000,30700,6000,11400,10300,14600,15700,9000,19000
16.0,5.39,29700,160699.0,5.39,5.38,5.37,5.36,5.35,5.34,5.33,5.32,5.31,5.3,5.4,5.41,5.42,5.43,5.45,5.46,5.47,5.48,5.49,5.5,1300,8200,31500,10800,21900,7800,19800,15000,13700,20300,3000,3000,30700,6000,11400,10300,14600,15700,9000,19000
17.0,5.38,32900,177928.0,5.38,5.37,5.36,5.35,5.34,5.33,5.32,5.31,5.3,5.28,5.39,5.4,5.41,5.42,5.43,5.45,5.46,5.47,5.48,5.49,6300,31500,10800,21900,7800,19800,15000,13700,20300,100,1300,7800,5000,30700,6000,11400,10300,14600,15700,9000
18.0,5.38,32900,177928.0,5.38,5.37,5.36,5.35,5.34,5.33,5.32,5.31,5.3,5.28,5.39,5.4,5.41,5.42,5.43,5.45,5.46,5.47,5.48,5.49,8300,31500,10800,21900,7800,19800,15000,13700,20300,100,1300,8000,5000,30600,6000,11400,10300,14600,15700,9000
19.0,5.38,32900,177928.0,5.38,5.37,5.36,5.35,5.34,5.33,5.32,5.31,5.3,5.28,5.39,5.4,5.41,5.42,5.43,5.45,5.46,5.47,5.48,5.49,8300,31500,10800,21900,7800,19800,15000,13700,20300,100,1300,8000,5000,30600,6000,11400,10300,14600,15700,9000
20.0,5.38,32900,177928.0,5.38,5.37,5.36,5.35,5.34,5.33,5.32,5.31,5.3,5.28,5.39,5.4,5.41,5.42,5.43,5.45,5.46,5.47,5.48,5.49,8300,31500,10800,21900,7800,19800,15000,13700,20300,100,1300,8000,5000,30600,6000,11400,10300,14600,15700,9000
21.0,5.38,32900,177928.0,5.38,5.37,5.36,5.35,5.34,5.33,5.32,5.31,5.3,5.28,5.39,5.4,5.41,5.42,5.43,5.45,5.46,5.47,5.48,5.49,8300,31500,10800,21900,7800,19800,15000,13700,20300,100,1300,8000,5000,30600,6000,11400,10300,14600,15700,9000
22.0,5.39,33100,179006.0,5.38,5.37,5.36,5.35,5.34,5.33,5.32,5.31,5.3,5.28,5.39,5.4,5.41,5.42,5.43,5.45,5.46,5.47,5.48,5.49,8300,31500,10800,21900,7800,19800,15000,13700,20300,100,1100,8000,5000,30600,6000,11400,10300,14600,15700,9000
23.0,5.39,33100,179006.0,5.38,5.37,5.36,5.35,5.34,5.33,5.32,5.31,5.3,5.28,5.39,5.4,5.41,5.42,5.43,5.45,5.46,5.47,5.48,5.49,8300,31500,10800,21900,7800,19800,15000,13700,20300,100,1100,8000,5000,30600,6000,11400,10300,14600,15700,9000
24.0,5.39,33100,179006.0,5.38,5.37,5.36,5.35,5.34,5.33,5.32,5.31,5.3,5.28,5.39,5.4,5.41,5.42,5.43,5.45,5.46,5.47,5.48,5.49,8800,31500,10800,21900,7800,16800,15000,13700,20300,100,1100,7700,5000,30600,6000,11400,10300,14600,15700,9000
25.0,5.39,33100,179006.0,5.38,5.37,5.36,5.35,5.34,5.33,5.32,5.31,5.3,5.28,5.39,5.4,5.41,5.42,5.43,5.45,5.46,5.47,5.48,5.49,8800,31500,10800,21900,7800,16800,15000,13700,20300,100,1100,7700,5000,30600,6000,11400,10300,14600,15700,9000
26.0,5.39,33100,179006.0,5.38,5.37,5.36,5.35,5.34,5.33,5.32,5.31,5.3,5.28,5.39,5.4,5.41,5.42,5.43,5.45,5.46,5.47,5.48,5.49,9800,31500,10800,21900,7800,16800,15000,13700,20300,100,1100,7700,5000,30600,6000,11400,10300,14600,15700,9000
27.0,5.39,33100,179006.0,5.38,5.37,5.36,5.35,5.34,5.33,5.32,5.31,5.3,5.28,5.39,5.4,5.41,5.42,5.43,5.45,5.46,5.47,5.48,5.49,9800,31500,10800,21900,7800,16800,15000,13700,20300,100,1100,7700,5000,30600,6000,11400,10300,14600,15700,9000
28.0,5.39,33100,179006.0,5.38,5.37,5.36,5.35,5.34,5.33,5.32,5.31,5.3,5.28,5.39,5.4,5.41,5.42,5.43,5.44,5.45,5.46,5.47,5.48,9800,31500,10800,21900,7800,16800,12000,13700,20300,100,1100,7700,5000,30600,6000,48200,11400,10300,14600,15700
29.0,5.39,33100,179006.0,5.38,5.37,5.36,5.35,5.34,5.33,5.32,5.31,5.3,5.28,5.39,5.4,5.41,5.42,5.43,5.44,5.45,5.46,5.47,5.48,9800,31500,10800,21900,7800,16800,12000,13700,20300,100,2400,7600,5000,30600,6000,48200,11400,10300,14600,15700
30.0,5.39,33100,179006.0,5.38,5.37,5.36,5.35,5.34,5.33,5.32,5.31,5.3,5.28,5.39,5.4,5.41,5.42,5.43,5.44,5.45,5.46,5.47,5.48,10800,31500,10800,21900,7800,16800,12000,13700,20300,100,2600,7600,5000,30600,6000,48200,11400,10300,14600,15700
31.0,5.39,33100,179006.0,5.38,5.37,5.36,5.35,5.34,5.33,5.32,5.31,5.3,5.28,5.39,5.4,5.41,5.42,5.43,5.44,5.45,5.46,5.47,5.48,10800,31500,10800,21900,7800,16800,12000,10700,20300,100,3300,7600,5000,30300,6000,48200,11400,10300,14600,15700
32.0,5.38,36200,195684.0,5.38,5.37,5.36,5.35,5.34,5.33,5.32,5.31,5.3,5.28,5.39,5.4,5.41,5.42,5.43,5.44,5.45,5.46,5.47,5.48,7700,37200,10800,21900,7800,16800,12000,10700,20300,100,3400,7600,5000,30300,6000,48200,11400,10300,14600,15700
33.0,5.38,37200,201064.0,5.38,5.37,5.36,5.35,5.34,5.33,5.32,5.31,5.3,5.28,5.39,5.4,5.41,5.42,5.43,5.44,5.45,5.46,5.47,5.48,6700,37200,10800,21900,7800,16800,12000,10700,20300,100,3900,7600,5000,30300,6000,48200,11400,10300,14600,15700
34.0,5.38,37200,201064.0,5.38,5.37,5.36,5.35,5.34,5.33,5.32,5.31,5.3,5.28,5.39,5.4,5.41,5.42,5.43,5.44,5.45,5.46,5.47,5.48,6700,37200,10800,21900,7800,16800,12000,10700,20300,100,4000,7600,5000,30300,6000,48200,11400,10300,14800,15700
35.0,5.38,37800,204292.0,5.38,5.37,5.36,5.35,5.34,5.33,5.32,5.31,5.3,5.28,5.39,5.4,5.41,5.42,5.43,5.44,5.45,5.46,5.47,5.48,6100,37200,10800,21900,7800,16800,12000,10700,17300,100,4000,7600,5000,30300,6000,48200,11400,10300,14800,15700
36.0,5.39,39800,215072.0,5.38,5.37,5.36,5.35,5.34,5.33,5.32,5.31,5.3,5.28,5.39,5.4,5.41,5.42,5.43,5.44,5.45,5.46,5.47,5.48,6100,37200,10800,21900,7800,16800,12000,10700,17300,100,2000,7600,5000,30300,6000,48200,11400,10300,13700,15700
37.0,5.39,43900,237151.0,5.39,5.38,5.37,5.36,5.35,5.34,5.33,5.32,5.31,5.3,5.4,5.41,5.42,5.43,5.44,5.45,5.46,5.47,5.48,5.49,300,15700,37200,10800,21900,7800,16800,12000,10700,17300,6100,5000,30300,6000,48200,11400,10300,13700,15700,9000
38.0,5.4,44200,238771.0,5.39,5.38,5.37,5.36,5.35,5.34,5.33,5.32,5.31,5.3,5.4,5.41,5.42,5.43,5.44,5.45,5.46,5.47,5.48,5.49,600,16700,37200,10800,21900,7800,16800,12000,10700,17300,5800,5000,30300,6000,48200,11400,10300,13700,15700,9000
39.0,5.4,44200,238771.0,5.39,5.38,5.37,5.36,5.35,5.34,5.33,5.32,5.31,5.3,5.4,5.41,5.42,5.43,5.44,5.45,5.46,5.47,5.48,5.49,600,16700,37200,10800,21900,7800,16800,12000,10700,17300,5800,5000,30300,6000,48200,11400,10300,13700,15700,9000
40.0,5.4,44400,239851.0,5.39,5.38,5.37,5.36,5.35,5.34,5.33,5.32,5.31,5.3,5.4,5.41,5.42,5.43,5.44,5.45,5.46,5.47,5.48,5.49,600,16700,37200,10800,21900,7800,16800,12000,10700,17300,5700,5000,30300,6000,48200,11400,10300,13700,15700,9000
41.0,5.4,45300,244710.0,5.39,5.38,5.37,5.36,5.35,5.34,5.33,5.32,5.31,5.3,5.4,5.41,5.42,5.43,5.44,5.45,5.46,5.47,5.48,5.49,400,16700,37200,10800,21900,7800,16800,12000,10700,17300,4900,5000,30300,6000,48200,11400,10300,13700,15700,9000
42.0,5.4,45700,246869.0,5.39,5.38,5.37,5.36,5.35,5.34,5.33,5.32,5.31,5.3,5.4,5.41,5.42,5.43,5.44,5.45,5.46,5.47,5.48,5.49,300,16700,37200,10800,21900,7800,16800,12000,10700,17300,4700,5000,30300,6000,48200,11400,10300,13700,15700,9000
43.0,5.4,45800,247409.0,5.39,5.38,5.37,5.36,5.35,5.34,5.33,5.32,5.31,5.3,5.4,5.41,5.42,5.43,5.44,5.45,5.46,5.47,5.48,5.49,300,16700,37200,10800,21900,7800,16800,12000,10700,17300,4600,5000,30300,6000,48200,11400,10300,13700,15700,9000
44.0,5.4,45800,247409.0,5.39,5.38,5.37,5.36,5.35,5.34,5.33,5.32,5.31,5.3,5.4,5.41,5.42,5.43,5.44,5.45,5.46,5.47,5.48,5.49,5800,19700,37200,10800,21900,7800,16800,12000,10700,17300,4600,5000,30300,6000,48200,11400,10300,13700,15700,9000
45.0,5.4,47500,256589.0,5.39,5.38,5.37,5.36,5.35,5.34,5.33,5.32,5.31,5.3,5.4,5.41,5.42,5.43,5.44,5.45,5.46,5.47,5.48,5.49,6800,19700,37200,10800,21900,7800,16800,12000,10700,17300,2900,5000,30300,6000,48200,11400,10300,13700,15700,9000
46.0,5.4,49200,265769.0,5.39,5.38,5.37,5.36,5.35,5.34,5.33,5.32,5.31,5.3,5.4,5.41,5.42,5.43,5.44,5.45,5.46,5.47,5.48,5.49,6800,19700,37200,10800,21900,7800,16800,12000,10700,17300,1200,5000,30300,6000,48200,11400,10300,13700,15700,9000
47.0,5.41,51300,277106.0,5.4,5.39,5.38,5.37,5.36,5.35,5.34,5.33,5.32,5.31,5.41,5.42,5.43,5.44,5.45,5.46,5.47,5.48,5.49,5.5,800,6200,19700,37200,10800,21900,7800,16800,12000,10700,4700,30300,6000,48200,11400,10300,13700,12700,9000,19000
48.0,5.41,51300,277106.0,5.4,5.39,5.38,5.37,5.36,5.35,5.34,5.33,5.32,5.31,5.41,5.42,5.43,5.44,5.45,5.46,5.47,5.48,5.49,5.5,800,6200,19700,37200,10800,21900,7800,16800,12000,10700,4700,10300,6000,48200,11400,10300,13700,12700,9000,19000
49.0,5.41,51300,277106.0,5.4,5.39,5.38,5.37,5.36,5.35,5.34,5.33,5.32,5.31,5.41,5.42,5.43,5.44,5.45,5.46,5.47,5.48,5.49,5.5,800,6200,19700,37200,10800,21900,7800,16800,12000,10700,4700,10300,6000,48200,11400,10300,13700,12700,9000,19000
50.0,5.4,52100,281428.0,5.4,5.39,5.38,5.37,5.36,5.35,5.34,5.33,5.32,5.31,5.41,5.42,5.43,5.44,5.45,5.46,5.47,5.48,5.49,5.5,500,6200,19700,37200,10800,21900,7800,16800,12000,10700,4600,10300,6000,48200,11400,10300,13700,12700,9000,19000
51.0,5.4,52100,281428.0,5.4,5.39,5.38,5.37,5.36,5.35,5.34,5.33,5.32,5.31,5.41,5.42,5.43,5.44,5.45,5.46,5.47,5.48,5.49,5.5,500,6200,20700,37200,10800,21900,7800,16800,12000,10700,4800,10300,6000,48200,11400,10300,13700,12700,9000,19000
52.0,5.4,52100,281428.0,5.4,5.39,5.38,5.37,5.36,5.35,5.34,5.33,5.32,5.31,5.41,5.42,5.43,5.44,5.45,5.46,5.47,5.48,5.49,5.5,500,6200,20700,37200,10800,21900,7800,16800,12000,10700,4800,10300,6000,48200,11400,10300,13700,12700,6000,19000
53.0,5.41,52600,284133.0,5.4,5.39,5.38,5.37,5.36,5.35,5.34,5.33,5.32,5.31,5.41,5.42,5.43,5.44,5.45,5.46,5.47,5.48,5.49,5.5,500,6200,20700,37200,10800,21900,7800,16800,12000,10700,4400,10300,6000,48200,11400,10300,13700,12700,6000,19000
54.0,5.4,52700,284673.0,5.4,5.39,5.38,5.37,5.36,5.35,5.34,5.33,5.32,5.31,5.41,5.42,5.43,5.44,5.45,5.46,5.47,5.48,5.49,5.5,400,6200,20700,37200,10800,21900,7800,16800,12000,10700,4400,10300,6000,48200,11400,10300,13700,12700,6000,19000
55.0,5.4,52700,284673.0,5.4,5.39,5.38,5.37,5.36,5.35,5.34,5.33,5.32,5.31,5.41,5.42,5.43,5.44,5.45,5.46,5.47,5.48,5.49,5.5,400,8200,20700,37200,10800,21900,7800,16800,12000,10700,4500,10300,6000,48200,11400,10300,13700,12700,6000,19000
56.0,5.4,52700,284673.0,5.4,5.39,5.38,5.37,5.36,5.35,5.34,5.33,5.32,5.31,5.41,5.42,5.43,5.44,5.45,5.46,5.47,5.48,5.49,5.5,500,8200,20700,37200,10800,21900,7800,16800,12000,10700,4500,10300,6000,48200,11400,10300,13700,12700,6000,19000
57.0,5.4,53300,287913.0,5.39,5.38,5.37,5.36,5.35,5.34,5.33,5.32,5.31,5.3,5.4,5.41,5.42,5.43,5.44,5.45,5.46,5.47,5.48,5.49,8200,20700,37200,10800,21900,7800,16800,12000,10700,19300,600,4400,10300,6000,48200,11400,10300,13700,12700,6000
58.0,5.4,53400,288453.0,5.39,5.38,5.37,5.36,5.35,5.34,5.33,5.32,5.31,5.3,5.4,5.41,5.42,5.43,5.44,5.45,5.46,5.47,5.48,5.49,8200,20700,37200,10800,21900,7800,16800,12000,10700,19300,600,4400,10300,6000,48200,11400,10300,13700,12700,6000
59.0,5.39,54200,292765.0,5.39,5.38,5.37,5.36,5.35,5.34,5.33,5.32,5.31,5.3,5.4,5.41,5.42,5.43,5.44,5.45,5.46,5.47,5.48,5.49,7400,20700,37200,10800,21900,7800,16800,12000,10700,19300,600,4400,10300,6000,48200,11400,10300,13700,12700,6000
60.0,5.39,54200,292765.0,5.39,5.38,5.37,5.36,5.35,5.34,5.33,5.32,5.31,5.3,5.4,5.41,5.42,5.43,5.44,5.45,5.46,5.47,5.48,5.49,7400,20700,37200,10800,21900,7800,16800,12000,10700,19300,600,4300,10300,6000,48200,11400,10300,13700,12700,6000
61.0,5.4,54400,293845.0,5.39,5.38,5.37,5.36,5.35,5.34,5.33,5.32,5.31,5.3,5.4,5.41,5.42,5.43,5.44,5.45,5.46,5.47,5.48,5.49,7400,20700,37200,10800,21900,7800,16800,12000,10700,19300,2300,4300,10300,6000,48200,11400,10300,13700,12700,6000
62.0,5.4,54600,294925.0,5.39,5.38,5.37,5.36,5.35,5.34,5.33,5.32,5.31,5.3,5.4,5.41,5.42,5.43,5.44,5.45,5.46,5.47,5.48,5.49,8500,20700,37200,10800,21900,7800,16800,12000,10700,19300,2100,4300,10300,6000,48200,11400,10300,13700,12700,6000
63.0,5.4,54600,294925.0,5.39,5.38,5.37,5.36,5.35,5.34,5.33,5.32,5.31,5.3,5.4,5.41,5.42,5.43,5.44,5.45,5.46,5.47,5.48,5.49,8500,20700,37200,10800,21900,7800,16800,12000,10700,19300,2100,4300,10300,6000,48200,11400,10300,13700,12700,6000
64.0,5.4,54600,294925.0,5.39,5.38,5.37,5.36,5.35,5.34,5.33,5.32,5.31,5.3,5.4,5.41,5.42,5.43,5.44,5.45,5.46,5.47,5.48,5.49,8500,20700,37200,10800,21900,7800,16800,12000,10700,19300,2100,4300,10300,6000,48200,11400,10300,13700,12700,6000
65.0,5.39,56300,304088.0,5.39,5.38,5.37,5.36,5.35,5.34,5.33,5.32,5.31,5.3,5.4,5.41,5.42,5.43,5.44,5.45,5.46,5.47,5.48,5.49,6800,20700,37200,16300,21900,7800,16800,12000,10700,19300,2100,4300,10300,6000,48200,11400,10300,13700,12700,6000
66.0,5.4,56500,305168.0,5.39,5.38,5.37,5.36,5.35,5.34,5.33,5.32,5.31,5.3,5.4,5.41,5.42,5.43,5.44,5.45,5.46,5.47,5.48,5.49,6800,20700,37200,16300,21900,7800,16800,12000,10700,19300,1900,4300,10300,6000,48200,11400,10300,13700,12700,6000
67.0,5.4,56500,305168.0,5.39,5.38,5.37,5.36,5.35,5.34,5.33,5.32,5.31,5.3,5.4,5.41,5.42,5.43,5.44,5.45,5.46,5.47,5.48,5.49,6800,20700,37200,16300,21900,7800,16800,12000,10700,19300,1900,4300,10300,6000,48200,11400,10300,13700,12700,6000
68.0,5.4,57700,311648.0,5.39,5.38,5.37,5.36,5.35,5.34,5.33,5.32,5.31,5.3,5.4,5.41,5.42,5.43,5.44,5.45,5.46,5.47,5.48,5.49,8800,20700,37200,16300,21900,7800,16800,12000,10700,19300,700,4300,10300,6000,48200,11400,10300,13700,12700,6000
69.0,5.4,58400,315428.0,5.4,5.39,5.38,5.37,5.36,5.35,5.34,5.33,5.32,5.31,5.41,5.42,5.43,5.44,5.45,5.46,5.47,5.48,5.49,5.5,1400,17900,20700,37200,16300,21900,7800,16800,12000,10700,4100,10300,6000,48200,11400,10300,13700,12700,6000,16000
70.0,5.4,58400,315428.0,5.4,5.39,5.38,5.37,5.36,5.35,5.34,5.33,5.32,5.31,5.41,5.42,5.43,5.44,5.45,5.46,5.47,5.48,5.49,5.5,1400,17900,20700,37200,16300,21900,7800,16800,12000,10700,4100,10300,6000,48200,11400,10300,13700,12700,6000,16000
71.0,5.4,58400,315428.0,5.4,5.39,5.38,5.37,5.36,5.35,5.34,5.33,5.32,5.31,5.41,5.42,5.43,5.44,5.45,5.46,5.47,5.48,5.49,5.5,1700,17900,20700,37200,16300,21900,7800,16800,12000,10700,4100,10300,6000,48200,11400,10300,13700,12700,6000,16000
72.0,5.41,58800,317592.0,5.4,5.39,5.38,5.37,5.36,5.35,5.34,5.33,5.32,5.31,5.41,5.42,5.43,5.44,5.45,5.46,5.47,5.48,5.49,5.5,1700,17900,20700,37200,16300,21900,7800,16800,12000,10700,3700,10300,6000,48200,11400,10300,13700,12700,6000,16000
73.0,5.41,58800,317592.0,5.4,5.39,5.38,5.37,5.36,5.35,5.34,5.33,5.32,5.31,5.41,5.42,5.43,5.44,5.45,5.46,5.47,5.48,5.49,5.5,3600,17900,20700,42700,10800,21900,7800,16800,12000,10700,3700,10300,6000,48200,11400,10300,13700,12700,6000,16000
74.0,5.41,58800,317592.0,5.4,5.39,5.38,5.37,5.36,5.35,5.34,5.33,5.32,5.31,5.41,5.42,5.43,5.44,5.45,5.46,5.47,5.48,5.49,5.5,2200,17900,20700,42700,10800,21900,7800,16800,12000,10700,3700,10300,6000,48200,11400,10300,13700,12700,6000,16000
75.0,5.41,59300,320295.0,5.4,5.39,5.38,5.37,5.36,5.35,5.34,5.33,5.32,5.31,5.41,5.42,5.43,5.44,5.45,5.46,5.47,5.48,5.49,5.5,14800,17900,20700,42700,10800,21900,7800,16800,12000,10700,3200,10300,6000,48200,11400,10300,13700,12700,6000,16000
76.0,5.41,62300,336525.0,5.4,5.39,5.38,5.37,5.36,5.35,5.34,5.33,5.32,5.31,5.41,5.42,5.43,5.44,5.45,5.46,5.47,5.48,5.49,5.5,14800,17900,20700,42700,10800,21900,7800,16800,12000,10700,200,10300,6000,48200,11400,10300,13700,12700,6000,16000
77.0,5.4,65200,352185.0,5.4,5.39,5.38,5.37,5.36,5.35,5.34,5.33,5.32,5.31,5.41,5.42,5.43,5.44,5.45,5.46,5.47,5.48,5.49,5.5,27000,17900,20700,42700,10800,21900,7800,16800,12000,10700,200,10300,6000,48200,11400,10300,13700,12700,6000,16000
78.0,5.4,65200,352185.0,5.4,5.39,5.38,5.37,5.36,5.35,5.34,5.33,5.32,5.31,5.41,5.42,5.43,5.44,5.45,5.46,5.47,5.48,5.49,5.5,27000,17900,20700,42700,10800,21900,7800,16800,12000,10700,200,10300,6000,48200,11400,10300,13700,12700,6000,16000
79.0,5.4,65300,352725.0,5.4,5.39,5.38,5.37,5.36,5.35,5.34,5.33,5.32,5.31,5.41,5.42,5.43,5.44,5.45,5.46,5.47,5.48,5.49,5.5,26900,17900,20700,42700,10800,21900,7800,16800,12000,10700,200,10300,6000,48200,11400,10300,13700,12700,6000,16000
80.0,5.41,65900,355971.0,5.41,5.4,5.39,5.38,5.37,5.36,5.35,5.34,5.33,5.32,5.42,5.43,5.44,5.45,5.46,5.47,5.48,5.49,5.5,5.51,1300,26900,17900,20700,42700,10800,21900,7800,16800,12000,12400,6000,48200,11400,10300,13700,12700,6000,16000,15200
81.0,5.41,66000,356512.0,5.41,5.4,5.39,5.38,5.37,5.36,5.35,5.34,5.33,5.32,5.42,5.43,5.44,5.45,5.46,5.47,5.48,5.49,5.5,5.51,1200,26900,8800,20700,42700,10800,21900,7800,16800,12000,12400,6000,48200,11400,10300,13700,12700,6000,16000,15200
82.0,5.41,67200,363004.0,5.4,5.39,5.38,5.37,5.36,5.35,5.34,5.33,5.32,5.31,5.41,5.42,5.43,5.44,5.45,5.46,5.47,5.48,5.49,5.5,26900,8800,20700,42700,10800,21900,7800,16800,12000,10700,1400,12300,6000,48200,11400,10300,13700,12700,6000,16000
83.0,5.4,67400,364084.0,5.4,5.39,5.38,5.37,5.36,5.35,5.34,5.33,5.32,5.31,5.41,5.42,5.43,5.44,5.45,5.46,5.47,5.48,5.49,5.5,26900,8800,25700,42700,10800,21900,7800,16800,12000,10700,2100,12300,6000,48200,11400,10300,13700,12700,6000,16000
84.0,5.4,67400,364084.0,5.4,5.39,5.38,5.37,5.36,5.35,5.34,5.33,5.32,5.31,5.41,5.42,5.43,5.44,5.45,5.46,5.47,5.48,5.49,5.5,26900,8800,25700,42700,10800,21900,7800,16800,12000,10700,2600,12300,6000,48200,11400,10300,13700,12700,6000,16000
85.0,5.4,80900,436984.0,5.4,5.39,5.38,5.37,5.36,5.35,5.34,5.33,5.32,5.31,5.41,5.42,5.43,5.44,5.45,5.46,5.47,5.48,5.49,5.5,13400,8800,25700,42700,10800,21900,7800,16800,12000,10700,2600,12300,6000,48200,11400,10300,13700,12700,6000,16000
86.0,5.4,86100,465064.0,5.4,5.39,5.38,5.37,5.36,5.35,5.34,5.33,5.32,5.31,5.41,5.42,5.43,5.44,5.45,5.46,5.47,5.48,5.49,5.5,8200,8800,25700,42700,10800,21900,7800,16800,12000,10700,2700,12300,6000,48200,11400,10300,13700,12700,6000,16000
87.0,5.4,86100,465064.0,5.4,5.39,5.38,5.37,5.36,5.35,5.34,5.33,5.32,5.31,5.41,5.42,5.43,5.44,5.45,5.46,5.47,5.48,5.49,5.5,8200,8800,25700,42700,10800,21900,7800,16800,12000,10700,2700,12300,6000,48200,11400,10300,13700,12700,6000,16000
88.0,5.4,86100,465064.0,5.4,5.39,5.38,5.37,5.36,5.35,5.34,5.33,5.32,5.31,5.41,5.42,5.43,5.44,5.45,5.46,5.47,5.48,5.49,5.5,8200,8800,25700,42700,10800,21900,7800,16800,12000,10700,2700,12300,6000,48200,11400,10300,13700,12700,6000,16000
89.0,5.41,90200,487245.0,5.41,5.4,5.39,5.38,5.37,5.36,5.35,5.34,5.33,5.32,5.42,5.43,5.44,5.45,5.46,5.47,5.48,5.49,5.5,5.51,5000,11100,8800,25700,42700,10800,21900,7800,16800,12000,12300,6000,48200,11400,10300,13700,12700,6000,16000,15200
90.0,5.41,90700,489950.0,5.41,5.4,5.39,5.38,5.37,5.36,5.35,5.34,5.33,5.32,5.42,5.43,5.44,5.45,5.46,5.47,5.48,5.49,5.5,5.51,4500,14000,8800,25700,42700,10800,21900,7800,16800,12000,12300,6000,48200,11400,10300,13700,12700,6000,16000,15200
91.0,5.41,92100,497536.0,5.41,5.4,5.39,5.38,5.37,5.36,5.35,5.34,5.33,5.32,5.42,5.43,5.44,5.45,5.46,5.47,5.48,5.49,5.5,5.51,4300,34000,8800,25700,42700,10800,21900,7800,16800,12000,11100,6000,48200,11400,10300,13700,12700,6000,16000,15200
92.0,5.41,92800,501323.0,5.41,5.4,5.39,5.38,5.37,5.36,5.35,5.34,5.33,5.32,5.42,5.43,5.44,5.45,5.46,5.47,5.48,5.49,5.5,5.51,4400,34000,8800,31200,37200,10800,21900,7800,16800,12000,11100,6000,48200,11400,10300,13700,15600,6000,16000,15200
93.0,5.42,93300,504033.0,5.41,5.4,5.39,5.38,5.37,5.36,5.35,5.34,5.33,5.32,5.42,5.43,5.44,5.45,5.46,5.47,5.48,5.49,5.5,5.51,4400,34000,8800,31200,37200,10800,21900,7800,16800,12000,10600,6000,48200,11400,10300,13700,15800,6000,16000,15200
94.0,5.42,94300,509453.0,5.41,5.4,5.39,5.38,5.37,5.36,5.35,5.34,5.33,5.32,5.42,5.43,5.44,5.45,5.46,5.47,5.48,5.49,5.5,5.51,4400,34000,7800,31200,37200,10800,21900,7800,16800,12000,9600,6000,48200,11400,10300,13700,15800,6000,16000,15200
95.0,5.42,94300,509453.0,5.41,5.4,5.39,5.38,5.37,5.36,5.35,5.34,5.33,5.32,5.42,5.43,5.44,5.45,5.46,5.47,5.48,5.49,5.5,5.51,4400,34000,7800,31200,37200,10800,21900,7800,16800,12000,9900,6000,48200,11400,10300,13700,15800,6000,16000,15200
96.0,5.42,94600,511079.0,5.41,5.4,5.39,5.38,5.37,5.36,5.35,5.34,5.33,5.32,5.42,5.43,5.44,5.45,5.46,5.47,5.48,5.49,5.5,5.51,7700,34000,7800,31200,37200,10800,21900,7800,16800,12000,9600,6000,48200,11400,10300,13700,15800,6000,16000,15200
97.0,5.41,95300,514866.0,5.41,5.4,5.39,5.38,5.37,5.36,5.35,5.34,5.33,5.32,5.42,5.43,5.44,5.45,5.46,5.47,5.48,5.49,5.5,5.51,7000,34000,7800,31200,37200,10800,21900,7800,16800,12000,9600,6000,48200,11400,10300,13700,15800,6000,16000,15200
98.0,5.42,96200,519744.0,5.41,5.4,5.39,5.38,5.37,5.36,5.35,5.34,5.33,5.32,5.42,5.43,5.44,5.45,5.46,5.47,5.48,5.49,5.5,5.51,7100,34000,7800,31200,37200,10800,21900,7800,16800,12000,8700,6000,48200,11400,10300,13700,15800,6000,16000,15200
99.0,5.42,96200,519744.0,5.41,5.4,5.39,5.38,5.37,5.36,5.35,5.34,5.33,5.32,5.42,5.43,5.44,5.45,5.46,5.47,5.48,5.49,5.5,5.51,7100,34000,6800,31200,37200,10800,21900,7800,16800,12000,8700,6000,48200,11400,10300,13700,15800,6000,16000,15200
100.0,5.42,97900,528958.0,5.41,5.4,5.39,5.38,5.37,5.36,5.35,5.34,5.33,5.32,5.42,5.43,5.44,5.45,5.46,5.47,5.48,5.49,5.5,5.51,7100,34000,6800,31200,37200,10800,21900,7800,16800,12000,7000,6000,48200,11400,10300,13700,15800,6000,16000,15200
101.0,5.41,98700,533293.0,5.41,5.4,5.39,5.38,5.37,5.36,5.35,5.34,5.33,5.32,5.42,5.43,5.44,5.45,5.46,5.47,5.48,5.49,5.5,5.51,7000,34000,6800,31200,37200,10800,21900,7800,16800,12000,6600,6000,48200,11400,10300,13700,15800,6000,16000,15200
102.0,5.41,98700,533293.0,5.41,5.4,5.39,5.38,5.37,5.36,5.35,5.34,5.33,5.32,5.42,5.43,5.44,5.45,5.46,5.47,5.48,5.49,5.5,5.51,7000,34000,6800,31200,37200,10800,21900,7800,16800,12000,6600,6000,48200,11400,10300,13700,15800,6000,16000,15200
103.0,5.41,98700,533293.0,5.41,5.4,5.39,5.38,5.37,5.36,5.35,5.34,5.33,5.32,5.42,5.43,5.44,5.45,5.46,5.47,5.48,5.49,5.5,5.51,7000,34000,6800,31200,37200,10800,21900,7800,16800,12000,6600,6000,48200,11400,10300,13700,15800,6000,16000,15200
104.0,5.41,98700,533293.0,5.41,5.4,5.39,5.38,5.37,5.36,5.35,5.34,5.33,5.32,5.42,5.43,5.44,5.45,5.46,5.47,5.48,5.49,5.5,5.51,7000,34000,6800,31200,37200,10800,21900,7800,16800,12000,6600,6000,48200,11400,10300,13700,15800,6000,16000,15200
105.0,5.42,100000,540332.0,5.41,5.4,5.39,5.38,5.37,5.36,5.35,5.34,5.33,5.32,5.42,5.43,5.44,5.45,5.46,5.47,5.48,5.49,5.5,5.51,6300,34000,6800,31200,37200,10800,21900,7800,16800,12000,6000,6000,48200,11400,10300,13700,15800,6000,16000,15200
106.0,5.42,100000,540332.0,5.41,5.4,5.39,5.38,5.37,5.36,5.35,5.34,5.33,5.32,5.42,5.43,5.44,5.45,5.46,5.47,5.48,5.49,5.5,5.51,6300,34000,6800,31200,37200,10800,21900,7800,16800,12000,6000,6000,48200,11400,10300,13700,15800,6000,16000,15200
107.0,5.42,100000,540332.0,5.41,5.4,5.39,5.38,5.37,5.36,5.35,5.34,5.33,5.32,5.42,5.43,5.44,5.45,5.46,5.47,5.48,5.49,5.5,5.51,6300,34000,6800,31200,37200,10800,21900,7800,16800,12000,6000,6000,48200,11400,10300,13700,15800,6000,16000,15200
108.0,5.42,100600,543584.0,5.41,5.4,5.39,5.38,5.37,5.36,5.35,5.34,5.33,5.32,5.42,5.43,5.44,5.45,5.46,5.47,5.48,5.49,5.5,5.51,6300,34000,6800,31200,37200,10800,21900,7800,16800,12000,10400,6000,48200,11400,10300,13700,15800,6000,16000,15200
109.0,5.42,100600,543584.0,5.41,5.4,5.39,5.38,5.37,5.36,5.35,5.34,5.33,5.32,5.42,5.43,5.44,5.45,5.46,5.47,5.48,5.49,5.5,5.51,6300,34000,6800,31200,37200,10800,21900,7800,16800,12000,10400,6000,48200,11400,10300,13700,15800,6000,16000,15200
110.0,5.42,101200,546836.0,5.41,5.4,5.39,5.38,5.37,5.36,5.35,5.34,5.33,5.32,5.42,5.43,5.44,5.45,5.46,5.47,5.48,5.49,5.5,5.51,6300,34000,6800,31200,37200,10800,21900,7800,16800,12000,9800,6000,48200,11400,10300,13700,15800,6000,16000,15200
111.0,5.42,101200,546836.0,5.41,5.4,5.39,5.38,5.37,5.36,5.35,5.34,5.33,5.32,5.42,5.43,5.44,5.45,5.46,5.47,5.48,5.49,5.5,5.51,6300,34000,6800,31200,37200,10800,21900,7800,16800,12000,9800,6000,48200,11400,10300,13700,15800,6000,16000,15200
112.0,5.41,104600,565258.0,5.41,5.4,5.39,5.38,5.37,5.36,5.35,5.34,5.33,5.32,5.42,5.43,5.45,5.46,5.47,5.48,5.49,5.5,5.51,5.52,5700,34000,6800,31200,37200,10800,23900,7800,16800,12000,7000,6000,11400,10300,13700,15800,6000,16000,15200,18800
113.0,5.41,104600,565258.0,5.41,5.4,5.39,5.38,5.37,5.36,5.35,5.34,5.33,5.32,5.42,5.43,5.44,5.45,5.46,5.47,5.48,5.49,5.5,5.51,5700,34000,6800,31200,37200,10800,23900,7800,16800,12000,7000,6000,1300,11400,10300,13700,15800,6000,16000,15200
114.0,5.41,104600,565258.0,5.41,5.4,5.39,5.38,5.37,5.36,5.35,5.34,5.33,5.32,5.42,5.43,5.44,5.45,5.46,5.47,5.48,5.49,5.5,5.51,5700,34000,6800,31200,37200,10800,23900,7800,16800,12000,7000,6000,1300,11400,10300,13700,15800,6000,16000,15200
115.0,5.41,104600,565258.0,5.41,5.4,5.39,5.38,5.37,5.36,5.35,5.34,5.33,5.32,5.42,5.43,5.44,5.45,5.46,5.47,5.48,5.49,5.5,5.51,5700,34000,6800,31200,37200,10800,23900,7800,16800,12000,7000,6000,1300,11400,10300,13700,15800,6000,16000,15200
116.0,5.41,104600,565258.0,5.41,5.4,5.39,5.38,5.37,5.36,5.35,5.34,5.33,5.32,5.42,5.43,5.44,5.45,5.46,5.47,5.48,5.49,5.5,5.51,5700,34000,6800,31200,37200,10800,23900,7800,16800,12000,7300,6000,1300,11400,10300,13700,15800,6000,16000,15200
117.0,5.41,104600,565258.0,5.41,5.4,5.39,5.38,5.37,5.36,5.35,5.34,5.33,5.32,5.42,5.43,5.44,5.45,5.46,5.47,5.48,5.49,5.5,5.51,5700,34000,6800,31200,37200,10800,23900,7800,16800,12000,7300,6000,1600,11400,10300,13700,15800,6000,16000,15200
118.0,5.42,104700,565800.0,5.41,5.4,5.39,5.38,5.37,5.36,5.35,5.34,5.33,5.32,5.42,5.43,5.44,5.45,5.46,5.47,5.48,5.49,5.5,5.51,5700,34000,6800,31200,37200,10800,23900,7800,16800,12000,7200,6000,1600,11400,10300,13700,15800,6000,16000,15200
119.0,5.41,106900,577709.0,5.41,5.4,5.39,5.38,5.37,5.36,5.35,5.34,5.33,5.32,5.42,5.43,5.44,5.45,5.46,5.47,5.48,5.49,5.5,5.51,24200,34000,6800,31200,37200,10800,23900,7800,16800,12000,6500,6000,1600,11400,10300,13700,15800,6000,16000,15200
120.0,5.41,106900,577709.0,5.41,5.4,5.39,5.38,5.37,5.36,5.35,5.34,5.33,5.32,5.42,5.43,5.44,5.45,5.46,5.47,5.48,5.49,5.5,5.51,24200,34000,6800,31200,37200,10800,23900,7800,16800,12000,6500,6000,1600,11400,10300,13700,15800,6000,16000,15200
121.0,5.41,106900,577709.0,5.41,5.4,5.39,5.38,5.37,5.36,5.35,5.34,5.33,5.32,5.42,5.43,5.44,5.45,5.46,5.47,5.48,5.49,5.5,5.51,24200,34000,6800,31200,37200,10800,23900,7800,16800,12000,6700,5500,1600,11400,10300,13700,15800,6000,16000,15200
122.0,5.42,107500,580961.0,5.41,5.4,5.39,5.38,5.37,5.36,5.35,5.34,5.33,5.32,5.42,5.43,5.44,5.45,5.46,5.47,5.48,5.49,5.5,5.51,24400,34000,6800,32500,37200,10800,23900,7800,16800,12000,7500,5500,1600,11400,10300,13700,15800,6000,16000,15200
123.0,5.42,107500,580961.0,5.41,5.4,5.39,5.38,5.37,5.36,5.35,5.34,5.33,5.32,5.42,5.43,5.44,5.45,5.46,5.47,5.48,5.49,5.5,5.51,24400,34000,6800,32500,37200,10800,23900,7800,16800,12000,7500,5500,1600,11400,10300,13700,15800,6000,16000,15200
124.0,5.42,107500,580961.0,5.41,5.4,5.39,5.38,5.37,5.36,5.35,5.34,5.33,5.32,5.42,5.43,5.44,5.45,5.46,5.47,5.48,5.49,5.5,5.51,24400,34000,6800,32500,37200,10800,23900,7800,16800,12000,7500,5500,1600,11400,10300,13700,15800,6000,16000,15200
125.0,5.41,132600,716759.0,5.4,5.39,5.38,5.37,5.36,5.35,5.34,5.33,5.32,5.31,5.41,5.42,5.43,5.44,5.45,5.46,5.47,5.48,5.49,5.5,34000,6800,32500,37200,10800,23900,7800,16800,12000,10700,5500,6900,5500,1600,11400,10300,13700,15800,6000,16000
126.0,5.4,134400,726479.0,5.4,5.39,5.38,5.37,5.36,5.35,5.34,5.33,5.32,5.31,5.41,5.42,5.43,5.44,5.45,5.46,5.47,5.48,5.49,5.5,32200,6800,32500,37200,10800,23900,7800,16800,12000,10700,5500,6900,5500,1600,11400,10300,13700,15800,6000,16000
127.0,5.4,134400,726479.0,5.4,5.39,5.38,5.37,5.36,5.35,5.34,5.33,5.32,5.31,5.41,5.42,5.43,5.44,5.45,5.46,5.47,5.48,5.49,5.5,32200,6800,32500,37200,10800,23900,7800,16800,10000,10700,5700,6900,5500,1600,11400,10300,13700,15800,6000,16000
128.0,5.41,134900,729184.0,5.4,5.39,5.38,5.37,5.36,5.35,5.34,5.33,5.32,5.31,5.41,5.42,5.43,5.44,5.45,5.46,5.47,5.48,5.49,5.5,32200,6800,32500,37200,10800,23900,7800,16800,10000,10700,5200,6900,5500,1600,11400,10300,13700,15800,6000,16000
129.0,5.41,134900,729184.0,5.4,5.39,5.38,5.37,5.36,5.35,5.34,5.33,5.32,5.31,5.41,5.42,5.43,5.44,5.45,5.46,5.47,5.48,5.49,5.5,32200,6800,27000,37200,10800,23900,7800,16800,10000,10700,5200,6900,5500,1600,11400,10300,13700,15800,6000,16000
130.0,5.41,134900,729184.0,5.4,5.39,5.38,5.37,5.36,5.35,5.34,5.33,5.32,5.31,5.41,5.42,5.43,5.44,5.45,5.46,5.47,5.48,5.49,5.5,32200,6800,27000,37200,10800,23900,7800,16800,10000,10700,6300,6900,5500,1600,11400,10300,13700,15800,6000,16000
131.0,5.41,134900,729184.0,5.4,5.39,5.38,5.37,5.36,5.35,5.34,5.33,5.32,5.31,5.41,5.42,5.43,5.44,5.45,5.46,5.47,5.48,5.49,5.5,36200,6800,27000,37200,10800,23900,7800,16800,10000,10700,6900,6900,5500,1600,11400,10300,13700,15800,6000,16000
132.0,5.41,135500,732430.0,5.4,5.39,5.38,5.37,5.36,5.35,5.34,5.33,5.32,5.31,5.41,5.42,5.43,5.44,5.45,5.46,5.47,5.48,5.49,5.5,36200,6800,27000,37200,11300,23900,7800,16800,10000,10700,7800,5500,5500,1600,11400,10300,13700,15800,6000,16000
133.0,5.41,135500,732430.0,5.4,5.39,5.38,5.37,5.36,5.35,5.34,5.33,5.32,5.31,5.41,5.42,5.43,5.44,5.45,5.46,5.47,5.48,5.49,5.5,36200,6800,27000,37200,11300,23900,7800,16800,10000,10700,7800,5500,5500,1600,11400,10300,13700,15800,6000,16000
134.0,5.4,137300,742150.0,5.4,5.39,5.38,5.37,5.36,5.35,5.34,5.33,5.32,5.31,5.41,5.42,5.43,5.44,5.45,5.46,5.47,5.48,5.49,5.5,34400,6800,27000,37200,11300,23900,7800,16800,10000,10700,7800,5500,5500,1600,11400,10300,13700,15800,6000,16000
135.0,5.41,140800,761085.0,5.4,5.39,5.38,5.37,5.36,5.35,5.34,5.33,5.32,5.31,5.41,5.42,5.43,5.44,5.45,5.46,5.47,5.48,5.49,5.5,34400,6800,27000,37200,11300,23900,7800,16800,10000,10700,4400,5400,5500,1600,11400,14300,13700,15800,6000,16000
136.0,5.41,141200,763249.0,5.4,5.39,5.38,5.37,5.36,5.35,5.34,5.33,5.32,5.31,5.41,5.42,5.43,5.44,5.45,5.46,5.47,5.48,5.49,5.5,34400,6800,27000,37200,11300,23900,7800,16800,10000,10700,4000,5400,5500,1600,11400,14300,13700,15800,6000,16000
137.0,5.41,146400,791381.0,5.4,5.39,5.38,5.37,5.36,5.35,5.34,5.33,5.32,5.31,5.41,5.42,5.43,5.44,5.45,5.46,5.47,5.48,5.49,5.5,34600,6800,27000,37200,11300,23900,7800,16800,10000,10700,2600,5400,5500,1600,11400,14300,13700,15800,6000,16000
138.0,5.41,146400,791381.0,5.4,5.39,5.38,5.37,5.36,5.35,5.34,5.33,5.32,5.31,5.41,5.42,5.43,5.44,5.45,5.46,5.47,5.48,5.49,5.5,34600,6800,27000,37200,11300,23900,7800,16800,10000,10700,2600,5400,5500,1600,11400,14300,13700,15800,6000,16000
139.0,5.41,147000,794627.0,5.4,5.39,5.38,5.37,5.36,5.35,5.34,5.33,5.32,5.31,5.41,5.42,5.43,5.44,5.45,5.46,5.47,5.48,5.49,5.5,34600,6800,27000,37200,11300,23900,7800,16800,10000,10700,2000,5400,5500,1600,11400,14300,13700,15800,6000,16000
140.0,5.41,147000,794627.0,5.4,5.39,5.38,5.37,5.36,5.35,5.34,5.33,5.32,5.31,5.41,5.42,5.43,5.44,5.45,5.46,5.47,5.48,5.49,5.5,34600,6800,27000,37200,11300,23900,7800,16800,10000,10700,2000,5400,5500,1600,10400,14300,13700,15800,6000,16000
141.0,5.41,149000,805429.0,5.4,5.39,5.38,5.37,5.36,5.35,5.34,5.33,5.32,5.31,5.41,5.42,5.43,5.44,5.45,5.46,5.47,5.48,5.49,5.5,32800,6800,24000,37200,11300,23900,7800,16800,10000,10700,1900,5400,5500,1600,10500,14300,13700,15800,6000,16000
142.0,5.41,149000,805429.0,5.4,5.39,5.38,5.37,5.36,5.35,5.34,5.33,5.32,5.31,5.41,5.42,5.43,5.44,5.45,5.46,5.47,5.48,5.49,5.5,32800,6800,24000,37200,11300,23900,7800,16800,10000,10700,2100,5400,5500,1600,10500,14300,13700,15800,6000,16000
143.0,5.41,149200,806511.0,5.4,5.39,5.38,5.37,5.36,5.35,5.34,5.33,5.32,5.31,5.41,5.42,5.43,5.44,5.45,5.46,5.47,5.48,5.49,5.5,33600,6800,24000,37200,11300,23900,7800,16800,10000,10700,1900,5400,5500,1600,10500,14300,13700,15800,6000,16000
144.0,5.41,149200,806511.0,5.4,5.39,5.38,5.37,5.36,5.35,5.34,5.33,5.32,5.31,5.41,5.42,5.43,5.44,5.45,5.46,5.47,5.48,5.49,5.5,33600,6800,24000,37200,11300,23900,7800,16800,10000,10700,1900,5400,5500,1600,10500,14300,13700,15800,6000,16000
145.0,5.4,182800,987951.0,5.39,5.38,5.37,5.36,5.35,5.34,5.33,5.32,5.31,5.3,5.4,5.41,5.42,5.43,5.44,5.45,5.46,5.47,5.48,5.49,6800,24000,37200,11300,23900,7800,16800,10000,10700,9300,1900,2000,5400,5500,1600,10500,14300,13700,15800,6000
146.0,5.4,182900,988491.0,5.39,5.38,5.37,5.36,5.35,5.34,5.33,5.32,5.31,5.3,5.4,5.41,5.42,5.43,5.44,5.45,5.46,5.47,5.48,5.49,6800,24000,37200,11300,23900,7800,16800,10000,10700,9300,6800,2000,5400,5500,1600,10500,14300,13700,15800,6000
147.0,5.4,183700,992811.0,5.39,5.38,5.37,5.36,5.35,5.34,5.33,5.32,5.31,5.3,5.4,5.41,5.42,5.43,5.44,5.45,5.46,5.47,5.48,5.49,7400,24000,37200,11300,23900,7800,16800,10000,10700,9300,6600,2400,5400,5500,1600,10500,14300,13700,15800,6000
148.0,5.4,189400,1023584.0,5.39,5.38,5.37,5.36,5.35,5.34,5.33,5.32,5.31,5.3,5.4,5.41,5.42,5.43,5.44,5.45,5.46,5.47,5.48,5.49,6700,24000,37200,11300,23900,7800,16800,10000,10700,9300,2100,3100,5400,5500,1600,10500,14300,13700,15800,6000
149.0,5.41,195800,1058181.0,5.39,5.38,5.37,5.36,5.35,5.34,5.33,5.32,5.31,5.3,5.41,5.42,5.43,5.44,5.45,5.46,5.47,5.48,5.49,5.5,6700,24000,37200,11300,23900,7800,16800,10000,10700,9300,700,6000,5500,1600,10500,14300,13700,15800,6000,16000
150.0,5.41,195800,1058181.0,5.39,5.38,5.37,5.36,5.35,5.34,5.33,5.32,5.31,5.3,5.41,5.42,5.43,5.44,5.45,5.46,5.47,5.48,5.49,5.5,7300,24000,37200,11300,23900,7800,16800,10000,10700,9300,2300,6000,5500,1600,10500,14300,13700,15800,6000,16000
151.0,5.41,195800,1058181.0,5.39,5.38,5.37,5.36,5.35,5.34,5.33,5.32,5.31,5.3,5.41,5.42,5.43,5.44,5.45,5.46,5.47,5.48,5.49,5.5,8900,24000,37200,11300,23900,7800,16800,10000,10700,9300,2300,6200,5500,1600,10500,14300,13700,15800,6000,16000
152.0,5.41,195800,1058181.0,5.39,5.38,5.37,5.36,5.35,5.34,5.33,5.32,5.31,5.3,5.41,5.42,5.43,5.44,5.45,5.46,5.47,5.48,5.49,5.5,9500,23000,37200,11300,23900,7800,16800,10000,10700,9300,2900,6200,5500,1600,10500,14300,13700,15800,6000,16000
153.0,5.41,198000,1070083.0,5.39,5.38,5.37,5.36,5.35,5.34,5.33,5.32,5.31,5.3,5.41,5.42,5.43,5.44,5.45,5.46,5.47,5.48,5.49,5.5,10800,23000,37200,11300,23900,7800,16800,10000,10700,9300,2000,6200,5800,1600,10500,14300,13700,15800,6000,16000
154.0,5.39,199600,1078707.0,5.39,5.38,5.37,5.36,5.35,5.34,5.33,5.32,5.31,5.3,5.41,5.42,5.43,5.44,5.45,5.46,5.47,5.48,5.49,5.5,9200,25500,37200,11300,23900,7800,16800,10000,10700,9300,2000,6200,5800,1600,10500,14300,13700,15800,6000,16000
155.0,5.41,200700,1084640.0,5.39,5.38,5.37,5.36,5.35,5.34,5.33,5.32,5.31,5.3,5.41,5.42,5.43,5.44,5.45,5.46,5.47,5.48,5.49,5.5,10300,25500,37200,11300,23900,7800,16800,10000,10700,9300,3800,6300,5800,1600,10500,14300,13700,15800,6000,16000
156.0,5.41,202000,1091673.0,5.39,5.38,5.37,5.36,5.35,5.34,5.33,5.32,5.31,5.3,5.41,5.42,5.43,5.44,5.45,5.46,5.47,5.48,5.49,5.5,10300,25500,37200,11300,23900,7800,16800,10000,10700,9300,2500,6300,5800,1600,10500,14300,13700,15800,6000,16000
157.0,5.41,202000,1091673.0,5.39,5.38,5.37,5.36,5.35,5.34,5.33,5.32,5.31,5.3,5.41,5.42,5.43,5.44,5.45,5.46,5.47,5.48,5.49,5.5,10300,25500,37200,11300,23900,7800,16800,10000,10700,9300,2500,6300,5800,1600,10500,14300,13700,15800,6000,16000
158.0,5.41,202000,1091673.0,5.39,5.38,5.37,5.36,5.35,5.34,5.33,5.32,5.31,5.3,5.41,5.42,5.43,5.44,5.45,5.46,5.47,5.48,5.49,5.5,12900,25500,37200,11300,23900,7800,16800,10000,10700,9300,4400,6300,5800,1600,10500,14300,13700,15800,6000,16000
159.0,5.41,202000,1091673.0,5.39,5.38,5.37,5.36,5.35,5.34,5.33,5.32,5.31,5.3,5.41,5.42,5.43,5.44,5.45,5.46,5.47,5.48,5.49,5.5,12900,25500,37200,11300,23900,7800,16800,10000,10700,9300,4400,6300,5800,1600,10500,14300,13700,15800,6000,16000
160.0,5.44,221700,1198468.0,5.39,5.38,5.37,5.36,5.35,5.34,5.33,5.32,5.31,5.3,5.44,5.45,5.46,5.47,5.48,5.49,5.5,5.51,5.52,5.53,14800,25500,37200,11300,23900,7800,16800,10000,10700,9300,3700,10500,14300,13700,65200,54400,16000,15200,23800,27600
161.0,5.44,222400,1202276.0,5.42,5.39,5.38,5.37,5.36,5.35,5.34,5.33,5.32,5.31,5.44,5.45,5.46,5.47,5.48,5.49,5.5,5.51,5.52,5.53,2900,14800,25500,37200,11300,23900,7800,16800,10000,10700,3000,10500,14300,13700,65200,54400,16000,15200,23800,27600
162.0,5.44,222400,1202276.0,5.42,5.39,5.38,5.37,5.36,5.35,5.34,5.33,5.32,5.31,5.44,5.45,5.46,5.47,5.48,5.49,5.5,5.51,5.52,5.53,4400,14800,25500,37200,11300,23900,7800,16800,10000,10700,4500,10500,14300,13700,65200,54400,16000,15200,23800,27600
163.0,5.44,223200,1206620.0,5.42,5.41,5.39,5.38,5.37,5.36,5.35,5.34,5.33,5.32,5.44,5.45,5.46,5.47,5.48,5.49,5.5,5.51,5.52,5.53,4700,1000,14800,25500,37200,11300,23900,7800,16800,10000,4800,10500,14300,13700,65200,54400,16000,15200,23800,27600
164.0,5.41,230400,1245634.0,5.39,5.38,5.37,5.36,5.35,5.34,5.33,5.32,5.31,5.3,5.41,5.44,5.45,5.46,5.47,5.48,5.49,5.5,5.51,5.52,14800,25500,40600,11300,23900,7800,16800,10000,10700,9300,2000,6300,10500,14300,63800,65200,54400,16000,15200,23800
165.0,5.41,230400,1245634.0,5.39,5.38,5.37,5.36,5.35,5.34,5.33,5.32,5.31,5.3,5.41,5.44,5.45,5.46,5.47,5.48,5.49,5.5,5.51,5.52,15500,25500,40600,11300,23900,7800,16800,10000,10700,9300,2700,6300,10500,14300,63800,65200,54400,16000,15200,23800
166.0,5.41,230400,1245634.0,5.39,5.38,5.37,5.36,5.35,5.34,5.33,5.32,5.31,5.3,5.41,5.44,5.45,5.46,5.47,5.48,5.49,5.5,5.51,5.52,15500,25500,40600,11300,23900,7800,16800,10000,10700,9300,2700,8800,10500,14300,63800,65200,54400,16000,15200,23800
167.0,5.41,230600,1246716.0,5.39,5.38,5.37,5.36,5.35,5.34,5.33,5.32,5.31,5.3,5.41,5.44,5.45,5.46,5.47,5.48,5.49,5.5,5.51,5.52,17100,25500,40600,11300,23900,7800,16800,10000,10700,9300,4100,8800,10500,14300,63800,65200,54400,16000,15200,23800
168.0,5.41,230600,1246716.0,5.39,5.38,5.37,5.36,5.35,5.34,5.33,5.32,5.31,5.3,5.41,5.43,5.44,5.45,5.46,5.47,5.48,5.49,5.5,5.51,17800,25500,40600,11300,23900,7800,16800,10000,10700,9300,4800,4800,8800,10500,14300,63800,65200,54400,16000,15200
169.0,5.41,230600,1246716.0,5.39,5.38,5.37,5.36,5.35,5.34,5.33,5.32,5.31,5.3,5.41,5.43,5.44,5.45,5.46,5.47,5.48,5.49,5.5,5.51,19400,25500,40600,11300,23900,7800,16800,10000,10700,9300,6400,4800,8800,10500,14300,63800,65200,54400,16000,15200
170.0,5.41,243100,1314231.0,5.41,5.39,5.38,5.37,5.36,5.35,5.34,5.33,5.32,5.31,5.43,5.44,5.45,5.46,5.47,5.48,5.49,5.5,5.51,5.52,800,14500,25500,40600,11300,23900,7800,16800,10000,10700,4900,8800,10500,14300,63800,65200,54400,16000,15200,25800
171.0,5.41,243100,1314231.0,5.41,5.39,5.38,5.37,5.36,5.35,5.34,5.33,5.32,5.31,5.43,5.44,5.45,5.46,5.47,5.48,5.49,5.5,5.51,5.52,2500,14500,25500,40600,11300,23900,7800,16800,10000,10700,6600,8800,10500,14300,63800,65200,54400,16000,15200,25800
172.0,5.41,243100,1314231.0,5.41,5.39,5.38,5.37,5.36,5.35,5.34,5.33,5.32,5.31,5.43,5.44,5.45,5.46,5.47,5.48,5.49,5.5,5.51,5.52,2500,14500,25500,40600,11300,23900,7800,16800,10000,10700,6600,8800,10500,14300,63800,65200,54400,16000,15200,25800
173.0,5.43,243700,1317489.0,5.41,5.39,5.38,5.37,5.36,5.35,5.34,5.33,5.32,5.31,5.43,5.44,5.45,5.46,5.47,5.48,5.49,5.5,5.51,5.52,4900,14500,25500,40600,11300,23900,7800,16800,10000,10700,8400,8800,10500,14300,63800,65200,54400,16000,15200,25800
174.0,5.43,243700,1317489.0,5.41,5.39,5.38,5.37,5.36,5.35,5.34,5.33,5.32,5.31,5.43,5.44,5.45,5.46,5.47,5.48,5.49,5.5,5.51,5.52,4900,14500,25500,40600,11300,23900,7800,16800,10000,10700,8400,8800,10500,14300,63800,65200,54400,16000,15200,25800
175.0,5.43,243700,1317489.0,5.41,5.39,5.38,5.37,5.36,5.35,5.34,5.33,5.32,5.31,5.43,5.44,5.45,5.46,5.47,5.48,5.49,5.5,5.51,5.52,12400,14500,25500,40600,11300,23900,7800,16800,10000,10700,9100,8800,10500,14300,63800,65200,54400,16000,15200,25800
176.0,5.43,243700,1317489.0,5.41,5.39,5.38,5.37,5.36,5.35,5.34,5.33,5.32,5.31,5.43,5.44,5.45,5.46,5.47,5.48,5.49,5.5,5.51,5.52,18900,14500,25500,40600,11300,23900,7800,16800,10000,10700,9100,8800,10500,14300,63800,65200,54400,16000,15200,25800
177.0,5.43,245500,1327263.0,5.41,5.39,5.38,5.37,5.36,5.35,5.34,5.33,5.32,5.31,5.43,5.44,5.45,5.46,5.47,5.48,5.49,5.5,5.51,5.52,12800,14500,25500,40600,11300,23900,7800,16800,10000,10700,8000,8800,10500,14300,63800,65200,54400,16000,15200,25800
178.0,5.43,245500,1327263.0,5.41,5.39,5.38,5.37,5.36,5.35,5.34,5.33,5.32,5.31,5.43,5.44,5.45,5.46,5.47,5.48,5.49,5.5,5.51,5.52,12800,20800,25500,40600,11300,23900,7800,16800,10000,10700,8000,8800,10500,14300,63800,65200,54400,16000,15200,25800
179.0,5.43,245500,1327263.0,5.41,5.4,5.39,5.38,5.37,5.36,5.35,5.34,5.33,5.32,5.43,5.44,5.45,5.46,5.47,5.48,5.49,5.5,5.51,5.52,12800,1000,20800,25500,40600,11300,23900,7800,16800,10000,8000,8800,10500,14300,63800,65200,54400,16000,15200,25800
180.0,5.43,247700,1339209.0,5.41,5.4,5.39,5.38,5.37,5.36,5.35,5.34,5.33,5.32,5.43,5.44,5.45,5.46,5.47,5.48,5.49,5.5,5.51,5.52,13500,1000,20800,25500,40600,11300,23900,7800,16800,10000,6500,8800,10500,14300,63800,65200,54400,16000,15200,25800
181.0,5.43,247700,1339209.0,5.41,5.4,5.39,5.38,5.37,5.36,5.35,5.34,5.33,5.32,5.43,5.44,5.45,5.46,5.47,5.48,5.49,5.5,5.51,5.52,13500,2000,20800,25500,40600,11300,23900,7800,16800,10000,6700,9000,10500,14300,63800,65200,54400,16000,15200,25800
182.0,5.43,250600,1354902.0,5.42,5.41,5.4,5.39,5.38,5.37,5.36,5.35,5.34,5.33,5.43,5.44,5.45,5.46,5.47,5.48,5.49,5.5,5.51,5.52,400,11500,2000,20800,25500,40600,11300,23900,7800,16800,7200,9000,10500,14300,63800,65200,54400,16000,15200,25800
183.0,5.43,251300,1358703.0,5.42,5.41,5.4,5.39,5.38,5.37,5.36,5.35,5.34,5.33,5.43,5.44,5.45,5.46,5.47,5.48,5.49,5.5,5.51,5.52,400,11500,2000,20800,25500,40600,11300,23900,7800,16800,6500,9000,10500,14300,63800,65200,54400,16000,15200,25800
184.0,5.43,251300,1358703.0,5.42,5.41,5.4,5.39,5.38,5.37,5.36,5.35,5.34,5.33,5.43,5.44,5.45,5.46,5.47,5.48,5.49,5.5,5.51,5.52,400,11500,2000,20800,25500,40600,11300,23900,7800,16800,6500,9000,10500,14300,63800,65200,54400,16000,15200,25800
185.0,5.43,251900,1361961.0,5.42,5.41,5.4,5.39,5.38,5.37,5.36,5.35,5.34,5.33,5.43,5.44,5.45,5.46,5.47,5.48,5.49,5.5,5.51,5.52,400,11500,2000,20800,24500,40600,11300,23900,7800,16800,5900,9000,10500,14300,63800,65200,54400,16000,15200,25800
186.0,5.42,252700,1366301.0,5.41,5.4,5.39,5.38,5.37,5.36,5.35,5.34,5.33,5.32,5.42,5.43,5.44,5.45,5.46,5.47,5.48,5.49,5.5,5.51,11500,2000,20800,24500,40600,11300,23900,7800,16800,10000,1600,5500,9000,10500,14300,63800,65200,54400,16000,15200
187.0,5.42,252800,1366843.0,5.41,5.4,5.39,5.38,5.37,5.36,5.35,5.34,5.33,5.32,5.42,5.43,5.44,5.45,5.46,5.47,5.48,5.49,5.5,5.51,11500,2000,20800,24500,40600,11300,23900,7800,16800,10000,1500,5700,9000,10500,14300,63800,65200,54400,16000,15200
188.0,5.42,253000,1367927.0,5.41,5.4,5.39,5.38,5.37,5.36,5.35,5.34,5.33,5.32,5.42,5.43,5.44,5.45,5.46,5.47,5.48,5.49,5.5,5.51,11500,2000,20800,24500,40600,11300,23900,7800,16800,10000,1300,5700,9000,10500,14300,63800,65200,54400,16000,15200
189.0,5.42,253000,1367927.0,5.41,5.4,5.39,5.38,5.37,5.36,5.35,5.34,5.33,5.32,5.42,5.43,5.44,5.45,5.46,5.47,5.48,5.49,5.5,5.51,11500,2000,20800,24500,40600,11300,23900,7800,16800,10000,1300,5700,9000,10500,14300,63800,65200,54400,16000,15200
190.0,5.42,254300,1374973.0,5.42,5.41,5.4,5.39,5.38,5.37,5.36,5.35,5.34,5.33,5.43,5.44,5.45,5.46,5.47,5.48,5.49,5.5,5.51,5.52,5200,11500,2000,20800,24500,40600,11300,23900,7800,16800,5700,9000,10500,14300,63800,65200,54400,16000,15200,25800
191.0,5.42,254300,1374973.0,5.42,5.41,5.4,5.39,5.38,5.37,5.36,5.35,5.34,5.33,5.43,5.44,5.45,5.46,5.47,5.48,5.49,5.5,5.51,5.52,5200,11500,2000,20800,24500,40600,11300,23900,7800,16800,5700,9000,10500,14300,63800,65200,54400,16000,15200,25800
192.0,5.43,254800,1377688.0,5.42,5.41,5.4,5.39,5.38,5.37,5.36,5.35,5.34,5.33,5.43,5.44,5.45,5.46,5.47,5.48,5.49,5.5,5.51,5.52,5200,11500,2000,20800,24500,40600,11300,23900,7800,16800,11600,9000,10500,14300,63800,65200,54400,16000,15200,25800
193.0,5.43,255900,1383661.0,5.42,5.41,5.4,5.39,5.38,5.37,5.36,5.35,5.34,5.33,5.43,5.44,5.45,5.46,5.47,5.48,5.49,5.5,5.51,5.52,5200,11500,2000,20800,24500,40600,11300,23900,7800,16800,10500,9000,10500,14300,63800,65200,54400,16000,15200,25800
194.0,5.43,255900,1383661.0,5.42,5.41,5.4,5.39,5.38,5.37,5.36,5.35,5.34,5.33,5.43,5.44,5.45,5.46,5.47,5.48,5.49,5.5,5.51,5.52,5200,11500,2000,20800,24500,40600,11300,23900,7800,16800,10500,9000,10500,14300,63800,69900,54400,16000,15200,25800
195.0,5.43,255900,1383661.0,5.42,5.41,5.4,5.39,5.38,5.37,5.36,5.35,5.34,5.33,5.43,5.44,5.45,5.46,5.47,5.48,5.49,5.5,5.51,5.52,5200,16500,2000,20800,24500,40600,11300,23900,7800,16800,10500,9000,10500,14300,63800,69900,54400,16000,15200,25800
196.0,5.42,256400,1386371.0,5.42,5.41,5.4,5.39,5.38,5.37,5.36,5.35,5.34,5.33,5.43,5.44,5.45,5.46,5.47,5.48,5.49,5.5,5.51,5.52,4700,16500,2000,20800,24500,40600,11300,23900,7800,16800,10500,9000,10500,14300,63800,69900,54400,16000,15200,25800
197.0,5.42,256400,1386371.0,5.42,5.41,5.4,5.39,5.38,5.37,5.36,5.35,5.34,5.33,5.43,5.44,5.45,5.46,5.47,5.48,5.49,5.5,5.51,5.52,4700,16500,2000,20800,24500,40600,11300,23900,7800,16800,10500,9000,10500,14300,63800,69900,54400,16000,15200,25800
198.0,5.42,256400,1386371.0,5.42,5.41,5.4,5.39,5.38,5.37,5.36,5.35,5.34,5.33,5.43,5.44,5.45,5.46,5.47,5.48,5.49,5.5,5.51,5.52,4700,16500,2000,20800,24500,40600,11300,23900,7800,16800,10500,9000,10500,14300,63800,69900,54400,16000,15200,25800
199.0,5.43,257400,1391801.0,5.42,5.41,5.4,5.39,5.38,5.37,5.36,5.35,5.34,5.33,5.43,5.44,5.45,5.46,5.47,5.48,5.49,5.5,5.51,5.52,4700,16500,2000,20800,24500,40600,11300,23900,7800,16800,9500,9000,10500,14300,63800,69900,54400,16000,15200,25800
200.0,5.43,258300,1396688.0,5.42,5.41,5.4,5.39,5.38,5.37,5.36,5.35,5.34,5.33,5.43,5.44,5.45,5.46,5.47,5.48,5.49,5.5,5.51,5.52,4700,16500,3700,20800,24500,40600,11300,23900,7800,16800,8600,9000,10500,17800,63800,69900,54400,16000,15200,25800
201.0,5.43,258300,1396688.0,5.42,5.41,5.4,5.39,5.38,5.37,5.36,5.35,5.34,5.33,5.43,5.44,5.45,5.46,5.47,5.48,5.49,5.5,5.51,5.52,4700,16500,3700,20800,24500,40600,11300,23900,7800,16800,8600,9000,10500,17800,63800,69900,54400,16000,15200,25800
202.0,5.43,258300,1396688.0,5.42,5.41,5.4,5.39,5.38,5.37,5.36,5.35,5.34,5.33,5.43,5.44,5.45,5.46,5.47,5.48,5.49,5.5,5.51,5.52,4700,16500,3700,22300,24500,40600,11300,23900,7800,16800,8600,9000,10500,17800,63800,69900,54400,16000,15200,25800
203.0,5.43,259100,1401032.0,5.42,5.41,5.4,5.39,5.38,5.37,5.36,5.35,5.34,5.33,5.43,5.44,5.45,5.46,5.47,5.48,5.49,5.5,5.51,5.52,4700,11000,3700,22300,24500,40600,11300,23900,7800,16800,7800,9000,10500,17800,63800,69900,54400,16000,15200,25800
204.0,5.43,259200,1401575.0,5.42,5.41,5.4,5.39,5.38,5.37,5.36,5.35,5.34,5.33,5.43,5.44,5.45,5.46,5.47,5.48,5.49,5.5,5.51,5.52,4700,11000,3700,22300,24500,40600,11300,23900,7800,16800,7700,9000,10500,17800,63800,69900,54400,16000,15200,25800
205.0,5.42,265400,1435194.0,5.41,5.4,5.39,5.38,5.37,5.36,5.35,5.34,5.33,5.32,5.42,5.43,5.44,5.45,5.46,5.47,5.48,5.49,5.5,5.51,11000,3700,22300,24500,40600,11300,23900,7800,16800,10000,8300,6200,9000,12500,17800,63800,69900,54400,16000,15200
206.0,5.42,267000,1443866.0,5.41,5.4,5.39,5.38,5.37,5.36,5.35,5.34,5.33,5.32,5.42,5.43,5.44,5.45,5.46,5.47,5.48,5.49,5.5,5.51,11000,3700,22300,24500,40600,11300,23900,7800,16800,10000,6700,6200,9000,12500,17800,63800,69900,54400,16000,15200
207.0,5.42,272000,1470966.0,5.41,5.4,5.39,5.38,5.37,5.36,5.35,5.34,5.33,5.32,5.42,5.43,5.44,5.45,5.46,5.47,5.48,5.49,5.5,5.51,11000,3700,22300,24500,40600,11300,23900,7800,16800,10000,1700,6200,9000,12500,17800,63800,69900,54400,16000,15200
208.0,5.42,277000,1498066.0,5.41,5.4,5.39,5.38,5.37,5.36,5.35,5.34,5.33,5.32,5.42,5.43,5.44,5.45,5.46,5.47,5.48,5.49,5.5,5.51,11000,3700,22300,24500,40600,11300,23900,7800,16800,10000,1100,6200,9000,12500,17800,63800,69900,54400,16000,15200
209.0,5.42,277000,1498066.0,5.41,5.4,5.39,5.38,5.37,5.36,5.35,5.34,5.33,5.32,5.42,5.43,5.44,5.45,5.46,5.47,5.48,5.49,5.5,5.51,11000,3700,22300,24500,40600,11300,23900,7800,16800,10000,1100,6200,9000,12500,17800,63800,69900,54400,16000,15200
210.0,5.42,277100,1498608.0,5.41,5.4,5.39,5.38,5.37,5.36,5.35,5.34,5.33,5.32,5.42,5.43,5.44,5.45,5.46,5.47,5.48,5.49,5.5,5.51,11000,3700,22300,24500,40600,11300,23900,7800,16800,10000,1000,6200,9000,12500,17800,63800,69900,54400,16000,15200
211.0,5.42,277100,1498608.0,5.41,5.4,5.39,5.38,5.37,5.36,5.35,5.34,5.33,5.32,5.42,5.43,5.44,5.45,5.46,5.47,5.48,5.49,5.5,5.51,11000,3700,22300,24500,40600,11300,23900,7800,16800,10000,1400,6200,9000,12500,13800,63800,69900,54400,16000,15200
212.0,5.42,277100,1498608.0,5.41,5.4,5.39,5.38,5.37,5.36,5.35,5.34,5.33,5.32,5.42,5.43,5.44,5.45,5.46,5.47,5.48,5.49,5.5,5.51,13600,3700,22300,24500,40600,11300,23900,7800,16800,10000,1400,6200,9000,12500,13800,63800,69900,54400,16000,15200
213.0,5.42,277100,1498608.0,5.41,5.4,5.39,5.38,5.37,5.36,5.35,5.34,5.33,5.32,5.42,5.43,5.44,5.45,5.46,5.47,5.48,5.49,5.5,5.51,13600,3700,22300,27500,40600,11300,23900,7800,16800,10000,1400,6200,9000,12500,13800,63800,69900,54400,16000,15200
214.0,5.42,277600,1501318.0,5.41,5.4,5.39,5.38,5.37,5.36,5.35,5.34,5.33,5.32,5.42,5.43,5.44,5.45,5.46,5.47,5.48,5.49,5.5,5.51,13600,3700,23800,27500,40600,11300,23900,7800,16800,10000,900,6200,9000,12500,13800,63800,69900,54400,16000,15200
215.0,5.42,277600,1501318.0,5.41,5.4,5.39,5.38,5.37,5.36,5.35,5.34,5.33,5.32,5.42,5.43,5.44,5.45,5.46,5.47,5.48,5.49,5.5,5.51,13600,3700,23800,27500,40600,11300,23900,7800,16800,10000,900,6200,9000,12500,13800,63800,69900,54400,16000,15200
216.0,5.42,278500,1506196.0,5.42,5.41,5.4,5.39,5.38,5.37,5.36,5.35,5.34,5.33,5.43,5.44,5.45,5.46,5.47,5.48,5.49,5.5,5.51,5.52,4100,13600,3700,23800,27500,40600,11300,23900,7800,16800,6200,9000,12500,13800,63800,69900,54400,16000,15200,25800
217.0,5.42,287500,1554988.0,5.41,5.4,5.39,5.38,5.37,5.36,5.35,5.34,5.33,5.32,5.42,5.43,5.44,5.45,5.46,5.47,5.48,5.49,5.5,5.51,13600,3700,23800,27500,40600,11300,23900,7800,16800,10000,900,5000,9000,12500,13800,63800,69900,54400,16000,15200
218.0,5.42,288100,1558240.0,5.41,5.4,5.39,5.38,5.37,5.36,5.35,5.34,5.33,5.32,5.42,5.43,5.44,5.45,5.46,5.47,5.48,5.49,5.5,5.51,13600,3700,23800,27500,40600,11300,23900,7800,16800,10000,300,5000,9000,12500,13800,63800,69900,54400,16000,15200
219.0,5.42,288100,1558240.0,5.41,5.4,5.39,5.38,5.37,5.36,5.35,5.34,5.33,5.32,5.42,5.43,5.44,5.45,5.46,5.47,5.48,5.49,5.5,5.51,13600,3700,23800,27500,40600,11300,23900,7800,16800,10000,300,5000,9000,12500,13800,63800,69900,54400,16000,15200
220.0,5.42,288500,1560408.0,5.42,5.41,5.4,5.39,5.38,5.37,5.36,5.35,5.34,5.33,5.43,5.44,5.45,5.46,5.47,5.48,5.49,5.5,5.51,5.52,1700,21700,3700,29300,27500,40600,11300,23900,7800,16800,5000,9000,12500,13800,63800,69900,54400,16000,15200,25800
221.0,5.43,289600,1566378.0,5.42,5.41,5.4,5.39,5.38,5.37,5.36,5.35,5.34,5.33,5.43,5.44,5.45,5.46,5.47,5.48,5.49,5.5,5.51,5.52,1400,21700,3700,29300,27500,40600,11300,23900,7800,16800,4200,9000,12500,13800,63800,69900,54400,16000,15200,25800
222.0,5.43,289600,1566378.0,5.42,5.41,5.4,5.39,5.38,5.37,5.36,5.35,5.34,5.33,5.43,5.44,5.45,5.46,5.47,5.48,5.49,5.5,5.51,5.52,1400,21700,3700,29300,27500,40600,11300,23900,7800,16800,4200,9000,12500,13800,63800,69900,54400,16000,15200,25800
223.0,5.43,289600,1566378.0,5.42,5.41,5.4,5.39,5.38,5.37,5.36,5.35,5.34,5.33,5.43,5.44,5.45,5.46,5.47,5.48,5.49,5.5,5.51,5.52,1400,21700,3700,29300,27500,40600,11300,23900,7800,16800,4200,9000,12500,13800,63800,69900,54400,16000,15200,25800
224.0,5.43,290000,1568550.0,5.42,5.41,5.4,5.39,5.38,5.37,5.36,5.35,5.34,5.33,5.43,5.44,5.45,5.46,5.47,5.48,5.49,5.5,5.51,5.52,2800,21700,3700,29300,27500,40600,11300,23900,7800,16800,3800,9000,12500,13800,63800,69900,54400,16000,15200,25800
225.0,5.43,290300,1570179.0,5.42,5.41,5.4,5.39,5.38,5.37,5.36,5.35,5.34,5.33,5.43,5.44,5.45,5.46,5.47,5.48,5.49,5.5,5.51,5.52,2800,21700,3700,29300,27500,40600,11300,23900,7800,16800,3500,9000,12500,13800,63800,69900,54400,16000,15200,25800
226.0,5.43,290300,1570179.0,5.42,5.41,5.4,5.39,5.38,5.37,5.36,5.35,5.34,5.33,5.43,5.44,5.45,5.46,5.47,5.48,5.49,5.5,5.51,5.52,3300,21700,3700,29300,27500,40600,11300,23900,7800,16800,3500,9000,12500,13800,63800,69900,54400,16000,15200,25800
227.0,5.43,290300,1570179.0,5.42,5.41,5.4,5.39,5.38,5.37,5.36,5.35,5.34,5.33,5.43,5.44,5.45,5.46,5.47,5.48,5.49,5.5,5.51,5.52,3300,21700,3700,29300,27500,40600,11300,23900,7800,16800,3500,9000,12500,13800,63800,69900,54400,16000,15200,25800
228.0,5.43,291000,1573980.0,5.42,5.41,5.4,5.39,5.38,5.37,5.36,5.35,5.34,5.33,5.43,5.44,5.45,5.46,5.47,5.48,5.49,5.5,5.51,5.52,3300,21700,3700,29300,27500,40600,11300,23900,7800,16800,2800,9000,12500,13800,63800,69900,54400,16000,15200,25800
229.0,5.42,291300,1575606.0,5.42,5.41,5.4,5.39,5.38,5.37,5.36,5.35,5.34,5.33,5.43,5.44,5.45,5.46,5.47,5.48,5.49,5.5,5.51,5.52,3000,21700,3700,29300,27500,40600,21300,23900,7800,16800,2800,9000,12500,13800,63800,69900,54400,16000,15200,25800
230.0,5.42,291300,1575606.0,5.42,5.41,5.4,5.39,5.38,5.37,5.36,5.35,5.34,5.33,5.43,5.44,5.45,5.46,5.47,5.48,5.49,5.5,5.51,5.52,3000,21700,3700,29600,27500,40600,21300,23900,7800,16800,2800,9000,12500,13800,63800,69900,54400,16000,15200,25800
231.0,5.42,291600,1577232.0,5.42,5.41,5.4,5.39,5.38,5.37,5.36,5.35,5.34,5.33,5.43,5.44,5.45,5.46,5.47,5.48,5.49,5.5,5.51,5.52,2700,21700,3700,29600,27000,40600,21300,23900,7800,16800,2800,9000,12500,13800,63800,69900,54400,16000,15200,25800
232.0,5.42,291600,1577232.0,5.42,5.41,5.4,5.39,5.38,5.37,5.36,5.35,5.34,5.33,5.43,5.44,5.45,5.46,5.47,5.48,5.49,5.5,5.51,5.52,2700,21700,3700,29600,27000,40600,21300,23900,7800,16800,2800,9000,12500,13800,63800,69900,54400,16000,15200,25800
233.0,5.42,291600,1577232.0,5.42,5.41,5.4,5.39,5.38,5.37,5.36,5.35,5.34,5.33,5.43,5.44,5.45,5.46,5.47,5.48,5.49,5.5,5.51,5.52,2700,21700,3700,29600,27000,40600,21300,23900,7800,16800,2800,9000,12500,13800,63800,69900,54400,16000,15200,25800
234.0,5.42,291600,1577232.0,5.42,5.41,5.4,5.39,5.38,5.37,5.36,5.35,5.34,5.33,5.43,5.44,5.45,5.46,5.47,5.48,5.49,5.5,5.51,5.52,2700,21700,3700,29600,27000,40600,21300,23900,7800,16800,2800,9000,12500,13800,63800,69900,54400,16000,15200,25800
235.0,5.43,294300,1591891.0,5.42,5.41,5.4,5.39,5.38,5.37,5.36,5.35,5.34,5.33,5.43,5.44,5.45,5.46,5.47,5.48,5.49,5.5,5.51,5.52,2000,21700,3700,29600,27000,40600,21300,23900,7800,16800,3500,9000,12500,13800,63800,69900,54400,16000,15200,25800
236.0,5.42,294500,1592975.0,5.42,5.41,5.4,5.39,5.38,5.37,5.36,5.35,5.34,5.33,5.43,5.44,5.45,5.46,5.47,5.48,5.49,5.5,5.51,5.52,2100,21700,3700,29600,27000,40600,21300,23900,7800,16800,3600,9000,12500,13800,63800,69900,54400,26000,15200,25800
237.0,5.42,294500,1592975.0,5.42,5.41,5.4,5.39,5.38,5.37,5.36,5.35,5.34,5.33,5.43,5.44,5.45,5.46,5.47,5.48,5.49,5.5,5.51,5.52,2100,20700,3700,29600,27000,40600,21300,23900,7800,16800,3600,9000,12500,13800,63800,69900,54400,26000,15200,25800
238.0,5.42,294700,1594059.0,5.42,5.41,5.4,5.39,5.38,5.37,5.36,5.35,5.34,5.33,5.43,5.44,5.45,5.46,5.47,5.48,5.49,5.5,5.51,5.52,1900,20700,3700,29600,27000,40600,21300,23900,7800,16800,3600,10000,12500,13800,63800,69900,54400,26000,15200,25800
239.0,5.42,294700,1594059.0,5.42,5.41,5.4,5.39,5.38,5.37,5.36,5.35,5.34,5.33,5.43,5.44,5.45,5.46,5.47,5.48,5.49,5.5,5.51,5.52,1900,20700,3700,29600,27000,40600,21300,23900,7800,16800,3600,10000,12500,13800,63800,69900,54400,26000,15200,25800
240.0,5.43,295400,1597860.0,5.42,5.41,5.4,5.39,5.38,5.37,5.36,5.35,5.34,5.33,5.43,5.44,5.45,5.46,5.47,5.48,5.49,5.5,5.51,5.52,1900,20700,3700,29600,27000,40600,21300,23900,7800,16800,2900,10000,12500,13800,63800,69900,54400,26000,15200,25800
241.0,5.42,296900,1605990.0,5.42,5.41,5.4,5.39,5.38,5.37,5.36,5.35,5.34,5.33,5.43,5.44,5.45,5.46,5.47,5.48,5.49,5.5,5.51,5.52,400,20700,3700,29600,27000,40600,21300,23900,7800,16800,3200,10000,12500,13800,63800,69900,54400,26000,15200,25800
242.0,5.42,297300,1608158.0,5.42,5.41,5.4,5.39,5.38,5.37,5.36,5.35,5.34,5.33,5.43,5.44,5.45,5.46,5.47,5.48,5.49,5.5,5.51,5.52,200,20700,3700,29600,27000,40600,21300,23900,7800,16800,3200,10000,12500,13800,63800,69900,54400,26000,15200,25800
243.0,5.42,297300,1608158.0,5.42,5.41,5.4,5.39,5.38,5.37,5.36,5.35,5.34,5.33,5.43,5.44,5.45,5.46,5.47,5.48,5.49,5.5,5.51,5.52,200,20700,3700,29600,27000,40600,21300,23900,7800,16800,3200,10000,12400,13800,63800,69900,54400,26000,15200,25800
244.0,5.42,297300,1608158.0,5.42,5.41,5.4,5.39,5.38,5.37,5.36,5.35,5.34,5.33,5.43,5.44,5.45,5.46,5.47,5.48,5.49,5.5,5.51,5.52,800,20700,3700,29600,27000,40600,21300,23900,7800,16800,3200,10000,12400,13800,63800,69900,54400,26000,15200,25800
245.0,5.42,297700,1610326.0,5.42,5.41,5.4,5.39,5.38,5.37,5.36,5.35,5.34,5.33,5.43,5.44,5.45,5.46,5.47,5.48,5.49,5.5,5.51,5.52,400,20700,3700,29600,27000,40600,21300,23900,7800,16800,3200,10000,12400,13800,63800,69900,54400,26000,15200,25800
246.0,5.43,298200,1613041.0,5.42,5.41,5.4,5.39,5.38,5.37,5.36,5.35,5.34,5.33,5.43,5.44,5.45,5.46,5.47,5.48,5.49,5.5,5.51,5.52,400,20700,3700,29600,27000,40600,21300,23900,7800,16800,2700,10000,12400,13800,63800,69900,54400,26000,15200,25800
247.0,5.43,298200,1613041.0,5.42,5.41,5.4,5.39,5.38,5.37,5.36,5.35,5.34,5.33,5.43,5.44,5.45,5.46,5.47,5.48,5.49,5.5,5.51,5.52,400,20700,3700,29600,27000,40600,21300,23900,7800,16800,2700,10000,12400,13800,63800,69900,54400,26000,15200,25800
248.0,5.42,298400,1614125.0,5.42,5.41,5.4,5.39,5.38,5.37,5.36,5.35,5.34,5.33,5.43,5.44,5.45,5.46,5.47,5.48,5.49,5.5,5.51,5.52,3200,20700,3700,29600,27000,40600,21300,23900,7800,16800,2800,10000,12400,13800,63800,69900,54400,26000,15200,25800
249.0,5.42,298400,1614125.0,5.42,5.41,5.4,5.39,5.38,5.37,5.36,5.35,5.34,5.33,5.43,5.44,5.45,5.46,5.47,5.48,5.49,5.5,5.51,5.52,4500,20700,3700,29600,27000,40600,21300,23900,7800,16800,2700,10000,12400,13500,63800,69900,54400,26000,15200,25800
250.0,5.42,298400,1614125.0,5.42,5.41,5.4,5.39,5.38,5.37,5.36,5.35,5.34,5.33,5.43,5.44,5.45,5.46,5.47,5.48,5.49,5.5,5.51,5.52,4500,20700,3700,29600,27000,40600,21300,23900,7800,16800,2700,10000,12400,14000,63800,69900,54400,26000,15200,25800
251.0,5.42,298800,1616293.0,5.42,5.41,5.4,5.39,5.38,5.37,5.36,5.35,5.34,5.33,5.43,5.44,5.45,5.46,5.47,5.48,5.49,5.5,5.51,5.52,4100,20700,3700,29600,27000,40600,21300,23900,7800,16800,2700,10000,12400,14000,63800,69900,54400,26000,15200,25800
252.0,5.43,299300,1619008.0,5.42,5.41,5.4,5.39,5.38,5.37,5.36,5.35,5.34,5.33,5.43,5.44,5.45,5.46,5.47,5.48,5.49,5.5,5.51,5.52,4100,20700,3700,29600,27000,40600,21300,23900,7800,16800,2200,10000,12400,14000,63800,69900,54400,26000,15200,25800
253.0,5.43,299300,1619008.0,5.42,5.41,5.4,5.39,5.38,5.37,5.36,5.35,5.34,5.33,5.43,5.44,5.45,5.46,5.47,5.48,5.49,5.5,5.51,5.52,4100,20700,3700,29600,27000,40600,21300,23900,7800,16800,2300,10000,12400,14000,63800,69900,54400,26000,15200,25800
254.0,5.43,300300,1624434.0,5.42,5.41,5.4,5.39,5.38,5.37,5.36,5.35,5.34,5.33,5.43,5.44,5.45,5.46,5.47,5.48,5.49,5.5,5.51,5.52,5700,20700,3700,29600,27000,40600,21300,23900,7800,16800,1700,10000,12400,14000,63800,69900,54400,26000,15200,25800
255.0,5.43,300300,1624434.0,5.42,5.41,5.4,5.39,5.38,5.37,5.36,5.35,5.34,5.33,5.43,5.44,5.45,5.46,5.47,5.48,5.49,5.5,5.51,5.52,5700,20700,3700,29600,27000,40600,21300,23900,7800,16800,1700,10000,12900,14000,63800,69900,54400,26000,15200,25800
256.0,5.43,300300,1624434.0,5.42,5.41,5.4,5.39,5.38,5.37,5.36,5.35,5.34,5.33,5.43,5.44,5.45,5.46,5.47,5.48,5.49,5.5,5.51,5.52,6400,20700,3700,29600,27000,40600,21300,23900,7800,16800,1700,10000,12900,14000,63800,69900,54400,26000,15200,25800
257.0,5.43,300300,1624434.0,5.42,5.41,5.4,5.39,5.38,5.37,5.36,5.35,5.34,5.33,5.43,5.44,5.45,5.46,5.47,5.48,5.49,5.5,5.51,5.52,6400,20700,3700,29600,27000,40600,21300,23900,7800,16800,2300,10000,12900,14000,63800,69900,54400,26000,15200,25800
258.0,5.42,300900,1627686.0,5.42,5.41,5.4,5.39,5.38,5.37,5.36,5.35,5.34,5.33,5.43,5.44,5.45,5.46,5.47,5.48,5.49,5.5,5.51,5.52,5800,20700,3700,29600,27000,40600,21300,23900,7800,16800,2300,10000,12900,14000,63800,69900,54400,26000,15200,25800
259.0,5.42,300900,1627686.0,5.42,5.41,5.4,5.39,5.38,5.37,5.36,5.35,5.34,5.33,5.43,5.44,5.45,5.46,5.47,5.48,5.49,5.5,5.51,5.52,5800,20700,3700,29600,27000,40600,21300,23900,7800,16800,2300,10000,12900,14000,63800,69900,54400,26000,15200,25800
260.0,5.42,300900,1627686.0,5.42,5.41,5.4,5.39,5.38,5.37,5.36,5.35,5.34,5.33,5.43,5.44,5.45,5.46,5.47,5.48,5.49,5.5,5.51,5.52,5900,20700,3700,29600,27000,40600,21300,23900,7800,16800,2300,10000,12900,14000,63800,69900,54400,26000,15200,25800
261.0,5.42,301400,1630396.0,5.42,5.41,5.4,5.39,5.38,5.37,5.36,5.35,5.34,5.33,5.43,5.44,5.45,5.46,5.47,5.48,5.49,5.5,5.51,5.52,5400,20700,3700,29600,27000,40600,21300,23900,7800,16800,2300,10000,12900,14000,63800,69900,54400,26000,15200,25800
262.0,5.43,302100,1634197.0,5.42,5.41,5.4,5.39,5.38,5.37,5.36,5.35,5.34,5.33,5.43,5.44,5.45,5.46,5.47,5.48,5.49,5.5,5.51,5.52,5400,20700,3700,29600,27000,40600,21300,25500,7800,16800,3700,10000,12900,14000,63800,69900,54400,26000,15200,25800
263.0,5.43,302100,1634197.0,5.42,5.41,5.4,5.39,5.38,5.37,5.36,5.35,5.34,5.33,5.43,5.44,5.45,5.46,5.47,5.48,5.49,5.5,5.51,5.52,5400,20700,3700,29600,27000,40600,21300,25500,7800,16800,3700,10000,12900,14000,63800,69900,54400,26000,15200,25800
264.0,5.42,302600,1636907.0,5.42,5.41,5.4,5.39,5.38,5.37,5.36,5.35,5.34,5.33,5.43,5.44,5.45,5.46,5.47,5.48,5.49,5.5,5.51,5.52,4900,20700,3700,29600,27000,40600,21300,25500,7800,16800,3700,10000,12900,14000,63800,69900,54400,26000,15200,25800
265.0,5.42,302600,1636907.0,5.42,5.41,5.4,5.39,5.38,5.37,5.36,5.35,5.34,5.33,5.43,5.44,5.45,5.46,5.47,5.48,5.49,5.5,5.51,5.52,4900,20700,3700,29600,27000,40600,21300,25500,7800,16800,3800,10000,14200,14000,63800,69900,54400,26000,15200,25800
266.0,5.42,302600,1636907.0,5.42,5.41,5.4,5.39,5.38,5.37,5.36,5.35,5.34,5.33,5.43,5.44,5.45,5.46,5.47,5.48,5.49,5.5,5.51,5.52,10000,20700,3700,29600,27000,40600,21300,25500,7800,16800,3800,10000,14200,14000,63800,69900,54400,26000,15200,25800
267.0,5.42,302600,1636907.0,5.42,5.41,5.4,5.39,5.38,5.37,5.36,5.35,5.34,5.33,5.43,5.44,5.45,5.46,5.47,5.48,5.49,5.5,5.51,5.52,10000,20700,3700,29600,27000,40600,21300,25500,7800,16800,3800,10000,14200,14000,63800,69900,60400,26000,15200,25800
268.0,5.42,303600,1642327.0,5.42,5.41,5.4,5.39,5.38,5.37,5.36,5.35,5.34,5.33,5.43,5.44,5.45,5.46,5.47,5.48,5.49,5.5,5.51,5.52,9000,20700,3700,29600,27000,40600,21300,25500,7800,16800,3800,10000,14200,14000,63800,69900,60400,26000,15200,25800
269.0,5.42,303600,1642327.0,5.42,5.41,5.4,5.39,5.38,5.37,5.36,5.35,5.34,5.33,5.43,5.44,5.45,5.46,5.47,5.48,5.49,5.5,5.51,5.52,9000,20700,3700,29600,27000,40600,21300,25500,7800,16800,3900,10000,14200,14000,63800,69900,60400,26000,15200,25800
270.0,5.42,303600,1642327.0,5.42,5.41,5.4,5.39,5.38,5.37,5.36,5.35,5.34,5.33,5.43,5.44,5.45,5.46,5.47,5.48,5.49,5.5,5.51,5.52,9000,20700,3700,29600,27000,40600,21300,25500,7800,16800,3900,10300,14200,14000,63800,69900,60400,26000,15200,25800
271.0,5.42,304500,1647205.0,5.42,5.41,5.4,5.39,5.38,5.37,5.36,5.35,5.34,5.33,5.43,5.44,5.45,5.46,5.47,5.48,5.49,5.5,5.51,5.52,8100,20700,3700,29600,27000,40600,21300,25500,7800,16800,4100,10300,14200,14000,63800,69900,60400,26000,15200,25800
272.0,5.42,304500,1647205.0,5.42,5.41,5.4,5.39,5.38,5.37,5.36,5.35,5.34,5.33,5.43,5.44,5.45,5.46,5.47,5.48,5.49,5.5,5.51,5.52,8100,20700,3700,29600,27000,40600,21300,25500,7800,16800,4400,10300,14200,14000,63800,69900,60400,26000,15200,25800
273.0,5.43,304900,1649377.0,5.42,5.41,5.4,5.39,5.38,5.37,5.36,5.35,5.34,5.33,5.43,5.44,5.45,5.46,5.47,5.48,5.49,5.5,5.51,5.52,8100,20700,3700,29600,27000,40600,21300,25500,7800,16800,4000,10300,14200,14000,63800,69900,60400,26000,15200,25800
274.0,5.42,306500,1658049.0,5.42,5.41,5.4,5.39,5.38,5.37,5.36,5.35,5.34,5.33,5.43,5.44,5.45,5.46,5.47,5.48,5.49,5.5,5.51,5.52,6500,20700,3700,29600,27000,40600,21300,25500,7800,16800,4000,10300,14200,14000,63800,69900,60400,26000,15200,25800
275.0,5.43,308100,1666731.0,5.42,5.41,5.4,5.39,5.38,5.37,5.36,5.35,5.34,5.33,5.43,5.44,5.45,5.46,5.47,5.48,5.49,5.5,5.51,5.52,5900,25700,3700,29600,27000,40600,21300,25500,7800,16800,3200,10300,14200,14000,63800,69900,60400,26000,15200,25800
276.0,5.43,308800,1670532.0,5.42,5.41,5.4,5.39,5.38,5.37,5.36,5.35,5.34,5.33,5.43,5.44,5.45,5.46,5.47,5.48,5.49,5.5,5.51,5.52,5900,25700,3700,29600,27000,40600,21300,25500,7800,16800,2500,10300,14200,14000,63800,69900,60400,26000,15200,25800
277.0,5.42,309900,1676494.0,5.42,5.41,5.4,5.39,5.38,5.37,5.36,5.35,5.34,5.33,5.43,5.44,5.45,5.46,5.47,5.48,5.49,5.5,5.51,5.52,4800,25700,3700,29600,27000,40600,21300,25500,7800,16800,2500,10300,14200,14000,63800,69900,60400,26000,15200,25800
278.0,5.43,310900,1681915.0,5.42,5.41,5.4,5.39,5.38,5.37,5.36,5.35,5.34,5.33,5.43,5.44,5.45,5.46,5.47,5.48,5.49,5.5,5.51,5.52,4300,25700,3700,29600,27000,40600,21300,25500,7800,16800,2300,10300,14200,14000,63800,69900,60400,26000,15200,25800
279.0,5.43,310900,1681915.0,5.42,5.41,5.4,5.39,5.38,5.37,5.36,5.35,5.34,5.33,5.43,5.44,5.45,5.46,5.47,5.48,5.49,5.5,5.51,5.52,4300,25700,3700,29600,27000,40600,21300,25500,7800,16800,2300,10300,14200,14000,63800,69900,60400,26000,15200,25800
280.0,5.43,311100,1683001.0,5.42,5.41,5.4,5.39,5.38,5.37,5.36,5.35,5.34,5.33,5.43,5.44,5.45,5.46,5.47,5.48,5.49,5.5,5.51,5.52,4300,25700,3700,39600,30000,40600,21300,25500,7800,16800,2100,10300,14200,14000,63800,69900,60400,26000,15200,25800
281.0,5.43,312100,1688427.0,5.42,5.41,5.4,5.39,5.38,5.37,5.36,5.35,5.34,5.33,5.43,5.44,5.45,5.46,5.47,5.48,5.49,5.5,5.51,5.52,10000,25700,3700,39600,30000,40600,21300,25500,7800,16800,1500,10300,14200,14000,63800,69900,60400,26000,15200,25800
282.0,5.43,312100,1688427.0,5.42,5.41,5.4,5.39,5.38,5.37,5.36,5.35,5.34,5.33,5.43,5.44,5.45,5.46,5.47,5.48,5.49,5.5,5.51,5.52,10000,25700,3700,43100,30000,40600,21300,25500,7800,16800,1500,10300,14200,14000,63800,69900,60400,26000,15200,25800
283.0,5.43,312100,1688427.0,5.42,5.41,5.4,5.39,5.38,5.37,5.36,5.35,5.34,5.33,5.43,5.44,5.45,5.46,5.47,5.48,5.49,5.5,5.51,5.52,10000,25700,3700,43100,31900,40600,21300,25500,7800,16800,1500,10300,14200,14000,63900,69900,60400,26000,15200,25800
284.0,5.43,312100,1688427.0,5.42,5.41,5.4,5.39,5.38,5.37,5.36,5.35,5.34,5.33,5.43,5.44,5.45,5.46,5.47,5.48,5.49,5.5,5.51,5.52,10100,25700,3700,43100,31900,40600,21300,25500,7800,16800,1500,10300,14200,14000,63900,69900,60400,26000,15200,25800
285.0,5.42,313100,1693847.0,5.42,5.41,5.4,5.39,5.38,5.37,5.36,5.35,5.34,5.33,5.43,5.44,5.45,5.46,5.47,5.48,5.49,5.5,5.51,5.52,9100,25700,3700,43100,31900,40600,21300,25500,7800,16800,1500,10300,14200,14000,63900,69900,60400,26000,15200,25800
286.0,5.42,313100,1693847.0,5.42,5.41,5.4,5.39,5.38,5.37,5.36,5.35,5.34,5.33,5.43,5.44,5.45,5.46,5.47,5.48,5.49,5.5,5.51,5.52,9100,25700,3700,43100,31900,40600,21300,25500,7800,16800,1500,10300,14200,14000,63900,69900,60400,26000,15200,25800
287.0,5.42,313100,1693847.0,5.42,5.41,5.4,5.39,5.38,5.37,5.36,5.35,5.34,5.33,5.43,5.44,5.45,5.46,5.47,5.48,5.49,5.5,5.51,5.52,9100,25700,3700,43100,31900,40600,21300,25500,7800,16800,3400,10300,14200,14000,63900,69900,60400,26000,15200,25800
288.0,5.43,314300,1700354.0,5.42,5.41,5.4,5.39,5.38,5.37,5.36,5.35,5.34,5.33,5.43,5.44,5.45,5.46,5.47,5.48,5.49,5.5,5.51,5.52,8200,25700,3700,43100,31900,40600,21300,25500,7800,16800,3100,10300,14200,14000,63900,69900,60400,26000,15200,25800
289.0,5.43,314400,1700897.0,5.42,5.41,5.4,5.39,5.38,5.37,5.36,5.35,5.34,5.33,5.43,5.44,5.45,5.46,5.47,5.48,5.49,5.5,5.51,5.52,8200,25700,3700,43100,31900,40600,21300,25500,7800,16800,3000,10300,14200,14000,63900,69900,60400,26000,15200,25800
290.0,5.43,314400,1700897.0,5.42,5.41,5.4,5.39,5.38,5.37,5.36,5.35,5.34,5.33,5.43,5.44,5.45,5.46,5.47,5.48,5.49,5.5,5.51,5.52,8200,25700,3700,43100,31900,40600,21300,25500,7800,16800,3000,10300,14200,14000,63900,69900,60400,26000,15200,25800
291.0,5.42,315200,1705233.0,5.42,5.41,5.4,5.39,5.38,5.37,5.36,5.35,5.34,5.33,5.43,5.44,5.45,5.46,5.47,5.48,5.49,5.5,5.51,5.52,7400,25700,3700,43100,31900,40600,21300,25500,7800,16800,3000,10300,14200,14000,63900,69900,60400,26000,15200,25800
292.0,5.42,315200,1705233.0,5.42,5.41,5.4,5.39,5.38,5.37,5.36,5.35,5.34,5.33,5.43,5.44,5.45,5.46,5.47,5.48,5.49,5.5,5.51,5.52,7400,25700,3700,43100,31900,40600,21300,25500,7800,16800,3000,10300,14200,14000,63900,69900,60400,26000,15200,25800
293.0,5.42,315200,1705233.0,5.42,5.41,5.4,5.39,5.38,5.37,5.36,5.35,5.34,5.33,5.43,5.44,5.45,5.46,5.47,5.48,5.49,5.5,5.51,5.52,7400,25700,3700,43100,31900,40600,21300,25500,7800,16800,3000,10300,14200,14000,63900,69900,60400,26000,15200,25800
294.0,5.44,320700,1735123.0,5.42,5.41,5.4,5.39,5.38,5.37,5.36,5.35,5.34,5.33,5.44,5.45,5.46,5.47,5.48,5.49,5.5,5.51,5.52,5.53,7400,25700,3700,43100,31900,40600,21300,25500,7800,16800,7800,14200,14000,63900,69900,60400,26000,15200,25800,27600
295.0,5.44,322100,1742725.0,5.42,5.41,5.4,5.39,5.38,5.37,5.36,5.35,5.34,5.33,5.44,5.45,5.46,5.47,5.48,5.49,5.5,5.51,5.52,5.53,6800,25700,3700,43100,31900,40600,21300,25500,7800,16800,7200,14200,14000,63900,69900,60400,26000,15200,25800,27600
296.0,5.43,322200,1743268.0,5.43,5.42,5.41,5.4,5.39,5.38,5.37,5.36,5.35,5.34,5.44,5.45,5.46,5.47,5.48,5.49,5.5,5.51,5.52,5.53,700,7700,25700,3700,43100,31900,40600,21300,25500,7800,7500,14200,14000,63900,69900,60400,26000,15200,25800,27600
297.0,5.43,322200,1743268.0,5.43,5.42,5.41,5.4,5.39,5.38,5.37,5.36,5.35,5.34,5.44,5.45,5.46,5.47,5.48,5.49,5.5,5.51,5.52,5.53,700,7700,25700,3700,43100,31900,40600,21300,25500,7800,7500,14200,14000,63900,69900,60400,26000,15200,25800,27600
298.0,5.43,322200,1743268.0,5.43,5.42,5.41,5.4,5.39,5.38,5.37,5.36,5.35,5.34,5.44,5.45,5.46,5.47,5.48,5.49,5.5,5.51,5.52,5.53,17600,7700,25700,3700,43100,31900,40600,21300,25500,7800,7500,14200,14000,63900,69900,60400,26000,15200,25800,27600
299.0,5.43,322200,1743268.0,5.43,5.42,5.41,5.4,5.39,5.38,5.37,5.36,5.35,5.34,5.44,5.45,5.46,5.47,5.48,5.49,5.5,5.51,5.52,5.53,17600,7900,25700,3700,43100,31900,40600,21300,25500,7800,7800,14200,14000,63900,69900,60400,26000,15200,25800,27600
300.0,5.43,322200,1743268.0,5.43,5.42,5.41,5.4,5.39,5.38,5.37,5.36,5.35,5.34,5.44,5.45,5.46,5.47,5.48,5.49,5.5,5.51,5.52,5.53,17600,7900,25700,3700,43100,28900,40600,21300,25500,7800,7800,14200,14000,63900,69900,60400,26000,15200,25800,27600
301.0,5.43,323900,1752499.0,5.43,5.42,5.41,5.4,5.39,5.38,5.37,5.36,5.35,5.34,5.44,5.45,5.46,5.47,5.48,5.49,5.5,5.51,5.52,5.53,15900,7900,25700,3700,43100,28900,40600,21300,25500,7800,7800,14200,14000,63900,69900,60400,26000,15200,25800,27600
302.0,5.44,325000,1758483.0,5.43,5.42,5.41,5.4,5.39,5.38,5.37,5.36,5.35,5.34,5.44,5.45,5.46,5.47,5.48,5.49,5.5,5.51,5.52,5.53,16800,7900,25700,3700,43100,28900,40600,21300,25500,7800,6700,14200,14000,63900,69900,60400,26000,15200,25800,27600
303.0,5.43,330600,1788897.0,5.43,5.42,5.41,5.4,5.39,5.38,5.37,5.36,5.35,5.34,5.44,5.45,5.46,5.47,5.48,5.49,5.5,5.51,5.52,5.53,11800,7900,25700,3700,43100,28900,40600,21300,25500,7800,6100,14200,14000,63900,69900,60400,26000,15200,25800,27600
304.0,5.43,333600,1805187.0,5.43,5.42,5.41,5.4,5.39,5.38,5.37,5.36,5.35,5.34,5.44,5.45,5.46,5.47,5.48,5.49,5.5,5.51,5.52,5.53,9800,7900,25700,3700,43100,28900,40600,21300,25500,7800,6100,14200,14000,63900,69900,60400,26000,15200,25800,27600
305.0,5.43,334500,1810074.0,5.43,5.42,5.41,5.4,5.39,5.38,5.37,5.36,5.35,5.34,5.44,5.45,5.46,5.47,5.48,5.49,5.5,5.51,5.52,5.53,19800,7900,25700,3700,43100,28900,40600,21300,25500,7800,6100,14200,14000,63900,69900,60400,26000,15200,25800,27600
306.0,5.43,334500,1810074.0,5.43,5.42,5.41,5.4,5.39,5.38,5.37,5.36,5.35,5.34,5.44,5.45,5.46,5.47,5.48,5.49,5.5,5.51,5.52,5.53,19800,7900,25700,3700,43100,28900,40600,21300,25500,7800,6100,14200,14000,63900,69900,60400,26000,15200,25800,27600
307.0,5.43,334500,1810074.0,5.43,5.42,5.41,5.4,5.39,5.38,5.37,5.36,5.35,5.34,5.44,5.45,5.46,5.47,5.48,5.49,5.5,5.51,5.52,5.53,19800,7900,25700,3700,43100,28900,40600,21300,25500,7800,6400,14200,14000,63900,69900,60400,26000,15200,25800,27600
308.0,5.43,336300,1819848.0,5.43,5.42,5.41,5.4,5.39,5.38,5.37,5.36,5.35,5.34,5.44,5.45,5.46,5.47,5.48,5.49,5.5,5.51,5.52,5.53,19300,7900,25700,3700,43100,28900,40600,21300,25500,7800,6300,14300,14000,63900,69900,60400,26000,15200,25800,27600
309.0,5.43,336300,1819848.0,5.43,5.42,5.41,5.4,5.39,5.38,5.37,5.36,5.35,5.34,5.44,5.45,5.46,5.47,5.48,5.49,5.5,5.51,5.52,5.53,19300,7900,25700,3700,43100,28900,40600,21300,25500,7800,6300,14400,14000,63900,69900,60400,26000,15200,25800,27600
310.0,5.43,341700,1849170.0,5.43,5.42,5.41,5.4,5.39,5.38,5.37,5.36,5.35,5.34,5.44,5.45,5.46,5.47,5.48,5.49,5.5,5.51,5.52,5.53,13900,7900,25700,3700,43100,28900,40600,21300,25500,7800,6300,14400,19500,63900,69900,60400,26000,15200,25800,27600
311.0,5.44,343200,1857317.0,5.43,5.42,5.41,5.4,5.39,5.38,5.37,5.36,5.35,5.34,5.44,5.45,5.46,5.47,5.48,5.49,5.5,5.51,5.52,5.53,12600,7900,25700,3700,43100,28900,40600,21300,25500,7800,12500,14400,19500,63900,69900,60400,26000,15200,25800,27600
312.0,5.44,343200,1857317.0,5.43,5.42,5.41,5.4,5.39,5.38,5.37,5.36,5.35,5.34,5.44,5.45,5.46,5.47,5.48,5.49,5.5,5.51,5.52,5.53,12600,7900,25700,3700,43100,28900,40600,21300,25500,7800,12500,14400,19500,63900,69900,60400,26000,15200,25800,27600
313.0,5.44,343200,1857317.0,5.43,5.42,5.41,5.4,5.39,5.38,5.37,5.36,5.35,5.34,5.44,5.45,5.46,5.47,5.48,5.49,5.5,5.51,5.52,5.53,12600,7900,25700,3700,43100,28900,40600,21300,25500,7800,12500,14400,19500,63900,69900,60400,26000,15200,25800,27600
314.0,5.43,344400,1863833.0,5.43,5.42,5.41,5.4,5.39,5.38,5.37,5.36,5.35,5.34,5.44,5.45,5.46,5.47,5.48,5.49,5.5,5.51,5.52,5.53,11400,7900,25700,3700,43100,28900,40600,21300,25500,7800,12500,14400,19500,63900,69900,60400,26000,15200,25800,27600
315.0,5.43,344400,1863833.0,5.43,5.42,5.41,5.4,5.39,5.38,5.37,5.36,5.35,5.34,5.44,5.45,5.46,5.47,5.48,5.49,5.5,5.51,5.52,5.53,16400,7900,25700,3700,43100,28900,40600,21300,25500,7800,12500,14400,19500,63900,69900,60400,26000,15200,25800,27600
316.0,5.43,344400,1863833.0,5.43,5.42,5.41,5.4,5.39,5.38,5.37,5.36,5.35,5.34,5.44,5.45,5.46,5.47,5.48,5.49,5.5,5.51,5.52,5.53,16400,7900,25700,3700,43100,28900,40600,21300,25500,7800,12700,14400,19500,63900,69900,60400,26000,15200,25800,27600
317.0,5.43,346000,1872521.0,5.43,5.42,5.41,5.4,5.39,5.38,5.37,5.36,5.35,5.34,5.44,5.45,5.46,5.47,5.48,5.49,5.5,5.51,5.52,5.53,14800,7900,25700,3700,43100,28900,40600,21300,25500,7800,12700,14400,19500,63900,69900,60400,26000,15200,25800,27600
318.0,5.44,347200,1879049.0,5.43,5.42,5.41,5.4,5.39,5.38,5.37,5.36,5.35,5.34,5.44,5.45,5.46,5.47,5.48,5.49,5.5,5.51,5.52,5.53,14800,7900,25700,3700,43100,28900,40600,21300,25500,7800,11500,14400,19500,63900,69900,60400,26000,15200,25800,27600
319.0,5.43,347400,1880135.0,5.43,5.42,5.41,5.4,5.39,5.38,5.37,5.36,5.35,5.34,5.44,5.45,5.46,5.47,5.48,5.49,5.5,5.51,5.52,5.53,15000,7900,25700,3700,43100,28900,40600,21300,25500,7800,11500,14400,19500,63900,69900,60400,26000,15200,25800,27600
320.0,5.43,348900,1888280.0,5.43,5.42,5.41,5.4,5.39,5.38,5.37,5.36,5.35,5.34,5.44,5.45,5.46,5.47,5.48,5.49,5.5,5.51,5.52,5.53,13600,7900,25700,3700,43100,28900,40600,21300,25500,7800,11600,14400,19500,63900,69900,60400,26000,15200,25800,27600
321.0,5.43,354900,1920860.0,5.43,5.42,5.41,5.4,5.39,5.38,5.37,5.36,5.35,5.34,5.44,5.45,5.46,5.47,5.48,5.49,5.5,5.51,5.52,5.53,7600,7900,25700,3700,43100,28900,40600,21300,25500,7800,11600,14400,19500,63900,69900,60400,26000,15200,25800,27600
322.0,5.43,358700,1941494.0,5.43,5.42,5.41,5.4,5.39,5.38,5.37,5.36,5.35,5.34,5.44,5.45,5.46,5.47,5.48,5.49,5.5,5.51,5.52,5.53,3800,7900,25700,3700,43100,28900,40600,21300,25500,7800,11600,14400,19500,63900,69900,60400,26000,15200,25800,27600
323.0,5.43,359000,1943123.0,5.43,5.42,5.41,5.4,5.39,5.38,5.37,5.36,5.35,5.34,5.44,5.45,5.46,5.47,5.48,5.49,5.5,5.51,5.52,5.53,3500,7900,25700,3700,43100,28900,40600,21300,25500,7800,11600,14400,19500,63900,69900,60400,26000,15200,25800,27600
324.0,5.43,359000,1943123.0,5.43,5.42,5.41,5.4,5.39,5.38,5.37,5.36,5.35,5.34,5.44,5.45,5.46,5.47,5.48,5.49,5.5,5.51,5.52,5.53,3500,8300,25700,3700,43100,28900,40600,21300,25500,7800,11600,14400,19500,63900,69900,60400,26000,15200,25800,27600
325.0,5.43,359300,1944752.0,5.43,5.42,5.41,5.4,5.39,5.38,5.37,5.36,5.35,5.34,5.44,5.45,5.46,5.47,5.48,5.49,5.5,5.51,5.52,5.53,3200,8300,25700,3700,43100,28900,40600,21300,25500,7800,11600,14400,19500,63900,69900,60400,26000,15200,25800,27600
326.0,5.44,359800,1947469.0,5.43,5.42,5.41,5.4,5.39,5.38,5.37,5.36,5.35,5.34,5.44,5.45,5.46,5.47,5.48,5.49,5.5,5.51,5.52,5.53,9900,8300,25700,3700,43100,28900,40600,21300,25500,7800,11700,14400,19500,63900,69900,60400,26000,15200,25800,27600
327.0,5.44,359800,1947469.0,5.43,5.42,5.41,5.4,5.39,5.38,5.37,5.36,5.35,5.34,5.44,5.45,5.46,5.47,5.48,5.49,5.5,5.51,5.52,5.53,9900,8300,25700,3700,43100,28900,40600,21300,25500,7800,11700,14400,19500,63900,69900,60400,26000,15200,25800,27600
328.0,5.44,359800,1947469.0,5.43,5.42,5.41,5.4,5.39,5.38,5.37,5.36,5.35,5.34,5.44,5.45,5.46,5.47,5.48,5.49,5.5,5.51,5.52,5.53,9900,8300,25700,3700,43100,28900,40600,21300,25500,7800,11700,14400,19500,63900,69900,60400,26000,15200,25800,27600
329.0,5.43,360700,1952356.0,5.43,5.42,5.41,5.4,5.39,5.38,5.37,5.36,5.35,5.34,5.44,5.45,5.46,5.47,5.48,5.49,5.5,5.51,5.52,5.53,9000,8300,26100,3700,43100,28900,40600,21300,25500,7800,11700,14400,19500,63900,69900,60400,26000,15200,25800,27600
330.0,5.43,360700,1952356.0,5.43,5.42,5.41,5.4,5.39,5.38,5.37,5.36,5.35,5.34,5.44,5.45,5.46,5.47,5.48,5.49,5.5,5.51,5.52,5.53,9000,8300,26100,3700,43100,28900,40600,21300,25500,7800,11700,14400,19500,63900,69900,60400,26000,15200,25800,27600
331.0,5.43,360700,1952356.0,5.43,5.42,5.41,5.4,5.39,5.38,5.37,5.36,5.35,5.34,5.44,5.45,5.46,5.47,5.48,5.49,5.5,5.51,5.52,5.53,9000,8300,26100,3700,43100,28900,40600,21300,25500,7800,11700,14400,19500,63900,69900,60400,26000,15200,25800,28600
332.0,5.43,362600,1962674.0,5.43,5.42,5.41,5.4,5.39,5.38,5.37,5.36,5.35,5.34,5.44,5.45,5.46,5.47,5.48,5.49,5.5,5.51,5.52,5.53,7200,8300,26100,3700,43100,28900,40600,21300,25500,7800,11600,14400,19500,63900,69900,60400,26000,15200,25800,28600
333.0,5.43,364000,1970276.0,5.43,5.42,5.41,5.4,5.39,5.38,5.37,5.36,5.35,5.34,5.44,5.45,5.46,5.47,5.48,5.49,5.5,5.51,5.52,5.53,5800,8300,26100,3700,43100,17300,40600,21300,25500,7800,11600,14400,19500,63900,69900,60400,26000,15200,25800,28600
334.0,5.43,364000,1970276.0,5.43,5.42,5.41,5.4,5.39,5.38,5.37,5.36,5.35,5.34,5.44,5.45,5.46,5.47,5.48,5.49,5.5,5.51,5.52,5.53,5800,8300,26100,3700,43100,17300,40600,21300,25500,7800,11600,14400,19500,63900,69900,60400,26000,15200,25800,28600
335.0,5.43,364500,1972991.0,5.43,5.42,5.41,5.4,5.39,5.38,5.37,5.36,5.35,5.34,5.44,5.45,5.46,5.47,5.48,5.49,5.5,5.51,5.52,5.53,5300,8300,26100,3700,43100,17300,40600,21300,25500,7800,11600,14400,19500,63900,69900,60400,26000,15200,25800,29600
336.0,5.43,364500,1972991.0,5.43,5.42,5.41,5.4,5.39,5.38,5.37,5.36,5.35,5.34,5.44,5.45,5.46,5.47,5.48,5.49,5.5,5.51,5.52,5.53,5300,8300,26100,3700,43100,17300,40600,21300,25500,7800,11600,14400,19500,63900,69900,60400,26000,15200,25800,29600
337.0,5.43,364500,1972991.0,5.43,5.42,5.41,5.4,5.39,5.38,5.37,5.36,5.35,5.34,5.44,5.45,5.46,5.47,5.48,5.49,5.5,5.51,5.52,5.53,5300,8300,26100,4100,43100,17300,40600,21300,25500,7800,11600,14400,19500,63900,69900,60400,26000,15200,25800,29600
338.0,5.43,365000,1975706.0,5.43,5.42,5.41,5.4,5.39,5.38,5.37,5.36,5.35,5.34,5.44,5.45,5.46,5.47,5.48,5.49,5.5,5.51,5.52,5.53,4800,8300,26100,4100,43100,17300,40600,21300,25500,7800,11600,14400,19500,63900,69900,60400,26000,15200,25800,29600
339.0,5.43,365000,1975706.0,5.43,5.42,5.41,5.4,5.39,5.38,5.37,5.36,5.35,5.34,5.44,5.45,5.46,5.47,5.48,5.49,5.5,5.51,5.52,5.53,4800,8300,26100,4100,43100,17300,40600,21300,25500,7800,11600,14400,19500,63900,69900,60400,26000,15200,25800,29600
340.0,5.43,365400,1977878.0,5.43,5.42,5.41,5.4,5.39,5.38,5.37,5.36,5.35,5.34,5.44,5.45,5.46,5.47,5.48,5.49,5.5,5.51,5.52,5.53,4400,8300,26100,4300,43100,17300,40600,21300,25500,7800,11600,14400,19500,63900,69900,60400,26000,15200,25800,29600
341.0,5.44,365900,1980594.0,5.43,5.42,5.41,5.4,5.39,5.38,5.37,5.36,5.35,5.34,5.44,5.45,5.46,5.47,5.48,5.49,5.5,5.51,5.52,5.53,4000,8300,26100,4300,43100,17300,40600,21300,25500,7800,13500,14400,19500,63900,69900,60400,26000,15200,25800,29600
342.0,5.44,366400,1983314.0,5.43,5.42,5.41,5.4,5.39,5.38,5.37,5.36,5.35,5.34,5.44,5.45,5.46,5.47,5.48,5.49,5.5,5.51,5.52,5.53,4000,8300,26100,4300,43100,17300,40600,21300,25500,7800,13000,14400,19500,63900,69900,60400,26000,15200,25800,29600
343.0,5.44,367300,1988210.0,5.43,5.42,5.41,5.4,5.39,5.38,5.37,5.36,5.35,5.34,5.44,5.45,5.46,5.47,5.48,5.49,5.5,5.51,5.52,5.53,4000,8300,26100,4300,43100,17300,40600,21300,25500,7800,12100,14400,19500,63900,69900,60400,26000,15200,25800,29600
344.0,5.43,367700,1990382.0,5.43,5.42,5.41,5.4,5.39,5.38,5.37,5.36,5.35,5.34,5.44,5.45,5.46,5.47,5.48,5.49,5.5,5.51,5.52,5.53,3600,8300,26100,4300,43500,17300,40600,21300,25500,7800,12100,14400,19500,63900,69900,60400,26000,15200,25800,29600
345.0,5.43,368400,1994183.0,5.43,5.42,5.41,5.4,5.39,5.38,5.37,5.36,5.35,5.34,5.44,5.45,5.46,5.47,5.48,5.49,5.5,5.51,5.52,5.53,2900,8300,26100,4300,43500,17300,40600,21300,25500,7800,12100,14400,19500,63900,69900,60400,26000,15200,25800,29600
346.0,5.43,368400,1994183.0,5.43,5.42,5.41,5.4,5.39,5.38,5.37,5.36,5.35,5.34,5.44,5.45,5.46,5.47,5.48,5.49,5.5,5.51,5.52,5.53,2900,8300,26100,4300,43500,17300,40600,21300,25500,7800,12100,14400,19500,63900,69900,60400,26000,15200,25800,29600
347.0,5.43,368800,1996355.0,5.43,5.42,5.41,5.4,5.39,5.38,5.37,5.36,5.35,5.34,5.44,5.45,5.46,5.47,5.48,5.49,5.5,5.51,5.52,5.53,2500,8300,26100,4300,42800,17300,40600,21300,25500,7800,12100,14400,19500,63900,69900,60400,27000,15200,25800,29600
348.0,5.43,368800,1996355.0,5.43,5.42,5.41,5.4,5.39,5.38,5.37,5.36,5.35,5.34,5.44,5.45,5.46,5.47,5.48,5.49,5.5,5.51,5.52,5.53,2500,8300,26100,4300,42800,17300,40600,21300,25500,7800,12100,14400,19500,63900,69900,60400,27000,15200,25800,29600
349.0,5.43,368800,1996355.0,5.43,5.42,5.41,5.4,5.39,5.38,5.37,5.36,5.35,5.34,5.44,5.45,5.46,5.47,5.48,5.49,5.5,5.51,5.52,5.53,2500,8300,26100,5300,42800,17300,40600,21300,25500,7800,12100,14400,19500,63900,69900,60400,27000,15200,25800,29600
350.0,5.44,369100,1997985.0,5.43,5.42,5.41,5.4,5.39,5.38,5.37,5.36,5.35,5.34,5.44,5.45,5.46,5.47,5.48,5.49,5.5,5.51,5.52,5.53,2300,8300,26100,5300,42800,17300,40600,21300,25500,7800,12000,14400,19500,63900,69900,60400,27000,15200,25800,29600
351.0,5.44,369100,1997985.0,5.43,5.42,5.41,5.4,5.39,5.38,5.37,5.36,5.35,5.34,5.44,5.45,5.46,5.47,5.48,5.49,5.5,5.51,5.52,5.53,2300,8300,26100,5300,42800,17300,40600,21300,25500,7800,12000,14400,19500,63900,69900,60400,27000,15200,25800,29600
352.0,5.44,369100,1997985.0,5.43,5.42,5.41,5.4,5.39,5.38,5.37,5.36,5.35,5.34,5.44,5.45,5.46,5.47,5.48,5.49,5.5,5.51,5.52,5.53,2300,8300,26100,5300,42800,17300,40600,21300,25500,7800,12000,14400,19500,63900,69900,60400,27000,15200,25800,29600
353.0,5.44,369100,1997985.0,5.43,5.42,5.41,5.4,5.39,5.38,5.37,5.36,5.35,5.34,5.44,5.45,5.46,5.47,5.48,5.49,5.5,5.51,5.52,5.53,2300,8300,26100,5300,42800,17300,40600,21300,25500,7800,12000,14400,19500,63900,69900,60400,27000,15200,25800,29600
354.0,5.43,369400,1999614.0,5.43,5.42,5.41,5.4,5.39,5.38,5.37,5.36,5.35,5.34,5.44,5.45,5.46,5.47,5.48,5.49,5.5,5.51,5.52,5.53,2000,8300,26100,5300,42800,17300,40600,21300,25500,7800,12000,14400,20000,63900,69900,60400,27000,15200,25800,29600
355.0,5.44,374600,2027902.0,5.43,5.42,5.41,5.4,5.39,5.38,5.37,5.36,5.35,5.34,5.44,5.45,5.46,5.47,5.48,5.49,5.5,5.51,5.52,5.53,2000,8300,26100,5300,42800,17300,40600,21300,25500,7800,15200,14400,20000,63900,69900,60400,27000,15200,25800,29600
356.0,5.43,375000,2030074.0,5.43,5.42,5.41,5.4,5.39,5.38,5.37,5.36,5.35,5.34,5.44,5.45,5.46,5.47,5.48,5.49,5.5,5.51,5.52,5.53,1600,8300,26100,5300,42800,17300,40600,21300,25500,7800,15200,14400,20000,63900,69900,60400,27000,15200,25800,29600
357.0,5.43,375100,2030617.0,5.43,5.42,5.41,5.4,5.39,5.38,5.37,5.36,5.35,5.34,5.44,5.45,5.46,5.47,5.48,5.49,5.5,5.51,5.52,5.53,1500,8300,26100,10300,42800,17300,40600,21300,25500,7800,15200,14400,20000,63900,69900,60400,27000,15200,25800,29600
358.0,5.43,375100,2030617.0,5.43,5.42,5.41,5.4,5.39,5.38,5.37,5.36,5.35,5.34,5.44,5.45,5.46,5.47,5.48,5.49,5.5,5.51,5.52,5.53,1500,8300,26100,10300,42800,17300,40600,21300,25500,7800,15200,14400,20000,63900,69900,60400,27000,15200,25800,29600
359.0,5.43,375100,2030617.0,5.43,5.42,5.41,5.4,5.39,5.38,5.37,5.36,5.35,5.34,5.44,5.45,5.46,5.47,5.48,5.49,5.5,5.51,5.52,5.53,4700,8300,26100,10300,42800,17300,40600,21300,25500,7800,15200,14400,20000,63900,69900,60400,27000,15200,25800,29600
360.0,5.43,375500,2032789.0,5.43,5.42,5.41,5.4,5.39,5.38,5.37,5.36,5.35,5.34,5.44,5.45,5.46,5.47,5.48,5.49,5.5,5.51,5.52,5.53,4300,8300,26100,10300,42800,17300,40600,21300,25500,7800,15200,14400,20000,63900,69900,60400,27000,15200,25800,29600
361.0,5.43,375500,2032789.0,5.43,5.42,5.41,5.4,5.39,5.38,5.37,5.36,5.35,5.34,5.44,5.45,5.46,5.47,5.48,5.49,5.5,5.51,5.52,5.53,4300,8300,26100,10300,42800,17300,40600,21300,25500,7800,16500,14400,20000,63900,69900,60400,27000,15200,25800,29600
362.0,5.44,376400,2037685.0,5.43,5.42,5.41,5.4,5.39,5.38,5.37,5.36,5.35,5.34,5.44,5.45,5.46,5.47,5.48,5.49,5.5,5.51,5.52,5.53,4300,8300,26100,10300,42800,15700,40600,21300,25500,7800,15800,14400,20000,63900,69900,60400,27000,15200,25800,29600
363.0,5.44,386400,2092085.0,5.43,5.42,5.41,5.4,5.39,5.38,5.37,5.36,5.35,5.34,5.44,5.45,5.46,5.47,5.48,5.49,5.5,5.51,5.52,5.53,14300,8300,26100,10300,42800,15700,40600,21300,25500,7800,5800,14400,20000,63900,69900,60400,27000,15200,25800,29600
364.0,5.44,392900,2127431.0,5.43,5.42,5.41,5.4,5.39,5.38,5.37,5.36,5.35,5.34,5.44,5.45,5.46,5.47,5.48,5.49,5.5,5.51,5.52,5.53,12900,8300,26100,10300,42800,15700,40600,21300,25500,7800,700,14400,20000,63900,69900,60400,27000,15200,25800,29600
365.0,5.44,393600,2131239.0,5.44,5.43,5.42,5.41,5.4,5.39,5.38,5.37,5.36,5.35,5.45,5.46,5.47,5.48,5.49,5.5,5.51,5.52,5.53,5.54,1100,12900,8300,26100,12200,42800,15700,40600,21300,25500,14400,20000,63900,69900,60400,27000,15200,25800,29600,3000
366.0,5.45,395600,2142139.0,5.44,5.43,5.42,5.41,5.4,5.39,5.38,5.37,5.36,5.35,5.45,5.46,5.47,5.48,5.49,5.5,5.51,5.52,5.53,5.54,1200,12900,8300,26100,12200,42800,15700,40600,21300,25500,12400,20000,13800,69900,60400,27000,15200,25800,29600,3000
367.0,5.44,395700,2142683.0,5.44,5.43,5.42,5.41,5.4,5.39,5.38,5.37,5.36,5.35,5.45,5.46,5.47,5.48,5.49,5.5,5.51,5.52,5.53,5.54,1700,16400,8300,26100,12200,42800,15700,40600,21300,25500,12400,20000,13800,69900,60400,27000,15200,25800,29600,3000
368.0,5.45,398700,2159030.0,5.44,5.43,5.42,5.41,5.4,5.39,5.38,5.37,5.36,5.35,5.45,5.46,5.47,5.48,5.49,5.5,5.51,5.52,5.53,5.54,2000,16400,8300,26100,12200,42800,15700,40600,21300,25500,9700,20000,13800,69900,60400,27000,15200,25800,29600,3000
369.0,5.44,398900,2160118.0,5.44,5.43,5.42,5.41,5.4,5.39,5.38,5.37,5.36,5.35,5.45,5.46,5.47,5.48,5.49,5.5,5.51,5.52,5.53,5.54,1800,16400,8300,26100,12200,42800,15700,40600,21300,25500,9700,20000,13800,69900,60400,31000,15200,25800,29600,3000
370.0,5.44,399100,2161206.0,5.44,5.43,5.42,5.41,5.4,5.39,5.38,5.37,5.36,5.35,5.45,5.46,5.47,5.48,5.49,5.5,5.51,5.52,5.53,5.54,1600,16400,8300,26100,12200,42800,15700,40600,21300,25500,9700,20000,13800,69900,60400,31000,15200,25800,29600,3000
371.0,5.44,400700,2169910.0,5.43,5.42,5.41,5.4,5.39,5.38,5.37,5.36,5.35,5.34,5.44,5.45,5.46,5.47,5.48,5.49,5.5,5.51,5.52,5.53,16400,8300,26100,12200,42800,15700,40600,21300,25500,7800,5600,9700,20000,13800,69900,60400,31000,15200,25800,29600
372.0,5.44,400700,2169910.0,5.43,5.42,5.41,5.4,5.39,5.38,5.37,5.36,5.35,5.34,5.44,5.45,5.46,5.47,5.48,5.49,5.5,5.51,5.52,5.53,16400,8300,26100,13000,42800,15700,40600,21300,25500,7800,6400,9700,20000,13800,69900,60400,31000,15200,25800,29600
373.0,5.43,402300,2178598.0,5.43,5.42,5.41,5.4,5.39,5.38,5.37,5.36,5.35,5.34,5.44,5.45,5.46,5.47,5.48,5.49,5.5,5.51,5.52,5.53,14800,8300,26100,13000,42800,15700,40600,21300,25500,7800,6400,9700,20000,13800,69900,60400,31000,15200,25800,29600
374.0,5.43,402300,2178598.0,5.43,5.42,5.41,5.4,5.39,5.38,5.37,5.36,5.35,5.34,5.44,5.45,5.46,5.47,5.48,5.49,5.5,5.51,5.52,5.53,14800,8300,26100,13000,42800,15700,40600,21300,25500,7800,6400,9700,20000,23800,69900,60400,31000,15200,25800,29600
375.0,5.44,402600,2180230.0,5.43,5.42,5.41,5.4,5.39,5.38,5.37,5.36,5.35,5.34,5.44,5.45,5.46,5.47,5.48,5.49,5.5,5.51,5.52,5.53,13500,8300,26100,13000,42800,15700,40600,21300,25500,7800,6100,9700,20000,23800,69900,60400,31000,15200,25800,29600
376.0,5.43,403900,2187289.0,5.43,5.42,5.41,5.4,5.39,5.38,5.37,5.36,5.35,5.34,5.44,5.45,5.46,5.47,5.48,5.49,5.5,5.51,5.52,5.53,12200,8300,26100,13000,42800,16100,40600,21300,25500,7800,6100,9700,20000,23800,69900,60400,31000,15200,25800,29600
377.0,5.43,405100,2193805.0,5.43,5.42,5.41,5.4,5.39,5.38,5.37,5.36,5.35,5.34,5.44,5.45,5.46,5.47,5.48,5.49,5.5,5.51,5.52,5.53,11600,8300,26100,13000,42800,16100,40600,21300,25500,7800,6100,11100,20000,23800,69900,60400,31000,15200,25800,29600
378.0,5.43,405100,2193805.0,5.43,5.42,5.41,5.4,5.39,5.38,5.37,5.36,5.35,5.34,5.44,5.45,5.46,5.47,5.48,5.49,5.5,5.51,5.52,5.53,12100,8300,26100,13000,42800,16100,40600,21300,25500,7800,7100,11100,20000,23800,69900,60400,31000,15200,25800,29600
379.0,5.43,407500,2206837.0,5.43,5.42,5.41,5.4,5.39,5.38,5.37,5.36,5.35,5.34,5.44,5.45,5.46,5.47,5.48,5.49,5.5,5.51,5.52,5.53,9700,8300,26100,13000,42800,16100,40600,21300,25500,7800,7100,11100,20000,23800,69900,60400,31000,15200,25800,29600
380.0,5.44,412600,2234572.0,5.43,5.42,5.41,5.4,5.39,5.38,5.37,5.36,5.35,5.34,5.44,5.45,5.46,5.47,5.48,5.49,5.5,5.51,5.52,5.53,8800,8300,26100,13000,42800,16100,40600,21300,25500,7800,2900,11100,20000,23800,69900,60400,31000,15200,25800,29600
381.0,5.44,412600,2234572.0,5.43,5.42,5.41,5.4,5.39,5.38,5.37,5.36,5.35,5.34,5.44,5.45,5.46,5.47,5.48,5.49,5.5,5.51,5.52,5.53,8800,8300,26100,13000,42800,16100,40600,21300,25500,7800,4700,11100,20000,23800,69900,60400,31000,15200,25800,29600
382.0,5.44,412600,2234572.0,5.43,5.42,5.41,5.4,5.39,5.38,5.37,5.36,5.35,5.34,5.44,5.45,5.46,5.47,5.48,5.49,5.5,5.51,5.52,5.53,8800,9200,26100,13000,42800,16100,40600,21300,25500,7800,4700,11100,20000,23800,69900,60400,31000,15200,25800,29600
383.0,5.43,414200,2243260.0,5.43,5.42,5.41,5.4,5.39,5.38,5.37,5.36,5.35,5.34,5.44,5.45,5.46,5.47,5.48,5.49,5.5,5.51,5.52,5.53,7400,9200,26100,13000,42800,16100,41000,21300,25500,7800,4700,11100,20000,23800,69900,60400,31000,15200,25800,29600
384.0,5.43,414200,2243260.0,5.43,5.42,5.41,5.4,5.39,5.38,5.37,5.36,5.35,5.34,5.44,5.45,5.46,5.47,5.48,5.49,5.5,5.51,5.52,5.53,7400,9200,26100,13000,42800,16100,41000,21300,25500,7800,4700,11100,20000,23800,69900,61400,31000,15200,25800,29600
385.0,5.44,418400,2266108.0,5.43,5.42,5.41,5.4,5.39,5.38,5.37,5.36,5.35,5.34,5.44,5.45,5.46,5.47,5.48,5.49,5.5,5.51,5.52,5.53,7400,9200,26100,13000,42800,16100,41000,21300,25500,7800,500,11100,16500,23800,69900,61400,31000,15200,25800,29600
386.0,5.44,418900,2268828.0,5.44,5.43,5.42,5.41,5.4,5.39,5.38,5.37,5.36,5.35,5.45,5.46,5.47,5.48,5.49,5.5,5.51,5.52,5.53,5.54,400,7400,9200,26100,13000,42800,16100,41000,21300,25500,11100,16500,23800,69900,61400,31000,15200,25800,29600,3000
387.0,5.43,420100,2275348.0,5.43,5.42,5.41,5.4,5.39,5.38,5.37,5.36,5.35,5.34,5.44,5.45,5.46,5.47,5.48,5.49,5.5,5.51,5.52,5.53,6600,9200,26100,13000,42800,16100,41000,21300,25500,7800,5200,11100,16500,23800,69900,61400,31000,15200,25800,29600
388.0,5.44,421200,2281332.0,5.43,5.42,5.41,5.4,5.39,5.38,5.37,5.36,5.35,5.34,5.44,5.45,5.46,5.47,5.48,5.49,5.5,5.51,5.52,5.53,6600,9200,26100,13000,42800,16100,41000,21300,25500,7800,4100,11100,16500,23800,69900,61400,31000,15200,25800,29600
389.0,5.43,421300,2281875.0,5.43,5.42,5.41,5.4,5.39,5.38,5.37,5.36,5.35,5.34,5.44,5.45,5.46,5.47,5.48,5.49,5.5,5.51,5.52,5.53,6800,9200,26100,13000,42800,16100,41000,21700,25500,7800,4100,11100,16500,23800,69900,61400,31000,15200,25800,29600
390.0,5.43,421900,2285133.0,5.43,5.42,5.41,5.4,5.39,5.38,5.37,5.36,5.35,5.34,5.44,5.45,5.46,5.47,5.48,5.49,5.5,5.51,5.52,5.53,6200,9200,26100,13000,42800,16100,41000,21700,25500,7800,4100,11100,16500,23800,69900,61400,31000,15200,25800,29600
391.0,5.43,423700,2294907.0,5.43,5.42,5.41,5.4,5.39,5.38,5.37,5.36,5.35,5.34,5.44,5.45,5.46,5.47,5.48,5.49,5.5,5.51,5.52,5.53,4400,9200,26100,13000,42800,16100,41000,21700,25500,7800,3500,11100,16500,23800,69900,61400,31000,15200,25800,29600
392.0,5.44,423900,2295995.0,5.43,5.42,5.41,5.4,5.39,5.38,5.37,5.36,5.35,5.34,5.44,5.45,5.46,5.47,5.48,5.49,5.5,5.51,5.52,5.53,4400,9200,26100,13000,42800,16100,41000,21700,25500,7800,3300,11100,16500,23800,69900,61400,31000,15200,25800,29600
393.0,5.43,424300,2298167.0,5.43,5.42,5.41,5.4,5.39,5.38,5.37,5.36,5.35,5.34,5.44,5.45,5.46,5.47,5.48,5.49,5.5,5.51,5.52,5.53,4000,9200,26100,13000,42800,16100,41000,21700,25500,7800,3300,11100,16500,23800,69900,61400,31000,15200,25800,29600
394.0,5.43,424300,2298167.0,5.43,5.42,5.41,5.4,5.39,5.38,5.37,5.36,5.35,5.34,5.44,5.45,5.46,5.47,5.48,5.49,5.5,5.51,5.52,5.53,4000,9200,26100,13000,42800,16100,41000,21700,25500,7800,3300,11100,16500,23800,69900,61400,31000,15200,25800,29600
395.0,5.43,424300,2298167.0,5.43,5.42,5.41,5.4,5.39,5.38,5.37,5.36,5.35,5.34,5.44,5.45,5.46,5.47,5.48,5.49,5.5,5.51,5.52,5.53,4100,9200,26100,13000,42800,16100,41000,21700,25500,7800,3300,11100,16500,27300,69900,61400,31000,15200,25800,29600
396.0,5.44,424800,2300887.0,5.43,5.42,5.41,5.4,5.39,5.38,5.37,5.36,5.35,5.34,5.44,5.45,5.46,5.47,5.48,5.49,5.5,5.51,5.52,5.53,4100,9200,26100,13000,42800,16100,41000,21700,25500,7800,2800,11100,16500,27300,69900,61400,31000,15200,25800,29600
397.0,5.44,425400,2304147.0,5.43,5.42,5.41,5.4,5.39,5.38,5.37,5.36,5.35,5.34,5.44,5.45,5.46,5.47,5.48,5.49,5.5,5.51,5.52,5.53,8400,9200,26100,13000,42800,16100,41000,21700,25500,7800,3000,11100,16500,27300,69900,61400,31000,15200,25800,29600
398.0,5.44,425400,2304147.0,5.43,5.42,5.41,5.4,5.39,5.38,5.37,5.36,5.35,5.34,5.44,5.45,5.46,5.47,5.48,5.49,5.5,5.51,5.52,5.53,8400,9200,26100,23000,42800,16100,41000,21700,25500,7800,13000,11100,16500,27300,69900,61400,31000,15200,25800,29600
399.0,5.43,427300,2314464.0,5.43,5.42,5.41,5.4,5.39,5.38,5.37,5.36,5.35,5.34,5.44,5.45,5.46,5.47,5.48,5.49,5.5,5.51,5.52,5.53,6500,9200,26100,23000,42800,16100,41000,21700,25500,7800,13100,11100,16500,27300,69900,61400,31000,15200,25800,29600
400.0,5.43,427900,2317722.0,5.43,5.42,5.41,5.4,5.39,5.38,5.37,5.36,5.35,5.34,5.44,5.45,5.46,5.47,5.48,5.49,5.5,5.51,5.52,5.53,5900,9200,26100,23000,42800,16100,41000,21700,25500,7800,13100,11100,16500,27300,69900,61400,31000,15200,25800,29600
401.0,5.43,427900,2317722.0,5.43,5.42,5.41,5.4,5.39,5.38,5.37,5.36,5.35,5.34,5.44,5.45,5.46,5.47,5.48,5.49,5.5,5.51,5.52,5.53,5900,9200,26100,23000,42800,16100,41000,21700,25500,7800,13100,11100,16500,27300,69900,61400,31000,15200,25800,29600
402.0,5.43,427900,2317722.0,5.43,5.42,5.41,5.4,5.39,5.38,5.37,5.36,5.35,5.34,5.44,5.45,5.46,5.47,5.48,5.49,5.5,5.51,5.52,5.53,5900,9200,26100,23000,42800,16100,41000,21700,25500,7800,13100,11100,16500,28300,69900,61400,31000,15200,25800,29600
403.0,5.43,429500,2326410.0,5.43,5.42,5.41,5.4,5.39,5.38,5.37,5.36,5.35,5.34,5.44,5.45,5.46,5.47,5.48,5.49,5.5,5.51,5.52,5.53,4300,9200,26100,23000,42800,16100,41000,21700,25500,7800,13100,11100,16500,28300,69900,61400,31000,15200,25800,29600
404.0,5.44,430100,2329674.0,5.43,5.42,5.41,5.4,5.39,5.38,5.37,5.36,5.35,5.34,5.44,5.45,5.46,5.47,5.48,5.49,5.5,5.51,5.52,5.53,4300,9200,26100,23000,42800,16100,41000,21700,25500,7800,12500,11100,16500,28300,69900,61400,31000,15200,25800,29600
405.0,5.44,431100,2335114.0,5.43,5.42,5.41,5.4,5.39,5.38,5.37,5.36,5.35,5.34,5.44,5.45,5.46,5.47,5.48,5.49,5.5,5.51,5.52,5.53,4300,9200,26100,23000,42800,16100,41000,21700,25500,7800,11500,11100,16500,28300,69900,61400,31000,15200,25800,29600
406.0,5.43,431900,2339458.0,5.43,5.42,5.41,5.4,5.39,5.38,5.37,5.36,5.35,5.34,5.44,5.45,5.46,5.47,5.48,5.49,5.5,5.51,5.52,5.53,3500,9200,26100,23000,42800,16100,41000,21700,25500,7800,11500,11100,16500,28300,69900,61400,31000,15200,25800,29600
407.0,5.43,433700,2349233.0,5.43,5.42,5.41,5.4,5.39,5.38,5.37,5.36,5.35,5.34,5.44,5.45,5.46,5.47,5.48,5.49,5.5,5.51,5.52,5.53,4800,9200,26100,23000,42800,16100,41000,21700,25500,7800,31400,11100,16500,28300,69900,61400,31000,15200,25800,29600
408.0,5.43,438500,2375297.0,5.42,5.41,5.4,5.39,5.38,5.37,5.36,5.35,5.34,5.33,5.43,5.44,5.45,5.46,5.47,5.48,5.49,5.5,5.51,5.52,9200,26100,23000,42800,16100,41000,21700,25500,7800,16800,9000,33400,11100,16500,28300,69900,61400,31000,15200,25800
409.0,5.42,443800,2404023.0,5.42,5.41,5.4,5.39,5.38,5.37,5.36,5.35,5.34,5.33,5.43,5.44,5.45,5.46,5.47,5.48,5.49,5.5,5.51,5.52,3900,26100,23000,42800,16100,41000,21700,25500,7800,16800,25500,33400,11100,16500,28300,69900,61400,31000,15200,25800
410.0,5.42,444100,2405649.0,5.42,5.41,5.4,5.39,5.38,5.37,5.36,5.35,5.34,5.33,5.43,5.44,5.45,5.46,5.47,5.48,5.49,5.5,5.51,5.52,3600,26100,23000,42800,16100,41000,21700,25500,7800,16800,25500,33400,11100,16500,28300,69900,61400,31000,15200,25800
411.0,5.42,444100,2405649.0,5.42,5.41,5.4,5.39,5.38,5.37,5.36,5.35,5.34,5.33,5.43,5.44,5.45,5.46,5.47,5.48,5.49,5.5,5.51,5.52,3600,26100,23000,42800,16100,41000,21700,25500,7800,16800,25500,33400,11100,16500,28300,69900,61400,31000,15200,25800
412.0,5.42,444100,2405649.0,5.42,5.41,5.4,5.39,5.38,5.37,5.36,5.35,5.34,5.33,5.43,5.44,5.45,5.46,5.47,5.48,5.49,5.5,5.51,5.52,3600,26100,23000,42800,16100,41000,21700,25500,7800,16800,25500,33400,11100,16500,28300,69900,61400,31000,15200,25800
413.0,5.42,444400,2407275.0,5.42,5.41,5.4,5.39,5.38,5.37,5.36,5.35,5.34,5.33,5.43,5.44,5.45,5.46,5.47,5.48,5.49,5.5,5.51,5.52,3300,26100,23000,42800,16100,41000,21700,25500,7800,16800,25500,33400,11100,16500,28300,69900,61400,31000,15200,25800
414.0,5.42,445300,2412153.0,5.42,5.41,5.4,5.39,5.38,5.37,5.36,5.35,5.34,5.33,5.43,5.44,5.45,5.46,5.47,5.48,5.49,5.5,5.51,5.52,2400,26100,23000,42800,16100,41000,21700,25500,7800,16800,25500,33400,11100,16500,28300,69900,61400,31000,15200,25800
