LocalTime,LastPrice,TradeVolume,TradeValue,BidPrice1,BidPrice2,BidPrice3,BidPrice4,BidPrice5,BidPrice6,BidPrice7,BidPrice8,BidPrice9,BidPriceA,AskPrice1,AskPrice2,AskPrice3,AskPrice4,AskPrice5,AskPrice6,AskPrice7,AskPrice8,AskPrice9,AskPriceA,BidVolume1,BidVolume2,BidVolume3,BidVolume4,BidVolume5,BidVolume6,BidVolume7,BidVolume8,BidVolume9,BidVolumeA,AskVolume1,AskVolume2,AskVolume3,AskVolume4,AskVolume5,AskVolume6,AskVolume7,AskVolume8,AskVolume9,AskVolumeA
0.0,0.0,0,0.0,27.51,27.5,27.47,27.4,27.38,27.33,27.2,27.07,27.06,26.8,27.99,28.38,28.5,28.59,28.69,28.85,28.94,28.97,28.99,29.09,200,200,100,400,2000,400,400,100,100,300,100,300,700,200,500,300,100,200,400,500
1.0,0.0,0,0.0,27.51,27.5,27.47,27.4,27.38,27.33,27.2,27.07,27.06,26.8,27.99,28.18,28.38,28.5,28.59,28.69,28.85,28.94,28.97,28.99,200,200,100,400,2000,400,400,100,100,300,100,800,300,700,200,500,300,100,200,400
2.0,0.0,0,0.0,27.51,27.5,27.47,27.4,27.38,27.33,27.2,27.07,27.06,26.8,27.99,28.18,28.38,28.5,28.59,28.69,28.85,28.94,28.97,28.99,1200,200,100,400,2000,400,400,100,100,300,100,800,300,700,200,500,300,100,200,400
3.0,0.0,0,0.0,27.53,27.51,27.5,27.47,27.4,27.38,27.33,27.2,27.07,27.06,27.99,28.18,28.38,28.5,28.59,28.6,28.68,28.69,28.85,28.94,100,1200,200,100,400,2000,400,400,100,100,100,800,300,700,200,100,300,500,300,100
4.0,0.0,0,0.0,27.57,27.53,27.51,27.5,27.47,27.4,27.38,27.33,27.2,27.07,27.99,28.18,28.38,28.5,28.59,28.6,28.68,28.69,28.85,28.94,700,100,1200,200,100,1200,2000,400,400,100,100,800,300,700,200,100,300,500,300,100
5.0,0.0,0,0.0,27.57,27.53,27.51,27.5,27.47,27.4,27.38,27.33,27.2,27.15,27.99,28.18,28.35,28.38,28.5,28.59,28.6,28.68,28.69,28.85,700,100,1200,200,100,1200,2000,400,400,1000,100,800,100,300,700,200,100,300,500,300
6.0,0.0,0,0.0,27.57,27.53,27.51,27.5,27.47,27.4,27.38,27.33,27.2,27.15,27.81,27.99,28.18,28.35,28.38,28.5,28.59,28.6,28.68,28.69,700,100,1200,200,100,1200,2000,400,400,1000,2600,100,800,100,300,700,200,100,300,500
7.0,0.0,0,0.0,27.57,27.53,27.51,27.5,27.47,27.41,27.4,27.38,27.33,27.2,27.81,27.99,28.18,28.35,28.38,28.5,28.59,28.6,28.68,28.69,700,100,1200,200,100,800,1200,2000,400,400,2600,100,800,100,300,700,200,100,300,500
8.0,0.0,0,0.0,27.57,27.53,27.51,27.5,27.47,27.41,27.4,27.38,27.33,27.2,27.81,27.99,28.18,28.35,28.38,28.5,28.59,28.6,28.68,28.69,700,100,1200,200,100,800,1200,2000,400,400,2600,100,800,100,300,700,200,100,300,500
9.0,0.0,0,0.0,27.57,27.53,27.51,27.5,27.47,27.41,27.4,27.38,27.33,27.2,27.81,27.99,28.18,28.35,28.38,28.5,28.59,28.6,28.68,28.69,700,100,1200,200,100,1000,1200,2000,400,400,2600,100,800,100,300,700,200,100,300,1000
10.0,0.0,0,0.0,27.57,27.53,27.51,27.5,27.47,27.41,27.4,27.38,27.33,27.2,27.81,27.99,28.18,28.35,28.38,28.5,28.59,28.6,28.68,28.69,700,100,1700,200,100,1000,1200,2000,400,400,2600,100,800,100,300,700,200,100,300,1000
11.0,0.0,0,0.0,27.57,27.53,27.51,27.5,27.47,27.41,27.4,27.38,27.33,27.2,27.81,27.99,28.18,28.35,28.38,28.5,28.59,28.6,28.68,28.69,700,100,1700,200,100,1000,1200,2000,400,400,2600,100,800,100,300,700,200,100,300,1000
12.0,0.0,0,0.0,27.57,27.53,27.51,27.5,27.47,27.41,27.4,27.38,27.33,27.2,27.81,27.99,28.18,28.35,28.38,28.5,28.59,28.6,28.68,28.69,700,100,1700,200,100,1000,1200,2000,400,400,2600,100,800,100,300,700,200,100,300,1000
13.0,0.0,0,0.0,27.57,27.53,27.51,27.5,27.47,27.41,27.4,27.38,27.33,27.2,27.81,27.99,28.18,28.35,28.38,28.5,28.59,28.6,28.68,28.69,700,100,1700,200,100,1000,1200,2000,400,400,2600,100,800,100,300,700,200,100,300,1000
14.0,0.0,0,0.0,27.57,27.53,27.51,27.5,27.47,27.41,27.4,27.38,27.33,27.2,27.81,27.99,28.18,28.35,28.38,28.5,28.59,28.6,28.68,28.69,700,100,1700,200,100,1000,1200,2000,400,400,2600,100,800,100,300,700,200,100,300,1000
15.0,0.0,0,0.0,27.57,27.53,27.51,27.5,27.47,27.41,27.4,27.38,27.33,27.2,27.81,27.99,28.18,28.35,28.38,28.5,28.59,28.6,28.68,28.69,700,200,1700,200,100,1000,1200,2000,400,400,2600,100,800,100,400,700,200,100,300,1000
16.0,0.0,0,0.0,27.57,27.53,27.51,27.5,27.47,27.41,27.4,27.38,27.33,27.2,27.81,27.99,28.18,28.35,28.38,28.5,28.59,28.6,28.68,28.69,700,200,1700,200,100,1000,1200,2000,400,400,2600,100,800,100,400,700,200,100,300,1000
17.0,0.0,0,0.0,27.57,27.53,27.51,27.5,27.47,27.41,27.4,27.38,27.33,27.2,27.81,27.99,28.18,28.35,28.38,28.5,28.59,28.6,28.68,28.69,700,200,1700,200,100,1000,1200,2000,400,400,2800,100,800,100,400,700,200,100,300,1000
18.0,0.0,0,0.0,27.57,27.53,27.51,27.5,27.47,27.41,27.4,27.38,27.33,27.2,27.8,27.81,27.99,28.18,28.35,28.38,28.5,28.59,28.6,28.68,700,200,1700,200,100,1000,1200,2000,400,400,100,3500,100,800,100,400,700,200,100,300
19.0,0.0,0,0.0,27.57,27.53,27.51,27.5,27.47,27.41,27.4,27.38,27.33,27.2,27.8,27.81,27.99,28.18,28.35,28.38,28.5,28.59,28.6,28.68,700,200,1700,200,100,1000,1200,2000,400,400,100,3500,100,800,100,400,700,200,100,300
20.0,0.0,0,0.0,27.57,27.53,27.51,27.5,27.47,27.41,27.4,27.38,27.33,27.2,27.8,27.81,27.99,28.18,28.35,28.38,28.5,28.59,28.6,28.68,700,200,1700,200,100,1000,1200,2000,400,400,600,3500,100,800,100,400,700,200,100,300
21.0,0.0,0,0.0,27.57,27.53,27.51,27.5,27.47,27.41,27.4,27.38,27.33,27.2,27.8,27.81,27.99,28.18,28.35,28.38,28.5,28.59,28.6,28.68,700,200,1700,200,100,1000,1200,2000,400,400,1300,3500,100,800,100,400,700,200,100,300
22.0,0.0,0,0.0,27.57,27.53,27.51,27.5,27.47,27.41,27.4,27.38,27.33,27.2,27.8,27.81,27.99,28.18,28.35,28.38,28.5,28.59,28.6,28.68,700,200,1700,200,100,1000,1200,2000,400,400,1300,3500,100,800,100,400,700,200,100,300
23.0,0.0,0,0.0,27.57,27.53,27.51,27.5,27.47,27.41,27.4,27.38,27.33,27.2,27.8,27.81,27.99,28.18,28.35,28.38,28.5,28.59,28.6,28.68,700,200,1700,200,100,1000,1200,2000,400,400,1300,3500,100,800,100,400,700,200,100,300
24.0,0.0,0,0.0,27.57,27.53,27.51,27.5,27.47,27.41,27.4,27.38,27.33,27.2,27.8,27.81,27.99,28.18,28.35,28.38,28.5,28.59,28.6,28.68,700,200,1700,200,100,1000,1200,2000,400,400,1300,3500,100,800,100,400,700,200,100,300
25.0,0.0,0,0.0,27.57,27.53,27.51,27.5,27.47,27.41,27.4,27.38,27.33,27.2,27.8,27.81,27.99,28.18,28.35,28.38,28.5,28.59,28.6,28.68,700,200,1700,200,100,1000,1200,2000,400,400,1300,3500,100,800,100,400,700,200,100,300
26.0,0.0,0,0.0,27.57,27.53,27.51,27.5,27.47,27.41,27.4,27.38,27.33,27.2,27.8,27.81,27.99,28.18,28.35,28.38,28.5,28.59,28.6,28.68,700,200,1700,200,100,1000,1200,2000,400,400,1300,3500,100,800,100,400,700,200,100,300
27.0,0.0,0,0.0,27.57,27.53,27.51,27.5,27.47,27.41,27.4,27.38,27.33,27.2,27.8,27.81,27.99,28.18,28.35,28.38,28.5,28.59,28.6,28.68,700,200,1700,200,100,1000,1200,2000,400,400,1300,3500,100,800,100,400,700,200,100,300
28.0,0.0,0,0.0,27.57,27.53,27.51,27.5,27.47,27.41,27.4,27.38,27.33,27.2,27.8,27.81,27.99,28.18,28.35,28.38,28.5,28.59,28.6,28.68,700,200,1700,200,100,1000,1200,2000,400,400,1300,3500,100,800,100,400,700,200,100,300
29.0,0.0,0,0.0,27.57,27.53,27.51,27.5,27.47,27.41,27.4,27.38,27.33,27.2,27.8,27.81,27.99,28.18,28.35,28.38,28.5,28.59,28.6,28.68,700,200,1700,200,100,1000,1200,2000,400,400,1300,3500,100,800,100,400,700,200,100,300
30.0,0.0,0,0.0,27.57,27.53,27.51,27.5,27.47,27.41,27.4,27.38,27.33,27.2,27.8,27.81,27.99,28.18,28.35,28.38,28.5,28.59,28.6,28.68,700,200,1700,200,100,1000,1200,2000,400,400,1300,3500,100,800,100,400,700,200,100,300
31.0,0.0,0,0.0,27.57,27.53,27.51,27.5,27.47,27.41,27.4,27.38,27.33,27.2,27.8,27.81,27.99,28.18,28.35,28.38,28.5,28.59,28.6,28.68,700,200,1700,200,100,1000,1200,2000,400,400,1300,2600,100,800,100,400,700,200,100,300
32.0,0.0,0,0.0,27.57,27.53,27.51,27.5,27.47,27.41,27.4,27.38,27.33,27.2,27.8,27.81,27.99,28.18,28.35,28.38,28.5,28.59,28.6,28.68,700,200,1700,200,100,1000,1200,2000,400,400,1300,2600,100,800,100,400,700,200,100,300
33.0,0.0,0,0.0,27.57,27.53,27.51,27.5,27.47,27.41,27.4,27.38,27.33,27.2,27.8,27.81,27.99,28.18,28.35,28.38,28.5,28.59,28.6,28.68,700,200,1700,200,100,1000,1200,2000,400,400,1300,2600,100,800,100,400,700,200,100,300
34.0,0.0,0,0.0,27.57,27.53,27.51,27.5,27.47,27.41,27.4,27.38,27.33,27.2,27.8,27.81,27.99,28.18,28.35,28.38,28.5,28.59,28.6,28.68,700,200,1700,200,100,1000,1200,2000,400,400,1300,2600,100,800,100,400,700,200,100,300
35.0,0.0,0,0.0,27.57,27.53,27.51,27.5,27.47,27.41,27.4,27.38,27.33,27.2,27.8,27.81,27.99,28.18,28.35,28.38,28.5,28.59,28.6,28.68,700,200,1700,200,100,1000,1200,2000,400,400,1300,2600,100,800,100,400,700,200,100,300
36.0,0.0,0,0.0,27.57,27.53,27.51,27.5,27.47,27.41,27.4,27.38,27.33,27.2,27.8,27.81,27.99,28.18,28.35,28.38,28.5,28.59,28.6,28.68,700,200,1700,200,100,1000,1200,2000,400,400,1300,2600,100,800,100,400,700,200,100,300
37.0,0.0,0,0.0,27.57,27.53,27.51,27.5,27.47,27.41,27.4,27.38,27.33,27.2,27.8,27.81,27.99,28.18,28.35,28.38,28.5,28.59,28.6,28.68,700,200,1700,200,100,1000,1200,2000,400,400,1300,2600,100,800,100,400,700,200,100,300
38.0,0.0,0,0.0,27.57,27.53,27.51,27.5,27.47,27.41,27.4,27.38,27.33,27.2,27.8,27.81,27.99,28.18,28.35,28.38,28.5,28.59,28.6,28.68,700,200,1700,200,100,1000,1200,2000,400,400,1300,2600,100,800,100,400,700,200,100,300
39.0,0.0,0,0.0,27.57,27.53,27.51,27.5,27.47,27.41,27.4,27.38,27.33,27.2,27.8,27.81,27.99,28.18,28.35,28.38,28.5,28.59,28.6,28.68,700,200,1700,200,100,1000,1200,2000,400,400,1300,2600,100,800,100,400,700,200,100,300
40.0,27.57,1900,52383.0,27.57,27.53,27.51,27.5,27.47,27.41,27.4,27.38,27.33,27.3,27.73,27.74,27.75,27.76,27.77,27.78,27.79,27.8,27.81,27.99,100,200,1700,200,100,1000,1200,2000,400,200,100,100,400,4300,200,100,100,100,2600,100
41.0,27.62,2000,55145.0,27.57,27.53,27.51,27.5,27.47,27.41,27.4,27.38,27.33,27.3,27.64,27.65,27.66,27.67,27.68,27.69,27.7,27.71,27.72,27.73,2600,200,1700,200,100,1000,1200,2000,400,200,100,100,600,1300,100,100,100,100,100,100
42.0,27.62,2000,55145.0,27.57,27.53,27.51,27.5,27.47,27.41,27.4,27.38,27.33,27.3,27.64,27.65,27.66,27.67,27.68,27.69,27.7,27.71,27.72,27.73,2600,200,1700,200,100,1000,1200,2000,400,200,600,100,100,1300,100,100,100,100,100,100
43.0,27.62,2000,55145.0,27.57,27.53,27.51,27.5,27.47,27.41,27.4,27.38,27.33,27.3,27.64,27.65,27.66,27.67,27.68,27.69,27.7,27.71,27.72,27.73,2600,200,1700,200,100,1000,1200,2000,400,200,600,100,100,1300,100,100,100,100,100,100
44.0,27.62,2000,55145.0,27.57,27.53,27.51,27.5,27.47,27.41,27.4,27.38,27.33,27.3,27.64,27.66,27.67,27.68,27.69,27.7,27.71,27.72,27.73,27.74,2600,200,1700,200,100,1000,1200,2000,400,200,200,100,1300,100,100,100,100,100,100,100
45.0,27.62,2000,55145.0,27.57,27.53,27.51,27.5,27.47,27.41,27.4,27.38,27.33,27.3,27.64,27.66,27.67,27.68,27.69,27.7,27.71,27.72,27.73,27.74,2600,200,1700,200,100,1000,1200,2000,400,200,200,100,1300,100,100,100,100,100,100,100
46.0,27.62,2000,55145.0,27.57,27.53,27.51,27.5,27.47,27.41,27.4,27.38,27.33,27.3,27.64,27.67,27.68,27.69,27.7,27.71,27.72,27.73,27.74,27.75,2600,200,1700,200,100,1000,1200,2000,400,200,200,1300,100,100,100,100,100,100,100,100
47.0,27.57,2100,57902.0,27.57,27.53,27.51,27.5,27.47,27.41,27.4,27.38,27.33,27.3,27.64,27.67,27.68,27.69,27.7,27.71,27.72,27.73,27.74,27.75,2500,200,1700,200,100,1000,1200,2000,400,200,300,1300,100,100,100,100,100,100,100,100
48.0,27.64,2200,60666.0,27.58,27.57,27.53,27.51,27.5,27.47,27.41,27.4,27.38,27.33,27.64,27.67,27.71,27.72,27.73,27.74,27.75,27.76,27.77,27.78,1100,2100,200,1700,200,100,1000,1200,2000,400,200,1200,100,100,100,100,100,100,100,100
49.0,27.64,2200,60666.0,27.58,27.57,27.53,27.51,27.5,27.47,27.41,27.4,27.38,27.33,27.64,27.65,27.73,27.74,27.75,27.76,27.77,27.78,27.79,27.81,1100,500,200,1700,200,100,1000,1200,2000,400,200,4300,100,100,100,100,100,100,100,2600
50.0,27.64,2200,60666.0,27.62,27.58,27.57,27.53,27.51,27.5,27.47,27.41,27.4,27.38,27.64,27.65,27.73,27.74,27.75,27.76,27.77,27.78,27.79,27.81,100,1100,300,200,1700,200,100,1000,1200,2000,500,4300,100,100,100,100,100,100,100,2600
51.0,27.62,2500,68956.0,27.58,27.57,27.53,27.51,27.5,27.47,27.41,27.4,27.38,27.33,27.64,27.65,27.73,27.74,27.75,27.76,27.77,27.78,27.79,27.81,1100,300,200,1700,200,100,1000,1200,2000,400,300,4300,100,100,100,100,100,100,100,2600
52.0,27.62,2500,68956.0,27.58,27.57,27.53,27.51,27.5,27.47,27.41,27.4,27.38,27.33,27.63,27.64,27.65,27.73,27.74,27.75,27.76,27.77,27.78,27.79,1100,300,200,1700,200,100,1000,1200,2000,400,100,300,4300,100,100,100,100,100,100,100
53.0,27.62,2500,68956.0,27.58,27.57,27.53,27.51,27.5,27.47,27.41,27.4,27.38,27.33,27.63,27.64,27.65,27.73,27.74,27.75,27.76,27.77,27.78,27.79,1100,300,200,1700,200,100,1000,1200,2000,400,100,300,4300,100,100,100,100,100,100,100
54.0,27.62,2500,68956.0,27.58,27.57,27.53,27.51,27.5,27.47,27.41,27.4,27.38,27.33,27.63,27.64,27.65,27.73,27.74,27.75,27.76,27.77,27.78,27.79,1100,300,200,1700,200,100,1000,1200,2000,400,100,300,4300,100,100,100,100,100,100,100
55.0,27.62,2500,68956.0,27.58,27.57,27.53,27.51,27.5,27.47,27.41,27.4,27.38,27.33,27.63,27.64,27.65,27.73,27.74,27.75,27.76,27.77,27.78,27.79,1100,300,200,1700,200,100,1000,1200,2000,400,100,300,4300,100,100,100,100,100,100,100
56.0,27.62,2500,68956.0,27.58,27.57,27.53,27.51,27.5,27.47,27.41,27.4,27.38,27.33,27.63,27.64,27.65,27.73,27.74,27.75,27.76,27.77,27.78,27.79,1100,300,200,1700,200,100,1000,1200,2000,400,100,300,4300,100,100,100,100,100,100,100
57.0,27.62,2500,68956.0,27.58,27.57,27.53,27.51,27.5,27.47,27.41,27.4,27.38,27.33,27.63,27.64,27.65,27.73,27.74,27.75,27.76,27.77,27.78,27.79,1100,300,200,1700,200,100,1000,1200,2000,400,100,300,4300,100,100,100,100,100,100,100
58.0,27.62,2500,68956.0,27.58,27.57,27.53,27.51,27.5,27.47,27.41,27.4,27.38,27.33,27.63,27.64,27.65,27.73,27.74,27.75,27.76,27.77,27.78,27.79,1100,300,200,1700,200,100,1000,1200,2000,400,1200,400,4300,100,100,100,100,100,100,100
59.0,27.62,2500,68956.0,27.58,27.57,27.53,27.51,27.5,27.47,27.41,27.4,27.38,27.33,27.63,27.64,27.65,27.73,27.74,27.75,27.76,27.77,27.78,27.79,1700,300,200,1700,200,100,1100,1200,2000,400,1200,400,4300,100,100,100,100,100,100,100
60.0,27.62,2500,68956.0,27.58,27.57,27.53,27.51,27.5,27.47,27.41,27.4,27.38,27.33,27.63,27.64,27.65,27.73,27.74,27.75,27.76,27.77,27.78,27.79,1700,300,200,1700,200,100,1100,1200,2000,400,1200,400,4300,100,100,100,100,100,100,100
61.0,27.62,2500,68956.0,27.58,27.57,27.53,27.51,27.5,27.47,27.41,27.4,27.38,27.33,27.63,27.64,27.65,27.73,27.74,27.75,27.76,27.77,27.78,27.79,1700,300,200,1700,200,100,1100,1200,2000,400,1200,400,4300,100,100,100,100,100,100,100
62.0,27.64,4100,113168.0,27.64,27.63,27.58,27.57,27.53,27.51,27.5,27.47,27.41,27.4,27.65,27.75,27.76,27.77,27.78,27.79,27.81,27.99,28.18,28.35,100,400,1700,400,200,1700,200,100,1100,1200,4300,100,100,100,100,100,2600,100,800,100
63.0,27.64,4100,113168.0,27.64,27.63,27.58,27.57,27.53,27.51,27.5,27.47,27.41,27.4,27.65,27.75,27.76,27.77,27.78,27.79,27.81,27.99,28.18,28.35,100,400,1700,400,200,1700,200,100,1100,1200,4300,100,100,100,100,100,2600,100,800,100
64.0,27.64,4100,113168.0,27.64,27.63,27.58,27.57,27.53,27.51,27.5,27.47,27.41,27.4,27.65,27.75,27.76,27.77,27.78,27.79,27.81,27.99,28.18,28.35,100,400,1700,400,200,1700,200,100,1100,1200,4300,100,100,100,100,100,2600,100,800,100
65.0,27.65,5200,143583.0,27.64,27.63,27.58,27.57,27.53,27.51,27.5,27.47,27.41,27.4,27.65,27.75,27.76,27.77,27.78,27.79,27.81,27.99,28.18,28.35,500,400,1700,400,200,1700,200,100,1100,1200,3200,100,100,100,100,100,2600,100,800,100
66.0,27.65,9200,254175.0,27.65,27.64,27.63,27.58,27.57,27.53,27.51,27.5,27.47,27.41,27.78,27.79,27.81,27.99,28.18,28.35,28.38,28.5,28.59,28.6,600,400,400,1700,400,200,1700,200,100,1100,100,100,2600,100,800,100,400,700,200,100
67.0,27.65,9200,254175.0,27.65,27.64,27.63,27.58,27.57,27.53,27.51,27.5,27.47,27.41,27.78,27.79,27.81,27.99,28.18,28.35,28.38,28.5,28.59,28.6,600,400,400,1700,400,200,1700,200,100,1100,100,100,2600,100,800,100,400,700,200,100
68.0,27.65,10200,281825.0,27.65,27.58,27.57,27.53,27.51,27.5,27.47,27.41,27.4,27.38,27.76,27.77,27.78,27.79,27.81,27.99,28.18,28.35,28.38,28.5,500,1100,400,200,1700,200,100,1100,1200,2000,600,700,100,100,2600,100,800,100,400,700
69.0,27.65,10700,295650.0,27.58,27.57,27.53,27.51,27.5,27.47,27.41,27.4,27.38,27.33,27.75,27.76,27.77,27.78,27.79,27.81,27.99,28.18,28.35,28.38,1100,300,200,1700,200,100,1100,1200,2000,400,600,600,700,100,100,2600,100,800,100,400
70.0,27.65,10700,295650.0,27.65,27.58,27.57,27.53,27.51,27.5,27.47,27.41,27.4,27.38,27.73,27.76,27.77,27.78,27.79,27.81,27.99,28.18,28.35,28.38,200,1400,300,200,1700,200,100,1100,1200,2000,600,600,700,100,100,2600,100,800,100,400
71.0,27.65,10900,301180.0,27.58,27.57,27.53,27.51,27.5,27.47,27.41,27.4,27.38,27.33,27.64,27.65,27.76,27.77,27.78,27.79,27.81,27.99,28.18,28.35,1400,300,200,1700,200,100,1100,1200,2000,400,600,700,600,700,100,100,2600,100,800,100
72.0,27.65,10900,301180.0,27.58,27.57,27.53,27.51,27.5,27.47,27.41,27.4,27.38,27.33,27.64,27.65,27.76,27.77,27.78,27.79,27.81,27.99,28.18,28.35,1400,300,200,1700,200,100,1100,1200,2000,400,600,700,600,700,100,100,2600,100,800,100
73.0,27.65,10900,301180.0,27.58,27.57,27.53,27.51,27.5,27.47,27.41,27.4,27.38,27.33,27.64,27.65,27.76,27.77,27.78,27.79,27.81,27.99,28.18,28.35,1400,300,200,1700,200,100,1100,1200,2000,400,600,700,600,700,100,100,2600,100,800,100
74.0,27.64,11000,303944.0,27.58,27.57,27.53,27.51,27.5,27.47,27.41,27.4,27.38,27.33,27.64,27.65,27.76,27.77,27.78,27.79,27.81,27.99,28.18,28.35,1800,200,200,1700,200,100,1100,1200,2000,400,500,200,600,700,100,100,2600,100,800,100
75.0,27.64,11000,303944.0,27.58,27.57,27.53,27.51,27.5,27.47,27.41,27.4,27.38,27.33,27.64,27.65,27.76,27.77,27.78,27.79,27.81,27.99,28.18,28.35,1900,200,200,1700,200,100,1100,1200,2000,400,500,200,600,700,100,100,2600,100,800,100
76.0,27.64,11000,303944.0,27.58,27.57,27.53,27.51,27.5,27.47,27.41,27.4,27.38,27.33,27.64,27.65,27.76,27.77,27.78,27.79,27.81,27.99,28.18,28.35,1900,200,200,1700,200,100,1100,1200,2000,400,500,200,600,700,100,100,2600,100,800,100
77.0,27.64,11000,303944.0,27.58,27.57,27.53,27.51,27.5,27.47,27.41,27.4,27.38,27.33,27.64,27.65,27.76,27.77,27.78,27.79,27.81,27.99,28.18,28.35,1900,200,200,1700,200,100,1100,1200,2000,400,500,200,600,700,100,100,2600,100,800,100
78.0,27.64,11500,317764.0,27.59,27.58,27.57,27.53,27.51,27.5,27.48,27.47,27.41,27.4,27.65,27.76,27.77,27.78,27.79,27.81,27.99,28.18,28.35,28.38,600,2400,200,200,1700,200,200,100,1100,1200,200,600,700,100,100,2600,100,800,100,400
79.0,27.64,11500,317764.0,27.59,27.58,27.57,27.53,27.51,27.5,27.48,27.47,27.41,27.4,27.65,27.76,27.77,27.78,27.79,27.81,27.99,28.18,28.35,28.38,600,2400,200,200,1700,200,200,100,1100,1200,200,600,700,100,100,2600,100,800,100,400
80.0,27.65,11600,320529.0,27.59,27.58,27.57,27.53,27.51,27.5,27.48,27.47,27.41,27.4,27.65,27.76,27.77,27.78,27.79,27.81,27.99,28.18,28.35,28.38,1100,1900,200,200,1700,200,200,100,1100,1200,100,600,700,100,100,2600,100,800,100,400
81.0,27.65,11600,320529.0,27.59,27.58,27.57,27.53,27.51,27.5,27.48,27.47,27.41,27.4,27.65,27.76,27.77,27.78,27.79,27.81,27.99,28.18,28.35,28.38,1100,1900,200,200,1700,200,200,100,1100,1200,100,600,700,100,100,2600,100,800,100,400
82.0,27.65,11600,320529.0,27.59,27.58,27.57,27.53,27.51,27.5,27.48,27.47,27.41,27.4,27.65,27.76,27.77,27.78,27.79,27.81,27.99,28.18,28.35,28.38,1100,1900,200,200,1700,200,200,100,1100,1200,100,600,700,100,100,2600,100,800,100,400
83.0,27.65,11600,320529.0,27.59,27.58,27.57,27.53,27.51,27.5,27.48,27.47,27.41,27.4,27.65,27.76,27.77,27.78,27.79,27.81,27.99,28.18,28.35,28.38,1100,1900,200,200,1700,200,200,100,1100,1200,100,600,700,100,100,2600,100,800,100,400
84.0,27.65,11600,320529.0,27.59,27.58,27.57,27.53,27.51,27.5,27.48,27.47,27.41,27.4,27.65,27.76,27.77,27.78,27.79,27.81,27.99,28.18,28.35,28.38,1100,1900,200,200,1700,200,200,100,1100,1200,100,600,700,100,100,2600,100,800,100,400
85.0,27.65,11600,320529.0,27.59,27.58,27.57,27.53,27.51,27.5,27.48,27.47,27.41,27.4,27.65,27.76,27.77,27.78,27.79,27.81,27.99,28.18,28.35,28.38,1100,1900,200,200,1700,200,200,100,1100,1200,100,600,700,100,100,2600,100,800,100,400
86.0,27.65,11700,323294.0,27.59,27.58,27.57,27.53,27.51,27.5,27.48,27.47,27.41,27.4,27.76,27.77,27.78,27.79,27.81,27.99,28.18,28.35,28.38,28.5,1100,1900,200,200,1700,200,200,100,1100,1200,1700,700,100,100,2600,100,800,100,400,700
87.0,27.65,11700,323294.0,27.59,27.58,27.57,27.53,27.51,27.5,27.48,27.47,27.41,27.4,27.75,27.76,27.77,27.78,27.79,27.81,27.99,28.18,28.35,28.38,1100,1900,200,200,1700,200,200,100,1100,1200,600,1700,700,100,100,2600,100,800,100,400
88.0,27.65,11700,323294.0,27.59,27.58,27.57,27.53,27.51,27.5,27.48,27.47,27.41,27.4,27.75,27.76,27.77,27.78,27.79,27.81,27.99,28.18,28.35,28.38,1100,1900,200,200,1700,200,200,100,1100,1200,1700,600,700,100,100,2600,100,800,100,400
89.0,27.65,11700,323294.0,27.59,27.58,27.57,27.53,27.51,27.5,27.48,27.47,27.41,27.4,27.75,27.76,27.77,27.78,27.79,27.81,27.99,28.18,28.35,28.38,1100,1900,200,200,1700,200,200,100,1100,1200,1700,600,700,100,100,2600,100,800,100,400
90.0,27.65,11700,323294.0,27.59,27.58,27.57,27.53,27.51,27.5,27.48,27.47,27.41,27.4,27.75,27.76,27.77,27.78,27.79,27.81,27.99,28.18,28.35,28.38,1100,1900,200,200,1700,200,200,100,1100,1200,1700,600,700,100,100,2600,100,800,100,400
91.0,27.65,11700,323294.0,27.64,27.59,27.58,27.57,27.53,27.51,27.5,27.48,27.47,27.41,27.74,27.75,27.76,27.77,27.78,27.79,27.81,27.99,28.18,28.35,100,1100,1900,200,200,1700,200,200,100,1100,300,1700,600,600,100,100,2600,100,800,100
92.0,27.64,11800,326058.0,27.59,27.58,27.57,27.53,27.51,27.5,27.48,27.47,27.41,27.4,27.72,27.73,27.74,27.75,27.76,27.77,27.78,27.79,27.81,27.99,1100,1900,200,200,1700,200,200,100,1100,1200,1300,200,300,600,600,600,100,100,2600,100
93.0,27.64,11800,326058.0,27.59,27.58,27.57,27.53,27.51,27.5,27.48,27.47,27.41,27.4,27.72,27.73,27.74,27.76,27.77,27.78,27.79,27.81,27.99,28.18,1100,1900,200,200,1700,200,200,100,1100,1200,4600,200,200,600,600,100,100,2600,100,800
94.0,27.64,11800,326058.0,27.59,27.58,27.57,27.53,27.51,27.5,27.48,27.47,27.41,27.4,27.72,27.73,27.74,27.76,27.77,27.78,27.79,27.81,27.99,28.18,1100,1900,200,200,1700,200,200,100,1100,1200,4600,200,200,600,600,100,100,2600,100,800
95.0,27.59,12300,339853.0,27.59,27.58,27.57,27.53,27.51,27.5,27.48,27.47,27.41,27.4,27.7,27.71,27.72,27.73,27.74,27.76,27.77,27.78,27.79,27.81,600,1900,200,200,1700,200,200,100,1100,1200,1900,200,1300,200,200,600,600,100,100,2600
96.0,27.59,12300,339853.0,27.59,27.58,27.57,27.53,27.51,27.5,27.48,27.47,27.41,27.4,27.7,27.72,27.73,27.74,27.76,27.77,27.78,27.79,27.81,27.99,600,1900,200,200,1700,200,200,100,1100,1200,1900,200,200,200,600,600,100,100,2600,100
97.0,27.59,12300,339853.0,27.59,27.58,27.57,27.53,27.51,27.5,27.48,27.47,27.41,27.4,27.7,27.72,27.73,27.74,27.76,27.77,27.78,27.79,27.81,27.99,600,1900,200,200,1700,200,200,100,1100,1200,1900,200,200,200,600,600,100,100,2600,100
98.0,27.59,12300,339853.0,27.59,27.58,27.57,27.53,27.51,27.5,27.48,27.47,27.41,27.4,27.7,27.72,27.73,27.74,27.76,27.77,27.78,27.79,27.81,27.99,600,1900,200,200,1700,200,200,100,1100,1200,1900,200,200,200,600,600,100,100,2600,100
99.0,27.59,12300,339853.0,27.59,27.58,27.57,27.53,27.51,27.5,27.48,27.47,27.41,27.4,27.7,27.72,27.73,27.74,27.76,27.77,27.78,27.79,27.81,27.99,600,1900,200,200,1700,200,200,100,1100,1200,1900,200,200,200,600,600,100,100,2600,100
100.0,27.59,12300,339853.0,27.59,27.58,27.57,27.53,27.51,27.5,27.48,27.47,27.41,27.4,27.7,27.72,27.73,27.74,27.76,27.77,27.78,27.79,27.81,27.99,600,1900,200,200,1700,200,200,100,1100,1200,1900,200,200,200,600,600,100,100,2600,100
101.0,27.59,12300,339853.0,27.59,27.58,27.57,27.53,27.51,27.5,27.48,27.47,27.41,27.4,27.7,27.72,27.73,27.74,27.76,27.77,27.78,27.79,27.81,27.99,600,1900,200,200,1700,200,200,100,1100,1200,600,200,100,200,600,600,100,100,2600,100
102.0,27.59,12300,339853.0,27.59,27.58,27.57,27.53,27.51,27.5,27.48,27.47,27.41,27.4,27.7,27.72,27.74,27.76,27.77,27.78,27.79,27.81,27.99,28.18,600,1900,200,200,1700,200,200,100,1100,1200,600,200,200,600,600,100,100,2600,100,800
103.0,27.59,12300,339853.0,27.59,27.58,27.57,27.53,27.51,27.5,27.48,27.47,27.41,27.4,27.7,27.72,27.74,27.76,27.77,27.78,27.79,27.81,27.99,28.18,600,1900,200,200,1700,200,200,100,1100,2200,600,200,200,600,600,100,100,2600,100,800
104.0,27.59,12300,339853.0,27.59,27.58,27.57,27.53,27.51,27.5,27.48,27.47,27.41,27.4,27.7,27.72,27.74,27.76,27.77,27.78,27.79,27.81,27.99,28.18,600,1900,200,200,1700,200,200,100,1100,4200,600,200,200,600,600,100,100,2600,100,800
105.0,27.59,12300,339853.0,27.59,27.58,27.57,27.53,27.51,27.5,27.48,27.47,27.41,27.4,27.7,27.72,27.74,27.76,27.77,27.78,27.79,27.81,27.99,28.18,600,1900,200,200,1700,200,200,100,1100,4200,600,200,200,600,600,100,100,2600,100,800
106.0,27.59,12300,339853.0,27.59,27.58,27.57,27.53,27.51,27.5,27.48,27.47,27.41,27.4,27.7,27.74,27.76,27.77,27.78,27.79,27.81,27.99,28.18,28.35,1000,1900,200,200,1700,200,200,100,1100,4200,600,200,600,600,100,100,2600,100,800,100
107.0,27.59,12300,339853.0,27.59,27.58,27.57,27.53,27.51,27.5,27.48,27.47,27.41,27.4,27.7,27.74,27.76,27.77,27.78,27.79,27.81,27.99,28.18,28.35,1000,1900,200,200,1700,200,200,100,1100,4200,600,200,600,600,100,100,2600,100,800,100
108.0,27.59,12300,339853.0,27.59,27.58,27.57,27.53,27.51,27.5,27.48,27.47,27.41,27.4,27.76,27.77,27.78,27.79,27.81,27.99,28.18,28.35,28.38,28.5,1000,1900,200,200,1700,200,200,100,1100,4200,2600,600,100,100,2600,100,800,100,400,700
109.0,27.59,12300,339853.0,27.59,27.58,27.57,27.53,27.51,27.5,27.48,27.47,27.41,27.4,27.76,27.77,27.78,27.79,27.81,27.99,28.18,28.35,28.38,28.5,1000,1900,200,200,1700,200,200,100,1100,4200,2600,600,100,100,2600,100,800,100,400,700
110.0,27.59,12300,339853.0,27.59,27.58,27.57,27.53,27.51,27.5,27.48,27.47,27.41,27.4,27.76,27.77,27.78,27.79,27.81,27.99,28.18,28.35,28.38,28.5,1000,1900,200,200,1700,200,200,100,1100,4200,2600,600,100,100,2600,100,800,100,400,700
111.0,27.59,12300,339853.0,27.59,27.58,27.57,27.53,27.51,27.5,27.48,27.47,27.41,27.4,27.76,27.77,27.78,27.79,27.81,27.99,28.18,28.35,28.38,28.5,1000,1900,200,200,1700,200,200,100,1100,4200,2600,600,100,100,2600,100,800,100,400,700
112.0,27.59,12300,339853.0,27.59,27.58,27.57,27.53,27.51,27.5,27.48,27.47,27.41,27.4,27.76,27.77,27.78,27.79,27.81,27.99,28.18,28.35,28.38,28.5,1000,1900,200,200,1700,200,200,100,1100,4200,2600,600,100,100,2600,100,800,100,400,700
113.0,27.59,12300,339853.0,27.59,27.58,27.57,27.53,27.51,27.5,27.48,27.47,27.41,27.4,27.76,27.77,27.78,27.79,27.81,27.99,28.18,28.35,28.38,28.5,1000,1900,200,200,1700,200,200,100,1100,4200,2600,600,100,100,2600,100,800,100,400,700
114.0,27.59,12300,339853.0,27.59,27.58,27.57,27.53,27.51,27.5,27.48,27.47,27.41,27.4,27.76,27.77,27.78,27.79,27.81,27.99,28.18,28.35,28.38,28.5,1000,1900,200,200,1700,200,200,100,1100,4200,2600,600,100,100,2600,100,800,100,400,700
115.0,27.59,12300,339853.0,27.59,27.58,27.57,27.53,27.51,27.5,27.48,27.47,27.41,27.4,27.76,27.77,27.78,27.79,27.81,27.99,28.18,28.35,28.38,28.5,1000,1900,200,200,1700,200,200,100,1100,4200,2600,600,100,100,2600,100,800,100,400,700
116.0,27.59,12300,339853.0,27.59,27.58,27.57,27.53,27.51,27.5,27.48,27.47,27.41,27.4,27.76,27.77,27.78,27.79,27.81,27.99,28.18,28.35,28.38,28.5,1000,1900,200,200,1700,200,200,100,1100,4200,2600,600,100,100,2600,100,800,100,400,700
117.0,27.59,12300,339853.0,27.61,27.6,27.59,27.58,27.57,27.53,27.51,27.5,27.48,27.47,27.76,27.77,27.78,27.79,27.81,27.99,28.18,28.35,28.38,28.5,700,300,1000,1900,200,200,1700,200,200,100,2000,600,100,100,2600,100,800,100,400,700
118.0,27.59,12300,339853.0,27.61,27.6,27.59,27.58,27.57,27.53,27.51,27.5,27.48,27.47,27.76,27.77,27.78,27.79,27.81,27.99,28.18,28.35,28.38,28.5,700,300,1000,1900,200,200,1700,200,200,100,2000,600,100,100,2600,100,800,100,400,700
119.0,27.59,12300,339853.0,27.61,27.6,27.59,27.58,27.57,27.53,27.51,27.5,27.48,27.47,27.76,27.78,27.79,27.81,27.99,28.18,28.35,28.38,28.5,28.59,1500,300,500,1900,200,200,1700,200,200,100,2000,100,100,2600,100,800,100,400,700,200
120.0,27.59,12300,339853.0,27.61,27.6,27.59,27.58,27.57,27.53,27.51,27.5,27.48,27.47,27.76,27.78,27.79,27.81,27.99,28.18,28.35,28.38,28.5,28.59,1500,300,500,1900,200,200,1700,200,200,100,2000,100,100,2600,100,800,100,400,700,200
121.0,27.59,12300,339853.0,27.61,27.6,27.59,27.58,27.57,27.53,27.51,27.5,27.48,27.47,27.75,27.79,27.81,27.99,28.18,28.35,28.38,28.5,28.59,28.6,2400,300,500,1900,200,200,1700,200,200,100,4900,100,2600,100,800,100,400,700,200,100
122.0,27.59,12300,339853.0,27.61,27.6,27.59,27.58,27.57,27.53,27.51,27.5,27.48,27.47,27.75,27.79,27.81,27.99,28.18,28.35,28.38,28.5,28.59,28.6,2400,300,500,1900,200,200,1700,200,200,100,4900,100,2600,100,800,100,400,700,200,100
123.0,27.59,12300,339853.0,27.61,27.6,27.59,27.58,27.57,27.53,27.51,27.5,27.48,27.47,27.75,27.79,27.81,27.99,28.18,28.35,28.38,28.5,28.59,28.6,2400,300,500,1900,200,200,1700,200,200,100,4900,100,2600,100,800,100,400,700,200,100
124.0,27.59,12300,339853.0,27.61,27.6,27.59,27.58,27.57,27.53,27.51,27.5,27.48,27.47,27.74,27.75,27.79,27.81,27.99,28.18,28.35,28.38,28.5,28.59,2400,300,500,1900,200,200,1700,200,200,100,4300,4700,100,2600,100,800,100,400,700,200
125.0,27.59,12300,339853.0,27.61,27.6,27.59,27.58,27.57,27.53,27.51,27.5,27.48,27.47,27.74,27.75,27.79,27.81,27.99,28.18,28.35,28.38,28.5,28.59,2400,300,500,1900,200,200,1700,200,200,100,9100,3200,100,2600,100,800,100,400,700,200
126.0,27.59,12300,339853.0,27.61,27.6,27.59,27.58,27.57,27.53,27.51,27.5,27.48,27.47,27.74,27.75,27.79,27.81,27.99,28.18,28.35,28.38,28.5,28.59,2400,300,500,1900,200,200,1700,200,200,100,14300,3200,100,2600,100,800,100,400,700,200
127.0,27.59,12300,339853.0,27.62,27.61,27.6,27.59,27.58,27.57,27.53,27.51,27.5,27.48,27.73,27.74,27.79,27.81,27.99,28.18,28.35,28.38,28.5,28.59,2200,2400,300,500,1900,200,200,1700,200,200,1400,13300,100,2600,100,800,100,400,700,200
128.0,27.59,12300,339853.0,27.62,27.61,27.6,27.59,27.58,27.57,27.53,27.51,27.5,27.48,27.73,27.74,27.79,27.81,27.99,28.18,28.35,28.38,28.5,28.59,2200,2400,300,500,1900,200,200,1700,200,200,3000,3700,100,2600,100,800,100,400,700,200
129.0,27.59,12300,339853.0,27.62,27.61,27.6,27.59,27.58,27.57,27.53,27.51,27.5,27.48,27.73,27.74,27.79,27.81,27.99,28.18,28.35,28.38,28.5,28.59,2200,2400,300,500,1900,200,200,1700,200,200,3000,3700,100,2600,100,800,100,400,700,200
130.0,27.59,12300,339853.0,27.64,27.63,27.62,27.61,27.6,27.59,27.58,27.57,27.53,27.51,27.72,27.73,27.79,27.81,27.99,28.18,28.35,28.38,28.5,28.59,600,600,2200,2400,300,500,1900,200,200,1700,1900,1300,100,2600,100,800,100,400,700,200
131.0,27.59,12300,339853.0,27.64,27.63,27.62,27.61,27.6,27.59,27.58,27.57,27.53,27.51,27.72,27.73,27.79,27.81,27.99,28.18,28.35,28.38,28.5,28.59,2100,900,2200,700,300,500,1900,200,200,1700,1900,1300,100,2600,100,800,100,400,700,200
132.0,27.59,12300,339853.0,27.64,27.63,27.62,27.61,27.6,27.59,27.58,27.57,27.53,27.51,27.72,27.73,27.79,27.81,27.99,28.18,28.35,28.38,28.5,28.59,2100,900,2200,700,300,500,1900,200,200,1700,1900,1300,100,2600,100,800,100,400,700,200
133.0,27.66,12500,345385.0,27.66,27.65,27.64,27.63,27.62,27.61,27.6,27.59,27.58,27.57,27.71,27.72,27.73,27.79,27.81,27.99,28.18,28.35,28.38,28.5,400,200,1500,900,2200,700,300,500,1900,200,3100,1900,1200,100,2600,100,800,100,400,700
134.0,27.71,12600,348156.0,27.66,27.65,27.64,27.62,27.61,27.6,27.59,27.58,27.57,27.53,27.71,27.72,27.73,27.79,27.81,27.99,28.18,28.35,28.38,28.5,2100,200,700,2200,700,300,500,1900,200,200,3000,1900,1200,100,2600,100,800,100,400,700
135.0,27.71,12600,348156.0,27.66,27.65,27.64,27.62,27.61,27.6,27.59,27.58,27.57,27.53,27.71,27.72,27.73,27.79,27.81,27.99,28.18,28.35,28.38,28.5,2100,200,700,2200,700,300,500,1900,200,200,3000,1900,1200,100,2600,100,800,100,400,700
136.0,27.71,12600,348156.0,27.66,27.65,27.64,27.62,27.61,27.6,27.59,27.58,27.57,27.53,27.7,27.71,27.73,27.79,27.81,27.99,28.09,28.18,28.35,28.38,2100,200,700,2200,700,300,500,1900,200,200,1600,3000,1200,100,2600,100,1200,800,100,400
137.0,27.71,12600,348156.0,27.66,27.65,27.64,27.62,27.61,27.6,27.59,27.58,27.57,27.53,27.7,27.71,27.73,27.79,27.81,27.99,28.09,28.18,28.35,28.38,2100,200,700,2200,700,300,500,1900,200,200,1600,3000,1200,100,2600,100,1200,800,100,400
138.0,27.7,13100,362006.0,27.66,27.65,27.64,27.62,27.61,27.6,27.59,27.58,27.57,27.53,27.7,27.71,27.79,27.81,27.99,28.09,28.18,28.35,28.38,28.5,2100,200,700,2200,700,300,500,1900,200,200,1100,3000,100,2600,100,1200,800,100,400,700
139.0,27.69,14700,406310.0,27.66,27.65,27.64,27.62,27.61,27.6,27.59,27.58,27.57,27.53,27.69,27.7,27.71,27.79,27.81,27.99,28.09,28.18,28.35,28.38,2100,200,700,2200,700,300,500,1900,200,200,300,1100,100,100,2600,100,1200,800,100,400
140.0,27.69,14700,406310.0,27.66,27.65,27.64,27.62,27.61,27.6,27.59,27.58,27.57,27.53,27.69,27.7,27.71,27.79,27.81,27.99,28.09,28.18,28.35,28.38,2100,200,700,2200,700,300,500,1900,200,200,300,1100,100,100,2600,100,1200,800,100,400
141.0,27.69,14800,409079.0,27.66,27.65,27.64,27.62,27.61,27.6,27.59,27.58,27.57,27.53,27.69,27.7,27.71,27.79,27.81,27.99,28.09,28.18,28.35,28.38,2100,200,700,2200,700,300,500,1900,200,200,200,1100,100,100,2600,100,1200,800,100,400
142.0,27.69,14800,409079.0,27.66,27.65,27.64,27.62,27.61,27.6,27.59,27.58,27.57,27.53,27.69,27.7,27.71,27.79,27.81,27.99,28.09,28.18,28.35,28.38,2100,200,700,2200,700,300,500,1900,200,200,1900,1100,100,100,2600,100,1200,800,100,400
143.0,27.69,14900,411848.0,27.66,27.65,27.64,27.62,27.61,27.6,27.59,27.58,27.57,27.53,27.69,27.7,27.71,27.79,27.81,27.99,28.09,28.18,28.35,28.38,2300,200,700,2200,700,300,500,1900,200,200,1800,1100,100,100,2600,100,1200,800,100,400
144.0,27.69,14900,411848.0,27.66,27.65,27.64,27.62,27.61,27.6,27.59,27.58,27.57,27.53,27.69,27.7,27.71,27.79,27.81,27.99,28.09,28.18,28.35,28.38,2300,200,700,2200,700,600,500,1900,200,200,1800,1100,100,100,2600,100,1200,800,100,400
145.0,27.68,15300,422920.0,27.66,27.65,27.64,27.62,27.61,27.6,27.59,27.58,27.57,27.53,27.68,27.69,27.71,27.79,27.81,27.99,28.09,28.18,28.35,28.38,2300,200,700,2200,700,600,500,1900,200,200,800,1800,100,100,2600,100,1200,800,100,400
146.0,27.68,15300,422920.0,27.66,27.65,27.64,27.62,27.61,27.6,27.59,27.58,27.57,27.53,27.68,27.69,27.71,27.79,27.81,27.99,28.09,28.18,28.35,28.38,2300,200,700,2200,700,600,500,1900,200,200,800,1800,100,100,2600,100,1200,800,100,400
147.0,27.69,17900,494906.0,27.7,27.68,27.66,27.65,27.64,27.62,27.61,27.6,27.59,27.58,27.71,27.79,27.81,27.99,28.09,28.18,28.35,28.38,28.5,28.59,5100,200,2300,200,700,2200,700,600,500,1900,100,100,2600,100,1200,800,100,400,700,200
148.0,27.81,19800,547619.0,27.7,27.68,27.66,27.65,27.64,27.62,27.61,27.6,27.59,27.58,27.81,27.99,28.09,28.18,28.35,28.38,28.5,28.59,28.6,28.68,4000,200,1900,200,700,2200,700,600,500,1900,2000,100,1200,800,100,400,700,200,100,300
149.0,27.81,19800,547619.0,27.78,27.7,27.68,27.66,27.65,27.64,27.62,27.61,27.6,27.59,27.81,27.99,28.09,28.18,28.35,28.38,28.5,28.59,28.6,28.68,200,4900,100,800,200,700,2200,700,600,500,2000,100,1200,800,100,400,700,200,100,300
150.0,27.81,19800,547619.0,27.78,27.7,27.68,27.66,27.65,27.64,27.62,27.61,27.6,27.59,27.81,27.99,28.09,28.18,28.35,28.38,28.5,28.59,28.6,28.68,200,4900,100,800,200,700,2200,700,600,500,2000,100,1200,800,100,400,700,200,100,300
151.0,27.81,19800,547619.0,27.78,27.7,27.69,27.68,27.66,27.65,27.64,27.62,27.61,27.6,27.81,27.99,28.09,28.18,28.35,28.38,28.5,28.59,28.6,28.68,200,4900,300,100,800,200,700,2200,700,600,2000,100,1200,800,100,400,700,200,100,300
152.0,27.81,20300,561515.0,27.78,27.7,27.69,27.68,27.66,27.65,27.64,27.62,27.61,27.6,27.81,27.99,28.09,28.18,28.35,28.38,28.5,28.59,28.6,28.68,1400,4000,300,100,800,200,700,2200,700,600,1800,100,1200,800,100,400,700,200,100,300
153.0,27.81,20300,561515.0,27.78,27.7,27.69,27.68,27.66,27.65,27.64,27.62,27.61,27.6,27.81,27.99,28.09,28.18,28.35,28.38,28.5,28.59,28.6,28.68,1400,4000,300,100,800,200,700,2200,700,600,1800,100,1200,800,100,400,700,200,100,300
154.0,27.81,20300,561515.0,27.78,27.7,27.69,27.68,27.66,27.65,27.64,27.62,27.61,27.6,27.81,27.99,28.09,28.18,28.35,28.38,28.5,28.59,28.6,28.68,1400,4000,300,100,800,200,700,2200,700,600,1800,100,1200,800,100,400,700,200,100,300
155.0,27.81,20300,561515.0,27.78,27.7,27.69,27.68,27.66,27.65,27.64,27.62,27.61,27.6,27.81,27.99,28.09,28.18,28.35,28.38,28.5,28.59,28.6,28.68,1400,4000,300,100,800,200,700,2200,700,600,1800,100,1200,800,100,400,700,200,100,300
156.0,27.81,20300,561515.0,27.78,27.7,27.69,27.68,27.66,27.65,27.64,27.62,27.61,27.6,27.81,27.99,28.09,28.18,28.35,28.38,28.5,28.59,28.6,28.68,1400,4000,300,100,800,200,700,2200,700,600,1800,100,1200,800,100,400,700,200,100,300
157.0,27.81,20300,561515.0,27.78,27.7,27.69,27.68,27.66,27.65,27.64,27.62,27.61,27.6,27.81,27.99,28.09,28.18,28.35,28.38,28.5,28.59,28.6,28.68,1400,4000,300,100,800,200,700,2200,700,600,1800,100,1200,800,100,400,700,200,100,300
158.0,27.81,20300,561515.0,27.78,27.7,27.69,27.68,27.65,27.64,27.62,27.61,27.6,27.59,27.81,27.99,28.09,28.18,28.35,28.38,28.5,28.59,28.6,28.68,2200,4000,300,100,200,700,2200,700,600,500,1800,100,1200,800,100,400,700,200,100,300
159.0,27.81,20300,561515.0,27.78,27.7,27.69,27.68,27.65,27.64,27.62,27.61,27.6,27.59,27.81,27.99,28.09,28.18,28.35,28.38,28.5,28.59,28.6,28.68,2200,4000,300,100,200,700,2200,700,600,500,1800,100,1200,800,100,400,700,200,100,300
160.0,27.81,20300,561515.0,27.78,27.7,27.69,27.68,27.65,27.64,27.62,27.61,27.6,27.59,27.81,27.99,28.09,28.18,28.35,28.38,28.5,28.59,28.6,28.68,2200,4000,300,100,200,700,2200,700,600,500,1800,100,1200,800,100,400,700,200,100,300
161.0,27.81,20600,569858.0,27.78,27.7,27.69,27.68,27.65,27.64,27.62,27.61,27.6,27.59,27.81,27.99,28.09,28.18,28.35,28.38,28.5,28.59,28.6,28.68,2200,4000,300,100,200,700,2200,700,600,500,1500,100,1200,800,100,400,700,200,100,300
162.0,27.81,20600,569858.0,27.78,27.7,27.69,27.68,27.65,27.64,27.62,27.61,27.6,27.59,27.81,27.99,28.09,28.18,28.35,28.38,28.5,28.59,28.6,28.68,2200,4000,300,100,200,700,2200,700,600,500,1500,100,1200,800,100,400,700,200,100,300
163.0,27.81,20600,569858.0,27.78,27.7,27.69,27.68,27.65,27.64,27.62,27.61,27.6,27.59,27.81,27.99,28.09,28.18,28.35,28.38,28.5,28.59,28.6,28.68,2200,4000,300,100,200,700,2200,700,600,500,1500,100,1200,800,100,400,700,200,100,300
164.0,27.81,20600,569858.0,27.78,27.7,27.69,27.68,27.65,27.64,27.62,27.61,27.6,27.59,27.81,27.99,28.09,28.18,28.35,28.38,28.5,28.59,28.6,28.68,2200,4000,300,100,200,700,2200,700,600,500,1500,100,1200,800,100,400,700,200,100,300
165.0,27.81,20600,569858.0,27.78,27.7,27.69,27.68,27.65,27.64,27.62,27.61,27.6,27.59,27.81,27.99,28.09,28.18,28.35,28.38,28.5,28.59,28.6,28.68,2200,4000,300,100,200,700,2200,700,600,500,1500,100,1200,800,100,400,700,200,100,300
166.0,27.81,20600,569858.0,27.78,27.7,27.69,27.68,27.65,27.64,27.62,27.61,27.6,27.59,27.81,27.99,28.09,28.18,28.35,28.38,28.5,28.59,28.6,28.68,2200,4000,300,100,200,700,2200,700,600,500,1500,100,1200,800,100,400,700,200,100,300
167.0,27.81,20600,569858.0,27.78,27.7,27.69,27.68,27.65,27.64,27.62,27.61,27.6,27.59,27.81,27.99,28.09,28.18,28.35,28.38,28.5,28.59,28.6,28.68,2200,4000,300,100,200,700,2200,700,600,500,1500,100,1200,800,100,400,700,200,100,300
168.0,27.81,20600,569858.0,27.78,27.7,27.69,27.68,27.65,27.64,27.62,27.61,27.6,27.59,27.81,27.99,28.09,28.18,28.35,28.38,28.5,28.59,28.6,28.68,2200,4000,300,100,200,700,2200,700,600,500,1500,100,1200,800,100,400,700,200,100,300
169.0,27.81,20600,569858.0,27.78,27.7,27.69,27.68,27.65,27.64,27.62,27.61,27.6,27.59,27.81,27.99,28.09,28.18,28.35,28.38,28.5,28.59,28.6,28.68,2200,4000,300,100,200,700,2200,700,600,500,1500,100,1200,800,100,400,700,200,100,300
170.0,27.81,20600,569858.0,27.78,27.7,27.69,27.68,27.65,27.64,27.62,27.61,27.6,27.59,27.81,27.99,28.09,28.18,28.35,28.38,28.5,28.59,28.6,28.68,2700,4000,300,100,200,700,2200,700,600,500,1500,100,1200,800,100,400,700,200,100,300
171.0,27.81,20600,569858.0,27.78,27.7,27.69,27.68,27.65,27.64,27.62,27.61,27.6,27.59,27.81,27.99,28.09,28.18,28.35,28.38,28.5,28.59,28.6,28.68,2700,4000,300,100,200,700,2200,700,600,500,1500,100,1200,800,100,6800,700,200,100,300
172.0,27.81,20600,569858.0,27.78,27.7,27.69,27.68,27.65,27.64,27.62,27.61,27.6,27.59,27.81,27.99,28.09,28.18,28.35,28.38,28.5,28.59,28.6,28.68,2700,4000,300,100,200,700,2200,700,600,500,1500,100,1200,800,100,6800,700,200,100,300
173.0,27.81,20600,569858.0,27.78,27.7,27.69,27.68,27.65,27.64,27.62,27.61,27.6,27.59,27.81,27.99,28.09,28.18,28.35,28.38,28.5,28.59,28.6,28.68,2700,4000,300,100,200,700,2200,700,600,500,1500,100,1200,800,100,6800,700,200,100,300
174.0,27.81,20600,569858.0,27.78,27.7,27.69,27.68,27.65,27.64,27.62,27.61,27.6,27.59,27.81,27.99,28.09,28.18,28.35,28.38,28.5,28.59,28.6,28.68,2700,4000,300,100,200,700,2200,700,600,500,1500,100,1200,800,100,6800,700,200,100,300
175.0,27.81,20600,569858.0,27.78,27.7,27.69,27.68,27.65,27.64,27.62,27.61,27.6,27.59,27.81,27.99,28.09,28.18,28.35,28.38,28.5,28.59,28.6,28.68,2700,4000,300,100,200,700,2200,700,600,500,1500,100,1200,800,100,6800,700,200,100,300
176.0,27.81,20600,569858.0,27.78,27.7,27.69,27.68,27.65,27.64,27.62,27.61,27.6,27.59,27.81,27.99,28.09,28.18,28.35,28.38,28.5,28.59,28.6,28.68,2700,4000,300,100,200,700,2200,700,600,500,1500,100,1200,800,100,6800,700,200,100,300
177.0,27.81,20600,569858.0,27.78,27.7,27.69,27.68,27.65,27.64,27.62,27.61,27.6,27.59,27.81,27.99,28.09,28.18,28.35,28.38,28.5,28.59,28.6,28.68,2700,4000,300,100,200,700,2200,700,600,500,1500,100,1200,800,100,6800,700,200,100,300
178.0,27.81,20600,569858.0,27.78,27.7,27.69,27.68,27.65,27.64,27.62,27.61,27.6,27.59,27.81,27.99,28.09,28.18,28.35,28.38,28.5,28.59,28.6,28.68,2700,4000,300,100,200,700,2200,700,600,500,1500,100,1200,800,100,6800,700,200,100,300
179.0,27.81,20600,569858.0,27.78,27.7,27.69,27.68,27.65,27.64,27.62,27.61,27.6,27.59,27.81,27.99,28.09,28.18,28.35,28.38,28.5,28.59,28.6,28.68,2700,4000,300,100,200,700,2200,700,600,500,1500,100,1200,800,100,6800,700,200,100,300
180.0,27.81,20600,569858.0,27.78,27.7,27.69,27.68,27.65,27.64,27.62,27.61,27.6,27.59,27.81,27.99,28.09,28.18,28.35,28.38,28.5,28.59,28.6,28.68,2700,4000,300,100,200,700,2200,700,600,500,1500,100,1200,800,100,6800,700,200,100,300
181.0,27.81,20600,569858.0,27.78,27.7,27.69,27.68,27.65,27.64,27.62,27.61,27.6,27.59,27.81,27.99,28.09,28.18,28.35,28.38,28.5,28.59,28.6,28.68,2700,4000,300,100,200,700,2200,700,600,500,1500,100,1200,800,100,6800,700,200,100,300
182.0,27.81,20600,569858.0,27.78,27.7,27.69,27.68,27.65,27.64,27.62,27.61,27.6,27.59,27.81,27.99,28.09,28.18,28.35,28.38,28.5,28.59,28.6,28.68,2700,4000,300,100,200,700,2200,700,600,500,1500,100,1200,800,100,6800,700,200,100,300
183.0,27.81,20600,569858.0,27.78,27.7,27.69,27.68,27.65,27.64,27.62,27.61,27.6,27.59,27.81,27.99,28.09,28.18,28.35,28.38,28.5,28.59,28.6,28.68,2700,4000,300,100,200,700,2200,700,600,500,1500,100,1200,800,100,6800,700,200,100,300
184.0,27.81,20600,569858.0,27.78,27.7,27.69,27.68,27.65,27.64,27.62,27.61,27.6,27.59,27.81,27.99,28.09,28.18,28.35,28.38,28.5,28.59,28.6,28.68,2700,4000,300,100,200,700,2200,700,600,500,1500,100,1200,800,100,6800,700,200,100,300
185.0,27.81,20600,569858.0,27.78,27.7,27.69,27.68,27.65,27.64,27.62,27.61,27.6,27.59,27.81,27.99,28.09,28.18,28.35,28.38,28.5,28.59,28.6,28.68,2700,4000,300,100,200,700,2200,700,600,500,1500,100,1200,800,100,6800,700,200,100,300
186.0,27.81,20600,569858.0,27.78,27.7,27.69,27.68,27.65,27.64,27.62,27.61,27.6,27.59,27.81,27.99,28.09,28.18,28.35,28.38,28.5,28.59,28.6,28.68,2700,4000,300,100,200,700,2200,700,600,500,1500,100,1200,800,100,6800,700,200,100,300
187.0,27.78,23300,644864.0,27.7,27.69,27.68,27.62,27.6,27.58,27.57,27.53,27.52,27.51,27.77,27.8,27.81,27.99,28.09,28.18,28.35,28.38,28.5,28.59,4000,300,100,2200,600,300,200,200,600,1700,5200,500,5900,100,1200,800,100,6800,700,200
188.0,27.7,23400,647634.0,27.7,27.69,27.68,27.62,27.6,27.58,27.57,27.53,27.52,27.51,27.76,27.77,27.78,27.8,27.81,27.99,28.09,28.18,28.35,28.38,3900,300,100,2200,600,300,200,200,600,1700,2600,5200,2200,800,2000,100,1200,800,100,6800
189.0,27.7,23400,647634.0,27.7,27.69,27.68,27.62,27.6,27.58,27.57,27.53,27.52,27.51,27.76,27.77,27.78,27.8,27.81,27.99,28.09,28.18,28.35,28.38,3900,300,100,2200,600,300,200,200,600,1700,2600,5200,2200,800,2000,100,1200,800,100,6800
190.0,27.7,23400,647634.0,27.7,27.69,27.68,27.62,27.6,27.58,27.57,27.53,27.52,27.51,27.76,27.77,27.78,27.8,27.81,27.99,28.09,28.18,28.35,28.38,3900,300,100,2200,600,300,200,200,600,1700,2600,5200,2200,800,2000,100,1200,800,100,6800
191.0,27.7,23400,647634.0,27.7,27.69,27.68,27.62,27.6,27.58,27.57,27.53,27.52,27.51,27.76,27.77,27.78,27.8,27.81,27.99,28.09,28.18,28.35,28.38,3900,300,100,2200,600,300,200,200,600,1700,2600,4000,1500,800,2000,100,1200,800,100,6800
192.0,27.7,23400,647634.0,27.7,27.69,27.68,27.62,27.6,27.58,27.57,27.53,27.52,27.51,27.76,27.77,27.78,27.8,27.81,27.99,28.09,28.18,28.35,28.38,3900,300,100,2200,600,300,200,200,600,1700,2600,4000,1500,800,2000,100,1200,800,100,6800
193.0,27.7,23400,647634.0,27.7,27.69,27.68,27.62,27.6,27.58,27.57,27.53,27.52,27.51,27.76,27.77,27.78,27.8,27.81,27.99,28.09,28.18,28.35,28.38,3900,300,100,2200,600,300,200,200,600,1700,2600,4000,1500,800,2000,100,1200,800,100,6800
194.0,27.7,23400,647634.0,27.7,27.69,27.68,27.62,27.6,27.58,27.57,27.53,27.52,27.51,27.76,27.77,27.78,27.8,27.81,27.99,28.09,28.18,28.35,28.38,3900,300,100,2200,600,300,200,200,600,1700,500,4000,500,800,2000,100,1200,800,100,6800
195.0,27.7,23400,647634.0,27.7,27.69,27.68,27.62,27.6,27.58,27.57,27.53,27.52,27.51,27.76,27.77,27.78,27.8,27.81,27.99,28.09,28.18,28.35,28.38,3900,300,100,2200,600,300,200,200,600,1700,500,4000,500,800,2000,100,1200,800,100,6800
196.0,27.7,23400,647634.0,27.7,27.69,27.68,27.62,27.6,27.58,27.57,27.53,27.52,27.51,27.76,27.77,27.78,27.8,27.81,27.99,28.09,28.18,28.35,28.38,3900,300,100,2200,600,300,200,200,600,1700,500,4000,500,800,2000,100,1200,800,100,6800
197.0,27.7,23400,647634.0,27.7,27.69,27.68,27.62,27.6,27.58,27.57,27.53,27.52,27.51,27.76,27.77,27.78,27.8,27.81,27.99,28.09,28.18,28.35,28.38,3900,300,100,2200,600,300,200,200,600,1700,500,4000,500,600,2000,100,1200,800,100,6800
198.0,27.7,23400,647634.0,27.7,27.69,27.68,27.62,27.6,27.58,27.57,27.53,27.52,27.51,27.76,27.77,27.78,27.8,27.81,27.99,28.09,28.18,28.35,28.38,3900,300,100,2200,600,300,200,200,600,1700,500,4000,500,500,2000,100,1200,800,100,6800
199.0,27.7,23400,647634.0,27.7,27.69,27.68,27.62,27.6,27.58,27.57,27.53,27.52,27.51,27.76,27.77,27.78,27.8,27.81,27.99,28.09,28.18,28.35,28.38,4200,300,100,2200,600,300,200,200,600,1700,500,4000,500,500,2000,100,1200,800,100,6800
200.0,27.7,23400,647634.0,27.7,27.69,27.62,27.6,27.58,27.57,27.53,27.52,27.51,27.5,27.76,27.77,27.78,27.8,27.81,27.99,28.09,28.18,28.35,28.38,4200,300,2200,600,300,200,200,600,1700,200,500,4000,500,500,2000,100,1200,800,100,6800
201.0,27.7,23400,647634.0,27.7,27.69,27.62,27.6,27.58,27.57,27.53,27.52,27.51,27.5,27.76,27.77,27.78,27.8,27.81,27.99,28.09,28.18,28.35,28.38,4200,300,2200,600,300,200,200,600,1700,200,500,4000,500,500,2000,100,1200,800,100,6800
202.0,27.7,23400,647634.0,27.7,27.69,27.62,27.6,27.58,27.57,27.53,27.52,27.51,27.5,27.76,27.77,27.78,27.8,27.81,27.99,28.09,28.18,28.35,28.38,4200,300,2200,600,300,200,200,600,1700,200,500,4000,500,500,2000,100,1200,800,100,6800
203.0,27.7,23400,647634.0,27.7,27.69,27.62,27.6,27.58,27.57,27.53,27.52,27.51,27.5,27.76,27.77,27.78,27.8,27.81,27.99,28.09,28.18,28.35,28.38,4200,300,2200,600,300,200,200,600,1700,200,500,4000,500,500,2000,100,1200,800,100,6800
204.0,27.7,23400,647634.0,27.7,27.69,27.62,27.6,27.58,27.57,27.53,27.52,27.51,27.5,27.76,27.77,27.78,27.8,27.81,27.99,28.09,28.18,28.35,28.38,4200,300,2200,600,300,200,200,600,1700,200,500,4000,500,500,2000,100,1200,800,100,6800
205.0,27.7,23400,647634.0,27.7,27.69,27.62,27.6,27.58,27.57,27.53,27.52,27.51,27.5,27.76,27.78,27.8,27.81,27.99,28.09,28.18,28.35,28.38,28.5,4200,300,2200,600,300,200,200,600,1700,200,9200,500,500,2000,100,1200,800,100,6800,700
206.0,27.7,23400,647634.0,27.7,27.69,27.62,27.6,27.58,27.57,27.53,27.52,27.51,27.5,27.76,27.78,27.8,27.81,27.99,28.09,28.18,28.35,28.38,28.5,4200,300,2200,600,300,200,200,600,1200,200,9200,500,500,2000,100,1200,800,100,6800,700
207.0,27.7,23400,647634.0,27.7,27.69,27.62,27.6,27.58,27.57,27.53,27.52,27.51,27.5,27.76,27.78,27.8,27.81,27.99,28.09,28.18,28.35,28.38,28.5,4200,300,2200,600,300,200,200,600,1200,200,9200,500,500,2000,100,1200,800,100,6800,700
208.0,27.7,23400,647634.0,27.7,27.69,27.62,27.6,27.58,27.57,27.53,27.52,27.51,27.5,27.76,27.78,27.8,27.81,27.99,28.09,28.18,28.35,28.38,28.5,4200,300,2200,600,300,200,200,600,1200,200,9200,500,500,2000,100,1200,800,100,6800,700
209.0,27.7,23400,647634.0,27.7,27.69,27.62,27.6,27.58,27.57,27.53,27.52,27.51,27.5,27.76,27.78,27.8,27.81,27.99,28.09,28.18,28.35,28.38,28.5,4200,300,2200,600,300,200,200,600,1200,200,9200,500,500,2000,100,1200,800,100,6800,700
210.0,27.7,23400,647634.0,27.7,27.69,27.62,27.6,27.58,27.57,27.53,27.52,27.51,27.5,27.76,27.78,27.8,27.81,27.99,28.09,28.18,28.35,28.38,28.5,4200,300,2200,600,300,200,200,600,1200,200,9200,500,500,2000,100,1200,800,100,6800,700
211.0,27.7,23400,647634.0,27.7,27.69,27.62,27.6,27.58,27.57,27.53,27.52,27.51,27.5,27.76,27.78,27.8,27.81,27.99,28.09,28.18,28.35,28.38,28.5,4200,300,2200,600,500,200,200,600,1200,200,9200,500,500,2000,100,1200,800,100,6800,700
212.0,27.7,23400,647634.0,27.7,27.69,27.62,27.6,27.58,27.57,27.53,27.52,27.51,27.5,27.76,27.78,27.8,27.81,27.99,28.09,28.18,28.35,28.38,28.5,4200,300,2200,600,500,200,200,600,1200,200,9200,500,500,2000,100,1200,800,100,6800,700
213.0,27.76,24300,672618.0,27.7,27.69,27.62,27.6,27.58,27.57,27.53,27.52,27.51,27.5,27.78,27.8,27.81,27.99,28.09,28.18,28.35,28.38,28.5,28.59,4200,300,2200,600,500,200,200,600,1200,200,500,500,2000,100,1200,800,100,6800,700,200
214.0,27.76,24300,672618.0,27.7,27.69,27.62,27.6,27.58,27.57,27.53,27.52,27.51,27.5,27.78,27.8,27.81,27.99,28.09,28.18,28.35,28.38,28.5,28.59,4200,300,2200,600,500,200,200,600,1200,200,500,500,2000,100,1200,800,100,6800,700,200
215.0,27.76,24300,672618.0,27.71,27.7,27.69,27.62,27.6,27.58,27.57,27.53,27.52,27.51,27.78,27.8,27.81,27.99,28.09,28.18,28.35,28.38,28.5,28.59,500,4200,300,2200,600,500,200,200,600,1200,500,500,2000,100,1200,800,100,6800,700,200
216.0,27.76,24300,672618.0,27.71,27.7,27.69,27.62,27.6,27.58,27.57,27.53,27.52,27.51,27.78,27.8,27.81,27.99,28.09,28.18,28.35,28.38,28.5,28.59,500,4200,300,2200,600,500,200,200,600,1200,500,500,2000,100,1200,800,100,6800,700,200
217.0,27.76,24300,672618.0,27.71,27.7,27.69,27.62,27.6,27.58,27.57,27.53,27.52,27.51,27.78,27.8,27.81,27.99,28.09,28.18,28.35,28.38,28.5,28.59,500,4200,300,2200,600,500,200,200,600,1200,500,500,2000,100,1200,800,100,6800,700,200
218.0,27.76,24300,672618.0,27.71,27.7,27.69,27.62,27.6,27.58,27.57,27.53,27.52,27.51,27.78,27.8,27.81,27.99,28.09,28.18,28.35,28.38,28.5,28.59,500,4200,300,2200,600,500,200,200,600,1200,500,500,2000,100,1200,800,100,6800,700,200
219.0,27.76,24300,672618.0,27.71,27.7,27.69,27.62,27.6,27.58,27.57,27.53,27.52,27.51,27.78,27.8,27.81,27.99,28.09,28.18,28.35,28.38,28.5,28.59,500,4200,300,2200,600,500,200,200,600,1200,500,500,2000,100,1200,800,100,6800,700,200
220.0,27.76,24300,672618.0,27.71,27.7,27.69,27.62,27.6,27.58,27.57,27.53,27.52,27.51,27.78,27.8,27.81,27.99,28.09,28.18,28.35,28.38,28.5,28.59,500,4200,300,2200,600,500,200,200,600,1200,500,500,2000,100,1200,800,100,6800,700,200
221.0,27.76,24300,672618.0,27.71,27.7,27.69,27.62,27.6,27.58,27.57,27.53,27.52,27.51,27.78,27.8,27.81,27.99,28.09,28.18,28.35,28.38,28.5,28.59,500,4200,300,2200,600,500,200,200,600,1200,500,500,2000,100,1200,800,100,6800,700,200
222.0,27.76,24300,672618.0,27.71,27.7,27.69,27.62,27.6,27.58,27.57,27.53,27.52,27.51,27.78,27.8,27.81,27.99,28.09,28.18,28.35,28.38,28.5,28.59,500,4200,300,2200,600,500,200,200,600,1200,500,500,2000,100,1200,800,100,6800,700,200
223.0,27.76,24300,672618.0,27.71,27.7,27.69,27.62,27.6,27.58,27.57,27.53,27.52,27.51,27.78,27.8,27.81,27.99,28.09,28.18,28.35,28.38,28.5,28.59,500,4200,300,2200,600,500,200,200,600,1200,500,500,2000,100,1200,800,100,6800,700,200
224.0,27.76,24300,672618.0,27.71,27.7,27.69,27.62,27.6,27.58,27.57,27.53,27.52,27.51,27.78,27.8,27.81,27.99,28.09,28.18,28.35,28.38,28.5,28.59,500,4200,300,2200,600,500,200,200,600,1200,500,500,2000,100,1200,800,100,6800,700,200
225.0,27.76,24300,672618.0,27.71,27.7,27.69,27.62,27.6,27.58,27.57,27.53,27.52,27.51,27.78,27.8,27.81,27.99,28.09,28.18,28.35,28.38,28.5,28.59,500,4200,300,2200,600,500,200,200,600,1200,500,500,2000,100,1200,800,100,6800,700,200
226.0,27.78,24800,686508.0,27.71,27.7,27.69,27.62,27.61,27.6,27.58,27.57,27.53,27.52,27.8,27.81,27.99,28.09,28.18,28.35,28.38,28.5,28.59,28.6,500,4200,300,2200,300,600,500,200,200,600,500,2000,100,1200,800,100,6800,700,200,100
227.0,27.78,24800,686508.0,27.72,27.71,27.7,27.69,27.62,27.61,27.6,27.58,27.57,27.53,27.81,27.99,28.09,28.18,28.35,28.38,28.5,28.59,28.6,28.68,600,700,4200,300,2200,300,600,500,200,200,1500,100,1200,800,100,6800,700,200,100,300
228.0,27.78,24800,686508.0,27.72,27.71,27.7,27.69,27.62,27.61,27.6,27.58,27.57,27.53,27.81,27.99,28.09,28.18,28.35,28.38,28.5,28.59,28.6,28.68,600,700,4200,300,2200,300,600,500,200,200,1500,100,1200,800,100,6800,700,200,100,300
229.0,27.78,24800,686508.0,27.72,27.71,27.7,27.69,27.62,27.61,27.6,27.58,27.57,27.53,27.81,27.99,28.09,28.18,28.35,28.38,28.5,28.59,28.6,28.68,600,200,4200,300,2200,300,600,500,200,200,1500,100,1200,800,100,11200,700,200,100,300
230.0,27.81,24900,689289.0,27.72,27.71,27.7,27.69,27.62,27.61,27.6,27.58,27.57,27.53,27.81,27.99,28.09,28.18,28.35,28.38,28.5,28.59,28.6,28.68,600,200,4200,300,2200,300,1300,500,200,200,1400,100,1200,800,100,11200,700,200,100,300
231.0,27.81,24900,689289.0,27.72,27.71,27.7,27.69,27.62,27.61,27.6,27.58,27.57,27.53,27.81,27.99,28.09,28.18,28.35,28.38,28.5,28.59,28.6,28.68,600,200,4200,300,2200,300,1300,500,200,200,1400,100,1200,800,100,11200,700,200,100,300
232.0,27.81,24900,689289.0,27.72,27.71,27.7,27.69,27.62,27.61,27.6,27.58,27.57,27.53,27.81,27.99,28.09,28.18,28.35,28.38,28.5,28.59,28.6,28.68,600,200,4200,300,2200,300,1300,500,200,200,1400,100,1200,800,100,11200,700,200,100,300
233.0,27.81,24900,689289.0,27.73,27.72,27.7,27.69,27.62,27.61,27.6,27.58,27.57,27.53,27.81,27.99,28.09,28.18,28.35,28.38,28.5,28.59,28.6,28.68,600,200,4200,300,2200,300,1300,500,200,200,1400,100,1200,800,100,11200,700,200,100,300
234.0,27.81,24900,689289.0,27.73,27.72,27.7,27.69,27.62,27.61,27.6,27.58,27.57,27.53,27.81,27.99,28.09,28.18,28.35,28.38,28.5,28.59,28.6,28.68,600,200,4200,300,2200,300,1300,500,200,200,1400,100,1200,800,100,11200,700,200,100,300
235.0,27.81,24900,689289.0,27.73,27.72,27.7,27.69,27.62,27.61,27.6,27.58,27.57,27.53,27.81,27.99,28.09,28.18,28.35,28.38,28.5,28.59,28.6,28.68,600,200,4200,300,2200,300,1300,500,200,200,1400,100,1200,800,100,11200,700,200,100,300
236.0,27.81,24900,689289.0,27.74,27.73,27.7,27.69,27.62,27.61,27.6,27.58,27.57,27.53,27.81,27.99,28.09,28.18,28.35,28.38,28.5,28.59,28.6,28.68,500,200,4200,300,2200,300,1300,500,200,200,1400,100,1200,800,100,11200,700,200,100,300
237.0,27.81,24900,689289.0,27.74,27.73,27.7,27.69,27.62,27.61,27.6,27.58,27.57,27.53,27.81,27.99,28.09,28.18,28.35,28.38,28.5,28.59,28.6,28.68,500,200,4200,300,2200,300,1300,500,200,200,1400,100,1200,800,100,11200,700,200,100,300
238.0,27.81,24900,689289.0,27.74,27.73,27.7,27.69,27.62,27.61,27.6,27.58,27.57,27.53,27.81,27.99,28.09,28.18,28.35,28.38,28.5,28.59,28.6,28.68,500,200,4200,300,2200,300,1300,500,200,200,1400,100,1200,800,100,11200,700,200,100,300
239.0,27.81,24900,689289.0,27.74,27.73,27.7,27.69,27.62,27.61,27.6,27.58,27.57,27.53,27.81,27.99,28.09,28.18,28.35,28.38,28.5,28.59,28.6,28.68,500,200,4200,300,2200,300,1300,500,200,200,1400,100,1200,800,100,11200,700,200,100,300
240.0,27.81,24900,689289.0,27.74,27.73,27.7,27.69,27.62,27.61,27.6,27.58,27.57,27.53,27.81,27.99,28.09,28.18,28.35,28.38,28.5,28.59,28.6,28.68,500,200,4200,300,2200,300,1300,500,200,200,1400,100,1200,800,100,11200,700,200,100,300
241.0,27.81,24900,689289.0,27.74,27.73,27.7,27.69,27.62,27.61,27.6,27.58,27.57,27.53,27.81,27.99,28.09,28.18,28.35,28.38,28.5,28.59,28.6,28.68,500,200,4200,300,2200,300,1300,500,200,200,1400,100,1200,800,100,11200,700,200,100,300
242.0,27.81,24900,689289.0,27.74,27.73,27.7,27.69,27.62,27.61,27.6,27.58,27.57,27.53,27.81,27.99,28.09,28.18,28.35,28.38,28.5,28.59,28.6,28.68,500,200,4200,300,2200,300,1300,500,200,200,1400,100,1200,800,100,11200,700,200,100,300
243.0,27.81,24900,689289.0,27.74,27.73,27.7,27.69,27.62,27.61,27.6,27.58,27.57,27.53,27.81,27.99,28.09,28.18,28.35,28.38,28.5,28.59,28.6,28.68,500,200,4200,300,2200,300,1300,500,400,200,2400,100,1200,800,100,11200,700,200,100,300
244.0,27.81,24900,689289.0,27.74,27.73,27.7,27.69,27.62,27.61,27.6,27.58,27.57,27.53,27.81,27.99,28.09,28.18,28.35,28.38,28.5,28.59,28.6,28.68,500,200,4200,300,2200,300,1300,500,400,200,2400,100,1200,800,100,11200,700,200,100,300
245.0,27.81,24900,689289.0,27.74,27.73,27.7,27.69,27.62,27.61,27.6,27.58,27.57,27.53,27.81,27.99,28.09,28.18,28.35,28.38,28.5,28.59,28.6,28.68,500,200,4200,300,2200,300,1300,500,400,200,2400,100,1200,800,100,11200,700,200,100,300
246.0,27.81,24900,689289.0,27.74,27.73,27.7,27.69,27.62,27.61,27.6,27.58,27.57,27.53,27.81,27.99,28.09,28.18,28.35,28.38,28.5,28.59,28.6,28.68,500,200,4200,300,2200,300,1300,500,400,200,2400,100,1200,800,100,11200,700,200,100,300
247.0,27.81,24900,689289.0,27.74,27.73,27.7,27.69,27.62,27.61,27.6,27.58,27.57,27.53,27.81,27.99,28.09,28.18,28.35,28.38,28.5,28.59,28.6,28.68,500,200,4200,300,2200,300,1300,500,400,200,2400,100,1200,800,100,11200,700,200,100,300
248.0,27.81,24900,689289.0,27.74,27.73,27.7,27.69,27.62,27.61,27.6,27.58,27.57,27.53,27.81,27.99,28.09,28.18,28.35,28.38,28.5,28.59,28.6,28.68,500,200,4200,300,2200,300,1300,500,400,200,2400,100,1200,800,100,11200,700,200,100,300
249.0,27.81,24900,689289.0,27.74,27.73,27.7,27.69,27.62,27.61,27.6,27.58,27.57,27.53,27.81,27.99,28.09,28.18,28.35,28.38,28.5,28.59,28.6,28.68,500,200,4200,300,2200,300,1300,500,400,200,2400,100,1200,800,100,11200,700,200,100,300
250.0,27.81,24900,689289.0,27.74,27.73,27.7,27.69,27.62,27.61,27.6,27.58,27.57,27.53,27.81,27.99,28.09,28.18,28.35,28.38,28.5,28.59,28.6,28.68,500,200,4200,300,2200,300,1300,500,400,200,1400,100,1200,800,100,11200,700,200,100,300
251.0,27.81,24900,689289.0,27.74,27.73,27.7,27.69,27.62,27.61,27.6,27.58,27.57,27.53,27.81,27.99,28.09,28.18,28.35,28.38,28.5,28.59,28.6,28.68,500,200,4200,300,2200,300,1300,500,400,200,1400,100,1200,800,100,11200,700,200,100,300
252.0,27.81,24900,689289.0,27.74,27.73,27.7,27.69,27.62,27.61,27.6,27.58,27.57,27.53,27.81,27.99,28.09,28.18,28.35,28.38,28.5,28.59,28.6,28.68,500,400,4200,300,2200,300,1300,500,400,200,1400,100,1200,800,100,11200,700,200,100,300
253.0,27.81,24900,689289.0,27.74,27.73,27.7,27.69,27.62,27.61,27.6,27.58,27.57,27.53,27.81,27.99,28.09,28.18,28.35,28.38,28.5,28.59,28.6,28.68,500,400,4200,300,2200,300,1300,500,400,200,1400,100,1200,800,100,11200,700,200,100,300
254.0,27.81,24900,689289.0,27.74,27.73,27.7,27.69,27.62,27.61,27.6,27.58,27.57,27.53,27.81,27.99,28.09,28.18,28.35,28.38,28.5,28.59,28.6,28.68,500,400,4200,300,2200,300,1300,500,400,200,1400,100,1200,800,100,11200,700,200,100,300
255.0,27.81,24900,689289.0,27.74,27.73,27.7,27.69,27.62,27.61,27.6,27.58,27.57,27.53,27.81,27.99,28.09,28.18,28.35,28.38,28.5,28.59,28.6,28.68,500,400,4200,300,2200,300,1300,500,400,200,1400,100,1200,800,100,11200,700,200,100,300
256.0,27.81,24900,689289.0,27.74,27.73,27.7,27.69,27.62,27.61,27.6,27.58,27.57,27.53,27.81,27.99,28.09,28.18,28.35,28.38,28.5,28.59,28.6,28.68,500,400,4200,300,2200,300,1300,500,400,200,1400,100,1200,800,100,11200,700,200,100,300
257.0,27.81,24900,689289.0,27.74,27.73,27.7,27.69,27.62,27.61,27.6,27.58,27.57,27.53,27.81,27.99,28.09,28.18,28.35,28.38,28.5,28.59,28.6,28.68,700,200,4200,300,2200,300,1300,500,400,200,1400,100,1200,800,100,11200,700,200,100,300
258.0,27.81,24900,689289.0,27.74,27.73,27.7,27.69,27.62,27.61,27.6,27.58,27.57,27.53,27.81,27.99,28.09,28.18,28.35,28.38,28.5,28.59,28.6,28.68,700,200,4200,300,2200,300,1300,500,400,200,1400,100,1200,800,100,11200,700,200,100,300
259.0,27.81,24900,689289.0,27.74,27.73,27.7,27.69,27.62,27.61,27.6,27.58,27.57,27.53,27.81,27.99,28.09,28.18,28.35,28.38,28.5,28.59,28.6,28.68,700,200,4200,300,2200,300,1300,500,400,200,1400,100,1200,800,100,11200,700,200,100,300
260.0,27.81,25000,692070.0,27.74,27.73,27.7,27.69,27.62,27.61,27.6,27.58,27.57,27.53,27.81,27.99,28.09,28.18,28.35,28.38,28.5,28.59,28.6,28.68,700,200,4200,300,2200,300,1300,1500,400,200,1300,100,1200,800,100,11200,700,200,100,300
261.0,27.81,25000,692070.0,27.74,27.73,27.7,27.69,27.62,27.61,27.6,27.58,27.57,27.53,27.81,27.99,28.09,28.18,28.35,28.38,28.5,28.59,28.6,28.68,700,200,4200,300,2200,300,1300,1500,400,200,1300,100,1200,800,100,11200,700,200,100,300
262.0,27.81,25000,692070.0,27.74,27.73,27.7,27.69,27.62,27.61,27.6,27.58,27.57,27.53,27.81,27.99,28.09,28.18,28.35,28.38,28.5,28.59,28.6,28.68,700,200,4200,300,2200,300,1300,1500,400,200,1300,100,1200,800,100,11200,700,200,100,300
263.0,27.81,25000,692070.0,27.74,27.73,27.7,27.69,27.62,27.61,27.6,27.58,27.57,27.53,27.81,27.99,28.09,28.18,28.35,28.38,28.5,28.59,28.6,28.68,700,200,4200,300,2200,300,1300,1500,400,200,1300,100,1200,800,100,11200,700,200,100,300
264.0,27.81,25000,692070.0,27.74,27.73,27.7,27.69,27.62,27.61,27.6,27.58,27.57,27.53,27.81,27.99,28.09,28.18,28.35,28.38,28.5,28.59,28.6,28.68,700,200,4200,300,2200,300,1300,1500,400,200,1300,100,1200,800,100,11200,700,200,100,300
265.0,27.81,25000,692070.0,27.74,27.73,27.7,27.69,27.62,27.61,27.6,27.58,27.57,27.53,27.81,27.99,28.09,28.18,28.35,28.38,28.5,28.59,28.6,28.68,900,200,4200,300,2200,300,1300,1500,400,200,1300,100,1200,800,100,11200,700,200,100,300
266.0,27.81,25000,692070.0,27.74,27.73,27.7,27.69,27.62,27.61,27.6,27.58,27.57,27.53,27.81,27.99,28.09,28.18,28.35,28.38,28.5,28.59,28.6,28.68,900,200,4200,300,2200,300,1300,1500,400,200,1300,100,1200,800,100,11200,700,200,100,300
267.0,27.81,25000,692070.0,27.74,27.73,27.7,27.69,27.62,27.61,27.6,27.58,27.57,27.53,27.81,27.99,28.09,28.18,28.35,28.38,28.5,28.59,28.6,28.68,900,200,4200,300,2200,300,1300,1500,400,200,1300,100,1200,800,100,11200,700,200,100,300
268.0,27.81,25000,692070.0,27.74,27.73,27.7,27.69,27.62,27.61,27.6,27.58,27.57,27.53,27.81,27.99,28.09,28.18,28.35,28.38,28.5,28.59,28.6,28.68,900,200,4200,300,2200,300,1300,1500,400,200,1300,100,1200,800,100,11200,700,200,100,300
269.0,27.81,25000,692070.0,27.74,27.73,27.7,27.69,27.62,27.61,27.6,27.58,27.57,27.53,27.81,27.99,28.09,28.18,28.35,28.38,28.5,28.59,28.6,28.68,900,200,4200,300,2200,300,1300,1500,400,200,1300,100,1200,800,100,11200,700,200,100,300
270.0,27.81,25000,692070.0,27.74,27.73,27.7,27.69,27.62,27.61,27.6,27.58,27.57,27.53,27.81,27.99,28.09,28.18,28.35,28.38,28.5,28.59,28.6,28.68,900,200,4200,300,2200,300,1300,1500,400,200,1300,100,1200,800,100,11200,700,200,100,300
271.0,27.81,25000,692070.0,27.74,27.73,27.7,27.69,27.62,27.61,27.6,27.58,27.57,27.53,27.81,27.99,28.09,28.18,28.35,28.38,28.5,28.59,28.6,28.68,900,200,4200,300,2200,300,1300,1500,400,200,1300,100,1200,800,100,11200,700,200,100,300
272.0,27.81,25000,692070.0,27.74,27.73,27.7,27.69,27.62,27.61,27.6,27.58,27.57,27.53,27.81,27.99,28.09,28.18,28.35,28.38,28.5,28.59,28.6,28.68,900,200,4200,300,2200,300,1300,1500,400,200,1300,100,1200,800,100,11200,700,200,100,300
273.0,27.81,25000,692070.0,27.74,27.73,27.7,27.69,27.62,27.61,27.6,27.58,27.57,27.53,27.81,27.99,28.09,28.18,28.35,28.38,28.5,28.59,28.6,28.68,900,200,4200,300,2200,300,1300,1500,400,200,1300,100,1200,800,100,11200,700,200,100,300
274.0,27.81,25000,692070.0,27.74,27.73,27.7,27.69,27.62,27.61,27.6,27.58,27.57,27.53,27.81,27.99,28.09,28.18,28.35,28.38,28.5,28.59,28.6,28.68,900,200,4200,300,2200,300,1300,1500,400,200,1300,100,1200,800,100,11200,700,200,100,300
275.0,27.81,25000,692070.0,27.74,27.73,27.7,27.69,27.62,27.61,27.6,27.58,27.57,27.53,27.81,27.99,28.09,28.18,28.35,28.38,28.5,28.59,28.6,28.68,900,200,4200,300,2200,300,1300,1500,400,200,1300,100,1200,800,100,11200,700,200,100,300
276.0,27.81,26400,731004.0,27.81,27.74,27.73,27.7,27.69,27.62,27.61,27.6,27.58,27.57,27.95,27.96,27.97,27.98,27.99,28.09,28.18,28.35,28.38,28.5,600,400,200,4200,300,2200,300,1300,1500,400,400,600,3600,1400,100,1200,800,100,11200,700
277.0,27.81,27000,747690.0,27.74,27.73,27.7,27.69,27.62,27.61,27.6,27.58,27.57,27.53,27.92,27.93,27.94,27.95,27.96,27.97,27.98,27.99,28.09,28.18,400,200,4200,300,2200,300,1300,1500,400,200,1000,300,500,1400,600,2400,1400,100,1200,800
278.0,27.81,27000,747690.0,27.74,27.73,27.7,27.69,27.62,27.61,27.6,27.58,27.57,27.53,27.8,27.81,27.92,27.94,27.95,27.96,27.97,27.98,27.99,28.09,400,200,4200,300,2200,300,1300,1500,400,200,600,300,400,500,1400,600,2400,1400,100,1200
279.0,27.81,27000,747690.0,27.74,27.73,27.7,27.69,27.62,27.61,27.6,27.58,27.57,27.53,27.8,27.81,27.92,27.94,27.95,27.96,27.97,27.98,27.99,28.09,400,200,4200,300,2200,300,1300,1500,400,200,600,300,400,500,1400,600,2400,1400,100,1200
280.0,27.81,27000,747690.0,27.74,27.73,27.7,27.69,27.62,27.61,27.6,27.58,27.57,27.53,27.8,27.81,27.92,27.94,27.95,27.96,27.97,27.98,27.99,28.09,400,200,4200,300,2200,300,1300,1500,400,200,600,300,400,500,1400,600,2400,1400,100,1200
281.0,27.81,27000,747690.0,27.74,27.73,27.7,27.69,27.62,27.61,27.6,27.58,27.57,27.53,27.8,27.81,27.92,27.94,27.95,27.96,27.97,27.98,27.99,28.09,400,200,4200,300,2200,300,1300,1500,400,200,600,300,400,500,1400,600,2400,1400,100,1200
282.0,27.81,27000,747690.0,27.74,27.73,27.7,27.69,27.62,27.61,27.6,27.58,27.57,27.53,27.8,27.81,27.82,27.92,27.94,27.95,27.96,27.97,27.98,27.99,400,200,4200,300,2200,1300,1300,1500,400,200,600,300,100,400,500,1400,600,2400,1400,100
283.0,27.81,27000,747690.0,27.74,27.73,27.7,27.69,27.62,27.61,27.6,27.58,27.57,27.53,27.8,27.81,27.82,27.92,27.94,27.95,27.96,27.97,27.98,27.99,400,200,4200,300,2200,1300,1300,1500,400,200,600,300,100,400,500,1400,600,2400,1400,100
284.0,27.81,27000,747690.0,27.74,27.73,27.7,27.69,27.62,27.61,27.6,27.58,27.57,27.53,27.8,27.81,27.82,27.92,27.94,27.95,27.96,27.97,27.98,27.99,400,200,4200,300,2200,1300,1300,1500,400,200,600,300,100,400,500,1400,600,2400,1400,100
285.0,27.81,27000,747690.0,27.74,27.73,27.7,27.69,27.62,27.61,27.6,27.58,27.57,27.53,27.8,27.81,27.82,27.92,27.94,27.95,27.96,27.97,27.98,27.99,400,200,4200,300,2200,1300,1300,1500,400,200,600,300,100,400,500,1400,600,2400,1400,100
286.0,27.81,27000,747690.0,27.74,27.73,27.7,27.69,27.62,27.61,27.6,27.58,27.57,27.53,27.8,27.81,27.82,27.92,27.94,27.95,27.96,27.97,27.98,27.99,400,200,4200,300,2200,1300,1300,1500,400,200,600,300,100,400,500,1400,600,2400,1400,100
287.0,27.81,27000,747690.0,27.74,27.73,27.7,27.69,27.62,27.61,27.6,27.58,27.57,27.53,27.8,27.81,27.82,27.94,27.95,27.96,27.97,27.98,27.99,28.09,400,200,4200,300,2200,1300,1300,1500,400,200,1200,100,2000,500,1200,600,600,1400,100,1200
288.0,27.81,27000,747690.0,27.74,27.73,27.7,27.69,27.62,27.61,27.6,27.58,27.57,27.53,27.8,27.82,27.94,27.95,27.96,27.97,27.98,27.99,28.09,28.18,400,200,4200,300,2200,1300,1300,1500,400,200,1200,2000,500,1200,600,600,1400,100,1200,800
289.0,27.81,27000,747690.0,27.74,27.73,27.7,27.69,27.62,27.61,27.6,27.58,27.57,27.53,27.8,27.82,27.94,27.95,27.96,27.97,27.98,27.99,28.09,28.18,400,200,4200,300,2200,1300,1300,1500,400,200,1200,2000,500,1200,600,600,1400,100,1200,800
290.0,27.81,27000,747690.0,27.74,27.73,27.7,27.69,27.62,27.61,27.6,27.58,27.57,27.53,27.8,27.82,27.94,27.95,27.96,27.97,27.98,27.99,28.09,28.18,400,200,4200,300,2200,1300,1300,1500,400,200,1200,2000,500,1200,600,600,1400,100,1200,800
291.0,27.81,27000,747690.0,27.74,27.73,27.7,27.69,27.62,27.61,27.6,27.58,27.57,27.53,27.8,27.81,27.82,27.94,27.95,27.97,27.98,27.99,28.09,28.18,400,200,4200,300,2200,1300,1300,1500,400,200,1200,100,2000,500,1000,600,800,100,1200,800
292.0,27.81,27000,747690.0,27.74,27.73,27.7,27.69,27.62,27.61,27.6,27.58,27.57,27.53,27.8,27.81,27.82,27.95,27.97,27.98,27.99,28.09,28.18,28.35,400,200,4200,300,2200,1300,1300,1500,400,200,600,100,2000,600,600,800,100,1200,800,100
293.0,27.81,27000,747690.0,27.74,27.73,27.7,27.69,27.62,27.61,27.6,27.58,27.57,27.53,27.8,27.81,27.82,27.95,27.97,27.98,27.99,28.09,28.18,28.35,400,200,4200,300,2200,1300,1300,1500,400,200,600,100,2000,600,600,800,100,1200,800,100
294.0,27.81,27000,747690.0,27.74,27.73,27.7,27.69,27.62,27.61,27.6,27.58,27.57,27.53,27.8,27.81,27.82,27.95,27.97,27.98,27.99,28.09,28.18,28.35,400,200,4200,300,2200,1300,1300,1500,400,200,600,100,2000,600,600,800,100,1200,800,100
295.0,27.81,27000,747690.0,27.74,27.73,27.7,27.69,27.62,27.61,27.6,27.58,27.57,27.53,27.8,27.81,27.82,27.95,27.97,27.98,27.99,28.09,28.18,28.35,400,200,4200,300,2200,1300,1300,1500,400,200,600,100,2000,600,600,800,100,1200,800,100
296.0,27.81,27000,747690.0,27.74,27.73,27.7,27.69,27.62,27.61,27.6,27.58,27.57,27.53,27.8,27.81,27.82,27.95,27.97,27.98,27.99,28.09,28.18,28.35,400,200,4200,300,2200,1300,1300,1500,400,200,600,100,2000,600,600,800,100,1200,800,100
297.0,27.81,27000,747690.0,27.74,27.73,27.7,27.69,27.62,27.61,27.6,27.58,27.57,27.53,27.8,27.81,27.82,27.95,27.97,27.98,27.99,28.09,28.18,28.35,400,200,4200,300,2200,1300,1300,1500,400,200,600,100,2000,600,600,800,100,1200,800,100
298.0,27.81,27000,747690.0,27.74,27.73,27.7,27.69,27.62,27.61,27.6,27.58,27.57,27.53,27.8,27.81,27.82,27.95,27.97,27.98,27.99,28.09,28.18,28.35,400,200,4200,300,2200,1300,1300,1500,400,200,600,100,2000,600,600,800,100,1200,800,100
299.0,27.81,27000,747690.0,27.74,27.73,27.7,27.69,27.62,27.61,27.6,27.58,27.57,27.53,27.8,27.81,27.82,27.95,27.97,27.98,27.99,28.09,28.18,28.35,400,200,4200,300,2200,1300,1300,1500,400,200,600,100,2000,600,600,800,100,1200,800,100
300.0,27.81,27000,747690.0,27.74,27.73,27.7,27.69,27.62,27.61,27.6,27.58,27.57,27.53,27.8,27.81,27.82,27.95,27.97,27.98,27.99,28.09,28.18,28.35,400,200,4200,300,2200,1300,1300,1500,400,200,600,100,2000,600,600,800,100,1200,800,100
301.0,27.81,27000,747690.0,27.74,27.73,27.7,27.69,27.62,27.61,27.6,27.58,27.57,27.53,27.79,27.8,27.81,27.82,27.95,27.97,27.98,27.99,28.09,28.18,400,200,4200,300,2200,1300,1300,1500,400,200,500,100,100,2100,600,600,800,100,1200,800
302.0,27.81,27000,747690.0,27.74,27.73,27.7,27.69,27.62,27.61,27.6,27.58,27.57,27.53,27.79,27.8,27.81,27.82,27.95,27.97,27.98,27.99,28.09,28.18,400,200,4200,300,2200,1300,1300,1500,400,200,500,100,100,2100,600,600,800,100,1200,800
303.0,27.81,27000,747690.0,27.74,27.73,27.7,27.69,27.62,27.61,27.6,27.58,27.57,27.53,27.79,27.8,27.81,27.82,27.95,27.97,27.98,27.99,28.09,28.18,400,200,4200,300,2200,1300,1300,1500,400,200,500,100,100,2100,600,600,800,100,1200,800
304.0,27.81,27000,747690.0,27.74,27.73,27.7,27.69,27.62,27.61,27.6,27.58,27.57,27.53,27.79,27.8,27.81,27.82,27.95,27.97,27.98,27.99,28.09,28.18,400,200,4200,300,2200,1300,1300,1500,400,200,500,100,100,2100,600,600,800,100,1200,800
305.0,27.81,27000,747690.0,27.74,27.73,27.7,27.69,27.62,27.61,27.6,27.58,27.57,27.53,27.79,27.8,27.81,27.82,27.95,27.97,27.98,27.99,28.09,28.18,400,200,4200,300,2200,1300,1300,1500,400,200,500,100,100,2100,600,600,800,100,1200,800
306.0,27.79,27500,761585.0,27.74,27.73,27.7,27.69,27.62,27.61,27.6,27.58,27.57,27.53,27.8,27.81,27.82,27.95,27.97,27.98,27.99,28.09,28.18,28.35,400,200,4200,300,2200,1300,1300,1500,400,200,100,100,2100,600,600,800,100,1200,800,100
307.0,27.79,27500,761585.0,27.74,27.73,27.7,27.69,27.62,27.61,27.6,27.58,27.57,27.53,27.8,27.81,27.82,27.95,27.97,27.98,27.99,28.09,28.18,28.35,400,200,4200,300,2200,1300,1300,1500,400,200,100,100,2100,600,600,800,100,1200,800,100
308.0,27.79,27500,761585.0,27.79,27.74,27.73,27.7,27.69,27.62,27.61,27.6,27.58,27.57,27.8,27.81,27.82,27.95,27.97,27.98,27.99,28.09,28.18,28.35,500,400,200,4200,300,2200,1300,1300,1500,400,100,100,2100,600,600,800,100,1200,800,100
309.0,27.79,27500,761585.0,27.79,27.74,27.73,27.7,27.69,27.62,27.61,27.6,27.58,27.57,27.8,27.81,27.82,27.95,27.97,27.98,27.99,28.09,28.18,28.35,500,400,200,4200,300,2200,1300,1300,1500,400,100,100,2100,600,600,800,100,1200,800,100
310.0,27.79,27500,761585.0,27.79,27.74,27.73,27.7,27.69,27.62,27.61,27.6,27.58,27.57,27.8,27.81,27.82,27.95,27.97,27.98,27.99,28.09,28.18,28.35,500,400,200,4200,300,3200,1300,1300,1500,400,100,100,2100,600,600,800,100,1200,800,100
311.0,27.79,27500,761585.0,27.79,27.74,27.73,27.7,27.69,27.62,27.61,27.6,27.58,27.57,27.81,27.82,27.95,27.97,27.98,27.99,28.09,28.18,28.35,28.38,500,400,200,4200,300,3200,1300,1300,1500,400,100,2100,600,600,800,100,1200,800,100,11200
312.0,27.79,27500,761585.0,27.79,27.74,27.73,27.7,27.69,27.62,27.61,27.6,27.58,27.57,27.81,27.82,27.95,27.97,27.98,27.99,28.09,28.18,28.35,28.38,500,400,200,4200,300,3200,1300,1300,1500,400,100,2100,600,600,800,100,1200,800,100,11200
313.0,27.79,27500,761585.0,27.79,27.74,27.73,27.7,27.69,27.62,27.61,27.6,27.58,27.57,27.81,27.82,27.95,27.97,27.98,27.99,28.09,28.18,28.35,28.38,500,400,200,4200,300,3200,1300,1300,1500,400,100,2100,600,600,800,100,1200,800,100,11200
314.0,27.81,27600,764366.0,27.79,27.74,27.73,27.7,27.69,27.62,27.61,27.6,27.58,27.57,27.82,27.95,27.97,27.98,27.99,28.09,28.18,28.35,28.38,28.5,500,400,200,4200,300,3200,1300,1300,1500,400,2100,600,600,800,100,1200,800,100,11200,700
315.0,27.81,27600,764366.0,27.79,27.74,27.73,27.7,27.69,27.62,27.61,27.6,27.58,27.57,27.82,27.95,27.97,27.98,27.99,28.09,28.18,28.35,28.38,28.5,500,400,200,4200,300,3200,1300,1300,1500,400,2100,600,600,800,100,1200,800,100,11200,700
316.0,27.81,27600,764366.0,27.79,27.74,27.73,27.7,27.69,27.62,27.61,27.6,27.58,27.57,27.82,27.95,27.97,27.98,27.99,28.09,28.18,28.35,28.38,28.5,500,400,200,4200,300,3200,1300,1300,1500,400,2100,600,600,800,100,1200,800,100,11200,700
317.0,27.81,27600,764366.0,27.79,27.74,27.73,27.7,27.69,27.62,27.61,27.6,27.58,27.57,27.82,27.95,27.97,27.98,27.99,28.09,28.18,28.35,28.38,28.5,700,200,200,4200,300,3200,1300,1300,1500,400,2100,600,600,800,100,1200,800,100,11200,700
318.0,27.81,27600,764366.0,27.79,27.74,27.73,27.7,27.69,27.62,27.61,27.6,27.58,27.57,27.82,27.95,27.97,27.98,27.99,28.09,28.18,28.35,28.38,28.5,700,200,200,4200,300,3200,1300,1300,1500,400,2100,600,600,800,100,1200,800,100,11200,700
319.0,27.81,27600,764366.0,27.79,27.74,27.73,27.7,27.69,27.62,27.61,27.6,27.58,27.57,27.82,27.95,27.97,27.98,27.99,28.09,28.18,28.35,28.38,28.5,700,200,200,4200,300,3200,1300,1300,1500,400,2100,600,600,800,100,1200,800,100,11200,700
320.0,27.82,29700,822788.0,27.79,27.74,27.73,27.7,27.69,27.62,27.61,27.6,27.58,27.57,27.94,27.95,27.97,27.98,27.99,28.09,28.18,28.35,28.38,28.5,700,200,200,4200,300,3200,1300,1300,1500,400,1300,600,600,800,100,1200,800,100,11200,700
321.0,27.82,29700,822788.0,27.79,27.74,27.73,27.7,27.69,27.62,27.61,27.6,27.58,27.57,27.94,27.95,27.97,27.98,27.99,28.09,28.18,28.35,28.38,28.5,700,200,200,4200,300,3200,1300,1300,1500,400,1300,600,600,800,100,1200,800,100,11200,700
322.0,27.82,29700,822788.0,27.79,27.74,27.73,27.7,27.69,27.62,27.61,27.6,27.58,27.57,27.92,27.93,27.94,27.95,27.97,27.98,27.99,28.09,28.18,28.35,700,200,200,4200,300,3200,1300,1300,1500,400,600,600,1300,600,600,800,100,1200,800,100
323.0,27.82,29700,822788.0,27.79,27.74,27.73,27.7,27.69,27.62,27.61,27.6,27.58,27.57,27.91,27.94,27.95,27.97,27.98,27.99,28.09,28.18,28.35,28.38,800,200,200,4200,300,3200,1300,1300,1500,400,600,1300,600,600,800,100,1200,800,100,11200
324.0,27.82,29700,822788.0,27.79,27.74,27.73,27.7,27.69,27.62,27.61,27.6,27.58,27.57,27.91,27.94,27.95,27.97,27.98,27.99,28.09,28.18,28.35,28.38,800,200,200,4200,300,3200,1300,1300,1500,400,600,1300,600,600,800,100,1200,800,100,11200
325.0,27.82,29700,822788.0,27.79,27.74,27.73,27.7,27.69,27.62,27.61,27.6,27.58,27.57,27.91,27.93,27.94,27.95,27.97,27.98,27.99,28.09,28.18,28.35,800,200,200,4200,300,3200,1300,1300,1500,400,600,200,1300,600,600,800,100,1200,800,100
326.0,27.82,29700,822788.0,27.79,27.74,27.73,27.7,27.69,27.62,27.61,27.6,27.58,27.57,27.91,27.93,27.94,27.95,27.97,27.98,27.99,28.09,28.18,28.35,800,200,200,4200,300,3200,1300,1300,1500,400,600,200,1300,600,600,800,100,1200,800,100
327.0,27.82,29700,822788.0,27.79,27.74,27.73,27.7,27.69,27.62,27.61,27.6,27.58,27.57,27.91,27.93,27.94,27.95,27.97,27.98,27.99,28.09,28.18,28.35,800,200,200,4200,300,3200,1300,1300,1500,400,600,200,1300,600,600,800,100,1200,800,100
328.0,27.82,29700,822788.0,27.79,27.74,27.73,27.7,27.69,27.62,27.61,27.6,27.58,27.57,27.91,27.93,27.94,27.95,27.97,27.98,27.99,28.09,28.18,28.35,800,200,200,4200,300,3200,1300,1300,1500,400,600,200,1300,600,600,800,100,1200,800,100
329.0,27.82,29700,822788.0,27.79,27.74,27.73,27.7,27.69,27.62,27.61,27.6,27.58,27.57,27.91,27.93,27.94,27.95,27.97,27.98,27.99,28.09,28.18,28.35,800,200,200,4200,300,3200,1300,1300,1500,400,600,200,1300,600,600,800,100,1200,800,100
330.0,27.82,29700,822788.0,27.79,27.74,27.73,27.7,27.69,27.62,27.61,27.6,27.58,27.57,27.91,27.93,27.94,27.95,27.97,27.98,27.99,28.09,28.18,28.35,800,200,200,4200,300,3200,1300,1300,1500,400,600,200,1300,600,600,800,100,1200,800,100
331.0,27.82,29700,822788.0,27.79,27.74,27.73,27.7,27.69,27.62,27.61,27.6,27.58,27.57,27.91,27.93,27.94,27.95,27.97,27.98,27.99,28.09,28.18,28.35,800,200,200,4200,300,3200,1300,1300,1500,400,600,200,1300,600,600,800,100,1200,800,100
332.0,27.82,29700,822788.0,27.79,27.74,27.73,27.7,27.69,27.62,27.61,27.6,27.58,27.57,27.9,27.93,27.94,27.95,27.97,27.98,27.99,28.09,28.18,28.35,800,200,200,4200,300,3200,1300,1300,1500,400,100,200,1300,600,600,800,100,1200,800,100
333.0,27.82,29700,822788.0,27.79,27.74,27.73,27.7,27.69,27.62,27.61,27.6,27.58,27.57,27.9,27.93,27.94,27.95,27.97,27.98,27.99,28.09,28.18,28.35,800,200,200,4200,300,3200,1300,1300,1500,400,100,200,1300,600,600,800,100,1200,800,100
334.0,27.82,29700,822788.0,27.79,27.74,27.73,27.7,27.69,27.62,27.61,27.6,27.58,27.57,27.9,27.93,27.94,27.95,27.97,27.98,27.99,28.09,28.18,28.35,800,200,200,4200,300,3200,1300,1300,1500,400,100,200,1300,600,600,800,100,1200,800,100
335.0,27.82,29700,822788.0,27.79,27.74,27.73,27.7,27.69,27.62,27.61,27.6,27.58,27.57,27.9,27.93,27.94,27.95,27.97,27.98,27.99,28.09,28.18,28.35,800,200,200,4200,300,3200,1300,1300,1500,400,200,200,1300,600,600,800,100,1200,800,100
336.0,27.82,29700,822788.0,27.79,27.74,27.73,27.7,27.69,27.62,27.61,27.6,27.58,27.57,27.9,27.93,27.94,27.95,27.97,27.98,27.99,28.09,28.18,28.35,800,200,200,4200,300,3200,1300,1300,1500,400,200,200,1300,600,600,800,100,1200,800,100
337.0,27.82,29700,822788.0,27.79,27.74,27.73,27.7,27.69,27.62,27.61,27.6,27.58,27.57,27.9,27.93,27.94,27.95,27.97,27.98,27.99,28.09,28.18,28.35,800,200,200,4200,300,3200,1300,1300,1500,400,300,200,1300,600,600,800,100,1200,800,100
338.0,27.82,29700,822788.0,27.79,27.74,27.73,27.7,27.69,27.62,27.61,27.6,27.58,27.57,27.9,27.93,27.94,27.95,27.97,27.98,27.99,28.09,28.18,28.35,800,200,200,4200,300,3200,1300,1300,1500,400,300,200,1300,600,600,800,100,1200,800,100
339.0,27.82,29700,822788.0,27.79,27.74,27.73,27.7,27.69,27.62,27.61,27.6,27.58,27.57,27.9,27.93,27.94,27.95,27.97,27.98,27.99,28.09,28.18,28.35,800,200,200,4200,300,3200,1300,1300,1500,400,300,200,1300,600,600,800,100,1200,800,100
340.0,27.82,29700,822788.0,27.79,27.74,27.73,27.7,27.69,27.62,27.61,27.6,27.58,27.57,27.9,27.93,27.94,27.95,27.97,27.98,27.99,28.09,28.18,28.35,800,200,200,4200,300,3200,1300,1300,1500,400,400,200,1300,600,600,800,100,1200,800,100
341.0,27.82,29700,822788.0,27.79,27.74,27.73,27.7,27.69,27.62,27.61,27.6,27.58,27.57,27.9,27.93,27.94,27.95,27.97,27.98,27.99,28.09,28.18,28.35,800,200,200,4200,300,3200,1300,1300,1500,400,400,200,1300,600,600,800,100,1200,800,100
342.0,27.82,29700,822788.0,27.79,27.74,27.73,27.7,27.69,27.62,27.61,27.6,27.58,27.57,27.9,27.93,27.94,27.95,27.97,27.98,27.99,28.09,28.18,28.35,800,200,200,4200,300,3200,1300,1300,1500,400,400,200,1300,600,600,800,100,1200,800,100
343.0,27.82,29700,822788.0,27.79,27.74,27.73,27.7,27.69,27.62,27.61,27.6,27.58,27.57,27.9,27.93,27.94,27.95,27.97,27.98,27.99,28.09,28.18,28.35,800,200,200,4200,300,3200,1300,1300,1500,400,500,200,1300,600,600,800,100,1200,800,100
344.0,27.82,29700,822788.0,27.79,27.74,27.73,27.7,27.69,27.62,27.61,27.6,27.58,27.57,27.9,27.93,27.94,27.95,27.97,27.98,27.99,28.09,28.18,28.35,800,200,200,4200,300,3200,1300,1300,1500,400,500,200,1300,600,600,800,100,1200,800,100
345.0,27.82,29700,822788.0,27.79,27.74,27.73,27.7,27.69,27.62,27.61,27.6,27.58,27.57,27.9,27.93,27.94,27.95,27.97,27.98,27.99,28.09,28.18,28.35,800,200,200,3900,300,3200,1300,1300,1500,400,500,200,1300,600,600,800,100,1200,800,100
346.0,27.82,29700,822788.0,27.79,27.74,27.73,27.7,27.69,27.62,27.61,27.6,27.58,27.57,27.9,27.93,27.94,27.95,27.97,27.98,27.99,28.09,28.18,28.35,800,200,200,3900,300,3200,1300,1300,1500,400,500,200,1300,600,600,800,100,1200,800,100
347.0,27.82,29700,822788.0,27.79,27.74,27.73,27.7,27.69,27.62,27.61,27.6,27.58,27.57,27.9,27.93,27.94,27.95,27.97,27.98,27.99,28.09,28.18,28.35,800,200,200,3900,300,3200,1300,1300,1500,400,500,200,1300,600,600,800,100,1200,800,100
348.0,27.82,29700,822788.0,27.79,27.74,27.73,27.7,27.69,27.62,27.61,27.6,27.58,27.57,27.9,27.93,27.94,27.95,27.97,27.98,27.99,28.09,28.18,28.35,800,200,200,3900,300,3200,1300,1300,1500,400,500,200,1300,600,600,800,100,1200,800,100
349.0,27.82,29700,822788.0,27.79,27.74,27.73,27.7,27.69,27.62,27.61,27.6,27.58,27.57,27.9,27.93,27.94,27.95,27.97,27.98,27.99,28.09,28.18,28.35,800,200,200,3900,300,3200,1300,1300,1500,400,500,200,1300,600,600,800,100,1200,800,100
350.0,27.82,29700,822788.0,27.79,27.74,27.73,27.7,27.69,27.62,27.61,27.6,27.58,27.57,27.9,27.93,27.94,27.95,27.97,27.98,27.99,28.09,28.18,28.35,800,200,200,3900,300,3200,1300,1300,1500,400,500,200,1300,600,600,800,100,1200,800,100
351.0,27.82,29700,822788.0,27.79,27.74,27.73,27.7,27.69,27.62,27.61,27.6,27.58,27.57,27.9,27.93,27.94,27.95,27.97,27.98,27.99,28.09,28.18,28.35,800,200,200,3900,300,3200,1300,1300,1500,400,500,200,1300,600,600,800,100,1200,800,100
352.0,27.82,29700,822788.0,27.79,27.74,27.73,27.7,27.69,27.62,27.61,27.6,27.58,27.57,27.9,27.93,27.94,27.95,27.97,27.98,27.99,28.09,28.18,28.35,800,200,200,3900,300,3200,1300,1300,1500,400,500,200,1300,600,600,800,100,1200,800,100
353.0,27.82,29700,822788.0,27.79,27.74,27.73,27.7,27.69,27.62,27.61,27.6,27.58,27.57,27.9,27.93,27.94,27.95,27.97,27.98,27.99,28.09,28.18,28.35,800,200,200,3900,300,3200,1300,1300,1500,400,500,200,1300,600,600,800,100,1200,800,100
354.0,27.82,29700,822788.0,27.79,27.74,27.73,27.7,27.69,27.62,27.61,27.6,27.58,27.57,27.9,27.93,27.94,27.95,27.97,27.98,27.99,28.09,28.18,28.35,800,200,200,3900,300,3200,1300,1300,1500,400,500,200,1300,600,600,800,100,1200,800,100
355.0,27.82,29700,822788.0,27.79,27.74,27.73,27.7,27.69,27.62,27.61,27.6,27.58,27.57,27.9,27.93,27.94,27.95,27.97,27.98,27.99,28.09,28.18,28.35,800,200,200,3900,300,3200,1300,1300,1500,400,500,200,1300,600,600,800,100,1200,800,100
356.0,27.82,29700,822788.0,27.79,27.74,27.73,27.7,27.69,27.62,27.61,27.6,27.58,27.57,27.9,27.93,27.94,27.95,27.97,27.98,27.99,28.09,28.18,28.35,800,200,200,3900,300,3200,1300,1300,1500,400,500,200,1300,600,600,800,100,1200,800,100
357.0,27.82,29700,822788.0,27.79,27.74,27.73,27.7,27.69,27.62,27.61,27.6,27.58,27.57,27.9,27.93,27.94,27.95,27.97,27.98,27.99,28.09,28.18,28.35,800,200,200,3900,300,3200,1300,1300,1500,400,500,200,1300,600,600,800,100,1200,800,100
358.0,27.79,29800,825567.0,27.79,27.74,27.73,27.7,27.69,27.62,27.61,27.6,27.58,27.57,27.9,27.93,27.94,27.95,27.97,27.98,27.99,28.09,28.18,28.35,700,200,200,3900,300,3200,1300,1300,1500,400,600,200,1300,600,600,800,100,1200,800,100
359.0,27.79,29800,825567.0,27.79,27.74,27.73,27.7,27.69,27.62,27.61,27.6,27.58,27.57,27.9,27.93,27.94,27.95,27.97,27.98,27.99,28.09,28.18,28.35,700,200,200,3900,300,3200,1300,1300,1500,400,600,200,1300,600,600,800,100,1200,800,100
360.0,27.79,29800,825567.0,27.79,27.74,27.73,27.7,27.69,27.62,27.61,27.6,27.58,27.57,27.9,27.93,27.94,27.95,27.97,27.98,27.99,28.09,28.18,28.35,700,200,200,3900,300,3200,1300,1300,1500,400,600,200,1300,600,600,800,100,1200,800,100
361.0,27.79,29800,825567.0,27.79,27.74,27.73,27.7,27.69,27.62,27.61,27.6,27.58,27.57,27.9,27.93,27.94,27.95,27.97,27.98,27.99,28.09,28.18,28.35,700,200,200,3900,300,3200,1300,1300,1500,400,600,200,1300,600,600,800,100,1200,800,100
362.0,27.79,29800,825567.0,27.79,27.74,27.73,27.7,27.69,27.62,27.61,27.6,27.58,27.57,27.89,27.9,27.93,27.94,27.95,27.97,27.98,27.99,28.09,28.18,700,200,200,3900,300,3200,1300,1300,1500,400,600,600,200,1300,600,600,800,100,1200,800
363.0,27.79,29800,825567.0,27.79,27.74,27.73,27.7,27.69,27.62,27.61,27.6,27.58,27.57,27.89,27.9,27.93,27.94,27.95,27.97,27.98,27.99,28.09,28.18,700,200,200,3900,300,3200,1300,1300,1500,400,600,600,200,1300,600,600,800,100,1200,800
364.0,27.79,29800,825567.0,27.79,27.74,27.73,27.7,27.69,27.62,27.61,27.6,27.58,27.57,27.89,27.9,27.93,27.94,27.95,27.97,27.98,27.99,28.09,28.18,700,200,200,3900,300,3200,1300,1300,1500,400,600,600,200,1300,600,600,800,100,1200,800
365.0,27.79,29800,825567.0,27.79,27.74,27.73,27.7,27.69,27.62,27.61,27.6,27.58,27.57,27.86,27.88,27.9,27.93,27.94,27.95,27.97,27.98,27.99,28.09,700,200,200,3900,300,3200,1300,1300,1500,400,300,400,600,200,1300,600,600,800,100,1200
366.0,27.79,29800,825567.0,27.79,27.74,27.73,27.7,27.69,27.62,27.61,27.6,27.58,27.57,27.86,27.88,27.9,27.93,27.94,27.95,27.97,27.98,27.99,28.09,700,200,200,3900,300,3200,1300,1300,1500,400,300,400,600,200,1300,600,600,800,100,1200
367.0,27.79,29800,825567.0,27.79,27.74,27.73,27.7,27.69,27.62,27.61,27.6,27.58,27.57,27.86,27.9,27.93,27.94,27.95,27.97,27.98,27.99,28.09,28.18,700,200,200,3900,300,3200,1300,1300,1500,400,300,600,200,1000,600,600,800,100,1200,800
368.0,27.79,29800,825567.0,27.79,27.74,27.73,27.7,27.69,27.62,27.61,27.6,27.58,27.57,27.86,27.9,27.93,27.94,27.95,27.97,27.98,27.99,28.09,28.18,700,200,200,3900,300,3200,1300,1300,1500,400,300,600,200,1000,600,600,800,100,1200,800
369.0,27.79,29800,825567.0,27.79,27.74,27.73,27.7,27.69,27.62,27.61,27.6,27.58,27.57,27.86,27.9,27.93,27.94,27.95,27.97,27.98,27.99,28.09,28.18,700,200,200,3900,300,3200,1300,1300,1500,400,300,600,200,1000,600,600,800,100,1200,800
370.0,27.78,30800,853354.0,27.74,27.73,27.7,27.69,27.62,27.61,27.6,27.58,27.57,27.53,27.78,27.79,27.81,27.82,27.83,27.84,27.85,27.86,27.9,27.93,200,200,3900,300,3200,1300,1300,1500,400,200,100,300,300,300,300,300,300,300,600,200
371.0,27.78,30800,853354.0,27.74,27.73,27.7,27.69,27.62,27.61,27.6,27.58,27.57,27.53,27.78,27.79,27.81,27.82,27.83,27.84,27.85,27.86,27.9,27.93,200,200,3900,300,3200,1300,1300,1500,400,200,100,300,300,300,300,300,300,300,600,200
372.0,27.78,30800,853354.0,27.74,27.73,27.7,27.69,27.62,27.61,27.6,27.58,27.57,27.53,27.78,27.79,27.81,27.82,27.83,27.84,27.85,27.86,27.9,27.93,200,200,3900,300,3200,1300,1300,1500,400,200,100,300,300,300,300,300,300,300,600,200
373.0,27.78,30800,853354.0,27.74,27.73,27.7,27.69,27.62,27.61,27.6,27.58,27.57,27.53,27.79,27.81,27.82,27.83,27.84,27.85,27.86,27.9,27.93,27.95,200,200,3900,300,3200,1300,1300,1500,400,200,300,300,300,300,300,300,300,600,200,600
374.0,27.79,31100,861691.0,27.74,27.73,27.7,27.69,27.62,27.61,27.6,27.58,27.57,27.53,27.81,27.82,27.83,27.84,27.85,27.86,27.9,27.93,27.95,27.97,200,200,3900,300,3200,1300,1300,1500,400,200,300,300,300,300,300,300,600,200,600,600
375.0,27.79,31100,861691.0,27.74,27.73,27.7,27.69,27.62,27.61,27.6,27.58,27.57,27.53,27.81,27.82,27.83,27.84,27.85,27.86,27.9,27.93,27.95,27.97,200,200,3900,300,3200,1300,1300,1500,400,200,300,300,300,300,300,300,500,200,600,600
376.0,27.79,31100,861691.0,27.74,27.73,27.7,27.69,27.62,27.61,27.6,27.58,27.57,27.53,27.81,27.82,27.83,27.84,27.85,27.86,27.9,27.93,27.95,27.97,200,200,3900,300,3200,1300,1300,1500,400,200,300,300,300,300,300,300,500,100,600,600
377.0,27.79,31100,861691.0,27.74,27.73,27.7,27.69,27.62,27.61,27.6,27.58,27.57,27.53,27.81,27.82,27.83,27.84,27.85,27.86,27.9,27.95,27.97,27.98,200,200,3900,300,3200,1300,1300,1500,400,200,300,300,300,300,300,300,500,600,600,800
378.0,27.79,31100,861691.0,27.74,27.73,27.7,27.69,27.62,27.61,27.6,27.58,27.57,27.53,27.81,27.82,27.83,27.84,27.85,27.86,27.9,27.95,27.97,27.98,200,200,3900,300,3200,1300,1300,1500,400,200,300,300,300,300,300,300,500,600,600,800
379.0,27.79,31100,861691.0,27.74,27.73,27.7,27.69,27.62,27.61,27.6,27.58,27.57,27.53,27.8,27.81,27.82,27.83,27.84,27.85,27.86,27.9,27.95,27.97,200,200,3900,300,3200,1300,1300,1500,400,200,200,300,300,300,300,300,300,500,600,600
380.0,27.79,31100,861691.0,27.74,27.73,27.7,27.69,27.62,27.61,27.6,27.58,27.57,27.53,27.8,27.81,27.82,27.83,27.84,27.85,27.86,27.9,27.95,27.97,200,200,3900,300,3200,1300,1300,1500,400,200,200,300,300,300,300,300,300,500,600,600
381.0,27.79,31100,861691.0,27.74,27.73,27.7,27.69,27.62,27.61,27.6,27.58,27.57,27.53,27.8,27.81,27.82,27.83,27.84,27.85,27.86,27.9,27.95,27.97,300,200,3900,300,3200,1300,1300,1500,400,200,200,300,300,300,300,300,300,500,600,600
382.0,27.79,31100,861691.0,27.74,27.73,27.7,27.69,27.62,27.61,27.6,27.58,27.57,27.53,27.8,27.81,27.82,27.83,27.84,27.85,27.86,27.9,27.95,27.97,300,200,3900,300,3200,1300,1300,1500,400,200,200,300,300,300,300,300,300,500,600,600
383.0,27.79,31100,861691.0,27.74,27.73,27.7,27.69,27.62,27.61,27.6,27.58,27.57,27.53,27.8,27.81,27.82,27.83,27.84,27.85,27.86,27.9,27.95,27.97,300,200,3900,300,3200,1300,1300,1500,400,200,200,300,300,300,300,300,300,500,600,600
384.0,27.79,31100,861691.0,27.74,27.73,27.7,27.69,27.62,27.61,27.6,27.58,27.57,27.53,27.8,27.81,27.82,27.83,27.84,27.85,27.86,27.9,27.95,27.97,300,200,3900,300,3200,1300,1300,1500,400,200,200,300,300,300,300,300,300,500,600,600
385.0,27.79,31100,861691.0,27.74,27.73,27.7,27.69,27.62,27.61,27.6,27.58,27.57,27.53,27.79,27.8,27.81,27.82,27.83,27.84,27.85,27.86,27.9,27.95,300,200,3900,300,3200,1300,1300,1500,400,200,100,200,300,300,300,300,300,300,500,600
386.0,27.79,31100,861691.0,27.74,27.73,27.7,27.69,27.62,27.61,27.6,27.58,27.57,27.53,27.79,27.8,27.81,27.82,27.83,27.84,27.85,27.86,27.9,27.95,1200,200,3900,300,3200,1300,1300,1500,400,200,100,200,300,300,300,300,300,300,500,600
387.0,27.79,31100,861691.0,27.74,27.73,27.7,27.69,27.62,27.61,27.6,27.58,27.57,27.53,27.79,27.8,27.81,27.82,27.83,27.84,27.85,27.86,27.9,27.95,1200,200,3900,300,3200,1300,1300,1500,400,200,100,200,300,300,300,300,300,300,500,600
388.0,27.79,31100,861691.0,27.74,27.73,27.7,27.69,27.62,27.61,27.6,27.58,27.57,27.53,27.79,27.8,27.81,27.82,27.83,27.84,27.85,27.86,27.9,27.95,1200,200,3900,300,3200,1300,1300,1500,400,200,100,200,300,300,300,300,300,300,500,600
389.0,27.79,31100,861691.0,27.74,27.73,27.7,27.69,27.62,27.61,27.6,27.58,27.57,27.53,27.79,27.8,27.81,27.82,27.83,27.84,27.85,27.86,27.9,27.95,1200,200,3900,300,3200,1300,1300,1500,400,200,100,200,300,300,300,300,300,300,500,600
390.0,27.79,31100,861691.0,27.74,27.73,27.7,27.69,27.62,27.61,27.6,27.58,27.57,27.53,27.79,27.8,27.81,27.82,27.83,27.84,27.85,27.86,27.9,27.95,1200,200,3900,300,3200,1300,1300,1500,400,200,100,1000,300,300,300,300,300,300,500,600
391.0,27.79,31100,861691.0,27.74,27.73,27.7,27.69,27.62,27.61,27.6,27.58,27.57,27.53,27.79,27.8,27.81,27.82,27.83,27.84,27.85,27.86,27.9,27.95,1200,200,3900,300,3200,1300,1300,1500,400,200,100,1000,300,300,300,300,300,300,500,600
392.0,27.79,31100,861691.0,27.74,27.73,27.7,27.69,27.62,27.61,27.6,27.58,27.57,27.53,27.79,27.8,27.81,27.82,27.83,27.84,27.85,27.86,27.9,27.95,1200,200,3900,300,3200,1300,1300,1500,400,200,100,1000,300,300,300,300,300,300,500,600
393.0,27.79,31100,861691.0,27.74,27.73,27.7,27.69,27.62,27.61,27.6,27.58,27.57,27.53,27.79,27.8,27.81,27.82,27.83,27.84,27.85,27.86,27.9,27.95,1200,200,3900,300,3200,1300,1300,1500,400,200,100,1000,300,300,300,300,300,300,500,600
394.0,27.79,31100,861691.0,27.74,27.73,27.7,27.69,27.62,27.61,27.6,27.58,27.57,27.53,27.79,27.8,27.81,27.82,27.83,27.84,27.85,27.86,27.9,27.95,1200,200,3900,300,3200,1300,1300,1500,400,200,100,1000,300,300,300,300,300,300,500,600
395.0,27.79,31100,861691.0,27.74,27.73,27.7,27.69,27.62,27.61,27.6,27.58,27.57,27.53,27.79,27.8,27.81,27.82,27.83,27.84,27.85,27.86,27.9,27.95,1200,200,3900,300,3200,1300,1300,1500,400,200,100,1000,300,300,300,300,300,300,500,600
396.0,27.79,31100,861691.0,27.74,27.73,27.7,27.69,27.62,27.61,27.6,27.58,27.57,27.53,27.79,27.8,27.81,27.82,27.83,27.84,27.85,27.86,27.9,27.95,1200,200,3900,300,3200,1300,1300,1500,400,200,100,1000,300,300,300,300,300,300,500,600
397.0,27.79,31100,861691.0,27.74,27.73,27.7,27.69,27.62,27.61,27.6,27.58,27.57,27.53,27.79,27.8,27.81,27.82,27.83,27.84,27.85,27.86,27.9,27.95,1200,200,3900,300,3200,1300,1300,1500,400,200,100,1000,300,300,300,300,300,300,500,600
398.0,27.79,31100,861691.0,27.74,27.73,27.7,27.69,27.62,27.61,27.6,27.58,27.57,27.53,27.79,27.8,27.81,27.82,27.83,27.84,27.85,27.86,27.9,27.95,1200,200,3900,300,3200,1300,1300,1500,400,200,100,1000,300,300,300,300,300,300,500,600
399.0,27.79,31100,861691.0,27.75,27.74,27.73,27.7,27.69,27.62,27.61,27.6,27.58,27.57,27.79,27.8,27.81,27.82,27.83,27.84,27.85,27.86,27.9,27.95,800,1200,200,3900,300,3200,1300,1300,1500,400,100,1000,300,300,300,300,300,300,500,600
400.0,27.79,31100,861691.0,27.75,27.74,27.73,27.7,27.69,27.62,27.61,27.6,27.58,27.57,27.79,27.8,27.81,27.82,27.83,27.84,27.85,27.86,27.9,27.95,800,1200,200,3900,300,3200,1300,1300,1500,400,100,1000,300,300,300,300,300,300,500,600
401.0,27.79,31100,861691.0,27.75,27.74,27.73,27.7,27.69,27.62,27.61,27.6,27.58,27.57,27.79,27.8,27.81,27.82,27.83,27.84,27.85,27.86,27.9,27.95,800,1200,200,3900,300,3200,1300,1300,1500,400,100,1000,300,300,300,300,300,300,500,600
402.0,27.79,31100,861691.0,27.75,27.74,27.73,27.7,27.69,27.62,27.61,27.6,27.58,27.57,27.79,27.8,27.81,27.82,27.83,27.84,27.85,27.86,27.9,27.95,800,1200,200,3900,300,3200,1300,1300,1500,400,100,1000,300,300,300,300,300,300,500,600
403.0,27.79,31100,861691.0,27.75,27.74,27.73,27.7,27.69,27.62,27.61,27.6,27.58,27.57,27.79,27.8,27.81,27.82,27.83,27.84,27.85,27.86,27.9,27.95,800,1200,200,3900,300,3200,1300,1300,1500,400,100,1000,300,300,300,300,300,300,500,600
404.0,27.79,31100,861691.0,27.75,27.74,27.73,27.7,27.69,27.62,27.61,27.6,27.58,27.57,27.79,27.8,27.81,27.82,27.83,27.84,27.85,27.86,27.9,27.95,800,1200,200,3900,300,3200,1300,1300,1500,400,100,1000,300,300,300,300,300,300,500,600
405.0,27.79,31100,861691.0,27.75,27.74,27.73,27.7,27.69,27.62,27.61,27.6,27.58,27.57,27.79,27.8,27.81,27.82,27.83,27.84,27.85,27.86,27.9,27.95,800,1200,200,3900,300,3200,1300,1300,1500,400,100,1000,300,300,300,300,300,300,500,600
406.0,27.79,31100,861691.0,27.75,27.74,27.73,27.7,27.69,27.62,27.61,27.6,27.58,27.57,27.79,27.8,27.81,27.82,27.83,27.84,27.85,27.86,27.9,27.95,800,1200,200,3900,300,3200,1300,1300,1500,400,100,1000,300,300,300,300,300,300,500,600
407.0,27.75,31900,883891.0,27.74,27.73,27.7,27.69,27.62,27.61,27.6,27.58,27.57,27.53,27.79,27.8,27.81,27.82,27.83,27.84,27.85,27.86,27.9,27.95,1200,200,3900,300,3200,1300,1300,1500,200,200,100,900,300,300,300,300,300,300,500,600
408.0,27.75,31900,883891.0,27.74,27.73,27.7,27.69,27.62,27.61,27.6,27.58,27.57,27.53,27.79,27.8,27.81,27.82,27.83,27.84,27.85,27.86,27.9,27.95,1200,200,3900,300,3200,1300,1300,1500,200,200,100,900,300,300,300,300,300,300,500,600
409.0,27.75,31900,883891.0,27.74,27.73,27.7,27.69,27.62,27.61,27.6,27.58,27.57,27.53,27.79,27.8,27.81,27.82,27.83,27.84,27.85,27.86,27.9,27.95,1200,200,3900,300,3200,1300,1300,1500,200,200,100,900,300,300,300,300,300,300,500,600
410.0,27.75,31900,883891.0,27.74,27.73,27.7,27.69,27.62,27.61,27.6,27.58,27.57,27.53,27.79,27.8,27.81,27.82,27.83,27.84,27.85,27.86,27.9,27.95,1200,200,3900,300,3200,1300,1300,1500,200,200,100,900,300,300,300,300,300,300,500,600
411.0,27.75,31900,883891.0,27.74,27.73,27.7,27.69,27.62,27.61,27.6,27.58,27.57,27.53,27.79,27.8,27.81,27.82,27.83,27.84,27.85,27.86,27.9,27.95,1200,200,3900,300,3200,1300,1300,1500,200,200,100,900,300,300,300,300,300,300,500,600
412.0,27.75,31900,883891.0,27.74,27.73,27.7,27.69,27.62,27.61,27.6,27.58,27.57,27.53,27.79,27.8,27.81,27.82,27.83,27.84,27.85,27.86,27.9,27.95,1200,200,3900,300,3200,1300,1300,1500,200,200,100,900,300,300,300,300,300,300,500,600
413.0,27.75,31900,883891.0,27.74,27.73,27.7,27.69,27.62,27.61,27.6,27.58,27.57,27.53,27.79,27.8,27.81,27.82,27.83,27.84,27.85,27.86,27.9,27.95,1200,200,3900,300,3200,1300,1300,1500,200,200,100,900,300,300,300,300,300,300,500,600
414.0,27.75,31900,883891.0,27.74,27.73,27.7,27.69,27.62,27.61,27.6,27.58,27.57,27.53,27.79,27.8,27.81,27.82,27.83,27.84,27.85,27.86,27.9,27.95,1200,200,3900,300,3200,1300,1300,1500,200,200,100,900,300,300,300,300,300,300,500,600
415.0,27.7,37200,1030755.0,27.69,27.62,27.61,27.6,27.58,27.57,27.53,27.52,27.51,27.5,27.74,27.79,27.8,27.81,27.82,27.83,27.84,27.85,27.86,27.9,300,3200,1300,1300,1500,200,200,600,1200,200,700,100,900,300,300,300,300,300,300,500
416.0,27.7,37200,1030755.0,27.69,27.62,27.61,27.6,27.58,27.57,27.53,27.52,27.51,27.5,27.74,27.79,27.8,27.81,27.82,27.83,27.84,27.85,27.86,27.9,300,3200,1300,1300,1500,200,200,600,1200,200,700,100,900,300,300,300,300,300,300,500
417.0,27.69,37500,1039062.0,27.64,27.63,27.62,27.61,27.6,27.58,27.57,27.53,27.52,27.51,27.74,27.79,27.8,27.81,27.82,27.83,27.84,27.85,27.86,27.9,1800,800,3200,1300,1300,1500,200,200,600,1200,700,100,900,300,300,300,300,300,300,500
418.0,27.69,37500,1039062.0,27.64,27.63,27.62,27.61,27.6,27.58,27.57,27.53,27.52,27.51,27.74,27.79,27.8,27.81,27.82,27.83,27.84,27.85,27.86,27.9,1800,800,3200,1300,1300,1500,200,200,600,1200,700,100,900,300,300,300,300,300,300,500
419.0,27.74,37600,1041836.0,27.64,27.62,27.61,27.6,27.58,27.57,27.53,27.52,27.51,27.5,27.74,27.79,27.8,27.81,27.82,27.83,27.84,27.85,27.86,27.9,2000,3200,1300,1300,1500,200,200,600,1200,200,600,100,900,300,300,300,300,300,300,500
420.0,27.74,37600,1041836.0,27.64,27.62,27.61,27.6,27.58,27.57,27.53,27.52,27.51,27.5,27.74,27.79,27.8,27.81,27.82,27.83,27.84,27.85,27.86,27.9,2000,3200,1300,1300,1500,200,200,600,1200,200,600,100,900,300,300,300,300,300,300,500
421.0,27.74,37600,1041836.0,27.65,27.64,27.62,27.61,27.6,27.58,27.57,27.53,27.52,27.51,27.74,27.79,27.8,27.81,27.82,27.83,27.84,27.85,27.86,27.9,400,2100,3200,1300,1300,1500,200,200,600,1200,600,100,900,300,300,300,300,300,300,500
422.0,27.74,37600,1041836.0,27.65,27.64,27.62,27.61,27.6,27.58,27.57,27.53,27.52,27.51,27.74,27.79,27.8,27.81,27.82,27.83,27.84,27.85,27.86,27.9,400,2100,3200,1300,1300,1500,200,200,600,1200,600,100,900,300,300,300,300,300,300,500
423.0,27.74,37600,1041836.0,27.65,27.64,27.62,27.61,27.6,27.58,27.57,27.53,27.52,27.51,27.74,27.79,27.8,27.81,27.82,27.83,27.84,27.85,27.86,27.9,400,2100,3200,1300,1300,1500,200,200,600,1200,600,100,900,300,300,300,300,300,300,500
424.0,27.74,37600,1041836.0,27.65,27.64,27.62,27.61,27.6,27.58,27.57,27.53,27.52,27.51,27.74,27.79,27.8,27.81,27.82,27.83,27.84,27.85,27.86,27.9,400,2100,3200,1300,1300,1500,200,200,600,1200,600,100,800,300,300,300,300,300,300,500
425.0,27.74,37600,1041836.0,27.65,27.64,27.62,27.61,27.6,27.58,27.57,27.53,27.52,27.51,27.74,27.8,27.81,27.82,27.83,27.84,27.85,27.86,27.9,27.95,500,2000,3200,1300,1300,1500,200,200,600,1200,600,800,300,300,300,300,300,300,500,600
426.0,27.74,37600,1041836.0,27.65,27.64,27.62,27.61,27.6,27.58,27.57,27.53,27.52,27.51,27.74,27.8,27.81,27.82,27.83,27.84,27.85,27.86,27.9,27.95,500,2000,3200,1300,1300,1500,200,200,600,1200,600,800,300,300,300,300,300,300,500,600
427.0,27.74,37700,1044610.0,27.66,27.65,27.64,27.62,27.61,27.6,27.58,27.57,27.53,27.52,27.73,27.74,27.8,27.82,27.84,27.86,27.9,27.95,27.97,27.99,1000,1500,2000,3200,1300,1300,1500,200,200,600,200,200,800,300,300,300,500,600,600,100
428.0,27.73,37800,1047383.0,27.66,27.65,27.64,27.62,27.61,27.6,27.58,27.57,27.53,27.52,27.74,27.8,27.82,27.84,27.86,27.9,27.95,27.97,27.99,28.09,1000,1500,2000,3200,1300,1300,1500,200,200,600,200,800,300,300,300,500,600,600,100,1200
429.0,27.74,38000,1052931.0,27.7,27.69,27.68,27.67,27.66,27.65,27.64,27.62,27.61,27.6,27.79,27.8,27.9,27.95,27.97,27.99,28.09,28.18,28.35,28.38,1100,1300,1100,900,1000,2200,2000,3200,1300,1300,200,800,500,600,600,100,1200,800,100,11200
430.0,27.74,38000,1052931.0,27.7,27.69,27.68,27.67,27.66,27.65,27.64,27.62,27.61,27.6,27.79,27.8,27.9,27.95,27.97,27.99,28.09,28.18,28.35,28.38,1100,1300,1100,900,1000,2200,2000,3200,1300,1300,200,800,500,600,600,100,1200,800,100,11200
431.0,27.79,38100,1055710.0,27.71,27.7,27.65,27.64,27.62,27.61,27.6,27.58,27.57,27.53,27.79,27.8,27.9,27.95,27.97,27.99,28.09,28.18,28.35,28.38,1300,800,400,2000,3200,1300,1300,1500,200,200,100,800,500,600,600,100,1200,800,100,11200
432.0,27.79,38100,1055710.0,27.71,27.7,27.65,27.64,27.62,27.61,27.6,27.58,27.57,27.53,27.79,27.8,27.9,27.95,27.97,27.99,28.09,28.18,28.35,28.38,1300,800,400,2000,3200,1300,1300,1500,200,200,100,800,500,600,600,100,1200,800,100,11200
433.0,27.79,38100,1055710.0,27.71,27.7,27.65,27.64,27.62,27.61,27.6,27.58,27.57,27.53,27.79,27.8,27.9,27.95,27.97,27.99,28.09,28.18,28.35,28.38,1300,800,400,2000,3200,1300,1300,1500,200,200,100,800,500,600,600,100,1200,800,100,11200
434.0,27.79,38200,1058489.0,27.71,27.65,27.64,27.62,27.61,27.6,27.58,27.57,27.53,27.52,27.8,27.9,27.95,27.97,27.99,28.09,28.18,28.35,28.38,28.5,2100,400,2000,3200,1300,1300,1500,200,200,600,800,500,600,600,100,1200,800,100,11200,700
