LocalTime,LastPrice,TradeVolume,TradeValue,BidPrice1,BidPrice2,BidPrice3,BidPrice4,BidPrice5,BidPrice6,BidPrice7,BidPrice8,BidPrice9,BidPriceA,AskPrice1,AskPrice2,AskPrice3,AskPrice4,AskPrice5,AskPrice6,AskPrice7,AskPrice8,AskPrice9,AskPriceA,BidVolume1,BidVolume2,BidVolume3,BidVolume4,BidVolume5,BidVolume6,BidVolume7,BidVolume8,BidVolume9,BidVolumeA,AskVolume1,AskVolume2,AskVolume3,AskVolume4,AskVolume5,AskVolume6,AskVolume7,AskVolume8,AskVolume9,AskVolumeA
0.0,9.2,16100,148120.0,9.2,9.19,9.18,9.14,9.13,9.11,9.1,9.09,9.08,9.06,9.22,9.23,9.24,9.25,9.28,9.29,9.3,9.31,9.32,9.33,3200,1700,900,400,1700,2800,9400,3000,1100,20000,2000,9500,1600,6500,1500,2100,27300,13800,1000,16000
1.0,9.2,21400,196881.0,9.19,9.18,9.14,9.13,9.11,9.1,9.09,9.08,9.06,9.05,9.2,9.21,9.22,9.23,9.24,9.25,9.26,9.28,9.29,9.3,1700,900,400,1700,2800,9400,3000,1100,20000,1300,2800,3800,6500,9500,1600,6500,500,11500,2100,27300
2.0,9.21,28200,259481.0,9.2,9.19,9.18,9.14,9.13,9.12,9.11,9.1,9.09,9.08,9.21,9.22,9.23,9.24,9.25,9.26,9.28,9.29,9.3,9.31,3500,1700,900,1800,1700,5000,3300,9800,3000,2100,20300,7000,9500,1600,7900,500,12000,2100,27300,13800
3.0,9.2,35900,330358.0,9.19,9.18,9.15,9.14,9.13,9.12,9.11,9.1,9.09,9.08,9.2,9.21,9.22,9.23,9.24,9.25,9.26,9.28,9.29,9.3,1700,900,3600,1800,2900,9000,13300,9800,3000,2100,300,16600,5000,9500,1600,7900,500,12000,2100,27300
4.0,9.21,42000,386536.0,9.2,9.19,9.18,9.15,9.14,9.13,9.12,9.11,9.1,9.09,9.21,9.22,9.23,9.24,9.25,9.26,9.28,9.29,9.3,9.31,2500,1700,900,3600,1800,3700,9000,13900,8300,3000,11300,5000,9500,1600,7900,500,12000,2100,27300,13800
5.0,9.22,61400,565241.0,9.2,9.19,9.18,9.15,9.14,9.13,9.12,9.11,9.1,9.09,9.22,9.23,9.24,9.25,9.26,9.28,9.29,9.3,9.31,9.32,500,400,900,7400,1800,3700,9000,13900,10300,3200,700,9500,1600,7900,500,14500,2100,27300,13800,1000
6.0,9.18,65400,602019.0,9.15,9.14,9.13,9.12,9.11,9.1,9.09,9.08,9.06,9.05,9.18,9.19,9.22,9.23,9.24,9.25,9.26,9.28,9.29,9.3,7400,1800,3700,9100,13900,10300,3700,3100,20000,2000,1000,4900,6200,9500,7300,67900,500,14500,3100,27300
7.0,9.19,69200,636927.0,9.15,9.14,9.13,9.12,9.11,9.1,9.09,9.08,9.06,9.05,9.19,9.22,9.23,9.24,9.25,9.26,9.28,9.29,9.3,9.31,7400,4200,4700,9100,14900,10300,3700,3100,20000,2000,3700,6300,9500,7300,73900,500,14500,3100,27300,13800
8.0,9.19,71200,655307.0,9.15,9.14,9.13,9.12,9.11,9.1,9.09,9.08,9.06,9.05,9.19,9.22,9.23,9.24,9.25,9.26,9.28,9.29,9.3,9.31,7400,5200,4700,9700,14900,10300,3700,3100,20000,2000,4400,6300,9500,7300,74400,500,14500,3400,27300,13800
9.0,9.19,72900,670930.0,9.15,9.14,9.13,9.12,9.11,9.1,9.09,9.08,9.06,9.05,9.19,9.2,9.22,9.23,9.24,9.25,9.26,9.28,9.29,9.3,8000,7200,4700,10000,14900,10300,3700,3100,20000,1000,2600,800,6300,9500,7800,74400,500,14500,3400,27300
10.0,9.19,73900,680120.0,9.16,9.15,9.14,9.13,9.12,9.11,9.1,9.09,9.08,9.06,9.19,9.2,9.22,9.23,9.24,9.25,9.26,9.28,9.29,9.3,3500,8000,7200,4700,10000,14900,10300,3700,3100,20000,1600,4600,6300,9500,7800,74400,500,14500,3400,27300
11.0,9.15,76900,707601.0,9.15,9.14,9.13,9.12,9.11,9.1,9.09,9.08,9.06,9.05,9.18,9.19,9.2,9.22,9.23,9.24,9.25,9.26,9.28,9.29,6100,7200,4700,10000,14900,10300,3700,3100,20000,1000,300,1300,4600,6300,9500,7800,74400,500,15500,3400
12.0,9.15,76900,707601.0,9.15,9.14,9.13,9.12,9.11,9.1,9.09,9.08,9.06,9.05,9.18,9.19,9.2,9.22,9.23,9.24,9.25,9.26,9.28,9.29,9500,7200,4700,10000,14900,10300,3700,3100,20000,1000,600,1300,4300,6300,9500,7800,74400,500,15500,3400
13.0,9.15,77600,714009.0,9.16,9.15,9.14,9.13,9.12,9.11,9.1,9.09,9.08,9.06,9.18,9.19,9.2,9.22,9.23,9.24,9.25,9.26,9.28,9.29,2200,12100,7200,4700,10000,14900,10300,3700,3100,20000,500,1300,4300,6300,9500,7900,74400,500,15500,3400
14.0,9.17,79900,735143.0,9.18,9.17,9.16,9.15,9.14,9.13,9.12,9.11,9.1,9.09,9.2,9.22,9.23,9.24,9.25,9.26,9.28,9.29,9.3,9.31,100,400,3100,9200,7200,4700,10000,14900,10300,3700,3900,6300,8000,7900,74400,500,15500,3400,27300,13800
15.0,9.17,79900,735143.0,9.18,9.17,9.16,9.15,9.14,9.13,9.12,9.11,9.1,9.09,9.2,9.22,9.23,9.24,9.25,9.26,9.28,9.29,9.3,9.31,100,400,3000,9200,7200,4700,10000,14900,10300,3700,3900,6300,8000,7900,74400,500,15500,3400,27300,13800
16.0,9.17,79900,735143.0,9.18,9.17,9.16,9.15,9.14,9.13,9.12,9.11,9.1,9.09,9.2,9.22,9.23,9.24,9.25,9.26,9.28,9.29,9.3,9.31,100,400,3000,9200,7200,4700,10000,14900,10300,3700,2200,6300,8000,7900,74400,500,15500,3400,27300,13800
17.0,9.17,79900,735143.0,9.19,9.18,9.17,9.16,9.15,9.14,9.13,9.12,9.11,9.1,9.2,9.22,9.23,9.24,9.25,9.26,9.28,9.29,9.3,9.31,600,100,400,3000,9200,7200,4700,10000,14900,10300,2200,6300,8000,7800,74400,500,15500,3400,27300,13800
18.0,9.17,79900,735143.0,9.19,9.18,9.17,9.16,9.15,9.14,9.13,9.12,9.11,9.1,9.2,9.22,9.23,9.24,9.25,9.26,9.28,9.29,9.3,9.31,600,17800,400,3100,9200,7200,4700,10000,14900,10300,2200,6300,8000,7800,74400,500,15500,3400,27300,13800
19.0,9.17,79900,735143.0,9.19,9.18,9.17,9.16,9.15,9.14,9.13,9.12,9.11,9.1,9.2,9.22,9.23,9.24,9.25,9.26,9.28,9.29,9.3,9.31,700,17800,400,3100,5500,7200,4700,10000,14900,10300,2200,6300,8000,7800,74400,500,15500,3400,27300,13800
20.0,9.2,80700,742503.0,9.19,9.18,9.17,9.16,9.15,9.14,9.13,9.12,9.11,9.1,9.2,9.22,9.23,9.24,9.25,9.26,9.28,9.29,9.3,9.31,1300,17800,400,3100,5500,7200,4700,10000,14900,10300,1400,6300,8000,7800,74400,500,15500,3400,27300,13800
21.0,9.2,82100,755383.0,9.2,9.19,9.18,9.17,9.16,9.15,9.14,9.13,9.12,9.11,9.22,9.23,9.24,9.25,9.26,9.28,9.29,9.3,9.31,9.32,5600,4400,17800,400,3100,5500,7600,4700,10000,14900,6300,8000,7800,74400,500,15500,3400,27300,13800,1000
22.0,9.2,82100,755383.0,9.2,9.19,9.18,9.17,9.16,9.15,9.14,9.13,9.12,9.11,9.22,9.23,9.24,9.25,9.26,9.28,9.29,9.3,9.31,9.32,6100,4400,17800,400,3100,5500,7600,4700,10500,14900,6300,8000,7900,74400,500,15500,3400,27300,13800,1000
23.0,9.23,91500,842082.0,9.22,9.21,9.2,9.19,9.18,9.17,9.16,9.15,9.14,9.13,9.23,9.24,9.25,9.26,9.28,9.29,9.3,9.31,9.32,9.33,1100,4100,6100,4700,17800,400,2300,6200,7600,4700,4900,7900,74400,500,15500,3400,27300,13800,1000,19200
24.0,9.23,91500,842082.0,9.22,9.21,9.2,9.19,9.18,9.17,9.16,9.15,9.14,9.13,9.23,9.24,9.25,9.26,9.28,9.29,9.3,9.31,9.32,9.33,1100,4100,6100,4700,17800,500,2300,6200,7600,4700,4900,7900,74400,500,15500,3400,27300,13800,1000,19200
25.0,9.22,92500,851302.0,9.22,9.21,9.2,9.19,9.18,9.17,9.16,9.15,9.14,9.13,9.23,9.24,9.25,9.26,9.28,9.29,9.3,9.31,9.32,9.33,100,4100,6100,4700,17800,500,2300,6200,7600,4700,4900,7900,74400,500,15500,3400,27300,13800,1000,19200
26.0,9.22,92500,851302.0,9.22,9.21,9.2,9.19,9.18,9.17,9.16,9.15,9.14,9.13,9.23,9.24,9.25,9.26,9.28,9.29,9.3,9.31,9.32,9.33,200,4100,6100,4700,17800,500,2000,6200,7600,4700,4900,7900,74400,500,15500,3400,27300,13800,1000,19200
27.0,9.22,92500,851302.0,9.21,9.2,9.19,9.18,9.17,9.16,9.15,9.14,9.13,9.12,9.23,9.24,9.25,9.26,9.28,9.29,9.3,9.31,9.32,9.33,4100,6100,4700,17800,500,2000,6200,7600,4700,10500,4900,12000,74400,500,15500,3400,27300,13800,1000,19200
28.0,9.22,92500,851302.0,9.21,9.2,9.19,9.18,9.17,9.16,9.15,9.14,9.13,9.12,9.23,9.24,9.25,9.26,9.28,9.29,9.3,9.31,9.32,9.33,4100,6100,1500,17800,400,2000,6200,7600,4700,10500,4900,11900,74400,500,15500,3400,27300,13800,1000,19200
29.0,9.23,96200,885453.0,9.22,9.21,9.2,9.19,9.18,9.17,9.16,9.15,9.14,9.13,9.23,9.24,9.25,9.26,9.28,9.29,9.3,9.31,9.32,9.33,100,4100,6100,1500,17800,700,2000,6200,7600,4700,1200,11900,74400,500,15500,3400,27300,13800,1000,19200
30.0,9.23,97200,894683.0,9.22,9.21,9.2,9.19,9.18,9.17,9.16,9.15,9.14,9.13,9.23,9.24,9.25,9.26,9.28,9.29,9.3,9.31,9.32,9.33,200,4100,6100,1500,17800,700,2000,6200,7600,3500,200,11900,74400,500,15500,3400,27300,13800,1000,19200
31.0,9.23,97200,894683.0,9.22,9.21,9.2,9.19,9.18,9.17,9.16,9.15,9.14,9.13,9.23,9.24,9.25,9.26,9.28,9.29,9.3,9.31,9.32,9.33,200,7300,6100,1800,17800,700,2000,6200,7600,3500,200,11900,74400,500,15500,3400,27300,13800,1000,19200
32.0,9.23,97200,894683.0,9.22,9.21,9.2,9.19,9.18,9.17,9.16,9.15,9.14,9.13,9.23,9.24,9.25,9.26,9.28,9.29,9.3,9.31,9.32,9.33,400,7300,5600,1800,17800,700,2000,6200,7600,3500,200,11900,74400,500,15500,3400,27300,13800,1000,19200
33.0,9.23,99900,919604.0,9.22,9.21,9.2,9.19,9.18,9.17,9.16,9.15,9.14,9.13,9.24,9.25,9.26,9.27,9.28,9.29,9.3,9.31,9.32,9.33,400,7300,5600,1800,17800,700,2000,6200,7600,3500,11900,74400,500,300,15500,3400,27300,13800,1000,19200
34.0,9.23,99900,919604.0,9.22,9.21,9.2,9.19,9.18,9.17,9.16,9.15,9.14,9.13,9.24,9.25,9.26,9.27,9.28,9.29,9.3,9.31,9.32,9.33,400,7300,5600,1800,17800,700,2000,6200,7600,3500,11900,74400,500,300,15500,3400,27300,13800,1000,19200
35.0,9.23,100900,928834.0,9.23,9.22,9.21,9.2,9.19,9.18,9.17,9.16,9.15,9.14,9.24,9.25,9.26,9.27,9.28,9.29,9.3,9.31,9.32,9.33,3100,600,7300,5600,1800,17700,700,2000,6200,7600,11900,74400,500,300,15500,3400,27300,13800,1000,19200
36.0,9.23,100900,928834.0,9.23,9.22,9.21,9.2,9.19,9.18,9.17,9.16,9.15,9.14,9.24,9.25,9.26,9.27,9.28,9.29,9.3,9.31,9.32,9.33,3400,600,7300,5600,1800,17700,700,2000,6200,7600,16900,74400,500,300,15500,3400,27300,13800,1000,19200
37.0,9.23,100900,928834.0,9.23,9.22,9.21,9.2,9.19,9.18,9.17,9.16,9.15,9.14,9.24,9.25,9.26,9.27,9.28,9.29,9.3,9.31,9.32,9.33,3400,6600,7300,5600,1800,17700,700,2000,6200,7600,16900,74400,500,300,15500,3400,27300,13800,1000,19200
38.0,9.24,101300,932527.0,9.23,9.22,9.21,9.2,9.19,9.18,9.17,9.16,9.15,9.14,9.24,9.25,9.26,9.27,9.28,9.29,9.3,9.31,9.32,9.33,3100,6600,7300,5600,1800,17700,700,2000,6200,7200,18000,74400,500,300,15500,3400,27300,13800,1000,19200
39.0,9.24,103000,948235.0,9.23,9.22,9.21,9.2,9.19,9.18,9.17,9.16,9.15,9.14,9.24,9.25,9.26,9.27,9.28,9.29,9.3,9.31,9.32,9.33,7100,6600,7300,5600,1800,17700,700,2000,6200,7200,16300,74400,500,300,15500,3400,27300,13800,1000,16200
40.0,9.24,104900,965791.0,9.23,9.22,9.21,9.2,9.19,9.18,9.17,9.16,9.15,9.14,9.24,9.25,9.26,9.28,9.29,9.3,9.31,9.32,9.33,9.34,7100,6600,7300,5600,1800,17700,700,2000,6200,7200,14400,74400,500,15500,3400,36700,13800,1000,16200,9200
41.0,9.23,113400,1044246.0,9.22,9.21,9.2,9.19,9.18,9.17,9.16,9.15,9.14,9.13,9.23,9.24,9.25,9.26,9.28,9.29,9.3,9.31,9.32,9.33,6600,7300,5600,1800,17700,700,2000,6200,7200,3500,14500,14400,74400,800,15500,3400,36700,13800,1000,16200
42.0,9.23,114100,1050707.0,9.22,9.21,9.2,9.19,9.18,9.17,9.16,9.15,9.14,9.13,9.23,9.24,9.25,9.26,9.28,9.29,9.3,9.31,9.32,9.33,6500,7300,5600,1800,17700,700,2000,6200,7200,3500,14300,14400,74400,800,15500,3400,36700,13800,1000,16200
43.0,9.23,114900,1058091.0,9.22,9.21,9.2,9.19,9.18,9.17,9.16,9.15,9.14,9.13,9.23,9.24,9.25,9.26,9.28,9.29,9.3,9.31,9.32,9.33,6500,7300,5600,1800,17700,400,2000,6200,7200,3500,13500,16400,74400,800,15500,3400,36700,13800,1000,16200
44.0,9.23,116300,1071007.0,9.22,9.21,9.2,9.19,9.18,9.17,9.16,9.15,9.14,9.13,9.23,9.24,9.25,9.26,9.28,9.29,9.3,9.31,9.32,9.33,5900,7300,5600,1800,17700,400,2000,6600,7200,3500,12700,16400,74400,800,15500,3400,106700,13800,1000,16200
45.0,9.23,116800,1075622.0,9.22,9.21,9.2,9.19,9.18,9.17,9.16,9.15,9.14,9.13,9.23,9.24,9.25,9.26,9.28,9.29,9.3,9.31,9.32,9.33,5900,7300,5600,1800,17700,400,2000,6600,7200,3500,12200,16400,74400,800,15500,3400,107200,13800,1000,16200
46.0,9.23,118000,1086698.0,9.22,9.21,9.2,9.19,9.18,9.17,9.16,9.15,9.14,9.13,9.23,9.24,9.25,9.26,9.28,9.29,9.3,9.31,9.32,9.33,5900,7300,5600,1800,17700,400,2000,6600,7200,3500,11000,16400,74400,800,15500,3400,107200,13800,1000,16200
47.0,9.23,121100,1115306.0,9.22,9.21,9.2,9.19,9.18,9.17,9.16,9.15,9.14,9.13,9.23,9.24,9.25,9.26,9.28,9.29,9.3,9.31,9.32,9.33,7200,7300,5600,1800,17700,400,2000,6600,7200,3500,8400,16400,74400,500,15500,3400,107200,13800,1000,16200
48.0,9.23,122100,1124536.0,9.22,9.21,9.2,9.19,9.18,9.17,9.16,9.15,9.14,9.13,9.23,9.24,9.25,9.26,9.28,9.29,9.3,9.31,9.32,9.33,7200,7300,5600,1800,17700,400,2000,7600,7200,3500,8200,16400,74400,500,15500,3400,107200,13800,1000,16200
49.0,9.23,122100,1124536.0,9.22,9.21,9.2,9.19,9.18,9.17,9.16,9.15,9.14,9.13,9.23,9.24,9.25,9.26,9.28,9.29,9.3,9.31,9.32,9.33,7200,7300,5900,1800,17700,400,2000,7600,7200,3500,8200,17600,74400,500,15500,3400,107200,13800,1000,16200
50.0,9.23,122900,1131913.0,9.22,9.21,9.2,9.19,9.18,9.17,9.16,9.15,9.14,9.13,9.23,9.24,9.25,9.26,9.28,9.29,9.3,9.31,9.32,9.33,6600,7300,5900,1800,17700,400,2000,7600,7200,3500,8100,17600,74400,5500,15500,3400,107200,13800,1000,16200
51.0,9.23,130600,1202984.0,9.22,9.21,9.2,9.19,9.18,9.17,9.16,9.15,9.14,9.13,9.23,9.24,9.25,9.26,9.28,9.29,9.3,9.31,9.32,9.33,6600,7300,5900,1800,17700,400,2000,7600,7200,3500,400,18900,74400,5500,15500,3400,107200,13800,1000,16200
52.0,9.23,131600,1212214.0,9.22,9.21,9.2,9.19,9.18,9.17,9.16,9.15,9.14,9.13,9.23,9.24,9.25,9.26,9.28,9.29,9.3,9.31,9.32,9.33,6600,7300,5900,1800,17700,400,2000,7600,7200,3500,1400,18900,74400,5500,15500,3400,107200,13800,1000,16200
53.0,9.23,133800,1232512.0,9.23,9.22,9.21,9.2,9.19,9.18,9.17,9.16,9.15,9.14,9.24,9.25,9.26,9.27,9.28,9.29,9.3,9.31,9.32,9.33,1800,5800,7300,5900,1800,17700,400,2000,7600,7200,18900,74400,5500,300,15500,3400,107200,13800,1000,16200
54.0,9.23,133800,1232512.0,9.23,9.22,9.21,9.2,9.19,9.18,9.17,9.16,9.15,9.14,9.24,9.25,9.26,9.27,9.28,9.29,9.3,9.31,9.32,9.33,2500,5800,7300,5900,1800,17700,400,2000,7600,7200,18900,74400,5500,300,15500,3400,107200,13800,1000,16200
55.0,9.23,134300,1237127.0,9.23,9.22,9.21,9.2,9.19,9.18,9.17,9.16,9.15,9.14,9.24,9.25,9.26,9.27,9.28,9.29,9.3,9.31,9.32,9.33,3100,5800,7300,5900,1800,17700,400,2000,7600,7200,18900,74400,5500,300,15500,3400,107200,13800,1000,16200
56.0,9.23,137600,1267586.0,9.22,9.21,9.2,9.19,9.18,9.17,9.16,9.15,9.14,9.13,9.23,9.24,9.25,9.26,9.27,9.28,9.29,9.3,9.31,9.32,5800,7300,5900,2600,17700,400,2000,7600,7200,5100,10400,18900,74400,5500,300,15500,3400,107200,13800,1000
57.0,9.23,148000,1363578.0,9.23,9.22,9.21,9.2,9.19,9.18,9.17,9.16,9.15,9.14,9.24,9.25,9.26,9.27,9.28,9.29,9.3,9.31,9.32,9.33,3600,5800,7300,5900,2600,17700,400,2000,7600,7200,18900,74400,5500,300,15500,8400,107200,13800,1000,16200
58.0,9.23,148000,1363578.0,9.23,9.22,9.21,9.2,9.19,9.18,9.17,9.16,9.15,9.14,9.24,9.25,9.26,9.27,9.28,9.29,9.3,9.31,9.32,9.33,3600,5800,7300,5900,2600,17700,400,2000,7600,7200,18900,74400,5500,300,15500,8400,107200,13800,1000,16200
59.0,9.23,151800,1398652.0,9.23,9.22,9.21,9.2,9.19,9.18,9.17,9.16,9.15,9.14,9.24,9.25,9.26,9.27,9.28,9.29,9.3,9.31,9.32,9.33,2400,5800,7300,5900,2600,17700,400,2000,7600,7200,18900,74400,5500,300,15500,8400,107200,13800,1000,16200
60.0,9.23,151800,1398652.0,9.23,9.22,9.21,9.2,9.19,9.18,9.17,9.16,9.15,9.14,9.24,9.25,9.26,9.27,9.28,9.29,9.3,9.31,9.32,9.33,2400,5800,7300,5900,2600,17700,400,2000,7600,7200,18900,74400,5500,300,15500,8400,107200,13800,1000,16200
61.0,9.23,153800,1417122.0,9.23,9.22,9.21,9.2,9.19,9.18,9.17,9.16,9.15,9.14,9.24,9.25,9.26,9.27,9.28,9.29,9.3,9.31,9.32,9.33,1400,5800,7300,5900,2600,17700,400,2000,7600,7200,17900,74800,5500,300,15500,8400,107200,13800,1000,16200
62.0,9.24,154200,1420817.0,9.23,9.22,9.21,9.2,9.19,9.18,9.17,9.16,9.15,9.14,9.24,9.25,9.26,9.27,9.28,9.29,9.3,9.31,9.32,9.33,2200,5800,7300,5900,2600,17700,400,2000,7600,7200,24000,74800,5500,300,15500,8400,107200,13800,1000,16200
63.0,9.24,154200,1420817.0,9.23,9.22,9.21,9.2,9.19,9.18,9.17,9.16,9.15,9.14,9.24,9.25,9.26,9.27,9.28,9.29,9.3,9.31,9.32,9.33,2200,5800,7300,5900,2600,17700,400,2000,7600,7200,24000,74800,5500,300,15500,8400,107200,13800,1000,16200
64.0,9.24,154700,1425437.0,9.23,9.22,9.21,9.2,9.19,9.18,9.17,9.16,9.15,9.14,9.24,9.25,9.26,9.27,9.28,9.29,9.3,9.31,9.32,9.33,2200,5800,7300,6200,2600,17700,400,2000,7600,7200,23400,74800,5500,300,15500,8400,107200,13800,1000,16200
65.0,9.24,160800,1481793.0,9.23,9.22,9.21,9.2,9.19,9.18,9.17,9.16,9.15,9.14,9.24,9.25,9.26,9.27,9.28,9.29,9.3,9.31,9.32,9.33,2100,5800,7300,6200,5800,17700,400,2000,7600,7200,18100,74800,5500,300,15500,8400,107200,13800,1000,16200
66.0,9.24,161500,1488259.0,9.23,9.22,9.21,9.2,9.19,9.18,9.17,9.16,9.15,9.14,9.24,9.25,9.26,9.27,9.28,9.29,9.3,9.31,9.32,9.33,1900,5800,7300,6200,5800,17700,400,2000,7600,7200,19600,74800,5500,300,15500,8400,107200,13800,1000,16200
67.0,9.24,161500,1488259.0,9.23,9.22,9.21,9.2,9.19,9.18,9.17,9.16,9.15,9.14,9.24,9.25,9.26,9.27,9.28,9.29,9.3,9.31,9.32,9.33,1900,5800,7300,6200,5800,17700,400,2000,7600,7200,19600,75800,5500,300,15500,8400,107200,13800,1000,16200
68.0,9.24,163800,1509501.0,9.23,9.22,9.21,9.2,9.19,9.18,9.17,9.16,9.15,9.14,9.24,9.25,9.26,9.27,9.28,9.29,9.3,9.31,9.32,9.33,2400,5800,7300,6200,5800,17700,400,2000,7600,7200,18300,75800,5500,300,15500,8400,107200,13800,1000,16200
69.0,9.23,164000,1511347.0,9.23,9.22,9.21,9.2,9.19,9.18,9.17,9.16,9.15,9.14,9.24,9.25,9.26,9.27,9.28,9.29,9.3,9.31,9.32,9.33,2200,5800,7300,6200,5800,17700,400,2000,7600,7200,20300,75800,5500,300,15500,8400,107200,13800,1000,16200
70.0,9.23,166200,1531653.0,9.22,9.21,9.2,9.19,9.18,9.17,9.16,9.15,9.14,9.13,9.23,9.24,9.25,9.26,9.27,9.28,9.29,9.3,9.31,9.32,5800,7300,6200,5800,17700,400,2000,7600,7200,5100,700,20300,75800,5500,300,15500,8400,107200,13800,1000
71.0,9.23,168000,1548268.0,9.22,9.21,9.2,9.19,9.18,9.17,9.16,9.15,9.14,9.13,9.23,9.24,9.25,9.26,9.27,9.28,9.29,9.3,9.31,9.32,5800,7300,6200,5800,17700,400,2000,7600,7200,5100,800,20200,75800,5500,300,15500,8400,107200,13800,1000
72.0,9.23,168700,1554724.0,9.22,9.21,9.2,9.19,9.18,9.17,9.16,9.15,9.14,9.13,9.23,9.24,9.25,9.26,9.27,9.28,9.29,9.3,9.31,9.32,5300,7300,6200,5800,17700,400,2000,7600,7200,5100,600,20200,76800,5500,300,15500,8400,107200,13800,1000
73.0,9.23,171600,1581493.0,9.22,9.21,9.2,9.19,9.18,9.17,9.16,9.15,9.14,9.13,9.23,9.24,9.25,9.26,9.27,9.28,9.29,9.3,9.31,9.32,5300,3600,6200,5800,17700,400,2000,7600,7200,5100,900,20000,76800,5500,300,15500,8400,107200,13800,1000
74.0,9.23,171700,1582416.0,9.22,9.21,9.2,9.19,9.18,9.17,9.16,9.15,9.14,9.13,9.23,9.24,9.25,9.26,9.27,9.28,9.29,9.3,9.31,9.32,5300,3600,6200,5800,17700,400,2000,7600,7200,5100,800,20000,76800,5500,300,15500,8400,107200,13800,1000
75.0,9.22,172200,1587026.0,9.22,9.21,9.2,9.19,9.18,9.17,9.16,9.15,9.14,9.13,9.23,9.24,9.25,9.26,9.27,9.28,9.29,9.3,9.31,9.32,4800,3600,6200,5800,17700,400,2000,7600,7200,5100,1700,20000,76800,5500,300,15500,8400,107200,13800,1000
76.0,9.23,172700,1591641.0,9.22,9.21,9.2,9.19,9.18,9.17,9.16,9.15,9.14,9.13,9.23,9.24,9.25,9.26,9.27,9.28,9.29,9.3,9.31,9.32,4800,400,6200,5800,17700,400,2000,7600,7200,5100,2600,20000,76800,5500,300,15500,8400,107200,13800,1000
77.0,9.23,174500,1608246.0,9.22,9.21,9.2,9.19,9.18,9.17,9.16,9.15,9.14,9.13,9.23,9.24,9.25,9.26,9.27,9.28,9.29,9.3,9.31,9.32,3900,400,6200,5800,17700,400,2000,7600,7200,5100,2700,20000,76800,5500,300,15500,8400,107200,13800,1000
78.0,9.22,177900,1639594.0,9.22,9.21,9.2,9.19,9.18,9.17,9.16,9.15,9.14,9.13,9.23,9.24,9.25,9.26,9.27,9.28,9.29,9.3,9.31,9.32,500,300,6200,4100,17700,400,2000,7600,7200,5100,5900,20000,86800,5500,300,15500,8400,107200,13800,1000
79.0,9.23,181500,1672795.0,9.22,9.2,9.19,9.18,9.17,9.16,9.15,9.14,9.13,9.12,9.23,9.24,9.25,9.26,9.27,9.28,9.29,9.3,9.31,9.32,7500,600,4100,17700,400,2000,7600,7200,5100,10500,6000,20300,86800,5500,300,15500,8400,107200,13800,1000
80.0,9.23,181500,1672795.0,9.22,9.2,9.19,9.18,9.17,9.16,9.15,9.14,9.13,9.12,9.23,9.24,9.25,9.26,9.27,9.28,9.29,9.3,9.31,9.32,8900,600,4100,17700,400,2000,7600,7200,5100,10500,14100,20300,86800,5500,300,15500,8400,107200,13800,1000
81.0,9.23,181500,1672795.0,9.22,9.2,9.19,9.18,9.17,9.16,9.15,9.14,9.13,9.12,9.23,9.24,9.25,9.26,9.27,9.28,9.29,9.3,9.31,9.32,8900,600,4100,17700,400,2000,7600,7200,5100,10500,20800,21600,86800,5500,300,15500,8400,107200,13800,1000
82.0,9.22,184000,1695846.0,9.22,9.2,9.19,9.18,9.17,9.16,9.15,9.14,9.13,9.12,9.23,9.24,9.25,9.26,9.27,9.28,9.29,9.3,9.31,9.32,6500,600,4100,17700,400,2000,7600,7200,5100,10500,20700,21700,86800,5500,300,15500,8400,107200,13800,1000
83.0,9.23,206400,1902584.0,9.22,9.2,9.19,9.18,9.17,9.16,9.15,9.14,9.13,9.12,9.23,9.24,9.25,9.26,9.27,9.28,9.29,9.3,9.31,9.32,5100,600,4100,17700,400,2000,7600,7200,5100,10500,3200,21700,86800,5500,300,15500,8400,107200,13800,1000
84.0,9.22,211400,1948684.0,9.22,9.2,9.19,9.18,9.17,9.16,9.15,9.14,9.13,9.12,9.23,9.24,9.25,9.26,9.27,9.28,9.29,9.3,9.31,9.32,100,600,4100,17700,400,2000,7600,7200,5100,10500,3200,21700,86800,5500,300,15500,8400,107200,13800,1000
85.0,9.22,211400,1948684.0,9.22,9.2,9.19,9.18,9.17,9.16,9.15,9.14,9.13,9.12,9.23,9.24,9.25,9.26,9.27,9.28,9.29,9.3,9.31,9.32,100,600,4100,17700,400,2000,7600,7200,5100,10500,3200,21700,86800,5500,300,15500,8400,107200,13800,1000
86.0,9.23,214600,1978220.0,9.23,9.22,9.2,9.19,9.18,9.17,9.16,9.15,9.14,9.13,9.24,9.25,9.26,9.27,9.28,9.29,9.3,9.31,9.32,9.33,3700,4400,600,4100,17700,400,2000,7600,7200,5100,21700,86800,5500,300,15500,8400,107200,13800,1000,16700
87.0,9.23,218400,2013294.0,9.22,9.2,9.19,9.18,9.17,9.16,9.15,9.14,9.13,9.12,9.23,9.24,9.25,9.26,9.27,9.28,9.29,9.3,9.31,9.32,4400,600,4100,17700,400,2000,7600,7200,5100,10500,19800,21700,86800,5500,300,15500,8400,107200,13800,1000
88.0,9.22,219000,2018826.0,9.22,9.2,9.19,9.18,9.17,9.16,9.15,9.14,9.13,9.12,9.23,9.24,9.25,9.26,9.27,9.28,9.29,9.3,9.31,9.32,3800,600,4100,17700,400,2000,7600,7200,5100,10500,19800,23200,86800,5500,300,15500,8400,107200,13800,1000
89.0,9.23,220100,2028972.0,9.22,9.2,9.19,9.18,9.17,9.16,9.15,9.14,9.13,9.12,9.23,9.24,9.25,9.26,9.27,9.28,9.29,9.3,9.31,9.32,3100,600,4100,17700,400,2000,7600,7200,5100,10500,19400,23200,86800,5500,300,15500,8400,107200,13800,1000
90.0,9.23,221200,2039125.0,9.22,9.2,9.19,9.18,9.17,9.16,9.15,9.14,9.13,9.12,9.23,9.24,9.25,9.26,9.27,9.28,9.29,9.3,9.31,9.32,3100,600,4100,17700,400,2000,7600,7200,5100,10500,28300,23200,86800,5500,300,15500,8400,107200,13800,1000
91.0,9.22,221500,2041891.0,9.22,9.2,9.19,9.18,9.17,9.16,9.15,9.14,9.13,9.12,9.23,9.24,9.25,9.26,9.27,9.28,9.29,9.3,9.31,9.32,2800,1600,4100,17700,400,2000,7600,7200,5100,10500,28300,23200,86800,5500,300,15500,8400,107200,13800,1000
92.0,9.22,221500,2041891.0,9.22,9.2,9.19,9.18,9.17,9.16,9.15,9.14,9.13,9.12,9.23,9.24,9.25,9.26,9.27,9.28,9.29,9.3,9.31,9.32,4700,1600,4100,17700,400,2000,7600,7200,5100,10500,28300,23200,86800,5500,300,15500,8400,107200,13800,1000
93.0,9.22,230000,2120298.0,9.2,9.19,9.18,9.17,9.16,9.15,9.14,9.13,9.12,9.11,9.22,9.23,9.24,9.25,9.26,9.27,9.28,9.29,9.3,9.31,1600,4100,17700,400,2000,7600,7200,5100,10500,18100,600,24600,23200,86800,5500,300,15500,8400,107200,13800
94.0,9.22,230400,2123986.0,9.2,9.19,9.18,9.17,9.16,9.15,9.14,9.13,9.12,9.11,9.22,9.23,9.24,9.25,9.26,9.27,9.28,9.29,9.3,9.31,1600,4100,17700,400,2000,7600,7200,5100,10500,18100,200,24600,23200,86800,5500,300,15500,8400,107200,13800
95.0,9.23,235800,2173823.0,9.22,9.2,9.19,9.18,9.17,9.16,9.15,9.14,9.13,9.12,9.23,9.24,9.25,9.26,9.27,9.28,9.29,9.3,9.31,9.32,700,1500,3500,17700,400,2000,7600,7200,5100,10500,19500,23200,86800,5500,300,15500,8400,106700,13800,1000
96.0,9.23,236900,2183976.0,9.22,9.21,9.2,9.19,9.18,9.17,9.16,9.15,9.14,9.13,9.23,9.24,9.25,9.26,9.27,9.28,9.29,9.3,9.31,9.32,700,1100,1500,3500,17700,400,2000,7600,7200,5100,18400,24000,86800,5500,300,15500,8400,106700,13800,1000
97.0,9.23,241900,2230126.0,9.22,9.21,9.2,9.19,9.18,9.17,9.16,9.15,9.14,9.13,9.23,9.24,9.25,9.26,9.27,9.28,9.29,9.3,9.31,9.32,700,1100,1500,3500,17700,400,2000,7600,7200,5100,13400,24000,86800,5500,300,15500,8400,106700,13800,1000
98.0,9.23,242600,2236587.0,9.22,9.21,9.2,9.19,9.18,9.17,9.16,9.15,9.14,9.13,9.23,9.24,9.25,9.26,9.27,9.28,9.29,9.3,9.31,9.32,1600,1100,1500,3500,17700,400,2000,7600,7200,5100,12700,24000,86800,5500,300,15500,8400,106700,13800,1000
99.0,9.22,244200,2251339.0,9.21,9.2,9.19,9.18,9.17,9.16,9.15,9.14,9.13,9.12,9.22,9.23,9.24,9.25,9.26,9.27,9.28,9.29,9.3,9.31,1100,1500,3500,17700,400,2000,7600,7200,5100,10500,2400,12700,24000,86800,5500,300,15500,8400,106700,13800
100.0,9.21,244400,2253181.0,9.21,9.2,9.19,9.18,9.17,9.16,9.15,9.14,9.13,9.12,9.22,9.23,9.24,9.25,9.26,9.27,9.28,9.29,9.3,9.31,2200,1500,3500,17700,400,2000,7600,7200,5100,10500,2400,12700,24000,86800,5500,300,15500,8400,106700,13800
101.0,9.23,252700,2329766.0,9.22,9.21,9.2,9.19,9.18,9.17,9.16,9.15,9.14,9.13,9.23,9.24,9.25,9.26,9.27,9.28,9.29,9.3,9.31,9.32,3100,2200,1500,3500,17700,400,2000,7600,7200,5100,6800,24000,86800,5500,300,15500,8400,106700,13800,1000
102.0,9.23,256000,2360222.0,9.22,9.21,9.2,9.19,9.18,9.17,9.16,9.15,9.14,9.13,9.23,9.24,9.25,9.26,9.27,9.28,9.29,9.3,9.31,9.32,3800,2200,1500,3500,17700,400,2000,7600,7200,5100,3800,24000,86800,5500,300,16300,8400,106700,13800,1000
103.0,9.22,260000,2397106.0,9.22,9.21,9.2,9.19,9.18,9.17,9.16,9.15,9.14,9.13,9.23,9.24,9.25,9.26,9.27,9.28,9.29,9.3,9.31,9.32,200,2200,1300,3500,17700,400,2000,7600,7200,5100,3400,24700,86800,5500,2300,16300,8400,106700,13800,1000
104.0,9.23,261600,2411874.0,9.22,9.21,9.2,9.19,9.18,9.17,9.16,9.15,9.14,9.13,9.23,9.24,9.25,9.26,9.27,9.28,9.29,9.3,9.31,9.32,900,2200,1300,3500,17700,400,2000,7600,7200,5100,1800,24700,86800,5500,2300,16300,8400,106700,13800,1000
105.0,9.22,262200,2417407.0,9.22,9.21,9.2,9.19,9.18,9.17,9.16,9.15,9.14,9.13,9.23,9.24,9.25,9.26,9.27,9.28,9.29,9.3,9.31,9.32,400,2200,1300,3500,17700,400,4000,7600,7200,5100,1700,24700,86800,5500,2300,16300,8400,106700,13800,1000
106.0,9.22,262200,2417407.0,9.22,9.21,9.2,9.19,9.18,9.17,9.16,9.15,9.14,9.13,9.23,9.24,9.25,9.26,9.27,9.28,9.29,9.3,9.31,9.32,400,2200,1300,3500,17700,400,4000,7600,7200,5100,4200,24700,86800,5500,2300,16500,8400,106700,13800,1000
107.0,9.22,262200,2417407.0,9.22,9.21,9.2,9.19,9.18,9.17,9.16,9.15,9.14,9.13,9.23,9.24,9.25,9.26,9.27,9.28,9.29,9.3,9.31,9.32,1800,2200,1300,3500,17700,400,4000,7600,7200,5100,8500,24700,86800,5500,2300,16500,8400,106700,13800,1000
108.0,9.22,262300,2418329.0,9.22,9.21,9.2,9.19,9.18,9.17,9.16,9.15,9.14,9.13,9.23,9.24,9.25,9.26,9.27,9.28,9.29,9.3,9.31,9.32,2000,2200,1300,3500,17700,400,4000,7600,7200,5100,8500,22700,86800,5500,2300,16500,8400,106700,13800,1000
109.0,9.22,262300,2418329.0,9.22,9.21,9.2,9.19,9.18,9.17,9.16,9.15,9.14,9.13,9.23,9.24,9.25,9.26,9.27,9.28,9.29,9.3,9.31,9.32,2000,2200,1300,3500,17700,400,4000,7600,7200,5100,8500,21400,86800,5500,2300,16500,8400,106700,13800,1000
110.0,9.22,262400,2419251.0,9.22,9.21,9.2,9.19,9.18,9.17,9.16,9.15,9.14,9.13,9.23,9.24,9.25,9.26,9.27,9.28,9.29,9.3,9.31,9.32,2200,2200,1300,3500,17700,400,4000,7600,7200,5100,9000,21400,86800,5500,2300,16500,8400,106700,13800,1000
111.0,9.22,262400,2419251.0,9.22,9.21,9.2,9.19,9.18,9.17,9.16,9.15,9.14,9.13,9.23,9.24,9.25,9.26,9.27,9.28,9.29,9.3,9.31,9.32,2200,5400,1300,3500,17700,400,4000,7600,7200,5100,9000,21400,86800,5500,2300,16500,8400,106700,13800,1000
112.0,9.23,264400,2437705.0,9.22,9.21,9.2,9.19,9.18,9.17,9.16,9.15,9.14,9.13,9.23,9.24,9.25,9.26,9.27,9.28,9.29,9.3,9.31,9.32,1600,5400,1300,3500,17700,400,4000,7600,7200,5100,7600,21400,86800,5500,2300,16500,8400,106700,13800,1000
113.0,9.23,264400,2437705.0,9.22,9.21,9.2,9.19,9.18,9.17,9.16,9.15,9.14,9.13,9.23,9.24,9.25,9.26,9.27,9.28,9.29,9.3,9.31,9.32,3200,5400,1300,3500,17700,400,4000,7600,7200,5100,7600,21400,86800,5500,2300,16500,8400,106700,13800,1000
114.0,9.23,264400,2437705.0,9.22,9.21,9.2,9.19,9.18,9.17,9.16,9.15,9.14,9.13,9.23,9.24,9.25,9.26,9.27,9.28,9.29,9.3,9.31,9.32,3200,5400,1300,3500,17700,400,4000,7600,7200,5100,8900,21400,86800,5500,2300,16500,8400,106700,13800,1000
115.0,9.22,264700,2440471.0,9.22,9.21,9.2,9.19,9.18,9.17,9.16,9.15,9.14,9.13,9.23,9.24,9.25,9.26,9.27,9.28,9.29,9.3,9.31,9.32,2900,5400,1300,3500,17700,400,4000,7600,7200,5100,11600,21400,86800,5500,2300,16500,8400,106700,13800,1000
116.0,9.23,267600,2467238.0,9.22,9.21,9.2,9.19,9.18,9.17,9.16,9.15,9.14,9.13,9.23,9.24,9.25,9.26,9.27,9.28,9.29,9.3,9.31,9.32,2900,5400,1300,3500,17700,400,4000,7600,7200,5100,8700,21400,86800,5500,2300,16500,8400,106700,13800,1000
117.0,9.23,267600,2467238.0,9.22,9.21,9.2,9.19,9.18,9.17,9.16,9.15,9.14,9.13,9.23,9.24,9.25,9.26,9.27,9.28,9.29,9.3,9.31,9.32,3100,5400,1300,3500,17700,400,4000,7600,7200,5100,8700,21400,86800,5500,2300,16500,8400,107200,13800,1000
118.0,9.23,268700,2477391.0,9.22,9.21,9.2,9.19,9.18,9.17,9.16,9.15,9.14,9.13,9.23,9.24,9.25,9.26,9.27,9.28,9.29,9.3,9.31,9.32,3100,5400,1300,3500,17700,400,4100,7600,7200,5100,7600,21400,86800,5500,2300,16500,8400,107200,13800,1000
119.0,9.23,269700,2486618.0,9.22,9.21,9.2,9.19,9.18,9.17,9.16,9.15,9.14,9.13,9.23,9.24,9.25,9.26,9.27,9.28,9.29,9.3,9.31,9.32,3100,5400,1300,3500,17700,400,4100,7600,7200,5100,6900,21400,86800,5500,2300,16500,8400,107200,13800,1000
120.0,9.23,269700,2486618.0,9.22,9.21,9.2,9.19,9.18,9.17,9.16,9.15,9.14,9.13,9.23,9.24,9.25,9.26,9.27,9.28,9.29,9.3,9.31,9.32,3100,5400,1300,3500,17700,400,4100,7600,7200,5100,6900,21400,86800,5500,2300,16500,8400,107200,13800,1000
121.0,9.23,269700,2486618.0,9.22,9.21,9.2,9.19,9.18,9.17,9.16,9.15,9.14,9.13,9.23,9.24,9.25,9.26,9.27,9.28,9.29,9.3,9.31,9.32,3100,5400,1300,600,17700,400,4100,8100,7200,5100,6900,21400,86800,5500,2300,16500,8400,107200,13800,1000
122.0,9.22,270000,2489384.0,9.22,9.21,9.2,9.19,9.18,9.17,9.16,9.15,9.14,9.13,9.23,9.24,9.25,9.26,9.27,9.28,9.29,9.3,9.31,9.32,3000,5400,1300,1800,17700,400,2100,8100,7200,5100,6900,21400,86800,5500,2300,16500,8400,107200,13800,1000
123.0,9.23,273600,2522606.0,9.22,9.21,9.2,9.19,9.18,9.17,9.16,9.15,9.14,9.13,9.23,9.24,9.25,9.26,9.27,9.28,9.29,9.3,9.31,9.32,2400,5400,1300,1800,17700,400,2100,8100,7200,5100,3900,21400,86800,5500,2300,16500,8400,107200,13800,1000
124.0,9.23,273600,2522606.0,9.22,9.21,9.2,9.19,9.18,9.17,9.16,9.15,9.14,9.13,9.23,9.24,9.25,9.26,9.27,9.28,9.29,9.3,9.31,9.32,2400,5400,1300,1800,17700,400,2100,8100,7200,5100,3900,21400,86800,5500,2300,16500,8400,107200,13800,1000
125.0,9.24,278900,2571535.0,9.23,9.22,9.21,9.2,9.19,9.18,9.17,9.16,9.15,9.14,9.24,9.25,9.26,9.27,9.28,9.29,9.3,9.31,9.32,9.33,18200,2500,5400,1300,1800,17700,400,2100,8100,7200,20200,86800,5500,2300,16500,8400,107200,13800,1000,16700
126.0,9.24,288200,2657404.0,9.23,9.22,9.21,9.2,9.19,9.18,9.17,9.16,9.15,9.14,9.24,9.25,9.26,9.27,9.28,9.29,9.3,9.31,9.32,9.33,11900,2500,5400,1300,1800,17700,400,2100,8100,7200,17200,86800,5500,2000,16500,8400,107200,13800,1000,16700
127.0,9.23,300200,2768178.0,9.23,9.22,9.21,9.2,9.19,9.18,9.17,9.16,9.15,9.14,9.24,9.25,9.26,9.27,9.28,9.29,9.3,9.31,9.32,9.33,1300,2500,5400,1300,1800,17700,400,2100,8100,7200,15800,86800,5500,2000,16500,8400,107200,13800,1000,16700
128.0,9.23,300200,2768178.0,9.23,9.22,9.21,9.2,9.19,9.18,9.17,9.16,9.15,9.14,9.24,9.25,9.26,9.27,9.28,9.29,9.3,9.31,9.32,9.33,4800,3500,5400,1300,1800,17700,400,2100,8100,7200,15800,86800,5500,2000,16500,8400,107200,13800,1000,16700
129.0,9.23,300600,2771870.0,9.23,9.22,9.21,9.2,9.19,9.18,9.17,9.16,9.15,9.14,9.24,9.25,9.26,9.27,9.28,9.29,9.3,9.31,9.32,9.33,5900,5300,5400,1300,1800,17700,400,2100,8100,7200,15800,86800,5500,2300,16500,8400,107200,13800,1000,16700
130.0,9.23,300600,2771870.0,9.23,9.22,9.21,9.2,9.19,9.18,9.17,9.16,9.15,9.14,9.24,9.25,9.26,9.27,9.28,9.29,9.3,9.31,9.32,9.33,7700,5300,5400,1300,1800,17700,400,2100,8100,7200,15800,86800,5500,2300,16500,8400,107200,13800,1000,16700
131.0,9.24,302400,2788502.0,9.23,9.22,9.21,9.2,9.19,9.18,9.17,9.16,9.15,9.14,9.24,9.25,9.26,9.27,9.28,9.29,9.3,9.31,9.32,9.33,7300,5300,5400,1300,1800,17700,400,2100,8100,7200,14000,86800,5500,2300,16500,8400,107200,13800,1000,16700
132.0,9.23,303100,2794963.0,9.23,9.22,9.21,9.2,9.19,9.18,9.17,9.16,9.15,9.14,9.24,9.25,9.26,9.27,9.28,9.29,9.3,9.31,9.32,9.33,6600,5300,5400,1300,1800,17700,400,2100,8100,7200,14000,86800,5500,2300,16500,8400,107200,13800,1000,16700
133.0,9.23,303800,2801424.0,9.23,9.22,9.21,9.2,9.19,9.18,9.17,9.16,9.15,9.14,9.24,9.25,9.26,9.27,9.28,9.29,9.3,9.31,9.32,9.33,6000,5300,5400,1300,1800,17700,400,2100,8100,7200,14000,86800,5500,2300,16500,8400,107200,13800,1000,16700
134.0,9.25,389500,3594009.0,9.23,9.22,9.21,9.2,9.19,9.18,9.17,9.16,9.15,9.14,9.25,9.26,9.27,9.28,9.29,9.3,9.31,9.32,9.33,9.34,7500,5300,5400,1300,1800,17700,400,2100,8100,7200,15100,5500,2300,16500,11400,107200,13800,1000,16700,9200
135.0,9.24,402100,3710509.0,9.24,9.23,9.22,9.21,9.2,9.19,9.18,9.17,9.16,9.15,9.25,9.26,9.27,9.28,9.29,9.3,9.31,9.32,9.33,9.34,4100,7200,5300,5400,1300,300,19700,400,100,8100,8200,5500,2000,16500,11400,107200,13800,1000,16700,9200
136.0,9.25,407200,3757637.0,9.24,9.23,9.22,9.21,9.2,9.19,9.18,9.17,9.16,9.15,9.25,9.26,9.27,9.28,9.29,9.3,9.31,9.32,9.33,9.34,7200,7500,5300,5400,1300,300,19700,400,100,8100,7500,5500,2000,16500,11400,107200,13800,1000,16700,9200
137.0,9.24,408700,3771502.0,9.24,9.23,9.22,9.21,9.2,9.19,9.18,9.17,9.16,9.15,9.25,9.26,9.27,9.28,9.29,9.3,9.31,9.32,9.33,9.34,21200,8000,5300,5400,1300,300,19700,400,100,8100,7000,5500,2000,16500,11400,107200,13800,1000,16700,9200
138.0,9.25,409800,3781677.0,9.24,9.23,9.22,9.21,9.2,9.19,9.18,9.17,9.16,9.15,9.25,9.26,9.27,9.28,9.29,9.3,9.31,9.32,9.33,9.34,21200,8000,4300,5400,1300,300,19700,400,100,7300,5900,6000,2000,16500,11400,107200,13800,1000,16700,9200
139.0,9.25,413000,3811267.0,9.24,9.23,9.22,9.21,9.2,9.19,9.18,9.17,9.16,9.15,9.25,9.26,9.27,9.28,9.29,9.3,9.31,9.32,9.33,9.34,20200,6900,4100,5400,1300,300,19700,400,100,7300,3700,6000,2000,16500,11400,107200,13800,1200,16700,9200
140.0,9.26,418900,3865864.0,9.25,9.24,9.23,9.22,9.21,9.2,9.19,9.18,9.17,9.16,9.26,9.27,9.28,9.29,9.3,9.31,9.32,9.33,9.34,9.35,1500,20200,5600,2800,5400,1300,300,19700,400,100,3800,2000,16500,11400,107200,13800,1200,16700,9200,39500
141.0,9.25,420900,3884364.0,9.25,9.24,9.23,9.22,9.21,9.2,9.19,9.18,9.17,9.16,9.26,9.27,9.28,9.29,9.3,9.31,9.32,9.33,9.34,9.35,900,20200,5600,2800,5400,1300,300,19700,400,100,3800,2000,16500,11400,107200,13800,1200,16700,9200,39500
142.0,9.25,420900,3884364.0,9.25,9.24,9.23,9.22,9.21,9.2,9.19,9.18,9.17,9.16,9.26,9.27,9.28,9.29,9.3,9.31,9.32,9.33,9.34,9.35,1200,20200,5600,2800,5400,1300,300,19700,400,100,3800,2000,16500,11400,107200,13800,1200,16700,9200,39500
143.0,9.26,421600,3890844.0,9.25,9.24,9.23,9.22,9.21,9.2,9.19,9.18,9.17,9.16,9.26,9.27,9.28,9.29,9.3,9.31,9.32,9.33,9.34,9.35,7900,22200,5600,2800,5400,1300,300,19700,400,100,3300,2000,16500,11600,107200,13800,1200,16700,9200,39500
144.0,9.26,421600,3890844.0,9.25,9.24,9.23,9.22,9.21,9.2,9.19,9.18,9.17,9.16,9.26,9.27,9.28,9.29,9.3,9.31,9.32,9.33,9.34,9.35,14500,23700,5600,2800,5400,1300,300,19700,400,100,3300,2000,16500,11600,107200,13800,1200,16700,9200,39500
145.0,9.26,422900,3902882.0,9.25,9.24,9.23,9.22,9.21,9.2,9.19,9.18,9.17,9.16,9.26,9.27,9.28,9.29,9.3,9.31,9.32,9.33,9.34,9.35,15400,23700,5600,2600,5400,1300,300,19700,400,100,2000,2000,18600,11600,107200,13800,1200,16700,9200,39500
146.0,9.25,423900,3912132.0,9.25,9.24,9.23,9.22,9.21,9.2,9.19,9.18,9.17,9.16,9.26,9.27,9.28,9.29,9.3,9.31,9.32,9.33,9.34,9.35,14800,23700,5600,2600,2200,1300,300,19700,400,100,2000,2000,18600,11600,107200,13800,1200,16700,9200,39500
147.0,9.25,426200,3933407.0,9.25,9.24,9.23,9.22,9.21,9.2,9.19,9.18,9.17,9.16,9.26,9.27,9.28,9.29,9.3,9.31,9.32,9.33,9.34,9.35,16100,23700,5600,2600,2200,1300,300,19700,400,100,2000,2300,18600,11600,107200,13800,1200,16700,9200,39500
148.0,9.25,427200,3942657.0,9.25,9.24,9.23,9.22,9.21,9.2,9.19,9.18,9.17,9.16,9.26,9.27,9.28,9.29,9.3,9.31,9.32,9.33,9.34,9.35,15100,23700,5600,2600,2200,1300,300,19700,400,100,2000,2300,18600,11600,107200,13800,1200,16700,9200,39500
149.0,9.26,428000,3950065.0,9.25,9.24,9.23,9.22,9.21,9.2,9.19,9.18,9.17,9.16,9.26,9.27,9.28,9.29,9.3,9.31,9.32,9.33,9.34,9.35,15200,23700,5600,2600,2200,1300,300,19700,400,100,1200,2300,18600,11600,107200,13800,1200,16700,9200,39500
150.0,9.26,431200,3979677.0,9.26,9.25,9.24,9.23,9.22,9.21,9.2,9.19,9.18,9.17,9.27,9.28,9.29,9.3,9.31,9.32,9.33,9.34,9.35,9.36,8100,13200,23700,5600,2600,2200,1300,300,19700,400,2300,18600,11600,107200,13800,1200,16700,9200,39500,13500
151.0,9.26,432200,3988937.0,9.26,9.25,9.24,9.23,9.22,9.21,9.2,9.19,9.18,9.17,9.27,9.28,9.29,9.3,9.31,9.32,9.33,9.34,9.35,9.36,7100,15400,23700,5600,2600,2200,1300,300,19700,400,3600,18600,11600,107200,13800,1200,16700,9200,39500,13500
152.0,9.27,434700,4012112.0,9.26,9.25,9.24,9.23,9.22,9.21,9.2,9.19,9.18,9.17,9.27,9.28,9.29,9.3,9.31,9.32,9.33,9.34,9.35,9.36,8900,15400,23700,5600,2600,2200,1300,300,19700,400,1100,18600,11600,107200,13800,1200,16700,9200,39500,13500
153.0,9.27,436600,4029717.0,9.26,9.25,9.24,9.23,9.22,9.21,9.2,9.19,9.18,9.17,9.28,9.29,9.3,9.31,9.32,9.33,9.34,9.35,9.36,9.37,10700,15200,23700,5600,2600,2200,1300,300,19700,400,18600,11400,107200,13800,1200,16700,9200,39500,13500,50500
154.0,9.26,439900,4060275.0,9.26,9.25,9.24,9.23,9.22,9.21,9.2,9.19,9.18,9.17,9.27,9.28,9.29,9.3,9.31,9.32,9.33,9.34,9.35,9.36,8400,15200,23700,5600,2300,2200,1300,300,19700,400,5900,18600,11600,107200,13800,1200,16700,9200,39500,13500
155.0,9.27,440600,4066764.0,9.26,9.25,9.24,9.23,9.22,9.21,9.2,9.19,9.18,9.17,9.27,9.28,9.29,9.3,9.31,9.32,9.33,9.34,9.35,9.36,7900,16300,23700,5600,2300,2200,1300,300,19700,400,5200,17900,11600,107200,13800,1200,16700,9200,39500,17500
156.0,9.27,446600,4122370.0,9.26,9.25,9.24,9.23,9.22,9.21,9.2,9.19,9.18,9.17,9.27,9.28,9.29,9.3,9.31,9.32,9.33,9.34,9.35,9.36,6500,16100,23700,5600,2300,2200,1300,300,19700,400,1100,17900,12700,107200,13800,1200,16700,9200,39500,17500
157.0,9.26,447600,4131630.0,9.26,9.25,9.24,9.23,9.22,9.21,9.2,9.19,9.18,9.17,9.27,9.28,9.29,9.3,9.31,9.32,9.33,9.34,9.35,9.36,8700,16100,23700,5600,2300,2200,1300,300,19700,400,2100,17900,12700,107200,13800,1200,16700,9200,39500,17500
158.0,9.27,447700,4132557.0,9.26,9.25,9.24,9.23,9.22,9.21,9.2,9.19,9.18,9.17,9.27,9.28,9.29,9.3,9.31,9.32,9.33,9.34,9.35,9.36,11400,15700,23700,5600,2300,2200,1300,300,19700,400,2000,17900,12700,107200,13800,1200,16700,9200,39500,17500
159.0,9.27,449900,4152934.0,9.26,9.25,9.24,9.23,9.22,9.21,9.2,9.19,9.18,9.17,9.27,9.28,9.29,9.3,9.31,9.32,9.33,9.34,9.35,9.36,9700,15700,23700,5600,2300,2200,1300,300,19700,400,1500,17900,12700,107200,13800,1200,16700,9200,39500,19200
160.0,9.28,452800,4179813.0,9.26,9.25,9.24,9.23,9.22,9.21,9.2,9.19,9.18,9.17,9.28,9.29,9.3,9.31,9.32,9.33,9.34,9.35,9.36,9.37,8800,15700,23700,5600,2300,2200,1300,300,19700,400,17400,12700,107200,13800,1200,16700,9200,39500,19200,50500
161.0,9.28,453700,4188165.0,9.26,9.25,9.24,9.23,9.22,9.21,9.2,9.19,9.18,9.17,9.28,9.29,9.3,9.31,9.32,9.33,9.34,9.35,9.36,9.37,11100,15700,23700,5700,2300,2200,1300,300,19700,400,18100,13900,107200,13800,1200,16700,9200,39500,19200,50500
162.0,9.28,455700,4206725.0,9.27,9.26,9.25,9.24,9.23,9.22,9.21,9.2,9.19,9.18,9.28,9.29,9.3,9.31,9.32,9.33,9.34,9.35,9.36,9.37,400,13800,15700,23700,5700,2300,5200,1300,300,19700,18800,13900,107200,13800,1200,16700,9200,39500,19200,50500
163.0,9.28,455700,4206725.0,9.27,9.26,9.25,9.24,9.23,9.22,9.21,9.2,9.19,9.18,9.28,9.29,9.3,9.31,9.32,9.33,9.34,9.35,9.36,9.37,400,20200,15700,24000,5700,800,5200,1300,300,19700,18800,12600,107200,13800,1200,16700,9200,39500,19200,50500
164.0,9.27,459400,4241024.0,9.26,9.25,9.24,9.23,9.22,9.21,9.2,9.19,9.18,9.17,9.27,9.28,9.29,9.3,9.31,9.32,9.33,9.34,9.35,9.36,20200,17600,24000,5700,800,5200,1300,300,19700,400,1600,18800,12600,107200,13800,1200,16700,9200,39700,19200
165.0,9.27,459600,4242878.0,9.26,9.25,9.24,9.23,9.22,9.21,9.2,9.19,9.18,9.17,9.27,9.28,9.29,9.3,9.31,9.32,9.33,9.34,9.35,9.36,20700,17600,24000,5700,800,5200,1300,300,19700,400,1400,18800,15600,107200,13800,1200,16700,9200,39700,19200
166.0,9.28,462200,4266992.0,9.26,9.25,9.24,9.23,9.22,9.21,9.2,9.19,9.18,9.17,9.28,9.29,9.3,9.31,9.32,9.33,9.34,9.35,9.36,9.37,20700,26200,24000,5700,800,5200,1300,300,19700,400,17600,15600,107200,13800,1200,16700,9200,39700,19200,50500
167.0,9.26,463200,4276252.0,9.27,9.26,9.25,9.24,9.23,9.22,9.21,9.2,9.19,9.18,9.28,9.29,9.3,9.31,9.32,9.33,9.34,9.35,9.36,9.37,900,22300,26200,24000,5700,800,5200,2500,300,19700,20200,15600,107200,13800,1200,16700,9200,39700,19200,50500
168.0,9.27,464300,4286449.0,9.26,9.25,9.24,9.23,9.22,9.21,9.2,9.19,9.18,9.17,9.27,9.28,9.29,9.3,9.31,9.32,9.33,9.34,9.35,9.36,22300,26200,24000,5700,800,5200,2500,300,19700,400,1600,20200,15600,107200,13800,1200,16700,9200,39700,19200
169.0,9.28,469200,4331905.0,9.27,9.26,9.25,9.24,9.23,9.22,9.21,9.2,9.19,9.18,9.28,9.29,9.3,9.31,9.32,9.33,9.34,9.35,9.36,9.37,700,19100,26200,24000,5700,800,5200,2500,300,19700,16900,15600,107200,13800,1200,16700,9200,39700,19200,50500
170.0,9.27,469800,4337467.0,9.27,9.26,9.25,9.24,9.23,9.22,9.21,9.2,9.19,9.18,9.28,9.29,9.3,9.31,9.32,9.33,9.34,9.35,9.36,9.37,2000,19100,26200,24000,5700,800,5200,2500,300,19700,17000,15600,36700,13800,1200,16700,9200,39700,19200,50500
171.0,9.27,469800,4337467.0,9.27,9.26,9.25,9.24,9.23,9.22,9.21,9.2,9.19,9.18,9.28,9.29,9.3,9.31,9.32,9.33,9.34,9.35,9.36,9.37,2000,19100,26200,24000,5700,800,5200,2500,300,19700,17000,15600,36700,13800,1200,16700,9200,39700,19200,50500
172.0,9.27,469800,4337467.0,9.27,9.26,9.25,9.24,9.23,9.22,9.21,9.2,9.19,9.18,9.28,9.29,9.3,9.31,9.32,9.33,9.34,9.35,9.36,9.37,2000,19100,28200,24000,5700,800,5200,2500,300,19700,17000,15600,36700,13800,1200,16700,9200,39700,19200,50500
173.0,9.28,470200,4341179.0,9.27,9.26,9.25,9.24,9.23,9.22,9.21,9.2,9.19,9.18,9.28,9.29,9.3,9.31,9.32,9.33,9.34,9.35,9.36,9.37,2000,19500,28200,24000,5700,800,5200,2500,300,19700,16600,15600,44700,13800,1200,16700,9200,39700,19200,50500
174.0,9.28,477700,4410777.0,9.27,9.26,9.25,9.24,9.23,9.22,9.21,9.2,9.19,9.18,9.28,9.29,9.3,9.31,9.32,9.33,9.34,9.35,9.36,9.37,3200,19500,25100,24000,5700,800,5200,2500,300,19700,9600,15600,44700,13800,1200,16700,9200,39700,19200,50500
175.0,9.27,480500,4436733.0,9.27,9.26,9.25,9.24,9.23,9.22,9.21,9.2,9.19,9.18,9.28,9.29,9.3,9.31,9.32,9.33,9.34,9.35,9.36,9.37,400,19500,25100,24000,5700,800,5200,2500,300,19700,10600,15600,44700,13800,1200,16700,9200,39700,19200,50500
176.0,9.28,482100,4451581.0,9.27,9.26,9.25,9.24,9.23,9.22,9.21,9.2,9.19,9.18,9.28,9.29,9.3,9.31,9.32,9.33,9.34,9.35,9.36,9.37,1600,19500,25100,24000,5700,800,5200,4500,300,19700,9000,15600,44700,13800,1200,16700,9200,39700,19200,50500
177.0,9.28,482300,4453436.0,9.27,9.26,9.25,9.24,9.23,9.22,9.21,9.2,9.19,9.18,9.28,9.29,9.3,9.31,9.32,9.33,9.34,9.35,9.36,9.37,1500,19500,25100,24000,5700,800,5200,4500,300,19700,11100,15600,44700,13800,1200,16700,9200,39700,19200,50500
178.0,9.28,484400,4472923.0,9.27,9.26,9.25,9.24,9.23,9.22,9.21,9.2,9.19,9.18,9.28,9.29,9.3,9.31,9.32,9.33,9.34,9.35,9.36,9.37,1400,19500,24300,24000,5700,800,5200,4500,300,19700,9100,15600,44700,13800,1200,16700,9200,39700,19200,50500
179.0,9.28,485700,4484987.0,9.27,9.26,9.25,9.24,9.23,9.22,9.21,9.2,9.19,9.18,9.28,9.29,9.3,9.31,9.32,9.33,9.34,9.35,9.36,9.37,1400,19500,24300,24000,5200,800,5200,4500,300,19700,7800,15600,45200,13800,1200,16700,9200,39700,19200,50500
180.0,9.27,485800,4485914.0,9.27,9.26,9.25,9.24,9.23,9.22,9.21,9.2,9.19,9.18,9.28,9.29,9.3,9.31,9.32,9.33,9.34,9.35,9.36,9.37,1300,19500,24300,24000,5200,800,5200,4500,300,19700,8300,15600,45200,13800,1200,16700,9200,39700,19200,50500
181.0,9.28,486800,4495194.0,9.27,9.26,9.25,9.24,9.23,9.22,9.21,9.2,9.19,9.18,9.28,9.29,9.3,9.31,9.32,9.33,9.34,9.35,9.36,9.37,1700,19400,22200,24000,5200,800,5200,4500,300,19700,8900,15600,45200,13800,1200,16700,9200,39700,19200,50500
182.0,9.27,491900,4542474.0,9.26,9.25,9.24,9.23,9.22,9.21,9.2,9.19,9.18,9.17,9.27,9.28,9.29,9.3,9.31,9.32,9.33,9.34,9.35,9.36,19400,22700,24000,5600,800,5200,4500,300,19700,400,2900,8600,15600,46200,13800,1200,16700,9200,39700,19200
183.0,9.26,492900,4551734.0,9.26,9.25,9.24,9.23,9.22,9.21,9.2,9.19,9.18,9.17,9.27,9.28,9.29,9.3,9.31,9.32,9.33,9.34,9.35,9.36,18400,22700,24000,5600,800,5200,4500,300,19700,400,2900,8600,15600,46200,13800,1200,16700,9200,39700,19200
184.0,9.27,493600,4558223.0,9.26,9.25,9.24,9.23,9.22,9.21,9.2,9.19,9.18,9.17,9.27,9.28,9.29,9.3,9.31,9.32,9.33,9.34,9.35,9.36,18400,22700,24000,6200,800,5200,4500,300,19700,400,6100,8600,19300,46200,13800,1500,16700,9200,39700,19200
185.0,9.26,494600,4567483.0,9.26,9.25,9.24,9.23,9.22,9.21,9.2,9.19,9.18,9.17,9.27,9.28,9.29,9.3,9.31,9.32,9.33,9.34,9.35,9.36,17400,22700,24000,6200,800,5200,4500,300,19700,400,6100,8600,19300,46200,13800,1500,16700,9200,39300,19200
186.0,9.26,494600,4567483.0,9.26,9.25,9.24,9.23,9.22,9.21,9.2,9.19,9.18,9.17,9.27,9.28,9.29,9.3,9.31,9.32,9.33,9.34,9.35,9.36,17400,22700,24000,6200,800,5200,4500,300,19700,400,6100,8600,19300,46200,13800,1500,16700,9200,39300,19200
187.0,9.27,499500,4612896.0,9.26,9.25,9.24,9.23,9.22,9.21,9.2,9.19,9.18,9.17,9.27,9.28,9.29,9.3,9.31,9.32,9.33,9.34,9.35,9.36,16400,22700,24000,6200,800,5200,4500,300,19700,400,4200,8600,19300,46200,13800,1500,16700,9300,37200,21500
188.0,9.27,500000,4617531.0,9.26,9.25,9.24,9.23,9.22,9.21,9.2,9.19,9.18,9.17,9.27,9.28,9.29,9.3,9.31,9.32,9.33,9.34,9.35,9.36,18000,22700,24000,6200,800,5200,4500,300,19700,400,3700,12300,19300,46200,13800,1500,16700,9300,37200,21500
189.0,9.26,501000,4626798.0,9.26,9.25,9.24,9.23,9.22,9.21,9.2,9.19,9.18,9.17,9.27,9.28,9.29,9.3,9.31,9.32,9.33,9.34,9.35,9.36,17700,22700,24000,6200,800,5200,4500,300,19700,400,3000,26500,21300,46200,13800,1500,16700,9300,37200,21500
190.0,9.27,505000,4663868.0,9.27,9.26,9.25,9.24,9.23,9.22,9.21,9.2,9.19,9.18,9.28,9.29,9.3,9.31,9.32,9.33,9.34,9.35,9.36,9.37,4700,16700,22700,24000,6200,800,5200,4500,300,19700,26500,21300,46200,13800,1500,16700,9300,37200,21500,50500
191.0,9.27,505700,4670357.0,9.27,9.26,9.25,9.24,9.23,9.22,9.21,9.2,9.19,9.18,9.28,9.29,9.3,9.31,9.32,9.33,9.34,9.35,9.36,9.37,4600,16700,22700,24000,6200,800,5200,4500,300,19700,26500,21300,46200,13800,1500,16700,9300,37200,21500,50500
192.0,9.28,508100,4692625.0,9.27,9.26,9.25,9.24,9.23,9.22,9.21,9.2,9.19,9.18,9.28,9.29,9.3,9.31,9.32,9.33,9.34,9.35,9.36,9.37,8400,16700,22700,24000,6200,800,5200,4500,300,19700,24500,21300,46200,13800,1500,16700,9300,37200,21500,50500
193.0,9.28,511100,4720441.0,9.27,9.26,9.25,9.24,9.23,9.22,9.21,9.2,9.19,9.18,9.28,9.29,9.3,9.31,9.32,9.33,9.34,9.35,9.36,9.37,6000,16700,22700,24000,6200,800,5200,4500,300,19700,24500,21300,46200,13800,1500,16700,9300,37200,21500,50500
194.0,9.28,511100,4720441.0,9.27,9.26,9.25,9.24,9.23,9.22,9.21,9.2,9.19,9.18,9.28,9.29,9.3,9.31,9.32,9.33,9.34,9.35,9.36,9.37,6000,16700,22700,24000,6200,800,5200,4500,300,19700,26400,21400,46200,13800,1500,16700,9300,37200,21500,50500
195.0,9.27,513200,4739908.0,9.27,9.26,9.25,9.24,9.23,9.22,9.21,9.2,9.19,9.18,9.28,9.29,9.3,9.31,9.32,9.33,9.34,9.35,9.36,9.37,4700,16700,22700,24000,6200,800,5200,4500,300,19700,26400,21400,46200,13800,1500,16700,9300,37200,21500,50500
196.0,9.27,513600,4743616.0,9.27,9.26,9.25,9.24,9.23,9.22,9.21,9.2,9.19,9.18,9.28,9.29,9.3,9.31,9.32,9.33,9.34,9.35,9.36,9.37,4300,16700,22700,24000,6200,800,5200,4500,300,19700,26400,21400,46200,13800,1500,16700,9300,37200,21500,50500
197.0,9.28,514700,4753820.0,9.27,9.26,9.25,9.24,9.23,9.22,9.21,9.2,9.19,9.18,9.28,9.29,9.3,9.31,9.32,9.33,9.34,9.35,9.36,9.37,7700,16700,22700,24000,6200,800,5200,4500,300,19700,25700,21400,46200,13800,6500,16700,9300,37200,21500,50500
198.0,9.28,514700,4753820.0,9.27,9.26,9.25,9.24,9.23,9.22,9.21,9.2,9.19,9.18,9.28,9.29,9.3,9.31,9.32,9.33,9.34,9.35,9.36,9.37,7700,16700,22700,24000,6200,800,5200,4500,300,19700,25700,21400,47200,13800,6500,16700,9300,37200,21500,50500
199.0,9.28,516900,4774229.0,9.27,9.26,9.25,9.24,9.23,9.22,9.21,9.2,9.19,9.18,9.28,9.29,9.3,9.31,9.32,9.33,9.34,9.35,9.36,9.37,12100,16700,22700,22500,6200,800,5200,4500,300,19700,24200,21400,47200,13800,6800,16700,9300,37200,21500,50500
200.0,9.28,519700,4800203.0,9.27,9.26,9.25,9.24,9.23,9.22,9.21,9.2,9.19,9.18,9.28,9.29,9.3,9.31,9.32,9.33,9.34,9.35,9.36,9.37,11100,16700,22700,22500,6200,800,5200,4500,300,19700,22400,21400,47200,13800,6800,16700,9300,37200,21500,50500
201.0,9.28,520600,4808555.0,9.27,9.26,9.25,9.24,9.23,9.22,9.21,9.2,9.19,9.18,9.28,9.29,9.3,9.31,9.32,9.33,9.34,9.35,9.36,9.37,11200,16700,22700,22500,6200,800,5200,4500,300,19700,21500,21400,47200,13800,6800,16700,9300,37200,21500,50500
202.0,9.28,521500,4816907.0,9.27,9.26,9.25,9.24,9.23,9.22,9.21,9.2,9.19,9.18,9.28,9.29,9.3,9.31,9.32,9.33,9.34,9.35,9.36,9.37,11200,16700,22700,22500,6200,800,5200,4500,300,19700,20600,21400,47200,13800,6800,16700,9300,37200,21500,50500
203.0,9.28,524700,4846593.0,9.27,9.26,9.25,9.24,9.23,9.22,9.21,9.2,9.19,9.18,9.28,9.29,9.3,9.31,9.32,9.33,9.34,9.35,9.36,9.37,11000,16700,22700,22500,6200,800,5200,4500,300,19700,18400,21400,47200,13800,6800,16700,9300,37200,21500,50500
204.0,9.28,525000,4849377.0,9.27,9.26,9.25,9.24,9.23,9.22,9.21,9.2,9.19,9.18,9.28,9.29,9.3,9.31,9.32,9.33,9.34,9.35,9.36,9.37,11000,16700,22700,22500,6200,800,5200,4500,300,19700,18100,21400,47200,13800,6800,16700,9300,37200,21500,50500
205.0,9.27,534700,4939297.0,9.27,9.26,9.25,9.24,9.23,9.22,9.21,9.2,9.19,9.18,9.28,9.29,9.3,9.31,9.32,9.33,9.34,9.35,9.36,9.37,1400,16700,22700,22500,6200,800,5200,4500,300,19700,18000,21400,47200,13800,6800,16700,9300,37200,21500,50500
206.0,9.28,535100,4943008.0,9.27,9.26,9.25,9.24,9.23,9.22,9.21,9.2,9.19,9.18,9.28,9.29,9.3,9.31,9.32,9.33,9.34,9.35,9.36,9.37,1300,16700,22700,22500,6200,800,5200,4500,300,19700,17700,21400,47200,13800,6800,16700,9300,37200,21500,50500
207.0,9.27,535200,4943935.0,9.27,9.26,9.25,9.24,9.23,9.22,9.21,9.2,9.19,9.18,9.28,9.29,9.3,9.31,9.32,9.33,9.34,9.35,9.36,9.37,1300,16700,22700,22500,6200,800,5200,4500,300,19700,17700,32500,47200,13800,6800,16700,9300,37200,21500,50500
208.0,9.27,538900,4978214.0,9.27,9.26,9.25,9.24,9.23,9.22,9.21,9.2,9.19,9.18,9.28,9.29,9.3,9.31,9.32,9.33,9.34,9.35,9.36,9.37,600,14700,7500,22500,6200,800,5200,4500,300,19700,17700,32500,47200,13800,6800,16700,9300,37200,21500,50500
209.0,9.27,542400,5010659.0,9.27,9.26,9.25,9.24,9.23,9.22,9.21,9.2,9.19,9.18,9.28,9.29,9.3,9.31,9.32,9.33,9.34,9.35,9.36,9.37,8000,14700,7500,22500,6200,800,5200,4500,300,19700,17700,40500,47200,13800,6800,16700,9300,37200,21500,50500
210.0,9.27,543200,5018075.0,9.27,9.26,9.25,9.24,9.23,9.22,9.21,9.2,9.19,9.18,9.28,9.29,9.3,9.31,9.32,9.33,9.34,9.35,9.36,9.37,10500,14700,7100,22500,6200,800,5200,4500,300,19700,17700,40500,47200,13800,6800,16700,10300,42400,21500,50500
211.0,9.27,543700,5022710.0,9.27,9.26,9.25,9.24,9.23,9.22,9.21,9.2,9.19,9.18,9.28,9.29,9.3,9.31,9.32,9.33,9.34,9.35,9.36,9.37,10000,14700,8100,22500,6200,800,5200,4500,300,19700,17700,40500,47200,13800,6800,16700,10300,42400,21500,50500
212.0,9.27,544100,5026418.0,9.27,9.26,9.25,9.24,9.23,9.22,9.21,9.2,9.19,9.18,9.28,9.29,9.3,9.31,9.32,9.33,9.34,9.35,9.36,9.37,9600,14700,8900,22500,6200,800,5200,4500,300,19700,20700,40500,47200,13800,6800,16700,10300,42400,21500,50500
213.0,9.28,545200,5036626.0,9.27,9.26,9.25,9.24,9.23,9.22,9.21,9.2,9.19,9.18,9.28,9.29,9.3,9.31,9.32,9.33,9.34,9.35,9.36,9.37,9600,14700,8900,22500,6200,800,5200,4500,300,19700,23200,40500,47700,13800,6800,16700,10300,42200,21500,50500
214.0,9.27,547000,5053312.0,9.27,9.26,9.25,9.24,9.23,9.22,9.21,9.2,9.19,9.18,9.28,9.29,9.3,9.31,9.32,9.33,9.34,9.35,9.36,9.37,7800,14700,8900,22500,6200,800,5200,4500,300,19700,23200,40600,47700,13800,6800,16700,10300,42200,21500,50500
215.0,9.27,547700,5059801.0,9.27,9.26,9.25,9.24,9.23,9.22,9.21,9.2,9.19,9.18,9.28,9.29,9.3,9.31,9.32,9.33,9.34,9.35,9.36,9.37,8200,14300,8900,22500,6200,800,5200,4500,300,19700,23200,40600,47700,13800,6800,16700,10300,42200,21500,50500
216.0,9.27,547700,5059801.0,9.27,9.26,9.25,9.24,9.23,9.22,9.21,9.2,9.19,9.18,9.28,9.29,9.3,9.31,9.32,9.33,9.34,9.35,9.36,9.37,8700,14300,8900,22500,6200,800,5200,4500,300,19700,28200,40600,47700,13800,6800,16700,10300,42200,21500,50500
217.0,9.27,549400,5075560.0,9.27,9.26,9.25,9.24,9.23,9.22,9.21,9.2,9.19,9.18,9.28,9.29,9.3,9.31,9.32,9.33,9.34,9.35,9.36,9.37,7000,14300,8900,22500,6200,800,5200,4500,300,19700,28200,40600,47700,13800,6800,16700,10300,42200,21500,50500
218.0,9.27,551400,5094110.0,9.27,9.26,9.25,9.24,9.23,9.22,9.21,9.2,9.19,9.18,9.28,9.29,9.3,9.31,9.32,9.33,9.34,9.35,9.36,9.37,6000,14300,8900,22500,6200,800,5200,4500,300,19700,27200,40600,47700,13800,6800,16700,10300,42200,21500,50500
219.0,9.27,551400,5094110.0,9.27,9.26,9.25,9.24,9.23,9.22,9.21,9.2,9.19,9.18,9.28,9.29,9.3,9.31,9.32,9.33,9.34,9.35,9.36,9.37,6000,14300,8900,22500,6200,800,5200,4500,300,19700,27200,40600,47700,13800,6800,16700,10300,42200,21500,50500
220.0,9.27,551400,5094110.0,9.27,9.26,9.25,9.24,9.23,9.22,9.21,9.2,9.19,9.18,9.28,9.29,9.3,9.31,9.32,9.33,9.34,9.35,9.36,9.37,6400,14300,8900,22500,6200,800,5200,4500,300,19700,27200,40600,47700,13800,6800,16700,10300,42200,21500,50500
221.0,9.27,552600,5105234.0,9.27,9.26,9.25,9.24,9.23,9.22,9.21,9.2,9.19,9.18,9.28,9.29,9.3,9.31,9.32,9.33,9.34,9.35,9.36,9.37,5500,14300,8900,27500,6200,800,5200,4500,300,19700,28200,42600,47700,13800,6800,16700,10500,42200,21500,50500
222.0,9.27,554300,5120993.0,9.27,9.26,9.25,9.24,9.23,9.22,9.21,9.2,9.19,9.18,9.28,9.29,9.3,9.31,9.32,9.33,9.34,9.35,9.36,9.37,3800,14300,8900,27500,6200,800,5200,4500,300,19700,28800,42600,47700,13800,6800,22700,10500,42200,21500,50500
223.0,9.27,554300,5120993.0,9.27,9.26,9.25,9.24,9.23,9.22,9.21,9.2,9.19,9.18,9.28,9.29,9.3,9.31,9.32,9.33,9.34,9.35,9.36,9.37,4300,14300,8900,27500,6200,800,5200,4500,300,19700,30800,42600,50700,13800,6800,22700,10500,42200,21500,50500
224.0,9.27,558600,5160854.0,9.26,9.25,9.24,9.23,9.22,9.21,9.2,9.19,9.18,9.17,9.27,9.28,9.29,9.3,9.31,9.32,9.33,9.34,9.35,9.36,14300,8100,27500,6200,800,5200,4500,300,19700,400,10400,37800,42600,50700,13800,6800,22700,10500,42200,21500
225.0,9.27,559900,5172895.0,9.26,9.25,9.24,9.23,9.22,9.21,9.2,9.19,9.18,9.17,9.27,9.28,9.29,9.3,9.31,9.32,9.33,9.34,9.35,9.36,13300,8100,27500,6200,800,5200,4500,300,19700,400,11700,37800,42600,50200,13800,6800,22700,10500,42200,21500
226.0,9.27,559900,5172895.0,9.26,9.25,9.24,9.23,9.22,9.21,9.2,9.19,9.18,9.17,9.27,9.28,9.29,9.3,9.31,9.32,9.33,9.34,9.35,9.36,13300,6900,27500,6200,800,5200,4500,300,19700,400,11700,37800,42600,50200,13800,6800,22700,10500,42200,21500
227.0,9.27,562200,5194216.0,9.26,9.25,9.24,9.23,9.22,9.21,9.2,9.19,9.18,9.17,9.27,9.28,9.29,9.3,9.31,9.32,9.33,9.34,9.35,9.36,13300,6900,27500,6200,800,5200,4500,300,19700,400,9400,37800,42600,50200,13800,6800,22700,10500,37200,21500
228.0,9.27,566600,5234973.0,9.26,9.25,9.24,9.23,9.22,9.21,9.2,9.19,9.18,9.17,9.27,9.28,9.29,9.3,9.31,9.32,9.33,9.34,9.35,9.36,10200,6900,27500,6200,800,5200,4500,300,19700,400,8100,37800,42600,50200,13800,6800,22700,10500,37200,21500
229.0,9.27,570200,5268335.0,9.26,9.25,9.24,9.23,9.22,9.21,9.2,9.19,9.18,9.17,9.27,9.28,9.29,9.3,9.31,9.32,9.33,9.34,9.35,9.36,9200,6900,27500,6200,800,5200,4500,300,19700,400,5500,37800,42600,50200,13800,6800,22700,10500,37200,21500
230.0,9.27,570200,5268335.0,9.26,9.25,9.24,9.23,9.22,9.21,9.2,9.19,9.18,9.17,9.27,9.28,9.29,9.3,9.31,9.32,9.33,9.34,9.35,9.36,9200,6900,27500,6200,800,5200,4500,300,19700,400,9500,38800,42600,50200,13800,7700,22700,10500,37200,21500
231.0,9.26,571100,5276669.0,9.26,9.25,9.24,9.23,9.22,9.21,9.2,9.19,9.18,9.17,9.27,9.28,9.29,9.3,9.31,9.32,9.33,9.34,9.35,9.36,8300,6900,27500,6200,800,5200,4500,300,19700,400,15500,39000,42600,50200,13800,7700,22700,14500,37200,21500
232.0,9.27,584200,5398106.0,9.26,9.25,9.24,9.23,9.22,9.21,9.2,9.19,9.18,9.17,9.27,9.28,9.29,9.3,9.31,9.32,9.33,9.34,9.35,9.36,8300,7800,27500,6200,800,5200,4500,300,19700,400,7600,39000,42600,50200,13800,7700,22700,14500,37200,21500
233.0,9.27,585200,5407376.0,9.26,9.25,9.24,9.23,9.22,9.21,9.2,9.19,9.18,9.17,9.27,9.28,9.29,9.3,9.31,9.32,9.33,9.34,9.35,9.36,8300,5900,27500,6200,800,5200,4500,300,19700,400,17700,39000,42600,50200,13800,7700,22700,14800,37200,21500
234.0,9.27,585200,5407376.0,9.26,9.25,9.24,9.23,9.22,9.21,9.2,9.19,9.18,9.17,9.27,9.28,9.29,9.3,9.31,9.32,9.33,9.34,9.35,9.36,8300,5900,27500,6200,800,5200,4500,300,19700,400,17700,40000,42600,50300,13800,7700,22700,14600,37200,21500
235.0,9.26,586000,5414784.0,9.26,9.25,9.24,9.23,9.22,9.21,9.2,9.19,9.18,9.17,9.27,9.28,9.29,9.3,9.31,9.32,9.33,9.34,9.35,9.36,7500,5900,27500,6200,800,5200,4500,300,19700,400,17700,40000,42600,50300,14200,7700,22700,14600,38200,21500
236.0,9.27,588000,5433317.0,9.26,9.25,9.24,9.23,9.22,9.21,9.2,9.19,9.18,9.17,9.27,9.28,9.29,9.3,9.31,9.32,9.33,9.34,9.35,9.36,9800,5900,27500,6200,800,5200,4500,300,19700,400,18100,41200,42600,50300,14200,7700,22700,14600,38200,21500
237.0,9.26,590700,5458319.0,9.26,9.25,9.24,9.23,9.22,9.21,9.2,9.19,9.18,9.17,9.27,9.28,9.29,9.3,9.31,9.32,9.33,9.34,9.35,9.36,7100,5900,27500,6200,800,5200,4500,300,19700,400,20200,41200,42600,50300,14200,7700,22700,14600,38200,21500
238.0,9.27,591900,5469436.0,9.26,9.25,9.24,9.23,9.22,9.21,9.2,9.19,9.18,9.17,9.27,9.28,9.29,9.3,9.31,9.32,9.33,9.34,9.35,9.36,6400,5900,27500,6200,800,5200,4500,300,19700,400,20200,41200,42600,55300,14200,7700,22700,14600,38200,21500
239.0,9.27,591900,5469436.0,9.26,9.25,9.24,9.23,9.22,9.21,9.2,9.19,9.18,9.17,9.27,9.28,9.29,9.3,9.31,9.32,9.33,9.34,9.35,9.36,6400,6200,27500,6200,800,5200,4500,300,19700,400,20200,41200,42600,55300,14200,7700,22700,14600,38200,21500
240.0,9.26,593100,5480548.0,9.26,9.25,9.24,9.23,9.22,9.21,9.2,9.19,9.18,9.17,9.27,9.28,9.29,9.3,9.31,9.32,9.33,9.34,9.35,9.36,5400,6300,27500,6200,800,5200,4500,300,19700,400,20200,41200,42600,55300,14200,7700,22700,14600,38200,21500
241.0,9.26,594000,5488882.0,9.26,9.25,9.24,9.23,9.22,9.21,9.2,9.19,9.18,9.17,9.27,9.28,9.29,9.3,9.31,9.32,9.33,9.34,9.35,9.36,4500,6300,27500,6200,800,5200,4500,300,19700,400,20200,41200,42600,55300,14200,7700,22700,14600,38200,21500
242.0,9.26,594000,5488882.0,9.26,9.25,9.24,9.23,9.22,9.21,9.2,9.19,9.18,9.17,9.27,9.28,9.29,9.3,9.31,9.32,9.33,9.34,9.35,9.36,5200,6300,27500,6200,800,5200,4500,300,19700,400,20200,41200,42600,55300,14200,8700,22700,14600,38200,21500
243.0,9.26,594000,5488882.0,9.26,9.25,9.24,9.23,9.22,9.21,9.2,9.19,9.18,9.17,9.27,9.28,9.29,9.3,9.31,9.32,9.33,9.34,9.35,9.36,5200,6300,27500,6200,800,5200,4500,300,19700,400,27500,42200,42600,55300,14200,8700,22700,14600,38200,21500
244.0,9.26,595200,5499994.0,9.26,9.25,9.24,9.23,9.22,9.21,9.2,9.19,9.18,9.17,9.27,9.28,9.29,9.3,9.31,9.32,9.33,9.34,9.35,9.36,4000,6300,27500,6200,800,5200,4500,300,19700,400,27500,42200,42600,56300,14200,8700,22700,14600,38200,21500
245.0,9.26,595800,5505550.0,9.26,9.25,9.24,9.23,9.22,9.21,9.2,9.19,9.18,9.17,9.27,9.28,9.29,9.3,9.31,9.32,9.33,9.34,9.35,9.36,3400,6300,27500,6200,800,5200,4500,300,19700,400,27500,42200,42600,58300,14200,8700,22700,14600,38200,21500
246.0,9.26,595800,5505550.0,9.26,9.25,9.24,9.23,9.22,9.21,9.2,9.19,9.18,9.17,9.27,9.28,9.29,9.3,9.31,9.32,9.33,9.34,9.35,9.36,3400,6300,27500,6200,800,5200,4500,300,19700,400,39700,42200,42600,58300,14200,8700,22700,14600,38200,21500
247.0,9.27,596100,5508331.0,9.26,9.25,9.24,9.23,9.22,9.21,9.2,9.19,9.18,9.17,9.27,9.28,9.29,9.3,9.31,9.32,9.33,9.34,9.35,9.36,3400,6300,27500,6200,800,5200,4500,300,19700,400,39400,42200,43600,58300,14200,8700,22700,14600,38200,21500
248.0,9.26,596400,5511109.0,9.26,9.25,9.24,9.23,9.22,9.21,9.2,9.19,9.18,9.17,9.27,9.28,9.29,9.3,9.31,9.32,9.33,9.34,9.35,9.36,3300,6300,27500,6200,800,5200,4500,300,19700,400,40200,42200,43600,58300,14200,8700,22700,14600,38200,21500
249.0,9.27,603900,5580634.0,9.26,9.25,9.24,9.23,9.22,9.21,9.2,9.19,9.18,9.17,9.27,9.28,9.29,9.3,9.31,9.32,9.33,9.34,9.35,9.36,3300,6300,27500,6200,800,5200,4500,300,19700,400,32700,42200,43600,58300,14200,8700,22700,14600,42700,21500
250.0,9.27,603900,5580634.0,9.26,9.25,9.24,9.23,9.22,9.21,9.2,9.19,9.18,9.17,9.27,9.28,9.29,9.3,9.31,9.32,9.33,9.34,9.35,9.36,3300,6300,27500,6200,800,5200,4500,300,19700,400,32700,42200,43600,58300,14200,8700,22700,14600,43700,21500
251.0,9.26,604500,5586190.0,9.26,9.25,9.24,9.23,9.22,9.21,9.2,9.19,9.18,9.17,9.27,9.28,9.29,9.3,9.31,9.32,9.33,9.34,9.35,9.36,2700,6300,27500,6200,800,5200,4500,300,19700,400,32700,42200,43600,58300,14200,8700,22700,14600,43700,21500
252.0,9.26,605000,5590820.0,9.26,9.25,9.24,9.23,9.22,9.21,9.2,9.19,9.18,9.17,9.27,9.28,9.29,9.3,9.31,9.32,9.33,9.34,9.35,9.36,2200,6300,27500,6200,800,5200,4500,300,19700,400,32700,42200,43600,58300,14200,8700,22700,14600,43700,21500
253.0,9.27,628500,5808665.0,9.26,9.25,9.24,9.23,9.22,9.21,9.2,9.19,9.18,9.17,9.27,9.28,9.29,9.3,9.31,9.32,9.33,9.34,9.35,9.36,2400,6300,27500,6200,800,5200,4500,300,19700,400,9200,42200,43600,50300,14200,8700,22700,14600,43700,21500
254.0,9.27,631900,5840181.0,9.26,9.25,9.24,9.23,9.22,9.21,9.2,9.19,9.18,9.17,9.27,9.28,9.29,9.3,9.31,9.32,9.33,9.34,9.35,9.36,2300,6300,27500,6200,800,5200,4500,300,19700,400,8100,42200,43600,50300,14200,8700,22700,14600,43700,21500
255.0,9.27,636500,5882823.0,9.26,9.25,9.24,9.23,9.22,9.21,9.2,9.19,9.18,9.17,9.27,9.28,9.29,9.3,9.31,9.32,9.33,9.34,9.35,9.36,2300,7300,27500,6200,800,5200,4500,300,19700,400,4300,42200,43600,50300,14200,8700,22700,14600,43700,21500
256.0,9.27,637800,5894874.0,9.26,9.25,9.24,9.23,9.22,9.21,9.2,9.19,9.18,9.17,9.27,9.28,9.29,9.3,9.31,9.32,9.33,9.34,9.35,9.36,6800,7300,27900,6200,800,5200,11500,300,19700,400,3000,42000,43600,50300,14200,8700,22700,14600,43700,21500
257.0,9.28,675400,6243772.0,9.27,9.26,9.25,9.24,9.23,9.22,9.21,9.2,9.19,9.18,9.28,9.29,9.3,9.31,9.32,9.33,9.34,9.35,9.36,9.37,3500,6800,7300,27900,6200,800,5200,11500,300,19700,14100,43600,50300,14200,8700,22700,14600,43700,21500,55500
258.0,9.28,679700,6283670.0,9.27,9.26,9.25,9.24,9.23,9.22,9.21,9.2,9.19,9.18,9.28,9.29,9.3,9.31,9.32,9.33,9.34,9.35,9.36,9.37,2900,6800,8300,27900,6200,800,5200,11500,300,19700,10400,43600,50300,14200,8700,22700,14600,43700,21500,55500
259.0,9.28,680100,6287382.0,9.27,9.26,9.25,9.24,9.23,9.22,9.21,9.2,9.19,9.18,9.28,9.29,9.3,9.31,9.32,9.33,9.34,9.35,9.36,9.37,3900,6800,10100,27900,6200,800,5200,11500,300,19700,12000,43600,50300,14200,8700,22700,14600,43700,21500,55500
260.0,9.28,680600,6292022.0,9.27,9.26,9.25,9.24,9.23,9.22,9.21,9.2,9.19,9.18,9.28,9.29,9.3,9.31,9.32,9.33,9.34,9.35,9.36,9.37,6600,6800,10100,27900,6200,800,5200,11500,300,19700,11500,43600,50300,14200,8700,22700,14600,43700,21500,55500
261.0,9.27,681200,6297584.0,9.27,9.26,9.25,9.24,9.23,9.22,9.21,9.2,9.19,9.18,9.28,9.29,9.3,9.31,9.32,9.33,9.34,9.35,9.36,9.37,6000,6800,10600,27900,6200,800,5200,11500,300,19700,11500,43600,50300,14200,9700,22700,14600,43700,21500,55500
262.0,9.27,681200,6297584.0,9.27,9.26,9.25,9.24,9.23,9.22,9.21,9.2,9.19,9.18,9.28,9.29,9.3,9.31,9.32,9.33,9.34,9.35,9.36,9.37,7000,6800,10600,27900,6200,800,5200,11500,300,19700,12000,43600,50300,14200,9700,22700,14600,43700,21500,55500
263.0,9.28,682900,6313345.0,9.27,9.26,9.25,9.24,9.23,9.22,9.21,9.2,9.19,9.18,9.28,9.29,9.3,9.31,9.32,9.33,9.34,9.35,9.36,9.37,11700,6600,10600,27900,6200,800,5200,11500,300,19700,11800,43600,50300,14200,9700,22700,14600,43700,21500,55500
264.0,9.27,686100,6343010.0,9.27,9.26,9.25,9.24,9.23,9.22,9.21,9.2,9.19,9.18,9.28,9.29,9.3,9.31,9.32,9.33,9.34,9.35,9.36,9.37,8600,6500,10600,27900,6200,800,5200,11500,300,19700,11700,43600,50300,14200,9700,22700,14600,43700,31500,55500
265.0,9.27,688900,6368966.0,9.27,9.26,9.25,9.24,9.23,9.22,9.21,9.2,9.19,9.18,9.28,9.29,9.3,9.31,9.32,9.33,9.34,9.35,9.36,9.37,5800,6500,10600,27900,6200,800,5200,11500,300,19700,11700,43600,50300,14200,9700,22700,14600,43700,31500,55500
266.0,9.27,689500,6374528.0,9.27,9.26,9.25,9.24,9.23,9.22,9.21,9.2,9.19,9.18,9.28,9.29,9.3,9.31,9.32,9.33,9.34,9.35,9.36,9.37,5200,6500,10600,27900,6200,800,5200,11500,300,19700,11700,43600,50300,14200,9700,22700,14600,43700,31500,55500
267.0,9.27,689500,6374528.0,9.27,9.26,9.25,9.24,9.23,9.22,9.21,9.2,9.19,9.18,9.28,9.29,9.3,9.31,9.32,9.33,9.34,9.35,9.36,9.37,5200,6800,10600,27900,6200,800,5200,11500,300,19700,11700,43600,50300,14200,9700,22700,14600,43700,31500,55500
268.0,9.27,690900,6387515.0,9.27,9.26,9.25,9.24,9.23,9.22,9.21,9.2,9.19,9.18,9.28,9.29,9.3,9.31,9.32,9.33,9.34,9.35,9.36,9.37,4700,6800,10600,27900,6200,800,5200,11500,300,19700,18800,43600,50300,14200,9700,22700,14600,43700,31500,55500
269.0,9.27,690900,6387515.0,9.27,9.26,9.25,9.24,9.23,9.22,9.21,9.2,9.19,9.18,9.28,9.29,9.3,9.31,9.32,9.33,9.34,9.35,9.36,9.37,5300,6800,10600,27900,6200,800,5200,11500,300,19700,28800,43600,50800,14200,9700,22700,14600,43700,31500,55500
270.0,9.27,690900,6387515.0,9.27,9.26,9.25,9.24,9.23,9.22,9.21,9.2,9.19,9.18,9.28,9.29,9.3,9.31,9.32,9.33,9.34,9.35,9.36,9.37,5300,6800,10600,27900,6200,800,5200,11500,300,19700,28800,43600,50800,14200,9700,22700,14600,43700,31500,55500
271.0,9.28,691000,6388443.0,9.27,9.26,9.25,9.24,9.23,9.22,9.21,9.2,9.19,9.18,9.28,9.29,9.3,9.31,9.32,9.33,9.34,9.35,9.36,9.37,5300,6800,10600,27900,6200,800,5200,11500,300,19700,31600,43600,50800,25000,9700,22700,14600,43700,31500,55500
272.0,9.27,691500,6393078.0,9.27,9.26,9.25,9.24,9.23,9.22,9.21,9.2,9.19,9.18,9.28,9.29,9.3,9.31,9.32,9.33,9.34,9.35,9.36,9.37,4800,6800,10600,27900,6200,800,5200,11500,300,19700,31600,43600,50800,25000,9700,22700,14600,43700,31500,55500
273.0,9.28,702000,6490514.0,9.27,9.26,9.25,9.24,9.23,9.22,9.21,9.2,9.19,9.18,9.28,9.29,9.3,9.31,9.32,9.33,9.34,9.35,9.36,9.37,4400,6800,10600,27900,6200,800,5200,11500,300,19700,21500,43600,50800,25000,9700,22700,14600,43700,31500,55500
274.0,9.28,702000,6490514.0,9.27,9.26,9.25,9.24,9.23,9.22,9.21,9.2,9.19,9.18,9.28,9.29,9.3,9.31,9.32,9.33,9.34,9.35,9.36,9.37,4400,16800,10600,27900,20200,800,5200,11500,300,19700,28500,43600,50800,25000,9700,22700,14600,43700,31500,55500
275.0,9.28,704200,6510918.0,9.27,9.26,9.25,9.24,9.23,9.22,9.21,9.2,9.19,9.18,9.28,9.29,9.3,9.31,9.32,9.33,9.34,9.35,9.36,9.37,3700,16800,10600,27900,20200,800,5200,11500,300,19700,29500,43600,50800,25000,9700,22700,14600,43700,31500,55500
276.0,9.28,704200,6510918.0,9.27,9.26,9.25,9.24,9.23,9.22,9.21,9.2,9.19,9.18,9.28,9.29,9.3,9.31,9.32,9.33,9.34,9.35,9.36,9.37,3700,16800,10600,27900,20200,800,5200,11500,300,19700,29500,43600,50800,25000,9700,22700,14600,43700,31500,55500
277.0,9.27,706800,6535020.0,9.27,9.26,9.25,9.24,9.23,9.22,9.21,9.2,9.19,9.18,9.28,9.29,9.3,9.31,9.32,9.33,9.34,9.35,9.36,9.37,1100,16800,10600,27900,20200,800,5200,11500,300,19700,30500,43600,50800,25000,9700,22700,14600,43700,31500,55500
278.0,9.27,706900,6535947.0,9.27,9.26,9.25,9.24,9.23,9.22,9.21,9.2,9.19,9.18,9.28,9.29,9.3,9.31,9.32,9.33,9.34,9.35,9.36,9.37,1000,16800,11600,27900,20200,800,5200,11500,300,19700,32500,43600,50800,25000,9700,22700,14600,43900,31500,55500
279.0,9.28,711800,6581413.0,9.27,9.26,9.25,9.24,9.23,9.22,9.21,9.2,9.19,9.18,9.28,9.29,9.3,9.31,9.32,9.33,9.34,9.35,9.36,9.37,400,16800,11600,27900,20200,800,5200,11500,300,19700,30400,43600,50800,25000,9700,22700,14600,43900,31500,55500
280.0,9.28,713400,6596261.0,9.27,9.26,9.25,9.24,9.23,9.22,9.21,9.2,9.19,9.18,9.28,9.29,9.3,9.31,9.32,9.33,9.34,9.35,9.36,9.37,400,16800,11600,27900,20200,800,5200,11500,300,19700,39500,43600,50800,25000,9700,22700,14600,43900,31500,55500
281.0,9.27,714400,6605531.0,9.26,9.25,9.24,9.23,9.22,9.21,9.2,9.19,9.18,9.17,9.27,9.28,9.29,9.3,9.31,9.32,9.33,9.34,9.35,9.36,16800,11600,27500,20200,800,5200,11500,300,19700,400,3200,39500,43600,50800,25000,9700,22700,14600,43900,31500
282.0,9.27,714400,6605531.0,9.26,9.25,9.24,9.23,9.22,9.21,9.2,9.19,9.18,9.17,9.27,9.28,9.29,9.3,9.31,9.32,9.33,9.34,9.35,9.36,16800,11600,27500,20200,800,5200,11500,300,19700,400,3200,39500,43600,50800,25000,9700,22700,14600,43900,31500
283.0,9.27,714600,6607385.0,9.26,9.25,9.24,9.23,9.22,9.21,9.2,9.19,9.18,9.17,9.27,9.28,9.29,9.3,9.31,9.32,9.33,9.34,9.35,9.36,16800,11600,27500,20200,800,5200,11500,300,19700,400,3000,39500,43600,50800,25000,9700,22700,14600,43900,31500
284.0,9.27,714800,6609239.0,9.26,9.25,9.24,9.23,9.22,9.21,9.2,9.19,9.18,9.17,9.27,9.28,9.29,9.3,9.31,9.32,9.33,9.34,9.35,9.36,16800,11600,27500,20200,800,5200,11500,300,19700,400,2800,39500,43600,50800,25000,9700,22700,14600,43900,31500
285.0,9.26,715800,6618499.0,9.26,9.25,9.24,9.23,9.22,9.21,9.2,9.19,9.18,9.17,9.27,9.28,9.29,9.3,9.31,9.32,9.33,9.34,9.35,9.36,15800,11600,27500,20200,800,5200,11500,300,19700,400,2800,40000,43600,50800,25000,9700,22700,14600,44000,31500
286.0,9.26,715800,6618499.0,9.26,9.25,9.24,9.23,9.22,9.21,9.2,9.19,9.18,9.17,9.27,9.28,9.29,9.3,9.31,9.32,9.33,9.34,9.35,9.36,15800,11600,27500,20200,800,5200,11500,300,19700,400,2800,40000,43600,50800,25000,9700,22700,14600,44000,31500
287.0,9.27,720500,6662047.0,9.26,9.25,9.24,9.23,9.22,9.21,9.2,9.19,9.18,9.17,9.27,9.28,9.29,9.3,9.31,9.32,9.33,9.34,9.35,9.36,13700,11600,27500,20200,800,5200,11500,300,19700,400,300,42000,43600,50800,25000,9700,22700,14600,44000,31500
288.0,9.26,722500,6680567.0,9.26,9.25,9.24,9.23,9.22,9.21,9.2,9.19,9.18,9.17,9.27,9.28,9.29,9.3,9.31,9.32,9.33,9.34,9.35,9.36,11700,11600,27500,20200,800,5200,11500,300,19700,400,300,42000,43600,50800,25000,9700,22700,14600,44000,31500
289.0,9.26,722500,6680567.0,9.26,9.25,9.24,9.23,9.22,9.21,9.2,9.19,9.18,9.17,9.27,9.28,9.29,9.3,9.31,9.32,9.33,9.34,9.35,9.36,11700,11600,27500,20200,800,5200,11500,300,19700,400,300,42000,43600,50800,25000,9700,22700,14600,44000,31500
290.0,9.26,722500,6680567.0,9.26,9.25,9.24,9.23,9.22,9.21,9.2,9.19,9.18,9.17,9.27,9.28,9.29,9.3,9.31,9.32,9.33,9.34,9.35,9.36,12500,11600,27500,20200,800,5200,11500,300,19700,400,2100,42000,43600,50800,25000,9700,22700,14600,44500,31500
291.0,9.28,727300,6725090.0,9.27,9.26,9.25,9.24,9.23,9.22,9.21,9.2,9.19,9.18,9.28,9.29,9.3,9.31,9.32,9.33,9.34,9.35,9.36,9.37,2100,12500,11600,27500,20200,800,5200,11500,300,19700,39300,43600,50800,25000,9700,22700,13600,44500,31500,55500
292.0,9.27,727500,6726944.0,9.27,9.26,9.25,9.24,9.23,9.22,9.21,9.2,9.19,9.18,9.28,9.29,9.3,9.31,9.32,9.33,9.34,9.35,9.36,9.37,1900,12500,11600,27500,20200,800,5200,11500,300,19700,39300,43600,50800,25000,9700,22700,13600,44500,31500,55500
293.0,9.28,728400,6735296.0,9.27,9.26,9.25,9.24,9.23,9.22,9.21,9.2,9.19,9.18,9.28,9.29,9.3,9.31,9.32,9.33,9.34,9.35,9.36,9.37,1900,12500,11600,27500,20200,800,5200,11500,300,19700,48900,43600,50800,25000,9700,22700,13600,44500,31500,55500
294.0,9.28,728400,6735296.0,9.27,9.26,9.25,9.24,9.23,9.22,9.21,9.2,9.19,9.18,9.28,9.29,9.3,9.31,9.32,9.33,9.34,9.35,9.36,9.37,1900,12500,11600,27500,20200,800,5200,11500,300,19700,48900,43600,50800,25000,9700,22700,13600,44500,31500,55500
295.0,9.27,728500,6736223.0,9.27,9.26,9.25,9.24,9.23,9.22,9.21,9.2,9.19,9.18,9.28,9.29,9.3,9.31,9.32,9.33,9.34,9.35,9.36,9.37,1800,12500,11600,27500,20200,800,5200,11500,300,19700,48900,43600,50800,25000,9700,22700,13600,44500,31500,55500
296.0,9.27,728600,6737150.0,9.27,9.26,9.25,9.24,9.23,9.22,9.21,9.2,9.19,9.18,9.28,9.29,9.3,9.31,9.32,9.33,9.34,9.35,9.36,9.37,1700,12500,11600,27500,70200,800,5200,11500,300,19700,51900,43600,50800,25000,9700,22700,13600,44500,31500,55500
297.0,9.27,728900,6739931.0,9.27,9.26,9.25,9.24,9.23,9.22,9.21,9.2,9.19,9.18,9.28,9.29,9.3,9.31,9.32,9.33,9.34,9.35,9.36,9.37,1400,12500,11600,27500,70200,800,5200,11500,300,19700,51900,43600,50800,25000,9700,22700,13600,45000,31500,55500
298.0,9.27,729000,6740858.0,9.27,9.26,9.25,9.24,9.23,9.22,9.21,9.2,9.19,9.18,9.28,9.29,9.3,9.31,9.32,9.33,9.34,9.35,9.36,9.37,1300,12500,11600,27500,70200,800,5200,11500,300,19700,52800,43600,50800,25000,9700,22700,13600,45000,31500,55500
299.0,9.27,730400,6753838.0,9.27,9.26,9.25,9.24,9.23,9.22,9.21,9.2,9.19,9.18,9.28,9.29,9.3,9.31,9.32,9.33,9.34,9.35,9.36,9.37,100,12500,11600,27500,70200,800,5200,11500,300,19700,52600,43600,50800,25000,9700,22700,13600,45000,31500,55500
300.0,9.27,730400,6753838.0,9.27,9.26,9.25,9.24,9.23,9.22,9.21,9.2,9.19,9.18,9.28,9.29,9.3,9.31,9.32,9.33,9.34,9.35,9.36,9.37,100,12500,11600,27500,70200,800,5200,11500,300,19700,52600,43600,50800,25000,9700,22200,13600,45000,31500,55500
301.0,9.27,730400,6753838.0,9.27,9.26,9.25,9.24,9.23,9.22,9.21,9.2,9.19,9.18,9.28,9.29,9.3,9.31,9.32,9.33,9.34,9.35,9.36,9.37,100,12500,11600,27500,70200,800,5200,11500,300,19700,53200,43700,50800,25000,9700,22200,13600,45000,31500,55500
302.0,9.27,730400,6753838.0,9.27,9.26,9.25,9.24,9.23,9.22,9.21,9.2,9.19,9.18,9.28,9.29,9.3,9.31,9.32,9.33,9.34,9.35,9.36,9.37,100,12500,11600,27500,70200,800,5200,11500,300,19700,53200,43700,50800,25000,9700,22200,13600,45000,31500,55500
303.0,9.27,730400,6753838.0,9.27,9.26,9.25,9.24,9.23,9.22,9.21,9.2,9.19,9.18,9.28,9.29,9.3,9.31,9.32,9.33,9.34,9.35,9.36,9.37,100,12500,11600,27500,70200,800,5200,11500,300,19700,53200,43700,50800,25000,9700,22200,13600,45000,31500,55500
304.0,9.27,730400,6753838.0,9.27,9.26,9.25,9.24,9.23,9.22,9.21,9.2,9.19,9.18,9.28,9.29,9.3,9.31,9.32,9.33,9.34,9.35,9.36,9.37,5000,12500,11600,27500,70200,800,5200,11500,300,19700,53800,43700,50800,25000,9700,22200,13600,45000,31500,55500
305.0,9.27,731400,6763110.0,9.27,9.26,9.25,9.24,9.23,9.22,9.21,9.2,9.19,9.18,9.28,9.29,9.3,9.31,9.32,9.33,9.34,9.35,9.36,9.37,4300,12500,11600,27500,70200,800,5200,11500,300,19700,53600,43700,50800,25000,9700,22200,13600,45000,31500,55500
306.0,9.27,731400,6763110.0,9.27,9.26,9.25,9.24,9.23,9.22,9.21,9.2,9.19,9.18,9.28,9.29,9.3,9.31,9.32,9.33,9.34,9.35,9.36,9.37,4300,12500,11600,27500,70200,800,5200,11500,300,19700,53600,40000,52000,25000,9700,22200,13600,45000,31500,55500
307.0,9.28,732500,6773318.0,9.27,9.26,9.25,9.24,9.23,9.22,9.21,9.2,9.19,9.18,9.28,9.29,9.3,9.31,9.32,9.33,9.34,9.35,9.36,9.37,4300,12500,11600,27500,70200,800,5200,11500,300,19700,53500,40000,52000,25000,9700,22200,13600,45000,31500,55500
308.0,9.27,733400,6781661.0,9.27,9.26,9.25,9.24,9.23,9.22,9.21,9.2,9.19,9.18,9.28,9.29,9.3,9.31,9.32,9.33,9.34,9.35,9.36,9.37,3700,12500,11600,27500,70200,800,5200,11500,300,19700,53500,40000,52000,25000,9700,22200,13600,45000,31500,55500
309.0,9.27,733400,6781661.0,9.27,9.26,9.25,9.24,9.23,9.22,9.21,9.2,9.19,9.18,9.28,9.29,9.3,9.31,9.32,9.33,9.34,9.35,9.36,9.37,3700,12500,11600,27500,70200,800,5200,11500,300,19700,53500,40000,52000,25000,9700,22200,13600,45000,31500,55500
310.0,9.27,734400,6790931.0,9.27,9.26,9.25,9.24,9.23,9.22,9.21,9.2,9.19,9.18,9.28,9.29,9.3,9.31,9.32,9.33,9.34,9.35,9.36,9.37,4700,12500,11600,27500,70200,800,5200,11500,300,19700,53500,40000,52000,25000,9700,22200,13600,45000,31500,55500
311.0,9.28,735200,6798350.0,9.27,9.26,9.25,9.24,9.23,9.22,9.21,9.2,9.19,9.18,9.28,9.29,9.3,9.31,9.32,9.33,9.34,9.35,9.36,9.37,4200,12500,11600,27200,70200,800,5200,11500,300,19700,54200,40000,52000,25000,9700,22200,13600,45000,31500,55500
312.0,9.28,737500,6819694.0,9.27,9.26,9.25,9.24,9.23,9.22,9.21,9.2,9.19,9.18,9.28,9.29,9.3,9.31,9.32,9.33,9.34,9.35,9.36,9.37,4300,12500,11600,27200,70200,800,5200,11500,300,19700,51900,40000,52000,25000,9700,22200,13600,45000,31500,55500
313.0,9.28,737500,6819694.0,9.27,9.26,9.25,9.24,9.23,9.22,9.21,9.2,9.19,9.18,9.28,9.29,9.3,9.31,9.32,9.33,9.34,9.35,9.36,9.37,4300,12500,11600,27200,70200,800,5200,11500,300,19700,51900,40000,100300,25000,9700,22200,13600,45000,31500,55500
314.0,9.28,739600,6839178.0,9.27,9.26,9.25,9.24,9.23,9.22,9.21,9.2,9.19,9.18,9.28,9.29,9.3,9.31,9.32,9.33,9.34,9.35,9.36,9.37,3900,12500,11700,27200,70200,800,5200,11500,300,19700,50200,40000,100300,25000,9700,22200,13600,45000,31500,55500
315.0,9.28,739600,6839178.0,9.27,9.26,9.25,9.24,9.23,9.22,9.21,9.2,9.19,9.18,9.28,9.29,9.3,9.31,9.32,9.33,9.34,9.35,9.36,9.37,3900,12500,11700,27200,70200,800,5200,11500,300,19700,50700,40000,100300,25000,9700,22200,13600,45000,31500,55500
316.0,9.28,739600,6839178.0,9.27,9.26,9.25,9.24,9.23,9.22,9.21,9.2,9.19,9.18,9.28,9.29,9.3,9.31,9.32,9.33,9.34,9.35,9.36,9.37,3900,12500,11700,27200,70200,800,5200,11500,300,19700,55200,40000,100300,25000,9700,22200,13600,45000,31500,55500
317.0,9.28,740800,6850307.0,9.27,9.26,9.25,9.24,9.23,9.22,9.21,9.2,9.19,9.18,9.28,9.29,9.3,9.31,9.32,9.33,9.34,9.35,9.36,9.37,3200,12500,11700,27200,70200,800,5200,11500,300,19700,54900,40000,100300,25000,9700,22200,13600,45000,31500,55500
318.0,9.28,741800,6859584.0,9.27,9.26,9.25,9.24,9.23,9.22,9.21,9.2,9.19,9.18,9.28,9.29,9.3,9.31,9.32,9.33,9.34,9.35,9.36,9.37,3300,12500,12000,27200,70200,800,5200,11500,300,19700,54200,40000,100300,25000,9700,22200,13600,45000,31500,55500
319.0,9.27,742000,6861438.0,9.27,9.26,9.25,9.24,9.23,9.22,9.21,9.2,9.19,9.18,9.28,9.29,9.3,9.31,9.32,9.33,9.34,9.35,9.36,9.37,3100,12500,12000,27200,70200,800,5200,11500,300,19700,54200,40000,100300,25000,9700,22200,13600,45000,31500,55500
320.0,9.27,742300,6864219.0,9.27,9.26,9.25,9.24,9.23,9.22,9.21,9.2,9.19,9.18,9.28,9.29,9.3,9.31,9.32,9.33,9.34,9.35,9.36,9.37,2800,12500,12000,27200,70200,800,5200,11500,300,19700,54200,40000,100300,25000,9700,22200,13600,48000,31500,55500
321.0,9.27,742300,6864219.0,9.27,9.26,9.25,9.24,9.23,9.22,9.21,9.2,9.19,9.18,9.28,9.29,9.3,9.31,9.32,9.33,9.34,9.35,9.36,9.37,2800,12500,12000,27200,70200,800,5200,11500,300,19700,59600,40000,100300,25000,9700,22200,13600,48000,31500,55500
322.0,9.27,742800,6868854.0,9.27,9.26,9.25,9.24,9.23,9.22,9.21,9.2,9.19,9.18,9.28,9.29,9.3,9.31,9.32,9.33,9.34,9.35,9.36,9.37,7600,12500,12000,27200,70200,800,5200,11500,300,19700,71300,40000,101300,25000,9700,22200,13600,48000,31500,55500
323.0,9.28,747900,6916132.0,9.27,9.26,9.25,9.24,9.23,9.22,9.21,9.2,9.19,9.18,9.28,9.29,9.3,9.31,9.32,9.33,9.34,9.35,9.36,9.37,2600,12500,12000,27200,70200,800,5200,11500,300,19700,71200,40000,101300,25000,9700,25200,13600,48000,31500,55500
324.0,9.28,747900,6916132.0,9.27,9.26,9.25,9.24,9.23,9.22,9.21,9.2,9.19,9.18,9.28,9.29,9.3,9.31,9.32,9.33,9.34,9.35,9.36,9.37,2600,12500,12000,27200,70200,800,5200,11500,300,19700,71200,40000,101300,25000,9700,25200,13600,48000,31500,55500
325.0,9.27,748100,6917986.0,9.27,9.26,9.25,9.24,9.23,9.22,9.21,9.2,9.19,9.18,9.28,9.29,9.3,9.31,9.32,9.33,9.34,9.35,9.36,9.37,4400,12500,12000,27200,70200,800,5200,11500,300,19700,71200,40000,101300,25000,9700,25200,13600,48000,31500,55500
326.0,9.28,748400,6920770.0,9.27,9.26,9.25,9.24,9.23,9.22,9.21,9.2,9.19,9.18,9.28,9.29,9.3,9.31,9.32,9.33,9.34,9.35,9.36,9.37,4700,12500,12000,27200,70200,800,5200,11500,300,19700,70400,40000,101300,25000,9700,25200,13600,48000,31500,55500
327.0,9.27,748800,6924478.0,9.27,9.26,9.25,9.24,9.23,9.22,9.21,9.2,9.19,9.18,9.28,9.29,9.3,9.31,9.32,9.33,9.34,9.35,9.36,9.37,4300,12500,11700,27200,70200,800,5200,11500,300,19700,70400,40000,101300,25000,9700,25200,13600,48000,31500,55500
328.0,9.27,750900,6943945.0,9.27,9.26,9.25,9.24,9.23,9.22,9.21,9.2,9.19,9.18,9.28,9.29,9.3,9.31,9.32,9.33,9.34,9.35,9.36,9.37,3100,12500,11700,27200,70200,800,5200,11500,300,19700,70400,40000,101300,25000,9700,25200,13600,48000,31500,55500
329.0,9.27,753200,6965276.0,9.27,9.26,9.25,9.24,9.23,9.22,9.21,9.2,9.19,9.18,9.28,9.29,9.3,9.31,9.32,9.33,9.34,9.35,9.36,9.37,2600,12500,11700,27200,70200,800,5200,11500,300,19700,70600,40000,101300,25000,9700,25200,13600,48000,31500,55500
330.0,9.27,753200,6965276.0,9.27,9.26,9.25,9.24,9.23,9.22,9.21,9.2,9.19,9.18,9.28,9.29,9.3,9.31,9.32,9.33,9.34,9.35,9.36,9.37,2600,12500,11700,27200,70200,800,5200,11500,300,19700,71600,40000,101300,25000,9700,25200,13600,48000,31500,55500
331.0,9.27,754900,6981035.0,9.27,9.26,9.25,9.24,9.23,9.22,9.21,9.2,9.19,9.18,9.28,9.29,9.3,9.31,9.32,9.33,9.34,9.35,9.36,9.37,900,12500,11700,27200,70200,800,5200,11500,300,19700,73400,40000,101300,25000,9700,25200,13600,48000,31500,55500
332.0,9.28,755600,6987531.0,9.27,9.26,9.25,9.24,9.23,9.22,9.21,9.2,9.19,9.18,9.28,9.29,9.3,9.31,9.32,9.33,9.34,9.35,9.36,9.37,900,12500,11700,27200,70200,800,5200,11500,300,19700,72700,40000,101300,25000,9700,25200,13600,48000,31500,55500
333.0,9.27,755700,6988458.0,9.27,9.26,9.25,9.24,9.23,9.22,9.21,9.2,9.19,9.18,9.28,9.29,9.3,9.31,9.32,9.33,9.34,9.35,9.36,9.37,800,12500,11700,27200,70200,800,5200,11500,300,19700,73400,40000,101300,25000,9700,25200,13600,48000,31500,55500
334.0,9.28,756200,6993098.0,9.27,9.26,9.25,9.24,9.23,9.22,9.21,9.2,9.19,9.18,9.28,9.29,9.3,9.31,9.32,9.33,9.34,9.35,9.36,9.37,800,12500,12000,27200,70200,800,5200,11500,300,19700,72900,39000,102300,25000,9700,25200,13600,48000,31500,55500
335.0,9.28,756200,6993098.0,9.27,9.26,9.25,9.24,9.23,9.22,9.21,9.2,9.19,9.18,9.28,9.29,9.3,9.31,9.32,9.33,9.34,9.35,9.36,9.37,1500,12500,12000,27200,70200,800,5200,11500,300,19700,72900,39000,102300,25000,9700,25200,13600,48000,31500,55500
336.0,9.28,756200,6993098.0,9.27,9.26,9.25,9.24,9.23,9.22,9.21,9.2,9.19,9.18,9.28,9.29,9.3,9.31,9.32,9.33,9.34,9.35,9.36,9.37,1500,12500,12000,27200,70200,800,5200,11500,300,19700,72900,39000,102300,25000,9700,25200,13600,48000,31500,55500
337.0,9.28,756200,6993098.0,9.27,9.26,9.25,9.24,9.23,9.22,9.21,9.2,9.19,9.18,9.28,9.29,9.3,9.31,9.32,9.33,9.34,9.35,9.36,9.37,2400,12500,12000,27200,70200,800,5200,11500,300,19700,72900,39400,102300,25000,9700,25200,13600,48000,31500,55500
338.0,9.27,756400,6994952.0,9.27,9.26,9.25,9.24,9.23,9.22,9.21,9.2,9.19,9.18,9.28,9.29,9.3,9.31,9.32,9.33,9.34,9.35,9.36,9.37,2200,12500,12000,27200,70200,800,5200,11500,300,19700,72900,39400,102300,25000,9700,25200,13600,48000,31500,55500
339.0,9.28,759400,7022792.0,9.27,9.26,9.25,9.24,9.23,9.22,9.21,9.2,9.19,9.18,9.28,9.29,9.3,9.31,9.32,9.33,9.34,9.35,9.36,9.37,3200,12500,19000,27200,70200,800,5200,11500,300,19700,71900,39400,102300,25000,9700,25200,13600,48000,31500,55500
340.0,9.27,759700,7025573.0,9.27,9.26,9.25,9.24,9.23,9.22,9.21,9.2,9.19,9.18,9.28,9.29,9.3,9.31,9.32,9.33,9.34,9.35,9.36,9.37,2900,12500,19000,27200,70200,800,5200,11500,300,19700,73900,39400,102300,25000,9700,25200,13600,48000,31500,55500
341.0,9.28,761300,7040419.0,9.27,9.26,9.25,9.24,9.23,9.22,9.21,9.2,9.19,9.18,9.28,9.29,9.3,9.31,9.32,9.33,9.34,9.35,9.36,9.37,2800,12500,19000,27200,70200,800,5200,11500,300,19700,72500,38200,102300,25000,9700,25200,13600,48000,31500,55500
342.0,9.28,761700,7044131.0,9.27,9.26,9.25,9.24,9.23,9.22,9.21,9.2,9.19,9.18,9.28,9.29,9.3,9.31,9.32,9.33,9.34,9.35,9.36,9.37,3200,12500,19000,29300,70200,800,5200,11500,300,20600,72100,38200,102300,25000,9700,25200,13600,48000,31500,55500
343.0,9.28,761700,7044131.0,9.27,9.26,9.25,9.24,9.23,9.22,9.21,9.2,9.19,9.18,9.28,9.29,9.3,9.31,9.32,9.33,9.34,9.35,9.36,9.37,3200,12500,19000,29700,100200,800,5200,11500,300,20600,72100,38200,100300,25000,9700,25200,13600,48000,31500,55500
344.0,9.27,762000,7046912.0,9.27,9.26,9.25,9.24,9.23,9.22,9.21,9.2,9.19,9.18,9.28,9.29,9.3,9.31,9.32,9.33,9.34,9.35,9.36,9.37,2900,12500,20000,29700,100200,800,5200,11500,300,20600,73100,38200,100300,25000,9700,25200,13600,48000,31500,55500
345.0,9.27,763400,7059890.0,9.27,9.26,9.25,9.24,9.23,9.22,9.21,9.2,9.19,9.18,9.28,9.29,9.3,9.31,9.32,9.33,9.34,9.35,9.36,9.37,1500,12500,20000,29700,100200,800,5200,11500,300,20600,73100,38300,100300,25000,9700,25200,13600,49000,31500,55500
346.0,9.27,763400,7059890.0,9.27,9.26,9.25,9.24,9.23,9.22,9.21,9.2,9.19,9.18,9.28,9.29,9.3,9.31,9.32,9.33,9.34,9.35,9.36,9.37,1500,12500,20000,29700,100200,800,5200,11500,300,20600,75000,38300,100300,25000,9700,25200,13600,49000,31500,55500
347.0,9.28,764000,7065456.0,9.27,9.26,9.25,9.24,9.23,9.22,9.21,9.2,9.19,9.18,9.28,9.29,9.3,9.31,9.32,9.33,9.34,9.35,9.36,9.37,1300,12500,20000,29700,100200,800,5200,11500,300,20600,74600,38300,100300,25000,9700,25200,13600,49000,31500,55500
348.0,9.28,764000,7065456.0,9.27,9.26,9.25,9.24,9.23,9.22,9.21,9.2,9.19,9.18,9.28,9.29,9.3,9.31,9.32,9.33,9.34,9.35,9.36,9.37,1300,12500,20000,29700,100200,800,5200,11500,300,20600,74600,38300,100300,25000,9700,25200,13600,49000,31500,55500
349.0,9.28,764000,7065456.0,9.27,9.26,9.25,9.24,9.23,9.22,9.21,9.2,9.19,9.18,9.28,9.29,9.3,9.31,9.32,9.33,9.34,9.35,9.36,9.37,1300,12500,20000,29700,100200,800,5200,11500,300,20600,74600,38300,100300,25000,79700,25200,13600,49000,31500,55500
350.0,9.28,765000,7074736.0,9.27,9.26,9.25,9.24,9.23,9.22,9.21,9.2,9.19,9.18,9.28,9.29,9.3,9.31,9.32,9.33,9.34,9.35,9.36,9.37,1300,12500,20000,29700,100200,800,5200,11500,300,20600,73700,38300,163500,25000,79700,25200,13600,49000,31500,55500
351.0,9.28,765800,7082159.0,9.27,9.26,9.25,9.24,9.23,9.22,9.21,9.2,9.19,9.18,9.28,9.29,9.3,9.31,9.32,9.33,9.34,9.35,9.36,9.37,1200,12500,20000,29700,100200,800,5200,11500,300,20600,73000,38300,163500,25000,79700,25200,13300,49000,31500,55500
352.0,9.28,765800,7082159.0,9.27,9.26,9.25,9.24,9.23,9.22,9.21,9.2,9.19,9.18,9.28,9.29,9.3,9.31,9.32,9.33,9.34,9.35,9.36,9.37,800,12500,20000,29700,100200,800,5200,11500,300,20600,73000,38300,163800,25000,79700,25200,13300,49000,31500,55500
353.0,9.28,766100,7084942.0,9.27,9.26,9.25,9.24,9.23,9.22,9.21,9.2,9.19,9.18,9.28,9.29,9.3,9.31,9.32,9.33,9.34,9.35,9.36,9.37,800,12500,20000,29700,100200,800,5200,11500,300,20600,72800,38300,163800,25000,79700,25200,13300,49000,31500,55500
354.0,9.28,766300,7086798.0,9.27,9.26,9.25,9.24,9.23,9.22,9.21,9.2,9.19,9.18,9.28,9.29,9.3,9.31,9.32,9.33,9.34,9.35,9.36,9.37,800,12500,20000,29700,100200,800,5200,11500,300,20600,72600,38300,163800,25000,79700,25200,13300,49000,31500,55500
355.0,9.27,783800,7249190.0,9.26,9.25,9.24,9.23,9.22,9.21,9.2,9.19,9.18,9.17,9.27,9.28,9.29,9.3,9.31,9.32,9.33,9.34,9.35,9.36,12500,20000,29700,100200,1800,5200,11500,300,20600,400,200,55900,38300,163800,25000,79700,25200,13300,49000,31500
356.0,9.28,799800,7397626.0,9.26,9.25,9.24,9.23,9.22,9.21,9.2,9.19,9.18,9.17,9.28,9.29,9.3,9.31,9.32,9.33,9.34,9.35,9.36,9.37,10400,20000,29700,100200,1800,5200,11500,300,20600,400,42200,38300,163800,25000,79700,25200,13300,49000,31500,55500
357.0,9.28,806000,7455142.0,9.27,9.26,9.25,9.24,9.23,9.22,9.21,9.2,9.19,9.18,9.28,9.29,9.3,9.31,9.32,9.33,9.34,9.35,9.36,9.37,400,10700,20000,32700,100200,1800,5200,11500,300,20600,38300,38300,163800,25000,79700,25200,13300,49000,31500,55500
358.0,9.28,806900,7463494.0,9.27,9.26,9.25,9.24,9.23,9.22,9.21,9.2,9.19,9.18,9.28,9.29,9.3,9.31,9.32,9.33,9.34,9.35,9.36,9.37,400,10700,20000,32700,100200,1800,5200,11500,300,20600,37600,38300,163800,25000,79700,25200,13300,49000,31500,55500
359.0,9.28,835600,7729830.0,9.27,9.26,9.25,9.24,9.23,9.22,9.21,9.2,9.19,9.18,9.28,9.29,9.3,9.31,9.32,9.33,9.34,9.35,9.36,9.37,400,10700,20000,32700,100200,1800,5200,11500,300,20600,8900,38300,163800,25000,79700,25200,13300,49000,31500,55500
360.0,9.28,838100,7753030.0,9.27,9.26,9.25,9.24,9.23,9.22,9.21,9.2,9.19,9.18,9.28,9.29,9.3,9.31,9.32,9.33,9.34,9.35,9.36,9.37,400,10700,20000,32700,100100,1800,5200,11500,300,20600,7700,38300,163800,25000,79700,25200,13300,49000,31500,55500
361.0,9.28,842600,7794790.0,9.27,9.26,9.25,9.24,9.23,9.22,9.21,9.2,9.19,9.18,9.28,9.29,9.3,9.31,9.32,9.33,9.34,9.35,9.36,9.37,400,10700,20000,32700,100100,1800,5200,11500,300,20600,3200,38400,163800,25000,79700,25200,13300,49000,31500,55500
362.0,9.28,844100,7808710.0,9.27,9.26,9.25,9.24,9.23,9.22,9.21,9.2,9.19,9.18,9.28,9.29,9.3,9.31,9.32,9.33,9.34,9.35,9.36,9.37,400,10700,20000,32700,100100,1800,5200,11500,300,20600,1700,38400,163800,25000,79700,25200,13300,49000,31500,55500
363.0,9.28,848800,7852352.0,9.28,9.27,9.26,9.25,9.24,9.23,9.22,9.21,9.2,9.19,9.29,9.3,9.31,9.32,9.33,9.34,9.35,9.36,9.37,9.38,100,6200,10700,20000,32700,100100,1300,5200,11500,300,35700,163800,25000,79700,25200,13300,49000,31500,55500,63000
364.0,9.28,848800,7852352.0,9.28,9.27,9.26,9.25,9.24,9.23,9.22,9.21,9.2,9.19,9.29,9.3,9.31,9.32,9.33,9.34,9.35,9.36,9.37,9.38,1300,6200,10700,20000,32700,100100,1300,5200,11500,300,35700,163800,25000,79700,25200,13300,49000,31500,55500,63000
365.0,9.28,848800,7852352.0,9.28,9.27,9.26,9.25,9.24,9.23,9.22,9.21,9.2,9.19,9.29,9.3,9.31,9.32,9.33,9.34,9.35,9.36,9.37,9.38,21300,6200,10700,20000,32700,100100,1300,5200,11500,300,45700,163800,25000,79700,25200,13300,49000,31500,55500,63000
366.0,9.29,849100,7855139.0,9.28,9.27,9.26,9.25,9.24,9.23,9.22,9.21,9.2,9.19,9.29,9.3,9.31,9.32,9.33,9.34,9.35,9.36,9.37,9.38,21300,6200,11300,20000,32700,100100,1300,5200,11500,300,45900,163800,25000,79700,25200,13300,49000,31500,55500,63000
367.0,9.29,849100,7855139.0,9.28,9.27,9.26,9.25,9.24,9.23,9.22,9.21,9.2,9.19,9.29,9.3,9.31,9.32,9.33,9.34,9.35,9.36,9.37,9.38,21300,6200,11300,20000,32700,100100,1300,5200,11500,300,45900,163800,25000,79700,25200,13300,49000,31500,55500,63000
368.0,9.29,851900,7881130.0,9.28,9.27,9.26,9.25,9.24,9.23,9.22,9.21,9.2,9.19,9.29,9.3,9.31,9.32,9.33,9.34,9.35,9.36,9.37,9.38,19200,6200,11300,20000,32700,100100,1300,5200,11500,300,46900,163800,25000,79700,25200,13300,49000,31500,55500,63000
369.0,9.29,863300,7987026.0,9.28,9.27,9.26,9.25,9.24,9.23,9.22,9.21,9.2,9.19,9.29,9.3,9.31,9.32,9.33,9.34,9.35,9.36,9.37,9.38,20500,6200,11300,20000,32700,100100,1300,5200,11500,300,36500,163800,25000,79700,25200,13300,49000,31500,55500,63000
370.0,9.29,864100,7994458.0,9.28,9.27,9.26,9.25,9.24,9.23,9.22,9.21,9.2,9.19,9.29,9.3,9.31,9.32,9.33,9.34,9.35,9.36,9.37,9.38,20600,6200,11300,20000,32700,100100,1300,5200,11500,300,36000,163800,25000,79700,25200,13300,49000,31500,55500,63000
371.0,9.29,864100,7994458.0,9.28,9.27,9.26,9.25,9.24,9.23,9.22,9.21,9.2,9.19,9.29,9.3,9.31,9.32,9.33,9.34,9.35,9.36,9.37,9.38,20600,6200,11300,20000,32700,100100,1300,5200,11500,300,36000,163800,25000,79700,25200,13300,49000,31500,55500,63000
372.0,9.28,865100,8003738.0,9.28,9.27,9.26,9.25,9.24,9.23,9.22,9.21,9.2,9.19,9.29,9.3,9.31,9.32,9.33,9.34,9.35,9.36,9.37,9.38,19600,6200,11300,20000,32700,100100,1300,5200,11500,300,36200,163900,27000,79700,25200,13300,49000,31500,55500,63000
373.0,9.28,865100,8003738.0,9.28,9.27,9.26,9.25,9.24,9.23,9.22,9.21,9.2,9.19,9.29,9.3,9.31,9.32,9.33,9.34,9.35,9.36,9.37,9.38,19600,6200,13500,20000,32700,100100,1300,5200,11500,300,37000,163900,27000,79700,25200,13300,49000,31500,55500,63000
374.0,9.29,866900,8020460.0,9.28,9.27,9.26,9.25,9.24,9.23,9.22,9.21,9.2,9.19,9.29,9.3,9.31,9.32,9.33,9.34,9.35,9.36,9.37,9.38,19600,6200,13500,20000,32700,100100,1300,5200,11500,300,37500,163900,27000,79700,25200,13300,49000,31500,55500,63000
375.0,9.29,867900,8029750.0,9.28,9.27,9.26,9.25,9.24,9.23,9.22,9.21,9.2,9.19,9.29,9.3,9.31,9.32,9.33,9.34,9.35,9.36,9.37,9.38,19600,6200,13500,20000,32700,100100,1300,5200,11500,300,36500,163900,27000,79700,25200,13300,49000,31500,55500,63000
376.0,9.28,868900,8039030.0,9.28,9.27,9.26,9.25,9.24,9.23,9.22,9.21,9.2,9.19,9.29,9.3,9.31,9.32,9.33,9.34,9.35,9.36,9.37,9.38,18600,6200,13500,20000,32700,100100,1300,5200,11500,300,36500,163900,27000,79700,25200,13300,49000,31500,55500,63000
377.0,9.28,868900,8039030.0,9.28,9.27,9.26,9.25,9.24,9.23,9.22,9.21,9.2,9.19,9.29,9.3,9.31,9.32,9.33,9.34,9.35,9.36,9.37,9.38,18600,6200,13500,20000,32700,100100,1300,5200,11500,300,36500,163900,27000,79700,25200,13300,49000,31500,55500,63000
378.0,9.28,868900,8039030.0,9.28,9.27,9.26,9.25,9.24,9.23,9.22,9.21,9.2,9.19,9.29,9.3,9.31,9.32,9.33,9.34,9.35,9.36,9.37,9.38,18600,6200,13500,20000,32700,100100,1300,5200,11500,300,36500,163900,27000,79700,25200,13300,49000,31500,55500,63000
379.0,9.28,871000,8058518.0,9.28,9.27,9.26,9.25,9.24,9.23,9.22,9.21,9.2,9.19,9.29,9.3,9.31,9.32,9.33,9.34,9.35,9.36,9.37,9.38,16500,6200,13500,20000,32700,100100,1300,5200,11500,300,37000,163900,27000,79700,25200,13300,49000,31500,55500,63000
380.0,9.29,872200,8069656.0,9.28,9.27,9.26,9.25,9.24,9.23,9.22,9.21,9.2,9.19,9.29,9.3,9.31,9.32,9.33,9.34,9.35,9.36,9.37,9.38,15500,6200,13500,20000,32700,100100,1300,5200,11800,300,48800,163900,27000,79700,25200,13300,49000,31500,55500,63000
381.0,9.29,872200,8069656.0,9.28,9.27,9.26,9.25,9.24,9.23,9.22,9.21,9.2,9.19,9.29,9.3,9.31,9.32,9.33,9.34,9.35,9.36,9.37,9.38,15500,6200,13500,20000,32700,100100,1300,5200,11800,300,49100,163900,27000,79700,25200,13300,49000,31500,55500,63000
382.0,9.29,872200,8069656.0,9.28,9.27,9.26,9.25,9.24,9.23,9.22,9.21,9.2,9.19,9.29,9.3,9.31,9.32,9.33,9.34,9.35,9.36,9.37,9.38,18600,6200,13500,19700,32700,100100,1300,5200,11800,300,49100,163900,27000,79700,25200,13300,49000,31500,55500,63000
383.0,9.29,874200,8088226.0,9.28,9.27,9.26,9.25,9.24,9.23,9.22,9.21,9.2,9.19,9.29,9.3,9.31,9.32,9.33,9.34,9.35,9.36,9.37,9.38,17600,6200,13500,19700,32700,100100,1300,5200,11800,300,48100,163900,27000,79700,25200,13300,49000,31500,55500,63000
384.0,9.29,879200,8134646.0,9.28,9.27,9.26,9.25,9.24,9.23,9.22,9.21,9.2,9.19,9.29,9.3,9.31,9.32,9.33,9.34,9.35,9.36,9.37,9.38,14600,6200,13500,19700,32700,100100,1300,5200,11800,300,46100,163900,27000,79700,25200,13300,49000,31500,55500,63000
385.0,9.29,879300,8135575.0,9.28,9.27,9.26,9.25,9.24,9.23,9.22,9.21,9.2,9.19,9.29,9.3,9.31,9.32,9.33,9.34,9.35,9.36,9.37,9.38,14600,6200,13500,19700,32700,100100,1300,5200,11800,300,46000,163900,27000,79700,25200,13300,49000,31500,55500,63000
386.0,9.29,880400,8145794.0,9.28,9.27,9.26,9.25,9.24,9.23,9.22,9.21,9.2,9.19,9.29,9.3,9.31,9.32,9.33,9.34,9.35,9.36,9.37,9.38,24600,6200,13500,19700,32700,100100,1300,5200,11800,300,45400,163900,27000,79700,25200,13300,49000,31500,55500,63000
387.0,9.28,881400,8155074.0,9.28,9.27,9.26,9.25,9.24,9.23,9.22,9.21,9.2,9.19,9.29,9.3,9.31,9.32,9.33,9.34,9.35,9.36,9.37,9.38,23600,6200,13500,19700,32700,100100,1300,5200,11800,300,45400,163900,27000,79700,25200,13300,49000,31500,55500,63000
388.0,9.29,881900,8159719.0,9.28,9.27,9.26,9.25,9.24,9.23,9.22,9.21,9.2,9.19,9.29,9.3,9.31,9.32,9.33,9.34,9.35,9.36,9.37,9.38,23900,5800,13500,19700,32700,100100,1300,5200,11800,300,44900,163900,27000,79700,25200,13300,49000,31500,55500,63000
389.0,9.29,887700,8213601.0,9.28,9.27,9.26,9.25,9.24,9.23,9.22,9.21,9.2,9.19,9.29,9.3,9.31,9.32,9.33,9.34,9.35,9.36,9.37,9.38,24000,5800,13500,19700,32700,100100,1300,5200,11800,300,39100,163900,27000,79700,25200,13300,49000,31500,52500,63000
390.0,9.29,909500,8415923.0,9.28,9.27,9.26,9.25,9.24,9.23,9.22,9.21,9.2,9.19,9.29,9.3,9.31,9.32,9.33,9.34,9.35,9.36,9.37,9.38,4300,5800,13500,19700,32700,100100,1300,5200,11800,300,37300,163900,27000,79700,25200,13300,49300,31500,52500,63000
391.0,9.29,912400,8442852.0,9.28,9.27,9.26,9.25,9.24,9.23,9.22,9.21,9.2,9.19,9.29,9.3,9.31,9.32,9.33,9.34,9.35,9.36,9.37,9.38,3100,5800,13500,19700,32700,100100,1300,5200,11800,300,45600,163900,27000,79700,25200,13300,49300,31500,52500,63000
392.0,9.28,915900,8475364.0,9.28,9.27,9.26,9.25,9.24,9.23,9.22,9.21,9.2,9.19,9.29,9.3,9.31,9.32,9.33,9.34,9.35,9.36,9.37,9.38,5700,5800,13500,19700,32700,100100,1300,5200,11800,300,42400,163900,27000,79700,25200,13300,49300,31500,52500,63000
393.0,9.29,920700,8519956.0,9.28,9.27,9.26,9.25,9.24,9.23,9.22,9.21,9.2,9.19,9.29,9.3,9.31,9.32,9.33,9.34,9.35,9.36,9.37,9.38,5700,5800,13500,19700,32700,100100,1300,5200,11800,300,37600,163900,27000,79700,25200,13300,49300,31500,52500,63000
394.0,9.29,920700,8519956.0,9.28,9.27,9.26,9.25,9.24,9.23,9.22,9.21,9.2,9.19,9.29,9.3,9.31,9.32,9.33,9.34,9.35,9.36,9.37,9.38,5700,5800,13500,19700,32700,100100,1300,5200,11800,300,38500,162900,27000,79700,25200,13300,49300,31500,52500,63000
395.0,9.29,920700,8519956.0,9.28,9.27,9.26,9.25,9.24,9.23,9.22,9.21,9.2,9.19,9.29,9.3,9.31,9.32,9.33,9.34,9.35,9.36,9.37,9.38,5700,5800,13500,19700,32700,100100,1300,5200,11800,300,38500,162900,27000,79700,25200,13300,49300,31500,52500,63000
396.0,9.29,920700,8519956.0,9.28,9.27,9.26,9.25,9.24,9.23,9.22,9.21,9.2,9.19,9.29,9.3,9.31,9.32,9.33,9.34,9.35,9.36,9.37,9.38,5700,5800,13500,19700,32700,100100,1300,5200,11800,300,38500,162900,27000,79700,25200,13300,49300,31500,52500,63000
397.0,9.28,926900,8577497.0,9.27,9.26,9.25,9.24,9.23,9.22,9.21,9.2,9.19,9.18,9.28,9.29,9.3,9.31,9.32,9.33,9.34,9.35,9.36,9.37,5800,13500,19700,32700,100100,1300,5200,11800,300,20600,4800,38000,162900,27000,79700,25200,13300,49300,31500,52500
398.0,9.28,929800,8604409.0,9.27,9.26,9.25,9.24,9.23,9.22,9.21,9.2,9.19,9.18,9.28,9.29,9.3,9.31,9.32,9.33,9.34,9.35,9.36,9.37,5800,13500,19700,32700,100100,1300,5200,11800,300,20600,1900,41000,162900,27000,79700,25200,13300,49300,31500,52500
399.0,9.28,932800,8632222.0,9.27,9.26,9.25,9.24,9.23,9.22,9.21,9.2,9.19,9.18,9.28,9.29,9.3,9.31,9.32,9.33,9.34,9.35,9.36,9.37,3100,13500,19700,32700,100100,1300,5200,11800,300,20600,1600,41000,162900,27000,79700,25200,13300,49300,31500,52500
400.0,9.29,939200,8691656.0,9.28,9.27,9.26,9.25,9.24,9.23,9.22,9.21,9.2,9.19,9.29,9.3,9.31,9.32,9.33,9.34,9.35,9.36,9.37,9.38,1000,3800,13500,19700,37400,100100,1300,5200,11800,300,37600,162900,27000,79700,25200,13300,49300,31500,52500,63000
401.0,9.28,939300,8692584.0,9.28,9.27,9.26,9.25,9.24,9.23,9.22,9.21,9.2,9.19,9.29,9.3,9.31,9.32,9.33,9.34,9.35,9.36,9.37,9.38,900,3800,13500,19700,37400,100100,1300,5200,11800,300,37600,162900,27000,79700,25200,13300,49300,31500,52500,63000
402.0,9.29,940300,8701874.0,9.28,9.27,9.26,9.25,9.24,9.23,9.22,9.21,9.2,9.19,9.29,9.3,9.31,9.32,9.33,9.34,9.35,9.36,9.37,9.38,900,3800,13500,19700,37400,100100,1300,5200,11800,300,46600,162900,27000,79700,25200,13300,49300,31500,52500,63000
403.0,9.28,940400,8702802.0,9.28,9.27,9.26,9.25,9.24,9.23,9.22,9.21,9.2,9.19,9.29,9.3,9.31,9.32,9.33,9.34,9.35,9.36,9.37,9.38,800,3800,13500,19700,37400,100100,1300,5200,11800,300,46600,162900,27000,79700,25200,13300,49300,31500,52500,63000
404.0,9.29,943200,8728814.0,9.28,9.27,9.26,9.25,9.24,9.23,9.22,9.21,9.2,9.19,9.29,9.3,9.31,9.32,9.33,9.34,9.35,9.36,9.37,9.38,1100,3800,13500,19700,97400,99800,1300,5200,11800,300,43800,162900,27000,19900,25200,13300,49300,31500,52500,63000
405.0,9.29,944700,8742744.0,9.28,9.27,9.26,9.25,9.24,9.23,9.22,9.21,9.2,9.19,9.29,9.3,9.31,9.32,9.33,9.34,9.35,9.36,9.37,9.38,600,3800,13500,19700,97400,99800,1300,5200,11800,300,46500,163100,27000,19900,25200,13300,49300,31500,52500,63000
406.0,9.29,944700,8742744.0,9.28,9.27,9.26,9.25,9.24,9.23,9.22,9.21,9.2,9.19,9.29,9.3,9.31,9.32,9.33,9.34,9.35,9.36,9.37,9.38,600,3800,13500,19700,97400,99800,1300,5200,11800,300,46500,163100,27000,19900,25200,13300,49300,31500,52500,63000
407.0,9.29,944700,8742744.0,9.28,9.27,9.26,9.25,9.24,9.23,9.22,9.21,9.2,9.19,9.29,9.3,9.31,9.32,9.33,9.34,9.35,9.36,9.37,9.38,600,3800,13500,19700,97400,99800,1300,5200,11800,300,46700,173000,27000,19900,25200,13300,49300,31500,52500,63000
408.0,9.29,947100,8765040.0,9.28,9.27,9.26,9.25,9.24,9.23,9.22,9.21,9.2,9.19,9.29,9.3,9.31,9.32,9.33,9.34,9.35,9.36,9.37,9.38,600,3800,13500,19700,97400,99800,1300,5200,11800,300,44300,173000,27000,19900,25200,13300,49300,31500,52500,63000
409.0,9.29,949200,8784549.0,9.28,9.27,9.26,9.25,9.24,9.23,9.22,9.21,9.2,9.19,9.29,9.3,9.31,9.32,9.33,9.34,9.35,9.36,9.37,9.38,600,3800,13500,20200,97400,99800,1300,5200,11800,300,42200,173000,27000,19900,25200,13300,49300,31500,52500,63000
410.0,9.29,950600,8797555.0,9.28,9.27,9.26,9.25,9.24,9.23,9.22,9.21,9.2,9.19,9.29,9.3,9.31,9.32,9.33,9.34,9.35,9.36,9.37,9.38,600,3800,13500,20200,97100,99800,1300,5200,12300,300,40800,173000,27000,19900,25200,13300,49300,31500,52500,63000
411.0,9.29,950600,8797555.0,9.28,9.27,9.26,9.25,9.24,9.23,9.22,9.21,9.2,9.19,9.29,9.3,9.31,9.32,9.33,9.34,9.35,9.36,9.37,9.38,600,3800,13500,20200,97100,99800,1300,5200,12300,300,40800,173000,27000,19900,25200,13300,49300,31500,52500,63000
412.0,9.29,954400,8832857.0,9.28,9.27,9.26,9.25,9.24,9.23,9.22,9.21,9.2,9.19,9.29,9.3,9.31,9.32,9.33,9.34,9.35,9.36,9.37,9.38,600,3800,13500,20200,97100,99800,1300,5200,12300,300,43000,173000,27000,19900,25200,13300,49300,31500,52500,63000
413.0,9.29,954400,8832857.0,9.28,9.27,9.26,9.25,9.24,9.23,9.22,9.21,9.2,9.19,9.29,9.3,9.31,9.32,9.33,9.34,9.35,9.36,9.37,9.38,600,6300,13500,20200,97100,99800,1300,5200,12300,300,44500,173000,27000,19900,25200,13300,49300,31500,52500,63000
414.0,9.29,955500,8843070.0,9.27,9.26,9.25,9.24,9.23,9.22,9.21,9.2,9.19,9.18,9.29,9.3,9.31,9.32,9.33,9.34,9.35,9.36,9.37,9.38,6300,13500,20200,97100,99800,1300,5200,12300,300,20600,44000,173000,27000,24900,25200,13300,49300,31500,52500,63000
415.0,9.29,955500,8843070.0,9.27,9.26,9.25,9.24,9.23,9.22,9.21,9.2,9.19,9.18,9.29,9.3,9.31,9.32,9.33,9.34,9.35,9.36,9.37,9.38,7200,13500,20200,97100,99800,1300,5200,12300,300,20600,44900,173000,27000,24900,25200,13300,49300,31500,52500,63000
416.0,9.29,956300,8850502.0,9.28,9.27,9.26,9.25,9.24,9.23,9.22,9.21,9.2,9.19,9.29,9.3,9.31,9.32,9.33,9.34,9.35,9.36,9.37,9.38,2400,8600,13500,20200,95100,99800,1300,5200,12300,300,45500,173000,27000,24900,25200,13300,49300,31500,52500,63000
417.0,9.28,968500,8963816.0,9.27,9.26,9.25,9.24,9.23,9.22,9.21,9.2,9.19,9.18,9.28,9.29,9.3,9.31,9.32,9.33,9.34,9.35,9.36,9.37,8600,13500,20200,95100,99800,1300,5200,12300,300,20600,500,35700,173000,27000,24900,25200,13300,49300,31500,52500
418.0,9.29,975300,9026983.0,9.27,9.26,9.25,9.24,9.23,9.22,9.21,9.2,9.19,9.18,9.29,9.3,9.31,9.32,9.33,9.34,9.35,9.36,9.37,9.38,8600,13500,20200,95100,99800,1300,5200,12300,300,20600,29900,173000,27000,24900,25200,13300,49300,31500,52500,63000
419.0,9.29,976000,9033486.0,9.27,9.26,9.25,9.24,9.23,9.22,9.21,9.2,9.19,9.18,9.29,9.3,9.31,9.32,9.33,9.34,9.35,9.36,9.37,9.38,11200,13500,20200,95100,99800,1300,5200,12300,300,20600,31800,173000,27000,24900,25200,13300,49300,31500,52500,63000
420.0,9.27,977000,9042756.0,9.27,9.26,9.25,9.24,9.23,9.22,9.21,9.2,9.19,9.18,9.29,9.3,9.31,9.32,9.33,9.34,9.35,9.36,9.37,9.38,12700,13500,20200,95100,99800,1300,5200,12300,300,20600,34300,173000,27000,24900,25200,13300,49300,31500,52500,63000
421.0,9.29,978400,9055762.0,9.27,9.26,9.25,9.24,9.23,9.22,9.21,9.2,9.19,9.18,9.29,9.3,9.31,9.32,9.33,9.34,9.35,9.36,9.37,9.38,15300,13500,20200,95100,99800,1300,5200,12300,300,20600,35600,173000,27000,24900,25200,13300,49300,31500,52500,63000
422.0,9.29,982000,9089186.0,9.27,9.26,9.25,9.24,9.23,9.22,9.21,9.2,9.19,9.18,9.29,9.3,9.31,9.32,9.33,9.34,9.35,9.36,9.37,9.38,14300,13500,20100,95100,99400,1300,5200,12300,300,20600,33900,173000,27000,24900,25200,13300,49300,31500,52500,63000
