LocalTime,LastPrice,TradeVolume,TradeValue,BidPrice1,BidPrice2,BidPrice3,BidPrice4,BidPrice5,BidPrice6,BidPrice7,BidPrice8,BidPrice9,BidPriceA,AskPrice1,AskPrice2,AskPrice3,AskPrice4,AskPrice5,AskPrice6,AskPrice7,AskPrice8,AskPrice9,AskPriceA,BidVolume1,BidVolume2,BidVolume3,BidVolume4,BidVolume5,BidVolume6,BidVolume7,BidVolume8,BidVolume9,BidVolumeA,AskVolume1,AskVolume2,AskVolume3,AskVolume4,AskVolume5,AskVolume6,AskVolume7,AskVolume8,AskVolume9,AskVolumeA
0.0,5.89,500,2945.0,5.85,5.84,5.8,5.71,5.7,5.49,5.48,5.4,5.32,0.0,5.89,5.9,5.91,5.96,5.97,5.99,6.06,6.08,6.09,6.16,900,500,400,500,300,1000,200,2500,100,0,100,900,6500,9100,3200,5900,100,1500,1000,500
1.0,5.9,1500,8844.0,5.86,5.85,5.84,5.83,5.8,5.71,5.7,5.49,5.48,5.4,5.91,5.96,5.97,5.99,6.06,6.08,6.09,6.16,6.17,6.18,2300,2900,2300,1500,400,500,300,1000,200,2500,6500,9100,3200,5900,100,1500,1000,500,1000,400
2.0,5.9,1500,8844.0,5.86,5.85,5.84,5.83,5.8,5.71,5.7,5.49,5.48,5.4,5.91,5.96,5.97,5.99,6.06,6.08,6.09,6.16,6.17,6.18,2300,2900,2300,1500,6000,500,300,1000,200,2500,6500,9400,3200,5900,100,1500,1000,500,1000,400
3.0,5.9,1500,8844.0,5.89,5.86,5.85,5.84,5.83,5.8,5.71,5.7,5.49,5.48,5.91,5.96,5.97,5.99,6.06,6.07,6.08,6.09,6.16,6.17,1100,2300,11000,2300,1500,6000,500,300,1000,200,6500,9400,3200,5900,100,15000,1500,1000,500,1000
4.0,5.9,1500,8844.0,5.89,5.86,5.85,5.84,5.83,5.8,5.71,5.7,5.49,5.48,5.91,5.96,5.97,5.99,6.06,6.07,6.08,6.09,6.16,6.17,1100,2300,47800,2300,1500,6000,500,10600,1000,200,6500,9400,3200,5900,100,15000,1500,1000,500,1000
5.0,5.88,7200,42281.0,5.89,5.86,5.85,5.84,5.83,5.8,5.71,5.7,5.49,5.48,5.91,5.96,5.97,5.99,6.05,6.06,6.07,6.08,6.09,6.16,2700,2300,49900,2300,1500,6000,500,10600,1000,200,6500,9400,3200,5900,1400,1100,15000,1500,1000,500
6.0,5.9,7300,42871.0,5.89,5.86,5.85,5.84,5.83,5.8,5.71,5.7,5.5,5.49,5.9,5.91,5.96,5.97,5.99,6.05,6.06,6.07,6.08,6.09,2700,4200,49900,2300,1500,6000,500,10600,1000,1000,2600,6500,9400,3200,5900,1400,1100,15000,1500,1000
7.0,5.9,7300,42871.0,5.89,5.86,5.85,5.84,5.83,5.8,5.71,5.7,5.5,5.49,5.9,5.91,5.96,5.97,5.99,6.05,6.06,6.07,6.08,6.09,2700,6200,49900,2300,1500,8700,500,10600,1000,1000,2600,6500,9400,3200,5900,1400,1100,15000,1500,1000
8.0,5.9,7400,43461.0,5.89,5.86,5.85,5.84,5.83,5.8,5.71,5.7,5.5,5.49,5.9,5.91,5.96,5.97,5.99,6.05,6.06,6.07,6.08,6.09,3600,6200,49900,2300,1500,8700,500,10600,1000,1000,2500,6500,9400,3200,15900,1400,1100,15000,1500,1000
9.0,5.91,11100,65303.0,5.9,5.89,5.88,5.86,5.85,5.84,5.83,5.8,5.71,5.7,5.91,5.96,5.97,5.99,6.05,6.06,6.07,6.08,6.09,6.16,100,3600,13300,6200,49900,2300,1500,8700,500,13600,5300,9400,3200,15900,1400,1100,15000,1500,1000,500
10.0,5.91,15600,91897.0,5.89,5.88,5.87,5.86,5.85,5.84,5.83,5.8,5.71,5.7,5.91,5.96,5.97,5.98,5.99,6.05,6.06,6.07,6.08,6.09,4600,13900,13300,19800,49900,2300,1500,8700,500,13600,900,9400,3200,6200,15900,1400,1100,15000,1500,1000
11.0,5.91,16500,97216.0,5.91,5.89,5.88,5.87,5.86,5.85,5.84,5.83,5.8,5.71,5.95,5.96,5.97,5.98,5.99,6.05,6.06,6.07,6.08,6.09,1300,8400,14900,13300,19900,49900,2300,1500,8700,500,2900,9400,3200,6200,15900,1400,1100,15000,1500,1000
12.0,5.91,16500,97216.0,5.91,5.89,5.88,5.87,5.86,5.85,5.84,5.83,5.8,5.71,5.95,5.96,5.97,5.98,5.99,6.05,6.06,6.07,6.08,6.09,900,8400,14900,13300,19900,49900,2300,1500,8700,500,14400,9400,3200,6200,15900,1400,1100,15000,1500,1000
13.0,5.91,17000,100171.0,5.91,5.89,5.88,5.87,5.86,5.85,5.84,5.83,5.8,5.71,5.94,5.95,5.96,5.97,5.98,5.99,6.05,6.06,6.07,6.08,4600,8400,14900,13300,19900,49900,2300,1500,8700,500,1800,2900,9400,3200,6200,15900,1400,1100,15000,1500
14.0,5.91,18400,108445.0,5.91,5.89,5.88,5.87,5.86,5.85,5.84,5.83,5.8,5.71,5.94,5.95,5.96,5.97,5.98,5.99,6.05,6.06,6.07,6.08,3200,8400,14900,13300,19900,49900,2300,1500,8700,500,1800,2900,9400,3200,6200,15900,1400,1100,15000,1500
15.0,5.91,19900,117310.0,5.91,5.89,5.88,5.87,5.86,5.85,5.84,5.83,5.8,5.71,5.94,5.95,5.96,5.97,5.98,5.99,6.05,6.06,6.07,6.08,1700,8400,14900,13300,19900,49900,2300,1500,8700,500,1800,2900,9400,3200,6200,15900,1400,1100,15000,1500
16.0,5.92,20100,118493.0,5.92,5.91,5.89,5.88,5.87,5.86,5.85,5.84,5.83,5.8,5.94,5.95,5.96,5.97,5.98,5.99,6.05,6.06,6.07,6.08,2000,1600,8400,14900,13300,19900,49900,2300,1500,8700,1800,2900,9400,3200,6200,15900,1400,1100,15000,1500
17.0,5.89,24100,142145.0,5.89,5.88,5.87,5.86,5.85,5.84,5.83,5.8,5.71,5.7,5.91,5.94,5.95,5.96,5.97,5.98,5.99,6.05,6.06,6.07,8000,14900,13300,19900,49900,2300,1500,8700,500,3300,2100,1800,2900,9400,3200,6200,15900,1400,1100,15000
18.0,5.89,24100,142145.0,5.89,5.88,5.87,5.86,5.85,5.84,5.83,5.8,5.71,5.7,5.91,5.94,5.95,5.96,5.97,5.98,5.99,6.05,6.06,6.07,8000,14900,13300,19800,49900,2300,1500,8700,500,3300,2100,1800,2900,9400,3200,6200,15900,1400,1100,15000
19.0,5.89,24100,142145.0,5.89,5.88,5.87,5.86,5.85,5.84,5.83,5.8,5.71,5.7,5.91,5.94,5.95,5.96,5.97,5.98,5.99,6.05,6.06,6.07,8000,14900,13300,19800,49900,2300,1500,8700,500,3300,2100,1800,2900,9400,3200,6200,15900,1400,1100,15000
20.0,5.91,26200,154556.0,5.91,5.89,5.88,5.87,5.86,5.85,5.84,5.83,5.8,5.71,5.93,5.94,5.95,5.96,5.97,5.99,6.05,6.06,6.07,6.08,300,8000,13900,13300,19800,49900,2300,1500,8700,500,1700,1800,2900,9400,3200,15900,1400,1100,15000,1500
21.0,5.93,27200,160486.0,5.91,5.89,5.88,5.87,5.86,5.85,5.84,5.83,5.8,5.71,5.93,5.94,5.95,5.96,5.97,5.99,6.05,6.06,6.07,6.08,400,8000,13900,13300,19800,49900,2300,1500,8700,500,700,1800,2900,9400,3200,15900,1400,1100,15000,1500
22.0,5.93,27200,160486.0,5.91,5.89,5.88,5.87,5.86,5.85,5.84,5.83,5.8,5.72,5.93,5.94,5.95,5.96,5.97,5.99,6.05,6.06,6.07,6.08,400,8000,13900,13300,19800,49900,2300,1500,8700,2000,700,1800,2900,9400,3200,15900,1400,1100,15000,1500
23.0,5.93,27200,160486.0,5.91,5.89,5.88,5.87,5.86,5.85,5.84,5.83,5.8,5.72,5.93,5.94,5.95,5.96,5.97,5.99,6.05,6.06,6.07,6.08,400,8000,13900,13300,19800,49900,2300,1500,8700,2000,700,1800,2900,9400,3200,15900,1400,1100,15000,1500
24.0,5.93,27200,160486.0,5.91,5.89,5.88,5.87,5.86,5.85,5.84,5.83,5.8,5.72,5.93,5.94,5.95,5.96,5.97,5.99,6.05,6.06,6.07,6.08,400,8000,13900,13300,19800,49900,2300,1500,8700,2000,700,1800,2900,9400,3200,15900,1400,1100,15000,1500
25.0,5.89,28000,165206.0,5.9,5.89,5.88,5.87,5.86,5.85,5.84,5.83,5.8,5.72,5.93,5.94,5.95,5.96,5.97,5.99,6.05,6.06,6.07,6.08,1300,7600,13900,13300,19800,49900,2300,1500,8700,2000,700,1800,2900,9400,3200,15900,1400,1100,15000,1500
26.0,5.89,28000,165206.0,5.9,5.89,5.88,5.87,5.86,5.85,5.84,5.83,5.8,5.72,5.93,5.94,5.95,5.96,5.97,5.99,6.05,6.06,6.07,6.08,1300,7600,13900,13300,19800,49900,2300,1500,8700,2000,700,1800,2900,9400,3200,15900,1400,1100,15000,1500
27.0,5.89,28000,165206.0,5.9,5.89,5.88,5.87,5.86,5.85,5.84,5.83,5.8,5.72,5.93,5.94,5.95,5.96,5.97,5.99,6.05,6.06,6.07,6.08,1300,7600,13900,13300,19800,49900,2300,1500,8700,2000,700,1800,2900,9400,3200,15900,1400,1100,15000,1500
28.0,5.89,28000,165206.0,5.9,5.89,5.88,5.87,5.86,5.85,5.84,5.83,5.8,5.72,5.93,5.94,5.95,5.96,5.97,5.99,6.05,6.06,6.07,6.08,1300,7600,13900,13300,19800,49900,2300,1500,8700,2000,700,1800,2900,9400,3200,15900,1400,1100,15000,1500
29.0,5.89,28000,165206.0,5.9,5.89,5.88,5.87,5.86,5.85,5.84,5.83,5.8,5.72,5.93,5.94,5.95,5.96,5.97,5.99,6.05,6.06,6.07,6.08,1300,7600,13900,13300,19800,49900,2300,1500,8700,2000,700,1800,2900,9400,3200,15900,1400,1100,15000,1500
30.0,5.89,28000,165206.0,5.9,5.89,5.88,5.87,5.86,5.85,5.84,5.83,5.8,5.72,5.93,5.94,5.95,5.96,5.97,5.99,6.05,6.06,6.07,6.08,1300,7600,13900,13300,19800,49900,2300,1500,8700,2000,700,1800,2900,9400,3200,15900,1400,1100,15000,1500
31.0,5.93,28100,165799.0,5.9,5.89,5.88,5.87,5.86,5.85,5.84,5.83,5.8,5.72,5.93,5.94,5.95,5.96,5.97,5.99,6.05,6.06,6.07,6.08,1300,7600,13900,13300,19800,49900,2300,1500,8700,2000,600,1800,2900,9400,3200,15900,1400,1100,15000,1500
32.0,5.93,28100,165799.0,5.9,5.89,5.88,5.87,5.86,5.85,5.84,5.83,5.8,5.72,5.93,5.94,5.95,5.96,5.97,5.99,6.05,6.06,6.07,6.08,1300,7600,13900,13300,19800,49900,2300,1500,8700,2000,600,1800,2900,9400,3200,15900,1400,1100,15000,1500
33.0,5.91,32200,190030.0,5.9,5.89,5.88,5.87,5.86,5.85,5.84,5.83,5.8,5.72,5.91,5.93,5.94,5.95,5.96,5.97,5.98,5.99,6.05,6.06,1300,7600,13900,13300,19800,49900,2300,1500,8700,2000,4500,600,1800,2900,9400,3200,12000,15900,1400,1100
34.0,5.91,32600,192394.0,5.9,5.89,5.88,5.87,5.86,5.85,5.84,5.83,5.8,5.72,5.91,5.93,5.94,5.95,5.96,5.97,5.98,5.99,6.05,6.06,1300,7600,13900,13300,19800,49900,2300,1500,8700,2000,4100,600,1800,2900,9400,3200,12000,15900,1400,1100
35.0,5.91,32600,192394.0,5.9,5.89,5.88,5.87,5.86,5.85,5.84,5.83,5.8,5.72,5.91,5.93,5.94,5.95,5.96,5.97,5.98,5.99,6.05,6.06,1300,7600,13900,13300,19800,49900,2300,1500,8700,2000,4100,600,1800,9100,9400,3200,12000,15900,1400,1100
36.0,5.91,32600,192394.0,5.9,5.89,5.88,5.87,5.86,5.85,5.84,5.83,5.8,5.72,5.91,5.93,5.94,5.95,5.96,5.97,5.98,5.99,6.05,6.06,1300,7600,13900,13300,19800,49900,2300,1500,8700,2000,4100,600,1800,9100,9400,3200,12000,15900,1400,1100
37.0,5.91,33000,194758.0,5.9,5.89,5.88,5.87,5.86,5.85,5.84,5.83,5.8,5.72,5.91,5.93,5.94,5.95,5.96,5.97,5.98,5.99,6.05,6.06,1300,7600,13900,13300,19800,49900,2300,1500,8700,2000,3700,600,1800,9100,9400,3200,12000,15900,1400,1100
38.0,5.91,33300,196531.0,5.9,5.89,5.88,5.87,5.86,5.85,5.84,5.83,5.8,5.72,5.91,5.93,5.94,5.95,5.96,5.97,5.98,5.99,6.05,6.06,1300,7600,13900,13300,19800,49900,2300,1500,8700,2000,3400,600,1800,9100,9400,3200,12000,15900,1400,1100
39.0,5.91,33300,196531.0,5.9,5.89,5.88,5.87,5.86,5.85,5.84,5.83,5.8,5.72,5.91,5.93,5.94,5.95,5.96,5.97,5.98,5.99,6.05,6.06,1300,7600,13900,13300,19800,49900,2300,1500,8700,2000,3400,600,1800,9100,9400,3200,12000,15900,1400,1100
40.0,5.91,33600,198304.0,5.9,5.89,5.88,5.87,5.86,5.85,5.84,5.83,5.8,5.72,5.91,5.93,5.94,5.95,5.96,5.97,5.98,5.99,6.05,6.06,1300,7600,13900,13300,19800,49900,2300,1500,8700,2000,3100,600,1800,9100,9400,3200,12000,15900,1400,1100
41.0,5.91,33600,198304.0,5.9,5.89,5.88,5.87,5.86,5.85,5.84,5.83,5.8,5.72,5.91,5.93,5.94,5.95,5.96,5.97,5.98,5.99,6.05,6.06,1300,7600,13900,13300,19800,49900,2300,1500,8700,2000,3100,600,1800,9100,9400,3200,12000,15900,1400,1100
42.0,5.91,34200,201850.0,5.9,5.89,5.88,5.87,5.86,5.85,5.84,5.83,5.8,5.72,5.91,5.93,5.94,5.95,5.96,5.97,5.98,5.99,6.05,6.06,1300,7600,13900,13300,19800,49900,2300,1500,8700,2000,2500,600,1800,9100,9400,3200,12000,15900,1400,1100
43.0,5.91,34400,203032.0,5.9,5.89,5.88,5.87,5.86,5.85,5.84,5.83,5.8,5.72,5.91,5.93,5.94,5.95,5.96,5.97,5.98,5.99,6.05,6.06,1300,7600,13900,13300,19800,49900,2300,1500,8700,2000,2300,600,1800,9100,9400,3200,12000,15900,1400,1100
44.0,5.91,34400,203032.0,5.9,5.89,5.88,5.87,5.86,5.85,5.84,5.83,5.8,5.72,5.91,5.93,5.94,5.95,5.96,5.97,5.98,5.99,6.05,6.06,1300,7600,13900,13300,19800,49900,2300,1500,8700,2000,2300,600,1800,9100,9400,3200,12000,15900,1400,1100
45.0,5.91,34600,204214.0,5.9,5.89,5.88,5.87,5.86,5.85,5.84,5.83,5.8,5.72,5.93,5.94,5.95,5.96,5.97,5.98,5.99,6.05,6.06,6.07,1300,7600,13900,13300,19800,49900,2300,1500,8700,2000,600,1800,9100,9400,3200,12000,15900,1400,1100,15000
46.0,5.91,34600,204214.0,5.9,5.89,5.88,5.87,5.86,5.85,5.84,5.83,5.8,5.72,5.93,5.94,5.95,5.96,5.97,5.98,5.99,6.05,6.06,6.07,1300,7600,13900,13300,19800,49900,2300,1500,8700,2000,600,1800,9100,9400,3200,12000,15900,1400,1100,15000
47.0,5.91,34600,204214.0,5.9,5.89,5.88,5.87,5.86,5.85,5.84,5.83,5.8,5.72,5.93,5.94,5.95,5.96,5.97,5.98,5.99,6.05,6.06,6.07,1300,7600,13900,13300,19800,49900,2300,1500,8700,2000,600,1800,9100,9400,3200,12000,15900,1400,1100,15000
48.0,5.91,34600,204214.0,5.9,5.89,5.88,5.87,5.86,5.85,5.84,5.83,5.8,5.72,5.93,5.94,5.95,5.96,5.97,5.98,5.99,6.05,6.06,6.07,1300,7600,13900,13300,19800,49900,2300,1500,8700,2000,600,4500,9100,9400,3200,12000,15900,1400,1100,15000
49.0,5.91,34600,204214.0,5.9,5.89,5.88,5.87,5.86,5.85,5.84,5.83,5.8,5.72,5.93,5.94,5.95,5.96,5.97,5.98,5.99,6.05,6.06,6.07,1300,7600,13900,13300,19800,49900,2300,1500,8700,2000,600,4500,9100,9400,3200,12000,15900,1400,1100,15000
50.0,5.91,34600,204214.0,5.9,5.89,5.88,5.87,5.86,5.85,5.84,5.83,5.8,5.72,5.93,5.94,5.95,5.96,5.97,5.98,5.99,6.05,6.06,6.07,1300,7600,13900,13300,19800,49900,2300,1500,8700,2000,600,4500,9100,9400,3200,12000,15900,1400,1100,15000
51.0,5.91,34600,204214.0,5.9,5.89,5.88,5.87,5.86,5.85,5.84,5.83,5.8,5.72,5.93,5.94,5.95,5.96,5.97,5.98,5.99,6.05,6.06,6.07,1400,7600,13900,13300,19800,49900,2300,1500,8700,2000,600,4500,9100,9400,3200,12000,15900,1400,1100,15000
52.0,5.91,34600,204214.0,5.9,5.89,5.88,5.87,5.86,5.85,5.84,5.83,5.8,5.72,5.93,5.94,5.95,5.96,5.97,5.98,5.99,6.05,6.06,6.07,1400,7600,13900,13300,19800,49900,2300,1500,8700,2000,600,4500,9100,9400,3200,12000,15900,1400,1100,15000
53.0,5.93,34700,204807.0,5.91,5.9,5.89,5.88,5.87,5.86,5.85,5.84,5.83,5.8,5.93,5.94,5.95,5.96,5.97,5.98,5.99,6.05,6.06,6.07,1000,1400,7600,13900,13300,19800,49900,2300,1500,8700,500,4500,9100,9400,3200,12000,15900,1400,1100,15000
54.0,5.93,34700,204807.0,5.91,5.9,5.89,5.88,5.87,5.86,5.85,5.84,5.83,5.8,5.93,5.94,5.95,5.96,5.97,5.98,5.99,6.05,6.06,6.07,1000,1400,7600,13900,13300,19800,49900,2300,1500,8700,500,4500,9100,9400,3200,12000,15900,1400,1100,15000
55.0,5.93,34700,204807.0,5.91,5.9,5.89,5.88,5.87,5.86,5.85,5.84,5.83,5.8,5.93,5.94,5.95,5.96,5.97,5.98,5.99,6.05,6.06,6.07,1000,1400,7600,13900,13300,19800,49900,2300,1500,8700,500,4500,9100,9400,3200,12000,15900,1400,1100,15000
56.0,5.93,34700,204807.0,5.91,5.9,5.89,5.88,5.87,5.86,5.85,5.84,5.83,5.8,5.93,5.94,5.95,5.96,5.97,5.98,5.99,6.05,6.06,6.07,1000,1400,7600,13900,13300,19800,49900,2300,1500,8700,500,4500,9100,9400,3200,12000,15900,1400,1100,15000
57.0,5.93,34700,204807.0,5.91,5.9,5.89,5.88,5.87,5.86,5.85,5.84,5.83,5.8,5.93,5.94,5.95,5.96,5.97,5.98,5.99,6.05,6.06,6.07,1000,1400,7600,13900,13300,19800,49900,2300,1500,8700,500,4500,9100,9400,3200,12000,15900,1400,1100,15000
58.0,5.93,34700,204807.0,5.91,5.9,5.89,5.88,5.87,5.86,5.85,5.84,5.83,5.8,5.92,5.93,5.94,5.95,5.96,5.97,5.98,5.99,6.05,6.06,1000,1400,7600,13900,13300,19800,49900,2300,1500,8700,4500,500,4500,9100,9400,600,12000,15900,1400,1100
59.0,5.93,34700,204807.0,5.91,5.9,5.89,5.88,5.87,5.86,5.85,5.84,5.83,5.8,5.92,5.93,5.94,5.95,5.96,5.97,5.98,5.99,6.05,6.06,1000,1400,7600,13900,13300,19800,49900,2300,1500,8700,4500,500,4500,9100,9400,600,12000,15900,1400,1100
60.0,5.92,35100,207175.0,5.91,5.9,5.89,5.88,5.87,5.86,5.85,5.84,5.83,5.8,5.92,5.93,5.94,5.95,5.96,5.97,5.98,5.99,6.05,6.06,1000,1400,7600,13900,13300,19800,49900,2300,1500,8700,4100,500,4500,9100,9400,600,12000,15900,1400,1100
61.0,5.91,36100,213085.0,5.9,5.89,5.88,5.87,5.86,5.85,5.84,5.83,5.8,5.72,5.91,5.93,5.94,5.95,5.96,5.97,5.98,5.99,6.05,6.06,1400,7600,13900,13300,19800,49900,2300,1500,8700,2000,2000,500,4500,9100,9400,600,12000,15900,1400,1100
62.0,5.91,36100,213085.0,5.9,5.89,5.88,5.87,5.86,5.85,5.84,5.83,5.8,5.72,5.91,5.93,5.94,5.95,5.96,5.97,5.98,5.99,6.05,6.06,1400,7600,13900,13300,19800,49900,2300,1500,8700,2000,2000,500,4500,9100,9400,600,12000,15900,1400,1100
63.0,5.91,36100,213085.0,5.9,5.89,5.88,5.87,5.86,5.85,5.84,5.83,5.8,5.72,5.91,5.93,5.94,5.95,5.96,5.97,5.98,5.99,6.05,6.06,1400,7600,13900,13300,19800,49900,2300,1500,8700,2000,2000,500,4500,9100,9400,600,12000,15900,1400,1100
64.0,5.91,36500,215449.0,5.9,5.89,5.88,5.87,5.86,5.85,5.84,5.83,5.8,5.72,5.91,5.93,5.94,5.95,5.96,5.97,5.98,5.99,6.05,6.06,1400,7600,13900,13300,19800,49900,2300,1500,8700,2000,1600,500,4500,9100,9400,600,12000,15900,1400,1100
65.0,5.91,36600,216040.0,5.9,5.89,5.88,5.87,5.86,5.85,5.84,5.83,5.8,5.72,5.91,5.93,5.94,5.95,5.96,5.97,5.98,5.99,6.05,6.06,1400,7600,19000,13300,19800,49900,2300,1500,8700,2000,1400,500,4500,9100,9400,600,12000,15900,1400,1100
66.0,5.91,36600,216040.0,5.9,5.89,5.88,5.87,5.86,5.85,5.84,5.8,5.72,5.71,5.91,5.93,5.94,5.95,5.96,5.97,5.98,5.99,6.05,6.06,1400,7600,19000,13300,19800,49900,2400,8700,2000,500,1400,500,4500,9100,9400,600,12000,15900,1400,1100
67.0,5.91,36700,216631.0,5.9,5.89,5.88,5.87,5.86,5.85,5.84,5.8,5.72,5.71,5.91,5.93,5.94,5.95,5.96,5.97,5.98,5.99,6.05,6.06,100,7600,19000,13300,19500,49900,2400,8700,2000,500,1300,500,4500,9100,9400,600,12000,15900,1400,1100
68.0,5.91,36900,217813.0,5.9,5.89,5.88,5.87,5.86,5.85,5.84,5.8,5.72,5.71,5.91,5.93,5.94,5.95,5.96,5.97,5.98,5.99,6.05,6.06,100,7600,19000,13300,19500,49900,2400,8700,2000,500,1100,500,4500,9100,9400,600,12000,15900,1400,1100
69.0,5.91,36900,217813.0,5.9,5.89,5.88,5.87,5.86,5.85,5.84,5.8,5.72,5.71,5.91,5.93,5.94,5.95,5.96,5.97,5.98,5.99,6.05,6.06,100,7600,19000,13300,19500,49900,2400,8700,2000,500,1100,500,4500,9100,9400,600,12000,15900,1400,1100
70.0,5.91,36900,217813.0,5.9,5.89,5.88,5.87,5.86,5.85,5.84,5.8,5.72,5.71,5.91,5.93,5.94,5.95,5.96,5.97,5.98,5.99,6.05,6.06,100,7600,19000,13300,19500,49900,2400,8700,2000,500,1100,500,4500,9100,9400,600,12000,15900,1400,1100
71.0,5.91,37500,221359.0,5.9,5.89,5.88,5.87,5.86,5.85,5.84,5.8,5.72,5.71,5.91,5.93,5.94,5.95,5.96,5.97,5.98,5.99,6.05,6.06,100,7600,19000,13300,19500,49900,2400,8700,2000,500,500,500,4500,9100,9400,600,12000,15900,1400,1100
72.0,5.91,38000,224314.0,5.91,5.9,5.89,5.88,5.87,5.86,5.85,5.84,5.8,5.72,5.93,5.94,5.95,5.96,5.97,5.98,5.99,6.05,6.06,6.07,800,100,7600,19000,13300,19500,49900,2400,8700,2000,500,4500,9100,9400,600,12000,15900,1400,1100,15000
73.0,5.91,38000,224314.0,5.91,5.9,5.89,5.88,5.87,5.86,5.85,5.84,5.8,5.72,5.93,5.94,5.95,5.96,5.97,5.98,5.99,6.05,6.06,6.07,800,100,7600,19000,13300,19500,49900,2400,8700,2000,500,4500,9100,9400,600,12000,15900,1400,1100,15000
74.0,5.91,38000,224314.0,5.91,5.9,5.89,5.88,5.87,5.86,5.85,5.84,5.8,5.72,5.93,5.94,5.95,5.96,5.97,5.98,5.99,6.05,6.06,6.07,900,100,7600,19000,13300,19500,49900,2400,8700,2000,500,4500,9100,9400,600,12000,15900,1400,1100,15000
75.0,5.91,38100,224905.0,5.91,5.9,5.89,5.88,5.87,5.86,5.85,5.84,5.8,5.72,5.93,5.94,5.95,5.96,5.97,5.98,5.99,6.05,6.06,6.07,900,100,7600,19000,13300,19500,49900,2400,8700,2000,500,4500,9100,9400,600,12000,15900,1400,1100,15000
76.0,5.93,38200,225498.0,5.91,5.9,5.89,5.88,5.87,5.86,5.85,5.84,5.8,5.72,5.93,5.94,5.95,5.96,5.97,5.98,5.99,6.05,6.06,6.07,900,100,7600,20500,13300,19500,49900,2400,8700,2000,400,4500,9100,9400,600,12000,15900,1400,1100,15000
77.0,5.91,38900,229635.0,5.91,5.9,5.89,5.88,5.87,5.86,5.85,5.84,5.8,5.72,5.94,5.95,5.96,5.97,5.98,5.99,6.05,6.06,6.07,6.08,800,100,7600,20500,13300,19500,49900,2400,8700,2000,4500,9100,9400,600,12000,15900,1400,1100,15000,1500
78.0,5.91,38900,229635.0,5.91,5.9,5.89,5.88,5.87,5.86,5.85,5.84,5.8,5.72,5.94,5.95,5.96,5.97,5.98,5.99,6.05,6.06,6.07,6.08,800,100,7600,20500,13300,19500,49900,2400,8700,2000,4500,9100,9400,600,12000,15900,1400,1100,15000,1500
79.0,5.91,38900,229635.0,5.91,5.9,5.89,5.88,5.87,5.86,5.85,5.84,5.8,5.72,5.94,5.95,5.96,5.97,5.98,5.99,6.05,6.06,6.07,6.08,800,100,7600,20500,13300,19500,49900,2400,8700,2000,4500,9100,9400,600,12000,15900,1400,1100,15000,1500
80.0,5.91,38900,229635.0,5.91,5.9,5.89,5.88,5.87,5.86,5.85,5.84,5.8,5.72,5.93,5.94,5.95,5.96,5.97,5.98,5.99,6.05,6.06,6.07,800,100,7600,20500,13300,19500,49900,2400,8700,2000,3100,4500,2900,9400,600,12000,15900,1400,1100,15000
81.0,5.93,39500,233193.0,5.91,5.9,5.89,5.88,5.87,5.86,5.85,5.84,5.8,5.72,5.93,5.94,5.95,5.96,5.97,5.98,5.99,6.05,6.06,6.07,800,100,7600,20500,13300,19500,49900,2400,8700,2000,2500,4500,2900,9400,600,12000,15900,1400,1100,15000
82.0,5.93,39500,233193.0,5.91,5.9,5.89,5.88,5.87,5.86,5.85,5.84,5.8,5.72,5.92,5.93,5.94,5.95,5.96,5.97,5.98,5.99,6.05,6.06,800,100,7600,20500,13300,19500,49900,600,8700,2000,4500,300,4500,2900,9400,600,12000,15900,1400,1100
83.0,5.93,39500,233193.0,5.91,5.9,5.89,5.88,5.87,5.86,5.85,5.84,5.8,5.72,5.92,5.93,5.94,5.95,5.96,5.97,5.98,5.99,6.05,6.06,800,100,7600,20500,13300,19500,49900,600,8700,2000,4500,300,4500,9100,9400,600,12000,15900,1400,1100
84.0,5.92,39900,235561.0,5.91,5.9,5.89,5.88,5.87,5.86,5.85,5.84,5.8,5.72,5.92,5.93,5.94,5.95,5.96,5.97,5.98,5.99,6.05,6.06,800,100,7600,20500,13300,19500,49900,600,8700,2000,4100,300,4500,9100,9400,600,12000,15900,1400,1100
85.0,5.92,39900,235561.0,5.91,5.9,5.89,5.88,5.87,5.86,5.85,5.84,5.8,5.72,5.92,5.93,5.94,5.95,5.96,5.97,5.98,5.99,6.05,6.06,800,100,7600,20500,13300,19500,49900,600,8700,2000,4100,300,4500,9100,9400,600,12000,15900,1400,1100
86.0,5.92,39900,235561.0,5.91,5.9,5.89,5.88,5.87,5.86,5.85,5.84,5.8,5.72,5.92,5.93,5.94,5.95,5.96,5.97,5.98,5.99,6.05,6.06,800,100,7600,20500,13300,19500,49900,600,8700,2000,4100,300,4500,9100,9400,600,12000,15900,1400,1100
87.0,5.91,40300,237925.0,5.91,5.9,5.89,5.88,5.87,5.86,5.85,5.84,5.8,5.72,5.93,5.94,5.95,5.96,5.97,5.98,5.99,6.05,6.06,6.07,400,100,7600,20500,13300,19500,49900,600,8700,2000,12400,4500,9100,9400,600,12000,15900,1400,1100,15000
88.0,5.91,43100,254521.0,5.9,5.89,5.88,5.87,5.86,5.85,5.84,5.8,5.72,5.71,5.93,5.94,5.95,5.96,5.97,5.98,5.99,6.05,6.06,6.07,100,7600,20500,13300,19500,49900,600,8700,2000,500,10000,4500,9100,9400,600,12000,15900,1400,1100,15000
89.0,5.9,44200,261041.0,5.89,5.88,5.87,5.86,5.85,5.84,5.8,5.72,5.71,5.7,5.9,5.93,5.94,5.95,5.96,5.97,5.98,5.99,6.05,6.06,7600,20500,13300,19500,49900,600,8700,2000,500,3300,200,9000,4500,9100,9400,600,12000,15900,1400,1100
90.0,5.9,44200,261041.0,5.89,5.88,5.87,5.86,5.85,5.84,5.8,5.72,5.71,5.7,5.9,5.93,5.94,5.95,5.96,5.97,5.98,5.99,6.05,6.06,7600,20500,13300,19500,49900,600,8700,2000,500,3300,200,9000,4500,9100,9400,600,12000,15900,1400,1100
91.0,5.9,44200,261041.0,5.89,5.88,5.87,5.86,5.85,5.84,5.8,5.72,5.71,5.7,5.9,5.93,5.94,5.95,5.96,5.97,5.98,5.99,6.05,6.06,7600,20500,13300,19500,49900,600,8700,2000,500,3300,200,9000,4500,9100,9400,600,12000,13200,1400,1100
92.0,5.9,44300,261631.0,5.89,5.88,5.87,5.86,5.85,5.84,5.8,5.72,5.71,5.7,5.9,5.93,5.94,5.95,5.96,5.97,5.98,5.99,6.05,6.06,7600,20500,13300,19500,49900,600,8700,2000,500,3300,100,9000,4500,9100,9400,600,12000,13200,1400,1100
93.0,5.9,44300,261631.0,5.89,5.88,5.87,5.86,5.85,5.84,5.8,5.72,5.71,5.7,5.9,5.93,5.94,5.95,5.96,5.97,5.98,5.99,6.05,6.06,7600,22300,13300,19500,49900,600,8700,2000,500,3300,100,9000,4500,9100,9400,600,12000,13200,1400,1100
94.0,5.9,44400,262221.0,5.9,5.89,5.88,5.87,5.86,5.85,5.84,5.8,5.72,5.71,5.92,5.93,5.94,5.95,5.96,5.97,5.98,5.99,6.05,6.06,2400,7600,22300,13300,19500,49900,600,8700,2000,500,4500,9000,4500,9100,9400,600,12000,13200,1400,1100
95.0,5.9,44400,262221.0,5.9,5.89,5.88,5.87,5.86,5.85,5.84,5.8,5.72,5.71,5.92,5.94,5.95,5.96,5.97,5.98,5.99,6.05,6.06,6.07,2400,7600,22300,13300,19500,41800,600,8700,2000,500,4500,4500,9100,9400,600,12000,13200,1400,1100,15000
96.0,5.92,44800,264589.0,5.9,5.89,5.88,5.87,5.86,5.85,5.84,5.8,5.72,5.71,5.92,5.94,5.95,5.96,5.97,5.98,5.99,6.05,6.06,6.07,2400,7600,22300,13300,19500,41800,600,8700,2000,500,4100,4500,9100,9400,600,12000,13200,1400,1100,15000
97.0,5.92,45200,266957.0,5.9,5.89,5.88,5.87,5.86,5.85,5.84,5.83,5.8,5.72,5.92,5.94,5.95,5.96,5.97,5.98,5.99,6.05,6.06,6.07,2400,7600,22300,13300,19500,41800,600,200,3100,2000,3700,4500,9100,9400,600,12000,13200,1400,1100,15000
98.0,5.92,45200,266957.0,5.9,5.89,5.88,5.87,5.86,5.85,5.84,5.83,5.8,5.72,5.92,5.94,5.95,5.96,5.97,5.98,5.99,6.05,6.06,6.07,2400,7600,22300,13300,19500,41800,600,200,3100,2000,3700,4500,9100,9400,600,12000,13200,1400,1100,15000
99.0,5.92,45900,271101.0,5.9,5.89,5.88,5.87,5.86,5.85,5.84,5.83,5.8,5.72,5.92,5.94,5.95,5.96,5.97,5.98,5.99,6.05,6.06,6.07,2400,7600,22300,13300,17600,41800,600,200,3100,2000,3000,4500,9100,9400,600,12000,13200,1400,1100,15000
100.0,5.92,46200,272877.0,5.9,5.89,5.88,5.87,5.86,5.85,5.84,5.83,5.8,5.72,5.92,5.94,5.95,5.96,5.97,5.98,5.99,6.05,6.06,6.07,2400,7600,22300,13300,17600,41800,600,200,3100,2000,2700,4500,9100,9400,600,12000,13200,1400,1100,15000
101.0,5.92,46200,272877.0,5.9,5.89,5.88,5.87,5.86,5.85,5.84,5.83,5.8,5.72,5.92,5.94,5.95,5.96,5.97,5.98,5.99,6.05,6.06,6.07,2400,15600,22300,13300,17600,41800,600,200,3100,2000,2700,4500,9100,9400,600,12000,13200,1400,1100,15000
102.0,5.92,46200,272877.0,5.9,5.89,5.88,5.87,5.86,5.85,5.84,5.83,5.8,5.72,5.92,5.94,5.95,5.96,5.97,5.98,5.99,6.05,6.06,6.07,2400,15600,22300,13300,17600,41800,600,200,3100,2000,2700,4500,9100,9400,600,12000,13200,1400,1100,15000
103.0,5.92,46200,272877.0,5.9,5.89,5.88,5.87,5.86,5.85,5.84,5.83,5.8,5.72,5.92,5.94,5.95,5.96,5.97,5.98,5.99,6.05,6.06,6.07,2400,15600,22300,13300,17600,41800,600,200,3100,2000,2700,4500,9100,9400,600,12000,13200,1400,1100,15000
104.0,5.92,46600,275245.0,5.9,5.89,5.88,5.87,5.86,5.85,5.84,5.83,5.8,5.72,5.92,5.94,5.95,5.96,5.97,5.98,5.99,6.05,6.06,6.07,2400,15600,22300,13300,17600,41800,600,200,3100,2000,2300,4500,9100,9400,600,12000,13200,1400,1100,15000
105.0,5.92,46600,275245.0,5.9,5.89,5.88,5.87,5.86,5.85,5.84,5.83,5.8,5.72,5.92,5.94,5.95,5.96,5.97,5.98,5.99,6.05,6.06,6.07,7900,15600,22300,13300,17600,41800,600,200,3100,2000,2300,4500,9100,9400,600,12000,13200,1400,1100,15000
106.0,5.92,46600,275245.0,5.9,5.89,5.88,5.87,5.86,5.85,5.84,5.83,5.8,5.72,5.92,5.94,5.95,5.96,5.97,5.98,5.99,6.05,6.06,6.07,7900,15600,22300,13300,17600,41800,600,200,3100,2000,2300,4500,9100,9400,600,12000,13200,1400,1100,15000
107.0,5.92,46600,275245.0,5.9,5.89,5.88,5.87,5.86,5.85,5.84,5.83,5.8,5.72,5.92,5.94,5.95,5.96,5.97,5.98,5.99,6.05,6.06,6.07,7900,15600,22300,13300,17600,41800,600,200,3100,2000,2300,4500,9100,9400,600,12000,13200,1400,1100,15000
108.0,5.92,46600,275245.0,5.9,5.89,5.88,5.87,5.86,5.85,5.84,5.83,5.8,5.72,5.92,5.94,5.95,5.96,5.97,5.98,5.99,6.05,6.06,6.07,7900,15600,22300,13300,17600,41800,600,200,3100,2000,2300,4500,9100,9400,600,12000,13200,1400,1100,15000
109.0,5.92,46600,275245.0,5.9,5.89,5.88,5.87,5.86,5.85,5.84,5.83,5.8,5.72,5.92,5.94,5.95,5.96,5.97,5.98,5.99,6.05,6.06,6.07,7900,15600,22300,13300,17600,41800,600,200,3100,2000,2300,4500,9100,9400,600,12000,13200,1400,1100,15000
110.0,5.92,46600,275245.0,5.9,5.89,5.88,5.87,5.86,5.85,5.84,5.83,5.8,5.72,5.92,5.94,5.95,5.96,5.97,5.98,5.99,6.05,6.06,6.07,7900,15600,22300,13300,17600,41800,600,200,3100,2000,2300,4500,9100,9400,600,12000,13200,1400,1100,15000
111.0,5.92,47200,278797.0,5.9,5.89,5.88,5.87,5.86,5.85,5.84,5.83,5.8,5.72,5.92,5.94,5.95,5.96,5.97,5.98,5.99,6.05,6.06,6.07,7900,15600,22300,13300,17600,41800,600,200,3100,2000,1700,4500,9100,9400,600,12000,13200,1400,1100,15000
112.0,5.92,47200,278797.0,5.9,5.89,5.88,5.87,5.86,5.85,5.84,5.83,5.82,5.8,5.92,5.94,5.95,5.96,5.97,5.98,5.99,6.05,6.06,6.07,7900,15600,22300,13300,17600,41800,600,200,300,3100,1700,4500,9100,9400,600,12000,13200,1400,1100,15000
113.0,5.9,48200,284697.0,5.9,5.89,5.88,5.87,5.86,5.85,5.84,5.83,5.82,5.8,5.92,5.94,5.95,5.96,5.97,5.98,5.99,6.05,6.06,6.07,6900,15600,22300,13300,17600,41800,600,200,300,3100,6700,4500,9100,9400,600,12000,13200,1400,1100,15000
114.0,5.9,48200,284697.0,5.9,5.89,5.88,5.87,5.86,5.85,5.84,5.83,5.82,5.8,5.92,5.94,5.95,5.96,5.97,5.98,5.99,6.05,6.06,6.07,9900,15600,22300,13300,17600,41800,600,200,300,3100,6700,4500,9100,9400,600,12000,13200,1400,1100,15000
115.0,5.9,48200,284697.0,5.9,5.89,5.88,5.87,5.86,5.85,5.84,5.83,5.82,5.8,5.92,5.94,5.95,5.96,5.97,5.98,5.99,6.05,6.06,6.07,9900,15600,22300,13300,17600,41800,600,200,300,3100,6700,4500,9100,9400,600,12000,13200,1400,1100,15000
116.0,5.9,48200,284697.0,5.91,5.9,5.89,5.88,5.87,5.86,5.85,5.84,5.83,5.82,5.92,5.94,5.95,5.96,5.97,5.98,5.99,6.05,6.06,6.07,2000,9900,15600,22300,13300,17600,41800,600,200,300,6700,4500,9100,9400,600,12000,13200,1400,1100,15000
117.0,5.92,48800,288249.0,5.91,5.9,5.89,5.88,5.87,5.86,5.85,5.84,5.83,5.82,5.92,5.94,5.95,5.96,5.97,5.98,5.99,6.05,6.06,6.07,2000,9900,15600,22300,13300,17600,41800,600,200,300,6100,4500,9100,9400,600,15000,13200,1400,1100,15000
118.0,5.92,49400,291801.0,5.91,5.9,5.89,5.88,5.87,5.86,5.85,5.84,5.83,5.82,5.92,5.94,5.95,5.96,5.97,5.98,5.99,6.05,6.06,6.07,2000,9900,15600,22300,13300,17600,41800,600,200,300,5500,4500,9100,9400,600,15000,13200,1400,1100,15000
119.0,5.92,49400,291801.0,5.91,5.9,5.89,5.88,5.87,5.86,5.85,5.84,5.83,5.82,5.92,5.94,5.95,5.96,5.97,5.98,5.99,6.05,6.06,6.07,2000,9900,15600,22300,13300,17600,41800,600,200,300,5500,4500,9100,9400,600,15000,13200,1400,1100,15000
120.0,5.92,49400,291801.0,5.91,5.9,5.89,5.88,5.87,5.86,5.85,5.84,5.83,5.82,5.92,5.94,5.95,5.96,5.97,5.98,5.99,6.05,6.06,6.07,2000,9900,15600,22300,13300,17600,41800,600,200,300,5500,4500,9100,9400,600,15000,13200,1400,1100,15000
121.0,5.92,49900,294761.0,5.91,5.9,5.89,5.88,5.87,5.86,5.85,5.84,5.83,5.82,5.92,5.94,5.95,5.96,5.97,5.98,5.99,6.05,6.06,6.07,2000,9900,15600,27200,13300,17600,41800,600,200,300,5000,4500,9100,9400,600,15000,13200,1400,1100,15000
122.0,5.92,50900,300681.0,5.91,5.9,5.89,5.88,5.87,5.86,5.85,5.84,5.83,5.82,5.92,5.94,5.95,5.96,5.97,5.98,5.99,6.05,6.06,6.07,2000,9900,15600,27200,13300,17600,41800,600,200,300,4000,4500,9100,9400,600,15000,13200,1400,1100,15000
123.0,5.92,50900,300681.0,5.91,5.9,5.89,5.88,5.87,5.86,5.85,5.84,5.83,5.82,5.92,5.94,5.95,5.96,5.97,5.98,5.99,6.05,6.06,6.07,2000,9900,15600,27200,13300,17600,41800,600,200,300,4000,4500,9100,9400,600,15000,13200,1400,1100,15000
124.0,5.92,51300,303049.0,5.91,5.9,5.89,5.88,5.87,5.86,5.85,5.84,5.83,5.82,5.92,5.94,5.95,5.96,5.97,5.98,5.99,6.05,6.06,6.07,2000,9900,15600,27200,13300,17600,41800,600,200,300,3600,4500,9100,9400,600,15000,13200,1400,1100,15000
125.0,5.92,51300,303049.0,5.91,5.9,5.89,5.88,5.87,5.86,5.85,5.84,5.83,5.82,5.92,5.94,5.95,5.96,5.97,5.98,5.99,6.05,6.06,6.07,2000,9900,15600,27200,13300,17600,41800,600,200,300,3600,4500,9100,9400,600,15000,13200,1400,1100,15000
126.0,5.92,51600,304825.0,5.91,5.9,5.89,5.88,5.87,5.86,5.85,5.84,5.83,5.82,5.92,5.94,5.95,5.96,5.97,5.98,5.99,6.05,6.06,6.07,2000,9900,15600,27200,13300,17600,41800,600,200,300,3300,4500,9100,9400,600,15000,13200,1400,1100,15000
127.0,5.92,51900,306601.0,5.91,5.9,5.89,5.88,5.87,5.86,5.85,5.84,5.83,5.82,5.92,5.94,5.95,5.96,5.97,5.98,5.99,6.05,6.06,6.07,2000,9900,15600,27200,13300,17600,41800,600,200,300,3100,4500,9100,9400,600,15000,13200,1400,1100,15000
128.0,5.92,51900,306601.0,5.91,5.9,5.89,5.88,5.87,5.86,5.85,5.84,5.83,5.82,5.92,5.94,5.95,5.96,5.97,5.98,5.99,6.05,6.06,6.07,2000,9900,15600,27200,13300,17600,41800,600,200,300,3100,4500,9100,9400,600,15000,13200,1400,1100,15000
129.0,5.92,51900,306601.0,5.91,5.9,5.89,5.88,5.87,5.86,5.85,5.84,5.83,5.82,5.92,5.94,5.95,5.96,5.97,5.98,5.99,6.05,6.06,6.07,2000,9900,15600,27200,13300,17600,41800,600,200,300,3100,4500,9100,9400,600,15000,13200,1400,1100,15000
130.0,5.92,51900,306601.0,5.91,5.9,5.89,5.88,5.87,5.86,5.85,5.84,5.83,5.82,5.92,5.94,5.95,5.96,5.97,5.98,5.99,6.05,6.06,6.07,2000,9900,15600,27200,13300,17600,41800,600,200,300,3100,4500,9100,9400,600,15000,13200,1400,1100,15000
131.0,5.92,52200,308377.0,5.91,5.9,5.89,5.88,5.87,5.86,5.85,5.84,5.83,5.82,5.92,5.94,5.95,5.96,5.97,5.98,5.99,6.05,6.06,6.07,2000,9900,15600,27200,13300,17600,41800,600,200,300,2800,4500,9100,9400,600,15000,13200,1400,1100,15000
132.0,5.92,52200,308377.0,5.91,5.9,5.89,5.88,5.87,5.86,5.85,5.84,5.83,5.82,5.92,5.94,5.95,5.96,5.97,5.98,5.99,6.05,6.06,6.07,2000,9900,15600,27200,13300,17600,41800,600,200,300,2800,4500,9100,9400,600,15000,13200,1400,1100,15000
133.0,5.92,52400,309561.0,5.91,5.9,5.89,5.88,5.87,5.86,5.85,5.84,5.83,5.82,5.92,5.94,5.95,5.96,5.97,5.98,5.99,6.05,6.06,6.07,2000,9900,15600,27200,13300,17600,41800,600,200,300,2600,4500,9100,9400,600,15000,13200,1400,1100,15000
134.0,5.92,53100,313705.0,5.91,5.9,5.89,5.88,5.87,5.86,5.85,5.84,5.83,5.82,5.92,5.94,5.95,5.96,5.97,5.98,5.99,6.05,6.06,6.07,2000,9900,15600,27200,13300,17600,41800,600,200,300,1900,4500,9100,9400,600,15000,13200,1400,1100,15000
135.0,5.92,53100,313705.0,5.91,5.9,5.89,5.88,5.87,5.86,5.85,5.84,5.83,5.82,5.92,5.94,5.95,5.96,5.97,5.98,5.99,6.05,6.06,6.07,2000,9900,15600,27200,13300,17600,41800,600,200,300,1900,4500,9100,9400,600,15000,13200,1400,1100,15000
136.0,5.92,53100,313705.0,5.91,5.9,5.89,5.88,5.87,5.86,5.85,5.84,5.83,5.82,5.92,5.94,5.95,5.96,5.97,5.98,5.99,6.05,6.06,6.07,2000,9900,15600,27200,13300,17600,41800,600,200,300,1900,4500,9100,9400,600,15000,13200,1400,1100,15000
137.0,5.92,53100,313705.0,5.91,5.9,5.89,5.88,5.87,5.86,5.85,5.84,5.83,5.82,5.92,5.94,5.95,5.96,5.97,5.98,5.99,6.05,6.06,6.07,2000,9900,15600,27200,13300,17600,41800,600,200,300,1900,4500,9100,9400,600,15000,13200,1400,1100,15000
138.0,5.92,53200,314297.0,5.91,5.9,5.89,5.88,5.87,5.86,5.85,5.84,5.83,5.82,5.92,5.94,5.95,5.96,5.97,5.98,5.99,6.05,6.06,6.07,2000,9900,15600,27200,13300,17600,41800,600,200,300,1800,4500,9100,9400,600,15000,13200,1400,1100,15000
139.0,5.92,53200,314297.0,5.91,5.9,5.89,5.88,5.87,5.86,5.85,5.84,5.83,5.82,5.92,5.94,5.95,5.96,5.97,5.98,5.99,6.05,6.06,6.07,2000,9900,15600,27200,13300,17600,41800,600,200,300,1800,4500,9100,9400,600,15000,13200,1400,1100,15000
140.0,5.92,53300,314889.0,5.91,5.9,5.89,5.88,5.87,5.86,5.85,5.84,5.83,5.82,5.92,5.94,5.95,5.96,5.97,5.98,5.99,6.05,6.06,6.07,2000,9900,15600,27200,13300,17600,41800,600,200,300,1700,4500,9100,9400,600,15000,13200,1400,1100,15000
141.0,5.92,53400,315481.0,5.91,5.9,5.89,5.88,5.87,5.86,5.85,5.84,5.83,5.82,5.92,5.94,5.95,5.96,5.97,5.98,5.99,6.05,6.06,6.07,2000,9900,15600,27200,13300,17600,41800,600,200,300,1600,4500,9100,9400,600,15000,13200,1400,1100,15000
142.0,5.92,53400,315481.0,5.91,5.9,5.89,5.88,5.87,5.86,5.85,5.84,5.83,5.82,5.92,5.94,5.95,5.96,5.97,5.98,5.99,6.05,6.06,6.07,2000,9900,15600,27200,13300,17600,41800,600,200,300,1600,4500,9100,9400,600,15000,13200,1400,1100,15000
143.0,5.91,53600,316663.0,5.91,5.9,5.89,5.88,5.87,5.86,5.85,5.84,5.83,5.82,5.92,5.94,5.95,5.96,5.97,5.98,5.99,6.05,6.06,6.07,2100,6900,15600,27200,13300,17600,41800,600,200,300,1600,4500,9100,9400,600,15000,13200,1400,1100,15000
144.0,5.91,53600,316663.0,5.91,5.9,5.89,5.88,5.87,5.86,5.85,5.84,5.83,5.82,5.92,5.94,5.95,5.96,5.97,5.98,5.99,6.05,6.06,6.07,2100,6900,15600,27200,13300,17600,41800,600,200,300,1600,4500,9100,9400,600,15000,13200,1400,1100,15000
145.0,5.91,53800,317845.0,5.91,5.9,5.89,5.88,5.87,5.86,5.85,5.84,5.83,5.82,5.92,5.94,5.95,5.96,5.97,5.98,5.99,6.05,6.06,6.07,1900,6900,15600,27200,13300,17600,41800,600,200,300,1600,4500,9100,9400,600,15000,13200,1400,1100,15000
146.0,5.92,55400,327317.0,5.92,5.91,5.9,5.89,5.88,5.87,5.86,5.85,5.84,5.83,5.94,5.95,5.96,5.97,5.98,5.99,6.05,6.06,6.07,6.08,1200,3600,7000,15600,27200,13300,17600,41800,600,200,4500,9100,9400,600,15000,13200,1400,1100,15000,1500
147.0,5.94,55800,329693.0,5.92,5.91,5.9,5.89,5.88,5.87,5.86,5.85,5.84,5.83,5.94,5.95,5.96,5.97,5.98,5.99,6.05,6.06,6.07,6.08,1200,3700,7000,15600,27200,13300,17600,41800,600,200,4100,9100,9400,600,15000,13200,1400,1100,15000,1500
148.0,5.92,55900,330285.0,5.92,5.91,5.9,5.89,5.88,5.87,5.86,5.85,5.84,5.83,5.94,5.95,5.96,5.97,5.98,5.99,6.05,6.06,6.07,6.08,1100,3700,6800,15600,27200,13300,17600,41800,600,200,4100,9100,9400,600,15000,13200,1400,1100,15000,1500
149.0,5.92,55900,330285.0,5.92,5.91,5.9,5.89,5.88,5.87,5.86,5.85,5.84,5.83,5.94,5.95,5.96,5.97,5.98,5.99,6.05,6.06,6.07,6.08,1300,3700,6800,15600,27200,13300,17600,41800,600,200,4100,9100,9400,600,15000,13200,1400,1100,15000,1500
150.0,5.92,55900,330285.0,5.92,5.91,5.9,5.89,5.88,5.87,5.86,5.85,5.84,5.83,5.94,5.95,5.96,5.97,5.98,5.99,6.05,6.06,6.07,6.08,1300,3700,6800,15600,27200,13300,17600,41800,600,200,4100,9100,9400,600,15000,13200,1400,1100,15000,1500
151.0,5.92,55900,330285.0,5.92,5.91,5.9,5.89,5.88,5.87,5.86,5.85,5.84,5.83,5.94,5.95,5.96,5.97,5.98,5.99,6.05,6.06,6.07,6.08,1300,3700,6800,15600,27200,13300,17600,41800,600,200,4100,9100,9400,600,15000,13200,1400,1100,15000,1500
152.0,5.92,56200,332061.0,5.92,5.91,5.9,5.89,5.88,5.87,5.86,5.85,5.84,5.83,5.94,5.95,5.96,5.97,5.98,5.99,6.05,6.06,6.07,6.08,1000,3700,6800,15600,27200,13300,17600,41800,600,200,4100,9100,9400,600,15000,13200,1400,1100,15000,1500
153.0,5.92,56200,332061.0,5.92,5.91,5.9,5.89,5.88,5.87,5.86,5.85,5.84,5.83,5.94,5.95,5.96,5.97,5.98,5.99,6.05,6.06,6.07,6.08,1000,3700,6800,15600,27200,13300,17600,41800,600,200,4100,9100,9400,600,15000,13200,1400,1100,15000,1500
154.0,5.94,56700,335031.0,5.92,5.91,5.9,5.89,5.88,5.87,5.86,5.85,5.84,5.83,5.94,5.95,5.96,5.97,5.98,5.99,6.05,6.06,6.07,6.08,1000,3700,6800,15600,27200,13300,17600,41800,600,200,3600,9100,9400,600,15000,13200,1400,1100,15000,1500
155.0,5.92,56800,335623.0,5.92,5.91,5.9,5.89,5.88,5.87,5.86,5.85,5.84,5.83,5.94,5.95,5.96,5.97,5.98,5.99,6.05,6.06,6.07,6.08,900,3700,6800,15600,27200,13300,17600,41800,600,200,3600,9100,9400,600,15000,13200,1400,1100,15000,1500
156.0,5.92,56800,335623.0,5.92,5.91,5.9,5.89,5.88,5.87,5.86,5.85,5.84,5.83,5.94,5.95,5.96,5.97,5.98,5.99,6.05,6.06,6.07,6.08,900,3700,6800,15600,27200,13300,17600,41800,600,200,3600,9100,9400,600,15000,13200,1400,1100,15000,1500
157.0,5.92,56800,335623.0,5.92,5.91,5.9,5.89,5.88,5.87,5.86,5.85,5.84,5.83,5.94,5.95,5.96,5.97,5.98,5.99,6.05,6.06,6.07,6.08,900,3700,6800,15600,27200,13300,17600,41800,600,200,3600,9100,9400,600,15000,13200,1400,1100,15000,1500
158.0,5.92,56800,335623.0,5.92,5.91,5.9,5.89,5.88,5.87,5.86,5.85,5.84,5.83,5.94,5.95,5.96,5.97,5.98,5.99,6.05,6.06,6.07,6.08,900,3700,6800,15600,27200,13300,17600,41800,600,200,3600,9100,9400,600,15000,13200,1400,1100,15000,1500
159.0,5.92,56800,335623.0,5.92,5.91,5.9,5.89,5.88,5.87,5.86,5.85,5.84,5.83,5.94,5.95,5.96,5.97,5.98,5.99,6.05,6.06,6.07,6.08,900,3700,6800,15600,27200,13300,17600,41800,600,200,3600,9100,9400,600,15000,13200,1400,1100,15000,1500
160.0,5.92,56800,335623.0,5.92,5.91,5.9,5.89,5.88,5.87,5.86,5.85,5.84,5.83,5.94,5.95,5.96,5.97,5.98,5.99,6.05,6.06,6.07,6.08,6000,3700,6800,14800,27200,13300,17600,41800,600,200,3600,9100,9400,600,15000,13200,1400,1100,15000,1500
161.0,5.92,56800,335623.0,5.92,5.91,5.9,5.89,5.88,5.87,5.86,5.85,5.84,5.83,5.94,5.95,5.96,5.97,5.98,5.99,6.05,6.06,6.07,6.08,6000,3700,6800,14800,27200,13300,17600,41800,600,200,3600,9100,9400,600,15000,13200,1400,1100,15000,1500
162.0,5.94,57700,340957.0,5.92,5.91,5.9,5.89,5.88,5.87,5.86,5.85,5.84,5.83,5.94,5.95,5.96,5.97,5.98,5.99,6.05,6.06,6.07,6.08,5700,3300,6700,14800,27200,13300,17600,41800,600,200,3300,9100,9400,600,15000,13200,1400,1100,15000,1500
163.0,5.94,57700,340957.0,5.92,5.91,5.9,5.89,5.88,5.87,5.86,5.85,5.84,5.83,5.94,5.95,5.96,5.97,5.98,5.99,6.05,6.06,6.07,6.08,5900,3300,6700,14800,27200,13300,17600,41800,600,200,3300,9100,11400,600,15000,13200,1400,1100,15000,1500
164.0,5.92,58300,344509.0,5.92,5.91,5.9,5.89,5.88,5.87,5.86,5.85,5.84,5.83,5.94,5.95,5.96,5.97,5.98,5.99,6.05,6.06,6.07,6.08,5300,3300,6700,14800,30200,13300,17600,41800,600,200,3300,9100,11400,600,15000,13200,1400,1100,15000,1500
165.0,5.92,58800,347469.0,5.92,5.91,5.9,5.89,5.88,5.87,5.86,5.85,5.84,5.83,5.94,5.95,5.96,5.97,5.98,5.99,6.02,6.05,6.06,6.07,4800,3300,5500,12800,30200,13300,17600,41800,600,200,3300,9100,11400,600,15000,13200,10000,1400,1100,15000
166.0,5.94,60600,358161.0,5.92,5.91,5.9,5.89,5.88,5.87,5.86,5.85,5.84,5.83,5.94,5.95,5.96,5.97,5.98,5.99,6.02,6.05,6.06,6.07,4800,3300,5500,12800,30200,13300,17600,41800,600,200,1500,9100,11400,600,15000,13200,10000,1400,1100,15000
167.0,5.92,60700,358753.0,5.92,5.91,5.9,5.89,5.88,5.87,5.86,5.85,5.84,5.83,5.94,5.95,5.96,5.97,5.98,5.99,6.02,6.05,6.06,6.07,4700,3300,5500,12800,30200,13300,17600,41800,600,200,1500,9100,11400,600,15000,13200,10000,1400,1100,15000
168.0,5.92,60700,358753.0,5.92,5.91,5.9,5.89,5.88,5.87,5.86,5.85,5.84,5.83,5.94,5.95,5.96,5.97,5.98,5.99,6.02,6.05,6.06,6.07,4700,3300,5500,12800,30200,13300,17600,41800,600,200,1500,9100,11400,600,15000,13200,10000,1400,1100,15000
169.0,5.94,61500,363497.0,5.92,5.91,5.9,5.89,5.88,5.87,5.86,5.85,5.84,5.83,5.94,5.95,5.96,5.97,5.98,5.99,6.02,6.05,6.06,6.07,4300,3300,5500,12800,30200,13300,17600,41800,600,200,1100,9100,11400,600,15000,13200,10000,1400,1100,15000
170.0,5.94,61500,363497.0,5.92,5.91,5.9,5.89,5.88,5.87,5.86,5.85,5.84,5.83,5.94,5.95,5.96,5.97,5.98,5.99,6.02,6.05,6.06,6.07,4300,3300,5500,12800,30200,13300,17600,41800,600,200,1100,9100,11400,600,15000,13200,10000,1400,1100,15000
171.0,5.94,61500,363497.0,5.92,5.91,5.9,5.89,5.88,5.87,5.86,5.85,5.84,5.83,5.94,5.95,5.96,5.97,5.98,5.99,6.02,6.05,6.06,6.07,4300,3300,5500,12800,30200,13300,17600,41800,600,200,1100,9100,11400,600,15000,13200,10000,1400,1100,15000
172.0,5.92,61900,365865.0,5.92,5.91,5.9,5.89,5.88,5.87,5.86,5.85,5.84,5.83,5.94,5.95,5.96,5.97,5.98,5.99,6.02,6.05,6.06,6.07,3900,3300,5500,12800,30200,13300,17600,41800,600,200,1100,9100,11400,600,15000,13200,10000,1400,1100,15000
173.0,5.92,61900,365865.0,5.92,5.91,5.9,5.89,5.88,5.87,5.86,5.85,5.84,5.83,5.94,5.95,5.96,5.97,5.98,5.99,6.02,6.05,6.06,6.07,3900,3300,5500,12800,30200,13300,17600,41800,600,200,1100,9100,11400,600,15000,13200,10000,1400,1100,15000
174.0,5.92,61900,365865.0,5.92,5.91,5.9,5.89,5.88,5.87,5.86,5.85,5.84,5.83,5.94,5.95,5.96,5.97,5.98,5.99,6.02,6.05,6.06,6.07,4200,3300,5500,12800,30200,13300,17600,41800,600,200,1300,9100,11400,600,15000,13200,10000,1400,1100,15000
175.0,5.92,61900,365865.0,5.92,5.91,5.9,5.89,5.88,5.87,5.86,5.85,5.84,5.83,5.94,5.95,5.96,5.97,5.98,5.99,6.02,6.05,6.06,6.07,4200,3300,5500,12800,30200,13300,17600,41800,600,200,1300,9100,11400,600,15000,13200,10000,1400,1100,15000
176.0,5.92,63100,372969.0,5.92,5.91,5.9,5.89,5.88,5.87,5.86,5.85,5.84,5.83,5.94,5.95,5.96,5.97,5.98,5.99,6.02,6.05,6.06,6.07,3000,3300,5500,12800,30200,13300,17600,41800,600,200,1300,2900,11400,600,15000,13200,10000,1400,1100,15000
177.0,5.92,63100,372969.0,5.92,5.91,5.9,5.89,5.88,5.87,5.86,5.85,5.84,5.83,5.94,5.95,5.96,5.97,5.98,5.99,6.02,6.05,6.06,6.07,3000,3300,5500,12800,30200,13300,17600,41800,600,200,1300,2900,11400,600,15000,13200,10000,1400,1100,15000
178.0,5.92,63100,372969.0,5.92,5.91,5.9,5.89,5.88,5.87,5.86,5.85,5.84,5.83,5.94,5.95,5.96,5.97,5.98,5.99,6.02,6.05,6.06,6.07,3000,3300,5500,12800,30200,13300,17600,41800,600,200,1300,2900,11400,600,15000,13200,10000,1400,1100,15000
179.0,5.92,63400,374745.0,5.92,5.91,5.9,5.89,5.88,5.87,5.86,5.85,5.84,5.83,5.94,5.95,5.96,5.97,5.98,5.99,6.02,6.05,6.06,6.07,2700,3300,5500,12800,30200,13300,17600,41800,600,200,1300,9100,11400,600,15000,13200,10000,1400,1100,15000
180.0,5.94,63800,377121.0,5.92,5.91,5.9,5.89,5.88,5.87,5.86,5.85,5.84,5.83,5.94,5.95,5.96,5.97,5.98,5.99,6.02,6.05,6.06,6.07,2700,3300,5500,12800,30200,13300,17600,41800,600,200,900,9100,11400,600,15000,13200,10000,1400,1100,15000
181.0,5.94,63800,377121.0,5.92,5.91,5.9,5.89,5.88,5.87,5.86,5.85,5.84,5.83,5.94,5.95,5.96,5.97,5.98,5.99,6.02,6.05,6.06,6.07,2700,3300,5500,12800,30200,13300,17600,41800,600,200,900,9100,11400,600,15000,13200,10000,1400,1100,15000
182.0,5.92,64000,378305.0,5.92,5.91,5.9,5.89,5.88,5.87,5.86,5.85,5.84,5.83,5.94,5.95,5.96,5.97,5.98,5.99,6.02,6.05,6.06,6.07,2500,3300,5500,12800,30200,13300,17600,41800,600,200,900,9100,11400,600,15000,13200,10000,1400,1100,15000
183.0,5.92,64000,378305.0,5.92,5.91,5.9,5.89,5.88,5.87,5.86,5.85,5.84,5.83,5.94,5.95,5.96,5.97,5.98,5.99,6.02,6.05,6.06,6.07,2500,3300,5500,12800,30200,13300,17600,41800,600,200,900,9100,11400,600,15000,13200,10000,1400,1100,15000
184.0,5.92,64000,378305.0,5.92,5.91,5.9,5.89,5.88,5.87,5.86,5.85,5.84,5.83,5.94,5.95,5.96,5.97,5.98,5.99,6.02,6.05,6.06,6.07,2500,3300,5500,12800,30200,13300,17600,41800,600,200,900,9100,11400,600,15000,13200,10000,1400,1100,15000
185.0,5.92,64200,379489.0,5.92,5.91,5.9,5.89,5.88,5.87,5.86,5.85,5.84,5.83,5.94,5.95,5.96,5.97,5.98,5.99,6.02,6.05,6.06,6.07,2300,3300,5500,12800,30200,13300,17600,41800,600,200,900,9100,11400,600,15000,13200,10000,1400,1100,15000
186.0,5.92,64200,379489.0,5.92,5.91,5.9,5.89,5.88,5.87,5.86,5.85,5.84,5.83,5.94,5.95,5.96,5.97,5.98,5.99,6.02,6.05,6.06,6.07,2300,3300,5500,12800,30200,13300,17600,41800,600,200,900,9100,11400,600,15000,13200,10000,1400,1100,15000
187.0,5.92,64200,379489.0,5.92,5.91,5.9,5.89,5.88,5.87,5.86,5.85,5.84,5.83,5.94,5.95,5.96,5.97,5.98,5.99,6.02,6.05,6.06,6.07,2300,3300,5500,12800,30200,13300,17600,41800,600,200,900,9100,11400,600,15000,13200,10000,1400,1100,15000
188.0,5.92,64200,379489.0,5.92,5.91,5.9,5.89,5.88,5.87,5.86,5.85,5.84,5.83,5.94,5.95,5.96,5.97,5.98,5.99,6.02,6.05,6.06,6.07,2300,3300,5500,12800,30200,13300,17600,41800,600,200,900,9100,11400,600,15000,13200,10000,1400,1100,15000
189.0,5.92,64400,380673.0,5.92,5.91,5.9,5.89,5.88,5.87,5.86,5.85,5.84,5.83,5.94,5.95,5.96,5.97,5.98,5.99,6.02,6.05,6.06,6.07,2100,3300,5500,12800,30200,13300,17600,41800,600,200,900,9100,11400,600,15000,13200,10000,1400,1100,15000
190.0,5.92,64400,380673.0,5.92,5.91,5.9,5.89,5.88,5.87,5.86,5.85,5.84,5.83,5.94,5.95,5.96,5.97,5.98,5.99,6.02,6.05,6.06,6.07,2100,3300,5500,12800,30200,13300,17600,41800,600,200,900,9100,11400,600,15000,13200,10000,1400,1100,15000
191.0,5.92,64400,380673.0,5.92,5.91,5.9,5.89,5.88,5.87,5.86,5.85,5.84,5.83,5.94,5.95,5.96,5.97,5.98,5.99,6.02,6.05,6.06,6.07,2100,3300,5500,12800,30200,13300,17600,41800,600,200,900,9100,11400,600,15000,13200,10000,1400,1100,15000
192.0,5.94,64700,382451.0,5.92,5.91,5.9,5.89,5.88,5.87,5.86,5.85,5.84,5.83,5.94,5.95,5.96,5.97,5.98,5.99,6.02,6.05,6.06,6.07,1900,3300,5500,12800,30200,13300,15300,41800,600,200,800,9100,11400,600,15000,13200,10000,1400,1100,15000
193.0,5.94,64700,382451.0,5.92,5.91,5.9,5.89,5.88,5.87,5.86,5.85,5.84,5.83,5.94,5.95,5.96,5.97,5.98,5.99,6.02,6.05,6.06,6.07,1900,3300,5500,12800,30200,13300,15300,41800,600,200,800,9100,11400,600,15000,13200,10000,1400,1100,15000
194.0,5.94,64700,382451.0,5.92,5.91,5.9,5.89,5.88,5.87,5.86,5.85,5.84,5.83,5.94,5.95,5.96,5.97,5.98,5.99,6.02,6.05,6.06,6.07,1900,3300,5500,12800,30200,13300,15300,41800,600,200,800,9100,11400,600,15000,13200,10000,1400,1100,15000
195.0,5.92,64800,383043.0,5.92,5.91,5.9,5.89,5.88,5.87,5.86,5.85,5.84,5.83,5.94,5.95,5.96,5.97,5.98,5.99,6.02,6.05,6.06,6.07,1800,3300,5500,12800,30200,13300,15300,41800,600,200,800,9100,11400,600,15000,13200,10000,1400,1100,15000
196.0,5.92,64800,383043.0,5.92,5.91,5.9,5.89,5.88,5.87,5.86,5.85,5.84,5.83,5.94,5.95,5.96,5.97,5.98,5.99,6.02,6.05,6.06,6.07,1800,3300,5500,12800,30200,13300,15300,41800,600,200,800,9100,11400,600,15000,13200,10000,1400,1100,15000
197.0,5.92,64800,383043.0,5.92,5.91,5.9,5.89,5.88,5.87,5.86,5.85,5.84,5.83,5.94,5.95,5.96,5.97,5.98,5.99,6.02,6.05,6.06,6.07,1800,3300,5500,12800,30200,13300,15300,41800,600,200,800,9100,11400,600,15000,23200,10000,1400,1100,15000
198.0,5.92,64900,383635.0,5.92,5.91,5.9,5.89,5.88,5.87,5.86,5.85,5.84,5.83,5.94,5.95,5.96,5.97,5.98,5.99,6.02,6.05,6.06,6.07,1700,3300,5500,12800,30200,13300,15300,41800,600,200,800,9100,11400,600,15000,23200,10000,1400,1100,15000
199.0,5.92,64900,383635.0,5.92,5.91,5.9,5.89,5.88,5.87,5.86,5.85,5.84,5.83,5.94,5.95,5.96,5.97,5.98,5.99,6.02,6.05,6.06,6.07,1700,3300,5500,12800,30200,13300,15300,41800,600,200,800,9100,11400,600,15000,23200,10000,1400,1100,15000
200.0,5.92,64900,383635.0,5.92,5.91,5.9,5.89,5.88,5.87,5.86,5.85,5.84,5.83,5.94,5.95,5.96,5.97,5.98,5.99,6.02,6.05,6.06,6.07,1700,3300,5500,12800,30200,13300,15300,41800,600,200,800,9100,11400,600,15000,23200,10000,1400,1100,15000
201.0,5.92,64900,383635.0,5.92,5.91,5.9,5.89,5.88,5.87,5.86,5.85,5.84,5.83,5.94,5.95,5.96,5.97,5.98,5.99,6.02,6.05,6.06,6.07,1700,3300,5500,12800,30200,13300,15300,41800,600,200,800,9100,11400,600,15000,23200,10000,1400,1100,15000
202.0,5.92,65000,384227.0,5.92,5.91,5.9,5.89,5.88,5.87,5.86,5.85,5.84,5.83,5.94,5.95,5.96,5.97,5.98,5.99,6.02,6.05,6.06,6.07,1600,3300,5500,12800,30200,13300,15300,41800,600,200,800,9100,11400,600,15000,23200,10000,1400,1100,15000
203.0,5.92,65000,384227.0,5.92,5.91,5.9,5.89,5.88,5.87,5.86,5.85,5.84,5.83,5.94,5.95,5.96,5.97,5.98,5.99,6.02,6.05,6.06,6.07,1600,3300,5500,12800,30200,13300,15300,41800,600,200,800,9100,11400,600,15000,23200,10000,1400,1100,15000
204.0,5.94,65100,384821.0,5.92,5.91,5.9,5.89,5.88,5.87,5.86,5.85,5.84,5.83,5.94,5.95,5.96,5.97,5.98,5.99,6.02,6.05,6.06,6.07,1600,3300,5500,12800,30200,13300,15300,41800,600,200,700,9100,11400,600,15000,23200,10000,1400,1100,15000
205.0,5.92,66700,394293.0,5.91,5.9,5.89,5.88,5.87,5.86,5.85,5.84,5.83,5.82,5.92,5.94,5.95,5.96,5.97,5.98,5.99,6.02,6.05,6.06,3300,5500,12800,30200,13300,15300,41800,600,200,300,500,700,9100,11400,600,15000,23200,10000,1400,1100
206.0,5.92,66700,394293.0,5.91,5.9,5.89,5.88,5.87,5.86,5.85,5.84,5.83,5.82,5.92,5.94,5.95,5.96,5.97,5.98,5.99,6.02,6.05,6.06,3300,5500,12800,30200,13300,15300,41800,600,200,300,500,700,9100,11400,600,15000,23200,10000,1400,1100
207.0,5.92,66700,394293.0,5.91,5.9,5.89,5.88,5.87,5.86,5.85,5.84,5.83,5.82,5.92,5.94,5.95,5.96,5.97,5.98,5.99,6.02,6.05,6.06,3300,5500,12800,30200,13300,15300,41800,600,200,300,500,700,9100,11400,600,15000,23200,10000,1400,1100
208.0,5.92,66700,394293.0,5.91,5.9,5.89,5.88,5.87,5.86,5.85,5.84,5.83,5.82,5.92,5.94,5.95,5.96,5.97,5.98,5.99,6.02,6.05,6.06,3300,5500,12800,30200,13300,15300,41800,600,200,300,500,700,9100,11400,600,15000,23200,10000,1400,1100
209.0,5.91,67000,396066.0,5.91,5.9,5.89,5.88,5.87,5.86,5.85,5.84,5.83,5.82,5.92,5.94,5.95,5.96,5.97,5.98,5.99,6.02,6.05,6.06,5300,5500,12800,30200,13300,15300,41800,600,200,300,500,700,9100,11400,600,15000,23200,10000,1400,1100
210.0,5.91,67000,396066.0,5.91,5.9,5.89,5.88,5.87,5.86,5.85,5.84,5.83,5.82,5.92,5.94,5.95,5.96,5.97,5.98,5.99,6.02,6.05,6.06,5300,5500,12800,30200,13300,15300,41800,600,200,300,500,700,9100,11400,600,15000,23200,10000,1400,1100
211.0,5.91,67000,396066.0,5.91,5.9,5.89,5.88,5.87,5.86,5.85,5.84,5.83,5.82,5.92,5.94,5.95,5.96,5.97,5.98,5.99,6.02,6.05,6.06,5300,5500,12800,30200,13300,15300,41800,600,200,300,500,700,9100,11400,600,15000,23200,10000,1400,1100
212.0,5.91,67000,396066.0,5.91,5.9,5.89,5.88,5.87,5.86,5.85,5.84,5.83,5.82,5.92,5.94,5.95,5.96,5.97,5.98,5.99,6.02,6.05,6.06,5300,5500,12800,30200,13300,15300,41800,600,200,300,500,700,9100,11400,600,15000,23200,10000,1400,1100
213.0,5.91,67500,399021.0,5.91,5.9,5.89,5.88,5.87,5.86,5.85,5.84,5.83,5.82,5.92,5.94,5.95,5.96,5.97,5.98,5.99,6.02,6.05,6.06,4800,5500,12800,30200,13300,15300,41800,600,200,300,500,700,9100,11400,600,15000,23200,10000,1400,1100
214.0,5.91,67500,399021.0,5.91,5.9,5.89,5.88,5.87,5.86,5.85,5.84,5.83,5.82,5.92,5.94,5.95,5.96,5.97,5.98,5.99,6.02,6.05,6.06,4800,5500,12800,30200,13300,15300,41800,600,200,300,500,700,9100,11400,600,15000,23200,10000,1400,1100
215.0,5.92,67600,399613.0,5.91,5.9,5.89,5.88,5.87,5.86,5.85,5.84,5.83,5.82,5.92,5.94,5.95,5.96,5.97,5.98,5.99,6.02,6.05,6.06,4800,7500,12800,30200,13300,15300,41800,600,200,300,400,700,9100,11400,600,15000,23200,10000,1400,1100
216.0,5.91,68100,402569.0,5.91,5.9,5.89,5.88,5.87,5.86,5.85,5.84,5.83,5.82,5.92,5.94,5.95,5.96,5.97,5.98,5.99,6.02,6.05,6.06,4400,7500,12800,30200,13300,15300,41800,600,200,300,300,700,9100,11400,600,15000,23200,10000,1400,1100
217.0,5.91,68100,402569.0,5.91,5.9,5.89,5.88,5.87,5.86,5.85,5.84,5.83,5.82,5.92,5.94,5.95,5.96,5.97,5.98,5.99,6.02,6.05,6.06,4400,7500,12800,30200,13300,15300,41800,600,200,300,300,700,9100,11400,600,15000,23200,10000,1400,1100
218.0,5.92,68200,403161.0,5.91,5.9,5.89,5.88,5.87,5.86,5.85,5.84,5.83,5.82,5.92,5.94,5.95,5.96,5.97,5.98,5.99,6.02,6.05,6.06,4400,7500,12800,30200,13300,15300,41800,600,200,300,200,700,9100,11400,600,15000,23200,10000,1400,1100
219.0,5.92,68300,403753.0,5.91,5.9,5.89,5.88,5.87,5.86,5.85,5.84,5.83,5.82,5.92,5.94,5.95,5.96,5.97,5.98,5.99,6.02,6.05,6.06,4400,7500,12800,30200,13300,15300,41800,600,200,300,100,700,9100,11400,600,15000,23200,10000,1400,1100
220.0,5.91,69100,408481.0,5.91,5.9,5.89,5.88,5.87,5.86,5.85,5.84,5.83,5.82,5.92,5.94,5.95,5.96,5.97,5.98,5.99,6.02,6.05,6.06,3600,7500,12800,30200,13300,15300,41800,600,200,300,100,700,9100,11400,600,15000,23200,10000,1400,1100
221.0,5.91,69100,408481.0,5.91,5.9,5.89,5.88,5.87,5.86,5.85,5.84,5.83,5.82,5.92,5.94,5.95,5.96,5.97,5.98,5.99,6.02,6.05,6.06,3600,7500,12800,30200,13300,15300,41800,600,200,300,100,700,9100,11400,600,15000,23200,10000,1400,1100
222.0,5.91,69100,408481.0,5.91,5.9,5.89,5.88,5.87,5.86,5.85,5.84,5.83,5.82,5.92,5.94,5.95,5.96,5.97,5.98,5.99,6.02,6.05,6.06,3600,7500,12800,30200,13300,15300,41800,600,200,300,100,700,9100,11400,600,15000,23200,10000,1400,1100
223.0,5.91,69400,410254.0,5.91,5.9,5.89,5.88,5.87,5.86,5.85,5.84,5.83,5.82,5.94,5.95,5.96,5.97,5.98,5.99,6.02,6.05,6.06,6.07,3300,7500,12800,30200,13300,15300,41800,600,200,300,700,9100,11400,600,15000,23200,10000,1400,1100,15000
224.0,5.91,69400,410254.0,5.91,5.9,5.89,5.88,5.87,5.86,5.85,5.84,5.83,5.82,5.94,5.95,5.96,5.97,5.98,5.99,6.02,6.05,6.06,6.07,3300,7500,12800,30200,13300,15300,41800,600,200,300,700,9100,11400,600,15000,23200,10000,1400,1100,15000
225.0,5.91,69400,410254.0,5.91,5.9,5.89,5.88,5.87,5.86,5.85,5.84,5.83,5.82,5.94,5.95,5.96,5.97,5.98,5.99,6.02,6.05,6.06,6.07,3300,7500,12800,30200,13300,15300,41800,600,200,300,700,9100,11400,600,15000,23200,10000,1400,2100,15000
226.0,5.91,69400,410254.0,5.91,5.9,5.89,5.88,5.87,5.86,5.85,5.84,5.83,5.82,5.94,5.95,5.96,5.97,5.98,5.99,6.02,6.05,6.06,6.07,3300,7500,12800,30200,13300,15300,41800,600,200,300,700,9100,11400,600,15000,23200,10000,1400,2100,15000
227.0,5.91,70300,415573.0,5.91,5.9,5.89,5.88,5.87,5.86,5.85,5.84,5.83,5.82,5.94,5.95,5.96,5.97,5.98,5.99,6.02,6.05,6.06,6.07,2400,7500,12800,30200,13300,15300,41800,600,200,300,700,9100,11400,600,15000,23200,10000,1400,2100,15000
228.0,5.91,70500,416755.0,5.91,5.9,5.89,5.88,5.87,5.86,5.85,5.84,5.83,5.82,5.94,5.95,5.96,5.97,5.98,5.99,6.02,6.05,6.06,6.07,2200,7500,12800,30200,13300,15300,41800,600,200,300,700,9100,11400,600,15000,23200,10000,1400,2100,15000
229.0,5.91,70500,416755.0,5.91,5.9,5.89,5.88,5.87,5.86,5.85,5.84,5.83,5.82,5.94,5.95,5.96,5.97,5.98,5.99,6.02,6.05,6.06,6.07,2200,7500,12800,30200,13300,15300,41800,600,200,300,700,9100,11400,600,15000,23200,10000,1400,2100,15000
230.0,5.91,70700,417937.0,5.91,5.9,5.89,5.88,5.87,5.86,5.85,5.84,5.83,5.82,5.94,5.95,5.96,5.97,5.98,5.99,6.02,6.05,6.06,6.07,2000,7500,12800,30200,13300,15300,41800,600,200,300,700,9100,11400,600,15000,23200,10000,1400,2100,15000
231.0,5.91,70700,417937.0,5.91,5.9,5.89,5.88,5.87,5.86,5.85,5.84,5.83,5.82,5.94,5.95,5.96,5.97,5.98,5.99,6.02,6.05,6.06,6.07,2000,7500,12800,30200,13300,15300,41800,600,200,300,700,9100,11400,600,15000,23200,10000,1400,2100,15000
232.0,5.91,70700,417937.0,5.91,5.9,5.89,5.88,5.87,5.86,5.85,5.84,5.83,5.82,5.94,5.95,5.96,5.97,5.98,5.99,6.02,6.05,6.06,6.07,2000,7500,12800,30200,13300,15300,41800,600,200,300,700,9100,11400,600,15000,23200,10000,1400,2100,15000
233.0,5.91,70700,417937.0,5.91,5.9,5.89,5.88,5.87,5.86,5.85,5.84,5.83,5.82,5.94,5.95,5.96,5.97,5.98,5.99,6.02,6.05,6.06,6.07,2000,7500,12800,30200,13300,15300,41800,600,200,300,700,9100,11400,600,15000,23200,10000,1400,2100,15000
234.0,5.91,70900,419119.0,5.91,5.9,5.89,5.88,5.87,5.86,5.85,5.84,5.83,5.82,5.94,5.95,5.96,5.97,5.98,5.99,6.02,6.05,6.06,6.07,1800,7500,12800,30200,13300,15300,41800,600,200,300,700,9100,11400,600,15000,23200,10000,1400,2100,15000
235.0,5.91,70900,419119.0,5.91,5.9,5.89,5.88,5.87,5.86,5.85,5.84,5.83,5.82,5.94,5.95,5.96,5.97,5.98,5.99,6.02,6.05,6.06,6.07,1800,7500,12800,30200,13300,15300,41800,600,200,300,700,9100,11400,600,15000,23200,10000,1400,2100,15000
236.0,5.91,70900,419119.0,5.91,5.9,5.89,5.88,5.87,5.86,5.85,5.84,5.83,5.82,5.94,5.95,5.96,5.97,5.98,5.99,6.02,6.05,6.06,6.07,1800,7500,12800,30200,13300,15300,41800,600,200,300,700,9100,11400,600,15000,23200,10000,1400,2100,15000
237.0,5.91,71000,419710.0,5.91,5.9,5.89,5.88,5.87,5.86,5.85,5.84,5.83,5.82,5.94,5.95,5.96,5.97,5.98,5.99,6.02,6.05,6.06,6.07,1700,7500,12800,30200,13300,15300,41800,600,200,300,700,9100,11400,600,15000,23200,10000,1400,2100,15000
238.0,5.91,71000,419710.0,5.91,5.9,5.89,5.88,5.87,5.86,5.85,5.84,5.83,5.82,5.94,5.95,5.96,5.97,5.98,5.99,6.02,6.05,6.06,6.07,1700,7500,12800,30200,13300,15300,41800,600,200,300,700,9100,11400,600,15000,23200,10000,1400,2100,15000
239.0,5.91,71300,421483.0,5.91,5.9,5.89,5.88,5.87,5.86,5.85,5.84,5.83,5.82,5.94,5.95,5.96,5.97,5.98,5.99,6.02,6.05,6.06,6.07,1400,7500,12800,30200,13300,15300,41800,600,200,300,700,9100,11400,600,15000,23200,10000,1400,2100,15000
240.0,5.91,71400,422074.0,5.91,5.9,5.89,5.88,5.87,5.86,5.85,5.84,5.83,5.82,5.94,5.95,5.96,5.97,5.98,5.99,6.02,6.05,6.06,6.07,1300,7500,12800,30200,13300,15300,41800,600,200,300,700,9100,11400,600,15000,23200,10000,1400,2100,15000
241.0,5.91,71400,422074.0,5.91,5.9,5.89,5.88,5.87,5.86,5.85,5.84,5.83,5.82,5.94,5.95,5.96,5.97,5.98,5.99,6.02,6.05,6.06,6.07,1300,7500,12800,30200,13300,15300,41800,600,200,300,700,9100,11400,600,15000,23200,10000,1400,2100,15000
242.0,5.91,71400,422074.0,5.91,5.9,5.89,5.88,5.87,5.86,5.85,5.84,5.83,5.82,5.94,5.95,5.96,5.97,5.98,5.99,6.02,6.05,6.06,6.07,1300,7500,12800,30200,13300,15300,41800,600,200,300,700,9100,11400,600,15000,23200,10000,1400,2100,15000
243.0,5.91,71500,422665.0,5.91,5.9,5.89,5.88,5.87,5.86,5.85,5.84,5.83,5.82,5.94,5.95,5.96,5.97,5.98,5.99,6.02,6.05,6.06,6.07,1200,7500,12800,30200,13300,15300,41800,600,200,300,700,9100,11400,600,15000,23200,10000,1400,2100,15000
244.0,5.91,71500,422665.0,5.91,5.9,5.89,5.88,5.87,5.86,5.85,5.84,5.83,5.82,5.94,5.95,5.96,5.97,5.98,5.99,6.02,6.05,6.06,6.07,1200,7500,12800,30200,13300,15300,41800,600,200,300,700,9100,11400,600,15000,23200,10000,1400,2100,15000
245.0,5.91,71500,422665.0,5.91,5.9,5.89,5.88,5.87,5.86,5.85,5.84,5.83,5.82,5.94,5.95,5.96,5.97,5.98,5.99,6.02,6.05,6.06,6.07,1200,7500,12800,30200,13300,15300,41800,600,200,300,700,9100,11400,600,15000,23200,10000,1400,2100,15000
246.0,5.91,71500,422665.0,5.91,5.9,5.89,5.88,5.87,5.86,5.85,5.84,5.83,5.82,5.94,5.95,5.96,5.97,5.98,5.99,6.02,6.05,6.06,6.07,1200,7500,12800,30200,13300,15300,41800,600,200,300,700,9100,11400,600,15000,23200,10000,1400,2100,15000
247.0,5.91,71500,422665.0,5.91,5.9,5.89,5.88,5.87,5.86,5.85,5.84,5.83,5.82,5.94,5.95,5.96,5.97,5.98,5.99,6.02,6.05,6.06,6.07,1200,7500,12800,30200,13300,15300,41800,600,200,300,700,9100,11400,600,15000,23200,10000,1400,2100,15000
248.0,5.91,71500,422665.0,5.91,5.9,5.89,5.88,5.87,5.86,5.85,5.84,5.83,5.82,5.94,5.95,5.96,5.97,5.98,5.99,6.02,6.05,6.06,6.07,1200,7500,12800,30200,13300,15300,41800,600,200,300,700,9100,11400,600,15000,23200,10000,1400,2100,15000
249.0,5.91,71500,422665.0,5.91,5.9,5.89,5.88,5.87,5.86,5.85,5.84,5.83,5.82,5.94,5.95,5.96,5.97,5.98,5.99,6.02,6.05,6.06,6.07,1200,7500,12800,30200,13300,15300,41800,600,200,300,700,9100,11400,600,15000,23200,10000,1400,2100,15000
250.0,5.91,71800,424438.0,5.91,5.9,5.89,5.88,5.87,5.86,5.85,5.84,5.83,5.82,5.94,5.95,5.96,5.97,5.98,5.99,6.02,6.05,6.06,6.07,900,7500,12800,30200,13300,15300,41800,600,200,300,700,9100,11400,600,15000,23200,10000,1400,2100,15000
251.0,5.91,71800,424438.0,5.91,5.9,5.89,5.88,5.87,5.86,5.85,5.84,5.83,5.82,5.94,5.95,5.96,5.97,5.98,5.99,6.02,6.05,6.06,6.07,900,7500,12800,30200,13300,15300,41800,600,200,300,700,9100,11400,600,15000,23200,10000,1400,2100,15000
252.0,5.91,71800,424438.0,5.91,5.9,5.89,5.88,5.87,5.86,5.85,5.84,5.83,5.82,5.94,5.95,5.96,5.97,5.98,5.99,6.02,6.05,6.06,6.07,900,7500,12800,30200,13300,15300,41800,600,200,300,700,9100,11400,600,15000,23200,10000,1400,2100,15000
253.0,5.91,71800,424438.0,5.91,5.9,5.89,5.88,5.87,5.86,5.85,5.84,5.83,5.82,5.94,5.95,5.96,5.97,5.98,5.99,6.02,6.05,6.06,6.07,900,7500,12800,30200,13300,15300,41800,600,200,300,700,9100,11400,600,15000,23200,10000,1400,2100,15000
254.0,5.91,71800,424438.0,5.91,5.9,5.89,5.88,5.87,5.86,5.85,5.84,5.83,5.82,5.94,5.95,5.96,5.97,5.98,5.99,6.02,6.05,6.06,6.07,900,7500,12800,30200,13300,15300,41800,600,200,300,700,9100,11400,600,15000,23200,10000,1400,2100,15000
255.0,5.91,71800,424438.0,5.91,5.9,5.89,5.88,5.87,5.86,5.85,5.84,5.83,5.82,5.94,5.95,5.96,5.97,5.98,5.99,6.02,6.05,6.06,6.07,900,7500,12800,30200,13300,15300,41800,600,200,300,700,9100,11400,600,15000,23200,10000,1400,2100,15000
256.0,5.91,71800,424438.0,5.91,5.9,5.89,5.88,5.87,5.86,5.85,5.84,5.83,5.82,5.94,5.95,5.96,5.97,5.98,5.99,6.02,6.05,6.06,6.07,900,7500,12800,30200,13300,15300,41800,600,200,300,700,9100,11400,600,15000,23200,10000,1400,2100,15000
257.0,5.91,71800,424438.0,5.91,5.9,5.89,5.88,5.87,5.86,5.85,5.84,5.83,5.82,5.94,5.95,5.96,5.97,5.98,5.99,6.02,6.05,6.06,6.07,900,7500,12800,30200,13300,15300,41800,600,200,300,700,9100,11400,600,15000,23200,10000,1400,2100,15000
258.0,5.91,71800,424438.0,5.91,5.9,5.89,5.88,5.87,5.86,5.85,5.84,5.83,5.82,5.94,5.95,5.96,5.97,5.98,5.99,6.02,6.05,6.06,6.07,900,7500,12800,30200,13300,15300,41800,600,200,300,700,9100,11400,600,15000,23200,10000,1400,2100,15000
259.0,5.92,71900,425030.0,5.92,5.91,5.9,5.89,5.88,5.87,5.86,5.85,5.84,5.83,5.94,5.95,5.96,5.97,5.98,5.99,6.02,6.05,6.06,6.07,100,900,7500,12800,30200,13300,15300,41800,600,200,1100,9100,11400,600,15000,23200,10000,1400,2100,15000
260.0,5.91,72500,428577.0,5.91,5.9,5.89,5.88,5.87,5.86,5.85,5.84,5.83,5.82,5.94,5.95,5.96,5.97,5.98,5.99,6.02,6.05,6.06,6.07,400,7500,12800,30200,13300,15300,41800,600,200,300,1500,9100,11400,600,15000,23200,10000,1400,2100,15000
261.0,5.91,72500,428577.0,5.91,5.9,5.89,5.88,5.87,5.86,5.85,5.84,5.83,5.82,5.94,5.95,5.96,5.97,5.98,5.99,6.02,6.05,6.06,6.07,400,7500,12800,30200,13300,15300,41800,600,200,300,1500,9100,11400,600,15000,23200,10000,1400,2100,15000
262.0,5.9,73500,434481.0,5.9,5.89,5.88,5.87,5.86,5.85,5.84,5.83,5.82,5.81,5.92,5.94,5.95,5.96,5.97,5.98,5.99,6.02,6.05,6.06,6900,12800,30200,13300,15300,41800,600,200,300,400,2300,1500,9100,11400,600,15000,23200,10000,1400,2100
263.0,5.9,74100,438021.0,5.9,5.89,5.88,5.87,5.86,5.85,5.84,5.83,5.82,5.81,5.91,5.92,5.94,5.95,5.96,5.97,5.98,5.99,6.02,6.05,6300,12800,30200,13300,15300,41800,600,200,300,400,1000,2300,1500,9100,11400,600,15000,23200,10000,1400
264.0,5.92,76500,452207.0,5.9,5.89,5.88,5.87,5.86,5.85,5.84,5.83,5.82,5.81,5.92,5.94,5.95,5.96,5.97,5.98,5.99,6.02,6.05,6.06,5700,12800,30200,13300,15300,41800,600,200,300,400,1500,1500,9100,11400,600,15000,23200,10000,1400,2100
265.0,5.92,76500,452207.0,5.9,5.89,5.88,5.87,5.86,5.85,5.84,5.83,5.82,5.81,5.92,5.94,5.95,5.96,5.97,5.98,5.99,6.02,6.05,6.06,5700,12800,30200,13300,15300,41800,600,200,300,400,1500,1500,9100,11400,600,15000,23200,10000,1400,2100
266.0,5.92,76500,452207.0,5.9,5.89,5.88,5.87,5.86,5.85,5.84,5.83,5.82,5.81,5.92,5.94,5.95,5.96,5.97,5.98,5.99,6.02,6.05,6.06,5700,12800,30200,13300,15300,41800,600,200,300,400,1500,1500,9100,11400,600,15000,23200,10000,1400,2100
267.0,5.9,77000,455157.0,5.9,5.89,5.88,5.87,5.86,5.85,5.84,5.83,5.82,5.81,5.92,5.94,5.95,5.96,5.97,5.98,5.99,6.02,6.05,6.06,5200,12800,30200,13300,15300,41800,600,200,300,400,1500,1500,9100,11400,600,15000,23200,10000,1400,2100
268.0,5.9,77000,455157.0,5.9,5.89,5.88,5.87,5.86,5.85,5.84,5.83,5.82,5.81,5.92,5.94,5.95,5.96,5.97,5.98,5.99,6.02,6.05,6.06,5200,12800,30200,13300,15300,41800,600,200,300,400,1500,1500,9100,11400,600,15000,23200,10000,1400,2100
269.0,5.9,77000,455157.0,5.9,5.89,5.88,5.87,5.86,5.85,5.84,5.83,5.82,5.81,5.92,5.94,5.95,5.96,5.97,5.98,5.99,6.02,6.05,6.06,5200,12800,30200,13300,15300,41800,600,200,300,400,1500,1500,9100,11400,600,15000,23200,10000,1400,2100
270.0,5.9,77500,458107.0,5.9,5.89,5.88,5.87,5.86,5.85,5.84,5.83,5.82,5.81,5.92,5.94,5.95,5.96,5.97,5.98,5.99,6.02,6.05,6.06,4700,12800,30200,13300,15300,41800,600,200,300,400,1500,1500,9100,11400,600,15000,23200,10000,1400,2100
271.0,5.9,77500,458107.0,5.9,5.89,5.88,5.87,5.86,5.85,5.84,5.83,5.82,5.81,5.92,5.94,5.95,5.96,5.97,5.98,5.99,6.02,6.05,6.06,4700,12800,30200,13300,15300,41800,600,200,300,400,1500,1500,9100,11400,600,15000,23200,10000,1400,2100
272.0,5.9,77900,460467.0,5.9,5.89,5.88,5.87,5.86,5.85,5.84,5.83,5.82,5.81,5.92,5.94,5.95,5.96,5.97,5.98,5.99,6.02,6.05,6.06,4300,12800,30200,13300,15300,41800,600,200,300,400,1500,1500,9100,11400,600,15000,23200,10000,1400,2100
273.0,5.9,77900,460467.0,5.9,5.89,5.88,5.87,5.86,5.85,5.84,5.83,5.82,5.81,5.92,5.94,5.95,5.96,5.97,5.98,5.99,6.02,6.05,6.06,4300,12800,30200,13300,15300,41800,600,200,300,400,1500,1500,9100,11400,600,15000,23200,10000,1400,2100
274.0,5.9,79100,467547.0,5.9,5.89,5.88,5.87,5.86,5.85,5.84,5.83,5.82,5.81,5.92,5.94,5.95,5.96,5.97,5.98,5.99,6.02,6.05,6.06,3100,12800,30200,13300,15300,41800,600,200,300,400,1500,1500,9100,11400,600,15000,23200,10000,1400,2100
275.0,5.9,79300,468727.0,5.9,5.89,5.88,5.87,5.86,5.85,5.84,5.83,5.82,5.81,5.92,5.94,5.95,5.96,5.97,5.98,5.99,6.02,6.05,6.06,2900,12800,30200,13300,15300,41800,600,200,300,400,1500,1500,9100,11400,600,15000,23200,10000,1400,2100
276.0,5.9,79300,468727.0,5.9,5.89,5.88,5.87,5.86,5.85,5.84,5.83,5.82,5.81,5.91,5.92,5.94,5.95,5.96,5.97,5.98,5.99,6.02,6.05,2900,12800,30200,13300,15300,41800,600,200,300,400,100,1500,1500,9100,11400,600,15000,23200,10000,1400
277.0,5.9,79500,469907.0,5.9,5.89,5.88,5.87,5.86,5.85,5.84,5.83,5.82,5.81,5.91,5.92,5.94,5.95,5.96,5.97,5.98,5.99,6.02,6.05,2700,12800,30200,13300,15300,41800,600,200,300,400,100,1500,1500,9100,11400,600,15000,23200,10000,1400
278.0,5.9,79500,469907.0,5.9,5.89,5.88,5.87,5.86,5.85,5.84,5.83,5.82,5.81,5.91,5.92,5.94,5.95,5.96,5.97,5.98,5.99,6.02,6.05,2700,12800,30200,13300,15300,41800,600,200,300,400,100,1500,1500,9100,11400,600,15000,23200,10000,1400
279.0,5.9,79700,471087.0,5.9,5.89,5.88,5.87,5.86,5.85,5.84,5.83,5.82,5.81,5.91,5.92,5.94,5.95,5.96,5.97,5.98,5.99,6.02,6.05,2500,12800,30200,13300,15300,41800,600,200,300,400,100,1500,1500,9100,11400,600,15000,23200,10000,1400
280.0,5.9,79900,472267.0,5.9,5.89,5.88,5.87,5.86,5.85,5.84,5.83,5.82,5.81,5.91,5.92,5.94,5.95,5.96,5.97,5.98,5.99,6.02,6.05,2300,12800,30200,13300,15300,41800,600,200,300,400,100,1400,1500,9100,11400,600,15000,23200,10000,1400
281.0,5.9,79900,472267.0,5.9,5.89,5.88,5.87,5.86,5.85,5.84,5.83,5.82,5.81,5.91,5.92,5.94,5.95,5.96,5.97,5.98,5.99,6.02,6.05,2300,12800,30200,13300,15300,41800,600,200,300,400,100,1400,1500,9100,11400,600,15000,23200,10000,1400
282.0,5.9,79900,472267.0,5.9,5.89,5.88,5.87,5.86,5.85,5.84,5.83,5.82,5.81,5.91,5.92,5.94,5.95,5.96,5.97,5.98,5.99,6.02,6.05,2300,12800,30200,13300,15300,41800,600,200,300,400,100,1400,1500,9100,11400,600,15000,23200,10000,1400
283.0,5.9,80100,473447.0,5.9,5.89,5.88,5.87,5.86,5.85,5.84,5.83,5.82,5.81,5.91,5.92,5.94,5.95,5.96,5.97,5.98,5.99,6.02,6.05,2100,12800,30200,13300,15300,41800,600,200,300,400,100,1400,1500,9100,11400,600,15000,23200,10000,1400
284.0,5.9,80100,473447.0,5.9,5.89,5.88,5.87,5.86,5.85,5.84,5.83,5.82,5.81,5.91,5.92,5.94,5.95,5.96,5.97,5.98,5.99,6.02,6.05,2100,12800,30200,13300,15300,41800,600,200,300,400,100,1400,1500,9100,11400,600,15000,23200,10000,1400
285.0,5.9,80100,473447.0,5.9,5.89,5.88,5.87,5.86,5.85,5.84,5.83,5.82,5.81,5.91,5.92,5.94,5.95,5.96,5.97,5.98,5.99,6.02,6.05,2100,12800,30200,13300,15300,41800,600,200,300,400,100,1400,1500,9100,11400,600,15000,23200,10000,1400
286.0,5.9,80500,475807.0,5.9,5.89,5.88,5.87,5.86,5.85,5.84,5.83,5.82,5.81,5.91,5.92,5.94,5.95,5.96,5.97,5.98,5.99,6.02,6.05,1700,12800,30200,13300,15300,41800,600,200,300,400,100,1400,3800,9100,11400,600,15000,23200,10000,1400
287.0,5.9,80700,476987.0,5.9,5.89,5.88,5.87,5.86,5.85,5.84,5.83,5.82,5.81,5.91,5.92,5.94,5.95,5.96,5.97,5.98,5.99,6.02,6.05,1500,12800,30200,13300,15300,41800,600,200,300,400,100,1400,3800,9100,11400,600,15000,23200,10000,1400
288.0,5.9,80700,476987.0,5.9,5.89,5.88,5.87,5.86,5.85,5.84,5.83,5.82,5.81,5.91,5.92,5.94,5.95,5.96,5.97,5.98,5.99,6.02,6.05,1500,12800,30200,13300,15300,41800,600,200,300,400,100,1400,3800,9100,11400,600,15000,23200,10000,1400
289.0,5.9,80700,476987.0,5.9,5.89,5.88,5.87,5.86,5.85,5.84,5.83,5.82,5.81,5.91,5.92,5.94,5.95,5.96,5.97,5.98,5.99,6.02,6.05,1500,12800,30200,13300,15300,41800,600,200,300,400,100,1400,3800,9100,11400,600,15000,23200,10000,1400
290.0,5.91,80900,478168.0,5.9,5.89,5.88,5.87,5.86,5.85,5.84,5.83,5.82,5.81,5.92,5.94,5.95,5.96,5.97,5.98,5.99,6.02,6.05,6.06,1400,12800,30200,13300,15300,41800,600,200,300,400,1400,3800,9100,11400,600,15000,23200,10000,1400,2100
291.0,5.91,80900,478168.0,5.91,5.9,5.89,5.88,5.87,5.86,5.85,5.84,5.83,5.82,5.92,5.94,5.95,5.96,5.97,5.98,5.99,6.02,6.05,6.06,100,1400,12800,30200,13300,15300,41800,600,200,300,1400,3800,9100,11400,600,15000,23200,10000,1400,2100
292.0,5.91,80900,478168.0,5.91,5.9,5.89,5.88,5.87,5.86,5.85,5.84,5.83,5.82,5.92,5.94,5.95,5.96,5.97,5.98,5.99,6.02,6.05,6.06,100,1400,12800,30200,13300,15300,41800,600,200,300,1400,3800,9100,11400,600,15000,23200,10000,1400,2100
293.0,5.91,80900,478168.0,5.91,5.9,5.89,5.88,5.87,5.86,5.85,5.84,5.83,5.82,5.92,5.94,5.95,5.96,5.97,5.98,5.99,6.02,6.05,6.06,100,1400,12800,30200,13300,15300,41800,600,200,300,1400,3800,9100,11400,600,15000,23200,10000,1400,2100
294.0,5.91,80900,478168.0,5.91,5.9,5.89,5.88,5.87,5.86,5.85,5.84,5.83,5.82,5.92,5.94,5.95,5.96,5.97,5.98,5.99,6.02,6.05,6.06,100,1400,12800,30200,13300,15300,41800,600,200,300,1400,3800,9100,11400,600,15000,23200,10000,1400,2100
295.0,5.91,80900,478168.0,5.91,5.9,5.89,5.88,5.87,5.86,5.85,5.84,5.83,5.82,5.92,5.94,5.95,5.96,5.97,5.98,5.99,6.02,6.05,6.06,100,1400,12800,30200,13300,15300,41800,600,200,300,1400,3800,9100,11400,600,15000,23200,10000,1400,2100
296.0,5.91,80900,478168.0,5.91,5.9,5.89,5.88,5.87,5.86,5.85,5.84,5.83,5.82,5.92,5.94,5.95,5.96,5.97,5.98,5.99,6.02,6.05,6.06,100,1400,12800,30200,13300,15300,41800,600,200,300,1400,6700,9100,11400,600,15000,23200,10000,1400,2100
297.0,5.91,80900,478168.0,5.91,5.9,5.89,5.88,5.87,5.86,5.85,5.84,5.83,5.82,5.92,5.94,5.95,5.96,5.97,5.98,5.99,6.02,6.05,6.06,100,1400,12800,30200,13300,15300,41800,600,200,300,1400,6700,9100,11400,600,15000,23200,10000,1400,2100
298.0,5.91,80900,478168.0,5.91,5.9,5.89,5.88,5.87,5.86,5.85,5.84,5.83,5.82,5.92,5.94,5.95,5.96,5.97,5.98,5.99,6.02,6.05,6.06,100,1400,12800,30200,13300,15300,41800,600,200,300,1400,6700,9100,11400,600,15000,23200,10000,1400,2100
299.0,5.91,80900,478168.0,5.91,5.9,5.89,5.88,5.87,5.86,5.85,5.84,5.83,5.82,5.92,5.94,5.95,5.96,5.97,5.98,5.99,6.02,6.05,6.06,100,1400,12800,30200,13300,15300,41800,600,200,300,1400,6700,9100,11400,600,15000,23200,10000,1400,2100
300.0,5.91,80900,478168.0,5.91,5.9,5.89,5.88,5.87,5.86,5.85,5.84,5.83,5.82,5.92,5.94,5.95,5.96,5.97,5.98,5.99,6.02,6.05,6.06,100,1400,12800,30200,13300,15300,41800,600,200,300,1400,6700,9100,11400,600,15000,23200,10000,1400,2100
301.0,5.91,80900,478168.0,5.91,5.9,5.89,5.88,5.87,5.86,5.85,5.84,5.83,5.82,5.92,5.94,5.95,5.96,5.97,5.98,5.99,6.02,6.05,6.06,100,1400,12800,30200,13300,15300,41800,600,200,300,1400,6700,9100,11400,600,15000,23200,10000,1400,2100
302.0,5.92,81000,478760.0,5.91,5.9,5.89,5.88,5.87,5.86,5.85,5.84,5.83,5.82,5.92,5.94,5.95,5.96,5.97,5.98,5.99,6.02,6.05,6.06,100,1400,12800,30200,13300,15300,41800,600,200,300,1300,6700,9100,11400,600,15000,23200,10000,1400,2100
303.0,5.92,81000,478760.0,5.91,5.9,5.89,5.88,5.87,5.86,5.85,5.84,5.83,5.82,5.92,5.94,5.95,5.96,5.97,5.98,5.99,6.02,6.05,6.06,100,1400,12800,30200,13300,15300,41800,600,200,300,1300,6700,9100,11400,600,15000,23200,10000,1400,2100
304.0,5.92,81000,478760.0,5.91,5.9,5.89,5.88,5.87,5.86,5.85,5.84,5.83,5.82,5.92,5.94,5.95,5.96,5.97,5.98,5.99,6.02,6.05,6.06,100,1400,12800,30200,13300,15300,41800,600,200,300,1300,6700,6200,11400,600,15000,23200,10000,1400,2100
305.0,5.92,81100,479352.0,5.91,5.9,5.89,5.88,5.87,5.86,5.85,5.84,5.83,5.82,5.92,5.94,5.95,5.96,5.97,5.98,5.99,6.02,6.05,6.06,100,1400,12800,30200,13300,15300,41800,600,200,300,1200,6700,6200,11400,600,15000,23200,10000,1400,2100
306.0,5.92,81100,479352.0,5.91,5.9,5.89,5.88,5.87,5.86,5.85,5.84,5.83,5.82,5.92,5.94,5.95,5.96,5.97,5.98,5.99,6.02,6.05,6.06,100,1400,12800,30200,13300,15300,41800,600,200,300,1200,6700,6200,11400,600,15000,23200,10000,1400,2100
307.0,5.92,81200,479944.0,5.9,5.89,5.88,5.87,5.86,5.85,5.84,5.83,5.82,5.81,5.92,5.94,5.95,5.96,5.97,5.98,5.99,6.02,6.05,6.06,1400,12800,30200,13300,15300,41800,600,200,300,400,1100,6700,6200,11400,600,15000,23200,10000,1400,2100
308.0,5.92,81300,480536.0,5.9,5.89,5.88,5.87,5.86,5.85,5.84,5.83,5.82,5.81,5.92,5.93,5.94,5.95,5.96,5.97,5.98,5.99,6.02,6.05,1400,12800,30200,13300,15300,41800,600,200,300,400,1000,1500,6700,6200,11400,600,15000,23200,10000,1400
309.0,5.9,81600,482306.0,5.9,5.89,5.88,5.87,5.86,5.85,5.84,5.83,5.82,5.81,5.92,5.93,5.94,5.95,5.96,5.97,5.98,5.99,6.02,6.05,1100,12800,30200,13300,15300,41800,600,200,300,400,1000,1600,6700,6200,11400,600,15000,23200,10000,1400
310.0,5.92,81700,482898.0,5.9,5.89,5.88,5.87,5.86,5.85,5.84,5.83,5.82,5.81,5.92,5.93,5.94,5.95,5.96,5.97,5.98,5.99,6.02,6.05,1100,12800,30200,13300,15300,41800,600,200,300,400,900,1600,6700,6200,11400,600,15000,23200,10000,1400
311.0,5.92,81700,482898.0,5.9,5.89,5.88,5.87,5.86,5.85,5.84,5.83,5.82,5.81,5.92,5.93,5.94,5.95,5.96,5.97,5.98,5.99,6.02,6.05,1100,12800,30200,13300,15300,41800,600,200,300,400,900,1600,6700,6200,11400,600,15000,23200,10000,1400
312.0,5.92,81700,482898.0,5.9,5.89,5.88,5.87,5.86,5.85,5.84,5.83,5.82,5.81,5.92,5.93,5.94,5.95,5.96,5.97,5.98,5.99,6.02,6.05,1100,12800,30200,13300,15300,41800,600,200,300,400,900,1600,6700,6200,11400,600,15000,23200,10000,1400
313.0,5.92,81700,482898.0,5.9,5.89,5.88,5.87,5.86,5.85,5.84,5.83,5.82,5.81,5.92,5.93,5.94,5.95,5.96,5.97,5.98,5.99,6.02,6.05,1100,12800,30200,13300,15300,41800,600,200,300,400,900,1600,6700,6200,11400,600,15000,23200,10000,1400
314.0,5.92,81700,482898.0,5.9,5.89,5.88,5.87,5.86,5.85,5.84,5.83,5.82,5.81,5.92,5.93,5.94,5.95,5.96,5.97,5.98,5.99,6.02,6.05,1100,12800,30200,13300,15300,41800,600,200,300,400,900,1600,6700,6200,11400,600,15000,23200,10000,1400
315.0,5.92,81700,482898.0,5.9,5.89,5.88,5.87,5.86,5.85,5.84,5.83,5.82,5.81,5.92,5.93,5.94,5.95,5.96,5.97,5.98,5.99,6.02,6.05,1100,12800,30200,13300,15300,41800,600,200,300,400,900,1600,6700,6200,11400,600,15000,23200,10000,1400
316.0,5.92,81700,482898.0,5.9,5.89,5.88,5.87,5.86,5.85,5.84,5.83,5.82,5.81,5.92,5.93,5.94,5.95,5.96,5.97,5.98,5.99,6.02,6.05,1100,12800,30200,13300,15300,41800,600,200,300,400,900,1600,6700,6200,11400,600,15000,23200,10000,1400
317.0,5.9,81800,483488.0,5.9,5.89,5.88,5.87,5.86,5.85,5.84,5.83,5.82,5.81,5.92,5.93,5.94,5.95,5.96,5.97,5.98,5.99,6.02,6.05,1000,12800,30200,13300,15300,41800,600,200,300,400,900,1600,6700,6200,11400,600,15000,23200,10000,1400
318.0,5.9,81800,483488.0,5.9,5.89,5.88,5.87,5.86,5.85,5.84,5.83,5.82,5.81,5.92,5.93,5.94,5.95,5.96,5.97,5.98,5.99,6.02,6.05,1000,12800,30200,13300,15300,41800,600,200,300,400,900,1600,6700,6200,11400,600,15000,23200,10000,1400
319.0,5.9,81800,483488.0,5.9,5.89,5.88,5.87,5.86,5.85,5.84,5.83,5.82,5.81,5.92,5.93,5.94,5.95,5.96,5.97,5.98,5.99,6.02,6.05,1000,12800,30200,13300,15300,41800,600,200,300,400,900,1600,6700,6200,11400,600,15000,23200,10000,1400
320.0,5.9,82000,484668.0,5.9,5.89,5.88,5.87,5.86,5.85,5.84,5.83,5.82,5.81,5.92,5.93,5.94,5.95,5.96,5.97,5.98,5.99,6.02,6.05,800,12800,30200,13300,15300,41800,600,200,300,400,900,1600,6700,6200,11400,600,15000,23200,10000,1400
321.0,5.9,82000,484668.0,5.9,5.89,5.88,5.87,5.86,5.85,5.84,5.83,5.82,5.81,5.92,5.93,5.94,5.95,5.96,5.97,5.98,5.99,6.02,6.05,800,12800,30200,13300,15300,41800,600,200,300,400,900,1600,6700,6200,11400,600,15000,23200,10000,1400
322.0,5.9,82000,484668.0,5.9,5.89,5.88,5.87,5.86,5.85,5.84,5.83,5.82,5.81,5.92,5.93,5.94,5.95,5.96,5.97,5.98,5.99,6.02,6.05,800,12800,30200,13300,15300,41800,600,200,300,400,900,1600,6700,6200,11400,600,15000,23200,10000,1400
323.0,5.9,82000,484668.0,5.9,5.89,5.88,5.87,5.86,5.85,5.84,5.83,5.82,5.81,5.92,5.93,5.94,5.95,5.96,5.97,5.98,5.99,6.02,6.05,800,12800,30200,13300,15300,41800,600,200,300,400,900,1600,6700,6200,11400,600,15000,23200,10000,1400
324.0,5.9,82000,484668.0,5.9,5.89,5.88,5.87,5.86,5.85,5.84,5.83,5.82,5.81,5.92,5.93,5.94,5.95,5.96,5.97,5.98,5.99,6.02,6.05,800,12800,30200,13300,15300,41800,600,200,300,400,900,1600,6700,6200,11400,600,15000,23200,10000,1400
325.0,5.9,82000,484668.0,5.9,5.89,5.88,5.87,5.86,5.85,5.84,5.83,5.82,5.81,5.92,5.93,5.94,5.95,5.96,5.97,5.98,5.99,6.02,6.05,800,12800,30200,13300,15300,41800,600,200,300,400,900,1600,6700,6200,11400,600,15000,23200,10000,1400
326.0,5.9,82000,484668.0,5.9,5.89,5.88,5.87,5.86,5.85,5.84,5.83,5.82,5.81,5.92,5.93,5.94,5.95,5.96,5.97,5.98,5.99,6.02,6.05,800,12800,30200,13300,15300,41800,600,200,300,400,900,1600,6700,6200,11400,600,15000,23200,10000,1400
327.0,5.9,82000,484668.0,5.9,5.89,5.88,5.87,5.86,5.85,5.84,5.83,5.82,5.81,5.92,5.93,5.94,5.95,5.96,5.97,5.98,5.99,6.02,6.05,800,12800,30200,13300,15300,41800,600,200,300,400,900,1600,6700,6200,11400,600,15000,23200,10000,1400
328.0,5.9,82000,484668.0,5.9,5.89,5.88,5.87,5.86,5.85,5.84,5.83,5.82,5.81,5.92,5.93,5.94,5.95,5.96,5.97,5.98,5.99,6.02,6.05,800,12800,30200,13300,15300,41800,600,200,300,400,900,1600,6700,6200,11400,600,15000,23200,10000,1400
329.0,5.9,82000,484668.0,5.9,5.89,5.88,5.87,5.86,5.85,5.84,5.83,5.82,5.81,5.92,5.93,5.94,5.95,5.96,5.97,5.98,5.99,6.02,6.05,800,12800,30200,13300,15300,41800,600,200,300,400,900,1600,6700,6200,11400,600,15000,23200,10000,1400
330.0,5.9,82000,484668.0,5.9,5.89,5.88,5.87,5.86,5.85,5.84,5.83,5.82,5.81,5.92,5.93,5.94,5.95,5.96,5.97,5.98,5.99,6.02,6.05,800,12800,30200,13300,15300,41800,600,200,300,400,900,1600,6700,6200,11400,600,15000,23200,10000,1400
331.0,5.9,82000,484668.0,5.9,5.89,5.88,5.87,5.86,5.85,5.84,5.83,5.82,5.81,5.92,5.93,5.94,5.95,5.96,5.97,5.98,5.99,6.02,6.05,800,12800,30200,13300,15300,41800,600,200,300,400,900,1600,6700,6200,11400,600,15000,23200,10000,1400
332.0,5.9,82100,485258.0,5.9,5.89,5.88,5.87,5.86,5.85,5.84,5.83,5.82,5.81,5.92,5.93,5.94,5.95,5.96,5.97,5.98,5.99,6.02,6.05,700,12800,30200,13300,15300,41800,600,200,300,400,900,1600,6700,6200,11400,600,15000,23200,10000,1400
333.0,5.9,82100,485258.0,5.9,5.89,5.88,5.87,5.86,5.85,5.84,5.83,5.82,5.81,5.92,5.93,5.94,5.95,5.96,5.97,5.98,5.99,6.02,6.05,700,12800,30200,13300,15300,41800,600,200,300,400,900,1600,6700,6200,11400,600,15000,23200,10000,1400
334.0,5.9,82100,485258.0,5.9,5.89,5.88,5.87,5.86,5.85,5.84,5.83,5.82,5.81,5.92,5.93,5.94,5.95,5.96,5.97,5.98,5.99,6.02,6.05,700,12800,30200,13300,15300,41800,600,200,300,400,900,1600,6700,6200,11400,600,15000,23200,10000,1400
335.0,5.9,82100,485258.0,5.9,5.89,5.88,5.87,5.86,5.85,5.84,5.83,5.82,5.81,5.92,5.93,5.94,5.95,5.96,5.97,5.98,5.99,6.02,6.05,700,12800,30200,13300,15300,41800,600,200,300,400,900,1600,6700,6200,11400,600,15000,23200,10000,1400
336.0,5.9,82100,485258.0,5.9,5.89,5.88,5.87,5.86,5.85,5.84,5.83,5.82,5.81,5.92,5.93,5.94,5.95,5.96,5.97,5.98,5.99,6.02,6.05,700,12800,30200,13300,15300,41800,600,200,300,400,900,1600,6700,6200,11400,600,15000,23200,10000,1400
337.0,5.9,82100,485258.0,5.9,5.89,5.88,5.87,5.86,5.85,5.84,5.83,5.82,5.81,5.92,5.93,5.94,5.95,5.96,5.97,5.98,5.99,6.02,6.05,700,12800,30200,13300,15300,41800,600,200,300,400,900,1600,6700,6200,11400,600,15000,23200,10000,1400
338.0,5.9,82100,485258.0,5.9,5.89,5.88,5.87,5.86,5.85,5.84,5.83,5.82,5.81,5.92,5.93,5.94,5.95,5.96,5.97,5.98,5.99,6.02,6.05,700,12800,30200,13300,15300,41800,600,200,300,400,900,1600,6700,6200,11400,600,15000,23200,10000,1400
339.0,5.9,82100,485258.0,5.9,5.89,5.88,5.87,5.86,5.85,5.84,5.83,5.82,5.81,5.92,5.93,5.94,5.95,5.96,5.97,5.98,5.99,6.02,6.05,700,12800,30200,13300,15300,41800,600,200,300,400,900,1600,6700,6200,11400,600,15000,23200,10000,1400
340.0,5.9,82100,485258.0,5.9,5.89,5.88,5.87,5.86,5.85,5.84,5.83,5.82,5.81,5.92,5.93,5.94,5.95,5.96,5.97,5.98,5.99,6.02,6.05,700,12800,30200,13300,15300,41800,600,200,300,400,900,1600,6700,6200,11400,600,15000,23200,10000,1400
341.0,5.9,82100,485258.0,5.9,5.89,5.88,5.87,5.86,5.85,5.84,5.83,5.82,5.81,5.92,5.93,5.94,5.95,5.96,5.97,5.98,5.99,6.02,6.05,700,12800,30200,13300,15300,41800,600,200,300,400,900,1600,6700,6200,11400,600,15000,23200,10000,1400
342.0,5.9,82100,485258.0,5.9,5.89,5.88,5.87,5.86,5.85,5.84,5.83,5.82,5.81,5.92,5.93,5.94,5.95,5.96,5.97,5.98,5.99,6.02,6.05,700,12800,30200,13300,15300,41800,600,200,300,400,900,1600,6700,6200,11400,600,15000,23200,10000,1400
343.0,5.9,82200,485848.0,5.9,5.89,5.88,5.87,5.86,5.85,5.84,5.83,5.82,5.81,5.92,5.93,5.94,5.95,5.96,5.97,5.98,5.99,6.02,6.05,600,12800,30200,13300,15300,41800,600,200,300,400,900,1600,6700,6200,11400,600,15000,23200,10000,1400
344.0,5.9,82200,485848.0,5.9,5.89,5.88,5.87,5.86,5.85,5.84,5.83,5.82,5.81,5.92,5.93,5.94,5.95,5.96,5.97,5.98,5.99,6.02,6.05,600,12800,30200,13300,15300,41800,600,200,300,400,900,1600,6700,6200,11400,600,15000,23200,10000,1400
345.0,5.9,82200,485848.0,5.9,5.89,5.88,5.87,5.86,5.85,5.84,5.83,5.82,5.81,5.92,5.93,5.94,5.95,5.96,5.97,5.98,5.99,6.02,6.05,600,12800,30200,13300,15300,41800,600,200,300,400,900,1700,6700,6200,11400,600,15000,23200,10000,1400
346.0,5.9,82200,485848.0,5.9,5.89,5.88,5.87,5.86,5.85,5.84,5.83,5.82,5.81,5.92,5.93,5.94,5.95,5.96,5.97,5.98,5.99,6.02,6.05,600,12800,30200,13300,15300,41800,600,200,300,400,900,1700,6700,6200,11400,600,15000,23200,10000,1400
347.0,5.9,82200,485848.0,5.9,5.89,5.88,5.87,5.86,5.85,5.84,5.83,5.82,5.81,5.92,5.93,5.94,5.95,5.96,5.97,5.98,5.99,6.02,6.05,600,12800,30200,13300,15300,41800,600,200,300,400,900,1700,6700,6200,11400,600,15000,23200,10000,1400
348.0,5.9,82200,485848.0,5.9,5.89,5.88,5.87,5.86,5.85,5.84,5.83,5.82,5.81,5.92,5.93,5.94,5.95,5.96,5.97,5.98,5.99,6.02,6.05,600,12800,30200,13300,15300,41800,600,200,300,400,900,1700,6700,6200,11400,600,15000,23200,10000,1400
349.0,5.9,82200,485848.0,5.9,5.89,5.88,5.87,5.86,5.85,5.84,5.83,5.82,5.81,5.92,5.93,5.94,5.95,5.96,5.97,5.98,5.99,6.02,6.05,600,12800,30200,13300,15300,41800,600,200,300,400,900,1700,6700,6200,11400,600,15000,23200,10000,1400
350.0,5.9,82200,485848.0,5.9,5.89,5.88,5.87,5.86,5.85,5.84,5.83,5.82,5.81,5.92,5.93,5.94,5.95,5.96,5.97,5.98,5.99,6.02,6.05,600,12800,30200,13300,15300,41800,600,200,300,400,900,1700,6700,6200,11400,600,15000,23200,10000,1400
351.0,5.9,82200,485848.0,5.9,5.89,5.88,5.87,5.86,5.85,5.84,5.83,5.82,5.81,5.92,5.93,5.94,5.95,5.96,5.97,5.98,5.99,6.02,6.05,600,12800,30200,13300,15300,41800,600,200,300,400,900,1700,6700,6200,11400,600,15000,23200,10000,1400
352.0,5.9,82200,485848.0,5.9,5.89,5.88,5.87,5.86,5.85,5.84,5.83,5.82,5.81,5.92,5.93,5.94,5.95,5.96,5.97,5.98,5.99,6.02,6.05,600,12800,30200,13300,15300,41800,600,200,300,400,900,1700,6700,6200,11400,600,15000,23200,10000,1400
353.0,5.9,82200,485848.0,5.9,5.89,5.88,5.87,5.86,5.85,5.84,5.83,5.82,5.81,5.92,5.93,5.94,5.95,5.96,5.97,5.98,5.99,6.02,6.05,600,12800,30200,13300,15300,41800,600,200,300,400,900,1700,6700,6200,11400,600,15000,23200,10000,1400
354.0,5.9,82200,485848.0,5.9,5.89,5.88,5.87,5.86,5.85,5.84,5.83,5.82,5.81,5.92,5.93,5.94,5.95,5.96,5.97,5.98,5.99,6.02,6.05,600,12800,30200,13300,15300,41800,600,200,300,400,900,1700,6700,6200,11400,600,15000,23200,10000,1400
355.0,5.92,82300,486440.0,5.9,5.89,5.88,5.87,5.86,5.85,5.84,5.83,5.82,5.81,5.92,5.93,5.94,5.95,5.96,5.97,5.98,5.99,6.02,6.05,600,12800,30200,13300,15300,41800,600,200,300,400,800,1700,6700,6200,11400,600,15000,23200,10000,1400
356.0,5.92,82300,486440.0,5.9,5.89,5.88,5.87,5.86,5.85,5.84,5.83,5.82,5.81,5.92,5.93,5.94,5.95,5.96,5.97,5.98,5.99,6.02,6.05,600,12800,30200,13300,15300,41800,600,200,300,400,800,1700,6700,6200,11400,600,15000,23200,10000,1400
357.0,5.92,82300,486440.0,5.9,5.89,5.88,5.87,5.86,5.85,5.84,5.83,5.82,5.81,5.92,5.93,5.94,5.95,5.96,5.97,5.98,5.99,6.02,6.05,600,12800,30200,13300,15300,41800,600,200,300,400,800,1700,6700,6200,11400,600,15000,23200,10000,1400
358.0,5.92,82300,486440.0,5.9,5.89,5.88,5.87,5.86,5.85,5.84,5.83,5.82,5.81,5.92,5.93,5.94,5.95,5.96,5.97,5.98,5.99,6.02,6.05,600,12800,30200,13300,15300,41800,600,200,300,400,800,4600,6700,6200,11400,600,15000,23200,10000,1400
359.0,5.92,82300,486440.0,5.9,5.89,5.88,5.87,5.86,5.85,5.84,5.83,5.82,5.81,5.92,5.93,5.94,5.95,5.96,5.97,5.98,5.99,6.02,6.05,600,12800,30200,13300,15300,41800,600,200,300,400,800,4600,6700,6200,11400,600,15000,23200,10000,1400
360.0,5.92,82300,486440.0,5.9,5.89,5.88,5.87,5.86,5.85,5.84,5.83,5.82,5.81,5.92,5.93,5.94,5.95,5.96,5.97,5.98,5.99,6.02,6.05,2600,12800,30200,13300,15300,41800,600,200,300,400,800,4600,6700,6200,11400,600,15000,23200,10000,1400
361.0,5.91,82400,487031.0,5.9,5.89,5.88,5.87,5.86,5.85,5.84,5.83,5.82,5.81,5.92,5.93,5.94,5.95,5.96,5.97,5.98,5.99,6.02,6.05,2600,12800,30200,13300,15300,41800,600,200,300,400,3800,4600,3800,6200,11400,600,15000,23200,10000,1400
362.0,5.92,82500,487623.0,5.9,5.89,5.88,5.87,5.86,5.85,5.84,5.83,5.82,5.81,5.92,5.93,5.94,5.95,5.96,5.97,5.98,5.99,6.02,6.05,2600,12800,30200,13300,15300,41800,600,200,300,400,3700,4600,3500,6200,11400,600,15000,23200,10000,1400
363.0,5.92,82800,489399.0,5.91,5.9,5.89,5.88,5.87,5.86,5.85,5.84,5.83,5.82,5.92,5.93,5.94,5.95,5.96,5.97,5.98,5.99,6.02,6.05,100,2600,12800,30200,13300,15300,41800,600,200,300,3400,4600,3500,6200,11400,600,15000,23200,10000,1400
364.0,5.92,82800,489399.0,5.91,5.9,5.89,5.88,5.87,5.86,5.85,5.84,5.83,5.82,5.92,5.93,5.94,5.95,5.96,5.97,5.98,5.99,6.02,6.05,100,2600,12800,30200,13300,15300,41800,600,200,300,3400,4600,3500,6200,11400,600,15000,23200,10000,1400
365.0,5.92,82800,489399.0,5.91,5.9,5.89,5.88,5.87,5.86,5.85,5.84,5.83,5.82,5.92,5.93,5.94,5.95,5.96,5.97,5.98,5.99,6.02,6.05,100,2600,12800,30200,13300,15300,41800,600,200,300,3400,4600,3500,6200,11400,600,15000,23200,10000,1400
366.0,5.92,83100,491175.0,5.91,5.9,5.89,5.88,5.87,5.86,5.85,5.84,5.83,5.82,5.92,5.93,5.94,5.95,5.96,5.97,5.98,5.99,6.02,6.05,100,2600,12800,30200,13300,15300,41800,600,200,300,3100,3100,3500,6200,11400,600,15000,23200,10000,1400
367.0,5.92,83700,494727.0,5.91,5.9,5.89,5.88,5.87,5.86,5.85,5.84,5.83,5.82,5.92,5.93,5.94,5.95,5.96,5.97,5.98,5.99,6.02,6.05,100,2600,12800,30200,13300,15300,41800,600,200,300,2500,3100,3500,6200,11400,600,15000,23200,10000,1400
368.0,5.92,83700,494727.0,5.91,5.9,5.89,5.88,5.87,5.86,5.85,5.84,5.83,5.82,5.92,5.93,5.94,5.95,5.96,5.97,5.98,5.99,6.02,6.05,100,2600,12800,30200,13300,15300,41800,600,200,300,2500,3100,3500,6200,11400,600,15000,23200,10000,1400
369.0,5.92,83900,495911.0,5.91,5.9,5.89,5.88,5.87,5.86,5.85,5.84,5.83,5.82,5.92,5.93,5.94,5.95,5.96,5.97,5.98,5.99,6.02,6.05,100,2600,12800,30200,13300,15300,41800,600,200,300,2300,3100,3500,6200,11400,600,15000,23200,10000,1400
370.0,5.92,83900,495911.0,5.91,5.9,5.89,5.88,5.87,5.86,5.85,5.84,5.83,5.82,5.92,5.93,5.94,5.95,5.96,5.97,5.98,5.99,6.02,6.05,100,2600,12800,30200,13300,15300,41800,600,200,300,2300,3100,3500,6200,11400,600,15000,23200,10000,1400
371.0,5.92,83900,495911.0,5.91,5.9,5.89,5.88,5.87,5.86,5.85,5.84,5.83,5.82,5.92,5.93,5.94,5.95,5.96,5.97,5.98,5.99,6.02,6.05,100,2600,12800,30200,13300,15300,41800,600,200,300,2300,3100,3500,6200,11400,600,15000,23200,10000,1400
372.0,5.92,84100,497095.0,5.91,5.9,5.89,5.88,5.87,5.86,5.85,5.84,5.83,5.82,5.92,5.93,5.94,5.95,5.96,5.97,5.98,5.99,6.02,6.05,100,2600,12800,30600,13300,15300,41800,600,200,300,2100,3100,3500,6200,11400,600,15000,23200,10000,1400
373.0,5.92,84100,497095.0,5.91,5.9,5.89,5.88,5.87,5.86,5.85,5.84,5.83,5.82,5.92,5.93,5.94,5.95,5.96,5.97,5.98,5.99,6.02,6.05,100,2600,12800,30600,13300,15300,41800,600,200,300,2100,3100,3500,6200,11400,600,15000,23200,10000,1400
374.0,5.92,84100,497095.0,5.91,5.9,5.89,5.88,5.87,5.86,5.85,5.84,5.83,5.82,5.92,5.93,5.94,5.95,5.96,5.97,5.98,5.99,6.02,6.05,100,2600,12800,30600,13300,15300,41800,600,200,300,2100,3100,3500,6200,11400,600,15000,23200,10000,1400
375.0,5.92,84100,497095.0,5.91,5.9,5.89,5.88,5.87,5.86,5.85,5.84,5.83,5.82,5.92,5.93,5.94,5.95,5.96,5.97,5.98,5.99,6.02,6.05,100,2600,12800,30600,13300,15300,41800,600,200,300,2100,3100,3500,6200,11400,600,15000,23200,10000,1400
376.0,5.92,84300,498279.0,5.91,5.9,5.89,5.88,5.87,5.86,5.85,5.84,5.83,5.82,5.92,5.93,5.94,5.95,5.96,5.97,5.98,5.99,6.02,6.05,100,2600,12800,30600,13300,15300,41800,600,200,300,1900,3100,3500,6200,11400,600,15000,23200,10000,1400
377.0,5.92,84300,498279.0,5.91,5.9,5.89,5.88,5.87,5.86,5.85,5.84,5.83,5.82,5.92,5.93,5.94,5.95,5.96,5.97,5.98,5.99,6.02,6.05,100,2600,12800,30600,13300,15300,41800,600,200,300,1900,3100,3500,6200,11400,600,15000,23200,10000,1400
378.0,5.92,84300,498279.0,5.9,5.89,5.88,5.87,5.86,5.85,5.84,5.83,5.82,5.81,5.92,5.93,5.94,5.95,5.96,5.97,5.98,5.99,6.02,6.05,2600,12800,30600,13300,15300,41800,600,200,300,400,1900,3100,3500,6200,11400,600,15000,23200,10000,1400
379.0,5.92,84500,499463.0,5.9,5.89,5.88,5.87,5.86,5.85,5.84,5.83,5.82,5.81,5.92,5.93,5.94,5.95,5.96,5.97,5.98,5.99,6.02,6.05,2600,12800,30600,13300,15300,41800,600,200,300,400,1700,3100,3500,6200,11400,600,15000,23200,10000,1400
380.0,5.92,84500,499463.0,5.9,5.89,5.88,5.87,5.86,5.85,5.84,5.83,5.82,5.81,5.92,5.93,5.94,5.95,5.96,5.97,5.98,5.99,6.02,6.05,2600,12800,30600,13300,15300,41800,600,200,300,400,1700,3100,3500,6200,11400,600,15000,23200,10000,1400
381.0,5.92,84500,499463.0,5.9,5.89,5.88,5.87,5.86,5.85,5.84,5.83,5.82,5.81,5.92,5.93,5.94,5.95,5.96,5.97,5.98,5.99,6.02,6.05,2600,12800,30600,13300,15300,41800,600,200,300,400,1700,3100,3500,6200,11400,600,15000,23200,10000,1400
382.0,5.9,84800,501235.0,5.9,5.89,5.88,5.87,5.86,5.85,5.84,5.83,5.82,5.81,5.92,5.93,5.94,5.95,5.96,5.97,5.98,5.99,6.02,6.05,2400,12800,30600,13300,15300,41800,600,200,300,400,1600,3100,3500,6200,11400,600,15000,23200,10000,1400
383.0,5.9,84800,501235.0,5.9,5.89,5.88,5.87,5.86,5.85,5.84,5.83,5.82,5.81,5.92,5.93,5.94,5.95,5.96,5.97,5.98,5.99,6.02,6.05,2400,12800,30600,13300,15300,41800,600,200,300,400,1600,3100,3500,6200,11400,600,15000,23200,10000,1400
384.0,5.9,84800,501235.0,5.9,5.89,5.88,5.87,5.86,5.85,5.84,5.83,5.82,5.81,5.92,5.93,5.94,5.95,5.96,5.97,5.98,5.99,6.02,6.05,2400,12800,30600,13300,15300,41800,600,200,300,400,1600,3100,3500,6200,11400,600,15000,23200,10000,1400
385.0,5.9,84800,501235.0,5.9,5.89,5.88,5.87,5.86,5.85,5.84,5.83,5.82,5.81,5.92,5.93,5.94,5.95,5.96,5.97,5.98,5.99,6.02,6.05,2400,12800,30600,13300,15300,41800,600,200,300,400,1600,3100,3500,6200,11400,600,15000,23200,10000,1400
386.0,5.92,84900,501827.0,5.9,5.89,5.88,5.87,5.86,5.85,5.84,5.83,5.82,5.81,5.92,5.93,5.94,5.95,5.96,5.97,5.98,5.99,6.02,6.05,2400,12800,30600,13300,15300,41800,600,200,300,400,1500,3100,3500,6200,11400,600,15000,23200,10000,1400
387.0,5.92,84900,501827.0,5.9,5.89,5.88,5.87,5.86,5.85,5.84,5.83,5.82,5.81,5.92,5.93,5.94,5.95,5.96,5.97,5.98,5.99,6.02,6.05,2400,12800,30600,13300,15300,41800,600,200,300,400,1500,3100,3500,6200,11400,600,15000,23200,10000,1400
388.0,5.92,84900,501827.0,5.9,5.89,5.88,5.87,5.86,5.85,5.84,5.83,5.82,5.81,5.92,5.93,5.94,5.95,5.96,5.97,5.98,5.99,6.02,6.05,2400,12800,30600,13300,15300,41800,600,200,300,400,1500,3100,3500,6200,11400,600,15000,23200,10000,1400
389.0,5.92,85000,502419.0,5.9,5.89,5.88,5.87,5.86,5.85,5.84,5.83,5.82,5.81,5.92,5.93,5.94,5.95,5.96,5.97,5.98,5.99,6.02,6.05,2400,12800,30600,13300,15300,41800,600,200,300,400,1400,3100,3500,6200,11400,600,15000,23200,10000,1400
390.0,5.9,85200,503599.0,5.9,5.89,5.88,5.87,5.86,5.85,5.84,5.83,5.82,5.81,5.92,5.93,5.94,5.95,5.96,5.97,5.98,5.99,6.02,6.05,2200,12800,30600,13300,15300,41800,600,200,300,400,1400,3100,3500,6200,11400,600,15000,23200,10000,1400
391.0,5.9,85200,503599.0,5.9,5.89,5.88,5.87,5.86,5.85,5.84,5.83,5.82,5.81,5.92,5.93,5.94,5.95,5.96,5.97,5.98,5.99,6.02,6.05,2200,12800,30600,13300,15300,41800,600,200,300,400,1400,3100,3500,6200,11400,600,15000,23200,10000,1400
392.0,5.92,85300,504191.0,5.9,5.89,5.88,5.87,5.86,5.85,5.84,5.83,5.82,5.81,5.92,5.93,5.94,5.95,5.96,5.97,5.98,5.99,6.02,6.05,2200,12800,30600,13300,15300,41800,600,200,300,400,1300,3100,3500,6200,11400,600,15000,23200,10000,1400
393.0,5.92,85300,504191.0,5.9,5.89,5.88,5.87,5.86,5.85,5.84,5.83,5.82,5.81,5.92,5.93,5.94,5.95,5.96,5.97,5.98,5.99,6.02,6.05,2200,12800,30600,13300,15300,41800,600,200,300,400,1300,3100,3500,6200,11400,600,15000,23200,10000,1400
394.0,5.92,85300,504191.0,5.9,5.89,5.88,5.87,5.86,5.85,5.84,5.83,5.82,5.81,5.92,5.93,5.94,5.95,5.96,5.97,5.98,5.99,6.02,6.05,2200,12800,30600,13300,15300,41800,600,200,300,400,1300,3100,3500,6200,11400,600,15000,23200,10000,1400
395.0,5.92,85400,504783.0,5.9,5.89,5.88,5.87,5.86,5.85,5.84,5.83,5.82,5.81,5.92,5.93,5.94,5.95,5.96,5.97,5.98,5.99,6.02,6.05,2200,12800,30600,13300,15300,41800,600,200,300,400,1200,3100,3500,6200,11400,600,15000,23200,10000,1400
396.0,5.92,85400,504783.0,5.9,5.89,5.88,5.87,5.86,5.85,5.84,5.83,5.82,5.81,5.92,5.93,5.94,5.95,5.96,5.97,5.98,5.99,6.02,6.05,2200,12800,30600,13300,15300,41800,600,200,300,400,1200,3100,3500,6200,11400,600,15000,23200,10000,1400
397.0,5.92,85400,504783.0,5.9,5.89,5.88,5.87,5.86,5.85,5.84,5.83,5.82,5.81,5.92,5.93,5.94,5.95,5.96,5.97,5.98,5.99,6.02,6.05,2200,12800,30600,13300,15300,41800,600,200,300,400,1200,3100,3500,6200,11400,600,15000,23200,10000,1400
398.0,5.9,85600,505963.0,5.9,5.89,5.88,5.87,5.86,5.85,5.84,5.83,5.82,5.81,5.92,5.93,5.94,5.95,5.96,5.97,5.98,5.99,6.02,6.05,2000,12800,30600,13300,15300,41800,600,200,300,400,1200,3100,3500,6200,11400,600,15000,23200,10000,1400
399.0,5.92,85700,506555.0,5.9,5.89,5.88,5.87,5.86,5.85,5.84,5.83,5.82,5.81,5.92,5.93,5.94,5.95,5.96,5.97,5.98,5.99,6.02,6.05,2000,12800,30600,13300,15300,41800,600,200,300,400,1100,3100,3500,6200,11400,600,15000,23200,10000,1400
400.0,5.92,85700,506555.0,5.9,5.89,5.88,5.87,5.86,5.85,5.84,5.83,5.82,5.81,5.92,5.93,5.94,5.95,5.96,5.97,5.98,5.99,6.02,6.05,2000,12800,30600,13300,15300,41800,600,200,300,400,1100,3100,3500,6200,11400,600,15000,23200,10000,1400
401.0,5.92,85900,507739.0,5.9,5.89,5.88,5.87,5.86,5.85,5.84,5.83,5.82,5.81,5.92,5.93,5.94,5.95,5.96,5.97,5.98,5.99,6.02,6.05,2000,12800,30600,13300,15300,41800,600,200,300,400,900,3100,3500,6200,11400,600,15000,23200,10000,1400
402.0,5.92,85900,507739.0,5.9,5.89,5.88,5.87,5.86,5.85,5.84,5.83,5.82,5.81,5.92,5.93,5.94,5.95,5.96,5.97,5.98,5.99,6.02,6.05,2000,12800,30600,13300,15300,41800,600,200,300,400,900,3100,3500,6200,11400,600,15000,23200,10000,1400
403.0,5.92,85900,507739.0,5.9,5.89,5.88,5.87,5.86,5.85,5.84,5.83,5.82,5.81,5.92,5.93,5.94,5.95,5.96,5.97,5.98,5.99,6.02,6.05,2000,12800,30600,13300,15300,41800,600,200,300,400,900,3100,3500,6200,11400,600,15000,23200,10000,1400
404.0,5.92,85900,507739.0,5.9,5.89,5.88,5.87,5.86,5.85,5.84,5.83,5.82,5.81,5.91,5.92,5.93,5.94,5.95,5.96,5.97,5.98,5.99,6.02,2000,12800,30600,13300,15300,41800,600,200,300,400,200,900,3100,3500,6200,11400,600,15000,23200,10000
405.0,5.9,86100,508919.0,5.9,5.89,5.88,5.87,5.86,5.85,5.84,5.83,5.82,5.81,5.91,5.92,5.93,5.94,5.95,5.96,5.97,5.98,5.99,6.02,1800,12800,30600,13300,15300,41800,600,200,300,400,200,900,3100,3500,6200,11400,600,15000,23200,10000
406.0,5.9,86100,508919.0,5.9,5.89,5.88,5.87,5.86,5.85,5.84,5.83,5.82,5.81,5.91,5.92,5.93,5.94,5.95,5.96,5.97,5.98,5.99,6.02,1800,12800,30600,13300,15300,41800,600,200,300,400,200,900,3100,3500,6200,11400,600,15000,23200,10000
407.0,5.9,86300,510100.0,5.9,5.89,5.88,5.87,5.86,5.85,5.84,5.83,5.82,5.81,5.91,5.92,5.93,5.94,5.95,5.96,5.97,5.98,5.99,6.02,1700,12800,30800,13300,15300,41800,600,200,300,400,800,900,3100,3500,6200,11400,600,15000,23200,10000
408.0,5.9,86300,510100.0,5.9,5.89,5.88,5.87,5.86,5.85,5.84,5.83,5.82,5.81,5.91,5.92,5.93,5.94,5.95,5.96,5.97,5.98,5.99,6.02,1700,12800,30800,13300,15300,41800,600,200,300,400,800,900,3100,3500,6200,11400,600,15000,23200,10000
409.0,5.9,86300,510100.0,5.9,5.89,5.88,5.87,5.86,5.85,5.84,5.83,5.82,5.81,5.91,5.92,5.93,5.94,5.95,5.96,5.97,5.98,5.99,6.02,1700,12800,30800,13300,16500,41800,600,200,300,400,800,900,3100,3500,6200,11400,600,15000,23200,10000
410.0,5.9,86300,510100.0,5.9,5.89,5.88,5.87,5.86,5.85,5.84,5.83,5.82,5.81,5.91,5.92,5.93,5.94,5.95,5.96,5.97,5.98,5.99,6.02,1700,12800,30800,13300,16500,41800,600,200,300,400,800,900,3100,3500,6200,11400,600,15000,23200,10000
411.0,5.9,86300,510100.0,5.9,5.89,5.88,5.87,5.86,5.85,5.84,5.83,5.82,5.81,5.91,5.92,5.93,5.94,5.95,5.96,5.97,5.98,5.99,6.02,1700,12800,30800,13300,16500,41800,600,200,300,400,800,900,3100,3500,6200,11400,600,15000,23200,10000
412.0,5.9,86300,510100.0,5.9,5.89,5.88,5.87,5.86,5.85,5.84,5.83,5.82,5.81,5.91,5.92,5.93,5.94,5.95,5.96,5.97,5.98,5.99,6.02,1700,12800,30800,13300,16500,41800,600,200,300,400,800,900,3100,3500,6200,11400,600,15000,23200,10000
413.0,5.91,86900,513646.0,5.9,5.89,5.88,5.87,5.86,5.85,5.84,5.83,5.82,5.81,5.91,5.92,5.93,5.94,5.95,5.96,5.97,5.98,5.99,6.01,1700,12800,30800,13300,16500,41800,600,200,300,400,200,900,3100,3500,6200,11400,600,15000,23200,2000
414.0,5.91,86900,513646.0,5.9,5.89,5.88,5.87,5.86,5.85,5.84,5.83,5.82,5.81,5.91,5.92,5.93,5.94,5.95,5.96,5.97,5.98,5.99,6.01,1700,12800,30800,13300,16500,41800,600,200,300,400,200,900,3100,3500,6200,11400,600,15000,23200,2000
415.0,5.91,86900,513646.0,5.9,5.89,5.88,5.87,5.86,5.85,5.84,5.83,5.82,5.81,5.91,5.92,5.93,5.94,5.95,5.96,5.97,5.98,5.99,6.01,3500,12800,30800,13300,16500,41800,600,200,300,400,300,1000,3100,3500,6200,11400,600,15000,23200,2000
416.0,5.91,86900,513646.0,5.9,5.89,5.88,5.87,5.86,5.85,5.84,5.83,5.82,5.81,5.91,5.92,5.93,5.94,5.95,5.96,5.97,5.98,5.99,6.01,3500,12800,30800,13300,16500,41800,600,200,300,400,1200,1000,3100,3500,6200,11400,600,15000,23200,2000
417.0,5.91,86900,513646.0,5.9,5.89,5.88,5.87,5.86,5.85,5.84,5.83,5.82,5.81,5.91,5.92,5.93,5.94,5.95,5.96,5.97,5.98,5.99,6.01,3500,12800,30800,13300,16500,41800,600,200,300,400,1600,1000,3100,3500,6200,11400,600,15000,23200,2000
418.0,5.91,88800,524872.0,5.91,5.9,5.89,5.88,5.87,5.86,5.85,5.84,5.83,5.82,5.92,5.93,5.94,5.95,5.96,5.97,5.98,5.99,6.01,6.02,400,3200,12800,30800,13300,16500,41800,600,200,300,1000,3100,3500,6200,11400,600,15000,23200,2000,10000
419.0,5.93,91400,540276.0,5.91,5.9,5.89,5.88,5.87,5.86,5.85,5.84,5.83,5.82,5.93,5.94,5.95,5.96,5.97,5.98,5.99,6.01,6.02,6.05,200,3200,12800,30800,13300,16500,41800,600,200,300,1700,3500,6200,11400,600,15000,23200,2000,10000,1400
420.0,5.93,91500,540869.0,5.91,5.9,5.89,5.88,5.87,5.86,5.85,5.84,5.83,5.82,5.93,5.94,5.95,5.96,5.97,5.98,5.99,6.01,6.02,6.05,200,3200,12800,30800,13300,16500,41800,600,200,300,1600,3500,6200,11400,600,15000,23200,2000,10000,1400
421.0,5.93,91500,540869.0,5.91,5.9,5.89,5.88,5.87,5.86,5.85,5.84,5.83,5.82,5.93,5.94,5.95,5.96,5.97,5.98,5.99,6.01,6.02,6.05,200,3200,12800,30800,13300,16500,41800,600,200,300,1600,3500,6200,11400,600,15000,23200,2000,10000,1400
422.0,5.93,91600,541462.0,5.91,5.9,5.89,5.88,5.87,5.86,5.85,5.84,5.83,5.82,5.93,5.94,5.95,5.96,5.97,5.98,5.99,6.01,6.02,6.05,200,3200,12800,30800,13300,16500,41800,600,200,300,1500,3500,6200,11400,600,15000,23200,2000,10000,1400
423.0,5.93,91600,541462.0,5.91,5.9,5.89,5.88,5.87,5.86,5.85,5.84,5.83,5.82,5.93,5.94,5.95,5.96,5.97,5.98,5.99,6.01,6.02,6.05,200,3200,12800,30800,13300,16500,41800,600,200,300,1500,3500,6200,11400,600,15000,23200,2000,10000,1400
424.0,5.93,91900,543241.0,5.91,5.9,5.89,5.88,5.87,5.86,5.85,5.84,5.83,5.82,5.93,5.94,5.95,5.96,5.97,5.98,5.99,6.01,6.02,6.05,200,3200,12800,30800,13300,16500,41800,600,200,300,1200,3500,6200,11400,600,15000,23200,2000,10000,1400
425.0,5.93,92000,543834.0,5.91,5.9,5.89,5.88,5.87,5.86,5.85,5.84,5.83,5.82,5.93,5.94,5.95,5.96,5.97,5.98,5.99,6.01,6.02,6.05,200,3200,12800,30800,13300,16500,41800,600,200,300,1100,3500,6200,11400,600,15000,23200,2000,10000,1400
426.0,5.91,92200,545016.0,5.9,5.89,5.88,5.87,5.86,5.85,5.84,5.83,5.82,5.81,5.91,5.93,5.94,5.95,5.96,5.97,5.98,5.99,6.01,6.02,3200,12800,30800,13300,16500,41800,600,200,300,400,500,1100,3500,6200,11400,600,15000,23200,2000,10000
427.0,5.91,92200,545016.0,5.9,5.89,5.88,5.87,5.86,5.85,5.84,5.83,5.82,5.81,5.91,5.93,5.94,5.95,5.96,5.97,5.98,5.99,6.01,6.02,3200,12800,30800,13300,16500,41800,600,200,300,400,500,1100,3500,6200,11400,600,15000,23200,2000,10000
428.0,5.91,92200,545016.0,5.9,5.89,5.88,5.87,5.86,5.85,5.84,5.83,5.82,5.81,5.91,5.93,5.94,5.95,5.96,5.97,5.98,5.99,6.01,6.02,3300,12800,30800,13300,16500,41800,600,200,300,400,500,1100,3500,6200,11400,600,15000,23200,2000,10000
429.0,5.91,92200,545016.0,5.9,5.89,5.88,5.87,5.86,5.85,5.84,5.83,5.82,5.81,5.91,5.93,5.94,5.95,5.96,5.97,5.98,5.99,6.01,6.02,3300,12800,30800,13300,16500,41800,600,200,300,400,500,1100,3500,6200,11400,600,15000,23200,2000,10000
430.0,5.91,92200,545016.0,5.9,5.89,5.88,5.87,5.86,5.85,5.84,5.83,5.82,5.81,5.91,5.93,5.94,5.95,5.96,5.97,5.98,5.99,6.01,6.02,3300,12800,30800,13300,16500,41800,600,200,300,400,500,1100,3500,6200,11400,600,15000,23200,2000,10000
431.0,5.91,92200,545016.0,5.9,5.89,5.88,5.87,5.86,5.85,5.84,5.83,5.82,5.81,5.91,5.93,5.94,5.95,5.96,5.97,5.98,5.99,6.01,6.02,3300,12800,30800,13300,16500,41800,600,200,300,400,500,1100,3500,6200,11400,600,15000,23200,2000,10000
432.0,5.91,92200,545016.0,5.9,5.89,5.88,5.87,5.86,5.85,5.84,5.83,5.82,5.81,5.91,5.93,5.94,5.95,5.96,5.97,5.98,5.99,6.01,6.02,3300,12800,30800,13300,16500,41800,600,200,300,400,500,1100,3500,6200,11400,600,15000,23200,2000,10000
433.0,5.91,92200,545016.0,5.9,5.89,5.88,5.87,5.86,5.85,5.84,5.83,5.82,5.81,5.91,5.93,5.94,5.95,5.96,5.97,5.98,5.99,6.01,6.02,3300,12800,30800,13300,16500,41800,600,200,300,400,500,1100,3500,6200,11400,600,15000,23200,2000,10000
434.0,5.91,93100,550335.0,5.91,5.9,5.89,5.88,5.87,5.86,5.85,5.84,5.83,5.82,5.93,5.94,5.95,5.96,5.97,5.98,5.99,6.01,6.02,6.05,1200,3300,12800,30800,13300,16500,41800,600,200,300,1100,3500,6200,11400,600,15000,23200,2000,10000,1400
435.0,5.93,93200,550928.0,5.91,5.9,5.89,5.88,5.87,5.86,5.85,5.84,5.83,5.82,5.93,5.94,5.95,5.96,5.97,5.98,5.99,6.01,6.02,6.05,1300,3300,12800,30800,13300,16500,41800,600,200,300,1000,3500,6200,11400,600,15000,23200,2000,10000,1400
