LocalTime,LastPrice,TradeVolume,TradeValue,BidPrice1,BidPrice2,BidPrice3,BidPrice4,BidPrice5,BidPrice6,BidPrice7,BidPrice8,BidPrice9,BidPriceA,AskPrice1,AskPrice2,AskPrice3,AskPrice4,AskPrice5,AskPrice6,AskPrice7,AskPrice8,AskPrice9,AskPriceA,BidVolume1,BidVolume2,BidVolume3,BidVolume4,BidVolume5,BidVolume6,BidVolume7,BidVolume8,BidVolume9,BidVolumeA,AskVolume1,AskVolume2,AskVolume3,AskVolume4,AskVolume5,AskVolume6,AskVolume7,AskVolume8,AskVolume9,AskVolumeA
0.0,6.79,19900,135121.0,6.78,6.76,6.75,6.74,6.71,6.7,6.69,6.68,6.67,6.66,6.79,6.8,6.81,6.82,6.83,6.84,6.85,6.86,6.87,6.88,26000,1000,3200,100,100,3900,400,6800,700,2000,7400,13600,8600,4300,1700,8200,12900,1000,500,3000
1.0,6.79,33300,226065.0,6.79,6.78,6.76,6.75,6.74,6.72,6.71,6.7,6.69,6.68,6.8,6.81,6.82,6.83,6.84,6.85,6.86,6.87,6.88,6.89,1200,22300,1000,18300,100,100,100,3900,400,6800,13600,8600,4300,1700,8200,12900,7300,500,3000,1400
2.0,6.79,33400,226744.0,6.79,6.78,6.76,6.75,6.74,6.72,6.71,6.7,6.69,6.68,6.8,6.81,6.82,6.83,6.84,6.85,6.86,6.87,6.88,6.89,7500,22400,1000,18300,1100,100,3000,3900,400,6800,13600,8000,4300,7900,8200,12900,7300,500,3000,1400
3.0,6.8,35200,238978.0,6.79,6.78,6.76,6.75,6.74,6.72,6.71,6.7,6.69,6.68,6.8,6.81,6.82,6.83,6.84,6.85,6.86,6.87,6.88,6.89,8900,22400,1000,18300,1100,100,3000,3900,400,6800,12400,8000,4300,7900,8200,12900,7300,500,3000,1400
4.0,6.79,40700,276323.0,6.79,6.78,6.76,6.75,6.74,6.72,6.71,6.7,6.69,6.68,6.8,6.81,6.82,6.83,6.84,6.85,6.86,6.87,6.88,6.89,5800,22400,1000,18300,1100,100,3000,13900,400,6800,12400,8000,4300,7900,13200,12900,7300,900,3000,1400
5.0,6.79,41100,279041.0,6.79,6.78,6.76,6.75,6.74,6.72,6.71,6.7,6.69,6.68,6.8,6.81,6.82,6.83,6.84,6.85,6.86,6.87,6.88,6.89,6300,22400,1000,18300,1100,100,5300,13900,400,6300,12200,3000,4300,7900,13200,12900,7300,900,5000,4400
6.0,6.8,49700,337483.0,6.79,6.78,6.76,6.75,6.74,6.73,6.72,6.71,6.7,6.69,6.8,6.81,6.82,6.83,6.84,6.85,6.86,6.87,6.88,6.89,3000,22400,1000,18300,1100,5700,100,5300,13900,400,7400,3000,4300,7900,13200,12900,7300,900,5000,4400
7.0,6.8,49900,338842.0,6.79,6.78,6.76,6.75,6.74,6.73,6.72,6.71,6.7,6.69,6.8,6.81,6.82,6.83,6.84,6.85,6.86,6.87,6.88,6.89,4900,25300,1000,18300,1100,5700,100,27300,13900,400,8300,3000,4300,7900,13200,12900,7300,900,5000,4400
8.0,6.8,55900,379636.0,6.79,6.78,6.76,6.75,6.74,6.73,6.72,6.71,6.7,6.69,6.8,6.81,6.82,6.83,6.84,6.85,6.86,6.87,6.88,6.89,5300,3500,1000,18300,1100,5700,100,30300,13900,5400,2900,3000,4300,7900,23200,12900,7300,900,5000,4400
9.0,6.8,56800,385751.0,6.79,6.78,6.76,6.75,6.74,6.73,6.72,6.71,6.7,6.69,6.8,6.81,6.82,6.83,6.84,6.85,6.86,6.87,6.88,6.89,4800,3500,1000,18300,1100,5700,100,30300,13900,5400,7700,3000,4300,7900,23200,12900,7300,900,5000,4400
10.0,6.8,57400,389831.0,6.79,6.78,6.76,6.75,6.74,6.73,6.72,6.71,6.7,6.69,6.8,6.81,6.82,6.83,6.84,6.85,6.86,6.87,6.88,6.89,4800,3500,1000,18300,1100,5700,100,30300,13900,5400,7200,3000,4300,7900,23400,13900,7300,900,5000,4400
11.0,6.8,64600,438791.0,6.8,6.79,6.78,6.76,6.75,6.74,6.73,6.72,6.71,6.7,6.81,6.82,6.83,6.84,6.85,6.86,6.87,6.88,6.89,6.9,2300,4800,3500,1000,18300,1100,5700,100,30300,13900,3000,4300,7900,23400,13900,7300,900,5000,4400,3800
12.0,6.8,64600,438791.0,6.8,6.79,6.78,6.76,6.75,6.74,6.73,6.72,6.71,6.7,6.81,6.82,6.83,6.84,6.85,6.86,6.87,6.88,6.89,6.9,2300,4400,3500,1000,18300,1100,5700,100,30300,13900,3000,4300,7900,23400,13900,7300,900,5000,4400,3800
13.0,6.81,65600,445600.0,6.8,6.79,6.78,6.76,6.75,6.74,6.73,6.72,6.71,6.7,6.81,6.82,6.83,6.84,6.85,6.86,6.87,6.88,6.89,6.9,2500,4400,3500,1000,18300,1100,5700,100,30300,13900,2100,4300,7900,23400,13900,7300,900,5000,4400,3800
14.0,6.81,66300,450367.0,6.8,6.79,6.78,6.76,6.75,6.74,6.73,6.72,6.71,6.7,6.81,6.82,6.83,6.84,6.85,6.86,6.87,6.88,6.89,6.9,2500,4400,3500,1000,18300,1100,5700,100,30300,13900,1400,4300,7900,23400,13900,7300,900,5000,4400,3800
15.0,6.81,66400,451048.0,6.8,6.79,6.78,6.76,6.75,6.74,6.73,6.72,6.71,6.7,6.81,6.82,6.83,6.84,6.85,6.86,6.87,6.88,6.89,6.9,2500,4400,3500,1000,18300,1100,5700,100,30300,13900,1300,4300,10900,23400,13900,7300,900,5000,4400,3800
16.0,6.81,66400,451048.0,6.8,6.79,6.78,6.76,6.75,6.74,6.73,6.72,6.71,6.7,6.81,6.82,6.83,6.84,6.85,6.86,6.87,6.88,6.89,6.9,2500,4400,3500,1000,18300,1100,5700,100,30300,13900,1300,4300,10900,23400,13900,7300,900,5000,4400,3800
17.0,6.81,66400,451048.0,6.8,6.79,6.78,6.76,6.75,6.74,6.73,6.72,6.71,6.7,6.81,6.82,6.83,6.84,6.85,6.86,6.87,6.88,6.89,6.9,2500,5600,3500,1000,18300,1100,5700,100,30300,13900,1300,4300,12500,23400,13900,7300,900,5000,4400,3800
18.0,6.81,66400,451048.0,6.8,6.79,6.78,6.76,6.75,6.74,6.73,6.72,6.71,6.7,6.81,6.82,6.83,6.84,6.85,6.86,6.87,6.88,6.89,6.9,2600,5600,3500,14500,18300,1100,5700,100,30300,13900,1300,4300,12500,23400,13900,7300,900,5000,4400,3800
19.0,6.81,67100,455815.0,6.8,6.79,6.78,6.76,6.75,6.74,6.73,6.72,6.71,6.7,6.81,6.82,6.83,6.84,6.85,6.86,6.87,6.88,6.89,6.9,2600,5600,3500,14500,18300,1100,5700,100,30300,13900,600,4300,12500,23400,13900,7300,900,5000,4400,3800
20.0,6.81,67700,459901.0,6.81,6.8,6.79,6.78,6.76,6.75,6.74,6.73,6.72,6.71,6.82,6.83,6.84,6.85,6.86,6.87,6.88,6.89,6.9,6.91,900,2600,5600,3500,14500,18300,1100,5700,100,30300,4300,12500,23400,13900,7300,900,5000,4400,3800,4900
21.0,6.81,67700,459901.0,6.81,6.8,6.79,6.78,6.76,6.75,6.74,6.73,6.72,6.71,6.82,6.83,6.84,6.85,6.86,6.87,6.88,6.89,6.9,6.91,900,2600,5600,3500,14500,18300,1100,5700,100,30300,4300,12500,23400,13900,7300,900,5000,4400,3800,4900
22.0,6.81,67700,459901.0,6.81,6.8,6.79,6.78,6.76,6.75,6.74,6.73,6.72,6.71,6.82,6.83,6.84,6.85,6.86,6.87,6.88,6.89,6.9,6.91,900,2600,5600,3500,14500,18300,1100,5700,100,30300,4300,12500,23400,13900,7300,900,5000,4400,3800,4900
23.0,6.81,67700,459901.0,6.81,6.8,6.79,6.78,6.76,6.75,6.74,6.73,6.72,6.71,6.82,6.83,6.84,6.85,6.86,6.87,6.88,6.89,6.9,6.91,1000,400,5600,3400,14500,18300,1100,5700,100,30300,4300,12500,23400,13900,7300,900,5000,4400,3800,4900
24.0,6.81,67700,459901.0,6.81,6.8,6.79,6.78,6.76,6.75,6.74,6.73,6.72,6.71,6.82,6.83,6.84,6.85,6.86,6.87,6.88,6.89,6.9,6.91,2000,400,5600,3400,14500,18300,1100,5700,100,30300,4300,12500,23400,13900,7300,900,5000,4400,3800,4900
25.0,6.81,67700,459901.0,6.81,6.8,6.79,6.78,6.76,6.75,6.74,6.73,6.72,6.71,6.82,6.83,6.84,6.85,6.86,6.87,6.88,6.89,6.9,6.91,2000,400,5600,3400,14500,18300,1100,5700,100,30300,4300,8700,23400,13900,7300,900,5000,4400,3800,4900
26.0,6.8,69900,474881.0,6.8,6.79,6.78,6.76,6.75,6.74,6.73,6.72,6.71,6.7,6.81,6.82,6.83,6.84,6.85,6.86,6.87,6.88,6.89,6.9,400,5600,3400,14500,18300,1100,5700,100,30300,13900,6100,4800,8700,23400,13900,7300,900,5000,4400,3800
27.0,6.8,69900,474881.0,6.8,6.79,6.78,6.76,6.75,6.74,6.73,6.72,6.71,6.7,6.81,6.82,6.83,6.84,6.85,6.86,6.87,6.88,6.89,6.9,400,5600,3400,14500,18300,1100,5700,100,30300,13900,6100,4800,8700,23400,13900,7300,900,5000,4400,3800
28.0,6.81,76000,516422.0,6.81,6.8,6.79,6.78,6.76,6.75,6.74,6.73,6.72,6.71,6.82,6.83,6.84,6.85,6.86,6.87,6.88,6.89,6.9,6.91,8700,400,5600,3400,14500,18300,1100,5700,100,30300,4800,8700,23400,13900,7300,900,5000,4400,3800,4900
29.0,6.81,76000,516422.0,6.81,6.8,6.79,6.78,6.76,6.75,6.74,6.73,6.72,6.71,6.82,6.83,6.84,6.85,6.86,6.87,6.88,6.89,6.9,6.91,8900,200,4400,3400,14500,18300,1100,5700,100,30300,4800,8700,23400,13900,7300,900,5000,4400,3800,4900
30.0,6.8,97600,663409.0,6.79,6.78,6.76,6.75,6.74,6.73,6.72,6.71,6.7,6.69,6.8,6.82,6.83,6.84,6.85,6.86,6.87,6.88,6.89,6.9,4400,3400,14500,18300,1100,5700,100,30300,13900,5400,5600,4800,8700,23400,13900,7300,900,5000,4400,3800
31.0,6.8,104400,709637.0,6.8,6.79,6.78,6.76,6.75,6.74,6.73,6.72,6.71,6.7,6.82,6.83,6.84,6.85,6.86,6.87,6.88,6.89,6.9,6.91,3200,3200,3400,14500,18300,1100,5700,100,30300,13900,4800,8700,23400,13900,7300,900,5000,4400,3800,4900
32.0,6.8,104400,709637.0,6.81,6.8,6.79,6.78,6.76,6.75,6.74,6.73,6.72,6.71,6.82,6.83,6.84,6.85,6.86,6.87,6.88,6.89,6.9,6.91,1400,3200,3200,3400,14500,18300,1100,5700,100,30300,4800,8700,23400,13900,7300,900,5000,4400,3800,4900
33.0,6.8,104400,709637.0,6.81,6.8,6.79,6.78,6.76,6.75,6.74,6.73,6.72,6.71,6.82,6.83,6.84,6.85,6.86,6.87,6.88,6.89,6.9,6.91,1400,3100,3200,3400,14500,18300,1100,5700,100,30300,4800,8700,23400,13900,7300,900,5000,4400,4200,4900
34.0,6.81,104500,710318.0,6.81,6.8,6.79,6.78,6.76,6.75,6.74,6.73,6.72,6.71,6.82,6.83,6.84,6.85,6.86,6.87,6.88,6.89,6.9,6.91,1300,3300,3200,3400,14500,18300,1100,5700,100,30300,4800,8700,23400,13900,7300,900,5000,4400,4200,4900
35.0,6.8,112000,761331.0,6.81,6.8,6.79,6.78,6.76,6.75,6.74,6.73,6.72,6.71,6.82,6.83,6.84,6.85,6.86,6.87,6.88,6.89,6.9,6.91,400,6800,3200,3400,14500,18300,1100,5700,100,30300,4800,8700,23400,13900,7300,900,5000,4400,4200,4900
36.0,6.82,122100,830112.0,6.8,6.79,6.78,6.76,6.75,6.74,6.73,6.72,6.71,6.7,6.81,6.82,6.83,6.84,6.85,6.86,6.87,6.88,6.89,6.9,2900,3200,3400,14500,18300,1100,5700,100,30300,13900,3800,800,8700,23400,13900,7300,900,5000,4400,4200
37.0,6.8,122300,831472.0,6.8,6.79,6.78,6.76,6.75,6.74,6.73,6.72,6.71,6.7,6.81,6.82,6.83,6.84,6.85,6.86,6.87,6.88,6.89,6.9,2700,3200,3400,14500,18300,1100,5700,100,30300,13900,3800,3800,8700,23400,13900,7300,900,5000,4400,4200
38.0,6.81,124500,846454.0,6.8,6.79,6.78,6.76,6.75,6.74,6.73,6.72,6.71,6.7,6.81,6.82,6.83,6.84,6.85,6.86,6.87,6.88,6.89,6.9,2700,3200,3400,14500,18300,1100,5700,100,30300,13900,1600,3800,8700,23400,13900,7300,900,5000,4400,4200
39.0,6.81,128800,875733.0,6.8,6.79,6.78,6.76,6.75,6.74,6.73,6.72,6.71,6.7,6.81,6.82,6.83,6.84,6.85,6.86,6.87,6.88,6.89,6.9,2300,3200,3400,14500,18300,1100,5700,100,30300,13900,3700,3800,8700,23400,13900,7300,900,5000,4400,4200
40.0,6.8,129000,877093.0,6.8,6.79,6.78,6.76,6.75,6.74,6.73,6.72,6.71,6.7,6.81,6.82,6.83,6.84,6.85,6.86,6.87,6.88,6.89,6.9,2100,3200,3400,14500,18300,1100,5700,100,30300,13900,3700,3800,8700,23400,13900,7300,900,5000,4400,4200
41.0,6.81,132700,902290.0,6.81,6.8,6.79,6.78,6.76,6.75,6.74,6.73,6.72,6.71,6.82,6.83,6.84,6.85,6.86,6.87,6.88,6.89,6.9,6.91,1400,100,3200,3400,14500,18300,1100,5700,100,30300,3800,8700,23400,13900,7300,900,5000,4400,4200,4900
42.0,6.82,136900,930932.0,6.82,6.81,6.79,6.78,6.76,6.75,6.74,6.73,6.72,6.71,6.83,6.84,6.85,6.86,6.87,6.88,6.89,6.9,6.91,6.92,6000,1200,3200,3400,14500,18300,1100,5700,100,30300,8700,23400,13900,7300,900,5000,4400,4200,4900,5000
43.0,6.82,137500,935024.0,6.82,6.81,6.79,6.78,6.76,6.75,6.74,6.73,6.72,6.71,6.83,6.84,6.85,6.86,6.87,6.88,6.89,6.9,6.91,6.92,5400,1200,3200,3400,14500,18300,1100,5700,100,30300,8700,23400,13900,7300,900,5000,4400,4200,4900,5000
44.0,6.83,147900,1006049.0,6.82,6.81,6.79,6.78,6.76,6.75,6.74,6.73,6.72,6.71,6.84,6.85,6.86,6.87,6.88,6.89,6.9,6.91,6.92,6.93,4700,1200,3200,3400,14500,18300,1100,5700,100,30300,23400,13900,7300,900,5000,4400,4200,4900,5000,600
45.0,6.83,147900,1006049.0,6.82,6.81,6.79,6.78,6.76,6.75,6.74,6.73,6.72,6.71,6.84,6.85,6.86,6.87,6.88,6.89,6.9,6.91,6.92,6.93,4700,1200,3200,3400,20600,18300,1100,5700,100,30300,23400,13900,7300,900,5000,4400,4200,4900,5000,600
46.0,6.82,148300,1008777.0,6.82,6.81,6.79,6.78,6.76,6.75,6.74,6.73,6.72,6.71,6.84,6.85,6.86,6.87,6.88,6.89,6.9,6.91,6.92,6.93,4300,1200,3200,3400,20600,18300,1100,5700,100,30300,23400,13900,7300,900,5000,4400,4200,4900,5000,600
47.0,6.82,148300,1008777.0,6.83,6.82,6.81,6.79,6.78,6.76,6.75,6.74,6.73,6.72,6.84,6.85,6.86,6.87,6.88,6.89,6.9,6.91,6.92,6.93,600,4300,1200,3200,3400,20600,18300,1100,5700,100,23400,13900,7300,900,5000,4400,4200,4900,5000,600
48.0,6.82,148300,1008777.0,6.83,6.82,6.81,6.79,6.78,6.76,6.75,6.74,6.73,6.72,6.84,6.85,6.86,6.87,6.88,6.89,6.9,6.91,6.92,6.93,600,4300,3200,3200,3400,20600,18300,1100,5700,100,23400,13900,7300,900,5000,4400,4200,4900,5000,600
49.0,6.83,150300,1022437.0,6.83,6.82,6.81,6.79,6.78,6.76,6.75,6.74,6.73,6.72,6.84,6.85,6.86,6.87,6.88,6.89,6.9,6.91,6.92,6.93,500,4300,3200,3200,3400,7100,18300,1100,5700,100,23400,13900,7300,900,5000,4400,4200,4900,5000,600
50.0,6.83,150300,1022437.0,6.83,6.82,6.81,6.79,6.78,6.76,6.75,6.74,6.73,6.72,6.84,6.85,6.86,6.87,6.88,6.89,6.9,6.91,6.92,6.93,500,4300,3200,3200,3400,7100,18300,1100,5700,100,23400,13900,7300,900,5000,4400,4200,4900,5000,600
51.0,6.84,150800,1025857.0,6.83,6.82,6.81,6.79,6.78,6.76,6.75,6.74,6.73,6.72,6.84,6.85,6.86,6.87,6.88,6.89,6.9,6.91,6.92,6.93,500,4300,3200,3200,3400,7100,18300,1100,5700,100,22900,13900,7300,900,5000,4400,4200,4900,5000,600
52.0,6.84,150800,1025857.0,6.83,6.82,6.81,6.79,6.78,6.76,6.75,6.74,6.73,6.72,6.84,6.85,6.86,6.87,6.88,6.89,6.9,6.91,6.92,6.93,2500,4300,3200,3200,3400,7100,18300,1100,5700,100,22900,13900,7300,900,5000,4400,4200,4900,5000,600
53.0,6.83,153400,1043615.0,6.82,6.81,6.79,6.78,6.76,6.75,6.74,6.73,6.72,6.71,6.83,6.84,6.85,6.86,6.87,6.88,6.89,6.9,6.91,6.92,4300,3200,3200,3400,7100,18300,1100,5700,100,30300,7900,22900,13900,7300,900,5000,4400,4200,4900,5000
54.0,6.83,155600,1058641.0,6.82,6.81,6.79,6.78,6.76,6.75,6.74,6.73,6.72,6.71,6.83,6.84,6.85,6.86,6.87,6.88,6.89,6.9,6.91,6.92,4300,2000,3200,3400,7100,18300,1100,5700,100,30300,7100,22900,13900,7300,900,5000,4400,4200,4900,5000
55.0,6.84,172300,1172790.0,6.83,6.82,6.81,6.79,6.78,6.76,6.75,6.74,6.73,6.72,6.84,6.85,6.86,6.87,6.88,6.89,6.9,6.91,6.92,6.93,4500,6400,2000,3200,3400,7100,18300,1100,5700,100,13700,13900,7300,900,5000,4400,4200,4900,5000,600
56.0,6.84,186000,1266498.0,6.84,6.83,6.82,6.81,6.79,6.78,6.76,6.75,6.74,6.73,6.85,6.86,6.87,6.88,6.89,6.9,6.91,6.92,6.93,6.94,4600,8200,6400,2000,3200,3400,7100,18300,1100,5700,13900,7300,900,5000,4400,4200,4900,5000,600,2600
57.0,6.85,186900,1272655.0,6.84,6.83,6.82,6.81,6.79,6.78,6.76,6.75,6.74,6.73,6.85,6.86,6.87,6.88,6.89,6.9,6.91,6.92,6.93,6.94,3800,8400,6400,2000,3200,3400,7100,18300,1100,5700,13800,7300,900,5000,4400,4200,4900,5000,600,2600
58.0,6.84,187200,1274707.0,6.84,6.83,6.82,6.81,6.79,6.78,6.76,6.75,6.74,6.73,6.85,6.86,6.87,6.88,6.89,6.9,6.91,6.92,6.93,6.94,5300,8400,6400,2000,3200,3400,7100,18300,1100,5700,13800,7300,900,5000,4400,4200,4900,5000,600,2600
59.0,6.85,192700,1312377.0,6.84,6.83,6.82,6.81,6.79,6.78,6.76,6.75,6.74,6.73,6.85,6.86,6.87,6.88,6.89,6.9,6.91,6.92,6.93,6.94,6400,5700,6400,2000,3200,3400,7100,18300,1100,5700,8800,7300,900,5000,4400,4200,4900,5000,600,2600
60.0,6.85,193700,1319227.0,6.84,6.83,6.82,6.81,6.79,6.78,6.76,6.75,6.74,6.73,6.85,6.86,6.87,6.88,6.89,6.9,6.91,6.92,6.93,6.94,6400,5700,6400,2000,3200,3400,7100,18300,1100,5700,7800,7300,900,5000,4400,4200,4900,5000,600,2600
61.0,6.85,194400,1324016.0,6.84,6.83,6.82,6.81,6.79,6.78,6.76,6.75,6.74,6.73,6.85,6.86,6.87,6.88,6.89,6.9,6.91,6.92,6.93,6.94,7200,5700,6400,2000,3200,3400,7100,18300,1100,5700,7700,7300,900,5000,4400,4200,4900,5000,600,2600
62.0,6.85,194900,1327441.0,6.84,6.83,6.82,6.81,6.79,6.78,6.76,6.75,6.74,6.73,6.85,6.86,6.87,6.88,6.89,6.9,6.91,6.92,6.93,6.94,7200,5700,6400,2000,3200,3400,7100,18300,1100,5700,7200,7300,900,5000,4400,4200,4900,5000,600,2600
63.0,6.85,194900,1327441.0,6.84,6.83,6.82,6.81,6.79,6.78,6.76,6.75,6.74,6.73,6.85,6.86,6.87,6.88,6.89,6.9,6.91,6.92,6.93,6.94,7200,5700,6400,2000,3200,3400,7100,18300,1100,5700,7200,7300,900,5000,4400,4200,4900,5000,600,2600
64.0,6.84,197000,1341805.0,6.84,6.83,6.82,6.81,6.79,6.78,6.76,6.75,6.74,6.73,6.85,6.86,6.87,6.88,6.89,6.9,6.91,6.92,6.93,6.94,5400,5700,6400,2000,3200,3400,7100,18300,9800,5700,7200,7300,900,5000,4400,4200,4900,5000,600,2600
65.0,6.84,202600,1380109.0,6.83,6.82,6.81,6.79,6.78,6.76,6.75,6.74,6.73,6.72,6.84,6.85,6.86,6.87,6.88,6.89,6.9,6.91,6.92,6.93,5900,6400,6400,3200,500,7100,18300,9800,5700,100,7200,7200,7300,900,5000,4400,4200,4900,5000,600
66.0,6.84,205600,1400629.0,6.83,6.82,6.81,6.8,6.79,6.78,6.76,6.75,6.74,6.73,6.84,6.85,6.86,6.87,6.88,6.89,6.9,6.91,6.92,6.93,5900,6400,6400,500,3200,500,7100,18300,9800,5700,4200,7700,7300,900,5000,4400,4200,4900,5000,600
67.0,6.83,206100,1404044.0,6.83,6.82,6.81,6.8,6.79,6.78,6.76,6.75,6.74,6.73,6.84,6.85,6.86,6.87,6.88,6.89,6.9,6.91,6.92,6.93,2900,6400,6400,500,3200,500,7100,18300,9800,5700,4200,7700,7300,900,5000,4400,4200,4900,5000,600
68.0,6.84,206600,1407462.0,6.83,6.82,6.81,6.8,6.79,6.78,6.76,6.75,6.74,6.73,6.84,6.85,6.86,6.87,6.88,6.89,6.9,6.91,6.92,6.93,2700,6400,6400,500,3200,500,7100,18300,9800,5700,3900,8000,7300,900,5000,4400,4200,4900,5000,600
69.0,6.84,206600,1407462.0,6.83,6.82,6.81,6.8,6.79,6.78,6.76,6.75,6.74,6.73,6.84,6.85,6.86,6.87,6.88,6.89,6.9,6.91,6.92,6.93,3000,6400,6400,500,3200,500,7100,18300,9800,5700,3900,8000,7300,900,12000,4400,4200,4900,5000,600
70.0,6.84,206600,1407462.0,6.83,6.82,6.81,6.8,6.79,6.78,6.76,6.75,6.74,6.73,6.84,6.85,6.86,6.87,6.88,6.89,6.9,6.91,6.92,6.93,3000,6400,6400,500,3200,500,7100,18300,9800,5700,3900,8000,7300,900,12000,4400,4200,4900,5000,600
71.0,6.83,206900,1409511.0,6.83,6.82,6.81,6.8,6.79,6.78,6.76,6.75,6.74,6.73,6.84,6.85,6.86,6.87,6.88,6.89,6.9,6.91,6.92,6.93,2700,6400,6400,500,3200,500,7100,18300,9800,5700,3900,8100,7300,900,12000,4400,4200,4900,5000,600
72.0,6.83,206900,1409511.0,6.83,6.82,6.81,6.8,6.79,6.78,6.76,6.75,6.74,6.73,6.84,6.85,6.86,6.87,6.88,6.89,6.9,6.91,6.92,6.93,2700,6400,6400,1500,3200,500,7100,18300,9800,5700,3900,8100,7300,900,12000,4400,4200,4900,5000,600
73.0,6.84,208000,1417035.0,6.83,6.82,6.81,6.8,6.79,6.78,6.76,6.75,6.74,6.73,6.84,6.85,6.86,6.87,6.88,6.89,6.9,6.91,6.92,6.93,5500,6400,6400,1500,3200,500,7100,18300,9800,5700,3800,8100,7300,900,12000,4400,4200,4900,5000,600
74.0,6.84,209600,1427969.0,6.83,6.82,6.81,6.8,6.79,6.78,6.76,6.75,6.74,6.73,6.84,6.85,6.86,6.87,6.88,6.89,6.9,6.91,6.92,6.93,4500,6400,6400,1500,3200,500,7100,18300,9800,5700,4200,8100,7300,900,12000,4400,4200,4900,5000,600
75.0,6.84,209600,1427969.0,6.83,6.82,6.81,6.8,6.79,6.78,6.76,6.75,6.74,6.73,6.84,6.85,6.86,6.87,6.88,6.89,6.9,6.91,6.92,6.93,4800,6400,6400,1500,3200,500,7100,18300,9800,5700,4200,8100,7300,3500,12000,4400,4200,4900,5000,600
76.0,6.83,210500,1434116.0,6.83,6.82,6.81,6.8,6.79,6.78,6.76,6.75,6.74,6.73,6.84,6.85,6.86,6.87,6.88,6.89,6.9,6.91,6.92,6.93,3900,6400,6400,1500,3200,500,7100,18300,9800,5700,4200,8100,7300,3500,12000,4400,4200,4900,5000,600
77.0,6.84,211200,1438901.0,6.83,6.82,6.81,6.8,6.79,6.78,6.76,6.75,6.74,6.73,6.84,6.85,6.86,6.87,6.88,6.89,6.9,6.91,6.92,6.93,3600,6400,6400,1500,3200,500,7100,18300,9800,5700,5300,8100,7300,3500,12000,4400,4200,4900,5000,600
78.0,6.84,211200,1438901.0,6.83,6.82,6.81,6.8,6.79,6.78,6.76,6.75,6.74,6.73,6.84,6.85,6.86,6.87,6.88,6.89,6.9,6.91,6.92,6.93,3600,6400,6400,1500,3200,500,7100,18300,9800,5700,5300,8100,7300,3500,12000,4400,4200,4900,5000,600
79.0,6.84,211200,1438901.0,6.83,6.82,6.81,6.8,6.79,6.78,6.76,6.75,6.74,6.73,6.84,6.85,6.86,6.87,6.88,6.89,6.9,6.91,6.92,6.93,3600,6400,6400,1500,3200,500,7100,18300,9800,5700,5300,8100,7300,3500,12000,4400,4200,4900,5000,600
80.0,6.84,211700,1442318.0,6.83,6.82,6.81,6.8,6.79,6.78,6.76,6.75,6.74,6.73,6.84,6.85,6.86,6.87,6.88,6.89,6.9,6.91,6.92,6.93,3300,6400,6400,1500,3200,500,7100,18300,9800,5700,5600,8100,7300,3500,12000,4400,4200,4900,5000,600
81.0,6.84,214900,1464203.0,6.83,6.82,6.81,6.8,6.79,6.78,6.76,6.75,6.74,6.73,6.84,6.85,6.86,6.87,6.88,6.89,6.9,6.91,6.92,6.93,3000,6400,6400,1500,3200,500,7100,18300,9800,5700,2700,8100,7300,3500,12000,4400,4200,4900,5000,600
82.0,6.83,217900,1484693.0,6.82,6.81,6.8,6.79,6.78,6.76,6.75,6.74,6.73,6.72,6.83,6.84,6.85,6.86,6.87,6.88,6.89,6.9,6.91,6.92,6400,6400,1500,3200,500,7100,18300,9800,5700,100,3900,22600,8100,7300,3500,12000,4400,4200,4900,5000
83.0,6.82,218300,1487421.0,6.82,6.81,6.8,6.79,6.78,6.76,6.75,6.74,6.73,6.72,6.83,6.84,6.85,6.86,6.87,6.88,6.89,6.9,6.91,6.92,6000,2000,1500,3200,500,7100,18300,9800,5700,100,4800,22600,8100,12300,3500,12000,4400,4200,4900,5000
84.0,6.82,218900,1491513.0,6.82,6.81,6.8,6.79,6.78,6.76,6.75,6.74,6.73,6.72,6.83,6.84,6.85,6.86,6.87,6.88,6.89,6.9,6.91,6.92,5400,2000,1500,3200,500,7100,18300,9800,5700,100,4800,22600,8100,12300,3500,12000,5400,4200,4900,5000
85.0,6.82,218900,1491513.0,6.82,6.81,6.8,6.79,6.78,6.76,6.75,6.74,6.73,6.72,6.83,6.84,6.85,6.86,6.87,6.88,6.89,6.9,6.91,6.92,5400,2000,1500,3200,500,7100,18300,9800,5700,100,10000,17700,8100,12300,5500,12000,5400,4200,4900,5000
86.0,6.82,220500,1502425.0,6.82,6.81,6.8,6.79,6.78,6.76,6.75,6.74,6.73,6.72,6.83,6.84,6.85,6.86,6.87,6.88,6.89,6.9,6.91,6.92,3800,2000,1500,3200,500,7100,18300,9800,5700,100,10000,17700,8100,12300,5500,12000,5400,4200,4900,5000
87.0,6.82,221500,1509245.0,6.82,6.81,6.8,6.79,6.78,6.76,6.75,6.74,6.73,6.72,6.83,6.84,6.85,6.86,6.87,6.88,6.89,6.9,6.91,6.92,2800,2000,1500,3200,500,7100,18300,9800,5700,100,9800,17700,7600,12300,5500,12000,5400,4200,4900,5000
88.0,6.82,221500,1509245.0,6.82,6.81,6.8,6.79,6.78,6.76,6.75,6.74,6.73,6.72,6.83,6.84,6.85,6.86,6.87,6.88,6.89,6.9,6.91,6.92,2800,2000,1500,3200,500,7100,18300,9800,5700,100,10000,17700,7600,12300,5500,12000,5400,4200,4900,5000
89.0,6.82,222500,1516065.0,6.82,6.81,6.8,6.79,6.78,6.76,6.75,6.74,6.73,6.72,6.83,6.84,6.85,6.86,6.87,6.88,6.89,6.9,6.91,6.92,1800,2000,1500,3200,500,7100,12800,9800,5700,100,10000,17700,7600,12300,5500,12000,6400,4200,4900,5000
90.0,6.82,224300,1528341.0,6.81,6.8,6.79,6.78,6.76,6.75,6.74,6.73,6.72,6.71,6.82,6.83,6.84,6.85,6.86,6.87,6.88,6.89,6.9,6.91,2000,1500,3200,500,7100,12800,9800,5700,100,30300,3800,10000,17700,7600,12300,5500,12000,6400,4200,4900
91.0,6.82,224300,1528341.0,6.81,6.8,6.79,6.78,6.76,6.75,6.74,6.73,6.72,6.71,6.82,6.83,6.84,6.85,6.86,6.87,6.88,6.89,6.9,6.91,2000,1500,3200,500,7100,12800,9800,5700,100,30300,3800,9800,17700,7600,12300,6000,12000,6400,4200,4900
92.0,6.82,225500,1536525.0,6.81,6.8,6.79,6.78,6.76,6.75,6.74,6.73,6.72,6.71,6.82,6.83,6.84,6.85,6.86,6.87,6.88,6.89,6.9,6.91,2000,1500,3200,500,7100,12800,9800,5700,100,30300,2600,9800,17700,7600,12300,6000,12000,6400,4200,4900
93.0,6.81,225700,1537887.0,6.81,6.8,6.79,6.78,6.76,6.75,6.74,6.73,6.72,6.71,6.82,6.83,6.84,6.85,6.86,6.87,6.88,6.89,6.9,6.91,1800,1500,3200,500,7100,12800,9800,5700,100,30300,2800,9800,17700,7600,32300,6000,12000,6400,4200,4900
94.0,6.81,225700,1537887.0,6.81,6.8,6.79,6.78,6.76,6.75,6.74,6.73,6.72,6.71,6.82,6.83,6.84,6.85,6.86,6.87,6.88,6.89,6.9,6.91,1800,1500,3200,500,7100,12800,9800,5700,100,30300,2800,9800,17700,7600,32300,6000,12000,6400,4200,4900
95.0,6.82,225900,1539251.0,6.81,6.8,6.79,6.78,6.76,6.75,6.74,6.73,6.72,6.71,6.82,6.83,6.84,6.85,6.86,6.87,6.88,6.89,6.9,6.91,1800,1500,3200,500,7100,12800,9800,5700,100,30300,2600,9800,17700,7600,32300,6000,12000,6400,4200,4900
96.0,6.81,226000,1539932.0,6.81,6.8,6.79,6.78,6.76,6.75,6.74,6.73,6.72,6.71,6.82,6.83,6.84,6.85,6.86,6.87,6.88,6.89,6.9,6.91,1700,1500,3200,500,7100,12800,8800,5700,100,30300,2600,9800,17700,7600,32300,6000,12000,6400,4200,4900
97.0,6.81,226100,1540613.0,6.81,6.8,6.79,6.78,6.76,6.75,6.74,6.73,6.72,6.71,6.82,6.83,6.84,6.85,6.86,6.87,6.88,6.89,6.9,6.91,1600,1500,3200,500,20600,12800,8800,5700,100,30300,2600,9800,17700,7600,32300,6000,12000,6400,4200,4900
98.0,6.81,227700,1551509.0,6.8,6.79,6.78,6.76,6.75,6.74,6.73,6.72,6.71,6.7,6.81,6.82,6.83,6.84,6.85,6.86,6.87,6.88,6.89,6.9,1500,3200,500,30600,12800,8800,5700,100,30300,15900,3600,2600,9800,17700,7600,32300,6000,12000,6400,4200
99.0,6.8,228000,1553549.0,6.8,6.79,6.78,6.76,6.75,6.74,6.73,6.72,6.71,6.7,6.81,6.82,6.83,6.84,6.85,6.86,6.87,6.88,6.89,6.9,1200,3200,500,30600,12800,8800,5700,100,30300,15900,3600,2600,9800,17700,7600,32300,6000,12000,6400,4200
100.0,6.81,228400,1556272.0,6.8,6.79,6.78,6.76,6.75,6.74,6.73,6.72,6.71,6.7,6.81,6.82,6.83,6.84,6.85,6.86,6.87,6.88,6.89,6.9,1100,3200,500,30600,12800,8800,5700,100,30300,15900,3300,2600,9800,17700,7600,32300,6000,12000,6400,4200
101.0,6.81,231500,1577383.0,6.8,6.79,6.78,6.76,6.75,6.74,6.73,6.72,6.71,6.7,6.81,6.82,6.83,6.84,6.85,6.86,6.87,6.88,6.89,6.9,1600,3200,500,30800,12800,8800,5700,100,30300,15900,200,2600,9800,17700,7600,32300,6000,12000,6400,4200
102.0,6.81,231500,1577383.0,6.8,6.79,6.78,6.76,6.75,6.74,6.73,6.72,6.71,6.7,6.81,6.82,6.83,6.84,6.85,6.86,6.87,6.88,6.89,6.9,1600,3200,500,30800,12800,8800,5700,100,30300,15900,200,2600,9800,17700,7600,32300,6000,12000,6400,4200
103.0,6.8,231600,1578063.0,6.8,6.79,6.78,6.76,6.75,6.74,6.73,6.72,6.71,6.7,6.81,6.82,6.83,6.84,6.85,6.86,6.87,6.88,6.89,6.9,1500,3200,500,30800,12800,8800,5700,100,30300,15900,200,2600,24800,17700,7600,32300,6000,12000,6400,4200
104.0,6.8,231700,1578743.0,6.8,6.79,6.78,6.76,6.75,6.74,6.73,6.72,6.71,6.7,6.81,6.82,6.83,6.84,6.85,6.86,6.87,6.88,6.89,6.9,1400,3200,500,30800,14600,8800,5700,100,30300,15900,200,40800,18800,17700,7600,32300,6000,12000,6400,4200
105.0,6.81,231800,1579424.0,6.8,6.79,6.78,6.76,6.75,6.74,6.73,6.72,6.71,6.7,6.81,6.82,6.83,6.84,6.85,6.86,6.87,6.88,6.89,6.9,1400,3200,500,30800,14600,8800,5700,100,30300,15900,100,42400,18800,17700,7600,32300,6000,12000,6400,4200
106.0,6.81,231900,1580105.0,6.81,6.8,6.79,6.78,6.76,6.75,6.74,6.73,6.72,6.71,6.82,6.83,6.84,6.85,6.86,6.87,6.88,6.89,6.9,6.91,300,1400,3200,6000,30800,14600,100,5700,100,30300,42400,18800,17700,7600,32300,6000,12000,6400,4200,4900
107.0,6.81,233100,1588277.0,6.81,6.8,6.79,6.78,6.76,6.75,6.74,6.73,6.72,6.71,6.82,6.83,6.84,6.85,6.86,6.87,6.88,6.89,6.9,6.91,500,1400,3200,6000,30600,14600,100,5700,100,30300,45400,18800,2700,7600,32300,6000,5000,6400,4200,4900
108.0,6.81,233100,1588277.0,6.81,6.8,6.79,6.78,6.76,6.75,6.74,6.73,6.72,6.71,6.82,6.83,6.84,6.85,6.86,6.87,6.88,6.89,6.9,6.91,500,1400,3200,6000,30600,14600,100,5700,100,30300,45500,18800,2700,7600,32300,6000,5000,6400,4200,4900
109.0,6.81,233100,1588277.0,6.81,6.8,6.79,6.78,6.76,6.75,6.74,6.73,6.72,6.71,6.82,6.83,6.84,6.85,6.86,6.87,6.88,6.89,6.9,6.91,3400,1400,3200,6000,30600,14600,100,5700,100,30300,45500,18800,2700,7600,32300,6000,5000,6400,4200,4900
110.0,6.82,234100,1595088.0,6.81,6.8,6.79,6.78,6.77,6.76,6.75,6.74,6.73,6.72,6.82,6.83,6.84,6.85,6.86,6.87,6.88,6.89,6.9,6.91,2800,1400,3200,6000,6000,30600,14600,100,5700,100,45400,18800,2700,7600,32300,6000,5000,6400,4200,4900
111.0,6.81,234300,1596450.0,6.81,6.8,6.79,6.78,6.77,6.76,6.75,6.74,6.73,6.72,6.82,6.83,6.84,6.85,6.86,6.87,6.88,6.89,6.9,6.91,2600,1400,3200,6000,6000,30600,14600,100,5700,100,45400,18800,2700,7600,32300,6000,5000,6400,4200,4900
112.0,6.81,234300,1596450.0,6.81,6.8,6.79,6.78,6.77,6.76,6.75,6.74,6.73,6.72,6.82,6.83,6.84,6.85,6.86,6.87,6.88,6.89,6.9,6.91,3700,1400,3200,6000,6000,30600,12800,100,5700,100,50400,18800,2700,7600,32300,6000,7800,6400,4200,4900
113.0,6.81,234300,1596450.0,6.81,6.8,6.79,6.78,6.77,6.76,6.75,6.74,6.73,6.72,6.82,6.83,6.84,6.85,6.86,6.87,6.88,6.89,6.9,6.91,4400,1400,3200,6000,6000,30600,12800,100,5700,100,50400,18800,2700,7600,32300,6000,7800,6400,4200,4900
114.0,6.81,234700,1599174.0,6.81,6.8,6.79,6.78,6.77,6.76,6.75,6.74,6.73,6.72,6.82,6.83,6.84,6.85,6.86,6.87,6.88,6.89,6.9,6.91,4000,1400,3000,6000,6000,30600,12800,100,5700,100,50400,18800,2700,7600,32300,6000,7800,6400,7100,4900
115.0,6.81,237600,1618923.0,6.81,6.8,6.79,6.78,6.77,6.76,6.75,6.74,6.73,6.72,6.82,6.83,6.84,6.85,6.86,6.87,6.88,6.89,6.9,6.91,1100,1400,3000,6000,6000,30600,12800,100,5700,100,50400,18800,2700,7600,32300,6000,7800,6400,7100,4900
116.0,6.82,237700,1619605.0,6.81,6.8,6.79,6.78,6.77,6.76,6.75,6.74,6.73,6.72,6.82,6.83,6.84,6.85,6.86,6.87,6.88,6.89,6.9,6.91,1100,1400,3000,6000,6000,30600,12800,100,5700,100,50300,18800,2700,7600,32300,6000,7800,6400,7100,4900
117.0,6.81,237800,1620286.0,6.81,6.8,6.79,6.78,6.77,6.76,6.75,6.74,6.73,6.72,6.82,6.83,6.84,6.85,6.86,6.87,6.88,6.89,6.9,6.91,1100,1400,3000,6000,6000,30600,12800,100,5700,100,50300,18800,2700,7600,32300,6000,7800,6400,7100,4900
118.0,6.81,237900,1620967.0,6.81,6.8,6.79,6.78,6.77,6.76,6.75,6.74,6.73,6.72,6.82,6.83,6.84,6.85,6.86,6.87,6.88,6.89,6.9,6.91,1500,1400,3000,6000,6000,30600,12800,100,5700,100,50300,18800,2700,7600,32300,6000,7800,6400,7100,4900
119.0,6.81,237900,1620967.0,6.81,6.8,6.79,6.78,6.77,6.76,6.75,6.74,6.73,6.72,6.82,6.83,6.84,6.85,6.86,6.87,6.88,6.89,6.9,6.91,2500,1400,3000,6000,7800,30600,12800,100,5700,100,50300,18800,2700,7600,32300,6000,7800,6400,7100,4900
120.0,6.81,237900,1620967.0,6.81,6.8,6.79,6.78,6.77,6.76,6.75,6.74,6.73,6.72,6.82,6.83,6.84,6.85,6.86,6.87,6.88,6.89,6.9,6.91,3100,1400,3000,6000,7800,30600,12800,100,5700,100,50300,18800,2700,7600,32300,6000,9600,6400,7100,4900
121.0,6.81,245300,1671338.0,6.79,6.78,6.77,6.76,6.75,6.74,6.73,6.72,6.71,6.7,6.81,6.82,6.83,6.84,6.85,6.86,6.87,6.88,6.89,6.9,3000,6000,7800,30600,12800,100,5700,100,30300,15900,3600,50300,18100,2700,7600,32300,6000,9600,6400,7100
122.0,6.81,250700,1708106.0,6.81,6.8,6.79,6.78,6.77,6.76,6.75,6.74,6.73,6.72,6.82,6.83,6.84,6.85,6.86,6.87,6.88,6.89,6.9,6.91,1000,8800,2900,6000,7800,30600,12800,100,5700,100,49600,18100,2700,8300,32300,6000,9600,6400,7100,4900
123.0,6.81,250900,1709468.0,6.81,6.8,6.79,6.78,6.77,6.76,6.75,6.74,6.73,6.72,6.82,6.83,6.84,6.85,6.86,6.87,6.88,6.89,6.9,6.91,800,8800,2900,6000,7800,30600,12800,100,5700,100,49600,18100,2700,8300,32300,6000,9600,6400,7100,4900
124.0,6.82,255100,1738112.0,6.81,6.8,6.79,6.78,6.77,6.76,6.75,6.74,6.73,6.72,6.82,6.83,6.84,6.85,6.86,6.87,6.88,6.89,6.9,6.91,2400,10600,3900,6000,7800,30600,12800,100,5700,100,45400,18100,2700,8300,32300,6000,9600,6400,7100,4900
125.0,6.81,255300,1739474.0,6.81,6.8,6.79,6.78,6.77,6.76,6.75,6.74,6.73,6.72,6.82,6.83,6.84,6.85,6.86,6.87,6.88,6.89,6.9,6.91,2200,4000,3900,6000,7800,30600,12800,100,5700,100,45400,18100,2700,8300,32300,6000,9600,6400,7100,4900
126.0,6.81,255300,1739474.0,6.81,6.8,6.79,6.78,6.77,6.76,6.75,6.74,6.73,6.72,6.82,6.83,6.84,6.85,6.86,6.87,6.88,6.89,6.9,6.91,2200,4000,3900,6000,7800,30600,12800,100,5700,100,45400,18100,2700,8300,32300,6000,9600,6400,7100,4900
127.0,6.81,255500,1740836.0,6.81,6.8,6.79,6.78,6.77,6.76,6.75,6.74,6.73,6.72,6.82,6.83,6.84,6.85,6.86,6.87,6.88,6.89,6.9,6.91,2000,4000,3900,6000,7800,30600,12800,100,5700,100,45400,18100,2700,8300,32300,6000,9600,6400,7100,4900
128.0,6.81,255500,1740836.0,6.81,6.8,6.79,6.78,6.77,6.76,6.75,6.74,6.73,6.72,6.82,6.83,6.84,6.85,6.86,6.87,6.88,6.89,6.9,6.91,2300,3800,3900,6000,7800,30600,3200,100,5700,100,45400,18100,2700,8300,32300,6000,9600,6400,7100,4900
129.0,6.81,255500,1740836.0,6.81,6.8,6.79,6.78,6.77,6.76,6.75,6.74,6.73,6.72,6.82,6.83,6.84,6.85,6.86,6.87,6.88,6.89,6.9,6.91,2300,3800,3900,6000,17900,30600,3200,100,5700,100,45400,18100,2700,8300,32300,6000,9600,6400,7100,4900
130.0,6.81,255500,1740836.0,6.81,6.8,6.79,6.78,6.77,6.76,6.75,6.74,6.73,6.72,6.82,6.83,6.84,6.85,6.86,6.87,6.88,6.89,6.9,6.91,2300,3800,3900,6000,17900,30600,3200,100,5700,100,45400,18100,2700,8300,32300,6000,9600,6400,7100,4900
131.0,6.81,255700,1742198.0,6.81,6.8,6.79,6.78,6.77,6.76,6.75,6.74,6.73,6.72,6.82,6.83,6.84,6.85,6.86,6.87,6.88,6.89,6.9,6.91,2100,3800,3900,6000,17900,30600,3200,100,5700,100,45400,18100,2700,8300,32300,6000,9600,6400,7100,4900
132.0,6.81,255700,1742198.0,6.81,6.8,6.79,6.78,6.77,6.76,6.75,6.74,6.73,6.72,6.82,6.83,6.84,6.85,6.86,6.87,6.88,6.89,6.9,6.91,2100,3800,3900,6000,17900,30600,3200,100,5700,100,45400,18100,2700,8300,32300,6000,9600,6400,7100,4900
133.0,6.81,255900,1743560.0,6.81,6.8,6.79,6.78,6.77,6.76,6.75,6.74,6.73,6.72,6.82,6.83,6.84,6.85,6.86,6.87,6.88,6.89,6.9,6.91,1900,3800,3900,6000,17900,30600,3200,100,5700,100,45400,18100,2700,9100,32300,6000,9600,6400,7100,4900
134.0,6.81,256300,1746284.0,6.81,6.8,6.79,6.78,6.77,6.76,6.75,6.74,6.73,6.72,6.82,6.83,6.84,6.85,6.86,6.87,6.88,6.89,6.9,6.91,1500,3800,3900,6000,17900,30600,3200,100,5700,100,45400,18100,2700,9100,32300,6000,9600,6400,7100,4900
135.0,6.82,258300,1759924.0,6.81,6.8,6.79,6.78,6.77,6.76,6.75,6.74,6.73,6.72,6.82,6.83,6.84,6.85,6.86,6.87,6.88,6.89,6.9,6.91,1500,3800,3900,6000,17900,30600,3200,100,5700,100,43400,18100,2700,9100,32300,6000,9600,6400,7100,4900
136.0,6.82,258300,1759924.0,6.81,6.8,6.79,6.78,6.77,6.76,6.75,6.74,6.73,6.72,6.82,6.83,6.84,6.85,6.86,6.87,6.88,6.89,6.9,6.91,1500,3800,3900,6000,17900,30600,3200,100,5700,100,42100,18100,2700,9100,32300,6000,9600,6400,7100,4900
137.0,6.82,258300,1759924.0,6.81,6.8,6.79,6.78,6.77,6.76,6.75,6.74,6.73,6.72,6.82,6.83,6.84,6.85,6.86,6.87,6.88,6.89,6.9,6.91,1500,3800,3900,6000,17900,30600,3200,100,5700,100,42100,18100,2700,9100,32300,6000,9600,6400,12000,4900
138.0,6.82,258600,1761969.0,6.81,6.8,6.79,6.78,6.77,6.76,6.75,6.74,6.73,6.72,6.82,6.83,6.84,6.85,6.86,6.87,6.88,6.89,6.9,6.91,1400,3800,3900,6000,17900,30600,3200,100,5700,100,47900,18100,2700,9100,32300,6000,9600,6400,12000,4900
139.0,6.82,258600,1761969.0,6.81,6.8,6.79,6.78,6.77,6.76,6.75,6.74,6.73,6.72,6.82,6.83,6.84,6.85,6.86,6.87,6.88,6.89,6.9,6.91,1600,3800,3900,6000,17900,30600,3200,100,5700,100,47900,18100,2700,9100,32300,6000,9600,6400,12000,4900
140.0,6.81,258700,1762650.0,6.81,6.8,6.79,6.78,6.77,6.76,6.75,6.74,6.73,6.72,6.82,6.83,6.84,6.85,6.86,6.87,6.88,6.89,6.9,6.91,1500,3800,3900,6100,17900,30600,3200,100,5700,100,47900,18100,2700,9100,32300,6000,9600,3400,12000,4900
141.0,6.81,258900,1764012.0,6.81,6.8,6.79,6.78,6.77,6.76,6.75,6.74,6.73,6.72,6.82,6.83,6.84,6.85,6.86,6.87,6.88,6.89,6.9,6.91,1300,3800,3900,6100,17900,30600,3200,100,5700,100,47900,18100,2700,9100,32300,6000,9600,3400,12000,4900
142.0,6.82,263300,1794020.0,6.81,6.8,6.79,6.78,6.77,6.76,6.75,6.74,6.73,6.72,6.82,6.83,6.84,6.85,6.86,6.87,6.88,6.89,6.9,6.91,1300,3800,3900,6100,17900,30600,3200,100,5700,100,43500,18100,2700,9100,32300,6000,9600,3400,12000,4900
143.0,6.82,263300,1794020.0,6.81,6.8,6.79,6.78,6.77,6.76,6.75,6.74,6.73,6.72,6.82,6.83,6.84,6.85,6.86,6.87,6.88,6.89,6.9,6.91,1300,3800,3900,6100,17900,30600,3200,100,5700,100,43500,18100,2700,9100,32300,6000,9600,3400,12000,4900
144.0,6.82,263300,1794020.0,6.81,6.8,6.79,6.78,6.77,6.76,6.75,6.74,6.73,6.72,6.82,6.83,6.84,6.85,6.86,6.87,6.88,6.89,6.9,6.91,1300,3800,3900,6100,17900,30600,3200,100,5700,100,43500,18100,2700,9100,32300,6000,9600,3400,12000,4900
145.0,6.81,263600,1796063.0,6.81,6.8,6.79,6.78,6.77,6.76,6.75,6.74,6.73,6.72,6.82,6.83,6.84,6.85,6.86,6.87,6.88,6.89,6.9,6.91,1000,3800,3900,6100,17900,30600,3200,100,5700,100,43500,18100,2700,19100,32300,5500,9600,3400,12000,4900
146.0,6.81,263600,1796063.0,6.81,6.8,6.79,6.78,6.77,6.76,6.75,6.74,6.73,6.72,6.82,6.83,6.84,6.85,6.86,6.87,6.88,6.89,6.9,6.91,1000,3800,3900,6100,17900,30600,3200,100,5700,100,43500,18100,2700,19100,32300,5500,10600,3400,12000,4900
147.0,6.81,263700,1796744.0,6.81,6.8,6.79,6.78,6.77,6.76,6.75,6.74,6.73,6.72,6.82,6.83,6.84,6.85,6.86,6.87,6.88,6.89,6.9,6.91,900,3800,3900,6100,17900,30600,3200,100,5700,100,43500,18100,2700,19100,32300,5500,10600,3400,12000,4900
148.0,6.82,264700,1803564.0,6.81,6.8,6.79,6.78,6.77,6.76,6.75,6.74,6.73,6.72,6.82,6.83,6.84,6.85,6.86,6.87,6.88,6.89,6.9,6.91,900,3800,3900,6100,17900,30600,3200,100,5700,100,42500,18100,2700,19100,32300,5500,10600,3400,12000,4900
149.0,6.82,264700,1803564.0,6.81,6.8,6.79,6.78,6.77,6.76,6.75,6.74,6.73,6.72,6.82,6.83,6.84,6.85,6.86,6.87,6.88,6.89,6.9,6.91,900,3800,3900,6100,17900,30600,3200,100,5700,100,42500,18100,2700,26100,32300,5500,10600,3400,12000,4900
150.0,6.82,264700,1803564.0,6.81,6.8,6.79,6.78,6.77,6.76,6.75,6.74,6.73,6.72,6.82,6.83,6.84,6.85,6.86,6.87,6.88,6.89,6.9,6.91,900,3800,3900,6100,17900,30600,3200,100,5700,100,42500,18100,2700,26100,32300,5500,10600,3400,12000,4900
151.0,6.82,264700,1803564.0,6.81,6.8,6.79,6.78,6.77,6.76,6.75,6.74,6.73,6.72,6.82,6.83,6.84,6.85,6.86,6.87,6.88,6.89,6.9,6.91,900,3800,3900,6100,17900,30600,3200,100,5700,100,42500,18100,2700,26100,32300,5500,10600,3400,12000,4900
152.0,6.81,265600,1809693.0,6.8,6.79,6.78,6.77,6.76,6.75,6.74,6.73,6.72,6.71,6.82,6.83,6.84,6.85,6.86,6.87,6.88,6.89,6.9,6.91,3800,3900,6100,17900,30600,3200,100,5700,100,28000,42500,18100,2700,26100,32300,5500,10600,3400,12000,4900
153.0,6.81,265600,1809693.0,6.8,6.79,6.78,6.77,6.76,6.75,6.74,6.73,6.72,6.71,6.82,6.83,6.84,6.85,6.86,6.87,6.88,6.89,6.9,6.91,3800,3900,6100,17900,30600,3200,100,5700,100,28000,42500,18100,3700,26100,32300,5500,10600,3400,12000,4900
154.0,6.82,303900,2070893.0,6.82,6.81,6.8,6.79,6.78,6.77,6.76,6.75,6.74,6.73,6.83,6.84,6.85,6.86,6.87,6.88,6.89,6.9,6.91,6.92,4400,500,4500,3900,6100,17900,30600,3200,100,5700,18100,3700,26100,32300,5500,10600,3400,12000,4900,7800
155.0,6.83,305600,2082500.0,6.82,6.81,6.8,6.79,6.78,6.77,6.76,6.75,6.74,6.73,6.83,6.84,6.85,6.86,6.87,6.88,6.89,6.9,6.91,6.92,25500,500,4400,3900,6100,17900,30600,3200,100,5700,16800,3700,26100,32300,5500,10600,3400,12000,4900,7800
156.0,6.83,306000,2085232.0,6.82,6.81,6.8,6.79,6.78,6.77,6.76,6.75,6.74,6.73,6.83,6.84,6.85,6.86,6.87,6.88,6.89,6.9,6.91,6.92,25500,500,4400,3900,6100,17900,30600,3200,100,5700,16400,3700,26100,32300,5500,10600,3400,12000,4900,7800
157.0,6.82,308900,2105010.0,6.82,6.81,6.8,6.79,6.78,6.77,6.76,6.75,6.74,6.73,6.83,6.84,6.85,6.86,6.87,6.88,6.89,6.9,6.91,6.92,22600,500,4400,3900,6100,17900,30600,3200,100,5700,16400,3700,26100,32300,5500,10600,3400,12000,4900,7800
158.0,6.83,311800,2124803.0,6.82,6.81,6.8,6.79,6.78,6.77,6.76,6.75,6.74,6.73,6.83,6.84,6.85,6.86,6.87,6.88,6.89,6.9,6.91,6.92,21200,500,4400,3900,6100,17900,30600,3800,100,5700,14900,3700,26100,32300,5500,10600,3400,12000,4900,7800
159.0,6.83,312300,2128218.0,6.82,6.81,6.8,6.79,6.78,6.77,6.76,6.75,6.74,6.73,6.83,6.84,6.85,6.86,6.87,6.88,6.89,6.9,6.91,6.92,21200,500,4400,3900,6100,17900,30600,3800,100,5700,14400,3700,26100,32300,5500,10600,3400,12000,4900,7800
160.0,6.83,312300,2128218.0,6.82,6.81,6.8,6.79,6.78,6.77,6.76,6.75,6.74,6.73,6.83,6.84,6.85,6.86,6.87,6.88,6.89,6.9,6.91,6.92,21200,500,4400,3900,6100,17900,30600,3800,100,5700,14400,3700,26100,32300,5500,10600,3400,12000,4900,7800
161.0,6.83,312500,2129584.0,6.82,6.81,6.8,6.79,6.78,6.77,6.76,6.75,6.74,6.73,6.83,6.84,6.85,6.86,6.87,6.88,6.89,6.9,6.91,6.92,21200,500,4400,3900,6100,17900,30600,3800,100,5700,14200,3700,26100,32300,5500,10600,3400,12000,4900,7800
162.0,6.83,323000,2201199.0,6.82,6.81,6.8,6.79,6.78,6.77,6.76,6.75,6.74,6.73,6.83,6.84,6.85,6.86,6.87,6.88,6.89,6.9,6.91,6.92,11200,500,4400,3900,6100,17900,30600,3800,100,5700,13700,3700,26100,32300,5500,10600,3400,12000,4900,7800
163.0,6.83,323000,2201199.0,6.82,6.81,6.8,6.79,6.78,6.77,6.76,6.75,6.74,6.73,6.83,6.84,6.85,6.86,6.87,6.88,6.89,6.9,6.91,6.92,11200,500,4400,3900,6100,17900,30600,3800,100,5700,13700,3700,26100,32300,5500,10600,3400,12000,4900,7800
164.0,6.83,326000,2221689.0,6.82,6.81,6.8,6.79,6.78,6.77,6.76,6.75,6.74,6.73,6.83,6.84,6.85,6.86,6.87,6.88,6.89,6.9,6.91,6.92,11200,500,4400,3900,6100,17900,30600,3800,100,5700,10700,3700,26100,32300,5500,10600,3400,12000,4900,7800
165.0,6.82,327100,2229191.0,6.82,6.81,6.8,6.79,6.78,6.77,6.76,6.75,6.74,6.73,6.83,6.84,6.85,6.86,6.87,6.88,6.89,6.9,6.91,6.92,10100,500,4400,3900,6100,17900,30600,3800,100,5700,10700,3700,26100,32300,5500,10600,3400,12000,4900,7800
166.0,6.82,327100,2229191.0,6.82,6.81,6.8,6.79,6.78,6.77,6.76,6.75,6.74,6.73,6.83,6.84,6.85,6.86,6.87,6.88,6.89,6.9,6.91,6.92,10100,500,5100,3900,6100,17900,30800,3800,100,5700,10700,3700,26100,32300,5500,10600,3400,12000,4900,7800
167.0,6.83,327600,2232606.0,6.82,6.81,6.8,6.79,6.78,6.77,6.76,6.75,6.74,6.73,6.83,6.84,6.85,6.86,6.87,6.88,6.89,6.9,6.91,6.92,10100,500,5000,3900,6100,17900,30800,3800,100,5700,10200,3700,26100,32300,5500,10600,3400,12000,4900,7800
168.0,6.83,327600,2232606.0,6.82,6.81,6.8,6.79,6.78,6.77,6.76,6.75,6.74,6.73,6.83,6.84,6.85,6.86,6.87,6.88,6.89,6.9,6.91,6.92,11500,500,5000,3900,6100,17900,30800,3800,100,5700,10200,3700,26100,32300,5500,10600,3400,12000,4900,7800
169.0,6.83,337100,2297446.0,6.82,6.81,6.8,6.79,6.78,6.77,6.76,6.75,6.74,6.73,6.83,6.84,6.85,6.86,6.87,6.88,6.89,6.9,6.91,6.92,7000,500,5000,3900,6100,17900,30800,3800,100,5700,5200,3700,26100,32300,5500,10600,3400,12000,4900,7800
170.0,6.83,339700,2315204.0,6.82,6.81,6.8,6.79,6.78,6.77,6.76,6.75,6.74,6.73,6.83,6.84,6.85,6.86,6.87,6.88,6.89,6.9,6.91,6.92,7000,500,5000,3900,6100,17900,30800,3800,100,5700,2600,3700,26100,32300,5500,10600,3400,12000,4900,7800
171.0,6.83,339700,2315204.0,6.82,6.81,6.8,6.79,6.78,6.77,6.76,6.75,6.74,6.73,6.83,6.84,6.85,6.86,6.87,6.88,6.89,6.9,6.91,6.92,7000,500,5000,3900,6100,17900,30800,3800,100,5700,2600,3700,25400,32300,5500,10600,3400,12000,4900,7800
172.0,6.82,340400,2319978.0,6.82,6.81,6.8,6.79,6.78,6.77,6.76,6.75,6.74,6.73,6.83,6.84,6.85,6.86,6.87,6.88,6.89,6.9,6.91,6.92,6300,500,5000,3900,6100,17900,30800,3800,100,5700,2600,3700,25400,32300,5500,10600,3400,12000,4900,7800
173.0,6.83,343000,2337736.0,6.83,6.82,6.81,6.8,6.79,6.78,6.77,6.76,6.75,6.74,6.84,6.85,6.86,6.87,6.88,6.89,6.9,6.91,6.92,6.93,5500,6300,500,5000,3900,6100,17900,30800,3800,100,3700,25400,32300,5500,10600,3400,12500,4900,7800,600
174.0,6.83,343100,2338419.0,6.83,6.82,6.81,6.8,6.79,6.78,6.77,6.76,6.75,6.74,6.84,6.85,6.86,6.87,6.88,6.89,6.9,6.91,6.92,6.93,5400,6300,500,5000,3900,6100,17900,30800,3800,100,3700,25400,32300,5500,10600,3400,12500,4900,7800,600
175.0,6.83,343600,2341834.0,6.83,6.82,6.81,6.8,6.79,6.78,6.77,6.76,6.75,6.74,6.84,6.85,6.86,6.87,6.88,6.89,6.9,6.91,6.92,6.93,4900,6300,500,5000,3900,6100,17900,30800,3800,100,5200,25400,32300,5500,10600,3400,12500,4900,7800,600
176.0,6.83,344000,2344566.0,6.83,6.82,6.81,6.8,6.79,6.78,6.77,6.76,6.75,6.74,6.84,6.85,6.86,6.87,6.88,6.89,6.9,6.91,6.92,6.93,4500,3900,500,5000,3900,6100,17900,30800,3800,100,5200,25400,32300,5500,10600,3400,12500,4900,7800,600
177.0,6.83,344000,2344566.0,6.83,6.82,6.81,6.8,6.79,6.78,6.77,6.76,6.75,6.74,6.84,6.85,6.86,6.87,6.88,6.89,6.9,6.91,6.92,6.93,4500,3900,500,5000,3900,6100,17900,30800,3800,100,5200,25400,32300,5500,10600,3400,12500,4900,7800,600
178.0,6.84,344200,2345934.0,6.83,6.82,6.81,6.8,6.79,6.78,6.77,6.76,6.75,6.74,6.84,6.85,6.86,6.87,6.88,6.89,6.9,6.91,6.92,6.93,5900,3900,500,5000,3900,6100,17900,30800,3800,100,5000,25400,32300,5500,10600,3400,12500,4900,7800,600
179.0,6.83,344700,2349349.0,6.83,6.82,6.81,6.8,6.79,6.78,6.77,6.76,6.75,6.74,6.84,6.85,6.86,6.87,6.88,6.89,6.9,6.91,6.92,6.93,5400,3900,500,5000,3900,600,17900,30800,3800,100,5000,25400,32300,5500,10600,3400,12500,4900,7800,600
180.0,6.83,345700,2356179.0,6.83,6.82,6.81,6.8,6.79,6.78,6.77,6.76,6.75,6.74,6.84,6.85,6.86,6.87,6.88,6.89,6.9,6.91,6.92,6.93,4400,3900,500,5000,3900,600,17900,30800,3800,100,5000,25400,32300,5500,10600,3400,12500,4900,7800,600
181.0,6.84,346000,2358231.0,6.83,6.82,6.81,6.8,6.79,6.78,6.77,6.76,6.75,6.74,6.84,6.85,6.86,6.87,6.88,6.89,6.9,6.91,6.92,6.93,4400,3900,500,5000,3900,600,17900,30800,3800,100,4700,25400,32300,5500,10600,3400,12500,4900,7800,600
182.0,6.83,346400,2360963.0,6.83,6.82,6.81,6.8,6.79,6.78,6.77,6.76,6.75,6.74,6.84,6.85,6.86,6.87,6.88,6.89,6.9,6.91,6.92,6.93,4000,3900,500,5000,3900,600,17900,30800,3800,100,4700,25400,32300,5500,10600,3400,12500,4900,7800,600
183.0,6.83,346800,2363695.0,6.83,6.82,6.81,6.8,6.79,6.78,6.77,6.76,6.75,6.74,6.84,6.85,6.86,6.87,6.88,6.89,6.9,6.91,6.92,6.93,3800,3900,500,5000,3900,600,17900,30800,3800,100,14800,30900,32300,5500,10600,3400,12500,4900,7800,600
184.0,6.83,346800,2363695.0,6.83,6.82,6.81,6.8,6.79,6.78,6.77,6.76,6.75,6.74,6.84,6.85,6.86,6.87,6.88,6.89,6.9,6.91,6.92,6.93,3800,3900,500,5000,3900,600,17900,30800,3800,100,15500,30900,32300,5500,10600,3400,12500,4900,7800,600
185.0,6.83,347400,2367793.0,6.83,6.82,6.81,6.8,6.79,6.78,6.77,6.76,6.75,6.74,6.84,6.85,6.86,6.87,6.88,6.89,6.9,6.91,6.92,6.93,4200,3900,500,5000,3900,600,18500,30800,3800,100,28400,30900,32300,5500,10600,3400,12500,4900,8800,600
186.0,6.84,347600,2369161.0,6.83,6.82,6.81,6.8,6.79,6.78,6.77,6.76,6.75,6.74,6.84,6.85,6.86,6.87,6.88,6.89,6.9,6.91,6.92,6.93,9700,3900,500,5000,3900,600,18500,30800,3800,100,28200,30900,32300,5500,10600,3400,12500,4900,8800,600
187.0,6.84,347600,2369161.0,6.83,6.82,6.81,6.8,6.79,6.78,6.77,6.76,6.75,6.74,6.84,6.85,6.86,6.87,6.88,6.89,6.9,6.91,6.92,6.93,9700,3900,500,5000,3900,600,18500,30800,3800,100,28200,30900,32300,5500,10600,3400,12500,4900,8800,600
188.0,6.83,348500,2375308.0,6.83,6.82,6.81,6.8,6.79,6.78,6.77,6.76,6.75,6.74,6.84,6.85,6.86,6.87,6.88,6.89,6.9,6.91,6.92,6.93,8800,3900,500,4400,3900,600,18500,30800,3800,100,28200,30900,32300,5500,10600,3400,12500,4900,8800,600
189.0,6.83,355000,2419733.0,6.83,6.82,6.81,6.8,6.79,6.78,6.77,6.76,6.75,6.74,6.84,6.85,6.86,6.87,6.88,6.89,6.9,6.91,6.92,6.93,5300,3900,500,4400,3900,600,18500,30800,3800,100,27200,30900,32300,5500,10600,3400,12500,4900,8800,600
190.0,6.83,355000,2419733.0,6.83,6.82,6.81,6.8,6.79,6.78,6.77,6.76,6.75,6.74,6.84,6.85,6.86,6.87,6.88,6.89,6.9,6.91,6.92,6.93,5300,3900,500,4400,3900,600,18500,30800,3800,100,27200,30900,32300,5500,10600,3400,12500,4900,8800,600
191.0,6.83,355600,2423831.0,6.83,6.82,6.81,6.8,6.79,6.78,6.77,6.76,6.75,6.74,6.84,6.85,6.86,6.87,6.88,6.89,6.9,6.91,6.92,6.93,6500,3900,500,4400,3900,600,18500,30800,3800,100,27200,31700,32300,5500,10600,3400,12500,4900,8800,600
192.0,6.83,357500,2436808.0,6.83,6.82,6.81,6.8,6.79,6.78,6.77,6.76,6.75,6.74,6.84,6.85,6.86,6.87,6.88,6.89,6.9,6.91,6.92,6.93,4600,3900,500,4400,3900,600,18500,30800,3800,100,27200,31700,32300,5500,10600,3400,12500,4900,8800,600
193.0,6.83,357500,2436808.0,6.83,6.82,6.81,6.8,6.79,6.78,6.77,6.76,6.75,6.74,6.84,6.85,6.86,6.87,6.88,6.89,6.9,6.91,6.92,6.93,4600,3900,500,4400,3900,600,18500,30800,3800,100,27200,31700,32300,5500,10600,3400,12500,4900,9400,600
194.0,6.83,357500,2436808.0,6.83,6.82,6.81,6.8,6.79,6.78,6.77,6.76,6.75,6.74,6.84,6.85,6.86,6.87,6.88,6.89,6.9,6.91,6.92,6.93,4600,3900,500,4400,3900,600,18500,30800,3800,100,27200,31700,32300,5500,10600,3400,12500,4900,9400,600
195.0,6.83,357900,2439540.0,6.83,6.82,6.81,6.8,6.79,6.78,6.77,6.76,6.75,6.74,6.84,6.85,6.86,6.87,6.88,6.89,6.9,6.91,6.92,6.93,4200,3900,500,4400,3900,600,18500,30800,3800,100,27200,31700,32300,5500,10600,3400,12500,4900,9400,600
196.0,6.83,357900,2439540.0,6.83,6.82,6.81,6.8,6.79,6.78,6.77,6.76,6.75,6.74,6.84,6.85,6.86,6.87,6.88,6.89,6.9,6.91,6.92,6.93,4200,3900,500,4400,3900,600,18500,30800,3200,100,27200,31700,32300,5500,10600,3400,15500,4900,9400,600
197.0,6.83,357900,2439540.0,6.83,6.82,6.81,6.8,6.79,6.78,6.77,6.76,6.75,6.74,6.84,6.85,6.86,6.87,6.88,6.89,6.9,6.91,6.92,6.93,4200,3900,500,4400,3900,600,18500,30800,3200,100,27200,31700,38300,5500,10600,3400,15500,4900,9400,600
198.0,6.83,358700,2445004.0,6.83,6.82,6.81,6.8,6.79,6.78,6.77,6.76,6.75,6.74,6.84,6.85,6.86,6.87,6.88,6.89,6.9,6.91,6.92,6.93,3400,3900,500,4400,3900,600,18500,30800,3200,100,27200,31700,38300,5500,10600,3400,15500,4900,9400,600
199.0,6.83,358700,2445004.0,6.83,6.82,6.81,6.8,6.79,6.78,6.77,6.76,6.75,6.74,6.84,6.85,6.86,6.87,6.88,6.89,6.9,6.91,6.92,6.93,3400,3900,500,4400,3900,600,18500,30800,3200,100,35500,31700,38300,5500,10600,3400,15500,6000,9400,600
200.0,6.83,362300,2469594.0,6.82,6.81,6.8,6.79,6.78,6.77,6.76,6.75,6.74,6.73,6.83,6.84,6.85,6.86,6.87,6.88,6.89,6.9,6.91,6.92,3900,500,4400,3900,600,18500,30800,3200,100,5700,300,35300,31700,38300,5500,10600,3400,15500,6000,9400
201.0,6.83,362300,2469594.0,6.82,6.81,6.8,6.79,6.78,6.77,6.76,6.75,6.74,6.73,6.83,6.84,6.85,6.86,6.87,6.88,6.89,6.9,6.91,6.92,3900,500,4400,3900,600,18500,30800,3200,100,5700,12200,44100,31700,38300,5500,10600,3400,15500,6000,9400
202.0,6.83,362700,2472323.0,6.82,6.81,6.8,6.79,6.78,6.77,6.76,6.75,6.74,6.73,6.83,6.84,6.85,6.86,6.87,6.88,6.89,6.9,6.91,6.92,3600,500,4400,3900,600,18500,30800,3200,100,5700,12100,44100,31700,38300,5500,10600,3400,15500,6000,9400
203.0,6.82,363400,2477097.0,6.82,6.81,6.8,6.79,6.78,6.77,6.76,6.75,6.74,6.73,6.83,6.84,6.85,6.86,6.87,6.88,6.89,6.9,6.91,6.92,3900,2500,4400,3900,600,18500,38600,3200,100,5700,12100,44100,31700,38300,5500,10600,3400,15500,6000,9400
204.0,6.82,363400,2477097.0,6.82,6.81,6.8,6.79,6.78,6.77,6.76,6.75,6.74,6.73,6.83,6.84,6.85,6.86,6.87,6.88,6.89,6.9,6.91,6.92,3900,2500,4400,3900,600,18500,38600,3200,100,5700,12100,44100,31700,38300,5500,10600,3400,15500,6000,9400
205.0,6.82,370200,2523521.0,6.82,6.81,6.8,6.79,6.78,6.77,6.76,6.75,6.74,6.73,6.83,6.84,6.85,6.86,6.87,6.88,6.89,6.9,6.91,6.92,1900,2500,4400,3900,600,18500,38600,3200,100,5700,7300,44100,31700,38300,5500,10600,3400,15500,6000,9400
206.0,6.82,370800,2527613.0,6.82,6.81,6.8,6.79,6.78,6.77,6.76,6.75,6.74,6.73,6.83,6.84,6.85,6.86,6.87,6.88,6.89,6.9,6.91,6.92,1300,2500,4400,3900,600,18500,38600,3200,100,5700,12700,44100,31700,38300,5500,10600,3400,15500,6000,9400
207.0,6.82,370800,2527613.0,6.82,6.81,6.8,6.79,6.78,6.77,6.76,6.75,6.74,6.73,6.83,6.84,6.85,6.86,6.87,6.88,6.89,6.9,6.91,6.92,1300,2500,4400,3900,600,18500,38600,3200,100,5700,12700,44100,31700,38300,5500,10600,3400,15500,6000,9400
208.0,6.82,370800,2527613.0,6.82,6.81,6.8,6.79,6.78,6.77,6.76,6.75,6.74,6.73,6.83,6.84,6.85,6.86,6.87,6.88,6.89,6.9,6.91,6.92,1300,2500,4400,3900,600,18500,38600,3200,100,5700,15100,44100,31700,38300,5500,10600,3400,15500,6000,9400
209.0,6.82,370900,2528295.0,6.82,6.81,6.8,6.79,6.78,6.77,6.76,6.75,6.74,6.73,6.83,6.84,6.85,6.86,6.87,6.88,6.89,6.9,6.91,6.92,1200,2500,4400,3900,600,18500,38600,3200,100,5700,15100,44200,31700,38300,5500,10600,3400,15500,6000,9400
210.0,6.82,370900,2528295.0,6.82,6.81,6.8,6.79,6.78,6.77,6.76,6.75,6.74,6.73,6.83,6.84,6.85,6.86,6.87,6.88,6.89,6.9,6.91,6.92,1200,2500,4400,2900,600,18500,38600,3200,100,5700,16100,44200,31700,38300,5500,10600,3400,15500,6000,9400
211.0,6.83,375800,2561762.0,6.82,6.81,6.8,6.79,6.78,6.77,6.76,6.75,6.74,6.73,6.83,6.84,6.85,6.86,6.87,6.88,6.89,6.9,6.91,6.92,1200,2500,4400,2900,600,18500,38600,3200,100,5700,11200,44200,31700,38300,5500,10600,3400,15500,6000,9400
212.0,6.82,375900,2562444.0,6.82,6.81,6.8,6.79,6.78,6.77,6.76,6.75,6.74,6.73,6.83,6.84,6.85,6.86,6.87,6.88,6.89,6.9,6.91,6.92,1100,2500,4400,2900,600,18500,38600,3200,100,5700,11200,44200,31700,38300,5500,10600,3400,15500,6000,9400
213.0,6.82,376000,2563126.0,6.82,6.81,6.8,6.79,6.78,6.77,6.76,6.75,6.74,6.73,6.83,6.84,6.85,6.86,6.87,6.88,6.89,6.9,6.91,6.92,1000,2500,4400,2900,600,18500,38600,3200,100,5700,11200,29200,31700,38300,5500,10600,3400,15500,6000,9400
214.0,6.82,376000,2563126.0,6.82,6.81,6.8,6.79,6.78,6.77,6.76,6.75,6.74,6.73,6.83,6.84,6.85,6.86,6.87,6.88,6.89,6.9,6.91,6.92,1000,2500,4400,2900,600,18500,38600,3200,100,5700,11200,29200,31700,38300,5500,10600,3400,15500,6000,9400
215.0,6.82,376200,2564490.0,6.82,6.81,6.8,6.79,6.78,6.77,6.76,6.75,6.74,6.73,6.83,6.84,6.85,6.86,6.87,6.88,6.89,6.9,6.91,6.92,800,2500,4400,2900,600,18500,38600,3200,100,5700,11200,29200,31600,38300,5500,10600,3400,15500,6000,9400
216.0,6.83,377300,2572003.0,6.82,6.81,6.8,6.79,6.78,6.77,6.76,6.75,6.74,6.73,6.83,6.84,6.85,6.86,6.87,6.88,6.89,6.9,6.91,6.92,1000,2500,4400,2900,600,18500,38600,3200,100,5700,10100,29200,31600,38300,5500,10600,3400,15500,6000,9400
217.0,6.83,382300,2606153.0,6.82,6.81,6.8,6.79,6.78,6.77,6.76,6.75,6.74,6.73,6.83,6.84,6.85,6.86,6.87,6.88,6.89,6.9,6.91,6.92,1100,2500,4400,2900,600,18500,38600,3200,100,5700,6900,29200,31600,38300,5500,10600,3400,15500,6000,9400
218.0,6.83,382800,2609568.0,6.82,6.81,6.8,6.79,6.78,6.77,6.76,6.75,6.74,6.73,6.83,6.84,6.85,6.86,6.87,6.88,6.89,6.9,6.91,6.92,1100,2500,4400,2900,600,18500,38600,3200,100,5700,6800,30200,31600,38300,5500,10600,3400,15500,6000,9400
219.0,6.83,382800,2609568.0,6.82,6.81,6.8,6.79,6.78,6.77,6.76,6.75,6.74,6.73,6.83,6.84,6.85,6.86,6.87,6.88,6.89,6.9,6.91,6.92,1100,2500,4400,2900,600,18500,38600,3200,100,5700,6800,30200,31600,38300,5500,10600,3400,15500,6000,9400
220.0,6.82,383000,2610932.0,6.82,6.81,6.8,6.79,6.78,6.77,6.76,6.75,6.74,6.73,6.83,6.84,6.85,6.86,6.87,6.88,6.89,6.9,6.91,6.92,900,2500,4400,2900,600,18500,38600,3200,100,5700,6800,30200,31600,38300,5500,10600,3400,15500,6000,9400
221.0,6.83,383500,2614347.0,6.82,6.81,6.8,6.79,6.78,6.77,6.76,6.75,6.74,6.73,6.83,6.84,6.85,6.86,6.87,6.88,6.89,6.9,6.91,6.92,900,2500,4400,2900,600,18500,38600,3200,100,5700,6300,30200,31600,38300,5500,10600,3400,15500,6000,9400
222.0,6.83,398200,2714748.0,6.82,6.81,6.8,6.79,6.78,6.77,6.76,6.75,6.74,6.73,6.83,6.84,6.85,6.86,6.87,6.88,6.89,6.9,6.91,6.92,900,2500,4400,2900,600,18500,38600,3200,100,5700,6600,31000,31600,38300,5500,10600,3400,15500,6000,9400
223.0,6.83,398200,2714748.0,6.82,6.81,6.8,6.79,6.78,6.77,6.76,6.75,6.74,6.73,6.83,6.84,6.85,6.86,6.87,6.88,6.89,6.9,6.91,6.92,900,2500,4400,2900,600,18500,38600,3200,100,5700,9500,31000,31600,38300,5500,10600,3400,15500,6000,9400
224.0,6.83,398600,2717480.0,6.82,6.81,6.8,6.79,6.78,6.77,6.76,6.75,6.74,6.73,6.83,6.84,6.85,6.86,6.87,6.88,6.89,6.9,6.91,6.92,2300,2500,4400,2900,600,18500,38600,3200,100,5700,9100,31000,33600,38300,5500,10600,3400,15500,6000,9400
225.0,6.83,398600,2717480.0,6.82,6.81,6.8,6.79,6.78,6.77,6.76,6.75,6.74,6.73,6.83,6.84,6.85,6.86,6.87,6.88,6.89,6.9,6.91,6.92,2300,2500,4400,2900,600,18500,38600,3200,100,5700,9100,31000,33600,38300,5500,10600,3400,15500,6000,9400
226.0,6.82,398800,2718844.0,6.82,6.81,6.8,6.79,6.78,6.77,6.76,6.75,6.74,6.73,6.83,6.84,6.85,6.86,6.87,6.88,6.89,6.9,6.91,6.92,2100,2500,4400,2900,600,18500,38600,3200,100,5700,9800,31000,33600,38300,5500,10600,3400,15500,6000,9400
227.0,6.83,400400,2729766.0,6.82,6.81,6.8,6.79,6.78,6.77,6.76,6.75,6.74,6.73,6.83,6.84,6.85,6.86,6.87,6.88,6.89,6.9,6.91,6.92,1500,2500,4400,2900,600,18500,38600,3200,100,5700,8800,31000,33600,38300,5500,10600,3400,15500,6000,9400
228.0,6.82,401900,2739996.0,6.81,6.8,6.79,6.78,6.77,6.76,6.75,6.74,6.73,6.72,6.82,6.83,6.84,6.85,6.86,6.87,6.88,6.89,6.9,6.91,2500,4400,2900,600,18500,38600,3200,100,5700,100,5900,8800,31000,33600,38300,5500,10600,3400,15500,6000
229.0,6.82,401900,2739996.0,6.81,6.8,6.79,6.78,6.77,6.76,6.75,6.74,6.73,6.72,6.82,6.83,6.84,6.85,6.86,6.87,6.88,6.89,6.9,6.91,2500,4400,2900,600,18500,38600,3200,100,5700,100,5900,8800,35400,33600,38800,5500,10600,3400,15500,6000
230.0,6.82,405600,2765228.0,6.81,6.8,6.79,6.78,6.77,6.76,6.75,6.74,6.73,6.72,6.82,6.83,6.84,6.85,6.86,6.87,6.88,6.89,6.9,6.91,2300,4400,2900,600,28500,38600,3200,100,5700,100,3400,8800,35400,33600,38800,5500,10600,3400,15500,6000
231.0,6.82,405600,2765228.0,6.81,6.8,6.79,6.78,6.77,6.76,6.75,6.74,6.73,6.72,6.82,6.83,6.84,6.85,6.86,6.87,6.88,6.89,6.9,6.91,2300,4400,2900,600,28500,38600,3200,100,5700,100,3400,8800,35400,33600,38800,5500,10600,3400,15500,6000
232.0,6.82,405800,2766592.0,6.81,6.8,6.79,6.78,6.77,6.76,6.75,6.74,6.73,6.72,6.82,6.83,6.84,6.85,6.86,6.87,6.88,6.89,6.9,6.91,2300,4400,2900,600,28500,38600,3200,100,5700,100,3200,19000,35400,33600,38800,5500,10600,3400,15500,6000
233.0,6.81,406000,2767954.0,6.81,6.8,6.79,6.78,6.77,6.76,6.75,6.74,6.73,6.72,6.82,6.83,6.84,6.85,6.86,6.87,6.88,6.89,6.9,6.91,2100,4400,2900,600,28500,38600,3200,100,5700,100,3200,19000,35400,33600,38800,5500,10600,3400,15500,6000
234.0,6.81,406000,2767954.0,6.81,6.8,6.79,6.78,6.77,6.76,6.75,6.74,6.73,6.72,6.82,6.83,6.84,6.85,6.86,6.87,6.88,6.89,6.9,6.91,2100,4400,2900,600,28500,38600,3200,100,5700,100,3300,19000,35400,33600,38800,5500,10600,3400,15500,6000
235.0,6.81,406200,2769316.0,6.81,6.8,6.79,6.78,6.77,6.76,6.75,6.74,6.73,6.72,6.82,6.83,6.84,6.85,6.86,6.87,6.88,6.89,6.9,6.91,1900,4400,2900,600,28500,38600,3200,100,5700,100,3300,19000,35400,33600,38800,5500,10600,3400,15500,6000
236.0,6.81,406200,2769316.0,6.81,6.8,6.79,6.78,6.77,6.76,6.75,6.74,6.73,6.72,6.82,6.83,6.84,6.85,6.86,6.87,6.88,6.89,6.9,6.91,1900,4400,2900,600,28500,38600,3200,100,5700,100,14600,20000,35400,33600,38800,5500,10600,3400,15500,6000
237.0,6.81,406300,2769997.0,6.81,6.8,6.79,6.78,6.77,6.76,6.75,6.74,6.73,6.72,6.82,6.83,6.84,6.85,6.86,6.87,6.88,6.89,6.9,6.91,1800,4400,2900,600,28500,38600,3200,100,5700,100,14600,20000,35400,33600,38800,5500,10600,3400,15500,6000
238.0,6.81,406300,2769997.0,6.81,6.8,6.79,6.78,6.77,6.76,6.75,6.74,6.73,6.72,6.82,6.83,6.84,6.85,6.86,6.87,6.88,6.89,6.9,6.91,1800,4400,2900,600,28500,38600,3200,100,5700,100,14600,20000,35400,33600,38800,5500,10600,3400,15500,6000
239.0,6.82,410000,2795228.0,6.81,6.8,6.79,6.78,6.77,6.76,6.75,6.74,6.73,6.72,6.82,6.83,6.84,6.85,6.86,6.87,6.88,6.89,6.9,6.91,1500,4400,2900,600,28500,38600,3200,100,5700,100,11200,23000,35400,33600,38800,5500,10600,3400,15500,6000
240.0,6.81,410100,2795909.0,6.81,6.8,6.79,6.78,6.77,6.76,6.75,6.74,6.73,6.72,6.82,6.83,6.84,6.85,6.86,6.87,6.88,6.89,6.9,6.91,1400,4400,2900,600,28500,38600,3200,100,5700,100,11200,23000,35400,33600,38800,5500,10600,3400,15500,6000
241.0,6.82,410200,2796591.0,6.81,6.8,6.79,6.78,6.77,6.76,6.75,6.74,6.73,6.72,6.82,6.83,6.84,6.85,6.86,6.87,6.88,6.89,6.9,6.91,1400,4400,2900,600,28500,38600,3200,100,5700,100,11100,23000,35400,33600,39800,5500,10600,3400,15500,6000
242.0,6.82,413500,2819096.0,6.81,6.8,6.79,6.78,6.77,6.76,6.75,6.74,6.73,6.72,6.82,6.83,6.84,6.85,6.86,6.87,6.88,6.89,6.9,6.91,1300,4400,2900,600,28500,38600,3200,100,5700,100,7900,27600,34600,33600,39800,5500,10600,3400,15500,6000
243.0,6.82,413500,2819096.0,6.81,6.8,6.79,6.78,6.77,6.76,6.75,6.74,6.73,6.72,6.82,6.83,6.84,6.85,6.86,6.87,6.88,6.89,6.9,6.91,1300,4400,2900,600,28500,38600,3200,100,5700,100,8000,28100,34500,33600,39800,5500,10600,3400,15500,6000
244.0,6.82,413500,2819096.0,6.81,6.8,6.79,6.78,6.77,6.76,6.75,6.74,6.73,6.72,6.82,6.83,6.84,6.85,6.86,6.87,6.88,6.89,6.9,6.91,1300,4400,2900,600,28500,38600,3200,100,5700,100,8200,28100,34500,33600,39800,5500,10600,3400,18500,6000
245.0,6.82,413500,2819096.0,6.81,6.8,6.79,6.78,6.77,6.76,6.75,6.74,6.73,6.72,6.82,6.83,6.84,6.85,6.86,6.87,6.88,6.89,6.9,6.91,1300,4400,2900,600,28500,38600,3200,100,5700,100,8200,28100,22600,33600,39800,5500,10600,3400,18500,6000
246.0,6.82,413600,2819778.0,6.81,6.8,6.79,6.78,6.77,6.76,6.75,6.74,6.73,6.72,6.82,6.83,6.84,6.85,6.86,6.87,6.88,6.89,6.9,6.91,1300,4400,2900,600,28500,38600,3200,100,5700,100,8200,28100,22600,33600,39800,5500,10600,3400,18500,6000
247.0,6.82,414400,2825234.0,6.81,6.8,6.79,6.78,6.77,6.76,6.75,6.74,6.73,6.72,6.82,6.83,6.84,6.85,6.86,6.87,6.88,6.89,6.9,6.91,1300,4400,2900,600,28500,38600,3200,100,5700,100,7400,28100,22600,33600,39800,5500,10600,3400,18500,6000
248.0,6.82,414400,2825234.0,6.81,6.8,6.79,6.78,6.77,6.76,6.75,6.74,6.73,6.72,6.82,6.83,6.84,6.85,6.86,6.87,6.88,6.89,6.9,6.91,1300,4400,2900,600,28500,38600,3200,100,5700,100,7500,28200,22600,33600,39800,5500,10600,3400,18500,6000
249.0,6.82,414400,2825234.0,6.81,6.8,6.79,6.78,6.77,6.76,6.75,6.74,6.73,6.72,6.82,6.83,6.84,6.85,6.86,6.87,6.88,6.89,6.9,6.91,1300,4400,2900,600,28500,38600,3200,100,5700,100,7500,28200,21900,33600,39800,5500,10600,3400,18500,6000
250.0,6.81,415400,2832051.0,6.81,6.8,6.79,6.78,6.77,6.76,6.75,6.74,6.73,6.72,6.82,6.83,6.84,6.85,6.86,6.87,6.88,6.89,6.9,6.91,1000,4400,2900,600,28500,38600,3200,100,5700,100,27800,28200,21900,33600,39800,5500,10600,3400,18500,6000
251.0,6.81,415400,2832051.0,6.81,6.8,6.79,6.78,6.77,6.76,6.75,6.74,6.73,6.72,6.82,6.83,6.84,6.85,6.86,6.87,6.88,6.89,6.9,6.91,1000,4400,2900,600,28500,38600,3200,100,5700,100,28000,28200,21900,33600,39800,5500,10600,3400,18500,6000
252.0,6.81,415400,2832051.0,6.81,6.8,6.79,6.78,6.77,6.76,6.75,6.74,6.73,6.72,6.82,6.83,6.84,6.85,6.86,6.87,6.88,6.89,6.9,6.91,1400,5000,2900,600,28500,38600,3200,100,5700,100,28000,40100,21900,33600,39800,5500,10600,3400,18500,6000
253.0,6.82,416800,2841599.0,6.81,6.8,6.79,6.78,6.77,6.76,6.75,6.74,6.73,6.72,6.82,6.83,6.84,6.85,6.86,6.87,6.88,6.89,6.9,6.91,3000,5000,2900,600,28500,38600,3200,100,5700,100,26600,40800,21900,33600,39800,5500,10600,3400,18500,6000
254.0,6.82,417500,2846373.0,6.81,6.8,6.79,6.78,6.77,6.76,6.75,6.74,6.73,6.72,6.82,6.83,6.84,6.85,6.86,6.87,6.88,6.89,6.9,6.91,3000,5000,2900,600,28500,38600,3200,100,5700,100,26900,40800,21900,33600,39800,5500,10600,3400,18500,6000
255.0,6.82,417500,2846373.0,6.81,6.8,6.79,6.78,6.77,6.76,6.75,6.74,6.73,6.72,6.82,6.83,6.84,6.85,6.86,6.87,6.88,6.89,6.9,6.91,3000,5000,2900,600,28500,38600,3200,100,5700,100,26900,40800,21900,33600,39800,5500,10600,3400,18500,6000
256.0,6.82,419100,2857285.0,6.81,6.8,6.79,6.78,6.77,6.76,6.75,6.74,6.73,6.72,6.82,6.83,6.84,6.85,6.86,6.87,6.88,6.89,6.9,6.91,1400,5000,2900,600,28500,38600,3200,100,5700,100,25300,39500,21900,33600,39800,5500,10600,3400,18500,6000
257.0,6.81,422100,2877731.0,6.8,6.79,6.78,6.77,6.76,6.75,6.74,6.73,6.72,6.71,6.81,6.82,6.83,6.84,6.85,6.86,6.87,6.88,6.89,6.9,5000,2900,600,28500,38600,3600,100,5700,100,29300,2200,23700,39500,21900,33600,39800,5500,10600,3400,18500
258.0,6.81,423600,2887946.0,6.8,6.79,6.78,6.77,6.76,6.75,6.74,6.73,6.72,6.71,6.81,6.82,6.83,6.84,6.85,6.86,6.87,6.88,6.89,6.9,5000,2900,600,28500,38600,3600,100,5700,100,29300,700,23800,39500,21900,33600,39800,5500,10600,3400,18500
259.0,6.81,423600,2887946.0,6.8,6.79,6.78,6.77,6.76,6.75,6.74,6.73,6.72,6.71,6.81,6.82,6.83,6.84,6.85,6.86,6.87,6.88,6.89,6.9,5000,2900,600,28500,38600,3600,100,5700,100,29300,700,23800,39500,21900,33600,39800,5500,10600,3400,18500
260.0,6.81,424300,2892713.0,6.81,6.8,6.79,6.78,6.77,6.76,6.75,6.74,6.73,6.72,6.82,6.83,6.84,6.85,6.86,6.87,6.88,6.89,6.9,6.91,700,5000,2900,600,28500,38600,3600,100,5700,100,23800,39500,21900,33600,39800,5500,10600,3400,18500,6000
261.0,6.81,424300,2892713.0,6.81,6.8,6.79,6.78,6.77,6.76,6.75,6.74,6.73,6.72,6.82,6.83,6.84,6.85,6.86,6.87,6.88,6.89,6.9,6.91,700,5000,2900,600,28500,38600,3600,100,5700,100,23800,39500,21900,33600,39800,5500,10600,3400,18500,6000
262.0,6.81,424400,2893394.0,6.81,6.8,6.79,6.78,6.77,6.76,6.75,6.74,6.73,6.72,6.82,6.83,6.84,6.85,6.86,6.87,6.88,6.89,6.9,6.91,1700,5000,2900,600,28500,38600,3600,100,5700,100,23800,39500,21900,33600,39800,5500,10600,3400,18500,6000
263.0,6.82,426000,2904306.0,6.81,6.8,6.79,6.78,6.77,6.76,6.75,6.74,6.73,6.72,6.82,6.83,6.84,6.85,6.86,6.87,6.88,6.89,6.9,6.91,1700,5100,2900,600,28500,38600,3600,100,5700,100,22200,40500,21900,33600,39800,5500,10600,3400,18500,6000
264.0,6.81,426100,2904987.0,6.81,6.8,6.79,6.78,6.77,6.76,6.75,6.74,6.73,6.72,6.82,6.83,6.84,6.85,6.86,6.87,6.88,6.89,6.9,6.91,1600,5100,2900,600,28500,38600,3600,100,5700,100,22200,40500,21900,33600,39800,5500,10600,3400,18500,6000
265.0,6.81,426100,2904987.0,6.81,6.8,6.79,6.78,6.77,6.76,6.75,6.74,6.73,6.72,6.82,6.83,6.84,6.85,6.86,6.87,6.88,6.89,6.9,6.91,3300,5100,2900,600,28500,38600,3600,100,5700,100,22200,40500,21900,33600,39800,5500,10600,3400,18500,6000
266.0,6.82,426400,2907033.0,6.81,6.8,6.79,6.78,6.77,6.76,6.75,6.74,6.73,6.72,6.82,6.83,6.84,6.85,6.86,6.87,6.88,6.89,6.9,6.91,3300,5100,2900,600,28500,38600,3600,100,5700,100,21900,40500,21900,34600,39800,5500,10600,3400,18500,6000
267.0,6.82,427900,2917263.0,6.81,6.8,6.79,6.78,6.77,6.76,6.75,6.74,6.73,6.72,6.82,6.83,6.84,6.85,6.86,6.87,6.88,6.89,6.9,6.91,3300,5100,2900,600,28500,38600,3600,100,5700,100,20400,40500,21900,34600,39800,5500,10600,3400,18500,6000
268.0,6.82,427900,2917263.0,6.81,6.8,6.79,6.78,6.77,6.76,6.75,6.74,6.73,6.72,6.82,6.83,6.84,6.85,6.86,6.87,6.88,6.89,6.9,6.91,3300,5100,2900,600,28500,38600,3600,100,5700,100,20400,40500,21900,34600,39800,5500,10600,3400,18500,6000
269.0,6.82,428100,2918627.0,6.81,6.8,6.79,6.78,6.77,6.76,6.75,6.74,6.73,6.72,6.82,6.83,6.84,6.85,6.86,6.87,6.88,6.89,6.9,6.91,3400,5100,2900,600,28500,38600,3600,100,5700,100,20200,40500,21900,34600,39800,5500,10600,3400,18500,6000
270.0,6.82,429500,2928175.0,6.81,6.8,6.79,6.78,6.77,6.76,6.75,6.74,6.73,6.72,6.82,6.83,6.84,6.85,6.86,6.87,6.88,6.89,6.9,6.91,3400,5100,2900,600,28500,38600,3600,100,5700,100,18800,40500,21900,34600,40100,5500,10600,3400,18500,6000
271.0,6.82,429500,2928175.0,6.81,6.8,6.79,6.78,6.77,6.76,6.75,6.74,6.73,6.72,6.82,6.83,6.84,6.85,6.86,6.87,6.88,6.89,6.9,6.91,3400,5100,2900,600,28500,38600,3600,100,5700,100,18800,47200,21900,34600,40100,5500,10600,3400,18500,6000
272.0,6.81,429800,2930218.0,6.81,6.8,6.79,6.78,6.77,6.76,6.75,6.74,6.73,6.72,6.82,6.83,6.84,6.85,6.86,6.87,6.88,6.89,6.9,6.91,3100,5100,2900,600,28500,38600,3600,100,5700,100,18800,48700,21900,34600,40100,5500,10600,3400,18500,6000
273.0,6.82,430500,2934992.0,6.81,6.8,6.79,6.78,6.77,6.76,6.75,6.74,6.73,6.72,6.82,6.83,6.84,6.85,6.86,6.87,6.88,6.89,6.9,6.91,3100,5100,2900,600,28500,38600,3600,100,5700,100,25700,48700,21900,34600,40100,5500,10600,3400,18500,6000
274.0,6.81,432500,2948626.0,6.81,6.8,6.79,6.78,6.77,6.76,6.75,6.74,6.73,6.72,6.82,6.83,6.84,6.85,6.86,6.87,6.88,6.89,6.9,6.91,2500,5100,2900,600,28500,38600,3600,100,5700,100,24300,48700,20900,34600,40100,5500,10600,3400,18500,6000
275.0,6.81,434100,2959522.0,6.81,6.8,6.79,6.78,6.77,6.76,6.75,6.74,6.73,6.72,6.82,6.83,6.84,6.85,6.86,6.87,6.88,6.89,6.9,6.91,900,5100,2900,600,28500,38600,3600,100,5700,100,24300,48700,20900,34600,40100,5500,10600,3400,18500,6000
276.0,6.81,434100,2959522.0,6.81,6.8,6.79,6.78,6.77,6.76,6.75,6.74,6.73,6.72,6.82,6.83,6.84,6.85,6.86,6.87,6.88,6.89,6.9,6.91,900,5100,2900,600,28500,38600,3600,100,5700,100,24300,48700,20900,34600,40100,5500,10600,3400,18500,6000
277.0,6.82,435500,2969070.0,6.81,6.8,6.79,6.78,6.77,6.76,6.75,6.74,6.73,6.72,6.82,6.83,6.84,6.85,6.86,6.87,6.88,6.89,6.9,6.91,900,5100,2900,600,28500,38600,3600,100,5700,100,22900,48700,20900,34600,40100,5500,10600,3400,18500,6000
278.0,6.82,441000,3006580.0,6.81,6.8,6.79,6.78,6.77,6.76,6.75,6.74,6.73,6.72,6.82,6.83,6.84,6.85,6.86,6.87,6.88,6.89,6.9,6.91,900,5100,2900,600,28500,38600,3600,100,5700,100,17400,48700,20900,34600,40100,5500,10600,3400,19000,6000
279.0,6.82,441000,3006580.0,6.81,6.8,6.79,6.78,6.77,6.76,6.75,6.74,6.73,6.72,6.82,6.83,6.84,6.85,6.86,6.87,6.88,6.89,6.9,6.91,900,5100,2900,600,28500,38600,3600,100,5700,100,17400,48700,20900,34600,40100,5500,10600,3400,19000,6000
280.0,6.82,442400,3016128.0,6.81,6.8,6.79,6.78,6.77,6.76,6.75,6.74,6.73,6.72,6.82,6.83,6.84,6.85,6.86,6.87,6.88,6.89,6.9,6.91,900,5100,2900,600,28500,38600,3600,100,5700,100,16000,48700,20900,34600,40100,5500,10600,3400,19000,6000
281.0,6.81,442500,3016809.0,6.81,6.8,6.79,6.78,6.77,6.76,6.75,6.74,6.73,6.72,6.82,6.83,6.84,6.85,6.86,6.87,6.88,6.89,6.9,6.91,1300,5100,2900,600,28500,38600,3600,100,5700,100,16000,48700,20600,34600,40100,5500,10600,3400,19000,6000
282.0,6.81,442500,3016809.0,6.81,6.8,6.79,6.78,6.77,6.76,6.75,6.74,6.73,6.72,6.82,6.83,6.84,6.85,6.86,6.87,6.88,6.89,6.9,6.91,1300,5100,2900,600,28500,38600,3600,100,5700,100,16000,48700,20600,34600,40100,5500,10600,3400,19000,6000
283.0,6.82,443900,3026357.0,6.81,6.8,6.79,6.78,6.77,6.76,6.75,6.74,6.73,6.72,6.82,6.83,6.84,6.85,6.86,6.87,6.88,6.89,6.9,6.91,1300,5100,2900,600,28500,38600,3600,100,5700,100,14600,48700,20600,34600,40100,5500,10600,3400,19000,6000
284.0,6.82,443900,3026357.0,6.81,6.8,6.79,6.78,6.77,6.76,6.75,6.74,6.73,6.72,6.82,6.83,6.84,6.85,6.86,6.87,6.88,6.89,6.9,6.91,1300,5100,2900,600,28500,38600,3600,100,5700,100,14600,48700,20600,34600,40100,5500,12400,3400,19000,6000
285.0,6.81,444100,3027719.0,6.81,6.8,6.79,6.78,6.77,6.76,6.75,6.74,6.73,6.72,6.82,6.83,6.84,6.85,6.86,6.87,6.88,6.89,6.9,6.91,1100,5100,2900,600,28500,38600,3600,100,5700,100,13600,48700,20600,34600,40100,5500,12400,3400,19000,6000
286.0,6.81,444100,3027719.0,6.81,6.8,6.79,6.78,6.77,6.76,6.75,6.74,6.73,6.72,6.82,6.83,6.84,6.85,6.86,6.87,6.88,6.89,6.9,6.91,1100,5100,2900,600,28500,38600,3600,100,5700,100,13600,48700,20600,34600,40100,5500,12400,3400,19000,6000
287.0,6.81,445500,3037266.0,6.81,6.8,6.79,6.78,6.77,6.76,6.75,6.74,6.73,6.72,6.82,6.83,6.84,6.85,6.86,6.87,6.88,6.89,6.9,6.91,1000,5100,2900,600,28500,38600,3600,100,5700,100,12300,48700,20600,34600,40100,5500,12400,3400,19000,6000
288.0,6.82,445600,3037948.0,6.81,6.8,6.79,6.78,6.77,6.76,6.75,6.74,6.73,6.72,6.82,6.83,6.84,6.85,6.86,6.87,6.88,6.89,6.9,6.91,1000,5100,2900,600,28500,37600,3600,100,5700,100,12200,48700,20600,34600,40100,5500,12400,3400,19000,6000
289.0,6.82,445700,3038630.0,6.81,6.8,6.79,6.78,6.77,6.76,6.75,6.74,6.73,6.72,6.82,6.83,6.84,6.85,6.86,6.87,6.88,6.89,6.9,6.91,1000,5100,2900,600,28500,37600,3600,100,5700,100,12100,48700,20600,34600,40100,5500,12400,3400,19000,6000
290.0,6.82,446900,3046814.0,6.81,6.8,6.79,6.78,6.77,6.76,6.75,6.74,6.73,6.72,6.82,6.83,6.84,6.85,6.86,6.87,6.88,6.89,6.9,6.91,1000,5100,2900,600,28500,37600,3600,100,5700,100,10900,48700,20600,34600,40100,5500,12400,3400,19000,6000
291.0,6.82,446900,3046814.0,6.81,6.8,6.79,6.78,6.77,6.76,6.75,6.74,6.73,6.72,6.82,6.83,6.84,6.85,6.86,6.87,6.88,6.89,6.9,6.91,1000,5100,2900,600,28500,37600,3600,100,5700,100,11400,48700,20600,34600,40100,5500,15400,3400,19000,6000
292.0,6.82,446900,3046814.0,6.81,6.8,6.79,6.78,6.77,6.76,6.75,6.74,6.73,6.72,6.82,6.83,6.84,6.85,6.86,6.87,6.88,6.89,6.9,6.91,1000,5100,2900,600,28500,37600,3600,100,5700,100,11400,48700,20600,34600,40100,5500,15400,3400,19000,6000
293.0,6.82,448000,3054316.0,6.81,6.8,6.79,6.78,6.77,6.76,6.75,6.74,6.73,6.72,6.82,6.83,6.84,6.85,6.86,6.87,6.88,6.89,6.9,6.91,1500,5100,2900,600,28500,37600,3600,100,5700,100,10300,48700,20600,34600,40100,5500,15400,3400,19000,6000
294.0,6.81,449500,3064531.0,6.8,6.79,6.78,6.77,6.76,6.75,6.74,6.73,6.72,6.71,6.81,6.82,6.83,6.84,6.85,6.86,6.87,6.88,6.89,6.9,5100,2900,600,28500,37600,3600,100,5700,100,29300,6000,10300,48700,19900,34500,40100,5500,15400,3400,19000
295.0,6.81,449500,3064531.0,6.8,6.79,6.78,6.77,6.76,6.75,6.74,6.73,6.72,6.71,6.81,6.82,6.83,6.84,6.85,6.86,6.87,6.88,6.89,6.9,5400,2900,600,28500,37600,3600,100,5700,100,29300,6300,11000,48700,19900,34500,40100,5500,15400,3400,19000
296.0,6.81,451300,3076789.0,6.8,6.79,6.78,6.77,6.76,6.75,6.74,6.73,6.72,6.71,6.81,6.82,6.83,6.84,6.85,6.86,6.87,6.88,6.89,6.9,5600,2900,600,28500,37600,3600,100,5700,100,29300,5100,11000,48700,19900,34500,40100,5500,15400,3400,19000
297.0,6.8,452400,3084269.0,6.8,6.79,6.78,6.77,6.76,6.75,6.74,6.73,6.72,6.71,6.81,6.82,6.83,6.84,6.85,6.86,6.87,6.88,6.89,6.9,4800,2900,600,28500,37600,3600,100,5700,100,29300,5400,11000,48700,19900,34500,40100,5500,15400,3400,19000
298.0,6.8,452400,3084269.0,6.8,6.79,6.78,6.77,6.76,6.75,6.74,6.73,6.72,6.71,6.81,6.82,6.83,6.84,6.85,6.86,6.87,6.88,6.89,6.9,4800,2900,600,28500,37600,3600,100,5700,100,29300,5400,11000,48700,19900,34500,40100,5500,15400,3400,19000
299.0,6.8,452400,3084269.0,6.8,6.79,6.78,6.77,6.76,6.75,6.74,6.73,6.72,6.71,6.81,6.82,6.83,6.84,6.85,6.86,6.87,6.88,6.89,6.9,5000,2900,600,28500,37600,3600,100,5700,100,29300,6000,11000,48700,19900,34500,40100,5500,15400,3400,19000
300.0,6.8,452400,3084269.0,6.8,6.79,6.78,6.77,6.76,6.75,6.74,6.73,6.72,6.71,6.81,6.82,6.83,6.84,6.85,6.86,6.87,6.88,6.89,6.9,5300,2900,600,28500,37600,3600,100,5700,100,29300,6300,10900,48700,19900,34500,40100,5500,15400,3400,19000
301.0,6.8,452400,3084269.0,6.8,6.79,6.78,6.77,6.76,6.75,6.74,6.73,6.72,6.71,6.81,6.82,6.83,6.84,6.85,6.86,6.87,6.88,6.89,6.9,5500,2900,600,28500,37600,3600,100,5700,100,29300,6500,10900,48700,19900,34500,40100,5500,15400,3400,19000
302.0,6.81,453800,3093798.0,6.8,6.79,6.78,6.77,6.76,6.75,6.74,6.73,6.72,6.71,6.81,6.82,6.83,6.84,6.85,6.86,6.87,6.88,6.89,6.9,5300,2900,600,28500,37600,3600,100,5700,100,29300,7500,11900,48700,19900,34500,40100,5500,15400,3400,19000
303.0,6.81,454400,3097879.0,6.8,6.79,6.78,6.77,6.76,6.75,6.74,6.73,6.72,6.71,6.81,6.82,6.83,6.84,6.85,6.86,6.87,6.88,6.89,6.9,5000,2900,600,28500,24100,3600,100,5700,100,29300,7700,12000,48700,19900,34500,40100,5500,15400,3400,19000
304.0,6.81,454400,3097879.0,6.8,6.79,6.78,6.77,6.76,6.75,6.74,6.73,6.72,6.71,6.81,6.82,6.83,6.84,6.85,6.86,6.87,6.88,6.89,6.9,5300,2900,600,28500,24100,3600,100,5700,100,29300,8000,12000,48700,19900,34500,40100,5500,15400,3400,19000
305.0,6.81,454800,3100603.0,6.8,6.79,6.78,6.77,6.76,6.75,6.74,6.73,6.72,6.71,6.81,6.82,6.83,6.84,6.85,6.86,6.87,6.88,6.89,6.9,5500,2900,600,28500,24100,3600,100,5700,100,29300,7800,12000,48700,19900,34500,40100,5500,15400,3400,19000
306.0,6.8,455300,3104003.0,6.8,6.79,6.78,6.77,6.76,6.75,6.74,6.73,6.72,6.71,6.81,6.82,6.83,6.84,6.85,6.86,6.87,6.88,6.89,6.9,5300,2900,600,28500,24100,3600,100,5700,100,29300,8100,12000,48700,19900,34500,40100,5500,15400,3400,19000
307.0,6.8,455300,3104003.0,6.8,6.79,6.78,6.77,6.76,6.75,6.74,6.73,6.72,6.71,6.81,6.82,6.83,6.84,6.85,6.86,6.87,6.88,6.89,6.9,5300,2900,600,28500,24100,3600,100,5700,100,29300,8100,12000,48700,19900,34500,40100,5500,15400,3400,19000
308.0,6.81,456100,3109451.0,6.8,6.79,6.78,6.77,6.76,6.75,6.74,6.73,6.72,6.71,6.81,6.82,6.83,6.84,6.85,6.86,6.87,6.88,6.89,6.9,5500,2900,600,28500,24100,3600,100,5700,100,29300,7800,14000,44900,17800,34500,40100,5500,15400,3400,19000
309.0,6.81,458900,3128503.0,6.8,6.79,6.78,6.77,6.76,6.75,6.74,6.73,6.72,6.71,6.81,6.82,6.83,6.84,6.85,6.86,6.87,6.88,6.89,6.9,4200,2900,600,28500,24100,3600,100,5700,100,29300,6600,14000,44900,17800,34500,40100,5500,15400,3400,19000
310.0,6.8,459800,3134624.0,6.8,6.79,6.78,6.77,6.76,6.75,6.74,6.73,6.72,6.71,6.81,6.82,6.83,6.84,6.85,6.86,6.87,6.88,6.89,6.9,3600,2900,9600,28500,24100,3600,100,5700,100,29300,6700,14000,44900,17800,34500,40100,5500,15400,3400,19000
311.0,6.81,461600,3146882.0,6.8,6.79,6.78,6.77,6.76,6.75,6.74,6.73,6.72,6.71,6.81,6.82,6.83,6.84,6.85,6.86,6.87,6.88,6.89,6.9,3900,2900,9600,28500,24100,3600,100,5700,100,29300,5200,14000,44900,17800,34500,40100,5500,15400,3400,19000
312.0,6.8,461700,3147562.0,6.8,6.79,6.78,6.77,6.76,6.75,6.74,6.73,6.72,6.71,6.81,6.82,6.83,6.84,6.85,6.86,6.87,6.88,6.89,6.9,3900,2900,9600,28500,24100,3600,100,5700,100,29300,5200,14000,44900,17800,34500,40100,5500,15400,3400,19000
313.0,6.8,461700,3147562.0,6.8,6.79,6.78,6.77,6.76,6.75,6.74,6.73,6.72,6.71,6.81,6.82,6.83,6.84,6.85,6.86,6.87,6.88,6.89,6.9,4100,2900,9600,28500,24100,3600,100,5700,100,29300,5400,14000,44900,17800,34500,40100,5500,15400,3400,19000
314.0,6.81,464000,3163225.0,6.8,6.79,6.78,6.77,6.76,6.75,6.74,6.73,6.72,6.71,6.81,6.82,6.83,6.84,6.85,6.86,6.87,6.88,6.89,6.9,4100,2900,9600,28500,24100,3600,100,5700,100,29300,3100,14000,44900,17800,34500,40100,5500,15400,3400,19000
315.0,6.81,465500,3173440.0,6.8,6.79,6.78,6.77,6.76,6.75,6.74,6.73,6.72,6.71,6.81,6.82,6.83,6.84,6.85,6.86,6.87,6.88,6.89,6.9,4300,2900,9600,28500,24100,3600,100,5700,100,29300,1800,13100,44900,17800,34500,40100,5500,15400,3400,19000
316.0,6.81,466000,3176841.0,6.8,6.79,6.78,6.77,6.76,6.75,6.74,6.73,6.72,6.71,6.81,6.82,6.83,6.84,6.85,6.86,6.87,6.88,6.89,6.9,3900,2900,9600,28500,24100,3600,100,5700,100,29300,1700,13000,44900,17800,34500,40100,5500,15400,3400,19000
317.0,6.82,468300,3192508.0,6.8,6.79,6.78,6.77,6.76,6.75,6.74,6.73,6.72,6.71,6.82,6.83,6.84,6.85,6.86,6.87,6.88,6.89,6.9,6.91,4100,2900,9600,28500,24100,3600,100,5700,100,29300,13300,44900,17800,34500,40100,5500,15400,3400,19000,6000
318.0,6.82,468300,3192508.0,6.8,6.79,6.78,6.77,6.76,6.75,6.74,6.73,6.72,6.71,6.82,6.83,6.84,6.85,6.86,6.87,6.88,6.89,6.9,6.91,4700,2900,9600,28500,24100,3600,100,5700,100,29300,13900,44900,17800,34500,40100,5500,15400,3400,19000,6000
319.0,6.82,468300,3192508.0,6.8,6.79,6.78,6.77,6.76,6.75,6.74,6.73,6.72,6.71,6.82,6.83,6.84,6.85,6.86,6.87,6.88,6.89,6.9,6.91,5200,2900,9600,28500,24100,3600,100,5700,100,29300,14400,44900,17800,34500,40100,5500,15400,3400,19000,6000
320.0,6.82,468300,3192508.0,6.8,6.79,6.78,6.77,6.76,6.75,6.74,6.73,6.72,6.71,6.82,6.83,6.84,6.85,6.86,6.87,6.88,6.89,6.9,6.91,5200,2900,9600,28500,24100,3600,100,5700,100,29300,14400,44900,17800,34500,40100,5500,15400,3400,19000,6000
321.0,6.82,478100,3259344.0,6.8,6.79,6.78,6.77,6.76,6.75,6.74,6.73,6.72,6.71,6.82,6.83,6.84,6.85,6.86,6.87,6.88,6.89,6.9,6.91,5800,2900,9600,28500,24100,3600,100,5700,100,29300,5500,43900,17800,34500,40100,5500,15400,3400,19000,6000
322.0,6.82,478200,3260026.0,6.8,6.79,6.78,6.77,6.76,6.75,6.74,6.73,6.72,6.71,6.82,6.83,6.84,6.85,6.86,6.87,6.88,6.89,6.9,6.91,6400,2900,9600,28500,24100,3600,100,5700,100,29300,5000,43900,17800,34500,40100,5500,15400,3400,19000,6000
323.0,6.82,478200,3260026.0,6.81,6.8,6.79,6.78,6.77,6.76,6.75,6.74,6.73,6.72,6.82,6.83,6.84,6.85,6.86,6.87,6.88,6.89,6.9,6.91,400,7000,2900,9600,28500,24100,3600,100,5700,100,5600,43900,17800,34500,40100,5500,15400,3400,19000,6000
324.0,6.82,478200,3260026.0,6.81,6.8,6.79,6.78,6.77,6.76,6.75,6.74,6.73,6.72,6.82,6.83,6.84,6.85,6.86,6.87,6.88,6.89,6.9,6.91,400,7000,2900,9600,28500,24100,3600,100,5700,100,5600,43900,17800,34500,40100,5500,15400,3400,19000,6000
325.0,6.82,478200,3260026.0,6.81,6.8,6.79,6.78,6.77,6.76,6.75,6.74,6.73,6.72,6.82,6.83,6.84,6.85,6.86,6.87,6.88,6.89,6.9,6.91,400,7000,2900,9600,28500,24100,3600,100,5700,100,5600,43900,17800,34500,40100,5500,15400,3400,19000,6000
326.0,6.82,480200,3273666.0,6.81,6.8,6.79,6.78,6.77,6.76,6.75,6.74,6.73,6.72,6.82,6.83,6.84,6.85,6.86,6.87,6.88,6.89,6.9,6.91,400,7000,2900,9600,28500,24100,3600,100,5700,100,4400,45100,17800,34500,40100,5500,15400,3400,19000,6000
327.0,6.82,480200,3273666.0,6.81,6.8,6.79,6.78,6.77,6.76,6.75,6.74,6.73,6.72,6.82,6.83,6.84,6.85,6.86,6.87,6.88,6.89,6.9,6.91,400,7000,2900,9600,28500,24100,3600,100,5700,100,4400,45100,17800,34500,40100,5500,15400,3400,19000,6000
328.0,6.82,480600,3276394.0,6.81,6.8,6.79,6.78,6.77,6.76,6.75,6.74,6.73,6.72,6.82,6.83,6.84,6.85,6.86,6.87,6.88,6.89,6.9,6.91,400,7000,2900,9600,28500,24100,3600,100,5700,100,4000,45100,17800,34500,40100,5500,15400,3400,19000,6000
329.0,6.82,480700,3277076.0,6.81,6.8,6.79,6.78,6.77,6.76,6.75,6.74,6.73,6.72,6.82,6.83,6.84,6.85,6.86,6.87,6.88,6.89,6.9,6.91,400,7000,2900,9600,28500,24100,3600,100,5700,100,3900,45100,17800,34500,40100,5500,15400,3400,19000,6000
330.0,6.82,480700,3277076.0,6.81,6.8,6.79,6.78,6.77,6.76,6.75,6.74,6.73,6.72,6.82,6.83,6.84,6.85,6.86,6.87,6.88,6.89,6.9,6.91,400,7000,2900,12600,28500,24100,3600,100,5700,100,3900,45100,17800,34500,40100,5500,15400,3400,19000,6000
331.0,6.82,481200,3280486.0,6.81,6.8,6.79,6.78,6.77,6.76,6.75,6.74,6.73,6.72,6.82,6.83,6.84,6.85,6.86,6.87,6.88,6.89,6.9,6.91,400,7000,2900,12600,28500,24100,3600,100,5700,100,3400,45100,22800,34500,40100,5500,15400,3400,19000,6000
332.0,6.82,481800,3284578.0,6.81,6.8,6.79,6.78,6.77,6.76,6.75,6.74,6.73,6.72,6.82,6.83,6.84,6.85,6.86,6.87,6.88,6.89,6.9,6.91,400,7000,2900,12600,28500,24100,3600,100,5700,100,2800,45100,22800,34500,40100,5500,15400,3400,19000,6000
333.0,6.82,481800,3284578.0,6.81,6.8,6.79,6.78,6.77,6.76,6.75,6.74,6.73,6.72,6.82,6.83,6.84,6.85,6.86,6.87,6.88,6.89,6.9,6.91,400,7000,2900,12600,28500,24100,3600,100,5700,100,11900,45100,22800,34500,40100,5500,15400,3400,19000,6000
334.0,6.82,482900,3292080.0,6.81,6.8,6.79,6.78,6.77,6.76,6.75,6.74,6.73,6.72,6.82,6.83,6.84,6.85,6.86,6.87,6.88,6.89,6.9,6.91,400,7000,2900,12600,28500,24100,3600,100,5700,100,10800,45100,22800,34500,40100,5500,15400,3400,19000,6000
335.0,6.82,482900,3292080.0,6.81,6.8,6.79,6.78,6.77,6.76,6.75,6.74,6.73,6.72,6.82,6.83,6.84,6.85,6.86,6.87,6.88,6.89,6.9,6.91,400,7000,2900,12600,28500,24100,3600,100,5700,100,12000,43900,22800,34500,40100,5500,15400,3400,19000,6000
336.0,6.82,483100,3293444.0,6.81,6.8,6.79,6.78,6.77,6.76,6.75,6.74,6.73,6.72,6.82,6.83,6.84,6.85,6.86,6.87,6.88,6.89,6.9,6.91,400,7000,2900,12600,28500,24100,3600,100,5700,100,11800,43900,22800,34500,40100,5500,15400,3400,19000,6000
337.0,6.82,484200,3300946.0,6.81,6.8,6.79,6.78,6.77,6.76,6.75,6.74,6.73,6.72,6.82,6.83,6.84,6.85,6.86,6.87,6.88,6.89,6.9,6.91,400,7000,2900,12600,28500,24100,3600,100,5700,100,10700,43900,22800,34500,40100,5500,15400,3400,19000,6000
338.0,6.82,484200,3300946.0,6.81,6.8,6.79,6.78,6.77,6.76,6.75,6.74,6.73,6.72,6.82,6.83,6.84,6.85,6.86,6.87,6.88,6.89,6.9,6.91,400,7000,2900,12600,28500,24100,3600,100,5700,100,10700,43900,22800,34500,40100,5500,15400,3400,19000,6000
339.0,6.82,484200,3300946.0,6.81,6.8,6.79,6.78,6.77,6.76,6.75,6.74,6.73,6.72,6.82,6.83,6.84,6.85,6.86,6.87,6.88,6.89,6.9,6.91,400,7000,2900,12600,28500,24100,3600,100,5700,100,10700,43900,22800,34500,40100,5500,15400,3400,19000,6000
340.0,6.82,485600,3310494.0,6.81,6.8,6.79,6.78,6.77,6.76,6.75,6.74,6.73,6.72,6.82,6.83,6.84,6.85,6.86,6.87,6.88,6.89,6.9,6.91,400,7000,2900,12600,28500,24100,3600,100,5700,100,9300,43200,22800,34500,40100,5500,15400,3400,19000,6000
341.0,6.82,485600,3310494.0,6.81,6.8,6.79,6.78,6.77,6.76,6.75,6.74,6.73,6.72,6.82,6.83,6.84,6.85,6.86,6.87,6.88,6.89,6.9,6.91,400,7000,2900,12600,28500,24100,3600,100,5700,100,9300,43200,22800,34500,40100,5500,15400,3400,19000,6000
342.0,6.82,485600,3310494.0,6.81,6.8,6.79,6.78,6.77,6.76,6.75,6.74,6.73,6.72,6.82,6.83,6.84,6.85,6.86,6.87,6.88,6.89,6.9,6.91,400,7000,2900,12600,28500,24100,3600,100,5700,100,9300,43200,22800,34500,40100,5500,15400,3400,19000,6000
343.0,6.82,488300,3328908.0,6.81,6.8,6.79,6.78,6.77,6.76,6.75,6.74,6.73,6.72,6.82,6.83,6.84,6.85,6.86,6.87,6.88,6.89,6.9,6.91,400,7000,2900,12600,28500,24100,3600,100,5700,100,6600,43200,22800,34500,40100,5500,15400,3400,19000,6000
344.0,6.82,488300,3328908.0,6.81,6.8,6.79,6.78,6.77,6.76,6.75,6.74,6.73,6.72,6.82,6.83,6.84,6.85,6.86,6.87,6.88,6.89,6.9,6.91,400,7000,2900,12600,28500,24100,3600,100,5700,100,6600,43200,22800,34500,40100,5500,15400,3400,19000,6000
345.0,6.82,488300,3328908.0,6.81,6.8,6.79,6.78,6.77,6.76,6.75,6.74,6.73,6.72,6.82,6.83,6.84,6.85,6.86,6.87,6.88,6.89,6.9,6.91,400,7000,2900,12600,28500,24100,3600,100,5700,100,6600,43200,22800,34500,40100,5500,15400,3400,19000,6000
346.0,6.82,488900,3333000.0,6.81,6.8,6.79,6.78,6.77,6.76,6.75,6.74,6.73,6.72,6.82,6.83,6.84,6.85,6.86,6.87,6.88,6.89,6.9,6.91,400,7000,2900,12600,28500,24100,3600,100,5700,100,6000,43200,22800,34500,40100,5500,15400,3400,19000,6000
347.0,6.82,488900,3333000.0,6.81,6.8,6.79,6.78,6.77,6.76,6.75,6.74,6.73,6.72,6.82,6.83,6.84,6.85,6.86,6.87,6.88,6.89,6.9,6.91,400,7000,2900,12600,28500,24100,3600,100,5700,100,6000,43200,22800,34500,40100,5500,15400,3400,19000,6000
348.0,6.82,488900,3333000.0,6.81,6.8,6.79,6.78,6.77,6.76,6.75,6.74,6.73,6.72,6.82,6.83,6.84,6.85,6.86,6.87,6.88,6.89,6.9,6.91,400,7000,2900,12600,28500,24100,3600,100,5700,100,6000,43200,22800,34500,40100,5500,15400,3400,19000,6000
349.0,6.82,489500,3337092.0,6.81,6.8,6.79,6.78,6.77,6.76,6.75,6.74,6.73,6.72,6.82,6.83,6.84,6.85,6.86,6.87,6.88,6.89,6.9,6.91,500,8400,2900,12600,28500,24100,3600,100,5700,100,5400,43200,22800,34500,40100,5500,15400,3400,19000,6000
350.0,6.82,489500,3337092.0,6.81,6.8,6.79,6.78,6.77,6.76,6.75,6.74,6.73,6.72,6.82,6.83,6.84,6.85,6.86,6.87,6.88,6.89,6.9,6.91,500,8400,2900,12600,28500,24100,3600,100,5700,100,5400,43200,22800,34500,40100,5500,15400,3400,19000,6000
351.0,6.82,489500,3337092.0,6.81,6.8,6.79,6.78,6.77,6.76,6.75,6.74,6.73,6.72,6.82,6.83,6.84,6.85,6.86,6.87,6.88,6.89,6.9,6.91,500,8400,2900,12600,28500,24100,3600,100,5700,100,5400,43200,22800,34500,40100,5500,15400,3400,19000,6000
352.0,6.82,489500,3337092.0,6.81,6.8,6.79,6.78,6.77,6.76,6.75,6.74,6.73,6.72,6.82,6.83,6.84,6.85,6.86,6.87,6.88,6.89,6.9,6.91,500,8400,2900,12600,28500,24100,3600,100,5700,100,5400,43200,22800,34500,40100,5500,15400,3400,19000,6000
353.0,6.82,490000,3340502.0,6.81,6.8,6.79,6.78,6.77,6.76,6.75,6.74,6.73,6.72,6.82,6.83,6.84,6.85,6.86,6.87,6.88,6.89,6.9,6.91,500,8400,2900,12600,28500,24100,3600,100,5700,100,4900,41700,22800,34500,40100,5500,15400,3400,19000,6000
354.0,6.82,490000,3340502.0,6.81,6.8,6.79,6.78,6.77,6.76,6.75,6.74,6.73,6.72,6.82,6.83,6.84,6.85,6.86,6.87,6.88,6.89,6.9,6.91,500,8400,2900,12600,28500,24100,3600,100,5700,100,4900,42700,22800,34500,40100,5500,15400,3400,19000,6000
355.0,6.82,490900,3346640.0,6.81,6.8,6.79,6.78,6.77,6.76,6.75,6.74,6.73,6.72,6.82,6.83,6.84,6.85,6.86,6.87,6.88,6.89,6.9,6.91,500,8400,2900,12600,28500,24100,3600,100,5700,100,4000,42700,22800,34500,40100,5500,15400,3400,19000,6000
356.0,6.82,496200,3382786.0,6.82,6.81,6.8,6.79,6.78,6.77,6.76,6.75,6.74,6.73,6.83,6.84,6.85,6.86,6.87,6.88,6.89,6.9,6.91,6.92,5900,500,8400,2900,12600,28500,24100,3600,100,5700,43400,22800,34500,40100,5500,15400,3400,19000,6000,16500
357.0,6.82,496300,3383468.0,6.82,6.81,6.8,6.79,6.78,6.77,6.76,6.75,6.74,6.73,6.83,6.84,6.85,6.86,6.87,6.88,6.89,6.9,6.91,6.92,20200,500,8400,2900,12600,28500,24100,3600,100,5700,43400,22800,34500,40100,5500,15400,3400,19000,6000,16500
358.0,6.82,496400,3384150.0,6.82,6.81,6.8,6.79,6.78,6.77,6.76,6.75,6.74,6.73,6.83,6.84,6.85,6.86,6.87,6.88,6.89,6.9,6.91,6.92,20100,500,8400,2900,12600,28500,24100,3600,100,5700,43400,22800,34500,40100,5500,15400,3400,19000,6000,16500
359.0,6.82,506400,3452364.0,6.82,6.81,6.8,6.79,6.78,6.77,6.76,6.75,6.74,6.73,6.83,6.84,6.85,6.86,6.87,6.88,6.89,6.9,6.91,6.92,11600,500,8400,2900,12600,28500,24100,3600,100,5700,42000,22800,34500,40100,5500,15400,3400,19000,6000,16500
360.0,6.82,507800,3461912.0,6.82,6.81,6.8,6.79,6.78,6.77,6.76,6.75,6.74,6.73,6.83,6.84,6.85,6.86,6.87,6.88,6.89,6.9,6.91,6.92,10200,500,8400,2900,12600,28500,24100,3600,100,5700,42200,22800,34500,40100,5500,15400,3400,19000,6000,16500
361.0,6.82,509400,3472824.0,6.82,6.81,6.8,6.79,6.78,6.77,6.76,6.75,6.74,6.73,6.83,6.84,6.85,6.86,6.87,6.88,6.89,6.9,6.91,6.92,8600,500,8400,2900,12600,28500,24100,3600,100,5700,42200,22800,34500,40100,5500,15400,3400,19000,6000,16500
362.0,6.82,511600,3487842.0,6.82,6.81,6.8,6.79,6.78,6.77,6.76,6.75,6.74,6.73,6.83,6.84,6.85,6.86,6.87,6.88,6.89,6.9,6.91,6.92,7800,500,8400,2900,12600,28500,24100,3600,100,5700,41100,22800,34500,40100,5500,15400,3400,19000,6000,16500
363.0,6.82,511800,3489206.0,6.82,6.81,6.8,6.79,6.78,6.77,6.76,6.75,6.74,6.73,6.83,6.84,6.85,6.86,6.87,6.88,6.89,6.9,6.91,6.92,7600,500,8400,2900,12600,28500,24100,3600,100,5700,41100,22800,34500,40100,5500,15600,3400,19000,6000,16500
364.0,6.82,512000,3490570.0,6.82,6.81,6.8,6.79,6.78,6.77,6.76,6.75,6.74,6.73,6.83,6.84,6.85,6.86,6.87,6.88,6.89,6.9,6.91,6.92,7400,500,8400,2900,12600,28500,24100,3600,100,5700,41100,22800,34500,40100,5500,15600,3400,19300,6000,16500
365.0,6.82,512100,3491252.0,6.82,6.81,6.8,6.79,6.78,6.77,6.76,6.75,6.74,6.73,6.83,6.84,6.85,6.86,6.87,6.88,6.89,6.9,6.91,6.92,7300,500,8400,2900,12600,28500,24100,3600,100,5700,41100,22800,34500,40100,5500,15600,3400,19300,6000,16500
366.0,6.82,520800,3550600.0,6.81,6.8,6.79,6.78,6.77,6.76,6.75,6.74,6.73,6.72,6.82,6.83,6.84,6.85,6.86,6.87,6.88,6.89,6.9,6.91,500,8400,2900,12600,28500,24100,3600,100,5700,100,2700,39700,22800,34500,40100,5500,15600,3400,19300,6000
367.0,6.82,521300,3554010.0,6.81,6.8,6.79,6.78,6.77,6.76,6.75,6.74,6.73,6.72,6.82,6.83,6.84,6.85,6.86,6.87,6.88,6.89,6.9,6.91,500,8400,2900,12600,28500,24100,3600,100,5700,100,3300,39000,22800,34500,40100,5500,15600,3400,19300,6000
368.0,6.81,521400,3554691.0,6.81,6.8,6.79,6.78,6.77,6.76,6.75,6.74,6.73,6.72,6.82,6.83,6.84,6.85,6.86,6.87,6.88,6.89,6.9,6.91,400,8400,2900,12600,28500,24100,3600,100,5700,100,3400,36000,22800,34500,40100,5500,15600,3400,19300,6000
369.0,6.82,521700,3556737.0,6.81,6.8,6.79,6.78,6.77,6.76,6.75,6.74,6.73,6.72,6.82,6.83,6.84,6.85,6.86,6.87,6.88,6.89,6.9,6.91,400,8400,2900,12600,28500,24100,3600,100,5700,100,3200,36000,22800,34500,40100,5500,15600,3400,19300,6000
370.0,6.82,521700,3556737.0,6.81,6.8,6.79,6.78,6.77,6.76,6.75,6.74,6.73,6.72,6.82,6.83,6.84,6.85,6.86,6.87,6.88,6.89,6.9,6.91,400,8400,2900,12600,28500,24100,3600,100,5700,100,3900,36000,22800,34500,40100,5500,15600,3400,19300,6000
371.0,6.81,522000,3558780.0,6.81,6.8,6.79,6.78,6.77,6.76,6.75,6.74,6.73,6.72,6.82,6.83,6.84,6.85,6.86,6.87,6.88,6.89,6.9,6.91,100,8400,2900,12600,28500,24100,3600,100,5700,100,3900,36000,22800,34500,40100,5500,15600,3400,19300,6000
372.0,6.81,522400,3561507.0,6.8,6.79,6.78,6.77,6.76,6.75,6.74,6.73,6.72,6.71,6.82,6.83,6.84,6.85,6.86,6.87,6.88,6.89,6.9,6.91,8400,2900,12600,28500,24100,3600,100,5700,100,29300,3800,35800,22800,34500,40100,5500,15600,3400,19300,6500
373.0,6.82,526900,3592197.0,6.8,6.79,6.78,6.77,6.76,6.75,6.74,6.73,6.72,6.71,6.82,6.83,6.84,6.85,6.86,6.87,6.88,6.89,6.9,6.91,9200,2900,12600,28500,24100,3600,100,5700,100,29300,900,23800,22800,34500,40100,5500,15600,3400,19300,6500
374.0,6.82,527300,3594925.0,6.8,6.79,6.78,6.77,6.76,6.75,6.74,6.73,6.72,6.71,6.82,6.83,6.84,6.85,6.86,6.87,6.88,6.89,6.9,6.91,10000,2900,12600,28500,24100,3600,100,5700,100,29300,500,23800,22800,34500,40100,5500,15600,3400,19300,6500
375.0,6.8,528300,3601725.0,6.8,6.79,6.78,6.77,6.76,6.75,6.74,6.73,6.72,6.71,6.82,6.83,6.84,6.85,6.86,6.87,6.88,6.89,6.9,6.91,14300,2900,12600,28500,24100,3600,100,5700,100,29300,1300,23800,22800,34500,40100,5500,15600,3400,19300,6500
376.0,6.8,528300,3601725.0,6.81,6.8,6.79,6.78,6.77,6.76,6.75,6.74,6.73,6.72,6.82,6.83,6.84,6.85,6.86,6.87,6.88,6.89,6.9,6.91,300,15100,2900,12600,28500,24100,3600,100,5700,100,2100,23800,22800,34500,43500,5500,15600,3400,19300,6500
377.0,6.8,528300,3601725.0,6.81,6.8,6.79,6.78,6.77,6.76,6.75,6.74,6.73,6.72,6.82,6.83,6.84,6.85,6.86,6.87,6.88,6.89,6.9,6.91,400,15100,2900,12600,28500,24100,3600,100,5700,100,2100,23800,22800,34500,43500,5500,15600,3400,19600,6500
378.0,6.8,528300,3601725.0,6.81,6.8,6.79,6.78,6.77,6.76,6.75,6.74,6.73,6.72,6.82,6.83,6.84,6.85,6.86,6.87,6.88,6.89,6.9,6.91,400,15100,2900,12600,28500,24100,3600,100,5700,100,2100,23800,22800,34500,43500,5500,15600,3400,19600,6500
379.0,6.82,528500,3603089.0,6.81,6.8,6.79,6.78,6.77,6.76,6.75,6.74,6.73,6.72,6.82,6.83,6.84,6.85,6.86,6.87,6.88,6.89,6.9,6.91,400,15100,2900,12600,28500,24100,3600,100,5700,100,13800,23800,22800,34500,43500,5500,15600,3400,19600,6500
380.0,6.82,528500,3603089.0,6.81,6.8,6.79,6.78,6.77,6.76,6.75,6.74,6.73,6.72,6.82,6.83,6.84,6.85,6.86,6.87,6.88,6.89,6.9,6.91,400,15100,2900,12600,28500,24100,3600,100,5700,100,13900,23700,22800,34500,43500,5500,15600,3400,19600,6500
381.0,6.82,528500,3603089.0,6.81,6.8,6.79,6.78,6.77,6.76,6.75,6.74,6.73,6.72,6.82,6.83,6.84,6.85,6.86,6.87,6.88,6.89,6.9,6.91,400,15100,2900,12600,28500,24100,3600,100,5700,100,13900,23700,22800,34500,43500,5500,15600,3400,19600,6500
382.0,6.82,534800,3646055.0,6.81,6.8,6.79,6.78,6.77,6.76,6.75,6.74,6.73,6.72,6.82,6.83,6.84,6.85,6.86,6.87,6.88,6.89,6.9,6.91,400,15100,2900,12600,28500,24100,3600,100,5700,100,9100,23700,22800,34500,43500,5500,15600,3400,19600,6500
383.0,6.82,534800,3646055.0,6.81,6.8,6.79,6.78,6.77,6.76,6.75,6.74,6.73,6.72,6.82,6.83,6.84,6.85,6.86,6.87,6.88,6.89,6.9,6.91,400,15100,2900,12600,28500,24100,3600,100,5700,100,9100,23700,22800,34500,43500,5500,15600,3400,19600,6500
384.0,6.82,534800,3646055.0,6.81,6.8,6.79,6.78,6.77,6.76,6.75,6.74,6.73,6.72,6.82,6.83,6.84,6.85,6.86,6.87,6.88,6.89,6.9,6.91,400,15100,2900,12600,28500,24100,3600,100,5700,100,9100,23700,22800,34500,43500,5500,15600,3400,18100,6500
385.0,6.82,535700,3652193.0,6.81,6.8,6.79,6.78,6.77,6.76,6.75,6.74,6.73,6.72,6.82,6.83,6.84,6.85,6.86,6.87,6.88,6.89,6.9,6.91,700,15100,2900,12600,28500,24100,3600,100,5700,100,8800,23700,22800,34500,43500,5500,15600,3400,18100,6500
386.0,6.82,535700,3652193.0,6.81,6.8,6.79,6.78,6.77,6.76,6.75,6.74,6.73,6.72,6.82,6.83,6.84,6.85,6.86,6.87,6.88,6.89,6.9,6.91,700,15100,2900,12600,28500,24100,3600,100,5700,100,8800,23700,22800,34500,43500,5500,15600,3400,18100,6500
387.0,6.82,535700,3652193.0,6.81,6.8,6.79,6.78,6.77,6.76,6.75,6.74,6.73,6.72,6.82,6.83,6.84,6.85,6.86,6.87,6.88,6.89,6.9,6.91,700,15100,2900,12600,28500,24100,3600,100,5700,100,8800,23700,22800,34500,43500,5500,15600,3400,18100,6500
388.0,6.82,535700,3652193.0,6.81,6.8,6.79,6.78,6.77,6.76,6.75,6.74,6.73,6.72,6.82,6.83,6.84,6.85,6.86,6.87,6.88,6.89,6.9,6.91,700,15100,2900,12600,28500,24100,3600,100,5700,100,8800,23700,22800,34500,43500,5500,15600,3400,18100,6500
389.0,6.82,536500,3657649.0,6.81,6.8,6.79,6.78,6.77,6.76,6.75,6.74,6.73,6.72,6.82,6.83,6.84,6.85,6.86,6.87,6.88,6.89,6.9,6.91,3800,15100,2900,12600,28500,24100,3600,100,5700,100,8000,23700,22800,34500,43500,5500,15600,3400,20200,6500
390.0,6.81,541900,3694439.0,6.8,6.79,6.78,6.77,6.76,6.75,6.74,6.73,6.72,6.71,6.81,6.82,6.83,6.84,6.85,6.86,6.87,6.88,6.89,6.9,15100,2900,12600,28500,24100,3500,100,5700,100,29300,11500,6900,23700,22800,34500,43500,5500,15600,3400,20200
391.0,6.81,541900,3694439.0,6.8,6.79,6.78,6.77,6.76,6.75,6.74,6.73,6.72,6.71,6.81,6.82,6.83,6.84,6.85,6.86,6.87,6.88,6.89,6.9,15100,2900,12600,28500,24100,3500,100,5700,100,29300,11500,6900,23700,22800,34500,43500,5500,15600,3400,20200
392.0,6.81,543000,3701930.0,6.8,6.79,6.78,6.77,6.76,6.75,6.74,6.73,6.72,6.71,6.81,6.82,6.83,6.84,6.85,6.86,6.87,6.88,6.89,6.9,15100,2900,12600,28500,24100,3500,100,5700,100,29300,10400,6900,23700,22800,34500,43500,5500,15600,3400,20200
393.0,6.81,543000,3701930.0,6.8,6.79,6.78,6.77,6.76,6.75,6.74,6.73,6.72,6.71,6.81,6.82,6.83,6.84,6.85,6.86,6.87,6.88,6.89,6.9,15100,2900,12600,28500,24100,3500,100,5700,100,29300,10600,6900,23700,22800,34500,43500,5500,15600,3400,20200
394.0,6.81,543000,3701930.0,6.8,6.79,6.78,6.77,6.76,6.75,6.74,6.73,6.72,6.71,6.81,6.82,6.83,6.84,6.85,6.86,6.87,6.88,6.89,6.9,15100,2900,12600,28500,24100,3500,100,5700,100,29300,10600,8400,23700,22800,34500,43500,5500,15600,3400,20200
395.0,6.81,544100,3709421.0,6.8,6.79,6.78,6.77,6.76,6.75,6.74,6.73,6.72,6.71,6.81,6.82,6.83,6.84,6.85,6.86,6.87,6.88,6.89,6.9,15100,2900,12600,28500,24100,3500,100,5700,100,29300,9500,8400,23700,22800,34500,43500,5500,15600,3400,20200
396.0,6.81,544100,3709421.0,6.8,6.79,6.78,6.77,6.76,6.75,6.74,6.73,6.72,6.71,6.81,6.82,6.83,6.84,6.85,6.86,6.87,6.88,6.89,6.9,15100,2900,12600,28500,24100,3500,100,5700,100,29300,9500,8400,23700,22800,34500,43500,5500,15600,3400,20200
397.0,6.8,545500,3718941.0,6.8,6.79,6.78,6.77,6.76,6.75,6.74,6.73,6.72,6.71,6.81,6.82,6.83,6.84,6.85,6.86,6.87,6.88,6.89,6.9,13700,2900,12600,28500,24100,3500,100,5700,100,29300,9500,8400,23700,22800,34500,43500,5500,15600,3400,20200
398.0,6.8,546600,3726421.0,6.8,6.79,6.78,6.77,6.76,6.75,6.74,6.73,6.72,6.71,6.81,6.82,6.83,6.84,6.85,6.86,6.87,6.88,6.89,6.9,12600,2900,12600,28500,24100,3500,100,5700,100,29300,9500,8400,23700,22800,34500,43500,5500,15600,3400,20200
399.0,6.8,546600,3726421.0,6.8,6.79,6.78,6.77,6.76,6.75,6.74,6.73,6.72,6.71,6.81,6.82,6.83,6.84,6.85,6.86,6.87,6.88,6.89,6.9,12600,2900,12600,28500,24100,3500,100,5700,100,29300,9500,8400,23700,22800,34500,43500,5500,15600,3400,20200
400.0,6.8,547500,3732541.0,6.8,6.79,6.78,6.77,6.76,6.75,6.74,6.73,6.72,6.71,6.81,6.82,6.83,6.84,6.85,6.86,6.87,6.88,6.89,6.9,11700,2900,12600,28500,24100,3500,100,5700,100,29300,9700,8300,23700,22800,34500,43500,5500,15600,3400,20200
401.0,6.8,550300,3751581.0,6.8,6.79,6.78,6.77,6.76,6.75,6.74,6.73,6.72,6.71,6.81,6.82,6.83,6.84,6.85,6.86,6.87,6.88,6.89,6.9,8900,2900,12600,28500,24100,3500,100,5700,100,29300,9700,8300,23700,22800,34500,43500,5500,15600,3400,20200
402.0,6.81,551800,3761796.0,6.8,6.79,6.78,6.77,6.76,6.75,6.74,6.73,6.72,6.71,6.81,6.82,6.83,6.84,6.85,6.86,6.87,6.88,6.89,6.9,8900,2900,12600,28500,24100,3500,100,5700,100,29300,400,13500,23700,22800,34500,43500,5500,15600,3400,20200
403.0,6.81,551800,3761796.0,6.8,6.79,6.78,6.77,6.76,6.75,6.74,6.73,6.72,6.71,6.81,6.82,6.83,6.84,6.85,6.86,6.87,6.88,6.89,6.9,8900,2900,12600,28500,24100,3500,100,5700,100,29300,400,13500,23700,22800,34500,43500,5500,15600,3400,20200
404.0,6.8,552100,3763836.0,6.8,6.79,6.78,6.77,6.76,6.75,6.74,6.73,6.72,6.71,6.81,6.82,6.83,6.84,6.85,6.86,6.87,6.88,6.89,6.9,8600,2900,12600,28500,24100,3500,100,5700,100,29300,500,13500,23700,22800,34500,43500,5500,15600,3400,20200
405.0,6.81,556900,3796516.0,6.8,6.79,6.78,6.77,6.76,6.75,6.74,6.73,6.72,6.71,6.81,6.82,6.83,6.84,6.85,6.86,6.87,6.88,6.89,6.9,3300,2900,12600,28500,24100,3500,100,5700,100,29300,79000,13400,23700,22800,34500,43500,5500,15600,3400,20200
406.0,6.8,560400,3820316.0,6.79,6.78,6.77,6.76,6.75,6.74,6.73,6.72,6.71,6.7,6.8,6.81,6.82,6.83,6.84,6.85,6.86,6.87,6.88,6.89,2900,12600,28500,24100,3500,100,5700,100,29300,13900,6800,91100,13400,23700,22800,34500,43500,5500,15600,3400
407.0,6.8,560600,3821676.0,6.79,6.78,6.77,6.76,6.75,6.74,6.73,6.72,6.71,6.7,6.8,6.81,6.82,6.83,6.84,6.85,6.86,6.87,6.88,6.89,2900,12600,28500,24100,3500,100,5700,100,29300,13900,7900,91900,13400,23700,22800,34500,43500,5500,15600,3400
408.0,6.8,561300,3826436.0,6.79,6.78,6.77,6.76,6.75,6.74,6.73,6.72,6.71,6.7,6.8,6.81,6.82,6.83,6.84,6.85,6.86,6.87,6.88,6.89,2900,12600,28500,24100,3500,100,5700,100,29300,13900,7500,91900,13400,23700,22800,34500,43500,5500,15600,3400
409.0,6.8,561300,3826436.0,6.79,6.78,6.77,6.76,6.75,6.74,6.73,6.72,6.71,6.7,6.8,6.81,6.82,6.83,6.84,6.85,6.86,6.87,6.88,6.89,7500,12600,28500,24100,3500,100,5700,100,29300,13900,7500,91900,13400,23700,22800,34500,43500,5500,15600,3400
410.0,6.8,561300,3826436.0,6.79,6.78,6.77,6.76,6.75,6.74,6.73,6.72,6.71,6.7,6.8,6.81,6.82,6.83,6.84,6.85,6.86,6.87,6.88,6.89,7500,12600,28500,24100,3500,100,5700,100,29300,13900,7500,96900,13400,23700,22800,34500,43500,5500,15600,3400
411.0,6.8,561300,3826436.0,6.79,6.78,6.77,6.76,6.75,6.74,6.73,6.72,6.71,6.7,6.8,6.81,6.82,6.83,6.84,6.85,6.86,6.87,6.88,6.89,7500,12600,28500,24100,3500,100,5700,100,29300,13900,7500,96900,13400,23700,22800,34500,43500,5500,15600,3400
412.0,6.8,562000,3831196.0,6.79,6.78,6.77,6.76,6.75,6.74,6.73,6.72,6.71,6.7,6.8,6.81,6.82,6.83,6.84,6.85,6.86,6.87,6.88,6.89,7500,12600,28500,24100,3500,100,5700,100,29300,13900,6800,96900,13400,23700,22800,34500,43500,5500,15600,3400
413.0,6.79,562700,3835949.0,6.79,6.78,6.77,6.76,6.75,6.74,6.73,6.72,6.71,6.7,6.8,6.81,6.82,6.83,6.84,6.85,6.86,6.87,6.88,6.89,6800,12600,28500,24100,3500,100,5700,100,29300,13900,6800,96900,13400,23700,22800,34500,43500,5500,15600,3400
414.0,6.79,562700,3835949.0,6.79,6.78,6.77,6.76,6.75,6.74,6.73,6.72,6.71,6.7,6.8,6.81,6.82,6.83,6.84,6.85,6.86,6.87,6.88,6.89,6800,12600,28500,24100,3500,100,5700,100,29300,13900,6800,97400,13400,23700,22800,34500,43500,5500,15600,3400
415.0,6.79,564500,3848177.0,6.79,6.78,6.77,6.76,6.75,6.74,6.73,6.72,6.71,6.7,6.8,6.81,6.82,6.83,6.84,6.85,6.86,6.87,6.88,6.89,5600,12600,28500,24100,3500,100,5700,100,29300,13900,6200,97400,13400,23700,22800,34500,43500,5500,15600,3400
416.0,6.79,564500,3848177.0,6.79,6.78,6.77,6.76,6.75,6.74,6.73,6.72,6.71,6.7,6.8,6.81,6.82,6.83,6.84,6.85,6.86,6.87,6.88,6.89,5600,12600,28500,24100,3500,100,5700,100,29300,13900,6200,85300,13400,23700,22800,34500,43500,5500,15600,3400
417.0,6.8,564700,3849537.0,6.79,6.78,6.77,6.76,6.75,6.74,6.73,6.72,6.71,6.7,6.8,6.81,6.82,6.83,6.84,6.85,6.86,6.87,6.88,6.89,5600,12600,28500,24100,3500,100,5700,100,29300,13900,2300,85300,13400,23700,22800,34500,43500,5500,15600,3400
418.0,6.8,564900,3850897.0,6.79,6.78,6.77,6.76,6.75,6.74,6.73,6.72,6.71,6.7,6.8,6.81,6.82,6.83,6.84,6.85,6.86,6.87,6.88,6.89,5600,12600,28500,24100,3500,100,5700,100,29300,13900,2100,85300,13400,23700,22800,34500,43500,5500,15600,3400
419.0,6.79,573000,3905919.0,6.78,6.77,6.76,6.75,6.74,6.73,6.72,6.71,6.7,6.69,6.79,6.81,6.82,6.83,6.84,6.85,6.86,6.87,6.88,6.89,12600,28500,24100,3500,100,6800,100,29300,13900,5400,5900,85300,13400,23700,22800,34500,43500,5500,15600,3400
420.0,6.78,574200,3914055.0,6.78,6.77,6.76,6.75,6.74,6.73,6.72,6.71,6.7,6.69,6.79,6.81,6.82,6.83,6.84,6.85,6.86,6.87,6.88,6.89,11400,28500,24100,3500,100,6800,100,29300,13900,5400,5900,85300,13400,23700,22800,34500,43500,5500,15600,3400
421.0,6.78,574200,3914055.0,6.78,6.77,6.76,6.75,6.74,6.73,6.72,6.71,6.7,6.69,6.79,6.81,6.82,6.83,6.84,6.85,6.86,6.87,6.88,6.89,11400,28500,24100,3500,100,6800,100,29300,13900,5400,11900,85300,13400,23700,22800,34500,43500,5500,15600,3400
422.0,6.79,585000,3987387.0,6.78,6.77,6.76,6.75,6.74,6.73,6.72,6.71,6.7,6.69,6.79,6.8,6.81,6.82,6.83,6.84,6.85,6.86,6.87,6.88,11400,28500,24100,3500,100,6800,100,29300,13900,5400,1100,100,85300,13400,23700,22800,34500,43500,5500,15600
423.0,6.8,586200,3995536.0,6.8,6.79,6.78,6.77,6.76,6.75,6.74,6.73,6.72,6.71,6.81,6.82,6.83,6.84,6.85,6.86,6.87,6.88,6.89,6.9,1800,900,11400,28500,24100,3500,100,6800,100,29300,85300,13500,23700,22800,34500,43500,5500,15600,3400,20200
424.0,6.8,586600,3998256.0,6.8,6.79,6.78,6.77,6.76,6.75,6.74,6.73,6.72,6.71,6.81,6.82,6.83,6.84,6.85,6.86,6.87,6.88,6.89,6.9,1400,900,11400,28500,24100,3500,100,6800,100,29300,85300,14800,23700,22800,34500,43500,5500,15600,3400,20200
425.0,6.81,588000,4007790.0,6.8,6.79,6.78,6.77,6.76,6.75,6.74,6.73,6.72,6.71,6.81,6.82,6.83,6.84,6.85,6.86,6.87,6.88,6.89,6.9,1400,900,11400,28500,24100,3500,100,6800,100,29300,83900,14800,23700,22800,34500,43500,5500,15600,3400,20200
426.0,6.79,589800,4020026.0,6.79,6.78,6.77,6.76,6.75,6.74,6.73,6.72,6.71,6.7,6.8,6.81,6.82,6.83,6.84,6.85,6.86,6.87,6.88,6.89,4500,11400,28500,24100,3500,100,6800,100,29300,13900,6000,83900,14800,23700,22800,34500,43500,5500,15600,3400
427.0,6.79,589800,4020026.0,6.79,6.78,6.77,6.76,6.75,6.74,6.73,6.72,6.71,6.7,6.8,6.81,6.82,6.83,6.84,6.85,6.86,6.87,6.88,6.89,4500,11400,28500,24100,3500,100,6800,100,29300,13900,6000,83900,13900,23700,22800,34500,43500,5500,15600,3400
428.0,6.8,597200,4070342.0,6.8,6.79,6.78,6.77,6.76,6.75,6.74,6.73,6.72,6.71,6.81,6.82,6.83,6.84,6.85,6.86,6.87,6.88,6.89,6.9,100,4100,11400,28500,24100,3500,100,6800,100,29300,83900,13900,23700,22800,34500,43500,5500,15600,3400,20200
429.0,6.8,597200,4070342.0,6.8,6.79,6.78,6.77,6.76,6.75,6.74,6.73,6.72,6.71,6.81,6.82,6.83,6.84,6.85,6.86,6.87,6.88,6.89,6.9,100,4100,11400,28500,24100,3500,100,6800,100,29300,83900,13900,23700,22800,34500,43500,5500,15600,3400,20200
430.0,6.8,597200,4070342.0,6.8,6.79,6.78,6.77,6.76,6.75,6.74,6.73,6.72,6.71,6.81,6.82,6.83,6.84,6.85,6.86,6.87,6.88,6.89,6.9,100,4100,11400,28500,24100,3500,100,6800,100,29300,83900,13900,23700,22800,34500,43500,5500,22700,3400,20200
431.0,6.81,598600,4079876.0,6.8,6.79,6.78,6.77,6.76,6.75,6.74,6.73,6.72,6.71,6.81,6.82,6.83,6.84,6.85,6.86,6.87,6.88,6.89,6.9,1100,4100,11400,28500,24100,3500,100,6800,100,29300,82500,13900,23700,22800,34500,43500,5500,22700,3400,20200
