LocalTime,LastPrice,TradeVolume,TradeValue,BidPrice1,BidPrice2,BidPrice3,BidPrice4,BidPrice5,BidPrice6,BidPrice7,BidPrice8,BidPrice9,BidPriceA,AskPrice1,AskPrice2,AskPrice3,AskPrice4,AskPrice5,AskPrice6,AskPrice7,AskPrice8,AskPrice9,AskPriceA,BidVolume1,BidVolume2,BidVolume3,BidVolume4,BidVolume5,BidVolume6,BidVolume7,BidVolume8,BidVolume9,BidVolumeA,AskVolume1,AskVolume2,AskVolume3,AskVolume4,AskVolume5,AskVolume6,AskVolume7,AskVolume8,AskVolume9,AskVolumeA
0.0,12.9,1900,24510.0,12.8,12.77,12.74,12.73,12.7,12.28,12.2,12.01,11.79,11.62,12.9,12.91,13.0,13.02,13.04,13.08,13.11,13.13,13.15,13.17,100,400,200,1500,1000,400,800,1400,14200,100,1000,100,400,5200,1400,800,4600,5300,19500,100
1.0,12.8,3700,47530.0,12.73,12.7,12.28,12.2,12.01,11.79,11.62,0.0,0.0,0.0,12.8,12.91,13.0,13.02,13.04,13.08,13.1,13.11,13.13,13.15,1300,1000,400,800,1400,14200,100,0,0,0,200,100,4400,5200,1400,800,1000,4600,5300,19500
2.0,12.81,4400,56495.0,12.81,12.8,12.73,12.72,12.7,12.65,12.28,12.2,12.01,11.79,12.9,12.91,13.0,13.02,13.04,13.08,13.1,13.11,13.13,13.15,200,10000,1300,1000,11000,1000,400,800,1400,14200,200,100,4400,5200,1400,800,1000,4600,5300,19500
3.0,12.81,4400,56495.0,12.81,12.8,12.75,12.73,12.72,12.7,12.65,12.28,12.2,12.01,12.9,12.91,13.0,13.02,13.04,13.08,13.1,13.11,13.13,13.15,200,10000,400,1300,1000,11000,1000,400,800,1400,200,100,4400,5200,1400,800,1000,4600,5300,20200
4.0,12.81,4400,56495.0,12.83,12.81,12.8,12.75,12.73,12.72,12.7,12.65,12.43,12.28,12.9,12.91,13.0,13.02,13.04,13.08,13.1,13.11,13.13,13.15,1900,200,10000,400,1300,1000,11000,1000,500,400,200,100,4400,5200,1400,800,1000,4600,5300,20200
5.0,12.83,5000,64193.0,12.83,12.81,12.8,12.77,12.75,12.73,12.72,12.7,12.65,12.43,12.9,12.91,13.0,13.02,13.04,13.08,13.1,13.11,13.13,13.15,1300,1400,10100,100,400,1300,1000,12000,1000,500,200,100,4400,5200,1400,800,1000,4600,5300,10200
6.0,12.83,6000,77023.0,12.83,12.81,12.8,12.77,12.75,12.73,12.72,12.7,12.65,12.43,12.89,12.9,12.91,13.0,13.02,13.04,13.08,13.1,13.11,13.13,400,1700,10900,200,400,1300,1000,12000,1300,500,100,300,100,4400,5200,1400,800,1000,4600,5300
7.0,12.83,6000,77023.0,12.83,12.82,12.81,12.8,12.77,12.75,12.73,12.72,12.7,12.65,12.89,12.9,12.91,13.0,13.02,13.04,13.08,13.1,13.11,13.13,400,200,1900,11100,200,400,1300,1000,12000,1300,200,400,100,4400,5200,1400,800,1000,4600,5300
8.0,12.83,6000,77023.0,12.83,12.82,12.81,12.8,12.77,12.75,12.73,12.72,12.7,12.65,12.89,12.9,12.91,13.0,13.02,13.04,13.08,13.1,13.11,13.13,400,200,1900,11100,200,400,1300,1000,12000,1300,200,200,100,4400,5200,1400,800,1000,4600,5300
9.0,12.9,6700,86047.0,12.83,12.82,12.81,12.8,12.77,12.75,12.73,12.72,12.7,12.65,12.9,12.91,12.99,13.0,13.02,13.04,13.08,13.1,13.11,13.13,800,300,2500,13800,200,400,1300,1000,12000,1300,100,100,2000,4400,5200,1400,800,1000,4600,5300
10.0,12.89,9100,116933.0,12.83,12.82,12.81,12.8,12.75,12.73,12.72,12.7,12.65,12.43,12.89,12.91,12.99,13.0,13.02,13.04,13.08,13.1,13.11,13.12,1300,300,2500,13000,400,1300,1000,12000,1300,500,1500,100,2000,4400,5200,1400,800,1000,4600,200
11.0,12.89,10700,137552.0,12.85,12.84,12.83,12.82,12.81,12.8,12.75,12.73,12.72,12.7,12.89,12.91,12.99,13.0,13.02,13.04,13.08,13.1,13.11,13.12,500,400,1300,300,2500,12500,400,1300,1000,12000,400,100,2000,4500,5200,1400,800,1000,4600,200
12.0,12.89,11000,141419.0,12.87,12.86,12.85,12.84,12.83,12.82,12.81,12.8,12.77,12.75,12.89,12.9,12.91,12.99,13.0,13.02,13.04,13.08,13.1,13.11,400,300,600,1500,1300,300,2500,12900,100,400,100,200,100,2000,4500,5200,1400,800,1000,4600
13.0,12.91,11800,151737.0,12.91,12.89,12.87,12.86,12.85,12.84,12.83,12.82,12.81,12.8,12.98,12.99,13.0,13.02,13.04,13.08,13.1,13.11,13.12,13.13,100,1400,400,300,600,1500,1000,300,3200,12900,500,2000,4500,5200,1400,800,1000,4600,200,5300
14.0,12.87,13500,173650.0,12.87,12.86,12.85,12.84,12.83,12.82,12.81,12.8,12.77,12.75,12.89,12.91,12.97,12.98,12.99,13.0,13.02,13.04,13.08,13.1,300,300,600,1500,1000,300,3200,12900,100,400,5900,12400,200,1000,2400,4500,5200,1400,800,1000
15.0,12.87,13600,174937.0,12.86,12.85,12.84,12.83,12.82,12.81,12.8,12.77,12.75,12.73,12.88,12.89,12.91,12.97,12.98,12.99,13.0,13.02,13.04,13.08,300,600,1500,1100,300,3200,12700,100,400,1300,300,5700,12400,200,1200,2400,4500,5200,1400,800
16.0,12.89,14100,181379.0,12.86,12.85,12.84,12.83,12.82,12.81,12.8,12.77,12.75,12.73,12.89,12.91,12.97,12.98,12.99,13.0,13.02,13.04,13.08,13.1,300,600,1200,1100,300,3200,12700,100,400,1300,4500,12400,200,1200,2400,4500,5200,1400,800,1000
17.0,12.89,14100,181379.0,12.87,12.86,12.85,12.84,12.83,12.82,12.81,12.8,12.77,12.75,12.89,12.91,12.97,12.98,12.99,13.0,13.02,13.04,13.08,13.1,100,300,600,1200,1300,300,3200,12700,100,400,4100,3100,200,1200,2400,4500,5200,1400,800,1000
18.0,12.89,14100,181379.0,12.87,12.86,12.85,12.84,12.83,12.82,12.81,12.8,12.77,12.75,12.89,12.91,12.97,12.98,12.99,13.0,13.02,13.04,13.08,13.1,100,300,600,1200,1300,300,3200,12700,100,400,4000,3100,200,1200,2400,4500,5200,1400,800,1000
19.0,12.86,14500,186524.0,12.85,12.84,12.83,12.82,12.81,12.8,12.77,12.75,12.73,12.72,12.86,12.89,12.91,12.97,12.98,12.99,13.0,13.02,13.04,13.08,600,1200,1300,300,3200,12700,100,10400,1300,1000,400,4100,3100,200,1200,2400,500,5200,1400,800
20.0,12.89,17100,219999.0,12.89,12.86,12.85,12.84,12.83,12.82,12.81,12.8,12.75,12.73,12.91,12.97,12.98,12.99,13.0,13.02,13.04,13.08,13.1,13.11,1200,600,1500,1200,900,300,3200,12700,10400,1300,3100,200,1200,2400,500,5200,1400,800,1000,4600
21.0,12.89,18300,235467.0,12.89,12.87,12.86,12.85,12.84,12.83,12.82,12.81,12.8,12.75,12.91,12.97,12.98,12.99,13.0,13.02,13.04,13.08,13.1,13.11,1300,100,600,1500,1200,900,300,3200,12700,10400,3000,200,1200,2400,500,5200,1400,800,1000,4600
22.0,12.89,18300,235467.0,12.89,12.88,12.87,12.86,12.85,12.84,12.83,12.82,12.81,12.8,12.91,12.97,12.98,12.99,13.0,13.02,13.04,13.08,13.1,13.11,1300,200,100,600,1500,1200,900,300,3200,12700,3300,200,1200,2400,500,5200,1400,800,1000,4600
23.0,12.87,20800,267694.0,12.86,12.85,12.84,12.83,12.82,12.81,12.8,12.75,12.73,12.72,12.89,12.9,12.91,12.97,12.98,12.99,13.0,13.02,13.04,13.08,600,1100,1200,600,300,3200,12700,10400,1300,1000,2100,1500,3500,200,400,2400,500,5200,1400,800
24.0,12.87,20800,267694.0,12.86,12.85,12.84,12.83,12.82,12.81,12.8,12.75,12.73,12.72,12.89,12.9,12.91,12.97,12.98,12.99,13.0,13.02,13.04,13.08,400,1100,1200,600,300,3200,12700,10400,1300,1000,2100,1500,3300,200,400,2400,500,5200,1400,800
25.0,12.87,20800,267694.0,12.86,12.85,12.84,12.83,12.82,12.81,12.8,12.75,12.73,12.72,12.89,12.9,12.91,12.97,12.98,12.99,13.0,13.02,13.04,13.08,800,1100,1200,600,300,3200,12700,10400,1300,1000,2100,1500,3300,200,400,2400,500,5200,1400,800
26.0,12.89,22800,293474.0,12.87,12.86,12.85,12.84,12.83,12.82,12.81,12.8,12.75,12.73,12.89,12.9,12.91,12.97,12.98,12.99,13.0,13.02,13.04,13.08,2200,800,1100,1200,500,300,3200,12700,10400,1300,100,500,3000,200,400,2400,500,5200,1400,800
27.0,12.89,22900,294763.0,12.87,12.86,12.85,12.84,12.83,12.82,12.81,12.8,12.75,12.73,12.9,12.91,12.97,12.98,12.99,13.0,13.02,13.04,13.08,13.1,2200,800,1100,1200,500,300,3200,12700,10400,1300,500,3000,200,400,2400,500,5200,1400,800,1000
28.0,12.89,22900,294763.0,12.87,12.86,12.85,12.84,12.83,12.82,12.81,12.8,12.75,12.73,12.9,12.91,12.97,12.98,12.99,13.0,13.02,13.04,13.08,13.1,2200,800,1100,1200,500,300,3200,12700,10400,1300,500,3000,200,400,2400,500,5200,1400,800,1000
29.0,12.89,23400,301210.0,12.87,12.86,12.85,12.84,12.83,12.82,12.81,12.8,12.75,12.73,12.9,12.91,12.97,12.98,12.99,13.0,13.02,13.04,13.08,13.1,2200,600,1100,1200,500,300,3200,12700,10400,1300,300,3100,200,400,2400,500,5200,1400,800,1000
30.0,12.91,27000,347659.0,12.9,12.89,12.87,12.86,12.85,12.84,12.83,12.82,12.81,12.8,12.91,12.97,12.98,12.99,13.0,13.02,13.04,13.08,13.1,13.11,700,300,2200,200,1100,1200,500,300,3200,12700,2100,200,400,2400,500,5200,1400,800,1000,4600
31.0,12.9,27500,354113.0,12.9,12.89,12.87,12.86,12.85,12.84,12.83,12.82,12.81,12.8,12.91,12.97,12.98,12.99,13.0,13.02,13.04,13.08,13.1,13.11,800,300,2200,200,1100,1200,500,300,3200,12700,1700,200,400,2400,500,5200,1400,800,1000,4600
32.0,12.91,27600,355404.0,12.9,12.89,12.87,12.86,12.85,12.84,12.83,12.82,12.81,12.8,12.91,12.97,12.98,12.99,13.0,13.02,13.04,13.08,13.1,13.11,1700,300,2200,200,1100,1200,500,200,3200,12700,2100,200,400,2400,500,5200,1400,800,1000,4600
33.0,12.91,29800,383806.0,12.91,12.9,12.89,12.87,12.86,12.85,12.84,12.83,12.82,12.81,12.95,12.97,12.98,12.99,13.0,13.02,13.04,13.08,13.1,13.11,3200,2100,300,2200,200,1100,1200,500,200,3200,200,500,400,2400,500,5200,1400,800,1000,4600
34.0,12.91,29800,383806.0,12.91,12.9,12.89,12.87,12.86,12.85,12.84,12.83,12.82,12.81,12.95,12.97,12.98,12.99,13.0,13.02,13.04,13.08,13.1,13.11,3400,2100,400,2200,200,1100,1200,500,200,3200,200,500,400,2400,500,5200,1400,800,1000,4600
35.0,12.91,34400,443192.0,12.92,12.91,12.9,12.89,12.87,12.86,12.85,12.84,12.83,12.82,12.94,12.95,12.97,12.98,12.99,13.0,13.02,13.04,13.08,13.1,600,500,2100,400,300,200,600,1100,500,200,600,600,500,400,2400,500,5200,1400,800,1000
36.0,12.92,35000,450944.0,12.92,12.91,12.9,12.89,12.87,12.86,12.85,12.84,12.83,12.82,12.94,12.95,12.97,12.98,12.99,13.0,13.02,13.04,13.08,13.1,100,500,2100,400,300,200,600,600,500,200,300,600,500,400,2400,500,5200,1400,800,1000
37.0,12.92,35000,450944.0,12.92,12.91,12.9,12.89,12.87,12.86,12.85,12.84,12.83,12.82,12.94,12.95,12.97,12.98,12.99,13.0,13.02,13.04,13.08,13.1,500,500,2100,400,300,200,600,600,500,200,300,600,500,400,2400,500,5200,1400,800,1000
38.0,12.92,35200,453528.0,12.92,12.91,12.9,12.89,12.87,12.86,12.85,12.84,12.83,12.81,12.94,12.95,12.97,12.98,12.99,13.0,13.02,13.04,13.08,13.1,700,500,2700,100,300,200,600,600,500,3200,300,600,500,400,2400,500,5200,1400,800,1000
39.0,12.92,35200,453528.0,12.92,12.91,12.9,12.89,12.87,12.86,12.85,12.84,12.83,12.81,12.94,12.95,12.97,12.98,12.99,13.0,13.02,13.04,13.08,13.1,700,700,2700,100,300,200,600,600,500,3200,300,600,500,400,2400,500,5200,1400,800,1000
40.0,12.92,36200,466448.0,12.91,12.9,12.89,12.87,12.86,12.85,12.84,12.83,12.81,12.8,12.92,12.94,12.95,12.97,12.98,12.99,13.0,13.02,13.04,13.08,700,2700,100,300,200,600,600,500,3200,12400,400,300,600,500,400,2400,500,5200,1400,800
41.0,12.92,36600,471616.0,12.92,12.91,12.9,12.89,12.87,12.86,12.85,12.84,12.83,12.81,12.94,12.95,12.97,12.98,12.99,13.0,13.02,13.04,13.08,13.1,100,700,2700,100,300,200,1100,600,500,3200,300,600,500,400,2400,500,5200,1400,800,1000
42.0,12.92,36900,475492.0,12.91,12.9,12.89,12.87,12.86,12.85,12.84,12.83,12.81,12.8,12.94,12.95,12.97,12.98,12.99,13.0,13.02,13.04,13.08,13.1,1200,2700,100,300,200,1100,600,500,3200,12400,300,600,500,400,2400,500,5200,1400,800,1000
43.0,12.92,36900,475492.0,12.91,12.9,12.89,12.87,12.86,12.85,12.84,12.83,12.81,12.8,12.94,12.95,12.97,12.98,12.99,13.0,13.02,13.04,13.08,13.1,700,2000,100,300,200,1100,600,500,3200,12400,300,600,500,400,2400,500,5200,1400,800,1000
44.0,12.92,36900,475492.0,12.92,12.91,12.9,12.89,12.87,12.86,12.85,12.84,12.83,12.81,12.94,12.95,12.97,12.98,12.99,13.0,13.02,13.04,13.08,13.1,2400,700,2000,100,300,200,1100,600,500,3200,300,600,500,400,2400,500,5200,1400,800,1000
45.0,12.92,36900,475492.0,12.92,12.91,12.9,12.89,12.87,12.86,12.85,12.84,12.83,12.81,12.94,12.95,12.97,12.98,12.99,13.0,13.02,13.04,13.08,13.1,2800,700,1900,100,300,200,1100,600,500,3200,300,600,500,400,2400,500,5200,1400,800,1000
46.0,12.92,37100,478076.0,12.92,12.91,12.9,12.89,12.87,12.86,12.85,12.84,12.83,12.81,12.94,12.95,12.97,12.98,12.99,13.0,13.02,13.04,13.08,13.1,6000,700,1300,100,300,200,1100,600,400,3200,300,600,500,400,2400,500,5200,1400,800,1000
47.0,12.94,37400,481958.0,12.94,12.93,12.92,12.91,12.9,12.87,12.86,12.85,12.84,12.83,12.95,12.97,12.98,12.99,13.0,13.02,13.04,13.08,13.1,13.11,100,400,6800,1500,500,300,200,1100,600,400,600,500,400,2400,500,5200,1400,800,1000,4600
48.0,12.94,37500,483252.0,12.93,12.92,12.91,12.9,12.87,12.86,12.85,12.84,12.83,12.81,12.94,12.95,12.97,12.98,12.99,13.0,13.02,13.04,13.08,13.1,500,8200,1500,500,300,200,1100,600,400,3200,200,600,500,400,2400,500,5200,1400,800,1000
49.0,12.94,37600,484546.0,12.93,12.92,12.91,12.9,12.87,12.86,12.85,12.84,12.83,12.81,12.94,12.95,12.97,12.98,12.99,13.0,13.02,13.04,13.08,13.1,500,8700,1500,500,300,200,1100,600,400,3200,100,600,500,400,2400,500,5200,1400,800,1000
50.0,12.95,38300,493610.0,12.95,12.94,12.93,12.92,12.91,12.9,12.87,12.86,12.85,12.84,12.98,12.99,13.0,13.02,13.04,13.08,13.1,13.11,13.12,13.13,400,100,1000,8700,1000,100,300,200,1100,600,400,2400,500,5200,1400,800,1000,4600,200,1800
51.0,12.95,38700,498790.0,12.94,12.93,12.92,12.91,12.9,12.87,12.86,12.85,12.84,12.83,12.95,12.98,12.99,13.0,13.02,13.04,13.08,13.1,13.11,13.12,2000,1000,8700,1000,100,300,200,1100,600,400,100,400,2400,500,5200,1400,800,1000,4600,200
52.0,12.94,39300,506555.0,12.94,12.93,12.92,12.91,12.9,12.87,12.86,12.85,12.84,12.83,12.98,12.99,13.0,13.02,13.04,13.08,13.1,13.11,13.12,13.13,1900,1000,8700,200,100,300,200,1100,600,400,400,2400,500,5200,1400,800,1000,4600,200,1800
53.0,12.94,41400,533729.0,12.93,12.92,12.91,12.9,12.87,12.86,12.85,12.84,12.83,12.81,12.94,12.98,12.99,13.0,13.02,13.04,13.08,13.1,13.11,13.12,1600,8100,200,100,300,200,1100,600,300,3200,200,400,2400,500,5200,1400,800,1000,4600,200
54.0,12.94,41400,533729.0,12.93,12.92,12.91,12.9,12.87,12.86,12.85,12.84,12.83,12.81,12.94,12.98,12.99,13.0,13.02,13.04,13.08,13.1,13.11,13.12,1600,8100,200,100,300,200,1100,600,300,3200,200,400,2400,500,5200,1400,800,1000,4600,200
55.0,12.93,41500,535022.0,12.93,12.92,12.91,12.9,12.87,12.86,12.85,12.84,12.83,12.81,12.94,12.98,12.99,13.0,13.02,13.04,13.08,13.1,13.11,13.12,1500,8100,200,100,300,200,1100,600,300,3200,200,400,2400,500,5200,1400,800,1000,4600,200
56.0,12.93,41500,535022.0,12.93,12.92,12.91,12.9,12.86,12.85,12.84,12.83,12.81,12.8,12.94,12.98,12.99,13.0,13.02,13.04,13.08,13.1,13.11,13.12,1600,8100,200,100,200,1100,600,300,3200,12400,2800,400,2400,500,5200,1400,800,1000,4600,200
57.0,12.93,41500,535022.0,12.93,12.92,12.91,12.9,12.86,12.85,12.84,12.83,12.81,12.8,12.94,12.98,12.99,13.0,13.02,13.04,13.08,13.1,13.11,13.12,1600,7400,200,100,200,1100,600,300,3200,12400,2800,400,2400,500,5200,1400,800,1000,4600,200
58.0,12.93,41800,538901.0,12.93,12.92,12.91,12.9,12.86,12.85,12.84,12.83,12.81,12.8,12.94,12.98,12.99,13.0,13.02,13.04,13.08,13.1,13.11,13.12,1300,5500,200,100,200,1100,600,300,3200,12400,2800,400,2400,500,5200,1400,800,1000,4600,200
59.0,12.93,41800,538901.0,12.93,12.92,12.91,12.9,12.86,12.85,12.84,12.83,12.81,12.8,12.94,12.98,12.99,13.0,13.02,13.04,13.08,13.1,13.11,13.12,1300,4300,200,100,200,1100,600,300,3200,12400,2800,400,2400,500,5200,1400,800,1000,4600,200
60.0,12.94,44600,575133.0,12.94,12.93,12.92,12.91,12.9,12.86,12.85,12.84,12.83,12.81,12.98,12.99,13.0,13.02,13.04,13.08,13.1,13.11,13.12,13.13,300,1300,3900,200,100,200,1100,600,300,3200,400,2400,500,5200,1400,800,1000,4600,200,1800
61.0,12.93,47700,615229.0,12.94,12.92,12.91,12.9,12.86,12.85,12.84,12.83,12.81,12.8,12.98,12.99,13.0,13.02,13.04,13.08,13.1,13.11,13.12,13.13,100,3900,200,100,200,1100,600,300,3200,12400,400,2400,500,5200,1400,800,1000,4600,200,1800
62.0,12.94,48300,622993.0,12.95,12.93,12.92,12.91,12.9,12.86,12.85,12.84,12.83,12.81,12.97,12.98,12.99,13.0,13.02,13.04,13.08,13.1,13.11,13.12,100,800,3900,200,100,200,1100,600,300,2600,300,600,2400,500,5200,1400,800,1000,4600,200
63.0,12.98,48900,630778.0,12.95,12.93,12.92,12.91,12.9,12.86,12.85,12.84,12.83,12.81,12.98,12.99,13.0,13.02,13.04,13.08,13.1,13.11,13.12,13.13,100,900,3200,200,100,200,1100,600,300,2600,300,2400,500,5200,1400,800,1000,4600,200,1800
64.0,12.98,48900,630778.0,12.95,12.94,12.93,12.92,12.91,12.9,12.86,12.85,12.84,12.83,12.97,12.98,12.99,13.0,13.02,13.04,13.08,13.1,13.11,13.12,200,800,1100,2400,200,100,200,1100,600,300,100,300,2400,500,5200,1400,800,1000,4600,200
65.0,12.98,48900,630778.0,12.95,12.94,12.93,12.92,12.91,12.9,12.88,12.85,12.84,12.83,12.97,12.98,12.99,13.0,13.02,13.04,13.08,13.1,13.11,13.12,200,800,1100,2400,200,100,2300,1100,600,300,100,300,2400,500,5200,1400,800,1000,4600,200
66.0,12.98,48900,630778.0,12.96,12.95,12.94,12.93,12.92,12.91,12.9,12.88,12.85,12.84,12.97,12.98,12.99,13.0,13.02,13.04,13.08,13.1,13.11,13.12,800,200,900,1100,2300,200,100,2300,1100,600,100,200,2400,500,5200,1400,800,1000,4600,200
67.0,12.97,49200,634667.0,12.96,12.95,12.94,12.93,12.92,12.91,12.9,12.88,12.85,12.84,12.97,12.98,12.99,13.0,13.02,13.04,13.08,13.1,13.11,13.12,600,2500,900,300,2300,200,100,2300,1100,600,400,200,2400,500,5200,1400,800,1000,4600,200
68.0,12.97,49700,641152.0,12.97,12.96,12.95,12.94,12.93,12.92,12.91,12.9,12.88,12.85,12.98,12.99,13.0,13.02,13.04,13.08,13.1,13.11,13.12,13.13,1200,600,1000,1100,300,2300,300,100,2300,1100,200,2400,500,5200,1400,800,1000,4600,200,1800
69.0,12.97,49700,641152.0,12.97,12.96,12.95,12.94,12.93,12.92,12.91,12.9,12.88,12.85,12.98,12.99,13.0,13.02,13.04,13.08,13.1,13.11,13.12,13.13,1700,600,1000,1100,300,1800,300,100,2300,1100,200,2400,500,5200,1400,800,1000,4600,200,1800
70.0,12.98,50000,645044.0,12.97,12.96,12.95,12.94,12.93,12.92,12.91,12.9,12.88,12.85,12.98,12.99,13.0,13.02,13.04,13.08,13.1,13.11,13.12,13.13,2800,600,1000,1100,300,1800,300,100,2300,1100,100,2400,500,5200,1400,800,1000,4600,200,1800
71.0,12.99,52000,671019.0,12.98,12.97,12.96,12.95,12.94,12.93,12.92,12.91,12.9,12.88,12.99,13.0,13.02,13.04,13.08,13.1,13.11,13.12,13.13,13.15,900,13000,600,1000,1100,200,1800,100,100,2300,700,500,5200,1400,800,1000,4600,200,1800,3700
72.0,12.99,54500,703506.0,12.99,12.98,12.97,12.96,12.95,12.94,12.93,12.92,12.91,12.9,13.02,13.04,13.08,13.1,13.11,13.12,13.13,13.15,13.17,13.18,1100,1000,13000,600,200,1100,200,1800,100,100,5200,1400,800,1000,4600,200,1800,3700,100,8600
73.0,13.02,54600,704808.0,12.99,12.98,12.97,12.96,12.95,12.94,12.93,12.92,12.91,12.9,13.01,13.02,13.04,13.08,13.1,13.11,13.12,13.13,13.15,13.17,1100,1000,13000,600,200,1100,200,1800,100,100,1100,5100,1400,800,1000,4600,200,1800,3700,100
74.0,12.99,55200,712604.0,12.99,12.98,12.97,12.96,12.95,12.94,12.93,12.92,12.91,12.9,13.01,13.02,13.04,13.08,13.1,13.11,13.12,13.13,13.15,13.17,2500,700,12400,600,200,1100,200,1800,2400,100,1000,5100,1400,800,1000,4600,200,1800,3700,100
75.0,12.99,55200,712604.0,12.99,12.98,12.97,12.96,12.95,12.94,12.93,12.92,12.91,12.9,13.01,13.02,13.04,13.08,13.1,13.11,13.12,13.13,13.15,13.17,2500,800,12400,600,200,1100,200,1800,2400,100,1000,5100,1400,800,1000,4600,200,1800,3700,100
76.0,12.99,55700,719099.0,12.99,12.98,12.97,12.96,12.95,12.94,12.93,12.92,12.91,12.9,13.01,13.02,13.04,13.08,13.1,13.11,13.12,13.13,13.15,13.17,2000,800,12400,600,200,1100,200,1800,2400,100,1200,5100,1400,800,1000,4600,200,1800,3700,100
77.0,12.99,57600,743780.0,12.98,12.97,12.96,12.95,12.94,12.93,12.92,12.91,12.9,12.85,12.99,13.01,13.02,13.04,13.08,13.1,13.11,13.12,13.13,13.15,800,12400,600,200,1100,200,1800,2400,100,1000,500,1200,5100,1400,800,1000,4600,200,1800,3700
78.0,12.99,57600,743780.0,12.98,12.97,12.96,12.95,12.94,12.93,12.92,12.91,12.9,12.85,12.99,13.01,13.02,13.04,13.08,13.1,13.11,13.12,13.13,13.15,800,12400,600,200,1100,200,1800,2400,100,1000,500,1000,5100,1400,800,1000,4600,200,1800,3700
79.0,12.99,58400,754172.0,12.98,12.97,12.96,12.95,12.94,12.93,12.92,12.91,12.9,12.85,12.99,13.0,13.01,13.02,13.04,13.1,13.11,13.12,13.13,13.15,800,12400,600,200,300,200,1800,2400,100,1000,500,1400,1000,5100,1400,1000,4600,200,1800,3700
80.0,12.97,59400,767150.0,12.97,12.96,12.95,12.94,12.93,12.92,12.91,12.9,12.85,12.84,12.99,13.0,13.01,13.02,13.04,13.1,13.11,13.12,13.13,13.15,12200,600,200,300,200,1800,2400,100,1000,600,500,1400,1000,5100,1400,1000,4600,200,1800,3700
81.0,12.97,60100,776229.0,12.97,12.96,12.95,12.94,12.93,12.91,12.9,12.85,12.84,12.83,12.99,13.0,13.01,13.02,13.04,13.1,13.11,13.12,13.13,13.15,11600,600,200,200,200,2400,100,1000,600,300,1500,1400,1000,5100,1400,1000,4600,200,1800,3700
82.0,12.99,60200,777528.0,12.97,12.96,12.95,12.94,12.93,12.91,12.9,12.85,12.84,12.83,12.99,13.0,13.01,13.02,13.04,13.1,13.11,13.12,13.13,13.15,11500,600,200,200,200,2400,100,1000,600,300,1400,1400,1000,5100,1400,1000,4600,200,1800,3700
83.0,12.97,67600,873506.0,12.97,12.96,12.95,12.94,12.93,12.91,12.9,12.85,12.84,12.83,12.98,12.99,13.0,13.01,13.02,13.04,13.1,13.11,13.12,13.13,4800,600,200,200,200,2400,100,1000,600,300,900,2100,1400,1000,5100,1400,1000,4600,200,1800
84.0,12.97,68000,878694.0,12.97,12.96,12.95,12.94,12.93,12.91,12.9,12.85,12.84,12.83,12.98,12.99,13.0,13.01,13.02,13.04,13.1,13.11,13.12,13.13,4400,600,200,200,200,2400,100,1000,600,300,1100,1100,1200,1000,5100,1400,1000,4600,200,1800
85.0,12.98,69200,894260.0,12.97,12.96,12.95,12.94,12.93,12.91,12.85,12.84,12.83,12.81,12.98,12.99,13.0,13.01,13.02,13.04,13.1,13.11,13.12,13.13,3400,600,200,200,200,2400,1000,600,300,2600,900,1100,1200,1000,5100,1400,1000,4600,200,1800
86.0,12.97,71000,917606.0,12.97,12.96,12.95,12.94,12.93,12.91,12.85,12.84,12.83,12.81,12.98,12.99,13.0,13.01,13.02,13.04,13.1,13.11,13.12,13.13,1600,600,200,200,200,2400,1000,600,300,2600,700,1100,1200,1000,5100,1400,1000,4600,200,1800
87.0,12.97,71100,918903.0,12.97,12.96,12.95,12.94,12.93,12.91,12.85,12.84,12.83,12.81,12.98,12.99,13.0,13.01,13.02,13.04,13.1,13.11,13.12,13.13,1500,600,200,200,200,2400,1000,600,300,2600,700,1400,1200,1000,5100,1400,1000,4600,200,1800
88.0,12.97,71400,922794.0,12.97,12.96,12.95,12.94,12.93,12.91,12.85,12.84,12.83,12.81,12.99,13.0,13.01,13.02,13.04,13.1,13.11,13.12,13.13,13.15,1200,600,200,200,200,2400,1000,600,300,2600,1400,1200,1000,5100,1400,1000,4600,200,1800,3700
89.0,12.97,73300,947461.0,12.97,12.96,12.95,12.94,12.93,12.91,12.85,12.84,12.83,12.81,12.99,13.0,13.01,13.02,13.04,13.1,13.11,13.12,13.13,13.15,500,600,200,200,200,2400,1000,600,300,2600,200,1200,1000,5100,1400,1000,4600,200,1800,3700
90.0,12.97,73300,947461.0,12.97,12.96,12.95,12.94,12.93,12.91,12.85,12.84,12.83,12.81,12.99,13.0,13.01,13.02,13.04,13.1,13.11,13.12,13.13,13.15,500,600,200,200,200,2400,1000,600,300,2600,400,1200,1000,5100,1400,1000,4600,200,1800,3700
91.0,12.97,73300,947461.0,12.97,12.96,12.95,12.94,12.93,12.91,12.85,12.84,12.83,12.81,12.99,13.0,13.01,13.02,13.04,13.1,13.11,13.12,13.13,13.15,500,600,200,200,200,2400,1000,600,300,2600,400,1200,1000,5100,1400,1000,4600,200,1800,3700
92.0,12.99,73500,950059.0,12.97,12.96,12.95,12.94,12.93,12.91,12.85,12.84,12.83,12.81,12.99,13.0,13.01,13.02,13.04,13.1,13.11,13.12,13.13,13.15,500,600,200,200,200,2400,1000,600,300,2600,200,1200,1000,5100,1400,1000,4600,200,1800,3700
93.0,12.99,73500,950059.0,12.97,12.96,12.95,12.93,12.91,12.85,12.84,12.83,12.81,12.8,12.99,13.0,13.01,13.02,13.04,13.1,13.11,13.12,13.13,13.15,500,600,200,200,2400,1000,600,300,2600,12500,400,1200,1000,5100,1400,1000,4600,200,1800,3700
94.0,12.99,73500,950059.0,12.97,12.96,12.95,12.93,12.91,12.85,12.84,12.83,12.81,12.8,12.99,13.0,13.01,13.02,13.04,13.1,13.11,13.12,13.13,13.15,800,600,200,200,2400,1000,600,300,2600,12500,400,1200,1000,5100,1400,1000,4600,200,1800,3700
95.0,12.98,73700,952655.0,12.97,12.96,12.95,12.93,12.91,12.85,12.84,12.83,12.81,12.8,12.99,13.0,13.01,13.02,13.04,13.1,13.11,13.12,13.13,13.15,700,600,200,200,2400,1000,600,300,2600,12500,400,1200,1000,5100,1400,1000,4600,200,1800,3700
96.0,12.98,73700,952655.0,12.97,12.96,12.95,12.93,12.91,12.85,12.84,12.83,12.81,12.8,12.99,13.0,13.01,13.02,13.04,13.1,13.11,13.12,13.13,13.15,700,600,200,200,2400,1000,600,300,2600,12500,400,1200,1000,5100,1400,1000,4600,200,1800,3700
97.0,12.98,73700,952655.0,12.97,12.96,12.95,12.93,12.91,12.85,12.84,12.83,12.81,12.8,12.99,13.0,13.01,13.02,13.04,13.1,13.11,13.12,13.13,13.15,700,600,200,200,2400,1000,600,300,2600,12500,700,1200,1000,5100,1400,1000,4600,200,1800,3700
98.0,12.98,73700,952655.0,12.98,12.97,12.96,12.95,12.93,12.91,12.85,12.84,12.83,12.81,12.99,13.0,13.01,13.02,13.04,13.1,13.11,13.12,13.13,13.15,100,700,600,200,200,2400,1000,600,300,2600,700,1200,1000,5100,1400,1000,4600,200,1800,3700
99.0,12.99,73900,955253.0,12.98,12.97,12.96,12.95,12.93,12.91,12.85,12.84,12.83,12.81,12.99,13.0,13.01,13.02,13.04,13.1,13.11,13.12,13.13,13.15,100,700,600,200,200,2400,1000,600,300,2600,500,1200,1000,5100,1400,1000,4600,200,1800,33700
100.0,12.99,73900,955253.0,12.98,12.97,12.96,12.95,12.93,12.91,12.85,12.84,12.83,12.81,12.99,13.0,13.01,13.02,13.04,13.1,13.11,13.12,13.13,13.15,100,700,600,200,200,2400,1000,600,300,2600,500,1200,1000,5100,1400,1000,4600,200,1800,33700
101.0,12.98,74000,956551.0,12.98,12.97,12.96,12.95,12.93,12.91,12.85,12.84,12.83,12.81,12.99,13.0,13.01,13.02,13.04,13.1,13.11,13.12,13.13,13.15,400,700,600,200,200,2400,1000,600,300,2600,500,1200,1000,5100,1400,1000,4600,200,1800,33700
102.0,12.98,74000,956551.0,12.98,12.97,12.96,12.95,12.93,12.91,12.85,12.84,12.83,12.81,12.99,13.0,13.01,13.02,13.04,13.1,13.11,13.12,13.13,13.15,400,700,600,200,200,2400,1000,600,300,2600,500,1200,1000,5100,1400,1000,4600,200,1800,33700
103.0,12.98,74000,956551.0,12.98,12.97,12.96,12.95,12.93,12.91,12.85,12.84,12.83,12.81,12.99,13.0,13.01,13.02,13.04,13.1,13.11,13.12,13.13,13.15,600,700,600,200,200,2400,1000,600,300,2600,500,1200,1000,5100,1400,1000,4600,200,1800,33700
104.0,12.98,74000,956551.0,12.98,12.97,12.96,12.95,12.93,12.91,12.85,12.84,12.83,12.81,12.99,13.0,13.01,13.02,13.04,13.1,13.11,13.12,13.13,13.15,800,700,600,200,200,2400,1000,600,300,2600,500,1200,1000,5100,1400,1000,4600,200,1800,33700
105.0,12.98,74000,956551.0,12.98,12.97,12.96,12.95,12.93,12.91,12.85,12.84,12.83,12.81,12.99,13.0,13.01,13.02,13.04,13.1,13.11,13.12,13.13,13.15,800,700,600,200,200,2400,1000,600,300,2600,500,1200,1000,5100,1400,1000,4600,200,1800,33700
106.0,12.98,74000,956551.0,12.98,12.97,12.96,12.95,12.93,12.91,12.85,12.84,12.83,12.81,12.99,13.0,13.01,13.02,13.04,13.1,13.11,13.12,13.13,13.15,800,700,600,200,200,2400,1000,600,300,2600,500,1200,1000,100,1400,1000,4600,200,1800,33700
107.0,12.99,74500,963046.0,12.98,12.97,12.96,12.95,12.93,12.91,12.85,12.84,12.83,12.81,13.0,13.01,13.02,13.04,13.1,13.11,13.12,13.13,13.15,13.17,800,700,600,200,200,2400,1000,600,300,2600,1200,1000,100,1400,1000,4600,200,1800,33700,100
108.0,12.99,74500,963046.0,12.98,12.97,12.96,12.95,12.93,12.91,12.85,12.84,12.83,12.81,13.0,13.01,13.02,13.04,13.08,13.1,13.11,13.12,13.13,13.15,800,700,600,200,200,2400,1000,600,300,2600,1200,1000,100,1400,1000,1000,4600,200,1800,33700
109.0,12.99,74500,963046.0,12.99,12.98,12.97,12.96,12.95,12.93,12.91,12.85,12.84,12.83,13.0,13.01,13.02,13.04,13.08,13.1,13.11,13.12,13.13,13.15,200,1600,200,600,200,200,2400,1000,600,300,1200,1000,100,1400,1000,1000,4600,200,1800,33700
110.0,12.99,74500,963046.0,12.99,12.98,12.97,12.95,12.93,12.91,12.85,12.84,12.83,12.81,13.0,13.01,13.02,13.04,13.08,13.1,13.11,13.12,13.13,13.15,900,1900,200,200,200,2400,1000,600,300,2600,1200,1000,900,1400,1000,1000,4600,200,1800,33700
111.0,13.0,74700,965645.0,12.99,12.98,12.97,12.95,12.93,12.91,12.85,12.84,12.83,12.81,13.0,13.01,13.02,13.04,13.08,13.1,13.11,13.12,13.13,13.15,800,1900,200,200,200,2400,1000,600,300,2600,1300,1000,900,1400,1000,1000,4600,200,1800,33700
112.0,12.99,74800,966944.0,12.99,12.98,12.97,12.95,12.93,12.91,12.85,12.84,12.83,12.81,13.0,13.01,13.02,13.04,13.08,13.1,13.11,13.12,13.13,13.15,1100,1900,200,200,200,2400,1000,600,300,2600,1300,1000,900,1400,1000,1000,4600,200,1800,33700
113.0,12.99,74800,966944.0,12.99,12.98,12.97,12.95,12.93,12.91,12.85,12.84,12.83,12.81,13.0,13.01,13.02,13.04,13.08,13.1,13.11,13.12,13.13,13.15,1100,1900,200,200,200,2400,1000,600,300,2600,1300,1000,900,1400,1000,1000,4600,200,1800,33700
114.0,12.99,74900,968243.0,12.99,12.98,12.97,12.95,12.91,12.85,12.84,12.83,12.81,12.8,13.0,13.01,13.02,13.04,13.08,13.1,13.11,13.12,13.13,13.15,1000,1900,200,200,2400,1000,600,300,2600,12500,1300,1000,900,1400,1000,1000,4600,200,1800,33700
115.0,12.99,74900,968243.0,12.99,12.98,12.97,12.95,12.91,12.85,12.84,12.83,12.81,12.8,13.0,13.01,13.02,13.04,13.08,13.1,13.11,13.12,13.13,13.15,1000,1900,200,200,2400,1000,600,300,2600,12500,1300,1000,900,1400,1000,1000,4600,200,1800,33700
116.0,12.99,74900,968243.0,12.99,12.98,12.97,12.95,12.91,12.85,12.84,12.83,12.81,12.8,13.0,13.01,13.02,13.04,13.08,13.1,13.11,13.12,13.13,13.15,1000,1900,200,200,2400,1000,600,300,2600,12500,1300,1000,900,1400,1000,1000,4600,200,1800,33700
117.0,12.99,75000,969542.0,12.99,12.98,12.97,12.95,12.91,12.85,12.84,12.83,12.81,12.8,13.0,13.01,13.02,13.04,13.08,13.1,13.11,13.12,13.13,13.15,900,1900,200,200,2400,1000,600,300,2600,12500,1300,1000,900,1400,1000,1000,4600,200,1800,33700
118.0,13.0,75100,970842.0,12.99,12.98,12.97,12.95,12.91,12.85,12.84,12.83,12.81,12.8,13.0,13.01,13.02,13.04,13.08,13.1,13.11,13.12,13.13,13.15,900,1900,200,200,2400,1000,600,300,2600,12500,1200,1000,900,1400,1000,1000,4600,200,1800,33700
119.0,13.0,75100,970842.0,12.99,12.98,12.97,12.95,12.91,12.85,12.84,12.83,12.81,12.8,13.0,13.01,13.02,13.04,13.08,13.1,13.11,13.12,13.13,13.15,900,1900,200,200,2400,1000,600,300,2600,12500,1200,1000,900,1400,1000,1000,4600,200,1800,33700
120.0,13.0,75100,970842.0,12.99,12.98,12.97,12.95,12.91,12.85,12.84,12.83,12.81,12.8,13.0,13.01,13.02,13.04,13.08,13.1,13.11,13.12,13.13,13.15,900,1900,200,200,100,1000,600,300,2600,12500,1200,1000,900,1400,1000,1000,4600,200,1800,33700
121.0,12.99,75200,972141.0,12.99,12.98,12.97,12.95,12.91,12.85,12.84,12.83,12.81,12.8,13.0,13.02,13.04,13.08,13.1,13.11,13.12,13.13,13.15,13.17,800,1900,200,200,100,1000,600,300,2600,12500,1200,900,1400,1000,1000,4600,200,1800,33700,100
122.0,12.99,76200,985132.0,12.98,12.97,12.95,12.91,12.85,12.84,12.83,12.81,12.8,12.75,12.99,13.0,13.02,13.04,13.08,13.1,13.11,13.12,13.13,13.15,2500,200,200,100,1000,600,300,2600,12500,10000,200,1100,900,1400,1000,1000,4600,200,1800,33700
123.0,12.99,76200,985132.0,12.98,12.97,12.95,12.91,12.85,12.84,12.83,12.81,12.8,12.75,12.99,13.0,13.02,13.04,13.08,13.1,13.11,13.12,13.13,13.15,2500,200,200,100,1000,600,300,2600,12500,10000,200,1100,900,1400,1000,1000,4600,200,1800,33700
124.0,12.99,77100,996821.0,12.98,12.97,12.95,12.91,12.85,12.84,12.83,12.81,12.8,12.75,12.99,13.0,13.02,13.04,13.08,13.1,13.11,13.12,13.13,13.15,900,200,200,100,1000,600,300,2600,12500,10000,400,1900,900,1400,1000,1000,4600,200,1800,33700
125.0,12.99,77100,996821.0,12.98,12.97,12.95,12.91,12.85,12.84,12.83,12.81,12.8,12.75,12.99,13.0,13.02,13.04,13.08,13.1,13.11,13.12,13.13,13.15,600,200,200,100,1000,600,300,2600,12500,10000,400,1900,900,1400,1000,1000,4600,200,1800,33700
126.0,12.99,77100,996821.0,12.98,12.97,12.95,12.91,12.85,12.84,12.83,12.81,12.8,12.75,12.99,13.0,13.02,13.04,13.08,13.1,13.11,13.12,13.13,13.15,600,200,200,100,1000,600,300,2600,12500,10000,400,1900,900,1400,1000,1000,4600,200,1800,33700
127.0,12.99,77100,996821.0,12.98,12.97,12.95,12.91,12.85,12.84,12.83,12.81,12.8,12.75,12.99,13.0,13.02,13.04,13.08,13.1,13.11,13.12,13.13,13.15,600,200,200,100,1000,600,300,2600,12500,10000,1200,1100,900,1400,1000,1000,4600,200,1800,33700
128.0,12.99,77100,996821.0,12.98,12.97,12.95,12.91,12.85,12.84,12.83,12.81,12.8,12.75,12.99,13.0,13.02,13.04,13.08,13.1,13.11,13.12,13.13,13.15,600,200,200,100,1000,600,300,2600,12500,10000,1200,1100,900,1400,1000,1000,4600,200,1800,33700
129.0,12.99,77100,996821.0,12.98,12.97,12.95,12.91,12.85,12.84,12.83,12.81,12.8,12.75,12.99,13.0,13.02,13.03,13.04,13.08,13.1,13.11,13.12,13.13,600,200,200,100,1000,600,300,2600,12500,10000,5200,1100,900,200,1400,1000,1000,4600,200,800
130.0,12.99,77800,1005914.0,12.98,12.97,12.95,12.91,12.85,12.84,12.83,12.81,12.8,12.75,12.99,13.0,13.02,13.03,13.04,13.08,13.1,13.11,13.12,13.13,600,200,200,100,1000,600,300,2600,12500,10000,4500,1100,900,200,1400,1000,1000,4600,200,800
131.0,12.98,78300,1012404.0,12.98,12.97,12.95,12.91,12.85,12.84,12.83,12.81,12.8,12.75,12.99,13.0,13.02,13.03,13.04,13.08,13.1,13.11,13.12,13.13,200,200,200,100,1000,600,300,2600,12500,10000,4500,1100,900,200,1400,1000,1000,4600,200,800
132.0,12.98,78300,1012404.0,12.98,12.97,12.95,12.91,12.85,12.84,12.83,12.81,12.8,12.75,12.99,13.0,13.02,13.03,13.04,13.08,13.1,13.11,13.12,13.13,200,200,200,100,1000,600,300,2600,12500,10000,4500,1100,900,200,1400,1000,1000,4600,200,800
133.0,12.98,78300,1012404.0,12.98,12.97,12.95,12.91,12.85,12.84,12.83,12.81,12.8,12.75,12.99,13.0,13.02,13.03,13.04,13.08,13.1,13.11,13.12,13.13,200,200,200,100,1000,600,300,2600,12500,10000,4500,1100,900,200,1400,1000,1000,4600,200,800
134.0,12.98,78300,1012404.0,12.98,12.97,12.95,12.91,12.85,12.84,12.83,12.81,12.8,12.75,12.99,13.0,13.02,13.03,13.04,13.08,13.1,13.11,13.12,13.13,200,200,200,100,600,600,300,2600,12500,10000,4000,1100,900,200,1400,1000,1000,4600,200,800
135.0,12.98,78300,1012404.0,12.98,12.97,12.95,12.91,12.85,12.84,12.83,12.81,12.8,12.75,12.99,13.0,13.02,13.03,13.04,13.08,13.1,13.11,13.12,13.13,200,200,200,100,600,600,300,2600,12500,10000,4000,1100,900,200,1400,1000,1000,4600,200,800
136.0,12.98,78300,1012404.0,12.98,12.97,12.95,12.91,12.85,12.84,12.83,12.81,12.8,12.75,12.99,13.0,13.02,13.03,13.04,13.08,13.1,13.11,13.12,13.13,200,200,200,100,600,600,300,2600,12500,10000,4000,1100,900,200,1400,1000,1000,4600,200,800
137.0,12.98,78300,1012404.0,12.98,12.97,12.95,12.91,12.85,12.84,12.83,12.81,12.8,12.75,12.99,13.0,13.02,13.03,13.04,13.08,13.1,13.11,13.12,13.13,300,200,200,100,600,600,300,2600,12500,10000,4300,1100,900,200,1400,1000,1000,4600,200,800
138.0,12.98,81700,1056536.0,12.98,12.95,12.91,12.85,12.84,12.83,12.81,12.8,12.75,12.73,12.99,13.0,13.02,13.03,13.04,13.08,13.1,13.11,13.12,13.13,1200,200,100,600,600,300,2600,12500,10000,1300,4300,1100,900,200,1400,1000,1000,4600,200,800
139.0,12.99,82700,1069526.0,12.98,12.95,12.91,12.85,12.84,12.83,12.81,12.8,12.75,12.73,12.99,13.0,13.02,13.03,13.04,13.08,13.1,13.11,13.12,13.13,1300,200,100,600,600,300,2600,12500,10000,1300,3500,1100,900,200,1400,1000,1000,4600,200,800
140.0,12.99,82700,1069526.0,12.98,12.95,12.91,12.85,12.84,12.83,12.81,12.8,12.75,12.73,12.99,13.0,13.02,13.03,13.04,13.08,13.1,13.11,13.12,13.13,1400,200,100,600,600,300,2600,12500,10000,1300,3500,1100,900,200,1400,1000,1000,4600,200,800
141.0,12.98,82800,1070824.0,12.98,12.95,12.91,12.85,12.84,12.83,12.81,12.8,12.75,12.73,12.99,13.0,13.02,13.03,13.04,13.08,13.1,13.11,13.12,13.13,1900,200,100,600,600,300,2600,12500,10000,1300,3500,1100,900,200,1400,1000,1000,4600,200,800
142.0,12.98,82800,1070824.0,12.98,12.95,12.91,12.85,12.84,12.83,12.81,12.8,12.75,12.73,12.99,13.0,13.02,13.03,13.04,13.08,13.1,13.11,13.12,13.13,1900,200,100,600,600,300,2600,12500,10000,1300,3500,1100,900,200,1400,1000,1000,4600,200,800
143.0,12.98,82800,1070824.0,12.98,12.95,12.91,12.85,12.84,12.83,12.81,12.8,12.75,12.73,12.99,13.0,13.02,13.03,13.04,13.08,13.1,13.11,13.12,13.13,1900,200,100,600,600,300,2600,12500,10000,1300,3500,1100,900,200,1400,1000,1000,4600,200,800
144.0,12.99,83300,1077319.0,12.98,12.95,12.91,12.85,12.84,12.83,12.81,12.8,12.75,12.73,12.99,13.0,13.02,13.03,13.04,13.08,13.1,13.11,13.12,13.13,2200,200,100,600,600,300,2600,12500,10000,1300,3000,1100,900,200,1400,1000,1000,4600,200,800
145.0,12.99,84200,1089008.0,12.98,12.95,12.91,12.85,12.84,12.83,12.81,12.8,12.75,12.73,12.99,13.0,13.02,13.03,13.04,13.08,13.1,13.11,13.12,13.13,2000,200,100,600,600,300,2600,12500,10000,1300,2300,1100,900,200,1400,1000,1000,4600,200,800
146.0,12.99,84700,1095499.0,12.98,12.95,12.91,12.85,12.84,12.83,12.81,12.8,12.75,12.73,12.99,13.0,13.02,13.03,13.04,13.08,13.1,13.11,13.12,13.13,2200,200,100,600,600,300,2600,12500,10000,1300,2200,1100,900,200,1400,1000,1000,4600,200,800
147.0,12.99,84700,1095499.0,12.98,12.95,12.91,12.85,12.84,12.83,12.81,12.8,12.75,12.73,12.99,13.0,13.02,13.03,13.04,13.08,13.1,13.11,13.12,13.13,2200,200,100,600,600,300,2600,12500,10000,1300,3000,1100,900,200,1400,1000,1000,4600,200,800
148.0,12.98,84900,1098095.0,12.98,12.95,12.91,12.85,12.84,12.83,12.81,12.8,12.75,12.73,12.99,13.0,13.02,13.03,13.04,13.08,13.1,13.11,13.12,13.13,2000,200,100,600,600,300,2600,12500,10000,1300,3000,1100,900,200,1400,1000,1000,4600,200,800
149.0,12.98,84900,1098095.0,12.98,12.95,12.91,12.85,12.84,12.83,12.81,12.8,12.75,12.73,12.99,13.0,13.02,13.03,13.04,13.08,13.1,13.11,13.12,13.13,2000,200,100,600,600,300,2600,12500,10000,1300,3000,1100,900,200,1400,1000,1000,4600,200,800
150.0,12.98,84900,1098095.0,12.98,12.95,12.91,12.85,12.84,12.83,12.81,12.8,12.75,12.73,12.99,13.0,13.02,13.03,13.04,13.08,13.1,13.11,13.12,13.13,2000,200,100,600,600,300,2600,12500,10000,1300,3000,1100,900,200,1400,1000,1000,4600,200,800
151.0,12.98,84900,1098095.0,12.98,12.95,12.91,12.85,12.84,12.83,12.81,12.8,12.75,12.73,12.99,13.0,13.02,13.03,13.04,13.08,13.1,13.11,13.12,13.13,2000,200,100,600,600,300,2600,12500,10000,1300,3000,1100,900,200,1400,1000,1000,4600,200,800
152.0,12.98,85600,1107181.0,12.98,12.95,12.91,12.85,12.84,12.83,12.81,12.8,12.75,12.73,12.99,13.0,13.02,13.03,13.04,13.08,13.1,13.11,13.12,13.13,1400,200,100,600,600,300,2600,12500,10000,1300,3100,1100,900,200,1400,1000,1000,4600,200,800
153.0,12.98,85600,1107181.0,12.98,12.95,12.91,12.85,12.84,12.83,12.81,12.8,12.75,12.73,12.99,13.0,13.02,13.03,13.04,13.08,13.1,13.11,13.12,13.13,1400,200,100,600,600,300,2600,12500,10000,1300,3100,1100,900,200,1400,1000,1000,4600,200,800
154.0,12.99,85900,1111078.0,12.98,12.95,12.91,12.85,12.84,12.83,12.81,12.8,12.75,12.73,12.99,13.0,13.02,13.03,13.04,13.08,13.1,13.11,13.12,13.13,1400,200,100,600,600,300,2600,12500,10000,1300,2800,1100,900,200,1400,1000,1000,4600,200,800
155.0,12.99,86400,1117572.0,12.98,12.95,12.91,12.85,12.84,12.83,12.81,12.8,12.75,12.73,12.99,13.0,13.02,13.03,13.04,13.08,13.1,13.11,13.12,13.13,1300,200,100,600,600,300,2600,12500,10000,1300,2400,1100,900,200,1400,1000,1000,4600,200,800
156.0,12.99,86900,1124067.0,12.98,12.95,12.91,12.85,12.84,12.83,12.81,12.8,12.75,12.73,12.99,13.0,13.02,13.03,13.04,13.08,13.1,13.11,13.12,13.13,1300,200,100,600,600,200,2600,12500,10000,1300,1900,1100,900,200,1400,1000,1000,4600,200,800
157.0,12.98,87100,1126663.0,12.98,12.95,12.91,12.85,12.84,12.83,12.81,12.8,12.75,12.73,12.99,13.0,13.02,13.03,13.04,13.08,13.1,13.11,13.12,13.13,1100,200,100,600,600,200,2600,12500,10000,1300,1900,1100,900,200,1400,1000,1000,4600,200,800
158.0,12.99,87400,1130559.0,12.98,12.95,12.91,12.85,12.84,12.83,12.81,12.8,12.75,12.73,12.99,13.0,13.02,13.03,13.04,13.08,13.1,13.11,13.12,13.13,1000,200,100,600,600,200,2600,12500,10000,1300,2300,1100,900,200,1400,1000,1000,4600,200,800
159.0,12.99,87400,1130559.0,12.98,12.95,12.91,12.85,12.84,12.83,12.81,12.8,12.75,12.73,12.99,13.0,13.02,13.03,13.04,13.08,13.1,13.11,13.12,13.13,1000,200,100,600,600,200,2600,12500,10000,1300,2300,1100,900,200,1400,1000,1000,4600,200,800
160.0,12.99,87400,1130559.0,12.98,12.95,12.91,12.85,12.84,12.83,12.81,12.8,12.75,12.73,12.99,13.0,13.02,13.03,13.04,13.08,13.1,13.11,13.12,13.13,1000,200,100,600,600,200,2600,12500,10000,1300,2300,1100,900,200,1400,1000,1000,4600,200,800
161.0,12.99,87400,1130559.0,12.98,12.95,12.91,12.85,12.84,12.83,12.81,12.8,12.75,12.73,12.99,13.0,13.02,13.03,13.04,13.08,13.1,13.11,13.12,13.13,1000,200,100,600,600,200,2600,12500,10000,1300,2300,1100,900,200,1400,1000,1000,4600,200,800
162.0,12.98,87600,1133155.0,12.98,12.95,12.91,12.85,12.84,12.83,12.81,12.8,12.75,12.73,12.99,13.0,13.02,13.03,13.04,13.08,13.1,13.11,13.12,13.13,800,200,100,600,600,200,2600,12500,10000,1300,2300,1100,900,200,1400,1000,1000,4600,200,800
163.0,12.98,87600,1133155.0,12.98,12.95,12.91,12.85,12.84,12.83,12.81,12.8,12.75,12.73,12.99,13.0,13.02,13.03,13.04,13.08,13.1,13.11,13.12,13.13,800,200,100,600,600,200,2600,12500,10000,1300,2300,1100,900,200,1400,1000,1000,4600,200,800
164.0,12.98,87600,1133155.0,12.98,12.95,12.91,12.85,12.84,12.83,12.81,12.8,12.75,12.73,12.99,13.0,13.02,13.03,13.04,13.08,13.1,13.11,13.12,13.13,800,200,100,600,600,200,2600,12500,10000,1300,2300,1100,900,200,1400,1000,1000,4600,200,800
165.0,12.99,89400,1156537.0,12.98,12.95,12.91,12.85,12.84,12.83,12.81,12.8,12.75,12.73,12.99,13.0,13.02,13.03,13.04,13.08,13.1,13.11,13.12,13.13,800,200,100,600,600,200,2600,12500,10000,1300,500,1100,900,200,1400,1000,1000,4600,200,800
166.0,12.99,89400,1156537.0,12.98,12.95,12.91,12.85,12.84,12.83,12.81,12.8,12.75,12.73,12.99,13.0,13.02,13.03,13.04,13.08,13.1,13.11,13.12,13.13,800,200,100,600,600,200,2600,12500,10000,1300,1100,1100,900,200,1900,1000,1000,4600,200,800
167.0,12.99,89600,1159135.0,12.98,12.95,12.91,12.85,12.84,12.83,12.81,12.8,12.75,12.73,12.99,13.0,13.02,13.03,13.04,13.08,13.1,13.11,13.12,13.13,800,200,100,600,600,200,2600,12500,10000,1300,900,1100,900,200,1900,1000,1000,4600,200,800
168.0,12.99,89600,1159135.0,12.98,12.95,12.91,12.85,12.84,12.83,12.81,12.8,12.75,12.73,12.99,13.0,13.02,13.03,13.04,13.08,13.1,13.11,13.12,13.13,800,200,100,600,600,200,2600,12500,10000,1300,900,1100,900,200,1900,1000,1000,4600,200,800
169.0,12.98,89700,1160433.0,12.98,12.95,12.91,12.85,12.84,12.83,12.81,12.8,12.75,12.73,12.99,13.0,13.02,13.03,13.04,13.08,13.1,13.11,13.12,13.13,700,200,100,600,600,200,2600,12500,10000,1300,1000,1100,900,200,1900,1000,1000,4600,200,800
170.0,12.98,90000,1164329.0,12.98,12.95,12.91,12.85,12.84,12.83,12.81,12.8,12.75,12.73,12.99,13.0,13.02,13.03,13.04,13.08,13.1,13.11,13.12,13.13,600,200,100,600,600,200,2600,12500,10000,1300,800,1100,900,200,1900,1000,1000,4600,200,800
171.0,12.98,90000,1164329.0,12.98,12.95,12.91,12.85,12.84,12.83,12.81,12.8,12.75,12.73,12.99,13.0,13.02,13.03,13.04,13.08,13.1,13.11,13.12,13.13,600,200,100,600,600,200,2600,12500,10000,1300,800,1100,900,200,1900,1000,1000,4600,200,800
172.0,12.98,90000,1164329.0,12.98,12.95,12.91,12.85,12.84,12.83,12.81,12.8,12.75,12.73,12.99,13.0,13.02,13.03,13.04,13.08,13.1,13.11,13.12,13.13,600,200,100,600,600,200,2600,12500,10000,1300,800,1100,900,200,1900,1000,1000,4600,200,800
173.0,12.99,90100,1165628.0,12.98,12.95,12.91,12.85,12.84,12.83,12.81,12.8,12.75,12.73,12.99,13.0,13.02,13.03,13.04,13.08,13.1,13.11,13.12,13.13,600,200,100,600,600,200,2600,12500,10000,1300,700,1100,900,200,1900,1000,1000,4600,200,800
174.0,12.99,90100,1165628.0,12.98,12.95,12.91,12.85,12.84,12.83,12.81,12.8,12.75,12.73,12.99,13.0,13.02,13.03,13.04,13.08,13.1,13.11,13.12,13.13,600,200,100,600,600,200,2600,12500,10000,1300,900,1100,900,200,1900,1000,1000,4600,200,800
175.0,12.98,90700,1173416.0,12.95,12.91,12.85,12.84,12.83,12.81,12.8,12.75,12.73,12.72,12.98,12.99,13.0,13.02,13.03,13.04,13.08,13.1,13.11,13.12,200,100,600,600,200,2600,12500,10000,1300,1000,1400,900,1100,900,200,1900,1000,1000,4600,200
176.0,12.98,90800,1174714.0,12.95,12.91,12.85,12.84,12.83,12.81,12.8,12.75,12.73,12.72,12.98,12.99,13.0,13.02,13.03,13.04,13.08,13.1,13.11,13.12,200,100,600,600,200,2600,12500,10000,1300,1000,1300,900,1100,900,200,1900,1000,1000,4600,200
177.0,12.98,90800,1174714.0,12.95,12.91,12.85,12.84,12.83,12.81,12.8,12.75,12.73,12.72,12.98,12.99,13.0,13.02,13.03,13.04,13.08,13.1,13.11,13.12,400,100,600,600,200,2600,12500,10000,1300,1000,1500,900,1100,900,200,1900,1000,1000,4600,200
178.0,12.98,91000,1177310.0,12.95,12.91,12.85,12.84,12.83,12.81,12.8,12.75,12.73,12.72,12.98,12.99,13.0,13.02,13.03,13.04,13.08,13.1,13.11,13.12,500,100,600,600,200,2600,12500,10000,1300,1000,1400,900,1100,900,200,1900,1000,1000,4600,200
179.0,12.98,91000,1177310.0,12.95,12.91,12.85,12.84,12.83,12.81,12.8,12.75,12.73,12.72,12.98,12.99,13.0,13.02,13.03,13.04,13.08,13.1,13.11,13.12,700,100,600,600,200,2600,12500,10000,1300,1000,1600,900,1100,900,200,1900,1000,1000,4600,200
180.0,12.98,91000,1177310.0,12.95,12.91,12.85,12.84,12.83,12.81,12.8,12.75,12.73,12.72,12.98,12.99,13.0,13.02,13.03,13.04,13.08,13.1,13.11,13.12,800,100,600,600,200,2600,12500,10000,1300,1000,1700,900,1100,900,200,1900,1000,1000,4600,200
181.0,12.95,91100,1178605.0,12.95,12.91,12.85,12.84,12.83,12.81,12.8,12.75,12.73,12.72,12.98,12.99,13.0,13.02,13.03,13.04,13.08,13.1,13.11,13.12,900,100,600,600,200,2600,12500,10000,1300,1000,1900,1300,1100,900,200,1900,1000,1000,4600,200
182.0,12.95,91100,1178605.0,12.95,12.91,12.85,12.84,12.83,12.81,12.8,12.75,12.73,12.72,12.98,12.99,13.0,13.02,13.03,13.04,13.08,13.1,13.11,13.12,1000,100,600,600,200,2600,12500,10000,1300,1000,2200,1300,1100,900,200,1900,1000,1000,4600,200
183.0,12.98,91300,1181201.0,12.95,12.91,12.85,12.84,12.83,12.81,12.8,12.75,12.73,12.72,12.98,12.99,13.0,13.02,13.03,13.04,13.08,13.1,13.11,13.12,1200,100,600,600,200,2600,12500,10000,1300,1000,2200,1300,1100,900,200,1900,1000,1000,4600,200
184.0,12.98,91300,1181201.0,12.95,12.91,12.85,12.84,12.83,12.81,12.8,12.75,12.73,12.72,12.98,12.99,13.0,13.02,13.03,13.04,13.08,13.1,13.11,13.12,1300,100,600,600,200,2600,12500,10000,1300,1000,2300,1300,1100,900,200,1900,1000,1000,4600,200
185.0,12.95,91400,1182496.0,12.95,12.91,12.85,12.84,12.83,12.81,12.8,12.75,12.73,12.72,12.98,12.99,13.0,13.02,13.03,13.04,13.08,13.1,13.11,13.12,1400,100,600,600,200,2600,12500,10000,1300,1000,2500,1300,1100,900,200,1900,1000,1000,4600,200
186.0,12.95,91400,1182496.0,12.95,12.91,12.85,12.84,12.83,12.81,12.8,12.75,12.73,12.72,12.98,12.99,13.0,13.02,13.03,13.04,13.08,13.1,13.11,13.12,1400,100,600,600,200,2600,12500,10000,1300,1000,2500,1300,1100,900,200,1900,1000,1000,4600,200
187.0,12.95,91400,1182496.0,12.95,12.91,12.85,12.84,12.83,12.81,12.8,12.75,12.73,12.72,12.98,12.99,13.0,13.02,13.03,13.04,13.08,13.1,13.11,13.12,1500,100,600,600,200,2600,12500,10000,1300,1000,2800,1300,1100,900,200,1900,1000,1000,4600,200
188.0,12.95,91400,1182496.0,12.95,12.91,12.85,12.84,12.83,12.81,12.8,12.75,12.73,12.72,12.96,12.98,12.99,13.0,13.02,13.03,13.04,13.08,13.1,13.11,1600,100,600,600,200,2500,12500,10000,1300,1000,100,2900,1300,1100,900,200,1900,1000,1000,4600
189.0,12.95,91500,1183791.0,12.95,12.91,12.85,12.84,12.83,12.81,12.8,12.75,12.73,12.72,12.96,12.98,12.99,13.0,13.02,13.03,13.04,13.08,13.1,13.11,1500,100,600,600,200,2500,12500,10000,1300,1000,100,2900,1300,900,900,200,1900,1000,1000,4600
190.0,12.95,91500,1183791.0,12.95,12.91,12.85,12.84,12.83,12.81,12.8,12.75,12.73,12.72,12.96,12.98,12.99,13.0,13.02,13.03,13.04,13.08,13.1,13.11,1500,100,600,600,200,2500,12500,10000,1300,1000,100,2900,1300,900,900,200,1900,1000,1000,4600
191.0,12.95,91500,1183791.0,12.95,12.91,12.85,12.84,12.83,12.81,12.8,12.75,12.73,12.72,12.96,12.98,12.99,13.0,13.02,13.03,13.04,13.08,13.1,13.11,1500,100,600,600,200,2500,12500,10000,1300,1000,100,2900,1300,900,900,200,1900,1000,1000,4600
192.0,12.98,92100,1191565.0,12.95,12.91,12.85,12.84,12.83,12.81,12.8,12.75,12.73,12.72,12.98,12.99,13.0,13.02,13.03,13.04,13.08,13.1,13.11,13.12,1100,100,600,600,200,2500,12500,10000,1300,1000,2800,1300,900,900,200,1900,1000,1000,4600,200
193.0,12.98,92100,1191565.0,12.95,12.91,12.85,12.84,12.83,12.81,12.8,12.75,12.73,12.72,12.98,12.99,13.0,13.02,13.03,13.04,13.08,13.1,13.11,13.12,1200,100,600,600,200,2500,12500,10000,1300,1000,2900,1300,900,900,200,1900,1000,1000,4600,200
194.0,12.98,92500,1196757.0,12.95,12.91,12.85,12.84,12.83,12.81,12.8,12.75,12.73,12.72,12.98,12.99,13.0,13.02,13.03,13.04,13.08,13.1,13.11,13.12,1300,100,600,600,200,2500,12500,10000,1300,1000,2600,1300,900,900,200,1900,1000,1000,4600,200
195.0,12.95,92600,1198052.0,12.95,12.91,12.85,12.84,12.83,12.81,12.8,12.75,12.73,12.72,12.98,12.99,13.0,13.02,13.03,13.04,13.08,13.1,13.11,13.12,1300,100,600,600,200,2500,12500,10000,1300,1000,2700,1300,900,900,200,1900,1000,1000,4600,200
196.0,12.95,92600,1198052.0,12.95,12.91,12.85,12.84,12.83,12.81,12.8,12.75,12.73,12.72,12.98,12.99,13.0,13.02,13.03,13.04,13.08,13.1,13.11,13.12,1300,100,600,600,200,2500,12500,10000,1300,1000,2700,1300,900,900,200,1900,1000,1000,4600,200
197.0,12.98,93400,1208436.0,12.95,12.91,12.85,12.84,12.83,12.81,12.8,12.75,12.73,12.72,12.98,12.99,13.0,13.02,13.03,13.04,13.08,13.1,13.11,13.12,1500,100,600,600,200,2500,12500,10000,1300,1000,2100,1600,900,900,200,1900,1000,1000,4600,200
198.0,12.95,93600,1211026.0,12.95,12.91,12.85,12.84,12.83,12.81,12.8,12.75,12.73,12.72,12.98,12.99,13.0,13.02,13.03,13.04,13.08,13.1,13.11,13.12,1300,100,600,600,200,2500,12500,10000,1300,1000,2100,1600,900,900,200,1900,1000,1000,4600,200
199.0,12.95,93600,1211026.0,12.95,12.91,12.85,12.84,12.83,12.81,12.8,12.75,12.73,12.72,12.98,12.99,13.0,13.02,13.03,13.04,13.08,13.1,13.11,13.12,1400,100,600,600,200,2500,12500,10000,1300,1000,2200,1600,900,900,200,1900,1000,1000,4600,200
200.0,12.98,94100,1217516.0,12.95,12.91,12.85,12.84,12.83,12.81,12.8,12.75,12.73,12.72,12.98,12.99,13.0,13.02,13.03,13.04,13.08,13.1,13.11,13.12,1500,100,600,600,200,2500,12500,10000,1300,1000,2000,1600,900,900,200,1900,1000,1000,4600,200
201.0,12.98,94100,1217516.0,12.95,12.91,12.85,12.84,12.83,12.81,12.8,12.75,12.73,12.72,12.98,12.99,13.0,13.02,13.03,13.04,13.08,13.1,13.11,13.12,1600,100,600,600,200,2500,12500,10000,1300,1000,2100,1600,900,900,200,1900,1000,1000,4600,200
202.0,12.95,94200,1218811.0,12.95,12.91,12.85,12.84,12.83,12.81,12.8,12.75,12.73,12.72,12.98,12.99,13.0,13.02,13.03,13.04,13.08,13.1,13.11,13.12,1500,100,600,600,200,2500,12500,10000,1300,1000,2100,1600,900,900,200,1900,1000,1000,4600,200
203.0,12.98,94600,1224003.0,12.95,12.91,12.85,12.84,12.83,12.81,12.8,12.75,12.73,12.72,12.98,12.99,13.0,13.02,13.03,13.04,13.08,13.1,13.11,13.12,1500,100,600,600,200,2500,12500,10000,1300,1000,2400,1600,900,900,200,1900,1000,1000,4600,200
204.0,12.95,94900,1227888.0,12.95,12.91,12.85,12.84,12.83,12.81,12.8,12.75,12.73,12.72,12.98,12.99,13.0,13.02,13.03,13.04,13.08,13.1,13.11,13.12,1300,100,600,600,200,2500,12500,10000,1300,1000,2400,1600,900,900,200,1900,1000,1000,4600,200
205.0,12.95,95000,1229183.0,12.95,12.91,12.85,12.84,12.83,12.81,12.8,12.75,12.73,12.72,12.98,12.99,13.0,13.02,13.03,13.04,13.08,13.1,13.11,13.12,1200,100,600,600,200,2500,12500,10000,1300,1000,2900,1600,900,900,200,1900,1000,1000,4600,200
206.0,12.95,95000,1229183.0,12.95,12.91,12.85,12.84,12.83,12.81,12.8,12.75,12.73,12.72,12.98,12.99,13.0,13.02,13.03,13.04,13.08,13.1,13.11,13.12,1200,100,600,600,200,2500,12500,10000,1300,1000,3200,1600,900,900,200,1900,1000,1000,4600,200
207.0,12.95,95000,1229183.0,12.95,12.91,12.85,12.84,12.83,12.81,12.8,12.75,12.73,12.72,12.97,12.98,12.99,13.0,13.02,13.03,13.04,13.08,13.1,13.11,1200,100,600,600,200,2500,12500,10000,1300,1000,100,5200,2300,900,900,200,1900,1000,1000,4600
208.0,12.95,95000,1229183.0,12.95,12.91,12.88,12.85,12.84,12.83,12.81,12.8,12.75,12.73,12.97,12.98,12.99,13.0,13.02,13.03,13.04,13.08,13.1,13.11,1200,100,300,600,600,200,2500,12500,10000,1300,1800,5600,2300,900,900,200,1900,1000,1000,4600
209.0,12.95,95100,1230478.0,12.95,12.91,12.88,12.85,12.84,12.83,12.81,12.8,12.75,12.73,12.96,12.97,12.98,12.99,13.0,13.02,13.03,13.04,13.08,13.1,1300,100,300,600,600,18400,2500,12500,10000,1300,400,1800,5600,2300,900,900,200,1900,1000,1000
210.0,12.95,95100,1230478.0,12.95,12.91,12.88,12.85,12.84,12.83,12.81,12.8,12.75,12.73,12.96,12.97,12.98,12.99,13.0,13.02,13.03,13.04,13.08,13.1,1400,300,300,600,600,18400,2500,12500,10000,1300,600,1800,5600,2300,900,900,200,1900,1000,1000
211.0,12.95,95100,1230478.0,12.95,12.91,12.88,12.85,12.84,12.83,12.81,12.8,12.75,12.73,12.96,12.97,12.98,12.99,13.0,13.02,13.03,13.04,13.08,13.1,1400,300,300,600,600,18400,2500,12500,10000,1300,600,1800,5600,2300,900,900,200,1900,1000,1000
212.0,12.95,95100,1230478.0,12.95,12.91,12.88,12.85,12.84,12.83,12.81,12.8,12.75,12.73,12.96,12.97,12.98,12.99,13.0,13.02,13.03,13.04,13.08,13.1,1400,300,300,600,600,18400,2500,12500,10000,1300,900,1800,5900,2300,900,900,200,1900,1000,1000
213.0,12.95,95300,1233068.0,12.95,12.91,12.88,12.85,12.84,12.83,12.81,12.8,12.75,12.73,12.96,12.97,12.98,12.99,13.0,13.02,13.03,13.04,13.08,13.1,1100,300,300,600,600,18400,2500,12500,10000,1300,900,1800,5900,2300,900,900,200,1900,1000,1000
214.0,12.95,95300,1233068.0,12.95,12.91,12.88,12.85,12.84,12.83,12.81,12.8,12.75,12.73,12.96,12.97,12.98,12.99,13.0,13.02,13.03,13.04,13.08,13.1,1100,300,300,600,600,18400,2500,12500,10000,1300,500,1800,5900,2200,900,900,200,1900,1000,1000
215.0,12.95,95700,1238248.0,12.95,12.91,12.88,12.85,12.84,12.83,12.81,12.8,12.75,12.73,12.96,12.97,12.98,12.99,13.0,13.02,13.03,13.04,13.08,13.1,700,300,300,600,600,18400,2500,12500,10000,1300,500,1800,5600,2000,900,900,200,1900,1000,1000
216.0,12.95,95700,1238248.0,12.95,12.91,12.88,12.85,12.84,12.83,12.81,12.8,12.75,12.73,12.96,12.97,12.98,12.99,13.0,13.02,13.03,13.04,13.08,13.1,700,300,300,600,600,18400,2500,12500,10000,1300,500,1800,5600,2000,900,900,200,1900,1000,1000
217.0,12.96,95800,1239544.0,12.95,12.91,12.88,12.85,12.84,12.83,12.81,12.8,12.75,12.73,12.96,12.97,12.98,12.99,13.0,13.02,13.03,13.04,13.08,13.1,700,300,300,600,600,18400,2500,12500,10000,1300,400,1800,5600,2000,900,900,200,1900,1000,1000
218.0,12.96,95800,1239544.0,12.95,12.91,12.88,12.85,12.84,12.83,12.81,12.8,12.75,12.73,12.96,12.97,12.98,12.99,13.0,13.02,13.03,13.04,13.08,13.1,600,300,300,600,600,18400,2500,12500,10000,1300,700,1800,5600,2000,900,900,200,1900,1000,1000
219.0,12.96,95800,1239544.0,12.95,12.91,12.88,12.85,12.84,12.83,12.81,12.8,12.75,12.73,12.96,12.97,12.98,12.99,13.0,13.02,13.03,13.04,13.08,13.1,600,300,300,600,600,18400,2500,12500,10000,1300,700,1800,5600,2000,900,900,200,1900,1000,1000
220.0,12.96,95800,1239544.0,12.95,12.91,12.88,12.85,12.84,12.83,12.81,12.8,12.75,12.73,12.96,12.97,12.98,12.99,13.0,13.02,13.03,13.04,13.08,13.1,900,300,300,600,600,18400,2500,12500,10000,1300,700,1800,5600,2000,900,900,200,1900,1000,1000
221.0,12.96,95800,1239544.0,12.95,12.91,12.88,12.85,12.84,12.83,12.81,12.8,12.75,12.73,12.96,12.97,12.98,12.99,13.0,13.02,13.03,13.04,13.08,13.1,900,300,300,600,600,18400,2500,12500,10000,1300,700,1800,5600,2000,900,900,200,1900,1000,1000
222.0,12.96,95800,1239544.0,12.95,12.91,12.88,12.85,12.84,12.83,12.81,12.8,12.75,12.73,12.96,12.97,12.98,12.99,13.0,13.02,13.03,13.04,13.08,13.1,900,300,300,600,600,18400,2500,12500,10000,1300,700,1800,5600,2000,900,900,200,1900,1000,1000
223.0,12.96,95800,1239544.0,12.95,12.91,12.88,12.85,12.84,12.83,12.81,12.8,12.75,12.73,12.96,12.97,12.98,12.99,13.0,13.02,13.03,13.04,13.08,13.1,1100,300,300,600,600,18400,2500,12500,10000,1300,700,1800,5600,2000,900,900,200,1900,1000,1000
224.0,12.95,95900,1240839.0,12.95,12.91,12.88,12.85,12.84,12.83,12.81,12.8,12.75,12.73,12.96,12.97,12.98,12.99,13.0,13.02,13.03,13.04,13.08,13.1,1200,300,300,600,600,18400,2500,12500,10000,1300,700,1800,5600,2000,900,900,200,1900,1000,1000
225.0,12.96,96100,1243431.0,12.95,12.91,12.88,12.85,12.84,12.83,12.81,12.8,12.75,12.73,12.96,12.97,12.98,12.99,13.0,13.02,13.03,13.04,13.08,13.1,1200,300,300,600,600,18400,2500,12500,10000,1300,500,1800,5600,2000,900,900,200,1900,1000,1000
226.0,12.96,96100,1243431.0,12.95,12.91,12.88,12.85,12.84,12.83,12.81,12.8,12.75,12.73,12.96,12.97,12.98,12.99,13.0,13.02,13.03,13.04,13.08,13.1,1200,300,300,600,600,18400,2500,12500,10000,1300,500,1800,5600,2000,900,900,200,1900,1000,1000
227.0,12.96,96900,1253796.0,12.96,12.95,12.91,12.88,12.85,12.84,12.83,12.81,12.8,12.75,12.97,12.98,12.99,13.0,13.02,13.03,13.04,13.08,13.1,13.11,500,1300,300,300,600,600,18400,2500,12500,10000,1800,5600,2000,900,900,200,1900,1000,1000,4600
228.0,12.97,97100,1256390.0,12.96,12.95,12.91,12.88,12.85,12.84,12.83,12.81,12.8,12.75,12.97,12.98,12.99,13.0,13.02,13.03,13.04,13.08,13.1,13.11,1100,1400,300,300,600,600,18400,2500,12500,10000,200,5600,2000,900,900,200,1900,1000,1000,4600
229.0,12.97,97100,1256390.0,12.96,12.95,12.91,12.88,12.85,12.84,12.83,12.81,12.8,12.75,12.97,12.98,12.99,13.0,13.02,13.03,13.04,13.08,13.1,13.11,1300,1400,300,300,600,600,18400,2500,12500,10000,200,5600,2000,900,900,200,1900,1000,1000,4600
230.0,12.97,97400,1260280.0,12.97,12.96,12.95,12.91,12.88,12.85,12.84,12.83,12.81,12.8,12.98,12.99,13.0,13.02,13.03,13.04,13.08,13.1,13.11,13.12,600,1100,1400,300,300,600,600,18400,2500,12500,8100,2000,900,900,200,1900,1000,1000,4600,200
231.0,12.97,97400,1260280.0,12.97,12.96,12.95,12.91,12.88,12.85,12.84,12.83,12.81,12.8,12.98,12.99,13.0,13.02,13.03,13.04,13.08,13.1,13.11,13.12,600,1100,1400,300,300,600,600,18400,2500,12500,8100,2000,900,900,200,1900,1000,1000,4600,200
232.0,12.97,97400,1260280.0,12.97,12.96,12.95,12.91,12.88,12.85,12.84,12.83,12.81,12.8,12.98,12.99,13.0,13.02,13.03,13.04,13.08,13.1,13.11,13.12,600,1100,1400,300,300,600,600,18400,2500,12500,8100,2000,900,900,200,1900,1000,1000,4600,200
233.0,12.97,97400,1260280.0,12.97,12.96,12.95,12.91,12.88,12.85,12.84,12.83,12.81,12.8,12.98,12.99,13.0,13.02,13.03,13.04,13.08,13.1,13.11,13.12,600,1100,1400,300,300,600,600,18400,2500,12500,8100,1700,900,900,200,1900,1000,1000,4600,200
234.0,12.97,97900,1266765.0,12.97,12.96,12.95,12.91,12.88,12.85,12.84,12.83,12.81,12.8,12.98,12.99,13.0,13.02,13.03,13.04,13.08,13.1,13.11,13.12,100,1100,1400,200,300,600,600,18400,2500,12500,8100,1700,900,900,200,1900,1000,1000,4600,200
235.0,12.97,97900,1266765.0,12.97,12.96,12.95,12.91,12.88,12.85,12.84,12.83,12.81,12.8,12.98,12.99,13.0,13.02,13.03,13.04,13.08,13.1,13.11,13.12,200,1100,1400,200,300,600,600,18400,2500,12500,8100,1700,900,900,200,1900,1000,1000,4600,200
236.0,12.96,98400,1273247.0,12.96,12.95,12.91,12.88,12.85,12.84,12.83,12.81,12.8,12.75,12.98,12.99,13.0,13.02,13.03,13.04,13.08,13.1,13.11,13.12,800,1400,200,300,600,600,18400,2500,12500,10000,8100,1700,900,900,200,1900,1000,1000,4600,200
237.0,12.96,98400,1273247.0,12.96,12.95,12.91,12.88,12.85,12.84,12.83,12.81,12.8,12.75,12.98,12.99,13.0,13.02,13.03,13.04,13.08,13.1,13.11,13.12,800,1400,200,300,600,600,18400,2500,12500,10000,8100,1700,900,900,200,1900,1000,1000,4600,200
238.0,12.96,98400,1273247.0,12.96,12.95,12.91,12.88,12.85,12.84,12.83,12.81,12.8,12.75,12.98,12.99,13.0,13.02,13.03,13.04,13.08,13.1,13.11,13.12,600,1400,200,300,600,600,18400,2500,12500,10000,8400,1700,900,900,200,1900,1000,1000,4600,200
239.0,12.96,98500,1274543.0,12.96,12.95,12.91,12.88,12.85,12.84,12.83,12.81,12.8,12.75,12.98,12.99,13.0,13.02,13.03,13.04,13.08,13.1,13.11,13.12,500,1400,200,300,600,600,18400,2500,12500,10000,8400,1700,900,900,200,1900,1000,1000,4600,200
240.0,12.96,98500,1274543.0,12.96,12.95,12.91,12.88,12.85,12.84,12.83,12.81,12.8,12.75,12.98,12.99,13.0,13.02,13.03,13.04,13.08,13.1,13.11,13.12,700,1400,200,300,600,600,18400,2500,12500,10000,8400,1700,900,900,200,1900,1000,1000,4600,200
241.0,12.96,98500,1274543.0,12.96,12.95,12.91,12.88,12.85,12.84,12.83,12.81,12.8,12.75,12.98,12.99,13.0,13.02,13.03,13.04,13.08,13.1,13.11,13.12,1100,1400,200,300,600,600,18400,2500,12500,10000,8400,1700,900,900,200,1900,1000,1000,4600,200
242.0,12.96,98600,1275839.0,12.96,12.95,12.91,12.88,12.85,12.84,12.83,12.81,12.8,12.75,12.97,12.98,12.99,13.0,13.02,13.03,13.04,13.08,13.1,13.11,1200,1400,200,300,600,600,18400,2500,12500,10000,200,8400,1700,900,900,200,1900,1000,1000,4600
243.0,12.96,98600,1275839.0,12.96,12.95,12.91,12.88,12.85,12.84,12.83,12.81,12.8,12.75,12.97,12.98,12.99,13.0,13.02,13.03,13.04,13.08,13.1,13.11,1200,1400,200,300,600,600,18400,2500,12500,10000,200,8400,1700,900,900,200,1900,1000,1000,4600
244.0,12.96,98700,1277135.0,12.96,12.95,12.91,12.88,12.85,12.84,12.83,12.81,12.8,12.75,12.97,12.98,12.99,13.0,13.02,13.03,13.04,13.08,13.1,13.11,900,1400,200,300,600,600,18400,2500,12500,10000,200,8400,1700,900,900,200,1900,1000,1000,4600
245.0,12.98,99000,1281027.0,12.96,12.95,12.91,12.88,12.85,12.84,12.83,12.81,12.8,12.75,12.97,12.98,12.99,13.0,13.02,13.03,13.04,13.08,13.1,13.11,700,1400,200,300,600,600,18400,2500,12500,10000,600,8300,1700,900,900,200,1900,1000,1000,4600
246.0,12.98,99000,1281027.0,12.96,12.95,12.91,12.88,12.85,12.84,12.83,12.81,12.8,12.75,12.97,12.98,12.99,13.0,13.02,13.03,13.04,13.08,13.1,13.11,700,1400,200,300,600,600,18400,2500,12500,10000,600,8300,1700,900,900,200,1900,1000,1000,4600
247.0,12.98,99000,1281027.0,12.96,12.95,12.91,12.88,12.85,12.84,12.83,12.81,12.8,12.75,12.97,12.98,12.99,13.0,13.02,13.03,13.04,13.08,13.1,13.11,700,1400,200,300,600,600,18400,2500,12500,10000,600,8300,1700,900,900,200,1900,1000,1000,4600
248.0,12.98,99000,1281027.0,12.96,12.95,12.91,12.88,12.85,12.84,12.83,12.81,12.8,12.75,12.97,12.98,12.99,13.0,13.02,13.03,13.04,13.08,13.1,13.11,700,1400,200,300,600,600,18400,2500,12500,10000,600,8300,1700,900,900,200,1900,1000,1000,4600
249.0,12.98,99000,1281027.0,12.96,12.95,12.91,12.88,12.85,12.84,12.83,12.81,12.8,12.75,12.97,12.98,12.99,13.0,13.02,13.03,13.04,13.08,13.1,13.11,700,1400,200,300,600,600,18400,2500,12500,10000,600,8300,1700,900,900,200,1900,1000,1000,4600
250.0,12.97,99200,1283621.0,12.96,12.95,12.91,12.88,12.85,12.84,12.83,12.81,12.8,12.75,12.97,12.98,12.99,13.0,13.02,13.03,13.04,13.08,13.1,13.11,600,1400,200,300,600,600,18400,2500,12500,10000,400,8300,1700,900,900,200,1900,1000,1000,4600
251.0,12.97,99700,1290105.0,12.96,12.95,12.91,12.88,12.85,12.84,12.83,12.81,12.8,12.76,12.98,12.99,13.0,13.02,13.03,13.04,13.08,13.1,13.11,13.12,900,1400,200,300,600,600,18400,2500,12500,200,8300,1700,900,900,200,1900,1000,1000,4600,200
252.0,12.97,99700,1290105.0,12.96,12.95,12.91,12.88,12.85,12.84,12.83,12.81,12.8,12.76,12.98,12.99,13.0,13.02,13.03,13.04,13.08,13.1,13.11,13.12,900,1400,200,300,600,600,18400,2500,12500,200,8300,1700,900,900,200,1900,1000,1000,4600,200
253.0,12.97,99700,1290105.0,12.96,12.95,12.91,12.88,12.85,12.84,12.83,12.81,12.8,12.76,12.98,12.99,13.0,13.02,13.03,13.04,13.08,13.1,13.11,13.12,900,1400,200,300,600,600,18400,2500,12500,200,8300,1700,900,900,200,1900,1000,1000,4600,200
254.0,12.97,99700,1290105.0,12.96,12.95,12.91,12.88,12.85,12.84,12.83,12.81,12.8,12.76,12.98,12.99,13.0,13.02,13.03,13.04,13.08,13.1,13.11,13.12,900,1400,200,300,600,600,18400,2500,12500,200,8300,1700,900,900,200,1900,1000,1000,4600,200
255.0,12.97,99700,1290105.0,12.96,12.95,12.91,12.88,12.85,12.84,12.83,12.81,12.8,12.76,12.98,12.99,13.0,13.02,13.03,13.04,13.08,13.1,13.11,13.12,900,1400,200,300,600,600,18400,2500,12500,200,8300,1700,900,900,200,1900,1000,1000,4600,200
256.0,12.97,99700,1290105.0,12.96,12.95,12.91,12.88,12.85,12.84,12.83,12.81,12.8,12.76,12.98,12.99,13.0,13.02,13.03,13.04,13.08,13.1,13.11,13.12,900,1400,200,300,600,600,18400,2500,12500,200,6700,1700,900,900,200,1900,1000,1000,4600,200
257.0,12.97,99900,1292699.0,12.96,12.95,12.91,12.88,12.85,12.84,12.83,12.81,12.8,12.76,12.97,12.98,12.99,13.0,13.02,13.03,13.04,13.08,13.1,13.11,800,1400,200,300,600,600,18400,2500,12500,200,100,6700,1700,900,900,200,1900,1000,1600,4600
258.0,12.98,103200,1335532.0,12.97,12.96,12.95,12.88,12.85,12.84,12.83,12.81,12.8,12.76,12.98,12.99,13.0,13.02,13.03,13.04,13.08,13.1,13.11,13.12,500,900,1400,300,600,600,18400,2500,12500,200,3500,1700,900,100,200,1900,1000,1600,4600,200
259.0,12.98,103200,1335532.0,12.97,12.96,12.95,12.88,12.85,12.84,12.83,12.81,12.8,12.76,12.98,12.99,13.0,13.02,13.03,13.04,13.08,13.1,13.11,13.12,500,900,1400,300,600,600,18400,2500,12500,200,3500,1700,900,100,200,1900,1000,1600,4600,200
260.0,12.97,105100,1360175.0,12.96,12.95,12.88,12.85,12.84,12.83,12.81,12.8,12.76,12.75,12.97,12.98,12.99,13.0,13.02,13.03,13.04,13.08,13.1,13.11,900,1400,300,600,600,18400,2500,12500,200,10000,2300,3500,1700,900,100,200,1900,1000,1600,4600
261.0,12.97,105100,1360175.0,12.96,12.95,12.88,12.85,12.84,12.83,12.81,12.8,12.76,12.75,12.97,12.98,12.99,13.0,13.02,13.03,13.04,13.08,13.1,13.11,900,1400,300,600,600,18400,2500,12500,200,10000,2300,3500,1700,900,100,200,1900,1000,1600,4600
262.0,12.97,105400,1364065.0,12.96,12.95,12.88,12.85,12.84,12.83,12.81,12.8,12.76,12.75,12.97,12.98,12.99,13.0,13.02,13.03,13.04,13.08,13.1,13.11,800,1400,300,600,600,18400,2500,12500,200,10000,2100,3500,1900,900,100,200,1900,1000,1600,4600
263.0,12.97,105400,1364065.0,12.96,12.95,12.88,12.85,12.84,12.83,12.81,12.8,12.76,12.75,12.97,12.98,12.99,13.0,13.02,13.03,13.04,13.08,13.1,13.11,800,1400,300,600,600,18400,2500,12500,200,10000,2100,3500,1900,900,100,200,1900,1000,1600,4600
264.0,12.97,105800,1369253.0,12.96,12.95,12.88,12.85,12.84,12.83,12.81,12.8,12.76,12.75,12.97,12.98,12.99,13.0,13.02,13.03,13.04,13.08,13.1,13.11,800,1400,300,600,600,18400,2500,12500,200,10000,1700,3500,1900,900,100,200,1900,1000,1600,4600
265.0,12.98,107900,1396494.0,12.97,12.96,12.95,12.88,12.85,12.84,12.83,12.81,12.8,12.76,12.98,12.99,13.0,13.02,13.03,13.04,13.08,13.1,13.11,13.12,400,800,1400,300,600,600,18400,2500,12500,200,3100,1900,900,100,200,1900,1000,1600,4600,200
266.0,12.97,108000,1397791.0,12.97,12.96,12.95,12.88,12.85,12.84,12.83,12.81,12.8,12.76,12.98,12.99,13.0,13.02,13.03,13.04,13.08,13.1,13.11,13.12,400,800,1400,300,600,600,18400,2500,12500,200,3100,1900,900,100,200,1900,1000,1600,4600,200
267.0,12.97,108000,1397791.0,12.97,12.96,12.95,12.88,12.85,12.84,12.83,12.82,12.81,12.8,12.98,12.99,13.0,13.02,13.03,13.04,13.08,13.1,13.11,13.12,400,800,1400,300,600,600,18400,200,2500,12500,3100,1900,900,100,200,1900,1000,1600,4600,200
268.0,12.97,108000,1397791.0,12.97,12.96,12.95,12.88,12.85,12.84,12.83,12.82,12.81,12.8,12.98,12.99,13.0,13.02,13.03,13.04,13.08,13.1,13.11,13.12,400,800,1400,300,600,600,18400,200,2500,12500,3100,1900,900,100,200,1900,1000,1600,4600,200
269.0,12.96,109300,1414643.0,12.95,12.88,12.85,12.84,12.83,12.82,12.81,12.8,12.76,12.75,12.96,12.97,12.98,12.99,13.0,13.02,13.03,13.04,13.08,13.1,1400,300,600,600,18400,200,2500,12500,200,10000,100,2600,3100,1900,900,100,200,1900,1000,1600
270.0,12.95,109400,1415938.0,12.95,12.88,12.85,12.84,12.83,12.82,12.81,12.8,12.76,12.75,12.96,12.97,12.98,12.99,13.0,13.02,13.03,13.04,13.08,13.1,1300,300,600,600,18400,200,2500,12500,200,10000,100,2600,3100,1900,900,100,200,1900,1000,1600
271.0,12.95,109400,1415938.0,12.95,12.88,12.85,12.84,12.83,12.82,12.81,12.8,12.76,12.75,12.96,12.97,12.98,12.99,13.0,13.02,13.03,13.04,13.08,13.1,1300,300,600,600,18400,200,2500,12500,200,10000,100,2600,3100,1900,900,100,200,1900,1000,1600
272.0,12.96,109600,1418529.0,12.95,12.88,12.85,12.84,12.83,12.82,12.81,12.8,12.76,12.75,12.96,12.97,12.98,12.99,13.0,13.02,13.03,13.04,13.08,13.1,1200,300,600,600,18400,200,2500,12500,200,10000,400,2600,3100,1900,900,100,200,1900,1000,1600
273.0,12.96,109700,1419825.0,12.95,12.88,12.85,12.84,12.83,12.82,12.81,12.8,12.76,12.75,12.96,12.97,12.98,12.99,13.0,13.02,13.03,13.04,13.08,13.1,1200,300,600,600,18400,200,2500,12500,200,10000,300,2600,3100,1900,900,100,200,1900,1000,1600
274.0,12.96,110000,1423711.0,12.95,12.88,12.85,12.84,12.83,12.82,12.81,12.8,12.76,12.75,12.96,12.97,12.98,12.99,13.0,13.02,13.03,13.04,13.08,13.1,1000,300,600,600,18400,200,2500,12500,200,10000,300,2600,3100,1900,900,100,200,1900,1000,1600
275.0,12.95,110200,1426301.0,12.95,12.88,12.85,12.84,12.83,12.82,12.81,12.8,12.76,12.75,12.96,12.97,12.98,12.99,13.0,13.02,13.03,13.04,13.08,13.1,800,300,600,600,18400,200,2500,12500,200,10000,800,2600,3100,1900,900,100,200,1900,1000,1600
276.0,12.96,110300,1427597.0,12.95,12.88,12.85,12.84,12.83,12.82,12.81,12.8,12.76,12.75,12.96,12.97,12.98,12.99,13.0,13.02,13.03,13.04,13.08,13.1,800,300,600,600,18400,200,2500,12500,200,10000,700,2400,3100,1900,900,100,200,1900,1000,1600
277.0,12.96,110300,1427597.0,12.95,12.88,12.85,12.84,12.83,12.82,12.81,12.8,12.76,12.75,12.96,12.97,12.98,12.99,13.0,13.02,13.03,13.04,13.08,13.1,800,300,600,600,18400,200,2500,12500,200,10000,700,2400,3100,1900,900,100,200,1900,1000,1600
278.0,12.96,110300,1427597.0,12.95,12.88,12.85,12.84,12.83,12.82,12.81,12.8,12.76,12.75,12.96,12.97,12.98,12.99,13.0,13.02,13.03,13.04,13.08,13.1,800,300,600,600,18400,200,2500,12500,200,10000,700,1400,3100,1900,900,100,200,1900,1000,1600
279.0,12.96,110400,1428893.0,12.95,12.88,12.85,12.84,12.83,12.82,12.81,12.8,12.76,12.75,12.96,12.97,12.98,12.99,13.0,13.02,13.03,13.04,13.08,13.1,800,300,600,600,18400,200,2500,12500,200,10000,600,1400,3100,1500,900,100,200,1900,1000,1600
280.0,12.97,110900,1435376.0,12.95,12.88,12.85,12.84,12.83,12.82,12.81,12.8,12.76,12.75,12.97,12.98,12.99,13.0,13.02,13.03,13.04,13.06,13.08,13.1,800,300,600,600,18400,200,2500,12500,200,10000,1100,3100,1500,900,100,200,1900,800,1000,1600
281.0,12.97,110900,1435376.0,12.96,12.95,12.88,12.85,12.84,12.83,12.82,12.81,12.8,12.76,12.97,12.98,12.99,13.0,13.02,13.03,13.04,13.06,13.08,13.1,1500,900,300,600,600,18400,200,2500,12500,200,1300,3100,1500,900,100,200,1900,800,1000,1600
282.0,12.97,110900,1435376.0,12.96,12.95,12.88,12.85,12.84,12.83,12.82,12.81,12.8,12.76,12.97,12.98,12.99,13.0,13.02,13.03,13.04,13.06,13.08,13.1,2300,900,300,600,600,18400,200,2200,12500,200,1300,3100,1500,900,100,200,1900,800,1000,1600
283.0,12.97,110900,1435376.0,12.96,12.95,12.88,12.85,12.84,12.83,12.82,12.81,12.8,12.76,12.97,12.98,12.99,13.0,13.02,13.03,13.04,13.06,13.08,13.1,2300,900,300,600,600,18400,200,2200,12500,200,1300,3100,1500,900,100,200,1900,800,1000,1600
284.0,12.96,111200,1439266.0,12.96,12.95,12.88,12.85,12.84,12.83,12.82,12.81,12.8,12.76,12.97,12.98,12.99,13.0,13.02,13.03,13.04,13.06,13.08,13.1,2200,900,300,600,600,18400,200,2200,12500,200,1100,3100,1500,900,100,200,1900,800,1000,1600
285.0,12.96,111200,1439266.0,12.96,12.95,12.88,12.85,12.84,12.83,12.82,12.81,12.8,12.76,12.97,12.98,12.99,13.0,13.02,13.03,13.04,13.06,13.08,13.1,2200,900,300,600,600,18400,200,2200,12500,200,1100,3100,1500,900,100,200,1900,800,1000,1600
286.0,12.96,111600,1444450.0,12.96,12.95,12.88,12.85,12.84,12.83,12.82,12.81,12.8,12.76,12.97,12.98,12.99,13.0,13.02,13.03,13.04,13.06,13.08,13.1,1800,900,300,600,600,18400,200,2200,12500,200,1100,3100,1500,900,100,200,1900,800,1000,1600
287.0,12.96,111800,1447043.0,12.96,12.95,12.88,12.85,12.84,12.83,12.82,12.81,12.8,12.76,12.97,12.98,12.99,13.0,13.02,13.03,13.04,13.06,13.08,13.1,1700,900,300,600,600,18400,200,2200,12500,200,1700,3100,1500,900,100,200,1900,800,1000,1600
288.0,12.96,111800,1447043.0,12.96,12.95,12.88,12.85,12.84,12.83,12.82,12.81,12.8,12.76,12.97,12.98,12.99,13.0,13.02,13.03,13.04,13.06,13.08,13.1,1700,900,300,600,600,18400,200,2200,12500,200,1700,3100,1500,900,100,200,1900,800,1000,1600
289.0,12.96,111800,1447043.0,12.96,12.95,12.88,12.85,12.84,12.83,12.82,12.81,12.8,12.76,12.97,12.98,12.99,13.0,13.02,13.03,13.04,13.06,13.08,13.1,1700,900,300,600,600,18400,200,1400,12500,200,1700,3100,1500,900,100,200,1900,800,1000,1600
290.0,12.97,111900,1448340.0,12.96,12.95,12.88,12.85,12.84,12.83,12.82,12.81,12.8,12.76,12.97,12.98,12.99,13.0,13.02,13.03,13.04,13.06,13.08,13.1,1700,900,300,600,600,18400,200,1400,12500,200,1600,3100,1500,900,100,200,1900,800,1000,1600
291.0,12.97,111900,1448340.0,12.96,12.95,12.88,12.85,12.84,12.83,12.82,12.81,12.8,12.76,12.97,12.98,12.99,13.0,13.02,13.03,13.04,13.06,13.08,13.1,1700,900,300,600,600,18400,200,1400,12500,200,1600,3100,1500,900,100,200,1900,800,1000,1600
292.0,12.97,111900,1448340.0,12.96,12.95,12.88,12.85,12.84,12.83,12.82,12.81,12.8,12.76,12.97,12.98,12.99,13.0,13.02,13.03,13.04,13.06,13.08,13.1,1800,900,300,600,600,18400,200,1400,12500,200,1600,3100,1500,900,100,200,1900,800,1000,1600
293.0,12.97,111900,1448340.0,12.96,12.95,12.88,12.85,12.84,12.83,12.82,12.81,12.8,12.76,12.97,12.98,12.99,13.0,13.02,13.03,13.04,13.06,13.08,13.1,1800,900,300,600,600,18400,200,1400,12500,200,1600,3100,1500,900,100,200,1900,800,1000,1600
294.0,12.96,112100,1450933.0,12.96,12.95,12.88,12.85,12.84,12.83,12.82,12.81,12.8,12.76,12.97,12.98,12.99,13.0,13.02,13.03,13.04,13.06,13.08,13.1,1500,900,300,600,600,18400,200,1400,12500,200,3300,3100,1500,900,100,200,1900,800,1000,1600
295.0,12.96,112100,1450933.0,12.96,12.95,12.88,12.85,12.84,12.83,12.82,12.81,12.8,12.76,12.97,12.98,12.99,13.0,13.02,13.03,13.04,13.06,13.08,13.1,1500,900,300,600,600,18400,200,1400,12500,200,3300,3100,1500,900,100,200,1900,800,1000,1600
296.0,12.97,112400,1454824.0,12.96,12.95,12.88,12.85,12.84,12.83,12.82,12.81,12.8,12.76,12.97,12.98,12.99,13.0,13.02,13.03,13.04,13.06,13.08,13.1,1500,900,300,600,600,18400,200,1400,12500,200,3000,3100,1500,900,100,200,1900,800,1000,1600
297.0,12.96,113000,1462603.0,12.96,12.95,12.88,12.85,12.84,12.83,12.82,12.81,12.8,12.76,12.97,12.98,12.99,13.0,13.02,13.03,13.04,13.06,13.08,13.1,1200,900,300,600,600,18400,200,1400,12500,200,2700,3100,1500,900,100,200,1900,800,1000,1900
298.0,12.97,113200,1465197.0,12.96,12.95,12.88,12.85,12.84,12.83,12.82,12.81,12.8,12.76,12.97,12.98,12.99,13.0,13.02,13.03,13.04,13.06,13.08,13.1,1200,900,300,600,600,18400,200,1400,12500,200,2500,3100,1500,900,100,200,1900,800,1000,1900
299.0,12.97,113200,1465197.0,12.96,12.95,12.88,12.85,12.84,12.83,12.82,12.81,12.8,12.76,12.97,12.98,12.99,13.0,13.02,13.03,13.04,13.06,13.08,13.1,1300,900,300,600,600,18400,200,1400,12500,200,2500,3100,1500,900,100,200,1900,800,1000,1900
300.0,12.97,113400,1467791.0,12.96,12.95,12.88,12.85,12.84,12.83,12.82,12.81,12.8,12.76,12.97,12.98,12.99,13.0,13.02,13.03,13.04,13.06,13.08,13.1,1300,900,300,600,600,18400,200,1400,12500,200,2300,3100,1500,900,100,200,1900,800,1000,1900
301.0,12.97,113600,1470385.0,12.96,12.95,12.88,12.85,12.84,12.83,12.82,12.81,12.8,12.76,12.97,12.98,12.99,13.0,13.02,13.03,13.04,13.06,13.08,13.1,1300,900,300,600,600,18400,200,1400,12500,200,2100,3100,1500,900,100,200,1900,800,1000,1900
302.0,12.98,116600,1509302.0,12.97,12.96,12.95,12.88,12.85,12.84,12.83,12.82,12.81,12.8,12.98,12.99,13.0,13.02,13.03,13.04,13.06,13.08,13.1,13.11,300,1300,900,300,600,600,18400,200,1400,12500,2300,1500,900,100,200,1900,800,1000,1900,4600
303.0,12.97,116900,1513193.0,12.97,12.96,12.95,12.88,12.85,12.84,12.83,12.82,12.81,12.8,12.98,12.99,13.0,13.02,13.03,13.04,13.06,13.08,13.1,13.11,400,1300,900,300,600,600,18400,200,1300,12500,2300,800,900,100,200,1900,800,1000,1900,4600
304.0,12.98,117100,1515789.0,12.97,12.96,12.95,12.88,12.85,12.84,12.83,12.82,12.81,12.8,12.98,12.99,13.0,13.02,13.03,13.04,13.06,13.08,13.1,13.11,400,1300,900,300,600,600,18400,200,1300,12500,2100,800,900,100,200,1900,800,1000,1900,4600
305.0,12.98,118600,1535257.0,12.97,12.96,12.95,12.85,12.84,12.83,12.82,12.81,12.8,12.76,12.98,12.99,13.0,13.02,13.03,13.04,13.06,13.08,13.1,13.11,300,1300,900,600,600,18400,200,1300,12500,200,800,900,900,100,200,1900,800,1000,1900,4600
306.0,12.98,118600,1535257.0,12.97,12.96,12.95,12.85,12.84,12.83,12.82,12.81,12.8,12.76,12.98,12.99,13.0,13.02,13.03,13.04,13.06,13.08,13.1,13.11,300,1300,900,600,600,18400,200,1100,12500,200,800,900,900,100,200,1900,800,1000,1900,4600
307.0,12.98,118600,1535257.0,12.97,12.96,12.95,12.85,12.84,12.83,12.82,12.81,12.8,12.76,12.98,12.99,13.0,13.02,13.03,13.04,13.06,13.08,13.1,13.11,300,1300,900,600,600,18400,200,1100,12500,200,800,900,900,100,200,1900,800,1000,1900,4600
308.0,12.98,118600,1535257.0,12.97,12.96,12.95,12.85,12.84,12.83,12.82,12.81,12.8,12.76,12.98,12.99,13.0,13.02,13.03,13.04,13.06,13.08,13.1,13.11,300,1300,900,600,600,18400,200,1000,12500,200,1900,900,900,100,200,1900,800,1000,1900,4600
309.0,12.97,118800,1537851.0,12.96,12.95,12.85,12.84,12.83,12.82,12.81,12.8,12.76,12.75,12.97,12.98,12.99,13.0,13.02,13.03,13.04,13.06,13.08,13.1,300,900,600,600,18400,200,1000,12500,200,10000,1200,3700,1600,900,100,200,1900,800,1000,1900
310.0,12.96,119500,1546927.0,12.95,12.85,12.84,12.83,12.82,12.81,12.8,12.76,12.75,12.73,12.97,12.98,12.99,13.0,13.02,13.03,13.04,13.06,13.08,13.1,900,600,600,18400,200,1000,12500,200,10000,1300,800,2900,1600,900,100,200,1900,800,1000,1900
311.0,12.96,119500,1546927.0,12.95,12.85,12.84,12.83,12.82,12.81,12.8,12.76,12.75,12.73,12.96,12.97,12.98,12.99,13.0,13.02,13.03,13.04,13.06,13.08,900,600,600,18400,200,1000,12500,200,10000,1300,400,800,2900,1600,900,100,200,1900,800,1000
312.0,12.97,120200,1556002.0,12.95,12.85,12.84,12.83,12.82,12.81,12.8,12.76,12.75,12.73,12.97,12.98,12.99,13.0,13.02,13.03,13.04,13.06,13.08,13.1,900,600,600,18400,200,1000,12500,200,10000,1300,500,2900,1600,900,100,200,1900,800,1000,1900
313.0,12.97,120300,1557299.0,12.95,12.85,12.84,12.83,12.82,12.81,12.8,12.76,12.75,12.73,12.97,12.98,12.99,13.0,13.02,13.03,13.04,13.06,13.08,13.1,900,600,600,18400,200,1000,12500,200,10000,1300,400,2900,1600,900,100,200,1900,800,1000,1900
314.0,12.97,120400,1558596.0,12.95,12.88,12.85,12.84,12.83,12.82,12.81,12.8,12.76,12.75,12.96,12.97,12.98,12.99,13.0,13.02,13.03,13.04,13.06,13.08,900,300,600,600,18400,200,1000,12500,200,10000,100,300,2900,1600,900,100,200,1900,800,1000
315.0,12.97,120400,1558596.0,12.95,12.88,12.85,12.84,12.83,12.82,12.81,12.8,12.76,12.75,12.96,12.97,12.98,12.99,13.0,13.02,13.03,13.04,13.06,13.08,900,300,600,600,18400,200,1000,12500,200,10000,100,300,2900,1600,900,100,200,1900,800,1000
316.0,12.96,120500,1559892.0,12.95,12.88,12.85,12.84,12.83,12.82,12.81,12.8,12.76,12.75,12.97,12.98,12.99,13.0,13.02,13.03,13.04,13.06,13.08,13.1,900,300,600,600,18400,200,1000,12500,200,10000,300,2900,1600,900,100,200,1900,800,1000,1900
317.0,12.96,120500,1559892.0,12.95,12.88,12.85,12.84,12.83,12.82,12.81,12.8,12.76,12.75,12.96,12.97,12.98,12.99,13.0,13.02,13.03,13.04,13.06,13.08,1000,300,600,600,18400,200,1000,12500,200,10000,200,300,2900,1600,900,100,200,1900,800,1000
318.0,12.96,120500,1559892.0,12.95,12.88,12.85,12.84,12.83,12.82,12.81,12.8,12.76,12.75,12.96,12.97,12.98,12.99,13.0,13.02,13.03,13.04,13.06,13.08,900,300,600,600,18400,200,1000,12500,200,10000,200,300,2900,1600,900,100,200,1900,800,1000
319.0,12.96,120500,1559892.0,12.95,12.88,12.85,12.84,12.83,12.82,12.81,12.8,12.76,12.75,12.96,12.97,12.98,12.99,13.0,13.02,13.03,13.04,13.06,13.08,900,300,600,600,18400,200,1000,12500,200,10000,200,300,2900,1600,900,100,200,1900,800,1000
320.0,12.95,120700,1562482.0,12.95,12.88,12.85,12.84,12.83,12.82,12.81,12.8,12.76,12.75,12.96,12.97,12.98,12.99,13.0,13.02,13.03,13.04,13.06,13.08,500,300,600,600,18400,200,1000,12500,200,10000,300,300,2900,1400,900,100,200,1900,800,1000
321.0,12.96,121100,1567665.0,12.95,12.88,12.85,12.84,12.83,12.82,12.81,12.8,12.76,12.75,12.97,12.98,12.99,13.0,13.02,13.03,13.04,13.06,13.08,13.1,500,300,600,600,18400,200,1000,12500,200,10000,300,2900,1400,900,100,200,1900,800,1000,1900
322.0,12.96,121200,1568961.0,12.95,12.88,12.85,12.84,12.83,12.82,12.81,12.8,12.76,12.75,12.97,12.98,12.99,13.0,13.02,13.03,13.04,13.06,13.08,13.1,500,300,600,600,18400,200,1000,12500,200,10000,300,2900,1400,900,100,200,1900,800,1000,1900
323.0,12.96,121200,1568961.0,12.95,12.88,12.85,12.84,12.83,12.82,12.81,12.8,12.76,12.75,12.96,12.97,12.98,12.99,13.0,13.02,13.03,13.04,13.06,13.08,400,300,600,600,18400,200,1000,12500,200,10000,200,300,2900,1400,900,100,200,1900,800,1000
324.0,12.95,121700,1575436.0,12.93,12.92,12.91,12.88,12.85,12.84,12.83,12.82,12.81,12.8,12.95,12.96,12.97,12.98,12.99,13.0,13.02,13.03,13.04,13.06,200,2800,200,4400,900,600,18400,200,1000,12500,2200,200,300,2900,1400,900,100,200,1900,800
325.0,12.95,121900,1578026.0,12.93,12.92,12.91,12.88,12.85,12.84,12.83,12.82,12.81,12.8,12.95,12.96,12.97,12.98,12.99,13.0,13.02,13.03,13.04,13.06,200,2800,200,4500,900,600,18400,200,1000,12500,2000,300,300,2900,1400,900,100,200,1900,800
326.0,12.95,121900,1578026.0,12.93,12.92,12.91,12.88,12.85,12.84,12.83,12.82,12.81,12.8,12.95,12.96,12.97,12.98,12.99,13.0,13.02,13.03,13.04,13.06,200,2800,200,4500,900,600,18400,200,1000,12500,2000,300,300,2900,1400,900,100,200,1900,800
327.0,12.95,121900,1578026.0,12.93,12.92,12.91,12.88,12.85,12.84,12.83,12.82,12.81,12.8,12.95,12.96,12.97,12.98,12.99,13.0,13.02,13.03,13.04,13.06,100,2800,200,4500,900,600,18400,200,1000,12500,2000,1600,300,2900,1400,900,100,200,1900,800
328.0,12.95,122200,1581911.0,12.93,12.92,12.91,12.88,12.85,12.84,12.83,12.82,12.81,12.8,12.95,12.96,12.97,12.98,12.99,13.0,13.02,13.03,13.04,13.06,100,2800,200,4500,900,600,18400,200,1000,12500,1700,1600,300,2900,1400,900,100,200,1900,800
329.0,12.95,122200,1581911.0,12.93,12.92,12.91,12.88,12.85,12.84,12.83,12.82,12.81,12.8,12.95,12.96,12.97,12.98,12.99,13.0,13.02,13.03,13.04,13.06,100,2800,200,4500,900,600,18400,200,1000,12500,1900,1600,300,2900,1400,900,100,200,1900,800
330.0,12.95,124000,1605221.0,12.93,12.92,12.91,12.88,12.85,12.84,12.83,12.82,12.81,12.8,12.95,12.96,12.97,12.98,12.99,13.0,13.02,13.03,13.04,13.06,100,2800,200,4500,900,600,18400,200,1000,12500,600,1600,300,2900,1400,900,100,200,1900,800
331.0,12.95,124000,1605221.0,12.93,12.92,12.91,12.88,12.85,12.84,12.83,12.82,12.81,12.8,12.95,12.96,12.97,12.98,12.99,13.0,13.02,13.03,13.04,13.06,200,2800,200,4500,900,600,18400,200,1000,12500,600,1600,300,2900,1400,900,100,200,1900,800
332.0,12.95,124000,1605221.0,12.93,12.92,12.91,12.88,12.85,12.84,12.83,12.82,12.81,12.8,12.95,12.96,12.97,12.98,12.99,13.0,13.02,13.03,13.04,13.06,200,2800,200,4500,900,600,18400,200,1000,12500,600,1600,300,2900,1400,900,100,200,1900,800
333.0,12.95,124000,1605221.0,12.93,12.92,12.91,12.88,12.85,12.84,12.83,12.82,12.81,12.8,12.95,12.96,12.97,12.98,12.99,13.0,13.02,13.03,13.04,13.06,200,2800,200,4500,900,600,18400,200,1000,12500,600,1600,300,2900,1400,900,100,200,1900,800
334.0,12.95,124000,1605221.0,12.93,12.92,12.91,12.88,12.85,12.84,12.83,12.82,12.81,12.8,12.95,12.96,12.97,12.98,12.99,13.0,13.02,13.03,13.04,13.06,300,2800,200,4500,900,600,18400,200,1000,12500,600,1600,300,2900,1400,900,100,200,1900,800
335.0,12.95,124100,1606516.0,12.93,12.91,12.88,12.85,12.84,12.83,12.82,12.81,12.8,12.79,12.95,12.96,12.97,12.98,12.99,13.0,13.02,13.03,13.04,13.06,300,200,4500,900,600,18400,200,1000,12500,500,500,1600,300,2900,1400,900,100,200,1900,800
336.0,12.95,124100,1606516.0,12.93,12.91,12.88,12.85,12.84,12.83,12.82,12.81,12.8,12.79,12.95,12.96,12.97,12.98,12.99,13.0,13.02,13.03,13.04,13.06,300,200,4500,900,600,18400,200,1000,12500,500,500,1600,300,2900,1400,900,100,200,1900,800
337.0,12.95,124100,1606516.0,12.93,12.91,12.88,12.85,12.84,12.83,12.82,12.81,12.8,12.79,12.95,12.96,12.97,12.98,12.99,13.0,13.02,13.03,13.04,13.06,300,200,4500,900,600,18400,200,1000,12500,500,500,1600,300,2900,1400,900,100,200,1900,800
338.0,12.95,124100,1606516.0,12.93,12.91,12.88,12.85,12.84,12.83,12.82,12.81,12.8,12.79,12.95,12.96,12.97,12.98,12.99,13.0,13.02,13.03,13.04,13.06,300,200,4500,900,600,18400,200,1000,12500,500,500,1600,300,2900,1400,900,100,200,1900,800
339.0,12.95,124500,1611696.0,12.93,12.91,12.88,12.87,12.85,12.84,12.83,12.82,12.81,12.8,12.95,12.96,12.97,12.98,12.99,13.0,13.02,13.03,13.04,13.06,400,200,4500,400,900,600,18400,200,1000,12500,200,2600,300,2900,1400,900,100,200,1900,800
340.0,12.95,124500,1611696.0,12.93,12.91,12.88,12.87,12.85,12.84,12.83,12.82,12.81,12.8,12.95,12.96,12.97,12.98,12.99,13.0,13.02,13.03,13.04,13.06,400,200,4500,400,900,600,18400,200,1000,12500,200,2600,300,2900,1400,900,100,200,1900,800
341.0,12.95,124600,1612991.0,12.93,12.91,12.88,12.87,12.85,12.84,12.83,12.82,12.81,12.8,12.95,12.96,12.97,12.98,12.99,13.0,13.02,13.03,13.04,13.06,600,200,4500,400,900,600,18400,200,1000,12500,200,2600,300,2900,1400,900,100,200,1900,800
342.0,12.95,124600,1612991.0,12.93,12.91,12.88,12.87,12.85,12.84,12.83,12.82,12.81,12.8,12.95,12.96,12.97,12.98,12.99,13.0,13.02,13.03,13.04,13.06,600,200,4500,400,900,600,18400,200,1000,12500,200,2600,300,2900,1400,900,100,200,1900,800
343.0,12.95,124600,1612991.0,12.93,12.91,12.88,12.87,12.85,12.84,12.83,12.82,12.81,12.8,12.95,12.96,12.97,12.98,12.99,13.0,13.02,13.03,13.04,13.06,600,200,4500,400,900,600,18400,200,1000,12500,500,2600,300,2900,1400,900,100,200,1900,800
344.0,12.95,124700,1614286.0,12.93,12.91,12.88,12.87,12.85,12.84,12.83,12.82,12.81,12.8,12.95,12.96,12.97,12.98,12.99,13.0,13.02,13.03,13.04,13.06,700,200,4500,400,900,600,18400,200,1000,12500,500,2600,300,2900,1400,900,100,200,1900,800
345.0,12.95,124800,1615581.0,12.93,12.91,12.88,12.87,12.85,12.84,12.83,12.82,12.81,12.8,12.95,12.96,12.97,12.98,12.99,13.0,13.02,13.03,13.04,13.06,700,200,4500,400,900,600,18400,200,1000,12500,400,2600,300,2900,1400,900,100,200,1900,800
346.0,12.95,125000,1618171.0,12.93,12.91,12.88,12.87,12.85,12.84,12.83,12.82,12.81,12.8,12.95,12.96,12.97,12.98,12.99,13.0,13.02,13.03,13.04,13.06,700,200,4500,400,900,600,18400,200,1000,12500,200,2600,300,2900,1400,900,100,200,1900,800
347.0,12.95,125100,1619466.0,12.93,12.91,12.88,12.87,12.85,12.84,12.83,12.82,12.81,12.8,12.95,12.96,12.97,12.98,12.99,13.0,13.02,13.03,13.04,13.06,600,200,4500,400,900,600,18400,200,1000,12500,100,2600,300,2900,1400,900,100,200,1900,800
348.0,12.95,125100,1619466.0,12.93,12.91,12.88,12.87,12.85,12.84,12.83,12.82,12.81,12.8,12.95,12.96,12.97,12.98,12.99,13.0,13.02,13.03,13.04,13.06,600,200,4500,400,900,600,18400,200,1000,12500,100,2600,300,2900,1400,900,100,200,1900,800
349.0,12.95,125100,1619466.0,12.93,12.91,12.88,12.87,12.85,12.84,12.83,12.82,12.81,12.8,12.95,12.96,12.97,12.98,12.99,13.0,13.02,13.03,13.04,13.06,600,200,4500,400,900,600,18400,200,1000,12500,100,2600,300,2900,1400,900,100,200,1900,800
350.0,12.95,125100,1619466.0,12.93,12.91,12.88,12.87,12.85,12.84,12.83,12.82,12.81,12.8,12.95,12.96,12.97,12.98,12.99,13.0,13.02,13.03,13.04,13.06,600,200,4500,400,900,600,18400,200,1000,12500,700,2600,300,2900,1400,900,100,200,1900,800
351.0,12.95,125100,1619466.0,12.93,12.91,12.88,12.87,12.85,12.84,12.83,12.82,12.81,12.8,12.95,12.96,12.97,12.98,12.99,13.0,13.02,13.03,13.04,13.06,600,200,4500,400,900,600,18400,200,1000,12500,1400,2600,300,2900,1400,900,100,200,1900,800
352.0,12.95,125100,1619466.0,12.93,12.91,12.88,12.87,12.85,12.84,12.83,12.82,12.81,12.8,12.95,12.96,12.97,12.98,12.99,13.0,13.02,13.03,13.04,13.06,600,200,4500,400,900,600,18400,200,1000,12500,1400,2800,300,2900,1400,900,100,200,1900,800
353.0,12.95,126400,1636301.0,12.93,12.91,12.88,12.87,12.85,12.84,12.83,12.82,12.81,12.8,12.95,12.96,12.97,12.98,12.99,13.0,13.02,13.03,13.04,13.06,600,200,4500,400,900,600,18400,200,1000,12500,100,2800,300,2900,1400,900,100,200,1900,800
354.0,12.95,126500,1637596.0,12.93,12.91,12.88,12.87,12.85,12.84,12.83,12.82,12.81,12.8,12.96,12.97,12.98,12.99,13.0,13.02,13.03,13.04,13.06,13.08,600,200,4500,400,900,600,18400,200,1000,12500,2800,300,2900,1400,900,100,200,1900,800,1000
355.0,12.96,127000,1644076.0,12.93,12.91,12.88,12.87,12.85,12.84,12.83,12.82,12.81,12.8,12.96,12.97,12.98,12.99,13.0,13.02,13.03,13.04,13.06,13.08,700,200,4500,400,900,600,18400,200,1000,12500,2400,300,2900,1400,900,100,200,1900,800,1000
356.0,12.96,127200,1646668.0,12.93,12.91,12.88,12.87,12.85,12.84,12.83,12.82,12.81,12.8,12.96,12.97,12.98,12.99,13.0,13.02,13.03,13.04,13.06,13.08,1500,200,4500,400,900,600,18400,200,1000,12500,2300,300,2900,1400,900,100,200,1900,800,1000
357.0,12.96,127200,1646668.0,12.93,12.91,12.88,12.87,12.85,12.84,12.83,12.82,12.81,12.8,12.96,12.97,12.98,12.99,13.0,13.02,13.03,13.04,13.06,13.08,1600,200,4500,400,900,600,18400,200,1000,12500,2400,300,2900,1400,900,100,200,1900,800,1000
358.0,12.96,127200,1646668.0,12.93,12.91,12.88,12.87,12.85,12.84,12.83,12.82,12.81,12.8,12.96,12.97,12.98,12.99,13.0,13.02,13.03,13.04,13.06,13.08,1700,200,4500,400,900,600,18400,200,1000,12500,2500,300,2900,1400,900,100,200,1900,800,1000
359.0,12.96,127400,1649260.0,12.93,12.91,12.88,12.87,12.85,12.84,12.83,12.82,12.81,12.8,12.95,12.96,12.97,12.98,12.99,13.0,13.02,13.03,13.04,13.06,1700,200,4500,400,900,600,18400,200,1000,12500,100,2300,300,2900,1400,900,100,200,1900,800
360.0,12.96,127400,1649260.0,12.93,12.91,12.88,12.87,12.85,12.84,12.83,12.82,12.81,12.8,12.95,12.96,12.97,12.98,12.99,13.0,13.02,13.03,13.04,13.06,1700,200,4500,400,900,600,18400,200,1000,12500,100,2300,300,2900,1400,900,100,200,1900,800
361.0,12.96,127400,1649260.0,12.93,12.91,12.88,12.87,12.85,12.84,12.83,12.82,12.81,12.8,12.95,12.96,12.97,12.98,12.99,13.0,13.02,13.03,13.04,13.06,1800,200,4500,400,900,600,18400,200,1000,12500,100,2300,300,2900,1400,900,100,200,1900,800
362.0,12.95,127500,1650555.0,12.95,12.94,12.93,12.91,12.88,12.87,12.85,12.84,12.83,12.82,12.96,12.97,12.98,12.99,13.0,13.02,13.03,13.04,13.06,13.08,200,100,1800,200,4500,400,900,600,18400,200,2300,300,2700,1400,900,100,200,1900,800,1000
363.0,12.96,127700,1653147.0,12.95,12.94,12.93,12.91,12.88,12.87,12.85,12.84,12.83,12.82,12.96,12.97,12.98,12.99,13.0,13.02,13.03,13.04,13.06,13.08,200,100,3400,200,4500,400,900,600,18400,200,2100,300,2700,1400,900,100,200,1900,800,1000
364.0,12.96,127700,1653147.0,12.95,12.94,12.93,12.91,12.88,12.87,12.85,12.84,12.83,12.82,12.96,12.97,12.98,12.99,13.0,13.02,13.03,13.04,13.06,13.08,200,100,3400,200,4500,400,900,600,18400,200,2100,300,2700,1400,900,100,200,1900,800,1000
365.0,12.96,127700,1653147.0,12.95,12.94,12.93,12.91,12.88,12.87,12.85,12.84,12.83,12.82,12.96,12.97,12.98,12.99,13.0,13.02,13.03,13.04,13.06,13.08,400,100,2700,200,4500,400,900,600,18400,200,2100,300,2700,1400,900,100,200,1900,800,1000
366.0,12.96,127900,1655739.0,12.95,12.94,12.93,12.91,12.88,12.87,12.85,12.84,12.83,12.82,12.96,12.97,12.98,12.99,13.0,13.02,13.03,13.04,13.06,13.08,400,100,2700,200,4500,400,900,600,18400,200,1900,300,2700,1400,900,100,200,1900,800,1000
367.0,12.96,128200,1659627.0,12.95,12.94,12.93,12.91,12.88,12.87,12.85,12.84,12.83,12.82,12.96,12.97,12.98,12.99,13.0,13.02,13.03,13.04,13.06,13.08,400,100,2700,200,4500,400,900,600,18400,200,1600,300,2700,1400,900,100,200,1900,800,1000
368.0,12.96,128200,1659627.0,12.95,12.94,12.93,12.91,12.88,12.87,12.85,12.84,12.83,12.82,12.96,12.97,12.98,12.99,13.0,13.02,13.03,13.04,13.06,13.08,400,100,2700,200,4500,400,900,600,18400,200,1600,300,2700,1400,900,100,200,1900,800,1000
369.0,12.96,128600,1664811.0,12.95,12.94,12.93,12.91,12.88,12.87,12.85,12.84,12.83,12.82,12.96,12.97,12.98,12.99,13.0,13.02,13.03,13.04,13.06,13.08,600,100,2700,200,4500,400,900,600,18400,200,1200,300,2700,1400,900,100,200,1900,800,1000
370.0,12.96,128600,1664811.0,12.95,12.94,12.93,12.91,12.88,12.87,12.85,12.84,12.83,12.82,12.96,12.97,12.98,12.99,13.0,13.02,13.03,13.04,13.06,13.08,600,100,2700,200,4500,400,900,600,18400,200,1200,300,2700,1400,900,100,200,1900,800,1000
371.0,12.96,129500,1676475.0,12.95,12.94,12.93,12.91,12.88,12.87,12.85,12.84,12.83,12.82,12.96,12.97,12.98,12.99,13.0,13.02,13.03,13.04,13.06,13.08,600,100,2700,200,4500,400,900,400,18400,200,300,300,2700,1400,900,100,200,1900,800,1000
372.0,12.98,131000,1695936.0,12.95,12.94,12.93,12.91,12.88,12.87,12.85,12.84,12.83,12.82,12.98,12.99,13.0,13.02,13.03,13.04,13.06,13.08,13.1,13.11,700,100,2700,200,4500,400,900,400,18400,200,1800,1400,900,100,200,1900,800,1000,1900,4600
373.0,12.98,131000,1695936.0,12.95,12.94,12.93,12.91,12.88,12.87,12.85,12.84,12.83,12.82,12.98,12.99,13.0,13.02,13.03,13.04,13.06,13.08,13.1,13.11,700,100,2700,200,4500,400,900,400,18400,200,1800,1400,900,100,200,1900,800,1000,1900,4600
374.0,12.98,131000,1695936.0,12.97,12.96,12.95,12.94,12.93,12.91,12.88,12.87,12.85,12.84,12.98,12.99,13.0,13.02,13.03,13.04,13.06,13.08,13.1,13.11,200,300,700,100,2700,200,4500,400,900,400,1900,1400,900,100,200,1900,800,1000,1900,4600
375.0,12.98,131000,1695936.0,12.97,12.96,12.95,12.94,12.93,12.91,12.88,12.87,12.85,12.84,12.98,12.99,13.0,13.02,13.03,13.04,13.06,13.08,13.1,13.11,200,300,700,100,2700,200,4500,400,900,400,1900,1400,900,100,200,1900,800,1000,1900,4600
376.0,12.98,131100,1697234.0,12.97,12.96,12.95,12.94,12.93,12.91,12.88,12.87,12.85,12.84,12.98,12.99,13.0,13.02,13.03,13.04,13.06,13.08,13.1,13.11,200,300,700,100,2700,200,4500,400,900,400,1800,1400,900,100,200,1900,800,1000,1900,4600
377.0,12.97,131600,1703719.0,12.96,12.95,12.94,12.93,12.91,12.88,12.87,12.85,12.84,12.83,12.97,12.98,12.99,13.0,13.02,13.03,13.04,13.06,13.08,13.1,600,600,100,2700,200,300,400,800,400,18400,500,1800,1400,900,100,200,1900,800,1000,1900
378.0,12.97,131700,1705016.0,12.96,12.95,12.94,12.93,12.91,12.88,12.87,12.85,12.84,12.83,12.97,12.98,12.99,13.0,13.02,13.03,13.04,13.06,13.08,13.1,600,600,100,2700,200,300,400,800,400,18400,800,1800,1400,900,100,200,1900,800,1000,1900
379.0,12.97,131800,1706313.0,12.96,12.95,12.94,12.93,12.91,12.88,12.87,12.85,12.84,12.83,12.97,12.98,12.99,13.0,13.02,13.03,13.04,13.06,13.08,13.1,600,600,100,2700,200,300,400,800,400,18400,700,1800,1400,900,100,200,1900,800,1000,1900
380.0,12.96,132600,1716681.0,12.95,12.94,12.93,12.91,12.88,12.87,12.85,12.84,12.83,12.82,12.96,12.97,12.98,12.99,13.0,13.02,13.03,13.04,13.06,13.08,600,100,2700,200,300,400,800,400,18400,200,3200,700,1800,1400,900,100,200,1900,800,1000
381.0,12.96,132600,1716681.0,12.95,12.94,12.93,12.91,12.88,12.87,12.85,12.84,12.83,12.82,12.96,12.97,12.98,12.99,13.0,13.02,13.03,13.04,13.06,13.08,600,100,2700,200,300,400,800,400,18400,200,3200,700,1800,1400,900,100,200,1900,800,1000
382.0,12.96,132900,1720569.0,12.95,12.94,12.93,12.91,12.88,12.87,12.85,12.84,12.83,12.82,12.96,12.97,12.98,12.99,13.0,13.02,13.03,13.04,13.06,13.08,600,100,2700,200,300,400,800,400,18400,200,3600,700,1800,1400,900,100,200,1900,800,1000
383.0,12.96,132900,1720569.0,12.95,12.94,12.93,12.91,12.88,12.87,12.85,12.84,12.83,12.82,12.96,12.97,12.98,12.99,13.0,13.02,13.03,13.04,13.06,13.08,600,100,2700,200,300,400,800,400,18400,200,3600,700,1800,1400,900,100,200,1900,800,1000
384.0,12.95,133100,1723159.0,12.95,12.94,12.93,12.91,12.88,12.87,12.85,12.84,12.83,12.82,12.96,12.97,12.98,12.99,13.0,13.02,13.03,13.04,13.06,13.08,400,100,2700,200,300,400,800,400,18400,200,3600,700,1800,1400,900,100,200,1900,800,1000
385.0,12.95,133100,1723159.0,12.95,12.94,12.93,12.91,12.88,12.87,12.85,12.84,12.83,12.82,12.96,12.97,12.98,12.99,13.0,13.02,13.03,13.04,13.06,13.08,400,100,2700,200,300,400,800,400,18400,200,3600,700,1800,1400,900,100,200,1900,800,1000
386.0,12.96,133400,1727047.0,12.95,12.94,12.93,12.91,12.88,12.87,12.85,12.84,12.83,12.82,12.96,12.97,12.98,12.99,13.0,13.02,13.03,13.04,13.06,13.08,400,100,2700,200,300,400,800,400,18400,200,3300,700,1800,1400,900,100,200,1900,800,1000
387.0,12.96,133400,1727047.0,12.95,12.94,12.93,12.91,12.88,12.87,12.85,12.84,12.83,12.82,12.96,12.97,12.98,12.99,13.0,13.02,13.03,13.04,13.06,13.08,400,100,2700,200,300,400,800,400,18400,200,4100,700,1800,1400,900,100,200,1900,800,1000
388.0,12.96,133400,1727047.0,12.95,12.94,12.93,12.91,12.88,12.87,12.85,12.84,12.83,12.82,12.96,12.97,12.98,12.99,13.0,13.02,13.03,13.04,13.06,13.08,400,100,2700,200,300,500,800,400,18400,200,4100,700,1800,1400,900,100,200,1900,800,1000
389.0,12.95,134200,1737411.0,12.94,12.93,12.91,12.88,12.87,12.85,12.84,12.83,12.82,12.81,12.96,12.97,12.98,12.99,13.0,13.02,13.03,13.04,13.06,13.08,100,2700,200,300,500,800,400,18400,200,1000,3700,700,1800,1400,900,100,200,1900,800,1000
390.0,12.96,134900,1746483.0,12.94,12.93,12.91,12.88,12.87,12.85,12.84,12.83,12.82,12.81,12.95,12.96,12.97,12.98,12.99,13.0,13.02,13.03,13.04,13.06,100,2600,200,300,500,800,400,18400,200,1000,200,3000,700,1800,1400,900,100,200,1900,800
391.0,12.96,134900,1746483.0,12.94,12.93,12.91,12.88,12.87,12.85,12.84,12.83,12.82,12.81,12.95,12.96,12.97,12.98,12.99,13.0,13.02,13.03,13.04,13.06,100,2600,200,300,500,800,400,18400,200,1000,200,3000,700,1800,1400,900,100,200,1900,800
392.0,12.96,134900,1746483.0,12.94,12.93,12.91,12.88,12.87,12.85,12.84,12.83,12.82,12.81,12.95,12.96,12.97,12.98,12.99,13.0,13.02,13.03,13.04,13.06,100,2600,200,300,500,800,400,18400,200,1000,200,2800,700,1800,1400,900,100,200,1900,800
393.0,12.96,134900,1746483.0,12.94,12.93,12.91,12.88,12.87,12.85,12.84,12.83,12.82,12.81,12.95,12.96,12.97,12.98,12.99,13.0,13.02,13.03,13.04,13.06,100,2600,200,300,500,800,400,18400,200,1000,200,2800,700,1800,1400,900,100,200,1900,800
394.0,12.96,134900,1746483.0,12.94,12.93,12.91,12.88,12.87,12.85,12.84,12.83,12.82,12.81,12.95,12.96,12.97,12.98,12.99,13.0,13.02,13.03,13.04,13.06,300,2600,200,300,500,800,400,18400,200,1000,200,2800,700,1800,1400,900,100,200,1900,800
395.0,12.96,134900,1746483.0,12.94,12.93,12.91,12.88,12.87,12.85,12.84,12.83,12.82,12.81,12.95,12.96,12.97,12.98,12.99,13.0,13.02,13.03,13.04,13.06,300,2600,200,300,500,800,400,18400,200,1000,200,2800,700,1800,1400,900,100,200,1900,800
396.0,12.96,134900,1746483.0,12.94,12.93,12.91,12.88,12.87,12.85,12.84,12.83,12.82,12.81,12.95,12.96,12.97,12.98,12.99,13.0,13.02,13.03,13.04,13.06,300,2600,200,300,500,800,400,18400,200,1000,200,2100,700,1800,1400,900,100,200,1900,800
397.0,12.95,135000,1747778.0,12.94,12.93,12.91,12.88,12.87,12.85,12.84,12.83,12.82,12.81,12.95,12.96,12.97,12.98,12.99,13.0,13.02,13.03,13.04,13.06,300,2600,200,300,500,800,400,18400,200,1000,800,2100,400,1800,1400,900,100,200,1900,800
398.0,12.94,135200,1750366.0,12.94,12.93,12.91,12.88,12.87,12.85,12.84,12.83,12.82,12.81,12.95,12.96,12.97,12.98,12.99,13.0,13.02,13.03,13.04,13.06,100,2600,200,300,500,800,400,18400,200,1000,900,2100,400,1800,1400,900,100,200,1900,800
399.0,12.94,135200,1750366.0,12.94,12.93,12.91,12.88,12.87,12.85,12.84,12.83,12.82,12.81,12.95,12.96,12.97,12.98,12.99,13.0,13.02,13.03,13.04,13.06,100,2600,200,300,500,800,400,18400,200,1000,900,2100,400,1800,1400,900,100,200,1900,800
400.0,12.94,135200,1750366.0,12.94,12.93,12.91,12.88,12.87,12.85,12.84,12.83,12.82,12.81,12.95,12.96,12.97,12.98,12.99,13.0,13.02,13.03,13.04,13.06,100,2600,200,300,500,800,400,18400,200,1000,900,2100,400,1800,1400,900,100,200,1900,800
401.0,12.95,135300,1751661.0,12.94,12.93,12.91,12.88,12.87,12.85,12.84,12.83,12.82,12.81,12.95,12.96,12.97,12.98,12.99,13.0,13.02,13.03,13.04,13.06,100,2600,200,300,500,800,400,18400,200,1000,800,2100,400,1800,1400,900,100,200,1900,800
402.0,12.95,135300,1751661.0,12.94,12.93,12.91,12.88,12.87,12.85,12.84,12.83,12.82,12.81,12.95,12.96,12.97,12.98,12.99,13.0,13.02,13.03,13.04,13.06,100,2600,200,300,500,800,400,18400,200,1000,800,2100,400,1800,1400,900,100,200,1900,800
403.0,12.95,135400,1752956.0,12.94,12.93,12.91,12.88,12.87,12.85,12.84,12.83,12.82,12.81,12.95,12.96,12.97,12.98,12.99,13.0,13.02,13.03,13.04,13.06,100,2600,200,300,500,800,400,18400,200,1000,700,2100,400,1800,1400,900,100,200,1900,800
404.0,12.95,135400,1752956.0,12.94,12.93,12.91,12.88,12.87,12.85,12.84,12.83,12.82,12.81,12.95,12.96,12.97,12.98,12.99,13.0,13.02,13.03,13.04,13.06,100,2600,200,300,500,800,400,18400,200,1000,700,2100,400,1800,1400,900,100,200,1900,800
405.0,12.95,135400,1752956.0,12.94,12.93,12.91,12.88,12.87,12.85,12.84,12.83,12.82,12.81,12.95,12.96,12.97,12.98,12.99,13.0,13.02,13.03,13.04,13.06,100,2600,200,300,500,800,400,18400,200,1000,700,2100,400,1800,1400,900,100,200,1900,800
406.0,12.95,135400,1752956.0,12.94,12.93,12.91,12.88,12.87,12.85,12.84,12.83,12.82,12.81,12.95,12.96,12.97,12.98,12.99,13.0,13.02,13.03,13.04,13.06,100,2600,200,300,500,800,400,18400,200,1000,700,2100,400,1800,1400,900,100,200,1900,800
407.0,12.95,135400,1752956.0,12.94,12.93,12.91,12.88,12.87,12.85,12.84,12.83,12.82,12.81,12.95,12.96,12.97,12.98,12.99,13.0,13.02,13.03,13.04,13.06,500,2600,200,300,500,800,400,18400,200,1000,1400,2100,400,1800,1400,900,100,200,1900,800
408.0,12.95,135800,1758136.0,12.94,12.93,12.91,12.88,12.87,12.85,12.84,12.83,12.82,12.81,12.95,12.96,12.97,12.98,12.99,13.0,13.02,13.03,13.04,13.06,500,2600,200,300,500,800,400,18400,200,1000,1300,2100,400,1800,1400,900,100,200,1900,800
409.0,12.95,135900,1759431.0,12.94,12.93,12.91,12.88,12.87,12.85,12.84,12.83,12.82,12.81,12.95,12.96,12.97,12.98,12.99,13.0,13.02,13.03,13.04,13.06,500,2600,200,300,500,800,400,18400,200,1000,1900,2100,400,1800,1400,900,100,200,1900,800
410.0,12.95,136000,1760726.0,12.94,12.93,12.91,12.88,12.87,12.85,12.84,12.83,12.82,12.81,12.95,12.96,12.97,12.98,12.99,13.0,13.02,13.03,13.04,13.06,500,2600,200,300,500,800,400,18400,200,1000,1800,2100,400,1800,1400,900,100,200,1900,800
411.0,12.95,136600,1768496.0,12.94,12.93,12.91,12.88,12.87,12.85,12.84,12.83,12.82,12.81,12.95,12.96,12.97,12.98,12.99,13.0,13.02,13.03,13.04,13.06,500,2600,200,300,500,800,400,18400,200,1000,1200,2100,400,1800,1400,900,100,200,1900,800
412.0,12.95,136800,1771086.0,12.94,12.93,12.91,12.88,12.87,12.85,12.84,12.83,12.82,12.81,12.95,12.96,12.97,12.98,12.99,13.0,13.02,13.03,13.04,13.06,500,2600,200,300,500,800,400,18400,200,1000,1000,2100,400,1800,1400,900,100,200,1900,800
413.0,12.95,137000,1773676.0,12.94,12.93,12.91,12.88,12.87,12.85,12.84,12.83,12.82,12.81,12.95,12.96,12.97,12.98,12.99,13.0,13.02,13.03,13.04,13.06,500,2600,200,300,500,800,400,18400,200,1000,800,2100,400,1800,1400,900,100,200,1900,800
414.0,12.95,137000,1773676.0,12.94,12.93,12.91,12.88,12.87,12.85,12.84,12.83,12.82,12.81,12.95,12.96,12.97,12.98,12.99,13.0,13.02,13.03,13.04,13.06,500,2600,200,300,500,800,400,18400,200,1000,800,2100,400,1800,1400,900,100,200,1900,800
415.0,12.95,137000,1773676.0,12.94,12.93,12.91,12.88,12.87,12.85,12.84,12.83,12.82,12.81,12.95,12.96,12.97,12.98,12.99,13.0,13.02,13.03,13.04,13.06,500,2600,200,300,500,800,400,18400,200,1000,800,2100,400,1800,1400,900,100,200,1900,800
416.0,12.96,138300,1790516.0,12.94,12.93,12.91,12.88,12.87,12.85,12.84,12.83,12.82,12.81,12.96,12.97,12.98,12.99,13.0,13.02,13.03,13.04,13.06,13.08,500,2600,200,300,500,800,400,18400,200,1000,1600,400,1800,1400,900,100,200,1900,800,1000
417.0,12.95,139000,1799581.0,12.94,12.93,12.91,12.88,12.87,12.85,12.84,12.83,12.82,12.81,12.96,12.98,12.99,13.0,13.02,13.03,13.04,13.06,13.08,13.1,700,2600,200,300,500,800,400,18400,200,1000,1600,1800,1400,900,100,200,1900,800,1000,1900
418.0,12.95,139000,1799581.0,12.94,12.93,12.91,12.88,12.87,12.85,12.84,12.83,12.82,12.81,12.95,12.96,12.98,12.99,13.0,13.02,13.03,13.04,13.06,13.08,700,2600,200,300,500,800,400,18400,200,1000,400,1600,1800,1400,900,100,200,1900,800,1000
419.0,12.95,139000,1799581.0,12.94,12.93,12.91,12.88,12.87,12.85,12.84,12.83,12.82,12.81,12.95,12.96,12.98,12.99,13.0,13.02,13.03,13.04,13.06,13.08,1500,2600,200,300,500,800,400,18400,200,1000,400,1600,1800,1400,900,100,200,1900,800,1000
