LocalTime,LastPrice,TradeVolume,TradeValue,BidPrice1,BidPrice2,BidPrice3,BidPrice4,BidPrice5,BidPrice6,BidPrice7,BidPrice8,BidPrice9,BidPriceA,AskPrice1,AskPrice2,AskPrice3,AskPrice4,AskPrice5,AskPrice6,AskPrice7,AskPrice8,AskPrice9,AskPriceA,BidVolume1,BidVolume2,BidVolume3,BidVolume4,BidVolume5,BidVolume6,BidVolume7,BidVolume8,BidVolume9,BidVolumeA,AskVolume1,AskVolume2,AskVolume3,AskVolume4,AskVolume5,AskVolume6,AskVolume7,AskVolume8,AskVolume9,AskVolumeA
0.0,18.77,20500,384785.0,18.75,18.71,18.7,18.68,18.67,18.66,18.65,18.64,18.63,18.62,18.77,18.78,18.84,18.87,18.88,18.89,18.9,18.94,18.95,18.96,6600,2600,300,900,1100,3200,56700,1000,5500,2000,100,4300,500,500,5000,500,900,1000,1200,500
1.0,18.78,24900,467416.0,18.78,18.77,18.75,18.71,18.7,18.68,18.67,18.66,18.65,18.64,18.84,18.87,18.88,18.89,18.9,18.94,18.95,18.96,18.98,18.99,5700,400,6600,2600,300,900,1100,3200,56700,1000,500,15200,5000,500,900,1000,1200,500,400,35100
2.0,18.78,24900,467416.0,18.78,18.77,18.76,18.75,18.71,18.7,18.69,18.68,18.67,18.66,18.85,18.87,18.88,18.89,18.9,18.94,18.95,18.96,18.98,18.99,5700,400,200,8000,2600,300,600,900,1100,3200,5600,18200,5000,500,900,1000,1400,500,400,35100
3.0,18.78,24900,467416.0,18.78,18.77,18.76,18.75,18.71,18.7,18.69,18.68,18.67,18.66,18.85,18.87,18.88,18.89,18.9,18.94,18.95,18.96,18.97,18.98,5700,400,200,8000,2600,300,600,900,2100,7200,5600,31900,5000,500,900,1000,1400,500,1000,400
4.0,18.78,25600,480562.0,18.78,18.77,18.76,18.75,18.71,18.7,18.69,18.68,18.67,18.66,18.85,18.87,18.88,18.89,18.9,18.94,18.95,18.96,18.97,18.98,5000,700,200,8000,2600,300,600,900,3100,7200,5600,37500,5000,500,900,1000,1400,500,1000,400
5.0,18.78,26200,491865.0,18.78,18.77,18.76,18.75,18.71,18.7,18.69,18.68,18.67,18.66,18.82,18.85,18.87,18.88,18.89,18.9,18.94,18.95,18.96,18.97,4900,1400,400,8500,2600,300,600,900,3100,7700,900,5100,38500,5200,500,900,1000,1400,500,1000
6.0,18.78,26200,491865.0,18.78,18.77,18.76,18.75,18.71,18.7,18.69,18.68,18.67,18.66,18.82,18.85,18.87,18.88,18.89,18.9,18.93,18.94,18.95,18.96,4900,1400,400,8500,2600,400,600,900,3100,7700,900,5100,38500,5200,500,900,500,1000,1400,500
7.0,18.78,26700,501257.0,18.78,18.77,18.76,18.75,18.71,18.7,18.69,18.68,18.67,18.66,18.82,18.84,18.85,18.87,18.88,18.89,18.9,18.93,18.94,18.95,4600,1400,1100,1900,2600,400,600,900,3100,7700,900,5000,5100,38500,6200,500,900,500,1000,1400
8.0,18.78,28200,529435.0,18.78,18.77,18.76,18.75,18.71,18.7,18.69,18.68,18.67,18.66,18.82,18.84,18.85,18.87,18.88,18.89,18.9,18.93,18.94,18.95,6300,8800,1200,1900,2600,1700,600,900,3100,7700,700,5000,5300,38500,6200,500,900,500,1000,2300
9.0,18.78,29100,546341.0,18.78,18.77,18.76,18.75,18.71,18.7,18.69,18.68,18.67,18.66,18.82,18.84,18.85,18.87,18.88,18.89,18.9,18.93,18.94,18.95,5500,18700,1200,1900,2600,2000,600,900,3100,8400,600,5900,5300,38500,6200,500,900,1800,1000,2300
10.0,18.78,30800,578267.0,18.78,18.77,18.76,18.75,18.71,18.7,18.69,18.68,18.67,18.66,18.82,18.84,18.85,18.87,18.88,18.89,18.9,18.93,18.94,18.95,3800,18900,1200,1900,2600,2000,600,1300,3100,5400,600,8500,5300,38500,8300,500,900,1800,1000,2300
11.0,18.79,31100,583903.0,18.78,18.77,18.76,18.75,18.71,18.7,18.69,18.68,18.67,18.66,18.79,18.82,18.84,18.85,18.87,18.88,18.89,18.9,18.93,18.94,3700,18900,1200,1900,2600,2000,600,1300,3100,5400,1800,700,3500,5300,38500,8300,500,900,1800,1000
12.0,18.78,33700,632731.0,18.78,18.77,18.76,18.75,18.7,18.69,18.68,18.67,18.66,18.65,18.79,18.82,18.84,18.85,18.87,18.88,18.89,18.9,18.93,18.94,2300,15100,1200,1900,2000,600,1300,3100,5400,58000,1800,700,3500,5300,38500,8300,500,900,1800,1000
13.0,18.78,37000,694723.0,18.8,18.78,18.77,18.76,18.75,18.7,18.69,18.68,18.67,18.66,18.82,18.84,18.85,18.87,18.88,18.89,18.9,18.93,18.94,18.95,1800,800,15100,1200,1900,2000,600,1300,3100,5400,700,3500,5300,38500,8300,500,900,1800,1000,12300
14.0,18.8,38800,728563.0,18.78,18.77,18.76,18.75,18.7,18.69,18.68,18.67,18.66,18.65,18.8,18.82,18.84,18.85,18.87,18.88,18.89,18.9,18.93,18.94,2000,15100,1200,1900,1900,600,1300,3100,5400,58000,500,700,3500,5300,38500,8300,500,900,1800,1000
15.0,18.83,40200,754900.0,18.78,18.77,18.76,18.75,18.7,18.69,18.68,18.67,18.66,18.65,18.8,18.84,18.85,18.87,18.88,18.89,18.9,18.93,18.94,18.95,2000,8300,1200,1900,1900,600,1300,3100,5400,58000,100,3500,5300,38500,8300,500,900,1800,1000,12300
16.0,18.83,41200,773712.0,18.83,18.78,18.77,18.76,18.75,18.7,18.69,18.68,18.67,18.66,18.84,18.85,18.87,18.88,18.89,18.9,18.93,18.94,18.95,18.96,1400,1700,8300,1200,1900,1900,600,1300,3100,5400,3500,5300,38500,8300,500,900,1800,1000,12300,500
17.0,18.83,41400,777478.0,18.83,18.81,18.79,18.78,18.77,18.76,18.75,18.7,18.69,18.68,18.84,18.85,18.87,18.88,18.89,18.9,18.93,18.94,18.95,18.96,1200,200,100,1700,8300,1200,1900,1900,600,1300,3500,5300,38500,8300,500,900,1800,1000,12300,500
18.0,18.83,41800,785010.0,18.83,18.81,18.79,18.78,18.77,18.76,18.75,18.7,18.69,18.68,18.84,18.85,18.87,18.88,18.89,18.9,18.93,18.94,18.95,18.96,800,200,100,1700,8300,1200,1900,1900,600,1300,3500,5300,38500,8300,500,900,1800,1000,12300,500
19.0,18.83,42600,800074.0,18.81,18.79,18.78,18.77,18.76,18.75,18.7,18.69,18.68,18.67,18.84,18.85,18.87,18.88,18.89,18.9,18.93,18.94,18.95,18.96,300,100,1700,8300,1200,1900,1900,600,1300,3100,3500,5300,38500,8300,500,900,1800,1000,12300,500
20.0,18.84,44000,826450.0,18.81,18.79,18.78,18.77,18.76,18.75,18.7,18.69,18.68,18.67,18.84,18.85,18.87,18.88,18.89,18.9,18.93,18.94,18.95,18.96,300,100,1700,3100,1200,1900,1900,600,1300,3100,2100,5300,38500,8300,500,900,1800,1000,12300,500
21.0,18.8,52100,978968.0,18.79,18.78,18.77,18.76,18.75,18.7,18.69,18.68,18.67,18.66,18.8,18.83,18.85,18.87,18.88,18.89,18.9,18.93,18.94,18.95,100,1700,3100,1200,1900,1900,600,1300,3100,5400,900,600,1600,38500,8300,500,900,1800,1000,12300
22.0,18.8,52100,978968.0,18.79,18.78,18.77,18.76,18.75,18.7,18.69,18.68,18.67,18.66,18.8,18.83,18.85,18.87,18.88,18.89,18.9,18.93,18.94,18.95,100,1700,3100,1200,1900,1900,600,1300,3100,5400,900,600,1600,38500,8300,500,900,1800,1000,12300
23.0,18.79,52600,988367.0,18.78,18.77,18.76,18.75,18.7,18.69,18.68,18.67,18.66,18.65,18.8,18.83,18.85,18.87,18.88,18.89,18.9,18.93,18.94,18.95,1700,3100,1200,1900,1900,600,1300,3100,5400,58000,500,600,1600,38500,8300,500,900,1800,1000,12300
24.0,18.8,53100,997767.0,18.81,18.78,18.77,18.76,18.75,18.7,18.69,18.68,18.67,18.66,18.83,18.85,18.87,18.88,18.89,18.9,18.93,18.94,18.95,18.96,400,1700,3100,1200,1900,1900,600,1300,3100,5400,600,1600,38500,8300,500,900,1800,1000,12300,500
25.0,18.8,53100,997767.0,18.81,18.78,18.77,18.76,18.75,18.7,18.69,18.68,18.67,18.66,18.83,18.85,18.87,18.88,18.89,18.9,18.93,18.94,18.95,18.96,400,1700,3100,1200,1900,1900,600,1300,3100,5400,600,1600,38500,8300,500,900,1800,1000,12300,500
26.0,18.86,55600,1044878.0,18.81,18.78,18.77,18.76,18.75,18.7,18.69,18.68,18.67,18.66,18.86,18.87,18.88,18.89,18.9,18.93,18.94,18.95,18.96,18.97,1200,1700,3100,1200,1900,1900,600,1300,3100,5400,3800,38500,8300,500,900,1800,1000,12300,500,1500
27.0,18.86,55600,1044878.0,18.81,18.78,18.77,18.76,18.75,18.7,18.69,18.68,18.67,18.66,18.86,18.87,18.88,18.89,18.9,18.93,18.94,18.95,18.96,18.97,1200,1700,3100,1200,1900,1900,600,1300,3100,5400,3800,38500,8300,500,900,1800,1000,12300,500,1500
28.0,18.86,55600,1044878.0,18.81,18.78,18.77,18.76,18.75,18.7,18.69,18.68,18.67,18.66,18.86,18.87,18.88,18.89,18.9,18.93,18.94,18.95,18.96,18.97,1200,1700,3100,1200,1900,1900,600,1300,3100,5400,3800,38500,8300,500,900,1800,1000,12300,500,1500
29.0,18.82,55700,1046760.0,18.81,18.78,18.77,18.76,18.75,18.7,18.69,18.68,18.67,18.66,18.86,18.87,18.88,18.89,18.9,18.93,18.94,18.95,18.96,18.97,1200,1700,3100,1200,1900,1900,600,1300,3100,5400,3800,38500,8300,500,900,1800,1000,12300,500,1500
30.0,18.82,55700,1046760.0,18.81,18.78,18.77,18.76,18.75,18.7,18.69,18.68,18.67,18.66,18.85,18.86,18.87,18.88,18.89,18.9,18.93,18.94,18.95,18.96,1200,1700,3100,1200,1900,1900,600,1300,3100,5400,500,3800,38500,8300,500,900,1800,1000,12300,500
31.0,18.8,57000,1071212.0,18.78,18.77,18.76,18.75,18.7,18.69,18.68,18.67,18.66,18.65,18.81,18.85,18.86,18.87,18.88,18.89,18.9,18.93,18.94,18.95,1700,3100,1200,1900,1900,600,1300,3100,4700,58000,400,500,3800,38500,8300,500,900,1800,1000,12300
32.0,18.81,62100,1167363.0,18.78,18.77,18.76,18.75,18.7,18.69,18.68,18.67,18.66,18.65,18.81,18.82,18.86,18.87,18.88,18.89,18.9,18.93,18.94,18.95,1700,3100,1200,1900,2800,600,1300,3100,4700,58000,1000,700,5100,38500,8300,500,900,1800,1000,12300
33.0,18.81,62700,1178649.0,18.78,18.77,18.76,18.75,18.7,18.69,18.68,18.67,18.66,18.65,18.81,18.82,18.86,18.87,18.88,18.89,18.9,18.93,18.94,18.95,1700,3100,1200,1900,2800,600,1300,3100,4700,58000,400,700,5100,40500,8300,500,900,1800,1000,12300
34.0,18.81,62700,1178649.0,18.78,18.77,18.76,18.75,18.7,18.69,18.68,18.67,18.66,18.65,18.81,18.82,18.86,18.87,18.88,18.89,18.9,18.93,18.94,18.95,1700,3100,1200,1900,2800,600,1300,3100,4700,58000,400,700,5100,40500,8300,500,900,1800,1000,12300
35.0,18.81,63200,1188051.0,18.81,18.78,18.77,18.76,18.75,18.7,18.69,18.68,18.67,18.66,18.86,18.87,18.88,18.89,18.9,18.93,18.94,18.95,18.96,18.97,700,1700,3100,1200,1900,2800,600,1300,3100,4700,5100,40500,8300,500,900,1800,1000,12300,500,1500
36.0,18.85,69900,1314287.0,18.82,18.81,18.78,18.77,18.76,18.75,18.7,18.69,18.68,18.67,18.85,18.86,18.87,18.88,18.89,18.9,18.93,18.94,18.95,18.96,2100,700,1700,3100,1200,1900,2800,600,1300,3100,1000,5100,40500,8300,500,900,1800,1000,12300,500
37.0,18.85,69900,1314287.0,18.82,18.81,18.78,18.77,18.76,18.75,18.7,18.69,18.68,18.67,18.85,18.86,18.87,18.88,18.89,18.9,18.93,18.94,18.95,18.96,2100,700,1700,3100,1200,1900,2800,600,1300,3100,2500,5100,40500,8300,500,900,1800,1000,12300,500
38.0,18.81,72200,1357572.0,18.81,18.78,18.77,18.76,18.75,18.7,18.69,18.68,18.67,18.66,18.82,18.85,18.86,18.87,18.88,18.89,18.9,18.92,18.93,18.94,600,1300,3100,1200,1900,2800,600,1300,3100,4700,700,2500,5100,40500,8300,500,900,800,1800,1000
39.0,18.81,72200,1357572.0,18.81,18.78,18.77,18.76,18.75,18.7,18.69,18.68,18.67,18.66,18.82,18.85,18.86,18.87,18.88,18.89,18.9,18.92,18.93,18.94,600,1300,3100,1200,1900,2800,600,1300,3100,4700,700,1500,5100,39500,8300,500,900,800,1800,1000
40.0,18.81,72200,1357572.0,18.81,18.78,18.77,18.76,18.75,18.7,18.69,18.68,18.67,18.66,18.82,18.85,18.86,18.87,18.88,18.89,18.9,18.92,18.93,18.94,1100,1300,3100,1200,1900,2800,600,1300,3100,4700,700,1500,5100,39500,8300,500,900,800,1800,1000
41.0,18.81,74400,1398985.0,18.81,18.8,18.78,18.77,18.76,18.75,18.7,18.69,18.68,18.67,18.85,18.86,18.87,18.88,18.89,18.9,18.92,18.93,18.94,18.95,200,400,1300,3100,1200,1900,2800,600,1300,3100,900,5100,39500,8300,500,900,800,1800,1000,12300
42.0,18.85,74800,1406525.0,18.81,18.8,18.78,18.77,18.76,18.75,18.7,18.69,18.68,18.67,18.85,18.86,18.87,18.88,18.89,18.9,18.92,18.93,18.94,18.95,200,400,1300,3100,1200,1900,2800,600,1300,3100,1500,5100,39500,8300,500,900,800,1800,1000,12300
43.0,18.81,77000,1447992.0,18.8,18.78,18.77,18.76,18.75,18.7,18.69,18.68,18.67,18.66,18.85,18.86,18.87,18.88,18.89,18.9,18.92,18.93,18.94,18.95,400,1300,3100,1200,1900,2800,600,1300,3100,4700,1000,6300,39500,8300,500,900,800,1800,1000,12300
44.0,18.81,77400,1455516.0,18.8,18.78,18.77,18.76,18.75,18.7,18.69,18.68,18.67,18.66,18.81,18.85,18.86,18.87,18.88,18.89,18.9,18.92,18.93,18.94,400,1300,3100,1200,1900,2800,600,1300,3100,4700,300,1100,6300,39500,8300,500,900,800,1800,1000
45.0,18.81,77400,1455516.0,18.8,18.78,18.77,18.76,18.75,18.7,18.69,18.68,18.67,18.66,18.81,18.85,18.86,18.87,18.88,18.89,18.9,18.92,18.93,18.94,400,1300,3100,1200,1900,2800,600,1300,3100,4700,300,1100,6300,39500,8300,500,900,800,1800,1000
46.0,18.81,77400,1455516.0,18.8,18.78,18.77,18.76,18.75,18.7,18.69,18.68,18.67,18.66,18.81,18.85,18.86,18.87,18.88,18.89,18.9,18.92,18.93,18.94,400,1300,3100,1200,1900,2800,600,1300,3100,4700,300,1100,6300,39500,8300,500,900,800,1800,2000
47.0,18.81,77400,1455516.0,18.8,18.78,18.77,18.76,18.75,18.7,18.69,18.68,18.67,18.66,18.81,18.85,18.86,18.87,18.88,18.89,18.9,18.92,18.93,18.94,400,1300,3100,1200,1900,2800,600,1300,3100,4700,300,1100,6300,39500,8300,500,900,800,1800,2000
48.0,18.85,78200,1470584.0,18.8,18.78,18.77,18.76,18.75,18.7,18.69,18.68,18.67,18.66,18.85,18.86,18.87,18.88,18.89,18.9,18.92,18.93,18.94,18.95,400,1300,3100,1200,1900,2800,600,1300,3100,4700,600,6700,39500,8300,500,900,800,1800,2000,12300
49.0,18.85,78200,1470584.0,18.81,18.8,18.78,18.77,18.76,18.75,18.7,18.69,18.68,18.67,18.85,18.86,18.87,18.88,18.89,18.9,18.92,18.93,18.94,18.95,200,400,1300,3100,1200,1900,2800,600,1300,3100,600,6700,39500,8300,500,900,800,1800,2000,12300
50.0,18.86,79400,1493210.0,18.82,18.81,18.8,18.78,18.77,18.76,18.75,18.7,18.69,18.68,18.86,18.87,18.88,18.89,18.9,18.92,18.93,18.94,18.95,18.96,1000,200,400,1300,3100,1200,1900,2800,600,1300,6100,39500,8300,500,900,800,1800,2000,12300,500
51.0,18.86,79400,1493210.0,18.82,18.81,18.8,18.78,18.77,18.76,18.75,18.7,18.69,18.68,18.86,18.87,18.88,18.89,18.9,18.92,18.93,18.94,18.95,18.96,1000,200,400,1300,3100,1200,1900,2800,600,1300,6100,39500,8300,500,900,800,1800,2000,12300,500
52.0,18.82,79700,1498864.0,18.82,18.81,18.8,18.78,18.77,18.76,18.75,18.7,18.69,18.68,18.85,18.86,18.87,18.88,18.89,18.9,18.92,18.93,18.94,18.95,900,200,400,1300,3100,1200,1900,2800,600,1300,1600,5900,39500,8300,500,900,800,1800,2000,12300
53.0,18.82,79900,1502631.0,18.82,18.81,18.8,18.78,18.77,18.76,18.75,18.7,18.69,18.68,18.84,18.85,18.86,18.87,18.88,18.89,18.9,18.92,18.93,18.94,1000,200,400,1300,3100,1200,1900,2800,600,1300,2000,1500,5900,39500,8300,500,900,800,1800,2000
54.0,18.82,80100,1506395.0,18.82,18.81,18.8,18.78,18.77,18.76,18.75,18.7,18.69,18.68,18.84,18.85,18.86,18.87,18.88,18.89,18.9,18.92,18.93,18.94,800,300,400,1300,3100,1200,1900,2800,600,1300,2000,2400,5900,39500,8300,500,900,800,1800,2000
55.0,18.85,83100,1562925.0,18.82,18.81,18.8,18.78,18.77,18.76,18.75,18.7,18.69,18.68,18.84,18.85,18.86,18.87,18.88,18.89,18.9,18.92,18.93,18.94,800,300,400,1300,3100,1200,1900,2800,600,1300,500,2400,5900,39500,8300,500,900,800,1800,2000
56.0,18.85,84400,1587425.0,18.82,18.81,18.8,18.78,18.77,18.76,18.75,18.71,18.7,18.69,18.85,18.86,18.87,18.88,18.89,18.9,18.92,18.93,18.94,18.95,600,300,400,1300,3100,1200,1900,1000,2800,600,1600,5900,39500,8300,500,900,800,1800,2000,12300
57.0,18.85,85900,1615700.0,18.82,18.81,18.8,18.78,18.77,18.76,18.75,18.71,18.7,18.69,18.85,18.86,18.87,18.88,18.89,18.9,18.92,18.93,18.94,18.95,600,1000,400,1300,3100,1200,1900,1000,2800,600,100,5900,39500,8300,500,900,800,1800,2000,12300
58.0,18.85,85900,1615700.0,18.82,18.81,18.8,18.78,18.77,18.76,18.75,18.71,18.7,18.69,18.85,18.86,18.87,18.88,18.89,18.9,18.92,18.93,18.94,18.95,600,1000,400,1300,3100,1200,1900,1000,2800,600,100,7900,39500,9300,500,900,800,1800,2000,12300
59.0,18.86,88100,1657191.0,18.82,18.81,18.8,18.78,18.77,18.76,18.75,18.71,18.7,18.69,18.86,18.87,18.88,18.89,18.9,18.92,18.93,18.94,18.95,18.96,600,1000,400,1300,3100,1200,1900,1000,2800,600,5800,39500,9300,500,900,800,1800,2000,12300,500
60.0,18.86,88100,1657191.0,18.82,18.81,18.8,18.78,18.77,18.76,18.75,18.71,18.7,18.69,18.86,18.87,18.88,18.89,18.9,18.92,18.93,18.94,18.95,18.96,600,1000,400,1300,3100,1200,1900,1000,2800,600,6000,39500,9300,500,900,800,1800,2000,12300,500
61.0,18.86,88100,1657191.0,18.85,18.82,18.81,18.8,18.78,18.77,18.76,18.75,18.71,18.7,18.86,18.87,18.88,18.89,18.9,18.92,18.93,18.94,18.95,18.96,800,800,1000,400,1300,3100,1200,1900,1000,1900,5600,39500,9300,500,900,800,1800,2000,12300,500
62.0,18.86,89300,1679823.0,18.85,18.82,18.81,18.8,18.78,18.77,18.76,18.75,18.71,18.7,18.86,18.87,18.88,18.89,18.9,18.92,18.93,18.94,18.95,18.96,1000,800,1000,400,1300,3100,1200,1900,1000,1900,2700,39500,9300,500,900,800,1800,2000,12300,500
63.0,18.85,90300,1698673.0,18.82,18.81,18.8,18.78,18.77,18.76,18.75,18.71,18.7,18.69,18.85,18.86,18.87,18.88,18.89,18.9,18.92,18.93,18.94,18.95,900,1000,400,1300,3100,1200,1900,1000,1900,600,300,2700,39500,9300,500,900,800,1800,2000,12300
64.0,18.85,90300,1698673.0,18.82,18.81,18.8,18.78,18.77,18.76,18.75,18.71,18.7,18.69,18.85,18.86,18.87,18.88,18.89,18.9,18.92,18.93,18.94,18.95,900,1000,400,1300,3100,1200,1900,1000,1900,600,500,2700,39500,9300,500,900,800,1800,2000,12300
65.0,18.82,90500,1702440.0,18.82,18.81,18.8,18.78,18.77,18.76,18.75,18.71,18.7,18.69,18.85,18.86,18.87,18.88,18.89,18.9,18.92,18.93,18.94,18.95,1000,1000,400,1300,4600,1200,1900,1000,1900,600,500,12700,39500,9300,500,900,800,1800,2000,12300
66.0,18.82,90500,1702440.0,18.82,18.81,18.8,18.78,18.77,18.76,18.75,18.71,18.7,18.69,18.85,18.86,18.87,18.88,18.89,18.9,18.92,18.93,18.94,18.95,1000,1000,400,1300,4600,1200,1900,1000,1900,600,1500,12700,39500,9300,500,900,800,1800,2000,12300
67.0,18.85,90800,1708095.0,18.82,18.81,18.8,18.78,18.77,18.76,18.75,18.71,18.7,18.69,18.85,18.86,18.87,18.88,18.89,18.9,18.92,18.93,18.94,18.95,900,1000,400,1300,4600,1200,1900,1000,1900,600,2000,12700,39500,9300,500,900,800,1800,2000,12300
68.0,18.85,90800,1708095.0,18.82,18.81,18.8,18.78,18.77,18.76,18.75,18.71,18.7,18.69,18.85,18.86,18.87,18.88,18.89,18.9,18.92,18.93,18.94,18.95,900,1000,400,1300,4600,1200,1900,1000,1900,600,2000,12500,39500,9300,500,900,800,1800,2000,12300
69.0,18.85,90800,1708095.0,18.82,18.81,18.8,18.78,18.77,18.76,18.75,18.71,18.7,18.69,18.85,18.86,18.87,18.88,18.89,18.9,18.92,18.93,18.94,18.95,1000,1000,400,1300,4600,1200,1900,1000,1900,600,1900,13000,40900,9300,500,900,800,1800,2000,12300
70.0,18.85,90800,1708095.0,18.82,18.81,18.8,18.78,18.77,18.76,18.75,18.71,18.7,18.69,18.85,18.86,18.87,18.88,18.89,18.9,18.92,18.93,18.94,18.95,1000,1000,400,1300,4600,1200,1900,1000,1900,600,1900,13000,40900,9300,500,1000,800,1800,2000,12300
71.0,18.85,90800,1708095.0,18.82,18.81,18.8,18.78,18.77,18.76,18.75,18.71,18.7,18.69,18.85,18.86,18.87,18.88,18.89,18.9,18.92,18.93,18.94,18.95,1100,1000,400,1300,4600,1200,1900,1000,1900,600,2300,13000,40900,9300,500,1000,800,1800,2000,12300
72.0,18.82,90900,1709977.0,18.82,18.81,18.8,18.78,18.77,18.76,18.75,18.71,18.7,18.69,18.85,18.86,18.87,18.88,18.89,18.9,18.92,18.93,18.94,18.95,1600,1000,400,1300,4600,1200,1900,1000,1900,600,2300,13000,40900,9300,500,1000,800,1800,2000,12300
73.0,18.85,91200,1715632.0,18.83,18.82,18.81,18.8,18.78,18.77,18.76,18.75,18.71,18.7,18.84,18.85,18.86,18.87,18.88,18.89,18.9,18.92,18.93,18.94,2000,1600,1000,400,1300,4600,1200,1900,1000,1900,800,2000,13000,40900,9300,500,1400,800,1800,2000
74.0,18.85,92400,1738244.0,18.83,18.82,18.81,18.8,18.78,18.77,18.76,18.75,18.71,18.7,18.85,18.86,18.87,18.88,18.89,18.9,18.92,18.93,18.94,18.95,2000,1600,1000,400,1300,4600,1200,1900,1000,1900,1600,13000,40900,9300,500,1400,800,1800,2000,12300
75.0,18.83,92600,1742010.0,18.83,18.82,18.81,18.8,18.78,18.77,18.76,18.75,18.71,18.7,18.85,18.86,18.87,18.88,18.89,18.9,18.92,18.93,18.94,18.95,1800,1600,300,1300,1300,4600,1200,1900,1000,1900,1600,13000,40900,9300,500,1400,800,1800,2000,12300
76.0,18.83,92600,1742010.0,18.83,18.82,18.81,18.8,18.78,18.77,18.76,18.75,18.71,18.7,18.85,18.86,18.87,18.88,18.89,18.9,18.92,18.93,18.94,18.95,1800,1600,300,1300,1300,4600,1200,1900,1000,1900,1600,13000,40900,9300,500,1400,800,1800,2000,12300
77.0,18.83,92600,1742010.0,18.83,18.82,18.81,18.8,18.78,18.77,18.76,18.75,18.71,18.7,18.85,18.86,18.87,18.88,18.89,18.9,18.92,18.93,18.94,18.95,1800,1600,300,1300,1300,4600,1200,1900,1000,1900,2100,13000,27200,9300,500,1400,800,1800,2000,12300
78.0,18.83,92700,1743893.0,18.83,18.82,18.81,18.8,18.78,18.77,18.76,18.75,18.71,18.7,18.85,18.86,18.87,18.88,18.89,18.9,18.92,18.93,18.94,18.95,1800,1600,300,1300,1300,4600,1200,1900,1000,1900,2100,13000,27200,9300,500,1400,800,1800,2000,12300
79.0,18.83,92700,1743893.0,18.83,18.82,18.81,18.8,18.78,18.77,18.76,18.75,18.71,18.7,18.85,18.86,18.87,18.88,18.89,18.9,18.92,18.93,18.94,18.95,1800,1600,300,1300,1300,4600,1200,1900,1000,1900,3900,13000,27200,9300,500,1400,800,1800,2000,11800
80.0,18.83,94800,1783442.0,18.82,18.81,18.8,18.78,18.77,18.76,18.75,18.71,18.7,18.69,18.83,18.84,18.85,18.86,18.87,18.88,18.89,18.9,18.92,18.93,1500,300,1300,1300,4600,1200,1900,1000,1900,600,2200,2000,4400,13000,27200,9300,500,1400,800,1800
81.0,18.83,96300,1811686.0,18.82,18.81,18.8,18.78,18.77,18.76,18.75,18.71,18.7,18.69,18.83,18.84,18.85,18.86,18.87,18.88,18.89,18.9,18.92,18.93,1400,300,1300,1300,4600,1200,1900,1000,1900,600,800,2000,4400,13000,27200,9300,500,1400,800,1800
82.0,18.83,96300,1811686.0,18.82,18.81,18.8,18.78,18.77,18.76,18.75,18.71,18.7,18.69,18.83,18.84,18.85,18.86,18.87,18.88,18.89,18.9,18.92,18.93,2100,300,1300,1300,4600,1200,1900,1000,1900,600,800,2000,4400,13000,27200,9300,500,1400,800,1800
83.0,18.82,96500,1815450.0,18.82,18.81,18.8,18.78,18.77,18.76,18.75,18.71,18.7,18.69,18.83,18.84,18.85,18.86,18.87,18.88,18.89,18.9,18.92,18.93,1600,300,1300,1300,4600,1200,1900,1000,1900,600,800,2000,4400,14000,27200,9300,500,1400,800,1800
84.0,18.82,96500,1815450.0,18.82,18.81,18.8,18.78,18.77,18.76,18.75,18.71,18.7,18.69,18.83,18.84,18.85,18.86,18.87,18.88,18.89,18.9,18.92,18.93,1400,300,1300,1300,4600,1200,1900,1000,1900,600,800,2000,4400,14000,27200,9300,500,1400,800,1800
85.0,18.82,96600,1817332.0,18.82,18.81,18.8,18.78,18.77,18.76,18.75,18.71,18.7,18.69,18.83,18.84,18.85,18.86,18.87,18.88,18.89,18.9,18.92,18.93,1300,300,1300,1300,4600,1200,1900,1000,1900,600,800,2000,4400,14000,27200,9300,500,1600,800,1800
86.0,18.81,98500,1853090.0,18.81,18.8,18.78,18.77,18.76,18.75,18.71,18.7,18.69,18.68,18.82,18.83,18.84,18.85,18.86,18.87,18.88,18.89,18.9,18.92,100,1300,1300,4600,1200,1900,1000,1900,600,1300,4200,500,2000,4400,14500,27200,9300,500,1600,800
87.0,18.82,100000,1881320.0,18.81,18.8,18.78,18.77,18.76,18.75,18.71,18.7,18.69,18.68,18.82,18.83,18.84,18.85,18.86,18.87,18.88,18.89,18.9,18.92,100,1300,1300,4600,1200,1900,1000,1900,600,1300,2700,500,2000,6400,14500,27200,9300,500,1600,800
88.0,18.82,100100,1883202.0,18.81,18.8,18.78,18.77,18.76,18.75,18.71,18.7,18.69,18.68,18.82,18.83,18.84,18.85,18.86,18.87,18.88,18.89,18.9,18.92,700,1300,1300,4600,1200,1900,1000,1900,600,1300,2600,500,2000,11700,14500,22500,9400,500,1600,800
89.0,18.81,100200,1885083.0,18.81,18.8,18.78,18.77,18.76,18.75,18.71,18.7,18.69,18.68,18.82,18.83,18.84,18.85,18.86,18.87,18.88,18.89,18.9,18.92,600,1300,1300,4600,1200,1900,1000,1900,600,1300,2600,500,2000,11700,14500,22500,9400,500,1600,800
90.0,18.81,100200,1885083.0,18.81,18.8,18.78,18.77,18.76,18.75,18.71,18.7,18.69,18.68,18.82,18.83,18.84,18.85,18.86,18.87,18.88,18.89,18.9,18.92,600,1300,1300,4600,1200,1900,1000,1900,600,1300,2800,500,2000,11200,14500,22500,9400,500,1600,800
91.0,18.82,102500,1928369.0,18.81,18.8,18.78,18.77,18.76,18.75,18.71,18.7,18.69,18.68,18.82,18.83,18.84,18.85,18.86,18.87,18.88,18.89,18.9,18.92,600,1300,1300,3900,1200,1900,1000,1900,600,1300,500,500,2000,11200,14500,22500,9400,500,1600,800
92.0,18.82,102800,1934015.0,18.81,18.8,18.78,18.77,18.76,18.75,18.71,18.7,18.69,18.68,18.82,18.83,18.84,18.85,18.86,18.87,18.88,18.89,18.9,18.92,500,1300,1300,3900,1200,1900,1000,1900,600,1300,300,8900,2000,11200,14500,22500,9400,500,1600,800
93.0,18.82,102800,1934015.0,18.81,18.8,18.78,18.77,18.76,18.75,18.71,18.7,18.69,18.68,18.82,18.83,18.84,18.85,18.86,18.87,18.88,18.89,18.9,18.92,500,1300,1300,3900,1200,1900,1000,1900,600,1300,300,8900,2000,11700,14500,22500,9400,1000,1600,800
94.0,18.82,102900,1935897.0,18.81,18.8,18.78,18.77,18.76,18.75,18.71,18.7,18.69,18.68,18.82,18.83,18.84,18.85,18.86,18.87,18.88,18.89,18.9,18.92,500,1300,1300,3900,1200,1900,1000,1900,600,1300,200,8900,2000,11700,14500,22500,9400,1000,1600,800
95.0,18.82,103700,1950953.0,18.81,18.8,18.78,18.77,18.76,18.75,18.71,18.7,18.69,18.68,18.82,18.83,18.84,18.85,18.86,18.87,18.88,18.89,18.9,18.92,500,1300,1300,3900,1200,1900,1000,1900,600,1300,600,8900,2000,11700,14500,22500,10000,1000,1600,800
96.0,18.81,104200,1960358.0,18.8,18.78,18.77,18.76,18.75,18.71,18.7,18.69,18.68,18.67,18.82,18.83,18.84,18.85,18.86,18.87,18.88,18.89,18.9,18.92,1300,1300,3900,1200,1900,1000,1900,600,1300,3100,600,8900,2000,11700,14500,22500,10000,1000,1600,800
97.0,18.81,104300,1962239.0,18.81,18.8,18.78,18.77,18.76,18.75,18.71,18.7,18.69,18.68,18.82,18.83,18.84,18.85,18.86,18.87,18.88,18.89,18.9,18.92,100,1300,1300,3900,1200,1900,1000,1900,600,1300,600,8900,2000,11700,14500,22500,10000,1000,1600,800
98.0,18.8,105700,1988560.0,18.79,18.78,18.77,18.76,18.75,18.71,18.7,18.69,18.68,18.67,18.81,18.82,18.83,18.84,18.85,18.86,18.87,18.88,18.89,18.9,200,1300,3900,1200,1900,1000,1900,600,1300,4000,600,600,22600,2000,11700,14000,22500,10000,1000,1600
99.0,18.82,106900,2011138.0,18.79,18.78,18.77,18.76,18.75,18.71,18.7,18.69,18.68,18.67,18.83,18.84,18.85,18.86,18.87,18.88,18.89,18.9,18.92,18.93,200,1300,3900,1200,1900,1000,1900,600,1300,4000,22600,2000,6400,14000,22500,10000,1000,1600,800,1800
100.0,18.83,107400,2020553.0,18.79,18.78,18.77,18.76,18.75,18.71,18.7,18.69,18.68,18.67,18.83,18.84,18.85,18.86,18.87,18.88,18.89,18.9,18.92,18.93,200,1300,3900,1200,1900,1000,1900,600,1300,4000,22100,2000,6400,14000,22500,10000,1000,1600,800,1800
101.0,18.82,115100,2165467.0,18.79,18.78,18.77,18.76,18.75,18.71,18.7,18.69,18.68,18.67,18.82,18.83,18.84,18.85,18.86,18.87,18.88,18.89,18.9,18.92,300,1300,2400,1200,1900,1000,1900,600,1300,4000,1600,22100,2000,6400,14000,22500,10000,1000,1600,800
102.0,18.82,115100,2165467.0,18.79,18.78,18.77,18.76,18.75,18.71,18.7,18.69,18.68,18.67,18.82,18.83,18.84,18.85,18.86,18.87,18.88,18.89,18.9,18.92,300,1300,2400,1200,1900,1000,1900,600,1300,4000,6300,22100,2000,10700,14000,22500,10000,1000,1600,800
103.0,18.79,115400,2171104.0,18.78,18.77,18.76,18.75,18.71,18.7,18.69,18.68,18.67,18.66,18.79,18.82,18.83,18.84,18.85,18.86,18.87,18.88,18.89,18.9,1300,2400,1200,1900,1000,1900,600,1300,4000,4700,1200,6300,22100,2000,10700,14000,22500,10000,1000,1600
104.0,18.78,115500,2172982.0,18.78,18.77,18.76,18.75,18.71,18.7,18.69,18.68,18.67,18.66,18.79,18.82,18.83,18.84,18.85,18.86,18.87,18.88,18.89,18.9,1200,2400,1200,1900,1000,1900,600,1300,2900,4700,1200,6300,22100,2000,10700,14200,22500,10000,1000,1600
105.0,18.79,116800,2197408.0,18.78,18.77,18.76,18.75,18.71,18.7,18.69,18.68,18.67,18.66,18.81,18.82,18.83,18.84,18.85,18.86,18.87,18.88,18.89,18.9,1100,2400,1200,1900,1000,1900,600,1300,2900,4700,2200,6300,22100,2000,10700,14200,22500,10000,1000,1600
106.0,18.79,116800,2197408.0,18.78,18.77,18.76,18.75,18.71,18.7,18.69,18.68,18.67,18.66,18.81,18.82,18.83,18.84,18.85,18.86,18.87,18.88,18.89,18.9,1100,2400,1200,1900,1000,1900,600,1300,2900,4700,2200,6300,22100,2000,10700,14200,22500,10000,1000,1600
107.0,18.82,118500,2229400.0,18.78,18.77,18.76,18.75,18.71,18.7,18.69,18.68,18.67,18.66,18.81,18.82,18.83,18.84,18.85,18.86,18.87,18.88,18.89,18.9,1100,2400,1200,1900,1000,1900,600,1300,2900,4700,200,3700,22100,2000,10700,14200,22500,10000,1000,1600
108.0,18.78,118600,2231278.0,18.78,18.77,18.76,18.75,18.71,18.7,18.69,18.68,18.67,18.66,18.81,18.82,18.83,18.84,18.85,18.86,18.87,18.88,18.89,18.9,1000,2400,1200,1900,1000,1900,600,1300,2900,4700,200,3700,22100,2000,10700,14200,22500,10000,1000,1600
109.0,18.78,118600,2231278.0,18.78,18.77,18.76,18.75,18.71,18.7,18.69,18.68,18.67,18.66,18.81,18.82,18.83,18.84,18.85,18.86,18.87,18.88,18.89,18.9,1000,2400,1200,1900,1000,1900,600,1300,2900,4700,200,3700,22100,2000,10700,14200,22500,10000,1000,1600
110.0,18.82,122500,2304533.0,18.77,18.76,18.75,18.71,18.7,18.69,18.68,18.67,18.66,18.65,18.82,18.83,18.84,18.85,18.86,18.87,18.88,18.89,18.9,18.92,500,1200,1900,1000,1900,600,1300,2900,4700,58000,3200,22100,2000,10700,14200,22500,10000,1000,1600,800
111.0,18.82,122500,2304533.0,18.77,18.76,18.75,18.71,18.7,18.69,18.68,18.67,18.66,18.65,18.78,18.81,18.82,18.83,18.84,18.85,18.86,18.87,18.88,18.89,900,1200,1900,1000,1900,600,1300,2900,4700,58000,1000,1200,3600,22100,2000,11100,14200,22500,10000,1000
112.0,18.82,122500,2304533.0,18.77,18.76,18.75,18.71,18.7,18.69,18.68,18.67,18.66,18.65,18.78,18.81,18.82,18.83,18.84,18.85,18.86,18.87,18.88,18.89,900,1200,1900,1000,1900,600,1300,2900,4700,58000,1000,1200,3600,22100,2000,11100,14200,22500,10000,1000
113.0,18.77,122600,2306410.0,18.77,18.76,18.75,18.71,18.7,18.69,18.68,18.67,18.66,18.65,18.78,18.81,18.82,18.83,18.84,18.85,18.86,18.87,18.88,18.89,800,1200,1900,1000,1900,600,1300,2900,4700,58000,1000,1200,3600,22100,2000,11100,14200,22500,10000,1000
114.0,18.78,122800,2310166.0,18.77,18.76,18.75,18.71,18.7,18.69,18.68,18.67,18.66,18.65,18.78,18.81,18.82,18.83,18.84,18.85,18.86,18.87,18.88,18.89,800,1200,1900,1000,1900,600,1300,2900,4700,58000,800,3200,3600,22100,2000,11100,14200,22500,10000,1000
115.0,18.78,122800,2310166.0,18.77,18.76,18.75,18.71,18.7,18.69,18.68,18.67,18.66,18.65,18.78,18.81,18.82,18.83,18.84,18.85,18.86,18.87,18.88,18.89,800,1200,1900,1000,1900,600,1300,2900,4700,58000,800,3200,3600,22100,2000,11100,14200,22500,10000,1000
116.0,18.78,122800,2310166.0,18.77,18.76,18.75,18.71,18.7,18.69,18.68,18.67,18.66,18.65,18.78,18.81,18.82,18.83,18.84,18.85,18.86,18.87,18.88,18.89,800,1200,1900,1000,1900,600,1300,2900,4700,58000,1800,3200,3600,22100,2000,11100,14200,22500,10000,1000
117.0,18.78,122900,2312044.0,18.77,18.76,18.75,18.71,18.7,18.69,18.68,18.67,18.66,18.65,18.78,18.81,18.82,18.83,18.84,18.85,18.86,18.87,18.88,18.89,800,1200,1900,1000,1900,600,1300,2900,4700,58000,1700,3200,3600,22100,2000,11100,14200,22500,10000,1000
118.0,18.78,122900,2312044.0,18.77,18.76,18.75,18.71,18.7,18.69,18.68,18.67,18.66,18.65,18.78,18.81,18.82,18.83,18.84,18.85,18.86,18.87,18.88,18.89,800,1200,1900,1000,1900,600,1300,2900,4500,58000,1700,3200,3600,22100,2000,11100,14200,22500,10000,1000
119.0,18.78,122900,2312044.0,18.77,18.76,18.75,18.71,18.7,18.69,18.68,18.67,18.66,18.65,18.78,18.81,18.82,18.83,18.84,18.85,18.86,18.87,18.88,18.89,900,1200,1900,1000,1900,600,1300,2900,4500,58000,1800,3200,3600,22100,2000,11100,14200,22500,10000,1000
120.0,18.78,122900,2312044.0,18.77,18.76,18.75,18.71,18.7,18.69,18.68,18.67,18.66,18.65,18.78,18.81,18.82,18.83,18.84,18.85,18.86,18.87,18.88,18.89,900,1200,1900,1000,1900,600,1300,2900,4500,58000,1800,3200,3600,22100,2000,11100,14200,22500,10000,1000
121.0,18.78,124600,2343968.0,18.77,18.76,18.75,18.71,18.7,18.69,18.68,18.67,18.66,18.65,18.78,18.81,18.82,18.83,18.84,18.85,18.86,18.87,18.88,18.89,6300,1200,1900,1000,1900,600,1300,2900,4500,58000,300,3200,3600,22100,2000,11100,14200,22500,10000,1000
122.0,18.78,126400,2377757.0,18.79,18.77,18.76,18.75,18.71,18.7,18.69,18.68,18.67,18.66,18.81,18.82,18.83,18.84,18.85,18.86,18.87,18.88,18.89,18.9,900,4800,1200,1900,1000,1900,600,1300,2900,4500,3200,3600,22100,2000,11100,14200,22500,10000,1000,2600
123.0,18.78,126400,2377757.0,18.79,18.77,18.76,18.75,18.71,18.7,18.69,18.68,18.67,18.66,18.81,18.82,18.83,18.84,18.85,18.86,18.87,18.88,18.89,18.9,900,4800,1200,1900,1000,1900,600,1300,2900,4500,2000,3600,22100,2000,11100,15200,22500,10000,1000,2600
124.0,18.79,126500,2379636.0,18.79,18.78,18.77,18.76,18.75,18.71,18.7,18.69,18.68,18.67,18.81,18.82,18.83,18.84,18.85,18.86,18.87,18.88,18.89,18.9,800,2000,4800,1200,1900,1000,1900,600,1300,2900,2000,3600,22100,2000,11100,15200,22500,10000,1000,2600
125.0,18.79,126900,2387152.0,18.79,18.78,18.77,18.76,18.75,18.71,18.7,18.69,18.68,18.67,18.81,18.82,18.83,18.84,18.85,18.86,18.87,18.88,18.89,18.9,1800,2000,4800,1200,1900,1000,1900,600,1300,2900,2100,3600,22100,2000,11100,15200,22500,12800,1000,2600
126.0,18.79,126900,2387152.0,18.79,18.78,18.77,18.76,18.75,18.71,18.7,18.69,18.68,18.67,18.81,18.82,18.83,18.84,18.85,18.86,18.87,18.88,18.89,18.9,1800,2000,5300,1200,1900,1000,1900,600,1300,2900,2100,3600,22100,2000,11100,15200,22500,12800,1000,2600
127.0,18.79,126900,2387152.0,18.79,18.78,18.77,18.76,18.75,18.71,18.7,18.69,18.68,18.67,18.81,18.82,18.83,18.84,18.85,18.86,18.87,18.88,18.89,18.9,1800,2000,5300,1200,1900,1000,1900,600,1300,2900,2100,3600,22100,2000,11100,15200,22500,12800,1000,2600
128.0,18.79,127200,2392793.0,18.79,18.78,18.77,18.76,18.75,18.71,18.7,18.69,18.68,18.67,18.81,18.82,18.83,18.84,18.85,18.86,18.87,18.88,18.89,18.9,1700,2000,5300,1200,1900,1000,1900,600,1300,2900,1900,3600,22100,2000,12000,15200,22500,12800,1000,2600
129.0,18.79,127200,2392793.0,18.79,18.78,18.77,18.76,18.75,18.71,18.7,18.69,18.68,18.67,18.81,18.82,18.83,18.84,18.85,18.86,18.87,18.88,18.89,18.9,1700,2000,5300,1200,1900,1000,1900,600,1300,2900,1900,3600,22100,2000,12000,15200,22500,12800,1000,2600
130.0,18.79,128900,2424736.0,18.78,18.77,18.76,18.75,18.71,18.7,18.69,18.68,18.67,18.66,18.79,18.81,18.82,18.83,18.84,18.85,18.86,18.87,18.88,18.89,2000,5300,1200,1900,1000,1900,600,1300,2900,4200,100,1900,3600,22100,2000,12000,16200,22500,12800,1000
131.0,18.78,131300,2469851.0,18.78,18.77,18.76,18.75,18.71,18.7,18.69,18.68,18.67,18.66,18.81,18.82,18.83,18.84,18.85,18.86,18.87,18.88,18.89,18.9,1100,5300,1200,1900,1000,3500,600,1300,2900,4200,500,3600,22100,2000,12000,16200,22500,12800,1000,2600
132.0,18.78,131600,2475485.0,18.78,18.77,18.76,18.75,18.71,18.7,18.69,18.68,18.67,18.66,18.8,18.81,18.82,18.83,18.84,18.85,18.86,18.87,18.88,18.89,1000,5300,1200,1900,1000,3500,600,1300,2900,4200,500,600,3600,22100,2000,12000,16200,22500,12800,1000
133.0,18.78,131600,2475485.0,18.78,18.77,18.76,18.75,18.71,18.7,18.69,18.68,18.67,18.66,18.8,18.81,18.82,18.83,18.84,18.85,18.86,18.87,18.88,18.89,1000,5300,1200,1900,1000,3500,600,1300,2900,4200,500,600,3600,22100,2000,12000,16200,22500,12800,1000
134.0,18.78,131800,2479241.0,18.79,18.78,18.77,18.76,18.75,18.71,18.7,18.69,18.68,18.67,18.8,18.81,18.82,18.83,18.84,18.85,18.86,18.87,18.88,18.89,400,800,5300,1200,1900,1000,3500,600,1300,2900,100,600,3600,22100,2000,12000,16200,22500,12800,1000
135.0,18.78,131800,2479241.0,18.79,18.78,18.77,18.76,18.75,18.71,18.7,18.69,18.68,18.67,18.8,18.81,18.82,18.83,18.84,18.85,18.86,18.87,18.88,18.89,400,800,5500,1200,1900,1000,3500,600,1300,2900,100,600,3600,22100,2000,12000,16200,22500,12800,1000
136.0,18.78,131800,2479241.0,18.79,18.78,18.77,18.76,18.75,18.71,18.7,18.69,18.68,18.67,18.8,18.81,18.82,18.83,18.84,18.85,18.86,18.87,18.88,18.89,400,800,5500,1200,1900,1000,3500,600,1300,2900,100,600,3600,22100,2000,12000,16200,20500,12800,1000
137.0,18.79,132200,2486757.0,18.78,18.77,18.76,18.75,18.71,18.7,18.69,18.68,18.67,18.66,18.79,18.8,18.81,18.82,18.83,18.84,18.85,18.86,18.87,18.88,800,5500,1200,1900,1000,3500,600,1300,2900,4200,200,100,600,3600,22100,2000,12000,16200,20500,12800
138.0,18.78,133000,2501781.0,18.77,18.76,18.75,18.71,18.7,18.69,18.68,18.67,18.66,18.65,18.78,18.79,18.8,18.81,18.82,18.83,18.84,18.85,18.86,18.87,5500,1200,1900,1000,3500,600,1300,2900,4200,58000,5500,200,100,600,3600,22100,2000,12000,16200,20500
139.0,18.77,133500,2511166.0,18.77,18.76,18.75,18.71,18.7,18.69,18.68,18.67,18.66,18.65,18.78,18.79,18.8,18.81,18.82,18.83,18.84,18.85,18.86,18.87,5000,1200,1900,1000,3500,600,1300,2900,4200,58000,5500,200,100,600,3600,22100,2000,12000,16200,20500
140.0,18.78,135500,2548725.0,18.77,18.76,18.75,18.71,18.7,18.69,18.68,18.67,18.66,18.65,18.78,18.79,18.8,18.81,18.82,18.83,18.84,18.85,18.86,18.87,4900,1200,1900,1000,3500,600,1300,2900,4200,58000,3600,200,100,600,3600,22100,2000,12000,16200,20500
141.0,18.78,135500,2548725.0,18.77,18.76,18.75,18.71,18.7,18.69,18.68,18.67,18.66,18.65,18.78,18.79,18.8,18.81,18.82,18.83,18.84,18.85,18.86,18.87,4900,1200,1900,1000,3500,600,1300,2900,4200,58000,3600,200,900,600,3600,22100,2000,12000,16200,20500
142.0,18.77,136200,2561867.0,18.77,18.76,18.75,18.71,18.7,18.69,18.68,18.67,18.66,18.65,18.78,18.79,18.8,18.81,18.82,18.83,18.84,18.85,18.86,18.87,4500,1200,1900,1000,3500,600,1300,2900,4200,58000,3300,200,800,600,3600,22100,2000,12000,16200,20500
143.0,18.77,136200,2561867.0,18.77,18.76,18.75,18.71,18.7,18.69,18.68,18.67,18.66,18.65,18.78,18.8,18.81,18.82,18.83,18.84,18.85,18.86,18.87,18.88,4600,1200,1900,1000,3500,600,1300,2900,4200,58000,3400,800,600,3600,22100,2000,12000,16200,20500,12800
144.0,18.77,136200,2561867.0,18.77,18.76,18.75,18.71,18.7,18.69,18.68,18.67,18.66,18.65,18.78,18.8,18.81,18.82,18.83,18.84,18.85,18.86,18.87,18.88,4600,1200,1900,1000,3500,600,1300,2900,4200,58000,3400,800,600,3600,22100,2000,10000,16200,20500,12800
145.0,18.78,137000,2576891.0,18.77,18.76,18.75,18.71,18.7,18.69,18.68,18.67,18.66,18.65,18.78,18.8,18.81,18.82,18.83,18.84,18.85,18.86,18.87,18.88,4600,1200,1900,1000,3500,600,1300,2900,4200,58000,2600,800,600,3600,22100,2000,10000,16200,20500,12800
146.0,18.77,138300,2601292.0,18.77,18.76,18.75,18.71,18.7,18.69,18.68,18.67,18.66,18.65,18.78,18.8,18.81,18.82,18.83,18.84,18.85,18.86,18.87,18.88,3800,1200,1900,1000,3500,600,1300,2900,4200,58000,2600,800,600,3600,22100,2000,10000,16200,20500,12800
147.0,18.77,142500,2680138.0,18.77,18.76,18.75,18.71,18.7,18.69,18.68,18.67,18.66,18.65,18.78,18.8,18.81,18.82,18.83,18.84,18.85,18.86,18.87,18.88,800,1200,1900,1000,3500,600,1300,2900,4200,58200,1400,800,600,3600,22100,2000,10000,16200,20500,12800
148.0,18.77,143300,2695154.0,18.76,18.75,18.71,18.7,18.69,18.68,18.67,18.66,18.65,18.64,18.77,18.78,18.8,18.81,18.82,18.83,18.84,18.85,18.86,18.87,1200,1900,1000,3500,600,1300,2900,4200,58200,1000,2000,1400,800,600,3600,8400,2000,10000,16200,20500
149.0,18.77,143900,2706416.0,18.76,18.75,18.71,18.7,18.69,18.68,18.67,18.66,18.65,18.64,18.77,18.78,18.8,18.81,18.82,18.83,18.84,18.85,18.86,18.87,1200,1900,1000,3500,600,1300,2900,4200,58200,1000,1400,1400,800,600,3600,8400,2000,10000,16200,20500
150.0,18.77,143900,2706416.0,18.76,18.75,18.71,18.7,18.69,18.68,18.67,18.66,18.65,18.64,18.77,18.78,18.8,18.81,18.82,18.83,18.84,18.85,18.86,18.87,1200,1900,1000,3500,600,1300,2900,4200,58200,1000,1400,1400,800,600,3600,8400,2000,10000,16200,20500
151.0,18.79,147000,2764623.0,18.76,18.75,18.71,18.7,18.69,18.68,18.67,18.66,18.65,18.64,18.79,18.8,18.81,18.82,18.83,18.84,18.85,18.86,18.87,18.88,1200,1900,1000,3500,600,1300,2900,4200,58200,1000,1000,800,600,3600,8400,2000,10000,16200,20500,12800
152.0,18.77,147100,2766500.0,18.77,18.76,18.75,18.71,18.7,18.69,18.68,18.67,18.66,18.65,18.79,18.8,18.81,18.82,18.83,18.84,18.85,18.86,18.87,18.88,1400,1200,1900,1000,3500,600,1300,2900,4200,58200,1000,800,600,3600,8400,2000,10000,16200,20500,12800
153.0,18.77,148000,2783393.0,18.77,18.76,18.75,18.71,18.7,18.69,18.68,18.67,18.66,18.65,18.79,18.8,18.81,18.82,18.83,18.84,18.85,18.86,18.87,18.88,500,1200,1900,1000,3500,600,1300,2900,4200,58200,1000,800,600,3600,8400,2000,10000,16200,20500,12800
154.0,18.77,148000,2783393.0,18.77,18.76,18.75,18.71,18.7,18.69,18.68,18.67,18.66,18.65,18.79,18.8,18.81,18.82,18.83,18.84,18.85,18.86,18.87,18.88,500,1200,1900,1000,3500,600,1300,2900,4200,58200,1000,800,600,3600,8400,2000,10000,16200,20500,12800
155.0,18.79,148400,2790909.0,18.77,18.76,18.75,18.71,18.7,18.69,18.68,18.67,18.66,18.65,18.78,18.79,18.8,18.81,18.82,18.83,18.84,18.85,18.86,18.87,500,1100,1900,1000,3500,600,1300,2900,4200,58200,300,600,800,600,3600,8400,2000,10000,16200,20500
156.0,18.79,148400,2790909.0,18.77,18.76,18.75,18.71,18.7,18.69,18.68,18.67,18.66,18.65,18.78,18.79,18.8,18.81,18.82,18.83,18.84,18.85,18.86,18.87,500,1100,1900,1000,3500,600,1300,2900,4200,58200,300,1300,800,600,3600,8400,2000,10000,16200,20500
157.0,18.77,148500,2792786.0,18.77,18.76,18.75,18.71,18.7,18.69,18.68,18.67,18.66,18.65,18.78,18.79,18.8,18.81,18.82,18.83,18.84,18.85,18.86,18.87,1700,1100,1900,1000,3500,600,1300,2900,4200,58200,300,1300,800,600,3600,8400,2000,10000,16200,20500
158.0,18.77,148500,2792786.0,18.77,18.76,18.75,18.71,18.7,18.69,18.68,18.67,18.66,18.65,18.78,18.79,18.8,18.81,18.82,18.83,18.84,18.85,18.86,18.87,1700,1100,1900,1000,3500,600,1300,2900,4200,58200,300,1300,900,600,3600,8400,2000,10000,16200,20500
159.0,18.78,148900,2800297.0,18.78,18.77,18.76,18.75,18.71,18.7,18.69,18.68,18.67,18.66,18.79,18.8,18.81,18.82,18.83,18.84,18.85,18.86,18.87,18.88,2200,1600,1100,1900,1000,3500,600,1300,2900,4200,1300,900,600,3600,8400,2000,10000,16200,20500,12800
160.0,18.79,149000,2802176.0,18.78,18.77,18.76,18.75,18.71,18.7,18.69,18.68,18.67,18.66,18.79,18.8,18.81,18.82,18.83,18.84,18.85,18.86,18.87,18.88,2200,1600,1100,1900,1000,3500,600,1300,2900,4200,1200,900,600,3600,8400,2000,10000,16200,20500,12800
161.0,18.79,149000,2802176.0,18.78,18.77,18.76,18.75,18.71,18.7,18.69,18.68,18.67,18.66,18.79,18.8,18.81,18.82,18.83,18.84,18.85,18.86,18.87,18.88,2200,1600,1100,1900,1000,3500,600,1300,2900,4200,1200,2900,600,3600,8400,2000,10000,16200,20500,10700
162.0,18.79,150200,2824724.0,18.78,18.77,18.76,18.75,18.71,18.7,18.69,18.68,18.67,18.66,18.8,18.81,18.82,18.83,18.84,18.85,18.86,18.87,18.88,18.89,2200,1600,1100,1900,1000,3500,600,1300,2900,4200,2900,2600,3600,8400,2000,10000,16200,20500,10700,1100
163.0,18.8,150600,2832240.0,18.78,18.77,18.76,18.75,18.71,18.7,18.69,18.68,18.67,18.66,18.8,18.81,18.82,18.83,18.84,18.85,18.86,18.87,18.88,18.89,2000,1600,1100,1900,1000,3500,600,1300,2900,4200,2700,2600,3600,8400,2000,10000,16200,20500,10700,1100
164.0,18.8,150600,2832240.0,18.78,18.77,18.76,18.75,18.71,18.7,18.69,18.68,18.67,18.66,18.79,18.8,18.81,18.82,18.83,18.84,18.85,18.86,18.87,18.88,2000,1600,1000,1900,1000,3500,600,1300,2900,4200,1000,2700,2600,3600,8400,2000,10000,16200,20500,10700
165.0,18.8,150600,2832240.0,18.78,18.77,18.76,18.75,18.71,18.7,18.69,18.68,18.67,18.66,18.79,18.8,18.81,18.82,18.83,18.84,18.85,18.86,18.87,18.88,2000,1600,1000,1900,1000,3500,600,1300,2900,4200,1000,2700,2600,3600,8400,2000,10000,16200,20500,10700
166.0,18.79,151100,2841633.0,18.78,18.77,18.76,18.75,18.71,18.7,18.69,18.68,18.67,18.66,18.79,18.8,18.81,18.82,18.83,18.84,18.85,18.86,18.87,18.88,1800,1600,1000,1900,1000,3500,600,1300,2900,4200,700,2700,2600,3600,8400,2000,10000,16200,20500,10700
167.0,18.79,151100,2841633.0,18.78,18.77,18.76,18.75,18.71,18.7,18.69,18.68,18.67,18.66,18.79,18.8,18.81,18.82,18.83,18.84,18.85,18.86,18.87,18.88,2900,1600,1000,1900,1000,3500,600,1300,2900,4200,700,2700,2600,3600,8400,2000,10000,16200,20500,10700
168.0,18.79,151100,2841633.0,18.78,18.77,18.76,18.75,18.71,18.7,18.69,18.68,18.67,18.66,18.79,18.8,18.81,18.82,18.83,18.84,18.85,18.86,18.87,18.88,2900,1600,1000,1900,1000,3500,600,1300,2900,4200,700,2700,2600,3600,8400,2000,10000,16200,20500,10700
169.0,18.78,152000,2858535.0,18.78,18.77,18.76,18.75,18.71,18.7,18.69,18.68,18.67,18.66,18.79,18.8,18.81,18.82,18.83,18.84,18.85,18.86,18.87,18.88,2000,1600,1000,1900,1000,3500,600,1300,2900,4200,700,2700,2600,3600,8400,2000,10000,16200,20500,10700
170.0,18.78,152400,2866047.0,18.78,18.77,18.76,18.75,18.71,18.7,18.69,18.68,18.67,18.66,18.79,18.8,18.81,18.82,18.83,18.84,18.85,18.86,18.87,18.88,1700,1600,1000,1900,1000,3500,600,1300,2900,4200,700,2700,2600,3600,8400,2000,10000,16200,20500,10700
171.0,18.78,152400,2866047.0,18.78,18.77,18.76,18.75,18.71,18.7,18.69,18.68,18.67,18.66,18.79,18.8,18.81,18.82,18.83,18.84,18.85,18.86,18.87,18.88,1700,1600,1000,1900,1000,3500,600,1300,2900,4200,700,2700,2600,3600,8400,2000,10000,16200,20500,10700
172.0,18.78,152400,2866047.0,18.78,18.77,18.76,18.75,18.71,18.7,18.69,18.68,18.67,18.66,18.79,18.8,18.81,18.82,18.83,18.84,18.85,18.86,18.87,18.88,3000,1600,1000,1900,1000,3500,600,1300,2900,4200,700,2700,2600,3600,8400,2000,10000,16200,20500,10700
173.0,18.78,152400,2866047.0,18.78,18.77,18.76,18.75,18.71,18.7,18.69,18.68,18.67,18.66,18.79,18.8,18.81,18.82,18.83,18.84,18.85,18.86,18.87,18.88,3000,1600,1000,1900,1000,3500,600,1300,2900,4200,700,2700,2600,3600,8400,2000,10000,16200,20500,10700
174.0,18.78,152400,2866047.0,18.78,18.77,18.76,18.75,18.71,18.7,18.69,18.68,18.67,18.66,18.79,18.8,18.81,18.82,18.83,18.84,18.85,18.86,18.87,18.88,3500,1600,1000,1900,1000,3500,600,1300,2900,4200,700,2700,2600,3600,8400,2000,10000,16200,20500,10700
175.0,18.78,152400,2866047.0,18.78,18.77,18.76,18.75,18.71,18.7,18.69,18.68,18.67,18.66,18.79,18.8,18.81,18.82,18.83,18.84,18.85,18.86,18.87,18.88,4800,1600,1000,1900,1000,3500,600,1300,2900,4200,700,2700,2600,3600,8400,2000,10000,16200,20500,10700
176.0,18.78,152900,2875437.0,18.78,18.77,18.76,18.75,18.71,18.7,18.69,18.68,18.67,18.66,18.79,18.8,18.81,18.82,18.83,18.84,18.85,18.86,18.87,18.88,4300,1600,1000,1900,1000,3500,600,1300,2900,4200,700,2700,2600,3600,8400,2000,10000,16200,20500,10700
177.0,18.8,154700,2909262.0,18.78,18.77,18.76,18.75,18.71,18.7,18.69,18.68,18.67,18.66,18.8,18.81,18.82,18.83,18.84,18.85,18.86,18.87,18.88,18.89,3900,2800,1000,1900,1000,3500,600,1300,2900,4200,2000,2600,3600,8400,2000,10000,16200,20500,10700,1100
178.0,18.8,154700,2909262.0,18.78,18.77,18.76,18.75,18.71,18.7,18.69,18.68,18.67,18.66,18.8,18.81,18.82,18.83,18.84,18.85,18.86,18.87,18.88,18.89,4200,2800,1000,1900,1000,3500,600,1300,2900,4200,2000,2600,3600,8400,2000,10000,16200,20500,10700,1100
179.0,18.8,156100,2935582.0,18.79,18.78,18.77,18.76,18.75,18.71,18.7,18.69,18.68,18.67,18.8,18.81,18.82,18.83,18.84,18.85,18.86,18.87,18.88,18.89,100,4200,2800,1000,1900,1000,3500,600,1300,2900,600,2600,3600,8400,2000,10000,16200,20500,10700,1100
180.0,18.8,156100,2935582.0,18.79,18.78,18.77,18.76,18.75,18.71,18.7,18.69,18.68,18.67,18.8,18.81,18.82,18.83,18.84,18.85,18.86,18.87,18.88,18.89,100,7400,2800,1000,1900,1000,3500,600,1300,2900,600,2600,3600,8400,2000,10000,16200,20500,10700,1100
181.0,18.8,156100,2935582.0,18.79,18.78,18.77,18.76,18.75,18.71,18.7,18.69,18.68,18.67,18.8,18.81,18.82,18.83,18.84,18.85,18.86,18.87,18.88,18.89,100,7400,2800,1000,1900,1000,3500,600,1300,2900,600,2600,3600,8400,2000,10000,16200,20500,10700,1100
182.0,18.8,156700,2946862.0,18.79,18.78,18.77,18.76,18.75,18.71,18.7,18.69,18.68,18.67,18.81,18.82,18.83,18.84,18.85,18.86,18.87,18.88,18.89,18.9,300,7400,2500,1000,1900,1000,3500,600,1300,2900,2600,3600,8400,2000,10000,16200,20500,10700,1100,2600
183.0,18.81,158400,2978839.0,18.8,18.79,18.78,18.77,18.76,18.75,18.71,18.7,18.69,18.68,18.81,18.82,18.84,18.85,18.86,18.87,18.88,18.89,18.9,18.92,500,300,7400,2500,1000,1900,1000,3500,600,1300,900,3600,2000,10000,16200,20500,10700,1100,2600,800
184.0,18.81,159900,3007048.0,18.79,18.78,18.77,18.76,18.75,18.71,18.7,18.69,18.68,18.67,18.82,18.84,18.85,18.86,18.87,18.88,18.89,18.9,18.92,18.93,3500,7400,2500,1000,1900,1000,3500,600,1300,2900,3600,2000,10000,16200,20500,10700,1100,2600,800,1800
185.0,18.79,160300,3014564.0,18.79,18.78,18.77,18.76,18.75,18.71,18.7,18.69,18.68,18.67,18.82,18.84,18.85,18.86,18.87,18.88,18.89,18.9,18.92,18.93,3400,7400,2500,1000,1900,1000,3500,600,1300,2900,3600,2000,10000,16200,20500,10700,1100,2600,800,1800
186.0,18.79,160300,3014564.0,18.8,18.79,18.78,18.77,18.76,18.75,18.71,18.7,18.69,18.68,18.82,18.84,18.85,18.86,18.87,18.88,18.89,18.9,18.92,18.93,100,3600,7400,2500,1000,1900,1000,3500,600,1300,3800,2000,10000,16200,20500,10700,3100,2600,800,1800
187.0,18.82,160600,3020210.0,18.8,18.79,18.78,18.77,18.76,18.75,18.71,18.7,18.69,18.68,18.82,18.84,18.85,18.86,18.87,18.88,18.89,18.9,18.92,18.93,100,3600,7400,2500,1000,1900,1000,3500,600,1300,3500,2000,10000,16200,20500,10700,3100,2600,800,1800
188.0,18.8,160700,3022090.0,18.81,18.79,18.78,18.77,18.76,18.75,18.71,18.7,18.69,18.68,18.82,18.84,18.85,18.86,18.87,18.88,18.89,18.9,18.92,18.93,600,3600,7100,1300,1000,1900,1000,3500,600,1300,3500,2000,10000,16200,20500,10700,3100,2600,800,1800
189.0,18.82,162000,3046556.0,18.81,18.79,18.78,18.77,18.76,18.75,18.71,18.7,18.69,18.68,18.82,18.84,18.85,18.86,18.87,18.88,18.89,18.9,18.92,18.93,600,3600,14800,1300,1000,1900,1000,3500,600,1300,2200,2000,10000,16200,20500,10700,3100,2600,800,1800
190.0,18.82,162600,3057848.0,18.79,18.78,18.77,18.76,18.75,18.71,18.7,18.69,18.68,18.67,18.82,18.84,18.85,18.86,18.87,18.88,18.89,18.9,18.92,18.93,3600,14800,1300,1000,1900,1000,3500,600,1300,2900,1600,2000,10000,16200,20500,10600,3100,2600,800,1800
191.0,18.82,162600,3057848.0,18.8,18.79,18.78,18.77,18.76,18.75,18.71,18.7,18.69,18.68,18.81,18.82,18.84,18.85,18.86,18.87,18.88,18.89,18.9,18.92,100,3600,15800,1300,1000,1900,1000,3500,600,1300,5600,1600,2000,10000,16200,20500,10600,3100,2600,800
192.0,18.82,162600,3057848.0,18.8,18.79,18.78,18.77,18.76,18.75,18.71,18.7,18.69,18.68,18.81,18.82,18.84,18.85,18.86,18.87,18.88,18.89,18.9,18.92,100,3600,15800,1300,1000,1900,1000,3500,600,1300,5600,1600,2000,10000,16200,20500,10600,3100,2600,800
193.0,18.82,170000,3197056.0,18.79,18.78,18.77,18.76,18.75,18.71,18.7,18.69,18.68,18.67,18.84,18.85,18.86,18.87,18.88,18.89,18.9,18.92,18.93,18.94,3600,15800,1300,1000,1900,1000,3500,600,1300,2900,2000,10000,16200,20500,10600,3100,2600,800,1800,1000
194.0,18.82,170000,3197056.0,18.79,18.78,18.77,18.76,18.75,18.71,18.7,18.69,18.68,18.67,18.82,18.84,18.85,18.86,18.87,18.88,18.89,18.9,18.92,18.93,4600,13100,1300,1000,1900,1000,3500,600,1300,2900,100,3000,10000,16200,20500,10600,3100,2600,800,1800
195.0,18.82,170400,3204584.0,18.82,18.79,18.78,18.77,18.76,18.75,18.7,18.69,18.68,18.67,18.84,18.85,18.86,18.87,18.88,18.89,18.9,18.92,18.93,18.94,300,4600,13100,1300,1000,1900,3500,600,1300,2900,3000,10000,16200,20500,10600,3100,2600,800,1800,1000
196.0,18.81,171200,3219635.0,18.8,18.79,18.78,18.77,18.76,18.75,18.7,18.69,18.68,18.67,18.81,18.82,18.84,18.85,18.86,18.87,18.88,18.89,18.9,18.92,100,4600,13100,1300,1000,1900,3500,600,1300,2900,300,700,3000,9600,16200,20500,10600,3100,2600,800
197.0,18.81,172500,3244094.0,18.81,18.8,18.79,18.78,18.77,18.76,18.75,18.7,18.69,18.68,18.82,18.84,18.85,18.86,18.87,18.88,18.89,18.9,18.92,18.93,100,100,4600,13100,1300,900,1900,3500,600,1300,100,3000,9600,16200,20500,10600,3100,2600,800,1800
198.0,18.81,172500,3244094.0,18.81,18.8,18.79,18.78,18.77,18.76,18.75,18.7,18.69,18.68,18.82,18.84,18.85,18.86,18.87,18.88,18.89,18.9,18.92,18.93,100,100,4600,13100,1300,900,1900,3500,600,1300,100,3000,9600,16200,20500,10600,3100,2600,800,1800
199.0,18.81,172500,3244094.0,18.81,18.8,18.79,18.78,18.77,18.76,18.75,18.7,18.69,18.68,18.82,18.84,18.85,18.86,18.87,18.88,18.89,18.9,18.92,18.93,100,100,4600,13100,1300,900,1900,3500,600,1300,100,3000,9600,16200,20500,9600,3100,2600,800,1800
200.0,18.82,172600,3245976.0,18.83,18.81,18.8,18.79,18.78,18.77,18.76,18.75,18.7,18.69,18.84,18.85,18.86,18.87,18.88,18.89,18.9,18.92,18.93,18.94,4900,1400,700,4600,11800,1300,900,1900,3500,600,3000,9600,16200,20500,9600,3100,2600,800,1800,1000
201.0,18.83,177600,3340126.0,18.81,18.8,18.79,18.78,18.77,18.76,18.75,18.7,18.69,18.68,18.84,18.85,18.86,18.87,18.88,18.89,18.9,18.92,18.93,18.94,1400,700,4600,11800,1300,900,1900,3500,600,1300,3000,9600,16200,20500,9600,3100,2600,800,1800,1000
202.0,18.83,177600,3340126.0,18.81,18.8,18.79,18.78,18.77,18.76,18.75,18.7,18.69,18.68,18.84,18.85,18.86,18.87,18.88,18.89,18.9,18.92,18.93,18.94,1700,700,4600,11800,1300,900,1900,3500,600,1300,3200,9600,16200,20500,9600,3100,2600,800,1800,1000
203.0,18.84,180600,3396591.0,18.81,18.8,18.79,18.78,18.77,18.76,18.75,18.7,18.69,18.68,18.84,18.85,18.86,18.87,18.88,18.89,18.9,18.92,18.93,18.94,200,700,4600,11800,1300,900,1900,3500,600,1300,2700,9600,16200,20500,9600,3000,2600,800,1800,1000
204.0,18.84,180600,3396591.0,18.81,18.8,18.79,18.78,18.77,18.76,18.75,18.7,18.69,18.68,18.83,18.84,18.85,18.86,18.87,18.88,18.89,18.9,18.92,18.93,400,700,4600,11800,1300,900,1900,3500,600,1300,700,2900,9600,16200,20500,9600,3000,2600,800,1800
205.0,18.84,180600,3396591.0,18.81,18.8,18.79,18.78,18.77,18.76,18.75,18.7,18.69,18.68,18.83,18.84,18.85,18.86,18.87,18.88,18.89,18.9,18.92,18.93,400,700,4600,11800,1300,900,1900,3500,600,1300,700,2900,9600,16200,20500,9600,3000,2600,800,1800
206.0,18.81,180700,3398472.0,18.81,18.8,18.79,18.78,18.77,18.76,18.75,18.7,18.69,18.68,18.83,18.84,18.85,18.86,18.87,18.88,18.89,18.9,18.92,18.93,300,700,4600,11100,1300,900,1900,3500,600,1300,700,2900,9600,16200,20500,9600,3000,2600,800,1800
207.0,18.81,180700,3398472.0,18.81,18.8,18.79,18.78,18.77,18.76,18.75,18.7,18.69,18.68,18.83,18.84,18.85,18.86,18.87,18.88,18.89,18.9,18.92,18.93,300,700,4600,12100,1300,900,1900,3500,600,1300,700,2900,9600,16200,20500,9600,3000,2600,800,1800
208.0,18.81,180700,3398472.0,18.81,18.8,18.79,18.78,18.77,18.76,18.75,18.7,18.69,18.68,18.83,18.84,18.85,18.86,18.87,18.88,18.89,18.9,18.92,18.93,300,700,4600,15000,1300,900,1900,3500,600,1300,700,2900,9600,16500,20500,9600,3000,3600,800,1800
209.0,18.8,181600,3415395.0,18.8,18.79,18.78,18.77,18.76,18.75,18.7,18.69,18.68,18.67,18.81,18.84,18.85,18.86,18.87,18.88,18.89,18.9,18.92,18.93,100,4600,15000,1300,900,1900,3500,600,1300,2900,600,2900,9600,16500,20500,9600,3000,3600,800,1800
210.0,18.81,181700,3417276.0,18.8,18.79,18.78,18.77,18.76,18.75,18.7,18.69,18.68,18.67,18.81,18.84,18.85,18.86,18.87,18.88,18.89,18.9,18.92,18.93,100,4600,15000,1300,900,1900,3500,600,1300,2900,500,2900,10100,16500,20500,9600,3000,3600,800,1800
211.0,18.8,184700,3473676.0,18.8,18.79,18.78,18.77,18.76,18.75,18.7,18.69,18.68,18.67,18.81,18.82,18.84,18.85,18.86,18.87,18.88,18.89,18.9,18.92,2400,5800,15000,1300,900,1900,3500,600,1300,2900,500,900,2900,10100,16500,20500,9600,3000,3600,800
212.0,18.82,185300,3484963.0,18.8,18.79,18.78,18.77,18.76,18.75,18.7,18.69,18.68,18.67,18.82,18.83,18.84,18.85,18.86,18.87,18.88,18.89,18.9,18.92,2400,5800,15000,1300,900,1900,3500,600,1300,2900,800,100,2900,10100,16500,20500,9600,3000,3600,800
213.0,18.82,185300,3484963.0,18.8,18.79,18.78,18.77,18.76,18.75,18.7,18.69,18.68,18.67,18.82,18.83,18.84,18.85,18.86,18.87,18.88,18.89,18.9,18.92,2600,5800,15000,1300,900,1900,3500,600,1300,2900,800,100,3400,10100,14500,20500,9600,3000,3600,800
214.0,18.8,185500,3488723.0,18.81,18.8,18.79,18.78,18.77,18.76,18.75,18.7,18.69,18.68,18.82,18.83,18.84,18.85,18.86,18.87,18.88,18.89,18.9,18.92,9800,2400,5700,14900,1300,900,1900,3500,600,1300,800,100,3400,9200,14500,20500,9600,3000,3600,800
215.0,18.81,186000,3498128.0,18.81,18.8,18.79,18.78,18.77,18.76,18.75,18.7,18.69,18.68,18.82,18.83,18.84,18.85,18.86,18.87,18.88,18.89,18.9,18.92,19100,2400,5700,14900,1300,900,1900,3500,600,1300,800,100,3400,9200,14500,20500,9600,3000,3600,800
216.0,18.81,186000,3498128.0,18.81,18.8,18.79,18.78,18.77,18.76,18.75,18.7,18.69,18.68,18.82,18.83,18.84,18.85,18.86,18.87,18.88,18.89,18.9,18.92,19100,5100,5700,14900,1300,900,1900,3500,600,1300,800,100,3400,9200,14500,20500,9600,3000,3600,800
217.0,18.81,186500,3507536.0,18.81,18.8,18.79,18.78,18.77,18.76,18.75,18.7,18.69,18.68,18.82,18.83,18.84,18.85,18.86,18.87,18.88,18.89,18.9,18.92,18900,5100,5700,14900,1300,900,1900,3500,600,1300,500,100,3400,9200,14500,20500,9600,3000,3600,800
218.0,18.82,187400,3524469.0,18.81,18.8,18.79,18.78,18.77,18.76,18.75,18.7,18.69,18.68,18.82,18.83,18.84,18.85,18.86,18.87,18.88,18.89,18.9,18.92,19400,5100,4500,20200,1300,900,1900,3500,600,1300,100,100,3400,9200,14500,20500,9600,3000,3600,800
219.0,18.83,187700,3530117.0,18.83,18.82,18.81,18.8,18.79,18.78,18.77,18.76,18.75,18.7,18.84,18.85,18.86,18.87,18.88,18.89,18.9,18.92,18.93,18.94,800,100,19400,5100,4500,20200,1300,900,1900,3500,3400,9200,14500,20500,9600,3000,3600,800,1800,1000
220.0,18.83,187700,3530117.0,18.83,18.82,18.81,18.8,18.79,18.78,18.77,18.76,18.75,18.7,18.84,18.85,18.86,18.87,18.88,18.89,18.9,18.92,18.93,18.94,800,100,19400,5100,4200,20200,1300,900,1900,3500,3400,9200,14500,20500,9600,3000,3600,800,1800,1000
221.0,18.84,188900,3552725.0,18.83,18.82,18.81,18.8,18.79,18.78,18.77,18.76,18.75,18.7,18.84,18.85,18.86,18.87,18.88,18.89,18.9,18.92,18.93,18.94,3200,100,19400,5100,4200,20200,1300,900,1900,1900,2200,9200,14500,20500,9600,3000,3600,800,1800,1000
222.0,18.83,189700,3567789.0,18.83,18.82,18.81,18.8,18.79,18.78,18.77,18.76,18.75,18.7,18.84,18.85,18.86,18.87,18.88,18.89,18.9,18.92,18.93,18.94,2400,1000,19400,5100,4200,20200,1300,900,1900,1900,2200,10200,14500,20500,9600,3000,3600,800,1800,1000
223.0,18.83,189700,3567789.0,18.83,18.82,18.81,18.8,18.79,18.78,18.77,18.76,18.75,18.7,18.84,18.85,18.86,18.87,18.88,18.89,18.9,18.92,18.93,18.94,2400,1000,19400,5100,4200,20200,1300,900,1900,1900,2200,10200,14500,20500,9600,3000,3600,800,1800,1000
224.0,18.83,190700,3586621.0,18.83,18.82,18.81,18.8,18.79,18.78,18.77,18.76,18.75,18.7,18.84,18.85,18.86,18.87,18.88,18.89,18.9,18.92,18.93,18.94,1600,1000,19300,5100,4200,18900,1300,900,1900,1900,2000,10200,14500,20500,9600,3000,3600,800,1800,1000
225.0,18.83,191200,3596036.0,18.83,18.82,18.81,18.8,18.79,18.78,18.77,18.76,18.75,18.7,18.84,18.85,18.86,18.87,18.88,18.89,18.9,18.92,18.93,18.94,1100,1000,19300,5100,4200,18900,1300,900,1900,1900,2000,10200,14500,20500,9600,3000,3600,800,1800,1000
226.0,18.83,191200,3596036.0,18.83,18.82,18.81,18.8,18.79,18.78,18.77,18.76,18.75,18.7,18.84,18.85,18.86,18.87,18.88,18.89,18.9,18.92,18.93,18.94,1100,1000,19300,5100,4200,18900,1300,900,1900,11900,2000,10800,14500,20500,9600,3000,3600,800,1800,1000
227.0,18.83,191300,3597919.0,18.83,18.82,18.81,18.8,18.79,18.78,18.77,18.76,18.75,18.7,18.84,18.85,18.86,18.87,18.88,18.89,18.9,18.92,18.93,18.94,2500,1000,19300,5100,4200,18900,1300,900,1900,11900,5100,10800,14500,20500,9600,3000,3600,800,1800,1000
228.0,18.83,191400,3599802.0,18.83,18.82,18.81,18.8,18.79,18.78,18.77,18.76,18.75,18.7,18.84,18.85,18.86,18.87,18.88,18.89,18.9,18.92,18.93,18.94,2500,1000,19300,5100,4200,18900,1300,900,1900,11900,5100,10800,14500,20500,9600,3000,3600,800,1800,1000
229.0,18.83,191400,3599802.0,18.83,18.82,18.81,18.8,18.79,18.78,18.77,18.76,18.75,18.7,18.84,18.85,18.86,18.87,18.88,18.89,18.9,18.92,18.93,18.94,2500,1000,19300,5100,4200,18900,1300,900,1900,11900,5100,10800,14500,20500,9600,3000,3600,800,1800,1000
230.0,18.84,192100,3612988.0,18.83,18.82,18.81,18.8,18.79,18.78,18.77,18.76,18.75,18.7,18.84,18.85,18.86,18.87,18.88,18.89,18.9,18.92,18.93,18.94,2400,1000,19300,5100,4200,18900,1300,900,1900,11900,5200,10800,14500,20500,9600,3000,3600,800,1800,1000
231.0,18.83,193500,3639355.0,18.83,18.82,18.81,18.8,18.79,18.78,18.77,18.76,18.75,18.7,18.84,18.85,18.86,18.87,18.88,18.89,18.9,18.92,18.93,18.94,1500,1000,19300,5100,4200,18900,1300,900,1900,11900,4700,10800,14500,20500,9600,3000,3600,800,1800,1000
232.0,18.83,193500,3639355.0,18.83,18.82,18.81,18.8,18.79,18.78,18.77,18.76,18.75,18.7,18.84,18.85,18.86,18.87,18.88,18.89,18.9,18.92,18.93,18.94,1500,1000,19300,5100,4200,18900,1300,900,1900,11900,5700,10800,14500,20500,9600,3000,3600,800,1800,1000
233.0,18.83,193500,3639355.0,18.83,18.82,18.81,18.8,18.79,18.78,18.77,18.76,18.75,18.7,18.84,18.85,18.86,18.87,18.88,18.89,18.9,18.92,18.93,18.94,4500,1000,19300,5100,4200,18900,1300,900,1900,11900,5700,10800,14500,20500,9600,3000,3600,800,1800,1000
234.0,18.83,193900,3646887.0,18.83,18.82,18.81,18.8,18.79,18.78,18.77,18.76,18.75,18.7,18.84,18.85,18.86,18.87,18.88,18.89,18.9,18.92,18.93,18.94,6100,900,19300,5100,4200,18900,1300,900,1900,11900,5700,10800,14500,20500,9600,3000,3600,800,1800,1000
235.0,18.83,193900,3646887.0,18.83,18.82,18.81,18.8,18.79,18.78,18.77,18.76,18.75,18.7,18.84,18.85,18.86,18.87,18.88,18.89,18.9,18.92,18.93,18.94,6200,900,19300,5100,4200,18900,1300,900,1900,11900,5700,10800,14500,20500,9600,3000,3600,800,1800,1000
236.0,18.84,195100,3669495.0,18.83,18.82,18.81,18.8,18.79,18.78,18.77,18.76,18.75,18.7,18.84,18.85,18.86,18.87,18.88,18.89,18.9,18.92,18.93,18.94,6200,900,19300,5100,4200,18900,1300,900,1900,11900,4500,10800,14500,20500,9600,3000,3600,800,1800,1000
237.0,18.83,195600,3678910.0,18.83,18.81,18.8,18.79,18.78,18.77,18.76,18.75,18.7,18.69,18.84,18.85,18.86,18.87,18.88,18.89,18.9,18.92,18.93,18.94,5700,19300,5100,4200,18900,1300,900,1900,11900,600,4500,10800,14500,20500,9600,3000,3600,800,1800,1000
238.0,18.84,196000,3686446.0,18.83,18.81,18.8,18.79,18.78,18.77,18.76,18.75,18.7,18.69,18.84,18.85,18.86,18.87,18.88,18.89,18.9,18.92,18.93,18.94,7000,19300,5100,4200,18900,1300,900,1900,11900,600,4100,10800,14500,20500,9600,3000,3600,800,1800,1000
239.0,18.83,197600,3716575.0,18.83,18.81,18.8,18.79,18.78,18.77,18.76,18.75,18.7,18.69,18.84,18.85,18.86,18.87,18.88,18.89,18.9,18.92,18.93,18.94,5500,19300,5100,4200,18900,1300,900,1900,11900,600,4000,10800,14500,20500,9600,3000,3600,800,1800,1000
240.0,18.83,197600,3716575.0,18.83,18.81,18.8,18.79,18.78,18.77,18.76,18.75,18.7,18.69,18.84,18.85,18.86,18.87,18.88,18.89,18.9,18.92,18.93,18.94,5500,19300,5100,4200,18900,1300,900,1900,11900,600,4000,10000,14500,18400,9600,3000,3600,800,1800,1000
241.0,18.84,201100,3782510.0,18.83,18.81,18.8,18.79,18.78,18.77,18.76,18.75,18.7,18.69,18.84,18.85,18.86,18.87,18.88,18.89,18.9,18.92,18.93,18.94,5000,19300,5100,4200,18900,1300,900,1900,11900,600,1000,10000,14500,18400,9600,3000,3600,800,1800,1000
242.0,18.84,201100,3782510.0,18.83,18.81,18.8,18.79,18.78,18.77,18.76,18.75,18.7,18.69,18.84,18.85,18.86,18.87,18.88,18.89,18.9,18.92,18.93,18.94,5000,19300,5100,4200,18900,1300,900,1900,11900,600,1000,10000,14500,18400,9600,3000,3600,800,1800,1000
243.0,18.85,203100,3820200.0,18.83,18.81,18.8,18.79,18.78,18.77,18.76,18.75,18.7,18.69,18.85,18.86,18.87,18.88,18.89,18.9,18.92,18.93,18.94,18.95,5000,19300,5100,4200,18900,1300,900,1900,11900,600,9000,14500,18400,9600,3000,3600,800,1800,1000,12800
244.0,18.83,204400,3844689.0,18.83,18.81,18.8,18.79,18.78,18.77,18.76,18.75,18.7,18.69,18.84,18.85,18.86,18.87,18.88,18.89,18.9,18.92,18.93,18.94,4200,19300,5100,4200,18900,1300,900,1900,11900,600,1000,8500,14500,18400,9600,3000,3600,800,1800,1000
245.0,18.83,204400,3844689.0,18.83,18.81,18.8,18.79,18.78,18.77,18.76,18.75,18.7,18.69,18.84,18.85,18.86,18.87,18.88,18.89,18.9,18.92,18.93,18.94,4300,19300,5100,4200,18900,1300,900,1900,11900,600,1000,8500,14500,18400,9600,3000,3600,800,1800,1000
246.0,18.84,204500,3846573.0,18.83,18.81,18.8,18.79,18.78,18.77,18.76,18.75,18.7,18.69,18.84,18.85,18.86,18.87,18.88,18.89,18.9,18.92,18.93,18.94,5500,19300,5100,4200,18900,1300,900,1900,11900,600,900,8500,14500,18400,9600,3000,3600,800,1800,1000
247.0,18.85,207600,3904989.0,18.83,18.81,18.8,18.79,18.78,18.77,18.76,18.75,18.7,18.69,18.84,18.85,18.86,18.87,18.88,18.89,18.9,18.92,18.93,18.94,5000,19300,5100,4200,18900,1300,900,1900,11900,600,3000,6800,14500,18400,9600,3000,4600,800,1800,1000
248.0,18.83,212600,3999139.0,18.81,18.8,18.79,18.78,18.77,18.76,18.75,18.7,18.69,18.68,18.83,18.84,18.85,18.86,18.87,18.88,18.89,18.9,18.92,18.93,19300,5100,4200,18900,1300,900,1900,11900,600,1300,3800,3000,6800,14500,18400,9600,3000,4600,800,1800
249.0,18.83,212600,3999139.0,18.81,18.8,18.79,18.78,18.77,18.76,18.75,18.7,18.69,18.68,18.83,18.84,18.85,18.86,18.87,18.88,18.89,18.9,18.92,18.93,19300,5100,4200,18900,1300,900,1900,11900,600,1300,3800,3000,6800,14500,18400,9600,3000,4600,800,1800
250.0,18.83,214800,4040565.0,18.81,18.8,18.79,18.78,18.77,18.76,18.75,18.7,18.69,18.68,18.83,18.84,18.85,18.86,18.87,18.88,18.89,18.9,18.92,18.93,19300,5100,4200,18900,1300,900,1900,11900,600,1300,1600,3000,6800,14500,18400,9600,3000,4600,800,1800
251.0,18.82,216100,4065022.0,18.82,18.81,18.8,18.79,18.78,18.77,18.76,18.75,18.7,18.69,18.83,18.84,18.85,18.86,18.87,18.88,18.89,18.9,18.92,18.93,100,18300,6500,4200,18900,1300,900,1900,11900,600,1500,3000,6800,14500,18400,9600,3000,4600,800,1800
252.0,18.83,216200,4066905.0,18.82,18.81,18.8,18.79,18.78,18.77,18.76,18.75,18.7,18.69,18.83,18.84,18.85,18.86,18.87,18.88,18.89,18.9,18.92,18.93,100,18300,6500,4200,18900,1300,900,1900,11900,600,1400,3000,6800,14500,18400,9600,3000,4600,800,1800
253.0,18.83,216900,4080086.0,18.82,18.81,18.8,18.79,18.78,18.77,18.76,18.75,18.7,18.69,18.83,18.84,18.85,18.86,18.87,18.88,18.89,18.9,18.92,18.93,100,18300,6500,4200,17900,1300,900,1900,11900,600,1400,3000,6800,14500,18400,9600,3000,4600,800,1800
254.0,18.83,218300,4106448.0,18.83,18.82,18.81,18.8,18.79,18.78,18.77,18.76,18.75,18.7,18.84,18.85,18.86,18.87,18.88,18.89,18.9,18.92,18.93,18.94,100,300,8800,6500,4200,17900,1300,900,1900,11900,3000,6800,14500,18400,9600,3000,4600,800,1800,1000
255.0,18.83,218300,4106448.0,18.83,18.82,18.81,18.8,18.79,18.78,18.77,18.76,18.75,18.7,18.84,18.85,18.86,18.87,18.88,18.89,18.9,18.92,18.93,18.94,100,300,8800,6500,4200,17900,1300,900,1900,11900,3000,6800,14500,18400,9600,3000,4600,800,1800,1000
256.0,18.83,218300,4106448.0,18.83,18.82,18.81,18.8,18.79,18.78,18.77,18.76,18.75,18.7,18.84,18.85,18.86,18.87,18.88,18.89,18.9,18.92,18.93,18.94,100,300,8800,6500,4200,17900,1300,900,1900,11900,3100,6900,14500,18400,9600,3000,4600,800,1800,1000
257.0,18.83,218300,4106448.0,18.83,18.82,18.81,18.8,18.79,18.78,18.77,18.76,18.75,18.7,18.84,18.85,18.86,18.87,18.88,18.89,18.9,18.92,18.93,18.94,200,1800,8800,5100,4200,17900,1300,900,1900,11900,3100,6900,14500,18400,9600,3000,4600,800,1800,1000
258.0,18.83,218300,4106448.0,18.83,18.82,18.81,18.8,18.79,18.78,18.77,18.76,18.75,18.7,18.84,18.85,18.86,18.87,18.88,18.89,18.9,18.92,18.93,18.94,200,1800,8800,5100,4200,17900,1300,900,1900,11900,3100,6900,14500,18400,9600,3000,4600,800,1800,1000
259.0,18.84,218600,4112100.0,18.83,18.82,18.81,18.8,18.79,18.78,18.77,18.76,18.75,18.7,18.84,18.85,18.86,18.87,18.88,18.89,18.9,18.92,18.93,18.94,200,1800,8800,5100,4200,17900,1300,900,1900,11900,2800,6900,14500,18400,9600,3000,4600,800,1800,1000
260.0,18.84,218600,4112100.0,18.83,18.82,18.81,18.8,18.79,18.78,18.77,18.76,18.75,18.7,18.84,18.85,18.86,18.87,18.88,18.89,18.9,18.92,18.93,18.94,200,1800,8800,5100,4200,17900,1300,900,1900,11900,2800,6900,14500,18400,9600,3000,4600,800,1800,1000
261.0,18.83,220100,4140357.0,18.82,18.81,18.8,18.79,18.78,18.77,18.76,18.75,18.7,18.69,18.83,18.84,18.85,18.86,18.87,18.88,18.89,18.9,18.92,18.93,1800,8800,5100,4200,17900,1300,900,1900,11900,600,400,1600,6900,14500,18400,9600,3000,4600,800,1800
262.0,18.83,220100,4140357.0,18.82,18.81,18.8,18.79,18.78,18.77,18.76,18.75,18.7,18.69,18.83,18.84,18.85,18.86,18.87,18.88,18.89,18.9,18.92,18.93,1800,8800,5100,4200,17900,1300,900,1900,11900,600,400,1600,6900,13500,18400,9500,3000,4600,800,1800
263.0,18.82,220400,4146003.0,18.82,18.81,18.8,18.79,18.78,18.77,18.76,18.75,18.7,18.69,18.83,18.84,18.85,18.86,18.87,18.88,18.89,18.9,18.92,18.93,1500,8800,5100,4200,17900,1300,900,1900,11900,600,1400,1600,6900,13500,18400,9500,3000,4600,800,1300
264.0,18.82,220400,4146003.0,18.82,18.81,18.8,18.79,18.78,18.77,18.76,18.75,18.7,18.69,18.83,18.84,18.85,18.86,18.87,18.88,18.89,18.9,18.92,18.93,1500,8800,5100,4200,17900,1300,900,1900,11900,600,1400,1600,6900,13500,18400,9500,3000,4600,800,1300
265.0,18.82,221900,4174233.0,18.81,18.8,18.79,18.78,18.77,18.76,18.75,18.7,18.69,18.68,18.82,18.83,18.84,18.85,18.86,18.87,18.88,18.89,18.9,18.92,8800,5100,4200,17900,1300,900,1900,11900,600,1300,300,1800,1600,6900,13500,18400,9500,3000,4600,800
266.0,18.83,222400,4183645.0,18.81,18.8,18.79,18.78,18.77,18.76,18.75,18.7,18.69,18.68,18.83,18.84,18.85,18.86,18.87,18.88,18.89,18.9,18.92,18.93,8800,5100,4200,17900,1300,900,1900,11900,600,1300,1600,1600,6900,13500,18400,9500,3000,4600,800,1300
267.0,18.81,222700,4189292.0,18.81,18.8,18.79,18.78,18.77,18.76,18.75,18.7,18.69,18.68,18.83,18.84,18.85,18.86,18.87,18.88,18.89,18.9,18.92,18.93,8700,5100,4200,17900,1300,900,1900,11900,600,1300,1400,1600,6900,13500,18400,6700,3000,5100,800,1300
268.0,18.83,223700,4208122.0,18.81,18.8,18.79,18.78,18.77,18.76,18.75,18.7,18.69,18.68,18.83,18.84,18.85,18.86,18.87,18.88,18.89,18.9,18.92,18.93,8700,5100,4200,17900,1300,900,1900,11900,600,1300,400,6700,6900,13500,18400,6700,3000,5100,800,1300
269.0,18.84,224700,4226958.0,18.81,18.8,18.79,18.78,18.77,18.76,18.75,18.7,18.69,18.68,18.84,18.85,18.86,18.87,18.88,18.89,18.9,18.92,18.93,18.94,8700,5100,4200,17900,1300,900,1900,11900,600,1300,6100,6900,13500,18400,6700,3000,5100,800,1300,1000
270.0,18.84,224700,4226958.0,18.81,18.8,18.79,18.78,18.77,18.76,18.75,18.7,18.69,18.68,18.84,18.85,18.86,18.87,18.88,18.89,18.9,18.92,18.93,18.94,9200,5100,4200,17900,1300,900,1900,11900,600,1300,6600,6900,13500,18400,6700,3000,5100,800,1300,1000
271.0,18.84,224700,4226958.0,18.81,18.8,18.79,18.78,18.77,18.76,18.75,18.7,18.69,18.68,18.84,18.85,18.86,18.87,18.88,18.89,18.9,18.92,18.93,18.94,9200,5100,4200,17900,1300,900,1900,11900,600,1300,6600,6900,13500,18400,6700,3000,5100,800,1300,1000
272.0,18.81,224800,4228839.0,18.82,18.81,18.8,18.79,18.78,18.77,18.76,18.75,18.7,18.69,18.84,18.85,18.86,18.87,18.88,18.89,18.9,18.92,18.93,18.94,300,10400,5100,4200,17900,1300,900,1900,11900,600,6600,6900,13500,18400,6700,3000,5100,800,1300,1000
273.0,18.81,224800,4228839.0,18.82,18.81,18.8,18.79,18.78,18.77,18.76,18.75,18.7,18.69,18.84,18.85,18.86,18.87,18.88,18.89,18.9,18.92,18.93,18.94,300,10400,5100,4200,17900,1300,900,1900,11900,600,6600,6900,13500,18400,6700,3000,5100,800,1300,1000
274.0,18.81,224800,4228839.0,18.82,18.81,18.8,18.79,18.78,18.77,18.76,18.75,18.7,18.69,18.84,18.85,18.86,18.87,18.88,18.89,18.9,18.92,18.93,18.94,300,10400,5100,4200,17900,1300,900,1900,11900,600,2000,6900,13500,18400,6700,3000,5100,800,1300,1000
275.0,18.82,225100,4234485.0,18.81,18.8,18.79,18.78,18.77,18.76,18.75,18.7,18.69,18.68,18.84,18.85,18.86,18.87,18.88,18.89,18.9,18.92,18.93,18.94,10400,5100,4200,17900,1300,900,1900,11900,600,1300,2000,6900,13500,18400,6700,3000,5100,800,1300,1000
276.0,18.82,225100,4234485.0,18.81,18.8,18.79,18.78,18.77,18.76,18.75,18.7,18.69,18.68,18.84,18.85,18.86,18.87,18.88,18.89,18.9,18.92,18.93,18.94,10700,5100,4200,17900,1300,900,1900,11900,600,1300,2300,6900,13500,18400,6700,3000,5100,800,1300,1000
277.0,18.82,225100,4234485.0,18.81,18.8,18.79,18.78,18.77,18.76,18.75,18.7,18.69,18.68,18.84,18.85,18.86,18.87,18.88,18.89,18.9,18.92,18.93,18.94,21500,5100,4200,17900,1300,900,1900,11900,600,1300,3500,6900,13500,18400,6700,3000,5100,800,1300,1000
278.0,18.82,225100,4234485.0,18.81,18.8,18.79,18.78,18.77,18.76,18.75,18.7,18.69,18.68,18.84,18.85,18.86,18.87,18.88,18.89,18.9,18.92,18.93,18.94,21500,5100,4200,17900,1300,900,1900,11900,600,1300,3500,6900,13500,18400,6700,3000,5100,800,1300,1000
279.0,18.84,225700,4245789.0,18.81,18.8,18.79,18.78,18.77,18.76,18.75,18.7,18.69,18.68,18.84,18.85,18.86,18.87,18.88,18.89,18.9,18.92,18.93,18.94,21500,5100,4200,17900,1300,900,1900,11900,600,1300,3200,26900,13500,18400,6700,3000,5100,800,1300,1000
280.0,18.84,225700,4245789.0,18.81,18.8,18.79,18.78,18.77,18.76,18.75,18.7,18.69,18.68,18.84,18.85,18.86,18.87,18.88,18.89,18.9,18.92,18.93,18.94,22000,5100,4200,17900,1300,900,1900,11900,600,1300,3400,26900,13500,18400,38000,3000,5100,800,1300,1000
281.0,18.84,225900,4249557.0,18.81,18.8,18.79,18.78,18.77,18.76,18.75,18.7,18.69,18.68,18.84,18.85,18.86,18.87,18.88,18.89,18.9,18.92,18.93,18.94,22000,5100,4200,17900,1300,900,1900,11900,600,1300,4200,26900,13500,18400,38000,3000,5100,800,1300,1000
282.0,18.84,225900,4249557.0,18.81,18.8,18.79,18.78,18.77,18.76,18.75,18.7,18.69,18.68,18.84,18.85,18.86,18.87,18.88,18.89,18.9,18.92,18.93,18.94,22000,5100,4200,17900,1300,900,1900,11900,600,1300,4200,29000,13500,18400,38000,3000,5100,800,1300,1000
283.0,18.84,226300,4257093.0,18.81,18.8,18.79,18.78,18.77,18.76,18.75,18.7,18.69,18.68,18.84,18.85,18.86,18.87,18.88,18.89,18.9,18.92,18.93,18.94,22300,5100,4200,17900,1300,900,1900,11900,600,1300,4100,29000,13500,18400,38000,3000,5100,800,1300,1000
284.0,18.84,226800,4266513.0,18.81,18.8,18.79,18.78,18.77,18.76,18.75,18.7,18.69,18.68,18.83,18.84,18.85,18.86,18.87,18.88,18.89,18.9,18.92,18.93,22500,5100,4200,17900,1300,900,1900,11900,600,1300,100,3800,29000,13500,18400,38000,3000,5100,800,1300
285.0,18.84,226800,4266513.0,18.81,18.8,18.79,18.78,18.77,18.76,18.75,18.7,18.69,18.68,18.83,18.84,18.85,18.86,18.87,18.88,18.89,18.9,18.92,18.93,22500,5100,4200,17900,1300,900,1900,11900,600,1300,100,3800,29000,13500,18400,38000,3000,5100,800,1300
286.0,18.81,227800,4285323.0,18.81,18.8,18.79,18.78,18.77,18.76,18.75,18.7,18.69,18.68,18.83,18.84,18.85,18.86,18.87,18.88,18.89,18.9,18.92,18.93,21500,5100,4200,17900,1300,900,1900,11900,600,1300,100,3800,29000,13500,18400,38000,3000,5100,800,1300
287.0,18.81,227800,4285323.0,18.81,18.8,18.79,18.78,18.77,18.76,18.75,18.7,18.69,18.68,18.83,18.84,18.85,18.86,18.87,18.88,18.89,18.9,18.92,18.93,21500,5100,4200,17900,1300,900,1900,11900,600,1300,100,3800,29000,13500,18400,38000,3000,5100,800,1300
288.0,18.81,227800,4285323.0,18.81,18.8,18.79,18.78,18.77,18.76,18.75,18.7,18.69,18.68,18.83,18.84,18.85,18.86,18.87,18.88,18.89,18.9,18.92,18.93,21500,5100,4200,17900,1300,900,1900,11900,600,1300,100,3800,29000,13500,8400,38000,3000,5100,800,1300
289.0,18.81,228300,4294728.0,18.81,18.8,18.79,18.78,18.77,18.76,18.75,18.7,18.69,18.68,18.83,18.84,18.85,18.86,18.87,18.88,18.89,18.9,18.92,18.93,21000,5100,4200,17900,1300,900,1900,11900,600,1300,100,3800,29000,13500,8400,38000,3000,5100,800,1300
290.0,18.81,228300,4294728.0,18.82,18.81,18.8,18.79,18.78,18.77,18.76,18.75,18.7,18.69,18.83,18.84,18.85,18.86,18.87,18.88,18.89,18.9,18.92,18.93,600,21000,5100,4200,17900,1300,900,1900,11900,600,100,4000,29000,13500,8400,38000,3000,5100,800,1300
291.0,18.81,228300,4294728.0,18.82,18.81,18.8,18.79,18.78,18.77,18.76,18.75,18.7,18.69,18.83,18.84,18.85,18.86,18.87,18.88,18.89,18.9,18.92,18.93,600,21000,8100,4200,17900,1300,900,1900,11900,600,100,4000,29000,13500,8400,38000,3000,5100,800,1300
292.0,18.81,228300,4294728.0,18.82,18.81,18.8,18.79,18.78,18.77,18.76,18.75,18.7,18.69,18.83,18.84,18.85,18.86,18.87,18.88,18.89,18.9,18.92,18.93,600,22200,8100,4200,17900,1300,900,1900,11900,600,100,4000,29000,13500,8400,38000,3000,5100,800,1300
293.0,18.81,228300,4294728.0,18.82,18.81,18.8,18.79,18.78,18.77,18.76,18.75,18.7,18.69,18.83,18.84,18.85,18.86,18.87,18.88,18.89,18.9,18.92,18.93,600,22200,8100,4200,17900,1300,900,1900,11900,600,100,4000,29000,13500,8400,38000,3000,5100,800,1300
294.0,18.83,228500,4298494.0,18.83,18.82,18.81,18.8,18.79,18.78,18.77,18.76,18.75,18.7,18.84,18.85,18.86,18.87,18.88,18.89,18.9,18.92,18.93,18.94,400,7700,22200,8100,4200,17900,1300,900,1900,11900,4000,29000,13500,8400,38000,3000,6100,800,1300,1000
295.0,18.83,228500,4298494.0,18.83,18.82,18.81,18.8,18.79,18.78,18.77,18.76,18.75,18.7,18.84,18.85,18.86,18.87,18.88,18.89,18.9,18.92,18.93,18.94,400,23700,22200,8100,4200,17900,1300,900,1900,11900,4000,29000,13500,8400,38000,3000,6100,800,1300,1000
296.0,18.84,229200,4311682.0,18.83,18.82,18.81,18.8,18.79,18.78,18.77,18.76,18.75,18.7,18.84,18.85,18.86,18.87,18.88,18.89,18.9,18.92,18.93,18.94,400,23700,22200,8100,4200,17900,1300,900,1900,11900,3300,29000,13500,8400,38000,3000,6100,800,1300,1000
297.0,18.82,231400,4353114.0,18.82,18.81,18.8,18.79,18.78,18.77,18.76,18.75,18.7,18.69,18.84,18.85,18.86,18.87,18.88,18.89,18.9,18.92,18.93,18.94,23100,22200,8100,4200,17900,1300,900,1900,11900,600,2100,32500,13500,8400,38000,3000,6100,800,1300,1000
298.0,18.82,232400,4371934.0,18.82,18.81,18.8,18.79,18.78,18.77,18.76,18.75,18.7,18.69,18.83,18.84,18.85,18.86,18.87,18.88,18.89,18.9,18.92,18.93,22100,22200,8100,4200,17900,1300,900,1900,11900,600,5000,2100,31500,13500,8400,38000,3000,6100,800,1300
299.0,18.82,232400,4371934.0,18.82,18.81,18.8,18.79,18.78,18.77,18.76,18.75,18.7,18.69,18.83,18.84,18.85,18.86,18.87,18.88,18.89,18.9,18.92,18.93,22400,18400,8100,4200,17900,1300,900,1900,11900,600,5000,2100,31500,13500,8400,38000,3000,6100,800,1300
300.0,18.83,235100,4422775.0,18.82,18.81,18.8,18.79,18.78,18.77,18.76,18.75,18.7,18.69,18.83,18.84,18.85,18.86,18.87,18.88,18.89,18.9,18.92,18.93,23600,18400,8100,4200,17900,1300,900,1900,11900,600,2300,2100,31500,13500,8400,38000,3000,6100,800,1300
301.0,18.83,235100,4422775.0,18.82,18.81,18.8,18.79,18.78,18.77,18.76,18.75,18.7,18.69,18.83,18.84,18.85,18.86,18.87,18.88,18.89,18.9,18.92,18.93,23600,18400,8100,4200,17900,1300,900,1900,11900,600,2300,2100,31500,13500,8400,38000,3000,6100,800,1300
302.0,18.82,235700,4434072.0,18.82,18.81,18.8,18.79,18.78,18.77,18.76,18.75,18.7,18.69,18.83,18.84,18.85,18.86,18.87,18.88,18.89,18.9,18.92,18.93,25400,18400,8100,4200,17900,1300,900,1900,11900,600,2300,4900,31500,13500,8400,38000,3000,6100,800,1300
303.0,18.82,236200,4443482.0,18.82,18.81,18.8,18.79,18.78,18.77,18.76,18.75,18.7,18.69,18.83,18.84,18.85,18.86,18.87,18.88,18.89,18.9,18.92,18.93,24900,18400,8100,4200,17900,1300,900,1900,11900,600,2300,4900,31500,13500,8400,38000,3000,6100,800,1300
304.0,18.82,239300,4501826.0,18.82,18.81,18.8,18.79,18.78,18.77,18.76,18.75,18.7,18.69,18.83,18.84,18.85,18.86,18.87,18.88,18.89,18.9,18.92,18.93,22000,18400,8100,4200,17900,1300,900,1900,11900,600,12100,24900,31500,13500,8400,38000,3000,6100,800,1300
305.0,18.82,239300,4501826.0,18.82,18.81,18.8,18.79,18.78,18.77,18.76,18.75,18.7,18.69,18.83,18.84,18.85,18.86,18.87,18.88,18.89,18.9,18.92,18.93,22000,18800,8100,4200,17900,1300,900,1900,11900,600,12300,24900,31500,13500,8400,38000,3000,6100,800,1300
306.0,18.82,239800,4511236.0,18.82,18.81,18.8,18.79,18.78,18.77,18.76,18.75,18.7,18.69,18.83,18.84,18.85,18.86,18.87,18.88,18.89,18.9,18.92,18.93,21500,18800,8100,4200,17900,1300,900,1900,11900,600,12300,24900,31500,13500,8400,38000,3000,6100,800,1300
307.0,18.82,239800,4511236.0,18.82,18.81,18.8,18.79,18.78,18.77,18.76,18.75,18.7,18.69,18.83,18.84,18.85,18.86,18.87,18.88,18.89,18.9,18.92,18.93,21500,18800,8100,1200,17900,1300,900,1900,11900,600,12300,24900,31500,13500,8400,38000,3000,6100,800,1300
308.0,18.82,261100,4912102.0,18.82,18.81,18.8,18.79,18.78,18.77,18.76,18.75,18.7,18.69,18.83,18.84,18.85,18.86,18.87,18.88,18.89,18.9,18.92,18.93,200,18800,8100,1200,17900,1300,900,1900,11900,600,12300,24900,31500,13500,8400,38000,3000,6100,800,1300
309.0,18.82,261300,4915867.0,18.81,18.8,18.79,18.78,18.77,18.76,18.75,18.7,18.69,18.68,18.82,18.83,18.84,18.85,18.86,18.87,18.88,18.89,18.9,18.92,18800,8100,1200,17900,1300,900,1900,11900,600,1300,200,12200,24900,31500,13500,8400,38000,3000,6100,800
310.0,18.82,263000,4947846.0,18.82,18.81,18.8,18.79,18.78,18.77,18.76,18.75,18.7,18.69,18.83,18.84,18.85,18.86,18.87,18.88,18.89,18.9,18.92,18.93,300,17300,8100,1200,17900,1300,900,1900,11900,600,12200,24900,31500,13500,8400,38000,3000,6100,800,1300
311.0,18.81,263700,4961023.0,18.81,18.8,18.79,18.78,18.77,18.76,18.75,18.7,18.69,18.68,18.83,18.84,18.85,18.86,18.87,18.88,18.89,18.9,18.92,18.93,17100,8100,1200,17900,1300,900,1900,11900,600,1300,11700,24900,31500,13500,8400,38000,3000,6100,800,1300
312.0,18.83,274300,5160605.0,18.81,18.8,18.79,18.78,18.77,18.76,18.75,18.7,18.69,18.68,18.82,18.83,18.84,18.85,18.86,18.87,18.88,18.89,18.9,18.92,17100,8100,1200,17400,1300,900,1900,11900,600,1300,1500,2700,24900,31500,13200,8400,38000,3000,6100,800
313.0,18.81,274800,5170010.0,18.81,18.8,18.79,18.78,18.77,18.76,18.75,18.7,18.69,18.68,18.82,18.83,18.84,18.85,18.86,18.87,18.88,18.89,18.9,18.92,16600,8100,1200,17400,1300,900,1900,11900,600,1300,1500,2700,24900,31500,13200,8400,38000,3000,6100,800
314.0,18.81,274900,5171891.0,18.81,18.8,18.79,18.78,18.77,18.76,18.75,18.7,18.69,18.68,18.82,18.83,18.84,18.85,18.86,18.87,18.88,18.89,18.9,18.92,16500,8100,1200,17400,1300,900,7800,11900,600,1300,1500,2700,24900,31500,13200,8400,38000,3000,6100,800
315.0,18.81,274900,5171891.0,18.81,18.8,18.79,18.78,18.77,18.76,18.75,18.7,18.69,18.68,18.82,18.83,18.84,18.85,18.86,18.87,18.88,18.89,18.9,18.92,16500,8100,1200,17400,1300,900,7800,11900,600,1300,1500,2800,24900,31500,13200,8400,38000,3000,6100,800
316.0,18.81,275400,5181296.0,18.81,18.8,18.79,18.78,18.77,18.76,18.75,18.7,18.69,18.68,18.82,18.83,18.84,18.85,18.86,18.87,18.88,18.89,18.9,18.92,16000,8100,1200,17400,1300,900,7800,11900,600,1300,7500,2800,24900,31500,13200,8400,38000,3000,6100,800
317.0,18.81,275400,5181296.0,18.81,18.8,18.79,18.78,18.77,18.76,18.75,18.7,18.69,18.68,18.82,18.83,18.84,18.85,18.86,18.87,18.88,18.89,18.9,18.92,15600,8100,1200,17400,1300,900,7800,11900,600,1300,7600,2800,24900,31500,13200,8400,38000,3000,6100,800
318.0,18.81,275400,5181296.0,18.81,18.8,18.79,18.78,18.77,18.76,18.75,18.7,18.69,18.68,18.82,18.83,18.84,18.85,18.86,18.87,18.88,18.89,18.9,18.92,15600,8100,1200,17400,1300,900,7800,11900,600,1300,7600,2800,24900,31500,13200,8400,38000,3000,6300,800
319.0,18.82,275900,5190706.0,18.81,18.8,18.79,18.78,18.77,18.76,18.75,18.7,18.69,18.68,18.82,18.83,18.84,18.85,18.86,18.87,18.88,18.89,18.9,18.92,15600,8100,1200,17400,1300,900,7800,11900,600,1300,7100,2800,24900,31500,13200,8400,38000,3000,6300,800
320.0,18.81,276400,5200111.0,18.81,18.8,18.79,18.78,18.77,18.76,18.75,18.7,18.69,18.68,18.82,18.83,18.84,18.85,18.86,18.87,18.88,18.89,18.9,18.92,15100,8100,1200,17400,1300,900,7800,11900,600,1300,12400,2800,24900,31500,13200,8400,38000,3000,6300,800
321.0,18.8,296200,5572523.0,18.8,18.79,18.78,18.77,18.76,18.75,18.7,18.69,18.68,18.67,18.81,18.82,18.83,18.84,18.85,18.86,18.87,18.88,18.89,18.9,4500,1200,17400,1300,900,7800,11900,600,1300,2900,900,11400,2800,24900,31500,13200,8400,38000,3000,5300
322.0,18.81,298800,5621432.0,18.8,18.79,18.78,18.77,18.76,18.75,18.7,18.69,18.68,18.67,18.82,18.83,18.84,18.85,18.86,18.87,18.88,18.89,18.9,18.92,4500,1200,17400,1300,900,7800,11900,600,1300,2900,11100,23500,24900,31500,13200,8400,38000,3000,5300,800
323.0,18.81,300600,5655283.0,18.8,18.79,18.78,18.77,18.76,18.75,18.7,18.69,18.68,18.67,18.81,18.82,18.83,18.84,18.85,18.86,18.87,18.88,18.89,18.9,3800,1200,17400,1300,900,7800,11900,600,1300,2900,800,11100,23500,24900,31500,13200,8400,38000,3000,5300
324.0,18.8,302500,5691003.0,18.8,18.79,18.78,18.77,18.76,18.75,18.7,18.69,18.68,18.67,18.81,18.82,18.83,18.84,18.85,18.86,18.87,18.88,18.89,18.9,1900,1200,17400,1300,900,7800,11900,600,1300,2900,800,11100,23500,24900,31500,13200,8400,38000,3000,5300
325.0,18.81,303300,5706051.0,18.81,18.8,18.79,18.78,18.77,18.76,18.75,18.7,18.69,18.68,18.82,18.83,18.84,18.85,18.86,18.87,18.88,18.89,18.9,18.92,3600,1900,1200,17400,1300,900,7800,11900,600,1300,11100,23500,24900,31500,13200,8400,38000,3000,5300,800
326.0,18.8,309000,5813247.0,18.79,18.78,18.77,18.76,18.75,18.7,18.69,18.68,18.67,18.66,18.81,18.82,18.83,18.84,18.85,18.86,18.87,18.88,18.89,18.9,1600,17400,1300,900,7800,11900,600,1300,2900,1200,500,11100,24900,24900,31500,13200,8400,38000,3000,5300
327.0,18.8,309100,5815127.0,18.8,18.79,18.78,18.77,18.76,18.75,18.7,18.69,18.68,18.67,18.81,18.82,18.83,18.84,18.85,18.86,18.87,18.88,18.89,18.9,1300,1600,17400,1300,900,7800,11900,600,1300,2900,300,11100,24900,24900,31500,13200,8400,38000,3000,5300
328.0,18.8,309100,5815127.0,18.8,18.79,18.78,18.77,18.76,18.75,18.7,18.69,18.68,18.67,18.81,18.82,18.83,18.84,18.85,18.86,18.87,18.88,18.89,18.9,1300,1600,17400,1300,900,7800,11900,600,1300,2900,300,11100,24900,24900,31500,13200,8400,38000,3000,5300
329.0,18.8,309300,5818887.0,18.8,18.79,18.78,18.77,18.76,18.75,18.7,18.69,18.68,18.67,18.81,18.82,18.83,18.84,18.85,18.86,18.87,18.88,18.89,18.9,1100,4600,17400,1300,900,7800,11900,600,1300,2900,300,11100,24900,24900,31500,13200,8400,38000,3000,5300
330.0,18.8,309300,5818887.0,18.8,18.79,18.78,18.77,18.76,18.75,18.7,18.69,18.68,18.67,18.81,18.82,18.83,18.84,18.85,18.86,18.87,18.88,18.89,18.9,1100,4600,17400,1300,900,7800,11900,600,1300,2900,300,11100,24900,24900,31500,13200,8400,38000,3000,5300
331.0,18.81,309600,5824530.0,18.81,18.8,18.79,18.78,18.77,18.76,18.75,18.7,18.69,18.68,18.82,18.83,18.84,18.85,18.86,18.87,18.88,18.89,18.9,18.92,200,1100,4600,17400,1300,900,7800,11900,600,1300,11100,24900,24900,31500,13200,8400,38000,3000,5300,800
332.0,18.81,310100,5833939.0,18.81,18.8,18.79,18.78,18.77,18.76,18.75,18.7,18.69,18.68,18.82,18.83,18.84,18.85,18.86,18.87,18.88,18.89,18.9,18.92,100,1100,4600,17400,1300,900,7800,11900,600,1300,10700,24900,24900,31500,13200,8400,38000,3000,5300,800
333.0,18.81,310100,5833939.0,18.81,18.8,18.79,18.78,18.77,18.76,18.75,18.7,18.69,18.68,18.82,18.83,18.84,18.85,18.86,18.87,18.88,18.89,18.9,18.92,100,1100,4600,17400,1800,900,7800,11900,600,1300,10700,24900,24900,31500,13200,8400,38000,3000,5300,800
334.0,18.82,310600,5843349.0,18.81,18.8,18.79,18.78,18.77,18.76,18.75,18.7,18.69,18.68,18.82,18.83,18.84,18.85,18.86,18.87,18.88,18.89,18.9,18.92,100,1100,4600,17400,1800,900,7800,11900,600,1300,10200,24900,24900,31500,13200,8400,38000,3000,5300,800
335.0,18.8,311800,5865910.0,18.79,18.78,18.77,18.76,18.75,18.7,18.69,18.68,18.67,18.66,18.8,18.82,18.83,18.84,18.85,18.86,18.87,18.88,18.89,18.9,5600,17400,1800,900,7800,11900,600,1300,2900,1200,8800,10400,24900,24900,31500,13200,8400,38000,3000,5300
336.0,18.8,311800,5865910.0,18.79,18.78,18.77,18.76,18.75,18.7,18.69,18.68,18.67,18.66,18.8,18.82,18.83,18.84,18.85,18.86,18.87,18.88,18.89,18.9,5600,17400,1800,900,7800,11900,600,1300,2900,1200,8800,10400,24900,24900,31500,13200,8400,38000,3000,5300
337.0,18.8,311800,5865910.0,18.79,18.78,18.77,18.76,18.75,18.7,18.69,18.68,18.67,18.66,18.8,18.82,18.83,18.84,18.85,18.86,18.87,18.88,18.89,18.9,5600,17400,1800,900,7800,11900,600,1300,2900,1200,8800,10400,24900,24900,31500,13200,8400,38000,3000,5300
338.0,18.79,312300,5875305.0,18.79,18.78,18.77,18.76,18.75,18.7,18.69,18.68,18.67,18.66,18.8,18.82,18.83,18.84,18.85,18.86,18.87,18.88,18.89,18.9,5100,17400,1800,900,7800,11900,600,1300,2900,1200,10300,10400,24900,24900,31500,13200,8400,38000,3000,5300
339.0,18.79,312300,5875305.0,18.79,18.78,18.77,18.76,18.75,18.7,18.69,18.68,18.67,18.66,18.8,18.82,18.83,18.84,18.85,18.86,18.87,18.88,18.89,18.9,5100,17400,1800,900,7800,11900,600,1300,2900,1200,10300,10400,24900,24900,31500,13200,8400,38000,3000,5300
340.0,18.79,312300,5875305.0,18.79,18.78,18.77,18.76,18.75,18.7,18.69,18.68,18.67,18.66,18.8,18.82,18.83,18.84,18.85,18.86,18.87,18.88,18.89,18.9,5100,17400,1800,900,7800,11900,600,1300,2900,1200,10300,10400,24900,24900,31500,13200,8400,38000,3000,5800
341.0,18.79,313600,5899740.0,18.79,18.78,18.77,18.76,18.75,18.7,18.69,18.68,18.67,18.66,18.8,18.82,18.83,18.84,18.85,18.86,18.87,18.88,18.89,18.9,4600,17400,1800,900,7800,11900,600,1300,2900,1200,9500,10400,24900,24900,31500,13200,8400,38000,3000,5800
342.0,18.8,313700,5901620.0,18.79,18.78,18.77,18.76,18.75,18.7,18.69,18.68,18.67,18.66,18.8,18.82,18.83,18.84,18.85,18.86,18.87,18.88,18.89,18.9,4600,17400,1800,900,7800,11900,600,1300,2900,1200,9400,5100,24900,24900,31500,13200,8400,38000,3000,5800
343.0,18.8,313700,5901620.0,18.79,18.78,18.77,18.76,18.75,18.7,18.69,18.68,18.67,18.66,18.8,18.82,18.83,18.84,18.85,18.86,18.87,18.88,18.89,18.9,4600,17400,1800,900,7800,11900,600,1300,2900,1200,9400,5100,24900,24900,31500,13200,8400,38000,3000,5800
344.0,18.8,313700,5901620.0,18.79,18.78,18.77,18.76,18.75,18.7,18.69,18.68,18.67,18.66,18.8,18.82,18.83,18.84,18.85,18.86,18.87,18.88,18.89,18.9,4600,17400,1800,900,7800,11900,600,1300,2900,1200,9400,5100,24900,24900,31500,13200,8400,38000,3000,5800
345.0,18.79,314100,5909136.0,18.79,18.78,18.77,18.76,18.75,18.7,18.69,18.68,18.67,18.66,18.8,18.82,18.83,18.84,18.85,18.86,18.87,18.88,18.89,18.9,4200,17400,1800,900,7800,11900,600,1300,2900,1200,9400,5100,24900,24900,31500,13200,8400,38000,3000,5800
346.0,18.79,314100,5909136.0,18.79,18.78,18.77,18.76,18.75,18.7,18.69,18.68,18.67,18.66,18.8,18.82,18.83,18.84,18.85,18.86,18.87,18.88,18.89,18.9,4200,17400,1800,900,7800,11900,600,1300,2900,1200,9400,5100,24900,24900,31500,13200,8400,38000,3000,5800
347.0,18.79,314100,5909136.0,18.79,18.78,18.77,18.76,18.75,18.7,18.69,18.68,18.67,18.66,18.8,18.82,18.83,18.84,18.85,18.86,18.87,18.88,18.89,18.9,5400,17400,1800,900,7800,11900,600,1300,2900,1200,9400,5100,24900,24900,31500,13200,8400,38000,3000,5800
348.0,18.79,314600,5918531.0,18.79,18.78,18.77,18.76,18.75,18.7,18.69,18.68,18.67,18.66,18.8,18.82,18.83,18.84,18.85,18.86,18.87,18.88,18.89,18.9,6900,17400,1800,900,7800,11900,600,1300,2900,1200,9400,5100,24900,24900,31500,13200,8400,38000,3000,5800
349.0,18.79,315100,5927926.0,18.79,18.78,18.77,18.76,18.75,18.7,18.69,18.68,18.67,18.66,18.8,18.82,18.83,18.84,18.85,18.86,18.87,18.88,18.89,18.9,6400,17400,1800,900,7800,11900,600,1300,2900,1200,9500,5100,24900,24900,31500,13200,8400,38000,3000,5800
350.0,18.79,315100,5927926.0,18.79,18.78,18.77,18.76,18.75,18.7,18.69,18.68,18.67,18.66,18.8,18.82,18.83,18.84,18.85,18.86,18.87,18.88,18.89,18.9,6400,17400,1800,900,7800,11900,600,1300,2900,1200,9500,5100,22400,24900,31500,13200,8400,38000,3000,5800
351.0,18.79,315600,5937321.0,18.79,18.78,18.77,18.76,18.75,18.7,18.69,18.68,18.67,18.66,18.8,18.82,18.83,18.84,18.85,18.86,18.87,18.88,18.89,18.9,5900,17400,1800,900,7800,11900,600,1300,2900,1200,9500,5100,22400,24900,31500,13200,8400,38000,3000,5800
352.0,18.79,315600,5937321.0,18.79,18.78,18.77,18.76,18.75,18.7,18.69,18.68,18.67,18.66,18.8,18.82,18.83,18.84,18.85,18.86,18.87,18.88,18.89,18.9,7300,18600,1800,900,7800,11900,600,1300,2900,1200,9500,5100,22400,24900,31500,13200,8400,38000,3000,5800
353.0,18.79,315600,5937321.0,18.79,18.78,18.77,18.76,18.75,18.7,18.69,18.68,18.67,18.66,18.8,18.82,18.83,18.84,18.85,18.86,18.87,18.88,18.89,18.9,7300,18600,1800,1900,7800,11900,600,1300,2900,1200,9500,5100,22400,24900,32500,13200,8400,38000,3000,6900
354.0,18.79,315600,5937321.0,18.79,18.78,18.77,18.76,18.75,18.7,18.69,18.68,18.67,18.66,18.8,18.82,18.83,18.84,18.85,18.86,18.87,18.88,18.89,18.9,7300,18600,1800,1900,7800,11900,600,1300,2900,1200,9500,5100,22400,24900,32500,13200,8400,38000,3000,6900
355.0,18.79,316100,5946716.0,18.79,18.78,18.77,18.76,18.75,18.7,18.69,18.68,18.67,18.66,18.8,18.81,18.82,18.83,18.84,18.85,18.86,18.87,18.88,18.89,6800,18600,1800,1900,7800,11900,600,1300,2900,1200,9500,5000,5100,22400,28900,32500,13200,8400,38000,3000
356.0,18.8,317100,5965516.0,18.79,18.78,18.77,18.76,18.75,18.7,18.69,18.68,18.67,18.66,18.8,18.81,18.82,18.83,18.84,18.85,18.86,18.87,18.88,18.89,6800,18600,1800,1900,7800,11900,600,1300,2900,1200,8500,5000,5100,22400,28900,32500,13200,8400,38000,3000
357.0,18.8,319000,6001231.0,18.79,18.78,18.77,18.76,18.75,18.7,18.69,18.68,18.67,18.66,18.8,18.81,18.82,18.83,18.84,18.85,18.86,18.87,18.88,18.89,6300,18600,1800,1900,7800,11900,600,1300,2900,1200,7100,5000,5100,22400,28900,32500,13200,9000,38000,3000
358.0,18.79,319500,6010626.0,18.79,18.78,18.77,18.76,18.75,18.7,18.69,18.68,18.67,18.66,18.8,18.81,18.82,18.83,18.84,18.85,18.86,18.87,18.88,18.89,5800,18600,1800,1900,7800,11900,600,1300,2900,1200,1600,5000,5100,22400,28900,32500,13200,9000,38000,3000
359.0,18.79,319900,6018145.0,18.79,18.78,18.77,18.76,18.75,18.7,18.69,18.68,18.67,18.66,18.8,18.81,18.82,18.83,18.84,18.85,18.86,18.87,18.88,18.89,5700,18600,1800,1900,7800,11900,600,1300,2900,1200,1300,5000,5100,22300,28900,32500,13200,9000,38000,3000
360.0,18.79,319900,6018145.0,18.79,18.78,18.77,18.76,18.75,18.7,18.69,18.68,18.67,18.66,18.8,18.81,18.82,18.83,18.84,18.85,18.86,18.87,18.88,18.89,5900,18600,1800,1900,7800,11900,600,1300,2900,1000,1300,5000,5100,22300,28700,32500,13200,9000,38000,3000
361.0,18.79,320400,6027540.0,18.79,18.78,18.77,18.76,18.75,18.7,18.69,18.68,18.67,18.66,18.8,18.81,18.82,18.83,18.84,18.85,18.86,18.87,18.88,18.89,5400,18600,1800,1900,7800,11900,600,1300,2900,1000,1300,7000,5100,22300,28700,32500,13200,9000,38000,3000
362.0,18.8,320500,6029420.0,18.79,18.78,18.77,18.76,18.75,18.7,18.69,18.68,18.67,18.66,18.8,18.81,18.82,18.83,18.84,18.85,18.86,18.87,18.88,18.89,5400,18600,1800,1900,7800,11900,600,3000,2900,1000,1200,7000,5100,22300,28700,32500,13200,9000,38000,3000
363.0,18.8,320500,6029420.0,18.79,18.78,18.77,18.76,18.75,18.7,18.69,18.68,18.67,18.66,18.8,18.81,18.82,18.83,18.84,18.85,18.86,18.87,18.88,18.89,5400,18600,1800,1900,7800,11900,600,3000,2900,1000,1200,7000,5100,22300,28700,32500,13200,9000,38000,3000
364.0,18.79,321000,6038815.0,18.79,18.78,18.77,18.76,18.75,18.7,18.69,18.68,18.67,18.66,18.8,18.81,18.82,18.83,18.84,18.85,18.86,18.87,18.88,18.89,5400,18600,1800,2400,7800,11900,600,3000,2900,1000,1200,7000,5100,22300,28700,32500,13200,9000,38000,3000
365.0,18.79,321800,6053849.0,18.79,18.78,18.77,18.76,18.75,18.7,18.69,18.68,18.67,18.66,18.8,18.81,18.82,18.83,18.84,18.85,18.86,18.87,18.88,18.89,4800,18600,1800,2400,7800,11900,600,3000,2900,1000,1000,7000,5100,22200,28700,31500,13200,9000,38000,3000
366.0,18.79,321800,6053849.0,18.79,18.78,18.77,18.76,18.75,18.7,18.69,18.68,18.67,18.66,18.8,18.81,18.82,18.83,18.84,18.85,18.86,18.87,18.88,18.89,4800,18600,1800,2400,7800,11900,600,3000,2900,1000,1000,7000,5100,22200,28700,31500,13200,9000,38000,3000
367.0,18.79,321800,6053849.0,18.79,18.78,18.77,18.76,18.75,18.7,18.69,18.68,18.67,18.66,18.8,18.81,18.82,18.83,18.84,18.85,18.86,18.87,18.88,18.89,4800,18600,1800,2400,7800,11900,600,3000,2900,1000,1000,7000,5100,22200,28700,31500,13200,9000,38000,3000
368.0,18.79,325000,6113977.0,18.79,18.78,18.77,18.76,18.75,18.7,18.69,18.68,18.67,18.66,18.8,18.81,18.82,18.83,18.84,18.85,18.86,18.87,18.88,18.89,2000,18600,1800,2400,7800,11900,600,3000,2900,1000,1000,7000,5100,22200,28700,31500,13200,9000,38000,3000
369.0,18.79,325000,6113977.0,18.79,18.78,18.77,18.76,18.75,18.7,18.69,18.68,18.67,18.66,18.8,18.81,18.82,18.83,18.84,18.85,18.86,18.87,18.88,18.89,2000,18600,1800,2400,7800,11900,600,3000,2900,1000,1000,7000,5100,22200,28700,31500,13200,9000,38000,3000
370.0,18.79,325200,6117735.0,18.79,18.78,18.77,18.76,18.75,18.7,18.69,18.68,18.67,18.66,18.8,18.81,18.82,18.83,18.84,18.85,18.86,18.87,18.88,18.89,1800,18600,1800,2400,7800,11900,600,3000,2900,1000,1000,7000,5100,22200,28700,31500,13200,9000,38000,3000
371.0,18.8,326300,6138414.0,18.79,18.78,18.77,18.76,18.75,18.7,18.69,18.68,18.67,18.66,18.81,18.82,18.83,18.84,18.85,18.86,18.87,18.88,18.89,18.9,1700,18600,1800,2400,7800,11900,600,3000,2900,1000,7000,5100,22200,28700,31500,13200,9000,38000,3000,6900
372.0,18.79,326500,6142172.0,18.79,18.78,18.77,18.76,18.75,18.7,18.69,18.68,18.67,18.66,18.81,18.82,18.83,18.84,18.85,18.86,18.87,18.88,18.89,18.9,2800,18600,1800,2400,7800,11900,600,3000,2900,1000,7100,5100,22200,28700,31500,13200,9000,38000,3000,6900
373.0,18.79,326500,6142172.0,18.79,18.78,18.77,18.76,18.75,18.7,18.69,18.68,18.67,18.66,18.81,18.82,18.83,18.84,18.85,18.86,18.87,18.88,18.89,18.9,3200,18600,1800,2700,7800,11900,600,3000,2900,1000,7500,5100,20800,28700,31500,13200,9000,38000,3000,6900
374.0,18.81,327800,6166625.0,18.79,18.78,18.77,18.76,18.75,18.7,18.69,18.68,18.67,18.66,18.81,18.82,18.83,18.84,18.85,18.86,18.87,18.88,18.89,18.9,3200,18600,1800,2700,7800,11900,600,3000,2900,1000,6200,5100,20800,28700,31500,13200,9000,38000,3000,6900
375.0,18.81,328200,6174143.0,18.79,18.78,18.77,18.76,18.75,18.7,18.69,18.68,18.67,18.66,18.81,18.82,18.83,18.84,18.85,18.86,18.87,18.88,18.89,18.9,2900,18600,1800,2700,7800,12400,600,3000,2900,1000,6100,5100,20800,28700,31500,13200,9000,38000,3000,6900
376.0,18.81,328200,6174143.0,18.79,18.78,18.77,18.76,18.75,18.7,18.69,18.68,18.67,18.66,18.81,18.82,18.83,18.84,18.85,18.86,18.87,18.88,18.89,18.9,3600,18600,1800,2700,7800,12400,600,3000,2900,1000,6500,5100,20800,28700,31500,13200,9000,38000,3000,6900
377.0,18.81,328200,6174143.0,18.79,18.78,18.77,18.76,18.75,18.7,18.69,18.68,18.67,18.66,18.81,18.82,18.83,18.84,18.85,18.86,18.87,18.88,18.89,18.9,3600,18600,1800,2700,7800,12400,600,3000,2900,1000,6500,6100,20800,28700,31500,13200,9000,38000,3000,6900
378.0,18.79,328600,6181659.0,18.79,18.78,18.77,18.76,18.75,18.7,18.69,18.68,18.67,18.66,18.81,18.82,18.83,18.84,18.85,18.86,18.87,18.88,18.89,18.9,3200,18600,1800,2700,7800,12400,600,3000,2900,1000,7500,6100,20800,28700,31500,13200,9000,38000,3000,6900
379.0,18.79,329200,6192933.0,18.79,18.78,18.77,18.76,18.75,18.7,18.69,18.68,18.67,18.66,18.81,18.82,18.83,18.84,18.85,18.86,18.87,18.88,18.89,18.9,3000,18600,1800,2700,7800,12400,600,3000,2900,1000,7900,6100,20800,28700,31500,13200,4000,38000,3000,6900
380.0,18.79,329500,6198570.0,18.79,18.78,18.77,18.76,18.75,18.7,18.69,18.68,18.67,18.66,18.81,18.82,18.83,18.84,18.85,18.86,18.87,18.88,18.89,18.9,2700,18600,1800,2700,7800,12400,600,3000,2900,1000,7900,6100,20800,28700,31500,13200,4000,38000,3000,6900
381.0,18.79,329600,6200449.0,18.79,18.78,18.77,18.76,18.75,18.7,18.69,18.68,18.67,18.66,18.81,18.82,18.83,18.84,18.85,18.86,18.87,18.88,18.89,18.9,2600,19100,1800,2700,7800,12400,600,3000,2900,1000,7900,6100,20800,28700,31500,13200,4000,38000,3000,6900
382.0,18.81,331400,6234307.0,18.79,18.78,18.77,18.76,18.75,18.7,18.69,18.68,18.67,18.66,18.81,18.82,18.83,18.84,18.85,18.86,18.87,18.88,18.89,18.9,3000,19100,1800,2700,7800,12400,600,3000,2900,1000,6500,6100,20800,28700,31500,13200,4000,38000,3000,6900
383.0,18.81,331400,6234307.0,18.79,18.78,18.77,18.76,18.75,18.7,18.69,18.68,18.67,18.66,18.81,18.82,18.83,18.84,18.85,18.86,18.87,18.88,18.89,18.9,3000,19100,1800,2700,7800,12400,600,3000,2900,1000,6500,6100,20800,28700,31500,13200,4000,38000,3000,6900
384.0,18.81,331400,6234307.0,18.79,18.78,18.77,18.76,18.75,18.7,18.69,18.68,18.67,18.66,18.81,18.82,18.83,18.84,18.85,18.86,18.87,18.88,18.89,18.9,3000,19100,1800,2700,7800,12400,600,3000,2900,1000,13900,6100,20800,28700,31500,13200,4000,38000,3000,6900
385.0,18.81,331900,6243712.0,18.79,18.78,18.77,18.76,18.75,18.7,18.69,18.68,18.67,18.66,18.81,18.82,18.83,18.84,18.85,18.86,18.87,18.88,18.89,18.9,3400,19100,1800,2700,7800,12400,600,3000,2900,1000,13800,6100,20800,28700,31500,13200,4000,38000,3000,6900
386.0,18.81,331900,6243712.0,18.79,18.78,18.77,18.76,18.75,18.7,18.69,18.68,18.67,18.66,18.81,18.82,18.83,18.84,18.85,18.86,18.87,18.88,18.89,18.9,3400,19100,1800,2700,7800,12400,600,3000,2900,1000,13800,6100,20800,28700,31500,13200,4000,38000,3000,6900
387.0,18.81,331900,6243712.0,18.79,18.78,18.77,18.76,18.75,18.7,18.69,18.68,18.67,18.66,18.81,18.82,18.83,18.84,18.85,18.86,18.87,18.88,18.89,18.9,3400,19100,1800,2700,7800,12400,600,3000,2900,1000,13800,6100,20800,28700,31500,13200,4000,38000,3000,6900
388.0,18.79,332200,6249349.0,18.79,18.78,18.77,18.76,18.75,18.7,18.69,18.68,18.67,18.66,18.81,18.82,18.83,18.84,18.85,18.86,18.87,18.88,18.89,18.9,3500,19100,1800,2700,7800,12400,600,3000,2900,1000,14200,6100,20800,28700,31500,13200,4000,38000,3000,6900
389.0,18.81,332700,6258754.0,18.79,18.78,18.77,18.76,18.75,18.7,18.69,18.68,18.67,18.66,18.81,18.82,18.83,18.84,18.85,18.86,18.87,18.88,18.89,18.9,3500,19100,1800,2700,7800,12400,600,3000,2900,1000,13700,6100,20800,28700,31500,13200,4000,38000,3000,6900
390.0,18.81,333400,6271921.0,18.79,18.78,18.77,18.76,18.75,18.7,18.69,18.68,18.67,18.66,18.81,18.82,18.83,18.84,18.85,18.86,18.87,18.88,18.89,18.9,3800,19100,1800,2700,7800,12400,600,3000,2900,1000,13300,6100,21400,30100,31500,13200,4000,38000,3000,6900
391.0,18.79,334100,6285074.0,18.79,18.78,18.77,18.76,18.75,18.7,18.69,18.68,18.67,18.66,18.81,18.82,18.83,18.84,18.85,18.86,18.87,18.88,18.89,18.9,3100,19100,1800,2700,7800,12400,600,3000,2900,1000,13300,6100,21400,30100,31500,13200,4000,38000,3000,6900
392.0,18.81,334600,6294479.0,18.79,18.78,18.77,18.76,18.75,18.7,18.69,18.68,18.67,18.66,18.81,18.82,18.83,18.84,18.85,18.86,18.87,18.88,18.89,18.9,3100,19100,1800,2700,7800,12400,600,3000,2900,1000,12800,6100,21400,30100,31500,13200,4000,38000,3000,6900
393.0,18.81,334600,6294479.0,18.79,18.78,18.77,18.76,18.75,18.7,18.69,18.68,18.67,18.66,18.81,18.82,18.83,18.84,18.85,18.86,18.87,18.88,18.89,18.9,3100,19100,1800,2700,7800,12400,600,3000,2900,1000,12800,6100,21400,30100,31500,13200,4000,38000,3000,6900
394.0,18.81,334600,6294479.0,18.79,18.78,18.77,18.76,18.75,18.7,18.69,18.68,18.67,18.66,18.81,18.82,18.83,18.84,18.85,18.86,18.87,18.88,18.89,18.9,3100,19100,1800,2700,7800,12400,600,3000,2900,1000,12800,6100,21400,30100,31500,13200,4000,38000,3000,6900
395.0,18.81,335400,6309521.0,18.79,18.78,18.77,18.76,18.75,18.7,18.69,18.68,18.67,18.66,18.81,18.82,18.83,18.84,18.85,18.86,18.87,18.88,18.89,18.9,2800,19100,1800,2700,7800,12400,600,3000,2900,1000,12400,6100,21400,30100,31500,13200,4000,38000,3000,6900
396.0,18.81,335400,6309521.0,18.79,18.78,18.77,18.76,18.75,18.7,18.69,18.68,18.67,18.66,18.81,18.82,18.83,18.84,18.85,18.86,18.87,18.88,18.89,18.9,2800,19100,1800,2700,7800,12400,600,3000,2900,1000,12500,6100,21400,30100,31500,13200,4000,38000,3000,6900
397.0,18.81,337600,6350899.0,18.79,18.78,18.77,18.76,18.75,18.7,18.69,18.68,18.67,18.66,18.81,18.82,18.83,18.84,18.85,18.86,18.87,18.88,18.89,18.9,2600,19100,1800,2700,7800,12400,600,3000,2900,1000,10500,6100,21400,30100,31500,13200,4000,38000,3000,6900
398.0,18.79,338700,6371568.0,18.79,18.78,18.77,18.76,18.75,18.7,18.69,18.68,18.67,18.66,18.81,18.82,18.83,18.84,18.85,18.86,18.87,18.88,18.89,18.9,1500,19100,1800,2700,7800,12400,600,3000,2900,1000,10500,6100,21400,30100,31500,13200,4000,38000,3000,6900
399.0,18.81,339200,6380973.0,18.79,18.78,18.77,18.76,18.75,18.7,18.69,18.68,18.67,18.66,18.81,18.82,18.83,18.84,18.85,18.86,18.87,18.88,18.89,18.9,1500,19100,1800,2700,7800,12400,600,3000,2900,1000,10200,6100,21400,30100,31500,13200,4000,38000,3000,6900
400.0,18.81,339200,6380973.0,18.79,18.78,18.77,18.76,18.75,18.7,18.69,18.68,18.67,18.66,18.81,18.82,18.83,18.84,18.85,18.86,18.87,18.88,18.89,18.9,1500,19100,1800,2700,7800,12400,600,3000,2900,1000,10200,6100,21400,30100,28000,13200,4000,6700,3000,6900
401.0,18.81,339200,6380973.0,18.79,18.78,18.77,18.76,18.75,18.7,18.69,18.68,18.67,18.66,18.81,18.82,18.83,18.84,18.85,18.86,18.87,18.88,18.89,18.9,1500,19100,1800,2700,7800,12400,600,3000,2900,1000,10200,6100,21400,30100,28000,13200,4000,6700,3000,6900
