LocalTime,LastPrice,TradeVolume,TradeValue,BidPrice1,BidPrice2,BidPrice3,BidPrice4,BidPrice5,BidPrice6,BidPrice7,BidPrice8,BidPrice9,BidPriceA,AskPrice1,AskPrice2,AskPrice3,AskPrice4,AskPrice5,AskPrice6,AskPrice7,AskPrice8,AskPrice9,AskPriceA,BidVolume1,BidVolume2,BidVolume3,BidVolume4,BidVolume5,BidVolume6,BidVolume7,BidVolume8,BidVolume9,BidVolumeA,AskVolume1,AskVolume2,AskVolume3,AskVolume4,AskVolume5,AskVolume6,AskVolume7,AskVolume8,AskVolume9,AskVolumeA
0.0,9.07,18000,163260.0,9.08,9.07,9.06,9.05,9.04,9.03,9.02,9.01,9.0,8.99,9.09,9.1,9.13,9.14,9.15,9.16,9.17,9.18,9.19,9.2,24100,5700,9700,7400,4900,18500,17300,19500,11000,3600,1000,2000,1000,5000,2000,27300,2000,23800,6300,32500
1.0,9.08,19800,179604.0,9.08,9.07,9.06,9.05,9.04,9.03,9.02,9.01,9.0,8.99,9.09,9.1,9.11,9.13,9.14,9.15,9.16,9.17,9.18,9.19,22900,5700,9700,7400,4900,19100,17300,19500,11000,3600,3100,2000,1000,1000,5000,2000,27300,2000,26800,8100
2.0,9.09,20000,181422.0,9.08,9.07,9.06,9.05,9.04,9.03,9.02,9.01,9.0,8.99,9.09,9.1,9.11,9.13,9.14,9.15,9.16,9.17,9.18,9.19,23000,5700,9700,7400,4900,19700,17300,19500,11000,3800,2900,2000,1000,1300,5000,2000,27300,4200,26800,8100
3.0,9.08,23400,212316.0,9.08,9.07,9.06,9.05,9.04,9.03,9.02,9.01,9.0,8.99,9.09,9.1,9.11,9.13,9.14,9.15,9.16,9.17,9.18,9.19,24000,5700,9700,7400,5900,19700,17000,19500,11000,3800,700,2000,1000,5300,5000,2000,27300,4200,26800,8600
4.0,9.08,24900,225946.0,9.08,9.07,9.06,9.05,9.04,9.03,9.02,9.01,9.0,8.99,9.1,9.11,9.13,9.14,9.15,9.16,9.17,9.18,9.19,9.2,24500,5700,9700,7400,5900,23500,17000,19500,16600,3800,2000,1000,5300,5000,5000,29300,4200,26800,8600,32500
5.0,9.09,26000,235942.0,9.09,9.08,9.07,9.06,9.05,9.04,9.03,9.02,9.01,9.0,9.1,9.11,9.13,9.14,9.15,9.16,9.17,9.18,9.19,9.2,6200,24400,5700,9700,9400,5900,23500,23000,21500,16600,2000,1000,5300,5000,5000,29300,4200,26800,8600,32500
6.0,9.08,33500,304104.0,9.08,9.07,9.06,9.05,9.04,9.03,9.02,9.01,9.0,8.99,9.1,9.11,9.13,9.14,9.15,9.16,9.17,9.18,9.19,9.2,23200,5700,9700,9400,5900,23800,23000,26500,16600,3800,2000,1000,5300,5000,10000,29300,4200,26800,8600,32500
7.0,9.08,35500,322264.0,9.08,9.07,9.06,9.05,9.04,9.03,9.02,9.01,9.0,8.99,9.09,9.1,9.11,9.13,9.14,9.15,9.16,9.17,9.18,9.19,21200,5700,9700,9400,5900,23800,23000,29500,16600,3800,100,2000,1000,5300,5000,10000,30100,4200,26800,8600
8.0,9.09,36500,331353.0,9.08,9.07,9.06,9.05,9.04,9.03,9.02,9.01,9.0,8.99,9.09,9.1,9.11,9.13,9.14,9.15,9.16,9.17,9.18,9.19,25000,5700,9700,9400,5900,25300,23000,29500,18600,3800,3700,1700,1000,5300,5000,10000,30400,4200,26800,8600
9.0,9.08,61600,559261.0,9.07,9.06,9.05,9.04,9.03,9.02,9.01,9.0,8.99,8.98,9.08,9.09,9.1,9.11,9.13,9.14,9.15,9.16,9.17,9.18,5700,9700,9900,5900,25300,24000,29500,28900,3800,21100,6500,4400,1700,1000,5300,5000,10000,36800,4200,26800
10.0,9.08,68500,621895.0,9.07,9.06,9.05,9.04,9.03,9.02,9.01,9.0,8.99,8.98,9.08,9.09,9.1,9.11,9.13,9.14,9.15,9.16,9.17,9.18,3900,9700,9900,5900,25800,24000,29500,28900,3800,21100,1800,6300,3200,1000,5300,5000,10600,36800,4200,26800
11.0,9.07,73200,664526.0,9.06,9.05,9.04,9.03,9.02,9.01,9.0,8.99,8.98,8.97,9.07,9.08,9.09,9.1,9.11,9.13,9.14,9.15,9.16,9.17,9700,9900,5900,25800,24000,29500,28900,3800,21100,5500,5700,1700,6300,3200,1000,5300,5000,10600,36800,4200
12.0,9.07,81800,742513.0,9.07,9.06,9.05,9.04,9.03,9.02,9.01,9.0,8.99,8.98,9.08,9.09,9.1,9.11,9.13,9.14,9.15,9.16,9.17,9.18,600,8200,9900,5900,26400,24000,29500,28900,3800,21100,3200,6300,3400,1000,5300,5000,10600,36800,4200,31200
13.0,9.08,84000,762489.0,9.07,9.06,9.05,9.04,9.03,9.02,9.01,9.0,8.99,8.98,9.08,9.09,9.1,9.11,9.13,9.14,9.15,9.16,9.17,9.18,600,8200,9900,5900,26400,26000,29500,28900,3800,21100,2800,6300,3400,1000,5300,5000,10600,36800,4200,31200
14.0,9.08,87300,792451.0,9.08,9.07,9.06,9.05,9.04,9.03,9.02,9.01,9.0,8.99,9.09,9.1,9.11,9.13,9.14,9.15,9.16,9.17,9.18,9.19,3600,3000,8200,9900,5900,26400,26000,29500,28900,3800,6100,3400,1000,5300,5000,10600,36800,4200,31200,8600
15.0,9.09,94700,859664.0,9.08,9.07,9.06,9.05,9.04,9.03,9.02,9.01,9.0,8.99,9.09,9.1,9.11,9.13,9.14,9.15,9.16,9.17,9.18,9.19,1000,3000,8300,9900,5900,26400,26000,29500,28900,3800,4000,3400,1000,5300,5000,10600,36800,4200,31200,8600
16.0,9.09,95000,862391.0,9.08,9.07,9.06,9.05,9.04,9.03,9.02,9.01,9.0,8.99,9.09,9.1,9.11,9.13,9.14,9.15,9.16,9.17,9.18,9.19,1000,3000,8300,9900,5900,26400,26000,29500,28900,3800,3700,3400,1000,5300,5000,10600,36800,4200,31200,8600
17.0,9.09,95000,862391.0,9.08,9.07,9.06,9.05,9.04,9.03,9.02,9.01,9.0,8.99,9.09,9.1,9.11,9.13,9.14,9.15,9.16,9.17,9.18,9.19,1000,3000,8300,9900,5900,26400,26000,29500,28900,3800,3700,3400,1000,5300,5000,10600,36800,4200,31200,8600
18.0,9.09,95000,862391.0,9.08,9.07,9.06,9.05,9.04,9.03,9.02,9.01,9.0,8.99,9.09,9.1,9.11,9.13,9.14,9.15,9.16,9.17,9.18,9.19,1000,3300,8300,9900,5900,26400,26000,29500,28900,3800,3700,3400,1000,5300,5000,10600,36800,4200,31200,8600
19.0,9.09,97000,880568.0,9.08,9.07,9.06,9.05,9.04,9.03,9.02,9.01,9.0,8.99,9.09,9.1,9.11,9.13,9.14,9.15,9.16,9.17,9.18,9.19,700,3300,8300,9900,5900,26400,26000,29500,28900,3800,2200,3400,1000,7300,5000,10600,36800,4200,31200,8600
20.0,9.07,98700,895995.0,9.07,9.06,9.05,9.04,9.03,9.02,9.01,9.0,8.99,8.98,9.08,9.09,9.1,9.11,9.13,9.14,9.15,9.16,9.17,9.18,2400,8300,9900,5900,26400,26000,29500,28900,3800,21100,100,3800,3400,1000,7300,5000,10600,36800,4200,31200
21.0,9.09,99000,898721.0,9.07,9.06,9.05,9.04,9.03,9.02,9.01,9.0,8.99,8.98,9.09,9.1,9.11,9.13,9.14,9.15,9.16,9.17,9.18,9.19,2400,8300,9900,5900,26400,26000,29500,28900,3800,21100,3900,3200,1000,7300,5000,10600,36800,4200,31200,8600
22.0,9.09,99000,898721.0,9.07,9.06,9.05,9.04,9.03,9.02,9.01,9.0,8.99,8.98,9.09,9.1,9.11,9.13,9.14,9.15,9.16,9.17,9.18,9.19,2400,8300,9900,5900,26400,26000,29500,28900,3800,21100,3900,3200,1000,7300,5000,10600,36800,4200,31200,8600
23.0,9.06,105300,955825.0,9.06,9.05,9.04,9.03,9.02,9.01,9.0,8.99,8.98,8.97,9.07,9.08,9.09,9.1,9.11,9.13,9.14,9.15,9.16,9.17,4600,9900,5900,26400,26000,29500,28900,3800,21100,5500,300,5200,4700,3200,1000,7300,5000,10600,36800,4200
24.0,9.06,105300,955825.0,9.06,9.05,9.04,9.03,9.02,9.01,9.0,8.99,8.98,8.97,9.07,9.08,9.09,9.1,9.11,9.13,9.14,9.15,9.16,9.17,4600,9900,5900,26400,26000,29500,28900,3800,21100,5500,300,5200,4700,3200,1000,7300,5000,10600,36800,4200
25.0,9.06,105500,957637.0,9.06,9.05,9.04,9.03,9.02,9.01,9.0,8.99,8.98,8.97,9.07,9.08,9.09,9.1,9.11,9.13,9.14,9.15,9.16,9.17,4400,9900,5900,26400,26000,29500,28900,3800,21100,5500,400,5200,9000,3200,1000,7300,5000,10600,36800,4200
26.0,9.08,108900,988483.0,9.06,9.05,9.04,9.03,9.02,9.01,9.0,8.99,8.98,8.97,9.08,9.09,9.1,9.11,9.13,9.14,9.15,9.16,9.17,9.18,4300,9900,5900,26400,26000,29500,28900,3800,21100,5500,3300,9000,3200,1000,7300,5000,10600,36800,4200,31200
27.0,9.08,108900,988483.0,9.06,9.05,9.04,9.03,9.02,9.01,9.0,8.99,8.98,8.97,9.08,9.09,9.1,9.11,9.13,9.14,9.15,9.16,9.17,9.18,4300,9900,5900,26400,26000,29500,28900,3800,21100,5500,3500,9000,3200,1000,7300,5000,10600,36800,4200,31200
28.0,9.08,108900,988483.0,9.06,9.05,9.04,9.03,9.02,9.01,9.0,8.99,8.98,8.97,9.08,9.09,9.1,9.11,9.13,9.14,9.15,9.16,9.17,9.18,4300,9900,5900,26400,26000,29500,28900,3800,21100,5500,3500,9000,3200,1000,7300,5000,10600,36800,4200,31200
29.0,9.08,108900,988483.0,9.06,9.05,9.04,9.03,9.02,9.01,9.0,8.99,8.98,8.97,9.08,9.09,9.1,9.11,9.13,9.14,9.15,9.16,9.17,9.18,4400,9900,5900,26400,26000,29500,28900,3800,21100,5500,3600,9000,3200,1000,7300,5000,10600,36800,4200,31200
30.0,9.08,108900,988483.0,9.07,9.06,9.05,9.04,9.03,9.02,9.01,9.0,8.99,8.98,9.08,9.09,9.1,9.11,9.13,9.14,9.15,9.16,9.17,9.18,900,4300,9900,5900,26400,26000,29500,28900,3800,21100,5600,7200,3200,1000,7300,5000,10600,36800,4200,31200
31.0,9.08,114700,1041145.0,9.08,9.07,9.06,9.05,9.04,9.03,9.02,9.01,9.0,8.99,9.09,9.1,9.11,9.13,9.14,9.15,9.16,9.17,9.18,9.19,1000,800,7000,9900,6300,26400,26000,29500,28900,3800,7200,3200,1800,7300,5000,10600,36800,4200,31200,8600
32.0,9.08,114800,1042053.0,9.08,9.07,9.06,9.05,9.04,9.03,9.02,9.01,9.0,8.99,9.09,9.1,9.11,9.13,9.14,9.15,9.16,9.17,9.18,9.19,900,1100,7000,9900,6300,26400,26000,29500,28900,3800,7200,3200,1800,7300,5000,10600,36800,4200,31200,8600
33.0,9.08,115300,1046593.0,9.08,9.07,9.06,9.05,9.04,9.03,9.02,9.01,9.0,8.99,9.09,9.1,9.11,9.13,9.14,9.15,9.16,9.17,9.18,9.19,400,1300,7000,9900,6300,26400,26000,29500,28900,3800,7200,3200,1800,7300,5000,10600,36800,4200,31200,8600
34.0,9.09,116000,1052956.0,9.08,9.07,9.06,9.05,9.04,9.03,9.02,9.01,9.0,8.99,9.09,9.1,9.11,9.13,9.14,9.15,9.16,9.17,9.18,9.19,400,1300,7000,9900,6300,26400,26000,29500,28900,3800,6000,3200,1800,7300,5000,10600,36800,4200,31200,8600
35.0,9.08,116500,1057496.0,9.07,9.06,9.05,9.04,9.03,9.02,9.01,9.0,8.99,8.98,9.08,9.09,9.1,9.11,9.13,9.14,9.15,9.16,9.17,9.18,1400,7000,9900,6300,26400,26000,29500,28900,3800,21100,100,4500,3200,1800,7300,5000,10600,36800,4200,31200
36.0,9.08,116500,1057496.0,9.07,9.06,9.05,9.04,9.03,9.02,9.01,9.0,8.99,8.98,9.08,9.09,9.1,9.11,9.13,9.14,9.15,9.16,9.17,9.18,1400,7000,9900,6700,26400,26000,29500,28900,3800,21100,3700,700,3200,1800,7300,5000,10600,36800,4200,31200
37.0,9.08,116900,1061128.0,9.07,9.06,9.05,9.04,9.03,9.02,9.01,9.0,8.99,8.98,9.08,9.09,9.1,9.11,9.13,9.14,9.15,9.16,9.17,9.18,1400,7000,9900,6700,26400,26000,29500,28400,3800,21100,3300,700,3200,1800,7300,7000,10600,36800,4200,31200
38.0,9.08,117300,1064760.0,9.07,9.06,9.05,9.04,9.03,9.02,9.01,9.0,8.99,8.98,9.08,9.09,9.1,9.11,9.13,9.14,9.15,9.16,9.17,9.18,1400,7000,9900,6700,26400,26000,29500,28400,3800,21100,3100,700,3200,1800,7300,7000,10600,36800,4200,31200
39.0,9.08,117400,1065668.0,9.07,9.06,9.05,9.04,9.03,9.02,9.01,9.0,8.99,8.98,9.08,9.09,9.1,9.11,9.13,9.14,9.15,9.16,9.17,9.18,1400,7000,9900,6700,26400,26000,29500,28400,3800,21100,3000,700,3200,1800,7300,7000,10600,36800,4200,31200
40.0,9.08,117400,1065668.0,9.07,9.06,9.05,9.04,9.03,9.02,9.01,9.0,8.99,8.98,9.08,9.09,9.1,9.11,9.13,9.14,9.15,9.16,9.17,9.18,1400,7000,9900,6700,26400,26000,29500,28400,3800,21100,4800,700,3200,1800,7300,7000,10600,36800,4200,31200
41.0,9.08,117800,1069300.0,9.07,9.06,9.05,9.04,9.03,9.02,9.01,9.0,8.99,8.98,9.08,9.09,9.1,9.11,9.13,9.14,9.15,9.16,9.17,9.18,2200,6000,9900,7100,26400,26000,29500,28400,3800,21100,4400,700,3200,1800,7300,7000,10600,36800,4200,31200
42.0,9.08,117800,1069300.0,9.07,9.06,9.05,9.04,9.03,9.02,9.01,9.0,8.99,8.98,9.08,9.09,9.1,9.11,9.13,9.14,9.15,9.16,9.17,9.18,3200,7000,9900,7100,26400,26000,29500,28400,3800,21100,4400,700,3200,1800,7300,7000,10600,36800,4200,31200
43.0,9.07,118400,1074742.0,9.07,9.06,9.05,9.04,9.03,9.02,9.01,9.0,8.99,8.98,9.08,9.09,9.1,9.11,9.13,9.14,9.15,9.16,9.17,9.18,2600,7000,9900,7100,26400,26000,29500,28400,3800,21100,4900,700,3200,1800,7300,7000,10600,36800,4200,31200
44.0,9.08,118800,1078374.0,9.07,9.06,9.05,9.04,9.03,9.02,9.01,9.0,8.99,8.98,9.08,9.09,9.1,9.11,9.13,9.14,9.15,9.16,9.17,9.18,3100,7000,9900,7100,26400,26000,77000,28400,3800,21100,4800,700,3200,1800,7300,7000,10600,34800,4200,31200
45.0,9.08,119200,1082006.0,9.07,9.06,9.05,9.04,9.03,9.02,9.01,9.0,8.99,8.98,9.08,9.09,9.1,9.11,9.13,9.14,9.15,9.16,9.17,9.18,3100,7000,9900,7100,26400,26000,77000,28400,3800,21100,4900,700,3200,1800,7300,7000,10600,34800,4200,31200
46.0,9.08,119600,1085638.0,9.07,9.06,9.05,9.04,9.03,9.02,9.01,9.0,8.99,8.98,9.08,9.09,9.1,9.11,9.13,9.14,9.15,9.16,9.17,9.18,5600,7000,9900,7100,26400,26000,77000,28400,3800,21100,4500,700,3200,1800,7300,7000,10600,34800,4200,31200
47.0,9.08,127900,1161002.0,9.08,9.07,9.06,9.05,9.04,9.03,9.02,9.01,9.0,8.99,9.09,9.1,9.11,9.12,9.13,9.14,9.15,9.16,9.17,9.18,4200,6800,7000,9900,7100,26400,26000,77000,28400,3800,700,3200,1000,2000,7300,7000,10600,34800,4200,31200
48.0,9.08,127900,1161002.0,9.08,9.07,9.06,9.05,9.04,9.03,9.02,9.01,9.0,8.99,9.09,9.1,9.11,9.12,9.13,9.14,9.15,9.16,9.17,9.18,6800,6800,7000,9900,10400,26400,26000,77000,28400,3800,700,3200,1000,2000,7300,7000,10600,34800,4200,31200
49.0,9.08,128300,1164634.0,9.08,9.07,9.06,9.05,9.04,9.03,9.02,9.01,9.0,8.99,9.09,9.1,9.11,9.12,9.13,9.14,9.15,9.16,9.17,9.18,10800,6800,7000,9900,10400,26400,26000,77000,28400,3800,700,3200,1000,2000,7300,7000,10600,34800,4200,26800
50.0,9.1,130000,1180087.0,9.08,9.07,9.06,9.05,9.04,9.03,9.02,9.01,9.0,8.99,9.1,9.11,9.12,9.13,9.14,9.15,9.16,9.17,9.18,9.19,13200,5800,7000,9900,10400,26400,26000,77000,28400,3800,2700,1000,2600,7300,7000,10600,34800,4200,26800,8600
51.0,9.1,130000,1180087.0,9.08,9.07,9.06,9.05,9.04,9.03,9.02,9.01,9.0,8.99,9.09,9.1,9.11,9.12,9.13,9.14,9.15,9.16,9.17,9.18,13000,5800,7000,9900,10400,26400,26000,77000,28400,3800,300,2700,1000,2600,7300,7000,10600,34800,4200,26800
52.0,9.09,130300,1182814.0,9.09,9.08,9.07,9.06,9.05,9.04,9.03,9.02,9.01,9.0,9.1,9.11,9.12,9.13,9.14,9.15,9.16,9.17,9.18,9.19,900,12800,5800,7000,9900,10000,26400,26000,77000,28400,2800,1000,2600,7000,7000,10600,34800,4200,26800,8600
53.0,9.09,130900,1188268.0,9.09,9.08,9.07,9.06,9.05,9.04,9.03,9.02,9.01,9.0,9.1,9.11,9.12,9.13,9.14,9.15,9.16,9.17,9.18,9.19,700,12800,5800,7000,9900,10000,26400,26000,77000,28400,2800,1000,2000,7000,7000,10600,34800,4200,26800,8600
54.0,9.1,131400,1192818.0,9.09,9.08,9.07,9.06,9.05,9.04,9.03,9.02,9.01,9.0,9.1,9.11,9.12,9.13,9.14,9.15,9.16,9.17,9.18,9.19,700,12800,5800,7000,9900,10000,26400,26000,77000,28400,2300,1000,2000,7000,7000,10600,34800,4200,26800,8600
55.0,9.09,132200,1200092.0,9.09,9.08,9.07,9.06,9.05,9.04,9.03,9.02,9.01,9.0,9.1,9.11,9.12,9.13,9.14,9.15,9.16,9.17,9.18,9.19,200,12800,5800,7000,9900,9200,26400,26000,77000,28400,2100,1000,2000,7000,7000,10600,34800,4200,26800,8600
56.0,9.08,133200,1209174.0,9.09,9.08,9.07,9.06,9.05,9.04,9.03,9.02,9.01,9.0,9.1,9.11,9.12,9.13,9.14,9.15,9.16,9.17,9.18,9.19,600,12000,5100,7000,9900,9200,26400,26000,77000,28400,2100,1000,2000,7000,7000,10600,34800,4200,26800,8600
57.0,9.08,133200,1209174.0,9.09,9.08,9.07,9.06,9.05,9.04,9.03,9.02,9.01,9.0,9.1,9.11,9.12,9.13,9.14,9.15,9.16,9.17,9.18,9.19,600,12000,5100,7000,9900,9200,26400,26000,77000,28400,2100,1000,2000,7000,7000,10600,34800,4200,26800,8600
58.0,9.1,133400,1210994.0,9.09,9.08,9.07,9.06,9.05,9.04,9.03,9.02,9.01,9.0,9.1,9.11,9.12,9.13,9.14,9.15,9.16,9.17,9.18,9.19,600,12000,5100,7000,9900,9200,26400,26000,77000,28400,1900,1000,2000,7000,7000,10600,34800,4200,26800,8600
59.0,9.09,134300,1219176.0,9.09,9.08,9.07,9.06,9.05,9.04,9.03,9.02,9.01,9.0,9.1,9.11,9.12,9.13,9.14,9.15,9.16,9.17,9.18,9.19,100,12000,5100,7000,9900,9200,26400,26000,77000,28400,3200,1000,2600,7000,7000,10600,34800,4200,26800,8600
60.0,9.09,134300,1219176.0,9.09,9.08,9.07,9.06,9.05,9.04,9.03,9.02,9.01,9.0,9.1,9.11,9.12,9.13,9.14,9.15,9.16,9.17,9.18,9.19,100,12000,5100,7000,9900,9200,26400,26000,77000,28400,3200,1000,2600,7000,7000,10600,34800,4200,26800,8600
61.0,9.09,134700,1222815.0,9.08,9.07,9.06,9.05,9.04,9.03,9.02,9.01,9.0,8.99,9.1,9.11,9.12,9.13,9.14,9.15,9.16,9.17,9.18,9.19,12000,5000,4300,9900,12200,26400,26000,77000,28400,5000,2900,1000,2600,7000,7000,10600,34800,4200,26800,8600
62.0,9.09,134700,1222815.0,9.08,9.07,9.06,9.05,9.04,9.03,9.02,9.01,9.0,8.99,9.1,9.11,9.12,9.13,9.14,9.15,9.16,9.17,9.18,9.19,12000,5000,4300,9900,12200,26400,26000,77000,28400,5000,2900,1000,2600,7000,7000,10600,34800,4200,26800,8600
63.0,9.09,134700,1222815.0,9.09,9.08,9.07,9.06,9.05,9.04,9.03,9.02,9.01,9.0,9.1,9.11,9.12,9.13,9.14,9.15,9.16,9.17,9.18,9.19,300,12000,5000,4300,9900,12200,26400,26000,77000,28400,3400,1000,2600,7000,8700,10600,34800,4200,26800,8600
64.0,9.09,134700,1222815.0,9.09,9.08,9.07,9.06,9.05,9.04,9.03,9.02,9.01,9.0,9.1,9.11,9.12,9.13,9.14,9.15,9.16,9.17,9.18,9.19,400,17400,5000,4300,9900,12200,26400,26000,77000,28400,3400,1000,2600,7000,8700,10600,34800,4200,26800,8600
65.0,9.09,134700,1222815.0,9.09,9.08,9.07,9.06,9.05,9.04,9.03,9.02,9.01,9.0,9.1,9.11,9.12,9.13,9.14,9.15,9.16,9.17,9.18,9.19,3300,17900,5000,4300,9900,15500,26400,26000,77000,28400,4000,1000,2000,7000,8700,10600,34800,4200,26800,8600
66.0,9.1,135100,1226455.0,9.09,9.08,9.07,9.06,9.05,9.04,9.03,9.02,9.01,9.0,9.1,9.11,9.12,9.13,9.14,9.15,9.16,9.17,9.18,9.19,3300,17900,5000,4300,9900,15500,26400,26000,77000,28400,3600,1000,2000,7000,8700,10600,34800,4200,26800,8600
67.0,9.09,137900,1251907.0,9.09,9.08,9.07,9.06,9.05,9.04,9.03,9.02,9.01,9.0,9.1,9.11,9.12,9.13,9.14,9.15,9.16,9.17,9.18,9.19,600,17900,5000,4300,9900,15500,26400,26000,77000,28400,3500,1000,2000,7000,8700,10600,34800,4200,26800,8600
68.0,9.09,138500,1257364.0,9.09,9.08,9.07,9.06,9.05,9.04,9.03,9.02,9.01,9.0,9.1,9.11,9.12,9.13,9.14,9.15,9.16,9.17,9.18,9.19,300,17900,5000,14300,9900,15500,26400,26000,77000,28400,3200,1000,2000,7000,8700,10600,34800,4200,26800,8600
69.0,9.09,141200,1281931.0,9.08,9.07,9.06,9.05,9.04,9.03,9.02,9.01,9.0,8.99,9.09,9.1,9.11,9.12,9.13,9.14,9.15,9.16,9.17,9.18,18000,5000,14300,9900,15500,26400,26000,77000,28400,5000,300,700,1000,2000,7000,8700,10600,34800,4200,26800
70.0,9.09,141200,1281931.0,9.08,9.07,9.06,9.05,9.04,9.03,9.02,9.01,9.0,8.99,9.09,9.1,9.11,9.12,9.13,9.14,9.15,9.16,9.17,9.18,19200,5000,14300,9900,15500,26400,26000,77000,28400,5000,600,700,1000,2000,7000,8700,10600,34800,4200,26800
71.0,9.09,144000,1307361.0,9.09,9.08,9.07,9.06,9.05,9.04,9.03,9.02,9.01,9.0,9.1,9.11,9.12,9.13,9.14,9.15,9.16,9.17,9.18,9.19,600,17400,5000,14300,9900,15500,26400,26000,77000,28400,800,1000,2800,7000,8700,10600,34800,4200,26800,8600
72.0,9.09,144000,1307361.0,9.09,9.08,9.07,9.06,9.05,9.04,9.03,9.02,9.01,9.0,9.1,9.11,9.12,9.13,9.14,9.15,9.16,9.17,9.18,9.19,600,17400,5000,14300,9900,15500,26400,26000,77000,28400,800,1000,2800,7000,8700,10600,34800,4200,26800,8600
73.0,9.09,145300,1319190.0,9.09,9.08,9.07,9.06,9.05,9.04,9.03,9.02,9.01,9.0,9.11,9.12,9.13,9.14,9.15,9.16,9.17,9.18,9.19,9.2,1000,17400,5000,14300,9900,15500,26400,26000,77000,28400,1000,2800,7000,8700,10600,34800,4200,31200,8600,33000
74.0,9.09,145300,1319190.0,9.1,9.09,9.08,9.07,9.06,9.05,9.04,9.03,9.02,9.01,9.11,9.12,9.13,9.14,9.15,9.16,9.17,9.18,9.19,9.2,2900,3700,17400,5000,14300,9900,15500,26400,26000,77000,1000,2000,7000,8700,10600,34800,4200,31200,8600,33000
75.0,9.1,145900,1324651.0,9.1,9.09,9.08,9.07,9.06,9.05,9.04,9.03,9.02,9.01,9.11,9.12,9.13,9.14,9.15,9.16,9.17,9.18,9.19,9.2,2400,3700,17400,5000,14300,9900,15500,26400,26000,77000,900,2000,7000,8700,10600,34800,4200,31200,8600,33000
76.0,9.11,146000,1325562.0,9.1,9.09,9.08,9.07,9.06,9.05,9.04,9.03,9.02,9.01,9.11,9.12,9.13,9.14,9.15,9.16,9.17,9.18,9.19,9.2,2400,3700,17500,4800,14300,9900,15500,26400,26000,77000,800,2000,7000,8700,10600,34800,4200,31200,8600,33000
77.0,9.1,146800,1332842.0,9.1,9.09,9.08,9.07,9.06,9.05,9.04,9.03,9.02,9.01,9.11,9.12,9.13,9.14,9.15,9.16,9.17,9.18,9.19,9.2,1900,3900,15400,4500,17600,14900,12200,26400,26000,77000,800,2000,7000,8700,10600,34800,4200,31200,8600,33000
78.0,9.1,146800,1332842.0,9.1,9.09,9.08,9.07,9.06,9.05,9.04,9.03,9.02,9.01,9.11,9.12,9.13,9.14,9.15,9.16,9.17,9.18,9.19,9.2,1900,3700,11100,4500,17600,14900,12200,26400,26000,77000,800,2000,7000,8700,10600,34800,4200,31200,8600,33000
79.0,9.1,148700,1350132.0,9.09,9.08,9.07,9.06,9.05,9.04,9.03,9.02,9.01,9.0,9.1,9.11,9.12,9.13,9.14,9.15,9.16,9.17,9.18,9.19,3700,11100,4500,17600,14900,12200,26400,26000,77000,28400,1500,800,2000,7000,8700,10600,34800,4200,31200,8600
80.0,9.1,148700,1350132.0,9.09,9.08,9.07,9.06,9.05,9.04,9.03,9.02,9.01,9.0,9.1,9.11,9.12,9.13,9.14,9.15,9.16,9.17,9.18,9.19,3700,11100,4500,17700,14900,12200,26400,26000,77000,28400,1500,800,2000,7000,8700,10600,34800,4200,31200,8600
81.0,9.1,148700,1350132.0,9.09,9.08,9.07,9.06,9.05,9.04,9.03,9.02,9.01,9.0,9.1,9.11,9.12,9.13,9.14,9.15,9.16,9.17,9.18,9.19,3700,11100,4500,17700,14900,12200,26400,26000,77000,28400,1500,800,2000,7000,8700,10600,34800,4200,31200,8600
82.0,9.1,150400,1365602.0,9.1,9.09,9.08,9.07,9.06,9.05,9.04,9.03,9.02,9.01,9.11,9.12,9.13,9.14,9.15,9.16,9.17,9.18,9.19,9.2,100,3700,11100,4500,17700,14900,12200,26400,28000,77000,800,2000,7000,8700,10600,34800,4200,31200,8600,33000
83.0,9.1,150500,1366512.0,9.09,9.08,9.07,9.06,9.05,9.04,9.03,9.02,9.01,9.0,9.1,9.11,9.12,9.13,9.14,9.15,9.16,9.17,9.18,9.19,3800,11100,4500,17700,14900,12200,26400,28000,77000,28400,400,800,2000,7000,8700,10600,34800,4200,31200,8600
84.0,9.1,150500,1366512.0,9.09,9.08,9.07,9.06,9.05,9.04,9.03,9.02,9.01,9.0,9.1,9.11,9.12,9.13,9.14,9.15,9.16,9.17,9.18,9.19,3800,11100,4500,17700,14900,12200,26400,28000,77000,28400,400,800,2000,7000,8700,10600,34800,4200,31200,8600
85.0,9.1,150500,1366512.0,9.09,9.08,9.07,9.06,9.05,9.04,9.03,9.02,9.01,9.0,9.1,9.11,9.12,9.13,9.14,9.15,9.16,9.17,9.18,9.19,3800,11100,4500,17700,14900,12200,26400,28000,77000,28400,3400,800,2000,7000,8700,10600,34800,4200,31200,8600
86.0,9.1,150500,1366512.0,9.09,9.08,9.07,9.06,9.05,9.04,9.03,9.02,9.01,9.0,9.1,9.11,9.12,9.13,9.14,9.15,9.16,9.17,9.18,9.19,3800,11100,4500,17700,14900,12200,26400,28000,77000,28400,3400,800,2000,7000,8700,10600,34800,4200,31200,8600
87.0,9.1,151100,1371972.0,9.09,9.08,9.07,9.06,9.05,9.04,9.03,9.02,9.01,9.0,9.1,9.11,9.12,9.13,9.14,9.15,9.16,9.17,9.18,9.19,3800,11100,4500,17700,14900,12200,26400,28000,77000,28400,2800,800,2000,7000,8700,10600,34800,4200,31200,8600
88.0,9.1,151600,1376519.0,9.09,9.08,9.07,9.06,9.05,9.04,9.03,9.02,9.01,9.0,9.1,9.11,9.12,9.13,9.14,9.15,9.16,9.17,9.18,9.19,3500,11100,4500,17700,14900,8900,26400,28000,77000,28400,2600,800,2000,7000,9200,10600,34800,4200,31200,8600
89.0,9.1,151600,1376519.0,9.09,9.08,9.07,9.06,9.05,9.04,9.03,9.02,9.01,9.0,9.1,9.11,9.12,9.13,9.14,9.15,9.16,9.17,9.18,9.19,3500,11100,4500,17700,14900,8900,26400,28000,77000,28400,2600,800,2000,7000,9200,10600,34800,4200,31200,8600
90.0,9.1,151600,1376519.0,9.09,9.08,9.07,9.06,9.05,9.04,9.03,9.02,9.01,9.0,9.1,9.11,9.12,9.13,9.14,9.15,9.16,9.17,9.18,9.19,3500,11100,4500,17700,14900,8900,26400,28000,77000,28400,2600,800,2000,7000,7500,10600,34800,4200,31200,8600
91.0,9.09,152000,1380155.0,9.09,9.08,9.07,9.06,9.05,9.04,9.03,9.02,9.01,9.0,9.1,9.11,9.12,9.13,9.14,9.15,9.16,9.17,9.18,9.19,3100,10600,4500,17700,14900,8900,26400,28000,77000,28400,2600,800,2000,7000,7500,10600,34800,4200,31200,8600
92.0,9.09,155500,1411974.0,9.08,9.07,9.06,9.05,9.04,9.03,9.02,9.01,9.0,8.99,9.09,9.1,9.11,9.12,9.13,9.14,9.15,9.16,9.17,9.18,10600,4500,17700,14900,8900,26400,28000,77000,28400,5000,800,2200,800,2800,7000,7500,10600,34800,4200,31200
93.0,9.09,155500,1411974.0,9.08,9.07,9.06,9.05,9.04,9.03,9.02,9.01,9.0,8.99,9.09,9.1,9.11,9.12,9.13,9.14,9.15,9.16,9.17,9.18,10600,4500,17700,14900,8900,26400,28000,77000,28400,5000,900,2700,1800,2800,7000,7500,10600,34800,4200,31200
94.0,9.09,155500,1411974.0,9.08,9.07,9.06,9.05,9.04,9.03,9.02,9.01,9.0,8.99,9.09,9.1,9.11,9.12,9.13,9.14,9.15,9.16,9.17,9.18,10600,4500,17700,14900,8900,26400,28000,77000,28400,5000,900,2700,1800,2800,7000,7500,10600,34800,4200,31200
95.0,9.08,158700,1441041.0,9.08,9.07,9.06,9.05,9.04,9.03,9.02,9.01,9.0,8.99,9.09,9.1,9.11,9.12,9.13,9.14,9.15,9.16,9.17,9.18,8500,4500,17700,14900,8900,26400,28000,77000,28400,3800,100,3200,1800,2800,7000,7500,10600,34800,4200,31200
96.0,9.08,158700,1441041.0,9.08,9.07,9.06,9.05,9.04,9.03,9.02,9.01,9.0,8.99,9.09,9.1,9.11,9.12,9.13,9.14,9.15,9.16,9.17,9.18,8500,4500,17700,14900,8900,26400,28000,77000,28400,3800,100,3200,1800,2800,7000,7500,10600,34800,4200,31200
97.0,9.08,158700,1441041.0,9.08,9.07,9.06,9.05,9.04,9.03,9.02,9.01,9.0,8.99,9.09,9.1,9.11,9.12,9.13,9.14,9.15,9.16,9.17,9.18,8500,7400,17700,14900,8900,26400,28000,77000,28400,3800,100,3200,1800,2800,7000,7500,10600,34800,4200,31200
98.0,9.08,159600,1449213.0,9.08,9.07,9.06,9.05,9.04,9.03,9.02,9.01,9.0,8.99,9.09,9.1,9.11,9.12,9.13,9.14,9.15,9.16,9.17,9.18,7800,7400,17700,14900,8900,26400,28000,77000,28400,3800,100,3200,1800,2800,7000,7500,10600,34800,4200,31200
99.0,9.08,159600,1449213.0,9.08,9.07,9.06,9.05,9.04,9.03,9.02,9.01,9.0,8.99,9.09,9.1,9.11,9.12,9.13,9.14,9.15,9.16,9.17,9.18,7800,7400,17700,14900,8900,26400,28000,77000,28400,3800,100,3200,1800,2800,7000,7500,10600,34800,4200,31200
100.0,9.08,159600,1449213.0,9.08,9.07,9.06,9.05,9.04,9.03,9.02,9.01,9.0,8.99,9.09,9.1,9.11,9.12,9.13,9.14,9.15,9.16,9.17,9.18,7800,7400,17700,14900,8900,26400,28000,77000,28400,3800,100,3200,1800,2800,7000,7500,10600,34800,4200,31200
101.0,9.08,160300,1455569.0,9.08,9.07,9.06,9.05,9.04,9.03,9.02,9.01,9.0,8.99,9.09,9.1,9.11,9.12,9.13,9.14,9.15,9.16,9.17,9.18,7100,7400,17700,14900,8900,26400,28000,77000,28400,3800,100,3200,1800,2800,7000,7500,10600,34800,4200,31200
102.0,9.08,160300,1455569.0,9.08,9.07,9.06,9.05,9.04,9.03,9.02,9.01,9.0,8.99,9.09,9.1,9.11,9.12,9.13,9.14,9.15,9.16,9.17,9.18,7100,7400,17700,14900,8900,26400,28000,77000,28400,3800,100,3200,1800,2800,7000,7500,10600,34800,4200,31200
103.0,9.08,160400,1456477.0,9.08,9.07,9.06,9.05,9.04,9.03,9.02,9.01,9.0,8.99,9.09,9.1,9.11,9.12,9.13,9.14,9.15,9.16,9.17,9.18,7000,7400,17700,14900,8900,26400,28000,77000,28400,3800,200,3700,1800,2800,7000,7500,10600,34800,4200,31200
104.0,9.09,167500,1520947.0,9.08,9.07,9.06,9.05,9.04,9.03,9.02,9.01,9.0,8.99,9.09,9.1,9.11,9.12,9.13,9.14,9.15,9.16,9.17,9.18,3300,7300,17700,14900,8900,26400,28000,77000,28400,3800,200,3200,1800,2800,7000,7500,10600,34800,4200,31200
105.0,9.09,167500,1520947.0,9.08,9.07,9.06,9.05,9.04,9.03,9.02,9.01,9.0,8.99,9.09,9.1,9.11,9.12,9.13,9.14,9.15,9.16,9.17,9.18,3300,7300,17700,14900,8900,26400,28000,77000,28400,3800,600,3200,1800,2800,7000,7500,10600,34800,4200,31200
106.0,9.08,171100,1553635.0,9.08,9.07,9.06,9.05,9.04,9.03,9.02,9.01,9.0,8.99,9.09,9.1,9.11,9.12,9.13,9.14,9.15,9.16,9.17,9.18,600,7300,17700,14900,8900,26400,28000,77000,28400,3800,600,2700,1800,2800,7000,7500,10600,34800,4200,31200
107.0,9.1,172900,1569993.0,9.08,9.07,9.06,9.05,9.04,9.03,9.02,9.01,9.0,8.99,9.1,9.11,9.12,9.13,9.14,9.15,9.16,9.17,9.18,9.19,600,7300,17700,14900,8900,26400,28000,77000,28400,3800,2300,1800,2800,7000,7500,10600,34800,4200,31200,8600
108.0,9.08,173000,1570901.0,9.08,9.07,9.06,9.05,9.04,9.03,9.02,9.01,9.0,8.99,9.1,9.11,9.12,9.13,9.14,9.15,9.16,9.17,9.18,9.19,500,7300,17700,14900,8900,26400,28000,77000,28400,3800,2400,1800,2800,7000,7500,10600,34800,4200,31200,8600
109.0,9.08,173000,1570901.0,9.08,9.07,9.06,9.05,9.04,9.03,9.02,9.01,9.0,8.99,9.1,9.11,9.12,9.13,9.14,9.15,9.16,9.17,9.18,9.19,500,7300,17700,14900,8900,26400,28000,77000,28400,3800,2400,1800,2800,7000,7500,10600,34800,4200,31200,8600
110.0,9.08,173500,1575449.0,9.08,9.07,9.06,9.05,9.04,9.03,9.02,9.01,9.0,8.99,9.1,9.11,9.12,9.13,9.14,9.15,9.16,9.17,9.18,9.19,1400,7300,17700,14900,8900,26400,28000,77000,28400,3800,3000,1800,2800,7000,7500,10600,34800,4200,31200,8600
111.0,9.08,174200,1581805.0,9.08,9.07,9.06,9.05,9.04,9.03,9.02,9.01,9.0,8.99,9.1,9.11,9.12,9.13,9.14,9.15,9.16,9.17,9.18,9.19,1000,7300,17700,14900,8900,26400,28000,77000,28400,3800,3000,1800,2800,7000,7500,10600,34800,4200,31200,8600
112.0,9.08,174200,1581805.0,9.08,9.07,9.06,9.05,9.04,9.03,9.02,9.01,9.0,8.99,9.1,9.11,9.12,9.13,9.14,9.15,9.16,9.17,9.18,9.19,1700,7300,17700,14900,9600,26400,28000,77000,28400,3800,3700,1800,2800,7000,7500,10700,34800,4200,31200,8600
113.0,9.08,174200,1581805.0,9.08,9.07,9.06,9.05,9.04,9.03,9.02,9.01,9.0,8.99,9.1,9.11,9.12,9.13,9.14,9.15,9.16,9.17,9.18,9.19,2100,7300,14400,14900,9600,29700,28000,77000,28400,3800,4100,1800,2800,7000,7500,10700,34800,4200,31200,8600
114.0,9.08,174800,1587261.0,9.08,9.07,9.06,9.05,9.04,9.03,9.02,9.01,9.0,8.99,9.1,9.11,9.12,9.13,9.14,9.15,9.16,9.17,9.18,9.19,2500,7300,14400,14900,9600,29700,28000,77000,28400,3800,4800,1800,2800,7000,7500,10700,34800,4200,31200,8600
115.0,9.08,174800,1587261.0,9.08,9.07,9.06,9.05,9.04,9.03,9.02,9.01,9.0,8.99,9.1,9.11,9.12,9.13,9.14,9.15,9.16,9.17,9.18,9.19,2900,7900,14400,14900,9600,29700,28000,77000,28400,3800,5700,1800,2800,7000,7500,10700,34800,4200,31200,8600
116.0,9.1,174900,1588171.0,9.08,9.07,9.06,9.05,9.04,9.03,9.02,9.01,9.0,8.99,9.1,9.11,9.12,9.13,9.14,9.15,9.16,9.17,9.18,9.19,2900,7900,14400,14900,9600,29700,28000,77000,28400,3800,5600,1800,2800,7000,7500,10700,34800,4200,31200,8600
117.0,9.1,174900,1588171.0,9.08,9.07,9.06,9.05,9.04,9.03,9.02,9.01,9.0,8.99,9.1,9.11,9.12,9.13,9.14,9.15,9.16,9.17,9.18,9.19,3300,7900,14400,14900,9600,29700,28000,77000,28400,3800,6000,1800,2800,7000,7500,10700,34800,4200,31200,8600
118.0,9.08,175200,1590895.0,9.08,9.07,9.06,9.05,9.04,9.03,9.02,9.01,9.0,8.99,9.1,9.11,9.12,9.13,9.14,9.15,9.16,9.17,9.18,9.19,3000,7900,14300,14900,9600,29700,28000,77000,28400,3800,6000,1800,2800,7000,7500,10700,34800,4200,31200,8600
119.0,9.08,175200,1590895.0,9.08,9.07,9.06,9.05,9.04,9.03,9.02,9.01,9.0,8.99,9.1,9.11,9.12,9.13,9.14,9.15,9.16,9.17,9.18,9.19,3000,7900,14300,14900,9600,29700,28000,77000,28400,3800,6000,1800,2800,7000,7500,10700,34800,4200,31200,8600
120.0,9.08,175200,1590895.0,9.08,9.07,9.06,9.05,9.04,9.03,9.02,9.01,9.0,8.99,9.1,9.11,9.12,9.13,9.14,9.15,9.16,9.17,9.18,9.19,3400,7900,14300,14900,9600,29700,28000,77000,28400,3800,6400,1800,2800,7000,7500,10700,34800,4200,31200,8600
121.0,9.08,176100,1599079.0,9.08,9.07,9.06,9.05,9.04,9.03,9.02,9.01,9.0,8.99,9.09,9.1,9.11,9.12,9.13,9.14,9.15,9.16,9.17,9.18,3100,7900,14300,14900,9600,29700,28000,77000,28400,3800,500,5800,1800,2800,7000,7500,10700,34800,4200,31200
122.0,9.08,178100,1617239.0,9.08,9.07,9.06,9.05,9.04,9.03,9.02,9.01,9.0,8.99,9.09,9.1,9.11,9.12,9.13,9.14,9.15,9.16,9.17,9.18,1100,7900,14400,14900,9600,29700,28000,100000,28400,3800,7200,5800,1800,2800,7000,7500,10700,34800,4200,31200
123.0,9.08,178100,1617239.0,9.08,9.07,9.06,9.05,9.04,9.03,9.02,9.01,9.0,8.99,9.09,9.1,9.11,9.12,9.13,9.14,9.15,9.16,9.17,9.18,1100,7900,14400,14900,9600,29700,28000,100000,28400,3800,10300,5800,1800,2800,7000,7500,10700,34800,4200,31200
124.0,9.08,178100,1617239.0,9.08,9.07,9.06,9.05,9.04,9.03,9.02,9.01,9.0,8.99,9.09,9.1,9.11,9.12,9.13,9.14,9.15,9.16,9.17,9.18,1100,7900,14400,14900,9600,29700,28000,100000,28400,3800,10300,6300,1800,2800,7000,7500,10700,34800,4200,31200
125.0,9.06,202900,1842124.0,9.06,9.05,9.04,9.03,9.02,9.01,9.0,8.99,8.98,8.97,9.07,9.08,9.09,9.1,9.11,9.12,9.13,9.14,9.15,9.16,3400,14900,9600,29700,28000,100000,28400,3800,31100,6500,100,100,10200,6700,1800,2000,7000,7500,10700,34800
126.0,9.06,204000,1852090.0,9.06,9.05,9.04,9.03,9.02,9.01,9.0,8.99,8.98,8.97,9.07,9.09,9.1,9.11,9.12,9.13,9.14,9.15,9.16,9.17,2300,14900,9600,29700,28000,100000,28400,3800,31100,6500,100,10200,6200,1800,2000,7000,7500,10700,34800,4200
127.0,9.06,204000,1852090.0,9.06,9.05,9.04,9.03,9.02,9.01,9.0,8.99,8.98,8.97,9.07,9.09,9.1,9.11,9.12,9.13,9.14,9.15,9.16,9.17,4500,14900,9600,29700,28000,100000,28400,3800,31100,6500,100,10200,6200,1800,2000,7000,7500,10700,34800,4200
128.0,9.07,206400,1873835.0,9.07,9.06,9.05,9.04,9.03,9.02,9.01,9.0,8.99,8.98,9.09,9.1,9.11,9.12,9.13,9.14,9.15,9.16,9.17,9.18,300,3800,14900,9600,29700,28000,100000,28400,3800,31100,10200,6200,1800,7000,7000,7500,10700,34800,4200,31200
129.0,9.07,206400,1873835.0,9.07,9.06,9.05,9.04,9.03,9.02,9.01,9.0,8.99,8.98,9.09,9.1,9.11,9.12,9.13,9.14,9.15,9.16,9.17,9.18,300,3800,14900,9600,29700,28000,100000,28400,3800,31100,10200,6200,1800,7000,7000,7500,10700,34800,4200,31200
130.0,9.06,211000,1915519.0,9.06,9.05,9.04,9.03,9.02,9.01,9.0,8.99,8.98,8.97,9.09,9.1,9.11,9.12,9.13,9.14,9.15,9.16,9.17,9.18,1000,14900,9600,29700,28000,100000,28400,3800,31100,6500,7600,6200,3000,7000,7000,7500,10700,34800,4200,31200
131.0,9.06,212100,1925506.0,9.06,9.05,9.04,9.03,9.02,9.01,9.0,8.99,8.98,8.97,9.09,9.1,9.11,9.12,9.13,9.14,9.15,9.16,9.17,9.18,1500,14900,9600,29700,28000,100000,28400,3800,31100,6500,7800,6200,3000,7000,7000,7500,10700,34800,4200,31200
132.0,9.08,215100,1952746.0,9.06,9.05,9.04,9.03,9.02,9.01,9.0,8.99,8.98,8.97,9.07,9.08,9.09,9.1,9.11,9.12,9.13,9.14,9.15,9.16,1900,14900,9600,29700,28000,100000,28400,3800,31100,6500,100,1500,8200,6200,3000,7000,7000,7500,10700,34800
133.0,9.05,224600,2038740.0,9.07,9.05,9.04,9.03,9.02,9.01,9.0,8.99,8.98,8.97,9.08,9.09,9.1,9.11,9.12,9.13,9.14,9.15,9.16,9.17,100,7300,9600,29700,28000,100000,28400,3800,31100,6500,600,8200,6200,1800,7000,7000,7500,10700,34800,4200
134.0,9.05,224800,2040552.0,9.05,9.04,9.03,9.02,9.01,9.0,8.99,8.98,8.97,8.96,9.08,9.09,9.1,9.11,9.12,9.13,9.14,9.15,9.16,9.17,7500,9600,29700,28000,100000,28400,3800,31100,6500,16200,600,8200,4700,1800,7000,7000,7500,10700,34800,4200
135.0,9.05,227200,2062272.0,9.05,9.04,9.03,9.02,9.01,9.0,8.99,8.98,8.97,8.96,9.06,9.08,9.09,9.1,9.11,9.12,9.13,9.14,9.15,9.16,6100,9600,29700,28000,100000,28400,3800,31100,6500,16200,900,1600,8200,4700,1800,7000,21700,7500,10700,34800
136.0,9.05,227200,2062272.0,9.05,9.04,9.03,9.02,9.01,9.0,8.99,8.98,8.97,8.96,9.06,9.08,9.09,9.1,9.11,9.12,9.13,9.14,9.15,9.16,6100,9600,29700,28000,100000,28400,3800,31100,6500,16200,900,1600,8200,4200,1800,7000,21700,7500,10700,34800
137.0,9.05,227200,2062272.0,9.05,9.04,9.03,9.02,9.01,9.0,8.99,8.98,8.97,8.96,9.06,9.08,9.09,9.1,9.11,9.12,9.13,9.14,9.15,9.16,9100,9600,29700,28000,100000,28400,3800,31100,6500,16200,900,1100,8200,4200,1800,7000,21700,7500,10700,34800
138.0,9.05,228600,2074944.0,9.05,9.04,9.03,9.02,9.01,9.0,8.99,8.98,8.97,8.96,9.06,9.08,9.09,9.1,9.11,9.12,9.13,9.14,9.15,9.16,7900,9600,29700,28000,100000,28400,3800,31100,6500,16200,700,1100,8200,4200,1800,7000,21700,7500,10700,34800
139.0,9.07,233400,2118473.0,9.05,9.04,9.03,9.02,9.01,9.0,8.99,8.98,8.97,8.96,9.07,9.08,9.09,9.1,9.11,9.12,9.13,9.14,9.15,9.16,7900,9600,29700,28000,100000,28400,5000,31100,6500,16200,5600,1100,8200,4200,1800,7000,22600,7500,10700,34800
140.0,9.05,233500,2119378.0,9.05,9.04,9.03,9.02,9.01,9.0,8.99,8.98,8.97,8.96,9.07,9.08,9.09,9.1,9.11,9.12,9.13,9.14,9.15,9.16,8300,9600,29700,28000,100000,28400,5000,31100,6500,16200,6100,1100,8200,4200,1800,7000,22600,7500,10700,34800
141.0,9.07,234100,2124820.0,9.05,9.04,9.03,9.02,9.01,9.0,8.99,8.98,8.97,8.96,9.06,9.07,9.08,9.09,9.1,9.11,9.12,9.13,9.14,9.15,8300,12500,29700,28000,100000,28400,5000,31100,6500,16200,7200,5500,1100,8200,4200,1800,7000,22600,7500,10700
142.0,9.05,234900,2132060.0,9.05,9.04,9.03,9.02,9.01,9.0,8.99,8.98,8.97,8.96,9.06,9.07,9.08,9.09,9.1,9.11,9.12,9.13,9.14,9.15,7500,12500,29700,31000,100000,28400,5000,31100,6500,16200,7200,2600,1100,8200,4200,1800,7000,22600,7500,10700
143.0,9.06,235000,2132966.0,9.05,9.04,9.03,9.02,9.01,9.0,8.99,8.98,8.97,8.96,9.06,9.07,9.08,9.09,9.1,9.11,9.12,9.13,9.14,9.15,7500,12500,29700,31000,100000,28400,5000,31100,6500,16200,7100,2600,1100,8200,4200,1800,7000,22600,7500,10700
144.0,9.06,235200,2134778.0,9.05,9.04,9.03,9.02,9.01,9.0,8.99,8.98,8.97,8.96,9.06,9.07,9.08,9.09,9.1,9.11,9.12,9.13,9.14,9.15,7800,12500,29700,31000,106400,28400,5000,31100,6500,16200,7400,2600,1100,8200,4200,1800,7000,22600,7500,10700
145.0,9.05,243700,2211703.0,9.05,9.04,9.03,9.02,9.01,9.0,8.99,8.98,8.97,8.96,9.06,9.07,9.08,9.09,9.1,9.11,9.12,9.13,9.14,9.15,100,14700,29700,31000,106400,28400,5000,31100,6500,16200,8100,2600,1100,8200,4200,1800,7000,22600,7500,10700
146.0,9.05,243700,2211703.0,9.05,9.04,9.03,9.02,9.01,9.0,8.99,8.98,8.97,8.96,9.06,9.07,9.08,9.09,9.1,9.11,9.12,9.13,9.14,9.15,4100,14700,29700,31000,106400,28400,5000,31100,6500,16200,8300,2600,1100,8200,4200,1800,7000,22600,7500,10700
147.0,9.05,243700,2211703.0,9.05,9.04,9.03,9.02,9.01,9.0,8.99,8.98,8.97,8.96,9.06,9.07,9.08,9.09,9.1,9.11,9.12,9.13,9.14,9.15,4100,14700,29700,31000,106400,28400,5000,31100,6500,16200,8300,2600,1100,8200,4200,1800,7000,22600,7500,10700
148.0,9.05,243700,2211703.0,9.05,9.04,9.03,9.02,9.01,9.0,8.99,8.98,8.97,8.96,9.06,9.07,9.08,9.09,9.1,9.11,9.12,9.13,9.14,9.15,4100,14700,29700,31000,106400,28400,5000,31100,6500,16200,8300,2600,1100,8200,4200,800,7000,22600,7500,10700
149.0,9.05,244900,2222571.0,9.05,9.04,9.03,9.02,9.01,9.0,8.99,8.98,8.97,8.96,9.06,9.07,9.08,9.09,9.1,9.11,9.12,9.13,9.14,9.15,3700,14700,29700,32300,106400,28400,5000,31100,6500,16200,7500,2600,1100,8200,4200,800,7000,22600,7500,10700
150.0,9.05,244900,2222571.0,9.05,9.04,9.03,9.02,9.01,9.0,8.99,8.98,8.97,8.96,9.06,9.07,9.08,9.09,9.1,9.11,9.12,9.13,9.14,9.15,3700,14700,29700,32300,106400,28400,5000,31100,6500,16200,7500,2600,1100,8200,4200,800,7000,22600,7500,10700
151.0,9.05,244900,2222571.0,9.05,9.04,9.03,9.02,9.01,9.0,8.99,8.98,8.97,8.96,9.06,9.07,9.08,9.09,9.1,9.11,9.12,9.13,9.14,9.15,3700,14700,29700,32300,106400,28400,5000,31100,6500,16200,7500,2600,1100,8200,4200,800,7000,22600,7500,10700
152.0,9.06,251300,2280539.0,9.05,9.04,9.03,9.02,9.01,9.0,8.99,8.98,8.97,8.96,9.06,9.07,9.08,9.09,9.1,9.11,9.12,9.13,9.14,9.15,2100,14700,29700,32300,106400,28400,5000,31100,6500,16200,2700,2600,1100,8200,4200,800,7000,22600,7500,10700
153.0,9.06,253600,2301377.0,9.05,9.04,9.03,9.02,9.01,9.0,8.99,8.98,8.97,8.96,9.06,9.07,9.08,9.09,9.1,9.11,9.12,9.13,9.14,9.15,16000,15700,29700,32300,107400,28400,5000,31100,6500,16200,400,2600,1100,8200,4200,800,7000,22600,7500,10700
154.0,9.06,254700,2311343.0,9.06,9.05,9.04,9.03,9.02,9.01,9.0,8.99,8.98,8.97,9.07,9.08,9.09,9.1,9.11,9.12,9.13,9.14,9.15,9.16,1000,16000,15700,29700,32300,107400,28400,5000,31100,6500,2600,1100,8200,4200,800,7000,22600,7500,10700,34800
155.0,9.06,255200,2315873.0,9.06,9.05,9.04,9.03,9.02,9.01,9.0,8.99,8.98,8.97,9.07,9.08,9.09,9.1,9.11,9.12,9.13,9.14,9.15,9.16,500,16000,15700,29700,32300,107400,28400,5000,31100,6500,2600,1100,8200,4200,800,7000,22600,7500,10700,34800
156.0,9.07,255600,2319501.0,9.06,9.05,9.04,9.03,9.02,9.01,9.0,8.99,8.98,8.97,9.07,9.08,9.09,9.1,9.11,9.12,9.13,9.14,9.15,9.16,44100,16000,15700,29700,32300,107400,28400,5000,31100,6500,2200,1100,8200,4200,800,7000,22600,7500,10700,34800
157.0,9.06,257800,2339433.0,9.06,9.05,9.04,9.03,9.02,9.01,9.0,8.99,8.98,8.97,9.07,9.08,9.09,9.1,9.11,9.12,9.13,9.14,9.15,9.16,42000,16000,15700,29700,32300,107400,28400,5000,31100,6500,2200,1100,8200,4200,800,7000,22600,7500,10700,34800
158.0,9.06,258000,2341245.0,9.06,9.05,9.04,9.03,9.02,9.01,9.0,8.99,8.98,8.97,9.07,9.08,9.09,9.1,9.11,9.12,9.13,9.14,9.15,9.16,43700,16000,15700,29700,32300,107400,28400,5000,31100,6500,2200,1100,8200,4200,800,7000,22600,7500,10700,34800
159.0,9.07,258200,2343059.0,9.06,9.05,9.04,9.03,9.02,9.01,9.0,8.99,8.98,8.97,9.07,9.08,9.09,9.1,9.11,9.12,9.13,9.14,9.15,9.16,43700,16000,15700,29700,32300,107400,28400,5000,31100,6500,2000,1100,8200,4200,800,7000,22600,7500,10700,34800
160.0,9.07,258500,2345780.0,9.06,9.05,9.04,9.03,9.02,9.01,9.0,8.99,8.98,8.97,9.07,9.08,9.09,9.1,9.11,9.12,9.13,9.14,9.15,9.16,43700,16000,15700,29700,32300,107400,28400,5000,31100,6500,1700,1100,8200,4200,800,7000,22600,7500,10700,34800
161.0,9.07,258600,2346687.0,9.06,9.05,9.04,9.03,9.02,9.01,9.0,8.99,8.98,8.97,9.07,9.08,9.09,9.1,9.11,9.12,9.13,9.14,9.15,9.16,41700,16000,15700,29200,32300,107400,28400,5000,31100,6500,1600,1100,8200,4200,800,7000,22600,7500,10700,34800
162.0,9.07,258600,2346687.0,9.06,9.05,9.04,9.03,9.02,9.01,9.0,8.99,8.98,8.97,9.07,9.08,9.09,9.1,9.11,9.12,9.13,9.14,9.15,9.16,44500,16000,15700,29200,32300,107400,28400,5000,31100,6500,1600,1100,8200,4200,800,7000,22600,7500,10700,34800
163.0,9.07,258800,2348501.0,9.06,9.05,9.04,9.03,9.02,9.01,9.0,8.99,8.98,8.97,9.07,9.08,9.09,9.1,9.11,9.12,9.13,9.14,9.15,9.16,44500,16000,15700,29200,32300,107400,28400,5000,31100,6500,1400,1100,8200,4200,800,7000,22600,7500,10700,34800
164.0,9.07,259000,2350315.0,9.06,9.05,9.04,9.03,9.02,9.01,9.0,8.99,8.98,8.97,9.07,9.08,9.09,9.1,9.11,9.12,9.13,9.14,9.15,9.16,45600,16000,15700,29200,32300,107400,28400,5000,31100,6500,900,1100,8200,4200,800,7000,22600,7500,10700,34800
165.0,9.07,259000,2350315.0,9.06,9.05,9.04,9.03,9.02,9.01,9.0,8.99,8.98,8.97,9.07,9.08,9.09,9.1,9.11,9.12,9.13,9.14,9.15,9.16,45600,16000,15700,29200,32300,107400,28400,5000,31100,6500,900,1100,8200,4200,800,7000,22600,7500,10700,34800
166.0,9.07,259000,2350315.0,9.06,9.05,9.04,9.03,9.02,9.01,9.0,8.99,8.98,8.97,9.07,9.08,9.09,9.1,9.11,9.12,9.13,9.14,9.15,9.16,45600,16000,15700,29200,32300,107400,28400,5000,31100,6500,900,1100,8200,4200,800,7000,22600,7500,10700,34800
167.0,9.07,259000,2350315.0,9.06,9.05,9.04,9.03,9.02,9.01,9.0,8.99,8.98,8.97,9.07,9.08,9.09,9.1,9.11,9.12,9.13,9.14,9.15,9.16,45600,16000,15700,29200,32300,107400,28400,5000,31100,6500,3100,1100,8200,4200,800,7000,22600,7500,10700,34800
168.0,9.07,259000,2350315.0,9.06,9.05,9.04,9.03,9.02,9.01,9.0,8.99,8.98,8.97,9.07,9.08,9.09,9.1,9.11,9.12,9.13,9.14,9.15,9.16,45600,16000,15700,29200,32300,107400,28400,5000,31100,6500,3100,1100,8200,4200,800,8000,22600,7500,10700,34800
169.0,9.07,259300,2353036.0,9.06,9.05,9.04,9.03,9.02,9.01,9.0,8.99,8.98,8.97,9.07,9.08,9.09,9.1,9.11,9.12,9.13,9.14,9.15,9.16,45600,16000,15700,29200,32300,107400,28400,5000,31100,6500,2800,1100,8200,4200,800,8000,22600,7500,10700,34800
170.0,9.07,259500,2354850.0,9.06,9.05,9.04,9.03,9.02,9.01,9.0,8.99,8.98,8.97,9.07,9.08,9.09,9.1,9.11,9.12,9.13,9.14,9.15,9.16,45600,16000,15700,29200,32300,107400,28400,5000,31100,6500,2600,1100,8200,4200,800,8000,22600,7500,10700,34800
171.0,9.07,263100,2387502.0,9.06,9.05,9.04,9.03,9.02,9.01,9.0,8.99,8.98,8.97,9.08,9.09,9.1,9.11,9.12,9.13,9.14,9.15,9.16,9.17,45600,16000,15700,29200,32300,107400,28400,5000,31100,6500,1100,8200,4200,2000,8000,22600,7500,10700,34800,4200
172.0,9.08,263200,2388410.0,9.07,9.06,9.05,9.04,9.03,9.02,9.01,9.0,8.99,8.98,9.08,9.09,9.1,9.11,9.12,9.13,9.14,9.15,9.16,9.17,1000,46800,16000,15700,29200,32300,107400,28400,5000,31100,2200,8200,4200,2000,8000,22600,7500,10700,34800,4200
173.0,9.07,264100,2396573.0,9.07,9.06,9.05,9.04,9.03,9.02,9.01,9.0,8.99,8.98,9.08,9.09,9.1,9.11,9.12,9.13,9.14,9.15,9.16,9.17,600,46800,16000,15700,29200,32300,107400,28400,5000,31100,2200,8200,4200,2000,8000,22600,7500,10700,34800,4200
174.0,9.07,264100,2396573.0,9.07,9.06,9.05,9.04,9.03,9.02,9.01,9.0,8.99,8.98,9.08,9.09,9.1,9.11,9.12,9.13,9.14,9.15,9.16,9.17,600,46800,16000,15700,29200,32300,107400,28400,5000,31100,2200,8200,4200,2000,8000,22600,7500,10700,34800,4200
175.0,9.07,264100,2396573.0,9.07,9.06,9.05,9.04,9.03,9.02,9.01,9.0,8.99,8.98,9.08,9.09,9.1,9.11,9.12,9.13,9.14,9.15,9.16,9.17,600,46800,16000,15700,29200,32300,107400,28400,5000,31100,2200,8200,4200,2000,8000,22600,7500,10700,34800,4200
176.0,9.07,264900,2403831.0,9.07,9.06,9.05,9.04,9.03,9.02,9.01,9.0,8.99,8.98,9.08,9.09,9.1,9.11,9.12,9.13,9.14,9.15,9.16,9.17,200,47600,16000,15700,29200,32300,107400,28400,5000,31100,2000,8200,4200,2000,8000,22600,7500,10700,34800,5200
177.0,9.08,265100,2405647.0,9.07,9.06,9.05,9.04,9.03,9.02,9.01,9.0,8.99,8.98,9.08,9.09,9.1,9.11,9.12,9.13,9.14,9.15,9.16,9.17,200,48900,16000,15700,29200,32300,107400,28400,5000,31100,1800,8200,4200,2000,8000,22600,7500,10700,34800,5200
178.0,9.08,265100,2405647.0,9.07,9.06,9.05,9.04,9.03,9.02,9.01,9.0,8.99,8.98,9.08,9.09,9.1,9.11,9.12,9.13,9.14,9.15,9.16,9.17,200,48900,16000,15700,29200,32300,107400,28400,5000,31100,1800,8200,4200,2000,8000,22600,7500,10700,34800,5200
179.0,9.07,265400,2408369.0,9.07,9.06,9.05,9.04,9.03,9.02,9.01,9.0,8.99,8.98,9.08,9.09,9.1,9.11,9.12,9.13,9.14,9.15,9.16,9.17,3700,48900,16000,15700,29200,32300,107400,28400,5000,31100,1700,8200,4200,2000,8000,22600,7500,10700,34800,5200
180.0,9.07,265400,2408369.0,9.07,9.06,9.05,9.04,9.03,9.02,9.01,9.0,8.99,8.98,9.08,9.09,9.1,9.11,9.12,9.13,9.14,9.15,9.16,9.17,3700,48900,16000,15700,29200,32300,107400,28400,5000,31100,1700,8200,4200,2000,8000,22600,7500,10700,34800,5200
181.0,9.07,266100,2414718.0,9.07,9.06,9.05,9.04,9.03,9.02,9.01,9.0,8.99,8.98,9.08,9.09,9.1,9.11,9.12,9.13,9.14,9.15,9.16,9.17,8400,48900,16000,15700,29200,32300,107400,28400,5000,31100,1700,8200,4200,2000,8000,18600,7500,10700,34800,5200
182.0,9.07,266200,2415625.0,9.07,9.06,9.05,9.04,9.03,9.02,9.01,9.0,8.99,8.98,9.08,9.09,9.1,9.11,9.12,9.13,9.14,9.15,9.16,9.17,5300,48900,16000,15700,29200,32300,109000,28400,5000,31100,1700,8200,4200,2000,8000,18600,7500,10700,34800,5200
183.0,9.08,266300,2416533.0,9.07,9.06,9.05,9.04,9.03,9.02,9.01,9.0,8.99,8.98,9.08,9.09,9.1,9.11,9.12,9.13,9.14,9.15,9.16,9.17,10100,48900,13400,15700,25400,32300,109000,28400,5000,31100,1600,8200,4200,2000,8000,18600,7500,10700,34800,5200
184.0,9.07,266900,2421975.0,9.07,9.06,9.05,9.04,9.03,9.02,9.01,9.0,8.99,8.98,9.08,9.09,9.1,9.11,9.12,9.13,9.14,9.15,9.16,9.17,9500,48900,13400,15700,25400,32300,109000,28400,5000,31100,1600,8200,4200,2000,8000,18600,7500,10700,34800,5200
185.0,9.08,267000,2422883.0,9.07,9.06,9.05,9.04,9.03,9.02,9.01,9.0,8.99,8.98,9.08,9.09,9.1,9.11,9.12,9.13,9.14,9.15,9.16,9.17,9500,48900,13400,15700,25400,32300,109000,28400,5000,31100,1500,9100,4200,2000,8000,18600,7500,10700,34800,5200
186.0,9.07,276900,2512677.0,9.06,9.05,9.04,9.03,9.02,9.01,9.0,8.99,8.98,8.97,9.07,9.08,9.09,9.1,9.11,9.12,9.13,9.14,9.15,9.16,48900,13400,15700,25400,32300,109000,28400,5000,31100,6500,1300,1400,9100,4200,2000,8000,18600,7500,10700,34800
187.0,9.06,277400,2517207.0,9.06,9.05,9.04,9.03,9.02,9.01,9.0,8.99,8.98,8.97,9.07,9.08,9.09,9.1,9.11,9.12,9.13,9.14,9.15,9.16,48400,13400,15700,25400,32300,109000,28400,5000,31100,6500,1000,1700,9100,4200,2000,8000,18600,7500,10700,34800
188.0,9.06,326100,2958432.0,9.05,9.04,9.03,9.02,9.01,9.0,8.99,8.98,8.97,8.96,9.06,9.07,9.08,9.09,9.1,9.11,9.12,9.13,9.14,9.15,13400,15700,25400,32300,109000,28400,5000,31100,6500,18200,5600,700,1700,9100,4200,2800,8000,18600,7500,10700
189.0,9.05,339500,3079702.0,9.04,9.03,9.02,9.01,9.0,8.99,8.98,8.97,8.96,8.95,9.05,9.06,9.07,9.08,9.09,9.1,9.11,9.12,9.13,9.14,15000,25400,33300,109000,28400,5000,31100,6500,18200,2900,1600,6100,700,1700,9100,4200,2800,8000,18600,7500
190.0,9.07,349600,3171216.0,9.04,9.03,9.02,9.01,9.0,8.99,8.98,8.97,8.96,8.95,9.05,9.07,9.08,9.09,9.1,9.11,9.12,9.13,9.14,9.15,15000,25400,33300,109000,28400,5000,31100,6500,18200,2900,1400,8100,1700,9100,4200,2800,8000,18600,7500,10700
191.0,9.07,349600,3171216.0,9.04,9.03,9.02,9.01,9.0,8.99,8.98,8.97,8.96,8.95,9.05,9.06,9.07,9.08,9.09,9.1,9.11,9.12,9.13,9.14,15000,25400,33300,109000,28400,5000,31100,6500,18200,2900,1800,3500,14000,1700,8500,4200,2800,8000,18600,7500
192.0,9.07,349600,3171216.0,9.04,9.03,9.02,9.01,9.0,8.99,8.98,8.97,8.96,8.95,9.05,9.06,9.07,9.08,9.09,9.1,9.11,9.12,9.13,9.14,15000,25400,33300,109000,28400,5000,31100,6500,18200,2900,1800,3500,14000,1700,8500,4200,2800,8000,18600,7500
193.0,9.06,353800,3209250.0,9.04,9.03,9.02,9.01,9.0,8.99,8.98,8.97,8.96,8.95,9.06,9.07,9.08,9.09,9.1,9.11,9.12,9.13,9.14,9.15,15000,25400,33300,109000,28400,5000,31100,6500,18200,2900,3900,9400,2900,8500,4200,2800,8000,18600,7500,10700
194.0,9.06,353800,3209250.0,9.05,9.04,9.03,9.02,9.01,9.0,8.99,8.98,8.97,8.96,9.06,9.07,9.08,9.09,9.1,9.11,9.12,9.13,9.14,9.15,300,16900,22100,33300,109000,28400,5000,31100,6500,18200,5800,9400,3000,8500,4200,2800,8000,18600,7500,10700
195.0,9.05,354600,3216490.0,9.05,9.04,9.03,9.02,9.01,9.0,8.99,8.98,8.97,8.96,9.06,9.07,9.08,9.09,9.1,9.11,9.12,9.13,9.14,9.15,500,16900,22100,33300,109000,28400,5000,31100,6500,18200,5800,9000,3000,8500,4200,2800,8000,18600,7500,10700
196.0,9.05,355200,3221920.0,9.04,9.03,9.02,9.01,9.0,8.99,8.98,8.97,8.96,8.95,9.05,9.06,9.07,9.08,9.09,9.1,9.11,9.12,9.13,9.14,16900,22100,33300,109000,28400,5000,31100,6500,18200,3900,4100,5800,8700,3000,8500,4200,2800,8000,18600,7500
197.0,9.05,355600,3225540.0,9.04,9.03,9.02,9.01,9.0,8.99,8.98,8.97,8.96,8.95,9.05,9.06,9.07,9.08,9.09,9.1,9.11,9.12,9.13,9.14,16900,22100,33300,109000,28400,5000,31100,6500,18200,3900,3700,5800,8700,3000,8500,4200,2800,8000,18600,7500
198.0,9.06,362000,3283487.0,9.04,9.03,9.02,9.01,9.0,8.99,8.98,8.97,8.96,8.95,9.06,9.07,9.08,9.09,9.1,9.11,9.12,9.13,9.14,9.15,18900,22100,33300,109000,28400,5000,31100,6500,18200,3900,3100,8700,3000,8500,4200,2800,8000,18600,7500,10700
199.0,9.06,362000,3283487.0,9.04,9.03,9.02,9.01,9.0,8.99,8.98,8.97,8.96,8.95,9.06,9.07,9.08,9.09,9.1,9.11,9.12,9.13,9.14,9.15,20900,22100,33300,109000,28400,5000,31100,6500,18200,3900,5100,8700,3000,8500,4200,2800,8000,18600,7500,10700
200.0,9.06,362500,3288017.0,9.04,9.03,9.02,9.01,9.0,8.99,8.98,8.97,8.96,8.95,9.06,9.07,9.08,9.09,9.1,9.11,9.12,9.13,9.14,9.15,21100,22100,33300,109000,28400,5000,31100,6500,18200,3900,4600,8700,1800,8500,4200,2800,8000,18600,7500,10700
201.0,9.06,362500,3288017.0,9.04,9.03,9.02,9.01,9.0,8.99,8.98,8.97,8.96,8.95,9.05,9.06,9.07,9.08,9.09,9.1,9.11,9.12,9.13,9.14,22100,23100,33300,109000,28400,5000,31100,6500,18200,3900,15700,5600,8700,1800,8500,4200,2800,8000,18600,7500
202.0,9.06,362500,3288017.0,9.04,9.03,9.02,9.01,9.0,8.99,8.98,8.97,8.96,8.95,9.05,9.06,9.07,9.08,9.09,9.1,9.11,9.12,9.13,9.14,22400,23100,33300,109000,28400,5000,31100,6500,18200,3900,15700,5600,8700,1800,8500,4200,2800,8000,18600,7500
203.0,9.05,363400,3296162.0,9.04,9.03,9.02,9.01,9.0,8.99,8.98,8.97,8.96,8.95,9.05,9.06,9.07,9.08,9.09,9.1,9.11,9.12,9.13,9.14,22400,23100,33300,109000,28400,5000,31100,6500,18200,3900,14800,5600,8700,1800,8500,4200,2800,8000,18600,7500
204.0,9.05,366700,3326027.0,9.04,9.03,9.02,9.01,9.0,8.99,8.98,8.97,8.96,8.95,9.05,9.06,9.07,9.08,9.09,9.1,9.11,9.12,9.13,9.14,22400,23100,33300,109000,28400,5000,31100,6500,18200,3900,11500,5600,8700,5000,8500,4200,2800,8000,18600,7500
205.0,9.05,367700,3335077.0,9.04,9.03,9.02,9.01,9.0,8.99,8.98,8.97,8.96,8.95,9.05,9.06,9.07,9.08,9.09,9.1,9.11,9.12,9.13,9.14,22400,23100,33300,109000,28400,5000,31100,6500,18200,3900,10500,5600,8800,5000,8500,4200,2800,8000,18600,7500
206.0,9.05,367700,3335077.0,9.04,9.03,9.02,9.01,9.0,8.99,8.98,8.97,8.96,8.95,9.05,9.06,9.07,9.08,9.09,9.1,9.11,9.12,9.13,9.14,22400,23100,33300,109000,28400,5000,31100,6500,18200,3900,10500,5600,8800,5000,8500,4200,2800,8000,18600,7500
207.0,9.05,368700,3344127.0,9.04,9.03,9.02,9.01,9.0,8.99,8.98,8.97,8.96,8.95,9.05,9.06,9.07,9.08,9.09,9.1,9.11,9.12,9.13,9.14,27500,23100,33300,109000,28400,5000,31100,6500,18200,3900,9500,5600,8800,5000,8500,4200,2800,8000,18600,7500
208.0,9.04,369700,3353167.0,9.04,9.03,9.02,9.01,9.0,8.99,8.98,8.97,8.96,8.95,9.05,9.06,9.07,9.08,9.09,9.1,9.11,9.12,9.13,9.14,26500,23100,33300,109000,28400,5000,31100,6500,18200,3900,9500,5600,8800,5000,8500,4200,2800,8000,18600,7500
209.0,9.04,369700,3353167.0,9.04,9.03,9.02,9.01,9.0,8.99,8.98,8.97,8.96,8.95,9.05,9.06,9.07,9.08,9.09,9.1,9.11,9.12,9.13,9.14,26500,23100,33300,109000,28400,5000,31100,6500,18200,3900,9500,5600,8800,5000,8500,4200,2800,8000,18600,7500
210.0,9.04,369700,3353167.0,9.04,9.03,9.02,9.01,9.0,8.99,8.98,8.97,8.96,8.95,9.05,9.06,9.07,9.08,9.09,9.1,9.11,9.12,9.13,9.14,26500,23100,33300,109000,28400,5000,31100,6500,18200,3900,9500,5600,8800,5000,8500,4200,2800,8000,18600,7500
211.0,9.05,370200,3357692.0,9.04,9.03,9.02,9.01,9.0,8.99,8.98,8.97,8.96,8.95,9.05,9.06,9.07,9.08,9.09,9.1,9.11,9.12,9.13,9.14,26500,23100,33300,109000,28400,5000,30500,6500,18200,3900,9000,5600,8800,5000,8500,4200,2800,8000,18600,8100
212.0,9.05,370200,3357692.0,9.04,9.03,9.02,9.01,9.0,8.99,8.98,8.97,8.96,8.95,9.05,9.06,9.07,9.08,9.09,9.1,9.11,9.12,9.13,9.14,27100,23100,33300,109000,28400,5000,30500,6500,18200,3900,9000,5600,8800,5000,8500,4200,2800,8000,18600,8100
213.0,9.05,370200,3357692.0,9.04,9.03,9.02,9.01,9.0,8.99,8.98,8.97,8.96,8.95,9.05,9.06,9.07,9.08,9.09,9.1,9.11,9.12,9.13,9.14,27100,23100,33300,109000,28400,5000,30500,6500,18200,3900,9000,5600,8800,5000,8500,4200,2800,8000,18600,8100
214.0,9.05,377100,3420137.0,9.04,9.03,9.02,9.01,9.0,8.99,8.98,8.97,8.96,8.95,9.05,9.06,9.07,9.08,9.09,9.1,9.11,9.12,9.13,9.14,27500,23100,33300,109000,28400,5000,30500,6500,18200,3900,2100,5600,8800,5000,8500,4200,2800,8000,18600,8100
215.0,9.05,379200,3439142.0,9.05,9.04,9.03,9.02,9.01,9.0,8.99,8.98,8.97,8.96,9.06,9.07,9.08,9.09,9.1,9.11,9.12,9.13,9.14,9.15,7300,27600,23100,33300,109000,28400,5000,30500,6500,18200,5600,8800,5000,8500,4200,2800,8000,18600,8100,10700
216.0,9.05,379200,3439142.0,9.05,9.04,9.03,9.02,9.01,9.0,8.99,8.98,8.97,8.96,9.06,9.07,9.08,9.09,9.1,9.11,9.12,9.13,9.14,9.15,7300,27600,23100,33300,109000,34900,5500,30500,6500,18200,5600,8800,3800,8500,4200,2800,8000,18600,8100,10700
217.0,9.06,380400,3450014.0,9.05,9.04,9.03,9.02,9.01,9.0,8.99,8.98,8.97,8.96,9.06,9.07,9.08,9.09,9.1,9.11,9.12,9.13,9.14,9.15,7300,27600,23100,33300,109000,34900,5500,30500,6500,18200,4400,8800,3800,8500,4200,2800,8000,18600,8100,10700
218.0,9.06,380400,3450014.0,9.05,9.04,9.03,9.02,9.01,9.0,8.99,8.98,8.97,8.96,9.06,9.07,9.08,9.09,9.1,9.11,9.12,9.13,9.14,9.15,10800,27600,23100,33300,109000,34900,5500,30500,6500,18200,4400,8800,3800,8500,4200,2800,8000,18600,8100,10700
219.0,9.06,380400,3450014.0,9.05,9.04,9.03,9.02,9.01,9.0,8.99,8.98,8.97,8.96,9.06,9.07,9.08,9.09,9.1,9.11,9.12,9.13,9.14,9.15,10800,27600,23700,33300,109000,34900,5500,30500,6500,18200,4400,8800,3800,8500,4200,2800,8000,18600,8100,10700
220.0,9.06,380400,3450014.0,9.05,9.04,9.03,9.02,9.01,9.0,8.99,8.98,8.97,8.96,9.06,9.07,9.08,9.09,9.1,9.11,9.12,9.13,9.14,9.15,11100,27600,23700,33300,102600,34900,5500,30500,6500,18200,4400,8800,3800,8500,6200,2800,8000,18600,8100,10700
221.0,9.06,380600,3451826.0,9.05,9.04,9.03,9.02,9.01,9.0,8.99,8.98,8.97,8.96,9.06,9.07,9.08,9.09,9.1,9.11,9.12,9.13,9.14,9.15,15100,29100,23700,33300,102600,34900,5500,30500,6500,18200,4200,8800,3800,8500,6200,2800,8000,18600,8100,10700
222.0,9.05,381700,3461781.0,9.05,9.04,9.03,9.02,9.01,9.0,8.99,8.98,8.97,8.96,9.06,9.07,9.08,9.09,9.1,9.11,9.12,9.13,9.14,9.15,14000,29100,23700,33300,102600,34900,5500,30500,6500,18200,4200,8800,3800,8500,6200,2800,8000,18600,8100,10700
223.0,9.05,381700,3461781.0,9.05,9.04,9.03,9.02,9.01,9.0,8.99,8.98,8.97,8.96,9.06,9.07,9.08,9.09,9.1,9.11,9.12,9.13,9.14,9.15,18000,29100,23700,33300,102600,34900,5500,30500,6500,18200,4200,8800,3800,8500,6200,2800,8000,18600,8100,10700
224.0,9.06,382200,3466311.0,9.05,9.04,9.03,9.02,9.01,9.0,8.99,8.98,8.97,8.96,9.06,9.07,9.08,9.09,9.1,9.11,9.12,9.13,9.14,9.15,18000,29100,23700,33300,102600,34900,5500,30500,6500,18200,3700,8800,3800,8500,6200,2800,8000,18600,8100,10700
225.0,9.06,382200,3466311.0,9.05,9.04,9.03,9.02,9.01,9.0,8.99,8.98,8.97,8.96,9.06,9.07,9.08,9.09,9.1,9.11,9.12,9.13,9.14,9.15,20000,29100,23700,33300,102600,34900,5500,30500,6500,18200,3700,8800,3800,8500,6200,2800,8000,18600,8100,10700
226.0,9.06,382200,3466311.0,9.05,9.04,9.03,9.02,9.01,9.0,8.99,8.98,8.97,8.96,9.06,9.07,9.08,9.09,9.1,9.11,9.12,9.13,9.14,9.15,20000,29100,23700,33300,102600,34900,5500,30500,6500,18200,3700,8800,3800,8500,6200,2800,8000,18600,8100,10700
227.0,9.06,383300,3476277.0,9.05,9.04,9.03,9.02,9.01,9.0,8.99,8.98,8.97,8.96,9.06,9.07,9.08,9.09,9.1,9.11,9.12,9.13,9.14,9.15,20000,29100,23700,33300,102600,34900,5500,30500,6500,18200,2600,8800,3800,8500,6200,2800,8000,18600,8100,10700
228.0,9.06,383300,3476277.0,9.05,9.04,9.03,9.02,9.01,9.0,8.99,8.98,8.97,8.96,9.06,9.07,9.08,9.09,9.1,9.11,9.12,9.13,9.14,9.15,20800,29100,23700,33300,102600,34900,5500,30500,6500,18200,2600,8800,3800,7600,6200,2800,8000,18600,8100,10700
229.0,9.06,383300,3476277.0,9.05,9.04,9.03,9.02,9.01,9.0,8.99,8.98,8.97,8.96,9.06,9.07,9.08,9.09,9.1,9.11,9.12,9.13,9.14,9.15,20800,29100,23700,33300,102600,34900,5500,30500,6500,18200,2600,8800,3800,7600,6200,2800,8000,18600,8100,10700
230.0,9.06,388500,3523355.0,9.05,9.04,9.03,9.02,9.01,9.0,8.99,8.98,8.97,8.96,9.06,9.07,9.08,9.09,9.1,9.11,9.12,9.13,9.14,9.15,17400,29100,23700,33700,102600,34900,5500,30500,6500,18200,5700,8800,3800,7600,6200,2800,8000,18600,8100,10700
231.0,9.06,389000,3527885.0,9.05,9.04,9.03,9.02,9.01,9.0,8.99,8.98,8.97,8.96,9.06,9.07,9.08,9.09,9.1,9.11,9.12,9.13,9.14,9.15,17400,29100,23700,33700,102600,34900,5500,30500,6500,18200,5200,8800,3800,7600,6200,2800,8000,18600,8100,10700
232.0,9.06,393800,3571335.0,9.05,9.04,9.03,9.02,9.01,9.0,8.99,8.98,8.97,8.96,9.06,9.07,9.08,9.09,9.1,9.11,9.12,9.13,9.14,9.15,13600,29100,23700,33700,102600,34900,5500,36900,6500,18200,4200,8800,3800,7600,6200,2800,8000,18600,8100,10700
233.0,9.05,395000,3582195.0,9.05,9.04,9.03,9.02,9.01,9.0,8.99,8.98,8.97,8.96,9.06,9.07,9.08,9.09,9.1,9.11,9.12,9.13,9.14,9.15,12400,29100,23700,33700,102600,34900,5500,36900,6500,18200,4200,8800,3800,7600,6200,2800,8000,18600,8100,10700
234.0,9.06,395400,3585819.0,9.05,9.04,9.03,9.02,9.01,9.0,8.99,8.98,8.97,8.96,9.06,9.07,9.08,9.09,9.1,9.11,9.12,9.13,9.14,9.15,12400,29100,23700,33700,102600,34900,5500,36900,6500,18200,3800,8800,3800,7600,6200,2800,8000,18600,8100,10700
235.0,9.06,395400,3585819.0,9.05,9.04,9.03,9.02,9.01,9.0,8.99,8.98,8.97,8.96,9.06,9.07,9.08,9.09,9.1,9.11,9.12,9.13,9.14,9.15,12400,29100,23700,33700,102600,34900,5500,36900,6500,18200,3800,8800,3800,7600,6200,2800,8000,18600,8100,10700
236.0,9.05,403400,3658219.0,9.05,9.04,9.03,9.02,9.01,9.0,8.99,8.98,8.97,8.96,9.06,9.07,9.08,9.09,9.1,9.11,9.12,9.13,9.14,9.15,4400,28800,23700,33700,102600,34900,5500,36900,6500,18200,3800,8800,3800,7600,6200,2800,8000,18600,8100,10700
237.0,9.06,403700,3660937.0,9.05,9.04,9.03,9.02,9.01,9.0,8.99,8.98,8.97,8.96,9.06,9.07,9.08,9.09,9.1,9.11,9.12,9.13,9.14,9.15,4400,28800,23700,33700,102600,34900,5500,36900,6500,18200,3500,8800,3800,7600,6200,2800,8000,18600,8100,10700
238.0,9.05,404100,3664560.0,9.05,9.04,9.03,9.02,9.01,9.0,8.99,8.98,8.97,8.96,9.06,9.07,9.08,9.09,9.1,9.11,9.12,9.13,9.14,9.15,4300,28800,23700,33700,102600,34900,5500,36900,6500,18200,3200,8800,3800,7600,6200,2800,8000,18600,8100,10700
239.0,9.05,409300,3711626.0,9.05,9.04,9.03,9.02,9.01,9.0,8.99,8.98,8.97,8.96,9.06,9.07,9.08,9.09,9.1,9.11,9.12,9.13,9.14,9.15,400,28800,23700,33700,102600,34900,5500,37200,6500,18200,2600,19900,5000,7600,6200,2800,8000,18600,8100,10700
240.0,9.05,409300,3711626.0,9.05,9.04,9.03,9.02,9.01,9.0,8.99,8.98,8.97,8.96,9.06,9.07,9.08,9.09,9.1,9.11,9.12,9.13,9.14,9.15,400,28800,23700,33700,102600,34900,5500,37200,6500,18200,2600,19900,5000,7600,6200,2800,8000,18600,8100,10700
241.0,9.06,409600,3714344.0,9.05,9.04,9.03,9.02,9.01,9.0,8.99,8.98,8.97,8.96,9.06,9.07,9.08,9.09,9.1,9.11,9.12,9.13,9.14,9.15,400,28800,23700,33700,102600,34900,5500,37200,6500,18200,2100,19900,5000,7600,6200,2800,8000,18600,8100,10700
242.0,9.06,409600,3714344.0,9.05,9.04,9.03,9.02,9.01,9.0,8.99,8.98,8.97,8.96,9.06,9.07,9.08,9.09,9.1,9.11,9.12,9.13,9.14,9.15,400,28800,23700,33700,102600,34900,5500,37200,6500,18200,2100,19900,5000,7600,7200,2800,8000,18600,8100,10700
243.0,9.04,421700,3823752.0,9.04,9.03,9.02,9.01,9.0,8.99,8.98,8.97,8.96,8.95,9.05,9.06,9.07,9.08,9.09,9.1,9.11,9.12,9.13,9.14,19100,23700,33700,102600,34900,5500,37200,6500,18200,3900,1600,2100,19900,5000,7600,7200,2800,8000,18600,8100
244.0,9.04,429700,3896075.0,9.04,9.03,9.02,9.01,9.0,8.99,8.98,8.97,8.96,8.95,9.05,9.06,9.07,9.08,9.09,9.1,9.11,9.12,9.13,9.14,11400,23700,33700,102600,34900,5500,37200,6500,18200,3900,1300,2100,19900,5000,7600,7200,2800,8000,18600,8100
245.0,9.04,430900,3906923.0,9.04,9.03,9.02,9.01,9.0,8.99,8.98,8.97,8.96,8.95,9.05,9.06,9.07,9.08,9.09,9.1,9.11,9.12,9.13,9.14,10200,23700,33700,102600,34900,5500,37200,6500,18200,3900,1400,2100,19900,5000,7600,7200,2800,8000,18600,8100
246.0,9.04,437800,3969301.0,9.04,9.03,9.02,9.01,9.0,8.99,8.98,8.97,8.96,8.95,9.05,9.06,9.07,9.08,9.09,9.1,9.11,9.12,9.13,9.14,3500,23700,33700,102600,34900,5500,37200,6500,18200,3900,1100,2100,19900,5000,7600,7200,2800,8000,18600,8100
247.0,9.04,444300,4028110.0,9.03,9.02,9.01,9.0,8.99,8.98,8.97,8.96,8.95,8.94,9.04,9.06,9.07,9.08,9.09,9.1,9.11,9.12,9.13,9.14,23700,33700,102600,34900,5500,37200,6500,18200,3900,3300,100,200,19900,5000,7600,7200,2800,8000,18600,8100
248.0,9.03,446800,4050686.0,9.03,9.02,9.01,9.0,8.99,8.98,8.97,8.96,8.95,8.94,9.06,9.07,9.08,9.09,9.1,9.11,9.12,9.13,9.14,9.15,21300,33700,102600,34900,5500,37200,6500,18200,3900,3300,200,19900,5000,7600,7200,2800,8000,18600,8100,10700
249.0,9.03,447400,4056104.0,9.03,9.02,9.01,9.0,8.99,8.98,8.97,8.96,8.95,8.94,9.06,9.07,9.08,9.09,9.1,9.11,9.12,9.13,9.14,9.15,21600,33700,102600,34900,5500,37200,6500,18200,3900,3300,1100,19900,5000,7600,7200,2800,8000,18600,8100,10700
250.0,9.06,447500,4057010.0,9.03,9.02,9.01,9.0,8.99,8.98,8.97,8.96,8.95,8.94,9.06,9.07,9.08,9.09,9.1,9.11,9.12,9.13,9.14,9.15,21600,33700,111400,34900,5500,37200,6500,18200,3900,3300,3200,16000,5000,7600,6200,2800,8000,18600,8100,10700
251.0,9.06,448100,4062446.0,9.03,9.02,9.01,9.0,8.99,8.98,8.97,8.96,8.95,8.94,9.06,9.07,9.08,9.09,9.1,9.11,9.12,9.13,9.14,9.15,24700,33700,111400,34900,5500,37200,6500,18200,3900,3300,3500,16000,5000,7600,6200,2800,8000,18600,8100,10700
252.0,9.06,448100,4062446.0,9.05,9.03,9.02,9.01,9.0,8.99,8.98,8.97,8.96,8.95,9.06,9.07,9.08,9.09,9.1,9.11,9.12,9.13,9.14,9.15,500,24700,33700,111400,34900,5500,37200,6500,18200,3900,3500,16000,5000,7600,6200,2800,8000,18600,8100,10700
253.0,9.05,448200,4063351.0,9.05,9.03,9.02,9.01,9.0,8.99,8.98,8.97,8.96,8.95,9.06,9.07,9.08,9.09,9.1,9.11,9.12,9.13,9.14,9.15,400,24700,33900,111400,34900,5500,37200,6500,18200,3900,3500,16000,5000,7600,6200,2800,8000,18600,8100,10700
254.0,9.05,448900,4069689.0,9.03,9.02,9.01,9.0,8.99,8.98,8.97,8.96,8.95,8.94,9.04,9.05,9.06,9.07,9.08,9.09,9.1,9.11,9.12,9.13,24700,38900,111400,34900,5500,37200,6500,18200,3900,3300,200,100,3200,16000,5000,7600,6200,2800,8000,18600
255.0,9.05,448900,4069689.0,9.03,9.02,9.01,9.0,8.99,8.98,8.97,8.96,8.95,8.94,9.04,9.05,9.06,9.07,9.08,9.09,9.1,9.11,9.12,9.13,24700,38900,111400,34900,5500,37200,6500,18200,3900,3300,200,100,3200,16000,5000,7600,6200,2800,8000,18600
256.0,9.05,448900,4069689.0,9.03,9.02,9.01,9.0,8.99,8.98,8.97,8.96,8.95,8.94,9.04,9.05,9.06,9.07,9.08,9.09,9.1,9.11,9.12,9.13,24700,38900,111400,34900,5500,37200,6500,18200,3900,3300,300,100,3200,16000,5000,7600,6200,2800,8000,18600
257.0,9.04,449200,4072401.0,9.04,9.03,9.02,9.01,9.0,8.99,8.98,8.97,8.96,8.95,9.05,9.06,9.07,9.08,9.09,9.1,9.11,9.12,9.13,9.14,100,24700,40900,111400,34900,5500,37200,6500,18200,3900,100,3200,16000,5000,7600,6200,2800,8000,18600,8100
258.0,9.04,449200,4072401.0,9.04,9.03,9.02,9.01,9.0,8.99,8.98,8.97,8.96,8.95,9.05,9.06,9.07,9.08,9.09,9.1,9.11,9.12,9.13,9.14,100,24700,40900,111400,34900,5500,37200,6500,18200,3900,100,3200,16000,5000,7600,6200,2800,8000,18600,8100
259.0,9.04,449200,4072401.0,9.04,9.03,9.02,9.01,9.0,8.99,8.98,8.97,8.96,8.95,9.05,9.06,9.07,9.08,9.09,9.1,9.11,9.12,9.13,9.14,100,25000,40900,111400,34900,5500,37200,6500,18200,3900,100,3200,16000,5000,7600,7200,2800,8000,18600,8100
260.0,9.04,449200,4072401.0,9.04,9.03,9.02,9.01,9.0,8.99,8.98,8.97,8.96,8.95,9.05,9.06,9.07,9.08,9.09,9.1,9.11,9.12,9.13,9.14,100,25000,40900,111400,34900,5500,37200,6500,18200,3900,100,3200,16000,5000,7600,7200,2800,8000,18600,8100
261.0,9.03,450200,4081432.0,9.03,9.02,9.01,9.0,8.99,8.98,8.97,8.96,8.95,8.94,9.04,9.05,9.06,9.07,9.08,9.09,9.1,9.11,9.12,9.13,24100,40900,111400,34900,5500,37200,6500,18200,3900,3300,100,100,3200,16000,5000,7600,7200,2800,8000,18600
262.0,9.04,450300,4082336.0,9.04,9.03,9.02,9.01,9.0,8.99,8.98,8.97,8.96,8.95,9.05,9.06,9.07,9.08,9.09,9.1,9.11,9.12,9.13,9.14,6300,24100,40900,111400,34900,5500,37200,6500,18200,3900,100,3200,16000,5000,7600,7200,2800,8000,18600,8100
263.0,9.04,453300,4109456.0,9.04,9.03,9.02,9.01,9.0,8.99,8.98,8.97,8.96,8.95,9.05,9.06,9.07,9.08,9.09,9.1,9.11,9.12,9.13,9.14,3300,24100,40900,111400,34900,5500,37200,6500,18200,3900,100,3200,16000,5000,7600,7200,2800,8000,18600,8100
264.0,9.04,453300,4109456.0,9.04,9.03,9.02,9.01,9.0,8.99,8.98,8.97,8.96,8.95,9.05,9.06,9.07,9.08,9.09,9.1,9.11,9.12,9.13,9.14,3300,24100,40900,111400,34900,5500,37200,6500,18200,3900,100,3200,16000,5000,7600,7200,2800,8000,18600,8100
265.0,9.04,454600,4121208.0,9.04,9.03,9.02,9.01,9.0,8.99,8.98,8.97,8.96,8.95,9.05,9.06,9.07,9.08,9.09,9.1,9.11,9.12,9.13,9.14,2000,24100,40900,111400,34900,5500,37200,6500,18200,3900,100,3200,16000,5000,7600,7200,2800,8000,18600,8100
266.0,9.04,457300,4145612.0,9.04,9.03,9.02,9.01,9.0,8.99,8.98,8.97,8.96,8.95,9.05,9.06,9.07,9.08,9.09,9.1,9.11,9.12,9.13,9.14,700,23700,40900,111400,34900,5500,37200,6500,18200,3900,100,3200,16000,5000,7600,7200,2800,8000,18600,8100
267.0,9.03,460100,4170903.0,9.03,9.02,9.01,9.0,8.99,8.98,8.97,8.96,8.95,8.94,9.04,9.05,9.06,9.07,9.08,9.09,9.1,9.11,9.12,9.13,21600,40900,111400,34900,5500,37200,6500,18200,3900,3300,100,100,3200,16000,5000,7600,7200,2800,8000,18600
268.0,9.03,460100,4170903.0,9.03,9.02,9.01,9.0,8.99,8.98,8.97,8.96,8.95,8.94,9.04,9.05,9.06,9.07,9.08,9.09,9.1,9.11,9.12,9.13,21600,40900,111400,34900,5500,37200,6500,18200,3900,3300,200,100,3200,16000,5000,7600,7200,2800,8000,18600
269.0,9.03,464600,4211538.0,9.03,9.02,9.01,9.0,8.99,8.98,8.97,8.96,8.95,8.94,9.04,9.05,9.06,9.07,9.08,9.09,9.1,9.11,9.12,9.13,17100,40500,111400,34900,5500,37200,6500,18200,3900,3300,300,100,3200,16000,5000,7600,7200,2800,8000,18600
270.0,9.03,464600,4211538.0,9.03,9.02,9.01,9.0,8.99,8.98,8.97,8.96,8.95,8.94,9.04,9.05,9.06,9.07,9.08,9.09,9.1,9.11,9.12,9.13,18200,40500,111400,34900,5500,37200,6500,18200,3900,3300,300,100,3200,16000,5000,7600,7200,2800,8000,18600
271.0,9.03,464600,4211538.0,9.03,9.02,9.01,9.0,8.99,8.98,8.97,8.96,8.95,8.94,9.04,9.05,9.06,9.07,9.08,9.09,9.1,9.11,9.12,9.13,18200,40500,111400,34900,5500,37200,6500,18200,3900,3300,300,100,3200,16000,5000,7600,7200,2800,8000,18600
272.0,9.03,464600,4211538.0,9.03,9.02,9.01,9.0,8.99,8.98,8.97,8.96,8.95,8.94,9.04,9.05,9.06,9.07,9.08,9.09,9.1,9.11,9.12,9.13,18200,40500,111400,34900,5500,37200,6500,18200,3900,3300,300,100,3200,16000,5000,7600,7200,2800,8000,18600
273.0,9.03,464600,4211538.0,9.03,9.02,9.01,9.0,8.99,8.98,8.97,8.96,8.95,8.94,9.04,9.05,9.06,9.07,9.08,9.09,9.1,9.11,9.12,9.13,18200,40500,111400,34900,5500,37200,6500,18200,3900,3300,300,100,3200,16000,5000,7600,7200,2800,8000,18600
274.0,9.04,464700,4212442.0,9.03,9.02,9.01,9.0,8.99,8.98,8.97,8.96,8.95,8.94,9.04,9.05,9.06,9.07,9.08,9.09,9.1,9.11,9.12,9.13,23400,40500,111400,34900,5500,37200,6500,18200,3900,3300,200,100,3200,16000,5000,7600,7200,2800,8000,18600
275.0,9.03,466800,4231405.0,9.03,9.02,9.01,9.0,8.99,8.98,8.97,8.96,8.95,8.94,9.04,9.05,9.06,9.07,9.08,9.09,9.1,9.11,9.12,9.13,26300,40500,111400,34900,5500,37200,6500,18200,3900,3300,800,100,3200,16000,5000,7600,7200,2800,8000,18600
276.0,9.03,473400,4291003.0,9.03,9.02,9.01,9.0,8.99,8.98,8.97,8.96,8.95,8.94,9.04,9.05,9.06,9.07,9.08,9.09,9.1,9.11,9.12,9.13,19700,40500,111400,34900,5500,37200,6500,18200,3900,3300,800,100,3200,16000,5000,7600,7200,2800,8000,18600
277.0,9.03,473400,4291003.0,9.03,9.02,9.01,9.0,8.99,8.98,8.97,8.96,8.95,8.94,9.04,9.05,9.06,9.07,9.08,9.09,9.1,9.11,9.12,9.13,19700,40500,111400,34900,5500,37200,6500,18200,3900,3300,17200,100,3200,16000,5000,7600,7200,2800,8000,18600
278.0,9.03,477600,4328941.0,9.03,9.02,9.01,9.0,8.99,8.98,8.97,8.96,8.95,8.94,9.04,9.05,9.06,9.07,9.08,9.09,9.1,9.11,9.12,9.13,16700,40500,111400,34900,5500,37200,6500,23200,3900,3300,16100,100,3200,16000,5000,7600,7200,2800,8000,18600
279.0,9.04,479600,4347021.0,9.03,9.02,9.01,9.0,8.99,8.98,8.97,8.96,8.95,8.94,9.04,9.05,9.06,9.07,9.08,9.09,9.1,9.11,9.12,9.13,16700,40500,111400,34900,5500,37200,6500,23200,3900,3300,14100,100,3200,16000,5000,7700,7200,2800,8000,18600
280.0,9.04,479600,4347021.0,9.03,9.02,9.01,9.0,8.99,8.98,8.97,8.96,8.95,8.94,9.04,9.05,9.06,9.07,9.08,9.09,9.1,9.11,9.12,9.13,17000,40500,111400,34900,5500,37200,6500,23200,3900,3300,14100,100,3200,16000,5000,9700,7200,2800,8000,18600
281.0,9.03,498800,4520418.0,9.02,9.01,9.0,8.99,8.98,8.97,8.96,8.95,8.94,8.92,9.03,9.04,9.05,9.06,9.07,9.08,9.09,9.1,9.11,9.12,40500,111400,34900,5900,37200,6500,23200,3900,3300,4000,8800,13000,100,4400,16000,4800,9700,7200,2800,8000
282.0,9.03,500000,4531254.0,9.02,9.01,9.0,8.99,8.98,8.97,8.96,8.95,8.94,8.92,9.03,9.04,9.05,9.06,9.07,9.08,9.09,9.1,9.11,9.12,40500,111400,34900,5900,37200,6500,23200,3900,3300,4000,7600,13000,100,4600,16000,4800,9700,7200,2800,8000
283.0,9.03,500500,4535769.0,9.02,9.01,9.0,8.99,8.98,8.97,8.96,8.95,8.94,8.92,9.03,9.04,9.05,9.06,9.07,9.08,9.09,9.1,9.11,9.12,40500,111400,34900,5900,37200,6500,23200,3900,3300,4000,7100,13000,100,4600,16000,4800,9700,7200,2800,8000
284.0,9.03,500500,4535769.0,9.02,9.01,9.0,8.99,8.98,8.97,8.96,8.95,8.94,8.92,9.03,9.04,9.05,9.06,9.07,9.08,9.09,9.1,9.11,9.12,40500,111400,34900,5900,36200,6500,23200,3900,3300,4000,7100,13000,100,4600,16000,4800,9700,7200,2800,8000
285.0,9.03,500600,4536672.0,9.02,9.01,9.0,8.99,8.98,8.97,8.96,8.95,8.94,8.92,9.03,9.04,9.05,9.06,9.07,9.08,9.09,9.1,9.11,9.12,40500,111400,34900,5900,36200,6500,23200,3900,3300,4000,7000,13000,100,4600,16000,4800,9700,7200,2800,8000
286.0,9.03,502700,4555635.0,9.02,9.01,9.0,8.99,8.98,8.97,8.96,8.95,8.94,8.92,9.03,9.04,9.05,9.06,9.07,9.08,9.09,9.1,9.11,9.12,40500,111400,34900,5900,36200,6500,23200,3900,3300,4000,4900,13000,100,4600,16000,4800,9700,7200,2800,8000
287.0,9.03,502700,4555635.0,9.02,9.01,9.0,8.99,8.98,8.97,8.96,8.95,8.94,8.92,9.03,9.04,9.05,9.06,9.07,9.08,9.09,9.1,9.11,9.12,40500,111400,34900,5900,36200,6500,23200,3900,3300,4000,4900,13000,100,4600,16000,4800,9700,7200,2800,8000
288.0,9.03,503100,4559247.0,9.02,9.01,9.0,8.99,8.98,8.97,8.96,8.95,8.94,8.92,9.03,9.04,9.05,9.06,9.07,9.08,9.09,9.1,9.11,9.12,40500,111400,34900,5900,36200,6500,23200,3900,3300,4000,4500,13000,100,4600,16000,4800,9700,7200,2800,8000
289.0,9.03,503900,4566471.0,9.02,9.01,9.0,8.99,8.98,8.97,8.96,8.95,8.94,8.92,9.03,9.04,9.05,9.06,9.07,9.08,9.09,9.1,9.11,9.12,40500,111400,34900,6500,36200,6500,23200,3900,3300,4600,3700,13000,100,4600,16000,4800,9700,7200,2800,8000
290.0,9.03,503900,4566471.0,9.02,9.01,9.0,8.99,8.98,8.97,8.96,8.95,8.94,8.92,9.03,9.04,9.05,9.06,9.07,9.08,9.09,9.1,9.11,9.12,40500,111400,33900,15300,36200,6500,23200,3900,3300,4600,3700,13000,100,4400,16000,4800,9700,7200,2800,8000
291.0,9.03,504400,4570986.0,9.02,9.01,9.0,8.99,8.98,8.97,8.96,8.95,8.94,8.92,9.03,9.04,9.05,9.06,9.07,9.08,9.09,9.1,9.11,9.12,40500,111400,33900,15300,36200,6500,23200,3900,3300,4600,3200,1100,100,4400,16000,4800,9700,7200,2800,8000
292.0,9.03,507600,4599882.0,9.03,9.02,9.01,9.0,8.99,8.98,8.97,8.96,8.95,8.94,9.04,9.05,9.06,9.07,9.08,9.09,9.1,9.11,9.12,9.13,900,40500,111400,33900,15300,36200,6500,23200,3900,4300,1100,100,4400,16000,4800,9700,7200,2800,8000,18600
293.0,9.04,507700,4600786.0,9.03,9.02,9.01,9.0,8.99,8.98,8.97,8.96,8.95,8.94,9.04,9.05,9.06,9.07,9.08,9.09,9.1,9.11,9.12,9.13,900,40500,111400,33900,15300,36200,6500,23200,3900,4300,1000,100,4400,16000,4800,9700,7200,2800,8000,18600
294.0,9.04,507700,4600786.0,9.03,9.02,9.01,9.0,8.99,8.98,8.97,8.96,8.95,8.94,9.04,9.05,9.06,9.07,9.08,9.09,9.1,9.11,9.12,9.13,12400,40500,111400,33900,15300,36200,6500,23200,3900,4300,1000,100,4400,16000,4800,9700,7200,2800,8000,18600
295.0,9.03,508200,4605301.0,9.03,9.02,9.01,9.0,8.99,8.98,8.97,8.96,8.95,8.94,9.04,9.05,9.06,9.07,9.08,9.09,9.1,9.11,9.12,9.13,11900,40500,111500,33900,15300,36200,6500,23200,3900,4300,6300,100,3200,16000,4800,9700,7200,2800,8000,18600
296.0,9.04,509400,4616149.0,9.03,9.02,9.01,9.0,8.99,8.98,8.97,8.96,8.95,8.94,9.04,9.05,9.06,9.07,9.08,9.09,9.1,9.11,9.12,9.13,11900,40500,111500,33900,15300,36200,6500,23200,3900,4300,5100,100,3200,16000,4800,9700,7200,2800,8000,18600
297.0,9.04,509400,4616149.0,9.03,9.02,9.01,9.0,8.99,8.98,8.97,8.96,8.95,8.94,9.04,9.05,9.06,9.07,9.08,9.09,9.1,9.11,9.12,9.13,11900,40500,111500,33900,15300,36200,6500,23200,3900,4300,5100,100,3200,16000,4800,9700,7200,2800,8000,18600
298.0,9.02,528600,4789472.0,9.02,9.01,9.0,8.99,8.98,8.97,8.96,8.95,8.94,8.92,9.04,9.05,9.06,9.07,9.08,9.09,9.1,9.11,9.12,9.13,34200,111500,33900,15300,36200,6500,23200,3900,4300,4600,4100,100,3200,16000,4800,9700,7200,2800,8000,18600
299.0,9.04,529000,4793088.0,9.02,9.01,9.0,8.99,8.98,8.97,8.96,8.95,8.94,8.92,9.03,9.04,9.05,9.06,9.07,9.08,9.09,9.1,9.11,9.12,37100,111500,33900,15300,36200,6500,23200,3900,4300,4600,100,6600,100,3200,16200,4800,9700,7200,2800,8000
300.0,9.03,529300,4795797.0,9.02,9.01,9.0,8.99,8.98,8.97,8.96,8.95,8.94,8.92,9.04,9.05,9.06,9.07,9.08,9.09,9.1,9.11,9.12,9.13,37100,111500,33900,15300,36200,6500,23200,3900,4300,4600,6600,100,3200,16200,4800,9700,7200,2800,8000,18600
301.0,9.03,537000,4865328.0,9.02,9.01,9.0,8.99,8.98,8.97,8.96,8.95,8.94,8.92,9.03,9.04,9.05,9.06,9.07,9.08,9.09,9.1,9.11,9.12,37100,111500,33900,15300,36200,6500,23200,3900,4300,4600,5200,2900,100,3200,16200,4800,9700,7200,2800,8000
302.0,9.03,537500,4869843.0,9.02,9.01,9.0,8.99,8.98,8.97,8.96,8.95,8.94,8.92,9.03,9.04,9.05,9.06,9.07,9.08,9.09,9.1,9.11,9.12,37100,111500,33900,15300,36200,6500,23200,3900,4300,4600,4700,2900,100,3200,16200,4800,9700,7200,2800,8000
303.0,9.03,537900,4873455.0,9.02,9.01,9.0,8.99,8.98,8.97,8.96,8.95,8.94,8.92,9.03,9.04,9.05,9.06,9.07,9.08,9.09,9.1,9.11,9.12,37100,111500,33900,15300,36200,6500,23200,3900,4300,4600,4300,2900,100,3200,16200,4800,9700,7200,2800,8000
304.0,9.03,538300,4877067.0,9.02,9.01,9.0,8.99,8.98,8.97,8.96,8.95,8.94,8.92,9.03,9.04,9.05,9.06,9.07,9.08,9.09,9.1,9.11,9.12,42900,111500,33700,15300,36200,6500,23200,3900,4300,4600,4000,2900,100,3200,16200,4800,9700,7200,2800,8000
305.0,9.03,538400,4877970.0,9.02,9.01,9.0,8.99,8.98,8.97,8.96,8.95,8.94,8.92,9.03,9.04,9.05,9.06,9.07,9.08,9.09,9.1,9.11,9.12,42900,111500,33700,15300,36200,6500,23200,3900,4300,4600,3900,2900,100,3200,16200,4800,9700,7200,2800,8000
306.0,9.03,538700,4880679.0,9.02,9.01,9.0,8.99,8.98,8.97,8.96,8.95,8.94,8.92,9.03,9.04,9.05,9.06,9.07,9.08,9.09,9.1,9.11,9.12,42900,111500,33700,15300,36200,6500,23200,3900,4300,4600,3600,2900,7100,3200,15100,4800,9700,7200,2800,8000
307.0,9.03,538700,4880679.0,9.02,9.01,9.0,8.99,8.98,8.97,8.96,8.95,8.94,8.92,9.03,9.04,9.05,9.06,9.07,9.08,9.09,9.1,9.11,9.12,42900,111500,33700,15300,36200,6500,23200,3900,4300,4600,3600,2900,7100,3200,14900,4800,9700,7200,2800,8000
308.0,9.03,542500,4914993.0,9.03,9.02,9.01,9.0,8.99,8.98,8.97,8.96,8.95,8.94,9.04,9.05,9.06,9.07,9.08,9.09,9.1,9.11,9.12,9.13,1900,42900,111500,33700,15300,36200,6500,23200,3900,4300,4400,7100,3200,13500,4800,9700,7200,2800,8000,18600
309.0,9.03,544100,4929445.0,9.03,9.02,9.01,9.0,8.99,8.98,8.97,8.96,8.95,8.94,9.04,9.05,9.06,9.07,9.08,9.09,9.1,9.11,9.12,9.13,700,43300,111500,33700,15300,36200,6500,23200,3900,4300,3200,7100,3200,13500,4800,9700,7200,2800,8000,18600
310.0,9.02,547500,4960140.0,9.02,9.01,9.0,8.99,8.98,8.97,8.96,8.95,8.94,8.92,9.04,9.05,9.06,9.07,9.08,9.09,9.1,9.11,9.12,9.13,41600,111500,33700,17300,36200,6500,23200,3900,4300,4600,2200,9800,4400,16800,4800,9700,7200,2800,8000,18600
311.0,9.03,547900,4963754.0,9.02,9.01,9.0,8.99,8.98,8.97,8.96,8.95,8.94,8.92,9.04,9.05,9.06,9.07,9.08,9.09,9.1,9.11,9.12,9.13,42700,111500,33700,17300,36200,6500,23200,3900,4300,4600,3100,9800,4400,16800,4800,9700,7200,2800,8000,18600
312.0,9.03,547900,4963754.0,9.02,9.01,9.0,8.99,8.98,8.97,8.96,8.95,8.94,8.92,9.04,9.05,9.06,9.07,9.08,9.09,9.1,9.11,9.12,9.13,45400,111500,34600,17300,36200,6500,23200,3900,4300,4600,5800,9800,4400,16800,5800,9700,7200,2800,8000,18600
313.0,9.02,548500,4969176.0,9.02,9.01,9.0,8.99,8.98,8.97,8.96,8.95,8.94,8.92,9.04,9.05,9.06,9.07,9.08,9.09,9.1,9.11,9.12,9.13,45300,111500,34600,17300,36200,6500,23200,3900,4300,4600,6400,9800,4400,16800,5800,9700,7200,2800,8000,18600
314.0,9.02,548800,4971882.0,9.03,9.02,9.01,9.0,8.99,8.98,8.97,8.96,8.95,8.94,9.04,9.05,9.06,9.07,9.08,9.09,9.1,9.11,9.12,9.13,100,47600,111800,34600,17300,36200,6500,18200,3900,4300,8900,9800,4400,16800,5800,9700,7200,4600,8000,18600
315.0,9.03,551000,4991748.0,9.02,9.01,9.0,8.99,8.98,8.97,8.96,8.95,8.94,8.92,9.04,9.05,9.06,9.07,9.08,9.09,9.1,9.11,9.12,9.13,50500,111800,34600,17300,36200,6500,18200,3900,4300,4600,8900,9800,4400,16800,5800,9700,7200,4600,8000,18600
316.0,9.02,552800,5008001.0,9.02,9.01,9.0,8.99,8.98,8.97,8.96,8.95,8.94,8.92,9.04,9.05,9.06,9.07,9.08,9.09,9.1,9.11,9.12,9.13,50800,111900,34600,17300,36200,6500,18200,3900,4300,4600,24600,9800,4400,16800,5800,9700,7200,4600,8000,18600
317.0,9.02,563900,5108128.0,9.02,9.01,9.0,8.99,8.98,8.97,8.96,8.95,8.94,8.92,9.03,9.04,9.05,9.06,9.07,9.08,9.09,9.1,9.11,9.12,42600,111900,34600,17300,36200,6500,18200,4600,4300,4600,900,27900,9800,4400,16800,5800,9700,7200,4600,8000
318.0,9.02,583300,5283116.0,9.02,9.01,9.0,8.99,8.98,8.97,8.96,8.95,8.94,8.92,9.03,9.04,9.05,9.06,9.07,9.08,9.09,9.1,9.11,9.12,23200,111900,34600,17300,36200,6500,18200,4600,4300,4600,1600,27900,9800,4400,16800,5800,9700,7200,4600,8000
319.0,9.03,583500,5284922.0,9.02,9.01,9.0,8.99,8.98,8.97,8.96,8.95,8.94,8.92,9.03,9.04,9.05,9.06,9.07,9.08,9.09,9.1,9.11,9.12,23200,111900,34600,17300,36200,6500,18200,4600,4300,4600,1400,27900,9800,4400,16800,5800,9700,7200,4600,8000
320.0,9.01,651600,5899372.0,9.01,9.0,8.99,8.98,8.97,8.96,8.95,8.94,8.92,8.91,9.03,9.04,9.05,9.06,9.07,9.08,9.09,9.1,9.11,9.12,98900,34600,17300,36200,6500,18200,4600,4300,4600,10300,200,27900,9800,4400,16800,5800,9700,7200,4600,8000
321.0,9.01,651600,5899372.0,9.01,9.0,8.99,8.98,8.97,8.96,8.95,8.94,8.92,8.91,9.02,9.03,9.04,9.05,9.06,9.07,9.08,9.09,9.1,9.11,100700,34600,17300,36200,6500,18200,4600,4300,4600,10300,1200,2000,27900,9800,4400,16800,5800,9700,7200,4600
322.0,9.02,651700,5900274.0,9.01,9.0,8.99,8.98,8.97,8.96,8.95,8.94,8.92,8.91,9.02,9.03,9.04,9.05,9.06,9.07,9.08,9.09,9.1,9.11,100700,34600,17300,36200,6500,18200,4600,4300,4600,10300,1100,2000,27900,9800,4400,16800,5800,9700,7200,4600
323.0,9.01,659400,5969730.0,9.01,9.0,8.99,8.98,8.97,8.96,8.95,8.94,8.92,8.91,9.03,9.04,9.05,9.06,9.07,9.08,9.09,9.1,9.11,9.12,98700,34600,17300,36200,6500,18200,4600,4300,4600,10300,11600,27900,9800,4700,16800,5800,9700,7200,4600,3000
324.0,9.01,660400,5978740.0,9.01,9.0,8.99,8.98,8.97,8.96,8.95,8.94,8.92,8.91,9.03,9.04,9.05,9.06,9.07,9.08,9.09,9.1,9.11,9.12,99400,34700,17300,36200,6500,18200,4600,4300,4600,10300,16100,27900,9800,5700,16800,5800,9700,7200,4600,3000
325.0,9.02,661900,5992256.0,9.02,9.01,9.0,8.99,8.98,8.97,8.96,8.95,8.94,8.92,9.03,9.04,9.05,9.06,9.07,9.08,9.09,9.1,9.11,9.12,1600,102000,34700,17300,36200,6500,18200,4600,4300,4600,8100,27900,9800,5700,16800,5800,9700,7200,4600,3000
326.0,9.01,767300,6941960.0,9.0,8.99,8.98,8.97,8.96,8.95,8.94,8.92,8.91,8.9,9.01,9.02,9.03,9.04,9.05,9.06,9.07,9.08,9.09,9.1,34700,17300,36200,6500,18200,4600,4300,4600,10300,14300,10100,300,5800,27900,9800,4500,16800,5800,9700,7200
327.0,9.01,767300,6941960.0,9.0,8.99,8.98,8.97,8.96,8.95,8.94,8.92,8.91,8.9,9.01,9.02,9.03,9.04,9.05,9.06,9.07,9.08,9.09,9.1,34700,17300,36200,6500,18200,4600,4300,4600,10300,14300,10100,300,5800,27900,9800,4500,16800,5800,9700,7200
328.0,9.01,767300,6941960.0,9.0,8.99,8.98,8.97,8.96,8.95,8.94,8.92,8.91,8.9,9.01,9.02,9.03,9.04,9.05,9.06,9.07,9.08,9.09,9.1,34700,17300,36200,6500,18200,4600,4300,4600,10300,14300,10100,400,5700,27900,9800,4500,16800,5800,9700,7200
329.0,9.0,768600,6953670.0,9.0,8.99,8.98,8.97,8.96,8.95,8.94,8.92,8.91,8.9,9.01,9.02,9.03,9.04,9.05,9.06,9.07,9.08,9.09,9.1,24600,17100,36200,6500,18200,4600,6300,4600,10300,14300,9200,400,5700,27900,9800,4500,16800,5800,9700,7200
330.0,9.0,768600,6953670.0,9.0,8.99,8.98,8.97,8.96,8.95,8.94,8.92,8.91,8.9,9.01,9.02,9.03,9.04,9.05,9.06,9.07,9.08,9.09,9.1,24600,18500,36200,6500,18200,4600,6300,4600,10300,14300,9200,400,5700,27900,9800,4500,16800,5800,9700,7200
331.0,9.0,768600,6953670.0,9.0,8.99,8.98,8.97,8.96,8.95,8.94,8.92,8.91,8.9,9.01,9.02,9.03,9.04,9.05,9.06,9.07,9.08,9.09,9.1,24600,18500,36200,6500,18200,4600,6300,4600,10300,14300,10300,200,5700,27900,9800,3500,16800,7800,9700,7200
332.0,9.0,772100,6985200.0,9.0,8.99,8.98,8.97,8.96,8.95,8.94,8.92,8.91,8.9,9.01,9.02,9.03,9.04,9.05,9.06,9.07,9.08,9.09,9.1,24400,18500,36200,6500,18200,4600,6300,4600,10300,14300,7300,200,5700,27900,9800,3500,16800,7800,9700,7200
333.0,9.0,789000,7137314.0,9.0,8.99,8.98,8.97,8.96,8.95,8.94,8.92,8.91,8.9,9.01,9.02,9.03,9.04,9.05,9.06,9.07,9.08,9.09,9.1,8900,17700,36200,6500,18200,4600,6300,4600,10300,14300,6400,200,6900,27900,9800,3500,16800,7800,9700,7200
334.0,9.0,790800,7153520.0,9.0,8.99,8.98,8.97,8.96,8.95,8.94,8.92,8.91,8.9,9.01,9.02,9.03,9.04,9.05,9.06,9.07,9.08,9.09,9.1,8200,17700,36200,6500,18200,4600,6300,4600,10300,14300,5800,100,6900,27900,9800,3500,16800,7800,9700,7200
335.0,9.0,794600,7187757.0,9.0,8.99,8.98,8.97,8.96,8.95,8.94,8.92,8.91,8.9,9.01,9.02,9.03,9.04,9.05,9.06,9.07,9.08,9.09,9.1,8100,17700,36200,6500,18200,4600,6300,4600,10300,14300,5100,100,5700,27900,9900,3500,16800,7800,9700,7200
336.0,9.03,804600,7277954.0,9.0,8.99,8.98,8.97,8.96,8.95,8.94,8.92,8.91,8.9,9.03,9.04,9.05,9.06,9.07,9.08,9.09,9.1,9.11,9.12,8100,17700,36200,6500,18200,4600,6300,4600,10300,14300,900,27900,10000,3500,16800,7800,9700,7200,4600,3000
337.0,9.0,819300,7410254.0,8.99,8.98,8.97,8.96,8.95,8.94,8.92,8.91,8.9,8.88,9.0,9.03,9.04,9.05,9.06,9.07,9.08,9.09,9.1,9.11,16300,36200,6500,18200,4600,6300,4600,10300,14300,19700,54300,2100,27900,10400,3500,18800,7800,9700,7200,4600
338.0,9.0,821500,7430054.0,8.99,8.98,8.97,8.96,8.95,8.94,8.92,8.91,8.9,8.88,9.0,9.03,9.04,9.05,9.06,9.07,9.08,9.09,9.1,9.11,16700,36200,6500,18200,7900,6300,4600,10300,14300,19700,54300,2100,27900,10400,3500,18800,7800,9700,7200,4600
339.0,9.0,821500,7430054.0,8.99,8.98,8.97,8.96,8.95,8.94,8.92,8.91,8.9,8.88,9.0,9.03,9.04,9.05,9.06,9.07,9.08,9.09,9.1,9.11,21900,36200,6500,18200,7900,6300,4600,10300,14300,19700,56300,2100,27900,10400,3500,18800,7800,9700,7200,4600
340.0,9.0,821500,7430054.0,8.99,8.98,8.97,8.96,8.95,8.94,8.92,8.91,8.9,8.88,9.0,9.03,9.04,9.05,9.06,9.07,9.08,9.09,9.1,9.11,21900,36300,6500,18200,7900,6300,4600,10300,14300,19700,57300,2100,27900,10400,3500,18800,7800,9700,7200,4600
341.0,9.0,832100,7525454.0,8.99,8.98,8.97,8.96,8.95,8.94,8.92,8.91,8.9,8.88,9.0,9.03,9.04,9.05,9.06,9.07,9.08,9.09,9.1,9.11,21900,36300,6500,18200,7900,6300,4600,10300,14300,19700,46700,2100,27900,10300,3500,18800,7800,9700,7200,4600
342.0,9.0,832100,7525454.0,8.99,8.98,8.97,8.96,8.95,8.94,8.92,8.91,8.9,8.88,9.0,9.03,9.04,9.05,9.06,9.07,9.08,9.09,9.1,9.11,21900,36300,6500,18200,7900,6300,4600,10300,14300,19700,46700,2100,27900,9700,3500,18800,7800,9700,7200,4600
343.0,9.0,832100,7525454.0,8.99,8.98,8.97,8.96,8.95,8.94,8.92,8.91,8.9,8.88,9.0,9.03,9.04,9.05,9.06,9.07,9.08,9.09,9.1,9.11,21900,36300,6500,18200,7900,6300,4600,10300,14300,19700,47300,2100,27900,9700,3500,18800,7800,9700,7200,4600
344.0,9.0,838900,7586654.0,8.99,8.98,8.97,8.96,8.95,8.94,8.92,8.91,8.9,8.88,9.0,9.03,9.04,9.05,9.06,9.07,9.08,9.09,9.1,9.11,21900,36300,6500,18200,7900,6300,4600,10300,14300,19700,40500,2100,27900,9700,5500,7700,7800,9700,7200,4600
345.0,9.0,838900,7586654.0,8.99,8.98,8.97,8.96,8.95,8.94,8.92,8.91,8.9,8.88,9.0,9.03,9.04,9.05,9.06,9.07,9.08,9.09,9.1,9.11,26900,36300,6500,18200,7900,6300,4600,10300,14300,19700,40500,2100,27900,9700,5500,7700,7800,9700,7200,4600
346.0,9.0,838900,7586654.0,8.99,8.98,8.97,8.96,8.95,8.94,8.92,8.91,8.9,8.88,9.0,9.03,9.04,9.05,9.06,9.07,9.08,9.09,9.1,9.11,26900,36300,6500,18200,7900,6300,4600,10300,14300,19700,40500,2100,27900,9700,5500,7700,7800,9700,7200,4600
347.0,8.99,847000,7659484.0,8.99,8.98,8.97,8.96,8.95,8.94,8.92,8.91,8.9,8.88,9.0,9.03,9.04,9.05,9.06,9.07,9.08,9.09,9.1,9.11,20200,36300,6500,18200,7900,6300,4600,10300,14300,19700,39800,2100,27900,9700,5500,7700,7800,9700,7200,4600
348.0,8.99,847300,7662181.0,8.99,8.98,8.97,8.96,8.95,8.94,8.92,8.91,8.9,8.88,9.0,9.01,9.03,9.04,9.05,9.06,9.07,9.08,9.09,9.1,21000,36300,6500,18200,7900,6300,4600,10300,14300,19700,39800,5400,2100,27900,9700,5500,7700,7800,9700,7200
349.0,9.0,849800,7684677.0,8.99,8.98,8.97,8.96,8.95,8.94,8.92,8.91,8.9,8.88,9.0,9.01,9.03,9.04,9.05,9.06,9.07,9.08,9.09,9.1,20600,36300,6500,18200,7900,6300,4600,10300,14300,19700,37700,5400,2100,27900,9700,5500,7700,7800,9700,7200
350.0,9.0,856500,7744974.0,8.99,8.98,8.97,8.96,8.95,8.94,8.92,8.91,8.9,8.88,9.0,9.01,9.03,9.04,9.05,9.06,9.07,9.08,9.09,9.1,20300,36300,6500,18200,7900,6300,4600,12300,14300,19700,31400,5400,2100,28600,9700,5500,7700,7800,9700,7200
351.0,9.0,857600,7754874.0,8.99,8.98,8.97,8.96,8.95,8.94,8.92,8.91,8.9,8.88,9.0,9.01,9.03,9.04,9.05,9.06,9.07,9.08,9.09,9.1,20300,36300,6500,19400,7900,6300,4600,12300,14300,19700,30300,5400,2100,28600,9700,5500,7700,7800,9700,7200
352.0,9.0,862600,7799874.0,8.99,8.98,8.97,8.96,8.95,8.94,8.92,8.91,8.9,8.88,9.0,9.01,9.03,9.04,9.05,9.06,9.07,9.08,9.09,9.1,20300,36600,6500,19400,7900,6300,4600,12300,14300,19700,25300,5400,2100,28600,9700,5500,7700,7800,9700,7200
353.0,8.99,863600,7808873.0,8.99,8.98,8.97,8.96,8.95,8.94,8.92,8.91,8.9,8.88,9.0,9.01,9.03,9.04,9.05,9.06,9.07,9.08,9.09,9.1,20200,36600,6500,19400,7900,6300,4600,12300,14300,19700,24400,5400,2100,28600,9700,5500,7700,7800,9700,7200
354.0,8.99,871700,7881743.0,8.99,8.98,8.97,8.96,8.95,8.94,8.92,8.91,8.9,8.88,9.0,9.01,9.03,9.04,9.05,9.06,9.07,9.08,9.09,9.1,17200,36600,6500,19400,7900,6300,4600,12300,14300,19700,20300,5400,2100,28600,9700,5500,7700,7800,9700,7200
355.0,8.99,874700,7908713.0,8.99,8.98,8.97,8.96,8.95,8.94,8.92,8.91,8.9,8.88,9.0,9.01,9.03,9.04,9.05,9.06,9.07,9.08,9.09,9.1,14200,36600,6500,19400,7900,6300,4600,12300,14300,19700,21300,5400,2100,28600,9700,5500,7700,7800,9700,7200
356.0,8.99,882900,7982453.0,8.99,8.98,8.97,8.96,8.95,8.94,8.92,8.91,8.9,8.88,9.0,9.01,9.03,9.04,9.05,9.06,9.07,9.08,9.09,9.1,8500,36600,6500,19400,7900,6300,4600,12300,14300,19700,19100,5400,2100,28600,9700,5500,7700,7800,9700,7200
357.0,9.0,884000,7992353.0,8.99,8.98,8.97,8.96,8.95,8.94,8.92,8.91,8.9,8.88,9.0,9.01,9.03,9.04,9.05,9.06,9.07,9.08,9.09,9.1,8500,36600,6500,19400,7900,6300,4600,12300,17300,19700,18000,5400,2100,28600,9700,5500,7700,7800,9700,7200
358.0,9.0,885300,8004053.0,8.99,8.98,8.97,8.96,8.95,8.94,8.92,8.91,8.9,8.88,9.0,9.01,9.03,9.04,9.05,9.06,9.07,9.08,9.09,9.1,8500,36600,6900,39400,7900,6300,4600,12300,17300,19700,18700,5400,2100,28600,9700,5500,7700,7700,9700,7200
359.0,9.0,893200,8075151.0,8.99,8.98,8.97,8.96,8.95,8.94,8.92,8.91,8.9,8.88,9.0,9.01,9.03,9.04,9.05,9.06,9.07,9.08,9.09,9.1,13300,36600,6900,39400,7900,6300,4600,12300,17300,19700,11000,5400,2100,28600,9700,5500,7700,7700,9700,7200
360.0,9.0,893400,8076951.0,8.99,8.98,8.97,8.96,8.95,8.94,8.92,8.91,8.9,8.88,9.0,9.01,9.03,9.04,9.05,9.06,9.07,9.08,9.09,9.1,13700,36600,6900,39400,7900,6300,4600,12300,17300,21200,24500,5400,2100,28600,9700,5500,7700,7700,9700,7200
361.0,8.99,895400,8094942.0,8.99,8.98,8.97,8.96,8.95,8.94,8.92,8.91,8.9,8.88,9.0,9.01,9.03,9.04,9.05,9.06,9.07,9.08,9.09,9.1,13400,36600,6900,39400,7900,6300,4600,12300,17300,21200,23400,5400,2100,28600,9700,5500,7700,7700,9700,7200
362.0,8.99,896000,8100336.0,8.99,8.98,8.97,8.96,8.95,8.94,8.92,8.91,8.9,8.88,9.0,9.01,9.03,9.04,9.05,9.06,9.07,9.08,9.09,9.1,12800,36600,6900,39400,7900,6300,4600,12300,17300,21200,24000,5400,2100,27900,9700,5500,7700,7700,9700,7200
363.0,8.99,898000,8118316.0,8.99,8.98,8.97,8.96,8.95,8.94,8.92,8.91,8.9,8.88,9.0,9.01,9.03,9.04,9.05,9.06,9.07,9.08,9.09,9.1,10800,36600,6900,39400,7900,6300,4600,12300,17300,21200,24100,5400,2100,27900,9700,5500,7700,7700,9700,7200
364.0,8.99,901100,8146196.0,8.99,8.98,8.97,8.96,8.95,8.94,8.92,8.91,8.9,8.88,9.0,9.01,9.02,9.03,9.04,9.05,9.06,9.07,9.08,9.09,11000,36600,6900,39400,7900,6300,4600,12300,17300,21200,23300,5400,100,2100,27900,9700,5500,7700,7700,9700
365.0,8.99,902700,8160591.0,8.99,8.98,8.97,8.96,8.95,8.94,8.92,8.91,8.9,8.88,9.0,9.01,9.02,9.03,9.04,9.05,9.06,9.07,9.08,9.09,10500,36600,6900,39400,7900,6300,4600,12300,17300,21200,23500,5400,100,2100,27900,9700,5500,7700,7700,9700
366.0,8.99,907200,8201046.0,8.99,8.98,8.97,8.96,8.95,8.94,8.92,8.91,8.9,8.88,9.0,9.01,9.02,9.03,9.04,9.05,9.06,9.07,9.08,9.09,6000,36600,7100,39400,8300,6300,4600,12300,17300,21200,23600,5400,100,2100,27900,9700,5500,7700,7700,9700
367.0,8.99,912700,8250524.0,8.99,8.98,8.97,8.96,8.95,8.94,8.92,8.91,8.9,8.88,9.0,9.01,9.03,9.04,9.05,9.06,9.07,9.08,9.09,9.1,3800,36600,7900,39400,8300,6300,4600,12300,17300,21200,20700,5400,2100,27200,9700,5500,7700,7700,9700,7200
368.0,8.98,917800,8296360.0,8.98,8.97,8.96,8.95,8.94,8.92,8.91,8.9,8.88,8.87,8.99,9.0,9.01,9.03,9.04,9.05,9.06,9.07,9.08,9.09,35300,7900,39400,8300,6300,4600,12300,17300,21200,3000,1500,20600,5400,2700,27200,9700,5500,7700,7700,9700
369.0,8.99,918300,8300855.0,8.98,8.97,8.96,8.95,8.94,8.92,8.91,8.9,8.88,8.87,8.99,9.0,9.01,9.02,9.03,9.04,9.05,9.06,9.07,9.08,35300,7900,39400,8300,6300,4600,12300,17300,21200,3000,1000,20600,5400,100,2700,27200,11700,5500,7700,7700
370.0,8.99,919300,8309845.0,8.98,8.97,8.96,8.95,8.94,8.92,8.91,8.9,8.88,8.87,8.99,9.0,9.01,9.02,9.03,9.04,9.05,9.06,9.07,9.08,36500,7900,39400,8300,6300,4600,12300,17300,21200,3000,700,20600,5400,100,2700,27200,11700,5500,7700,7700
371.0,8.98,919900,8315233.0,8.98,8.97,8.96,8.95,8.94,8.92,8.91,8.9,8.88,8.87,8.99,9.0,9.01,9.02,9.03,9.04,9.05,9.06,9.07,9.08,36200,7900,39400,8300,6300,4600,12300,17300,21200,3000,700,20600,5400,100,2700,27200,11700,5500,7700,7400
372.0,8.99,920200,8317930.0,8.98,8.97,8.96,8.95,8.94,8.92,8.91,8.9,8.88,8.87,8.99,9.0,9.01,9.02,9.03,9.04,9.05,9.06,9.07,9.08,36200,7900,39400,8300,6300,4600,12300,17300,21200,3000,400,20600,5400,100,2700,27200,11700,5500,7700,7400
373.0,8.99,920200,8317930.0,8.98,8.97,8.96,8.95,8.94,8.92,8.91,8.9,8.88,8.87,8.99,9.0,9.01,9.02,9.03,9.04,9.05,9.06,9.07,9.08,36200,7900,39400,8300,6300,4600,12300,17300,21200,3000,400,20600,5400,100,2700,27200,11700,5500,7700,7400
374.0,8.98,956400,8643006.0,8.97,8.96,8.95,8.94,8.92,8.91,8.9,8.88,8.87,8.86,8.98,8.99,9.0,9.01,9.03,9.04,9.05,9.06,9.07,9.08,6500,39400,8300,6300,4600,12300,17300,21200,3000,2900,13800,500,20500,5400,2700,27200,11700,5500,7700,7400
375.0,8.98,958600,8662762.0,8.97,8.96,8.95,8.94,8.92,8.91,8.9,8.88,8.87,8.86,8.98,8.99,9.0,9.01,9.03,9.04,9.05,9.06,9.07,9.08,6500,39400,11000,6300,4600,12300,17300,21200,3000,2900,11600,100,20500,5400,2700,27200,11700,5500,7700,7400
376.0,8.98,962500,8697784.0,8.97,8.96,8.95,8.94,8.92,8.91,8.9,8.88,8.87,8.86,8.98,8.99,9.0,9.01,9.03,9.04,9.05,9.06,9.07,9.08,6500,39400,11000,6300,4600,12300,17300,21200,3000,2900,7700,1000,20500,5400,2700,27200,11700,5500,7700,7400
377.0,9.0,971500,8778618.0,8.99,8.98,8.97,8.96,8.95,8.94,8.92,8.91,8.9,8.88,9.0,9.01,9.03,9.04,9.05,9.06,9.07,9.08,9.09,9.1,2000,13400,6500,39400,11000,6300,4600,12300,17300,21200,20200,5400,2700,27200,11700,5500,7700,7400,3900,7200
378.0,8.99,972700,8789417.0,8.99,8.98,8.97,8.96,8.95,8.94,8.92,8.91,8.9,8.88,9.0,9.01,9.03,9.04,9.05,9.06,9.07,9.08,9.09,9.1,3300,16000,6900,39400,11000,6300,4600,12300,17300,21200,19100,5400,2700,27200,11700,5500,7700,7400,3900,7200
379.0,9.0,979000,8846117.0,8.99,8.98,8.97,8.96,8.95,8.94,8.92,8.91,8.9,8.88,9.0,9.01,9.03,9.04,9.05,9.06,9.07,9.08,9.09,9.1,6300,26000,6900,39400,11000,6300,4600,12300,17300,21200,12800,5400,2700,27200,11700,5500,7700,7400,3900,7200
380.0,9.0,984500,8895584.0,8.99,8.98,8.97,8.96,8.95,8.94,8.92,8.91,8.9,8.88,9.0,9.01,9.03,9.04,9.05,9.06,9.07,9.08,9.09,9.1,3000,26000,6900,39500,11000,6300,4600,12300,17300,21200,10700,5400,2700,12000,11700,5500,7700,7400,3900,7200
381.0,8.99,987400,8921655.0,8.99,8.98,8.97,8.96,8.95,8.94,8.92,8.91,8.9,8.88,9.0,9.01,9.03,9.04,9.05,9.06,9.07,9.08,9.09,9.1,100,26000,6900,39500,11000,6300,4600,12300,17300,21200,10700,5400,2100,12000,11700,5500,7700,7400,3900,7200
382.0,9.0,988400,8930655.0,8.99,8.98,8.97,8.96,8.95,8.94,8.92,8.91,8.9,8.88,9.0,9.01,9.03,9.04,9.05,9.06,9.07,9.08,9.09,9.1,100,26000,6900,39500,11000,6300,4600,12300,17300,21200,9700,5400,2100,12000,11700,5500,7700,7400,3900,7200
383.0,8.98,989500,8940540.0,8.99,8.98,8.97,8.96,8.95,8.94,8.92,8.91,8.9,8.88,9.0,9.01,9.03,9.04,9.05,9.06,9.07,9.08,9.09,9.1,900,25800,6900,39500,11000,6300,4600,12800,17300,21200,9700,5900,2100,14000,11700,5500,7700,7400,3900,7200
384.0,8.99,990100,8945934.0,8.99,8.98,8.97,8.96,8.95,8.94,8.92,8.91,8.9,8.88,9.0,9.01,9.03,9.04,9.05,9.06,9.07,9.08,9.09,9.1,300,25800,7300,39500,11000,6300,4600,12800,17300,21200,9700,5900,2100,14000,11700,5500,7700,7400,3900,7200
385.0,9.0,991000,8954034.0,8.99,8.98,8.97,8.96,8.95,8.94,8.92,8.91,8.9,8.88,9.0,9.01,9.03,9.04,9.05,9.06,9.07,9.08,9.09,9.1,300,25800,7300,39500,11000,6300,4600,12800,17300,21200,8800,5900,2100,14000,11700,11900,7700,7400,3900,7200
386.0,8.99,991200,8955832.0,8.99,8.98,8.97,8.96,8.95,8.94,8.92,8.91,8.9,8.88,9.0,9.01,9.03,9.04,9.05,9.06,9.07,9.08,9.09,9.1,700,24200,7300,39500,11000,6300,4600,12800,17300,21200,8900,5900,2100,14000,11700,11900,7700,7400,3900,7200
387.0,8.99,992400,8966628.0,8.99,8.98,8.97,8.96,8.95,8.94,8.92,8.91,8.9,8.88,9.0,9.01,9.03,9.04,9.05,9.06,9.07,9.08,9.09,9.1,300,24200,7700,39500,11000,6300,4600,12800,17300,21200,8100,5900,2100,14000,11700,11900,7700,7400,3900,7200
388.0,8.99,992400,8966628.0,8.99,8.98,8.97,8.96,8.95,8.94,8.92,8.91,8.9,8.88,9.0,9.01,9.03,9.04,9.05,9.06,9.07,9.08,9.09,9.1,300,24200,7800,39500,11000,6300,4600,12800,17300,21200,15400,5900,2100,14000,11700,11900,7700,7400,3900,7200
389.0,8.99,994100,8981922.0,8.98,8.97,8.96,8.95,8.94,8.92,8.91,8.9,8.88,8.87,8.99,9.0,9.01,9.03,9.04,9.05,9.06,9.07,9.08,9.09,24200,7400,39500,11000,6300,4600,12800,17300,21200,3000,14900,14400,5900,2100,14000,11700,11900,7700,7400,3900
390.0,8.99,996500,9003498.0,8.98,8.97,8.96,8.95,8.94,8.92,8.91,8.9,8.88,8.87,8.99,9.0,9.01,9.03,9.04,9.05,9.06,9.07,9.08,9.09,24200,7400,39500,11000,6300,4600,12800,17700,21200,3000,13000,14400,5900,2100,14000,11700,11900,7700,7400,3900
391.0,8.99,997100,9008892.0,8.98,8.97,8.96,8.95,8.94,8.92,8.91,8.9,8.88,8.87,8.99,9.0,9.01,9.03,9.04,9.05,9.06,9.07,9.08,9.09,24200,7400,39500,11000,6300,4600,12800,17700,21200,3000,12400,14400,5900,2100,14000,11700,11900,7700,7400,3900
392.0,8.99,998200,9018781.0,8.98,8.97,8.96,8.95,8.94,8.92,8.91,8.9,8.88,8.87,8.99,9.0,9.01,9.03,9.04,9.05,9.06,9.07,9.08,9.09,23900,7400,39500,11000,6300,4600,12800,17700,21200,3000,11300,17000,500,2100,14000,11700,11900,7700,7400,3900
393.0,8.99,998700,9023276.0,8.98,8.97,8.96,8.95,8.94,8.92,8.91,8.9,8.88,8.87,8.99,9.0,9.01,9.03,9.04,9.05,9.06,9.07,9.08,9.09,23900,7400,39500,11000,6300,4600,12800,17700,21200,3000,10800,17000,500,2100,14000,11700,11900,7700,7400,3900
394.0,8.99,1009800,9123065.0,8.99,8.98,8.97,8.96,8.95,8.94,8.92,8.91,8.9,8.88,9.0,9.01,9.03,9.04,9.05,9.06,9.07,9.08,9.09,9.1,1500,23900,7400,39500,12000,6300,4600,12800,17700,21200,17100,500,2100,14000,11700,11900,7700,7400,3900,7200
395.0,8.99,1012500,9147360.0,8.99,8.98,8.97,8.96,8.95,8.94,8.92,8.91,8.9,8.88,9.0,9.01,9.03,9.04,9.05,9.06,9.07,9.08,9.09,9.1,1000,23900,7400,39500,12000,6300,4600,12800,17700,21200,14900,500,2100,14000,11700,11900,7700,7400,3900,7200
396.0,8.99,1012500,9147360.0,8.99,8.98,8.97,8.96,8.95,8.94,8.92,8.91,8.9,8.88,9.0,9.03,9.04,9.05,9.06,9.07,9.08,9.09,9.1,9.11,1000,23900,7500,39500,12000,6300,4600,12800,17700,21200,14900,2100,14000,11700,11900,7700,7400,3900,7200,4600
397.0,8.98,1037900,9375472.0,8.97,8.96,8.95,8.94,8.92,8.91,8.9,8.88,8.87,8.86,8.98,9.0,9.03,9.04,9.05,9.06,9.07,9.08,9.09,9.1,6700,39500,12000,6300,4600,12800,17900,21200,3000,2900,5100,14400,2100,14000,11700,11900,7700,7400,3900,7200
398.0,8.98,1044600,9435581.0,8.97,8.96,8.95,8.94,8.92,8.91,8.9,8.88,8.87,8.86,8.98,8.99,9.0,9.03,9.04,9.05,9.06,9.07,9.08,9.09,1000,39500,12000,6300,4600,12800,17900,21200,3000,2900,5100,600,14400,2100,14000,11700,11900,7700,7400,3900
399.0,8.98,1046600,9453541.0,8.97,8.96,8.95,8.94,8.92,8.91,8.9,8.88,8.87,8.86,8.98,8.99,9.0,9.03,9.04,9.05,9.06,9.07,9.08,9.09,1000,39500,12500,6300,4600,12800,17900,21200,3000,2900,3200,600,14300,2100,14000,11700,11900,7700,7400,3900
400.0,8.98,1046800,9455337.0,8.97,8.96,8.95,8.94,8.92,8.91,8.9,8.88,8.87,8.86,8.98,8.99,9.0,9.03,9.04,9.05,9.06,9.07,9.08,9.09,1000,39500,12500,6300,4600,12800,17900,21200,3000,2900,3000,600,14300,2100,14000,11700,11900,7700,7400,3900
401.0,8.98,1049400,9478685.0,8.97,8.96,8.95,8.94,8.92,8.91,8.9,8.88,8.87,8.86,8.98,8.99,9.0,9.03,9.04,9.05,9.06,9.07,9.08,9.09,1000,39500,12500,6300,4600,12800,17900,21200,3000,2900,400,4300,14300,2100,14000,11700,11900,7700,7400,3900
402.0,8.98,1049400,9478685.0,8.97,8.96,8.95,8.94,8.92,8.91,8.9,8.88,8.87,8.86,8.98,8.99,9.0,9.03,9.04,9.05,9.06,9.07,9.08,9.09,3000,39500,12500,6300,4600,12800,18400,21200,3000,2900,400,4300,14300,2100,14000,11700,11900,7700,7400,3900
403.0,8.98,1051900,9501114.0,8.98,8.97,8.96,8.95,8.94,8.92,8.91,8.9,8.88,8.87,8.99,9.0,9.03,9.04,9.05,9.06,9.07,9.08,9.09,9.1,100,1100,39500,12500,6300,4600,12800,18400,21200,3000,4300,14300,2100,14000,11700,11900,7700,7400,3900,7200
404.0,8.98,1052000,9502012.0,8.97,8.96,8.95,8.94,8.92,8.91,8.9,8.88,8.87,8.86,8.99,9.0,9.03,9.04,9.05,9.06,9.07,9.08,9.09,9.1,2100,39500,12500,6300,4600,12800,18400,21200,3000,2900,4300,14300,2100,14000,11700,11900,7700,7400,3900,7200
405.0,8.99,1052400,9505608.0,8.97,8.96,8.95,8.94,8.92,8.91,8.9,8.88,8.87,8.86,8.99,9.0,9.03,9.04,9.05,9.06,9.07,9.08,9.09,9.1,7000,39500,12500,6300,4600,12800,18400,21200,3000,2900,8800,14300,2100,14000,11700,11900,7700,7400,3800,7200
406.0,8.99,1052400,9505608.0,8.98,8.97,8.96,8.95,8.94,8.92,8.91,8.9,8.88,8.87,8.99,9.0,9.03,9.04,9.05,9.06,9.07,9.08,9.09,9.1,2200,8700,39500,12500,6300,4600,12800,18400,21200,3000,10500,14300,2100,14000,11700,11900,7700,7400,3800,7200
407.0,8.97,1063200,9602506.0,8.98,8.97,8.96,8.95,8.94,8.92,8.91,8.9,8.88,8.87,8.99,9.0,9.03,9.04,9.05,9.06,9.07,9.08,9.09,9.1,10000,400,40600,12500,6300,4600,12800,18400,21200,3000,10900,14300,900,14000,11700,11900,7700,7400,3800,7200
408.0,8.98,1076400,9721014.0,8.97,8.96,8.95,8.94,8.92,8.91,8.9,8.88,8.87,8.86,8.98,8.99,9.0,9.03,9.04,9.05,9.06,9.07,9.08,9.09,200,38100,12500,6300,4600,12800,18400,21200,3000,2900,100,9900,14300,900,13600,11700,11900,7700,7400,3800
409.0,8.98,1076400,9721014.0,8.97,8.96,8.95,8.94,8.92,8.91,8.9,8.88,8.87,8.86,8.98,8.99,9.0,9.03,9.04,9.05,9.06,9.07,9.08,9.09,11500,38100,12500,6300,4600,12800,18400,21200,3000,2900,100,9800,14300,900,13600,11700,12900,7700,7400,3800
410.0,8.97,1078400,9738954.0,8.97,8.96,8.95,8.94,8.92,8.91,8.9,8.88,8.87,8.86,8.98,8.99,9.0,9.03,9.04,9.05,9.06,9.07,9.08,9.09,9500,38100,12500,6300,4600,12800,18400,21200,3000,2900,100,9800,14300,900,13100,11700,12900,7700,7400,3800
411.0,8.98,1079500,9748832.0,8.97,8.96,8.95,8.94,8.93,8.92,8.91,8.9,8.88,8.87,8.99,9.0,9.03,9.04,9.05,9.06,9.07,9.08,9.09,9.1,22200,38100,12500,6300,3000,4600,12800,18400,21200,3000,9800,14300,900,13100,11700,12900,7700,7400,3800,7200
412.0,8.97,1081700,9768566.0,8.98,8.97,8.96,8.95,8.94,8.93,8.92,8.91,8.9,8.88,8.99,9.0,9.03,9.04,9.05,9.06,9.07,9.08,9.09,9.1,10000,24000,38100,12500,6300,3000,4600,12800,18400,21200,12500,14300,900,14300,11700,12900,7700,7400,3800,7200
413.0,8.99,1083900,9788344.0,8.98,8.97,8.96,8.95,8.94,8.93,8.92,8.91,8.9,8.88,8.99,9.0,9.03,9.04,9.05,9.06,9.07,9.08,9.09,9.1,10300,28100,38100,12500,6300,3000,4800,12800,18400,21200,10300,14300,900,14300,11700,12900,7700,7400,3800,7200
414.0,8.98,1085400,9801824.0,8.98,8.97,8.96,8.95,8.94,8.93,8.92,8.91,8.9,8.88,8.99,9.0,9.03,9.04,9.05,9.06,9.07,9.08,9.09,9.1,9800,28100,38100,12500,6300,3000,4800,12800,18400,21200,11300,14300,900,15300,11700,12900,7700,7400,3800,7200
415.0,8.98,1086400,9810804.0,8.98,8.97,8.96,8.95,8.94,8.93,8.92,8.91,8.9,8.88,8.99,9.0,9.03,9.04,9.05,9.06,9.07,9.08,9.09,9.1,8900,28600,38400,12500,6300,3000,4800,12800,18400,21200,11300,14300,900,15300,11700,12900,7700,7400,3800,7200
416.0,8.98,1086500,9811702.0,8.98,8.97,8.96,8.95,8.94,8.93,8.92,8.91,8.9,8.88,8.99,9.0,9.03,9.04,9.05,9.06,9.07,9.08,9.09,9.1,9800,29600,38400,12500,6300,3000,4800,12800,18400,21200,11400,14300,900,15300,11700,12900,7700,7400,3800,7200
417.0,8.99,1087600,9821591.0,8.98,8.97,8.96,8.95,8.94,8.93,8.92,8.91,8.9,8.88,8.99,9.0,9.03,9.04,9.05,9.06,9.07,9.08,9.09,9.1,9800,29600,38400,12500,6300,3000,4800,12800,18400,21200,10300,14300,900,15300,11700,13000,7700,7400,3800,7200
418.0,8.98,1090600,9848548.0,8.98,8.97,8.96,8.95,8.94,8.93,8.92,8.91,8.9,8.88,8.99,9.0,9.03,9.04,9.05,9.06,9.07,9.08,9.09,9.1,8600,29600,37300,12500,6300,3000,4800,12800,18400,21200,8700,14300,900,15300,11700,13000,7700,7400,3800,7200
419.0,8.98,1099100,9924878.0,8.97,8.96,8.95,8.94,8.93,8.92,8.91,8.9,8.88,8.87,8.99,9.0,9.03,9.04,9.05,9.06,9.07,9.08,9.09,9.1,29600,37300,12500,6300,3000,4800,12800,18400,21200,3000,11300,19700,900,15300,11700,13000,7700,7400,3800,7200
420.0,8.97,1112700,10046870.0,8.97,8.96,8.95,8.94,8.93,8.92,8.91,8.9,8.88,8.87,8.98,8.99,9.0,9.03,9.04,9.05,9.06,9.07,9.08,9.09,17800,37500,12500,6300,3000,4800,12800,18400,21200,3000,300,13100,19200,900,15300,11700,13000,7600,7400,3800
421.0,8.97,1112900,10048664.0,8.97,8.96,8.95,8.94,8.93,8.92,8.91,8.9,8.88,8.87,8.98,8.99,9.0,9.03,9.04,9.05,9.06,9.07,9.08,9.09,17600,37500,12500,6300,3000,4800,12800,19400,21200,3000,400,13400,19200,900,15300,11700,13000,7600,7400,3800
422.0,8.97,1119300,10106072.0,8.97,8.96,8.95,8.94,8.93,8.92,8.91,8.9,8.88,8.87,8.98,8.99,9.0,9.03,9.04,9.05,9.06,9.07,9.08,9.09,11300,37500,13400,6300,3000,4800,12900,19400,21200,3000,400,13400,19200,5900,14100,11700,13000,7600,7400,3800
423.0,8.97,1119300,10106072.0,8.97,8.96,8.95,8.94,8.93,8.92,8.91,8.9,8.88,8.87,8.98,8.99,9.0,9.03,9.04,9.05,9.06,9.07,9.08,9.09,14200,37500,13400,6300,3000,4800,12900,19400,21200,3000,400,13300,19200,5900,14100,11700,13000,7600,7400,3800
424.0,8.97,1129300,10195773.0,8.97,8.96,8.95,8.94,8.93,8.92,8.91,8.9,8.88,8.87,8.98,8.99,9.0,9.03,9.04,9.05,9.06,9.07,9.08,9.09,4300,39000,13600,6300,3000,4800,12900,19400,21200,3000,1300,14500,19200,5900,14100,11700,13000,7600,7400,3800
