LocalTime,LastPrice,TradeVolume,TradeValue,BidPrice1,BidPrice2,BidPrice3,BidPrice4,BidPrice5,BidPrice6,BidPrice7,BidPrice8,BidPrice9,BidPriceA,AskPrice1,AskPrice2,AskPrice3,AskPrice4,AskPrice5,AskPrice6,AskPrice7,AskPrice8,AskPrice9,AskPriceA,BidVolume1,BidVolume2,BidVolume3,BidVolume4,BidVolume5,BidVolume6,BidVolume7,BidVolume8,BidVolume9,BidVolumeA,AskVolume1,AskVolume2,AskVolume3,AskVolume4,AskVolume5,AskVolume6,AskVolume7,AskVolume8,AskVolume9,AskVolumeA
0.0,9.25,7200,66600.0,9.24,9.21,9.17,9.15,9.14,9.1,9.09,9.06,9.02,9.01,9.25,9.31,9.33,9.35,9.36,9.4,9.42,9.43,9.44,9.45,600,10100,300,3500,500,4300,100,100,1100,6000,2400,4200,3500,6500,1200,400,200,2000,500,2000
1.0,9.25,9700,89725.0,9.24,9.21,9.18,9.17,9.15,9.14,9.1,9.09,9.06,9.02,9.25,9.31,9.33,9.35,9.36,9.4,9.42,9.43,9.44,9.45,1300,10600,1800,300,3500,500,4300,100,100,1100,9900,4200,3500,6500,1200,400,200,2000,500,2000
2.0,9.24,10400,96199.0,9.24,9.21,9.18,9.17,9.15,9.14,9.1,9.09,9.06,9.02,9.25,9.31,9.33,9.35,9.36,9.4,9.42,9.43,9.44,9.45,1200,10600,1800,300,3500,10500,4300,100,15100,1100,11500,4200,3500,6500,1200,400,200,2000,500,2000
3.0,9.21,13300,122944.0,9.21,9.18,9.17,9.15,9.14,9.1,9.09,9.06,9.02,9.01,9.24,9.25,9.31,9.33,9.35,9.36,9.4,9.42,9.43,9.44,8900,1800,300,3500,10500,4300,100,15100,1100,6000,3500,19000,4200,3500,6500,1200,400,200,2000,500
4.0,9.24,15100,139576.0,9.21,9.18,9.17,9.15,9.14,9.1,9.09,9.06,9.02,9.01,9.24,9.25,9.31,9.33,9.35,9.36,9.4,9.42,9.43,9.44,8900,1800,300,3500,10500,4300,100,15100,1100,6000,17800,19900,1500,3500,6500,1200,400,200,2000,500
5.0,9.24,15800,146044.0,9.21,9.18,9.17,9.15,9.14,9.1,9.09,9.06,9.05,9.02,9.24,9.25,9.31,9.33,9.35,9.36,9.4,9.42,9.43,9.44,8900,1800,300,3500,10500,4300,100,15100,2100,1500,18100,19900,1500,3500,6500,1200,400,200,2000,500
6.0,9.24,17200,158980.0,9.21,9.18,9.17,9.15,9.14,9.1,9.09,9.06,9.05,9.02,9.24,9.25,9.31,9.33,9.35,9.36,9.4,9.42,9.43,9.44,8900,1800,300,9000,10500,4300,100,15100,2100,1500,16700,19900,1500,3500,6500,1200,400,200,2000,500
7.0,9.24,28700,265240.0,9.22,9.21,9.18,9.17,9.15,9.14,9.1,9.09,9.07,9.06,9.24,9.25,9.31,9.33,9.35,9.36,9.4,9.42,9.43,9.44,9000,8900,1800,300,9000,10500,4300,100,500,15100,5200,19900,1500,3500,6500,1200,400,200,2000,500
8.0,9.22,29000,268006.0,9.22,9.21,9.18,9.17,9.16,9.15,9.14,9.11,9.1,9.09,9.24,9.25,9.3,9.31,9.33,9.35,9.36,9.4,9.42,9.43,8700,8900,1800,300,4200,9000,10500,500,4300,100,5200,19900,800,1500,3500,12800,3500,400,200,2000
9.0,9.24,33400,308662.0,9.22,9.21,9.18,9.17,9.16,9.15,9.14,9.11,9.1,9.09,9.24,9.25,9.3,9.31,9.33,9.35,9.36,9.4,9.42,9.43,10600,8900,1800,300,4200,9000,11000,500,4300,100,1000,19900,800,1500,5500,12800,3500,400,200,2000
10.0,9.24,33900,313280.0,9.22,9.21,9.18,9.17,9.16,9.15,9.14,9.11,9.1,9.09,9.24,9.25,9.3,9.31,9.33,9.35,9.36,9.4,9.42,9.43,13500,8900,1800,300,4200,9000,11000,500,4300,100,600,20000,800,1500,5500,12800,3500,400,200,2000
11.0,9.25,37500,346574.0,9.24,9.23,9.22,9.21,9.18,9.17,9.16,9.15,9.14,9.11,9.25,9.3,9.31,9.33,9.35,9.36,9.4,9.42,9.43,9.44,15500,800,5200,8900,1800,300,4200,9000,11000,500,17000,800,1500,5500,12800,3500,400,200,2000,500
12.0,9.24,44400,410330.0,9.24,9.23,9.22,9.21,9.18,9.17,9.16,9.15,9.14,9.11,9.25,9.3,9.31,9.33,9.35,9.36,9.4,9.42,9.43,9.44,9600,900,5200,8900,1800,300,4200,9000,11000,500,17000,800,1500,5500,12800,3500,400,200,2000,500
13.0,9.25,61400,567580.0,9.27,9.25,9.24,9.23,9.22,9.21,9.18,9.17,9.16,9.15,9.3,9.31,9.33,9.35,9.36,9.4,9.42,9.43,9.44,9.45,11600,13500,9900,800,5000,8900,1800,300,4200,9000,800,1600,5600,12800,3500,400,200,2000,500,2000
14.0,9.27,61800,571294.0,9.27,9.25,9.24,9.23,9.22,9.21,9.18,9.17,9.16,9.15,9.3,9.31,9.33,9.35,9.36,9.4,9.42,9.43,9.44,9.45,11600,25400,3600,800,5000,8900,1800,300,4200,9000,600,1600,5600,12800,3500,400,200,2000,500,2000
15.0,9.31,63600,588034.0,9.3,9.28,9.27,9.25,9.24,9.23,9.22,9.21,9.18,9.17,9.31,9.33,9.35,9.36,9.4,9.42,9.43,9.44,9.45,9.46,1900,900,1600,17200,3200,200,5000,8900,1800,300,800,5600,12800,3500,400,200,2000,500,2000,2700
16.0,9.31,64400,595482.0,9.31,9.3,9.28,9.27,9.25,9.24,9.23,9.22,9.21,9.18,9.33,9.35,9.36,9.4,9.42,9.43,9.44,9.45,9.46,9.47,900,1900,900,1600,17200,3200,100,5000,8900,1800,5600,12800,3500,400,200,2000,500,2000,2700,100
17.0,9.31,65300,603861.0,9.3,9.28,9.27,9.25,9.24,9.23,9.22,9.21,9.18,9.17,9.31,9.33,9.35,9.36,9.4,9.42,9.43,9.44,9.45,9.46,1900,900,1600,17200,3200,100,5000,8900,1800,300,2500,5600,12800,3500,400,200,2000,500,2000,2700
18.0,9.31,65300,603861.0,9.3,9.28,9.27,9.25,9.24,9.23,9.22,9.21,9.18,9.17,9.31,9.33,9.35,9.36,9.4,9.42,9.43,9.44,9.45,9.46,1800,900,1600,17200,3200,100,5000,8900,1800,300,2500,5600,12800,3500,400,200,2000,500,2000,2700
19.0,9.3,66600,615952.0,9.3,9.28,9.27,9.25,9.24,9.22,9.21,9.18,9.17,9.16,9.31,9.33,9.35,9.36,9.4,9.42,9.43,9.44,9.45,9.46,100,1600,1600,17100,3200,5000,8900,1800,300,4200,2400,5600,12800,3500,400,200,2000,500,2000,2700
20.0,9.3,67600,625252.0,9.28,9.27,9.25,9.24,9.22,9.21,9.18,9.17,9.16,9.15,9.3,9.31,9.33,9.35,9.36,9.4,9.42,9.43,9.44,9.45,3300,200,17100,3200,5000,8900,1800,300,4200,9000,900,300,5600,12800,3500,400,200,2000,500,2000
21.0,9.3,67600,625252.0,9.28,9.27,9.25,9.24,9.22,9.21,9.18,9.17,9.16,9.15,9.3,9.31,9.33,9.35,9.36,9.4,9.42,9.43,9.44,9.45,3300,200,15600,3200,5000,8900,1800,300,4200,9000,900,300,5600,12800,3500,400,200,2000,500,2000
22.0,9.3,67800,627112.0,9.28,9.27,9.25,9.24,9.22,9.21,9.18,9.17,9.16,9.15,9.3,9.31,9.33,9.35,9.36,9.4,9.42,9.43,9.44,9.45,3300,200,13600,3200,5000,8900,1800,300,4200,9000,700,300,5600,12800,3500,400,200,2000,500,2000
23.0,9.3,67800,627112.0,9.29,9.28,9.27,9.25,9.24,9.22,9.21,9.18,9.17,9.16,9.33,9.35,9.36,9.4,9.42,9.43,9.44,9.45,9.46,9.47,1800,1600,200,11900,3200,5000,8900,1800,300,4200,5600,12800,3500,400,200,2000,500,2000,2700,100
24.0,9.3,67800,627112.0,9.3,9.29,9.28,9.27,9.25,9.24,9.22,9.21,9.18,9.17,9.33,9.35,9.36,9.4,9.42,9.43,9.44,9.45,9.46,9.47,200,1800,1600,200,11900,3200,5000,8900,1800,300,5600,12800,3500,400,200,2000,500,2000,2700,100
25.0,9.3,67800,627112.0,9.3,9.29,9.28,9.27,9.25,9.24,9.22,9.21,9.18,9.17,9.33,9.35,9.36,9.4,9.42,9.43,9.44,9.45,9.46,9.47,200,1800,1600,200,11900,3200,5000,8900,1800,300,5600,12800,3500,400,200,2000,500,2000,2700,100
26.0,9.3,69700,644782.0,9.3,9.29,9.28,9.27,9.25,9.24,9.22,9.21,9.18,9.17,9.33,9.35,9.36,9.4,9.42,9.43,9.44,9.45,9.46,9.47,5300,1800,1600,200,11900,3200,5000,8900,1800,300,5600,12800,3500,400,200,2000,500,2000,2700,100
27.0,9.3,69800,645712.0,9.3,9.29,9.28,9.27,9.25,9.24,9.22,9.21,9.18,9.17,9.33,9.35,9.36,9.4,9.42,9.43,9.44,9.45,9.46,9.47,5200,1800,1600,200,11900,3200,5000,8900,1800,300,5600,12800,3500,400,200,2000,500,2000,2700,100
28.0,9.33,69900,646645.0,9.31,9.3,9.29,9.28,9.27,9.25,9.24,9.22,9.21,9.18,9.33,9.35,9.36,9.4,9.42,9.43,9.44,9.45,9.46,9.47,100,5200,1800,1500,200,7400,3200,5000,8800,1800,5500,12800,3500,400,200,2000,500,2000,2700,100
29.0,9.33,69900,646645.0,9.31,9.3,9.29,9.28,9.27,9.25,9.24,9.22,9.21,9.18,9.33,9.35,9.36,9.4,9.42,9.43,9.44,9.45,9.46,9.47,100,5200,1800,1500,200,7400,3200,5000,8800,1800,5500,12800,3500,400,200,2000,500,2000,2700,100
30.0,9.33,69900,646645.0,9.31,9.3,9.29,9.28,9.27,9.25,9.24,9.22,9.21,9.18,9.33,9.35,9.36,9.4,9.42,9.43,9.44,9.45,9.46,9.47,100,5200,1800,1500,200,7400,3200,5000,8800,1800,5500,12800,3500,400,200,2000,500,2000,2700,100
31.0,9.33,69900,646645.0,9.31,9.3,9.29,9.28,9.27,9.25,9.24,9.22,9.21,9.18,9.33,9.35,9.36,9.4,9.42,9.43,9.44,9.45,9.46,9.47,100,5200,1800,1500,200,7400,3200,3200,8800,1800,5500,12800,3500,400,200,2000,500,2000,2700,100
32.0,9.33,71500,661573.0,9.31,9.3,9.29,9.28,9.27,9.25,9.24,9.22,9.21,9.18,9.33,9.35,9.36,9.4,9.42,9.43,9.44,9.45,9.46,9.47,100,5200,1800,1500,200,7400,3200,3200,8800,1800,3900,12800,3500,400,200,2000,500,2000,2700,100
33.0,9.31,73900,683963.0,9.3,9.29,9.28,9.27,9.25,9.24,9.22,9.21,9.18,9.17,9.33,9.35,9.36,9.4,9.42,9.43,9.44,9.45,9.46,9.47,5200,1800,1500,200,7400,3200,3200,8800,1800,300,1600,12800,3500,400,200,2000,500,2000,2700,100
34.0,9.35,77900,721331.0,9.34,9.31,9.3,9.29,9.28,9.27,9.25,9.24,9.22,9.21,9.35,9.36,9.4,9.42,9.43,9.44,9.45,9.46,9.47,9.48,1500,300,5200,1800,1500,200,7400,3200,3200,8800,10400,3500,400,200,2000,500,2000,2700,100,3200
35.0,9.34,82700,766163.0,9.32,9.31,9.3,9.28,9.27,9.25,9.24,9.22,9.21,9.18,9.34,9.35,9.36,9.4,9.42,9.43,9.44,9.45,9.46,9.47,1800,1000,5200,1500,200,900,3200,200,8800,1800,2700,10400,3500,400,200,2000,500,2000,2700,100
36.0,9.35,89900,833456.0,9.33,9.32,9.31,9.3,9.28,9.27,9.25,9.24,9.22,9.21,9.35,9.36,9.4,9.42,9.43,9.44,9.45,9.46,9.47,9.48,3700,1800,1000,5200,1500,200,200,3200,200,8800,5900,3500,400,200,2000,500,15700,2700,1300,3200
37.0,9.35,95300,883946.0,9.34,9.33,9.32,9.31,9.3,9.28,9.27,9.25,9.24,9.22,9.35,9.36,9.4,9.42,9.43,9.44,9.45,9.46,9.47,9.48,100,3700,1800,1000,5200,1500,200,200,2900,200,500,3500,400,200,2000,500,15700,2700,1300,3200
38.0,9.35,95300,883946.0,9.34,9.33,9.32,9.31,9.3,9.28,9.27,9.25,9.24,9.22,9.35,9.36,9.4,9.42,9.43,9.44,9.45,9.46,9.47,9.48,100,6200,1800,1000,5200,1500,200,200,2500,200,500,3500,400,200,2000,500,15700,2700,1300,3200
39.0,9.33,95800,888612.0,9.33,9.32,9.31,9.3,9.28,9.27,9.25,9.24,9.22,9.21,9.35,9.36,9.4,9.42,9.43,9.44,9.45,9.46,9.47,9.48,5800,1800,1000,5200,1500,200,200,2500,200,8800,500,3500,400,200,2000,500,15700,2700,1300,3200
40.0,9.33,96200,892344.0,9.33,9.32,9.31,9.3,9.28,9.27,9.25,9.24,9.22,9.21,9.34,9.35,9.36,9.4,9.42,9.43,9.44,9.45,9.46,9.47,5400,1800,1000,5200,1500,200,200,2500,200,8800,100,500,3500,400,200,2000,500,15700,2700,1300
41.0,9.34,96300,893278.0,9.33,9.32,9.31,9.3,9.28,9.27,9.25,9.24,9.22,9.21,9.35,9.36,9.4,9.42,9.43,9.44,9.45,9.46,9.47,9.48,5400,1800,1000,5200,1500,200,200,2400,200,8800,500,3500,400,200,2000,500,15700,2700,1300,3200
42.0,9.34,96300,893278.0,9.33,9.32,9.31,9.3,9.28,9.27,9.25,9.24,9.22,9.21,9.35,9.36,9.4,9.42,9.43,9.44,9.45,9.46,9.47,9.48,5400,1800,1000,5200,1500,200,200,2400,200,8800,2600,3500,400,200,2000,500,15700,2700,1300,3200
43.0,9.35,96800,897953.0,9.33,9.32,9.31,9.3,9.28,9.27,9.25,9.24,9.22,9.21,9.34,9.35,9.36,9.4,9.42,9.43,9.44,9.45,9.46,9.47,2500,1800,1000,5200,1500,200,200,2400,200,8800,300,2100,3500,400,200,2000,500,15700,2700,1300
44.0,9.33,97500,904484.0,9.33,9.32,9.31,9.3,9.28,9.27,9.25,9.24,9.22,9.21,9.34,9.35,9.36,9.4,9.42,9.43,9.44,9.45,9.46,9.47,1800,1800,1000,5200,1500,200,200,2400,200,8800,300,2100,3500,400,200,2000,500,15700,2700,1300
45.0,9.33,97900,908216.0,9.33,9.32,9.31,9.3,9.28,9.27,9.25,9.24,9.22,9.21,9.34,9.35,9.36,9.4,9.42,9.43,9.44,9.45,9.46,9.47,1400,1800,1000,5200,1500,200,200,2400,200,8800,1300,2100,3500,400,200,2000,500,15700,2700,1300
46.0,9.34,98500,913819.0,9.33,9.32,9.31,9.3,9.28,9.27,9.25,9.24,9.22,9.21,9.34,9.35,9.36,9.4,9.42,9.43,9.44,9.45,9.46,9.47,1300,1800,1000,5200,1500,200,200,2400,200,8800,800,4100,3500,400,200,2000,500,15700,2700,1300
47.0,9.33,98900,917551.0,9.33,9.32,9.31,9.3,9.28,9.27,9.25,9.24,9.22,9.21,9.34,9.35,9.36,9.4,9.42,9.43,9.44,9.45,9.46,9.47,1100,1800,1000,5200,1500,200,200,2400,200,8800,800,4100,3500,400,600,2000,500,15700,2700,1300
48.0,9.33,98900,917551.0,9.33,9.32,9.31,9.3,9.28,9.27,9.25,9.24,9.22,9.21,9.34,9.35,9.36,9.4,9.42,9.43,9.44,9.45,9.46,9.47,1100,1800,1000,5200,1500,200,200,2400,200,8800,800,4100,3500,400,600,2000,500,15700,2700,1300
49.0,9.33,98900,917551.0,9.33,9.32,9.31,9.3,9.28,9.27,9.24,9.22,9.21,9.18,9.34,9.35,9.36,9.4,9.42,9.43,9.44,9.45,9.46,9.47,1100,1800,1000,5200,1500,200,2400,200,8800,1800,800,4100,3500,400,600,2000,500,15700,2700,1300
50.0,9.33,99300,921283.0,9.33,9.32,9.31,9.3,9.28,9.27,9.24,9.22,9.21,9.18,9.34,9.35,9.36,9.4,9.42,9.43,9.44,9.45,9.46,9.47,700,1800,1000,5200,1500,200,2400,200,8800,1800,2300,4100,3500,400,600,2000,500,15700,2700,1300
51.0,9.32,100500,932474.0,9.32,9.31,9.3,9.28,9.27,9.24,9.22,9.21,9.18,9.17,9.34,9.35,9.36,9.4,9.42,9.43,9.44,9.45,9.46,9.47,1300,1000,5200,1500,200,2400,200,8800,1800,300,2300,4100,3500,400,600,2000,500,15700,2700,1300
52.0,9.32,100500,932474.0,9.32,9.31,9.3,9.28,9.27,9.24,9.22,9.21,9.18,9.17,9.34,9.35,9.36,9.4,9.42,9.43,9.44,9.45,9.46,9.47,1300,1000,5200,1500,200,2400,200,8800,1800,300,2300,4100,3500,400,600,2000,500,15700,2700,1300
53.0,9.32,101100,938076.0,9.32,9.31,9.3,9.28,9.27,9.24,9.22,9.21,9.18,9.17,9.33,9.34,9.35,9.36,9.4,9.42,9.43,9.44,9.45,9.46,1200,1000,5200,1500,200,2400,200,8800,1800,300,100,3300,4100,3500,400,600,2000,500,15700,2700
54.0,9.32,101100,938076.0,9.32,9.31,9.3,9.28,9.27,9.24,9.22,9.21,9.18,9.17,9.33,9.34,9.35,9.36,9.4,9.42,9.43,9.44,9.45,9.46,1200,1000,5200,1500,200,2400,200,8800,1800,300,200,3300,4100,3500,400,600,2000,500,15700,2700
55.0,9.32,101300,939940.0,9.32,9.31,9.3,9.28,9.27,9.24,9.22,9.21,9.18,9.17,9.33,9.34,9.35,9.36,9.4,9.42,9.43,9.44,9.45,9.46,1000,1000,5200,1500,200,2400,200,8800,1800,300,2300,3300,4100,3500,400,600,2000,500,15700,2700
56.0,9.33,101500,941806.0,9.32,9.31,9.3,9.28,9.27,9.24,9.22,9.21,9.18,9.17,9.33,9.34,9.35,9.36,9.4,9.42,9.43,9.44,9.45,9.46,2200,1000,5200,1500,200,2400,200,8800,1800,300,2300,3300,4100,3500,400,600,2000,500,15700,2700
57.0,9.33,101500,941806.0,9.32,9.31,9.3,9.28,9.27,9.24,9.22,9.21,9.18,9.17,9.33,9.34,9.35,9.36,9.4,9.42,9.43,9.44,9.45,9.46,2200,1000,5200,1500,200,2400,200,8800,1800,300,3300,13300,4100,3500,400,600,5000,500,15700,2700
58.0,9.33,102600,952068.0,9.32,9.31,9.3,9.28,9.27,9.24,9.22,9.21,9.18,9.17,9.33,9.34,9.35,9.36,9.4,9.42,9.43,9.44,9.45,9.46,2200,1000,5200,1500,200,2400,200,8800,1800,300,2300,13300,4100,3500,2100,600,5000,500,15700,2700
59.0,9.33,102800,953934.0,9.32,9.31,9.3,9.28,9.27,9.24,9.22,9.21,9.18,9.17,9.33,9.34,9.35,9.36,9.4,9.42,9.43,9.44,9.45,9.46,3500,1000,5200,1500,200,2400,200,8800,1800,300,3400,11800,4100,3500,2100,600,5000,500,15700,2700
60.0,9.33,105400,978187.0,9.32,9.31,9.3,9.28,9.27,9.24,9.22,9.21,9.18,9.17,9.33,9.34,9.35,9.36,9.4,9.42,9.43,9.44,9.45,9.46,3000,1000,5200,1500,200,2400,200,8800,1800,300,1300,11800,4100,3500,2400,600,5000,500,15700,2700
61.0,9.31,109100,1012666.0,9.31,9.3,9.28,9.27,9.24,9.22,9.21,9.18,9.17,9.16,9.33,9.34,9.35,9.36,9.4,9.42,9.43,9.44,9.45,9.46,400,5200,1500,200,2400,200,8800,1800,300,4200,1200,10300,4100,3500,2400,600,5000,500,15700,2700
62.0,9.31,109100,1012666.0,9.31,9.3,9.28,9.27,9.24,9.22,9.21,9.18,9.17,9.16,9.32,9.33,9.34,9.35,9.36,9.4,9.42,9.43,9.44,9.45,400,5200,1500,200,2400,100,8800,1800,300,4200,1400,1200,10300,4100,3500,3400,600,5000,500,15700
63.0,9.31,109100,1012666.0,9.31,9.3,9.28,9.27,9.24,9.22,9.21,9.18,9.17,9.16,9.32,9.33,9.34,9.35,9.36,9.4,9.42,9.43,9.44,9.45,400,10200,1500,200,2400,100,8800,1800,300,4200,1400,1200,10300,4100,3500,9600,600,5000,500,15700
64.0,9.31,109100,1012666.0,9.31,9.3,9.28,9.27,9.24,9.22,9.21,9.18,9.17,9.16,9.32,9.33,9.34,9.35,9.36,9.4,9.42,9.43,9.44,9.45,400,10200,1500,200,2400,100,8800,1800,300,4200,1400,1200,10300,4100,3500,9600,600,5000,500,15700
65.0,9.31,109100,1012666.0,9.31,9.3,9.28,9.27,9.24,9.22,9.21,9.18,9.17,9.16,9.32,9.33,9.34,9.35,9.36,9.4,9.42,9.43,9.44,9.45,400,10200,4700,200,2200,100,8800,1800,300,4200,2900,1200,10300,4100,3500,9600,600,5000,500,15700
66.0,9.31,109100,1012666.0,9.31,9.3,9.28,9.27,9.24,9.22,9.21,9.18,9.17,9.16,9.32,9.33,9.34,9.35,9.36,9.4,9.42,9.43,9.44,9.45,400,10200,4700,200,2200,100,8800,1800,300,4200,2900,1200,10300,4100,3500,9600,600,5000,500,15700
67.0,9.32,111100,1031306.0,9.3,9.28,9.27,9.24,9.22,9.21,9.18,9.17,9.16,9.15,9.32,9.33,9.34,9.35,9.36,9.4,9.42,9.43,9.44,9.45,10200,4700,200,2200,100,8800,1800,300,4200,6000,5700,1200,10300,4100,3500,9600,600,5000,500,15700
68.0,9.32,113100,1049946.0,9.31,9.3,9.28,9.27,9.24,9.22,9.21,9.18,9.17,9.16,9.32,9.33,9.34,9.35,9.36,9.4,9.42,9.43,9.44,9.45,1400,10200,4700,200,2000,100,8800,1800,300,4200,6000,1200,10300,4100,3500,7900,600,5000,500,15700
69.0,9.32,114100,1059265.0,9.31,9.3,9.28,9.27,9.24,9.22,9.21,9.18,9.17,9.15,9.32,9.33,9.34,9.35,9.36,9.4,9.42,9.43,9.44,9.45,1300,10200,4700,200,2000,100,8800,1800,300,6000,5100,1200,10300,4100,3500,7900,600,5000,500,15700
70.0,9.34,120700,1120795.0,9.33,9.32,9.31,9.3,9.28,9.27,9.24,9.22,9.21,9.18,9.34,9.35,9.36,9.4,9.42,9.43,9.44,9.45,9.46,9.47,1600,9400,2900,10200,4700,6300,1800,100,8800,1800,10000,5100,3500,7900,600,5000,500,15700,2700,1300
71.0,9.34,125600,1166561.0,9.33,9.32,9.31,9.3,9.28,9.27,9.24,9.22,9.21,9.18,9.34,9.35,9.36,9.4,9.42,9.43,9.44,9.45,9.46,9.47,1700,19400,2900,10200,4700,6300,1700,100,8800,1800,5100,5100,3500,7900,600,5000,500,15700,2700,1300
72.0,9.34,127500,1184306.0,9.33,9.32,9.31,9.3,9.28,9.27,9.24,9.22,9.21,9.18,9.34,9.35,9.36,9.4,9.42,9.43,9.44,9.45,9.46,9.47,1600,21400,3200,10200,4700,6300,1100,100,8800,1800,3300,5100,3500,7900,600,5000,500,15700,2700,1300
73.0,9.34,127700,1186174.0,9.33,9.32,9.31,9.3,9.28,9.27,9.24,9.22,9.21,9.18,9.34,9.35,9.36,9.4,9.42,9.43,9.44,9.45,9.46,9.47,1600,24800,3200,10200,4700,6300,1100,100,8800,1800,3100,5100,3500,7900,600,5000,500,15700,2700,1300
74.0,9.34,130900,1216061.0,9.34,9.33,9.32,9.31,9.3,9.28,9.27,9.24,9.22,9.21,9.35,9.36,9.4,9.42,9.43,9.44,9.45,9.46,9.47,9.48,1700,2000,22600,3500,10200,4700,6300,1100,100,8800,5100,3500,7900,600,5000,500,15700,2700,1300,3200
75.0,9.32,139100,1292551.0,9.32,9.31,9.3,9.28,9.27,9.24,9.22,9.21,9.18,9.17,9.34,9.35,9.36,9.4,9.42,9.43,9.44,9.45,9.46,9.47,18500,3500,10200,4700,6100,300,100,8800,1800,300,2400,4700,3500,7900,600,5000,500,15700,2700,1300
76.0,9.34,142700,1326155.0,9.32,9.31,9.3,9.28,9.27,9.24,9.22,9.21,9.18,9.17,9.34,9.35,9.36,9.4,9.42,9.43,9.44,9.45,9.46,9.47,14900,2900,10200,4700,6100,300,100,8800,1800,300,400,4700,3500,7900,600,5000,2700,15700,2700,1300
77.0,9.32,147000,1366287.0,9.32,9.31,9.3,9.28,9.27,9.24,9.22,9.21,9.18,9.17,9.35,9.36,9.4,9.42,9.43,9.44,9.45,9.46,9.47,9.48,11000,2900,10200,4700,6100,300,100,8800,1800,300,4600,3500,7900,600,5000,2700,15700,2700,1300,3200
78.0,9.32,148900,1383995.0,9.32,9.31,9.3,9.28,9.27,9.24,9.22,9.21,9.18,9.17,9.33,9.35,9.36,9.4,9.42,9.43,9.44,9.45,9.46,9.47,9200,2900,10200,4700,6100,300,100,8800,1800,300,1000,4600,3500,7900,600,5000,2700,15700,2700,1300
79.0,9.33,150800,1401713.0,9.33,9.32,9.31,9.3,9.28,9.27,9.24,9.22,9.21,9.18,9.35,9.36,9.4,9.42,9.43,9.44,9.45,9.46,9.47,9.48,800,8300,2900,10200,4700,6100,300,100,8800,1800,4600,3500,7900,600,5000,2700,15700,2700,1300,3200
80.0,9.33,151600,1409177.0,9.32,9.31,9.3,9.28,9.27,9.24,9.22,9.21,9.18,9.17,9.33,9.35,9.36,9.4,9.42,9.43,9.44,9.45,9.46,9.47,7400,2900,10200,4700,6100,400,100,8800,1800,300,200,4600,3500,7900,600,5000,2700,15700,2700,1300
81.0,9.33,151600,1409177.0,9.32,9.31,9.3,9.28,9.27,9.24,9.22,9.21,9.18,9.17,9.33,9.34,9.35,9.36,9.4,9.42,9.43,9.44,9.45,9.46,7400,2900,10200,4700,6100,400,100,8800,1800,300,200,1000,6300,3500,7900,600,5000,2700,15700,2700
82.0,9.32,157900,1467911.0,9.32,9.31,9.3,9.28,9.27,9.24,9.22,9.21,9.18,9.17,9.34,9.35,9.36,9.4,9.42,9.43,9.44,9.45,9.46,9.47,2100,2900,10200,4700,6100,400,100,8800,1800,300,6000,6300,3500,7900,600,5000,2700,15700,2700,1300
83.0,9.32,160200,1489347.0,9.31,9.3,9.28,9.27,9.24,9.22,9.21,9.2,9.18,9.17,9.32,9.34,9.35,9.36,9.4,9.42,9.43,9.44,9.45,9.46,2900,10200,4700,6100,400,100,8800,1000,1800,300,500,10200,6300,4500,7900,600,5000,2700,15700,2700
84.0,9.32,160200,1489347.0,9.31,9.3,9.28,9.27,9.24,9.22,9.21,9.2,9.18,9.17,9.32,9.33,9.34,9.35,9.36,9.4,9.42,9.43,9.44,9.45,2900,10200,4700,6100,400,100,8800,1000,1800,300,500,300,10200,6300,4500,7900,600,5000,2700,15700
85.0,9.32,162500,1510781.0,9.32,9.31,9.3,9.28,9.27,9.24,9.22,9.21,9.2,9.18,9.33,9.34,9.35,9.36,9.4,9.42,9.43,9.44,9.45,9.46,10300,2700,10200,4700,6100,400,100,8800,1000,1800,300,10200,6300,2200,7900,600,5000,2700,15700,2700
86.0,9.32,162500,1510781.0,9.32,9.31,9.3,9.28,9.27,9.24,9.22,9.21,9.2,9.18,9.33,9.34,9.35,9.36,9.4,9.42,9.43,9.44,9.45,9.46,10300,2700,10200,4700,6100,400,100,8800,1000,1800,300,10200,6300,2200,7900,600,5000,2700,15700,2700
87.0,9.33,163600,1521034.0,9.32,9.31,9.3,9.28,9.27,9.24,9.22,9.21,9.2,9.18,9.33,9.34,9.35,9.36,9.4,9.42,9.43,9.44,9.45,9.46,9300,2700,10200,4700,6100,400,100,8800,1000,1800,400,11000,6300,2200,7900,600,5000,2700,15700,2700
88.0,9.33,163600,1521034.0,9.32,9.31,9.3,9.28,9.27,9.24,9.22,9.21,9.2,9.18,9.33,9.34,9.35,9.36,9.4,9.42,9.43,9.44,9.45,9.46,9300,2700,10200,4700,6100,400,100,8800,1000,1800,400,11000,6300,2200,7900,600,5000,2700,15700,2700
89.0,9.33,164600,1530355.0,9.32,9.31,9.3,9.28,9.27,9.24,9.22,9.21,9.2,9.18,9.33,9.34,9.35,9.36,9.4,9.42,9.43,9.44,9.45,9.46,8400,2700,10200,4700,6100,400,100,8800,1000,1800,600,11000,6300,2200,7900,600,5000,2700,15700,2700
90.0,9.33,164600,1530355.0,9.32,9.31,9.3,9.28,9.27,9.24,9.22,9.21,9.2,9.18,9.33,9.34,9.35,9.36,9.4,9.42,9.43,9.44,9.45,9.46,8400,2700,10200,4700,6100,400,100,8800,1000,1800,1100,11000,6300,2200,7900,600,5000,2700,15700,2700
91.0,9.33,164600,1530355.0,9.32,9.31,9.3,9.28,9.27,9.24,9.22,9.21,9.2,9.18,9.33,9.34,9.35,9.36,9.4,9.42,9.43,9.44,9.45,9.46,8400,2700,10200,4700,6100,400,100,8800,1000,1800,1100,11000,6300,2200,7900,600,5000,2700,15700,2700
92.0,9.32,165400,1537811.0,9.32,9.31,9.3,9.28,9.27,9.24,9.22,9.21,9.2,9.18,9.33,9.34,9.35,9.36,9.4,9.42,9.43,9.44,9.45,9.46,7600,2700,10200,4100,6100,400,100,8800,1000,1800,2300,11000,6300,2200,7900,600,5000,2700,15700,2700
93.0,9.32,173900,1617040.0,9.31,9.3,9.28,9.27,9.24,9.22,9.21,9.2,9.18,9.17,9.32,9.33,9.34,9.35,9.36,9.4,9.42,9.43,9.44,9.45,2700,10200,4100,6100,400,100,8800,1000,1800,300,3200,11000,11000,6300,2200,7900,600,5000,2700,15700
94.0,9.31,176600,1642177.0,9.3,9.28,9.27,9.24,9.22,9.21,9.2,9.18,9.17,9.15,9.31,9.32,9.33,9.34,9.35,9.36,9.4,9.42,9.43,9.44,10200,4100,6100,400,100,8800,1000,1800,300,6000,200,3300,11000,11000,6300,2200,7900,600,5000,2700
95.0,9.31,177600,1651486.0,9.31,9.3,9.28,9.27,9.24,9.22,9.21,9.2,9.18,9.17,9.32,9.33,9.34,9.35,9.36,9.4,9.42,9.43,9.44,9.45,1600,10100,4100,6100,400,100,8800,1000,1800,300,4900,11000,11000,6300,2200,7900,600,5000,2700,15700
96.0,9.31,179600,1670110.0,9.3,9.28,9.27,9.24,9.22,9.21,9.2,9.18,9.17,9.15,9.31,9.32,9.33,9.34,9.35,9.36,9.4,9.42,9.43,9.44,10100,4100,6100,400,100,8800,1000,1800,300,6000,1200,4500,15000,11000,6300,2200,7900,600,5000,2700
97.0,9.32,184200,1712970.0,9.3,9.28,9.27,9.24,9.22,9.21,9.2,9.18,9.17,9.15,9.32,9.33,9.34,9.35,9.36,9.4,9.42,9.43,9.44,9.45,10100,4100,6100,400,100,8800,1000,1800,300,6000,1200,15000,11000,6300,2200,7900,600,10000,2700,15700
98.0,9.32,184200,1712970.0,9.3,9.28,9.27,9.24,9.22,9.21,9.2,9.18,9.17,9.15,9.32,9.33,9.34,9.35,9.36,9.4,9.42,9.43,9.44,9.45,10100,4100,6100,400,100,8800,1000,1800,300,6000,1200,15000,11000,6300,2200,7900,600,10000,2700,17100
99.0,9.3,187200,1740870.0,9.3,9.28,9.27,9.24,9.22,9.21,9.2,9.18,9.17,9.15,9.32,9.33,9.34,9.35,9.36,9.4,9.42,9.43,9.44,9.45,7100,4100,6100,400,100,8800,1000,1800,300,6000,1200,17500,11000,4600,2200,7900,600,10000,2700,17100
100.0,9.32,190000,1766966.0,9.31,9.3,9.28,9.27,9.24,9.22,9.21,9.2,9.18,9.17,9.32,9.33,9.34,9.35,9.36,9.4,9.42,9.43,9.44,9.45,100,7100,4100,6100,400,100,8800,1000,1800,300,100,17500,11000,5200,2200,7900,600,10000,2700,17100
101.0,9.32,191000,1776286.0,9.32,9.31,9.3,9.28,9.27,9.24,9.22,9.21,9.2,9.18,9.33,9.34,9.35,9.36,9.4,9.42,9.43,9.44,9.45,9.46,1700,7000,7100,4100,6100,400,100,8800,1000,1800,17500,11000,5200,2200,7900,600,10000,2700,17100,2700
102.0,9.32,191100,1777218.0,9.32,9.31,9.3,9.28,9.27,9.24,9.22,9.21,9.2,9.18,9.33,9.34,9.35,9.36,9.4,9.42,9.43,9.44,9.45,9.46,1600,7000,7100,4100,6100,400,100,8800,1000,1800,17500,11000,5200,2200,7900,600,10000,2700,17100,2700
103.0,9.32,191100,1777218.0,9.32,9.31,9.3,9.28,9.27,9.24,9.22,9.21,9.2,9.18,9.33,9.34,9.35,9.36,9.4,9.42,9.43,9.44,9.45,9.46,1600,7000,7100,4100,6100,400,100,8800,1000,1800,17500,11000,5200,2200,7900,600,10000,2700,17100,2700
104.0,9.32,192700,1792130.0,9.31,9.3,9.28,9.27,9.24,9.22,9.21,9.2,9.18,9.17,9.32,9.33,9.34,9.35,9.36,9.4,9.42,9.43,9.44,9.45,7000,7100,4100,6100,400,100,8800,1000,1800,300,13400,17500,11000,5200,2200,7900,600,10000,2700,17100
105.0,9.32,192700,1792130.0,9.31,9.3,9.28,9.27,9.24,9.22,9.21,9.2,9.18,9.17,9.32,9.33,9.34,9.35,9.36,9.4,9.42,9.43,9.44,9.45,7000,7100,4100,6100,400,100,8800,1000,1800,300,13400,17500,11000,5200,2200,7900,600,10000,2700,17100
106.0,9.32,194400,1807967.0,9.31,9.3,9.28,9.27,9.24,9.22,9.21,9.2,9.18,9.17,9.32,9.33,9.34,9.35,9.36,9.4,9.42,9.43,9.44,9.45,6300,7100,4100,6100,400,100,8800,1000,1800,300,12400,17500,11000,5200,2200,7900,600,10000,2700,17100
107.0,9.32,196900,1831267.0,9.31,9.3,9.28,9.27,9.24,9.22,9.21,9.2,9.18,9.17,9.32,9.33,9.34,9.35,9.36,9.4,9.42,9.43,9.44,9.45,6300,7100,4100,6100,400,100,8800,1000,1800,300,9900,17500,10200,5200,2200,7900,600,10000,2700,17100
108.0,9.32,199200,1852697.0,9.31,9.3,9.28,9.27,9.24,9.22,9.21,9.2,9.18,9.17,9.32,9.33,9.34,9.35,9.36,9.4,9.42,9.43,9.44,9.45,5700,7100,4100,6100,400,100,8800,1000,1800,300,8200,17500,10200,5200,2200,7900,600,10000,2700,17100
109.0,9.32,200000,1860148.0,9.31,9.3,9.28,9.27,9.24,9.22,9.21,9.2,9.18,9.17,9.32,9.33,9.34,9.35,9.36,9.39,9.4,9.42,9.43,9.44,5200,7100,4100,6100,400,100,8800,1000,1800,300,9600,17700,10200,5200,2200,300,7900,600,10000,2700
110.0,9.34,228700,2127837.0,9.32,9.31,9.3,9.28,9.27,9.24,9.22,9.21,9.2,9.18,9.34,9.35,9.36,9.39,9.4,9.42,9.43,9.44,9.45,9.46,5000,6200,7100,4100,6100,400,100,8800,1000,1800,8800,5200,2200,300,7900,600,10000,2700,17100,2700
111.0,9.32,229700,2137157.0,9.32,9.31,9.3,9.28,9.27,9.24,9.22,9.21,9.2,9.18,9.34,9.35,9.36,9.39,9.4,9.42,9.43,9.44,9.45,9.46,4000,6200,7100,4100,6100,400,100,8800,1000,1800,8800,5200,2200,300,7900,600,10000,2700,17100,2700
112.0,9.32,230100,2140885.0,9.32,9.31,9.3,9.28,9.27,9.24,9.22,9.21,9.2,9.18,9.34,9.35,9.36,9.39,9.4,9.42,9.43,9.44,9.45,9.46,3900,6200,7100,4100,6100,400,100,8800,1000,1800,9200,5200,2200,300,7900,600,10000,2700,17100,2700
113.0,9.34,231400,2153027.0,9.32,9.31,9.3,9.28,9.27,9.24,9.22,9.21,9.2,9.18,9.34,9.35,9.36,9.39,9.4,9.42,9.43,9.44,9.45,9.46,7800,6200,7100,4100,6100,400,100,8800,1000,1800,7900,5200,2200,300,7900,600,10000,2700,17100,2700
114.0,9.34,232200,2160499.0,9.32,9.31,9.3,9.28,9.27,9.24,9.22,9.21,9.2,9.18,9.34,9.35,9.36,9.39,9.4,9.42,9.43,9.44,9.45,9.46,7800,6200,7100,4100,6100,400,100,8800,1000,1800,7100,5200,2200,300,7900,600,10000,2700,17100,2700
115.0,9.34,234500,2181953.0,9.32,9.31,9.3,9.28,9.27,9.24,9.22,9.21,9.2,9.18,9.34,9.35,9.36,9.39,9.4,9.42,9.43,9.44,9.45,9.46,6400,6200,7100,4100,6100,400,100,8800,1000,1800,6200,5200,2200,300,7900,600,10000,2700,17100,2700
116.0,9.34,235200,2188491.0,9.33,9.32,9.31,9.3,9.28,9.27,9.24,9.22,9.21,9.2,9.34,9.35,9.36,9.39,9.4,9.42,9.43,9.44,9.45,9.46,200,6400,6200,7100,4100,6100,400,100,8800,1000,5500,5200,2200,300,7900,600,10000,2700,17100,2700
117.0,9.34,236200,2197831.0,9.33,9.32,9.31,9.3,9.28,9.27,9.24,9.22,9.21,9.2,9.34,9.35,9.36,9.39,9.4,9.42,9.43,9.44,9.45,9.46,200,3600,6200,7100,4100,6100,400,100,8800,1000,4500,5200,2200,300,7900,600,10000,2700,17100,2700
118.0,9.34,237400,2209039.0,9.33,9.32,9.31,9.3,9.28,9.27,9.24,9.22,9.21,9.2,9.34,9.35,9.36,9.39,9.4,9.42,9.43,9.44,9.45,9.46,200,3600,6200,7100,4100,6100,400,100,8800,1000,3300,5200,4500,300,7900,600,10000,2700,17100,2700
119.0,9.34,237400,2209039.0,9.33,9.32,9.31,9.3,9.28,9.27,9.24,9.22,9.21,9.2,9.34,9.35,9.36,9.39,9.4,9.42,9.43,9.44,9.45,9.46,200,1700,6200,7100,4100,6100,400,100,8800,1000,3300,5200,4500,300,7900,600,10000,2700,17100,2700
120.0,9.34,237400,2209039.0,9.33,9.32,9.31,9.3,9.28,9.27,9.24,9.22,9.21,9.2,9.34,9.35,9.36,9.38,9.39,9.4,9.42,9.43,9.44,9.45,300,1700,6200,7100,4100,6100,400,100,8800,1000,3300,5200,4500,3000,300,7900,600,10000,2700,17100
121.0,9.34,239600,2229587.0,9.33,9.32,9.31,9.3,9.28,9.24,9.22,9.21,9.2,9.18,9.34,9.35,9.36,9.38,9.39,9.4,9.42,9.43,9.44,9.45,300,1700,6200,7600,4100,400,100,8800,1000,1800,1100,5200,4500,3000,300,7900,600,10000,2700,17100
122.0,9.33,239800,2231454.0,9.33,9.32,9.31,9.3,9.28,9.24,9.22,9.21,9.2,9.18,9.34,9.35,9.36,9.38,9.39,9.4,9.42,9.43,9.44,9.45,300,1700,6200,7600,4100,400,100,8800,1000,1800,1400,5200,4500,3000,300,7900,600,10000,2700,17100
123.0,9.33,239800,2231454.0,9.33,9.32,9.31,9.3,9.28,9.24,9.22,9.21,9.2,9.18,9.34,9.35,9.36,9.38,9.39,9.4,9.42,9.43,9.44,9.45,300,1700,6200,7600,4100,400,100,8800,1000,1800,6300,5200,4500,3000,300,7900,600,10000,2700,17100
124.0,9.33,239800,2231454.0,9.33,9.32,9.31,9.3,9.28,9.24,9.22,9.21,9.2,9.18,9.34,9.35,9.36,9.38,9.39,9.4,9.42,9.43,9.44,9.45,300,1700,6200,7600,4100,400,100,8800,1000,1800,6300,5200,4500,3000,300,7900,600,10000,2700,17100
125.0,9.33,239900,2232387.0,9.33,9.32,9.31,9.3,9.28,9.24,9.22,9.21,9.2,9.18,9.34,9.35,9.36,9.37,9.38,9.39,9.4,9.42,9.43,9.44,200,1700,6200,7600,4100,400,100,8800,1000,1800,6300,5200,4500,500,3000,300,7900,600,10000,2700
126.0,9.33,239900,2232387.0,9.33,9.32,9.31,9.3,9.28,9.24,9.22,9.21,9.2,9.18,9.34,9.35,9.36,9.37,9.38,9.39,9.4,9.42,9.43,9.44,200,1700,6200,7600,4100,400,100,8800,1000,1800,6300,5200,4500,500,3000,300,7900,600,10000,2700
127.0,9.33,239900,2232387.0,9.33,9.32,9.31,9.3,9.28,9.24,9.22,9.21,9.2,9.18,9.34,9.35,9.36,9.37,9.38,9.39,9.4,9.42,9.43,9.44,200,1700,6200,7600,4100,400,100,8800,1000,1800,6300,5200,4500,500,3000,300,7900,600,10000,2700
128.0,9.33,248200,2309886.0,9.33,9.32,9.31,9.3,9.28,9.24,9.22,9.21,9.2,9.18,9.34,9.35,9.36,9.37,9.38,9.39,9.4,9.42,9.43,9.44,2900,1700,6200,7600,4100,400,100,8800,1000,1800,300,5200,4500,500,3000,300,7900,600,10000,2700
129.0,9.33,248400,2311752.0,9.33,9.32,9.31,9.3,9.28,9.24,9.22,9.21,9.2,9.18,9.34,9.35,9.36,9.37,9.38,9.39,9.4,9.42,9.43,9.44,2700,1700,6200,7600,4100,400,100,8800,1000,1800,300,5200,4500,500,3000,300,7900,600,10000,2700
130.0,9.33,248400,2311752.0,9.33,9.32,9.31,9.3,9.28,9.24,9.22,9.21,9.2,9.18,9.34,9.35,9.36,9.37,9.38,9.39,9.4,9.42,9.43,9.44,2700,1700,6200,7600,4100,400,100,8800,1000,1800,300,5200,4500,500,3000,300,7900,600,10000,2700
131.0,9.33,248400,2311752.0,9.33,9.32,9.31,9.3,9.28,9.24,9.22,9.21,9.2,9.18,9.34,9.35,9.36,9.37,9.38,9.39,9.4,9.42,9.43,9.44,3000,1700,6200,7600,4100,400,100,8800,1000,1800,300,5200,4500,500,3000,300,7900,600,10000,2700
132.0,9.33,248500,2312685.0,9.33,9.32,9.31,9.3,9.28,9.24,9.22,9.21,9.2,9.18,9.34,9.35,9.36,9.37,9.38,9.39,9.4,9.42,9.43,9.44,2900,1700,6200,7600,4100,400,100,8800,1000,1800,1400,5200,4500,500,3000,300,7900,600,10000,2700
133.0,9.33,248700,2314551.0,9.33,9.32,9.31,9.3,9.28,9.24,9.22,9.21,9.2,9.18,9.34,9.35,9.36,9.37,9.38,9.39,9.4,9.42,9.43,9.44,2700,1700,6200,7600,4100,400,100,8800,1000,1800,1400,10100,4500,500,3000,300,7900,600,10000,2700
134.0,9.33,250700,2333211.0,9.33,9.32,9.31,9.3,9.28,9.24,9.22,9.21,9.2,9.18,9.34,9.35,9.36,9.37,9.38,9.39,9.4,9.42,9.43,9.44,700,1700,6200,7600,4100,400,100,8800,1000,1800,1400,10100,4500,500,3000,300,7900,200,10000,2700
135.0,9.33,251500,2340676.0,9.32,9.31,9.3,9.28,9.24,9.22,9.21,9.2,9.18,9.17,9.33,9.34,9.35,9.36,9.37,9.38,9.39,9.4,9.42,9.43,1700,6200,7600,4100,400,100,8800,1000,1800,300,600,1700,10100,4500,500,3000,300,7900,200,10000
136.0,9.33,252600,2350938.0,9.32,9.31,9.3,9.28,9.24,9.22,9.21,9.2,9.18,9.17,9.33,9.34,9.35,9.36,9.37,9.38,9.39,9.4,9.42,9.43,1600,6200,7600,4100,400,100,8800,1000,1800,300,4800,1700,10100,4500,500,3000,300,7900,200,10000
137.0,9.33,252600,2350938.0,9.32,9.31,9.3,9.28,9.24,9.22,9.21,9.2,9.18,9.17,9.33,9.34,9.35,9.36,9.37,9.38,9.39,9.4,9.42,9.43,1600,6200,7600,4100,400,100,8800,1000,1800,300,4800,1700,10100,4500,500,3000,300,7900,200,10000
138.0,9.33,252600,2350938.0,9.32,9.31,9.3,9.28,9.24,9.22,9.21,9.2,9.18,9.17,9.33,9.34,9.35,9.36,9.37,9.38,9.39,9.4,9.42,9.43,1600,6200,7600,4100,400,100,8800,1000,1800,300,4800,1700,10100,4500,500,3000,1300,7900,200,10000
139.0,9.33,252700,2351871.0,9.32,9.31,9.3,9.28,9.24,9.22,9.21,9.2,9.18,9.17,9.33,9.34,9.35,9.36,9.37,9.38,9.39,9.4,9.42,9.43,1600,6200,7600,4100,400,100,8800,1000,1800,300,4700,2900,10100,4500,500,3000,1300,7900,200,10000
140.0,9.32,252800,2352803.0,9.32,9.31,9.3,9.28,9.24,9.22,9.21,9.2,9.18,9.17,9.33,9.34,9.35,9.36,9.37,9.38,9.39,9.4,9.42,9.43,1500,6200,7600,4100,400,100,8800,1000,1800,300,4700,2900,10100,4500,500,3000,1300,7900,200,10000
141.0,9.33,255900,2381726.0,9.32,9.31,9.3,9.28,9.24,9.22,9.21,9.2,9.18,9.17,9.33,9.34,9.35,9.36,9.37,9.38,9.39,9.4,9.42,9.43,1000,6200,7600,4100,400,100,8800,1000,1800,300,1600,2900,10100,4700,500,3000,1300,7900,200,10000
142.0,9.33,256000,2382659.0,9.32,9.31,9.3,9.28,9.24,9.22,9.21,9.2,9.18,9.17,9.33,9.34,9.35,9.36,9.37,9.38,9.39,9.4,9.42,9.43,1000,6200,7600,4100,400,100,8800,1000,1800,300,3500,2900,10100,4700,500,3000,1300,7900,200,10000
143.0,9.31,257200,2393841.0,9.31,9.3,9.28,9.24,9.22,9.21,9.2,9.18,9.17,9.15,9.33,9.34,9.35,9.36,9.37,9.38,9.39,9.4,9.42,9.43,6000,7600,4100,400,100,8800,1000,1800,300,5600,3500,3700,10100,4700,500,3000,1300,7900,200,10000
144.0,9.31,257200,2393841.0,9.31,9.3,9.28,9.24,9.22,9.21,9.2,9.18,9.17,9.15,9.33,9.34,9.35,9.36,9.37,9.38,9.39,9.4,9.42,9.43,6700,7600,4100,400,100,8800,1000,1800,300,5600,4200,3700,10100,4700,500,3000,1300,7900,200,10000
145.0,9.31,257200,2393841.0,9.31,9.3,9.28,9.24,9.22,9.21,9.2,9.18,9.17,9.15,9.33,9.34,9.35,9.36,9.37,9.38,9.39,9.4,9.42,9.43,6700,7600,4100,400,100,8800,1000,1800,300,5600,4200,3700,10100,4700,500,3000,1300,7900,200,10000
146.0,9.31,257200,2393841.0,9.31,9.3,9.28,9.24,9.22,9.21,9.2,9.18,9.17,9.15,9.32,9.33,9.34,9.35,9.36,9.37,9.38,9.39,9.4,9.42,8700,7600,4100,400,100,8800,1000,1800,300,5600,900,6200,3700,10100,4700,500,3000,1300,7900,200
147.0,9.31,259700,2417116.0,9.31,9.3,9.28,9.24,9.22,9.21,9.2,9.18,9.17,9.15,9.32,9.33,9.34,9.35,9.36,9.37,9.38,9.39,9.4,9.42,6200,7600,4100,400,100,8800,1000,1800,300,5600,1100,6200,3600,10100,4700,500,3000,1300,7900,200
148.0,9.32,260800,2427368.0,9.31,9.3,9.28,9.24,9.22,9.21,9.2,9.18,9.17,9.15,9.32,9.33,9.34,9.35,9.36,9.37,9.38,9.39,9.4,9.42,6200,7600,4100,400,100,8800,1000,1800,300,5600,300,6200,4500,10100,4700,500,3000,1800,7900,200
149.0,9.32,260800,2427368.0,9.31,9.3,9.28,9.24,9.22,9.21,9.2,9.18,9.17,9.15,9.32,9.33,9.34,9.35,9.36,9.37,9.38,9.39,9.4,9.42,6200,7600,4100,400,100,8800,1000,1800,300,6100,700,6200,4500,10100,4700,500,3000,1800,7900,200
150.0,9.31,261400,2432954.0,9.31,9.3,9.28,9.24,9.22,9.21,9.2,9.18,9.17,9.15,9.32,9.33,9.34,9.35,9.36,9.37,9.38,9.39,9.4,9.42,5600,7600,4100,400,100,8800,1000,1800,300,6100,900,6200,4500,10100,4700,500,3000,1800,7900,200
151.0,9.32,261900,2437614.0,9.31,9.3,9.28,9.24,9.22,9.21,9.2,9.18,9.17,9.15,9.32,9.33,9.34,9.35,9.36,9.37,9.38,9.39,9.4,9.42,5600,7600,4100,400,100,8800,1000,1800,300,6100,800,6200,4500,10100,4700,500,3000,1800,7900,200
152.0,9.32,261900,2437614.0,9.31,9.3,9.28,9.24,9.22,9.21,9.2,9.18,9.17,9.15,9.32,9.33,9.34,9.35,9.36,9.37,9.38,9.39,9.4,9.42,5600,7600,4100,400,100,8800,1000,1800,300,6100,1600,6200,4500,10100,4700,500,3000,1800,7900,200
153.0,9.32,261900,2437614.0,9.31,9.3,9.28,9.24,9.22,9.21,9.2,9.18,9.17,9.15,9.32,9.33,9.34,9.35,9.36,9.37,9.38,9.39,9.4,9.42,5600,7600,4100,400,100,8800,1000,1800,300,6100,1600,7000,4500,10100,4700,500,3000,1800,7900,200
154.0,9.31,266200,2477647.0,9.31,9.3,9.28,9.24,9.22,9.21,9.2,9.18,9.17,9.15,9.32,9.33,9.34,9.35,9.36,9.37,9.38,9.39,9.4,9.42,1300,7600,4100,400,100,8800,1000,1800,300,6100,1600,7000,4500,10100,4700,500,3000,1800,7900,200
155.0,9.31,266200,2477647.0,9.31,9.3,9.28,9.24,9.22,9.21,9.2,9.18,9.17,9.15,9.32,9.33,9.34,9.35,9.36,9.37,9.38,9.39,9.4,9.42,1300,7600,4100,400,100,8800,1000,1800,300,6100,1600,7000,4500,10100,4700,500,3000,1800,7900,200
156.0,9.31,268300,2497206.0,9.3,9.28,9.24,9.22,9.21,9.2,9.18,9.17,9.15,9.14,9.31,9.32,9.33,9.34,9.35,9.36,9.37,9.38,9.39,9.4,7600,4100,400,100,8800,1000,1800,300,6100,1000,1100,800,7000,4500,10100,2400,500,3000,1800,7900
157.0,9.3,269100,2504647.0,9.3,9.28,9.24,9.22,9.21,9.2,9.18,9.17,9.15,9.14,9.31,9.32,9.33,9.34,9.35,9.36,9.37,9.38,9.39,9.4,6900,4100,400,100,8800,1000,1800,300,6100,1000,1400,800,7000,4500,10600,2400,500,3000,1800,7900
158.0,9.3,270400,2516737.0,9.3,9.28,9.24,9.22,9.21,9.2,9.18,9.17,9.15,9.14,9.31,9.32,9.33,9.34,9.35,9.36,9.37,9.38,9.39,9.4,5600,4100,400,100,8800,1000,1800,300,6100,1000,1500,2100,7000,4500,10600,2400,500,3000,1800,7900
159.0,9.3,270400,2516737.0,9.3,9.28,9.24,9.22,9.21,9.2,9.18,9.17,9.15,9.14,9.31,9.32,9.33,9.34,9.35,9.36,9.37,9.38,9.39,9.4,5600,4100,400,100,8800,1000,1800,300,6100,1000,1500,2100,7000,4500,10600,2400,500,3000,1800,7900
160.0,9.3,270900,2521387.0,9.3,9.28,9.24,9.22,9.21,9.2,9.18,9.17,9.15,9.14,9.31,9.32,9.33,9.34,9.35,9.36,9.37,9.38,9.39,9.4,5100,4100,400,100,8800,1000,1800,300,6100,1000,3000,2100,6200,4500,10600,2400,500,3000,1800,6900
161.0,9.31,271000,2522318.0,9.3,9.28,9.24,9.22,9.21,9.2,9.18,9.17,9.15,9.14,9.31,9.32,9.33,9.34,9.35,9.36,9.37,9.38,9.39,9.4,5100,4100,400,100,8800,1000,1800,300,6100,1000,3100,2100,6200,4500,9600,2400,500,3000,1800,6900
162.0,9.31,271000,2522318.0,9.3,9.28,9.24,9.22,9.21,9.2,9.18,9.17,9.15,9.14,9.31,9.32,9.33,9.34,9.35,9.36,9.37,9.38,9.39,9.4,5100,4100,400,100,8800,1000,1800,300,6100,1000,3100,2100,6200,4500,9600,2400,500,3000,1800,6900
163.0,9.31,271000,2522318.0,9.3,9.28,9.24,9.22,9.21,9.2,9.18,9.17,9.15,9.14,9.31,9.32,9.33,9.34,9.35,9.36,9.37,9.38,9.39,9.4,5100,4100,400,100,8800,1000,1800,300,6100,1000,3100,2100,6200,4500,9600,2400,500,3000,1800,6900
164.0,9.31,271800,2529761.0,9.3,9.28,9.24,9.22,9.21,9.2,9.18,9.17,9.15,9.14,9.31,9.32,9.33,9.34,9.35,9.36,9.37,9.38,9.39,9.4,4600,4100,400,100,8800,1000,1800,300,6100,1000,2800,2100,4200,4500,9600,2400,500,3000,1800,6900
165.0,9.31,271800,2529761.0,9.3,9.28,9.24,9.22,9.21,9.2,9.18,9.17,9.15,9.14,9.31,9.32,9.33,9.34,9.35,9.36,9.37,9.38,9.39,9.4,4600,4100,400,100,8800,1000,1800,300,6100,1000,2800,2100,4200,4500,9600,2400,500,3000,1800,6900
166.0,9.31,271800,2529761.0,9.3,9.28,9.24,9.22,9.21,9.2,9.18,9.17,9.15,9.14,9.31,9.32,9.33,9.34,9.35,9.36,9.37,9.38,9.39,9.4,4600,4100,400,100,8800,1000,1800,300,6100,1000,2800,2100,4200,4500,9600,2400,500,3000,1800,6900
167.0,9.3,272200,2533481.0,9.3,9.28,9.24,9.22,9.21,9.2,9.18,9.17,9.15,9.14,9.31,9.32,9.33,9.34,9.35,9.36,9.37,9.38,9.39,9.4,4200,4100,400,100,8800,1000,1800,300,6100,1000,2800,2100,4200,3700,9600,2400,500,3000,1800,6900
168.0,9.3,272200,2533481.0,9.3,9.28,9.24,9.22,9.21,9.2,9.18,9.17,9.15,9.14,9.31,9.32,9.33,9.34,9.35,9.36,9.37,9.38,9.39,9.4,4200,4100,400,100,8800,1000,1800,300,6100,1000,3700,2100,4200,3700,9600,2400,500,3000,1800,6900
169.0,9.3,272200,2533481.0,9.3,9.28,9.24,9.22,9.21,9.2,9.18,9.17,9.15,9.14,9.31,9.32,9.33,9.34,9.35,9.36,9.37,9.38,9.39,9.4,4200,4100,400,100,8800,1000,1800,300,6100,1000,3700,3100,4200,3700,10600,2400,500,3000,1800,6900
170.0,9.3,276400,2572541.0,9.28,9.24,9.22,9.21,9.2,9.18,9.17,9.15,9.14,9.11,9.3,9.31,9.32,9.33,9.34,9.35,9.36,9.37,9.38,9.39,4100,400,100,8800,1000,1800,300,6100,1000,500,300,3700,3100,4200,3700,10600,2400,500,3000,1800
171.0,9.28,276800,2576253.0,9.28,9.24,9.22,9.21,9.2,9.18,9.17,9.15,9.14,9.11,9.3,9.31,9.32,9.33,9.34,9.35,9.36,9.37,9.38,9.39,3700,400,100,8800,1000,1800,300,6100,1000,500,300,3700,3100,4200,3700,10600,2400,500,3000,1800
172.0,9.28,276800,2576253.0,9.28,9.24,9.22,9.21,9.2,9.18,9.17,9.15,9.14,9.11,9.3,9.31,9.32,9.33,9.34,9.35,9.36,9.37,9.38,9.39,4300,400,100,8800,1000,1800,300,6100,1000,500,1900,3700,3100,4200,3700,10600,2400,500,3000,1800
173.0,9.3,277400,2581825.0,9.28,9.24,9.22,9.21,9.2,9.18,9.17,9.15,9.14,9.11,9.3,9.31,9.32,9.33,9.34,9.35,9.36,9.37,9.38,9.39,5400,400,100,8800,1000,1800,300,6100,1000,500,2400,4100,3100,4200,3700,10600,2400,500,3000,1800
174.0,9.3,277600,2583685.0,9.28,9.24,9.22,9.21,9.2,9.18,9.17,9.15,9.14,9.11,9.3,9.31,9.32,9.33,9.34,9.35,9.36,9.37,9.38,9.39,5400,400,100,8800,1000,1800,300,6100,1000,500,2200,4100,3100,4200,3700,10600,3600,500,3000,1800
175.0,9.3,277600,2583685.0,9.28,9.24,9.22,9.21,9.2,9.18,9.17,9.15,9.14,9.11,9.3,9.31,9.32,9.33,9.34,9.35,9.36,9.37,9.38,9.39,6900,400,100,8800,1000,1800,300,6100,1000,500,3700,5500,3100,4200,3700,10600,3600,500,3000,1800
176.0,9.3,277600,2583685.0,9.28,9.24,9.22,9.21,9.2,9.18,9.17,9.15,9.14,9.11,9.3,9.31,9.32,9.33,9.34,9.35,9.36,9.37,9.38,9.39,6900,400,100,8800,1000,1800,300,6100,1000,500,4100,5500,3100,4200,3700,10600,3600,500,3000,1800
177.0,9.28,278200,2589253.0,9.28,9.24,9.22,9.21,9.2,9.18,9.17,9.15,9.14,9.11,9.3,9.31,9.32,9.33,9.34,9.35,9.36,9.37,9.38,9.39,7400,400,100,8800,1000,1800,300,6100,1000,500,5400,5500,3100,4200,3700,10600,3600,500,3000,1800
178.0,9.28,278900,2595749.0,9.28,9.24,9.22,9.21,9.2,9.18,9.17,9.15,9.14,9.11,9.3,9.31,9.32,9.33,9.34,9.35,9.36,9.37,9.38,9.39,6700,400,100,8800,1000,1800,300,6100,1000,500,6300,5500,3100,4200,3700,10600,3600,500,3000,1800
179.0,9.3,279100,2597609.0,9.28,9.24,9.22,9.21,9.2,9.18,9.17,9.15,9.14,9.11,9.3,9.31,9.32,9.33,9.34,9.35,9.36,9.37,9.38,9.39,6700,400,100,8800,1000,1800,300,6100,1000,500,6100,5500,3100,4200,3700,10600,3600,500,3000,1800
180.0,9.28,279700,2603177.0,9.28,9.24,9.22,9.21,9.2,9.18,9.17,9.15,9.14,9.11,9.3,9.31,9.32,9.33,9.34,9.35,9.36,9.37,9.38,9.39,6500,400,100,8800,1000,1800,300,6100,1000,500,6500,5500,3100,4200,3700,10600,3600,500,3000,1800
181.0,9.3,279900,2605037.0,9.28,9.24,9.22,9.21,9.2,9.18,9.17,9.15,9.14,9.11,9.3,9.31,9.32,9.33,9.34,9.35,9.36,9.37,9.38,9.39,6500,400,100,8800,1000,1800,300,6100,1000,500,6300,5500,3100,4200,3700,10600,3600,500,3000,1800
182.0,9.28,281200,2617101.0,9.28,9.24,9.22,9.21,9.2,9.18,9.17,9.15,9.14,9.11,9.3,9.31,9.32,9.33,9.34,9.35,9.36,9.37,9.38,9.39,5600,400,100,8800,1000,1800,300,6100,1000,500,7700,5500,3100,4200,3700,10600,3600,500,3000,1800
183.0,9.28,281200,2617101.0,9.28,9.24,9.22,9.21,9.2,9.18,9.17,9.15,9.14,9.11,9.3,9.31,9.32,9.33,9.34,9.35,9.36,9.37,9.38,9.39,5600,400,100,8800,1000,1800,300,6100,1000,500,13100,20500,3100,4200,3700,10600,3600,500,3000,1800
184.0,9.29,281800,2622670.0,9.28,9.24,9.22,9.21,9.2,9.18,9.17,9.15,9.14,9.11,9.3,9.31,9.32,9.33,9.34,9.35,9.36,9.37,9.38,9.39,5500,400,100,8800,1000,1800,300,6100,1000,500,15200,20500,3100,4200,3700,10600,3600,500,3000,1800
185.0,9.29,281800,2622670.0,9.28,9.24,9.22,9.21,9.2,9.18,9.17,9.15,9.14,9.11,9.3,9.31,9.32,9.33,9.34,9.35,9.36,9.37,9.38,9.39,5500,3600,100,8800,1000,1800,300,6100,1000,500,15200,25500,3100,4200,3700,10600,3600,500,3000,1800
186.0,9.28,282300,2627310.0,9.28,9.24,9.22,9.21,9.2,9.18,9.17,9.15,9.14,9.11,9.3,9.31,9.32,9.33,9.34,9.35,9.36,9.37,9.38,9.39,5000,3600,100,8800,1000,1800,300,6100,1000,500,15200,25500,3100,4200,3700,10600,3600,500,3000,1800
187.0,9.28,287000,2670926.0,9.28,9.27,9.25,9.24,9.22,9.21,9.2,9.18,9.17,9.15,9.3,9.31,9.32,9.33,9.34,9.35,9.36,9.37,9.38,9.39,1500,100,200,7000,100,9100,1000,1800,800,6100,15400,25500,3100,4200,3700,10600,3600,500,3000,1800
188.0,9.3,287200,2672786.0,9.28,9.27,9.25,9.24,9.22,9.21,9.2,9.18,9.17,9.15,9.3,9.31,9.32,9.33,9.34,9.35,9.36,9.37,9.38,9.39,1500,3300,1200,3800,100,9100,1000,1800,800,6100,15200,25500,3100,4200,3700,10600,3600,500,3000,1800
189.0,9.3,287200,2672786.0,9.28,9.27,9.25,9.24,9.22,9.21,9.2,9.18,9.17,9.15,9.3,9.31,9.32,9.33,9.34,9.35,9.36,9.37,9.38,9.39,1500,3300,1400,3800,100,9100,1000,1800,800,6100,17400,25600,3100,4200,3700,10600,3600,500,3000,1800
190.0,9.3,287200,2672786.0,9.28,9.27,9.25,9.24,9.22,9.21,9.2,9.18,9.17,9.15,9.3,9.31,9.32,9.33,9.34,9.35,9.36,9.37,9.38,9.39,1700,3300,1400,3800,100,9100,1000,1800,800,6100,17400,25600,3100,4200,3700,10600,3600,500,3000,1800
191.0,9.28,287300,2673714.0,9.28,9.27,9.25,9.24,9.22,9.21,9.2,9.18,9.17,9.15,9.3,9.31,9.32,9.33,9.34,9.35,9.36,9.37,9.38,9.39,3100,3300,1400,3800,100,9100,1000,1800,800,6100,17400,25600,3100,4200,3700,10600,3600,500,3000,1800
192.0,9.28,287300,2673714.0,9.28,9.27,9.25,9.24,9.22,9.21,9.2,9.18,9.17,9.15,9.3,9.31,9.32,9.33,9.34,9.35,9.36,9.37,9.38,9.39,10400,3300,1400,3800,100,9100,1000,1800,800,6100,17600,25600,3100,4200,3700,10600,3600,500,3000,1800
193.0,9.28,289300,2692274.0,9.28,9.27,9.25,9.24,9.22,9.21,9.2,9.18,9.17,9.15,9.3,9.31,9.32,9.33,9.34,9.35,9.36,9.37,9.38,9.39,8400,3300,1400,3800,700,9100,1000,1800,800,6100,17600,25600,3100,4200,3700,10600,3600,500,3000,1800
194.0,9.28,290900,2707122.0,9.28,9.27,9.25,9.24,9.22,9.21,9.2,9.18,9.17,9.15,9.3,9.31,9.32,9.33,9.34,9.35,9.36,9.37,9.38,9.39,6800,2100,1400,3800,700,9100,1000,1800,800,6100,17600,25600,3100,4200,3700,10600,3600,500,3000,1800
195.0,9.28,290900,2707122.0,9.28,9.27,9.25,9.24,9.22,9.21,9.2,9.18,9.17,9.15,9.3,9.31,9.32,9.33,9.34,9.35,9.36,9.37,9.38,9.39,7000,4500,1400,3800,700,9100,1000,1800,800,6100,17800,25600,3100,4200,3700,10600,3600,500,3000,1800
196.0,9.28,290900,2707122.0,9.28,9.27,9.25,9.24,9.22,9.21,9.2,9.18,9.17,9.15,9.3,9.31,9.32,9.33,9.34,9.35,9.36,9.37,9.38,9.39,7000,4500,1400,3800,700,9100,1000,1800,800,6100,17800,25600,3100,4200,3700,10600,3600,500,3000,1800
197.0,9.28,291900,2716402.0,9.28,9.27,9.25,9.24,9.22,9.21,9.2,9.18,9.17,9.15,9.3,9.31,9.32,9.33,9.34,9.35,9.36,9.37,9.38,9.39,6200,4500,1400,3800,700,9100,1000,1800,800,6100,18000,25600,3100,4200,3700,10600,3600,500,3000,1800
198.0,9.28,292500,2721970.0,9.28,9.27,9.25,9.24,9.22,9.21,9.2,9.18,9.17,9.15,9.3,9.31,9.32,9.33,9.34,9.35,9.36,9.37,9.38,9.39,5600,4500,1400,3800,600,9100,1000,1800,800,6100,18000,25600,3100,4200,3700,10600,3600,500,3000,1800
199.0,9.28,292500,2721970.0,9.28,9.27,9.25,9.24,9.22,9.21,9.2,9.18,9.17,9.15,9.3,9.31,9.32,9.33,9.34,9.35,9.36,9.37,9.38,9.39,5600,3700,1400,3800,600,9100,1000,1800,800,6100,18000,25600,3100,4200,3700,10600,3600,500,3000,1800
200.0,9.28,292500,2721970.0,9.28,9.27,9.25,9.24,9.22,9.21,9.2,9.18,9.17,9.15,9.3,9.31,9.32,9.33,9.34,9.35,9.36,9.37,9.38,9.39,5800,3700,1400,3800,600,9100,1000,1800,800,6100,18200,25600,3100,4200,3700,10600,3600,500,3000,1800
201.0,9.28,295500,2749810.0,9.28,9.27,9.25,9.24,9.22,9.21,9.2,9.18,9.17,9.15,9.3,9.31,9.32,9.33,9.34,9.35,9.36,9.37,9.38,9.39,2800,3700,1400,3800,1600,9100,1000,1800,800,5600,18200,25600,3100,4200,3700,10600,3600,500,3000,1800
202.0,9.28,295500,2749810.0,9.28,9.27,9.25,9.24,9.22,9.21,9.2,9.18,9.17,9.15,9.3,9.31,9.32,9.33,9.34,9.35,9.36,9.37,9.38,9.39,3000,2600,1400,3800,1600,9100,1000,1800,800,5600,18400,25600,3100,4200,3700,10600,3600,500,3000,1800
203.0,9.28,297200,2765586.0,9.28,9.27,9.25,9.24,9.23,9.22,9.21,9.2,9.18,9.17,9.3,9.31,9.32,9.33,9.34,9.35,9.36,9.37,9.38,9.39,1300,2600,1400,3800,400,1600,9100,1000,1800,800,18400,25600,3100,4200,3700,10600,3600,500,3000,1800
204.0,9.3,297300,2766516.0,9.28,9.27,9.25,9.24,9.23,9.22,9.21,9.2,9.18,9.17,9.3,9.31,9.32,9.33,9.34,9.35,9.36,9.37,9.38,9.39,1300,2600,1400,3800,400,1600,9100,1000,1800,800,18300,25600,3100,4200,3700,10600,3600,500,3000,1800
205.0,9.28,298000,2773012.0,9.28,9.27,9.25,9.24,9.23,9.22,9.21,9.2,9.18,9.17,9.3,9.31,9.32,9.33,9.34,9.35,9.36,9.37,9.38,9.39,800,2600,1400,3800,400,1600,9100,1000,1800,800,18500,25600,3100,4200,3700,11100,3600,500,3000,1800
206.0,9.28,298300,2775796.0,9.28,9.27,9.25,9.24,9.23,9.22,9.21,9.2,9.18,9.17,9.3,9.31,9.32,9.33,9.34,9.35,9.36,9.37,9.38,9.39,500,2600,1400,3800,400,1600,9100,1000,1800,800,18500,25600,3100,4200,3700,11100,3600,500,3000,1800
207.0,9.28,299500,2786954.0,9.28,9.27,9.25,9.24,9.23,9.22,9.21,9.2,9.18,9.17,9.3,9.31,9.32,9.33,9.34,9.35,9.36,9.37,9.38,9.39,600,2600,1400,3800,400,1600,9100,1000,1800,800,17600,25600,3100,4200,3700,11100,3600,500,3000,1800
208.0,9.28,299500,2786954.0,9.28,9.27,9.25,9.24,9.23,9.22,9.21,9.2,9.18,9.17,9.3,9.31,9.32,9.33,9.34,9.35,9.36,9.37,9.38,9.39,600,2600,1600,3800,400,1600,9100,1000,1800,800,17600,25600,3100,4200,3700,11600,3600,500,3000,1800
209.0,9.28,299500,2786954.0,9.28,9.27,9.25,9.24,9.23,9.22,9.21,9.2,9.18,9.17,9.3,9.31,9.32,9.33,9.34,9.35,9.36,9.37,9.38,9.39,600,2600,1600,3800,400,1600,9100,1000,1800,800,17600,25600,3100,4200,3700,11600,3600,500,3000,1800
210.0,9.28,299500,2786954.0,9.28,9.27,9.25,9.24,9.23,9.22,9.21,9.2,9.18,9.17,9.3,9.31,9.32,9.33,9.34,9.35,9.36,9.37,9.38,9.39,800,2600,1600,3800,400,1600,9100,1000,1800,800,19400,25600,3100,4200,3700,11600,3600,500,3000,1800
211.0,9.28,299500,2786954.0,9.28,9.27,9.25,9.24,9.23,9.22,9.21,9.2,9.18,9.17,9.3,9.31,9.32,9.33,9.34,9.35,9.36,9.37,9.38,9.39,800,2600,1600,3800,400,1600,9100,1000,1800,800,19400,25600,3100,4200,3700,11600,3600,500,3000,1800
212.0,9.28,299500,2786954.0,9.28,9.27,9.25,9.24,9.23,9.22,9.21,9.2,9.18,9.17,9.3,9.31,9.32,9.33,9.34,9.35,9.36,9.37,9.38,9.39,1000,2600,1600,3800,400,1600,9100,1000,1800,800,19600,25600,3100,4200,3700,11600,3600,500,3000,1800
213.0,9.28,299500,2786954.0,9.29,9.28,9.27,9.25,9.24,9.23,9.22,9.21,9.2,9.18,9.3,9.31,9.32,9.33,9.34,9.35,9.36,9.37,9.38,9.39,600,1000,2600,1400,3800,400,1600,9100,1000,1800,19600,25600,3100,4200,3700,11600,3600,500,3000,1800
214.0,9.28,299500,2786954.0,9.29,9.28,9.27,9.25,9.24,9.23,9.22,9.21,9.2,9.18,9.3,9.31,9.32,9.33,9.34,9.35,9.36,9.37,9.38,9.39,600,1000,2600,1400,3800,400,1600,9100,1000,1800,19600,25600,3100,4200,3700,11600,3600,500,3000,1800
215.0,9.28,299500,2786954.0,9.29,9.28,9.27,9.25,9.24,9.23,9.22,9.21,9.2,9.18,9.3,9.31,9.32,9.33,9.34,9.35,9.36,9.37,9.38,9.39,600,1000,2600,1400,3800,400,1600,9100,1000,1800,19600,24200,3100,4200,3700,12100,3600,500,3000,1800
216.0,9.29,299600,2787883.0,9.29,9.28,9.27,9.25,9.24,9.23,9.22,9.21,9.2,9.18,9.3,9.31,9.32,9.33,9.34,9.35,9.36,9.37,9.38,9.39,500,1000,2600,1400,3800,400,1600,9100,1000,1800,19600,24200,3100,4200,3700,12100,3600,500,3000,1800
217.0,9.29,299700,2788812.0,9.29,9.28,9.27,9.25,9.24,9.23,9.22,9.21,9.2,9.18,9.3,9.31,9.32,9.33,9.34,9.35,9.36,9.37,9.38,9.39,400,1000,2600,1400,3800,400,1600,9100,1000,1800,19600,24200,3100,4200,3700,12100,3600,500,3000,1800
218.0,9.3,300000,2791602.0,9.29,9.28,9.27,9.25,9.24,9.23,9.22,9.21,9.2,9.18,9.3,9.31,9.32,9.33,9.34,9.35,9.36,9.37,9.38,9.39,400,1000,2600,1400,3800,400,1600,9100,1000,1800,19300,24200,3100,4200,3700,12100,3600,500,3000,1800
219.0,9.29,300400,2795318.0,9.28,9.27,9.25,9.24,9.23,9.22,9.21,9.2,9.18,9.17,9.3,9.31,9.32,9.33,9.34,9.35,9.36,9.37,9.38,9.39,1000,2600,1400,3800,400,1600,9100,1000,1800,800,19300,24100,3100,4300,3700,12100,3600,500,3000,1800
220.0,9.29,300400,2795318.0,9.28,9.27,9.25,9.24,9.23,9.22,9.21,9.2,9.18,9.17,9.29,9.3,9.31,9.32,9.33,9.34,9.35,9.36,9.37,9.38,1200,2600,1400,3800,400,1600,9100,1000,1800,800,2800,19500,24100,3100,4300,3700,12100,3600,500,3000
221.0,9.29,300400,2795318.0,9.28,9.27,9.25,9.24,9.23,9.22,9.21,9.2,9.18,9.17,9.29,9.3,9.31,9.32,9.33,9.34,9.35,9.36,9.37,9.38,1200,2600,1400,3800,400,1600,9100,1000,1800,800,2800,19500,24100,3100,4300,3700,12100,3600,500,3000
222.0,9.28,300500,2796246.0,9.28,9.27,9.25,9.24,9.23,9.22,9.21,9.2,9.18,9.17,9.29,9.3,9.31,9.32,9.33,9.34,9.35,9.36,9.37,9.38,1100,2600,1400,3800,400,1600,9100,1000,1800,800,2800,19500,24100,3100,4300,3700,12100,3600,500,3000
223.0,9.28,300600,2797174.0,9.28,9.27,9.25,9.24,9.23,9.22,9.21,9.2,9.18,9.17,9.29,9.3,9.31,9.32,9.33,9.34,9.35,9.36,9.37,9.38,1000,2600,1400,3800,400,1600,9100,1000,1800,800,2800,19500,24100,3100,4300,3700,12100,3600,500,3000
224.0,9.28,300600,2797174.0,9.28,9.27,9.25,9.24,9.23,9.22,9.21,9.2,9.18,9.17,9.29,9.3,9.31,9.32,9.33,9.34,9.35,9.36,9.37,9.38,1000,2600,1400,3800,400,1600,9100,1000,1800,800,2800,19500,24100,3100,4300,3700,12100,3600,500,3000
225.0,9.28,300700,2798102.0,9.28,9.27,9.25,9.24,9.23,9.22,9.21,9.2,9.18,9.17,9.29,9.3,9.31,9.32,9.33,9.34,9.35,9.36,9.37,9.38,900,2600,1400,3800,400,1600,9100,1000,1800,800,2800,19500,24100,3100,4300,6700,12100,3600,500,3000
226.0,9.28,300700,2798102.0,9.28,9.27,9.25,9.24,9.23,9.22,9.21,9.2,9.18,9.17,9.29,9.3,9.31,9.32,9.33,9.34,9.35,9.36,9.37,9.38,900,2600,1400,3800,400,1600,9100,1000,1800,800,2800,19500,24100,3100,4300,6700,12100,3600,500,3000
227.0,9.28,300700,2798102.0,9.28,9.27,9.25,9.24,9.23,9.22,9.21,9.2,9.18,9.17,9.29,9.3,9.31,9.32,9.33,9.34,9.35,9.36,9.37,9.38,900,2600,1400,3800,400,1600,9100,1000,1800,800,2800,19500,24100,3100,4300,6700,12100,3600,500,3000
228.0,9.28,300800,2799030.0,9.28,9.27,9.25,9.24,9.23,9.22,9.21,9.2,9.18,9.17,9.29,9.3,9.31,9.32,9.33,9.34,9.35,9.36,9.37,9.38,800,2600,1400,3800,400,1600,9100,1000,1800,800,3200,19500,24100,3100,4300,6700,12100,3600,500,3000
229.0,9.28,300800,2799030.0,9.28,9.27,9.25,9.24,9.23,9.22,9.21,9.2,9.18,9.17,9.29,9.3,9.31,9.32,9.33,9.34,9.35,9.36,9.37,9.38,800,2600,1400,3800,400,1600,9100,1000,1800,800,3200,19500,24100,3100,4300,6700,12100,3600,500,3000
230.0,9.28,301600,2806454.0,9.27,9.25,9.24,9.23,9.22,9.21,9.2,9.18,9.17,9.15,9.28,9.29,9.3,9.31,9.32,9.33,9.34,9.35,9.36,9.37,2600,1400,3800,400,1600,9100,1000,1800,800,5600,100,3500,19500,24100,3100,4300,6700,12100,3600,500
231.0,9.28,301700,2807382.0,9.27,9.25,9.24,9.23,9.22,9.21,9.2,9.18,9.17,9.15,9.29,9.3,9.31,9.32,9.33,9.34,9.35,9.36,9.37,9.38,2600,1400,3800,400,1600,9100,1000,1800,800,5600,3500,19500,24100,3100,4300,6700,12100,3600,500,3000
232.0,9.29,302000,2810169.0,9.27,9.25,9.24,9.23,9.22,9.21,9.2,9.18,9.17,9.15,9.29,9.3,9.31,9.32,9.33,9.34,9.35,9.36,9.37,9.38,2600,1400,3800,400,1600,9100,1000,1800,800,5600,3200,19500,24100,3100,4300,6700,12100,3600,500,3000
233.0,9.29,302000,2810169.0,9.27,9.25,9.24,9.23,9.22,9.21,9.2,9.18,9.17,9.15,9.29,9.3,9.31,9.32,9.33,9.34,9.35,9.36,9.37,9.38,2700,1400,3800,400,1600,9100,1000,1800,800,5600,3300,19500,24100,3100,4300,6700,12100,3600,500,3000
234.0,9.29,302000,2810169.0,9.27,9.25,9.24,9.23,9.22,9.21,9.2,9.18,9.17,9.15,9.29,9.3,9.31,9.32,9.33,9.34,9.35,9.36,9.37,9.38,2700,1400,3800,400,1600,9100,1000,1800,800,5600,3900,19500,24100,3100,4300,6700,12100,3600,500,3000
235.0,9.29,302300,2812956.0,9.27,9.25,9.24,9.23,9.22,9.21,9.2,9.18,9.17,9.15,9.29,9.3,9.31,9.32,9.33,9.34,9.35,9.36,9.37,9.38,2800,1400,3800,400,1600,9100,1000,1800,800,5600,3700,19500,24100,3100,4300,6700,12100,3600,500,3000
236.0,9.29,302300,2812956.0,9.27,9.25,9.24,9.23,9.22,9.21,9.2,9.18,9.17,9.15,9.29,9.3,9.31,9.32,9.33,9.34,9.35,9.36,9.37,9.38,2800,1400,3800,400,1600,9100,1000,1800,800,5600,3700,19500,24100,3100,4300,6700,12100,3600,500,3000
237.0,9.29,302300,2812956.0,9.27,9.25,9.24,9.23,9.22,9.21,9.2,9.18,9.17,9.15,9.29,9.3,9.31,9.32,9.33,9.34,9.35,9.36,9.37,9.38,2800,1400,3800,400,1600,9100,1000,1800,800,5600,3700,19500,24100,3100,4300,6700,12100,3600,500,3000
238.0,9.27,302500,2814810.0,9.27,9.25,9.24,9.23,9.22,9.21,9.2,9.18,9.17,9.15,9.29,9.3,9.31,9.32,9.33,9.34,9.35,9.36,9.37,9.38,2700,1400,3800,400,1600,9100,1000,1800,800,5600,3800,19500,24100,3100,4300,6700,12100,3600,500,3000
239.0,9.29,302800,2817597.0,9.27,9.25,9.24,9.23,9.22,9.21,9.2,9.18,9.17,9.15,9.29,9.3,9.31,9.32,9.33,9.34,9.35,9.36,9.37,9.38,2700,1400,3900,400,1600,9100,1000,1800,800,5600,3500,19500,24100,3100,4300,6700,12100,3600,500,3000
240.0,9.27,303300,2822232.0,9.28,9.27,9.25,9.24,9.23,9.22,9.21,9.2,9.18,9.17,9.29,9.3,9.31,9.32,9.33,9.34,9.35,9.36,9.37,9.38,2000,2300,1400,3900,400,1600,9100,1000,1800,800,3600,19500,24100,3100,4300,6700,12100,3600,500,3000
241.0,9.28,305600,2843576.0,9.27,9.25,9.24,9.23,9.22,9.21,9.2,9.18,9.17,9.15,9.28,9.29,9.3,9.31,9.32,9.33,9.34,9.35,9.36,9.37,2300,1400,3900,400,1600,9100,1000,1800,800,5600,100,3600,19500,24100,3100,4300,6700,12100,3600,500
242.0,9.29,306600,2852865.0,9.27,9.25,9.24,9.23,9.22,9.21,9.2,9.18,9.17,9.15,9.29,9.3,9.31,9.32,9.33,9.34,9.35,9.36,9.37,9.38,2300,1400,3900,400,1600,9100,1000,1800,800,5600,3200,19500,24100,3100,4300,6700,12100,3600,500,3000
243.0,9.29,306600,2852865.0,9.27,9.25,9.24,9.23,9.22,9.21,9.2,9.18,9.17,9.15,9.29,9.3,9.31,9.32,9.33,9.34,9.35,9.36,9.37,9.38,2300,1400,3900,400,1600,9100,1000,1800,800,5600,3200,19500,24100,3100,4300,6700,12100,3600,500,3000
244.0,9.29,306600,2852865.0,9.27,9.25,9.24,9.23,9.22,9.21,9.2,9.18,9.17,9.15,9.29,9.3,9.31,9.32,9.33,9.34,9.35,9.36,9.37,9.38,2300,1400,3900,400,1600,9100,1000,1800,800,5600,3200,19500,24100,3100,4300,6700,12100,3600,500,3000
245.0,9.27,307100,2857506.0,9.27,9.25,9.24,9.23,9.22,9.21,9.2,9.18,9.17,9.15,9.28,9.29,9.3,9.31,9.32,9.33,9.34,9.35,9.36,9.37,2200,1400,3900,400,1600,9100,1000,1800,800,5600,1500,3000,19500,24100,3100,4300,6700,12100,3600,500
246.0,9.27,307100,2857506.0,9.27,9.25,9.24,9.23,9.22,9.21,9.2,9.18,9.17,9.15,9.28,9.29,9.3,9.31,9.32,9.33,9.34,9.35,9.36,9.37,2200,1400,3900,400,1600,9100,1000,1800,800,5600,1900,3000,19500,24100,3100,4300,6700,12100,3600,500
247.0,9.27,307100,2857506.0,9.27,9.25,9.24,9.23,9.22,9.21,9.2,9.18,9.17,9.15,9.28,9.29,9.3,9.31,9.32,9.33,9.34,9.35,9.36,9.37,2200,1400,3900,400,1600,9100,1000,1800,800,5600,1900,3000,19500,24100,3100,4300,6700,12100,3600,500
248.0,9.28,307200,2858434.0,9.27,9.25,9.24,9.23,9.22,9.21,9.2,9.18,9.17,9.15,9.28,9.29,9.3,9.31,9.32,9.33,9.34,9.35,9.36,9.37,2200,1400,3900,400,1600,9100,1000,1800,800,5600,4400,3000,19500,24100,3100,4300,6700,12100,3600,500
249.0,9.28,307200,2858434.0,9.27,9.25,9.24,9.23,9.22,9.21,9.2,9.18,9.17,9.15,9.28,9.29,9.3,9.31,9.32,9.33,9.34,9.35,9.36,9.37,2200,1400,3900,400,1600,9100,1000,1800,800,5600,4600,3000,19500,24100,3100,4300,6700,12100,3600,500
250.0,9.28,307200,2858434.0,9.27,9.25,9.24,9.23,9.22,9.21,9.2,9.18,9.17,9.15,9.28,9.29,9.3,9.31,9.32,9.33,9.34,9.35,9.36,9.37,2200,1400,3900,400,1600,9100,1000,1800,800,5600,4700,3000,19500,24100,3100,4300,6700,12100,3600,500
251.0,9.28,307400,2860290.0,9.27,9.25,9.24,9.23,9.22,9.21,9.2,9.18,9.17,9.15,9.28,9.29,9.3,9.31,9.32,9.33,9.34,9.35,9.36,9.37,2200,1400,3900,400,1600,9100,1000,1800,800,5600,4500,3000,19500,24100,3100,4300,6700,12100,3600,500
252.0,9.27,308300,2868637.0,9.27,9.25,9.24,9.23,9.22,9.21,9.2,9.18,9.17,9.15,9.28,9.29,9.3,9.31,9.32,9.33,9.34,9.35,9.36,9.37,1700,1400,3900,400,1600,9100,1000,1800,800,5600,3900,3000,19500,24100,3100,4300,6700,12100,3600,500
253.0,9.27,308400,2869564.0,9.27,9.25,9.24,9.23,9.22,9.21,9.2,9.18,9.17,9.15,9.28,9.29,9.3,9.31,9.32,9.33,9.34,9.35,9.36,9.37,1600,1400,3900,400,1600,9100,1000,1800,800,5600,3800,3000,19500,24100,3100,4300,6700,12100,3600,500
254.0,9.28,308800,2873276.0,9.27,9.25,9.24,9.23,9.22,9.21,9.2,9.18,9.17,9.15,9.28,9.29,9.3,9.31,9.32,9.33,9.34,9.35,9.36,9.37,1600,1400,3900,400,1600,9100,1000,1800,800,5600,1900,3000,19500,24100,3100,4300,6700,12100,3600,500
255.0,9.28,308900,2874204.0,9.27,9.25,9.24,9.23,9.22,9.21,9.2,9.18,9.17,9.15,9.28,9.29,9.3,9.31,9.32,9.33,9.34,9.35,9.36,9.37,1600,1400,3900,400,1600,9100,1000,1800,800,5600,1800,3000,19500,24100,3100,4300,6700,12100,3600,500
256.0,9.27,309000,2875131.0,9.27,9.25,9.24,9.23,9.22,9.21,9.2,9.18,9.17,9.15,9.28,9.29,9.3,9.31,9.32,9.33,9.34,9.35,9.36,9.37,1500,1400,3900,400,1600,9100,1000,1800,800,5600,1800,3000,19500,24100,3100,4200,6700,12100,3600,500
257.0,9.28,309200,2876987.0,9.27,9.25,9.24,9.23,9.22,9.21,9.2,9.18,9.17,9.15,9.28,9.29,9.3,9.31,9.32,9.33,9.34,9.35,9.36,9.37,1500,1400,3900,400,2000,9100,1000,1800,800,5600,1600,3000,19500,24100,3100,4200,6700,12100,3600,500
258.0,9.28,309300,2877915.0,9.27,9.25,9.24,9.23,9.22,9.21,9.2,9.18,9.17,9.15,9.28,9.29,9.3,9.31,9.32,9.33,9.34,9.35,9.36,9.37,1500,1400,3900,400,2000,9100,1000,1800,800,5600,1500,3000,19500,24100,3100,4200,6700,17100,3600,500
259.0,9.28,309300,2877915.0,9.27,9.25,9.24,9.23,9.22,9.21,9.2,9.18,9.17,9.15,9.28,9.29,9.3,9.31,9.32,9.33,9.34,9.35,9.36,9.37,1500,1400,3900,400,2000,9100,1000,1800,800,5600,1500,3000,23500,24100,3100,4200,6700,17100,3600,500
260.0,9.27,309400,2878842.0,9.27,9.25,9.24,9.23,9.22,9.21,9.2,9.18,9.17,9.15,9.28,9.29,9.3,9.31,9.32,9.33,9.34,9.35,9.36,9.37,1400,1400,3900,400,2000,9100,1000,1800,800,5600,1500,3000,23500,24100,3200,4200,6700,17100,3600,500
261.0,9.28,309500,2879770.0,9.27,9.25,9.24,9.23,9.22,9.21,9.2,9.18,9.17,9.15,9.28,9.29,9.3,9.31,9.32,9.33,9.34,9.35,9.36,9.37,1400,1400,3900,400,2000,9100,1000,1800,800,5600,1400,3000,23500,24100,3200,4200,6700,17100,3600,500
262.0,9.28,309500,2879770.0,9.27,9.25,9.24,9.23,9.22,9.21,9.2,9.18,9.17,9.15,9.28,9.29,9.3,9.31,9.32,9.33,9.34,9.35,9.36,9.37,1400,1400,3900,400,2000,9100,1000,1800,800,5600,1400,3000,21900,24100,3200,4200,6700,17100,3600,500
263.0,9.28,309500,2879770.0,9.27,9.25,9.24,9.23,9.22,9.21,9.2,9.18,9.17,9.15,9.28,9.29,9.3,9.31,9.32,9.33,9.34,9.35,9.36,9.37,1400,1400,3900,400,2000,9100,1000,1800,800,5600,1400,3000,21900,24100,3200,4200,6700,17100,3600,500
264.0,9.28,309800,2882552.0,9.27,9.25,9.24,9.23,9.22,9.21,9.2,9.18,9.17,9.15,9.28,9.29,9.3,9.31,9.32,9.33,9.34,9.35,9.36,9.37,1200,1400,3900,400,2000,9100,1000,1800,800,5600,1300,3000,21900,24100,3200,4200,6700,17100,3600,500
265.0,9.28,309800,2882552.0,9.27,9.25,9.24,9.23,9.22,9.21,9.2,9.18,9.17,9.15,9.28,9.29,9.3,9.31,9.32,9.33,9.34,9.35,9.36,9.37,1200,1400,3900,400,2000,12700,1000,1800,800,5600,1300,3000,21900,24100,3200,4200,6700,17100,3600,500
266.0,9.28,309800,2882552.0,9.27,9.25,9.24,9.23,9.22,9.21,9.2,9.18,9.17,9.15,9.28,9.29,9.3,9.31,9.32,9.33,9.34,9.35,9.36,9.37,1600,1400,3900,400,2000,12700,1000,1800,800,5600,1300,3000,21900,24100,3200,4200,6700,17100,3600,500
267.0,9.28,309900,2883480.0,9.27,9.25,9.24,9.23,9.22,9.21,9.2,9.18,9.17,9.15,9.28,9.29,9.3,9.31,9.32,9.33,9.34,9.35,9.36,9.37,1600,1400,3900,400,2000,12700,1000,1800,800,5600,1200,3000,21900,24100,3200,4200,6700,17100,3600,500
268.0,9.29,311300,2896472.0,9.27,9.25,9.24,9.23,9.22,9.21,9.2,9.18,9.17,9.15,9.29,9.3,9.31,9.32,9.33,9.34,9.35,9.36,9.37,9.38,1500,1400,3900,400,2000,12700,1000,1800,800,5600,2900,21900,24100,3200,4200,6700,17100,3600,500,3000
269.0,9.27,311800,2901107.0,9.27,9.25,9.24,9.23,9.22,9.21,9.2,9.18,9.17,9.15,9.29,9.3,9.31,9.32,9.33,9.34,9.35,9.36,9.37,9.38,1000,1400,3900,400,2000,12700,1000,1800,800,5600,2300,21900,24100,3200,4200,6700,17100,3600,500,3000
270.0,9.29,312000,2902965.0,9.27,9.25,9.24,9.23,9.22,9.21,9.2,9.18,9.17,9.15,9.29,9.3,9.31,9.32,9.33,9.34,9.35,9.36,9.37,9.38,1000,1400,3900,400,2000,12700,1000,1800,800,5600,2100,21900,24100,3200,4200,6700,17100,3600,500,3000
271.0,9.29,312000,2902965.0,9.27,9.25,9.24,9.23,9.22,9.21,9.2,9.18,9.17,9.15,9.29,9.3,9.31,9.32,9.33,9.34,9.35,9.36,9.37,9.38,1000,1400,3900,400,2000,12700,1000,1800,800,5600,2200,21900,24100,3200,4200,6700,17100,3600,500,3000
272.0,9.29,312000,2902965.0,9.27,9.25,9.24,9.23,9.22,9.21,9.2,9.18,9.17,9.15,9.28,9.29,9.3,9.31,9.32,9.33,9.34,9.35,9.36,9.37,1100,1400,3900,400,2000,12700,1000,1800,800,5600,1000,2200,21900,24100,3200,4200,6700,17100,3600,500
273.0,9.28,312100,2903893.0,9.27,9.25,9.24,9.23,9.22,9.21,9.2,9.18,9.17,9.15,9.28,9.29,9.3,9.31,9.32,9.33,9.34,9.35,9.36,9.37,1100,1400,3900,400,2000,12700,1000,1800,800,5600,900,2200,21900,24100,3200,4200,6700,17100,3600,500
274.0,9.28,312800,2910385.0,9.27,9.26,9.25,9.24,9.23,9.22,9.21,9.2,9.18,9.17,9.28,9.29,9.3,9.31,9.32,9.33,9.34,9.35,9.36,9.37,700,700,1800,3900,400,2000,12700,1000,1800,800,600,2200,21900,24100,3200,4200,6700,17100,3600,500
275.0,9.28,313500,2916880.0,9.28,9.27,9.26,9.25,9.24,9.23,9.22,9.21,9.2,9.18,9.29,9.3,9.31,9.32,9.33,9.34,9.35,9.36,9.37,9.38,1200,600,700,1900,3900,400,2000,15900,1000,1800,2200,21900,24100,3200,4200,6700,17100,3600,500,3000
276.0,9.28,314000,2921520.0,9.28,9.27,9.26,9.25,9.24,9.23,9.22,9.21,9.2,9.18,9.29,9.3,9.31,9.32,9.33,9.34,9.35,9.36,9.37,9.38,700,600,700,1900,3900,400,2000,15900,1000,1800,3900,21900,24100,3200,4200,6700,19100,3600,500,3000
277.0,9.29,314300,2924307.0,9.28,9.27,9.26,9.25,9.24,9.23,9.22,9.21,9.2,9.18,9.29,9.3,9.31,9.32,9.33,9.34,9.35,9.36,9.37,9.38,700,600,700,1900,3900,400,2000,15900,1000,1800,3600,21900,24100,3200,4200,6700,19100,3600,500,3000
278.0,9.29,314300,2924307.0,9.28,9.27,9.26,9.25,9.24,9.23,9.22,9.21,9.2,9.18,9.29,9.3,9.31,9.32,9.33,9.34,9.35,9.36,9.37,9.38,700,600,700,1900,3900,400,2000,12700,1000,1800,3600,21900,24100,3200,4200,6700,19100,3600,500,3000
279.0,9.29,314300,2924307.0,9.28,9.27,9.26,9.25,9.24,9.23,9.22,9.21,9.2,9.18,9.29,9.3,9.31,9.32,9.33,9.34,9.35,9.36,9.37,9.38,700,600,700,1900,3900,400,2000,12700,1000,1800,3600,21900,24100,3200,4200,6700,19100,3600,500,3000
280.0,9.29,314700,2928023.0,9.28,9.27,9.26,9.25,9.24,9.23,9.22,9.21,9.2,9.18,9.29,9.3,9.31,9.32,9.33,9.34,9.35,9.36,9.37,9.38,900,600,700,1900,3900,400,2000,12700,1000,1800,3200,21900,24100,3200,4200,6700,19100,3600,500,3000
281.0,9.29,314700,2928023.0,9.28,9.27,9.26,9.25,9.24,9.23,9.22,9.21,9.2,9.18,9.29,9.3,9.31,9.32,9.33,9.34,9.35,9.36,9.37,9.38,900,600,700,1900,3900,400,2000,12700,1000,1800,3200,21900,24100,3200,4200,6700,19100,3600,500,3000
282.0,9.29,314700,2928023.0,9.28,9.27,9.26,9.25,9.24,9.23,9.22,9.21,9.2,9.18,9.29,9.3,9.31,9.32,9.33,9.34,9.35,9.36,9.37,9.38,900,600,700,1900,3900,400,2000,12700,1000,1800,3200,22800,24100,3200,4200,6700,19100,3600,500,3000
283.0,9.29,314700,2928023.0,9.28,9.27,9.26,9.25,9.24,9.23,9.22,9.21,9.2,9.18,9.29,9.3,9.31,9.32,9.33,9.34,9.35,9.36,9.37,9.38,900,600,700,1900,3900,400,2000,12700,1000,1800,3200,22800,24100,3200,4200,6700,19100,3600,500,3000
284.0,9.29,315000,2930810.0,9.28,9.27,9.26,9.25,9.24,9.23,9.22,9.21,9.2,9.18,9.29,9.3,9.31,9.32,9.33,9.34,9.35,9.36,9.37,9.38,900,600,700,1900,3900,400,2000,12700,1000,1800,2900,22800,24100,3200,4200,6700,19100,3600,500,3000
285.0,9.29,315000,2930810.0,9.28,9.27,9.26,9.25,9.24,9.23,9.22,9.21,9.2,9.18,9.29,9.3,9.31,9.32,9.33,9.34,9.35,9.36,9.37,9.38,900,800,700,1900,3900,400,2000,12700,1000,1800,2900,22800,24100,3200,4200,6700,19100,3600,500,3000
286.0,9.29,315000,2930810.0,9.28,9.27,9.26,9.25,9.24,9.23,9.22,9.21,9.2,9.18,9.29,9.3,9.31,9.32,9.33,9.34,9.35,9.36,9.37,9.38,900,800,700,1900,3900,400,2000,12700,1000,1800,2900,22800,24100,3200,4200,6700,19100,3600,500,3000
287.0,9.28,315300,2933596.0,9.28,9.27,9.26,9.25,9.24,9.23,9.22,9.21,9.2,9.18,9.29,9.3,9.31,9.32,9.33,9.34,9.35,9.36,9.37,9.38,800,800,700,1900,3900,400,2000,12700,1000,1800,2700,22800,24100,3200,4200,6700,19100,3600,500,3000
288.0,9.28,315300,2933596.0,9.28,9.27,9.26,9.25,9.24,9.23,9.22,9.21,9.2,9.18,9.29,9.3,9.31,9.32,9.33,9.34,9.35,9.36,9.37,9.38,800,800,700,1900,3900,400,2000,12700,1000,1800,2700,22800,24100,3200,4200,6700,19100,3600,500,3000
289.0,9.29,315500,2935454.0,9.28,9.27,9.26,9.25,9.24,9.23,9.22,9.21,9.2,9.18,9.29,9.3,9.31,9.32,9.33,9.34,9.35,9.36,9.37,9.38,800,800,700,1900,3900,400,2000,12700,1000,1800,2500,22800,24100,3200,4200,6700,19100,3600,500,3000
290.0,9.29,315700,2937312.0,9.28,9.27,9.26,9.25,9.24,9.23,9.22,9.21,9.2,9.18,9.29,9.3,9.31,9.32,9.33,9.34,9.35,9.36,9.37,9.38,800,800,700,1900,3900,400,2000,12700,1000,1800,2300,22800,24100,3100,4200,6700,19100,3600,500,3000
291.0,9.29,315700,2937312.0,9.28,9.27,9.26,9.25,9.24,9.23,9.22,9.21,9.2,9.18,9.29,9.3,9.31,9.32,9.33,9.34,9.35,9.36,9.37,9.38,800,800,700,1900,3900,400,2000,12700,1000,1800,2300,22800,24100,3100,4200,6700,19100,3600,500,3000
292.0,9.29,315700,2937312.0,9.28,9.27,9.26,9.25,9.24,9.23,9.22,9.21,9.2,9.18,9.29,9.3,9.31,9.32,9.33,9.34,9.35,9.36,9.37,9.38,800,800,700,1900,3900,400,2000,12700,1000,1800,2300,22800,24100,3100,4200,6700,19100,3600,500,3000
293.0,9.29,315700,2937312.0,9.28,9.27,9.26,9.25,9.24,9.23,9.22,9.21,9.2,9.18,9.29,9.3,9.31,9.32,9.33,9.34,9.35,9.36,9.37,9.38,800,800,700,1900,3900,400,2000,12700,1000,1800,2300,22800,24100,3100,4200,6700,19100,2600,500,3000
294.0,9.29,315900,2939170.0,9.28,9.27,9.26,9.25,9.24,9.23,9.22,9.21,9.2,9.18,9.29,9.3,9.31,9.32,9.33,9.34,9.35,9.36,9.37,9.38,800,800,700,1900,3900,400,2000,12700,1000,1800,2100,22800,24100,3100,4200,6700,19100,3300,500,3000
295.0,9.29,316100,2941028.0,9.28,9.27,9.26,9.25,9.24,9.23,9.22,9.21,9.2,9.18,9.29,9.3,9.31,9.32,9.33,9.34,9.35,9.36,9.37,9.38,1800,800,700,1900,3900,400,2000,12700,1000,1800,1900,22800,24100,3100,4200,6700,19100,3300,500,3000
296.0,9.28,316200,2941956.0,9.28,9.27,9.26,9.25,9.24,9.23,9.22,9.21,9.2,9.18,9.29,9.3,9.31,9.32,9.33,9.34,9.35,9.36,9.37,9.38,1700,800,700,1900,3900,400,2000,12700,1000,1800,2000,22800,24100,3100,4200,6700,19100,3300,500,3000
297.0,9.28,316500,2944742.0,9.28,9.27,9.26,9.25,9.24,9.23,9.22,9.21,9.2,9.18,9.29,9.3,9.31,9.32,9.33,9.34,9.35,9.36,9.37,9.38,1600,800,700,1900,3900,400,2000,12700,1000,1800,1800,27800,24100,3100,4200,6700,19100,3300,500,3000
298.0,9.28,316500,2944742.0,9.28,9.27,9.26,9.25,9.24,9.23,9.22,9.21,9.2,9.18,9.29,9.3,9.31,9.32,9.33,9.34,9.35,9.36,9.37,9.38,1600,800,700,1900,3900,400,2000,12700,1000,1800,1800,27800,24100,3100,4200,6700,19100,3300,500,3000
299.0,9.28,317600,2954950.0,9.28,9.27,9.26,9.25,9.24,9.23,9.22,9.21,9.2,9.18,9.29,9.3,9.31,9.32,9.33,9.34,9.35,9.36,9.37,9.38,500,800,700,1900,3900,400,2000,12700,1000,1800,1800,27800,24100,3100,4200,6700,19100,3300,500,3000
300.0,9.28,317800,2956807.0,9.28,9.27,9.26,9.25,9.24,9.23,9.22,9.21,9.2,9.18,9.29,9.3,9.31,9.32,9.33,9.34,9.35,9.36,9.37,9.38,400,800,700,1900,3900,400,2000,12700,1000,1800,1700,27800,9100,3100,4200,6700,19100,3300,500,3000
301.0,9.28,317800,2956807.0,9.28,9.27,9.26,9.25,9.24,9.23,9.22,9.21,9.2,9.18,9.29,9.3,9.31,9.32,9.33,9.34,9.35,9.36,9.37,9.38,400,800,700,1900,3900,400,2000,12700,1000,1800,1700,27800,9100,3100,4200,6700,19100,3300,500,3000
302.0,9.28,317800,2956807.0,9.28,9.27,9.26,9.25,9.24,9.23,9.22,9.21,9.2,9.18,9.29,9.3,9.31,9.32,9.33,9.34,9.35,9.36,9.37,9.38,400,800,700,1900,3900,400,2000,12700,1000,1800,1700,27800,9100,3100,4200,6700,19100,3300,500,3000
303.0,9.28,317800,2956807.0,9.28,9.27,9.26,9.25,9.24,9.23,9.22,9.21,9.2,9.18,9.29,9.3,9.31,9.32,9.33,9.34,9.35,9.36,9.37,9.38,400,800,700,1900,3900,400,2000,12700,1000,1800,1700,27800,9100,3100,4200,6700,19100,3300,500,3000
304.0,9.27,318700,2965156.0,9.27,9.26,9.25,9.24,9.23,9.22,9.21,9.2,9.18,9.17,9.28,9.29,9.3,9.31,9.32,9.33,9.34,9.35,9.36,9.37,400,700,1900,3900,400,2000,12700,1000,1800,800,500,1600,27800,9100,3100,4200,6700,19100,3300,500
305.0,9.29,321700,2993013.0,9.29,9.27,9.26,9.25,9.24,9.23,9.22,9.21,9.2,9.18,9.3,9.31,9.32,9.33,9.34,9.35,9.36,9.37,9.38,9.39,1300,5400,700,1900,3900,400,2000,12700,1000,1800,27800,9100,3100,4200,6700,19100,3300,500,3000,1500
306.0,9.29,321800,2993942.0,9.29,9.27,9.26,9.25,9.24,9.23,9.22,9.21,9.2,9.18,9.3,9.31,9.32,9.33,9.34,9.35,9.36,9.37,9.38,9.39,1900,5400,700,1900,3900,400,2000,12700,1000,1800,27800,9100,3100,4200,6700,19100,3300,500,3000,1500
307.0,9.3,322800,3003242.0,9.29,9.27,9.26,9.25,9.24,9.23,9.22,9.21,9.2,9.18,9.3,9.31,9.32,9.33,9.34,9.35,9.36,9.37,9.38,9.39,1900,5400,700,1900,3900,400,3600,12700,1000,1800,26900,9100,3100,4200,6700,19100,3300,500,3000,1500
308.0,9.3,322800,3003242.0,9.29,9.28,9.27,9.26,9.25,9.24,9.23,9.22,9.21,9.2,9.3,9.31,9.32,9.33,9.34,9.35,9.36,9.37,9.38,9.39,1900,400,5400,700,1900,3900,400,3600,12700,1000,27300,9100,3100,4200,6700,19100,3300,500,3000,1500
309.0,9.3,322800,3003242.0,9.29,9.28,9.27,9.26,9.25,9.24,9.23,9.22,9.21,9.2,9.3,9.31,9.32,9.33,9.34,9.35,9.36,9.37,9.38,9.39,1900,400,5400,700,1900,3900,400,3600,12700,1000,27300,9100,3100,4200,6700,19100,3300,500,3000,1500
310.0,9.3,323800,3012542.0,9.29,9.28,9.27,9.26,9.25,9.24,9.23,9.22,9.21,9.2,9.3,9.31,9.32,9.33,9.34,9.35,9.36,9.37,9.38,9.39,1200,400,5400,700,1900,3900,400,3600,12700,1000,26300,9100,3100,4200,6700,19100,3300,500,3000,1500
311.0,9.3,325900,3032072.0,9.29,9.28,9.27,9.26,9.25,9.24,9.23,9.22,9.21,9.2,9.3,9.31,9.32,9.33,9.34,9.35,9.36,9.37,9.38,9.39,1200,400,5400,700,1900,3900,400,3600,12700,1000,24200,9100,3100,4200,6700,19100,3300,500,3000,1500
312.0,9.29,326100,3033930.0,9.29,9.28,9.27,9.26,9.25,9.24,9.23,9.22,9.21,9.2,9.3,9.31,9.32,9.33,9.34,9.35,9.36,9.37,9.38,9.39,1000,2500,5400,2200,1700,3900,400,3600,12700,1000,24200,9100,3100,4200,6700,19100,3300,500,3000,1500
313.0,9.29,326400,3036717.0,9.29,9.28,9.27,9.26,9.25,9.24,9.23,9.22,9.21,9.2,9.3,9.31,9.32,9.33,9.34,9.35,9.36,9.37,9.38,9.39,700,2700,5400,1500,1700,3900,400,3600,12700,1000,24200,9100,3100,4200,6700,19100,3300,500,3000,1500
314.0,9.3,327400,3046017.0,9.29,9.28,9.27,9.26,9.25,9.24,9.23,9.22,9.21,9.2,9.3,9.31,9.32,9.33,9.34,9.35,9.36,9.37,9.38,9.39,700,2700,5400,1500,1700,3900,400,3600,12700,1000,23200,9100,3100,4200,6700,19100,3300,500,3000,1500
315.0,9.28,329900,3069224.0,9.28,9.27,9.26,9.25,9.24,9.23,9.22,9.21,9.2,9.18,9.3,9.31,9.32,9.33,9.34,9.35,9.36,9.37,9.38,9.39,900,5400,1500,1700,3900,400,3600,12700,1000,1800,23200,9100,3100,4200,6700,19100,3300,500,3000,1500
316.0,9.28,329900,3069224.0,9.28,9.27,9.26,9.25,9.24,9.23,9.22,9.21,9.2,9.18,9.29,9.3,9.31,9.32,9.33,9.34,9.35,9.36,9.37,9.38,900,5400,1500,1700,3900,400,3600,12700,1000,1800,800,25000,9100,3100,4200,6700,19100,3300,500,3000
317.0,9.28,329900,3069224.0,9.28,9.27,9.26,9.25,9.24,9.23,9.22,9.21,9.2,9.18,9.29,9.3,9.31,9.32,9.33,9.34,9.35,9.36,9.37,9.38,900,5400,1500,1700,3900,400,3600,12700,1000,1800,900,25000,9100,3100,4200,6700,19100,3300,500,3000
318.0,9.28,329900,3069224.0,9.28,9.27,9.26,9.25,9.24,9.23,9.22,9.21,9.2,9.18,9.29,9.3,9.31,9.32,9.33,9.34,9.35,9.36,9.37,9.38,900,5400,1500,1700,3900,400,3600,12700,1000,1800,900,25000,9100,3100,4200,6700,19100,3300,500,3000
319.0,9.28,329900,3069224.0,9.28,9.27,9.26,9.25,9.24,9.23,9.22,9.21,9.2,9.18,9.29,9.3,9.31,9.32,9.33,9.34,9.35,9.36,9.37,9.38,900,5400,1500,1700,3900,400,3600,12700,1000,1800,900,25000,9100,3100,4200,6700,19100,3300,500,3000
320.0,9.28,329900,3069224.0,9.28,9.27,9.26,9.25,9.24,9.23,9.22,9.21,9.2,9.18,9.29,9.3,9.31,9.32,9.33,9.34,9.35,9.36,9.37,9.38,900,5400,1500,1700,3900,400,3600,12700,1000,1800,900,25000,9100,3100,4200,6700,19100,3300,500,3000
321.0,9.28,329900,3069224.0,9.28,9.27,9.26,9.25,9.24,9.23,9.22,9.21,9.2,9.18,9.29,9.3,9.31,9.32,9.33,9.34,9.35,9.36,9.37,9.38,900,5400,1500,1700,3900,400,3600,12700,1000,1800,900,25000,9100,3100,4200,6700,19100,5500,500,3000
322.0,9.27,333300,3100753.0,9.27,9.26,9.25,9.24,9.23,9.22,9.21,9.2,9.18,9.17,9.29,9.3,9.31,9.32,9.33,9.34,9.35,9.36,9.37,9.38,3000,1500,1700,3900,400,3600,12700,1000,1800,800,800,25000,9100,3100,4200,6700,19100,5500,500,3000
323.0,9.27,333300,3100753.0,9.27,9.26,9.25,9.24,9.23,9.22,9.21,9.2,9.18,9.17,9.28,9.29,9.3,9.31,9.32,9.33,9.34,9.35,9.36,9.37,3000,1500,1700,3900,400,3600,12700,1000,1800,800,100,900,25000,9100,3100,4200,6700,19100,5500,500
324.0,9.27,333300,3100753.0,9.27,9.26,9.25,9.24,9.23,9.22,9.21,9.2,9.18,9.17,9.28,9.29,9.3,9.31,9.32,9.33,9.34,9.35,9.36,9.37,3100,1500,1700,3900,400,3600,12700,1000,1800,800,100,900,25000,9100,3100,4200,6700,19100,5500,500
325.0,9.27,333300,3100753.0,9.27,9.26,9.25,9.24,9.23,9.22,9.21,9.2,9.18,9.17,9.28,9.29,9.3,9.31,9.32,9.33,9.34,9.35,9.36,9.37,3100,1500,1700,3900,400,3600,12700,1000,1800,800,100,900,25000,9100,3100,4200,6700,19100,5500,500
326.0,9.27,333400,3101680.0,9.27,9.26,9.25,9.24,9.23,9.22,9.21,9.2,9.18,9.17,9.28,9.29,9.3,9.31,9.32,9.33,9.34,9.35,9.36,9.37,3100,1500,1700,3900,400,3600,12700,1000,1800,800,100,900,25000,9100,3100,4200,6700,19100,5500,500
327.0,9.27,333700,3104461.0,9.27,9.26,9.25,9.24,9.23,9.22,9.21,9.2,9.18,9.17,9.28,9.29,9.3,9.31,9.32,9.33,9.34,9.35,9.36,9.37,2800,1500,1700,3900,400,3600,12700,1000,1800,800,100,900,25000,9100,3100,4200,6700,19100,5500,500
328.0,9.27,333700,3104461.0,9.27,9.26,9.25,9.24,9.23,9.22,9.21,9.2,9.18,9.17,9.28,9.29,9.3,9.31,9.32,9.33,9.34,9.35,9.36,9.37,2800,1500,1700,3900,400,3600,12700,1000,1800,800,100,900,25000,9100,3100,4200,6700,19100,5500,500
329.0,9.29,334000,3107247.0,9.27,9.26,9.25,9.24,9.23,9.22,9.21,9.2,9.18,9.17,9.29,9.3,9.31,9.32,9.33,9.34,9.35,9.36,9.37,9.38,2800,1500,1700,3900,400,3600,12700,1000,1800,800,700,25000,9100,3100,4200,6700,19100,5500,500,3000
330.0,9.29,334000,3107247.0,9.27,9.26,9.25,9.24,9.23,9.22,9.21,9.2,9.18,9.17,9.29,9.3,9.31,9.32,9.33,9.34,9.35,9.36,9.37,9.38,2800,1500,1700,3900,400,3600,12700,1000,1800,800,700,25000,9100,3100,4200,6700,19100,5500,500,3000
331.0,9.29,334000,3107247.0,9.27,9.26,9.25,9.24,9.23,9.22,9.21,9.2,9.18,9.17,9.29,9.3,9.31,9.32,9.33,9.34,9.35,9.36,9.37,9.38,2800,1500,1700,3900,400,3600,12700,1000,1800,800,700,25000,9100,3100,4200,6700,19100,5500,500,3000
332.0,9.29,334000,3107247.0,9.27,9.26,9.25,9.24,9.23,9.22,9.21,9.2,9.18,9.17,9.29,9.3,9.31,9.32,9.33,9.34,9.35,9.36,9.37,9.38,2900,1500,1700,3900,2400,3600,12700,1000,1800,800,800,25000,9100,2100,4200,6700,19100,5500,500,3000
333.0,9.29,334100,3108176.0,9.27,9.26,9.25,9.24,9.23,9.22,9.21,9.2,9.18,9.17,9.29,9.3,9.31,9.32,9.33,9.34,9.35,9.36,9.37,9.38,2900,1500,1700,3900,2400,3600,12700,1000,1800,800,700,25000,9100,2100,4200,6700,19100,5500,500,3000
334.0,9.29,334200,3109105.0,9.27,9.26,9.25,9.24,9.23,9.22,9.21,9.2,9.18,9.17,9.29,9.3,9.31,9.32,9.33,9.34,9.35,9.36,9.37,9.38,2900,1500,1700,3900,2400,3600,12700,1000,1800,800,700,25000,9100,2100,4200,6700,19100,5500,500,3000
335.0,9.27,335200,3118375.0,9.27,9.26,9.25,9.24,9.23,9.22,9.21,9.2,9.18,9.17,9.29,9.3,9.31,9.32,9.33,9.34,9.35,9.36,9.37,9.38,2000,1500,1700,3900,2400,3600,12700,1000,1800,800,700,25000,9100,2100,4200,6700,19100,5500,500,3000
336.0,9.27,335200,3118375.0,9.27,9.26,9.25,9.24,9.23,9.22,9.21,9.2,9.18,9.17,9.29,9.3,9.31,9.32,9.33,9.34,9.35,9.36,9.37,9.38,2000,1500,1700,3900,2400,3600,12700,1000,1800,800,800,25000,9100,2100,4200,6700,19100,5500,500,3000
337.0,9.27,335200,3118375.0,9.27,9.26,9.25,9.24,9.23,9.22,9.21,9.2,9.18,9.17,9.29,9.3,9.31,9.32,9.33,9.34,9.35,9.36,9.37,9.38,2100,1500,1700,3900,2400,3600,12700,1000,1800,800,900,25000,9100,2100,4200,6700,19100,5500,500,3000
338.0,9.27,335200,3118375.0,9.27,9.26,9.25,9.24,9.23,9.22,9.21,9.2,9.18,9.17,9.29,9.3,9.31,9.32,9.33,9.34,9.35,9.36,9.37,9.38,2100,1500,1700,3900,2400,3600,12700,1000,1800,800,900,25000,9100,2100,4200,6700,19100,5500,500,3000
339.0,9.27,335200,3118375.0,9.27,9.26,9.25,9.24,9.23,9.22,9.21,9.2,9.18,9.17,9.29,9.3,9.31,9.32,9.33,9.34,9.35,9.36,9.37,9.38,2100,1500,1700,3900,2400,3600,12700,1000,1800,800,900,25000,9100,2100,4200,6700,19100,5500,500,3000
340.0,9.27,335200,3118375.0,9.27,9.26,9.25,9.24,9.23,9.22,9.21,9.2,9.18,9.17,9.29,9.3,9.31,9.32,9.33,9.34,9.35,9.36,9.37,9.38,2200,1500,1700,3900,2400,3600,12700,1000,1800,800,1000,25000,9100,2100,4200,6700,19100,5500,500,3000
341.0,9.27,335200,3118375.0,9.27,9.26,9.25,9.24,9.23,9.22,9.21,9.2,9.18,9.17,9.29,9.3,9.31,9.32,9.33,9.34,9.35,9.36,9.37,9.38,2200,1500,1700,3900,2400,3600,12700,1000,1800,800,1000,25000,9100,2100,4200,6700,19100,5500,500,3000
342.0,9.29,335500,3121162.0,9.27,9.26,9.25,9.24,9.23,9.22,9.21,9.2,9.18,9.17,9.29,9.3,9.31,9.32,9.33,9.34,9.35,9.36,9.37,9.38,2200,1500,1700,3900,2400,3600,12700,1000,1800,800,700,25000,9100,2100,4200,6700,19100,5500,500,3000
343.0,9.27,335700,3123016.0,9.27,9.26,9.25,9.24,9.23,9.22,9.21,9.2,9.18,9.17,9.29,9.3,9.31,9.32,9.33,9.34,9.35,9.36,9.37,9.38,2100,1500,1700,3900,2400,3600,12700,1000,1800,800,800,25000,9100,2100,4200,6700,19100,5500,500,3000
344.0,9.27,335700,3123016.0,9.27,9.26,9.25,9.24,9.23,9.22,9.21,9.2,9.18,9.17,9.29,9.3,9.31,9.32,9.33,9.34,9.35,9.36,9.37,9.38,2100,1500,1700,3900,2400,3600,12700,1000,1800,800,800,25000,9100,2100,4200,6700,19100,5500,500,3000
345.0,9.29,335800,3123945.0,9.27,9.26,9.25,9.24,9.23,9.22,9.21,9.2,9.18,9.17,9.29,9.3,9.31,9.32,9.33,9.34,9.35,9.36,9.37,9.38,2100,1500,1700,3900,2400,3600,12700,1000,1800,800,700,25000,9100,2100,4200,6700,19100,5500,500,3000
346.0,9.29,335800,3123945.0,9.27,9.26,9.25,9.24,9.23,9.22,9.21,9.2,9.18,9.17,9.29,9.3,9.31,9.32,9.33,9.34,9.35,9.36,9.37,9.38,2200,1500,3700,3900,2400,3600,12700,1000,1800,800,800,25000,9100,2100,4200,6700,19100,5500,500,3000
347.0,9.29,335800,3123945.0,9.27,9.26,9.25,9.24,9.23,9.22,9.21,9.2,9.18,9.17,9.28,9.29,9.3,9.31,9.32,9.33,9.34,9.35,9.36,9.37,2200,1500,3700,3900,2400,3600,12700,1000,7300,800,1000,800,25000,9100,2100,4200,6700,19100,5500,500
348.0,9.29,335800,3123945.0,9.27,9.26,9.25,9.24,9.23,9.22,9.21,9.2,9.18,9.17,9.28,9.29,9.3,9.31,9.32,9.33,9.34,9.35,9.36,9.37,2200,1500,3700,3900,2400,3600,12700,1000,7300,800,1000,1100,25000,9100,2100,4200,6700,19100,5500,500
349.0,9.28,335900,3124873.0,9.27,9.26,9.25,9.24,9.23,9.22,9.21,9.2,9.18,9.17,9.28,9.29,9.3,9.31,9.32,9.33,9.34,9.35,9.36,9.37,2200,1500,3700,3900,2400,3600,12700,1000,7300,800,900,1100,25000,9100,2100,4200,6700,19100,5500,500
350.0,9.27,338000,3144340.0,9.27,9.26,9.25,9.24,9.23,9.22,9.21,9.2,9.18,9.17,9.28,9.29,9.3,9.31,9.32,9.33,9.34,9.35,9.36,9.37,100,1500,3700,3900,2400,3600,12700,1000,7300,800,900,1100,25000,9100,2100,4200,6700,19100,5500,500
351.0,9.27,338000,3144340.0,9.27,9.26,9.25,9.24,9.23,9.22,9.21,9.2,9.18,9.17,9.28,9.29,9.3,9.31,9.32,9.33,9.34,9.35,9.36,9.37,100,1500,3700,3900,2400,3600,12700,1000,7300,800,900,1100,25000,9100,2100,4200,6700,19100,5500,500
352.0,9.27,338000,3144340.0,9.27,9.26,9.25,9.24,9.23,9.22,9.21,9.2,9.18,9.17,9.28,9.29,9.3,9.31,9.32,9.33,9.34,9.35,9.36,9.37,100,1500,3700,3900,2400,3600,12700,1000,7300,800,900,1100,25000,9100,2100,4200,6700,19100,5500,500
353.0,9.29,340000,3162911.0,9.28,9.27,9.26,9.25,9.24,9.23,9.22,9.21,9.2,9.18,9.29,9.3,9.31,9.32,9.33,9.34,9.35,9.36,9.37,9.38,100,3800,1500,3700,3900,2400,3600,12700,1000,7300,800,25000,9100,2100,4200,6700,19100,5500,500,3000
354.0,9.29,340000,3162911.0,9.28,9.27,9.26,9.25,9.24,9.23,9.22,9.21,9.2,9.18,9.29,9.3,9.31,9.32,9.33,9.34,9.35,9.36,9.37,9.38,100,4700,1500,3600,3900,2400,3600,12700,1000,7300,800,25000,9100,2100,4200,6700,19100,5500,500,3000
355.0,9.29,340000,3162911.0,9.28,9.27,9.26,9.25,9.24,9.23,9.22,9.21,9.2,9.18,9.29,9.3,9.31,9.32,9.33,9.34,9.35,9.36,9.37,9.38,100,4700,1500,3600,3900,2400,3600,12700,1000,7300,800,25000,9100,2100,4200,6700,19100,5500,500,3000
356.0,9.29,340000,3162911.0,9.28,9.27,9.26,9.25,9.24,9.23,9.22,9.21,9.2,9.18,9.29,9.3,9.31,9.32,9.33,9.34,9.35,9.36,9.37,9.38,100,4700,1500,3600,3900,2400,3600,12700,1000,7300,800,25000,9100,2100,4200,6700,19100,5500,500,3000
357.0,9.29,340300,3165698.0,9.28,9.27,9.26,9.25,9.24,9.23,9.22,9.21,9.2,9.18,9.29,9.3,9.31,9.32,9.33,9.34,9.35,9.36,9.37,9.38,100,3900,1500,3600,3900,2400,3600,12700,1000,7300,500,25000,9100,2100,4200,6700,19100,5500,500,3000
358.0,9.29,340300,3165698.0,9.28,9.27,9.26,9.25,9.24,9.23,9.22,9.21,9.2,9.18,9.29,9.3,9.31,9.32,9.33,9.34,9.35,9.36,9.37,9.38,100,3800,1500,3600,3900,2400,3600,12700,1000,7300,500,25000,9100,2100,4200,6700,19100,5500,500,3000
359.0,9.29,340300,3165698.0,9.28,9.27,9.26,9.25,9.24,9.23,9.22,9.21,9.2,9.18,9.29,9.3,9.31,9.32,9.33,9.34,9.35,9.36,9.37,9.38,100,4900,1500,3600,3900,2400,3600,12700,1000,7300,500,25000,9100,2100,4200,6700,19100,5500,500,3000
360.0,9.29,340300,3165698.0,9.28,9.27,9.26,9.25,9.24,9.23,9.22,9.21,9.2,9.18,9.29,9.3,9.31,9.32,9.33,9.34,9.35,9.36,9.37,9.38,100,4900,1500,3600,3900,2400,3600,12700,1000,7300,500,25000,9100,2100,4200,6700,19100,5500,500,3000
361.0,9.29,340300,3165698.0,9.28,9.27,9.26,9.25,9.24,9.23,9.22,9.21,9.2,9.18,9.29,9.3,9.31,9.32,9.33,9.34,9.35,9.36,9.37,9.38,100,4900,1500,3600,3900,2400,3600,12700,1000,7300,500,25000,9100,2100,4200,6700,19100,5500,500,3000
362.0,9.28,343700,3197218.0,9.28,9.27,9.26,9.25,9.24,9.23,9.22,9.21,9.2,9.18,9.29,9.3,9.31,9.32,9.33,9.34,9.35,9.36,9.37,9.38,300,1700,1500,3600,3900,2400,3600,12700,1000,7300,500,25000,9100,2100,4200,6700,19100,5500,500,3000
363.0,9.28,343800,3198146.0,9.28,9.27,9.26,9.25,9.24,9.23,9.22,9.21,9.2,9.18,9.29,9.3,9.31,9.32,9.33,9.34,9.35,9.36,9.37,9.38,200,1700,1500,3600,3900,2400,3600,12700,1000,7300,500,25000,9100,2100,4200,6700,19100,5500,500,3000
364.0,9.28,343800,3198146.0,9.28,9.27,9.26,9.25,9.24,9.23,9.22,9.21,9.2,9.18,9.29,9.3,9.31,9.32,9.33,9.34,9.35,9.36,9.37,9.38,200,1700,1500,3600,3900,2400,3600,12700,1000,7300,500,25000,9100,2100,4200,6700,19100,5500,500,3000
365.0,9.28,345400,3212983.0,9.27,9.26,9.25,9.24,9.23,9.22,9.21,9.2,9.18,9.17,9.29,9.3,9.31,9.32,9.33,9.34,9.35,9.36,9.37,9.38,600,1500,3600,3900,2400,3600,12700,1000,7300,800,500,25000,9100,2100,4200,6700,19100,5500,500,3000
366.0,9.26,347300,3230591.0,9.26,9.25,9.24,9.23,9.22,9.21,9.2,9.18,9.17,9.15,9.27,9.29,9.3,9.31,9.32,9.33,9.34,9.35,9.36,9.37,1000,3600,3900,2400,3600,12700,1000,7300,800,5600,500,800,25000,9100,2100,4200,6700,19100,5500,500
367.0,9.26,347300,3230591.0,9.26,9.25,9.24,9.23,9.22,9.21,9.2,9.18,9.17,9.15,9.27,9.29,9.3,9.31,9.32,9.33,9.34,9.35,9.36,9.37,1000,3600,3900,2400,3600,12700,1000,7300,800,5600,500,800,25000,9100,2100,4200,6700,19100,5500,500
368.0,9.25,348600,3242626.0,9.25,9.24,9.23,9.22,9.21,9.2,9.18,9.17,9.15,9.14,9.26,9.27,9.28,9.29,9.3,9.31,9.32,9.33,9.34,9.35,4200,3600,2400,3600,12700,1000,7300,800,5600,1000,1600,500,400,800,25000,9100,2100,4200,6700,19100
369.0,9.26,349000,3246330.0,9.25,9.24,9.23,9.22,9.21,9.2,9.18,9.17,9.15,9.14,9.26,9.27,9.28,9.29,9.3,9.31,9.32,9.33,9.34,9.35,4200,3600,2400,3600,12700,1000,7300,800,5600,1000,1200,500,400,800,30800,9100,2100,4200,6700,19100
370.0,9.26,349000,3246330.0,9.25,9.24,9.23,9.22,9.21,9.2,9.18,9.17,9.15,9.14,9.26,9.27,9.28,9.29,9.3,9.31,9.32,9.33,9.34,9.35,4200,3600,2400,3600,12700,1000,7300,800,5600,1000,1200,500,400,800,30800,9100,2100,4200,6700,19100
371.0,9.26,350200,3257442.0,9.26,9.25,9.24,9.23,9.22,9.21,9.2,9.18,9.17,9.15,9.27,9.28,9.29,9.3,9.31,9.32,9.33,9.34,9.35,9.36,3700,4200,3600,2400,3600,12700,1000,7300,800,5600,500,400,800,30800,9100,2100,4200,6700,19100,5500
372.0,9.26,350500,3260220.0,9.26,9.25,9.24,9.23,9.22,9.21,9.2,9.18,9.17,9.15,9.27,9.28,9.29,9.3,9.31,9.32,9.33,9.34,9.35,9.36,3400,4200,3600,2400,3600,12700,1000,7300,800,5600,500,400,800,29800,9100,2100,4200,6700,19100,5500
373.0,9.26,350800,3262998.0,9.26,9.25,9.24,9.23,9.22,9.21,9.2,9.18,9.17,9.15,9.27,9.28,9.29,9.3,9.31,9.32,9.33,9.34,9.35,9.36,3100,4200,3600,2400,3600,12700,1000,7300,800,5600,500,400,800,29800,9100,2100,4200,6700,19100,5500
374.0,9.27,352800,3281538.0,9.26,9.25,9.24,9.23,9.22,9.21,9.2,9.18,9.17,9.15,9.27,9.29,9.3,9.31,9.32,9.33,9.34,9.35,9.36,9.37,1100,4200,3600,2400,3600,12700,1000,7300,800,5600,1600,300,29000,9100,2100,4200,6700,19100,5500,500
375.0,9.27,352800,3281538.0,9.26,9.25,9.24,9.23,9.22,9.21,9.2,9.18,9.17,9.15,9.27,9.29,9.3,9.31,9.32,9.33,9.34,9.35,9.36,9.37,1100,4200,3600,2400,3600,12700,1000,7300,800,5600,1600,300,29000,9100,2100,4200,6700,19100,5500,500
376.0,9.26,353400,3287096.0,9.25,9.24,9.23,9.22,9.21,9.2,9.18,9.17,9.15,9.14,9.27,9.29,9.3,9.31,9.32,9.33,9.34,9.35,9.36,9.37,4200,3600,2400,3600,12700,1000,7300,800,5600,1000,1400,300,29000,9100,2100,4200,6700,19100,5500,500
377.0,9.26,353400,3287096.0,9.25,9.24,9.23,9.22,9.21,9.2,9.18,9.17,9.15,9.14,9.27,9.29,9.3,9.31,9.32,9.33,9.34,9.35,9.36,9.37,5200,3600,2400,3600,12700,1000,7300,800,5600,1000,1500,300,29000,9100,2100,4200,6700,19100,5500,500
378.0,9.26,353400,3287096.0,9.25,9.24,9.23,9.22,9.21,9.2,9.18,9.17,9.15,9.14,9.27,9.29,9.3,9.31,9.32,9.33,9.34,9.35,9.36,9.37,5200,3600,2400,3600,12700,1000,7300,800,5600,1000,1500,300,29000,9100,2100,4200,6700,19100,7500,500
379.0,9.27,353500,3288023.0,9.25,9.24,9.23,9.22,9.21,9.2,9.18,9.17,9.15,9.14,9.27,9.29,9.3,9.31,9.32,9.33,9.34,9.35,9.36,9.37,5400,3600,2400,3600,12700,1000,7300,800,5600,1000,1600,300,29000,9100,2100,4200,6700,19100,7500,500
380.0,9.27,353800,3290804.0,9.25,9.24,9.23,9.22,9.21,9.2,9.18,9.17,9.15,9.14,9.27,9.29,9.3,9.31,9.32,9.33,9.34,9.35,9.36,9.37,5500,3600,2400,3600,12700,1000,7300,800,5600,1000,1400,300,29000,9100,2100,4200,6700,19100,7500,500
381.0,9.25,354300,3295429.0,9.25,9.24,9.23,9.22,9.21,9.2,9.18,9.17,9.15,9.14,9.26,9.27,9.29,9.3,9.31,9.32,9.33,9.34,9.35,9.36,5200,3600,2400,3600,12700,1000,7300,800,5600,1000,4900,1600,300,29000,9100,2100,4200,6700,19100,7500
382.0,9.25,354300,3295429.0,9.25,9.24,9.23,9.22,9.21,9.2,9.18,9.17,9.15,9.14,9.26,9.27,9.29,9.3,9.31,9.32,9.33,9.34,9.35,9.36,5200,3600,2400,3600,12700,1000,7300,800,5600,1000,4900,1600,300,29000,9100,4100,4200,6700,19100,7500
383.0,9.26,356100,3312097.0,9.25,9.24,9.23,9.22,9.21,9.2,9.18,9.17,9.15,9.14,9.26,9.27,9.29,9.3,9.31,9.32,9.33,9.34,9.35,9.36,3200,3600,2400,3600,12700,1000,7300,800,5600,1000,3100,1600,300,29000,9100,4100,4200,6700,19100,7500
384.0,9.26,356100,3312097.0,9.25,9.24,9.23,9.22,9.21,9.2,9.18,9.17,9.16,9.15,9.26,9.27,9.29,9.3,9.31,9.32,9.33,9.34,9.35,9.36,3200,3600,2400,3600,12700,1000,7300,800,800,5600,3100,1600,300,29000,9100,4100,4200,6700,19100,7500
385.0,9.26,359200,3340803.0,9.26,9.25,9.24,9.23,9.22,9.21,9.2,9.18,9.17,9.16,9.27,9.29,9.3,9.31,9.32,9.33,9.34,9.35,9.36,9.37,200,3200,3600,2400,3600,12700,1000,7300,800,800,1600,300,29000,9100,4100,4200,6700,19100,7500,500
386.0,9.26,361900,3365821.0,9.26,9.25,9.24,9.23,9.22,9.21,9.2,9.18,9.17,9.16,9.29,9.3,9.31,9.32,9.33,9.34,9.35,9.36,9.37,9.38,6000,3200,3600,2400,3600,12700,1000,7300,800,800,300,29000,9100,4100,4200,6700,19100,7500,500,5000
387.0,9.26,361900,3365821.0,9.26,9.25,9.24,9.23,9.22,9.21,9.2,9.18,9.17,9.16,9.29,9.3,9.31,9.32,9.33,9.34,9.35,9.36,9.37,9.38,9600,3200,3600,2400,3600,12700,1000,7300,800,800,300,29000,9100,4100,4200,6700,19100,7500,500,5000
388.0,9.26,361900,3365821.0,9.26,9.25,9.24,9.23,9.22,9.21,9.2,9.18,9.17,9.16,9.29,9.3,9.31,9.32,9.33,9.34,9.35,9.36,9.37,9.38,10100,3200,3600,2400,3600,12700,1100,7300,800,800,800,29000,9100,4100,4200,6700,19100,7500,500,5000
389.0,9.26,362900,3375081.0,9.26,9.25,9.24,9.23,9.22,9.21,9.2,9.18,9.17,9.16,9.29,9.3,9.31,9.32,9.33,9.34,9.35,9.36,9.37,9.38,9100,3200,3600,2400,3600,12700,1100,7300,800,800,800,29000,9100,4100,4200,6700,19100,7500,500,5000
390.0,9.27,363300,3378788.0,9.27,9.26,9.25,9.24,9.23,9.22,9.21,9.2,9.18,9.17,9.28,9.29,9.3,9.31,9.32,9.33,9.34,9.35,9.36,9.37,1200,9300,3200,3600,2400,3600,12700,1100,7300,800,500,1100,29000,9100,4100,4200,6700,19100,7500,500
391.0,9.28,363400,3379716.0,9.27,9.26,9.25,9.24,9.23,9.22,9.21,9.2,9.18,9.17,9.28,9.29,9.3,9.31,9.32,9.33,9.34,9.35,9.36,9.37,1200,9300,3200,3600,2400,3600,12700,1100,7300,800,400,1100,29000,9100,4100,4200,6700,19100,7500,500
392.0,9.28,363400,3379716.0,9.27,9.26,9.25,9.24,9.23,9.22,9.21,9.2,9.18,9.17,9.28,9.29,9.3,9.31,9.32,9.33,9.34,9.35,9.36,9.37,1200,13900,3200,3600,2400,3600,12700,1100,7300,800,400,1100,29000,9100,4100,4200,6700,19100,7500,500
393.0,9.28,363400,3379716.0,9.27,9.26,9.25,9.24,9.23,9.22,9.21,9.2,9.18,9.17,9.28,9.29,9.3,9.31,9.32,9.33,9.34,9.35,9.36,9.37,1200,13900,3200,3600,2400,3600,12700,1100,7300,800,400,1100,29000,9100,4100,4200,6700,19100,7500,500
394.0,9.28,363400,3379716.0,9.27,9.26,9.25,9.24,9.23,9.22,9.21,9.2,9.18,9.17,9.28,9.29,9.3,9.31,9.32,9.33,9.34,9.35,9.36,9.37,1200,13900,3200,3600,2400,3600,12700,1100,7300,800,400,1100,29000,9100,4100,4200,6700,19100,7500,500
395.0,9.28,363400,3379716.0,9.27,9.26,9.25,9.24,9.23,9.22,9.21,9.2,9.18,9.17,9.28,9.29,9.3,9.31,9.32,9.33,9.34,9.35,9.36,9.37,1200,13900,3200,3600,2400,3600,12700,1100,7300,800,400,1100,29000,9100,4100,4200,6700,19100,7500,500
396.0,9.27,363500,3380643.0,9.27,9.26,9.25,9.24,9.23,9.22,9.21,9.2,9.18,9.17,9.28,9.29,9.3,9.31,9.32,9.33,9.34,9.35,9.36,9.37,1100,13900,3200,3600,2400,3600,12700,100,7300,800,400,1100,29000,9100,4100,4200,6700,19100,7500,500
397.0,9.27,363500,3380643.0,9.27,9.26,9.25,9.24,9.23,9.22,9.21,9.2,9.18,9.17,9.28,9.29,9.3,9.31,9.32,9.33,9.34,9.35,9.36,9.37,1100,13900,3200,3600,2400,3600,12700,100,7300,800,400,1100,29000,9100,4100,4200,6700,19100,7500,500
398.0,9.27,363500,3380643.0,9.27,9.26,9.25,9.24,9.23,9.22,9.21,9.2,9.18,9.17,9.28,9.29,9.3,9.31,9.32,9.33,9.34,9.35,9.36,9.37,1100,13900,3200,3600,2400,3600,12700,100,7300,800,400,1100,29000,9100,4100,4200,6700,19100,7500,500
399.0,9.27,364000,3385278.0,9.27,9.26,9.25,9.24,9.23,9.22,9.21,9.2,9.18,9.17,9.28,9.29,9.3,9.31,9.32,9.33,9.34,9.35,9.36,9.37,600,13900,3200,3600,2400,3600,12700,100,7300,800,400,1100,29000,9100,4100,4200,6700,19100,7500,500
400.0,9.27,364000,3385278.0,9.27,9.26,9.25,9.24,9.23,9.22,9.21,9.2,9.18,9.17,9.28,9.29,9.3,9.31,9.32,9.33,9.34,9.35,9.36,9.37,1600,13900,3200,3600,2400,3600,12700,100,7300,800,400,1100,29000,9100,4100,4200,6700,19100,7500,500
401.0,9.27,364000,3385278.0,9.27,9.26,9.25,9.24,9.23,9.22,9.21,9.2,9.18,9.17,9.28,9.29,9.3,9.31,9.32,9.33,9.34,9.35,9.36,9.37,1600,13900,3200,3600,2400,3600,12700,100,7300,800,400,1100,29000,9100,4100,4200,6700,19100,7500,500
402.0,9.27,364000,3385278.0,9.27,9.26,9.25,9.24,9.23,9.22,9.21,9.2,9.18,9.17,9.28,9.29,9.3,9.31,9.32,9.33,9.34,9.35,9.36,9.37,1600,13900,3200,3600,2400,3600,12700,100,7300,800,400,1100,30000,9100,4100,4200,6700,19100,7500,500
403.0,9.27,364100,3386205.0,9.27,9.26,9.25,9.24,9.23,9.22,9.21,9.2,9.18,9.17,9.28,9.29,9.3,9.31,9.32,9.33,9.34,9.35,9.36,9.37,1500,13900,3200,3600,2400,3600,12700,100,7300,800,400,1100,30000,9100,4100,4200,6700,19100,7500,500
404.0,9.27,364100,3386205.0,9.27,9.26,9.25,9.24,9.23,9.22,9.21,9.2,9.18,9.17,9.28,9.29,9.3,9.31,9.32,9.33,9.34,9.35,9.36,9.37,1500,13900,3200,3600,2400,3600,12700,100,7300,800,400,1100,30000,9100,4100,4200,6700,19100,7500,500
405.0,9.28,364300,3388061.0,9.27,9.26,9.25,9.24,9.23,9.22,9.21,9.2,9.18,9.17,9.28,9.29,9.3,9.31,9.32,9.33,9.34,9.35,9.36,9.37,1500,13900,3200,3600,2400,3600,12700,100,7300,800,200,1100,30000,9100,4100,4200,6700,19100,7500,500
406.0,9.28,364300,3388061.0,9.27,9.26,9.25,9.24,9.23,9.22,9.21,9.2,9.18,9.17,9.28,9.29,9.3,9.31,9.32,9.33,9.34,9.35,9.36,9.37,1500,13900,3200,3600,2400,3600,12700,100,7300,800,200,1100,30000,9100,4100,4200,6700,19100,7500,500
407.0,9.28,364300,3388061.0,9.27,9.26,9.25,9.24,9.23,9.22,9.21,9.2,9.18,9.17,9.28,9.29,9.3,9.31,9.32,9.33,9.34,9.35,9.36,9.37,1500,13900,3200,3600,2400,3600,12700,100,7300,800,200,1100,30000,9100,4100,4200,6700,19100,7500,500
408.0,9.27,365800,3401966.0,9.27,9.26,9.25,9.24,9.23,9.22,9.21,9.2,9.18,9.17,9.28,9.29,9.3,9.31,9.32,9.33,9.34,9.35,9.36,9.37,200,13900,3200,3600,2400,3600,12700,100,7300,800,200,1100,30000,9100,4100,4200,6700,19100,7500,500
409.0,9.27,366100,3404747.0,9.26,9.25,9.24,9.23,9.22,9.21,9.2,9.19,9.18,9.17,9.27,9.28,9.29,9.3,9.31,9.32,9.33,9.34,9.35,9.36,14300,3200,3600,2400,3600,12700,100,1000,7300,800,3600,200,1100,30000,9100,4100,4200,6700,19100,7500
410.0,9.27,366100,3404747.0,9.26,9.25,9.24,9.23,9.22,9.21,9.2,9.19,9.18,9.17,9.27,9.28,9.29,9.3,9.31,9.32,9.33,9.34,9.35,9.36,14300,3200,3600,2400,3600,12700,100,1000,7300,800,3600,200,1100,30000,9100,4100,4200,6700,19100,7500
411.0,9.26,367100,3414007.0,9.26,9.25,9.24,9.23,9.22,9.21,9.2,9.19,9.18,9.17,9.27,9.28,9.29,9.3,9.31,9.32,9.33,9.34,9.35,9.36,13300,3200,3600,2400,3600,12700,100,1000,7300,800,3600,200,1100,30000,9100,4100,4200,6700,19100,7500
412.0,9.27,367400,3416788.0,9.26,9.25,9.24,9.23,9.22,9.21,9.2,9.19,9.18,9.17,9.27,9.28,9.29,9.3,9.31,9.32,9.33,9.34,9.35,9.36,13300,3200,3600,2400,3600,12700,100,1000,7300,800,3300,200,1100,30000,9100,4100,4200,6700,19100,7500
413.0,9.27,367400,3416788.0,9.26,9.25,9.24,9.23,9.22,9.21,9.2,9.19,9.18,9.17,9.27,9.28,9.29,9.3,9.31,9.32,9.33,9.34,9.35,9.36,13300,3200,3600,2400,3600,12700,100,1000,7300,800,3300,200,1100,30000,9100,4100,4200,6700,19100,7500
414.0,9.27,368100,3423277.0,9.26,9.25,9.24,9.23,9.22,9.21,9.2,9.19,9.18,9.17,9.27,9.28,9.29,9.3,9.31,9.32,9.33,9.34,9.35,9.36,13300,3200,3600,2400,3600,12700,100,1000,7300,800,2600,200,1100,30000,9100,4100,4200,6700,19100,7500
415.0,9.27,368300,3425131.0,9.26,9.25,9.24,9.23,9.22,9.21,9.2,9.19,9.18,9.17,9.27,9.28,9.29,9.3,9.31,9.32,9.33,9.34,9.35,9.36,13300,3200,3600,2400,3600,12700,100,1000,7300,800,2400,200,1100,30000,9100,4100,4200,6700,19100,7500
416.0,9.27,368600,3427912.0,9.26,9.25,9.24,9.23,9.22,9.21,9.2,9.19,9.18,9.17,9.27,9.28,9.29,9.3,9.31,9.32,9.33,9.34,9.35,9.36,13300,3200,3600,2400,3600,12400,100,1000,7300,800,2800,200,1100,30000,9100,4100,4200,6700,19100,7500
417.0,9.27,368600,3427912.0,9.26,9.25,9.24,9.23,9.22,9.21,9.2,9.19,9.18,9.17,9.27,9.28,9.29,9.3,9.31,9.32,9.33,9.34,9.35,9.36,13300,3200,3600,2400,3600,12400,100,1000,7300,800,2800,200,1100,30000,9100,4100,4200,6700,19100,7500
418.0,9.27,368600,3427912.0,9.26,9.25,9.24,9.23,9.22,9.21,9.2,9.19,9.18,9.17,9.27,9.28,9.29,9.3,9.31,9.32,9.33,9.34,9.35,9.36,13300,3200,3600,2400,3600,12400,100,1000,7300,800,2800,200,1100,30000,9100,4100,4200,6700,19100,7500
419.0,9.27,369800,3439026.0,9.26,9.25,9.24,9.23,9.22,9.21,9.2,9.19,9.18,9.17,9.27,9.28,9.29,9.3,9.31,9.32,9.33,9.34,9.35,9.36,12300,3200,3600,2400,3600,12400,100,1000,7300,800,2600,200,1100,30000,9100,4100,4200,6700,19100,7500
420.0,9.27,369800,3439026.0,9.26,9.25,9.24,9.23,9.22,9.21,9.2,9.19,9.18,9.17,9.27,9.28,9.29,9.3,9.31,9.32,9.33,9.34,9.35,9.36,12300,3200,3600,2400,3600,12400,100,1000,7300,800,2600,200,1100,30000,9100,4100,4200,6700,19100,7500
421.0,9.26,371000,3450138.0,9.26,9.25,9.24,9.23,9.22,9.21,9.2,9.19,9.18,9.17,9.27,9.28,9.29,9.3,9.31,9.32,9.33,9.34,9.35,9.36,10700,13200,3600,2400,3600,12400,100,1000,7300,800,2600,200,1100,30000,9100,4100,4200,6700,19100,7500
422.0,9.27,371200,3451992.0,9.26,9.25,9.24,9.23,9.22,9.21,9.2,9.19,9.18,9.17,9.27,9.28,9.29,9.3,9.31,9.32,9.33,9.34,9.35,9.36,10700,13200,3600,2400,3600,12400,100,1000,7300,800,2400,200,1100,30000,9100,4100,4200,6700,19100,7500
423.0,9.27,371200,3451992.0,9.26,9.25,9.24,9.23,9.22,9.21,9.2,9.19,9.18,9.17,9.27,9.28,9.29,9.3,9.31,9.32,9.33,9.34,9.35,9.36,10700,13200,3600,2400,3600,12400,100,1000,7300,800,2400,200,8800,30000,9100,4100,4200,6700,19100,7500
424.0,9.27,371200,3451992.0,9.26,9.25,9.24,9.23,9.22,9.21,9.2,9.19,9.18,9.17,9.27,9.28,9.29,9.3,9.31,9.32,9.33,9.34,9.35,9.36,10700,13200,3600,2400,3600,12400,100,1000,7300,800,2400,200,8800,30000,9100,4100,4200,6700,19100,7500
425.0,9.27,371600,3455700.0,9.26,9.25,9.24,9.23,9.22,9.21,9.2,9.19,9.18,9.17,9.27,9.28,9.29,9.3,9.31,9.32,9.33,9.34,9.35,9.36,10700,13200,3600,2400,3600,12400,100,1000,7300,800,2000,200,8800,30000,9100,4100,4200,6700,19100,7500
426.0,9.26,372900,3467740.0,9.26,9.25,9.24,9.23,9.22,9.21,9.2,9.19,9.18,9.17,9.27,9.28,9.29,9.3,9.31,9.32,9.33,9.34,9.35,9.36,9600,13200,3600,2400,3600,12400,100,1000,7300,800,1800,200,8800,29900,9100,4100,4200,6700,19100,7500
427.0,9.26,372900,3467740.0,9.26,9.25,9.24,9.23,9.22,9.21,9.2,9.19,9.18,9.17,9.27,9.28,9.29,9.3,9.31,9.32,9.33,9.34,9.35,9.36,9600,13200,3600,2400,3600,12400,100,1000,7300,800,1800,200,8800,29900,9100,4100,4200,6700,18600,7500
428.0,9.26,372900,3467740.0,9.26,9.25,9.24,9.23,9.22,9.21,9.2,9.19,9.18,9.17,9.27,9.28,9.29,9.3,9.31,9.32,9.33,9.34,9.35,9.36,9600,13200,3600,2400,3600,12400,100,1000,7300,800,1800,200,8800,29900,9100,4100,4200,6700,18600,7500
429.0,9.27,373000,3468667.0,9.26,9.25,9.24,9.23,9.22,9.21,9.2,9.19,9.18,9.17,9.27,9.28,9.29,9.3,9.31,9.32,9.33,9.34,9.35,9.36,9600,13200,3600,2400,3600,12400,100,1000,7300,800,1700,200,8800,29900,9100,4100,4200,6700,18600,7500
430.0,9.27,373000,3468667.0,9.26,9.25,9.24,9.23,9.22,9.21,9.2,9.19,9.18,9.17,9.27,9.28,9.29,9.3,9.31,9.32,9.33,9.34,9.35,9.36,9600,13200,3600,2400,3600,12400,100,1000,7300,800,1700,200,8800,29900,9100,4100,4200,6700,18600,7500
431.0,9.26,373700,3475149.0,9.26,9.25,9.24,9.23,9.22,9.21,9.2,9.19,9.18,9.17,9.27,9.28,9.29,9.3,9.31,9.32,9.33,9.34,9.35,9.36,8900,13200,3600,2400,3200,12400,100,1000,7300,800,1700,200,8800,29500,9100,4100,4200,6700,18600,7500
432.0,9.26,373800,3476075.0,9.26,9.25,9.24,9.23,9.22,9.21,9.2,9.19,9.18,9.17,9.27,9.28,9.29,9.3,9.31,9.32,9.33,9.34,9.35,9.36,8800,13200,3600,2400,3200,12400,100,1000,7300,800,1700,200,8800,29500,9100,4100,4200,6700,18600,7500
433.0,9.27,373900,3477002.0,9.26,9.25,9.24,9.23,9.22,9.21,9.2,9.19,9.18,9.17,9.27,9.28,9.29,9.3,9.31,9.32,9.33,9.34,9.35,9.36,8800,13200,3600,2400,3200,12400,100,1000,7300,800,1600,200,28100,29500,9100,4100,4200,6700,18600,7500
434.0,9.26,375500,3491818.0,9.26,9.25,9.24,9.23,9.22,9.21,9.2,9.19,9.18,9.17,9.27,9.28,9.29,9.3,9.31,9.32,9.33,9.34,9.35,9.36,7200,13200,3600,2400,3200,12400,100,1000,7300,800,1600,200,28100,29500,9100,4100,4200,6700,18600,7500
435.0,9.26,377400,3509412.0,9.26,9.25,9.24,9.23,9.22,9.21,9.2,9.19,9.18,9.17,9.27,9.28,9.29,9.3,9.31,9.32,9.33,9.34,9.35,9.36,5300,13200,3600,2400,3200,12400,100,1000,7300,800,1600,200,28100,29500,9100,4200,4200,6700,18600,7500
436.0,9.27,377500,3510339.0,9.26,9.25,9.24,9.23,9.22,9.21,9.2,9.19,9.18,9.17,9.27,9.28,9.29,9.3,9.31,9.32,9.33,9.34,9.35,9.36,5300,13200,3600,2400,3200,12400,100,1000,7300,800,1500,200,28100,29500,9100,4200,4200,6700,18600,7500
437.0,9.27,377800,3513120.0,9.26,9.25,9.24,9.23,9.22,9.21,9.2,9.19,9.18,9.17,9.27,9.28,9.29,9.3,9.31,9.32,9.33,9.34,9.35,9.36,5300,13200,3600,2400,3200,12400,100,1000,7300,800,1200,200,28100,29500,9100,4200,4200,6700,18600,7500
438.0,9.27,377800,3513120.0,9.26,9.25,9.24,9.23,9.22,9.21,9.2,9.19,9.18,9.17,9.27,9.28,9.29,9.3,9.31,9.32,9.33,9.34,9.35,9.36,5300,13200,3600,2400,3200,12400,100,1000,7300,800,1200,200,28100,29500,9100,4200,4200,6700,18600,7500
439.0,9.27,377800,3513120.0,9.26,9.25,9.24,9.23,9.22,9.21,9.2,9.19,9.18,9.17,9.27,9.28,9.29,9.3,9.31,9.32,9.33,9.34,9.35,9.36,5300,13200,3600,2400,3200,12400,100,1000,7300,800,1200,200,28100,29500,9100,4200,4200,6700,18600,7500
440.0,9.27,377800,3513120.0,9.26,9.25,9.24,9.23,9.22,9.21,9.2,9.19,9.18,9.17,9.27,9.28,9.29,9.3,9.31,9.32,9.33,9.34,9.35,9.36,5300,13200,3600,2400,3200,12400,100,1000,7300,800,1200,200,28100,29500,9100,4200,4200,6700,18600,7500
441.0,9.27,377800,3513120.0,9.26,9.25,9.24,9.23,9.22,9.21,9.2,9.19,9.18,9.17,9.27,9.28,9.29,9.3,9.31,9.32,9.33,9.34,9.35,9.36,5300,13200,3600,2400,3200,12400,100,1000,7300,800,1200,200,28100,29500,9100,4200,4200,6700,18600,7500
442.0,9.26,378300,3517750.0,9.26,9.25,9.24,9.23,9.22,9.21,9.2,9.19,9.18,9.17,9.27,9.28,9.29,9.3,9.31,9.32,9.33,9.34,9.35,9.36,4800,13200,3600,2400,3200,12400,100,1000,7300,800,1200,200,28100,29500,9100,4200,4200,6700,18600,7500
443.0,9.27,378400,3518677.0,9.26,9.25,9.24,9.23,9.22,9.21,9.2,9.19,9.18,9.17,9.27,9.28,9.29,9.3,9.31,9.32,9.33,9.34,9.35,9.36,4800,13200,3600,2400,3200,12400,100,1000,7300,800,1100,200,28100,29500,9100,4200,4200,6700,18600,7500
