LocalTime,LastPrice,TradeVolume,TradeValue,BidPrice1,BidPrice2,BidPrice3,BidPrice4,BidPrice5,BidPrice6,BidPrice7,BidPrice8,BidPrice9,BidPriceA,AskPrice1,AskPrice2,AskPrice3,AskPrice4,AskPrice5,AskPrice6,AskPrice7,AskPrice8,AskPrice9,AskPriceA,BidVolume1,BidVolume2,BidVolume3,BidVolume4,BidVolume5,BidVolume6,BidVolume7,BidVolume8,BidVolume9,BidVolumeA,AskVolume1,AskVolume2,AskVolume3,AskVolume4,AskVolume5,AskVolume6,AskVolume7,AskVolume8,AskVolume9,AskVolumeA
0.0,9.49,3900,37011.0,9.46,9.45,9.43,9.42,9.41,9.4,9.39,9.38,9.37,9.36,9.49,9.5,9.52,9.55,9.56,9.57,9.58,9.59,9.6,9.61,1000,10600,4000,500,49800,12900,1000,1100,800,1100,1700,100,100,5500,9200,5000,2000,15200,27600,4200
1.0,9.49,5100,48399.0,9.47,9.46,9.45,9.43,9.42,9.41,9.4,9.39,9.38,9.37,9.49,9.5,9.52,9.54,9.55,9.56,9.57,9.58,9.59,9.6,800,3900,10600,4000,4000,49800,12900,1000,1100,800,600,3100,100,3500,5500,9200,5000,2000,15200,27600
2.0,9.49,5100,48399.0,9.47,9.46,9.45,9.44,9.43,9.42,9.41,9.4,9.39,9.38,9.49,9.5,9.51,9.52,9.54,9.55,9.56,9.57,9.58,9.59,800,4500,10600,1000,4000,7300,49800,16600,1000,1100,600,3100,1100,1800,3500,5500,9300,5000,2000,15200
3.0,9.49,5100,48399.0,9.47,9.46,9.45,9.44,9.43,9.42,9.41,9.4,9.39,9.38,9.49,9.5,9.51,9.52,9.53,9.54,9.55,9.56,9.57,9.58,800,4500,10600,1000,4000,7300,47200,17100,1000,1100,600,100,1100,1800,10000,3500,5500,9800,5000,2000
4.0,9.49,6100,57889.0,9.49,9.47,9.46,9.45,9.44,9.43,9.42,9.41,9.4,9.39,9.5,9.51,9.52,9.53,9.54,9.55,9.56,9.57,9.58,9.59,1000,800,4500,10600,1000,4000,8300,50300,12100,1000,100,1100,5100,10000,3500,5500,9800,5000,2500,15700
5.0,9.49,7700,73073.0,9.49,9.47,9.46,9.45,9.44,9.43,9.42,9.41,9.4,9.39,9.5,9.51,9.52,9.53,9.54,9.55,9.56,9.57,9.58,9.59,800,800,4500,10600,1000,4000,18600,50300,12100,1000,100,1100,23100,10000,3500,8700,9800,5000,2500,15700
6.0,9.49,8000,75920.0,9.49,9.47,9.46,9.45,9.44,9.43,9.42,9.41,9.4,9.39,9.5,9.51,9.52,9.53,9.54,9.55,9.56,9.57,9.58,9.59,800,800,4500,10600,1000,4000,18600,50300,12100,1000,100,1100,23100,10000,3500,8700,9800,5000,2500,15700
7.0,9.48,8900,84460.0,9.46,9.45,9.44,9.43,9.42,9.41,9.4,9.39,9.38,9.37,9.48,9.49,9.5,9.51,9.52,9.53,9.54,9.55,9.56,9.57,7500,10600,1000,4000,23600,50300,12100,1000,2200,800,200,400,200,1100,23100,10000,3500,11700,10800,6000
8.0,9.49,10600,100591.0,9.49,9.46,9.45,9.44,9.43,9.42,9.41,9.4,9.39,9.38,9.5,9.51,9.52,9.53,9.54,9.55,9.56,9.57,9.58,9.59,3300,7500,10600,1000,4000,25600,55300,12100,1000,2200,1100,1100,23100,10000,4500,17400,12100,6000,3300,16200
9.0,9.49,10600,100591.0,9.49,9.46,9.45,9.44,9.43,9.42,9.41,9.4,9.39,9.38,9.5,9.51,9.52,9.53,9.54,9.55,9.56,9.57,9.58,9.59,3300,7800,10600,1000,4000,25600,56800,12100,1500,2200,1100,1100,23100,10000,6000,18200,12100,7000,3300,16200
10.0,9.46,16900,160288.0,9.46,9.45,9.44,9.43,9.42,9.41,9.4,9.39,9.38,9.37,9.48,9.49,9.5,9.51,9.52,9.53,9.54,9.55,9.56,9.57,4800,10600,1000,4000,25600,56800,12100,1500,2200,800,100,3500,1100,1100,23100,17400,6000,18200,14000,7000
11.0,9.49,18500,175441.0,9.46,9.45,9.44,9.43,9.42,9.41,9.4,9.39,9.38,9.37,9.49,9.5,9.51,9.52,9.53,9.54,9.55,9.56,9.57,9.58,3900,10600,1000,4000,25600,56800,12100,1500,2200,800,6900,1100,1100,23100,17400,6000,18200,14100,7000,3300
12.0,9.49,18500,175441.0,9.46,9.45,9.44,9.43,9.42,9.41,9.4,9.39,9.38,9.37,9.49,9.5,9.51,9.52,9.53,9.54,9.55,9.56,9.57,9.58,3900,10600,1000,4300,25600,56800,12100,1500,2200,800,7300,1000,1200,23100,17400,6000,18200,14100,7000,3300
13.0,9.49,18500,175441.0,9.46,9.45,9.44,9.43,9.42,9.41,9.4,9.39,9.38,9.37,9.49,9.5,9.51,9.52,9.53,9.54,9.55,9.56,9.57,9.58,4000,10600,1000,4400,25600,56800,12100,1500,2200,800,4300,1000,1200,23100,17400,6000,18200,14100,7000,3300
14.0,9.46,19100,181117.0,9.46,9.45,9.44,9.43,9.42,9.41,9.4,9.39,9.38,9.37,9.49,9.5,9.51,9.52,9.53,9.54,9.55,9.56,9.57,9.58,4200,10600,1000,4400,26600,57300,12100,1500,2200,800,4700,1000,100,23100,17400,6000,18200,14100,7000,3300
15.0,9.46,23300,220849.0,9.45,9.44,9.43,9.42,9.41,9.4,9.39,9.38,9.37,9.36,9.46,9.49,9.5,9.51,9.52,9.53,9.54,9.55,9.56,9.57,10600,1000,4500,26600,57300,12100,1500,2200,800,1100,600,4400,1000,100,23100,17400,6000,18200,14100,7000
16.0,9.45,23600,223684.0,9.45,9.44,9.43,9.42,9.41,9.4,9.39,9.38,9.37,9.36,9.46,9.49,9.5,9.51,9.52,9.53,9.54,9.55,9.56,9.57,10300,1000,4500,26600,57300,12100,1500,2200,800,1100,600,3800,1000,100,23100,17400,6000,18200,14100,7000
17.0,9.46,23700,224630.0,9.45,9.44,9.43,9.42,9.41,9.4,9.39,9.38,9.37,9.36,9.46,9.49,9.5,9.51,9.52,9.53,9.54,9.55,9.56,9.57,10300,1000,4500,26600,57300,12100,1500,2200,800,1100,500,2400,1000,100,23100,17400,6000,18200,14100,7000
18.0,9.46,23700,224630.0,9.45,9.44,9.43,9.42,9.41,9.4,9.39,9.38,9.37,9.36,9.46,9.49,9.5,9.51,9.52,9.53,9.54,9.55,9.56,9.57,11300,1000,4500,26600,57300,12100,1500,2200,800,1100,500,2400,1000,100,23100,17400,6000,18200,14100,7000
19.0,9.46,23700,224630.0,9.45,9.44,9.43,9.42,9.41,9.4,9.39,9.38,9.37,9.36,9.46,9.49,9.5,9.51,9.52,9.53,9.54,9.55,9.56,9.57,11300,1000,4500,26600,57300,12100,1500,2200,800,1100,500,2400,1000,100,23100,17400,6000,18200,14100,7000
20.0,9.46,23700,224630.0,9.45,9.44,9.43,9.42,9.41,9.4,9.39,9.38,9.37,9.36,9.46,9.49,9.5,9.51,9.52,9.53,9.54,9.55,9.56,9.57,11300,1000,4500,26600,57300,12100,1500,2200,800,1100,500,2400,1000,100,23100,17400,6000,18200,14100,7000
21.0,9.45,27900,264320.0,9.45,9.44,9.43,9.42,9.41,9.4,9.39,9.38,9.37,9.36,9.46,9.49,9.5,9.51,9.52,9.53,9.54,9.55,9.56,9.57,7100,1000,4500,26600,57300,12100,1500,2200,800,1100,500,2400,1000,300,23100,17400,6000,18200,14100,7000
22.0,9.45,28200,267155.0,9.45,9.44,9.43,9.42,9.41,9.4,9.39,9.38,9.37,9.36,9.46,9.49,9.5,9.51,9.52,9.53,9.54,9.55,9.56,9.57,6800,1000,4500,26600,57300,12100,1500,2200,800,1100,500,2400,1000,300,23100,10000,6000,18200,14100,7000
23.0,9.45,30700,290780.0,9.45,9.44,9.43,9.42,9.41,9.4,9.39,9.38,9.37,9.36,9.46,9.49,9.5,9.51,9.52,9.53,9.54,9.55,9.56,9.57,4300,1000,4500,26600,57300,12100,1500,2200,800,1100,500,2400,1000,300,23100,10000,6000,18200,14100,7000
24.0,9.45,30700,290780.0,9.45,9.44,9.43,9.42,9.41,9.4,9.39,9.38,9.37,9.36,9.46,9.49,9.5,9.51,9.52,9.53,9.54,9.55,9.56,9.57,4300,1000,4500,26600,57300,12100,1500,2200,800,1100,500,2400,1000,300,23100,10000,6000,18200,14100,7000
25.0,9.45,30700,290780.0,9.45,9.44,9.43,9.42,9.41,9.4,9.39,9.38,9.37,9.36,9.46,9.49,9.5,9.51,9.52,9.53,9.54,9.55,9.56,9.57,4300,1000,4500,26600,57300,12100,1500,2200,800,1100,500,2400,1000,300,23100,10000,6000,18200,14100,7000
26.0,9.45,35000,331415.0,9.44,9.43,9.42,9.41,9.4,9.39,9.38,9.37,9.36,9.35,9.46,9.49,9.5,9.51,9.52,9.53,9.54,9.55,9.56,9.57,1000,4500,26600,57300,12100,1500,2200,800,1100,24700,500,2400,1000,300,23100,10000,6000,18200,14100,7000
27.0,9.45,35000,331415.0,9.44,9.43,9.42,9.41,9.4,9.39,9.38,9.37,9.36,9.35,9.46,9.49,9.5,9.51,9.52,9.53,9.54,9.55,9.56,9.57,1000,4100,26600,57300,12100,1500,2200,800,1100,24700,500,2400,1000,300,23100,10000,4500,18200,14100,7000
28.0,9.45,38000,359765.0,9.44,9.43,9.42,9.41,9.4,9.39,9.38,9.37,9.36,9.35,9.46,9.49,9.5,9.51,9.52,9.53,9.54,9.55,9.56,9.57,1000,4800,23300,57300,12100,1500,2200,800,1100,24700,500,2400,1000,300,23100,10000,4500,18200,14100,7000
29.0,9.45,38000,359765.0,9.44,9.43,9.42,9.41,9.4,9.39,9.38,9.37,9.36,9.35,9.46,9.49,9.5,9.51,9.52,9.53,9.54,9.55,9.56,9.57,1000,4800,23300,57300,12100,1500,2200,800,1100,24700,900,2400,1000,300,23100,10000,4500,18200,14100,7000
30.0,9.45,38000,359765.0,9.44,9.43,9.42,9.41,9.4,9.39,9.38,9.37,9.36,9.35,9.46,9.49,9.5,9.51,9.52,9.53,9.54,9.55,9.56,9.57,1000,4700,23300,57300,12100,1500,2200,800,1100,24700,900,2400,1000,300,23100,10000,4500,18200,14100,7000
31.0,9.45,38000,359765.0,9.44,9.43,9.42,9.41,9.4,9.39,9.38,9.37,9.36,9.35,9.46,9.49,9.5,9.51,9.52,9.53,9.54,9.55,9.56,9.57,1000,4200,23300,57300,12100,1500,2200,800,1100,24700,900,2400,1000,300,23100,10000,4500,18200,14100,7000
32.0,9.44,38300,362597.0,9.44,9.43,9.42,9.41,9.4,9.39,9.38,9.37,9.36,9.35,9.46,9.49,9.5,9.51,9.52,9.53,9.54,9.55,9.56,9.57,700,4200,23300,57300,12100,1500,2200,800,1100,24700,900,2400,1000,300,23100,10000,4500,18200,14100,7000
33.0,9.44,38300,362597.0,9.44,9.43,9.42,9.41,9.4,9.39,9.38,9.37,9.36,9.35,9.45,9.46,9.48,9.49,9.5,9.51,9.52,9.53,9.54,9.55,700,4200,23300,57300,12100,1500,2200,800,1100,24700,500,900,15500,2400,1000,300,23100,10000,4500,18200
34.0,9.44,38300,362597.0,9.44,9.43,9.42,9.41,9.4,9.39,9.38,9.37,9.36,9.35,9.45,9.46,9.48,9.49,9.5,9.51,9.52,9.53,9.54,9.55,700,4200,23300,57300,12100,1500,2200,800,1100,24700,500,900,15500,2400,1000,300,23100,10000,4500,18200
35.0,9.44,38300,362597.0,9.44,9.43,9.42,9.41,9.4,9.39,9.38,9.37,9.36,9.35,9.45,9.46,9.48,9.49,9.5,9.51,9.52,9.53,9.54,9.55,700,4200,23300,57300,12100,1500,2200,800,1100,24700,500,900,15500,2400,1000,20000,23100,10000,4500,18200
36.0,9.44,38300,362597.0,9.44,9.43,9.42,9.41,9.4,9.39,9.38,9.37,9.36,9.35,9.45,9.46,9.48,9.49,9.5,9.51,9.52,9.53,9.54,9.55,700,4200,23300,57300,12100,1500,2200,800,1100,24700,500,900,15500,2400,1000,20000,23100,10000,4500,18200
37.0,9.44,39000,369205.0,9.43,9.42,9.41,9.4,9.39,9.38,9.37,9.36,9.35,9.34,9.44,9.45,9.46,9.47,9.48,9.49,9.5,9.51,9.52,9.53,4200,23300,57300,12100,1500,2200,800,1100,24700,20600,800,500,900,100,15500,2400,1000,20800,23100,10000
38.0,9.43,39500,373920.0,9.43,9.42,9.41,9.4,9.39,9.38,9.37,9.36,9.35,9.34,9.44,9.45,9.46,9.47,9.48,9.49,9.5,9.51,9.52,9.53,3700,23300,57300,12100,1500,2200,800,1100,24700,20600,3000,500,900,100,15500,2400,1000,20800,23100,10000
39.0,9.43,39500,373920.0,9.43,9.42,9.41,9.4,9.39,9.38,9.37,9.36,9.35,9.34,9.44,9.45,9.46,9.47,9.48,9.49,9.5,9.51,9.52,9.53,3700,23300,59300,12100,1500,2200,800,1100,24700,20600,3000,500,900,100,15500,2400,1000,20800,23100,10000
40.0,9.43,39500,373920.0,9.43,9.42,9.41,9.4,9.39,9.38,9.37,9.36,9.35,9.34,9.44,9.45,9.46,9.47,9.48,9.49,9.5,9.51,9.52,9.53,3700,23300,59300,12100,1500,2200,800,1100,24700,20600,3000,500,900,100,15500,2400,1000,20800,23100,10000
41.0,9.43,39800,376749.0,9.43,9.42,9.41,9.4,9.39,9.38,9.37,9.36,9.35,9.34,9.44,9.45,9.46,9.47,9.48,9.49,9.5,9.51,9.52,9.53,3400,23300,59300,12100,1500,2200,800,1100,24700,20600,3000,500,900,100,15500,2400,1000,20800,23100,10000
42.0,9.43,39800,376749.0,9.43,9.42,9.41,9.4,9.39,9.38,9.37,9.36,9.35,9.34,9.44,9.45,9.46,9.47,9.48,9.49,9.5,9.51,9.52,9.53,3400,23300,59300,12100,1500,2200,800,1100,24700,20600,3000,500,900,100,15500,2400,1000,20800,23100,10000
43.0,9.43,45800,433355.0,9.42,9.41,9.4,9.39,9.38,9.37,9.36,9.35,9.34,9.32,9.43,9.44,9.45,9.46,9.47,9.48,9.49,9.5,9.51,9.52,23300,59300,12100,1500,2200,800,1100,24700,20600,1500,700,400,900,900,100,15500,2400,1000,20800,19800
44.0,9.42,48900,462557.0,9.42,9.41,9.4,9.39,9.38,9.37,9.36,9.35,9.34,9.32,9.43,9.45,9.46,9.47,9.48,9.49,9.5,9.51,9.52,9.53,20200,59300,12100,1500,2200,800,1100,24700,20600,1500,700,900,900,100,15500,2400,1000,20800,19800,10000
45.0,9.42,48900,462557.0,9.42,9.41,9.4,9.39,9.38,9.37,9.36,9.35,9.34,9.32,9.43,9.45,9.46,9.47,9.48,9.49,9.5,9.51,9.52,9.53,20400,59300,12100,1500,2200,800,1100,24700,20600,1500,1200,900,900,100,15500,2400,1000,20800,19800,10000
46.0,9.43,49300,466329.0,9.42,9.41,9.4,9.39,9.38,9.37,9.36,9.35,9.34,9.32,9.43,9.44,9.45,9.46,9.47,9.48,9.49,9.5,9.51,9.52,20400,59300,12100,2100,2200,800,1100,24700,20600,1500,1800,2000,900,900,100,15500,2400,1000,20800,19800
47.0,9.43,52100,492723.0,9.43,9.42,9.41,9.4,9.39,9.38,9.37,9.36,9.35,9.34,9.44,9.45,9.46,9.47,9.48,9.49,9.5,9.51,9.52,9.53,400,19400,59300,12100,2100,2200,800,1100,24700,20600,2000,900,900,100,15500,2400,1000,20800,19800,10000
48.0,9.43,52100,492723.0,9.43,9.42,9.41,9.4,9.39,9.38,9.37,9.36,9.35,9.34,9.44,9.45,9.46,9.47,9.48,9.49,9.5,9.51,9.52,9.53,400,19400,59300,12100,2100,2200,800,1100,24700,20600,2000,900,900,100,15500,2400,1000,20800,19800,10000
49.0,9.43,53400,504988.0,9.43,9.42,9.41,9.4,9.39,9.38,9.37,9.36,9.35,9.34,9.44,9.45,9.46,9.47,9.48,9.49,9.5,9.51,9.52,9.53,700,19400,59300,12100,2100,4200,800,1100,24700,20600,1400,900,900,100,15500,2400,1000,20800,19800,10000
50.0,9.43,54700,517247.0,9.42,9.41,9.4,9.39,9.38,9.37,9.36,9.35,9.34,9.32,9.43,9.44,9.45,9.46,9.47,9.48,9.49,9.5,9.51,9.52,19400,59000,12100,2100,4200,800,1100,24700,20600,1500,5700,1400,900,900,100,15500,2400,1000,20800,19800
51.0,9.43,54700,517247.0,9.42,9.41,9.4,9.39,9.38,9.37,9.36,9.35,9.34,9.32,9.43,9.44,9.45,9.46,9.47,9.48,9.49,9.5,9.51,9.52,19400,59000,12100,2100,4200,800,1100,24700,20600,1500,5700,1400,900,900,100,15500,2400,1000,20800,19800
52.0,9.44,61800,584214.0,9.44,9.42,9.41,9.4,9.39,9.38,9.37,9.36,9.35,9.34,9.45,9.46,9.47,9.48,9.49,9.5,9.51,9.52,9.53,9.54,1000,19400,59000,12100,2100,4200,800,1100,24700,20600,900,900,100,15500,2400,1000,20800,19800,10000,4500
53.0,9.45,62900,594607.0,9.45,9.44,9.43,9.42,9.41,9.4,9.39,9.38,9.37,9.36,9.46,9.48,9.49,9.5,9.51,9.52,9.53,9.54,9.55,9.56,1600,1200,6300,20100,59000,12100,2100,4200,800,1100,900,15500,2400,1200,20800,19800,10000,4500,18200,14100
54.0,9.45,62900,594607.0,9.45,9.44,9.43,9.42,9.41,9.4,9.39,9.38,9.37,9.36,9.46,9.48,9.49,9.5,9.51,9.52,9.53,9.54,9.55,9.56,1600,1200,6300,20100,59000,12100,2100,4200,800,1100,900,15500,2400,1200,20800,19800,10000,4500,18200,14100
55.0,9.45,64500,609727.0,9.44,9.43,9.42,9.41,9.4,9.39,9.38,9.37,9.36,9.35,9.46,9.48,9.49,9.5,9.51,9.52,9.53,9.54,9.55,9.56,1200,7300,20100,59000,12100,2100,4200,800,1100,24700,900,15500,2400,1200,20800,19800,10000,4500,18200,14100
56.0,9.44,64600,610671.0,9.45,9.44,9.43,9.42,9.41,9.4,9.39,9.38,9.37,9.36,9.46,9.48,9.49,9.5,9.51,9.52,9.53,9.54,9.55,9.56,300,1100,3200,20100,59000,12100,2100,4200,800,1100,900,15500,2400,1200,20800,19800,10000,4500,18200,14100
57.0,9.45,64700,611616.0,9.45,9.44,9.43,9.42,9.41,9.4,9.39,9.38,9.37,9.36,9.46,9.48,9.49,9.5,9.51,9.52,9.53,9.54,9.55,9.56,200,1100,3200,20100,59000,12100,2100,4200,800,1100,900,15500,2400,1200,20800,18100,10000,4500,18200,14100
58.0,9.45,64700,611616.0,9.45,9.44,9.43,9.42,9.41,9.4,9.39,9.38,9.37,9.36,9.46,9.48,9.49,9.5,9.51,9.52,9.53,9.54,9.55,9.56,200,1100,3200,20100,59000,12100,2100,4200,800,1100,900,15500,2400,1200,20800,18100,10000,4500,18200,14100
59.0,9.45,64700,611616.0,9.44,9.43,9.42,9.41,9.4,9.39,9.38,9.37,9.36,9.35,9.46,9.48,9.49,9.5,9.51,9.52,9.53,9.54,9.55,9.56,1100,4000,20100,59000,12100,2100,4200,800,1100,24700,900,15500,2400,1200,20800,18100,10000,4500,18200,14100
60.0,9.45,64700,611616.0,9.44,9.43,9.42,9.41,9.4,9.39,9.38,9.37,9.36,9.35,9.46,9.48,9.49,9.5,9.51,9.52,9.53,9.54,9.55,9.56,1100,4000,20100,59000,13100,2100,4200,800,1100,24700,900,15500,2400,1200,20800,18100,10000,4500,18200,14100
61.0,9.45,64700,611616.0,9.44,9.43,9.42,9.41,9.4,9.39,9.38,9.37,9.36,9.35,9.45,9.46,9.48,9.49,9.5,9.51,9.52,9.53,9.54,9.55,1100,4000,20100,59000,13100,2100,4200,800,1100,24700,100,1700,15500,2400,1200,20800,18100,10000,4500,18200
62.0,9.45,66800,631441.0,9.43,9.42,9.41,9.4,9.39,9.38,9.37,9.36,9.35,9.34,9.46,9.48,9.49,9.5,9.51,9.52,9.53,9.54,9.55,9.56,4000,20100,59000,13100,2100,4200,800,1100,24700,20600,1700,15500,2400,1200,20800,18100,10000,4500,18200,14100
63.0,9.45,66800,631441.0,9.43,9.42,9.41,9.4,9.39,9.38,9.37,9.36,9.35,9.34,9.46,9.48,9.49,9.5,9.51,9.52,9.53,9.54,9.55,9.56,4000,20100,59000,13100,2100,4200,800,1100,24700,20600,1700,15500,2400,1200,20800,18100,10000,4500,18200,14100
64.0,9.45,67000,633331.0,9.44,9.43,9.42,9.41,9.4,9.39,9.38,9.37,9.36,9.35,9.45,9.46,9.48,9.49,9.5,9.51,9.52,9.53,9.54,9.55,3100,3200,20100,59000,13100,2100,4200,800,1100,24700,17800,1700,15500,2400,1200,20800,18100,10000,4500,18200
65.0,9.45,69300,655066.0,9.44,9.43,9.42,9.41,9.4,9.39,9.38,9.37,9.36,9.35,9.45,9.46,9.48,9.49,9.5,9.51,9.52,9.53,9.54,9.55,6100,3200,20100,62100,13100,2100,4200,800,1100,24700,15500,1700,15500,2400,1200,20800,18100,10000,4500,18200
66.0,9.44,71500,675844.0,9.44,9.43,9.42,9.41,9.4,9.39,9.38,9.37,9.36,9.35,9.45,9.46,9.48,9.49,9.5,9.51,9.52,9.53,9.54,9.55,4900,3200,20100,62100,13100,2100,4200,800,1100,24700,14500,1700,15500,2400,1200,20800,18100,10000,4500,18200
67.0,9.45,74000,699469.0,9.44,9.43,9.42,9.41,9.4,9.39,9.38,9.37,9.36,9.35,9.45,9.46,9.48,9.49,9.5,9.51,9.52,9.53,9.54,9.55,5200,3200,20100,62100,13100,2100,4200,800,1100,24700,12000,1700,15500,2400,1200,20800,18100,10000,4500,18200
68.0,9.45,76200,720259.0,9.44,9.43,9.42,9.41,9.4,9.39,9.38,9.37,9.36,9.35,9.45,9.46,9.48,9.49,9.5,9.51,9.52,9.53,9.54,9.55,6500,3200,20100,62100,13100,2100,4200,800,1100,24700,9800,1700,15500,2400,1200,20800,18100,10000,4500,18200
69.0,9.45,77100,728764.0,9.44,9.43,9.42,9.41,9.4,9.39,9.38,9.37,9.36,9.35,9.45,9.46,9.48,9.49,9.5,9.51,9.52,9.53,9.54,9.55,6500,3200,20100,62100,13100,2100,4200,800,1100,24700,8900,1700,15500,2400,1200,20000,18100,10000,4500,18200
70.0,9.44,78600,742924.0,9.44,9.43,9.42,9.41,9.4,9.39,9.38,9.37,9.36,9.35,9.45,9.46,9.48,9.49,9.5,9.51,9.52,9.53,9.54,9.55,5300,4200,20100,62100,13100,2100,4200,800,1100,24700,8900,1700,15500,2400,1200,20000,18100,10000,4500,18200
71.0,9.45,87500,827029.0,9.45,9.44,9.43,9.42,9.41,9.4,9.39,9.38,9.37,9.36,9.46,9.47,9.48,9.49,9.5,9.51,9.52,9.53,9.54,9.55,7500,6900,4200,20100,62100,13100,2100,4200,800,1100,1700,1000,15500,2400,1200,20000,18100,10000,4500,18200
72.0,9.46,87600,827975.0,9.45,9.44,9.43,9.42,9.41,9.4,9.39,9.38,9.37,9.36,9.46,9.47,9.48,9.49,9.5,9.51,9.52,9.53,9.54,9.55,7500,6900,4200,20100,62100,13100,2100,4200,800,1100,1600,1000,15500,2400,1200,20000,18100,10000,4500,18200
73.0,9.46,87700,828921.0,9.45,9.44,9.43,9.42,9.41,9.4,9.39,9.38,9.37,9.36,9.46,9.47,9.48,9.49,9.5,9.51,9.52,9.53,9.54,9.55,7500,6900,4200,22100,62100,13100,2100,4200,800,1100,10000,1000,15500,2400,1200,20000,18100,10000,4500,18200
74.0,9.46,88200,833651.0,9.45,9.44,9.43,9.42,9.41,9.4,9.39,9.38,9.37,9.36,9.46,9.47,9.48,9.49,9.5,9.51,9.52,9.54,9.55,9.56,6900,4800,4200,22100,62100,13100,2100,4200,800,1100,9500,1000,15500,2400,1200,20000,18100,4500,18200,14100
75.0,9.46,88200,833651.0,9.45,9.44,9.43,9.42,9.41,9.4,9.39,9.38,9.37,9.36,9.46,9.47,9.48,9.49,9.5,9.51,9.52,9.54,9.55,9.56,6900,4800,4200,22100,62100,13100,2100,4200,800,1100,9500,1000,15500,2400,1200,20000,18100,4500,18200,14100
76.0,9.46,89100,842165.0,9.45,9.44,9.43,9.42,9.41,9.4,9.39,9.38,9.37,9.36,9.46,9.47,9.48,9.49,9.5,9.51,9.52,9.54,9.55,9.56,6900,5800,5500,21400,62100,13100,2100,4200,800,1100,8600,1000,15500,2400,1200,20000,18100,4500,18200,14100
77.0,9.45,90400,854450.0,9.45,9.44,9.43,9.42,9.41,9.4,9.39,9.38,9.37,9.36,9.46,9.47,9.48,9.49,9.5,9.51,9.52,9.54,9.55,9.56,6600,5800,6000,21400,62100,13100,2100,16000,800,1100,8600,1000,15500,2400,1400,20000,18100,4500,18200,14100
78.0,9.45,91200,862010.0,9.45,9.44,9.43,9.42,9.41,9.4,9.39,9.38,9.37,9.36,9.46,9.47,9.48,9.49,9.5,9.51,9.52,9.54,9.55,9.56,5800,5800,7000,21400,62100,13100,2100,16000,800,1100,8600,1000,15500,2400,1400,20000,18100,4500,18200,14100
79.0,9.46,92000,869578.0,9.45,9.44,9.43,9.42,9.41,9.4,9.39,9.38,9.37,9.36,9.46,9.47,9.48,9.49,9.5,9.51,9.52,9.54,9.55,9.56,5800,5600,7000,21400,62100,13600,2100,16000,800,1100,7800,1000,15500,2400,1400,20000,18100,4500,18200,14100
80.0,9.46,92700,876195.0,9.45,9.44,9.43,9.42,9.41,9.4,9.39,9.38,9.37,9.36,9.46,9.47,9.48,9.49,9.5,9.51,9.52,9.54,9.55,9.56,7100,5400,7000,21400,62100,13600,2100,16000,800,1100,7600,1000,15500,2400,1400,20000,18100,4500,18200,14100
81.0,9.46,95300,900791.0,9.45,9.44,9.43,9.42,9.41,9.4,9.39,9.38,9.37,9.36,9.46,9.47,9.48,9.49,9.5,9.51,9.52,9.54,9.55,9.56,7100,4000,7800,21400,62100,13600,2100,16000,800,1100,5000,1000,15500,2400,1400,20000,18100,4500,18200,14100
82.0,9.45,103000,973561.0,9.44,9.43,9.42,9.41,9.4,9.39,9.38,9.37,9.36,9.35,9.45,9.46,9.47,9.48,9.49,9.5,9.51,9.52,9.54,9.55,4000,7800,21400,62100,13600,2100,16000,800,1100,24700,1000,4500,1000,15500,2400,1400,20000,18100,4500,18200
83.0,9.43,108400,1024527.0,9.43,9.42,9.41,9.4,9.39,9.38,9.37,9.36,9.35,9.34,9.45,9.46,9.47,9.48,9.49,9.5,9.51,9.52,9.54,9.55,6600,21400,62100,13600,2100,16000,800,1100,24700,20600,1400,7800,1000,15500,2400,1200,20000,18100,4500,18200
84.0,9.43,108400,1024527.0,9.43,9.42,9.41,9.4,9.39,9.38,9.37,9.36,9.35,9.34,9.45,9.46,9.47,9.48,9.49,9.5,9.51,9.52,9.54,9.55,6600,21400,62100,13600,2100,16000,800,1100,24700,20600,1400,7800,1000,15500,2400,1200,20000,18100,4500,18200
85.0,9.45,109800,1037757.0,9.45,9.43,9.42,9.41,9.4,9.39,9.38,9.37,9.36,9.35,9.46,9.47,9.48,9.49,9.5,9.51,9.52,9.54,9.55,9.56,700,5500,21400,62100,13600,2100,16000,800,1100,24700,7800,1200,15500,2400,1200,20000,18100,4500,18200,14100
86.0,9.46,115800,1094517.0,9.45,9.43,9.42,9.41,9.4,9.39,9.38,9.37,9.36,9.35,9.46,9.47,9.48,9.49,9.5,9.51,9.52,9.54,9.55,9.56,2500,5500,21400,62100,13600,2100,16000,800,1100,24700,1800,1000,15500,2400,1200,20000,18100,4500,18200,14100
87.0,9.45,116000,1096407.0,9.45,9.43,9.42,9.41,9.4,9.39,9.38,9.37,9.36,9.35,9.46,9.47,9.48,9.49,9.5,9.51,9.52,9.54,9.55,9.56,2300,5500,21400,62100,13600,2100,16000,800,1100,24700,1800,1000,15500,2400,1200,20000,18100,4500,18200,14100
88.0,9.45,116700,1103022.0,9.45,9.43,9.42,9.41,9.4,9.39,9.38,9.37,9.36,9.35,9.46,9.47,9.48,9.49,9.5,9.51,9.52,9.54,9.55,9.56,1600,5700,21400,22100,13600,2100,17000,800,1100,24700,1800,1000,15500,2400,1200,20000,18100,4500,18200,14100
89.0,9.45,116900,1104913.0,9.45,9.43,9.42,9.41,9.4,9.39,9.38,9.37,9.36,9.35,9.46,9.47,9.48,9.49,9.5,9.51,9.52,9.54,9.55,9.56,1500,5700,21500,22100,13600,2100,17000,800,1100,24700,1700,1000,15500,2400,1200,20000,18100,4500,18200,14100
90.0,9.45,116900,1104913.0,9.45,9.43,9.42,9.41,9.4,9.39,9.38,9.37,9.36,9.35,9.46,9.47,9.48,9.49,9.5,9.51,9.52,9.54,9.55,9.56,1500,15700,21500,22100,13600,2100,17000,800,1100,24700,1700,1000,15500,2400,1200,20000,18100,4500,18200,14100
91.0,9.45,117000,1105858.0,9.45,9.43,9.42,9.41,9.4,9.39,9.38,9.37,9.36,9.35,9.46,9.47,9.48,9.49,9.5,9.51,9.52,9.54,9.55,9.56,1500,15700,21500,22100,13600,2100,17000,800,1100,24700,1700,1600,15500,2400,1200,20000,18100,4500,18200,14100
92.0,9.46,117100,1106804.0,9.45,9.43,9.42,9.41,9.4,9.39,9.38,9.37,9.36,9.35,9.46,9.47,9.48,9.49,9.5,9.51,9.52,9.54,9.55,9.56,1500,15700,21500,22100,13600,2100,17000,1800,1100,24700,1600,1600,15500,2400,1200,20000,18100,4500,18200,14100
93.0,9.46,117800,1113426.0,9.45,9.43,9.42,9.41,9.4,9.39,9.38,9.37,9.36,9.35,9.46,9.47,9.48,9.49,9.5,9.51,9.52,9.54,9.55,9.56,1500,15700,21500,22100,13600,2100,17000,1800,1100,24700,900,1600,15500,2400,1200,20000,18100,4500,18200,14100
94.0,9.45,119100,1125711.0,9.45,9.43,9.42,9.41,9.4,9.39,9.38,9.37,9.36,9.35,9.46,9.47,9.48,9.49,9.5,9.51,9.52,9.54,9.55,9.56,200,17700,21500,40800,14500,2100,17000,1800,1100,24700,900,1600,15500,2400,1200,20000,18100,4500,18200,14100
95.0,9.45,119100,1125711.0,9.45,9.43,9.42,9.41,9.4,9.39,9.38,9.37,9.36,9.35,9.46,9.47,9.48,9.49,9.5,9.51,9.52,9.54,9.55,9.56,200,17700,21500,40800,14500,2100,17000,1800,1100,24700,900,1600,15500,2400,1200,20000,18100,4500,18200,14100
96.0,9.45,119400,1128547.0,9.43,9.42,9.41,9.4,9.39,9.38,9.37,9.36,9.35,9.34,9.45,9.46,9.47,9.48,9.49,9.5,9.51,9.52,9.54,9.55,17700,21500,40800,14500,2700,17000,1800,1100,24700,20600,9800,800,1600,15500,2400,1200,20000,18100,4500,18200
97.0,9.45,119400,1128547.0,9.43,9.42,9.41,9.4,9.39,9.38,9.37,9.36,9.35,9.34,9.45,9.46,9.47,9.48,9.49,9.5,9.51,9.52,9.54,9.55,17700,21500,40800,14500,2700,19000,1800,1100,24700,20600,9800,800,1600,15500,2400,1200,20000,18100,4500,18200
98.0,9.45,119400,1128547.0,9.44,9.43,9.42,9.41,9.4,9.39,9.38,9.37,9.36,9.35,9.45,9.46,9.47,9.48,9.49,9.5,9.51,9.52,9.54,9.55,700,17700,21500,40800,14500,2700,19000,1800,1100,24700,9800,800,1600,15500,2400,1200,20000,18100,4500,18200
99.0,9.45,122200,1155007.0,9.44,9.43,9.42,9.41,9.4,9.39,9.38,9.37,9.36,9.35,9.45,9.46,9.47,9.48,9.49,9.5,9.51,9.52,9.54,9.55,700,17700,21500,40800,14500,2700,19000,1800,1100,24700,7000,800,1600,15500,2400,1200,20000,18100,4500,18200
100.0,9.45,122200,1155007.0,9.44,9.43,9.42,9.41,9.4,9.39,9.38,9.37,9.36,9.35,9.45,9.46,9.47,9.48,9.49,9.5,9.51,9.52,9.54,9.55,700,17700,21500,40800,14500,2700,19000,1800,1100,24700,7000,800,1600,15500,2400,1200,20000,18100,4500,18200
101.0,9.45,126100,1191862.0,9.44,9.43,9.42,9.41,9.4,9.39,9.38,9.37,9.36,9.35,9.45,9.46,9.47,9.48,9.49,9.5,9.51,9.52,9.54,9.55,1600,17700,21500,40800,14500,2700,19000,1800,1100,24700,3100,800,1600,15500,2400,1200,20000,18100,4500,18200
102.0,9.45,126400,1194697.0,9.44,9.43,9.42,9.41,9.4,9.39,9.38,9.37,9.36,9.35,9.45,9.46,9.47,9.48,9.49,9.5,9.51,9.52,9.54,9.55,1600,17700,21500,40800,14500,2700,19000,1800,1100,24700,2800,800,1600,15500,2400,1200,20000,18100,4500,18200
103.0,9.45,126400,1194697.0,9.44,9.43,9.42,9.41,9.4,9.39,9.38,9.37,9.36,9.35,9.45,9.46,9.47,9.48,9.49,9.5,9.51,9.52,9.54,9.55,1600,17700,21500,40800,14500,2700,19000,1800,1100,24700,2800,800,1600,15500,2400,1200,20000,18100,4500,18200
104.0,9.45,126800,1198477.0,9.44,9.43,9.42,9.41,9.4,9.39,9.38,9.37,9.36,9.35,9.45,9.46,9.47,9.48,9.49,9.5,9.51,9.52,9.54,9.55,2400,18600,21500,40800,14500,2700,19600,1800,1100,24700,2400,800,1600,15500,2400,1200,20000,18100,4500,18200
105.0,9.45,127400,1204147.0,9.44,9.43,9.42,9.41,9.4,9.39,9.38,9.37,9.36,9.35,9.45,9.46,9.47,9.48,9.49,9.5,9.51,9.52,9.54,9.55,2400,18600,21500,40800,14500,2700,19600,1800,1100,24700,1800,800,1600,15500,2400,1200,20000,18100,4500,18200
106.0,9.44,129600,1224918.0,9.43,9.42,9.41,9.4,9.39,9.38,9.37,9.36,9.35,9.34,9.44,9.45,9.46,9.47,9.48,9.49,9.5,9.51,9.52,9.54,18600,21500,40800,14500,2700,19600,1800,1300,63000,20600,6400,1500,800,1600,15500,2400,1200,20000,18100,4500
107.0,9.45,138500,1308939.0,9.45,9.44,9.43,9.42,9.41,9.4,9.39,9.38,9.37,9.36,9.46,9.47,9.48,9.49,9.5,9.51,9.52,9.54,9.55,9.56,4700,300,17600,21500,40800,14500,2700,19600,1800,1300,800,1600,15500,2400,1200,20000,18100,4500,18200,14100
108.0,9.45,138500,1308939.0,9.44,9.43,9.42,9.41,9.4,9.39,9.38,9.37,9.36,9.35,9.46,9.47,9.48,9.49,9.5,9.51,9.52,9.54,9.55,9.56,800,17600,21500,40800,14500,2700,19600,1800,1300,63000,800,1600,15500,2400,1200,20000,18100,4500,18200,14100
109.0,9.45,138500,1308939.0,9.44,9.43,9.42,9.41,9.4,9.39,9.38,9.37,9.36,9.35,9.45,9.46,9.47,9.48,9.49,9.5,9.51,9.52,9.54,9.55,1300,17600,21500,40800,14500,2700,19600,1800,1300,63000,1700,800,1600,15500,2400,1200,20000,18100,4500,18200
110.0,9.44,140100,1324043.0,9.43,9.42,9.41,9.4,9.39,9.38,9.37,9.36,9.35,9.34,9.44,9.45,9.46,9.47,9.48,9.49,9.5,9.51,9.52,9.54,17600,21500,40800,14500,2700,19600,1800,1300,63000,20600,8500,1700,800,1600,15500,2400,1200,20000,18100,4500
111.0,9.44,144700,1367467.0,9.43,9.42,9.41,9.4,9.39,9.38,9.37,9.36,9.35,9.34,9.44,9.45,9.46,9.47,9.48,9.49,9.5,9.51,9.52,9.54,17600,21500,40800,14500,2700,19600,1800,1300,63000,20600,3900,1700,800,1800,15500,2400,1200,20000,18100,4500
112.0,9.44,145400,1374075.0,9.43,9.42,9.41,9.4,9.39,9.38,9.37,9.36,9.35,9.34,9.44,9.46,9.47,9.49,9.5,9.51,9.52,9.54,9.55,9.56,17600,21500,40800,14900,2700,19600,1800,1300,63000,20600,3200,1400,1800,2400,1200,20000,18100,4500,18200,14100
113.0,9.44,145400,1374075.0,9.43,9.42,9.41,9.4,9.39,9.38,9.37,9.36,9.35,9.34,9.44,9.46,9.47,9.49,9.5,9.51,9.52,9.54,9.55,9.56,17600,21500,41000,14900,2700,19600,1800,1300,63000,20600,3200,1400,1800,2400,1200,20000,18100,4500,18200,14100
114.0,9.44,145900,1378795.0,9.43,9.42,9.41,9.4,9.39,9.38,9.37,9.36,9.35,9.34,9.44,9.46,9.47,9.49,9.5,9.51,9.52,9.54,9.55,9.56,17600,21500,41000,14900,2700,19600,1800,1300,63000,20600,2700,1400,1800,2400,1200,20000,18100,4500,18200,14100
115.0,9.44,147700,1395777.0,9.43,9.42,9.41,9.4,9.39,9.38,9.37,9.36,9.35,9.34,9.44,9.45,9.46,9.47,9.49,9.5,9.51,9.52,9.54,9.55,16600,21500,41000,14900,2700,19600,1800,1300,63000,20600,1900,1000,1400,1800,2400,1200,20000,18100,4500,18200
116.0,9.44,147700,1395777.0,9.43,9.42,9.41,9.4,9.39,9.38,9.37,9.36,9.35,9.34,9.44,9.45,9.46,9.47,9.49,9.5,9.51,9.52,9.54,9.55,16600,21500,41000,14900,2700,19600,1800,1300,63000,20600,1900,1000,1400,1800,2400,1200,20000,18100,4500,18200
117.0,9.44,147900,1397665.0,9.43,9.42,9.41,9.4,9.39,9.38,9.37,9.36,9.35,9.34,9.44,9.45,9.46,9.47,9.49,9.5,9.51,9.52,9.54,9.55,16600,21500,41000,14900,2700,19600,1800,1300,63000,20600,1700,1000,1400,1800,2400,1200,20000,18100,4500,18200
118.0,9.44,148200,1400497.0,9.43,9.42,9.41,9.4,9.39,9.38,9.37,9.36,9.35,9.34,9.44,9.45,9.46,9.47,9.49,9.5,9.51,9.52,9.54,9.55,16600,21500,41000,14900,2700,19600,1800,1300,63000,20600,1500,1000,1400,1800,2400,1200,20000,18100,4500,18200
119.0,9.44,148300,1401441.0,9.43,9.42,9.41,9.4,9.39,9.38,9.37,9.36,9.35,9.34,9.44,9.45,9.46,9.47,9.49,9.5,9.51,9.52,9.54,9.55,17100,21500,41000,14900,2700,19600,1800,1300,63000,20600,1400,1000,1400,1800,2400,1200,20000,18100,4500,18200
120.0,9.44,148300,1401441.0,9.43,9.42,9.41,9.4,9.39,9.38,9.37,9.36,9.35,9.34,9.44,9.45,9.46,9.47,9.49,9.5,9.51,9.52,9.54,9.55,17100,21500,41000,14900,2700,19600,1800,1300,63000,20600,1400,1000,1400,1800,2400,1200,20000,18100,4500,18200
121.0,9.44,149400,1411825.0,9.43,9.42,9.41,9.4,9.39,9.38,9.37,9.36,9.35,9.34,9.44,9.45,9.46,9.47,9.49,9.5,9.51,9.52,9.54,9.55,17100,21500,41000,14900,2700,19600,1800,1300,64000,20600,300,1000,1400,1600,2400,1200,20000,18100,7500,18200
122.0,9.44,150500,1422199.0,9.43,9.42,9.41,9.4,9.39,9.38,9.37,9.36,9.35,9.34,9.44,9.45,9.46,9.47,9.49,9.5,9.51,9.52,9.54,9.55,16100,21500,41000,14900,2700,19600,1800,1300,64000,20600,200,1000,1400,1600,2400,1200,20000,18100,7500,18200
123.0,9.44,150500,1422199.0,9.43,9.42,9.41,9.4,9.39,9.38,9.37,9.36,9.35,9.34,9.44,9.45,9.46,9.47,9.49,9.5,9.51,9.52,9.54,9.55,16100,21500,41000,14900,2700,19600,1800,1300,64000,20600,200,1000,1400,1600,2400,1200,20000,18100,7500,18200
124.0,9.44,150500,1422199.0,9.43,9.42,9.41,9.4,9.39,9.38,9.37,9.36,9.35,9.34,9.44,9.45,9.46,9.47,9.49,9.5,9.51,9.52,9.54,9.55,16600,21500,41000,14900,2700,19600,1800,1300,64000,20600,3200,1000,1400,1600,2400,1200,20000,18100,7500,18200
125.0,9.44,150500,1422199.0,9.43,9.42,9.41,9.4,9.39,9.38,9.37,9.36,9.35,9.34,9.44,9.45,9.46,9.47,9.49,9.5,9.51,9.52,9.54,9.55,16600,21500,41000,14900,2700,19600,1800,1300,64000,21600,3200,1000,1400,1600,2400,1200,20000,100,7500,18200
126.0,9.44,150800,1425031.0,9.43,9.42,9.41,9.4,9.39,9.38,9.37,9.36,9.35,9.34,9.44,9.45,9.46,9.47,9.49,9.5,9.51,9.52,9.54,9.55,16600,21500,41000,14900,2700,19600,1800,1300,64000,21600,2900,1000,1400,1600,2400,1200,20000,100,7500,18200
127.0,9.44,157800,1491111.0,9.44,9.43,9.42,9.41,9.4,9.39,9.38,9.37,9.36,9.35,9.45,9.46,9.47,9.49,9.5,9.51,9.52,9.54,9.55,9.56,6300,16600,21500,41000,14900,2700,19600,1800,1300,64000,1000,1400,1600,2400,1200,20000,100,7500,18200,14100
128.0,9.44,163600,1545863.0,9.44,9.43,9.42,9.41,9.4,9.39,9.38,9.37,9.36,9.35,9.45,9.46,9.47,9.49,9.5,9.51,9.52,9.54,9.55,9.56,6000,16600,26500,41000,14900,2700,19600,1800,1300,64000,1000,1400,1600,2400,1200,20000,100,7500,18200,14100
129.0,9.45,164300,1552472.0,9.44,9.43,9.42,9.41,9.4,9.39,9.38,9.37,9.36,9.35,9.45,9.46,9.47,9.49,9.5,9.51,9.52,9.54,9.55,9.56,5400,16600,26500,41000,14900,2700,19600,1800,1300,64000,1000,1400,1600,2600,15500,20000,100,7500,18200,14100
130.0,9.44,170300,1609112.0,9.44,9.43,9.42,9.41,9.4,9.39,9.38,9.37,9.36,9.35,9.45,9.46,9.47,9.49,9.5,9.51,9.52,9.54,9.55,9.56,1800,16600,26500,41000,14900,2700,19600,1800,1300,64000,1000,1400,1600,700,15500,20000,100,7500,18200,14100
131.0,9.44,172300,1627992.0,9.43,9.42,9.41,9.4,9.39,9.38,9.37,9.36,9.35,9.34,9.44,9.45,9.46,9.47,9.49,9.5,9.51,9.52,9.54,9.55,16600,26500,41000,14900,2700,19600,1800,1300,64000,21600,6800,1000,1400,1600,700,15500,20000,100,7500,18200
132.0,9.44,172900,1633656.0,9.43,9.42,9.41,9.4,9.39,9.38,9.37,9.36,9.35,9.34,9.44,9.45,9.46,9.47,9.49,9.5,9.51,9.52,9.54,9.55,16900,26500,41000,14900,2700,19600,1800,1300,64000,21600,6200,1000,1400,1600,700,15500,20000,100,7500,18200
133.0,9.44,172900,1633656.0,9.43,9.42,9.41,9.4,9.39,9.38,9.37,9.36,9.35,9.34,9.44,9.45,9.46,9.47,9.49,9.5,9.51,9.52,9.54,9.55,16900,26500,41000,14900,2700,19600,1800,1300,64000,21600,6200,1000,1400,1600,700,15500,20000,100,7500,18200
134.0,9.44,172900,1633656.0,9.43,9.42,9.41,9.4,9.39,9.38,9.37,9.36,9.35,9.34,9.44,9.45,9.46,9.47,9.49,9.5,9.51,9.52,9.54,9.55,16900,26500,41000,15400,2700,19600,1800,1300,64000,21600,6200,1000,1400,1600,700,15500,20000,100,7500,18200
135.0,9.43,175100,1654414.0,9.43,9.42,9.41,9.4,9.39,9.38,9.37,9.36,9.35,9.34,9.44,9.45,9.46,9.47,9.49,9.5,9.51,9.52,9.54,9.55,15900,26500,41000,15400,2700,19600,1800,1300,64000,21600,5000,1000,1400,1600,700,16500,20000,100,7500,18200
136.0,9.44,175600,1659134.0,9.43,9.42,9.41,9.4,9.39,9.38,9.37,9.36,9.35,9.34,9.44,9.45,9.46,9.47,9.49,9.5,9.51,9.52,9.54,9.55,15900,26500,41000,15400,2700,19600,1800,1300,64000,21600,4500,1000,1400,1600,700,16500,20000,100,7500,18200
137.0,9.44,175600,1659134.0,9.43,9.42,9.41,9.4,9.39,9.38,9.37,9.36,9.35,9.34,9.45,9.46,9.47,9.49,9.5,9.51,9.52,9.54,9.55,9.56,15900,28500,44000,15400,2700,19600,1800,1300,64000,21600,1000,1400,1600,700,16500,20000,100,7500,18200,14100
138.0,9.44,175600,1659134.0,9.43,9.42,9.41,9.4,9.39,9.38,9.37,9.36,9.35,9.34,9.45,9.46,9.47,9.49,9.5,9.51,9.52,9.54,9.55,9.56,16500,28500,44000,15400,2700,19600,1800,1300,64000,21600,34900,1400,1600,700,16500,20000,100,7500,18200,14100
139.0,9.45,176800,1670474.0,9.43,9.42,9.41,9.4,9.39,9.38,9.37,9.36,9.35,9.34,9.45,9.46,9.47,9.49,9.5,9.51,9.52,9.54,9.55,9.56,16500,28500,44000,15400,2700,19600,1800,1300,64000,21600,33700,1400,1600,700,16500,20000,100,7500,18200,14100
140.0,9.45,176800,1670474.0,9.43,9.42,9.41,9.4,9.39,9.38,9.37,9.36,9.35,9.34,9.45,9.46,9.47,9.49,9.5,9.51,9.52,9.54,9.55,9.56,16500,28500,44000,15400,2700,19600,1800,1300,64000,21600,33700,1400,1600,700,16500,20000,100,7500,18200,14100
141.0,9.43,187200,1768546.0,9.43,9.42,9.41,9.4,9.39,9.38,9.37,9.36,9.35,9.34,9.45,9.46,9.47,9.49,9.5,9.51,9.52,9.54,9.55,9.56,6700,28500,44000,15400,2700,19600,1800,1300,64000,21600,34300,1400,1600,700,16500,20000,100,7500,18200,14100
142.0,9.43,187800,1774204.0,9.43,9.42,9.41,9.4,9.39,9.38,9.37,9.36,9.35,9.34,9.45,9.46,9.47,9.49,9.5,9.51,9.52,9.54,9.55,9.56,6100,28500,44000,15400,2700,19600,1800,1300,64000,21600,34300,1700,1600,700,16500,20000,100,7500,18200,14100
143.0,9.43,197400,1864752.0,9.42,9.41,9.4,9.39,9.38,9.37,9.36,9.35,9.34,9.32,9.43,9.45,9.46,9.47,9.49,9.5,9.51,9.52,9.54,9.55,28500,44000,15400,2700,19600,1800,1300,64000,21600,1700,2800,33900,1700,1600,700,16500,20000,100,7500,18200
144.0,9.43,197400,1864752.0,9.42,9.41,9.4,9.39,9.38,9.37,9.36,9.35,9.34,9.32,9.43,9.45,9.46,9.47,9.49,9.5,9.51,9.52,9.54,9.55,28500,44000,15400,2700,19600,1800,1300,64000,21600,1700,2800,33900,1700,1600,700,16500,20000,100,7500,18200
145.0,9.43,197400,1864752.0,9.42,9.41,9.4,9.39,9.38,9.37,9.36,9.35,9.34,9.32,9.43,9.45,9.46,9.47,9.49,9.5,9.51,9.52,9.54,9.55,28500,44000,15400,2900,19600,1800,1300,64000,21600,1700,2800,33900,1700,1600,700,16500,20000,100,7500,18200
146.0,9.43,199400,1883612.0,9.42,9.41,9.4,9.39,9.38,9.37,9.36,9.35,9.34,9.32,9.43,9.44,9.45,9.46,9.47,9.49,9.5,9.51,9.52,9.54,28500,40900,15400,2900,20700,1800,1300,64000,21600,1700,800,14100,33900,1700,1600,700,16500,20000,100,7500
147.0,9.42,200500,1893982.0,9.42,9.41,9.4,9.39,9.38,9.37,9.36,9.35,9.34,9.32,9.43,9.44,9.45,9.46,9.47,9.49,9.5,9.51,9.52,9.54,28200,40900,15400,2900,20700,1800,1300,64000,21600,1700,100,14100,33900,1700,1600,700,16500,20000,100,7500
148.0,9.43,201000,1898697.0,9.42,9.41,9.4,9.39,9.38,9.37,9.36,9.35,9.34,9.32,9.43,9.44,9.45,9.46,9.47,9.49,9.5,9.51,9.52,9.54,28200,40900,15400,2900,20700,1800,1300,64000,21600,1700,100,14100,33900,1700,1600,700,16500,20000,100,7500
149.0,9.43,202100,1909060.0,9.43,9.42,9.41,9.4,9.39,9.38,9.37,9.36,9.35,9.34,9.44,9.45,9.46,9.47,9.49,9.5,9.51,9.52,9.54,9.55,900,27200,40900,15400,2900,20700,1800,1300,64000,21600,14100,33900,1700,1600,700,16500,20000,100,7500,18200
150.0,9.44,203100,1918500.0,9.43,9.42,9.41,9.4,9.39,9.38,9.37,9.36,9.35,9.34,9.44,9.45,9.46,9.47,9.49,9.5,9.51,9.52,9.54,9.55,900,27200,40900,15400,2900,20700,1800,1300,64000,21600,13100,33900,1700,1600,700,16500,20000,100,7500,18200
151.0,9.44,203100,1918500.0,9.43,9.42,9.41,9.4,9.39,9.38,9.37,9.36,9.35,9.34,9.44,9.45,9.46,9.47,9.49,9.5,9.51,9.52,9.54,9.55,900,27200,40900,15400,2900,20700,1800,1300,64000,21600,13100,33900,1700,1600,700,16500,20000,100,7500,18200
152.0,9.43,204000,1926987.0,9.42,9.41,9.4,9.39,9.38,9.37,9.36,9.35,9.34,9.32,9.43,9.44,9.45,9.46,9.47,9.49,9.5,9.51,9.52,9.54,27200,40900,15400,2900,20700,1800,1300,64200,21600,1700,1700,13100,33900,1700,1600,500,16500,20000,100,7500
153.0,9.43,205100,1937360.0,9.42,9.41,9.4,9.39,9.38,9.37,9.36,9.35,9.34,9.32,9.43,9.44,9.45,9.46,9.47,9.49,9.5,9.51,9.52,9.54,27200,40900,15400,2900,20700,1900,1300,64200,21600,1700,600,13100,33900,1700,1600,500,16500,20000,100,7500
154.0,9.42,206700,1952432.0,9.42,9.41,9.4,9.39,9.38,9.37,9.36,9.35,9.34,9.32,9.43,9.44,9.45,9.46,9.47,9.49,9.5,9.51,9.52,9.54,25600,40900,15400,2900,20700,1900,1300,64200,21600,1700,700,13100,33900,1700,1600,500,16500,20000,100,7500
155.0,9.43,206900,1954318.0,9.42,9.41,9.4,9.39,9.38,9.37,9.36,9.35,9.34,9.32,9.43,9.44,9.45,9.46,9.47,9.49,9.5,9.51,9.52,9.54,25600,40900,15400,2900,20700,1900,1300,64200,21600,1700,500,13100,33900,1700,1600,500,16500,20000,100,7500
156.0,9.42,208100,1965624.0,9.42,9.41,9.4,9.39,9.38,9.37,9.36,9.35,9.34,9.32,9.43,9.44,9.45,9.46,9.47,9.49,9.5,9.51,9.52,9.54,24600,40900,15400,2900,20700,1900,1300,64200,21600,1700,300,13100,33900,1700,1600,500,16500,20000,100,7500
157.0,9.42,208100,1965624.0,9.42,9.41,9.4,9.39,9.38,9.37,9.36,9.35,9.34,9.32,9.43,9.44,9.45,9.46,9.47,9.49,9.5,9.51,9.52,9.54,24600,40900,15400,2900,20700,1900,1300,64200,21600,1700,300,13100,33900,1700,1600,500,16500,20000,100,7500
158.0,9.43,208900,1973168.0,9.43,9.42,9.41,9.4,9.39,9.38,9.37,9.36,9.35,9.34,9.44,9.45,9.46,9.47,9.49,9.5,9.51,9.52,9.54,9.55,200,24600,40900,15400,2900,20700,1900,1300,64200,21600,13100,33900,1700,7100,40500,16500,20000,100,7500,14300
159.0,9.43,209700,1980712.0,9.42,9.41,9.4,9.39,9.38,9.37,9.36,9.35,9.34,9.32,9.43,9.44,9.45,9.46,9.47,9.49,9.5,9.51,9.52,9.54,24600,40900,15400,2900,20700,1900,1300,64200,21600,1700,400,13100,33900,1700,7100,40500,16500,20000,100,7500
160.0,9.43,209700,1980712.0,9.42,9.41,9.4,9.39,9.38,9.37,9.36,9.35,9.34,9.32,9.43,9.44,9.45,9.46,9.47,9.49,9.5,9.51,9.52,9.54,24600,40900,15400,2900,20700,1900,1300,64200,21600,1700,300,13100,33900,1700,7100,40500,16500,20000,100,7500
161.0,9.42,209800,1981654.0,9.42,9.41,9.4,9.39,9.38,9.37,9.36,9.35,9.34,9.32,9.43,9.44,9.45,9.46,9.47,9.49,9.5,9.51,9.52,9.54,24500,40900,15400,2900,20700,1900,1300,64200,21600,1700,300,13100,33900,1700,7100,40500,16500,20000,100,7500
162.0,9.42,209800,1981654.0,9.42,9.41,9.4,9.39,9.38,9.37,9.36,9.35,9.34,9.32,9.43,9.44,9.45,9.46,9.47,9.49,9.5,9.51,9.52,9.54,29500,40900,15400,2900,20700,1900,1300,64200,21600,1700,300,13100,33900,1700,7100,40500,16500,20000,100,7500
163.0,9.42,209800,1981654.0,9.42,9.41,9.4,9.39,9.38,9.37,9.36,9.35,9.34,9.32,9.43,9.44,9.45,9.46,9.47,9.49,9.5,9.51,9.52,9.54,30000,40900,15400,2900,20700,1900,1300,64200,21600,1700,300,13100,33900,1700,7100,40500,16500,20000,100,7500
164.0,9.42,210800,1991074.0,9.42,9.41,9.4,9.39,9.38,9.37,9.36,9.35,9.34,9.32,9.43,9.44,9.45,9.46,9.47,9.49,9.5,9.51,9.52,9.54,29000,40900,15400,2900,20700,1900,1300,64200,21600,1700,300,13100,33900,1700,7100,40500,16500,20000,100,7500
165.0,9.42,210800,1991074.0,9.42,9.41,9.4,9.39,9.38,9.37,9.36,9.35,9.34,9.32,9.43,9.44,9.45,9.46,9.47,9.49,9.5,9.51,9.52,9.54,29000,40900,15400,2900,20700,1900,1300,64200,21600,1700,300,17000,33900,1700,7100,40500,16500,20000,100,7500
166.0,9.42,210800,1991074.0,9.42,9.41,9.4,9.39,9.38,9.37,9.36,9.35,9.34,9.32,9.43,9.44,9.45,9.46,9.47,9.49,9.5,9.51,9.52,9.54,29000,40900,15400,10900,20700,1900,1300,64200,21600,1700,300,17000,33900,1700,7100,40500,16500,20000,100,7500
167.0,9.42,210800,1991074.0,9.42,9.41,9.4,9.39,9.38,9.37,9.36,9.35,9.34,9.32,9.43,9.44,9.45,9.46,9.47,9.49,9.5,9.51,9.52,9.54,29000,40900,15400,10900,20700,1900,1300,64200,21600,1700,300,17000,33900,1700,7100,40500,16500,20000,100,7500
168.0,9.42,210800,1991074.0,9.42,9.41,9.4,9.39,9.38,9.37,9.36,9.35,9.34,9.32,9.43,9.44,9.45,9.46,9.47,9.49,9.5,9.51,9.52,9.54,29000,40900,15400,10900,20700,1900,1300,64200,21600,1700,300,17000,33900,1700,7100,40500,16500,20000,100,7500
169.0,9.43,211100,1993903.0,9.42,9.41,9.4,9.39,9.38,9.37,9.36,9.35,9.34,9.32,9.44,9.45,9.46,9.47,9.49,9.5,9.51,9.52,9.54,9.55,29000,42500,15400,10900,20700,1900,1300,64200,21600,1700,17000,33900,1700,7100,40500,16500,20000,100,7500,14300
170.0,9.42,225500,2129613.0,9.42,9.41,9.4,9.39,9.38,9.37,9.36,9.35,9.34,9.32,9.43,9.44,9.45,9.46,9.47,9.49,9.5,9.51,9.52,9.54,19800,42800,15400,10900,20700,1900,1300,64200,21600,1700,17500,16000,33900,1700,7100,40500,16500,20000,100,7500
171.0,9.42,254900,2406556.0,9.41,9.4,9.39,9.38,9.37,9.36,9.35,9.34,9.32,9.31,9.42,9.43,9.44,9.45,9.46,9.47,9.49,9.5,9.51,9.52,41300,15800,10900,20700,1900,1300,64200,21600,1700,4900,4000,16600,16000,33900,1700,1600,40500,16500,20000,100
172.0,9.42,255100,2408440.0,9.41,9.4,9.39,9.38,9.37,9.36,9.35,9.34,9.32,9.31,9.42,9.43,9.44,9.45,9.46,9.47,9.49,9.5,9.51,9.52,41300,15800,10900,20700,1900,1300,64200,21600,1700,4900,5300,16600,16000,33900,1700,1600,40500,16500,20000,100
173.0,9.41,268000,2529834.0,9.41,9.4,9.39,9.38,9.37,9.36,9.35,9.34,9.32,9.31,9.42,9.43,9.44,9.45,9.46,9.47,9.49,9.5,9.51,9.52,28900,15800,10900,20700,1900,1300,64200,21600,1700,4900,4800,26600,16000,33900,1700,1600,40500,16500,20000,100
174.0,9.41,268400,2533598.0,9.41,9.4,9.39,9.38,9.37,9.36,9.35,9.34,9.32,9.31,9.42,9.43,9.44,9.45,9.46,9.47,9.49,9.5,9.51,9.52,28500,15800,10900,20700,1900,1300,64200,21600,1700,4900,5400,26600,16000,33900,1700,1600,40500,16500,20000,100
175.0,9.41,268400,2533598.0,9.41,9.4,9.39,9.38,9.37,9.36,9.35,9.34,9.32,9.31,9.42,9.43,9.44,9.45,9.46,9.47,9.49,9.5,9.51,9.52,28500,15800,10900,20700,1900,1300,64200,21600,1700,4900,5400,26600,16000,33900,1700,1600,40500,16500,20000,100
176.0,9.41,269800,2546772.0,9.41,9.4,9.39,9.38,9.37,9.36,9.35,9.34,9.32,9.31,9.42,9.43,9.44,9.45,9.46,9.47,9.49,9.5,9.51,9.52,27100,14700,12400,20700,5100,1300,64200,21600,1700,4900,5700,26500,16000,33900,1700,1600,40500,16500,20000,100
177.0,9.42,270300,2551482.0,9.41,9.4,9.39,9.38,9.37,9.36,9.35,9.34,9.32,9.31,9.42,9.43,9.44,9.45,9.46,9.47,9.49,9.5,9.51,9.52,27100,15100,12400,20700,5100,1300,64200,21600,1700,4900,5200,26500,16000,33900,1700,1600,40500,16500,20000,100
178.0,9.42,270800,2556192.0,9.41,9.4,9.39,9.38,9.37,9.36,9.35,9.34,9.32,9.31,9.42,9.43,9.44,9.45,9.46,9.47,9.49,9.5,9.51,9.52,27100,17100,12400,20700,5100,1300,64200,21600,1700,4900,4700,26500,16000,33900,1700,1600,40500,16500,20000,100
179.0,9.42,270800,2556192.0,9.41,9.4,9.39,9.38,9.37,9.36,9.35,9.34,9.32,9.31,9.42,9.43,9.44,9.45,9.46,9.47,9.49,9.5,9.51,9.52,27100,17100,12400,20700,5100,1300,64200,21600,1700,4900,4700,26500,16000,33900,1700,1600,40500,16500,20000,100
180.0,9.42,271200,2559960.0,9.41,9.4,9.39,9.38,9.37,9.36,9.35,9.34,9.32,9.31,9.42,9.43,9.44,9.45,9.46,9.47,9.49,9.5,9.51,9.52,27100,17100,12400,20700,5100,1300,64200,21600,1700,4900,4300,26500,16000,33900,1700,1600,40500,16500,20000,100
181.0,9.41,272700,2574083.0,9.41,9.4,9.39,9.38,9.37,9.36,9.35,9.34,9.32,9.31,9.42,9.43,9.44,9.45,9.46,9.47,9.49,9.5,9.51,9.52,26400,17100,12400,20700,5100,1300,64200,21600,1700,4900,3500,26500,16000,33900,1700,1600,40500,16500,20000,100
182.0,9.41,299900,2830041.0,9.4,9.39,9.38,9.37,9.36,9.35,9.34,9.32,9.31,9.3,9.41,9.42,9.43,9.44,9.45,9.46,9.47,9.49,9.5,9.51,16700,12400,20700,5100,1300,64200,21600,1700,4900,34600,1700,7600,26500,16000,33900,1700,1600,40500,16500,20000
183.0,9.41,299900,2830041.0,9.4,9.39,9.38,9.37,9.36,9.35,9.34,9.32,9.31,9.3,9.41,9.42,9.43,9.44,9.45,9.46,9.47,9.49,9.5,9.51,16700,12400,20700,5100,1300,64200,21600,1700,4900,34600,1700,7600,26500,16000,33900,1700,1600,40500,16500,20000
184.0,9.41,300000,2830982.0,9.4,9.39,9.38,9.37,9.36,9.35,9.34,9.32,9.31,9.3,9.41,9.42,9.43,9.44,9.45,9.46,9.47,9.49,9.5,9.51,16700,12400,20700,5100,1300,64200,21600,1700,4900,34600,3800,7600,26500,16000,33900,1700,1600,40500,16500,20000
185.0,9.41,300000,2830982.0,9.4,9.39,9.38,9.37,9.36,9.35,9.34,9.32,9.31,9.3,9.41,9.42,9.43,9.44,9.45,9.46,9.47,9.49,9.5,9.51,16700,12400,20700,5100,1300,64200,21600,1700,4900,34600,4100,9600,26500,16000,33900,1700,1600,40500,16500,20000
186.0,9.41,300400,2834746.0,9.4,9.39,9.38,9.37,9.36,9.35,9.34,9.32,9.31,9.3,9.41,9.42,9.43,9.44,9.45,9.46,9.47,9.49,9.5,9.51,16700,12400,20700,5100,1300,64200,21600,1700,4900,34600,3700,9600,26500,16000,33900,1700,1600,40500,16500,20000
187.0,9.41,300700,2837569.0,9.4,9.39,9.38,9.37,9.36,9.35,9.34,9.32,9.31,9.3,9.41,9.42,9.43,9.44,9.45,9.46,9.47,9.49,9.5,9.51,16700,12400,21000,5100,1300,64200,21600,1700,4900,34600,2700,9600,26500,16000,33900,1700,1600,40500,16500,20000
188.0,9.42,306300,2890294.0,9.4,9.39,9.38,9.37,9.36,9.35,9.34,9.32,9.31,9.3,9.42,9.43,9.44,9.45,9.46,9.47,9.49,9.5,9.51,9.52,16700,12400,21000,5100,1300,64200,21600,1700,4900,34600,8700,26500,16000,33900,1700,1600,40500,16500,20000,100
189.0,9.41,309600,2921344.0,9.41,9.4,9.39,9.38,9.37,9.36,9.35,9.34,9.32,9.31,9.42,9.43,9.44,9.45,9.46,9.47,9.49,9.5,9.51,9.52,4300,17200,12400,21000,5100,1300,64200,21600,1700,4900,9500,15100,13800,33900,1700,1600,40500,16500,20000,100
190.0,9.41,315500,2976912.0,9.41,9.4,9.39,9.38,9.37,9.36,9.35,9.34,9.32,9.31,9.42,9.43,9.44,9.45,9.46,9.47,9.49,9.5,9.51,9.52,4500,17200,12400,21000,5100,1300,64200,21600,1700,4900,4600,15100,13800,33900,1700,1600,40500,16500,20000,100
191.0,9.42,320500,3024012.0,9.42,9.41,9.4,9.39,9.38,9.37,9.36,9.35,9.34,9.32,9.43,9.44,9.45,9.46,9.47,9.49,9.5,9.51,9.52,9.54,1400,6000,17200,12400,21000,5100,1300,64200,21600,1700,15100,9600,33900,1700,1600,40500,16500,20000,100,7500
192.0,9.42,320500,3024012.0,9.42,9.41,9.4,9.39,9.38,9.37,9.36,9.35,9.34,9.32,9.43,9.44,9.45,9.46,9.47,9.49,9.5,9.51,9.52,9.54,1400,5300,17200,12400,21000,5100,1300,64200,21600,1700,15100,6600,33900,1700,1600,40500,16500,20000,100,7500
193.0,9.43,323600,3053245.0,9.42,9.41,9.4,9.39,9.38,9.37,9.36,9.35,9.34,9.32,9.43,9.44,9.45,9.46,9.47,9.49,9.5,9.51,9.52,9.54,2500,5400,17200,12400,21000,5100,1300,64200,21600,1700,12000,6600,33900,1700,1600,40500,16500,20000,100,7500
194.0,9.43,324600,3062675.0,9.42,9.41,9.4,9.39,9.38,9.37,9.36,9.35,9.34,9.32,9.43,9.44,9.45,9.46,9.47,9.49,9.5,9.51,9.52,9.54,3400,4200,17200,12400,21000,5100,1300,64200,21600,1700,11000,6600,33900,1700,1600,40500,16500,20000,100,7500
195.0,9.43,331700,3129628.0,9.42,9.41,9.4,9.39,9.38,9.37,9.36,9.35,9.34,9.32,9.43,9.44,9.45,9.46,9.47,9.49,9.5,9.51,9.52,9.54,4800,7700,17200,12400,21000,5100,2400,64200,21600,1700,3900,6000,33900,1700,1600,40500,16500,20000,100,7500
196.0,9.44,335800,3168293.0,9.43,9.42,9.41,9.4,9.39,9.38,9.37,9.36,9.35,9.34,9.44,9.45,9.46,9.47,9.49,9.5,9.51,9.52,9.54,9.55,1700,4900,7700,17200,12400,21000,5100,3400,64200,21600,5800,33900,1700,1600,40500,16500,20000,100,7500,14300
197.0,9.44,335800,3168293.0,9.43,9.42,9.41,9.4,9.39,9.38,9.37,9.36,9.35,9.34,9.44,9.45,9.46,9.47,9.49,9.5,9.51,9.52,9.54,9.55,2100,6300,10500,17200,12400,21000,5100,3400,64200,21600,5800,33900,1700,1600,40500,16500,20000,100,7500,14300
198.0,9.44,336300,3173013.0,9.43,9.42,9.41,9.4,9.39,9.38,9.37,9.36,9.35,9.34,9.44,9.45,9.46,9.47,9.49,9.5,9.51,9.52,9.54,9.55,2100,6300,12600,17200,12400,21000,5100,3400,64200,21600,5300,33900,1700,1600,40500,16500,20000,100,7500,14300
199.0,9.44,336300,3173013.0,9.43,9.42,9.41,9.4,9.39,9.38,9.37,9.36,9.35,9.34,9.44,9.45,9.46,9.47,9.49,9.5,9.51,9.52,9.54,9.55,2100,7000,12600,17200,12400,21000,5100,3400,64200,21600,5300,33900,1700,1600,40500,16500,20000,100,7500,14300
200.0,9.44,336300,3173013.0,9.43,9.42,9.41,9.4,9.39,9.38,9.37,9.36,9.35,9.34,9.44,9.45,9.46,9.47,9.49,9.5,9.51,9.52,9.54,9.55,2100,7000,12600,17400,12400,21000,5100,3400,64200,21600,5300,33900,1700,1600,40500,16500,20000,100,7500,14300
201.0,9.44,337300,3182453.0,9.43,9.42,9.41,9.4,9.39,9.38,9.37,9.36,9.35,9.34,9.44,9.45,9.46,9.47,9.49,9.5,9.51,9.52,9.54,9.55,2100,7000,12600,17400,13200,21000,5100,3400,64200,21600,4300,33900,1700,1600,40500,16500,20000,100,7500,14300
202.0,9.44,337300,3182453.0,9.43,9.42,9.41,9.4,9.39,9.38,9.37,9.36,9.35,9.34,9.44,9.45,9.46,9.47,9.49,9.5,9.51,9.52,9.54,9.55,12000,7000,12600,17400,13200,21000,5100,3400,64200,21600,4300,33900,1700,10500,40500,16500,20000,100,7500,14300
203.0,9.44,337300,3182453.0,9.43,9.42,9.41,9.4,9.39,9.38,9.37,9.36,9.35,9.34,9.44,9.45,9.46,9.47,9.49,9.5,9.51,9.52,9.54,9.55,12000,5800,12600,17400,13200,21000,5100,3400,64200,21600,4300,33900,1700,10500,40500,16500,20000,100,7500,14300
204.0,9.44,337900,3188117.0,9.43,9.42,9.41,9.4,9.39,9.38,9.37,9.36,9.35,9.34,9.44,9.45,9.46,9.47,9.49,9.5,9.51,9.52,9.54,9.55,12000,5800,12600,17400,13200,18400,5100,3400,64200,21600,3700,33900,1700,10500,40500,16500,20000,100,7500,14300
205.0,9.44,338900,3197557.0,9.43,9.42,9.41,9.4,9.39,9.38,9.37,9.36,9.35,9.34,9.44,9.45,9.46,9.47,9.49,9.5,9.51,9.52,9.54,9.55,12000,5800,13700,17400,13200,18400,5100,3400,64200,21600,2700,33900,1700,10500,40500,16500,20000,100,7500,14300
206.0,9.44,338900,3197557.0,9.43,9.42,9.41,9.4,9.39,9.38,9.37,9.36,9.35,9.34,9.44,9.45,9.46,9.47,9.49,9.5,9.51,9.52,9.54,9.55,12000,5800,13700,27400,13200,18400,5100,8400,64200,21600,2700,33900,1700,10500,40500,16500,20000,100,7500,14300
207.0,9.44,338900,3197557.0,9.43,9.42,9.41,9.4,9.39,9.38,9.37,9.36,9.35,9.34,9.44,9.45,9.46,9.47,9.49,9.5,9.51,9.52,9.54,9.55,12000,5800,13700,27400,13200,18400,5100,8400,64200,21600,2700,33900,1700,10500,40500,16500,20000,100,7500,14300
208.0,9.44,339300,3201333.0,9.43,9.42,9.41,9.4,9.39,9.38,9.37,9.36,9.35,9.34,9.44,9.45,9.46,9.47,9.49,9.5,9.51,9.52,9.54,9.55,12000,7300,13700,27400,13200,18400,5100,8400,64200,21600,2300,33900,1700,10500,40500,16500,20000,100,7500,14300
209.0,9.43,339400,3202276.0,9.43,9.42,9.41,9.4,9.39,9.38,9.37,9.36,9.35,9.34,9.44,9.45,9.46,9.47,9.49,9.5,9.51,9.52,9.54,9.55,11900,7300,14700,27400,13200,18400,5100,8400,64200,21600,2300,33900,1700,10500,40500,16500,20000,100,7500,14300
210.0,9.43,340400,3211706.0,9.43,9.42,9.41,9.4,9.39,9.38,9.37,9.36,9.35,9.34,9.44,9.45,9.46,9.47,9.49,9.5,9.51,9.52,9.54,9.55,10900,7300,14700,27400,13200,18400,5100,8400,64700,21600,2300,33900,1700,10500,40500,16500,20000,100,7500,14300
211.0,9.43,341700,3223969.0,9.43,9.42,9.41,9.4,9.39,9.38,9.37,9.36,9.35,9.34,9.44,9.45,9.46,9.47,9.49,9.5,9.51,9.52,9.54,9.55,10000,7300,14700,29000,13200,18400,5100,8400,64700,21600,1900,33900,1700,10500,40500,16500,20000,100,7500,14300
212.0,9.43,343100,3237172.0,9.43,9.42,9.41,9.4,9.39,9.38,9.37,9.36,9.35,9.34,9.44,9.45,9.46,9.47,9.49,9.5,9.51,9.52,9.54,9.55,8700,7300,14700,29000,13200,18400,5100,8400,64700,21600,2000,33900,1700,10500,40500,16500,20000,100,7500,14300
213.0,9.43,344900,3254146.0,9.43,9.42,9.41,9.4,9.39,9.38,9.37,9.36,9.35,9.34,9.44,9.45,9.46,9.47,9.49,9.5,9.51,9.52,9.54,9.55,6900,7300,14700,29000,13200,18400,5100,8400,64700,21600,2000,33900,1700,10500,40500,16500,20000,100,7500,14300
214.0,9.43,344900,3254146.0,9.43,9.42,9.41,9.4,9.39,9.38,9.37,9.36,9.35,9.34,9.44,9.45,9.46,9.47,9.49,9.5,9.51,9.52,9.54,9.55,21400,7300,14700,29000,13200,18400,5100,8400,67700,21600,2000,33900,1700,10500,40500,16500,20000,100,7500,14300
215.0,9.43,345600,3260749.0,9.43,9.42,9.41,9.4,9.39,9.38,9.37,9.36,9.35,9.34,9.44,9.45,9.46,9.47,9.49,9.5,9.51,9.52,9.54,9.55,21900,7300,16700,29000,13200,18400,5100,8400,67700,21600,1800,33900,1700,10500,40500,16500,20000,100,7500,14300
216.0,9.43,346100,3265468.0,9.43,9.42,9.41,9.4,9.39,9.38,9.37,9.36,9.35,9.34,9.44,9.45,9.46,9.47,9.49,9.5,9.51,9.52,9.54,9.55,25100,7300,16700,29000,13200,18400,6100,8400,67700,21600,1400,34400,1700,10500,40500,16500,20000,100,7500,14300
217.0,9.43,346100,3265468.0,9.43,9.42,9.41,9.4,9.39,9.38,9.37,9.36,9.35,9.34,9.44,9.45,9.46,9.47,9.49,9.5,9.51,9.52,9.54,9.55,25100,7300,16700,29000,13200,18400,6100,8400,67700,21600,1400,34400,1700,10500,40500,16500,20000,100,7500,14300
218.0,9.44,346900,3273020.0,9.43,9.42,9.41,9.4,9.39,9.38,9.37,9.36,9.35,9.34,9.44,9.45,9.46,9.47,9.49,9.5,9.51,9.52,9.54,9.55,25100,7300,19400,29000,13200,18400,6100,8400,67700,21600,600,34400,1700,10500,40500,16500,20000,100,7500,14300
219.0,9.44,346900,3273020.0,9.43,9.42,9.41,9.4,9.39,9.38,9.37,9.36,9.35,9.34,9.44,9.45,9.46,9.47,9.49,9.5,9.51,9.52,9.54,9.55,10600,7300,19400,29400,13200,18400,6100,8400,67700,21600,600,34400,1700,10500,40500,16500,20000,100,7500,14300
220.0,9.43,358000,3377693.0,9.43,9.42,9.41,9.4,9.39,9.38,9.37,9.36,9.35,9.34,9.44,9.45,9.46,9.47,9.49,9.5,9.51,9.52,9.54,9.55,200,7300,24400,29400,13200,18400,6100,8400,67700,21600,600,1700,1700,10500,40500,16500,20000,100,7500,14300
221.0,9.43,358000,3377693.0,9.43,9.42,9.41,9.4,9.39,9.38,9.37,9.36,9.35,9.34,9.44,9.45,9.46,9.47,9.49,9.5,9.51,9.52,9.54,9.55,200,7300,24400,29400,13200,18400,6100,8400,67700,21600,700,1700,1700,10500,40500,16500,20000,100,7500,14300
222.0,9.43,358200,3379579.0,9.42,9.41,9.4,9.39,9.38,9.37,9.36,9.35,9.34,9.33,9.43,9.44,9.45,9.46,9.47,9.49,9.5,9.51,9.52,9.54,7300,24400,29400,13200,18400,6100,8400,67700,21600,2000,800,700,1700,1700,10500,40500,16500,20000,100,7500
223.0,9.43,358200,3379579.0,9.42,9.41,9.4,9.39,9.38,9.37,9.36,9.35,9.34,9.33,9.43,9.44,9.45,9.46,9.47,9.49,9.5,9.51,9.52,9.54,7300,24400,29400,13200,19400,6100,8400,67700,21600,2000,800,700,1700,1700,10500,40500,16500,20000,100,7500
224.0,9.44,359500,3391843.0,9.42,9.41,9.4,9.39,9.38,9.37,9.36,9.35,9.34,9.33,9.44,9.45,9.46,9.47,9.49,9.5,9.51,9.52,9.54,9.55,7300,24400,29400,13200,20000,6100,8400,67700,21600,2000,200,1700,1700,10500,40500,16500,20000,100,7500,14300
225.0,9.44,359500,3391843.0,9.42,9.41,9.4,9.39,9.38,9.37,9.36,9.35,9.34,9.33,9.44,9.45,9.46,9.47,9.49,9.5,9.51,9.52,9.54,9.55,8000,24400,29400,13200,20000,6100,8400,67700,21600,2000,900,1700,1700,10500,40500,16500,20000,100,7500,14300
226.0,9.44,359500,3391843.0,9.42,9.41,9.4,9.39,9.38,9.37,9.36,9.35,9.34,9.33,9.44,9.45,9.46,9.47,9.49,9.5,9.51,9.52,9.54,9.55,9100,24400,29400,13200,20000,6100,8400,67700,21600,2000,2000,1700,1700,10500,40500,16500,20000,100,7500,14300
227.0,9.44,359500,3391843.0,9.42,9.41,9.4,9.39,9.38,9.37,9.36,9.35,9.34,9.33,9.44,9.45,9.46,9.47,9.49,9.5,9.51,9.52,9.54,9.55,11600,24400,29400,13200,20000,6100,8400,67700,21600,2000,4500,1200,1700,10500,40500,16500,20000,100,7500,14300
228.0,9.44,360800,3404115.0,9.42,9.41,9.4,9.39,9.38,9.37,9.36,9.35,9.34,9.33,9.44,9.45,9.46,9.47,9.49,9.5,9.51,9.52,9.54,9.55,11600,24400,29400,13200,20000,6100,8400,67700,21600,2000,3200,1200,1700,10500,40500,16500,20000,100,7500,14300
229.0,9.44,360800,3404115.0,9.43,9.42,9.41,9.4,9.39,9.38,9.37,9.36,9.35,9.34,9.44,9.45,9.46,9.47,9.49,9.5,9.51,9.52,9.54,9.55,900,25700,35400,29400,13200,20000,6100,8400,67700,21600,6100,1200,1700,10500,40500,16500,20000,100,7500,14300
230.0,9.44,361400,3409779.0,9.43,9.42,9.41,9.4,9.39,9.38,9.37,9.36,9.35,9.34,9.44,9.45,9.46,9.47,9.49,9.5,9.51,9.52,9.54,9.55,2200,25500,35400,29400,13200,20000,6100,8400,67700,21600,5500,1200,1700,10500,40500,16500,20000,100,7500,14300
231.0,9.44,361400,3409779.0,9.43,9.42,9.41,9.4,9.39,9.38,9.37,9.36,9.35,9.34,9.44,9.45,9.46,9.47,9.49,9.5,9.51,9.52,9.54,9.55,2200,25500,33900,29400,13200,20000,15300,8400,67700,21600,5500,1200,1700,10500,40500,16500,20000,100,7500,14300
232.0,9.44,361900,3414499.0,9.43,9.42,9.41,9.4,9.39,9.38,9.37,9.36,9.35,9.34,9.44,9.45,9.46,9.47,9.49,9.5,9.51,9.52,9.54,9.55,2200,25500,33900,29400,13200,21000,15300,8400,67700,21600,5000,1200,1700,10500,40500,16500,20000,100,7500,14300
233.0,9.44,361900,3414499.0,9.43,9.42,9.41,9.4,9.39,9.38,9.37,9.36,9.35,9.34,9.44,9.45,9.46,9.47,9.49,9.5,9.51,9.52,9.54,9.55,2200,25700,33900,29400,13200,21000,15300,8400,67700,21600,5000,1200,1700,10500,40500,16500,20000,100,7500,14300
234.0,9.44,361900,3414499.0,9.43,9.42,9.41,9.4,9.39,9.38,9.37,9.36,9.35,9.34,9.44,9.45,9.46,9.47,9.49,9.5,9.51,9.52,9.54,9.55,2200,27100,33900,29400,13200,21000,15300,8400,67700,21600,5000,1200,1700,10500,40500,16500,20000,100,7500,14300
235.0,9.44,362400,3419219.0,9.43,9.42,9.41,9.4,9.39,9.38,9.37,9.36,9.35,9.34,9.44,9.45,9.46,9.47,9.49,9.5,9.51,9.52,9.54,9.55,2200,27100,33900,29400,13200,21000,15300,8400,67700,21600,4500,1200,1700,10500,40500,16500,20000,100,7500,14300
236.0,9.44,362800,3422995.0,9.43,9.42,9.41,9.4,9.39,9.38,9.37,9.36,9.35,9.34,9.44,9.45,9.46,9.47,9.49,9.5,9.51,9.52,9.54,9.55,2200,27100,33900,29400,13200,21000,15300,8400,67700,21600,4100,1200,1700,10500,40500,16500,20000,100,7500,14300
237.0,9.44,362800,3422995.0,9.43,9.42,9.41,9.4,9.39,9.38,9.37,9.36,9.35,9.34,9.44,9.45,9.46,9.47,9.49,9.5,9.51,9.52,9.54,9.55,2200,27100,33900,29400,13200,21000,15300,8400,67700,21600,4100,1200,1700,10500,40500,16500,20000,100,7500,14300
238.0,9.44,363200,3426771.0,9.43,9.42,9.41,9.4,9.39,9.38,9.37,9.36,9.35,9.34,9.44,9.45,9.46,9.47,9.49,9.5,9.51,9.52,9.54,9.55,2200,27100,33900,29400,13200,21000,15300,8400,67700,21600,3700,1200,1700,10500,40500,16500,20000,100,7500,14300
239.0,9.44,363200,3426771.0,9.43,9.42,9.41,9.4,9.39,9.38,9.37,9.36,9.35,9.34,9.44,9.45,9.46,9.47,9.49,9.5,9.51,9.52,9.54,9.55,2500,27100,45900,29900,13200,21000,15300,8400,67700,21600,3700,1200,1700,10500,40500,16500,20000,100,7500,14300
240.0,9.44,363900,3433379.0,9.43,9.42,9.41,9.4,9.39,9.38,9.37,9.36,9.35,9.34,9.44,9.45,9.46,9.47,9.49,9.5,9.51,9.52,9.54,9.55,2500,27100,45900,30900,13200,21000,15300,8400,67700,21600,3000,1200,1700,10500,40500,16500,20000,100,7500,14300
241.0,9.44,363900,3433379.0,9.43,9.42,9.41,9.4,9.39,9.38,9.37,9.36,9.35,9.34,9.44,9.45,9.46,9.47,9.49,9.5,9.51,9.52,9.54,9.55,2500,27100,45900,30900,13200,21000,15300,8400,67700,21600,3000,1200,1700,10500,40500,16500,20000,100,7500,14300
242.0,9.44,363900,3433379.0,9.43,9.42,9.41,9.4,9.39,9.38,9.37,9.36,9.35,9.34,9.44,9.45,9.46,9.47,9.49,9.5,9.51,9.52,9.54,9.55,2700,27100,45900,30900,13200,21000,15300,8400,67700,21600,3000,1200,1700,11700,40500,16500,20000,100,7500,14300
243.0,9.44,363900,3433379.0,9.43,9.42,9.41,9.4,9.39,9.38,9.37,9.36,9.35,9.34,9.44,9.45,9.46,9.47,9.49,9.5,9.51,9.52,9.54,9.55,2700,27100,45900,30900,13200,21000,15300,8400,67700,21600,3000,1200,1400,11700,40500,16500,20000,100,7500,14300
244.0,9.44,363900,3433379.0,9.43,9.42,9.41,9.4,9.39,9.38,9.37,9.36,9.35,9.34,9.44,9.45,9.46,9.47,9.49,9.5,9.51,9.52,9.54,9.55,2700,27100,45900,30900,13200,21000,15300,8400,67700,21600,3000,1200,1400,11700,40500,16500,20000,100,7500,14300
245.0,9.44,364400,3438097.0,9.43,9.42,9.41,9.4,9.39,9.38,9.37,9.36,9.35,9.34,9.44,9.45,9.46,9.47,9.49,9.5,9.51,9.52,9.54,9.55,2500,27100,45900,30900,13200,21200,15300,8400,67700,21600,2700,1200,1400,11700,40500,16500,20000,100,7500,14300
246.0,9.44,364400,3438097.0,9.43,9.42,9.41,9.4,9.39,9.38,9.37,9.36,9.35,9.34,9.44,9.45,9.46,9.47,9.49,9.5,9.51,9.52,9.54,9.55,2500,27100,46400,31100,13200,21200,15300,8400,67700,21600,2700,1200,1400,11700,40500,16500,20000,100,7500,14300
247.0,9.43,367200,3464501.0,9.42,9.41,9.4,9.39,9.38,9.37,9.36,9.35,9.34,9.33,9.43,9.44,9.45,9.46,9.47,9.49,9.5,9.51,9.52,9.54,27100,46400,31100,13200,21200,15300,8400,67700,21600,2000,7200,2700,1200,1400,11700,40500,16500,20000,100,7500
248.0,9.42,368200,3473921.0,9.42,9.41,9.4,9.39,9.38,9.37,9.36,9.35,9.34,9.33,9.43,9.44,9.45,9.46,9.47,9.49,9.5,9.51,9.52,9.54,26100,46400,31100,13200,21200,15300,8400,67700,21600,2000,7200,2700,1200,1400,11700,40500,16500,20000,100,7500
249.0,9.42,368200,3473921.0,9.42,9.41,9.4,9.39,9.38,9.37,9.36,9.35,9.34,9.33,9.43,9.44,9.45,9.46,9.47,9.49,9.5,9.51,9.52,9.54,26100,46400,31100,13200,21200,15300,7300,67700,21600,2000,7200,2700,1200,1400,11700,40500,16500,20000,100,7500
250.0,9.42,368200,3473921.0,9.42,9.41,9.4,9.39,9.38,9.37,9.36,9.35,9.34,9.33,9.43,9.44,9.45,9.46,9.47,9.49,9.5,9.51,9.52,9.54,26100,46400,31100,13200,21200,15300,7300,67700,21600,2000,7200,2700,1200,1400,11700,40500,17800,20000,100,7500
251.0,9.42,368200,3473921.0,9.42,9.41,9.4,9.39,9.38,9.37,9.36,9.35,9.34,9.33,9.43,9.44,9.45,9.46,9.47,9.49,9.5,9.51,9.52,9.54,26100,46400,31600,13200,21200,15300,7300,67700,21600,2000,7200,2700,1200,1400,11700,40500,17800,20000,100,7500
252.0,9.43,369600,3487123.0,9.42,9.41,9.4,9.39,9.38,9.37,9.36,9.35,9.34,9.33,9.43,9.44,9.45,9.46,9.47,9.49,9.5,9.51,9.52,9.54,30700,46400,31600,13200,21200,15300,7300,67700,21600,2000,5800,2700,1200,1400,11700,40500,17800,20000,100,7500
253.0,9.43,370200,3492781.0,9.42,9.41,9.4,9.39,9.38,9.37,9.36,9.35,9.34,9.33,9.43,9.44,9.45,9.46,9.47,9.49,9.5,9.51,9.52,9.54,30700,47200,31600,13200,21200,15300,7300,67700,21600,2000,5200,2700,1200,1600,11700,40500,17800,20000,100,7500
254.0,9.43,370200,3492781.0,9.42,9.41,9.4,9.39,9.38,9.37,9.36,9.35,9.34,9.33,9.43,9.44,9.45,9.46,9.47,9.49,9.5,9.51,9.52,9.54,31200,47200,34600,13200,21200,15300,7300,67700,21600,2000,5200,2700,1200,1600,11700,40500,17800,20000,100,7500
255.0,9.43,370700,3497496.0,9.42,9.41,9.4,9.39,9.38,9.37,9.36,9.35,9.34,9.33,9.43,9.44,9.45,9.46,9.47,9.49,9.5,9.51,9.52,9.54,31200,47200,34600,13200,21200,15300,7300,67700,21600,2000,4700,2700,1200,1600,11700,40500,17800,20000,100,7500
256.0,9.43,370700,3497496.0,9.42,9.41,9.4,9.39,9.38,9.37,9.36,9.35,9.34,9.33,9.43,9.44,9.45,9.46,9.47,9.49,9.5,9.51,9.52,9.54,31200,47200,34600,13200,21200,15300,7300,67700,21600,2000,4700,2700,1200,3400,11700,40500,17800,20000,100,7500
257.0,9.43,371100,3501268.0,9.42,9.41,9.4,9.39,9.38,9.37,9.36,9.35,9.34,9.33,9.43,9.44,9.45,9.46,9.47,9.49,9.5,9.51,9.52,9.54,31200,47200,34600,13200,21200,15300,7300,67700,21600,2000,4300,2700,1200,3400,11700,40500,17800,20000,100,7500
258.0,9.43,371100,3501268.0,9.42,9.41,9.4,9.39,9.38,9.37,9.36,9.35,9.34,9.33,9.43,9.44,9.45,9.46,9.47,9.49,9.5,9.51,9.52,9.54,31200,47200,34600,13200,21200,15300,7300,67700,21600,2000,4300,2700,1200,3400,11700,40500,17800,20000,100,7500
259.0,9.43,371100,3501268.0,9.42,9.41,9.4,9.39,9.38,9.37,9.36,9.35,9.34,9.33,9.43,9.44,9.45,9.46,9.47,9.49,9.5,9.51,9.52,9.54,32200,47200,34600,13200,21200,15300,7300,67700,21600,2000,4300,2700,1200,3400,11700,40500,17800,20000,100,7500
260.0,9.43,371900,3508812.0,9.42,9.41,9.4,9.39,9.38,9.37,9.36,9.35,9.34,9.33,9.43,9.44,9.45,9.46,9.47,9.49,9.5,9.51,9.52,9.54,32200,47200,34600,13200,21200,15300,7300,67700,21600,2000,3600,2700,1200,3400,11700,40500,17800,20000,100,7500
261.0,9.44,376800,3555032.0,9.43,9.42,9.41,9.4,9.39,9.38,9.37,9.36,9.35,9.34,9.44,9.45,9.46,9.47,9.49,9.5,9.51,9.52,9.54,9.55,20400,32200,47200,34600,13200,21200,15300,7300,67700,21600,1400,1200,3400,11700,40500,17800,20000,100,7500,14800
262.0,9.44,376900,3555976.0,9.43,9.42,9.41,9.4,9.39,9.38,9.37,9.36,9.35,9.34,9.44,9.45,9.46,9.47,9.49,9.5,9.51,9.52,9.54,9.55,23100,32200,47200,34600,13200,21200,15300,7300,67700,21600,1300,1200,3400,11700,40500,17800,20000,100,7500,14800
263.0,9.44,377100,3557864.0,9.43,9.42,9.41,9.4,9.39,9.38,9.37,9.36,9.35,9.34,9.44,9.45,9.46,9.47,9.49,9.5,9.51,9.52,9.54,9.55,23100,27600,47200,34600,13200,21200,15300,7300,67700,21600,1100,1200,3400,11700,40500,17800,20000,100,7500,14800
264.0,9.44,383100,3614504.0,9.43,9.42,9.41,9.4,9.39,9.38,9.37,9.36,9.35,9.34,9.44,9.45,9.46,9.47,9.49,9.5,9.51,9.52,9.54,9.55,23100,27600,47200,34600,13200,21200,15300,7300,67700,21600,2600,1200,3400,11700,40500,17800,20000,100,7500,14800
265.0,9.44,383400,3617336.0,9.43,9.42,9.41,9.4,9.39,9.38,9.37,9.36,9.35,9.34,9.44,9.45,9.46,9.47,9.49,9.5,9.51,9.52,9.54,9.55,23600,29900,47200,34600,13200,21200,15300,7300,67700,21600,2300,1200,3400,11700,40500,17800,20000,100,7500,14800
266.0,9.44,383400,3617336.0,9.43,9.42,9.41,9.4,9.39,9.38,9.37,9.36,9.35,9.34,9.44,9.45,9.46,9.47,9.49,9.5,9.51,9.52,9.54,9.55,23600,29900,47200,34600,13200,21200,15300,7300,67700,21600,2300,1200,3400,11700,40500,17800,20000,100,7500,14800
267.0,9.43,383700,3620167.0,9.43,9.42,9.41,9.4,9.39,9.38,9.37,9.36,9.35,9.34,9.44,9.45,9.46,9.47,9.49,9.5,9.51,9.52,9.54,9.55,23500,31700,47200,34600,13200,21200,15300,7300,67700,21600,2100,1200,3400,11700,40500,17800,20000,100,7500,14800
268.0,9.44,384000,3622999.0,9.43,9.42,9.41,9.4,9.39,9.38,9.37,9.36,9.35,9.34,9.44,9.45,9.46,9.47,9.49,9.5,9.51,9.52,9.54,9.55,23500,31700,47200,34600,13200,21200,15300,9300,67700,21600,1800,1200,3400,11700,40500,17800,20000,100,7500,14800
269.0,9.44,384000,3622999.0,9.43,9.42,9.41,9.4,9.39,9.38,9.37,9.36,9.35,9.34,9.44,9.45,9.46,9.47,9.49,9.5,9.51,9.52,9.54,9.55,23500,31700,47100,34600,13200,23200,15300,9300,67700,21600,1800,1200,3400,11700,40500,17800,20000,100,7500,14800
270.0,9.44,384200,3624887.0,9.43,9.42,9.41,9.4,9.39,9.38,9.37,9.36,9.35,9.34,9.44,9.45,9.46,9.47,9.49,9.5,9.51,9.52,9.54,9.55,23500,32100,47100,35600,13200,23200,15300,9300,67700,21600,1600,1200,3400,11700,40500,17800,20000,100,7500,14800
271.0,9.43,390800,3687125.0,9.43,9.42,9.41,9.4,9.39,9.38,9.37,9.36,9.35,9.34,9.44,9.45,9.46,9.47,9.49,9.5,9.51,9.52,9.54,9.55,16900,32100,47100,35600,13200,23200,15300,9300,67700,21600,1600,1200,3400,11700,40500,17800,20000,100,7500,14800
272.0,9.43,390800,3687125.0,9.43,9.42,9.41,9.4,9.39,9.38,9.37,9.36,9.35,9.34,9.44,9.45,9.46,9.47,9.49,9.5,9.51,9.52,9.54,9.55,18900,32100,47100,35600,13200,23200,15300,9300,68000,21600,1600,1200,3400,11700,40500,17800,20000,100,7500,14800
273.0,9.44,390900,3688069.0,9.43,9.42,9.41,9.4,9.39,9.38,9.37,9.36,9.35,9.34,9.44,9.45,9.46,9.47,9.49,9.5,9.51,9.52,9.54,9.55,18900,32100,47100,36700,13200,23200,15300,9300,68000,21600,1500,1200,3400,11700,40500,17800,20000,100,7500,14800
274.0,9.43,391700,3695613.0,9.43,9.42,9.41,9.4,9.39,9.38,9.37,9.36,9.35,9.34,9.44,9.45,9.46,9.47,9.49,9.5,9.51,9.52,9.54,9.55,18100,31100,47100,36700,13200,23200,15300,9300,68000,21600,1500,1200,3400,11700,40500,17800,20000,100,7500,14800
275.0,9.44,392100,3699389.0,9.43,9.42,9.41,9.4,9.39,9.38,9.37,9.36,9.35,9.34,9.44,9.45,9.46,9.47,9.49,9.5,9.51,9.52,9.54,9.55,18100,31100,47100,37400,13200,23200,15300,9300,68000,21600,1100,1200,3400,11700,40500,17800,20000,100,7500,14800
276.0,9.44,394000,3717307.0,9.43,9.42,9.41,9.4,9.39,9.38,9.37,9.36,9.35,9.34,9.44,9.45,9.46,9.47,9.49,9.5,9.51,9.52,9.54,9.55,16600,31100,47100,37400,13200,23200,15300,9300,68000,21600,1000,1200,3400,11700,40500,17800,20000,100,7500,14800
277.0,9.44,394000,3717307.0,9.43,9.42,9.41,9.4,9.39,9.38,9.37,9.36,9.35,9.34,9.44,9.45,9.46,9.47,9.49,9.5,9.51,9.52,9.54,9.55,16600,31100,47100,37400,13200,23200,15300,9300,68000,21600,1000,7200,3400,11700,40500,17800,20000,100,7500,14800
278.0,9.44,394000,3717307.0,9.43,9.42,9.41,9.4,9.39,9.38,9.37,9.36,9.35,9.34,9.44,9.45,9.46,9.47,9.49,9.5,9.51,9.52,9.54,9.55,16600,31100,47100,37400,13200,23200,15300,9300,68000,21600,1000,7200,3400,11700,40500,17800,20000,100,7500,14800
279.0,9.44,394000,3717307.0,9.43,9.42,9.41,9.4,9.39,9.38,9.37,9.36,9.35,9.34,9.44,9.45,9.46,9.47,9.49,9.5,9.51,9.52,9.54,9.55,16600,31100,47100,37400,13200,23200,15300,9300,68000,21600,1000,7200,3400,11700,40500,17800,20000,100,7500,14800
280.0,9.44,394500,3722027.0,9.43,9.42,9.41,9.4,9.39,9.38,9.37,9.36,9.35,9.34,9.44,9.45,9.46,9.47,9.49,9.5,9.51,9.52,9.54,9.55,16600,29700,47100,37400,13200,23200,15300,9300,68000,21600,500,7200,3400,11700,40500,17800,20000,100,7500,14800
281.0,9.44,394500,3722027.0,9.43,9.42,9.41,9.4,9.39,9.38,9.37,9.36,9.35,9.34,9.44,9.45,9.46,9.47,9.49,9.5,9.51,9.52,9.54,9.55,17100,29700,47100,37400,13200,23200,15300,9300,68000,21600,500,7200,3400,11700,40500,17800,20000,100,7500,16800
282.0,9.44,394500,3722027.0,9.43,9.42,9.41,9.4,9.39,9.38,9.37,9.36,9.35,9.34,9.44,9.45,9.46,9.47,9.49,9.5,9.51,9.52,9.54,9.55,17100,29700,47100,37400,13200,23200,15300,9300,68000,21600,500,7200,4600,11700,40500,17800,20000,100,7500,16800
283.0,9.44,394500,3722027.0,9.43,9.42,9.41,9.4,9.39,9.38,9.37,9.36,9.35,9.34,9.44,9.45,9.46,9.47,9.49,9.5,9.51,9.52,9.54,9.55,17100,29700,47100,37400,13200,23200,15300,9300,68000,21600,700,7200,4600,11700,40500,17800,20000,100,7500,16800
284.0,9.44,394500,3722027.0,9.43,9.42,9.41,9.4,9.39,9.38,9.37,9.36,9.35,9.34,9.44,9.45,9.46,9.47,9.49,9.5,9.51,9.52,9.54,9.55,29100,29700,48800,37400,13200,22600,15300,9300,68000,21600,700,7200,4600,11700,40500,17800,20000,100,7500,16800
285.0,9.44,394500,3722027.0,9.43,9.42,9.41,9.4,9.39,9.38,9.37,9.36,9.35,9.34,9.44,9.45,9.46,9.47,9.49,9.5,9.51,9.52,9.54,9.55,29100,29700,48800,37400,13200,22600,15300,9300,68000,21600,700,7200,4600,11700,40500,17800,20000,100,7500,16800
286.0,9.44,394500,3722027.0,9.43,9.42,9.41,9.4,9.39,9.38,9.37,9.36,9.35,9.34,9.44,9.45,9.46,9.47,9.49,9.5,9.51,9.52,9.54,9.55,30100,34000,48800,37400,13200,22700,15300,9300,68000,21600,700,7200,4600,11700,40500,17800,20000,100,7500,16800
287.0,9.44,394600,3722971.0,9.43,9.42,9.41,9.4,9.39,9.38,9.37,9.36,9.35,9.34,9.44,9.45,9.46,9.47,9.49,9.5,9.51,9.52,9.54,9.55,30100,34000,48800,37400,13200,22700,15300,9300,68000,21600,600,7200,4600,11700,40500,17800,20000,100,7500,16800
288.0,9.44,394600,3722971.0,9.43,9.42,9.41,9.4,9.39,9.38,9.37,9.36,9.35,9.34,9.44,9.45,9.46,9.47,9.49,9.5,9.51,9.52,9.54,9.55,30100,34000,48800,37400,5200,22700,15300,9300,68000,21600,600,7200,4600,11700,40500,17800,20000,100,7500,16800
289.0,9.44,394600,3722971.0,9.43,9.42,9.41,9.4,9.39,9.38,9.37,9.36,9.35,9.34,9.44,9.45,9.46,9.47,9.49,9.5,9.51,9.52,9.54,9.55,30100,34000,48800,37400,5200,22700,15300,9300,68000,21600,700,7200,4600,11700,40500,17800,20000,100,7500,16800
290.0,9.44,394700,3723915.0,9.43,9.42,9.41,9.4,9.39,9.38,9.37,9.36,9.35,9.34,9.44,9.45,9.46,9.47,9.49,9.5,9.51,9.52,9.54,9.55,30100,34000,48800,37400,5200,22700,15300,9300,68000,21600,600,7200,4600,11700,40500,17800,20000,100,7500,16800
291.0,9.44,394700,3723915.0,9.43,9.42,9.41,9.4,9.39,9.38,9.37,9.36,9.35,9.34,9.44,9.45,9.46,9.47,9.49,9.5,9.51,9.52,9.54,9.55,30100,34000,48800,37400,5200,22700,15300,9300,68000,21600,600,7200,4600,11700,41700,17800,20000,100,7500,16800
292.0,9.44,395300,3729579.0,9.44,9.43,9.42,9.41,9.4,9.39,9.38,9.37,9.36,9.35,9.45,9.46,9.47,9.49,9.5,9.51,9.52,9.54,9.55,9.56,1500,30100,34000,48800,37400,5200,22700,15300,9300,68000,7200,4600,11700,41700,17800,20000,100,7500,16800,27400
293.0,9.45,396000,3736194.0,9.44,9.43,9.42,9.41,9.4,9.39,9.38,9.37,9.36,9.35,9.45,9.46,9.47,9.49,9.5,9.51,9.52,9.54,9.55,9.56,1500,30100,34000,48800,37400,5200,22700,15300,9300,68000,6500,4600,11700,41700,17800,20000,100,7500,16800,27400
294.0,9.45,396000,3736194.0,9.44,9.43,9.42,9.41,9.4,9.39,9.38,9.37,9.36,9.35,9.45,9.46,9.47,9.49,9.5,9.51,9.52,9.54,9.55,9.56,1500,30100,34000,48800,37400,5200,22700,15300,9300,68000,6500,4600,11700,41700,17800,20000,100,7500,16800,27400
295.0,9.45,396000,3736194.0,9.44,9.43,9.42,9.41,9.4,9.39,9.38,9.37,9.36,9.35,9.45,9.46,9.47,9.49,9.5,9.51,9.52,9.54,9.55,9.56,1500,30100,34000,48800,37400,5200,22700,15300,9300,68000,6500,4600,11700,41700,17800,20000,100,7500,16800,27400
296.0,9.44,396300,3739026.0,9.44,9.43,9.42,9.41,9.4,9.39,9.38,9.37,9.36,9.35,9.45,9.46,9.47,9.49,9.5,9.51,9.52,9.54,9.55,9.56,1200,30100,34000,48800,37400,5200,22700,15300,9300,68000,6500,4600,11700,41700,17800,20000,100,7500,16800,27400
297.0,9.45,397500,3750366.0,9.44,9.43,9.42,9.41,9.4,9.39,9.38,9.37,9.36,9.35,9.45,9.46,9.47,9.49,9.5,9.51,9.52,9.54,9.55,9.56,1200,30100,34000,48800,37400,5200,22700,15300,9300,68000,5300,4600,11700,41700,17800,20000,100,7500,16800,27400
298.0,9.45,397500,3750366.0,9.44,9.43,9.42,9.41,9.4,9.39,9.38,9.37,9.36,9.35,9.45,9.46,9.47,9.49,9.5,9.51,9.52,9.54,9.55,9.56,1200,30100,34000,48800,37400,5200,22700,15300,9300,68000,5300,4600,11700,41700,17800,20000,100,7500,16800,27400
299.0,9.45,398500,3759816.0,9.44,9.43,9.42,9.41,9.4,9.39,9.38,9.37,9.36,9.35,9.45,9.46,9.47,9.49,9.5,9.51,9.52,9.54,9.55,9.56,1200,30100,34000,48800,37400,5200,22700,15300,9300,68000,4300,4600,11700,41700,17800,20000,100,7500,16800,27400
300.0,9.45,398900,3763596.0,9.44,9.43,9.42,9.41,9.4,9.39,9.38,9.37,9.36,9.35,9.45,9.46,9.47,9.49,9.5,9.51,9.52,9.54,9.55,9.56,1200,30100,34000,48800,37400,5200,22700,15300,9300,68000,3900,4600,11700,41700,17800,20000,100,7500,16800,27400
301.0,9.45,398900,3763596.0,9.44,9.43,9.42,9.41,9.4,9.39,9.38,9.37,9.36,9.35,9.45,9.46,9.47,9.49,9.5,9.51,9.52,9.54,9.55,9.56,1200,30100,34000,48800,37400,5200,22700,15300,9300,68000,3900,4600,11700,41700,17800,20000,100,7500,16800,27400
302.0,9.45,398900,3763596.0,9.44,9.43,9.42,9.41,9.4,9.39,9.38,9.37,9.36,9.35,9.45,9.46,9.47,9.49,9.5,9.51,9.52,9.54,9.55,9.56,1200,30100,32200,48800,37400,5200,22700,15300,9300,68000,3900,4600,11700,41700,17800,20000,100,7500,16800,27400
303.0,9.44,414600,3911804.0,9.43,9.42,9.41,9.4,9.39,9.38,9.37,9.36,9.35,9.34,9.44,9.45,9.46,9.47,9.48,9.49,9.5,9.51,9.52,9.54,30100,32200,48800,37400,5200,22700,15300,9300,68000,21600,8900,4100,4600,11700,300,41700,17800,20000,100,7500
304.0,9.43,419100,3954247.0,9.43,9.42,9.41,9.4,9.39,9.38,9.37,9.36,9.35,9.34,9.44,9.45,9.46,9.47,9.48,9.49,9.5,9.51,9.52,9.54,26400,32200,48800,37400,5200,22700,15300,9300,68000,21600,8100,4100,4600,11700,300,41600,17800,20000,100,7500
305.0,9.44,420100,3963687.0,9.43,9.42,9.41,9.4,9.39,9.38,9.37,9.36,9.35,9.34,9.44,9.45,9.46,9.47,9.48,9.49,9.5,9.51,9.52,9.54,26400,32200,48800,37400,5200,22700,15300,9300,68000,21600,7100,4100,9600,11700,300,41600,17800,20000,100,7500
306.0,9.44,420100,3963687.0,9.43,9.42,9.41,9.4,9.39,9.38,9.37,9.36,9.35,9.34,9.44,9.45,9.46,9.47,9.48,9.49,9.5,9.51,9.52,9.54,26900,32200,48800,37400,5200,22700,15300,9300,68000,21600,7100,4100,9600,11700,300,41600,17800,20000,100,7500
307.0,9.44,423200,3992951.0,9.43,9.42,9.41,9.4,9.39,9.38,9.37,9.36,9.35,9.34,9.44,9.45,9.46,9.47,9.48,9.49,9.5,9.51,9.52,9.54,26900,32200,48800,37400,5200,22700,15300,9300,68000,21600,4000,4100,9600,11700,300,41600,17800,20000,100,7500
308.0,9.44,427700,4035431.0,9.44,9.43,9.42,9.41,9.4,9.39,9.38,9.37,9.36,9.35,9.45,9.46,9.47,9.48,9.49,9.5,9.51,9.52,9.54,9.55,4400,26900,32200,48800,42700,5200,22700,15300,9300,68000,4100,9600,11700,300,41600,17800,20000,100,7500,16800
309.0,9.43,433900,4093941.0,9.44,9.43,9.42,9.41,9.4,9.39,9.38,9.37,9.36,9.35,9.45,9.46,9.47,9.48,9.49,9.5,9.51,9.52,9.54,9.55,200,25100,32800,48800,42700,5200,22700,15300,9300,68000,4100,9600,11700,300,41600,17800,20000,100,7500,16800
310.0,9.45,434300,4097721.0,9.44,9.43,9.42,9.41,9.4,9.39,9.38,9.37,9.36,9.35,9.45,9.46,9.47,9.48,9.49,9.5,9.51,9.52,9.54,9.55,200,25100,32800,48800,43000,5200,22700,15300,9300,68000,3700,9600,11700,300,41600,17800,20000,100,7500,16800
311.0,9.45,435500,4109061.0,9.44,9.43,9.42,9.41,9.4,9.39,9.38,9.37,9.36,9.35,9.45,9.46,9.47,9.48,9.49,9.5,9.51,9.52,9.54,9.55,900,25500,32800,48800,43000,5200,22700,15300,9300,68000,2500,9600,11700,300,41600,17800,20000,100,7500,16800
312.0,9.45,435700,4110951.0,9.44,9.43,9.42,9.41,9.4,9.39,9.38,9.37,9.36,9.35,9.45,9.46,9.47,9.48,9.49,9.5,9.51,9.52,9.54,9.55,1300,25600,32800,48800,43000,5200,22700,15300,9300,68000,2300,9600,10500,300,41600,17800,20000,100,7500,16800
313.0,9.44,436000,4113783.0,9.44,9.43,9.42,9.41,9.4,9.39,9.38,9.37,9.36,9.35,9.45,9.46,9.47,9.48,9.49,9.5,9.51,9.52,9.54,9.55,1000,25600,32800,48800,43000,5200,22700,15300,9300,68000,2300,9600,10500,300,41600,17800,20000,100,7500,16800
314.0,9.44,437000,4123223.0,9.43,9.42,9.41,9.4,9.39,9.38,9.37,9.36,9.35,9.34,9.44,9.45,9.46,9.47,9.48,9.49,9.5,9.51,9.52,9.54,25600,32800,48800,43000,5200,22700,12100,9300,68000,21600,500,2400,9600,10500,300,41600,17800,20000,100,7500
315.0,9.44,437000,4123223.0,9.43,9.42,9.41,9.4,9.39,9.38,9.37,9.36,9.35,9.34,9.44,9.45,9.46,9.47,9.48,9.49,9.5,9.51,9.52,9.54,30900,32800,48800,43000,5200,22700,12100,9300,68000,21600,500,2400,9600,10500,300,41600,17800,20000,100,7500
316.0,9.44,437000,4123223.0,9.43,9.42,9.41,9.4,9.39,9.38,9.37,9.36,9.35,9.34,9.44,9.45,9.46,9.47,9.48,9.49,9.5,9.51,9.52,9.54,31800,32800,48800,43000,5200,22700,12100,9300,68000,21600,500,2400,9600,10500,300,41600,17800,20000,100,7500
317.0,9.44,437600,4128887.0,9.44,9.43,9.42,9.41,9.4,9.39,9.38,9.37,9.36,9.35,9.45,9.46,9.47,9.48,9.49,9.5,9.51,9.52,9.54,9.55,100,31800,32800,37800,43000,5200,22700,12100,9300,68000,2400,9600,10500,300,41600,17800,20000,100,7500,16800
318.0,9.44,437600,4128887.0,9.44,9.43,9.42,9.41,9.4,9.39,9.38,9.37,9.36,9.35,9.45,9.46,9.47,9.48,9.49,9.5,9.51,9.52,9.54,9.55,100,31800,32800,37800,43000,5200,22700,12100,9300,68000,2400,9600,10500,300,41600,17800,20000,100,7500,16800
319.0,9.44,437600,4128887.0,9.44,9.43,9.42,9.41,9.4,9.39,9.38,9.37,9.36,9.35,9.45,9.46,9.47,9.48,9.49,9.5,9.51,9.52,9.54,9.55,200,31800,33300,37800,43000,5200,22700,12100,9300,68000,2400,9600,10500,300,41600,17800,20000,100,7500,16800
320.0,9.44,438000,4132665.0,9.43,9.42,9.41,9.4,9.39,9.38,9.37,9.36,9.35,9.34,9.44,9.45,9.46,9.47,9.48,9.49,9.5,9.51,9.52,9.54,31800,33300,37800,43000,5200,22700,12100,9300,68000,21600,1300,2200,9600,10500,300,41600,17800,20000,100,7500
321.0,9.43,447800,4225079.0,9.43,9.42,9.41,9.4,9.39,9.38,9.37,9.36,9.35,9.34,9.44,9.45,9.46,9.47,9.48,9.49,9.5,9.51,9.52,9.54,22000,33300,37800,43000,5200,22700,12100,9300,68000,21600,1300,2200,9600,10500,300,41600,17800,20000,100,6500
322.0,9.43,447800,4225079.0,9.43,9.42,9.41,9.4,9.39,9.38,9.37,9.36,9.35,9.34,9.44,9.45,9.46,9.47,9.48,9.49,9.5,9.51,9.52,9.54,22000,33300,37800,43000,5200,22700,12100,9300,68000,21600,1300,2200,9600,10500,300,41600,17800,20000,100,6500
323.0,9.43,447800,4225079.0,9.43,9.42,9.41,9.4,9.39,9.38,9.37,9.36,9.35,9.34,9.44,9.45,9.46,9.47,9.48,9.49,9.5,9.51,9.52,9.54,22000,33300,37800,43000,5200,22700,12100,9300,68000,21600,1400,2200,9600,10500,300,41600,17800,20000,100,6500
324.0,9.43,447800,4225079.0,9.43,9.42,9.41,9.4,9.39,9.38,9.37,9.36,9.35,9.34,9.44,9.45,9.46,9.47,9.48,9.49,9.5,9.51,9.52,9.54,22000,33300,37800,43000,5200,22700,12100,9300,68000,21600,1400,2200,9600,10500,300,41600,17800,20000,100,6500
325.0,9.43,448300,4229794.0,9.43,9.42,9.41,9.4,9.39,9.38,9.37,9.36,9.35,9.34,9.44,9.45,9.46,9.47,9.48,9.49,9.5,9.51,9.52,9.54,21500,33300,37800,43000,5200,22700,12100,9300,68000,21600,1500,2200,9600,10500,300,41600,17800,20000,100,6500
326.0,9.43,448300,4229794.0,9.43,9.42,9.41,9.4,9.39,9.38,9.37,9.36,9.35,9.34,9.44,9.45,9.46,9.47,9.48,9.49,9.5,9.51,9.52,9.54,21500,33300,37800,43000,5200,22700,12100,9300,68000,21600,1500,2200,9600,10500,300,41600,17800,20000,100,6500
327.0,9.44,449400,4240168.0,9.43,9.42,9.41,9.4,9.39,9.38,9.37,9.36,9.35,9.34,9.44,9.45,9.46,9.47,9.48,9.49,9.5,9.51,9.52,9.54,20500,33300,37800,43000,5200,22700,12100,9300,68000,21600,1400,2200,9600,10500,300,41600,17800,20000,100,6500
328.0,9.44,449400,4240168.0,9.43,9.42,9.41,9.4,9.39,9.38,9.37,9.36,9.35,9.34,9.44,9.45,9.46,9.47,9.48,9.49,9.5,9.51,9.52,9.54,20500,33300,37800,43000,5200,22700,12100,9300,68000,21600,1400,2200,9600,10500,300,41600,17800,20000,100,6500
329.0,9.43,449500,4241111.0,9.43,9.42,9.41,9.4,9.39,9.38,9.37,9.36,9.35,9.34,9.44,9.45,9.46,9.47,9.48,9.49,9.5,9.51,9.52,9.54,20400,33300,37800,43000,5200,22700,12100,9300,68000,21600,1400,2200,9600,10500,300,41600,17800,20000,100,6500
330.0,9.43,449500,4241111.0,9.43,9.42,9.41,9.4,9.39,9.38,9.37,9.36,9.35,9.34,9.44,9.45,9.46,9.47,9.48,9.49,9.5,9.51,9.52,9.54,20400,33300,37800,43000,5200,22700,12100,9300,68000,21600,1400,2200,9600,10500,300,41600,17800,20000,100,6500
331.0,9.43,449500,4241111.0,9.43,9.42,9.41,9.4,9.39,9.38,9.37,9.36,9.35,9.34,9.44,9.45,9.46,9.47,9.48,9.49,9.5,9.51,9.52,9.54,31400,33300,37800,43000,5200,22700,12100,9300,68000,21600,1400,2200,9600,10500,300,41600,17800,20000,100,6500
332.0,9.44,450000,4245831.0,9.43,9.42,9.41,9.4,9.39,9.38,9.37,9.36,9.35,9.34,9.44,9.45,9.46,9.47,9.48,9.49,9.5,9.51,9.52,9.54,31400,33300,37800,43000,5200,22700,12100,9300,68000,21600,900,4500,9600,10500,300,41600,17800,20000,100,6500
333.0,9.44,451100,4256205.0,9.43,9.42,9.41,9.4,9.39,9.38,9.37,9.36,9.35,9.34,9.44,9.45,9.46,9.47,9.48,9.49,9.5,9.51,9.52,9.54,30400,33300,37800,43000,5200,22700,12100,9300,68000,21600,800,4500,9600,10500,300,41600,17800,20000,100,6500
334.0,9.44,451200,4257149.0,9.43,9.42,9.41,9.4,9.39,9.38,9.37,9.36,9.35,9.34,9.44,9.45,9.46,9.47,9.48,9.49,9.5,9.51,9.52,9.54,30400,33800,37800,43000,6200,22700,12100,9300,68000,21600,700,4500,9600,10500,300,41600,17800,20000,100,6500
335.0,9.44,451200,4257149.0,9.43,9.42,9.41,9.4,9.39,9.38,9.37,9.36,9.35,9.34,9.44,9.45,9.46,9.47,9.48,9.49,9.5,9.51,9.52,9.54,30400,33800,37800,43000,6200,22700,12100,9300,68000,21600,700,4500,9600,10500,300,41600,17800,20000,100,6500
336.0,9.44,451200,4257149.0,9.43,9.42,9.41,9.4,9.39,9.38,9.37,9.36,9.35,9.34,9.44,9.45,9.46,9.47,9.48,9.49,9.5,9.51,9.52,9.54,30400,33800,37800,43000,6200,22700,12100,9300,68000,21600,700,4500,9600,10500,300,41600,17800,20000,100,6500
337.0,9.44,451200,4257149.0,9.43,9.42,9.41,9.4,9.39,9.38,9.37,9.36,9.35,9.34,9.44,9.45,9.46,9.47,9.48,9.49,9.5,9.51,9.52,9.54,30400,33800,37800,43000,6200,22700,12100,9300,68000,21600,700,4500,9600,10500,300,41600,17800,20000,100,6500
338.0,9.44,451200,4257149.0,9.43,9.42,9.41,9.4,9.39,9.38,9.37,9.36,9.35,9.34,9.44,9.45,9.46,9.47,9.48,9.49,9.5,9.51,9.52,9.54,30400,33800,37800,43000,6200,22700,12100,9300,68000,21600,700,4500,9600,10500,300,41600,17800,20000,100,6500
339.0,9.44,451200,4257149.0,9.43,9.42,9.41,9.4,9.39,9.38,9.37,9.36,9.35,9.34,9.44,9.45,9.46,9.47,9.48,9.49,9.5,9.51,9.52,9.54,30400,33800,37800,43000,6200,22700,12100,9300,68200,21600,700,4500,9600,10500,300,41600,17800,20000,100,6500
340.0,9.44,451900,4263757.0,9.44,9.43,9.42,9.41,9.4,9.39,9.38,9.37,9.36,9.35,9.45,9.46,9.47,9.48,9.49,9.5,9.51,9.52,9.54,9.55,1300,30400,33800,37800,43000,6200,25700,12100,9300,68200,4500,9600,10500,300,41600,17800,20000,100,6500,16800
341.0,9.44,451900,4263757.0,9.44,9.43,9.42,9.41,9.4,9.39,9.38,9.37,9.36,9.35,9.45,9.46,9.47,9.48,9.49,9.5,9.51,9.52,9.54,9.55,1300,30400,33800,37800,43000,6200,25700,12100,9300,68200,4500,9600,10500,300,41600,17800,20000,100,6500,16800
342.0,9.45,452900,4273206.0,9.44,9.43,9.42,9.41,9.4,9.39,9.38,9.37,9.36,9.35,9.45,9.46,9.47,9.48,9.49,9.5,9.51,9.52,9.54,9.55,1200,31400,33800,37800,43000,6200,25700,12100,9300,68200,2600,9600,10500,300,41600,17800,20000,100,6500,16800
343.0,9.45,452900,4273206.0,9.44,9.43,9.42,9.41,9.4,9.39,9.38,9.37,9.36,9.35,9.45,9.46,9.47,9.48,9.49,9.5,9.51,9.52,9.54,9.55,1200,31400,33800,37800,43000,6200,25700,12100,9300,68200,2600,9600,10500,300,41600,17800,20000,100,6500,16800
344.0,9.45,452900,4273206.0,9.44,9.43,9.42,9.41,9.4,9.39,9.38,9.37,9.36,9.35,9.45,9.46,9.47,9.48,9.49,9.5,9.51,9.52,9.54,9.55,1500,31400,33800,37800,43000,6200,25700,12100,9300,68200,2600,9600,10500,300,41600,17800,20000,100,6500,16800
345.0,9.44,453500,4278875.0,9.44,9.43,9.42,9.41,9.4,9.39,9.38,9.37,9.36,9.35,9.45,9.46,9.47,9.48,9.49,9.5,9.51,9.52,9.54,9.55,1400,31400,33800,37800,43000,6200,25700,12100,9300,68200,2100,9600,10500,300,41600,17800,20000,100,6500,16800
346.0,9.44,453500,4278875.0,9.44,9.43,9.42,9.41,9.4,9.39,9.38,9.37,9.36,9.35,9.45,9.46,9.47,9.48,9.49,9.5,9.51,9.52,9.54,9.55,1400,31400,33800,37800,43000,6200,25700,12100,9300,68200,2100,9600,10500,300,41600,17800,20000,100,6500,16800
347.0,9.44,455200,4294923.0,9.44,9.43,9.42,9.41,9.4,9.39,9.38,9.37,9.36,9.35,9.45,9.46,9.47,9.48,9.49,9.5,9.51,9.52,9.54,9.55,700,31400,34800,37800,43000,6200,25700,12100,9300,68200,2100,9600,10500,300,41600,17800,20000,100,6500,16800
348.0,9.44,455200,4294923.0,9.44,9.43,9.42,9.41,9.4,9.39,9.38,9.37,9.36,9.35,9.45,9.46,9.47,9.48,9.49,9.5,9.51,9.52,9.54,9.55,700,31400,34800,37800,43000,6200,25700,12100,9300,69200,2100,9600,10500,300,41600,17800,20000,100,6500,16800
349.0,9.44,455200,4294923.0,9.44,9.43,9.42,9.41,9.4,9.39,9.38,9.37,9.36,9.35,9.45,9.46,9.47,9.48,9.49,9.5,9.51,9.52,9.54,9.55,1500,34200,34800,37800,43000,5200,25700,12100,9300,69200,2100,9600,10500,300,41600,17800,20000,100,6500,16800
350.0,9.45,455400,4296813.0,9.44,9.43,9.42,9.41,9.4,9.39,9.38,9.37,9.36,9.35,9.45,9.46,9.47,9.48,9.49,9.5,9.51,9.52,9.54,9.55,1500,34200,34800,37800,43000,5200,25700,12100,9300,69200,12600,9600,10500,300,41600,17800,20000,100,6500,16800
351.0,9.45,455400,4296813.0,9.44,9.43,9.42,9.41,9.4,9.39,9.38,9.37,9.36,9.35,9.45,9.46,9.47,9.48,9.49,9.5,9.51,9.52,9.54,9.55,1900,34700,34800,37800,43000,5200,25700,12100,9300,69200,12600,9600,10500,300,41600,17800,20000,100,6500,16800
352.0,9.44,457300,4314749.0,9.43,9.42,9.41,9.4,9.39,9.38,9.37,9.36,9.35,9.34,9.44,9.45,9.46,9.47,9.48,9.49,9.5,9.51,9.52,9.54,34700,34800,37800,43000,5200,25700,13100,4300,69200,21600,4200,12600,9600,10500,300,41600,17800,20000,100,6500
353.0,9.44,457300,4314749.0,9.43,9.42,9.41,9.4,9.39,9.38,9.37,9.36,9.35,9.34,9.44,9.45,9.46,9.47,9.48,9.49,9.5,9.51,9.52,9.54,34700,34800,37800,43000,5200,25700,13100,4300,69200,21600,4300,12600,9600,10500,300,41600,17800,20000,100,6500
354.0,9.44,457300,4314749.0,9.43,9.42,9.41,9.4,9.39,9.38,9.37,9.36,9.35,9.34,9.44,9.45,9.46,9.47,9.48,9.49,9.5,9.51,9.52,9.54,34900,34800,37800,43000,5200,25700,13100,4300,69200,21600,4300,12600,9600,10500,300,41600,17800,20000,100,6500
355.0,9.43,458300,4324179.0,9.43,9.42,9.41,9.4,9.39,9.38,9.37,9.36,9.35,9.34,9.44,9.45,9.46,9.47,9.48,9.49,9.5,9.51,9.52,9.54,33900,34800,37800,43000,5200,25700,13100,4300,69200,21600,4300,12600,9600,10500,300,41600,17800,20000,100,6500
356.0,9.43,458300,4324179.0,9.43,9.42,9.41,9.4,9.39,9.38,9.37,9.36,9.35,9.34,9.44,9.45,9.46,9.47,9.48,9.49,9.5,9.51,9.52,9.54,34700,34800,37800,43000,5200,25700,13100,4300,69200,21600,4300,12600,9600,10500,300,41600,17800,20000,100,6500
357.0,9.44,459100,4331731.0,9.43,9.42,9.41,9.4,9.39,9.38,9.37,9.36,9.35,9.34,9.44,9.45,9.46,9.47,9.48,9.49,9.5,9.51,9.52,9.54,34700,34800,37800,43000,5200,25700,13100,4300,69200,21600,3500,12600,9600,10500,300,41600,17800,20000,100,6500
358.0,9.44,459400,4334563.0,9.43,9.42,9.41,9.4,9.39,9.38,9.37,9.36,9.35,9.34,9.44,9.45,9.46,9.47,9.48,9.49,9.5,9.51,9.52,9.54,34700,34800,37800,43000,5200,25700,13100,4300,69200,21600,4100,12600,9600,10500,300,41600,17800,20000,100,6500
359.0,9.43,460400,4343993.0,9.43,9.42,9.41,9.4,9.39,9.38,9.37,9.36,9.35,9.34,9.44,9.45,9.46,9.47,9.48,9.49,9.5,9.51,9.52,9.54,33700,34800,37800,43000,5200,25700,13100,4300,69200,21600,4100,12600,9600,10500,300,41600,17800,20000,100,6500
360.0,9.43,463900,4376998.0,9.43,9.42,9.41,9.4,9.39,9.38,9.37,9.36,9.35,9.34,9.44,9.45,9.46,9.47,9.48,9.49,9.5,9.51,9.52,9.54,30200,34800,37800,44000,5200,25700,13100,4300,69200,21600,4100,12600,9600,10500,300,41600,17800,20000,100,6500
361.0,9.43,463900,4376998.0,9.43,9.42,9.41,9.4,9.39,9.38,9.37,9.36,9.35,9.34,9.44,9.45,9.46,9.47,9.48,9.49,9.5,9.51,9.52,9.54,30200,34800,37800,44000,5200,25700,13100,4300,69200,21600,4100,12600,9600,10500,300,41600,17800,20000,100,6500
362.0,9.43,464900,4386428.0,9.43,9.42,9.41,9.4,9.39,9.38,9.37,9.36,9.35,9.34,9.44,9.45,9.46,9.47,9.48,9.49,9.5,9.51,9.52,9.54,29200,34800,37800,44000,5200,25700,13100,4300,69200,21600,4100,12600,9600,10500,300,41600,17800,20000,100,6500
363.0,9.43,464900,4386428.0,9.43,9.42,9.41,9.4,9.39,9.38,9.37,9.36,9.35,9.34,9.44,9.45,9.46,9.47,9.48,9.49,9.5,9.51,9.52,9.54,29200,34800,37800,44000,5200,25700,13100,4300,69200,21600,4100,12600,8400,10500,300,41600,17800,20000,100,6500
364.0,9.43,465000,4387371.0,9.43,9.42,9.41,9.4,9.39,9.38,9.37,9.36,9.35,9.34,9.44,9.45,9.46,9.47,9.48,9.49,9.5,9.51,9.52,9.54,29100,34800,37800,44000,5200,25700,13100,4300,69200,21600,4100,12600,8400,10500,300,41600,17800,20000,100,6500
365.0,9.43,466000,4396801.0,9.43,9.42,9.41,9.4,9.39,9.38,9.37,9.36,9.35,9.34,9.44,9.45,9.46,9.47,9.48,9.49,9.5,9.51,9.52,9.54,28100,34800,37800,44000,5200,25700,13100,4300,69200,21600,4100,12600,8400,10500,300,41600,17800,20000,100,6500
366.0,9.44,466400,4400577.0,9.43,9.42,9.41,9.4,9.39,9.38,9.37,9.36,9.35,9.34,9.44,9.45,9.46,9.47,9.48,9.49,9.5,9.51,9.52,9.54,28100,34800,37800,44000,5200,25700,13100,4300,69200,21600,3700,12600,8400,10500,300,41600,16800,20000,100,6500
367.0,9.43,491000,4632555.0,9.43,9.42,9.41,9.4,9.39,9.38,9.37,9.36,9.35,9.34,9.44,9.45,9.46,9.47,9.48,9.49,9.5,9.51,9.52,9.54,3500,34200,37800,44000,5200,27700,13100,4300,69200,21600,3900,12600,8400,10500,300,41600,16800,20000,100,6500
368.0,9.43,492300,4644821.0,9.43,9.42,9.41,9.4,9.39,9.38,9.37,9.36,9.35,9.34,9.44,9.45,9.46,9.47,9.49,9.5,9.51,9.52,9.54,9.55,2900,33000,37800,44000,7500,27700,13100,4300,69200,21600,3200,12600,8400,10500,41600,16800,20000,100,6500,16800
369.0,9.43,495200,4672168.0,9.42,9.41,9.4,9.39,9.38,9.37,9.36,9.35,9.34,9.33,9.43,9.44,9.45,9.46,9.47,9.49,9.5,9.51,9.52,9.54,33000,37800,44000,7500,27700,13100,4300,69200,21600,10100,3200,3200,12600,8400,10500,41600,16800,20000,100,6500
370.0,9.43,495200,4672168.0,9.42,9.41,9.4,9.39,9.38,9.37,9.36,9.35,9.34,9.33,9.43,9.44,9.45,9.46,9.47,9.49,9.5,9.51,9.52,9.54,33000,37800,44000,7500,27700,13100,4300,69200,21600,10100,6500,3200,12600,8400,10500,41600,16800,20000,100,6500
371.0,9.43,499500,4712689.0,9.42,9.41,9.4,9.39,9.38,9.37,9.36,9.35,9.34,9.33,9.43,9.44,9.45,9.46,9.47,9.49,9.5,9.51,9.52,9.54,30200,37800,44000,7500,27700,13100,4300,69200,21600,10100,5000,11200,12600,8400,10500,41600,16800,20000,100,6500
372.0,9.42,500500,4722109.0,9.42,9.41,9.4,9.39,9.38,9.37,9.36,9.35,9.34,9.33,9.43,9.44,9.45,9.46,9.47,9.49,9.5,9.51,9.52,9.54,29200,37800,44000,7500,27700,13100,4300,69200,21600,10100,5000,11200,12600,8400,10500,41600,16800,20000,100,6500
373.0,9.42,505300,4767330.0,9.42,9.41,9.4,9.39,9.38,9.37,9.36,9.35,9.34,9.33,9.43,9.44,9.45,9.46,9.47,9.49,9.5,9.51,9.52,9.54,24900,37800,44000,7500,27700,13100,4300,69200,21600,10100,4500,11200,12600,8400,10500,41600,16800,20000,4100,6500
374.0,9.42,524600,4949136.0,9.42,9.41,9.4,9.39,9.38,9.37,9.36,9.35,9.34,9.33,9.43,9.44,9.45,9.46,9.47,9.49,9.5,9.51,9.52,9.54,5600,37800,44000,7500,27700,13100,4300,69200,21600,10100,4500,14100,12600,8400,10500,41600,16800,20000,4100,6500
375.0,9.42,524600,4949136.0,9.42,9.41,9.4,9.39,9.38,9.37,9.36,9.35,9.34,9.33,9.43,9.44,9.45,9.46,9.47,9.49,9.5,9.51,9.52,9.54,5600,37800,44000,7500,27700,13100,4300,69200,21600,10100,4500,14100,12600,8400,10500,41600,16800,20000,4100,6500
376.0,9.43,525700,4959504.0,9.42,9.41,9.4,9.39,9.38,9.37,9.36,9.35,9.34,9.33,9.43,9.44,9.45,9.46,9.47,9.49,9.5,9.51,9.52,9.54,5800,37800,44000,7500,27700,13100,4300,69200,21600,10100,4600,14500,12600,8400,10500,41600,16800,20000,4100,6500
377.0,9.43,525700,4959504.0,9.42,9.41,9.4,9.39,9.38,9.37,9.36,9.35,9.34,9.33,9.43,9.44,9.45,9.46,9.47,9.49,9.5,9.51,9.52,9.54,5800,37800,44000,8500,27700,13100,4300,69200,21600,10100,1500,14500,12800,8400,10500,41600,16800,20000,4100,6500
378.0,9.43,525700,4959504.0,9.42,9.41,9.4,9.39,9.38,9.37,9.36,9.35,9.34,9.33,9.43,9.44,9.45,9.46,9.47,9.49,9.5,9.51,9.52,9.54,5800,35200,44000,8500,27700,13100,4300,69200,21600,10100,1500,14500,12800,8400,10500,41600,16800,20000,4100,6500
379.0,9.42,526200,4964214.0,9.42,9.41,9.4,9.39,9.38,9.37,9.36,9.35,9.34,9.33,9.43,9.44,9.45,9.46,9.47,9.49,9.5,9.51,9.52,9.54,6000,35200,44000,8500,27700,13100,4300,69200,21600,10100,2200,14500,12800,8400,10500,41600,16800,20000,4100,6500
380.0,9.42,526200,4964214.0,9.42,9.41,9.4,9.39,9.38,9.37,9.36,9.35,9.34,9.33,9.43,9.44,9.45,9.46,9.47,9.49,9.5,9.51,9.52,9.54,6000,35200,44000,8500,27700,13100,4300,69200,21600,10100,2200,14500,12800,8400,10500,41600,16800,20000,4100,6500
381.0,9.43,526400,4966100.0,9.42,9.41,9.4,9.39,9.38,9.37,9.36,9.35,9.34,9.33,9.43,9.44,9.45,9.46,9.47,9.49,9.5,9.51,9.52,9.54,6600,35200,44000,8500,27700,13100,4300,69200,21600,10100,2600,14500,12800,8400,10500,41600,16800,20000,4100,6500
382.0,9.43,526400,4966100.0,9.42,9.41,9.4,9.39,9.38,9.37,9.36,9.35,9.34,9.33,9.43,9.44,9.45,9.46,9.47,9.49,9.5,9.51,9.52,9.54,6600,35200,44000,9100,27700,13100,5400,69200,21600,10100,2600,14500,12800,8400,10500,41600,16800,20000,4100,6500
383.0,9.42,527000,4971752.0,9.42,9.41,9.4,9.39,9.38,9.37,9.36,9.35,9.34,9.33,9.43,9.44,9.45,9.46,9.47,9.49,9.5,9.51,9.52,9.54,6000,35200,44000,9100,27700,13100,5400,69200,21600,10100,2600,14500,12800,8400,10500,41600,16800,20000,4100,6500
384.0,9.42,527000,4971752.0,9.42,9.41,9.4,9.39,9.38,9.37,9.36,9.35,9.34,9.33,9.43,9.44,9.45,9.46,9.47,9.49,9.5,9.51,9.52,9.54,6600,38200,44000,9100,28700,13100,5400,69200,21600,10100,3200,14500,12800,8400,10500,41600,16800,20000,4100,6500
385.0,9.42,527000,4971752.0,9.42,9.41,9.4,9.39,9.38,9.37,9.36,9.35,9.34,9.33,9.43,9.44,9.45,9.46,9.47,9.49,9.5,9.51,9.52,9.54,6600,38200,44000,9100,28700,13100,5400,69200,21600,10100,3200,14500,12800,8400,10500,41600,16800,20000,4100,6500
386.0,9.42,528300,4983998.0,9.42,9.41,9.4,9.39,9.38,9.37,9.36,9.35,9.34,9.33,9.43,9.44,9.45,9.46,9.47,9.49,9.5,9.51,9.52,9.54,5900,38200,44000,9700,28700,13100,5400,69200,21600,10100,3800,14500,12800,8400,1600,41600,16800,20000,100,6500
387.0,9.41,543300,5125207.0,9.42,9.41,9.4,9.39,9.38,9.37,9.36,9.35,9.34,9.33,9.43,9.44,9.45,9.46,9.47,9.49,9.5,9.51,9.52,9.54,200,29800,44000,9700,28700,13100,5400,69200,21600,10100,3800,14500,12800,8400,1600,41600,16800,20000,100,6500
388.0,9.43,547100,5161041.0,9.43,9.42,9.41,9.4,9.39,9.38,9.37,9.36,9.35,9.34,9.44,9.45,9.46,9.47,9.49,9.5,9.51,9.52,9.54,9.55,900,200,29800,44000,9700,28700,13100,5400,69200,21600,14500,12800,8400,1600,41600,16800,20000,100,6500,16800
389.0,9.44,548100,5170481.0,9.43,9.42,9.41,9.4,9.39,9.38,9.37,9.36,9.35,9.34,9.44,9.45,9.46,9.47,9.49,9.5,9.51,9.52,9.54,9.55,900,200,29800,44000,9700,28700,13100,5400,69200,21600,13500,12800,8400,1600,41600,16800,20000,100,6500,16800
390.0,9.44,548100,5170481.0,9.43,9.42,9.41,9.4,9.39,9.38,9.37,9.36,9.35,9.34,9.44,9.45,9.46,9.47,9.49,9.5,9.51,9.52,9.54,9.55,900,200,29800,44000,9700,28700,13100,5400,69200,21600,13500,12800,8400,1600,41600,16800,20000,100,6500,16800
391.0,9.44,548100,5170481.0,9.43,9.42,9.41,9.4,9.39,9.38,9.37,9.36,9.35,9.34,9.44,9.45,9.46,9.47,9.49,9.5,9.51,9.52,9.54,9.55,900,200,29800,44000,9700,28700,13100,5400,69200,21600,13500,12800,8400,1600,41600,16800,20000,100,6500,16800
392.0,9.43,549000,5178968.0,9.42,9.41,9.4,9.39,9.38,9.37,9.36,9.35,9.34,9.33,9.43,9.44,9.45,9.46,9.47,9.49,9.5,9.51,9.52,9.54,5200,29800,44000,9700,28700,13100,5400,69200,21600,10100,1400,13500,12800,8400,1600,41600,16800,20000,100,6500
393.0,9.42,554200,5227952.0,9.41,9.4,9.39,9.38,9.37,9.36,9.35,9.34,9.33,9.32,9.42,9.43,9.44,9.45,9.46,9.47,9.49,9.5,9.51,9.52,29800,44000,9700,28700,13100,5400,69200,21600,10100,3200,13300,1400,13500,12800,8400,1600,41600,16800,20000,100
394.0,9.41,554500,5230775.0,9.41,9.4,9.39,9.38,9.37,9.36,9.35,9.34,9.33,9.32,9.42,9.43,9.44,9.45,9.46,9.47,9.49,9.5,9.51,9.52,31300,44000,9700,28700,13100,5400,69200,21600,10100,3200,15100,3100,13500,12800,8400,1600,41600,16800,20000,100
395.0,9.41,554500,5230775.0,9.41,9.4,9.39,9.38,9.37,9.36,9.35,9.34,9.33,9.32,9.42,9.43,9.44,9.45,9.46,9.47,9.49,9.5,9.51,9.52,32000,44000,9700,28700,13100,5400,69200,21600,10100,3200,15800,3100,13100,12800,8400,1600,41600,16800,20000,100
396.0,9.42,555500,5240195.0,9.41,9.4,9.39,9.38,9.37,9.36,9.35,9.34,9.33,9.32,9.42,9.43,9.44,9.45,9.46,9.47,9.49,9.5,9.51,9.52,33300,44500,9700,28700,13100,5400,69200,21600,10100,3200,16600,3100,13100,12800,8400,1600,41600,16800,20000,100
397.0,9.42,555500,5240195.0,9.41,9.4,9.39,9.38,9.37,9.36,9.35,9.34,9.33,9.32,9.42,9.43,9.44,9.45,9.46,9.47,9.49,9.5,9.51,9.52,34500,44500,9700,28700,13100,5400,69200,21600,10100,3200,17300,3100,13100,12800,8400,1600,41600,16800,20000,100
398.0,9.42,555800,5243021.0,9.41,9.4,9.39,9.38,9.37,9.36,9.35,9.34,9.33,9.32,9.42,9.43,9.44,9.45,9.46,9.47,9.49,9.5,9.51,9.52,35800,44500,9700,28700,13100,5400,69200,21600,10100,3200,18300,3100,13600,12800,8400,1600,41600,16800,20000,100
399.0,9.41,557400,5258077.0,9.41,9.4,9.39,9.38,9.37,9.36,9.35,9.34,9.33,9.32,9.42,9.43,9.44,9.45,9.46,9.47,9.49,9.5,9.51,9.52,34200,44500,9700,28700,13100,5400,69200,21600,10100,3200,18300,3100,13600,12800,8400,1600,41600,16800,20000,100
400.0,9.41,557400,5258077.0,9.41,9.4,9.39,9.38,9.37,9.36,9.35,9.34,9.33,9.32,9.42,9.43,9.44,9.45,9.46,9.47,9.49,9.5,9.51,9.52,35500,44500,9700,28700,13100,5400,69200,21600,10100,3200,19600,3100,13600,12800,8400,1600,41600,16800,20000,100
401.0,9.41,557400,5258077.0,9.41,9.4,9.39,9.38,9.37,9.36,9.35,9.34,9.33,9.32,9.42,9.43,9.44,9.45,9.46,9.47,9.49,9.5,9.51,9.52,36800,44500,9700,28700,13100,5400,69200,21600,10100,3200,20900,3100,13600,12800,8400,1600,41600,16800,20000,100
402.0,9.41,557400,5258077.0,9.41,9.4,9.39,9.38,9.37,9.36,9.35,9.34,9.33,9.32,9.42,9.43,9.44,9.45,9.46,9.47,9.49,9.5,9.51,9.52,37500,44500,9700,28700,13100,5400,69200,21600,10100,3200,21600,3100,13600,14000,8400,1600,41600,16800,20000,100
403.0,9.42,558400,5267497.0,9.41,9.4,9.39,9.38,9.37,9.36,9.35,9.34,9.33,9.32,9.42,9.43,9.44,9.45,9.46,9.47,9.49,9.5,9.51,9.52,39300,44500,9700,28700,13100,5400,69200,21600,10100,3200,22400,3100,13600,14000,8400,1600,41600,16800,20000,100
404.0,9.42,559400,5276917.0,9.41,9.4,9.39,9.38,9.37,9.36,9.35,9.34,9.33,9.32,9.42,9.43,9.44,9.45,9.46,9.47,9.49,9.5,9.51,9.52,40100,44500,9700,28700,13100,5400,69200,21600,10100,3200,22200,3100,13600,14000,8400,1600,41600,16800,20000,100
405.0,9.42,559400,5276917.0,9.41,9.4,9.39,9.38,9.37,9.36,9.35,9.34,9.33,9.32,9.42,9.43,9.44,9.45,9.46,9.47,9.49,9.5,9.51,9.52,40100,44500,9700,28700,13100,5400,69200,21600,10100,3200,23500,3100,13600,14000,8400,1600,41600,16800,20000,100
406.0,9.42,560400,5286337.0,9.41,9.4,9.39,9.38,9.37,9.36,9.35,9.34,9.33,9.32,9.42,9.43,9.44,9.45,9.46,9.47,9.49,9.5,9.51,9.52,41900,44500,9700,28700,13100,5400,69200,21600,10100,3200,23000,3100,13600,14000,8400,1600,41600,16800,20000,100
407.0,9.42,560400,5286337.0,9.41,9.4,9.39,9.38,9.37,9.36,9.35,9.34,9.33,9.32,9.42,9.43,9.44,9.45,9.46,9.47,9.49,9.5,9.51,9.52,42700,44500,9700,28700,13100,5400,69200,21600,10100,3200,23800,4300,13600,14000,8400,1600,41600,16800,20000,100
408.0,9.42,560400,5286337.0,9.41,9.4,9.39,9.38,9.37,9.36,9.35,9.34,9.33,9.32,9.42,9.43,9.44,9.45,9.46,9.47,9.49,9.5,9.51,9.52,44000,44500,9700,26700,13100,5400,69200,21600,10100,3200,25100,4300,13600,14000,8400,1600,41600,16800,20000,100
409.0,9.42,561400,5295757.0,9.41,9.4,9.39,9.38,9.37,9.36,9.35,9.34,9.33,9.32,9.42,9.43,9.44,9.45,9.46,9.47,9.49,9.5,9.51,9.52,45300,44500,9700,26700,13100,5400,69200,21600,10100,3200,25900,4300,13600,14000,8400,1600,41600,16800,20000,100
410.0,9.42,561400,5295757.0,9.41,9.4,9.39,9.38,9.37,9.36,9.35,9.34,9.33,9.32,9.42,9.43,9.44,9.45,9.46,9.47,9.49,9.5,9.51,9.52,45300,44500,9700,26700,13100,5400,69200,21600,10100,3200,25900,4300,13600,14000,8400,1600,41600,16800,20000,100
411.0,9.42,562400,5305177.0,9.41,9.4,9.39,9.38,9.37,9.36,9.35,9.34,9.33,9.32,9.42,9.43,9.44,9.45,9.46,9.47,9.49,9.5,9.51,9.52,46100,44500,9700,26700,13100,5400,69200,21600,10100,3200,25700,4300,13600,14000,8400,1600,41600,16800,20000,100
412.0,9.41,574100,5415284.0,9.41,9.4,9.39,9.38,9.37,9.36,9.35,9.34,9.33,9.32,9.42,9.43,9.44,9.45,9.46,9.47,9.49,9.5,9.51,9.52,35900,44500,9700,26700,13100,5400,69200,21600,10100,3200,25200,4300,13600,14000,8400,1600,41600,16800,20000,100
413.0,9.41,574100,5415284.0,9.41,9.4,9.39,9.38,9.37,9.36,9.35,9.34,9.33,9.32,9.42,9.43,9.44,9.45,9.46,9.47,9.49,9.5,9.51,9.52,35900,44500,9700,26700,13100,5400,69200,21600,10100,3200,26100,4300,13600,14000,8400,1600,41600,16800,20000,100
414.0,9.41,576200,5435045.0,9.41,9.4,9.39,9.38,9.37,9.36,9.35,9.34,9.33,9.32,9.42,9.43,9.44,9.45,9.46,9.47,9.49,9.5,9.51,9.52,34700,44500,9700,26700,13100,5400,69200,21600,10100,3200,26100,4300,13600,14000,8400,1600,41600,16800,20000,100
415.0,9.42,577200,5444465.0,9.41,9.4,9.39,9.38,9.37,9.36,9.35,9.34,9.33,9.32,9.42,9.43,9.44,9.45,9.46,9.47,9.49,9.5,9.51,9.52,35300,44500,9700,31700,13100,5400,69200,21600,10100,3200,25700,4300,13100,14000,8400,1600,41600,16800,20000,100
416.0,9.41,580300,5473636.0,9.41,9.4,9.39,9.38,9.37,9.36,9.35,9.34,9.33,9.32,9.42,9.43,9.44,9.45,9.46,9.47,9.49,9.5,9.51,9.52,33100,44500,9700,31700,13100,5400,69200,21600,10100,3200,26600,4300,13100,14000,8400,1600,40400,16800,20000,100
417.0,9.41,580500,5475518.0,9.41,9.4,9.39,9.38,9.37,9.36,9.35,9.34,9.33,9.32,9.42,9.43,9.44,9.45,9.46,9.47,9.49,9.5,9.51,9.52,33500,44500,9700,31700,13100,6400,69200,21600,10100,3200,27200,4300,13100,14000,8400,1600,40400,16800,20000,100
418.0,9.41,584500,5513168.0,9.41,9.4,9.39,9.38,9.37,9.36,9.35,9.34,9.33,9.32,9.42,9.43,9.44,9.45,9.46,9.47,9.49,9.5,9.51,9.52,31400,47300,9700,31700,13100,6400,69200,21600,10100,3200,27100,4300,10200,14000,8400,1600,40400,16800,20000,100
419.0,9.42,585700,5524472.0,9.41,9.4,9.39,9.38,9.37,9.36,9.35,9.34,9.33,9.32,9.42,9.43,9.44,9.45,9.46,9.47,9.49,9.5,9.51,9.52,31400,47300,9700,31700,13100,6400,69200,21600,10100,3200,25900,4300,10200,14000,8400,1600,40400,16800,20000,100
420.0,9.42,585700,5524472.0,9.41,9.4,9.39,9.38,9.37,9.36,9.35,9.34,9.33,9.32,9.42,9.43,9.44,9.45,9.46,9.47,9.48,9.49,9.5,9.51,32900,47300,9700,31700,13100,6400,69200,21600,10100,3200,27400,4300,10200,14000,8400,1600,700,40400,16800,20000
421.0,9.42,585700,5524472.0,9.41,9.4,9.39,9.38,9.37,9.36,9.35,9.34,9.33,9.32,9.42,9.43,9.44,9.45,9.46,9.47,9.48,9.49,9.5,9.51,32900,47300,9700,31700,13100,6400,69200,21600,10100,3200,27400,4300,10200,14000,8400,1600,700,40400,16800,20000
422.0,9.41,586700,5533882.0,9.41,9.4,9.39,9.38,9.37,9.36,9.35,9.34,9.33,9.32,9.42,9.43,9.44,9.45,9.46,9.47,9.48,9.49,9.5,9.51,32800,47300,9700,31700,13100,6400,69200,21600,10100,3200,28300,4300,10200,14000,8400,1600,700,40400,16800,20000
