LocalTime,LastPrice,TradeVolume,TradeValue,BidPrice1,BidPrice2,BidPrice3,BidPrice4,BidPrice5,BidPrice6,BidPrice7,BidPrice8,BidPrice9,BidPriceA,AskPrice1,AskPrice2,AskPrice3,AskPrice4,AskPrice5,AskPrice6,AskPrice7,AskPrice8,AskPrice9,AskPriceA,BidVolume1,BidVolume2,BidVolume3,BidVolume4,BidVolume5,BidVolume6,BidVolume7,BidVolume8,BidVolume9,BidVolumeA,AskVolume1,AskVolume2,AskVolume3,AskVolume4,AskVolume5,AskVolume6,AskVolume7,AskVolume8,AskVolume9,AskVolumeA
0.0,13.83,5300,73299.0,13.91,13.9,13.89,13.88,13.87,13.86,13.85,13.84,13.83,13.82,13.93,13.94,13.99,14.0,14.02,14.03,14.05,14.06,14.08,14.09,10000,5700,3200,1500,1000,1100,11900,5000,7400,400,400,2900,2000,6100,100,700,3300,4500,2400,500
1.0,13.93,5700,78871.0,13.93,13.91,13.9,13.89,13.88,13.87,13.86,13.85,13.84,13.83,13.94,13.95,13.99,14.0,14.02,14.03,14.05,14.06,14.08,14.09,1200,13600,5800,3200,1500,1000,1100,11700,5000,7400,2900,100,2000,6100,100,700,3300,4500,2400,500
2.0,13.94,9400,130418.0,13.92,13.91,13.9,13.89,13.88,13.87,13.86,13.85,13.84,13.83,13.94,13.95,13.98,13.99,14.0,14.02,14.03,14.05,14.06,14.08,1500,14000,4300,3200,1500,1000,1100,11700,5000,6900,1700,100,1000,3000,16100,100,700,3400,4500,2400
3.0,13.94,9400,130418.0,13.92,13.91,13.9,13.89,13.88,13.87,13.86,13.85,13.84,13.83,13.94,13.95,13.98,13.99,14.0,14.02,14.03,14.05,14.06,14.08,1500,4300,800,3200,1200,1000,1100,11700,5000,6900,1700,100,2000,3000,16100,1600,2800,3400,4500,2400
4.0,13.92,10900,151298.0,13.91,13.9,13.89,13.88,13.87,13.86,13.85,13.84,13.83,13.82,13.92,13.94,13.95,13.98,13.99,14.0,14.02,14.03,14.05,14.06,5400,800,3200,1200,1000,1100,11700,5000,6900,11400,2500,1700,100,2100,3000,16100,1600,2800,5100,7800
5.0,13.9,17600,244492.0,13.89,13.88,13.87,13.86,13.85,13.84,13.83,13.82,13.8,13.79,13.9,13.92,13.94,13.95,13.98,13.99,14.0,14.02,14.03,14.05,3200,1200,1000,1100,11700,5000,6900,11400,8700,1000,2300,2000,1700,100,2100,3000,16100,1600,2800,5100
6.0,13.9,17700,245882.0,13.89,13.88,13.87,13.86,13.85,13.84,13.83,13.82,13.8,13.79,13.9,13.92,13.94,13.95,13.98,13.99,14.0,14.02,14.03,14.05,3200,1300,1000,1100,11700,5000,6900,11400,8700,1000,2200,2000,1700,100,2400,3000,16100,1600,2800,5100
7.0,13.9,18500,257002.0,13.89,13.88,13.87,13.86,13.85,13.84,13.83,13.82,13.81,13.8,13.9,13.92,13.94,13.95,13.98,13.99,14.0,14.02,14.03,14.05,3200,2300,1600,1100,11700,5000,6900,12500,200,8700,1400,2500,7200,2900,2400,3000,16100,1600,2800,5100
8.0,13.9,19900,276462.0,13.89,13.88,13.87,13.86,13.85,13.84,13.83,13.82,13.81,13.8,13.91,13.92,13.94,13.95,13.98,13.99,14.0,14.02,14.03,14.05,3200,2300,1600,1100,11700,5000,7000,12500,200,8700,2900,5500,7200,2900,2400,3500,16100,9600,3400,6300
9.0,13.92,22900,318193.0,13.91,13.9,13.89,13.88,13.87,13.86,13.85,13.84,13.83,13.82,13.92,13.94,13.95,13.98,13.99,14.0,14.01,14.02,14.03,14.05,500,2000,3200,2300,1600,1100,8700,5000,7000,12500,6900,7200,2900,2400,3500,16100,300,9600,3400,6300
10.0,13.91,23200,322368.0,13.91,13.9,13.89,13.88,13.87,13.86,13.85,13.84,13.83,13.82,13.92,13.94,13.95,13.98,13.99,14.0,14.01,14.02,14.03,14.05,400,2000,3200,2300,1600,1100,8700,5000,7000,12500,9200,1900,2900,2400,3500,16100,300,9600,3400,14300
11.0,13.9,24800,344612.0,13.9,13.89,13.88,13.87,13.86,13.85,13.84,13.83,13.82,13.81,13.91,13.92,13.94,13.95,13.98,13.99,14.0,14.01,14.02,14.03,800,3200,2300,1600,1100,8700,5000,7000,12500,200,9900,9300,1900,2900,2400,3500,36100,300,9600,3400
12.0,13.91,26600,369640.0,13.89,13.88,13.87,13.86,13.85,13.84,13.83,13.82,13.81,13.8,13.9,13.91,13.92,13.94,13.95,13.98,13.99,14.0,14.01,14.02,3200,2300,1600,1100,8700,5000,7000,12500,200,8700,3500,2800,8800,1900,2900,2400,3500,36100,300,9600
13.0,13.89,30400,422428.0,13.88,13.87,13.86,13.85,13.84,13.83,13.82,13.81,13.8,13.79,13.89,13.9,13.91,13.92,13.94,13.95,13.98,13.99,14.0,14.01,2300,1600,1100,8700,5000,7000,12500,200,8700,1000,1100,6800,2800,8800,1800,2900,2400,3500,36100,300
14.0,13.89,31000,430762.0,13.88,13.87,13.86,13.85,13.84,13.83,13.82,13.81,13.8,13.79,13.89,13.9,13.91,13.92,13.94,13.95,13.98,13.99,14.0,14.01,2300,1600,1100,8700,5000,7000,12500,200,8700,1000,10700,6800,2800,8800,1800,2900,2400,3500,36100,300
15.0,13.87,33500,465460.0,13.87,13.86,13.85,13.84,13.83,13.82,13.81,13.8,13.79,13.78,13.88,13.89,13.9,13.91,13.92,13.94,13.95,13.98,13.99,14.0,1400,1100,8700,5000,7000,12500,200,8700,1000,2200,3100,9500,6100,2800,8800,1800,2900,2400,3500,36100
16.0,13.87,34300,476556.0,13.87,13.86,13.85,13.84,13.83,13.82,13.81,13.8,13.79,13.78,13.88,13.89,13.9,13.91,13.92,13.94,13.95,13.98,13.99,14.0,600,1100,8700,5000,7000,12500,200,8700,1000,2200,3100,9500,6100,2800,8800,1800,2900,2400,3500,36100
17.0,13.86,35000,486264.0,13.86,13.85,13.84,13.83,13.82,13.81,13.8,13.79,13.78,13.77,13.87,13.88,13.89,13.9,13.91,13.92,13.94,13.95,13.98,13.99,1000,8700,5000,7000,12500,200,8700,1000,2200,200,600,3100,9500,6100,2800,6700,1800,2900,2400,3500
18.0,13.86,35000,486264.0,13.86,13.85,13.84,13.83,13.82,13.81,13.8,13.79,13.78,13.77,13.87,13.88,13.89,13.9,13.91,13.92,13.94,13.95,13.98,13.99,1000,8700,5000,7000,12500,200,8700,1000,2200,200,600,3100,9500,6100,2600,6700,1800,2900,2400,3500
19.0,13.86,35000,486264.0,13.86,13.85,13.84,13.83,13.82,13.81,13.8,13.79,13.78,13.77,13.87,13.88,13.89,13.9,13.91,13.92,13.94,13.95,13.98,13.99,1000,8700,5000,7000,12500,200,8700,1000,2200,200,1300,3100,9500,6100,2100,6700,1800,2900,2400,3500
20.0,13.86,35500,493194.0,13.86,13.85,13.84,13.83,13.82,13.81,13.8,13.79,13.78,13.77,13.87,13.88,13.89,13.9,13.91,13.92,13.94,13.95,13.98,13.99,500,8700,5000,7000,12500,200,8700,1000,2200,200,1400,3100,9500,6100,1600,6600,1800,2900,2400,3500
21.0,13.86,36000,500124.0,13.85,13.84,13.83,13.82,13.81,13.8,13.79,13.78,13.77,13.76,13.86,13.87,13.88,13.89,13.9,13.91,13.92,13.94,13.95,13.98,8700,5000,7000,12500,200,8700,1000,2200,200,2100,500,1400,3100,9500,6100,1600,6600,1800,2900,2400
22.0,13.86,36000,500124.0,13.85,13.84,13.83,13.82,13.81,13.8,13.79,13.78,13.77,13.76,13.86,13.87,13.88,13.89,13.9,13.91,13.92,13.94,13.95,13.98,8700,5000,7000,12500,200,8700,1000,2200,200,2100,500,1400,3100,9500,6000,1600,6600,1800,2900,2400
23.0,13.85,41200,572146.0,13.85,13.84,13.83,13.82,13.81,13.8,13.79,13.78,13.77,13.76,13.86,13.87,13.88,13.89,13.9,13.91,13.92,13.94,13.95,13.98,3700,5000,7000,12500,200,8700,1000,2200,200,2100,400,1100,3100,9500,5200,1600,6600,1800,2900,2400
24.0,13.84,45100,626159.0,13.84,13.83,13.82,13.81,13.8,13.79,13.78,13.77,13.76,13.75,13.85,13.86,13.87,13.88,13.89,13.9,13.91,13.92,13.94,13.95,4800,7000,12500,200,8700,1000,2200,200,2100,1200,1600,1600,1100,3100,9500,3200,1700,6600,1800,2900
25.0,13.83,50200,696740.0,13.83,13.82,13.81,13.8,13.79,13.78,13.77,13.76,13.75,13.74,13.84,13.85,13.86,13.87,13.88,13.89,13.9,13.91,13.92,13.94,6700,12500,200,8700,1000,2200,200,2100,1200,1000,100,7000,1600,1100,3100,9500,3200,1700,6600,1800
26.0,13.82,58500,811513.0,13.82,13.81,13.8,13.79,13.78,13.77,13.76,13.75,13.74,13.73,13.83,13.84,13.85,13.86,13.87,13.88,13.89,13.9,13.91,13.92,10900,200,8700,1000,2200,200,2100,1200,1000,5000,1800,10900,1600,1600,1100,3100,6300,2400,1700,6600
27.0,13.82,68300,946949.0,13.82,13.81,13.8,13.79,13.78,13.77,13.76,13.75,13.74,13.73,13.83,13.84,13.85,13.86,13.87,13.88,13.89,13.9,13.91,13.92,1100,200,8700,1000,2200,200,2100,1200,1000,5000,2000,9900,1600,1600,1100,3100,6300,2400,1700,6700
28.0,13.82,68300,946949.0,13.82,13.81,13.8,13.79,13.78,13.77,13.76,13.75,13.74,13.73,13.83,13.84,13.85,13.86,13.87,13.88,13.89,13.9,13.91,13.92,1100,200,8700,1000,2200,200,2100,1200,1000,5000,2000,8100,1600,1600,1100,3100,6300,2400,1700,6700
29.0,13.82,69600,964914.0,13.81,13.8,13.79,13.78,13.77,13.76,13.75,13.74,13.73,13.72,13.82,13.83,13.84,13.85,13.86,13.87,13.88,13.89,13.9,13.91,100,8700,1000,2200,200,2100,1200,1000,5000,3500,500,2000,5100,1600,1600,500,1400,6300,2400,1700
30.0,13.82,69900,969060.0,13.81,13.8,13.79,13.78,13.77,13.76,13.75,13.74,13.73,13.72,13.82,13.83,13.84,13.85,13.86,13.87,13.88,13.89,13.9,13.91,100,8700,1000,2200,200,2100,1200,1000,5000,3500,1300,2000,3900,1600,1600,500,1400,6300,2400,1700
31.0,13.82,69900,969060.0,13.81,13.8,13.79,13.78,13.77,13.76,13.75,13.74,13.73,13.72,13.82,13.83,13.84,13.85,13.86,13.87,13.88,13.89,13.9,13.91,100,8700,1000,2200,200,2100,1200,1000,5000,3500,1300,2000,3900,1600,1600,500,1400,6300,2400,1700
32.0,13.82,70100,971824.0,13.81,13.8,13.79,13.78,13.77,13.76,13.75,13.74,13.73,13.72,13.82,13.83,13.84,13.85,13.86,13.87,13.88,13.89,13.9,13.91,100,8700,1000,2200,200,2100,1200,1000,5000,3500,1200,2000,3500,1600,1600,400,1400,6300,2400,1700
33.0,13.81,70300,974587.0,13.8,13.79,13.78,13.77,13.76,13.75,13.74,13.73,13.72,13.71,13.81,13.82,13.83,13.84,13.85,13.86,13.87,13.88,13.89,13.9,8700,1000,2200,200,2100,1200,1000,5000,3500,6300,100,1100,2000,3500,1600,1600,400,1400,6300,2400
34.0,13.81,70300,974587.0,13.8,13.79,13.78,13.77,13.76,13.75,13.74,13.73,13.72,13.71,13.81,13.82,13.83,13.84,13.85,13.86,13.87,13.88,13.89,13.9,8700,1000,2200,200,2100,1200,1000,5000,3500,6300,100,1100,2000,3500,1600,1600,400,1400,6300,2400
35.0,13.81,70300,974587.0,13.8,13.79,13.78,13.77,13.76,13.75,13.74,13.73,13.72,13.71,13.81,13.82,13.83,13.84,13.85,13.86,13.87,13.88,13.89,13.9,8700,1000,2200,200,2100,1200,1000,5000,3500,6300,300,1100,2000,3500,1600,1200,300,1400,6300,2400
36.0,13.8,74700,1035307.0,13.8,13.79,13.78,13.77,13.76,13.75,13.74,13.73,13.72,13.71,13.81,13.82,13.83,13.84,13.85,13.87,13.88,13.89,13.9,13.91,4300,1000,2200,200,2100,1200,1000,5000,3500,6300,300,1100,2000,3500,1600,200,1400,6300,2400,1700
37.0,13.81,75000,1039450.0,13.81,13.8,13.79,13.78,13.77,13.76,13.75,13.74,13.73,13.72,13.82,13.83,13.84,13.85,13.87,13.89,13.9,13.91,13.92,13.94,1700,4300,1000,2200,200,2100,1200,1000,5000,3500,1100,2000,3500,1600,200,6300,2400,1700,6700,1700
38.0,13.82,75300,1043595.0,13.81,13.8,13.79,13.78,13.77,13.76,13.75,13.74,13.73,13.72,13.82,13.83,13.84,13.87,13.89,13.9,13.91,13.92,13.94,13.95,1600,4300,1000,2200,200,2100,1200,1000,5000,3500,900,2000,3500,200,6300,2400,1700,5200,1700,2900
39.0,13.81,76200,1056024.0,13.81,13.8,13.79,13.78,13.77,13.76,13.75,13.74,13.73,13.72,13.82,13.83,13.84,13.87,13.89,13.9,13.91,13.92,13.94,13.95,700,4300,1000,3200,200,2100,1200,1000,5000,3500,900,2000,2700,200,6300,2400,1700,5200,1700,2900
40.0,13.81,76400,1058786.0,13.81,13.8,13.79,13.78,13.77,13.76,13.75,13.74,13.73,13.72,13.82,13.83,13.84,13.87,13.89,13.9,13.91,13.92,13.94,13.95,1700,4500,1000,3200,200,2100,1200,1000,5000,3500,900,2000,2700,200,6300,2400,1700,5200,1700,2900
41.0,13.81,77600,1075358.0,13.81,13.8,13.79,13.78,13.77,13.76,13.75,13.74,13.73,13.72,13.82,13.83,13.84,13.87,13.89,13.9,13.91,13.92,13.94,13.95,500,3600,1000,3200,200,2100,1200,1000,5000,3500,900,2000,2700,200,6300,2400,1700,5200,1700,2900
42.0,13.81,77600,1075358.0,13.81,13.8,13.79,13.78,13.77,13.76,13.75,13.74,13.73,13.72,13.82,13.83,13.84,13.87,13.89,13.9,13.91,13.92,13.94,13.95,500,3600,1000,3200,200,2100,1200,1000,5000,3500,900,2000,2700,200,6300,2400,1700,5200,1700,2900
43.0,13.8,78300,1085023.0,13.8,13.79,13.78,13.77,13.76,13.75,13.74,13.73,13.72,13.71,13.81,13.82,13.83,13.84,13.87,13.89,13.9,13.91,13.92,13.94,3400,1000,3200,200,3100,1200,1000,5000,3500,6300,1400,900,2000,2700,200,6300,2400,1700,5200,1700
44.0,13.81,79000,1094684.0,13.8,13.79,13.78,13.77,13.76,13.75,13.74,13.73,13.72,13.71,13.81,13.82,13.83,13.84,13.87,13.89,13.9,13.91,13.92,13.94,2800,1000,3200,200,3100,1200,1000,5000,3500,6300,1500,900,2000,2700,200,6300,2400,1700,2200,1700
45.0,13.81,79000,1094684.0,13.8,13.79,13.78,13.77,13.76,13.75,13.74,13.73,13.72,13.71,13.81,13.82,13.83,13.84,13.87,13.89,13.9,13.91,13.92,13.94,2800,1000,3200,200,3100,1200,1000,5000,3500,6300,1500,900,2000,2700,200,6300,2400,1700,2200,1700
46.0,13.81,80200,1111256.0,13.8,13.79,13.78,13.77,13.76,13.75,13.74,13.73,13.72,13.71,13.81,13.82,13.83,13.84,13.87,13.89,13.9,13.91,13.92,13.94,2800,1000,3200,200,3100,1200,1000,5000,3500,6300,300,900,2000,2700,200,6300,2400,1700,2200,1700
47.0,13.81,80500,1115397.0,13.8,13.79,13.78,13.77,13.76,13.75,13.74,13.73,13.72,13.71,13.81,13.82,13.83,13.84,13.87,13.89,13.9,13.91,13.92,13.94,2600,1000,3200,200,3100,3200,1000,5000,3500,6300,200,900,2000,2700,200,6300,2400,1700,2100,1700
48.0,13.81,80500,1115397.0,13.8,13.79,13.78,13.77,13.76,13.75,13.74,13.73,13.72,13.71,13.81,13.82,13.83,13.84,13.87,13.89,13.9,13.91,13.92,13.94,2600,1100,3200,200,3100,3200,1000,5000,3500,6300,200,900,2000,2700,200,6300,2400,1700,2100,1700
49.0,13.81,80700,1118159.0,13.8,13.79,13.78,13.77,13.76,13.75,13.74,13.73,13.72,13.71,13.82,13.83,13.84,13.87,13.89,13.9,13.91,13.92,13.94,13.95,2600,1100,3200,200,3100,3200,1000,5000,3500,6300,900,2000,2700,200,6300,2400,1700,2100,1700,2900
50.0,13.81,80700,1118159.0,13.8,13.79,13.78,13.77,13.76,13.75,13.74,13.73,13.72,13.71,13.82,13.83,13.84,13.87,13.89,13.9,13.91,13.92,13.94,13.95,2600,1100,3200,200,3100,3200,1000,5000,3500,6300,900,2000,2700,200,6300,2400,1700,2100,1700,2900
51.0,13.81,80700,1118159.0,13.8,13.79,13.78,13.77,13.76,13.75,13.74,13.73,13.72,13.71,13.82,13.83,13.84,13.87,13.89,13.9,13.91,13.92,13.94,13.95,2600,1100,3200,200,3100,3200,1000,5000,3500,6300,900,2000,2700,200,6300,2400,1700,2100,1700,2900
52.0,13.81,80700,1118159.0,13.8,13.79,13.78,13.77,13.76,13.75,13.74,13.73,13.72,13.71,13.82,13.83,13.84,13.87,13.89,13.9,13.91,13.92,13.94,13.95,2600,1100,3200,200,3100,3200,1000,5000,3500,6300,900,2000,2700,200,6300,2400,1700,2100,1700,2900
53.0,13.81,80900,1120922.0,13.81,13.8,13.79,13.78,13.77,13.76,13.75,13.74,13.73,13.72,13.82,13.83,13.84,13.87,13.89,13.9,13.91,13.92,13.94,13.95,200,2600,1100,3200,200,3100,3200,1000,5000,3500,800,2000,2700,200,6300,2400,1700,2100,1700,2900
54.0,13.81,80900,1120922.0,13.81,13.8,13.79,13.78,13.77,13.76,13.75,13.74,13.73,13.72,13.82,13.83,13.84,13.87,13.89,13.9,13.91,13.92,13.94,13.95,200,4600,1100,3200,200,3100,3200,1000,5000,3500,800,2000,2700,200,6300,2400,1700,2100,1700,2900
55.0,13.81,80900,1120922.0,13.81,13.8,13.79,13.78,13.77,13.76,13.75,13.74,13.73,13.72,13.82,13.83,13.84,13.87,13.89,13.9,13.91,13.92,13.94,13.95,2200,4600,1100,3200,200,3100,3200,1000,5000,3500,800,2000,2700,200,6300,2400,1700,2100,1700,2900
56.0,13.81,80900,1120922.0,13.81,13.8,13.79,13.78,13.77,13.76,13.75,13.74,13.73,13.72,13.82,13.83,13.84,13.87,13.89,13.9,13.91,13.92,13.94,13.95,2200,4600,1100,3200,400,3100,3200,1000,5000,3500,800,2000,2700,200,6300,2400,1700,2100,1700,2900
57.0,13.81,80900,1120922.0,13.81,13.8,13.79,13.78,13.77,13.76,13.75,13.74,13.73,13.72,13.82,13.83,13.84,13.87,13.89,13.9,13.91,13.92,13.94,13.95,2200,5000,1100,3200,400,3100,3200,1000,5000,3500,800,2000,2700,200,6300,2400,1700,2100,1700,2900
58.0,13.81,80900,1120922.0,13.81,13.8,13.79,13.78,13.77,13.76,13.75,13.74,13.73,13.72,13.82,13.83,13.84,13.87,13.89,13.9,13.91,13.92,13.94,13.95,3800,5000,1100,3200,400,3100,3200,1000,5000,3500,800,2000,2700,200,6300,2400,1700,2100,1700,2900
59.0,13.81,80900,1120922.0,13.81,13.8,13.79,13.78,13.77,13.76,13.75,13.74,13.73,13.72,13.82,13.83,13.84,13.87,13.89,13.9,13.91,13.92,13.94,13.95,4800,5000,1100,3200,400,3100,3200,1000,5000,3500,900,2000,2600,200,6300,2400,1700,2100,1700,2900
60.0,13.81,81300,1126446.0,13.81,13.8,13.79,13.78,13.77,13.76,13.75,13.74,13.73,13.72,13.82,13.83,13.84,13.87,13.89,13.9,13.91,13.92,13.94,13.95,4800,5000,1100,3200,400,3100,3200,1000,5000,3500,900,2000,2600,200,6300,2400,1700,2100,1700,2900
61.0,13.81,83400,1155462.0,13.81,13.8,13.79,13.78,13.77,13.76,13.75,13.74,13.73,13.72,13.83,13.84,13.87,13.89,13.9,13.91,13.92,13.94,13.95,13.98,4200,5000,1100,3200,400,3100,4100,1000,5000,14800,2000,2600,200,6300,2400,1700,2100,1700,2900,2400
62.0,13.82,84400,1169282.0,13.81,13.8,13.79,13.78,13.77,13.76,13.75,13.74,13.73,13.72,13.83,13.84,13.87,13.89,13.9,13.91,13.92,13.94,13.95,13.98,4200,5000,1100,3200,500,3100,4100,1000,5000,14800,2800,2500,200,6300,2400,1700,2100,1700,2900,2400
63.0,13.83,86500,1198325.0,13.81,13.8,13.79,13.78,13.77,13.76,13.75,13.74,13.73,13.72,13.83,13.84,13.87,13.89,13.9,13.91,13.92,13.94,13.95,13.98,4200,5000,1100,3200,500,3100,4100,1000,5000,14800,800,2500,200,6300,2400,1700,2100,1700,2900,2400
64.0,13.83,86500,1198325.0,13.82,13.81,13.8,13.79,13.78,13.77,13.76,13.75,13.74,13.73,13.83,13.84,13.87,13.89,13.9,13.91,13.92,13.94,13.95,13.98,5000,4200,5000,1100,3200,500,3100,4100,1000,5000,800,2500,200,6300,2400,1700,2100,1700,2900,2400
65.0,13.83,86900,1203857.0,13.82,13.81,13.8,13.79,13.78,13.77,13.76,13.75,13.74,13.73,13.83,13.84,13.87,13.89,13.9,13.91,13.92,13.94,13.95,13.98,5100,4200,5000,1100,3200,500,5200,4100,1000,5000,600,2500,200,6300,1600,1200,2100,1700,2900,2400
66.0,13.82,87900,1217677.0,13.82,13.81,13.8,13.79,13.78,13.77,13.76,13.75,13.74,13.73,13.83,13.84,13.87,13.89,13.9,13.91,13.92,13.94,13.95,13.98,4100,4200,5000,1100,3200,500,5200,4100,1000,5000,600,2500,200,6300,1600,1200,2100,1700,2900,2400
67.0,13.82,92000,1274339.0,13.81,13.8,13.79,13.78,13.77,13.76,13.75,13.74,13.73,13.72,13.82,13.83,13.84,13.87,13.89,13.91,13.92,13.94,13.95,13.98,4200,5000,1100,3200,500,5200,4100,1000,5000,14800,1000,700,2500,200,5800,200,2100,1700,2900,2400
68.0,13.81,92600,1282625.0,13.81,13.8,13.79,13.78,13.77,13.76,13.75,13.74,13.73,13.72,13.82,13.83,13.84,13.87,13.89,13.91,13.92,13.94,13.95,13.98,3800,5000,1100,3200,500,5200,4100,1000,5000,14800,1000,900,2500,200,5800,200,2100,1700,2900,2400
69.0,13.81,96400,1335103.0,13.8,13.79,13.78,13.77,13.76,13.75,13.74,13.73,13.72,13.71,13.81,13.82,13.83,13.84,13.87,13.89,13.91,13.92,13.94,13.95,5300,1100,3200,500,5200,4100,1000,5000,14800,6300,200,1000,900,2500,200,5800,200,2100,1700,2900
70.0,13.81,96600,1337865.0,13.8,13.79,13.78,13.77,13.76,13.75,13.74,13.73,13.72,13.71,13.82,13.83,13.84,13.87,13.89,13.91,13.92,13.94,13.95,13.98,5300,1100,3200,500,5200,4100,1000,5000,14800,6300,1000,900,2500,200,5800,200,2100,1700,2900,2400
71.0,13.81,96600,1337865.0,13.8,13.79,13.78,13.77,13.76,13.75,13.74,13.73,13.72,13.71,13.82,13.83,13.84,13.87,13.89,13.91,13.92,13.94,13.95,13.98,7600,1100,3200,500,5200,4100,1000,5000,14800,6300,1000,900,2500,200,5800,200,2100,1700,2900,2400
72.0,13.82,98500,1364114.0,13.82,13.8,13.79,13.78,13.77,13.76,13.75,13.74,13.73,13.72,13.83,13.84,13.87,13.89,13.91,13.92,13.94,13.95,13.98,13.99,800,8300,1100,3200,500,5200,4100,1000,5000,14800,900,2500,200,5800,200,2100,1700,2900,2400,3500
73.0,13.82,98600,1365496.0,13.82,13.81,13.8,13.79,13.78,13.77,13.76,13.75,13.74,13.73,13.83,13.84,13.87,13.89,13.91,13.92,13.94,13.95,13.98,13.99,700,1000,8300,1100,3200,500,5200,4100,1000,5000,800,2500,200,5800,200,2100,1700,2900,2400,3500
74.0,13.8,100500,1391740.0,13.8,13.79,13.78,13.77,13.76,13.75,13.74,13.73,13.72,13.71,13.83,13.84,13.87,13.89,13.91,13.92,13.94,13.95,13.98,13.99,8100,1100,3200,500,5200,4100,1000,5000,14800,6300,1300,2500,200,5700,200,2100,1700,2900,2400,3500
75.0,13.83,100600,1393123.0,13.8,13.79,13.78,13.77,13.76,13.75,13.74,13.73,13.72,13.71,13.81,13.83,13.84,13.87,13.89,13.91,13.92,13.94,13.95,13.98,8100,1100,3200,500,8200,4100,1000,5000,14800,6300,100,1200,2500,400,5700,200,2100,1700,2900,2400
76.0,13.83,100600,1393123.0,13.8,13.79,13.78,13.77,13.76,13.75,13.74,13.73,13.72,13.71,13.81,13.83,13.84,13.87,13.89,13.91,13.92,13.94,13.95,13.98,8100,1100,3200,500,8200,4100,1000,5000,14800,6300,100,1200,2500,400,5700,200,2100,1700,2900,2400
77.0,13.81,102100,1413824.0,13.81,13.8,13.79,13.78,13.77,13.76,13.75,13.74,13.73,13.72,13.83,13.84,13.87,13.89,13.91,13.92,13.94,13.95,13.98,13.99,500,6700,1100,3200,500,8200,4100,1000,5000,14800,1300,2500,400,5700,200,2100,1700,2900,2400,3500
78.0,13.81,102100,1413824.0,13.81,13.8,13.79,13.78,13.77,13.76,13.75,13.74,13.73,13.72,13.83,13.84,13.87,13.89,13.91,13.92,13.94,13.95,13.98,13.99,500,7200,1100,3200,500,8200,4100,1000,5000,14800,1300,2500,400,5700,200,2100,1700,2900,2400,3500
79.0,13.83,103100,1427654.0,13.81,13.8,13.79,13.78,13.77,13.76,13.75,13.74,13.73,13.72,13.83,13.84,13.87,13.89,13.91,13.92,13.94,13.95,13.98,13.99,500,7200,1100,3200,500,8200,4100,1000,5000,14800,300,2500,400,5700,200,2100,1700,2900,2400,3500
80.0,13.81,103700,1435940.0,13.8,13.79,13.78,13.77,13.76,13.75,13.74,13.73,13.72,13.71,13.81,13.83,13.84,13.87,13.89,13.91,13.92,13.94,13.95,13.98,7200,1100,3200,500,8200,4100,1000,5000,14800,6800,4900,300,2500,400,5700,200,2100,1700,2900,2400
81.0,13.81,103700,1435940.0,13.8,13.79,13.78,13.77,13.76,13.75,13.74,13.73,13.72,13.71,13.81,13.83,13.84,13.87,13.89,13.91,13.92,13.94,13.95,13.98,7000,1100,3200,500,8200,4100,1000,5000,14800,6800,4900,300,2500,400,5700,200,2100,1700,2900,2400
82.0,13.81,104300,1444225.0,13.8,13.79,13.78,13.77,13.76,13.75,13.74,13.73,13.72,13.71,13.81,13.82,13.83,13.84,13.87,13.89,13.91,13.92,13.94,13.95,6900,1100,3200,500,8200,4100,1000,5000,14800,6800,4400,2200,300,2500,400,5700,200,2100,1700,2900
83.0,13.81,105700,1463559.0,13.8,13.79,13.78,13.77,13.76,13.75,13.74,13.73,13.72,13.71,13.81,13.82,13.83,13.84,13.86,13.87,13.89,13.91,13.92,13.94,6900,1100,3200,500,8200,4100,1000,5000,14800,6800,3000,2200,300,2500,400,400,5700,200,2100,1700
84.0,13.81,106200,1470464.0,13.8,13.79,13.78,13.77,13.76,13.75,13.74,13.73,13.72,13.71,13.81,13.82,13.83,13.84,13.86,13.87,13.89,13.91,13.92,13.94,6900,1100,3200,500,8200,4100,1000,5000,14800,6800,2500,2200,300,2500,400,400,5700,200,2100,1700
85.0,13.8,108300,1499463.0,13.8,13.79,13.78,13.77,13.76,13.75,13.74,13.73,13.72,13.71,13.81,13.82,13.83,13.84,13.86,13.87,13.89,13.91,13.92,13.94,6700,1100,3200,500,8200,4100,1000,5000,14800,6800,600,2200,300,2500,400,400,5700,200,2100,1700
86.0,13.8,108300,1499463.0,13.8,13.79,13.78,13.77,13.76,13.75,13.74,13.73,13.72,13.71,13.81,13.82,13.83,13.84,13.86,13.87,13.89,13.91,13.92,13.94,6700,1100,3200,500,8200,4100,1000,5000,14800,6800,600,2200,300,2400,400,400,5700,200,2100,1700
87.0,13.8,108500,1502223.0,13.8,13.79,13.78,13.77,13.76,13.75,13.74,13.73,13.72,13.71,13.81,13.82,13.83,13.84,13.86,13.87,13.89,13.91,13.92,13.94,6700,1100,3200,500,8200,4100,1000,5000,14800,6800,600,2200,300,2400,400,400,5700,200,2100,1700
88.0,13.8,109500,1516023.0,13.8,13.79,13.78,13.77,13.76,13.75,13.74,13.73,13.72,13.71,13.81,13.82,13.83,13.84,13.86,13.87,13.89,13.91,13.92,13.94,5800,1100,3200,500,8200,4100,1000,5000,14800,6800,600,2300,300,2400,400,400,5700,200,2100,1700
89.0,13.8,115600,1600203.0,13.79,13.78,13.77,13.76,13.75,13.74,13.73,13.72,13.71,13.7,13.8,13.81,13.82,13.83,13.84,13.86,13.87,13.89,13.91,13.92,1100,3200,500,8200,3100,1000,5000,14800,6800,6200,2900,800,3200,300,2400,400,200,5700,200,2100
90.0,13.8,117100,1620903.0,13.79,13.78,13.77,13.76,13.75,13.74,13.73,13.72,13.71,13.7,13.8,13.81,13.82,13.83,13.84,13.86,13.87,13.89,13.91,13.92,1100,3200,500,8200,3100,1000,5000,14800,6800,6200,1400,2500,3200,300,2400,400,200,5700,200,2100
91.0,13.8,117100,1620903.0,13.79,13.78,13.77,13.76,13.75,13.74,13.73,13.72,13.71,13.7,13.8,13.81,13.82,13.83,13.84,13.86,13.87,13.89,13.91,13.92,1100,3200,500,8200,3100,1000,5000,14800,6800,6200,1400,2500,3200,300,2400,400,200,5700,200,2100
92.0,13.8,117200,1622283.0,13.79,13.78,13.77,13.76,13.75,13.74,13.73,13.72,13.71,13.7,13.8,13.81,13.82,13.83,13.84,13.86,13.87,13.89,13.91,13.92,1100,3200,500,8200,3100,1000,5000,14800,6800,6200,16000,2500,3200,300,2400,400,200,5600,200,2100
93.0,13.8,118400,1638843.0,13.79,13.78,13.77,13.76,13.75,13.74,13.73,13.72,13.71,13.7,13.8,13.81,13.82,13.83,13.84,13.86,13.89,13.91,13.92,13.94,1100,3200,500,8200,3100,1000,5000,14800,6800,6200,14800,2300,3300,300,2400,400,5600,200,400,1700
94.0,13.79,119300,1651258.0,13.79,13.78,13.77,13.76,13.75,13.74,13.73,13.72,13.71,13.7,13.8,13.81,13.82,13.83,13.84,13.86,13.89,13.91,13.92,13.94,600,3200,500,8200,3100,1000,5000,14800,6800,6200,14200,2300,3300,300,2400,400,5600,200,400,1700
95.0,13.79,119900,1659532.0,13.78,13.77,13.76,13.75,13.73,13.72,13.71,13.7,13.69,13.68,13.8,13.81,13.82,13.83,13.84,13.89,13.91,13.92,13.94,13.95,3200,500,8200,3100,5000,14800,6800,6200,11000,2700,14200,2300,3300,300,2600,5600,200,400,1700,2900
96.0,13.8,120700,1670572.0,13.78,13.77,13.76,13.75,13.73,13.72,13.71,13.7,13.69,13.68,13.8,13.81,13.82,13.83,13.84,13.89,13.91,13.92,13.94,13.95,3200,500,8200,3300,5000,14800,6800,6200,11000,2700,13400,2300,3300,300,2600,5600,200,400,1700,2900
97.0,13.8,120700,1670572.0,13.78,13.77,13.76,13.75,13.73,13.72,13.71,13.7,13.69,13.68,13.8,13.81,13.82,13.83,13.84,13.89,13.91,13.92,13.94,13.95,3200,500,8200,3300,5000,14800,6800,6200,11000,2700,13400,2300,3300,300,2600,5600,200,400,1700,2900
98.0,13.8,120700,1670572.0,13.79,13.78,13.77,13.76,13.75,13.73,13.72,13.71,13.7,13.69,13.8,13.81,13.82,13.83,13.84,13.89,13.91,13.92,13.94,13.95,300,3200,500,6100,3300,5000,14800,6800,6200,11000,13400,2300,3300,300,2600,5600,200,400,1700,2900
99.0,13.8,121400,1680232.0,13.79,13.78,13.77,13.76,13.75,13.73,13.72,13.71,13.7,13.69,13.8,13.81,13.82,13.83,13.84,13.89,13.91,13.92,13.94,13.95,300,3200,500,6100,3300,5000,14800,6800,6200,11000,12700,2300,3300,300,2600,5600,200,400,1700,2900
100.0,13.79,123100,1703689.0,13.78,13.77,13.76,13.75,13.73,13.72,13.71,13.7,13.69,13.68,13.79,13.8,13.81,13.82,13.83,13.84,13.89,13.91,13.92,13.94,3400,500,6100,3300,5000,14800,6800,6200,11000,2700,5800,11300,2300,3300,300,2600,5600,200,400,1700
101.0,13.79,123100,1703689.0,13.78,13.77,13.76,13.75,13.73,13.72,13.71,13.7,13.69,13.68,13.79,13.8,13.81,13.82,13.83,13.84,13.89,13.91,13.92,13.94,3900,500,6100,3300,5000,14800,6800,6200,11000,2700,5800,11300,2300,1500,300,2400,5600,200,400,1700
102.0,13.79,123100,1703689.0,13.78,13.77,13.76,13.75,13.73,13.72,13.71,13.7,13.69,13.68,13.79,13.8,13.81,13.82,13.83,13.84,13.89,13.91,13.92,13.94,3900,500,6100,3300,5000,14800,6800,6200,11000,2700,5800,11300,2300,1500,300,2400,5600,200,400,1700
103.0,13.79,128600,1779534.0,13.78,13.77,13.76,13.75,13.73,13.72,13.71,13.7,13.69,13.68,13.79,13.8,13.81,13.82,13.83,13.84,13.89,13.91,13.92,13.94,4100,500,6100,3300,5000,14800,6800,6200,11000,2700,300,11300,2300,1500,300,2400,5600,200,400,1700
104.0,13.79,128600,1779534.0,13.78,13.77,13.76,13.75,13.73,13.72,13.71,13.7,13.69,13.68,13.79,13.8,13.81,13.82,13.83,13.84,13.89,13.91,13.92,13.94,4100,500,6100,3300,5000,14800,7000,6200,11000,2700,300,11100,2300,1500,300,2400,5600,200,400,1700
105.0,13.79,128600,1779534.0,13.78,13.77,13.76,13.75,13.73,13.72,13.71,13.7,13.69,13.68,13.79,13.8,13.81,13.82,13.83,13.84,13.89,13.91,13.92,13.94,4100,500,6300,3300,5000,14800,7000,6200,11000,2700,300,11100,2300,1500,300,2400,5600,200,400,1700
106.0,13.79,128600,1779534.0,13.78,13.77,13.76,13.75,13.73,13.72,13.71,13.7,13.69,13.68,13.79,13.8,13.81,13.82,13.83,13.84,13.89,13.91,13.92,13.94,4100,500,6300,3100,5000,15700,7000,7000,11000,2700,300,11100,2300,1500,300,2400,5600,200,400,1700
107.0,13.79,128700,1780913.0,13.78,13.77,13.76,13.75,13.73,13.72,13.71,13.7,13.69,13.68,13.79,13.8,13.81,13.82,13.83,13.84,13.89,13.91,13.92,13.94,4100,1700,6300,3100,5000,15700,7000,7200,11000,2700,200,11100,2400,700,300,2400,5600,200,400,1700
108.0,13.8,130700,1808503.0,13.78,13.77,13.76,13.75,13.73,13.72,13.71,13.7,13.69,13.68,13.8,13.81,13.82,13.83,13.84,13.89,13.91,13.92,13.94,13.95,5200,1700,6300,3100,5000,15700,7000,7200,11000,2700,9700,2400,700,300,2400,5600,200,400,1700,2900
109.0,13.8,131400,1818163.0,13.79,13.78,13.77,13.76,13.75,13.73,13.72,13.71,13.7,13.69,13.8,13.81,13.82,13.83,13.84,13.89,13.91,13.92,13.94,13.95,100,5600,1700,6300,3100,5000,15700,7000,7200,11000,9400,2400,700,300,2400,5600,200,400,1700,2900
110.0,13.78,133600,1848480.0,13.79,13.78,13.77,13.76,13.75,13.73,13.72,13.71,13.7,13.69,13.8,13.81,13.82,13.83,13.84,13.89,13.91,13.92,13.94,13.95,500,3800,1700,6300,3100,5000,15700,7000,7200,11000,9400,2400,700,300,2400,5600,200,400,1700,2900
111.0,13.78,133600,1848480.0,13.79,13.78,13.77,13.76,13.75,13.73,13.72,13.71,13.7,13.69,13.8,13.81,13.82,13.83,13.84,13.89,13.91,13.92,13.94,13.95,500,3800,2100,6300,3100,5000,15700,7000,7200,11000,9400,2400,700,300,2400,5600,200,400,1700,2900
112.0,13.8,135000,1867800.0,13.79,13.78,13.77,13.76,13.75,13.73,13.72,13.71,13.7,13.69,13.8,13.81,13.82,13.83,13.84,13.89,13.91,13.92,13.94,13.95,2700,3800,2100,6300,3100,5000,15700,7000,7200,11000,8000,2400,300,300,2400,5600,200,400,1700,2900
113.0,13.8,135700,1877460.0,13.79,13.78,13.77,13.76,13.75,13.73,13.72,13.71,13.7,13.69,13.8,13.81,13.82,13.83,13.84,13.89,13.91,13.92,13.94,13.95,2700,3800,2100,6300,3100,7100,15700,7000,7200,11000,7300,2400,300,300,2400,5600,200,400,1700,2900
114.0,13.8,135700,1877460.0,13.79,13.78,13.77,13.76,13.75,13.73,13.72,13.71,13.7,13.69,13.8,13.81,13.82,13.83,13.84,13.89,13.91,13.92,13.94,13.95,2700,3800,2100,6300,3100,7100,15700,7000,7200,11000,7300,2400,300,300,2400,5600,200,400,1700,2900
115.0,13.79,135900,1880218.0,13.79,13.78,13.77,13.76,13.75,13.73,13.72,13.71,13.7,13.69,13.8,13.81,13.82,13.83,13.84,13.89,13.91,13.92,13.94,13.95,3100,4000,2100,6300,3100,7100,15700,7000,7200,11000,7300,2400,300,300,2400,5600,200,400,1700,2900
116.0,13.79,136800,1892636.0,13.79,13.78,13.77,13.76,13.75,13.73,13.72,13.71,13.7,13.69,13.8,13.81,13.82,13.83,13.84,13.89,13.91,13.92,13.94,13.95,3900,4600,2100,6300,3100,7100,15700,13000,7200,11000,6600,2400,300,300,2400,5600,200,400,1700,2900
117.0,13.79,136800,1892636.0,13.79,13.78,13.77,13.76,13.75,13.73,13.72,13.71,13.7,13.69,13.8,13.81,13.82,13.83,13.84,13.89,13.91,13.92,13.94,13.95,3900,4600,2100,6300,3100,7100,15700,13000,7200,11000,6600,2400,300,300,2400,5600,200,400,1700,2900
118.0,13.8,136900,1894016.0,13.79,13.78,13.77,13.76,13.75,13.73,13.72,13.71,13.7,13.69,13.8,13.81,13.82,13.83,13.84,13.89,13.91,13.92,13.94,13.95,4700,4600,2100,6300,3100,7100,15700,13000,7200,11000,6500,2400,300,300,2400,5600,200,400,1700,2900
119.0,13.79,138300,1913322.0,13.79,13.78,13.77,13.76,13.75,13.73,13.72,13.71,13.7,13.69,13.8,13.81,13.82,13.83,13.84,13.89,13.91,13.92,13.94,13.95,3400,5100,2100,6300,3100,7100,15700,13000,7200,11000,6500,2400,300,300,2400,5600,200,400,1700,2900
120.0,13.8,138900,1921602.0,13.79,13.78,13.77,13.76,13.75,13.73,13.72,13.71,13.7,13.69,13.8,13.81,13.82,13.83,13.84,13.89,13.91,13.92,13.94,13.95,4000,5100,2100,6300,3100,7100,15700,13000,7200,11000,5900,2400,300,300,2400,5600,200,400,1700,2900
121.0,13.79,139500,1929876.0,13.79,13.78,13.77,13.76,13.75,13.73,13.72,13.71,13.7,13.69,13.8,13.81,13.82,13.83,13.84,13.89,13.91,13.92,13.94,13.95,3400,5100,2100,6300,3100,7100,15700,13000,7200,11000,5900,2400,300,300,2400,5600,200,400,1700,2900
122.0,13.79,139800,1934013.0,13.79,13.78,13.77,13.76,13.75,13.73,13.72,13.71,13.7,13.69,13.8,13.81,13.82,13.83,13.84,13.89,13.91,13.92,13.94,13.95,4100,5100,2100,6300,3300,7100,15700,13000,7200,11000,5900,2400,300,300,2400,5600,200,400,1700,2900
123.0,13.79,141400,1956082.0,13.79,13.78,13.77,13.76,13.75,13.73,13.72,13.71,13.7,13.69,13.8,13.81,13.82,13.83,13.84,13.89,13.91,13.92,13.94,13.95,3000,5100,2100,6300,3300,7100,15700,13000,7200,11000,5400,2400,300,300,2400,5600,200,400,1700,2900
124.0,13.79,145600,2014010.0,13.78,13.77,13.76,13.75,13.73,13.72,13.71,13.7,13.69,13.68,13.79,13.8,13.81,13.82,13.83,13.84,13.89,13.91,13.92,13.94,3600,2100,3300,3300,7100,15700,13000,7200,11000,2800,300,4400,2400,300,300,2400,5600,200,400,1700
125.0,13.79,145600,2014010.0,13.78,13.77,13.76,13.75,13.73,13.72,13.71,13.7,13.69,13.68,13.79,13.8,13.81,13.82,13.83,13.84,13.89,13.91,13.92,13.94,3600,2100,3300,3300,7100,15700,13000,7200,11000,2800,300,4600,2400,300,300,2400,5600,200,400,1700
126.0,13.79,145600,2014010.0,13.78,13.77,13.76,13.75,13.73,13.72,13.71,13.7,13.69,13.68,13.79,13.8,13.81,13.82,13.83,13.84,13.89,13.91,13.92,13.94,3800,2100,3300,8300,7100,15700,13000,7200,11000,2800,300,4600,2400,300,300,2400,5600,200,400,1700
127.0,13.78,148700,2056728.0,13.78,13.77,13.76,13.75,13.73,13.72,13.71,13.7,13.69,13.68,13.79,13.8,13.81,13.82,13.83,13.84,13.89,13.9,13.91,13.92,700,2100,3300,8300,7100,15700,13000,7200,11000,2800,300,4600,2400,300,300,2400,5600,100,200,400
128.0,13.78,151400,2093971.0,13.77,13.76,13.75,13.73,13.72,13.71,13.7,13.69,13.68,13.67,13.8,13.81,13.82,13.83,13.84,13.89,13.9,13.91,13.92,13.94,2100,3300,8300,7100,15700,13000,7200,11000,2800,400,2900,2400,300,300,2400,5600,100,200,400,1700
129.0,13.77,151900,2100856.0,13.77,13.76,13.75,13.73,13.72,13.71,13.7,13.69,13.68,13.67,13.79,13.8,13.81,13.82,13.83,13.84,13.89,13.9,13.91,13.92,2100,3300,8300,7100,15700,13000,7200,11000,2800,400,1700,3400,2400,300,300,2400,5600,100,200,400
130.0,13.79,152000,2102235.0,13.78,13.77,13.76,13.75,13.73,13.72,13.71,13.7,13.69,13.68,13.79,13.8,13.81,13.82,13.83,13.84,13.89,13.9,13.91,13.92,200,2400,3300,8300,7100,15700,13000,7400,11000,2800,1900,3400,2400,300,300,2400,5600,100,200,400
131.0,13.78,152200,2104991.0,13.77,13.76,13.75,13.73,13.72,13.71,13.7,13.69,13.68,13.67,13.79,13.8,13.81,13.82,13.83,13.84,13.89,13.9,13.91,13.92,2400,3300,8300,7100,15700,13000,7400,11000,2800,400,2000,3200,2400,300,300,2400,5600,100,200,400
132.0,13.78,152200,2104991.0,13.77,13.76,13.75,13.73,13.72,13.71,13.7,13.69,13.68,13.67,13.78,13.79,13.8,13.81,13.82,13.83,13.84,13.89,13.9,13.91,2400,3300,8300,7200,15700,13000,7400,11000,2800,400,800,2000,3200,2400,300,200,2400,5600,100,200
133.0,13.78,152200,2104991.0,13.77,13.76,13.75,13.73,13.72,13.71,13.7,13.69,13.68,13.67,13.78,13.79,13.8,13.81,13.82,13.83,13.84,13.89,13.9,13.91,2400,3300,8300,7200,15700,13000,7400,11000,2800,400,800,2000,3200,2400,300,200,2400,5600,100,200
134.0,13.78,153100,2117393.0,13.78,13.77,13.76,13.75,13.73,13.72,13.71,13.7,13.69,13.68,13.79,13.8,13.81,13.82,13.83,13.84,13.89,13.9,13.91,13.92,1100,2400,3300,8300,7200,14200,13000,10000,11000,2800,2000,3200,2400,300,200,2400,5600,100,200,400
135.0,13.78,153100,2117393.0,13.78,13.77,13.76,13.75,13.73,13.72,13.71,13.7,13.69,13.68,13.79,13.8,13.81,13.82,13.83,13.84,13.89,13.9,13.91,13.92,1100,2400,3300,8300,7200,14200,13000,10000,11000,2800,2000,3200,2400,300,200,2400,5600,100,200,400
136.0,13.78,153600,2124287.0,13.78,13.77,13.76,13.75,13.73,13.72,13.71,13.7,13.69,13.68,13.79,13.8,13.81,13.82,13.83,13.84,13.89,13.9,13.91,13.92,1000,2400,3300,8300,7200,14200,13000,10000,11000,2800,1600,3200,2400,300,200,2400,5600,100,200,400
137.0,13.79,153700,2125666.0,13.78,13.77,13.76,13.75,13.74,13.73,13.72,13.71,13.7,13.69,13.79,13.8,13.81,13.82,13.83,13.84,13.89,13.9,13.91,13.92,1100,2400,3300,8300,1000,7200,14200,13000,10000,11000,1400,3200,2400,300,200,2400,5600,100,200,400
138.0,13.79,153700,2125666.0,13.78,13.77,13.76,13.75,13.74,13.73,13.72,13.71,13.7,13.69,13.79,13.8,13.81,13.82,13.83,13.84,13.89,13.9,13.91,13.92,4100,2400,3300,8300,1000,7200,14200,13000,10000,11000,1300,3200,2400,300,200,2400,5600,100,200,400
139.0,13.79,153700,2125666.0,13.78,13.77,13.76,13.75,13.74,13.73,13.72,13.71,13.7,13.69,13.79,13.8,13.81,13.82,13.83,13.84,13.89,13.9,13.91,13.92,4100,2400,3300,8300,1000,7200,14200,13000,10000,11000,1300,3200,2400,300,200,2400,5600,100,200,400
140.0,13.79,154000,2129803.0,13.78,13.77,13.76,13.75,13.74,13.73,13.72,13.71,13.7,13.69,13.79,13.8,13.81,13.82,13.83,13.84,13.89,13.9,13.91,13.92,4100,2400,3300,8500,1000,7200,14200,13000,12000,11000,1100,3200,2400,300,100,2400,5600,100,100,400
141.0,13.78,154200,2132560.0,13.78,13.77,13.76,13.75,13.74,13.73,13.72,13.71,13.7,13.69,13.79,13.8,13.81,13.82,13.83,13.84,13.89,13.9,13.91,13.92,9000,2400,3300,8500,1000,7200,14200,13000,12000,11000,1000,4200,2400,300,100,2400,5600,100,100,400
142.0,13.78,154200,2132560.0,13.78,13.77,13.76,13.75,13.74,13.73,13.72,13.71,13.7,13.69,13.79,13.8,13.81,13.82,13.83,13.84,13.89,13.9,13.91,13.92,9400,2400,3300,8500,1000,7200,14200,13000,12000,11000,900,4200,2400,300,100,2400,5600,100,100,400
143.0,13.78,154900,2142206.0,13.78,13.77,13.76,13.75,13.74,13.73,13.72,13.71,13.7,13.69,13.79,13.8,13.81,13.82,13.83,13.84,13.89,13.9,13.91,13.92,9100,2600,3300,8500,1000,7200,14200,13000,12000,11000,1000,4200,2400,300,100,2400,5600,100,100,400
144.0,13.79,155000,2143585.0,13.78,13.77,13.76,13.75,13.74,13.73,13.72,13.71,13.7,13.69,13.79,13.8,13.81,13.82,13.83,13.84,13.89,13.9,13.91,13.92,9100,2600,3300,8500,1000,7200,14200,13000,12000,11000,900,4200,2400,300,100,2400,5600,100,100,400
145.0,13.79,155000,2143585.0,13.78,13.77,13.76,13.75,13.74,13.73,13.72,13.71,13.7,13.69,13.79,13.8,13.81,13.82,13.83,13.84,13.89,13.9,13.91,13.92,9100,2700,3300,8500,1000,7200,14200,13000,12000,11000,900,4200,2400,300,100,2400,5600,100,100,400
146.0,13.78,155100,2144963.0,13.78,13.77,13.76,13.75,13.74,13.73,13.72,13.71,13.7,13.69,13.79,13.8,13.81,13.82,13.83,13.84,13.89,13.9,13.91,13.92,9600,2700,3300,8500,1000,7200,14200,13000,12000,11000,1100,4200,2400,300,100,2400,5600,100,100,400
147.0,13.79,156200,2160132.0,13.79,13.78,13.77,13.76,13.75,13.74,13.73,13.72,13.71,13.7,13.8,13.81,13.82,13.83,13.84,13.89,13.9,13.91,13.92,13.94,200,9600,3200,3300,8500,1000,7200,14200,13000,12000,4200,2400,300,100,2400,5600,100,100,400,1700
148.0,13.79,156200,2160132.0,13.79,13.78,13.77,13.76,13.75,13.74,13.73,13.72,13.71,13.7,13.8,13.81,13.82,13.83,13.84,13.89,13.9,13.91,13.92,13.94,200,9600,3200,3300,8500,1000,7200,14200,13000,12000,4200,2400,300,100,2400,5900,100,100,400,1700
149.0,13.79,156500,2164269.0,13.79,13.78,13.77,13.76,13.75,13.74,13.73,13.72,13.71,13.7,13.8,13.81,13.82,13.83,13.84,13.89,13.9,13.91,13.92,13.94,900,9600,3200,3300,8500,1000,7200,14200,13000,12000,4200,2400,300,100,2400,5900,100,100,400,1700
150.0,13.79,156500,2164269.0,13.79,13.78,13.77,13.76,13.75,13.74,13.73,13.72,13.71,13.7,13.8,13.81,13.82,13.83,13.84,13.89,13.9,13.91,13.92,13.94,900,10600,3200,3300,8500,1000,7200,14200,13000,12000,4200,2400,300,100,2400,5900,100,100,400,1700
151.0,13.8,156900,2169789.0,13.79,13.78,13.77,13.76,13.75,13.74,13.73,13.72,13.71,13.7,13.8,13.81,13.82,13.83,13.84,13.89,13.9,13.91,13.92,13.94,2600,10600,3200,3300,8500,1000,7200,14200,13000,20300,3800,2400,300,100,2400,5900,100,100,400,1700
152.0,13.8,156900,2169789.0,13.79,13.78,13.77,13.76,13.75,13.74,13.73,13.72,13.71,13.7,13.8,13.81,13.82,13.83,13.84,13.89,13.9,13.91,13.92,13.94,3600,10600,3200,3300,8500,1000,7200,14200,13000,20300,3700,2400,300,100,2400,5900,100,100,400,1700
153.0,13.8,156900,2169789.0,13.79,13.78,13.77,13.76,13.75,13.74,13.73,13.72,13.71,13.7,13.8,13.81,13.82,13.83,13.84,13.89,13.9,13.91,13.92,13.94,3600,10600,3200,3300,8800,1000,7200,14200,13000,20300,3700,2400,300,100,2400,5900,100,100,400,1700
154.0,13.79,158000,2184961.0,13.79,13.78,13.77,13.76,13.75,13.74,13.73,13.72,13.71,13.7,13.8,13.81,13.82,13.83,13.84,13.89,13.9,13.91,13.92,13.94,3300,10600,3200,3300,8800,1000,7200,14200,13000,20300,3400,2400,300,100,2400,5900,100,100,400,1700
155.0,13.79,158000,2184961.0,13.79,13.78,13.77,13.76,13.75,13.74,13.73,13.72,13.71,13.7,13.8,13.81,13.82,13.83,13.84,13.89,13.9,13.91,13.92,13.94,4000,10600,3200,3300,8800,1000,7200,14200,13000,20300,3400,2400,300,100,2400,5900,100,100,400,1700
156.0,13.8,158300,2189101.0,13.79,13.78,13.77,13.76,13.75,13.74,13.73,13.72,13.71,13.7,13.8,13.81,13.82,13.83,13.84,13.89,13.9,13.91,13.92,13.94,7000,11100,3200,3300,8800,1000,7200,14200,13000,20300,3100,2400,300,100,2400,5900,100,100,400,1700
157.0,13.8,159300,2202893.0,13.79,13.78,13.77,13.76,13.75,13.74,13.73,13.72,13.71,13.7,13.8,13.81,13.82,13.83,13.84,13.89,13.9,13.91,13.92,13.94,6200,11100,3400,3300,8800,1000,7200,14200,13100,20300,2900,2400,300,100,2400,5900,100,100,400,1700
158.0,13.8,159600,2207033.0,13.79,13.78,13.77,13.76,13.75,13.74,13.73,13.72,13.71,13.7,13.8,13.81,13.82,13.83,13.84,13.89,13.9,13.91,13.92,13.94,6200,11100,3400,3300,8800,1000,7200,14200,13100,20300,2600,2400,200,100,2400,5900,100,100,400,1700
159.0,13.8,160100,2213933.0,13.79,13.78,13.77,13.76,13.75,13.74,13.73,13.72,13.71,13.7,13.8,13.81,13.82,13.83,13.84,13.89,13.9,13.91,13.92,13.94,6200,11100,5100,3300,8800,1000,7200,14200,13100,20300,2100,2400,200,100,2400,5900,100,100,400,1700
160.0,13.79,161800,2237376.0,13.79,13.78,13.77,13.76,13.75,13.74,13.73,13.72,13.71,13.7,13.8,13.81,13.82,13.83,13.84,13.89,13.9,13.91,13.92,13.94,4700,11100,5100,3300,9100,1000,7200,14200,13100,20300,2100,2400,200,100,2400,5900,100,100,400,1700
161.0,13.8,162000,2240136.0,13.79,13.78,13.77,13.76,13.75,13.74,13.73,13.72,13.71,13.7,13.8,13.81,13.82,13.83,13.84,13.89,13.9,13.91,13.92,13.94,4800,11100,5100,3300,9100,1000,7200,14200,13100,20300,1900,2400,200,100,2400,5900,100,100,400,1700
162.0,13.79,162100,2241515.0,13.79,13.78,13.77,13.76,13.75,13.74,13.73,13.72,13.71,13.7,13.8,13.81,13.82,13.83,13.84,13.89,13.9,13.91,13.92,13.94,4700,11100,5100,3300,9100,1000,7200,14200,13100,20300,1900,2400,200,100,2400,5900,100,100,400,1700
163.0,13.8,164000,2267735.0,13.8,13.79,13.78,13.77,13.76,13.75,13.74,13.73,13.72,13.71,13.81,13.82,13.83,13.84,13.89,13.9,13.91,13.92,13.94,13.95,100,5200,11100,5100,3300,9100,1000,7700,14200,13100,2400,200,100,2400,5900,100,100,400,1700,4600
164.0,13.79,164500,2274635.0,13.79,13.78,13.77,13.76,13.75,13.74,13.73,13.72,13.71,13.7,13.81,13.82,13.83,13.84,13.89,13.9,13.91,13.92,13.94,13.95,5000,11100,5100,3300,9100,1000,7700,14200,13100,20300,2200,200,100,2400,5900,100,100,400,1700,4600
165.0,13.79,164500,2274635.0,13.79,13.78,13.77,13.76,13.75,13.74,13.73,13.72,13.71,13.7,13.81,13.82,13.83,13.84,13.89,13.9,13.91,13.92,13.94,13.95,5000,11100,5100,3300,9100,1000,7700,14200,13100,20300,2200,200,100,2400,5900,100,100,400,1700,4600
166.0,13.8,167600,2317415.0,13.8,13.79,13.78,13.77,13.76,13.75,13.74,13.73,13.72,13.71,13.81,13.82,13.83,13.84,13.89,13.9,13.91,13.92,13.94,13.95,1900,5600,11100,5100,3300,9100,1000,7700,14200,13100,2800,200,100,2400,5900,100,100,400,1700,4600
167.0,13.81,167800,2320177.0,13.8,13.79,13.78,13.77,13.76,13.75,13.74,13.73,13.72,13.71,13.81,13.82,13.83,13.84,13.89,13.9,13.91,13.92,13.94,13.95,5900,5600,11100,5100,3300,9100,1000,7700,14200,13100,2700,200,100,2400,5900,100,100,400,1700,4600
168.0,13.81,168000,2322939.0,13.8,13.79,13.78,13.77,13.76,13.75,13.74,13.73,13.72,13.71,13.81,13.82,13.83,13.84,13.89,13.9,13.91,13.92,13.94,13.95,5900,5600,11700,5100,3300,10100,1000,7700,14200,13100,2600,2200,100,2400,5900,100,100,400,1700,4600
169.0,13.81,168000,2322939.0,13.8,13.79,13.78,13.77,13.76,13.75,13.74,13.73,13.72,13.71,13.81,13.82,13.83,13.84,13.89,13.9,13.91,13.92,13.94,13.95,6500,5600,11700,5100,3300,10100,1000,7700,14200,16500,2500,2200,100,2400,5900,100,100,400,1700,4600
170.0,13.8,169200,2339499.0,13.8,13.79,13.78,13.77,13.76,13.75,13.74,13.73,13.72,13.71,13.81,13.82,13.83,13.84,13.89,13.9,13.91,13.92,13.94,13.95,5300,5600,11700,5300,3300,10100,1000,7700,14200,16500,2500,2200,100,2400,5900,100,100,400,1700,4600
171.0,13.81,169900,2349166.0,13.8,13.79,13.78,13.77,13.76,13.75,13.74,13.73,13.72,13.71,13.81,13.82,13.83,13.84,13.89,13.9,13.91,13.92,13.94,13.95,6000,5600,11700,5300,3300,10100,1000,7700,14200,16500,1800,2200,100,2400,5900,100,100,400,1700,4600
172.0,13.81,170000,2350547.0,13.8,13.79,13.78,13.77,13.76,13.75,13.74,13.73,13.72,13.71,13.81,13.82,13.83,13.84,13.89,13.9,13.91,13.92,13.94,13.95,6000,9000,11700,5300,3300,10100,1000,7700,14200,16500,1700,2200,100,2400,5900,100,100,400,1700,4600
173.0,13.8,170800,2361587.0,13.8,13.79,13.78,13.77,13.76,13.75,13.74,13.73,13.72,13.71,13.81,13.82,13.83,13.84,13.89,13.9,13.91,13.92,13.94,13.95,5400,9500,11700,5300,3300,10100,1000,7700,14200,16500,1700,2200,100,2400,5900,100,100,400,1700,4600
174.0,13.81,170900,2362968.0,13.8,13.79,13.78,13.77,13.76,13.75,13.74,13.73,13.72,13.71,13.81,13.82,13.83,13.84,13.89,13.9,13.91,13.92,13.94,13.95,5400,9500,11700,5300,3300,10100,1000,7700,14200,16500,1600,2200,100,2400,5900,100,100,400,1700,4600
175.0,13.81,170900,2362968.0,13.8,13.79,13.78,13.77,13.76,13.75,13.74,13.73,13.72,13.71,13.81,13.82,13.83,13.84,13.89,13.9,13.91,13.92,13.94,13.95,5400,9500,11700,5300,3300,10100,1000,7700,14200,16500,1600,2200,100,2400,5900,100,100,400,1700,4600
176.0,13.8,172800,2389188.0,13.8,13.79,13.78,13.77,13.76,13.75,13.74,13.73,13.72,13.71,13.81,13.82,13.83,13.84,13.89,13.9,13.91,13.92,13.94,13.95,3900,9500,11700,4800,3300,10100,1000,7700,14200,16500,1700,2200,100,2400,5900,100,100,400,1700,4600
177.0,13.81,172900,2390569.0,13.8,13.79,13.78,13.77,13.76,13.75,13.74,13.73,13.72,13.71,13.81,13.82,13.83,13.84,13.89,13.9,13.91,13.92,13.94,13.95,3900,9500,11700,4800,3300,10100,1000,7700,14200,16500,1600,2200,100,2400,5900,100,100,400,1700,4600
178.0,13.81,172900,2390569.0,13.8,13.79,13.78,13.77,13.76,13.75,13.74,13.73,13.72,13.71,13.81,13.82,13.83,13.84,13.89,13.9,13.91,13.92,13.94,13.95,7300,9500,11700,5200,3300,10100,1000,7700,14200,16500,1600,2200,100,2400,5900,100,100,400,1700,4600
179.0,13.81,173000,2391950.0,13.8,13.79,13.78,13.77,13.76,13.75,13.74,13.73,13.72,13.71,13.81,13.82,13.83,13.84,13.89,13.9,13.91,13.92,13.94,13.95,7400,9500,11700,5200,3300,10100,1000,7700,14200,16500,1600,2200,100,2400,5900,100,100,400,1700,4600
180.0,13.81,173100,2393331.0,13.8,13.79,13.78,13.77,13.76,13.75,13.74,13.73,13.72,13.71,13.81,13.82,13.83,13.84,13.89,13.9,13.91,13.92,13.94,13.95,7400,9500,12200,5200,3300,10100,1000,7700,14200,16500,1500,2200,100,2400,5900,100,100,400,1700,4600
181.0,13.81,173200,2394712.0,13.8,13.79,13.78,13.77,13.76,13.75,13.74,13.73,13.72,13.71,13.81,13.82,13.83,13.84,13.89,13.9,13.91,13.92,13.94,13.95,7400,9500,12200,5200,3300,10100,1000,7700,14200,16500,1400,2200,100,2400,5900,100,100,400,1700,4600
182.0,13.81,173400,2397474.0,13.8,13.79,13.78,13.77,13.76,13.75,13.74,13.73,13.72,13.71,13.81,13.82,13.83,13.84,13.89,13.9,13.91,13.92,13.94,13.95,7400,9500,12200,5200,3300,10100,1000,7700,14200,16500,1200,2200,100,2400,5900,100,100,400,1700,4600
183.0,13.81,173500,2398855.0,13.8,13.79,13.78,13.77,13.76,13.75,13.74,13.73,13.72,13.71,13.81,13.82,13.83,13.84,13.89,13.9,13.91,13.92,13.94,13.95,7400,9500,12200,5200,3300,10100,1000,7700,14200,16500,1100,2200,100,2400,5900,100,100,400,1700,4600
184.0,13.8,176200,2436116.0,13.8,13.79,13.78,13.77,13.76,13.75,13.74,13.73,13.72,13.71,13.81,13.82,13.83,13.84,13.89,13.9,13.91,13.92,13.94,13.95,4800,9500,12200,5200,3300,10100,1000,7700,14200,16500,1000,3200,100,2400,5900,100,100,400,1700,4600
185.0,13.8,176700,2443016.0,13.8,13.79,13.78,13.77,13.76,13.75,13.74,13.73,13.72,13.71,13.81,13.82,13.83,13.84,13.89,13.9,13.91,13.92,13.94,13.95,5300,9500,12700,5200,3300,10100,1000,7700,14200,16500,1200,3200,100,2400,5900,100,100,400,1700,4600
186.0,13.8,176700,2443016.0,13.8,13.79,13.78,13.77,13.76,13.75,13.74,13.73,13.72,13.71,13.81,13.82,13.83,13.84,13.89,13.9,13.91,13.92,13.94,13.95,5300,9500,12700,4400,3300,10100,1000,7700,14200,26500,1200,3200,100,2400,5900,100,100,400,1700,4600
187.0,13.8,176900,2445777.0,13.8,13.79,13.78,13.77,13.76,13.75,13.74,13.73,13.72,13.71,13.81,13.82,13.83,13.84,13.89,13.9,13.91,13.92,13.94,13.95,5200,9600,12700,4400,3300,10100,1000,7700,14200,26500,1100,3200,100,2400,5900,100,100,400,1700,4600
188.0,13.81,177600,2455442.0,13.8,13.79,13.78,13.77,13.76,13.75,13.74,13.73,13.72,13.71,13.81,13.82,13.83,13.84,13.89,13.9,13.91,13.92,13.94,13.95,5000,9600,12700,4400,3300,10100,1000,7700,14200,26500,600,3300,100,2400,5900,100,100,400,1700,4600
189.0,13.81,177800,2458204.0,13.8,13.79,13.78,13.77,13.76,13.75,13.74,13.73,13.72,13.71,13.81,13.82,13.83,13.84,13.89,13.9,13.91,13.92,13.94,13.95,5000,17200,12700,4400,3300,10100,1000,7700,14200,26500,400,3300,100,2400,5900,100,100,400,1700,4600
190.0,13.8,177900,2459584.0,13.8,13.79,13.78,13.77,13.76,13.75,13.74,13.73,13.72,13.71,13.81,13.82,13.83,13.84,13.89,13.9,13.91,13.92,13.94,13.95,5000,17000,12700,4000,3300,10100,1000,7700,14200,26500,800,3400,100,2400,5900,100,100,400,1700,4600
191.0,13.81,178700,2470627.0,13.8,13.79,13.78,13.77,13.76,13.75,13.74,13.73,13.72,13.71,13.81,13.82,13.83,13.84,13.89,13.9,13.91,13.92,13.94,13.95,4500,17000,12700,4500,3300,10100,1000,7700,14200,26500,500,3400,100,2400,5900,100,100,400,1700,4600
192.0,13.82,179700,2484442.0,13.8,13.79,13.78,13.77,13.76,13.75,13.74,13.73,13.72,13.71,13.81,13.82,13.83,13.84,13.89,13.9,13.91,13.92,13.94,13.95,5000,17000,12700,4500,3300,10100,1000,7700,14200,26500,100,2900,100,2400,5900,100,100,400,1700,4600
193.0,13.82,179700,2484442.0,13.8,13.79,13.78,13.77,13.76,13.75,13.74,13.73,13.72,13.71,13.81,13.82,13.83,13.84,13.89,13.9,13.91,13.92,13.94,13.95,9000,17000,12700,4500,6000,10100,1000,7700,14200,26500,100,2900,100,2400,5900,100,100,400,1700,4600
194.0,13.81,179800,2485823.0,13.81,13.8,13.79,13.78,13.77,13.76,13.75,13.74,13.73,13.72,13.82,13.83,13.84,13.89,13.9,13.91,13.92,13.94,13.95,13.97,100,9000,17000,12700,4500,6000,10100,1000,7700,14200,2900,100,2400,5900,100,100,400,1700,4600,400
195.0,13.82,180000,2488587.0,13.81,13.8,13.79,13.78,13.77,13.76,13.75,13.74,13.73,13.72,13.82,13.83,13.84,13.89,13.9,13.91,13.92,13.94,13.95,13.97,100,9000,17000,12700,4500,6000,10100,1000,7700,14200,2700,100,2400,5900,100,100,400,1700,4600,400
196.0,13.82,180000,2488587.0,13.81,13.8,13.79,13.78,13.77,13.76,13.75,13.74,13.73,13.72,13.82,13.83,13.84,13.89,13.9,13.91,13.92,13.94,13.95,13.97,100,9000,17100,12700,4500,6000,10100,1000,7700,14200,2700,100,2400,5900,100,100,400,1700,4600,400
197.0,13.81,180100,2489968.0,13.8,13.79,13.78,13.77,13.76,13.75,13.74,13.73,13.72,13.71,13.82,13.83,13.84,13.89,13.9,13.91,13.92,13.94,13.95,13.97,9000,17100,12700,4500,6000,10100,1000,7700,14200,26500,2800,100,2400,5900,100,100,400,1700,4600,400
198.0,13.82,180300,2492732.0,13.8,13.79,13.78,13.77,13.76,13.75,13.74,13.73,13.72,13.71,13.82,13.83,13.84,13.89,13.9,13.91,13.92,13.94,13.95,13.97,9200,17100,12700,4500,6000,10100,1000,7700,14200,26500,3900,100,2400,5900,100,100,400,1700,4600,400
199.0,13.82,180300,2492732.0,13.8,13.79,13.78,13.77,13.76,13.75,13.74,13.73,13.72,13.71,13.82,13.83,13.84,13.89,13.9,13.91,13.92,13.94,13.95,13.97,9500,17100,12700,4500,6000,10100,1000,7700,14200,26500,3900,100,2400,5900,100,100,400,1700,4600,400
200.0,13.82,180300,2492732.0,13.8,13.79,13.78,13.77,13.76,13.75,13.74,13.73,13.72,13.71,13.81,13.82,13.83,13.84,13.89,13.9,13.91,13.92,13.94,13.95,9900,17100,12700,4500,6000,10100,1000,7700,14200,26500,200,4300,100,2400,5900,100,100,400,1700,4600
201.0,13.82,180300,2492732.0,13.8,13.79,13.78,13.77,13.76,13.75,13.74,13.73,13.72,13.71,13.81,13.82,13.83,13.84,13.89,13.9,13.91,13.92,13.94,13.95,9900,17100,12700,4500,6000,10100,1000,7700,14200,26500,200,4300,100,2400,5900,100,100,400,1700,4600
202.0,13.81,180500,2495494.0,13.81,13.8,13.79,13.78,13.77,13.76,13.75,13.74,13.73,13.72,13.82,13.83,13.84,13.89,13.9,13.91,13.92,13.94,13.95,13.97,100,9900,17100,13200,4600,6000,10100,1000,7700,14200,4300,100,2400,5900,100,100,400,1700,4600,400
203.0,13.81,180600,2496875.0,13.8,13.79,13.78,13.77,13.76,13.75,13.74,13.73,13.72,13.71,13.82,13.83,13.84,13.89,13.9,13.91,13.92,13.94,13.95,13.97,9900,17100,13200,4600,6000,10100,1000,7700,14200,26500,4300,100,2400,5900,100,100,400,1700,4600,400
204.0,13.81,180600,2496875.0,13.8,13.79,13.78,13.77,13.76,13.75,13.74,13.73,13.72,13.71,13.82,13.83,13.84,13.89,13.9,13.91,13.92,13.94,13.95,13.97,10100,17100,13200,4600,6000,10100,1000,7700,14200,26500,4500,100,2400,5900,100,100,400,1700,4600,400
205.0,13.82,181000,2502403.0,13.8,13.79,13.78,13.77,13.76,13.75,13.74,13.73,13.72,13.71,13.82,13.83,13.84,13.89,13.9,13.91,13.92,13.94,13.95,13.97,10100,17100,13200,4600,6000,10100,1000,7700,14200,26500,4200,100,2400,5900,100,100,400,1700,4600,400
206.0,13.82,181800,2513459.0,13.8,13.79,13.78,13.77,13.76,13.75,13.74,13.73,13.72,13.71,13.81,13.82,13.83,13.84,13.89,13.9,13.91,13.92,13.94,13.95,10600,17100,13200,4600,6000,10100,1000,7700,14200,26500,100,3400,100,2400,6100,100,100,400,1700,4600
207.0,13.82,181800,2513459.0,13.8,13.79,13.78,13.77,13.76,13.75,13.74,13.73,13.72,13.71,13.81,13.82,13.83,13.84,13.89,13.9,13.91,13.92,13.94,13.95,10900,17100,13200,4600,6000,10100,1000,7700,14200,26500,100,3400,100,2400,6100,100,100,400,1700,4600
208.0,13.81,181900,2514840.0,13.81,13.8,13.79,13.78,13.77,13.76,13.75,13.74,13.73,13.72,13.82,13.83,13.84,13.89,13.9,13.91,13.92,13.94,13.95,13.97,100,12700,17100,13200,4600,6000,10100,1000,7700,14200,3400,100,2400,6100,100,100,400,1700,4600,400
209.0,13.81,182600,2524513.0,13.8,13.79,13.78,13.77,13.76,13.75,13.74,13.73,13.72,13.71,13.81,13.82,13.83,13.84,13.89,13.9,13.91,13.92,13.94,13.95,12700,17100,13200,4600,6000,15100,1000,7700,14200,26500,100,2800,100,2400,6100,100,100,400,1700,4600
210.0,13.82,182900,2528658.0,13.8,13.79,13.78,13.77,13.76,13.75,13.74,13.73,13.72,13.71,13.82,13.83,13.84,13.89,13.9,13.91,13.92,13.94,13.95,13.97,12700,17100,13200,4600,6000,15100,1000,7700,14200,26500,2600,100,1700,6100,100,100,400,1700,4600,400
211.0,13.81,184000,2543848.0,13.81,13.8,13.79,13.78,13.77,13.76,13.75,13.74,13.73,13.72,13.82,13.83,13.84,13.89,13.9,13.91,13.92,13.94,13.95,13.97,100,12800,17100,13700,4600,6000,16100,1300,7700,14200,2800,100,1700,6100,100,100,400,1700,4600,400
212.0,13.82,184200,2546612.0,13.81,13.8,13.79,13.78,13.77,13.76,13.75,13.74,13.73,13.72,13.82,13.83,13.84,13.89,13.9,13.91,13.92,13.94,13.95,13.97,1000,12900,17100,13700,4600,6000,16100,1300,7700,14200,2500,100,1700,6100,100,100,400,1700,4600,400
213.0,13.81,184300,2547993.0,13.81,13.8,13.79,13.78,13.77,13.76,13.75,13.74,13.73,13.72,13.82,13.83,13.84,13.89,13.9,13.91,13.92,13.94,13.95,13.97,900,12900,17100,13700,4600,6000,16100,1300,7700,14200,2500,100,1100,6100,100,100,400,1700,4600,400
214.0,13.81,184500,2550755.0,13.81,13.8,13.79,13.78,13.77,13.76,13.75,13.74,13.73,13.72,13.82,13.83,13.84,13.89,13.9,13.91,13.92,13.94,13.95,13.97,700,12900,17100,13700,4600,6000,16100,1300,7700,14200,2500,100,1100,6100,100,100,400,1700,4600,400
215.0,13.81,184500,2550755.0,13.81,13.8,13.79,13.78,13.77,13.76,13.75,13.74,13.73,13.72,13.82,13.83,13.84,13.89,13.9,13.91,13.92,13.94,13.95,13.97,700,12900,17100,13700,4600,6000,16100,1300,7700,14200,2500,100,1100,6100,100,100,400,1700,4600,400
216.0,13.8,186900,2583886.0,13.8,13.79,13.78,13.77,13.76,13.75,13.74,13.73,13.72,13.71,13.82,13.83,13.84,13.89,13.9,13.91,13.92,13.94,13.95,13.97,11400,17100,13700,4600,6000,16100,1300,7700,14200,27500,2300,100,1100,6100,100,100,400,1700,4600,400
217.0,13.82,187500,2592178.0,13.8,13.79,13.78,13.77,13.76,13.75,13.74,13.73,13.72,13.71,13.82,13.83,13.84,13.89,13.9,13.91,13.92,13.94,13.95,13.97,11400,17100,13700,4600,6200,16100,1300,7700,14200,27500,1700,100,1100,6100,100,100,400,1700,4600,400
218.0,13.8,188300,2603225.0,13.8,13.79,13.78,13.77,13.76,13.75,13.74,13.73,13.72,13.71,13.82,13.83,13.84,13.89,13.9,13.91,13.92,13.94,13.95,13.97,11900,17100,13700,4600,6200,16100,1300,7700,14200,27500,2300,100,1100,6100,100,100,400,1700,4600,400
219.0,13.82,188800,2610135.0,13.8,13.79,13.78,13.77,13.76,13.75,13.74,13.73,13.72,13.71,13.82,13.83,13.84,13.89,13.9,13.91,13.92,13.94,13.95,13.97,11900,17100,13700,4600,6200,16100,1300,7700,14200,27500,1800,100,1100,6100,100,100,400,1700,4600,400
220.0,13.82,188800,2610135.0,13.8,13.79,13.78,13.77,13.76,13.75,13.74,13.73,13.72,13.71,13.82,13.83,13.84,13.89,13.9,13.91,13.92,13.94,13.95,13.97,12700,17100,13700,4600,6200,16100,1300,7700,14200,27500,2400,100,1100,6100,100,100,400,1700,9800,400
221.0,13.82,188800,2610135.0,13.8,13.79,13.78,13.77,13.76,13.75,13.74,13.73,13.72,13.71,13.82,13.83,13.84,13.89,13.9,13.91,13.92,13.94,13.95,13.97,12700,17100,13700,4600,6200,16100,1300,7700,14200,27500,2400,100,1100,6100,100,100,400,1700,9800,400
222.0,13.8,190100,2628079.0,13.8,13.79,13.78,13.77,13.76,13.75,13.74,13.73,13.72,13.71,13.82,13.83,13.84,13.89,13.9,13.91,13.92,13.94,13.95,13.97,12100,17100,13700,4600,6200,16100,1300,7700,14200,27500,2700,100,1100,6100,100,100,400,1700,9800,400
223.0,13.8,190100,2628079.0,13.8,13.79,13.78,13.77,13.76,13.75,13.74,13.73,13.72,13.71,13.82,13.83,13.84,13.89,13.9,13.91,13.92,13.94,13.95,13.97,12200,17100,13900,4600,6200,16100,1300,7700,14200,27500,2800,100,1100,6100,100,100,400,1700,9800,400
224.0,13.82,190300,2630843.0,13.8,13.79,13.78,13.77,13.76,13.75,13.74,13.73,13.72,13.71,13.82,13.83,13.84,13.89,13.9,13.91,13.92,13.94,13.95,13.97,12400,17100,13900,4600,6200,16100,1300,7700,14200,27500,2800,100,1100,6100,100,100,400,1700,9800,400
225.0,13.82,190500,2633607.0,13.8,13.79,13.78,13.77,13.76,13.75,13.74,13.73,13.72,13.71,13.82,13.83,13.84,13.89,13.9,13.91,13.92,13.94,13.95,13.97,12800,17100,13900,4600,6200,16100,1300,7700,14200,27500,3000,100,1100,6100,100,100,400,1700,9800,400
226.0,13.82,196100,2711003.0,13.82,13.8,13.79,13.78,13.77,13.76,13.75,13.74,13.73,13.72,13.83,13.84,13.89,13.9,13.91,13.92,13.94,13.95,13.97,13.98,2700,12800,17100,13900,4600,6200,16400,1300,7700,14200,1400,1100,6100,100,100,400,1700,9800,400,2400
227.0,13.82,196300,2713767.0,13.82,13.8,13.79,13.78,13.77,13.76,13.75,13.74,13.73,13.72,13.83,13.84,13.89,13.9,13.91,13.92,13.94,13.95,13.97,13.98,2500,12800,17100,13900,4600,6200,16400,1300,5600,14200,1500,1100,6100,100,100,400,1700,9800,400,2400
228.0,13.82,198400,2742789.0,13.82,13.8,13.79,13.78,13.77,13.76,13.75,13.74,13.73,13.72,13.83,13.84,13.89,13.9,13.91,13.92,13.94,13.95,13.97,13.98,400,12800,17100,13900,4600,6200,16400,1300,5600,14200,4300,1100,6100,100,100,400,1700,9800,400,2400
229.0,13.83,199600,2759385.0,13.82,13.8,13.79,13.78,13.77,13.76,13.75,13.74,13.73,13.72,13.83,13.84,13.89,13.9,13.91,13.92,13.94,13.95,13.97,13.98,400,13800,17100,13900,4600,6200,16400,1300,5600,14200,3100,1100,6100,100,100,400,1700,9800,400,2400
230.0,13.82,199700,2760767.0,13.82,13.8,13.79,13.78,13.77,13.76,13.75,13.74,13.73,13.72,13.83,13.84,13.89,13.9,13.91,13.92,13.94,13.95,13.97,13.98,300,13800,17100,13900,4600,6200,16400,1300,5600,14200,3100,1100,6100,100,100,400,1700,9800,400,2400
231.0,13.83,200000,2764916.0,13.82,13.8,13.79,13.78,13.77,13.76,13.75,13.74,13.73,13.72,13.83,13.84,13.89,13.9,13.91,13.92,13.94,13.95,13.97,13.98,300,15800,17100,13900,4600,6200,16400,1300,5600,14200,2800,1100,6100,100,100,400,1700,9800,400,2400
232.0,13.83,200200,2767682.0,13.82,13.8,13.79,13.78,13.77,13.76,13.75,13.74,13.73,13.72,13.83,13.84,13.89,13.9,13.91,13.92,13.94,13.95,13.97,13.98,300,15800,17100,13900,4600,6200,16400,1300,5600,14200,2600,1100,6100,100,100,400,1700,9800,400,2400
233.0,13.83,200200,2767682.0,13.82,13.8,13.79,13.78,13.77,13.76,13.75,13.74,13.73,13.72,13.83,13.84,13.89,13.9,13.91,13.92,13.94,13.95,13.97,13.98,300,16000,17100,13900,4600,6200,16400,1300,5600,14200,2600,1100,6100,100,100,400,1700,9800,400,2400
234.0,13.83,200200,2767682.0,13.82,13.81,13.8,13.79,13.78,13.77,13.76,13.75,13.74,13.73,13.83,13.84,13.89,13.9,13.91,13.92,13.94,13.95,13.97,13.98,300,600,16200,17100,13900,4600,6200,16400,1300,5600,2600,1100,6100,100,100,400,1700,9800,400,2400
235.0,13.83,200200,2767682.0,13.82,13.81,13.8,13.79,13.78,13.77,13.76,13.75,13.74,13.73,13.83,13.84,13.89,13.9,13.91,13.92,13.94,13.95,13.97,13.98,300,600,16200,17100,13900,4600,6200,16400,1300,5600,2600,1100,6100,100,100,400,1700,9800,400,2400
236.0,13.83,200200,2767682.0,13.82,13.81,13.8,13.79,13.78,13.77,13.76,13.75,13.74,13.73,13.83,13.84,13.89,13.9,13.91,13.92,13.94,13.95,13.97,13.98,300,600,16300,17100,13900,4900,6200,16400,1300,5600,2600,1100,6100,100,100,400,1700,9800,400,2400
237.0,13.83,200200,2767682.0,13.82,13.81,13.8,13.79,13.78,13.77,13.76,13.75,13.74,13.73,13.83,13.84,13.89,13.9,13.91,13.92,13.94,13.95,13.97,13.98,300,600,17100,17000,13900,4900,6200,16400,1300,5600,2600,1100,6100,100,100,400,1700,9800,400,2400
238.0,13.8,201700,2788400.0,13.8,13.79,13.78,13.77,13.76,13.75,13.74,13.73,13.72,13.71,13.83,13.84,13.89,13.9,13.91,13.92,13.94,13.95,13.97,13.98,16700,17000,13900,4900,6200,16400,1300,5600,14200,28200,2400,1100,6100,100,100,400,1700,9800,400,2400
239.0,13.83,201900,2791166.0,13.8,13.79,13.78,13.77,13.76,13.75,13.74,13.73,13.72,13.71,13.82,13.83,13.84,13.89,13.9,13.91,13.92,13.94,13.95,13.97,17000,17000,13900,4900,6200,16400,1300,5600,14200,28200,200,2500,1100,6100,100,100,400,1700,9800,400
240.0,13.83,201900,2791166.0,13.8,13.79,13.78,13.77,13.76,13.75,13.74,13.73,13.72,13.71,13.82,13.83,13.84,13.89,13.9,13.91,13.92,13.94,13.95,13.97,17200,17000,13900,4900,6200,16400,1300,5600,14200,28200,400,2500,1100,6100,100,100,400,1700,9800,400
241.0,13.83,201900,2791166.0,13.8,13.79,13.78,13.77,13.76,13.75,13.74,13.73,13.72,13.71,13.82,13.83,13.84,13.89,13.9,13.91,13.92,13.94,13.95,13.97,17300,17000,14100,4900,6000,16400,1300,5600,14200,28200,500,2500,1100,6100,100,100,400,1700,9800,400
242.0,13.83,201900,2791166.0,13.8,13.79,13.78,13.77,13.76,13.75,13.74,13.73,13.72,13.71,13.82,13.83,13.84,13.89,13.9,13.91,13.92,13.94,13.95,13.97,17600,17000,15400,4900,6000,16400,1300,5600,14200,28200,700,2500,1100,6100,100,100,400,1700,9800,400
243.0,13.82,202900,2804986.0,13.81,13.8,13.79,13.78,13.77,13.76,13.75,13.74,13.73,13.72,13.83,13.84,13.89,13.9,13.91,13.92,13.94,13.95,13.97,13.98,100,17700,17000,15400,4900,6000,14400,1300,5600,14200,2500,1100,6100,100,100,400,1700,9800,400,2400
244.0,13.82,202900,2804986.0,13.81,13.8,13.79,13.78,13.77,13.76,13.75,13.74,13.73,13.72,13.83,13.84,13.89,13.9,13.91,13.92,13.94,13.95,13.97,13.98,100,17700,17000,15300,4900,6000,14400,1300,5600,14200,2600,1100,6100,100,100,400,1700,9800,400,2400
245.0,13.81,203300,2810510.0,13.8,13.79,13.78,13.77,13.76,13.75,13.74,13.73,13.72,13.71,13.83,13.84,13.89,13.9,13.91,13.92,13.94,13.95,13.97,13.98,17700,17000,15300,4900,6000,14400,1300,5600,14200,28200,3000,1100,6100,100,100,400,1700,9800,400,2400
246.0,13.83,203600,2814659.0,13.8,13.79,13.78,13.77,13.76,13.75,13.74,13.73,13.72,13.71,13.83,13.84,13.89,13.9,13.91,13.92,13.94,13.95,13.97,13.98,17700,17000,15200,4900,6000,14400,1300,5600,14200,28200,2700,1100,6100,100,100,400,1700,9800,400,2400
247.0,13.83,203700,2816042.0,13.8,13.79,13.78,13.77,13.76,13.75,13.74,13.73,13.72,13.71,13.83,13.84,13.89,13.9,13.91,13.92,13.94,13.95,13.97,13.98,18200,17000,15200,4900,6000,14400,1300,5600,14200,28200,3100,1100,6100,100,100,400,1700,9800,400,2400
248.0,13.83,203700,2816042.0,13.8,13.79,13.78,13.77,13.76,13.75,13.74,13.73,13.72,13.71,13.83,13.84,13.89,13.9,13.91,13.92,13.94,13.95,13.97,13.98,18300,17000,15200,4900,6000,14400,1300,5600,14200,28200,3200,1100,6100,100,100,400,1700,9800,400,2400
249.0,13.83,204700,2829851.0,13.81,13.8,13.79,13.78,13.77,13.76,13.75,13.74,13.73,13.72,13.82,13.83,13.84,13.89,13.9,13.91,13.92,13.94,13.95,13.97,5000,18100,17000,15200,4900,6000,14400,1300,5600,14200,100,3400,1100,6100,100,100,400,1700,9800,400
250.0,13.82,204800,2831233.0,13.81,13.8,13.79,13.78,13.77,13.76,13.75,13.74,13.73,13.72,13.83,13.84,13.89,13.9,13.91,13.92,13.94,13.95,13.97,13.98,5000,20900,17000,15200,4900,6000,14400,1300,5600,14200,3400,1100,6100,100,100,400,1700,9800,400,2400
251.0,13.82,204800,2831233.0,13.81,13.8,13.79,13.78,13.77,13.76,13.75,13.74,13.73,13.72,13.83,13.84,13.89,13.9,13.91,13.92,13.94,13.95,13.97,13.98,5000,20900,17000,15200,4900,6000,14400,1300,5600,14200,3400,1100,6100,100,100,400,1700,4600,400,2400
252.0,13.83,205400,2839531.0,13.82,13.81,13.8,13.79,13.78,13.77,13.76,13.75,13.74,13.73,13.83,13.84,13.89,13.9,13.91,13.92,13.94,13.95,13.97,13.98,400,6100,20900,17000,15200,4900,6000,14400,1300,5600,2900,1100,6100,100,100,400,1700,4600,400,2400
253.0,13.83,206200,2850591.0,13.81,13.8,13.79,13.78,13.77,13.76,13.75,13.74,13.73,13.72,13.83,13.84,13.89,13.9,13.91,13.92,13.94,13.95,13.97,13.98,6100,20900,19000,15200,4900,6000,14400,1300,5600,14200,2500,1100,6100,100,100,400,1700,4600,400,2400
254.0,13.83,206200,2850591.0,13.81,13.8,13.79,13.78,13.77,13.76,13.75,13.74,13.73,13.72,13.82,13.83,13.84,13.89,13.9,13.91,13.92,13.94,13.95,13.97,6100,20900,19000,15200,4900,6000,14400,1300,5600,14200,100,2500,1100,6100,100,100,400,1700,4600,400
255.0,13.83,206200,2850591.0,13.81,13.8,13.79,13.78,13.77,13.76,13.75,13.74,13.73,13.72,13.82,13.83,13.84,13.89,13.9,13.91,13.92,13.94,13.95,13.97,6100,21100,19000,15200,4900,6000,14400,1300,5600,14200,100,2500,1100,6100,100,100,400,1700,4600,400
256.0,13.83,206200,2850591.0,13.81,13.8,13.79,13.78,13.77,13.76,13.75,13.74,13.73,13.72,13.82,13.83,13.84,13.89,13.9,13.91,13.92,13.94,13.95,13.97,6100,21100,19000,15200,4900,6000,14400,1300,5600,14200,100,2500,1100,6100,100,100,400,1700,4600,400
257.0,13.83,208600,2883782.0,13.81,13.8,13.79,13.78,13.77,13.76,13.75,13.74,13.73,13.72,13.83,13.84,13.89,13.9,13.91,13.92,13.94,13.95,13.97,13.98,6100,24600,19000,15200,4900,6000,14400,1300,5600,14200,200,1100,6100,100,100,400,1700,4600,400,2400
258.0,13.83,208600,2883782.0,13.81,13.8,13.79,13.78,13.77,13.76,13.75,13.74,13.73,13.72,13.83,13.84,13.89,13.9,13.91,13.92,13.94,13.95,13.97,13.98,6100,24600,19000,15200,5100,6000,14400,1300,5600,14200,200,1100,6100,100,100,400,1700,4600,400,2400
259.0,13.83,208900,2887931.0,13.83,13.82,13.81,13.8,13.79,13.78,13.77,13.76,13.75,13.74,13.84,13.89,13.9,13.91,13.92,13.94,13.95,13.97,13.98,13.99,1200,4200,6200,24600,19000,15200,5100,6000,14400,1300,1100,6100,100,100,400,1700,4600,400,2400,3500
260.0,13.83,208900,2887931.0,13.83,13.82,13.81,13.8,13.79,13.78,13.77,13.76,13.75,13.74,13.84,13.89,13.9,13.91,13.92,13.94,13.95,13.97,13.98,13.99,1200,4200,6200,24600,19000,15200,5100,6000,14400,1300,1100,6100,100,100,400,1700,4600,400,2400,3500
261.0,13.83,209100,2890698.0,13.83,13.82,13.81,13.8,13.79,13.78,13.77,13.76,13.75,13.74,13.84,13.89,13.9,13.91,13.92,13.94,13.95,13.97,13.98,13.99,1100,4200,6200,24600,19000,15200,5100,6000,14400,1300,1000,6100,100,100,400,1700,4600,400,2400,3500
262.0,13.83,209100,2890698.0,13.83,13.82,13.81,13.8,13.79,13.78,13.77,13.76,13.75,13.74,13.84,13.89,13.9,13.91,13.92,13.94,13.95,13.97,13.98,13.99,1100,4200,6200,24600,19000,15200,5100,6000,14400,1300,1000,6100,100,100,400,1700,4600,400,2400,3500
263.0,13.83,209100,2890698.0,13.83,13.82,13.81,13.8,13.79,13.78,13.77,13.76,13.75,13.74,13.84,13.89,13.9,13.91,13.92,13.94,13.95,13.97,13.98,13.99,1100,4200,6200,24600,19000,15200,5100,6000,14400,1300,1000,6100,100,100,400,1700,4600,400,2400,3500
264.0,13.83,210400,2908679.0,13.82,13.81,13.8,13.79,13.78,13.77,13.76,13.75,13.74,13.73,13.84,13.89,13.9,13.91,13.92,13.94,13.95,13.97,13.98,13.99,4200,7200,24600,19000,15200,5100,6000,14400,1300,5600,800,6100,100,100,400,1700,4600,400,2400,3500
265.0,13.83,210400,2908679.0,13.82,13.81,13.8,13.79,13.78,13.77,13.76,13.75,13.74,13.73,13.84,13.89,13.9,13.91,13.92,13.94,13.95,13.97,13.98,13.99,4200,7200,24600,19000,15200,5100,6000,14400,1300,5600,800,6100,100,100,400,1700,4600,400,2400,3500
266.0,13.84,210700,2912831.0,13.82,13.81,13.8,13.79,13.78,13.77,13.76,13.75,13.74,13.73,13.84,13.89,13.9,13.91,13.92,13.94,13.95,13.97,13.98,13.99,4300,7200,24600,19000,15200,5100,6000,14900,1300,5600,600,6100,100,100,400,1700,4600,400,2400,3500
267.0,13.84,210700,2912831.0,13.83,13.82,13.81,13.8,13.79,13.78,13.77,13.76,13.75,13.74,13.84,13.89,13.9,13.91,13.92,13.94,13.95,13.97,13.98,13.99,100,4300,7300,24600,19000,15200,5100,6000,14900,1300,600,6100,100,100,400,1700,4600,400,2400,3500
268.0,13.84,210700,2912831.0,13.83,13.82,13.81,13.8,13.79,13.78,13.77,13.76,13.75,13.74,13.84,13.89,13.9,13.91,13.92,13.94,13.95,13.97,13.98,13.99,100,4600,7300,24600,19000,15200,5100,6000,14900,1300,700,6100,100,100,400,1700,4600,400,2400,3500
269.0,13.84,210700,2912831.0,13.83,13.82,13.81,13.8,13.79,13.78,13.77,13.76,13.75,13.74,13.84,13.89,13.9,13.91,13.92,13.94,13.95,13.97,13.98,13.99,100,4600,7300,24600,19000,15200,5100,6000,14900,1300,700,6100,100,100,400,1700,4600,400,2400,3500
270.0,13.84,210700,2912831.0,13.83,13.82,13.81,13.8,13.79,13.78,13.77,13.76,13.75,13.74,13.84,13.89,13.9,13.91,13.92,13.94,13.95,13.97,13.98,13.99,100,4600,7300,24600,19000,15200,5100,6000,14900,1300,700,6100,100,100,400,1700,4600,400,2400,3500
271.0,13.84,210700,2912831.0,13.83,13.82,13.81,13.8,13.79,13.78,13.77,13.76,13.75,13.74,13.84,13.89,13.9,13.91,13.92,13.94,13.95,13.97,13.98,13.99,100,5200,7300,24600,19000,15200,5100,6000,14900,1300,700,6100,100,100,400,1700,4600,400,2400,3500
272.0,13.84,210700,2912831.0,13.83,13.82,13.81,13.8,13.79,13.78,13.77,13.76,13.75,13.74,13.84,13.89,13.9,13.91,13.92,13.94,13.95,13.97,13.98,13.99,100,5200,7300,24600,19000,15200,5100,6000,14900,1300,700,6100,100,100,400,1700,4600,400,2400,3500
273.0,13.84,210700,2912831.0,13.83,13.82,13.81,13.8,13.79,13.78,13.77,13.76,13.75,13.74,13.84,13.89,13.9,13.91,13.92,13.94,13.95,13.97,13.98,13.99,100,5200,7300,24600,19000,15200,5100,6000,14900,1300,700,6100,100,100,400,1700,4600,400,2400,3500
274.0,13.84,211600,2925287.0,13.84,13.83,13.82,13.81,13.8,13.79,13.78,13.77,13.76,13.75,13.88,13.89,13.9,13.91,13.92,13.94,13.95,13.97,13.98,13.99,500,100,5200,7300,24600,19000,15200,5100,6000,14900,3100,6500,100,100,400,1700,4600,400,2400,3500
275.0,13.83,214200,2961253.0,13.82,13.81,13.8,13.79,13.78,13.77,13.76,13.75,13.74,13.73,13.83,13.85,13.86,13.87,13.88,13.89,13.9,13.91,13.92,13.94,1000,7300,24700,19000,15200,5100,6000,14900,1300,5600,1500,500,400,3700,3300,6100,100,100,400,1700
276.0,13.83,215700,2981998.0,13.83,13.82,13.81,13.8,13.79,13.78,13.77,13.76,13.75,13.74,13.87,13.88,13.89,13.9,13.91,13.92,13.94,13.95,13.97,13.98,100,1000,7300,24700,19000,15200,5100,6000,14900,1300,3700,3300,6100,100,100,400,1700,4600,400,2400
277.0,13.82,217400,3005496.0,13.82,13.81,13.8,13.79,13.78,13.77,13.76,13.75,13.74,13.73,13.87,13.88,13.89,13.9,13.91,13.92,13.94,13.95,13.97,13.98,500,7200,24700,19000,15200,5100,6000,14900,1300,5600,4100,3300,6100,100,100,400,1700,4600,400,2400
278.0,13.82,217400,3005496.0,13.82,13.81,13.8,13.79,13.78,13.77,13.76,13.75,13.74,13.73,13.87,13.88,13.89,13.9,13.91,13.92,13.94,13.95,13.97,13.98,500,7200,24700,19000,15200,5100,6000,14600,1300,5600,4100,3300,6100,100,100,400,1700,4600,400,2400
279.0,13.82,217400,3005496.0,13.84,13.82,13.81,13.8,13.79,13.78,13.77,13.76,13.75,13.74,13.87,13.88,13.89,13.9,13.91,13.92,13.94,13.95,13.97,13.98,500,600,7200,24700,19000,15200,5100,6000,14600,1300,4200,3300,6100,100,100,400,1700,4600,400,2400
280.0,13.84,217900,3012416.0,13.82,13.81,13.8,13.79,13.78,13.77,13.76,13.75,13.74,13.73,13.83,13.87,13.88,13.89,13.9,13.91,13.92,13.94,13.95,13.97,800,7200,24700,19000,15200,5100,6000,14600,1300,5600,500,4200,3300,6100,100,100,400,1700,4600,400
281.0,13.83,218100,3015182.0,13.82,13.81,13.8,13.79,13.78,13.77,13.76,13.75,13.74,13.73,13.83,13.87,13.88,13.89,13.9,13.91,13.92,13.94,13.95,13.97,800,7300,25700,19000,15200,5100,6000,14600,1300,5600,1100,4200,3300,6100,100,100,400,1700,4600,400
282.0,13.83,218100,3015182.0,13.82,13.81,13.8,13.79,13.78,13.77,13.76,13.75,13.74,13.73,13.83,13.87,13.88,13.89,13.9,13.91,13.92,13.94,13.95,13.97,2300,7300,25700,19000,15200,5100,6000,14600,1300,5600,1100,4200,3300,6100,100,100,400,1700,4600,400
283.0,13.83,218900,3026246.0,13.82,13.81,13.8,13.79,13.78,13.77,13.76,13.75,13.74,13.73,13.83,13.87,13.88,13.89,13.9,13.91,13.92,13.94,13.95,13.97,4300,7300,33700,19000,15200,5100,6000,14600,1300,5600,300,4200,3300,6100,100,100,400,1700,4600,400
284.0,13.82,219300,3031774.0,13.82,13.81,13.8,13.79,13.78,13.77,13.76,13.75,13.74,13.73,13.83,13.87,13.88,13.89,13.9,13.91,13.92,13.94,13.95,13.97,3900,7300,34200,19000,15200,5100,6000,14600,1300,5600,300,4200,3300,6100,100,100,400,1700,4600,400
285.0,13.83,219800,3038689.0,13.83,13.82,13.81,13.8,13.79,13.78,13.77,13.76,13.75,13.74,13.87,13.88,13.89,13.9,13.91,13.92,13.94,13.95,13.97,13.98,800,3900,9000,34200,19000,15200,5100,6000,14600,1300,4200,3300,6100,100,100,400,1700,4600,400,2400
286.0,13.83,219800,3038689.0,13.83,13.82,13.81,13.8,13.79,13.78,13.77,13.76,13.75,13.74,13.87,13.88,13.89,13.9,13.91,13.92,13.94,13.95,13.97,13.98,900,3900,9000,34200,19000,15200,5100,6000,14600,1300,4300,3300,6100,100,100,400,1700,4600,400,2400
287.0,13.83,220500,3048370.0,13.83,13.82,13.81,13.8,13.79,13.78,13.77,13.76,13.75,13.74,13.85,13.86,13.87,13.88,13.89,13.9,13.91,13.92,13.94,13.95,600,3900,9000,34200,19000,15200,5100,6000,14600,1300,1600,1900,4700,3300,6100,100,100,400,1700,4600
288.0,13.85,220800,3052525.0,13.83,13.82,13.81,13.8,13.79,13.78,13.77,13.76,13.75,13.74,13.85,13.86,13.87,13.88,13.89,13.9,13.91,13.92,13.94,13.95,600,3900,9000,34200,19000,15200,5100,6000,14600,1300,1300,1900,4700,3300,6100,100,100,400,1700,4600
289.0,13.85,220800,3052525.0,13.83,13.82,13.81,13.8,13.79,13.78,13.77,13.76,13.75,13.74,13.85,13.86,13.87,13.88,13.89,13.9,13.91,13.92,13.94,13.95,600,3900,9000,34200,19000,15200,5100,6000,14600,1300,1300,1900,4700,3300,6100,100,100,400,1700,4600
290.0,13.83,221400,3060827.0,13.83,13.82,13.81,13.8,13.79,13.78,13.77,13.76,13.75,13.74,13.84,13.85,13.86,13.87,13.88,13.89,13.9,13.91,13.92,13.94,200,3900,9000,34200,19000,15200,5100,6000,14600,1300,1300,1100,1900,4700,3300,6100,100,100,400,1700
291.0,13.83,221400,3060827.0,13.83,13.82,13.81,13.8,13.79,13.78,13.77,13.76,13.75,13.74,13.84,13.85,13.86,13.87,13.88,13.89,13.9,13.91,13.92,13.94,200,3900,9000,34200,19000,15200,7100,6000,14600,1300,1300,1100,1900,4700,3300,6100,100,100,400,1700
292.0,13.83,221400,3060827.0,13.83,13.82,13.81,13.8,13.79,13.78,13.77,13.76,13.75,13.74,13.84,13.85,13.86,13.87,13.88,13.89,13.9,13.91,13.92,13.94,200,3900,9000,34200,19000,15200,7100,6000,14600,1300,1300,1100,1900,4700,3300,6100,100,100,400,1700
293.0,13.83,221400,3060827.0,13.83,13.82,13.81,13.8,13.79,13.78,13.77,13.76,13.75,13.74,13.84,13.85,13.86,13.87,13.88,13.89,13.9,13.91,13.92,13.94,200,3900,9000,34100,19000,15200,7100,6000,14600,1300,1300,1100,1900,4700,3300,6100,100,100,400,1700
294.0,13.83,221400,3060827.0,13.83,13.82,13.81,13.8,13.79,13.78,13.77,13.76,13.75,13.74,13.84,13.85,13.86,13.87,13.88,13.89,13.9,13.91,13.92,13.94,200,3900,9000,34100,19000,14700,7100,6000,14600,1300,1300,1100,1900,4700,3300,6100,100,100,400,1700
295.0,13.84,222200,3071899.0,13.83,13.82,13.81,13.8,13.79,13.78,13.77,13.76,13.75,13.74,13.84,13.85,13.86,13.87,13.88,13.89,13.9,13.91,13.92,13.94,200,3900,9000,34100,19000,13400,7100,6000,14600,1300,500,1100,1900,4700,3300,6100,100,100,400,1700
296.0,13.84,222200,3071899.0,13.83,13.82,13.81,13.8,13.79,13.78,13.77,13.76,13.75,13.74,13.84,13.85,13.86,13.87,13.88,13.89,13.9,13.91,13.92,13.94,200,3900,9000,34100,19000,13400,6800,6000,14600,1300,500,1100,1900,4700,3300,6100,100,100,400,1700
297.0,13.84,222200,3071899.0,13.83,13.82,13.81,13.8,13.79,13.78,13.77,13.76,13.75,13.74,13.84,13.85,13.86,13.87,13.88,13.89,13.9,13.91,13.92,13.94,200,3900,9000,35500,19000,13400,6800,6000,14600,1300,500,1100,1900,4700,3300,6100,100,100,400,1700
298.0,13.84,222200,3071899.0,13.83,13.82,13.81,13.8,13.79,13.78,13.77,13.76,13.75,13.74,13.84,13.85,13.86,13.87,13.88,13.89,13.9,13.91,13.92,13.94,200,3900,9000,35500,19000,13400,6800,6000,14600,1300,500,1100,1900,4700,3300,6100,100,100,400,1700
299.0,13.84,222200,3071899.0,13.83,13.82,13.81,13.8,13.79,13.78,13.77,13.76,13.75,13.74,13.85,13.86,13.87,13.88,13.89,13.9,13.91,13.92,13.94,13.95,200,3900,9000,35500,19000,13400,6800,6000,14600,1300,1100,1900,4700,3300,6100,100,100,400,1700,4600
300.0,13.85,222400,3074669.0,13.83,13.82,13.81,13.8,13.79,13.78,13.77,13.76,13.75,13.74,13.85,13.86,13.87,13.88,13.89,13.9,13.91,13.92,13.94,13.95,200,3900,9000,35500,19000,14400,6800,6000,14600,1300,900,1900,4700,3300,6100,100,100,400,1700,4600
301.0,13.85,222400,3074669.0,13.84,13.83,13.82,13.81,13.8,13.79,13.78,13.77,13.76,13.75,13.85,13.86,13.87,13.88,13.89,13.9,13.91,13.92,13.94,13.95,100,300,3900,9000,35500,19000,14400,6400,6000,14600,900,1900,4700,3300,6100,100,100,400,1700,4600
302.0,13.82,224800,3107842.0,13.82,13.81,13.8,13.79,13.78,13.77,13.76,13.75,13.74,13.73,13.84,13.85,13.86,13.87,13.88,13.89,13.9,13.91,13.92,13.94,1900,9000,34500,19000,14400,6400,6000,14600,1300,5600,100,900,1900,4700,3300,6100,100,100,400,1700
303.0,13.82,224800,3107842.0,13.82,13.81,13.8,13.79,13.78,13.77,13.76,13.75,13.74,13.73,13.84,13.85,13.86,13.87,13.88,13.89,13.9,13.91,13.92,13.94,1900,9000,34500,19000,14400,6400,6000,14600,1300,5600,100,900,1900,4700,3300,6100,100,100,400,1700
304.0,13.82,224900,3109224.0,13.82,13.81,13.8,13.79,13.78,13.77,13.76,13.75,13.74,13.73,13.83,13.85,13.86,13.87,13.88,13.89,13.9,13.91,13.92,13.94,1800,9000,31500,19000,14400,6400,6000,14600,1300,5600,100,900,1900,4700,3200,6100,100,100,400,1700
305.0,13.82,224900,3109224.0,13.82,13.81,13.8,13.79,13.78,13.77,13.76,13.75,13.74,13.73,13.83,13.85,13.86,13.87,13.88,13.89,13.9,13.91,13.92,13.94,1800,9000,31500,19000,14400,6400,6000,14600,1300,5600,100,900,1900,4700,3200,6100,100,100,400,1700
306.0,13.82,226500,3131336.0,13.82,13.81,13.8,13.79,13.78,13.77,13.76,13.75,13.74,13.73,13.83,13.85,13.86,13.87,13.88,13.89,13.9,13.91,13.92,13.94,1200,9000,31500,19000,14400,6400,6000,14600,1300,5600,100,900,1900,4700,3200,6100,100,100,400,1700
307.0,13.82,226600,3132718.0,13.82,13.81,13.8,13.79,13.78,13.77,13.76,13.75,13.74,13.73,13.83,13.85,13.86,13.87,13.88,13.89,13.9,13.91,13.92,13.94,1300,9000,31500,19000,14400,6400,6000,14600,1300,5600,100,900,1900,4700,3200,6100,100,100,400,1700
308.0,13.82,226900,3136864.0,13.82,13.81,13.8,13.79,13.78,13.77,13.76,13.75,13.74,13.73,13.83,13.85,13.87,13.88,13.89,13.9,13.91,13.92,13.94,13.95,900,9700,31500,19000,14400,6400,6000,14600,1300,5600,100,900,4700,3200,6100,100,100,400,1700,4600
309.0,13.82,226900,3136864.0,13.82,13.81,13.8,13.79,13.78,13.77,13.76,13.75,13.74,13.73,13.83,13.87,13.88,13.89,13.9,13.91,13.92,13.94,13.95,13.97,1000,9700,31500,19000,14400,6400,6000,14600,1300,5600,100,4700,3200,6100,100,100,400,1700,4600,400
310.0,13.82,227400,3143774.0,13.82,13.81,13.8,13.79,13.78,13.77,13.76,13.75,13.74,13.73,13.83,13.85,13.87,13.88,13.89,13.9,13.91,13.92,13.94,13.95,700,9700,31500,19000,14400,6400,6000,14600,1300,5600,100,900,4700,2300,6100,100,100,400,1700,4600
311.0,13.82,227400,3143774.0,13.82,13.81,13.8,13.79,13.78,13.77,13.76,13.75,13.74,13.73,13.83,13.85,13.87,13.88,13.89,13.9,13.91,13.92,13.94,13.95,800,9700,31500,19000,14400,6400,6000,14600,1300,5600,100,900,4700,2300,6100,100,100,400,1700,4600
312.0,13.82,227400,3143774.0,13.82,13.81,13.8,13.79,13.78,13.77,13.76,13.75,13.74,13.73,13.83,13.85,13.87,13.88,13.89,13.9,13.91,13.92,13.94,13.95,800,9700,31500,19000,14400,6400,6000,14600,1300,5600,100,900,4700,2300,6100,100,100,400,1700,4600
313.0,13.82,227400,3143774.0,13.82,13.81,13.8,13.79,13.78,13.77,13.76,13.75,13.74,13.73,13.83,13.85,13.87,13.88,13.89,13.9,13.91,13.92,13.94,13.95,800,9700,31500,19000,14400,6400,6000,14600,1300,5600,100,900,4700,2300,6100,100,100,400,1700,4600
314.0,13.83,229600,3174200.0,13.82,13.81,13.8,13.79,13.78,13.77,13.76,13.75,13.74,13.73,13.83,13.85,13.87,13.88,13.89,13.9,13.91,13.92,13.94,13.95,900,9700,31500,19000,14400,6400,6000,14600,1300,5600,3400,900,4700,2300,6100,100,100,100,1700,4600
315.0,13.83,229600,3174200.0,13.82,13.81,13.8,13.79,13.78,13.77,13.76,13.75,13.74,13.73,13.83,13.85,13.87,13.88,13.89,13.9,13.91,13.92,13.94,13.95,900,9700,31500,19000,14400,7300,6000,14600,1300,5600,3400,900,4700,2300,6100,100,100,100,1700,4600
316.0,13.83,229600,3174200.0,13.82,13.81,13.8,13.79,13.78,13.77,13.76,13.75,13.74,13.73,13.83,13.85,13.87,13.88,13.89,13.9,13.91,13.92,13.94,13.95,900,9700,31500,19000,14400,7300,6000,14600,1300,5600,3400,900,4700,2300,6100,100,100,100,1700,4600
317.0,13.82,229800,3176964.0,13.82,13.81,13.8,13.79,13.78,13.77,13.76,13.75,13.74,13.73,13.83,13.85,13.87,13.88,13.89,13.9,13.91,13.92,13.94,13.95,2100,9700,31500,19000,14400,7300,6000,14600,1300,5600,3500,900,4700,2300,6100,100,100,100,1700,4600
318.0,13.82,230000,3179728.0,13.82,13.81,13.8,13.79,13.78,13.77,13.76,13.75,13.74,13.73,13.83,13.85,13.87,13.88,13.89,13.9,13.91,13.92,13.94,13.95,1900,9700,31500,19000,14400,7300,6000,14600,1300,5600,3500,900,4700,2300,6100,100,100,100,1700,4600
319.0,13.82,233400,3226731.0,13.81,13.8,13.79,13.78,13.77,13.76,13.75,13.74,13.73,13.72,13.82,13.83,13.85,13.87,13.88,13.89,13.9,13.91,13.92,13.94,9700,31500,19000,14400,10300,6000,14600,1300,5600,14400,2400,100,900,4700,2300,6100,100,100,100,1700
320.0,13.83,236000,3262665.0,13.83,13.81,13.8,13.79,13.78,13.77,13.76,13.75,13.74,13.73,13.85,13.87,13.88,13.89,13.9,13.91,13.92,13.94,13.95,13.97,200,9700,32500,19000,14200,10300,6000,14300,1300,5600,900,4700,2300,6100,100,100,100,1700,4600,400
321.0,13.83,236000,3262665.0,13.83,13.81,13.8,13.79,13.78,13.77,13.76,13.75,13.74,13.73,13.85,13.87,13.88,13.89,13.9,13.91,13.92,13.94,13.95,13.97,200,9000,32500,19000,14200,10300,6000,14300,1300,5600,900,4700,2300,6100,100,100,100,1700,4600,400
322.0,13.81,238900,3302718.0,13.81,13.8,13.79,13.78,13.77,13.76,13.75,13.74,13.73,13.72,13.84,13.85,13.87,13.88,13.89,13.9,13.91,13.92,13.94,13.95,6300,32500,19000,14200,10300,6000,14300,1300,5600,14400,3600,900,4700,2300,6100,100,100,100,1700,4600
323.0,13.81,240100,3319290.0,13.81,13.8,13.79,13.78,13.77,13.76,13.75,13.74,13.73,13.72,13.84,13.85,13.87,13.88,13.89,13.9,13.91,13.92,13.94,13.95,5100,32500,19000,14200,10300,6000,14300,1300,5600,14400,3600,900,4700,2300,6100,100,100,100,1700,4600
324.0,13.81,240600,3326195.0,13.81,13.8,13.79,13.78,13.77,13.76,13.75,13.74,13.73,13.72,13.84,13.85,13.87,13.88,13.89,13.9,13.91,13.92,13.94,13.95,4700,32500,19000,14200,10300,6000,14300,1300,5600,14400,3700,900,4700,2300,6100,100,100,100,1700,4600
325.0,13.81,240600,3326195.0,13.81,13.8,13.79,13.78,13.77,13.76,13.75,13.74,13.73,13.72,13.84,13.85,13.87,13.88,13.89,13.9,13.91,13.92,13.94,13.95,4900,32500,19000,14200,10300,6000,14300,1300,5600,14400,3900,900,4700,2300,6100,100,100,100,1700,4600
326.0,13.8,245700,3396624.0,13.8,13.79,13.78,13.77,13.76,13.75,13.74,13.73,13.72,13.71,13.81,13.82,13.84,13.85,13.87,13.88,13.89,13.9,13.91,13.92,32300,19000,14200,10300,6000,14300,1300,5600,14400,28200,300,300,3900,900,4700,2300,6100,100,100,100
327.0,13.81,246600,3409046.0,13.8,13.79,13.78,13.77,13.76,13.75,13.74,13.73,13.72,13.71,13.81,13.82,13.84,13.85,13.87,13.88,13.89,13.9,13.91,13.92,31600,19000,14200,10300,6000,14300,1300,5600,14400,28200,100,300,3900,900,4700,2300,6100,100,100,100
328.0,13.81,246700,3410427.0,13.8,13.79,13.78,13.77,13.76,13.75,13.74,13.73,13.72,13.71,13.82,13.84,13.85,13.87,13.88,13.89,13.9,13.91,13.92,13.94,31600,19000,14200,10300,6000,14300,1300,5600,14400,28200,300,3900,900,4700,2300,6100,100,100,100,1700
329.0,13.81,246700,3410427.0,13.8,13.79,13.78,13.77,13.76,13.75,13.74,13.73,13.72,13.71,13.82,13.84,13.85,13.87,13.88,13.89,13.9,13.91,13.92,13.94,31600,19000,14200,10300,6000,14300,1300,5600,14400,28200,300,3900,900,4700,2300,6100,100,100,100,1700
330.0,13.8,247400,3420087.0,13.8,13.79,13.78,13.77,13.76,13.75,13.74,13.73,13.72,13.71,13.82,13.84,13.85,13.87,13.88,13.89,13.9,13.91,13.92,13.94,30900,19000,11200,10300,6000,14300,1300,5600,14400,28200,300,3900,900,4700,2300,6100,100,100,100,1700
331.0,13.8,247500,3421467.0,13.8,13.79,13.78,13.77,13.76,13.75,13.74,13.73,13.72,13.71,13.82,13.84,13.85,13.87,13.88,13.89,13.9,13.91,13.92,13.94,30800,19000,11200,10300,6000,14300,1300,5600,14400,28200,300,3900,900,4700,2300,6100,100,100,100,1700
332.0,13.8,247500,3421467.0,13.8,13.79,13.78,13.77,13.76,13.75,13.74,13.73,13.72,13.71,13.81,13.82,13.84,13.85,13.87,13.88,13.89,13.9,13.91,13.92,30800,19000,11200,10300,6000,14300,1300,5600,14400,28200,100,300,3900,900,4700,2300,6100,100,100,100
333.0,13.81,248300,3432508.0,13.81,13.8,13.79,13.78,13.77,13.76,13.75,13.74,13.73,13.72,13.82,13.84,13.85,13.87,13.88,13.89,13.9,13.91,13.92,13.94,9900,30100,19000,11200,10300,6000,14300,1300,5600,14400,300,3900,900,4700,2300,6100,100,100,100,1700
334.0,13.81,249700,3451842.0,13.81,13.8,13.79,13.78,13.77,13.76,13.75,13.74,13.73,13.72,13.82,13.84,13.85,13.87,13.88,13.89,13.9,13.91,13.92,13.94,8500,30100,19000,11200,10300,6000,14300,1300,5600,14400,300,3900,900,4700,2300,6100,100,100,100,1700
335.0,13.81,249700,3451842.0,13.81,13.8,13.79,13.78,13.77,13.76,13.75,13.74,13.73,13.72,13.82,13.84,13.85,13.87,13.88,13.89,13.9,13.91,13.92,13.94,8500,30100,19000,11200,10300,6000,14300,1000,5600,14400,1300,3900,900,4700,2300,6100,100,100,100,1700
336.0,13.82,249800,3453224.0,13.81,13.8,13.79,13.78,13.77,13.76,13.75,13.74,13.73,13.72,13.82,13.84,13.85,13.87,13.88,13.89,13.9,13.91,13.92,13.94,8500,30100,19000,11200,10300,6000,14300,1000,5600,14400,1200,3900,900,4700,2300,6100,100,100,100,1700
337.0,13.81,250500,3462891.0,13.81,13.8,13.79,13.78,13.77,13.76,13.75,13.74,13.73,13.72,13.82,13.84,13.85,13.87,13.88,13.89,13.9,13.91,13.92,13.94,7900,30700,19000,11200,10300,6000,14300,1000,5600,14400,1300,3900,900,4700,2300,6100,100,100,100,1700
338.0,13.81,250500,3462891.0,13.81,13.8,13.79,13.78,13.77,13.76,13.75,13.74,13.73,13.72,13.82,13.84,13.85,13.87,13.88,13.89,13.9,13.91,13.92,13.94,7900,30700,19000,11200,10300,6000,14300,1000,5600,14400,1300,3900,900,4700,2300,6100,100,100,100,1700
339.0,13.82,251300,3473940.0,13.81,13.8,13.79,13.78,13.77,13.76,13.75,13.74,13.73,13.72,13.82,13.84,13.85,13.87,13.88,13.89,13.9,13.91,13.92,13.94,9400,30700,19000,11200,10300,6000,14300,1000,5600,14400,1200,3900,900,4700,2300,6100,100,100,100,1700
340.0,13.82,251300,3473940.0,13.81,13.8,13.79,13.78,13.77,13.76,13.75,13.74,13.73,13.72,13.82,13.84,13.85,13.87,13.88,13.89,13.9,13.91,13.92,13.94,9400,30700,19000,11200,10300,6000,14300,1000,5600,14400,1200,3900,900,4700,2300,6100,100,100,100,1700
341.0,13.82,251500,3476704.0,13.81,13.8,13.79,13.78,13.77,13.76,13.75,13.74,13.73,13.72,13.82,13.84,13.85,13.87,13.88,13.89,13.9,13.91,13.92,13.94,9400,30700,19000,11200,10300,6000,14300,1000,5600,14400,1000,3900,900,4700,2300,6100,100,100,100,1700
342.0,13.82,251500,3476704.0,13.81,13.8,13.79,13.78,13.77,13.76,13.75,13.74,13.73,13.72,13.82,13.84,13.85,13.87,13.88,13.89,13.9,13.91,13.92,13.94,10400,30700,19000,11200,10300,6000,14300,1000,5600,14400,1000,3900,900,4700,2300,6100,100,100,100,1700
343.0,13.82,252600,3491899.0,13.81,13.8,13.79,13.78,13.77,13.76,13.75,13.74,13.73,13.72,13.82,13.84,13.85,13.87,13.88,13.89,13.9,13.91,13.92,13.94,9700,30700,19000,11200,10300,6000,14300,1000,5600,14400,600,3900,900,4700,2300,6100,100,100,100,1700
344.0,13.82,253200,3500191.0,13.82,13.81,13.8,13.79,13.78,13.77,13.76,13.75,13.74,13.73,13.84,13.85,13.87,13.88,13.89,13.9,13.91,13.92,13.94,13.95,200,9700,30700,19000,11200,10300,6000,14300,1000,5600,3900,900,4700,2300,6100,100,100,100,1700,4600
345.0,13.82,253200,3500191.0,13.82,13.81,13.8,13.79,13.78,13.77,13.76,13.75,13.74,13.73,13.84,13.85,13.87,13.88,13.89,13.9,13.91,13.92,13.94,13.95,200,9700,30700,19000,11200,10300,6000,14300,1000,5600,3900,900,4700,2300,6100,100,100,100,1700,4600
346.0,13.81,254400,3516765.0,13.82,13.81,13.8,13.79,13.78,13.77,13.76,13.75,13.74,13.73,13.84,13.85,13.87,13.88,13.89,13.9,13.91,13.92,13.94,13.95,1000,14800,30700,19000,11200,10300,6000,14300,1000,5600,3900,900,4700,2300,6100,100,100,100,1700,4600
347.0,13.81,254400,3516765.0,13.82,13.81,13.8,13.79,13.78,13.77,13.76,13.75,13.74,13.73,13.84,13.85,13.87,13.88,13.89,13.9,13.91,13.92,13.94,13.95,600,14800,30700,19000,11200,11000,6000,14300,1000,5600,3900,2400,4700,2300,6100,100,100,100,1700,4600
348.0,13.81,254400,3516765.0,13.82,13.81,13.8,13.79,13.78,13.77,13.76,13.75,13.74,13.73,13.83,13.84,13.85,13.87,13.88,13.89,13.9,13.91,13.92,13.94,600,14700,32700,19000,11200,11000,6000,14300,1000,5600,200,3900,2400,4700,2300,6100,100,100,100,1700
349.0,13.81,254400,3516765.0,13.82,13.81,13.8,13.79,13.78,13.77,13.76,13.75,13.74,13.73,13.83,13.84,13.85,13.87,13.88,13.89,13.9,13.91,13.92,13.94,600,14700,32700,19000,11200,11000,6000,14300,1000,5600,200,3900,2400,4700,2300,6100,100,100,100,1700
350.0,13.81,254400,3516765.0,13.82,13.81,13.8,13.79,13.78,13.77,13.76,13.75,13.74,13.73,13.83,13.84,13.85,13.87,13.88,13.89,13.9,13.91,13.92,13.94,600,14700,32700,19000,11200,11000,6000,14300,1000,5600,200,3900,2400,4700,2300,6100,100,100,100,1700
351.0,13.81,254400,3516765.0,13.82,13.81,13.8,13.79,13.78,13.77,13.76,13.75,13.74,13.73,13.83,13.84,13.85,13.87,13.88,13.89,13.9,13.91,13.92,13.94,600,14700,32700,19000,11200,11600,6000,14300,1000,5600,200,3900,2400,4700,2300,6100,100,100,100,1700
352.0,13.81,254400,3516765.0,13.82,13.81,13.8,13.79,13.78,13.77,13.76,13.75,13.74,13.73,13.83,13.84,13.85,13.87,13.88,13.89,13.9,13.91,13.92,13.94,700,14700,32700,19000,11200,11600,6000,14300,1000,5600,200,3900,2400,4700,2300,6100,100,100,100,1700
353.0,13.81,254400,3516765.0,13.82,13.81,13.8,13.79,13.78,13.77,13.76,13.75,13.74,13.73,13.83,13.84,13.85,13.87,13.88,13.89,13.9,13.91,13.92,13.94,1200,14700,33500,19000,11200,11600,6000,14300,1000,5600,200,3900,3600,4700,2300,6100,100,100,100,1700
354.0,13.81,254400,3516765.0,13.82,13.81,13.8,13.79,13.78,13.77,13.76,13.75,13.74,13.73,13.83,13.84,13.85,13.87,13.88,13.89,13.9,13.91,13.92,13.94,1200,14700,33500,19000,11200,11600,6000,14300,1000,5600,200,3900,3600,4700,2300,6700,100,100,100,1700
355.0,13.81,254400,3516765.0,13.82,13.81,13.8,13.79,13.78,13.77,13.76,13.75,13.74,13.73,13.83,13.84,13.85,13.87,13.88,13.89,13.9,13.91,13.92,13.94,1200,8800,33500,19000,11200,11600,6000,14300,1000,5600,200,3900,3600,4700,2300,6700,100,100,100,1700
356.0,13.82,254500,3518147.0,13.82,13.81,13.8,13.79,13.78,13.77,13.76,13.75,13.74,13.73,13.83,13.84,13.85,13.87,13.88,13.89,13.9,13.91,13.92,13.94,1300,8800,33500,19000,11200,11600,6000,14300,1000,5600,200,3900,3600,4700,2300,6700,100,100,100,1700
357.0,13.82,254700,3520911.0,13.82,13.81,13.8,13.79,13.78,13.77,13.76,13.75,13.74,13.73,13.83,13.84,13.85,13.87,13.88,13.89,13.9,13.91,13.92,13.94,1100,8800,33500,19000,11200,11600,6000,14300,1000,5600,200,3900,3600,4700,2300,6700,100,100,100,1700
358.0,13.82,254700,3520911.0,13.82,13.81,13.8,13.79,13.78,13.77,13.76,13.75,13.74,13.73,13.83,13.84,13.85,13.87,13.88,13.89,13.9,13.91,13.92,13.94,1100,8800,33500,19000,11200,11600,6000,14300,1000,5600,200,3900,3600,4700,2300,6700,100,100,100,1700
359.0,13.82,254800,3522293.0,13.82,13.81,13.8,13.79,13.78,13.77,13.76,13.75,13.74,13.73,13.83,13.84,13.85,13.87,13.88,13.89,13.9,13.91,13.92,13.94,1000,8800,33500,19000,11200,11600,6000,14300,1000,5600,200,3900,3600,4700,2300,6700,100,100,100,1700
360.0,13.82,254800,3522293.0,13.82,13.81,13.8,13.79,13.78,13.77,13.76,13.75,13.74,13.73,13.83,13.84,13.85,13.87,13.88,13.89,13.9,13.91,13.92,13.94,1000,8800,33500,19000,11200,11600,6000,14300,1000,5600,200,3900,3600,4700,2300,6700,100,100,100,1700
361.0,13.82,255000,3525057.0,13.82,13.81,13.8,13.79,13.78,13.77,13.76,13.75,13.74,13.73,13.83,13.84,13.85,13.87,13.88,13.89,13.9,13.91,13.92,13.94,800,8800,33500,19000,11200,11600,6000,14300,1000,5600,200,3900,3600,4700,2300,6700,100,100,100,1700
362.0,13.82,255000,3525057.0,13.82,13.81,13.8,13.79,13.78,13.77,13.76,13.75,13.74,13.73,13.83,13.84,13.85,13.87,13.88,13.89,13.9,13.91,13.92,13.94,800,8800,33500,19000,11200,11600,6000,14300,1000,5600,200,3900,3600,4700,2300,6700,100,100,100,1700
363.0,13.82,255000,3525057.0,13.82,13.81,13.8,13.79,13.78,13.77,13.76,13.75,13.74,13.73,13.83,13.84,13.85,13.87,13.88,13.89,13.9,13.91,13.92,13.94,1500,8800,33500,19000,11200,11600,6000,14300,1000,5600,200,3900,3600,4700,2300,6700,100,100,100,1700
364.0,13.82,255000,3525057.0,13.82,13.81,13.8,13.79,13.78,13.77,13.76,13.75,13.74,13.73,13.83,13.84,13.85,13.87,13.88,13.89,13.9,13.91,13.92,13.94,1500,8800,33500,19000,11200,11600,6000,14300,1000,5600,200,3900,3600,4700,2300,6700,100,100,100,1700
365.0,13.82,255000,3525057.0,13.82,13.81,13.8,13.79,13.78,13.77,13.76,13.75,13.74,13.73,13.83,13.84,13.85,13.87,13.88,13.89,13.9,13.91,13.92,13.94,1500,8800,33500,19000,11200,11600,6000,14300,1000,5600,300,3900,3600,4700,2300,6700,100,100,100,1700
366.0,13.82,255000,3525057.0,13.82,13.81,13.8,13.79,13.78,13.77,13.76,13.75,13.74,13.73,13.83,13.84,13.85,13.87,13.88,13.89,13.9,13.91,13.92,13.94,1500,8800,33500,19000,11200,11600,6000,14300,1000,5600,300,3900,3600,4700,2300,6700,100,100,100,1700
367.0,13.82,255000,3525057.0,13.82,13.81,13.8,13.79,13.78,13.77,13.76,13.75,13.74,13.73,13.83,13.84,13.85,13.87,13.88,13.89,13.9,13.91,13.92,13.94,10800,8700,33500,19000,11200,11600,6000,14300,1000,5600,300,3900,3600,4700,2300,6700,100,100,100,1700
368.0,13.82,255000,3525057.0,13.82,13.81,13.8,13.79,13.78,13.77,13.76,13.75,13.74,13.73,13.83,13.84,13.85,13.87,13.88,13.89,13.9,13.91,13.92,13.94,10800,8700,33500,19000,11200,11600,6000,14300,1000,5600,300,3900,3600,4700,2300,6700,100,100,100,1700
369.0,13.82,257100,3554079.0,13.82,13.81,13.8,13.79,13.78,13.77,13.76,13.75,13.74,13.73,13.83,13.84,13.85,13.87,13.88,13.89,13.9,13.91,13.92,13.94,8700,8700,33500,19000,11200,11600,6000,14300,1000,5600,300,3900,3600,4700,2300,6700,100,100,100,1700
370.0,13.82,257100,3554079.0,13.82,13.81,13.8,13.79,13.78,13.77,13.76,13.75,13.74,13.73,13.83,13.84,13.85,13.87,13.88,13.89,13.9,13.91,13.92,13.94,8700,8700,33500,19000,11200,11600,6000,14300,1000,5600,300,3900,3600,4700,2300,6700,100,100,100,1700
371.0,13.82,257100,3554079.0,13.82,13.81,13.8,13.79,13.78,13.77,13.76,13.75,13.74,13.73,13.83,13.84,13.85,13.87,13.88,13.89,13.9,13.91,13.92,13.94,8700,8700,33300,19000,11200,11600,6000,14300,1000,5600,300,3900,3600,4700,2300,6700,100,100,100,1700
372.0,13.82,257100,3554079.0,13.82,13.81,13.8,13.79,13.78,13.77,13.76,13.75,13.74,13.73,13.83,13.84,13.85,13.87,13.88,13.89,13.9,13.91,13.92,13.94,8700,8700,33300,19000,11200,11600,6000,14300,1000,5600,300,3900,3600,4700,2300,6700,100,100,100,1700
373.0,13.82,257800,3563753.0,13.82,13.81,13.8,13.79,13.78,13.77,13.76,13.75,13.74,13.73,13.83,13.84,13.85,13.87,13.88,13.89,13.9,13.91,13.92,13.94,8000,8700,33300,19000,11200,11600,6000,14300,1000,5600,300,3900,3600,4700,2300,6700,100,100,100,1700
374.0,13.82,257800,3563753.0,13.82,13.81,13.8,13.79,13.78,13.77,13.76,13.75,13.74,13.73,13.83,13.84,13.85,13.87,13.88,13.89,13.9,13.91,13.92,13.94,8000,8700,33300,19000,11200,11600,6000,14300,1000,5600,300,3900,3600,4700,2300,6700,100,100,100,1700
375.0,13.83,258100,3567902.0,13.83,13.82,13.81,13.8,13.79,13.78,13.77,13.76,13.75,13.74,13.84,13.85,13.87,13.88,13.89,13.9,13.91,13.92,13.94,13.95,5800,8000,8700,33300,19000,11200,11600,6000,14300,1000,4000,3600,4700,2300,6700,100,100,100,1700,4600
376.0,13.83,258600,3574817.0,13.83,13.82,13.81,13.8,13.79,13.78,13.77,13.76,13.75,13.74,13.84,13.85,13.87,13.88,13.89,13.9,13.91,13.92,13.94,13.95,9300,8000,8700,33300,19000,11200,11600,6000,14300,1000,4000,3600,4700,2300,6700,100,100,100,1700,4600
377.0,13.84,260700,3603861.0,13.83,13.82,13.81,13.8,13.79,13.78,13.77,13.76,13.75,13.74,13.84,13.85,13.87,13.88,13.89,13.9,13.91,13.92,13.94,13.95,7300,8000,8700,33300,19000,11200,11600,6000,14300,1000,3900,3600,4700,2300,6700,100,100,100,1700,4600
378.0,13.84,260700,3603861.0,13.83,13.82,13.81,13.8,13.79,13.78,13.77,13.76,13.75,13.74,13.84,13.85,13.87,13.88,13.89,13.9,13.91,13.92,13.94,13.95,7300,8100,8700,33300,19000,11200,11600,6000,14300,1000,3900,3600,4700,2300,6700,100,100,100,1700,4600
379.0,13.84,260700,3603861.0,13.83,13.82,13.81,13.8,13.79,13.78,13.77,13.76,13.75,13.74,13.84,13.85,13.87,13.88,13.89,13.9,13.91,13.92,13.94,13.95,7300,8100,8700,33300,19000,11200,11600,6000,14300,1000,3900,3600,4700,2300,6700,100,100,100,1700,4600
380.0,13.83,261400,3613542.0,13.83,13.82,13.81,13.8,13.79,13.78,13.77,13.76,13.75,13.74,13.84,13.85,13.87,13.88,13.89,13.9,13.91,13.92,13.94,13.95,6600,8100,8700,33300,19000,11200,11600,6000,14300,1000,3900,3600,4700,2300,6700,100,100,100,1700,4600
381.0,13.83,262700,3631521.0,13.83,13.82,13.81,13.8,13.79,13.78,13.77,13.76,13.75,13.74,13.84,13.85,13.87,13.88,13.89,13.9,13.91,13.92,13.94,13.95,5300,8100,8700,33300,19000,11200,11600,6000,14300,1000,3900,3600,4700,2300,6700,100,100,100,1700,4600
382.0,13.84,263000,3635673.0,13.83,13.82,13.81,13.8,13.79,13.78,13.77,13.76,13.75,13.74,13.84,13.85,13.87,13.88,13.89,13.9,13.91,13.92,13.94,13.95,5300,8100,8700,33300,19000,11200,11600,6000,14300,1000,3600,3600,4700,2300,6700,100,100,100,1700,4600
383.0,13.83,263500,3642588.0,13.83,13.82,13.81,13.8,13.79,13.78,13.77,13.76,13.75,13.74,13.84,13.85,13.87,13.88,13.89,13.9,13.91,13.92,13.94,13.95,4800,8100,8700,33300,19000,11200,11600,6000,14300,1000,3600,3600,4700,2300,6700,100,100,100,1700,4600
384.0,13.83,263500,3642588.0,13.83,13.82,13.81,13.8,13.79,13.78,13.77,13.76,13.75,13.74,13.84,13.85,13.87,13.88,13.89,13.9,13.91,13.92,13.94,13.95,5000,8100,8700,33300,19000,11200,11600,6000,14300,1000,3600,3600,4700,2300,6700,100,100,100,1700,4600
385.0,13.83,263500,3642588.0,13.83,13.82,13.81,13.8,13.79,13.78,13.77,13.76,13.75,13.74,13.84,13.85,13.87,13.88,13.89,13.9,13.91,13.92,13.94,13.95,5100,8100,8700,33300,19000,11700,11600,6000,14300,1000,3600,3600,4700,2300,6700,100,100,100,1700,4600
386.0,13.84,264200,3652275.0,13.83,13.82,13.81,13.8,13.79,13.78,13.77,13.76,13.75,13.74,13.84,13.85,13.87,13.88,13.89,13.9,13.91,13.92,13.94,13.95,5000,8100,8700,32500,19000,11700,11600,6000,14300,1000,3000,3600,4700,2300,6700,100,100,100,1700,4600
387.0,13.83,264700,3659190.0,13.83,13.82,13.81,13.8,13.79,13.78,13.77,13.76,13.75,13.74,13.84,13.85,13.87,13.88,13.89,13.9,13.91,13.92,13.94,13.95,4500,8100,8700,32500,19000,11700,11600,6000,14300,1000,3000,3600,4700,2300,6700,100,100,100,1700,4600
388.0,13.83,264700,3659190.0,13.83,13.82,13.81,13.8,13.79,13.78,13.77,13.76,13.75,13.74,13.84,13.85,13.87,13.88,13.89,13.9,13.91,13.92,13.94,13.95,4500,8100,8700,32500,19000,11700,11600,6000,14300,1000,3000,3600,4700,2300,6700,100,100,100,1700,4600
389.0,13.84,265000,3663342.0,13.83,13.82,13.81,13.8,13.79,13.78,13.77,13.76,13.75,13.74,13.84,13.85,13.87,13.88,13.89,13.9,13.91,13.92,13.94,13.95,4500,8100,8700,32500,19000,11700,11600,6000,14300,1000,2700,3600,4700,2300,6700,100,100,100,1700,4600
390.0,13.83,265400,3668874.0,13.83,13.82,13.81,13.8,13.79,13.78,13.77,13.76,13.75,13.74,13.84,13.85,13.87,13.88,13.89,13.9,13.91,13.92,13.94,13.95,4100,8100,8700,32500,19500,11700,11600,6000,14300,1000,2700,3600,4700,2300,6700,100,100,100,1700,4600
391.0,13.83,265400,3668874.0,13.83,13.82,13.81,13.8,13.79,13.78,13.77,13.76,13.75,13.74,13.84,13.85,13.87,13.88,13.89,13.9,13.91,13.92,13.94,13.95,4100,8100,8700,32500,19500,11700,11400,6000,14300,1000,2700,3600,4700,2300,6700,100,100,100,1700,4600
392.0,13.83,266200,3679938.0,13.83,13.82,13.81,13.8,13.79,13.78,13.77,13.76,13.75,13.74,13.84,13.85,13.87,13.88,13.89,13.9,13.91,13.92,13.94,13.95,3700,8100,8700,32500,19500,11700,11400,6000,14300,1000,2700,3600,4700,2300,6700,100,100,100,1700,4600
393.0,13.84,266400,3682706.0,13.83,13.82,13.81,13.8,13.79,13.78,13.77,13.76,13.75,13.74,13.84,13.85,13.87,13.88,13.89,13.9,13.91,13.92,13.94,13.95,8700,8100,8700,32500,19500,11700,11400,6000,14300,1000,2500,3600,4700,2300,6700,100,100,100,1700,4600
394.0,13.83,267100,3692387.0,13.83,13.82,13.81,13.8,13.79,13.78,13.77,13.76,13.75,13.74,13.84,13.85,13.87,13.88,13.89,13.9,13.91,13.92,13.94,13.95,8000,8100,8700,32500,19500,11700,11400,6000,14300,1000,2500,3600,4700,2300,6700,100,100,100,1700,4600
395.0,13.83,267100,3692387.0,13.83,13.82,13.81,13.8,13.79,13.78,13.77,13.76,13.75,13.74,13.84,13.85,13.87,13.88,13.89,13.9,13.91,13.92,13.94,13.95,8000,8100,8700,32500,19500,11700,11400,6000,14300,1000,2500,3600,4700,2300,6700,100,100,100,1700,4600
396.0,13.84,268300,3708995.0,13.83,13.82,13.81,13.8,13.79,13.78,13.77,13.76,13.75,13.74,13.84,13.85,13.87,13.88,13.89,13.9,13.91,13.92,13.94,13.95,8000,8100,8700,32500,19500,11700,11400,6000,14300,1000,1300,2700,4700,2300,6700,100,100,100,1700,4600
397.0,13.83,269100,3720060.0,13.83,13.82,13.81,13.8,13.79,13.78,13.77,13.76,13.75,13.74,13.84,13.85,13.87,13.88,13.89,13.9,13.91,13.92,13.94,13.95,7300,8100,8700,32500,19500,11700,11400,6000,14300,1000,1200,2700,4700,2300,6700,100,100,100,1700,4600
398.0,13.84,269700,3728364.0,13.83,13.82,13.81,13.8,13.79,13.78,13.77,13.76,13.75,13.74,13.84,13.85,13.87,13.88,13.89,13.9,13.91,13.92,13.94,13.95,7300,8100,8700,32500,19500,11700,11400,6000,14300,1000,600,2700,4700,400,6700,100,100,100,1700,4600
399.0,13.84,269700,3728364.0,13.83,13.82,13.81,13.8,13.79,13.78,13.77,13.76,13.75,13.74,13.84,13.85,13.87,13.88,13.89,13.9,13.91,13.92,13.94,13.95,7300,8100,8700,32500,16100,11700,11400,6000,14300,1000,600,2700,4700,400,6700,100,100,100,1700,4600
400.0,13.84,271900,3758800.0,13.84,13.83,13.82,13.81,13.8,13.79,13.78,13.77,13.76,13.75,13.85,13.87,13.88,13.89,13.9,13.91,13.92,13.94,13.95,13.97,8600,6100,8100,8700,32500,16100,11700,11400,6000,14300,2700,4700,400,6700,100,100,100,1700,4600,400
401.0,13.84,271900,3758800.0,13.84,13.83,13.82,13.81,13.8,13.79,13.78,13.77,13.76,13.75,13.85,13.87,13.88,13.89,13.9,13.91,13.92,13.94,13.95,13.97,8600,6100,8100,8700,32500,16100,11700,11400,6000,14300,1500,4700,400,6700,100,100,100,1700,4600,400
402.0,13.84,271900,3758800.0,13.84,13.83,13.82,13.81,13.8,13.79,13.78,13.77,13.76,13.75,13.85,13.87,13.88,13.89,13.9,13.91,13.92,13.94,13.95,13.97,8600,6100,8100,8700,32500,16100,11700,11400,6000,14300,1500,4700,400,6700,100,100,100,1700,4600,400
403.0,13.84,274000,3787864.0,13.84,13.83,13.82,13.81,13.8,13.79,13.78,13.77,13.76,13.75,13.85,13.87,13.88,13.89,13.9,13.91,13.92,13.94,13.95,13.97,6500,6100,100,8700,32500,16100,11700,11400,6000,14300,1500,4700,400,6700,100,100,100,1700,4600,400
404.0,13.85,274600,3796173.0,13.84,13.83,13.82,13.81,13.8,13.79,13.78,13.77,13.76,13.75,13.85,13.87,13.88,13.89,13.9,13.91,13.92,13.94,13.95,13.97,6400,6100,100,8700,32600,16100,11700,11400,6000,14300,1100,4700,400,6700,100,100,100,1700,4600,400
