LocalTime,LastPrice,TradeVolume,TradeValue,BidPrice1,BidPrice2,BidPrice3,BidPrice4,BidPrice5,BidPrice6,BidPrice7,BidPrice8,BidPrice9,BidPriceA,AskPrice1,AskPrice2,AskPrice3,AskPrice4,AskPrice5,AskPrice6,AskPrice7,AskPrice8,AskPrice9,AskPriceA,BidVolume1,BidVolume2,BidVolume3,BidVolume4,BidVolume5,BidVolume6,BidVolume7,BidVolume8,BidVolume9,BidVolumeA,AskVolume1,AskVolume2,AskVolume3,AskVolume4,AskVolume5,AskVolume6,AskVolume7,AskVolume8,AskVolume9,AskVolumeA
0.0,11.2,4600,51520.0,11.2,11.01,11.0,10.87,10.81,10.8,10.5,10.3,10.21,10.2,11.36,11.41,11.43,11.58,11.59,11.64,11.78,11.8,11.85,11.91,1900,2000,1300,500,28500,500,1300,200,2300,23400,500,1000,500,2000,1500,2900,2000,3000,200,2200
1.0,11.2,4600,51520.0,11.2,11.01,11.0,10.87,10.81,10.8,10.5,10.3,10.21,10.2,11.35,11.36,11.41,11.43,11.58,11.59,11.64,11.78,11.8,11.85,3700,2000,1300,500,28500,500,1300,200,2300,23400,3200,500,1000,500,2000,1500,2900,2000,3000,200
2.0,11.2,4600,51520.0,11.2,11.01,11.0,10.87,10.82,10.81,10.8,10.5,10.3,10.21,11.35,11.36,11.4,11.41,11.43,11.49,11.58,11.59,11.64,11.78,3700,2000,1300,500,50000,28500,500,1300,200,2300,3200,500,3000,1000,500,1000,2000,1500,2900,2000
3.0,11.2,5200,58240.0,11.21,11.2,11.01,11.0,10.87,10.82,10.81,10.8,10.5,10.3,11.32,11.35,11.36,11.4,11.41,11.43,11.49,11.58,11.59,11.6,3000,3100,2000,1300,500,50000,28500,500,1300,200,25900,3200,500,3000,1000,500,1000,2000,1500,5000
4.0,11.2,5200,58240.0,11.21,11.2,11.01,11.0,10.87,10.82,10.81,10.8,10.5,10.3,11.32,11.35,11.36,11.4,11.41,11.43,11.49,11.58,11.59,11.6,3000,3100,2000,3800,500,50000,28500,500,1300,200,25900,4200,500,3000,1000,500,1000,2000,1500,5000
5.0,11.21,5600,62724.0,11.21,11.2,11.01,11.0,10.87,10.82,10.81,10.8,10.5,10.3,11.32,11.35,11.36,11.4,11.41,11.43,11.49,11.58,11.59,11.6,2600,3200,2000,3800,500,50000,28500,500,1300,200,25900,4400,500,3000,1000,500,1000,2000,1500,5000
6.0,11.21,5700,63845.0,11.23,11.21,11.2,11.01,11.0,10.87,10.82,10.81,10.8,10.5,11.32,11.35,11.36,11.38,11.4,11.41,11.43,11.49,11.58,11.59,600,2500,3200,2000,3800,500,50000,28500,500,1300,25900,4400,500,4000,8000,1000,500,1000,2000,1500
7.0,11.21,5700,63845.0,11.24,11.23,11.21,11.2,11.01,11.0,10.88,10.87,10.82,10.81,11.32,11.35,11.36,11.38,11.4,11.41,11.43,11.49,11.58,11.59,300,600,2500,2600,2000,3800,30000,500,50000,28500,25900,4400,500,4000,8000,1000,500,1000,2000,1700
8.0,11.31,6400,71717.0,11.23,11.21,11.2,11.1,11.01,11.0,10.88,10.87,10.82,10.81,11.31,11.32,11.35,11.36,11.38,11.4,11.41,11.43,11.49,11.58,300,2500,2600,500,5000,3800,30000,500,51000,28500,2000,25900,2300,1500,4000,8000,1000,500,1000,2000
9.0,11.31,6400,71717.0,11.24,11.23,11.21,11.2,11.1,11.01,11.0,10.88,10.87,10.82,11.31,11.32,11.35,11.36,11.38,11.4,11.41,11.43,11.49,11.58,200,300,2500,2600,500,5000,3800,30000,500,51000,2600,26100,2100,3500,4000,13000,1000,500,1000,2000
10.0,11.23,6800,76212.0,11.23,11.21,11.2,11.1,11.01,11.0,10.88,10.87,10.82,10.81,11.31,11.32,11.35,11.36,11.38,11.4,11.41,11.43,11.49,11.58,200,2500,10700,500,5000,3800,30000,500,51000,28500,600,26100,2100,3500,4000,13000,1000,500,1000,2000
11.0,11.24,7800,87518.0,11.23,11.21,11.2,11.19,11.1,11.01,11.0,10.88,10.87,10.82,11.24,11.32,11.35,11.36,11.38,11.4,11.41,11.43,11.49,11.58,1300,2500,10900,3000,1500,5000,3800,30000,500,51000,100,25800,2100,3500,4000,13000,1000,500,1000,2000
12.0,11.24,7900,88642.0,11.24,11.23,11.21,11.2,11.19,11.1,11.01,11.0,10.88,10.87,11.32,11.35,11.36,11.38,11.4,11.41,11.43,11.49,11.58,11.59,2300,1300,2500,10900,3000,1500,5000,3800,30000,500,25800,2100,3500,4000,13000,1000,500,1000,2000,1700
13.0,11.32,8200,92038.0,11.25,11.24,11.23,11.2,11.19,11.1,11.01,11.0,10.88,10.87,11.31,11.32,11.35,11.36,11.38,11.4,11.41,11.43,11.49,11.58,500,1800,1400,10200,3000,1500,5000,3800,30000,500,100,25500,2100,3500,4000,13000,1000,500,1000,2000
14.0,11.32,8200,92038.0,11.26,11.25,11.24,11.23,11.2,11.19,11.1,11.01,11.0,10.88,11.3,11.32,11.35,11.36,11.38,11.4,11.41,11.43,11.49,11.58,2500,600,2300,1400,10200,3000,1500,5000,3800,30000,200,25300,2100,3500,4000,13000,1000,500,1000,2000
15.0,11.32,8200,92038.0,11.28,11.27,11.26,11.25,11.24,11.23,11.2,11.19,11.1,11.01,11.3,11.32,11.35,11.36,11.38,11.4,11.41,11.43,11.49,11.58,400,1100,100,600,2300,1200,10200,3000,1500,5000,200,25300,2100,3500,4000,13000,1000,500,1000,2000
16.0,11.3,8400,94298.0,11.29,11.28,11.27,11.26,11.25,11.24,11.23,11.2,11.19,11.1,11.32,11.35,11.36,11.38,11.4,11.41,11.43,11.49,11.58,11.59,900,600,1100,100,600,2300,1200,10200,3000,1500,25300,2100,3500,4000,13000,1000,500,1000,2000,1700
17.0,11.32,11400,128258.0,11.3,11.29,11.28,11.27,11.26,11.25,11.24,11.23,11.2,11.19,11.32,11.35,11.36,11.38,11.4,11.41,11.43,11.49,11.58,11.59,1000,900,600,1100,100,600,2100,1200,10200,3000,22300,2100,3500,4000,13000,1000,500,1000,2000,1700
18.0,11.32,11400,128258.0,11.31,11.3,11.28,11.27,11.25,11.24,11.23,11.2,11.19,11.1,11.32,11.35,11.36,11.38,11.4,11.41,11.43,11.49,11.58,11.59,1600,1000,600,1100,600,1900,1200,10200,3000,1500,22300,2100,3500,4000,13000,1000,500,1000,2000,1700
19.0,11.32,13900,156558.0,11.3,11.28,11.27,11.26,11.25,11.24,11.23,11.2,11.19,11.1,11.32,11.35,11.36,11.38,11.4,11.41,11.43,11.49,11.58,11.59,1800,600,1100,100,500,1500,1200,10000,3000,1500,19800,2100,3500,4000,13000,1000,500,1000,2000,1700
20.0,11.32,14000,157690.0,11.3,11.28,11.27,11.26,11.25,11.24,11.23,11.2,11.19,11.1,11.32,11.35,11.36,11.38,11.4,11.41,11.43,11.49,11.58,11.59,1800,600,1100,100,500,1400,1200,10000,3000,1500,19900,2100,3500,4000,13000,1000,500,1000,2000,1700
21.0,11.32,14000,157690.0,11.3,11.28,11.27,11.26,11.25,11.24,11.23,11.2,11.19,11.1,11.31,11.32,11.35,11.36,11.38,11.4,11.41,11.43,11.49,11.58,1800,600,1100,200,500,1400,1200,10000,3000,1500,4900,19900,2100,3500,4000,13000,1000,500,1000,2000
22.0,11.29,18100,203997.0,11.28,11.27,11.26,11.25,11.24,11.23,11.2,11.19,11.1,11.01,11.29,11.31,11.32,11.35,11.36,11.38,11.4,11.41,11.43,11.49,600,400,200,500,1400,1200,10000,3000,1500,5000,500,4900,19900,2100,3500,4000,13000,1000,500,1000
23.0,11.29,18100,203997.0,11.28,11.27,11.26,11.25,11.24,11.23,11.2,11.19,11.1,11.01,11.29,11.31,11.32,11.35,11.36,11.38,11.4,11.41,11.43,11.49,600,400,200,500,1400,1200,10000,3000,1500,5000,500,4900,19900,2100,3500,4000,13000,1000,500,1000
24.0,11.29,18100,203997.0,11.28,11.27,11.26,11.25,11.24,11.23,11.2,11.19,11.1,11.01,11.29,11.31,11.32,11.35,11.36,11.38,11.4,11.41,11.43,11.49,600,400,100,500,1400,1200,10000,3000,1500,5000,500,4900,19900,2100,3500,4000,13000,1000,500,1000
25.0,11.29,18100,203997.0,11.28,11.27,11.26,11.25,11.24,11.23,11.2,11.19,11.1,11.01,11.29,11.31,11.32,11.35,11.36,11.38,11.4,11.41,11.43,11.49,600,400,100,500,1400,1200,10000,3000,1500,5000,500,4900,19900,2100,3500,4000,13000,1000,500,1000
26.0,11.28,19300,217541.0,11.27,11.26,11.25,11.24,11.23,11.2,11.19,11.1,11.01,11.0,11.28,11.29,11.31,11.32,11.35,11.36,11.38,11.4,11.41,11.43,400,100,500,1400,1200,10000,3000,1500,5000,3800,1200,200,4800,19700,2100,3500,4000,13000,1000,500
27.0,11.28,19300,217541.0,11.27,11.26,11.25,11.24,11.23,11.2,11.19,11.1,11.01,11.0,11.28,11.29,11.31,11.32,11.35,11.36,11.38,11.4,11.41,11.43,400,100,500,1400,1200,10000,3000,1500,5000,3800,200,200,4800,20700,2100,3500,4000,13000,1000,500
28.0,11.29,19600,220926.0,11.27,11.25,11.24,11.23,11.2,11.19,11.1,11.01,11.0,10.88,11.28,11.29,11.31,11.32,11.35,11.36,11.38,11.4,11.41,11.43,400,500,1400,1200,10000,3000,1500,5000,3800,30000,2800,100,4800,20700,2100,3500,4000,13000,1000,500
29.0,11.27,20100,226561.0,11.25,11.24,11.23,11.2,11.19,11.1,11.01,11.0,10.88,10.87,11.27,11.28,11.31,11.32,11.35,11.36,11.38,11.4,11.41,11.43,500,1400,1200,10000,3000,1500,5000,3800,30000,500,100,2800,4800,20700,2100,3500,4000,13000,1000,500
30.0,11.27,20100,226561.0,11.25,11.24,11.23,11.2,11.19,11.1,11.01,11.0,10.88,10.87,11.27,11.28,11.31,11.32,11.35,11.36,11.38,11.4,11.41,11.43,500,1400,1200,10000,3000,1500,5000,3800,30000,500,100,2800,4800,20700,2100,3500,4000,13000,1000,500
31.0,11.28,21100,237837.0,11.25,11.24,11.23,11.2,11.19,11.1,11.01,11.0,10.88,10.87,11.28,11.31,11.32,11.35,11.36,11.38,11.4,11.41,11.43,11.49,400,1400,1200,9800,3000,1500,5000,3800,30000,500,2000,4800,20700,2100,3500,4000,13000,1000,500,1000
32.0,11.28,21100,237837.0,11.25,11.24,11.23,11.2,11.19,11.1,11.01,11.0,10.88,10.87,11.28,11.31,11.32,11.35,11.36,11.38,11.4,11.41,11.43,11.49,300,1400,1200,9800,3000,1500,5000,3800,30000,500,2000,4800,20700,2100,1500,4000,13000,1000,500,1000
33.0,11.28,21100,237837.0,11.25,11.24,11.23,11.2,11.19,11.1,11.01,11.0,10.88,10.87,11.28,11.3,11.31,11.32,11.35,11.36,11.38,11.4,11.41,11.43,300,1400,1200,9800,3000,1500,5000,3800,30000,500,2000,5900,4800,20700,2100,1500,4000,13000,1000,500
34.0,11.28,21100,237837.0,11.25,11.24,11.23,11.2,11.19,11.1,11.01,11.0,10.88,10.87,11.28,11.3,11.31,11.32,11.35,11.36,11.38,11.4,11.41,11.43,300,1400,1200,9800,3000,1500,5000,3800,30000,500,2000,6500,4800,20700,2100,1500,4000,13000,1000,500
35.0,11.28,21300,240093.0,11.25,11.24,11.23,11.2,11.19,11.1,11.01,11.0,10.88,10.87,11.28,11.3,11.31,11.32,11.35,11.36,11.38,11.4,11.41,11.43,400,1400,1200,9800,3000,1500,5000,3800,30000,500,1800,6500,4800,20700,2100,1500,4000,13000,1000,500
36.0,11.28,21300,240093.0,11.25,11.24,11.23,11.2,11.19,11.1,11.01,11.0,10.88,10.87,11.28,11.3,11.31,11.32,11.35,11.36,11.38,11.4,11.41,11.43,400,1400,1200,9800,3000,1500,5000,3800,30000,500,1800,6500,4800,20700,2100,1500,4000,13000,1000,500
37.0,11.28,21300,240093.0,11.25,11.24,11.23,11.2,11.19,11.1,11.01,11.0,10.88,10.87,11.28,11.3,11.31,11.32,11.35,11.36,11.38,11.4,11.41,11.43,500,1400,1200,9800,3000,1500,5000,3800,30000,500,1800,6500,4800,20700,2100,1500,4000,13000,1000,500
38.0,11.28,21400,241221.0,11.25,11.24,11.23,11.2,11.19,11.1,11.01,11.0,10.88,10.87,11.28,11.3,11.31,11.32,11.35,11.36,11.38,11.4,11.41,11.43,500,1400,1200,9800,3000,1500,5000,3800,30000,500,1700,6500,4800,20700,2100,1500,4000,13000,1000,500
39.0,11.28,21400,241221.0,11.25,11.24,11.23,11.2,11.19,11.1,11.01,11.0,10.88,10.87,11.28,11.3,11.31,11.32,11.35,11.36,11.38,11.4,11.41,11.43,1400,1100,1200,9800,3000,1500,5000,3800,30000,500,1700,6500,4800,20700,2100,1500,4000,13000,1000,500
40.0,11.28,21400,241221.0,11.25,11.24,11.23,11.2,11.19,11.1,11.01,11.0,10.88,10.87,11.28,11.3,11.31,11.32,11.35,11.36,11.38,11.4,11.41,11.43,1400,1100,1200,9800,3000,1500,5000,3800,30000,500,1700,6500,4800,20700,2100,1500,4000,13000,1000,500
41.0,11.28,21400,241221.0,11.26,11.25,11.24,11.23,11.2,11.19,11.1,11.01,11.0,10.88,11.28,11.3,11.31,11.32,11.35,11.36,11.38,11.4,11.41,11.43,100,1500,1000,1100,9800,3000,1500,5000,3800,30000,1700,6500,4800,20700,2100,1500,4000,13000,1000,500
42.0,11.28,21400,241221.0,11.26,11.25,11.24,11.23,11.2,11.19,11.1,11.01,11.0,10.88,11.28,11.3,11.31,11.32,11.35,11.36,11.38,11.4,11.41,11.43,100,1500,1000,1100,9800,3000,1500,5000,3800,30000,1700,6500,4800,20700,2100,1500,4000,13000,1000,500
43.0,11.28,21700,244605.0,11.26,11.25,11.24,11.23,11.2,11.19,11.1,11.01,11.0,10.88,11.28,11.3,11.31,11.32,11.35,11.36,11.38,11.4,11.41,11.43,100,1500,1000,1100,9800,3000,1500,5000,3800,30000,1400,6500,4800,20700,2100,1500,4000,13000,1000,500
44.0,11.28,21700,244605.0,11.26,11.25,11.24,11.23,11.2,11.19,11.1,11.01,11.0,10.88,11.28,11.3,11.31,11.32,11.35,11.36,11.38,11.4,11.41,11.43,100,4500,1000,1100,9800,3000,1500,5000,3800,30000,1400,6500,4800,20700,2100,1500,4000,13000,1000,500
45.0,11.28,21700,244605.0,11.26,11.25,11.24,11.23,11.2,11.19,11.1,11.01,11.0,10.88,11.28,11.3,11.31,11.32,11.35,11.36,11.38,11.4,11.41,11.43,100,4500,1000,1100,9800,3000,1500,5000,3800,30000,1400,6500,4800,20700,2100,1500,4000,13000,1000,500
46.0,11.28,22100,249117.0,11.27,11.26,11.25,11.24,11.23,11.2,11.19,11.1,11.01,11.0,11.28,11.3,11.31,11.32,11.35,11.36,11.38,11.4,11.41,11.43,100,200,4500,1000,1100,9800,3000,1500,5000,3800,1000,6500,4800,20700,2100,1500,4000,13000,1000,500
47.0,11.28,22100,249117.0,11.27,11.26,11.25,11.24,11.23,11.2,11.19,11.1,11.01,11.0,11.28,11.3,11.31,11.32,11.35,11.36,11.38,11.4,11.41,11.43,100,200,4500,1000,1100,9800,3000,1500,5000,3800,1000,6500,4800,20700,2100,1500,4000,13000,1000,500
48.0,11.28,22400,252501.0,11.27,11.26,11.25,11.24,11.23,11.2,11.19,11.1,11.01,11.0,11.28,11.3,11.31,11.32,11.35,11.36,11.38,11.4,11.41,11.43,1000,200,4500,1000,1100,9800,3000,1500,5000,3800,700,6500,4800,20700,2100,1500,4000,13000,1000,500
49.0,11.28,23400,263780.0,11.28,11.27,11.26,11.25,11.24,11.23,11.2,11.19,11.1,11.01,11.3,11.31,11.32,11.35,11.36,11.38,11.4,11.41,11.43,11.49,100,900,200,4500,1000,1100,9800,3000,1500,5000,6500,4800,20700,2100,1500,4000,13000,1000,500,1000
50.0,11.28,23400,263780.0,11.28,11.27,11.26,11.25,11.24,11.23,11.2,11.19,11.1,11.01,11.3,11.31,11.32,11.35,11.36,11.38,11.4,11.41,11.43,11.49,300,1200,200,4500,900,1100,9800,3000,1500,5000,6500,4800,20700,2100,1500,4000,13000,1000,500,1000
51.0,11.28,23400,263780.0,11.28,11.27,11.26,11.25,11.24,11.23,11.2,11.19,11.1,11.01,11.3,11.31,11.32,11.35,11.36,11.38,11.4,11.41,11.43,11.49,400,1200,200,4500,900,1100,9800,3000,1500,5000,6500,4800,20700,2100,1500,4000,13000,1000,500,1000
52.0,11.28,23400,263780.0,11.28,11.27,11.26,11.25,11.24,11.23,11.2,11.19,11.1,11.01,11.3,11.31,11.32,11.35,11.36,11.38,11.4,11.41,11.43,11.49,400,1200,200,4500,900,1100,9800,3000,1500,5000,6500,4800,20700,2100,1500,4000,13000,1000,500,1000
53.0,11.28,23400,263780.0,11.28,11.27,11.26,11.25,11.24,11.23,11.2,11.19,11.1,11.01,11.3,11.31,11.32,11.35,11.36,11.38,11.4,11.41,11.43,11.49,400,1200,200,4500,900,1100,9800,3000,1500,5000,6500,4800,20700,2100,1500,4000,13000,1000,500,1000
54.0,11.28,23400,263780.0,11.28,11.27,11.26,11.25,11.24,11.23,11.2,11.19,11.1,11.01,11.29,11.3,11.31,11.32,11.35,11.36,11.38,11.4,11.41,11.43,500,1200,200,4500,1000,1100,9800,3000,1500,5000,700,6500,4800,20700,2100,1500,4000,13000,1000,500
55.0,11.28,23400,263780.0,11.28,11.27,11.26,11.25,11.24,11.23,11.2,11.19,11.1,11.01,11.29,11.3,11.31,11.32,11.35,11.36,11.38,11.4,11.41,11.43,800,1200,200,4500,1000,1100,9700,3000,1500,5000,700,6500,4800,20700,2100,1500,4000,13000,1000,500
56.0,11.28,23400,263780.0,11.28,11.27,11.26,11.25,11.24,11.23,11.2,11.19,11.1,11.01,11.29,11.3,11.31,11.32,11.35,11.36,11.38,11.4,11.41,11.43,900,1200,200,4500,1000,1100,9700,3000,1500,5000,700,6500,4800,20700,2100,1500,4000,13000,1000,500
57.0,11.28,23400,263780.0,11.28,11.27,11.26,11.25,11.24,11.23,11.2,11.19,11.1,11.01,11.29,11.3,11.31,11.32,11.35,11.36,11.38,11.4,11.41,11.43,900,1200,200,4500,1000,1100,9700,3000,1500,5000,700,6500,4800,20700,2100,1500,4000,13000,1000,500
58.0,11.28,23400,263780.0,11.28,11.27,11.26,11.25,11.24,11.23,11.2,11.19,11.1,11.01,11.29,11.3,11.31,11.32,11.35,11.36,11.38,11.4,11.41,11.43,900,1200,200,4500,1000,1100,9700,3000,1500,5000,700,6500,4800,20700,2100,1500,4000,8000,1000,500
59.0,11.28,23400,263780.0,11.28,11.27,11.26,11.25,11.24,11.23,11.2,11.19,11.1,11.01,11.29,11.3,11.31,11.32,11.35,11.36,11.38,11.4,11.41,11.43,600,1200,200,4500,1000,1100,9700,3000,1500,5000,700,6500,4800,20700,2100,1500,4000,8000,1000,500
60.0,11.3,25900,292023.0,11.28,11.27,11.26,11.25,11.24,11.23,11.2,11.19,11.1,11.01,11.3,11.31,11.32,11.35,11.36,11.38,11.4,11.41,11.43,11.49,600,1200,200,4500,700,1100,9700,3000,1500,5000,4700,4800,20700,2100,1500,4000,8000,1000,500,1000
61.0,11.3,25900,292023.0,11.28,11.27,11.26,11.25,11.24,11.23,11.2,11.19,11.1,11.01,11.3,11.31,11.32,11.35,11.36,11.38,11.4,11.41,11.43,11.49,600,1200,200,4500,700,1100,9700,3000,1500,5000,4700,4800,20700,2100,1500,4000,8000,1000,500,1000
62.0,11.28,26800,302175.0,11.27,11.26,11.25,11.24,11.23,11.2,11.19,11.1,11.01,11.0,11.28,11.3,11.31,11.32,11.35,11.36,11.38,11.4,11.41,11.43,1200,200,4500,700,1100,9700,3000,1500,5000,3800,1100,5000,4800,20700,2100,1500,4000,8000,1000,500
63.0,11.28,26800,302175.0,11.27,11.26,11.25,11.24,11.23,11.2,11.19,11.1,11.01,11.0,11.28,11.3,11.31,11.32,11.35,11.36,11.38,11.4,11.41,11.43,1200,200,4500,700,1100,9700,3000,1500,5000,3800,1100,5000,4800,20700,2100,1500,4000,8000,1000,500
64.0,11.28,26800,302175.0,11.27,11.26,11.25,11.24,11.23,11.2,11.19,11.1,11.01,11.0,11.28,11.3,11.31,11.32,11.35,11.36,11.38,11.4,11.41,11.43,1200,200,4500,700,1100,9700,3000,1500,5000,3800,1100,5000,4800,20700,2100,1500,4000,8000,1000,500
65.0,11.28,27200,306684.0,11.27,11.26,11.25,11.24,11.23,11.2,11.19,11.1,11.01,11.0,11.28,11.3,11.31,11.32,11.35,11.36,11.38,11.4,11.41,11.43,900,200,4500,500,3700,9700,3000,1500,5000,3800,1000,5000,4800,20700,2100,1500,4000,8000,1000,500
66.0,11.28,27300,307812.0,11.27,11.26,11.25,11.24,11.23,11.2,11.19,11.1,11.01,11.0,11.28,11.3,11.31,11.32,11.35,11.36,11.38,11.4,11.41,11.43,900,200,3600,500,3700,9700,3000,1500,5000,3800,900,5000,4800,20700,2100,1500,4000,8000,1000,500
67.0,11.3,28400,320224.0,11.27,11.26,11.25,11.24,11.23,11.2,11.19,11.1,11.01,11.0,11.3,11.31,11.32,11.35,11.36,11.38,11.4,11.41,11.43,11.49,1800,200,3600,500,3700,9700,3000,1500,5000,3800,4800,4800,20700,2100,1500,4000,8000,1000,500,1000
68.0,11.27,28500,321351.0,11.28,11.27,11.26,11.25,11.24,11.23,11.2,11.19,11.1,11.01,11.3,11.31,11.32,11.35,11.36,11.38,11.4,11.41,11.43,11.49,200,1700,200,3600,500,3700,9700,3000,1500,5000,4800,4800,19700,2100,1500,4000,8000,1000,500,1000
69.0,11.27,28500,321351.0,11.28,11.27,11.26,11.25,11.24,11.23,11.2,11.19,11.1,11.01,11.3,11.31,11.32,11.35,11.36,11.38,11.4,11.41,11.43,11.49,200,1700,200,3600,500,3700,9700,3000,1500,5000,4800,4800,19700,2100,1500,4000,8000,1000,500,1000
70.0,11.27,28500,321351.0,11.28,11.27,11.26,11.25,11.24,11.23,11.2,11.19,11.1,11.01,11.3,11.31,11.32,11.35,11.36,11.38,11.4,11.41,11.43,11.49,200,1700,200,3600,500,3700,9700,3000,1500,5000,4800,4800,19700,2100,1500,4000,8000,1000,500,1000
71.0,11.28,28600,322479.0,11.28,11.27,11.26,11.25,11.24,11.23,11.2,11.19,11.1,11.01,11.3,11.31,11.32,11.35,11.36,11.38,11.4,11.41,11.43,11.49,200,1800,100,3600,500,3700,9700,3000,1500,5000,4800,4800,19700,2100,1500,4000,8000,1000,500,1000
72.0,11.28,28600,322479.0,11.28,11.27,11.26,11.25,11.24,11.23,11.2,11.19,11.1,11.01,11.3,11.31,11.32,11.35,11.36,11.38,11.4,11.41,11.43,11.49,600,1700,100,3600,500,3700,9700,3000,1500,5000,4800,4800,19700,2100,1500,4000,8000,1000,500,1000
73.0,11.28,28600,322479.0,11.28,11.27,11.26,11.25,11.24,11.23,11.2,11.19,11.1,11.01,11.3,11.31,11.32,11.35,11.36,11.38,11.4,11.41,11.43,11.49,600,1800,100,3600,500,3700,9700,3000,1500,5000,4800,4800,19700,2100,1500,4000,8000,1000,500,1000
74.0,11.28,28600,322479.0,11.28,11.27,11.26,11.25,11.24,11.23,11.2,11.19,11.1,11.01,11.3,11.31,11.32,11.35,11.36,11.38,11.4,11.41,11.43,11.49,600,1800,100,3600,500,3700,9700,3000,1500,5000,4800,4800,19700,2100,1500,4000,8000,1000,500,1000
75.0,11.28,28600,322479.0,11.28,11.27,11.26,11.25,11.24,11.23,11.2,11.19,11.1,11.01,11.3,11.31,11.32,11.35,11.36,11.38,11.4,11.41,11.43,11.49,600,1800,100,3600,500,3700,9700,3000,1500,5000,4800,4800,19700,2100,1500,4000,8000,1000,500,1000
76.0,11.28,28700,323607.0,11.28,11.27,11.26,11.25,11.24,11.23,11.2,11.19,11.1,11.01,11.3,11.31,11.32,11.35,11.36,11.38,11.4,11.41,11.43,11.49,200,1800,100,3600,500,3700,9700,3000,1500,5000,4800,4800,19700,2100,1500,4000,8000,1000,500,1000
77.0,11.28,28700,323607.0,11.28,11.27,11.26,11.25,11.24,11.23,11.2,11.19,11.1,11.01,11.3,11.31,11.32,11.35,11.36,11.38,11.4,11.41,11.43,11.49,200,1800,100,3600,500,3700,9700,3000,1500,5000,4800,4800,19700,2100,1500,4000,8000,1000,500,1000
78.0,11.28,28700,323607.0,11.28,11.27,11.26,11.25,11.24,11.23,11.2,11.19,11.1,11.01,11.3,11.31,11.32,11.35,11.36,11.38,11.4,11.41,11.43,11.49,200,1800,100,3600,500,3700,9700,3000,1500,5000,4800,4800,19700,2100,1500,4000,8000,1000,500,1000
79.0,11.28,28700,323607.0,11.28,11.27,11.26,11.25,11.24,11.23,11.2,11.19,11.1,11.01,11.3,11.31,11.32,11.35,11.36,11.38,11.4,11.41,11.43,11.49,400,1800,100,3600,500,3700,9700,3000,1500,5000,4800,4800,19700,2100,1500,4000,8000,1000,500,1000
80.0,11.28,28700,323607.0,11.28,11.27,11.26,11.25,11.24,11.23,11.2,11.19,11.1,11.01,11.3,11.31,11.32,11.35,11.36,11.38,11.4,11.41,11.43,11.49,400,1800,100,3600,400,3700,9700,3000,1500,5000,4800,4800,19700,2100,1500,4000,8000,1000,500,1000
81.0,11.27,30700,346151.0,11.27,11.26,11.25,11.24,11.23,11.2,11.19,11.1,11.01,11.0,11.3,11.31,11.32,11.35,11.36,11.38,11.4,11.41,11.43,11.49,200,100,3600,400,3700,9700,3000,1500,5000,3800,4800,4800,19700,2100,1500,4000,8000,1000,500,1000
82.0,11.27,31300,352915.0,11.26,11.25,11.24,11.23,11.2,11.19,11.1,11.01,11.0,10.88,11.27,11.3,11.31,11.32,11.35,11.36,11.38,11.4,11.41,11.43,100,3600,300,3700,9700,3000,1500,5000,3800,30000,1100,4800,4800,19700,2100,1500,4000,8000,1000,500
83.0,11.27,31600,356296.0,11.26,11.25,11.24,11.23,11.2,11.19,11.1,11.01,11.0,10.88,11.27,11.3,11.31,11.32,11.35,11.36,11.38,11.4,11.41,11.43,200,3600,300,3700,9700,3000,1500,5000,3800,30000,1000,4600,4800,19700,2100,1500,4000,8000,1000,500
84.0,11.27,31600,356296.0,11.26,11.25,11.24,11.23,11.2,11.19,11.1,11.01,11.0,10.88,11.27,11.3,11.31,11.32,11.35,11.36,11.38,11.4,11.41,11.43,200,3600,300,3700,9700,3000,1500,5000,3800,30000,1000,4600,4800,19700,2100,1500,4000,8000,1000,500
85.0,11.27,32100,361931.0,11.26,11.25,11.24,11.23,11.2,11.19,11.1,11.01,11.0,10.88,11.27,11.3,11.31,11.32,11.35,11.36,11.38,11.4,11.41,11.43,300,3600,300,3700,9700,3000,1500,5000,3800,30000,500,4600,4800,19700,2100,1500,4000,8000,1000,500
86.0,11.27,32200,363058.0,11.26,11.25,11.24,11.23,11.2,11.19,11.1,11.01,11.0,10.88,11.27,11.3,11.31,11.32,11.35,11.36,11.38,11.4,11.41,11.43,300,3600,300,3700,9700,3000,1500,5000,3800,30000,400,4600,4800,19700,2100,1500,4000,8000,1000,500
87.0,11.27,32200,363058.0,11.26,11.25,11.24,11.23,11.2,11.19,11.1,11.01,11.0,10.88,11.27,11.3,11.31,11.32,11.35,11.36,11.38,11.4,11.41,11.43,300,3600,300,3700,9700,3000,1500,5000,3800,30000,400,5600,4800,19700,2100,1500,4000,8000,1000,500
88.0,11.27,32200,363058.0,11.26,11.25,11.24,11.23,11.2,11.19,11.1,11.01,11.0,10.88,11.27,11.28,11.3,11.31,11.32,11.35,11.36,11.38,11.4,11.41,300,3600,300,3700,9700,3000,1500,5000,3800,30000,400,1000,5600,4800,19700,2100,1500,4000,8000,1000
89.0,11.27,32400,365312.0,11.26,11.25,11.24,11.23,11.2,11.19,11.1,11.01,11.0,10.88,11.27,11.28,11.3,11.31,11.32,11.35,11.36,11.38,11.4,11.41,300,3600,300,3700,9700,3000,1500,5000,3800,30000,200,1000,5600,4800,19700,2100,1500,4000,8000,1000
90.0,11.27,32400,365312.0,11.26,11.25,11.24,11.23,11.2,11.19,11.1,11.01,11.0,10.88,11.27,11.28,11.3,11.31,11.32,11.35,11.36,11.38,11.4,11.41,900,3600,300,3700,9700,3000,1500,5000,3800,30000,200,1000,5600,4800,19700,2100,1500,4000,8000,1000
91.0,11.27,32400,365312.0,11.26,11.25,11.24,11.23,11.2,11.19,11.1,11.01,11.0,10.88,11.27,11.28,11.3,11.31,11.32,11.35,11.36,11.38,11.4,11.41,900,3600,300,3700,9700,3000,1500,5000,3800,30000,200,1000,5600,4800,19700,2100,1500,4000,8000,1000
92.0,11.27,32500,366439.0,11.26,11.25,11.24,11.23,11.2,11.19,11.1,11.01,11.0,10.88,11.27,11.28,11.3,11.31,11.32,11.35,11.36,11.38,11.4,11.41,900,3600,300,3700,9700,3000,1500,5000,3800,30000,100,1000,5600,4800,19700,2100,1500,4000,8000,1000
93.0,11.27,32500,366439.0,11.26,11.25,11.24,11.23,11.2,11.19,11.1,11.01,11.0,10.88,11.27,11.28,11.3,11.31,11.32,11.35,11.36,11.38,11.4,11.41,900,3600,300,3700,9700,3000,1500,5000,3800,30000,100,1000,5600,4800,19700,2100,1500,4000,8000,1000
94.0,11.26,32900,370943.0,11.26,11.25,11.24,11.23,11.2,11.19,11.1,11.01,11.0,10.88,11.27,11.28,11.3,11.31,11.32,11.35,11.36,11.38,11.4,11.41,500,3600,300,3700,9700,3000,1500,5000,3800,30000,200,1000,4600,4800,19700,2100,1500,4000,8000,1000
95.0,11.26,32900,370943.0,11.26,11.25,11.24,11.23,11.2,11.19,11.1,11.01,11.0,10.88,11.27,11.28,11.3,11.31,11.32,11.35,11.36,11.38,11.4,11.41,500,3600,300,3700,9700,3000,1500,5000,3800,30000,200,1000,4600,4800,19700,2100,1500,4000,8000,1000
96.0,11.27,33000,372070.0,11.26,11.25,11.24,11.23,11.2,11.19,11.1,11.01,11.0,10.88,11.27,11.28,11.3,11.31,11.32,11.35,11.36,11.38,11.4,11.41,500,3600,300,3700,9700,3000,1500,5000,3800,30000,100,1000,4600,4800,19700,2100,1500,4000,8000,1000
97.0,11.27,33000,372070.0,11.26,11.25,11.24,11.23,11.2,11.19,11.1,11.01,11.0,10.88,11.27,11.28,11.3,11.31,11.32,11.35,11.36,11.38,11.4,11.41,500,3600,300,3700,9700,3000,1500,5000,3800,30000,100,3000,4600,4800,19700,2100,1500,4000,8000,1000
98.0,11.26,33100,373196.0,11.26,11.25,11.24,11.23,11.2,11.19,11.1,11.01,11.0,10.88,11.27,11.28,11.3,11.31,11.32,11.35,11.36,11.38,11.4,11.41,400,3600,300,3700,9700,3000,1500,5000,3800,30000,100,3000,4600,4800,19700,2100,1500,4000,8000,1000
99.0,11.26,33100,373196.0,11.26,11.25,11.24,11.23,11.2,11.19,11.1,11.01,11.0,10.88,11.27,11.28,11.3,11.31,11.32,11.35,11.36,11.38,11.4,11.41,400,3600,300,3700,9700,3000,1500,5000,3800,30000,100,3000,4600,4800,19700,2100,1500,4000,8000,1000
100.0,11.26,33100,373196.0,11.26,11.25,11.24,11.23,11.2,11.19,11.1,11.01,11.0,10.88,11.27,11.28,11.3,11.31,11.32,11.35,11.36,11.38,11.4,11.41,400,3600,300,3700,9700,3000,1500,5000,3800,30000,100,3000,4600,4800,19700,2100,1500,4000,8000,1000
101.0,11.26,33100,373196.0,11.26,11.25,11.24,11.23,11.2,11.19,11.1,11.01,11.0,10.88,11.27,11.28,11.3,11.31,11.32,11.35,11.36,11.38,11.4,11.41,400,3600,300,3700,9700,3000,1500,5000,3800,30000,100,3000,4600,4800,19700,2100,1500,4000,8000,1000
102.0,11.26,33100,373196.0,11.26,11.25,11.24,11.23,11.2,11.19,11.1,11.01,11.0,10.88,11.27,11.28,11.3,11.31,11.32,11.35,11.36,11.38,11.4,11.41,400,3600,300,3700,9700,3000,1500,5000,3800,30000,100,3000,4600,4800,19700,2100,1500,4000,8000,1000
103.0,11.26,33100,373196.0,11.26,11.25,11.24,11.23,11.2,11.19,11.1,11.01,11.0,10.88,11.27,11.28,11.3,11.31,11.32,11.35,11.36,11.38,11.4,11.41,400,3600,300,3700,9700,3000,1500,5000,3800,30000,100,3000,4600,4800,19700,2100,1500,4000,8000,1000
104.0,11.26,33100,373196.0,11.26,11.25,11.24,11.23,11.2,11.19,11.1,11.01,11.0,10.88,11.27,11.28,11.3,11.31,11.32,11.35,11.36,11.38,11.4,11.41,400,3600,300,3700,9700,3000,1500,5000,3800,30000,100,3000,4600,4800,19700,2100,1500,4000,8000,1000
105.0,11.26,33100,373196.0,11.26,11.25,11.24,11.23,11.2,11.19,11.1,11.01,11.0,10.88,11.27,11.28,11.3,11.31,11.32,11.35,11.36,11.38,11.4,11.41,400,3600,300,3700,9700,3000,1500,5000,3800,30000,100,3000,4600,4800,19700,2100,1500,4000,8000,1000
106.0,11.26,33100,373196.0,11.26,11.25,11.24,11.23,11.2,11.19,11.1,11.01,11.0,10.88,11.27,11.28,11.3,11.31,11.32,11.35,11.36,11.38,11.4,11.41,400,3600,300,3700,9700,3000,1500,5000,3800,30000,100,3000,4600,4800,19700,2100,1500,4000,8000,1000
107.0,11.26,33100,373196.0,11.26,11.25,11.24,11.23,11.2,11.19,11.1,11.01,11.0,10.88,11.27,11.28,11.3,11.31,11.32,11.35,11.36,11.38,11.4,11.41,400,3600,300,3700,9700,3000,1500,5000,3800,30000,100,3000,4600,4800,19700,2100,1500,4000,8000,1000
108.0,11.26,33100,373196.0,11.26,11.25,11.24,11.23,11.2,11.19,11.1,11.01,11.0,10.88,11.27,11.28,11.3,11.31,11.32,11.35,11.36,11.38,11.4,11.41,400,3600,300,3700,9700,3000,1500,5000,3800,30000,100,1000,4600,4800,19700,2100,1500,4000,8000,1000
109.0,11.26,33100,373196.0,11.26,11.25,11.24,11.23,11.2,11.19,11.1,11.01,11.0,10.88,11.27,11.28,11.3,11.31,11.32,11.35,11.36,11.38,11.4,11.41,700,3600,300,3700,9700,3000,1500,5000,3800,30000,100,1000,4600,4800,19700,2100,1500,4000,8000,1000
110.0,11.26,33200,374322.0,11.26,11.25,11.24,11.23,11.2,11.19,11.1,11.01,11.0,10.88,11.27,11.28,11.3,11.31,11.32,11.35,11.36,11.38,11.4,11.41,600,3600,300,3700,9700,3000,1500,5000,3800,30000,100,1000,4600,4800,19700,2100,1500,4000,8000,1000
111.0,11.26,33200,374322.0,11.26,11.25,11.24,11.23,11.2,11.19,11.1,11.01,11.0,10.88,11.27,11.28,11.3,11.31,11.32,11.35,11.36,11.38,11.4,11.41,600,3600,300,3700,9700,3000,1500,5000,3800,30000,100,1000,4600,4800,19700,2100,1500,4000,8000,1000
112.0,11.26,33200,374322.0,11.26,11.25,11.24,11.23,11.2,11.19,11.1,11.01,11.0,10.88,11.27,11.28,11.3,11.31,11.32,11.35,11.36,11.38,11.4,11.41,600,3600,300,3700,9700,3000,1500,5000,3800,30000,100,1000,4600,4800,19700,2100,1500,4000,8000,1000
113.0,11.26,33200,374322.0,11.26,11.25,11.24,11.23,11.2,11.19,11.1,11.01,11.0,10.88,11.27,11.28,11.3,11.31,11.32,11.35,11.36,11.38,11.4,11.41,600,3600,300,3700,9700,3000,1500,5000,3800,30000,100,1000,4600,4800,19700,2100,1500,4000,8000,1000
114.0,11.26,33200,374322.0,11.26,11.25,11.24,11.23,11.2,11.19,11.1,11.01,11.0,10.88,11.27,11.28,11.3,11.31,11.32,11.35,11.36,11.38,11.4,11.41,600,3600,300,3700,9700,3000,1500,5000,3800,30000,100,1000,4600,4800,19700,2100,1500,4000,8000,1000
115.0,11.26,33200,374322.0,11.26,11.25,11.24,11.23,11.2,11.19,11.1,11.01,11.0,10.87,11.27,11.28,11.3,11.31,11.32,11.35,11.36,11.38,11.4,11.41,600,3600,300,3700,9700,3000,1500,5000,3800,500,100,1000,4600,4800,19700,2100,1500,4000,8000,1000
116.0,11.26,33200,374322.0,11.26,11.25,11.24,11.23,11.2,11.19,11.1,11.01,11.0,10.87,11.27,11.28,11.3,11.31,11.32,11.35,11.36,11.38,11.4,11.41,600,3600,300,3700,9700,3000,1500,5000,3800,500,100,1000,4600,4800,19700,2100,1500,4000,8000,1000
117.0,11.26,33200,374322.0,11.26,11.25,11.24,11.23,11.2,11.19,11.1,11.01,11.0,10.87,11.27,11.28,11.3,11.31,11.32,11.35,11.36,11.38,11.4,11.41,600,3600,300,3700,9700,3000,1500,5000,3800,500,100,1000,4600,4800,19700,2100,1500,4000,8000,1000
118.0,11.26,34200,385585.0,11.25,11.24,11.23,11.2,11.19,11.1,11.01,11.0,10.87,10.82,11.26,11.28,11.3,11.31,11.32,11.35,11.36,11.38,11.4,11.41,3600,300,3700,9600,3000,1500,5000,3800,500,1000,2100,1000,4600,4800,19700,2100,1500,4000,8000,1000
119.0,11.26,34500,388963.0,11.25,11.24,11.23,11.2,11.19,11.1,11.01,11.0,10.87,10.82,11.26,11.28,11.3,11.31,11.32,11.35,11.36,11.38,11.4,11.41,3600,300,3700,9600,3000,1500,5000,3800,500,1000,1800,1000,4600,4800,19700,2100,1500,4000,8000,1000
120.0,11.26,34500,388963.0,11.25,11.24,11.23,11.2,11.19,11.1,11.01,11.0,10.87,10.82,11.26,11.28,11.3,11.31,11.32,11.35,11.36,11.38,11.4,11.41,3600,300,3700,9600,3000,1500,5000,3800,500,1000,1800,1000,4600,4800,19700,2100,1500,4000,8000,1000
121.0,11.26,34500,388963.0,11.25,11.24,11.23,11.2,11.19,11.1,11.01,11.0,10.87,10.82,11.26,11.28,11.3,11.31,11.32,11.35,11.36,11.38,11.4,11.41,3600,300,3700,9600,3000,1500,5000,3800,500,1000,1800,1000,4600,4800,19700,2100,1500,4000,8000,1000
122.0,11.26,36300,409221.0,11.25,11.24,11.23,11.2,11.19,11.1,11.01,11.0,10.87,10.82,11.26,11.28,11.3,11.31,11.32,11.35,11.36,11.38,11.4,11.41,2600,300,3700,9600,3000,1500,5000,3800,500,1000,1000,1000,4600,4800,19700,2100,1500,4000,8000,1000
123.0,11.25,39700,447493.0,11.25,11.24,11.23,11.2,11.19,11.1,11.01,11.0,10.87,10.82,11.28,11.3,11.31,11.32,11.35,11.36,11.38,11.4,11.41,11.43,1500,300,3700,9600,3000,1500,5000,3800,500,1000,1000,4600,4800,19700,2100,1500,4000,8000,1000,500
124.0,11.25,39700,447493.0,11.25,11.24,11.23,11.2,11.19,11.1,11.01,11.0,10.87,10.82,11.28,11.3,11.31,11.32,11.35,11.36,11.38,11.4,11.41,11.43,1600,300,3700,9600,3000,1500,5000,3800,500,1000,1300,4600,4800,19700,2100,1500,4000,8000,1000,500
125.0,11.25,39800,448618.0,11.26,11.25,11.24,11.23,11.2,11.19,11.1,11.01,11.0,10.87,11.28,11.3,11.31,11.32,11.35,11.36,11.38,11.4,11.41,11.43,300,2200,300,3700,9600,3000,1500,5000,3800,500,1400,4600,4800,19700,2100,1500,4000,8000,1000,500
126.0,11.25,39800,448618.0,11.26,11.25,11.24,11.23,11.2,11.19,11.1,11.01,11.0,10.87,11.27,11.28,11.3,11.31,11.32,11.35,11.36,11.38,11.4,11.41,400,2200,300,3700,9600,3000,1500,5000,3800,500,1600,1400,4600,4800,19700,2100,1500,4000,8000,1000
127.0,11.25,39800,448618.0,11.26,11.25,11.24,11.23,11.2,11.19,11.1,11.01,11.0,10.87,11.27,11.28,11.3,11.31,11.32,11.35,11.36,11.38,11.4,11.41,400,2200,300,3700,9600,3000,1500,5000,3800,500,1600,1400,4600,4800,19700,2100,1500,4000,8000,1000
128.0,11.25,40700,458747.0,11.25,11.24,11.23,11.2,11.19,11.1,11.01,11.0,10.87,10.82,11.26,11.27,11.28,11.3,11.31,11.32,11.35,11.36,11.38,11.4,1700,300,3700,9600,3000,1500,5000,3800,500,1000,300,1600,1400,4500,4800,19700,2100,1500,4000,8000
129.0,11.26,41000,462125.0,11.26,11.25,11.24,11.23,11.2,11.19,11.1,11.01,11.0,10.87,11.27,11.28,11.3,11.31,11.32,11.35,11.36,11.38,11.4,11.41,6500,1700,300,3700,9600,3000,1500,5000,3800,500,1600,1400,4500,4800,19700,2100,1500,4000,8000,1000
130.0,11.26,42900,483519.0,11.26,11.25,11.24,11.23,11.2,11.19,11.1,11.01,11.0,10.87,11.27,11.28,11.3,11.31,11.32,11.35,11.36,11.38,11.4,11.41,4600,1700,300,3700,9600,3000,1500,5000,3800,500,1700,1400,4500,4800,19700,2100,1500,4000,8000,1000
131.0,11.26,43300,488023.0,11.26,11.25,11.24,11.23,11.2,11.19,11.1,11.01,11.0,10.87,11.27,11.28,11.3,11.31,11.32,11.35,11.36,11.38,11.4,11.41,4500,1700,300,3700,9600,3000,1500,5000,3800,500,1800,1300,4500,4800,19700,2100,1500,4000,8000,1000
132.0,11.26,43900,494779.0,11.26,11.25,11.24,11.23,11.2,11.19,11.1,11.01,11.0,10.87,11.27,11.28,11.3,11.31,11.32,11.35,11.36,11.38,11.4,11.41,3900,1300,300,3700,9600,3000,1500,5000,3800,500,1800,1300,4500,4800,19700,2100,1500,4000,8000,1000
133.0,11.26,43900,494779.0,11.26,11.25,11.24,11.23,11.2,11.19,11.1,11.01,11.0,10.87,11.27,11.28,11.3,11.31,11.32,11.35,11.36,11.38,11.4,11.41,3900,1300,300,3700,9600,3000,1500,5000,3800,500,1800,1300,4500,4800,19700,2100,1500,4000,8000,1000
134.0,11.26,44600,502661.0,11.26,11.25,11.24,11.23,11.2,11.19,11.1,11.05,11.03,11.01,11.27,11.28,11.3,11.31,11.32,11.35,11.36,11.38,11.4,11.41,3700,1300,300,3700,9600,3000,1500,7000,7000,5000,1800,1300,4500,4800,19700,2100,1500,4000,8000,1000
135.0,11.26,44900,506039.0,11.26,11.25,11.24,11.23,11.2,11.19,11.1,11.05,11.03,11.01,11.27,11.28,11.3,11.31,11.32,11.35,11.36,11.38,11.4,11.41,3400,1300,300,3700,9600,3000,1500,7000,7000,5000,1800,1300,4500,4800,19700,2100,2000,4000,8000,1000
136.0,11.26,44900,506039.0,11.26,11.25,11.24,11.23,11.2,11.19,11.1,11.05,11.03,11.01,11.27,11.28,11.3,11.31,11.32,11.35,11.36,11.38,11.4,11.41,3500,1300,300,3700,9600,3000,1500,7000,7000,5000,1800,1300,4500,4800,19700,2100,2000,4000,8000,1000
137.0,11.26,44900,506039.0,11.26,11.25,11.24,11.23,11.2,11.19,11.1,11.05,11.03,11.01,11.27,11.28,11.3,11.31,11.32,11.35,11.36,11.38,11.4,11.41,3500,1300,300,3700,9600,3000,1500,7000,7000,5000,1800,1300,4500,4800,19700,2100,2000,4000,8000,1000
138.0,11.27,45000,507166.0,11.26,11.25,11.24,11.23,11.2,11.19,11.1,11.05,11.03,11.01,11.27,11.28,11.3,11.31,11.32,11.35,11.36,11.38,11.4,11.41,3700,1300,300,3700,9600,3000,1500,7000,7000,5000,1700,1300,4500,4800,19700,2100,2000,4000,8000,1000
139.0,11.26,45300,510544.0,11.26,11.25,11.24,11.23,11.2,11.19,11.1,11.05,11.03,11.01,11.27,11.28,11.3,11.31,11.32,11.35,11.36,11.38,11.4,11.41,3400,1300,300,3700,9600,3000,1500,7000,7000,5000,1700,1300,4500,4800,19700,2100,2000,4000,8000,1000
140.0,11.26,45300,510544.0,11.26,11.25,11.24,11.23,11.2,11.19,11.1,11.05,11.03,11.01,11.27,11.28,11.3,11.31,11.32,11.35,11.36,11.38,11.4,11.41,3400,1300,300,3700,9600,3000,1500,7000,7000,5000,1700,1300,4500,4800,19700,2100,2000,4000,8000,1000
141.0,11.27,45900,517306.0,11.26,11.25,11.24,11.23,11.2,11.19,11.1,11.05,11.03,11.01,11.27,11.28,11.3,11.31,11.32,11.35,11.36,11.38,11.4,11.41,3400,1300,300,3700,9600,3000,1500,7000,7000,5000,1100,3300,4500,4800,19700,2100,2000,4000,8000,1000
142.0,11.26,46200,520684.0,11.26,11.25,11.24,11.23,11.2,11.19,11.1,11.05,11.03,11.01,11.27,11.28,11.3,11.31,11.32,11.35,11.36,11.38,11.4,11.41,3100,1300,300,3700,9600,3000,1500,7000,7000,5000,1100,3300,4500,4800,19700,2100,2000,4000,8000,1000
143.0,11.26,46200,520684.0,11.26,11.25,11.24,11.23,11.2,11.19,11.1,11.05,11.03,11.01,11.27,11.28,11.3,11.31,11.32,11.35,11.36,11.38,11.4,11.41,3100,1300,300,3700,9600,3000,1500,7000,7000,5000,1100,3300,4500,4800,19700,2100,2000,4000,8000,1000
144.0,11.26,46200,520684.0,11.26,11.25,11.24,11.23,11.2,11.19,11.1,11.05,11.03,11.01,11.27,11.28,11.3,11.31,11.32,11.35,11.36,11.38,11.4,11.41,3100,1300,300,3700,9600,3000,1500,7000,7000,5000,1100,3300,4500,4800,19700,2100,2000,4000,8000,1000
145.0,11.26,46200,520684.0,11.26,11.25,11.24,11.23,11.2,11.19,11.1,11.05,11.03,11.01,11.27,11.28,11.3,11.31,11.32,11.35,11.36,11.38,11.4,11.41,3100,1300,300,3700,9600,3000,1500,7000,7000,5000,1100,3300,4500,4800,19700,2100,2000,4000,8000,1000
146.0,11.26,47100,530818.0,11.26,11.25,11.24,11.23,11.2,11.19,11.15,11.1,11.05,11.03,11.27,11.28,11.3,11.31,11.32,11.35,11.36,11.38,11.4,11.41,2200,1300,300,3700,9600,3000,2000,1500,7000,7000,1100,3300,4500,4800,19700,2100,2000,4000,8000,1000
147.0,11.26,47100,530818.0,11.26,11.25,11.24,11.23,11.2,11.19,11.15,11.1,11.05,11.03,11.27,11.28,11.3,11.31,11.32,11.35,11.36,11.38,11.4,11.41,2200,1300,300,3700,9600,3000,2000,1500,7000,7000,1100,3300,4500,4800,19700,2100,2000,4000,8000,1000
148.0,11.26,47100,530818.0,11.26,11.25,11.24,11.23,11.2,11.19,11.15,11.1,11.05,11.03,11.27,11.28,11.3,11.31,11.32,11.35,11.36,11.38,11.4,11.41,2200,1300,300,3700,9600,3000,2000,1500,7000,7000,1100,3300,4500,4800,19700,2100,2000,4000,8000,1000
149.0,11.26,47300,533070.0,11.26,11.25,11.24,11.23,11.2,11.19,11.15,11.1,11.05,11.03,11.27,11.28,11.3,11.31,11.32,11.35,11.36,11.38,11.4,11.41,2000,1300,300,3700,9600,3000,2000,1500,7000,7000,1100,3300,4500,4800,19700,2100,2000,4000,8000,1000
150.0,11.26,47300,533070.0,11.26,11.25,11.24,11.23,11.2,11.19,11.15,11.1,11.05,11.03,11.27,11.28,11.3,11.31,11.32,11.35,11.36,11.38,11.4,11.41,2000,1300,300,3700,9600,3000,2000,1500,7000,7000,1100,3300,4500,4800,19700,2100,2000,4000,8000,1000
151.0,11.26,47300,533070.0,11.26,11.25,11.24,11.23,11.2,11.19,11.15,11.1,11.05,11.03,11.27,11.28,11.3,11.31,11.32,11.35,11.36,11.38,11.4,11.41,2000,1300,300,3700,9600,3000,2000,1500,7000,7000,1100,3300,4500,4800,19700,2100,2000,4000,8000,1000
152.0,11.26,47300,533070.0,11.26,11.25,11.24,11.23,11.2,11.19,11.15,11.1,11.05,11.03,11.27,11.28,11.3,11.31,11.32,11.35,11.36,11.38,11.4,11.41,2000,1300,300,3700,9600,3000,2000,1500,7000,7000,1100,3300,4500,4800,19700,2100,2000,4000,8000,1000
153.0,11.26,49400,556717.0,11.25,11.24,11.23,11.2,11.19,11.15,11.1,11.05,11.03,11.01,11.26,11.27,11.28,11.3,11.31,11.32,11.35,11.36,11.38,11.4,1300,300,3700,9600,3000,2000,1500,7000,7000,5000,500,1000,3300,4500,4800,19700,2100,2000,4000,8000
154.0,11.25,50700,571342.0,11.24,11.23,11.2,11.19,11.15,11.1,11.05,11.03,11.01,11.0,11.25,11.26,11.27,11.28,11.3,11.31,11.32,11.35,11.36,11.38,300,3700,9600,3000,2000,1500,7000,7000,5000,3800,500,5500,1000,3300,4500,4800,19700,2100,2000,4000
155.0,11.25,51000,574717.0,11.24,11.23,11.2,11.19,11.15,11.1,11.05,11.03,11.01,11.0,11.25,11.26,11.27,11.28,11.3,11.31,11.32,11.35,11.36,11.38,300,3700,9600,3000,2000,1500,7000,7000,5000,3800,1300,5400,1000,3300,4500,4800,19700,2100,2000,4000
156.0,11.25,51000,574717.0,11.24,11.23,11.2,11.19,11.15,11.1,11.05,11.03,11.01,11.0,11.25,11.26,11.27,11.28,11.3,11.31,11.32,11.35,11.36,11.38,300,3700,9600,3000,2000,1500,7000,7000,5000,3800,1300,5400,1000,3300,4500,4800,19700,2100,2000,4000
157.0,11.25,54200,610717.0,11.24,11.23,11.2,11.19,11.15,11.1,11.05,11.03,11.01,11.0,11.25,11.26,11.27,11.28,11.3,11.31,11.32,11.35,11.36,11.38,300,3700,9600,3000,2000,1500,7000,7000,5000,3800,500,5400,1000,3300,4500,4800,19700,2100,2000,4000
158.0,11.25,54200,610717.0,11.24,11.23,11.2,11.19,11.15,11.1,11.05,11.03,11.01,11.0,11.25,11.26,11.27,11.28,11.3,11.31,11.32,11.35,11.36,11.38,300,1100,9600,5600,2000,1500,7000,7000,5000,3800,4100,4600,900,3300,4500,4800,19700,2100,2000,4000
159.0,11.25,54200,610717.0,11.24,11.23,11.2,11.19,11.15,11.1,11.05,11.03,11.01,11.0,11.25,11.26,11.27,11.28,11.3,11.31,11.32,11.35,11.36,11.38,300,1100,9600,5600,2000,1500,7000,7000,5000,3800,4100,4600,100,3300,4500,4800,19700,2100,2000,4000
160.0,11.25,54200,610717.0,11.24,11.23,11.2,11.19,11.15,11.1,11.05,11.03,11.01,11.0,11.25,11.26,11.27,11.28,11.3,11.31,11.32,11.35,11.36,11.38,300,1100,9600,5600,2000,1500,7000,7000,5000,3800,4100,4600,100,3300,4500,4800,19700,2100,2000,4000
161.0,11.24,54300,611841.0,11.24,11.23,11.2,11.19,11.15,11.1,11.05,11.03,11.01,11.0,11.25,11.26,11.27,11.28,11.3,11.31,11.32,11.35,11.36,11.38,200,1100,9600,5600,2000,1500,7000,7000,5000,3800,4000,3700,100,3300,4500,4800,19700,2100,2000,4000
162.0,11.24,54500,614089.0,11.23,11.2,11.19,11.15,11.1,11.05,11.03,11.01,11.0,10.87,11.24,11.25,11.26,11.27,11.28,11.3,11.31,11.32,11.35,11.36,1100,9600,5600,2000,1500,7000,7000,5000,3800,500,700,4000,3700,100,3300,4500,4800,19700,2100,2000
163.0,11.24,54800,617459.0,11.23,11.2,11.19,11.15,11.11,11.1,11.08,11.05,11.03,11.01,11.24,11.25,11.26,11.27,11.28,11.3,11.31,11.32,11.35,11.36,900,9600,5600,2000,7200,1500,6900,7000,7000,12200,600,4000,3700,100,3300,4500,4800,19700,2100,2000
164.0,11.24,54800,617459.0,11.23,11.2,11.19,11.15,11.13,11.11,11.1,11.08,11.05,11.03,11.24,11.25,11.26,11.27,11.28,11.3,11.31,11.32,11.35,11.36,900,9600,5600,2000,7100,7200,1500,6900,7000,7000,600,4000,3700,100,3300,4500,4800,19700,2100,2000
165.0,11.24,54800,617459.0,11.23,11.2,11.19,11.15,11.13,11.11,11.1,11.08,11.05,11.03,11.24,11.25,11.26,11.27,11.28,11.3,11.31,11.32,11.35,11.36,900,9600,5600,2000,7100,7200,1500,6900,7000,7000,600,4000,3700,100,3300,4500,4800,19700,2100,2000
166.0,11.24,54800,617459.0,11.23,11.2,11.19,11.15,11.13,11.11,11.1,11.08,11.05,11.03,11.24,11.25,11.26,11.27,11.28,11.3,11.31,11.32,11.35,11.36,900,9600,5600,2000,7100,7200,1500,6900,7000,7000,600,4000,3700,100,3300,4500,4800,19700,2100,2000
167.0,11.24,55400,624203.0,11.24,11.23,11.2,11.19,11.15,11.13,11.11,11.1,11.08,11.05,11.25,11.26,11.27,11.28,11.3,11.31,11.32,11.35,11.36,11.38,400,900,9600,5600,2000,7100,7200,1500,6900,7000,4000,3700,100,3300,4500,4800,19700,2100,2000,4000
168.0,11.24,55400,624203.0,11.24,11.23,11.2,11.19,11.15,11.13,11.11,11.1,11.08,11.05,11.25,11.26,11.27,11.28,11.3,11.31,11.32,11.35,11.36,11.38,400,900,9600,5600,2000,7100,7200,1500,6900,7000,4000,3700,100,3300,4500,4800,19700,2100,2000,4000
169.0,11.24,55400,624203.0,11.24,11.23,11.2,11.19,11.15,11.13,11.11,11.1,11.08,11.05,11.25,11.26,11.27,11.28,11.3,11.31,11.32,11.35,11.36,11.38,400,900,9600,5600,2000,7100,7200,1500,6900,7000,4000,3700,100,3300,4500,4800,19700,2100,2000,4000
170.0,11.24,55400,624203.0,11.24,11.23,11.2,11.19,11.15,11.13,11.11,11.1,11.08,11.05,11.25,11.26,11.27,11.28,11.3,11.31,11.32,11.35,11.36,11.38,500,900,9600,5600,2000,7100,7200,1500,6900,7000,4000,3700,100,3300,4500,4800,19700,2100,2000,4000
171.0,11.24,55400,624203.0,11.24,11.23,11.2,11.19,11.15,11.13,11.11,11.1,11.08,11.05,11.25,11.26,11.27,11.28,11.3,11.31,11.32,11.35,11.36,11.38,500,900,9600,5600,2000,7100,7200,1500,6900,7000,4000,3700,100,3300,4500,4800,19700,2100,2000,4000
172.0,11.24,55400,624203.0,11.24,11.23,11.2,11.19,11.15,11.13,11.11,11.1,11.08,11.05,11.25,11.26,11.27,11.28,11.3,11.31,11.32,11.35,11.36,11.38,500,900,9600,5600,2000,7100,7200,1500,6900,7000,4000,3700,100,3300,4500,4800,19700,2100,2000,4000
173.0,11.24,55400,624203.0,11.24,11.23,11.2,11.19,11.15,11.13,11.11,11.1,11.08,11.05,11.25,11.26,11.27,11.28,11.3,11.31,11.32,11.35,11.36,11.38,500,900,9600,5600,2000,7100,7200,1500,6900,7000,4000,3700,100,3300,4500,4800,19700,2100,2000,4000
174.0,11.24,55400,624203.0,11.24,11.23,11.2,11.19,11.15,11.13,11.11,11.1,11.08,11.05,11.25,11.26,11.27,11.28,11.3,11.31,11.32,11.35,11.36,11.38,500,900,9600,5600,2000,7100,7200,1500,6900,7000,4000,3700,100,3300,4500,4800,19700,2100,2000,4000
175.0,11.24,55400,624203.0,11.24,11.23,11.2,11.19,11.15,11.13,11.11,11.1,11.08,11.05,11.25,11.26,11.27,11.28,11.3,11.31,11.32,11.35,11.36,11.38,500,900,9600,5600,2000,7100,7200,1500,6900,7000,4000,3700,100,1300,4500,4800,19700,2100,2000,4000
176.0,11.24,55400,624203.0,11.24,11.23,11.2,11.19,11.15,11.13,11.11,11.1,11.08,11.05,11.25,11.26,11.27,11.28,11.3,11.31,11.32,11.35,11.36,11.38,600,900,9600,5600,2000,7100,7200,1500,6900,7000,4000,3700,100,1300,4500,4800,19700,2100,2000,4000
177.0,11.24,55400,624203.0,11.24,11.23,11.2,11.19,11.15,11.13,11.11,11.1,11.08,11.05,11.25,11.26,11.27,11.28,11.3,11.31,11.32,11.35,11.36,11.38,600,900,9600,5600,2000,7100,7200,1500,6900,7000,4000,3700,100,1300,4500,4800,19700,2100,2000,4000
178.0,11.24,55400,624203.0,11.24,11.23,11.2,11.19,11.15,11.13,11.11,11.1,11.08,11.05,11.25,11.26,11.27,11.28,11.3,11.31,11.32,11.35,11.36,11.38,600,900,9600,5600,2000,7100,7200,1500,6900,7000,4000,3700,100,1300,4500,4800,19700,2100,2000,4000
179.0,11.24,55400,624203.0,11.24,11.23,11.2,11.19,11.15,11.13,11.11,11.1,11.08,11.05,11.25,11.26,11.27,11.28,11.3,11.31,11.32,11.35,11.36,11.38,600,900,9600,5600,2000,7100,7200,1500,6900,7000,4000,3700,100,1300,4500,4800,19700,2100,2000,4000
180.0,11.24,55400,624203.0,11.24,11.23,11.2,11.19,11.15,11.13,11.11,11.1,11.08,11.05,11.25,11.26,11.27,11.28,11.3,11.31,11.32,11.35,11.36,11.38,600,900,9600,5600,2000,7100,7200,1500,6900,7000,4000,3700,100,1300,4500,4800,19700,2100,2000,4000
181.0,11.24,55900,629823.0,11.24,11.23,11.2,11.19,11.15,11.13,11.11,11.1,11.08,11.05,11.25,11.26,11.27,11.28,11.3,11.31,11.32,11.35,11.36,11.38,400,900,9600,5600,2000,7100,7200,1500,6900,7000,4000,3700,100,1300,4500,4800,19700,2100,2000,4000
182.0,11.24,55900,629823.0,11.24,11.23,11.2,11.19,11.15,11.13,11.11,11.1,11.08,11.05,11.25,11.26,11.27,11.28,11.3,11.31,11.32,11.35,11.36,11.38,400,900,9600,5600,2000,7100,7200,1500,6900,7000,4000,3700,100,1300,4500,4800,19700,2100,2000,4000
183.0,11.24,55900,629823.0,11.24,11.23,11.2,11.19,11.15,11.13,11.11,11.1,11.08,11.05,11.25,11.26,11.27,11.28,11.3,11.31,11.32,11.35,11.36,11.38,400,900,9600,5600,2000,7100,7200,1500,6900,7000,4000,3700,100,1300,4500,4800,19700,2100,2000,4000
184.0,11.24,55900,629823.0,11.24,11.23,11.2,11.19,11.15,11.13,11.11,11.1,11.08,11.05,11.25,11.26,11.27,11.28,11.3,11.31,11.32,11.35,11.36,11.38,400,900,9600,5600,2000,7100,7200,1500,6900,7000,4000,3700,100,1300,4500,4800,19700,2100,2000,4000
185.0,11.24,55900,629823.0,11.24,11.23,11.2,11.19,11.15,11.13,11.11,11.1,11.08,11.05,11.25,11.26,11.27,11.28,11.3,11.31,11.32,11.35,11.36,11.38,300,900,9600,5600,2000,7100,7200,1500,6900,7000,4000,3700,100,1300,4500,4800,19700,2100,2000,4000
186.0,11.24,55900,629823.0,11.24,11.23,11.2,11.19,11.15,11.13,11.11,11.1,11.08,11.05,11.25,11.26,11.27,11.28,11.3,11.31,11.32,11.35,11.36,11.38,300,900,9600,5600,2000,7100,7200,1500,6900,7000,4000,3700,100,1300,4500,4800,19700,2100,2000,4000
187.0,11.24,55900,629823.0,11.24,11.23,11.2,11.19,11.15,11.13,11.11,11.1,11.08,11.05,11.25,11.26,11.27,11.28,11.3,11.31,11.32,11.35,11.36,11.38,300,900,9600,5600,2000,7100,7200,1500,6900,7000,4000,3700,600,1300,4500,4800,19700,2100,2000,4000
188.0,11.25,59900,674823.0,11.25,11.24,11.23,11.2,11.19,11.15,11.13,11.11,11.1,11.08,11.26,11.27,11.28,11.3,11.31,11.32,11.35,11.36,11.38,11.4,400,4000,900,9600,5600,2000,7100,7200,1500,6900,3700,600,1300,4500,4800,19700,2100,2000,4000,8000
189.0,11.25,59900,674823.0,11.25,11.24,11.23,11.2,11.19,11.15,11.13,11.11,11.1,11.08,11.26,11.27,11.28,11.3,11.31,11.32,11.35,11.36,11.38,11.4,600,4700,900,9600,5600,2000,7100,7200,1500,6900,3700,600,1300,4500,4800,19700,2100,2000,4000,8000
190.0,11.25,59900,674823.0,11.25,11.24,11.23,11.2,11.19,11.15,11.13,11.11,11.1,11.08,11.26,11.27,11.28,11.3,11.31,11.32,11.35,11.36,11.38,11.4,600,4700,900,9600,5600,2000,7100,7200,1500,6900,3700,600,1300,4500,4800,19700,2100,2000,4000,8000
191.0,11.26,60000,675949.0,11.25,11.24,11.23,11.2,11.19,11.15,11.13,11.11,11.1,11.08,11.26,11.27,11.28,11.3,11.31,11.32,11.35,11.36,11.38,11.4,900,4700,900,9600,5600,2000,7100,7200,1500,6900,3600,600,1300,4500,4800,19700,2100,2000,4000,8000
192.0,11.25,60100,677074.0,11.25,11.24,11.23,11.2,11.19,11.15,11.13,11.11,11.1,11.08,11.26,11.27,11.28,11.3,11.31,11.32,11.35,11.36,11.38,11.4,800,4700,900,9600,5600,2000,7100,7200,1500,6900,3600,600,1300,4500,4800,19700,2100,2000,4000,8000
193.0,11.25,60100,677074.0,11.25,11.24,11.23,11.2,11.19,11.15,11.13,11.11,11.1,11.08,11.26,11.27,11.28,11.3,11.31,11.32,11.35,11.36,11.38,11.4,800,4700,900,9600,5600,2000,7100,7200,1500,6900,3600,600,1300,4500,4800,19700,2100,2000,4000,8000
194.0,11.25,60100,677074.0,11.25,11.24,11.23,11.2,11.19,11.15,11.13,11.11,11.1,11.08,11.26,11.27,11.28,11.3,11.31,11.32,11.35,11.36,11.38,11.4,800,5100,900,9600,5600,2000,7100,7200,1500,6900,3600,600,1300,4500,4800,19700,2100,2000,4000,8000
195.0,11.25,60100,677074.0,11.25,11.24,11.23,11.2,11.19,11.15,11.13,11.11,11.1,11.08,11.26,11.27,11.28,11.3,11.31,11.32,11.35,11.36,11.38,11.4,800,5100,900,9600,5600,2000,7100,7200,1500,6900,3600,600,1300,4500,4800,19700,2100,2000,4000,8000
196.0,11.25,60100,677074.0,11.25,11.24,11.23,11.2,11.19,11.15,11.13,11.11,11.1,11.08,11.26,11.27,11.28,11.3,11.31,11.32,11.35,11.36,11.38,11.4,800,5100,900,9600,5600,2000,7100,7200,1500,6900,3600,600,1300,4500,4800,19700,2100,2000,4000,8000
197.0,11.25,60100,677074.0,11.25,11.24,11.23,11.22,11.2,11.19,11.15,11.13,11.11,11.1,11.26,11.27,11.28,11.3,11.31,11.32,11.35,11.36,11.38,11.4,800,5100,900,600,9600,5600,2000,7100,7200,1500,3600,600,1300,4500,4800,19700,2100,2000,4000,8000
198.0,11.25,60100,677074.0,11.25,11.24,11.23,11.22,11.2,11.19,11.15,11.13,11.11,11.1,11.26,11.27,11.28,11.3,11.31,11.32,11.35,11.36,11.38,11.4,800,5100,900,600,9600,5600,2000,7100,7200,1500,3600,600,1300,4500,4800,19700,2100,2000,4000,8000
199.0,11.25,60100,677074.0,11.25,11.24,11.23,11.22,11.2,11.19,11.15,11.13,11.11,11.1,11.26,11.27,11.28,11.3,11.31,11.32,11.35,11.36,11.38,11.4,800,5100,900,600,9600,5600,2000,7100,7200,1500,3600,600,1300,4500,4800,19700,2100,2000,4000,8000
200.0,11.25,60100,677074.0,11.25,11.24,11.23,11.22,11.2,11.19,11.15,11.13,11.11,11.1,11.26,11.27,11.28,11.3,11.31,11.32,11.35,11.36,11.38,11.4,800,5100,900,600,9600,5600,2000,7100,7200,1500,3600,600,1300,4500,4800,19700,2100,2000,4000,8000
201.0,11.25,60100,677074.0,11.25,11.24,11.23,11.22,11.2,11.19,11.15,11.13,11.11,11.1,11.26,11.27,11.28,11.3,11.31,11.32,11.35,11.36,11.38,11.4,800,4700,900,600,9600,5600,2000,7100,7200,1500,3600,600,1300,4500,4800,19700,2100,2000,4000,8000
202.0,11.25,60100,677074.0,11.25,11.24,11.23,11.22,11.2,11.19,11.15,11.13,11.11,11.1,11.26,11.27,11.28,11.3,11.31,11.32,11.35,11.36,11.38,11.4,800,4700,900,600,9600,5600,2000,7100,7200,1500,3600,600,1300,4500,4800,19700,2100,2000,4000,8000
203.0,11.25,60100,677074.0,11.25,11.24,11.23,11.22,11.2,11.19,11.15,11.13,11.11,11.1,11.26,11.27,11.28,11.3,11.31,11.32,11.35,11.36,11.38,11.4,800,4700,900,600,9600,5600,2000,7100,7200,1500,3600,600,1300,4500,4800,19700,2100,2000,4000,8000
204.0,11.25,60200,678199.0,11.25,11.24,11.23,11.22,11.2,11.19,11.15,11.13,11.11,11.1,11.26,11.27,11.28,11.3,11.31,11.32,11.35,11.36,11.38,11.4,700,4700,900,600,9600,5600,2000,7100,7200,1500,3600,600,1300,4500,4800,19700,2100,2000,4000,8000
205.0,11.25,60200,678199.0,11.25,11.24,11.23,11.22,11.2,11.19,11.15,11.13,11.11,11.1,11.26,11.27,11.28,11.3,11.31,11.32,11.35,11.36,11.38,11.4,700,4700,900,600,9600,5600,2000,7100,7200,1500,3600,600,1300,4500,4800,19700,2100,2000,4000,8000
206.0,11.25,60200,678199.0,11.25,11.24,11.23,11.22,11.2,11.19,11.15,11.13,11.11,11.1,11.26,11.27,11.28,11.3,11.31,11.32,11.35,11.36,11.38,11.4,1100,4700,900,600,9600,5600,2000,7100,7200,1500,3600,600,1300,4500,4800,19700,2100,2000,4000,8000
207.0,11.25,60400,680449.0,11.25,11.24,11.23,11.22,11.2,11.19,11.15,11.13,11.11,11.1,11.26,11.27,11.28,11.3,11.31,11.32,11.35,11.36,11.38,11.4,900,4700,900,600,9600,5600,2000,7100,7200,1500,3400,600,1300,4500,4800,19700,2100,2000,4000,8000
208.0,11.25,60400,680449.0,11.25,11.24,11.23,11.22,11.2,11.19,11.15,11.13,11.11,11.1,11.26,11.27,11.28,11.3,11.31,11.32,11.35,11.36,11.38,11.4,1200,4700,900,600,9600,5600,2000,7100,7200,1500,3400,100,1300,4500,4800,19700,2100,2000,4000,8000
209.0,11.25,60400,680449.0,11.25,11.24,11.23,11.22,11.2,11.19,11.15,11.13,11.11,11.1,11.26,11.27,11.28,11.3,11.31,11.32,11.35,11.36,11.38,11.4,1200,4700,900,600,9600,5600,2000,7100,7200,1500,3400,100,1300,4500,4800,19700,2100,2000,4000,8000
210.0,11.25,60400,680449.0,11.25,11.24,11.23,11.22,11.2,11.19,11.15,11.13,11.11,11.1,11.26,11.27,11.28,11.3,11.31,11.32,11.35,11.36,11.38,11.4,1200,4700,900,600,9600,5600,2000,7100,7200,1500,3400,100,1300,4500,4800,19700,2100,2000,4000,8000
211.0,11.26,60700,683826.0,11.25,11.24,11.23,11.22,11.2,11.19,11.15,11.13,11.11,11.1,11.26,11.27,11.28,11.3,11.31,11.32,11.35,11.36,11.38,11.4,1100,4700,900,600,9500,5600,2000,7100,7200,1500,3200,100,1300,4500,4800,19700,2100,2000,4000,8000
212.0,11.26,60700,683826.0,11.25,11.24,11.23,11.22,11.2,11.19,11.15,11.13,11.11,11.1,11.26,11.27,11.28,11.3,11.31,11.32,11.35,11.36,11.38,11.4,1100,4700,900,600,9500,5600,2000,7100,7200,1500,3200,100,1300,4500,4800,19700,2100,2000,4000,8000
213.0,11.26,61000,687204.0,11.25,11.24,11.23,11.22,11.2,11.19,11.15,11.13,11.11,11.1,11.26,11.27,11.28,11.3,11.31,11.32,11.35,11.36,11.38,11.4,1100,4700,900,600,9500,5600,2000,7100,7200,1500,2900,100,1400,4500,4800,19700,2100,2000,4000,8000
214.0,11.25,61100,688329.0,11.25,11.24,11.23,11.22,11.2,11.19,11.15,11.13,11.11,11.1,11.26,11.27,11.28,11.3,11.31,11.32,11.35,11.36,11.38,11.4,1000,4700,900,600,9500,5600,2000,7100,7200,1500,2900,2100,1400,4500,4800,19700,2100,2000,4000,8000
215.0,11.25,61200,689454.0,11.25,11.24,11.23,11.22,11.2,11.19,11.15,11.13,11.11,11.1,11.26,11.27,11.28,11.3,11.31,11.32,11.35,11.36,11.38,11.4,900,4700,900,600,9500,5600,2000,7100,7200,1500,2900,2100,1400,4500,4800,19700,2100,2000,4000,8000
216.0,11.26,61400,691705.0,11.25,11.24,11.23,11.22,11.2,11.19,11.15,11.13,11.11,11.1,11.26,11.27,11.28,11.3,11.31,11.32,11.35,11.36,11.38,11.4,800,4700,900,600,9500,5600,2000,7100,7200,1500,2800,2100,1400,4500,4800,19700,2100,2000,4000,8000
217.0,11.26,61500,692831.0,11.25,11.24,11.23,11.22,11.2,11.19,11.15,11.13,11.11,11.1,11.26,11.27,11.28,11.3,11.31,11.32,11.35,11.36,11.38,11.4,800,4600,900,600,9500,5600,2000,7100,7200,1500,2700,2100,1400,4500,4800,19700,2100,2000,4000,8000
218.0,11.26,61500,692831.0,11.25,11.24,11.23,11.22,11.2,11.19,11.15,11.13,11.11,11.1,11.26,11.27,11.28,11.3,11.31,11.32,11.35,11.36,11.38,11.4,800,4600,900,600,9500,5600,2000,7100,7200,1500,2700,2100,1400,4500,4800,19700,2100,2000,4000,8000
219.0,11.26,61500,692831.0,11.25,11.24,11.23,11.22,11.2,11.19,11.15,11.13,11.11,11.1,11.26,11.27,11.28,11.29,11.3,11.31,11.32,11.35,11.36,11.38,800,4600,900,600,9500,5600,2000,7100,7200,1500,2700,2100,1400,500,4500,4800,19700,2100,2000,4000
220.0,11.26,62200,700713.0,11.25,11.24,11.23,11.22,11.2,11.19,11.15,11.13,11.11,11.1,11.26,11.27,11.28,11.29,11.3,11.31,11.32,11.35,11.36,11.38,800,3900,900,600,9500,5600,2000,7100,7200,1500,2000,2100,1400,500,4500,4800,19700,2100,2000,4000
221.0,11.26,62200,700713.0,11.25,11.24,11.23,11.22,11.2,11.19,11.15,11.13,11.11,11.1,11.26,11.27,11.28,11.29,11.3,11.31,11.32,11.35,11.36,11.38,800,3900,900,600,9500,5600,2000,7100,7200,1500,2000,2100,1400,500,4500,4800,19700,2100,2000,4000
222.0,11.26,62200,700713.0,11.25,11.24,11.23,11.22,11.2,11.19,11.15,11.13,11.11,11.1,11.26,11.27,11.28,11.29,11.3,11.31,11.32,11.35,11.36,11.38,800,3900,900,600,9500,5600,2000,7100,7200,1500,2000,2100,1400,500,4500,4800,19700,2100,2000,4000
223.0,11.26,63300,713099.0,11.25,11.24,11.23,11.22,11.2,11.19,11.15,11.13,11.11,11.1,11.26,11.27,11.28,11.29,11.3,11.31,11.32,11.35,11.36,11.38,800,3900,900,600,9500,5600,2000,7100,7200,1500,900,2100,1400,500,4500,4800,19700,2100,2000,4000
224.0,11.26,63400,714225.0,11.25,11.24,11.23,11.22,11.2,11.19,11.15,11.13,11.11,11.1,11.26,11.27,11.28,11.29,11.3,11.31,11.32,11.35,11.36,11.38,800,3900,900,600,9500,5600,2000,7100,7200,1500,800,2100,1400,500,4500,4800,19700,2100,2000,4000
225.0,11.26,63400,714225.0,11.25,11.24,11.23,11.22,11.2,11.19,11.15,11.13,11.11,11.1,11.26,11.27,11.28,11.29,11.3,11.31,11.32,11.35,11.36,11.38,800,3900,900,600,9500,5600,2000,7100,7200,1500,800,2100,1400,500,4500,4800,19700,2100,2000,4000
226.0,11.26,63400,714225.0,11.25,11.24,11.23,11.22,11.2,11.19,11.15,11.13,11.11,11.1,11.26,11.27,11.28,11.29,11.3,11.31,11.32,11.35,11.36,11.38,800,3900,900,600,9500,5600,2000,7100,7200,1500,800,2100,1400,500,4500,4800,19700,2100,2000,4000
227.0,11.25,63500,715350.0,11.25,11.24,11.23,11.22,11.2,11.19,11.15,11.13,11.11,11.1,11.26,11.27,11.28,11.29,11.3,11.31,11.32,11.35,11.36,11.38,700,3900,900,600,9500,5600,2000,7100,7200,1500,800,2200,1400,500,4500,4800,19700,2100,2000,4000
228.0,11.25,63500,715350.0,11.25,11.24,11.23,11.22,11.2,11.19,11.15,11.13,11.11,11.1,11.26,11.27,11.28,11.29,11.3,11.31,11.32,11.35,11.36,11.38,700,3900,900,600,9500,5600,2000,7100,7200,1500,800,2200,1400,500,4500,4800,19700,2100,2000,4000
229.0,11.25,63500,715350.0,11.25,11.24,11.23,11.22,11.2,11.19,11.15,11.13,11.11,11.1,11.26,11.27,11.28,11.29,11.3,11.31,11.32,11.35,11.36,11.38,700,3900,900,600,9500,5600,2000,7100,7200,1500,800,2200,1400,500,4500,4800,19700,2100,2000,4000
230.0,11.25,63500,715350.0,11.25,11.24,11.23,11.22,11.2,11.19,11.15,11.13,11.11,11.1,11.26,11.27,11.28,11.29,11.3,11.31,11.32,11.35,11.36,11.38,700,3900,900,600,9500,5600,2000,7100,7200,1500,800,2200,1400,500,4500,4800,19700,2100,2000,4000
231.0,11.25,63500,715350.0,11.25,11.24,11.23,11.22,11.2,11.19,11.15,11.13,11.11,11.1,11.26,11.27,11.28,11.29,11.3,11.31,11.32,11.35,11.36,11.38,700,3900,900,600,9500,5600,2000,7100,7200,1500,800,2200,1400,500,4500,4800,19700,2100,2000,4000
232.0,11.25,63500,715350.0,11.25,11.24,11.23,11.22,11.2,11.19,11.15,11.13,11.11,11.1,11.26,11.27,11.28,11.29,11.3,11.31,11.32,11.35,11.36,11.38,700,3900,900,600,9500,5600,2000,7100,7200,1500,800,2200,1400,500,4500,4800,19700,2100,2000,4000
233.0,11.25,63500,715350.0,11.25,11.24,11.23,11.22,11.2,11.19,11.15,11.13,11.11,11.1,11.26,11.27,11.28,11.29,11.3,11.31,11.32,11.35,11.36,11.38,300,3900,900,600,9500,5600,2000,7100,7200,1500,800,2200,1400,500,4500,4800,19700,2100,2000,4000
234.0,11.25,63500,715350.0,11.25,11.24,11.23,11.22,11.2,11.19,11.15,11.13,11.11,11.1,11.26,11.27,11.28,11.29,11.3,11.31,11.32,11.35,11.36,11.38,300,3900,900,600,9500,5600,2000,7100,7200,1500,800,2200,1400,500,4500,4800,19700,2100,2000,4000
235.0,11.25,63500,715350.0,11.25,11.24,11.23,11.22,11.2,11.19,11.15,11.13,11.11,11.1,11.26,11.27,11.28,11.29,11.3,11.31,11.32,11.35,11.36,11.38,300,3900,900,600,9500,5600,2000,7100,7200,1500,800,2200,1400,500,4500,4800,19700,2100,2000,4000
236.0,11.25,63500,715350.0,11.25,11.24,11.23,11.22,11.2,11.19,11.15,11.13,11.11,11.1,11.26,11.27,11.28,11.29,11.3,11.31,11.32,11.35,11.36,11.38,300,3900,900,600,9500,5600,2000,7100,7200,1500,800,2200,1400,500,4500,4800,19700,2100,2000,4000
237.0,11.25,63500,715350.0,11.25,11.24,11.23,11.22,11.2,11.19,11.15,11.13,11.11,11.1,11.26,11.27,11.28,11.29,11.3,11.31,11.32,11.35,11.36,11.38,300,3900,900,600,9500,5600,2000,7100,7200,1500,800,2200,1400,500,4500,4800,19700,2100,2000,4000
238.0,11.25,63500,715350.0,11.25,11.24,11.23,11.22,11.2,11.19,11.15,11.13,11.11,11.1,11.26,11.27,11.28,11.29,11.3,11.31,11.32,11.35,11.36,11.38,300,3900,900,600,9500,5600,2000,7100,7200,1500,800,2200,1400,500,4500,4800,19700,2100,2000,4000
239.0,11.25,63500,715350.0,11.25,11.24,11.23,11.22,11.2,11.19,11.15,11.13,11.11,11.1,11.26,11.27,11.28,11.29,11.3,11.31,11.32,11.35,11.36,11.38,300,3900,900,600,9500,5600,2000,7100,7200,1500,800,2200,1400,500,4500,5100,19700,2100,2000,4000
240.0,11.25,63500,715350.0,11.25,11.24,11.23,11.22,11.2,11.19,11.15,11.13,11.11,11.1,11.26,11.27,11.28,11.29,11.3,11.31,11.32,11.35,11.36,11.38,300,3900,900,600,9500,5600,2000,7100,7200,1500,800,2200,1400,500,4500,5100,19700,2100,2000,4000
241.0,11.26,64300,724358.0,11.25,11.24,11.23,11.22,11.2,11.19,11.15,11.13,11.11,11.1,11.27,11.28,11.29,11.3,11.31,11.32,11.35,11.36,11.38,11.4,300,3800,900,600,9400,5600,2000,7100,7200,1500,2200,1400,500,4500,5100,19700,2100,2000,4000,8000
242.0,11.26,64300,724358.0,11.26,11.25,11.24,11.23,11.22,11.2,11.19,11.15,11.13,11.11,11.27,11.28,11.29,11.3,11.31,11.32,11.35,11.36,11.38,11.4,300,400,3800,900,600,9400,5600,2000,7100,7200,2300,1400,500,4500,5100,19700,2100,2000,4000,8000
243.0,11.26,64300,724358.0,11.26,11.25,11.24,11.23,11.22,11.2,11.19,11.15,11.13,11.11,11.27,11.28,11.29,11.3,11.31,11.32,11.35,11.36,11.38,11.4,300,400,3800,900,600,9400,5600,2000,7100,7200,2300,1400,500,4500,5100,19700,2100,2000,4000,8000
244.0,11.27,64500,726612.0,11.26,11.25,11.24,11.23,11.22,11.2,11.19,11.15,11.13,11.11,11.27,11.28,11.29,11.3,11.31,11.32,11.35,11.36,11.38,11.4,300,400,3800,900,600,9400,5600,2000,7100,7200,2100,1400,500,4500,5100,19700,2100,2000,4000,8000
245.0,11.27,65100,733374.0,11.26,11.25,11.24,11.23,11.22,11.2,11.19,11.15,11.13,11.11,11.27,11.28,11.29,11.3,11.31,11.32,11.35,11.36,11.38,11.4,400,400,3800,900,600,9400,5600,2000,7100,7200,1500,1400,500,4500,5100,19700,2100,2000,4000,8000
246.0,11.27,65100,733374.0,11.26,11.25,11.24,11.23,11.22,11.2,11.19,11.15,11.13,11.11,11.27,11.28,11.29,11.3,11.31,11.32,11.35,11.36,11.38,11.4,400,400,3800,900,600,9400,5600,2000,7100,7200,1500,1400,500,4500,5100,19700,2100,2000,4000,8000
247.0,11.27,65200,734501.0,11.26,11.25,11.24,11.23,11.22,11.2,11.19,11.15,11.13,11.11,11.27,11.28,11.29,11.3,11.31,11.32,11.35,11.36,11.38,11.4,400,400,3800,900,600,9400,5600,2000,7100,7200,1400,1400,500,4500,5100,19700,2100,2000,4000,8000
248.0,11.27,65200,734501.0,11.26,11.25,11.24,11.23,11.22,11.2,11.19,11.15,11.13,11.11,11.27,11.28,11.29,11.3,11.31,11.32,11.35,11.36,11.38,11.4,400,400,3800,900,3200,9400,3000,2000,7100,7200,1600,1400,500,4500,5100,19700,2100,2000,4000,8000
249.0,11.27,65200,734501.0,11.26,11.25,11.24,11.23,11.22,11.2,11.19,11.15,11.13,11.11,11.27,11.28,11.29,11.3,11.31,11.32,11.35,11.36,11.38,11.4,400,400,3800,900,3200,9400,3000,2000,7100,7200,1600,1400,500,4500,5100,19700,2100,2000,4000,8000
250.0,11.27,65900,742390.0,11.26,11.25,11.24,11.23,11.22,11.2,11.19,11.15,11.13,11.11,11.27,11.28,11.29,11.3,11.31,11.32,11.35,11.36,11.38,11.4,200,400,3800,900,3200,9400,3000,2000,7100,7200,1800,1400,500,4500,5100,19700,2100,2000,4000,8000
251.0,11.27,66000,743517.0,11.26,11.25,11.24,11.23,11.22,11.2,11.19,11.15,11.13,11.11,11.27,11.28,11.29,11.3,11.31,11.32,11.35,11.36,11.38,11.4,200,400,3800,900,3200,9400,3000,2000,7100,7200,1700,1400,500,4500,5100,19700,2100,2000,4000,8000
252.0,11.26,66200,745769.0,11.25,11.24,11.23,11.22,11.2,11.19,11.15,11.13,11.11,11.1,11.26,11.27,11.28,11.29,11.3,11.31,11.32,11.35,11.36,11.38,400,3800,900,3200,9400,3000,2000,7100,7200,1500,500,2700,1400,500,4500,5100,19700,2100,2000,4000
253.0,11.26,66200,745769.0,11.25,11.24,11.23,11.22,11.2,11.19,11.15,11.13,11.11,11.1,11.26,11.27,11.28,11.29,11.3,11.31,11.32,11.35,11.36,11.38,100,3800,900,3200,9400,3000,2000,7100,7200,1500,500,2700,1400,500,4500,5100,19700,2100,2000,4000
254.0,11.26,66200,745769.0,11.25,11.24,11.23,11.22,11.2,11.19,11.15,11.13,11.11,11.1,11.26,11.27,11.28,11.29,11.3,11.31,11.32,11.35,11.36,11.38,100,3800,900,3200,9400,3000,2000,7100,7200,1500,500,2700,1400,500,4500,5100,19700,2100,2000,4000
255.0,11.26,66200,745769.0,11.25,11.24,11.23,11.22,11.2,11.19,11.15,11.13,11.11,11.1,11.26,11.27,11.28,11.29,11.3,11.31,11.32,11.35,11.36,11.38,100,3800,900,3200,9400,3000,2000,7100,7200,1500,500,2700,1400,500,4500,5100,19700,2100,2000,4000
256.0,11.26,66400,748021.0,11.25,11.24,11.23,11.22,11.2,11.19,11.15,11.13,11.11,11.1,11.26,11.27,11.28,11.29,11.3,11.31,11.32,11.35,11.36,11.38,900,3800,900,3200,9400,3000,2000,7100,7200,1500,300,2700,1400,500,4500,5100,19700,2100,2000,4000
257.0,11.26,66400,748021.0,11.25,11.24,11.23,11.22,11.2,11.19,11.15,11.13,11.11,11.1,11.26,11.27,11.28,11.29,11.3,11.31,11.32,11.35,11.36,11.38,1000,3800,900,3200,9400,3000,2000,7100,7200,1500,300,2700,1400,500,4500,5100,19700,2100,2000,4000
258.0,11.26,66400,748021.0,11.25,11.24,11.23,11.22,11.2,11.19,11.15,11.13,11.11,11.1,11.26,11.27,11.28,11.29,11.3,11.31,11.32,11.35,11.36,11.38,1000,3800,900,3200,9400,3000,2000,7100,7200,1500,300,2700,1400,500,4500,5100,19700,2100,2000,4000
259.0,11.25,66500,749146.0,11.25,11.24,11.23,11.22,11.2,11.19,11.15,11.13,11.11,11.1,11.26,11.27,11.28,11.29,11.3,11.31,11.32,11.35,11.36,11.38,900,3800,900,3200,9400,3000,2000,7100,7200,1500,300,2700,1400,500,4500,5100,19700,2100,2000,4000
260.0,11.25,66500,749146.0,11.25,11.24,11.23,11.22,11.2,11.19,11.15,11.13,11.11,11.1,11.26,11.27,11.28,11.29,11.3,11.31,11.32,11.35,11.36,11.38,2100,3800,900,3200,9400,3000,2000,7100,7200,1500,300,2700,1400,500,4500,5100,19700,2100,2000,4000
261.0,11.25,66500,749146.0,11.25,11.24,11.23,11.22,11.2,11.19,11.15,11.13,11.11,11.1,11.26,11.27,11.28,11.29,11.3,11.31,11.32,11.35,11.36,11.38,2100,3800,900,3200,9400,3000,2000,7100,7200,1500,300,2700,1400,500,4500,5100,19700,2100,2000,4000
262.0,11.25,66900,753646.0,11.25,11.24,11.23,11.22,11.2,11.19,11.15,11.13,11.11,11.1,11.26,11.27,11.28,11.29,11.3,11.31,11.32,11.35,11.36,11.38,1700,3800,900,3200,9400,3000,2000,7100,7200,1500,300,2700,1400,500,4500,5100,19700,2100,2000,4000
263.0,11.25,66900,753646.0,11.25,11.24,11.23,11.22,11.2,11.19,11.15,11.13,11.11,11.1,11.26,11.27,11.28,11.29,11.3,11.31,11.32,11.35,11.36,11.38,1700,3800,900,3200,9400,3000,2000,7100,7200,1500,300,2700,1400,500,4500,5100,19700,2100,2000,4000
264.0,11.25,66900,753646.0,11.25,11.24,11.23,11.22,11.2,11.19,11.15,11.13,11.11,11.1,11.26,11.27,11.28,11.29,11.3,11.31,11.32,11.35,11.36,11.38,1700,3800,900,3200,9400,3000,2000,7100,7200,1500,1300,2700,1400,500,4500,5100,19700,2100,2000,4000
265.0,11.25,66900,753646.0,11.25,11.24,11.23,11.22,11.2,11.19,11.15,11.13,11.11,11.1,11.26,11.27,11.28,11.29,11.3,11.31,11.32,11.35,11.36,11.38,1700,3800,900,3200,9400,3000,2000,7100,7200,1500,3300,2700,1400,500,4500,5100,19700,2100,2000,4000
266.0,11.26,67200,757024.0,11.25,11.24,11.23,11.22,11.2,11.19,11.15,11.13,11.11,11.1,11.26,11.27,11.28,11.29,11.3,11.31,11.32,11.35,11.36,11.38,1700,3800,900,3200,9400,3000,2000,7100,7200,1500,3000,2700,1400,500,4500,5100,19700,2100,2000,4000
267.0,11.25,68000,766024.0,11.25,11.24,11.23,11.22,11.2,11.19,11.15,11.13,11.11,11.1,11.26,11.27,11.28,11.29,11.3,11.31,11.32,11.35,11.36,11.38,1000,3800,900,3200,9400,3000,2000,7100,7200,1500,3000,2500,1400,500,4500,5100,19700,2100,2000,4000
268.0,11.25,68000,766024.0,11.25,11.24,11.23,11.22,11.2,11.19,11.15,11.13,11.11,11.1,11.26,11.27,11.28,11.29,11.3,11.31,11.32,11.35,11.36,11.38,1000,3800,900,3200,9400,3000,2000,7100,7200,1500,3000,2500,1400,500,4500,5100,19700,2100,2000,4000
269.0,11.26,68300,769402.0,11.25,11.24,11.23,11.22,11.2,11.19,11.15,11.13,11.11,11.1,11.26,11.27,11.28,11.29,11.3,11.31,11.32,11.35,11.36,11.38,1000,3800,900,3200,9400,3000,2000,7100,7200,1500,2700,2500,1400,500,4500,5100,19700,2100,2000,4000
270.0,11.26,68300,769402.0,11.25,11.24,11.23,11.22,11.2,11.19,11.15,11.13,11.11,11.1,11.26,11.27,11.28,11.29,11.3,11.31,11.32,11.35,11.36,11.38,1000,3800,900,3200,9400,3000,2000,7100,7200,1500,2700,2500,1400,500,4500,5100,19700,2100,2000,4000
271.0,11.26,68300,769402.0,11.25,11.24,11.23,11.22,11.2,11.19,11.15,11.13,11.11,11.1,11.26,11.27,11.28,11.29,11.3,11.31,11.32,11.35,11.36,11.38,1000,3800,900,3200,9400,3000,2000,7100,7200,1500,3700,2500,1400,500,4500,5100,19700,2100,2000,4000
272.0,11.26,68600,772780.0,11.25,11.24,11.23,11.22,11.2,11.19,11.15,11.13,11.11,11.1,11.26,11.27,11.28,11.29,11.3,11.31,11.32,11.35,11.36,11.38,1000,3800,900,3200,9400,3000,2000,7100,7200,1500,3400,2500,1400,500,4500,5100,19700,2100,2000,4000
273.0,11.26,68600,772780.0,11.25,11.24,11.23,11.22,11.2,11.19,11.15,11.13,11.11,11.1,11.26,11.27,11.28,11.29,11.3,11.31,11.32,11.35,11.36,11.38,1000,3800,900,3200,9400,3000,2000,7100,7200,1500,3400,2500,1400,500,4500,5100,19700,2100,2000,4000
274.0,11.25,68900,776155.0,11.25,11.24,11.23,11.22,11.2,11.19,11.15,11.13,11.11,11.1,11.26,11.27,11.28,11.29,11.3,11.31,11.32,11.35,11.36,11.38,700,3800,900,3200,9400,3000,2000,7100,7200,1500,3400,2500,1400,500,4500,5100,19700,2100,2000,4000
275.0,11.25,69100,778405.0,11.25,11.24,11.23,11.22,11.2,11.19,11.15,11.13,11.11,11.1,11.26,11.27,11.28,11.29,11.3,11.31,11.32,11.35,11.36,11.38,500,3800,900,3200,9400,3000,2000,7100,7200,1500,3400,2500,1400,500,4500,5100,19700,2100,2000,4000
276.0,11.26,69400,781783.0,11.25,11.24,11.23,11.22,11.2,11.19,11.15,11.13,11.11,11.1,11.26,11.27,11.28,11.29,11.3,11.31,11.32,11.35,11.36,11.38,500,3800,900,3200,9400,3000,2000,7100,7200,1500,3100,2500,1400,500,4500,5100,19700,2100,2000,4000
277.0,11.26,69400,781783.0,11.25,11.24,11.23,11.22,11.2,11.19,11.15,11.13,11.11,11.1,11.26,11.27,11.28,11.29,11.3,11.31,11.32,11.35,11.36,11.38,500,3800,900,3200,9400,3000,2000,7100,7200,1500,3100,2500,1400,500,4500,5100,19700,2100,2000,4000
278.0,11.26,69400,781783.0,11.25,11.24,11.23,11.22,11.2,11.19,11.15,11.13,11.11,11.1,11.26,11.27,11.28,11.29,11.3,11.31,11.32,11.35,11.36,11.38,500,3800,900,3200,9400,3000,2000,7100,7200,1500,3100,2500,1400,500,4500,5100,19700,2100,2000,4000
279.0,11.26,69700,785161.0,11.25,11.24,11.23,11.22,11.2,11.19,11.15,11.13,11.11,11.1,11.26,11.27,11.28,11.29,11.3,11.31,11.32,11.35,11.36,11.38,500,3800,900,3200,9400,3000,2000,7100,7200,1500,2800,2500,1400,500,4500,5100,19700,2100,2000,4000
280.0,11.26,69700,785161.0,11.25,11.24,11.23,11.22,11.2,11.19,11.15,11.13,11.11,11.1,11.26,11.27,11.28,11.29,11.3,11.31,11.32,11.35,11.36,11.38,500,3800,900,3200,9400,3000,2000,7100,7200,1500,1000,2500,1400,500,4500,5100,19700,2100,2000,4000
281.0,11.26,69700,785161.0,11.25,11.24,11.23,11.22,11.2,11.19,11.15,11.13,11.11,11.1,11.26,11.27,11.28,11.29,11.3,11.31,11.32,11.35,11.36,11.38,500,3800,900,3200,9400,3000,2000,7100,7200,1500,1000,2500,1400,500,4500,5100,19700,2100,2000,4000
282.0,11.26,69700,785161.0,11.25,11.24,11.23,11.22,11.2,11.19,11.15,11.13,11.11,11.1,11.26,11.27,11.28,11.29,11.3,11.31,11.32,11.35,11.36,11.38,500,3800,900,3200,9400,3000,2000,7100,7200,1500,1000,2500,1400,500,4500,5100,19700,2100,2000,4000
283.0,11.26,69800,786287.0,11.25,11.24,11.23,11.22,11.2,11.19,11.15,11.13,11.11,11.1,11.26,11.27,11.28,11.29,11.3,11.31,11.32,11.35,11.36,11.38,500,3800,900,3200,9400,3000,2000,7100,7200,1500,900,2500,1400,500,4500,5100,19700,2100,2000,4000
284.0,11.25,70300,791912.0,11.24,11.23,11.22,11.2,11.19,11.15,11.13,11.11,11.1,11.08,11.25,11.26,11.27,11.28,11.29,11.3,11.31,11.32,11.35,11.36,3800,900,3200,9400,3000,2000,7100,7200,1500,6900,2500,900,2500,1300,500,4500,5100,19700,2100,2000
285.0,11.25,70300,791912.0,11.24,11.23,11.22,11.2,11.19,11.15,11.13,11.11,11.1,11.08,11.25,11.26,11.27,11.28,11.29,11.3,11.31,11.32,11.35,11.36,3800,900,3200,9400,3000,2000,7100,7200,1500,6900,2500,900,2500,1300,500,4500,5100,19700,2100,2000
286.0,11.25,71200,802030.0,11.24,11.23,11.22,11.2,11.19,11.15,11.13,11.11,11.1,11.08,11.25,11.26,11.27,11.28,11.29,11.3,11.31,11.32,11.35,11.36,3100,900,3200,9400,3000,2000,7100,7200,1500,6900,2300,900,2500,1300,500,4500,5100,19700,2100,2000
287.0,11.25,71200,802030.0,11.24,11.23,11.22,11.2,11.19,11.15,11.13,11.11,11.1,11.08,11.25,11.26,11.27,11.28,11.29,11.3,11.31,11.32,11.35,11.36,3100,900,3200,9400,3000,2000,7100,7200,1500,6900,2400,900,2500,1300,500,4500,5100,19700,2100,2000
288.0,11.25,71200,802030.0,11.24,11.23,11.22,11.2,11.19,11.15,11.13,11.11,11.1,11.08,11.25,11.26,11.27,11.28,11.29,11.3,11.31,11.32,11.35,11.36,3100,900,3200,9400,3000,2000,7100,7200,1500,6900,4400,900,2500,1300,500,4500,5100,19700,2100,1000
289.0,11.25,71900,809902.0,11.24,11.23,11.22,11.2,11.19,11.15,11.13,11.11,11.1,11.08,11.25,11.26,11.27,11.28,11.29,11.3,11.31,11.32,11.35,11.36,2800,900,3200,9400,3000,2000,7100,7200,1500,6900,4000,900,2500,1300,500,4500,5100,19700,2100,1000
290.0,11.25,71900,809902.0,11.24,11.23,11.22,11.2,11.19,11.15,11.13,11.11,11.1,11.08,11.25,11.26,11.27,11.28,11.29,11.3,11.31,11.32,11.35,11.36,2800,900,3200,9400,3000,2000,7100,7200,1500,6900,4000,900,2500,1300,500,4500,5100,19700,2100,1000
291.0,11.25,71900,809902.0,11.24,11.23,11.22,11.2,11.19,11.15,11.13,11.11,11.1,11.08,11.25,11.26,11.27,11.28,11.29,11.3,11.31,11.32,11.35,11.36,2800,900,3200,9400,3000,2000,7100,7200,1500,6900,4000,900,2500,1300,500,4500,5100,19700,2100,1000
292.0,11.25,71900,809902.0,11.24,11.23,11.22,11.2,11.19,11.15,11.13,11.11,11.1,11.08,11.25,11.26,11.27,11.28,11.29,11.3,11.31,11.32,11.35,11.36,2800,900,3200,9400,3000,2000,7100,7200,1500,6900,4000,900,2500,1300,500,4500,5100,19700,2100,1000
293.0,11.25,72300,814402.0,11.24,11.23,11.22,11.2,11.19,11.15,11.13,11.11,11.1,11.08,11.25,11.26,11.27,11.28,11.29,11.3,11.31,11.32,11.35,11.36,2800,900,3200,9400,3000,2000,7100,7200,1500,6900,3600,900,2500,1300,500,4500,5100,19700,2100,1000
294.0,11.25,72300,814402.0,11.24,11.23,11.22,11.2,11.19,11.15,11.13,11.11,11.1,11.08,11.25,11.26,11.27,11.28,11.29,11.3,11.31,11.32,11.35,11.36,2800,900,3200,9400,3000,2000,7100,7200,1500,6900,3600,900,2500,1300,500,4500,5100,19700,2100,1000
295.0,11.24,72400,815526.0,11.24,11.23,11.22,11.2,11.19,11.15,11.13,11.11,11.1,11.08,11.25,11.26,11.27,11.28,11.29,11.3,11.31,11.32,11.35,11.36,2700,900,3200,9400,3000,2000,7100,7200,1500,6900,3600,900,2500,1300,500,4500,5100,19700,1100,1000
296.0,11.25,73000,822274.0,11.24,11.23,11.22,11.2,11.19,11.15,11.13,11.11,11.1,11.08,11.25,11.26,11.27,11.28,11.29,11.3,11.31,11.32,11.35,11.36,2500,900,3200,9400,3000,2000,7100,7200,1500,6900,3200,900,2500,1300,500,4500,5100,19700,1100,1000
297.0,11.25,73000,822274.0,11.24,11.23,11.22,11.2,11.19,11.15,11.13,11.11,11.1,11.08,11.25,11.26,11.27,11.28,11.29,11.3,11.31,11.32,11.35,11.36,2500,900,3200,9400,3000,2000,7100,7200,1500,6900,3200,900,2500,1300,500,4500,5100,19700,1100,1000
298.0,11.24,73500,827894.0,11.24,11.23,11.22,11.2,11.19,11.15,11.13,11.11,11.1,11.08,11.25,11.26,11.27,11.28,11.29,11.3,11.31,11.32,11.35,11.36,2600,900,3200,9400,3000,2000,7100,7200,1500,6900,3200,900,2500,1300,500,4500,5100,19700,1100,1000
299.0,11.25,74100,834644.0,11.24,11.23,11.22,11.2,11.19,11.17,11.15,11.13,11.11,11.1,11.25,11.26,11.27,11.28,11.29,11.3,11.31,11.32,11.35,11.36,2600,900,3200,9400,3000,200,2000,7100,7200,1500,2600,900,2500,1300,500,4500,5100,19700,1100,1000
300.0,11.25,74100,834644.0,11.24,11.23,11.22,11.2,11.19,11.17,11.15,11.13,11.11,11.1,11.25,11.26,11.27,11.28,11.29,11.3,11.31,11.32,11.35,11.36,2600,900,3200,9400,3000,200,2000,7100,7200,1500,2600,900,2500,1300,500,4500,5100,19700,1100,1000
301.0,11.25,74100,834644.0,11.24,11.23,11.22,11.2,11.19,11.17,11.15,11.13,11.11,11.1,11.25,11.26,11.27,11.28,11.29,11.3,11.31,11.32,11.35,11.36,2600,900,3200,9400,3000,200,2000,7100,7200,1500,2600,900,2500,1300,500,4500,5100,19700,1100,1000
302.0,11.25,74300,836894.0,11.24,11.23,11.22,11.2,11.19,11.17,11.15,11.13,11.11,11.1,11.25,11.26,11.27,11.28,11.29,11.3,11.31,11.32,11.35,11.36,2700,900,3200,9400,3000,200,2000,7100,7200,1500,2400,900,2500,1300,500,4500,5100,19700,1100,1000
303.0,11.25,74700,841394.0,11.24,11.23,11.22,11.2,11.19,11.17,11.15,11.13,11.11,11.1,11.25,11.26,11.27,11.28,11.29,11.3,11.31,11.32,11.35,11.36,2700,900,3200,9400,3000,200,2000,7100,7200,1500,2000,900,2500,1300,500,4500,5100,19700,1100,1000
304.0,11.24,74900,843642.0,11.24,11.23,11.22,11.2,11.19,11.17,11.15,11.13,11.11,11.1,11.25,11.26,11.27,11.28,11.29,11.3,11.31,11.32,11.35,11.36,2500,900,3200,9400,3000,200,2000,7100,7200,1500,2000,900,2500,1300,500,4500,5100,19700,1100,1000
305.0,11.24,74900,843642.0,11.24,11.23,11.22,11.2,11.19,11.17,11.15,11.13,11.11,11.1,11.25,11.26,11.27,11.28,11.29,11.3,11.31,11.32,11.35,11.36,2500,900,3200,9400,3000,200,2000,7100,7200,1500,2600,900,2500,1300,500,4500,5100,19700,1100,1000
306.0,11.25,75100,845892.0,11.24,11.23,11.22,11.2,11.19,11.17,11.15,11.13,11.11,11.1,11.25,11.26,11.27,11.28,11.29,11.3,11.31,11.32,11.35,11.36,2500,900,3200,9400,3000,200,2000,7100,7200,1500,2400,900,2500,1300,500,4500,5100,19700,1100,1000
307.0,11.25,75100,845892.0,11.24,11.23,11.22,11.2,11.19,11.17,11.15,11.13,11.11,11.1,11.25,11.26,11.27,11.28,11.29,11.3,11.31,11.32,11.35,11.36,2500,900,3200,9400,3000,200,2000,7100,7200,1500,2400,900,2500,1300,500,4500,5100,19700,1100,1000
308.0,11.25,75100,845892.0,11.24,11.23,11.22,11.2,11.19,11.17,11.15,11.13,11.11,11.1,11.25,11.26,11.27,11.28,11.29,11.3,11.31,11.32,11.35,11.36,2500,900,3200,9400,3000,200,2000,7100,7200,1500,2400,900,2500,1300,500,4500,5100,19700,1100,1000
309.0,11.24,76300,859382.0,11.24,11.23,11.22,11.2,11.19,11.17,11.15,11.13,11.11,11.1,11.25,11.26,11.27,11.28,11.29,11.3,11.31,11.32,11.35,11.36,1500,900,3200,9400,3000,200,2000,7100,7200,1500,2200,900,2500,1300,500,4500,5100,19700,1100,1000
310.0,11.25,76700,863882.0,11.24,11.23,11.22,11.2,11.19,11.17,11.15,11.13,11.11,11.1,11.25,11.26,11.27,11.28,11.29,11.3,11.31,11.32,11.35,11.36,1500,900,3200,9400,3000,200,2000,7100,7200,1500,1800,900,2500,1300,500,4500,5100,19700,1100,1000
311.0,11.24,76800,865006.0,11.24,11.23,11.22,11.2,11.19,11.17,11.15,11.13,11.11,11.1,11.25,11.26,11.27,11.28,11.29,11.3,11.31,11.32,11.35,11.36,1400,900,3200,9400,3000,200,2000,7100,7200,1500,1800,900,2500,1300,500,4500,5100,19700,1100,1000
312.0,11.25,77300,870631.0,11.24,11.23,11.22,11.2,11.19,11.17,11.15,11.13,11.11,11.1,11.25,11.26,11.27,11.28,11.29,11.3,11.31,11.32,11.35,11.36,1400,900,3200,9400,3000,200,2000,7100,7200,1500,1300,900,2500,1300,500,4500,5100,19700,1100,1000
313.0,11.25,77400,871756.0,11.24,11.23,11.22,11.2,11.19,11.17,11.15,11.13,11.11,11.1,11.25,11.26,11.27,11.28,11.29,11.3,11.31,11.32,11.35,11.36,1400,900,3200,9400,3000,200,2000,7100,7200,1500,1200,900,2500,1300,500,4500,5100,19700,1100,1000
314.0,11.25,77400,871756.0,11.24,11.23,11.22,11.2,11.19,11.17,11.15,11.13,11.11,11.1,11.25,11.26,11.27,11.28,11.29,11.3,11.31,11.32,11.35,11.36,1400,900,3200,9400,3000,200,2000,7100,7200,1500,1200,900,2500,1300,500,4500,9800,19700,1100,1000
315.0,11.25,77500,872881.0,11.24,11.23,11.22,11.2,11.19,11.17,11.15,11.13,11.11,11.1,11.25,11.26,11.27,11.28,11.29,11.3,11.31,11.32,11.35,11.36,1400,900,3200,9400,3000,200,2000,7100,7200,1500,1100,900,2500,1300,500,4500,9800,19700,1100,1000
316.0,11.24,77900,877378.0,11.24,11.23,11.22,11.2,11.19,11.17,11.15,11.13,11.11,11.1,11.25,11.26,11.27,11.28,11.29,11.3,11.31,11.32,11.35,11.36,1100,900,3200,9400,3000,200,2000,7100,7200,1500,1000,900,2500,1300,500,4500,9800,19700,1100,1000
317.0,11.23,79700,897603.0,11.23,11.22,11.2,11.19,11.17,11.15,11.13,11.11,11.1,11.08,11.25,11.26,11.27,11.28,11.29,11.3,11.31,11.32,11.35,11.36,200,3200,9400,3000,200,2000,7100,7200,1500,6900,1000,900,2500,1300,500,4500,9800,19700,1100,1000
318.0,11.22,81500,917801.0,11.22,11.2,11.19,11.17,11.15,11.13,11.11,11.1,11.08,11.05,11.25,11.26,11.27,11.28,11.29,11.3,11.31,11.32,11.35,11.36,1600,9400,3000,200,2000,7100,7200,1500,6900,7000,1200,900,2500,1300,500,4500,9800,19700,1100,1000
319.0,11.25,81700,920048.0,11.22,11.2,11.19,11.17,11.15,11.13,11.11,11.1,11.08,11.05,11.25,11.26,11.27,11.28,11.29,11.3,11.31,11.32,11.35,11.36,1600,9400,3000,200,2000,7100,7200,1500,6900,7000,1200,900,2500,1300,500,4500,9800,19700,1100,1000
320.0,11.2,85100,958258.0,11.2,11.19,11.18,11.17,11.15,11.13,11.11,11.1,11.08,11.05,11.26,11.27,11.28,11.29,11.3,11.31,11.32,11.35,11.36,11.38,9300,3000,2600,200,2000,7100,7200,1500,6900,7000,900,2500,1300,500,4500,9800,19700,1100,1000,4000
321.0,11.26,85200,959384.0,11.23,11.2,11.19,11.18,11.17,11.15,11.13,11.11,11.1,11.08,11.26,11.27,11.28,11.29,11.3,11.31,11.32,11.35,11.36,11.38,300,9300,3000,2600,200,2000,7100,7200,1500,6900,800,2500,1300,500,4500,9800,19700,1100,1000,4000
322.0,11.26,85200,959384.0,11.23,11.2,11.19,11.18,11.17,11.15,11.13,11.11,11.1,11.08,11.26,11.27,11.28,11.29,11.3,11.31,11.32,11.35,11.36,11.38,500,9300,3000,2600,200,2000,7100,7200,1500,6900,1100,2500,1300,500,4500,9800,19700,1100,1000,4000
323.0,11.26,85300,960510.0,11.23,11.2,11.19,11.18,11.17,11.15,11.13,11.11,11.1,11.08,11.26,11.27,11.28,11.29,11.3,11.31,11.32,11.35,11.36,11.38,600,9300,3000,2600,200,2000,7100,7200,1500,6900,1000,2500,1300,500,4500,9800,19700,1100,1000,4000
324.0,11.26,85300,960510.0,11.23,11.2,11.19,11.18,11.17,11.15,11.13,11.11,11.1,11.08,11.26,11.27,11.28,11.29,11.3,11.31,11.32,11.35,11.36,11.38,700,9300,3000,2600,200,2000,7100,7200,1500,6900,1100,2500,1300,500,4500,9800,19700,1100,1000,4000
325.0,11.2,87500,985177.0,11.23,11.21,11.2,11.19,11.18,11.17,11.15,11.13,11.11,11.1,11.26,11.27,11.28,11.29,11.3,11.31,11.32,11.35,11.36,11.38,100,900,8000,3000,2600,200,2000,7100,7200,1500,1300,2500,1300,500,4500,9800,19700,1100,1000,4000
326.0,11.26,87600,986303.0,11.23,11.21,11.2,11.19,11.18,11.17,11.15,11.13,11.11,11.1,11.26,11.27,11.28,11.29,11.3,11.31,11.32,11.35,11.36,11.38,200,900,8000,3000,2600,200,2000,7100,7200,1500,1300,2500,1300,500,4500,9800,19700,1100,1000,4000
327.0,11.26,87600,986303.0,11.23,11.21,11.2,11.19,11.18,11.17,11.15,11.13,11.11,11.1,11.26,11.27,11.28,11.29,11.3,11.31,11.32,11.35,11.36,11.38,500,900,8000,3000,2600,200,2000,7100,7200,1500,1600,2500,1300,500,4500,9800,19700,1100,1000,4000
328.0,11.26,87600,986303.0,11.23,11.21,11.2,11.19,11.18,11.17,11.15,11.13,11.11,11.1,11.26,11.27,11.28,11.29,11.3,11.31,11.32,11.35,11.36,11.38,600,900,8000,3000,2600,200,2000,7100,7200,1500,1700,2500,1300,500,4500,9800,19700,1100,1000,4000
329.0,11.26,87700,987429.0,11.23,11.21,11.2,11.19,11.18,11.17,11.15,11.13,11.11,11.1,11.26,11.27,11.28,11.29,11.3,11.31,11.32,11.35,11.36,11.38,900,900,8000,3000,2600,200,2000,7100,7200,1500,1900,2500,1300,500,4500,9800,19700,1100,1000,4000
330.0,11.26,87700,987429.0,11.23,11.21,11.2,11.19,11.18,11.17,11.15,11.13,11.11,11.1,11.26,11.27,11.28,11.29,11.3,11.31,11.32,11.35,11.36,11.38,900,900,8000,3000,2600,200,2000,7100,7200,1500,1900,2500,1300,500,4500,9800,19700,1100,1000,4000
331.0,11.26,87700,987429.0,11.23,11.21,11.2,11.19,11.18,11.17,11.15,11.13,11.11,11.1,11.25,11.26,11.27,11.28,11.29,11.3,11.31,11.32,11.35,11.36,1400,900,8000,3000,2600,200,2000,7100,7200,1500,1400,2300,2500,1300,500,4500,9800,19700,1100,1000
332.0,11.25,87900,989679.0,11.23,11.21,11.2,11.19,11.18,11.17,11.15,11.13,11.11,11.1,11.25,11.26,11.27,11.28,11.29,11.3,11.31,11.32,11.35,11.36,1400,900,8000,3000,2600,200,2000,7100,7200,1500,1200,2300,2500,1300,500,4500,9800,19700,1100,1000
333.0,11.25,88100,991929.0,11.23,11.21,11.2,11.19,11.18,11.17,11.15,11.13,11.11,11.1,11.25,11.26,11.27,11.28,11.29,11.3,11.31,11.32,11.35,11.36,1400,900,8000,3000,2600,200,2000,7100,7200,1500,1000,2300,2500,1300,500,4500,9800,19700,1100,1000
334.0,11.23,88200,993052.0,11.23,11.21,11.2,11.19,11.18,11.17,11.15,11.13,11.11,11.1,11.25,11.26,11.27,11.28,11.29,11.3,11.31,11.32,11.35,11.36,2000,900,8000,3000,2600,200,2000,7100,7200,1500,1100,2300,2500,1300,500,4500,9800,19700,1100,1000
335.0,11.25,88300,994177.0,11.23,11.21,11.2,11.19,11.18,11.17,11.15,11.13,11.11,11.1,11.25,11.26,11.27,11.28,11.29,11.3,11.31,11.32,11.35,11.36,2100,900,8000,3000,2600,200,2000,7100,7200,1500,1000,2300,2500,1300,500,4500,9800,19700,1100,1000
336.0,11.25,88300,994177.0,11.23,11.21,11.2,11.19,11.18,11.17,11.15,11.14,11.13,11.11,11.25,11.26,11.27,11.28,11.29,11.3,11.31,11.32,11.35,11.36,2200,900,8100,3000,2600,200,2000,200,7100,7200,1100,2300,2500,1300,500,4500,9800,19700,1100,1000
337.0,11.25,88300,994177.0,11.23,11.21,11.2,11.19,11.18,11.17,11.15,11.14,11.13,11.11,11.25,11.26,11.27,11.28,11.29,11.3,11.31,11.32,11.35,11.36,2200,900,8100,3000,2600,200,2000,200,7100,7200,1100,2300,2500,1300,500,4500,9800,19700,1100,1000
338.0,11.25,88400,995302.0,11.23,11.21,11.2,11.19,11.18,11.17,11.15,11.14,11.13,11.11,11.25,11.26,11.27,11.28,11.29,11.3,11.31,11.32,11.35,11.36,2200,900,8100,3000,2600,200,2000,200,7100,7200,1000,2300,2500,1300,500,4500,9800,19700,1100,1000
339.0,11.25,88400,995302.0,11.23,11.21,11.2,11.19,11.18,11.17,11.15,11.14,11.13,11.11,11.25,11.26,11.27,11.28,11.29,11.3,11.31,11.32,11.35,11.36,2300,900,8100,3000,2600,200,2000,200,7100,7200,1100,2300,2500,1300,500,4500,9800,19700,1100,1000
340.0,11.23,90200,1015516.0,11.23,11.21,11.2,11.19,11.18,11.17,11.15,11.14,11.13,11.11,11.25,11.26,11.27,11.28,11.29,11.3,11.31,11.32,11.35,11.36,500,1700,8100,3000,2600,200,2000,200,7100,7200,1100,2300,2500,1300,500,4500,9800,19700,1100,1000
341.0,11.25,90500,1018891.0,11.23,11.21,11.2,11.19,11.18,11.17,11.15,11.14,11.13,11.11,11.25,11.26,11.27,11.28,11.29,11.3,11.31,11.32,11.35,11.36,500,1700,8100,3000,2600,200,2000,200,7100,7200,800,3800,2500,1300,500,4500,9800,19700,1100,1000
342.0,11.2,92900,1045806.0,11.2,11.19,11.18,11.17,11.15,11.14,11.13,11.11,11.1,11.08,11.25,11.26,11.27,11.28,11.29,11.3,11.31,11.32,11.35,11.36,8000,3000,2600,200,2000,200,7100,7200,1500,6900,900,3800,2500,1300,500,4500,9800,19700,1100,1000
343.0,11.2,92900,1045806.0,11.2,11.19,11.18,11.17,11.15,11.14,11.13,11.11,11.1,11.08,11.25,11.26,11.27,11.28,11.29,11.3,11.31,11.32,11.35,11.36,10000,3000,2600,200,2000,200,7100,7200,1500,6900,1500,3800,2500,1300,500,4500,9800,19700,1100,1000
344.0,11.25,93300,1050306.0,11.21,11.2,11.19,11.18,11.17,11.15,11.14,11.13,11.11,11.1,11.25,11.26,11.27,11.28,11.29,11.3,11.31,11.32,11.35,11.36,100,10300,3000,2600,200,2000,200,7100,7200,1500,1400,3800,2500,1300,500,4500,9800,19700,1100,1000
345.0,11.25,93300,1050306.0,11.21,11.2,11.19,11.18,11.17,11.15,11.14,11.13,11.11,11.1,11.25,11.26,11.27,11.28,11.29,11.3,11.31,11.32,11.35,11.36,200,10300,3000,2600,200,2000,200,7100,7200,1500,1500,3800,2500,1300,500,4500,9800,19700,1100,1000
346.0,11.2,95100,1070468.0,11.2,11.19,11.18,11.17,11.15,11.14,11.13,11.11,11.1,11.08,11.25,11.26,11.27,11.28,11.29,11.3,11.31,11.32,11.35,11.36,8700,3000,2600,200,2000,200,7100,7200,1500,6900,1500,3800,4500,1300,500,4500,9800,19700,1100,1000
347.0,11.25,95600,1076093.0,11.2,11.19,11.18,11.17,11.15,11.14,11.13,11.11,11.1,11.08,11.25,11.26,11.27,11.28,11.29,11.3,11.31,11.32,11.35,11.36,9000,3000,2600,200,2000,200,7100,7200,1500,6900,1300,3800,4500,1300,500,4500,9800,19700,1100,1000
348.0,11.25,95700,1077218.0,11.2,11.19,11.18,11.17,11.15,11.14,11.13,11.11,11.1,11.08,11.25,11.26,11.27,11.28,11.29,11.3,11.31,11.32,11.35,11.36,9100,3000,2600,200,2000,200,7100,7200,1500,6900,1300,3800,4500,1300,500,4500,9800,19700,1100,1000
349.0,11.2,96500,1086178.0,11.2,11.19,11.18,11.17,11.15,11.14,11.13,11.11,11.1,11.08,11.25,11.26,11.27,11.28,11.29,11.3,11.31,11.32,11.35,11.36,8600,3000,2600,200,2000,200,7100,7200,1500,6900,1600,3800,4500,1300,500,4500,9800,19700,1100,1000
350.0,11.2,96500,1086178.0,11.2,11.19,11.18,11.17,11.14,11.13,11.11,11.1,11.08,11.05,11.25,11.26,11.27,11.28,11.29,11.3,11.31,11.32,11.35,11.36,8800,3000,2600,200,200,7100,7200,1500,6900,7000,1700,3800,4500,1300,500,4500,9800,19700,1100,1000
351.0,11.25,96600,1087303.0,11.2,11.19,11.18,11.17,11.14,11.13,11.11,11.1,11.08,11.05,11.25,11.26,11.27,11.28,11.29,11.3,11.31,11.32,11.35,11.36,8800,3000,2600,200,200,7100,7200,1500,6900,7000,1600,3800,4500,1300,500,4500,9800,19700,1100,1000
352.0,11.25,96600,1087303.0,11.2,11.19,11.18,11.17,11.14,11.13,11.11,11.1,11.08,11.05,11.25,11.26,11.27,11.28,11.29,11.3,11.31,11.32,11.35,11.36,9100,3000,2600,200,200,7100,7200,1500,6900,7000,1900,3800,4500,1300,2000,4500,9800,19700,1100,1000
353.0,11.25,96600,1087303.0,11.2,11.19,11.18,11.17,11.14,11.13,11.11,11.1,11.08,11.05,11.25,11.26,11.27,11.28,11.29,11.3,11.31,11.32,11.35,11.36,9200,3000,2600,200,200,7100,7200,1500,6900,7000,2000,3800,4500,1300,2000,4500,9800,19700,1100,1000
354.0,11.25,96600,1087303.0,11.2,11.19,11.18,11.17,11.14,11.13,11.11,11.1,11.08,11.05,11.25,11.26,11.27,11.28,11.29,11.3,11.31,11.32,11.35,11.36,9500,3000,2600,200,200,7100,7200,1500,6900,7000,2300,3800,4500,1300,2000,4500,9800,19700,1100,1000
355.0,11.25,96600,1087303.0,11.2,11.19,11.18,11.17,11.14,11.13,11.11,11.1,11.08,11.05,11.25,11.26,11.27,11.28,11.29,11.3,11.31,11.32,11.35,11.36,9600,3000,2600,200,200,7100,7200,1500,6900,7000,2400,3800,4500,1300,2000,4500,9800,19700,1100,1000
356.0,11.25,97000,1091803.0,11.2,11.19,11.18,11.17,11.14,11.13,11.11,11.1,11.08,11.05,11.25,11.26,11.27,11.28,11.29,11.3,11.31,11.32,11.35,11.36,9600,3000,2600,200,200,7100,7200,1500,6900,7000,2000,3800,4500,1300,2000,4500,9800,19700,1100,1000
357.0,11.2,97800,1100763.0,11.2,11.19,11.18,11.17,11.14,11.13,11.11,11.1,11.08,11.05,11.25,11.26,11.27,11.28,11.29,11.3,11.31,11.32,11.35,11.36,9100,3000,2600,200,200,7100,7200,1500,6900,7000,2300,3800,4500,1300,2000,4500,9800,19700,1100,1000
358.0,11.2,97800,1100763.0,11.2,11.19,11.18,11.17,11.14,11.13,11.11,11.1,11.08,11.05,11.25,11.26,11.27,11.28,11.29,11.3,11.31,11.32,11.35,11.36,9200,3000,2600,200,200,7100,7200,1500,6900,7000,2400,3800,4500,1300,2000,4500,9800,19700,1100,1000
359.0,11.2,97800,1100763.0,11.2,11.19,11.18,11.17,11.14,11.13,11.11,11.1,11.08,11.05,11.25,11.26,11.27,11.28,11.29,11.3,11.31,11.32,11.35,11.36,9500,3000,2600,200,200,7100,7200,1500,6900,7000,2700,3800,4500,1300,2000,4500,9800,19700,1100,1000
360.0,11.2,99600,1120923.0,11.2,11.19,11.18,11.17,11.14,11.13,11.11,11.1,11.08,11.05,11.25,11.26,11.27,11.28,11.29,11.3,11.31,11.32,11.35,11.36,7800,3000,2600,200,200,7100,7200,1500,6900,7000,2800,3800,4500,1300,2000,4500,11300,19700,1100,1000
361.0,11.2,100300,1128763.0,11.21,11.2,11.19,11.18,11.17,11.14,11.13,11.11,11.1,11.08,11.25,11.26,11.27,11.28,11.29,11.3,11.31,11.32,11.35,11.36,100,7400,3000,2600,200,200,7100,7200,1500,6900,3100,3800,4500,1300,2000,4500,11300,19700,1100,1000
362.0,11.2,100300,1128763.0,11.21,11.2,11.19,11.18,11.17,11.14,11.13,11.11,11.1,11.08,11.25,11.26,11.27,11.28,11.29,11.3,11.31,11.32,11.35,11.36,400,7400,3000,2600,200,200,7100,7200,1500,6900,3100,3800,4500,1300,2000,4500,11300,19700,1100,1000
363.0,11.2,100300,1128763.0,11.21,11.2,11.19,11.18,11.17,11.14,11.13,11.11,11.1,11.08,11.25,11.26,11.27,11.28,11.29,11.3,11.31,11.32,11.35,11.36,500,7400,3000,2600,200,200,7100,7200,1500,6900,3200,3800,4500,1300,2000,4500,11300,19700,1100,1000
364.0,11.2,100900,1135488.0,11.2,11.19,11.18,11.17,11.14,11.13,11.11,11.1,11.08,11.05,11.25,11.26,11.27,11.28,11.29,11.3,11.31,11.32,11.35,11.36,9400,3100,2600,200,200,7100,7200,1500,6900,7000,3200,3800,4500,1300,2000,4500,11300,19700,1100,1000
365.0,11.2,102900,1157888.0,11.2,11.19,11.18,11.17,11.14,11.13,11.11,11.1,11.08,11.05,11.25,11.26,11.27,11.28,11.29,11.3,11.31,11.32,11.35,11.36,7800,3100,2600,200,200,7100,7200,1500,6900,7000,3600,3800,5000,1300,2000,4500,11300,19700,1100,1000
366.0,11.2,103500,1164608.0,11.2,11.19,11.18,11.17,11.14,11.13,11.11,11.1,11.08,11.05,11.25,11.26,11.27,11.28,11.29,11.3,11.31,11.32,11.33,11.35,7200,3100,2600,200,200,7100,7200,1500,6900,7000,3600,3800,5000,1300,2000,4500,11300,19700,1500,1100
367.0,11.2,103500,1164608.0,11.2,11.19,11.18,11.17,11.14,11.13,11.11,11.1,11.08,11.05,11.24,11.25,11.26,11.27,11.28,11.29,11.3,11.31,11.32,11.33,7200,3100,2600,200,200,7100,7200,1500,6900,7000,2200,3600,3800,5000,1300,2000,4500,11300,19700,1500
368.0,11.24,104400,1174724.0,11.2,11.19,11.18,11.17,11.14,11.13,11.11,11.1,11.08,11.05,11.24,11.25,11.26,11.27,11.28,11.29,11.3,11.31,11.32,11.33,7300,3100,2600,200,200,7100,7200,1500,6900,7000,1400,3600,3800,5000,1300,2000,4500,11300,19700,1500
369.0,11.24,104400,1174724.0,11.2,11.19,11.18,11.17,11.14,11.13,11.11,11.1,11.08,11.05,11.24,11.25,11.26,11.27,11.28,11.29,11.3,11.31,11.32,11.33,7300,3100,2600,200,200,7100,7200,1500,6900,7000,1400,3600,3800,5000,1300,2000,4500,11300,19700,1500
370.0,11.24,104400,1174724.0,11.2,11.19,11.18,11.17,11.14,11.13,11.11,11.1,11.08,11.05,11.24,11.25,11.26,11.27,11.28,11.29,11.3,11.31,11.32,11.33,7400,3100,2600,200,200,7100,7200,1500,6900,7000,1500,3600,3800,5000,1300,2000,4500,11300,19700,1500
371.0,11.24,104500,1175848.0,11.2,11.19,11.18,11.17,11.14,11.13,11.11,11.1,11.08,11.05,11.24,11.25,11.26,11.27,11.28,11.29,11.3,11.31,11.32,11.33,7400,3100,2600,200,200,7100,7200,1500,6900,7000,1400,3600,3800,5000,1300,2000,4500,11300,19700,1500
372.0,11.2,105200,1183688.0,11.2,11.19,11.18,11.17,11.14,11.13,11.11,11.1,11.08,11.05,11.24,11.25,11.26,11.27,11.28,11.29,11.3,11.31,11.32,11.33,6700,3100,2600,200,200,7100,7200,1500,6900,7000,1400,3600,3800,5000,1300,2000,4500,11300,19700,1500
373.0,11.2,108200,1217288.0,11.2,11.19,11.18,11.17,11.14,11.13,11.11,11.1,11.08,11.05,11.24,11.25,11.26,11.27,11.28,11.29,11.3,11.31,11.32,11.33,3800,3100,2600,200,200,7100,7200,1500,6900,7000,1500,3600,3800,5000,1300,2000,4500,11300,19700,1500
374.0,11.2,109200,1228488.0,11.2,11.19,11.18,11.17,11.14,11.13,11.11,11.1,11.08,11.05,11.23,11.24,11.25,11.26,11.27,11.28,11.29,11.3,11.31,11.32,2700,3000,2600,200,200,7100,7200,1500,6900,7000,500,1600,3600,3800,5000,1300,2000,4500,11300,19700
375.0,11.23,109300,1229611.0,11.2,11.19,11.18,11.17,11.14,11.13,11.11,11.1,11.08,11.05,11.23,11.24,11.25,11.26,11.27,11.28,11.29,11.3,11.31,11.32,2700,3000,2600,200,200,7100,7200,1500,6900,7000,400,1600,3600,3800,5000,1300,2000,4500,11300,19700
376.0,11.23,109300,1229611.0,11.2,11.19,11.18,11.17,11.14,11.13,11.11,11.1,11.08,11.05,11.23,11.24,11.25,11.26,11.27,11.28,11.29,11.3,11.31,11.32,3500,3200,2600,200,200,7100,7200,1500,6900,7000,400,1600,3600,3800,5000,1300,2000,4500,11300,19700
377.0,11.23,109300,1229611.0,11.2,11.19,11.18,11.17,11.14,11.13,11.11,11.1,11.08,11.05,11.23,11.24,11.25,11.26,11.27,11.28,11.29,11.3,11.31,11.32,3500,3200,2600,200,200,7100,7200,1500,6900,7000,400,1600,3600,3800,5000,1300,2000,4500,11300,19700
378.0,11.23,109300,1229611.0,11.2,11.19,11.18,11.17,11.14,11.13,11.11,11.1,11.08,11.05,11.23,11.24,11.25,11.26,11.27,11.28,11.29,11.3,11.31,11.32,3500,3200,2600,200,200,7100,7200,1500,6900,7000,400,1600,3600,3800,5000,1300,2000,4500,11300,19700
379.0,11.23,109300,1229611.0,11.2,11.19,11.18,11.17,11.14,11.13,11.11,11.1,11.08,11.05,11.23,11.24,11.25,11.26,11.27,11.28,11.29,11.3,11.31,11.32,3500,3200,2600,200,200,7100,7200,1500,6900,7000,400,1600,3600,3800,5000,1300,2000,4500,11300,19700
380.0,11.2,111400,1253131.0,11.2,11.19,11.18,11.17,11.14,11.13,11.11,11.1,11.08,11.05,11.23,11.24,11.25,11.26,11.27,11.28,11.29,11.3,11.31,11.32,1400,3200,2600,200,200,7100,7200,1500,6900,7000,400,1600,3600,3800,5000,1300,2000,4500,11300,19700
381.0,11.2,111400,1253131.0,11.2,11.19,11.18,11.17,11.14,11.13,11.11,11.1,11.08,11.05,11.23,11.24,11.25,11.26,11.27,11.28,11.29,11.3,11.31,11.32,1400,3200,2600,200,200,7100,7200,1500,6900,7000,400,1600,3600,3800,5000,1300,2000,4500,11300,19700
382.0,11.2,111400,1253131.0,11.2,11.19,11.18,11.17,11.14,11.13,11.11,11.1,11.08,11.05,11.23,11.24,11.25,11.26,11.27,11.28,11.29,11.3,11.31,11.32,1400,3200,2600,200,200,7100,7200,1500,6900,7000,400,1600,3600,3800,5000,1300,2000,4500,11300,19700
383.0,11.2,111400,1253131.0,11.2,11.19,11.18,11.17,11.14,11.13,11.11,11.1,11.08,11.05,11.23,11.24,11.25,11.26,11.27,11.28,11.29,11.3,11.31,11.32,1400,3200,2600,200,200,7100,7200,1500,6900,7000,400,1600,3800,3800,5000,1300,2000,4500,11300,19700
384.0,11.2,111400,1253131.0,11.2,11.19,11.18,11.17,11.14,11.13,11.11,11.1,11.08,11.05,11.23,11.24,11.25,11.26,11.27,11.28,11.29,11.3,11.31,11.32,1400,3200,2600,200,200,7100,7200,1500,6900,7000,400,1600,3800,3800,5000,1300,2000,4500,11300,19700
385.0,11.2,111400,1253131.0,11.2,11.19,11.18,11.17,11.14,11.13,11.11,11.1,11.08,11.05,11.23,11.24,11.25,11.26,11.27,11.28,11.29,11.3,11.31,11.32,1400,3200,2600,200,200,7100,7200,1500,6900,7000,400,1600,3800,3800,5000,1300,2000,4500,11300,19700
386.0,11.2,111400,1253131.0,11.2,11.19,11.18,11.17,11.14,11.13,11.11,11.1,11.08,11.05,11.23,11.24,11.25,11.26,11.27,11.28,11.29,11.3,11.31,11.32,1400,3200,2600,200,200,7100,7200,1500,6900,7000,400,1600,3800,3800,5000,1300,2000,4500,11300,19700
387.0,11.2,111400,1253131.0,11.2,11.19,11.18,11.17,11.14,11.13,11.11,11.1,11.08,11.05,11.23,11.24,11.25,11.26,11.27,11.28,11.29,11.3,11.31,11.32,1400,3200,2600,200,200,7100,7200,1500,6900,7000,400,1600,3800,3800,5000,1300,2000,4500,11300,19700
388.0,11.2,111500,1254251.0,11.2,11.19,11.18,11.17,11.14,11.13,11.11,11.1,11.08,11.05,11.23,11.24,11.25,11.26,11.27,11.28,11.29,11.3,11.31,11.32,1300,3200,2600,200,200,7100,7200,1500,6900,7000,400,1600,3800,3800,5000,1300,2000,4500,11300,19700
389.0,11.2,111500,1254251.0,11.2,11.19,11.18,11.17,11.14,11.13,11.11,11.1,11.08,11.05,11.23,11.24,11.25,11.26,11.27,11.28,11.29,11.3,11.31,11.32,1300,3200,2600,200,200,7100,7200,1500,6900,7000,400,1600,3800,3800,5000,1300,2000,4500,11300,19700
390.0,11.2,111500,1254251.0,11.2,11.19,11.18,11.17,11.14,11.13,11.11,11.1,11.08,11.05,11.23,11.24,11.25,11.26,11.27,11.28,11.29,11.3,11.31,11.32,1300,3200,2600,200,200,7100,7200,1500,6900,7000,400,1600,3800,3800,5000,1300,2000,4500,11300,19700
391.0,11.2,111500,1254251.0,11.2,11.19,11.18,11.17,11.14,11.13,11.11,11.1,11.08,11.05,11.23,11.24,11.25,11.26,11.27,11.28,11.29,11.3,11.31,11.32,1300,3200,2600,200,200,7100,7200,1500,6900,7000,400,1600,3800,3800,5000,1300,2000,4500,11300,19700
392.0,11.2,111500,1254251.0,11.2,11.19,11.18,11.17,11.14,11.13,11.11,11.1,11.08,11.05,11.23,11.24,11.25,11.26,11.27,11.28,11.29,11.3,11.31,11.32,1300,3200,2600,200,200,7100,7200,1500,6900,7000,400,1600,3800,3800,5000,1300,2000,4500,11300,19700
393.0,11.2,111500,1254251.0,11.2,11.19,11.18,11.17,11.14,11.13,11.11,11.1,11.08,11.05,11.23,11.24,11.25,11.26,11.27,11.28,11.29,11.3,11.31,11.32,1300,3200,2600,200,200,7100,7200,1500,6900,7000,400,1600,3800,3800,5000,1300,2000,4500,11300,19700
394.0,11.2,111500,1254251.0,11.2,11.19,11.18,11.17,11.14,11.13,11.11,11.1,11.08,11.05,11.23,11.24,11.25,11.26,11.27,11.28,11.29,11.3,11.31,11.32,1300,3200,2600,200,200,7100,7200,1500,6900,7000,400,1600,3800,3800,5000,1300,2000,4500,11300,19700
395.0,11.2,111600,1255371.0,11.2,11.19,11.18,11.17,11.14,11.13,11.11,11.1,11.08,11.05,11.23,11.24,11.25,11.26,11.27,11.28,11.29,11.3,11.31,11.32,1200,3200,2600,200,200,7100,7200,1500,6900,7000,400,1600,3800,3800,5000,1300,2000,4500,11300,19700
396.0,11.2,111600,1255371.0,11.2,11.19,11.18,11.17,11.14,11.13,11.11,11.1,11.08,11.05,11.23,11.24,11.25,11.26,11.27,11.28,11.29,11.3,11.31,11.32,1200,3200,2600,200,200,7100,7200,1500,6900,7000,400,1600,3800,3800,5000,1300,2000,4500,11300,19700
397.0,11.2,111600,1255371.0,11.2,11.19,11.18,11.17,11.14,11.13,11.11,11.1,11.08,11.05,11.23,11.24,11.25,11.26,11.27,11.28,11.29,11.3,11.31,11.32,1200,3200,2600,200,200,7100,7200,1500,6900,7000,400,1600,3800,3800,5000,1300,2000,4500,11300,19700
398.0,11.2,112000,1259851.0,11.2,11.19,11.18,11.17,11.14,11.13,11.11,11.1,11.08,11.05,11.23,11.24,11.25,11.26,11.27,11.28,11.29,11.3,11.31,11.32,800,3200,2600,200,200,7100,7200,1500,6900,7000,400,1600,3800,3800,5000,1300,2000,4500,11300,19700
399.0,11.2,112000,1259851.0,11.2,11.19,11.18,11.17,11.14,11.13,11.11,11.1,11.08,11.05,11.23,11.24,11.25,11.26,11.27,11.28,11.29,11.3,11.31,11.32,800,3200,2600,200,200,7100,7200,1500,6900,7000,400,1600,3800,3800,5000,1300,2000,4500,11300,19700
400.0,11.2,112000,1259851.0,11.2,11.19,11.18,11.17,11.14,11.13,11.11,11.1,11.08,11.05,11.23,11.24,11.25,11.26,11.27,11.28,11.29,11.3,11.31,11.32,800,3200,2600,200,200,7100,7200,1500,6900,7000,400,1600,3800,3800,5000,1300,2000,4500,11300,19700
401.0,11.2,112000,1259851.0,11.2,11.19,11.18,11.17,11.14,11.13,11.11,11.1,11.08,11.05,11.23,11.24,11.25,11.26,11.27,11.28,11.29,11.3,11.31,11.32,800,3200,2600,200,200,7100,7200,1500,6900,7000,400,1600,3800,3800,5000,1300,2000,4500,11300,19700
402.0,11.2,112000,1259851.0,11.2,11.19,11.18,11.17,11.14,11.13,11.11,11.1,11.08,11.05,11.23,11.24,11.25,11.26,11.27,11.28,11.29,11.3,11.31,11.32,800,3200,2600,200,200,7100,7200,1500,6900,7000,400,1600,3800,3800,5000,1300,2000,4500,11300,19700
403.0,11.23,112200,1262097.0,11.2,11.19,11.18,11.17,11.14,11.13,11.11,11.1,11.08,11.05,11.23,11.24,11.25,11.26,11.27,11.28,11.29,11.3,11.31,11.32,800,3200,2600,200,200,7100,7200,1500,6900,7000,200,1600,3800,3800,5000,1300,2000,4500,11300,19700
404.0,11.23,112200,1262097.0,11.2,11.19,11.18,11.17,11.14,11.13,11.11,11.1,11.08,11.05,11.23,11.24,11.25,11.26,11.27,11.28,11.29,11.3,11.31,11.32,3600,3200,2600,200,200,7100,7200,1500,6900,7000,1000,1600,3800,3800,5000,1300,2000,4500,11300,19700
405.0,11.23,112300,1263220.0,11.2,11.19,11.18,11.17,11.14,11.13,11.11,11.1,11.08,11.05,11.23,11.24,11.25,11.26,11.27,11.28,11.29,11.3,11.31,11.32,3600,3200,2600,200,200,7100,7200,1500,6900,7000,900,1600,3800,3800,5000,1300,2000,4500,11300,19700
406.0,11.23,112300,1263220.0,11.2,11.19,11.18,11.17,11.14,11.13,11.11,11.1,11.08,11.05,11.23,11.24,11.25,11.26,11.27,11.28,11.29,11.3,11.31,11.32,3600,3200,2600,200,200,7100,7200,1500,6900,7000,900,1600,3800,3800,5000,1300,2000,4500,11300,19700
407.0,11.23,112300,1263220.0,11.2,11.19,11.18,11.17,11.14,11.13,11.11,11.1,11.08,11.05,11.23,11.24,11.25,11.26,11.27,11.28,11.29,11.3,11.31,11.32,3600,3200,2600,200,200,7100,7200,1500,6900,7000,900,1600,3800,3800,5000,1300,2000,4500,11300,19700
408.0,11.23,112300,1263220.0,11.2,11.19,11.18,11.17,11.14,11.13,11.11,11.1,11.08,11.05,11.23,11.24,11.25,11.26,11.27,11.28,11.29,11.3,11.31,11.32,3600,3200,2600,200,200,7100,7200,1500,6900,7000,900,1600,3800,3800,5000,1300,2000,4500,11300,19700
409.0,11.23,112300,1263220.0,11.2,11.19,11.18,11.17,11.14,11.13,11.11,11.1,11.08,11.05,11.23,11.24,11.25,11.26,11.27,11.28,11.29,11.3,11.31,11.32,3600,3200,2600,200,200,7100,7200,1500,6900,7000,900,1600,3800,3800,5000,1300,2000,4500,11300,19700
410.0,11.2,112600,1266580.0,11.2,11.19,11.18,11.17,11.14,11.13,11.11,11.1,11.08,11.05,11.23,11.24,11.25,11.26,11.27,11.28,11.29,11.3,11.31,11.32,3300,3200,2600,200,200,7100,7200,1500,6900,7000,900,1600,3800,3800,5000,1300,2000,4500,11300,19700
411.0,11.2,112600,1266580.0,11.2,11.19,11.18,11.17,11.14,11.13,11.11,11.1,11.08,11.05,11.23,11.24,11.25,11.26,11.27,11.28,11.29,11.3,11.31,11.32,3300,3200,2600,200,200,7100,7200,1500,6900,7000,900,1600,3800,3800,5000,1300,2000,4500,11300,19700
