LocalTime,LastPrice,TradeVolume,TradeValue,BidPrice1,BidPrice2,BidPrice3,BidPrice4,BidPrice5,BidPrice6,BidPrice7,BidPrice8,BidPrice9,BidPriceA,AskPrice1,AskPrice2,AskPrice3,AskPrice4,AskPrice5,AskPrice6,AskPrice7,AskPrice8,AskPrice9,AskPriceA,BidVolume1,BidVolume2,BidVolume3,BidVolume4,BidVolume5,BidVolume6,BidVolume7,BidVolume8,BidVolume9,BidVolumeA,AskVolume1,AskVolume2,AskVolume3,AskVolume4,AskVolume5,AskVolume6,AskVolume7,AskVolume8,AskVolume9,AskVolumeA
0.0,11.06,12400,137144.0,11.05,11.04,11.03,11.02,11.01,11.0,10.99,10.98,10.96,10.95,11.06,11.07,11.09,11.1,11.12,11.13,11.14,11.15,11.17,11.18,3200,200,29600,2000,9700,23000,1000,21600,6600,2500,5200,24700,6700,9200,12000,1000,17200,3800,11200,3900
1.0,11.06,13200,145992.0,11.05,11.04,11.03,11.02,11.01,11.0,10.99,10.98,10.96,10.95,11.06,11.07,11.09,11.1,11.11,11.12,11.13,11.14,11.15,11.17,3200,100,29600,2000,9700,23100,1000,21600,7600,2500,4400,24700,6700,9200,3200,12000,1000,17200,3800,11200
2.0,11.06,14900,164779.0,11.05,11.04,11.03,11.02,11.01,11.0,10.99,10.98,10.96,10.95,11.06,11.07,11.09,11.1,11.11,11.12,11.13,11.14,11.15,11.17,1800,100,29600,2000,21700,23700,1000,21600,7600,2500,4200,32700,6700,9200,5200,14700,2000,17200,3800,11200
3.0,11.06,14900,164779.0,11.05,11.04,11.03,11.02,11.01,11.0,10.99,10.98,10.96,10.95,11.06,11.07,11.09,11.1,11.11,11.12,11.13,11.14,11.15,11.16,1800,200,29600,2000,26800,23700,1000,22600,7600,2500,4300,32700,6700,10200,5200,14700,2000,20200,6800,3000
4.0,11.06,16900,186880.0,11.04,11.03,11.02,11.01,11.0,10.99,10.98,10.96,10.95,10.93,11.05,11.06,11.07,11.09,11.1,11.11,11.12,11.13,11.14,11.15,6900,29600,2000,27300,24600,1000,22600,7600,3500,3000,500,4200,32700,6700,10200,5200,14700,2000,20200,7400
5.0,11.06,16900,186880.0,11.04,11.03,11.02,11.01,11.0,10.99,10.98,10.96,10.95,10.93,11.05,11.06,11.07,11.09,11.1,11.11,11.12,11.13,11.14,11.15,6900,29600,2000,29300,24600,1000,22600,8600,3500,3000,500,5300,32700,6700,10200,11100,14700,2000,21200,7400
6.0,11.06,16900,186880.0,11.04,11.03,11.02,11.01,11.0,10.99,10.98,10.96,10.95,10.93,11.05,11.06,11.07,11.09,11.1,11.11,11.12,11.13,11.14,11.15,6900,29600,2000,29300,24600,1000,21600,8600,3500,3000,500,5300,32700,15200,10200,11100,15700,2000,21200,7400
7.0,11.06,16900,186880.0,11.04,11.03,11.02,11.01,11.0,10.99,10.98,10.96,10.95,10.93,11.05,11.06,11.07,11.09,11.1,11.11,11.12,11.13,11.14,11.15,6900,29600,2000,29300,24600,1000,21600,8800,3500,3000,15400,6100,32700,10200,13000,11100,15700,2000,21200,7400
8.0,11.05,17900,197930.0,11.04,11.03,11.02,11.01,11.0,10.99,10.98,10.96,10.95,10.93,11.05,11.06,11.07,11.09,11.1,11.11,11.12,11.13,11.14,11.15,6900,29600,2000,29800,25100,1000,21600,8800,3500,3000,16600,22100,35700,10200,13000,11400,15700,2000,21200,7400
9.0,11.05,20600,227765.0,11.04,11.03,11.02,11.01,11.0,10.99,10.98,10.96,10.95,10.93,11.05,11.06,11.07,11.09,11.1,11.11,11.12,11.13,11.14,11.15,6900,29600,2000,30100,25100,1000,21600,10200,3500,3000,20600,22100,35700,10200,13000,11400,15700,2000,21200,7400
10.0,11.04,21100,233287.0,11.04,11.03,11.02,11.01,11.0,10.99,10.98,10.96,10.95,10.93,11.05,11.06,11.07,11.09,11.1,11.11,11.12,11.13,11.14,11.15,8600,29600,2000,30300,28400,1000,21600,10200,3500,3500,23400,22100,35700,10200,13000,11400,15700,2000,21200,7400
11.0,11.05,25300,279697.0,11.04,11.03,11.02,11.01,11.0,10.99,10.98,10.96,10.95,10.93,11.05,11.06,11.07,11.09,11.1,11.11,11.12,11.13,11.14,11.15,8700,29600,2000,30300,33400,1000,21600,10200,3500,3500,19200,22100,35700,10200,13000,11400,15700,2000,21200,7400
12.0,11.05,25300,279697.0,11.04,11.03,11.02,11.01,11.0,10.99,10.98,10.96,10.95,10.93,11.05,11.06,11.07,11.09,11.1,11.11,11.12,11.13,11.14,11.15,10700,29600,2000,30300,38400,1100,21600,10200,3800,3500,19200,22100,35700,10200,13000,11400,15700,2000,21200,7400
13.0,11.05,27300,301797.0,11.04,11.03,11.02,11.01,11.0,10.99,10.98,10.96,10.95,10.93,11.05,11.06,11.07,11.09,11.1,11.11,11.12,11.13,11.14,11.15,10700,29600,2000,30300,38400,1100,21600,10200,3800,3500,17400,22100,37700,10200,13000,11400,15700,2000,21200,7400
14.0,11.04,27400,302901.0,11.04,11.03,11.02,11.01,11.0,10.99,10.98,10.96,10.95,10.93,11.05,11.06,11.07,11.09,11.1,11.11,11.12,11.13,11.14,11.15,10600,29600,2000,30300,38400,1100,21600,10200,3800,3500,17600,22100,37700,10200,13000,11400,15700,2000,21200,7400
15.0,11.04,29800,329406.0,11.04,11.03,11.02,11.01,11.0,10.99,10.98,10.96,10.95,10.93,11.05,11.06,11.07,11.09,11.1,11.11,11.12,11.13,11.14,11.15,9100,29600,2000,30300,38400,1100,21600,10200,3800,3500,26200,22100,37700,10200,13000,11400,15700,2000,21200,7400
16.0,11.04,38500,425454.0,11.04,11.03,11.02,11.01,11.0,10.99,10.98,10.96,10.95,10.93,11.05,11.06,11.07,11.09,11.1,11.11,11.12,11.13,11.14,11.15,400,29600,2000,30300,38900,1100,21600,10200,3800,3500,35400,22100,37700,10200,13000,11400,15700,2000,21200,7400
17.0,11.04,38900,429870.0,11.03,11.02,11.01,11.0,10.99,10.98,10.96,10.95,10.93,10.92,11.04,11.05,11.06,11.07,11.09,11.1,11.11,11.12,11.13,11.14,29600,2000,30600,38900,1100,21600,10200,3800,3500,5900,200,44000,22100,37700,10200,13000,11400,15700,2000,21200
18.0,11.04,39900,440910.0,11.03,11.02,11.01,11.0,10.99,10.98,10.96,10.95,10.93,10.92,11.05,11.06,11.07,11.09,11.1,11.11,11.12,11.13,11.14,11.15,29600,2000,30600,38900,1100,21600,10200,3800,3500,5900,44000,22100,37700,10200,13000,11400,15700,2000,21200,7400
19.0,11.04,39900,440910.0,11.03,11.02,11.01,11.0,10.99,10.98,10.96,10.95,10.93,10.92,11.04,11.05,11.06,11.07,11.09,11.1,11.11,11.12,11.13,11.14,29600,2000,30600,38900,1100,21600,10200,3800,3500,5900,200,44000,22100,37700,10200,13000,11400,15700,2000,21200
20.0,11.04,39900,440910.0,11.03,11.02,11.01,11.0,10.99,10.98,10.96,10.95,10.93,10.92,11.04,11.05,11.06,11.07,11.09,11.1,11.11,11.12,11.13,11.14,29600,2000,30600,38900,1100,21600,10200,3800,3500,5900,500,44000,22100,37700,10200,13000,11400,15700,2000,21200
21.0,11.03,69500,767398.0,11.02,11.01,11.0,10.99,10.98,10.96,10.95,10.93,10.92,10.91,11.03,11.04,11.05,11.06,11.07,11.09,11.1,11.11,11.12,11.13,2000,30600,38900,1100,21600,10200,3800,3500,5900,6600,1100,1100,49100,22100,37700,10200,13000,11400,15700,2000
22.0,11.0,104600,1153844.0,11.0,10.99,10.98,10.96,10.95,10.93,10.92,10.91,10.9,10.89,11.02,11.03,11.04,11.05,11.06,11.07,11.09,11.1,11.11,11.12,36400,1100,21600,10200,3800,3500,5900,6600,21800,7500,24100,25200,1100,44400,22100,37700,10200,13000,11400,15700
23.0,11.0,111300,1227544.0,11.0,10.99,10.98,10.96,10.95,10.93,10.92,10.91,10.9,10.89,11.02,11.03,11.04,11.05,11.06,11.07,11.09,11.1,11.11,11.12,29700,1100,21600,10200,3800,3500,5900,6600,21800,7500,24200,25200,1100,45900,22100,37700,10200,13000,11400,15700
24.0,11.0,141000,1554244.0,10.99,10.98,10.96,10.95,10.93,10.92,10.91,10.9,10.89,10.88,11.0,11.01,11.02,11.03,11.04,11.05,11.06,11.07,11.09,11.1,1100,21600,10200,3800,3500,5900,6600,21800,7500,8600,15600,24100,24200,1100,2400,46000,22100,37700,10200,13000
25.0,10.99,142100,1566333.0,10.98,10.96,10.95,10.93,10.92,10.91,10.9,10.89,10.88,10.87,11.0,11.01,11.02,11.03,11.04,11.05,11.06,11.07,11.09,11.1,21600,10200,3800,3500,5900,6600,21800,7500,8600,900,15600,24100,25600,1100,2400,46000,22100,37700,10200,13000
26.0,11.0,146400,1613602.0,10.98,10.96,10.95,10.93,10.92,10.91,10.9,10.89,10.88,10.87,10.99,11.0,11.01,11.02,11.03,11.04,11.05,11.06,11.07,11.09,21500,10200,3800,3500,5900,6600,21800,7500,8600,900,4700,15100,24100,25600,1100,900,44900,22100,37700,10200
27.0,10.99,146700,1616899.0,10.98,10.96,10.95,10.93,10.92,10.91,10.9,10.89,10.88,10.87,10.99,11.0,11.01,11.02,11.03,11.04,11.05,11.06,11.07,11.09,21500,10200,3800,3500,5900,6600,21800,7500,8600,900,4400,15100,24100,25600,1100,900,44900,22100,37700,10200
28.0,10.98,150600,1659726.0,10.98,10.96,10.95,10.93,10.92,10.91,10.9,10.89,10.88,10.87,10.99,11.0,11.01,11.02,11.03,11.04,11.05,11.06,11.07,11.09,18100,10200,3800,3500,5900,6600,21800,7500,8600,900,3900,15100,24100,30000,1100,900,40500,22100,37700,10200
29.0,10.98,150600,1659726.0,10.98,10.96,10.95,10.94,10.93,10.92,10.91,10.9,10.89,10.88,10.99,11.0,11.01,11.02,11.03,11.04,11.05,11.06,11.07,11.09,18200,10200,3800,1000,3500,5900,6600,21800,7500,8600,8300,15100,24100,30600,1100,800,31700,22100,37700,10200
30.0,10.98,155400,1712430.0,10.98,10.96,10.95,10.94,10.93,10.92,10.91,10.9,10.89,10.88,10.99,11.0,11.01,11.02,11.03,11.04,11.05,11.06,11.07,11.09,13400,10200,3800,1000,3500,5900,6600,21800,7500,8600,8400,15100,24100,30600,1100,800,27700,22100,37700,10200
31.0,10.96,170000,1872714.0,10.96,10.95,10.94,10.93,10.92,10.91,10.9,10.89,10.88,10.87,10.99,11.0,11.01,11.02,11.03,11.04,11.05,11.06,11.07,11.09,9000,7300,1000,3500,5900,6600,21800,7500,8600,900,8300,15100,24100,30600,1100,700,22600,22100,37700,10200
32.0,10.96,170900,1882602.0,10.96,10.95,10.94,10.93,10.92,10.91,10.9,10.89,10.88,10.87,10.99,11.0,11.01,11.02,11.03,11.04,11.05,11.06,11.07,11.09,8900,7300,1000,3500,5900,6600,21800,7500,8600,900,7800,15100,24100,30500,1100,700,22600,22100,37700,10200
33.0,10.99,184000,2026204.0,10.95,10.94,10.93,10.92,10.91,10.9,10.89,10.88,10.87,10.86,10.99,11.0,11.01,11.02,11.03,11.04,11.05,11.06,11.07,11.09,4800,1000,3500,5900,6600,21800,7500,8600,900,6500,6100,15100,24100,30500,1100,700,22600,22100,37700,10200
34.0,10.95,184100,2027299.0,10.95,10.94,10.93,10.92,10.91,10.9,10.89,10.88,10.87,10.86,10.98,10.99,11.0,11.01,11.02,11.03,11.04,11.05,11.06,11.07,4700,1000,3500,5900,6600,21800,7500,8600,900,6500,100,6100,15100,24100,30500,1100,700,20600,22100,37700
35.0,10.95,184100,2027299.0,10.95,10.94,10.93,10.92,10.91,10.9,10.89,10.88,10.87,10.86,10.98,10.99,11.0,11.01,11.02,11.03,11.04,11.05,11.06,11.07,6400,1000,3500,5900,6600,21800,7500,8600,900,6500,100,6100,15100,24100,30500,1100,700,20600,22100,37700
36.0,10.99,184500,2031694.0,10.95,10.94,10.93,10.92,10.91,10.9,10.89,10.88,10.87,10.86,10.98,10.99,11.0,11.01,11.02,11.03,11.04,11.05,11.06,11.07,6400,1000,3500,5900,6600,21800,7500,8600,900,6500,1000,5800,15100,24100,29900,1100,700,15800,22100,37700
37.0,10.99,184500,2031694.0,10.95,10.94,10.93,10.92,10.91,10.9,10.89,10.88,10.87,10.86,10.98,10.99,11.0,11.01,11.02,11.03,11.04,11.05,11.06,11.07,6400,1000,3500,5900,6600,21800,7500,8600,900,6500,1000,5800,15100,24100,29900,1100,700,15800,22100,37700
38.0,10.99,184500,2031694.0,10.95,10.94,10.93,10.92,10.91,10.9,10.89,10.88,10.87,10.86,10.98,10.99,11.0,11.01,11.02,11.03,11.04,11.05,11.06,11.07,6400,1000,3500,5900,6600,25800,7500,8600,900,6500,1400,5800,15100,24100,28500,1100,700,15800,22100,37700
39.0,10.98,190200,2094145.0,10.95,10.94,10.93,10.92,10.91,10.9,10.89,10.88,10.87,10.86,10.98,10.99,11.0,11.01,11.02,11.03,11.04,11.05,11.06,11.07,1900,1000,3500,5900,6600,25800,7500,8600,900,6500,600,5800,15100,24100,28500,1100,700,10600,22100,37700
40.0,10.93,195000,2146657.0,10.93,10.92,10.91,10.9,10.89,10.88,10.87,10.86,10.85,10.84,10.98,10.99,11.0,11.01,11.02,11.03,11.04,11.05,11.06,11.07,1600,5900,6600,25800,7500,8600,900,6500,5800,600,600,5800,15100,26300,28500,1100,700,10600,22100,37700
41.0,10.93,195000,2146657.0,10.93,10.92,10.91,10.9,10.89,10.88,10.87,10.86,10.85,10.84,10.98,10.99,11.0,11.01,11.02,11.03,11.04,11.05,11.06,11.07,1600,5900,6600,25800,7500,8600,900,6500,5800,600,600,5800,15100,26300,28500,1100,700,10600,22100,37700
42.0,10.92,199100,2191445.0,10.92,10.91,10.9,10.89,10.88,10.87,10.86,10.85,10.84,10.83,10.98,10.99,11.0,11.01,11.02,11.03,11.04,11.05,11.06,11.07,3400,6600,25800,7500,8600,900,6500,5800,600,6100,700,5800,15100,26300,28500,1100,700,10600,22100,37700
43.0,10.95,203000,2234040.0,10.95,10.91,10.9,10.89,10.88,10.87,10.86,10.85,10.84,10.83,10.96,10.98,10.99,11.0,11.01,11.02,11.03,11.04,11.05,11.06,100,6400,25800,7500,8600,900,6500,5800,600,6100,2400,700,5800,15100,26300,24100,1100,700,10300,22100
44.0,10.97,211800,2330237.0,10.91,10.9,10.89,10.88,10.87,10.86,10.85,10.84,10.83,10.82,10.97,10.98,10.99,11.0,11.01,11.02,11.03,11.04,11.05,11.06,4900,30500,7500,8600,900,6500,5800,600,6100,400,800,700,5800,15100,26300,24100,1100,700,9100,22100
45.0,10.97,211800,2330237.0,10.92,10.91,10.9,10.89,10.88,10.87,10.86,10.85,10.84,10.83,10.97,10.98,10.99,11.0,11.01,11.02,11.03,11.04,11.05,11.06,1900,4900,30500,7500,8600,900,6500,5800,600,6100,800,700,5800,15100,26300,24100,1100,700,9100,22100
46.0,10.97,211800,2330237.0,10.92,10.91,10.9,10.89,10.88,10.87,10.86,10.85,10.84,10.83,10.97,10.98,10.99,11.0,11.01,11.02,11.03,11.04,11.05,11.06,1900,4900,30500,7500,8600,900,6500,5800,600,6100,800,700,5800,15100,26300,24100,1100,700,9100,22100
47.0,10.97,212200,2334625.0,10.93,10.92,10.91,10.9,10.89,10.88,10.87,10.86,10.85,10.84,10.97,10.98,10.99,11.0,11.01,11.02,11.03,11.04,11.05,11.06,1500,1900,4900,32100,7500,8600,900,6500,5800,600,400,700,5800,15100,26300,24100,1100,700,9100,21900
48.0,10.93,213600,2349931.0,10.93,10.92,10.91,10.9,10.89,10.88,10.87,10.86,10.85,10.84,10.97,10.98,10.99,11.0,11.01,11.02,11.03,11.04,11.05,11.06,200,1900,4900,32100,7500,8600,900,6500,5800,600,300,700,5800,15100,26300,24100,1100,700,9100,21900
49.0,10.93,213600,2349931.0,10.93,10.92,10.91,10.9,10.89,10.88,10.87,10.86,10.85,10.84,10.97,10.98,10.99,11.0,11.01,11.02,11.03,11.04,11.05,11.06,200,2200,4900,32100,7500,8600,900,6500,5800,600,300,700,5800,15100,26300,24100,1100,700,9100,21900
50.0,10.93,213600,2349931.0,10.93,10.92,10.91,10.9,10.89,10.88,10.87,10.86,10.85,10.84,10.97,10.98,10.99,11.0,11.01,11.02,11.03,11.04,11.05,11.06,200,2700,4900,32100,7500,8600,900,6500,5800,600,300,700,5800,15100,26300,24100,1100,700,9100,21900
51.0,10.93,213600,2349931.0,10.93,10.92,10.91,10.9,10.89,10.88,10.87,10.86,10.85,10.84,10.97,10.98,10.99,11.0,11.01,11.02,11.03,11.04,11.05,11.06,200,2700,7900,32100,7500,8600,900,6500,5800,600,300,700,5800,15100,26300,24100,1100,700,9100,21900
52.0,10.92,214100,2355393.0,10.92,10.91,10.9,10.89,10.88,10.87,10.86,10.85,10.84,10.83,10.97,10.98,10.99,11.0,11.01,11.02,11.03,11.04,11.05,11.06,2400,7900,32100,7500,8600,900,6500,5800,600,6100,300,1600,5800,15100,26300,24100,1100,700,9100,21900
53.0,10.92,214300,2357577.0,10.95,10.92,10.91,10.9,10.89,10.88,10.87,10.86,10.85,10.84,10.97,10.98,10.99,11.0,11.01,11.02,11.03,11.04,11.05,11.06,3000,2200,7900,32100,7500,8600,900,6500,5800,600,300,1600,5800,15100,26300,24100,1100,700,9100,21900
54.0,10.92,214300,2357577.0,10.95,10.92,10.91,10.9,10.89,10.88,10.87,10.86,10.85,10.84,10.97,10.98,10.99,11.0,11.01,11.02,11.03,11.04,11.05,11.06,3000,2200,7900,32100,7500,8600,1200,6500,5800,600,300,1600,5800,15100,26300,24100,1100,700,9100,21900
55.0,10.95,214900,2364147.0,10.95,10.92,10.91,10.9,10.89,10.88,10.87,10.86,10.85,10.84,10.97,10.98,10.99,11.0,11.01,11.02,11.03,11.04,11.05,11.06,2400,2200,7900,32100,7500,8600,1200,6500,5800,600,300,1600,5800,15100,26300,24100,1100,700,9100,21900
56.0,10.95,215100,2366337.0,10.95,10.92,10.91,10.9,10.89,10.88,10.87,10.86,10.85,10.84,10.97,10.98,10.99,11.0,11.01,11.02,11.03,11.04,11.05,11.06,2200,2200,7900,32100,7500,8600,1200,6500,5800,600,300,1600,5800,15100,26300,24100,1100,700,9100,21900
57.0,10.95,217100,2388237.0,10.95,10.92,10.91,10.9,10.89,10.88,10.87,10.86,10.85,10.84,10.97,10.98,10.99,11.0,11.01,11.02,11.03,11.04,11.05,11.06,200,2200,7900,32100,7500,8600,1200,6500,5800,600,300,1600,5800,15100,26300,24100,1100,700,9100,21900
58.0,10.95,217100,2388237.0,10.95,10.92,10.91,10.9,10.89,10.88,10.87,10.86,10.85,10.84,10.97,10.98,10.99,11.0,11.01,11.02,11.03,11.04,11.05,11.06,200,2200,7900,32100,7500,8600,1200,6500,5800,600,10300,1600,5800,15100,26300,24100,1100,700,9100,21900
59.0,10.95,217100,2388237.0,10.95,10.94,10.93,10.92,10.91,10.9,10.89,10.88,10.87,10.86,10.96,10.97,10.98,10.99,11.0,11.01,11.02,11.03,11.04,11.05,200,1000,1500,2200,7900,32100,7500,8600,1200,6500,100,10300,1600,5800,15100,26300,24100,1100,700,9100
60.0,10.95,217100,2388237.0,10.95,10.94,10.93,10.92,10.91,10.9,10.89,10.88,10.87,10.86,10.96,10.97,10.98,10.99,11.0,11.01,11.02,11.03,11.04,11.05,200,1000,1500,2600,7900,32100,7500,8600,1200,6500,100,10300,1600,5800,15100,26300,24100,1100,700,9100
61.0,10.95,217300,2390427.0,10.94,10.93,10.92,10.91,10.9,10.89,10.88,10.87,10.86,10.85,10.95,10.96,10.97,10.98,10.99,11.0,11.01,11.02,11.03,11.04,1000,1500,2600,8400,32600,7500,8600,1200,6500,5800,1900,100,10300,1600,5800,15600,26800,24600,1100,700
62.0,10.94,217500,2392615.0,10.94,10.93,10.92,10.91,10.9,10.89,10.88,10.87,10.86,10.85,10.95,10.96,10.97,10.98,10.99,11.0,11.01,11.02,11.03,11.04,800,1500,2600,7900,32600,8000,8600,1200,6500,5800,2600,100,10300,1600,5800,15600,26800,24600,1100,700
63.0,10.95,217700,2394805.0,10.94,10.93,10.92,10.91,10.9,10.89,10.88,10.87,10.86,10.85,10.95,10.96,10.97,10.98,10.99,11.0,11.01,11.02,11.03,11.04,800,1500,2600,7900,32600,8000,9100,1200,6500,5800,2900,100,10300,1500,5800,15600,26800,24600,1100,700
64.0,10.95,217700,2394805.0,10.94,10.93,10.92,10.91,10.9,10.89,10.88,10.87,10.86,10.85,10.95,10.96,10.97,10.98,10.99,11.0,11.01,11.02,11.03,11.04,800,1500,3300,8900,32600,8000,19500,1200,6500,5800,2900,100,10300,1500,5800,15600,26800,24600,1100,700
65.0,10.95,218000,2398089.0,10.94,10.93,10.92,10.91,10.9,10.89,10.88,10.87,10.86,10.85,10.95,10.96,10.97,10.98,10.99,11.0,11.01,11.02,11.03,11.04,700,1900,3300,9800,35300,8000,19500,1200,6500,5800,2500,100,10300,1500,5800,15600,26800,24600,1100,700
66.0,10.95,218700,2405754.0,10.94,10.93,10.92,10.91,10.9,10.89,10.88,10.87,10.86,10.85,10.95,10.96,10.97,10.98,10.99,11.0,11.01,11.02,11.03,11.04,700,1900,3300,9800,35300,8200,19500,1200,6500,5800,1800,100,10300,1500,5800,15600,26800,24600,1100,700
67.0,10.94,219500,2414507.0,10.93,10.92,10.91,10.9,10.89,10.88,10.87,10.86,10.85,10.84,10.95,10.96,10.97,10.98,10.99,11.0,11.01,11.02,11.03,11.04,1900,3300,9800,38300,8200,20000,1200,6500,5800,600,1800,100,10300,2100,5800,15600,26800,24600,1100,700
68.0,10.94,219600,2415601.0,10.93,10.92,10.91,10.9,10.89,10.88,10.87,10.86,10.85,10.84,10.94,10.95,10.96,10.97,10.98,10.99,11.0,11.01,11.02,11.03,1900,3300,9800,38300,8200,20200,1200,6500,5800,600,100,1300,100,10300,2100,5800,15600,26800,24600,1100
69.0,10.94,219600,2415601.0,10.93,10.92,10.91,10.9,10.89,10.88,10.87,10.86,10.85,10.84,10.94,10.95,10.96,10.97,10.98,10.99,11.0,11.01,11.02,11.03,1900,3300,10300,38300,8200,20200,1200,6500,5800,600,100,1300,100,10300,2100,5800,15600,26800,24600,1100
70.0,10.94,219600,2415601.0,10.93,10.92,10.91,10.9,10.89,10.88,10.87,10.86,10.85,10.84,10.94,10.95,10.96,10.97,10.98,10.99,11.0,11.01,11.02,11.03,1900,3300,10300,38300,8200,20200,1200,6500,5800,600,100,1300,100,10300,2100,5800,15600,26800,24600,1100
71.0,10.95,220100,2421076.0,10.93,10.92,10.91,10.9,10.89,10.88,10.87,10.86,10.85,10.84,10.95,10.96,10.97,10.98,10.99,11.0,11.01,11.02,11.03,11.04,1900,3300,10300,38300,8200,20200,1200,6500,5800,600,800,100,10300,1200,5800,15600,26800,24600,1100,700
72.0,10.95,220100,2421076.0,10.93,10.92,10.91,10.9,10.89,10.88,10.87,10.86,10.85,10.84,10.95,10.96,10.97,10.98,10.99,11.0,11.01,11.02,11.03,11.04,1900,3800,10300,38300,8200,20200,1200,6500,5800,600,800,100,10300,1200,5800,15600,26800,24600,1100,700
73.0,10.95,220100,2421076.0,10.93,10.92,10.91,10.9,10.89,10.88,10.87,10.86,10.85,10.84,10.95,10.96,10.97,10.98,10.99,11.0,11.01,11.02,11.03,11.04,1900,3800,10300,38300,8200,25200,1200,6500,5800,600,800,100,10300,1200,5800,15600,26800,24600,1100,700
74.0,10.93,220200,2422169.0,10.93,10.92,10.91,10.9,10.89,10.88,10.87,10.86,10.85,10.84,10.94,10.95,10.96,10.97,10.98,10.99,11.0,11.01,11.02,11.03,3500,3800,10300,38300,8200,25200,1200,6500,5800,600,3000,800,100,10300,1200,5800,15600,26800,24600,1100
75.0,10.93,220200,2422169.0,10.93,10.92,10.91,10.9,10.89,10.88,10.87,10.86,10.85,10.84,10.94,10.95,10.96,10.97,10.98,10.99,11.0,11.01,11.02,11.03,3500,3800,10300,38300,8200,25200,1200,6500,5800,600,3000,800,100,10300,1200,5800,15600,26800,24600,1100
76.0,10.94,220800,2428733.0,10.93,10.92,10.91,10.9,10.89,10.88,10.87,10.86,10.85,10.84,10.94,10.95,10.96,10.97,10.98,10.99,11.0,11.01,11.02,11.03,3500,3800,10300,38300,8200,25200,1200,6500,5800,600,4100,800,100,10300,1200,5800,15600,26800,24600,1100
77.0,10.94,220800,2428733.0,10.93,10.92,10.91,10.9,10.89,10.88,10.87,10.86,10.85,10.84,10.94,10.95,10.96,10.97,10.98,10.99,11.0,11.01,11.02,11.03,3500,3800,10300,47300,8200,25200,1200,6500,5800,600,4100,800,100,300,1200,5800,15600,26800,24600,1100
78.0,10.94,220800,2428733.0,10.93,10.92,10.91,10.9,10.89,10.88,10.87,10.86,10.85,10.84,10.94,10.95,10.96,10.97,10.98,10.99,11.0,11.01,11.02,11.03,3500,3800,10300,47800,8200,25200,1200,6500,5800,600,4100,800,100,300,1200,5800,15600,26800,24600,1100
79.0,10.94,224900,2473587.0,10.94,10.93,10.92,10.91,10.9,10.89,10.88,10.87,10.86,10.85,10.95,10.96,10.97,10.98,10.99,11.0,11.01,11.02,11.03,11.04,1500,3500,3800,11400,55800,8200,25200,1200,6500,5800,800,100,300,1200,5800,15600,24600,24600,1100,700
80.0,10.95,225000,2474682.0,10.94,10.93,10.92,10.91,10.9,10.89,10.88,10.87,10.86,10.85,10.95,10.96,10.97,10.98,10.99,11.0,11.01,11.02,11.03,11.04,1600,3500,3800,11400,55800,8200,25200,1200,6500,5800,700,100,300,1200,5800,15600,24600,24600,1100,700
81.0,10.93,229900,2528246.0,10.94,10.93,10.92,10.91,10.9,10.89,10.88,10.87,10.86,10.85,10.95,10.96,10.97,10.98,10.99,11.0,11.01,11.02,11.03,11.04,3000,200,3800,12400,55800,8200,25200,3000,6500,5800,700,100,2500,1200,5800,15600,24600,24600,1100,700
82.0,10.93,229900,2528246.0,10.94,10.93,10.92,10.91,10.9,10.89,10.88,10.87,10.86,10.85,10.95,10.96,10.97,10.98,10.99,11.0,11.01,11.02,11.03,11.04,3100,700,3800,12400,55800,8200,25200,3000,6500,5800,700,100,2500,1200,5800,15600,24600,24600,1100,700
83.0,10.94,232900,2561066.0,10.94,10.93,10.92,10.91,10.9,10.89,10.88,10.87,10.86,10.85,10.95,10.96,10.97,10.98,10.99,11.0,11.01,11.02,11.03,11.04,100,700,3800,13400,55800,8200,25200,3000,6500,5800,700,100,2500,1200,5800,15600,24600,24600,1100,700
84.0,10.94,232900,2561066.0,10.94,10.93,10.92,10.91,10.9,10.89,10.88,10.87,10.86,10.85,10.95,10.96,10.97,10.98,10.99,11.0,11.01,11.02,11.03,11.04,100,700,3800,13600,55800,9200,25300,3000,6500,5800,700,100,2500,1200,5800,15600,24600,24600,1100,700
85.0,10.95,233300,2565446.0,10.94,10.93,10.92,10.91,10.9,10.89,10.88,10.87,10.86,10.85,10.95,10.96,10.97,10.98,10.99,11.0,11.01,11.02,11.03,11.04,100,3000,3800,13600,55800,9200,25300,3000,6500,5800,300,100,2500,1200,5800,15600,24600,24600,1100,700
86.0,10.95,233300,2565446.0,10.93,10.92,10.91,10.9,10.89,10.88,10.87,10.86,10.85,10.84,10.94,10.95,10.96,10.97,10.98,10.99,11.0,11.01,11.02,11.03,3000,3800,13600,58900,9200,25300,3000,6500,5800,600,1400,300,100,2500,1200,1400,15600,24600,24600,1100
87.0,10.92,238200,2618996.0,10.92,10.91,10.9,10.89,10.88,10.87,10.86,10.85,10.84,10.83,10.94,10.95,10.96,10.97,10.98,10.99,11.0,11.01,11.02,11.03,2500,13600,61400,9200,25300,3000,6500,5800,600,7100,800,300,100,2500,1200,1400,15600,24600,25200,1100
88.0,10.95,239600,2634303.0,10.92,10.91,10.9,10.89,10.88,10.87,10.86,10.85,10.84,10.83,10.95,10.96,10.97,10.98,10.99,11.0,11.01,11.02,11.03,11.04,2500,14600,61400,9200,25300,3000,6500,5800,600,7100,200,100,2500,1200,1400,15600,24600,25200,1100,700
89.0,10.95,239600,2634303.0,10.94,10.93,10.92,10.91,10.9,10.89,10.88,10.87,10.86,10.85,10.95,10.96,10.97,10.98,10.99,11.0,11.01,11.02,11.03,11.04,3000,500,2500,15200,61400,9200,25300,3000,6500,5800,200,100,2200,1200,1400,15600,24600,25200,1100,700
90.0,10.95,239600,2634303.0,10.94,10.93,10.92,10.91,10.9,10.89,10.88,10.87,10.86,10.85,10.95,10.96,10.97,10.98,10.99,11.0,11.01,11.02,11.03,11.04,3000,500,2500,15200,61400,9200,25300,3000,6500,5800,200,100,2200,1200,1400,15600,24600,25200,1100,700
91.0,10.92,243600,2678048.0,10.92,10.91,10.9,10.89,10.88,10.87,10.86,10.85,10.84,10.83,10.95,10.96,10.97,10.98,10.99,11.0,11.01,11.02,11.03,11.04,2000,15400,60900,9200,25300,3000,7000,5800,600,7100,200,100,2200,11200,1400,15600,24600,25200,1100,700
92.0,10.93,243800,2680234.0,10.92,10.91,10.9,10.89,10.88,10.87,10.86,10.85,10.84,10.83,10.93,10.94,10.95,10.96,10.97,10.98,10.99,11.0,11.01,11.02,2000,12700,60900,8700,25300,3000,7000,5800,600,7600,3100,7100,200,100,2200,11200,1400,15600,24600,25200
93.0,10.93,243800,2680234.0,10.92,10.91,10.9,10.89,10.88,10.87,10.86,10.85,10.84,10.83,10.93,10.94,10.95,10.96,10.97,10.98,10.99,11.0,11.01,11.02,2500,12700,60900,8700,25300,3000,7000,5800,600,7600,3100,7100,200,100,2200,11200,1400,15600,24600,25200
94.0,10.92,244900,2692256.0,10.92,10.91,10.9,10.89,10.88,10.87,10.86,10.85,10.84,10.83,10.93,10.94,10.95,10.96,10.97,10.98,10.99,11.0,11.01,11.02,2400,16200,60900,8700,25300,3000,7000,5800,600,7600,2100,7100,200,100,2200,11200,1400,15600,24600,25200
95.0,10.93,245500,2698813.0,10.92,10.91,10.9,10.89,10.88,10.87,10.86,10.85,10.84,10.83,10.93,10.94,10.95,10.97,10.98,10.99,11.0,11.01,11.02,11.04,2300,21200,61900,8700,25300,3000,7000,5800,600,7600,1600,7100,100,2200,11200,1400,10100,24600,25200,700
96.0,10.93,245800,2702092.0,10.92,10.91,10.9,10.89,10.88,10.87,10.86,10.85,10.84,10.83,10.93,10.94,10.95,10.97,10.98,10.99,11.0,11.01,11.02,11.04,2300,21200,61900,8700,25300,3000,7000,5800,600,7600,1300,7100,100,2200,11200,1400,10100,24600,25200,700
97.0,10.95,254300,2795070.0,10.95,10.94,10.93,10.92,10.91,10.9,10.89,10.88,10.87,10.86,10.97,10.98,10.99,11.0,11.01,11.02,11.04,11.05,11.06,11.07,2800,11800,1000,2300,22200,62500,9700,25300,4900,7000,2200,11200,1400,10100,24600,25200,700,9900,21900,37700
98.0,10.95,254300,2795070.0,10.95,10.94,10.93,10.92,10.91,10.9,10.89,10.88,10.87,10.86,10.97,10.98,10.99,11.0,11.01,11.02,11.04,11.05,11.06,11.07,2800,11800,1000,2300,22800,62500,9700,25300,4900,7000,2200,11200,1400,10100,24600,25200,700,9900,21900,37700
99.0,10.97,254500,2797264.0,10.95,10.94,10.93,10.92,10.91,10.9,10.89,10.88,10.87,10.86,10.97,10.98,10.99,11.0,11.01,11.02,11.04,11.05,11.06,11.07,2800,11800,1000,2300,23000,62500,9700,25300,4900,7000,2000,11200,1400,10100,24600,25200,700,9900,21900,37700
100.0,10.95,256000,2813697.0,10.95,10.94,10.93,10.92,10.91,10.9,10.89,10.88,10.87,10.86,10.97,10.98,10.99,11.0,11.01,11.02,11.04,11.05,11.06,11.07,1700,11800,2500,2300,23000,62500,9700,25300,4900,7000,1600,11200,1100,10100,24600,25200,700,9900,21900,37700
101.0,10.95,257600,2831219.0,10.95,10.94,10.93,10.92,10.91,10.9,10.89,10.88,10.87,10.86,10.96,10.97,10.98,10.99,11.0,11.01,11.02,11.04,11.05,11.06,200,11800,2500,2300,23000,62500,9700,25300,4900,7300,1800,1500,11200,1100,10100,24600,25200,700,9900,21900
102.0,10.96,257700,2832315.0,10.95,10.94,10.93,10.92,10.91,10.9,10.89,10.88,10.87,10.86,10.96,10.97,10.98,10.99,11.0,11.01,11.02,11.04,11.05,11.06,200,11800,2500,2300,23000,62500,9700,25300,4900,7300,1700,1500,11200,1100,10100,24600,25200,700,9900,21900
103.0,10.96,257700,2832315.0,10.95,10.94,10.93,10.92,10.91,10.9,10.89,10.88,10.87,10.86,10.96,10.97,10.98,10.99,11.0,11.01,11.02,11.04,11.05,11.06,200,11800,2500,4300,33100,62500,9700,25300,4900,7300,1700,1500,11200,1100,10100,24600,25200,700,9900,21900
104.0,10.96,257700,2832315.0,10.95,10.94,10.93,10.92,10.91,10.9,10.89,10.88,10.87,10.86,10.96,10.97,10.98,10.99,11.0,11.01,11.02,11.04,11.05,11.06,1900,11800,2500,5300,33600,62500,9700,25300,4900,7300,1700,1600,11200,1100,10100,24600,25200,700,9900,21900
105.0,10.96,257700,2832315.0,10.95,10.94,10.93,10.92,10.91,10.9,10.89,10.88,10.87,10.86,10.96,10.97,10.98,10.99,11.0,11.01,11.02,11.04,11.05,11.06,1900,11800,2500,5300,33600,63300,9700,25800,4900,7300,1700,1600,11200,1100,10100,24600,25200,700,9900,21900
106.0,10.95,258300,2838886.0,10.95,10.94,10.93,10.92,10.91,10.9,10.89,10.88,10.87,10.86,10.96,10.97,10.98,10.99,11.0,11.01,11.02,11.04,11.05,11.06,1400,11800,2500,5300,33600,63300,9700,25800,4900,7300,1600,1600,11200,1100,10100,24600,25200,700,9900,21900
107.0,10.95,258300,2838886.0,10.95,10.94,10.93,10.92,10.91,10.9,10.89,10.88,10.87,10.86,10.96,10.97,10.98,10.99,11.0,11.01,11.02,11.04,11.05,11.06,1400,11800,2500,5300,33600,63300,9700,25800,4900,7300,1600,1600,11200,1100,10100,24600,25200,700,9900,21900
108.0,10.95,259500,2852027.0,10.95,10.94,10.93,10.92,10.91,10.9,10.89,10.88,10.87,10.86,10.96,10.97,10.98,10.99,11.0,11.01,11.02,11.04,11.05,11.06,300,11800,2500,8300,33600,63300,9700,25800,4900,7300,1500,1600,11200,1100,10100,24600,25200,700,9900,21900
109.0,10.96,259600,2853123.0,10.95,10.94,10.93,10.92,10.91,10.9,10.89,10.88,10.87,10.86,10.96,10.97,10.98,10.99,11.0,11.01,11.02,11.04,11.05,11.06,300,11800,11600,10300,33600,63300,9700,25800,4900,7300,1400,1600,11200,1100,10100,24600,25200,700,9900,21900
110.0,10.96,259600,2853123.0,10.95,10.94,10.93,10.92,10.91,10.9,10.89,10.88,10.87,10.86,10.96,10.97,10.98,10.99,11.0,11.01,11.02,11.04,11.05,11.06,300,11800,11600,10600,33600,63300,10500,25800,4900,7300,1400,1600,11200,1100,10100,24600,25200,700,9900,21900
111.0,10.94,271800,2986595.0,10.93,10.92,10.91,10.9,10.89,10.88,10.87,10.86,10.85,10.84,10.94,10.96,10.97,10.98,10.99,11.0,11.01,11.02,11.04,11.05,11600,10600,33600,63300,10500,25800,4900,7300,5800,600,17900,1400,1600,11200,1100,10100,24600,25200,700,9900
112.0,10.94,287700,3160541.0,10.93,10.92,10.91,10.9,10.89,10.88,10.87,10.86,10.85,10.84,10.94,10.95,10.96,10.97,10.98,10.99,11.0,11.01,11.02,11.04,11600,10600,33600,63300,12000,25800,4900,7300,5800,600,2000,300,1400,1600,11200,1100,10100,24600,25200,700
113.0,10.94,287700,3160541.0,10.93,10.92,10.91,10.9,10.89,10.88,10.87,10.86,10.85,10.84,10.94,10.95,10.96,10.97,10.98,10.99,11.0,11.01,11.02,11.04,11600,10600,33600,63300,12000,25800,4900,7300,5800,600,4000,300,1400,1600,11200,1100,10100,24600,25200,700
114.0,10.94,287700,3160541.0,10.93,10.92,10.91,10.9,10.89,10.88,10.87,10.86,10.85,10.84,10.94,10.95,10.96,10.97,10.98,10.99,11.0,11.01,11.02,11.04,11600,10600,33600,63300,12000,26300,4900,7300,5800,600,4000,300,1400,1600,11200,1100,10100,24600,25200,700
115.0,10.94,288200,3166011.0,10.93,10.92,10.91,10.9,10.89,10.88,10.87,10.86,10.85,10.84,10.94,10.95,10.96,10.97,10.98,10.99,11.0,11.01,11.02,11.04,11600,10600,33600,63300,12000,26300,4900,7300,16300,600,3500,300,1400,1600,11200,1100,10100,24600,25200,700
116.0,10.94,289000,3174763.0,10.93,10.92,10.91,10.9,10.89,10.88,10.87,10.86,10.85,10.84,10.94,10.95,10.96,10.97,10.98,10.99,11.0,11.01,11.02,11.04,11600,11600,33600,63300,12000,26300,4900,7300,16300,600,2700,300,1400,1600,11200,1100,10100,24600,25200,700
117.0,10.94,289000,3174763.0,10.93,10.92,10.91,10.9,10.89,10.88,10.87,10.86,10.85,10.84,10.94,10.95,10.96,10.97,10.98,10.99,11.0,11.01,11.02,11.04,11900,11600,33600,63300,12000,26300,4900,7300,16300,600,2700,300,1400,1600,11200,1100,10100,24600,25200,700
118.0,10.94,289400,3179139.0,10.93,10.92,10.91,10.9,10.89,10.88,10.87,10.86,10.85,10.84,10.94,10.95,10.96,10.97,10.98,10.99,11.0,11.01,11.02,11.04,11900,11600,33600,63400,12000,26300,4900,7300,16300,600,2300,300,1400,1600,11200,1100,10100,24600,25200,700
119.0,10.94,291700,3204301.0,10.93,10.92,10.91,10.9,10.89,10.88,10.87,10.86,10.85,10.84,10.95,10.96,10.97,10.98,10.99,11.0,11.01,11.02,11.04,11.05,15900,11600,33600,63400,12000,26300,4900,7300,16300,600,300,1400,1600,11200,1100,10100,24600,25200,700,9900
120.0,10.96,295400,3244790.0,10.96,10.93,10.92,10.91,10.9,10.89,10.88,10.87,10.86,10.85,10.97,10.98,10.99,11.0,11.01,11.02,11.04,11.05,11.06,11.07,300,13900,11600,38600,68500,12000,26300,4900,7300,16300,1600,11200,1100,10100,24600,25200,700,9900,1800,13700
121.0,10.96,295400,3244790.0,10.96,10.94,10.93,10.92,10.91,10.9,10.89,10.88,10.87,10.86,10.97,10.98,10.99,11.0,11.01,11.02,11.04,11.05,11.06,11.07,300,1200,13900,11600,38600,68500,12500,26300,4900,7300,1600,11200,1100,10100,24600,25200,700,9900,1800,13700
122.0,10.96,295800,3249175.0,10.94,10.93,10.92,10.91,10.9,10.89,10.88,10.87,10.86,10.85,10.96,10.97,10.98,10.99,11.0,11.01,11.02,11.04,11.05,11.06,2200,14200,11600,38600,62500,12500,26300,4900,7300,16300,2400,1500,11200,1100,10100,24600,25200,700,9900,1800
123.0,10.96,296400,3255751.0,10.94,10.93,10.92,10.91,10.9,10.89,10.88,10.87,10.86,10.85,10.96,10.97,10.98,10.99,11.0,11.01,11.02,11.04,11.05,11.06,2200,14200,14100,39600,61500,12500,26300,4900,7300,16300,1800,1500,11200,1100,10100,24600,25200,700,9900,1800
124.0,10.94,298500,3278725.0,10.94,10.93,10.92,10.91,10.9,10.89,10.88,10.87,10.86,10.85,10.96,10.97,10.98,10.99,11.0,11.01,11.02,11.04,11.05,11.06,100,14200,25600,41400,61500,12500,26300,4900,7300,16300,1800,1500,11200,1100,10100,24600,25200,700,9900,1800
125.0,10.93,299800,3292935.0,10.94,10.93,10.92,10.91,10.9,10.89,10.88,10.87,10.86,10.85,10.95,10.96,10.97,10.98,10.99,11.0,11.01,11.02,11.04,11.05,1700,13000,25600,41400,61500,12500,26300,4900,7300,16300,200,1800,1400,11200,1100,10100,24600,25200,700,9900
126.0,10.94,304100,3339977.0,10.94,10.93,10.92,10.91,10.9,10.89,10.88,10.87,10.86,10.85,10.95,10.96,10.97,10.98,10.99,11.0,11.01,11.02,11.04,11.05,400,13000,35600,41400,61500,12500,26300,4900,7300,16300,300,1800,1400,11200,1100,10100,24600,25200,700,9900
127.0,10.94,304100,3339977.0,10.94,10.93,10.92,10.91,10.9,10.89,10.88,10.87,10.86,10.85,10.95,10.96,10.97,10.98,10.99,11.0,11.01,11.02,11.04,11.05,1400,13200,35600,41400,61500,12500,26300,4900,7300,16300,300,1800,1700,11200,1100,10100,24600,25200,700,9900
128.0,10.94,304200,3341071.0,10.94,10.93,10.92,10.91,10.9,10.89,10.88,10.87,10.86,10.85,10.95,10.96,10.97,10.98,10.99,11.0,11.01,11.02,11.04,11.05,1300,13200,35600,42100,61800,12500,26300,4900,7300,16300,300,1800,1700,11200,1100,10100,24600,25200,700,9900
129.0,10.94,305400,3354199.0,10.94,10.93,10.92,10.91,10.9,10.89,10.88,10.87,10.86,10.85,10.95,10.96,10.97,10.98,10.99,11.0,11.01,11.02,11.04,11.05,100,13200,35600,42100,61800,12500,26300,4900,7300,16300,300,1800,1700,11200,1100,10100,24600,25200,700,9900
130.0,10.95,305700,3357484.0,10.94,10.93,10.92,10.91,10.9,10.89,10.88,10.87,10.86,10.85,10.96,10.97,10.98,10.99,11.0,11.01,11.02,11.04,11.05,11.06,100,13200,35600,42100,61800,12500,26300,5200,7300,16300,1800,1700,11200,1100,10100,24600,25200,700,9900,1800
131.0,10.93,309900,3403391.0,10.93,10.92,10.91,10.9,10.89,10.88,10.87,10.86,10.85,10.84,10.96,10.97,10.98,10.99,11.0,11.01,11.02,11.04,11.05,11.06,10100,35900,42100,61800,12500,26300,5200,7300,16300,600,1800,1700,11200,1100,10100,24600,25200,700,9900,1800
132.0,10.93,322000,3535644.0,10.92,10.91,10.9,10.89,10.88,10.87,10.86,10.85,10.84,10.83,10.93,10.96,10.97,10.98,10.99,11.0,11.01,11.02,11.04,11.05,42900,42200,61800,12500,26300,5200,9300,16300,600,7600,11900,1800,1700,11200,1100,10100,24600,25200,700,9900
133.0,10.93,322900,3545481.0,10.92,10.91,10.9,10.89,10.88,10.87,10.86,10.85,10.84,10.83,10.93,10.95,10.96,10.97,10.98,10.99,11.0,11.01,11.02,11.04,43100,42200,62600,12500,26300,5200,9300,16300,600,7600,11000,100,1800,1700,11200,1100,10100,24600,25200,700
134.0,10.93,322900,3545481.0,10.92,10.91,10.9,10.89,10.88,10.87,10.86,10.85,10.84,10.83,10.93,10.95,10.96,10.97,10.98,10.99,11.0,11.01,11.02,11.04,43100,42200,63900,12500,26300,5200,9300,16300,600,7600,11000,100,1800,1700,11200,1100,20300,24600,25200,700
135.0,10.93,325600,3574992.0,10.92,10.91,10.9,10.89,10.88,10.87,10.86,10.85,10.84,10.83,10.93,10.95,10.96,10.97,10.98,10.99,11.0,11.01,11.02,11.04,43100,42200,65300,12500,26300,5200,9300,16300,600,7600,10300,100,1800,1700,11200,1100,20300,24600,25200,700
136.0,10.95,336900,3698521.0,10.93,10.92,10.91,10.9,10.89,10.88,10.87,10.86,10.85,10.84,10.95,10.96,10.97,10.98,10.99,11.0,11.01,11.02,11.04,11.05,7300,43300,43100,65300,12500,26300,5200,9300,16300,600,2500,1800,1700,11200,1100,20300,24600,25200,700,9900
137.0,10.95,336900,3698521.0,10.93,10.92,10.91,10.9,10.89,10.88,10.87,10.86,10.85,10.84,10.95,10.96,10.97,10.98,10.99,11.0,11.01,11.02,11.04,11.05,7300,43300,48100,65600,12500,26300,5200,9300,16300,600,2500,1800,1700,11200,1100,20300,24600,25200,700,9900
138.0,10.93,337100,3700707.0,10.93,10.92,10.91,10.9,10.89,10.88,10.87,10.86,10.85,10.84,10.96,10.97,10.98,10.99,11.0,11.01,11.02,11.04,11.05,11.06,7800,60000,48100,65600,12500,26300,5200,9300,16600,600,1800,4500,11200,1100,20300,24600,25200,700,9900,1800
139.0,10.96,337400,3703995.0,10.93,10.92,10.91,10.9,10.89,10.88,10.87,10.86,10.85,10.84,10.96,10.97,10.98,10.99,11.0,11.01,11.02,11.04,11.05,11.06,7800,60000,48100,65600,12500,26300,5200,9300,16600,600,1500,4500,11200,1100,20300,24600,25200,700,9900,1800
140.0,10.96,337500,3705091.0,10.93,10.92,10.91,10.9,10.89,10.88,10.87,10.86,10.85,10.84,10.96,10.97,10.98,10.99,11.0,11.01,11.02,11.04,11.05,11.06,9500,60000,48100,65600,12500,28300,5200,9300,16600,600,1400,4600,11200,1100,20300,24600,25200,700,9900,1800
141.0,10.93,365500,4011131.0,10.93,10.92,10.91,10.9,10.89,10.88,10.87,10.86,10.85,10.84,10.96,10.97,10.98,10.99,11.0,11.01,11.02,11.04,11.05,11.06,7200,60000,48100,66100,12500,28300,5200,9300,16600,600,2000,4600,11200,1100,20300,24600,25200,700,9900,1800
142.0,10.93,365500,4011131.0,10.93,10.92,10.91,10.9,10.89,10.88,10.87,10.86,10.85,10.84,10.96,10.97,10.98,10.99,11.0,11.01,11.02,11.04,11.05,11.06,7200,60000,48100,66100,12500,28300,5200,9300,16600,600,2000,4600,11200,1100,20300,24600,25200,700,9900,1800
143.0,10.93,369500,4054863.0,10.93,10.92,10.91,10.9,10.89,10.88,10.87,10.86,10.85,10.84,10.95,10.96,10.97,10.98,10.99,11.0,11.01,11.02,11.04,11.05,4600,60000,48100,66100,12500,28400,5200,9300,16600,600,6200,1600,4600,11200,1100,20300,24600,25200,700,9900
144.0,10.93,369500,4054863.0,10.93,10.92,10.91,10.9,10.89,10.88,10.87,10.86,10.85,10.84,10.95,10.96,10.97,10.98,10.99,11.0,11.01,11.02,11.04,11.05,4600,60000,48100,67400,12500,28400,5200,9300,16600,600,6200,1600,4600,11200,1100,20300,24600,25200,200,9900
145.0,10.93,369500,4054863.0,10.93,10.92,10.91,10.9,10.89,10.88,10.87,10.86,10.85,10.84,10.95,10.96,10.97,10.98,10.99,11.0,11.01,11.02,11.04,11.05,4600,60000,48100,67400,12500,28400,5200,9300,21300,600,6200,1600,4600,11200,1100,20600,24600,25200,200,9900
146.0,10.93,369500,4054863.0,10.93,10.92,10.91,10.9,10.89,10.88,10.87,10.86,10.85,10.84,10.95,10.96,10.97,10.98,10.99,11.0,11.01,11.02,11.04,11.05,4600,60000,48100,67400,12500,28400,5200,9300,21300,600,6300,1600,4600,11200,1100,20600,24600,25200,200,9900
147.0,10.95,371300,4074573.0,10.93,10.92,10.91,10.9,10.89,10.88,10.87,10.86,10.85,10.84,10.95,10.96,10.97,10.98,10.99,11.0,11.01,11.02,11.04,11.05,4600,60000,48100,67400,12500,28400,5200,9300,21300,600,4500,1600,4600,11200,1100,20600,24600,25200,200,9900
148.0,10.93,371600,4077852.0,10.93,10.92,10.91,10.9,10.89,10.88,10.87,10.86,10.85,10.84,10.95,10.96,10.97,10.98,10.99,11.0,11.01,11.02,11.04,11.05,5300,60000,48100,67500,12500,28400,5200,9300,21300,600,4500,1600,4600,11200,1100,20600,24600,25200,200,9900
149.0,10.93,373000,4093172.0,10.93,10.92,10.91,10.9,10.89,10.88,10.87,10.86,10.85,10.84,10.95,10.96,10.97,10.98,10.99,11.0,11.01,11.02,11.04,11.05,5700,60000,48100,67500,12500,28400,5200,9300,21300,600,3700,1600,4600,11200,1100,20600,24600,25200,200,9900
150.0,10.95,373600,4099742.0,10.93,10.92,10.91,10.9,10.89,10.88,10.87,10.86,10.85,10.84,10.95,10.96,10.97,10.98,10.99,11.0,11.01,11.02,11.04,11.05,8700,60000,48100,67500,12500,28400,5200,9300,21300,600,5600,1700,4500,11200,1100,20600,24600,25200,200,9900
151.0,10.95,373600,4099742.0,10.93,10.92,10.91,10.9,10.89,10.88,10.87,10.86,10.85,10.84,10.95,10.96,10.97,10.98,10.99,11.0,11.01,11.02,11.04,11.05,13400,60000,49100,67500,12500,28400,5200,9300,21300,600,5600,1700,4800,11200,1100,20600,24600,25200,200,9900
152.0,10.95,373600,4099742.0,10.93,10.92,10.91,10.9,10.89,10.88,10.87,10.86,10.85,10.84,10.95,10.96,10.97,10.98,10.99,11.0,11.01,11.02,11.04,11.05,15500,60000,49100,67500,12500,28400,5200,9300,21300,600,5600,1700,4800,11200,1100,20600,24600,25200,200,9900
153.0,10.95,373600,4099742.0,10.93,10.92,10.91,10.9,10.89,10.88,10.87,10.86,10.85,10.84,10.95,10.96,10.97,10.98,10.99,11.0,11.01,11.02,11.04,11.05,16500,60000,49100,67500,12500,28400,5200,9300,21300,600,5600,1700,4800,11200,1100,20600,24600,25200,200,9900
154.0,10.93,376100,4127077.0,10.93,10.92,10.91,10.9,10.89,10.88,10.87,10.86,10.85,10.84,10.95,10.96,10.97,10.98,10.99,11.0,11.01,11.02,11.04,11.05,15300,61000,49100,67500,12500,28400,5200,9300,21300,600,5100,1700,4800,11200,1100,20600,24600,25200,200,9900
155.0,10.93,377100,4138007.0,10.93,10.92,10.91,10.9,10.89,10.88,10.87,10.86,10.85,10.84,10.95,10.96,10.97,10.98,10.99,11.0,11.01,11.02,11.04,11.05,14400,61200,49100,67500,12500,28400,5200,9300,21300,600,6000,2500,4800,11200,1100,20600,24600,25200,200,9900
156.0,10.93,378900,4157707.0,10.93,10.92,10.91,10.9,10.89,10.88,10.87,10.86,10.85,10.84,10.95,10.96,10.97,10.98,10.99,11.0,11.01,11.02,11.04,11.05,13900,61000,48100,67500,12500,28400,5200,9300,21300,600,4700,2500,4800,10800,1100,20600,24600,25200,200,9900
157.0,10.93,380100,4170839.0,10.94,10.93,10.92,10.91,10.9,10.89,10.88,10.87,10.86,10.85,10.95,10.96,10.97,10.98,10.99,11.0,11.01,11.02,11.04,11.05,10000,13500,61000,48100,67500,12500,28400,5200,9300,21300,3900,2500,4800,10800,1100,20600,24600,25200,200,9900
158.0,10.93,380100,4170839.0,10.94,10.93,10.92,10.91,10.9,10.89,10.88,10.87,10.86,10.85,10.95,10.96,10.97,10.98,10.99,11.0,11.01,11.02,11.04,11.05,10000,16200,61000,48100,67500,12500,29400,5200,12300,21300,3900,2500,4800,10800,1100,20600,24600,25200,200,9900
159.0,10.94,381200,4182880.0,10.94,10.93,10.92,10.91,10.9,10.89,10.88,10.87,10.86,10.85,10.95,10.96,10.97,10.98,10.99,11.0,11.01,11.02,11.04,11.05,9600,28300,61000,48100,67500,12500,29400,5200,12300,21300,3200,2500,4800,10600,1100,20600,24600,25200,200,9900
160.0,10.95,381500,4186165.0,10.94,10.93,10.92,10.91,10.9,10.89,10.88,10.87,10.86,10.85,10.95,10.96,10.97,10.98,10.99,11.0,11.01,11.02,11.04,11.05,9600,28300,61000,48100,67500,12500,29400,5200,13300,21300,2900,2500,4800,10600,1100,20600,24600,25200,200,9900
161.0,10.94,386700,4243057.0,10.94,10.93,10.92,10.91,10.9,10.89,10.88,10.87,10.86,10.85,10.95,10.96,10.97,10.98,10.99,11.0,11.01,11.02,11.04,11.05,4900,28300,61300,48100,67800,12500,29400,5200,13300,21300,2500,2500,4800,10600,1100,20600,24600,25200,200,9900
162.0,10.94,386700,4243057.0,10.94,10.93,10.92,10.91,10.9,10.89,10.88,10.87,10.86,10.85,10.95,10.96,10.97,10.98,10.99,11.0,11.01,11.02,11.04,11.05,4900,28300,61300,49100,67800,12500,32400,5200,13300,21300,2500,2500,4800,10600,1100,20600,24600,25200,200,9900
163.0,10.94,386700,4243057.0,10.94,10.93,10.92,10.91,10.9,10.89,10.88,10.87,10.86,10.85,10.95,10.96,10.97,10.98,10.99,11.0,11.01,11.02,11.04,11.05,4900,28300,61300,49100,67800,12500,32400,5200,13300,21300,2500,2500,4800,10600,1100,20600,24600,25200,200,9900
164.0,10.95,387100,4247437.0,10.94,10.93,10.92,10.91,10.9,10.89,10.88,10.87,10.86,10.85,10.95,10.96,10.97,10.98,10.99,11.0,11.01,11.02,11.04,11.05,4900,28300,61300,49100,67800,12500,32400,5200,13300,21300,2100,2500,4800,10600,1100,20600,24600,25200,200,9900
165.0,10.95,387400,4250722.0,10.94,10.93,10.92,10.91,10.9,10.89,10.88,10.87,10.86,10.85,10.95,10.96,10.97,10.98,10.99,11.0,11.01,11.02,11.04,11.05,4900,30300,61300,49100,68300,12500,32400,5200,13300,21300,2200,2500,4800,10600,1100,20600,24600,25200,200,9500
166.0,10.95,387400,4250722.0,10.94,10.93,10.92,10.91,10.9,10.89,10.88,10.87,10.86,10.85,10.95,10.96,10.97,10.98,10.99,11.0,11.01,11.02,11.04,11.05,4900,30300,61300,49100,68800,12500,32400,5200,13300,21300,2200,2500,4800,10600,1100,20600,24600,25200,200,9500
167.0,10.94,390600,4285732.0,10.94,10.93,10.92,10.91,10.9,10.89,10.88,10.87,10.86,10.85,10.95,10.96,10.97,10.98,10.99,11.0,11.01,11.02,11.04,11.05,10800,30300,61300,49100,69300,12500,32900,5200,13300,21300,2000,2500,4800,10600,1100,20600,24600,25200,200,9500
168.0,10.94,390600,4285732.0,10.94,10.93,10.92,10.91,10.9,10.89,10.88,10.87,10.86,10.85,10.95,10.96,10.97,10.98,10.99,11.0,11.01,11.02,11.04,11.05,11800,40300,61300,49100,69300,12500,32900,5200,13300,21300,2000,2500,4800,10600,1100,20600,24600,25200,200,9500
169.0,10.94,390600,4285732.0,10.94,10.93,10.92,10.91,10.9,10.89,10.88,10.87,10.86,10.85,10.95,10.96,10.97,10.98,10.99,11.0,11.01,11.02,11.04,11.05,11800,40300,61300,49100,69400,12500,32900,5200,13300,21300,2000,2500,4800,10600,1100,20600,24600,25200,200,9500
170.0,10.95,392600,4307632.0,10.95,10.94,10.93,10.92,10.91,10.9,10.89,10.88,10.87,10.86,10.96,10.97,10.98,10.99,11.0,11.01,11.02,11.04,11.05,11.06,400,11800,43600,61300,49100,69400,12500,32900,5200,13300,2500,4800,10600,1100,20600,24600,25200,200,9500,1800
171.0,10.94,396800,4353588.0,10.94,10.93,10.92,10.91,10.9,10.89,10.88,10.87,10.86,10.85,10.96,10.97,10.98,10.99,11.0,11.01,11.02,11.04,11.05,11.06,8200,45600,61300,49100,69400,12500,32900,5200,13300,21300,2300,4800,10600,1100,20600,24600,25200,200,9500,1800
172.0,10.94,396800,4353588.0,10.94,10.93,10.92,10.91,10.9,10.89,10.88,10.87,10.86,10.85,10.96,10.97,10.98,10.99,11.0,11.01,11.02,11.04,11.05,11.06,8500,55200,61300,49100,69400,12500,32900,5200,13300,21300,2300,4800,10600,1100,20600,24600,25200,200,9500,1800
173.0,10.94,396800,4353588.0,10.94,10.93,10.92,10.91,10.9,10.89,10.88,10.87,10.86,10.85,10.95,10.96,10.97,10.98,10.99,11.0,11.01,11.02,11.04,11.05,8500,55200,61300,49300,69400,12500,32900,5200,13300,21300,3000,2300,4800,10600,1100,20600,24600,25200,200,9500
174.0,10.95,397100,4356873.0,10.94,10.93,10.92,10.91,10.9,10.89,10.88,10.87,10.86,10.85,10.95,10.96,10.97,10.98,10.99,11.0,11.01,11.02,11.04,11.05,8500,55200,61300,49300,69400,12500,32900,5200,13300,21300,2700,2300,4800,10600,1100,20600,24600,25200,200,9500
175.0,10.95,397100,4356873.0,10.94,10.93,10.92,10.91,10.9,10.89,10.88,10.87,10.86,10.85,10.95,10.96,10.97,10.98,10.99,11.0,11.01,11.02,11.04,11.05,8500,66600,61300,51300,69400,12500,32900,5200,13300,21300,2700,2300,4800,10600,1100,20600,24600,25200,200,9500
176.0,10.95,397100,4356873.0,10.94,10.93,10.92,10.91,10.9,10.89,10.88,10.87,10.86,10.85,10.95,10.96,10.97,10.98,10.99,11.0,11.01,11.02,11.04,11.05,8500,68400,61000,51300,69400,12500,32900,5200,13300,21300,2700,2300,4800,10600,1100,20600,24600,25200,200,9500
177.0,10.95,398200,4368910.0,10.94,10.93,10.92,10.91,10.9,10.89,10.88,10.87,10.86,10.85,10.95,10.96,10.97,10.98,10.99,11.0,11.01,11.02,11.04,11.05,7700,68400,61000,50800,69400,12500,32900,5200,13300,21300,2400,2300,4800,10600,1100,20600,24600,25200,200,9500
178.0,10.95,399900,4387525.0,10.94,10.93,10.92,10.91,10.9,10.89,10.88,10.87,10.86,10.85,10.95,10.96,10.97,10.98,10.99,11.0,11.01,11.02,11.04,11.05,7700,68400,61000,50800,69400,12500,32900,5200,13300,21300,700,2300,4800,10600,1100,20600,24600,25200,200,9500
179.0,10.95,399900,4387525.0,10.94,10.93,10.92,10.91,10.9,10.89,10.88,10.87,10.86,10.85,10.95,10.96,10.97,10.98,10.99,11.0,11.01,11.02,11.04,11.05,7700,68400,61000,50800,69400,12500,32900,5200,13300,22300,700,7300,4800,10600,1100,20600,24600,25200,200,9500
180.0,10.94,400700,4396277.0,10.94,10.93,10.92,10.91,10.9,10.89,10.88,10.87,10.86,10.85,10.95,10.96,10.97,10.98,10.99,11.0,11.01,11.02,11.04,11.05,6900,68400,61000,50800,69400,12500,32900,5200,13300,22300,700,7300,4800,10600,1100,20600,24600,25200,200,9500
181.0,10.95,405100,4444416.0,10.94,10.93,10.92,10.91,10.9,10.89,10.88,10.87,10.86,10.85,10.95,10.96,10.97,10.98,10.99,11.0,11.01,11.02,11.04,11.05,2800,68400,61000,50800,69400,12500,32900,5200,13300,22300,400,7300,4800,10600,1100,20600,24600,25200,200,9500
182.0,10.94,405300,4446604.0,10.94,10.93,10.92,10.91,10.9,10.89,10.88,10.87,10.86,10.85,10.95,10.96,10.97,10.98,10.99,11.0,11.01,11.02,11.04,11.05,3100,68400,61000,50800,69400,12500,32900,5200,13300,22300,400,7300,4800,10600,1100,20600,24600,25200,200,9500
183.0,10.94,405300,4446604.0,10.94,10.93,10.92,10.91,10.9,10.89,10.88,10.87,10.86,10.85,10.95,10.96,10.97,10.98,10.99,11.0,11.01,11.02,11.04,11.05,5300,68400,61000,50800,69400,12500,32900,5200,13300,22300,400,7300,4800,10600,1100,20600,24600,25200,200,9500
184.0,10.93,435300,4774557.0,10.93,10.92,10.91,10.9,10.89,10.88,10.87,10.86,10.85,10.84,10.94,10.95,10.96,10.97,10.98,10.99,11.0,11.01,11.02,11.04,43700,61000,50800,69600,12500,32900,5200,13300,22300,1600,500,400,7300,4800,10600,1100,20600,24600,25200,200
185.0,10.93,435300,4774557.0,10.93,10.92,10.91,10.9,10.89,10.88,10.87,10.86,10.85,10.84,10.94,10.95,10.96,10.97,10.98,10.99,11.0,11.01,11.02,11.04,43700,61000,50800,63600,12500,32900,5200,13300,24300,1600,1500,400,7200,4800,10600,1100,20600,24600,25200,200
186.0,10.94,436800,4790967.0,10.94,10.93,10.92,10.91,10.9,10.89,10.88,10.87,10.86,10.85,10.95,10.96,10.97,10.98,10.99,11.0,11.01,11.02,11.04,11.05,4600,43700,61000,50800,64600,12500,32900,5200,13300,24300,600,7200,4800,10600,1100,20600,24600,25200,200,9500
187.0,10.94,436800,4790967.0,10.94,10.93,10.92,10.91,10.9,10.89,10.88,10.87,10.86,10.85,10.95,10.96,10.97,10.98,10.99,11.0,11.01,11.02,11.04,11.05,4600,44200,61000,50800,64600,12500,32900,5200,13300,24300,600,7200,4800,10600,1100,20400,24600,25200,200,9500
188.0,10.94,436800,4790967.0,10.94,10.93,10.92,10.91,10.9,10.89,10.88,10.87,10.86,10.85,10.95,10.96,10.97,10.98,10.99,11.0,11.01,11.02,11.04,11.05,5500,44200,61000,50800,64600,12500,32900,5200,13300,24300,600,7200,4800,10600,1100,20400,24600,25200,200,9500
189.0,10.94,440900,4835821.0,10.94,10.93,10.92,10.91,10.9,10.89,10.88,10.87,10.86,10.85,10.95,10.96,10.97,10.98,10.99,11.0,11.01,11.02,11.04,11.05,1400,44200,60600,50800,65600,12500,32900,5200,13300,24300,600,7200,4800,10600,1100,20400,24600,25200,200,9500
190.0,10.94,440900,4835821.0,10.94,10.93,10.92,10.91,10.9,10.89,10.88,10.87,10.86,10.85,10.95,10.96,10.97,10.98,10.99,11.0,11.01,11.02,11.04,11.05,1400,44200,60600,50800,65600,12500,32900,5200,13300,24300,600,7200,4800,10600,1100,20400,24600,25200,200,9500
191.0,10.93,445100,4881741.0,10.93,10.92,10.91,10.9,10.89,10.88,10.87,10.86,10.85,10.84,10.94,10.95,10.96,10.97,10.98,10.99,11.0,11.01,11.02,11.04,41400,60600,50800,65600,12500,32900,5200,13300,24300,1600,6600,600,7200,4800,10600,1100,20400,24600,25200,200
192.0,10.94,452500,4962697.0,10.94,10.93,10.92,10.91,10.9,10.89,10.88,10.87,10.86,10.85,10.95,10.96,10.97,10.98,10.99,11.0,11.01,11.02,11.04,11.05,1700,41400,60600,50800,65600,12500,32900,5200,13300,24300,600,7200,4800,10600,1100,20400,24600,25200,200,19500
193.0,10.94,452500,4962697.0,10.94,10.93,10.92,10.91,10.9,10.89,10.88,10.87,10.86,10.85,10.95,10.96,10.97,10.98,10.99,11.0,11.01,11.02,11.04,11.05,21700,41400,60600,51400,65600,12500,32900,5200,13300,24300,600,7200,4800,10600,1100,20400,24600,25200,200,19500
194.0,10.95,453100,4969267.0,10.94,10.93,10.92,10.91,10.9,10.89,10.88,10.87,10.86,10.85,10.96,10.97,10.98,10.99,11.0,11.01,11.02,11.04,11.05,11.06,21700,42400,60600,51400,66100,12500,32900,5200,13300,24300,7200,4800,10600,1100,20400,24600,25200,200,19500,1800
195.0,10.95,453100,4969267.0,10.94,10.93,10.92,10.91,10.9,10.89,10.88,10.87,10.86,10.85,10.96,10.97,10.98,10.99,11.0,11.01,11.02,11.04,11.05,11.06,21700,42400,60600,51400,66100,12500,32900,5200,13300,24300,7200,4800,10600,1100,20500,24600,25200,200,19500,1800
196.0,10.95,453100,4969267.0,10.94,10.93,10.92,10.91,10.9,10.89,10.88,10.87,10.86,10.85,10.95,10.96,10.97,10.98,10.99,11.0,11.01,11.02,11.04,11.05,22200,42400,60600,51400,66100,12500,32900,5200,13300,24300,1000,7200,4800,10000,1100,20500,24600,25200,200,19500
197.0,10.95,454900,4988964.0,10.94,10.93,10.92,10.91,10.9,10.89,10.88,10.87,10.86,10.85,10.95,10.96,10.97,10.98,10.99,11.0,11.01,11.02,11.04,11.05,20900,42400,60600,51400,67100,12500,32900,5200,13300,24300,500,7200,4800,10000,1100,20500,24600,25200,200,19500
198.0,10.94,459000,5033818.0,10.94,10.93,10.92,10.91,10.9,10.89,10.88,10.87,10.86,10.85,10.95,10.96,10.97,10.98,10.99,11.0,11.01,11.02,11.04,11.05,16800,42400,60600,41300,67200,12500,32900,5200,13300,24300,500,7200,4800,10000,1100,20500,24600,25200,200,19500
199.0,10.94,459000,5033818.0,10.94,10.93,10.92,10.91,10.9,10.89,10.88,10.87,10.86,10.85,10.95,10.96,10.97,10.98,10.99,11.0,11.01,11.02,11.04,11.05,16800,42400,60600,41300,67200,12500,32900,5200,13300,24300,500,7200,4800,10000,1100,20500,24600,25200,200,19500
200.0,10.94,477800,5239490.0,10.93,10.92,10.91,10.9,10.89,10.88,10.87,10.86,10.85,10.84,10.95,10.96,10.97,10.98,10.99,11.0,11.01,11.02,11.04,11.05,42400,60600,41300,67200,12500,32900,5200,13300,24300,1600,8600,7200,4800,10000,1100,20500,24600,25200,200,19500
201.0,10.95,478600,5248250.0,10.93,10.92,10.91,10.9,10.89,10.88,10.87,10.86,10.85,10.84,10.95,10.96,10.97,10.98,10.99,11.0,11.01,11.02,11.04,11.05,42400,60600,41300,67200,12500,32900,5200,13300,24300,1600,7800,7200,4800,10000,1100,20500,24600,25200,200,19500
202.0,10.94,479700,5260291.0,10.93,10.92,10.91,10.9,10.89,10.88,10.87,10.86,10.85,10.84,10.95,10.96,10.97,10.98,10.99,11.0,11.01,11.02,11.04,11.05,42400,60600,41300,67200,12500,32900,5200,13300,24300,1600,7600,7200,4800,10000,1100,20500,24600,25200,200,19500
203.0,10.94,479700,5260291.0,10.93,10.92,10.91,10.9,10.89,10.88,10.87,10.86,10.85,10.84,10.95,10.96,10.97,10.98,10.99,11.0,11.01,11.02,11.04,11.05,42400,60600,41300,67200,12500,32900,5200,13300,24300,1600,8200,7200,4800,10000,1100,20500,24600,25200,200,19500
204.0,10.95,480400,5267956.0,10.93,10.92,10.91,10.9,10.89,10.88,10.87,10.86,10.85,10.84,10.95,10.96,10.97,10.98,10.99,11.0,11.01,11.02,11.04,11.05,42400,60600,41300,67200,12500,32900,5200,13300,24300,1600,7500,7200,4800,10000,1100,20500,24600,25200,200,19500
205.0,10.95,482600,5292046.0,10.93,10.92,10.91,10.9,10.89,10.88,10.87,10.86,10.85,10.84,10.95,10.96,10.97,10.98,10.99,11.0,11.01,11.02,11.04,11.05,42400,62100,41300,67200,12500,32900,5200,13300,24300,1600,4900,7200,4800,10000,1100,20500,24600,25200,200,19500
206.0,10.95,482600,5292046.0,10.93,10.92,10.91,10.9,10.89,10.88,10.87,10.86,10.85,10.84,10.95,10.96,10.97,10.98,10.99,11.0,11.01,11.02,11.04,11.05,48400,62100,41300,67200,12500,32900,5200,13300,24300,1600,4900,7200,4800,10000,1100,20500,24600,25200,200,19500
207.0,10.93,482800,5294232.0,10.93,10.92,10.91,10.9,10.89,10.88,10.87,10.86,10.85,10.84,10.94,10.95,10.96,10.97,10.98,10.99,11.0,11.01,11.02,11.04,48200,62100,41300,67200,12500,32900,5200,13300,24300,1600,600,4900,7200,4800,10000,1100,20500,24600,25200,200
208.0,10.93,482800,5294232.0,10.93,10.92,10.91,10.9,10.89,10.88,10.87,10.86,10.85,10.84,10.94,10.95,10.96,10.97,10.98,10.99,11.0,11.01,11.02,11.04,48200,62100,41300,67200,12500,32900,5200,13300,24300,1600,3400,4900,7200,4800,10000,1100,20500,24600,25200,200
209.0,10.94,483400,5300796.0,10.93,10.92,10.91,10.9,10.89,10.88,10.87,10.86,10.85,10.84,10.94,10.95,10.96,10.97,10.98,10.99,11.0,11.01,11.02,11.04,48200,62100,41300,67200,12500,32900,5200,13300,24300,1600,2800,4900,7200,4800,10000,1100,20500,24600,25200,200
210.0,10.94,483400,5300796.0,10.93,10.92,10.91,10.9,10.89,10.88,10.87,10.86,10.85,10.84,10.94,10.95,10.96,10.97,10.98,10.99,11.0,11.01,11.02,11.04,48200,62100,41300,67200,12500,32900,5200,13300,24300,1600,2800,4900,7200,4800,10000,1100,20500,24600,25200,200
211.0,10.94,483400,5300796.0,10.93,10.92,10.91,10.9,10.89,10.88,10.87,10.86,10.85,10.84,10.94,10.95,10.96,10.97,10.98,10.99,11.0,11.01,11.02,11.04,48200,62100,41300,67500,12500,32900,5200,13300,24300,1600,3200,4900,7200,4800,10000,1100,20500,24600,25200,200
212.0,10.93,484200,5309547.0,10.93,10.92,10.91,10.9,10.89,10.88,10.87,10.86,10.85,10.84,10.94,10.95,10.96,10.97,10.98,10.99,11.0,11.01,11.02,11.04,48100,62100,41300,67500,12500,32900,5200,13300,24300,1600,2500,4900,7200,4800,10000,1100,20500,24600,25200,200
213.0,10.93,484200,5309547.0,10.93,10.92,10.91,10.9,10.89,10.88,10.87,10.86,10.85,10.84,10.94,10.95,10.96,10.97,10.98,10.99,11.0,11.01,11.02,11.04,48800,62100,41300,67500,12500,32900,5200,13300,24300,1600,2500,4900,7200,4800,10000,1100,20500,24600,25200,200
214.0,10.93,484300,5310640.0,10.93,10.92,10.91,10.9,10.89,10.88,10.87,10.86,10.85,10.84,10.94,10.95,10.96,10.97,10.98,10.99,11.0,11.01,11.02,11.04,49200,62100,41300,67500,12500,32900,5200,13300,24300,1600,2500,4900,7200,4800,10000,1100,20500,24600,25200,200
215.0,10.93,484600,5313921.0,10.93,10.92,10.91,10.9,10.89,10.88,10.87,10.86,10.85,10.84,10.94,10.95,10.96,10.97,10.98,10.99,11.0,11.01,11.02,11.04,49100,62100,41300,67000,12500,32900,5200,13300,24300,1600,2300,4900,7200,4800,10000,1100,20500,24600,25200,200
216.0,10.94,484800,5316109.0,10.93,10.92,10.91,10.9,10.89,10.88,10.87,10.86,10.85,10.84,10.94,10.95,10.96,10.97,10.98,10.99,11.0,11.01,11.02,11.04,49100,62100,41300,67000,12500,32900,5200,13300,24300,1600,2100,4900,7200,4800,10000,1100,20500,24600,25200,200
217.0,10.93,490200,5375135.0,10.93,10.92,10.91,10.9,10.89,10.88,10.87,10.86,10.85,10.84,10.94,10.95,10.96,10.97,10.98,10.99,11.0,11.01,11.02,11.04,44100,62100,41300,67000,12500,32900,5200,13300,24300,1600,1700,4900,7200,4800,10000,1100,20500,24600,25200,200
218.0,10.94,491000,5383887.0,10.93,10.92,10.91,10.9,10.89,10.88,10.87,10.86,10.85,10.84,10.94,10.95,10.96,10.97,10.98,10.99,11.0,11.01,11.02,11.04,44200,67100,41300,68000,12500,32900,5200,13300,24300,1600,900,4900,7200,4800,10000,1100,20500,24600,25200,200
219.0,10.94,491000,5383887.0,10.93,10.92,10.91,10.9,10.89,10.88,10.87,10.86,10.85,10.84,10.94,10.95,10.96,10.97,10.98,10.99,11.0,11.01,11.02,11.04,44200,67100,41300,68000,12500,32900,5200,13800,24300,1600,900,4900,7200,4800,10000,1100,20500,24600,25200,200
220.0,10.94,491000,5383887.0,10.93,10.92,10.91,10.9,10.89,10.88,10.87,10.86,10.85,10.84,10.94,10.95,10.96,10.97,10.98,10.99,11.0,11.01,11.02,11.04,44200,67100,41300,68000,12500,32900,5200,13800,24300,1600,900,4900,7200,4800,10000,1100,20500,24600,25200,200
221.0,10.93,492800,5403561.0,10.93,10.92,10.91,10.9,10.89,10.88,10.87,10.86,10.85,10.84,10.94,10.95,10.96,10.97,10.98,10.99,11.0,11.01,11.02,11.04,41400,67100,41300,68000,12500,32900,5200,13800,24300,1600,900,4900,7200,4800,10000,1100,20500,24600,25200,200
222.0,10.93,495100,5428700.0,10.93,10.92,10.91,10.9,10.89,10.88,10.87,10.86,10.85,10.84,10.94,10.95,10.96,10.97,10.98,10.99,11.0,11.01,11.02,11.04,39100,67100,41300,68000,12500,32900,5200,13800,24300,1600,900,4900,7200,4800,10000,1100,20500,24600,25200,200
223.0,10.93,497200,5451654.0,10.93,10.92,10.91,10.9,10.89,10.88,10.87,10.86,10.85,10.84,10.94,10.95,10.96,10.97,10.98,10.99,11.0,11.01,11.02,11.04,37100,67100,41300,68000,12500,32900,5200,13800,24300,1600,800,4900,7200,4800,10000,1100,20500,24600,25200,200
224.0,10.93,497200,5451654.0,10.93,10.92,10.91,10.9,10.89,10.88,10.87,10.86,10.85,10.84,10.94,10.95,10.96,10.97,10.98,10.99,11.0,11.01,11.02,11.04,37600,67100,41300,68000,12500,32900,5200,13800,24300,1600,800,4900,7200,4800,10000,1100,20500,24600,25200,200
225.0,10.94,497300,5452748.0,10.93,10.92,10.91,10.9,10.89,10.88,10.87,10.86,10.85,10.84,10.94,10.95,10.96,10.97,10.98,10.99,11.0,11.01,11.02,11.04,37600,67100,41300,68000,12500,32900,5200,13800,24300,1600,700,4900,7200,4800,10000,1100,20500,24600,25200,200
226.0,10.93,501500,5498654.0,10.93,10.92,10.91,10.9,10.89,10.88,10.87,10.86,10.85,10.84,10.94,10.95,10.96,10.97,10.98,10.99,11.0,11.01,11.02,11.04,33400,67100,41300,68000,12500,32900,5200,13800,24300,1600,700,4900,7200,4800,10000,1100,20500,24600,25200,200
227.0,10.93,501500,5498654.0,10.93,10.92,10.91,10.9,10.89,10.88,10.87,10.86,10.85,10.84,10.94,10.95,10.96,10.97,10.98,10.99,11.0,11.01,11.02,11.04,33900,67100,41300,68000,12500,32900,5200,13800,24300,1600,700,4900,7200,4800,10000,1100,20500,24600,25200,200
228.0,10.94,501600,5499748.0,10.93,10.92,10.91,10.9,10.89,10.88,10.87,10.86,10.85,10.84,10.94,10.95,10.96,10.97,10.98,10.99,11.0,11.01,11.02,11.04,33900,67100,41300,68000,14100,32900,5200,13800,24300,1600,600,4900,7200,4800,10000,1100,20500,24600,25200,200
229.0,10.93,511600,5609048.0,10.93,10.92,10.91,10.9,10.89,10.88,10.87,10.86,10.85,10.84,10.94,10.95,10.96,10.97,10.98,10.99,11.0,11.01,11.02,11.04,23900,62600,41300,69000,14100,32900,5200,13800,24300,1600,600,4900,7200,4800,10000,1100,20500,24600,25200,200
230.0,10.93,511600,5609048.0,10.93,10.92,10.91,10.9,10.89,10.88,10.87,10.86,10.85,10.84,10.94,10.95,10.96,10.97,10.98,10.99,11.0,11.01,11.02,11.04,23900,60100,41300,69000,14100,32900,5200,13800,24300,1600,600,4900,7200,4800,10000,1100,20500,24600,25200,200
231.0,10.93,511600,5609048.0,10.93,10.92,10.91,10.9,10.89,10.88,10.87,10.86,10.85,10.84,10.94,10.95,10.96,10.97,10.98,10.99,11.0,11.01,11.02,11.04,24400,60100,41300,69000,14100,32900,5200,13800,24300,1600,600,4900,7200,4800,10000,1100,20500,24600,25200,200
232.0,10.93,511600,5609048.0,10.93,10.92,10.91,10.9,10.89,10.88,10.87,10.86,10.85,10.84,10.94,10.95,10.96,10.97,10.98,10.99,11.0,11.01,11.02,11.04,27600,60100,41300,69000,14100,32900,5200,13800,24500,1600,600,4900,7200,4800,10000,1100,20500,24600,25200,200
233.0,10.93,511600,5609048.0,10.93,10.92,10.91,10.9,10.89,10.88,10.87,10.86,10.85,10.84,10.94,10.95,10.96,10.97,10.98,10.99,11.0,11.01,11.02,11.04,28600,60100,41300,69100,14100,32900,5200,13800,24500,1600,600,5900,7200,4800,10000,1100,20500,24600,25200,200
234.0,10.94,512200,5615612.0,10.94,10.93,10.92,10.91,10.9,10.89,10.88,10.87,10.86,10.85,10.95,10.96,10.97,10.98,10.99,11.0,11.01,11.02,11.04,11.05,2500,30100,60100,39800,70100,14100,33900,5200,13800,24500,5900,7200,4800,10000,1100,20500,24600,25200,200,19500
235.0,10.95,512700,5621087.0,10.94,10.93,10.92,10.91,10.9,10.89,10.88,10.87,10.86,10.85,10.95,10.96,10.97,10.98,10.99,11.0,11.01,11.02,11.04,11.05,2500,30100,60100,39800,71000,14100,33900,5200,13800,24500,5400,7200,4800,10000,1100,20500,24600,25200,200,19500
236.0,10.95,512700,5621087.0,10.94,10.93,10.92,10.91,10.9,10.89,10.88,10.87,10.86,10.85,10.95,10.96,10.97,10.98,10.99,11.0,11.01,11.02,11.04,11.05,2500,30100,60100,39800,71000,14100,33900,5200,13800,24500,5400,7200,4800,10000,1100,20500,24600,25200,200,19500
237.0,10.95,512700,5621087.0,10.94,10.93,10.92,10.91,10.9,10.89,10.88,10.87,10.86,10.85,10.95,10.96,10.97,10.98,10.99,11.0,11.01,11.02,11.04,11.05,2500,31500,60100,38900,71000,14100,33900,5200,13800,24500,5400,6400,4800,10000,1100,20500,24600,25200,200,19500
238.0,10.95,513200,5626562.0,10.94,10.93,10.92,10.91,10.9,10.89,10.88,10.87,10.86,10.85,10.95,10.96,10.97,10.98,10.99,11.0,11.01,11.02,11.04,11.05,4500,34700,60100,38900,71000,14100,33900,5200,13800,24500,4900,6400,4800,10000,1100,20500,24600,25200,200,19500
239.0,10.95,513600,5630942.0,10.94,10.93,10.92,10.91,10.9,10.89,10.88,10.87,10.86,10.85,10.95,10.96,10.97,10.98,10.99,11.0,11.01,11.02,11.04,11.05,4500,34700,60100,38900,71000,14100,33900,5200,13800,24500,4500,6400,4800,10000,1100,20500,24600,25200,200,19500
240.0,10.94,518100,5680181.0,10.94,10.93,10.92,10.91,10.9,10.89,10.88,10.87,10.86,10.85,10.95,10.96,10.97,10.98,10.99,11.0,11.01,11.02,11.04,11.05,900,34700,60100,38900,72000,14100,33900,5200,13800,24500,3600,6400,4800,10000,1100,20500,24600,25200,200,19500
241.0,10.94,518600,5685651.0,10.94,10.93,10.92,10.91,10.9,10.89,10.88,10.87,10.86,10.85,10.95,10.96,10.97,10.98,10.99,11.0,11.01,11.02,11.04,11.05,400,34700,60100,38900,72000,14100,33900,5200,13800,24500,3600,6400,4800,10000,1100,20500,24600,25200,200,19500
242.0,10.94,519100,5691124.0,10.94,10.93,10.92,10.91,10.9,10.89,10.88,10.87,10.86,10.85,10.95,10.96,10.97,10.98,10.99,11.0,11.01,11.02,11.04,11.05,200,34700,60100,38900,72000,14100,33900,5200,13800,24500,3300,6400,4800,10000,1100,20500,24600,25200,200,19500
243.0,10.94,519100,5691124.0,10.94,10.93,10.92,10.91,10.9,10.89,10.88,10.87,10.86,10.85,10.95,10.96,10.97,10.98,10.99,11.0,11.01,11.02,11.04,11.05,200,34700,60100,38900,72000,14100,33900,5200,13800,24500,3300,6400,4800,10000,1100,20500,24600,25200,200,19500
244.0,10.93,520300,5704242.0,10.94,10.93,10.92,10.91,10.9,10.89,10.88,10.87,10.86,10.85,10.95,10.96,10.97,10.98,10.99,11.0,11.01,11.02,11.04,11.05,300,37200,60100,38900,72000,14100,33900,5200,13800,24500,3300,6400,4800,10000,1100,20500,24600,25200,200,19500
245.0,10.93,523400,5738140.0,10.93,10.92,10.91,10.9,10.89,10.88,10.87,10.86,10.85,10.84,10.95,10.96,10.97,10.98,10.99,11.0,11.01,11.02,11.04,11.05,35000,60100,38900,72000,14100,56900,5200,13800,24500,1600,2700,6400,4800,10000,1100,20500,24600,25200,200,19500
246.0,10.94,528100,5789517.0,10.93,10.92,10.91,10.9,10.89,10.88,10.87,10.86,10.85,10.84,10.95,10.96,10.97,10.98,10.99,11.0,11.01,11.02,11.04,11.05,30900,60100,38900,71000,14100,56900,5200,13800,24500,1600,2700,6400,4800,10000,1100,20500,24600,25200,200,19500
247.0,10.95,528400,5792802.0,10.93,10.92,10.91,10.9,10.89,10.88,10.87,10.86,10.85,10.84,10.95,10.96,10.97,10.98,10.99,11.0,11.01,11.02,11.04,11.05,31500,60100,38900,71000,14100,56900,5200,13800,24500,1600,3000,6400,4800,10000,1100,20500,24600,25200,200,19500
248.0,10.95,528700,5796087.0,10.93,10.92,10.91,10.9,10.89,10.88,10.87,10.86,10.85,10.84,10.95,10.96,10.97,10.98,10.99,11.0,11.01,11.02,11.04,11.05,31500,60100,38900,71000,14100,56900,5200,14800,24500,1600,2700,6400,4800,10000,1100,20500,24600,25200,200,19500
249.0,10.95,528700,5796087.0,10.93,10.92,10.91,10.9,10.89,10.88,10.87,10.86,10.85,10.84,10.95,10.96,10.97,10.98,10.99,11.0,11.01,11.02,11.04,11.05,31500,60100,38900,71000,14100,56900,5200,14800,24500,1600,2700,6400,4800,10000,1100,20500,24600,25200,200,19500
250.0,10.95,528700,5796087.0,10.93,10.92,10.91,10.9,10.89,10.88,10.87,10.86,10.85,10.84,10.95,10.96,10.97,10.98,10.99,11.0,11.01,11.02,11.04,11.05,32200,60100,38900,71000,14100,56900,5200,14800,24500,1600,3300,6400,4800,10000,1100,20500,24600,25200,200,19500
251.0,10.95,529800,5808127.0,10.93,10.92,10.91,10.9,10.89,10.88,10.87,10.86,10.85,10.84,10.95,10.96,10.97,10.98,10.99,11.0,11.01,11.02,11.04,11.05,32200,60100,38900,71000,14100,56900,5200,14800,24500,1600,2700,6400,4800,10000,1100,20500,24600,25200,200,19500
252.0,10.95,530500,5815792.0,10.93,10.92,10.91,10.9,10.89,10.88,10.87,10.86,10.85,10.84,10.95,10.96,10.97,10.98,10.99,11.0,11.01,11.02,11.04,11.05,32800,60100,38900,71000,14100,56900,5200,14800,24500,1600,2600,6400,4800,10000,1100,28500,24600,25200,200,19500
253.0,10.95,530700,5817982.0,10.93,10.92,10.91,10.9,10.89,10.88,10.87,10.86,10.85,10.84,10.95,10.96,10.97,10.98,10.99,11.0,11.01,11.02,11.04,11.05,32800,60100,38900,71000,14100,56900,5400,14800,24500,1600,2400,6400,4800,10000,1100,28500,24600,25200,200,19500
254.0,10.95,530700,5817982.0,10.93,10.92,10.91,10.9,10.89,10.88,10.87,10.86,10.85,10.84,10.95,10.96,10.97,10.98,10.99,11.0,11.01,11.02,11.04,11.05,33400,60100,38900,71000,14100,56900,5400,14800,24500,1600,3000,6400,4800,10000,1100,28500,24600,25200,200,19500
255.0,10.95,531000,5821267.0,10.93,10.92,10.91,10.9,10.89,10.88,10.87,10.86,10.85,10.84,10.95,10.96,10.97,10.98,10.99,11.0,11.01,11.02,11.04,11.05,33400,60100,38900,71000,14100,56900,5400,14800,24500,1600,2700,6400,4800,10000,1100,28500,24600,25200,200,19500
256.0,10.95,531000,5821267.0,10.93,10.92,10.91,10.9,10.89,10.88,10.87,10.86,10.85,10.84,10.95,10.96,10.97,10.98,10.99,11.0,11.01,11.02,11.04,11.05,33400,60100,38900,71000,14100,56900,5400,14800,24500,1600,2700,6400,4800,10000,1100,28500,24600,25200,200,19500
257.0,10.95,531000,5821267.0,10.93,10.92,10.91,10.9,10.89,10.88,10.87,10.86,10.85,10.84,10.95,10.96,10.97,10.98,10.99,11.0,11.01,11.02,11.04,11.05,35000,60100,40400,71000,14100,56900,5400,14800,25000,1600,3300,6400,4800,10000,1100,28500,24600,25200,200,19500
258.0,10.95,531300,5824552.0,10.93,10.92,10.91,10.9,10.89,10.88,10.87,10.86,10.85,10.84,10.95,10.96,10.97,10.98,10.99,11.0,11.01,11.02,11.04,11.05,36000,60100,40400,71000,14100,56900,5400,14800,25000,1600,3000,6400,4800,10000,1100,28500,24600,25200,200,19500
259.0,10.95,531300,5824552.0,10.93,10.92,10.91,10.9,10.89,10.88,10.87,10.86,10.85,10.84,10.95,10.96,10.97,10.98,10.99,11.0,11.01,11.02,11.04,11.05,36400,60100,40400,71000,14100,56900,5400,14800,25000,1600,3400,6400,4800,10000,1100,28500,24600,25200,200,19500
260.0,10.95,531600,5827837.0,10.93,10.92,10.91,10.9,10.89,10.88,10.87,10.86,10.85,10.84,10.95,10.96,10.97,10.98,10.99,11.0,11.01,11.02,11.04,11.05,36400,60100,41100,71000,14100,56900,5400,14800,25000,1600,3100,6400,4800,10000,1100,28500,24600,25200,200,19500
261.0,10.95,531900,5831122.0,10.93,10.92,10.91,10.9,10.89,10.88,10.87,10.86,10.85,10.84,10.95,10.96,10.97,10.98,10.99,11.0,11.01,11.02,11.04,11.05,39300,60100,41100,71000,14100,56900,5400,14800,25000,1600,3200,6400,4800,10000,1100,28500,24600,25200,200,19500
262.0,10.95,532000,5832217.0,10.93,10.92,10.91,10.9,10.89,10.88,10.87,10.86,10.85,10.84,10.95,10.96,10.97,10.98,10.99,11.0,11.01,11.02,11.04,11.05,39700,60100,41100,70500,14100,56900,5400,14800,25000,1600,3100,6400,4800,10000,1100,28500,24600,25200,200,19500
263.0,10.95,532100,5833312.0,10.93,10.92,10.91,10.9,10.89,10.88,10.87,10.86,10.85,10.84,10.95,10.96,10.97,10.98,10.99,11.0,11.01,11.02,11.04,11.05,39700,60100,41100,70500,14100,56900,5400,14800,25000,1600,3000,6400,4800,10000,1100,28500,24600,25200,200,19500
264.0,10.95,533000,5843167.0,10.93,10.92,10.91,10.9,10.89,10.88,10.87,10.86,10.85,10.84,10.95,10.96,10.97,10.98,10.99,11.0,11.01,11.02,11.04,11.05,40100,60100,42100,71500,14100,56900,5400,14800,25000,1600,2500,6400,4800,10000,1100,28500,24600,25200,200,19500
265.0,10.95,534000,5854117.0,10.93,10.92,10.91,10.9,10.89,10.88,10.87,10.86,10.85,10.84,10.95,10.96,10.97,10.98,10.99,11.0,11.01,11.02,11.04,11.05,40100,60100,42100,71500,14100,56900,5400,14800,25000,1600,1500,6400,4800,10000,1100,28500,24600,25200,200,19500
266.0,10.95,534000,5854117.0,10.93,10.92,10.91,10.9,10.89,10.88,10.87,10.86,10.85,10.84,10.95,10.96,10.97,10.98,10.99,11.0,11.01,11.02,11.04,11.05,40500,60100,42100,71500,14100,56900,5400,14800,25000,1600,1900,6400,4800,10000,1100,28500,24600,25200,200,19500
267.0,10.95,534000,5854117.0,10.93,10.92,10.91,10.9,10.89,10.88,10.87,10.86,10.85,10.84,10.95,10.96,10.97,10.98,10.99,11.0,11.01,11.02,11.04,11.05,40500,60100,42100,71500,14100,56900,5400,14800,25000,1600,1900,6400,4800,10000,1100,28500,24600,25200,200,19500
268.0,10.95,536600,5882587.0,10.93,10.92,10.91,10.9,10.89,10.88,10.87,10.86,10.85,10.84,10.95,10.96,10.97,10.98,10.99,11.0,11.01,11.02,11.04,11.05,40900,60100,42100,71500,14100,56900,5400,15800,25000,1600,1700,6400,4800,10000,1100,28500,24600,25200,200,19500
269.0,10.95,536600,5882587.0,10.94,10.93,10.92,10.91,10.9,10.89,10.88,10.87,10.86,10.85,10.95,10.96,10.97,10.98,10.99,11.0,11.01,11.02,11.04,11.05,2000,41400,60100,42100,71500,14100,56900,5400,15800,25000,1700,6400,4800,10000,1100,28500,24600,25200,200,19500
270.0,10.93,561800,6158043.0,10.93,10.92,10.91,10.9,10.89,10.88,10.87,10.86,10.85,10.84,10.95,10.96,10.97,10.98,10.99,11.0,11.01,11.02,11.04,11.05,18200,60100,42100,71500,14100,56900,5400,15800,25000,1600,2200,6400,4800,10000,1100,28500,24600,25200,200,19500
271.0,10.95,562800,6168993.0,10.93,10.92,10.91,10.9,10.89,10.88,10.87,10.86,10.85,10.84,10.95,10.96,10.97,10.98,10.99,11.0,11.01,11.02,11.04,11.05,20000,60100,42100,71500,14100,56900,5400,15800,25000,1600,700,6400,4800,10000,1100,28500,24600,25200,200,19500
272.0,10.95,562800,6168993.0,10.93,10.92,10.91,10.9,10.89,10.88,10.87,10.86,10.85,10.84,10.95,10.96,10.97,10.98,10.99,11.0,11.01,11.02,11.04,11.05,20500,60100,42100,71500,14100,56900,5400,15800,25000,1600,1200,6400,4800,10000,1100,28500,24600,25200,200,19500
273.0,10.93,563700,6178830.0,10.93,10.92,10.91,10.9,10.89,10.88,10.87,10.86,10.85,10.84,10.95,10.96,10.97,10.98,10.99,11.0,11.01,11.02,11.04,11.05,19600,60100,42100,72500,14100,56900,5400,15800,25000,1600,1200,6400,4800,10000,1100,28500,24600,25200,200,19500
274.0,10.93,563700,6178830.0,10.93,10.92,10.91,10.9,10.89,10.88,10.87,10.86,10.85,10.84,10.95,10.96,10.97,10.98,10.99,11.0,11.01,11.02,11.04,11.05,19600,60100,42100,72500,14100,56900,5400,15800,25000,1600,1200,6400,4800,10000,1100,28500,24600,25200,200,19500
275.0,10.95,564000,6182115.0,10.93,10.92,10.91,10.9,10.89,10.88,10.87,10.86,10.85,10.84,10.95,10.96,10.97,10.98,10.99,11.0,11.01,11.02,11.04,11.05,20100,60100,42100,72500,14100,56900,5400,15800,25000,1600,1400,6400,4800,10000,1100,28500,24600,25200,200,19500
276.0,10.93,568100,6226928.0,10.93,10.92,10.91,10.9,10.89,10.88,10.87,10.86,10.85,10.84,10.95,10.96,10.97,10.98,10.99,11.0,11.01,11.02,11.04,11.05,16000,61100,42100,72600,14100,56900,5400,15800,25000,1600,1400,6400,4800,10000,1100,28500,24600,25200,200,19500
277.0,10.93,570900,6257532.0,10.93,10.92,10.91,10.9,10.89,10.88,10.87,10.86,10.85,10.84,10.95,10.96,10.97,10.98,10.99,11.0,11.01,11.02,11.04,11.05,14100,61100,42100,72600,14100,56900,5400,15800,25000,1600,1400,6400,4800,10000,1100,28500,24600,25200,200,19500
278.0,10.93,570900,6257532.0,10.93,10.92,10.91,10.9,10.89,10.88,10.87,10.86,10.85,10.84,10.95,10.96,10.97,10.98,10.99,11.0,11.01,11.02,11.04,11.05,16400,61100,42100,72600,14100,56900,5400,15800,25000,1600,1800,6400,4800,10000,1100,28500,24600,25200,200,19500
279.0,10.93,570900,6257532.0,10.93,10.92,10.91,10.9,10.89,10.88,10.87,10.86,10.85,10.84,10.95,10.96,10.97,10.98,10.99,11.0,11.01,11.02,11.04,11.05,17800,61100,42600,72600,14100,56900,5400,15800,25000,1600,1800,6400,4800,10000,1100,28500,24600,25200,200,19500
280.0,10.95,572600,6276129.0,10.93,10.92,10.91,10.9,10.89,10.88,10.87,10.86,10.85,10.84,10.95,10.96,10.97,10.98,10.99,11.0,11.01,11.02,11.04,11.05,16900,61100,42600,72600,14100,56900,5400,15800,25000,1600,1000,6400,4800,10000,1100,28500,24600,25200,200,19500
281.0,10.95,572600,6276129.0,10.93,10.92,10.91,10.9,10.89,10.88,10.87,10.86,10.85,10.84,10.95,10.96,10.97,10.98,10.99,11.0,11.01,11.02,11.04,11.05,17400,61100,42600,73300,14100,56900,5400,15800,25000,1600,1000,6400,4800,10000,1100,28500,24600,25200,200,19500
282.0,10.95,573700,6288174.0,10.93,10.92,10.91,10.9,10.89,10.88,10.87,10.86,10.85,10.84,10.95,10.96,10.97,10.98,10.99,11.0,11.01,11.02,11.04,11.05,17800,61100,42600,73300,14100,56900,5400,15800,25000,1600,300,6400,4800,10000,1100,28500,24600,25200,200,19500
283.0,10.95,573700,6288174.0,10.93,10.92,10.91,10.9,10.89,10.88,10.87,10.86,10.85,10.84,10.95,10.96,10.97,10.98,10.99,11.0,11.01,11.02,11.04,11.05,19800,61100,42600,73300,14100,56900,5400,15800,25000,1600,300,6400,4800,10000,1100,28500,24600,25200,200,19500
284.0,10.95,575000,6302409.0,10.95,10.93,10.92,10.91,10.9,10.89,10.88,10.87,10.86,10.85,10.96,10.97,10.98,10.99,11.0,11.01,11.02,11.04,11.05,11.06,700,22800,62900,42600,73300,14100,56900,5400,15800,25000,6400,4800,10000,1100,28500,24600,25200,200,19500,6700
285.0,10.95,575000,6302409.0,10.95,10.93,10.92,10.91,10.9,10.89,10.88,10.87,10.86,10.85,10.96,10.97,10.98,10.99,11.0,11.01,11.02,11.04,11.05,11.06,700,26100,62900,42600,73300,14100,56900,5400,15800,25000,6400,4800,10000,1100,28500,24600,25200,200,19500,6700
286.0,10.95,575000,6302409.0,10.95,10.93,10.92,10.91,10.9,10.89,10.88,10.87,10.86,10.85,10.96,10.97,10.98,10.99,11.0,11.01,11.02,11.04,11.05,11.06,700,30200,62900,42600,73300,14100,56900,5400,15800,25000,6400,4800,10000,1100,28500,24600,25200,200,19500,8700
287.0,10.95,578700,6342942.0,10.95,10.93,10.92,10.91,10.9,10.89,10.88,10.87,10.86,10.85,10.96,10.97,10.98,10.99,11.0,11.01,11.02,11.04,11.05,11.06,900,30600,62900,42600,72800,14100,56900,5400,15800,25000,5100,4800,10000,1100,28500,24600,24700,200,19500,8700
288.0,10.95,578700,6342942.0,10.95,10.93,10.92,10.91,10.9,10.89,10.88,10.87,10.86,10.85,10.96,10.97,10.98,10.99,11.0,11.01,11.02,11.04,11.05,11.06,900,31600,63100,43600,72800,14100,56900,5400,15800,25000,5100,4800,10000,1100,28500,24600,24700,200,19500,8700
289.0,10.95,578700,6342942.0,10.95,10.93,10.92,10.91,10.9,10.89,10.88,10.87,10.86,10.85,10.96,10.97,10.98,10.99,11.0,11.01,11.02,11.04,11.05,11.06,900,31600,63100,43600,72800,14100,56900,5400,15800,25000,5100,4800,10000,1100,28500,24600,24700,200,19500,8700
290.0,10.96,579600,6352806.0,10.95,10.93,10.92,10.91,10.9,10.89,10.88,10.87,10.86,10.85,10.96,10.97,10.98,10.99,11.0,11.01,11.02,11.04,11.05,11.06,900,31600,63100,43600,72800,14100,56900,5400,15800,25000,4200,4800,10000,1100,28500,24600,24700,200,19500,8700
291.0,10.96,579600,6352806.0,10.95,10.93,10.92,10.91,10.9,10.89,10.88,10.87,10.86,10.85,10.96,10.97,10.98,10.99,11.0,11.01,11.02,11.04,11.05,11.06,900,42200,63100,43600,72800,14100,56900,5400,15800,25000,4200,4800,10000,1100,28500,24600,24700,200,19500,8700
292.0,10.93,580600,6363754.0,10.93,10.92,10.91,10.9,10.89,10.88,10.87,10.86,10.85,10.84,10.96,10.97,10.98,10.99,11.0,11.01,11.02,11.04,11.05,11.06,51900,63100,43600,73800,14100,56900,5400,15800,25000,1600,4200,4800,10000,1100,28500,24600,24700,200,19500,8700
293.0,10.93,580600,6363754.0,10.93,10.92,10.91,10.9,10.89,10.88,10.87,10.86,10.85,10.84,10.96,10.97,10.98,10.99,11.0,11.01,11.02,11.04,11.05,11.06,51900,63100,43600,73800,14100,56900,5400,15800,25000,1600,4200,4800,10000,1100,28500,24600,24700,200,19900,8700
294.0,10.93,581500,6373591.0,10.93,10.92,10.91,10.9,10.89,10.88,10.87,10.86,10.85,10.84,10.96,10.97,10.98,10.99,11.0,11.01,11.02,11.04,11.05,11.06,57100,63100,43600,74000,14100,56900,6400,15800,25000,1600,5900,4800,10000,1100,28500,24600,24700,200,19900,8700
295.0,10.93,581500,6373591.0,10.93,10.92,10.91,10.9,10.89,10.88,10.87,10.86,10.85,10.84,10.96,10.97,10.98,10.99,11.0,11.01,11.02,11.04,11.05,11.06,57500,64400,43600,74000,14100,56900,6400,15800,25000,1600,6300,4800,10000,1100,28500,24600,24700,200,19900,8700
296.0,10.93,585600,6418404.0,10.93,10.92,10.91,10.9,10.89,10.88,10.87,10.86,10.85,10.84,10.96,10.97,10.98,10.99,11.0,11.01,11.02,11.04,11.05,11.06,53400,64400,43600,75000,14100,56900,6400,15800,25000,1600,6300,4800,10000,1100,28500,24600,24700,200,19900,8700
297.0,10.93,594500,6515681.0,10.93,10.92,10.91,10.9,10.89,10.88,10.87,10.86,10.85,10.84,10.96,10.97,10.98,10.99,11.0,11.01,11.02,11.04,11.05,11.06,46200,64400,43600,75000,14100,56900,6400,15800,25000,1600,8000,4800,10000,1100,28500,24600,24700,200,19900,8700
298.0,10.95,596100,6533209.0,10.93,10.92,10.91,10.9,10.89,10.88,10.87,10.86,10.85,10.84,10.95,10.96,10.97,10.98,10.99,11.0,11.01,11.02,11.04,11.05,46300,64400,43600,75000,14100,56900,6400,15800,25000,1600,3400,7200,4800,10000,1100,28500,24600,24700,200,19900
299.0,10.95,596700,6539779.0,10.93,10.92,10.91,10.9,10.89,10.88,10.87,10.86,10.85,10.84,10.95,10.96,10.97,10.98,10.99,11.0,11.01,11.02,11.04,11.05,46800,64400,43600,75000,14100,56900,6400,15800,25000,1600,3300,7200,4800,10000,1100,28500,24600,24700,200,19900
300.0,10.95,597000,6543064.0,10.93,10.92,10.91,10.9,10.89,10.88,10.87,10.86,10.85,10.84,10.95,10.96,10.97,10.98,10.99,11.0,11.01,11.02,11.04,11.05,49000,64400,43600,75000,14100,56900,6400,15800,25000,1600,3000,7200,4800,10000,1100,28500,24600,24700,200,19900
301.0,10.95,597000,6543064.0,10.93,10.92,10.91,10.9,10.89,10.88,10.87,10.86,10.85,10.84,10.95,10.96,10.97,10.98,10.99,11.0,11.01,11.02,11.04,11.05,49000,64400,43600,75000,14100,56900,6400,15800,25000,1600,3000,7200,4800,10000,1100,28500,24600,24700,200,19900
302.0,10.95,597000,6543064.0,10.93,10.92,10.91,10.9,10.89,10.88,10.87,10.86,10.85,10.84,10.95,10.96,10.97,10.98,10.99,11.0,11.01,11.02,11.04,11.05,49700,64400,43600,75000,14100,56900,6400,15800,25000,1600,3500,7200,4800,10000,1100,28500,24600,24700,200,19900
303.0,10.95,599000,6564964.0,10.94,10.93,10.92,10.91,10.9,10.89,10.88,10.87,10.86,10.85,10.95,10.96,10.97,10.98,10.99,11.0,11.01,11.02,11.04,11.05,3200,52500,64400,43600,75000,14100,56900,6400,15800,25000,1500,6700,5300,10000,1100,28500,24600,24700,200,19900
304.0,10.94,600200,6578093.0,10.94,10.93,10.92,10.91,10.9,10.89,10.88,10.87,10.86,10.85,10.95,10.96,10.97,10.98,10.99,11.0,11.01,11.02,11.04,11.05,2100,53500,64400,43600,75000,14100,56900,6400,15800,25000,1400,6700,5300,10000,1100,28500,24600,24700,200,19900
305.0,10.95,600300,6579188.0,10.94,10.93,10.92,10.91,10.9,10.89,10.88,10.87,10.86,10.85,10.95,10.96,10.97,10.98,10.99,11.0,11.01,11.02,11.04,11.05,2700,53500,64400,43600,75300,14100,56900,6400,15800,25000,1700,6700,5300,10000,1100,28500,24600,24700,200,19900
306.0,10.94,603000,6608726.0,10.93,10.92,10.91,10.9,10.89,10.88,10.87,10.86,10.85,10.84,10.94,10.95,10.96,10.97,10.98,10.99,11.0,11.01,11.02,11.04,53500,64400,43600,76300,14100,56900,6400,15800,25000,1600,1000,1700,6700,5300,10000,1100,28500,24600,24700,200
307.0,10.95,604800,6628426.0,10.94,10.93,10.92,10.91,10.9,10.89,10.88,10.87,10.86,10.85,10.95,10.96,10.97,10.98,10.99,11.0,11.01,11.02,11.04,11.05,8900,53100,64400,43600,76300,14100,56900,6400,15800,25000,900,6700,5300,10000,1100,28500,24600,24700,200,19900
308.0,10.95,604800,6628426.0,10.94,10.93,10.92,10.91,10.9,10.89,10.88,10.87,10.86,10.85,10.95,10.96,10.97,10.98,10.99,11.0,11.01,11.02,11.04,11.05,9300,53100,64400,43600,75800,14100,56900,6400,15800,25000,500,6700,5300,10000,1100,28500,24600,24700,200,19900
309.0,10.95,604800,6628426.0,10.94,10.93,10.92,10.91,10.9,10.89,10.88,10.87,10.86,10.85,10.95,10.96,10.97,10.98,10.99,11.0,11.01,11.02,11.04,11.05,9300,53100,64400,43600,74900,14100,56900,6400,15800,25000,500,6700,5300,10000,1100,28500,24600,24700,200,19900
310.0,10.95,604800,6628426.0,10.94,10.93,10.92,10.91,10.9,10.89,10.88,10.87,10.86,10.85,10.95,10.96,10.97,10.98,10.99,11.0,11.01,11.02,11.04,11.05,9300,53100,64400,43600,76900,14100,56900,6400,15800,25000,3000,6700,5300,10000,1100,28500,24600,24700,200,19900
311.0,10.95,605700,6638281.0,10.94,10.93,10.92,10.91,10.9,10.89,10.88,10.87,10.86,10.85,10.95,10.96,10.97,10.98,10.99,11.0,11.01,11.02,11.04,11.05,9300,53100,84400,43600,76900,14100,56900,6400,15800,25000,2500,6700,5300,10000,1100,28500,24600,24700,200,19900
312.0,10.95,605900,6640471.0,10.94,10.93,10.92,10.91,10.9,10.89,10.88,10.87,10.86,10.85,10.95,10.96,10.97,10.98,10.99,11.0,11.01,11.02,11.04,11.05,9300,53100,84400,43600,76900,14100,56900,6400,15800,25000,3100,6700,5300,10000,1100,29400,24600,24700,200,19900
313.0,10.95,606200,6643756.0,10.94,10.93,10.92,10.91,10.9,10.89,10.88,10.87,10.86,10.85,10.95,10.96,10.97,10.98,10.99,11.0,11.01,11.02,11.04,11.05,9300,50900,84400,43600,76900,14100,56900,6400,15800,25000,2800,6700,5300,10000,1100,29400,24600,24700,200,19900
314.0,10.94,607100,6653602.0,10.94,10.93,10.92,10.91,10.9,10.89,10.88,10.87,10.86,10.85,10.95,10.96,10.97,10.98,10.99,11.0,11.01,11.02,11.04,11.05,8700,50900,84900,43600,77100,14100,56900,6400,15800,25000,2800,23600,5300,10000,1100,29400,24600,24700,200,19900
315.0,10.94,607100,6653602.0,10.94,10.93,10.92,10.91,10.9,10.89,10.88,10.87,10.86,10.85,10.95,10.96,10.97,10.98,10.99,11.0,11.01,11.02,11.04,11.05,8700,50900,84900,43600,77100,14100,56900,6400,15800,25000,2800,23600,5300,10000,1100,29400,24600,24700,200,19900
316.0,10.94,607100,6653602.0,10.94,10.93,10.92,10.91,10.9,10.89,10.88,10.87,10.86,10.85,10.95,10.96,10.97,10.98,10.99,11.0,11.01,11.02,11.04,11.05,8700,51900,84900,44600,77100,14100,56900,6400,15800,25000,2800,23600,5300,10000,1100,29400,24600,24700,200,19900
317.0,10.94,607900,6662354.0,10.94,10.93,10.92,10.91,10.9,10.89,10.88,10.87,10.86,10.85,10.95,10.96,10.97,10.98,10.99,11.0,11.01,11.02,11.04,11.05,7900,53300,84900,44600,77100,14100,56900,6400,15800,25000,2800,23600,5300,10000,1100,29400,24600,24700,200,19900
318.0,10.95,608200,6665639.0,10.94,10.93,10.92,10.91,10.9,10.89,10.88,10.87,10.86,10.85,10.95,10.96,10.97,10.98,10.99,11.0,11.01,11.02,11.04,11.05,7900,53300,86900,44600,77100,14100,56900,6400,15800,25000,2500,23600,5300,10000,1100,29400,24600,24700,200,19900
319.0,10.95,608200,6665639.0,10.94,10.93,10.92,10.91,10.9,10.89,10.88,10.87,10.86,10.85,10.95,10.96,10.97,10.98,10.99,11.0,11.01,11.02,11.04,11.05,7900,53300,86900,44600,77100,14100,56900,6400,15800,25000,2500,23600,5300,10000,1100,29400,24600,24700,200,19900
320.0,10.95,608400,6667829.0,10.94,10.93,10.92,10.91,10.9,10.89,10.88,10.87,10.86,10.85,10.95,10.96,10.97,10.98,10.99,11.0,11.01,11.02,11.04,11.05,7900,53300,86900,44600,77100,14100,56900,6400,16300,25000,2300,23600,5300,10000,1100,29400,24600,24700,200,19900
321.0,10.94,609100,6675487.0,10.94,10.93,10.92,10.91,10.9,10.89,10.88,10.87,10.86,10.85,10.95,10.96,10.97,10.98,10.99,11.0,11.01,11.02,11.04,11.05,7200,53300,86900,44600,77000,14100,56900,6400,16300,25000,2300,23600,5300,10000,1100,29400,24600,24700,200,19900
322.0,10.95,610500,6690817.0,10.94,10.93,10.92,10.91,10.9,10.89,10.88,10.87,10.86,10.85,10.95,10.96,10.97,10.98,10.99,11.0,11.01,11.02,11.04,11.05,7200,53300,86900,44600,77500,24100,56900,6400,16300,25000,900,23600,5300,10000,1100,29400,24600,24700,200,19900
323.0,10.95,610500,6690817.0,10.94,10.93,10.92,10.91,10.9,10.89,10.88,10.87,10.86,10.85,10.95,10.96,10.97,10.98,10.99,11.0,11.01,11.02,11.04,11.05,7200,53300,86900,44600,78000,24100,56900,6400,16300,25000,900,23600,5300,10000,1100,29400,24600,24700,200,19900
324.0,10.95,612100,6708330.0,10.95,10.94,10.93,10.92,10.91,10.9,10.89,10.88,10.87,10.86,10.96,10.97,10.98,10.99,11.0,11.01,11.02,11.04,11.05,11.06,100,6500,53300,86900,44600,78000,24100,56900,6400,18300,23600,5300,10000,1100,29400,24600,24700,200,19900,7600
325.0,10.94,613200,6720365.0,10.94,10.93,10.92,10.91,10.9,10.89,10.88,10.87,10.86,10.85,10.95,10.96,10.97,10.98,10.99,11.0,11.01,11.02,11.04,11.05,5500,53300,86900,44600,78000,24100,56900,6400,18300,25000,3000,23600,5300,10000,1100,29400,24600,24700,200,19900
326.0,10.94,617600,6768501.0,10.94,10.93,10.92,10.91,10.9,10.89,10.88,10.87,10.86,10.85,10.95,10.96,10.97,10.98,10.99,11.0,11.01,11.02,11.04,11.05,5200,49200,86900,44600,78000,24100,56900,6400,18300,25000,3000,23600,5300,10000,1100,29400,24600,24700,200,19900
327.0,10.94,617600,6768501.0,10.94,10.93,10.92,10.91,10.9,10.89,10.88,10.87,10.86,10.85,10.95,10.96,10.97,10.98,10.99,11.0,11.01,11.02,11.04,11.05,5200,47800,86900,44600,78000,24100,56900,6400,18300,25000,3000,23600,5300,10000,1100,29400,24600,24700,200,19900
328.0,10.95,617900,6771786.0,10.94,10.93,10.92,10.91,10.9,10.89,10.88,10.87,10.86,10.85,10.95,10.96,10.97,10.98,10.99,11.0,11.01,11.02,11.04,11.05,5200,47800,86900,44600,78000,24100,56900,6400,18300,25000,2700,23600,5300,10000,1100,29400,24600,24700,200,19900
329.0,10.94,625900,6859306.0,10.93,10.92,10.91,10.9,10.89,10.88,10.87,10.86,10.85,10.84,10.94,10.95,10.96,10.97,10.98,10.99,11.0,11.01,11.02,11.04,47800,86900,44600,78000,24100,56900,6400,18300,25000,1600,3000,10000,23600,5300,10000,1100,29400,24100,24700,200
330.0,10.94,629300,6896502.0,10.93,10.92,10.91,10.9,10.89,10.88,10.87,10.86,10.85,10.84,10.94,10.95,10.96,10.97,10.98,10.99,11.0,11.01,11.02,11.04,47800,86900,44600,78000,24100,56900,6400,18300,25000,1600,2900,10000,23600,5300,10000,1100,29400,24100,24700,200
331.0,10.94,629300,6896502.0,10.93,10.92,10.91,10.9,10.89,10.88,10.87,10.86,10.85,10.84,10.94,10.95,10.96,10.97,10.98,10.99,11.0,11.01,11.02,11.04,47800,86900,44600,78100,24100,56900,6400,18300,25000,1600,2900,10000,23600,5300,10000,1100,29400,24100,24700,200
332.0,10.94,629300,6896502.0,10.93,10.92,10.91,10.9,10.89,10.88,10.87,10.86,10.85,10.84,10.94,10.95,10.96,10.97,10.98,10.99,11.0,11.01,11.02,11.04,47800,86900,44600,78100,24100,56900,6400,18300,25000,1600,3300,10000,23600,5300,10000,1100,29400,24100,24700,200
333.0,10.94,630800,6912903.0,10.93,10.92,10.91,10.9,10.89,10.88,10.87,10.86,10.85,10.84,10.94,10.95,10.96,10.97,10.98,10.99,11.0,11.01,11.02,11.04,46900,86900,44600,78100,24100,56900,6400,18300,25000,1600,2700,10000,23600,5300,10000,1100,29400,24100,24700,200
334.0,10.94,631300,6918373.0,10.93,10.92,10.91,10.9,10.89,10.88,10.87,10.86,10.85,10.84,10.94,10.95,10.96,10.97,10.98,10.99,11.0,11.01,11.02,11.04,46900,86900,44600,78100,24100,56900,6400,18300,25000,1600,2200,12000,23600,5300,10000,1100,29400,24100,24700,200
335.0,10.94,631600,6921655.0,10.93,10.92,10.91,10.9,10.89,10.88,10.87,10.86,10.85,10.84,10.94,10.95,10.96,10.97,10.98,10.99,11.0,11.01,11.02,11.04,48000,86900,44600,78100,24100,56900,6400,18300,25000,1600,7400,12000,23600,5300,10000,1100,29400,24100,24700,200
336.0,10.93,632500,6931492.0,10.93,10.92,10.91,10.9,10.89,10.88,10.87,10.86,10.85,10.84,10.94,10.95,10.96,10.97,10.98,10.99,11.0,11.01,11.02,11.04,47100,86900,44600,78300,24100,56900,6400,18300,25000,1600,7400,12000,23600,6300,10000,3100,29400,24100,24700,200
337.0,10.93,632500,6931492.0,10.93,10.92,10.91,10.9,10.89,10.88,10.87,10.86,10.85,10.84,10.94,10.95,10.96,10.97,10.98,10.99,11.0,11.01,11.02,11.04,47100,86900,44600,78300,24100,56900,6400,18300,25000,1600,7400,12000,23600,6300,10000,3100,29400,24100,24700,200
338.0,10.93,632500,6931492.0,10.93,10.92,10.91,10.9,10.89,10.88,10.87,10.86,10.85,10.84,10.94,10.95,10.96,10.97,10.98,10.99,11.0,11.01,11.02,11.04,47100,86900,44600,78300,24100,56900,6400,18300,25000,1600,7400,12000,23600,6300,10000,3100,29400,24100,24700,200
339.0,10.94,633200,6939150.0,10.93,10.92,10.91,10.9,10.89,10.88,10.87,10.86,10.85,10.84,10.94,10.95,10.96,10.97,10.98,10.99,11.0,11.01,11.02,11.04,47100,86900,44600,78300,24100,56900,6900,18300,25000,1600,6700,12000,23600,6300,10000,3100,29400,24100,24700,200
340.0,10.93,637300,6983963.0,10.93,10.92,10.91,10.9,10.89,10.88,10.87,10.86,10.85,10.84,10.94,10.95,10.96,10.97,10.98,10.99,11.0,11.01,11.02,11.04,42900,86900,44600,78300,24100,56900,6900,18300,25000,1600,6700,12000,23600,6300,10000,3100,29400,24100,24700,200
341.0,10.93,637300,6983963.0,10.93,10.92,10.91,10.9,10.89,10.88,10.87,10.86,10.85,10.84,10.94,10.95,10.96,10.97,10.98,10.99,11.0,11.01,11.02,11.04,42900,86900,44600,78300,24100,56900,6900,18300,25000,1600,6700,22000,20700,6300,10000,3100,29400,24100,24700,200
342.0,10.94,637600,6987245.0,10.93,10.92,10.91,10.9,10.89,10.88,10.87,10.86,10.85,10.84,10.94,10.95,10.96,10.97,10.98,10.99,11.0,11.01,11.02,11.04,42900,86900,44600,78300,24100,56900,6900,18300,25000,1600,5900,22000,20700,6300,10000,3100,29400,24100,24700,200
343.0,10.94,639200,7004749.0,10.93,10.92,10.91,10.9,10.89,10.88,10.87,10.86,10.85,10.84,10.94,10.95,10.96,10.97,10.98,10.99,11.0,11.01,11.02,11.04,42900,86900,44600,78300,24100,56900,6900,18300,25000,1600,4300,22000,20700,6300,10000,3100,29400,24100,24700,200
344.0,10.93,641300,7027702.0,10.93,10.92,10.91,10.9,10.89,10.88,10.87,10.86,10.85,10.84,10.94,10.95,10.96,10.97,10.98,10.99,11.0,11.01,11.02,11.04,40800,86900,44600,78300,24100,57400,6900,18300,25000,1600,4800,22000,20700,6300,10000,3100,29400,24100,24700,200
345.0,10.94,642200,7037548.0,10.93,10.92,10.91,10.9,10.89,10.88,10.87,10.86,10.85,10.84,10.94,10.95,10.96,10.97,10.98,10.99,11.0,11.01,11.02,11.04,40800,86900,44600,78300,24100,57400,6900,18300,25000,1600,3400,22000,20700,6300,10000,3100,29400,24100,24700,200
346.0,10.93,676300,7410261.0,10.93,10.92,10.91,10.9,10.89,10.88,10.87,10.86,10.85,10.84,10.94,10.95,10.96,10.97,10.98,10.99,11.0,11.01,11.02,11.04,7100,82200,44600,78300,24100,57400,6900,18300,25000,1600,3900,15200,20700,6300,10000,3100,28900,24100,24700,200
347.0,10.93,678200,7431028.0,10.93,10.92,10.91,10.9,10.89,10.88,10.87,10.86,10.85,10.84,10.94,10.95,10.96,10.97,10.98,10.99,11.0,11.01,11.02,11.04,5300,70600,44600,78600,24100,57400,6900,18300,25000,1600,3900,15200,20700,6300,10000,3100,28900,24100,24700,200
348.0,10.93,678200,7431028.0,10.93,10.92,10.91,10.9,10.89,10.88,10.87,10.86,10.85,10.84,10.94,10.95,10.96,10.97,10.98,10.99,11.0,11.01,11.02,11.04,5300,70600,44600,78600,24100,57400,6900,18300,25000,1600,3900,15200,20700,6300,10000,3100,28900,24100,24700,200
349.0,10.93,678700,7436493.0,10.93,10.92,10.91,10.9,10.89,10.88,10.87,10.86,10.85,10.84,10.94,10.95,10.96,10.97,10.98,10.99,11.0,11.01,11.02,11.04,4800,70600,44600,78600,24100,57400,6900,18300,25000,1600,3900,15200,20700,6300,10000,3100,28900,24100,24700,200
350.0,10.93,678700,7436493.0,10.93,10.92,10.91,10.9,10.89,10.88,10.87,10.86,10.85,10.84,10.94,10.95,10.96,10.97,10.98,10.99,11.0,11.01,11.02,11.04,5800,70600,44600,78600,24100,57400,6900,18300,25000,1600,3400,15200,21200,6300,10000,3100,28900,24100,24700,200
351.0,10.94,679000,7439775.0,10.93,10.92,10.91,10.9,10.89,10.88,10.87,10.86,10.85,10.84,10.94,10.95,10.96,10.97,10.98,10.99,11.0,11.01,11.02,11.04,5800,70600,44600,78600,24100,57400,6900,18300,25000,1600,3100,15200,21200,6300,10000,3100,28900,24100,24700,200
352.0,10.93,682800,7481309.0,10.93,10.92,10.91,10.9,10.89,10.88,10.87,10.86,10.85,10.84,10.94,10.95,10.96,10.97,10.98,10.99,11.0,11.01,11.02,11.04,7000,70600,44600,78600,24100,57400,6900,18300,25000,1600,10400,15200,21200,6300,10000,3100,28900,24100,24700,200
353.0,10.93,687500,7532680.0,10.93,10.92,10.91,10.9,10.89,10.88,10.87,10.86,10.85,10.84,10.94,10.95,10.96,10.97,10.98,10.99,11.0,11.01,11.02,11.04,2300,70600,44600,78600,24100,57400,6900,18300,25000,1600,10400,15200,21200,6300,10000,3100,28900,24100,24700,200
354.0,10.93,687500,7532680.0,10.93,10.92,10.91,10.9,10.89,10.88,10.87,10.86,10.85,10.84,10.94,10.95,10.96,10.97,10.98,10.99,11.0,11.01,11.02,11.04,2300,70600,44600,78600,24100,57400,6900,18300,25000,1600,10400,15200,21200,6300,10000,3100,28900,24100,24700,200
355.0,10.93,689900,7558917.0,10.93,10.92,10.91,10.9,10.89,10.88,10.87,10.86,10.85,10.84,10.94,10.95,10.96,10.97,10.98,10.99,11.0,11.01,11.02,11.04,2400,68800,44600,78600,24100,57400,6900,18300,25000,1600,9400,15200,21200,6300,10000,3100,28900,24100,24700,200
356.0,10.93,690100,7561103.0,10.93,10.92,10.91,10.9,10.89,10.88,10.87,10.86,10.85,10.84,10.94,10.95,10.96,10.97,10.98,10.99,11.0,11.01,11.02,11.04,2300,68800,44600,78600,24100,57400,6900,18300,25000,1600,9400,15200,21200,6300,10000,3100,28900,24100,24700,200
357.0,10.93,690500,7565475.0,10.93,10.92,10.91,10.9,10.89,10.88,10.87,10.86,10.85,10.84,10.94,10.95,10.96,10.97,10.98,10.99,11.0,11.01,11.02,11.04,4100,68800,44600,78700,24100,57400,6900,18300,25000,1600,10600,15200,21200,6300,10000,3100,28900,24100,24700,200
358.0,10.94,691400,7575321.0,10.93,10.92,10.91,10.9,10.89,10.88,10.87,10.86,10.85,10.84,10.94,10.95,10.96,10.97,10.98,10.99,11.0,11.01,11.02,11.04,4100,68800,44600,78700,24100,57400,6900,18300,25000,1600,9700,15200,21200,6300,10000,3100,28900,24100,24700,200
359.0,10.93,691800,7579693.0,10.93,10.92,10.91,10.9,10.89,10.88,10.87,10.86,10.85,10.84,10.94,10.95,10.96,10.97,10.98,10.99,11.0,11.01,11.02,11.04,3700,68800,44600,78700,24100,57400,6900,18300,25000,1600,9700,15200,21200,6300,10000,3100,28900,24100,24700,200
360.0,10.93,691800,7579693.0,10.93,10.92,10.91,10.9,10.89,10.88,10.87,10.86,10.85,10.84,10.94,10.95,10.96,10.97,10.98,10.99,11.0,11.01,11.02,11.04,11200,69800,44600,80500,24100,57400,6900,18300,25000,1600,9700,15200,21200,6300,10000,3100,28900,24100,24700,200
361.0,10.93,694600,7610297.0,10.93,10.92,10.91,10.9,10.89,10.88,10.87,10.86,10.85,10.84,10.94,10.95,10.96,10.97,10.98,10.99,11.0,11.01,11.02,11.04,8400,69800,44600,80500,24100,57400,6900,18300,25000,1600,10200,15900,21200,6300,10000,3100,28900,24100,24700,200
362.0,10.94,695500,7620143.0,10.93,10.92,10.91,10.9,10.89,10.88,10.87,10.86,10.85,10.84,10.94,10.95,10.96,10.97,10.98,10.99,11.0,11.01,11.02,11.04,8400,69800,44600,80500,24100,57000,6900,18300,25000,1600,9300,15900,21200,6300,10000,3100,28900,24100,24700,200
363.0,10.93,695600,7621236.0,10.93,10.92,10.91,10.9,10.89,10.88,10.87,10.86,10.85,10.84,10.94,10.95,10.96,10.97,10.98,10.99,11.0,11.01,11.02,11.04,10300,69800,44600,80500,24100,57000,6900,18300,25000,1600,9300,15900,21200,6300,10000,3100,28900,24100,24700,200
364.0,10.93,696500,7631073.0,10.93,10.92,10.91,10.9,10.89,10.88,10.87,10.86,10.85,10.84,10.94,10.95,10.96,10.97,10.98,10.99,11.0,11.01,11.02,11.04,9400,69800,44600,80500,24100,57000,6900,18300,25000,1600,9400,15900,21200,6300,10000,3100,28900,24100,24700,200
365.0,10.94,697400,7640919.0,10.93,10.92,10.91,10.9,10.89,10.88,10.87,10.86,10.85,10.84,10.94,10.95,10.96,10.97,10.98,10.99,11.0,11.01,11.02,11.04,9400,69800,44600,80500,24100,57000,6900,18300,25000,1600,8500,15900,21200,6300,10000,3100,28900,24100,24700,200
366.0,10.93,707900,7755692.0,10.92,10.91,10.9,10.89,10.88,10.87,10.86,10.85,10.84,10.83,10.93,10.94,10.95,10.96,10.97,10.98,10.99,11.0,11.01,11.02,69800,44600,80500,24100,57000,6900,18300,25000,1600,12300,8800,7200,15900,21200,6300,10000,3100,28900,24100,24700
367.0,10.93,708400,7761157.0,10.92,10.91,10.9,10.89,10.88,10.87,10.86,10.85,10.84,10.83,10.93,10.94,10.95,10.96,10.97,10.98,10.99,11.0,11.01,11.02,69800,44600,80500,24100,57000,6900,18300,25000,1600,12300,8300,7200,15900,21200,6300,10000,3100,28900,24100,24700
368.0,10.93,708400,7761157.0,10.92,10.91,10.9,10.89,10.88,10.87,10.86,10.85,10.84,10.83,10.93,10.94,10.95,10.96,10.97,10.98,10.99,11.0,11.01,11.02,69800,39600,80500,24100,57000,6900,18300,25000,1600,12300,8300,7200,15900,21200,6300,10000,3100,28900,24100,24700
369.0,10.93,711000,7789557.0,10.92,10.91,10.9,10.89,10.88,10.87,10.86,10.85,10.84,10.83,10.93,10.94,10.95,10.96,10.97,10.98,10.99,11.0,11.01,11.02,68000,39600,80500,24100,57000,6900,18300,25000,1600,12300,7500,7200,15900,21200,6300,10000,3100,28900,24100,24700
370.0,10.92,711100,7790649.0,10.92,10.91,10.9,10.89,10.88,10.87,10.86,10.85,10.84,10.83,10.93,10.94,10.95,10.96,10.97,10.98,10.99,11.0,11.01,11.02,67900,39600,80500,24100,57000,6900,18300,25000,1600,12300,14500,7200,15900,21200,6300,10000,3100,28900,24100,24700
371.0,10.92,711100,7790649.0,10.92,10.91,10.9,10.89,10.88,10.87,10.86,10.85,10.84,10.83,10.93,10.94,10.95,10.96,10.97,10.98,10.99,11.0,11.01,11.02,67900,41600,81400,24100,57000,6900,18300,25000,1600,12300,14500,7200,15900,21200,6300,10000,3100,28900,24100,24700
372.0,10.93,712000,7800486.0,10.92,10.91,10.9,10.89,10.88,10.87,10.86,10.85,10.84,10.83,10.93,10.94,10.95,10.96,10.97,10.98,10.99,11.0,11.01,11.02,67900,41600,81400,24100,57000,6900,18300,25000,1600,12300,13600,7200,15900,21200,6300,10000,3100,28900,24100,24700
373.0,10.93,712000,7800486.0,10.92,10.91,10.9,10.89,10.88,10.87,10.86,10.85,10.84,10.83,10.93,10.94,10.95,10.96,10.97,10.98,10.99,11.0,11.01,11.02,66600,41600,81400,24100,57000,6900,18300,25000,1600,12300,23600,7200,15900,21200,6300,10000,3100,28900,24100,24700
374.0,10.92,718900,7875853.0,10.92,10.91,10.9,10.89,10.88,10.87,10.86,10.85,10.84,10.83,10.93,10.94,10.95,10.96,10.97,10.98,10.99,11.0,11.01,11.02,61600,41600,81400,24100,57000,6900,18300,25000,1600,12300,21700,7200,15900,21200,6300,10000,3100,28900,24100,24700
375.0,10.92,718900,7875853.0,10.92,10.91,10.9,10.89,10.88,10.87,10.86,10.85,10.84,10.83,10.93,10.94,10.95,10.96,10.97,10.98,10.99,11.0,11.01,11.02,61600,41600,82400,24100,57000,6900,18300,25000,1600,12300,21700,7200,15900,21200,6300,10000,3100,28900,24100,24700
376.0,10.93,720100,7888969.0,10.92,10.91,10.9,10.89,10.88,10.87,10.86,10.85,10.84,10.83,10.93,10.94,10.95,10.96,10.97,10.98,10.99,11.0,11.01,11.02,64600,41600,82400,24100,57000,6900,18300,25000,1600,12300,24700,7200,15900,21200,6300,10000,3100,28900,24100,24700
377.0,10.92,722800,7918477.0,10.92,10.91,10.9,10.89,10.88,10.87,10.86,10.85,10.84,10.83,10.93,10.94,10.95,10.96,10.97,10.98,10.99,11.0,11.01,11.02,64300,41600,84400,24100,57000,6900,18300,25000,1600,12300,22300,7200,15900,21200,6300,10000,3100,28900,24100,24700
378.0,10.92,728200,7977493.0,10.92,10.91,10.9,10.89,10.88,10.87,10.86,10.85,10.84,10.83,10.93,10.94,10.95,10.96,10.97,10.98,10.99,11.0,11.01,11.02,63700,41600,84400,24100,57000,6900,18300,25000,1600,12300,18500,7200,15900,21200,6300,10000,3100,28900,24100,24700
379.0,10.92,733200,8032102.0,10.92,10.91,10.9,10.89,10.88,10.87,10.86,10.85,10.84,10.83,10.93,10.94,10.95,10.96,10.97,10.98,10.99,11.0,11.01,11.02,62000,42000,82600,24100,57200,6900,18300,25000,1600,12300,17600,7200,15900,21200,6300,10000,3100,28900,24100,24700
380.0,10.93,735000,8051776.0,10.92,10.91,10.9,10.89,10.88,10.87,10.86,10.85,10.84,10.83,10.93,10.94,10.95,10.96,10.97,10.98,10.99,11.0,11.01,11.02,62000,41000,82600,24100,57200,6900,18300,25000,1600,12300,15800,7200,15900,21200,6300,10000,3100,28900,24100,24700
381.0,10.93,735900,8061613.0,10.92,10.91,10.9,10.89,10.88,10.87,10.86,10.85,10.84,10.83,10.93,10.94,10.95,10.96,10.97,10.98,10.99,11.0,11.01,11.02,62000,41000,82600,24100,57200,6900,18300,25000,1600,12300,14900,7200,15900,21200,6300,10000,3100,28900,24100,24700
382.0,10.93,735900,8061613.0,10.92,10.91,10.9,10.89,10.88,10.87,10.86,10.85,10.84,10.83,10.93,10.94,10.95,10.96,10.97,10.98,10.99,11.0,11.01,11.02,62000,41000,82600,24100,57200,6900,18300,25000,1600,12300,14900,7200,15900,21200,6300,10000,3100,28900,24100,24700
383.0,10.92,742800,8136970.0,10.92,10.91,10.9,10.89,10.88,10.87,10.86,10.85,10.84,10.83,10.93,10.94,10.95,10.96,10.97,10.98,10.99,11.0,11.01,11.02,56000,42800,82600,24100,58200,6900,18300,25000,1600,12300,14000,7200,15900,21200,6300,10000,3100,28900,24100,24700
384.0,10.92,746200,8174098.0,10.92,10.91,10.9,10.89,10.88,10.87,10.86,10.85,10.84,10.83,10.93,10.94,10.95,10.96,10.97,10.98,10.99,11.0,11.01,11.02,52600,43800,82600,24100,58200,6900,18300,25000,1600,12300,14000,7200,15900,21200,6300,10000,3100,28900,24100,24700
385.0,10.93,749200,8206888.0,10.92,10.91,10.9,10.89,10.88,10.87,10.86,10.85,10.84,10.83,10.93,10.94,10.95,10.96,10.97,10.98,10.99,11.0,11.01,11.02,52600,43800,82600,24100,58200,6900,19300,25000,1600,12300,11000,7200,15900,21200,6300,10000,3100,28900,24100,24700
386.0,10.93,750100,8216725.0,10.92,10.91,10.9,10.89,10.88,10.87,10.86,10.85,10.84,10.83,10.93,10.94,10.95,10.96,10.97,10.98,10.99,11.0,11.01,11.02,52700,43800,82600,24100,58200,6900,19300,25000,1600,12300,10100,7200,15900,21200,6300,10000,3100,28900,24100,24700
387.0,10.93,750100,8216725.0,10.92,10.91,10.9,10.89,10.88,10.87,10.86,10.85,10.84,10.83,10.93,10.94,10.95,10.96,10.97,10.98,10.99,11.0,11.01,11.02,52700,44400,82600,24100,58200,6900,19300,25000,1600,12300,10100,7200,15900,21200,6300,10000,3100,28900,24100,24700
