LocalTime,LastPrice,TradeVolume,TradeValue,BidPrice1,BidPrice2,BidPrice3,BidPrice4,BidPrice5,BidPrice6,BidPrice7,BidPrice8,BidPrice9,BidPriceA,AskPrice1,AskPrice2,AskPrice3,AskPrice4,AskPrice5,AskPrice6,AskPrice7,AskPrice8,AskPrice9,AskPriceA,BidVolume1,BidVolume2,BidVolume3,BidVolume4,BidVolume5,BidVolume6,BidVolume7,BidVolume8,BidVolume9,BidVolumeA,AskVolume1,AskVolume2,AskVolume3,AskVolume4,AskVolume5,AskVolume6,AskVolume7,AskVolume8,AskVolume9,AskVolumeA
0.0,13.68,27600,377568.0,13.67,13.66,13.65,13.64,13.63,13.61,13.6,13.58,13.57,13.56,13.68,13.7,13.74,13.75,13.79,13.8,13.81,13.85,13.87,13.88,2100,200,1300,13900,800,500,11700,2800,200,1000,3500,400,100,19400,3400,2300,400,3600,4000,4100
1.0,13.7,33900,463808.0,13.71,13.7,13.67,13.66,13.65,13.64,13.63,13.61,13.6,13.58,13.73,13.74,13.75,13.79,13.8,13.81,13.83,13.85,13.87,13.88,200,46300,2300,200,1300,13900,800,500,12100,2800,7000,100,14000,3400,2300,3600,1000,3600,4000,4100
2.0,13.7,46700,639170.0,13.7,13.67,13.66,13.65,13.64,13.63,13.61,13.6,13.58,13.57,13.73,13.74,13.75,13.77,13.79,13.8,13.81,13.83,13.85,13.87,33700,2300,200,1300,13900,800,1000,12100,5900,200,7000,1600,11500,9500,3400,2300,3600,1000,3600,4000
3.0,13.7,52900,724110.0,13.7,13.68,13.67,13.66,13.65,13.64,13.63,13.61,13.6,13.58,13.73,13.74,13.75,13.77,13.79,13.8,13.81,13.83,13.85,13.87,27700,1900,2300,200,1800,13900,800,1000,12100,5900,7000,5800,11800,9500,3400,2300,3600,1000,3600,4000
4.0,13.7,54100,740550.0,13.7,13.68,13.67,13.66,13.65,13.64,13.63,13.61,13.6,13.58,13.73,13.74,13.75,13.77,13.79,13.8,13.81,13.83,13.85,13.87,26500,2900,2300,200,1800,12400,1800,1000,12200,5900,7000,5800,11800,9500,3500,2300,3600,1000,3600,4000
5.0,13.7,58600,802200.0,13.7,13.68,13.67,13.66,13.65,13.64,13.63,13.61,13.6,13.58,13.73,13.74,13.75,13.77,13.79,13.8,13.81,13.83,13.85,13.87,22000,3100,2300,200,1800,400,1800,1000,13300,6500,7000,5800,10600,9500,3500,2300,3600,1000,3600,4000
6.0,13.7,59600,815900.0,13.7,13.68,13.67,13.66,13.65,13.64,13.63,13.61,13.6,13.58,13.73,13.74,13.75,13.77,13.79,13.8,13.81,13.83,13.85,13.87,21000,3100,2300,200,1800,400,1800,1000,13300,6500,7000,5800,10600,9500,3500,2300,3600,1000,3600,4000
7.0,13.71,61100,836465.0,13.71,13.7,13.68,13.67,13.66,13.65,13.64,13.63,13.61,13.6,13.73,13.74,13.75,13.77,13.79,13.8,13.81,13.83,13.85,13.87,300,22000,3100,2300,200,1800,400,1800,1000,13300,7000,6500,10600,9500,3500,2300,3600,1000,3600,4000
8.0,13.73,67000,917385.0,13.7,13.68,13.67,13.66,13.65,13.64,13.63,13.61,13.6,13.59,13.73,13.74,13.75,13.77,13.79,13.8,13.81,13.83,13.85,13.87,19300,3100,2300,200,1800,400,1800,1000,13300,2000,5500,6500,10600,9500,5500,2300,3600,1000,3600,4000
9.0,13.73,69200,947531.0,13.7,13.68,13.67,13.66,13.65,13.64,13.63,13.61,13.6,13.59,13.73,13.74,13.75,13.77,13.79,13.8,13.81,13.83,13.85,13.87,17300,3100,2300,200,1800,400,3600,1000,13300,2000,5300,6500,10600,9500,5500,2300,3600,1000,3600,4000
10.0,13.7,69700,954381.0,13.7,13.68,13.67,13.66,13.65,13.64,13.63,13.61,13.6,13.59,13.73,13.74,13.75,13.76,13.77,13.79,13.8,13.81,13.83,13.85,16800,3100,2300,200,1800,400,3600,1000,13300,2000,5300,6500,11000,600,9500,5500,2300,3600,1000,3600
11.0,13.7,82700,1132481.0,13.7,13.68,13.67,13.66,13.65,13.64,13.63,13.61,13.6,13.59,13.72,13.73,13.74,13.75,13.76,13.77,13.79,13.8,13.81,13.83,3800,3100,2300,200,1800,400,3600,1000,13300,2000,2200,5300,6500,11400,600,9500,5500,2300,3600,1000
12.0,13.7,86500,1184541.0,13.68,13.67,13.66,13.65,13.64,13.63,13.61,13.6,13.59,13.58,13.7,13.71,13.72,13.73,13.74,13.75,13.76,13.77,13.79,13.8,3100,2300,200,1800,400,6600,1000,13300,2000,6500,3400,1800,2200,5300,6500,11400,600,9500,5500,2300
13.0,13.7,86500,1184541.0,13.68,13.67,13.66,13.65,13.64,13.63,13.61,13.6,13.59,13.58,13.7,13.71,13.72,13.73,13.74,13.75,13.76,13.77,13.79,13.8,3200,2300,200,1800,400,5800,1000,13300,2000,6500,11200,1800,2200,5300,6500,11400,600,9500,5500,2300
14.0,13.7,87000,1191391.0,13.68,13.67,13.66,13.65,13.64,13.63,13.61,13.6,13.59,13.58,13.7,13.71,13.72,13.73,13.74,13.75,13.76,13.77,13.79,13.8,3200,2100,200,1800,400,5800,1000,13300,2000,6500,7900,1800,2200,5300,6500,11400,600,9500,5500,2300
15.0,13.7,87000,1191391.0,13.68,13.67,13.66,13.65,13.64,13.63,13.61,13.6,13.59,13.58,13.7,13.71,13.72,13.73,13.74,13.75,13.76,13.77,13.79,13.8,3200,2100,200,1800,400,5800,1000,13300,2000,6500,7900,1800,2200,5300,6500,11400,600,9500,5500,2300
16.0,13.7,87000,1191391.0,13.68,13.67,13.66,13.65,13.64,13.63,13.61,13.6,13.59,13.58,13.7,13.71,13.72,13.73,13.74,13.75,13.76,13.77,13.79,13.8,3200,2100,200,1800,400,5800,1000,13300,2000,6500,7900,1800,2200,5300,6500,11400,600,9500,5500,2300
17.0,13.7,87000,1191391.0,13.68,13.67,13.66,13.65,13.64,13.63,13.61,13.6,13.59,13.58,13.7,13.71,13.72,13.73,13.74,13.75,13.76,13.77,13.79,13.8,2900,2100,200,1800,400,5800,1000,13300,2000,6500,7900,1800,2200,5300,6500,11400,600,9500,5500,2300
18.0,13.7,88000,1205091.0,13.68,13.67,13.66,13.65,13.64,13.63,13.61,13.6,13.59,13.58,13.7,13.71,13.72,13.73,13.74,13.75,13.76,13.77,13.79,13.8,2800,2100,200,1800,400,5800,1000,13300,2000,6500,6900,1800,2200,5300,6500,11400,600,9500,5500,2300
19.0,13.7,88000,1205091.0,13.68,13.67,13.66,13.65,13.64,13.63,13.61,13.6,13.59,13.58,13.7,13.71,13.72,13.73,13.74,13.75,13.76,13.77,13.79,13.8,2800,2100,200,1800,400,5800,1000,13300,2000,6500,6900,1800,2200,5300,6500,11400,600,9500,5500,2300
20.0,13.7,88000,1205091.0,13.68,13.67,13.66,13.65,13.64,13.63,13.61,13.6,13.59,13.58,13.7,13.71,13.72,13.73,13.74,13.75,13.76,13.77,13.79,13.8,2800,2100,200,1800,400,5800,1000,13300,2000,6500,6900,1800,2200,5300,6500,11400,600,9500,5500,2300
21.0,13.7,88000,1205091.0,13.68,13.67,13.66,13.65,13.64,13.63,13.61,13.6,13.59,13.58,13.7,13.71,13.72,13.73,13.74,13.75,13.76,13.77,13.79,13.8,2800,2100,200,1800,400,5800,1000,13300,2000,6500,6900,1800,2200,5300,6500,11400,600,9500,5500,2300
22.0,13.68,90800,1243395.0,13.67,13.66,13.65,13.64,13.63,13.61,13.6,13.59,13.58,13.57,13.68,13.69,13.7,13.71,13.72,13.73,13.74,13.75,13.76,13.77,2100,200,1800,400,5800,1000,13300,2000,6500,400,1600,3200,6300,1800,2200,7600,6500,11400,600,9500
23.0,13.69,94800,1298094.0,13.66,13.65,13.64,13.63,13.61,13.6,13.59,13.58,13.57,13.56,13.69,13.7,13.71,13.72,13.73,13.74,13.75,13.76,13.77,13.79,200,1800,400,5800,1000,13300,2000,6500,400,8800,3100,5500,1800,2200,7600,6500,11400,600,9500,5500
24.0,13.69,97400,1333688.0,13.66,13.65,13.64,13.63,13.61,13.6,13.59,13.58,13.57,13.56,13.69,13.7,13.71,13.72,13.73,13.74,13.75,13.76,13.77,13.79,200,1800,400,5800,1000,13300,2000,6500,400,8800,500,5500,1800,2200,7600,6500,11400,600,9500,5500
25.0,13.69,97700,1337795.0,13.66,13.65,13.64,13.63,13.61,13.6,13.59,13.58,13.57,13.56,13.68,13.69,13.7,13.71,13.72,13.73,13.74,13.75,13.76,13.77,200,1800,400,5800,1000,13300,2000,6500,400,8800,400,200,5500,1800,2200,7600,6500,11400,600,9500
26.0,13.69,97700,1337795.0,13.66,13.65,13.64,13.63,13.61,13.6,13.59,13.58,13.57,13.56,13.68,13.69,13.7,13.71,13.72,13.73,13.74,13.75,13.76,13.77,200,1800,400,5800,1000,13300,2000,6500,400,8800,400,200,5500,1800,2200,7600,6500,11400,600,9500
27.0,13.69,97700,1337795.0,13.66,13.65,13.64,13.63,13.61,13.6,13.59,13.58,13.57,13.56,13.68,13.69,13.7,13.71,13.72,13.73,13.74,13.75,13.76,13.77,200,1800,400,5800,1000,13300,2000,6500,400,8800,400,200,5500,1800,2200,7600,6500,11400,600,9500
28.0,13.69,97700,1337795.0,13.66,13.65,13.64,13.63,13.61,13.6,13.59,13.58,13.57,13.56,13.68,13.69,13.7,13.71,13.72,13.73,13.74,13.75,13.76,13.77,200,1800,400,5800,1000,13300,2000,6500,400,8800,1300,200,5500,1800,2200,7600,6500,11400,600,9500
29.0,13.69,97700,1337795.0,13.66,13.65,13.64,13.63,13.61,13.6,13.59,13.58,13.57,13.56,13.68,13.69,13.7,13.71,13.72,13.73,13.74,13.75,13.76,13.77,200,1800,400,5800,1000,13300,2000,6500,400,8800,1300,200,5500,1800,2200,7600,6500,11400,600,9500
30.0,13.69,97700,1337795.0,13.66,13.65,13.64,13.63,13.61,13.6,13.59,13.58,13.57,13.56,13.68,13.69,13.7,13.71,13.72,13.73,13.74,13.75,13.76,13.77,200,1800,400,5800,1000,13300,2000,6500,400,8800,1300,200,5500,1800,2200,7600,6500,11400,600,9500
31.0,13.69,97700,1337795.0,13.66,13.65,13.64,13.63,13.61,13.6,13.59,13.58,13.57,13.56,13.68,13.69,13.7,13.71,13.72,13.73,13.74,13.75,13.76,13.77,200,1800,400,5800,1000,13300,2000,6500,400,8800,1300,200,5500,1800,2200,7600,6500,11400,600,9500
32.0,13.69,97700,1337795.0,13.66,13.65,13.64,13.63,13.61,13.6,13.59,13.58,13.57,13.56,13.68,13.69,13.7,13.71,13.72,13.73,13.74,13.75,13.76,13.77,200,1800,400,5800,1000,13300,2000,6500,400,8800,1300,200,5500,1800,2200,7600,6500,11400,600,9500
33.0,13.69,97700,1337795.0,13.66,13.65,13.64,13.63,13.61,13.6,13.59,13.58,13.57,13.56,13.68,13.69,13.7,13.71,13.72,13.73,13.74,13.75,13.76,13.77,200,1800,400,5800,1000,13300,2000,6500,400,8800,1300,5400,5500,1800,2200,7600,6500,11400,600,9500
34.0,13.66,97900,1340527.0,13.65,13.64,13.63,13.61,13.6,13.59,13.58,13.57,13.56,13.55,13.66,13.68,13.69,13.7,13.71,13.72,13.73,13.74,13.75,13.76,1800,400,5800,1000,13300,2000,6500,400,8800,15600,2100,1300,5400,5500,1800,2200,7600,6500,11400,600
35.0,13.66,97900,1340527.0,13.65,13.64,13.63,13.61,13.6,13.59,13.58,13.57,13.56,13.55,13.66,13.68,13.69,13.7,13.71,13.72,13.73,13.74,13.75,13.76,1800,400,5800,1000,13300,2000,6500,400,8800,15600,2200,1300,5400,5500,1800,2200,7600,6500,11400,600
36.0,13.64,99800,1366461.0,13.64,13.63,13.61,13.6,13.59,13.58,13.57,13.56,13.55,13.54,13.65,13.66,13.68,13.69,13.7,13.72,13.73,13.74,13.75,13.76,300,5800,1000,13300,2000,6500,400,8800,15600,3900,3000,2200,1300,5400,5500,2200,7600,6500,11400,600
37.0,13.65,101100,1384206.0,13.64,13.63,13.61,13.6,13.59,13.58,13.57,13.56,13.55,13.54,13.65,13.66,13.68,13.69,13.7,13.72,13.73,13.74,13.75,13.76,1700,5800,1000,13300,2000,6500,400,8800,15600,3900,1700,2700,1300,5400,5500,2200,7600,6500,11400,600
38.0,13.65,101100,1384206.0,13.64,13.63,13.61,13.6,13.59,13.58,13.57,13.56,13.55,13.54,13.65,13.66,13.68,13.69,13.7,13.72,13.73,13.74,13.75,13.76,1700,5800,1000,13300,2000,6500,400,8800,15600,3900,1700,2700,1300,5400,9700,2200,7600,6500,11400,600
39.0,13.65,101100,1384206.0,13.64,13.63,13.61,13.6,13.59,13.58,13.57,13.56,13.55,13.54,13.65,13.66,13.68,13.69,13.7,13.72,13.73,13.74,13.75,13.76,1700,5800,1000,13300,2000,6500,400,8800,15600,3900,1700,2700,1300,5400,9700,2200,7600,6500,11400,600
40.0,13.64,101300,1386934.0,13.64,13.63,13.61,13.6,13.59,13.58,13.57,13.56,13.55,13.54,13.65,13.66,13.68,13.69,13.7,13.72,13.73,13.74,13.75,13.76,1500,5800,1000,13300,2000,6500,400,8800,15600,3900,1700,2700,1300,5400,9700,2200,7600,6500,11400,600
41.0,13.64,101600,1391026.0,13.64,13.63,13.61,13.6,13.59,13.58,13.57,13.56,13.55,13.54,13.65,13.66,13.68,13.69,13.7,13.72,13.73,13.74,13.75,13.76,1200,5800,1000,13300,2000,6500,400,8800,15600,3900,5300,2600,1300,5400,9600,2200,7600,6500,11400,600
42.0,13.64,101600,1391026.0,13.64,13.63,13.61,13.6,13.59,13.58,13.57,13.56,13.55,13.54,13.65,13.66,13.68,13.69,13.7,13.72,13.73,13.74,13.75,13.76,1200,5800,1000,13300,2000,6500,400,8800,15600,3900,5300,3300,1300,5400,9600,2200,7600,6500,11400,600
43.0,13.64,102800,1407394.0,13.63,13.61,13.6,13.59,13.58,13.57,13.56,13.55,13.54,13.53,13.64,13.65,13.66,13.68,13.69,13.7,13.72,13.73,13.74,13.75,5800,1000,13300,2000,6500,400,8800,15600,3900,5900,3300,5300,10200,1300,5400,4200,2200,7600,6500,11400
44.0,13.65,111900,1531576.0,13.65,13.63,13.61,13.6,13.59,13.58,13.57,13.56,13.55,13.54,13.66,13.68,13.69,13.7,13.72,13.73,13.74,13.75,13.76,13.77,2900,5800,1000,13300,2000,6500,400,8800,15600,3900,10200,1300,200,4200,2200,7600,6500,11400,600,9500
45.0,13.65,114800,1571161.0,13.63,13.61,13.6,13.59,13.58,13.57,13.56,13.55,13.54,13.53,13.64,13.66,13.68,13.69,13.7,13.72,13.73,13.74,13.75,13.76,5800,1000,13300,2000,6500,400,8800,15600,3900,5900,9000,10200,1300,200,4200,2200,7600,6500,11400,600
46.0,13.65,114800,1571161.0,13.63,13.61,13.6,13.59,13.58,13.57,13.56,13.55,13.54,13.53,13.64,13.66,13.68,13.69,13.7,13.72,13.73,13.74,13.75,13.76,7800,1000,13300,2000,6500,1000,8800,15600,3900,5900,9000,10200,1300,200,4200,2200,7600,6500,11400,600
47.0,13.64,124500,1703462.0,13.64,13.63,13.61,13.6,13.59,13.58,13.57,13.56,13.55,13.54,13.66,13.68,13.69,13.7,13.72,13.73,13.74,13.75,13.76,13.77,3100,7100,1000,13300,2000,6500,1000,8800,15600,3900,10200,1300,200,4200,2200,7600,6500,11400,600,9500
48.0,13.66,140200,1917918.0,13.66,13.64,13.63,13.61,13.6,13.59,13.58,13.57,13.56,13.55,13.67,13.68,13.69,13.7,13.72,13.73,13.74,13.75,13.76,13.77,4600,2800,7100,1000,13300,2000,6500,1000,8800,15600,3000,700,200,4200,2200,7600,6500,11400,600,9500
49.0,13.66,140200,1917918.0,13.66,13.64,13.63,13.61,13.6,13.59,13.58,13.57,13.56,13.55,13.67,13.68,13.69,13.7,13.72,13.73,13.74,13.75,13.76,13.77,4600,4300,7100,1000,13300,2000,6500,1000,8800,15600,3000,700,200,4200,2200,7600,6500,11400,600,9500
50.0,13.66,140200,1917918.0,13.66,13.64,13.63,13.61,13.6,13.59,13.58,13.57,13.56,13.55,13.67,13.68,13.69,13.7,13.72,13.73,13.74,13.75,13.76,13.77,4600,4300,7100,1000,13300,2000,6500,1000,8800,15600,3000,700,200,4200,2200,7600,6500,11400,600,9500
51.0,13.66,140800,1926114.0,13.66,13.64,13.63,13.61,13.6,13.59,13.58,13.57,13.56,13.55,13.67,13.68,13.69,13.7,13.72,13.73,13.74,13.75,13.76,13.77,4000,5300,7100,1000,13300,2000,6500,1000,8800,15600,3000,700,200,4200,2200,7600,6500,11400,600,9500
52.0,13.66,140800,1926114.0,13.66,13.64,13.63,13.61,13.6,13.59,13.58,13.57,13.56,13.55,13.67,13.68,13.69,13.7,13.72,13.73,13.74,13.75,13.76,13.77,5600,5300,7100,1000,13300,2000,6500,1000,8800,15600,3100,700,200,4200,2200,7600,6500,11400,600,9500
53.0,13.66,143300,1960264.0,13.66,13.64,13.63,13.61,13.6,13.59,13.58,13.57,13.56,13.55,13.67,13.68,13.69,13.7,13.72,13.73,13.74,13.75,13.76,13.77,3200,5300,7100,1000,13300,2000,6500,1000,8800,15600,3100,300,200,4200,2200,7600,6500,11400,600,9500
54.0,13.66,144100,1971196.0,13.66,13.64,13.63,13.61,13.6,13.59,13.58,13.57,13.56,13.55,13.67,13.68,13.69,13.7,13.72,13.73,13.74,13.75,13.76,13.77,2800,5300,7100,1000,13300,2000,6500,1000,8800,15600,2700,300,200,4200,2200,7600,6500,11400,600,9500
55.0,13.66,146400,2002614.0,13.66,13.64,13.63,13.61,13.6,13.59,13.58,13.57,13.56,13.55,13.67,13.68,13.69,13.7,13.72,13.73,13.74,13.75,13.76,13.77,500,5300,7100,1000,13300,2000,6500,1000,8800,15600,2700,300,200,4200,2200,7600,6500,11400,600,9500
56.0,13.67,149700,2047720.0,13.64,13.63,13.61,13.6,13.59,13.58,13.57,13.56,13.55,13.54,13.66,13.68,13.69,13.7,13.72,13.73,13.74,13.75,13.76,13.77,5700,7100,1000,13300,2000,6500,1000,8800,15600,5900,400,300,200,4200,2200,7600,6500,11400,600,9500
57.0,13.67,149700,2047720.0,13.64,13.63,13.61,13.6,13.59,13.58,13.57,13.56,13.55,13.54,13.66,13.68,13.69,13.7,13.72,13.73,13.74,13.75,13.76,13.77,5700,7100,1000,13300,2000,6500,1000,8800,15600,5900,400,300,200,4200,2200,7600,6500,11400,600,9500
58.0,13.64,150200,2054540.0,13.64,13.63,13.61,13.6,13.59,13.58,13.57,13.56,13.55,13.54,13.66,13.68,13.69,13.7,13.72,13.73,13.74,13.75,13.76,13.77,6700,7100,1000,13300,2000,6500,1000,8800,16600,5900,3800,300,200,4200,2200,7600,6500,11400,600,9500
59.0,13.64,150200,2054540.0,13.64,13.63,13.61,13.6,13.59,13.58,13.57,13.56,13.55,13.54,13.66,13.68,13.69,13.7,13.72,13.73,13.74,13.75,13.76,13.77,6700,7100,1000,13300,2000,6500,1000,8800,16600,5900,5900,300,200,4200,2200,7600,6500,11400,600,9500
60.0,13.64,150800,2062724.0,13.64,13.63,13.61,13.6,13.59,13.58,13.57,13.56,13.55,13.54,13.66,13.68,13.69,13.7,13.72,13.73,13.74,13.75,13.76,13.77,6300,7100,1000,13300,2000,6500,1000,8800,16600,5900,5900,300,200,4200,2200,7600,6500,11400,600,9500
61.0,13.64,151400,2070908.0,13.64,13.63,13.61,13.6,13.59,13.58,13.57,13.56,13.55,13.54,13.66,13.68,13.69,13.7,13.73,13.74,13.75,13.76,13.77,13.79,5900,7100,1000,13300,2000,6500,1000,8600,16600,5900,5900,300,200,4200,7600,6500,11400,600,9500,5500
62.0,13.66,156800,2144672.0,13.65,13.64,13.63,13.61,13.6,13.59,13.58,13.57,13.56,13.55,13.66,13.68,13.69,13.7,13.73,13.74,13.75,13.76,13.77,13.79,2000,5900,7100,1000,13300,2000,6500,1000,8600,16600,500,300,200,4200,7600,11500,11400,600,9500,5500
63.0,13.65,157500,2154227.0,13.65,13.64,13.63,13.61,13.6,13.59,13.58,13.57,13.56,13.55,13.66,13.68,13.69,13.7,13.73,13.74,13.75,13.76,13.77,13.79,1300,5900,7100,1000,13300,2000,6500,1000,8600,16600,500,300,200,4200,7600,11500,11400,600,9500,5500
64.0,13.65,157500,2154227.0,13.65,13.64,13.63,13.61,13.6,13.59,13.58,13.57,13.56,13.55,13.66,13.68,13.69,13.7,13.73,13.74,13.75,13.76,13.77,13.79,1300,5900,7100,1000,13300,2000,6500,1000,8600,16600,500,300,200,4200,3700,11500,11400,600,9500,5500
65.0,13.65,157500,2154227.0,13.65,13.64,13.63,13.61,13.6,13.59,13.58,13.57,13.56,13.55,13.66,13.68,13.69,13.7,13.73,13.74,13.75,13.76,13.77,13.79,1300,5900,7100,1000,13300,2000,6500,1000,8600,16600,500,300,5500,4200,3700,11500,11400,600,9500,5500
66.0,13.65,157500,2154227.0,13.65,13.64,13.63,13.61,13.6,13.59,13.58,13.57,13.56,13.55,13.66,13.68,13.69,13.7,13.73,13.74,13.75,13.76,13.77,13.79,1300,5900,7100,1000,13300,2000,6500,1000,8600,16600,500,300,5500,4200,3700,11500,11400,600,9500,5500
67.0,13.66,158000,2161055.0,13.65,13.64,13.63,13.61,13.6,13.59,13.58,13.57,13.56,13.55,13.66,13.68,13.69,13.7,13.73,13.74,13.75,13.76,13.77,13.79,2900,5700,7100,1000,13300,2000,6500,1000,8600,16600,200,1300,6500,4200,3700,11500,11400,600,9500,5500
68.0,13.64,163100,2230667.0,13.64,13.63,13.61,13.6,13.59,13.58,13.57,13.56,13.55,13.54,13.65,13.66,13.67,13.68,13.69,13.7,13.73,13.74,13.75,13.76,3900,7100,1000,13300,2000,6500,1000,8600,16600,5900,600,200,1000,1300,6500,4200,3700,11500,11400,600
69.0,13.65,163600,2237492.0,13.64,13.63,13.61,13.6,13.59,13.58,13.57,13.56,13.55,13.54,13.65,13.66,13.68,13.69,13.7,13.73,13.74,13.75,13.76,13.77,3900,7100,1200,13300,2000,6500,1000,8600,16600,5900,100,200,1300,6600,4200,3700,11500,11400,600,9500
70.0,13.68,164900,2255269.0,13.67,13.64,13.63,13.61,13.6,13.59,13.58,13.57,13.56,13.55,13.68,13.69,13.7,13.73,13.74,13.75,13.76,13.77,13.79,13.8,400,3900,7100,1200,13300,2000,6500,1000,8600,16600,300,6400,4200,3700,11500,11400,600,9500,5500,4200
71.0,13.68,164900,2255269.0,13.67,13.64,13.63,13.61,13.6,13.59,13.58,13.57,13.56,13.55,13.68,13.69,13.7,13.73,13.74,13.75,13.76,13.77,13.79,13.8,400,3700,7100,1200,13300,2000,6500,1000,8600,16600,300,6400,4200,3700,11500,11400,600,9500,5500,4200
72.0,13.67,165300,2260737.0,13.65,13.64,13.63,13.61,13.6,13.59,13.58,13.57,13.56,13.55,13.68,13.69,13.7,13.73,13.74,13.75,13.76,13.77,13.79,13.8,1300,3700,7100,1200,13300,2000,6500,1000,8600,16600,1300,6400,4200,3700,11500,11400,600,9500,5500,4200
73.0,13.68,166300,2274417.0,13.67,13.65,13.64,13.63,13.61,13.6,13.59,13.58,13.57,13.56,13.68,13.69,13.7,13.73,13.74,13.75,13.76,13.77,13.79,13.8,1500,1300,3700,7100,1200,13300,2000,6500,1000,8600,300,6400,4200,3700,11500,11400,600,9500,5500,4200
74.0,13.68,166300,2274417.0,13.67,13.65,13.64,13.63,13.61,13.6,13.59,13.58,13.57,13.56,13.68,13.69,13.7,13.73,13.74,13.75,13.76,13.77,13.79,13.8,1500,2100,3700,7100,1200,13300,2000,6500,1000,8600,300,6400,4200,3700,11500,11400,600,9500,5500,4200
75.0,13.72,180600,2470320.0,13.7,13.67,13.65,13.64,13.63,13.61,13.6,13.59,13.58,13.57,13.72,13.73,13.74,13.75,13.76,13.77,13.79,13.8,13.81,13.83,9100,1400,2100,3700,7100,1200,13300,2000,6500,1000,1200,3700,11500,11000,600,9500,5500,4200,400,1000
76.0,13.72,180800,2473064.0,13.7,13.67,13.65,13.64,13.63,13.61,13.6,13.59,13.58,13.57,13.72,13.73,13.74,13.75,13.76,13.77,13.79,13.8,13.81,13.83,9100,1400,2300,3700,7100,1200,13300,2000,6500,1000,1000,3800,11500,11000,600,9500,5500,4200,400,1000
77.0,13.72,180900,2474436.0,13.7,13.69,13.67,13.65,13.64,13.63,13.61,13.6,13.59,13.58,13.72,13.73,13.74,13.75,13.76,13.77,13.79,13.8,13.81,13.83,9100,5000,1400,2300,5800,7100,1200,13300,2000,6500,900,3800,11500,11000,600,9500,5500,4200,400,1000
78.0,13.7,183100,2504576.0,13.7,13.69,13.67,13.65,13.64,13.63,13.61,13.6,13.59,13.58,13.72,13.73,13.74,13.75,13.76,13.77,13.79,13.8,13.81,13.83,6900,5000,1400,2300,5800,7100,1200,13800,2000,6500,900,3800,11500,11000,600,9500,5500,4200,400,1000
79.0,13.7,183100,2504576.0,13.7,13.69,13.67,13.65,13.64,13.63,13.61,13.6,13.59,13.58,13.72,13.73,13.74,13.75,13.76,13.77,13.79,13.8,13.81,13.83,8900,5000,2400,2300,5800,7100,1200,13800,2000,6500,900,3800,11500,11000,600,9500,5500,4200,400,1000
80.0,13.7,183100,2504576.0,13.7,13.69,13.67,13.65,13.64,13.63,13.61,13.6,13.59,13.58,13.72,13.73,13.74,13.75,13.76,13.77,13.79,13.8,13.81,13.83,8900,5000,1000,2300,5800,7100,1200,13800,2000,6500,900,3800,11500,11000,600,9500,5500,4200,400,1000
81.0,13.7,183800,2514166.0,13.7,13.69,13.67,13.65,13.64,13.63,13.61,13.6,13.59,13.58,13.72,13.73,13.74,13.75,13.76,13.77,13.79,13.8,13.81,13.83,8200,5000,1000,2300,4800,7100,1200,13800,2000,6500,900,3800,11500,11000,600,9500,5500,4200,400,1000
82.0,13.72,184700,2526514.0,13.72,13.7,13.69,13.67,13.65,13.64,13.63,13.61,13.6,13.59,13.73,13.74,13.75,13.76,13.77,13.79,13.8,13.81,13.83,13.85,2000,8200,5000,1000,2100,4800,7100,1200,13800,2000,3800,11500,11000,600,9500,5500,4200,400,1000,3600
83.0,13.73,185000,2530633.0,13.72,13.7,13.69,13.67,13.65,13.64,13.63,13.61,13.6,13.59,13.73,13.74,13.75,13.76,13.77,13.79,13.8,13.81,13.83,13.85,2000,9700,5000,1000,2100,4800,7100,1200,13800,2000,3500,11500,11000,600,9500,5500,4200,400,1000,3600
84.0,13.73,185000,2530633.0,13.72,13.7,13.69,13.67,13.66,13.65,13.64,13.63,13.61,13.6,13.73,13.74,13.75,13.76,13.77,13.79,13.8,13.81,13.83,13.85,2000,11200,5000,1000,1000,3100,4800,7100,1200,13800,3600,11500,11000,600,9500,5500,4200,400,1000,3600
85.0,13.72,189600,2593753.0,13.7,13.69,13.67,13.66,13.65,13.64,13.63,13.61,13.6,13.59,13.72,13.73,13.74,13.75,13.76,13.77,13.79,13.8,13.81,13.83,11400,5000,1000,1000,3100,5000,7100,1200,13800,2000,3200,2800,10000,11000,600,9500,5500,4200,400,1000
86.0,13.72,189600,2593753.0,13.7,13.69,13.67,13.66,13.65,13.64,13.63,13.61,13.6,13.59,13.73,13.74,13.75,13.76,13.77,13.79,13.8,13.81,13.83,13.85,11400,5000,1000,1000,3100,5000,7100,1200,13800,2000,2700,10000,11000,600,9500,5500,4200,400,1000,3600
87.0,13.73,189800,2596499.0,13.72,13.7,13.69,13.67,13.66,13.65,13.64,13.63,13.61,13.6,13.73,13.74,13.75,13.76,13.77,13.79,13.8,13.81,13.83,13.85,1000,11900,5000,1000,1000,3100,5000,7100,1200,13800,2500,10000,11000,600,9500,5500,4200,400,1000,3600
88.0,13.72,192400,2632171.0,13.7,13.69,13.67,13.66,13.65,13.64,13.63,13.61,13.6,13.59,13.72,13.73,13.74,13.75,13.76,13.77,13.79,13.8,13.81,13.83,11900,5000,1000,1000,3100,4600,7100,1200,13800,2000,4800,2500,10100,11000,600,9500,5500,4200,400,1000
89.0,13.7,193800,2651351.0,13.7,13.69,13.67,13.66,13.65,13.64,13.63,13.61,13.6,13.59,13.72,13.73,13.74,13.75,13.76,13.77,13.79,13.8,13.81,13.83,9000,5000,1000,1000,3100,4600,7100,1200,13800,2000,5900,2500,10100,11000,600,9500,5500,4200,400,1000
90.0,13.72,194300,2658211.0,13.7,13.69,13.67,13.66,13.65,13.64,13.63,13.61,13.6,13.59,13.72,13.73,13.74,13.75,13.76,13.77,13.79,13.8,13.81,13.83,9000,5000,1000,1000,3100,4600,7100,1200,13800,2000,5400,2500,10100,11000,600,9500,5500,4200,400,1000
91.0,13.72,194300,2658211.0,13.7,13.69,13.67,13.66,13.65,13.64,13.63,13.61,13.6,13.59,13.72,13.73,13.74,13.75,13.76,13.77,13.79,13.8,13.81,13.83,9400,5000,1000,1000,3100,4600,7100,1200,13800,2000,5600,2500,10100,11000,600,9500,5500,4200,400,1000
92.0,13.72,195800,2678791.0,13.7,13.69,13.67,13.66,13.65,13.64,13.63,13.61,13.6,13.59,13.72,13.73,13.74,13.75,13.76,13.77,13.79,13.8,13.81,13.83,9400,5000,1000,1000,3100,4600,7100,1200,13800,2000,4100,7500,10100,11000,600,9500,5500,4200,400,1000
93.0,13.72,195800,2678791.0,13.7,13.69,13.67,13.66,13.65,13.64,13.63,13.61,13.6,13.59,13.72,13.73,13.74,13.75,13.76,13.77,13.79,13.8,13.81,13.83,9400,5000,1000,1000,3100,4600,7100,1200,13800,2000,4600,7500,10100,11000,600,9500,5500,4200,400,1000
94.0,13.7,196400,2687019.0,13.7,13.69,13.67,13.66,13.65,13.64,13.63,13.61,13.6,13.59,13.72,13.73,13.74,13.75,13.76,13.77,13.79,13.8,13.81,13.83,9200,5000,1000,1000,3100,4600,7100,1200,13800,2000,4200,7500,10100,11000,600,9500,5500,4200,400,1000
95.0,13.7,198000,2708957.0,13.7,13.69,13.67,13.66,13.65,13.64,13.63,13.61,13.6,13.59,13.72,13.73,13.74,13.75,13.76,13.77,13.79,13.8,13.81,13.83,8500,5000,1000,1000,3100,4600,7100,1000,13800,2000,3300,7500,10100,11000,600,9500,5500,4200,400,1000
96.0,13.7,198600,2717183.0,13.7,13.69,13.67,13.66,13.65,13.64,13.63,13.61,13.6,13.59,13.72,13.73,13.74,13.75,13.76,13.77,13.79,13.8,13.81,13.83,8200,5000,1000,1000,3100,4600,7100,1000,13800,2000,3000,7500,10100,11000,600,9500,5500,4200,400,1000
97.0,13.72,199000,2722671.0,13.7,13.69,13.68,13.67,13.66,13.65,13.64,13.63,13.61,13.6,13.72,13.73,13.74,13.75,13.76,13.77,13.79,13.8,13.81,13.83,8300,5000,100,1000,1000,3100,4600,7100,1000,13800,2600,7500,10100,11000,600,9500,5500,4200,400,1000
98.0,13.72,199000,2722671.0,13.7,13.69,13.68,13.67,13.66,13.65,13.64,13.63,13.61,13.6,13.72,13.73,13.74,13.75,13.76,13.77,13.79,13.8,13.81,13.83,8300,5000,100,1000,1000,3100,4600,7100,1000,13800,2700,7500,10100,11000,600,9500,5500,4200,400,1000
99.0,13.72,199000,2722671.0,13.7,13.69,13.68,13.67,13.66,13.65,13.64,13.63,13.61,13.6,13.72,13.73,13.74,13.75,13.76,13.77,13.79,13.8,13.81,13.83,8300,5000,100,1000,1000,3100,4600,7100,1000,13800,2700,7500,10100,11000,600,9500,5500,4200,400,1000
100.0,13.7,199300,2726785.0,13.7,13.69,13.68,13.67,13.66,13.65,13.64,13.63,13.61,13.6,13.72,13.73,13.74,13.75,13.76,13.77,13.79,13.8,13.81,13.83,8900,5000,100,1000,1000,3100,4600,7100,1000,13800,2500,7500,10100,11000,600,9500,5500,4200,400,1000
101.0,13.72,201300,2754225.0,13.7,13.69,13.68,13.67,13.66,13.65,13.64,13.63,13.61,13.6,13.72,13.73,13.74,13.75,13.76,13.77,13.79,13.8,13.81,13.83,8900,5000,100,1000,1000,3100,4600,7100,1000,13800,500,7500,10100,11000,600,9500,5500,4200,400,1000
102.0,13.7,202000,2763815.0,13.7,13.69,13.68,13.67,13.66,13.65,13.64,13.63,13.61,13.6,13.72,13.73,13.74,13.75,13.76,13.77,13.79,13.8,13.81,13.83,8200,5000,100,1000,1000,3100,4600,7100,1000,13800,500,7500,10100,11000,600,9500,5500,4200,400,1000
103.0,13.7,202500,2770665.0,13.7,13.69,13.68,13.67,13.66,13.65,13.64,13.63,13.61,13.6,13.72,13.73,13.74,13.75,13.76,13.77,13.79,13.8,13.81,13.83,7700,5000,100,1000,1000,3100,4600,7100,1000,13800,500,8100,10100,11000,600,9500,5500,4200,400,1000
104.0,13.7,202500,2770665.0,13.7,13.69,13.68,13.67,13.66,13.65,13.64,13.63,13.61,13.6,13.72,13.73,13.74,13.75,13.76,13.77,13.79,13.8,13.81,13.83,7700,5000,100,1000,1000,3100,4600,7100,1000,13800,500,8100,10100,11000,600,9500,5500,4200,400,1000
105.0,13.7,202500,2770665.0,13.7,13.69,13.68,13.67,13.66,13.65,13.64,13.63,13.61,13.6,13.72,13.73,13.74,13.75,13.76,13.77,13.79,13.8,13.81,13.83,7700,5000,100,1000,1000,3100,4600,7100,1000,13800,500,8100,10100,11000,600,9500,5500,4200,400,1000
106.0,13.69,215100,2943236.0,13.68,13.67,13.66,13.65,13.64,13.63,13.61,13.6,13.59,13.58,13.7,13.71,13.72,13.73,13.74,13.75,13.76,13.77,13.79,13.8,1400,1000,1600,3100,4600,7100,1000,13800,2000,5900,5200,7800,4400,8100,10100,11500,600,9500,5500,4200
107.0,13.7,216100,2956936.0,13.68,13.67,13.66,13.65,13.64,13.63,13.61,13.6,13.59,13.58,13.7,13.71,13.72,13.73,13.74,13.75,13.76,13.77,13.79,13.8,1400,1000,1600,3100,4600,7100,1000,13800,2000,5900,4700,7800,4900,8100,10100,11500,600,9500,5500,4200
108.0,13.7,216100,2956936.0,13.68,13.67,13.66,13.65,13.64,13.63,13.61,13.6,13.59,13.58,13.7,13.71,13.72,13.73,13.74,13.75,13.76,13.77,13.79,13.8,1400,1000,1600,3100,4600,7100,1000,13800,2000,5900,4700,7800,4900,8100,10100,11500,600,9500,5500,4200
109.0,13.68,216200,2958304.0,13.68,13.67,13.66,13.65,13.64,13.63,13.61,13.6,13.59,13.58,13.7,13.71,13.72,13.73,13.74,13.75,13.76,13.77,13.79,13.8,1300,1000,1600,3100,4600,7100,1000,13800,2000,5900,4700,7800,4900,8100,10100,11500,600,9500,5500,4200
110.0,13.7,216600,2963784.0,13.68,13.67,13.66,13.65,13.64,13.63,13.61,13.6,13.59,13.58,13.7,13.71,13.72,13.73,13.74,13.75,13.76,13.77,13.79,13.8,1300,1000,1600,3100,4600,7100,1000,13800,2000,5900,4300,7800,4900,8100,10100,11500,600,9500,5500,4200
111.0,13.7,216600,2963784.0,13.68,13.67,13.66,13.65,13.64,13.63,13.61,13.6,13.59,13.58,13.7,13.71,13.72,13.73,13.74,13.75,13.76,13.77,13.79,13.8,1300,1000,1600,3100,4600,7100,1000,13800,2000,5900,4300,7800,4900,8100,10100,11500,600,9500,5500,4200
112.0,13.7,216600,2963784.0,13.68,13.67,13.66,13.65,13.64,13.63,13.61,13.6,13.59,13.58,13.7,13.71,13.72,13.73,13.74,13.75,13.76,13.77,13.79,13.8,1300,1000,600,3100,4600,7100,1000,13800,2000,5900,4300,7800,4900,8100,10100,11500,600,9500,5500,4200
113.0,13.67,219200,2999366.0,13.67,13.66,13.65,13.64,13.63,13.61,13.6,13.59,13.58,13.57,13.68,13.7,13.71,13.72,13.73,13.74,13.75,13.76,13.77,13.79,800,600,3100,4600,7100,1000,13800,2000,5900,1000,300,6300,7800,4900,8100,10000,11500,600,9500,5500
114.0,13.7,219900,3008950.0,13.67,13.66,13.65,13.64,13.63,13.61,13.6,13.59,13.58,13.57,13.7,13.71,13.72,13.73,13.74,13.75,13.76,13.77,13.79,13.8,800,600,3100,4600,7100,1000,13800,2000,5900,1000,6100,7800,4900,8100,10000,11500,600,9500,5500,4200
115.0,13.69,220100,3011688.0,13.67,13.66,13.65,13.64,13.63,13.61,13.6,13.59,13.58,13.57,13.69,13.7,13.71,13.72,13.73,13.74,13.75,13.76,13.77,13.79,800,600,3100,4600,7100,1000,13800,2000,5900,1000,4900,6100,7800,4900,8100,10000,11500,600,9500,5500
116.0,13.69,220600,3018533.0,13.67,13.66,13.65,13.64,13.63,13.61,13.6,13.59,13.58,13.57,13.69,13.7,13.71,13.72,13.73,13.74,13.75,13.76,13.77,13.79,800,600,3100,4600,7100,1000,13800,2000,5900,1000,4400,6100,7800,4900,8100,10000,11500,600,9500,5500
117.0,13.69,221600,3032223.0,13.68,13.67,13.66,13.65,13.64,13.63,13.61,13.6,13.59,13.58,13.69,13.7,13.71,13.72,13.73,13.74,13.75,13.76,13.77,13.79,600,800,600,3100,4600,7100,1000,13800,2000,5900,3400,6100,7800,4900,8100,10000,11500,600,9500,5500
118.0,13.69,221600,3032223.0,13.68,13.67,13.66,13.65,13.64,13.63,13.61,13.6,13.59,13.58,13.69,13.7,13.71,13.72,13.73,13.74,13.75,13.76,13.77,13.79,1800,800,600,3100,4600,7100,1000,13800,2000,5900,3400,7100,11000,4900,8100,10000,11500,600,9500,5500
119.0,13.68,223600,3059585.0,13.67,13.66,13.65,13.64,13.63,13.61,13.6,13.59,13.58,13.57,13.69,13.7,13.71,13.72,13.73,13.74,13.75,13.76,13.77,13.79,800,600,3100,4600,7100,1000,13800,2000,5900,1000,3200,7100,11000,4900,8100,10000,11500,600,9500,5500
120.0,13.69,223900,3063692.0,13.67,13.66,13.65,13.64,13.63,13.61,13.6,13.59,13.58,13.57,13.69,13.7,13.71,13.72,13.73,13.74,13.75,13.76,13.77,13.79,800,600,3100,4600,7100,1000,13800,2000,5900,1000,2900,7100,11000,4900,8100,10000,11500,600,9500,5500
121.0,13.69,223900,3063692.0,13.67,13.66,13.65,13.64,13.63,13.61,13.6,13.59,13.58,13.57,13.69,13.7,13.71,13.72,13.73,13.74,13.75,13.76,13.77,13.79,800,600,3100,4600,7100,1000,13800,2000,5900,1000,2900,7100,11000,4900,8100,10000,11500,600,9500,5500
122.0,13.68,224200,3067797.0,13.67,13.66,13.65,13.64,13.63,13.61,13.6,13.59,13.58,13.57,13.69,13.7,13.71,13.72,13.73,13.74,13.75,13.76,13.77,13.79,800,600,3100,4600,7100,1000,13800,2000,5900,1000,2800,7200,11000,4900,3100,10000,11500,600,9500,5500
123.0,13.68,224200,3067797.0,13.67,13.66,13.65,13.64,13.63,13.61,13.6,13.59,13.58,13.57,13.69,13.7,13.71,13.72,13.73,13.74,13.75,13.76,13.77,13.79,800,600,3100,4600,7100,1000,13800,2000,5900,1000,7800,7200,11000,4900,3100,10000,11500,600,9500,5500
124.0,13.69,224900,3077380.0,13.67,13.66,13.65,13.64,13.63,13.61,13.6,13.59,13.58,13.57,13.69,13.7,13.71,13.72,13.73,13.74,13.75,13.76,13.77,13.79,800,600,3100,5700,7100,1000,13800,2000,5900,1000,7100,6200,11000,4900,3100,10000,11500,600,9500,5500
125.0,13.69,227500,3112952.0,13.66,13.65,13.64,13.63,13.61,13.6,13.59,13.58,13.57,13.56,13.68,13.69,13.7,13.71,13.72,13.73,13.74,13.75,13.76,13.77,600,3100,5700,7100,1000,13800,2000,5900,1000,12800,100,5600,6200,11000,4900,3000,10000,11500,600,9500
126.0,13.66,230100,3148508.0,13.65,13.64,13.63,13.61,13.6,13.59,13.58,13.57,13.56,13.55,13.67,13.68,13.69,13.7,13.71,13.72,13.73,13.74,13.75,13.76,3100,5700,7100,1000,13800,2000,5900,1000,12800,16300,6400,5000,5600,6200,11000,4900,3000,10000,11500,600
127.0,13.67,230700,3156710.0,13.65,13.64,13.63,13.61,13.6,13.59,13.58,13.57,13.56,13.55,13.67,13.68,13.69,13.7,13.71,13.72,13.73,13.74,13.75,13.76,3700,5700,7100,1000,13800,2000,5900,1000,12800,16300,6400,5000,5600,6200,11000,4900,3000,10000,11500,600
128.0,13.67,230700,3156710.0,13.65,13.64,13.63,13.61,13.6,13.59,13.58,13.57,13.56,13.55,13.67,13.68,13.69,13.7,13.71,13.72,13.73,13.74,13.75,13.76,3700,3600,7100,1000,13800,2000,5900,1000,12800,16300,6400,200,7800,6200,11000,4900,3000,10000,11500,600
129.0,13.67,230700,3156710.0,13.65,13.64,13.63,13.61,13.6,13.59,13.58,13.57,13.56,13.55,13.67,13.68,13.69,13.7,13.71,13.72,13.73,13.74,13.75,13.76,3700,3600,7100,1000,13800,2000,5900,1000,13800,16300,6400,200,7800,6200,11000,4900,3000,10000,11500,600
130.0,13.64,234600,3209943.0,13.64,13.63,13.61,13.6,13.59,13.58,13.57,13.56,13.55,13.54,13.66,13.67,13.68,13.69,13.7,13.71,13.72,13.73,13.74,13.75,3400,7100,1000,13800,2000,5900,1000,13800,16300,5900,1500,6400,200,7800,6200,11000,4900,3000,10000,11500
131.0,13.64,238300,3260413.0,13.64,13.63,13.61,13.6,13.59,13.58,13.57,13.56,13.55,13.54,13.65,13.66,13.67,13.68,13.69,13.7,13.71,13.72,13.73,13.74,400,7100,1000,13800,2000,5900,1000,13800,16300,5900,2000,2000,6400,400,7800,6200,11000,4800,3000,10000
132.0,13.64,238300,3260413.0,13.64,13.63,13.61,13.6,13.59,13.58,13.57,13.56,13.55,13.54,13.65,13.66,13.67,13.68,13.69,13.7,13.71,13.72,13.73,13.74,400,7100,1000,13800,2000,5900,1000,13800,16300,5900,2000,2000,6400,400,7800,6200,11000,4800,3000,10000
133.0,13.64,238300,3260413.0,13.64,13.63,13.61,13.6,13.59,13.58,13.57,13.56,13.55,13.54,13.65,13.66,13.67,13.68,13.69,13.7,13.71,13.72,13.73,13.74,400,7100,1000,13800,2000,5900,1000,13800,16300,5900,2200,2000,6400,400,7800,6200,11000,4800,3000,10000
134.0,13.65,239100,3271333.0,13.64,13.63,13.61,13.6,13.59,13.58,13.57,13.56,13.55,13.54,13.65,13.66,13.67,13.68,13.69,13.7,13.71,13.72,13.73,13.74,400,7100,1000,13800,2000,5900,3200,13800,16300,5900,1400,7000,6400,400,7800,6200,11000,4800,3000,10000
135.0,13.65,239100,3271333.0,13.64,13.63,13.61,13.6,13.59,13.58,13.57,13.56,13.55,13.54,13.65,13.66,13.67,13.68,13.69,13.7,13.71,13.72,13.73,13.74,400,7100,1000,13800,2000,5900,3200,13800,16300,5900,1400,7000,6400,400,7800,6200,11000,4800,3000,10000
136.0,13.65,239100,3271333.0,13.64,13.63,13.61,13.6,13.59,13.58,13.57,13.56,13.55,13.54,13.65,13.66,13.67,13.68,13.69,13.7,13.71,13.72,13.73,13.74,400,7100,1000,13800,2000,5900,3200,13800,16300,5900,3700,7000,6400,400,7800,6200,11000,4800,3000,10000
137.0,13.65,240100,3284983.0,13.64,13.63,13.61,13.6,13.59,13.58,13.57,13.56,13.55,13.54,13.65,13.66,13.67,13.68,13.69,13.7,13.71,13.72,13.73,13.74,400,7100,1000,13800,2000,5900,3200,13800,16300,5900,2700,7000,6400,400,7800,6200,11000,4800,3000,10000
138.0,13.65,240100,3284983.0,13.64,13.63,13.61,13.6,13.59,13.58,13.57,13.56,13.55,13.54,13.65,13.66,13.67,13.68,13.69,13.7,13.71,13.72,13.73,13.74,400,7100,1000,13800,2000,5900,3200,13800,16300,5900,2700,7000,6400,400,7800,6200,7800,4800,3000,10000
139.0,13.65,240100,3284983.0,13.64,13.63,13.61,13.6,13.59,13.58,13.57,13.56,13.55,13.54,13.65,13.66,13.67,13.68,13.69,13.7,13.71,13.72,13.73,13.74,400,7100,1000,13800,2000,5900,3200,13800,16300,5900,3000,7000,6400,400,7800,6200,7800,4800,3000,10000
140.0,13.67,252100,3448893.0,13.64,13.63,13.61,13.6,13.59,13.58,13.57,13.56,13.55,13.54,13.67,13.68,13.69,13.7,13.71,13.72,13.73,13.74,13.75,13.76,5500,7100,1000,14800,2000,5900,3200,13800,16300,5900,4400,400,7800,6200,7800,4800,3000,10000,11000,600
141.0,13.66,253000,3461194.0,13.66,13.65,13.64,13.63,13.61,13.6,13.59,13.58,13.57,13.56,13.67,13.68,13.69,13.7,13.71,13.72,13.73,13.74,13.75,13.76,3000,2900,7100,7100,1000,14800,2000,5900,3200,13800,5300,400,7800,6200,7800,4800,3000,10000,11000,600
142.0,13.66,254000,3474854.0,13.66,13.65,13.64,13.63,13.61,13.6,13.59,13.58,13.57,13.56,13.67,13.68,13.69,13.7,13.71,13.72,13.73,13.74,13.75,13.76,3900,2900,7100,7100,1000,14800,2000,5900,3200,13800,2200,400,7800,6200,7800,4800,3000,10000,11000,600
143.0,13.66,254000,3474854.0,13.66,13.65,13.64,13.63,13.61,13.6,13.59,13.58,13.57,13.56,13.67,13.68,13.69,13.7,13.71,13.72,13.73,13.74,13.75,13.76,3900,2900,7100,7100,1000,14800,2000,5900,1000,13800,2200,400,7800,6200,7800,4800,3000,10000,11000,600
144.0,13.66,255700,3498076.0,13.66,13.65,13.64,13.63,13.61,13.6,13.59,13.58,13.57,13.56,13.67,13.68,13.69,13.7,13.71,13.72,13.73,13.74,13.75,13.76,2200,2900,7100,7100,1000,14800,2000,5900,1000,13800,2200,9400,7800,6200,7800,4800,3000,10000,11000,600
145.0,13.66,257800,3526764.0,13.66,13.65,13.64,13.63,13.61,13.6,13.59,13.58,13.57,13.56,13.67,13.68,13.69,13.7,13.71,13.72,13.73,13.74,13.75,13.76,300,2900,7100,7100,1000,14800,2000,5900,1000,13800,2000,9400,5600,6200,7800,4800,3000,10000,11000,600
146.0,13.66,261100,3571813.0,13.64,13.63,13.61,13.6,13.59,13.58,13.57,13.56,13.55,13.54,13.66,13.67,13.68,13.69,13.7,13.71,13.72,13.73,13.74,13.75,7100,7100,1000,14800,2000,5900,1000,13800,16300,5900,1600,2000,9200,600,6200,7800,4800,3000,10000,11000
147.0,13.66,261100,3571813.0,13.64,13.63,13.61,13.6,13.59,13.58,13.57,13.56,13.55,13.54,13.66,13.67,13.68,13.69,13.7,13.71,13.72,13.73,13.74,13.75,7100,7100,1000,14800,2000,5900,1000,13800,16300,5900,1600,2000,14200,600,6200,7800,4800,3000,10000,11000
148.0,13.66,261500,3577277.0,13.64,13.63,13.61,13.6,13.59,13.58,13.57,13.56,13.55,13.54,13.66,13.67,13.68,13.69,13.7,13.71,13.72,13.73,13.74,13.75,9200,6100,1000,14800,2000,5900,1000,13800,16300,5900,1200,2000,14200,600,6200,7800,4800,3000,10000,11000
149.0,13.66,261500,3577277.0,13.64,13.63,13.61,13.6,13.59,13.58,13.57,13.56,13.55,13.54,13.66,13.67,13.68,13.69,13.7,13.71,13.72,13.73,13.74,13.75,9400,6100,1000,14800,2000,5900,1000,13800,16300,5900,12700,2000,14200,600,6200,7800,4800,3000,10000,11000
150.0,13.66,265500,3631853.0,13.64,13.63,13.61,13.6,13.59,13.58,13.57,13.56,13.55,13.54,13.66,13.67,13.68,13.69,13.7,13.71,13.72,13.73,13.74,13.75,6200,6100,1000,14800,2000,5900,1000,13800,16300,5900,11900,2000,14600,600,6200,7800,4800,3000,10000,11000
151.0,13.64,266100,3640037.0,13.64,13.63,13.61,13.6,13.59,13.58,13.57,13.56,13.55,13.54,13.66,13.67,13.68,13.69,13.7,13.71,13.72,13.73,13.74,13.75,5600,6100,1000,14800,2000,5900,1000,13800,16300,5900,11900,2000,14600,600,6200,7800,4800,3000,10000,11000
152.0,13.66,266800,3649599.0,13.64,13.63,13.61,13.6,13.59,13.58,13.57,13.56,13.55,13.54,13.66,13.67,13.68,13.69,13.7,13.71,13.72,13.73,13.74,13.75,5700,6100,1000,14800,2000,5900,1000,13800,16300,5900,11200,2000,14600,600,6200,7800,4800,3000,10000,11000
153.0,13.66,266800,3649599.0,13.64,13.63,13.61,13.6,13.59,13.58,13.57,13.56,13.55,13.54,13.66,13.67,13.68,13.69,13.7,13.71,13.72,13.73,13.74,13.75,5700,6100,1800,14800,2000,5900,1000,13800,16300,5900,11200,2000,14600,600,6200,7800,4800,3000,10000,11000
154.0,13.66,266800,3649599.0,13.64,13.63,13.61,13.6,13.59,13.58,13.57,13.56,13.55,13.54,13.66,13.67,13.68,13.69,13.7,13.71,13.72,13.73,13.74,13.75,5700,6100,1800,14800,2000,5900,1000,13800,16300,5900,11200,2000,14600,600,6200,7800,4800,3000,10000,11000
155.0,13.63,277700,3798244.0,13.63,13.61,13.6,13.59,13.58,13.57,13.56,13.55,13.54,13.53,13.66,13.67,13.68,13.69,13.7,13.71,13.72,13.73,13.74,13.75,1600,1800,14800,2000,5900,1000,13800,16300,5900,5700,10500,2000,14600,600,6200,7800,4800,3000,10000,11000
156.0,13.66,278300,3806440.0,13.63,13.61,13.6,13.59,13.58,13.57,13.56,13.55,13.54,13.53,13.66,13.67,13.68,13.69,13.7,13.71,13.72,13.73,13.74,13.75,2600,1800,14800,2000,5900,1000,13800,16300,5900,5700,10900,2000,14400,600,6200,7800,4800,3000,10000,11000
157.0,13.66,279100,3817368.0,13.63,13.61,13.6,13.59,13.58,13.57,13.56,13.55,13.54,13.53,13.64,13.65,13.66,13.67,13.68,13.69,13.7,13.71,13.72,13.73,3700,1800,14800,2000,5900,1000,13800,17400,5900,5700,2700,600,11200,2000,14400,600,6200,7800,4800,3000
158.0,13.64,279600,3824185.0,13.63,13.61,13.6,13.59,13.58,13.57,13.56,13.55,13.54,13.53,13.64,13.65,13.66,13.67,13.68,13.69,13.7,13.71,13.72,13.73,3400,1800,14800,2000,5900,3200,13800,17400,5900,5700,2500,600,11200,2000,14400,600,6200,7800,4800,3000
159.0,13.64,279600,3824185.0,13.63,13.61,13.6,13.59,13.58,13.57,13.56,13.55,13.54,13.53,13.64,13.65,13.66,13.67,13.68,13.69,13.7,13.71,13.72,13.73,3400,1800,14800,2000,5900,3200,13800,17400,5900,5700,3500,1000,11200,2000,14400,600,6200,7800,4800,3000
160.0,13.64,280300,3833733.0,13.63,13.61,13.6,13.59,13.58,13.57,13.56,13.55,13.54,13.53,13.64,13.65,13.66,13.67,13.68,13.69,13.7,13.71,13.72,13.73,3400,1800,14800,2000,5900,3200,13800,17400,5900,5700,2800,1000,11200,2000,14400,600,6200,7800,4800,3000
161.0,13.66,285100,3899235.0,13.63,13.61,13.6,13.59,13.58,13.57,13.56,13.55,13.54,13.53,13.65,13.66,13.67,13.68,13.69,13.7,13.71,13.72,13.73,13.74,3400,1800,14800,2500,5900,3200,13800,17400,5900,5700,11300,10200,2000,14400,600,6200,7800,4800,3000,10000
162.0,13.63,288900,3951049.0,13.63,13.61,13.6,13.59,13.58,13.57,13.56,13.55,13.54,13.53,13.65,13.66,13.67,13.68,13.69,13.7,13.71,13.72,13.73,13.74,600,1800,15800,2500,5900,3200,13800,17400,5900,5700,10300,10200,2000,9400,600,6200,7800,4800,3000,10000
163.0,13.63,288900,3951049.0,13.63,13.61,13.6,13.59,13.58,13.57,13.56,13.55,13.54,13.53,13.65,13.66,13.67,13.68,13.69,13.7,13.71,13.72,13.73,13.74,600,1800,15800,2500,5900,3200,13800,17400,5900,5700,10300,13400,2000,9400,1300,6200,7800,4800,3000,10000
164.0,13.63,290500,3972867.0,13.61,13.6,13.59,13.58,13.57,13.56,13.55,13.54,13.53,13.52,13.63,13.64,13.65,13.66,13.67,13.68,13.69,13.7,13.71,13.72,1800,15800,2500,5900,3200,13800,17400,5900,5700,8600,400,6000,15300,5300,2000,9400,1300,6200,7800,4800
165.0,13.61,290600,3974228.0,13.61,13.6,13.59,13.58,13.57,13.56,13.55,13.54,13.53,13.52,13.63,13.64,13.65,13.66,13.67,13.68,13.69,13.7,13.71,13.72,1700,15800,2500,5900,3200,13800,17400,5900,5700,8600,400,6000,15500,5300,2000,9400,1300,6200,7800,4800
166.0,13.62,292000,3993296.0,13.61,13.6,13.59,13.58,13.57,13.56,13.55,13.54,13.53,13.52,13.62,13.63,13.64,13.65,13.66,13.67,13.68,13.69,13.7,13.71,1700,15800,2500,5900,3200,13800,17400,5900,5700,8600,900,400,6000,15500,5300,2000,9400,1300,6200,7800
167.0,13.61,293700,4016433.0,13.6,13.59,13.58,13.57,13.56,13.55,13.54,13.53,13.52,13.51,13.63,13.64,13.65,13.66,13.67,13.68,13.69,13.7,13.71,13.72,15800,2500,5900,4200,13800,17400,5900,5700,8600,7500,400,6000,15500,5300,2000,9400,1300,6200,7800,4800
168.0,13.64,294200,4023249.0,13.6,13.59,13.58,13.57,13.56,13.55,13.54,13.53,13.52,13.51,13.64,13.65,13.66,13.67,13.68,13.69,13.7,13.71,13.72,13.73,15800,2500,5900,4200,13800,17400,5900,5700,8600,7500,5900,15500,5300,2000,9400,1300,6200,7800,4800,3000
169.0,13.63,295100,4035516.0,13.6,13.59,13.58,13.57,13.56,13.55,13.54,13.53,13.52,13.51,13.61,13.62,13.63,13.64,13.65,13.66,13.67,13.68,13.69,13.7,18300,2500,5900,4200,13800,17400,5900,5700,8600,7500,3700,8200,4800,8200,15500,5300,2000,9400,1300,6200
170.0,13.63,295100,4035516.0,13.6,13.59,13.58,13.57,13.56,13.55,13.54,13.53,13.52,13.51,13.61,13.62,13.64,13.65,13.66,13.67,13.68,13.69,13.7,13.71,18300,2500,5900,4200,13800,17400,5900,5700,8600,7500,3900,8200,8200,5200,5300,2000,9400,1300,6200,7800
171.0,13.61,296800,4058653.0,13.6,13.59,13.58,13.57,13.56,13.55,13.54,13.53,13.52,13.51,13.61,13.62,13.64,13.65,13.66,13.67,13.68,13.69,13.7,13.71,18300,2500,5900,4200,13800,17400,5900,5700,8600,7500,2200,8200,8200,5200,5300,2000,9400,1300,6200,7800
172.0,13.61,297200,4064097.0,13.6,13.59,13.58,13.57,13.56,13.55,13.54,13.53,13.52,13.51,13.61,13.62,13.64,13.65,13.66,13.67,13.68,13.69,13.7,13.71,18300,2500,5900,4200,13800,17400,5900,5700,8600,7500,2800,8200,8200,5200,5300,2000,9400,1300,6200,7800
173.0,13.6,298600,4083140.0,13.6,13.59,13.58,13.57,13.56,13.55,13.54,13.53,13.52,13.51,13.61,13.62,13.64,13.65,13.66,13.67,13.68,13.69,13.7,13.71,17200,2500,5900,4200,13800,17400,5900,5700,8600,7500,2500,8200,8200,5200,5700,2000,9400,1300,6200,7800
174.0,13.6,298600,4083140.0,13.6,13.59,13.58,13.57,13.56,13.55,13.54,13.53,13.52,13.51,13.61,13.62,13.64,13.65,13.66,13.67,13.68,13.69,13.7,13.71,17200,2500,5900,4200,13800,17400,5900,5700,8600,7500,2500,8200,8200,5200,5700,2000,9400,1300,6200,7800
175.0,13.61,298800,4085862.0,13.6,13.59,13.58,13.57,13.56,13.55,13.54,13.53,13.52,13.51,13.61,13.62,13.64,13.65,13.66,13.67,13.68,13.69,13.7,13.71,17200,2500,5900,4200,13800,17400,5900,5700,8600,7500,2300,8200,8200,5200,5700,2000,9400,1300,6200,7800
176.0,13.61,298800,4085862.0,13.6,13.59,13.58,13.57,13.56,13.55,13.54,13.53,13.52,13.51,13.61,13.62,13.64,13.65,13.66,13.67,13.68,13.69,13.7,13.71,17200,2500,5900,4200,13800,17400,5900,5700,8600,7500,1200,8200,8200,5200,5700,2000,9400,1300,6200,7800
177.0,13.6,299800,4099462.0,13.6,13.59,13.58,13.57,13.56,13.55,13.54,13.53,13.52,13.51,13.61,13.62,13.64,13.65,13.66,13.67,13.68,13.69,13.7,13.71,16200,2500,5900,4200,13800,17400,5900,5700,8600,7500,1200,8200,8200,5000,5700,2000,9400,1300,6200,7800
178.0,13.61,304800,4167466.0,13.6,13.59,13.58,13.57,13.56,13.55,13.54,13.53,13.52,13.51,13.61,13.62,13.64,13.65,13.66,13.67,13.68,13.69,13.7,13.71,11600,2500,5900,4200,13800,17400,5900,5700,8600,7500,2900,8200,8200,5000,5700,2000,9400,1300,6200,7800
179.0,13.61,304800,4167466.0,13.6,13.59,13.58,13.57,13.56,13.55,13.54,13.53,13.52,13.51,13.61,13.62,13.64,13.65,13.66,13.67,13.68,13.69,13.7,13.71,11600,2500,5900,4200,13800,17400,5900,5700,8600,7500,2900,8200,8200,5000,5700,2000,9400,1300,6200,7800
180.0,13.6,316600,4327948.0,13.59,13.58,13.57,13.56,13.55,13.54,13.53,13.52,13.51,13.5,13.6,13.61,13.62,13.64,13.65,13.66,13.67,13.68,13.69,13.7,2500,5900,4200,13800,17400,5900,5700,8600,7500,13000,2000,2700,8200,8200,5000,2500,2000,9400,1300,6200
181.0,13.6,316600,4327948.0,13.59,13.58,13.57,13.56,13.55,13.54,13.53,13.52,13.51,13.5,13.6,13.61,13.62,13.64,13.65,13.66,13.67,13.68,13.69,13.7,5300,5900,4200,13800,17400,5900,5700,8600,7500,13000,2200,2700,8200,8200,5000,2500,2000,9400,1300,6200
182.0,13.6,316800,4330668.0,13.59,13.58,13.57,13.56,13.55,13.54,13.53,13.52,13.51,13.5,13.6,13.61,13.62,13.64,13.65,13.66,13.67,13.68,13.69,13.7,5300,5900,2000,13800,17400,5900,5700,8600,7500,13000,2000,2700,8200,8200,5000,2500,2000,9400,1300,6200
183.0,13.6,317700,4342908.0,13.59,13.58,13.57,13.56,13.55,13.54,13.53,13.52,13.51,13.5,13.6,13.61,13.62,13.63,13.64,13.65,13.66,13.67,13.68,13.69,5300,5900,2000,13300,17400,5900,5700,8600,7500,13000,24900,2700,8200,3000,8200,5000,2500,2000,9400,1300
184.0,13.6,324000,4428588.0,13.59,13.58,13.57,13.56,13.55,13.54,13.53,13.52,13.51,13.5,13.6,13.61,13.62,13.63,13.64,13.65,13.66,13.67,13.68,13.69,5300,5900,2000,13300,17400,5900,5700,8600,7500,13000,18600,2700,8200,3000,8200,5000,2500,2000,9400,1300
185.0,13.6,324800,4439468.0,13.59,13.58,13.57,13.56,13.55,13.54,13.53,13.52,13.51,13.5,13.6,13.61,13.62,13.63,13.64,13.66,13.67,13.68,13.69,13.7,5300,5900,2000,13300,17700,5900,5700,8600,7500,13000,17800,2700,8200,3000,8200,2500,2000,9400,1300,6200
186.0,13.59,330100,4511495.0,13.58,13.57,13.56,13.55,13.54,13.53,13.52,13.51,13.5,13.49,13.59,13.6,13.61,13.62,13.63,13.64,13.66,13.67,13.68,13.69,5900,2000,13300,17700,5900,5700,8600,7500,13000,1000,4500,19800,2700,8200,3000,8200,2500,2000,9400,1300
187.0,13.59,330100,4511495.0,13.58,13.57,13.56,13.55,13.54,13.53,13.52,13.51,13.5,13.49,13.59,13.6,13.61,13.62,13.63,13.64,13.66,13.67,13.68,13.69,5900,2000,13300,17700,5900,5700,8600,7500,13000,1000,9500,19800,2700,8200,3000,8200,2500,2000,9400,1300
188.0,13.59,330500,4516931.0,13.58,13.57,13.56,13.55,13.54,13.53,13.52,13.51,13.5,13.49,13.59,13.6,13.61,13.62,13.63,13.64,13.66,13.67,13.68,13.69,5900,2000,13300,17700,5900,5700,8600,7500,13000,1000,12500,19800,2700,8200,3000,8200,2500,2000,9400,1300
189.0,13.59,331200,4526444.0,13.58,13.57,13.56,13.55,13.54,13.53,13.52,13.51,13.5,13.49,13.59,13.6,13.61,13.63,13.64,13.66,13.67,13.68,13.69,13.7,5900,2000,13300,23700,5900,5700,8600,7500,13000,1000,11800,19800,2700,3000,8200,2500,2000,9400,1300,6200
190.0,13.59,345000,4713986.0,13.58,13.57,13.56,13.55,13.54,13.53,13.52,13.51,13.5,13.49,13.59,13.6,13.61,13.63,13.64,13.66,13.67,13.68,13.69,13.7,5900,2000,13300,23700,5900,5700,8600,7500,13000,1000,900,19800,2700,3000,8200,2500,2000,9400,1300,6200
191.0,13.59,345900,4726217.0,13.59,13.58,13.57,13.56,13.55,13.54,13.53,13.52,13.51,13.5,13.6,13.61,13.63,13.64,13.66,13.67,13.68,13.69,13.7,13.71,800,5900,2000,13300,23700,5900,5700,8600,7500,13000,19800,2700,3000,8200,2500,2000,9400,1300,6200,7800
192.0,13.6,346600,4735737.0,13.59,13.58,13.57,13.56,13.55,13.54,13.53,13.52,13.51,13.5,13.6,13.61,13.63,13.64,13.66,13.67,13.68,13.69,13.7,13.71,1100,5900,1800,13300,23700,5900,5700,8600,7500,13000,19100,2700,3000,8200,2500,2000,9400,1300,6200,7800
193.0,13.6,356500,4870377.0,13.59,13.58,13.57,13.56,13.55,13.54,13.53,13.52,13.51,13.5,13.6,13.61,13.63,13.64,13.66,13.67,13.68,13.69,13.7,13.71,1100,5900,1800,13300,26200,5900,5700,8600,7500,13000,9200,2700,3000,8200,2500,2000,9400,1300,6200,7800
194.0,13.6,360400,4923413.0,13.59,13.58,13.57,13.56,13.55,13.54,13.53,13.52,13.51,13.5,13.6,13.61,13.63,13.64,13.66,13.67,13.68,13.69,13.7,13.71,700,5900,1800,13300,26200,5900,5700,8600,7500,13000,5700,2700,3000,8200,2500,2000,9400,1300,6200,7800
195.0,13.58,368500,5033450.0,13.58,13.57,13.56,13.55,13.54,13.53,13.52,13.51,13.5,13.49,13.6,13.61,13.63,13.64,13.66,13.67,13.68,13.69,13.7,13.71,100,1800,13300,26200,5900,5700,8600,7500,13000,1000,4100,2700,3000,8200,2500,2000,9400,1300,6200,7800
196.0,13.6,368900,5038890.0,13.58,13.57,13.56,13.55,13.54,13.53,13.52,13.51,13.5,13.49,13.6,13.61,13.63,13.64,13.66,13.67,13.68,13.69,13.7,13.71,1900,2300,13300,26200,5900,5700,8600,7500,13000,1000,3700,2700,3000,8200,2500,2000,9400,1300,6200,7800
197.0,13.6,368900,5038890.0,13.58,13.57,13.56,13.55,13.54,13.53,13.52,13.51,13.5,13.49,13.59,13.6,13.61,13.63,13.64,13.66,13.67,13.68,13.69,13.7,100,2300,13300,27200,5900,5700,8600,7500,13000,1000,1000,3700,2700,3000,8200,2500,2000,9400,1300,6200
198.0,13.6,368900,5038890.0,13.58,13.57,13.56,13.55,13.54,13.53,13.52,13.51,13.5,13.49,13.59,13.6,13.61,13.63,13.64,13.66,13.67,13.68,13.69,13.7,100,2300,13300,27200,5900,5700,8600,7500,13000,1000,1000,3700,2700,3000,8200,2500,2000,9000,1300,6200
199.0,13.58,369100,5041607.0,13.57,13.56,13.55,13.54,13.53,13.52,13.51,13.5,13.49,13.48,13.58,13.59,13.6,13.61,13.63,13.64,13.66,13.67,13.68,13.69,2300,13300,27200,5900,5700,8600,7500,13000,1000,4100,700,900,3700,2700,3000,8200,2500,2000,9000,1300
200.0,13.58,369100,5041607.0,13.57,13.56,13.55,13.54,13.53,13.52,13.51,13.5,13.49,13.48,13.58,13.59,13.6,13.61,13.63,13.64,13.66,13.67,13.68,13.69,2300,13300,27200,5900,5700,8600,7500,13000,1000,4100,1500,900,3700,2700,3000,8200,2500,2000,9000,1300
201.0,13.58,370600,5061977.0,13.57,13.56,13.55,13.54,13.53,13.52,13.51,13.5,13.49,13.48,13.59,13.6,13.61,13.63,13.64,13.66,13.67,13.68,13.69,13.7,2300,13300,27200,5900,5700,8600,7500,13000,1000,4100,900,3700,2700,3000,8200,2500,2000,9000,1300,6200
202.0,13.58,370600,5061977.0,13.57,13.56,13.55,13.54,13.53,13.52,13.51,13.5,13.49,13.48,13.59,13.6,13.61,13.63,13.64,13.66,13.67,13.68,13.69,13.7,2300,13300,27400,5900,5700,8600,7500,13000,1000,4100,900,3700,2700,3000,8200,2500,2000,9000,1300,6200
203.0,13.58,370600,5061977.0,13.57,13.56,13.55,13.54,13.53,13.52,13.51,13.5,13.49,13.48,13.59,13.6,13.61,13.63,13.64,13.66,13.67,13.68,13.69,13.7,2300,14300,27400,5900,5700,8600,7500,13000,1000,4100,900,3700,2700,3000,8200,2500,2000,9000,1300,6200
204.0,13.57,375600,5129827.0,13.56,13.55,13.54,13.53,13.52,13.51,13.5,13.49,13.48,13.47,13.57,13.59,13.6,13.61,13.63,13.64,13.66,13.67,13.68,13.69,14300,27400,5900,5700,8600,7500,13000,1000,4100,500,17900,900,3700,2700,3000,8200,2500,2000,9000,1300
205.0,13.57,376100,5136612.0,13.56,13.55,13.54,13.53,13.52,13.51,13.5,13.49,13.48,13.47,13.57,13.59,13.6,13.61,13.63,13.64,13.66,13.67,13.68,13.69,14300,27400,5900,5700,8600,7500,13000,1000,4100,500,19700,1200,3700,2700,3000,8200,2500,2000,9000,1300
206.0,13.57,388500,5304880.0,13.56,13.55,13.54,13.53,13.52,13.51,13.5,13.49,13.48,13.47,13.57,13.58,13.59,13.6,13.61,13.63,13.64,13.66,13.67,13.68,14300,27400,5900,5700,8600,7500,13000,1000,4100,500,7700,2000,1200,3700,2700,3000,8200,2500,2000,9000
207.0,13.57,388500,5304880.0,13.56,13.55,13.54,13.53,13.52,13.51,13.5,13.49,13.48,13.47,13.57,13.58,13.59,13.6,13.61,13.63,13.64,13.66,13.67,13.68,14300,27400,5900,5700,8600,7500,13000,1000,4100,500,7700,2000,1200,3700,2700,3000,8200,2500,2000,9000
208.0,13.56,390000,5325220.0,13.56,13.55,13.54,13.53,13.52,13.51,13.5,13.49,13.48,13.47,13.57,13.58,13.59,13.6,13.61,13.63,13.64,13.66,13.67,13.68,12900,27500,5900,5700,8600,7500,13000,1000,4100,500,8800,2000,1200,3700,2700,3000,8200,2500,2000,9000
209.0,13.56,391200,5341502.0,13.56,13.55,13.54,13.53,13.52,13.51,13.5,13.49,13.48,13.47,13.57,13.58,13.59,13.6,13.61,13.63,13.64,13.66,13.67,13.68,12700,27500,5900,5700,8600,7500,14000,1000,4100,500,7800,2000,1200,3700,2700,3000,8200,2500,2000,9000
210.0,13.57,392600,5360500.0,13.56,13.55,13.54,13.53,13.52,13.51,13.5,13.49,13.48,13.47,13.57,13.58,13.59,13.6,13.61,13.63,13.64,13.66,13.67,13.68,12700,27500,5900,5700,8600,7500,14000,1000,4100,500,8600,2000,1200,3700,2700,3000,8200,2500,2000,9000
211.0,13.56,396300,5410672.0,13.56,13.55,13.54,13.53,13.52,13.51,13.5,13.49,13.48,13.47,13.57,13.58,13.59,13.6,13.61,13.63,13.64,13.66,13.67,13.68,9000,27300,5900,5700,8600,7500,16000,1000,4100,500,8600,2000,1200,3700,2700,3000,8200,2500,2000,9000
212.0,13.56,396300,5410672.0,13.56,13.55,13.54,13.53,13.52,13.51,13.5,13.49,13.48,13.47,13.57,13.58,13.59,13.6,13.61,13.63,13.64,13.66,13.67,13.68,9800,27300,5900,5700,8600,7500,16000,1000,4100,500,8600,2000,1200,3700,2700,3000,8200,2500,2000,9000
213.0,13.57,397200,5422885.0,13.56,13.55,13.54,13.53,13.52,13.51,13.5,13.49,13.48,13.47,13.57,13.58,13.59,13.6,13.61,13.63,13.64,13.66,13.67,13.68,9900,27300,5900,5700,8600,7500,16500,1000,4100,500,7700,2000,3500,3700,2700,3000,8200,2500,2000,9000
214.0,13.57,397200,5422885.0,13.56,13.55,13.54,13.53,13.52,13.51,13.5,13.49,13.48,13.47,13.57,13.58,13.59,13.6,13.61,13.63,13.64,13.66,13.67,13.68,9900,27300,5900,5700,8600,7500,16500,1000,4100,500,7700,2000,3500,3700,2700,3000,8200,2500,2000,9000
215.0,13.56,401200,5477126.0,13.56,13.55,13.54,13.53,13.52,13.51,13.5,13.49,13.48,13.47,13.57,13.58,13.59,13.6,13.61,13.63,13.64,13.66,13.67,13.68,6000,27300,5900,5700,8300,7500,16500,1000,4100,500,7600,2000,3500,3700,2700,3000,8200,2500,2000,9000
216.0,13.56,401200,5477126.0,13.56,13.55,13.54,13.53,13.52,13.51,13.5,13.49,13.48,13.47,13.57,13.58,13.59,13.6,13.61,13.63,13.64,13.66,13.67,13.68,8200,27300,5900,5700,9200,7500,19800,1000,4100,500,7600,2000,3500,2100,2700,3000,8200,2500,2000,9000
217.0,13.57,412300,5627771.0,13.57,13.56,13.55,13.54,13.53,13.52,13.51,13.5,13.49,13.48,13.58,13.59,13.6,13.61,13.63,13.64,13.66,13.67,13.68,13.69,9200,8900,27300,5900,5700,9200,7500,20900,1000,4100,200,3500,2100,2700,3000,8200,2500,2000,9000,1300
218.0,13.57,412300,5627771.0,13.57,13.56,13.55,13.54,13.53,13.52,13.51,13.5,13.49,13.48,13.58,13.59,13.6,13.61,13.63,13.64,13.66,13.67,13.68,13.69,9400,9000,27300,5900,5700,9400,7500,21400,1000,4100,200,3500,2100,2700,3000,8200,2500,2000,9000,1300
219.0,13.57,412300,5627771.0,13.57,13.56,13.55,13.54,13.53,13.52,13.51,13.5,13.49,13.48,13.58,13.59,13.6,13.61,13.63,13.64,13.66,13.67,13.68,13.69,9400,9300,27300,5900,5700,10400,7500,21400,3000,4100,200,3500,2100,2700,3000,8200,2500,2000,9000,1300
220.0,13.58,412400,5629129.0,13.57,13.56,13.55,13.54,13.53,13.52,13.51,13.5,13.49,13.48,13.58,13.59,13.6,13.61,13.63,13.64,13.66,13.67,13.68,13.69,9400,9300,27300,5900,5700,10400,7500,21400,3000,4100,100,3500,2100,2700,3000,8200,2500,2000,9000,1300
221.0,13.58,412400,5629129.0,13.57,13.56,13.55,13.54,13.53,13.52,13.51,13.5,13.49,13.48,13.58,13.59,13.6,13.61,13.63,13.64,13.66,13.67,13.68,13.69,8200,9800,27300,6400,5700,10400,7500,21700,3000,4100,100,3500,2100,2700,3000,8200,2500,2000,9000,1300
222.0,13.59,416500,5684771.0,13.58,13.57,13.56,13.55,13.54,13.53,13.52,13.51,13.5,13.49,13.59,13.6,13.61,13.63,13.64,13.66,13.67,13.68,13.69,13.7,100,11800,12800,25800,6400,5700,10400,7500,21700,3000,3300,2100,2500,3000,8200,2500,2000,9000,1300,6200
223.0,13.59,421600,5754091.0,13.59,13.58,13.57,13.56,13.55,13.54,13.53,13.52,13.51,13.5,13.6,13.61,13.63,13.64,13.66,13.67,13.68,13.69,13.7,13.71,4400,5000,18100,12700,25800,6400,5700,10400,7500,21700,1000,2500,3000,8200,2500,2000,9000,1300,6200,4800
224.0,13.61,425100,5801716.0,13.61,13.6,13.59,13.58,13.57,13.56,13.55,13.54,13.53,13.52,13.63,13.64,13.66,13.67,13.68,13.69,13.7,13.71,13.72,13.73,1800,13000,4400,5000,21600,12500,27000,6400,5700,10400,3000,2300,2500,2000,9000,1300,6200,4800,400,3000
225.0,13.63,428100,5842606.0,13.63,13.61,13.6,13.59,13.58,13.57,13.56,13.55,13.54,13.53,13.64,13.66,13.67,13.68,13.69,13.7,13.71,13.72,13.73,13.74,800,1800,13000,4400,5000,21600,12700,27000,6400,5700,2300,2500,2000,9000,1300,6200,4800,400,3000,8500
226.0,13.63,428700,5850786.0,13.63,13.62,13.61,13.6,13.59,13.58,13.57,13.56,13.55,13.54,13.64,13.66,13.67,13.68,13.69,13.7,13.71,13.72,13.73,13.74,400,100,1800,13000,4400,5600,21600,13500,27000,6400,2100,2500,2000,9000,1300,6200,4800,400,3000,8500
227.0,13.66,431000,5882162.0,13.63,13.62,13.61,13.6,13.59,13.58,13.57,13.56,13.55,13.54,13.66,13.67,13.68,13.69,13.7,13.71,13.72,13.73,13.74,13.75,100,100,1800,13000,4400,5600,22900,13600,27000,6400,2300,3000,9000,1300,6200,4800,400,3000,8500,11300
228.0,13.6,441900,6030479.0,13.6,13.59,13.58,13.57,13.56,13.55,13.54,13.53,13.52,13.51,13.66,13.67,13.68,13.69,13.7,13.71,13.72,13.73,13.74,13.75,10500,4400,5600,22900,13600,27000,6400,5700,10500,9500,4100,3000,9000,1300,6200,4800,400,3000,8500,11300
229.0,13.6,441900,6030479.0,13.6,13.59,13.58,13.57,13.56,13.55,13.54,13.53,13.52,13.51,13.66,13.67,13.68,13.69,13.7,13.71,13.72,13.73,13.74,13.75,11300,4400,5600,24500,13600,27000,6400,5700,10500,9500,4900,3000,9000,1300,6200,4800,400,3000,8500,11300
230.0,13.66,443200,6048237.0,13.6,13.59,13.58,13.57,13.56,13.55,13.54,13.53,13.52,13.51,13.66,13.67,13.68,13.69,13.7,13.71,13.72,13.73,13.74,13.75,14100,4400,5900,24500,13600,27000,6400,5700,10500,9500,5400,3000,9000,1300,6200,4800,400,3000,8500,11300
231.0,13.66,443200,6048237.0,13.61,13.6,13.59,13.58,13.57,13.56,13.55,13.54,13.53,13.52,13.66,13.67,13.68,13.69,13.7,13.71,13.72,13.73,13.74,13.75,1700,14900,4400,5900,24500,13600,27000,6400,5700,10500,6200,3000,9000,1300,6200,4800,400,3000,8500,11300
232.0,13.61,443300,6049598.0,13.61,13.6,13.59,13.58,13.57,13.56,13.55,13.54,13.53,13.52,13.66,13.67,13.68,13.69,13.7,13.71,13.72,13.73,13.74,13.75,3400,14900,4400,5900,24500,13600,27000,6400,5700,10500,8000,3000,9000,1300,6200,4800,400,3000,8500,11300
233.0,13.66,444400,6064624.0,13.61,13.6,13.59,13.58,13.57,13.56,13.55,13.54,13.53,13.52,13.65,13.66,13.67,13.68,13.69,13.7,13.71,13.72,13.73,13.74,3400,15100,4400,5900,24500,13600,27000,6400,5700,10500,3200,8100,3000,13300,1300,6200,4800,400,3000,8500
234.0,13.66,444400,6064624.0,13.61,13.6,13.59,13.58,13.57,13.56,13.55,13.54,13.53,13.52,13.65,13.66,13.67,13.68,13.69,13.7,13.71,13.72,13.73,13.74,5300,16100,4400,6200,24500,13600,27000,6400,5700,10500,5100,8100,3000,13300,1300,6200,4800,400,3000,8500
235.0,13.66,444400,6064624.0,13.61,13.6,13.59,13.58,13.57,13.56,13.55,13.54,13.53,13.52,13.65,13.66,13.67,13.68,13.69,13.7,13.71,13.72,13.73,13.74,8100,16100,4400,6200,24500,13600,27000,6400,5700,10500,6900,8100,3000,13300,1300,6200,4800,300,3000,8500
236.0,13.66,444400,6064624.0,13.61,13.6,13.59,13.58,13.57,13.56,13.55,13.54,13.53,13.52,13.64,13.65,13.66,13.67,13.68,13.69,13.7,13.71,13.72,13.73,9200,16100,4400,6200,24500,14300,27600,6400,5700,10500,1000,8700,8100,15200,13300,1300,6200,4800,300,3000
237.0,13.61,447000,6100013.0,13.61,13.6,13.59,13.58,13.57,13.56,13.55,13.54,13.53,13.52,13.63,13.64,13.65,13.66,13.67,13.68,13.69,13.7,13.71,13.72,7400,16100,4400,6200,24500,14300,27600,6400,5700,10500,3000,900,8700,8100,15200,13300,1300,6200,4800,300
238.0,13.63,447900,6112280.0,13.61,13.6,13.59,13.58,13.57,13.56,13.55,13.54,13.53,13.52,13.63,13.64,13.65,13.66,13.67,13.68,13.69,13.7,13.71,13.72,7400,16100,4400,7000,24500,14300,27600,6400,5700,10500,2100,900,8700,8100,15200,14400,1300,6200,4800,300
239.0,13.63,448100,6115006.0,13.61,13.6,13.59,13.58,13.57,13.56,13.55,13.54,13.53,13.52,13.63,13.64,13.65,13.66,13.67,13.68,13.69,13.7,13.71,13.72,7400,16200,4400,7000,23500,14300,27600,6400,5700,10500,1900,900,8700,8100,15000,14400,1300,6200,4800,300
240.0,13.63,448400,6119095.0,13.61,13.6,13.59,13.58,13.57,13.56,13.55,13.54,13.53,13.52,13.63,13.64,13.65,13.66,13.67,13.68,13.69,13.7,13.71,13.72,7400,16200,4400,9000,23500,14300,28200,6400,5700,10500,1600,900,8700,8100,15000,14400,1300,6200,4800,300
241.0,13.63,448400,6119095.0,13.61,13.6,13.59,13.58,13.57,13.56,13.55,13.54,13.53,13.52,13.63,13.64,13.65,13.66,13.67,13.68,13.69,13.7,13.71,13.72,7400,16200,4400,9000,23500,14300,28200,6400,5700,10500,1600,900,8700,8100,15000,14400,1300,6200,4800,300
242.0,13.63,448700,6123184.0,13.61,13.6,13.59,13.58,13.57,13.56,13.55,13.54,13.53,13.52,13.63,13.64,13.65,13.66,13.67,13.68,13.69,13.7,13.71,13.72,7400,18300,4400,9000,22200,14000,28200,6400,5700,10500,1300,900,8700,8100,15000,14400,1300,6200,4800,300
243.0,13.63,448800,6124547.0,13.61,13.6,13.59,13.58,13.57,13.56,13.55,13.54,13.53,13.52,13.63,13.64,13.65,13.66,13.67,13.68,13.69,13.7,13.71,13.72,7400,18300,4400,9000,22200,14000,28200,6400,5700,10500,1200,900,8700,8100,15000,14400,1300,6200,4800,300
244.0,13.61,453300,6185792.0,13.61,13.6,13.59,13.58,13.57,13.56,13.55,13.54,13.53,13.52,13.63,13.64,13.65,13.66,13.67,13.68,13.69,13.7,13.71,13.72,2900,18800,4400,10000,22200,14000,28200,6400,5700,10500,1200,1000,8700,8100,15000,14400,1300,6200,4800,300
245.0,13.61,453300,6185792.0,13.61,13.6,13.59,13.58,13.57,13.56,13.55,13.54,13.53,13.52,13.63,13.64,13.65,13.66,13.67,13.68,13.69,13.7,13.71,13.72,2900,19100,4400,10000,22200,14000,28200,6400,5700,10500,1200,1000,8700,8100,15000,14400,1300,6200,4800,300
246.0,13.63,453400,6187155.0,13.61,13.6,13.59,13.58,13.57,13.56,13.55,13.54,13.53,13.52,13.63,13.64,13.65,13.66,13.67,13.68,13.69,13.7,13.71,13.72,2900,19100,4400,10000,22200,14000,28200,6400,5700,10500,1100,1000,8700,8100,15000,14400,1300,6200,4800,300
247.0,13.63,453500,6188518.0,13.61,13.6,13.59,13.58,13.57,13.56,13.55,13.54,13.53,13.52,13.63,13.64,13.65,13.66,13.67,13.68,13.69,13.7,13.71,13.72,2900,19100,4400,10000,22200,14000,28200,6400,5700,10500,1000,1200,8700,8100,14000,14400,1300,6200,4800,300
248.0,13.63,453700,6191244.0,13.61,13.6,13.59,13.58,13.57,13.56,13.55,13.54,13.53,13.52,13.62,13.63,13.64,13.65,13.66,13.67,13.68,13.69,13.7,13.71,2900,21100,4400,10000,22200,20100,28200,6400,5700,10500,800,800,1200,5500,6900,14000,14400,1300,6200,4800
249.0,13.62,455200,6211674.0,13.61,13.6,13.59,13.58,13.57,13.56,13.55,13.54,13.53,13.52,13.62,13.63,13.64,13.65,13.66,13.67,13.68,13.69,13.7,13.71,2900,21500,4400,10000,22200,20100,28200,6400,5700,10500,3300,800,1200,5500,6900,14000,14400,1300,6200,4800
250.0,13.62,455500,6215760.0,13.61,13.6,13.59,13.58,13.57,13.56,13.55,13.54,13.53,13.52,13.62,13.63,13.64,13.65,13.66,13.67,13.68,13.69,13.7,13.71,2900,21500,4400,10700,22200,18400,28200,6400,5700,10500,3000,800,1200,5500,6900,14000,14400,1300,6200,4800
251.0,13.62,458700,6259342.0,13.61,13.6,13.59,13.58,13.57,13.56,13.55,13.54,13.53,13.52,13.63,13.64,13.65,13.66,13.67,13.68,13.69,13.7,13.71,13.72,2700,21500,4400,10700,22200,18400,28200,6400,5700,9600,800,1200,5700,6900,14000,14400,1300,6200,4800,300
252.0,13.62,458700,6259342.0,13.61,13.6,13.59,13.58,13.57,13.56,13.55,13.54,13.53,13.52,13.63,13.64,13.65,13.66,13.67,13.68,13.69,13.7,13.71,13.72,2700,21500,4400,10700,22200,18400,28200,6400,5700,9600,800,1200,5700,7900,14000,14400,1300,6700,4800,300
253.0,13.63,458800,6260705.0,13.61,13.6,13.59,13.58,13.57,13.56,13.55,13.54,13.53,13.52,13.62,13.63,13.64,13.65,13.66,13.67,13.68,13.69,13.7,13.71,2700,21500,4400,10700,22200,18400,28200,6400,5700,9600,100,700,1200,5700,7900,14000,14400,1300,6700,4800
254.0,13.6,487300,6648300.0,13.6,13.59,13.58,13.57,13.56,13.55,13.54,13.53,13.52,13.51,13.62,13.63,13.64,13.65,13.66,13.67,13.68,13.69,13.7,13.71,1900,1200,10700,22200,18400,28200,6400,5700,9600,9500,5100,700,1200,5700,7900,14000,14400,1300,6700,4800
255.0,13.6,489200,6674140.0,13.59,13.58,13.57,13.56,13.55,13.54,13.53,13.52,13.51,13.5,13.62,13.63,13.64,13.65,13.66,13.67,13.68,13.69,13.7,13.71,1200,10700,22200,18400,28200,6400,5700,9600,9500,21500,7400,700,1200,5700,7900,14000,14400,600,6700,4800
256.0,13.62,489900,6683674.0,13.59,13.58,13.57,13.56,13.55,13.54,13.53,13.52,13.51,13.5,13.61,13.62,13.63,13.64,13.65,13.66,13.67,13.68,13.69,13.7,1200,10700,22200,18000,28200,6400,5700,9600,9500,21500,1000,6700,800,1200,5700,7900,14000,14400,600,6700
257.0,13.6,496200,6769455.0,13.59,13.58,13.57,13.56,13.55,13.54,13.53,13.52,13.51,13.5,13.6,13.62,13.63,13.64,13.65,13.66,13.67,13.68,13.69,13.7,1200,10700,22200,18000,28200,6400,5700,9600,9500,21500,8200,2200,800,1200,5700,7900,14000,14400,600,6700
258.0,13.59,497400,6785763.0,13.58,13.57,13.56,13.55,13.54,13.53,13.52,13.51,13.5,13.49,13.59,13.6,13.62,13.63,13.64,13.65,13.66,13.67,13.68,13.69,10700,22200,18000,28200,6400,5700,9600,9500,21500,3000,2800,8200,3400,800,1200,5700,7900,14000,14400,600
259.0,13.59,497600,6788481.0,13.58,13.57,13.56,13.55,13.54,13.53,13.52,13.51,13.5,13.49,13.59,13.6,13.62,13.63,13.64,13.65,13.66,13.67,13.68,13.69,10700,22200,18000,28200,6400,5700,9600,9500,21500,3000,2600,8200,3400,800,1200,5700,7900,14000,14400,600
260.0,13.59,498900,6806148.0,13.58,13.57,13.56,13.55,13.54,13.53,13.52,13.51,13.5,13.49,13.59,13.6,13.62,13.63,13.64,13.65,13.66,13.67,13.68,13.69,14700,22200,18000,28200,6400,5700,9600,9500,21500,3000,1300,8200,3400,800,1200,5700,7900,14000,14400,600
261.0,13.59,498900,6806148.0,13.58,13.57,13.56,13.55,13.54,13.53,13.52,13.51,13.5,13.49,13.59,13.6,13.62,13.63,13.64,13.65,13.66,13.67,13.68,13.69,14700,22200,18000,28200,6400,5700,9600,9500,21500,3000,1300,8200,3400,800,1200,5700,7900,14000,13300,600
262.0,13.59,500300,6825174.0,13.58,13.57,13.56,13.55,13.54,13.53,13.52,13.51,13.5,13.49,13.59,13.6,13.62,13.63,13.64,13.65,13.66,13.67,13.68,13.69,14700,22300,18000,28200,6400,5700,9600,9500,21500,3000,1900,8500,3400,800,1200,5700,7900,14000,13300,600
263.0,13.59,500300,6825174.0,13.58,13.57,13.56,13.55,13.54,13.53,13.52,13.51,13.5,13.49,13.59,13.6,13.62,13.63,13.64,13.65,13.66,13.67,13.68,13.69,14700,22300,18000,28200,6400,5700,9600,9500,21500,3000,1900,8500,3400,800,1200,5700,7900,14000,13300,600
264.0,13.59,501300,6838764.0,13.58,13.57,13.56,13.55,13.54,13.53,13.52,13.51,13.5,13.49,13.59,13.6,13.62,13.63,13.64,13.65,13.66,13.67,13.68,13.69,14700,22300,18000,28200,6400,5700,9600,9500,21500,3000,900,8700,3400,800,1200,5700,7900,14000,13300,600
265.0,13.59,501400,6840123.0,13.58,13.57,13.56,13.55,13.54,13.53,13.52,13.51,13.5,13.49,13.6,13.62,13.63,13.64,13.65,13.66,13.67,13.68,13.69,13.7,16500,22300,17900,28200,6400,5700,9600,9500,21500,3000,8700,2200,800,1200,5700,7900,14000,13300,600,6700
266.0,13.59,501400,6840123.0,13.59,13.58,13.57,13.56,13.55,13.54,13.53,13.52,13.51,13.5,13.6,13.62,13.63,13.64,13.65,13.66,13.67,13.68,13.69,13.7,300,16500,22300,17900,28200,6400,5700,9600,9500,22500,8700,2200,800,1200,5700,7900,14000,13300,600,6700
267.0,13.58,502600,6856424.0,13.58,13.57,13.56,13.55,13.54,13.53,13.52,13.51,13.5,13.49,13.6,13.61,13.62,13.63,13.64,13.65,13.66,13.67,13.68,13.69,15800,22300,17900,28200,6400,5700,9600,9500,22500,3000,8700,100,2200,800,300,5700,7900,14000,13300,600
268.0,13.58,503600,6870018.0,13.58,13.57,13.56,13.55,13.54,13.53,13.52,13.51,13.5,13.49,13.6,13.61,13.63,13.64,13.65,13.66,13.67,13.68,13.69,13.7,15500,22800,17900,28200,6400,5700,9600,9500,22500,3000,8100,100,800,300,5700,7900,14000,13300,600,6700
269.0,13.58,506300,6906698.0,13.58,13.57,13.56,13.55,13.54,13.53,13.52,13.51,13.5,13.49,13.59,13.6,13.61,13.62,13.63,13.64,13.65,13.66,13.67,13.68,13500,23000,17900,28200,6400,5700,9600,9500,22500,3000,500,7400,100,3000,800,300,5700,7900,14000,13300
270.0,13.59,506400,6908057.0,13.58,13.57,13.56,13.55,13.54,13.53,13.52,13.51,13.5,13.49,13.59,13.6,13.61,13.62,13.63,13.64,13.65,13.66,13.67,13.68,13500,25900,17900,28200,6400,5700,9600,9500,22500,3000,400,7400,100,3000,800,300,5700,7900,14000,13300
271.0,13.59,506400,6908057.0,13.58,13.57,13.56,13.55,13.54,13.53,13.52,13.51,13.5,13.49,13.59,13.6,13.61,13.62,13.63,13.64,13.65,13.66,13.67,13.68,14700,25900,17900,28200,6400,5700,9600,9500,22500,3000,400,7400,100,3000,800,300,5700,7900,14000,13300
272.0,13.6,512900,6996453.0,13.58,13.57,13.56,13.55,13.54,13.53,13.52,13.51,13.5,13.49,13.59,13.6,13.61,13.62,13.63,13.64,13.65,13.66,13.67,13.68,14700,26100,17900,28200,6400,5700,9600,9500,22500,3000,100,1300,100,3000,800,300,5700,7900,14000,13300
273.0,13.58,514800,7022256.0,13.58,13.57,13.56,13.55,13.54,13.53,13.52,13.51,13.5,13.49,13.6,13.61,13.62,13.63,13.64,13.65,13.66,13.67,13.68,13.69,13900,26100,17400,28200,6400,5700,9600,9500,22500,3000,1300,100,3000,800,300,5700,7900,14000,13300,600
274.0,13.58,518800,7076576.0,13.58,13.57,13.56,13.55,13.54,13.53,13.52,13.51,13.5,13.49,13.6,13.61,13.62,13.63,13.65,13.66,13.67,13.68,13.69,13.7,13200,26100,17400,28200,6400,5700,9600,9500,22500,3000,1300,100,3000,800,5700,7900,14000,13300,600,6700
275.0,13.6,519900,7091536.0,13.59,13.58,13.57,13.56,13.55,13.54,13.53,13.52,13.51,13.5,13.6,13.61,13.62,13.63,13.65,13.66,13.67,13.68,13.69,13.7,300,16300,26100,17400,28200,6400,5700,9600,9500,22500,200,500,3000,800,5700,7900,14000,13300,600,6700
276.0,13.62,522600,7128228.0,13.58,13.57,13.56,13.55,13.54,13.53,13.52,13.51,13.5,13.49,13.62,13.63,13.65,13.66,13.67,13.68,13.69,13.7,13.71,13.72,14700,26100,17400,28200,6400,5700,9600,9500,22500,3000,2900,800,5700,7900,14000,13300,600,6700,4800,300
277.0,13.62,523100,7135038.0,13.58,13.57,13.56,13.55,13.54,13.53,13.52,13.51,13.5,13.49,13.62,13.63,13.65,13.66,13.67,13.68,13.69,13.7,13.71,13.72,14700,26100,17400,28200,6400,5700,9600,9500,22500,3600,2400,100,5700,7900,14000,13300,600,6700,4800,300
278.0,13.58,525800,7171712.0,13.59,13.58,13.57,13.56,13.55,13.54,13.53,13.52,13.51,13.5,13.62,13.63,13.65,13.66,13.67,13.68,13.69,13.7,13.71,13.72,1600,13800,26100,17400,28200,6400,5700,9600,9500,22500,3800,100,5700,7900,14000,13300,600,6700,4800,300
279.0,13.58,525800,7171712.0,13.59,13.58,13.57,13.56,13.55,13.54,13.53,13.52,13.51,13.5,13.6,13.62,13.63,13.65,13.66,13.67,13.68,13.69,13.7,13.71,1600,14800,26100,17400,28200,6400,5700,9600,9500,22500,1100,3800,100,5700,7900,14000,13300,600,6700,4800
280.0,13.59,526100,7175789.0,13.59,13.58,13.57,13.56,13.55,13.54,13.53,13.52,13.51,13.5,13.6,13.61,13.62,13.63,13.65,13.66,13.67,13.68,13.69,13.7,1300,14800,26100,17400,28200,9400,5700,9600,9500,22500,1100,100,3800,100,5700,7900,14000,13300,600,6700
281.0,13.58,527600,7196174.0,13.58,13.57,13.56,13.55,13.54,13.53,13.52,13.51,13.5,13.49,13.6,13.61,13.62,13.63,13.65,13.66,13.67,13.68,13.69,13.7,14700,26100,17400,28200,9400,5700,9600,9500,22500,3600,1000,100,3800,100,5700,7900,21300,13300,600,6700
282.0,13.6,528100,7202974.0,13.58,13.57,13.56,13.55,13.54,13.53,13.52,13.51,13.5,13.49,13.6,13.61,13.62,13.63,13.65,13.66,13.67,13.68,13.69,13.7,14700,26100,17400,28200,9400,5700,9600,9500,22500,3600,500,100,3800,100,5700,7900,21300,13300,600,6700
283.0,13.58,543800,7416180.0,13.57,13.56,13.55,13.54,13.53,13.52,13.51,13.5,13.49,13.48,13.58,13.59,13.6,13.61,13.62,13.63,13.65,13.66,13.67,13.68,26100,17400,28200,9400,5700,9600,9500,22500,3600,4300,1500,1700,500,100,3800,100,5700,7900,21300,13300
284.0,13.58,545800,7443340.0,13.57,13.56,13.55,13.54,13.53,13.52,13.51,13.5,13.49,13.48,13.58,13.59,13.6,13.61,13.62,13.63,13.65,13.66,13.67,13.68,26100,17400,28200,9400,5700,9600,9500,22500,3600,4300,3300,1800,500,100,3800,100,5700,7900,21300,13300
285.0,13.58,546100,7447414.0,13.57,13.56,13.55,13.54,13.53,13.52,13.51,13.5,13.49,13.48,13.58,13.59,13.6,13.61,13.62,13.63,13.65,13.66,13.67,13.68,26100,17400,28200,9400,5700,9600,9500,22500,3600,4300,3000,1800,700,100,3800,100,5700,7900,21300,13300
286.0,13.58,546200,7448772.0,13.57,13.56,13.55,13.54,13.53,13.52,13.51,13.5,13.49,13.48,13.58,13.59,13.6,13.61,13.62,13.63,13.65,13.66,13.67,13.68,26100,17400,28700,9400,5700,9600,9500,22500,3600,4300,2900,1800,700,100,3800,100,5700,7900,21300,13300
287.0,13.58,546200,7448772.0,13.57,13.56,13.55,13.54,13.53,13.52,13.51,13.5,13.49,13.48,13.58,13.59,13.6,13.61,13.62,13.63,13.65,13.66,13.67,13.68,26100,17400,29700,9400,5700,9600,9500,22500,3600,4300,2900,2800,700,100,3800,100,5700,7900,21300,13300
288.0,13.58,546400,7451488.0,13.57,13.56,13.55,13.54,13.53,13.52,13.51,13.5,13.49,13.48,13.58,13.59,13.6,13.61,13.62,13.63,13.65,13.66,13.67,13.68,26100,17400,30700,9400,5700,9600,9500,22500,3600,4300,2700,2800,700,100,3800,100,5700,7900,21300,13300
289.0,13.58,546900,7458278.0,13.57,13.56,13.55,13.54,13.53,13.52,13.51,13.5,13.49,13.48,13.58,13.59,13.6,13.61,13.62,13.63,13.65,13.66,13.67,13.68,26100,17400,30700,9400,5700,9600,9500,22500,3600,4300,2200,2800,700,100,3800,100,5700,7900,21300,13300
290.0,13.57,550800,7511201.0,13.57,13.56,13.55,13.54,13.53,13.52,13.51,13.5,13.49,13.48,13.58,13.59,13.6,13.61,13.62,13.63,13.65,13.66,13.67,13.68,22200,17400,30700,9400,5700,9600,9500,22500,3600,4300,2200,2800,700,100,3800,400,5700,7900,21300,13300
291.0,13.58,551400,7519349.0,13.57,13.56,13.55,13.54,13.53,13.52,13.51,13.5,13.49,13.48,13.58,13.59,13.6,13.61,13.62,13.63,13.65,13.66,13.67,13.68,22200,17400,30700,9400,5700,9600,9500,22500,3600,4300,1600,2800,700,100,3800,400,5700,7900,21300,13300
292.0,13.57,553200,7543791.0,13.57,13.56,13.55,13.54,13.53,13.52,13.51,13.5,13.49,13.48,13.58,13.59,13.6,13.61,13.62,13.63,13.65,13.66,13.67,13.68,22000,17400,30700,9400,5700,9600,9500,22500,3600,4300,100,2800,700,100,3800,400,5700,7900,21300,13300
293.0,13.57,553300,7545148.0,13.57,13.56,13.55,13.54,13.53,13.52,13.51,13.5,13.49,13.48,13.58,13.59,13.6,13.61,13.62,13.63,13.65,13.66,13.67,13.68,21900,17400,30700,9400,5700,9600,9500,22500,3600,4300,4100,2800,700,100,3800,400,5700,7900,21300,13300
294.0,13.58,557400,7600826.0,13.58,13.57,13.56,13.55,13.54,13.53,13.52,13.51,13.5,13.49,13.59,13.6,13.61,13.62,13.63,13.65,13.66,13.67,13.68,13.69,5900,21900,17400,30700,9400,5700,9600,9500,22500,3600,2800,700,100,3800,400,5700,7900,21300,13300,600
295.0,13.57,566400,7723019.0,13.57,13.56,13.55,13.54,13.53,13.52,13.51,13.5,13.49,13.48,13.59,13.6,13.61,13.62,13.63,13.65,13.66,13.67,13.68,13.69,20900,17400,30700,9400,5700,9600,9500,22500,3600,4300,2600,200,100,3800,400,5700,7900,21300,13300,600
296.0,13.57,570000,7771871.0,13.57,13.56,13.55,13.54,13.53,13.52,13.51,13.5,13.49,13.48,13.59,13.6,13.61,13.62,13.63,13.65,13.66,13.67,13.68,13.69,17600,17400,30700,9400,5700,9600,9500,22500,3600,4300,2600,200,100,3800,400,5700,7900,21300,13300,600
297.0,13.57,571400,7790870.0,13.57,13.56,13.55,13.54,13.53,13.52,13.51,13.5,13.49,13.48,13.59,13.6,13.61,13.62,13.63,13.65,13.66,13.67,13.68,13.69,16600,17400,30700,9400,5700,9600,9500,22500,3600,4300,2600,200,100,3800,400,5700,7900,21300,13300,600
298.0,13.57,572200,7801730.0,13.57,13.56,13.55,13.54,13.53,13.52,13.51,13.5,13.49,13.48,13.59,13.6,13.61,13.62,13.63,13.65,13.66,13.67,13.68,13.69,16000,17400,30700,9400,5700,9600,9500,22500,3600,4300,2400,200,100,3800,400,5700,7900,21300,13300,600
299.0,13.57,576000,7853300.0,13.57,13.56,13.55,13.54,13.53,13.52,13.51,13.5,13.49,13.48,13.59,13.6,13.61,13.62,13.63,13.65,13.66,13.67,13.68,13.69,12400,17400,30700,9400,5700,9600,9500,22500,3600,4300,2200,200,100,3800,400,5700,7900,21300,13300,600
300.0,13.57,576000,7853300.0,13.57,13.56,13.55,13.54,13.53,13.52,13.51,13.5,13.49,13.48,13.59,13.6,13.61,13.62,13.63,13.65,13.66,13.67,13.68,13.69,12400,19200,30700,9400,5700,9600,9500,22500,3600,4300,2200,200,100,3800,300,5700,7900,21300,13300,600
301.0,13.59,576400,7858736.0,13.57,13.56,13.55,13.54,13.53,13.52,13.51,13.5,13.49,13.48,13.59,13.6,13.61,13.62,13.63,13.65,13.66,13.67,13.68,13.69,12400,22000,30700,9400,5700,9600,9500,22500,3600,4300,1800,200,100,3800,300,5700,7900,21300,13300,600
302.0,13.59,576500,7860095.0,13.57,13.56,13.55,13.54,13.53,13.52,13.51,13.5,13.49,13.48,13.59,13.6,13.61,13.62,13.63,13.65,13.66,13.67,13.68,13.69,12400,22000,30700,9400,5700,9600,9500,22500,3600,4300,1700,200,100,3800,300,5700,7900,21300,9000,600
303.0,13.59,576500,7860095.0,13.57,13.56,13.55,13.54,13.53,13.52,13.51,13.5,13.49,13.48,13.58,13.59,13.6,13.61,13.62,13.63,13.65,13.66,13.67,13.68,13400,22000,30700,9400,5700,9600,9500,22500,3600,4300,2700,1700,200,100,3800,300,5700,7900,21300,6000
304.0,13.57,580100,7908947.0,13.57,13.56,13.55,13.54,13.53,13.52,13.51,13.5,13.49,13.48,13.58,13.59,13.6,13.61,13.62,13.63,13.65,13.66,13.67,13.68,9800,19000,30700,9400,5700,9600,9500,22500,3600,4300,2700,1700,200,100,3800,300,5700,7900,21300,6000
305.0,13.57,583400,7953730.0,13.57,13.56,13.55,13.54,13.53,13.52,13.51,13.5,13.49,13.48,13.58,13.59,13.6,13.61,13.62,13.63,13.65,13.66,13.67,13.69,6700,19100,30700,9400,5700,9600,9500,22500,3600,4300,2500,1700,200,100,3800,300,5700,7900,21300,600
306.0,13.57,590400,8048722.0,13.57,13.56,13.55,13.54,13.53,13.52,13.51,13.5,13.49,13.48,13.58,13.59,13.6,13.61,13.62,13.63,13.65,13.66,13.67,13.69,5100,19200,30700,9400,5700,9600,9500,22500,3600,4300,2300,1700,200,100,3800,300,5700,7900,21300,600
307.0,13.57,596200,8127446.0,13.57,13.56,13.55,13.54,13.53,13.52,13.51,13.5,13.49,13.48,13.58,13.59,13.6,13.61,13.62,13.63,13.65,13.66,13.67,13.69,10100,19700,30700,9400,5700,9600,9500,22500,3600,4300,500,1700,200,100,3800,300,5700,7900,21300,600
308.0,13.58,597800,8149159.0,13.57,13.56,13.55,13.54,13.53,13.52,13.51,13.5,13.49,13.48,13.58,13.59,13.6,13.61,13.62,13.63,13.65,13.66,13.67,13.69,8600,19700,30700,9400,5700,9600,9500,22500,3600,4300,400,1700,200,100,3800,300,5700,7900,21300,600
309.0,13.58,598800,8162733.0,13.58,13.57,13.56,13.55,13.54,13.53,13.52,13.51,13.5,13.49,13.59,13.6,13.61,13.62,13.63,13.65,13.66,13.67,13.69,13.7,5200,8000,19800,30700,9400,5700,9600,9500,23200,3600,1700,1200,100,3800,300,5700,7900,21300,600,6700
310.0,13.58,598800,8162733.0,13.58,13.57,13.56,13.55,13.54,13.53,13.52,13.51,13.5,13.49,13.59,13.6,13.61,13.62,13.63,13.65,13.66,13.67,13.69,13.7,5200,8000,19800,29500,9400,5700,9600,9500,23400,3600,1700,1200,100,3800,300,5700,7900,21300,600,6700
311.0,13.58,598800,8162733.0,13.58,13.57,13.56,13.55,13.54,13.53,13.52,13.51,13.5,13.49,13.59,13.6,13.61,13.62,13.63,13.65,13.66,13.67,13.69,13.7,5200,8000,19800,29500,9400,7500,9600,9500,23400,3600,1700,1200,100,3800,300,5700,7900,21300,600,6700
312.0,13.59,599200,8168169.0,13.58,13.57,13.56,13.55,13.54,13.53,13.52,13.51,13.5,13.49,13.59,13.6,13.61,13.62,13.63,13.65,13.66,13.67,13.69,13.7,5200,8000,21400,29500,9400,7500,9600,9500,23400,3600,1300,1200,100,3800,300,5700,7900,21300,600,6700
313.0,13.59,599400,8170887.0,13.58,13.57,13.56,13.55,13.54,13.53,13.52,13.51,13.5,13.49,13.59,13.6,13.61,13.62,13.63,13.65,13.66,13.67,13.69,13.7,7100,8000,21400,29500,9400,7500,9600,9500,23500,3600,1100,1200,100,3800,300,5700,7900,21300,600,6700
314.0,13.58,599600,8173604.0,13.58,13.57,13.56,13.55,13.54,13.53,13.52,13.51,13.5,13.49,13.59,13.6,13.61,13.62,13.63,13.65,13.66,13.67,13.69,13.7,7000,8100,22400,29500,9400,7500,9600,9500,23500,3600,1000,1200,100,3800,300,5700,7900,21300,600,6700
315.0,13.59,599700,8174963.0,13.58,13.57,13.56,13.55,13.54,13.53,13.52,13.51,13.5,13.49,13.59,13.6,13.61,13.62,13.63,13.65,13.66,13.67,13.69,13.7,7100,8100,22400,29500,9400,7500,9600,9500,23500,3600,900,1200,100,3800,300,5700,7900,21300,600,6700
316.0,13.59,599700,8174963.0,13.58,13.57,13.56,13.55,13.54,13.53,13.52,13.51,13.5,13.49,13.59,13.6,13.61,13.62,13.63,13.65,13.66,13.67,13.69,13.7,7100,8100,22400,29500,9400,7500,9600,9500,23500,3600,900,1200,100,3800,300,5700,7900,21300,600,6700
317.0,13.59,599700,8174963.0,13.58,13.57,13.56,13.55,13.54,13.53,13.52,13.51,13.5,13.49,13.59,13.6,13.61,13.62,13.63,13.65,13.66,13.67,13.69,13.7,7100,8100,22900,29500,9400,7500,9600,9500,23500,3600,900,1200,100,3800,300,5700,7900,21300,600,6700
318.0,13.59,599700,8174963.0,13.58,13.57,13.56,13.55,13.54,13.53,13.52,13.51,13.5,13.49,13.59,13.6,13.61,13.62,13.63,13.65,13.66,13.67,13.69,13.7,7100,8100,22900,29500,9400,7500,9600,9500,23500,3600,900,1200,100,3800,300,5700,7900,21300,600,6700
319.0,13.58,604300,8237431.0,13.58,13.57,13.56,13.55,13.54,13.53,13.52,13.51,13.5,13.49,13.59,13.6,13.61,13.62,13.63,13.65,13.66,13.67,13.69,13.7,2500,8100,22900,29500,9400,7500,9600,9500,23500,3600,1400,2200,100,3800,300,5700,7900,21300,600,6700
320.0,13.58,604600,8241505.0,13.58,13.57,13.56,13.55,13.54,13.53,13.52,13.51,13.5,13.49,13.59,13.6,13.61,13.62,13.63,13.65,13.66,13.67,13.69,13.7,4100,8100,23100,29500,9400,7500,9600,9500,23500,3600,1400,2200,100,3800,300,5700,7900,21300,600,6700
321.0,13.58,608800,8298542.0,13.58,13.57,13.56,13.55,13.54,13.53,13.52,13.51,13.5,13.49,13.59,13.6,13.61,13.62,13.63,13.65,13.66,13.67,13.69,13.7,300,8700,23100,29500,9400,7500,9600,9500,23500,3600,1300,2200,100,3800,300,5700,7900,21300,600,6700
322.0,13.57,610000,8314833.0,13.57,13.56,13.55,13.54,13.53,13.52,13.51,13.5,13.49,13.48,13.58,13.59,13.6,13.61,13.62,13.63,13.65,13.66,13.67,13.69,8000,23100,29500,9400,7500,9600,9500,23500,3600,4300,8800,1100,2200,100,3800,300,5700,7900,21300,600
323.0,13.57,610000,8314833.0,13.57,13.56,13.55,13.54,13.53,13.52,13.51,13.5,13.49,13.48,13.58,13.59,13.6,13.61,13.62,13.63,13.65,13.66,13.67,13.69,8300,23100,29500,9400,7500,9600,9500,24400,3600,4300,8800,1100,2200,100,3800,300,5700,7900,21300,600
324.0,13.57,611700,8337916.0,13.57,13.56,13.55,13.54,13.53,13.52,13.51,13.5,13.49,13.48,13.58,13.59,13.6,13.61,13.62,13.63,13.65,13.66,13.67,13.69,9000,23100,29500,9400,7500,9600,9500,24400,3600,4300,7400,1100,2200,100,3800,300,5700,7900,21300,600
325.0,13.58,612400,8347422.0,13.57,13.56,13.55,13.54,13.53,13.52,13.51,13.5,13.49,13.48,13.58,13.59,13.6,13.61,13.62,13.63,13.65,13.66,13.67,13.69,9000,23100,29500,9400,7500,9600,9500,24400,3600,4300,6700,1100,2200,100,3800,300,5700,7900,21300,600
326.0,13.57,618700,8432922.0,13.57,13.56,13.55,13.54,13.53,13.52,13.51,13.5,13.49,13.48,13.58,13.59,13.6,13.61,13.62,13.63,13.65,13.66,13.67,13.69,8600,23200,29500,9400,7500,9600,9500,24400,3600,4300,5800,1100,2200,100,3800,300,5700,7900,21300,600
327.0,13.57,621600,8472275.0,13.57,13.56,13.55,13.54,13.53,13.52,13.51,13.5,13.49,13.48,13.58,13.59,13.6,13.61,13.62,13.63,13.65,13.66,13.67,13.69,9200,23200,29500,9400,7500,9600,9500,24400,3600,4300,6300,1100,2200,100,3800,300,5700,7900,21300,600
328.0,13.58,622200,8480423.0,13.57,13.56,13.55,13.54,13.53,13.52,13.51,13.5,13.49,13.48,13.58,13.59,13.6,13.61,13.62,13.63,13.65,13.66,13.67,13.69,9200,23200,29500,9400,7500,9600,9500,24400,3600,4300,5700,1100,2200,100,3800,300,5700,7900,21300,600
329.0,13.58,622700,8487213.0,13.57,13.56,13.55,13.54,13.53,13.52,13.51,13.5,13.49,13.48,13.58,13.59,13.6,13.61,13.62,13.63,13.65,13.66,13.67,13.69,22300,23200,29500,9400,7500,9600,9500,24400,3600,4300,5200,1100,2200,100,3800,300,5700,7900,21300,600
330.0,13.57,623600,8499426.0,13.57,13.56,13.55,13.54,13.53,13.52,13.51,13.5,13.49,13.48,13.58,13.59,13.6,13.61,13.62,13.63,13.65,13.66,13.67,13.69,22900,28200,29500,9400,7500,9600,9500,24400,3600,4300,5200,1100,2200,100,3800,300,5700,7900,21300,600
331.0,13.57,625300,8522500.0,13.57,13.56,13.55,13.54,13.53,13.52,13.51,13.5,13.49,13.48,13.58,13.59,13.6,13.61,13.62,13.63,13.65,13.66,13.67,13.69,22200,28200,30600,9400,7500,9600,9500,24400,3600,4300,5600,1100,2200,100,4000,300,5700,7900,21300,600
332.0,13.57,626200,8534714.0,13.57,13.56,13.55,13.54,13.53,13.52,13.51,13.5,13.49,13.48,13.58,13.59,13.6,13.61,13.62,13.63,13.65,13.66,13.67,13.69,24700,29000,30600,9400,7500,9600,9500,24400,3600,4300,5600,1100,2200,100,4000,300,5700,7900,21300,600
333.0,13.57,627700,8555069.0,13.57,13.56,13.55,13.54,13.53,13.52,13.51,13.5,13.49,13.48,13.58,13.59,13.6,13.61,13.62,13.63,13.65,13.66,13.67,13.69,25700,29000,30600,9400,7500,9600,9500,24400,3600,4300,5600,1100,2200,100,4000,300,5700,7900,21300,600
334.0,13.57,629400,8578145.0,13.57,13.56,13.55,13.54,13.53,13.52,13.51,13.5,13.49,13.48,13.58,13.59,13.6,13.61,13.62,13.63,13.65,13.66,13.67,13.69,24700,29000,30600,9400,7500,9600,9500,24400,3600,4300,4900,1100,2200,100,4000,300,5700,7900,21300,600
335.0,13.57,630500,8593081.0,13.57,13.56,13.55,13.54,13.53,13.52,13.51,13.5,13.49,13.48,13.58,13.59,13.6,13.61,13.62,13.63,13.65,13.66,13.67,13.69,24900,29000,30600,9400,7500,9600,9500,26700,3600,4300,4000,1100,2200,100,4000,300,5700,7900,21300,600
336.0,13.6,637800,8692270.0,13.6,13.57,13.56,13.55,13.54,13.53,13.52,13.51,13.5,13.49,13.61,13.62,13.63,13.65,13.66,13.67,13.69,13.7,13.71,13.72,12700,24900,29000,30600,9400,7500,9600,9500,26700,3600,100,4000,300,5700,7900,21300,600,6700,4800,300
337.0,13.6,641800,8746670.0,13.6,13.58,13.57,13.56,13.55,13.54,13.53,13.52,13.51,13.5,13.61,13.62,13.63,13.65,13.66,13.67,13.69,13.7,13.71,13.72,8700,1900,22700,29000,31600,9400,7500,9600,9500,26700,100,4000,300,5700,7900,21300,600,6700,4800,300
338.0,13.6,643400,8768430.0,13.6,13.58,13.57,13.56,13.55,13.54,13.53,13.52,13.51,13.5,13.61,13.62,13.63,13.65,13.66,13.67,13.69,13.7,13.71,13.72,7100,3600,22700,29000,31600,9400,7500,9600,9500,26700,100,4000,300,5700,7900,21300,600,6700,4800,300
339.0,13.6,643400,8768430.0,13.6,13.59,13.58,13.57,13.56,13.55,13.54,13.53,13.52,13.51,13.61,13.62,13.63,13.65,13.66,13.67,13.69,13.7,13.71,13.72,7100,500,3600,23400,29000,31600,9400,7500,9600,9500,100,4000,300,5700,7900,21300,600,6700,4800,300
340.0,13.6,643500,8769790.0,13.6,13.59,13.58,13.57,13.56,13.55,13.54,13.53,13.52,13.51,13.61,13.62,13.63,13.65,13.66,13.67,13.69,13.7,13.71,13.72,7000,500,4100,23400,29000,31600,9400,7500,9600,9500,100,4000,300,5700,7900,21300,600,6700,4800,300
341.0,13.6,643700,8772510.0,13.6,13.59,13.58,13.57,13.56,13.55,13.54,13.53,13.52,13.51,13.61,13.62,13.63,13.65,13.66,13.67,13.69,13.7,13.71,13.72,6900,500,4100,23400,29000,31600,9400,7500,9600,9500,100,4000,300,5700,7900,21300,600,6700,4800,300
342.0,13.6,643700,8772510.0,13.6,13.59,13.58,13.57,13.56,13.55,13.54,13.53,13.52,13.51,13.61,13.62,13.63,13.65,13.66,13.67,13.69,13.7,13.71,13.72,6900,500,4100,23400,29000,31600,9400,7500,9600,9500,100,4000,300,5700,7900,21300,600,6700,4800,300
343.0,13.6,643700,8772510.0,13.6,13.59,13.58,13.57,13.56,13.55,13.54,13.53,13.52,13.51,13.61,13.62,13.63,13.65,13.66,13.67,13.69,13.7,13.71,13.72,6900,500,4100,23400,29000,31600,9400,7500,9600,9500,100,4000,300,5700,7900,21300,600,6700,4800,300
344.0,13.6,648300,8835070.0,13.6,13.59,13.58,13.57,13.56,13.55,13.54,13.53,13.52,13.51,13.61,13.62,13.63,13.65,13.66,13.67,13.69,13.7,13.71,13.72,2300,500,5100,23400,29000,31600,9400,7500,9600,9500,100,4000,300,5700,7900,21300,600,6700,4800,300
345.0,13.6,648300,8835070.0,13.6,13.59,13.58,13.57,13.56,13.55,13.54,13.53,13.52,13.51,13.61,13.62,13.63,13.65,13.66,13.67,13.69,13.7,13.71,13.72,2300,500,5100,23400,29000,31600,9400,7500,9600,9500,1600,4100,300,5700,7900,21300,600,6700,4800,300
346.0,13.6,648300,8835070.0,13.6,13.59,13.58,13.57,13.56,13.55,13.54,13.53,13.52,13.51,13.61,13.62,13.63,13.65,13.66,13.67,13.69,13.7,13.71,13.72,2900,500,5100,24400,29000,31600,9400,7500,9600,9500,1600,4100,300,5700,7900,21300,600,6700,4800,300
347.0,13.61,648700,8840514.0,13.6,13.59,13.58,13.57,13.56,13.55,13.54,13.53,13.52,13.51,13.61,13.62,13.63,13.65,13.66,13.67,13.69,13.7,13.71,13.72,2900,1500,5100,24400,29000,31600,9400,7500,9600,9500,1200,4100,300,5700,7900,21300,600,6700,4800,300
348.0,13.59,652200,8888108.0,13.59,13.58,13.57,13.56,13.55,13.54,13.53,13.52,13.51,13.5,13.6,13.61,13.62,13.63,13.65,13.66,13.67,13.69,13.7,13.71,1200,6400,24400,29000,31600,9400,7500,9600,9500,26400,2000,1200,4100,300,5700,7900,21300,600,6700,4800
349.0,13.59,652200,8888108.0,13.59,13.58,13.57,13.56,13.55,13.54,13.53,13.52,13.51,13.5,13.6,13.61,13.62,13.63,13.65,13.66,13.67,13.69,13.7,13.71,1200,7400,24400,29000,31600,9400,7500,9600,9500,26400,2000,1200,4100,300,5700,7900,21300,600,6700,4800
350.0,13.6,652400,8890828.0,13.59,13.58,13.57,13.56,13.55,13.54,13.53,13.52,13.51,13.5,13.6,13.61,13.62,13.63,13.65,13.66,13.67,13.69,13.7,13.71,1300,7400,24400,29300,31600,9400,7500,9600,9500,26400,1800,1200,4100,300,5700,7900,21300,600,6700,4800
351.0,13.6,652400,8890828.0,13.59,13.58,13.57,13.56,13.55,13.54,13.53,13.52,13.51,13.5,13.6,13.61,13.62,13.63,13.65,13.66,13.67,13.69,13.7,13.71,1300,7400,24400,29300,31600,9400,7500,9600,9500,26500,1800,1200,4100,300,5700,7900,20300,600,6700,4800
352.0,13.6,652500,8892188.0,13.59,13.58,13.57,13.56,13.55,13.54,13.53,13.52,13.51,13.5,13.6,13.61,13.62,13.63,13.65,13.66,13.67,13.69,13.7,13.71,1300,7400,24400,29300,31600,9400,7500,9600,9500,26500,1700,2200,4100,300,5700,7900,20300,600,6700,4800
353.0,13.58,660300,8998127.0,13.58,13.57,13.56,13.55,13.54,13.53,13.52,13.51,13.5,13.49,13.59,13.6,13.61,13.62,13.63,13.65,13.66,13.67,13.69,13.7,1000,24400,29300,31600,9400,7500,9600,9500,26500,3600,1100,1600,2200,4100,300,5700,7900,20300,600,6700
354.0,13.58,660300,8998127.0,13.58,13.57,13.56,13.55,13.54,13.53,13.52,13.51,13.5,13.49,13.59,13.6,13.61,13.62,13.63,13.65,13.66,13.67,13.69,13.7,1000,24400,29300,31600,9400,7500,9600,9500,26500,3600,1100,1600,2200,4100,300,5700,7900,20300,600,6700
355.0,13.58,660300,8998127.0,13.58,13.57,13.56,13.55,13.54,13.53,13.52,13.51,13.5,13.49,13.59,13.6,13.61,13.62,13.63,13.65,13.66,13.67,13.69,13.7,1000,24800,29300,31900,9400,7500,9600,9500,26500,3600,1100,1600,2200,4100,300,5700,7900,20300,600,6700
356.0,13.59,660500,9000845.0,13.58,13.57,13.56,13.55,13.54,13.53,13.52,13.51,13.5,13.49,13.59,13.6,13.61,13.62,13.65,13.66,13.67,13.69,13.7,13.71,1000,25000,29300,31900,9400,7500,9600,9500,26500,3600,900,1600,2200,4100,5700,7900,20300,600,6700,4800
357.0,13.59,660700,9003563.0,13.58,13.57,13.56,13.55,13.54,13.53,13.52,13.51,13.5,13.49,13.59,13.6,13.61,13.62,13.65,13.66,13.67,13.69,13.7,13.71,1000,25000,29300,31900,9400,7500,9600,9500,26500,3600,700,1600,2200,4100,5700,7900,20300,600,6700,4800
358.0,13.57,663800,9045642.0,13.57,13.56,13.55,13.54,13.53,13.52,13.51,13.5,13.49,13.48,13.59,13.6,13.61,13.62,13.65,13.66,13.67,13.69,13.7,13.71,23000,29300,31900,9400,7500,9600,9500,26500,3600,4300,2500,1600,2200,4100,5700,7900,20300,600,6700,4800
359.0,13.59,664400,9053796.0,13.57,13.56,13.55,13.54,13.53,13.52,13.51,13.5,13.49,13.48,13.59,13.6,13.61,13.62,13.65,13.66,13.67,13.69,13.7,13.71,23000,29300,31900,9400,7500,9600,9500,26500,3600,4300,2000,1600,2200,4100,5700,7900,20300,600,6700,4800
360.0,13.59,664600,9056514.0,13.57,13.56,13.55,13.54,13.53,13.52,13.51,13.5,13.49,13.48,13.59,13.6,13.61,13.62,13.65,13.66,13.67,13.69,13.7,13.71,23000,29300,31900,9400,7500,9600,9500,26500,3600,4300,1800,1600,2200,4100,5700,7900,20300,600,6700,4800
361.0,13.59,664600,9056514.0,13.57,13.56,13.55,13.54,13.53,13.52,13.51,13.5,13.49,13.48,13.58,13.59,13.6,13.61,13.62,13.65,13.66,13.67,13.69,13.7,23000,29300,32200,9400,7500,9600,9500,26500,3600,4300,800,2300,1600,2200,4100,5700,7900,20300,600,6700
362.0,13.59,666000,9075528.0,13.57,13.56,13.55,13.54,13.53,13.52,13.51,13.5,13.49,13.48,13.59,13.6,13.61,13.62,13.65,13.66,13.67,13.69,13.7,13.71,22800,30300,32200,9400,7500,9600,9500,26500,3600,4300,1900,1600,2200,3900,5700,7900,20300,600,6700,4800
363.0,13.57,666700,9085030.0,13.57,13.56,13.55,13.54,13.53,13.52,13.51,13.5,13.49,13.48,13.59,13.6,13.61,13.62,13.65,13.66,13.67,13.69,13.7,13.71,22300,30300,32200,9400,7500,41100,9500,26500,3600,4300,1800,1600,2200,3900,5700,7900,20300,600,6700,4800
364.0,13.57,667600,9097243.0,13.57,13.56,13.55,13.54,13.53,13.52,13.51,13.5,13.49,13.48,13.59,13.6,13.61,13.62,13.65,13.66,13.67,13.69,13.7,13.71,21400,30300,32200,9400,7500,41100,9500,26500,3600,4300,1300,3900,2200,3900,5700,7900,20300,600,6700,4800
365.0,13.57,667600,9097243.0,13.58,13.57,13.56,13.55,13.54,13.53,13.52,13.51,13.5,13.49,13.59,13.6,13.61,13.62,13.65,13.66,13.67,13.69,13.7,13.71,300,21400,30500,32900,9400,7500,41100,9500,26500,3600,1300,3900,2200,3900,5700,7900,20300,600,6700,4800
366.0,13.58,667900,9101318.0,13.58,13.57,13.56,13.55,13.54,13.53,13.52,13.51,13.5,13.49,13.59,13.6,13.61,13.62,13.65,13.66,13.67,13.69,13.7,13.71,100,21400,30300,32900,9400,7500,41100,9500,26700,3600,1200,3900,2200,3900,5700,7900,20300,600,6700,4800
367.0,13.57,670700,9139317.0,13.57,13.56,13.55,13.54,13.53,13.52,13.51,13.5,13.49,13.48,13.59,13.6,13.61,13.62,13.65,13.66,13.67,13.69,13.7,13.71,18800,30300,32900,9400,7500,41100,9500,26700,3600,4300,1100,3900,2200,3900,5700,7900,20300,600,6700,4800
368.0,13.57,679000,9251948.0,13.57,13.56,13.55,13.54,13.53,13.52,13.51,13.5,13.49,13.48,13.59,13.6,13.61,13.62,13.65,13.66,13.67,13.69,13.7,13.71,12600,30300,32900,9400,7500,41100,9500,26700,3600,4300,1100,3900,2200,3900,5700,7900,20300,600,6700,4800
369.0,13.57,682100,9294020.0,13.57,13.56,13.55,13.54,13.53,13.52,13.51,13.5,13.49,13.48,13.58,13.59,13.6,13.61,13.62,13.65,13.66,13.67,13.69,13.7,10000,30300,32900,9400,7500,41100,9500,26700,3600,4300,200,1100,4500,2200,3900,5700,7900,20300,600,6700
370.0,13.57,683300,9310304.0,13.57,13.56,13.55,13.54,13.53,13.52,13.51,13.5,13.49,13.48,13.58,13.59,13.6,13.61,13.62,13.65,13.66,13.67,13.69,13.7,10500,30300,32900,9400,7500,41100,9500,26700,3600,4300,200,1100,4500,2200,3900,5700,7900,20300,600,6700
371.0,13.57,684500,9326588.0,13.57,13.56,13.55,13.54,13.53,13.52,13.51,13.5,13.49,13.48,13.58,13.59,13.6,13.61,13.62,13.65,13.66,13.67,13.69,13.7,9300,30300,32900,9400,7500,41100,9500,26700,3600,4300,200,1100,4500,2200,3900,5700,7900,20300,600,6700
372.0,13.57,684600,9327945.0,13.57,13.56,13.55,13.54,13.53,13.52,13.51,13.5,13.49,13.48,13.58,13.59,13.6,13.61,13.62,13.65,13.66,13.67,13.69,13.7,9200,30300,32900,9400,7500,41100,9500,26700,3600,4300,200,1100,4500,2200,3900,5700,7900,20300,600,6700
373.0,13.57,685100,9334730.0,13.57,13.56,13.55,13.54,13.53,13.52,13.51,13.5,13.49,13.48,13.58,13.59,13.6,13.61,13.62,13.65,13.66,13.67,13.69,13.7,9200,30300,32900,9400,7500,41100,9500,26700,3600,4300,200,1100,4500,2200,3900,5700,7900,20300,600,6700
374.0,13.57,685400,9338801.0,13.57,13.56,13.55,13.54,13.53,13.52,13.51,13.5,13.49,13.48,13.58,13.59,13.6,13.61,13.62,13.65,13.66,13.67,13.69,13.7,8900,30300,32900,9400,7500,41100,9500,26700,3600,4300,800,1100,4500,2200,3900,5700,7900,20300,600,6700
375.0,13.57,685400,9338801.0,13.57,13.56,13.55,13.54,13.53,13.52,13.51,13.5,13.49,13.48,13.58,13.59,13.6,13.61,13.62,13.65,13.66,13.67,13.69,13.7,8900,30300,32900,9400,7500,41100,9500,26700,3600,4300,600,1100,4500,2200,3900,5700,7900,20300,600,6700
376.0,13.57,689500,9394438.0,13.57,13.56,13.55,13.54,13.53,13.52,13.51,13.5,13.49,13.48,13.58,13.59,13.6,13.61,13.62,13.65,13.66,13.67,13.69,13.7,4800,35600,33000,9400,7500,41100,9500,26700,3600,4300,600,1100,4500,2200,3900,5700,7900,20300,600,6700
377.0,13.56,702600,9572122.0,13.56,13.55,13.54,13.53,13.52,13.51,13.5,13.49,13.48,13.47,13.58,13.59,13.6,13.61,13.62,13.65,13.66,13.67,13.69,13.7,28800,33000,9400,7500,41100,9500,26700,3600,4300,500,600,1100,4500,2200,3900,5700,7900,20300,600,6700
378.0,13.56,714500,9733493.0,13.56,13.55,13.54,13.53,13.52,13.51,13.5,13.49,13.48,13.47,13.58,13.59,13.6,13.61,13.62,13.65,13.66,13.67,13.69,13.7,17500,33000,9400,7500,41100,9500,26700,3600,4300,500,500,1100,4500,2200,3800,5700,7900,20300,600,6700
379.0,13.56,714800,9737561.0,13.56,13.55,13.54,13.53,13.52,13.51,13.5,13.49,13.48,13.47,13.58,13.59,13.6,13.61,13.62,13.65,13.66,13.67,13.69,13.7,17200,33000,9400,7500,41100,9500,26700,3600,4300,500,500,1100,4500,2200,3800,5700,7900,20300,600,6700
380.0,13.55,736000,10024993.0,13.55,13.54,13.53,13.52,13.51,13.5,13.49,13.48,13.47,13.46,13.58,13.59,13.6,13.61,13.62,13.65,13.66,13.67,13.69,13.7,29000,9400,7500,41100,9500,26700,3600,4300,500,100,500,1100,4500,2200,3800,5700,7900,20300,600,6700
381.0,13.57,737200,10041261.0,13.57,13.55,13.54,13.53,13.52,13.51,13.5,13.49,13.48,13.47,13.58,13.59,13.6,13.61,13.62,13.65,13.66,13.67,13.69,13.7,100,29100,9400,7500,41100,9500,26400,3600,4300,500,1200,1100,4500,2200,3800,5700,7900,20300,600,6700
382.0,13.57,737400,10043976.0,13.55,13.54,13.53,13.52,13.51,13.5,13.49,13.48,13.47,13.46,13.56,13.57,13.58,13.59,13.6,13.61,13.62,13.65,13.66,13.67,29100,9400,7500,41100,9500,26400,3600,4300,500,100,2000,1000,1100,1100,4500,2200,3800,5700,7900,20300
383.0,13.55,750500,10221481.0,13.55,13.54,13.53,13.52,13.51,13.5,13.49,13.48,13.47,13.46,13.56,13.57,13.58,13.59,13.6,13.61,13.62,13.65,13.66,13.67,16000,9400,7500,41100,9500,26200,3600,4300,500,100,2600,1000,1700,1100,4500,2200,3800,5700,7900,20300
384.0,13.56,750700,10224193.0,13.55,13.54,13.53,13.52,13.51,13.5,13.49,13.48,13.47,13.46,13.56,13.57,13.58,13.59,13.6,13.61,13.62,13.65,13.66,13.67,16100,9400,7500,41100,9500,26200,3600,4300,500,100,5400,1000,1700,1100,4500,1200,3800,5700,7900,20300
385.0,13.55,750900,10226903.0,13.55,13.54,13.53,13.52,13.51,13.5,13.49,13.48,13.47,13.46,13.56,13.57,13.58,13.59,13.6,13.61,13.62,13.65,13.66,13.67,15900,9400,7500,41100,9500,26200,3600,4300,500,100,5400,1000,1700,1100,4500,1200,3800,5700,7900,20300
386.0,13.55,751600,10236388.0,13.55,13.54,13.53,13.52,13.51,13.5,13.49,13.48,13.47,13.46,13.56,13.57,13.58,13.59,13.6,13.61,13.62,13.65,13.66,13.67,15200,9700,7500,41100,9500,26200,3600,4300,500,100,5400,1000,1700,1100,4500,1200,3800,5700,7900,20300
387.0,13.55,751700,10237743.0,13.55,13.54,13.53,13.52,13.51,13.5,13.49,13.48,13.47,13.46,13.56,13.57,13.58,13.59,13.6,13.61,13.62,13.65,13.66,13.67,15100,9700,7500,41100,9500,26200,3600,4300,500,100,5400,1000,1700,1100,2900,1200,3800,5700,7900,20300
388.0,13.55,752900,10254003.0,13.55,13.54,13.53,13.52,13.51,13.5,13.49,13.48,13.47,13.46,13.56,13.57,13.58,13.59,13.6,13.61,13.62,13.65,13.66,13.67,14200,11000,7500,41100,9500,26200,3600,4300,500,100,5400,1000,1700,1100,2900,1200,3800,5700,7900,20300
389.0,13.55,753100,10256713.0,13.55,13.54,13.53,13.52,13.51,13.5,13.49,13.48,13.47,13.46,13.56,13.57,13.58,13.59,13.6,13.61,13.62,13.65,13.66,13.67,14000,11000,7500,41100,9500,26200,3600,4300,500,100,5400,1000,1700,1100,2900,1200,3800,5700,7900,20300
390.0,13.56,753600,10263493.0,13.55,13.54,13.53,13.52,13.51,13.5,13.49,13.48,13.47,13.46,13.56,13.57,13.58,13.59,13.6,13.61,13.62,13.65,13.66,13.67,14000,7100,7500,41100,9500,26200,3600,4300,500,100,4900,1000,1700,1100,2900,1200,3800,5700,7900,20300
391.0,13.55,754800,10279757.0,13.55,13.54,13.53,13.52,13.51,13.5,13.49,13.48,13.47,13.46,13.56,13.57,13.58,13.59,13.6,13.61,13.62,13.65,13.66,13.67,14000,7100,7500,41600,9500,26200,3600,4300,500,100,4500,1000,1700,1100,2900,1200,3800,5700,7900,20300
392.0,13.55,754800,10279757.0,13.55,13.54,13.53,13.52,13.51,13.5,13.49,13.48,13.47,13.46,13.56,13.57,13.58,13.59,13.6,13.61,13.62,13.65,13.66,13.67,14000,7100,7500,41600,9500,26200,3600,4300,500,100,4500,1000,1700,1100,2900,1200,3800,5700,7900,20300
393.0,13.55,756700,10305511.0,13.55,13.54,13.53,13.52,13.51,13.5,13.49,13.48,13.47,13.46,13.56,13.57,13.58,13.59,13.6,13.61,13.62,13.65,13.66,13.67,13500,7100,7500,41600,9500,26200,3600,4300,500,100,7900,1000,1700,1100,2900,1200,3800,5700,7900,20300
394.0,13.55,761100,10365138.0,13.55,13.54,13.53,13.52,13.51,13.5,13.49,13.48,13.47,13.46,13.56,13.57,13.58,13.59,13.6,13.61,13.62,13.65,13.66,13.67,9800,7100,10200,41600,9500,26200,3600,4300,500,100,7200,1000,1700,1100,2900,1200,3800,5700,7900,20300
395.0,13.55,761200,10366493.0,13.55,13.54,13.53,13.52,13.51,13.5,13.49,13.48,13.47,13.46,13.56,13.57,13.58,13.59,13.6,13.61,13.62,13.65,13.66,13.67,10000,7100,10200,41600,9500,26700,3600,4300,500,100,7900,1000,1700,1100,2900,1200,3800,5700,7900,20300
396.0,13.55,761600,10371913.0,13.55,13.54,13.53,13.52,13.51,13.5,13.49,13.48,13.47,13.46,13.56,13.57,13.58,13.59,13.6,13.61,13.62,13.65,13.66,13.67,9600,7100,10200,41600,9500,26700,3600,4300,500,100,7900,1000,1700,1100,2900,1200,3800,5700,7900,20300
397.0,13.55,765600,10426113.0,13.55,13.54,13.53,13.52,13.51,13.5,13.49,13.48,13.47,13.46,13.56,13.57,13.58,13.59,13.6,13.61,13.62,13.65,13.66,13.67,5600,10300,10200,41600,9500,29500,3600,4300,500,100,7900,1000,1700,1100,2900,1200,3800,5700,7900,20300
398.0,13.55,767300,10449162.0,13.55,13.54,13.53,13.52,13.51,13.5,13.49,13.48,13.47,13.46,13.56,13.57,13.58,13.59,13.6,13.61,13.62,13.65,13.66,13.67,5300,10300,10200,41600,9500,29500,3600,4300,500,100,6500,1000,1700,1100,2900,1200,3800,5700,7900,20300
399.0,13.55,770800,10496593.0,13.55,13.54,13.53,13.52,13.51,13.5,13.49,13.48,13.47,13.46,13.56,13.57,13.58,13.59,13.6,13.61,13.62,13.65,13.66,13.67,2400,11700,10200,41600,9500,29500,3600,4300,500,100,5900,1000,1700,1100,2900,1200,3800,5700,7900,20300
400.0,13.55,771300,10503368.0,13.55,13.54,13.53,13.52,13.51,13.5,13.49,13.48,13.47,13.46,13.56,13.57,13.58,13.59,13.6,13.61,13.62,13.65,13.66,13.67,2900,21700,10200,41600,9500,29500,3600,4300,500,100,5900,1000,1700,1100,2900,1200,3800,5700,7900,20300
