LocalTime,LastPrice,TradeVolume,TradeValue,BidPrice1,BidPrice2,BidPrice3,BidPrice4,BidPrice5,BidPrice6,BidPrice7,BidPrice8,BidPrice9,BidPriceA,AskPrice1,AskPrice2,AskPrice3,AskPrice4,AskPrice5,AskPrice6,AskPrice7,AskPrice8,AskPrice9,AskPriceA,BidVolume1,BidVolume2,BidVolume3,BidVolume4,BidVolume5,BidVolume6,BidVolume7,BidVolume8,BidVolume9,BidVolumeA,AskVolume1,AskVolume2,AskVolume3,AskVolume4,AskVolume5,AskVolume6,AskVolume7,AskVolume8,AskVolume9,AskVolumeA
0.0,5.64,1700,9588.0,5.62,5.61,5.6,5.58,5.57,5.56,5.55,5.54,5.53,5.52,5.64,5.65,5.66,5.67,5.68,5.69,5.7,5.71,5.72,5.73,10000,4100,15500,5000,5200,9300,5000,3000,13000,7900,48800,32200,2000,5000,28100,15000,33700,4500,25500,13500
1.0,5.64,1700,9588.0,5.62,5.61,5.6,5.58,5.57,5.56,5.55,5.54,5.53,5.52,5.63,5.64,5.65,5.66,5.67,5.68,5.69,5.7,5.71,5.72,10000,4100,15500,29600,5200,9300,5000,3000,13000,7900,300,48800,32200,2000,10000,28100,76400,33700,4500,35500
2.0,5.64,1700,9588.0,5.61,5.6,5.58,5.57,5.56,5.55,5.54,5.53,5.52,5.51,5.63,5.64,5.65,5.66,5.67,5.68,5.69,5.7,5.71,5.72,4100,15500,26600,5200,9300,5000,3000,13000,7900,3000,300,48800,33200,2000,10000,28900,79400,39700,4500,35500
3.0,5.64,1700,9588.0,5.61,5.6,5.58,5.57,5.56,5.55,5.54,5.53,5.52,5.51,5.63,5.64,5.65,5.66,5.67,5.68,5.69,5.7,5.71,5.72,4100,15500,31600,5200,9300,5000,3000,13000,7900,3000,300,49300,33200,2000,12900,28900,79400,39700,4500,35500
4.0,5.64,1700,9588.0,5.61,5.6,5.58,5.57,5.56,5.55,5.54,5.53,5.52,5.51,5.63,5.64,5.65,5.66,5.67,5.68,5.69,5.7,5.71,5.72,9100,15500,32600,5200,9300,5000,3000,13000,7900,3000,300,57100,33200,2000,62900,81300,79400,40700,3000,37500
5.0,5.61,3100,17442.0,5.61,5.6,5.58,5.57,5.56,5.55,5.54,5.53,5.52,5.51,5.62,5.63,5.64,5.65,5.66,5.67,5.68,5.69,5.7,5.71,7700,15500,34600,8500,9300,5000,3000,13000,7900,3000,400,7000,58400,34200,2000,82900,81300,79400,40700,3000
6.0,5.61,3100,17442.0,5.61,5.6,5.58,5.57,5.56,5.55,5.54,5.53,5.52,5.51,5.62,5.63,5.64,5.65,5.66,5.67,5.68,5.69,5.7,5.71,7700,15500,34600,8500,9300,5000,3000,13000,7900,3000,1200,7000,58400,35100,2000,82900,81300,79500,41700,3000
7.0,5.63,13100,73730.0,5.61,5.6,5.58,5.57,5.56,5.55,5.54,5.53,5.52,5.51,5.62,5.63,5.64,5.65,5.66,5.67,5.68,5.69,5.7,5.71,8700,15500,47600,8500,9300,9000,3000,13000,7900,3000,2500,2100,61800,35100,2000,82900,81300,79500,41700,3000
8.0,5.63,13100,73730.0,5.61,5.6,5.59,5.58,5.57,5.56,5.55,5.54,5.53,5.52,5.62,5.63,5.64,5.65,5.66,5.67,5.68,5.69,5.7,5.71,10800,15500,3600,49600,8500,9300,9000,3000,23000,7900,2500,2100,63900,35100,2600,83400,81300,79500,43700,3000
9.0,5.63,13100,73730.0,5.61,5.6,5.59,5.58,5.57,5.56,5.55,5.54,5.53,5.52,5.62,5.63,5.64,5.65,5.66,5.67,5.68,5.69,5.7,5.71,10800,20500,3600,49600,8500,9300,9000,3000,33000,7900,6100,2100,63900,35100,2600,83400,81300,79500,43700,3500
10.0,5.63,13100,73730.0,5.61,5.6,5.59,5.58,5.57,5.56,5.55,5.54,5.53,5.52,5.62,5.63,5.64,5.65,5.66,5.67,5.68,5.69,5.7,5.71,9900,20500,3600,49600,8500,9300,9000,3000,33000,7900,6100,2100,63900,35100,2600,83400,81300,79500,43700,3500
11.0,5.61,15300,86080.0,5.61,5.6,5.59,5.58,5.57,5.56,5.55,5.54,5.53,5.52,5.62,5.63,5.64,5.65,5.66,5.67,5.68,5.69,5.7,5.71,8400,20500,3600,49600,9500,9300,9000,3000,33000,7900,5300,2100,63900,35100,2600,83400,81300,79500,43700,3500
12.0,5.61,15600,87763.0,5.61,5.6,5.59,5.58,5.57,5.56,5.55,5.54,5.53,5.52,5.62,5.63,5.64,5.65,5.66,5.67,5.68,5.69,5.7,5.71,8700,21500,3900,49600,9500,9300,9000,3000,35000,7900,3900,2100,63900,45100,2600,83400,81300,79500,51100,3500
13.0,5.62,20500,115258.0,5.61,5.6,5.59,5.58,5.57,5.56,5.55,5.54,5.53,5.52,5.62,5.63,5.64,5.65,5.66,5.67,5.68,5.69,5.7,5.71,4600,21500,3900,49600,9500,9300,9000,3000,35000,7900,3300,2100,63800,45100,2600,83400,81300,79500,55100,3500
14.0,5.61,23200,130407.0,5.61,5.6,5.59,5.58,5.57,5.56,5.55,5.54,5.53,5.52,5.62,5.63,5.64,5.65,5.66,5.67,5.68,5.69,5.7,5.71,2500,16500,3900,49600,9500,9300,9000,3000,35000,7900,3100,2100,63800,45100,2600,83400,81300,79500,55100,3500
15.0,5.62,23400,131530.0,5.61,5.6,5.59,5.58,5.57,5.56,5.55,5.54,5.53,5.52,5.62,5.63,5.64,5.65,5.66,5.67,5.68,5.69,5.7,5.71,2400,16500,3900,49600,9500,9300,9000,3000,35000,7900,3000,2100,63800,45100,2600,83400,81300,79500,55100,3500
16.0,5.61,23500,132091.0,5.61,5.6,5.59,5.58,5.57,5.56,5.55,5.54,5.53,5.52,5.62,5.63,5.64,5.65,5.66,5.67,5.68,5.69,5.7,5.71,2400,16600,3900,49600,9500,9300,9000,3000,35000,7900,3000,2100,63800,45100,2600,83400,81300,79500,55100,3500
17.0,5.61,24100,135457.0,5.61,5.6,5.59,5.58,5.57,5.56,5.55,5.54,5.53,5.52,5.62,5.63,5.64,5.65,5.66,5.67,5.68,5.69,5.7,5.71,1800,16600,3900,49600,9500,9300,9000,3000,35000,7900,3000,2100,63800,45100,2600,83400,81300,79500,55100,3500
18.0,5.61,25900,145555.0,5.6,5.59,5.58,5.57,5.56,5.55,5.54,5.53,5.52,5.51,5.61,5.62,5.63,5.64,5.65,5.66,5.67,5.68,5.69,5.7,16600,3900,49600,9500,9300,9000,3000,35000,7900,5000,1100,3000,2100,63800,45100,2600,83400,81300,79500,55100
19.0,5.61,26400,148360.0,5.6,5.59,5.58,5.57,5.56,5.55,5.54,5.53,5.52,5.51,5.61,5.62,5.63,5.64,5.65,5.66,5.67,5.68,5.69,5.7,16600,4700,49600,9500,9300,9000,3000,35000,7900,5000,600,3000,2200,63800,45100,2600,83400,81300,79500,55100
20.0,5.61,26400,148360.0,5.6,5.59,5.58,5.57,5.56,5.55,5.54,5.53,5.52,5.51,5.61,5.62,5.63,5.64,5.65,5.66,5.67,5.68,5.69,5.7,16600,4700,49600,9500,9300,9000,3000,35000,7900,5000,600,3000,2200,63800,45100,2600,83400,81300,79500,55100
21.0,5.61,26400,148360.0,5.6,5.59,5.58,5.57,5.56,5.55,5.54,5.53,5.52,5.51,5.61,5.62,5.63,5.64,5.65,5.66,5.67,5.68,5.69,5.7,16600,4700,49600,9500,9300,9000,3000,35000,7900,5000,600,3000,2200,63800,45100,2600,83400,81300,79500,55100
22.0,5.61,26400,148360.0,5.6,5.59,5.58,5.57,5.56,5.55,5.54,5.53,5.52,5.51,5.61,5.62,5.63,5.64,5.65,5.66,5.67,5.68,5.69,5.7,16600,4700,49600,9500,9300,9000,52700,84200,58500,54500,600,3000,2200,63800,45100,2600,83400,81300,79500,55100
23.0,5.61,26400,148360.0,5.6,5.59,5.58,5.57,5.56,5.55,5.54,5.53,5.52,5.51,5.61,5.62,5.63,5.64,5.65,5.66,5.67,5.68,5.69,5.7,16600,4700,49600,9500,9300,58300,52700,84200,58500,54500,600,3000,2200,63800,45100,2600,83400,81300,79500,55100
24.0,5.61,26400,148360.0,5.6,5.59,5.58,5.57,5.56,5.55,5.54,5.53,5.52,5.51,5.61,5.62,5.63,5.64,5.65,5.66,5.67,5.68,5.69,5.7,16600,4500,49600,9500,9300,58300,52700,84200,58500,54500,5800,3000,2200,63800,45100,2600,83400,81300,79500,55100
25.0,5.61,26400,148360.0,5.6,5.59,5.58,5.57,5.56,5.55,5.54,5.53,5.52,5.51,5.61,5.62,5.63,5.64,5.65,5.66,5.67,5.68,5.69,5.7,17300,4500,49600,9500,9300,58300,52700,84200,58500,54500,5800,3000,2200,62500,45100,2600,83400,81300,79500,55100
26.0,5.61,26400,148360.0,5.6,5.59,5.58,5.57,5.56,5.55,5.54,5.53,5.52,5.51,5.61,5.62,5.63,5.64,5.65,5.66,5.67,5.68,5.69,5.7,17300,4500,49600,9500,9300,58300,52700,84200,58500,54500,5800,3000,2200,62500,45100,2600,83400,81300,79500,55100
27.0,5.61,26400,148360.0,5.6,5.59,5.58,5.57,5.56,5.55,5.54,5.53,5.52,5.51,5.61,5.62,5.63,5.64,5.65,5.66,5.67,5.68,5.69,5.7,17300,4500,49600,9500,9300,61900,52700,84200,58500,54500,5800,3000,2200,62500,45100,2600,83400,81300,79500,55100
28.0,5.6,28700,161260.0,5.6,5.59,5.58,5.57,5.56,5.55,5.54,5.53,5.52,5.51,5.61,5.62,5.63,5.64,5.65,5.66,5.67,5.68,5.69,5.7,17000,4500,49600,9500,9300,61900,52700,84200,58500,54500,3800,3000,2200,62500,45100,2600,83400,81300,79500,55100
29.0,5.6,29200,164060.0,5.6,5.59,5.58,5.57,5.56,5.55,5.54,5.53,5.52,5.51,5.61,5.62,5.63,5.64,5.65,5.66,5.67,5.68,5.69,5.7,16500,4500,49600,9500,9300,61900,52700,84200,58500,54500,11600,3000,2200,62500,45000,2600,83400,81300,79500,55100
30.0,5.6,29200,164060.0,5.6,5.59,5.58,5.57,5.56,5.55,5.54,5.53,5.52,5.51,5.61,5.62,5.63,5.64,5.65,5.66,5.67,5.68,5.69,5.7,16500,4500,49600,9500,9300,61900,52700,84200,58500,54500,11600,3000,2200,62500,45000,2600,83400,81300,79500,55100
31.0,5.6,29200,164060.0,5.6,5.59,5.58,5.57,5.56,5.55,5.54,5.53,5.52,5.51,5.61,5.62,5.63,5.64,5.65,5.66,5.67,5.68,5.69,5.7,16500,4500,49600,9500,9300,62200,52700,84200,58500,54500,11600,3000,5500,62500,45000,2600,83400,81300,79500,55100
32.0,5.6,35000,196563.0,5.6,5.59,5.58,5.57,5.56,5.55,5.54,5.53,5.52,5.51,5.61,5.62,5.63,5.64,5.65,5.66,5.67,5.68,5.69,5.7,13000,4500,49600,9500,9300,62200,52700,84200,58500,54500,9300,3000,5500,62500,45000,2600,83400,81300,79500,55100
33.0,5.6,35000,196563.0,5.6,5.59,5.58,5.57,5.56,5.55,5.54,5.53,5.52,5.51,5.61,5.62,5.63,5.64,5.65,5.66,5.67,5.68,5.69,5.7,13000,4500,49600,9500,9300,62200,52700,84200,58500,54500,9300,3000,5500,62500,45000,2600,83400,81300,79500,55100
34.0,5.6,35000,196563.0,5.6,5.59,5.58,5.57,5.56,5.55,5.54,5.53,5.52,5.51,5.61,5.62,5.63,5.64,5.65,5.66,5.67,5.68,5.69,5.7,13000,4500,49600,9500,9300,62200,52700,84200,58500,54500,1500,3000,5500,62500,45000,2600,83400,81300,79500,55100
35.0,5.6,36400,204403.0,5.6,5.59,5.58,5.57,5.56,5.55,5.54,5.53,5.52,5.51,5.61,5.62,5.63,5.64,5.65,5.66,5.67,5.68,5.69,5.7,11600,4500,49600,9500,9300,62200,52700,84200,58500,54500,1500,3000,5500,62500,45000,2600,83400,81300,79500,55100
36.0,5.6,39500,221763.0,5.6,5.59,5.58,5.57,5.56,5.55,5.54,5.53,5.52,5.51,5.61,5.62,5.63,5.64,5.65,5.66,5.67,5.68,5.69,5.7,8500,4500,49600,9500,9300,62200,52700,84200,58500,54500,1500,3000,5800,62500,45000,2600,83400,81300,79500,55100
37.0,5.6,39500,221763.0,5.6,5.59,5.58,5.57,5.56,5.55,5.54,5.53,5.52,5.51,5.61,5.62,5.63,5.64,5.65,5.66,5.67,5.68,5.69,5.7,8500,4500,49600,9500,9300,62200,52700,84200,58500,54500,1500,3000,5800,62500,45000,2600,83400,81300,79500,55100
38.0,5.61,46500,261014.0,5.61,5.6,5.59,5.58,5.57,5.56,5.55,5.54,5.53,5.52,5.62,5.63,5.64,5.65,5.66,5.67,5.68,5.69,5.7,5.71,2300,6600,4900,49600,9500,9300,62200,52700,84200,58500,3000,5800,62500,45000,2600,83400,81300,79500,55100,3500
39.0,5.61,47200,264941.0,5.61,5.6,5.59,5.58,5.57,5.56,5.55,5.54,5.53,5.52,5.62,5.63,5.64,5.65,5.66,5.67,5.68,5.69,5.7,5.71,1600,6600,4900,49600,9500,9300,62200,52700,84200,58500,3400,5800,62500,45000,2600,83400,81300,79500,55100,3500
40.0,5.61,47800,268307.0,5.61,5.6,5.59,5.58,5.57,5.56,5.55,5.54,5.53,5.52,5.62,5.63,5.64,5.65,5.66,5.67,5.68,5.69,5.7,5.71,1000,6600,4900,49600,9500,9300,62200,52700,84200,58500,3400,5800,62500,45000,2600,83400,81300,79500,55100,3500
41.0,5.6,57900,324877.0,5.59,5.58,5.57,5.56,5.55,5.54,5.53,5.52,5.51,5.5,5.6,5.62,5.63,5.64,5.65,5.66,5.67,5.68,5.69,5.7,4400,49600,9500,9300,62200,52700,84200,58500,54500,99500,200,3400,5800,62500,45000,2600,83400,81300,79500,55100
42.0,5.6,58100,325997.0,5.6,5.59,5.58,5.57,5.56,5.55,5.54,5.53,5.52,5.51,5.62,5.63,5.64,5.65,5.66,5.67,5.68,5.69,5.7,5.71,700,4400,49600,9500,9300,62200,52700,84200,58500,54500,3400,5800,62500,45000,2600,83400,81300,79500,55100,3500
43.0,5.62,58700,329369.0,5.6,5.59,5.58,5.57,5.56,5.55,5.54,5.53,5.52,5.51,5.62,5.63,5.64,5.65,5.66,5.67,5.68,5.69,5.7,5.71,800,4400,49600,9500,9300,62200,52700,84200,58500,54500,2800,5800,62500,45000,2600,83400,81300,79500,55100,3500
44.0,5.62,58700,329369.0,5.61,5.6,5.59,5.58,5.57,5.56,5.55,5.54,5.53,5.52,5.62,5.63,5.64,5.65,5.66,5.67,5.68,5.69,5.7,5.71,1000,1500,5100,49600,9500,9300,62200,52700,84200,58500,2800,5800,62500,45000,2600,83400,81300,79500,60100,3500
45.0,5.62,58700,329369.0,5.61,5.6,5.59,5.58,5.57,5.56,5.55,5.54,5.53,5.52,5.62,5.63,5.64,5.65,5.66,5.67,5.68,5.69,5.7,5.71,1000,1500,5100,49600,14500,9300,62200,52700,84200,58500,2800,5800,62500,45000,2600,83400,81300,79500,60100,3500
46.0,5.6,62600,351219.0,5.59,5.58,5.57,5.56,5.55,5.54,5.53,5.52,5.51,5.5,5.6,5.62,5.63,5.64,5.65,5.66,5.67,5.68,5.69,5.7,4900,49600,14500,10600,65200,52700,84200,58500,54500,99500,4000,2800,7000,62500,45000,2600,83400,81300,79500,60100
47.0,5.6,62900,352899.0,5.59,5.58,5.57,5.56,5.55,5.54,5.53,5.52,5.51,5.5,5.6,5.62,5.63,5.64,5.65,5.66,5.67,5.68,5.69,5.7,5000,49600,14500,11400,65200,52700,84200,58500,54500,99500,3700,2800,7000,62500,45000,2600,83400,81300,79500,60100
48.0,5.6,66600,373619.0,5.61,5.59,5.58,5.57,5.56,5.55,5.54,5.53,5.52,5.51,5.62,5.63,5.64,5.65,5.66,5.67,5.68,5.69,5.7,5.71,6300,5100,49600,14500,11400,65200,52700,84200,58500,54500,2800,7000,62500,45000,2600,83400,81300,79500,60100,3500
49.0,5.61,66900,375302.0,5.61,5.59,5.58,5.57,5.56,5.55,5.54,5.53,5.52,5.51,5.62,5.63,5.64,5.65,5.66,5.67,5.68,5.69,5.7,5.71,6000,4500,47600,14500,11400,65200,52700,84200,58500,54500,2800,7000,62500,45000,2600,83400,81300,79500,60100,3500
50.0,5.61,66900,375302.0,5.61,5.59,5.58,5.57,5.56,5.55,5.54,5.53,5.52,5.51,5.62,5.63,5.64,5.65,5.66,5.67,5.68,5.69,5.7,5.71,6000,4500,47600,14500,11400,65200,52700,84200,58500,54500,2800,7000,62500,45000,2600,83400,81300,79500,60100,3500
51.0,5.61,66900,375302.0,5.61,5.59,5.58,5.57,5.56,5.55,5.54,5.53,5.52,5.51,5.62,5.63,5.64,5.65,5.66,5.67,5.68,5.69,5.7,5.71,6000,4500,45600,14500,11400,65200,52700,84200,58500,54500,2800,7000,62500,45000,2600,83400,81300,79500,60100,3500
52.0,5.62,67200,376988.0,5.61,5.59,5.58,5.57,5.56,5.55,5.54,5.53,5.52,5.51,5.62,5.63,5.64,5.65,5.66,5.67,5.68,5.69,5.7,5.71,6000,4500,45600,14500,11400,65200,52700,84200,58500,54500,2500,7000,62500,45000,2600,83400,81300,79500,60100,3500
53.0,5.61,69100,387647.0,5.61,5.59,5.58,5.57,5.56,5.55,5.54,5.53,5.52,5.51,5.62,5.63,5.64,5.65,5.66,5.67,5.68,5.69,5.7,5.71,4100,4400,45600,14500,11400,65200,52700,84200,58500,54500,2500,7000,62500,45000,2600,83400,81300,79500,60100,3500
54.0,5.61,69200,388208.0,5.61,5.6,5.59,5.58,5.57,5.56,5.55,5.54,5.53,5.52,5.62,5.63,5.64,5.65,5.66,5.67,5.68,5.69,5.7,5.71,4200,500,4400,45600,14500,10900,65200,52700,84200,58500,2500,7000,62500,45000,2600,83400,81300,79500,60100,3500
55.0,5.61,69900,392140.0,5.61,5.6,5.59,5.58,5.57,5.56,5.55,5.54,5.53,5.52,5.62,5.63,5.64,5.65,5.66,5.67,5.68,5.69,5.7,5.71,4200,500,4900,45600,14500,10900,65200,52700,84200,58500,2000,6900,62500,45000,2600,83400,81300,79500,60100,3500
56.0,5.61,69900,392140.0,5.61,5.6,5.59,5.58,5.57,5.56,5.55,5.54,5.53,5.52,5.62,5.63,5.64,5.65,5.66,5.67,5.68,5.69,5.7,5.71,4200,500,4900,45600,14500,10900,65200,52700,84200,58500,2000,6900,62500,45000,2600,83400,81300,79500,60100,3500
57.0,5.61,70000,392701.0,5.61,5.6,5.59,5.58,5.57,5.56,5.55,5.54,5.53,5.52,5.62,5.63,5.64,5.65,5.66,5.67,5.68,5.69,5.7,5.71,4100,500,4900,45600,14500,9300,65200,52700,84200,58500,2000,6900,62500,45000,2600,83400,81300,79500,60100,3500
58.0,5.61,70000,392701.0,5.61,5.6,5.59,5.58,5.57,5.56,5.55,5.54,5.53,5.52,5.62,5.63,5.64,5.65,5.66,5.67,5.68,5.69,5.7,5.71,4100,500,4900,45600,14500,19300,65200,52700,84200,58500,2000,6900,62500,45000,2600,78400,81300,79500,60100,3500
59.0,5.61,70000,392701.0,5.61,5.6,5.59,5.58,5.57,5.56,5.55,5.54,5.53,5.52,5.62,5.63,5.64,5.65,5.66,5.67,5.68,5.69,5.7,5.71,4100,500,4900,45600,14500,19300,65200,52700,84200,58500,2000,6900,62500,45000,2600,78400,81300,79500,60100,3500
60.0,5.62,72400,406185.0,5.62,5.61,5.6,5.59,5.58,5.57,5.56,5.55,5.54,5.53,5.63,5.64,5.65,5.66,5.67,5.68,5.69,5.7,5.71,5.72,2200,3700,500,54900,45600,14500,19300,65200,52700,84200,5400,62500,45000,2600,78400,81300,79500,60100,3500,38400
61.0,5.62,72400,406185.0,5.62,5.61,5.6,5.59,5.58,5.57,5.56,5.55,5.54,5.53,5.63,5.64,5.65,5.66,5.67,5.68,5.69,5.7,5.71,5.72,3000,4700,2500,54900,50600,14500,19300,65200,52700,84200,5400,62500,45000,4400,78400,81300,79500,60100,3500,38400
62.0,5.63,73400,411815.0,5.62,5.61,5.6,5.59,5.58,5.57,5.56,5.55,5.54,5.53,5.63,5.64,5.65,5.66,5.67,5.68,5.69,5.7,5.71,5.72,3300,23400,2500,54900,50600,14500,19300,65200,52700,84200,3600,62500,45000,9700,78400,81300,79500,60100,3500,38400
63.0,5.63,73400,411815.0,5.62,5.61,5.6,5.59,5.58,5.57,5.56,5.55,5.54,5.53,5.63,5.64,5.65,5.66,5.67,5.68,5.69,5.7,5.71,5.72,3300,23400,2500,64900,50600,14500,19300,65200,52700,84200,3600,62500,45000,14700,78400,81300,79500,60100,3500,38400
64.0,5.63,73400,411815.0,5.62,5.61,5.6,5.59,5.58,5.57,5.56,5.55,5.54,5.53,5.63,5.64,5.65,5.66,5.67,5.68,5.69,5.7,5.71,5.72,3300,23400,2500,64900,50600,14500,19300,65200,52700,84200,3600,62500,45000,15600,78400,81300,79500,60100,3500,38400
65.0,5.62,90600,508482.0,5.62,5.61,5.6,5.59,5.58,5.57,5.56,5.55,5.54,5.53,5.63,5.64,5.65,5.66,5.67,5.68,5.69,5.7,5.71,5.72,200,23400,2500,70200,50600,14500,19300,65200,52700,84200,3300,62500,45000,15600,78400,81300,79500,60100,3500,38400
66.0,5.62,91300,512422.0,5.62,5.61,5.6,5.59,5.58,5.57,5.56,5.55,5.54,5.53,5.63,5.64,5.65,5.66,5.67,5.68,5.69,5.7,5.71,5.72,100,23400,2500,70200,50600,14500,19300,65200,52700,84200,2700,62500,45000,15600,78400,81300,79500,60100,3500,38400
67.0,5.61,92700,520281.0,5.61,5.6,5.59,5.58,5.57,5.56,5.55,5.54,5.53,5.52,5.63,5.64,5.65,5.66,5.67,5.68,5.69,5.7,5.71,5.72,22300,2500,72200,50600,14500,19300,65200,52700,84200,58500,2500,62500,45000,15600,78400,81300,79500,60100,3500,38400
68.0,5.61,92700,520281.0,5.61,5.6,5.59,5.58,5.57,5.56,5.55,5.54,5.53,5.52,5.63,5.64,5.65,5.66,5.67,5.68,5.69,5.7,5.71,5.72,22300,2500,72200,50600,14500,19300,65200,52700,84200,58500,2500,62500,45000,15600,78400,81300,79500,60100,3500,38400
69.0,5.63,92900,521407.0,5.61,5.6,5.59,5.58,5.57,5.56,5.55,5.54,5.53,5.52,5.63,5.64,5.65,5.66,5.67,5.68,5.69,5.7,5.71,5.72,22300,2500,72200,50600,14500,19300,65200,52700,84200,58500,2300,62500,45000,15600,78400,81300,79500,60100,3500,38400
70.0,5.63,92900,521407.0,5.61,5.6,5.59,5.58,5.57,5.56,5.55,5.54,5.53,5.52,5.63,5.64,5.65,5.66,5.67,5.68,5.69,5.7,5.71,5.72,22300,2500,72200,50600,14500,19300,65200,52700,84200,58500,2300,62500,45000,15600,78400,81300,79500,60100,3500,38400
71.0,5.63,92900,521407.0,5.61,5.6,5.59,5.58,5.57,5.56,5.55,5.54,5.53,5.52,5.63,5.64,5.65,5.66,5.67,5.68,5.69,5.7,5.71,5.72,22300,2500,72200,50600,14500,19300,65200,52700,84200,58500,2300,62500,45000,15600,78400,81300,79500,60100,3500,38400
72.0,5.63,95200,534356.0,5.63,5.61,5.6,5.59,5.58,5.57,5.56,5.55,5.54,5.53,5.64,5.65,5.66,5.67,5.68,5.69,5.7,5.71,5.72,5.73,27900,22300,2500,72200,50600,14500,19300,65200,52700,84200,62500,45000,15600,78400,81300,79500,60100,3500,38400,29700
73.0,5.63,95200,534356.0,5.63,5.61,5.6,5.59,5.58,5.57,5.56,5.55,5.54,5.53,5.64,5.65,5.66,5.67,5.68,5.69,5.7,5.71,5.72,5.73,27900,22300,2500,122200,50600,14500,19300,65200,52700,84200,62500,45000,15600,78400,81300,79500,60100,3500,38400,29700
74.0,5.63,95600,536610.0,5.63,5.61,5.6,5.59,5.58,5.57,5.56,5.55,5.54,5.53,5.64,5.65,5.66,5.67,5.68,5.69,5.7,5.71,5.72,5.73,27700,22100,7800,116900,50600,14500,19300,65200,52700,84200,62300,45000,15600,78400,81300,79500,60100,3500,38400,29700
75.0,5.64,97300,546198.0,5.63,5.61,5.6,5.59,5.58,5.57,5.56,5.55,5.54,5.53,5.64,5.65,5.66,5.67,5.68,5.69,5.7,5.71,5.72,5.73,27900,22100,7800,116900,50600,14500,19300,65200,52700,84200,60600,45000,15600,78400,81300,79500,60100,3500,38400,29700
76.0,5.64,97300,546198.0,5.63,5.61,5.6,5.59,5.58,5.57,5.56,5.55,5.54,5.53,5.64,5.65,5.66,5.67,5.68,5.69,5.7,5.71,5.72,5.73,27900,22100,57800,116900,50600,14500,19300,65200,52700,84200,60600,45000,15600,78400,81300,79500,60100,3500,38400,29700
77.0,5.64,100800,565938.0,5.63,5.61,5.6,5.59,5.58,5.57,5.56,5.55,5.54,5.53,5.64,5.65,5.66,5.67,5.68,5.69,5.7,5.71,5.72,5.73,27900,22100,57800,116900,50600,14500,19300,65200,52700,84200,57100,45000,15600,78400,81300,79500,60100,3500,38400,29700
78.0,5.64,157900,887982.0,5.64,5.63,5.61,5.6,5.59,5.58,5.57,5.56,5.55,5.54,5.65,5.66,5.67,5.68,5.69,5.7,5.71,5.72,5.73,5.74,10000,27900,22100,57800,116900,50600,14500,19300,65200,52700,45000,18600,78400,81300,79500,60100,3500,38400,29700,104200
79.0,5.65,159600,897587.0,5.64,5.63,5.61,5.6,5.59,5.58,5.57,5.56,5.55,5.54,5.65,5.66,5.67,5.68,5.69,5.7,5.71,5.72,5.73,5.74,16800,27900,22100,59800,116900,50600,14500,19300,65200,52700,43300,18600,78400,81300,79500,60100,3500,38400,29700,104200
80.0,5.65,186700,1050699.0,5.64,5.63,5.61,5.6,5.59,5.58,5.57,5.56,5.55,5.54,5.65,5.66,5.67,5.68,5.69,5.7,5.71,5.72,5.73,5.74,19200,27700,22100,54500,116900,50600,14500,19300,65200,52700,16500,10600,78400,81300,79500,60100,3500,38400,29700,104200
81.0,5.65,186700,1050699.0,5.64,5.63,5.61,5.6,5.59,5.58,5.57,5.56,5.55,5.54,5.65,5.66,5.67,5.68,5.69,5.7,5.71,5.72,5.73,5.74,19200,27700,22100,54500,116900,50600,14500,19300,65200,52700,16500,10600,78400,81300,79500,60100,3500,38400,29700,104200
82.0,5.65,188300,1059739.0,5.64,5.63,5.61,5.6,5.59,5.58,5.57,5.56,5.55,5.54,5.65,5.66,5.67,5.68,5.69,5.7,5.71,5.72,5.73,5.74,19200,27700,22100,54500,116900,50600,14500,19300,65200,52700,14900,10600,78400,81300,79500,60100,3500,38400,29700,104200
83.0,5.65,190000,1069344.0,5.64,5.63,5.62,5.61,5.6,5.59,5.58,5.57,5.56,5.55,5.65,5.66,5.67,5.68,5.69,5.7,5.71,5.72,5.73,5.74,19200,27700,5300,22100,54500,116900,45600,14500,19300,65200,13200,10600,78400,81300,79500,60100,3500,38400,29700,104200
84.0,5.65,190000,1069344.0,5.64,5.63,5.62,5.61,5.6,5.59,5.58,5.57,5.56,5.55,5.65,5.66,5.67,5.68,5.69,5.7,5.71,5.72,5.73,5.74,19200,27700,5300,22100,57900,116100,45600,14500,19300,65200,13200,10600,78400,81300,79500,60100,3500,38400,29700,104200
85.0,5.65,191300,1076689.0,5.64,5.63,5.62,5.61,5.6,5.59,5.58,5.57,5.56,5.55,5.65,5.66,5.67,5.68,5.69,5.7,5.71,5.72,5.73,5.74,19200,27700,5300,22100,57900,116100,45600,14500,19300,65200,11900,10600,78400,81300,79500,60100,3500,38400,29700,104200
86.0,5.65,191300,1076689.0,5.64,5.63,5.62,5.61,5.6,5.59,5.58,5.57,5.56,5.55,5.65,5.66,5.67,5.68,5.69,5.7,5.71,5.72,5.73,5.74,19300,27700,5300,22100,57900,116100,45600,14500,19300,65200,11900,10600,78400,81300,79500,60100,3500,38400,29700,104200
87.0,5.64,193000,1086277.0,5.64,5.63,5.62,5.61,5.6,5.59,5.58,5.57,5.56,5.55,5.65,5.66,5.67,5.68,5.69,5.7,5.71,5.72,5.73,5.74,17600,27700,5300,22100,57900,116100,45600,14500,19300,65200,11900,10600,78400,81300,79500,60100,3500,38400,29700,104200
88.0,5.65,195300,1099272.0,5.64,5.63,5.62,5.61,5.6,5.59,5.58,5.57,5.56,5.55,5.65,5.66,5.67,5.68,5.69,5.7,5.71,5.72,5.73,5.74,17600,27700,5300,22100,57900,116100,45600,14500,19300,65200,9600,10600,78400,81300,79500,60100,3500,38400,29700,104200
89.0,5.65,196300,1104922.0,5.64,5.63,5.62,5.61,5.6,5.59,5.58,5.57,5.56,5.55,5.65,5.66,5.67,5.68,5.69,5.7,5.71,5.72,5.73,5.74,17600,27700,5300,22100,57900,116100,45600,14500,19300,65200,8600,10600,78400,81300,79500,60100,3500,38400,29700,104200
90.0,5.65,196300,1104922.0,5.64,5.63,5.62,5.61,5.6,5.59,5.58,5.57,5.56,5.55,5.65,5.66,5.67,5.68,5.69,5.7,5.71,5.72,5.73,5.74,17600,27700,5300,22100,57900,116100,45600,14500,19300,65200,8600,10600,78400,81300,79500,60100,3500,38400,29700,104200
91.0,5.65,196300,1104922.0,5.64,5.63,5.62,5.61,5.6,5.59,5.58,5.57,5.56,5.55,5.65,5.66,5.67,5.68,5.69,5.7,5.71,5.72,5.73,5.74,17600,27700,5300,22100,68900,116100,45600,14500,19300,65200,8600,10600,78400,81300,79500,60100,3500,38400,29700,104200
92.0,5.65,197100,1109442.0,5.64,5.63,5.62,5.61,5.6,5.59,5.58,5.57,5.56,5.55,5.65,5.66,5.67,5.68,5.69,5.7,5.71,5.72,5.73,5.74,17600,27700,5300,22100,68900,116100,45600,14500,19300,65200,7800,10600,78400,81300,79500,60100,3500,38400,29700,104200
93.0,5.65,198700,1118482.0,5.64,5.63,5.62,5.61,5.6,5.59,5.58,5.57,5.56,5.55,5.65,5.66,5.67,5.68,5.69,5.7,5.71,5.72,5.73,5.74,15000,27700,5300,22100,68900,116100,45600,14500,19300,65200,6200,10600,68400,81300,79500,60100,3500,38400,29700,104200
94.0,5.65,198700,1118482.0,5.64,5.63,5.62,5.61,5.6,5.59,5.58,5.57,5.56,5.55,5.65,5.66,5.67,5.68,5.69,5.7,5.71,5.72,5.73,5.74,15000,27700,5300,22100,68900,116100,45600,14500,19300,65200,6200,10600,68400,81300,79500,60100,3500,38400,29700,104200
95.0,5.64,207600,1168694.0,5.64,5.63,5.62,5.61,5.6,5.59,5.58,5.57,5.56,5.55,5.65,5.66,5.67,5.68,5.69,5.7,5.71,5.72,5.73,5.74,7700,27700,5300,22100,68900,116100,45600,14500,19300,65200,7300,10600,69900,81300,79500,60100,3500,38400,29700,104200
96.0,5.65,212400,1195814.0,5.64,5.63,5.62,5.61,5.6,5.59,5.58,5.57,5.56,5.55,5.65,5.66,5.67,5.68,5.69,5.7,5.71,5.72,5.73,5.74,6200,27700,5300,22100,68900,116100,45600,14500,19300,65200,2600,10600,69900,81300,79500,60100,3500,38400,29700,104200
97.0,5.65,212400,1195814.0,5.64,5.63,5.62,5.61,5.6,5.59,5.58,5.57,5.56,5.55,5.65,5.66,5.67,5.68,5.69,5.7,5.71,5.72,5.73,5.74,6200,27700,5300,22100,68900,116100,45600,12500,19300,65200,2600,10600,69900,81300,79500,60100,3500,38400,29700,104200
98.0,5.64,212500,1196378.0,5.64,5.63,5.62,5.61,5.6,5.59,5.58,5.57,5.56,5.55,5.65,5.66,5.67,5.68,5.69,5.7,5.71,5.72,5.73,5.74,5500,27700,5300,22100,68900,116100,45600,12500,19300,65200,2600,10600,69900,81300,79500,60100,3500,38400,29700,104200
99.0,5.64,213300,1200897.0,5.64,5.63,5.62,5.61,5.6,5.59,5.58,5.57,5.56,5.55,5.65,5.66,5.67,5.68,5.69,5.7,5.71,5.72,5.73,5.74,5400,27700,5300,22100,68900,66100,45600,12500,19300,65200,1900,10600,69900,81300,79500,60100,3500,38400,29700,104200
100.0,5.64,213300,1200897.0,5.64,5.63,5.62,5.61,5.6,5.59,5.58,5.57,5.56,5.55,5.65,5.66,5.67,5.68,5.69,5.7,5.71,5.72,5.73,5.74,5400,27700,5300,22100,68900,66100,45600,12500,19300,65200,1900,10600,69900,31300,79500,60100,3500,38400,29700,104200
101.0,5.64,213400,1201461.0,5.64,5.63,5.62,5.61,5.6,5.59,5.58,5.57,5.56,5.55,5.65,5.66,5.67,5.68,5.69,5.7,5.71,5.72,5.73,5.74,5300,27700,5300,22100,68900,66100,45600,12500,19300,65200,1900,10600,69900,31300,79500,60100,4500,38400,29700,104200
102.0,5.64,214100,1205410.0,5.64,5.63,5.62,5.61,5.6,5.59,5.58,5.57,5.56,5.55,5.65,5.66,5.67,5.68,5.69,5.7,5.71,5.72,5.73,5.74,4700,27700,5300,22100,68900,66100,45600,12500,19300,65200,1800,10600,69900,31300,79500,60100,4500,38400,29700,104200
103.0,5.64,214200,1205974.0,5.64,5.63,5.62,5.61,5.6,5.59,5.58,5.57,5.56,5.55,5.65,5.66,5.67,5.68,5.69,5.7,5.71,5.72,5.73,5.74,4600,27700,5300,22100,68900,66100,45600,12500,19300,65200,100,10600,69900,31300,79500,60100,4500,38400,29700,104200
104.0,5.64,214300,1206538.0,5.64,5.63,5.62,5.61,5.6,5.59,5.58,5.57,5.56,5.55,5.65,5.66,5.67,5.68,5.69,5.7,5.71,5.72,5.73,5.74,4500,27700,5300,22100,68900,66100,45600,12500,19300,65200,2800,10600,69900,31300,79500,60100,4500,38400,29700,104200
105.0,5.65,214500,1207668.0,5.64,5.63,5.62,5.61,5.6,5.59,5.58,5.57,5.56,5.55,5.65,5.66,5.67,5.68,5.69,5.7,5.71,5.72,5.73,5.74,4500,27700,5300,22100,68900,66100,45600,12500,19300,65200,2600,10600,69900,31300,79500,60100,4500,38400,29700,104200
106.0,5.65,214500,1207668.0,5.64,5.63,5.62,5.61,5.6,5.59,5.58,5.57,5.56,5.55,5.65,5.66,5.67,5.68,5.69,5.7,5.71,5.72,5.73,5.74,4500,27700,5300,22100,68900,66100,45600,12500,19300,65200,3700,10600,69900,31300,79500,60100,4500,38400,29700,104200
107.0,5.64,218100,1227972.0,5.64,5.63,5.62,5.61,5.6,5.59,5.58,5.57,5.56,5.55,5.65,5.66,5.67,5.68,5.69,5.7,5.71,5.72,5.73,5.74,900,27700,5300,22100,68900,66100,45600,12500,19300,65200,3700,17600,69900,31300,79500,60100,4500,38400,29700,104200
108.0,5.64,218100,1227972.0,5.64,5.63,5.62,5.61,5.6,5.59,5.58,5.57,5.56,5.55,5.65,5.66,5.67,5.68,5.69,5.7,5.71,5.72,5.73,5.74,900,27700,9900,22100,68900,56100,45600,12500,19300,65200,3700,17600,69900,31300,79500,60100,4500,38400,29700,104200
109.0,5.64,218100,1227972.0,5.64,5.63,5.62,5.61,5.6,5.59,5.58,5.57,5.56,5.55,5.65,5.66,5.67,5.68,5.69,5.7,5.71,5.72,5.73,5.74,900,27700,9900,22100,68900,56100,45600,12500,19300,65200,3700,17600,69900,31300,79500,60100,4500,38400,29700,104200
110.0,5.64,218100,1227972.0,5.64,5.63,5.62,5.61,5.6,5.59,5.58,5.57,5.56,5.55,5.65,5.66,5.67,5.68,5.69,5.7,5.71,5.72,5.73,5.74,900,27700,4600,22100,68900,56100,45600,12500,19300,65200,3700,17600,69900,31300,79500,60100,4500,38400,29700,104200
111.0,5.64,219400,1235311.0,5.64,5.63,5.62,5.61,5.6,5.59,5.58,5.57,5.56,5.55,5.65,5.66,5.67,5.68,5.69,5.7,5.71,5.72,5.73,5.74,300,27700,4600,22100,68900,56100,45600,12500,19300,65200,3000,17600,69900,31300,79500,60100,4500,38400,29700,104200
112.0,5.64,219400,1235311.0,5.64,5.63,5.62,5.61,5.6,5.59,5.58,5.57,5.56,5.55,5.65,5.66,5.67,5.68,5.69,5.7,5.71,5.72,5.73,5.74,300,27700,4600,22100,68900,56100,45600,12500,19300,65200,3000,17600,69900,31300,79500,60100,4500,38400,29700,104200
113.0,5.64,219400,1235311.0,5.64,5.63,5.62,5.61,5.6,5.59,5.58,5.57,5.56,5.55,5.65,5.66,5.67,5.68,5.69,5.7,5.71,5.72,5.73,5.74,300,27700,4600,22100,68900,56100,45600,12500,19300,65200,3000,17600,69900,31300,79500,60100,4500,38400,27000,104200
114.0,5.64,219400,1235311.0,5.64,5.63,5.62,5.61,5.6,5.59,5.58,5.57,5.56,5.55,5.65,5.66,5.67,5.68,5.69,5.7,5.71,5.72,5.73,5.74,300,27700,4600,22100,68900,56100,45600,12500,19300,65200,3000,18000,69900,31300,79500,60100,4500,38400,27000,104200
115.0,5.64,219700,1237003.0,5.63,5.62,5.61,5.6,5.59,5.58,5.57,5.56,5.55,5.54,5.64,5.65,5.66,5.67,5.68,5.69,5.7,5.71,5.72,5.73,27700,4600,22100,68900,56100,45600,12500,19300,65200,52700,2400,1100,38000,69900,31300,79500,60100,4500,38400,27000
116.0,5.64,219700,1237003.0,5.63,5.62,5.61,5.6,5.59,5.58,5.57,5.56,5.55,5.54,5.64,5.65,5.66,5.67,5.68,5.69,5.7,5.71,5.72,5.73,27700,4600,22100,68900,56100,45600,12500,19300,65200,52700,2400,1100,38000,69900,31300,79500,60100,4500,38400,27000
117.0,5.64,219900,1238131.0,5.63,5.62,5.61,5.6,5.59,5.58,5.57,5.56,5.55,5.54,5.64,5.65,5.66,5.67,5.68,5.69,5.7,5.71,5.72,5.73,27700,4600,22100,68900,56100,45600,12500,19300,65200,52700,2200,1100,38000,69900,31300,79500,60100,4500,38400,27000
118.0,5.63,222900,1255021.0,5.63,5.62,5.61,5.6,5.59,5.58,5.57,5.56,5.55,5.54,5.64,5.65,5.66,5.67,5.68,5.69,5.7,5.71,5.72,5.73,24700,4600,22100,68900,56100,45600,12500,19300,65200,52700,2200,2100,38000,69900,31300,79500,60100,4500,38400,27000
119.0,5.63,224600,1264592.0,5.63,5.62,5.61,5.6,5.59,5.58,5.57,5.56,5.55,5.54,5.64,5.65,5.66,5.67,5.68,5.69,5.7,5.71,5.72,5.73,23000,4600,22100,68900,56100,45600,12500,19300,65200,52700,2200,2100,38000,69900,31300,79500,60100,4500,38400,27000
120.0,5.63,226200,1273600.0,5.63,5.62,5.61,5.6,5.59,5.58,5.57,5.56,5.55,5.54,5.64,5.65,5.66,5.67,5.68,5.69,5.7,5.71,5.72,5.73,21400,4600,22100,68900,56100,45600,12500,19300,65200,52700,2200,2100,38000,69900,31300,79500,60100,4500,38400,27000
121.0,5.63,227900,1283171.0,5.63,5.62,5.61,5.6,5.59,5.58,5.57,5.56,5.55,5.54,5.64,5.65,5.66,5.67,5.68,5.69,5.7,5.71,5.72,5.73,19700,4600,22100,68900,56100,45600,12500,19300,65200,52700,2200,2100,38000,69900,31300,79500,60100,4500,38400,27000
122.0,5.63,229600,1292742.0,5.63,5.62,5.61,5.6,5.59,5.58,5.57,5.56,5.55,5.54,5.64,5.65,5.66,5.67,5.68,5.69,5.7,5.71,5.72,5.73,18000,4600,22100,68900,56100,45600,12500,19300,65200,52700,2200,2100,38000,69900,31300,79500,60100,4500,38400,27000
123.0,5.64,230000,1294998.0,5.63,5.62,5.61,5.6,5.59,5.58,5.57,5.56,5.55,5.54,5.64,5.65,5.66,5.67,5.68,5.69,5.7,5.71,5.72,5.73,22400,4600,22100,68900,56100,45600,12500,19300,65200,52700,2300,2100,38000,69900,31300,79500,61100,4500,38400,27000
124.0,5.64,230000,1294998.0,5.63,5.62,5.61,5.6,5.59,5.58,5.57,5.56,5.55,5.54,5.64,5.65,5.66,5.67,5.68,5.69,5.7,5.71,5.72,5.73,22400,5200,22100,68900,56100,45600,12500,19300,65200,52700,2900,2100,38000,69900,31300,79500,61100,4500,38400,27000
125.0,5.63,234700,1321459.0,5.63,5.62,5.61,5.6,5.59,5.58,5.57,5.56,5.55,5.54,5.64,5.65,5.66,5.67,5.68,5.69,5.7,5.71,5.72,5.73,17700,5200,22100,68900,56100,45600,12500,19300,65200,52700,2900,2100,38000,69900,31300,79500,61100,4500,38400,27000
126.0,5.63,238000,1340038.0,5.63,5.62,5.61,5.6,5.59,5.58,5.57,5.56,5.55,5.54,5.64,5.65,5.66,5.67,5.68,5.69,5.7,5.71,5.72,5.73,14400,5200,22100,68900,56100,45600,12500,19300,65200,52700,7700,2100,38000,69900,31300,79500,61100,4500,38400,27000
127.0,5.63,239700,1349609.0,5.63,5.62,5.61,5.6,5.59,5.58,5.57,5.56,5.55,5.54,5.64,5.65,5.66,5.67,5.68,5.69,5.7,5.71,5.72,5.73,12700,5200,22100,68900,56100,45600,12500,19300,65200,52700,6100,2100,38000,69900,31300,79500,61100,4500,38400,27000
128.0,5.62,256000,1441342.0,5.62,5.61,5.6,5.59,5.58,5.57,5.56,5.55,5.54,5.53,5.63,5.64,5.65,5.66,5.67,5.68,5.69,5.7,5.71,5.72,1700,22100,68900,56100,45600,12500,19300,65200,52700,84200,4600,6700,2500,38000,69900,31500,79500,61100,4500,38400
129.0,5.62,256100,1441904.0,5.62,5.61,5.6,5.59,5.58,5.57,5.56,5.55,5.54,5.53,5.63,5.64,5.65,5.66,5.67,5.68,5.69,5.7,5.71,5.72,1600,22100,68900,56100,45600,12500,19300,65200,52700,84200,4600,6700,2500,38000,69900,31500,79500,61100,4500,38400
130.0,5.62,256800,1445838.0,5.62,5.61,5.6,5.59,5.58,5.57,5.56,5.55,5.54,5.53,5.63,5.64,5.65,5.66,5.67,5.68,5.69,5.7,5.71,5.72,1100,22100,68900,56100,45600,12500,19300,65200,52700,84200,4600,6700,2500,38000,69900,31500,79500,61100,4500,38400
131.0,5.62,256800,1445838.0,5.62,5.61,5.6,5.59,5.58,5.57,5.56,5.55,5.54,5.53,5.63,5.64,5.65,5.66,5.67,5.68,5.69,5.7,5.71,5.72,1100,22100,68900,56100,45600,12500,19300,65200,52700,84200,4600,6700,2500,38000,69900,31500,79500,61100,4500,38400
132.0,5.62,256900,1446400.0,5.62,5.61,5.6,5.59,5.58,5.57,5.56,5.55,5.54,5.53,5.63,5.64,5.65,5.66,5.67,5.68,5.69,5.7,5.71,5.72,1000,22100,68900,56100,45600,12500,19300,65200,52700,84200,4600,6700,2500,38000,69900,31500,79500,61100,4500,38400
133.0,5.62,256900,1446400.0,5.62,5.61,5.6,5.59,5.58,5.57,5.56,5.55,5.54,5.53,5.63,5.64,5.65,5.66,5.67,5.68,5.69,5.7,5.71,5.72,1000,22100,69000,56100,45600,12500,19300,65200,52700,84200,4600,6700,2500,38000,69900,31500,79500,61100,4500,38400
134.0,5.62,256900,1446400.0,5.62,5.61,5.6,5.59,5.58,5.57,5.56,5.55,5.54,5.53,5.63,5.64,5.65,5.66,5.67,5.68,5.69,5.7,5.71,5.72,800,22100,69000,56100,45600,12500,19300,65200,52700,84200,9400,6700,2500,38000,69900,31500,79500,61100,4500,38400
135.0,5.63,258700,1456534.0,5.62,5.61,5.6,5.59,5.58,5.57,5.56,5.55,5.54,5.53,5.63,5.64,5.65,5.66,5.67,5.68,5.69,5.7,5.71,5.72,800,22100,69000,56100,45600,12500,19300,65200,52700,84200,7600,6700,2500,38000,69900,31500,79500,61100,4500,38400
136.0,5.63,258700,1456534.0,5.62,5.61,5.6,5.59,5.58,5.57,5.56,5.55,5.54,5.53,5.63,5.64,5.65,5.66,5.67,5.68,5.69,5.7,5.71,5.72,2900,22100,69000,57500,45600,12500,19300,65200,52700,84200,7600,6700,2500,38000,69900,31500,79500,61100,4500,38400
137.0,5.63,258700,1456534.0,5.62,5.61,5.6,5.59,5.58,5.57,5.56,5.55,5.54,5.53,5.63,5.64,5.65,5.66,5.67,5.68,5.69,5.7,5.71,5.72,2400,22100,69000,57500,45600,12500,19300,65200,52700,84200,7500,6700,2500,38000,69900,31500,79500,61100,4500,38400
138.0,5.63,258700,1456534.0,5.62,5.61,5.6,5.59,5.58,5.57,5.56,5.55,5.54,5.53,5.63,5.64,5.65,5.66,5.67,5.68,5.69,5.7,5.71,5.72,2400,22100,69000,57500,45600,12500,19300,65200,52700,84200,7500,6700,2500,38000,69900,31500,79500,61100,4500,38400
139.0,5.62,259200,1459347.0,5.62,5.61,5.6,5.59,5.58,5.57,5.56,5.55,5.54,5.53,5.63,5.64,5.65,5.66,5.67,5.68,5.69,5.7,5.71,5.72,2400,22100,69000,57500,45600,12500,19300,65200,52700,84200,7200,6700,7500,38000,69900,31500,79500,61100,4500,38400
140.0,5.62,259200,1459347.0,5.62,5.61,5.6,5.59,5.58,5.57,5.56,5.55,5.54,5.53,5.63,5.64,5.65,5.66,5.67,5.68,5.69,5.7,5.71,5.72,3000,22100,69000,57500,45600,12500,19300,65200,52700,84200,7200,6700,7500,38000,69900,31500,79500,61100,4500,38400
141.0,5.62,259200,1459347.0,5.62,5.61,5.6,5.59,5.58,5.57,5.56,5.55,5.54,5.53,5.63,5.64,5.65,5.66,5.67,5.68,5.69,5.7,5.71,5.72,7700,22100,69000,57500,45600,12500,19300,65200,52700,84200,7200,6700,7500,38000,69900,31500,79500,61100,4500,38400
142.0,5.62,259900,1463281.0,5.62,5.61,5.6,5.59,5.58,5.57,5.56,5.55,5.54,5.53,5.63,5.64,5.65,5.66,5.67,5.68,5.69,5.7,5.71,5.72,7700,22100,69000,57500,45600,12500,19300,65200,52700,84200,8200,6700,7500,38000,69900,31500,79500,61100,4500,38400
143.0,5.62,261100,1470025.0,5.62,5.61,5.6,5.59,5.58,5.57,5.56,5.55,5.54,5.53,5.63,5.64,5.65,5.66,5.67,5.68,5.69,5.7,5.71,5.72,6500,22100,69000,57500,45600,12500,19300,65200,52700,84200,8200,6700,7500,38000,69900,31500,79500,61100,4500,38400
144.0,5.63,262100,1475655.0,5.62,5.61,5.6,5.59,5.58,5.57,5.56,5.55,5.54,5.53,5.63,5.64,5.65,5.66,5.67,5.68,5.69,5.7,5.71,5.72,6500,22100,68900,57500,45600,12500,19300,65200,52700,84200,7200,1900,7500,38000,69900,31500,79500,61100,4500,38400
145.0,5.63,262100,1475655.0,5.62,5.61,5.6,5.59,5.58,5.57,5.56,5.55,5.54,5.53,5.63,5.64,5.65,5.66,5.67,5.68,5.69,5.7,5.71,5.72,6500,22100,68900,57500,45600,12500,19300,65200,52700,84200,7200,1900,7500,38000,69900,31500,79500,61100,4500,38400
146.0,5.62,262700,1479027.0,5.62,5.61,5.6,5.59,5.58,5.57,5.56,5.55,5.54,5.53,5.63,5.64,5.65,5.66,5.67,5.68,5.69,5.7,5.71,5.72,5900,22400,68900,57500,45600,12500,19300,65200,52700,84200,7200,1900,7500,38000,69900,31500,79500,61100,4500,38400
147.0,5.62,270900,1525111.0,5.61,5.6,5.59,5.58,5.57,5.56,5.55,5.54,5.53,5.52,5.63,5.64,5.65,5.66,5.67,5.68,5.69,5.7,5.71,5.72,22400,68900,57500,45600,12500,19300,65200,52700,84200,58500,7200,1900,7500,38000,72200,31500,79500,61100,4500,38400
148.0,5.62,270900,1525111.0,5.61,5.6,5.59,5.58,5.57,5.56,5.55,5.54,5.53,5.52,5.63,5.64,5.65,5.66,5.67,5.68,5.69,5.7,5.71,5.72,23400,68900,57500,45600,12500,19300,65200,52700,84200,58500,8200,1900,7500,38000,72200,31500,79500,61100,4500,38400
149.0,5.62,270900,1525111.0,5.62,5.61,5.6,5.59,5.58,5.57,5.56,5.55,5.54,5.53,5.63,5.64,5.65,5.66,5.67,5.68,5.69,5.7,5.71,5.72,500,24400,68900,57500,45600,12500,19300,65200,52700,84200,9200,1900,7500,38000,72200,31500,79500,61100,4500,38400
150.0,5.62,270900,1525111.0,5.62,5.61,5.6,5.59,5.58,5.57,5.56,5.55,5.54,5.53,5.63,5.64,5.65,5.66,5.67,5.68,5.69,5.7,5.71,5.72,500,24400,68900,57500,45600,12500,19300,65200,52700,84200,9200,1900,7500,38000,72200,31500,79500,61100,4500,38400
151.0,5.62,270900,1525111.0,5.62,5.61,5.6,5.59,5.58,5.57,5.56,5.55,5.54,5.53,5.63,5.64,5.65,5.66,5.67,5.68,5.69,5.7,5.71,5.72,500,24400,68900,57500,45600,12500,19300,65200,52700,84200,9200,1900,7500,38000,72200,31500,79500,61100,4500,38400
152.0,5.61,276800,1558215.0,5.61,5.6,5.59,5.58,5.57,5.56,5.55,5.54,5.53,5.52,5.62,5.63,5.64,5.65,5.66,5.67,5.68,5.69,5.7,5.71,19000,68900,57500,45600,12500,19300,65200,52700,84200,58500,17600,9200,1900,7500,38000,72200,31500,79500,61100,4500
153.0,5.61,279200,1571679.0,5.61,5.6,5.59,5.58,5.57,5.56,5.55,5.54,5.53,5.52,5.62,5.63,5.64,5.65,5.66,5.67,5.68,5.69,5.7,5.71,16600,68900,57500,45600,12500,19300,65200,52700,84200,58500,17600,9200,1900,7500,38000,72200,31500,79500,61100,4500
154.0,5.61,279200,1571679.0,5.61,5.6,5.59,5.58,5.57,5.56,5.55,5.54,5.53,5.52,5.62,5.63,5.64,5.65,5.66,5.67,5.68,5.69,5.7,5.71,16600,68900,57500,45600,12500,19300,65200,52700,84200,58500,17600,9200,1900,7500,38000,72200,31500,79500,61100,4500
155.0,5.62,280000,1576175.0,5.61,5.6,5.59,5.58,5.57,5.56,5.55,5.54,5.53,5.52,5.62,5.63,5.64,5.65,5.66,5.67,5.68,5.69,5.7,5.71,16700,68900,57500,45600,12500,19300,65200,52700,84200,58500,16800,9200,1900,7500,38000,72200,31500,79500,61100,4500
156.0,5.62,280000,1576175.0,5.61,5.6,5.59,5.58,5.57,5.56,5.55,5.54,5.53,5.52,5.62,5.63,5.64,5.65,5.66,5.67,5.68,5.69,5.7,5.71,16700,68900,57500,45600,12500,19300,65200,52700,84200,58500,16800,9200,1900,7500,38000,72200,31500,79500,61100,4500
157.0,5.62,280000,1576175.0,5.61,5.6,5.59,5.58,5.57,5.56,5.55,5.54,5.53,5.52,5.62,5.63,5.64,5.65,5.66,5.67,5.68,5.69,5.7,5.71,16700,68900,57500,45600,12500,19300,65200,52700,84200,58500,16800,9200,1900,7500,38000,72200,31500,79500,61100,4500
158.0,5.61,283300,1594688.0,5.61,5.6,5.59,5.58,5.57,5.56,5.55,5.54,5.53,5.52,5.62,5.63,5.64,5.65,5.66,5.67,5.68,5.69,5.7,5.71,13400,68900,57500,45600,12500,19300,65200,52700,84200,58500,21600,9200,1900,7500,38000,72200,31500,79500,61100,4500
159.0,5.61,283300,1594688.0,5.61,5.6,5.59,5.58,5.57,5.56,5.55,5.54,5.53,5.52,5.62,5.63,5.64,5.65,5.66,5.67,5.68,5.69,5.7,5.71,13400,68900,57500,45600,12500,19300,65200,52700,84200,58500,21600,9200,1900,7500,38000,72200,31500,79500,61100,4500
160.0,5.62,285000,1604242.0,5.61,5.6,5.59,5.58,5.57,5.56,5.55,5.54,5.53,5.52,5.62,5.63,5.64,5.65,5.66,5.67,5.68,5.69,5.7,5.71,13400,68900,57500,45600,12500,19300,65200,52700,84200,58500,19900,9200,1900,7500,38000,72200,31500,79500,61100,4500
161.0,5.62,285200,1605366.0,5.61,5.6,5.59,5.58,5.57,5.56,5.55,5.54,5.53,5.52,5.62,5.63,5.64,5.65,5.66,5.67,5.68,5.69,5.7,5.71,13400,68900,57500,45600,12500,19300,65200,52700,84200,58500,19700,9200,1900,7500,38000,72200,41500,79500,61100,4500
162.0,5.62,285200,1605366.0,5.61,5.6,5.59,5.58,5.57,5.56,5.55,5.54,5.53,5.52,5.62,5.63,5.64,5.65,5.66,5.67,5.68,5.69,5.7,5.71,13400,68900,57500,45600,12500,19300,65200,52700,84200,58500,19700,9200,1900,10200,38000,72200,41500,79500,61100,4500
163.0,5.62,288600,1624474.0,5.61,5.6,5.59,5.58,5.57,5.56,5.55,5.54,5.53,5.52,5.62,5.63,5.64,5.65,5.66,5.67,5.68,5.69,5.7,5.71,13400,68900,57500,45600,12500,19300,65200,52700,84200,58500,16600,9200,1900,10200,38000,72200,41500,79500,61100,4500
164.0,5.62,289200,1627846.0,5.61,5.6,5.59,5.58,5.57,5.56,5.55,5.54,5.53,5.52,5.62,5.63,5.64,5.65,5.66,5.67,5.68,5.69,5.7,5.71,13400,68900,57500,45600,12500,19300,65200,52700,84200,58500,16000,9200,1900,10200,38000,72200,41500,79500,61100,4500
165.0,5.62,289200,1627846.0,5.61,5.6,5.59,5.58,5.57,5.56,5.55,5.54,5.53,5.52,5.62,5.63,5.64,5.65,5.66,5.67,5.68,5.69,5.7,5.71,13400,68900,57500,45600,12500,19300,65200,52700,84200,58500,19900,9200,1900,10200,38000,72200,41500,79500,61100,4500
166.0,5.61,291900,1643010.0,5.61,5.6,5.59,5.58,5.57,5.56,5.55,5.54,5.53,5.52,5.62,5.63,5.64,5.65,5.66,5.67,5.68,5.69,5.7,5.71,12400,68900,57500,45600,12500,19300,65200,52700,84200,58500,18200,9200,1900,10200,38000,72200,41500,79500,61100,4500
167.0,5.61,291900,1643010.0,5.61,5.6,5.59,5.58,5.57,5.56,5.55,5.54,5.53,5.52,5.62,5.63,5.64,5.65,5.66,5.67,5.68,5.69,5.7,5.71,12400,68900,57500,45600,12500,19300,65200,52700,84200,58500,18200,9200,1900,10200,38000,72200,41500,79500,61100,4500
168.0,5.61,291900,1643010.0,5.61,5.6,5.59,5.58,5.57,5.56,5.55,5.54,5.53,5.52,5.62,5.63,5.64,5.65,5.66,5.67,5.68,5.69,5.7,5.71,12400,68900,57500,45600,12500,19300,65200,52700,84200,58500,18200,9200,1900,10200,38000,72200,41500,79500,64100,4500
169.0,5.61,291900,1643010.0,5.61,5.6,5.59,5.58,5.57,5.56,5.55,5.54,5.53,5.52,5.62,5.63,5.64,5.65,5.66,5.67,5.68,5.69,5.7,5.71,12400,68900,57500,45600,12500,19300,65200,52700,84200,58500,18200,9200,1900,10200,38000,72200,41500,79500,64100,4500
170.0,5.62,296000,1666028.0,5.61,5.6,5.59,5.58,5.57,5.56,5.55,5.54,5.53,5.52,5.62,5.63,5.64,5.65,5.66,5.67,5.68,5.69,5.7,5.71,10000,68900,57500,45600,12500,19300,65200,52700,84200,58500,16500,9200,1900,10200,38000,72200,41500,79500,64100,4500
171.0,5.62,297600,1675020.0,5.61,5.6,5.59,5.58,5.57,5.56,5.55,5.54,5.53,5.52,5.62,5.63,5.64,5.65,5.66,5.67,5.68,5.69,5.7,5.71,10000,68900,57500,45600,12500,19300,65200,52700,84200,58500,14900,9200,1900,10200,38000,72200,41500,79500,64100,4500
172.0,5.62,297600,1675020.0,5.61,5.6,5.59,5.58,5.57,5.56,5.55,5.54,5.53,5.52,5.62,5.63,5.64,5.65,5.66,5.67,5.68,5.69,5.7,5.71,10000,68900,57500,45600,12500,19300,65200,53700,84200,58500,14900,9200,1900,10200,38000,72200,41500,79500,64100,4500
173.0,5.62,299000,1682888.0,5.61,5.6,5.59,5.58,5.57,5.56,5.55,5.54,5.53,5.52,5.62,5.63,5.64,5.65,5.66,5.67,5.68,5.69,5.7,5.71,10000,68900,57500,45600,12500,19300,65200,53700,84200,58500,13500,9200,1900,10200,38000,72200,51500,79500,64100,4500
174.0,5.62,299000,1682888.0,5.61,5.6,5.59,5.58,5.57,5.56,5.55,5.54,5.53,5.52,5.62,5.63,5.64,5.65,5.66,5.67,5.68,5.69,5.7,5.71,10900,68900,57500,45600,12500,19300,65200,53700,84200,58500,13500,9200,1900,9200,38000,72200,51500,79500,64100,4500
175.0,5.62,299000,1682888.0,5.61,5.6,5.59,5.58,5.57,5.56,5.55,5.54,5.53,5.52,5.62,5.63,5.64,5.65,5.66,5.67,5.68,5.69,5.7,5.71,10900,68900,57500,45600,12500,19300,65200,53700,84200,58500,13500,9200,1900,9200,38000,72200,51500,79500,64100,4500
176.0,5.62,299000,1682888.0,5.61,5.6,5.59,5.58,5.57,5.56,5.55,5.54,5.53,5.52,5.62,5.63,5.64,5.65,5.66,5.67,5.68,5.69,5.7,5.71,10900,68900,57500,45600,12500,19300,65200,53700,84200,58500,13500,9200,1900,9200,38000,72200,51500,79500,64100,4500
177.0,5.62,300400,1690756.0,5.61,5.6,5.59,5.58,5.57,5.56,5.55,5.54,5.53,5.52,5.62,5.63,5.64,5.65,5.66,5.67,5.68,5.69,5.7,5.71,10900,68900,57500,45600,12500,19300,65200,53700,84200,58500,12100,9200,1900,9200,38000,72200,51500,79500,64100,4500
178.0,5.62,301600,1697500.0,5.61,5.6,5.59,5.58,5.57,5.56,5.55,5.54,5.53,5.52,5.62,5.63,5.64,5.65,5.66,5.67,5.68,5.69,5.7,5.71,10900,68900,57500,45600,12500,19300,65200,53700,84200,58500,11300,9200,1900,9200,38000,72200,51500,79500,64100,4500
179.0,5.61,308100,1733965.0,5.61,5.6,5.59,5.58,5.57,5.56,5.55,5.54,5.53,5.52,5.62,5.63,5.64,5.65,5.66,5.67,5.68,5.69,5.7,5.71,4400,68900,57500,45600,12500,19300,65200,53700,84200,58500,11300,9200,1900,9200,38000,72200,51500,79500,64100,4500
180.0,5.62,309200,1740147.0,5.61,5.6,5.59,5.58,5.57,5.56,5.55,5.54,5.53,5.52,5.62,5.63,5.64,5.65,5.66,5.67,5.68,5.69,5.7,5.71,4400,68900,57500,45600,12500,19300,65200,53700,84200,58500,10200,9200,1900,11300,38000,72200,51500,79500,64100,4500
181.0,5.61,310000,1744635.0,5.61,5.6,5.59,5.58,5.57,5.56,5.55,5.54,5.53,5.52,5.62,5.63,5.64,5.65,5.66,5.67,5.68,5.69,5.7,5.71,3600,68900,57500,45600,12500,19300,65200,53700,84200,58500,10200,9200,1900,11300,38000,72200,51500,79500,64100,4500
182.0,5.62,310200,1745759.0,5.61,5.6,5.59,5.58,5.57,5.56,5.55,5.54,5.53,5.52,5.62,5.63,5.64,5.65,5.66,5.67,5.68,5.69,5.7,5.71,4100,68900,57500,45600,12500,19300,65200,53700,84200,58500,10000,9200,1900,11300,38000,72200,51500,79500,64100,4500
183.0,5.62,310200,1745759.0,5.61,5.6,5.59,5.58,5.57,5.56,5.55,5.54,5.53,5.52,5.62,5.63,5.64,5.65,5.66,5.67,5.68,5.69,5.7,5.71,4100,68900,57500,45600,12500,19300,65200,53700,84200,58500,10000,9200,1900,11300,38000,72200,51500,79500,64100,4500
184.0,5.62,311200,1751379.0,5.61,5.6,5.59,5.58,5.57,5.56,5.55,5.54,5.53,5.52,5.62,5.63,5.64,5.65,5.66,5.67,5.68,5.69,5.7,5.71,4100,68900,57500,45600,12500,19300,65200,53700,84200,58500,9000,9200,1900,11300,38000,72200,51500,79500,64100,4500
185.0,5.61,315300,1774380.0,5.6,5.59,5.58,5.57,5.56,5.55,5.54,5.53,5.52,5.51,5.61,5.62,5.63,5.64,5.65,5.66,5.67,5.68,5.69,5.7,68900,60500,45600,12500,19300,65200,53700,84200,58500,54500,1600,9000,9200,1900,11300,38000,72200,51500,79500,64100
186.0,5.61,315400,1774941.0,5.6,5.59,5.58,5.57,5.56,5.55,5.54,5.53,5.52,5.51,5.61,5.62,5.63,5.64,5.65,5.66,5.67,5.68,5.69,5.7,68900,60500,45600,12500,19300,65200,53700,84200,58500,54500,9600,10000,9200,1900,11300,38000,72200,51500,79500,64100
187.0,5.61,316300,1779990.0,5.6,5.59,5.58,5.57,5.56,5.55,5.54,5.53,5.52,5.51,5.61,5.62,5.63,5.64,5.65,5.66,5.67,5.68,5.69,5.7,68900,60500,45600,12500,19300,65200,53700,84200,58500,54500,8700,10000,9200,1900,11300,38000,72200,51500,79500,64100
188.0,5.61,316300,1779990.0,5.6,5.59,5.58,5.57,5.56,5.55,5.54,5.53,5.52,5.51,5.61,5.62,5.63,5.64,5.65,5.66,5.67,5.68,5.69,5.7,68900,60800,45600,12500,19300,65200,53700,84200,58500,54500,8700,10000,9200,1900,11300,38000,72200,51500,79500,64100
189.0,5.61,316300,1779990.0,5.6,5.59,5.58,5.57,5.56,5.55,5.54,5.53,5.52,5.51,5.61,5.62,5.63,5.64,5.65,5.66,5.67,5.68,5.69,5.7,68900,60800,45600,12500,19300,65200,53700,84200,58500,54500,8700,10000,9200,1900,11300,38000,72200,51500,79500,64100
190.0,5.61,324800,1827675.0,5.6,5.59,5.58,5.57,5.56,5.55,5.54,5.53,5.52,5.51,5.61,5.62,5.63,5.64,5.65,5.66,5.67,5.68,5.69,5.7,68900,60800,45600,12500,19300,65200,53700,84200,58500,54500,200,10000,9200,1900,11300,38000,72200,51500,79500,64100
191.0,5.61,324800,1827675.0,5.6,5.59,5.58,5.57,5.56,5.55,5.54,5.53,5.52,5.51,5.61,5.62,5.63,5.64,5.65,5.66,5.67,5.68,5.69,5.7,68900,60800,45600,12500,19300,65200,53700,84200,58500,54500,300,10000,9200,1900,11300,38000,72200,51500,79500,64100
192.0,5.61,324800,1827675.0,5.6,5.59,5.58,5.57,5.56,5.55,5.54,5.53,5.52,5.51,5.61,5.62,5.63,5.64,5.65,5.66,5.67,5.68,5.69,5.7,68900,60800,45600,12500,19300,65200,53700,84200,58500,54500,300,10000,9200,1900,11300,38000,72200,51500,79500,64100
193.0,5.61,324800,1827675.0,5.6,5.59,5.58,5.57,5.56,5.55,5.54,5.53,5.52,5.51,5.61,5.62,5.63,5.64,5.65,5.66,5.67,5.68,5.69,5.7,68900,60800,45600,12500,19300,65200,53700,84200,58500,54500,300,10000,9200,1900,11300,38000,72200,51500,79500,64100
194.0,5.61,324800,1827675.0,5.6,5.59,5.58,5.57,5.56,5.55,5.54,5.53,5.52,5.51,5.61,5.62,5.63,5.64,5.65,5.66,5.67,5.68,5.69,5.7,73900,60800,45600,12500,19300,65200,53700,84200,58500,54500,500,10000,9200,1900,11300,38000,72200,51500,79500,64100
195.0,5.61,324800,1827675.0,5.6,5.59,5.58,5.57,5.56,5.55,5.54,5.53,5.52,5.51,5.61,5.62,5.63,5.64,5.65,5.66,5.67,5.68,5.69,5.7,73900,60800,45600,15500,19300,65200,53700,84200,58500,54500,500,10000,9200,1900,11300,38000,72200,51500,79500,64100
196.0,5.6,324900,1828235.0,5.6,5.59,5.58,5.57,5.56,5.55,5.54,5.53,5.52,5.51,5.61,5.62,5.63,5.64,5.65,5.66,5.67,5.68,5.69,5.7,73800,60800,45600,15500,29300,65200,53700,84200,58500,54500,500,10000,9200,1900,11300,38000,72200,51500,79500,64100
197.0,5.6,324900,1828235.0,5.6,5.59,5.58,5.57,5.56,5.55,5.54,5.53,5.52,5.51,5.61,5.62,5.63,5.64,5.65,5.66,5.67,5.68,5.69,5.7,73800,60800,45600,15500,29300,65200,53700,84200,58500,54500,500,10000,9200,1900,11500,38000,72200,51500,79500,64100
198.0,5.6,324900,1828235.0,5.6,5.59,5.58,5.57,5.56,5.55,5.54,5.53,5.52,5.51,5.61,5.62,5.63,5.64,5.65,5.66,5.67,5.68,5.69,5.7,73800,60800,45600,15500,29300,65200,53700,84200,58500,54500,500,10000,9200,1900,11500,38000,72200,51500,79500,64100
199.0,5.6,324900,1828235.0,5.6,5.59,5.58,5.57,5.56,5.55,5.54,5.53,5.52,5.51,5.61,5.62,5.63,5.64,5.65,5.66,5.67,5.68,5.69,5.7,73800,60800,45600,15500,29300,65200,53700,84200,58500,54500,500,10000,9200,1900,11500,38000,72200,51500,79500,64100
200.0,5.6,324900,1828235.0,5.6,5.59,5.58,5.57,5.56,5.55,5.54,5.53,5.52,5.51,5.61,5.62,5.63,5.64,5.65,5.66,5.67,5.68,5.69,5.7,73800,60800,45600,15500,29300,65200,53700,84200,58500,54500,500,10000,9200,1900,11500,38000,72200,51500,79500,64100
201.0,5.6,324900,1828235.0,5.6,5.59,5.58,5.57,5.56,5.55,5.54,5.53,5.52,5.51,5.61,5.62,5.63,5.64,5.65,5.66,5.67,5.68,5.69,5.7,73800,60800,45600,15500,29300,65200,53700,84200,58500,54500,2400,13000,9200,1900,11500,38000,72200,51500,79500,64100
202.0,5.6,324900,1828235.0,5.6,5.59,5.58,5.57,5.56,5.55,5.54,5.53,5.52,5.51,5.61,5.62,5.63,5.64,5.65,5.66,5.67,5.68,5.69,5.7,73800,60800,45600,12500,29300,65200,53700,84200,58500,54500,2500,13000,9200,1900,11500,38000,72200,51500,79500,64100
203.0,5.61,327800,1844503.0,5.6,5.59,5.58,5.57,5.56,5.55,5.54,5.53,5.52,5.51,5.61,5.62,5.63,5.64,5.65,5.66,5.67,5.68,5.69,5.7,73700,60800,45600,12500,29300,65200,53700,84200,58500,54500,1800,13000,9200,1900,11500,38000,72200,51500,79500,64100
204.0,5.61,328000,1845625.0,5.6,5.59,5.58,5.57,5.56,5.55,5.54,5.53,5.52,5.51,5.61,5.62,5.63,5.64,5.65,5.66,5.67,5.68,5.69,5.7,73700,60800,45600,12500,29300,65200,53700,84200,58500,54500,3500,13000,9200,1900,11500,38000,72200,51500,79500,64100
205.0,5.61,328700,1849552.0,5.6,5.59,5.58,5.57,5.56,5.55,5.54,5.53,5.52,5.51,5.61,5.62,5.63,5.64,5.65,5.66,5.67,5.68,5.69,5.7,73700,60800,45600,12500,29300,65200,53700,84200,58500,54500,2800,13000,9200,1900,11500,38000,72200,51500,79500,64100
206.0,5.61,328700,1849552.0,5.6,5.59,5.58,5.57,5.56,5.55,5.54,5.53,5.52,5.51,5.61,5.62,5.63,5.64,5.65,5.66,5.67,5.68,5.69,5.7,74700,60800,45600,12500,29300,65200,53700,84200,58500,54500,4600,13000,9200,1900,11500,38000,72200,51500,79500,64100
207.0,5.61,328700,1849552.0,5.6,5.59,5.58,5.57,5.56,5.55,5.54,5.53,5.52,5.51,5.61,5.62,5.63,5.64,5.65,5.66,5.67,5.68,5.69,5.7,74700,60800,45600,12500,29300,65200,53700,84200,58500,54500,4600,13000,9200,1900,11500,38000,72200,51500,79500,64100
208.0,5.61,333300,1875358.0,5.61,5.6,5.59,5.58,5.57,5.56,5.55,5.54,5.53,5.52,5.62,5.63,5.64,5.65,5.66,5.67,5.68,5.69,5.7,5.71,17000,74700,60800,45600,12500,29300,65200,53700,84200,58500,13000,9200,4900,11500,38000,72200,51500,79500,64100,4500
209.0,5.61,335300,1886578.0,5.61,5.6,5.59,5.58,5.57,5.56,5.55,5.54,5.53,5.52,5.62,5.63,5.64,5.65,5.66,5.67,5.68,5.69,5.7,5.71,15000,69700,60800,45600,12500,29300,65200,53700,84200,58500,13000,9200,4900,11500,38000,72200,51500,79500,64100,4500
210.0,5.61,335300,1886578.0,5.61,5.6,5.59,5.58,5.57,5.56,5.55,5.54,5.53,5.52,5.62,5.63,5.64,5.65,5.66,5.67,5.68,5.69,5.7,5.71,15000,71400,60800,45600,12500,29300,65200,53700,84200,58500,13000,9200,4900,11500,38000,72200,51500,79500,64100,4500
211.0,5.62,336600,1893884.0,5.61,5.6,5.59,5.58,5.57,5.56,5.55,5.54,5.53,5.52,5.62,5.63,5.64,5.65,5.66,5.67,5.68,5.69,5.7,5.71,15000,71400,60800,45600,12500,29300,65200,53700,84200,58500,11700,9200,4900,11500,38000,72200,51500,79500,64100,4500
212.0,5.62,336600,1893884.0,5.61,5.6,5.59,5.58,5.57,5.56,5.55,5.54,5.53,5.52,5.62,5.63,5.64,5.65,5.66,5.67,5.68,5.69,5.7,5.71,15000,71400,65800,45600,12500,29300,65200,53700,84200,58500,11700,9200,4900,11500,38000,72200,51500,79500,64100,4500
213.0,5.61,336800,1895006.0,5.61,5.6,5.59,5.58,5.57,5.56,5.55,5.54,5.53,5.52,5.62,5.63,5.64,5.65,5.66,5.67,5.68,5.69,5.7,5.71,14800,73000,65800,45600,12500,29300,65200,53700,84200,58500,11700,9200,4900,11500,38000,72200,51500,79500,64100,4500
214.0,5.61,336800,1895006.0,5.61,5.6,5.59,5.58,5.57,5.56,5.55,5.54,5.53,5.52,5.62,5.63,5.64,5.65,5.66,5.67,5.68,5.69,5.7,5.71,14800,73000,65800,45600,12500,29300,65200,53700,84200,58500,11700,9200,4900,12500,38000,72200,51500,79500,64100,4500
215.0,5.62,337900,1901188.0,5.61,5.6,5.59,5.58,5.57,5.56,5.55,5.54,5.53,5.52,5.62,5.63,5.64,5.65,5.66,5.67,5.68,5.69,5.7,5.71,14800,73000,65800,45600,12500,29300,65200,53700,84200,58500,10600,9200,4900,12500,38000,72200,51500,79500,64100,4500
216.0,5.62,341000,1918610.0,5.61,5.6,5.59,5.58,5.57,5.56,5.55,5.54,5.53,5.52,5.62,5.63,5.64,5.65,5.66,5.67,5.68,5.69,5.7,5.71,15400,73000,65800,45600,12500,29300,65200,53700,84200,58500,7500,9200,4900,12500,38000,72200,51500,79500,64100,4500
217.0,5.62,341000,1918610.0,5.61,5.6,5.59,5.58,5.57,5.56,5.55,5.54,5.53,5.52,5.62,5.63,5.64,5.65,5.66,5.67,5.68,5.69,5.7,5.71,15400,73000,65800,45600,12500,29300,65200,53700,84200,58500,7500,9200,4900,12500,38000,72200,51500,79500,64100,4500
218.0,5.61,342400,1926477.0,5.61,5.6,5.59,5.58,5.57,5.56,5.55,5.54,5.53,5.52,5.62,5.63,5.64,5.65,5.66,5.67,5.68,5.69,5.7,5.71,15300,73000,65800,45600,12500,29300,65200,53700,84200,58500,6200,9200,4900,12500,38000,72200,51500,79500,64100,4500
219.0,5.61,342400,1926477.0,5.61,5.6,5.59,5.58,5.57,5.56,5.55,5.54,5.53,5.52,5.62,5.63,5.64,5.65,5.66,5.67,5.68,5.69,5.7,5.71,20300,73000,65800,45600,12500,29300,65200,53700,84200,58500,6200,9200,4900,12500,38000,72200,51500,79500,64100,4500
220.0,5.61,342400,1926477.0,5.61,5.6,5.59,5.58,5.57,5.56,5.55,5.54,5.53,5.52,5.62,5.63,5.64,5.65,5.66,5.67,5.68,5.69,5.7,5.71,20300,73000,65800,45600,12500,29300,65200,53700,84200,58500,6200,9200,4900,12500,38000,72200,51500,79500,64100,4500
221.0,5.62,343000,1929849.0,5.61,5.6,5.59,5.58,5.57,5.56,5.55,5.54,5.53,5.52,5.62,5.63,5.64,5.65,5.66,5.67,5.68,5.69,5.7,5.71,20300,73000,65800,45600,12500,29300,65200,53700,84200,58500,6100,9200,4900,12500,38000,72200,51500,79500,64100,4500
222.0,5.61,343600,1933215.0,5.61,5.6,5.59,5.58,5.57,5.56,5.55,5.54,5.53,5.52,5.62,5.63,5.64,5.65,5.66,5.67,5.68,5.69,5.7,5.71,19700,73000,62800,45600,12500,29300,65200,53700,84200,58500,6100,9200,4900,12500,38000,72200,51500,79500,64100,4500
223.0,5.61,343600,1933215.0,5.61,5.6,5.59,5.58,5.57,5.56,5.55,5.54,5.53,5.52,5.62,5.63,5.64,5.65,5.66,5.67,5.68,5.69,5.7,5.71,19700,73000,62800,45600,12500,29300,65200,53700,84200,58500,6100,9200,4900,12500,38000,72200,51500,79500,64100,4500
224.0,5.61,343600,1933215.0,5.61,5.6,5.59,5.58,5.57,5.56,5.55,5.54,5.53,5.52,5.62,5.63,5.64,5.65,5.66,5.67,5.68,5.69,5.7,5.71,19700,76000,62800,45600,12500,29300,65200,53700,84200,58500,6100,9200,4900,12500,40700,72200,51500,79500,64100,4500
225.0,5.62,344300,1937149.0,5.61,5.6,5.59,5.58,5.57,5.56,5.55,5.54,5.53,5.52,5.62,5.63,5.64,5.65,5.66,5.67,5.68,5.69,5.7,5.71,19700,76000,62800,45600,12500,29300,65200,53700,84200,58500,5400,9200,4900,12500,40700,72200,51500,79500,64100,4500
226.0,5.61,344400,1937710.0,5.61,5.6,5.59,5.58,5.57,5.56,5.55,5.54,5.53,5.52,5.62,5.63,5.64,5.65,5.66,5.67,5.68,5.69,5.7,5.71,19600,76000,62800,45600,12500,29300,65200,53700,84200,58500,5400,9200,4900,12500,40700,72200,51500,79500,64100,4500
227.0,5.61,344400,1937710.0,5.61,5.6,5.59,5.58,5.57,5.56,5.55,5.54,5.53,5.52,5.62,5.63,5.64,5.65,5.66,5.67,5.68,5.69,5.7,5.71,19600,76000,62800,45600,12500,29300,65200,53700,84200,58500,5400,9200,4900,12500,40700,72200,51500,79500,64100,4500
228.0,5.61,355900,2002240.0,5.61,5.6,5.59,5.58,5.57,5.56,5.55,5.54,5.53,5.52,5.62,5.63,5.64,5.65,5.66,5.67,5.68,5.69,5.7,5.71,12600,76000,62800,45600,12500,29300,65200,53700,84200,58500,3900,9200,4900,12500,40700,72200,51500,79500,64100,4500
229.0,5.61,355900,2002240.0,5.61,5.6,5.59,5.58,5.57,5.56,5.55,5.54,5.53,5.52,5.62,5.63,5.64,5.65,5.66,5.67,5.68,5.69,5.7,5.71,12600,76000,62800,45600,12500,29300,65200,53700,84200,58500,3900,9200,4900,12500,40700,72200,51500,79500,64100,4500
230.0,5.61,360500,2028046.0,5.61,5.6,5.59,5.58,5.57,5.56,5.55,5.54,5.53,5.52,5.62,5.63,5.64,5.65,5.66,5.67,5.68,5.69,5.7,5.71,8000,76000,62800,45600,12500,29300,65200,53700,84200,58500,3900,9200,4900,12500,40700,72200,51500,79500,64100,4500
231.0,5.61,360600,2028607.0,5.61,5.6,5.59,5.58,5.57,5.56,5.55,5.54,5.53,5.52,5.62,5.63,5.64,5.65,5.66,5.67,5.68,5.69,5.7,5.71,8100,76000,62800,45600,12500,29300,65200,53700,84200,58500,3900,9200,4900,12500,40700,72200,51500,79500,64100,4500
232.0,5.61,364600,2051047.0,5.61,5.6,5.59,5.58,5.57,5.56,5.55,5.54,5.53,5.52,5.62,5.63,5.64,5.65,5.66,5.67,5.68,5.69,5.7,5.71,4100,76000,62800,45600,12500,29300,65200,53700,84200,58500,3900,9200,4900,12500,40700,72200,51500,79500,64100,4500
233.0,5.61,364600,2051047.0,5.61,5.6,5.59,5.58,5.57,5.56,5.55,5.54,5.53,5.52,5.62,5.63,5.64,5.65,5.66,5.67,5.68,5.69,5.7,5.71,4100,76000,62800,45600,12500,29300,65200,53700,84200,58500,3900,9200,26400,12500,40700,72200,51500,79500,64100,4500
234.0,5.61,365100,2053852.0,5.61,5.6,5.59,5.58,5.57,5.56,5.55,5.54,5.53,5.52,5.62,5.63,5.64,5.65,5.66,5.67,5.68,5.69,5.7,5.71,3600,76000,62800,45600,12500,29300,65200,53700,84200,58500,3900,9200,26400,12500,40700,72200,51500,79500,64100,4500
235.0,5.61,365100,2053852.0,5.61,5.6,5.59,5.58,5.57,5.56,5.55,5.54,5.53,5.52,5.62,5.63,5.64,5.65,5.66,5.67,5.68,5.69,5.7,5.71,3600,76000,62800,45600,12500,29300,65200,53700,84200,58500,3900,9200,26400,12500,40700,72200,51500,79500,64100,4500
236.0,5.61,365200,2054413.0,5.61,5.6,5.59,5.58,5.57,5.56,5.55,5.54,5.53,5.52,5.62,5.63,5.64,5.65,5.66,5.67,5.68,5.69,5.7,5.71,3500,76000,62800,45600,12500,29300,65200,53700,84200,58500,3900,9200,26400,12500,40700,72200,51500,79500,64100,4500
237.0,5.61,365200,2054413.0,5.61,5.6,5.59,5.58,5.57,5.56,5.55,5.54,5.53,5.52,5.62,5.63,5.64,5.65,5.66,5.67,5.68,5.69,5.7,5.71,3500,76000,62800,45600,12500,29600,65200,53700,84200,58500,3900,9200,26400,12500,40700,72200,51500,79500,64100,4500
238.0,5.61,365200,2054413.0,5.61,5.6,5.59,5.58,5.57,5.56,5.55,5.54,5.53,5.52,5.62,5.63,5.64,5.65,5.66,5.67,5.68,5.69,5.7,5.71,3500,76000,62800,45600,12500,29600,65200,53700,84200,58500,3900,9200,26400,12500,40700,72200,51500,79500,64100,4500
239.0,5.61,365200,2054413.0,5.61,5.6,5.59,5.58,5.57,5.56,5.55,5.54,5.53,5.52,5.62,5.63,5.64,5.65,5.66,5.67,5.68,5.69,5.7,5.71,3500,76000,62800,45600,12500,29600,65200,53700,84200,58500,3900,9200,26400,12500,40700,72200,51500,79500,64100,4500
240.0,5.62,365900,2058347.0,5.61,5.6,5.59,5.58,5.57,5.56,5.55,5.54,5.53,5.52,5.62,5.63,5.64,5.65,5.66,5.67,5.68,5.69,5.7,5.71,3500,76000,62800,45600,12500,29600,65200,53700,84200,58500,1500,9200,26400,12500,40700,72200,51500,79500,64100,4500
241.0,5.62,366000,2058909.0,5.61,5.6,5.59,5.58,5.57,5.56,5.55,5.54,5.53,5.52,5.62,5.63,5.64,5.65,5.66,5.67,5.68,5.69,5.7,5.71,3500,76000,62800,45600,12500,29600,68200,53700,84200,58500,1400,9200,25800,12500,40700,72200,51500,79500,64100,4500
242.0,5.62,366000,2058909.0,5.61,5.6,5.59,5.58,5.57,5.56,5.55,5.54,5.53,5.52,5.62,5.63,5.64,5.65,5.66,5.67,5.68,5.69,5.7,5.71,3500,76000,62800,45600,12500,29600,68200,53700,84200,58500,1400,9200,25800,12500,40700,72200,51500,79500,64100,4500
243.0,5.62,366000,2058909.0,5.61,5.6,5.59,5.58,5.57,5.56,5.55,5.54,5.53,5.52,5.62,5.63,5.64,5.65,5.66,5.67,5.68,5.69,5.7,5.71,3500,76000,62800,45600,12500,29600,68200,53700,84200,58500,1400,9200,25800,12500,40700,72200,51500,79500,64100,4500
244.0,5.62,366000,2058909.0,5.61,5.6,5.59,5.58,5.57,5.56,5.55,5.54,5.53,5.52,5.62,5.63,5.64,5.65,5.66,5.67,5.68,5.69,5.7,5.71,3500,76000,62800,45600,12500,29600,68200,53700,84200,58500,1400,9200,25800,12500,40700,72200,51500,79500,64100,4500
245.0,5.61,366300,2060592.0,5.61,5.6,5.59,5.58,5.57,5.56,5.55,5.54,5.53,5.52,5.62,5.63,5.64,5.65,5.66,5.67,5.68,5.69,5.7,5.71,3200,76000,62800,45600,12500,29600,68200,53700,84200,58500,1400,9200,25800,12500,40700,72200,51500,79500,64100,4500
246.0,5.62,366500,2061716.0,5.61,5.6,5.59,5.58,5.57,5.56,5.55,5.54,5.53,5.52,5.62,5.63,5.64,5.65,5.66,5.67,5.68,5.69,5.7,5.71,3200,76000,62800,45600,12500,29600,68200,53700,84200,58500,1200,9200,25800,12500,40700,72200,51500,79500,64100,4500
247.0,5.62,366500,2061716.0,5.61,5.6,5.59,5.58,5.57,5.56,5.55,5.54,5.53,5.52,5.62,5.63,5.64,5.65,5.66,5.67,5.68,5.69,5.7,5.71,3200,76000,62800,45600,12500,29600,68200,53700,84200,58500,1200,9200,25800,12500,40700,72200,51500,79500,64100,4500
248.0,5.61,366900,2063960.0,5.61,5.6,5.59,5.58,5.57,5.56,5.55,5.54,5.53,5.52,5.62,5.63,5.64,5.65,5.66,5.67,5.68,5.69,5.7,5.71,2800,76000,62800,45600,12500,29600,68200,53700,84200,58500,1200,9200,25800,12500,40700,72200,51500,79500,64100,4500
249.0,5.61,366900,2063960.0,5.61,5.6,5.59,5.58,5.57,5.56,5.55,5.54,5.53,5.52,5.62,5.63,5.64,5.65,5.66,5.67,5.68,5.69,5.7,5.71,2800,76000,62800,45600,12500,29600,68200,53700,84200,58500,1200,9200,25800,12500,40700,72200,51500,79500,64100,4500
250.0,5.61,369500,2078546.0,5.61,5.6,5.59,5.58,5.57,5.56,5.55,5.54,5.53,5.52,5.62,5.63,5.64,5.65,5.66,5.67,5.68,5.69,5.7,5.71,200,76000,62800,45600,12500,29600,68200,53700,84200,58500,8000,9200,25800,12500,40700,72200,51500,79500,64100,4500
251.0,5.61,371300,2088660.0,5.6,5.59,5.58,5.57,5.56,5.55,5.54,5.53,5.52,5.51,5.61,5.62,5.63,5.64,5.65,5.66,5.67,5.68,5.69,5.7,76000,62800,45600,12500,29600,68200,53700,84200,58500,54500,500,6400,9200,25800,12500,40700,72200,51500,79500,64100
252.0,5.61,371300,2088660.0,5.6,5.59,5.58,5.57,5.56,5.55,5.54,5.53,5.52,5.51,5.61,5.62,5.63,5.64,5.65,5.66,5.67,5.68,5.69,5.7,76000,62800,45600,12500,29600,68200,53700,84200,58500,54500,500,6400,9200,25800,12500,40700,72200,51500,79500,64100
253.0,5.61,371300,2088660.0,5.6,5.59,5.58,5.57,5.56,5.55,5.54,5.53,5.52,5.51,5.61,5.62,5.63,5.64,5.65,5.66,5.67,5.68,5.69,5.7,76000,62800,45600,12500,29600,68200,53700,84200,58500,54500,800,6400,9200,25800,12500,40700,72200,51500,79500,64100
254.0,5.6,373200,2099305.0,5.6,5.59,5.58,5.57,5.56,5.55,5.54,5.53,5.52,5.51,5.61,5.62,5.63,5.64,5.65,5.66,5.67,5.68,5.69,5.7,74600,62800,45600,12500,29600,68200,53700,84200,58500,54500,13800,6400,9200,25800,12500,33700,72200,51500,79500,64100
255.0,5.6,373200,2099305.0,5.6,5.59,5.58,5.57,5.56,5.55,5.54,5.53,5.52,5.51,5.61,5.62,5.63,5.64,5.65,5.66,5.67,5.68,5.69,5.7,74600,62800,45600,12500,29600,68200,53700,84200,58500,54500,13800,6400,9200,25800,12500,33700,72200,51500,79500,64100
256.0,5.6,373200,2099305.0,5.6,5.59,5.58,5.57,5.56,5.55,5.54,5.53,5.52,5.51,5.61,5.62,5.63,5.64,5.65,5.66,5.67,5.68,5.69,5.7,74600,62800,45600,12500,29600,68200,53700,84200,58500,54500,13800,6400,9200,25800,12500,33700,72200,51500,79500,64100
257.0,5.6,373200,2099305.0,5.6,5.59,5.58,5.57,5.56,5.55,5.54,5.53,5.52,5.51,5.61,5.62,5.63,5.64,5.65,5.66,5.67,5.68,5.69,5.7,75000,62800,45600,12500,29600,68200,53700,84200,58500,54500,13800,6400,9200,25800,12500,33700,72200,51500,79500,64100
258.0,5.6,373200,2099305.0,5.6,5.59,5.58,5.57,5.56,5.55,5.54,5.53,5.52,5.51,5.61,5.62,5.63,5.64,5.65,5.66,5.67,5.68,5.69,5.7,75000,62800,45600,12500,29600,68200,53700,84200,58500,54500,13900,6400,9200,25800,12500,33700,72200,51500,79500,64100
259.0,5.6,373200,2099305.0,5.6,5.59,5.58,5.57,5.56,5.55,5.54,5.53,5.52,5.51,5.61,5.62,5.63,5.64,5.65,5.66,5.67,5.68,5.69,5.7,75000,62800,45600,12500,29600,68200,53700,84200,58500,54500,13900,6400,9200,25800,12500,33700,72200,51500,79500,64100
260.0,5.6,373200,2099305.0,5.6,5.59,5.58,5.57,5.56,5.55,5.54,5.53,5.52,5.51,5.61,5.62,5.63,5.64,5.65,5.66,5.67,5.68,5.69,5.7,75000,62800,45600,12500,29600,68200,53700,84200,58500,54500,13900,6400,9200,25800,12500,33700,72200,51500,79500,64100
261.0,5.6,373200,2099305.0,5.6,5.59,5.58,5.57,5.56,5.55,5.54,5.53,5.52,5.51,5.61,5.62,5.63,5.64,5.65,5.66,5.67,5.68,5.69,5.7,75000,62800,45600,12500,29600,68200,53700,84200,58500,54500,13900,6400,9200,25800,12500,33700,72200,51500,79500,64100
262.0,5.6,373200,2099305.0,5.6,5.59,5.58,5.57,5.56,5.55,5.54,5.53,5.52,5.51,5.61,5.62,5.63,5.64,5.65,5.66,5.67,5.68,5.69,5.7,75000,62800,45600,12500,29600,68200,53700,84200,58500,54500,13900,6400,9200,25800,12500,33700,72200,51500,79500,64100
263.0,5.6,404600,2275185.0,5.6,5.59,5.58,5.57,5.56,5.55,5.54,5.53,5.52,5.51,5.61,5.62,5.63,5.64,5.65,5.66,5.67,5.68,5.69,5.7,47600,62800,45600,13500,31400,68200,53700,84200,58500,54500,9900,6400,9200,25800,12500,33700,82200,51500,79500,64100
264.0,5.6,404600,2275185.0,5.6,5.59,5.58,5.57,5.56,5.55,5.54,5.53,5.52,5.51,5.61,5.62,5.63,5.64,5.65,5.66,5.67,5.68,5.69,5.7,47600,62800,45600,13500,31400,68200,53700,84200,58500,54500,9900,6400,9200,25800,12500,33700,82200,51500,79500,64100
265.0,5.6,404600,2275185.0,5.6,5.59,5.58,5.57,5.56,5.55,5.54,5.53,5.52,5.51,5.61,5.62,5.63,5.64,5.65,5.66,5.67,5.68,5.69,5.7,47600,62800,45600,13500,31400,68200,53700,84200,58500,54500,9900,6400,9200,25800,12500,33700,82200,51500,79500,64100
266.0,5.61,405500,2280234.0,5.6,5.59,5.58,5.57,5.56,5.55,5.54,5.53,5.52,5.51,5.61,5.62,5.63,5.64,5.65,5.66,5.67,5.68,5.69,5.7,47600,62800,45600,13500,31400,68200,53700,84200,58500,54500,9000,6400,9200,25800,12500,33700,82200,51500,79500,64100
267.0,5.61,406400,2285283.0,5.6,5.59,5.58,5.57,5.56,5.55,5.54,5.53,5.52,5.51,5.61,5.62,5.63,5.64,5.65,5.66,5.67,5.68,5.69,5.7,47600,63800,45600,13500,31400,68200,53700,84200,58500,54500,8100,6400,9200,25800,12500,33700,82200,51500,79500,64100
268.0,5.6,409200,2300967.0,5.6,5.59,5.58,5.57,5.56,5.55,5.54,5.53,5.52,5.51,5.61,5.62,5.63,5.64,5.65,5.66,5.67,5.68,5.69,5.7,45200,63800,45600,13500,31400,68200,53700,84200,58500,54500,7700,6400,9200,25800,12500,33700,82200,51500,79500,64100
269.0,5.6,409200,2300967.0,5.6,5.59,5.58,5.57,5.56,5.55,5.54,5.53,5.52,5.51,5.61,5.62,5.63,5.64,5.65,5.66,5.67,5.68,5.69,5.7,45200,63800,45600,13500,31400,68200,53700,84200,58500,54500,7700,6400,4400,25800,12500,33700,82200,51500,79500,64100
270.0,5.61,409900,2304894.0,5.6,5.59,5.58,5.57,5.56,5.55,5.54,5.53,5.52,5.51,5.61,5.62,5.63,5.64,5.65,5.66,5.67,5.68,5.69,5.7,45200,63800,45600,13500,31400,68200,53700,84200,58500,54500,7000,6400,4400,25800,12500,33700,82200,51500,79500,64100
271.0,5.6,410300,2307135.0,5.6,5.59,5.58,5.57,5.56,5.55,5.54,5.53,5.52,5.51,5.61,5.63,5.64,5.65,5.66,5.67,5.68,5.69,5.7,5.71,44900,63800,45600,13500,31400,68200,53700,84200,58500,54500,9900,4400,25800,12500,33700,82200,53500,79500,64600,4500
272.0,5.6,413300,2323935.0,5.6,5.59,5.58,5.57,5.56,5.55,5.54,5.53,5.52,5.51,5.61,5.63,5.64,5.65,5.66,5.67,5.68,5.69,5.7,5.71,41900,63800,45600,13500,31400,68200,53700,84200,58500,54500,13700,9700,25800,12500,33700,82200,53500,79500,64600,4500
273.0,5.61,414600,2331228.0,5.6,5.59,5.58,5.57,5.56,5.55,5.54,5.53,5.52,5.51,5.61,5.63,5.64,5.65,5.66,5.67,5.68,5.69,5.7,5.71,41900,63800,45600,13500,31400,68200,53700,84200,58500,54500,12400,9700,25800,12500,33700,82200,53500,79500,64600,4500
274.0,5.61,414600,2331228.0,5.6,5.59,5.58,5.57,5.56,5.55,5.54,5.53,5.52,5.51,5.61,5.63,5.64,5.65,5.66,5.67,5.68,5.69,5.7,5.71,41900,63800,47200,13500,31400,68200,53700,84200,58500,54500,12400,9700,25800,12500,33700,82200,53500,79500,64600,4500
275.0,5.61,418200,2351424.0,5.6,5.59,5.58,5.57,5.56,5.55,5.54,5.53,5.52,5.51,5.61,5.63,5.64,5.65,5.66,5.67,5.68,5.69,5.7,5.71,41900,63800,47200,13500,31400,68200,53700,84200,58500,54500,8800,9700,25800,12500,33700,82200,53500,79500,64600,4500
276.0,5.61,420400,2363752.0,5.6,5.59,5.58,5.57,5.56,5.55,5.54,5.53,5.52,5.51,5.61,5.63,5.64,5.65,5.66,5.67,5.68,5.69,5.7,5.71,40500,63800,47200,13500,31400,68200,53700,84200,58500,54500,8000,9700,25800,12500,33700,82200,53500,79500,64600,4500
277.0,5.61,420400,2363752.0,5.6,5.59,5.58,5.57,5.56,5.55,5.54,5.53,5.52,5.51,5.61,5.63,5.64,5.65,5.66,5.67,5.68,5.69,5.7,5.71,40500,63800,47200,13500,31400,68200,53700,84200,58500,54500,8000,9700,25800,12500,33700,82200,53500,79500,64600,4500
278.0,5.61,420400,2363752.0,5.6,5.59,5.58,5.57,5.56,5.55,5.54,5.53,5.52,5.51,5.61,5.63,5.64,5.65,5.66,5.67,5.68,5.69,5.7,5.71,40500,63800,47200,13500,31400,68200,53700,84200,58500,54500,12200,9700,25800,12500,33700,82200,53500,79500,64600,4500
279.0,5.61,420400,2363752.0,5.6,5.59,5.58,5.57,5.56,5.55,5.54,5.53,5.52,5.51,5.61,5.63,5.64,5.65,5.66,5.67,5.68,5.69,5.7,5.71,40500,63800,47200,13500,31400,68200,53800,84200,58500,54500,12200,9700,25800,12500,33700,82200,53500,79500,64600,4500
280.0,5.61,422300,2374411.0,5.6,5.59,5.58,5.57,5.56,5.55,5.54,5.53,5.52,5.51,5.61,5.63,5.64,5.65,5.66,5.67,5.68,5.69,5.7,5.71,40500,64800,47200,13500,31400,68200,53800,84200,58500,54500,10300,9700,25800,12500,33700,82200,53500,79500,64600,4500
281.0,5.61,422300,2374411.0,5.6,5.59,5.58,5.57,5.56,5.55,5.54,5.53,5.52,5.51,5.61,5.63,5.64,5.65,5.66,5.67,5.68,5.69,5.7,5.71,40500,64800,47200,13500,31400,68200,53800,84200,58500,54500,10300,9700,25800,12500,33700,82200,53500,79500,64600,4500
282.0,5.6,443300,2492021.0,5.6,5.59,5.58,5.57,5.56,5.55,5.54,5.53,5.52,5.51,5.61,5.63,5.64,5.65,5.66,5.67,5.68,5.69,5.7,5.71,20500,64800,47200,13500,31400,68200,53800,84200,58500,54500,11800,9700,25800,12500,33700,82200,53500,79500,64600,4500
283.0,5.61,444400,2498192.0,5.6,5.59,5.58,5.57,5.56,5.55,5.54,5.53,5.52,5.51,5.61,5.63,5.64,5.65,5.66,5.67,5.68,5.69,5.7,5.71,20500,64800,47200,13500,31400,68200,53800,84200,58500,54500,10700,9700,25800,12500,33700,82200,53500,79500,64600,4500
284.0,5.61,444400,2498192.0,5.6,5.59,5.58,5.57,5.56,5.55,5.54,5.53,5.52,5.51,5.61,5.63,5.64,5.65,5.66,5.67,5.68,5.69,5.7,5.71,20500,64800,47200,13500,31400,68200,53800,84200,58500,54500,10700,9700,25800,12500,33700,82200,53500,79500,64600,4500
285.0,5.61,444400,2498192.0,5.6,5.59,5.58,5.57,5.56,5.55,5.54,5.53,5.52,5.51,5.61,5.63,5.64,5.65,5.66,5.67,5.68,5.69,5.7,5.71,20500,63400,47200,13500,31400,68200,53800,84200,58500,54500,10700,9700,25800,12500,33700,82200,53500,79500,64600,4500
286.0,5.61,444400,2498192.0,5.6,5.59,5.58,5.57,5.56,5.55,5.54,5.53,5.52,5.51,5.61,5.63,5.64,5.65,5.66,5.67,5.68,5.69,5.7,5.71,17500,63400,47200,13500,31400,68200,53800,84200,58500,54500,10700,9700,25800,12500,33700,82200,53500,79500,64600,4500
287.0,5.6,462700,2600703.0,5.6,5.59,5.58,5.57,5.56,5.55,5.54,5.53,5.52,5.51,5.61,5.63,5.64,5.65,5.66,5.67,5.68,5.69,5.7,5.71,37800,63400,47200,13500,31400,68200,53800,84200,58500,54500,7600,9700,25800,12500,33700,82200,53500,79500,64600,4500
288.0,5.6,463000,2602383.0,5.6,5.59,5.58,5.57,5.56,5.55,5.54,5.53,5.52,5.51,5.61,5.63,5.64,5.65,5.66,5.67,5.68,5.69,5.7,5.71,37500,63400,47200,13500,31400,68200,53800,84200,58500,54500,7600,9700,25800,12500,33700,82200,53500,79500,64600,4500
289.0,5.61,463700,2606310.0,5.6,5.59,5.58,5.57,5.56,5.55,5.54,5.53,5.52,5.51,5.61,5.63,5.64,5.65,5.66,5.67,5.68,5.69,5.7,5.71,37500,63400,47200,13500,31400,68200,53800,84200,58500,54500,6900,9700,25800,12500,33700,82200,53500,79500,64600,4500
290.0,5.6,466800,2623681.0,5.6,5.59,5.58,5.57,5.56,5.55,5.54,5.53,5.52,5.51,5.61,5.63,5.64,5.65,5.66,5.67,5.68,5.69,5.7,5.71,37000,63400,47200,13500,31400,68200,53800,84200,58500,54500,5800,9700,25800,12500,33700,82200,53500,79500,64600,4500
291.0,5.6,466800,2623681.0,5.6,5.59,5.58,5.57,5.56,5.55,5.54,5.53,5.52,5.51,5.61,5.63,5.64,5.65,5.66,5.67,5.68,5.69,5.7,5.71,37000,63400,47200,13500,31400,68200,53800,84200,58500,54500,5800,9700,25800,12500,33700,82200,53500,79500,64600,4500
292.0,5.6,466800,2623681.0,5.6,5.59,5.58,5.57,5.56,5.55,5.54,5.53,5.52,5.51,5.61,5.63,5.64,5.65,5.66,5.67,5.68,5.69,5.7,5.71,37000,63400,47200,13500,31400,68200,53800,87100,58500,54500,5800,9700,25800,12500,33700,82200,53500,79500,64600,4500
293.0,5.6,467400,2627046.0,5.6,5.59,5.58,5.57,5.56,5.55,5.54,5.53,5.52,5.51,5.61,5.63,5.64,5.65,5.66,5.67,5.68,5.69,5.7,5.71,36900,63400,47200,15000,31400,68200,53800,87100,58500,54500,5300,10700,25800,12500,33700,82200,53500,79500,64600,4500
294.0,5.6,467400,2627046.0,5.6,5.59,5.58,5.57,5.56,5.55,5.54,5.53,5.52,5.51,5.61,5.63,5.64,5.65,5.66,5.67,5.68,5.69,5.7,5.71,36900,63400,47200,15000,31400,68200,53800,87100,58500,54500,5300,10700,25800,12500,33700,82200,53500,79500,64600,4500
295.0,5.6,467400,2627046.0,5.6,5.59,5.58,5.57,5.56,5.55,5.54,5.53,5.52,5.51,5.61,5.63,5.64,5.65,5.66,5.67,5.68,5.69,5.7,5.71,36900,63400,47200,15000,31400,68200,53800,87100,58500,54500,5300,10700,25800,12500,33700,82200,53500,79500,64600,4500
296.0,5.6,467400,2627046.0,5.6,5.59,5.58,5.57,5.56,5.55,5.54,5.53,5.52,5.51,5.61,5.63,5.64,5.65,5.66,5.67,5.68,5.69,5.7,5.71,36900,63400,47200,15000,31400,68200,53800,87100,58500,54500,5300,10700,25800,12500,33700,82200,53500,79500,64600,4500
297.0,5.61,468400,2632656.0,5.6,5.59,5.58,5.57,5.56,5.55,5.54,5.53,5.52,5.51,5.61,5.63,5.64,5.65,5.66,5.67,5.68,5.69,5.7,5.71,36900,63400,47200,15000,31400,68200,53800,87100,58500,54500,4300,10700,25800,12500,33700,82200,53500,79500,64600,4500
298.0,5.61,468400,2632656.0,5.6,5.59,5.58,5.57,5.56,5.55,5.54,5.53,5.52,5.51,5.61,5.63,5.64,5.65,5.66,5.67,5.68,5.69,5.7,5.71,36900,66400,47200,15000,31400,68200,53800,87100,58500,54500,4300,10700,25800,12500,33700,82200,53500,79500,64600,4500
299.0,5.6,469300,2637704.0,5.6,5.59,5.58,5.57,5.56,5.55,5.54,5.53,5.52,5.51,5.61,5.63,5.64,5.65,5.66,5.67,5.68,5.69,5.7,5.71,36800,66400,47200,15000,31400,68200,53800,87100,58500,54500,3500,10700,25800,12500,33700,82200,53500,79500,114600,4500
300.0,5.61,469600,2639387.0,5.6,5.59,5.58,5.57,5.56,5.55,5.54,5.53,5.52,5.51,5.61,5.63,5.64,5.65,5.66,5.67,5.68,5.69,5.7,5.71,36800,66400,47200,15000,31400,68200,53800,87100,58500,54500,3200,10700,25800,12500,33700,82200,53500,79500,114600,4500
301.0,5.61,469600,2639387.0,5.6,5.59,5.58,5.57,5.56,5.55,5.54,5.53,5.52,5.51,5.61,5.63,5.64,5.65,5.66,5.67,5.68,5.69,5.7,5.71,36800,66400,47200,15000,31400,68200,53800,87100,58500,54500,3200,10700,25800,12500,33700,82200,53500,79500,114600,4500
302.0,5.61,469600,2639387.0,5.6,5.59,5.58,5.57,5.56,5.55,5.54,5.53,5.52,5.51,5.61,5.63,5.64,5.65,5.66,5.67,5.68,5.69,5.7,5.71,36800,66400,47200,15000,31400,68200,53800,87100,58500,54500,3200,10700,25800,12500,33700,82200,53500,79500,114600,4500
303.0,5.61,469900,2641070.0,5.6,5.59,5.58,5.57,5.56,5.55,5.54,5.53,5.52,5.51,5.61,5.63,5.64,5.65,5.66,5.67,5.68,5.69,5.7,5.71,36800,66400,47200,15000,31400,68200,53800,87100,58500,54500,2900,10700,25800,12500,33700,82200,53500,79500,114600,4500
304.0,5.61,469900,2641070.0,5.6,5.59,5.58,5.57,5.56,5.55,5.54,5.53,5.52,5.51,5.61,5.63,5.64,5.65,5.66,5.67,5.68,5.69,5.7,5.71,36900,66400,47200,15000,31400,68200,53800,87100,58500,54500,2900,10700,25800,12500,33700,82200,53500,79500,114600,4500
305.0,5.61,470100,2642192.0,5.6,5.59,5.58,5.57,5.56,5.55,5.54,5.53,5.52,5.51,5.61,5.63,5.64,5.65,5.66,5.67,5.68,5.69,5.7,5.71,37500,66400,47200,15000,31400,68200,53800,87100,58500,54500,3300,10700,25800,12500,33700,82200,53500,79500,114600,4500
306.0,5.61,470100,2642192.0,5.6,5.59,5.58,5.57,5.56,5.55,5.54,5.53,5.52,5.51,5.61,5.63,5.64,5.65,5.66,5.67,5.68,5.69,5.7,5.71,9500,66400,47200,15000,31400,68200,53800,87100,58500,54500,3300,10700,25800,12500,33700,82200,53500,79500,114600,4500
307.0,5.6,477400,2683075.0,5.6,5.59,5.58,5.57,5.56,5.55,5.54,5.53,5.52,5.51,5.61,5.63,5.64,5.65,5.66,5.67,5.68,5.69,5.7,5.71,3100,66400,47200,15000,31400,68200,53800,87100,58500,54500,3600,10700,25800,12500,33700,82200,53500,79500,114600,4500
308.0,5.6,477800,2685315.0,5.6,5.59,5.58,5.57,5.56,5.55,5.54,5.53,5.52,5.51,5.61,5.63,5.64,5.65,5.66,5.67,5.68,5.69,5.7,5.71,3000,66400,47200,15000,31400,68200,53800,87100,58500,54500,4200,10700,25800,12500,33700,82200,53500,79500,114600,4500
309.0,5.6,482400,2711075.0,5.59,5.58,5.57,5.56,5.55,5.54,5.53,5.52,5.51,5.5,5.6,5.61,5.63,5.64,5.65,5.66,5.67,5.68,5.69,5.7,66400,47200,15000,31400,68200,53800,87100,58500,54500,99500,5500,3600,10700,25800,12100,33700,82200,53500,79500,114600
310.0,5.6,482900,2713875.0,5.59,5.58,5.57,5.56,5.55,5.54,5.53,5.52,5.51,5.5,5.6,5.61,5.63,5.64,5.65,5.66,5.67,5.68,5.69,5.7,68400,47200,15000,31400,68200,53800,87100,58500,54500,99500,8000,3600,9700,25800,12100,33700,82200,53500,79500,114600
311.0,5.6,486500,2734000.0,5.59,5.58,5.57,5.56,5.55,5.54,5.53,5.52,5.51,5.5,5.6,5.61,5.63,5.64,5.65,5.66,5.67,5.68,5.69,5.7,64900,47200,15000,31400,68200,53800,87100,58500,54500,99500,7900,3600,9700,25800,12100,33700,82200,53500,79500,114600
312.0,5.6,487200,2737920.0,5.59,5.58,5.57,5.56,5.55,5.54,5.53,5.52,5.51,5.5,5.6,5.61,5.63,5.64,5.65,5.66,5.67,5.68,5.69,5.7,65800,47200,15000,31400,68200,53800,87100,58500,54500,99500,8100,3600,9700,25800,12100,33700,82200,53500,79500,114600
313.0,5.6,487200,2737920.0,5.59,5.58,5.57,5.56,5.55,5.54,5.53,5.52,5.51,5.5,5.6,5.61,5.63,5.64,5.65,5.66,5.67,5.68,5.69,5.7,67900,47200,15000,31400,68200,53800,87100,58500,54500,99500,40200,3600,9700,25800,12100,33700,82200,53500,79500,114600
314.0,5.6,488900,2747440.0,5.59,5.58,5.57,5.56,5.55,5.54,5.53,5.52,5.51,5.5,5.6,5.61,5.63,5.64,5.65,5.66,5.67,5.68,5.69,5.7,68800,47200,15000,31400,68200,53800,87100,58500,54500,99500,39400,3600,9700,25800,12100,33700,82200,53500,79500,114600
315.0,5.6,524400,2946240.0,5.59,5.58,5.57,5.56,5.55,5.54,5.53,5.52,5.51,5.5,5.6,5.61,5.63,5.64,5.65,5.66,5.67,5.68,5.69,5.7,70900,47200,15000,31400,68200,53800,87100,58500,54500,99500,7100,3600,9700,25800,12100,33700,82200,53500,79500,114600
316.0,5.6,526700,2959120.0,5.59,5.58,5.57,5.56,5.55,5.54,5.53,5.52,5.51,5.5,5.6,5.61,5.63,5.64,5.65,5.66,5.67,5.68,5.69,5.7,70900,47200,17800,36400,68200,53800,87100,58500,54500,99500,4700,3600,9700,25800,12100,33700,82200,53500,79500,116600
317.0,5.6,527900,2965840.0,5.59,5.58,5.57,5.56,5.55,5.54,5.53,5.52,5.51,5.5,5.6,5.61,5.63,5.64,5.65,5.66,5.67,5.68,5.69,5.7,72100,47200,19700,36400,68200,53800,87100,58500,54500,99500,4700,3700,9700,25800,12100,33700,82200,53500,79500,116600
318.0,5.6,527900,2965840.0,5.59,5.58,5.57,5.56,5.55,5.54,5.53,5.52,5.51,5.5,5.6,5.61,5.63,5.64,5.65,5.66,5.67,5.68,5.69,5.7,74900,47200,19700,36400,68200,53800,87100,58500,54500,99500,11500,3700,9700,25800,12100,33700,82200,53500,79500,116600
319.0,5.6,527900,2965840.0,5.59,5.58,5.57,5.56,5.55,5.54,5.53,5.52,5.51,5.5,5.6,5.61,5.63,5.64,5.65,5.66,5.67,5.68,5.69,5.7,76100,47200,19700,36400,68200,53800,87100,58500,54500,99500,12700,3700,9700,26900,12100,33700,82200,53500,79500,116600
320.0,5.6,530300,2979280.0,5.59,5.58,5.57,5.56,5.55,5.54,5.53,5.52,5.51,5.5,5.6,5.61,5.63,5.64,5.65,5.66,5.67,5.68,5.69,5.7,78900,47200,19700,36400,68200,53800,87100,58500,54500,99500,13100,3700,9700,26900,12100,33700,82200,53500,79500,116600
321.0,5.6,530300,2979280.0,5.59,5.58,5.57,5.56,5.55,5.54,5.53,5.52,5.51,5.5,5.6,5.61,5.63,5.64,5.65,5.66,5.67,5.68,5.69,5.7,78900,47200,19700,36400,68200,53800,87100,58500,54500,99500,13100,4200,9700,26900,12100,33700,82200,53500,79500,116600
322.0,5.59,546300,3068720.0,5.59,5.58,5.57,5.56,5.55,5.54,5.53,5.52,5.51,5.5,5.6,5.61,5.63,5.64,5.65,5.66,5.67,5.68,5.69,5.7,64100,47200,18600,34600,68200,53800,87100,58500,54500,99500,14300,4100,9700,26900,12100,33700,82200,53500,79500,116600
323.0,5.6,557700,3132560.0,5.59,5.58,5.57,5.56,5.55,5.54,5.53,5.52,5.51,5.5,5.6,5.61,5.63,5.64,5.65,5.66,5.67,5.68,5.69,5.7,67200,47200,18600,34600,68200,53800,87100,58500,54500,99500,6100,4100,9700,26900,12100,33700,82200,53500,79500,116600
324.0,5.6,557700,3132560.0,5.59,5.58,5.57,5.56,5.55,5.54,5.53,5.52,5.51,5.5,5.6,5.61,5.63,5.64,5.65,5.66,5.67,5.68,5.69,5.7,67200,48200,18600,34600,68200,53800,87100,58500,54500,99500,6100,4100,9700,26900,12100,33700,82200,53500,79500,116600
325.0,5.6,557700,3132560.0,5.59,5.58,5.57,5.56,5.55,5.54,5.53,5.52,5.51,5.5,5.6,5.61,5.63,5.64,5.65,5.66,5.67,5.68,5.69,5.7,68600,48200,18600,34600,68200,53800,87100,58500,54500,99500,7500,4100,9700,26900,12100,33700,82200,53500,79500,116600
326.0,5.6,557900,3133679.0,5.59,5.58,5.57,5.56,5.55,5.54,5.53,5.52,5.51,5.5,5.6,5.61,5.63,5.64,5.65,5.66,5.67,5.68,5.69,5.7,69400,48200,18600,34600,68200,53800,87100,58500,54500,99500,8300,4100,9700,26900,12100,33700,82200,53500,79500,116600
327.0,5.6,559500,3142639.0,5.59,5.58,5.57,5.56,5.55,5.54,5.53,5.52,5.51,5.5,5.6,5.61,5.63,5.64,5.65,5.66,5.67,5.68,5.69,5.7,70800,48200,18600,34600,68200,53800,87100,58500,54500,99500,8100,4100,9700,26900,12100,33700,82200,53500,79500,116600
328.0,5.6,559500,3142639.0,5.59,5.58,5.57,5.56,5.55,5.54,5.53,5.52,5.51,5.5,5.6,5.61,5.63,5.64,5.65,5.66,5.67,5.68,5.69,5.7,70800,48200,18600,34600,80200,53800,87100,58800,54500,99500,8100,4100,9700,26900,12100,33700,82200,53500,79500,116600
329.0,5.59,579500,3254439.0,5.59,5.58,5.57,5.56,5.55,5.54,5.53,5.52,5.51,5.5,5.6,5.61,5.63,5.64,5.65,5.66,5.67,5.68,5.69,5.7,51700,48200,18600,34600,80200,53800,87100,58800,54500,99500,9000,4100,9700,26900,12100,33700,82200,53500,79500,116600
330.0,5.6,580400,3259479.0,5.59,5.58,5.57,5.56,5.55,5.54,5.53,5.52,5.51,5.5,5.6,5.61,5.63,5.64,5.65,5.66,5.67,5.68,5.69,5.7,53200,48200,18600,34600,80200,53800,87100,58800,54500,99500,9600,4100,9700,26900,12100,33700,82200,53500,79500,116600
331.0,5.59,580600,3260597.0,5.59,5.58,5.57,5.56,5.55,5.54,5.53,5.52,5.51,5.5,5.6,5.61,5.63,5.64,5.65,5.66,5.67,5.68,5.69,5.7,53000,48200,22400,36200,82000,53800,87100,58800,54500,100500,9600,4100,9700,26900,12100,33700,82200,53500,81000,116600
332.0,5.59,580600,3260597.0,5.59,5.58,5.57,5.56,5.55,5.54,5.53,5.52,5.51,5.5,5.6,5.61,5.63,5.64,5.65,5.66,5.67,5.68,5.69,5.7,55500,48200,22400,36200,82000,53800,87100,58800,54500,100500,12100,4100,9700,26900,12100,33700,82200,53500,81000,116600
333.0,5.59,587100,3296995.0,5.59,5.58,5.57,5.56,5.55,5.54,5.53,5.52,5.51,5.5,5.6,5.61,5.63,5.64,5.65,5.66,5.67,5.68,5.69,5.7,55300,48200,22400,36200,82000,53800,87100,58800,54500,100500,5800,4100,9700,26900,12100,33700,82200,53500,81000,116600
334.0,5.59,587100,3296995.0,5.59,5.58,5.57,5.56,5.55,5.54,5.53,5.52,5.51,5.5,5.6,5.61,5.63,5.64,5.65,5.66,5.67,5.68,5.69,5.7,58000,48200,22400,36200,82000,53800,87100,58800,54500,100500,8500,4100,9700,26900,12100,33700,82200,53500,81000,116600
335.0,5.6,587900,3301475.0,5.59,5.58,5.57,5.56,5.55,5.54,5.53,5.52,5.51,5.5,5.6,5.61,5.63,5.64,5.65,5.66,5.67,5.68,5.69,5.7,58000,48200,22400,36200,82000,53800,87100,58800,54500,100500,7700,4100,9700,26900,12100,33700,82200,53500,81000,116600
336.0,5.6,588600,3305395.0,5.59,5.58,5.57,5.56,5.55,5.54,5.53,5.52,5.51,5.5,5.6,5.61,5.63,5.64,5.65,5.66,5.67,5.68,5.69,5.7,58000,48200,22400,36200,82000,53800,87100,58800,54500,100500,7000,4100,9700,26900,12100,33700,82200,53500,81000,116600
337.0,5.6,588800,3306515.0,5.59,5.58,5.57,5.56,5.55,5.54,5.53,5.52,5.51,5.5,5.6,5.61,5.63,5.64,5.65,5.66,5.67,5.68,5.69,5.7,60600,48200,22400,34600,80200,53800,87100,58800,54500,100500,9400,4100,9700,26900,12100,33700,82200,53500,81000,116600
338.0,5.6,588800,3306515.0,5.59,5.58,5.57,5.56,5.55,5.54,5.53,5.52,5.51,5.5,5.6,5.61,5.63,5.64,5.65,5.66,5.67,5.68,5.69,5.7,60600,48200,22400,34600,80200,53800,87100,58800,54500,100500,10400,4100,9700,26900,12100,33700,82200,53500,81000,116600
339.0,5.6,589800,3312115.0,5.59,5.58,5.57,5.56,5.55,5.54,5.53,5.52,5.51,5.5,5.6,5.61,5.63,5.64,5.65,5.66,5.67,5.68,5.69,5.7,62200,48200,22400,34600,80200,53800,87100,58800,54500,100500,11000,4100,9700,26900,12100,33700,82200,53500,81000,116600
340.0,5.6,589800,3312115.0,5.59,5.58,5.57,5.56,5.55,5.54,5.53,5.52,5.51,5.5,5.6,5.61,5.63,5.64,5.65,5.66,5.67,5.68,5.69,5.7,63200,48200,22400,34600,80200,53800,87100,58800,54500,100500,12000,4100,9700,26400,12100,33700,82200,53500,81000,116600
341.0,5.6,590300,3314915.0,5.59,5.58,5.57,5.56,5.55,5.54,5.53,5.52,5.51,5.5,5.6,5.61,5.63,5.64,5.65,5.66,5.67,5.68,5.69,5.7,64800,48200,22400,34600,80200,53800,87100,58800,54500,100500,13100,4100,9700,26400,12100,33700,82200,53500,81000,116600
342.0,5.6,595300,3342915.0,5.59,5.58,5.57,5.56,5.55,5.54,5.53,5.52,5.51,5.5,5.6,5.61,5.63,5.64,5.65,5.66,5.67,5.68,5.69,5.7,64800,48200,22400,35600,80200,53800,87100,58800,54500,100500,8100,4100,9700,26400,12100,33700,82200,53500,81000,116600
343.0,5.6,595500,3344035.0,5.59,5.58,5.57,5.56,5.55,5.54,5.53,5.52,5.51,5.5,5.6,5.61,5.63,5.64,5.65,5.66,5.67,5.68,5.69,5.7,65900,48200,22400,35600,80200,53800,87100,58800,54500,100500,9800,4100,9700,26400,12100,33700,82200,53500,81000,116600
344.0,5.6,595800,3345715.0,5.59,5.58,5.57,5.56,5.55,5.54,5.53,5.52,5.51,5.5,5.6,5.61,5.63,5.64,5.65,5.66,5.67,5.68,5.69,5.7,65900,48200,22400,35600,80200,53800,87100,58800,54500,100500,9500,4100,9700,26400,12100,33700,82200,53500,81000,116600
345.0,5.6,598600,3361395.0,5.59,5.58,5.57,5.56,5.55,5.54,5.53,5.52,5.51,5.5,5.6,5.61,5.63,5.64,5.65,5.66,5.67,5.68,5.69,5.7,67000,48200,22400,35600,80200,53800,87100,58800,54500,100500,7800,4100,9700,26400,12100,33700,82200,53500,81000,116600
346.0,5.6,598600,3361395.0,5.59,5.58,5.57,5.56,5.55,5.54,5.53,5.52,5.51,5.5,5.6,5.61,5.63,5.64,5.65,5.66,5.67,5.68,5.69,5.7,67000,48200,22400,35600,80200,53800,87100,58800,54500,100500,7800,4100,9700,26400,12100,33700,82200,53500,81000,116600
347.0,5.6,598700,3361955.0,5.59,5.58,5.57,5.56,5.55,5.54,5.53,5.52,5.51,5.5,5.6,5.61,5.63,5.64,5.65,5.66,5.67,5.68,5.69,5.7,67000,48200,22400,35600,80200,53800,87100,58800,54500,100500,7700,4100,8700,26400,12100,33700,82200,53500,81000,116600
348.0,5.6,599800,3368115.0,5.59,5.58,5.57,5.56,5.55,5.54,5.53,5.52,5.51,5.5,5.6,5.61,5.63,5.64,5.65,5.66,5.67,5.68,5.69,5.7,68100,48200,22400,35600,80200,53800,87100,58800,54500,100500,17700,4100,8700,26400,12100,33700,82200,53500,81000,116600
349.0,5.6,599800,3368115.0,5.59,5.58,5.57,5.56,5.55,5.54,5.53,5.52,5.51,5.5,5.6,5.61,5.63,5.64,5.65,5.66,5.67,5.68,5.69,5.7,68100,48200,22400,35600,80200,53800,87100,58800,54500,100500,17700,4100,8700,26400,12100,33700,82200,53500,81000,116600
350.0,5.6,601800,3379315.0,5.59,5.58,5.57,5.56,5.55,5.54,5.53,5.52,5.51,5.5,5.6,5.61,5.63,5.64,5.65,5.66,5.67,5.68,5.69,5.7,68100,48200,22400,35600,80200,53800,87100,58800,54500,100500,16100,4100,8700,26400,12100,33700,82200,53500,81000,116600
351.0,5.6,601800,3379315.0,5.59,5.58,5.57,5.56,5.55,5.54,5.53,5.52,5.51,5.5,5.6,5.61,5.63,5.64,5.65,5.66,5.67,5.68,5.69,5.7,69200,48200,22400,35600,80200,53800,87100,58800,54500,100500,17200,5100,8700,26400,12100,33700,82200,53500,81000,116600
352.0,5.6,603500,3388835.0,5.59,5.58,5.57,5.56,5.55,5.54,5.53,5.52,5.51,5.5,5.6,5.61,5.63,5.64,5.65,5.66,5.67,5.68,5.69,5.7,69200,48200,22400,35600,80200,53800,87100,58800,54500,100500,15500,5100,8700,26400,12100,33700,82200,53500,81000,116600
353.0,5.6,603500,3388835.0,5.59,5.58,5.57,5.56,5.55,5.54,5.53,5.52,5.51,5.5,5.6,5.61,5.63,5.64,5.65,5.66,5.67,5.68,5.69,5.7,70100,48200,22400,35600,80200,53800,87100,58800,54500,100500,16400,5100,8700,26400,12100,33700,82200,53500,81000,116600
354.0,5.6,603700,3389955.0,5.59,5.58,5.57,5.56,5.55,5.54,5.53,5.52,5.51,5.5,5.6,5.61,5.63,5.64,5.65,5.66,5.67,5.68,5.69,5.7,70100,48200,22400,35600,80200,53800,87100,58800,54500,100500,16200,5100,8700,26400,12100,33700,82200,53500,81000,116600
355.0,5.6,605600,3400595.0,5.59,5.58,5.57,5.56,5.55,5.54,5.53,5.52,5.51,5.5,5.6,5.61,5.63,5.64,5.65,5.66,5.67,5.68,5.69,5.7,70100,48200,22400,35600,80200,53800,87100,58800,54500,100500,14300,5100,8700,26400,12100,33700,82200,53500,81000,116600
356.0,5.6,605600,3400595.0,5.59,5.58,5.57,5.56,5.55,5.54,5.53,5.52,5.51,5.5,5.6,5.61,5.63,5.64,5.65,5.66,5.67,5.68,5.69,5.7,71000,48200,22400,35600,80200,53800,87100,58800,54500,100500,15200,5100,8700,26400,12100,33700,82200,53500,81000,116600
357.0,5.6,608600,3417395.0,5.59,5.58,5.57,5.56,5.55,5.54,5.53,5.52,5.51,5.5,5.6,5.61,5.63,5.64,5.65,5.66,5.67,5.68,5.69,5.7,71000,48200,22400,35600,80200,53800,87100,58800,54500,100500,12200,5100,8700,26400,12100,33700,82200,53500,81000,116600
358.0,5.59,625900,3514126.0,5.59,5.58,5.57,5.56,5.55,5.54,5.53,5.52,5.51,5.5,5.6,5.61,5.63,5.64,5.65,5.66,5.67,5.68,5.69,5.7,57000,48200,22400,35600,80200,53800,87100,58800,54500,100500,10700,5100,8700,26400,12100,33700,82200,53500,81000,116600
359.0,5.59,625900,3514126.0,5.59,5.58,5.57,5.56,5.55,5.54,5.53,5.52,5.51,5.5,5.6,5.61,5.63,5.64,5.65,5.66,5.67,5.68,5.69,5.7,57000,48200,22400,35600,80200,53800,87100,58800,54500,100500,11400,5100,8700,26400,12100,33700,82200,53500,81000,116600
360.0,5.59,636000,3570585.0,5.59,5.58,5.57,5.56,5.55,5.54,5.53,5.52,5.51,5.5,5.6,5.61,5.63,5.64,5.65,5.66,5.67,5.68,5.69,5.7,46900,48200,22400,35600,80200,53800,87100,58800,54500,100500,11400,5100,8700,26400,12100,33700,82200,53500,81000,116600
361.0,5.59,636000,3570585.0,5.59,5.58,5.57,5.56,5.55,5.54,5.53,5.52,5.51,5.5,5.6,5.61,5.63,5.64,5.65,5.66,5.67,5.68,5.69,5.7,48400,48200,22400,35600,80200,53800,87100,58800,54500,100500,12500,5100,8700,26400,12100,33700,82200,62300,81000,116600
362.0,5.6,637200,3577305.0,5.59,5.58,5.57,5.56,5.55,5.54,5.53,5.52,5.51,5.5,5.6,5.61,5.63,5.64,5.65,5.66,5.67,5.68,5.69,5.7,48400,48200,22400,35600,30900,4100,37900,8200,5000,50500,11300,5100,8700,26400,12100,33700,82200,62300,81000,116600
363.0,5.6,637200,3577305.0,5.59,5.58,5.57,5.56,5.55,5.54,5.53,5.52,5.51,5.5,5.6,5.61,5.63,5.64,5.65,5.66,5.67,5.68,5.69,5.7,49400,48200,22400,35600,30900,4100,37900,8200,5000,50500,12300,5100,8700,26400,12100,33700,82200,62300,81000,116600
364.0,5.59,653000,3665627.0,5.59,5.58,5.57,5.56,5.55,5.54,5.53,5.52,5.51,5.5,5.6,5.61,5.63,5.64,5.65,5.66,5.67,5.68,5.69,5.7,34800,48200,22400,35600,30900,4100,37900,8200,5000,50500,12300,5100,8700,26400,12100,33700,82200,62300,81000,116600
365.0,5.59,658900,3698632.0,5.59,5.58,5.57,5.56,5.55,5.54,5.53,5.52,5.51,5.5,5.6,5.61,5.63,5.64,5.65,5.66,5.67,5.68,5.69,5.7,31300,48200,22400,35600,30900,4100,37900,8200,5000,50500,9900,5100,8700,26400,22100,33700,82200,62300,81000,116600
366.0,5.59,661600,3713725.0,5.59,5.58,5.57,5.56,5.55,5.54,5.53,5.52,5.51,5.5,5.6,5.61,5.63,5.64,5.65,5.66,5.67,5.68,5.69,5.7,29700,48200,22400,35600,30900,4100,37900,8200,5000,50500,11000,5100,8700,26400,22100,33700,82200,62300,81000,116600
367.0,5.59,683200,3834469.0,5.59,5.58,5.57,5.56,5.55,5.54,5.53,5.52,5.51,5.5,5.6,5.61,5.63,5.64,5.65,5.66,5.67,5.68,5.69,5.7,28100,48200,22400,35600,40900,4100,37900,8200,5000,50500,11000,5100,8700,26400,22100,33700,82200,62300,81000,116600
368.0,5.59,687400,3857980.0,5.59,5.58,5.57,5.56,5.55,5.54,5.53,5.52,5.51,5.5,5.6,5.61,5.63,5.64,5.65,5.66,5.67,5.68,5.69,5.7,28300,48300,22400,35600,40900,4100,37900,8200,5000,50500,8100,5100,8700,26400,22100,33700,82200,62300,81000,116600
369.0,5.59,687400,3857980.0,5.59,5.58,5.57,5.56,5.55,5.54,5.53,5.52,5.51,5.5,5.6,5.61,5.63,5.64,5.65,5.66,5.67,5.68,5.69,5.7,28300,48300,22400,35600,45900,4100,37900,8200,5000,50500,8100,5100,8700,26400,22100,33700,82200,62300,81000,116600
370.0,5.59,687400,3857980.0,5.59,5.58,5.57,5.56,5.55,5.54,5.53,5.52,5.51,5.5,5.6,5.61,5.63,5.64,5.65,5.66,5.67,5.68,5.69,5.7,28300,48300,22400,35600,45900,4100,37900,8200,5000,50500,8100,5100,8700,26400,22100,33700,82200,62300,81000,116600
371.0,5.58,740100,4152388.0,5.58,5.57,5.56,5.55,5.54,5.53,5.52,5.51,5.5,5.49,5.59,5.6,5.61,5.63,5.64,5.65,5.66,5.67,5.68,5.69,34000,17300,35600,45900,7000,37900,8200,5000,50500,8300,10700,9200,5100,8700,26400,22100,33700,82200,62300,81000
372.0,5.59,741100,4157978.0,5.58,5.57,5.56,5.55,5.54,5.53,5.52,5.51,5.5,5.49,5.59,5.6,5.61,5.63,5.64,5.65,5.66,5.67,5.68,5.69,37400,17300,35600,45900,7000,37900,8200,5000,50500,8300,13000,11200,5100,8700,26400,22100,33700,82200,62300,81000
373.0,5.59,742400,4165245.0,5.58,5.57,5.56,5.55,5.54,5.53,5.52,5.51,5.5,5.49,5.59,5.6,5.61,5.63,5.64,5.65,5.66,5.67,5.68,5.69,39400,17300,35600,45900,7000,37900,8200,5000,50500,8300,15700,11200,5100,8700,26400,22100,33700,82200,62300,81000
374.0,5.59,742400,4165245.0,5.58,5.57,5.56,5.55,5.54,5.53,5.52,5.51,5.5,5.49,5.59,5.6,5.61,5.63,5.64,5.65,5.66,5.67,5.68,5.69,44100,17300,35600,45900,7000,37900,8200,5000,50500,8300,30400,11200,5100,8700,26400,22100,33700,82200,62300,81000
375.0,5.59,744100,4174748.0,5.58,5.57,5.56,5.55,5.54,5.53,5.52,5.51,5.5,5.49,5.59,5.6,5.61,5.63,5.64,5.65,5.66,5.67,5.68,5.69,46100,17300,35600,45900,7000,37900,8200,5000,50500,8300,30700,11200,5100,8700,26400,22100,33700,82200,62300,81000
376.0,5.59,745500,4182574.0,5.58,5.57,5.56,5.55,5.54,5.53,5.52,5.51,5.5,5.49,5.59,5.6,5.61,5.63,5.64,5.65,5.66,5.67,5.68,5.69,46100,17300,35600,45900,7000,37900,8200,5000,50500,8300,29300,11200,5100,8700,26400,22100,33700,82200,62300,81000
377.0,5.59,745500,4182574.0,5.58,5.57,5.56,5.55,5.54,5.53,5.52,5.51,5.5,5.49,5.59,5.6,5.61,5.63,5.64,5.65,5.66,5.67,5.68,5.69,50700,17800,35600,45900,9900,37900,8200,5000,50500,8300,31900,11200,5100,8700,26400,22100,33700,82200,62300,81000
378.0,5.58,746800,4189828.0,5.58,5.57,5.56,5.55,5.54,5.53,5.52,5.51,5.5,5.49,5.59,5.6,5.61,5.63,5.64,5.65,5.66,5.67,5.68,5.69,51400,17800,35600,45900,9900,37900,8200,5000,50500,8300,33900,11200,5100,8700,26400,22100,33700,82200,62300,81000
379.0,5.59,749300,4203803.0,5.58,5.57,5.56,5.55,5.54,5.53,5.52,5.51,5.5,5.49,5.59,5.6,5.61,5.63,5.64,5.65,5.66,5.67,5.68,5.69,51400,17800,35600,45900,9900,37900,8200,5000,50500,8300,31400,11200,5100,8700,26400,22100,33700,82200,62300,81000
380.0,5.59,752800,4223368.0,5.58,5.57,5.56,5.55,5.54,5.53,5.52,5.51,5.5,5.49,5.59,5.6,5.61,5.63,5.64,5.65,5.66,5.67,5.68,5.69,52800,17800,35600,45900,9900,37900,8200,5000,50500,8300,29300,11200,5100,3400,26400,22100,33700,82200,62300,81000
381.0,5.59,791800,4441377.0,5.59,5.58,5.57,5.56,5.55,5.54,5.53,5.52,5.51,5.5,5.6,5.61,5.63,5.64,5.65,5.66,5.67,5.68,5.69,5.7,13200,54600,17800,35600,45900,9900,37900,8200,5000,50500,11200,5100,3400,26400,22100,33700,82200,62300,81000,116600
382.0,5.59,794000,4453675.0,5.59,5.58,5.57,5.56,5.55,5.54,5.53,5.52,5.51,5.5,5.6,5.61,5.63,5.64,5.65,5.66,5.67,5.68,5.69,5.7,11000,54800,17800,35600,45900,4200,37900,8200,5000,50500,11200,5100,3400,26400,22100,33700,82200,62300,81000,116600
383.0,5.59,798000,4476046.0,5.59,5.58,5.57,5.56,5.55,5.54,5.53,5.52,5.51,5.5,5.6,5.61,5.63,5.64,5.65,5.66,5.67,5.68,5.69,5.7,8100,54800,17800,35600,45900,4200,37900,8200,5000,50500,10100,5100,8700,26400,22100,33700,82200,62300,81000,116600
384.0,5.59,800100,4487785.0,5.59,5.58,5.57,5.56,5.55,5.54,5.53,5.52,5.51,5.5,5.6,5.61,5.63,5.64,5.65,5.66,5.67,5.68,5.69,5.7,6000,55000,17800,35600,45900,4200,37900,8200,5000,50500,10100,5100,8700,26400,22100,33700,82200,62300,81000,116600
385.0,5.59,801000,4492816.0,5.59,5.58,5.57,5.56,5.55,5.54,5.53,5.52,5.51,5.5,5.6,5.61,5.63,5.64,5.65,5.66,5.67,5.68,5.69,5.7,5100,55000,17800,35600,45900,4200,37900,8200,5000,50500,10100,5100,8700,26400,22100,33700,82200,62300,81000,116600
386.0,5.58,808400,4534179.0,5.58,5.57,5.56,5.55,5.54,5.53,5.52,5.51,5.5,5.49,5.59,5.6,5.61,5.63,5.64,5.65,5.66,5.67,5.68,5.69,56200,17800,35600,45900,4200,37900,8200,5000,50500,8300,8600,10000,5100,8700,26400,22100,33700,82200,62300,81000
387.0,5.58,808400,4534179.0,5.58,5.57,5.56,5.55,5.54,5.53,5.52,5.51,5.5,5.49,5.59,5.6,5.61,5.63,5.64,5.65,5.66,5.67,5.68,5.69,56400,17800,35600,48900,4200,37900,8200,5000,50500,8300,8600,10000,5100,8700,26400,22100,33700,82200,62300,81000
388.0,5.59,809200,4538651.0,5.58,5.57,5.56,5.55,5.54,5.53,5.52,5.51,5.5,5.49,5.59,5.6,5.61,5.63,5.64,5.65,5.66,5.67,5.68,5.69,62600,21300,35600,48900,4200,37900,8200,5000,50500,8300,14800,10000,5100,8700,26400,22100,33700,82200,62300,81000
389.0,5.59,809200,4538651.0,5.58,5.57,5.56,5.55,5.54,5.53,5.52,5.51,5.5,5.49,5.59,5.6,5.61,5.63,5.64,5.65,5.66,5.67,5.68,5.69,65300,21300,35600,48900,4200,37900,8200,5000,50500,8300,14800,10000,5100,8700,26400,22100,33700,82200,62300,81000
390.0,5.58,820600,4602277.0,5.58,5.57,5.56,5.55,5.54,5.53,5.52,5.51,5.5,5.49,5.59,5.6,5.61,5.63,5.64,5.65,5.66,5.67,5.68,5.69,60100,21700,35600,48900,4200,37900,8200,5000,50500,8300,15400,10000,5100,8700,26400,22100,33700,82200,62300,81000
391.0,5.59,824000,4621283.0,5.58,5.57,5.56,5.55,5.54,5.53,5.52,5.51,5.5,5.49,5.59,5.6,5.61,5.63,5.64,5.65,5.66,5.67,5.68,5.69,62900,21700,35600,48900,4200,37900,8200,5000,50500,8300,13600,11000,5100,8700,26400,22100,33700,82200,62300,81000
392.0,5.59,824000,4621283.0,5.58,5.57,5.56,5.55,5.54,5.53,5.52,5.51,5.5,5.49,5.59,5.6,5.61,5.63,5.64,5.65,5.66,5.67,5.68,5.69,68200,18900,35600,48900,9600,37900,8200,5000,50500,8300,15100,11000,5100,3400,26400,22100,33700,82200,62300,81000
393.0,5.59,825500,4629668.0,5.58,5.57,5.56,5.55,5.54,5.53,5.52,5.51,5.5,5.49,5.59,5.6,5.61,5.63,5.64,5.65,5.66,5.67,5.68,5.69,69800,18900,35600,48900,9600,37900,8200,5000,50500,8300,15200,11000,5100,3400,26400,22100,33700,82200,62300,81000
394.0,5.59,825500,4629668.0,5.58,5.57,5.56,5.55,5.54,5.53,5.52,5.51,5.5,5.49,5.59,5.6,5.61,5.63,5.64,5.65,5.66,5.67,5.68,5.69,69800,28900,35600,48900,9600,37900,8200,5000,50500,8300,17200,18400,5100,3400,26400,22100,33700,82200,62300,81000
395.0,5.59,825500,4629668.0,5.58,5.57,5.56,5.55,5.54,5.53,5.52,5.51,5.5,5.49,5.59,5.6,5.61,5.63,5.64,5.65,5.66,5.67,5.68,5.69,81800,28900,35600,54300,4200,37900,8200,5000,50500,8300,17500,18400,5100,3400,26400,22100,33700,82200,62300,81000
396.0,5.59,828900,4648674.0,5.58,5.57,5.56,5.55,5.54,5.53,5.52,5.51,5.5,5.49,5.59,5.6,5.61,5.63,5.64,5.65,5.66,5.67,5.68,5.69,83400,28900,35600,54300,10900,37900,8200,5000,50500,8300,15700,18400,5100,3400,26400,22100,33700,82200,62300,81000
397.0,5.59,829700,4653146.0,5.58,5.57,5.56,5.55,5.54,5.53,5.52,5.51,5.5,5.49,5.59,5.6,5.61,5.63,5.64,5.65,5.66,5.67,5.68,5.69,85200,38900,35600,54300,10900,37900,8200,5000,50600,8300,16700,18400,5100,3400,26400,22100,33700,82200,62300,81000
398.0,5.59,829700,4653146.0,5.58,5.57,5.56,5.55,5.54,5.53,5.52,5.51,5.5,5.49,5.59,5.6,5.61,5.63,5.64,5.65,5.66,5.67,5.68,5.69,85200,38900,35600,54300,10900,37900,8200,5000,50600,8300,18000,18400,5100,3400,26400,22100,33700,82200,62300,81000
399.0,5.59,835500,4685527.0,5.58,5.57,5.56,5.55,5.54,5.53,5.52,5.51,5.5,5.49,5.59,5.6,5.61,5.63,5.64,5.65,5.66,5.67,5.68,5.69,82600,38900,35600,54300,10900,37900,8200,5000,50600,8300,17800,21300,5100,3400,26400,22100,33700,82200,62300,81000
400.0,5.59,835500,4685527.0,5.58,5.57,5.56,5.55,5.54,5.53,5.52,5.51,5.5,5.49,5.59,5.6,5.61,5.63,5.64,5.65,5.66,5.67,5.68,5.69,85500,38900,32100,54300,10900,37900,8200,5000,50600,8300,19700,21300,5100,3400,26400,22100,33700,82200,62300,81000
401.0,5.58,836300,4689991.0,5.58,5.57,5.56,5.55,5.54,5.53,5.52,5.51,5.5,5.49,5.59,5.6,5.61,5.63,5.64,5.65,5.66,5.67,5.68,5.69,84700,38900,32600,54300,10900,37900,8200,5000,50600,8300,19700,21300,5100,3400,26400,22100,33700,82200,62300,81000
402.0,5.59,841500,4719059.0,5.58,5.57,5.56,5.55,5.54,5.53,5.52,5.51,5.5,5.49,5.59,5.6,5.61,5.63,5.64,5.65,5.66,5.67,5.68,5.69,89800,38800,27600,54300,10900,37900,8200,5000,50600,8300,17800,21300,5100,3400,26400,22100,33700,82200,62300,81000
403.0,5.58,844200,4734142.0,5.58,5.57,5.56,5.55,5.54,5.53,5.52,5.51,5.5,5.49,5.59,5.6,5.61,5.63,5.64,5.65,5.66,5.67,5.68,5.69,93800,41800,27600,54300,10900,37900,8200,5000,55600,8300,16100,21300,5100,3400,26400,22100,33700,82200,62300,81000
404.0,5.59,846700,4748117.0,5.58,5.57,5.56,5.55,5.54,5.53,5.52,5.51,5.5,5.49,5.59,5.6,5.61,5.63,5.64,5.65,5.66,5.67,5.68,5.69,95700,41800,27600,54300,10900,37900,8200,5000,55600,8300,17300,21300,5100,3400,26400,22100,33700,82200,62300,81000
405.0,5.59,846700,4748117.0,5.58,5.57,5.56,5.55,5.54,5.53,5.52,5.51,5.5,5.49,5.59,5.6,5.61,5.63,5.64,5.65,5.66,5.67,5.68,5.69,95700,41800,27600,54300,10900,40900,8200,5000,55600,8300,17300,21300,5100,3400,26400,22100,33700,82200,62300,81000
406.0,5.59,848400,4757620.0,5.58,5.57,5.56,5.55,5.54,5.53,5.52,5.51,5.5,5.49,5.59,5.6,5.61,5.63,5.64,5.65,5.66,5.67,5.68,5.69,97200,41800,27600,54300,10900,40900,8200,5000,55600,8300,17100,21300,5100,3400,26400,22100,33700,82200,62300,81000
407.0,5.59,848400,4757620.0,5.58,5.57,5.56,5.55,5.54,5.53,5.52,5.51,5.5,5.49,5.59,5.6,5.61,5.63,5.64,5.65,5.66,5.67,5.68,5.69,100600,41800,27600,57300,10900,40900,8200,5000,55600,8300,19000,21300,5100,3400,26400,22100,33700,82200,62300,81000
408.0,5.58,848500,4758178.0,5.58,5.57,5.56,5.55,5.54,5.53,5.52,5.51,5.5,5.49,5.59,5.6,5.61,5.63,5.64,5.65,5.66,5.67,5.68,5.69,100500,41800,27600,57300,10900,40900,8200,5000,55600,8300,19000,21300,5100,3400,26400,22100,33700,82200,62300,81000
409.0,5.58,853100,4783878.0,5.58,5.57,5.56,5.55,5.54,5.53,5.52,5.51,5.5,5.49,5.59,5.6,5.61,5.63,5.64,5.65,5.66,5.67,5.68,5.69,100600,41800,27600,57300,10900,40900,8200,5000,55600,8300,27200,21300,5100,3400,26400,22100,33700,82200,62300,81000
410.0,5.58,853400,4785552.0,5.58,5.57,5.56,5.55,5.54,5.53,5.52,5.51,5.5,5.49,5.59,5.6,5.61,5.63,5.64,5.65,5.66,5.67,5.68,5.69,100300,41800,27600,57300,10900,40900,8200,5000,55600,8300,27200,21300,5100,3400,26400,22100,33700,82200,62300,81000
411.0,5.59,855100,4795055.0,5.58,5.57,5.56,5.55,5.54,5.53,5.52,5.51,5.5,5.49,5.59,5.6,5.61,5.63,5.64,5.65,5.66,5.67,5.68,5.69,100300,41800,27600,57300,10900,40900,8200,5000,55600,8300,25500,21300,5100,3400,26400,22300,33700,82200,62300,81000
412.0,5.59,856800,4804558.0,5.58,5.57,5.56,5.55,5.54,5.53,5.52,5.51,5.5,5.49,5.59,5.6,5.61,5.63,5.64,5.65,5.66,5.67,5.68,5.69,101700,41800,28200,57300,10900,40900,8200,5000,57600,8300,30200,21300,5100,3400,26400,22300,33700,82200,62300,81000
