LocalTime,LastPrice,TradeVolume,TradeValue,BidPrice1,BidPrice2,BidPrice3,BidPrice4,BidPrice5,BidPrice6,BidPrice7,BidPrice8,BidPrice9,BidPriceA,AskPrice1,AskPrice2,AskPrice3,AskPrice4,AskPrice5,AskPrice6,AskPrice7,AskPrice8,AskPrice9,AskPriceA,BidVolume1,BidVolume2,BidVolume3,BidVolume4,BidVolume5,BidVolume6,BidVolume7,BidVolume8,BidVolume9,BidVolumeA,AskVolume1,AskVolume2,AskVolume3,AskVolume4,AskVolume5,AskVolume6,AskVolume7,AskVolume8,AskVolume9,AskVolumeA
0.0,276.66,1000,276660.0,276.0,275.58,275.5,275.16,275.15,275.08,275.0,274.67,274.51,274.39,276.66,276.95,276.96,277.76,278.7,278.9,278.98,279.0,279.79,280.0,100,200,100,100,100,400,800,100,100,100,200,100,100,100,500,100,100,300,100,600
1.0,275.0,3300,909489.0,274.67,274.51,274.39,274.03,274.02,274.0,273.17,273.15,273.12,273.01,275.0,276.0,276.5,276.66,276.95,276.96,277.76,278.68,278.7,278.9,100,100,100,100,100,1400,100,100,100,100,17800,8400,8000,200,100,100,100,200,500,100
2.0,275.0,3600,991989.0,274.67,274.51,274.39,274.03,274.02,274.0,273.17,273.15,273.12,273.01,275.0,276.0,276.3,276.5,276.66,276.95,276.96,277.76,278.68,278.7,100,100,100,100,100,1400,100,100,100,100,25000,8400,300,8000,200,100,100,100,200,500
3.0,275.0,5000,1376989.0,274.67,274.51,274.39,274.03,274.02,274.0,273.17,273.15,273.12,273.01,275.0,275.3,276.0,276.3,276.5,276.65,276.95,276.96,277.76,278.68,100,100,100,100,100,1400,100,100,100,100,23600,100,8700,300,8000,100,100,100,100,200
4.0,275.0,5000,1376989.0,274.67,274.66,274.51,274.39,274.03,274.02,274.0,273.17,273.15,273.12,275.0,275.3,276.0,276.3,276.5,276.65,276.95,276.96,277.76,278.68,100,500,100,100,100,100,1400,100,100,100,23600,100,8700,300,8000,100,100,100,100,200
5.0,274.66,5400,1486855.0,274.66,274.51,274.39,274.03,274.02,274.0,273.17,273.15,273.12,273.01,275.0,275.3,276.0,276.3,276.5,276.65,276.95,276.96,277.76,278.0,300,100,100,100,100,1400,100,100,100,100,23600,100,8800,300,8000,100,100,100,100,100
6.0,274.51,5800,1596704.0,274.39,274.03,274.02,274.0,273.17,273.15,273.12,273.01,273.0,272.66,274.51,274.67,274.99,275.0,275.3,276.0,276.3,276.5,276.62,276.65,100,100,100,1400,100,100,100,100,1500,100,1300,1400,100,23700,100,8800,300,8000,100,100
7.0,274.03,6900,1898567.0,274.02,274.0,273.17,273.15,273.12,273.01,273.0,272.66,272.58,272.2,274.67,274.99,275.0,275.3,276.0,276.3,276.5,276.62,276.65,276.66,100,1400,100,100,100,100,1600,100,100,100,300,100,23700,100,8800,300,9500,100,100,200
8.0,274.67,7000,1926034.0,274.02,274.0,273.17,273.15,273.12,273.01,273.0,272.66,272.58,272.2,274.54,274.66,274.67,274.99,275.0,275.3,276.0,276.3,276.5,276.62,100,1400,100,100,100,100,1600,100,100,100,100,100,800,100,23700,100,8800,300,10200,100
9.0,274.54,7200,1980942.0,274.5,274.02,274.0,273.17,273.15,273.12,273.01,273.0,272.66,272.58,274.61,274.65,274.66,274.67,274.99,275.0,275.3,275.58,276.0,276.3,200,100,1400,100,100,100,100,1600,100,100,100,100,200,500,100,23800,100,2100,8800,300
10.0,274.04,7900,2172909.0,274.0,273.17,273.15,273.12,273.01,273.0,272.66,272.58,272.2,272.06,274.04,274.2,274.39,274.44,274.5,274.65,274.66,274.67,274.99,275.0,1400,100,100,100,100,1600,100,100,100,100,100,100,200,200,2000,100,300,2600,100,23800
11.0,274.04,8100,2227713.0,274.0,273.17,273.15,273.12,273.01,273.0,272.66,272.58,272.2,272.06,274.2,274.28,274.37,274.38,274.39,274.43,274.44,274.45,274.48,274.5,1500,100,100,100,100,1600,100,100,100,100,100,100,100,800,200,100,200,100,100,2600
12.0,273.86,10500,2885396.0,273.17,273.15,273.12,273.01,273.0,272.66,272.58,272.2,272.06,272.0,273.23,273.86,274.0,274.19,274.38,274.39,274.43,274.44,274.45,274.48,100,100,100,100,1600,100,100,100,100,300,800,100,3700,100,600,200,100,200,100,200
13.0,273.0,12700,3486155.0,273.0,272.66,272.58,272.2,272.06,272.0,271.15,271.0,270.76,270.58,273.17,273.18,273.23,273.66,273.98,274.0,274.18,274.19,274.39,274.43,400,100,100,100,100,300,100,100,100,100,600,100,2200,100,100,5200,200,100,200,100
14.0,272.66,13500,3704572.0,272.58,272.2,272.06,272.0,271.15,271.0,270.76,270.58,270.2,270.01,272.66,273.0,273.12,273.15,273.17,273.18,273.23,273.66,274.0,274.18,100,100,100,300,100,100,100,100,100,100,100,5200,100,300,700,100,2200,100,2500,200
15.0,272.0,14200,3895062.0,271.15,271.01,271.0,270.76,270.58,270.2,270.01,270.0,269.05,269.0,272.2,272.57,272.58,273.0,273.12,273.15,273.17,273.18,273.23,273.66,100,100,100,100,100,100,100,1100,600,400,100,200,500,4800,100,300,400,100,2200,100
16.0,272.57,14400,3949539.0,271.17,271.16,271.15,271.01,271.0,270.76,270.58,270.2,270.01,270.0,272.55,272.56,272.57,272.58,273.0,273.12,273.15,273.17,273.23,273.66,100,100,100,100,100,100,100,100,100,1100,100,200,100,500,4800,100,300,400,2200,100
17.0,271.16,14700,4030888.0,271.15,271.0,270.76,270.58,270.21,270.2,270.01,270.0,269.05,269.0,272.08,272.09,272.18,272.19,272.2,272.55,272.56,272.57,272.58,273.0,100,100,100,100,100,100,100,1100,600,400,100,100,100,800,2000,200,100,100,400,3200
18.0,271.15,14800,4058003.0,271.0,270.76,270.58,270.23,270.22,270.21,270.2,270.01,270.0,269.05,272.0,272.08,272.09,272.18,272.19,272.2,272.55,272.56,272.57,272.58,100,100,100,100,100,200,100,100,1100,600,100,200,100,200,900,2000,200,100,100,400
19.0,271.15,14800,4058003.0,271.0,270.76,270.58,270.28,270.27,270.26,270.25,270.23,270.22,270.21,271.14,272.0,272.08,272.09,272.18,272.19,272.2,272.55,272.56,272.57,100,200,100,100,100,200,200,200,100,200,100,100,200,100,200,900,2100,200,100,100
20.0,270.59,15300,4193427.0,270.58,270.38,270.28,270.27,270.22,270.2,270.01,270.0,269.05,269.0,271.13,271.14,271.16,272.0,272.08,272.18,272.19,272.2,272.55,272.56,100,100,100,100,100,100,100,1100,600,400,100,100,100,100,200,200,900,2000,200,100
21.0,271.08,16000,4382905.0,270.22,270.2,270.01,270.0,269.05,269.0,268.94,268.68,268.0,267.57,271.08,271.09,271.1,271.11,271.12,271.13,271.14,271.16,272.0,272.08,300,100,100,1100,600,400,100,100,300,100,100,200,200,100,200,100,100,100,100,200
22.0,270.23,16100,4409928.0,270.35,270.22,270.2,270.01,270.0,269.05,269.0,268.94,268.68,268.0,271.08,271.09,271.1,271.11,271.12,271.13,272.0,272.08,272.18,272.19,200,300,100,100,1100,600,600,100,100,300,100,300,200,100,200,100,100,200,200,900
23.0,270.23,16100,4409928.0,270.35,270.22,270.2,270.01,270.0,269.05,269.0,268.94,268.68,268.0,271.07,271.08,271.09,271.1,271.11,271.12,272.0,272.08,272.18,272.19,200,300,200,100,1100,600,600,100,100,300,100,400,300,200,100,200,100,200,200,900
24.0,271.04,16500,4518274.0,270.35,270.22,270.2,270.01,270.0,269.05,269.0,268.94,268.68,268.0,271.05,271.06,271.07,271.08,271.09,271.1,271.11,271.12,272.0,272.08,100,300,200,100,1100,600,600,100,100,300,200,200,200,400,300,200,100,200,100,200
25.0,271.05,16900,4626572.0,270.28,270.27,270.26,270.25,270.22,270.21,270.2,270.01,270.0,269.05,271.06,271.07,271.08,271.09,271.1,271.11,271.12,271.13,272.0,272.08,100,300,100,100,300,100,200,100,1000,600,100,100,200,100,100,100,100,100,100,200
26.0,270.31,19700,5383455.0,270.29,270.28,270.25,270.2,270.17,270.02,270.01,270.0,269.05,269.0,271.05,271.13,271.98,271.99,272.0,272.08,272.18,272.19,272.2,272.55,200,1700,100,800,500,100,100,1000,600,600,100,100,100,400,100,200,200,600,300,200
27.0,270.3,20100,5491650.0,270.3,270.29,270.28,270.25,270.2,270.17,270.02,270.01,270.0,269.05,271.13,271.98,271.99,272.0,272.08,272.18,272.19,272.55,272.57,272.96,300,200,1700,100,800,500,100,100,1000,600,100,100,400,100,200,200,600,200,100,100
28.0,271.0,20200,5518750.0,270.34,270.32,270.3,270.29,270.28,270.25,270.2,270.17,270.02,270.01,271.0,271.13,271.98,271.99,272.0,272.08,272.18,272.19,272.55,272.57,100,300,300,200,1700,100,700,500,100,100,2900,100,100,400,100,200,200,600,200,100
29.0,271.0,23600,6440163.0,271.0,270.9,270.88,270.5,270.35,270.34,270.3,270.29,270.28,270.25,271.62,271.63,271.64,271.65,271.66,271.67,271.68,271.69,271.7,271.71,700,100,400,100,800,200,300,100,300,100,100,100,100,100,200,100,100,100,100,200
30.0,271.06,24000,6548588.0,271.06,271.05,271.0,270.9,270.88,270.5,270.35,270.34,270.3,270.29,271.86,271.91,271.96,271.99,272.19,272.57,273.0,273.17,273.23,274.0,200,300,700,100,400,100,800,200,300,100,100,100,400,300,100,100,500,100,2200,6000
31.0,271.06,24100,6575694.0,271.06,271.05,271.0,270.9,270.88,270.5,270.35,270.34,270.3,270.29,271.86,271.91,271.96,271.99,272.19,272.57,273.0,273.23,274.0,274.4,100,300,2500,100,400,100,800,200,300,100,100,100,400,300,100,100,500,2200,6000,5000
32.0,271.07,24300,6629909.0,271.08,271.07,271.06,271.05,271.0,270.5,270.35,270.34,270.29,270.28,271.96,271.99,272.19,272.57,273.0,273.23,274.0,274.4,274.5,274.54,100,100,100,300,2300,100,800,100,100,300,300,300,100,100,500,2200,6000,5000,600,100
33.0,271.05,24700,6738335.0,271.52,271.05,271.0,270.5,270.35,270.34,270.29,270.28,270.25,270.17,271.96,271.99,272.19,272.57,273.0,273.23,274.0,274.4,274.5,274.54,100,200,2300,100,800,100,100,300,100,500,300,300,100,100,500,2200,6000,5000,600,100
34.0,271.05,24700,6738335.0,271.52,271.07,271.05,271.0,270.5,270.35,270.34,270.29,270.28,270.25,271.96,271.99,272.19,272.57,273.0,273.23,274.0,274.4,274.5,274.54,100,100,200,2300,100,800,100,100,300,100,300,300,100,100,500,2200,6000,5000,600,100
35.0,272.56,25600,6983252.0,272.19,271.99,271.62,271.53,271.52,271.19,271.07,271.06,271.05,271.0,272.7,272.71,272.8,272.81,272.82,272.83,272.84,272.85,272.86,272.87,100,600,3500,100,100,3500,200,100,100,1800,100,400,100,100,100,200,100,100,100,100
36.0,272.83,27800,7583422.0,272.24,272.23,272.22,272.21,272.2,272.19,272.01,271.99,271.86,271.62,273.0,273.23,274.0,274.4,274.5,274.54,274.67,275.0,276.0,276.5,100,200,300,200,200,100,100,600,100,3500,200,2200,6000,5000,600,100,2400,23700,8800,8000
37.0,272.24,27900,7610646.0,272.24,272.23,272.22,272.21,272.2,272.01,271.99,271.86,271.62,271.53,273.0,273.23,274.0,274.4,274.5,274.54,274.67,275.0,276.0,276.5,100,200,300,200,200,100,600,100,3500,100,200,2200,6000,5000,600,100,2400,23700,8800,8000
38.0,272.24,27900,7610646.0,272.24,272.23,272.22,272.21,272.2,272.01,271.99,271.86,271.62,271.53,273.0,273.23,274.0,274.4,274.5,274.54,274.67,275.0,276.0,276.5,100,200,300,200,200,100,600,100,3500,100,200,2200,6000,5000,600,100,2400,23700,8800,8000
39.0,272.24,27900,7610646.0,272.24,272.23,272.22,272.21,272.2,272.01,271.99,271.86,271.62,271.53,273.0,273.23,274.0,274.4,274.5,274.54,274.67,275.0,276.0,276.5,200,200,300,200,200,100,600,100,3500,100,200,2200,6000,5000,600,100,2400,23700,8800,8000
40.0,273.0,28100,7665246.0,272.28,272.27,272.26,272.25,272.24,272.23,272.22,272.21,272.2,272.01,273.22,273.23,274.0,274.4,274.5,274.54,274.67,275.0,276.0,276.5,100,200,600,100,200,200,300,200,200,100,100,2200,6000,5000,600,100,2400,23700,8800,8000
41.0,273.0,28100,7665246.0,272.27,272.26,272.24,272.23,272.22,272.21,272.2,271.96,271.86,271.62,272.99,273.21,273.23,274.0,274.4,274.5,274.67,275.0,276.0,276.5,100,600,300,200,400,200,200,200,100,3500,100,100,2200,6000,5000,600,2400,23700,8800,8000
42.0,272.26,28300,7719699.0,272.26,272.24,272.23,272.22,272.21,272.2,271.96,271.86,271.62,271.53,272.99,273.21,273.23,274.0,274.4,274.5,274.67,275.0,276.0,276.5,500,300,200,400,200,200,200,100,3500,100,100,100,2200,6000,5000,600,2400,23700,8800,8000
43.0,272.23,30500,8318621.0,272.25,272.23,272.2,271.96,271.86,271.62,271.53,271.19,271.07,271.06,272.84,272.85,272.86,272.87,272.88,272.89,272.9,272.91,272.92,272.93,100,300,200,200,100,3500,100,3500,100,100,100,100,100,500,200,200,200,200,400,100
44.0,272.23,30500,8318621.0,272.26,272.25,272.23,272.2,271.96,271.86,271.62,271.53,271.19,271.07,272.77,272.82,272.87,272.92,272.97,272.99,273.23,274.0,274.4,274.5,100,100,300,200,200,100,3500,100,3500,100,300,300,300,300,300,100,2200,6000,5000,600
45.0,272.22,31500,8590906.0,272.22,272.2,271.97,271.96,271.86,271.62,271.53,271.19,271.07,271.06,272.77,272.82,272.87,272.92,272.97,272.99,273.0,273.23,274.0,274.4,100,200,300,200,100,3500,100,3500,100,100,200,300,300,300,300,100,100,2200,6000,5000
46.0,272.22,31500,8590906.0,272.22,272.2,271.97,271.96,271.86,271.62,271.53,271.19,271.07,271.06,272.77,272.82,272.87,272.92,272.97,272.99,273.0,273.23,274.0,274.4,100,200,300,200,100,3500,100,3500,100,100,200,300,300,300,300,100,200,2200,6000,5000
47.0,272.22,31500,8590906.0,272.22,272.2,271.97,271.96,271.86,271.62,271.53,271.19,271.07,271.06,272.76,272.77,272.82,272.87,272.92,272.97,272.99,273.0,273.23,274.0,100,300,300,200,100,3500,100,3500,100,100,100,200,300,300,300,300,100,200,2200,6000
48.0,272.74,38100,10387778.0,272.22,272.21,272.2,272.01,272.0,271.99,271.97,271.96,271.86,271.62,272.99,273.0,273.23,274.0,274.4,274.5,274.67,275.0,276.0,276.5,300,100,500,300,400,300,300,200,100,3500,100,200,2200,6000,5000,600,2400,23700,8800,8000
49.0,272.26,38200,10415004.0,272.28,272.27,272.26,272.22,272.21,272.2,272.0,271.99,271.97,271.96,272.99,273.0,273.23,274.0,274.4,274.5,275.0,276.0,276.5,276.62,100,100,800,300,100,200,400,300,300,200,100,200,2200,6000,5000,600,23700,8800,8000,100
50.0,272.26,38200,10415004.0,272.28,272.27,272.26,272.22,272.21,272.2,272.0,271.99,271.97,271.96,272.85,272.99,273.0,273.23,274.0,274.4,274.5,275.0,276.0,276.5,100,100,800,400,100,200,400,300,300,200,100,100,200,2200,6000,5000,600,23700,8800,8000
51.0,272.72,39600,10796267.0,272.2,272.0,271.97,271.96,271.86,271.62,271.53,271.19,271.07,271.05,272.63,272.64,272.65,272.66,272.67,272.68,272.69,272.7,272.71,272.72,100,400,300,200,100,3500,100,3500,100,100,100,100,100,100,100,100,100,100,100,100
52.0,272.72,39600,10796267.0,272.2,272.02,272.01,272.0,271.97,271.96,271.86,271.62,271.53,271.19,272.56,272.57,272.58,272.59,272.6,272.61,272.62,272.63,272.64,272.65,100,300,100,400,300,200,100,3500,100,3500,100,100,100,100,100,200,200,200,200,200
53.0,272.2,39800,10850717.0,272.5,272.03,272.02,272.01,272.0,271.97,271.96,271.86,271.62,271.53,272.78,272.79,272.98,272.99,273.0,273.23,274.0,274.4,274.5,274.98,100,100,400,100,400,300,200,100,3500,100,200,600,200,200,200,2200,6000,5000,600,400
54.0,272.0,40700,11095579.0,272.0,271.97,271.96,271.86,271.62,271.53,271.19,271.07,271.05,271.02,272.5,272.51,272.52,272.53,272.54,272.55,272.56,272.57,272.58,272.59,200,300,200,100,3500,100,3500,100,100,100,100,300,200,100,100,100,100,100,100,100
55.0,271.97,41400,11285973.0,271.96,271.86,271.53,271.19,271.07,271.05,271.02,271.01,271.0,270.5,272.0,272.68,272.69,272.7,272.71,272.72,272.73,272.74,272.75,272.76,200,200,100,3500,100,100,100,100,400,100,1900,200,200,200,200,200,200,300,100,500
56.0,271.86,41900,11421937.0,271.53,271.19,271.07,271.05,271.02,271.01,271.0,270.51,270.5,270.38,271.86,271.97,272.0,272.49,272.5,272.68,272.69,272.7,272.71,272.72,100,3500,100,100,100,100,400,100,100,3300,100,100,1800,200,100,200,200,200,200,200
57.0,271.86,41900,11421937.0,271.53,271.19,271.07,271.05,271.02,271.01,271.0,270.51,270.5,270.38,271.86,271.97,272.0,272.49,272.5,272.68,272.69,272.7,272.71,272.72,100,3500,100,100,100,100,400,100,100,3300,300,100,1800,200,100,200,200,200,200,200
58.0,271.86,41900,11421937.0,271.53,271.19,271.07,271.05,271.02,271.01,271.0,270.51,270.5,270.38,271.86,271.97,272.0,272.49,272.5,272.68,272.69,272.7,272.71,272.72,100,3500,100,100,100,100,400,100,100,3300,300,200,1800,200,100,200,200,200,200,200
59.0,271.19,43700,11910147.0,271.2,271.19,271.07,271.05,271.02,271.01,271.0,270.51,270.5,270.38,271.82,271.86,271.97,272.0,272.49,272.68,272.69,272.7,272.71,272.72,100,1900,100,100,100,100,500,100,100,3300,100,300,200,1800,100,200,200,200,200,200
60.0,271.19,43700,11910147.0,271.05,271.02,271.01,271.0,270.51,270.5,270.38,270.35,270.34,270.3,271.7,271.82,271.86,271.97,272.0,272.49,272.53,272.68,272.69,272.7,100,100,100,500,100,100,3300,100,100,400,1200,100,300,200,1900,100,100,200,200,200
61.0,271.48,43900,11964400.0,271.02,271.01,271.0,270.99,270.51,270.5,270.38,270.35,270.34,270.3,271.48,271.53,271.58,271.69,271.7,271.82,271.86,271.97,272.0,272.49,100,100,500,100,100,100,3300,100,100,400,100,100,1100,300,1200,100,300,100,1900,100
62.0,271.04,45000,12262558.0,270.52,270.51,270.5,270.35,270.34,270.3,270.29,270.28,270.26,270.22,271.04,271.05,271.53,271.58,271.69,271.7,271.86,272.0,272.49,272.53,100,100,100,100,100,400,100,300,100,200,200,100,100,1600,500,300,300,1900,100,100
63.0,271.04,45000,12262558.0,270.52,270.51,270.5,270.35,270.34,270.3,270.29,270.28,270.26,270.22,271.04,271.05,271.53,271.58,271.69,271.7,271.86,272.0,272.49,272.53,100,100,100,100,100,400,100,300,100,200,200,100,100,1600,500,300,300,1900,100,100
64.0,271.04,45000,12262558.0,270.52,270.51,270.5,270.35,270.34,270.3,270.29,270.28,270.26,270.22,271.04,271.05,271.53,271.58,271.69,271.7,271.86,272.0,272.49,272.53,100,100,100,100,100,400,100,300,100,200,200,100,100,1600,500,300,300,1800,100,100
65.0,271.04,45100,12289662.0,270.52,270.51,270.5,270.35,270.34,270.3,270.29,270.28,270.26,270.22,271.03,271.04,271.05,271.53,271.58,271.69,271.7,271.86,272.0,272.49,100,100,100,100,100,400,100,300,100,200,100,200,100,100,1600,400,200,300,1800,100
66.0,271.04,45100,12289662.0,270.8,270.52,270.51,270.5,270.35,270.34,270.3,270.29,270.28,270.26,271.03,271.04,271.05,271.53,271.58,271.69,271.7,271.86,272.0,272.49,300,100,100,100,100,100,400,100,300,100,100,200,100,100,1600,400,200,600,1800,100
67.0,271.03,45200,12316765.0,270.8,270.52,270.51,270.5,270.35,270.34,270.3,270.29,270.28,270.26,271.04,271.05,271.53,271.58,271.69,271.7,271.86,272.0,272.49,272.53,300,100,100,100,100,100,400,100,300,100,200,100,100,1600,400,200,600,1800,100,100
68.0,271.04,45900,12506295.0,270.52,270.51,270.5,270.35,270.34,270.3,270.29,270.28,270.26,270.22,271.04,271.05,271.53,271.58,271.69,271.86,272.0,272.49,272.53,272.68,100,100,100,100,100,500,100,300,100,200,100,100,100,1600,400,600,1800,100,100,200
69.0,270.5,46300,12614499.0,270.35,270.34,270.3,270.29,270.28,270.26,270.22,270.2,270.17,270.11,271.04,271.05,271.53,271.58,271.69,271.86,272.0,272.49,272.53,272.68,100,100,500,100,300,100,200,200,500,200,100,100,100,1600,400,600,1800,100,100,200
70.0,271.04,46500,12668707.0,270.54,270.53,270.52,270.35,270.34,270.3,270.29,270.28,270.26,270.22,271.05,271.53,271.58,271.69,271.86,272.0,272.49,272.53,272.68,272.69,100,100,100,100,100,500,100,300,100,200,100,100,1600,400,600,1800,100,100,200,200
71.0,271.04,46700,12722915.0,270.56,270.55,270.54,270.53,270.52,270.35,270.34,270.3,270.29,270.28,271.04,271.05,271.53,271.58,271.69,271.86,272.0,272.49,272.53,272.68,300,600,100,100,100,100,100,500,100,300,200,100,100,1600,400,600,1800,100,100,200
72.0,271.04,46800,12750019.0,271.03,270.56,270.55,270.54,270.53,270.52,270.35,270.34,270.3,270.29,271.04,271.05,271.53,271.58,271.69,271.86,272.0,272.49,272.53,272.68,100,300,600,100,100,100,100,100,500,100,100,100,100,1600,400,600,1800,100,100,200
73.0,271.05,47300,12885543.0,271.05,271.03,270.56,270.55,270.54,270.53,270.52,270.35,270.34,270.3,271.53,271.58,271.69,271.86,272.0,272.49,272.53,272.68,272.69,272.7,600,100,300,600,100,100,100,100,100,500,100,1600,400,600,1800,100,100,200,200,200
74.0,271.05,47300,12885543.0,271.05,271.03,270.56,270.55,270.54,270.53,270.52,270.5,270.35,270.34,271.52,271.53,271.58,271.69,271.86,272.0,272.49,272.53,272.68,272.69,600,100,300,100,100,100,100,100,100,100,300,100,500,400,600,1800,100,100,200,200
75.0,271.05,47300,12885543.0,271.05,271.03,270.56,270.55,270.54,270.53,270.52,270.5,270.35,270.34,271.52,271.53,271.58,271.69,271.86,272.0,272.49,272.53,272.68,272.69,600,100,300,100,100,100,100,100,100,100,300,100,500,400,600,1800,100,100,200,200
76.0,271.05,47300,12885543.0,271.05,271.03,270.56,270.55,270.54,270.53,270.52,270.5,270.35,270.34,271.52,271.53,271.58,271.69,271.86,272.0,272.49,272.53,272.68,272.69,600,200,300,100,100,100,100,100,100,200,100,100,500,400,600,1800,100,100,200,200
77.0,271.27,47600,12966926.0,271.27,271.26,271.05,271.03,270.56,270.55,270.54,270.53,270.52,270.5,271.52,271.69,271.86,272.0,272.49,272.53,272.68,272.69,272.7,272.71,100,100,600,200,300,100,100,100,100,100,100,100,600,1800,100,100,200,200,200,200
78.0,271.05,48200,13129612.0,271.05,271.04,271.03,270.56,270.55,270.54,270.53,270.52,270.5,270.35,271.52,271.69,271.86,272.0,272.49,272.53,272.68,272.69,272.7,272.71,300,100,200,300,100,100,100,100,100,100,100,100,600,1800,100,100,200,200,200,200
79.0,271.03,48900,13319341.0,270.63,270.57,270.56,270.55,270.54,270.53,270.52,270.5,270.35,270.34,271.0,271.52,271.69,271.86,272.0,272.49,272.53,272.68,272.69,272.7,100,100,300,100,100,100,100,100,100,200,300,100,100,600,1800,100,100,200,200,200
80.0,271.0,49200,13400641.0,271.2,271.05,270.65,270.63,270.56,270.55,270.54,270.53,270.52,270.5,271.52,271.69,271.86,272.0,272.49,272.53,272.68,272.69,272.7,272.71,100,100,100,100,300,100,100,100,100,100,100,100,600,1800,100,100,200,200,200,200
81.0,271.0,49200,13400641.0,271.2,271.05,271.0,270.65,270.63,270.56,270.55,270.54,270.53,270.5,271.52,271.69,271.86,272.0,272.49,272.53,272.68,272.69,272.7,272.71,100,200,100,100,100,300,100,100,100,200,100,100,600,1800,100,100,200,200,200,200
82.0,271.2,49300,13427761.0,271.05,271.0,270.65,270.63,270.56,270.55,270.54,270.53,270.5,270.35,271.52,271.69,271.86,272.49,272.53,272.68,272.69,272.7,272.71,272.72,200,100,100,100,300,100,100,100,200,100,2300,100,600,100,100,200,200,200,200,200
83.0,271.04,50400,13725918.0,271.0,270.63,270.56,270.55,270.54,270.53,270.5,270.35,270.34,270.3,271.04,271.52,271.69,271.86,272.49,272.53,272.68,272.69,272.7,272.71,200,100,300,100,100,100,200,100,200,500,1200,2300,100,600,100,100,200,200,200,200
84.0,271.04,51000,13888542.0,271.0,270.63,270.58,270.56,270.55,270.54,270.53,270.5,270.35,270.34,271.04,271.52,271.69,271.86,272.49,272.53,272.68,272.69,272.7,272.71,200,100,100,300,100,100,100,300,100,200,600,2300,100,600,100,100,200,200,200,200
85.0,271.0,51200,13942746.0,271.0,270.63,270.58,270.56,270.55,270.54,270.53,270.5,270.35,270.34,271.04,271.52,271.69,271.86,272.49,272.53,272.68,272.69,272.7,272.71,100,100,100,300,100,100,100,300,100,200,500,2300,100,600,100,100,200,200,200,200
86.0,271.04,51400,13996954.0,271.0,270.63,270.58,270.56,270.55,270.54,270.53,270.5,270.35,270.34,271.04,271.05,271.52,271.69,271.86,272.49,272.53,272.68,272.69,272.7,300,100,100,300,100,100,100,300,100,200,300,100,2300,100,600,100,100,200,200,200
87.0,271.04,51400,13996954.0,271.0,270.63,270.58,270.56,270.55,270.54,270.53,270.5,270.35,270.34,271.04,271.05,271.52,271.69,271.86,272.49,272.53,272.68,272.69,272.7,300,100,100,300,100,100,100,500,100,200,300,100,2300,100,600,100,100,200,200,200
88.0,271.05,51800,14105371.0,271.0,270.63,270.58,270.56,270.55,270.54,270.53,270.5,270.35,270.34,271.52,271.69,271.86,272.49,272.53,272.68,272.69,272.7,272.71,272.72,700,100,100,300,100,200,100,700,100,200,2300,100,600,100,100,200,200,200,200,200
89.0,271.05,51800,14105371.0,271.04,271.0,270.63,270.58,270.56,270.55,270.54,270.53,270.5,270.35,271.52,271.69,271.86,272.49,272.53,272.68,272.69,272.7,272.71,272.72,200,700,100,100,300,100,200,100,700,100,100,100,600,100,100,200,200,200,200,200
90.0,271.05,51800,14105371.0,271.04,271.0,270.63,270.58,270.56,270.55,270.54,270.53,270.5,270.35,271.52,271.69,271.86,272.49,272.53,272.68,272.69,272.7,272.71,272.72,500,700,100,100,300,100,200,100,700,100,100,100,600,100,100,200,200,200,200,200
91.0,271.69,52000,14159692.0,271.1,271.09,271.05,271.04,271.0,270.65,270.63,270.58,270.56,270.55,271.86,272.49,272.53,272.68,272.69,272.7,272.71,272.72,272.73,272.74,800,100,500,1500,700,100,100,100,300,100,600,100,100,200,200,200,200,200,100,100
92.0,271.69,52000,14159692.0,271.26,271.25,271.18,271.09,271.05,271.04,271.0,270.65,270.63,270.58,271.86,272.49,272.53,272.68,272.69,272.7,272.71,272.72,272.73,272.74,300,100,200,100,600,1400,800,100,100,100,600,100,100,200,200,200,200,200,100,100
93.0,271.0,58300,15867699.0,271.02,271.0,270.82,270.66,270.65,270.63,270.58,270.55,270.54,270.53,271.83,271.86,272.49,272.53,272.68,272.69,272.7,272.71,272.72,272.73,100,2200,200,500,100,100,100,100,200,100,100,300,100,100,200,200,200,200,200,100
94.0,271.0,58300,15867699.0,271.05,271.02,271.0,270.82,270.66,270.65,270.63,270.58,270.55,270.54,271.82,271.83,271.86,272.49,272.53,272.68,272.69,272.7,272.71,272.72,200,100,1800,200,500,300,100,100,100,200,100,100,300,100,100,200,200,200,200,200
95.0,271.0,58300,15867699.0,271.05,271.02,271.0,270.82,270.66,270.65,270.63,270.58,270.55,270.54,271.82,271.83,271.86,272.49,272.53,272.68,272.69,272.7,272.71,272.72,200,100,1800,200,500,300,100,100,100,200,100,100,300,100,100,200,200,200,200,200
96.0,271.0,58300,15867699.0,271.15,271.05,271.04,271.02,271.0,270.82,270.66,270.65,270.63,270.58,271.82,271.83,271.86,272.49,272.53,272.68,272.69,272.7,272.71,272.72,200,200,100,100,1600,100,600,300,100,100,100,100,300,100,100,200,200,200,200,200
97.0,271.18,58400,15894817.0,271.15,271.05,271.04,271.02,271.0,270.82,270.66,270.65,270.63,270.58,271.8,271.82,271.83,271.86,272.49,272.53,272.68,272.69,272.7,272.71,200,200,300,100,1600,100,600,300,100,100,100,100,100,300,100,100,200,200,200,200
98.0,271.18,58400,15894817.0,271.15,271.05,271.04,271.02,271.0,270.82,270.66,270.65,270.63,270.58,271.8,271.82,271.83,271.86,272.49,272.53,272.68,272.69,272.7,272.71,200,200,300,100,3700,100,600,300,100,100,100,200,100,300,100,100,200,200,200,200
99.0,271.18,58400,15894817.0,271.15,271.05,271.04,271.02,271.0,270.82,270.66,270.65,270.63,270.58,271.8,271.82,271.83,271.86,272.49,272.53,272.68,272.69,272.7,272.71,200,200,300,100,3700,100,600,300,100,100,100,200,100,300,100,100,200,200,200,200
100.0,271.18,58400,15894817.0,271.15,271.08,271.05,271.04,271.02,271.0,270.82,270.66,270.65,270.63,271.8,271.82,271.83,271.86,272.49,272.53,272.68,272.69,272.7,272.71,200,100,300,400,100,2100,100,700,300,100,100,200,100,300,100,100,200,200,200,200
101.0,271.18,58400,15894817.0,271.16,271.15,271.08,271.05,271.04,271.02,271.0,270.85,270.82,270.66,271.8,271.82,271.83,271.86,272.49,272.53,272.68,272.69,272.7,272.71,100,200,100,400,400,100,2200,300,100,700,200,100,100,300,100,100,200,200,200,200
102.0,271.18,58400,15894817.0,271.16,271.15,271.08,271.05,271.04,271.02,271.0,270.85,270.82,270.66,271.8,271.82,271.83,271.86,272.49,272.53,272.68,272.69,272.7,272.71,100,200,100,400,400,100,2200,300,100,700,200,100,100,300,100,100,200,200,200,200
103.0,271.15,58600,15949048.0,271.15,271.08,271.05,271.04,271.02,271.0,270.85,270.82,270.66,270.65,271.8,271.82,271.86,272.49,272.53,272.68,272.69,272.7,272.71,272.72,100,100,400,400,300,2200,300,100,700,300,200,100,300,100,100,200,200,200,200,200
104.0,271.15,58800,16003278.0,271.08,271.05,271.04,271.02,271.0,270.85,270.82,270.7,270.66,270.65,271.76,271.77,271.8,271.82,271.86,272.49,272.53,272.68,272.69,272.7,100,400,400,300,2200,300,100,100,700,300,100,100,200,100,300,100,100,200,200,200
105.0,271.52,58900,16030430.0,271.08,271.05,271.04,271.02,271.0,270.85,270.82,270.7,270.66,270.65,271.76,271.77,271.8,271.82,271.86,272.49,272.53,272.68,272.69,272.7,100,400,400,300,2200,300,100,100,200,300,100,100,200,100,300,100,100,200,200,200
106.0,271.52,58900,16030430.0,271.15,271.08,271.05,271.04,271.02,271.0,270.85,270.82,270.7,270.66,271.76,271.77,271.8,271.82,271.86,272.49,272.53,272.68,272.69,272.7,200,100,400,400,300,2200,300,100,100,200,100,100,200,100,300,100,100,200,200,200
107.0,271.52,58900,16030430.0,271.15,271.08,271.05,271.04,271.02,271.0,270.85,270.7,270.66,270.65,271.76,271.77,271.8,271.82,271.86,272.49,272.53,272.68,272.69,272.7,200,100,400,400,300,2200,300,100,200,300,700,100,100,100,300,100,100,200,200,200
108.0,271.52,58900,16030430.0,271.16,271.15,271.08,271.05,271.04,271.02,271.0,270.85,270.7,270.66,271.76,271.77,271.8,271.82,271.86,272.49,272.53,272.68,272.69,272.7,200,200,100,400,400,300,2200,300,100,200,700,100,100,100,300,100,100,200,200,200
109.0,271.52,58900,16030430.0,271.16,271.15,271.08,271.05,271.04,271.02,271.0,270.85,270.7,270.66,271.76,271.77,271.8,271.82,271.86,272.49,272.53,272.68,272.69,272.7,200,200,100,400,400,300,2200,300,100,200,700,100,100,100,300,100,100,200,200,200
110.0,271.52,58900,16030430.0,271.16,271.15,271.08,271.05,271.04,271.02,271.0,270.85,270.7,270.66,271.76,271.77,271.8,271.82,271.86,272.49,272.53,272.68,272.69,272.7,500,200,100,400,400,300,2200,300,100,200,1000,100,100,100,300,100,100,200,200,200
111.0,271.52,58900,16030430.0,271.16,271.15,271.08,271.05,271.04,271.02,271.0,270.85,270.7,270.66,271.76,271.77,271.8,271.82,271.86,272.49,272.53,272.68,272.69,272.7,500,200,100,400,400,300,2200,300,100,200,1000,100,100,100,300,100,100,200,200,200
112.0,271.76,59200,16111958.0,271.16,271.15,271.08,271.05,271.04,271.02,271.0,270.85,270.8,270.7,271.76,271.77,271.82,271.86,272.49,272.53,272.68,272.69,272.7,272.71,500,200,100,400,900,200,2200,300,500,100,700,100,100,300,100,100,200,200,200,200
113.0,271.72,59500,16193422.0,271.16,271.15,271.08,271.05,271.04,271.02,271.0,270.85,270.8,270.7,271.73,271.76,271.77,271.82,271.86,272.49,272.53,272.68,272.69,272.7,500,200,100,400,900,200,2400,300,500,100,100,600,100,100,300,100,100,200,200,200
114.0,271.72,59500,16193422.0,271.17,271.16,271.15,271.08,271.05,271.04,271.02,271.0,270.85,270.8,271.73,271.76,271.77,271.82,271.86,272.49,272.53,272.68,272.69,272.7,100,500,200,100,400,900,200,2400,300,500,100,600,100,100,300,100,100,200,200,200
115.0,271.52,59600,16220574.0,271.17,271.16,271.15,271.08,271.06,271.05,271.04,271.02,271.0,270.85,271.73,271.76,271.77,271.86,272.49,272.53,272.68,272.69,272.7,272.71,100,400,200,100,300,400,900,200,2400,300,100,600,100,300,100,100,200,200,200,200
116.0,271.17,59700,16247691.0,271.18,271.17,271.16,271.08,271.06,271.05,271.04,271.02,271.0,270.85,271.73,271.77,271.86,272.49,272.53,272.68,272.69,272.7,272.71,272.72,300,100,400,100,300,400,900,200,2600,300,1000,100,300,100,100,200,200,200,200,200
117.0,271.17,59700,16247691.0,271.18,271.17,271.16,271.08,271.06,271.05,271.04,271.02,271.0,270.85,271.73,271.77,272.49,272.53,272.68,272.69,272.7,272.71,272.72,272.73,300,100,400,100,300,400,900,200,2600,300,1000,100,100,100,200,200,200,200,200,100
118.0,271.17,59700,16247691.0,271.18,271.17,271.16,271.08,271.06,271.05,271.04,271.02,271.0,270.85,271.73,272.49,272.53,272.68,272.69,272.7,272.71,272.72,272.73,272.74,300,100,400,100,300,400,1000,200,3000,300,1000,100,100,200,200,200,200,200,100,100
119.0,271.18,59800,16274809.0,271.18,271.17,271.16,271.08,271.06,271.05,271.04,271.02,271.0,270.85,271.73,272.49,272.53,272.68,272.69,272.7,272.71,272.72,272.73,272.74,200,100,400,100,300,400,1000,200,3100,300,1000,100,100,200,200,200,200,200,100,100
120.0,271.18,59800,16274809.0,271.18,271.17,271.16,271.08,271.06,271.05,271.04,271.02,271.0,270.85,271.73,272.49,272.53,272.68,272.69,272.7,272.71,272.72,272.73,272.74,200,100,400,100,300,400,1000,200,3200,300,1000,100,100,200,200,200,200,200,100,100
121.0,271.18,59800,16274809.0,271.18,271.17,271.16,271.08,271.06,271.05,271.04,271.02,271.0,270.85,271.73,272.49,272.53,272.68,272.69,272.7,272.71,272.72,272.73,272.74,200,100,400,100,300,400,1000,200,3100,300,1000,100,100,200,200,200,200,200,100,100
122.0,271.18,59800,16274809.0,271.21,271.2,271.18,271.17,271.16,271.08,271.06,271.05,271.04,271.02,271.73,272.49,272.53,272.68,272.69,272.7,272.71,272.72,272.73,272.74,300,100,200,100,400,100,300,400,1000,200,1100,100,100,200,200,200,200,200,100,100
123.0,271.73,59900,16301982.0,271.22,271.21,271.2,271.18,271.17,271.16,271.08,271.06,271.05,271.04,271.73,272.49,272.53,272.68,272.69,272.7,272.71,272.72,272.73,272.74,200,300,100,200,100,400,100,300,400,1000,1000,100,100,200,200,200,200,200,100,100
124.0,271.17,61800,16817310.0,271.19,271.18,271.17,271.16,271.08,271.06,271.05,271.04,271.02,271.0,271.73,272.49,272.53,272.68,272.69,272.7,272.71,272.72,272.73,272.74,800,300,1800,400,100,300,300,1000,200,3200,1000,100,100,200,200,200,200,200,100,100
125.0,271.33,61900,16844443.0,271.2,271.19,271.18,271.17,271.16,271.08,271.06,271.05,271.04,271.02,271.73,272.49,272.53,272.68,272.69,272.7,272.71,272.72,272.73,272.74,500,100,300,700,400,100,300,300,1000,200,1000,100,100,200,200,200,200,200,100,100
126.0,271.73,62300,16953135.0,271.34,271.2,271.19,271.18,271.17,271.16,271.08,271.06,271.05,271.04,271.73,272.49,272.53,272.68,272.69,272.7,272.71,272.72,272.73,272.74,200,500,100,300,700,400,100,300,300,1000,600,100,100,200,200,200,200,200,100,100
127.0,271.73,62300,16953135.0,271.34,271.2,271.19,271.17,271.16,271.08,271.06,271.05,271.04,271.02,271.73,272.49,272.53,272.68,272.69,272.7,272.71,272.72,272.73,272.74,200,500,100,500,400,100,300,300,1000,200,600,100,100,200,200,200,200,200,100,100
128.0,271.73,62400,16980308.0,271.34,271.2,271.19,271.17,271.16,271.08,271.06,271.05,271.04,271.02,271.73,272.48,272.49,272.53,272.68,272.69,272.7,272.71,272.72,272.73,300,500,100,500,400,100,300,300,1000,200,100,200,100,100,200,200,200,200,200,100
129.0,271.38,62600,17034580.0,271.34,271.2,271.19,271.16,271.08,271.06,271.05,271.04,271.02,271.0,271.73,272.48,272.49,272.53,272.68,272.69,272.7,272.71,272.72,272.73,200,500,100,400,100,300,300,1000,200,3200,100,200,100,100,200,200,200,200,200,100
130.0,271.73,63000,17143406.0,271.73,271.34,271.19,271.16,271.08,271.06,271.05,271.04,271.02,271.0,271.95,271.97,272.04,272.09,272.22,272.24,272.26,272.27,272.36,272.38,300,100,100,500,100,300,200,1000,200,3200,200,100,100,100,100,200,200,200,100,300
131.0,271.73,63000,17143406.0,271.73,271.34,271.19,271.16,271.08,271.06,271.05,271.04,271.02,271.0,271.96,271.97,272.04,272.09,272.24,272.26,272.27,272.36,272.38,272.39,300,100,300,500,100,400,200,500,200,3300,100,100,100,100,100,200,200,100,300,100
132.0,271.73,63100,17170579.0,271.76,271.73,271.34,271.19,271.18,271.16,271.08,271.06,271.05,271.04,271.96,272.04,272.09,272.26,272.27,272.36,272.38,272.39,272.4,272.47,300,200,200,300,100,500,100,400,200,500,100,100,100,100,200,100,300,100,1000,200
133.0,271.73,63100,17170579.0,271.76,271.73,271.36,271.34,271.33,271.2,271.19,271.18,271.16,271.08,271.96,272.04,272.09,272.26,272.27,272.36,272.38,272.39,272.4,272.47,300,200,100,200,100,100,300,200,500,100,100,100,100,100,200,100,300,100,800,200
134.0,271.73,63500,17279280.0,271.73,271.36,271.34,271.33,271.2,271.19,271.18,271.16,271.08,271.06,271.96,272.04,272.09,272.26,272.27,272.36,272.38,272.39,272.4,272.47,100,100,200,100,100,300,200,500,100,400,100,100,100,100,200,100,300,100,800,200
135.0,271.73,63600,17306453.0,271.36,271.35,271.34,271.33,271.2,271.19,271.18,271.16,271.08,271.06,271.76,271.96,272.04,272.09,272.26,272.27,272.36,272.38,272.39,272.4,100,100,200,100,100,300,200,500,100,400,100,100,100,100,100,200,100,300,100,400
136.0,271.73,63600,17306453.0,271.36,271.35,271.34,271.33,271.2,271.19,271.18,271.16,271.08,271.06,271.76,271.96,272.04,272.09,272.26,272.27,272.36,272.38,272.39,272.4,100,100,200,100,200,300,200,500,100,400,100,100,100,100,100,200,100,300,100,400
137.0,271.73,63600,17306453.0,271.36,271.35,271.34,271.33,271.2,271.19,271.18,271.16,271.08,271.06,271.75,271.76,271.96,272.04,272.09,272.26,272.27,272.36,272.38,272.39,100,100,200,100,200,300,200,500,100,400,100,100,100,100,100,100,200,100,300,100
138.0,271.76,63800,17360804.0,271.5,271.36,271.35,271.34,271.33,271.2,271.19,271.18,271.16,271.08,271.96,272.04,272.09,272.26,272.27,272.36,272.38,272.39,272.4,272.47,500,100,100,200,100,200,300,200,500,100,100,100,100,100,200,100,300,100,400,200
139.0,271.76,63800,17360804.0,271.76,271.73,271.5,271.36,271.35,271.34,271.33,271.2,271.19,271.18,271.95,271.96,272.04,272.09,272.26,272.27,272.3,272.36,272.38,272.39,100,200,600,100,100,200,100,200,300,200,100,100,100,100,100,200,3000,100,300,100
140.0,271.95,63900,17387999.0,271.76,271.73,271.5,271.36,271.35,271.34,271.33,271.2,271.19,271.18,271.96,272.04,272.09,272.26,272.27,272.3,272.38,272.4,272.47,272.48,100,300,700,100,100,100,100,200,300,200,100,100,100,100,200,3000,300,500,200,200
141.0,271.95,63900,17387999.0,271.76,271.73,271.5,271.36,271.35,271.34,271.33,271.2,271.19,271.18,271.96,272.09,272.26,272.27,272.3,272.38,272.4,272.47,272.48,272.49,100,300,700,100,100,100,100,200,300,200,100,100,100,200,3000,300,500,200,200,100
142.0,271.95,63900,17387999.0,271.76,271.73,271.5,271.36,271.35,271.34,271.33,271.2,271.19,271.18,271.96,272.26,272.27,272.3,272.38,272.4,272.47,272.48,272.49,272.68,100,500,700,100,100,100,100,200,300,200,100,100,200,3000,300,500,100,200,100,200
143.0,271.95,63900,17387999.0,271.76,271.73,271.5,271.36,271.35,271.34,271.33,271.2,271.19,271.18,271.96,272.26,272.27,272.3,272.38,272.4,272.47,272.48,272.49,272.68,200,500,700,100,100,100,100,200,300,200,200,100,200,3000,300,500,100,200,100,200
144.0,271.96,64100,17442391.0,271.76,271.73,271.5,271.41,271.36,271.35,271.34,271.33,271.2,271.19,272.26,272.27,272.3,272.38,272.4,272.49,272.68,272.69,272.7,272.71,200,500,600,100,100,100,100,100,200,300,100,200,3000,200,500,100,200,100,100,100
145.0,271.76,64300,17496743.0,271.96,271.76,271.73,271.5,271.41,271.36,271.35,271.34,271.33,271.2,272.26,272.27,272.3,272.38,272.4,272.49,272.68,272.69,272.7,272.71,100,400,500,600,100,100,100,100,100,200,100,200,3000,200,500,100,200,100,100,100
146.0,271.5,66000,17958673.0,271.5,271.41,271.36,271.35,271.34,271.33,271.2,271.19,271.18,271.16,271.73,271.76,271.95,271.96,272.26,272.27,272.3,272.38,272.4,272.49,300,100,100,100,100,100,200,300,200,500,200,100,100,100,100,200,3000,200,500,100
147.0,271.76,66300,18040195.0,271.5,271.41,271.36,271.35,271.34,271.33,271.2,271.19,271.18,271.16,271.95,271.96,272.26,272.27,272.3,272.38,272.4,272.49,272.68,272.69,300,100,100,100,100,100,200,300,200,500,100,100,100,200,3000,200,500,100,200,100
148.0,271.95,66400,18067390.0,271.5,271.41,271.36,271.35,271.34,271.33,271.2,271.19,271.18,271.16,271.96,272.26,272.27,272.3,272.38,272.4,272.49,272.68,272.69,272.7,300,100,100,100,100,100,200,300,200,500,100,100,200,3000,200,500,100,200,100,100
149.0,271.5,66700,18148840.0,271.8,271.5,271.41,271.36,271.35,271.34,271.33,271.2,271.19,271.18,271.96,272.26,272.27,272.3,272.38,272.4,272.49,272.68,272.69,272.7,100,100,100,100,100,100,100,200,300,200,100,100,200,3000,200,500,100,200,100,100
150.0,271.96,66800,18176036.0,271.8,271.5,271.41,271.36,271.35,271.34,271.33,271.2,271.19,271.18,272.26,272.27,272.3,272.38,272.4,272.49,272.68,272.69,272.7,272.71,100,100,100,100,100,100,100,200,300,200,100,200,3000,200,500,100,200,100,100,100
151.0,271.96,66800,18176036.0,271.8,271.76,271.5,271.41,271.36,271.35,271.34,271.33,271.2,271.19,272.0,272.26,272.27,272.3,272.38,272.4,272.49,272.68,272.69,272.7,100,100,100,100,100,100,100,100,200,300,100,200,200,3000,200,500,100,200,100,100
152.0,271.96,66800,18176036.0,271.8,271.76,271.5,271.41,271.36,271.35,271.34,271.33,271.2,271.19,272.0,272.25,272.26,272.27,272.3,272.38,272.4,272.68,272.69,272.7,100,100,100,100,100,100,100,100,200,300,100,100,200,200,3000,200,500,200,100,100
153.0,271.76,67000,18230392.0,271.51,271.5,271.41,271.36,271.35,271.34,271.33,271.2,271.19,271.18,271.73,272.0,272.25,272.26,272.27,272.3,272.38,272.4,272.68,272.69,400,100,100,100,100,100,100,200,300,200,100,100,100,200,200,3000,200,500,200,100
154.0,271.51,67400,18338996.0,271.5,271.41,271.36,271.35,271.34,271.33,271.2,271.19,271.18,271.16,271.73,272.0,272.25,272.26,272.27,272.3,272.38,272.4,272.68,272.69,100,100,200,100,100,100,200,300,200,500,100,100,100,200,200,3000,200,200,200,100
155.0,271.5,67800,18447744.0,271.41,271.36,271.35,271.34,271.33,271.2,271.19,271.18,271.16,271.08,271.95,272.25,272.26,272.27,272.3,272.38,272.4,272.68,272.69,272.7,100,200,100,100,100,200,300,200,500,100,100,100,200,200,3000,200,200,200,100,100
156.0,271.5,67800,18447744.0,271.41,271.36,271.35,271.34,271.33,271.2,271.19,271.18,271.16,271.08,271.48,271.95,272.26,272.27,272.3,272.38,272.4,272.68,272.69,272.7,100,200,100,100,100,200,300,200,500,100,100,100,200,200,3000,200,200,200,100,100
157.0,271.5,67800,18447744.0,271.41,271.36,271.35,271.34,271.33,271.2,271.19,271.18,271.16,271.08,271.48,271.95,272.26,272.27,272.3,272.38,272.4,272.68,272.69,272.7,100,200,100,100,100,200,300,200,500,100,100,100,200,200,3000,200,200,200,100,100
158.0,271.5,67800,18447744.0,271.41,271.36,271.35,271.34,271.33,271.2,271.19,271.18,271.16,271.08,271.48,271.95,272.26,272.27,272.3,272.38,272.4,272.68,272.69,272.7,100,200,100,100,100,300,300,200,500,100,100,100,200,200,3000,200,200,200,100,100
159.0,271.48,67900,18474892.0,271.73,271.41,271.36,271.35,271.34,271.33,271.2,271.19,271.18,271.16,271.95,272.26,272.27,272.3,272.38,272.4,272.68,272.69,272.7,272.71,100,100,200,100,100,100,300,300,200,500,100,200,200,3000,200,200,200,100,100,100
160.0,271.48,67900,18474892.0,271.86,271.73,271.41,271.36,271.35,271.34,271.33,271.2,271.19,271.18,271.95,272.26,272.3,272.38,272.4,272.68,272.69,272.7,272.71,273.23,100,100,100,200,100,100,100,300,300,200,100,200,3000,200,200,200,100,100,100,1400
161.0,271.73,68100,18529251.0,271.5,271.41,271.36,271.35,271.34,271.33,271.2,271.19,271.18,271.16,271.95,272.26,272.3,272.38,272.4,272.68,272.69,272.7,272.71,273.23,100,100,200,100,100,100,300,300,200,500,100,200,3000,200,200,200,100,100,100,1400
162.0,271.73,68100,18529251.0,271.6,271.5,271.41,271.36,271.35,271.34,271.33,271.2,271.19,271.18,271.95,272.26,272.3,272.38,272.4,272.68,272.69,272.7,272.71,273.23,100,300,100,200,100,100,100,300,300,200,100,200,3000,200,200,200,100,100,100,1400
163.0,271.73,68100,18529251.0,271.6,271.5,271.41,271.36,271.35,271.34,271.33,271.2,271.19,271.18,271.95,272.26,272.3,272.38,272.68,272.69,272.7,272.71,273.23,273.5,100,300,100,200,100,100,100,300,300,200,100,200,3000,200,200,100,100,100,1400,100
164.0,271.73,68100,18529251.0,271.6,271.5,271.41,271.36,271.35,271.34,271.33,271.2,271.19,271.18,271.95,272.26,272.3,272.38,272.68,272.69,272.7,272.71,273.23,273.5,100,500,100,200,100,100,100,300,300,200,100,200,3000,200,200,100,100,100,1400,100
165.0,271.73,68100,18529251.0,271.6,271.5,271.41,271.38,271.36,271.34,271.33,271.2,271.19,271.18,271.95,272.26,272.3,272.38,272.68,272.69,272.7,272.71,273.23,273.5,100,500,100,100,200,100,100,300,300,200,100,200,3000,200,200,100,100,100,1400,100
166.0,271.95,70200,19099475.0,271.95,271.51,271.5,271.41,271.38,271.36,271.34,271.33,271.2,271.19,272.26,272.3,272.38,272.68,272.69,272.7,272.71,273.23,273.5,274.0,100,100,500,100,100,200,100,100,300,200,200,3000,200,200,100,100,100,1400,100,6000
167.0,271.95,70300,19126670.0,271.73,271.51,271.5,271.41,271.38,271.36,271.34,271.33,271.2,271.19,271.95,272.26,272.3,272.38,272.68,272.69,272.7,272.71,273.23,273.5,100,100,500,100,100,200,100,100,300,200,200,200,3000,200,200,100,100,100,1400,100
168.0,271.95,70400,19153865.0,271.73,271.51,271.5,271.41,271.38,271.36,271.34,271.33,271.2,271.19,271.95,272.26,272.3,272.38,272.68,272.69,272.7,272.71,273.23,274.0,100,100,400,100,100,200,100,100,400,200,100,200,3000,200,200,100,100,100,1400,6000
169.0,271.73,70500,19181038.0,271.51,271.5,271.41,271.38,271.36,271.34,271.33,271.2,271.19,271.18,271.95,272.26,272.3,272.38,272.68,272.69,272.7,272.71,273.23,274.0,100,400,100,100,200,100,100,400,200,200,100,200,3000,200,200,100,100,100,1400,6000
170.0,271.73,70500,19181038.0,271.77,271.73,271.51,271.5,271.41,271.38,271.36,271.34,271.33,271.2,271.95,272.26,272.3,272.38,272.68,272.69,272.7,272.71,273.23,274.0,100,100,100,400,100,100,200,100,100,400,100,200,3000,200,200,100,100,100,1400,6000
171.0,271.73,70700,19235388.0,271.51,271.5,271.41,271.38,271.36,271.34,271.33,271.2,271.19,271.18,271.95,272.26,272.3,272.38,272.68,272.69,272.7,272.71,273.23,274.0,300,400,100,100,200,100,100,500,200,200,100,200,3000,200,200,100,100,100,1400,6000
172.0,271.73,70700,19235388.0,271.55,271.51,271.5,271.41,271.38,271.36,271.34,271.33,271.2,271.19,271.95,272.26,272.3,272.38,272.68,272.69,272.7,272.71,273.23,274.0,100,300,400,100,100,200,100,100,500,200,100,200,3000,200,200,100,100,100,1400,6000
173.0,271.73,70700,19235388.0,271.55,271.51,271.5,271.41,271.38,271.36,271.33,271.2,271.19,271.18,271.95,272.26,272.3,272.38,272.68,272.69,272.7,272.71,273.23,274.0,100,300,300,100,100,200,100,500,200,200,100,200,3000,200,200,100,100,100,1400,6000
174.0,271.73,70700,19235388.0,271.55,271.51,271.5,271.41,271.38,271.36,271.33,271.2,271.19,271.18,271.95,272.26,272.3,272.38,272.68,272.69,272.7,272.71,273.23,274.0,100,300,300,100,100,200,100,500,200,200,100,200,3000,200,200,100,100,100,1400,6000
175.0,271.95,71600,19479814.0,271.51,271.5,271.41,271.38,271.36,271.33,271.2,271.19,271.18,271.16,272.26,272.3,272.38,272.68,272.69,272.7,272.71,273.23,274.0,274.4,100,300,100,100,200,100,500,200,200,400,200,3000,200,200,100,100,100,1400,6000,5000
176.0,271.95,71600,19479814.0,271.55,271.51,271.5,271.41,271.38,271.36,271.33,271.2,271.19,271.18,272.26,272.3,272.38,272.68,272.69,272.7,272.71,273.23,274.0,274.4,100,100,300,100,100,100,100,500,200,200,200,3000,200,200,100,100,100,1400,6000,5000
177.0,271.95,71600,19479814.0,271.55,271.51,271.5,271.41,271.38,271.36,271.33,271.2,271.19,271.18,271.73,272.26,272.3,272.38,272.68,272.69,272.7,272.71,273.23,274.0,100,100,300,100,100,100,100,500,200,200,300,200,3000,200,200,100,100,100,1400,6000
178.0,271.55,71900,19561315.0,271.52,271.51,271.5,271.41,271.38,271.36,271.33,271.2,271.19,271.18,271.73,272.26,272.3,272.38,272.68,272.69,272.7,272.71,273.23,274.0,100,100,300,100,100,100,100,500,200,200,100,200,3000,200,200,100,100,100,1400,6000
179.0,271.73,72200,19642834.0,271.55,271.52,271.51,271.5,271.41,271.38,271.36,271.33,271.2,271.19,272.26,272.3,272.38,272.68,272.69,272.7,272.71,273.23,274.0,274.4,100,100,100,300,100,100,100,100,400,200,200,3000,200,200,100,100,100,1400,6000,5000
180.0,271.73,72200,19642834.0,271.55,271.52,271.5,271.41,271.38,271.36,271.33,271.2,271.19,271.18,272.26,272.3,272.38,272.68,272.69,272.7,272.71,273.23,274.0,274.4,100,100,300,100,100,100,100,400,200,200,200,3000,200,200,100,100,100,1400,6000,5000
181.0,271.73,72200,19642834.0,271.55,271.52,271.5,271.41,271.38,271.36,271.33,271.2,271.19,271.18,272.26,272.3,272.38,272.68,272.69,272.7,272.71,273.23,274.0,274.4,100,100,400,100,100,100,100,400,200,200,200,3000,200,200,100,100,100,1400,6000,5000
182.0,271.73,72200,19642834.0,271.7,271.6,271.56,271.55,271.52,271.5,271.41,271.38,271.36,271.33,272.26,272.3,272.38,272.68,272.69,272.7,272.71,273.23,274.0,274.4,100,100,100,100,100,400,100,100,100,100,900,3000,200,200,100,100,100,1400,6000,5000
183.0,271.73,72200,19642834.0,271.73,271.7,271.6,271.58,271.56,271.55,271.52,271.5,271.41,271.38,272.26,272.3,272.38,272.5,272.68,272.69,272.7,272.71,273.23,274.0,100,100,100,100,100,100,100,400,100,100,900,3000,200,100,200,100,100,100,1400,6000
184.0,272.25,72600,19751578.0,271.71,271.7,271.6,271.58,271.56,271.55,271.52,271.5,271.41,271.38,272.25,272.26,272.3,272.38,272.5,272.68,272.69,272.7,272.71,273.23,200,100,100,100,100,100,100,400,100,100,200,900,3000,200,100,200,100,100,100,1400
185.0,272.25,72600,19751578.0,271.71,271.7,271.6,271.58,271.56,271.52,271.5,271.38,271.36,271.33,272.18,272.19,272.25,272.26,272.3,272.38,272.5,272.68,272.69,272.7,200,100,100,100,100,200,400,100,100,100,100,100,800,300,3000,200,100,200,100,100
186.0,271.71,72700,19778749.0,271.71,271.7,271.6,271.58,271.56,271.55,271.52,271.5,271.38,271.36,271.91,272.18,272.19,272.25,272.26,272.3,272.38,272.5,272.68,272.69,100,100,100,100,100,100,200,400,100,100,100,100,100,900,300,3000,200,100,200,100
187.0,271.71,72700,19778749.0,271.73,271.71,271.7,271.6,271.58,271.56,271.55,271.52,271.5,271.38,271.91,272.18,272.19,272.25,272.26,272.3,272.38,272.5,272.68,272.69,100,100,100,100,100,200,100,200,400,100,200,100,100,900,300,3000,200,100,200,100
188.0,271.71,73200,19914606.0,271.71,271.7,271.6,271.58,271.56,271.55,271.52,271.5,271.38,271.36,271.91,272.25,272.26,272.3,272.38,272.5,272.68,272.69,272.7,272.71,200,100,100,100,700,100,200,400,100,100,300,600,300,3000,200,100,200,100,100,100
189.0,271.91,73300,19941797.0,271.71,271.7,271.6,271.58,271.56,271.55,271.52,271.5,271.38,271.36,271.91,272.25,272.26,272.3,272.38,272.5,272.68,272.69,272.7,272.71,200,100,100,100,700,100,200,400,100,100,200,800,300,3000,200,100,200,100,100,100
190.0,271.91,73300,19941797.0,271.71,271.7,271.6,271.58,271.56,271.55,271.52,271.5,271.38,271.36,271.91,272.25,272.26,272.3,272.38,272.5,272.68,272.69,272.7,272.71,300,100,200,100,700,100,200,400,100,100,200,800,300,3000,200,100,200,100,100,100
191.0,271.91,73500,19996179.0,271.81,271.8,271.71,271.7,271.6,271.58,271.56,271.55,271.52,271.5,272.25,272.26,272.3,272.38,272.5,272.68,272.69,272.7,272.71,273.23,200,100,400,100,200,100,700,100,200,500,600,200,3000,200,100,200,100,100,100,600
192.0,271.91,73500,19996179.0,271.81,271.8,271.73,271.71,271.7,271.6,271.58,271.56,271.55,271.52,272.25,272.26,272.3,272.38,272.5,272.68,272.69,272.7,272.71,273.23,200,100,800,500,100,200,100,700,100,200,600,200,3000,200,100,200,100,100,100,600
193.0,272.26,74200,20186755.0,271.81,271.8,271.73,271.71,271.7,271.6,271.58,271.56,271.55,271.52,272.26,272.3,272.38,272.5,272.68,272.69,272.7,272.71,273.23,274.0,200,100,800,500,100,200,100,700,100,200,100,3000,100,100,200,100,100,100,600,6000
194.0,271.73,75200,20458732.0,271.73,271.71,271.7,271.6,271.58,271.56,271.55,271.52,271.5,271.38,272.3,272.38,272.5,273.23,274.0,274.4,274.5,274.98,275.0,275.33,500,400,100,200,100,700,100,200,800,100,2700,100,100,600,6000,5000,400,400,23900,100
195.0,271.73,75200,20458732.0,271.74,271.73,271.71,271.7,271.6,271.58,271.56,271.55,271.52,271.5,272.3,272.38,272.5,273.23,274.0,274.4,274.5,274.98,275.0,275.33,900,500,400,100,200,100,700,100,200,800,2700,100,100,600,6000,5000,400,400,23900,100
196.0,272.3,75600,20567652.0,271.94,271.91,271.81,271.74,271.73,271.71,271.7,271.6,271.58,271.56,272.3,272.5,273.23,274.0,274.4,274.5,274.98,275.0,275.33,276.0,500,100,100,900,500,300,100,200,100,700,2300,100,600,6000,5000,400,400,23900,100,6400
197.0,271.81,76300,20757994.0,271.84,271.81,271.74,271.73,271.71,271.7,271.6,271.58,271.56,271.55,272.3,272.5,273.23,274.0,274.4,274.5,274.98,275.0,275.33,276.0,300,200,1000,500,300,100,200,100,700,100,2400,100,600,6000,5000,400,400,23900,100,6400
198.0,272.3,76600,20839684.0,271.99,271.98,271.85,271.81,271.74,271.73,271.71,271.7,271.6,271.58,272.21,272.3,272.5,273.23,274.0,274.4,274.5,274.98,275.0,275.33,300,100,700,200,1000,500,300,100,200,100,100,2100,100,600,6000,5000,400,400,23900,100
199.0,272.3,76600,20839684.0,271.99,271.98,271.81,271.74,271.73,271.71,271.7,271.6,271.58,271.56,272.21,272.3,272.5,273.23,274.0,274.4,274.5,274.98,275.0,275.33,300,100,200,1000,500,300,100,200,100,700,100,2100,100,600,6000,5000,400,400,23900,100
200.0,272.21,76700,20866905.0,271.99,271.98,271.81,271.75,271.74,271.73,271.71,271.7,271.6,271.58,272.3,272.5,273.23,274.0,274.4,274.5,274.98,275.0,275.33,276.0,300,100,200,200,1000,500,300,100,200,100,2100,100,600,6000,5000,400,400,23900,100,6400
201.0,272.21,76700,20866905.0,272.24,271.98,271.81,271.75,271.74,271.73,271.71,271.7,271.6,271.58,272.3,272.5,273.23,274.0,274.4,274.5,274.98,275.0,275.33,276.0,100,100,200,200,1000,500,300,100,200,100,2200,100,600,6000,5000,400,400,23900,100,6400
202.0,272.21,76700,20866905.0,272.24,271.98,271.81,271.75,271.74,271.73,271.71,271.7,271.6,271.58,272.3,272.5,273.23,274.0,274.4,274.5,274.98,275.0,275.33,276.0,100,100,200,200,1000,500,300,100,200,100,2200,100,600,6000,5000,400,400,23900,100,6400
203.0,272.3,77700,21139032.0,271.85,271.81,271.75,271.74,271.73,271.71,271.7,271.6,271.58,271.56,272.3,272.5,273.23,274.0,274.4,274.5,274.98,275.0,275.33,276.0,200,200,200,200,500,300,100,200,100,700,1800,100,600,6000,5000,400,400,23900,100,6400
204.0,272.3,78300,21302187.0,271.9,271.88,271.87,271.86,271.85,271.81,271.75,271.74,271.73,271.71,272.3,272.5,273.23,274.0,274.4,274.5,274.98,275.0,275.33,276.0,300,200,500,200,300,200,200,200,500,300,1700,100,600,6000,5000,400,400,23900,100,6400
205.0,272.3,78300,21302187.0,271.93,271.92,271.91,271.9,271.88,271.87,271.86,271.85,271.81,271.75,272.3,272.5,273.23,274.0,274.4,274.5,274.98,275.0,275.33,276.0,200,500,100,300,200,500,200,300,200,200,1700,100,600,6000,5000,400,400,23900,100,6400
206.0,271.98,80300,21846147.0,271.99,271.98,271.93,271.92,271.91,271.9,271.88,271.87,271.86,271.85,272.25,272.3,272.5,273.23,274.0,274.4,274.5,274.98,275.0,275.33,500,500,200,500,100,400,200,500,200,300,100,1700,100,600,6000,5000,400,400,23900,100
207.0,272.25,80400,21873372.0,272.01,272.0,271.99,271.98,271.93,271.92,271.91,271.9,271.88,271.87,272.3,272.5,273.23,274.0,274.4,274.5,274.98,275.0,275.33,276.0,300,600,500,500,200,500,100,100,200,500,1700,100,600,6000,5000,400,400,23900,100,6400
208.0,272.01,80600,21927774.0,272.0,271.99,271.93,271.92,271.9,271.88,271.87,271.86,271.85,271.81,272.3,272.38,272.5,273.23,274.0,274.4,274.5,274.98,275.0,275.33,600,500,200,500,100,200,500,200,300,200,1900,100,100,600,6000,5000,400,400,23900,100
209.0,272.01,80600,21927774.0,272.01,272.0,271.99,271.93,271.92,271.88,271.87,271.86,271.81,271.75,272.3,272.38,272.5,273.23,274.0,274.4,274.5,274.98,275.0,275.33,200,600,500,200,500,200,500,200,200,200,2000,100,100,600,6000,5000,400,400,23900,100
210.0,272.3,81500,22172844.0,272.02,272.01,272.0,271.99,271.93,271.92,271.9,271.88,271.87,271.86,272.3,272.38,273.23,274.0,274.4,274.5,274.98,275.0,275.33,276.0,500,300,600,500,200,500,100,200,500,200,1100,100,600,6000,5000,400,400,23900,100,6400
211.0,272.3,81600,22200074.0,272.02,272.01,272.0,271.99,271.93,271.92,271.9,271.88,271.87,271.86,272.3,272.38,273.23,274.0,274.4,274.5,274.98,275.0,275.33,276.0,500,300,600,500,200,500,100,200,500,200,1000,100,600,6000,5000,400,400,23900,100,6400
212.0,272.3,82000,22308994.0,272.25,272.02,272.01,272.0,271.99,271.93,271.92,271.9,271.88,271.87,272.3,272.38,273.23,274.0,274.4,274.5,274.98,275.0,275.33,276.0,200,600,300,600,500,200,500,100,200,500,600,100,600,6000,5000,400,400,23900,100,6400
213.0,272.3,82200,22363449.0,272.25,272.02,272.01,271.99,271.93,271.92,271.9,271.88,271.87,271.75,272.3,272.38,273.23,274.0,274.4,274.5,274.98,275.0,275.33,276.0,100,200,300,500,200,500,100,200,500,200,700,100,600,6000,5000,400,400,23900,100,6400
214.0,272.3,82200,22363449.0,272.25,272.02,272.01,271.99,271.93,271.9,271.88,271.87,271.75,271.74,272.3,272.38,273.23,274.0,274.4,274.5,274.98,275.0,275.33,276.0,100,200,300,500,200,100,200,500,200,200,700,100,600,6000,5000,400,400,23900,100,6400
215.0,272.25,82500,22445124.0,272.02,272.01,271.99,271.9,271.75,271.74,271.73,271.7,271.6,271.58,272.25,272.3,272.38,273.23,274.0,274.4,274.5,274.98,275.0,275.33,200,300,200,200,200,200,500,100,100,100,200,700,100,600,6000,5000,400,400,23900,100
216.0,272.25,82700,22499574.0,272.25,272.02,272.01,271.99,271.9,271.75,271.74,271.73,271.7,271.6,272.3,272.38,273.23,274.0,274.4,274.5,274.98,275.0,275.33,276.0,100,500,300,200,200,200,200,500,100,100,400,100,600,6000,5000,400,400,23900,100,6400
217.0,272.24,82900,22554023.0,272.02,272.01,271.99,271.9,271.86,271.75,271.74,271.73,271.7,271.6,272.24,272.3,272.38,273.23,274.0,274.4,274.5,274.98,275.0,275.33,500,300,200,200,100,200,200,500,100,100,1500,300,100,600,6000,5000,400,400,23900,100
218.0,272.24,83100,22608471.0,272.02,272.01,271.99,271.9,271.86,271.8,271.75,271.74,271.73,271.7,272.24,272.3,273.23,274.0,274.4,274.5,274.98,275.0,275.33,276.0,500,300,200,200,100,100,200,200,500,100,1300,300,600,6000,5000,400,400,23900,100,6400
219.0,272.01,84200,22907756.0,271.99,271.9,271.86,271.8,271.75,271.74,271.73,271.7,271.6,271.58,272.24,272.3,273.23,274.0,274.4,274.5,274.98,275.0,275.33,276.0,200,200,100,100,200,200,500,100,100,100,1000,200,600,6000,5000,400,400,23900,100,6400
220.0,272.01,84200,22907756.0,271.99,271.9,271.86,271.8,271.75,271.74,271.73,271.7,271.6,271.58,272.24,272.3,273.23,274.0,274.4,274.5,274.98,275.0,275.33,276.0,200,200,100,100,200,200,500,100,100,100,1000,200,600,6000,5000,400,400,23900,100,6400
221.0,272.24,84800,23071000.0,272.0,271.9,271.86,271.8,271.74,271.73,271.7,271.6,271.58,271.56,272.24,272.3,273.23,274.0,274.4,274.5,274.98,275.0,275.33,276.0,200,200,100,100,200,500,100,100,100,700,900,200,600,6000,5000,400,400,23900,100,6400
222.0,272.24,84900,23098224.0,272.0,271.9,271.86,271.8,271.74,271.73,271.7,271.6,271.58,271.56,272.24,272.25,272.3,273.23,274.0,274.4,274.5,274.98,275.0,275.33,200,200,100,100,200,500,100,100,100,700,800,100,200,600,6000,5000,400,400,23900,100
223.0,272.24,84900,23098224.0,272.0,271.9,271.86,271.8,271.74,271.73,271.7,271.6,271.58,271.56,272.24,272.25,272.3,273.23,274.0,274.4,274.5,274.98,275.0,275.33,300,200,100,100,200,500,100,100,100,700,1100,100,200,600,6000,5000,400,400,23900,100
224.0,272.24,84900,23098224.0,272.0,271.9,271.86,271.8,271.74,271.73,271.7,271.6,271.58,271.56,272.2,272.24,272.25,272.3,273.23,274.0,274.4,274.5,274.98,275.0,400,200,100,100,200,500,100,100,100,700,6000,1100,100,200,600,6000,5000,400,400,23900
225.0,272.2,85500,23261544.0,272.0,271.9,271.86,271.8,271.74,271.73,271.7,271.6,271.58,271.56,272.2,272.24,272.25,272.3,273.23,274.0,274.4,274.5,274.98,275.0,700,200,100,100,200,500,100,100,100,700,5400,1000,100,200,600,6000,5000,400,400,23900
226.0,272.2,85500,23261544.0,272.0,271.9,271.86,271.8,271.74,271.73,271.7,271.6,271.58,271.56,272.2,272.24,272.3,273.23,274.0,274.4,274.5,274.98,275.0,275.33,700,200,100,100,200,500,100,100,100,700,5400,1000,200,600,6000,5000,400,400,23900,100
227.0,272.2,85600,23288764.0,272.0,271.9,271.86,271.8,271.74,271.73,271.7,271.6,271.58,271.56,272.2,272.24,272.3,273.23,274.0,274.4,274.5,274.98,275.0,275.33,700,200,100,100,200,500,100,100,100,700,5400,1000,200,600,6000,5000,400,400,23900,100
228.0,272.2,85700,23315984.0,272.0,271.9,271.86,271.8,271.74,271.73,271.7,271.6,271.58,271.56,272.2,272.24,272.3,273.0,273.23,274.0,274.4,274.5,274.9,274.98,700,200,100,100,200,500,100,100,100,700,5300,1000,200,100,600,6000,5000,400,6000,400
229.0,272.0,86100,23424784.0,272.0,271.9,271.86,271.8,271.74,271.73,271.7,271.6,271.58,271.56,272.2,272.24,272.3,273.0,273.23,274.0,274.4,274.5,274.9,274.98,400,200,100,100,200,500,100,100,100,700,5300,1000,200,100,600,6000,5000,400,6000,400
230.0,272.0,86200,23451984.0,272.0,271.9,271.86,271.8,271.74,271.73,271.7,271.6,271.58,271.56,272.2,272.24,272.3,273.0,274.0,274.4,274.5,274.9,274.98,275.0,400,200,100,100,200,500,100,100,100,700,5300,1000,200,100,6000,5000,400,6000,400,23900
231.0,271.9,86800,23615164.0,271.86,271.8,271.74,271.73,271.7,271.6,271.58,271.56,271.55,271.5,272.2,272.24,272.3,273.0,274.0,274.4,274.5,274.9,274.98,275.0,100,100,200,500,100,100,100,700,100,1400,5300,700,200,100,6000,5000,400,6000,400,23900
232.0,271.9,86800,23615164.0,271.86,271.8,271.74,271.73,271.7,271.6,271.58,271.56,271.55,271.5,272.2,272.24,272.3,273.0,274.0,274.4,274.5,274.9,274.98,275.0,200,100,200,500,100,100,100,700,100,1400,5300,700,200,100,6000,5000,400,6000,400,23900
233.0,272.0,87100,23696784.0,271.86,271.8,271.74,271.73,271.7,271.58,271.56,271.55,271.5,271.38,272.0,272.16,272.2,272.24,272.3,273.0,274.0,274.4,274.5,274.9,200,100,200,500,100,100,700,100,1400,100,1000,100,5200,700,200,100,6000,5000,400,6000
234.0,272.0,87200,23723984.0,271.86,271.8,271.74,271.73,271.7,271.58,271.56,271.55,271.5,271.38,272.0,272.16,272.2,272.24,272.3,273.0,274.0,274.4,274.5,274.9,200,100,200,500,100,100,700,100,1400,100,1700,100,5100,700,200,100,6000,5000,400,6000
235.0,272.0,87400,23778384.0,271.86,271.8,271.74,271.73,271.7,271.58,271.56,271.55,271.5,271.38,272.0,272.16,272.2,272.24,272.3,273.0,274.0,274.4,274.5,274.9,300,100,200,500,100,100,700,100,1400,100,1600,100,5100,700,200,100,6000,5000,400,6000
236.0,271.86,87900,23914314.0,271.8,271.74,271.73,271.7,271.58,271.56,271.55,271.5,271.38,271.36,271.86,272.0,272.2,272.24,272.3,273.0,274.0,274.4,274.5,274.9,200,200,500,100,100,700,100,1400,100,100,200,900,5100,700,200,100,6000,5000,400,6000
237.0,271.86,87900,23914314.0,271.8,271.74,271.73,271.7,271.58,271.56,271.55,271.5,271.38,271.36,271.86,272.0,272.2,272.24,272.3,273.0,274.0,274.4,274.5,274.9,200,200,500,100,100,700,100,1400,100,100,200,900,5300,700,200,100,6000,5000,400,6000
238.0,271.86,88100,23968686.0,271.8,271.74,271.73,271.7,271.58,271.56,271.55,271.5,271.38,271.36,272.0,272.2,272.24,272.3,273.0,274.0,274.4,274.5,274.9,274.98,200,200,500,100,100,700,100,1500,100,100,800,5300,700,200,100,6000,5000,400,6000,400
239.0,271.73,89200,24267612.0,271.7,271.58,271.56,271.55,271.5,271.38,271.36,271.33,271.3,271.27,271.86,272.0,272.2,272.24,272.3,273.0,274.0,274.4,274.5,274.9,100,100,700,100,1500,100,100,100,100,100,200,700,5300,700,200,100,6000,5000,400,6000
240.0,271.7,89400,24321955.0,271.58,271.56,271.55,271.5,271.38,271.36,271.33,271.3,271.27,271.2,271.65,271.7,271.86,272.0,272.2,272.24,272.3,273.0,274.0,274.4,100,700,100,1500,100,100,100,100,100,400,100,100,400,700,5300,700,200,100,6000,5000
241.0,271.7,89500,24349125.0,271.58,271.56,271.55,271.5,271.38,271.36,271.33,271.3,271.27,271.2,271.86,272.0,272.2,272.24,272.3,273.0,274.0,274.4,274.5,274.9,500,700,100,1500,100,100,100,100,100,400,400,700,5300,700,200,100,6000,5000,400,6000
242.0,271.58,89600,24376283.0,271.58,271.56,271.55,271.5,271.38,271.36,271.33,271.3,271.27,271.2,271.86,272.2,272.24,272.3,273.0,274.0,274.4,274.5,274.9,274.98,700,700,100,1500,100,100,100,100,100,400,200,5300,700,200,100,6000,5000,400,6000,400
243.0,271.58,89600,24376283.0,271.58,271.56,271.55,271.5,271.38,271.33,271.3,271.27,271.2,271.19,271.86,272.2,272.24,272.3,273.0,274.0,274.4,274.5,274.9,274.98,700,800,100,1500,100,100,100,100,400,200,200,5300,700,200,100,6000,5000,400,6000,400
244.0,271.87,90200,24539403.0,271.87,271.86,271.58,271.56,271.55,271.5,271.38,271.33,271.3,271.27,272.2,272.24,272.3,273.0,274.0,274.4,274.5,274.9,274.98,275.0,1300,100,700,800,100,1500,100,100,100,100,5300,700,200,100,6100,5000,400,6000,400,16400
245.0,271.58,92600,25191788.0,271.59,271.58,271.56,271.55,271.5,271.38,271.33,271.3,271.27,271.2,272.2,272.24,272.3,273.0,274.0,274.4,274.5,274.9,274.98,275.0,200,200,700,100,1500,100,100,100,100,400,5100,700,200,100,6100,5000,400,6000,400,16400
246.0,271.58,92600,25191788.0,271.88,271.7,271.6,271.59,271.58,271.56,271.55,271.5,271.38,271.33,272.2,272.24,272.3,273.0,274.0,274.4,274.5,274.9,274.98,275.0,800,100,600,200,200,700,100,1600,100,100,5100,700,200,100,6100,5000,400,6000,400,16400
247.0,271.58,92600,25191788.0,271.88,271.7,271.6,271.59,271.58,271.56,271.55,271.5,271.38,271.33,272.2,272.24,272.3,273.0,274.0,274.4,274.5,274.9,274.98,275.0,900,100,600,200,200,700,100,1600,100,100,5100,700,200,100,6100,5000,400,6000,400,16400
248.0,271.88,92800,25246164.0,271.88,271.7,271.6,271.59,271.58,271.56,271.55,271.5,271.38,271.33,272.2,272.24,272.3,273.0,274.0,274.4,274.5,274.9,274.98,275.0,900,100,600,200,300,700,100,1400,100,100,5100,700,200,100,6100,5000,400,6000,400,16400
249.0,272.2,93100,25327760.0,271.88,271.7,271.6,271.59,271.58,271.56,271.55,271.5,271.38,271.33,272.2,272.24,272.3,273.0,274.0,274.4,274.5,274.9,274.98,275.0,700,100,600,200,300,700,100,1400,100,100,5000,700,200,100,6100,5000,400,6000,400,16400
250.0,272.2,93100,25327760.0,271.88,271.7,271.6,271.59,271.58,271.56,271.55,271.5,271.38,271.33,272.2,272.24,272.3,273.0,274.0,274.4,274.5,274.9,274.98,275.0,700,100,600,300,300,700,100,1400,100,100,5000,700,200,100,6100,5000,400,6000,400,16400
251.0,272.2,93100,25327760.0,271.88,271.7,271.6,271.59,271.58,271.56,271.55,271.5,271.38,271.33,272.2,272.24,272.3,273.0,274.0,274.4,274.5,274.9,274.98,275.0,700,100,600,300,300,700,100,1400,100,100,5000,700,200,100,6100,5000,400,6000,400,16400
252.0,272.2,93100,25327760.0,271.89,271.88,271.7,271.6,271.59,271.58,271.56,271.55,271.5,271.38,272.2,272.24,272.3,273.0,274.0,274.4,274.5,274.9,274.98,275.0,200,700,100,400,300,400,700,100,1400,100,5000,700,200,100,6100,5000,400,6000,400,16400
253.0,272.25,99200,26988251.0,272.58,272.26,272.25,272.24,272.21,272.2,272.03,271.89,271.88,271.7,273.0,274.0,274.4,274.5,274.9,274.98,275.0,275.33,276.0,276.5,400,100,500,200,400,500,300,200,700,100,100,6100,5000,400,6000,400,16400,100,6400,8000
254.0,272.25,99500,27070002.0,272.3,272.25,272.24,272.21,272.2,271.88,271.7,271.59,271.58,271.56,273.07,273.2,273.29,273.58,273.59,273.6,273.61,273.62,273.63,273.64,100,600,200,100,600,600,100,300,200,700,400,100,200,100,100,100,100,100,100,100
255.0,272.25,99500,27070002.0,272.31,272.3,272.25,272.24,272.21,272.2,271.89,271.88,271.7,271.59,273.06,273.07,273.29,273.58,273.59,273.6,273.61,273.62,273.63,273.64,100,100,600,200,100,600,200,600,100,300,300,500,100,100,100,100,100,100,100,100
256.0,272.25,99500,27070002.0,272.31,272.3,272.25,272.24,272.2,271.89,271.88,271.7,271.59,271.58,273.06,273.07,273.29,273.58,273.59,273.6,273.61,273.62,273.63,273.64,200,100,600,200,600,200,600,100,300,200,400,500,100,100,100,100,100,100,100,100
257.0,272.31,99700,27124464.0,272.31,272.3,272.25,272.24,272.2,271.89,271.88,271.7,271.59,271.58,273.06,273.07,273.29,273.58,273.59,273.6,273.61,273.62,273.63,273.64,200,100,600,200,600,200,600,100,300,200,500,500,100,100,100,100,100,100,100,100
258.0,272.31,100200,27260619.0,272.3,272.25,272.24,272.2,271.89,271.88,271.7,271.59,271.58,271.56,273.06,273.07,273.29,273.58,273.59,273.6,273.61,273.62,273.63,273.64,100,600,200,600,200,600,100,300,200,700,800,500,100,100,100,100,100,100,100,100
259.0,272.31,100200,27260619.0,272.3,272.25,272.24,272.2,271.89,271.88,271.7,271.6,271.59,271.58,273.06,273.07,273.29,273.58,273.59,273.6,273.61,273.62,273.63,273.64,100,600,200,600,200,400,100,100,300,200,1100,500,100,100,100,100,100,100,100,100
260.0,273.06,100300,27287925.0,272.3,272.25,272.24,272.2,271.89,271.88,271.7,271.6,271.59,271.58,273.06,273.07,273.29,273.58,273.59,273.6,273.61,273.62,273.63,273.64,100,600,200,600,200,400,100,100,400,200,1300,500,100,100,100,100,100,100,100,100
261.0,272.41,100400,27315166.0,272.41,272.3,272.25,272.24,272.2,271.89,271.88,271.7,271.6,271.59,273.06,273.07,273.29,273.58,273.59,273.6,273.61,273.62,273.63,273.64,100,100,600,200,600,200,400,100,100,400,1400,500,100,100,100,100,100,100,100,100
262.0,272.41,100400,27315166.0,272.41,272.3,272.25,272.24,272.2,271.89,271.88,271.7,271.6,271.59,273.06,273.07,273.29,273.58,273.59,273.6,273.61,273.62,273.63,273.64,200,100,600,200,600,200,400,100,100,400,1500,500,100,100,100,100,100,100,100,100
263.0,272.24,101500,27614676.0,272.21,272.2,271.89,271.88,271.7,271.6,271.59,271.58,271.56,271.55,272.6,272.72,272.78,272.86,273.0,273.04,273.05,273.06,273.07,273.29,100,600,700,400,100,100,400,200,700,100,100,100,100,100,300,100,100,1600,500,100
264.0,272.24,101500,27614676.0,272.41,272.21,272.2,271.89,271.88,271.7,271.6,271.59,271.58,271.56,272.6,272.72,272.78,272.86,273.0,273.04,273.05,273.06,273.07,273.29,100,100,600,700,400,100,100,400,200,700,100,100,100,100,300,100,100,1600,500,100
265.0,272.24,101500,27614676.0,272.41,272.21,272.2,271.89,271.88,271.7,271.61,271.6,271.59,271.58,272.6,272.72,272.78,272.86,273.0,273.04,273.05,273.06,273.07,273.29,100,100,600,700,400,100,100,100,600,200,100,100,100,100,300,100,100,1700,500,100
266.0,272.24,101500,27614676.0,272.41,272.21,272.2,271.89,271.88,271.7,271.61,271.6,271.59,271.58,272.6,272.72,272.78,272.86,273.0,273.04,273.05,273.06,273.07,273.29,100,100,700,700,400,100,100,100,600,200,100,100,100,100,300,100,100,1700,500,100
267.0,272.24,101500,27614676.0,272.41,272.21,272.2,271.89,271.88,271.7,271.61,271.6,271.59,271.58,272.6,272.72,272.78,272.86,273.0,273.04,273.05,273.06,273.07,273.29,200,100,700,700,400,100,100,100,600,200,100,100,100,100,300,100,100,1700,500,100
268.0,272.2,101900,27723599.0,272.3,272.2,271.89,271.88,271.7,271.61,271.6,271.59,271.58,271.56,272.6,272.72,272.78,272.86,273.0,273.04,273.05,273.06,273.07,273.29,100,600,700,400,100,100,100,600,200,700,100,100,100,100,300,100,100,1700,500,100
269.0,272.3,102000,27750829.0,272.2,271.89,271.88,271.7,271.61,271.6,271.59,271.58,271.56,271.55,272.59,272.6,272.72,272.78,272.86,273.0,273.04,273.05,273.06,273.07,600,700,400,100,100,100,600,200,700,100,100,1200,100,100,100,300,100,100,1700,500
270.0,272.41,102200,27805311.0,272.2,271.89,271.88,271.7,271.66,271.61,271.6,271.59,271.58,271.56,272.4,272.41,272.53,272.59,272.6,272.72,272.78,272.86,273.0,273.04,600,700,400,100,100,100,100,400,200,700,100,400,100,100,1300,100,100,100,300,100
271.0,272.2,102500,27886971.0,272.2,271.89,271.88,271.7,271.66,271.61,271.6,271.59,271.58,271.56,272.4,272.41,272.53,272.59,272.6,272.72,272.78,272.86,273.0,273.04,300,700,400,100,100,100,100,400,200,700,100,400,100,100,1300,100,100,100,300,100
272.0,272.2,102500,27886971.0,272.2,271.9,271.89,271.88,271.7,271.66,271.61,271.6,271.59,271.58,272.4,272.41,272.53,272.59,272.6,272.72,272.73,272.78,272.86,273.0,300,300,400,400,100,100,100,100,400,200,200,400,100,100,1300,100,100,100,100,300
273.0,272.2,102500,27886971.0,272.2,271.97,271.9,271.89,271.88,271.7,271.66,271.61,271.6,271.59,272.4,272.53,272.59,272.6,272.61,272.7,272.72,272.73,272.78,272.86,300,200,400,400,400,100,100,100,100,400,200,100,100,1300,400,100,100,100,100,100
274.0,272.2,102500,27886971.0,272.2,272.0,271.97,271.9,271.89,271.88,271.7,271.66,271.61,271.6,272.39,272.4,272.53,272.59,272.6,272.61,272.7,272.72,272.73,272.78,300,200,200,400,400,400,100,100,100,100,100,200,100,100,1300,400,100,100,100,100
275.0,272.33,102600,27914204.0,272.2,272.0,271.97,271.9,271.89,271.88,271.7,271.66,271.61,271.6,272.34,272.39,272.4,272.53,272.59,272.6,272.61,272.7,272.72,272.73,300,200,200,400,400,400,100,100,100,100,100,100,200,100,100,1300,400,100,100,100
276.0,272.33,102600,27914204.0,272.2,272.0,271.97,271.9,271.89,271.88,271.7,271.66,271.61,271.6,272.34,272.39,272.4,272.53,272.59,272.6,272.7,272.72,272.73,272.78,300,200,200,400,400,400,100,100,100,100,100,100,200,100,100,1300,100,100,100,100
277.0,272.33,102600,27914204.0,272.2,272.0,271.97,271.9,271.89,271.88,271.7,271.66,271.61,271.6,272.34,272.4,272.53,272.59,272.6,272.7,272.72,272.73,272.78,272.86,300,200,200,400,400,400,100,100,100,100,200,200,100,100,1300,100,100,100,100,100
278.0,272.2,102800,27968644.0,272.2,272.0,271.97,271.9,271.89,271.88,271.7,271.66,271.61,271.6,272.34,272.4,272.53,272.59,272.6,272.7,272.72,272.73,272.78,272.86,100,300,200,400,300,400,100,100,100,100,200,200,100,100,1300,100,100,100,100,100
279.0,272.2,102800,27968644.0,272.2,272.0,271.97,271.9,271.89,271.88,271.7,271.66,271.61,271.6,272.34,272.4,272.53,272.59,272.6,272.7,272.72,272.73,272.78,272.86,100,500,200,400,300,400,100,100,100,100,200,200,100,100,1300,100,100,100,100,100
280.0,271.0,142900,38840112.0,271.15,271.14,271.13,271.07,271.05,271.01,271.0,270.89,270.87,270.85,272.33,272.34,272.4,272.53,272.59,272.6,272.7,272.72,272.73,272.78,100,200,700,700,100,100,21000,100,100,300,100,100,200,100,100,1300,100,100,100,100
281.0,272.28,143400,38976140.0,271.24,271.23,271.15,271.14,271.07,271.05,271.01,271.0,270.89,270.87,272.31,272.33,272.34,272.4,272.53,272.59,272.6,272.7,272.72,272.73,100,200,100,200,700,100,100,7900,100,100,100,100,100,200,100,100,1300,100,100,100
282.0,271.88,143600,39030517.0,271.32,271.31,271.24,271.14,271.07,271.05,271.01,271.0,270.89,270.87,272.19,272.2,272.28,272.31,272.33,272.34,272.4,272.53,272.59,272.6,100,200,400,200,700,100,100,8000,100,100,100,200,100,400,100,100,200,100,100,1300
283.0,272.2,143700,39057737.0,271.33,271.32,271.31,271.24,271.14,271.07,271.05,271.01,271.0,270.89,272.28,272.31,272.33,272.34,272.35,272.4,272.53,272.59,272.6,272.7,400,100,200,400,200,700,100,100,8000,100,100,400,100,100,200,200,100,100,1300,100
284.0,272.1,143900,39112147.0,271.5,271.49,271.4,271.39,271.33,271.32,271.24,271.14,271.07,271.05,272.13,272.22,272.25,272.28,272.29,272.31,272.33,272.34,272.35,272.4,100,200,100,300,400,200,400,200,700,100,500,1400,200,700,200,400,100,100,200,200
285.0,271.85,144100,39166517.0,271.49,271.39,271.33,271.32,271.24,271.14,271.07,271.05,271.0,270.89,271.85,272.12,272.21,272.25,272.28,272.29,272.31,272.33,272.34,272.35,200,300,400,200,400,100,700,100,8000,100,200,100,200,300,700,200,400,100,100,200
286.0,271.31,146100,39709207.0,271.44,271.43,271.32,271.24,271.14,271.07,271.05,271.0,270.89,270.87,271.94,272.12,272.25,272.28,272.29,272.31,272.33,272.34,272.53,272.59,700,700,400,400,100,700,100,300,100,100,1400,100,200,700,200,400,100,100,100,100
287.0,271.44,146400,39790739.0,271.49,271.44,271.43,271.32,271.24,271.14,271.07,271.05,271.0,270.89,271.94,272.12,272.25,272.28,272.29,272.31,272.33,272.34,272.53,272.59,100,600,700,400,400,100,700,100,300,100,1200,100,200,700,200,400,100,100,100,100
288.0,271.07,148800,40441819.0,271.17,271.09,271.05,271.0,270.89,270.87,270.85,270.8,270.7,270.66,272.12,272.25,272.28,272.29,272.31,272.33,272.34,272.53,272.59,272.6,700,100,100,300,100,100,300,500,100,100,100,200,700,200,300,100,100,100,100,1300
289.0,271.07,148800,40441819.0,271.17,271.09,271.0,270.89,270.87,270.85,270.8,270.7,270.66,270.55,271.71,271.81,271.99,272.11,272.12,272.25,272.28,272.29,272.31,272.33,700,100,300,100,100,300,500,100,100,100,1700,100,200,200,400,200,700,200,300,100
290.0,271.64,149300,40577667.0,271.4,271.39,271.09,271.0,270.89,270.85,270.8,270.7,270.66,270.55,271.64,271.68,271.99,272.11,272.12,272.25,272.28,272.29,272.31,272.33,500,100,100,100,100,300,500,100,100,100,1300,100,200,200,400,200,700,200,300,100
291.0,271.64,149300,40577667.0,271.4,271.39,271.09,271.0,270.89,270.85,270.8,270.7,270.66,270.55,271.64,271.68,271.99,272.11,272.12,272.25,272.28,272.29,272.31,272.33,500,100,100,100,100,300,500,100,100,100,1300,100,200,200,400,200,700,200,300,100
292.0,271.64,149300,40577667.0,271.4,271.39,271.09,271.0,270.89,270.85,270.8,270.7,270.66,270.55,271.64,271.68,271.99,272.11,272.12,272.25,272.28,272.29,272.31,272.33,500,100,100,100,100,300,500,100,100,100,1300,100,200,200,400,200,700,200,300,100
293.0,271.64,149600,40659159.0,271.4,271.39,271.09,271.0,270.89,270.85,270.8,270.7,270.66,270.55,271.64,271.68,271.99,272.11,272.12,272.25,272.28,272.29,272.31,272.33,500,100,300,100,100,300,500,100,100,100,1000,100,100,200,400,200,700,200,300,100
294.0,271.64,149600,40659159.0,271.4,271.39,271.17,271.09,271.0,270.89,270.85,270.8,270.7,270.66,271.64,271.68,272.11,272.12,272.25,272.28,272.29,272.31,272.33,272.34,700,100,100,300,100,100,300,500,100,100,100,100,200,400,200,700,200,300,100,100
295.0,271.4,149700,40686299.0,271.41,271.4,271.39,271.17,271.09,271.0,270.89,270.85,270.8,270.7,271.68,272.11,272.12,272.25,272.28,272.29,272.31,272.33,272.34,272.53,100,600,100,100,300,100,100,300,500,100,100,200,400,200,700,200,300,100,100,100
296.0,271.68,150000,40767803.0,271.41,271.4,271.39,271.17,271.09,271.01,271.0,270.89,270.85,270.8,271.96,271.97,272.12,272.25,272.28,272.29,272.31,272.33,272.34,272.59,100,600,100,100,300,900,100,100,300,500,1000,300,400,200,700,200,300,100,100,100
297.0,271.44,150200,40822143.0,271.46,271.44,271.41,271.4,271.39,271.17,271.09,271.01,271.0,270.89,271.97,272.12,272.25,272.28,272.29,272.31,272.33,272.34,272.59,272.6,100,700,100,600,100,100,300,900,100,100,300,400,200,700,200,300,100,100,100,1300
298.0,271.44,150200,40822143.0,271.46,271.44,271.41,271.4,271.39,271.17,271.09,271.01,271.0,270.89,271.97,272.12,272.25,272.28,272.29,272.31,272.33,272.34,272.59,272.6,100,700,100,600,100,100,300,900,100,100,300,400,200,700,200,300,100,100,100,1300
299.0,271.44,150200,40822143.0,271.64,271.46,271.41,271.4,271.39,271.17,271.09,271.01,271.0,270.89,271.97,272.12,272.25,272.28,272.29,272.31,272.33,272.34,272.59,272.6,200,200,100,600,100,100,300,900,200,100,300,400,100,700,200,300,100,100,100,1300
300.0,271.44,150200,40822143.0,271.64,271.46,271.41,271.4,271.39,271.17,271.09,271.01,271.0,270.89,271.97,272.12,272.25,272.28,272.29,272.31,272.33,272.34,272.59,272.6,200,200,100,600,100,100,300,900,300,100,300,400,100,700,200,300,100,100,100,1300
301.0,271.44,150200,40822143.0,271.71,271.64,271.55,271.46,271.4,271.39,271.17,271.09,271.01,271.0,271.97,272.12,272.25,272.28,272.31,272.33,272.34,272.59,272.6,272.7,100,200,200,200,600,100,100,300,900,300,300,300,100,700,300,100,100,100,1300,100
302.0,271.55,150900,41012262.0,271.5,271.46,271.41,271.4,271.17,271.1,271.09,271.01,271.0,270.89,271.64,271.97,272.12,272.25,272.28,272.31,272.33,272.34,272.59,272.6,100,200,100,600,100,100,300,900,500,100,100,300,300,100,700,300,100,100,100,1300
303.0,271.55,151100,41066581.0,271.5,271.46,271.41,271.4,271.17,271.1,271.09,271.01,271.0,270.89,271.97,272.12,272.25,272.28,272.31,272.33,272.34,272.59,272.6,272.7,100,100,100,600,100,100,300,900,500,100,300,300,100,700,300,100,100,100,1300,100
304.0,271.55,151100,41066581.0,271.68,271.67,271.66,271.5,271.46,271.41,271.4,271.17,271.1,271.09,271.97,272.12,272.25,272.28,272.31,272.33,272.34,272.59,272.6,272.7,200,500,100,100,100,100,600,100,100,300,300,300,100,700,300,100,100,100,1300,100
305.0,271.97,151200,41093778.0,271.71,271.69,271.68,271.67,271.66,271.5,271.46,271.41,271.4,271.17,272.12,272.2,272.28,272.31,272.33,272.34,272.59,272.6,272.7,272.72,200,100,500,500,100,300,100,100,600,100,300,300,700,300,100,100,100,1300,100,100
306.0,271.97,151200,41093778.0,271.71,271.69,271.68,271.67,271.66,271.5,271.46,271.41,271.4,271.17,272.12,272.2,272.28,272.31,272.33,272.34,272.59,272.6,272.7,272.72,200,100,500,500,100,300,100,100,600,100,300,300,700,300,100,100,100,1300,100,100
307.0,271.0,158800,43155213.0,271.21,271.15,271.14,271.13,271.02,271.01,271.0,270.9,270.89,270.85,271.74,272.12,272.2,272.28,272.31,272.33,272.34,272.59,272.6,272.7,200,400,2100,700,100,200,4000,300,100,300,100,300,300,700,300,100,100,100,1300,100
308.0,271.74,158900,43182387.0,271.5,271.25,271.24,271.19,271.17,271.15,271.14,271.07,271.03,271.02,272.12,272.15,272.2,272.28,272.31,272.33,272.34,272.59,272.6,272.7,100,400,100,400,400,400,2100,100,400,100,300,1000,300,700,300,100,100,100,1300,100
309.0,271.74,158900,43182387.0,271.5,271.39,271.24,271.19,271.17,271.15,271.14,271.07,271.03,271.02,272.12,272.15,272.2,272.28,272.31,272.33,272.34,272.59,272.6,272.7,100,100,100,400,400,400,2100,100,400,100,300,1000,300,700,300,100,100,100,1300,100
310.0,271.74,158900,43182387.0,271.51,271.5,271.39,271.24,271.19,271.17,271.15,271.14,271.07,271.03,272.12,272.15,272.2,272.28,272.31,272.33,272.34,272.59,272.6,272.7,400,400,100,100,400,400,400,2100,100,400,600,1000,300,700,300,100,100,100,1300,100
311.0,272.15,159900,43454519.0,271.52,271.51,271.5,271.44,271.41,271.39,271.24,271.19,271.17,271.15,272.15,272.2,272.28,272.31,272.33,272.34,272.59,272.6,272.7,272.72,200,400,400,100,100,100,100,400,400,400,600,300,700,300,100,100,100,1300,100,100
312.0,272.15,159900,43454519.0,271.63,271.56,271.52,271.51,271.5,271.44,271.41,271.39,271.24,271.19,272.15,272.2,272.28,272.31,272.33,272.34,272.59,272.6,272.7,272.72,200,600,200,400,400,100,100,100,100,400,700,300,700,300,100,100,100,1300,100,100
313.0,271.63,160100,43508845.0,271.56,271.52,271.51,271.5,271.44,271.41,271.39,271.24,271.19,271.18,272.15,272.2,272.28,272.31,272.33,272.34,272.59,272.6,272.7,272.72,600,200,400,400,100,100,100,100,400,200,700,300,700,300,100,100,100,1300,100,100
314.0,271.63,160100,43508845.0,271.56,271.52,271.51,271.5,271.44,271.41,271.39,271.24,271.19,271.18,272.15,272.2,272.28,272.31,272.33,272.34,272.59,272.6,272.7,272.72,600,200,400,300,100,100,100,100,400,200,900,300,700,300,100,100,100,1300,100,100
315.0,271.63,160100,43508845.0,271.6,271.56,271.52,271.51,271.5,271.44,271.41,271.39,271.24,271.19,272.15,272.2,272.28,272.31,272.33,272.34,272.6,272.7,272.72,272.73,100,600,200,100,300,100,100,100,100,400,900,300,700,300,100,100,1300,100,100,100
316.0,271.63,160100,43508845.0,271.73,271.6,271.56,271.52,271.51,271.5,271.44,271.41,271.39,271.24,272.15,272.2,272.28,272.31,272.33,272.34,272.6,272.7,272.72,272.73,200,100,600,200,200,300,100,100,100,100,900,300,700,300,100,100,1300,100,100,100
317.0,271.92,190200,51667699.0,271.19,271.15,271.14,271.13,271.03,271.01,271.0,270.91,270.9,270.89,272.15,272.2,272.28,272.31,272.33,272.34,272.6,272.7,272.72,272.73,100,100,1000,700,500,200,2400,300,200,100,400,300,700,300,100,100,1300,100,100,100
318.0,271.92,190200,51667699.0,271.2,271.19,271.15,271.14,271.13,271.03,271.01,271.0,270.91,270.9,272.15,272.2,272.28,272.31,272.33,272.34,272.6,272.7,272.72,272.73,700,1700,100,1000,700,500,200,2400,300,200,2100,300,700,300,100,100,1300,100,100,100
319.0,271.92,190200,51667699.0,271.2,271.19,271.15,271.14,271.13,271.03,271.01,271.0,270.91,270.9,272.15,272.2,272.28,272.31,272.33,272.34,272.6,272.7,272.72,272.73,700,1700,100,1000,700,500,200,2400,300,200,2100,300,700,300,100,100,1300,100,100,100
320.0,272.15,190400,51722129.0,271.63,271.2,271.19,271.14,271.03,271.01,271.0,270.91,270.9,270.89,272.11,272.12,272.13,272.15,272.2,272.28,272.31,272.33,272.34,272.6,100,400,1700,1000,500,200,2400,300,200,100,300,100,900,1900,300,700,300,100,100,1300
321.0,271.63,190500,51749292.0,271.63,271.39,271.19,271.14,271.03,271.01,271.0,270.91,270.9,270.89,272.09,272.1,272.11,272.12,272.13,272.15,272.2,272.28,272.31,272.33,100,500,1700,1000,500,200,2400,300,200,100,300,100,100,100,900,1900,300,700,300,100
322.0,271.03,194100,52725622.0,271.03,271.01,271.0,270.91,270.9,270.89,270.85,270.8,270.7,270.66,271.79,271.84,271.93,271.94,272.0,272.02,272.03,272.04,272.05,272.06,200,1100,2400,300,200,100,300,500,100,100,300,100,200,300,200,500,700,200,300,400
323.0,271.03,194100,52725622.0,271.03,271.01,271.0,270.91,270.9,270.89,270.85,270.8,270.7,270.66,271.56,271.6,271.74,271.84,271.93,271.94,272.0,272.02,272.03,272.04,200,1100,2400,300,200,100,300,500,100,100,300,500,100,100,200,300,200,500,1000,200
324.0,271.56,194400,52807090.0,271.18,271.03,271.02,271.01,271.0,270.91,270.9,270.89,270.85,270.8,271.6,271.74,271.84,271.93,271.94,272.0,272.02,272.03,272.04,272.06,100,200,600,1100,2400,300,200,100,300,500,200,100,100,100,500,200,200,1000,200,400
325.0,271.56,194400,52807090.0,271.18,271.03,271.02,271.01,271.0,270.91,270.9,270.89,270.85,270.8,271.56,271.6,271.74,271.84,271.93,271.94,272.0,272.02,272.03,272.04,100,200,600,700,2400,300,200,100,300,500,300,200,100,100,100,500,200,200,1000,200
326.0,271.56,194500,52834246.0,271.18,271.03,271.02,271.01,271.0,270.91,270.9,270.89,270.85,270.8,271.39,271.56,271.6,271.84,271.93,271.94,272.0,272.02,272.03,272.04,200,200,600,700,2400,300,200,100,300,500,1800,200,200,100,100,500,200,200,1000,200
327.0,271.56,194500,52834246.0,271.18,271.03,271.02,271.01,271.0,270.91,270.9,270.89,270.85,270.8,271.39,271.56,271.6,271.84,271.93,271.94,272.0,272.02,272.03,272.04,800,200,600,700,2400,300,200,100,300,500,1800,200,200,100,100,500,200,200,1000,200
328.0,271.39,195200,53024219.0,271.18,271.03,271.02,271.01,271.0,270.98,270.91,270.9,270.89,270.85,271.39,271.56,271.6,271.84,271.93,271.94,272.0,272.02,272.03,272.04,800,200,600,700,2400,100,300,200,100,300,1100,200,200,100,100,500,200,200,1000,200
329.0,271.39,196300,53322748.0,271.18,271.03,271.02,271.01,271.0,270.98,270.91,270.9,270.89,270.85,271.56,271.6,271.84,271.94,272.02,272.03,272.04,272.08,272.09,272.11,800,200,600,700,2400,100,300,200,100,300,200,200,100,400,200,600,200,200,100,100
330.0,271.39,196300,53322748.0,271.18,271.03,271.02,271.01,271.0,270.98,270.91,270.9,270.89,270.85,271.56,271.6,271.84,271.94,272.02,272.03,272.04,272.08,272.09,272.11,800,200,600,700,2400,100,300,200,100,300,200,200,100,400,200,600,200,200,100,100
331.0,271.39,196300,53322748.0,271.18,271.03,271.02,271.01,271.0,270.98,270.91,270.9,270.89,270.85,271.38,271.56,271.6,271.84,271.94,272.02,272.03,272.04,272.08,272.09,800,200,600,700,2400,100,300,200,100,300,100,200,200,100,400,100,600,200,200,100
332.0,271.39,196300,53322748.0,271.18,271.03,271.02,271.01,271.0,270.98,270.91,270.9,270.89,270.85,271.38,271.56,271.6,271.84,271.94,272.02,272.03,272.04,272.08,272.09,800,200,600,700,2400,100,300,200,100,300,100,300,200,100,400,100,600,200,200,100
333.0,271.38,196400,53349886.0,271.18,271.03,271.02,271.01,271.0,270.98,270.91,270.9,270.89,270.85,271.55,271.56,271.6,271.84,271.94,272.02,272.03,272.04,272.08,272.09,800,200,600,700,2400,100,300,200,100,300,100,300,200,100,400,100,600,200,200,100
334.0,271.0,202000,54867655.0,270.99,270.98,270.91,270.9,270.89,270.85,270.8,270.7,270.66,270.6,271.0,271.54,271.55,271.56,271.6,271.84,271.94,272.02,272.03,272.04,1000,100,300,200,100,300,500,100,100,100,4500,100,100,300,200,100,400,100,600,200
335.0,271.38,206600,56114293.0,271.01,271.0,270.99,270.98,270.91,270.9,270.89,270.85,270.8,270.7,271.55,271.56,271.6,271.84,271.94,272.02,272.03,272.04,272.08,272.12,300,1900,2300,100,300,200,100,300,500,100,100,200,200,100,400,100,600,200,200,100
336.0,271.38,206600,56114293.0,271.01,271.0,270.99,270.98,270.91,270.9,270.89,270.85,270.8,270.7,271.55,271.56,271.6,271.84,271.94,272.02,272.03,272.04,272.08,272.12,300,1400,2300,100,300,200,100,300,500,100,100,200,200,100,400,100,600,200,200,100
337.0,271.38,206600,56114293.0,271.01,271.0,270.99,270.98,270.91,270.9,270.89,270.85,270.8,270.7,271.5,271.55,271.56,271.6,271.84,271.94,272.02,272.03,272.04,272.08,300,1800,2300,100,300,200,100,300,500,100,5000,100,200,200,100,400,100,600,200,200
338.0,271.38,206600,56114293.0,271.18,271.01,271.0,270.99,270.98,270.91,270.9,270.89,270.85,270.8,271.49,271.5,271.55,271.56,271.6,271.84,271.94,272.02,272.03,272.04,100,400,1700,2300,100,300,200,100,300,500,100,5000,100,200,200,100,400,100,600,200
339.0,271.01,206900,56195613.0,271.11,271.01,271.0,270.99,270.98,270.91,270.9,270.89,270.85,270.8,271.48,271.49,271.5,271.55,271.56,271.6,271.84,271.94,272.02,272.03,200,200,1700,2300,100,300,200,100,300,500,100,100,5000,100,200,200,100,400,100,600
340.0,271.01,206900,56195613.0,271.11,271.01,271.0,270.99,270.98,270.91,270.9,270.89,270.85,270.8,271.48,271.49,271.5,271.55,271.56,271.6,271.84,271.94,272.02,272.03,200,300,1700,2300,100,300,200,100,300,500,100,100,5000,100,200,200,100,400,100,600
341.0,271.49,207100,56249910.0,271.11,271.01,271.0,270.99,270.98,270.91,270.9,270.89,270.85,270.8,271.5,271.55,271.56,271.6,271.84,271.94,272.02,272.03,272.04,272.08,200,300,1900,2300,100,300,200,100,300,500,5000,1200,200,200,100,400,100,600,200,200
342.0,271.5,212100,57607410.0,271.51,271.5,271.11,271.01,271.0,270.99,270.98,270.91,270.9,270.89,271.55,271.56,271.6,271.94,272.03,272.12,272.13,272.15,272.28,272.31,500,4500,200,300,2000,2300,100,300,200,100,1100,200,200,400,400,100,900,1700,700,300
343.0,271.6,213800,58069067.0,271.61,271.6,271.53,271.51,271.5,271.11,271.01,271.0,270.99,270.98,271.94,272.03,272.12,272.13,272.15,272.28,272.31,272.33,272.34,272.6,500,300,200,1100,4500,200,300,2000,2300,100,300,400,100,900,1700,700,300,100,100,100
344.0,271.0,223900,60809594.0,271.0,270.99,270.98,270.91,270.89,270.85,270.8,270.7,270.66,270.6,271.93,271.94,272.03,272.12,272.13,272.15,272.28,272.31,272.33,272.34,100,3200,100,300,100,300,500,100,100,200,300,500,400,100,900,1700,700,300,100,100
345.0,271.0,223900,60809594.0,271.02,271.01,271.0,270.99,270.98,270.91,270.89,270.85,270.8,270.7,271.93,271.94,272.03,272.12,272.13,272.15,272.28,272.31,272.33,272.34,200,100,7800,3200,100,300,100,300,500,100,1600,500,400,100,900,1700,700,300,100,100
346.0,271.93,224100,60863980.0,271.02,271.01,271.0,270.99,270.98,270.91,270.89,270.85,270.8,270.7,271.93,271.94,271.99,272.03,272.12,272.13,272.15,272.28,272.31,272.33,200,100,5900,3200,100,300,100,300,500,100,2100,500,1000,400,100,900,1700,700,300,100
347.0,271.6,224300,60918300.0,271.02,271.01,271.0,270.99,270.98,270.91,270.89,270.85,270.8,270.7,271.79,271.93,271.94,271.99,272.03,272.12,272.13,272.15,272.28,272.31,100,1400,5900,3200,100,300,100,300,500,100,1000,2100,500,1000,400,100,900,1700,700,300
348.0,271.01,224800,61053806.0,271.01,271.0,270.99,270.98,270.91,270.89,270.85,270.8,270.7,270.66,271.62,271.78,271.79,271.93,271.94,271.99,272.03,272.12,272.15,272.28,1000,5900,3200,100,300,100,300,500,100,100,400,100,900,2100,500,1000,400,100,1700,700
349.0,271.48,225100,61135203.0,271.01,271.0,270.99,270.98,270.91,270.89,270.85,270.8,270.7,270.66,271.56,271.61,271.78,271.79,271.93,271.94,271.99,272.03,272.12,272.15,1000,6000,3200,100,300,100,300,500,100,100,1400,100,100,900,2100,500,1000,400,100,1700
350.0,271.38,225300,61189497.0,271.13,271.02,271.01,271.0,270.99,270.98,270.91,270.89,270.85,270.8,271.56,271.61,271.62,271.78,271.79,271.93,271.94,271.99,272.03,272.12,300,100,1300,4100,3200,100,300,100,300,600,1300,100,200,100,900,2100,300,1000,400,100
351.0,271.56,225800,61325277.0,271.13,271.02,271.01,271.0,270.99,270.98,270.91,270.89,270.85,270.8,271.56,271.61,271.62,271.78,271.79,271.9,271.93,271.94,271.99,272.03,300,100,1300,4100,3200,100,300,100,300,600,800,100,200,100,900,6000,2100,300,1000,400
352.0,271.56,225800,61325277.0,271.13,271.12,271.02,271.01,271.0,270.99,270.98,270.91,270.89,270.85,271.56,271.61,271.62,271.78,271.79,271.9,271.93,271.94,271.99,272.03,300,500,100,1300,4100,3200,100,300,100,300,800,100,200,100,900,6000,2100,300,1000,400
353.0,271.56,225800,61325277.0,271.13,271.12,271.06,271.02,271.01,271.0,270.99,270.98,270.91,270.89,271.56,271.61,271.78,271.79,271.9,271.93,271.94,271.99,272.03,272.12,400,500,100,100,1400,4100,3200,100,300,100,1000,100,100,900,6000,2100,300,1000,400,100
354.0,271.56,226200,61433900.0,271.14,271.13,271.12,271.07,271.06,271.02,271.01,271.0,270.99,270.98,271.56,271.6,271.61,271.78,271.79,271.9,271.93,271.94,271.99,272.03,400,400,500,200,100,100,1400,4100,3200,100,100,5000,100,100,900,6000,2100,300,1000,400
355.0,271.56,226200,61433900.0,271.14,271.13,271.12,271.07,271.06,271.02,271.01,271.0,270.99,270.98,271.56,271.6,271.61,271.78,271.79,271.9,271.93,271.94,271.99,272.03,400,400,500,200,100,100,1400,4100,3200,100,100,5000,100,100,900,6000,2100,300,1000,400
356.0,271.6,226500,61515376.0,271.15,271.14,271.13,271.12,271.1,271.07,271.06,271.02,271.01,271.0,271.56,271.6,271.61,271.78,271.79,271.9,271.93,271.94,271.99,272.03,200,400,400,500,100,200,100,100,1400,4200,400,4800,100,100,900,6000,2100,300,1000,400
357.0,271.6,226500,61515376.0,271.15,271.14,271.13,271.12,271.1,271.07,271.06,271.02,271.01,271.0,271.56,271.6,271.61,271.78,271.79,271.9,271.93,271.94,271.99,272.03,200,400,400,500,100,200,100,100,1400,4400,600,4800,100,100,900,6000,2100,300,1000,400
358.0,271.6,226500,61515376.0,271.15,271.14,271.13,271.12,271.1,271.07,271.06,271.05,271.02,271.01,271.56,271.6,271.61,271.78,271.79,271.9,271.93,271.94,271.99,272.03,200,400,400,500,100,200,100,100,100,1400,600,4800,100,100,900,6000,2100,300,1000,400
359.0,271.56,226600,61542532.0,271.15,271.14,271.13,271.12,271.1,271.07,271.06,271.05,271.02,271.01,271.56,271.6,271.61,271.78,271.79,271.9,271.93,271.94,271.99,272.03,200,400,400,500,100,200,100,100,100,1500,500,4800,100,100,900,6000,2100,300,1000,400
360.0,271.14,226900,61623876.0,271.14,271.13,271.12,271.1,271.07,271.06,271.05,271.02,271.01,271.0,271.55,271.56,271.6,271.61,271.78,271.79,271.9,271.93,271.94,271.99,300,400,500,100,200,100,100,100,1500,4700,100,500,4800,100,100,900,6000,2100,300,1000
361.0,271.14,226900,61623876.0,271.14,271.13,271.12,271.1,271.07,271.06,271.05,271.02,271.01,271.0,271.55,271.56,271.6,271.61,271.78,271.79,271.9,271.93,271.94,271.99,300,400,500,100,200,100,200,100,1500,4600,100,500,4800,100,100,900,6000,2100,300,1000
362.0,271.55,227000,61651031.0,271.15,271.14,271.13,271.12,271.1,271.07,271.06,271.05,271.02,271.01,271.55,271.56,271.6,271.61,271.78,271.79,271.9,271.93,271.94,271.99,200,300,400,500,100,200,100,200,100,1500,200,300,4800,100,100,900,6000,2100,300,1000
363.0,271.55,227100,61678186.0,271.16,271.15,271.14,271.13,271.12,271.1,271.07,271.06,271.05,271.02,271.55,271.56,271.6,271.78,271.79,271.9,271.93,271.94,271.99,272.03,100,200,300,400,500,100,200,100,200,100,100,300,4800,100,900,6000,2100,300,1000,400
364.0,271.55,227100,61678186.0,271.16,271.15,271.14,271.13,271.12,271.1,271.07,271.06,271.05,271.02,271.55,271.56,271.6,271.78,271.79,271.9,271.93,271.94,271.99,272.03,100,200,300,400,500,100,200,100,200,100,100,300,4800,100,900,6000,2100,300,1000,400
365.0,271.55,227100,61678186.0,271.21,271.2,271.19,271.18,271.17,271.16,271.15,271.14,271.13,271.12,271.55,271.56,271.6,271.78,271.79,271.9,271.93,271.94,271.99,272.03,200,100,200,200,100,200,200,300,300,500,100,300,4800,100,900,6000,2100,300,1000,400
366.0,271.13,229200,62247621.0,271.13,271.12,271.1,271.07,271.06,271.05,271.02,271.01,271.0,270.99,271.5,271.55,271.56,271.6,271.78,271.79,271.9,271.93,271.94,271.99,2400,500,100,200,100,200,200,1500,5000,1100,100,100,300,4800,100,900,6000,2100,300,1000
367.0,271.16,229600,62356119.0,271.16,271.15,271.14,271.13,271.12,271.1,271.07,271.06,271.05,271.02,271.36,271.55,271.56,271.6,271.78,271.79,271.9,271.93,271.94,271.99,1300,100,100,2400,500,100,200,100,200,200,200,100,300,4800,100,900,6000,2100,300,1000
368.0,271.17,230400,62573248.0,271.17,271.16,271.15,271.14,271.13,271.12,271.1,271.07,271.06,271.05,271.6,271.79,271.9,271.93,271.94,271.99,272.03,272.12,272.15,272.28,100,1300,500,100,2400,500,100,200,100,200,4800,900,6000,2100,300,1000,400,100,1700,700
369.0,271.6,230500,62600408.0,271.17,271.16,271.15,271.14,271.13,271.12,271.1,271.08,271.07,271.06,271.6,271.79,271.9,271.93,271.94,271.99,272.03,272.12,272.15,272.28,100,1300,500,100,2400,500,100,100,200,100,4700,900,6000,2100,300,1000,400,100,1700,700
370.0,271.6,230500,62600408.0,271.17,271.16,271.15,271.14,271.13,271.12,271.1,271.08,271.07,271.06,271.6,271.79,271.9,271.93,271.94,271.99,272.03,272.12,272.15,272.28,100,1300,500,100,2400,500,100,100,200,100,4700,900,6000,2100,300,1000,400,100,1700,700
371.0,271.6,230500,62600408.0,271.17,271.16,271.15,271.14,271.13,271.12,271.1,271.08,271.07,271.06,271.6,271.79,271.9,271.93,271.94,271.99,272.03,272.12,272.15,272.28,100,1300,500,100,2400,500,100,100,200,100,4700,900,6000,2100,300,1000,400,100,1700,700
372.0,271.6,230600,62627568.0,271.2,271.17,271.16,271.15,271.14,271.13,271.12,271.1,271.08,271.07,271.6,271.79,271.9,271.93,271.94,271.99,272.03,272.12,272.15,272.28,200,100,1300,500,100,2400,500,100,100,200,4600,900,6000,2100,300,1000,400,100,1700,700
373.0,271.6,230700,62654728.0,271.2,271.17,271.16,271.15,271.14,271.13,271.12,271.1,271.08,271.07,271.6,271.79,271.9,271.93,271.94,271.99,272.03,272.12,272.15,272.28,200,100,1300,500,100,2400,500,100,100,200,4500,900,6000,2100,300,1000,400,100,1700,700
374.0,271.6,231200,62790523.0,271.21,271.2,271.17,271.16,271.15,271.13,271.12,271.1,271.08,271.07,271.6,271.79,271.9,271.93,271.94,271.99,272.03,272.12,272.15,272.28,100,300,100,1300,400,2400,500,100,100,200,4100,900,6000,2100,300,1000,400,100,1700,700
375.0,271.6,235300,63904083.0,271.6,271.55,271.23,271.22,271.21,271.2,271.17,271.16,271.15,271.13,271.79,271.9,271.93,271.94,271.99,272.03,272.15,272.28,272.31,272.33,3300,200,400,500,100,300,100,1300,400,2400,900,6000,2000,300,1000,300,1700,700,300,100
376.0,271.6,235300,63904083.0,271.63,271.6,271.55,271.23,271.22,271.21,271.2,271.17,271.16,271.15,271.79,271.9,271.93,271.94,271.99,272.03,272.15,272.28,272.31,272.33,300,3300,200,400,400,100,300,100,1300,400,900,6000,2000,300,1000,300,1700,700,300,100
377.0,271.79,235400,63931262.0,271.64,271.63,271.6,271.55,271.23,271.22,271.21,271.2,271.17,271.16,271.79,271.9,271.93,271.94,271.99,272.03,272.15,272.28,272.31,272.33,100,300,3500,200,400,400,100,300,100,1300,800,6000,2000,300,1000,300,1700,700,300,100
378.0,271.63,235700,64012752.0,271.64,271.63,271.6,271.55,271.23,271.22,271.21,271.2,271.17,271.16,271.79,271.9,271.93,271.94,271.99,272.03,272.15,272.28,272.31,272.33,600,100,3500,200,400,400,100,300,100,1300,800,6000,2000,300,1000,300,1700,700,300,100
379.0,271.63,235700,64012752.0,271.64,271.63,271.6,271.55,271.23,271.22,271.21,271.2,271.18,271.17,271.79,271.9,271.93,271.94,271.99,272.03,272.15,272.28,272.31,272.33,600,100,3500,200,400,400,100,300,100,200,800,6000,2000,300,1000,300,1700,700,300,100
380.0,271.9,236900,64338944.0,271.64,271.63,271.6,271.55,271.23,271.22,271.21,271.2,271.18,271.17,271.9,271.93,271.94,271.99,272.03,272.15,272.28,272.31,272.33,272.34,800,100,3500,200,400,400,100,300,100,300,5600,2000,300,1000,300,1700,700,300,100,100
381.0,271.9,238400,64746794.0,271.66,271.65,271.64,271.63,271.6,271.55,271.23,271.22,271.21,271.2,271.9,271.93,271.94,271.99,272.03,272.15,272.28,272.31,272.33,272.34,200,900,1000,100,500,200,400,400,100,300,4100,2000,300,1000,300,1700,700,300,100,100
382.0,271.9,238400,64746794.0,271.66,271.65,271.64,271.63,271.6,271.55,271.23,271.22,271.21,271.2,271.9,271.93,271.94,271.99,272.03,272.15,272.28,272.31,272.33,272.34,200,900,1000,100,500,200,400,400,100,300,4100,2000,300,1000,300,1700,700,300,100,100
383.0,271.99,245700,66731817.0,271.9,271.67,271.66,271.65,271.64,271.63,271.6,271.55,271.23,271.22,271.99,272.03,272.15,272.28,272.31,272.34,272.78,272.86,272.9,273.0,2900,100,200,900,1000,100,400,200,400,400,100,300,1700,700,300,100,100,100,200,2000
384.0,271.9,246000,66813387.0,271.9,271.67,271.66,271.65,271.64,271.63,271.6,271.55,271.23,271.22,271.99,272.03,272.15,272.28,272.31,272.32,272.34,272.78,272.86,272.9,2600,100,200,900,1000,100,400,200,400,400,100,300,1700,700,300,300,100,100,100,200
385.0,271.9,246000,66813387.0,271.9,271.67,271.66,271.65,271.64,271.63,271.6,271.55,271.23,271.22,271.99,272.03,272.15,272.28,272.31,272.32,272.34,272.78,272.86,272.9,2600,100,200,900,1000,100,400,200,400,400,100,300,1700,700,300,300,100,100,100,200
386.0,271.99,246100,66840586.0,271.95,271.9,271.67,271.66,271.65,271.64,271.63,271.6,271.55,271.23,272.03,272.15,272.28,272.31,272.32,272.34,272.78,272.86,272.9,273.0,100,2600,100,200,900,1000,100,400,200,400,300,1700,700,300,300,100,100,100,200,2000
387.0,271.99,246100,66840586.0,271.95,271.9,271.67,271.66,271.65,271.64,271.63,271.6,271.55,271.23,272.03,272.15,272.28,272.31,272.32,272.34,272.78,272.86,272.9,273.0,100,2600,100,200,900,1000,100,400,200,400,300,1700,700,300,300,100,100,100,200,2000
388.0,272.03,246200,66867789.0,271.95,271.67,271.66,271.65,271.64,271.63,271.6,271.55,271.23,271.22,272.03,272.15,272.28,272.31,272.32,272.34,272.78,272.86,272.9,273.0,300,100,200,900,1000,100,400,200,400,400,200,1700,700,300,300,100,100,100,200,2000
389.0,272.03,246200,66867789.0,271.95,271.67,271.66,271.65,271.64,271.63,271.6,271.55,271.23,271.22,272.03,272.15,272.28,272.31,272.32,272.34,272.78,272.86,272.9,273.0,300,100,200,900,1000,100,400,200,400,400,200,1700,700,300,300,100,100,100,200,2000
390.0,272.03,246300,66894992.0,271.95,271.67,271.66,271.65,271.64,271.63,271.6,271.55,271.22,271.21,272.03,272.15,272.28,272.31,272.32,272.34,272.78,272.86,272.9,273.0,300,100,200,900,1000,100,400,200,400,100,100,1700,700,300,300,100,100,100,200,2000
391.0,272.03,246300,66894992.0,271.96,271.95,271.67,271.66,271.65,271.64,271.63,271.6,271.55,271.22,272.03,272.15,272.28,272.31,272.32,272.34,272.78,272.86,272.9,273.0,100,400,100,200,900,1000,100,300,200,400,100,1700,700,300,300,100,100,100,200,2000
392.0,272.03,246300,66894992.0,271.96,271.95,271.67,271.66,271.65,271.64,271.63,271.6,271.55,271.22,272.03,272.15,272.28,272.31,272.32,272.34,272.78,272.86,272.9,273.0,100,400,100,200,900,800,100,300,200,400,100,1700,700,300,300,100,100,100,200,2000
393.0,272.03,246300,66894992.0,271.96,271.95,271.67,271.66,271.65,271.64,271.63,271.6,271.55,271.22,272.03,272.15,272.28,272.31,272.32,272.34,272.78,272.86,272.9,273.0,100,400,100,200,900,800,100,300,200,400,100,1700,700,300,300,100,100,100,200,2000
394.0,271.96,246400,66922188.0,271.95,271.67,271.66,271.65,271.64,271.63,271.6,271.55,271.22,271.21,272.03,272.15,272.28,272.31,272.32,272.34,272.78,272.86,272.9,273.0,400,100,200,900,800,100,300,200,400,100,100,1700,700,300,300,100,100,100,200,200
395.0,271.96,246400,66922188.0,271.96,271.95,271.67,271.66,271.65,271.64,271.63,271.6,271.55,271.22,272.03,272.15,272.28,272.31,272.32,272.34,272.78,272.86,272.9,273.0,200,400,100,200,900,800,100,300,200,400,100,1700,700,300,300,100,100,100,200,200
396.0,271.0,286400,77765096.0,271.2,271.03,271.01,271.0,270.99,270.98,270.89,270.85,270.8,270.7,271.86,271.91,271.94,271.95,272.03,272.04,272.15,272.16,272.24,272.25,200,300,100,4000,2100,100,100,300,800,100,1200,200,200,100,100,200,1900,200,200,200
397.0,271.0,286400,77765096.0,271.2,271.03,271.01,271.0,270.99,270.98,270.89,270.85,270.8,270.7,271.86,271.91,271.94,272.03,272.04,272.15,272.16,272.24,272.25,272.26,200,300,100,4000,2100,100,100,300,800,100,1200,200,200,100,200,1900,200,200,200,100
398.0,271.86,286500,77792282.0,271.33,271.2,271.03,271.01,271.0,270.99,270.98,270.89,270.85,270.8,271.86,271.91,271.94,272.03,272.04,272.15,272.16,272.24,272.25,272.26,200,300,300,100,4000,2100,100,100,300,800,1100,200,200,100,100,1900,200,200,200,100
399.0,271.86,287400,78036784.0,271.21,271.2,271.03,271.0,270.99,270.98,270.89,270.85,270.8,270.7,271.86,271.91,271.94,271.96,272.03,272.04,272.15,272.16,272.24,272.25,400,200,300,4000,2100,100,100,300,800,100,500,200,200,100,100,100,1900,200,200,200
400.0,271.86,287400,78036784.0,271.21,271.2,271.03,271.0,270.99,270.98,270.89,270.85,270.8,270.7,271.86,271.91,271.94,271.96,272.03,272.04,272.15,272.16,272.24,272.25,800,200,300,4000,2100,100,100,300,800,100,500,200,200,100,100,100,1900,200,200,200
