LocalTime,LastPrice,TradeVolume,TradeValue,BidPrice1,BidPrice2,BidPrice3,BidPrice4,BidPrice5,BidPrice6,BidPrice7,BidPrice8,BidPrice9,BidPriceA,AskPrice1,AskPrice2,AskPrice3,AskPrice4,AskPrice5,AskPrice6,AskPrice7,AskPrice8,AskPrice9,AskPriceA,BidVolume1,BidVolume2,BidVolume3,BidVolume4,BidVolume5,BidVolume6,BidVolume7,BidVolume8,BidVolume9,BidVolumeA,AskVolume1,AskVolume2,AskVolume3,AskVolume4,AskVolume5,AskVolume6,AskVolume7,AskVolume8,AskVolume9,AskVolumeA
0.0,6.47,5700,36879.0,6.45,6.43,6.41,6.4,6.39,6.37,6.36,6.35,6.31,6.3,6.47,6.49,6.5,6.52,6.53,6.54,6.55,6.56,6.57,6.58,1700,3500,23000,6000,300,800,8200,700,53300,300,900,1300,22200,1700,13900,4600,1600,5400,20000,8300
1.0,6.47,7400,47863.0,6.45,6.43,6.42,6.41,6.4,6.39,6.37,6.36,6.35,6.31,6.47,6.49,6.5,6.52,6.53,6.54,6.55,6.56,6.57,6.58,1700,3500,5000,23000,6000,300,800,8200,700,53300,700,1300,22200,1700,13900,4600,1600,5400,20000,8300
2.0,6.47,8100,52392.0,6.47,6.45,6.43,6.42,6.41,6.4,6.39,6.37,6.36,6.35,6.49,6.5,6.52,6.53,6.54,6.55,6.56,6.57,6.58,6.59,22500,3300,3500,5000,23000,6000,300,800,8200,1000,1300,22200,1700,13900,4600,8600,5400,20000,8300,12200
3.0,6.47,12000,77625.0,6.47,6.45,6.43,6.42,6.41,6.4,6.39,6.37,6.36,6.35,6.48,6.49,6.5,6.51,6.52,6.53,6.54,6.55,6.56,6.57,18600,3300,3500,5000,23000,6000,600,800,8200,1000,6300,1300,49600,1000,1700,16400,4600,8600,5400,20000
4.0,6.47,14300,92506.0,6.47,6.45,6.43,6.42,6.41,6.4,6.39,6.37,6.36,6.35,6.48,6.49,6.5,6.51,6.52,6.53,6.54,6.55,6.56,6.57,16600,3300,3500,18700,23000,6000,600,800,8200,1000,6300,1300,49600,1000,1700,16400,4600,8600,5400,20000
5.0,6.47,14700,95094.0,6.47,6.46,6.45,6.43,6.42,6.41,6.4,6.39,6.37,6.36,6.48,6.49,6.5,6.51,6.52,6.53,6.54,6.55,6.56,6.57,16200,900,3300,3500,18700,23000,6000,600,800,8200,6300,1300,49600,1000,1700,16400,4600,8600,5400,20000
6.0,6.47,14900,96388.0,6.47,6.46,6.45,6.43,6.42,6.41,6.4,6.39,6.37,6.36,6.48,6.49,6.5,6.51,6.52,6.53,6.54,6.55,6.56,6.57,23000,1400,3800,3500,18700,23000,6000,600,800,8200,6300,1300,49600,1000,1700,16400,4600,13600,7400,20000
7.0,6.48,15700,101572.0,6.47,6.46,6.45,6.43,6.42,6.41,6.4,6.39,6.37,6.36,6.48,6.49,6.5,6.51,6.52,6.53,6.54,6.55,6.56,6.57,24400,1100,3900,3500,18700,23000,6000,600,800,8200,5500,1300,54600,1000,8700,16400,4600,13600,7400,20000
8.0,6.48,16100,104163.0,6.47,6.46,6.45,6.43,6.42,6.41,6.4,6.39,6.37,6.36,6.48,6.49,6.5,6.51,6.52,6.53,6.54,6.55,6.56,6.57,24500,1100,3900,3500,18700,23000,1000,600,800,8200,5200,1300,54600,1000,8700,16400,4600,13600,7400,20000
9.0,6.47,17300,111927.0,6.47,6.46,6.45,6.43,6.42,6.41,6.4,6.39,6.37,6.36,6.48,6.49,6.5,6.51,6.52,6.53,6.54,6.55,6.56,6.57,24700,1100,3900,3500,18700,23000,16000,2600,800,13200,5200,1300,54600,1000,15700,16400,4600,13600,7400,20000
10.0,6.48,29800,192847.0,6.47,6.46,6.45,6.43,6.42,6.41,6.4,6.39,6.37,6.36,6.48,6.49,6.5,6.51,6.52,6.53,6.54,6.55,6.56,6.57,18800,1300,4100,3500,18700,23000,16000,2600,800,13200,800,1300,54600,1000,15700,16400,4600,13600,7900,20000
11.0,6.47,34900,225844.0,6.47,6.46,6.45,6.43,6.42,6.41,6.4,6.39,6.37,6.36,6.48,6.49,6.5,6.51,6.52,6.53,6.54,6.55,6.56,6.57,12900,1300,4100,3500,18700,23000,16000,2600,800,13200,800,1300,54600,1000,15700,16400,4600,13600,7900,20000
12.0,6.47,38600,249798.0,6.47,6.46,6.45,6.43,6.42,6.41,6.4,6.39,6.37,6.36,6.48,6.49,6.5,6.51,6.52,6.53,6.54,6.55,6.56,6.57,10400,1300,4300,3500,18700,23000,16000,2600,800,13200,2600,1300,54600,1000,15700,16400,4600,13600,7900,20000
13.0,6.47,41000,265327.0,6.47,6.46,6.45,6.43,6.42,6.41,6.4,6.39,6.37,6.36,6.48,6.49,6.5,6.51,6.52,6.53,6.54,6.55,6.56,6.57,9800,1300,7300,3500,18700,23000,16000,2600,800,13200,2700,1300,54600,1000,15700,16400,4600,13600,7900,20000
14.0,6.47,50900,329382.0,6.46,6.45,6.43,6.42,6.41,6.4,6.39,6.37,6.36,6.35,6.47,6.48,6.49,6.5,6.51,6.52,6.53,6.54,6.55,6.56,1300,7300,3500,18700,23000,16000,2600,800,13200,1000,5700,4300,1300,54600,1000,15700,16400,4600,13600,7900
15.0,6.47,51100,330676.0,6.46,6.45,6.43,6.42,6.41,6.4,6.39,6.37,6.36,6.35,6.47,6.48,6.49,6.5,6.51,6.52,6.53,6.54,6.55,6.56,1300,7200,3500,18700,23000,16000,2600,800,13200,1000,5600,4300,1700,54600,1000,15700,16400,4600,13600,7900
16.0,6.47,51100,330676.0,6.46,6.45,6.43,6.42,6.41,6.4,6.39,6.37,6.36,6.35,6.47,6.48,6.49,6.5,6.51,6.52,6.53,6.54,6.55,6.56,1500,7200,3500,18700,23000,16000,2600,800,13200,1000,8100,4200,1700,54600,1000,15700,16400,4600,13600,7900
17.0,6.46,53500,346181.0,6.46,6.45,6.43,6.42,6.41,6.4,6.39,6.37,6.36,6.35,6.47,6.48,6.49,6.5,6.51,6.52,6.53,6.54,6.55,6.56,400,7200,3500,18700,23000,16000,2600,800,13200,1000,7900,4200,1700,54600,1000,15700,16400,4600,13600,7900
18.0,6.47,53600,346828.0,6.46,6.45,6.43,6.42,6.41,6.4,6.39,6.37,6.36,6.35,6.47,6.48,6.49,6.5,6.51,6.52,6.53,6.54,6.55,6.56,400,7200,3500,18700,23000,16000,2600,800,13200,1000,7800,4200,1700,54600,1000,15700,16400,4600,13600,7900
19.0,6.47,53600,346828.0,6.46,6.45,6.43,6.42,6.41,6.4,6.39,6.37,6.36,6.35,6.47,6.48,6.49,6.5,6.51,6.52,6.53,6.54,6.55,6.56,400,7200,3500,18700,23000,16000,2600,800,13200,1000,7800,4200,1700,54600,1000,15700,16400,4600,13600,7900
20.0,6.46,54300,351350.0,6.45,6.43,6.42,6.41,6.4,6.39,6.37,6.36,6.35,6.31,6.46,6.47,6.48,6.49,6.5,6.51,6.52,6.53,6.54,6.55,6500,3500,18700,23000,16000,2600,800,13200,1000,53300,200,7800,4200,1700,54600,1000,15700,16400,4600,13600
21.0,6.46,54500,352642.0,6.46,6.45,6.43,6.42,6.41,6.4,6.39,6.37,6.36,6.35,6.47,6.48,6.49,6.5,6.51,6.52,6.53,6.54,6.55,6.56,3200,6500,3500,18700,23000,16000,2600,800,13200,1000,7700,4200,2100,54600,1000,15700,16400,4600,13600,7900
22.0,6.46,54500,352642.0,6.46,6.45,6.43,6.42,6.41,6.4,6.39,6.37,6.36,6.35,6.47,6.48,6.49,6.5,6.51,6.52,6.53,6.54,6.55,6.56,4400,6500,3500,18700,23000,16000,2600,800,13200,1000,7700,4200,2100,54600,1000,15700,16400,4600,13600,7900
23.0,6.46,54500,352642.0,6.46,6.45,6.43,6.42,6.41,6.4,6.39,6.37,6.36,6.35,6.47,6.48,6.49,6.5,6.51,6.52,6.53,6.54,6.55,6.56,4400,6500,3500,18700,23000,16000,2600,800,13200,1000,7700,4200,2100,54600,1000,15700,16400,4600,13600,7900
24.0,6.46,54500,352642.0,6.46,6.45,6.43,6.42,6.41,6.4,6.39,6.37,6.36,6.35,6.47,6.48,6.49,6.5,6.51,6.52,6.53,6.54,6.55,6.56,4500,6500,3500,18700,23000,16000,2600,800,13200,1000,7900,4200,2100,54600,1000,15700,16400,4600,13600,7900
25.0,6.46,54500,352642.0,6.46,6.45,6.43,6.42,6.41,6.4,6.39,6.37,6.36,6.35,6.47,6.48,6.49,6.5,6.51,6.52,6.53,6.54,6.55,6.56,4500,6500,3500,18700,23000,16000,2600,800,13200,1000,7900,4200,2100,54600,1000,15700,16400,4600,13600,7900
26.0,6.47,60200,389521.0,6.46,6.45,6.43,6.42,6.41,6.4,6.39,6.37,6.36,6.35,6.47,6.48,6.49,6.5,6.51,6.52,6.53,6.54,6.55,6.56,4500,6500,13500,18700,23000,16000,2600,800,13200,1000,2200,4200,2100,54600,1000,15700,16400,4600,13600,7900
27.0,6.47,62400,403755.0,6.47,6.46,6.45,6.43,6.42,6.41,6.4,6.39,6.37,6.36,6.48,6.49,6.5,6.51,6.52,6.53,6.54,6.55,6.56,6.57,10000,5600,6500,13500,18700,23000,16000,2600,800,13200,4200,2100,54600,1000,15700,16400,4600,13600,7900,20000
28.0,6.47,62400,403755.0,6.47,6.46,6.45,6.43,6.42,6.41,6.4,6.39,6.37,6.36,6.48,6.49,6.5,6.51,6.52,6.53,6.54,6.55,6.56,6.57,17800,5600,6500,13500,18700,23000,16000,2600,800,13200,4200,1700,54600,1000,15700,16400,4600,13600,7900,20000
29.0,6.47,62400,403755.0,6.47,6.46,6.45,6.43,6.42,6.41,6.4,6.39,6.37,6.36,6.48,6.49,6.5,6.51,6.52,6.53,6.54,6.55,6.56,6.57,18000,5600,6500,13500,18700,23000,16000,2600,800,13200,4200,1700,54600,1000,15700,16400,4600,13600,7900,20000
30.0,6.47,62400,403755.0,6.47,6.46,6.45,6.43,6.42,6.41,6.4,6.39,6.37,6.36,6.48,6.49,6.5,6.51,6.52,6.53,6.54,6.55,6.56,6.57,20000,5600,6500,13500,18700,23000,16000,2600,800,13200,4200,1300,54600,1000,15700,16400,4600,13600,7900,20000
31.0,6.48,63200,408939.0,6.47,6.46,6.45,6.43,6.42,6.41,6.4,6.39,6.37,6.36,6.48,6.49,6.5,6.51,6.52,6.53,6.54,6.55,6.56,6.57,11100,5600,4800,13500,18700,23000,16000,2600,800,13200,3400,1300,54600,1000,15700,16400,4600,13600,7900,20000
32.0,6.48,63300,409587.0,6.47,6.46,6.45,6.43,6.42,6.41,6.4,6.39,6.37,6.36,6.48,6.49,6.5,6.51,6.52,6.53,6.54,6.55,6.56,6.57,11100,6700,4800,13500,18700,23000,16000,2600,800,13200,3300,1300,54600,1000,15700,16400,4600,13600,7900,20000
33.0,6.48,63400,410235.0,6.47,6.46,6.45,6.43,6.42,6.41,6.4,6.39,6.37,6.36,6.48,6.49,6.5,6.51,6.52,6.53,6.54,6.55,6.56,6.57,9100,6700,4800,13500,18700,23000,16000,2600,800,13200,3600,1300,54600,1000,15700,16400,4600,13600,7900,20000
34.0,6.47,64100,414767.0,6.47,6.46,6.45,6.43,6.42,6.41,6.4,6.39,6.37,6.36,6.48,6.49,6.5,6.51,6.52,6.53,6.54,6.55,6.56,6.57,9500,6700,4800,13500,18700,23000,16000,2600,800,13200,3300,1300,54600,1000,15700,16400,4600,13600,7900,20000
35.0,6.47,64100,414767.0,6.47,6.46,6.45,6.43,6.42,6.41,6.4,6.39,6.37,6.36,6.48,6.49,6.5,6.51,6.52,6.53,6.54,6.55,6.56,6.57,10200,6600,4800,13500,18700,23000,16000,2600,800,13200,3400,1300,54600,1000,15700,16400,4600,13600,7900,20000
36.0,6.47,64100,414767.0,6.47,6.46,6.45,6.43,6.42,6.41,6.4,6.39,6.37,6.36,6.48,6.49,6.5,6.51,6.52,6.53,6.54,6.55,6.56,6.57,11400,3600,4800,13500,18700,23000,16000,2600,800,13200,3400,1300,54600,1000,15700,16400,4600,13600,7900,20000
37.0,6.48,64400,416711.0,6.47,6.46,6.45,6.43,6.42,6.41,6.4,6.39,6.37,6.36,6.48,6.49,6.5,6.51,6.52,6.53,6.54,6.55,6.56,6.57,13500,3600,4800,13500,18700,23000,16000,2600,800,13200,3100,1300,54600,1000,15700,16400,4600,13600,7900,20000
38.0,6.48,65700,425131.0,6.47,6.46,6.45,6.43,6.42,6.41,6.4,6.39,6.37,6.36,6.48,6.49,6.5,6.51,6.52,6.53,6.54,6.55,6.56,6.57,19300,3600,6800,13500,18700,23000,16000,2600,800,13200,2200,1300,54600,1000,15700,16400,4600,13600,7900,20000
39.0,6.48,65700,425131.0,6.47,6.46,6.45,6.44,6.43,6.42,6.41,6.4,6.39,6.37,6.48,6.49,6.5,6.51,6.52,6.53,6.54,6.55,6.56,6.57,19300,3600,6800,2000,13500,18700,23000,16000,2600,800,2200,1300,54600,1000,15700,16400,4600,13600,7900,20000
40.0,6.48,65900,426427.0,6.47,6.46,6.45,6.44,6.43,6.42,6.41,6.4,6.39,6.37,6.48,6.49,6.5,6.51,6.52,6.53,6.54,6.55,6.56,6.57,19300,3600,6800,2000,13500,18700,23000,16000,2600,800,2000,1300,54600,1000,15700,16400,4600,13600,7900,20000
41.0,6.48,65900,426427.0,6.47,6.46,6.45,6.44,6.43,6.42,6.41,6.4,6.39,6.37,6.48,6.49,6.5,6.51,6.52,6.53,6.54,6.55,6.56,6.57,19600,3600,6800,2000,13500,18700,23000,16000,2600,800,2000,1300,54600,1000,15700,16400,4600,13600,7900,20000
42.0,6.47,68900,445837.0,6.47,6.46,6.45,6.44,6.43,6.42,6.41,6.4,6.39,6.37,6.48,6.49,6.5,6.51,6.52,6.53,6.54,6.55,6.56,6.57,16700,2400,6800,2000,13500,18700,23000,16000,2600,800,2500,1300,54600,1000,15700,16400,4600,13600,7900,20000
43.0,6.47,68900,445837.0,6.47,6.46,6.45,6.44,6.43,6.42,6.41,6.4,6.39,6.37,6.48,6.49,6.5,6.51,6.52,6.53,6.54,6.55,6.56,6.57,17800,2400,6800,2000,13500,18700,23000,16000,2600,800,2500,1300,54600,1000,15700,16400,4600,13600,7900,20000
44.0,6.47,68900,445837.0,6.47,6.46,6.45,6.44,6.43,6.42,6.41,6.4,6.39,6.37,6.48,6.49,6.5,6.51,6.52,6.53,6.54,6.55,6.56,6.57,17900,2400,6800,2000,13500,18700,23000,16000,2600,800,2500,1300,54600,1000,15700,16400,4600,13600,7900,20000
45.0,6.48,69100,447133.0,6.47,6.46,6.45,6.44,6.43,6.42,6.41,6.4,6.39,6.37,6.48,6.49,6.5,6.51,6.52,6.53,6.54,6.55,6.56,6.57,17900,2400,6800,2000,13500,18700,23000,16000,2600,800,2300,1300,54600,1000,15700,16400,4600,13600,7900,20000
46.0,6.48,69300,448429.0,6.47,6.46,6.45,6.44,6.43,6.42,6.41,6.4,6.39,6.37,6.48,6.49,6.5,6.51,6.52,6.53,6.54,6.55,6.56,6.57,12600,2400,6800,2000,13500,18700,23000,16000,2600,800,2100,1300,54600,1000,15700,16400,4600,13600,7900,20000
47.0,6.48,69300,448429.0,6.47,6.46,6.45,6.44,6.43,6.42,6.41,6.4,6.39,6.37,6.48,6.49,6.5,6.51,6.52,6.53,6.54,6.55,6.56,6.57,12600,2400,11800,2000,13500,18700,23000,16000,2600,800,2100,1300,54600,1000,15700,16400,4600,13600,7900,20000
48.0,6.47,86100,557118.0,6.46,6.45,6.44,6.43,6.42,6.41,6.4,6.39,6.37,6.36,6.47,6.48,6.49,6.5,6.51,6.52,6.53,6.54,6.55,6.56,4400,11800,2000,13500,18700,23000,16000,2600,800,13200,9000,2200,4300,54600,1000,15700,16400,4600,13600,7900
49.0,6.47,95100,615348.0,6.47,6.46,6.45,6.44,6.43,6.42,6.41,6.4,6.39,6.37,6.48,6.49,6.5,6.51,6.52,6.53,6.54,6.55,6.56,6.57,3100,4700,11800,2000,13500,18700,23000,16000,2600,800,2200,4300,54600,1000,15700,16400,4600,13600,7900,20000
50.0,6.47,95100,615348.0,6.47,6.46,6.45,6.44,6.43,6.42,6.41,6.4,6.39,6.37,6.48,6.49,6.5,6.51,6.52,6.53,6.54,6.55,6.56,6.57,4100,4700,11800,2000,13500,18700,23000,16000,2600,800,2200,6300,54600,1000,15700,16400,4600,13600,7900,20000
51.0,6.48,95400,617292.0,6.47,6.46,6.45,6.44,6.43,6.42,6.41,6.4,6.39,6.37,6.48,6.49,6.5,6.51,6.52,6.53,6.54,6.55,6.56,6.57,7300,4700,11800,2000,13500,18700,23000,16000,2600,800,1900,6300,54600,1000,15700,16400,4600,13600,7900,20000
52.0,6.48,95600,618588.0,6.47,6.46,6.45,6.44,6.43,6.42,6.41,6.4,6.39,6.37,6.48,6.49,6.5,6.51,6.52,6.53,6.54,6.55,6.56,6.57,8100,4700,11800,2000,13500,18700,23000,16000,2600,800,1700,6300,54600,1000,15700,16400,4600,13600,7900,20000
53.0,6.47,97400,630234.0,6.47,6.46,6.45,6.44,6.43,6.42,6.41,6.4,6.39,6.37,6.48,6.49,6.5,6.51,6.52,6.53,6.54,6.55,6.56,6.57,5300,4700,11800,2000,13500,18700,23000,16000,2600,800,1700,6300,54600,1000,15700,16400,4600,13600,7900,20000
54.0,6.47,97400,630234.0,6.47,6.46,6.45,6.44,6.43,6.42,6.41,6.4,6.39,6.37,6.48,6.49,6.5,6.51,6.52,6.53,6.54,6.55,6.56,6.57,4700,4700,11800,2000,13500,18700,23000,16000,2600,800,1800,6300,54600,1000,15700,16400,4600,13600,7900,20000
55.0,6.48,97900,633470.0,6.47,6.46,6.45,6.44,6.43,6.42,6.41,6.4,6.39,6.37,6.48,6.49,6.5,6.51,6.52,6.53,6.54,6.55,6.56,6.57,4300,4700,11700,2000,13500,18700,23000,16100,2600,800,1700,6300,54600,1000,15700,16400,4600,13600,7900,20000
56.0,6.47,98100,634764.0,6.47,6.46,6.45,6.44,6.43,6.42,6.41,6.4,6.39,6.37,6.48,6.49,6.5,6.51,6.52,6.53,6.54,6.55,6.56,6.57,4500,4700,11700,2000,13500,18700,23000,16100,2600,800,1700,6300,54600,1000,15700,16400,4600,13600,7900,20000
57.0,6.47,98100,634764.0,6.47,6.46,6.45,6.44,6.43,6.42,6.41,6.4,6.39,6.37,6.48,6.49,6.5,6.51,6.52,6.53,6.54,6.55,6.56,6.57,4900,4700,11700,2000,13500,18700,23000,16100,2600,800,1700,6300,54600,1000,15700,16400,4600,13600,7900,20000
58.0,6.47,98500,637352.0,6.47,6.46,6.45,6.44,6.43,6.42,6.41,6.4,6.39,6.37,6.48,6.49,6.5,6.51,6.52,6.53,6.54,6.55,6.56,6.57,4500,4700,11700,2000,13500,18700,23000,16100,2600,800,1700,6300,54600,1000,15700,16400,4600,13600,7900,20000
59.0,6.48,98600,638000.0,6.47,6.46,6.45,6.44,6.43,6.42,6.41,6.4,6.39,6.37,6.48,6.49,6.5,6.51,6.52,6.53,6.54,6.55,6.56,6.57,4500,4700,11700,2000,13500,18700,23000,16100,2600,800,1600,6300,54600,1000,15700,16400,4600,13600,7900,20000
60.0,6.48,98600,638000.0,6.47,6.46,6.45,6.44,6.43,6.42,6.41,6.4,6.39,6.37,6.48,6.49,6.5,6.51,6.52,6.53,6.54,6.55,6.56,6.57,4500,4700,11700,2000,13500,18700,23000,16100,2600,800,1600,6300,54600,1000,15700,16400,4600,13600,7900,20000
61.0,6.48,98700,638648.0,6.47,6.46,6.45,6.44,6.43,6.42,6.41,6.4,6.39,6.37,6.48,6.49,6.5,6.51,6.52,6.53,6.54,6.55,6.56,6.57,5100,4700,11700,2000,13500,23700,23000,16100,2600,800,1500,6300,54600,1000,15700,16400,4600,13600,7900,20000
62.0,6.48,99400,643184.0,6.47,6.46,6.45,6.44,6.43,6.42,6.41,6.4,6.39,6.37,6.48,6.49,6.5,6.51,6.52,6.53,6.54,6.55,6.56,6.57,5100,4700,11700,2000,13500,23700,23000,16100,2600,800,800,6300,54600,1000,15700,16400,4600,13600,7900,20000
63.0,6.48,99400,643184.0,6.47,6.46,6.45,6.44,6.43,6.42,6.41,6.4,6.39,6.37,6.48,6.49,6.5,6.51,6.52,6.53,6.54,6.55,6.56,6.57,5400,1900,11700,2000,13500,23700,23000,16100,2600,800,800,4700,54600,1000,15700,16400,4600,13600,7900,20000
64.0,6.47,100400,649654.0,6.47,6.46,6.45,6.44,6.43,6.42,6.41,6.4,6.39,6.37,6.48,6.49,6.5,6.51,6.52,6.53,6.54,6.55,6.56,6.57,4500,1900,11700,2000,13500,23700,23000,16100,2600,800,800,4700,54600,1000,15700,16400,4600,13600,7900,20000
65.0,6.48,100900,652894.0,6.47,6.46,6.45,6.44,6.43,6.42,6.41,6.4,6.39,6.37,6.48,6.49,6.5,6.51,6.52,6.53,6.54,6.55,6.56,6.57,7500,1700,11700,6600,13500,23700,23000,16100,2600,800,300,3900,54600,1000,15700,16400,4600,13600,7900,20000
66.0,6.48,100900,652894.0,6.47,6.46,6.45,6.44,6.43,6.42,6.41,6.4,6.39,6.37,6.48,6.49,6.5,6.51,6.52,6.53,6.54,6.55,6.56,6.57,7500,1700,11700,6600,13500,23700,23000,16100,2600,800,300,3900,54600,1000,15700,16400,4600,13600,7900,20000
67.0,6.48,101400,656134.0,6.48,6.47,6.46,6.45,6.44,6.43,6.42,6.41,6.4,6.39,6.49,6.5,6.51,6.52,6.53,6.54,6.55,6.56,6.57,6.58,2100,11700,1700,11700,6600,13500,23700,23000,16100,2600,3300,54600,1000,15700,16400,4600,13600,7900,20000,8300
68.0,6.48,102400,662614.0,6.48,6.47,6.46,6.45,6.44,6.43,6.42,6.41,6.4,6.39,6.49,6.5,6.51,6.52,6.53,6.54,6.55,6.56,6.57,6.58,1900,11700,1700,11700,6600,13500,23700,23000,16100,2600,3300,54600,1000,15700,16400,4600,13600,7900,20000,8300
69.0,6.48,102400,662614.0,6.48,6.47,6.46,6.45,6.44,6.43,6.42,6.41,6.4,6.39,6.49,6.5,6.51,6.52,6.53,6.54,6.55,6.56,6.57,6.58,2200,11700,1700,11700,22600,13500,23700,23000,16100,2600,1300,54600,1000,15700,16400,4600,13600,7900,20000,8300
70.0,6.48,102400,662614.0,6.48,6.47,6.46,6.45,6.44,6.43,6.42,6.41,6.4,6.39,6.49,6.5,6.51,6.52,6.53,6.54,6.55,6.56,6.57,6.58,2200,11700,1700,11700,22600,13500,23700,23000,16100,2600,1300,54600,1000,15700,16400,4600,13600,7900,20000,8300
71.0,6.49,102500,663263.0,6.48,6.47,6.46,6.45,6.44,6.43,6.42,6.41,6.4,6.39,6.49,6.5,6.51,6.52,6.53,6.54,6.55,6.56,6.57,6.58,9800,11700,1700,11700,22600,13500,23700,23000,16100,2600,1200,54600,1000,15700,16400,4600,13600,7900,20000,8300
72.0,6.49,102500,663263.0,6.48,6.47,6.46,6.45,6.44,6.43,6.42,6.41,6.4,6.39,6.49,6.5,6.51,6.52,6.53,6.54,6.55,6.56,6.57,6.58,13500,11500,1700,11700,22600,13500,23700,23000,16100,2600,1200,54600,1000,15700,16400,4600,13600,7900,20000,8300
73.0,6.49,102500,663263.0,6.48,6.47,6.46,6.45,6.44,6.43,6.42,6.41,6.4,6.39,6.49,6.5,6.51,6.52,6.53,6.54,6.55,6.56,6.57,6.58,14700,11400,1700,11700,22600,13500,23700,23000,16100,2600,1200,54600,1000,15700,16400,4600,13600,7900,20000,8300
74.0,6.49,102600,663912.0,6.48,6.47,6.46,6.45,6.44,6.43,6.42,6.41,6.4,6.39,6.49,6.5,6.51,6.52,6.53,6.54,6.55,6.56,6.57,6.58,14700,11800,1700,11700,22600,13500,23700,23000,16100,2600,1100,54600,1000,15700,16400,4600,13600,7900,20000,8300
75.0,6.48,105200,680760.0,6.48,6.47,6.46,6.45,6.44,6.43,6.42,6.41,6.4,6.39,6.49,6.5,6.51,6.52,6.53,6.54,6.55,6.56,6.57,6.58,12100,11800,1700,11700,22600,13500,23700,23000,16100,2600,1100,54600,1000,15700,16400,4600,13600,7900,20000,8300
76.0,6.49,105600,683356.0,6.48,6.47,6.46,6.45,6.44,6.43,6.42,6.41,6.4,6.39,6.49,6.5,6.51,6.52,6.53,6.54,6.55,6.56,6.57,6.58,16000,11800,1700,11700,22600,13500,23700,23000,16100,2600,700,55000,1000,15700,16400,6600,13600,7900,20000,8300
77.0,6.49,105700,684005.0,6.48,6.47,6.46,6.45,6.44,6.43,6.42,6.41,6.4,6.39,6.49,6.5,6.51,6.52,6.53,6.54,6.55,6.56,6.57,6.58,16400,7700,1700,11700,22600,13500,23700,23000,16100,2600,600,55000,1000,15700,16400,6600,13600,7900,20000,8300
78.0,6.49,105700,684005.0,6.48,6.47,6.46,6.45,6.44,6.43,6.42,6.41,6.4,6.39,6.49,6.5,6.51,6.52,6.53,6.54,6.55,6.56,6.57,6.58,16400,7700,1700,11700,22600,13500,23700,23000,16100,2600,600,55000,1000,15700,16400,6600,13600,7900,20000,8300
79.0,6.49,105700,684005.0,6.48,6.47,6.46,6.45,6.44,6.43,6.42,6.41,6.4,6.39,6.49,6.5,6.51,6.52,6.53,6.54,6.55,6.56,6.57,6.58,16400,7700,1700,11700,22600,13500,23700,23000,16100,2600,600,55000,1000,15700,16400,6600,13600,7900,20000,8300
80.0,6.48,105800,684653.0,6.48,6.47,6.46,6.45,6.44,6.43,6.42,6.41,6.4,6.39,6.49,6.5,6.51,6.52,6.53,6.54,6.55,6.56,6.57,6.58,16300,8100,1700,11700,22600,13500,23700,23000,16100,2600,600,55000,1000,15700,16400,6600,13600,7900,20000,8300
81.0,6.48,105800,684653.0,6.48,6.47,6.46,6.45,6.44,6.43,6.42,6.41,6.4,6.39,6.49,6.5,6.51,6.52,6.53,6.54,6.55,6.56,6.57,6.58,16300,8100,1700,11700,22600,13500,23700,23000,16100,2600,600,55000,1000,15700,16400,6600,13600,7900,20000,8300
82.0,6.48,105800,684653.0,6.48,6.47,6.46,6.45,6.44,6.43,6.42,6.41,6.4,6.39,6.49,6.5,6.51,6.52,6.53,6.54,6.55,6.56,6.57,6.58,17100,8100,1700,11700,22600,13500,23700,23000,16100,2600,600,55000,1000,15700,16400,6600,13900,7900,20000,8300
83.0,6.49,106300,687898.0,6.48,6.47,6.46,6.45,6.44,6.43,6.42,6.41,6.4,6.39,6.49,6.5,6.51,6.52,6.53,6.54,6.55,6.56,6.57,6.58,22300,8100,1700,11700,22600,13500,23700,23000,16100,2600,100,55000,1000,15700,16400,6600,13900,7900,20000,8300
84.0,6.49,106300,687898.0,6.48,6.47,6.46,6.45,6.44,6.43,6.42,6.41,6.4,6.39,6.49,6.5,6.51,6.52,6.53,6.54,6.55,6.56,6.57,6.58,22300,7900,1700,11700,22600,13500,23700,23000,16100,2600,100,55000,1000,15700,16400,6600,13900,7900,20000,8300
85.0,6.49,106400,688547.0,6.49,6.48,6.47,6.46,6.45,6.44,6.43,6.42,6.41,6.4,6.5,6.51,6.52,6.53,6.54,6.55,6.56,6.57,6.58,6.59,3000,23400,7900,1700,11700,22600,13500,23700,23000,16100,56000,1000,15700,16400,6600,13900,7900,20000,8300,14600
86.0,6.49,109700,709994.0,6.49,6.48,6.47,6.46,6.45,6.44,6.43,6.42,6.41,6.4,6.5,6.51,6.52,6.53,6.54,6.55,6.56,6.57,6.58,6.59,3800,23900,7900,1700,11700,22600,13500,23700,23000,16100,53000,1000,15700,16400,6600,13900,7900,20000,8300,14600
87.0,6.48,119800,775480.0,6.48,6.47,6.46,6.45,6.44,6.43,6.42,6.41,6.4,6.39,6.49,6.5,6.51,6.52,6.53,6.54,6.55,6.56,6.57,6.58,17600,4900,1700,11700,22600,13500,23700,23000,16100,2600,2100,53000,1000,15700,16400,6600,13900,7900,20000,8300
88.0,6.48,137900,892801.0,6.48,6.47,6.46,6.45,6.44,6.43,6.42,6.41,6.4,6.39,6.49,6.5,6.51,6.52,6.53,6.54,6.55,6.56,6.57,6.58,2800,4900,1700,11700,22600,13500,23700,23000,16100,2600,6900,53000,1000,15700,16400,6600,13900,7900,20000,8300
89.0,6.49,139900,905762.0,6.48,6.47,6.46,6.45,6.44,6.43,6.42,6.41,6.4,6.39,6.49,6.5,6.51,6.52,6.53,6.54,6.55,6.56,6.57,6.58,900,4800,6300,11700,18000,13500,23700,23000,16100,2600,10700,54700,1000,15700,16400,6600,14900,7900,20000,8300
90.0,6.48,147200,953106.0,6.47,6.46,6.45,6.44,6.43,6.42,6.41,6.4,6.39,6.37,6.48,6.49,6.5,6.51,6.52,6.53,6.54,6.55,6.56,6.57,4800,6300,11700,18000,13500,23700,23000,16100,2600,800,6700,6700,54700,1000,15700,16400,6600,14900,7900,20000
91.0,6.48,149900,970602.0,6.47,6.46,6.45,6.44,6.43,6.42,6.41,6.4,6.39,6.37,6.48,6.49,6.5,6.51,6.52,6.53,6.54,6.55,6.56,6.57,4900,6300,11700,18000,13500,23700,23000,16100,2600,800,4000,6700,54700,1000,15700,16400,6600,14900,7900,20000
92.0,6.48,149900,970602.0,6.47,6.46,6.45,6.44,6.43,6.42,6.41,6.4,6.39,6.37,6.48,6.49,6.5,6.51,6.52,6.53,6.54,6.55,6.56,6.57,4900,6300,11700,18000,13500,23700,23000,16100,2600,800,4000,4200,54700,1000,15700,16400,6600,14900,7900,20000
93.0,6.48,149900,970602.0,6.47,6.46,6.45,6.44,6.43,6.42,6.41,6.4,6.39,6.37,6.48,6.49,6.5,6.51,6.52,6.53,6.54,6.55,6.56,6.57,4900,6300,11700,18000,13500,23700,23000,16100,2600,800,4000,4200,54700,1000,15700,16400,6600,14900,7900,20000
94.0,6.48,152000,984210.0,6.47,6.46,6.45,6.44,6.43,6.42,6.41,6.4,6.39,6.37,6.48,6.49,6.5,6.51,6.52,6.53,6.54,6.55,6.56,6.57,5500,6300,11700,18000,13500,23700,23000,16100,2600,800,1900,1400,54700,1000,15700,16400,6600,14900,7900,20000
95.0,6.48,152100,984858.0,6.47,6.46,6.45,6.44,6.43,6.42,6.41,6.4,6.39,6.37,6.48,6.49,6.5,6.51,6.52,6.53,6.54,6.55,6.56,6.57,5800,6300,11700,18000,13500,23700,23000,16100,2600,800,1800,1400,64700,1000,15700,16400,6600,14900,7900,20000
96.0,6.48,152100,984858.0,6.47,6.46,6.45,6.44,6.43,6.42,6.41,6.4,6.39,6.37,6.48,6.49,6.5,6.51,6.52,6.53,6.54,6.55,6.56,6.57,5800,6300,11700,18000,13500,23700,23000,16100,2600,800,1800,1400,74700,1000,15700,16400,6600,14900,7900,20000
97.0,6.47,154300,999092.0,6.47,6.46,6.45,6.44,6.43,6.42,6.41,6.4,6.39,6.37,6.48,6.49,6.5,6.51,6.52,6.53,6.54,6.55,6.56,6.57,3600,6300,11700,18000,13500,23700,23000,16100,2600,800,1800,1400,74700,1000,15700,16400,6600,14900,7900,20000
98.0,6.47,155200,1004918.0,6.47,6.46,6.45,6.44,6.43,6.42,6.41,6.4,6.39,6.37,6.48,6.49,6.5,6.51,6.52,6.53,6.54,6.55,6.56,6.57,3000,6300,11700,18000,13500,23700,23000,16100,2600,800,1500,1400,84700,1000,15700,16400,6600,14900,7900,20000
99.0,6.47,155200,1004918.0,6.47,6.46,6.45,6.44,6.43,6.42,6.41,6.4,6.39,6.37,6.48,6.49,6.5,6.51,6.52,6.53,6.54,6.55,6.56,6.57,5000,6300,11700,18000,33500,23700,23000,16100,2600,800,1500,1400,94700,1000,15700,16400,6600,14900,7900,20000
100.0,6.48,156700,1014638.0,6.48,6.47,6.46,6.45,6.44,6.43,6.42,6.41,6.4,6.39,6.49,6.5,6.51,6.52,6.53,6.54,6.55,6.56,6.57,6.58,100,5000,6300,11700,18000,33500,23700,23000,16100,2600,1400,94700,1000,15700,16400,6600,14900,7900,20000,8300
101.0,6.48,156700,1014638.0,6.48,6.47,6.46,6.45,6.44,6.43,6.42,6.41,6.4,6.39,6.49,6.5,6.51,6.52,6.53,6.54,6.55,6.56,6.57,6.58,100,5000,6300,11700,18000,33500,23700,23000,16100,2600,1400,104700,1000,15700,16400,6600,14900,7900,20000,8300
102.0,6.48,156700,1014638.0,6.48,6.47,6.46,6.45,6.44,6.43,6.42,6.41,6.4,6.39,6.49,6.5,6.51,6.52,6.53,6.54,6.55,6.56,6.57,6.58,100,5000,6300,11700,18000,33500,23700,23000,16100,2600,1400,104700,1000,15700,16400,6600,14900,7900,20000,8300
103.0,6.48,156700,1014638.0,6.48,6.47,6.46,6.45,6.44,6.43,6.42,6.41,6.4,6.39,6.49,6.5,6.51,6.52,6.53,6.54,6.55,6.56,6.57,6.58,100,6100,6300,11700,18000,33500,23700,23000,16100,2600,1400,104700,1000,15700,16400,6600,14900,7900,20000,8300
104.0,6.48,156800,1015286.0,6.47,6.46,6.45,6.44,6.43,6.42,6.41,6.4,6.39,6.37,6.49,6.5,6.51,6.52,6.53,6.54,6.55,6.56,6.57,6.58,10300,6300,11700,18000,33500,23700,23000,16100,2600,800,1400,104700,1000,15700,16400,6600,14900,7900,20000,8300
105.0,6.48,156800,1015286.0,6.47,6.46,6.45,6.44,6.43,6.42,6.41,6.4,6.39,6.37,6.49,6.5,6.51,6.52,6.53,6.54,6.55,6.56,6.57,6.58,10300,6300,11700,18000,33500,23700,23000,16100,2600,800,1400,104700,1000,15700,16400,6600,14900,7900,20000,8300
106.0,6.48,156800,1015286.0,6.47,6.46,6.45,6.44,6.43,6.42,6.41,6.4,6.39,6.37,6.49,6.5,6.51,6.52,6.53,6.54,6.55,6.56,6.57,6.58,11400,6300,11700,18000,33500,23700,23000,16100,2600,800,1400,104700,1000,15700,16400,6600,14900,7900,20000,8300
107.0,6.47,157900,1022403.0,6.47,6.46,6.45,6.44,6.43,6.42,6.41,6.4,6.39,6.37,6.49,6.5,6.51,6.52,6.53,6.54,6.55,6.56,6.57,6.58,10300,6300,11700,18000,33500,23700,23000,16100,2600,800,1400,114700,1000,15700,16400,6600,14900,7900,20000,8300
108.0,6.47,157900,1022403.0,6.47,6.46,6.45,6.44,6.43,6.42,6.41,6.4,6.39,6.37,6.49,6.5,6.51,6.52,6.53,6.54,6.55,6.56,6.57,6.58,10300,6300,11700,18000,33500,23700,23000,16100,2600,800,1400,124700,1000,15700,16400,6600,14900,7900,20000,8300
109.0,6.48,159800,1034717.0,6.47,6.46,6.45,6.44,6.43,6.42,6.41,6.4,6.39,6.37,6.48,6.49,6.5,6.51,6.52,6.53,6.54,6.55,6.56,6.57,10300,6300,11700,18000,33500,23700,23000,16100,2600,800,2900,3900,124700,1000,15700,16400,6600,14900,7900,20000
110.0,6.47,160200,1037305.0,6.47,6.46,6.45,6.44,6.43,6.42,6.41,6.4,6.39,6.37,6.48,6.49,6.5,6.51,6.52,6.53,6.54,6.55,6.56,6.57,9900,6900,11700,18000,33500,23700,23000,16100,2600,800,5600,3900,134700,1000,15700,16400,6600,14900,7900,20000
111.0,6.47,161100,1043128.0,6.47,6.46,6.45,6.44,6.43,6.42,6.41,6.4,6.39,6.37,6.48,6.49,6.5,6.51,6.52,6.53,6.54,6.55,6.56,6.57,9000,6900,11700,18000,33500,23700,23000,16100,2600,800,5600,3900,144700,1000,15700,16400,6600,14900,7900,20000
112.0,6.47,161100,1043128.0,6.47,6.46,6.45,6.44,6.43,6.42,6.41,6.4,6.39,6.37,6.48,6.49,6.5,6.51,6.52,6.53,6.54,6.55,6.56,6.57,9000,6900,11700,18000,33500,23700,23000,16100,2600,800,5600,3900,144700,1000,15700,16400,6600,14900,7900,20000
113.0,6.47,170100,1101358.0,6.46,6.45,6.44,6.43,6.42,6.41,6.4,6.39,6.37,6.36,6.47,6.48,6.49,6.5,6.51,6.52,6.53,6.54,6.55,6.56,6900,11700,18000,33500,23700,23000,16100,2600,800,13200,2300,5900,3900,154700,1000,15700,16400,6600,14900,7900
114.0,6.46,170700,1105234.0,6.46,6.45,6.44,6.43,6.42,6.41,6.4,6.39,6.37,6.36,6.47,6.48,6.49,6.5,6.51,6.52,6.53,6.54,6.55,6.56,5700,12400,18000,33500,23700,23000,16100,2600,800,13200,2300,5900,3900,164700,1000,15700,16400,6600,14900,7900
115.0,6.46,170700,1105234.0,6.46,6.45,6.44,6.43,6.42,6.41,6.4,6.39,6.37,6.36,6.47,6.48,6.49,6.5,6.51,6.52,6.53,6.54,6.55,6.56,5700,12400,18000,33500,23700,23000,16100,2600,800,13200,2300,5900,3900,164700,1000,15700,16400,6600,14900,7900
116.0,6.46,171900,1112988.0,6.46,6.45,6.44,6.43,6.42,6.41,6.4,6.39,6.37,6.36,6.47,6.48,6.49,6.5,6.51,6.52,6.53,6.54,6.55,6.56,100,12400,18000,33500,23700,23000,16100,2600,800,13200,2100,5900,3900,174700,1000,15700,16400,6600,14900,7900
117.0,6.46,171900,1112988.0,6.46,6.45,6.44,6.43,6.42,6.41,6.4,6.39,6.37,6.36,6.47,6.48,6.49,6.5,6.51,6.52,6.53,6.54,6.55,6.56,100,12400,18000,33500,23700,23000,16100,2600,800,13200,2100,5900,13900,174700,1000,15700,16400,6600,14900,7900
118.0,6.46,171900,1112988.0,6.46,6.45,6.44,6.43,6.42,6.41,6.4,6.39,6.37,6.36,6.47,6.48,6.49,6.5,6.51,6.52,6.53,6.54,6.55,6.56,100,12400,18000,33500,23700,23000,16100,2600,800,13200,2100,5900,13900,174700,1000,15700,16400,6600,14900,7900
119.0,6.46,172000,1113634.0,6.45,6.44,6.43,6.42,6.41,6.4,6.39,6.37,6.36,6.35,6.46,6.47,6.48,6.49,6.5,6.51,6.52,6.53,6.54,6.55,12400,18000,33500,23700,23000,16100,2600,800,13200,17500,1000,2100,11400,13900,174700,1000,15700,16400,6600,14900
120.0,6.45,173200,1121374.0,6.45,6.44,6.43,6.42,6.41,6.4,6.39,6.37,6.36,6.35,6.46,6.47,6.48,6.49,6.5,6.51,6.52,6.53,6.54,6.55,11200,18000,33500,23700,23000,16100,2600,800,13200,17500,1000,2100,11400,13900,174700,1000,15700,16400,6600,14900
121.0,6.46,175300,1134929.0,6.46,6.45,6.44,6.43,6.42,6.41,6.4,6.39,6.37,6.36,6.47,6.48,6.49,6.5,6.51,6.52,6.53,6.54,6.55,6.56,100,10100,18000,33500,23700,23000,16100,2600,800,13200,2100,11400,23900,174700,1000,15700,16400,6600,15900,7900
122.0,6.46,175400,1135575.0,6.45,6.44,6.43,6.42,6.41,6.4,6.39,6.37,6.36,6.35,6.46,6.47,6.48,6.49,6.5,6.51,6.52,6.53,6.54,6.55,10300,18000,33500,23700,23000,16100,2600,800,13200,17500,1100,2100,11500,23500,174700,1000,15700,16400,6600,15900
123.0,6.46,176500,1142681.0,6.45,6.44,6.43,6.42,6.41,6.4,6.39,6.37,6.36,6.35,6.47,6.48,6.49,6.5,6.51,6.52,6.53,6.54,6.55,6.56,10500,18000,34000,23700,23000,16100,2600,800,13200,17500,2100,11500,23500,174700,1000,15700,16400,6600,15900,7900
124.0,6.46,176500,1142681.0,6.45,6.44,6.43,6.42,6.41,6.4,6.39,6.37,6.36,6.35,6.47,6.48,6.49,6.5,6.51,6.52,6.53,6.54,6.55,6.56,11000,18000,34000,23700,23000,16100,2600,800,13200,17500,2600,10600,23500,174700,1000,15700,16400,6600,15900,7900
125.0,6.46,177700,1150433.0,6.45,6.44,6.43,6.42,6.41,6.4,6.39,6.37,6.36,6.35,6.46,6.47,6.48,6.49,6.5,6.51,6.52,6.53,6.54,6.55,11000,18000,34000,23700,23000,16100,2600,800,13200,17500,100,2600,10600,23500,174700,1000,16700,16400,6600,15900
126.0,6.46,177700,1150433.0,6.45,6.44,6.43,6.42,6.41,6.4,6.39,6.37,6.36,6.35,6.46,6.47,6.48,6.49,6.5,6.51,6.52,6.53,6.54,6.55,11000,18000,34000,23700,23000,16100,2600,800,13200,17500,100,5900,10600,23500,174700,1000,16700,16400,6600,15900
127.0,6.45,178800,1157528.0,6.45,6.44,6.43,6.42,6.41,6.4,6.39,6.37,6.36,6.35,6.46,6.47,6.48,6.49,6.5,6.51,6.52,6.53,6.54,6.55,9900,18000,34000,23700,23000,16100,2600,800,13200,17500,600,5900,10600,23500,174700,1000,16700,16400,6600,15900
128.0,6.46,178900,1158174.0,6.45,6.44,6.43,6.42,6.41,6.4,6.39,6.37,6.36,6.35,6.46,6.47,6.48,6.49,6.5,6.51,6.52,6.53,6.54,6.55,9900,18000,34000,23700,23000,16100,2600,800,13200,17500,11800,8300,10600,23500,174700,1000,16700,16400,6600,15900
129.0,6.46,179300,1160756.0,6.45,6.44,6.43,6.42,6.41,6.4,6.39,6.37,6.36,6.35,6.46,6.47,6.48,6.49,6.5,6.51,6.52,6.53,6.54,6.55,9700,18000,34000,23700,23000,16100,2600,800,13200,17500,11600,8300,10600,23500,174700,1000,16700,16400,6600,15900
130.0,6.46,179300,1160756.0,6.45,6.44,6.43,6.42,6.41,6.4,6.39,6.37,6.36,6.35,6.46,6.47,6.48,6.49,6.5,6.51,6.52,6.53,6.54,6.55,9700,18000,34000,23700,23000,16100,2600,800,13200,17500,11600,8300,10600,23500,174700,1000,16700,16400,6600,15900
131.0,6.46,179700,1163340.0,6.45,6.44,6.43,6.42,6.41,6.4,6.39,6.37,6.36,6.35,6.46,6.47,6.48,6.49,6.5,6.51,6.52,6.53,6.54,6.55,9900,18000,34000,23700,23000,16100,2600,800,13200,17500,11200,8300,10600,23500,174700,1000,16700,16400,6600,15900
132.0,6.46,179700,1163340.0,6.45,6.44,6.43,6.42,6.41,6.4,6.39,6.37,6.36,6.35,6.46,6.47,6.48,6.49,6.5,6.51,6.52,6.53,6.54,6.55,9900,18000,34000,23700,23000,16100,2600,800,13200,17500,11200,8300,10600,23500,174700,1000,16700,16400,6600,15900
133.0,6.46,181900,1177552.0,6.45,6.44,6.43,6.42,6.41,6.4,6.39,6.37,6.36,6.35,6.46,6.47,6.48,6.49,6.5,6.51,6.52,6.53,6.54,6.55,9900,18000,34000,23700,23000,16100,2600,800,13200,17500,9000,8300,10600,23500,174700,1000,16700,16400,6600,15900
134.0,6.46,186800,1209197.0,6.45,6.44,6.43,6.42,6.41,6.4,6.39,6.37,6.36,6.35,6.46,6.47,6.48,6.49,6.5,6.51,6.52,6.53,6.54,6.55,9100,18000,34000,23700,23000,16100,2600,800,13200,17500,5000,8300,10600,23500,174700,1000,16700,16400,6600,15900
135.0,6.46,186800,1209197.0,6.45,6.44,6.43,6.42,6.41,6.4,6.39,6.37,6.36,6.35,6.46,6.47,6.48,6.49,6.5,6.51,6.52,6.53,6.54,6.55,9200,18000,34000,23700,23000,16100,2600,800,13200,17500,5000,8300,10600,23500,174700,1000,16700,16400,6600,15900
136.0,6.46,186800,1209197.0,6.45,6.44,6.43,6.42,6.41,6.4,6.39,6.37,6.36,6.35,6.46,6.47,6.48,6.49,6.5,6.51,6.52,6.53,6.54,6.55,9200,18000,34000,23700,23000,16100,2600,800,13200,17500,5000,8300,10600,23500,174700,1000,16700,16400,6600,15900
137.0,6.46,186900,1209843.0,6.45,6.44,6.43,6.42,6.41,6.4,6.39,6.37,6.36,6.35,6.46,6.47,6.48,6.49,6.5,6.51,6.52,6.53,6.54,6.55,9200,18000,34000,23700,23000,16100,2600,800,13200,17500,4900,8300,10600,23500,174700,1000,16700,16400,6600,15900
138.0,6.45,187800,1215648.0,6.45,6.44,6.43,6.42,6.41,6.4,6.39,6.37,6.36,6.35,6.46,6.47,6.48,6.49,6.5,6.51,6.52,6.53,6.54,6.55,8300,18000,34000,23700,23000,16100,2600,800,13200,17500,4900,8300,10600,23500,174700,1000,16700,16400,6600,15900
139.0,6.45,187800,1215648.0,6.45,6.44,6.43,6.42,6.41,6.4,6.39,6.37,6.36,6.35,6.46,6.47,6.48,6.49,6.5,6.51,6.52,6.53,6.54,6.55,8300,18000,34000,23700,23000,16100,2600,800,13200,17500,4900,8300,10600,23500,174700,1000,16700,16400,6600,15900
140.0,6.45,187800,1215648.0,6.45,6.44,6.43,6.42,6.41,6.4,6.39,6.37,6.36,6.35,6.46,6.47,6.48,6.49,6.5,6.51,6.52,6.53,6.54,6.55,8300,18000,34000,23700,23000,16100,2600,800,13200,17500,4900,8300,10600,23500,174700,1000,16700,16400,6600,15900
141.0,6.45,188600,1220808.0,6.45,6.44,6.43,6.42,6.41,6.4,6.39,6.37,6.36,6.35,6.46,6.47,6.48,6.49,6.5,6.51,6.52,6.53,6.54,6.55,7500,18000,34000,23700,23000,16100,2600,800,13200,17500,4900,8300,10600,23500,174700,1000,16700,16400,6600,15900
142.0,6.45,188600,1220808.0,6.45,6.44,6.43,6.42,6.41,6.4,6.39,6.37,6.36,6.35,6.46,6.47,6.48,6.49,6.5,6.51,6.52,6.53,6.54,6.55,7500,18000,34000,23700,23000,16100,2600,800,13200,17500,4900,8300,10600,23500,174700,1000,16700,16400,6600,15900
143.0,6.45,188600,1220808.0,6.45,6.44,6.43,6.42,6.41,6.4,6.39,6.37,6.36,6.35,6.46,6.47,6.48,6.49,6.5,6.51,6.52,6.53,6.54,6.55,7500,18000,34000,23700,23000,16100,2600,800,13200,17500,4900,8300,10600,23500,174700,1000,16700,16400,6600,15900
144.0,6.45,188600,1220808.0,6.45,6.44,6.43,6.42,6.41,6.4,6.39,6.37,6.36,6.35,6.46,6.47,6.48,6.49,6.5,6.51,6.52,6.53,6.54,6.55,7600,18000,34000,23700,25000,16100,2600,800,13200,17500,4900,8300,10600,23500,174700,1000,16700,16400,6600,15900
145.0,6.45,190100,1230483.0,6.45,6.44,6.43,6.42,6.41,6.4,6.39,6.37,6.36,6.35,6.46,6.47,6.48,6.49,6.5,6.51,6.52,6.53,6.54,6.55,6100,18000,34000,23700,25000,16100,2600,800,13200,17500,4900,8300,10600,23500,174700,1000,16700,16400,6600,15900
146.0,6.46,190200,1231129.0,6.45,6.44,6.43,6.42,6.41,6.4,6.39,6.37,6.36,6.35,6.46,6.47,6.48,6.49,6.5,6.51,6.52,6.53,6.54,6.55,10100,18000,34000,23700,25000,16100,2600,800,13200,17500,4900,8300,10600,23500,174700,1000,16700,16400,6600,15900
147.0,6.45,200200,1295629.0,6.45,6.44,6.43,6.42,6.41,6.4,6.39,6.37,6.36,6.35,6.46,6.47,6.48,6.49,6.5,6.51,6.52,6.53,6.54,6.55,100,18000,34000,23700,25000,16100,2600,800,13200,17500,7900,8300,10600,23500,174700,1000,16700,16400,6600,15900
148.0,6.44,206000,1332996.0,6.44,6.43,6.42,6.41,6.4,6.39,6.37,6.36,6.35,6.34,6.45,6.46,6.47,6.48,6.49,6.5,6.51,6.52,6.53,6.54,16200,34000,23700,25000,16100,2600,800,13200,17500,16900,5000,3100,8300,10600,23500,174700,1000,16700,16400,6600
149.0,6.45,206500,1336221.0,6.44,6.43,6.42,6.41,6.4,6.39,6.37,6.36,6.35,6.34,6.45,6.46,6.47,6.48,6.49,6.5,6.51,6.52,6.53,6.54,16200,34000,23700,25000,16100,2600,800,13200,17500,16900,4700,3100,8300,10600,23500,174700,1000,16700,16400,6600
150.0,6.45,207500,1342671.0,6.44,6.43,6.42,6.41,6.4,6.39,6.37,6.36,6.35,6.34,6.45,6.46,6.47,6.48,6.49,6.5,6.51,6.52,6.53,6.54,16200,34000,23700,25000,16100,2600,800,13200,17500,16900,3700,6000,8300,10600,23500,174700,1000,16700,16400,6600
151.0,6.45,207500,1342671.0,6.44,6.43,6.42,6.41,6.4,6.39,6.37,6.36,6.35,6.34,6.45,6.46,6.47,6.48,6.49,6.5,6.51,6.52,6.53,6.54,16200,34000,23700,25000,16100,2600,800,13200,17500,16900,3700,6000,8300,10600,23500,174700,1000,16700,16400,6600
152.0,6.45,209500,1355557.0,6.44,6.43,6.42,6.41,6.4,6.39,6.37,6.36,6.35,6.34,6.45,6.46,6.47,6.48,6.49,6.5,6.51,6.52,6.53,6.54,14800,34000,23700,25000,16100,2600,800,13200,17500,16900,3100,6000,8300,10600,23200,174700,1000,16700,16400,6600
153.0,6.45,209500,1355557.0,6.44,6.43,6.42,6.41,6.4,6.39,6.37,6.36,6.35,6.34,6.45,6.46,6.47,6.48,6.49,6.5,6.51,6.52,6.53,6.54,14800,34000,23700,25000,16100,2600,800,13200,17500,16900,3100,6000,8300,10600,23200,174700,1000,16700,16400,6600
154.0,6.45,211500,1368457.0,6.44,6.43,6.42,6.41,6.4,6.39,6.37,6.36,6.35,6.34,6.45,6.46,6.47,6.48,6.49,6.5,6.51,6.52,6.53,6.54,14800,34000,23700,25000,16100,2600,800,13200,17500,16900,1100,6000,8300,10600,23200,174700,1000,16700,16400,6600
155.0,6.45,211700,1369747.0,6.44,6.43,6.42,6.41,6.4,6.39,6.37,6.36,6.35,6.34,6.45,6.46,6.47,6.48,6.49,6.5,6.51,6.52,6.53,6.54,14800,34000,23700,25000,16100,2600,800,13200,17500,16900,900,6000,8300,10600,23200,174700,1000,16700,16400,6600
156.0,6.45,211700,1369747.0,6.44,6.43,6.42,6.41,6.4,6.39,6.37,6.36,6.35,6.34,6.45,6.46,6.47,6.48,6.49,6.5,6.51,6.52,6.53,6.54,14800,34000,23700,25000,16100,2600,800,13200,17500,16900,900,6000,8300,10600,23200,174700,1000,16700,16400,6600
157.0,6.44,214600,1388423.0,6.44,6.43,6.42,6.41,6.4,6.39,6.37,6.36,6.35,6.34,6.45,6.46,6.47,6.48,6.49,6.5,6.51,6.52,6.53,6.54,11900,34000,23700,25000,16100,2600,800,13200,17500,16900,900,6000,8300,10600,23200,174700,1000,16700,16400,6600
158.0,6.44,214600,1388423.0,6.44,6.43,6.42,6.41,6.4,6.39,6.37,6.36,6.35,6.34,6.45,6.46,6.47,6.48,6.49,6.5,6.51,6.52,6.53,6.54,12000,34000,23700,25000,16100,2600,800,13200,17500,16900,1900,6000,8300,10600,23200,174700,1000,16700,16400,6600
159.0,6.45,214900,1390358.0,6.44,6.43,6.42,6.41,6.4,6.39,6.37,6.36,6.35,6.34,6.45,6.46,6.47,6.48,6.49,6.5,6.51,6.52,6.53,6.54,12000,34000,23700,25000,16100,2600,800,13200,17500,16900,1600,6000,8300,10600,23200,174700,1000,16700,16400,6600
160.0,6.45,215900,1396808.0,6.44,6.43,6.42,6.41,6.4,6.39,6.37,6.36,6.35,6.34,6.45,6.46,6.47,6.48,6.49,6.5,6.51,6.52,6.53,6.54,16000,34000,23700,25000,16100,2600,800,13200,17500,16900,600,6000,8300,10600,23200,174700,1000,16700,16400,6600
161.0,6.45,215900,1396808.0,6.44,6.43,6.42,6.41,6.4,6.39,6.37,6.36,6.35,6.34,6.45,6.46,6.47,6.48,6.49,6.5,6.51,6.52,6.53,6.54,16900,34000,23700,25000,16100,2600,800,13200,17500,16900,600,6000,8300,10600,23200,174700,1000,16700,16400,6600
162.0,6.45,215900,1396808.0,6.44,6.43,6.42,6.41,6.4,6.39,6.37,6.36,6.35,6.34,6.45,6.46,6.47,6.48,6.49,6.5,6.51,6.52,6.53,6.54,16900,34000,23700,25000,16100,2600,800,13200,17500,16900,600,6000,8300,10600,23200,174700,1000,16700,16400,6600
163.0,6.45,215900,1396808.0,6.44,6.43,6.42,6.41,6.4,6.39,6.37,6.36,6.35,6.34,6.45,6.46,6.47,6.48,6.49,6.5,6.51,6.52,6.53,6.54,16900,34000,23700,25000,16100,2600,800,13200,17500,16900,600,6000,8300,10600,23200,174700,1000,16700,16400,6600
164.0,6.45,216500,1400678.0,6.45,6.44,6.43,6.42,6.41,6.4,6.39,6.37,6.36,6.35,6.46,6.47,6.48,6.49,6.5,6.51,6.52,6.53,6.54,6.55,400,17000,34000,23700,25000,16100,2600,800,13200,17500,6000,8300,10600,23200,174700,1000,16700,16400,6600,15900
165.0,6.45,217600,1407779.0,6.44,6.43,6.42,6.41,6.4,6.39,6.37,6.36,6.35,6.34,6.45,6.46,6.47,6.48,6.49,6.5,6.51,6.52,6.53,6.54,17000,34000,23700,25000,16100,2600,800,13200,17500,16900,3700,5400,8300,10600,23200,174700,1000,16700,16400,6600
166.0,6.45,217600,1407779.0,6.44,6.43,6.42,6.41,6.4,6.39,6.37,6.36,6.35,6.34,6.45,6.46,6.47,6.48,6.49,6.5,6.51,6.52,6.53,6.54,17000,34000,23700,25000,16100,2600,800,13200,17500,16900,3700,5400,8300,10600,23200,174700,1000,16700,16400,6600
167.0,6.45,217600,1407779.0,6.44,6.43,6.42,6.41,6.4,6.39,6.37,6.36,6.35,6.34,6.45,6.46,6.47,6.48,6.49,6.5,6.51,6.52,6.53,6.54,17000,34000,23700,25000,16100,2600,800,13200,17500,16900,3700,5400,8300,10600,23200,174700,1000,16700,16400,6600
168.0,6.45,218600,1414229.0,6.44,6.43,6.42,6.41,6.4,6.39,6.37,6.36,6.35,6.34,6.45,6.46,6.47,6.48,6.49,6.5,6.51,6.52,6.53,6.54,17000,34000,23700,25000,16100,2600,800,13200,17500,16900,2700,5400,8300,10600,23200,174700,1000,16700,16400,6600
169.0,6.45,218800,1415519.0,6.44,6.43,6.42,6.41,6.4,6.39,6.37,6.36,6.35,6.34,6.45,6.46,6.47,6.48,6.49,6.5,6.51,6.52,6.53,6.54,17000,34000,23700,25000,16100,2600,800,13200,17500,16900,2500,5400,8300,10600,23200,174700,1000,16700,16400,6600
170.0,6.45,218800,1415519.0,6.44,6.43,6.42,6.41,6.4,6.39,6.37,6.36,6.35,6.34,6.45,6.46,6.47,6.48,6.49,6.5,6.51,6.52,6.53,6.54,17000,34000,23700,25000,16100,2600,800,13200,17500,16900,2500,5400,8300,10600,23200,174700,1000,16700,16400,6600
171.0,6.45,218800,1415519.0,6.44,6.43,6.42,6.41,6.4,6.39,6.37,6.36,6.35,6.34,6.45,6.46,6.47,6.48,6.49,6.5,6.51,6.52,6.53,6.54,17100,34000,23700,25000,16100,2600,800,13200,17500,16900,2500,5400,8300,10600,23200,174700,1000,16700,16400,6600
172.0,6.44,219500,1420029.0,6.44,6.43,6.42,6.41,6.4,6.39,6.37,6.36,6.35,6.34,6.45,6.46,6.47,6.48,6.49,6.5,6.51,6.52,6.53,6.54,16600,34000,23700,25000,16100,2600,800,13200,17500,16900,5300,5400,8300,10600,23200,174700,1000,16700,16400,6600
173.0,6.44,219500,1420029.0,6.44,6.43,6.42,6.41,6.4,6.39,6.37,6.36,6.35,6.34,6.45,6.46,6.47,6.48,6.49,6.5,6.51,6.52,6.53,6.54,14300,34000,23700,25000,16100,2600,800,13200,17500,16900,5300,5400,8300,10600,23200,174700,1000,16700,16400,6600
174.0,6.44,219800,1421961.0,6.44,6.43,6.42,6.41,6.4,6.39,6.37,6.36,6.35,6.34,6.45,6.46,6.47,6.48,6.49,6.5,6.51,6.52,6.53,6.54,14000,34000,23700,25000,16100,2600,800,13200,17500,16900,7300,5400,8300,10600,23200,174700,1000,16700,16400,6600
175.0,6.45,220500,1426476.0,6.44,6.43,6.42,6.41,6.4,6.39,6.37,6.36,6.35,6.34,6.45,6.46,6.47,6.48,6.49,6.5,6.51,6.52,6.53,6.54,13100,35100,23700,25000,16100,2600,800,13200,17500,16900,6600,5400,8300,10600,23200,174700,1000,16700,16400,6600
176.0,6.44,220600,1427120.0,6.44,6.43,6.42,6.41,6.4,6.39,6.37,6.36,6.35,6.34,6.45,6.46,6.47,6.48,6.49,6.5,6.51,6.52,6.53,6.54,13000,35100,23700,25000,16100,2600,800,13200,17500,16900,6600,5400,8300,10600,23200,174700,1000,16700,16400,6600
177.0,6.45,221200,1430990.0,6.44,6.43,6.42,6.41,6.4,6.39,6.37,6.36,6.35,6.34,6.45,6.46,6.47,6.48,6.49,6.5,6.51,6.52,6.53,6.54,13000,35100,23700,25000,16100,2600,800,13200,17500,16900,9200,5400,8300,10600,23200,174700,1000,16700,16400,6600
178.0,6.45,221200,1430990.0,6.44,6.43,6.42,6.41,6.4,6.39,6.37,6.36,6.35,6.34,6.45,6.46,6.47,6.48,6.49,6.5,6.51,6.52,6.53,6.54,13000,35100,23700,25000,16100,2600,800,13200,17500,16900,9200,5400,8300,10600,23200,174700,1000,16700,16400,6600
179.0,6.45,222100,1436795.0,6.44,6.43,6.42,6.41,6.4,6.39,6.37,6.36,6.35,6.34,6.45,6.46,6.47,6.48,6.49,6.5,6.51,6.52,6.53,6.54,13000,35100,23700,25000,16100,2600,800,13200,17500,16900,8300,5400,8300,10600,23200,174700,1000,16700,16400,6600
180.0,6.44,224700,1453539.0,6.44,6.43,6.42,6.41,6.4,6.39,6.37,6.36,6.35,6.34,6.45,6.46,6.47,6.48,6.49,6.5,6.51,6.52,6.53,6.54,10400,35100,23700,25000,16100,2600,800,13200,17500,16900,8300,5400,8300,10600,23200,174700,1000,16700,16400,6600
181.0,6.45,224800,1454184.0,6.44,6.43,6.42,6.41,6.4,6.39,6.37,6.36,6.35,6.34,6.45,6.46,6.47,6.48,6.49,6.5,6.51,6.52,6.53,6.54,10400,35500,23700,25000,16100,2600,800,13200,17500,16900,9100,5400,8300,10600,23200,174700,1000,16700,16400,6600
182.0,6.45,225700,1459989.0,6.44,6.43,6.42,6.41,6.4,6.39,6.37,6.36,6.35,6.34,6.45,6.46,6.47,6.48,6.49,6.5,6.51,6.52,6.53,6.54,10400,35500,23700,25000,16100,2600,800,13200,17500,16900,8200,5400,8300,10600,23200,174700,1000,16700,16400,6600
183.0,6.45,225700,1459989.0,6.44,6.43,6.42,6.41,6.4,6.39,6.37,6.36,6.35,6.34,6.45,6.46,6.47,6.48,6.49,6.5,6.51,6.52,6.53,6.54,12700,36700,23700,25500,16100,2600,800,13200,17500,16900,8200,5400,8300,10600,23300,174700,1000,16700,16400,6600
184.0,6.45,226500,1465149.0,6.44,6.43,6.42,6.41,6.4,6.39,6.37,6.36,6.35,6.34,6.45,6.46,6.47,6.48,6.49,6.5,6.51,6.52,6.53,6.54,12700,36700,23700,25500,16100,2600,800,13200,17500,16900,15600,5400,8300,10600,23300,174700,1000,16700,16400,6600
185.0,6.44,227700,1472877.0,6.44,6.43,6.42,6.41,6.4,6.39,6.37,6.36,6.35,6.34,6.45,6.46,6.47,6.48,6.49,6.5,6.51,6.52,6.53,6.54,11500,36700,23700,25500,16100,2600,800,13200,17500,16900,15600,5400,8300,10600,23300,174700,1000,16700,16400,6600
186.0,6.45,229200,1482552.0,6.44,6.43,6.42,6.41,6.4,6.39,6.37,6.36,6.35,6.34,6.45,6.46,6.47,6.48,6.49,6.5,6.51,6.52,6.53,6.54,11500,36700,23700,25500,16100,2600,800,13200,17500,16900,14100,5400,8300,10600,23300,174700,1000,16700,16400,6600
187.0,6.45,231500,1497387.0,6.44,6.43,6.42,6.41,6.4,6.39,6.37,6.36,6.35,6.31,6.45,6.46,6.47,6.48,6.49,6.5,6.51,6.52,6.53,6.54,11500,36700,23700,25500,16100,2600,800,13200,1000,53300,11800,5400,8300,10600,23200,174700,1000,16700,16400,6600
188.0,6.44,231700,1498675.0,6.44,6.43,6.42,6.41,6.4,6.39,6.37,6.36,6.35,6.31,6.45,6.46,6.47,6.48,6.49,6.5,6.51,6.52,6.53,6.54,15300,36700,23700,25500,16100,2600,800,13200,1000,53300,11800,5400,8300,10600,23200,174700,1000,16700,16400,6600
189.0,6.45,232800,1505770.0,6.44,6.43,6.42,6.41,6.4,6.39,6.37,6.36,6.35,6.31,6.45,6.46,6.47,6.48,6.49,6.5,6.51,6.52,6.53,6.54,15300,36700,23700,25500,16100,2600,800,13200,1000,53300,10700,5400,8300,10600,23200,174700,1000,16700,16400,6600
190.0,6.45,232800,1505770.0,6.44,6.43,6.42,6.41,6.4,6.39,6.37,6.36,6.35,6.31,6.45,6.46,6.47,6.48,6.49,6.5,6.51,6.52,6.53,6.54,15300,36700,23700,25500,16100,2600,800,13200,1000,53300,10700,5400,8300,10600,23200,174700,1000,16700,16400,6600
191.0,6.45,238100,1539955.0,6.44,6.43,6.42,6.41,6.4,6.39,6.37,6.36,6.35,6.31,6.45,6.46,6.47,6.48,6.49,6.5,6.51,6.52,6.53,6.54,15300,36700,23700,25500,16100,2600,800,13200,1000,53300,5400,5400,8300,10600,23200,174700,1000,16700,16400,6600
192.0,6.45,238600,1543180.0,6.44,6.43,6.42,6.41,6.4,6.39,6.37,6.36,6.35,6.31,6.45,6.46,6.47,6.48,6.49,6.5,6.51,6.52,6.53,6.54,15300,36700,23700,25500,16100,2600,800,13200,1000,53300,4900,5400,8300,10600,23200,174700,1000,16700,16400,6600
193.0,6.44,239600,1549624.0,6.44,6.43,6.42,6.41,6.4,6.39,6.37,6.36,6.35,6.31,6.45,6.46,6.47,6.48,6.49,6.5,6.51,6.52,6.53,6.54,14700,36700,23700,25500,16100,2600,800,13200,1000,53300,4500,5400,8300,10600,23200,174700,1000,16700,16400,6600
194.0,6.45,239900,1551559.0,6.44,6.43,6.42,6.41,6.4,6.39,6.37,6.36,6.35,6.31,6.45,6.46,6.47,6.48,6.49,6.5,6.51,6.52,6.53,6.54,14700,36700,23700,25500,16100,2600,800,13200,1000,53300,4200,5400,8300,10600,23200,174700,1000,16700,16400,6600
195.0,6.45,239900,1551559.0,6.44,6.43,6.42,6.41,6.4,6.39,6.37,6.36,6.35,6.31,6.45,6.46,6.47,6.48,6.49,6.5,6.51,6.52,6.53,6.54,14700,36700,23700,25500,16100,2600,800,13200,1000,53300,4200,5400,8300,10600,23200,174700,1000,16700,16400,6600
196.0,6.45,240300,1554139.0,6.44,6.43,6.42,6.41,6.4,6.39,6.37,6.36,6.35,6.31,6.45,6.46,6.47,6.48,6.49,6.5,6.51,6.52,6.53,6.54,14700,36700,23700,25500,16100,2600,800,13200,1000,53300,3800,5400,8300,10600,23200,174700,1000,16700,16400,6600
197.0,6.44,240400,1554783.0,6.44,6.43,6.42,6.41,6.4,6.39,6.37,6.36,6.35,6.31,6.45,6.46,6.47,6.48,6.49,6.5,6.51,6.52,6.53,6.54,14600,36700,23700,25500,16100,2600,800,13200,1000,53300,3800,5400,8300,10600,23200,174700,1000,16700,16400,6600
198.0,6.44,240400,1554783.0,6.44,6.43,6.42,6.41,6.4,6.39,6.37,6.36,6.35,6.31,6.45,6.46,6.47,6.48,6.49,6.5,6.51,6.52,6.53,6.54,14600,36700,23700,25500,16100,2600,800,13200,1000,53300,3800,5400,8300,10600,24200,174700,1000,16700,16400,6600
199.0,6.44,241500,1561873.0,6.44,6.43,6.42,6.41,6.4,6.39,6.37,6.36,6.35,6.31,6.45,6.46,6.47,6.48,6.49,6.5,6.51,6.52,6.53,6.54,14100,36700,23700,25500,16100,2600,800,13200,1000,53300,3200,5400,8300,10600,24200,174700,1000,16700,16400,6600
200.0,6.44,241900,1564449.0,6.44,6.43,6.42,6.41,6.4,6.39,6.37,6.36,6.35,6.31,6.45,6.46,6.47,6.48,6.49,6.5,6.51,6.52,6.53,6.54,13700,36700,23700,25500,16100,2600,800,13200,1000,53300,3200,5400,8300,10600,24200,174700,1000,16700,16400,6600
201.0,6.44,241900,1564449.0,6.44,6.43,6.42,6.41,6.4,6.39,6.37,6.36,6.35,6.31,6.45,6.46,6.47,6.48,6.49,6.5,6.51,6.52,6.53,6.54,13700,36700,23700,25500,16100,2600,800,13200,1000,53300,3200,5400,8300,10600,24200,174700,1000,16700,16400,6600
202.0,6.45,242000,1565094.0,6.44,6.43,6.42,6.41,6.4,6.39,6.37,6.36,6.35,6.31,6.45,6.46,6.47,6.48,6.49,6.5,6.51,6.52,6.53,6.54,17700,36700,23700,25500,16100,2600,800,13200,1000,53300,3100,5400,8300,10600,24200,174700,1000,16700,16400,6600
203.0,6.45,242900,1570899.0,6.44,6.43,6.42,6.41,6.4,6.39,6.37,6.36,6.35,6.31,6.45,6.46,6.47,6.48,6.49,6.5,6.51,6.52,6.53,6.54,20100,36700,23700,25500,16100,2600,800,13200,1000,53300,2200,5400,8300,10600,24200,174700,1000,16700,16400,6600
204.0,6.45,242900,1570899.0,6.44,6.43,6.42,6.41,6.4,6.39,6.37,6.36,6.35,6.31,6.45,6.46,6.47,6.48,6.49,6.5,6.51,6.52,6.53,6.54,20100,36700,23700,25500,16100,2600,800,13200,1000,53300,2200,5400,8300,10600,24200,174700,1000,16700,16400,6600
205.0,6.45,242900,1570899.0,6.44,6.43,6.42,6.41,6.4,6.39,6.37,6.36,6.35,6.31,6.45,6.46,6.47,6.48,6.49,6.5,6.51,6.52,6.53,6.54,20700,36700,23700,25500,16100,2600,800,13200,1000,53300,2200,5900,8300,10600,24200,174700,1000,16700,16400,6600
206.0,6.45,243100,1572189.0,6.44,6.43,6.42,6.41,6.4,6.39,6.37,6.36,6.35,6.31,6.45,6.46,6.47,6.48,6.49,6.5,6.51,6.52,6.53,6.54,20700,36700,23700,25500,16100,2600,800,13200,1000,53300,2000,5900,8300,10600,24200,174700,1000,16700,16400,6600
207.0,6.45,243300,1573479.0,6.44,6.43,6.42,6.41,6.4,6.39,6.37,6.36,6.35,6.31,6.45,6.46,6.47,6.48,6.49,6.5,6.51,6.52,6.53,6.54,20700,36700,23700,25500,16100,2600,800,13200,1000,53300,1800,5900,8300,10600,24200,174700,1000,16700,16400,6600
208.0,6.45,243300,1573479.0,6.44,6.43,6.42,6.41,6.4,6.39,6.37,6.36,6.35,6.31,6.45,6.46,6.47,6.48,6.49,6.5,6.51,6.52,6.53,6.54,20700,36700,23700,25500,16100,2600,800,13200,1000,53300,1800,5900,8300,10600,24200,174700,1000,16700,16400,6600
209.0,6.45,243300,1573479.0,6.44,6.43,6.42,6.41,6.4,6.39,6.37,6.36,6.35,6.31,6.45,6.46,6.47,6.48,6.49,6.5,6.51,6.52,6.53,6.54,20700,36700,23700,25500,16100,2600,800,13200,1000,53300,1800,5900,8300,10600,24200,174700,1000,16700,16400,6600
210.0,6.45,243400,1574124.0,6.44,6.43,6.42,6.41,6.4,6.39,6.37,6.36,6.35,6.31,6.45,6.46,6.47,6.48,6.49,6.5,6.51,6.52,6.53,6.54,20700,37100,23700,25500,16100,2600,800,13200,1000,53300,1700,5900,8300,10600,24200,174700,1000,16700,16400,6600
211.0,6.44,250100,1617272.0,6.44,6.43,6.42,6.41,6.4,6.39,6.37,6.36,6.35,6.31,6.45,6.46,6.47,6.48,6.49,6.5,6.51,6.52,6.53,6.54,14100,37100,23700,25500,16100,2600,800,13200,1000,53300,1700,5900,8300,10600,24200,174700,1000,16700,16400,6600
212.0,6.44,250100,1617272.0,6.44,6.43,6.42,6.41,6.4,6.39,6.37,6.36,6.35,6.31,6.45,6.46,6.47,6.48,6.49,6.5,6.51,6.52,6.53,6.54,14100,37100,23700,25500,16100,2600,800,13200,1000,53300,1700,5900,8300,10600,24200,174700,1000,16700,16400,6600
213.0,6.45,250200,1617917.0,6.44,6.43,6.42,6.41,6.4,6.39,6.37,6.36,6.35,6.31,6.45,6.46,6.47,6.48,6.49,6.5,6.51,6.52,6.53,6.54,14100,37100,23700,25500,16100,2600,800,13200,1000,53300,1600,5900,8300,10600,24200,174700,1000,16700,16400,6600
214.0,6.45,250200,1617917.0,6.44,6.43,6.42,6.41,6.4,6.39,6.37,6.36,6.35,6.31,6.45,6.46,6.47,6.48,6.49,6.5,6.51,6.52,6.53,6.54,14100,37100,23700,25500,16100,2600,800,13200,1000,53300,1600,6000,8300,10600,24200,174700,1000,16700,16400,6600
215.0,6.45,250500,1619852.0,6.44,6.43,6.42,6.41,6.4,6.39,6.37,6.36,6.35,6.31,6.45,6.46,6.47,6.48,6.49,6.5,6.51,6.52,6.53,6.54,14100,37100,23700,25500,16100,2600,800,13200,1000,53300,1300,6000,8300,10600,24200,174700,1000,16700,16400,6600
216.0,6.45,251200,1624367.0,6.44,6.43,6.42,6.41,6.4,6.39,6.37,6.36,6.35,6.31,6.45,6.46,6.47,6.48,6.49,6.5,6.51,6.52,6.53,6.54,18100,37100,23700,25500,16100,2600,800,13200,1000,53300,600,6000,8300,10600,24200,174700,1000,16700,16400,6600
217.0,6.45,251200,1624367.0,6.44,6.43,6.42,6.41,6.4,6.39,6.37,6.36,6.35,6.31,6.45,6.46,6.47,6.48,6.49,6.5,6.51,6.52,6.53,6.54,18200,37100,23700,25500,16100,2600,800,13200,1000,53300,600,6000,8400,10600,24200,174700,1000,16700,16400,6600
218.0,6.45,251200,1624367.0,6.44,6.43,6.42,6.41,6.4,6.39,6.37,6.36,6.35,6.31,6.45,6.46,6.47,6.48,6.49,6.5,6.51,6.52,6.53,6.54,18200,37100,23700,25500,16100,2600,800,13200,1000,53300,1100,6000,8400,10600,24200,174700,1000,16700,16400,6600
219.0,6.45,251300,1625012.0,6.44,6.43,6.42,6.41,6.4,6.39,6.37,6.36,6.35,6.31,6.45,6.46,6.47,6.48,6.49,6.5,6.51,6.52,6.53,6.54,18200,37100,35200,25500,16100,2600,800,13200,1000,53300,1000,6000,8400,10600,24200,174700,1000,16700,16400,6600
220.0,6.45,251400,1625657.0,6.44,6.43,6.42,6.41,6.4,6.39,6.37,6.36,6.35,6.31,6.45,6.46,6.47,6.48,6.49,6.5,6.51,6.52,6.53,6.54,18200,37100,35200,25500,16100,2600,800,13200,1000,53300,900,6000,8400,10600,24200,174700,1000,16700,16400,6600
221.0,6.45,251500,1626302.0,6.44,6.43,6.42,6.41,6.4,6.39,6.37,6.36,6.35,6.31,6.45,6.46,6.47,6.48,6.49,6.5,6.51,6.52,6.53,6.54,18200,37100,35200,25500,16100,2600,800,13200,1000,53300,800,6000,8400,10600,24200,174700,1000,16700,16400,6600
222.0,6.45,251500,1626302.0,6.44,6.43,6.42,6.41,6.4,6.39,6.37,6.36,6.35,6.31,6.45,6.46,6.47,6.48,6.49,6.5,6.51,6.52,6.53,6.54,18200,37500,35200,25500,16100,2600,800,13200,1000,53300,800,6000,8400,10600,24200,174700,1000,16700,16400,6600
223.0,6.45,251500,1626302.0,6.44,6.43,6.42,6.41,6.4,6.39,6.37,6.36,6.35,6.31,6.45,6.46,6.47,6.48,6.49,6.5,6.51,6.52,6.53,6.54,19300,37500,35200,25500,16100,2600,800,13200,1000,53300,1200,6000,8400,10600,24200,174700,1000,16700,16400,6600
224.0,6.45,252000,1629523.0,6.44,6.43,6.42,6.41,6.4,6.39,6.37,6.36,6.35,6.31,6.45,6.46,6.47,6.48,6.49,6.5,6.51,6.52,6.53,6.54,18900,37500,35200,25500,16100,2600,800,13200,1000,53300,1100,6000,8400,10600,24200,174700,1000,16700,16400,6600
225.0,6.45,252000,1629523.0,6.44,6.43,6.42,6.41,6.4,6.39,6.37,6.36,6.35,6.31,6.45,6.46,6.47,6.48,6.49,6.5,6.51,6.52,6.53,6.54,18900,37500,35200,25500,16100,2600,800,13200,1000,53300,1100,6000,8400,10600,24200,173000,1000,16700,16400,6600
226.0,6.45,252200,1630813.0,6.44,6.43,6.42,6.41,6.4,6.39,6.37,6.36,6.35,6.31,6.45,6.46,6.47,6.48,6.49,6.5,6.51,6.52,6.53,6.54,18900,37500,35200,25500,16100,2600,800,13200,1000,53300,900,6000,8400,10600,24200,173000,1000,16700,16400,6600
227.0,6.44,252300,1631457.0,6.44,6.43,6.42,6.41,6.4,6.39,6.37,6.36,6.35,6.31,6.45,6.46,6.47,6.48,6.49,6.5,6.51,6.52,6.53,6.54,18800,37500,35200,25500,16100,2600,800,13200,1000,53300,900,6000,8400,10600,24200,173000,1000,16700,16400,6600
228.0,6.44,252300,1631457.0,6.44,6.43,6.42,6.41,6.4,6.39,6.37,6.36,6.35,6.31,6.45,6.46,6.47,6.48,6.49,6.5,6.51,6.52,6.53,6.54,19500,37500,35200,25500,16100,2600,800,13200,1000,53300,1900,6000,8400,10600,24200,173000,1000,16700,16400,6600
229.0,6.44,253800,1641117.0,6.44,6.43,6.42,6.41,6.4,6.39,6.37,6.36,6.35,6.31,6.45,6.46,6.47,6.48,6.49,6.5,6.51,6.52,6.53,6.54,18000,37900,35200,25500,16100,2600,800,13200,1000,53300,1400,6000,8400,10600,24200,173000,1000,16700,16400,6600
230.0,6.45,253900,1641762.0,6.44,6.43,6.42,6.41,6.4,6.39,6.37,6.36,6.35,6.31,6.45,6.46,6.47,6.48,6.49,6.5,6.51,6.52,6.53,6.54,22000,37900,35200,25500,16100,2600,800,13200,1000,53300,1300,6000,18400,10600,24200,173000,1000,16700,16400,6600
231.0,6.45,253900,1641762.0,6.44,6.43,6.42,6.41,6.4,6.39,6.37,6.36,6.35,6.31,6.45,6.46,6.47,6.48,6.49,6.5,6.51,6.52,6.53,6.54,22000,37900,35200,25500,16100,2600,800,13200,1000,53300,1300,6000,18400,10600,24200,173000,1000,16700,16400,6600
232.0,6.45,253900,1641762.0,6.44,6.43,6.42,6.41,6.4,6.39,6.37,6.36,6.35,6.31,6.45,6.46,6.47,6.48,6.49,6.5,6.51,6.52,6.53,6.54,22000,37900,35200,25500,16100,2600,800,13200,1000,53300,1300,6000,18400,10600,24200,173000,1000,16700,16400,6600
233.0,6.45,254000,1642407.0,6.44,6.43,6.42,6.41,6.4,6.39,6.37,6.36,6.35,6.31,6.45,6.46,6.47,6.48,6.49,6.5,6.51,6.52,6.53,6.54,22000,37900,35200,25500,16100,2600,800,13200,1000,53300,1200,6000,18400,10600,24200,173000,1000,16700,16400,6600
234.0,6.45,254000,1642407.0,6.44,6.43,6.42,6.41,6.4,6.39,6.37,6.36,6.35,6.31,6.45,6.46,6.47,6.48,6.49,6.5,6.51,6.52,6.53,6.54,22000,37900,35200,25500,16100,2600,800,13200,1000,53300,1200,6000,18400,10600,24200,173000,1000,16700,16400,6600
235.0,6.45,254000,1642407.0,6.44,6.43,6.42,6.41,6.4,6.39,6.37,6.36,6.35,6.31,6.45,6.46,6.47,6.48,6.49,6.5,6.51,6.52,6.53,6.54,22000,37900,35200,25500,16100,2600,800,13200,1000,53300,1200,6000,18400,10600,24200,173000,1000,16700,16400,6600
236.0,6.45,254100,1643052.0,6.44,6.43,6.42,6.41,6.4,6.39,6.37,6.36,6.35,6.31,6.45,6.46,6.47,6.48,6.49,6.5,6.51,6.52,6.53,6.54,22000,37900,35200,25500,16100,2600,800,13200,1000,53300,1100,6000,18400,10600,24200,173000,1000,16700,16400,6600
237.0,6.45,254200,1643697.0,6.44,6.43,6.42,6.41,6.4,6.39,6.37,6.36,6.35,6.31,6.45,6.46,6.47,6.48,6.49,6.5,6.51,6.52,6.53,6.54,22000,37900,35200,25500,16100,2600,800,13200,1000,53300,1000,6700,18400,10600,24200,173000,1000,16700,16400,6600
238.0,6.45,254400,1644987.0,6.44,6.43,6.42,6.41,6.4,6.39,6.37,6.36,6.35,6.31,6.45,6.46,6.47,6.48,6.49,6.5,6.51,6.52,6.53,6.54,22000,37900,35200,25500,16100,2600,800,13200,1000,53300,800,6700,18400,10600,24200,173000,1000,16700,16400,6600
239.0,6.45,254400,1644987.0,6.44,6.43,6.42,6.41,6.4,6.39,6.37,6.36,6.35,6.31,6.45,6.46,6.47,6.48,6.49,6.5,6.51,6.52,6.53,6.54,22000,37900,35200,25500,16100,2600,800,13200,1000,53300,800,6700,18400,10600,24200,173000,1000,16700,16400,6600
240.0,6.45,254400,1644987.0,6.44,6.43,6.42,6.41,6.4,6.39,6.37,6.36,6.35,6.31,6.45,6.46,6.47,6.48,6.49,6.5,6.51,6.52,6.53,6.54,22400,37900,35200,25500,16100,2600,800,13200,1000,53300,800,6700,18400,10600,24200,173000,1000,16700,16400,6600
241.0,6.45,254400,1644987.0,6.44,6.43,6.42,6.41,6.4,6.39,6.37,6.36,6.35,6.31,6.45,6.46,6.47,6.48,6.49,6.5,6.51,6.52,6.53,6.54,22400,37900,35200,25500,16100,2600,800,13200,1000,53300,800,6700,18900,10600,24200,173000,1000,16700,16400,6600
242.0,6.45,254400,1644987.0,6.44,6.43,6.42,6.41,6.4,6.39,6.37,6.36,6.35,6.31,6.45,6.46,6.47,6.48,6.49,6.5,6.51,6.52,6.53,6.54,22700,37900,35200,25500,16100,2600,800,13200,1000,53300,800,6700,18900,10600,24200,173000,1000,16700,16400,6600
243.0,6.45,254400,1644987.0,6.44,6.43,6.42,6.41,6.4,6.39,6.37,6.36,6.35,6.31,6.45,6.46,6.47,6.48,6.49,6.5,6.51,6.52,6.53,6.54,23800,37900,35200,25500,16100,2600,800,13200,1000,53300,5800,6700,18900,10600,24200,173000,1000,16700,16400,6600
244.0,6.45,254400,1644987.0,6.44,6.43,6.42,6.41,6.4,6.39,6.37,6.36,6.35,6.31,6.45,6.46,6.47,6.48,6.49,6.5,6.51,6.52,6.53,6.54,27800,37900,35200,25500,16100,2600,800,13200,1000,53300,5800,6700,18900,10600,24200,173000,1000,16700,16400,6600
245.0,6.45,254400,1644987.0,6.44,6.43,6.42,6.41,6.4,6.39,6.37,6.36,6.35,6.31,6.45,6.46,6.47,6.48,6.49,6.5,6.51,6.52,6.53,6.54,27800,37900,35200,25500,16100,2600,800,13200,1000,53300,5800,6700,18900,10600,24200,173000,1000,16700,16400,6600
246.0,6.45,254900,1648212.0,6.44,6.43,6.42,6.41,6.4,6.39,6.37,6.36,6.35,6.31,6.45,6.46,6.47,6.48,6.49,6.5,6.51,6.52,6.53,6.54,28000,37900,35200,25500,16100,2600,800,13200,1000,53300,5300,6700,18900,10600,24200,173000,1000,16700,16400,6600
247.0,6.45,254900,1648212.0,6.44,6.43,6.42,6.41,6.4,6.39,6.37,6.36,6.35,6.31,6.45,6.46,6.47,6.48,6.49,6.5,6.51,6.52,6.53,6.54,28000,37900,35200,25500,16100,2600,800,13200,1000,53300,5300,6700,18900,10600,24200,173000,1000,16700,16400,6600
248.0,6.44,259200,1675904.0,6.44,6.43,6.42,6.41,6.4,6.39,6.37,6.36,6.35,6.31,6.45,6.46,6.47,6.48,6.49,6.5,6.51,6.52,6.53,6.54,23700,37900,35200,25500,16100,2600,800,13200,1000,53300,5300,6700,18900,10600,24200,173000,1000,16700,16400,6600
249.0,6.44,259200,1675904.0,6.44,6.43,6.42,6.41,6.4,6.39,6.37,6.36,6.35,6.31,6.45,6.46,6.47,6.48,6.49,6.5,6.51,6.52,6.53,6.54,21300,37900,35200,25500,16100,2600,800,13200,1000,53300,5300,6700,18900,10600,24200,173000,1000,16700,16400,6600
250.0,6.45,260700,1685579.0,6.44,6.43,6.42,6.41,6.4,6.39,6.37,6.36,6.35,6.31,6.45,6.46,6.47,6.48,6.49,6.5,6.51,6.52,6.53,6.54,21300,37900,35200,25500,16100,2600,800,13200,1000,53300,3800,6700,18900,10600,24200,173000,1000,16700,16400,6600
251.0,6.44,261300,1689446.0,6.44,6.43,6.42,6.41,6.4,6.39,6.37,6.36,6.35,6.31,6.45,6.46,6.47,6.48,6.49,6.5,6.51,6.52,6.53,6.54,21000,37900,35200,25500,16100,2600,800,13200,1000,53300,3500,6700,18900,10600,24200,173000,1000,16700,16400,6600
252.0,6.44,261300,1689446.0,6.44,6.43,6.42,6.41,6.4,6.39,6.37,6.36,6.35,6.31,6.45,6.46,6.47,6.48,6.49,6.5,6.51,6.52,6.53,6.54,21000,37900,35200,25500,16100,2600,800,13200,1000,53300,3500,6700,18900,10600,24200,173000,1000,16700,16400,6600
253.0,6.45,261600,1691381.0,6.44,6.43,6.42,6.41,6.4,6.39,6.37,6.36,6.35,6.31,6.45,6.46,6.47,6.48,6.49,6.5,6.51,6.52,6.53,6.54,24500,37900,35200,25500,16100,2600,800,13200,1000,53300,3200,6700,18900,10600,24200,173000,1000,16700,16400,6600
254.0,6.45,261600,1691381.0,6.44,6.43,6.42,6.41,6.4,6.39,6.37,6.36,6.35,6.31,6.45,6.46,6.47,6.48,6.49,6.5,6.51,6.52,6.53,6.54,24500,37900,35200,25500,16100,2600,800,13200,1000,53300,9200,6700,18900,10600,24200,173000,1000,16700,16400,6600
255.0,6.45,261600,1691381.0,6.44,6.43,6.42,6.41,6.4,6.39,6.37,6.36,6.35,6.31,6.45,6.46,6.47,6.48,6.49,6.5,6.51,6.52,6.53,6.54,24500,37900,35200,25500,16100,2600,800,13200,1000,53300,9200,6700,18900,10600,24200,173000,1000,16700,16400,6600
256.0,6.45,262500,1697186.0,6.44,6.43,6.42,6.41,6.4,6.39,6.37,6.36,6.35,6.31,6.45,6.46,6.47,6.48,6.49,6.5,6.51,6.52,6.53,6.54,24500,37900,35200,25500,16100,2600,800,13200,1000,53300,8700,6700,18900,10600,24200,173000,1000,16700,16400,6600
257.0,6.45,262500,1697186.0,6.44,6.43,6.42,6.41,6.4,6.39,6.37,6.36,6.35,6.31,6.45,6.46,6.47,6.48,6.49,6.5,6.51,6.52,6.53,6.54,24500,37900,35200,25500,16100,2600,800,13200,1000,53300,8700,6700,18900,10600,24200,173000,1000,16700,16400,6600
258.0,6.45,262500,1697186.0,6.44,6.43,6.42,6.41,6.4,6.39,6.37,6.36,6.35,6.31,6.45,6.46,6.47,6.48,6.49,6.5,6.51,6.52,6.53,6.54,28500,37900,35200,25500,16100,2600,800,13200,1000,53300,8700,6700,18900,10600,24200,173000,1000,16700,16400,6600
259.0,6.45,263800,1705571.0,6.44,6.43,6.42,6.41,6.4,6.39,6.37,6.36,6.35,6.31,6.45,6.46,6.47,6.48,6.49,6.5,6.51,6.52,6.53,6.54,28500,37500,35200,30500,16100,2600,800,13200,1000,53300,7400,6700,18900,10600,24200,173000,1000,16700,16400,6600
260.0,6.45,263800,1705571.0,6.44,6.43,6.42,6.41,6.4,6.39,6.37,6.36,6.35,6.31,6.45,6.46,6.47,6.48,6.49,6.5,6.51,6.52,6.53,6.54,28500,37500,35200,30500,16100,2600,800,13200,1000,53300,7400,6700,18900,10600,24200,173000,1000,16700,16400,6600
261.0,6.45,263800,1705571.0,6.44,6.43,6.42,6.41,6.4,6.39,6.37,6.36,6.35,6.31,6.45,6.46,6.47,6.48,6.49,6.5,6.51,6.52,6.53,6.54,28500,37500,35200,30500,16100,2600,800,13200,1000,53300,7400,6700,18900,10600,24200,173000,1000,16700,16400,6600
262.0,6.45,265900,1719116.0,6.44,6.43,6.42,6.41,6.4,6.39,6.37,6.36,6.35,6.31,6.45,6.46,6.47,6.48,6.49,6.5,6.51,6.52,6.53,6.54,28500,37500,35200,30500,16100,2600,800,13200,1000,53300,5300,6700,18900,10600,24200,173000,1000,16700,16400,6600
263.0,6.45,265900,1719116.0,6.44,6.43,6.42,6.41,6.4,6.39,6.37,6.36,6.35,6.31,6.45,6.46,6.47,6.48,6.49,6.5,6.51,6.52,6.53,6.54,29600,37500,35200,30500,16100,2600,800,13200,1000,53300,5300,6600,18900,10600,24200,173000,1000,16700,16400,6600
264.0,6.45,268700,1737176.0,6.44,6.43,6.42,6.41,6.4,6.39,6.37,6.36,6.35,6.31,6.45,6.46,6.47,6.48,6.49,6.5,6.51,6.52,6.53,6.54,31300,36400,35200,30500,16100,2600,800,13200,1000,53300,2500,6600,18900,10600,24200,173000,1000,16700,16400,6600
265.0,6.45,271200,1753301.0,6.45,6.44,6.43,6.42,6.41,6.4,6.39,6.37,6.36,6.35,6.46,6.47,6.48,6.49,6.5,6.51,6.52,6.53,6.54,6.55,2100,29900,36400,35200,30500,16100,2600,800,13200,1000,6600,18900,10600,24200,173000,1000,16700,16400,6600,15900
266.0,6.46,271800,1757177.0,6.45,6.44,6.43,6.42,6.41,6.4,6.39,6.37,6.36,6.35,6.46,6.47,6.48,6.49,6.5,6.51,6.52,6.53,6.54,6.55,7100,30700,36400,35200,30500,16100,2600,800,13200,1000,6000,18900,10600,24200,173000,1000,16700,16400,6600,15900
267.0,6.45,273000,1764918.0,6.45,6.44,6.43,6.42,6.41,6.4,6.39,6.37,6.36,6.35,6.46,6.47,6.48,6.49,6.5,6.51,6.52,6.53,6.54,6.55,8000,29700,36400,35200,30500,16100,2600,800,13200,1000,5900,18900,10600,24200,173000,1000,16700,16400,6600,15900
268.0,6.46,273500,1768148.0,6.45,6.44,6.43,6.42,6.41,6.4,6.39,6.37,6.36,6.35,6.46,6.47,6.48,6.49,6.5,6.51,6.52,6.53,6.54,6.55,8000,29700,36400,35200,30500,16100,2600,800,13200,1000,5400,18900,10600,24200,173000,1000,16700,16400,6600,15900
269.0,6.46,273500,1768148.0,6.45,6.44,6.43,6.42,6.41,6.4,6.39,6.37,6.36,6.35,6.46,6.47,6.48,6.49,6.5,6.51,6.52,6.53,6.54,6.55,8200,29700,36400,35200,30500,16100,2600,800,13200,1000,5400,18900,10600,24200,173000,1000,16700,16400,6600,15900
270.0,6.46,273500,1768148.0,6.45,6.44,6.43,6.42,6.41,6.4,6.39,6.37,6.36,6.35,6.46,6.47,6.48,6.49,6.5,6.51,6.52,6.53,6.54,6.55,8200,29700,36400,35200,30500,16100,2600,800,13200,1000,5400,18900,10600,24200,173000,1000,16700,16400,6600,15900
271.0,6.46,274000,1771378.0,6.45,6.44,6.43,6.42,6.41,6.4,6.39,6.37,6.36,6.35,6.46,6.47,6.48,6.49,6.5,6.51,6.52,6.53,6.54,6.55,8200,29700,36400,35200,30500,16100,2600,800,13200,1000,4900,18900,10600,24200,173000,1000,16700,16400,6600,15900
272.0,6.46,274000,1771378.0,6.45,6.44,6.43,6.42,6.41,6.4,6.39,6.37,6.36,6.35,6.46,6.47,6.48,6.49,6.5,6.51,6.52,6.53,6.54,6.55,8200,33800,36400,35200,30500,16100,2600,800,13200,1000,4900,18900,10600,24200,173000,1000,16700,16400,6600,15900
273.0,6.46,275300,1779776.0,6.45,6.44,6.43,6.42,6.41,6.4,6.39,6.37,6.36,6.35,6.46,6.47,6.48,6.49,6.5,6.51,6.52,6.53,6.54,6.55,8200,34200,36400,35200,30500,16100,2600,800,13200,1000,3600,18900,10600,24200,173000,1000,16700,16400,6600,15900
274.0,6.45,275900,1783646.0,6.45,6.44,6.43,6.42,6.41,6.4,6.39,6.37,6.36,6.35,6.46,6.47,6.48,6.49,6.5,6.51,6.52,6.53,6.54,6.55,7600,35300,36400,35200,30500,16100,2600,800,13200,1000,3600,18900,10600,24200,173000,1000,16700,16400,6600,15900
275.0,6.46,276200,1785584.0,6.45,6.44,6.43,6.42,6.41,6.4,6.39,6.37,6.36,6.35,6.46,6.47,6.48,6.49,6.5,6.51,6.52,6.53,6.54,6.55,7700,35300,36800,35200,30500,16100,2600,800,13200,1000,3300,18900,10600,24200,173000,1000,16700,16400,6600,15900
276.0,6.46,276200,1785584.0,6.45,6.44,6.43,6.42,6.41,6.4,6.39,6.37,6.36,6.35,6.46,6.47,6.48,6.49,6.5,6.51,6.52,6.53,6.54,6.55,7700,35300,36800,35200,30500,16100,2600,800,13200,1000,3300,18900,10600,24200,173000,1000,16700,16400,6600,15900
277.0,6.46,276200,1785584.0,6.45,6.44,6.43,6.42,6.41,6.4,6.39,6.37,6.36,6.35,6.46,6.47,6.48,6.49,6.5,6.51,6.52,6.53,6.54,6.55,7700,35300,36800,35200,30500,16100,2600,800,13200,1000,3300,18900,10600,24200,173000,1000,16700,16400,6600,15900
278.0,6.46,276700,1788814.0,6.45,6.44,6.43,6.42,6.41,6.4,6.39,6.37,6.36,6.35,6.46,6.47,6.48,6.49,6.5,6.51,6.52,6.53,6.54,6.55,7700,35300,36800,35200,30500,16100,2600,800,13200,1000,2800,18900,10600,24200,173000,1000,16700,16400,6600,15900
279.0,6.46,276700,1788814.0,6.45,6.44,6.43,6.42,6.41,6.4,6.39,6.37,6.36,6.35,6.46,6.47,6.48,6.49,6.5,6.51,6.52,6.53,6.54,6.55,7700,34600,36800,35200,30500,16100,2600,800,13200,1000,2800,18800,10600,24200,173000,1000,16700,16400,6600,15900
280.0,6.46,276700,1788814.0,6.45,6.44,6.43,6.42,6.41,6.4,6.39,6.37,6.36,6.35,6.46,6.47,6.48,6.49,6.5,6.51,6.52,6.53,6.54,6.55,7700,34600,36800,35200,30500,16100,2600,800,13200,1000,2800,18800,10600,24200,173000,1000,16700,16400,6600,15900
281.0,6.46,278000,1797208.0,6.45,6.44,6.43,6.42,6.41,6.4,6.39,6.37,6.36,6.35,6.46,6.47,6.48,6.49,6.5,6.51,6.52,6.53,6.54,6.55,7800,34600,36800,35200,30500,16100,2600,800,13200,1000,1900,18800,10600,24200,173000,1000,16700,16400,6600,15900
282.0,6.46,278100,1797854.0,6.45,6.44,6.43,6.42,6.41,6.4,6.39,6.37,6.36,6.35,6.46,6.47,6.48,6.49,6.5,6.51,6.52,6.53,6.54,6.55,11100,34600,36800,35200,30500,16100,2600,800,13200,1000,1800,18800,10600,24200,173000,1000,16700,16400,6600,15900
283.0,6.46,278100,1797854.0,6.45,6.44,6.43,6.42,6.41,6.4,6.39,6.37,6.36,6.35,6.46,6.47,6.48,6.49,6.5,6.51,6.52,6.53,6.54,6.55,21100,37700,36400,35200,30500,16100,2600,800,13200,1000,2300,18800,10600,24200,173000,1000,16700,16400,6600,15900
284.0,6.45,278700,1801724.0,6.45,6.44,6.43,6.42,6.41,6.4,6.39,6.37,6.36,6.35,6.46,6.47,6.48,6.49,6.5,6.51,6.52,6.53,6.54,6.55,20600,37700,36800,35200,30500,16100,2600,800,13200,1000,2300,18800,10600,24200,173000,1000,16700,16400,6600,15900
285.0,6.46,279300,1805600.0,6.45,6.44,6.43,6.42,6.41,6.4,6.39,6.37,6.36,6.35,6.46,6.47,6.48,6.49,6.5,6.51,6.52,6.53,6.54,6.55,41000,37700,36800,35200,30500,16100,2600,800,13200,1000,1700,18800,10600,24200,173000,1000,16700,16400,6600,15900
286.0,6.45,279600,1807535.0,6.45,6.44,6.43,6.42,6.41,6.4,6.39,6.37,6.36,6.35,6.46,6.47,6.48,6.49,6.5,6.51,6.52,6.53,6.54,6.55,40800,41700,36800,35200,30500,16100,2600,800,13200,1000,1700,18800,10600,24200,173000,1000,16700,16400,6600,15900
287.0,6.45,279600,1807535.0,6.45,6.44,6.43,6.42,6.41,6.4,6.39,6.37,6.36,6.35,6.46,6.47,6.48,6.49,6.5,6.51,6.52,6.53,6.54,6.55,40800,41000,36800,35200,30500,16100,2600,800,13200,1000,1900,18800,10600,24200,173000,1000,16700,16400,6600,15900
288.0,6.46,279800,1808827.0,6.45,6.44,6.43,6.42,6.41,6.4,6.39,6.37,6.36,6.35,6.46,6.47,6.48,6.49,6.5,6.51,6.52,6.53,6.54,6.55,40800,40600,36800,35200,30500,16100,2600,800,13200,1000,1700,18800,10600,24200,173000,1000,16700,16400,6600,15900
289.0,6.46,279800,1808827.0,6.45,6.44,6.43,6.42,6.41,6.4,6.39,6.37,6.36,6.35,6.46,6.47,6.48,6.49,6.5,6.51,6.52,6.53,6.54,6.55,40600,40600,36800,35200,30500,16100,2600,800,13200,1000,1700,18800,10600,24200,173000,1000,16700,16400,6600,15900
290.0,6.46,279800,1808827.0,6.45,6.44,6.43,6.42,6.41,6.4,6.39,6.37,6.36,6.35,6.46,6.47,6.48,6.49,6.5,6.51,6.52,6.53,6.54,6.55,40600,36600,36800,35200,30500,16100,2600,800,13200,1000,1700,18800,10600,24200,173000,1000,16700,16400,6600,15900
291.0,6.46,279900,1809473.0,6.45,6.44,6.43,6.42,6.41,6.4,6.39,6.37,6.36,6.35,6.46,6.47,6.48,6.49,6.5,6.51,6.52,6.53,6.54,6.55,40600,36600,36800,35200,30500,16100,2600,800,13200,1000,1600,18800,10600,24200,173000,1000,16700,16400,6600,15900
292.0,6.46,280000,1810119.0,6.45,6.44,6.43,6.42,6.41,6.4,6.39,6.37,6.36,6.35,6.46,6.47,6.48,6.49,6.5,6.51,6.52,6.53,6.54,6.55,40600,32600,36800,35200,30500,16100,2600,800,13200,1000,1500,18800,10600,24200,173000,1000,16700,16400,6600,15900
293.0,6.46,280000,1810119.0,6.45,6.44,6.43,6.42,6.41,6.4,6.39,6.37,6.36,6.35,6.46,6.47,6.48,6.49,6.5,6.51,6.52,6.53,6.54,6.55,40600,32600,36800,35200,30500,16100,2600,800,13200,1000,1500,18800,10600,24200,173000,1000,16700,16400,6600,15900
294.0,6.46,280000,1810119.0,6.45,6.44,6.43,6.42,6.41,6.4,6.39,6.37,6.36,6.35,6.46,6.47,6.48,6.49,6.5,6.51,6.52,6.53,6.54,6.55,40600,32600,36800,35200,30500,16100,2600,800,13200,1000,1500,18800,10600,24200,173000,1000,16700,16400,6600,15900
295.0,6.46,280200,1811411.0,6.45,6.44,6.43,6.42,6.41,6.4,6.39,6.37,6.36,6.35,6.46,6.47,6.48,6.49,6.5,6.51,6.52,6.53,6.54,6.55,40600,31500,36800,35200,30500,16100,2600,800,13200,1000,1300,18800,10600,24200,173000,1000,16700,16400,6600,15900
296.0,6.46,280200,1811411.0,6.45,6.44,6.43,6.42,6.41,6.4,6.39,6.37,6.36,6.35,6.46,6.47,6.48,6.49,6.5,6.51,6.52,6.53,6.54,6.55,30800,27500,36800,35200,30500,16100,2600,800,13200,1000,1300,18800,10600,24200,173000,1000,16700,16400,6600,15900
297.0,6.47,284800,1841160.0,6.45,6.44,6.43,6.42,6.41,6.4,6.39,6.37,6.36,6.35,6.47,6.48,6.49,6.5,6.51,6.52,6.53,6.54,6.55,6.56,30400,27500,36800,35200,30500,16100,2600,800,13200,1000,15500,10600,24200,173000,1000,16700,16400,6600,15900,15500
298.0,6.47,284800,1841160.0,6.45,6.44,6.43,6.42,6.41,6.4,6.39,6.37,6.36,6.35,6.47,6.48,6.49,6.5,6.51,6.52,6.53,6.54,6.55,6.56,30800,23500,36800,35200,30500,16100,2600,800,13200,1000,15900,10600,24200,173000,1000,16700,16400,6600,15900,15500
299.0,6.47,286300,1850865.0,6.45,6.44,6.43,6.42,6.41,6.4,6.39,6.37,6.36,6.35,6.47,6.48,6.49,6.5,6.51,6.52,6.53,6.54,6.55,6.56,30800,23500,36800,35200,30500,16100,2600,800,13200,1000,14400,10600,24200,173000,1000,16700,16400,6600,15900,15500
300.0,6.47,286700,1853453.0,6.45,6.44,6.43,6.42,6.41,6.4,6.39,6.37,6.36,6.35,6.47,6.48,6.49,6.5,6.51,6.52,6.53,6.54,6.55,6.56,34900,23500,36800,35200,30500,16100,2600,800,13200,1000,14100,10600,24200,173000,1000,16700,16400,6600,15900,15500
301.0,6.47,286700,1853453.0,6.45,6.44,6.43,6.42,6.41,6.4,6.39,6.37,6.36,6.35,6.47,6.48,6.49,6.5,6.51,6.52,6.53,6.54,6.55,6.56,35300,23500,36800,35200,30500,16100,2600,800,13200,1000,14500,10600,24200,173000,1000,16700,16400,6600,15900,15500
302.0,6.46,288200,1863157.0,6.45,6.44,6.43,6.42,6.41,6.4,6.39,6.37,6.36,6.35,6.46,6.47,6.48,6.49,6.5,6.51,6.52,6.53,6.54,6.55,35400,19500,36800,35200,30500,16100,2600,800,13200,1000,100,13100,10600,24200,173000,1000,16700,16400,6600,15900
303.0,6.46,288300,1863803.0,6.46,6.45,6.44,6.43,6.42,6.41,6.4,6.39,6.37,6.36,6.47,6.48,6.49,6.5,6.51,6.52,6.53,6.54,6.55,6.56,200,36500,17800,36800,35200,30500,16100,2600,800,13200,13100,10600,24200,173000,1000,16700,16400,6600,15900,15500
304.0,6.45,292800,1892830.0,6.45,6.44,6.43,6.42,6.41,6.4,6.39,6.37,6.36,6.35,6.46,6.47,6.48,6.49,6.5,6.51,6.52,6.53,6.54,6.55,32200,10500,36800,35200,30500,16100,2600,800,13200,1000,10300,13100,10600,24200,173000,1000,16700,16400,6600,15900
305.0,6.45,294200,1901870.0,6.45,6.44,6.43,6.42,6.41,6.4,6.39,6.37,6.36,6.35,6.46,6.47,6.48,6.49,6.5,6.51,6.52,6.53,6.54,6.55,31800,10800,36800,35200,30500,16100,2600,800,13200,1000,9300,13100,10600,24200,173000,1000,16700,16400,6600,15900
306.0,6.46,294300,1902516.0,6.45,6.44,6.43,6.42,6.41,6.4,6.39,6.37,6.36,6.35,6.46,6.47,6.48,6.49,6.5,6.51,6.52,6.53,6.54,6.55,33300,6500,36800,35200,30500,16100,2600,800,13200,1000,9200,13100,10600,24200,173000,1000,16700,16400,6600,15900
307.0,6.46,294300,1902516.0,6.45,6.44,6.43,6.42,6.41,6.4,6.39,6.37,6.36,6.35,6.46,6.47,6.48,6.49,6.5,6.51,6.52,6.53,6.54,6.55,33300,6500,36800,35200,30500,16100,2600,800,13200,1000,9200,13100,10600,24200,173000,1000,16700,16400,6600,15900
308.0,6.46,294300,1902516.0,6.45,6.44,6.43,6.42,6.41,6.4,6.39,6.37,6.36,6.35,6.46,6.47,6.48,6.49,6.5,6.51,6.52,6.53,6.54,6.55,33300,6500,36800,35200,30500,16100,2600,800,13200,1000,11100,13100,10600,24200,173000,1000,16700,16400,6600,15900
309.0,6.46,297600,1923834.0,6.45,6.44,6.43,6.42,6.41,6.4,6.39,6.37,6.36,6.35,6.46,6.47,6.48,6.49,6.5,6.51,6.52,6.53,6.54,6.55,33300,6500,36800,35200,30500,16100,2600,800,13200,1000,7800,13100,10600,24200,173000,1000,16700,16400,6600,15900
310.0,6.45,302700,1956730.0,6.45,6.44,6.43,6.42,6.41,6.4,6.39,6.37,6.36,6.35,6.46,6.47,6.48,6.49,6.5,6.51,6.52,6.53,6.54,6.55,28300,6500,36800,35200,31200,16100,2600,800,13200,1000,7200,13100,10600,24200,173000,1000,16700,16400,6600,15900
311.0,6.45,307700,1988987.0,6.45,6.44,6.43,6.42,6.41,6.4,6.39,6.37,6.36,6.35,6.46,6.47,6.48,6.49,6.5,6.51,6.52,6.53,6.54,6.55,24000,6500,35600,35200,31200,16100,2600,800,13200,1000,6900,13100,10600,24200,173000,1000,16700,16400,6600,15900
312.0,6.45,313600,2027048.0,6.45,6.44,6.43,6.42,6.41,6.4,6.39,6.37,6.36,6.35,6.46,6.47,6.48,6.49,6.5,6.51,6.52,6.53,6.54,6.55,18800,6500,35600,35200,31200,16100,2600,800,13200,1000,6300,13100,10600,24200,173000,1000,16700,16400,6600,15900
313.0,6.45,314300,2031563.0,6.45,6.44,6.43,6.42,6.41,6.4,6.39,6.37,6.36,6.35,6.46,6.47,6.48,6.49,6.5,6.51,6.52,6.53,6.54,6.55,18100,6500,35600,35200,31200,16100,2600,800,13200,1000,6300,13100,10600,24200,173000,1000,16700,16400,6600,15900
314.0,6.45,325800,2105738.0,6.45,6.44,6.43,6.42,6.41,6.4,6.39,6.37,6.36,6.35,6.46,6.47,6.48,6.49,6.5,6.51,6.52,6.53,6.54,6.55,10600,4100,35600,35200,31200,16100,2600,800,13200,1000,6300,13100,10400,24200,173000,1000,16700,16400,6600,15900
315.0,6.46,326400,2109614.0,6.45,6.44,6.43,6.42,6.41,6.4,6.39,6.37,6.36,6.35,6.46,6.47,6.48,6.49,6.5,6.51,6.52,6.53,6.54,6.55,10600,3500,35600,35200,31200,16100,2600,800,13200,1000,5700,13100,10400,24200,173000,1000,16700,16400,6600,15900
316.0,6.45,327200,2114774.0,6.45,6.44,6.43,6.42,6.41,6.4,6.39,6.37,6.36,6.35,6.46,6.47,6.48,6.49,6.5,6.51,6.52,6.53,6.54,6.55,11000,5000,35600,35200,31200,16100,2600,800,13200,1000,5800,13100,10400,24200,173000,1000,16700,16400,6600,15900
317.0,6.45,332600,2149604.0,6.45,6.44,6.43,6.42,6.41,6.4,6.39,6.37,6.36,6.35,6.46,6.47,6.48,6.49,6.5,6.51,6.52,6.53,6.54,6.55,5600,4200,35700,35200,31200,16100,2600,800,13200,1000,5800,13100,10400,24200,173000,1000,16700,16400,6600,15900
318.0,6.46,333100,2152834.0,6.45,6.44,6.43,6.42,6.41,6.4,6.39,6.37,6.36,6.35,6.46,6.47,6.48,6.49,6.5,6.51,6.52,6.53,6.54,6.55,5600,4200,35700,35200,31200,16100,2600,800,13200,1000,5300,13100,10400,24200,173000,1000,16700,16400,6600,15900
319.0,6.46,333600,2156064.0,6.45,6.44,6.43,6.42,6.41,6.4,6.39,6.37,6.36,6.35,6.46,6.47,6.48,6.49,6.5,6.51,6.52,6.53,6.54,6.55,5600,4200,35700,35200,31200,16100,2600,800,13200,1000,4800,13100,10400,24200,173000,1000,16700,16400,6600,15900
320.0,6.46,334500,2161878.0,6.45,6.44,6.43,6.42,6.41,6.4,6.39,6.37,6.36,6.35,6.46,6.47,6.48,6.49,6.5,6.51,6.52,6.53,6.54,6.55,5600,4300,36300,35200,31200,16100,2600,800,13200,1000,3900,13100,10400,24200,173000,1000,16700,16400,6600,15900
321.0,6.46,334500,2161878.0,6.45,6.44,6.43,6.42,6.41,6.4,6.39,6.37,6.36,6.35,6.46,6.47,6.48,6.49,6.5,6.51,6.52,6.53,6.54,6.55,5600,4300,36400,35200,31200,16100,2600,800,13200,1000,3900,13100,10400,24200,178000,1000,16700,16400,6600,15900
322.0,6.46,334500,2161878.0,6.45,6.44,6.43,6.42,6.41,6.4,6.39,6.37,6.36,6.35,6.46,6.47,6.48,6.49,6.5,6.51,6.52,6.53,6.54,6.55,5600,4300,36400,35200,31200,16100,2600,800,13200,1000,3900,13100,10400,24200,178000,1000,16700,16400,6600,15900
323.0,6.45,334600,2162523.0,6.45,6.44,6.43,6.42,6.41,6.4,6.39,6.37,6.36,6.35,6.46,6.47,6.48,6.49,6.5,6.51,6.52,6.53,6.54,6.55,5500,5600,36400,35200,31200,16100,2600,800,13200,1000,3900,13100,10400,24200,178000,1000,16700,16400,6600,15900
324.0,6.45,334600,2162523.0,6.45,6.44,6.43,6.42,6.41,6.4,6.39,6.37,6.36,6.35,6.46,6.47,6.48,6.49,6.5,6.51,6.52,6.53,6.54,6.55,5500,5600,36400,35200,31200,16100,2600,800,13200,1000,3900,13100,10400,24200,178000,1000,16700,16400,6600,15900
325.0,6.46,334900,2164461.0,6.45,6.44,6.43,6.42,6.41,6.4,6.39,6.37,6.36,6.35,6.46,6.47,6.48,6.49,6.5,6.51,6.52,6.53,6.54,6.55,5500,5600,36400,35200,31200,16100,2600,800,13200,1000,3600,13100,10400,24200,178000,1000,16700,16400,6600,15900
326.0,6.46,335200,2166399.0,6.45,6.44,6.43,6.42,6.41,6.4,6.39,6.37,6.36,6.35,6.46,6.47,6.48,6.49,6.5,6.51,6.52,6.53,6.54,6.55,5500,25600,36800,35200,31200,16100,2600,800,13200,1000,3300,13100,10400,24200,178000,1000,16700,16400,6600,15900
327.0,6.46,335200,2166399.0,6.45,6.44,6.43,6.42,6.41,6.4,6.39,6.37,6.36,6.35,6.46,6.47,6.48,6.49,6.5,6.51,6.52,6.53,6.54,6.55,5500,25600,36800,35200,31200,16100,2600,800,13200,1000,3300,13100,10400,24200,178000,1000,16700,16400,6600,15900
328.0,6.46,335200,2166399.0,6.45,6.44,6.43,6.42,6.41,6.4,6.39,6.37,6.36,6.35,6.46,6.47,6.48,6.49,6.5,6.51,6.52,6.53,6.54,6.55,5500,29600,36800,35200,31200,16100,2600,800,13200,1000,3300,13100,10400,24200,178000,1000,16700,16400,6600,15900
329.0,6.45,335500,2168334.0,6.45,6.44,6.43,6.42,6.41,6.4,6.39,6.37,6.36,6.35,6.46,6.47,6.48,6.49,6.5,6.51,6.52,6.53,6.54,6.55,5800,29600,36700,35200,31200,16100,2600,800,13200,1000,3300,13100,10400,24200,178000,1000,16700,16400,6600,15900
330.0,6.45,335500,2168334.0,6.45,6.44,6.43,6.42,6.41,6.4,6.39,6.37,6.36,6.35,6.46,6.47,6.48,6.49,6.5,6.51,6.52,6.53,6.54,6.55,7000,29700,36700,35200,31200,16100,2600,800,13200,1000,3300,13100,10400,24200,178000,1000,16700,16400,6600,15900
331.0,6.45,337500,2181237.0,6.45,6.44,6.43,6.42,6.41,6.4,6.39,6.37,6.36,6.35,6.46,6.47,6.48,6.49,6.5,6.51,6.52,6.53,6.54,6.55,5300,29700,36700,35200,31200,16100,2600,800,13200,1000,3000,13100,10400,24200,178000,1000,16700,16400,6600,15900
332.0,6.46,338100,2185113.0,6.45,6.44,6.43,6.42,6.41,6.4,6.39,6.37,6.36,6.35,6.46,6.47,6.48,6.49,6.5,6.51,6.52,6.53,6.54,6.55,5300,29700,36700,35200,31200,16100,2600,800,13200,1000,2400,13100,10400,24200,178000,1000,16700,16400,6600,15900
333.0,6.46,338300,2186405.0,6.45,6.44,6.43,6.42,6.41,6.4,6.39,6.37,6.36,6.35,6.46,6.47,6.48,6.49,6.5,6.51,6.52,6.53,6.54,6.55,5300,29700,36700,35200,31200,16100,2600,800,13200,1000,2200,13100,10400,24200,178000,1000,16700,16400,6600,15900
334.0,6.45,338800,2189630.0,6.45,6.44,6.43,6.42,6.41,6.4,6.39,6.37,6.36,6.35,6.46,6.47,6.48,6.49,6.5,6.51,6.52,6.53,6.54,6.55,4800,29700,36700,35200,31200,16100,2600,800,13200,1000,2200,13100,10400,24200,178000,1000,16700,16400,6600,15900
335.0,6.45,338800,2189630.0,6.45,6.44,6.43,6.42,6.41,6.4,6.39,6.37,6.36,6.35,6.46,6.47,6.48,6.49,6.5,6.51,6.52,6.53,6.54,6.55,4800,29700,36700,35200,31200,16100,2600,800,13200,1000,2200,13100,10400,24200,178000,1000,16700,16400,6600,15900
336.0,6.45,338800,2189630.0,6.45,6.44,6.43,6.42,6.41,6.4,6.39,6.37,6.36,6.35,6.46,6.47,6.48,6.49,6.5,6.51,6.52,6.53,6.54,6.55,4800,29700,36700,35200,31200,16100,2600,800,13200,1000,2200,13100,10400,24200,178000,1000,16700,16400,6600,15900
337.0,6.45,338800,2189630.0,6.45,6.44,6.43,6.42,6.41,6.4,6.39,6.37,6.36,6.35,6.46,6.47,6.48,6.49,6.5,6.51,6.52,6.53,6.54,6.55,5900,29700,36600,35200,31200,16100,2600,800,13200,1000,2200,13100,10400,24200,178000,1000,16700,16400,6600,15900
338.0,6.45,338800,2189630.0,6.45,6.44,6.43,6.42,6.41,6.4,6.39,6.37,6.36,6.35,6.46,6.47,6.48,6.49,6.5,6.51,6.52,6.53,6.54,6.55,5900,29700,36600,35200,31200,16100,2600,800,13200,1000,2200,13100,10400,24200,178000,1000,16700,16400,6600,15900
339.0,6.45,338800,2189630.0,6.45,6.44,6.43,6.42,6.41,6.4,6.39,6.37,6.36,6.35,6.46,6.47,6.48,6.49,6.5,6.51,6.52,6.53,6.54,6.55,5900,29700,36600,35200,31200,16100,2600,800,13200,1000,2200,13100,10400,24200,178000,1000,16700,16400,6600,15900
340.0,6.45,345200,2230916.0,6.45,6.44,6.43,6.42,6.41,6.4,6.39,6.37,6.36,6.35,6.46,6.47,6.48,6.49,6.5,6.51,6.52,6.53,6.54,6.55,100,29700,36600,35200,31200,16100,2600,800,13200,1000,1600,13100,10400,24200,178000,1000,16700,16400,6600,15900
341.0,6.46,345300,2231562.0,6.45,6.44,6.43,6.42,6.41,6.4,6.39,6.37,6.36,6.35,6.46,6.47,6.48,6.49,6.5,6.51,6.52,6.53,6.54,6.55,100,28200,36600,35200,31200,16100,2600,800,13200,1000,1500,13100,10400,24200,178000,1000,16700,16400,6600,15900
342.0,6.46,345300,2231562.0,6.45,6.44,6.43,6.42,6.41,6.4,6.39,6.37,6.36,6.35,6.46,6.47,6.48,6.49,6.5,6.51,6.52,6.53,6.54,6.55,4100,28200,36600,35200,31200,16100,2600,800,13200,1000,1900,13100,10400,24200,178000,1000,16700,16400,6600,15900
343.0,6.46,345600,2233500.0,6.45,6.44,6.43,6.42,6.41,6.4,6.39,6.37,6.36,6.35,6.46,6.47,6.48,6.49,6.5,6.51,6.52,6.53,6.54,6.55,5200,28200,36600,35200,30700,16100,2600,800,13200,1000,1600,13100,10400,24200,178000,1000,16700,16400,6600,15900
344.0,6.45,346300,2238015.0,6.45,6.44,6.43,6.42,6.41,6.4,6.39,6.37,6.36,6.35,6.46,6.47,6.48,6.49,6.5,6.51,6.52,6.53,6.54,6.55,4500,27100,37500,35200,30700,16100,2600,800,13200,1000,1600,13100,10400,24200,178000,1000,16700,16400,6600,15900
345.0,6.45,346300,2238015.0,6.45,6.44,6.43,6.42,6.41,6.4,6.39,6.37,6.36,6.35,6.46,6.47,6.48,6.49,6.5,6.51,6.52,6.53,6.54,6.55,4500,27100,37600,35200,30700,16100,2600,800,13200,1000,1600,13100,20400,24200,178000,1000,16700,16400,6600,15900
346.0,6.45,346300,2238015.0,6.45,6.44,6.43,6.42,6.41,6.4,6.39,6.37,6.36,6.35,6.46,6.47,6.48,6.49,6.5,6.51,6.52,6.53,6.54,6.55,4500,27100,37600,35200,30700,16100,2600,800,13200,1000,1600,13100,20400,24200,178000,1000,16700,16400,6600,15900
347.0,6.45,346400,2238660.0,6.45,6.44,6.43,6.42,6.41,6.4,6.39,6.37,6.36,6.35,6.46,6.47,6.48,6.49,6.5,6.51,6.52,6.53,6.54,6.55,4400,27100,37600,35200,30700,16100,2600,800,13200,1000,1600,13100,20400,24200,178000,1000,16700,16400,6600,15900
348.0,6.46,346500,2239306.0,6.45,6.44,6.43,6.42,6.41,6.4,6.39,6.37,6.36,6.35,6.46,6.47,6.48,6.49,6.5,6.51,6.52,6.53,6.54,6.55,4400,27100,37600,35200,30700,16100,2600,800,13200,1000,1500,13100,20400,24200,178000,1000,16700,16400,6600,15900
349.0,6.46,346500,2239306.0,6.45,6.44,6.43,6.42,6.41,6.4,6.39,6.37,6.36,6.35,6.46,6.47,6.48,6.49,6.5,6.51,6.52,6.53,6.54,6.55,4400,23100,37600,35200,30700,16100,2600,800,13200,1000,1500,13100,20400,24200,178000,1000,16700,16400,6600,15900
350.0,6.45,346900,2241886.0,6.45,6.44,6.43,6.42,6.41,6.4,6.39,6.37,6.36,6.35,6.46,6.47,6.48,6.49,6.5,6.51,6.52,6.53,6.54,6.55,4000,23100,37600,35200,30700,16100,2600,800,13200,1000,1500,13100,20400,24200,178000,1000,16700,16400,6600,15900
351.0,6.45,346900,2241886.0,6.45,6.44,6.43,6.42,6.41,6.4,6.39,6.37,6.36,6.35,6.46,6.47,6.48,6.49,6.5,6.51,6.52,6.53,6.54,6.55,4000,23100,37600,35200,30700,16100,2600,800,13200,1000,1500,13100,20400,24200,178000,1000,16700,16400,6600,15900
352.0,6.45,346900,2241886.0,6.45,6.44,6.43,6.42,6.41,6.4,6.39,6.37,6.36,6.35,6.46,6.47,6.48,6.49,6.5,6.51,6.52,6.53,6.54,6.55,4000,23100,37600,35200,30700,16100,2600,800,13200,1000,1500,13100,20400,24200,178000,1000,16700,16400,6600,15900
353.0,6.46,347000,2242532.0,6.45,6.44,6.43,6.42,6.41,6.4,6.39,6.37,6.36,6.35,6.46,6.47,6.48,6.49,6.5,6.51,6.52,6.53,6.54,6.55,4500,23100,37600,35200,30700,16100,2600,800,13200,1000,1400,13100,20400,24200,178000,1000,16700,16400,6600,15900
354.0,6.45,351500,2271557.0,6.44,6.43,6.42,6.41,6.4,6.39,6.37,6.36,6.35,6.31,6.45,6.46,6.47,6.48,6.49,6.5,6.51,6.52,6.53,6.54,23100,37000,35200,31200,16100,2600,800,13200,1000,53300,900,1400,13100,20400,24200,178000,1000,16700,16400,6600
355.0,6.44,352200,2276066.0,6.44,6.43,6.42,6.41,6.4,6.39,6.37,6.36,6.35,6.31,6.45,6.46,6.47,6.48,6.49,6.5,6.51,6.52,6.53,6.54,22500,37700,35200,31200,16100,2600,800,13200,1000,53300,800,1400,13100,20400,24200,178000,1000,16700,16400,6600
356.0,6.44,352200,2276066.0,6.44,6.43,6.42,6.41,6.4,6.39,6.37,6.36,6.35,6.31,6.45,6.46,6.47,6.48,6.49,6.5,6.51,6.52,6.53,6.54,26600,37700,35200,31200,16100,2600,800,13200,1000,53300,10000,1400,23100,20400,24200,178000,1000,16700,16400,6600
357.0,6.44,353700,2285726.0,6.44,6.43,6.42,6.41,6.4,6.39,6.37,6.36,6.35,6.31,6.45,6.46,6.47,6.48,6.49,6.5,6.51,6.52,6.53,6.54,25100,37700,35200,31200,16100,2600,800,13200,1000,53300,10000,1400,23100,20400,24200,178000,1000,16700,16400,6600
358.0,6.44,353700,2285726.0,6.44,6.43,6.42,6.41,6.4,6.39,6.37,6.36,6.35,6.31,6.45,6.46,6.47,6.48,6.49,6.5,6.51,6.52,6.53,6.54,26000,37700,35200,31200,16100,2600,800,13200,1000,53300,10000,1400,23100,20400,24200,178000,1000,16700,16400,6600
359.0,6.44,353700,2285726.0,6.44,6.43,6.42,6.41,6.4,6.39,6.37,6.36,6.35,6.31,6.45,6.46,6.47,6.48,6.49,6.5,6.51,6.52,6.53,6.54,26000,38100,35200,31200,16100,2600,800,13200,1000,53300,11700,1400,23100,20400,24200,178000,1000,16700,16400,6600
360.0,6.44,355900,2299894.0,6.44,6.43,6.42,6.41,6.4,6.39,6.37,6.36,6.35,6.31,6.45,6.46,6.47,6.48,6.49,6.5,6.51,6.52,6.53,6.54,23800,38100,35200,31200,16100,2600,800,13200,1000,53300,11700,1400,23100,20400,24200,178000,1000,16700,16400,6600
361.0,6.44,355900,2299894.0,6.44,6.43,6.42,6.41,6.4,6.39,6.37,6.36,6.35,6.31,6.45,6.46,6.47,6.48,6.49,6.5,6.51,6.52,6.53,6.54,23800,38100,35200,31200,16100,2600,800,13200,1000,53300,14200,1400,23100,20400,24200,178000,1000,16700,16400,6600
362.0,6.44,355900,2299894.0,6.44,6.43,6.42,6.41,6.4,6.39,6.37,6.36,6.35,6.31,6.45,6.46,6.47,6.48,6.49,6.5,6.51,6.52,6.53,6.54,23800,38100,35200,31200,16100,2600,800,13200,1000,53300,14200,1400,23100,20400,24200,178000,1000,16700,16400,6600
363.0,6.44,355900,2299894.0,6.44,6.43,6.42,6.41,6.4,6.39,6.37,6.36,6.35,6.31,6.45,6.46,6.47,6.48,6.49,6.5,6.51,6.52,6.53,6.54,25000,38100,35200,31200,16100,2600,800,13200,1000,53300,14200,1400,23100,20400,24200,178000,1000,16700,16400,6600
364.0,6.45,357300,2308924.0,6.44,6.43,6.42,6.41,6.4,6.39,6.37,6.36,6.35,6.31,6.45,6.46,6.47,6.48,6.49,6.5,6.51,6.52,6.53,6.54,25000,38100,35200,31200,16100,2600,800,13200,1000,53300,12800,1400,23100,20400,24200,178000,1000,16700,16400,6600
365.0,6.44,361600,2336616.0,6.44,6.43,6.42,6.41,6.4,6.39,6.37,6.36,6.35,6.31,6.45,6.46,6.47,6.48,6.49,6.5,6.51,6.52,6.53,6.54,20700,38500,35200,31200,16100,2600,800,13200,1000,53300,15700,1400,23100,20400,24200,178000,1000,16700,16400,6600
366.0,6.44,365100,2359156.0,6.44,6.43,6.42,6.41,6.4,6.39,6.37,6.36,6.35,6.31,6.45,6.46,6.47,6.48,6.49,6.5,6.51,6.52,6.53,6.54,17200,38500,35200,31200,16100,2600,800,13200,1000,53300,15700,1400,23100,20400,24200,178000,1000,16700,16400,6600
367.0,6.44,372500,2406843.0,6.44,6.43,6.42,6.41,6.4,6.39,6.37,6.36,6.35,6.31,6.45,6.46,6.47,6.48,6.49,6.5,6.51,6.52,6.53,6.54,12900,38500,35200,31200,16100,2600,800,13200,1000,53300,12600,1400,23100,20400,24200,178000,1000,16700,16400,6600
368.0,6.44,372500,2406843.0,6.44,6.43,6.42,6.41,6.4,6.39,6.37,6.36,6.35,6.31,6.45,6.46,6.47,6.48,6.49,6.5,6.51,6.52,6.53,6.54,12900,38500,35200,31200,16100,2600,800,13200,1000,53300,12600,1400,23100,20400,24200,178000,1000,16700,16400,6600
369.0,6.43,388700,2511138.0,6.43,6.42,6.41,6.4,6.39,6.37,6.36,6.35,6.31,6.3,6.44,6.45,6.46,6.47,6.48,6.49,6.5,6.51,6.52,6.53,35200,35200,31200,16100,2600,800,13200,1000,53300,300,2900,12600,1400,23100,20400,24200,178000,1000,16700,16400
370.0,6.44,394200,2546543.0,6.43,6.42,6.41,6.4,6.39,6.37,6.36,6.35,6.31,6.3,6.44,6.45,6.46,6.47,6.48,6.49,6.5,6.51,6.52,6.53,33700,35200,31200,16100,2600,800,13200,1000,53300,300,1100,12600,1400,23100,20400,24200,178000,1000,16700,16400
371.0,6.43,394400,2547830.0,6.43,6.42,6.41,6.4,6.39,6.37,6.36,6.35,6.31,6.3,6.44,6.45,6.46,6.47,6.48,6.49,6.5,6.51,6.52,6.53,33600,35200,31200,16100,2600,800,13200,1000,53300,300,1900,12600,1400,23100,20400,24200,178000,1000,16700,16400
372.0,6.43,395200,2552974.0,6.43,6.42,6.41,6.4,6.39,6.37,6.36,6.35,6.31,6.3,6.44,6.45,6.46,6.47,6.48,6.49,6.5,6.51,6.52,6.53,32800,35200,31200,16100,2600,800,13200,4500,53300,300,1900,12600,1400,23100,20400,24200,178000,4500,16700,16400
373.0,6.43,395200,2552974.0,6.43,6.42,6.41,6.4,6.39,6.37,6.36,6.35,6.31,6.3,6.44,6.45,6.46,6.47,6.48,6.49,6.5,6.51,6.52,6.53,32800,35200,31200,16100,2600,800,13200,4500,53300,300,1900,12600,1400,23100,20400,24200,178000,4500,16700,16400
374.0,6.44,397000,2564551.0,6.43,6.42,6.41,6.4,6.39,6.37,6.36,6.35,6.31,6.3,6.44,6.45,6.46,6.47,6.48,6.49,6.5,6.51,6.52,6.53,39200,35600,31200,16100,2600,800,13200,4500,53300,300,1600,12600,1400,23100,20400,24200,178000,4500,16700,16400
375.0,6.44,397000,2564551.0,6.43,6.42,6.41,6.4,6.39,6.37,6.36,6.35,6.31,6.3,6.44,6.45,6.46,6.47,6.48,6.49,6.5,6.51,6.52,6.53,39200,35600,31200,16100,2600,800,13200,4500,53300,300,1600,12600,1400,23100,20400,24200,178000,4500,16700,16400
376.0,6.44,397000,2564551.0,6.43,6.42,6.41,6.4,6.39,6.37,6.36,6.35,6.31,6.3,6.44,6.45,6.46,6.47,6.48,6.49,6.5,6.51,6.52,6.53,39200,35600,31200,16100,2600,800,13200,4500,53300,300,1600,12700,1400,23100,20400,24200,178000,4500,16700,16400
377.0,6.43,398500,2574196.0,6.43,6.42,6.41,6.4,6.39,6.37,6.36,6.35,6.31,6.3,6.44,6.45,6.46,6.47,6.48,6.49,6.5,6.51,6.52,6.53,37700,36000,31200,16100,2600,800,13200,4500,53300,300,1600,12700,1400,23100,20400,24200,178000,4500,16700,16400
378.0,6.44,398800,2576128.0,6.43,6.42,6.41,6.4,6.39,6.37,6.36,6.35,6.31,6.3,6.44,6.45,6.46,6.47,6.48,6.49,6.5,6.51,6.52,6.53,37700,36000,31200,16100,2600,800,13200,4500,53300,300,1300,13600,1400,23100,20400,24200,178000,4500,16700,16400
379.0,6.44,398900,2576772.0,6.43,6.42,6.41,6.4,6.39,6.37,6.36,6.35,6.31,6.3,6.44,6.45,6.46,6.47,6.48,6.49,6.5,6.51,6.52,6.53,38900,36000,31200,16100,2600,800,13200,4500,53300,300,1200,13600,1400,23100,20400,24200,178000,4500,16700,16400
380.0,6.44,398900,2576772.0,6.43,6.42,6.41,6.4,6.39,6.37,6.36,6.35,6.31,6.3,6.44,6.45,6.46,6.47,6.48,6.49,6.5,6.51,6.52,6.53,40200,36000,31200,16100,2600,800,13200,4500,53300,300,1200,13600,1400,23100,20400,24200,178000,4500,16700,16400
381.0,6.43,400400,2586417.0,6.43,6.42,6.41,6.4,6.39,6.37,6.36,6.35,6.31,6.3,6.44,6.45,6.46,6.47,6.48,6.49,6.5,6.51,6.52,6.53,38700,36000,31200,16100,2600,800,13200,4500,53300,300,1200,13600,1400,23100,20400,24200,178000,4500,16700,16400
382.0,6.43,400400,2586417.0,6.43,6.42,6.41,6.4,6.39,6.37,6.36,6.35,6.31,6.3,6.44,6.45,6.46,6.47,6.48,6.49,6.5,6.51,6.52,6.53,38700,36000,31200,16100,2600,800,13200,4500,53300,300,1200,13600,1400,23100,20400,24200,178000,4500,16700,16400
383.0,6.43,400400,2586417.0,6.43,6.42,6.41,6.4,6.39,6.37,6.36,6.35,6.31,6.3,6.44,6.45,6.46,6.47,6.48,6.49,6.5,6.51,6.52,6.53,39900,36000,31200,16100,2600,800,13200,4500,53300,300,1200,13600,1400,23100,20400,24200,178000,4500,16700,16400
384.0,6.43,401900,2596062.0,6.43,6.42,6.41,6.4,6.39,6.37,6.36,6.35,6.31,6.3,6.44,6.45,6.46,6.47,6.48,6.49,6.5,6.51,6.52,6.53,42400,36000,31200,16100,2600,800,13200,4500,53300,300,1200,13600,1400,23100,20400,24200,178000,4500,16700,16400
385.0,6.43,401900,2596062.0,6.43,6.42,6.41,6.4,6.39,6.37,6.36,6.35,6.31,6.3,6.44,6.45,6.46,6.47,6.48,6.49,6.5,6.51,6.52,6.53,42400,36000,31200,16100,2600,800,13200,4500,53300,300,1200,13600,1400,23100,20400,24200,178000,4500,16700,16400
386.0,6.43,401900,2596062.0,6.43,6.42,6.41,6.4,6.39,6.37,6.36,6.35,6.31,6.3,6.44,6.45,6.46,6.47,6.48,6.49,6.5,6.51,6.52,6.53,42400,36000,31200,16100,2600,800,13200,4500,53300,300,1200,13600,1400,23100,20400,24200,178000,4500,16700,16400
387.0,6.44,402000,2596706.0,6.43,6.42,6.41,6.4,6.39,6.37,6.36,6.35,6.31,6.3,6.44,6.45,6.46,6.47,6.48,6.49,6.5,6.51,6.52,6.53,42400,36000,31200,16100,2600,800,13200,4500,53300,300,1100,13600,21400,23100,20400,24200,178000,4500,16700,16400
388.0,6.43,403500,2606351.0,6.43,6.42,6.41,6.4,6.39,6.37,6.36,6.35,6.31,6.3,6.44,6.45,6.46,6.47,6.48,6.49,6.5,6.51,6.52,6.53,40900,36000,31200,16100,2600,800,13200,4500,53300,300,1100,13600,21400,23100,20400,24200,178000,4500,16700,16400
389.0,6.43,403500,2606351.0,6.43,6.42,6.41,6.4,6.39,6.37,6.36,6.35,6.31,6.3,6.44,6.45,6.46,6.47,6.48,6.49,6.5,6.51,6.52,6.53,40900,36000,31200,16100,2600,800,13200,4500,53300,300,1100,13600,21400,23100,20400,24200,178000,4500,16700,16400
390.0,6.44,403700,2607639.0,6.43,6.42,6.41,6.4,6.39,6.37,6.36,6.35,6.31,6.3,6.44,6.45,6.46,6.47,6.48,6.49,6.5,6.51,6.52,6.53,40900,36000,31200,16100,3100,800,13200,4500,53300,300,900,13600,21400,23100,20400,24200,178000,4500,16700,16400
391.0,6.44,403900,2608927.0,6.43,6.42,6.41,6.4,6.39,6.37,6.36,6.35,6.31,6.3,6.44,6.45,6.46,6.47,6.48,6.49,6.5,6.51,6.52,6.53,40900,36000,31200,16100,3100,800,13200,4500,53300,300,1100,13600,21400,23100,20400,24200,178000,4500,16700,16400
392.0,6.44,403900,2608927.0,6.43,6.42,6.41,6.4,6.39,6.37,6.36,6.35,6.31,6.3,6.44,6.45,6.46,6.47,6.48,6.49,6.5,6.51,6.52,6.53,41200,36000,31200,16100,3100,800,13200,4500,53300,300,1100,13600,21400,23100,20400,24200,178000,4500,16700,16400
393.0,6.44,403900,2608927.0,6.43,6.42,6.41,6.4,6.39,6.37,6.36,6.35,6.31,6.3,6.44,6.45,6.46,6.47,6.48,6.49,6.5,6.51,6.52,6.53,41200,36000,31200,16100,3100,800,13200,4500,53300,300,1100,13600,21400,23100,20400,24200,178000,4500,16700,16400
394.0,6.44,404000,2609571.0,6.43,6.42,6.41,6.4,6.39,6.37,6.36,6.35,6.31,6.3,6.44,6.45,6.46,6.47,6.48,6.49,6.5,6.51,6.52,6.53,41200,36000,31200,16100,3100,800,13200,4500,53300,300,1000,13600,21400,23100,20400,24200,178000,4500,16700,16400
395.0,6.44,404300,2611503.0,6.43,6.42,6.41,6.4,6.39,6.37,6.36,6.35,6.31,6.3,6.44,6.45,6.46,6.47,6.48,6.49,6.5,6.51,6.52,6.53,41200,36000,31200,16100,3100,800,13200,4500,53300,300,700,13600,21400,23100,20400,24200,178000,4500,16700,16400
396.0,6.44,404300,2611503.0,6.43,6.42,6.41,6.4,6.39,6.37,6.36,6.35,6.31,6.3,6.44,6.45,6.46,6.47,6.48,6.49,6.5,6.51,6.52,6.53,41200,36000,31200,16100,3100,800,13200,4500,53300,300,700,13600,21400,23100,20400,24200,178000,4500,16700,16400
397.0,6.43,405500,2619219.0,6.43,6.42,6.41,6.4,6.39,6.37,6.36,6.35,6.31,6.3,6.44,6.45,6.46,6.47,6.48,6.49,6.5,6.51,6.52,6.53,40000,36000,31200,16100,3100,800,13200,4500,53300,300,700,13600,21400,23100,20400,24200,178000,4500,16700,16400
398.0,6.44,406400,2625015.0,6.44,6.43,6.42,6.41,6.4,6.39,6.37,6.36,6.35,6.31,6.45,6.46,6.47,6.48,6.49,6.5,6.51,6.52,6.53,6.54,3100,40000,36000,30500,16100,3100,800,13200,4500,53300,13600,21400,23100,20400,24200,178000,4500,16700,16400,6600
399.0,6.44,406400,2625015.0,6.44,6.43,6.42,6.41,6.4,6.39,6.37,6.36,6.35,6.31,6.45,6.46,6.47,6.48,6.49,6.5,6.51,6.52,6.53,6.54,3100,38800,36000,30500,16100,3100,800,13200,4500,53300,13600,21400,23100,20400,24200,178000,4500,16700,16400,6600
400.0,6.44,406400,2625015.0,6.44,6.43,6.42,6.41,6.4,6.39,6.37,6.36,6.35,6.31,6.45,6.46,6.47,6.48,6.49,6.5,6.51,6.52,6.53,6.54,4200,38800,36000,30500,16100,3100,800,13200,4500,53300,13600,21400,23100,20400,24200,178000,4500,16700,16400,6600
401.0,6.44,406700,2626947.0,6.44,6.43,6.42,6.41,6.4,6.39,6.37,6.36,6.35,6.31,6.45,6.46,6.47,6.48,6.49,6.5,6.51,6.52,6.53,6.54,3900,38800,36000,30500,16100,3100,800,13200,4500,53300,14100,21400,23100,20400,24200,178000,4500,16700,16400,6600
402.0,6.45,408100,2635977.0,6.44,6.43,6.42,6.41,6.4,6.39,6.37,6.36,6.35,6.31,6.45,6.46,6.47,6.48,6.49,6.5,6.51,6.52,6.53,6.54,3900,38800,36000,30500,16100,3100,800,13200,4500,53300,12600,21400,23100,20400,24200,178000,4500,16700,16400,6600
403.0,6.45,408700,2639847.0,6.44,6.43,6.42,6.41,6.4,6.39,6.37,6.36,6.35,6.31,6.45,6.46,6.47,6.48,6.49,6.5,6.51,6.52,6.53,6.54,5000,37700,36000,30500,16100,3100,800,13200,4500,53300,12000,21400,23100,20400,24200,178000,4500,16700,16400,6600
404.0,6.45,409900,2647587.0,6.44,6.43,6.42,6.41,6.4,6.39,6.37,6.36,6.35,6.31,6.45,6.46,6.47,6.48,6.49,6.5,6.51,6.52,6.53,6.54,5000,39300,36000,30500,16100,3100,800,13200,4500,53300,10800,21400,23100,20400,24200,178000,4500,16700,16400,6600
405.0,6.45,409900,2647587.0,6.44,6.43,6.42,6.41,6.4,6.39,6.37,6.36,6.35,6.31,6.45,6.46,6.47,6.48,6.49,6.5,6.51,6.52,6.53,6.54,5000,39300,36000,30500,16100,3100,800,13200,4500,53300,10800,21400,23100,20400,24200,178000,4500,16700,16400,6600
406.0,6.45,409900,2647587.0,6.44,6.43,6.42,6.41,6.4,6.39,6.37,6.36,6.35,6.31,6.45,6.46,6.47,6.48,6.49,6.5,6.51,6.52,6.53,6.54,5000,39300,36000,30500,16100,3100,800,13200,4500,53300,10800,21400,23100,20400,24200,178000,4500,16700,16400,6600
407.0,6.45,410900,2654037.0,6.44,6.43,6.42,6.41,6.4,6.39,6.37,6.36,6.35,6.31,6.45,6.46,6.47,6.48,6.49,6.5,6.51,6.52,6.53,6.54,5000,39800,35600,30500,16100,3100,800,13200,4500,53300,9800,21400,23100,20400,24200,178000,4500,16700,16400,6600
408.0,6.45,410900,2654037.0,6.44,6.43,6.42,6.41,6.4,6.39,6.37,6.36,6.35,6.31,6.45,6.46,6.47,6.48,6.49,6.5,6.51,6.52,6.53,6.54,5000,39800,35600,30500,16100,3100,800,13200,4500,53300,9800,21400,23100,20400,24200,178000,4500,16700,16400,6600
409.0,6.45,411800,2659842.0,6.44,6.43,6.42,6.41,6.4,6.39,6.37,6.36,6.35,6.31,6.45,6.46,6.47,6.48,6.49,6.5,6.51,6.52,6.53,6.54,5000,39800,35600,30500,16100,3100,800,13200,4500,53300,8900,21400,23100,20400,24200,178000,4500,16700,16400,6600
410.0,6.45,412600,2665002.0,6.44,6.43,6.42,6.41,6.4,6.39,6.37,6.36,6.35,6.31,6.45,6.46,6.47,6.48,6.49,6.5,6.51,6.52,6.53,6.54,5100,39800,35600,30500,16100,3100,800,13200,4500,53300,8100,21400,23100,20400,24200,178000,4500,16700,16400,6600
411.0,6.45,412600,2665002.0,6.44,6.43,6.42,6.41,6.4,6.39,6.37,6.36,6.35,6.31,6.45,6.46,6.47,6.48,6.49,6.5,6.51,6.52,6.53,6.54,5100,40800,35600,30500,16100,3100,800,13200,4500,53300,18100,21400,23100,20400,24200,178000,4500,16700,16400,6600
412.0,6.44,413000,2667581.0,6.44,6.43,6.42,6.41,6.4,6.39,6.37,6.36,6.35,6.31,6.45,6.46,6.47,6.48,6.49,6.5,6.51,6.52,6.53,6.54,9000,40800,35600,30000,16100,3100,800,13200,4500,53300,17800,21400,23100,20400,24200,178000,4500,16700,16400,6600
413.0,6.44,413000,2667581.0,6.44,6.43,6.42,6.41,6.4,6.39,6.37,6.36,6.35,6.31,6.45,6.46,6.47,6.48,6.49,6.5,6.51,6.52,6.53,6.54,9000,40800,35600,30000,16100,3100,800,13200,4500,53300,27800,21400,23100,20400,24200,178000,4500,16700,16400,6600
414.0,6.45,414500,2677256.0,6.44,6.43,6.42,6.41,6.4,6.39,6.37,6.36,6.35,6.31,6.45,6.46,6.47,6.48,6.49,6.5,6.51,6.52,6.53,6.54,9000,40800,35600,30000,16100,3100,800,13200,4500,53300,26300,21400,23100,20400,24200,178000,4500,16700,16400,6600
415.0,6.45,414500,2677256.0,6.44,6.43,6.42,6.41,6.4,6.39,6.37,6.36,6.35,6.31,6.45,6.46,6.47,6.48,6.49,6.5,6.51,6.52,6.53,6.54,9000,40800,35600,30000,16100,3100,800,13200,4500,53300,36300,21400,23100,20400,24200,178000,4500,16700,16400,6600
416.0,6.44,415700,2684984.0,6.44,6.43,6.42,6.41,6.4,6.39,6.37,6.36,6.35,6.31,6.45,6.46,6.47,6.48,6.49,6.5,6.51,6.52,6.53,6.54,7800,40800,35600,30000,16100,3100,800,13200,4500,53300,36300,21400,23100,20400,24200,178000,4500,16700,16400,6600
417.0,6.44,420900,2718502.0,6.44,6.43,6.42,6.41,6.4,6.39,6.37,6.36,6.35,6.31,6.45,6.46,6.47,6.48,6.49,6.5,6.51,6.52,6.53,6.54,5600,40800,35600,30000,16100,3100,800,13200,4500,53300,43300,21400,23100,20400,24200,178000,4500,16700,16400,6600
418.0,6.44,425000,2744907.0,6.44,6.43,6.42,6.41,6.4,6.39,6.37,6.36,6.35,6.31,6.45,6.46,6.47,6.48,6.49,6.5,6.51,6.52,6.53,6.54,1600,40800,35600,30000,16100,3100,800,13200,4500,53300,53200,21400,23100,20400,24200,178000,4500,16700,16400,6600
