LocalTime,LastPrice,TradeVolume,TradeValue,BidPrice1,BidPrice2,BidPrice3,BidPrice4,BidPrice5,BidPrice6,BidPrice7,BidPrice8,BidPrice9,BidPriceA,AskPrice1,AskPrice2,AskPrice3,AskPrice4,AskPrice5,AskPrice6,AskPrice7,AskPrice8,AskPrice9,AskPriceA,BidVolume1,BidVolume2,BidVolume3,BidVolume4,BidVolume5,BidVolume6,BidVolume7,BidVolume8,BidVolume9,BidVolumeA,AskVolume1,AskVolume2,AskVolume3,AskVolume4,AskVolume5,AskVolume6,AskVolume7,AskVolume8,AskVolume9,AskVolumeA
0.0,5.99,5000,29950.0,5.98,5.94,5.93,5.91,5.9,5.88,5.85,5.8,5.76,5.71,5.99,6.0,6.01,6.03,6.04,6.05,6.06,6.08,6.1,6.12,2200,2100,10800,1900,500,38300,2000,300,300,500,400,14800,11200,10600,1500,10000,4600,5500,500,1000
1.0,5.98,5900,35332.0,5.98,5.94,5.93,5.91,5.9,5.88,5.85,5.8,5.76,5.71,5.99,6.0,6.01,6.03,6.05,6.06,6.08,6.1,6.12,6.14,1300,2100,10800,1900,500,38300,2000,300,300,500,400,14800,11200,10600,10000,4600,5500,500,1000,400
2.0,5.98,5900,35332.0,5.98,5.94,5.93,5.91,5.9,5.88,5.85,5.8,5.76,5.71,5.99,6.0,6.01,6.03,6.05,6.06,6.08,6.1,6.12,6.14,1300,5900,10800,1900,500,38300,2000,300,300,500,7200,16900,11200,10600,10000,4600,5500,500,6000,400
3.0,5.98,5900,35332.0,5.98,5.94,5.93,5.91,5.9,5.88,5.85,5.8,5.76,5.71,5.99,6.0,6.01,6.02,6.03,6.05,6.06,6.07,6.08,6.1,1300,5900,10800,1900,1900,38300,2000,300,300,500,8500,16900,11200,2000,10600,10000,4600,20000,5500,500
4.0,5.98,6700,40116.0,5.98,5.94,5.93,5.91,5.9,5.88,5.85,5.8,5.76,5.71,5.99,6.0,6.01,6.02,6.03,6.05,6.06,6.07,6.08,6.1,500,5900,10800,1900,1900,38300,2000,300,300,500,8500,16900,11200,2000,10600,10000,4600,20000,5500,500
5.0,5.98,7200,43106.0,5.94,5.93,5.91,5.9,5.88,5.85,5.8,5.76,5.71,5.65,5.98,5.99,6.0,6.01,6.02,6.03,6.05,6.06,6.07,6.08,5900,10800,1900,1900,38300,2000,300,300,500,5000,400,8600,16900,14200,2000,10600,10000,4600,20000,5500
6.0,5.98,7200,43106.0,5.94,5.93,5.91,5.9,5.88,5.85,5.8,5.76,5.71,5.65,5.98,5.99,6.0,6.01,6.02,6.03,6.04,6.05,6.06,6.07,5900,10800,1900,11900,38300,2000,300,300,500,5000,900,8600,16900,14200,2000,10600,6000,11300,4600,20000
7.0,5.98,8600,51430.0,5.94,5.93,5.91,5.9,5.88,5.85,5.8,5.76,5.71,5.65,5.98,5.99,6.0,6.01,6.02,6.03,6.04,6.05,6.06,6.07,4700,10800,1900,11900,38300,2000,300,300,500,5000,2400,13900,17100,14200,2000,10600,6000,11300,4600,20000
8.0,5.98,8600,51430.0,5.94,5.93,5.91,5.9,5.88,5.85,5.8,5.76,5.71,5.65,5.98,5.99,6.0,6.01,6.02,6.03,6.04,6.05,6.06,6.07,18000,10800,1900,12900,38300,2000,300,300,500,5000,2400,29200,17100,14200,4000,10600,10000,11300,4600,20000
9.0,5.98,8600,51430.0,5.94,5.93,5.91,5.9,5.88,5.85,5.8,5.76,5.71,5.65,5.98,5.99,6.0,6.01,6.02,6.03,6.04,6.05,6.06,6.07,18000,24100,1900,12900,38300,2000,300,300,500,5000,2400,29200,17100,14200,5600,10600,10000,11300,4600,20000
10.0,5.98,8600,51430.0,5.94,5.93,5.91,5.9,5.88,5.85,5.8,5.76,5.71,5.65,5.98,5.99,6.0,6.01,6.02,6.03,6.04,6.05,6.06,6.07,18000,24100,1900,20100,38300,2000,5300,300,500,5000,2400,29200,17100,14200,5600,10600,10000,11300,4600,20000
11.0,5.98,8600,51430.0,5.95,5.94,5.93,5.91,5.9,5.88,5.85,5.8,5.76,5.71,5.98,5.99,6.0,6.01,6.02,6.03,6.04,6.05,6.06,6.07,100,18000,24100,1900,20100,38300,2000,10300,300,500,2400,26200,22100,14200,5600,10600,10000,11300,4600,20000
12.0,5.98,8600,51430.0,5.95,5.94,5.93,5.91,5.9,5.88,5.85,5.8,5.76,5.71,5.98,5.99,6.0,6.01,6.02,6.03,6.04,6.05,6.06,6.07,100,18000,24100,9800,21100,38300,2000,10300,300,500,2400,26200,22100,14200,5600,10600,10000,11300,4600,20000
13.0,5.98,8600,51430.0,5.95,5.94,5.93,5.91,5.9,5.88,5.85,5.8,5.76,5.71,5.98,5.99,6.0,6.01,6.02,6.03,6.04,6.05,6.06,6.07,100,18000,24100,9800,21100,38300,2000,10300,300,500,2200,26200,22100,14200,5600,10600,10000,11300,4600,20000
14.0,5.98,8600,51430.0,5.95,5.94,5.93,5.91,5.9,5.88,5.85,5.8,5.76,5.71,5.98,5.99,6.0,6.01,6.02,6.03,6.04,6.05,6.06,6.07,100,18000,24100,9800,21100,38300,2000,10300,300,500,9300,26200,22100,14200,5600,10600,11000,11300,4600,20000
15.0,5.98,8600,51430.0,5.95,5.94,5.93,5.91,5.9,5.88,5.85,5.8,5.76,5.71,5.98,5.99,6.0,6.01,6.02,6.03,6.04,6.05,6.06,6.07,100,18000,24100,9800,21100,38300,2000,10300,300,500,9100,24000,22100,14200,5600,10600,11000,11300,4600,20000
16.0,5.98,8600,51430.0,5.95,5.94,5.93,5.91,5.9,5.88,5.85,5.8,5.76,5.71,5.98,5.99,6.0,6.01,6.02,6.03,6.04,6.05,6.06,6.07,100,18000,24100,9800,21100,38300,2000,10300,300,500,9100,24000,22100,14200,5600,10600,11000,11300,4600,20000
17.0,5.98,8600,51430.0,5.95,5.94,5.93,5.91,5.9,5.88,5.85,5.8,5.76,5.71,5.98,5.99,6.0,6.01,6.02,6.03,6.04,6.05,6.06,6.07,200,18000,24100,9800,21100,38300,2000,10300,300,500,9200,24000,22100,14200,5600,10600,11000,11300,4600,20000
18.0,5.98,8600,51430.0,5.95,5.94,5.93,5.91,5.9,5.88,5.85,5.8,5.76,5.71,5.98,5.99,6.0,6.01,6.02,6.03,6.04,6.05,6.06,6.07,200,18000,24100,9800,21100,38300,2000,10300,300,500,9200,24000,22100,14200,5600,10600,11000,11300,4600,20000
19.0,5.98,8600,51430.0,5.95,5.94,5.93,5.91,5.9,5.88,5.85,5.8,5.76,5.71,5.98,5.99,6.0,6.01,6.02,6.03,6.04,6.05,6.06,6.07,200,18000,24100,9800,21100,38300,2000,10300,300,500,9200,24000,22100,14200,5600,10600,11000,11300,4600,20000
20.0,5.95,8800,52620.0,5.94,5.93,5.91,5.9,5.88,5.85,5.8,5.76,5.71,5.65,5.98,5.99,6.0,6.01,6.02,6.03,6.04,6.05,6.06,6.07,18000,24100,9800,26100,38300,2000,10300,300,500,5000,9200,24000,22100,14200,5600,10600,12900,11300,4600,20000
21.0,5.95,8800,52620.0,5.94,5.93,5.91,5.9,5.88,5.85,5.8,5.76,5.71,5.65,5.97,5.98,5.99,6.0,6.01,6.02,6.03,6.04,6.05,6.06,18000,24100,9800,26100,38300,2000,10300,300,500,5000,5500,9000,24000,22100,14200,5600,10600,12900,11300,4600
22.0,5.95,8800,52620.0,5.94,5.93,5.91,5.9,5.88,5.85,5.8,5.76,5.71,5.65,5.97,5.98,5.99,6.0,6.01,6.02,6.03,6.04,6.05,6.06,18000,24100,9800,26100,38300,2000,10300,300,500,5000,5500,8500,24000,22100,14200,5600,10600,12900,11300,4600
23.0,5.95,8800,52620.0,5.94,5.93,5.91,5.9,5.88,5.85,5.8,5.76,5.71,5.65,5.97,5.98,5.99,6.0,6.01,6.02,6.03,6.04,6.05,6.06,18000,24100,1900,26100,38300,2000,10300,300,500,5000,5500,8100,24000,22100,14200,5600,10600,12900,11300,4600
24.0,5.95,8800,52620.0,5.94,5.93,5.91,5.9,5.88,5.85,5.8,5.76,5.71,5.65,5.97,5.98,5.99,6.0,6.01,6.02,6.03,6.04,6.05,6.06,18000,24100,1900,26100,38300,2000,10300,300,500,5000,5500,8100,24000,22100,14200,5600,10600,12900,11300,4600
25.0,5.95,8800,52620.0,5.95,5.94,5.93,5.91,5.9,5.88,5.85,5.8,5.76,5.71,5.97,5.98,5.99,6.0,6.01,6.02,6.03,6.04,6.05,6.06,100,18000,24100,1900,26100,38300,2000,10300,300,500,5500,8100,24000,22100,14200,5600,10600,12900,11300,4600
26.0,5.94,9100,54403.0,5.94,5.93,5.91,5.9,5.88,5.85,5.8,5.76,5.71,5.65,5.97,5.98,5.99,6.0,6.01,6.02,6.03,6.04,6.05,6.06,17800,24100,12500,26100,38300,2000,10300,300,500,5000,5500,8100,24000,22100,14200,5600,10600,12900,11300,4600
27.0,5.94,9100,54403.0,5.94,5.93,5.91,5.9,5.88,5.85,5.8,5.76,5.71,5.65,5.97,5.98,5.99,6.0,6.01,6.02,6.03,6.04,6.05,6.06,17800,24100,12500,26100,38300,2000,10300,300,500,5000,5500,8100,24000,22100,14200,5600,10600,12900,11300,4600
28.0,5.94,9100,54403.0,5.94,5.93,5.91,5.9,5.88,5.85,5.8,5.76,5.71,5.65,5.97,5.98,5.99,6.0,6.01,6.02,6.03,6.04,6.05,6.06,17800,24100,12500,26100,38300,2000,10300,300,500,5000,5500,8100,24000,22100,14200,5600,10600,12900,11300,4600
29.0,5.94,9100,54403.0,5.94,5.93,5.91,5.9,5.88,5.85,5.8,5.76,5.71,5.65,5.97,5.98,5.99,6.0,6.01,6.02,6.03,6.04,6.05,6.06,17800,24100,1900,26100,38300,2000,10300,300,500,5000,5500,8100,24000,9400,14200,5600,10600,12900,11300,4600
30.0,5.94,9100,54403.0,5.94,5.93,5.91,5.9,5.88,5.85,5.8,5.76,5.71,5.65,5.97,5.98,5.99,6.0,6.01,6.02,6.03,6.04,6.05,6.06,17800,24100,1900,26100,38300,2000,10300,300,500,5000,5500,8100,24000,9400,14200,5600,10600,12900,11300,4600
31.0,5.94,11800,70474.0,5.94,5.93,5.91,5.9,5.88,5.85,5.8,5.76,5.71,5.65,5.97,5.98,5.99,6.0,6.01,6.02,6.03,6.04,6.05,6.06,16200,24100,1900,26100,38300,2000,10300,300,500,5000,4400,8100,24000,9400,14200,5600,10600,12900,11300,4600
32.0,5.94,11800,70474.0,5.94,5.93,5.91,5.9,5.88,5.85,5.8,5.76,5.71,5.65,5.97,5.98,5.99,6.0,6.01,6.02,6.03,6.04,6.05,6.06,16200,24100,1900,26100,38300,2000,10300,300,500,5000,4400,8100,24000,9400,14200,5600,10600,12900,11300,4600
33.0,5.94,11800,70474.0,5.94,5.93,5.91,5.9,5.88,5.85,5.8,5.76,5.71,5.65,5.97,5.98,5.99,6.0,6.01,6.02,6.03,6.04,6.05,6.06,16200,24100,1900,26100,38300,2000,10300,300,500,5000,4400,8100,24000,9400,14200,5600,10600,12900,11300,4600
34.0,5.94,11800,70474.0,5.94,5.93,5.91,5.9,5.88,5.85,5.8,5.76,5.71,5.65,5.97,5.98,5.99,6.0,6.01,6.02,6.03,6.04,6.05,6.06,16200,24100,1900,26100,38300,2000,10300,300,500,5000,4400,8100,24000,9400,14200,5600,10600,12900,11300,4600
35.0,5.94,11800,70474.0,5.94,5.93,5.91,5.9,5.88,5.85,5.8,5.76,5.71,5.65,5.97,5.98,5.99,6.0,6.01,6.02,6.03,6.04,6.05,6.06,16200,24100,1900,26100,38300,2000,10300,300,500,5000,4400,8100,24000,9400,14200,5600,10600,12900,11300,4600
36.0,5.94,11800,70474.0,5.94,5.93,5.91,5.9,5.88,5.85,5.8,5.76,5.71,5.65,5.97,5.98,5.99,6.0,6.01,6.02,6.03,6.04,6.05,6.06,16200,24100,1900,26100,38300,2000,10300,300,500,5000,4400,8100,24000,9400,14200,5600,10600,12900,11300,4600
37.0,5.94,11800,70474.0,5.94,5.93,5.91,5.9,5.88,5.85,5.8,5.76,5.71,5.65,5.97,5.98,5.99,6.0,6.01,6.02,6.03,6.04,6.05,6.06,16200,24100,1900,26100,38300,2000,10300,300,500,5000,4400,8100,24000,9400,14200,5600,10600,12900,11300,4600
38.0,5.94,13400,79978.0,5.94,5.93,5.91,5.9,5.88,5.85,5.8,5.76,5.71,5.65,5.97,5.98,5.99,6.0,6.01,6.02,6.03,6.04,6.05,6.06,14600,24100,1900,26100,38300,2000,10300,300,500,5000,4400,8100,24000,9400,14200,5600,10600,12900,11300,4600
39.0,5.94,13400,79978.0,5.94,5.93,5.91,5.9,5.88,5.85,5.8,5.76,5.71,5.65,5.97,5.98,5.99,6.0,6.01,6.02,6.03,6.04,6.05,6.06,14600,24100,1900,26100,58300,2000,10300,300,500,5000,4400,8100,24000,9400,14200,5600,10600,12900,11300,4600
40.0,5.94,13400,79978.0,5.94,5.93,5.91,5.9,5.88,5.85,5.8,5.76,5.71,5.65,5.97,5.98,5.99,6.0,6.01,6.02,6.03,6.04,6.05,6.06,14600,24100,1900,26100,58300,2000,10300,300,500,5000,4400,8100,24000,9400,14200,5600,10600,12900,11300,4600
41.0,5.94,13400,79978.0,5.94,5.93,5.91,5.9,5.88,5.85,5.8,5.76,5.71,5.65,5.97,5.98,5.99,6.0,6.01,6.02,6.03,6.04,6.05,6.06,14600,24100,1900,26100,58300,2000,10300,300,500,5000,4400,8100,24000,9400,14200,5600,10600,12900,11300,4600
42.0,5.97,14200,84754.0,5.94,5.93,5.91,5.9,5.88,5.85,5.8,5.76,5.71,5.65,5.97,5.98,5.99,6.0,6.01,6.02,6.03,6.04,6.05,6.06,14600,24100,1900,26100,58300,2000,10300,300,500,5000,3600,8100,24000,9400,14200,5600,10600,12900,11300,4600
43.0,5.97,14200,84754.0,5.94,5.93,5.91,5.9,5.88,5.85,5.8,5.76,5.71,5.65,5.97,5.98,5.99,6.0,6.01,6.02,6.03,6.04,6.05,6.06,14600,24100,1900,26100,58300,2000,10300,300,500,5000,3600,8100,24000,9400,14200,5600,10600,12900,11300,4600
44.0,5.97,14200,84754.0,5.94,5.93,5.91,5.9,5.88,5.85,5.8,5.76,5.71,5.65,5.97,5.98,5.99,6.0,6.01,6.02,6.03,6.04,6.05,6.06,14600,24100,1900,26100,58300,2000,10300,300,500,5000,3600,8100,24000,9400,14200,5600,10600,12900,11300,4600
45.0,5.94,15600,93070.0,5.94,5.93,5.91,5.9,5.88,5.85,5.8,5.76,5.71,5.65,5.97,5.98,5.99,6.0,6.01,6.02,6.03,6.04,6.05,6.06,13200,24100,1900,26100,58300,2000,10300,300,500,5000,3600,10200,24000,9400,14200,5600,10600,12900,11300,4600
46.0,5.94,15600,93070.0,5.94,5.93,5.91,5.9,5.88,5.85,5.8,5.76,5.71,5.65,5.97,5.98,5.99,6.0,6.01,6.02,6.03,6.04,6.05,6.06,13200,24100,1900,26100,58300,2000,10300,300,500,5000,3600,10200,24000,9400,14200,5600,10600,12900,11300,4600
47.0,5.94,15600,93070.0,5.94,5.93,5.91,5.9,5.88,5.85,5.8,5.76,5.71,5.65,5.97,5.98,5.99,6.0,6.01,6.02,6.03,6.04,6.05,6.06,13200,24100,1900,26100,58300,2000,10300,300,500,5000,3600,10200,24000,9400,14200,5600,10600,12900,11300,4600
48.0,5.94,15600,93070.0,5.94,5.93,5.91,5.9,5.88,5.85,5.8,5.76,5.71,5.65,5.97,5.98,5.99,6.0,6.01,6.02,6.03,6.04,6.05,6.06,13200,24100,1900,26100,58300,2000,10300,300,500,5000,3600,10200,24000,9400,14200,5600,10600,12900,11300,4600
49.0,5.94,16900,100792.0,5.94,5.93,5.91,5.9,5.88,5.85,5.8,5.76,5.71,5.65,5.97,5.98,5.99,6.0,6.01,6.02,6.03,6.04,6.05,6.06,11900,24100,1900,26100,58300,2000,10300,300,500,5000,3700,10200,24000,30100,14200,5600,10600,12900,11300,4600
50.0,5.94,16900,100792.0,5.94,5.93,5.91,5.9,5.88,5.85,5.8,5.76,5.71,5.65,5.97,5.98,5.99,6.0,6.01,6.02,6.03,6.04,6.05,6.06,11900,24100,1900,26100,58300,2000,10300,300,500,5000,3700,10200,24000,30100,14200,5600,10600,12900,11300,4600
51.0,5.94,16900,100792.0,5.94,5.93,5.91,5.9,5.88,5.85,5.8,5.76,5.71,5.65,5.97,5.98,5.99,6.0,6.01,6.02,6.03,6.04,6.05,6.06,11900,24100,1900,26100,58300,2000,10300,300,500,5000,3700,10200,24000,30100,14200,5600,10600,12900,11300,4600
52.0,5.94,19100,113860.0,5.94,5.93,5.91,5.9,5.88,5.85,5.8,5.76,5.71,5.65,5.97,5.98,5.99,6.0,6.01,6.02,6.03,6.04,6.05,6.06,9700,24100,1900,26100,58300,2000,10300,300,500,5000,3700,10200,24000,30100,14200,5600,10600,12900,11300,4600
53.0,5.94,19100,113860.0,5.94,5.93,5.91,5.9,5.88,5.85,5.8,5.76,5.71,5.65,5.97,5.98,5.99,6.0,6.01,6.02,6.03,6.04,6.05,6.06,9700,24100,3900,26100,58300,2000,10300,300,500,5000,3700,10200,24000,30100,14200,5600,10600,12900,11300,4600
54.0,5.97,19800,118039.0,5.94,5.93,5.91,5.9,5.88,5.85,5.8,5.76,5.71,5.65,5.97,5.98,5.99,6.0,6.01,6.02,6.03,6.04,6.05,6.06,9700,24100,3900,26100,58300,2000,10300,300,500,5000,3000,10100,24000,28000,14200,5600,10600,12900,11300,4600
55.0,5.94,20700,123385.0,5.94,5.93,5.91,5.9,5.88,5.85,5.8,5.76,5.71,5.65,5.97,5.98,5.99,6.0,6.01,6.02,6.03,6.04,6.05,6.06,8800,24100,3900,26100,58300,2000,10300,300,500,5000,3000,10100,24000,28000,14200,5600,10600,12900,11300,4600
56.0,5.94,20700,123385.0,5.94,5.93,5.91,5.9,5.88,5.85,5.8,5.76,5.71,5.65,5.97,5.98,5.99,6.0,6.01,6.02,6.03,6.04,6.05,6.06,8800,24100,3900,26100,58800,2000,10300,300,500,5000,3000,10100,24000,28000,14200,5600,10600,12900,11300,4600
57.0,5.94,20700,123385.0,5.94,5.93,5.91,5.9,5.88,5.85,5.8,5.76,5.71,5.65,5.97,5.98,5.99,6.0,6.01,6.02,6.03,6.04,6.05,6.06,8800,24100,3900,26100,58800,2000,10300,300,500,5000,3000,10100,24000,28000,14200,5600,10600,12900,11300,4600
58.0,5.94,21500,128137.0,5.94,5.93,5.91,5.9,5.88,5.85,5.8,5.76,5.71,5.65,5.97,5.98,5.99,6.0,6.01,6.02,6.03,6.04,6.05,6.06,8000,24100,3900,26100,58800,2000,10300,300,500,5000,3000,10100,24000,28000,14200,5600,10600,12900,11300,4600
59.0,5.94,22300,132889.0,5.94,5.93,5.91,5.9,5.88,5.85,5.8,5.76,5.71,5.65,5.97,5.98,5.99,6.0,6.01,6.02,6.03,6.04,6.05,6.06,7200,24100,3900,29100,58800,2000,10300,300,500,5000,3000,22800,24000,28000,14200,5600,10600,12900,11300,4600
60.0,5.94,22300,132889.0,5.94,5.93,5.91,5.9,5.88,5.85,5.8,5.76,5.71,5.65,5.97,5.98,5.99,6.0,6.01,6.02,6.03,6.04,6.05,6.06,7200,24100,3900,29100,58800,2000,10300,300,500,5000,3000,22800,24000,28000,14200,5600,10600,12900,11300,4600
61.0,5.97,22600,134680.0,5.94,5.93,5.91,5.9,5.88,5.85,5.8,5.76,5.71,5.65,5.97,5.98,5.99,6.0,6.01,6.02,6.03,6.04,6.05,6.06,7200,24100,3900,34100,58800,2000,10300,300,500,5000,2700,22800,24000,28000,14200,5600,10600,12900,11300,4600
62.0,5.97,22600,134680.0,5.94,5.93,5.91,5.9,5.88,5.85,5.8,5.76,5.71,5.65,5.97,5.98,5.99,6.0,6.01,6.02,6.03,6.04,6.05,6.06,7200,24100,3900,34100,58800,2000,10300,300,500,5000,2700,22700,24000,28000,14200,5600,10600,12900,11300,4600
63.0,5.97,22600,134680.0,5.94,5.93,5.91,5.9,5.88,5.85,5.8,5.76,5.71,5.65,5.97,5.98,5.99,6.0,6.01,6.02,6.03,6.04,6.05,6.06,7200,24100,3900,34100,58800,2000,10300,300,500,5000,2700,22700,24000,28000,14200,5600,10600,12900,11300,4600
64.0,5.97,22800,135874.0,5.94,5.93,5.91,5.9,5.88,5.85,5.8,5.76,5.71,5.65,5.97,5.98,5.99,6.0,6.01,6.02,6.03,6.04,6.05,6.06,7200,24100,3900,34100,58800,2000,10300,300,500,5000,2500,22700,24000,28000,14200,5600,10600,12900,11300,4600
65.0,5.94,24200,144190.0,5.95,5.94,5.93,5.91,5.9,5.88,5.85,5.8,5.76,5.71,5.97,5.98,5.99,6.0,6.01,6.02,6.03,6.04,6.05,6.06,4200,5800,24100,8900,34100,58800,2000,10300,300,500,2500,22700,24000,28000,14200,5600,10600,12900,11300,4600
66.0,5.94,24200,144190.0,5.95,5.94,5.93,5.91,5.9,5.88,5.85,5.8,5.76,5.71,5.97,5.98,5.99,6.0,6.01,6.02,6.03,6.04,6.05,6.06,10600,5800,24100,8900,34100,58800,2000,5300,300,500,2500,22700,24000,28000,14200,5600,10600,12900,11300,4600
67.0,5.94,24200,144190.0,5.95,5.94,5.93,5.91,5.9,5.88,5.85,5.8,5.76,5.71,5.97,5.98,5.99,6.0,6.01,6.02,6.03,6.04,6.05,6.06,10600,5800,27100,8900,34100,58800,2000,5300,300,500,2500,22700,23900,28000,14200,5600,10600,12900,11300,4600
68.0,5.97,24400,145384.0,5.95,5.94,5.93,5.91,5.9,5.88,5.85,5.8,5.76,5.71,5.97,5.98,5.99,6.0,6.01,6.02,6.03,6.04,6.05,6.06,10600,5800,27100,3900,34100,58800,2000,5300,300,500,7300,22700,23900,28000,14200,5600,10600,12900,11300,4600
69.0,5.97,24400,145384.0,5.95,5.94,5.93,5.91,5.9,5.88,5.85,5.8,5.76,5.71,5.97,5.98,5.99,6.0,6.01,6.02,6.03,6.04,6.05,6.06,10600,5800,27100,3900,34100,58800,2000,5300,300,500,7300,22700,23900,28000,14200,5600,10600,12900,11300,4600
70.0,5.97,24400,145384.0,5.95,5.94,5.93,5.91,5.9,5.88,5.85,5.8,5.76,5.71,5.97,5.98,5.99,6.0,6.01,6.02,6.03,6.04,6.05,6.06,10600,5800,27100,3900,34100,58800,2000,5300,300,500,7300,22700,23900,28000,14200,5600,10600,12900,11300,4600
71.0,5.97,25100,149563.0,5.95,5.94,5.93,5.91,5.9,5.88,5.85,5.8,5.76,5.71,5.97,5.98,5.99,6.0,6.01,6.02,6.03,6.04,6.05,6.06,10600,5800,27100,3900,34100,58800,2000,5300,300,500,6600,22700,23900,27800,14200,5600,10600,12900,11300,4600
72.0,5.97,25100,149563.0,5.95,5.94,5.93,5.91,5.9,5.88,5.85,5.8,5.76,5.71,5.97,5.98,5.99,6.0,6.01,6.02,6.03,6.04,6.05,6.06,10600,5800,27100,3900,34100,58800,2000,5300,300,500,6600,22700,23900,27800,14200,5600,10600,12900,11300,4600
73.0,5.97,25100,149563.0,5.95,5.94,5.93,5.91,5.9,5.88,5.85,5.8,5.76,5.71,5.97,5.98,5.99,6.0,6.01,6.02,6.03,6.04,6.05,6.06,10600,5800,27100,3900,34100,58800,2000,5300,300,500,6600,22700,23900,27800,14200,5600,10600,12900,11300,4600
74.0,5.97,25700,153145.0,5.95,5.94,5.93,5.91,5.9,5.88,5.85,5.8,5.76,5.71,5.97,5.98,5.99,6.0,6.01,6.02,6.03,6.04,6.05,6.06,10600,5800,27100,3900,34100,58800,2000,5300,300,500,6000,22100,23900,27800,14200,5600,10600,12900,11300,4600
75.0,5.97,25700,153145.0,5.95,5.94,5.93,5.91,5.9,5.88,5.85,5.8,5.76,5.71,5.97,5.98,5.99,6.0,6.01,6.02,6.03,6.04,6.05,6.06,10600,5800,27100,3900,34100,58800,2000,5300,300,500,6000,22100,23900,27800,14200,5600,10600,12900,11300,4600
76.0,5.97,25700,153145.0,5.95,5.94,5.93,5.92,5.91,5.9,5.88,5.85,5.8,5.76,5.97,5.98,5.99,6.0,6.01,6.02,6.03,6.04,6.05,6.06,10600,5800,27100,13300,3900,34100,58800,2000,5300,300,6000,22100,23900,27800,14200,5600,10600,12900,11300,4600
77.0,5.97,25700,153145.0,5.95,5.94,5.93,5.92,5.91,5.9,5.88,5.85,5.8,5.76,5.97,5.98,5.99,6.0,6.01,6.02,6.03,6.04,6.05,6.06,10600,5800,27100,13300,3900,34100,58800,2000,5300,300,6000,22100,23900,27800,14200,5600,10600,12900,11300,4600
78.0,5.97,26300,156727.0,5.95,5.94,5.93,5.92,5.91,5.9,5.88,5.85,5.8,5.76,5.97,5.98,5.99,6.0,6.01,6.02,6.03,6.04,6.05,6.06,10600,5800,27100,13300,3900,34100,58800,2000,5300,300,5400,22100,23900,27800,14200,5600,10600,12900,11300,4600
79.0,5.97,26300,156727.0,5.95,5.94,5.93,5.92,5.91,5.9,5.88,5.85,5.8,5.76,5.97,5.98,5.99,6.0,6.01,6.02,6.03,6.04,6.05,6.06,10600,5800,27100,13300,3900,34100,58800,2000,5300,300,5400,22100,23900,27800,14200,5600,10600,12900,11300,4600
80.0,5.97,26300,156727.0,5.95,5.94,5.93,5.92,5.91,5.9,5.88,5.85,5.8,5.76,5.97,5.98,5.99,6.0,6.01,6.02,6.03,6.04,6.05,6.06,10600,5800,27100,13300,3900,34100,58800,2000,5300,300,5400,22100,23900,27800,14200,5600,10600,12900,11300,4600
81.0,5.97,26800,159712.0,5.95,5.94,5.93,5.92,5.91,5.9,5.88,5.85,5.8,5.76,5.97,5.98,5.99,6.0,6.01,6.02,6.03,6.04,6.05,6.06,10600,5800,27100,13400,3900,34100,58800,2000,5300,300,4900,22100,23900,27800,14200,5600,10600,12900,11300,4600
82.0,5.97,26800,159712.0,5.95,5.94,5.93,5.92,5.91,5.9,5.88,5.85,5.8,5.76,5.97,5.98,5.99,6.0,6.01,6.02,6.03,6.04,6.05,6.06,10600,5800,27100,13400,8900,34100,58800,2000,5300,300,4900,22100,23900,27800,14200,5600,10600,12900,11300,4600
83.0,5.97,26800,159712.0,5.95,5.94,5.93,5.92,5.91,5.9,5.88,5.85,5.8,5.76,5.97,5.98,5.99,6.0,6.01,6.02,6.03,6.04,6.05,6.06,10600,5800,27100,13400,8900,34100,58800,2000,5300,300,4900,22100,23900,27800,14200,5600,10600,12900,11300,4600
84.0,5.97,27200,162100.0,5.95,5.94,5.93,5.92,5.91,5.9,5.88,5.85,5.8,5.76,5.97,5.98,5.99,6.0,6.01,6.02,6.03,6.04,6.05,6.06,10600,7800,27100,13400,8900,34100,58800,2000,5300,300,4500,22100,23900,27800,14200,5600,10600,12900,11300,4600
85.0,5.97,27200,162100.0,5.95,5.94,5.93,5.92,5.91,5.9,5.88,5.85,5.8,5.76,5.97,5.98,5.99,6.0,6.01,6.02,6.03,6.04,6.05,6.06,10600,7800,27100,13400,8900,34100,58800,2000,5300,300,4500,22100,23900,27800,14200,5600,10600,12900,11300,4600
86.0,5.97,27200,162100.0,5.95,5.94,5.93,5.92,5.91,5.9,5.88,5.85,5.8,5.76,5.97,5.98,5.99,6.0,6.01,6.02,6.03,6.04,6.05,6.06,10600,7800,27100,13400,8900,34100,58800,2000,5300,300,4500,22100,23900,27800,14200,5600,10600,12900,11300,4600
87.0,5.97,29700,176983.0,5.95,5.94,5.93,5.92,5.91,5.9,5.88,5.85,5.8,5.76,5.97,5.98,5.99,6.0,6.01,6.02,6.03,6.04,6.05,6.06,8500,7800,27100,13400,22200,34100,58800,2000,5300,300,4100,22100,23900,27800,14200,5600,10600,12900,11300,4600
88.0,5.97,29700,176983.0,5.95,5.94,5.93,5.92,5.91,5.9,5.88,5.85,5.8,5.76,5.97,5.98,5.99,6.0,6.01,6.02,6.03,6.04,6.05,6.06,8500,7800,27100,13400,22200,34100,58800,4400,5300,300,4100,22100,23900,27800,14200,5600,10600,12900,11300,4600
89.0,5.97,29700,176983.0,5.95,5.94,5.93,5.92,5.91,5.9,5.88,5.85,5.8,5.76,5.97,5.98,5.99,6.0,6.01,6.02,6.03,6.04,6.05,6.06,8500,7800,27100,13400,22200,34100,58800,4400,5300,300,4100,22100,23900,27800,14200,5600,10600,12900,11300,4600
90.0,5.97,29700,176983.0,5.95,5.94,5.93,5.92,5.91,5.9,5.88,5.85,5.8,5.76,5.97,5.98,5.99,6.0,6.01,6.02,6.03,6.04,6.05,6.06,8500,7800,27100,13400,22200,34100,58800,4400,5300,300,4100,22100,23900,27800,14200,5600,10600,12900,11300,4600
91.0,5.97,30100,179371.0,5.95,5.94,5.93,5.92,5.91,5.9,5.88,5.85,5.8,5.76,5.97,5.98,5.99,6.0,6.01,6.02,6.03,6.04,6.05,6.06,8500,7800,27100,13400,22200,34100,58800,4400,5300,300,3700,22100,23800,27800,14200,5600,10600,12900,11300,4600
92.0,5.97,30300,180565.0,5.95,5.94,5.93,5.92,5.91,5.9,5.88,5.85,5.8,5.76,5.97,5.98,5.99,6.0,6.01,6.02,6.03,6.04,6.05,6.06,8500,7800,27100,13400,22200,34100,58800,4400,5300,300,3500,22100,23800,27800,14200,5600,10600,12900,11300,4600
93.0,5.97,30300,180565.0,5.95,5.94,5.93,5.92,5.91,5.9,5.88,5.85,5.8,5.76,5.97,5.98,5.99,6.0,6.01,6.02,6.03,6.04,6.05,6.06,5400,7800,27100,13400,22200,34100,58800,4400,5300,300,3500,22100,23800,27800,14200,5600,10600,12900,11300,4600
94.0,5.97,30600,182356.0,5.95,5.94,5.93,5.92,5.91,5.9,5.88,5.85,5.8,5.76,5.97,5.98,5.99,6.0,6.01,6.02,6.03,6.04,6.05,6.06,5400,7800,27100,13400,22200,34100,58800,4400,5300,300,3200,22100,23800,27800,14200,5600,10600,12900,11300,4600
95.0,5.97,30600,182356.0,5.95,5.94,5.93,5.92,5.91,5.9,5.88,5.85,5.8,5.76,5.97,5.98,5.99,6.0,6.01,6.02,6.03,6.04,6.05,6.06,2100,7800,27100,13400,22200,34100,58800,4400,5300,300,3200,22100,23800,27800,14200,5600,10600,12900,11300,4600
96.0,5.97,30600,182356.0,5.95,5.94,5.93,5.92,5.91,5.9,5.88,5.85,5.8,5.76,5.97,5.98,5.99,6.0,6.01,6.02,6.03,6.04,6.05,6.06,2100,7800,27100,13400,22200,34100,58800,4400,5300,300,3200,22100,23800,27800,14200,5600,10600,12900,11300,4600
97.0,5.97,30900,184147.0,5.95,5.94,5.93,5.92,5.91,5.9,5.88,5.85,5.8,5.76,5.97,5.98,5.99,6.0,6.01,6.02,6.03,6.04,6.05,6.06,2100,8500,27100,13400,22200,34100,58800,4400,5300,300,2900,22100,23800,27800,14200,5600,10600,12900,11300,4600
98.0,5.97,31400,187132.0,5.95,5.94,5.93,5.92,5.91,5.9,5.88,5.85,5.8,5.76,5.97,5.98,5.99,6.0,6.01,6.02,6.03,6.04,6.05,6.06,2100,8500,27100,13400,22200,34100,58800,4400,5300,300,2400,22100,23800,27800,14200,5600,10600,12900,11300,4600
99.0,5.97,31400,187132.0,5.95,5.94,5.93,5.92,5.91,5.9,5.88,5.85,5.8,5.76,5.97,5.98,5.99,6.0,6.01,6.02,6.03,6.04,6.05,6.06,2100,8500,27100,13400,22200,34100,58800,4400,5300,300,2400,22100,23800,27800,14200,5600,10600,12900,11300,4600
100.0,5.97,31400,187132.0,5.95,5.94,5.93,5.92,5.91,5.9,5.88,5.85,5.8,5.76,5.97,5.98,5.99,6.0,6.01,6.02,6.03,6.04,6.05,6.06,2300,8500,27100,13400,22200,34100,58800,4400,5300,300,2400,22100,23800,27800,14200,5600,10600,12900,11300,4600
101.0,5.95,31800,189517.0,5.95,5.94,5.93,5.92,5.91,5.9,5.88,5.85,5.8,5.76,5.97,5.98,5.99,6.0,6.01,6.02,6.03,6.04,6.05,6.06,2200,8500,27100,13400,22200,34100,58800,4400,5300,300,2200,22100,23800,27800,14200,5600,10600,12900,11300,4600
102.0,5.95,31800,189517.0,5.95,5.94,5.93,5.92,5.91,5.9,5.88,5.85,5.8,5.76,5.97,5.98,5.99,6.0,6.01,6.02,6.03,6.04,6.05,6.06,2200,8500,27100,13400,22200,34100,58800,4400,5300,300,2200,22100,23800,27800,14200,5600,10600,12900,11300,4600
103.0,5.95,31800,189517.0,5.95,5.94,5.93,5.92,5.91,5.9,5.88,5.85,5.8,5.76,5.97,5.98,5.99,6.0,6.01,6.02,6.03,6.04,6.05,6.06,2200,8500,27100,13400,22200,34100,58800,4400,5300,300,2200,22100,23800,27800,14200,5600,10600,12900,11300,4600
104.0,5.97,32000,190711.0,5.95,5.94,5.93,5.92,5.91,5.9,5.88,5.85,5.8,5.76,5.97,5.98,5.99,6.0,6.01,6.02,6.03,6.04,6.05,6.06,2200,8500,27100,13400,22200,34100,58800,4400,5300,300,2000,22100,23800,27800,14200,5600,10600,12900,11300,4600
105.0,5.97,32000,190711.0,5.95,5.94,5.93,5.92,5.91,5.9,5.88,5.85,5.8,5.76,5.97,5.98,5.99,6.0,6.01,6.02,6.03,6.04,6.05,6.06,2200,8500,27100,13400,22200,34100,58800,4400,5300,300,2000,22100,23800,27800,14200,5600,10600,12900,11300,4600
106.0,5.97,32000,190711.0,5.95,5.94,5.93,5.92,5.91,5.9,5.88,5.85,5.8,5.76,5.96,5.97,5.98,5.99,6.0,6.01,6.02,6.03,6.04,6.05,2200,8500,27100,13400,22200,34100,58800,4400,5300,300,200,2000,22100,23800,27800,14200,5600,10600,12900,11300
107.0,5.97,32000,190711.0,5.95,5.94,5.93,5.92,5.91,5.9,5.88,5.85,5.8,5.76,5.96,5.97,5.98,5.99,6.0,6.01,6.02,6.03,6.04,6.05,2200,8500,27100,13400,22200,34100,58800,4400,5300,300,200,2000,22100,23800,27800,14200,5600,10600,12900,11300
108.0,5.97,32000,190711.0,5.95,5.94,5.93,5.92,5.91,5.9,5.88,5.85,5.8,5.76,5.96,5.97,5.98,5.99,6.0,6.01,6.02,6.03,6.04,6.05,2200,8500,27100,23400,22200,34100,58800,4400,5300,300,200,2000,22100,23800,27800,14200,5600,10600,12900,11300
109.0,5.97,32000,190711.0,5.95,5.94,5.93,5.92,5.91,5.9,5.88,5.85,5.8,5.76,5.96,5.97,5.98,5.99,6.0,6.01,6.02,6.03,6.04,6.05,2200,8500,27100,23400,22200,34100,58800,4400,5300,300,200,2000,22100,23800,27800,14200,5600,10600,12900,11300
110.0,5.97,32000,190711.0,5.95,5.94,5.93,5.92,5.91,5.9,5.88,5.85,5.8,5.76,5.96,5.97,5.98,5.99,6.0,6.01,6.02,6.03,6.04,6.05,2200,8500,27100,23400,22200,34100,58800,4400,5300,300,200,2000,21900,23800,27800,14200,5600,10600,12900,11300
111.0,5.97,32000,190711.0,5.95,5.94,5.93,5.92,5.91,5.9,5.88,5.85,5.8,5.76,5.96,5.97,5.98,5.99,6.0,6.01,6.02,6.03,6.04,6.05,2200,8500,27100,23400,22200,34100,58800,4400,5300,300,200,2000,21900,23800,27800,14200,5600,10600,12900,11300
112.0,5.97,32000,190711.0,5.95,5.94,5.93,5.92,5.91,5.9,5.88,5.85,5.8,5.76,5.96,5.97,5.98,5.99,6.0,6.01,6.02,6.03,6.04,6.05,2200,8500,27100,23400,22200,34100,58800,4400,5300,300,200,2000,21900,23800,27800,14200,5600,10600,12900,11300
113.0,5.97,32000,190711.0,5.95,5.94,5.93,5.92,5.91,5.9,5.88,5.85,5.8,5.76,5.96,5.97,5.98,5.99,6.0,6.01,6.02,6.03,6.04,6.05,2200,8500,27100,23400,22200,34100,58800,4400,5300,300,200,2000,21900,23800,27800,14200,5600,10600,12900,11300
114.0,5.97,32000,190711.0,5.95,5.94,5.93,5.92,5.91,5.9,5.88,5.85,5.8,5.76,5.96,5.97,5.98,5.99,6.0,6.01,6.02,6.03,6.04,6.05,2200,8500,27100,23400,22200,34100,58800,4400,5300,300,200,2000,21900,23800,27800,14200,5600,10600,12900,11300
115.0,5.97,32000,190711.0,5.95,5.94,5.93,5.92,5.91,5.9,5.88,5.85,5.8,5.76,5.96,5.97,5.98,5.99,6.0,6.01,6.02,6.03,6.04,6.05,2200,8500,27100,23400,22200,34100,58800,4400,5300,300,200,2000,21900,23800,27800,14200,5600,10600,12900,11300
116.0,5.97,32000,190711.0,5.95,5.94,5.93,5.92,5.91,5.9,5.88,5.85,5.8,5.76,5.96,5.97,5.98,5.99,6.0,6.01,6.02,6.03,6.04,6.05,2200,8500,27100,23400,22200,34100,58800,4400,5300,300,200,2000,21900,23800,27800,14200,5600,10600,12900,11300
117.0,5.97,32000,190711.0,5.95,5.94,5.93,5.92,5.91,5.9,5.88,5.85,5.8,5.76,5.96,5.97,5.98,5.99,6.0,6.01,6.02,6.03,6.04,6.05,2200,8500,27100,23400,22200,34100,58800,4400,5300,300,200,2000,21900,23800,27800,14200,5600,10600,12900,11300
118.0,5.97,32000,190711.0,5.95,5.94,5.93,5.92,5.91,5.9,5.88,5.85,5.8,5.76,5.96,5.97,5.98,5.99,6.0,6.01,6.02,6.03,6.04,6.05,2200,8500,27100,23400,22200,34100,58800,4400,5300,300,200,2000,21900,23800,27800,14200,5600,10600,12900,11300
119.0,5.97,32000,190711.0,5.95,5.94,5.93,5.92,5.91,5.9,5.88,5.85,5.8,5.76,5.96,5.97,5.98,5.99,6.0,6.01,6.02,6.03,6.04,6.05,2200,8500,27100,23400,22200,34100,58800,4400,5300,300,200,2000,21900,23800,27800,14200,5600,10600,12900,11300
120.0,5.97,32000,190711.0,5.95,5.94,5.93,5.92,5.91,5.9,5.88,5.85,5.8,5.76,5.96,5.97,5.98,5.99,6.0,6.01,6.02,6.03,6.04,6.05,2200,8500,27100,23400,22200,34100,58800,4400,5300,300,200,2000,21900,23800,27800,14200,5600,10600,12900,11300
121.0,5.97,32000,190711.0,5.95,5.94,5.93,5.92,5.91,5.9,5.88,5.85,5.8,5.76,5.96,5.97,5.98,5.99,6.0,6.01,6.02,6.03,6.04,6.05,2200,8500,27100,23400,22200,34100,58800,4400,5300,300,200,2000,21900,23800,27800,14200,5600,10600,12900,11300
122.0,5.97,32000,190711.0,5.95,5.94,5.93,5.92,5.91,5.9,5.88,5.85,5.8,5.76,5.96,5.97,5.98,5.99,6.0,6.01,6.02,6.03,6.04,6.05,2200,8500,27600,23400,22200,34100,58800,4400,5300,300,600,2000,21900,23800,27800,14200,5600,10600,12900,11300
123.0,5.97,32000,190711.0,5.95,5.94,5.93,5.92,5.91,5.9,5.88,5.85,5.8,5.76,5.96,5.97,5.98,5.99,6.0,6.01,6.02,6.03,6.04,6.05,2200,8500,27600,23400,22200,34100,58800,4400,5300,300,600,2000,21900,23800,27800,14200,5600,10600,12900,11300
124.0,5.97,32000,190711.0,5.95,5.94,5.93,5.92,5.91,5.9,5.88,5.85,5.8,5.76,5.96,5.97,5.98,5.99,6.0,6.01,6.02,6.03,6.04,6.05,2200,8500,27600,23400,22200,34100,58800,4400,5300,300,600,2000,21900,23800,27800,14200,5600,10600,12900,11300
125.0,5.97,32000,190711.0,5.95,5.94,5.93,5.92,5.91,5.9,5.88,5.85,5.8,5.76,5.96,5.97,5.98,5.99,6.0,6.01,6.02,6.03,6.04,6.05,2200,8500,27600,23400,22200,34100,58800,4400,5300,300,600,2000,21900,23800,27800,14200,5600,10600,12900,11300
126.0,5.97,32000,190711.0,5.95,5.94,5.93,5.92,5.91,5.9,5.88,5.85,5.8,5.76,5.96,5.97,5.98,5.99,6.0,6.01,6.02,6.03,6.04,6.05,2200,8500,27600,23400,22200,34100,58800,4400,5300,300,600,2000,21900,23800,27800,14200,5600,10600,12900,11300
127.0,5.97,32000,190711.0,5.95,5.94,5.93,5.92,5.91,5.9,5.88,5.85,5.8,5.76,5.96,5.97,5.98,5.99,6.0,6.01,6.02,6.03,6.04,6.05,2200,8500,27600,23400,22200,24100,58800,4400,5300,300,700,2000,21900,23800,27800,14200,5600,10600,12900,11300
128.0,5.95,32800,195471.0,5.95,5.94,5.93,5.92,5.91,5.9,5.88,5.85,5.8,5.76,5.96,5.97,5.98,5.99,6.0,6.01,6.02,6.03,6.04,6.05,1400,8500,27600,23400,22200,24100,58800,4400,5300,300,700,2000,21900,23800,27800,14200,5600,10600,12900,11300
129.0,5.95,32800,195471.0,5.95,5.94,5.93,5.92,5.91,5.9,5.88,5.85,5.8,5.76,5.96,5.97,5.98,5.99,6.0,6.01,6.02,6.03,6.04,6.05,1400,8500,27600,23400,22200,24100,58800,4400,5300,300,700,2000,21900,23800,27800,14200,5600,10600,12900,11300
130.0,5.95,32900,196066.0,5.95,5.94,5.93,5.92,5.91,5.9,5.88,5.85,5.8,5.76,5.96,5.97,5.98,5.99,6.0,6.01,6.02,6.03,6.04,6.05,1300,8500,27600,23400,22200,24100,58800,4400,5300,300,700,2000,21900,23800,27800,14200,5600,10600,12900,11300
131.0,5.95,34200,203801.0,5.94,5.93,5.92,5.91,5.9,5.88,5.85,5.8,5.76,5.71,5.95,5.96,5.97,5.98,5.99,6.0,6.01,6.02,6.03,6.04,8500,27600,23400,22200,24100,58800,4400,5300,300,500,2000,700,2000,21900,23800,27800,14200,5600,10600,12900
132.0,5.95,34200,203801.0,5.94,5.93,5.92,5.91,5.9,5.88,5.85,5.8,5.76,5.71,5.95,5.96,5.97,5.98,5.99,6.0,6.01,6.02,6.03,6.04,8600,27600,23400,22200,24100,58800,4400,5300,300,500,2200,700,2000,21900,23800,27800,14200,5600,10600,12900
133.0,5.95,34200,203801.0,5.94,5.93,5.92,5.91,5.9,5.88,5.85,5.8,5.76,5.71,5.95,5.96,5.97,5.98,5.99,6.0,6.01,6.02,6.03,6.04,8600,27600,23400,22200,24100,58800,4400,5300,300,500,2200,700,2000,21900,23800,7100,14200,5600,10600,12900
134.0,5.95,34800,207371.0,5.94,5.93,5.92,5.91,5.9,5.88,5.85,5.8,5.76,5.71,5.95,5.96,5.97,5.98,5.99,6.0,6.01,6.02,6.03,6.04,8600,27600,23400,22200,24100,58800,4400,5300,300,500,1600,700,2000,21900,23800,7100,14200,5600,10600,12900
135.0,5.95,34900,207966.0,5.94,5.93,5.92,5.91,5.9,5.88,5.85,5.8,5.76,5.71,5.95,5.96,5.97,5.98,5.99,6.0,6.01,6.02,6.03,6.04,8600,27600,23400,22200,24100,58800,4400,5300,300,500,1500,700,2000,21900,23800,7100,14200,5600,10600,12900
136.0,5.95,34900,207966.0,5.94,5.93,5.92,5.91,5.9,5.88,5.85,5.8,5.76,5.71,5.95,5.96,5.97,5.98,5.99,6.0,6.01,6.02,6.03,6.04,8600,27600,23400,22200,24100,58800,4400,5300,300,500,1500,700,2000,21900,23800,7100,14200,5600,10600,12900
137.0,5.95,35000,208561.0,5.94,5.93,5.92,5.91,5.9,5.88,5.85,5.8,5.76,5.71,5.95,5.96,5.97,5.98,5.99,6.0,6.01,6.02,6.03,6.04,8600,27600,28400,22200,24100,58800,4400,5300,300,500,1700,700,2000,21900,23800,7100,14200,5600,10600,12900
138.0,5.95,35100,209156.0,5.94,5.93,5.92,5.91,5.9,5.88,5.85,5.8,5.76,5.71,5.95,5.96,5.97,5.98,5.99,6.0,6.01,6.02,6.03,6.04,8600,27600,28400,22200,24100,58800,4400,5300,300,500,1600,700,2000,21900,23800,7100,14200,5600,10600,12900
139.0,5.95,35100,209156.0,5.94,5.93,5.92,5.91,5.9,5.88,5.85,5.8,5.76,5.71,5.95,5.96,5.97,5.98,5.99,6.0,6.01,6.02,6.03,6.04,8600,27600,28400,22200,24100,58800,4400,5300,300,500,1600,700,2000,21900,23800,7100,14200,5600,10600,12900
140.0,5.95,35200,209751.0,5.94,5.93,5.92,5.91,5.9,5.88,5.85,5.8,5.76,5.71,5.95,5.96,5.97,5.98,5.99,6.0,6.01,6.02,6.03,6.04,8600,27600,28400,22200,24100,58800,4400,5300,300,500,1500,400,2000,21900,23800,7100,14200,5600,10600,12900
141.0,5.95,35200,209751.0,5.94,5.93,5.92,5.91,5.9,5.88,5.85,5.8,5.76,5.71,5.95,5.96,5.97,5.98,5.99,6.0,6.01,6.02,6.03,6.04,8600,27600,28400,22200,24100,58800,4400,5300,300,500,1500,400,2000,21900,23800,7100,14200,5600,10600,12900
142.0,5.95,36300,216296.0,5.94,5.93,5.92,5.91,5.9,5.88,5.85,5.8,5.76,5.71,5.95,5.96,5.97,5.98,5.99,6.0,6.01,6.02,6.03,6.04,8600,27600,28400,22200,24100,58800,4400,5300,300,500,400,400,2000,21900,23800,7100,14200,5600,10600,12900
143.0,5.95,36500,217486.0,5.94,5.93,5.92,5.91,5.9,5.88,5.85,5.8,5.76,5.71,5.95,5.96,5.97,5.98,5.99,6.0,6.01,6.02,6.03,6.04,8600,27600,28400,22200,24100,58800,4400,5300,300,500,200,400,2000,21900,23800,7100,14200,5600,10600,12900
144.0,5.95,36500,217486.0,5.94,5.93,5.92,5.91,5.9,5.88,5.85,5.8,5.76,5.71,5.95,5.96,5.97,5.98,5.99,6.0,6.01,6.02,6.03,6.04,8600,27600,28400,22200,24100,58800,4400,5300,300,500,200,400,2000,21900,23800,7100,14200,5600,10600,12900
145.0,5.95,36500,217486.0,5.94,5.93,5.92,5.91,5.9,5.88,5.85,5.8,5.76,5.71,5.95,5.96,5.97,5.98,5.99,6.0,6.01,6.02,6.03,6.04,8600,27600,28400,22200,24100,58800,4400,5300,300,500,200,400,2000,21900,23800,7100,14200,5600,10600,12900
146.0,5.95,36500,217486.0,5.94,5.93,5.92,5.91,5.9,5.88,5.85,5.8,5.76,5.71,5.95,5.96,5.97,5.98,5.99,6.0,6.01,6.02,6.03,6.04,8600,27600,28400,22200,24100,58800,4400,5300,300,500,200,400,2000,21900,23800,7100,14200,5600,10600,12900
147.0,5.95,36500,217486.0,5.94,5.93,5.92,5.91,5.9,5.88,5.85,5.8,5.76,5.71,5.95,5.96,5.97,5.98,5.99,6.0,6.01,6.02,6.03,6.04,8600,27600,28400,22200,24100,58800,4400,5300,300,500,200,400,2000,21900,23800,7100,14200,5600,10600,12900
148.0,5.95,36500,217486.0,5.94,5.93,5.92,5.91,5.9,5.88,5.85,5.8,5.76,5.71,5.95,5.96,5.97,5.98,5.99,6.0,6.01,6.02,6.03,6.04,8600,27600,28400,22200,24100,58800,4400,5300,300,500,200,400,2000,21900,23800,7100,14200,5600,10600,12900
149.0,5.95,36500,217486.0,5.94,5.93,5.92,5.91,5.9,5.88,5.85,5.8,5.76,5.71,5.95,5.96,5.97,5.98,5.99,6.0,6.01,6.02,6.03,6.04,8600,27600,28400,22200,24100,58800,4400,5300,300,500,200,400,2000,21900,23800,7100,14200,5600,10600,12900
150.0,5.95,36500,217486.0,5.94,5.93,5.92,5.91,5.9,5.88,5.85,5.8,5.76,5.71,5.95,5.96,5.97,5.98,5.99,6.0,6.01,6.02,6.03,6.04,8600,27600,28400,22200,24100,58800,4400,5300,300,500,200,400,2000,21900,23800,7100,14200,5600,10600,12900
151.0,5.95,36500,217486.0,5.94,5.93,5.92,5.91,5.9,5.88,5.85,5.8,5.76,5.71,5.95,5.96,5.97,5.98,5.99,6.0,6.01,6.02,6.03,6.04,8600,27600,28400,22200,24100,58800,4400,5300,300,500,400,600,2000,21900,23800,7100,14200,5600,10600,12900
152.0,5.95,37000,220459.0,5.94,5.93,5.92,5.91,5.9,5.88,5.85,5.8,5.76,5.71,5.95,5.96,5.97,5.98,5.99,6.0,6.01,6.02,6.03,6.04,8400,27600,28400,22200,24100,58800,4400,5300,300,500,100,600,2000,21900,23800,7100,14200,5600,10600,12900
153.0,5.95,37000,220459.0,5.94,5.93,5.92,5.91,5.9,5.88,5.85,5.8,5.76,5.71,5.95,5.96,5.97,5.98,5.99,6.0,6.01,6.02,6.03,6.04,8400,27600,28400,22200,24100,58800,4400,5300,300,500,100,600,2000,21900,23800,7100,14200,5600,10600,12900
154.0,5.95,37000,220459.0,5.94,5.93,5.92,5.91,5.9,5.88,5.85,5.8,5.76,5.71,5.95,5.96,5.97,5.98,5.99,6.0,6.01,6.02,6.03,6.04,8400,27600,28400,22200,24100,58800,4400,5300,300,500,100,600,2000,21900,23800,7100,14200,5600,10600,12900
155.0,5.95,37000,220459.0,5.94,5.93,5.92,5.91,5.9,5.88,5.85,5.8,5.76,5.71,5.95,5.96,5.97,5.98,5.99,6.0,6.01,6.02,6.03,6.04,8400,27600,28400,22200,24100,58800,4400,5300,300,500,100,600,2000,21900,23800,7100,14200,5600,10600,12900
156.0,5.95,37000,220459.0,5.94,5.93,5.92,5.91,5.9,5.88,5.85,5.8,5.76,5.71,5.95,5.96,5.97,5.98,5.99,6.0,6.01,6.02,6.03,6.04,8400,27600,28400,22200,24100,58800,4400,5300,300,500,100,600,2000,21900,23800,7100,14200,5600,10600,12900
157.0,5.95,37000,220459.0,5.94,5.93,5.92,5.91,5.9,5.88,5.85,5.8,5.76,5.71,5.95,5.96,5.97,5.98,5.99,6.0,6.01,6.02,6.03,6.04,8400,27600,28400,22200,24100,58800,4400,5300,300,500,100,600,2000,21900,23800,7100,14200,5600,10600,12900
158.0,5.95,37000,220459.0,5.94,5.93,5.92,5.91,5.9,5.88,5.85,5.8,5.76,5.71,5.95,5.96,5.97,5.98,5.99,6.0,6.01,6.02,6.03,6.04,8400,27600,28400,22200,24100,58800,4400,5300,300,500,100,600,2000,21900,23800,7100,14200,5600,10600,12900
159.0,5.95,37000,220459.0,5.94,5.93,5.92,5.91,5.9,5.88,5.85,5.8,5.76,5.71,5.95,5.96,5.97,5.98,5.99,6.0,6.01,6.02,6.03,6.04,8400,27600,28400,22200,24100,58800,4400,5300,300,500,100,600,2000,21900,23800,7100,14200,5600,10600,12900
160.0,5.95,37000,220459.0,5.94,5.93,5.92,5.91,5.9,5.88,5.85,5.8,5.76,5.71,5.95,5.96,5.97,5.98,5.99,6.0,6.01,6.02,6.03,6.04,8400,27600,28400,22200,24100,58800,4400,5300,300,500,100,600,2000,21900,23800,7100,14200,5600,10600,12900
161.0,5.95,37000,220459.0,5.94,5.93,5.92,5.91,5.9,5.88,5.85,5.8,5.76,5.71,5.95,5.96,5.97,5.98,5.99,6.0,6.01,6.02,6.03,6.04,8400,27600,28400,22200,24100,58800,4400,5300,300,500,100,600,2000,21900,23800,7100,14200,5600,10600,12900
162.0,5.94,37800,225211.0,5.94,5.93,5.92,5.91,5.9,5.88,5.85,5.8,5.76,5.71,5.95,5.96,5.97,5.98,5.99,6.0,6.01,6.02,6.03,6.04,7600,27600,28400,22200,24100,58800,4400,5300,300,500,4200,300,2000,21900,23800,7100,14200,5600,10600,12900
163.0,5.94,37800,225211.0,5.94,5.93,5.92,5.91,5.9,5.88,5.85,5.8,5.76,5.71,5.95,5.96,5.97,5.98,5.99,6.0,6.01,6.02,6.03,6.04,7600,27600,28400,22200,24100,58800,4400,5300,300,500,4200,300,2000,21900,23800,7100,14200,5600,10600,12900
164.0,5.94,37800,225211.0,5.94,5.93,5.92,5.91,5.9,5.88,5.85,5.8,5.76,5.71,5.95,5.96,5.97,5.98,5.99,6.0,6.01,6.02,6.03,6.04,7600,27600,28400,22200,24100,58800,4400,5300,300,500,4200,300,2000,21900,23800,7100,14200,5600,10600,12900
165.0,5.95,38200,227591.0,5.94,5.93,5.92,5.91,5.9,5.88,5.85,5.8,5.76,5.71,5.95,5.96,5.97,5.98,5.99,6.0,6.01,6.02,6.03,6.04,7600,27600,28400,22200,24100,58800,4400,5300,300,500,3800,300,2000,21900,23800,7100,14200,5600,10600,12900
166.0,5.95,38200,227591.0,5.94,5.93,5.92,5.91,5.9,5.88,5.85,5.8,5.76,5.71,5.95,5.96,5.97,5.98,5.99,6.0,6.01,6.02,6.03,6.04,7600,27600,28400,22200,24100,58800,4400,5300,300,500,3800,300,2000,21900,23800,7100,14200,5600,10600,12900
167.0,5.95,38200,227591.0,5.94,5.93,5.92,5.91,5.9,5.88,5.85,5.8,5.76,5.71,5.95,5.96,5.97,5.98,5.99,6.0,6.01,6.02,6.03,6.04,7600,27600,28400,22200,24100,58800,4400,5300,300,500,3800,300,2000,21900,23800,7100,14200,5600,10600,12900
168.0,5.95,38900,231756.0,5.94,5.93,5.92,5.91,5.9,5.88,5.85,5.8,5.76,5.71,5.95,5.96,5.97,5.98,5.99,6.0,6.01,6.02,6.03,6.04,7600,27600,28400,22200,24100,58800,4400,5300,300,500,3100,300,2000,21900,23800,7100,14200,5600,10600,12900
169.0,5.95,39200,233541.0,5.94,5.93,5.92,5.91,5.9,5.88,5.85,5.8,5.76,5.71,5.95,5.96,5.97,5.98,5.99,6.0,6.01,6.02,6.03,6.04,7600,27600,28400,22200,24100,58800,4400,5300,300,500,2800,300,2000,21900,23800,7100,14200,5600,10600,12900
170.0,5.95,39400,234731.0,5.94,5.93,5.92,5.91,5.9,5.88,5.85,5.8,5.76,5.71,5.95,5.96,5.97,5.98,5.99,6.0,6.01,6.02,6.03,6.04,7600,27600,28400,22200,24100,58800,4400,5300,300,500,2600,300,2000,21900,23800,7100,14200,5600,10600,12900
171.0,5.95,42000,250201.0,5.95,5.94,5.93,5.92,5.91,5.9,5.88,5.85,5.8,5.76,5.96,5.97,5.98,5.99,6.0,6.01,6.02,6.03,6.04,6.05,1100,7600,27600,28400,22200,24100,58800,4400,5300,300,300,2000,21900,23800,7100,14200,5600,10600,12900,11300
172.0,5.95,42000,250201.0,5.95,5.94,5.93,5.92,5.91,5.9,5.88,5.85,5.8,5.76,5.96,5.97,5.98,5.99,6.0,6.01,6.02,6.03,6.04,6.05,1100,7600,27600,28400,22200,24100,58800,4400,5300,300,300,2000,21900,23800,7100,14200,5600,10600,12900,11300
173.0,5.95,42100,250796.0,5.95,5.94,5.93,5.92,5.91,5.9,5.88,5.85,5.8,5.76,5.96,5.97,5.98,5.99,6.0,6.01,6.02,6.03,6.04,6.05,1000,7600,27600,28400,22200,24100,58800,4400,5300,300,300,2000,21900,23800,7100,14200,5600,10600,12900,11300
174.0,5.95,42100,250796.0,5.95,5.94,5.93,5.92,5.91,5.9,5.88,5.85,5.8,5.76,5.96,5.97,5.98,5.99,6.0,6.01,6.02,6.03,6.04,6.05,1000,7600,27600,28400,22200,24100,58800,4400,5300,300,300,2000,21900,23800,7100,14200,5600,10600,12900,11300
175.0,5.95,42100,250796.0,5.95,5.94,5.93,5.92,5.91,5.9,5.88,5.85,5.8,5.76,5.96,5.97,5.98,5.99,6.0,6.01,6.02,6.03,6.04,6.05,1000,7600,27600,28400,22200,24100,58800,4400,5300,300,300,2000,21900,23800,7100,14200,5600,10600,12900,11300
176.0,5.95,42200,251391.0,5.95,5.94,5.93,5.92,5.91,5.9,5.88,5.85,5.8,5.76,5.96,5.97,5.98,5.99,6.0,6.01,6.02,6.03,6.04,6.05,900,7600,27600,28400,22200,24100,58800,4400,5300,300,300,2000,21900,23800,7100,14200,5600,10600,12900,11300
177.0,5.95,42200,251391.0,5.95,5.94,5.93,5.92,5.91,5.9,5.88,5.85,5.8,5.76,5.96,5.97,5.98,5.99,6.0,6.01,6.02,6.03,6.04,6.05,900,7600,27600,28400,22200,24100,58800,4400,5300,300,300,2000,21900,23800,7100,14200,5600,10600,12900,11300
178.0,5.95,42200,251391.0,5.95,5.94,5.93,5.92,5.91,5.9,5.88,5.85,5.8,5.76,5.96,5.97,5.98,5.99,6.0,6.01,6.02,6.03,6.04,6.05,900,7600,27600,28400,22200,26100,58800,4400,5300,300,300,2000,21900,23800,7100,14200,5600,10600,12900,11300
179.0,5.95,42600,253771.0,5.95,5.94,5.93,5.92,5.91,5.9,5.88,5.85,5.8,5.76,5.96,5.97,5.98,5.99,6.0,6.01,6.02,6.03,6.04,6.05,500,7600,27600,28400,22200,26100,58800,4400,5300,300,300,2000,21900,23800,7100,14200,5600,10600,12900,11300
180.0,5.95,42600,253771.0,5.95,5.94,5.93,5.92,5.91,5.9,5.88,5.85,5.8,5.76,5.96,5.97,5.98,5.99,6.0,6.01,6.02,6.03,6.04,6.05,500,7600,27600,28400,22200,26100,58800,4400,5300,300,300,2000,21900,23800,7100,14200,5600,10600,12900,11300
181.0,5.95,42600,253771.0,5.95,5.94,5.93,5.92,5.91,5.9,5.88,5.85,5.8,5.76,5.96,5.97,5.98,5.99,6.0,6.01,6.02,6.03,6.04,6.05,500,7600,27600,28400,22200,26100,58800,4400,5300,300,300,2000,21900,23800,7100,14200,5600,10600,12900,11300
182.0,5.95,43100,256746.0,5.94,5.93,5.92,5.91,5.9,5.88,5.85,5.8,5.76,5.71,5.95,5.96,5.97,5.98,5.99,6.0,6.01,6.02,6.03,6.04,7600,27600,28400,22200,26100,58800,4400,5300,300,500,100,500,2000,21900,23800,7100,14200,5600,10600,12900
183.0,5.95,43100,256746.0,5.94,5.93,5.92,5.91,5.9,5.88,5.85,5.8,5.76,5.71,5.95,5.96,5.97,5.98,5.99,6.0,6.01,6.02,6.03,6.04,7600,27600,28400,22200,26100,58800,4400,5300,300,500,100,500,2000,21900,23800,7100,14200,5600,10600,12900
184.0,5.95,43100,256746.0,5.94,5.93,5.92,5.91,5.9,5.88,5.85,5.8,5.76,5.71,5.95,5.96,5.97,5.98,5.99,6.0,6.01,6.02,6.03,6.04,7600,27600,28400,22200,26100,58800,4400,5300,300,500,100,500,2000,21900,23800,7100,14200,5600,10600,12900
185.0,5.95,43100,256746.0,5.94,5.93,5.92,5.91,5.9,5.88,5.85,5.8,5.76,5.71,5.95,5.96,5.97,5.98,5.99,6.0,6.01,6.02,6.03,6.04,7600,27600,28400,22200,26100,58800,4400,5300,300,500,100,500,2000,21900,23800,7100,14200,5600,10600,12900
186.0,5.94,45100,268626.0,5.94,5.93,5.92,5.91,5.9,5.88,5.85,5.8,5.76,5.71,5.95,5.96,5.97,5.98,5.99,6.0,6.01,6.02,6.03,6.04,5600,27600,28400,22200,26100,58800,4400,5300,300,500,200,500,2000,21900,23800,7100,14200,5600,10600,12900
187.0,5.94,45100,268626.0,5.94,5.93,5.92,5.91,5.9,5.88,5.85,5.8,5.76,5.71,5.95,5.96,5.97,5.98,5.99,6.0,6.01,6.02,6.03,6.04,5600,27600,28400,22200,26100,58800,4400,5300,300,500,2100,500,2000,21900,23800,7100,14200,5600,10600,12900
188.0,5.94,45100,268626.0,5.94,5.93,5.92,5.91,5.9,5.88,5.85,5.8,5.76,5.71,5.95,5.96,5.97,5.98,5.99,6.0,6.01,6.02,6.03,6.04,5600,27600,28400,22200,26100,58800,4400,5300,300,500,2500,500,2000,21900,23800,7100,14200,5600,10600,12900
189.0,5.95,45300,269816.0,5.94,5.93,5.92,5.91,5.9,5.88,5.85,5.8,5.76,5.71,5.95,5.96,5.97,5.98,5.99,6.0,6.01,6.02,6.03,6.04,5600,27600,28400,22200,26100,58800,4400,5300,300,500,2300,500,2000,21900,23800,7100,14200,5600,10600,12900
190.0,5.95,46000,273976.0,5.94,5.93,5.92,5.91,5.9,5.88,5.85,5.8,5.76,5.71,5.95,5.96,5.97,5.98,5.99,6.0,6.01,6.02,6.03,6.04,5100,27600,28400,22200,26100,58800,4400,5300,300,500,2400,500,2000,21900,23800,7100,14200,5600,10600,12900
191.0,5.95,46000,273976.0,5.94,5.93,5.92,5.91,5.9,5.88,5.85,5.8,5.76,5.71,5.95,5.96,5.97,5.98,5.99,6.0,6.01,6.02,6.03,6.04,5100,27600,28400,22200,24100,58800,4400,5300,300,500,2400,500,2000,21900,23800,7100,14200,5600,10600,12900
192.0,5.95,46600,277546.0,5.94,5.93,5.92,5.91,5.9,5.88,5.85,5.8,5.76,5.71,5.95,5.96,5.97,5.98,5.99,6.0,6.01,6.02,6.03,6.04,5100,27600,28400,22200,24100,58800,4400,5300,300,500,1800,500,2000,21900,23800,7100,14200,5600,10600,12900
193.0,5.95,46700,278141.0,5.94,5.93,5.92,5.91,5.9,5.88,5.85,5.8,5.76,5.71,5.95,5.96,5.97,5.98,5.99,6.0,6.01,6.02,6.03,6.04,5100,27600,28400,22200,24100,58800,4400,5300,300,500,1700,500,2000,21900,23400,5000,14200,5600,10600,12900
194.0,5.95,46700,278141.0,5.94,5.93,5.92,5.91,5.9,5.88,5.85,5.8,5.76,5.71,5.95,5.96,5.97,5.98,5.99,6.0,6.01,6.02,6.03,6.04,5100,27900,28400,22200,24100,58800,4400,5300,300,500,1700,500,2000,21900,23400,5000,14200,5600,10600,12900
195.0,5.95,46700,278141.0,5.94,5.93,5.92,5.91,5.9,5.88,5.85,5.8,5.76,5.71,5.95,5.96,5.97,5.98,5.99,6.0,6.01,6.02,6.03,6.04,5100,27900,28400,22200,24100,58800,4400,5300,300,500,1700,500,2000,21900,23400,5000,14200,5600,10600,12900
196.0,5.95,46800,278736.0,5.94,5.93,5.92,5.91,5.9,5.88,5.85,5.8,5.76,5.71,5.95,5.96,5.97,5.98,5.99,6.0,6.01,6.02,6.03,6.04,5100,27900,28400,22200,24100,58800,4400,5300,300,500,1600,500,2000,21900,23400,5000,14200,5600,10600,12900
197.0,5.95,46800,278736.0,5.94,5.93,5.92,5.91,5.9,5.88,5.85,5.8,5.76,5.71,5.95,5.96,5.97,5.98,5.99,6.0,6.01,6.02,6.03,6.04,5100,27900,28400,22200,24100,58800,4400,5300,300,500,1600,500,2000,21900,23400,5000,14200,5600,10600,12900
198.0,5.95,46800,278736.0,5.94,5.93,5.92,5.91,5.9,5.88,5.85,5.8,5.76,5.71,5.95,5.96,5.97,5.98,5.99,6.0,6.01,6.02,6.03,6.04,5100,27900,28400,22200,24100,58800,4400,5300,300,500,1600,500,2000,21900,23400,5000,14200,5600,10600,12900
199.0,5.95,46800,278736.0,5.94,5.93,5.92,5.91,5.9,5.88,5.85,5.8,5.76,5.71,5.95,5.96,5.97,5.98,5.99,6.0,6.01,6.02,6.03,6.04,5100,27900,28400,22200,24100,58800,4400,5300,300,500,1600,500,2000,21900,23400,5000,14200,5600,10600,12900
200.0,5.95,47000,279926.0,5.94,5.93,5.92,5.91,5.9,5.88,5.85,5.8,5.76,5.71,5.95,5.96,5.97,5.98,5.99,6.0,6.01,6.02,6.03,6.04,5100,27900,28400,22200,24100,58800,4400,5300,300,500,1400,500,2000,21900,23400,5000,14200,5600,10600,12900
201.0,5.95,47000,279926.0,5.94,5.93,5.92,5.91,5.9,5.88,5.85,5.8,5.76,5.71,5.95,5.96,5.97,5.98,5.99,6.0,6.01,6.02,6.03,6.04,5100,27900,28400,22200,24100,58800,4400,5300,300,500,1400,500,2000,21900,23400,5000,14200,5600,10600,12900
202.0,5.95,47000,279926.0,5.94,5.93,5.92,5.91,5.9,5.88,5.85,5.8,5.76,5.71,5.95,5.96,5.97,5.98,5.99,6.0,6.01,6.02,6.03,6.04,5100,27900,28400,22200,24100,58800,4400,5300,300,500,1400,500,2000,21900,23400,5000,14200,5600,10600,12900
203.0,5.95,47300,281711.0,5.94,5.93,5.92,5.91,5.9,5.88,5.85,5.8,5.76,5.71,5.95,5.96,5.97,5.98,5.99,6.0,6.01,6.02,6.03,6.04,5100,27900,28400,22200,24100,58800,4400,5300,300,500,1100,500,2000,21900,23400,5000,14200,5600,10600,12900
204.0,5.95,47300,281711.0,5.94,5.93,5.92,5.91,5.9,5.88,5.85,5.8,5.76,5.71,5.95,5.96,5.97,5.98,5.99,6.0,6.01,6.02,6.03,6.04,5100,27900,28400,22200,24100,58800,4400,5300,300,500,1100,500,2000,21900,23400,5000,14200,5600,10600,12900
205.0,5.95,47300,281711.0,5.94,5.93,5.92,5.91,5.9,5.88,5.85,5.8,5.76,5.71,5.95,5.96,5.97,5.98,5.99,6.0,6.01,6.02,6.03,6.04,5100,27900,28400,22200,24100,58800,4400,5300,300,500,1100,500,2000,21900,23400,5000,14200,5600,10600,12900
206.0,5.95,47300,281711.0,5.94,5.93,5.92,5.91,5.9,5.88,5.85,5.8,5.76,5.71,5.95,5.96,5.97,5.98,5.99,6.0,6.01,6.02,6.03,6.04,5100,27900,28400,22200,24100,58800,4400,5300,300,500,1100,500,2000,21900,23400,5000,14200,5600,10600,12900
207.0,5.95,47500,282901.0,5.94,5.93,5.92,5.91,5.9,5.88,5.85,5.8,5.76,5.71,5.95,5.96,5.97,5.98,5.99,6.0,6.01,6.02,6.03,6.04,5100,27900,28400,22200,24100,58800,4400,5300,300,500,900,400,2000,21900,23400,5000,14200,5600,10600,12900
208.0,5.95,47500,282901.0,5.94,5.93,5.92,5.91,5.9,5.88,5.85,5.8,5.76,5.71,5.95,5.96,5.97,5.98,5.99,6.0,6.01,6.02,6.03,6.04,5100,27900,28400,22200,24100,58800,4400,5300,300,500,900,400,2000,21900,23400,5000,14200,5600,10600,12900
209.0,5.94,48700,290029.0,5.94,5.93,5.92,5.91,5.9,5.88,5.85,5.8,5.76,5.71,5.95,5.96,5.97,5.98,5.99,6.0,6.01,6.02,6.03,6.04,3900,27900,28400,22200,24100,58800,4400,5300,300,500,900,400,2000,21900,23400,5000,14200,5600,10600,12900
210.0,5.94,48700,290029.0,5.94,5.93,5.92,5.91,5.9,5.88,5.85,5.8,5.76,5.71,5.95,5.96,5.97,5.98,5.99,6.0,6.01,6.02,6.03,6.04,3900,27900,28400,30300,24100,58800,4400,5300,300,500,900,400,2000,21900,23400,5000,14200,5600,10600,12900
211.0,5.94,48700,290029.0,5.94,5.93,5.92,5.91,5.9,5.88,5.85,5.8,5.76,5.71,5.95,5.96,5.97,5.98,5.99,6.0,6.01,6.02,6.03,6.04,3900,27900,28400,30300,24100,58800,4400,5300,300,500,900,400,2000,21900,23400,5000,14200,5600,10600,12900
212.0,5.95,49600,295384.0,5.95,5.94,5.93,5.92,5.91,5.9,5.88,5.85,5.8,5.76,5.96,5.97,5.98,5.99,6.0,6.01,6.02,6.03,6.04,6.05,1100,3900,27900,28400,30300,24100,58800,4400,5300,300,400,2000,21900,23400,5000,14200,5600,10600,12900,11300
213.0,5.95,49600,295384.0,5.95,5.94,5.93,5.92,5.91,5.9,5.88,5.85,5.8,5.76,5.96,5.97,5.98,5.99,6.0,6.01,6.02,6.03,6.04,6.05,1100,3900,27900,28400,30300,24100,58800,4400,5300,300,400,2000,21900,23400,5000,14200,5600,10600,12900,11300
214.0,5.95,49600,295384.0,5.95,5.94,5.93,5.92,5.91,5.9,5.88,5.85,5.8,5.76,5.96,5.97,5.98,5.99,6.0,6.01,6.02,6.03,6.04,6.05,1100,3900,27900,28400,30300,24100,58800,4400,5300,300,400,2000,21900,23400,5000,14200,5600,10600,12900,11300
215.0,5.95,49600,295384.0,5.95,5.94,5.93,5.92,5.91,5.9,5.88,5.85,5.8,5.76,5.96,5.97,5.98,5.99,6.0,6.01,6.02,6.03,6.04,6.05,1100,3900,27900,28400,30300,24100,58800,4400,5300,300,400,2000,21900,23400,5000,14200,5600,10600,12900,11300
216.0,5.96,49700,295980.0,5.95,5.94,5.93,5.92,5.91,5.9,5.88,5.85,5.8,5.76,5.96,5.97,5.98,5.99,6.0,6.01,6.02,6.03,6.04,6.05,1100,3900,27900,28400,30300,24100,58800,4400,5300,300,300,2000,21900,23400,5000,14200,5600,10600,12900,11300
217.0,5.96,49700,295980.0,5.95,5.94,5.93,5.92,5.91,5.9,5.88,5.85,5.8,5.76,5.96,5.97,5.98,5.99,6.0,6.01,6.02,6.03,6.04,6.05,1100,3900,27900,28400,30300,24100,58800,4400,5300,300,300,2000,21900,23400,5000,14200,5600,10600,12900,11300
218.0,5.95,49800,296575.0,5.95,5.94,5.93,5.92,5.91,5.9,5.88,5.85,5.8,5.76,5.96,5.97,5.98,5.99,6.0,6.01,6.02,6.03,6.04,6.05,1000,3900,27900,28400,30300,24100,58800,4400,5300,300,300,2000,21900,23400,5000,14200,5600,10600,12900,11300
219.0,5.95,49800,296575.0,5.95,5.94,5.93,5.92,5.91,5.9,5.88,5.85,5.8,5.76,5.96,5.97,5.98,5.99,6.0,6.01,6.02,6.03,6.04,6.05,5000,3900,27900,28400,30300,24100,58800,4400,5300,300,800,2000,21900,23400,5000,14200,5600,10600,12900,11300
220.0,5.95,49900,297170.0,5.95,5.94,5.93,5.92,5.91,5.9,5.88,5.85,5.8,5.76,5.96,5.97,5.98,5.99,6.0,6.01,6.02,6.03,6.04,6.05,4900,3900,27900,28400,30300,24100,58800,4400,5300,300,800,2000,21900,23400,5000,14200,5600,10600,12900,11300
221.0,5.95,51100,304310.0,5.95,5.94,5.93,5.92,5.91,5.9,5.88,5.85,5.8,5.76,5.96,5.97,5.98,5.99,6.0,6.01,6.02,6.03,6.04,6.05,3700,3900,27900,28400,30300,24100,58800,4400,5300,300,800,2000,21900,23400,5000,14200,5600,10600,12900,11300
222.0,5.95,51100,304310.0,5.95,5.94,5.93,5.92,5.91,5.9,5.88,5.85,5.8,5.76,5.96,5.97,5.98,5.99,6.0,6.01,6.02,6.03,6.04,6.05,3700,3900,27900,28400,30300,24100,58800,4400,5300,300,800,2000,21900,23400,5000,14200,5600,10600,12900,11300
223.0,5.95,51100,304310.0,5.95,5.94,5.93,5.92,5.91,5.9,5.88,5.85,5.8,5.76,5.96,5.97,5.98,5.99,6.0,6.01,6.02,6.03,6.04,6.05,3700,3900,27900,28400,30300,24100,58800,4400,5300,300,800,2000,21900,23400,5000,14200,5600,10600,12900,11300
224.0,5.95,52900,315020.0,5.95,5.94,5.93,5.92,5.91,5.9,5.88,5.85,5.8,5.76,5.96,5.97,5.98,5.99,6.0,6.01,6.02,6.03,6.04,6.05,1900,3900,27900,28400,30300,24100,58800,4400,5300,300,800,2000,21900,23400,5000,14200,5600,10600,12900,11300
225.0,5.95,52900,315020.0,5.95,5.94,5.93,5.92,5.91,5.9,5.88,5.85,5.8,5.76,5.96,5.97,5.98,5.99,6.0,6.01,6.02,6.03,6.04,6.05,1900,3900,27900,28400,30300,24100,58800,4400,5300,300,800,2000,21900,23400,5000,14200,5600,10600,12900,11300
226.0,5.95,52900,315020.0,5.95,5.94,5.93,5.92,5.91,5.9,5.88,5.85,5.8,5.76,5.96,5.97,5.98,5.99,6.0,6.01,6.02,6.03,6.04,6.05,1900,3900,27900,28400,30300,24100,58800,4400,5300,300,800,2000,21900,23400,5000,14200,5600,10600,12900,11300
227.0,5.95,53100,316211.0,5.95,5.94,5.93,5.92,5.91,5.9,5.88,5.85,5.8,5.76,5.96,5.97,5.98,5.99,6.0,6.01,6.02,6.03,6.04,6.05,1800,3900,27900,28400,30300,24100,58800,4400,5300,300,700,2000,21900,23400,5000,14200,5600,10600,12900,11300
228.0,5.95,53100,316211.0,5.95,5.94,5.93,5.92,5.91,5.9,5.88,5.85,5.8,5.76,5.96,5.97,5.98,5.99,6.0,6.01,6.02,6.03,6.04,6.05,1800,3900,27900,28400,30300,24100,58800,4400,5300,300,700,2000,21900,21900,5000,14200,5600,10600,12900,11300
229.0,5.95,53100,316211.0,5.95,5.94,5.93,5.92,5.91,5.9,5.88,5.85,5.8,5.76,5.96,5.97,5.98,5.99,6.0,6.01,6.02,6.03,6.04,6.05,1800,3900,27900,28400,30300,24100,58800,4400,5300,300,700,2000,21900,21900,5000,14200,5600,10600,12900,11300
230.0,5.95,53100,316211.0,5.95,5.94,5.93,5.92,5.91,5.9,5.88,5.85,5.8,5.76,5.96,5.97,5.98,5.99,6.0,6.01,6.02,6.03,6.04,6.05,1800,3900,27900,28400,30300,24100,58800,4400,5300,300,700,2000,21900,21900,5000,14200,5600,10600,12900,11300
231.0,5.95,53100,316211.0,5.95,5.94,5.93,5.92,5.91,5.9,5.88,5.85,5.8,5.76,5.96,5.97,5.98,5.99,6.0,6.01,6.02,6.03,6.04,6.05,1800,3900,27900,28400,30300,24100,58800,4400,5300,300,700,2000,21900,21900,5000,14200,5600,10600,12900,11300
232.0,5.95,53100,316211.0,5.95,5.94,5.93,5.92,5.91,5.9,5.88,5.85,5.8,5.76,5.96,5.97,5.98,5.99,6.0,6.01,6.02,6.03,6.04,6.05,1800,3900,27900,28400,30300,24100,58800,4400,5300,300,700,2000,21900,21900,5000,14200,5600,10600,12900,11300
233.0,5.95,53100,316211.0,5.95,5.94,5.93,5.92,5.91,5.9,5.88,5.85,5.8,5.76,5.96,5.97,5.98,5.99,6.0,6.01,6.02,6.03,6.04,6.05,1800,3900,27900,28400,30300,24100,58800,4400,5300,300,700,2000,21900,21900,5000,14200,5600,10600,12900,11300
234.0,5.95,53100,316211.0,5.95,5.94,5.93,5.92,5.91,5.9,5.88,5.85,5.8,5.76,5.96,5.97,5.98,5.99,6.0,6.01,6.02,6.03,6.04,6.05,1800,3900,27900,28400,30300,24100,58800,4400,5300,300,700,2000,21900,21900,5000,14200,5600,10600,12900,11300
235.0,5.95,53100,316211.0,5.95,5.94,5.93,5.92,5.91,5.9,5.88,5.85,5.8,5.76,5.96,5.97,5.98,5.99,6.0,6.01,6.02,6.03,6.04,6.05,1800,3900,27900,28400,30300,24100,58800,4400,5300,300,700,2000,21900,21900,5000,14200,5600,10600,12900,11300
236.0,5.95,53100,316211.0,5.95,5.94,5.93,5.92,5.91,5.9,5.88,5.85,5.8,5.76,5.96,5.97,5.98,5.99,6.0,6.01,6.02,6.03,6.04,6.05,1800,3900,27900,28400,30300,24100,58800,4400,5300,300,700,2000,21900,21900,5000,14200,5600,10600,12900,11300
237.0,5.95,53100,316211.0,5.95,5.94,5.93,5.92,5.91,5.9,5.88,5.85,5.8,5.76,5.96,5.97,5.98,5.99,6.0,6.01,6.02,6.03,6.04,6.05,1800,3900,27900,28400,30300,24100,58800,4400,5300,300,700,2000,21900,21900,5000,14200,5600,10600,12900,11300
238.0,5.96,53200,316807.0,5.95,5.94,5.93,5.92,5.91,5.9,5.88,5.85,5.8,5.76,5.96,5.97,5.98,5.99,6.0,6.01,6.02,6.03,6.04,6.05,1800,3900,27900,28400,30300,24100,58800,4400,5300,300,600,2000,21900,21900,5000,14200,5600,10600,12900,11300
239.0,5.96,53200,316807.0,5.95,5.94,5.93,5.92,5.91,5.9,5.88,5.85,5.8,5.76,5.96,5.97,5.98,5.99,6.0,6.01,6.02,6.03,6.04,6.05,1800,3900,27900,28400,30300,24100,58800,4400,5300,300,600,2000,21900,21900,5000,14200,5600,10600,12900,11300
240.0,5.95,55000,327517.0,5.94,5.93,5.92,5.91,5.9,5.88,5.85,5.8,5.76,5.71,5.95,5.96,5.97,5.98,5.99,6.0,6.01,6.02,6.03,6.04,3900,27900,28400,30300,24100,58800,4400,5300,300,500,8800,600,2000,21900,19900,5000,14200,5600,10600,12900
241.0,5.95,55000,327517.0,5.94,5.93,5.92,5.91,5.9,5.88,5.85,5.8,5.76,5.71,5.95,5.96,5.97,5.98,5.99,6.0,6.01,6.02,6.03,6.04,3900,27900,28400,30300,24100,58800,4400,5300,300,500,8800,600,2000,21900,19900,5000,14200,5600,10600,12900
242.0,5.95,55000,327517.0,5.94,5.93,5.92,5.91,5.9,5.88,5.85,5.8,5.76,5.71,5.95,5.96,5.97,5.98,5.99,6.0,6.01,6.02,6.03,6.04,3900,27900,28400,30300,24100,58800,4400,5300,300,500,8800,600,2000,21900,19900,5000,14200,5600,10600,12900
243.0,5.95,55800,332277.0,5.94,5.93,5.92,5.91,5.9,5.88,5.85,5.8,5.76,5.71,5.95,5.96,5.97,5.98,5.99,6.0,6.01,6.02,6.03,6.04,3900,27900,28400,30300,24100,58800,4400,5300,300,500,8400,600,2000,21900,19900,5000,14200,5600,10600,12900
244.0,5.95,56600,337037.0,5.94,5.93,5.92,5.91,5.9,5.88,5.85,5.8,5.76,5.71,5.95,5.96,5.97,5.98,5.99,6.0,6.01,6.02,6.03,6.04,3900,27900,28400,30300,24100,58800,4400,5300,300,500,7600,600,2000,21900,19900,5000,14200,5600,10600,12900
245.0,5.95,56700,337632.0,5.94,5.93,5.92,5.91,5.9,5.88,5.85,5.8,5.76,5.71,5.95,5.96,5.97,5.98,5.99,6.0,6.01,6.02,6.03,6.04,3900,27900,28400,30300,24100,58800,4400,5300,300,500,7500,600,2000,21900,19900,5000,14200,5600,10600,12900
246.0,5.95,56700,337632.0,5.94,5.93,5.92,5.91,5.9,5.88,5.85,5.8,5.76,5.71,5.95,5.96,5.97,5.98,5.99,6.0,6.01,6.02,6.03,6.04,3900,27900,28400,30300,24100,58800,4400,5300,300,500,7500,600,2000,21900,19900,5000,14200,5600,10600,12900
247.0,5.95,56700,337632.0,5.94,5.93,5.92,5.91,5.9,5.88,5.85,5.8,5.76,5.71,5.95,5.96,5.97,5.98,5.99,6.0,6.01,6.02,6.03,6.04,3900,27900,28400,30300,24100,58800,4400,5300,300,500,7500,600,2000,21900,19900,5000,14200,5600,10600,12900
248.0,5.95,56700,337632.0,5.94,5.93,5.92,5.91,5.9,5.88,5.85,5.8,5.76,5.71,5.95,5.96,5.97,5.98,5.99,6.0,6.01,6.02,6.03,6.04,3900,27900,28400,30300,24100,58800,4400,5300,300,500,500,600,2000,21900,19900,5000,14200,5600,10600,12900
249.0,5.95,56700,337632.0,5.94,5.93,5.92,5.91,5.9,5.88,5.85,5.8,5.76,5.71,5.95,5.96,5.97,5.98,5.99,6.0,6.01,6.02,6.03,6.04,3900,27900,28400,30300,24100,58800,4400,5300,300,500,500,600,2000,21900,19900,5000,14200,5600,10600,12900
250.0,5.95,56800,338227.0,5.94,5.93,5.92,5.91,5.9,5.88,5.85,5.8,5.76,5.71,5.95,5.96,5.97,5.98,5.99,6.0,6.01,6.02,6.03,6.04,3900,27900,28400,30300,24100,58800,4400,5300,300,500,400,600,2000,21900,19900,5000,14200,5600,10600,12900
251.0,5.95,57900,344772.0,5.95,5.94,5.93,5.92,5.91,5.9,5.88,5.85,5.8,5.76,5.96,5.97,5.98,5.99,6.0,6.01,6.02,6.03,6.04,6.05,1000,3900,27900,28400,30300,24100,58800,4400,5300,300,600,2000,21900,19900,5000,14200,5600,10600,12900,11300
252.0,5.95,57900,344772.0,5.95,5.94,5.93,5.92,5.91,5.9,5.88,5.85,5.8,5.76,5.96,5.97,5.98,5.99,6.0,6.01,6.02,6.03,6.04,6.05,1000,3900,27900,28400,30300,24100,58800,4400,5300,300,600,2000,21900,19900,5000,14200,5600,10600,12900,11300
253.0,5.95,57900,344772.0,5.95,5.94,5.93,5.92,5.91,5.9,5.88,5.85,5.8,5.76,5.96,5.97,5.98,5.99,6.0,6.01,6.02,6.03,6.04,6.05,1000,3900,27900,28400,30300,24100,58800,4400,5300,300,600,2000,21900,19900,5000,14200,5600,10600,12900,11300
254.0,5.95,58400,347747.0,5.95,5.94,5.93,5.92,5.91,5.9,5.88,5.85,5.8,5.76,5.96,5.97,5.98,5.99,6.0,6.01,6.02,6.03,6.04,6.05,500,3900,27900,28400,30300,24100,58800,4400,5300,300,600,2000,21900,19900,5000,14200,5600,10600,12900,11300
255.0,5.95,58400,347747.0,5.95,5.94,5.93,5.92,5.91,5.9,5.88,5.85,5.8,5.76,5.96,5.97,5.98,5.99,6.0,6.01,6.02,6.03,6.04,6.05,500,3900,27900,28400,30300,24100,58800,4400,5300,300,600,2000,21900,19900,5000,14200,5600,10600,12900,11300
256.0,5.95,58400,347747.0,5.95,5.94,5.93,5.92,5.91,5.9,5.88,5.85,5.8,5.76,5.96,5.97,5.98,5.99,6.0,6.01,6.02,6.03,6.04,6.05,500,3900,27900,28400,30300,24100,58800,4400,5300,300,600,2000,21900,19900,5000,14200,5600,10600,12900,11300
257.0,5.95,58400,347747.0,5.95,5.94,5.93,5.92,5.91,5.9,5.88,5.85,5.8,5.76,5.96,5.97,5.98,5.99,6.0,6.01,6.02,6.03,6.04,6.05,500,3900,27900,28400,30300,24100,58800,4400,5300,300,600,2000,21900,19900,5000,14200,5600,10600,12900,11300
258.0,5.95,58400,347747.0,5.95,5.94,5.93,5.92,5.91,5.9,5.88,5.85,5.8,5.76,5.96,5.97,5.98,5.99,6.0,6.01,6.02,6.03,6.04,6.05,500,3900,27900,28400,30300,24100,58800,4400,5300,300,600,2000,21900,19900,5000,14200,5600,10600,12900,11300
259.0,5.95,58400,347747.0,5.95,5.94,5.93,5.92,5.91,5.9,5.88,5.85,5.8,5.76,5.96,5.97,5.98,5.99,6.0,6.01,6.02,6.03,6.04,6.05,500,3900,27900,28400,30300,24100,58800,4400,5300,300,600,2000,21900,19900,5000,14200,5600,10600,12900,11300
260.0,5.95,58500,348342.0,5.95,5.94,5.93,5.92,5.91,5.9,5.88,5.85,5.8,5.76,5.96,5.97,5.98,5.99,6.0,6.01,6.02,6.03,6.04,6.05,400,3900,27900,28400,30300,24100,58800,4400,5300,300,600,2000,21900,19900,5000,14200,5600,10600,12900,11300
261.0,5.95,58500,348342.0,5.95,5.94,5.93,5.92,5.91,5.9,5.88,5.85,5.8,5.76,5.96,5.97,5.98,5.99,6.0,6.01,6.02,6.03,6.04,6.05,400,3900,27900,28400,30300,24100,58800,4400,5300,300,600,2000,21900,19900,5000,14200,5600,10600,12900,11300
262.0,5.96,58600,348938.0,5.95,5.94,5.93,5.92,5.91,5.9,5.88,5.85,5.8,5.76,5.96,5.97,5.98,5.99,6.0,6.01,6.02,6.03,6.04,6.05,400,3900,27900,28400,30300,24100,58800,4400,5300,300,500,2000,21900,19900,5000,14200,5600,10600,12900,11300
263.0,5.95,58900,350723.0,5.95,5.94,5.93,5.92,5.91,5.9,5.88,5.85,5.8,5.76,5.96,5.97,5.98,5.99,6.0,6.01,6.02,6.03,6.04,6.05,600,3900,27900,28400,30300,24100,58800,4400,5300,300,500,2000,21900,19900,5000,14200,5600,10600,12900,11300
264.0,5.95,58900,350723.0,5.95,5.94,5.93,5.92,5.91,5.9,5.88,5.85,5.8,5.76,5.96,5.97,5.98,5.99,6.0,6.01,6.02,6.03,6.04,6.05,600,3900,27900,28400,30300,24100,58800,4400,5300,300,500,2000,21900,19900,5000,14200,5600,10600,12900,11300
265.0,5.95,58900,350723.0,5.95,5.94,5.93,5.92,5.91,5.9,5.88,5.85,5.8,5.76,5.96,5.97,5.98,5.99,6.0,6.01,6.02,6.03,6.04,6.05,600,3900,27900,28400,30300,24100,58800,4400,5300,300,500,2000,21900,19900,5000,14200,5600,10600,12900,11300
266.0,5.95,58900,350723.0,5.95,5.94,5.93,5.92,5.91,5.9,5.88,5.85,5.8,5.76,5.96,5.97,5.98,5.99,6.0,6.01,6.02,6.03,6.04,6.05,600,3900,27900,28400,30300,24100,58800,4400,5300,300,500,2000,21900,19900,5000,14200,5600,10600,12900,11300
267.0,5.95,58900,350723.0,5.95,5.94,5.93,5.92,5.91,5.9,5.88,5.85,5.8,5.76,5.96,5.97,5.98,5.99,6.0,6.01,6.02,6.03,6.04,6.05,600,3900,27900,28400,30300,24100,58800,4400,5300,300,500,2000,21900,19900,5000,14200,5600,10600,12900,11300
268.0,5.95,59100,351913.0,5.95,5.94,5.93,5.92,5.91,5.9,5.88,5.85,5.8,5.76,5.96,5.97,5.98,5.99,6.0,6.01,6.02,6.03,6.04,6.05,400,3900,27900,28400,30300,24100,58800,4400,5300,300,500,2000,21900,19900,5000,14200,5600,10600,12900,11300
269.0,5.95,59100,351913.0,5.95,5.94,5.93,5.92,5.91,5.9,5.88,5.85,5.8,5.76,5.96,5.97,5.98,5.99,6.0,6.01,6.02,6.03,6.04,6.05,400,3900,27900,28400,30300,24100,58800,4400,5300,300,500,2000,21900,19900,5000,14200,5600,10600,12900,11300
270.0,5.95,59100,351913.0,5.95,5.94,5.93,5.92,5.91,5.9,5.88,5.85,5.8,5.76,5.96,5.97,5.98,5.99,6.0,6.01,6.02,6.03,6.04,6.05,400,3900,27900,28400,30300,24100,58800,4400,5300,300,500,2000,21900,19900,5000,14200,5600,10600,12900,11300
271.0,5.95,59100,351913.0,5.95,5.94,5.93,5.92,5.91,5.9,5.88,5.85,5.8,5.76,5.96,5.97,5.98,5.99,6.0,6.01,6.02,6.03,6.04,6.05,400,3900,27900,28400,30300,24100,58800,4400,5300,300,500,2000,21900,19900,5000,14200,5600,10600,12900,11300
272.0,5.95,59100,351913.0,5.95,5.94,5.93,5.92,5.91,5.9,5.88,5.85,5.8,5.76,5.96,5.97,5.98,5.99,6.0,6.01,6.02,6.03,6.04,6.05,400,3900,27900,28400,30300,24100,58800,4400,5300,300,500,2000,21900,19900,5000,14200,5600,10600,12900,11300
273.0,5.95,59100,351913.0,5.95,5.94,5.93,5.92,5.91,5.9,5.88,5.85,5.8,5.76,5.96,5.97,5.98,5.99,6.0,6.01,6.02,6.03,6.04,6.05,600,3900,27900,28400,30300,24100,58800,4400,5300,300,500,2000,21900,19900,5000,14200,5600,10600,12900,11300
274.0,5.96,59200,352509.0,5.95,5.94,5.93,5.92,5.91,5.9,5.88,5.85,5.8,5.76,5.96,5.97,5.98,5.99,6.0,6.01,6.02,6.03,6.04,6.05,600,3900,27900,28400,30300,24100,58800,4400,5300,300,400,2000,21900,19900,5000,14200,5600,10600,12900,11300
275.0,5.93,63800,379838.0,5.93,5.92,5.91,5.9,5.88,5.85,5.8,5.76,5.71,5.65,5.94,5.95,5.96,5.97,5.98,5.99,6.0,6.01,6.02,6.03,27800,28400,30300,24100,58800,4400,5300,300,500,5000,13100,1300,400,2000,21900,19900,5000,14200,5600,10600
276.0,5.93,63800,379838.0,5.93,5.92,5.91,5.9,5.88,5.85,5.8,5.76,5.71,5.65,5.94,5.95,5.96,5.97,5.98,5.99,6.0,6.01,6.02,6.03,27900,28400,30300,24100,58800,4400,5300,300,500,5000,13200,1300,400,2000,21900,19900,5000,14200,5600,10600
277.0,5.93,63800,379838.0,5.93,5.92,5.91,5.9,5.88,5.85,5.8,5.76,5.71,5.65,5.94,5.95,5.96,5.97,5.98,5.99,6.0,6.01,6.02,6.03,27900,28400,30300,24100,58800,4400,5300,300,500,5000,13200,2300,400,2000,21900,19900,5000,14200,5600,10600
278.0,5.93,63800,379838.0,5.93,5.92,5.91,5.9,5.88,5.85,5.8,5.76,5.71,5.65,5.94,5.95,5.96,5.97,5.98,5.99,6.0,6.01,6.02,6.03,27900,28400,30300,24100,58800,4400,5300,300,500,5000,13300,2300,400,2000,21900,19900,5000,14200,5600,10600
279.0,5.94,65200,388154.0,5.93,5.92,5.91,5.9,5.88,5.85,5.8,5.76,5.71,5.65,5.94,5.95,5.96,5.97,5.98,5.99,6.0,6.01,6.02,6.03,28100,28400,30300,24100,58800,4400,5300,300,500,5000,12000,2300,400,2000,21900,19900,5000,14200,5600,10600
280.0,5.94,65500,389936.0,5.93,5.92,5.91,5.9,5.88,5.85,5.8,5.76,5.71,5.65,5.94,5.95,5.96,5.97,5.98,5.99,6.0,6.01,6.02,6.03,28100,28400,30300,24100,58800,4400,5300,300,500,5000,11700,2800,400,2000,21900,19900,5000,14200,5600,10600
281.0,5.94,66600,396470.0,5.93,5.92,5.91,5.9,5.88,5.85,5.8,5.76,5.71,5.65,5.94,5.95,5.96,5.97,5.98,5.99,6.0,6.01,6.02,6.03,28100,28400,30300,24100,58800,4400,5300,300,500,5000,10600,2800,400,2000,21900,19900,5000,14200,5600,10600
282.0,5.94,67600,402410.0,5.93,5.92,5.91,5.9,5.88,5.85,5.8,5.76,5.71,5.65,5.94,5.95,5.96,5.97,5.98,5.99,6.0,6.01,6.02,6.03,28400,28400,30300,24100,58800,4400,5300,300,500,5000,9900,2800,400,2000,21900,19900,5000,14200,5600,10600
283.0,5.94,67600,402410.0,5.93,5.92,5.91,5.9,5.88,5.85,5.8,5.76,5.71,5.65,5.94,5.95,5.96,5.97,5.98,5.99,6.0,6.01,6.02,6.03,28400,28400,30300,24100,58800,4400,5300,300,500,5000,9900,2800,400,2000,21900,19900,5000,14200,5600,10600
284.0,5.94,67600,402410.0,5.93,5.92,5.91,5.9,5.88,5.85,5.8,5.76,5.71,5.65,5.94,5.95,5.96,5.97,5.98,5.99,6.0,6.01,6.02,6.03,28500,28400,30300,24100,58800,4400,5300,300,500,5000,10000,2800,400,2000,21900,19900,5000,14200,5600,10600
285.0,5.94,69600,414290.0,5.93,5.92,5.91,5.9,5.88,5.85,5.8,5.76,5.71,5.65,5.94,5.95,5.96,5.97,5.98,5.99,6.0,6.01,6.02,6.03,28700,28400,30300,24100,58800,4400,5300,300,500,5000,8200,2800,400,2000,21900,19900,5000,14200,5600,10600
286.0,5.94,70400,419042.0,5.93,5.92,5.91,5.9,5.88,5.85,5.8,5.76,5.71,5.65,5.94,5.95,5.96,5.97,5.98,5.99,6.0,6.01,6.02,6.03,28800,28400,30300,24100,58800,4400,5300,300,500,5000,7700,2800,400,2000,21900,19900,5000,14200,5600,10600
287.0,5.94,70400,419042.0,5.93,5.92,5.91,5.9,5.88,5.85,5.8,5.76,5.71,5.65,5.94,5.95,5.96,5.97,5.98,5.99,6.0,6.01,6.02,6.03,28900,28400,30300,24100,58800,4400,5300,300,500,5000,7900,2800,400,2000,21900,19900,5000,14200,5600,10600
288.0,5.94,71200,423794.0,5.93,5.92,5.91,5.9,5.88,5.85,5.8,5.76,5.71,5.65,5.94,5.95,5.96,5.97,5.98,5.99,6.0,6.01,6.02,6.03,29500,28400,30300,24100,58800,4400,5300,300,500,5000,7300,2800,400,2000,21900,19900,5000,14200,5600,10600
289.0,5.94,71900,427952.0,5.93,5.92,5.91,5.9,5.88,5.85,5.8,5.76,5.71,5.65,5.94,5.95,5.96,5.97,5.98,5.99,6.0,6.01,6.02,6.03,29600,28400,30300,24100,58800,4400,5300,300,500,5000,6700,2800,400,2000,21900,19900,5000,14200,5600,10600
290.0,5.94,71900,427952.0,5.93,5.92,5.91,5.9,5.88,5.85,5.8,5.76,5.71,5.65,5.94,5.95,5.96,5.97,5.98,5.99,6.0,6.01,6.02,6.03,29700,28400,30300,24100,58800,4400,5300,300,500,5000,6800,2800,400,2000,21900,19900,5000,14200,5600,10600
291.0,5.94,71900,427952.0,5.93,5.92,5.91,5.9,5.88,5.85,5.8,5.76,5.71,5.65,5.94,5.95,5.96,5.97,5.98,5.99,6.0,6.01,6.02,6.03,29700,28400,30300,24100,58800,4400,5300,300,500,5000,6800,2800,400,2000,21900,19900,5000,14200,5600,10600
292.0,5.94,72500,431516.0,5.93,5.92,5.91,5.9,5.88,5.85,5.8,5.76,5.71,5.65,5.94,5.95,5.96,5.97,5.98,5.99,6.0,6.01,6.02,6.03,30000,28400,30300,24100,58800,4400,5300,300,500,5000,6500,2800,400,2000,21900,19900,5000,14200,5600,10600
293.0,5.94,72500,431516.0,5.93,5.92,5.91,5.9,5.88,5.85,5.8,5.76,5.71,5.65,5.94,5.95,5.96,5.97,5.98,5.99,6.0,6.01,6.02,6.03,30100,28400,30300,24100,58800,4400,5300,300,500,5000,6600,2800,400,2000,21900,19900,5000,14200,5600,10600
294.0,5.94,72500,431516.0,5.93,5.92,5.91,5.9,5.88,5.85,5.8,5.76,5.71,5.65,5.94,5.95,5.96,5.97,5.98,5.99,6.0,6.01,6.02,6.03,30100,28400,30300,24100,58800,4400,5300,300,500,5000,6600,2800,400,2000,21900,19900,5000,14200,5600,10600
295.0,5.94,72500,431516.0,5.93,5.92,5.91,5.9,5.88,5.85,5.8,5.76,5.71,5.65,5.94,5.95,5.96,5.97,5.98,5.99,6.0,6.01,6.02,6.03,30400,28400,30300,24100,58800,4400,5300,300,500,5000,6900,2800,400,2000,21900,19900,5000,14200,5600,10600
296.0,5.94,73700,438644.0,5.93,5.92,5.91,5.9,5.88,5.85,5.8,5.76,5.71,5.65,5.94,5.95,5.96,5.97,5.98,5.99,6.0,6.01,6.02,6.03,30400,28400,30300,24100,58800,4400,5300,300,500,5000,5800,2800,400,2000,21900,19900,5000,14200,5600,10600
297.0,5.94,74800,445178.0,5.93,5.92,5.91,5.9,5.88,5.85,5.8,5.76,5.71,5.65,5.94,5.95,5.96,5.97,5.98,5.99,6.0,6.01,6.02,6.03,30500,28400,30300,24100,58800,4400,5300,300,500,5000,4700,2800,400,2000,21900,19900,5000,14200,5600,10600
298.0,5.94,74800,445178.0,5.93,5.92,5.91,5.9,5.88,5.85,5.8,5.76,5.71,5.65,5.94,5.95,5.96,5.97,5.98,5.99,6.0,6.01,6.02,6.03,30500,28400,30300,24100,58800,4400,5300,300,500,5000,4700,2800,400,2000,21900,19900,5000,14200,5600,10600
299.0,5.94,75200,447554.0,5.93,5.92,5.91,5.9,5.88,5.85,5.8,5.76,5.71,5.65,5.94,5.95,5.96,5.97,5.98,5.99,6.0,6.01,6.02,6.03,30600,28400,30300,24100,58800,4400,5300,300,500,5000,4400,2800,400,2000,21900,19900,5000,14200,5600,10600
300.0,5.94,75200,447554.0,5.93,5.92,5.91,5.9,5.88,5.85,5.8,5.76,5.71,5.65,5.94,5.95,5.96,5.97,5.98,5.99,6.0,6.01,6.02,6.03,30700,28400,30300,24100,58800,4400,5300,300,500,5000,4500,2800,400,2000,21900,19900,5000,14200,5600,10600
301.0,5.93,75300,448147.0,5.93,5.92,5.91,5.9,5.88,5.85,5.8,5.76,5.71,5.65,5.94,5.95,5.96,5.97,5.98,5.99,6.0,6.01,6.02,6.03,30600,28400,30300,24100,58800,4400,5300,300,500,5000,4500,2800,400,2000,21900,19900,5000,14200,5600,10600
302.0,5.94,75700,450523.0,5.93,5.92,5.91,5.9,5.88,5.85,5.8,5.76,5.71,5.65,5.94,5.95,5.96,5.97,5.98,5.99,6.0,6.01,6.02,6.03,30900,28400,30300,24100,58800,4400,5300,300,500,5000,4200,2800,400,2000,21900,19900,5000,14200,5600,10600
303.0,5.94,76100,452899.0,5.93,5.92,5.91,5.9,5.88,5.85,5.8,5.76,5.71,5.65,5.94,5.95,5.96,5.97,5.98,5.99,6.0,6.01,6.02,6.03,31000,28400,30300,24100,58800,4400,5300,300,500,5000,3900,2800,2500,2000,21900,19900,5000,14200,5600,10600
304.0,5.94,76100,452899.0,5.93,5.92,5.91,5.9,5.88,5.85,5.8,5.76,5.71,5.65,5.94,5.95,5.96,5.97,5.98,5.99,6.0,6.01,6.02,6.03,31000,28400,30300,24100,58800,4400,5300,300,500,5000,3900,2500,2500,2000,21900,19900,5000,14200,5600,10600
305.0,5.94,76100,452899.0,5.93,5.92,5.91,5.9,5.88,5.85,5.8,5.76,5.71,5.65,5.94,5.95,5.96,5.97,5.98,5.99,6.0,6.01,6.02,6.03,31100,28400,30300,24100,58800,4400,5300,300,500,5000,4000,2500,2500,2000,21900,19900,5000,14200,5600,10600
306.0,5.94,76500,455275.0,5.93,5.92,5.91,5.9,5.88,5.85,5.8,5.76,5.71,5.65,5.94,5.95,5.96,5.97,5.98,5.99,6.0,6.01,6.02,6.03,31100,28400,30300,24100,58800,4400,5300,300,500,5000,3700,2500,2500,2000,21900,19900,5000,14200,5600,10600
307.0,5.94,76500,455275.0,5.93,5.92,5.91,5.9,5.88,5.85,5.8,5.76,5.71,5.65,5.94,5.95,5.96,5.97,5.98,5.99,6.0,6.01,6.02,6.03,31200,28400,30300,24100,58800,4400,5300,300,500,5000,3700,2500,2500,2000,21900,19900,5000,14200,5600,10600
308.0,5.94,76500,455275.0,5.93,5.92,5.91,5.9,5.88,5.85,5.8,5.76,5.71,5.65,5.94,5.95,5.96,5.97,5.98,5.99,6.0,6.01,6.02,6.03,31300,28400,30300,24100,58800,4400,5300,300,500,5000,4000,12500,2500,2000,21900,19900,5000,14200,5600,10600
309.0,5.94,76500,455275.0,5.93,5.92,5.91,5.9,5.88,5.85,5.8,5.76,5.71,5.65,5.94,5.95,5.96,5.97,5.98,5.99,6.0,6.01,6.02,6.03,31400,28400,30300,24100,58800,4400,5300,300,500,5000,4400,12500,2500,2000,21900,19900,5000,14200,5600,10600
310.0,5.93,77400,460612.0,5.93,5.92,5.91,5.9,5.88,5.85,5.8,5.76,5.71,5.65,5.94,5.95,5.96,5.97,5.98,5.99,6.0,6.01,6.02,6.03,30500,28400,30300,24100,58800,4400,5300,300,500,5000,5500,12500,2500,2000,21900,19900,5000,14200,5600,10600
311.0,5.94,77900,463582.0,5.93,5.92,5.91,5.9,5.88,5.85,5.8,5.76,5.71,5.65,5.94,5.95,5.96,5.97,5.98,5.99,6.0,6.01,6.02,6.03,30600,28400,30300,24100,58800,4400,5300,300,500,5000,5200,12400,2500,2000,21900,19900,5000,14200,5600,10600
312.0,5.94,78400,466552.0,5.93,5.92,5.91,5.9,5.88,5.85,5.8,5.76,5.71,5.65,5.94,5.95,5.96,5.97,5.98,5.99,6.0,6.01,6.02,6.03,30700,28400,30300,24100,58800,4400,5300,300,500,5000,4700,12400,2500,2000,21900,19900,5000,14200,5600,10600
313.0,5.94,78400,466552.0,5.93,5.92,5.91,5.9,5.88,5.85,5.8,5.76,5.71,5.65,5.94,5.95,5.96,5.97,5.98,5.99,6.0,6.01,6.02,6.03,30800,28400,30300,24100,58800,4400,5300,300,500,5000,4800,12400,2500,2000,21900,19900,5000,14200,5600,10600
314.0,5.94,78400,466552.0,5.93,5.92,5.91,5.9,5.88,5.85,5.8,5.76,5.71,5.65,5.94,5.95,5.96,5.97,5.98,5.99,6.0,6.01,6.02,6.03,30900,28400,30300,24100,58800,4400,5300,300,500,5000,4900,12400,2500,2000,21900,19900,5000,14200,5600,10600
315.0,5.94,78400,466552.0,5.93,5.92,5.91,5.9,5.88,5.85,5.8,5.76,5.71,5.65,5.94,5.95,5.96,5.97,5.98,5.99,6.0,6.01,6.02,6.03,30900,28400,30300,24100,58800,4400,5300,300,500,5000,4900,12400,2500,2000,21900,19900,5000,14200,5600,10600
316.0,5.94,78800,468928.0,5.93,5.92,5.91,5.9,5.88,5.85,5.8,5.76,5.71,5.65,5.94,5.95,5.96,5.97,5.98,5.99,6.0,6.01,6.02,6.03,31000,28400,30300,24100,58800,4400,5300,300,500,5000,4600,12400,2500,2000,21900,19900,5000,14200,5600,10600
317.0,5.94,78800,468928.0,5.93,5.92,5.91,5.9,5.88,5.85,5.8,5.76,5.71,5.65,5.94,5.95,5.96,5.97,5.98,5.99,6.0,6.01,6.02,6.03,31100,28400,30300,24100,58800,4400,5300,300,500,5000,4700,12400,2500,2000,21900,19900,5000,14200,5600,10600
318.0,5.94,79200,471304.0,5.93,5.92,5.91,5.9,5.88,5.86,5.85,5.8,5.76,5.71,5.94,5.95,5.96,5.97,5.98,5.99,6.0,6.01,6.02,6.03,31100,28400,30300,24100,58800,3000,4400,5300,300,500,4300,12400,2500,2000,21900,19900,5000,14200,5600,10600
319.0,5.94,79600,473680.0,5.93,5.92,5.91,5.9,5.88,5.86,5.85,5.8,5.76,5.71,5.94,5.95,5.96,5.97,5.98,5.99,6.0,6.01,6.02,6.03,31200,28400,30300,24100,58800,3000,4400,5300,300,500,4000,12400,2500,2000,21900,19900,5000,14200,5600,10600
320.0,5.94,79600,473680.0,5.93,5.92,5.91,5.9,5.88,5.86,5.85,5.8,5.76,5.71,5.94,5.95,5.96,5.97,5.98,5.99,6.0,6.01,6.02,6.03,31200,28400,30300,24100,58800,3000,4400,5300,300,500,4000,12400,2500,2000,21900,19900,5000,14200,5600,10600
321.0,5.94,82400,490312.0,5.93,5.92,5.91,5.9,5.88,5.86,5.85,5.8,5.76,5.71,5.94,5.95,5.96,5.97,5.98,5.99,6.0,6.01,6.02,6.03,31200,28400,30300,19100,58800,3000,4400,5300,300,500,1200,12400,2500,2000,21900,19900,5000,14200,5600,10600
322.0,5.94,82500,490906.0,5.93,5.92,5.91,5.9,5.88,5.86,5.85,5.8,5.76,5.71,5.94,5.95,5.96,5.97,5.98,5.99,6.0,6.01,6.02,6.03,31300,28400,30300,19100,58800,3000,4400,5300,300,500,1200,12400,2500,2000,21900,19900,5000,14200,5600,10600
323.0,5.94,82500,490906.0,5.93,5.92,5.91,5.9,5.88,5.86,5.85,5.8,5.76,5.71,5.94,5.95,5.96,5.97,5.98,5.99,6.0,6.01,6.02,6.03,31300,28400,30300,19100,58800,3000,4400,5300,300,500,1900,12400,2500,2000,21900,19900,5000,14200,5600,10600
324.0,5.94,82500,490906.0,5.93,5.92,5.91,5.9,5.88,5.86,5.85,5.8,5.76,5.71,5.94,5.95,5.96,5.97,5.98,5.99,6.0,6.01,6.02,6.03,31300,28400,30300,19100,58800,3000,4400,5300,300,500,1900,12400,2500,2000,21900,19900,5000,14200,5600,10600
325.0,5.94,82600,491500.0,5.93,5.92,5.91,5.9,5.88,5.86,5.85,5.8,5.76,5.71,5.94,5.95,5.96,5.97,5.98,5.99,6.0,6.01,6.02,6.03,31400,28400,30300,19100,58800,3000,4400,5300,300,500,2100,12400,2500,2000,21900,19900,5000,14200,5600,10600
326.0,5.94,82800,492688.0,5.93,5.92,5.91,5.9,5.88,5.86,5.85,5.8,5.76,5.71,5.94,5.95,5.96,5.97,5.98,5.99,6.0,6.01,6.02,6.03,31400,28400,30300,19100,58800,3000,4400,5300,300,500,1900,12400,2500,2000,21900,19900,5000,14200,5600,10600
327.0,5.94,82800,492688.0,5.93,5.92,5.91,5.9,5.88,5.86,5.85,5.8,5.76,5.71,5.94,5.95,5.96,5.97,5.98,5.99,6.0,6.01,6.02,6.03,31400,28400,30300,19100,58800,3000,4400,5300,300,500,1900,12400,2500,2000,21900,19900,5000,14200,5600,10600
328.0,5.94,82900,493282.0,5.93,5.92,5.91,5.9,5.88,5.86,5.85,5.8,5.76,5.71,5.94,5.95,5.96,5.97,5.98,5.99,6.0,6.01,6.02,6.03,31500,28400,30300,19100,58800,3000,4400,5300,300,500,1900,12400,2500,2000,21900,19900,5000,14200,5600,10600
329.0,5.94,82900,493282.0,5.93,5.92,5.91,5.9,5.88,5.86,5.85,5.8,5.76,5.71,5.94,5.95,5.96,5.97,5.98,5.99,6.0,6.01,6.02,6.03,31500,28400,30300,19100,58800,3000,4400,5300,300,500,2200,12400,2500,2000,21900,19900,5000,14200,5600,10600
330.0,5.94,82900,493282.0,5.93,5.92,5.91,5.9,5.88,5.86,5.85,5.8,5.76,5.71,5.94,5.95,5.96,5.97,5.98,5.99,6.0,6.01,6.02,6.03,31500,28400,30300,19100,58800,3000,4400,5300,300,500,2200,12400,2500,2000,21900,19900,5000,14200,5600,10600
331.0,5.94,83100,494470.0,5.93,5.92,5.91,5.9,5.88,5.86,5.85,5.8,5.76,5.71,5.94,5.95,5.96,5.97,5.98,5.99,6.0,6.01,6.02,6.03,31600,28400,30300,19100,58800,3000,4400,5300,300,500,2100,12400,2500,2000,21900,19900,5000,14200,5600,10600
332.0,5.94,83100,494470.0,5.93,5.92,5.91,5.9,5.88,5.86,5.85,5.8,5.76,5.71,5.94,5.95,5.96,5.97,5.98,5.99,6.0,6.01,6.02,6.03,31600,28400,30300,19100,58800,3000,4400,5300,300,500,2100,12400,2500,2000,21900,19900,5000,14200,5600,10600
333.0,5.94,83100,494470.0,5.93,5.92,5.91,5.9,5.88,5.86,5.85,5.8,5.76,5.71,5.94,5.95,5.96,5.97,5.98,5.99,6.0,6.01,6.02,6.03,31700,28400,30300,19100,58800,3000,4400,5300,300,500,2200,12400,2500,2000,21900,19900,5000,14200,5600,10600
334.0,5.94,83300,495658.0,5.93,5.92,5.91,5.9,5.88,5.86,5.85,5.8,5.76,5.71,5.94,5.95,5.96,5.97,5.98,5.99,6.0,6.01,6.02,6.03,31700,28400,30300,19100,58800,3000,4400,5300,300,500,2000,12400,2500,2000,21900,19900,5000,14200,5600,10600
335.0,5.94,83500,496846.0,5.93,5.92,5.91,5.9,5.88,5.86,5.85,5.8,5.76,5.71,5.94,5.95,5.96,5.97,5.98,5.99,6.0,6.01,6.02,6.03,31700,28400,30300,19100,58800,3000,4400,5300,300,500,1800,12300,2500,2000,21900,19900,5000,14200,5600,10600
336.0,5.94,83500,496846.0,5.93,5.92,5.91,5.9,5.88,5.86,5.85,5.8,5.76,5.71,5.94,5.95,5.96,5.97,5.98,5.99,6.0,6.01,6.02,6.03,31800,28400,30300,19100,58800,3000,4400,5300,300,500,1900,12300,2500,2000,21900,19900,5000,14200,5600,10600
337.0,5.94,83500,496846.0,5.93,5.92,5.91,5.9,5.88,5.86,5.85,5.8,5.76,5.71,5.94,5.95,5.96,5.97,5.98,5.99,6.0,6.01,6.02,6.03,31800,28400,30300,19100,58800,3000,4400,5300,300,500,1900,12300,2500,2000,21900,19900,5000,14200,5600,10600
338.0,5.94,83600,497440.0,5.93,5.92,5.91,5.9,5.88,5.86,5.85,5.8,5.76,5.71,5.94,5.95,5.96,5.97,5.98,5.99,6.0,6.01,6.02,6.03,31800,28400,30300,19100,58800,3000,4400,5300,300,500,2700,12300,2500,2000,21900,19900,5000,14200,5600,10600
339.0,5.94,83600,497440.0,5.93,5.92,5.91,5.9,5.88,5.86,5.85,5.8,5.76,5.71,5.94,5.95,5.96,5.97,5.98,5.99,6.0,6.01,6.02,6.03,31900,28400,30300,19100,58800,3000,4400,5300,300,500,2800,12300,2500,2000,21900,19900,5000,14200,5600,10600
340.0,5.94,83600,497440.0,5.93,5.92,5.91,5.9,5.88,5.86,5.85,5.8,5.76,5.71,5.94,5.95,5.96,5.97,5.98,5.99,6.0,6.01,6.02,6.03,31900,28400,30300,19100,58800,3000,4400,5300,300,500,2800,12300,2500,2000,21900,19900,5000,14200,5600,10600
341.0,5.94,84100,500410.0,5.93,5.92,5.91,5.9,5.88,5.86,5.85,5.8,5.76,5.71,5.94,5.95,5.96,5.97,5.98,5.99,6.0,6.01,6.02,6.03,31900,28400,30300,19100,58800,3000,4400,5300,300,500,2300,12300,2500,2000,21900,19900,5000,14200,5600,10600
342.0,5.94,84100,500410.0,5.93,5.92,5.91,5.9,5.88,5.86,5.85,5.8,5.76,5.71,5.94,5.95,5.96,5.97,5.98,5.99,6.0,6.01,6.02,6.03,32000,28400,30300,19100,58800,3000,4400,5300,300,500,2400,12300,2500,2000,21900,19900,5000,14200,5600,10600
343.0,5.94,85100,506350.0,5.93,5.92,5.91,5.9,5.88,5.86,5.85,5.8,5.76,5.71,5.94,5.95,5.96,5.97,5.98,5.99,6.0,6.01,6.02,6.03,32000,28400,30300,19100,58800,3000,4400,5300,300,500,2000,12300,2500,2000,21900,19900,5000,14200,5600,10600
344.0,5.94,85300,507538.0,5.93,5.92,5.91,5.9,5.88,5.86,5.85,5.8,5.76,5.71,5.94,5.95,5.96,5.97,5.98,5.99,6.0,6.01,6.02,6.03,32100,28400,30300,19100,58800,3000,4400,5300,300,500,1900,12300,2500,2000,21900,19900,5000,14200,5600,10600
345.0,5.94,85300,507538.0,5.93,5.92,5.91,5.9,5.88,5.86,5.85,5.8,5.76,5.71,5.94,5.95,5.96,5.97,5.98,5.99,6.0,6.01,6.02,6.03,32100,28400,30300,19100,58800,3000,4400,5300,300,500,1900,12300,2500,2000,21900,19900,5000,14200,5600,10600
346.0,5.94,85300,507538.0,5.93,5.92,5.91,5.9,5.88,5.86,5.85,5.8,5.76,5.71,5.94,5.95,5.96,5.97,5.98,5.99,6.0,6.01,6.02,6.03,32100,28400,30300,19100,58800,3000,4400,5300,300,500,1900,12300,2500,2000,21900,19900,5000,14200,5600,10600
347.0,5.94,85400,508132.0,5.93,5.92,5.91,5.9,5.88,5.86,5.85,5.8,5.76,5.71,5.94,5.95,5.96,5.97,5.98,5.99,6.0,6.01,6.02,6.03,32200,28400,30300,19100,58800,3000,4400,5300,300,500,1900,12300,2500,2000,21900,19900,5000,14200,5600,10600
348.0,5.94,85400,508132.0,5.93,5.92,5.91,5.9,5.88,5.86,5.85,5.8,5.76,5.71,5.94,5.95,5.96,5.97,5.98,5.99,6.0,6.01,6.02,6.03,32200,28400,30300,19100,58800,3000,4400,5300,300,500,1900,12300,2500,2000,21900,19900,5000,14200,5600,10600
349.0,5.94,85500,508726.0,5.93,5.92,5.91,5.9,5.88,5.86,5.85,5.8,5.76,5.71,5.94,5.95,5.96,5.97,5.98,5.99,6.0,6.01,6.02,6.03,32200,28400,30300,19100,58800,3000,4400,5300,300,500,1800,12300,2500,2000,21900,19900,5000,14200,5600,10600
350.0,5.94,85500,508726.0,5.93,5.92,5.91,5.9,5.88,5.86,5.85,5.8,5.76,5.71,5.94,5.95,5.96,5.97,5.98,5.99,6.0,6.01,6.02,6.03,32300,28400,30300,19100,58800,3000,4400,5300,300,500,1900,12300,2500,2000,21900,19900,5000,14200,5600,10600
351.0,5.94,85600,509320.0,5.93,5.92,5.91,5.9,5.88,5.86,5.85,5.8,5.76,5.71,5.94,5.95,5.96,5.97,5.98,5.99,6.0,6.01,6.02,6.03,32300,28400,30300,19100,58800,3000,4400,5300,300,500,4800,12300,2500,2000,21900,19900,5000,14200,5600,10600
352.0,5.93,91100,541935.0,5.93,5.92,5.91,5.9,5.88,5.86,5.85,5.8,5.76,5.71,5.94,5.95,5.96,5.97,5.98,5.99,6.0,6.01,6.02,6.03,26800,28400,30300,19100,58800,3000,4400,5300,300,500,4900,12300,2500,2000,21900,19900,5000,14200,5600,10600
353.0,5.93,91100,541935.0,5.93,5.92,5.91,5.9,5.88,5.86,5.85,5.8,5.76,5.71,5.94,5.95,5.96,5.97,5.98,5.99,6.0,6.01,6.02,6.03,26900,28400,30300,19100,58800,3000,4400,5300,300,500,4900,12300,2500,2000,21900,19900,5000,14200,5600,10600
354.0,5.94,91500,544311.0,5.93,5.92,5.91,5.9,5.88,5.86,5.85,5.8,5.76,5.71,5.94,5.95,5.96,5.97,5.98,5.99,6.0,6.01,6.02,6.03,26900,28400,30300,19100,58800,3000,4400,5300,300,500,4500,12300,2500,2000,21900,19900,5000,14200,5600,10600
355.0,5.94,92400,549657.0,5.93,5.92,5.91,5.9,5.88,5.86,5.85,5.8,5.76,5.71,5.94,5.95,5.96,5.97,5.98,5.99,6.0,6.01,6.02,6.03,26900,28400,30300,19100,58800,3000,4400,5300,300,500,3600,12300,2500,2000,21900,19900,5000,14200,5600,10600
356.0,5.94,92400,549657.0,5.93,5.92,5.91,5.9,5.88,5.86,5.85,5.8,5.76,5.71,5.94,5.95,5.96,5.97,5.98,5.99,6.0,6.01,6.02,6.03,26900,28400,30300,19100,58800,3000,4400,5300,300,500,3600,12300,2500,2000,21900,19900,5000,14200,5600,10600
357.0,5.94,93000,553221.0,5.93,5.92,5.91,5.9,5.88,5.86,5.85,5.8,5.76,5.71,5.94,5.95,5.96,5.97,5.98,5.99,6.0,6.01,6.02,6.03,26900,28400,30300,19100,58800,3000,4400,5300,300,500,3000,12300,2500,2000,21900,19900,5000,14200,5600,10600
358.0,5.94,93000,553221.0,5.93,5.92,5.91,5.9,5.88,5.86,5.85,5.8,5.76,5.71,5.94,5.95,5.96,5.97,5.98,5.99,6.0,6.01,6.02,6.03,26900,28400,30300,19100,58800,3000,4400,5300,300,500,3000,12300,2500,2000,21900,19900,5000,14200,5600,10600
359.0,5.94,93000,553221.0,5.93,5.92,5.91,5.9,5.88,5.86,5.85,5.8,5.76,5.71,5.94,5.95,5.96,5.97,5.98,5.99,6.0,6.01,6.02,6.03,26900,28400,30300,19100,58800,3000,4400,5300,300,500,3000,12300,2500,2000,21900,19900,5000,14200,5600,10600
360.0,5.94,93300,555003.0,5.93,5.92,5.91,5.9,5.88,5.86,5.85,5.8,5.76,5.71,5.94,5.95,5.96,5.97,5.98,5.99,6.0,6.01,6.02,6.03,26900,28400,30300,19100,58800,3000,4400,5300,300,500,2700,12300,2500,2000,21900,19900,5000,14200,5600,10600
361.0,5.94,93300,555003.0,5.93,5.92,5.91,5.9,5.88,5.86,5.85,5.8,5.76,5.71,5.94,5.95,5.96,5.97,5.98,5.99,6.0,6.01,6.02,6.03,26900,28400,30300,19100,58800,3000,4400,5300,300,500,3100,12300,2500,2000,21900,19900,5000,14200,5600,10600
362.0,5.94,93300,555003.0,5.93,5.92,5.91,5.9,5.88,5.86,5.85,5.8,5.76,5.71,5.94,5.95,5.96,5.97,5.98,5.99,6.0,6.01,6.02,6.03,26900,28400,30300,19100,58800,3000,4400,5300,300,500,3100,12300,12100,2000,21900,19900,5000,14200,5600,10600
363.0,5.94,93300,555003.0,5.93,5.92,5.91,5.9,5.88,5.86,5.85,5.8,5.76,5.71,5.94,5.95,5.96,5.97,5.98,5.99,6.0,6.01,6.02,6.03,26900,28400,30300,19100,58800,3000,4400,5300,300,500,3100,12300,12100,2000,21900,19900,5000,14200,5600,10600
364.0,5.94,93900,558567.0,5.93,5.92,5.91,5.9,5.88,5.86,5.85,5.8,5.76,5.71,5.94,5.95,5.96,5.97,5.98,5.99,6.0,6.01,6.02,6.03,26900,28400,30300,19100,58800,3000,4400,5300,300,500,2500,12300,12100,2000,21900,19900,5000,14200,5600,10600
365.0,5.93,97700,581101.0,5.93,5.92,5.91,5.9,5.88,5.86,5.85,5.8,5.76,5.71,5.94,5.95,5.96,5.97,5.98,5.99,6.0,6.01,6.02,6.03,23100,28400,30300,19100,58800,3000,4400,5300,300,500,2500,12300,12100,2000,21900,19900,5000,14200,5600,10600
366.0,5.93,98200,584066.0,5.93,5.92,5.91,5.9,5.88,5.86,5.85,5.8,5.76,5.71,5.94,5.95,5.96,5.97,5.98,5.99,6.0,6.01,6.02,6.03,22600,28400,30300,19100,58800,3000,4400,5300,300,500,2500,12300,12100,2000,21900,19900,5000,14200,5600,10600
367.0,5.93,121500,722242.0,5.92,5.91,5.9,5.89,5.88,5.86,5.85,5.8,5.76,5.71,5.93,5.94,5.95,5.96,5.97,5.98,5.99,6.0,6.01,6.02,28400,30300,19100,400,58800,3000,4400,5300,300,500,27200,1800,12300,12100,2000,21900,19900,5000,14200,5600
368.0,5.92,122300,726978.0,5.92,5.91,5.9,5.89,5.88,5.86,5.85,5.8,5.76,5.71,5.93,5.94,5.95,5.96,5.97,5.98,5.99,6.0,6.01,6.02,22600,30300,19100,5600,58800,3000,4400,5300,300,500,27200,1800,12300,12100,2000,21900,19900,5000,14200,5600
369.0,5.92,122300,726978.0,5.92,5.91,5.9,5.89,5.88,5.86,5.85,5.8,5.76,5.71,5.93,5.94,5.95,5.96,5.97,5.98,5.99,6.0,6.01,6.02,22600,30300,19100,5600,58800,3000,4400,5300,300,500,27200,1800,12300,12100,2000,21900,19900,5000,14200,5600
370.0,5.92,122300,726978.0,5.92,5.91,5.9,5.89,5.88,5.86,5.85,5.8,5.76,5.71,5.93,5.94,5.95,5.96,5.97,5.98,5.99,6.0,6.01,6.02,23100,30300,19100,5600,58800,3000,4400,5300,300,500,27700,1800,12300,12100,2000,21900,19900,5000,14200,5600
371.0,5.93,123900,736466.0,5.92,5.91,5.9,5.89,5.88,5.86,5.85,5.8,5.76,5.71,5.93,5.94,5.95,5.96,5.97,5.98,5.99,6.0,6.01,6.02,23100,30300,19100,5600,58800,3000,4400,5300,300,500,26100,1800,12300,12100,2000,21900,19900,5000,14200,5600
372.0,5.93,125500,745954.0,5.92,5.91,5.9,5.89,5.88,5.86,5.85,5.8,5.76,5.71,5.93,5.94,5.95,5.96,5.97,5.98,5.99,6.0,6.01,6.02,23400,30300,19100,5600,58800,3000,4400,5300,300,500,20400,1800,12300,12100,2000,21900,19900,5000,14200,5600
373.0,5.92,125800,747730.0,5.92,5.91,5.9,5.89,5.88,5.86,5.85,5.8,5.76,5.71,5.93,5.94,5.95,5.96,5.97,5.98,5.99,6.0,6.01,6.02,23300,30300,19100,5600,58800,3000,4400,5300,300,500,20500,1800,12300,12100,2000,21900,19900,5000,14200,5600
374.0,5.93,127400,757218.0,5.92,5.91,5.9,5.89,5.88,5.86,5.85,5.8,5.76,5.71,5.93,5.94,5.95,5.96,5.97,5.98,5.99,6.0,6.01,6.02,23300,30300,19100,5600,58800,3000,4400,5300,300,500,18900,1800,12300,12100,2000,21900,19900,5000,14200,5600
375.0,5.93,127700,758997.0,5.92,5.91,5.9,5.89,5.88,5.86,5.85,5.8,5.76,5.71,5.93,5.94,5.95,5.96,5.97,5.98,5.99,6.0,6.01,6.02,23600,30300,19100,5600,58800,3000,4400,5300,300,500,18900,1800,12300,12100,2000,21900,19900,5000,14200,5600
376.0,5.93,127700,758997.0,5.92,5.91,5.9,5.89,5.88,5.86,5.85,5.8,5.76,5.71,5.93,5.94,5.95,5.96,5.97,5.98,5.99,6.0,6.01,6.02,23800,30300,19100,5600,58800,3000,4400,5300,300,500,19100,1800,12300,12100,2000,21900,19900,5000,14200,5600
377.0,5.93,127700,758997.0,5.92,5.91,5.9,5.89,5.88,5.86,5.85,5.8,5.76,5.71,5.93,5.94,5.95,5.96,5.97,5.98,5.99,6.0,6.01,6.02,23800,30300,19100,5600,58800,3000,4400,5300,300,500,19400,1800,12300,12100,2000,21900,19900,5000,14200,5600
378.0,5.93,129300,768485.0,5.92,5.91,5.9,5.89,5.88,5.86,5.85,5.8,5.76,5.71,5.93,5.94,5.95,5.96,5.97,5.98,5.99,6.0,6.01,6.02,24100,30300,19100,5600,58800,3000,4400,5300,300,500,17800,1800,12300,12100,2000,21900,19900,5000,14200,5600
379.0,5.93,134200,797542.0,5.92,5.91,5.9,5.89,5.88,5.86,5.85,5.8,5.76,5.71,5.93,5.94,5.95,5.96,5.97,5.98,5.99,6.0,6.01,6.02,24300,30300,19100,5600,58800,3000,4400,5300,300,500,13100,1800,12300,12100,2000,21900,19900,5000,14200,5600
380.0,5.93,134200,797542.0,5.92,5.91,5.9,5.89,5.88,5.86,5.85,5.8,5.76,5.71,5.93,5.94,5.95,5.96,5.97,5.98,5.99,6.0,6.01,6.02,24700,30300,19100,5600,58800,3000,4400,5300,300,500,13500,1800,12300,12100,2000,21900,19900,5000,14200,5600
381.0,5.93,135500,805251.0,5.92,5.91,5.9,5.89,5.88,5.86,5.85,5.8,5.76,5.71,5.93,5.94,5.95,5.96,5.97,5.98,5.99,6.0,6.01,6.02,24700,30300,19100,5600,58800,3000,4400,5300,300,500,12200,1800,12300,12100,2000,21900,19900,5000,14200,5600
382.0,5.93,135500,805251.0,5.92,5.91,5.9,5.89,5.88,5.86,5.85,5.8,5.76,5.71,5.93,5.94,5.95,5.96,5.97,5.98,5.99,6.0,6.01,6.02,25000,30300,19100,5600,58800,3000,4400,5300,300,500,5900,1800,12300,12100,2000,21900,19900,5000,14200,5600
383.0,5.93,135500,805251.0,5.92,5.91,5.9,5.89,5.88,5.86,5.85,5.8,5.76,5.71,5.93,5.94,5.95,5.96,5.97,5.98,5.99,6.0,6.01,6.02,25400,30300,19100,5600,58800,3000,4400,5300,300,500,6300,1800,12300,12100,2000,21900,19900,5000,14200,5600
384.0,5.93,135500,805251.0,5.92,5.91,5.9,5.89,5.88,5.86,5.85,5.8,5.76,5.71,5.93,5.94,5.95,5.96,5.97,5.98,5.99,6.0,6.01,6.02,25400,30300,19100,5600,58800,3000,4400,5300,300,500,6300,1800,12300,12100,2000,21900,19900,5000,14200,5600
385.0,5.93,136100,808809.0,5.92,5.91,5.9,5.89,5.88,5.86,5.85,5.8,5.76,5.71,5.93,5.94,5.95,5.96,5.97,5.98,5.99,6.0,6.01,6.02,25600,30300,19100,5600,58800,3000,4400,5300,300,500,5900,1800,12300,12100,2000,21900,19900,5000,14200,5600
386.0,5.93,136100,808809.0,5.92,5.91,5.9,5.89,5.88,5.86,5.85,5.8,5.76,5.71,5.93,5.94,5.95,5.96,5.97,5.98,5.99,6.0,6.01,6.02,25600,30300,19100,5600,58800,3000,4400,5300,300,500,5900,1800,12300,12100,2000,21900,19900,5000,14200,5600
387.0,5.93,136600,811774.0,5.92,5.91,5.9,5.89,5.88,5.86,5.85,5.8,5.76,5.71,5.93,5.94,5.95,5.96,5.97,5.98,5.99,6.0,6.01,6.02,25900,30300,19100,5600,58800,3000,4400,5300,300,500,5700,1800,12300,12100,2000,21900,19900,5000,14200,5600
388.0,5.93,137100,814739.0,5.92,5.91,5.9,5.89,5.88,5.86,5.85,5.8,5.76,5.71,5.93,5.94,5.95,5.96,5.97,5.98,5.99,6.0,6.01,6.02,25900,30300,19100,5600,58800,3000,4400,5300,300,500,5200,1800,12300,12100,2000,21900,19900,5000,14200,5600
389.0,5.93,137100,814739.0,5.92,5.91,5.9,5.89,5.88,5.86,5.85,5.8,5.76,5.71,5.93,5.94,5.95,5.96,5.97,5.98,5.99,6.0,6.01,6.02,25900,30300,19100,5600,58800,3000,4400,5300,300,500,5200,1800,12300,12100,2000,21900,19900,5000,14200,5600
390.0,5.93,138100,820669.0,5.92,5.91,5.9,5.89,5.88,5.86,5.85,5.8,5.76,5.71,5.93,5.94,5.95,5.96,5.97,5.98,5.99,6.0,6.01,6.02,26200,30300,19100,5600,58800,3000,4400,5300,300,500,4500,1800,12300,12100,2000,21900,19900,5000,14200,5600
391.0,5.93,138100,820669.0,5.92,5.91,5.9,5.89,5.88,5.86,5.85,5.8,5.76,5.71,5.93,5.94,5.95,5.96,5.97,5.98,5.99,6.0,6.01,6.02,26200,30300,19100,5600,58800,3000,4400,5300,300,500,4500,1800,12300,12100,2000,14800,19900,5000,14200,5600
392.0,5.93,138500,823041.0,5.92,5.91,5.9,5.89,5.88,5.86,5.85,5.8,5.76,5.71,5.93,5.94,5.95,5.96,5.97,5.98,5.99,6.0,6.01,6.02,26200,30300,19100,5600,58800,3000,4400,5300,300,500,4100,500,12300,12100,2000,14800,19900,5000,14200,5600
393.0,5.93,138500,823041.0,5.92,5.91,5.9,5.89,5.88,5.86,5.85,5.8,5.76,5.71,5.93,5.94,5.95,5.96,5.97,5.98,5.99,6.0,6.01,6.02,26500,30300,19100,5600,58800,3000,4400,5300,300,500,4400,500,12300,12100,2000,14800,19900,5000,14200,5600
394.0,5.93,138500,823041.0,5.92,5.91,5.9,5.89,5.88,5.86,5.85,5.8,5.76,5.71,5.93,5.94,5.95,5.96,5.97,5.98,5.99,6.0,6.01,6.02,26500,30300,19100,5600,58800,3000,4400,5300,300,500,4400,500,12300,12100,2000,14800,19900,5000,14200,5600
395.0,5.93,139300,827785.0,5.92,5.91,5.9,5.89,5.88,5.86,5.85,5.8,5.76,5.71,5.93,5.94,5.95,5.96,5.97,5.98,5.99,6.0,6.01,6.02,26800,30300,19100,5600,58800,3000,4400,5300,300,500,3900,500,12300,12100,2000,14800,19900,5000,14200,5600
396.0,5.93,139400,828378.0,5.92,5.91,5.9,5.89,5.88,5.86,5.85,5.8,5.76,5.71,5.93,5.94,5.95,5.96,5.97,5.98,5.99,6.0,6.01,6.02,26800,30300,19100,5600,58800,3000,4400,5300,300,500,3800,500,12300,12100,2000,14800,19900,5000,14200,5600
397.0,5.92,140200,833114.0,5.92,5.91,5.9,5.89,5.88,5.86,5.85,5.8,5.76,5.71,5.93,5.94,5.95,5.96,5.97,5.98,5.99,6.0,6.01,6.02,26000,30300,18100,5600,58800,3000,4400,5300,300,500,3800,500,12300,12100,2000,14800,19900,5000,14200,5600
398.0,5.92,145000,861533.0,5.92,5.91,5.9,5.89,5.88,5.86,5.85,5.8,5.76,5.71,5.93,5.94,5.95,5.96,5.97,5.98,5.99,6.0,6.01,6.02,21800,30300,18100,5900,58800,3000,4400,5300,300,500,3800,500,12300,12100,2000,14800,19900,5000,14200,5600
399.0,5.92,145000,861533.0,5.92,5.91,5.9,5.89,5.88,5.86,5.85,5.8,5.76,5.71,5.93,5.94,5.95,5.96,5.97,5.98,5.99,6.0,6.01,6.02,21800,30300,18100,5900,58800,3000,4400,5300,300,500,3800,500,12300,12100,2000,14800,19900,5000,14200,5600
400.0,5.92,145000,861533.0,5.92,5.91,5.9,5.89,5.88,5.86,5.85,5.8,5.76,5.71,5.93,5.94,5.95,5.96,5.97,5.98,5.99,6.0,6.01,6.02,21800,30300,18100,5900,58800,3000,4400,5300,300,500,3800,500,12300,12100,2000,14800,19900,5000,14200,5600
401.0,5.93,146000,867463.0,5.92,5.91,5.9,5.89,5.88,5.86,5.85,5.8,5.76,5.71,5.93,5.94,5.95,5.96,5.97,5.98,5.99,6.0,6.01,6.02,21800,30300,18100,5900,58800,3000,4400,5300,300,500,2800,500,12300,12100,2000,14800,19900,5000,14200,5600
402.0,5.93,146200,868649.0,5.92,5.91,5.9,5.89,5.88,5.86,5.85,5.8,5.76,5.71,5.93,5.94,5.95,5.96,5.97,5.98,5.99,6.0,6.01,6.02,22100,28300,18100,5900,58800,3000,4400,5300,300,500,2900,500,12300,12100,2000,14800,19900,5000,14200,5600
403.0,5.93,146800,872207.0,5.92,5.91,5.9,5.89,5.88,5.86,5.85,5.8,5.76,5.71,5.93,5.94,5.95,5.96,5.97,5.98,5.99,6.0,6.01,6.02,22100,28300,18100,5900,58800,3000,4400,5300,300,500,2300,500,12300,12100,2000,14800,19900,5000,14200,5600
404.0,5.93,147000,873393.0,5.92,5.91,5.9,5.89,5.88,5.86,5.85,5.8,5.76,5.71,5.93,5.94,5.95,5.96,5.97,5.98,5.99,6.0,6.01,6.02,22100,28300,18100,5900,58800,3000,4400,5300,300,500,2100,500,12300,12100,2000,14800,19900,5000,14200,5600
405.0,5.93,147000,873393.0,5.92,5.91,5.9,5.89,5.88,5.86,5.85,5.8,5.76,5.71,5.93,5.94,5.95,5.96,5.97,5.98,5.99,6.0,6.01,6.02,22400,28300,18100,5900,58800,3000,4400,5300,300,500,2400,500,12300,12100,2000,14800,19900,5000,14200,5600
406.0,5.93,147000,873393.0,5.92,5.91,5.9,5.89,5.88,5.86,5.85,5.8,5.76,5.71,5.93,5.94,5.95,5.96,5.97,5.98,5.99,6.0,6.01,6.02,22400,28300,18100,5900,58800,3000,4400,5300,300,500,2400,500,12300,17600,2000,14800,19900,5000,14200,5600
407.0,5.93,147000,873393.0,5.92,5.91,5.9,5.89,5.88,5.86,5.85,5.8,5.76,5.71,5.93,5.94,5.95,5.96,5.97,5.98,5.99,6.0,6.01,6.02,22400,28300,18100,5900,58800,3000,4400,5300,300,500,2400,500,12300,17600,2000,14800,19900,5000,14200,5600
408.0,5.93,147200,874579.0,5.92,5.91,5.9,5.89,5.88,5.86,5.85,5.8,5.76,5.71,5.93,5.94,5.95,5.96,5.97,5.98,5.99,6.0,6.01,6.02,22700,28300,18100,5900,58800,3000,5400,5300,300,500,2500,500,12300,17600,2000,14800,19900,5000,14200,5600
409.0,5.93,147200,874579.0,5.92,5.91,5.9,5.89,5.88,5.86,5.85,5.8,5.76,5.71,5.93,5.94,5.95,5.96,5.97,5.98,5.99,6.0,6.01,6.02,22700,28300,18100,5900,58800,3000,5400,5300,300,500,2500,500,12300,17600,2000,14800,19900,5000,14200,5600
410.0,5.93,147400,875765.0,5.92,5.91,5.9,5.89,5.88,5.86,5.85,5.8,5.76,5.71,5.93,5.94,5.95,5.96,5.97,5.98,5.99,6.0,6.01,6.02,22700,28300,18100,5900,58800,3000,5400,5300,300,500,2300,500,12300,17600,2000,14800,19900,5000,14200,5600
411.0,5.93,147600,876951.0,5.92,5.91,5.9,5.89,5.88,5.86,5.85,5.8,5.76,5.71,5.93,5.94,5.95,5.96,5.97,5.98,5.99,6.0,6.01,6.02,23000,28300,18100,5900,58800,3000,5400,5300,300,500,2400,500,12300,17600,2000,14800,19900,5000,14200,5600
412.0,5.93,148000,879323.0,5.92,5.91,5.9,5.89,5.88,5.86,5.85,5.8,5.76,5.71,5.93,5.94,5.95,5.96,5.97,5.98,5.99,6.0,6.01,6.02,23000,28300,18100,5900,58800,3000,5400,5300,300,500,2000,500,12300,17600,2000,14800,19900,5000,14200,5600
413.0,5.93,148000,879323.0,5.92,5.91,5.9,5.89,5.88,5.86,5.85,5.8,5.76,5.71,5.93,5.94,5.95,5.96,5.97,5.98,5.99,6.0,6.01,6.02,23000,28300,18100,5900,58800,3000,5400,5300,300,500,2000,500,12300,15500,2000,14800,19900,5000,14200,5600
414.0,5.93,148200,880509.0,5.92,5.91,5.9,5.89,5.88,5.86,5.85,5.8,5.76,5.71,5.93,5.94,5.95,5.96,5.97,5.98,5.99,6.0,6.01,6.02,23300,28300,18100,5900,58800,3000,5400,5300,300,500,2100,500,12300,15500,2000,14800,19900,5000,14200,5600
415.0,5.93,148200,880509.0,5.92,5.91,5.9,5.89,5.88,5.86,5.85,5.8,5.76,5.71,5.93,5.94,5.95,5.96,5.97,5.98,5.99,6.0,6.01,6.02,23300,28300,18100,6900,58800,3000,5400,5300,300,500,2100,500,12300,15500,2000,14800,19900,5000,14200,5600
416.0,5.93,148200,880509.0,5.92,5.91,5.9,5.89,5.88,5.86,5.85,5.8,5.76,5.71,5.93,5.94,5.95,5.96,5.97,5.98,5.99,6.0,6.01,6.02,23600,28300,18100,6900,58800,3000,5400,5300,300,500,2400,500,12300,15500,2000,14800,19900,5000,14200,5600
417.0,5.93,148600,882881.0,5.92,5.91,5.9,5.89,5.88,5.86,5.85,5.8,5.76,5.71,5.93,5.94,5.95,5.96,5.97,5.98,5.99,6.0,6.01,6.02,23600,28300,18100,6900,58800,3000,5400,5300,300,500,2000,500,12300,15500,2000,14800,19900,5000,14200,5600
418.0,5.93,148600,882881.0,5.92,5.91,5.9,5.89,5.88,5.86,5.85,5.8,5.76,5.71,5.93,5.94,5.95,5.96,5.97,5.98,5.99,6.0,6.01,6.02,23600,28300,16700,6900,58800,3000,5400,5300,300,500,2000,500,12300,15500,2000,14800,19900,5000,14200,5600
419.0,5.92,167300,993585.0,5.92,5.91,5.9,5.89,5.88,5.86,5.85,5.8,5.76,5.71,5.93,5.94,5.95,5.96,5.97,5.98,5.99,6.0,6.01,6.02,5200,28300,16700,6900,58800,3000,5400,5300,300,500,2300,500,12300,15500,2000,14800,19900,5000,14200,5600
420.0,5.92,168600,1001281.0,5.92,5.91,5.9,5.89,5.88,5.86,5.85,5.8,5.76,5.71,5.93,5.94,5.95,5.96,5.97,5.98,5.99,6.0,6.01,6.02,5400,28300,16700,7300,58800,3000,5400,5300,300,500,2300,500,12300,15500,2000,14800,19900,5000,14200,5600
421.0,5.93,168800,1002467.0,5.92,5.91,5.9,5.89,5.88,5.86,5.85,5.8,5.76,5.71,5.93,5.94,5.95,5.96,5.97,5.98,5.99,6.0,6.01,6.02,5500,28300,16700,7300,58800,3000,5400,5300,300,500,2100,500,12300,15500,2000,14800,19900,5000,14200,5600
422.0,5.93,168900,1003060.0,5.92,5.91,5.9,5.89,5.88,5.86,5.85,5.8,5.76,5.71,5.93,5.94,5.95,5.96,5.97,5.98,5.99,6.0,6.01,6.02,6000,28400,16700,7300,58800,3000,5400,5300,300,500,2400,500,12300,15500,2000,14800,19900,5000,14200,5600
423.0,5.93,168900,1003060.0,5.92,5.91,5.9,5.89,5.88,5.86,5.85,5.8,5.76,5.71,5.93,5.94,5.95,5.96,5.97,5.98,5.99,6.0,6.01,6.02,6000,28400,16700,7300,58800,3000,5400,5300,300,500,2400,500,12300,15500,2000,14800,19900,5000,14200,5600
424.0,5.93,169500,1006618.0,5.92,5.91,5.9,5.89,5.88,5.86,5.85,5.8,5.76,5.71,5.93,5.94,5.95,5.96,5.97,5.98,5.99,6.0,6.01,6.02,6000,28400,16700,7300,58800,3000,5400,5300,300,500,1900,500,12300,15500,2000,14800,19900,5000,14200,5600
425.0,5.93,169600,1007211.0,5.92,5.91,5.9,5.89,5.88,5.86,5.85,5.8,5.76,5.71,5.93,5.94,5.95,5.96,5.97,5.98,5.99,6.0,6.01,6.02,6400,28400,13700,7300,58800,3000,5400,5300,300,500,2200,500,12300,15500,2000,14800,19900,5000,14200,5600
426.0,5.93,169600,1007211.0,5.92,5.91,5.9,5.89,5.88,5.86,5.85,5.8,5.76,5.71,5.93,5.94,5.95,5.96,5.97,5.98,5.99,6.0,6.01,6.02,6400,28400,13700,7300,58800,3000,5400,5300,300,500,2200,500,12300,15500,2000,14800,19900,5000,14200,5600
427.0,5.93,169600,1007211.0,5.92,5.91,5.9,5.89,5.88,5.86,5.85,5.8,5.76,5.71,5.93,5.94,5.95,5.96,5.97,5.98,5.99,6.0,6.01,6.02,6400,28400,13700,7300,58800,3000,5400,5300,300,500,2200,500,12300,15500,2000,14800,19900,5000,14200,5600
428.0,5.93,169800,1008397.0,5.92,5.91,5.9,5.89,5.88,5.86,5.85,5.8,5.76,5.71,5.93,5.94,5.95,5.96,5.97,5.98,5.99,6.0,6.01,6.02,7800,28400,13700,7300,58800,3000,5400,5300,300,500,2000,500,12300,15500,2000,14800,19900,5000,14200,5600
429.0,5.93,169800,1008397.0,5.92,5.91,5.9,5.89,5.88,5.86,5.85,5.8,5.76,5.71,5.93,5.94,5.95,5.96,5.97,5.98,5.99,6.0,6.01,6.02,7800,28400,13700,7300,58800,3000,5400,5300,300,500,2000,500,12300,15500,2000,14800,19900,5000,14200,5600
430.0,5.93,169800,1008397.0,5.92,5.91,5.9,5.89,5.88,5.86,5.85,5.8,5.76,5.71,5.93,5.94,5.95,5.96,5.97,5.98,5.99,6.0,6.01,6.02,7800,28400,13700,7300,58800,3000,5400,5300,300,500,2000,500,12300,15500,2000,14800,19900,5000,14200,5600
