LocalTime,LastPrice,TradeVolume,TradeValue,BidPrice1,BidPrice2,BidPrice3,BidPrice4,BidPrice5,BidPrice6,BidPrice7,BidPrice8,BidPrice9,BidPriceA,AskPrice1,AskPrice2,AskPrice3,AskPrice4,AskPrice5,AskPrice6,AskPrice7,AskPrice8,AskPrice9,AskPriceA,BidVolume1,BidVolume2,BidVolume3,BidVolume4,BidVolume5,BidVolume6,BidVolume7,BidVolume8,BidVolume9,BidVolumeA,AskVolume1,AskVolume2,AskVolume3,AskVolume4,AskVolume5,AskVolume6,AskVolume7,AskVolume8,AskVolume9,AskVolumeA
0.0,8.65,1100,9515.0,8.77,8.75,8.72,8.71,8.7,8.68,8.66,8.63,8.62,8.61,8.78,8.8,8.89,8.9,8.91,8.92,8.94,8.97,8.98,8.99,800,200,1000,5000,7000,5000,200,1000,2000,4400,4000,53500,2000,8000,2000,2000,10800,1000,600,1700
1.0,8.77,4000,34973.0,8.77,8.75,8.72,8.71,8.7,8.68,8.66,8.63,8.62,8.61,8.78,8.8,8.89,8.9,8.91,8.92,8.94,8.97,8.98,8.99,5800,1100,1000,5000,7000,5000,200,1000,2000,4400,1500,53500,2000,8000,2000,2000,10800,1000,600,1700
2.0,8.78,4100,35851.0,8.77,8.75,8.72,8.71,8.7,8.68,8.66,8.63,8.62,8.61,8.78,8.8,8.89,8.9,8.91,8.92,8.94,8.97,8.98,8.99,5800,1100,1000,5000,7000,5000,200,1000,2000,4400,1400,53500,2000,8000,2000,2000,10800,1000,600,2200
3.0,8.78,4100,35851.0,8.77,8.75,8.72,8.71,8.7,8.68,8.66,8.63,8.62,8.61,8.78,8.89,8.9,8.91,8.92,8.94,8.97,8.98,8.99,9.0,5800,3100,1000,8000,7000,5000,200,1000,2000,4400,1400,7000,8000,2000,2000,10800,1000,1100,2200,600
4.0,8.77,4500,39359.0,8.77,8.75,8.72,8.71,8.7,8.68,8.66,8.63,8.62,8.61,8.78,8.89,8.9,8.91,8.92,8.94,8.97,8.98,8.99,9.0,5400,3100,1000,8000,7000,5000,200,1000,2000,4400,1400,7000,8000,2000,12000,10800,2500,1100,2200,4300
5.0,8.77,7400,64792.0,8.77,8.75,8.72,8.71,8.7,8.68,8.66,8.63,8.62,8.61,8.78,8.83,8.89,8.9,8.91,8.92,8.94,8.97,8.98,8.99,3400,3100,1000,10000,7000,5000,200,1000,2000,4400,1400,1200,7000,8000,2000,12000,10800,2500,1100,2200
6.0,8.77,7400,64792.0,8.77,8.75,8.72,8.71,8.7,8.68,8.66,8.63,8.62,8.61,8.78,8.83,8.89,8.9,8.91,8.92,8.94,8.97,8.98,8.99,3400,3100,1000,10000,7000,5000,200,1000,2000,4400,1400,1200,7000,8000,2000,12000,10800,2500,1100,2200
7.0,8.78,8800,77084.0,8.78,8.77,8.75,8.72,8.71,8.7,8.68,8.66,8.63,8.62,8.83,8.89,8.9,8.91,8.92,8.94,8.97,8.98,8.99,9.0,3300,4000,3100,1000,10000,9000,5000,200,1000,2000,1200,7000,8000,2000,12000,10800,2500,1100,2200,4300
8.0,8.78,10800,94644.0,8.78,8.77,8.75,8.72,8.71,8.7,8.68,8.66,8.63,8.62,8.83,8.89,8.9,8.91,8.92,8.94,8.97,8.98,8.99,9.0,1600,4000,3100,1000,10000,9000,5000,200,1000,2000,1200,7000,8000,2000,12000,10800,2500,1100,2200,4300
9.0,8.78,10800,94644.0,8.78,8.77,8.75,8.72,8.71,8.7,8.68,8.66,8.63,8.62,8.83,8.89,8.9,8.91,8.92,8.94,8.97,8.98,8.99,9.0,4400,4000,3100,1500,10000,9000,5000,200,1000,2000,1200,7000,8000,2000,12000,10800,2500,1100,2200,4300
10.0,8.78,12500,109570.0,8.78,8.77,8.75,8.72,8.71,8.7,8.68,8.67,8.66,8.63,8.82,8.83,8.89,8.9,8.91,8.92,8.94,8.97,8.98,8.99,2800,4000,3100,1500,10000,9000,5000,2200,200,1000,600,2000,7000,8000,2000,12000,10800,2500,1100,2200
11.0,8.78,13300,116610.0,8.78,8.77,8.75,8.72,8.71,8.7,8.68,8.67,8.66,8.63,8.82,8.83,8.89,8.9,8.91,8.92,8.94,8.97,8.98,8.99,900,4000,3100,1500,10000,9000,5000,2200,200,1000,500,2300,7000,8000,2000,12000,10800,2500,1100,2200
12.0,8.78,14300,125390.0,8.77,8.75,8.72,8.71,8.7,8.68,8.67,8.66,8.63,8.62,8.78,8.81,8.82,8.83,8.89,8.9,8.91,8.92,8.94,8.97,4000,3500,1500,10000,9000,5000,2200,200,1000,2000,100,100,600,2300,7000,8000,2000,12000,10800,2500
13.0,8.78,14700,128902.0,8.77,8.75,8.72,8.71,8.7,8.68,8.67,8.66,8.63,8.62,8.78,8.8,8.82,8.83,8.89,8.9,8.91,8.92,8.94,8.97,4000,3500,1500,10000,9000,5000,2200,200,1000,2000,300,300,600,2300,7000,8000,2000,12000,10800,2500
14.0,8.78,15400,135048.0,8.78,8.77,8.75,8.72,8.71,8.7,8.68,8.67,8.66,8.63,8.8,8.82,8.83,8.89,8.9,8.91,8.92,8.94,8.97,8.98,300,5000,3500,1500,10000,9000,5000,2200,200,1000,300,600,1900,7000,8000,2000,12000,10800,2500,1100
15.0,8.78,15400,135048.0,8.78,8.77,8.75,8.72,8.71,8.7,8.68,8.67,8.66,8.63,8.8,8.82,8.83,8.89,8.9,8.91,8.92,8.94,8.97,8.98,700,14100,3500,1500,10000,9000,5000,2200,200,1000,400,600,1900,7000,8000,2000,12000,10800,2500,1100
16.0,8.78,15400,135048.0,8.78,8.77,8.75,8.72,8.71,8.7,8.68,8.67,8.66,8.63,8.8,8.82,8.83,8.89,8.9,8.91,8.92,8.94,8.97,8.98,700,14100,3500,1500,10000,9000,5000,2200,200,1000,400,600,1900,7000,8000,2000,12000,10800,2500,1100
17.0,8.8,16300,142958.0,8.8,8.78,8.77,8.75,8.72,8.71,8.7,8.68,8.67,8.66,8.82,8.83,8.89,8.9,8.91,8.92,8.94,8.97,8.98,8.99,500,200,16900,3500,1500,10000,9000,5000,2200,200,600,1900,7000,8000,2000,12000,10800,2500,1100,2200
18.0,8.8,16300,142958.0,8.8,8.78,8.77,8.75,8.72,8.71,8.7,8.68,8.67,8.66,8.82,8.83,8.89,8.9,8.91,8.92,8.94,8.97,8.98,8.99,500,4600,16900,3500,1500,10000,9000,5000,2200,200,600,1900,7000,8000,2000,12000,10800,2500,1100,2200
19.0,8.8,16300,142958.0,8.8,8.78,8.77,8.75,8.72,8.71,8.7,8.68,8.67,8.66,8.82,8.83,8.89,8.9,8.91,8.92,8.94,8.97,8.98,8.99,500,4600,16900,3500,1500,10000,9000,5000,2200,200,600,1900,7000,8000,2000,12000,10800,2500,1100,2200
20.0,8.8,16400,143838.0,8.8,8.78,8.77,8.75,8.72,8.71,8.7,8.68,8.67,8.66,8.82,8.83,8.89,8.9,8.91,8.92,8.94,8.97,8.98,8.99,400,4600,16900,3500,1500,10000,9000,5000,2200,200,600,1900,7000,8000,2000,12000,10800,2500,1100,2200
21.0,8.8,16600,145598.0,8.8,8.78,8.77,8.75,8.72,8.71,8.7,8.68,8.67,8.66,8.82,8.83,8.89,8.9,8.91,8.92,8.94,8.96,8.97,8.98,200,4600,16900,3500,1500,10000,9000,5000,2200,200,600,1900,7000,8000,2000,12000,10800,300,2500,1100
22.0,8.8,16600,145598.0,8.8,8.78,8.77,8.75,8.72,8.71,8.7,8.68,8.67,8.66,8.82,8.83,8.89,8.9,8.91,8.92,8.94,8.96,8.97,8.98,200,4600,16900,3500,1500,10000,9000,5000,2200,200,600,1900,7000,8000,2000,12000,10800,300,2500,1100
23.0,8.78,19700,172820.0,8.78,8.77,8.75,8.72,8.71,8.7,8.68,8.67,8.66,8.65,8.8,8.82,8.83,8.89,8.9,8.91,8.92,8.94,8.96,8.97,1700,16900,3500,1500,10000,9000,5000,2200,200,2000,300,600,1900,7000,8000,2000,12000,10800,300,2500
24.0,8.78,19800,173698.0,8.78,8.77,8.75,8.72,8.71,8.7,8.68,8.67,8.66,8.65,8.8,8.82,8.83,8.89,8.9,8.91,8.92,8.94,8.96,8.97,1600,16900,3500,1500,10000,9000,5000,2200,200,2000,300,600,1900,7000,8000,2000,12000,10800,300,2500
25.0,8.78,19800,173698.0,8.78,8.77,8.75,8.72,8.71,8.7,8.68,8.67,8.66,8.65,8.8,8.82,8.83,8.89,8.9,8.91,8.92,8.94,8.96,8.97,1600,16900,3500,1500,10000,9000,5000,2200,200,2000,400,600,1900,7000,8000,2000,12000,10800,300,2500
26.0,8.78,19800,173698.0,8.78,8.77,8.75,8.72,8.71,8.7,8.68,8.67,8.66,8.65,8.8,8.82,8.83,8.89,8.9,8.91,8.92,8.94,8.96,8.97,1600,16900,3500,1500,10000,9000,5000,2200,200,2000,400,600,1900,7000,8000,2000,12000,10800,300,2500
27.0,8.78,20100,176332.0,8.78,8.77,8.75,8.72,8.71,8.7,8.68,8.67,8.66,8.65,8.8,8.82,8.83,8.89,8.9,8.91,8.92,8.94,8.96,8.97,1300,16900,3500,1500,10000,9000,5000,2200,200,2000,400,400,1900,7000,8000,2000,12000,10800,300,2500
28.0,8.78,20100,176332.0,8.78,8.77,8.75,8.72,8.71,8.7,8.68,8.67,8.66,8.65,8.8,8.82,8.83,8.89,8.9,8.91,8.92,8.94,8.96,8.97,1300,16900,3500,1500,10000,9000,5000,2200,200,2000,500,400,1900,5000,8000,2000,12000,10800,300,2500
29.0,8.78,20200,177210.0,8.78,8.77,8.75,8.72,8.71,8.7,8.68,8.67,8.66,8.65,8.79,8.8,8.82,8.83,8.89,8.9,8.91,8.92,8.94,8.96,1300,16900,3500,1500,10000,9000,5000,2200,200,2000,2000,500,400,1900,5000,8000,2000,12000,10800,300
30.0,8.78,20200,177210.0,8.78,8.77,8.75,8.72,8.71,8.7,8.68,8.67,8.66,8.65,8.79,8.8,8.82,8.83,8.89,8.9,8.91,8.92,8.94,8.96,1300,16900,3500,1500,10000,9000,5000,2200,200,2000,2000,500,400,1900,5000,8000,2000,12000,10800,300
31.0,8.78,20200,177210.0,8.78,8.77,8.75,8.72,8.71,8.7,8.68,8.67,8.66,8.65,8.79,8.8,8.82,8.83,8.89,8.9,8.91,8.92,8.94,8.96,1300,16900,3500,1500,10000,9000,5000,2200,200,2000,2000,500,400,1900,5000,8000,2000,12000,10800,300
32.0,8.79,20500,179846.0,8.78,8.77,8.75,8.72,8.71,8.7,8.68,8.67,8.66,8.65,8.79,8.8,8.82,8.83,8.89,8.9,8.91,8.92,8.94,8.96,1200,16900,3500,1500,10000,9000,5000,2200,200,2000,1800,200,400,1900,5000,8000,2000,12000,10800,300
33.0,8.79,20500,179846.0,8.78,8.77,8.75,8.72,8.71,8.7,8.68,8.67,8.66,8.65,8.79,8.8,8.82,8.83,8.89,8.9,8.91,8.92,8.94,8.96,1200,16900,3500,1500,10000,9000,5000,2200,200,2000,1800,200,400,1900,5000,8000,2000,12000,10800,300
34.0,8.79,20500,179846.0,8.78,8.77,8.75,8.72,8.71,8.7,8.68,8.67,8.66,8.65,8.79,8.8,8.82,8.83,8.89,8.9,8.91,8.92,8.94,8.96,1200,16900,3500,1500,10000,9000,5000,2200,200,2000,1800,200,400,1900,5000,8000,2000,12000,10800,300
35.0,8.77,21800,191259.0,8.77,8.75,8.72,8.71,8.7,8.68,8.67,8.66,8.65,8.63,8.79,8.8,8.82,8.83,8.89,8.9,8.91,8.92,8.94,8.96,16800,3500,1500,10000,9000,5000,2200,200,2000,1000,1800,200,400,1900,5000,8000,2000,12000,10800,300
36.0,8.79,21900,192138.0,8.77,8.75,8.72,8.71,8.7,8.68,8.67,8.66,8.65,8.63,8.79,8.8,8.82,8.83,8.89,8.9,8.91,8.92,8.94,8.96,16800,3500,1500,10000,9000,5000,2200,200,2000,1000,1700,200,400,1900,5000,8000,2000,12000,10800,300
37.0,8.79,21900,192138.0,8.77,8.75,8.72,8.71,8.7,8.68,8.67,8.66,8.65,8.63,8.79,8.8,8.82,8.83,8.89,8.9,8.91,8.92,8.94,8.96,16800,3500,1500,10000,9000,5000,2200,200,2000,1000,1700,200,400,1900,5000,8000,2000,12000,10800,300
38.0,8.77,22100,193892.0,8.77,8.75,8.72,8.71,8.7,8.68,8.67,8.66,8.65,8.63,8.79,8.8,8.82,8.83,8.89,8.9,8.91,8.92,8.94,8.96,16600,3500,1500,10000,9000,5000,2200,200,2000,1000,2100,200,400,1900,5000,8000,2000,12000,10800,300
39.0,8.79,22300,195650.0,8.77,8.75,8.72,8.71,8.7,8.68,8.67,8.66,8.65,8.63,8.79,8.8,8.82,8.83,8.89,8.9,8.91,8.92,8.94,8.96,16600,3500,1500,10000,9000,5000,2200,200,2000,1000,1900,200,400,1900,5000,8000,2000,12000,10800,300
40.0,8.77,23400,205297.0,8.77,8.75,8.72,8.71,8.7,8.68,8.67,8.66,8.65,8.63,8.79,8.8,8.82,8.83,8.89,8.9,8.91,8.92,8.94,8.96,15500,3500,1500,10000,9000,5000,2200,200,2000,1000,1900,200,400,1900,5000,8000,2000,12000,10800,300
41.0,8.79,23700,207934.0,8.77,8.75,8.72,8.71,8.7,8.68,8.67,8.66,8.65,8.63,8.79,8.8,8.82,8.83,8.89,8.9,8.91,8.92,8.94,8.96,15500,3500,1500,10000,9000,5000,2200,200,2000,1000,1600,200,400,1900,5000,8000,2000,12000,10800,300
42.0,8.79,23800,208813.0,8.77,8.75,8.72,8.71,8.7,8.68,8.67,8.66,8.65,8.63,8.79,8.8,8.82,8.83,8.89,8.9,8.91,8.92,8.94,8.96,15500,3500,1500,10000,9000,5000,2200,200,2000,1000,1500,200,400,1900,5000,8000,2000,12000,10800,300
43.0,8.79,23800,208813.0,8.77,8.75,8.72,8.71,8.7,8.68,8.67,8.66,8.65,8.63,8.79,8.8,8.82,8.83,8.89,8.9,8.91,8.92,8.94,8.96,15500,3500,1500,10000,9000,5000,2200,200,2000,1000,1500,200,400,1900,5000,8000,2000,12000,10800,300
44.0,8.79,24900,218482.0,8.77,8.75,8.72,8.71,8.7,8.68,8.67,8.66,8.65,8.63,8.79,8.8,8.82,8.83,8.89,8.9,8.91,8.92,8.94,8.96,15500,3500,1500,10000,9000,5000,2200,200,2000,1000,400,200,400,1900,5000,8000,2000,12000,10800,300
45.0,8.79,25000,219361.0,8.77,8.75,8.72,8.71,8.7,8.68,8.67,8.66,8.65,8.63,8.79,8.8,8.82,8.83,8.89,8.9,8.91,8.92,8.94,8.96,15500,3500,1500,10000,9000,5000,2200,200,2000,1000,300,200,400,1900,5000,8000,2000,12000,10800,300
46.0,8.79,25000,219361.0,8.77,8.75,8.72,8.71,8.7,8.68,8.67,8.66,8.65,8.63,8.79,8.8,8.82,8.83,8.89,8.9,8.91,8.92,8.94,8.96,15500,3500,1500,10000,9000,5000,2200,200,2000,1000,300,200,400,1900,5000,8000,2000,12000,10800,300
47.0,8.77,26100,229008.0,8.77,8.75,8.72,8.71,8.7,8.68,8.67,8.66,8.65,8.63,8.79,8.8,8.82,8.83,8.89,8.9,8.91,8.92,8.94,8.96,14400,3500,1500,10000,9000,5000,2200,200,2000,1000,300,200,400,1900,5000,8000,2000,12000,10800,300
48.0,8.79,26400,231645.0,8.79,8.77,8.75,8.72,8.71,8.7,8.68,8.67,8.66,8.65,8.8,8.82,8.83,8.89,8.9,8.91,8.92,8.94,8.96,8.97,200,14500,3500,1500,10000,9000,5000,2200,200,2000,200,400,1900,5000,8000,2000,12000,10800,300,2500
49.0,8.79,26400,231645.0,8.79,8.77,8.75,8.72,8.71,8.7,8.68,8.67,8.66,8.65,8.8,8.82,8.83,8.89,8.9,8.91,8.92,8.94,8.96,8.97,200,14500,3500,1500,10000,9000,5000,2200,200,2000,200,400,1900,5000,8000,2000,12000,10800,300,2500
50.0,8.79,26600,233403.0,8.77,8.75,8.72,8.71,8.7,8.68,8.67,8.66,8.65,8.63,8.79,8.8,8.82,8.83,8.89,8.9,8.91,8.92,8.94,8.96,14500,3500,1500,10000,9000,5000,2200,200,2000,1000,100,200,400,1900,5000,8000,2000,12000,10800,300
51.0,8.79,26600,233403.0,8.78,8.77,8.75,8.72,8.71,8.7,8.68,8.67,8.66,8.65,8.79,8.8,8.82,8.83,8.89,8.9,8.91,8.92,8.94,8.96,1100,14500,3500,1500,10000,9000,5000,2200,200,2000,100,200,400,1900,5000,8000,2000,12000,10800,300
52.0,8.79,26600,233403.0,8.78,8.77,8.75,8.72,8.71,8.7,8.68,8.67,8.66,8.65,8.79,8.8,8.82,8.83,8.89,8.9,8.91,8.92,8.94,8.96,1100,14500,3500,1500,10000,9000,5000,2200,200,2000,100,200,400,1900,5000,8000,2000,12000,10800,300
53.0,8.79,26600,233403.0,8.78,8.77,8.75,8.72,8.71,8.7,8.68,8.67,8.66,8.65,8.79,8.8,8.82,8.83,8.89,8.9,8.91,8.92,8.94,8.96,1100,14500,3500,1500,10000,9000,5000,2200,200,2000,100,200,400,1900,5000,8000,2000,12000,10800,300
54.0,8.79,26800,235160.0,8.79,8.78,8.77,8.75,8.72,8.71,8.7,8.68,8.67,8.66,8.8,8.82,8.83,8.89,8.9,8.91,8.92,8.94,8.96,8.97,100,1000,14500,3500,1500,10000,9000,5000,2200,200,200,400,1900,5000,8000,2000,12000,10800,300,2500
55.0,8.78,27500,241307.0,8.78,8.77,8.75,8.72,8.71,8.7,8.68,8.67,8.66,8.65,8.8,8.82,8.83,8.89,8.9,8.91,8.92,8.94,8.96,8.97,400,14500,3500,1500,10000,9000,5000,2200,200,2000,200,400,1900,5000,8000,2000,12000,10800,300,2500
56.0,8.8,27600,242187.0,8.79,8.78,8.77,8.75,8.72,8.71,8.7,8.68,8.67,8.66,8.8,8.82,8.83,8.89,8.9,8.91,8.92,8.94,8.96,8.97,200,500,14500,3500,1500,10000,9000,5000,2200,200,100,400,1900,5000,8000,2000,12000,10800,300,2500
57.0,8.8,27600,242187.0,8.79,8.78,8.77,8.75,8.72,8.71,8.7,8.68,8.67,8.66,8.8,8.82,8.83,8.89,8.9,8.91,8.92,8.94,8.96,8.97,200,500,14500,3500,1500,10000,9000,5000,2200,200,100,400,1900,5000,8000,2000,12000,10800,300,2500
58.0,8.8,27600,242187.0,8.79,8.78,8.77,8.75,8.72,8.71,8.7,8.68,8.67,8.66,8.8,8.82,8.83,8.89,8.9,8.91,8.92,8.94,8.96,8.97,200,500,14500,3500,1500,10000,9000,5000,2200,200,100,400,1900,5000,8000,2000,12000,10800,300,2500
59.0,8.77,29000,254474.0,8.77,8.76,8.75,8.72,8.71,8.7,8.68,8.67,8.66,8.65,8.8,8.82,8.83,8.89,8.9,8.91,8.92,8.94,8.96,8.97,13800,1000,3500,1500,10000,9000,5000,2200,200,2000,100,400,1900,5000,8000,2000,12000,10800,300,2500
60.0,8.77,29000,254474.0,8.77,8.76,8.75,8.72,8.71,8.7,8.68,8.67,8.66,8.65,8.8,8.82,8.83,8.89,8.9,8.91,8.92,8.94,8.96,8.97,1900,1000,3500,1500,10000,9000,5000,2200,200,2000,100,400,1900,5000,8000,2000,12000,10800,300,2500
61.0,8.77,29100,255351.0,8.79,8.77,8.76,8.75,8.72,8.71,8.7,8.68,8.67,8.66,8.8,8.82,8.83,8.89,8.9,8.91,8.92,8.94,8.96,8.97,6000,1800,1000,3500,1500,10000,9000,5000,2200,200,100,400,1900,5000,8000,2000,12000,10800,300,2500
62.0,8.77,29100,255351.0,8.79,8.77,8.76,8.75,8.72,8.71,8.7,8.68,8.67,8.66,8.8,8.82,8.83,8.89,8.9,8.91,8.92,8.94,8.96,8.97,6000,1800,1000,3500,1500,10000,9000,5000,2200,200,100,400,1900,5000,8000,2000,12000,10800,300,2500
63.0,8.77,29100,255351.0,8.79,8.77,8.76,8.75,8.72,8.71,8.7,8.68,8.67,8.66,8.8,8.82,8.83,8.89,8.9,8.91,8.92,8.94,8.96,8.97,6000,1800,1000,3500,1500,10000,9000,5000,2200,200,100,400,1900,5000,8000,2000,12000,10800,300,2500
64.0,8.77,29100,255351.0,8.79,8.77,8.76,8.75,8.72,8.71,8.7,8.68,8.67,8.66,8.8,8.82,8.83,8.89,8.9,8.91,8.92,8.94,8.96,8.97,6000,1800,1000,3500,1500,10000,9000,5000,2200,200,100,400,4800,5000,8000,2000,12000,10800,300,2500
65.0,8.77,29100,255351.0,8.79,8.77,8.76,8.75,8.72,8.71,8.7,8.68,8.67,8.66,8.8,8.82,8.83,8.89,8.9,8.91,8.92,8.94,8.96,8.97,6100,1800,1000,3500,1500,10000,9000,5000,2200,200,100,400,4800,5000,8000,2000,12000,10800,300,2500
66.0,8.77,29100,255351.0,8.79,8.77,8.76,8.75,8.72,8.71,8.7,8.68,8.67,8.66,8.8,8.82,8.83,8.89,8.9,8.91,8.92,8.94,8.96,8.97,6100,1800,1000,3500,1500,10000,9000,5000,2200,200,100,400,4800,5000,8000,2000,12000,10800,300,2500
67.0,8.8,29200,256231.0,8.8,8.79,8.78,8.77,8.76,8.75,8.72,8.71,8.7,8.68,8.82,8.83,8.89,8.9,8.91,8.92,8.94,8.96,8.97,8.98,100,6100,100,1800,1000,3500,1500,10000,9000,5000,400,4700,5000,8000,2000,12000,10800,300,2500,1100
68.0,8.8,29200,256231.0,8.8,8.79,8.78,8.77,8.76,8.75,8.72,8.71,8.7,8.68,8.82,8.83,8.89,8.9,8.91,8.92,8.94,8.96,8.97,8.98,100,6100,100,1800,1000,3500,1500,10000,9000,5000,400,4700,5000,8000,2000,12000,10800,300,2500,1100
69.0,8.81,29400,257993.0,8.8,8.79,8.78,8.77,8.76,8.75,8.72,8.71,8.7,8.68,8.81,8.82,8.83,8.89,8.9,8.91,8.92,8.94,8.96,8.97,100,6100,100,1800,1000,3500,1500,10000,9000,5000,4800,400,4700,5000,8000,2000,12000,10800,300,2500
70.0,8.81,29400,257993.0,8.8,8.79,8.78,8.77,8.76,8.75,8.72,8.71,8.7,8.68,8.81,8.82,8.83,8.89,8.9,8.91,8.92,8.94,8.96,8.97,100,6100,100,1800,1000,3500,1500,10000,9000,5000,4800,400,4700,5000,8000,2000,12000,10800,300,2500
71.0,8.81,29800,261517.0,8.8,8.79,8.78,8.77,8.76,8.75,8.72,8.71,8.7,8.68,8.81,8.82,8.83,8.89,8.9,8.91,8.92,8.94,8.96,8.97,100,6100,100,1800,1000,3500,1500,10000,9000,5000,4400,400,4700,5000,8000,2000,12000,10800,300,2500
72.0,8.81,29800,261517.0,8.8,8.79,8.78,8.77,8.76,8.75,8.72,8.71,8.7,8.68,8.81,8.82,8.83,8.89,8.9,8.91,8.92,8.94,8.96,8.97,100,6100,100,1900,1000,3500,1500,10000,9000,5000,4400,400,4700,5000,8000,2000,12000,10800,300,2500
73.0,8.81,29800,261517.0,8.8,8.79,8.78,8.77,8.76,8.75,8.72,8.71,8.7,8.68,8.81,8.82,8.83,8.89,8.9,8.91,8.92,8.94,8.96,8.97,100,6100,100,1900,1000,3500,1500,10000,9000,5000,4400,400,4700,5000,8000,2000,12000,10800,300,2500
74.0,8.79,35300,309871.0,8.79,8.78,8.77,8.76,8.75,8.72,8.71,8.7,8.68,8.67,8.81,8.82,8.83,8.89,8.9,8.91,8.92,8.94,8.96,8.97,1100,100,2100,1000,3500,1500,10000,9000,5000,2200,4000,400,4700,5000,8000,2000,12000,10800,300,2500
75.0,8.79,35300,309871.0,8.79,8.78,8.77,8.76,8.75,8.72,8.71,8.7,8.68,8.67,8.81,8.82,8.83,8.89,8.9,8.91,8.92,8.94,8.96,8.97,1100,200,2100,1000,3500,1500,10000,9000,5000,2200,4000,400,4700,5000,8000,2000,12000,10800,300,2500
76.0,8.79,35400,310750.0,8.79,8.78,8.77,8.76,8.75,8.72,8.71,8.7,8.68,8.67,8.81,8.82,8.83,8.89,8.9,8.91,8.92,8.94,8.96,8.97,1000,200,2000,1000,3500,1500,10000,9000,5000,2200,4000,400,4700,5000,8000,2000,12000,10800,300,2500
77.0,8.79,37300,327481.0,8.79,8.78,8.77,8.76,8.75,8.72,8.71,8.7,8.68,8.67,8.81,8.82,8.83,8.89,8.9,8.91,8.92,8.94,8.96,8.97,600,200,2000,1000,3500,1500,10000,9000,5000,2200,2500,400,4700,5000,8000,2000,12000,10800,300,2500
78.0,8.8,37400,328361.0,8.79,8.78,8.77,8.76,8.75,8.72,8.71,8.7,8.68,8.67,8.81,8.82,8.83,8.89,8.9,8.91,8.92,8.94,8.96,8.97,500,100,2000,1000,3500,1500,10000,9000,5000,2200,2500,400,4700,5000,8000,2000,12000,10800,300,2500
79.0,8.8,37400,328361.0,8.79,8.78,8.77,8.76,8.75,8.72,8.71,8.7,8.68,8.67,8.81,8.82,8.83,8.89,8.9,8.91,8.92,8.94,8.96,8.97,500,100,3100,1000,3500,1500,10000,9000,5000,2200,2500,400,4700,5000,8000,2000,12000,10800,300,2500
80.0,8.8,37400,328361.0,8.79,8.78,8.77,8.76,8.75,8.72,8.71,8.7,8.68,8.67,8.81,8.82,8.83,8.89,8.9,8.91,8.92,8.94,8.96,8.97,500,100,3100,1000,3500,1500,10000,9000,5000,2200,2500,400,4700,5000,8000,2000,12000,10800,300,2500
81.0,8.81,37600,330123.0,8.79,8.78,8.77,8.76,8.75,8.72,8.71,8.7,8.68,8.67,8.81,8.82,8.83,8.89,8.9,8.91,8.92,8.94,8.96,8.97,500,100,3100,1000,3500,1500,10000,9000,5000,2200,2300,400,4700,5000,8000,2000,12000,10800,300,2500
82.0,8.81,37600,330123.0,8.79,8.78,8.77,8.76,8.75,8.72,8.71,8.7,8.68,8.67,8.81,8.82,8.83,8.89,8.9,8.91,8.92,8.94,8.96,8.97,500,100,3100,1000,3500,1500,10000,9000,5000,2200,2300,400,4700,5000,8000,2000,12000,10800,300,2500
83.0,8.81,37800,331885.0,8.79,8.78,8.77,8.76,8.75,8.72,8.71,8.7,8.68,8.67,8.81,8.82,8.83,8.89,8.9,8.91,8.92,8.94,8.96,8.97,600,100,3100,1000,3500,1500,10000,9000,5000,2200,2100,400,4700,5000,8000,2000,12000,10800,300,2500
84.0,8.81,38000,333647.0,8.79,8.78,8.77,8.76,8.75,8.72,8.71,8.7,8.68,8.67,8.81,8.82,8.83,8.89,8.9,8.91,8.92,8.94,8.96,8.97,600,600,3000,1000,3500,1500,10000,9000,5000,2200,1900,400,4700,5000,8000,2000,12000,10800,300,2500
85.0,8.81,38000,333647.0,8.79,8.78,8.77,8.76,8.75,8.72,8.71,8.7,8.68,8.67,8.81,8.82,8.83,8.89,8.9,8.91,8.92,8.94,8.96,8.97,600,600,3000,1000,3500,1500,10000,9000,5000,2200,1900,400,4700,5000,8000,2000,12000,10800,300,2500
86.0,8.81,38200,335409.0,8.79,8.78,8.77,8.76,8.75,8.72,8.71,8.7,8.68,8.67,8.81,8.82,8.83,8.89,8.9,8.91,8.92,8.94,8.96,8.97,600,600,3000,1000,3500,1500,10000,9000,5000,2200,1700,400,4700,5000,8000,2000,12000,10800,300,2500
87.0,8.81,38300,336290.0,8.79,8.78,8.77,8.76,8.75,8.72,8.71,8.7,8.68,8.67,8.81,8.82,8.83,8.89,8.9,8.91,8.92,8.94,8.96,8.97,600,600,3000,1000,3500,1500,10000,9000,5000,2200,1600,400,4700,5000,8000,2000,12000,10800,300,2500
88.0,8.81,38600,338933.0,8.79,8.78,8.77,8.76,8.75,8.72,8.71,8.7,8.68,8.67,8.81,8.82,8.83,8.89,8.9,8.91,8.92,8.94,8.96,8.97,600,600,3000,1000,3500,1500,8000,9000,5000,2200,1300,400,4700,5000,8000,2000,12000,10800,300,2500
89.0,8.81,38600,338933.0,8.79,8.78,8.77,8.76,8.75,8.72,8.71,8.7,8.68,8.67,8.81,8.82,8.83,8.89,8.9,8.91,8.92,8.94,8.96,8.97,600,600,3000,1000,3500,1500,8000,9000,5000,2200,1300,400,4700,5000,8000,2000,12000,10800,300,2500
90.0,8.81,38800,340695.0,8.79,8.78,8.77,8.76,8.75,8.72,8.71,8.7,8.68,8.67,8.81,8.82,8.83,8.89,8.9,8.91,8.92,8.94,8.96,8.97,600,600,3000,1000,3500,1500,8000,9000,5000,2200,1100,400,4700,5000,8000,2000,12000,10800,300,2500
91.0,8.81,39900,350386.0,8.81,8.79,8.78,8.77,8.76,8.75,8.72,8.71,8.7,8.68,8.82,8.83,8.89,8.9,8.91,8.92,8.94,8.96,8.97,8.98,4400,600,600,3000,1000,3500,1500,8000,9000,5000,400,4700,5000,8000,2000,12000,10800,300,2500,1100
92.0,8.79,74100,651092.0,8.78,8.77,8.76,8.75,8.72,8.71,8.7,8.68,8.67,8.66,8.79,8.82,8.83,8.89,8.9,8.91,8.92,8.94,8.96,8.97,600,3000,1000,3500,1500,8000,9000,5000,2200,200,19300,400,4700,5000,8000,2000,12000,10800,300,2500
93.0,8.79,93400,820739.0,8.8,8.79,8.78,8.77,8.76,8.75,8.72,8.71,8.7,8.68,8.82,8.83,8.88,8.89,8.9,8.91,8.92,8.94,8.96,8.97,1300,2400,600,3000,1000,3500,1500,8000,9000,5000,100,4700,2000,5000,8000,2000,12000,10800,300,2500
94.0,8.79,93400,820739.0,8.8,8.79,8.78,8.77,8.76,8.75,8.72,8.71,8.7,8.68,8.82,8.83,8.88,8.89,8.9,8.91,8.92,8.94,8.96,8.97,1300,2100,600,3000,1000,3500,1500,8000,9000,5000,100,4700,2000,5000,8000,2000,12000,10800,300,2500
95.0,8.82,93500,821621.0,8.81,8.8,8.79,8.78,8.77,8.76,8.75,8.72,8.71,8.7,8.82,8.83,8.88,8.89,8.9,8.91,8.92,8.94,8.96,8.97,200,1300,2100,600,3000,1000,3500,1500,8000,9000,200,4700,2000,5000,8000,2000,12000,10800,300,2500
96.0,8.81,93600,822502.0,8.81,8.8,8.79,8.78,8.77,8.76,8.75,8.72,8.71,8.7,8.82,8.83,8.88,8.89,8.9,8.91,8.92,8.94,8.96,8.97,100,1300,3600,600,3000,1000,3500,1500,8000,9000,200,4700,2000,5000,8000,2000,12000,10800,300,2500
97.0,8.81,93600,822502.0,8.81,8.8,8.79,8.78,8.77,8.76,8.75,8.72,8.71,8.7,8.82,8.83,8.88,8.89,8.9,8.91,8.92,8.94,8.96,8.97,100,1300,3700,600,2900,1000,3500,1500,8000,9000,200,4700,2000,5000,8000,2000,12000,10800,300,2500
98.0,8.81,93700,823383.0,8.8,8.79,8.78,8.77,8.76,8.75,8.72,8.71,8.7,8.68,8.82,8.83,8.88,8.89,8.9,8.91,8.92,8.94,8.96,8.97,1300,3700,600,2900,1000,3500,1500,8000,9000,5000,200,4700,2000,5000,8000,2000,12000,10800,300,2500
99.0,8.81,93700,823383.0,8.8,8.79,8.78,8.77,8.76,8.75,8.72,8.71,8.7,8.68,8.82,8.83,8.88,8.89,8.9,8.91,8.92,8.94,8.96,8.97,1300,3700,500,2900,1000,3500,1500,8000,9000,5000,200,4700,2000,5000,8000,2000,12000,10800,300,2500
100.0,8.81,93700,823383.0,8.81,8.8,8.79,8.78,8.77,8.76,8.75,8.72,8.71,8.7,8.82,8.83,8.88,8.89,8.9,8.91,8.92,8.94,8.96,8.97,100,1400,3700,500,2900,1000,3500,1500,8000,9000,200,4700,2000,5000,8000,2000,12000,10800,300,2500
101.0,8.81,93700,823383.0,8.81,8.8,8.79,8.78,8.77,8.76,8.75,8.72,8.71,8.7,8.82,8.83,8.88,8.89,8.9,8.91,8.92,8.94,8.96,8.97,100,1400,3700,500,2900,1000,3500,1500,8000,9000,200,4700,2000,5000,8000,2000,12000,10800,300,2500
102.0,8.81,93700,823383.0,8.81,8.8,8.79,8.78,8.77,8.76,8.75,8.72,8.71,8.7,8.82,8.83,8.88,8.89,8.9,8.91,8.92,8.94,8.96,8.97,100,1400,3700,500,2900,1000,3500,1500,8000,9000,200,4700,2000,5000,8000,2000,12000,10800,300,2500
103.0,8.81,93700,823383.0,8.81,8.8,8.79,8.78,8.77,8.76,8.75,8.72,8.71,8.7,8.82,8.83,8.88,8.89,8.9,8.91,8.92,8.94,8.96,8.97,100,1400,3700,500,2900,1000,3500,1500,8000,9000,200,4700,2000,5000,8000,2000,12000,10800,300,2500
104.0,8.81,93700,823383.0,8.81,8.8,8.79,8.78,8.77,8.76,8.75,8.72,8.71,8.7,8.82,8.83,8.88,8.89,8.9,8.91,8.92,8.94,8.96,8.97,100,1400,3700,7100,2900,1000,3500,1500,8000,9000,200,4700,2000,5000,8000,2000,12000,10800,300,2500
105.0,8.81,93700,823383.0,8.81,8.8,8.79,8.78,8.77,8.76,8.75,8.72,8.71,8.7,8.82,8.83,8.88,8.89,8.9,8.91,8.92,8.94,8.96,8.97,100,1400,3700,7100,2900,1000,3500,1500,8000,9000,200,4700,2000,5000,8000,2000,12000,10800,300,2500
106.0,8.81,93700,823383.0,8.81,8.8,8.79,8.78,8.77,8.76,8.75,8.72,8.71,8.7,8.82,8.83,8.88,8.89,8.9,8.91,8.92,8.94,8.96,8.97,100,1400,3700,7100,2900,1000,3500,1500,8000,9000,200,4700,2000,5000,8000,2000,12000,10800,300,2500
107.0,8.82,93800,824265.0,8.81,8.8,8.79,8.78,8.77,8.76,8.75,8.72,8.71,8.7,8.82,8.83,8.88,8.89,8.9,8.91,8.92,8.94,8.96,8.97,100,1400,3700,8100,2900,1000,3500,1500,8000,9000,100,4700,2000,5000,8000,2000,12000,10800,300,2500
108.0,8.82,93800,824265.0,8.81,8.8,8.79,8.78,8.77,8.76,8.75,8.72,8.71,8.7,8.82,8.83,8.88,8.89,8.9,8.91,8.92,8.94,8.96,8.97,100,1400,3700,8100,2900,1000,3500,1500,8000,9000,100,4700,2000,5000,8000,2000,12000,10800,300,2500
109.0,8.81,93900,825146.0,8.81,8.8,8.79,8.78,8.77,8.76,8.75,8.72,8.71,8.7,8.82,8.83,8.88,8.89,8.9,8.91,8.92,8.94,8.96,8.97,400,1400,3700,8100,2900,1000,3500,1500,8000,9000,5100,4700,2000,5000,8000,2000,12000,10800,300,2500
110.0,8.81,94600,831313.0,8.8,8.79,8.78,8.77,8.76,8.75,8.72,8.71,8.7,8.68,8.81,8.82,8.83,8.88,8.89,8.9,8.91,8.92,8.94,8.96,1400,3700,8100,2900,1000,3500,1500,8000,9000,5000,4300,5100,4700,2000,5000,8000,2000,12000,10800,300
111.0,8.8,95500,839241.0,8.8,8.79,8.78,8.77,8.76,8.75,8.72,8.71,8.7,8.68,8.81,8.82,8.83,8.88,8.89,8.9,8.91,8.92,8.94,8.96,1300,3700,8100,2900,1000,3500,1500,8000,9000,5000,3500,5100,4700,2000,5000,8000,2000,12000,10800,300
112.0,8.81,95800,841884.0,8.8,8.79,8.78,8.77,8.76,8.75,8.72,8.71,8.7,8.68,8.81,8.82,8.83,8.88,8.89,8.9,8.91,8.92,8.94,8.96,1300,3700,8100,2900,1000,3500,1500,8000,9000,5000,3200,5100,4700,2000,5000,8000,2000,12000,10800,300
113.0,8.81,96300,846289.0,8.8,8.79,8.78,8.77,8.76,8.75,8.72,8.71,8.7,8.68,8.81,8.82,8.83,8.88,8.89,8.9,8.91,8.92,8.94,8.96,2000,3700,8100,2900,1000,3500,1500,8000,9000,5000,2700,5100,4700,2000,7200,8000,2000,12000,10800,300
114.0,8.81,96300,846289.0,8.8,8.79,8.78,8.77,8.76,8.75,8.72,8.71,8.7,8.68,8.81,8.82,8.83,8.88,8.89,8.9,8.91,8.92,8.94,8.96,2100,3700,8100,2900,1000,3500,1500,8000,9000,5000,2700,5100,4700,2000,7200,8000,2000,12000,10800,300
115.0,8.81,96300,846289.0,8.8,8.79,8.78,8.77,8.76,8.75,8.72,8.71,8.7,8.68,8.81,8.82,8.83,8.88,8.89,8.9,8.91,8.92,8.94,8.96,2400,3700,8100,2900,1000,3500,1500,8000,9000,5000,2700,5100,4700,2000,7200,8000,2000,12000,10800,300
116.0,8.8,96600,848931.0,8.8,8.79,8.78,8.77,8.76,8.75,8.72,8.71,8.7,8.68,8.81,8.82,8.83,8.88,8.89,8.9,8.91,8.92,8.94,8.96,2300,3700,8100,2900,1000,3500,1500,8000,9000,5000,2500,5100,4700,2000,7200,8000,2000,12000,10800,300
117.0,8.8,96600,848931.0,8.8,8.79,8.78,8.77,8.76,8.75,8.72,8.71,8.7,8.68,8.81,8.82,8.83,8.88,8.89,8.9,8.91,8.92,8.94,8.96,2300,3700,8100,2900,1000,3500,1500,8000,9000,5000,2500,5100,4700,2000,7200,8000,2000,12000,10800,300
118.0,8.8,96800,850691.0,8.8,8.79,8.78,8.77,8.76,8.75,8.72,8.71,8.7,8.68,8.81,8.82,8.83,8.88,8.89,8.9,8.91,8.92,8.94,8.96,2100,3700,8100,2900,1000,3500,1500,8000,9000,5000,2500,5100,4700,2000,7200,8000,2000,12000,10800,300
119.0,8.81,97100,853334.0,8.8,8.79,8.78,8.77,8.76,8.75,8.72,8.71,8.7,8.68,8.81,8.82,8.83,8.88,8.89,8.9,8.91,8.92,8.94,8.96,2100,3700,8100,2900,1000,3500,1500,8000,9000,5000,2300,5000,4700,2000,7200,8000,2000,12000,10800,300
120.0,8.8,99400,873577.0,8.8,8.79,8.78,8.77,8.76,8.75,8.72,8.71,8.7,8.68,8.81,8.82,8.83,8.88,8.89,8.9,8.91,8.92,8.94,8.96,100,3700,8100,2900,1000,3500,1500,8000,9000,5000,2000,5000,4700,2000,7200,8000,2000,12000,10800,300
121.0,8.8,99400,873577.0,8.8,8.79,8.78,8.77,8.76,8.75,8.72,8.71,8.7,8.68,8.81,8.82,8.83,8.88,8.89,8.9,8.91,8.92,8.94,8.96,400,3700,8100,2900,1000,3500,1500,8000,9000,5000,2000,5000,4700,2000,7200,8000,2000,12000,10800,300
122.0,8.81,101400,891196.0,8.81,8.8,8.79,8.78,8.77,8.76,8.75,8.72,8.71,8.7,8.82,8.83,8.88,8.89,8.9,8.91,8.92,8.94,8.96,8.97,2300,1200,4200,8100,2900,1000,3500,1500,8000,9000,5000,4700,2000,7200,8000,2000,12000,10800,300,2500
123.0,8.82,102400,900016.0,8.81,8.8,8.79,8.78,8.77,8.76,8.75,8.72,8.71,8.7,8.82,8.83,8.88,8.89,8.9,8.91,8.92,8.94,8.96,8.97,2300,1300,4200,8100,2900,1000,3500,1500,8000,9000,4000,4700,2000,7200,8000,2000,12000,10800,300,2500
124.0,8.82,102400,900016.0,8.81,8.8,8.79,8.78,8.77,8.76,8.75,8.72,8.71,8.7,8.82,8.83,8.88,8.89,8.9,8.91,8.92,8.94,8.96,8.97,2300,2900,4200,8100,2900,1000,3500,1500,8000,9000,4000,4700,2000,7200,8000,2000,12000,10800,300,2500
125.0,8.81,104400,917640.0,8.81,8.8,8.79,8.78,8.77,8.76,8.75,8.72,8.71,8.7,8.82,8.83,8.88,8.89,8.9,8.91,8.92,8.94,8.96,8.97,700,2900,4200,8100,2900,1000,3500,1500,8000,9000,3600,4700,2000,7200,8000,2000,12000,10800,300,2500
126.0,8.8,105900,930847.0,8.8,8.79,8.78,8.77,8.76,8.75,8.72,8.71,8.7,8.68,8.82,8.83,8.88,8.89,8.9,8.91,8.92,8.94,8.96,8.97,2200,4200,8100,2900,1000,3500,1500,8000,9000,5000,3600,4300,2000,7200,8000,2000,12000,10800,300,2500
127.0,8.8,105900,930847.0,8.8,8.79,8.78,8.77,8.76,8.75,8.72,8.71,8.7,8.68,8.82,8.83,8.88,8.89,8.9,8.91,8.92,8.94,8.96,8.97,2200,4200,8100,2900,1000,3500,1500,8000,9000,5000,3600,4300,2000,7200,8000,2000,12000,10800,300,2500
128.0,8.8,105900,930847.0,8.8,8.79,8.78,8.77,8.76,8.75,8.72,8.71,8.7,8.68,8.82,8.83,8.88,8.89,8.9,8.91,8.92,8.94,8.96,8.97,3000,4200,8100,2900,1000,3500,1500,8000,9000,5000,3600,4300,2000,7200,8000,2000,12000,10800,300,2500
129.0,8.8,106800,938767.0,8.8,8.79,8.78,8.77,8.76,8.75,8.72,8.71,8.7,8.68,8.82,8.83,8.88,8.89,8.9,8.91,8.92,8.94,8.96,8.97,2100,8800,8100,2900,1000,3500,1500,8000,9000,5000,3600,4300,2000,7200,8000,2000,12000,10800,300,2500
130.0,8.8,106800,938767.0,8.8,8.79,8.78,8.77,8.76,8.75,8.72,8.71,8.7,8.68,8.82,8.83,8.88,8.89,8.9,8.91,8.92,8.94,8.96,8.97,3400,8800,8100,2900,1000,3500,1500,8000,9000,5000,3600,4300,2000,7200,8000,2000,12000,10800,300,2500
131.0,8.82,107000,940531.0,8.8,8.79,8.78,8.77,8.76,8.75,8.72,8.71,8.7,8.68,8.82,8.83,8.88,8.89,8.9,8.91,8.92,8.94,8.96,8.97,3400,8800,8100,2900,1000,3500,1500,8000,9000,5000,3400,4300,2000,7200,8000,2000,12000,10800,1300,2500
132.0,8.8,108200,951091.0,8.8,8.79,8.78,8.77,8.76,8.75,8.72,8.71,8.7,8.68,8.82,8.83,8.88,8.89,8.9,8.91,8.92,8.94,8.96,8.97,2700,8300,8100,2900,1000,3500,1500,8000,9000,5000,3400,4300,2000,7200,8000,2000,12000,10800,1300,2500
133.0,8.8,108400,952851.0,8.8,8.79,8.78,8.77,8.76,8.75,8.72,8.71,8.7,8.68,8.82,8.83,8.88,8.89,8.9,8.91,8.92,8.94,8.96,8.97,2500,8300,8100,2900,1000,3500,1500,8000,9000,5000,3400,4300,2000,7200,8000,2000,12000,10800,1300,2500
134.0,8.82,109000,958143.0,8.8,8.79,8.78,8.77,8.76,8.75,8.72,8.71,8.7,8.68,8.82,8.83,8.88,8.89,8.9,8.91,8.92,8.94,8.96,8.97,2500,8300,8100,2900,1000,3500,1500,8000,9000,5000,2800,4300,2000,7200,8000,2000,12000,10800,1300,2500
135.0,8.8,109200,959903.0,8.8,8.79,8.78,8.77,8.76,8.75,8.72,8.71,8.7,8.68,8.82,8.83,8.88,8.89,8.9,8.91,8.92,8.94,8.96,8.97,2300,8300,8100,2900,1000,3500,1500,8000,9000,5000,2800,4300,2000,7200,8000,2000,12000,10800,1300,2500
136.0,8.8,109200,959903.0,8.8,8.79,8.78,8.77,8.76,8.75,8.72,8.71,8.7,8.68,8.82,8.83,8.88,8.89,8.9,8.91,8.92,8.94,8.96,8.97,2300,8300,8100,2900,1000,3500,1500,8000,9000,5000,2800,4300,2000,7200,8000,2000,12000,10800,1300,2500
137.0,8.8,109200,959903.0,8.8,8.79,8.78,8.77,8.76,8.75,8.72,8.71,8.7,8.68,8.82,8.83,8.88,8.89,8.9,8.91,8.92,8.94,8.96,8.97,2300,8300,8100,2900,1000,3500,1500,8000,9000,5000,2800,4300,2000,7200,8000,2000,12000,10800,1300,2500
138.0,8.82,109500,962545.0,8.8,8.79,8.78,8.77,8.76,8.75,8.72,8.71,8.7,8.68,8.82,8.83,8.88,8.89,8.9,8.91,8.92,8.94,8.96,8.97,2100,8300,8100,2900,1000,3500,1500,8000,9000,5000,2700,4300,2000,7200,8000,2000,12000,10800,1300,2500
139.0,8.82,109500,962545.0,8.8,8.79,8.78,8.77,8.76,8.75,8.72,8.71,8.7,8.68,8.82,8.83,8.88,8.89,8.9,8.91,8.92,8.94,8.96,8.97,3700,8300,8100,2900,1000,3500,1500,8000,9000,5000,2700,4300,2000,7200,8000,2000,12000,10800,1300,2500
140.0,8.8,109800,965185.0,8.8,8.79,8.78,8.77,8.76,8.75,8.72,8.71,8.7,8.68,8.82,8.83,8.88,8.89,8.9,8.91,8.92,8.94,8.96,8.97,13700,8300,8100,2900,1000,3500,1500,8000,9000,5000,2700,4300,2000,7200,8000,2000,12000,10800,1300,2500
141.0,8.8,110900,974865.0,8.8,8.79,8.78,8.77,8.76,8.75,8.72,8.71,8.7,8.68,8.82,8.83,8.88,8.89,8.9,8.91,8.92,8.94,8.96,8.97,12600,8300,8100,2900,1000,3500,1500,8000,9000,5000,2700,4300,2000,7200,8000,2000,12000,10800,1300,2500
142.0,8.8,110900,974865.0,8.8,8.79,8.78,8.77,8.76,8.75,8.72,8.71,8.7,8.68,8.82,8.83,8.88,8.89,8.9,8.91,8.92,8.94,8.96,8.97,15200,9300,8100,2900,1000,3500,1500,8000,9000,5000,2700,4300,2000,7200,8000,2000,12000,10800,1300,2500
143.0,8.82,111200,977511.0,8.8,8.79,8.78,8.77,8.76,8.75,8.72,8.71,8.7,8.68,8.82,8.83,8.88,8.89,8.9,8.91,8.92,8.94,8.96,8.97,16500,9300,8100,2900,1000,3500,1500,8000,9000,5000,2400,4300,2000,7200,8000,2000,12000,10800,1300,2500
144.0,8.82,111200,977511.0,8.8,8.79,8.78,8.77,8.76,8.75,8.72,8.71,8.7,8.68,8.82,8.83,8.88,8.89,8.9,8.91,8.92,8.94,8.96,8.97,16500,9300,8100,2900,1000,3500,1500,8000,9000,5000,2400,4300,2000,7200,8000,2000,12000,10800,1300,2500
145.0,8.82,111200,977511.0,8.8,8.79,8.78,8.77,8.76,8.75,8.72,8.71,8.7,8.68,8.82,8.83,8.88,8.89,8.9,8.91,8.92,8.94,8.96,8.97,16500,9300,8100,2900,1000,3500,1500,8000,9000,5000,2400,4300,2000,7200,8000,2000,12000,10800,1300,2500
146.0,8.83,115500,1015456.0,8.82,8.8,8.79,8.78,8.77,8.76,8.75,8.72,8.71,8.7,8.83,8.88,8.89,8.9,8.91,8.92,8.94,8.96,8.97,8.98,600,16000,9300,8100,2900,1000,3500,1500,8000,9000,2400,2000,7200,8000,2000,12000,10800,1300,2500,1100
147.0,8.83,115500,1015456.0,8.82,8.8,8.79,8.78,8.77,8.76,8.75,8.72,8.71,8.7,8.83,8.88,8.89,8.9,8.91,8.92,8.94,8.96,8.97,8.98,900,16000,9300,8100,2900,1000,3500,1500,8000,9000,2400,2000,7200,8000,2000,12000,10800,1300,2500,1100
148.0,8.83,117900,1036648.0,8.84,8.82,8.8,8.79,8.78,8.77,8.76,8.75,8.72,8.71,8.88,8.89,8.9,8.91,8.92,8.94,8.96,8.97,8.98,8.99,100,3000,16000,9300,8100,2900,1000,3500,1500,8000,2000,7200,8000,2000,12000,10800,1300,2500,1100,2200
149.0,8.83,117900,1036648.0,8.84,8.82,8.8,8.79,8.78,8.77,8.76,8.75,8.72,8.71,8.88,8.89,8.9,8.91,8.92,8.94,8.96,8.97,8.98,8.99,100,3300,16000,9300,8100,2900,1000,3500,1500,8000,2400,7200,8000,2000,12000,10800,1300,2500,1100,2200
150.0,8.82,123600,1086968.0,8.8,8.79,8.78,8.77,8.76,8.75,8.72,8.71,8.7,8.68,8.82,8.88,8.89,8.9,8.91,8.92,8.94,8.96,8.97,8.98,15900,8100,8100,2900,1000,3500,1500,8000,9000,5000,1300,3300,7200,8000,2000,12000,10800,1300,2500,1100
151.0,8.82,124800,1097552.0,8.8,8.79,8.78,8.77,8.76,8.75,8.72,8.71,8.7,8.68,8.82,8.88,8.89,8.9,8.91,8.92,8.94,8.96,8.97,8.98,15900,8000,8100,2900,1000,3500,1500,8000,9000,5000,100,3300,7200,8000,2000,12000,10800,1300,2500,1100
152.0,8.82,124900,1098434.0,8.83,8.82,8.8,8.79,8.78,8.77,8.76,8.75,8.72,8.71,8.88,8.89,8.9,8.91,8.92,8.94,8.96,8.97,8.98,8.99,200,100,17900,8000,8100,2900,1000,3500,1500,8000,3300,7200,8000,2000,12000,10800,1300,2500,1100,2200
153.0,8.81,125400,1102844.0,8.81,8.8,8.79,8.78,8.77,8.76,8.75,8.72,8.71,8.7,8.88,8.89,8.9,8.91,8.92,8.94,8.96,8.97,8.98,8.99,1300,18000,8000,8100,2900,1000,3500,1500,8000,9000,3300,7200,8000,2000,12000,10800,1300,2500,1100,2200
154.0,8.81,126500,1112535.0,8.81,8.8,8.79,8.78,8.77,8.76,8.75,8.72,8.71,8.7,8.88,8.89,8.9,8.91,8.92,8.94,8.96,8.97,8.98,8.99,200,18000,8000,8100,2900,1000,3500,1500,8000,9000,3300,7200,8000,2000,12000,10800,1300,2500,1100,2200
155.0,8.88,126800,1115199.0,8.82,8.81,8.8,8.79,8.78,8.77,8.76,8.75,8.72,8.71,8.88,8.89,8.9,8.91,8.92,8.94,8.96,8.97,8.98,8.99,200,1700,18000,8000,8100,2900,1000,3500,1500,8000,3400,7200,8000,2000,12000,10800,1300,2500,1100,2200
156.0,8.88,127300,1119639.0,8.82,8.81,8.8,8.79,8.78,8.77,8.76,8.75,8.73,8.72,8.88,8.89,8.9,8.91,8.92,8.94,8.96,8.97,8.98,8.99,200,1700,18000,8000,8100,2900,1000,3500,2000,1500,2900,7200,8000,2000,12000,10800,1300,2500,1100,2200
157.0,8.88,127800,1124079.0,8.82,8.81,8.8,8.79,8.78,8.77,8.76,8.75,8.73,8.72,8.88,8.89,8.9,8.91,8.92,8.94,8.96,8.97,8.98,8.99,200,1800,18000,8000,8100,2900,1100,3500,2000,1500,2400,7200,8000,2000,12000,10800,1300,2500,1100,2200
158.0,8.88,127800,1124079.0,8.82,8.81,8.8,8.79,8.78,8.77,8.76,8.75,8.73,8.72,8.88,8.89,8.9,8.91,8.92,8.94,8.96,8.97,8.98,8.99,700,1800,18000,8000,8100,2900,1100,3500,2000,1500,2800,7200,8000,2000,12000,10800,1300,2500,1100,2200
159.0,8.88,127800,1124079.0,8.82,8.81,8.8,8.79,8.78,8.77,8.76,8.75,8.73,8.72,8.88,8.89,8.9,8.91,8.92,8.94,8.96,8.97,8.98,8.99,700,1900,18000,8000,8100,2900,1100,3500,2000,1500,2800,7200,8000,2000,12000,10800,1300,2500,1100,2200
160.0,8.88,127900,1124967.0,8.82,8.81,8.8,8.79,8.78,8.77,8.76,8.75,8.73,8.72,8.88,8.89,8.9,8.91,8.92,8.94,8.96,8.97,8.98,8.99,1100,3600,18000,8000,8100,2900,1100,3500,2000,1500,3100,7200,8000,2000,12000,10800,1300,2500,1100,2200
161.0,8.88,127900,1124967.0,8.82,8.81,8.8,8.79,8.78,8.77,8.76,8.75,8.73,8.72,8.88,8.89,8.9,8.91,8.92,8.94,8.96,8.97,8.98,8.99,6400,3600,18000,8000,8100,2900,1100,3500,2000,1500,3100,7200,8000,2000,12000,10800,1300,2500,1100,2200
162.0,8.82,128800,1132923.0,8.82,8.81,8.8,8.79,8.78,8.77,8.76,8.75,8.73,8.72,8.88,8.89,8.9,8.91,8.92,8.94,8.96,8.97,8.98,8.99,6200,3800,18000,8000,8100,2900,1100,3500,2000,1500,3200,7200,8000,2000,12000,10800,1300,2500,1100,2200
163.0,8.82,128800,1132923.0,8.82,8.81,8.8,8.79,8.78,8.77,8.76,8.75,8.73,8.72,8.88,8.89,8.9,8.91,8.92,8.94,8.96,8.97,8.98,8.99,6300,5700,18000,8000,1500,3300,1100,3500,2000,1500,3200,7200,8000,2000,12000,10800,1300,2500,1100,2200
164.0,8.82,128800,1132923.0,8.82,8.81,8.8,8.79,8.78,8.77,8.76,8.75,8.73,8.72,8.88,8.89,8.9,8.91,8.92,8.94,8.96,8.97,8.98,8.99,6300,5700,18000,8000,1500,3300,1100,3500,2000,1500,3200,7200,8000,2000,12000,10800,1300,2500,1100,2200
165.0,8.88,129100,1135587.0,8.84,8.82,8.81,8.8,8.79,8.78,8.77,8.76,8.75,8.73,8.88,8.89,8.9,8.91,8.92,8.94,8.96,8.97,8.98,8.99,300,6700,5700,18000,8000,1500,3300,1100,3500,2000,3300,7200,8000,2000,12000,10800,1300,2500,1100,2200
166.0,8.88,129100,1135587.0,8.84,8.82,8.81,8.8,8.79,8.78,8.77,8.76,8.75,8.73,8.88,8.89,8.9,8.91,8.92,8.94,8.96,8.97,8.98,8.99,300,6700,5700,18000,8000,1500,3300,1100,3500,2000,3300,7200,8000,2000,12000,10800,1300,2500,1100,2200
167.0,8.88,129100,1135587.0,8.84,8.82,8.81,8.8,8.79,8.78,8.77,8.76,8.75,8.73,8.88,8.89,8.9,8.91,8.92,8.94,8.96,8.97,8.98,8.99,700,1600,5600,18000,8000,1500,3300,1100,3500,2000,3700,7200,8000,2000,12000,10800,1300,2500,1100,2200
168.0,8.88,129100,1135587.0,8.84,8.82,8.81,8.8,8.79,8.78,8.77,8.76,8.75,8.73,8.88,8.89,8.9,8.91,8.92,8.94,8.96,8.97,8.98,8.99,700,1600,5600,18000,8000,1500,3300,1100,3500,2000,3700,7200,8000,2000,12000,10800,1300,2500,1100,2200
169.0,8.88,130100,1144467.0,8.84,8.83,8.82,8.81,8.8,8.79,8.78,8.77,8.76,8.75,8.88,8.89,8.9,8.91,8.92,8.94,8.96,8.97,8.98,8.99,700,300,1700,5600,18000,8000,1500,3300,1100,3500,2700,7200,8000,2000,12000,10800,1300,2500,1100,2200
170.0,8.88,130100,1144467.0,8.84,8.83,8.82,8.81,8.8,8.79,8.78,8.77,8.76,8.75,8.88,8.89,8.9,8.91,8.92,8.94,8.96,8.97,8.98,8.99,800,900,1700,5600,18000,8000,1500,3300,1100,3500,2800,7200,8000,2000,12000,10800,1300,2500,1100,2200
171.0,8.83,131800,1159486.0,8.82,8.81,8.8,8.79,8.78,8.77,8.76,8.75,8.73,8.72,8.83,8.88,8.89,8.9,8.91,8.92,8.94,8.96,8.97,8.98,1700,5600,18000,8000,1500,3300,1100,3500,2000,1500,3300,2800,7200,8000,2000,12000,10800,1300,2500,1100
172.0,8.83,132400,1164784.0,8.82,8.81,8.8,8.79,8.78,8.77,8.76,8.75,8.73,8.72,8.83,8.85,8.88,8.89,8.9,8.91,8.92,8.94,8.96,8.97,2300,5600,18000,8000,1500,3300,1100,3500,2000,1500,2700,3700,2800,7200,8000,2000,12000,10800,1300,2500
173.0,8.83,132700,1167433.0,8.82,8.81,8.8,8.79,8.78,8.77,8.76,8.75,8.73,8.72,8.83,8.85,8.88,8.89,8.9,8.91,8.92,8.94,8.96,8.97,2300,5600,18000,8000,1500,3300,1100,3500,2000,1500,2400,3700,2800,7200,8000,2000,12000,10800,1300,2500
174.0,8.83,133000,1170082.0,8.82,8.81,8.8,8.79,8.78,8.77,8.76,8.75,8.73,8.72,8.83,8.85,8.88,8.89,8.9,8.91,8.92,8.94,8.96,8.97,2300,5600,18000,8000,1500,3300,1100,3500,2000,1500,2100,3700,2800,7200,8000,2000,12000,10800,1300,2500
175.0,8.83,133200,1171848.0,8.82,8.81,8.8,8.79,8.78,8.77,8.76,8.75,8.73,8.72,8.83,8.85,8.88,8.89,8.9,8.91,8.92,8.94,8.96,8.97,2300,5600,18000,8000,1500,3300,1100,3500,2000,1500,1900,3700,2800,7200,8000,2000,12000,10800,1300,2500
176.0,8.82,133500,1174495.0,8.82,8.81,8.8,8.79,8.78,8.77,8.76,8.75,8.73,8.72,8.83,8.85,8.88,8.89,8.9,8.91,8.92,8.94,8.96,8.97,2100,5500,18000,8000,1500,3300,1100,3500,2000,1500,1800,3700,2800,7200,8000,2000,12000,10800,1300,2500
177.0,8.82,133800,1177141.0,8.82,8.81,8.8,8.79,8.78,8.77,8.76,8.75,8.73,8.72,8.83,8.85,8.88,8.89,8.9,8.91,8.92,8.94,8.96,8.97,1800,5500,18000,8000,1500,3300,1100,3500,2000,1500,1800,3700,2800,7200,8000,2000,12000,10800,1300,2500
178.0,8.82,133800,1177141.0,8.82,8.81,8.8,8.79,8.78,8.77,8.76,8.75,8.73,8.72,8.83,8.85,8.88,8.89,8.9,8.91,8.92,8.94,8.96,8.97,1800,5500,18000,8000,1500,3300,1100,3500,2000,1500,1800,3700,2800,7200,8000,2000,12000,10800,1300,2500
179.0,8.83,133900,1178024.0,8.82,8.81,8.8,8.79,8.78,8.77,8.76,8.75,8.73,8.72,8.83,8.85,8.88,8.89,8.9,8.91,8.92,8.94,8.96,8.97,1800,5500,18000,8000,1500,3300,1100,3500,2000,1500,1700,3700,2800,7200,8000,2000,12000,10800,1300,2500
180.0,8.83,134200,1180673.0,8.82,8.81,8.8,8.79,8.78,8.77,8.76,8.75,8.73,8.72,8.83,8.85,8.88,8.89,8.9,8.91,8.92,8.94,8.96,8.97,1800,5500,18000,8000,1500,3300,1100,3500,2000,1500,1400,3700,2800,7200,8000,2000,12000,10800,1300,2500
181.0,8.83,134200,1180673.0,8.82,8.81,8.8,8.79,8.78,8.77,8.76,8.75,8.73,8.72,8.83,8.85,8.88,8.89,8.9,8.91,8.92,8.94,8.96,8.97,1800,5500,18000,8000,1500,3300,1100,3500,2000,1500,1400,3700,2800,7200,8000,2000,12000,10800,1300,2500
182.0,8.82,134300,1181555.0,8.82,8.81,8.8,8.79,8.78,8.77,8.76,8.75,8.73,8.72,8.83,8.85,8.88,8.89,8.9,8.91,8.92,8.94,8.96,8.97,1700,5500,18000,8000,1500,3300,1100,3500,2000,1500,1400,3700,2800,7200,8000,2000,12000,10800,1300,2500
183.0,8.83,134400,1182438.0,8.82,8.81,8.8,8.79,8.78,8.77,8.76,8.75,8.73,8.72,8.83,8.85,8.88,8.89,8.9,8.91,8.92,8.94,8.96,8.97,1700,5500,18000,8000,1500,3300,1100,3500,2000,1500,1300,3700,2800,7200,8000,2000,12000,10800,1300,2500
184.0,8.83,134400,1182438.0,8.82,8.81,8.8,8.79,8.78,8.77,8.76,8.75,8.73,8.72,8.83,8.85,8.88,8.89,8.9,8.91,8.92,8.94,8.96,8.97,1700,5500,18000,8000,1500,3300,1100,3500,2000,1500,1300,3700,2800,7200,8000,2000,12000,10800,1300,2500
185.0,8.83,134400,1182438.0,8.82,8.81,8.8,8.79,8.78,8.77,8.76,8.75,8.73,8.72,8.83,8.85,8.88,8.89,8.9,8.91,8.92,8.94,8.96,8.97,1700,5500,18000,8000,1500,3300,1100,3500,2000,1500,1300,3700,2800,7200,8000,2000,12000,10800,1300,2500
186.0,8.83,134400,1182438.0,8.82,8.81,8.8,8.79,8.78,8.77,8.76,8.75,8.73,8.72,8.83,8.85,8.88,8.89,8.9,8.91,8.92,8.94,8.96,8.97,1700,5500,18000,8000,1500,3300,1100,3500,2000,1500,1300,3700,2800,7200,8000,2000,12000,10800,1300,2500
187.0,8.83,134400,1182438.0,8.82,8.81,8.8,8.79,8.78,8.77,8.76,8.75,8.73,8.72,8.83,8.85,8.88,8.89,8.9,8.91,8.92,8.94,8.96,8.97,1700,5500,18000,8000,1500,3300,1100,3500,2000,1500,1300,3700,2800,7200,8000,2000,12000,10800,1300,2500
188.0,8.82,134500,1183320.0,8.82,8.81,8.8,8.79,8.78,8.77,8.76,8.75,8.73,8.72,8.83,8.85,8.88,8.89,8.9,8.91,8.92,8.94,8.96,8.97,1600,5500,18000,8000,1500,3300,1100,3500,2000,1500,1300,3700,2800,7200,8000,2000,12000,10800,1300,2500
189.0,8.82,134500,1183320.0,8.82,8.81,8.8,8.79,8.78,8.77,8.76,8.75,8.73,8.72,8.83,8.85,8.88,8.89,8.9,8.91,8.92,8.94,8.96,8.97,1600,5500,18000,8000,1500,3300,1100,3500,2000,1500,1300,3700,2800,7200,8000,2000,12000,10800,1300,2500
190.0,8.82,134500,1183320.0,8.82,8.81,8.8,8.79,8.78,8.77,8.76,8.75,8.73,8.72,8.83,8.85,8.88,8.89,8.9,8.91,8.92,8.94,8.96,8.97,1600,5600,18000,3400,1500,3300,1100,3500,2000,1500,1300,3700,2800,7200,8000,2000,12000,10800,1300,2500
191.0,8.82,134700,1185085.0,8.82,8.81,8.8,8.79,8.78,8.77,8.76,8.75,8.73,8.72,8.83,8.85,8.88,8.89,8.9,8.91,8.92,8.94,8.96,8.97,1500,5600,18000,3400,1500,3300,1100,3500,2000,1500,1200,3700,2800,7200,8000,2000,12000,10800,1300,2500
192.0,8.82,135100,1188615.0,8.82,8.81,8.8,8.79,8.78,8.77,8.76,8.75,8.73,8.72,8.83,8.85,8.88,8.89,8.9,8.91,8.92,8.94,8.96,8.97,2100,5600,18000,3400,1500,3300,1100,3500,2000,1500,1000,3700,2800,7200,8000,2000,12000,10800,1300,2500
193.0,8.82,135100,1188615.0,8.82,8.81,8.8,8.79,8.78,8.77,8.76,8.75,8.73,8.72,8.83,8.85,8.88,8.89,8.9,8.91,8.92,8.94,8.96,8.97,2100,5600,18000,3400,1500,3300,1100,3500,2000,1500,1000,3700,2800,7200,8000,3600,12000,10800,1300,2500
194.0,8.82,135100,1188615.0,8.82,8.81,8.8,8.79,8.78,8.77,8.76,8.75,8.73,8.72,8.83,8.85,8.88,8.89,8.9,8.91,8.92,8.94,8.96,8.97,2100,5600,18000,3400,1500,3300,1100,3500,2000,1500,1000,3700,2800,7200,8000,3600,12000,10800,1300,2500
195.0,8.82,135300,1190379.0,8.82,8.81,8.8,8.79,8.78,8.77,8.76,8.75,8.73,8.72,8.83,8.85,8.88,8.89,8.9,8.91,8.92,8.94,8.96,8.97,2200,5600,18000,3400,1500,3300,1100,3500,2000,1500,1000,3700,2800,7200,8000,3600,12000,10800,1300,2500
196.0,8.82,135300,1190379.0,8.82,8.81,8.8,8.79,8.78,8.77,8.76,8.75,8.73,8.72,8.83,8.85,8.88,8.89,8.9,8.91,8.92,8.94,8.96,8.97,2200,5600,18000,3400,1500,3300,1100,3500,2000,1500,1000,3700,2800,7200,8000,3600,12000,10800,1300,2500
197.0,8.82,135300,1190379.0,8.82,8.81,8.8,8.79,8.78,8.77,8.76,8.75,8.73,8.72,8.83,8.85,8.88,8.89,8.9,8.91,8.92,8.94,8.96,8.97,2200,5600,18000,3400,1500,3300,1100,3500,2000,1500,1000,3700,2800,7200,8000,3600,12000,10800,1300,2500
198.0,8.82,135600,1193026.0,8.82,8.81,8.8,8.79,8.78,8.77,8.76,8.75,8.73,8.72,8.83,8.85,8.88,8.89,8.9,8.91,8.92,8.94,8.96,8.97,2900,5600,18000,3400,1500,3300,1100,3500,2000,1500,900,3700,2800,7200,8000,3600,12000,10800,1300,2500
199.0,8.82,135600,1193026.0,8.82,8.81,8.8,8.79,8.78,8.77,8.76,8.75,8.73,8.72,8.83,8.85,8.88,8.89,8.9,8.91,8.92,8.94,8.96,8.97,2900,5600,18000,3400,1500,3300,1100,3500,2000,1500,900,3700,2800,7200,8000,3600,12000,10800,1300,2500
200.0,8.83,135900,1195675.0,8.82,8.81,8.8,8.79,8.78,8.77,8.76,8.75,8.73,8.72,8.83,8.85,8.88,8.89,8.9,8.91,8.92,8.94,8.96,8.97,2900,5600,18000,3400,1500,3300,1100,3500,2000,1500,600,3700,2800,7200,8000,3600,12000,10800,1300,2500
201.0,8.83,136700,1202737.0,8.83,8.82,8.81,8.8,8.79,8.78,8.77,8.76,8.75,8.73,8.85,8.88,8.89,8.9,8.91,8.92,8.94,8.96,8.97,8.98,200,2700,5600,18000,3400,1500,3300,1100,3500,2000,3700,2800,7200,8000,3600,12000,10800,1300,2500,1100
202.0,8.83,136700,1202737.0,8.83,8.82,8.81,8.8,8.79,8.78,8.77,8.76,8.75,8.73,8.85,8.88,8.89,8.9,8.91,8.92,8.94,8.96,8.97,8.98,200,2700,5600,18000,3400,1500,3300,1100,3500,2000,3700,2800,7200,8000,3600,12000,10800,1300,2500,1100
203.0,8.83,136700,1202737.0,8.83,8.82,8.81,8.8,8.79,8.78,8.77,8.76,8.75,8.73,8.85,8.88,8.89,8.9,8.91,8.92,8.94,8.96,8.97,8.98,300,2700,5600,18000,3400,1500,3300,1100,3500,2000,3700,2800,7200,8000,3600,12000,10800,1300,2500,1100
204.0,8.85,137400,1208932.0,8.83,8.82,8.81,8.8,8.79,8.78,8.77,8.76,8.75,8.73,8.85,8.87,8.88,8.89,8.9,8.91,8.92,8.94,8.96,8.97,300,2700,5600,18000,3400,1500,3300,1100,3500,2000,3000,300,2800,7200,8000,3600,12000,10800,1300,2500
205.0,8.85,137700,1211587.0,8.83,8.82,8.81,8.8,8.79,8.78,8.77,8.76,8.75,8.73,8.85,8.87,8.88,8.89,8.9,8.91,8.92,8.94,8.96,8.97,300,2700,5600,18000,3400,1500,3300,1100,3500,2000,2700,300,2800,7200,8000,3600,12000,10800,1300,2500
206.0,8.85,137700,1211587.0,8.83,8.82,8.81,8.8,8.79,8.78,8.77,8.76,8.75,8.73,8.85,8.87,8.88,8.89,8.9,8.91,8.92,8.94,8.96,8.97,300,2700,3600,18000,3400,1500,3300,1100,3500,2000,2700,300,2800,7200,8000,3600,12000,10800,1300,2500
207.0,8.85,137700,1211587.0,8.83,8.82,8.81,8.8,8.79,8.78,8.77,8.76,8.75,8.73,8.85,8.87,8.88,8.89,8.9,8.91,8.92,8.94,8.96,8.97,4100,1200,2500,18000,3400,1500,3300,1100,3500,2000,2700,300,2800,7200,8000,3600,12000,10800,1300,2500
208.0,8.83,138300,1216885.0,8.83,8.82,8.81,8.8,8.79,8.78,8.77,8.76,8.75,8.73,8.85,8.87,8.88,8.89,8.9,8.91,8.92,8.94,8.96,8.97,3800,1100,2500,18000,3400,1500,3300,1100,3500,2000,2700,300,2800,7200,8000,3600,12000,10800,1300,2500
209.0,8.83,138300,1216885.0,8.83,8.82,8.81,8.8,8.79,8.78,8.77,8.76,8.75,8.73,8.85,8.87,8.88,8.89,8.9,8.91,8.92,8.94,8.96,8.97,3800,1100,2500,18000,3400,1500,3300,1100,3500,2000,2700,300,2800,7200,8000,3600,12000,10800,1300,2500
210.0,8.83,138300,1216885.0,8.83,8.82,8.81,8.8,8.79,8.78,8.77,8.76,8.75,8.73,8.85,8.87,8.88,8.89,8.9,8.91,8.92,8.94,8.96,8.97,3800,1100,2500,18000,3400,1500,3300,1100,3500,2000,2700,300,2800,7200,8000,3600,12000,10800,1300,2500
211.0,8.83,138600,1219534.0,8.83,8.82,8.81,8.8,8.79,8.78,8.77,8.76,8.75,8.73,8.85,8.87,8.88,8.89,8.9,8.91,8.92,8.94,8.96,8.97,3500,1100,2500,18000,3400,1500,3300,1100,3500,2000,2700,300,2800,7200,8000,3600,12000,10800,1300,2500
212.0,8.85,138800,1221304.0,8.83,8.82,8.81,8.8,8.79,8.78,8.77,8.76,8.75,8.73,8.85,8.87,8.88,8.89,8.9,8.91,8.92,8.94,8.96,8.97,3500,1100,2500,18000,3400,1500,3300,1100,3500,2000,2500,300,2800,7200,8000,3600,12000,10800,1300,2500
213.0,8.85,138800,1221304.0,8.83,8.82,8.81,8.8,8.79,8.78,8.77,8.76,8.75,8.73,8.85,8.87,8.88,8.89,8.9,8.91,8.92,8.94,8.96,8.97,3500,1100,2500,18000,3400,1500,3300,1100,3500,2000,2500,300,2800,7200,8000,3600,12000,10800,1300,2500
214.0,8.83,139100,1223953.0,8.83,8.82,8.81,8.8,8.79,8.78,8.77,8.76,8.75,8.73,8.85,8.87,8.88,8.89,8.9,8.91,8.92,8.94,8.96,8.97,3200,1000,2500,18000,3400,1500,3300,1100,3500,2000,2500,300,2800,7200,8000,3600,12000,10800,1300,2500
215.0,8.85,139600,1228378.0,8.83,8.82,8.81,8.8,8.79,8.78,8.77,8.76,8.75,8.73,8.85,8.87,8.88,8.89,8.9,8.91,8.92,8.94,8.96,8.97,3200,1000,2500,18000,3400,1500,3300,1100,3500,2000,2000,300,2800,7200,8000,3600,12000,10800,1300,2500
216.0,8.85,139600,1228378.0,8.83,8.82,8.81,8.8,8.79,8.78,8.77,8.76,8.75,8.73,8.85,8.87,8.88,8.89,8.9,8.91,8.92,8.94,8.96,8.97,3200,1000,2500,18000,3400,1500,3300,1100,3500,2000,2000,300,2800,7200,8000,3600,12000,10800,1300,2500
217.0,8.85,139600,1228378.0,8.83,8.82,8.81,8.8,8.79,8.78,8.77,8.76,8.75,8.73,8.85,8.87,8.88,8.89,8.9,8.91,8.92,8.94,8.96,8.97,3200,1000,2500,18000,3400,1500,3300,1100,3500,2000,2000,300,2800,7200,8000,3600,12000,10800,1300,2500
218.0,8.83,140300,1234561.0,8.83,8.82,8.81,8.8,8.79,8.78,8.77,8.76,8.75,8.73,8.85,8.87,8.88,8.89,8.9,8.91,8.92,8.94,8.96,8.97,2600,1000,2500,18000,3400,1500,3300,1100,3500,2000,1900,300,2800,7200,8000,3600,12000,10800,1300,2500
219.0,8.85,140400,1235446.0,8.83,8.82,8.81,8.8,8.79,8.78,8.77,8.76,8.75,8.73,8.85,8.87,8.88,8.89,8.9,8.91,8.92,8.94,8.96,8.97,2600,1000,2500,18000,3400,1500,2700,1100,3500,2000,1800,300,2800,7200,8000,3600,12000,10800,1300,2500
220.0,8.85,140400,1235446.0,8.83,8.82,8.81,8.8,8.79,8.78,8.77,8.76,8.75,8.73,8.85,8.87,8.88,8.89,8.9,8.91,8.92,8.94,8.96,8.97,2900,1000,2500,18000,3400,1500,2700,1100,3500,2000,1800,300,2800,7200,8000,3600,12000,10800,1300,2500
221.0,8.83,140600,1237212.0,8.83,8.82,8.81,8.8,8.79,8.78,8.77,8.76,8.75,8.73,8.85,8.87,8.88,8.89,8.9,8.91,8.92,8.94,8.96,8.97,3000,1000,2500,18000,3400,1500,2700,1100,3500,2000,1800,300,2800,7200,8000,3600,12000,10800,1300,2500
222.0,8.83,140600,1237212.0,8.83,8.82,8.81,8.8,8.79,8.78,8.77,8.76,8.75,8.73,8.85,8.87,8.88,8.89,8.9,8.91,8.92,8.94,8.96,8.97,3000,1000,2500,18000,3400,1500,2700,1100,3500,2000,1800,300,2800,7200,8000,3600,12000,10800,1300,2500
223.0,8.83,140600,1237212.0,8.83,8.82,8.81,8.8,8.79,8.78,8.77,8.76,8.75,8.73,8.85,8.87,8.88,8.89,8.9,8.91,8.92,8.94,8.96,8.97,3000,1000,2500,18000,3400,1500,2700,1100,3500,2000,1800,300,2800,7200,8000,3600,12000,10800,1300,2500
224.0,8.83,140900,1239861.0,8.83,8.82,8.81,8.8,8.79,8.78,8.77,8.76,8.75,8.73,8.85,8.87,8.88,8.89,8.9,8.91,8.92,8.94,8.96,8.97,2700,1000,2500,18000,3400,1500,2700,1100,3500,2000,1800,300,2800,7200,8000,3600,12000,10800,1300,2500
225.0,8.83,141000,1240744.0,8.83,8.82,8.81,8.8,8.79,8.78,8.77,8.76,8.75,8.73,8.85,8.87,8.88,8.89,8.9,8.91,8.92,8.94,8.96,8.97,2600,1000,2500,18000,3400,1500,2700,1100,3500,2000,1800,300,2800,7200,8000,3600,12000,10800,1300,2500
226.0,8.83,141000,1240744.0,8.83,8.82,8.81,8.8,8.79,8.78,8.77,8.76,8.75,8.73,8.85,8.87,8.88,8.89,8.9,8.91,8.92,8.94,8.96,8.97,2600,1000,2500,18000,3400,1500,2700,1100,3500,2000,1800,300,2800,7200,8000,3600,12000,10800,1300,2500
227.0,8.83,141600,1246044.0,8.83,8.82,8.81,8.8,8.79,8.78,8.77,8.76,8.75,8.73,8.85,8.87,8.88,8.89,8.9,8.91,8.92,8.94,8.96,8.97,2100,1000,2500,18000,3400,1500,2700,1100,3500,2000,1700,300,2800,7200,8000,3600,12000,10800,1300,2500
228.0,8.83,141800,1247810.0,8.83,8.82,8.81,8.8,8.79,8.78,8.77,8.76,8.75,8.73,8.84,8.85,8.87,8.88,8.89,8.9,8.91,8.92,8.94,8.96,1900,1000,2500,18000,3400,1500,2700,1100,3500,2000,100,1700,300,2800,7200,8000,3600,12000,10800,1300
229.0,8.83,142000,1249576.0,8.83,8.82,8.81,8.8,8.79,8.78,8.77,8.76,8.75,8.73,8.84,8.85,8.87,8.88,8.89,8.9,8.91,8.92,8.94,8.96,1700,1000,2500,18000,3400,1500,2700,1100,3500,2000,100,1700,300,2800,7200,8000,3600,12000,10800,1300
230.0,8.83,142000,1249576.0,8.83,8.82,8.81,8.8,8.79,8.78,8.77,8.76,8.75,8.73,8.84,8.85,8.87,8.88,8.89,8.9,8.91,8.92,8.94,8.96,1700,1000,2500,18000,3400,1500,2700,1100,3500,2000,100,1700,300,2800,7200,8000,3600,12000,10800,1300
231.0,8.83,142100,1250459.0,8.83,8.82,8.81,8.8,8.79,8.78,8.77,8.76,8.75,8.73,8.84,8.85,8.87,8.88,8.89,8.9,8.91,8.92,8.94,8.96,1600,1000,2500,18000,3400,1500,2700,1100,3500,2000,400,1700,300,2800,7200,8000,3600,12000,10800,1300
232.0,8.83,142100,1250459.0,8.83,8.82,8.81,8.8,8.79,8.78,8.77,8.76,8.75,8.73,8.84,8.85,8.87,8.88,8.89,8.9,8.91,8.92,8.94,8.96,1600,1000,2500,18000,3400,1500,2700,1100,3500,2000,400,1700,300,2800,7200,8000,3600,12000,10800,1300
233.0,8.83,142100,1250459.0,8.83,8.82,8.81,8.8,8.79,8.78,8.77,8.76,8.75,8.73,8.84,8.85,8.87,8.88,8.89,8.9,8.91,8.92,8.94,8.96,2200,1000,2500,18000,3400,1500,2700,1100,3500,2000,400,1700,300,2800,7200,8000,3600,12000,10800,1300
234.0,8.83,142100,1250459.0,8.83,8.82,8.81,8.8,8.79,8.78,8.77,8.76,8.75,8.73,8.84,8.85,8.87,8.88,8.89,8.9,8.91,8.92,8.94,8.96,2300,1000,2500,18000,3400,1500,2700,1100,3500,2000,400,1700,300,2800,7200,8000,3600,12000,10800,1300
235.0,8.83,142300,1252225.0,8.83,8.82,8.81,8.8,8.79,8.78,8.77,8.76,8.75,8.73,8.84,8.85,8.87,8.88,8.89,8.9,8.91,8.92,8.94,8.96,2100,1000,2500,18000,3400,1500,2700,1100,3500,2000,400,1700,300,2800,7200,8000,3600,12000,10800,1300
236.0,8.83,142300,1252225.0,8.83,8.82,8.81,8.8,8.79,8.78,8.77,8.76,8.75,8.73,8.84,8.85,8.87,8.88,8.89,8.9,8.91,8.92,8.94,8.96,2100,1000,2500,18000,3400,1500,2700,1100,3500,2000,400,1700,300,2800,7200,8000,3600,12000,10800,1300
237.0,8.84,142700,1255761.0,8.83,8.82,8.81,8.8,8.79,8.78,8.77,8.76,8.75,8.73,8.85,8.87,8.88,8.89,8.9,8.91,8.92,8.94,8.96,8.97,2100,1000,2500,18000,3400,1500,2700,1100,3500,2000,1700,300,2800,7200,8000,3600,12000,10800,1300,2500
238.0,8.83,142900,1257527.0,8.83,8.82,8.81,8.8,8.79,8.78,8.77,8.76,8.75,8.73,8.85,8.87,8.88,8.89,8.9,8.91,8.92,8.94,8.96,8.97,1900,1000,2500,18000,3400,1500,2700,1100,3500,2000,1700,300,2800,7200,8000,3600,12000,10800,1300,2500
239.0,8.83,143200,1260176.0,8.83,8.82,8.81,8.8,8.79,8.78,8.77,8.76,8.75,8.73,8.85,8.87,8.88,8.89,8.9,8.91,8.92,8.94,8.96,8.97,1600,1000,2500,18000,3400,1500,2700,1100,3500,2000,1700,300,2800,7200,8000,3600,12000,10800,1300,2500
240.0,8.83,143200,1260176.0,8.83,8.82,8.81,8.8,8.79,8.78,8.77,8.76,8.75,8.73,8.85,8.87,8.88,8.89,8.9,8.91,8.92,8.94,8.96,8.97,1600,1000,2500,18000,3400,1500,2700,1100,3500,2000,1700,300,2800,7200,8000,3600,12000,10800,1300,2500
241.0,8.83,143300,1261059.0,8.83,8.82,8.81,8.8,8.79,8.78,8.77,8.76,8.75,8.73,8.85,8.87,8.88,8.89,8.9,8.91,8.92,8.94,8.96,8.97,1500,1000,2500,18000,3400,1500,2700,1100,3500,2000,1700,300,2800,7200,8000,3600,12000,10800,1300,2500
242.0,8.83,143300,1261059.0,8.83,8.82,8.81,8.8,8.79,8.78,8.77,8.76,8.75,8.73,8.85,8.87,8.88,8.89,8.9,8.91,8.92,8.94,8.96,8.97,1500,1100,2500,17800,3400,1500,2700,1100,3500,2000,1700,300,2800,7200,8000,3600,12000,10800,1300,2500
243.0,8.83,143400,1261942.0,8.83,8.82,8.81,8.8,8.79,8.78,8.77,8.76,8.75,8.73,8.85,8.87,8.88,8.89,8.9,8.91,8.92,8.94,8.96,8.97,1400,1100,2500,17800,3400,1500,2700,1100,3500,2000,1700,300,2800,7200,8000,3600,12000,10800,1300,2500
244.0,8.83,143400,1261942.0,8.84,8.83,8.82,8.81,8.8,8.79,8.78,8.77,8.76,8.75,8.85,8.87,8.88,8.89,8.9,8.91,8.92,8.94,8.96,8.97,100,1400,1100,2500,15800,3400,1500,2700,1100,3500,1700,300,2800,7200,8000,3600,12000,10800,1300,2500
245.0,8.84,143500,1262826.0,8.83,8.82,8.81,8.8,8.79,8.78,8.77,8.76,8.75,8.73,8.84,8.85,8.87,8.88,8.89,8.9,8.91,8.92,8.94,8.96,1900,1100,2500,15800,3400,1500,2700,1100,3500,2000,100,1700,300,2800,7200,8000,3600,12000,10800,1300
246.0,8.84,143500,1262826.0,8.83,8.82,8.81,8.8,8.79,8.78,8.77,8.76,8.75,8.73,8.84,8.85,8.87,8.88,8.89,8.9,8.91,8.92,8.94,8.96,1900,1100,2500,15800,3400,1500,2700,1100,3500,2000,100,1700,300,2800,7200,8000,3600,12000,10800,1300
247.0,8.84,143500,1262826.0,8.83,8.82,8.81,8.8,8.79,8.78,8.77,8.76,8.75,8.73,8.84,8.85,8.87,8.88,8.89,8.9,8.91,8.92,8.94,8.96,1900,1100,2500,15800,3400,1500,2700,1100,3500,2000,100,1700,300,2800,7200,8000,3600,12000,10800,1300
248.0,8.83,143600,1263709.0,8.83,8.82,8.81,8.8,8.79,8.78,8.77,8.76,8.75,8.73,8.84,8.85,8.87,8.88,8.89,8.9,8.91,8.92,8.94,8.96,1800,1100,2500,15800,3400,1500,2700,1100,3500,2000,100,1700,300,2800,7200,8000,3600,12000,10800,1300
249.0,8.83,143600,1263709.0,8.83,8.82,8.81,8.8,8.79,8.78,8.77,8.76,8.75,8.73,8.84,8.85,8.87,8.88,8.89,8.9,8.91,8.92,8.94,8.96,1800,1100,2500,15800,3400,1500,2700,1100,3500,2000,100,1700,300,2800,7200,8000,3600,12000,10800,1300
250.0,8.84,144000,1267242.0,8.83,8.82,8.81,8.8,8.79,8.78,8.77,8.76,8.75,8.73,8.85,8.87,8.88,8.89,8.9,8.91,8.92,8.94,8.96,8.97,1600,1100,2400,15800,5200,1500,2700,1100,3500,2000,1700,300,2800,7200,8000,3600,12000,10800,1300,2500
251.0,8.83,144100,1268125.0,8.83,8.82,8.81,8.8,8.79,8.78,8.77,8.76,8.75,8.73,8.85,8.87,8.88,8.89,8.9,8.91,8.92,8.94,8.96,8.97,1500,1100,2400,15800,5200,1600,2700,1100,3500,2000,1700,300,2800,7200,8000,3600,12000,10800,1300,2500
252.0,8.85,145200,1277860.0,8.83,8.82,8.81,8.8,8.79,8.78,8.77,8.76,8.75,8.73,8.85,8.87,8.88,8.89,8.9,8.91,8.92,8.94,8.96,8.97,1500,1100,2400,15800,5200,1600,2700,1100,3500,2000,600,300,2800,7200,8000,3600,12000,10800,3400,2500
253.0,8.85,145500,1280515.0,8.83,8.82,8.81,8.8,8.79,8.78,8.77,8.76,8.75,8.73,8.85,8.87,8.88,8.89,8.9,8.91,8.92,8.94,8.96,8.97,1500,1100,2400,15800,5200,1600,2700,1100,3500,2000,300,300,2800,7200,8000,3600,12000,10800,3400,2500
254.0,8.85,145800,1283170.0,8.85,8.84,8.83,8.82,8.81,8.8,8.79,8.78,8.77,8.76,8.87,8.88,8.89,8.9,8.91,8.92,8.94,8.96,8.97,8.98,700,1900,1500,1100,2400,15800,5200,1600,2700,1100,300,2800,7200,8000,3600,12000,10800,3400,2500,1100
255.0,8.85,145800,1283170.0,8.85,8.84,8.83,8.82,8.81,8.8,8.79,8.78,8.77,8.76,8.87,8.88,8.89,8.9,8.91,8.92,8.94,8.96,8.97,8.98,700,3200,1500,1100,2400,15800,5200,1600,2700,1100,300,2800,7200,8000,3600,12000,10800,3400,2500,1100
256.0,8.85,145800,1283170.0,8.85,8.84,8.83,8.82,8.81,8.8,8.79,8.78,8.77,8.76,8.87,8.88,8.89,8.9,8.91,8.92,8.94,8.96,8.97,8.98,700,3200,1500,1100,2400,15800,5200,1600,2700,1100,300,2800,7200,8000,3600,12000,10800,3400,2500,1100
257.0,8.85,145800,1283170.0,8.85,8.84,8.83,8.82,8.81,8.8,8.79,8.78,8.77,8.76,8.87,8.88,8.89,8.9,8.91,8.92,8.94,8.96,8.97,8.98,1200,3200,1500,1100,2400,15800,5200,1600,2700,1100,300,2800,7200,8000,3600,12000,10800,3400,2500,1100
258.0,8.85,146900,1292905.0,8.85,8.84,8.83,8.82,8.81,8.8,8.79,8.78,8.77,8.76,8.87,8.88,8.89,8.9,8.91,8.92,8.94,8.96,8.97,8.98,100,3200,1500,1100,2400,15800,5200,1600,2700,1100,300,2800,7200,8000,3600,12000,10800,3400,2500,1100
259.0,8.85,146900,1292905.0,8.85,8.84,8.83,8.82,8.81,8.8,8.79,8.78,8.77,8.76,8.87,8.88,8.89,8.9,8.91,8.92,8.94,8.96,8.97,8.98,100,3200,1500,1100,2400,15800,5200,1600,2700,1100,300,2800,7200,8000,3600,12000,10800,3400,2500,1100
260.0,8.85,146900,1292905.0,8.85,8.84,8.83,8.82,8.81,8.8,8.79,8.78,8.77,8.76,8.87,8.88,8.89,8.9,8.91,8.92,8.94,8.96,8.97,8.98,100,3200,1500,1100,2400,15800,5200,1600,2700,1100,300,2800,7200,8000,3600,12000,10800,3400,2500,1100
261.0,8.85,146900,1292905.0,8.85,8.84,8.83,8.82,8.81,8.8,8.79,8.78,8.77,8.76,8.87,8.88,8.89,8.9,8.91,8.92,8.94,8.96,8.97,8.98,100,3200,1500,1100,2400,15800,5200,1600,2700,1100,300,2800,7200,8000,3600,12000,10800,3400,2500,1100
262.0,8.85,146900,1292905.0,8.86,8.85,8.84,8.83,8.82,8.81,8.8,8.79,8.78,8.77,8.87,8.88,8.89,8.9,8.91,8.92,8.94,8.96,8.97,8.98,500,100,3200,1500,1100,2400,15800,5200,1600,2700,300,2800,7200,8000,3600,12000,10800,3400,2500,1100
263.0,8.85,146900,1292905.0,8.86,8.85,8.84,8.83,8.82,8.81,8.8,8.79,8.78,8.77,8.87,8.88,8.89,8.9,8.91,8.92,8.94,8.96,8.97,8.98,500,100,3200,1500,1100,2400,15800,5200,1600,2700,300,2800,7200,8000,3600,12000,10800,3400,2500,1100
264.0,8.85,146900,1292905.0,8.86,8.85,8.84,8.83,8.82,8.81,8.8,8.79,8.78,8.77,8.87,8.88,8.89,8.9,8.91,8.92,8.94,8.96,8.97,8.98,500,100,3200,1500,1100,2400,15800,5200,1600,2700,300,2800,7200,8000,3600,12000,10800,3400,2500,1100
265.0,8.85,146900,1292905.0,8.86,8.85,8.84,8.83,8.82,8.81,8.8,8.79,8.78,8.77,8.87,8.88,8.89,8.9,8.91,8.92,8.94,8.96,8.97,8.98,500,100,3200,1500,1100,9000,15800,5200,1600,2700,300,2800,7200,8000,3600,12000,10800,3400,2500,1100
266.0,8.85,146900,1292905.0,8.86,8.85,8.84,8.83,8.82,8.81,8.8,8.79,8.78,8.77,8.87,8.88,8.89,8.9,8.91,8.92,8.94,8.96,8.97,8.98,500,3500,3200,1500,1100,9000,15800,5200,1600,2300,300,2800,7200,8000,3600,12000,10800,3400,2500,1100
267.0,8.86,147000,1293791.0,8.86,8.85,8.84,8.83,8.82,8.81,8.8,8.79,8.78,8.77,8.87,8.88,8.89,8.9,8.91,8.92,8.94,8.96,8.97,8.98,400,3800,3200,1500,1100,8900,15800,5200,1600,2300,300,2800,7200,8000,3600,12000,10800,3400,2500,1100
268.0,8.86,147000,1293791.0,8.86,8.85,8.84,8.83,8.82,8.81,8.8,8.79,8.78,8.77,8.87,8.88,8.89,8.9,8.91,8.92,8.94,8.96,8.97,8.98,400,3800,3200,900,1100,8900,15800,5200,1600,2300,300,2800,7200,8000,3600,12000,10800,3400,2500,1100
269.0,8.86,147000,1293791.0,8.86,8.85,8.84,8.83,8.82,8.81,8.8,8.79,8.78,8.77,8.87,8.88,8.89,8.9,8.91,8.92,8.94,8.96,8.97,8.98,400,3800,3200,900,1100,8900,15800,5200,1600,2300,300,2800,7200,8000,3600,12000,10800,3400,2500,1100
270.0,8.86,147000,1293791.0,8.86,8.85,8.84,8.83,8.82,8.81,8.8,8.79,8.78,8.77,8.87,8.88,8.89,8.9,8.91,8.92,8.94,8.96,8.97,8.98,400,3800,3200,900,1100,8900,15800,5200,1600,2300,300,2800,7200,8000,3600,12000,10800,3400,2500,1100
271.0,8.86,147000,1293791.0,8.86,8.85,8.84,8.83,8.82,8.81,8.8,8.79,8.78,8.77,8.87,8.88,8.89,8.9,8.91,8.92,8.94,8.96,8.97,8.98,400,3800,3200,900,1100,8900,15800,5200,1600,2300,300,2800,7200,8000,3600,12000,10800,3400,2500,1100
272.0,8.86,147000,1293791.0,8.86,8.85,8.84,8.83,8.82,8.81,8.8,8.79,8.78,8.77,8.87,8.88,8.89,8.9,8.91,8.92,8.94,8.96,8.97,8.98,400,3800,3300,900,1100,8900,15800,5200,1600,2300,300,2800,7200,8000,3600,12000,10800,3400,2500,1100
273.0,8.86,147000,1293791.0,8.86,8.85,8.84,8.83,8.82,8.81,8.8,8.79,8.78,8.77,8.87,8.88,8.89,8.9,8.91,8.92,8.94,8.96,8.97,8.98,400,3800,3300,900,1100,8900,15800,5200,1600,2300,300,2800,7200,8000,3600,12000,10800,3400,2500,1100
274.0,8.86,147000,1293791.0,8.86,8.85,8.84,8.83,8.82,8.81,8.8,8.79,8.78,8.77,8.87,8.88,8.89,8.9,8.91,8.92,8.94,8.96,8.97,8.98,400,3800,3300,900,1100,8900,15800,5200,1600,2300,300,2800,7200,8000,3600,12000,10800,3400,2500,1100
275.0,8.86,147000,1293791.0,8.86,8.85,8.84,8.83,8.82,8.81,8.8,8.79,8.78,8.77,8.87,8.88,8.89,8.9,8.91,8.92,8.94,8.96,8.97,8.98,400,3800,3300,900,1100,8900,15800,5200,1600,2300,300,2800,7200,8000,3600,12000,10800,3400,2500,1100
276.0,8.86,147000,1293791.0,8.86,8.85,8.84,8.83,8.82,8.81,8.8,8.79,8.78,8.77,8.87,8.88,8.89,8.9,8.91,8.92,8.94,8.96,8.97,8.98,400,3800,3300,900,1100,8900,15800,5200,1600,2300,300,2800,7200,8000,3600,12000,10800,3400,2500,1100
277.0,8.86,147200,1295563.0,8.86,8.85,8.84,8.83,8.82,8.81,8.8,8.79,8.78,8.77,8.87,8.88,8.89,8.9,8.91,8.92,8.94,8.96,8.97,8.98,200,3800,3300,900,1100,8900,15800,5200,1600,2300,300,2800,7200,8000,3600,12000,10800,3400,2500,1100
278.0,8.86,147200,1295563.0,8.86,8.85,8.84,8.83,8.82,8.81,8.8,8.79,8.78,8.77,8.87,8.88,8.89,8.9,8.91,8.92,8.94,8.96,8.97,8.98,200,3800,3300,900,1100,8900,15800,5200,1600,2300,300,2800,7200,8000,3600,12000,10800,3400,2500,1100
279.0,8.86,147200,1295563.0,8.86,8.85,8.84,8.83,8.82,8.81,8.8,8.79,8.78,8.77,8.87,8.88,8.89,8.9,8.91,8.92,8.94,8.96,8.97,8.98,200,4400,1400,900,1100,8900,15800,5200,1600,2300,300,2800,7200,8000,3600,12000,10800,3400,2500,1100
280.0,8.86,147200,1295563.0,8.86,8.85,8.84,8.83,8.82,8.81,8.8,8.79,8.78,8.77,8.87,8.88,8.89,8.9,8.91,8.92,8.94,8.96,8.97,8.98,1300,4400,1400,900,900,8900,15800,5200,1600,2300,300,2800,7200,8000,3600,12000,10800,3400,2500,1100
281.0,8.86,147200,1295563.0,8.86,8.85,8.84,8.83,8.82,8.81,8.8,8.79,8.78,8.77,8.87,8.88,8.89,8.9,8.91,8.92,8.94,8.96,8.97,8.98,1300,4400,1400,900,900,8900,15800,5200,1600,2300,300,2800,7200,8000,3600,12000,10800,3400,2500,1100
282.0,8.86,147200,1295563.0,8.86,8.85,8.84,8.83,8.82,8.81,8.8,8.79,8.78,8.77,8.87,8.88,8.89,8.9,8.91,8.92,8.94,8.96,8.97,8.98,1300,4400,1400,900,900,8900,15800,5200,1600,2300,300,2800,7200,8000,3600,12000,10800,3400,2500,1100
283.0,8.86,147300,1296449.0,8.86,8.85,8.84,8.83,8.82,8.81,8.8,8.79,8.78,8.77,8.87,8.88,8.89,8.9,8.91,8.92,8.94,8.96,8.97,8.98,1200,4400,1400,900,900,8900,15800,5200,1600,2300,300,2800,7200,8000,3600,12000,10800,3400,2500,1100
284.0,8.86,147300,1296449.0,8.86,8.85,8.84,8.83,8.82,8.81,8.8,8.79,8.78,8.77,8.87,8.88,8.89,8.9,8.91,8.92,8.94,8.96,8.97,8.98,1200,4400,1400,900,900,8900,15800,5200,1600,2300,300,2800,7200,8000,3600,12000,10800,3400,2500,1100
285.0,8.86,147500,1298221.0,8.86,8.85,8.84,8.83,8.82,8.81,8.8,8.79,8.78,8.77,8.87,8.88,8.89,8.9,8.91,8.92,8.94,8.96,8.97,8.98,1000,4400,1400,900,900,8900,15800,5200,1600,2300,300,2800,7200,8000,3600,12000,10800,3400,2500,1100
286.0,8.86,147600,1299107.0,8.86,8.85,8.84,8.83,8.82,8.81,8.8,8.79,8.78,8.77,8.87,8.88,8.89,8.9,8.91,8.92,8.94,8.96,8.97,8.98,900,4400,1400,900,900,8900,15800,5200,1600,2300,300,2800,7200,8000,3600,12000,10800,3400,2500,1100
287.0,8.86,147600,1299107.0,8.86,8.85,8.84,8.83,8.82,8.81,8.8,8.79,8.78,8.77,8.87,8.88,8.89,8.9,8.91,8.92,8.94,8.96,8.97,8.98,900,4400,1400,900,900,8900,15800,4200,1600,2300,300,2800,7200,8000,3600,12000,10800,3400,2500,1100
288.0,8.86,147600,1299107.0,8.86,8.85,8.84,8.83,8.82,8.81,8.8,8.79,8.78,8.77,8.87,8.88,8.89,8.9,8.91,8.92,8.94,8.96,8.97,8.98,900,4400,1400,900,900,8900,15800,4200,1600,2300,300,2800,7200,8000,3600,12000,10800,3400,2500,1100
289.0,8.86,147600,1299107.0,8.86,8.85,8.84,8.83,8.82,8.81,8.8,8.79,8.78,8.77,8.87,8.88,8.89,8.9,8.91,8.92,8.94,8.96,8.97,8.98,900,4400,1400,900,900,8900,15800,4200,1600,2300,300,2800,7200,8000,3600,12000,10800,3400,2500,1100
290.0,8.86,147600,1299107.0,8.86,8.85,8.84,8.83,8.82,8.81,8.8,8.79,8.78,8.77,8.87,8.88,8.89,8.9,8.91,8.92,8.94,8.96,8.97,8.98,900,4500,1400,900,900,8900,15800,4200,1600,2300,300,2800,7200,8000,3600,12000,10800,3400,2500,1100
291.0,8.86,147600,1299107.0,8.86,8.85,8.84,8.83,8.82,8.81,8.8,8.79,8.78,8.77,8.87,8.88,8.89,8.9,8.91,8.92,8.94,8.96,8.97,8.98,900,4500,1400,900,900,8900,15800,4200,1600,2300,300,2800,7200,8000,3600,12000,10800,3400,2500,1100
292.0,8.87,147900,1301768.0,8.86,8.85,8.84,8.83,8.82,8.81,8.8,8.79,8.78,8.77,8.88,8.89,8.9,8.91,8.92,8.94,8.96,8.97,8.98,8.99,900,3900,1400,900,900,8900,15800,4200,1600,2300,4100,7200,10000,3600,12000,10800,3400,2500,1100,2200
293.0,8.86,148400,1306198.0,8.86,8.85,8.84,8.83,8.82,8.81,8.8,8.79,8.78,8.77,8.88,8.89,8.9,8.91,8.92,8.94,8.96,8.97,8.98,8.99,400,3900,1400,900,900,8900,15800,4200,1600,2300,4100,7200,10000,3600,12000,10800,3400,2500,1100,2200
294.0,8.86,148800,1309742.0,8.85,8.84,8.83,8.82,8.81,8.8,8.79,8.78,8.77,8.76,8.86,8.88,8.89,8.9,8.91,8.92,8.94,8.96,8.97,8.98,200,1400,900,900,8900,15800,4200,1600,2300,1100,7900,4100,7200,10000,3600,12000,10800,3400,2500,1100
295.0,8.86,148800,1309742.0,8.85,8.84,8.83,8.82,8.81,8.8,8.79,8.78,8.77,8.76,8.86,8.88,8.89,8.9,8.91,8.92,8.94,8.96,8.97,8.98,1200,1400,900,900,8900,15800,4200,1600,2300,1100,7900,4100,7200,10000,3600,12000,10800,3400,2500,1100
296.0,8.85,149100,1312397.0,8.85,8.84,8.83,8.82,8.81,8.8,8.79,8.78,8.77,8.76,8.86,8.88,8.89,8.9,8.91,8.92,8.94,8.96,8.97,8.98,900,1400,900,900,8900,15800,4200,1600,2300,1100,7900,4100,7200,10000,3600,12000,10800,3400,2500,1100
297.0,8.85,149200,1313282.0,8.85,8.84,8.83,8.82,8.81,8.8,8.79,8.78,8.77,8.76,8.86,8.88,8.89,8.9,8.91,8.92,8.94,8.96,8.97,8.98,800,1400,900,900,8900,15800,4200,1600,2300,1100,7900,4100,7200,10000,3600,12000,10800,3400,2500,1100
298.0,8.85,149200,1313282.0,8.85,8.84,8.83,8.82,8.81,8.8,8.79,8.78,8.77,8.76,8.86,8.88,8.89,8.9,8.91,8.92,8.94,8.96,8.97,8.98,800,1400,900,900,8900,15800,4200,1600,2300,1100,7900,4100,7200,10000,3600,12000,10800,3400,2500,1100
299.0,8.84,151700,1335390.0,8.83,8.82,8.81,8.8,8.79,8.78,8.77,8.76,8.75,8.73,8.84,8.86,8.88,8.89,8.9,8.91,8.92,8.94,8.96,8.97,900,900,8900,15800,4200,1600,2300,1100,3500,2000,5600,7900,5100,7200,10000,3600,12000,10800,3400,2500
300.0,8.84,151700,1335390.0,8.83,8.82,8.81,8.8,8.79,8.78,8.77,8.76,8.75,8.73,8.84,8.86,8.88,8.89,8.9,8.91,8.92,8.94,8.96,8.97,5900,900,8900,15800,4200,1600,2300,1100,3500,2000,5600,7900,5100,7200,10000,3600,12000,10800,3400,2500
301.0,8.84,157200,1384010.0,8.83,8.82,8.81,8.8,8.79,8.78,8.77,8.76,8.75,8.73,8.84,8.86,8.88,8.89,8.9,8.91,8.92,8.94,8.96,8.97,7000,900,8900,15800,4200,1600,2300,1100,3500,2000,100,7900,5100,7200,10000,3600,12000,10800,3400,2500
302.0,8.86,158600,1396391.0,8.86,8.85,8.83,8.82,8.81,8.8,8.79,8.78,8.77,8.76,8.88,8.89,8.9,8.91,8.92,8.94,8.96,8.97,8.98,8.99,100,400,6300,900,8900,15800,4200,1600,2300,1100,5800,7200,10000,3600,12000,10800,3400,2500,1100,2200
303.0,8.86,158600,1396391.0,8.86,8.85,8.83,8.82,8.81,8.8,8.79,8.78,8.77,8.76,8.88,8.89,8.9,8.91,8.92,8.94,8.96,8.97,8.98,8.99,4800,400,6300,900,8900,15800,4200,1600,2300,1100,5800,7200,10000,3600,12000,10800,3400,2500,1100,2200
304.0,8.88,159900,1407935.0,8.86,8.85,8.84,8.83,8.82,8.81,8.8,8.79,8.78,8.77,8.88,8.89,8.9,8.91,8.92,8.94,8.96,8.97,8.98,8.99,4800,400,200,6300,900,8900,15800,4200,1600,2300,4500,7200,10000,3600,12000,10800,3400,2500,1100,2200
305.0,8.88,159900,1407935.0,8.86,8.85,8.84,8.83,8.82,8.81,8.8,8.79,8.78,8.77,8.88,8.89,8.9,8.91,8.92,8.94,8.96,8.97,8.98,8.99,4800,400,3600,6300,900,8900,15800,4200,1600,2300,4500,7200,10000,3600,12000,10800,3400,2500,1100,2200
306.0,8.86,160300,1411479.0,8.86,8.85,8.84,8.83,8.82,8.81,8.8,8.79,8.78,8.77,8.88,8.89,8.9,8.91,8.92,8.94,8.96,8.97,8.98,8.99,4400,10400,3600,6300,900,8900,15800,4200,1600,2300,4500,7200,10000,3600,12000,10800,3400,2500,1100,2200
307.0,8.88,161700,1423903.0,8.86,8.85,8.84,8.83,8.82,8.81,8.8,8.79,8.78,8.77,8.88,8.89,8.9,8.91,8.92,8.94,8.96,8.97,8.98,8.99,4000,10400,3500,6300,900,8900,15800,4200,1600,2300,2900,7800,10000,3600,12000,10800,3400,2500,1100,2200
308.0,8.88,161700,1423903.0,8.86,8.85,8.84,8.83,8.82,8.81,8.8,8.79,8.78,8.77,8.88,8.89,8.9,8.91,8.92,8.94,8.96,8.97,8.98,8.99,4000,10400,3500,6300,900,8900,15800,4200,1600,2300,2900,7800,10000,3600,12000,10800,3400,2500,1100,2200
309.0,8.86,162900,1434535.0,8.86,8.85,8.84,8.83,8.82,8.81,8.8,8.79,8.78,8.77,8.88,8.89,8.9,8.91,8.92,8.94,8.96,8.97,8.98,8.99,2800,10400,3500,6300,900,8900,15800,4200,1600,2300,2900,7800,10000,3600,12000,10800,3400,2500,1100,2200
310.0,8.86,162900,1434535.0,8.86,8.85,8.84,8.83,8.82,8.81,8.8,8.79,8.78,8.77,8.88,8.89,8.9,8.91,8.92,8.94,8.96,8.97,8.98,8.99,2800,10400,3500,6300,900,8900,15800,4200,1600,2300,2900,7800,10000,3600,12000,10800,3400,2500,1100,2200
311.0,8.88,163000,1435423.0,8.86,8.85,8.84,8.83,8.82,8.81,8.8,8.79,8.78,8.77,8.88,8.89,8.9,8.91,8.92,8.94,8.96,8.97,8.98,8.99,2900,10400,3500,6300,900,8900,15800,4200,1600,2300,2800,7800,10000,3600,12000,10800,3400,2500,1100,2200
312.0,8.86,163200,1437195.0,8.86,8.85,8.84,8.83,8.82,8.81,8.8,8.79,8.78,8.77,8.88,8.89,8.9,8.91,8.92,8.94,8.96,8.97,8.98,8.99,2700,10400,3500,6300,900,8900,15800,4200,1600,2300,2800,7800,10000,3600,12000,10800,3400,2500,1100,2200
313.0,8.88,164300,1446963.0,8.86,8.85,8.84,8.83,8.82,8.81,8.8,8.79,8.78,8.77,8.88,8.89,8.9,8.91,8.92,8.94,8.96,8.97,8.98,8.99,2700,10400,3500,6300,900,9900,15800,4200,1600,2300,2100,7800,10000,3600,12000,10800,3400,2500,1100,2200
314.0,8.88,165100,1454067.0,8.86,8.85,8.84,8.83,8.82,8.81,8.8,8.79,8.78,8.77,8.88,8.89,8.9,8.91,8.92,8.94,8.96,8.97,8.98,8.99,3000,10400,3500,6200,900,9900,15800,4200,1600,2300,1500,7900,10000,3600,12000,10800,3400,2500,1100,2200
315.0,8.86,165700,1459383.0,8.86,8.85,8.84,8.83,8.82,8.81,8.8,8.79,8.78,8.77,8.88,8.89,8.9,8.91,8.92,8.94,8.96,8.97,8.98,8.99,2400,10400,3500,6200,100,9900,15800,4200,1600,2300,1500,7900,10000,3600,12000,10800,3400,2500,1100,2200
316.0,8.86,165700,1459383.0,8.86,8.85,8.84,8.83,8.82,8.81,8.8,8.79,8.78,8.77,8.88,8.89,8.9,8.91,8.92,8.94,8.96,8.97,8.98,8.99,2400,10400,3500,6200,100,9900,15800,4200,1600,2300,1500,7900,10000,3600,12000,10800,3400,2500,1100,2200
317.0,8.88,165800,1460271.0,8.86,8.85,8.84,8.83,8.82,8.81,8.8,8.79,8.78,8.77,8.88,8.89,8.9,8.91,8.92,8.94,8.95,8.96,8.97,8.98,2500,10400,3500,6200,100,9900,15600,4200,1600,2300,1500,7200,10000,3600,12000,10800,200,3400,2500,1100
318.0,8.86,166000,1462043.0,8.86,8.85,8.84,8.83,8.82,8.81,8.8,8.79,8.78,8.77,8.88,8.89,8.9,8.91,8.92,8.94,8.95,8.96,8.97,8.98,2300,10400,3500,6200,100,9900,15600,4200,1600,2300,1500,7200,10000,3600,12000,10800,200,3400,2500,1100
319.0,8.86,166000,1462043.0,8.86,8.85,8.84,8.83,8.82,8.81,8.8,8.79,8.78,8.77,8.88,8.89,8.9,8.91,8.92,8.94,8.95,8.96,8.97,8.98,2300,10400,3500,6200,100,9900,15600,4200,1600,2300,1500,7200,10000,3600,12000,10800,200,3400,2500,1100
320.0,8.86,166400,1465587.0,8.86,8.85,8.84,8.83,8.82,8.81,8.8,8.79,8.78,8.77,8.88,8.89,8.9,8.91,8.92,8.94,8.95,8.96,8.97,8.98,2000,10400,3500,6200,100,9900,15600,4200,1700,2300,1600,7300,10000,3600,12000,10800,200,3400,2500,1100
321.0,8.86,166600,1467359.0,8.86,8.85,8.84,8.83,8.82,8.81,8.8,8.79,8.78,8.77,8.88,8.89,8.9,8.91,8.92,8.94,8.95,8.96,8.97,8.98,1800,10400,3500,6200,100,9900,15600,4200,1700,2300,1600,7300,10000,3600,12000,10800,200,3400,2500,1100
322.0,8.86,166700,1468245.0,8.86,8.85,8.84,8.83,8.82,8.81,8.8,8.79,8.78,8.77,8.88,8.89,8.9,8.91,8.92,8.94,8.95,8.96,8.97,8.98,1800,10400,100,6200,100,9900,15600,4200,1700,2300,1700,7300,10000,3600,12000,10800,200,3400,2500,1100
323.0,8.86,166700,1468245.0,8.86,8.85,8.84,8.83,8.82,8.81,8.8,8.79,8.78,8.77,8.88,8.89,8.9,8.91,8.92,8.94,8.95,8.96,8.97,8.98,1900,10400,100,6200,100,9900,15600,4200,1700,2300,1700,7300,10000,3600,12000,10800,200,3400,2500,1100
324.0,8.86,166700,1468245.0,8.86,8.85,8.84,8.83,8.82,8.81,8.8,8.79,8.78,8.77,8.88,8.89,8.9,8.91,8.92,8.94,8.95,8.96,8.97,8.98,2000,10400,100,6200,100,9900,15600,4200,1700,2300,1800,7300,10000,3600,12000,10800,200,3400,2500,1100
325.0,8.86,166800,1469131.0,8.86,8.85,8.84,8.83,8.82,8.81,8.8,8.79,8.78,8.77,8.88,8.89,8.9,8.91,8.92,8.94,8.95,8.96,8.97,8.98,1900,10400,100,6200,100,9900,15600,4200,1700,2300,1800,7300,10000,3600,12000,10800,200,3400,2500,1100
326.0,8.88,167400,1474459.0,8.86,8.85,8.84,8.83,8.82,8.81,8.8,8.79,8.78,8.77,8.88,8.89,8.9,8.91,8.92,8.94,8.95,8.96,8.97,8.98,1900,10400,100,6200,100,9900,15600,4200,1700,2300,1200,7200,10000,3600,12000,10800,200,3400,2500,1100
327.0,8.88,167400,1474459.0,8.86,8.85,8.84,8.83,8.82,8.81,8.8,8.79,8.78,8.77,8.88,8.89,8.9,8.91,8.92,8.94,8.95,8.96,8.97,8.98,2000,10400,100,6200,100,9900,15600,4200,1700,2300,1300,7200,10000,3600,12000,10800,200,3400,2500,1100
328.0,8.86,167600,1476231.0,8.86,8.85,8.84,8.83,8.82,8.81,8.8,8.79,8.78,8.77,8.88,8.89,8.9,8.91,8.92,8.94,8.95,8.96,8.97,8.98,1800,10400,100,6200,100,9900,15600,4200,1700,2300,1300,7200,10000,3600,12000,10800,200,3400,2500,1100
329.0,8.86,167700,1477117.0,8.86,8.85,8.84,8.83,8.82,8.81,8.8,8.79,8.78,8.77,8.88,8.89,8.9,8.91,8.92,8.94,8.95,8.96,8.97,8.98,1700,10400,100,6200,100,9900,15600,4200,1700,2300,1300,7200,10000,3600,12000,10800,200,3400,2500,1100
330.0,8.86,167700,1477117.0,8.86,8.85,8.84,8.83,8.82,8.81,8.8,8.79,8.78,8.77,8.88,8.89,8.9,8.91,8.92,8.94,8.95,8.96,8.97,8.98,1700,10400,100,6200,100,9900,15600,4200,1700,2300,1300,7200,10000,3600,12000,10800,200,3400,2500,1100
331.0,8.86,167800,1478003.0,8.86,8.85,8.84,8.83,8.82,8.81,8.8,8.79,8.78,8.77,8.88,8.89,8.9,8.91,8.92,8.94,8.95,8.96,8.97,8.98,1600,10400,100,6200,100,9900,15600,4200,1700,2300,4000,7200,10000,3600,12000,10800,200,3400,2500,1100
332.0,8.86,168100,1480661.0,8.86,8.85,8.84,8.83,8.82,8.81,8.8,8.79,8.78,8.77,8.88,8.89,8.9,8.91,8.92,8.94,8.95,8.96,8.97,8.98,1300,10400,100,6200,100,8900,15600,4200,1700,2300,4100,7200,10000,3600,12000,10800,200,3400,2500,1100
333.0,8.86,168100,1480661.0,8.86,8.85,8.84,8.83,8.82,8.81,8.8,8.79,8.78,8.77,8.88,8.89,8.9,8.91,8.92,8.94,8.95,8.96,8.97,8.98,1300,10400,100,6200,100,8900,15600,4200,1700,2300,4100,7200,10000,3600,12000,10800,200,3400,2500,1100
334.0,8.88,168600,1485101.0,8.86,8.85,8.84,8.83,8.82,8.81,8.8,8.79,8.78,8.77,8.88,8.89,8.9,8.91,8.92,8.94,8.95,8.96,8.97,8.98,1300,10400,100,6200,100,8900,15600,4200,1700,2300,3600,7200,10000,3600,12000,10800,200,3400,2500,1100
335.0,8.88,169200,1490427.0,8.86,8.85,8.84,8.83,8.82,8.81,8.8,8.79,8.78,8.77,8.88,8.89,8.9,8.91,8.92,8.94,8.95,8.96,8.97,8.98,1200,10400,100,6200,100,8900,15600,4200,1700,2300,3100,7200,10000,3600,12000,10800,200,3400,2500,1100
336.0,8.88,169200,1490427.0,8.86,8.85,8.84,8.83,8.82,8.81,8.8,8.79,8.78,8.77,8.88,8.89,8.9,8.91,8.92,8.94,8.95,8.96,8.97,8.98,1200,10400,100,6200,100,8900,15600,4200,1700,2300,3100,7200,10000,3600,12000,10800,200,3400,2500,1100
337.0,8.86,169300,1491313.0,8.86,8.85,8.84,8.83,8.82,8.81,8.8,8.79,8.78,8.77,8.88,8.89,8.9,8.91,8.92,8.94,8.95,8.96,8.97,8.98,1100,10400,100,6200,100,8900,15600,4200,1700,2300,3100,7200,10000,3600,12000,10800,200,3400,2500,1100
338.0,8.88,170200,1499303.0,8.86,8.85,8.84,8.83,8.82,8.81,8.8,8.79,8.78,8.77,8.88,8.89,8.9,8.91,8.92,8.94,8.95,8.96,8.97,8.98,1000,10400,100,6200,100,8900,15600,4200,1700,2300,2300,8200,10000,3600,12000,10800,200,3400,2500,1100
339.0,8.88,170200,1499303.0,8.86,8.85,8.84,8.83,8.82,8.81,8.8,8.79,8.78,8.77,8.88,8.89,8.9,8.91,8.92,8.94,8.95,8.96,8.97,8.98,2300,10400,100,6200,100,8900,16600,4200,1700,2300,2300,8200,10000,3600,12000,10800,200,3400,2500,1100
340.0,8.88,170200,1499303.0,8.86,8.85,8.84,8.83,8.82,8.81,8.8,8.79,8.78,8.77,8.88,8.89,8.9,8.91,8.92,8.94,8.95,8.96,8.97,8.98,2300,10400,100,6200,100,8900,16600,4200,1700,2300,2300,8200,10000,3600,12000,10800,200,3400,2500,1100
341.0,8.88,170500,1501963.0,8.87,8.86,8.85,8.84,8.83,8.82,8.81,8.8,8.79,8.78,8.88,8.89,8.9,8.91,8.92,8.94,8.95,8.96,8.97,8.98,300,2100,10400,100,6200,100,8900,16600,4200,1700,2200,9200,10000,3600,12000,10800,200,3400,2500,1100
342.0,8.88,170700,1503739.0,8.87,8.86,8.85,8.84,8.83,8.82,8.81,8.8,8.79,8.78,8.88,8.89,8.9,8.91,8.92,8.94,8.95,8.96,8.97,8.98,300,2100,10400,100,6200,100,8900,16600,4200,1700,3700,9200,10000,3600,12000,10800,200,3400,2500,1100
343.0,8.88,171100,1507291.0,8.87,8.86,8.85,8.84,8.83,8.82,8.81,8.8,8.79,8.78,8.88,8.89,8.9,8.91,8.92,8.94,8.95,8.96,8.97,8.98,300,2100,10400,100,6200,100,8900,16600,4200,1700,3300,9200,10000,3600,12000,10800,200,3400,2500,1100
344.0,8.88,172600,1520611.0,8.87,8.86,8.85,8.84,8.83,8.82,8.81,8.8,8.79,8.78,8.88,8.89,8.9,8.91,8.92,8.94,8.95,8.96,8.97,8.98,300,2100,10400,100,6200,100,8900,16600,4200,1700,1800,9200,10000,3600,12000,10800,200,3400,2500,1100
345.0,8.88,172700,1521499.0,8.87,8.86,8.85,8.84,8.83,8.82,8.81,8.8,8.79,8.78,8.88,8.89,8.9,8.91,8.92,8.94,8.95,8.96,8.97,8.98,600,2100,10400,100,6200,100,8900,16600,4200,1700,1700,9200,10000,3600,12000,10800,200,3400,2500,1100
346.0,8.88,172700,1521499.0,8.87,8.86,8.85,8.84,8.83,8.82,8.81,8.8,8.79,8.78,8.88,8.89,8.9,8.91,8.92,8.94,8.95,8.96,8.97,8.98,600,2100,10400,100,6200,100,8900,16600,4200,1700,1700,9200,10000,3600,12000,10800,200,3400,2500,1100
347.0,8.88,172700,1521499.0,8.87,8.86,8.85,8.84,8.83,8.82,8.81,8.8,8.79,8.78,8.88,8.89,8.9,8.91,8.92,8.94,8.95,8.96,8.97,8.98,600,2100,10400,100,6200,100,8900,16600,4200,1700,1700,9200,10000,3600,12000,10800,200,3400,2500,1100
348.0,8.88,172700,1521499.0,8.87,8.86,8.85,8.84,8.83,8.82,8.81,8.8,8.79,8.78,8.88,8.89,8.9,8.91,8.92,8.94,8.95,8.96,8.97,8.98,600,2100,10400,100,6200,100,8900,16600,4200,1700,1700,9200,10000,3600,12000,10800,200,3400,2500,1100
349.0,8.88,172700,1521499.0,8.87,8.86,8.85,8.84,8.83,8.82,8.81,8.8,8.79,8.78,8.88,8.89,8.9,8.91,8.92,8.94,8.95,8.96,8.97,8.98,600,2100,10400,100,6200,100,8900,16600,4200,1700,1700,9200,10000,3600,12000,10800,200,3400,2500,1100
350.0,8.87,175900,1549885.0,8.87,8.86,8.85,8.84,8.83,8.82,8.81,8.8,8.79,8.78,8.88,8.89,8.9,8.91,8.92,8.94,8.95,8.96,8.97,8.98,2200,2400,10400,100,6200,100,8900,16600,4200,1700,1500,9300,10600,3600,12000,10800,200,3400,2500,1100
351.0,8.87,176300,1553433.0,8.87,8.86,8.85,8.84,8.83,8.82,8.81,8.8,8.79,8.78,8.88,8.89,8.9,8.91,8.92,8.94,8.95,8.96,8.97,8.98,1800,2400,10400,100,6200,100,8900,16600,4200,1700,1500,9300,10600,3600,12000,10800,200,3400,2500,1100
352.0,8.87,176300,1553433.0,8.87,8.86,8.85,8.84,8.83,8.82,8.81,8.8,8.79,8.78,8.88,8.89,8.9,8.91,8.92,8.94,8.95,8.96,8.97,8.98,1800,2400,10400,100,6200,100,8900,16600,4200,1700,1500,9300,10600,3600,12000,10800,200,3400,2500,1100
353.0,8.88,176400,1554321.0,8.87,8.86,8.85,8.84,8.83,8.82,8.81,8.8,8.79,8.78,8.88,8.89,8.9,8.91,8.92,8.94,8.95,8.96,8.97,8.98,1800,2400,10400,100,6200,100,8900,16600,4200,1700,1400,9300,10600,3600,12000,10800,200,3400,2500,1100
354.0,8.87,176800,1557869.0,8.87,8.86,8.85,8.84,8.83,8.82,8.81,8.8,8.79,8.78,8.88,8.89,8.9,8.91,8.92,8.94,8.95,8.96,8.97,8.98,2600,2400,10400,100,6200,100,8900,16600,4200,1700,1400,9300,10600,3600,12000,10800,200,6400,2500,1100
355.0,8.87,176800,1557869.0,8.87,8.86,8.85,8.84,8.83,8.82,8.81,8.8,8.79,8.78,8.88,8.89,8.9,8.91,8.92,8.94,8.95,8.96,8.97,8.98,2600,2400,10400,100,6200,100,8900,16600,4200,1700,1400,9300,10600,3600,12000,10800,200,6400,2500,1100
356.0,8.87,176800,1557869.0,8.87,8.86,8.85,8.84,8.83,8.82,8.81,8.8,8.79,8.78,8.88,8.89,8.9,8.91,8.92,8.94,8.95,8.96,8.97,8.98,2600,2400,10400,100,6200,100,8900,16600,4200,1700,1400,9300,10600,3600,12000,10800,200,6400,2500,1100
357.0,8.87,177000,1559643.0,8.87,8.86,8.85,8.84,8.83,8.82,8.81,8.8,8.79,8.78,8.88,8.89,8.9,8.91,8.92,8.94,8.95,8.96,8.97,8.98,2400,2400,10400,100,6200,100,8900,16600,4200,1700,1400,9300,10600,3600,12000,10800,200,6400,2500,1100
358.0,8.87,177000,1559643.0,8.87,8.86,8.85,8.84,8.83,8.82,8.81,8.8,8.79,8.78,8.88,8.89,8.9,8.91,8.92,8.94,8.95,8.96,8.97,8.98,2400,2400,10400,100,6200,100,8900,16600,4200,1700,1400,9300,10600,3600,12000,10800,200,6400,2500,1100
359.0,8.87,177200,1561417.0,8.87,8.86,8.85,8.84,8.83,8.82,8.81,8.8,8.79,8.78,8.88,8.89,8.9,8.91,8.92,8.94,8.95,8.96,8.97,8.98,2200,2400,10400,100,6200,100,8900,16600,4200,1700,1400,9300,10600,3600,12000,10800,200,6400,2500,1100
360.0,8.87,177400,1563191.0,8.87,8.86,8.85,8.84,8.83,8.82,8.81,8.8,8.79,8.78,8.88,8.89,8.9,8.91,8.92,8.94,8.95,8.96,8.97,8.98,2000,2400,10400,100,6200,100,8900,16600,4200,1700,1400,9300,10600,3600,12000,10800,200,6400,2500,1100
361.0,8.88,178100,1569407.0,8.87,8.86,8.85,8.84,8.83,8.82,8.81,8.8,8.79,8.78,8.88,8.89,8.9,8.91,8.92,8.94,8.95,8.96,8.97,8.98,2200,2400,10400,100,6200,100,8900,16600,4200,1700,700,9300,10600,3600,12000,10800,200,6400,2500,1100
362.0,8.88,178100,1569407.0,8.87,8.86,8.85,8.84,8.83,8.82,8.81,8.8,8.79,8.78,8.88,8.89,8.9,8.91,8.92,8.94,8.95,8.96,8.97,8.98,2200,2400,10100,100,6100,100,8900,16600,4200,1700,700,9300,10600,3600,12000,10800,200,6400,2500,1100
363.0,8.88,179000,1577397.0,8.88,8.87,8.86,8.85,8.84,8.83,8.82,8.81,8.8,8.79,8.89,8.9,8.91,8.92,8.94,8.95,8.96,8.97,8.98,8.99,8100,2100,2400,10100,100,6100,100,8900,16600,4200,9300,10600,3600,12000,10800,200,6400,2500,1100,2200
364.0,8.89,179500,1581842.0,8.88,8.87,8.86,8.85,8.84,8.83,8.82,8.81,8.8,8.79,8.89,8.9,8.91,8.92,8.94,8.95,8.96,8.97,8.98,8.99,8100,2100,2400,10100,100,6100,100,8900,16600,4200,8700,10600,4600,12000,10800,200,6400,2500,1100,2200
365.0,8.89,179700,1583620.0,8.88,8.87,8.86,8.85,8.84,8.83,8.82,8.81,8.8,8.79,8.89,8.9,8.91,8.92,8.94,8.95,8.96,8.97,8.98,8.99,9700,2100,2400,10100,100,6100,100,8900,16600,4200,8500,10600,4600,12000,10800,200,6400,2500,1100,2200
366.0,8.88,183400,1616476.0,8.88,8.87,8.86,8.85,8.84,8.83,8.82,8.81,8.8,8.79,8.89,8.9,8.91,8.92,8.94,8.95,8.96,8.97,8.98,8.99,6100,2100,2400,10100,100,6100,100,8900,16600,4200,8500,10600,4600,12000,10800,200,6400,2500,1100,2200
367.0,8.88,183400,1616476.0,8.88,8.87,8.86,8.85,8.84,8.83,8.82,8.81,8.8,8.79,8.89,8.9,8.91,8.92,8.94,8.95,8.96,8.97,8.98,8.99,6100,2100,2400,10100,100,6100,100,8900,6600,4200,8500,10600,4600,12000,10800,200,6400,2500,1100,2200
368.0,8.89,183700,1619143.0,8.88,8.87,8.86,8.85,8.84,8.83,8.82,8.81,8.8,8.79,8.89,8.9,8.91,8.92,8.94,8.95,8.96,8.97,8.98,8.99,6100,2100,2400,10100,100,6100,100,8900,6600,4200,8200,10600,4600,12000,10800,200,6400,2500,1100,2200
369.0,8.89,183700,1619143.0,8.88,8.87,8.86,8.85,8.84,8.83,8.82,8.81,8.8,8.79,8.89,8.9,8.91,8.92,8.94,8.95,8.96,8.97,8.98,8.99,6100,2100,2400,10100,100,6100,100,8900,6600,4200,8200,10600,4600,12000,10800,200,6400,2500,1100,2200
370.0,8.88,184300,1624471.0,8.88,8.87,8.86,8.85,8.84,8.83,8.82,8.81,8.8,8.79,8.89,8.9,8.91,8.92,8.94,8.95,8.96,8.97,8.98,8.99,5500,2100,2400,10100,100,6100,100,8900,6600,4200,8200,10600,4600,12000,10800,200,6400,2500,1100,2200
371.0,8.88,184300,1624471.0,8.88,8.87,8.86,8.85,8.84,8.83,8.82,8.81,8.8,8.79,8.89,8.9,8.91,8.92,8.94,8.95,8.96,8.97,8.98,8.99,5500,2100,2400,10100,100,6100,100,8900,6600,4200,8200,10600,4600,12000,10800,200,6400,2500,1100,2200
372.0,8.88,184300,1624471.0,8.88,8.87,8.86,8.85,8.84,8.83,8.82,8.81,8.8,8.79,8.89,8.9,8.91,8.92,8.94,8.95,8.96,8.97,8.98,8.99,5500,2100,2400,10100,100,6100,100,8900,6600,4200,8200,10600,4600,12000,10800,700,6400,2500,1100,2200
373.0,8.88,185300,1633351.0,8.88,8.87,8.86,8.85,8.84,8.83,8.82,8.81,8.8,8.79,8.89,8.9,8.91,8.92,8.94,8.95,8.96,8.97,8.98,8.99,4500,2100,2400,10100,100,6100,100,8900,6600,4200,8200,10600,4600,12000,10800,700,6400,2500,1100,2200
374.0,8.89,185900,1638685.0,8.88,8.87,8.86,8.85,8.84,8.83,8.82,8.81,8.8,8.79,8.89,8.9,8.91,8.92,8.94,8.95,8.96,8.97,8.98,8.99,4500,2100,2400,10100,100,6100,100,8900,6600,4200,8100,10600,4600,12000,10800,700,6400,2500,1100,2200
375.0,8.89,185900,1638685.0,8.88,8.87,8.86,8.85,8.84,8.83,8.82,8.81,8.8,8.79,8.89,8.9,8.91,8.92,8.94,8.95,8.96,8.97,8.98,8.99,4500,2100,2400,10100,100,6100,100,8900,6600,4200,8100,10600,4600,12000,10800,700,6400,2500,1100,2200
376.0,8.89,187800,1655572.0,8.88,8.87,8.86,8.85,8.84,8.83,8.82,8.81,8.8,8.79,8.89,8.9,8.91,8.92,8.94,8.95,8.96,8.97,8.98,8.99,4100,2100,2400,10100,100,6100,100,8900,6600,4200,6600,10600,4600,12000,10800,700,6400,2500,1100,2200
377.0,8.88,188600,1662676.0,8.88,8.87,8.86,8.85,8.84,8.83,8.82,8.81,8.8,8.79,8.89,8.9,8.91,8.92,8.94,8.95,8.96,8.97,8.98,8.99,3300,2100,2400,10100,100,6100,100,8900,6600,4200,6600,10600,4600,12000,10800,700,6400,2500,1100,2200
378.0,8.88,188600,1662676.0,8.88,8.87,8.86,8.85,8.84,8.83,8.82,8.81,8.8,8.79,8.89,8.9,8.91,8.92,8.94,8.95,8.96,8.97,8.98,8.99,3300,2100,2400,10100,100,6100,100,8900,6600,4200,6600,10600,4600,12000,10800,700,6400,2500,1100,2200
379.0,8.88,188900,1665340.0,8.88,8.87,8.86,8.85,8.84,8.83,8.82,8.81,8.8,8.79,8.89,8.9,8.91,8.92,8.94,8.95,8.96,8.97,8.98,8.99,3100,2100,2400,10100,100,6100,100,8900,6600,4200,6600,10600,4600,12000,10800,700,6400,2500,1100,2200
380.0,8.88,188900,1665340.0,8.88,8.87,8.86,8.85,8.84,8.83,8.82,8.81,8.8,8.79,8.89,8.9,8.91,8.92,8.94,8.95,8.96,8.97,8.98,8.99,3100,2100,2400,10100,100,6100,100,8900,6600,4200,7100,10600,4600,12000,10800,700,6400,2500,1100,2200
381.0,8.88,189200,1668004.0,8.88,8.87,8.86,8.85,8.84,8.83,8.82,8.81,8.8,8.79,8.89,8.9,8.91,8.92,8.94,8.95,8.96,8.97,8.98,8.99,2800,2100,2400,10100,100,6100,100,8900,6600,4200,7100,10600,4600,12000,10800,700,6400,2500,1100,2200
382.0,8.89,190000,1675114.0,8.88,8.87,8.86,8.85,8.84,8.83,8.82,8.81,8.8,8.79,8.89,8.9,8.91,8.92,8.94,8.95,8.96,8.97,8.98,8.99,2600,2100,2400,10100,100,6100,100,8900,6600,4200,6500,10600,4600,12000,10800,700,6400,2500,1100,2200
383.0,8.89,190000,1675114.0,8.88,8.87,8.86,8.85,8.84,8.83,8.82,8.81,8.8,8.79,8.89,8.9,8.91,8.92,8.94,8.95,8.96,8.97,8.98,8.99,2600,2100,2400,10100,100,6100,100,8900,6600,4200,7500,10600,4600,12000,10800,700,6400,2500,1100,2200
384.0,8.89,190000,1675114.0,8.88,8.87,8.86,8.85,8.84,8.83,8.82,8.81,8.8,8.79,8.89,8.9,8.91,8.92,8.94,8.95,8.96,8.97,8.98,8.99,2600,2100,2400,10100,100,6100,100,8900,6600,4200,7500,10600,4600,12000,10800,700,6400,2500,1100,2200
385.0,8.89,190000,1675114.0,8.88,8.87,8.86,8.85,8.84,8.83,8.82,8.81,8.8,8.79,8.89,8.9,8.91,8.92,8.94,8.95,8.96,8.97,8.98,8.99,2600,2100,2400,10100,100,6100,100,8900,6600,4200,7500,10600,4600,12000,10800,700,6400,2500,1100,2200
386.0,8.88,190200,1676890.0,8.88,8.87,8.86,8.85,8.84,8.83,8.82,8.81,8.8,8.79,8.89,8.9,8.91,8.92,8.94,8.95,8.96,8.97,8.98,8.99,2400,2100,2400,10100,100,6100,100,8900,6600,4200,7500,10600,4600,12000,10800,700,6400,2500,1100,2200
387.0,8.88,190200,1676890.0,8.88,8.87,8.86,8.85,8.84,8.83,8.82,8.81,8.8,8.79,8.89,8.9,8.91,8.92,8.94,8.95,8.96,8.97,8.98,8.99,2400,2100,2400,10100,100,6100,100,8900,6600,4200,7500,10600,4600,12000,10800,700,6400,2500,1100,2200
388.0,8.88,190800,1682218.0,8.88,8.87,8.86,8.85,8.84,8.83,8.82,8.81,8.8,8.79,8.89,8.9,8.91,8.92,8.94,8.95,8.96,8.97,8.98,8.99,1800,2100,2400,10100,100,6100,100,8900,6600,4200,7500,10600,4600,12000,10800,700,6400,2500,1100,2200
389.0,8.88,190900,1683106.0,8.88,8.87,8.86,8.85,8.84,8.83,8.82,8.81,8.8,8.79,8.89,8.9,8.91,8.92,8.94,8.95,8.96,8.97,8.98,8.99,1700,2100,2400,10100,100,6100,100,8900,6600,4200,7500,11300,4600,12000,10800,700,6400,2500,1100,2200
390.0,8.88,190900,1683106.0,8.88,8.87,8.86,8.85,8.84,8.83,8.82,8.81,8.8,8.79,8.89,8.9,8.91,8.92,8.94,8.95,8.96,8.97,8.98,8.99,1700,2100,2400,10100,100,6100,100,8900,6600,4200,7500,11300,4600,12000,10800,700,6400,2500,1100,2200
391.0,8.88,190900,1683106.0,8.88,8.87,8.86,8.85,8.84,8.83,8.82,8.81,8.8,8.79,8.89,8.9,8.91,8.92,8.94,8.95,8.96,8.97,8.98,8.99,1700,2100,2400,10100,100,6100,100,8900,6600,4200,7500,11300,4600,12000,10800,700,6400,2500,1100,2200
392.0,8.88,191000,1683994.0,8.88,8.87,8.86,8.85,8.84,8.83,8.82,8.81,8.8,8.79,8.89,8.9,8.91,8.92,8.94,8.95,8.96,8.97,8.98,8.99,1600,2100,2400,10100,100,6100,100,8900,6600,4200,7500,11300,4600,12000,10800,700,6400,2500,1100,2200
393.0,8.88,191000,1683994.0,8.88,8.87,8.86,8.85,8.84,8.83,8.82,8.81,8.8,8.79,8.89,8.9,8.91,8.92,8.94,8.95,8.96,8.97,8.98,8.99,1600,2100,2400,10100,100,6100,100,8900,6600,4200,7500,11300,4600,12000,10800,700,6400,2500,1100,2200
394.0,8.88,191000,1683994.0,8.88,8.87,8.86,8.85,8.84,8.83,8.82,8.81,8.8,8.79,8.89,8.9,8.91,8.92,8.94,8.95,8.96,8.97,8.98,8.99,1600,2100,2400,10100,100,6100,100,8900,6600,4200,7500,11300,4600,12000,10800,700,6400,2500,1100,2200
395.0,8.88,191000,1683994.0,8.88,8.87,8.86,8.85,8.84,8.83,8.82,8.81,8.8,8.79,8.89,8.9,8.91,8.92,8.94,8.95,8.96,8.97,8.98,8.99,2700,2100,2400,10100,100,6100,100,8900,6600,4200,7500,11300,4600,12000,10800,700,6400,2500,1100,2200
396.0,8.88,191400,1687546.0,8.88,8.87,8.86,8.85,8.84,8.83,8.82,8.81,8.8,8.79,8.89,8.9,8.91,8.92,8.94,8.95,8.96,8.97,8.98,8.99,2300,2100,2400,10100,100,6100,100,8900,6600,4200,8100,11300,4600,12000,10800,700,6400,2500,1100,2200
397.0,8.88,191400,1687546.0,8.88,8.87,8.86,8.85,8.84,8.83,8.82,8.81,8.8,8.79,8.89,8.9,8.91,8.92,8.94,8.95,8.96,8.97,8.98,8.99,2300,2100,2400,10100,100,6100,100,8900,6600,4200,28000,11300,4600,12000,10800,700,6400,2500,1100,2200
398.0,8.88,191400,1687546.0,8.88,8.87,8.86,8.85,8.84,8.83,8.82,8.81,8.8,8.79,8.89,8.9,8.91,8.92,8.94,8.95,8.96,8.97,8.98,8.99,2300,2100,2400,10100,100,6100,100,8900,6600,4200,28000,11300,4600,12000,10800,700,6400,2500,1100,2200
399.0,8.89,192700,1699097.0,8.88,8.87,8.86,8.85,8.84,8.83,8.82,8.81,8.8,8.79,8.89,8.9,8.91,8.92,8.94,8.95,8.96,8.97,8.98,8.99,1700,2100,2400,10100,100,6100,100,8900,6600,4200,27300,14300,4600,12000,10800,700,6400,2500,1100,2200
400.0,8.88,193000,1701761.0,8.88,8.87,8.86,8.85,8.84,8.83,8.82,8.81,8.8,8.79,8.89,8.9,8.91,8.92,8.94,8.95,8.96,8.97,8.98,8.99,1400,2100,2400,10100,100,6100,100,8900,6600,4200,27300,14300,4600,12000,10800,700,6400,2500,1100,2200
401.0,8.88,193000,1701761.0,8.88,8.87,8.86,8.85,8.84,8.83,8.82,8.81,8.8,8.79,8.89,8.9,8.91,8.92,8.94,8.95,8.96,8.97,8.98,8.99,1400,2100,2400,10100,100,6100,100,8900,6600,4200,27300,14300,4600,12000,10800,700,6400,2500,1100,2200
402.0,8.88,193100,1702649.0,8.88,8.87,8.86,8.85,8.84,8.83,8.82,8.81,8.8,8.79,8.89,8.9,8.91,8.92,8.94,8.95,8.96,8.97,8.98,8.99,1300,2100,2400,10100,100,6100,100,8900,6600,4200,27300,14300,4600,12000,10800,700,6400,2500,1100,2200
403.0,8.88,193100,1702649.0,8.88,8.87,8.86,8.85,8.84,8.83,8.82,8.81,8.8,8.79,8.89,8.9,8.91,8.92,8.94,8.95,8.96,8.97,8.98,8.99,1300,2100,2400,10100,100,6100,100,8900,6600,4200,27300,14300,4600,12200,10800,700,6400,2500,1100,2200
404.0,8.89,193400,1705315.0,8.88,8.87,8.86,8.85,8.84,8.83,8.82,8.81,8.8,8.79,8.89,8.9,8.91,8.92,8.94,8.95,8.96,8.97,8.98,8.99,1200,2100,2400,10100,100,6100,100,7200,6600,4200,27100,14300,4600,12200,10800,700,6400,2500,1100,2200
405.0,8.89,193400,1705315.0,8.88,8.87,8.86,8.85,8.84,8.83,8.82,8.81,8.8,8.79,8.89,8.9,8.91,8.92,8.94,8.95,8.96,8.97,8.98,8.99,1200,2100,2400,10100,100,6100,100,7200,6600,4200,27100,14300,4600,12200,10800,700,6400,2500,1100,2200
406.0,8.88,193500,1706203.0,8.88,8.87,8.86,8.85,8.84,8.83,8.82,8.81,8.8,8.79,8.89,8.9,8.91,8.92,8.94,8.95,8.96,8.97,8.98,8.99,1100,2100,2400,10100,100,6100,100,7200,6600,4200,27100,14300,4600,12200,10800,700,6400,2500,1100,2200
407.0,8.88,193500,1706203.0,8.88,8.87,8.86,8.85,8.84,8.83,8.82,8.81,8.8,8.79,8.89,8.9,8.91,8.92,8.94,8.95,8.96,8.97,8.98,8.99,1100,4100,2400,10100,100,6100,100,7200,6600,4200,27100,14300,4600,12200,10800,700,6400,2500,1100,2200
408.0,8.88,193500,1706203.0,8.88,8.87,8.86,8.85,8.84,8.83,8.82,8.81,8.8,8.79,8.89,8.9,8.91,8.92,8.94,8.95,8.96,8.97,8.98,8.99,1100,4100,2400,10100,100,6100,100,7200,6600,4200,27100,14300,4600,12200,10800,700,6400,2500,1100,2200
409.0,8.88,193600,1707091.0,8.88,8.87,8.86,8.85,8.84,8.83,8.82,8.81,8.8,8.79,8.89,8.9,8.91,8.92,8.94,8.95,8.96,8.97,8.98,8.99,1000,4100,2400,10100,100,6100,100,7200,6600,4200,27100,14300,4600,12200,10800,700,6400,2500,1100,3300
410.0,8.88,193600,1707091.0,8.88,8.87,8.86,8.85,8.84,8.83,8.82,8.81,8.8,8.79,8.89,8.9,8.91,8.92,8.94,8.95,8.96,8.97,8.98,8.99,1000,4100,2400,10100,100,6100,100,7200,6600,4200,27100,14300,4600,12200,10800,700,6400,2500,1100,3300
411.0,8.89,220800,1948898.0,8.89,8.88,8.87,8.86,8.85,8.84,8.83,8.82,8.81,8.8,8.9,8.91,8.92,8.94,8.95,8.96,8.97,8.98,8.99,9.0,14200,900,4100,2400,10100,100,6100,100,7200,6600,14300,4600,12200,10800,700,6400,2500,1100,3300,3900
412.0,8.9,226800,2002243.0,8.89,8.88,8.87,8.86,8.85,8.84,8.83,8.82,8.81,8.8,8.9,8.91,8.92,8.94,8.95,8.96,8.97,8.98,8.99,9.0,11300,800,4100,2400,10000,100,6100,100,7200,6600,13800,4600,12200,10800,700,6400,2500,1100,3300,3900
413.0,8.89,226900,2003132.0,8.89,8.88,8.87,8.86,8.85,8.84,8.83,8.82,8.81,8.8,8.9,8.91,8.92,8.94,8.95,8.96,8.97,8.98,8.99,9.0,11200,800,4100,2400,10000,100,6100,100,7200,6600,13800,4600,12200,10800,700,6400,2500,1100,3300,3900
414.0,8.89,226900,2003132.0,8.89,8.88,8.87,8.86,8.85,8.84,8.83,8.82,8.81,8.8,8.9,8.91,8.92,8.94,8.95,8.96,8.97,8.98,8.99,9.0,11200,800,4100,2400,10000,100,6100,100,7200,6600,13800,4600,12200,10800,700,6400,2500,1100,3300,3900
415.0,8.9,228400,2016471.0,8.89,8.88,8.87,8.86,8.85,8.84,8.83,8.82,8.81,8.8,8.9,8.91,8.92,8.94,8.95,8.96,8.97,8.98,8.99,9.0,11100,2500,4100,2400,10000,100,6100,100,600,6600,13400,4600,12200,10800,700,6400,2500,1100,3300,3900
416.0,8.9,228600,2018251.0,8.89,8.88,8.87,8.86,8.85,8.84,8.83,8.82,8.81,8.8,8.9,8.91,8.92,8.94,8.95,8.96,8.97,8.98,8.99,9.0,11100,2500,4100,2400,10000,100,6100,100,600,6600,13200,4600,12200,10800,700,6400,2500,1100,3300,3900
417.0,8.9,228600,2018251.0,8.89,8.88,8.87,8.86,8.85,8.84,8.83,8.82,8.81,8.8,8.9,8.91,8.92,8.94,8.95,8.96,8.97,8.98,8.99,9.0,11100,2500,4100,2400,10000,100,6100,100,600,6600,13200,4600,12200,10800,700,6400,2500,1100,3300,3900
418.0,8.89,230000,2030700.0,8.89,8.88,8.87,8.86,8.85,8.84,8.83,8.82,8.81,8.8,8.9,8.91,8.92,8.94,8.95,8.96,8.97,8.98,8.99,9.0,10000,2500,4100,2400,10000,100,6100,100,600,6600,12900,4600,12200,10800,700,6400,2500,1100,3300,3900
419.0,8.89,231000,2039590.0,8.89,8.88,8.87,8.86,8.85,8.84,8.83,8.82,8.81,8.8,8.9,8.91,8.92,8.94,8.95,8.96,8.97,8.98,8.99,9.0,9000,2500,4100,2400,10000,100,6100,100,600,6600,12900,4600,12200,10800,700,6400,2500,1100,3300,3900
420.0,8.89,231000,2039590.0,8.89,8.88,8.87,8.86,8.85,8.84,8.83,8.82,8.81,8.8,8.9,8.91,8.92,8.94,8.95,8.96,8.97,8.98,8.99,9.0,9000,2500,4100,2400,10000,100,6100,100,600,6600,12900,4600,12200,10800,700,6400,2500,1100,3300,3900
421.0,8.89,231000,2039590.0,8.89,8.88,8.87,8.86,8.85,8.84,8.83,8.82,8.81,8.8,8.9,8.91,8.92,8.94,8.95,8.96,8.97,8.98,8.99,9.0,9000,2700,4000,2400,10000,100,6100,100,600,6600,12900,4600,12200,10800,700,6400,2500,1100,3300,3900
422.0,8.89,231900,2047591.0,8.89,8.88,8.87,8.86,8.85,8.84,8.83,8.82,8.81,8.8,8.9,8.91,8.92,8.94,8.95,8.96,8.97,8.98,8.99,9.0,8100,2700,4000,2400,10000,100,6100,100,600,6600,12900,4600,12200,10800,700,6400,2500,1100,2800,3900
423.0,8.89,233500,2061815.0,8.89,8.88,8.87,8.86,8.85,8.84,8.83,8.82,8.81,8.8,8.9,8.91,8.92,8.94,8.95,8.96,8.97,8.98,8.99,9.0,6500,2700,3900,2400,10000,100,6100,100,600,6600,12900,4600,12200,10800,700,6400,2500,1100,2800,3900
424.0,8.9,246400,2176625.0,8.9,8.89,8.88,8.87,8.86,8.85,8.84,8.83,8.82,8.81,8.91,8.92,8.94,8.95,8.96,8.97,8.98,8.99,9.0,9.02,900,5700,2700,3900,2400,10000,100,6100,100,600,4600,12200,10800,700,6400,2500,1100,2800,3900,1200
425.0,8.9,246400,2176625.0,8.9,8.89,8.88,8.87,8.86,8.85,8.84,8.83,8.82,8.81,8.91,8.92,8.94,8.95,8.96,8.97,8.98,8.99,9.0,9.02,1000,5700,2700,3900,2400,10000,100,6100,100,600,4600,12200,10800,700,6400,2500,1100,2800,3900,1200
426.0,8.9,246500,2177515.0,8.9,8.89,8.88,8.87,8.86,8.85,8.84,8.83,8.82,8.81,8.91,8.92,8.94,8.95,8.96,8.97,8.98,8.99,9.0,9.02,900,5700,2700,3900,2400,10000,100,6100,100,600,4600,12200,10800,700,6400,2500,1100,2800,3900,1200
427.0,8.9,246500,2177515.0,8.9,8.89,8.88,8.87,8.86,8.85,8.84,8.83,8.82,8.81,8.91,8.92,8.94,8.95,8.96,8.97,8.98,8.99,9.0,9.02,1500,5700,2700,3900,2400,10000,100,6100,100,600,4600,12200,10800,700,6400,2500,1100,2800,3900,1200
428.0,8.91,246900,2181078.0,8.9,8.89,8.88,8.87,8.86,8.85,8.84,8.83,8.82,8.81,8.91,8.92,8.94,8.95,8.96,8.97,8.98,8.99,9.0,9.02,1400,5700,2700,3900,2400,10000,100,6100,100,600,4300,12200,10800,700,6400,2500,1100,2800,3900,1200
429.0,8.91,247200,2183751.0,8.9,8.89,8.88,8.87,8.86,8.85,8.84,8.83,8.82,8.81,8.91,8.92,8.94,8.95,8.96,8.97,8.98,8.99,9.0,9.02,1500,5700,2700,3900,2400,10000,100,6100,100,600,4000,12200,10800,700,6400,2500,1100,2800,3900,1200
430.0,8.91,247200,2183751.0,8.9,8.89,8.88,8.87,8.86,8.85,8.84,8.83,8.82,8.81,8.91,8.92,8.94,8.95,8.96,8.97,8.98,8.99,9.0,9.02,1500,5700,2700,3900,2400,10000,100,6100,100,600,4000,12200,10800,700,6400,2500,1100,2800,3900,1200
431.0,8.91,247400,2185532.0,8.9,8.89,8.88,8.87,8.86,8.85,8.84,8.83,8.82,8.81,8.91,8.92,8.94,8.95,8.96,8.97,8.98,8.99,9.0,9.02,1400,5700,2700,3900,2400,10000,100,6100,100,600,3900,12200,10800,700,6400,2500,1100,2800,3900,1200
432.0,8.91,247400,2185532.0,8.9,8.89,8.88,8.87,8.86,8.85,8.84,8.83,8.82,8.81,8.91,8.92,8.94,8.95,8.96,8.97,8.98,8.99,9.0,9.02,1400,5700,2700,3900,2400,10000,100,6100,100,600,3900,12200,10800,700,6400,2500,1100,2800,3900,1200
433.0,8.91,247400,2185532.0,8.9,8.89,8.88,8.87,8.86,8.85,8.84,8.83,8.82,8.81,8.91,8.92,8.94,8.95,8.96,8.97,8.98,8.99,9.0,9.02,1400,5700,2700,3900,2400,10000,100,6100,100,600,3900,12200,10800,700,6400,2500,1100,2800,3900,1200
434.0,8.91,249200,2201568.0,8.9,8.89,8.88,8.87,8.86,8.85,8.84,8.83,8.82,8.81,8.91,8.92,8.94,8.95,8.96,8.97,8.98,8.99,9.0,9.02,1300,5700,2700,3900,2400,10000,100,6100,100,600,2300,12200,10800,700,6400,2500,1100,2800,3900,1200
435.0,8.91,249500,2204239.0,8.9,8.89,8.88,8.87,8.86,8.85,8.84,8.83,8.82,8.81,8.91,8.92,8.94,8.95,8.96,8.97,8.98,8.99,9.0,9.02,1000,5700,1000,3900,2400,10000,100,6100,100,600,2200,12200,10800,700,6400,2500,1100,2800,3900,1200
436.0,8.91,249500,2204239.0,8.9,8.89,8.88,8.87,8.86,8.85,8.84,8.83,8.82,8.81,8.91,8.92,8.94,8.95,8.96,8.97,8.98,8.99,9.0,9.02,1000,5700,1000,3900,2400,10000,100,6100,100,600,2200,12200,10800,700,6400,2500,1100,2800,3900,1200
437.0,8.91,249500,2204239.0,8.9,8.89,8.88,8.87,8.86,8.85,8.84,8.83,8.82,8.81,8.91,8.92,8.94,8.95,8.96,8.97,8.98,8.99,9.0,9.02,1000,5700,1000,3900,2400,10000,100,6100,100,600,2200,12200,10800,700,6400,2500,1100,2800,3900,1200
438.0,8.9,249600,2205129.0,8.9,8.89,8.88,8.87,8.86,8.85,8.84,8.83,8.82,8.81,8.91,8.92,8.94,8.95,8.96,8.97,8.98,8.99,9.0,9.02,1400,5700,1000,3900,2400,10000,100,6100,100,600,2200,12200,10800,700,6400,2500,1100,2800,3900,1200
439.0,8.91,249800,2206911.0,8.9,8.89,8.88,8.87,8.86,8.85,8.84,8.83,8.82,8.81,8.91,8.92,8.94,8.95,8.96,8.97,8.98,8.99,9.0,9.02,3100,5700,1600,3900,2400,10000,100,6100,100,600,2000,12200,10800,700,6400,2500,1100,2800,3900,1200
440.0,8.91,250000,2208693.0,8.9,8.89,8.88,8.87,8.86,8.85,8.84,8.83,8.82,8.81,8.91,8.92,8.94,8.95,8.96,8.97,8.98,8.99,9.0,9.02,3100,5700,1600,3900,2400,10000,100,6100,100,600,1800,12200,10800,700,6400,2500,1100,2800,3900,1200
