LocalTime,LastPrice,TradeVolume,TradeValue,BidPrice1,BidPrice2,BidPrice3,BidPrice4,BidPrice5,BidPrice6,BidPrice7,BidPrice8,BidPrice9,BidPriceA,AskPrice1,AskPrice2,AskPrice3,AskPrice4,AskPrice5,AskPrice6,AskPrice7,AskPrice8,AskPrice9,AskPriceA,BidVolume1,BidVolume2,BidVolume3,BidVolume4,BidVolume5,BidVolume6,BidVolume7,BidVolume8,BidVolume9,BidVolumeA,AskVolume1,AskVolume2,AskVolume3,AskVolume4,AskVolume5,AskVolume6,AskVolume7,AskVolume8,AskVolume9,AskVolumeA
0.0,19.33,8900,172037.0,19.35,19.31,19.23,19.21,19.2,19.19,19.16,19.13,19.11,19.1,19.38,19.45,19.5,19.55,19.56,19.57,19.58,19.59,19.6,19.62,7600,500,200,500,300,400,500,1900,1000,600,900,1500,3100,1100,500,500,6800,3600,4400,1500
1.0,19.45,23700,458906.0,19.45,19.38,19.36,19.31,19.23,19.21,19.2,19.19,19.16,19.13,19.5,19.55,19.56,19.57,19.58,19.59,19.6,19.62,19.64,19.65,4500,1600,9400,500,200,500,300,400,500,1900,3600,2100,500,500,6800,3600,4400,1500,11700,3800
2.0,19.45,26200,507531.0,19.45,19.38,19.36,19.35,19.31,19.26,19.23,19.21,19.2,19.19,19.5,19.55,19.56,19.57,19.58,19.59,19.6,19.61,19.62,19.64,2000,1700,9400,100,500,4300,200,500,5300,400,3600,14100,500,500,6800,3600,4400,1000,1500,11700
3.0,19.45,26700,517256.0,19.45,19.38,19.36,19.35,19.31,19.27,19.26,19.25,19.23,19.22,19.5,19.55,19.56,19.57,19.58,19.59,19.6,19.61,19.62,19.64,1500,1700,9700,100,500,5800,4300,1000,200,2900,3600,14100,500,500,7800,3600,4400,1000,1500,11700
4.0,19.36,30800,596801.0,19.36,19.35,19.32,19.31,19.27,19.26,19.25,19.23,19.22,19.21,19.38,19.45,19.5,19.55,19.56,19.58,19.59,19.6,19.61,19.62,8800,100,1200,1500,5800,4300,1000,4200,2900,800,1500,300,3600,14100,500,7800,3600,4400,1000,1500
5.0,19.36,30800,596801.0,19.36,19.35,19.32,19.31,19.27,19.26,19.25,19.23,19.22,19.21,19.38,19.44,19.45,19.5,19.55,19.56,19.57,19.58,19.59,19.6,8900,700,1200,1500,5800,4300,1000,4200,2900,800,6400,100,400,4100,14100,500,100,7800,4700,4400
6.0,19.36,32900,637460.0,19.36,19.35,19.32,19.31,19.28,19.27,19.26,19.25,19.23,19.22,19.38,19.44,19.45,19.5,19.55,19.56,19.57,19.58,19.59,19.6,7100,700,1200,1500,5000,5800,4300,1000,4200,2900,6500,500,600,5100,14100,500,100,7800,3000,4500
7.0,19.38,33300,645212.0,19.36,19.35,19.32,19.31,19.28,19.27,19.26,19.25,19.23,19.22,19.38,19.43,19.44,19.45,19.5,19.55,19.56,19.57,19.58,19.59,7100,700,1200,1500,5000,5800,4300,1000,4200,2900,6100,100,100,4200,5100,14100,500,100,7800,3000
8.0,19.36,33500,649086.0,19.36,19.35,19.32,19.31,19.28,19.27,19.26,19.25,19.23,19.22,19.38,19.43,19.44,19.45,19.5,19.55,19.56,19.57,19.58,19.59,7100,800,1200,1500,5000,5800,4300,1000,4200,2900,7600,1100,100,10300,5100,15400,500,100,7800,3000
9.0,19.38,40800,790538.0,19.36,19.35,19.32,19.31,19.28,19.27,19.26,19.25,19.23,19.22,19.38,19.43,19.45,19.5,19.55,19.56,19.57,19.58,19.59,19.6,6000,800,1200,1500,5000,5800,4300,1000,4200,2900,1400,1100,9500,5100,15400,500,100,7800,3000,4500
10.0,19.38,48300,935786.0,19.38,19.37,19.36,19.35,19.32,19.31,19.28,19.27,19.26,19.25,19.43,19.45,19.5,19.55,19.56,19.57,19.58,19.59,19.6,19.61,2000,100,800,800,1200,1500,5000,5800,4300,1000,1100,9000,5100,15400,500,100,7800,3000,4500,1000
11.0,19.38,48300,935786.0,19.38,19.37,19.36,19.35,19.32,19.31,19.28,19.27,19.26,19.25,19.42,19.43,19.45,19.5,19.55,19.56,19.57,19.58,19.59,19.6,1200,100,1200,800,1200,1500,5000,5800,4300,1000,4800,1100,9000,5100,15400,500,100,7800,3000,4500
12.0,19.38,48600,941600.0,19.37,19.36,19.35,19.32,19.31,19.28,19.27,19.26,19.25,19.23,19.38,19.41,19.42,19.43,19.44,19.45,19.5,19.55,19.56,19.57,100,1200,800,1200,1500,5000,5800,4300,1000,4200,6100,100,4800,1100,500,9000,5100,15400,500,100
13.0,19.35,50200,972574.0,19.35,19.32,19.31,19.28,19.27,19.26,19.23,19.22,19.21,19.2,19.36,19.37,19.38,19.42,19.43,19.44,19.45,19.5,19.55,19.56,500,1200,1500,5000,5800,4300,4200,2900,800,6700,3000,100,5000,4800,1100,500,9000,5100,15400,500
14.0,19.35,50500,978379.0,19.35,19.32,19.31,19.28,19.27,19.26,19.23,19.22,19.21,19.2,19.36,19.37,19.38,19.42,19.43,19.44,19.45,19.5,19.55,19.56,200,1200,1500,5000,5800,4300,4200,2900,800,6700,2600,100,5000,4800,1100,500,9000,5100,15400,500
15.0,19.35,50700,982249.0,19.32,19.31,19.28,19.27,19.26,19.23,19.22,19.21,19.2,19.19,19.36,19.37,19.38,19.42,19.43,19.44,19.45,19.5,19.55,19.56,1200,1500,5000,5800,4300,4200,2900,800,6700,400,2600,100,5000,4800,1100,500,9000,5100,15400,500
16.0,19.35,50700,982249.0,19.32,19.31,19.28,19.27,19.26,19.23,19.22,19.21,19.2,19.19,19.36,19.37,19.38,19.42,19.43,19.44,19.45,19.46,19.5,19.55,1200,1500,5000,5800,4300,4200,2900,800,6700,400,2600,100,5000,4800,1100,500,9000,400,5100,15400
17.0,19.36,51100,989993.0,19.32,19.31,19.28,19.27,19.26,19.23,19.22,19.21,19.2,19.19,19.36,19.37,19.38,19.42,19.43,19.44,19.45,19.46,19.5,19.55,1200,1500,5000,5800,4300,4200,2900,800,6700,400,2200,100,5000,4800,1100,500,8000,400,5100,15400
18.0,19.36,51100,989993.0,19.32,19.31,19.28,19.27,19.26,19.23,19.22,19.21,19.2,19.19,19.36,19.37,19.38,19.42,19.43,19.44,19.45,19.46,19.5,19.55,1200,1500,5000,5800,4300,4200,2900,800,6700,400,2200,100,5000,4800,1100,500,8000,400,5100,15400
19.0,19.36,51100,989993.0,19.32,19.31,19.28,19.27,19.26,19.23,19.22,19.21,19.2,19.19,19.36,19.37,19.38,19.42,19.43,19.44,19.45,19.46,19.5,19.55,1200,1500,5000,5800,4300,4200,3200,800,6700,400,2200,100,5000,4800,1100,500,8000,400,5100,15400
20.0,19.36,51100,989993.0,19.32,19.31,19.28,19.27,19.26,19.23,19.22,19.21,19.2,19.19,19.35,19.36,19.37,19.38,19.42,19.43,19.44,19.45,19.46,19.5,1200,1500,5000,5800,4300,4200,3200,800,6700,400,2800,2200,100,5000,4800,1100,500,4000,400,5100
21.0,19.35,52700,1020953.0,19.32,19.31,19.28,19.27,19.26,19.23,19.22,19.21,19.2,19.19,19.35,19.36,19.37,19.38,19.42,19.43,19.44,19.45,19.46,19.5,1200,1500,5000,5800,4300,4200,3200,800,6700,400,1200,2200,100,5000,4800,1100,500,200,400,5100
22.0,19.35,52700,1020953.0,19.32,19.31,19.28,19.27,19.26,19.23,19.22,19.21,19.2,19.19,19.35,19.36,19.37,19.38,19.42,19.43,19.44,19.45,19.46,19.5,1200,1500,5000,5800,4300,4200,3200,800,6700,400,1200,2200,100,5000,4800,1100,500,200,400,5100
23.0,19.35,52700,1020953.0,19.32,19.31,19.28,19.27,19.26,19.23,19.22,19.21,19.2,19.19,19.35,19.36,19.37,19.38,19.42,19.43,19.44,19.45,19.46,19.5,1200,1500,5000,5800,4300,4200,3200,800,6700,400,1200,3200,100,5000,4800,1100,500,200,400,5100
24.0,19.35,52700,1020953.0,19.32,19.31,19.28,19.27,19.26,19.23,19.22,19.21,19.2,19.19,19.35,19.36,19.37,19.38,19.42,19.43,19.44,19.45,19.46,19.5,1200,1500,5000,5800,4300,4200,3200,800,6700,400,1200,3200,100,5000,4800,1100,500,200,400,5100
25.0,19.35,52700,1020953.0,19.32,19.31,19.28,19.27,19.26,19.23,19.22,19.21,19.2,19.19,19.35,19.36,19.37,19.38,19.42,19.43,19.44,19.45,19.46,19.5,1200,1500,5000,5800,4300,4200,3200,800,6700,400,1200,3200,100,5000,4800,1100,500,200,400,5100
26.0,19.35,52700,1020953.0,19.32,19.31,19.28,19.27,19.26,19.23,19.22,19.21,19.2,19.19,19.35,19.36,19.37,19.38,19.42,19.43,19.45,19.46,19.5,19.55,1200,1500,5000,5800,4300,4200,3200,800,6700,400,1200,3200,100,5000,4800,1100,200,400,5100,14400
27.0,19.35,52700,1020953.0,19.32,19.31,19.28,19.27,19.26,19.23,19.22,19.21,19.2,19.19,19.35,19.36,19.38,19.42,19.43,19.45,19.46,19.5,19.55,19.56,1200,1500,5000,5800,4300,4200,3200,800,7800,400,1200,3200,5000,4800,1100,200,400,5100,14400,500
28.0,19.35,52700,1020953.0,19.32,19.31,19.28,19.27,19.26,19.23,19.22,19.21,19.2,19.19,19.35,19.36,19.38,19.42,19.43,19.45,19.46,19.5,19.55,19.56,1200,1500,5000,5800,4300,4200,3200,800,7800,400,1200,3200,5000,4800,1100,200,400,5100,14400,500
29.0,19.35,52700,1020953.0,19.32,19.31,19.28,19.27,19.26,19.23,19.22,19.21,19.2,19.19,19.35,19.36,19.38,19.42,19.43,19.45,19.46,19.5,19.55,19.56,1200,1500,5000,5800,4300,4200,3200,800,7800,400,1200,3200,5000,4800,1100,200,400,5100,14400,500
30.0,19.35,52700,1020953.0,19.32,19.31,19.28,19.27,19.26,19.23,19.22,19.21,19.2,19.19,19.35,19.36,19.38,19.42,19.43,19.45,19.46,19.5,19.55,19.56,1200,500,5000,5800,4300,4200,3200,800,7800,400,1200,3200,5100,4800,1100,200,400,5100,14400,500
31.0,19.32,52900,1024817.0,19.32,19.31,19.28,19.27,19.26,19.23,19.22,19.21,19.2,19.19,19.35,19.36,19.38,19.42,19.43,19.45,19.46,19.5,19.55,19.56,1000,500,5000,5800,4300,4200,3200,800,7800,400,1200,3200,5100,4800,1100,200,400,5100,14400,500
32.0,19.32,52900,1024817.0,19.32,19.31,19.28,19.27,19.26,19.23,19.22,19.21,19.2,19.19,19.35,19.36,19.38,19.42,19.43,19.45,19.46,19.5,19.55,19.56,1000,500,5000,5800,4300,4200,3200,800,7800,400,1200,1500,5100,4800,1100,200,400,5100,14400,500
33.0,19.32,52900,1024817.0,19.32,19.31,19.28,19.27,19.26,19.23,19.22,19.21,19.2,19.19,19.35,19.36,19.38,19.42,19.43,19.45,19.46,19.5,19.55,19.56,1000,500,5000,5800,4300,4200,3200,800,7800,400,1200,1500,5100,4800,1100,200,400,5100,14400,500
34.0,19.35,53100,1028687.0,19.32,19.31,19.28,19.27,19.26,19.23,19.22,19.21,19.2,19.19,19.35,19.36,19.38,19.42,19.43,19.45,19.46,19.5,19.55,19.56,1000,500,5000,5800,4300,4200,3200,800,7800,400,1000,1500,5100,4800,1100,200,400,5100,14400,500
35.0,19.35,53600,1038362.0,19.32,19.31,19.28,19.27,19.26,19.23,19.22,19.21,19.2,19.19,19.35,19.36,19.38,19.42,19.43,19.45,19.46,19.5,19.55,19.56,1000,500,5000,5800,4300,4200,3200,800,7800,400,500,1500,5100,4800,1100,200,400,5100,14400,500
36.0,19.35,53600,1038362.0,19.32,19.31,19.28,19.27,19.26,19.23,19.22,19.21,19.2,19.19,19.35,19.36,19.38,19.42,19.43,19.45,19.46,19.5,19.55,19.56,1000,500,5000,5800,4300,4200,3200,800,7800,400,500,1500,5100,4800,1100,200,400,5100,14400,500
37.0,19.35,53600,1038362.0,19.33,19.32,19.31,19.28,19.27,19.26,19.23,19.22,19.21,19.2,19.35,19.36,19.38,19.42,19.43,19.45,19.46,19.5,19.55,19.56,200,1000,500,5000,5800,4300,4200,3200,800,7800,500,1500,5000,4800,1100,200,400,5100,14400,500
38.0,19.35,53600,1038362.0,19.33,19.32,19.31,19.28,19.27,19.26,19.23,19.22,19.21,19.2,19.35,19.36,19.38,19.42,19.43,19.45,19.46,19.5,19.55,19.56,200,1000,500,5000,5800,4300,4200,3200,800,7800,500,1500,5000,4800,1100,200,400,5100,14400,500
39.0,19.35,53700,1040297.0,19.33,19.32,19.31,19.28,19.27,19.26,19.23,19.22,19.21,19.2,19.35,19.36,19.38,19.42,19.43,19.45,19.46,19.5,19.55,19.56,200,1000,500,5000,5800,4300,4200,3200,800,7800,600,1000,5000,4800,1100,200,400,5100,14400,500
40.0,19.35,53700,1040297.0,19.33,19.32,19.31,19.28,19.27,19.26,19.23,19.22,19.21,19.2,19.35,19.36,19.38,19.42,19.43,19.45,19.46,19.5,19.55,19.56,200,1000,500,5000,5800,4300,4200,3200,800,7800,600,1000,5000,4800,1100,200,400,5100,14400,500
41.0,19.35,53700,1040297.0,19.33,19.32,19.31,19.28,19.27,19.26,19.23,19.22,19.21,19.2,19.35,19.36,19.38,19.42,19.43,19.45,19.46,19.5,19.55,19.56,200,1000,500,5000,5800,4300,4200,3200,800,7800,600,1000,5000,4800,1100,200,400,5100,14400,500
42.0,19.35,53700,1040297.0,19.33,19.32,19.31,19.28,19.27,19.26,19.23,19.22,19.21,19.2,19.35,19.36,19.38,19.42,19.43,19.45,19.46,19.5,19.55,19.56,200,1300,500,5000,5800,4300,4200,3200,800,7800,600,1000,5000,4800,1100,200,400,5100,14400,500
43.0,19.35,53800,1042232.0,19.33,19.32,19.31,19.28,19.27,19.26,19.23,19.22,19.21,19.2,19.35,19.36,19.38,19.42,19.43,19.45,19.46,19.5,19.55,19.56,200,1300,500,5000,5800,4300,4200,3200,800,7800,500,1000,5000,4800,1100,200,400,5100,14400,500
44.0,19.35,53800,1042232.0,19.34,19.33,19.32,19.31,19.28,19.27,19.26,19.23,19.22,19.21,19.35,19.36,19.38,19.42,19.43,19.45,19.46,19.5,19.55,19.56,200,200,1300,500,5000,5800,4300,4200,3200,800,500,1000,5000,4800,1100,200,400,5100,14400,500
45.0,19.35,53800,1042232.0,19.34,19.33,19.32,19.31,19.28,19.27,19.26,19.23,19.22,19.21,19.35,19.36,19.38,19.42,19.43,19.45,19.46,19.5,19.55,19.56,200,200,1300,500,5000,5800,4300,4200,3200,800,500,1000,5000,4800,1100,200,400,5100,14400,500
46.0,19.35,53800,1042232.0,19.34,19.33,19.32,19.31,19.28,19.27,19.26,19.23,19.22,19.21,19.35,19.36,19.38,19.42,19.43,19.45,19.46,19.5,19.55,19.56,200,200,1300,500,5000,5800,4300,4200,3200,800,500,1000,5000,4800,1100,200,400,5100,14400,500
47.0,19.34,53900,1044166.0,19.34,19.33,19.32,19.31,19.28,19.27,19.26,19.23,19.22,19.21,19.35,19.36,19.38,19.42,19.43,19.45,19.46,19.5,19.55,19.56,100,200,1300,500,5000,5800,4300,4200,3200,800,500,1000,5000,4800,1100,200,400,6100,14400,500
48.0,19.34,53900,1044166.0,19.34,19.33,19.32,19.31,19.28,19.27,19.26,19.23,19.22,19.21,19.35,19.36,19.38,19.42,19.43,19.45,19.46,19.5,19.55,19.56,100,200,1300,500,5000,5800,4300,4200,3200,800,300,1000,5300,4800,1100,200,400,6100,14400,500
49.0,19.34,53900,1044166.0,19.34,19.33,19.32,19.31,19.28,19.27,19.26,19.23,19.22,19.21,19.35,19.36,19.38,19.42,19.43,19.45,19.46,19.5,19.55,19.56,100,200,1300,500,5000,5800,4300,4200,3200,800,300,1000,5300,4800,1100,200,400,6100,14400,500
50.0,19.35,54000,1046101.0,19.34,19.33,19.32,19.31,19.28,19.27,19.26,19.23,19.22,19.21,19.35,19.36,19.38,19.42,19.43,19.45,19.46,19.5,19.55,19.56,300,200,1300,500,5000,5800,4300,4200,3200,800,200,1000,5400,4800,1100,200,400,6100,14300,500
51.0,19.34,54100,1048035.0,19.34,19.33,19.32,19.31,19.28,19.27,19.26,19.25,19.23,19.22,19.35,19.36,19.38,19.42,19.43,19.45,19.46,19.5,19.55,19.56,200,200,1300,500,5000,5800,4300,5000,4200,3200,200,1000,5400,4800,1100,200,400,6100,14300,500
52.0,19.34,54100,1048035.0,19.34,19.33,19.32,19.31,19.28,19.27,19.26,19.25,19.23,19.22,19.35,19.36,19.38,19.42,19.43,19.45,19.46,19.5,19.55,19.56,200,200,1300,500,5000,5800,4300,5000,4200,3200,200,1000,5400,4800,1100,200,400,6100,14300,500
53.0,19.32,55800,1080885.0,19.31,19.28,19.27,19.26,19.25,19.23,19.22,19.21,19.2,19.19,19.35,19.36,19.38,19.42,19.43,19.45,19.46,19.5,19.55,19.56,500,5000,5800,4300,5000,4200,3200,800,7800,400,200,1000,5400,4800,1100,200,400,6100,14300,500
54.0,19.32,55800,1080885.0,19.31,19.28,19.27,19.26,19.25,19.23,19.22,19.21,19.2,19.19,19.34,19.35,19.36,19.38,19.42,19.43,19.45,19.46,19.5,19.55,500,5000,5800,4300,5000,4200,3200,800,7800,400,300,200,1000,5400,4800,1100,200,400,6100,14300
55.0,19.32,55800,1080885.0,19.31,19.28,19.27,19.26,19.25,19.23,19.22,19.21,19.2,19.19,19.33,19.34,19.35,19.36,19.38,19.42,19.43,19.45,19.46,19.5,500,5000,5800,4300,5000,4200,3200,800,7800,400,200,300,200,1000,3900,4800,1100,200,400,6100
56.0,19.32,55800,1080885.0,19.31,19.28,19.27,19.26,19.25,19.23,19.22,19.21,19.2,19.19,19.33,19.34,19.35,19.36,19.38,19.42,19.43,19.45,19.46,19.5,500,5000,5800,4300,5000,4200,3200,800,7800,400,200,300,100,1000,3900,4800,1100,200,400,6100
57.0,19.32,55800,1080885.0,19.31,19.28,19.27,19.26,19.25,19.23,19.22,19.21,19.2,19.19,19.33,19.34,19.35,19.36,19.38,19.42,19.43,19.45,19.46,19.5,500,5000,5800,4300,5000,4200,3200,800,7800,400,200,300,100,1000,3900,4800,1100,200,400,6100
58.0,19.34,56300,1090553.0,19.34,19.31,19.3,19.28,19.27,19.26,19.25,19.23,19.22,19.21,19.35,19.36,19.38,19.42,19.43,19.45,19.46,19.5,19.55,19.56,9500,500,600,5000,5800,4300,5000,4200,3200,800,100,1000,3900,4800,1100,200,400,6100,14300,500
59.0,19.35,57400,1111833.0,19.35,19.34,19.31,19.3,19.28,19.27,19.26,19.25,19.23,19.22,19.36,19.38,19.42,19.43,19.45,19.46,19.5,19.55,19.56,19.57,100,9000,500,600,5000,5800,4300,5000,4200,3200,1000,3900,4800,1100,200,400,6100,14300,500,100
60.0,19.36,57500,1113769.0,19.35,19.34,19.31,19.3,19.28,19.27,19.26,19.25,19.23,19.22,19.36,19.38,19.42,19.43,19.45,19.46,19.5,19.55,19.56,19.57,100,9000,500,600,5000,5800,4300,5000,4200,3200,900,3900,4800,1100,200,400,6100,14300,500,100
61.0,19.36,57500,1113769.0,19.35,19.34,19.31,19.3,19.28,19.27,19.26,19.25,19.23,19.22,19.36,19.38,19.42,19.43,19.45,19.46,19.5,19.55,19.56,19.57,100,9000,500,600,5000,5800,4300,5000,4200,3200,900,3900,4800,1100,200,400,6100,14300,500,100
62.0,19.36,57500,1113769.0,19.35,19.34,19.31,19.3,19.28,19.27,19.26,19.25,19.23,19.22,19.36,19.38,19.42,19.43,19.45,19.46,19.5,19.55,19.56,19.57,100,9000,500,600,5000,5800,4300,5000,4200,3200,900,3900,3900,1100,200,400,6100,14300,500,100
63.0,19.36,57500,1113769.0,19.34,19.31,19.3,19.28,19.27,19.26,19.25,19.23,19.22,19.21,19.36,19.38,19.42,19.43,19.45,19.46,19.5,19.55,19.56,19.57,9000,500,600,5000,5800,4300,5000,4200,3200,800,900,3900,3900,1100,200,400,6100,14300,500,100
64.0,19.36,57500,1113769.0,19.34,19.31,19.3,19.28,19.27,19.26,19.25,19.23,19.22,19.21,19.36,19.38,19.42,19.43,19.45,19.46,19.5,19.55,19.56,19.57,9100,500,600,5000,5800,4300,5000,4200,3200,800,900,3900,3900,1100,200,400,6100,14300,500,100
65.0,19.36,57500,1113769.0,19.34,19.31,19.3,19.28,19.27,19.26,19.25,19.23,19.22,19.21,19.36,19.38,19.42,19.43,19.45,19.46,19.5,19.55,19.56,19.57,9100,500,600,5000,5800,4300,5000,4200,3200,800,900,3900,3900,1100,200,400,6100,14300,500,100
66.0,19.36,57500,1113769.0,19.34,19.31,19.3,19.28,19.27,19.26,19.25,19.23,19.22,19.21,19.36,19.38,19.42,19.43,19.45,19.46,19.5,19.55,19.56,19.57,9100,500,600,5000,5800,4300,5000,4200,3200,800,900,3900,3900,1100,200,400,6100,14300,500,100
67.0,19.34,58000,1123439.0,19.34,19.31,19.3,19.28,19.27,19.26,19.25,19.23,19.22,19.21,19.36,19.38,19.42,19.43,19.45,19.46,19.5,19.55,19.56,19.57,8600,500,600,5000,5800,4300,5000,4200,3200,800,900,3900,3900,1100,200,400,6100,14300,500,100
68.0,19.34,58000,1123439.0,19.34,19.31,19.3,19.28,19.27,19.26,19.25,19.23,19.22,19.21,19.35,19.36,19.38,19.42,19.43,19.45,19.46,19.5,19.55,19.56,8600,500,600,5000,5800,4300,5000,4200,3200,800,2400,900,3900,3900,1100,200,400,6100,14300,500
69.0,19.35,58200,1127309.0,19.34,19.31,19.3,19.28,19.27,19.26,19.25,19.23,19.22,19.21,19.35,19.36,19.38,19.42,19.43,19.45,19.46,19.5,19.55,19.56,8600,500,600,5000,5800,4300,5000,4200,3200,800,2200,900,3900,3900,1100,200,400,6100,14300,500
70.0,19.35,60800,1177619.0,19.35,19.34,19.31,19.3,19.28,19.27,19.26,19.25,19.23,19.22,19.36,19.38,19.42,19.43,19.45,19.46,19.5,19.55,19.56,19.57,200,8600,500,600,5000,5800,4300,5000,4200,3200,2400,3900,3900,1100,200,400,6100,14300,500,100
71.0,19.35,60800,1177619.0,19.35,19.34,19.31,19.3,19.28,19.27,19.26,19.25,19.23,19.22,19.36,19.38,19.42,19.43,19.45,19.46,19.5,19.55,19.56,19.57,200,8600,500,600,5000,5800,4300,5000,4200,3200,2400,400,3900,1100,200,400,6100,14300,500,100
72.0,19.38,63300,1226021.0,19.36,19.35,19.34,19.31,19.3,19.28,19.27,19.26,19.25,19.23,19.38,19.42,19.43,19.45,19.46,19.5,19.55,19.56,19.57,19.58,1200,200,8600,500,600,5000,5800,4300,5000,4200,300,3900,1100,200,400,6100,14300,500,100,7800
73.0,19.38,63300,1226021.0,19.36,19.35,19.34,19.31,19.3,19.28,19.27,19.26,19.25,19.23,19.38,19.42,19.43,19.45,19.46,19.5,19.55,19.56,19.57,19.58,1200,200,8600,500,600,5000,5800,4300,5000,4200,300,3900,1100,200,400,6100,14300,500,100,7800
74.0,19.36,63400,1227957.0,19.36,19.35,19.34,19.31,19.3,19.28,19.27,19.26,19.25,19.23,19.38,19.42,19.43,19.45,19.46,19.5,19.55,19.56,19.57,19.58,1100,200,8600,500,600,5000,5800,4300,5000,4200,300,3900,1100,200,400,6100,14300,500,100,7800
75.0,19.36,63400,1227957.0,19.36,19.35,19.34,19.31,19.3,19.28,19.27,19.26,19.25,19.23,19.38,19.42,19.43,19.45,19.46,19.5,19.55,19.56,19.57,19.58,1100,200,8600,500,600,5000,5800,4300,5000,4200,300,3900,1100,200,400,6100,14300,500,100,7800
76.0,19.36,63400,1227957.0,19.36,19.35,19.34,19.31,19.3,19.28,19.27,19.26,19.25,19.23,19.38,19.42,19.43,19.45,19.46,19.5,19.55,19.56,19.57,19.58,1100,200,8600,500,600,5000,5800,4300,5000,4200,300,3900,1100,200,400,6100,14300,500,100,7500
77.0,19.36,63400,1227957.0,19.36,19.35,19.34,19.31,19.3,19.28,19.27,19.26,19.25,19.23,19.38,19.42,19.43,19.45,19.46,19.5,19.55,19.56,19.57,19.58,1100,200,8600,500,600,5000,5800,4300,5000,4200,300,3900,1100,200,400,6100,14300,500,100,7500
78.0,19.36,63400,1227957.0,19.36,19.35,19.34,19.31,19.3,19.28,19.27,19.26,19.25,19.23,19.38,19.42,19.43,19.45,19.46,19.5,19.55,19.56,19.57,19.58,1100,200,8600,500,600,5000,5800,4300,5000,4200,300,3900,1100,200,400,6100,14300,500,100,7500
79.0,19.36,63400,1227957.0,19.36,19.35,19.34,19.31,19.3,19.28,19.27,19.26,19.25,19.23,19.38,19.42,19.43,19.45,19.46,19.5,19.55,19.56,19.57,19.58,1100,200,8600,500,600,5000,5800,4300,5000,4200,300,3900,100,200,400,6100,14300,500,100,7500
80.0,19.36,63400,1227957.0,19.36,19.35,19.34,19.31,19.3,19.28,19.27,19.26,19.25,19.23,19.38,19.42,19.43,19.45,19.46,19.5,19.55,19.56,19.57,19.58,1100,200,8600,500,800,5000,5800,4300,5000,4200,600,3900,100,200,400,6100,14300,500,100,7500
81.0,19.36,63500,1229893.0,19.36,19.35,19.34,19.31,19.3,19.28,19.27,19.26,19.25,19.23,19.38,19.42,19.43,19.45,19.46,19.5,19.55,19.56,19.57,19.58,1000,200,8600,500,800,5000,5800,4300,5000,4200,600,3900,100,200,400,6100,14300,500,100,7500
82.0,19.38,64100,1241521.0,19.38,19.36,19.35,19.34,19.31,19.3,19.28,19.27,19.26,19.25,19.42,19.43,19.45,19.46,19.5,19.55,19.56,19.57,19.58,19.59,400,1000,200,8600,500,800,5000,5800,4300,5000,3900,200,200,400,6100,14300,500,100,7500,3000
83.0,19.38,64100,1241521.0,19.38,19.36,19.35,19.34,19.31,19.3,19.28,19.27,19.26,19.25,19.42,19.43,19.45,19.5,19.55,19.56,19.57,19.58,19.59,19.6,700,1000,200,8600,500,800,5000,5800,4300,5000,3900,200,200,4000,14300,500,100,7500,3000,4500
84.0,19.38,64100,1241521.0,19.38,19.36,19.35,19.34,19.31,19.3,19.28,19.27,19.26,19.25,19.42,19.43,19.45,19.5,19.55,19.56,19.57,19.58,19.59,19.6,700,1000,200,8600,500,800,5000,5800,4300,5000,3900,200,200,4000,14300,500,100,7500,3000,4500
85.0,19.42,64400,1247347.0,19.38,19.36,19.35,19.34,19.31,19.3,19.28,19.27,19.26,19.25,19.42,19.43,19.45,19.5,19.55,19.56,19.57,19.58,19.59,19.6,700,1000,200,8600,500,800,5000,5800,4300,5000,3600,200,200,4000,14300,500,100,7500,3000,4500
86.0,19.38,64600,1251223.0,19.38,19.36,19.35,19.34,19.31,19.3,19.28,19.27,19.26,19.25,19.42,19.43,19.45,19.5,19.55,19.56,19.57,19.58,19.59,19.6,600,1000,200,8600,500,800,5000,5800,4300,5000,3600,200,200,4000,14300,500,100,7500,3000,4500
87.0,19.38,64600,1251223.0,19.38,19.37,19.36,19.35,19.34,19.31,19.3,19.28,19.27,19.26,19.42,19.43,19.45,19.5,19.55,19.56,19.57,19.58,19.59,19.6,600,1000,1000,200,8600,500,800,5000,5800,4300,3600,200,200,4000,14300,500,100,7500,3000,4500
88.0,19.42,64900,1257049.0,19.38,19.37,19.36,19.35,19.34,19.31,19.3,19.28,19.27,19.26,19.42,19.43,19.45,19.5,19.55,19.56,19.57,19.58,19.59,19.6,700,1000,1000,200,8600,500,800,5000,5800,4300,3300,200,200,4000,14300,500,100,7500,3000,4500
89.0,19.42,64900,1257049.0,19.38,19.37,19.36,19.35,19.34,19.31,19.3,19.28,19.26,19.25,19.42,19.43,19.45,19.5,19.55,19.56,19.57,19.58,19.59,19.6,3700,1000,1000,200,8600,500,800,5000,4300,5000,3300,200,200,4000,14300,500,100,7500,3000,4500
90.0,19.42,64900,1257049.0,19.38,19.37,19.36,19.35,19.34,19.31,19.3,19.28,19.26,19.25,19.42,19.43,19.45,19.5,19.55,19.56,19.57,19.58,19.59,19.6,3700,1000,1000,200,8600,500,800,5000,4300,5000,3300,200,200,4000,14300,500,100,7500,3000,4500
91.0,19.42,65000,1258991.0,19.38,19.37,19.36,19.35,19.34,19.31,19.3,19.28,19.26,19.25,19.42,19.43,19.45,19.5,19.55,19.56,19.57,19.58,19.59,19.6,3700,1000,1000,200,8600,500,800,5000,4300,5000,3200,200,200,4000,14300,500,100,7500,3000,4500
92.0,19.42,65300,1264817.0,19.38,19.37,19.36,19.35,19.34,19.31,19.3,19.28,19.26,19.25,19.42,19.43,19.45,19.5,19.55,19.56,19.57,19.58,19.59,19.6,6700,1000,1000,200,8600,500,800,5000,4300,5000,2900,200,200,4000,14300,500,100,7500,3000,4500
93.0,19.42,65300,1264817.0,19.38,19.37,19.36,19.35,19.34,19.31,19.3,19.28,19.26,19.25,19.42,19.43,19.45,19.5,19.55,19.56,19.57,19.58,19.59,19.6,6800,1000,1000,200,8600,500,800,5000,4300,5000,2900,200,200,4000,14300,500,100,7500,3000,4500
94.0,19.42,65300,1264817.0,19.38,19.37,19.36,19.35,19.34,19.31,19.3,19.28,19.26,19.25,19.42,19.43,19.45,19.5,19.55,19.56,19.57,19.58,19.59,19.6,6800,1000,1000,200,8600,500,800,5000,4300,5000,3300,200,200,4000,14300,500,100,7500,3000,4500
95.0,19.38,66100,1280333.0,19.38,19.37,19.36,19.35,19.34,19.31,19.3,19.28,19.26,19.25,19.42,19.43,19.45,19.5,19.55,19.56,19.57,19.58,19.59,19.6,6300,1000,1000,200,8600,500,800,5000,4300,5000,3000,200,200,4000,14300,500,100,7500,3000,4500
96.0,19.38,66100,1280333.0,19.38,19.37,19.36,19.35,19.34,19.31,19.3,19.28,19.26,19.25,19.42,19.43,19.45,19.5,19.55,19.56,19.57,19.58,19.59,19.6,6300,1000,1000,200,8600,500,800,5000,4300,5000,3000,200,200,4000,14300,500,100,7500,3000,4500
97.0,19.38,66100,1280333.0,19.4,19.38,19.37,19.36,19.35,19.34,19.31,19.3,19.28,19.26,19.42,19.43,19.45,19.5,19.55,19.56,19.57,19.58,19.59,19.6,5800,6300,1000,1000,200,8600,500,800,5000,4300,3000,200,200,4000,14300,500,100,7500,3000,4500
98.0,19.42,67000,1297811.0,19.4,19.38,19.37,19.36,19.35,19.34,19.31,19.3,19.28,19.26,19.42,19.43,19.45,19.5,19.55,19.56,19.57,19.58,19.59,19.6,5800,6300,1000,1000,200,8600,500,800,5000,4300,2100,200,200,4000,14300,500,100,7500,3000,4500
99.0,19.42,67000,1297811.0,19.4,19.38,19.37,19.36,19.35,19.34,19.31,19.3,19.28,19.26,19.42,19.43,19.45,19.5,19.55,19.56,19.57,19.58,19.59,19.6,5800,6300,1000,1000,200,8600,500,800,5000,4300,2100,200,200,4000,14300,500,100,7500,3000,4500
100.0,19.42,67000,1297811.0,19.4,19.38,19.37,19.36,19.35,19.34,19.31,19.3,19.28,19.26,19.42,19.43,19.45,19.5,19.55,19.56,19.57,19.58,19.59,19.6,5800,6300,1000,1000,200,8600,500,800,5000,4300,2100,200,200,4000,14300,500,100,7500,3000,4500
101.0,19.42,67200,1301695.0,19.4,19.38,19.37,19.36,19.35,19.34,19.31,19.3,19.28,19.26,19.42,19.43,19.45,19.5,19.55,19.56,19.57,19.58,19.59,19.6,5800,6300,1000,1000,200,8600,500,800,5000,4300,1900,200,200,4000,14300,500,100,7500,3000,4500
102.0,19.4,67700,1311395.0,19.4,19.38,19.37,19.36,19.35,19.34,19.31,19.3,19.28,19.26,19.42,19.43,19.45,19.5,19.55,19.56,19.57,19.58,19.59,19.6,5300,6300,1000,1000,200,8600,500,800,5000,4300,1900,200,200,4000,14300,500,100,7500,3000,4500
103.0,19.4,67700,1311395.0,19.4,19.38,19.37,19.36,19.35,19.34,19.31,19.3,19.28,19.26,19.42,19.43,19.45,19.5,19.55,19.56,19.57,19.58,19.59,19.6,5300,6300,1000,1000,200,8600,500,800,5000,4300,400,200,200,4000,14300,500,100,7500,3000,4500
104.0,19.4,67700,1311395.0,19.4,19.38,19.37,19.36,19.35,19.34,19.31,19.3,19.28,19.26,19.42,19.43,19.45,19.5,19.55,19.56,19.57,19.58,19.59,19.6,5300,6300,1000,1000,200,8600,500,800,5000,4300,400,200,200,4000,14300,500,100,7500,3000,4500
105.0,19.4,67700,1311395.0,19.4,19.38,19.37,19.36,19.35,19.34,19.31,19.3,19.28,19.26,19.41,19.42,19.43,19.45,19.5,19.55,19.56,19.57,19.58,19.59,5300,6300,1000,1000,200,8600,500,800,5000,4300,500,400,200,200,4000,14300,500,100,7500,3000
106.0,19.4,67700,1311395.0,19.4,19.38,19.37,19.36,19.35,19.34,19.31,19.3,19.28,19.26,19.41,19.42,19.43,19.45,19.5,19.55,19.56,19.57,19.58,19.59,5300,6300,1000,1000,200,8600,500,800,5000,4300,500,400,200,200,4000,14300,500,100,7500,3000
107.0,19.41,67800,1313336.0,19.4,19.38,19.37,19.36,19.35,19.34,19.31,19.3,19.28,19.26,19.41,19.42,19.43,19.45,19.5,19.55,19.56,19.57,19.58,19.59,5300,6300,1000,1000,200,8600,500,800,5000,4300,400,400,200,200,4000,14300,500,100,7500,3000
108.0,19.41,67800,1313336.0,19.4,19.38,19.37,19.36,19.35,19.34,19.31,19.3,19.28,19.26,19.41,19.42,19.43,19.45,19.5,19.55,19.56,19.57,19.58,19.59,5300,6300,1000,1000,200,8600,500,800,5000,4300,400,400,200,200,4000,14300,500,100,7500,3000
109.0,19.42,68600,1328868.0,19.42,19.41,19.4,19.38,19.37,19.36,19.35,19.34,19.31,19.3,19.43,19.45,19.5,19.55,19.56,19.57,19.58,19.59,19.6,19.61,800,400,5300,6300,1000,1000,200,8600,500,800,200,200,4000,14300,500,100,7500,3000,4500,1000
110.0,19.42,68600,1328868.0,19.42,19.41,19.4,19.38,19.37,19.36,19.35,19.34,19.31,19.3,19.43,19.45,19.5,19.55,19.56,19.57,19.58,19.59,19.6,19.61,800,400,5300,6300,1000,1000,200,8600,500,800,200,200,4000,14300,500,100,7500,3000,4500,1000
111.0,19.42,68600,1328868.0,19.42,19.41,19.4,19.38,19.37,19.36,19.35,19.34,19.31,19.3,19.43,19.45,19.5,19.55,19.56,19.57,19.58,19.59,19.6,19.61,1800,400,5300,6300,1000,1000,200,8600,500,800,200,200,4000,14300,500,100,7500,3000,4500,1000
112.0,19.42,68600,1328868.0,19.42,19.41,19.4,19.38,19.37,19.36,19.35,19.34,19.31,19.3,19.43,19.45,19.5,19.55,19.56,19.57,19.58,19.59,19.6,19.61,1800,1400,5300,6300,1000,1000,200,8600,500,800,200,200,4000,14300,500,100,7500,3000,4500,1000
113.0,19.42,69000,1336636.0,19.42,19.41,19.4,19.38,19.37,19.36,19.35,19.34,19.31,19.3,19.43,19.45,19.5,19.55,19.56,19.57,19.58,19.59,19.6,19.61,1400,1000,5300,6300,1000,1000,200,8600,500,800,200,200,4000,14300,500,100,7500,3000,4500,1000
114.0,19.43,69200,1340522.0,19.43,19.42,19.41,19.4,19.38,19.37,19.36,19.35,19.34,19.31,19.45,19.5,19.54,19.55,19.56,19.57,19.58,19.59,19.6,19.61,1000,1400,1000,5300,6300,1000,1000,200,8600,500,200,4000,200,14300,500,100,7500,3000,4500,1000
115.0,19.43,69200,1340522.0,19.43,19.42,19.41,19.4,19.38,19.37,19.35,19.34,19.31,19.3,19.45,19.5,19.54,19.55,19.56,19.57,19.58,19.59,19.6,19.61,1000,1400,1000,5300,6300,1000,200,8600,500,800,500,4000,200,14300,500,100,7500,3000,4500,1000
116.0,19.43,69200,1340522.0,19.43,19.42,19.41,19.4,19.38,19.37,19.35,19.34,19.32,19.31,19.45,19.5,19.54,19.55,19.56,19.57,19.58,19.59,19.6,19.61,1000,2600,1000,5300,6300,1000,200,8600,2600,500,500,4000,200,14300,500,100,7500,3000,4500,1000
117.0,19.43,69400,1344408.0,19.43,19.42,19.41,19.4,19.38,19.37,19.35,19.34,19.32,19.31,19.45,19.5,19.54,19.55,19.56,19.57,19.58,19.59,19.6,19.61,800,2600,1000,5300,6300,1000,200,8600,2600,500,500,4000,200,14300,500,100,7500,3000,4500,1000
118.0,19.43,69400,1344408.0,19.43,19.42,19.41,19.4,19.38,19.37,19.35,19.34,19.32,19.31,19.45,19.5,19.54,19.55,19.56,19.57,19.58,19.59,19.6,19.61,800,2600,1000,5300,6300,1000,200,8600,2600,500,500,4000,200,14300,500,100,7500,3000,4500,1000
119.0,19.43,69400,1344408.0,19.43,19.42,19.41,19.4,19.38,19.37,19.35,19.34,19.32,19.31,19.44,19.45,19.5,19.54,19.55,19.56,19.57,19.58,19.59,19.6,800,2600,1000,5300,6300,1000,200,8600,2600,500,400,500,4000,200,14300,500,100,7500,3000,4500
120.0,19.43,69400,1344408.0,19.43,19.42,19.41,19.4,19.38,19.37,19.35,19.34,19.32,19.31,19.44,19.45,19.5,19.54,19.55,19.56,19.57,19.58,19.59,19.6,800,2600,1000,5300,6300,1000,200,8600,2600,500,400,500,4000,200,14300,500,100,7500,3000,4500
121.0,19.44,69800,1352184.0,19.43,19.42,19.4,19.38,19.37,19.35,19.34,19.32,19.31,19.3,19.45,19.5,19.54,19.55,19.56,19.57,19.58,19.59,19.6,19.61,800,2600,5300,6300,1000,200,8600,2600,500,800,500,4000,200,14300,500,100,7500,3000,4500,1000
122.0,19.44,69800,1352184.0,19.43,19.42,19.4,19.38,19.37,19.35,19.34,19.32,19.31,19.3,19.45,19.5,19.54,19.55,19.56,19.57,19.58,19.59,19.6,19.61,800,2600,5300,6300,1000,200,8600,2600,500,800,500,4000,200,14300,500,100,7500,3000,4500,1000
123.0,19.44,69800,1352184.0,19.43,19.42,19.4,19.38,19.37,19.35,19.34,19.32,19.31,19.3,19.45,19.5,19.54,19.55,19.56,19.57,19.58,19.59,19.6,19.61,800,2600,5300,6300,1000,200,8600,2600,500,800,500,4000,200,14300,500,100,7500,3000,4500,1000
124.0,19.43,73300,1420163.0,19.4,19.38,19.37,19.35,19.34,19.32,19.31,19.3,19.28,19.26,19.43,19.45,19.5,19.54,19.55,19.56,19.57,19.58,19.59,19.6,5300,3300,1000,200,8600,2600,500,800,5000,4300,100,500,3500,200,14300,500,100,7500,3000,4500
125.0,19.4,78300,1517256.0,19.43,19.4,19.38,19.37,19.35,19.34,19.32,19.31,19.3,19.28,19.44,19.45,19.49,19.5,19.54,19.55,19.56,19.57,19.58,19.59,1000,2200,3300,1000,200,8600,2600,500,800,5000,700,700,1800,3500,200,14300,500,100,7500,3000
126.0,19.43,79300,1536686.0,19.4,19.38,19.37,19.35,19.34,19.32,19.31,19.3,19.28,19.26,19.43,19.44,19.45,19.49,19.5,19.54,19.55,19.56,19.57,19.58,2200,3300,1000,200,8600,2600,500,800,5000,4300,200,700,700,1800,2500,200,14300,500,100,7500
127.0,19.4,79500,1540566.0,19.4,19.38,19.37,19.35,19.34,19.32,19.31,19.3,19.28,19.26,19.43,19.44,19.45,19.49,19.5,19.54,19.55,19.56,19.57,19.58,2000,3300,1000,200,8600,2600,500,800,5000,4300,200,700,700,1800,2500,200,14300,500,100,7500
128.0,19.4,79500,1540566.0,19.4,19.38,19.37,19.35,19.34,19.32,19.31,19.3,19.28,19.26,19.43,19.44,19.45,19.49,19.5,19.54,19.55,19.56,19.57,19.58,2000,3300,2000,200,8600,2600,500,800,5000,4300,300,700,700,400,2500,200,14300,500,100,7500
129.0,19.4,79500,1540566.0,19.4,19.38,19.37,19.35,19.34,19.32,19.31,19.3,19.28,19.26,19.43,19.44,19.45,19.49,19.5,19.54,19.55,19.56,19.57,19.58,2000,3300,2000,200,8600,2600,500,800,5000,4300,300,700,700,400,2500,200,14300,500,100,7500
130.0,19.4,79700,1544446.0,19.4,19.38,19.37,19.35,19.34,19.32,19.31,19.3,19.28,19.26,19.43,19.44,19.45,19.49,19.5,19.54,19.55,19.56,19.57,19.58,1800,3300,2000,200,8600,2600,500,800,5000,4300,200,700,700,400,2500,200,14300,500,100,7500
131.0,19.4,79800,1546386.0,19.4,19.38,19.37,19.35,19.34,19.32,19.31,19.3,19.28,19.26,19.43,19.44,19.45,19.49,19.5,19.54,19.55,19.56,19.57,19.58,1700,300,2000,200,8600,2600,500,800,5000,4300,200,1200,700,400,2500,200,14300,500,100,7500
132.0,19.4,79800,1546386.0,19.4,19.38,19.37,19.35,19.34,19.32,19.31,19.3,19.28,19.26,19.43,19.44,19.45,19.49,19.5,19.54,19.55,19.56,19.57,19.58,1700,300,2000,200,8600,2600,500,800,5000,4300,200,1200,700,400,2500,200,14300,500,100,7500
133.0,19.44,80200,1554156.0,19.4,19.38,19.37,19.35,19.34,19.32,19.31,19.3,19.28,19.26,19.43,19.44,19.45,19.49,19.5,19.54,19.55,19.56,19.57,19.58,1600,300,2000,200,8600,2600,500,800,5000,4300,300,1100,700,400,2500,200,14300,500,100,7500
134.0,19.4,81800,1585196.0,19.38,19.37,19.35,19.34,19.32,19.31,19.3,19.28,19.26,19.25,19.4,19.41,19.42,19.43,19.44,19.45,19.49,19.5,19.54,19.55,300,2000,200,8600,2600,500,800,5000,4300,5000,1100,1100,400,2700,1100,700,400,2500,200,14300
135.0,19.4,81800,1585196.0,19.38,19.37,19.35,19.34,19.32,19.31,19.3,19.28,19.26,19.25,19.4,19.41,19.42,19.43,19.44,19.49,19.5,19.54,19.55,19.56,300,2000,200,8600,2600,500,800,5000,4300,5000,1600,1100,400,3200,1400,400,2500,200,14300,500
136.0,19.4,81800,1585196.0,19.38,19.37,19.35,19.34,19.32,19.31,19.3,19.28,19.26,19.25,19.4,19.41,19.42,19.43,19.44,19.49,19.5,19.54,19.55,19.56,300,2000,200,8600,2600,500,800,5000,4300,5000,1600,1100,400,3200,1400,400,2500,200,14300,500
137.0,19.4,81900,1587136.0,19.38,19.37,19.35,19.34,19.32,19.31,19.3,19.28,19.26,19.25,19.4,19.41,19.42,19.43,19.44,19.49,19.5,19.54,19.55,19.56,300,2000,200,8600,2600,500,800,5000,4300,5000,1500,1100,400,3200,1400,400,2500,200,14300,500
138.0,19.4,81900,1587136.0,19.38,19.37,19.35,19.34,19.32,19.31,19.3,19.28,19.26,19.25,19.4,19.41,19.42,19.43,19.44,19.49,19.5,19.54,19.55,19.56,300,2000,200,8600,2600,500,800,5000,4300,5000,1500,1100,400,3200,1400,400,2500,200,14300,500
139.0,19.37,84200,1631690.0,19.35,19.34,19.32,19.31,19.3,19.28,19.26,19.25,19.23,19.22,19.37,19.38,19.4,19.41,19.42,19.43,19.44,19.49,19.5,19.54,200,8600,2600,500,800,5000,4300,5000,4200,3200,1800,700,1500,1100,400,5200,1400,400,2500,200
140.0,19.37,84200,1631690.0,19.35,19.34,19.32,19.31,19.3,19.28,19.26,19.25,19.23,19.22,19.36,19.37,19.38,19.4,19.41,19.42,19.43,19.44,19.49,19.5,200,8600,2600,500,800,5000,4300,5000,4200,3200,3000,1900,700,1500,1100,400,5200,1200,400,2500
141.0,19.36,85500,1656858.0,19.35,19.34,19.32,19.31,19.3,19.28,19.26,19.25,19.23,19.22,19.36,19.37,19.38,19.4,19.41,19.42,19.43,19.44,19.49,19.5,200,8600,2600,500,800,5000,4300,5000,4200,3200,1700,1900,700,1500,1100,400,5200,1200,400,2500
142.0,19.36,85500,1656858.0,19.35,19.34,19.32,19.31,19.3,19.28,19.26,19.25,19.23,19.22,19.36,19.37,19.38,19.4,19.41,19.42,19.43,19.44,19.49,19.5,200,8600,2600,500,800,5000,4300,5000,4200,3200,1700,1900,700,1500,1100,400,5200,1200,400,2500
143.0,19.36,85800,1662666.0,19.35,19.34,19.32,19.31,19.3,19.28,19.26,19.25,19.23,19.22,19.36,19.37,19.38,19.4,19.41,19.42,19.43,19.44,19.49,19.5,200,8600,2600,500,800,5000,4300,5000,4200,3700,1400,1900,700,1500,1100,400,5200,1200,2400,2500
144.0,19.37,88800,1720762.0,19.35,19.34,19.32,19.31,19.3,19.28,19.26,19.25,19.23,19.22,19.37,19.38,19.4,19.41,19.42,19.43,19.44,19.49,19.5,19.54,200,8600,2600,500,800,5000,4300,5000,4200,3700,200,700,1500,1100,400,5200,1200,2400,2500,200
145.0,19.37,88800,1720762.0,19.35,19.34,19.32,19.31,19.3,19.28,19.26,19.25,19.23,19.22,19.37,19.38,19.4,19.41,19.42,19.43,19.44,19.49,19.5,19.54,200,8600,2600,500,800,5000,4300,5000,4200,3700,200,700,1500,1100,400,5200,1200,2400,2500,200
146.0,19.37,88800,1720762.0,19.35,19.34,19.32,19.31,19.3,19.28,19.26,19.25,19.23,19.22,19.37,19.38,19.4,19.41,19.42,19.43,19.44,19.49,19.5,19.54,200,8600,2600,500,800,5000,4300,5000,4200,3700,200,700,1500,1100,400,5200,1200,2400,2500,200
147.0,19.37,88800,1720762.0,19.35,19.34,19.32,19.31,19.3,19.28,19.26,19.25,19.23,19.22,19.37,19.38,19.4,19.41,19.42,19.43,19.44,19.49,19.5,19.54,200,8600,2600,500,800,5000,4300,5000,4200,3700,200,700,1500,1100,400,5200,1200,2400,2500,200
148.0,19.37,88800,1720762.0,19.35,19.34,19.32,19.31,19.3,19.28,19.26,19.25,19.23,19.22,19.37,19.38,19.4,19.41,19.42,19.43,19.44,19.49,19.5,19.54,200,8600,2600,500,800,5000,4300,5000,4200,3700,200,700,1500,1100,400,5200,1200,2400,2500,200
149.0,19.37,88800,1720762.0,19.35,19.34,19.32,19.31,19.3,19.28,19.26,19.25,19.23,19.22,19.36,19.37,19.38,19.4,19.41,19.42,19.43,19.44,19.49,19.5,200,8600,2600,500,800,5000,4300,5000,4200,3700,300,2600,700,1500,1000,200,2800,1200,2400,2500
150.0,19.37,88800,1720762.0,19.35,19.34,19.32,19.31,19.3,19.28,19.26,19.25,19.23,19.22,19.36,19.37,19.38,19.4,19.41,19.42,19.43,19.44,19.49,19.5,200,8600,2600,500,800,5000,4300,5000,4200,3700,800,2600,700,1000,1000,200,2800,1200,2400,2500
151.0,19.37,88800,1720762.0,19.35,19.34,19.32,19.31,19.3,19.28,19.26,19.25,19.23,19.22,19.36,19.37,19.38,19.4,19.41,19.42,19.43,19.44,19.49,19.5,200,8600,2600,500,800,5000,4300,5000,4200,3700,800,2600,700,1000,1000,200,2800,1200,2400,2500
152.0,19.35,89000,1724632.0,19.34,19.32,19.31,19.3,19.28,19.26,19.25,19.23,19.22,19.21,19.36,19.37,19.38,19.4,19.41,19.42,19.43,19.44,19.49,19.5,8600,2600,500,800,5000,4300,5000,4200,3700,1500,800,2600,700,1000,1000,200,2800,1200,2400,2500
153.0,19.34,90000,1743972.0,19.34,19.32,19.31,19.3,19.28,19.26,19.25,19.23,19.22,19.21,19.36,19.37,19.38,19.4,19.41,19.42,19.43,19.44,19.49,19.5,7600,2600,500,800,5500,4300,5000,4200,3700,1500,800,2600,700,1000,1000,200,2800,1200,2400,2500
154.0,19.36,90300,1749780.0,19.34,19.32,19.31,19.3,19.28,19.26,19.25,19.23,19.22,19.21,19.36,19.37,19.38,19.4,19.41,19.42,19.43,19.44,19.49,19.5,7600,2600,500,800,5500,4300,5000,4200,3700,1500,500,2600,700,1000,1000,200,2800,1200,2400,2500
155.0,19.34,91300,1769120.0,19.34,19.33,19.32,19.31,19.3,19.28,19.26,19.25,19.23,19.22,19.36,19.37,19.38,19.4,19.41,19.42,19.43,19.44,19.49,19.5,6600,100,2600,500,800,5500,4300,5000,4200,3700,500,2400,700,1000,1000,200,2800,1200,2400,2500
156.0,19.36,91600,1774928.0,19.34,19.33,19.32,19.31,19.3,19.28,19.26,19.25,19.23,19.22,19.36,19.37,19.38,19.4,19.41,19.42,19.43,19.44,19.49,19.5,6600,100,2600,500,800,5500,4300,5000,4200,3700,200,2400,700,1000,1000,200,2800,1600,2400,2500
157.0,19.37,92400,1790407.0,19.34,19.33,19.32,19.31,19.3,19.28,19.26,19.25,19.23,19.22,19.37,19.38,19.4,19.41,19.42,19.43,19.44,19.49,19.5,19.54,6100,100,2600,500,800,5500,4300,5000,4200,3700,2400,700,1000,1000,200,2800,1600,2400,2500,200
158.0,19.37,92500,1792344.0,19.34,19.33,19.32,19.31,19.3,19.28,19.26,19.25,19.23,19.22,19.37,19.38,19.4,19.41,19.42,19.43,19.44,19.49,19.5,19.54,6100,100,2600,500,800,5500,4300,5000,4200,3700,2300,700,1000,1000,200,2800,1600,2400,2500,200
159.0,19.37,92500,1792344.0,19.34,19.33,19.32,19.31,19.3,19.28,19.26,19.25,19.23,19.22,19.37,19.38,19.4,19.41,19.42,19.43,19.44,19.49,19.5,19.54,6100,100,2600,500,800,5500,4300,5000,4200,3700,2300,700,1000,1000,200,2800,1600,2400,2500,200
160.0,19.34,93500,1811684.0,19.34,19.33,19.32,19.31,19.3,19.28,19.26,19.25,19.23,19.22,19.37,19.38,19.4,19.41,19.42,19.43,19.44,19.49,19.5,19.54,5100,100,2600,500,800,5500,4300,5000,4200,3700,2300,700,1000,1000,200,2800,1600,2400,2500,200
161.0,19.34,93500,1811684.0,19.34,19.33,19.32,19.31,19.3,19.28,19.26,19.25,19.23,19.22,19.35,19.37,19.38,19.4,19.41,19.42,19.43,19.44,19.49,19.5,5100,100,2600,500,800,5500,4300,5000,4200,3700,400,2300,700,1000,1000,200,2800,1600,2400,2500
162.0,19.34,93500,1811684.0,19.34,19.33,19.32,19.31,19.3,19.28,19.26,19.25,19.23,19.22,19.35,19.37,19.38,19.4,19.41,19.42,19.43,19.44,19.49,19.5,5100,100,2600,500,800,5500,4300,5000,4200,3700,400,2300,700,1000,1000,200,2800,1600,2400,2500
163.0,19.34,94000,1821354.0,19.34,19.33,19.32,19.31,19.3,19.28,19.26,19.25,19.23,19.22,19.35,19.37,19.38,19.4,19.41,19.42,19.43,19.44,19.46,19.49,4600,100,2600,500,800,5500,4300,5000,4200,3700,400,2300,700,1000,1000,200,2800,1600,3000,2400
164.0,19.34,94000,1821354.0,19.34,19.33,19.32,19.31,19.3,19.28,19.26,19.25,19.23,19.22,19.35,19.37,19.38,19.4,19.41,19.42,19.43,19.44,19.46,19.49,4600,100,2600,500,800,5500,4300,5000,4200,3700,1600,1100,700,1000,1000,200,2800,1600,3000,2400
165.0,19.34,94000,1821354.0,19.34,19.33,19.32,19.31,19.3,19.28,19.26,19.25,19.23,19.22,19.35,19.37,19.38,19.4,19.41,19.42,19.43,19.44,19.46,19.49,4600,100,2600,500,800,5500,4300,5000,4200,3700,1700,1100,700,1000,1000,200,2800,1200,3000,2400
166.0,19.34,94000,1821354.0,19.34,19.33,19.32,19.31,19.3,19.28,19.26,19.25,19.23,19.22,19.35,19.37,19.38,19.4,19.41,19.42,19.43,19.44,19.46,19.49,4600,100,2600,500,800,5500,4300,5000,4200,3700,1700,1100,700,1000,1000,200,2800,1200,3000,2400
167.0,19.34,98600,1910318.0,19.33,19.32,19.31,19.3,19.28,19.26,19.25,19.23,19.22,19.21,19.34,19.35,19.37,19.38,19.4,19.41,19.42,19.43,19.44,19.46,100,2600,500,800,5500,4300,5000,4200,3700,1500,6900,1700,1100,700,1000,1000,200,2800,1200,3000
168.0,19.32,105000,2033967.0,19.31,19.3,19.28,19.26,19.25,19.23,19.22,19.21,19.2,19.18,19.32,19.34,19.35,19.37,19.38,19.4,19.41,19.42,19.43,19.44,500,800,5500,4300,5000,4200,3700,1500,7400,5900,200,7100,1700,1100,700,1000,1000,200,2800,1200
169.0,19.32,105000,2033967.0,19.31,19.3,19.28,19.26,19.25,19.23,19.22,19.21,19.2,19.18,19.32,19.34,19.35,19.37,19.38,19.4,19.41,19.42,19.43,19.44,500,800,5500,4300,5000,4200,3700,1500,7400,5900,200,7100,1700,1100,700,1000,1000,200,2800,1200
170.0,19.32,105000,2033967.0,19.31,19.3,19.28,19.26,19.25,19.23,19.22,19.21,19.2,19.18,19.32,19.34,19.35,19.37,19.38,19.4,19.41,19.42,19.43,19.44,500,2400,5500,4300,5000,4200,3700,1500,7400,5900,200,7100,1700,1100,700,1000,1000,200,2800,1200
171.0,19.32,105000,2033967.0,19.31,19.3,19.28,19.26,19.25,19.23,19.22,19.21,19.2,19.18,19.32,19.34,19.35,19.37,19.38,19.4,19.41,19.42,19.43,19.44,500,2400,5500,4300,5000,4200,3700,1500,7400,5900,200,7100,1700,1100,700,1000,1000,200,2800,1200
172.0,19.32,105000,2033967.0,19.31,19.3,19.28,19.26,19.25,19.23,19.22,19.21,19.2,19.18,19.32,19.34,19.35,19.37,19.38,19.4,19.41,19.42,19.43,19.44,500,2400,5500,4300,5000,4200,3700,1500,7400,5900,200,7000,1700,1100,700,1000,1000,200,2800,900
173.0,19.32,105100,2035899.0,19.31,19.3,19.28,19.26,19.25,19.23,19.22,19.21,19.2,19.18,19.32,19.34,19.35,19.37,19.38,19.4,19.41,19.42,19.43,19.44,500,2400,5500,4300,5000,4200,3700,1500,7400,5900,100,3600,1700,1100,700,1000,1000,200,2800,900
174.0,19.32,105100,2035899.0,19.31,19.3,19.28,19.26,19.25,19.23,19.22,19.21,19.2,19.18,19.32,19.34,19.35,19.37,19.38,19.4,19.41,19.42,19.43,19.44,500,2400,5500,4300,5000,4200,3700,1500,7400,5900,100,3600,1700,1100,700,1000,1000,200,2800,900
175.0,19.32,105100,2035899.0,19.31,19.3,19.28,19.26,19.25,19.23,19.22,19.21,19.2,19.18,19.32,19.34,19.35,19.37,19.38,19.4,19.41,19.42,19.43,19.44,500,2400,5500,4300,5000,4200,3700,1500,7400,5900,100,3600,1700,1100,700,1000,1000,200,2800,900
176.0,19.32,105100,2035899.0,19.31,19.3,19.28,19.26,19.25,19.23,19.22,19.21,19.2,19.18,19.32,19.34,19.35,19.37,19.38,19.4,19.41,19.42,19.43,19.44,500,2800,5500,4300,5000,4200,3700,1500,7400,5900,100,3600,1700,1100,700,1000,1000,200,2800,900
177.0,19.32,105100,2035899.0,19.31,19.3,19.28,19.26,19.25,19.23,19.22,19.21,19.2,19.18,19.32,19.34,19.35,19.37,19.38,19.4,19.41,19.42,19.43,19.44,500,2800,5500,4300,5000,4200,3700,1500,7400,5900,100,3600,1700,1100,700,1000,1000,200,2800,900
178.0,19.31,105200,2037830.0,19.31,19.3,19.28,19.26,19.25,19.23,19.22,19.21,19.2,19.18,19.32,19.34,19.35,19.37,19.38,19.4,19.41,19.42,19.43,19.44,400,2800,5500,4300,5000,4200,3700,1500,7400,5900,100,3600,1700,1100,700,1000,1000,200,2800,900
179.0,19.31,105200,2037830.0,19.31,19.3,19.28,19.26,19.25,19.23,19.22,19.21,19.2,19.18,19.32,19.34,19.35,19.37,19.38,19.4,19.41,19.42,19.43,19.44,400,2800,5500,4300,5000,4200,3700,1500,7400,5900,100,4000,1700,1100,700,1000,1000,200,2800,900
180.0,19.31,105200,2037830.0,19.31,19.3,19.28,19.26,19.25,19.23,19.22,19.21,19.2,19.18,19.32,19.34,19.35,19.37,19.38,19.4,19.41,19.42,19.43,19.44,400,2800,5500,4300,5000,4200,3700,1500,7400,5900,100,4000,1700,1100,700,1000,1000,200,2800,900
181.0,19.31,105200,2037830.0,19.31,19.3,19.28,19.26,19.25,19.23,19.22,19.21,19.2,19.18,19.32,19.34,19.35,19.37,19.38,19.4,19.41,19.42,19.43,19.44,1200,2800,5500,4300,5000,4200,3700,1500,7400,5900,100,4000,500,1100,700,1000,1000,200,2800,900
182.0,19.31,105200,2037830.0,19.31,19.3,19.28,19.26,19.25,19.23,19.22,19.21,19.2,19.18,19.32,19.34,19.35,19.37,19.38,19.4,19.41,19.42,19.43,19.44,1400,2800,5500,4300,5000,4200,3700,1500,7400,5900,100,4000,500,1100,700,1000,1000,200,2800,900
183.0,19.31,105200,2037830.0,19.31,19.3,19.28,19.26,19.25,19.23,19.22,19.21,19.2,19.18,19.32,19.34,19.35,19.37,19.38,19.4,19.41,19.42,19.43,19.44,1400,2800,5500,4300,5000,4200,3700,1500,7400,5900,100,4000,500,1100,700,1000,1000,200,2800,900
184.0,19.32,105300,2039762.0,19.31,19.3,19.28,19.26,19.25,19.23,19.22,19.21,19.2,19.18,19.34,19.35,19.37,19.38,19.4,19.41,19.42,19.43,19.44,19.46,1400,2800,5500,4300,5000,4200,3700,1500,7400,5900,4000,500,100,700,1000,1000,200,2800,900,3000
185.0,19.32,105300,2039762.0,19.31,19.3,19.28,19.26,19.25,19.23,19.22,19.21,19.2,19.18,19.34,19.35,19.37,19.38,19.4,19.41,19.42,19.43,19.44,19.46,1400,2800,5500,4300,5000,4200,3700,1500,7400,5900,4000,500,100,700,1000,1000,200,2800,900,3000
186.0,19.34,105700,2047498.0,19.31,19.3,19.28,19.26,19.25,19.23,19.22,19.21,19.2,19.18,19.33,19.34,19.35,19.37,19.38,19.4,19.41,19.42,19.43,19.44,1400,2800,5500,4300,5000,4200,3700,1500,7400,5900,1000,3600,500,100,700,1000,1000,200,2800,900
187.0,19.34,105700,2047498.0,19.31,19.3,19.28,19.26,19.25,19.23,19.22,19.21,19.2,19.18,19.33,19.34,19.35,19.37,19.38,19.4,19.41,19.42,19.43,19.44,1400,2800,5500,4300,5000,4200,3700,1500,7400,5900,1000,3600,500,100,700,1000,1000,200,2800,900
188.0,19.34,105700,2047498.0,19.31,19.3,19.28,19.26,19.25,19.23,19.22,19.21,19.2,19.18,19.33,19.34,19.35,19.37,19.38,19.4,19.41,19.42,19.43,19.44,1400,2800,5500,4300,5000,4200,3700,1500,7400,5900,1000,3600,500,100,700,1000,1000,200,2800,900
189.0,19.33,105800,2049431.0,19.31,19.3,19.28,19.26,19.25,19.23,19.22,19.21,19.2,19.18,19.33,19.34,19.35,19.37,19.38,19.4,19.41,19.42,19.43,19.44,1400,2800,5500,4300,5000,4200,3700,1500,7400,5900,900,3600,500,100,700,1000,1000,200,2800,900
190.0,19.33,107000,2072613.0,19.31,19.3,19.28,19.26,19.25,19.23,19.22,19.21,19.2,19.18,19.33,19.34,19.35,19.37,19.38,19.4,19.41,19.42,19.43,19.44,700,2600,5500,4300,5000,4200,3700,1500,7400,5900,400,3600,500,100,700,1000,1000,200,2800,900
191.0,19.33,107000,2072613.0,19.31,19.3,19.28,19.26,19.25,19.23,19.22,19.21,19.2,19.18,19.33,19.34,19.35,19.37,19.38,19.4,19.41,19.42,19.43,19.44,700,2600,5500,4300,5000,4200,3700,1500,7400,5900,400,3600,500,100,700,1000,1000,200,2800,900
192.0,19.31,107200,2076475.0,19.31,19.3,19.28,19.26,19.25,19.23,19.22,19.21,19.2,19.18,19.33,19.34,19.35,19.37,19.38,19.4,19.41,19.42,19.43,19.44,500,2600,5500,4300,5000,4200,3700,1500,7400,5900,400,3600,100,100,700,1000,1000,200,2800,900
193.0,19.31,107200,2076475.0,19.31,19.3,19.28,19.26,19.25,19.23,19.22,19.21,19.2,19.18,19.33,19.34,19.35,19.37,19.38,19.4,19.41,19.42,19.43,19.44,500,2600,5500,4300,5000,4200,3700,1500,7400,5900,400,3600,100,100,700,1000,1000,200,2800,900
194.0,19.33,107600,2084207.0,19.33,19.31,19.3,19.28,19.26,19.25,19.23,19.22,19.21,19.2,19.34,19.35,19.37,19.38,19.4,19.41,19.42,19.43,19.44,19.46,1700,500,2600,5500,4300,5000,4200,3700,1500,7400,3600,100,100,700,1000,1000,200,2800,900,3000
195.0,19.33,107600,2084207.0,19.33,19.31,19.3,19.28,19.26,19.25,19.23,19.22,19.21,19.2,19.34,19.35,19.37,19.38,19.4,19.41,19.42,19.43,19.44,19.46,1700,500,2600,5500,4300,5000,4200,3700,1500,7400,3600,100,100,700,1000,1000,200,2800,900,3000
196.0,19.34,108200,2095811.0,19.33,19.31,19.3,19.28,19.26,19.25,19.23,19.22,19.21,19.2,19.34,19.35,19.37,19.38,19.4,19.41,19.42,19.43,19.44,19.46,1700,500,2600,5500,4300,5000,4200,3700,1500,7400,3000,100,100,700,1000,1000,200,2800,900,3000
197.0,19.34,108400,2099679.0,19.33,19.31,19.3,19.28,19.26,19.25,19.23,19.22,19.21,19.2,19.34,19.35,19.37,19.38,19.4,19.41,19.42,19.43,19.44,19.46,1700,500,2600,5500,4300,5000,4200,3700,1500,7400,2800,100,100,700,1000,1000,200,2800,900,3000
198.0,19.33,108500,2101612.0,19.33,19.31,19.3,19.28,19.26,19.25,19.23,19.22,19.21,19.2,19.34,19.35,19.37,19.38,19.4,19.41,19.42,19.43,19.44,19.46,1600,500,2600,5500,4300,5000,4200,3700,1500,7400,2800,100,100,700,1000,1000,200,2800,900,3000
199.0,19.33,109200,2115145.0,19.33,19.31,19.3,19.28,19.27,19.26,19.25,19.23,19.22,19.21,19.34,19.35,19.37,19.38,19.4,19.41,19.42,19.43,19.44,19.46,1100,500,2600,5500,200,4300,5000,4200,3700,1500,2800,100,100,700,1000,1000,200,2800,900,3000
200.0,19.33,109200,2115145.0,19.33,19.32,19.31,19.3,19.28,19.27,19.26,19.25,19.23,19.22,19.34,19.35,19.37,19.38,19.4,19.41,19.42,19.43,19.44,19.46,1100,2000,500,2600,5500,200,4300,5000,4200,3700,2800,100,100,700,1000,1000,200,2800,900,3000
201.0,19.33,109200,2115145.0,19.33,19.32,19.31,19.3,19.28,19.27,19.26,19.25,19.23,19.22,19.34,19.35,19.37,19.38,19.4,19.41,19.42,19.43,19.44,19.46,1100,2000,500,2600,5500,200,5000,5000,4200,3700,2800,100,100,700,1000,1000,200,2800,900,3000
202.0,19.33,109400,2119011.0,19.33,19.32,19.31,19.3,19.28,19.27,19.26,19.25,19.23,19.22,19.34,19.35,19.37,19.38,19.4,19.41,19.42,19.43,19.44,19.46,900,2000,500,2600,5500,200,5000,5000,4200,3700,2800,100,100,700,1000,1000,200,2800,900,3000
203.0,19.33,110900,2148010.0,19.32,19.31,19.3,19.28,19.27,19.26,19.25,19.23,19.22,19.21,19.33,19.34,19.35,19.37,19.38,19.4,19.41,19.42,19.43,19.44,2000,500,2600,5500,200,5000,5000,4200,3700,1500,1600,2400,100,100,700,1000,1000,200,2800,900
204.0,19.33,110900,2148010.0,19.32,19.31,19.3,19.28,19.27,19.26,19.25,19.23,19.22,19.21,19.33,19.34,19.35,19.37,19.38,19.4,19.41,19.42,19.43,19.44,2000,500,2600,5500,200,5000,5000,4200,4200,1500,1600,2400,100,100,700,1000,1000,200,2800,900
205.0,19.33,110900,2148010.0,19.32,19.31,19.3,19.28,19.27,19.26,19.25,19.23,19.22,19.21,19.33,19.34,19.35,19.37,19.38,19.4,19.41,19.42,19.43,19.44,2000,500,2600,5500,200,5000,5000,4200,4200,1500,1600,2400,100,100,700,1000,1000,200,2800,900
206.0,19.33,111000,2149943.0,19.32,19.31,19.3,19.28,19.27,19.26,19.25,19.23,19.22,19.21,19.33,19.34,19.35,19.37,19.38,19.4,19.41,19.42,19.43,19.44,2000,500,2600,5500,200,5000,5000,4200,4200,1500,1500,2400,100,100,700,1000,1000,200,2800,900
207.0,19.33,111000,2149943.0,19.32,19.31,19.3,19.28,19.27,19.26,19.25,19.23,19.22,19.21,19.33,19.34,19.35,19.37,19.38,19.4,19.41,19.42,19.43,19.44,2000,500,2600,5500,200,5000,5000,4200,4200,1500,1500,2400,100,500,700,1000,1000,200,2800,900
208.0,19.33,111000,2149943.0,19.32,19.31,19.3,19.28,19.27,19.26,19.25,19.23,19.22,19.21,19.33,19.34,19.35,19.37,19.38,19.4,19.41,19.42,19.43,19.44,2000,500,2600,5500,200,5000,5000,4200,4200,1500,1500,2400,100,500,700,1000,1000,200,2800,900
209.0,19.33,111100,2151876.0,19.32,19.31,19.3,19.28,19.27,19.26,19.25,19.23,19.22,19.21,19.33,19.34,19.35,19.37,19.38,19.4,19.41,19.42,19.43,19.44,2000,500,2600,5500,200,5000,5000,4200,4200,1500,1400,2400,100,500,700,1300,1000,200,2800,900
210.0,19.32,111300,2155740.0,19.32,19.31,19.3,19.28,19.27,19.26,19.25,19.23,19.22,19.21,19.33,19.34,19.35,19.37,19.38,19.4,19.41,19.42,19.43,19.44,1800,500,2600,5500,200,5000,5000,4200,4200,2500,1400,2400,100,500,700,1300,1000,200,2800,900
211.0,19.33,111400,2157673.0,19.32,19.31,19.3,19.28,19.27,19.26,19.25,19.23,19.22,19.21,19.33,19.34,19.35,19.37,19.38,19.4,19.41,19.42,19.43,19.44,1800,800,2600,5500,200,5000,5000,4200,4200,2500,1300,2400,100,500,700,1300,1000,200,2800,900
212.0,19.32,111700,2163469.0,19.32,19.31,19.3,19.28,19.27,19.26,19.25,19.23,19.22,19.21,19.33,19.34,19.35,19.37,19.38,19.4,19.41,19.42,19.43,19.44,1500,800,2600,5500,200,5000,5000,4200,4200,2500,1300,2400,100,500,700,1300,1000,200,2800,900
213.0,19.31,114300,2213696.0,19.3,19.28,19.27,19.26,19.25,19.23,19.22,19.21,19.2,19.18,19.31,19.32,19.33,19.34,19.35,19.37,19.38,19.4,19.41,19.42,2600,5500,200,5000,5000,4200,4200,2500,7400,5900,400,20200,1000,2400,100,500,700,1300,1000,200
214.0,19.31,114400,2215627.0,19.3,19.28,19.27,19.26,19.25,19.23,19.22,19.21,19.2,19.18,19.31,19.32,19.33,19.34,19.35,19.37,19.38,19.4,19.41,19.42,2600,5500,200,5000,5000,4200,4200,2500,7400,5900,300,20200,1000,2400,100,500,700,1300,1000,200
215.0,19.3,114600,2219487.0,19.3,19.28,19.27,19.26,19.25,19.23,19.22,19.21,19.2,19.18,19.31,19.32,19.33,19.34,19.35,19.37,19.38,19.4,19.41,19.42,2400,5500,200,5000,5000,4200,4200,2500,7400,5900,300,20200,1000,2400,100,500,700,1300,1000,200
216.0,19.31,114700,2221418.0,19.3,19.28,19.27,19.26,19.25,19.23,19.22,19.21,19.2,19.18,19.31,19.32,19.33,19.34,19.35,19.37,19.38,19.4,19.41,19.42,2400,5500,200,5000,5000,4200,4200,2500,7400,5900,200,20200,1000,2400,100,500,700,1300,1000,200
217.0,19.31,114700,2221418.0,19.3,19.28,19.27,19.26,19.25,19.23,19.22,19.21,19.2,19.18,19.31,19.32,19.33,19.34,19.37,19.38,19.4,19.41,19.42,19.43,2400,5500,200,5000,5000,4200,4200,2500,7400,5900,500,19700,1000,2400,500,700,1300,1000,200,2800
218.0,19.31,115800,2242657.0,19.31,19.3,19.29,19.28,19.27,19.26,19.25,19.23,19.22,19.21,19.32,19.33,19.34,19.37,19.38,19.4,19.41,19.42,19.43,19.44,1100,2200,1700,5500,200,5000,5000,4200,4200,2500,20700,1000,2400,500,700,1300,1000,200,2800,900
219.0,19.32,116300,2252317.0,19.31,19.3,19.29,19.28,19.27,19.26,19.25,19.23,19.22,19.21,19.32,19.33,19.34,19.37,19.38,19.4,19.41,19.42,19.43,19.44,1100,2200,1700,5500,200,5000,5000,4200,4200,2500,20200,1000,2400,500,700,1300,1000,200,2800,900
220.0,19.32,116300,2252317.0,19.31,19.3,19.29,19.28,19.27,19.26,19.25,19.23,19.22,19.21,19.32,19.33,19.34,19.37,19.38,19.4,19.41,19.42,19.43,19.44,1100,2200,1700,5500,200,5000,5000,4200,4200,2500,20200,1000,2400,500,700,1300,1000,200,2800,900
221.0,19.32,116300,2252317.0,19.31,19.3,19.29,19.28,19.27,19.26,19.25,19.23,19.22,19.21,19.32,19.33,19.34,19.37,19.38,19.4,19.41,19.42,19.43,19.44,1600,2200,1700,5500,200,5000,5000,4200,4200,2500,3300,1000,2400,500,700,1300,1000,200,2800,900
222.0,19.32,116600,2258113.0,19.31,19.3,19.29,19.28,19.27,19.26,19.25,19.23,19.22,19.21,19.32,19.33,19.34,19.37,19.38,19.4,19.41,19.42,19.43,19.44,1600,2200,1700,5500,200,5000,5000,4200,4200,2500,3000,1000,2000,500,700,1300,1000,200,2800,900
223.0,19.32,116600,2258113.0,19.31,19.3,19.29,19.28,19.27,19.26,19.25,19.23,19.22,19.21,19.32,19.33,19.34,19.37,19.38,19.4,19.41,19.42,19.43,19.44,1600,2200,1700,5500,200,5000,5000,4200,4200,2500,3000,1000,2000,500,700,1300,1000,200,2800,900
224.0,19.32,116600,2258113.0,19.31,19.3,19.29,19.28,19.27,19.26,19.25,19.23,19.22,19.21,19.32,19.33,19.34,19.37,19.38,19.4,19.41,19.42,19.43,19.44,1900,2200,1700,5500,200,5000,5000,4200,4200,2500,3000,1000,2000,100,700,1300,1000,200,2800,900
225.0,19.32,117300,2271636.0,19.31,19.3,19.29,19.28,19.27,19.26,19.25,19.23,19.22,19.21,19.32,19.33,19.34,19.37,19.38,19.4,19.41,19.42,19.43,19.44,1800,2200,1700,5500,200,5000,5000,4200,4200,2500,2400,1000,2000,100,700,1300,1000,200,2800,900
226.0,19.32,117500,2275500.0,19.31,19.3,19.29,19.28,19.27,19.26,19.25,19.23,19.22,19.21,19.32,19.33,19.34,19.37,19.38,19.4,19.41,19.42,19.43,19.44,1800,2200,1700,5500,200,5000,5000,4200,4200,2500,2200,1000,2000,100,700,1300,1000,200,2800,900
227.0,19.31,119300,2310258.0,19.3,19.29,19.28,19.27,19.26,19.25,19.23,19.22,19.21,19.2,19.31,19.32,19.33,19.34,19.37,19.38,19.4,19.41,19.42,19.43,2200,1700,5500,200,5000,5000,4200,4200,2500,7400,15600,2200,1000,2000,100,700,1300,1000,200,2800
228.0,19.31,119300,2310258.0,19.3,19.29,19.28,19.27,19.26,19.25,19.23,19.22,19.21,19.2,19.31,19.32,19.33,19.34,19.37,19.38,19.4,19.41,19.42,19.43,2200,1700,5500,200,5000,5000,4200,4200,2500,7400,15600,2200,1000,2000,100,700,1300,1000,200,2800
229.0,19.31,119300,2310258.0,19.3,19.29,19.28,19.27,19.26,19.25,19.23,19.22,19.21,19.2,19.31,19.32,19.33,19.34,19.37,19.38,19.4,19.41,19.42,19.43,2200,1700,5500,200,5000,5000,4200,4200,2500,7400,15600,2200,1000,2000,100,700,1300,1000,200,2800
230.0,19.31,119300,2310258.0,19.3,19.29,19.28,19.27,19.26,19.25,19.23,19.22,19.21,19.2,19.31,19.32,19.33,19.34,19.37,19.38,19.4,19.41,19.42,19.43,2200,1700,5500,200,5000,5000,4200,4200,1500,7400,15600,2200,1000,2000,100,700,1300,1000,200,2800
231.0,19.31,119300,2310258.0,19.3,19.29,19.28,19.27,19.26,19.25,19.23,19.22,19.21,19.2,19.31,19.32,19.33,19.34,19.37,19.38,19.4,19.41,19.42,19.43,2200,1700,5500,200,5000,5000,4200,4200,1500,7400,15600,2200,1000,2000,100,700,1300,1000,200,2800
232.0,19.3,119500,2314118.0,19.3,19.29,19.28,19.27,19.26,19.25,19.23,19.22,19.21,19.2,19.31,19.32,19.33,19.34,19.37,19.38,19.4,19.41,19.42,19.43,2000,1700,5500,200,5000,5000,4200,4200,1500,7400,17000,1000,1000,2000,100,700,1300,1000,200,2800
233.0,19.3,120400,2331493.0,19.3,19.29,19.28,19.27,19.26,19.25,19.23,19.22,19.21,19.2,19.31,19.32,19.33,19.34,19.37,19.38,19.4,19.41,19.42,19.43,1600,1700,5500,200,5000,5000,4200,4200,1500,7400,16500,1000,1000,2000,100,700,1300,1000,200,2800
234.0,19.3,120400,2331493.0,19.3,19.29,19.28,19.27,19.26,19.25,19.23,19.22,19.21,19.2,19.31,19.32,19.33,19.34,19.37,19.38,19.4,19.41,19.42,19.43,1600,1700,5500,200,5000,5000,4200,4200,1500,7400,16500,1000,1000,2000,100,700,1300,1000,200,2800
235.0,19.3,120400,2331493.0,19.3,19.29,19.28,19.27,19.26,19.25,19.23,19.22,19.21,19.2,19.31,19.32,19.33,19.34,19.37,19.38,19.4,19.41,19.42,19.43,1600,1700,5500,200,5000,5000,4200,4200,1500,7400,16500,1000,1000,2000,100,700,1300,1000,200,2800
236.0,19.31,120900,2341148.0,19.3,19.29,19.28,19.27,19.26,19.25,19.23,19.22,19.21,19.2,19.31,19.32,19.33,19.34,19.37,19.38,19.4,19.41,19.42,19.43,1600,1700,5500,200,5000,5000,4200,4200,1500,7400,16000,1000,1000,2000,100,700,1300,1000,200,2800
237.0,19.3,122600,2373968.0,19.3,19.29,19.28,19.27,19.26,19.25,19.23,19.22,19.21,19.2,19.31,19.32,19.33,19.34,19.37,19.38,19.4,19.41,19.42,19.43,900,1700,5500,200,5000,5000,4200,4200,1500,7400,15000,1000,1000,2000,100,700,1300,1000,200,2800
238.0,19.3,122600,2373968.0,19.3,19.29,19.28,19.27,19.26,19.25,19.23,19.22,19.21,19.2,19.31,19.32,19.33,19.34,19.37,19.38,19.4,19.41,19.42,19.43,900,1700,5500,200,5000,5000,4200,4200,1500,7400,15000,1000,1000,2000,100,700,1300,1000,200,2800
239.0,19.3,122600,2373968.0,19.3,19.29,19.28,19.27,19.26,19.25,19.23,19.22,19.21,19.2,19.31,19.32,19.33,19.34,19.37,19.38,19.4,19.41,19.42,19.43,900,1700,5500,200,5000,5000,4200,4200,1500,7400,15000,1000,1000,2000,100,700,1300,1000,200,2800
240.0,19.31,125500,2429967.0,19.3,19.29,19.28,19.27,19.26,19.25,19.23,19.22,19.21,19.2,19.31,19.32,19.33,19.34,19.37,19.38,19.4,19.41,19.42,19.43,900,1700,5500,200,5000,5000,4200,4200,1500,7400,12100,1000,1000,2000,100,700,1300,1000,200,2800
241.0,19.29,128100,2480130.0,19.28,19.27,19.26,19.25,19.23,19.22,19.21,19.2,19.18,19.17,19.29,19.3,19.31,19.33,19.34,19.37,19.38,19.4,19.41,19.42,5500,200,5000,5000,4200,4200,1500,7400,5900,2900,1300,4100,12100,1000,2000,100,700,1300,1000,200
242.0,19.29,128200,2482059.0,19.28,19.27,19.26,19.25,19.23,19.22,19.21,19.2,19.18,19.17,19.29,19.3,19.31,19.33,19.34,19.37,19.38,19.4,19.41,19.42,5500,200,5000,5000,4200,4200,1500,7400,5900,2900,1200,4400,12100,1000,2000,100,700,1300,1000,200
243.0,19.29,128300,2483988.0,19.28,19.27,19.26,19.25,19.23,19.22,19.21,19.2,19.18,19.17,19.29,19.3,19.31,19.33,19.34,19.37,19.38,19.4,19.41,19.42,5500,200,5000,5000,4200,4200,1500,7400,5900,2900,1100,5000,12100,1000,2000,100,700,1300,1000,200
244.0,19.29,129100,2499420.0,19.28,19.27,19.26,19.25,19.23,19.22,19.21,19.2,19.18,19.17,19.29,19.3,19.31,19.34,19.37,19.38,19.4,19.41,19.42,19.43,5500,200,5000,5000,4200,4200,1500,7400,5900,2900,300,4700,12100,2000,100,700,1300,1000,200,2800
245.0,19.29,129400,2505207.0,19.29,19.28,19.26,19.25,19.23,19.22,19.21,19.2,19.18,19.17,19.3,19.31,19.34,19.37,19.38,19.4,19.41,19.42,19.43,19.44,100,5500,5000,5000,4200,4200,1500,7400,5900,2900,4700,12100,2000,100,700,1300,1000,200,2800,900
246.0,19.3,129800,2512927.0,19.29,19.28,19.26,19.25,19.23,19.22,19.21,19.2,19.18,19.17,19.3,19.31,19.34,19.37,19.38,19.4,19.41,19.42,19.43,19.44,100,5500,5000,5000,4200,4200,1500,7400,5900,2900,4300,12100,2000,100,700,1300,1000,200,2800,900
247.0,19.3,129800,2512927.0,19.29,19.28,19.26,19.25,19.23,19.22,19.21,19.2,19.18,19.17,19.3,19.31,19.34,19.37,19.38,19.4,19.41,19.42,19.43,19.44,100,5500,5000,5000,4200,4200,1500,7400,5900,2900,4600,12100,2000,100,700,1300,1000,200,2800,900
248.0,19.3,130700,2530297.0,19.29,19.28,19.26,19.25,19.23,19.22,19.21,19.2,19.18,19.17,19.3,19.31,19.34,19.37,19.38,19.4,19.41,19.42,19.43,19.44,100,5500,5000,5300,4200,4200,1500,7400,5900,2900,3700,12100,2000,100,700,1300,1000,200,2800,900
249.0,19.3,130700,2530297.0,19.29,19.28,19.26,19.25,19.23,19.22,19.21,19.2,19.18,19.17,19.3,19.31,19.34,19.37,19.38,19.4,19.41,19.42,19.43,19.44,900,5500,5000,5300,4200,4200,1500,7400,5900,2900,3700,12100,2000,100,700,1300,1000,200,2800,900
250.0,19.3,131000,2536087.0,19.29,19.28,19.26,19.25,19.23,19.22,19.21,19.2,19.18,19.17,19.3,19.31,19.34,19.37,19.38,19.4,19.41,19.42,19.43,19.44,900,5500,5000,5300,4200,4200,1500,7400,5900,2900,3400,12100,2000,100,700,1300,1000,200,2800,900
251.0,19.3,131000,2536087.0,19.29,19.28,19.26,19.25,19.23,19.22,19.21,19.2,19.18,19.17,19.3,19.31,19.34,19.37,19.38,19.4,19.41,19.42,19.43,19.44,900,5500,5000,5300,4200,4200,1500,7400,5900,2900,3400,1400,2000,100,700,1300,1000,200,2800,900
252.0,19.3,131000,2536087.0,19.29,19.28,19.26,19.25,19.23,19.22,19.21,19.2,19.18,19.17,19.3,19.31,19.34,19.37,19.38,19.4,19.41,19.42,19.43,19.44,900,5500,5000,5300,4200,4200,1500,7400,5900,2900,3400,1400,2000,100,700,1300,1000,200,2800,900
253.0,19.3,131300,2541877.0,19.29,19.28,19.26,19.25,19.23,19.22,19.21,19.2,19.18,19.17,19.3,19.31,19.34,19.37,19.38,19.4,19.41,19.42,19.43,19.44,900,5500,5000,5300,4200,4200,1500,7400,5900,2900,3100,1400,2000,100,700,1300,1000,200,2800,900
254.0,19.28,132700,2568878.0,19.28,19.26,19.25,19.23,19.22,19.21,19.2,19.18,19.17,19.16,19.3,19.31,19.34,19.37,19.38,19.4,19.41,19.42,19.43,19.44,5000,5000,5300,4200,4400,1500,7400,5900,2900,7400,3100,1400,2000,100,700,1300,1000,200,2800,900
255.0,19.28,132700,2568878.0,19.29,19.28,19.26,19.25,19.23,19.22,19.21,19.2,19.18,19.17,19.3,19.31,19.34,19.37,19.38,19.4,19.41,19.42,19.43,19.44,1100,5000,5000,5300,4200,4400,1500,7400,5900,2900,3100,1400,2000,100,700,1000,1000,200,2800,900
256.0,19.28,139100,2692287.0,19.26,19.25,19.23,19.22,19.21,19.2,19.18,19.17,19.16,19.13,19.28,19.3,19.31,19.34,19.37,19.38,19.4,19.41,19.42,19.43,5000,5300,4200,4400,1500,7400,5900,2900,7400,2500,6800,2500,1400,2000,100,700,1000,1000,200,2800
257.0,19.28,139100,2692287.0,19.26,19.25,19.23,19.22,19.21,19.2,19.18,19.17,19.16,19.13,19.28,19.3,19.31,19.34,19.37,19.38,19.4,19.41,19.42,19.43,5000,5300,4200,4400,1500,7400,5900,2900,7400,2500,6800,2500,1400,2000,100,700,1000,1000,200,2800
258.0,19.28,139100,2692287.0,19.26,19.25,19.23,19.22,19.21,19.2,19.18,19.17,19.16,19.13,19.28,19.3,19.31,19.34,19.37,19.38,19.4,19.41,19.42,19.43,5000,5300,4200,4400,1500,7400,5900,2900,7400,2500,6800,2500,1400,2000,100,700,1000,1000,200,2800
259.0,19.28,139600,2701927.0,19.26,19.25,19.23,19.22,19.21,19.2,19.18,19.17,19.16,19.13,19.28,19.3,19.31,19.34,19.37,19.38,19.4,19.41,19.42,19.43,5000,5300,4200,4400,1500,7400,5900,2900,7400,2500,6300,2500,1400,2000,100,700,1000,1000,200,2800
260.0,19.26,142900,2765505.0,19.26,19.25,19.23,19.22,19.21,19.2,19.18,19.17,19.16,19.13,19.28,19.3,19.31,19.34,19.37,19.38,19.4,19.41,19.42,19.43,2700,5300,4200,4400,1500,7400,5900,2900,7400,2500,5300,2500,1400,2000,100,700,1000,1000,200,2800
261.0,19.26,142900,2765505.0,19.26,19.25,19.23,19.22,19.21,19.2,19.18,19.17,19.16,19.13,19.28,19.3,19.31,19.34,19.37,19.38,19.4,19.41,19.42,19.43,2700,5300,4200,4400,1500,7400,5900,2900,7400,2500,5300,2500,1400,2000,100,700,1000,1000,200,2800
262.0,19.28,143600,2778997.0,19.26,19.25,19.23,19.22,19.21,19.2,19.18,19.17,19.16,19.13,19.28,19.3,19.31,19.34,19.37,19.38,19.4,19.41,19.42,19.43,2500,5300,4200,4400,1500,7400,5900,2900,7400,2500,4800,2500,1400,2000,100,700,1000,1000,200,2800
263.0,19.28,143600,2778997.0,19.26,19.25,19.23,19.22,19.21,19.2,19.18,19.17,19.16,19.13,19.28,19.3,19.31,19.34,19.37,19.38,19.4,19.41,19.42,19.43,2500,5300,4200,4400,1500,7400,5900,2900,7400,2500,4800,2500,1400,2000,100,700,1000,1000,200,2800
264.0,19.28,143600,2778997.0,19.26,19.25,19.23,19.22,19.21,19.2,19.18,19.17,19.16,19.13,19.28,19.3,19.31,19.34,19.37,19.38,19.4,19.41,19.42,19.43,2500,5300,4200,4400,1500,7400,5900,2900,7400,2500,4800,2500,1400,2000,100,700,1000,1000,200,2800
265.0,19.26,148300,2869519.0,19.25,19.23,19.22,19.21,19.2,19.18,19.17,19.16,19.13,19.11,19.26,19.28,19.3,19.31,19.34,19.37,19.38,19.4,19.41,19.42,5300,4200,4400,1500,7400,5900,2900,7400,2500,1000,200,4800,2500,1400,2000,100,700,1000,1000,200
266.0,19.26,148500,2873371.0,19.26,19.25,19.23,19.22,19.21,19.2,19.18,19.17,19.16,19.13,19.28,19.3,19.31,19.34,19.37,19.38,19.4,19.41,19.42,19.43,1100,5300,4200,4400,1500,7400,5900,2900,7400,2500,4800,2500,1400,2000,100,700,1000,1000,200,2800
267.0,19.25,150300,2908032.0,19.25,19.23,19.22,19.21,19.2,19.18,19.17,19.16,19.13,19.11,19.26,19.28,19.3,19.31,19.34,19.37,19.38,19.4,19.41,19.42,4600,4200,4400,1500,7400,5900,2900,7400,2500,1000,2500,4800,2500,1400,2000,100,700,1000,1000,200
268.0,19.25,150300,2908032.0,19.25,19.23,19.22,19.21,19.2,19.18,19.17,19.16,19.13,19.11,19.26,19.28,19.3,19.31,19.34,19.37,19.38,19.4,19.41,19.42,4600,4200,4400,1500,7400,5900,2900,7400,2500,1000,2500,4800,2500,1400,2000,100,700,1000,1000,200
269.0,19.26,151700,2934992.0,19.25,19.23,19.22,19.21,19.2,19.18,19.17,19.16,19.13,19.11,19.26,19.28,19.3,19.31,19.34,19.37,19.38,19.4,19.41,19.42,4200,4200,4400,1500,7400,5900,2900,7400,2500,1000,1500,4800,2500,1400,2000,100,700,1000,1000,200
270.0,19.26,153200,2963882.0,19.27,19.25,19.23,19.22,19.21,19.2,19.18,19.17,19.16,19.13,19.28,19.3,19.31,19.34,19.37,19.38,19.4,19.41,19.42,19.43,300,4200,4200,4400,1500,7400,5900,2900,7400,2500,4800,2500,1400,2000,100,700,1000,1000,200,2800
271.0,19.26,153200,2963882.0,19.27,19.25,19.23,19.22,19.21,19.2,19.18,19.17,19.16,19.13,19.28,19.3,19.31,19.34,19.37,19.38,19.4,19.41,19.42,19.43,300,4200,4200,4400,1500,7400,5900,2900,7400,2500,4800,2500,1400,2000,100,700,1000,1000,200,2800
272.0,19.25,159400,3083277.0,19.27,19.23,19.22,19.21,19.2,19.18,19.17,19.16,19.13,19.11,19.28,19.3,19.31,19.34,19.37,19.38,19.4,19.41,19.42,19.43,300,4200,4400,1500,7400,5900,2900,7400,2500,1000,3500,2500,1400,2000,100,700,1000,1000,200,2800
273.0,19.27,160100,3096767.0,19.23,19.22,19.21,19.2,19.18,19.17,19.16,19.13,19.11,19.1,19.24,19.28,19.3,19.31,19.34,19.37,19.38,19.4,19.41,19.42,4200,4400,1500,7400,5900,2900,7400,2500,1000,600,400,3400,2500,1400,2000,100,700,1000,1000,200
274.0,19.24,160500,3104463.0,19.27,19.23,19.22,19.21,19.2,19.18,19.17,19.16,19.13,19.11,19.28,19.3,19.31,19.34,19.37,19.38,19.4,19.41,19.42,19.43,400,4200,4400,1500,7400,5900,2900,7400,2500,1000,3400,2500,1400,2000,100,700,1000,1000,200,2800
275.0,19.25,162100,3135281.0,19.23,19.22,19.21,19.2,19.18,19.17,19.16,19.13,19.11,19.1,19.25,19.28,19.3,19.31,19.34,19.37,19.38,19.4,19.41,19.42,4200,4400,1500,7400,5900,2900,7400,2500,1000,600,1500,3100,2500,1400,2000,100,700,1000,1000,200
276.0,19.23,162500,3142973.0,19.23,19.22,19.21,19.2,19.18,19.17,19.16,19.13,19.11,19.1,19.25,19.28,19.3,19.31,19.34,19.37,19.38,19.4,19.41,19.42,3800,4400,1500,7400,5900,2900,7400,2500,1000,600,1500,3100,2500,1400,2000,100,700,1000,1000,200
277.0,19.25,163700,3166073.0,19.23,19.22,19.21,19.2,19.18,19.17,19.16,19.13,19.11,19.1,19.25,19.27,19.28,19.3,19.31,19.34,19.37,19.38,19.4,19.41,5500,4400,2000,7400,5900,2900,7400,2500,1000,600,300,200,3100,2500,1400,2000,100,700,1000,1000
278.0,19.25,164000,3171848.0,19.25,19.23,19.22,19.21,19.2,19.18,19.17,19.16,19.13,19.11,19.27,19.28,19.3,19.31,19.34,19.37,19.38,19.4,19.41,19.42,3000,5500,4400,2000,7400,5900,2900,7400,2500,1000,200,3100,600,1400,2000,100,700,1000,1000,200
279.0,19.25,164100,3173773.0,19.25,19.23,19.22,19.21,19.2,19.18,19.17,19.16,19.13,19.11,19.27,19.3,19.31,19.34,19.37,19.38,19.4,19.41,19.42,19.43,5400,5500,4400,2000,7400,5900,2900,7400,2500,1000,200,600,1400,2000,100,700,1000,1000,200,2800
280.0,19.26,165700,3204599.0,19.26,19.25,19.23,19.22,19.21,19.2,19.18,19.17,19.16,19.13,19.3,19.31,19.34,19.37,19.38,19.4,19.41,19.42,19.43,19.44,700,6500,5500,4400,2000,7400,5900,2900,7400,2500,600,1400,2000,100,700,1000,1000,200,2800,900
281.0,19.3,165800,3206529.0,19.26,19.25,19.23,19.22,19.21,19.2,19.18,19.17,19.16,19.13,19.3,19.31,19.34,19.37,19.38,19.4,19.41,19.42,19.43,19.44,900,6500,5500,4400,2000,7400,5900,2900,7400,2500,1300,1400,2000,100,700,1000,1000,200,2800,900
282.0,19.3,165800,3206529.0,19.27,19.26,19.25,19.23,19.22,19.21,19.2,19.18,19.17,19.16,19.3,19.31,19.34,19.37,19.38,19.4,19.41,19.42,19.43,19.44,400,1100,6500,5500,4400,2000,7400,5900,2900,7400,1600,1400,2000,100,700,1000,1000,200,2800,900
283.0,19.3,172900,3343233.0,19.26,19.25,19.24,19.23,19.22,19.21,19.2,19.18,19.17,19.16,19.3,19.31,19.34,19.37,19.38,19.4,19.41,19.42,19.43,19.44,200,1100,4300,5500,4400,2300,7400,5900,2900,7400,1400,1400,2000,100,700,1000,1000,200,2800,900
284.0,19.3,173200,3349023.0,19.27,19.26,19.25,19.24,19.23,19.22,19.21,19.2,19.18,19.17,19.3,19.31,19.34,19.37,19.38,19.4,19.41,19.42,19.43,19.44,400,1200,1100,4300,5500,4400,2300,7900,5900,2900,2100,1400,2000,100,700,1000,1000,200,2800,900
285.0,19.3,173200,3349023.0,19.27,19.26,19.25,19.24,19.23,19.22,19.21,19.2,19.18,19.17,19.3,19.31,19.34,19.37,19.38,19.4,19.41,19.42,19.43,19.44,400,1600,1100,4300,5500,4400,2300,7900,5900,2900,2500,1400,2000,100,700,1000,1000,200,2800,900
286.0,19.3,173200,3349023.0,19.27,19.26,19.25,19.24,19.23,19.22,19.21,19.2,19.18,19.17,19.3,19.31,19.34,19.37,19.38,19.4,19.41,19.42,19.43,19.44,1400,1600,1100,4300,5500,4400,2300,7900,5900,2900,3700,1400,2000,100,700,1000,1000,200,2800,900
287.0,19.3,173400,3352883.0,19.27,19.26,19.25,19.24,19.23,19.22,19.21,19.2,19.18,19.17,19.3,19.31,19.34,19.37,19.38,19.4,19.41,19.42,19.43,19.44,1800,1600,1100,4300,5500,4400,2300,7900,5900,2900,3900,1400,2000,100,700,1000,1000,200,2800,900
288.0,19.3,173700,3358673.0,19.27,19.26,19.25,19.24,19.23,19.22,19.21,19.2,19.18,19.17,19.3,19.31,19.34,19.37,19.38,19.4,19.41,19.42,19.43,19.44,2000,1600,1100,4300,5500,4400,2300,7900,5900,2900,3800,1400,2000,100,700,1000,1000,200,2800,900
289.0,19.3,173700,3358673.0,19.27,19.26,19.25,19.24,19.23,19.22,19.21,19.2,19.18,19.17,19.3,19.31,19.34,19.37,19.38,19.4,19.41,19.42,19.43,19.44,2400,1600,1300,4300,5500,4400,2300,7900,5900,2900,4200,1400,2000,100,700,1000,1000,200,2800,900
290.0,19.3,173700,3358673.0,19.28,19.27,19.26,19.25,19.24,19.23,19.22,19.21,19.2,19.18,19.3,19.31,19.34,19.37,19.38,19.4,19.41,19.42,19.43,19.44,200,2400,1600,1300,4300,5500,4400,2300,7900,5900,4200,1400,2000,100,700,1000,1000,200,2800,900
291.0,19.3,174500,3374113.0,19.28,19.27,19.26,19.25,19.24,19.23,19.22,19.21,19.2,19.18,19.3,19.31,19.34,19.37,19.38,19.4,19.41,19.42,19.43,19.44,200,2400,1600,1300,4300,5500,4400,2300,7900,5900,3400,1400,2000,100,700,1000,1000,200,2800,900
292.0,19.27,174800,3379896.0,19.27,19.26,19.25,19.24,19.23,19.22,19.21,19.2,19.18,19.17,19.3,19.31,19.34,19.37,19.38,19.4,19.41,19.42,19.43,19.44,2300,1600,1300,4300,5500,4400,2300,7900,5900,2900,3400,1400,2000,100,700,1000,1000,200,2800,900
293.0,19.27,174800,3379896.0,19.27,19.26,19.25,19.24,19.23,19.22,19.21,19.2,19.18,19.17,19.3,19.31,19.34,19.37,19.38,19.4,19.41,19.42,19.43,19.44,2500,1600,1300,4300,5500,4400,2300,7900,5900,2900,3600,1400,2000,100,700,1000,1000,200,2800,900
294.0,19.3,175100,3385686.0,19.27,19.26,19.25,19.24,19.23,19.22,19.21,19.2,19.18,19.17,19.3,19.31,19.34,19.37,19.38,19.4,19.41,19.42,19.43,19.44,2900,1600,1300,4300,5000,4400,2300,7900,5900,5900,3700,1400,2000,100,700,1000,1000,200,2800,900
295.0,19.3,175800,3399196.0,19.27,19.26,19.25,19.24,19.23,19.22,19.21,19.2,19.18,19.17,19.3,19.31,19.34,19.37,19.38,19.4,19.41,19.42,19.43,19.44,3100,1600,1300,4300,5000,4400,2300,7900,5900,5900,3200,1400,2000,100,700,1000,1000,200,2800,900
296.0,19.3,175800,3399196.0,19.27,19.26,19.25,19.24,19.23,19.22,19.21,19.2,19.18,19.17,19.3,19.31,19.34,19.37,19.38,19.4,19.41,19.42,19.43,19.44,3100,1600,1300,4300,5000,4400,2300,7900,5900,5900,3600,1400,2000,100,700,1000,1000,200,2800,900
297.0,19.3,176100,3404986.0,19.27,19.26,19.25,19.24,19.23,19.22,19.21,19.2,19.18,19.17,19.3,19.31,19.34,19.37,19.38,19.4,19.41,19.42,19.43,19.44,3500,1600,1300,4300,5000,4400,2300,7900,5900,5900,3300,1400,2000,100,700,1000,1000,200,2800,900
298.0,19.3,176400,3410776.0,19.28,19.27,19.26,19.25,19.24,19.23,19.22,19.21,19.2,19.18,19.3,19.31,19.34,19.37,19.38,19.4,19.41,19.42,19.43,19.44,200,3700,1600,1300,4300,5000,4400,2300,7900,5900,3200,1400,2000,100,700,1000,1000,200,2800,900
299.0,19.3,176400,3410776.0,19.28,19.27,19.26,19.25,19.24,19.23,19.22,19.21,19.2,19.18,19.29,19.3,19.31,19.34,19.37,19.38,19.4,19.41,19.42,19.43,200,3700,1600,1300,4300,5000,4400,1800,7900,5900,6500,3200,1400,2000,100,700,1000,1000,200,2800
300.0,19.27,178700,3455109.0,19.27,19.26,19.25,19.24,19.23,19.22,19.21,19.2,19.18,19.17,19.29,19.3,19.31,19.34,19.37,19.38,19.4,19.41,19.42,19.43,2100,1600,1300,4300,5000,4400,1800,7900,5900,5900,6000,3200,1400,2000,100,700,1000,1000,200,2800
301.0,19.27,179800,3476306.0,19.27,19.26,19.25,19.24,19.23,19.22,19.21,19.2,19.18,19.17,19.29,19.3,19.31,19.34,19.37,19.38,19.4,19.41,19.42,19.43,1000,1600,1300,4300,5000,4400,1800,7900,5900,5900,6000,3200,1400,2000,100,700,1000,1000,200,2800
302.0,19.27,179800,3476306.0,19.27,19.26,19.25,19.24,19.23,19.22,19.21,19.2,19.18,19.17,19.29,19.3,19.31,19.34,19.37,19.38,19.4,19.41,19.42,19.43,1000,1600,1300,4300,5000,4400,1800,7900,5900,5900,6000,3200,1400,2000,100,700,1000,1000,200,2800
303.0,19.27,179800,3476306.0,19.27,19.26,19.25,19.24,19.23,19.22,19.21,19.2,19.18,19.17,19.29,19.3,19.31,19.34,19.37,19.38,19.4,19.41,19.42,19.43,1000,1600,1300,4300,5000,4400,1800,7900,5900,5900,9700,3200,1400,2000,100,700,1000,1000,200,2800
304.0,19.27,188500,3644121.0,19.27,19.26,19.25,19.24,19.23,19.22,19.21,19.2,19.18,19.17,19.29,19.3,19.31,19.34,19.37,19.38,19.4,19.41,19.42,19.43,1200,1600,1300,4300,5000,4400,1800,7900,5900,5900,1400,3200,1400,2000,100,700,1000,1000,200,2800
305.0,19.29,188600,3646050.0,19.27,19.26,19.25,19.24,19.23,19.22,19.21,19.2,19.18,19.17,19.29,19.3,19.31,19.34,19.37,19.38,19.4,19.41,19.42,19.43,1600,1600,1300,4300,5000,4400,1800,7900,5900,5900,1300,3200,1400,2000,100,700,1000,1000,200,2800
306.0,19.29,188600,3646050.0,19.27,19.26,19.25,19.24,19.23,19.22,19.21,19.2,19.18,19.17,19.29,19.3,19.31,19.34,19.37,19.38,19.4,19.41,19.42,19.43,1900,1600,1300,4300,5000,4400,1800,7900,5900,5900,1300,3200,1400,2000,100,700,1000,1000,200,2800
307.0,19.29,188900,3651837.0,19.27,19.26,19.25,19.24,19.23,19.22,19.21,19.2,19.18,19.17,19.29,19.3,19.31,19.34,19.37,19.38,19.4,19.41,19.42,19.43,1900,1600,1600,4300,5000,4400,1800,7900,5900,5900,1000,3200,1400,2000,100,700,1000,1000,200,2800
308.0,19.29,188900,3651837.0,19.27,19.26,19.25,19.24,19.23,19.22,19.21,19.2,19.18,19.17,19.29,19.3,19.31,19.34,19.37,19.38,19.4,19.41,19.42,19.43,1900,1600,1600,4300,5000,4400,1800,7900,5900,5900,1000,3200,1400,2000,100,700,1000,1000,200,2800
309.0,19.29,189000,3653766.0,19.27,19.26,19.25,19.24,19.23,19.22,19.21,19.2,19.18,19.17,19.29,19.3,19.31,19.34,19.37,19.38,19.4,19.41,19.42,19.43,1900,1600,1600,4300,5000,4400,1800,7900,5900,5900,900,3200,1400,2000,100,700,1000,1000,200,2800
310.0,19.29,189000,3653766.0,19.27,19.26,19.25,19.24,19.23,19.22,19.21,19.2,19.18,19.17,19.29,19.3,19.31,19.34,19.37,19.38,19.4,19.41,19.42,19.43,1900,1600,2000,4300,5000,4400,1800,7900,5900,5900,900,3200,1400,2000,100,700,1000,1000,200,2800
311.0,19.29,189000,3653766.0,19.28,19.27,19.26,19.25,19.24,19.23,19.22,19.21,19.2,19.18,19.29,19.3,19.31,19.34,19.37,19.38,19.4,19.41,19.42,19.43,600,2500,1600,2000,4300,5000,4400,1800,7900,5900,900,3200,1400,2000,100,700,1000,1000,200,2800
312.0,19.29,189000,3653766.0,19.28,19.27,19.26,19.25,19.24,19.23,19.22,19.21,19.2,19.18,19.29,19.3,19.31,19.34,19.37,19.38,19.4,19.41,19.42,19.43,600,2500,1600,2000,4300,5000,4400,1800,7900,5900,900,3200,1400,2000,100,700,1000,1000,200,2800
313.0,19.29,189000,3653766.0,19.28,19.27,19.26,19.25,19.24,19.23,19.22,19.21,19.2,19.18,19.29,19.3,19.31,19.34,19.37,19.38,19.4,19.41,19.42,19.43,600,2500,1600,2000,4300,5000,4400,1800,7900,5900,900,3200,1400,2000,100,700,1000,1000,200,2800
314.0,19.29,189000,3653766.0,19.28,19.27,19.26,19.25,19.24,19.23,19.22,19.21,19.2,19.18,19.29,19.3,19.31,19.34,19.37,19.38,19.4,19.41,19.42,19.43,600,3000,1600,2000,4300,5000,4400,1800,7900,5900,900,3200,1400,2000,100,700,1000,1000,200,2800
315.0,19.29,189000,3653766.0,19.28,19.27,19.26,19.25,19.24,19.23,19.22,19.21,19.2,19.18,19.29,19.3,19.31,19.34,19.37,19.38,19.4,19.41,19.42,19.43,600,3000,1600,2000,4300,5000,4400,1800,7900,5900,900,3200,1400,2000,100,700,1000,1000,200,2800
316.0,19.29,189000,3653766.0,19.28,19.27,19.26,19.25,19.24,19.23,19.22,19.21,19.2,19.18,19.29,19.3,19.31,19.34,19.37,19.38,19.4,19.41,19.42,19.43,600,3000,1600,2000,4300,5000,4400,1800,7900,5900,900,3200,1400,2000,100,700,1000,1000,200,2800
317.0,19.27,190500,3682677.0,19.27,19.26,19.25,19.24,19.23,19.22,19.21,19.2,19.18,19.17,19.29,19.3,19.31,19.34,19.37,19.38,19.4,19.41,19.42,19.43,2100,1400,2000,4300,6200,4400,1800,7900,5900,5900,900,3200,1400,2000,100,700,1000,1000,200,2800
318.0,19.29,190600,3684606.0,19.28,19.27,19.26,19.25,19.24,19.23,19.22,19.21,19.2,19.18,19.29,19.3,19.31,19.34,19.37,19.38,19.4,19.41,19.42,19.43,700,2100,1400,2000,4300,6200,4400,1800,7900,5900,800,3200,1400,2000,100,700,1000,1000,200,2800
319.0,19.29,190600,3684606.0,19.28,19.27,19.26,19.25,19.24,19.23,19.22,19.21,19.2,19.18,19.29,19.3,19.31,19.34,19.37,19.38,19.4,19.41,19.42,19.43,700,2100,1400,3000,4300,6200,4400,1800,7900,5900,800,3200,1400,2000,100,700,1000,1000,200,2800
320.0,19.29,191300,3698109.0,19.28,19.27,19.26,19.25,19.24,19.23,19.22,19.21,19.2,19.18,19.29,19.3,19.31,19.34,19.37,19.38,19.4,19.41,19.42,19.43,700,2300,2000,9000,4300,6200,4400,1800,7900,5900,200,3200,1400,2000,100,700,1000,1000,200,2800
321.0,19.29,191300,3698109.0,19.28,19.27,19.26,19.25,19.24,19.23,19.22,19.21,19.2,19.18,19.29,19.3,19.31,19.34,19.37,19.38,19.4,19.41,19.42,19.43,700,2300,2000,9000,4300,6200,4400,1800,7900,5900,200,3200,1400,2000,100,700,1000,1000,200,2800
322.0,19.29,191300,3698109.0,19.28,19.27,19.26,19.25,19.24,19.23,19.22,19.21,19.2,19.18,19.29,19.3,19.31,19.34,19.37,19.38,19.4,19.41,19.42,19.43,700,2300,2000,9000,4300,6200,4400,1800,7900,5900,200,3200,1400,2000,100,700,1000,1000,200,2800
323.0,19.29,191500,3701967.0,19.29,19.28,19.27,19.26,19.25,19.24,19.23,19.22,19.21,19.2,19.3,19.31,19.34,19.37,19.38,19.4,19.41,19.42,19.43,19.44,200,700,2300,2000,9000,4300,6200,4400,1800,7900,3200,1400,2000,100,700,1000,1000,200,2800,900
324.0,19.29,191500,3701967.0,19.29,19.28,19.27,19.26,19.25,19.24,19.23,19.22,19.21,19.2,19.3,19.31,19.34,19.37,19.38,19.4,19.41,19.42,19.43,19.44,200,700,2300,2000,9000,4300,6200,4400,1800,7900,3200,1400,2000,100,700,1000,1000,200,2800,900
325.0,19.29,191500,3701967.0,19.29,19.28,19.27,19.26,19.25,19.24,19.23,19.22,19.21,19.2,19.3,19.31,19.34,19.37,19.38,19.4,19.41,19.42,19.43,19.44,200,700,2300,2000,9000,4300,6200,4400,1800,7900,3200,1400,2000,100,700,1000,1000,200,2800,900
326.0,19.3,191800,3707757.0,19.29,19.28,19.27,19.26,19.25,19.24,19.23,19.22,19.21,19.2,19.3,19.31,19.34,19.37,19.38,19.4,19.41,19.42,19.43,19.44,300,700,2300,2000,9000,4300,6200,4400,1800,7900,2900,1400,2000,100,700,1000,1000,200,2800,900
327.0,19.28,193000,3730900.0,19.27,19.26,19.25,19.24,19.23,19.22,19.21,19.2,19.18,19.17,19.28,19.3,19.31,19.34,19.37,19.38,19.4,19.41,19.42,19.43,2300,2000,9000,4300,6200,4400,1800,7900,5900,5900,3900,2700,1400,2000,100,700,1000,1000,200,2800
328.0,19.28,193000,3730900.0,19.27,19.26,19.25,19.24,19.23,19.22,19.21,19.2,19.18,19.17,19.28,19.3,19.31,19.34,19.37,19.38,19.4,19.41,19.42,19.43,2300,2000,9000,4300,6200,4400,1800,7900,5900,5900,3900,2700,1400,2000,100,700,1000,1000,200,2800
329.0,19.28,193300,3736684.0,19.27,19.26,19.25,19.24,19.23,19.22,19.21,19.2,19.18,19.17,19.28,19.3,19.31,19.34,19.37,19.38,19.4,19.41,19.42,19.43,2300,2000,9500,4300,6200,4400,1800,7900,5900,5900,3600,2700,1400,2000,100,700,1000,1000,200,2800
330.0,19.28,194000,3750180.0,19.27,19.26,19.25,19.24,19.23,19.22,19.21,19.2,19.18,19.17,19.28,19.3,19.31,19.34,19.37,19.38,19.4,19.41,19.42,19.43,2300,2000,9500,4300,6200,4400,1800,7900,5900,5900,2900,2700,1400,2000,100,700,1000,1000,200,2800
331.0,19.28,194100,3752108.0,19.27,19.26,19.25,19.24,19.23,19.22,19.21,19.2,19.18,19.17,19.28,19.3,19.31,19.34,19.37,19.38,19.4,19.41,19.42,19.43,2300,2000,9500,4300,6200,4400,1800,7900,5900,5900,2800,2700,1400,2000,100,700,1000,1000,200,2800
332.0,19.28,194100,3752108.0,19.27,19.26,19.25,19.24,19.23,19.22,19.21,19.2,19.18,19.17,19.28,19.3,19.31,19.34,19.37,19.38,19.4,19.41,19.42,19.43,2300,2000,9500,4300,6200,4400,1800,7900,5900,5900,2800,6700,1400,2000,100,700,1000,1000,200,2800
333.0,19.28,194300,3755964.0,19.27,19.26,19.25,19.24,19.23,19.22,19.21,19.2,19.18,19.17,19.28,19.3,19.31,19.34,19.37,19.38,19.4,19.41,19.42,19.43,2300,2000,9100,4300,6200,4400,1800,7900,5900,5900,2600,6700,1400,2000,100,700,1000,1000,200,2800
334.0,19.28,194400,3757892.0,19.27,19.26,19.25,19.24,19.23,19.22,19.21,19.2,19.18,19.17,19.28,19.3,19.31,19.34,19.37,19.38,19.4,19.41,19.42,19.43,2300,2000,9100,4300,6200,4400,1800,7900,5900,5900,2500,6700,1400,2000,100,700,1000,1000,200,2800
335.0,19.28,194600,3761748.0,19.27,19.26,19.25,19.24,19.23,19.22,19.21,19.2,19.18,19.17,19.28,19.3,19.31,19.34,19.37,19.38,19.4,19.41,19.42,19.43,2800,2000,9100,4300,6200,4400,1800,7900,5900,5900,2300,6700,1400,2000,100,700,1000,1000,200,2800
336.0,19.28,194800,3765604.0,19.27,19.26,19.25,19.24,19.23,19.22,19.21,19.2,19.18,19.17,19.28,19.3,19.31,19.34,19.37,19.38,19.4,19.41,19.42,19.43,2800,2000,9100,4300,6200,4400,1800,7900,5900,5900,2100,6700,1400,2000,100,700,1000,1000,200,2800
337.0,19.28,194800,3765604.0,19.27,19.26,19.25,19.23,19.22,19.21,19.2,19.18,19.17,19.16,19.28,19.3,19.31,19.34,19.37,19.38,19.4,19.41,19.42,19.43,2800,2000,9100,6200,4400,1800,7900,5900,5900,7400,2100,6700,1400,2000,100,700,1000,1000,200,2800
338.0,19.28,194800,3765604.0,19.27,19.26,19.25,19.23,19.22,19.21,19.2,19.18,19.17,19.16,19.28,19.3,19.31,19.34,19.37,19.38,19.4,19.41,19.42,19.43,2800,2000,9100,6200,4400,1800,7900,5900,5900,7400,2100,6700,1400,2000,100,700,1000,1000,200,2800
339.0,19.28,195000,3769460.0,19.27,19.26,19.25,19.23,19.22,19.21,19.2,19.18,19.17,19.16,19.28,19.3,19.31,19.34,19.37,19.38,19.4,19.41,19.42,19.43,2800,2000,9100,6200,4400,1800,7900,5900,5900,7400,1900,6700,1400,2000,100,700,1000,1000,200,2800
340.0,19.28,195300,3775244.0,19.27,19.26,19.25,19.23,19.22,19.21,19.2,19.18,19.17,19.16,19.28,19.3,19.31,19.34,19.37,19.38,19.4,19.41,19.42,19.43,2800,2000,9100,6200,4400,1800,7900,5900,5900,7400,1600,6700,1400,2000,100,700,1000,1000,200,2800
341.0,19.28,195600,3781028.0,19.27,19.26,19.25,19.23,19.22,19.21,19.2,19.18,19.17,19.16,19.28,19.3,19.31,19.34,19.37,19.38,19.4,19.41,19.42,19.43,2800,2000,9100,6200,4400,1800,7900,5900,5900,7400,1400,6700,1400,2000,100,700,1000,1000,200,2800
342.0,19.28,197000,3808020.0,19.28,19.27,19.26,19.25,19.23,19.22,19.21,19.2,19.18,19.17,19.3,19.31,19.34,19.37,19.38,19.4,19.41,19.42,19.43,19.44,300,2800,2000,9100,6200,4400,1800,7900,5900,5900,6700,1400,2000,100,700,1000,1000,200,2800,900
343.0,19.28,197000,3808020.0,19.28,19.27,19.26,19.25,19.23,19.22,19.21,19.2,19.18,19.17,19.3,19.31,19.34,19.37,19.38,19.4,19.41,19.42,19.43,19.44,300,2800,2400,9100,6200,4400,1800,8900,5900,5900,6700,1400,2000,100,700,1000,1000,200,2800,900
344.0,19.28,197000,3808020.0,19.28,19.27,19.26,19.25,19.23,19.22,19.21,19.2,19.18,19.17,19.3,19.31,19.34,19.37,19.38,19.4,19.41,19.42,19.43,19.44,300,2800,2400,9100,6200,4400,1800,8900,5900,5900,6700,1400,2000,100,700,1000,1000,200,2800,900
345.0,19.28,197000,3808020.0,19.28,19.27,19.26,19.25,19.23,19.22,19.21,19.2,19.18,19.17,19.3,19.31,19.34,19.37,19.38,19.4,19.41,19.42,19.43,19.44,300,2800,2400,9100,6200,4400,1800,8900,5900,5900,6700,1400,2000,100,700,1000,1000,200,2800,900
346.0,19.3,197500,3817670.0,19.28,19.27,19.26,19.25,19.23,19.22,19.21,19.2,19.18,19.17,19.3,19.31,19.34,19.37,19.38,19.4,19.41,19.42,19.43,19.44,300,2800,2400,9100,6200,4400,1800,8900,5900,5900,6200,1400,2000,100,700,1000,1000,200,2800,900
347.0,19.3,197500,3817670.0,19.28,19.27,19.26,19.25,19.23,19.22,19.21,19.2,19.18,19.17,19.3,19.31,19.34,19.37,19.38,19.4,19.41,19.42,19.43,19.44,300,2800,6700,9100,6200,4400,1800,8900,5900,5900,6200,1400,2000,100,700,1000,1000,200,2800,900
348.0,19.3,197500,3817670.0,19.28,19.27,19.26,19.25,19.23,19.22,19.21,19.2,19.18,19.17,19.3,19.31,19.34,19.37,19.38,19.4,19.41,19.42,19.43,19.44,300,2800,6700,9100,6200,4400,1800,8900,5900,5900,6200,1400,2000,100,700,1000,1000,200,2800,900
349.0,19.3,198100,3829250.0,19.28,19.27,19.26,19.25,19.23,19.22,19.21,19.2,19.18,19.17,19.3,19.31,19.34,19.37,19.38,19.4,19.41,19.42,19.43,19.44,300,2800,6700,9100,6200,4400,1800,8900,5900,5900,5600,1400,2000,100,700,1000,1000,200,2800,900
350.0,19.3,198700,3840830.0,19.28,19.27,19.26,19.25,19.23,19.22,19.21,19.2,19.18,19.17,19.3,19.31,19.34,19.37,19.38,19.4,19.41,19.42,19.43,19.44,300,2800,6700,9100,6200,4400,1800,8900,5900,5900,5000,1400,2000,100,700,1000,1000,200,2800,900
351.0,19.3,198700,3840830.0,19.28,19.27,19.26,19.25,19.23,19.22,19.21,19.2,19.18,19.17,19.29,19.3,19.31,19.34,19.37,19.38,19.4,19.41,19.42,19.43,300,2800,6700,9100,6200,4400,1800,8900,5900,5900,1100,5000,1400,2000,100,700,1000,1000,200,2800
352.0,19.29,199000,3846617.0,19.28,19.27,19.26,19.25,19.23,19.22,19.21,19.2,19.18,19.17,19.29,19.3,19.31,19.34,19.37,19.38,19.4,19.41,19.42,19.43,700,2800,6700,9100,6200,4400,1800,8900,5900,5900,800,5000,1400,2000,100,700,1000,1000,200,2800
353.0,19.29,199100,3848546.0,19.28,19.27,19.26,19.25,19.23,19.22,19.21,19.2,19.18,19.17,19.29,19.3,19.31,19.34,19.37,19.38,19.4,19.41,19.42,19.43,700,2800,6700,9100,6200,4400,1800,8900,5900,5900,700,5000,1400,2000,100,700,1000,1000,200,2800
354.0,19.29,199100,3848546.0,19.28,19.27,19.26,19.25,19.23,19.22,19.21,19.2,19.18,19.17,19.29,19.3,19.31,19.34,19.37,19.38,19.4,19.41,19.42,19.43,700,2800,6700,9100,6200,4400,1800,8900,5900,5900,700,5000,1400,7100,100,700,1000,1000,200,2800
355.0,19.29,199100,3848546.0,19.28,19.27,19.26,19.25,19.23,19.22,19.21,19.2,19.18,19.17,19.29,19.3,19.31,19.34,19.37,19.38,19.4,19.41,19.42,19.43,700,2800,6700,9100,6200,4400,1800,8900,6300,5900,700,5000,1400,7100,100,700,1000,1000,200,2800
356.0,19.27,200100,3867823.0,19.27,19.26,19.25,19.23,19.22,19.21,19.2,19.18,19.17,19.16,19.29,19.3,19.31,19.34,19.37,19.38,19.4,19.41,19.42,19.43,2500,6700,9100,6200,4400,1800,8900,6300,5900,7400,700,5000,1400,7100,100,700,1000,1000,200,2800
357.0,19.29,200200,3869752.0,19.28,19.27,19.26,19.25,19.23,19.22,19.21,19.2,19.18,19.17,19.29,19.3,19.31,19.34,19.37,19.38,19.4,19.41,19.42,19.43,500,2500,6700,9100,6200,4400,1800,8900,6300,5900,600,5000,1400,7100,100,700,1000,1000,200,2800
358.0,19.28,200700,3879392.0,19.28,19.27,19.26,19.25,19.23,19.22,19.21,19.2,19.18,19.17,19.29,19.3,19.31,19.34,19.37,19.38,19.4,19.41,19.42,19.43,500,2500,6700,9100,6200,4400,1800,8900,6300,5900,600,5000,1400,7100,100,700,1000,1000,200,2800
359.0,19.28,200700,3879392.0,19.28,19.27,19.26,19.25,19.23,19.22,19.21,19.2,19.18,19.17,19.29,19.3,19.31,19.34,19.37,19.38,19.4,19.41,19.42,19.43,500,2500,6700,9100,6200,4400,1800,8900,6300,5900,600,5000,1400,7100,100,700,1000,1000,200,2800
360.0,19.28,200700,3879392.0,19.28,19.27,19.26,19.25,19.23,19.22,19.21,19.2,19.18,19.17,19.29,19.3,19.31,19.34,19.37,19.38,19.4,19.41,19.42,19.43,500,2500,6700,9100,6200,4400,1800,8900,6300,5900,600,5000,1400,7100,100,700,1000,1000,200,2800
361.0,19.28,201000,3885176.0,19.28,19.27,19.26,19.25,19.23,19.22,19.21,19.2,19.18,19.17,19.29,19.3,19.31,19.34,19.37,19.38,19.4,19.41,19.42,19.43,400,2500,6700,9100,6200,4400,1800,8900,6300,5900,600,5000,1400,7100,100,700,1000,1000,200,2800
362.0,19.28,201000,3885176.0,19.28,19.27,19.26,19.25,19.23,19.22,19.21,19.2,19.18,19.17,19.29,19.3,19.31,19.34,19.37,19.38,19.4,19.41,19.42,19.43,400,2500,6700,9100,6200,4400,1800,8900,6300,5900,600,5000,1400,7100,100,700,1000,1000,200,2800
363.0,19.27,201500,3894815.0,19.27,19.26,19.25,19.23,19.22,19.21,19.2,19.18,19.17,19.16,19.29,19.3,19.31,19.34,19.37,19.38,19.4,19.41,19.42,19.43,2400,6700,9100,6200,4400,1800,8900,6300,5900,7400,600,5000,1400,7100,100,700,1000,1000,200,2800
364.0,19.29,201600,3896744.0,19.27,19.26,19.25,19.23,19.22,19.21,19.2,19.18,19.17,19.16,19.29,19.3,19.31,19.34,19.37,19.38,19.4,19.41,19.42,19.43,2500,6700,9100,6200,4400,1800,8900,6300,5900,7400,500,5000,1400,7100,100,700,1000,1000,200,2800
365.0,19.29,201600,3896744.0,19.27,19.26,19.25,19.23,19.22,19.21,19.2,19.18,19.17,19.16,19.29,19.3,19.31,19.34,19.37,19.38,19.4,19.41,19.42,19.43,2500,6700,9400,6200,4400,1800,8900,6300,5900,7400,500,5000,1400,7100,100,700,1000,1000,200,2800
366.0,19.29,201600,3896744.0,19.27,19.26,19.25,19.23,19.22,19.21,19.2,19.18,19.17,19.16,19.29,19.3,19.31,19.34,19.37,19.38,19.4,19.41,19.42,19.43,2500,6700,9400,6200,4400,1800,8900,6300,5900,7400,500,5000,1400,7100,100,700,1000,1000,200,2800
367.0,19.27,202200,3908306.0,19.27,19.26,19.25,19.23,19.22,19.21,19.2,19.18,19.17,19.16,19.28,19.29,19.3,19.31,19.34,19.37,19.38,19.4,19.41,19.42,1900,6700,9400,6200,4400,1800,8900,6300,5900,7400,1000,500,5000,1400,7100,100,700,1000,1000,200
368.0,19.27,202400,3912161.0,19.27,19.26,19.25,19.23,19.22,19.21,19.2,19.18,19.17,19.16,19.28,19.29,19.3,19.31,19.34,19.37,19.38,19.4,19.41,19.42,1800,6700,9400,6200,4400,1800,8900,6300,5900,7400,900,500,5000,1400,7100,100,700,1000,1000,200
369.0,19.27,203900,3941066.0,19.27,19.26,19.25,19.23,19.22,19.21,19.2,19.18,19.17,19.16,19.28,19.29,19.3,19.31,19.34,19.37,19.38,19.4,19.41,19.42,300,6700,9400,6200,4400,1800,8900,6300,5900,7400,900,500,5000,1400,7100,100,700,1000,1000,200
370.0,19.27,204200,3946847.0,19.26,19.25,19.23,19.22,19.21,19.2,19.18,19.17,19.16,19.13,19.27,19.28,19.29,19.3,19.31,19.34,19.37,19.38,19.4,19.41,6700,9400,6200,4400,1800,8900,6300,5900,7400,2800,400,900,500,5000,1400,7100,100,700,1000,1000
371.0,19.27,204200,3946847.0,19.26,19.25,19.23,19.22,19.21,19.2,19.18,19.17,19.16,19.13,19.27,19.28,19.29,19.3,19.31,19.34,19.37,19.38,19.4,19.41,6700,9400,6200,4400,1800,8900,6300,5900,7400,2800,400,900,500,5000,1400,7100,100,700,1000,1000
372.0,19.27,204200,3946847.0,19.26,19.25,19.23,19.22,19.21,19.2,19.18,19.17,19.16,19.13,19.27,19.28,19.29,19.3,19.31,19.34,19.37,19.38,19.4,19.41,6700,9400,6200,4400,1800,8900,6300,5900,7400,2800,400,900,500,5000,1400,7100,100,700,1000,1000
373.0,19.27,204200,3946847.0,19.26,19.25,19.23,19.22,19.21,19.2,19.18,19.17,19.16,19.13,19.27,19.28,19.29,19.3,19.31,19.34,19.37,19.38,19.4,19.41,6700,9400,6200,4400,1800,8900,6300,5900,7400,2800,500,900,500,5000,1400,7100,100,700,1000,1000
374.0,19.27,204200,3946847.0,19.26,19.25,19.23,19.22,19.21,19.2,19.18,19.17,19.16,19.13,19.27,19.28,19.29,19.3,19.31,19.34,19.37,19.38,19.4,19.41,6700,9400,6200,4400,1800,8900,6300,5900,7400,2800,500,900,500,5000,1400,7100,100,700,1000,1000
375.0,19.27,204300,3948774.0,19.26,19.25,19.23,19.22,19.21,19.2,19.18,19.17,19.16,19.13,19.27,19.28,19.29,19.3,19.31,19.34,19.37,19.38,19.4,19.41,6700,9400,6200,4400,1800,8900,6300,5900,7400,2800,600,900,500,5000,1400,7100,100,700,1000,1000
376.0,19.26,204400,3950700.0,19.26,19.25,19.23,19.22,19.21,19.2,19.18,19.17,19.16,19.13,19.27,19.28,19.29,19.3,19.31,19.34,19.37,19.38,19.4,19.41,6600,9400,6200,4400,1800,8900,6300,5900,7400,2800,600,900,500,5000,1400,7100,100,700,1000,1000
377.0,19.26,204400,3950700.0,19.26,19.25,19.23,19.22,19.21,19.2,19.18,19.17,19.16,19.13,19.27,19.28,19.29,19.3,19.31,19.34,19.37,19.38,19.4,19.41,6600,9400,6200,4100,1800,8900,6300,5900,7400,2800,600,900,500,5000,1400,7100,100,700,1000,1000
378.0,19.26,204400,3950700.0,19.26,19.25,19.23,19.22,19.21,19.2,19.18,19.17,19.16,19.13,19.27,19.28,19.29,19.3,19.31,19.34,19.37,19.38,19.4,19.41,6600,9400,6200,4100,1800,8900,6300,5900,7400,2800,600,900,500,5000,1400,7100,100,700,1000,1000
379.0,19.26,204400,3950700.0,19.26,19.25,19.23,19.22,19.21,19.2,19.18,19.17,19.16,19.13,19.27,19.28,19.29,19.3,19.31,19.34,19.37,19.38,19.4,19.41,6600,9400,6200,4100,1800,8900,6300,5900,7400,2800,600,900,500,5000,1400,7100,100,700,1000,1000
380.0,19.26,204500,3952626.0,19.26,19.25,19.23,19.22,19.21,19.2,19.18,19.17,19.16,19.13,19.27,19.28,19.29,19.3,19.31,19.34,19.37,19.38,19.4,19.41,6500,9400,6200,4100,1800,8900,6300,5900,7400,2800,600,900,500,5000,1400,7100,100,700,1000,1000
381.0,19.26,204500,3952626.0,19.26,19.25,19.23,19.22,19.21,19.2,19.18,19.17,19.16,19.13,19.27,19.28,19.29,19.3,19.31,19.34,19.37,19.38,19.4,19.41,6500,9400,6200,4100,1800,8900,6300,5900,7400,2800,600,900,500,5000,1400,7100,100,700,1000,1000
382.0,19.26,204500,3952626.0,19.26,19.25,19.23,19.22,19.21,19.2,19.18,19.17,19.16,19.13,19.27,19.28,19.29,19.3,19.31,19.34,19.37,19.38,19.4,19.41,6500,9400,6200,4100,1800,8900,6300,5900,7400,2800,600,900,500,5000,1400,7100,100,700,1000,1000
383.0,19.26,204500,3952626.0,19.26,19.25,19.23,19.22,19.21,19.2,19.18,19.17,19.16,19.13,19.27,19.28,19.29,19.3,19.31,19.34,19.37,19.38,19.4,19.41,6500,9400,6200,4100,1800,8900,6300,5900,7400,2800,600,900,500,5000,1400,7100,100,700,1000,1000
384.0,19.26,204500,3952626.0,19.26,19.25,19.23,19.22,19.21,19.2,19.18,19.17,19.16,19.13,19.27,19.28,19.29,19.3,19.31,19.34,19.37,19.38,19.4,19.41,6500,9400,6200,4100,1800,8900,6300,5900,7400,2800,600,900,500,5000,1400,7100,100,700,1000,1000
385.0,19.26,204500,3952626.0,19.26,19.25,19.23,19.22,19.21,19.2,19.18,19.17,19.16,19.13,19.27,19.28,19.29,19.3,19.31,19.34,19.37,19.38,19.4,19.41,6500,9400,6200,4100,1800,8900,6300,5900,7400,2800,600,900,500,5000,1400,7100,100,700,1000,1000
386.0,19.26,204900,3960331.0,19.26,19.25,19.23,19.22,19.21,19.2,19.18,19.17,19.16,19.13,19.27,19.28,19.29,19.3,19.31,19.34,19.37,19.38,19.4,19.41,6200,9400,6200,4100,1800,8900,6300,5900,7400,2800,500,900,500,5000,1400,7100,100,700,1000,1000
387.0,19.26,204900,3960331.0,19.26,19.25,19.23,19.22,19.21,19.2,19.18,19.17,19.16,19.13,19.27,19.28,19.29,19.3,19.31,19.34,19.37,19.38,19.4,19.41,6200,9900,6200,4100,1800,8900,6500,5900,7400,2800,500,900,500,5000,1400,7100,100,700,1000,1000
388.0,19.25,213200,4120168.0,19.25,19.23,19.22,19.21,19.2,19.18,19.17,19.16,19.13,19.11,19.26,19.27,19.28,19.29,19.3,19.31,19.34,19.37,19.38,19.4,7800,6200,4100,1800,8900,6500,5900,7400,2800,1000,16800,500,900,500,5000,1400,7100,100,700,1000
389.0,19.25,221100,4272243.0,19.23,19.22,19.21,19.2,19.18,19.17,19.16,19.13,19.11,19.1,19.25,19.26,19.27,19.28,19.29,19.3,19.31,19.34,19.37,19.38,6200,4100,1800,8900,6500,5900,7400,2800,1000,600,800,21900,500,900,500,5000,1400,7100,100,700
390.0,19.25,221100,4272243.0,19.23,19.22,19.21,19.2,19.18,19.17,19.16,19.13,19.11,19.1,19.24,19.25,19.26,19.27,19.28,19.29,19.3,19.31,19.34,19.37,6200,4100,1800,8900,6500,5900,7400,2800,1000,600,2700,1000,21900,500,900,500,5000,1400,7100,100
391.0,19.25,221100,4272243.0,19.23,19.22,19.21,19.2,19.18,19.17,19.16,19.13,19.11,19.1,19.24,19.25,19.26,19.27,19.28,19.29,19.3,19.31,19.34,19.37,6200,4100,1800,8900,6500,5900,7400,2800,1000,600,2700,1000,21900,500,900,500,5000,1400,7100,100
392.0,19.23,225100,4349163.0,19.23,19.22,19.21,19.2,19.18,19.17,19.16,19.13,19.11,19.1,19.24,19.25,19.26,19.27,19.28,19.29,19.3,19.31,19.34,19.37,2200,4100,1800,8900,6500,5900,7400,2800,1000,600,2800,900,22400,500,900,500,5000,1400,7100,100
393.0,19.23,225100,4349163.0,19.23,19.22,19.21,19.2,19.18,19.17,19.16,19.13,19.11,19.1,19.24,19.25,19.26,19.27,19.28,19.29,19.3,19.31,19.34,19.37,2200,4100,1800,8900,6500,5900,7400,2800,1000,600,2800,400,22400,500,900,500,5000,1400,7100,100
394.0,19.24,225700,4360707.0,19.23,19.22,19.21,19.2,19.18,19.17,19.16,19.13,19.11,19.1,19.24,19.25,19.26,19.27,19.28,19.29,19.3,19.31,19.34,19.37,2200,4100,1800,8900,6500,5900,7400,2800,1000,600,2200,500,22500,500,900,500,5000,1400,7100,100
395.0,19.24,225800,4362631.0,19.23,19.22,19.21,19.2,19.18,19.17,19.16,19.13,19.11,19.1,19.24,19.25,19.26,19.27,19.28,19.29,19.3,19.31,19.34,19.37,2200,4100,1800,8900,6500,5900,7400,2800,1000,600,2100,1000,17500,500,900,500,5000,1400,7100,100
396.0,19.24,225800,4362631.0,19.23,19.22,19.21,19.2,19.18,19.17,19.16,19.13,19.11,19.1,19.24,19.25,19.26,19.27,19.28,19.29,19.3,19.31,19.34,19.37,2200,4100,1800,8900,6500,5900,7400,2800,1000,600,2100,1000,17500,500,900,500,5000,1400,7100,100
397.0,19.23,226600,4378017.0,19.23,19.22,19.21,19.2,19.18,19.17,19.16,19.13,19.11,19.1,19.24,19.25,19.26,19.27,19.28,19.29,19.3,19.31,19.34,19.37,1600,4100,1800,9400,6500,5900,7400,2800,1000,600,1900,1200,17500,500,900,500,5000,1400,7100,100
398.0,19.24,226900,4383789.0,19.23,19.22,19.21,19.2,19.18,19.17,19.16,19.13,19.11,19.1,19.24,19.25,19.26,19.27,19.28,19.29,19.3,19.31,19.34,19.37,1600,4100,1800,9400,6500,5900,7400,2800,1000,600,1600,1200,17500,500,900,500,5000,1400,7100,100
399.0,19.23,228500,4414557.0,19.22,19.21,19.2,19.18,19.17,19.16,19.13,19.11,19.1,19.08,19.23,19.24,19.25,19.26,19.27,19.28,19.29,19.3,19.31,19.34,4100,1800,9400,6500,5900,7400,2800,1000,600,5700,4700,1600,1100,17500,500,900,500,5000,1400,7100
400.0,19.23,228900,4422249.0,19.22,19.21,19.2,19.18,19.17,19.16,19.13,19.11,19.1,19.08,19.23,19.24,19.25,19.26,19.27,19.28,19.29,19.3,19.31,19.34,4100,1800,9400,6500,5900,7400,2800,1000,600,5700,4300,1600,1100,17500,500,900,500,5000,1400,7100
401.0,19.22,229000,4424171.0,19.22,19.21,19.2,19.18,19.17,19.16,19.13,19.11,19.1,19.08,19.23,19.24,19.25,19.26,19.27,19.28,19.29,19.3,19.31,19.34,4000,1800,9400,6500,5900,7400,2800,1000,600,5700,5400,1600,1100,17400,500,900,500,5000,1400,7100
402.0,19.23,229800,4439555.0,19.22,19.21,19.2,19.18,19.17,19.16,19.13,19.11,19.1,19.08,19.23,19.24,19.25,19.26,19.27,19.28,19.29,19.3,19.31,19.34,4000,1800,9400,6500,5900,7400,2800,1000,600,5700,4600,1600,1000,17400,500,900,500,5000,1400,7100
403.0,19.23,229800,4439555.0,19.22,19.21,19.2,19.18,19.17,19.16,19.13,19.11,19.1,19.08,19.23,19.24,19.25,19.26,19.27,19.28,19.29,19.3,19.31,19.34,4000,1800,9400,6100,5900,7400,2800,1000,600,5700,4600,1600,900,17400,500,900,500,5000,1400,7100
404.0,19.23,230200,4447247.0,19.22,19.21,19.2,19.18,19.17,19.16,19.13,19.11,19.1,19.08,19.23,19.24,19.25,19.26,19.27,19.28,19.29,19.3,19.31,19.34,4000,1800,9400,6100,5900,7400,2800,1000,600,5700,4200,1600,900,17400,500,900,500,5000,1400,7100
405.0,19.23,230200,4447247.0,19.22,19.21,19.2,19.18,19.17,19.16,19.13,19.11,19.1,19.08,19.23,19.24,19.25,19.26,19.27,19.28,19.29,19.3,19.31,19.34,4000,1800,9400,6100,5900,7400,2800,1000,600,5700,4200,1600,900,17400,500,900,500,5000,1400,7100
406.0,19.23,230200,4447247.0,19.22,19.21,19.2,19.18,19.17,19.16,19.13,19.11,19.1,19.08,19.23,19.24,19.25,19.26,19.27,19.28,19.29,19.3,19.31,19.34,4000,1800,9400,6100,5900,7400,2800,1000,600,5700,4200,1600,900,16600,500,900,500,5000,1400,7100
407.0,19.23,230600,4454939.0,19.22,19.21,19.2,19.18,19.17,19.16,19.13,19.11,19.1,19.08,19.23,19.24,19.25,19.26,19.27,19.28,19.29,19.3,19.31,19.34,4000,1800,9400,6100,5900,7400,2800,1000,600,5700,3800,1600,900,16600,500,900,500,5000,1400,7100
408.0,19.23,230600,4454939.0,19.22,19.21,19.2,19.18,19.17,19.16,19.13,19.11,19.1,19.08,19.23,19.24,19.25,19.26,19.27,19.28,19.29,19.3,19.31,19.34,4000,1800,9400,6100,5900,7400,2800,1000,600,5700,3800,1600,900,16600,500,900,500,5000,1400,7100
409.0,19.22,231200,4466474.0,19.22,19.21,19.2,19.18,19.17,19.16,19.13,19.11,19.1,19.08,19.23,19.24,19.25,19.26,19.27,19.28,19.29,19.3,19.31,19.34,3500,1800,9400,6100,5900,7400,2800,1000,600,5700,3500,1600,900,16600,500,900,500,5000,1400,7100
410.0,19.23,232200,4485704.0,19.22,19.21,19.2,19.18,19.17,19.16,19.13,19.11,19.1,19.08,19.23,19.24,19.25,19.26,19.27,19.28,19.29,19.3,19.31,19.34,3500,1800,9400,6100,5900,7400,2800,1000,600,5700,2500,1600,900,16600,500,900,500,5000,1400,7100
411.0,19.23,232200,4485704.0,19.22,19.21,19.2,19.18,19.17,19.16,19.13,19.11,19.1,19.08,19.23,19.24,19.25,19.26,19.27,19.28,19.29,19.3,19.31,19.34,3500,1800,9400,6100,5900,7400,4100,1000,1000,5700,2500,1600,900,16600,400,900,500,5000,1400,7100
412.0,19.23,232200,4485704.0,19.22,19.21,19.2,19.18,19.17,19.16,19.13,19.11,19.1,19.08,19.23,19.24,19.25,19.26,19.27,19.28,19.29,19.3,19.31,19.34,3500,1800,9400,6100,5900,7400,4500,1000,1000,5700,2500,1600,900,16600,400,900,500,5000,1400,7100
413.0,19.22,235900,4556820.0,19.21,19.2,19.18,19.17,19.16,19.13,19.11,19.1,19.08,19.06,19.23,19.24,19.25,19.26,19.27,19.28,19.29,19.3,19.31,19.34,2800,9400,6100,5900,7400,4500,1000,1000,5700,200,2300,1600,900,16600,400,900,500,5000,1400,7100
