LocalTime,LastPrice,TradeVolume,TradeValue,BidPrice1,BidPrice2,BidPrice3,BidPrice4,BidPrice5,BidPrice6,BidPrice7,BidPrice8,BidPrice9,BidPriceA,AskPrice1,AskPrice2,AskPrice3,AskPrice4,AskPrice5,AskPrice6,AskPrice7,AskPrice8,AskPrice9,AskPriceA,BidVolume1,BidVolume2,BidVolume3,BidVolume4,BidVolume5,BidVolume6,BidVolume7,BidVolume8,BidVolume9,BidVolumeA,AskVolume1,AskVolume2,AskVolume3,AskVolume4,AskVolume5,AskVolume6,AskVolume7,AskVolume8,AskVolume9,AskVolumeA
0.0,0.0,0,0.0,5.85,5.83,5.82,5.81,5.8,5.79,5.78,5.71,5.7,5.68,5.92,5.95,5.96,5.97,5.98,5.99,6.03,6.05,6.06,6.07,1300,4700,600,1000,1200,300,3700,500,300,1000,7100,9600,8200,2400,1000,2000,200,11200,500,2000
1.0,5.85,1300,7605.0,5.83,5.82,5.81,5.8,5.79,5.78,5.71,5.7,5.68,5.35,5.85,5.92,5.95,5.96,5.97,5.98,5.99,6.03,6.05,6.06,4700,600,3000,1800,300,3700,500,300,1000,200,9500,7100,9600,8200,2400,1000,2000,200,11200,500
2.0,5.85,5300,31005.0,5.84,5.83,5.82,5.81,5.8,5.79,5.78,5.71,5.7,5.68,5.85,5.92,5.94,5.95,5.96,5.97,5.98,5.99,6.03,6.05,2000,6700,600,5000,1800,300,3700,500,300,1000,5500,7100,7600,9600,8200,2400,1900,2000,200,11200
3.0,5.85,6500,38025.0,5.84,5.83,5.82,5.81,5.8,5.79,5.78,5.71,5.7,5.68,5.85,5.92,5.94,5.95,5.96,5.97,5.98,5.99,6.03,6.05,3600,6700,600,5000,1800,300,3700,500,300,1000,4300,7100,7600,17000,8200,2400,1900,2000,200,11200
4.0,5.85,6500,38025.0,5.84,5.83,5.82,5.81,5.8,5.79,5.78,5.71,5.7,5.68,5.85,5.91,5.92,5.94,5.95,5.96,5.97,5.98,5.99,6.01,8200,6700,600,5000,1800,300,3700,500,3300,1000,4300,2200,7100,7600,17000,8200,4600,1900,2000,10000
5.0,5.85,6500,38025.0,5.84,5.83,5.82,5.81,5.8,5.79,5.78,5.71,5.7,5.68,5.85,5.91,5.92,5.94,5.95,5.96,5.97,5.98,5.99,6.0,8200,6700,600,5000,1800,300,3700,500,3300,1000,4300,2200,7100,8100,17000,8200,4600,1900,2000,1200
6.0,5.85,10800,63180.0,5.84,5.83,5.82,5.81,5.8,5.79,5.78,5.71,5.7,5.68,5.91,5.92,5.94,5.95,5.96,5.97,5.98,5.99,6.0,6.01,8300,6700,600,5000,1800,300,3700,500,3300,1000,2200,7100,8100,17000,8200,4600,1900,2000,1200,10000
7.0,5.85,10800,63180.0,5.85,5.84,5.83,5.82,5.81,5.8,5.79,5.78,5.71,5.7,5.91,5.92,5.94,5.95,5.96,5.97,5.98,5.99,6.0,6.01,3100,8300,6700,600,5000,1800,300,3700,500,3300,2200,7100,8100,17000,8200,4600,1900,2000,1200,10000
8.0,5.85,10800,63180.0,5.85,5.84,5.83,5.82,5.81,5.8,5.79,5.78,5.71,5.7,5.9,5.91,5.92,5.94,5.95,5.96,5.97,5.98,5.99,6.0,3800,8300,6700,600,5000,1800,300,3700,500,3300,13300,15500,2000,8100,17000,8200,4600,1900,2000,1200
9.0,5.85,11700,68445.0,5.85,5.84,5.83,5.82,5.81,5.8,5.79,5.78,5.75,5.71,5.9,5.91,5.92,5.94,5.95,5.96,5.97,5.98,5.99,6.0,2900,8300,6700,600,6200,1800,300,3700,1200,500,13300,15500,2000,8100,17000,8200,4600,1900,2000,1200
10.0,5.85,11700,68445.0,5.88,5.85,5.84,5.83,5.82,5.81,5.8,5.79,5.78,5.75,5.9,5.91,5.92,5.94,5.95,5.96,5.97,5.98,5.99,6.0,400,2400,8300,6700,600,6200,1800,300,3700,1200,13300,15500,2000,9400,17000,8200,4600,1900,2000,1200
11.0,5.88,12100,70797.0,5.85,5.84,5.83,5.82,5.81,5.8,5.79,5.78,5.75,5.71,5.88,5.89,5.9,5.91,5.92,5.93,5.94,5.95,5.96,5.97,2600,8300,6700,600,6200,1800,300,3700,1200,500,900,700,16700,15500,2000,6200,9400,17000,8200,4600
12.0,5.88,13100,76677.0,5.85,5.84,5.83,5.82,5.81,5.8,5.79,5.78,5.75,5.71,5.88,5.89,5.9,5.91,5.92,5.94,5.95,5.96,5.97,5.98,2600,8300,6700,600,6200,1800,300,3700,1200,500,700,700,15900,15500,2000,9400,17000,8200,4600,1900
13.0,5.88,13300,77850.0,5.85,5.84,5.83,5.82,5.81,5.8,5.79,5.78,5.75,5.71,5.88,5.89,5.9,5.91,5.92,5.94,5.95,5.96,5.97,5.98,2500,8300,6700,600,6200,1800,300,3700,1200,500,600,700,15900,15500,2000,9400,17000,8200,4600,1900
14.0,5.9,17200,100841.0,5.85,5.84,5.83,5.82,5.81,5.8,5.79,5.78,5.75,5.71,5.9,5.91,5.92,5.94,5.95,5.96,5.97,5.98,5.99,6.0,2500,8300,6700,600,6200,1800,300,3700,1200,500,13300,15500,2000,9400,17000,8200,4600,1900,2000,1200
15.0,5.9,19400,113821.0,5.85,5.84,5.83,5.82,5.81,5.8,5.79,5.78,5.75,5.71,5.9,5.91,5.92,5.94,5.95,5.96,5.97,5.98,5.99,6.0,800,8300,6700,600,6200,1800,300,3700,1200,500,11100,15500,2000,9400,17000,8200,4600,1900,2000,1200
16.0,5.9,19400,113821.0,5.85,5.84,5.83,5.82,5.81,5.8,5.79,5.78,5.75,5.71,5.9,5.91,5.92,5.94,5.95,5.96,5.97,5.98,5.99,6.0,800,8300,6700,600,6200,1800,300,3700,1200,500,11100,15500,2000,9400,17000,8200,4600,1900,2000,1200
17.0,5.9,19400,113821.0,5.85,5.84,5.83,5.82,5.81,5.8,5.79,5.78,5.75,5.71,5.9,5.91,5.92,5.94,5.95,5.96,5.97,5.98,5.99,6.0,900,8300,6700,600,6200,1800,300,3700,1200,500,11100,15500,2000,9400,17000,8200,4600,1900,2000,1200
18.0,5.9,19400,113821.0,5.85,5.84,5.83,5.82,5.81,5.8,5.79,5.78,5.75,5.71,5.9,5.91,5.92,5.94,5.95,5.96,5.97,5.98,5.99,6.0,900,8300,6700,600,6200,1800,300,3700,1200,500,11100,15500,2000,9400,17000,8200,4600,1900,2000,1200
19.0,5.9,19400,113821.0,5.85,5.84,5.83,5.82,5.81,5.8,5.79,5.78,5.75,5.71,5.9,5.91,5.92,5.94,5.95,5.96,5.97,5.98,5.99,6.0,900,8300,6700,600,6200,1800,300,3700,1200,500,11100,15500,2000,9400,17000,8200,4600,1900,2000,1200
20.0,5.9,19400,113821.0,5.88,5.85,5.84,5.83,5.82,5.81,5.8,5.79,5.78,5.75,5.9,5.91,5.92,5.94,5.95,5.96,5.97,5.98,5.99,6.0,1900,900,8300,6700,600,6200,1800,300,3700,1200,11100,15500,2000,9400,17000,8200,4600,1900,2000,1200
21.0,5.9,19400,113821.0,5.88,5.85,5.84,5.83,5.82,5.81,5.8,5.79,5.78,5.75,5.9,5.91,5.92,5.94,5.95,5.96,5.97,5.98,5.99,6.0,1900,300,8300,6700,600,6200,11800,300,3700,1200,11100,15500,2000,9400,17000,8200,4600,1900,2000,1200
22.0,5.9,21800,127981.0,5.88,5.85,5.84,5.83,5.82,5.81,5.8,5.79,5.78,5.75,5.89,5.9,5.91,5.92,5.94,5.95,5.96,5.97,5.98,5.99,1900,300,8300,6700,600,6200,11800,300,3700,1200,900,8700,15500,2000,9400,17000,8200,4600,1900,2000
23.0,5.9,21800,127981.0,5.88,5.85,5.84,5.83,5.82,5.81,5.8,5.79,5.78,5.75,5.89,5.9,5.91,5.92,5.93,5.94,5.95,5.96,5.97,5.98,1900,300,8300,6700,600,6200,11800,300,3700,1200,900,8700,15500,2000,6200,9400,17000,8200,4600,1900
24.0,5.9,21800,127981.0,5.88,5.85,5.84,5.83,5.82,5.81,5.8,5.79,5.78,5.75,5.89,5.9,5.91,5.92,5.93,5.94,5.95,5.96,5.97,5.98,1900,300,8300,6700,600,6200,11800,300,3700,1200,900,8700,15500,2000,6200,9400,17000,8200,4600,1900
25.0,5.89,22000,129159.0,5.88,5.85,5.84,5.83,5.82,5.81,5.8,5.79,5.78,5.75,5.89,5.9,5.91,5.92,5.93,5.94,5.95,5.96,5.97,5.98,1900,300,8300,6700,600,6200,11800,300,3700,1200,700,8700,15500,2000,6200,9400,17000,8200,4600,1900
26.0,5.89,22000,129159.0,5.88,5.85,5.84,5.83,5.82,5.81,5.8,5.79,5.78,5.75,5.89,5.9,5.91,5.92,5.93,5.94,5.95,5.96,5.97,5.98,1900,300,8300,6700,600,6200,11800,300,3700,1200,700,8700,15500,2000,6200,9400,17000,8200,4600,1900
27.0,5.89,22000,129159.0,5.88,5.85,5.84,5.83,5.82,5.81,5.8,5.79,5.78,5.75,5.89,5.9,5.91,5.92,5.93,5.94,5.95,5.96,5.97,5.98,1900,300,8300,6700,600,6200,11800,300,3700,1200,700,8700,15500,2000,6200,9400,17000,8200,4600,1900
28.0,5.88,23900,140331.0,5.85,5.84,5.83,5.82,5.81,5.8,5.79,5.78,5.75,5.71,5.87,5.88,5.89,5.9,5.91,5.92,5.93,5.94,5.95,5.96,300,8300,6700,600,6200,11800,300,3700,1200,500,300,1700,700,7700,15500,2000,6200,9400,17000,8200
29.0,5.87,24000,140918.0,5.85,5.84,5.83,5.82,5.81,5.8,5.79,5.78,5.75,5.71,5.87,5.88,5.89,5.9,5.91,5.92,5.93,5.94,5.95,5.96,300,8300,6700,600,6200,11800,300,3700,1200,500,200,1800,700,7700,15500,2000,6200,9400,17000,8200
30.0,5.87,24000,140918.0,5.85,5.84,5.83,5.82,5.81,5.8,5.79,5.78,5.75,5.71,5.87,5.88,5.89,5.9,5.91,5.92,5.93,5.94,5.95,5.96,300,8300,6700,600,6200,11800,300,3700,1200,500,200,1800,700,7700,15500,2000,6200,9400,17000,8200
31.0,5.87,24000,140918.0,5.85,5.84,5.83,5.82,5.81,5.8,5.79,5.78,5.75,5.71,5.87,5.88,5.89,5.9,5.91,5.92,5.93,5.94,5.95,5.96,300,8300,6700,600,6200,11800,300,3700,1200,500,200,1800,700,7700,15500,2000,6200,9400,17000,8200
32.0,5.87,24000,140918.0,5.85,5.84,5.83,5.82,5.81,5.8,5.79,5.78,5.75,5.71,5.88,5.89,5.9,5.91,5.92,5.94,5.95,5.96,5.97,5.98,300,8300,6700,600,6200,11800,300,3700,1200,500,100,700,7700,15500,2000,9400,17000,8200,4600,1900
33.0,5.88,24100,141506.0,5.85,5.84,5.83,5.82,5.81,5.8,5.79,5.78,5.75,5.71,5.89,5.9,5.91,5.92,5.94,5.95,5.96,5.97,5.98,5.99,300,8300,6700,600,6200,11800,300,3700,1200,500,700,17700,15500,2000,9400,17000,8200,4600,1900,2000
34.0,5.88,24100,141506.0,5.85,5.84,5.83,5.82,5.81,5.8,5.79,5.78,5.75,5.71,5.88,5.89,5.9,5.91,5.92,5.94,5.95,5.96,5.97,5.98,300,8300,6700,600,6200,11800,300,3700,1200,500,200,900,17700,15500,2000,9400,17000,8200,4600,1900
35.0,5.88,24100,141506.0,5.86,5.85,5.84,5.83,5.82,5.81,5.8,5.79,5.78,5.75,5.88,5.89,5.9,5.91,5.92,5.94,5.95,5.96,5.97,5.98,1900,300,8300,6700,600,6200,11800,300,3700,1200,200,900,17700,15500,2000,9400,17000,8200,4600,1900
36.0,5.88,25200,147974.0,5.86,5.85,5.84,5.83,5.82,5.81,5.8,5.79,5.78,5.75,5.88,5.89,5.9,5.91,5.92,5.94,5.95,5.96,5.97,5.98,1900,300,8300,6700,600,6200,11800,300,3700,1200,5100,900,17700,15500,2000,9400,17000,8200,4600,1900
37.0,5.85,35200,206493.0,5.86,5.85,5.84,5.83,5.82,5.81,5.8,5.79,5.78,5.75,5.88,5.89,5.9,5.91,5.92,5.94,5.95,5.96,5.97,5.98,1300,4300,8300,6700,600,6200,11800,300,3700,1200,13800,200,17700,15500,2000,9400,17000,8200,4600,1900
38.0,5.88,39600,232365.0,5.86,5.85,5.84,5.83,5.82,5.81,5.8,5.79,5.78,5.75,5.88,5.89,5.9,5.91,5.92,5.94,5.95,5.96,5.97,5.98,100,4300,8300,6700,600,6200,11800,300,3700,1200,9400,200,17700,15500,2000,9400,17000,8200,4600,1900
39.0,5.88,39600,232365.0,5.86,5.85,5.84,5.83,5.82,5.81,5.8,5.79,5.78,5.75,5.88,5.89,5.9,5.91,5.92,5.94,5.95,5.96,5.97,5.98,100,4300,8300,6700,600,6200,11800,300,3700,1200,9400,200,17700,15500,2000,9400,17000,8200,4600,1900
40.0,5.88,39600,232365.0,5.86,5.85,5.84,5.83,5.82,5.81,5.8,5.79,5.78,5.75,5.88,5.89,5.9,5.91,5.92,5.94,5.95,5.96,5.97,5.98,100,4300,8300,6700,600,6200,11800,300,3700,1200,9400,200,17700,15500,2000,9400,17000,8200,4600,1900
41.0,5.88,39600,232365.0,5.86,5.85,5.84,5.83,5.82,5.81,5.8,5.79,5.78,5.75,5.88,5.89,5.9,5.91,5.92,5.94,5.95,5.96,5.97,5.98,100,4300,8300,6700,600,6200,11800,300,3700,1200,9400,200,17700,15500,2000,9400,17000,8200,4600,1900
42.0,5.88,39600,232365.0,5.86,5.85,5.84,5.83,5.82,5.81,5.8,5.79,5.78,5.75,5.88,5.89,5.9,5.91,5.92,5.94,5.95,5.96,5.97,5.98,100,4300,8300,6700,600,6200,11800,300,3700,1200,9400,200,17700,15500,2000,9400,17000,8200,4600,1900
43.0,5.88,40700,238833.0,5.86,5.85,5.84,5.83,5.82,5.81,5.8,5.79,5.78,5.75,5.88,5.89,5.9,5.91,5.92,5.94,5.95,5.96,5.97,5.98,100,4300,8300,6700,600,6200,11800,300,3700,1200,8300,200,17700,15500,2000,9400,17000,8200,4600,1900
44.0,5.88,40700,238833.0,5.86,5.85,5.84,5.83,5.82,5.81,5.8,5.79,5.78,5.75,5.88,5.89,5.9,5.91,5.92,5.94,5.95,5.96,5.97,5.98,100,4300,8300,6700,600,6200,11800,300,3700,1200,8300,200,17700,15500,2000,9400,17000,8200,4600,1900
45.0,5.88,40700,238833.0,5.87,5.86,5.85,5.84,5.83,5.82,5.81,5.8,5.79,5.78,5.88,5.89,5.9,5.91,5.92,5.94,5.95,5.96,5.97,5.98,200,100,4300,8300,6700,600,6200,11800,300,3700,8300,200,17700,15500,2000,9400,17000,8200,4600,1900
46.0,5.88,40700,238833.0,5.87,5.86,5.85,5.84,5.83,5.82,5.81,5.8,5.79,5.78,5.88,5.89,5.9,5.91,5.92,5.94,5.95,5.96,5.97,5.98,200,100,4300,8300,6700,600,6200,11800,300,3700,8300,200,17700,15500,2000,9400,17000,8200,4600,1900
47.0,5.88,40700,238833.0,5.87,5.86,5.85,5.84,5.83,5.82,5.81,5.8,5.79,5.78,5.88,5.89,5.9,5.91,5.92,5.94,5.95,5.96,5.97,5.98,300,100,4300,8300,6700,600,6200,11800,300,3700,8300,200,17700,15500,2000,9400,17000,8200,4600,1900
48.0,5.88,40700,238833.0,5.87,5.86,5.85,5.84,5.83,5.82,5.81,5.8,5.79,5.78,5.88,5.89,5.9,5.91,5.92,5.94,5.95,5.96,5.97,5.98,300,100,4300,8300,4700,600,6200,11800,300,3700,8300,200,17700,15500,2000,10400,17000,8200,4600,1900
49.0,5.88,40700,238833.0,5.87,5.86,5.85,5.84,5.83,5.82,5.81,5.8,5.79,5.78,5.88,5.89,5.9,5.91,5.92,5.94,5.95,5.96,5.97,5.98,300,100,4300,8300,4700,600,6200,11800,300,3700,8300,200,17700,15500,2000,10400,17000,8200,4600,1900
50.0,5.88,41000,240596.0,5.87,5.86,5.85,5.84,5.83,5.82,5.81,5.8,5.79,5.78,5.88,5.89,5.9,5.91,5.92,5.94,5.95,5.96,5.97,5.98,200,100,4300,6300,4700,600,6200,11800,300,3700,8100,200,17700,15500,2000,10400,17000,8200,4600,1900
51.0,5.88,42500,249416.0,5.87,5.86,5.85,5.84,5.83,5.82,5.81,5.8,5.79,5.78,5.88,5.89,5.9,5.91,5.92,5.94,5.95,5.96,5.97,5.98,200,100,4300,6300,4700,600,6200,11800,300,3700,6600,200,17700,15500,2000,10400,17000,8200,4600,1900
52.0,5.88,42500,249416.0,5.87,5.86,5.85,5.84,5.83,5.82,5.81,5.8,5.79,5.78,5.88,5.89,5.9,5.91,5.92,5.94,5.95,5.96,5.97,5.98,200,100,4300,6300,4700,600,6200,11800,300,3700,6600,200,17700,15500,2000,10400,17000,8200,4600,1900
53.0,5.88,42500,249416.0,5.87,5.86,5.85,5.84,5.83,5.82,5.81,5.8,5.79,5.78,5.88,5.89,5.9,5.91,5.92,5.94,5.95,5.96,5.97,5.98,200,100,4300,6300,4700,600,6200,11800,300,3700,6600,200,17700,15500,2000,10400,17000,8200,4600,1900
54.0,5.88,42500,249416.0,5.87,5.86,5.85,5.84,5.83,5.82,5.81,5.8,5.79,5.78,5.88,5.89,5.9,5.91,5.92,5.94,5.95,5.96,5.97,5.98,200,100,4300,6300,4700,600,6200,11800,300,3700,6600,200,17700,15500,2000,10400,17000,8200,4600,1900
55.0,5.87,42700,250590.0,5.86,5.85,5.84,5.83,5.82,5.81,5.8,5.79,5.78,5.75,5.87,5.88,5.9,5.91,5.92,5.94,5.95,5.96,5.97,5.98,100,4300,6300,4700,600,6200,11800,300,3700,1200,200,7200,17700,15500,2000,10400,17000,8200,4600,1900
56.0,5.87,42700,250590.0,5.86,5.85,5.84,5.83,5.82,5.81,5.8,5.79,5.78,5.75,5.87,5.88,5.9,5.91,5.92,5.94,5.95,5.96,5.97,5.98,100,4300,6300,4700,600,6200,11800,300,3700,1200,300,7200,17700,15500,8000,10400,17000,8200,4600,1900
57.0,5.87,42700,250590.0,5.86,5.85,5.84,5.83,5.82,5.81,5.8,5.79,5.78,5.75,5.87,5.88,5.9,5.91,5.92,5.94,5.95,5.96,5.97,5.98,100,4300,6300,4700,600,6200,11800,300,3700,1200,300,7200,17700,15500,8000,10400,17000,8200,4600,1900
58.0,5.87,42700,250590.0,5.86,5.85,5.84,5.83,5.82,5.81,5.8,5.79,5.78,5.75,5.87,5.88,5.9,5.91,5.92,5.94,5.95,5.96,5.97,5.98,100,4300,6300,4700,600,6200,11800,300,3700,1200,300,7200,17700,15500,8000,10400,17000,8200,4600,1900
59.0,5.87,42700,250590.0,5.85,5.84,5.83,5.82,5.81,5.8,5.79,5.78,5.75,5.71,5.87,5.88,5.9,5.91,5.92,5.94,5.95,5.96,5.97,5.98,4300,6300,4900,600,6200,11800,300,3700,1200,500,300,7200,17700,15500,8000,10400,17000,8200,4600,1900
60.0,5.87,42700,250590.0,5.85,5.84,5.83,5.82,5.81,5.8,5.79,5.78,5.75,5.71,5.87,5.88,5.9,5.91,5.92,5.94,5.95,5.96,5.97,5.98,4500,6300,4900,600,6200,11800,300,3700,1200,500,300,7200,17700,15500,8000,10400,17000,8200,4600,1900
61.0,5.87,42700,250590.0,5.86,5.85,5.84,5.83,5.82,5.81,5.8,5.79,5.78,5.75,5.87,5.88,5.9,5.91,5.92,5.94,5.95,5.96,5.97,5.98,2000,4500,6300,4900,600,6200,11800,300,3700,1200,300,7200,17700,15500,8000,10400,17000,8200,4600,1900
62.0,5.87,42700,250590.0,5.86,5.85,5.84,5.83,5.82,5.81,5.8,5.79,5.78,5.75,5.87,5.88,5.9,5.91,5.92,5.94,5.95,5.96,5.97,5.98,2000,4500,6300,4900,600,6200,11800,300,3700,1200,300,7200,17700,15500,8000,10400,17000,8200,4600,1900
63.0,5.87,42700,250590.0,5.86,5.85,5.84,5.83,5.82,5.81,5.8,5.79,5.78,5.75,5.87,5.88,5.9,5.91,5.92,5.94,5.95,5.96,5.97,5.98,2200,4300,6300,4900,600,6200,11800,300,3700,1200,300,7200,17700,15500,8000,10400,17000,8200,4600,1900
64.0,5.87,42700,250590.0,5.86,5.85,5.84,5.83,5.82,5.81,5.8,5.79,5.78,5.75,5.87,5.88,5.9,5.91,5.92,5.94,5.95,5.96,5.97,5.98,2200,4300,6300,4900,600,6200,11800,300,3700,1200,300,7200,17700,15500,8000,10400,17000,8200,4600,1900
65.0,5.87,44200,259395.0,5.87,5.86,5.85,5.84,5.83,5.82,5.81,5.8,5.79,5.78,5.88,5.9,5.91,5.92,5.94,5.95,5.96,5.97,5.98,5.99,100,2200,4300,6300,4900,600,6200,11800,300,3700,7200,17700,15500,8000,10400,17000,8200,4600,1900,2000
66.0,5.87,44200,259395.0,5.87,5.86,5.85,5.84,5.83,5.82,5.81,5.8,5.79,5.78,5.88,5.9,5.91,5.92,5.94,5.95,5.96,5.97,5.98,5.99,500,2200,4300,6300,4900,600,6200,11800,300,3700,7200,17700,15500,8000,10400,17000,8200,4600,1900,2000
67.0,5.87,44200,259395.0,5.87,5.86,5.85,5.84,5.83,5.82,5.81,5.8,5.79,5.78,5.88,5.9,5.91,5.92,5.94,5.95,5.96,5.97,5.98,5.99,500,2200,4300,6300,4900,600,6200,16800,300,3700,7200,17700,15500,8000,10400,17000,8200,4600,1900,2000
68.0,5.87,44200,259395.0,5.87,5.86,5.85,5.84,5.83,5.82,5.81,5.8,5.79,5.78,5.88,5.9,5.91,5.92,5.94,5.95,5.96,5.97,5.98,5.99,500,2200,4300,6300,4900,600,6200,16800,300,3700,7200,17700,15500,8000,10400,17000,8200,4600,1900,2000
69.0,5.87,44200,259395.0,5.87,5.86,5.85,5.84,5.83,5.82,5.81,5.8,5.79,5.78,5.88,5.9,5.91,5.92,5.94,5.95,5.96,5.97,5.98,5.99,500,2200,4300,6300,4900,600,6200,16800,300,3700,7200,17700,15500,8000,10400,17000,8200,4600,1900,2000
70.0,5.87,44200,259395.0,5.87,5.86,5.85,5.84,5.83,5.82,5.81,5.8,5.79,5.78,5.88,5.9,5.91,5.92,5.94,5.95,5.96,5.97,5.98,5.99,500,2200,4300,6300,4900,600,6200,16800,300,3700,7200,17700,15500,8000,10400,17000,8200,4600,1900,2000
71.0,5.87,44200,259395.0,5.87,5.86,5.85,5.84,5.83,5.82,5.81,5.8,5.79,5.78,5.88,5.9,5.91,5.92,5.94,5.95,5.96,5.97,5.98,5.99,500,2200,4300,6300,4900,600,6200,16800,300,3700,7200,17700,15500,8000,10400,17000,8200,4600,1900,2000
72.0,5.87,44200,259395.0,5.87,5.86,5.85,5.84,5.83,5.82,5.81,5.8,5.79,5.78,5.88,5.9,5.91,5.92,5.94,5.95,5.96,5.97,5.98,5.99,500,2200,4300,6300,4900,600,6200,16800,300,3700,7200,17700,15500,8000,10400,17000,8200,4600,1900,2000
73.0,5.87,44200,259395.0,5.87,5.86,5.85,5.84,5.83,5.82,5.81,5.8,5.79,5.78,5.88,5.9,5.91,5.92,5.94,5.95,5.96,5.97,5.98,5.99,500,2200,4300,6300,4900,600,6200,16800,300,3700,7200,17700,15500,8000,10400,17000,8200,4600,1900,2000
74.0,5.87,44200,259395.0,5.87,5.86,5.85,5.84,5.83,5.82,5.81,5.8,5.79,5.78,5.88,5.9,5.91,5.92,5.94,5.95,5.96,5.97,5.98,5.99,500,2200,4300,6300,4900,600,6200,16800,300,3700,7200,17700,15500,8000,10400,17000,8200,4600,1900,2000
75.0,5.87,44200,259395.0,5.87,5.86,5.85,5.84,5.83,5.82,5.81,5.8,5.79,5.78,5.88,5.9,5.91,5.92,5.94,5.95,5.96,5.97,5.98,5.99,200,2200,4300,6300,4900,600,6200,16800,300,3700,7200,17700,15500,8000,10400,17000,8200,4600,1900,2000
76.0,5.87,44200,259395.0,5.87,5.86,5.85,5.84,5.83,5.82,5.81,5.8,5.79,5.78,5.88,5.9,5.91,5.92,5.94,5.95,5.96,5.97,5.98,5.99,200,2200,4300,6300,4900,600,6200,16800,300,3700,7200,17700,15500,8000,10400,17000,8200,4600,1900,2000
77.0,5.87,44200,259395.0,5.87,5.86,5.85,5.84,5.83,5.82,5.81,5.8,5.79,5.78,5.88,5.9,5.91,5.92,5.94,5.95,5.96,5.97,5.98,5.99,200,2200,4300,6300,4900,600,6200,16800,300,3700,6600,17700,15500,8000,10400,17000,8200,4600,1900,2000
78.0,5.87,44200,259395.0,5.87,5.86,5.85,5.84,5.83,5.82,5.81,5.8,5.79,5.78,5.88,5.9,5.91,5.92,5.94,5.95,5.96,5.97,5.98,5.99,200,2200,4300,6300,4900,600,6200,16800,300,3700,6600,17700,15500,8000,10400,17000,8200,4600,1900,2000
79.0,5.87,44200,259395.0,5.86,5.85,5.84,5.83,5.82,5.81,5.8,5.79,5.78,5.75,5.87,5.88,5.9,5.91,5.92,5.94,5.95,5.96,5.97,5.98,2400,4300,6300,4900,600,6200,16800,300,3700,1200,1100,6600,17700,15500,8000,10400,17000,8200,4600,1900
80.0,5.87,44400,260569.0,5.86,5.85,5.84,5.83,5.82,5.81,5.8,5.79,5.78,5.75,5.87,5.88,5.9,5.91,5.92,5.94,5.95,5.96,5.97,5.98,2500,4300,6300,4900,600,6200,16800,300,3700,1200,900,6600,17700,15500,8000,10400,17000,8200,4600,1900
81.0,5.88,45900,269380.0,5.86,5.85,5.84,5.83,5.82,5.81,5.8,5.79,5.78,5.75,5.88,5.9,5.91,5.92,5.94,5.95,5.96,5.97,5.98,5.99,2500,4300,6300,4900,600,6200,16800,300,3700,1200,6000,17700,15500,8000,10400,17000,8200,4600,1900,2000
82.0,5.88,45900,269380.0,5.86,5.85,5.84,5.83,5.82,5.81,5.8,5.79,5.78,5.75,5.88,5.9,5.91,5.92,5.94,5.95,5.96,5.97,5.98,5.99,2500,4300,6300,4900,600,6200,16800,300,3700,1200,6000,17700,15500,8000,10400,17000,8200,4600,1900,2000
83.0,5.88,45900,269380.0,5.86,5.85,5.84,5.83,5.82,5.81,5.8,5.79,5.78,5.75,5.88,5.9,5.91,5.92,5.94,5.95,5.96,5.97,5.98,5.99,2500,4300,6300,4900,600,6200,16800,300,3700,1200,6000,17700,15500,8000,10400,17000,8200,4600,1900,2000
84.0,5.88,45900,269380.0,5.86,5.85,5.84,5.83,5.82,5.81,5.8,5.79,5.78,5.75,5.88,5.9,5.91,5.92,5.94,5.95,5.96,5.97,5.98,5.99,2500,4300,6300,4900,600,6200,16800,300,3700,1200,6000,17700,15500,8000,10400,17000,8200,4600,1900,2000
85.0,5.88,45900,269380.0,5.87,5.86,5.85,5.84,5.83,5.82,5.81,5.8,5.79,5.78,5.88,5.9,5.91,5.92,5.94,5.95,5.96,5.97,5.98,5.99,100,2500,4300,6300,4900,600,6200,16800,300,3700,6000,17700,15500,8000,10400,17000,8200,4600,1900,2000
86.0,5.88,45900,269380.0,5.87,5.86,5.85,5.84,5.83,5.82,5.81,5.8,5.79,5.78,5.88,5.9,5.91,5.92,5.94,5.95,5.96,5.97,5.98,5.99,100,2500,4300,6300,4900,600,6200,16800,300,3700,6000,17700,15500,8000,10400,17000,8200,4600,1900,2000
87.0,5.88,45900,269380.0,5.87,5.86,5.85,5.84,5.83,5.82,5.81,5.8,5.79,5.78,5.88,5.9,5.91,5.92,5.94,5.95,5.96,5.97,5.98,5.99,100,2500,4300,6300,4900,600,6200,16800,300,3700,6000,17700,15500,8000,10400,17000,8200,4600,1900,2000
88.0,5.88,45900,269380.0,5.87,5.86,5.85,5.84,5.83,5.82,5.81,5.8,5.79,5.78,5.88,5.9,5.91,5.92,5.94,5.95,5.96,5.97,5.98,5.99,100,2500,4300,6300,4900,600,6200,16800,300,3700,6000,17700,15500,8000,10400,17000,8200,4600,1900,2000
89.0,5.88,45900,269380.0,5.87,5.86,5.85,5.84,5.83,5.82,5.81,5.8,5.79,5.78,5.88,5.89,5.9,5.91,5.92,5.94,5.95,5.96,5.97,5.98,100,2500,4300,6300,4900,600,6200,16800,300,3700,6000,200,17700,15500,8000,10400,17000,8200,4600,1900
90.0,5.88,45900,269380.0,5.87,5.86,5.85,5.84,5.83,5.82,5.81,5.8,5.79,5.78,5.88,5.89,5.9,5.91,5.92,5.94,5.95,5.96,5.97,5.98,100,2500,4300,6300,4900,600,6200,16800,300,3700,6000,200,17700,15500,8000,10400,17000,8200,4600,1900
91.0,5.88,45900,269380.0,5.87,5.86,5.85,5.84,5.83,5.82,5.81,5.8,5.79,5.78,5.88,5.89,5.9,5.91,5.92,5.94,5.95,5.96,5.97,5.98,100,2500,4300,6300,4900,600,6200,16800,300,3700,6000,200,17700,15500,8000,10400,17000,8200,4600,1900
92.0,5.87,46000,269967.0,5.86,5.85,5.84,5.83,5.82,5.81,5.8,5.79,5.78,5.75,5.87,5.88,5.89,5.9,5.91,5.92,5.94,5.95,5.96,5.97,2500,4300,6300,4900,600,6200,16800,300,3700,1200,600,6000,200,17700,15500,8000,10400,17000,8200,4600
93.0,5.87,46000,269967.0,5.86,5.85,5.84,5.83,5.82,5.81,5.8,5.79,5.78,5.75,5.87,5.88,5.89,5.9,5.91,5.92,5.94,5.95,5.96,5.97,2500,4300,6300,4900,600,6200,16800,300,3700,1200,600,6000,200,17700,15500,8000,10400,17000,8200,4600
94.0,5.87,46000,269967.0,5.86,5.85,5.84,5.83,5.82,5.81,5.8,5.79,5.78,5.75,5.87,5.88,5.89,5.9,5.91,5.92,5.94,5.95,5.96,5.97,2500,4300,6300,4900,600,6200,16800,300,3700,1200,600,6000,200,17700,15500,8000,10400,17000,8200,4600
95.0,5.88,47800,280545.0,5.86,5.85,5.84,5.83,5.82,5.81,5.8,5.79,5.78,5.75,5.88,5.89,5.9,5.91,5.92,5.94,5.95,5.96,5.97,5.98,2400,4300,6300,4900,600,6200,16800,300,3700,1200,4800,200,17700,15500,2000,10400,17000,8200,4600,1900
96.0,5.88,47800,280545.0,5.86,5.85,5.84,5.83,5.82,5.81,5.8,5.79,5.78,5.75,5.88,5.89,5.9,5.91,5.92,5.94,5.95,5.96,5.97,5.98,2400,4300,6300,4900,600,6200,16800,300,3700,1200,4800,200,17700,15500,2000,10400,17000,8200,4600,1900
97.0,5.88,47800,280545.0,5.86,5.84,5.83,5.82,5.81,5.8,5.79,5.78,5.75,5.71,5.88,5.89,5.9,5.91,5.92,5.94,5.95,5.96,5.97,5.98,2400,6300,4900,600,6200,16800,300,3700,1200,500,4800,200,17700,15500,2000,10400,17000,8200,4600,1900
98.0,5.88,47800,280545.0,5.86,5.84,5.83,5.82,5.81,5.8,5.79,5.78,5.75,5.71,5.88,5.89,5.9,5.91,5.92,5.94,5.95,5.96,5.97,5.98,2500,6300,4900,600,6200,16800,300,3700,1200,500,4800,200,17700,15500,2000,10400,17000,8200,4600,1900
99.0,5.88,47800,280545.0,5.86,5.84,5.83,5.82,5.81,5.8,5.79,5.78,5.75,5.71,5.88,5.89,5.9,5.91,5.92,5.94,5.95,5.96,5.97,5.98,2500,6300,4900,600,6200,16800,300,3700,1200,500,4800,200,17700,15500,2000,10400,17000,8200,4600,1900
100.0,5.88,47800,280545.0,5.86,5.84,5.83,5.82,5.81,5.8,5.79,5.78,5.75,5.71,5.88,5.89,5.9,5.91,5.92,5.94,5.95,5.96,5.97,5.98,2500,6300,4900,600,6200,16800,300,3700,1200,500,4800,200,17700,15500,2000,10400,17000,8200,4600,1900
101.0,5.88,47800,280545.0,5.86,5.84,5.83,5.82,5.81,5.8,5.79,5.78,5.75,5.71,5.88,5.89,5.9,5.91,5.92,5.94,5.95,5.96,5.97,5.98,2500,6300,4900,600,6200,16800,300,3700,1200,500,4800,200,17700,15500,2000,10400,17000,8200,4600,1900
102.0,5.88,47800,280545.0,5.86,5.84,5.83,5.82,5.81,5.8,5.79,5.78,5.75,5.71,5.88,5.89,5.9,5.91,5.92,5.94,5.95,5.96,5.97,5.98,2500,6300,4900,600,6200,16800,300,3700,1200,500,4800,200,17700,15500,2000,10400,17000,8200,4600,1900
103.0,5.88,47800,280545.0,5.86,5.84,5.83,5.82,5.81,5.8,5.79,5.78,5.75,5.71,5.88,5.89,5.9,5.91,5.92,5.94,5.95,5.96,5.97,5.98,2500,6300,4900,600,6200,16800,300,3700,1200,500,4800,200,17700,15500,2000,10400,17000,8200,4600,1900
104.0,5.88,47800,280545.0,5.86,5.84,5.83,5.82,5.81,5.8,5.79,5.78,5.75,5.71,5.88,5.89,5.9,5.91,5.92,5.94,5.95,5.96,5.97,5.98,2500,6300,4900,600,6200,16800,300,3700,1200,500,4800,200,17700,15500,2000,10400,17000,8200,4600,1900
105.0,5.88,47800,280545.0,5.87,5.86,5.84,5.83,5.82,5.81,5.8,5.79,5.78,5.75,5.88,5.9,5.91,5.92,5.94,5.95,5.96,5.97,5.98,5.99,200,2500,6300,4900,600,6200,16800,300,3700,1200,4800,17700,15500,2000,10400,17000,8200,4600,1900,2000
106.0,5.88,47800,280545.0,5.87,5.86,5.84,5.83,5.82,5.81,5.8,5.79,5.78,5.75,5.88,5.9,5.91,5.92,5.94,5.95,5.96,5.97,5.98,5.99,200,2500,6300,4900,600,6200,16800,300,3700,1200,4800,17700,15500,2000,10400,17000,8200,4600,1900,2000
107.0,5.88,47800,280545.0,5.87,5.86,5.84,5.83,5.82,5.81,5.8,5.79,5.78,5.75,5.88,5.9,5.91,5.92,5.94,5.95,5.96,5.97,5.98,5.99,200,2500,6300,4900,600,6200,16800,300,3700,1200,4800,17700,15500,7600,10400,17000,8200,4600,1900,2000
108.0,5.88,47800,280545.0,5.87,5.86,5.84,5.83,5.82,5.81,5.8,5.79,5.78,5.75,5.88,5.9,5.91,5.92,5.94,5.95,5.96,5.97,5.98,5.99,200,2500,6300,4900,600,6200,16800,300,3700,1200,4800,17700,15500,7600,10400,17000,8200,4600,1900,2000
109.0,5.88,47800,280545.0,5.87,5.86,5.84,5.83,5.82,5.81,5.8,5.79,5.78,5.75,5.88,5.9,5.91,5.92,5.94,5.95,5.96,5.97,5.98,5.99,200,2500,6300,4900,600,6200,16800,300,3700,1200,4800,17700,15500,7600,10400,17000,8200,4600,1900,2000
110.0,5.88,49600,291129.0,5.87,5.86,5.84,5.83,5.82,5.81,5.8,5.79,5.78,5.75,5.88,5.9,5.91,5.92,5.94,5.95,5.96,5.97,5.98,5.99,200,2500,6300,4900,600,6200,16800,300,3700,1200,3000,17700,15500,7600,10400,17000,8200,4600,1900,2000
111.0,5.88,49600,291129.0,5.87,5.86,5.84,5.83,5.82,5.81,5.8,5.79,5.78,5.75,5.88,5.9,5.91,5.92,5.94,5.95,5.96,5.97,5.98,5.99,200,2500,6300,4900,600,6200,16800,300,3700,1200,3000,17700,15500,7600,10400,17000,8200,4600,1900,2000
112.0,5.88,49600,291129.0,5.87,5.86,5.84,5.83,5.82,5.81,5.8,5.79,5.78,5.75,5.88,5.9,5.91,5.92,5.94,5.95,5.96,5.97,5.98,5.99,200,2500,6300,4900,600,6200,16800,300,3700,1200,3000,17700,15500,7600,10400,17000,8200,4600,1900,2000
113.0,5.88,49600,291129.0,5.87,5.86,5.84,5.83,5.82,5.81,5.8,5.79,5.78,5.75,5.88,5.9,5.91,5.92,5.94,5.95,5.96,5.97,5.98,5.99,200,2500,6300,4900,600,6200,16800,300,3700,1200,3000,17700,15500,7600,10400,17000,8200,4600,1900,2000
114.0,5.88,49600,291129.0,5.87,5.86,5.84,5.83,5.82,5.81,5.8,5.79,5.78,5.75,5.88,5.9,5.91,5.92,5.94,5.95,5.96,5.97,5.98,5.99,200,2500,6300,4900,600,6200,16800,300,3700,1200,3000,17700,15500,7600,10400,17000,8200,4600,1900,2000
115.0,5.88,49600,291129.0,5.87,5.86,5.85,5.84,5.83,5.82,5.81,5.8,5.79,5.78,5.88,5.9,5.91,5.92,5.94,5.95,5.96,5.97,5.98,5.99,200,2500,2000,6300,4900,600,6200,16800,300,3700,3000,17700,15500,7600,10400,17000,8200,4600,1900,2000
116.0,5.88,49600,291129.0,5.87,5.86,5.85,5.84,5.83,5.82,5.81,5.8,5.79,5.78,5.88,5.9,5.91,5.92,5.94,5.95,5.96,5.97,5.98,5.99,200,2500,2000,6300,4900,600,6200,16800,300,3700,3000,17700,15500,7600,10400,17000,8200,4600,1900,2000
117.0,5.88,49600,291129.0,5.87,5.86,5.85,5.84,5.83,5.82,5.81,5.8,5.79,5.78,5.88,5.9,5.91,5.92,5.94,5.95,5.96,5.97,5.98,5.99,200,2500,2000,6300,4900,600,6200,16800,300,3700,3000,17700,15500,7600,10400,17000,8200,4600,1900,2000
118.0,5.88,49600,291129.0,5.86,5.85,5.84,5.83,5.82,5.81,5.8,5.79,5.78,5.75,5.88,5.9,5.91,5.92,5.94,5.95,5.96,5.97,5.98,5.99,2500,2000,6300,4900,600,6200,16800,300,3700,1200,3000,17700,15500,7600,10400,17000,8200,4600,1900,2000
119.0,5.88,49600,291129.0,5.86,5.85,5.84,5.83,5.82,5.81,5.8,5.79,5.78,5.75,5.88,5.9,5.91,5.92,5.94,5.95,5.96,5.97,5.98,5.99,2500,2000,6300,4900,600,6200,16800,300,3700,1200,3000,17700,15500,7600,10400,17000,8200,4600,1900,2000
120.0,5.88,49600,291129.0,5.86,5.85,5.84,5.83,5.82,5.81,5.8,5.79,5.78,5.75,5.88,5.9,5.91,5.92,5.94,5.95,5.96,5.97,5.98,5.99,2500,2000,6300,4900,600,6200,16800,300,3700,1200,3000,17700,15500,7600,10400,17000,8200,4600,1900,2000
121.0,5.88,49600,291129.0,5.86,5.85,5.84,5.83,5.82,5.81,5.8,5.79,5.78,5.75,5.88,5.9,5.91,5.92,5.94,5.95,5.96,5.97,5.98,5.99,2500,2000,6300,4900,600,6200,16800,300,3700,1200,3000,17700,15500,7600,10400,17000,8200,4600,1900,2000
122.0,5.88,49600,291129.0,5.86,5.85,5.84,5.83,5.82,5.81,5.8,5.79,5.78,5.75,5.88,5.9,5.91,5.92,5.94,5.95,5.96,5.97,5.98,5.99,2500,2000,6300,4900,600,6200,16800,300,3700,1200,3000,17700,15500,7600,10400,17000,8200,4600,1900,2000
123.0,5.88,49600,291129.0,5.86,5.85,5.84,5.83,5.82,5.81,5.8,5.79,5.78,5.75,5.88,5.9,5.91,5.92,5.94,5.95,5.96,5.97,5.98,5.99,3200,2000,6300,4900,600,6200,16800,300,3700,1200,3000,17700,15500,7600,10400,17000,8200,4600,1900,2000
124.0,5.88,49600,291129.0,5.86,5.85,5.84,5.83,5.82,5.81,5.8,5.79,5.78,5.75,5.88,5.9,5.91,5.92,5.94,5.95,5.96,5.97,5.98,5.99,3200,2000,6300,4900,600,6200,16800,300,3700,1200,3000,17700,15500,7600,10400,17000,8200,4600,1900,2000
125.0,5.88,49600,291129.0,5.87,5.86,5.85,5.84,5.83,5.82,5.81,5.8,5.79,5.78,5.88,5.9,5.91,5.92,5.94,5.95,5.96,5.97,5.98,5.99,200,3200,2300,6300,4900,600,6200,16800,300,3700,3000,17700,15500,7600,10400,17000,8200,4600,1900,2000
126.0,5.88,49600,291129.0,5.87,5.86,5.85,5.84,5.83,5.82,5.81,5.8,5.79,5.78,5.88,5.9,5.91,5.92,5.94,5.95,5.96,5.97,5.98,5.99,1800,3200,2300,6300,4900,600,6200,16800,300,3700,3000,17700,15500,7600,10400,17000,8200,4600,1900,2000
127.0,5.88,49600,291129.0,5.87,5.86,5.85,5.84,5.83,5.82,5.81,5.8,5.79,5.78,5.88,5.9,5.91,5.92,5.94,5.95,5.96,5.97,5.98,5.99,1800,3200,2300,6300,4900,600,6200,16800,300,3700,3000,17700,15500,7600,10400,17000,8200,4600,1900,2000
128.0,5.88,49600,291129.0,5.87,5.86,5.85,5.84,5.83,5.82,5.81,5.8,5.79,5.78,5.88,5.89,5.9,5.91,5.92,5.94,5.95,5.96,5.97,5.98,1800,3200,2300,6300,4900,600,6200,16800,300,3700,3000,1000,17700,15500,7600,10400,17000,8200,4600,1900
129.0,5.88,49800,292305.0,5.87,5.86,5.85,5.84,5.83,5.82,5.81,5.8,5.79,5.78,5.88,5.89,5.9,5.91,5.92,5.94,5.95,5.96,5.97,5.98,2000,3000,2300,6300,4900,600,6200,16800,300,3700,2800,1000,17700,15500,7600,10400,17000,8200,4600,1900
130.0,5.88,49800,292305.0,5.87,5.86,5.85,5.84,5.83,5.82,5.81,5.8,5.79,5.78,5.88,5.89,5.9,5.91,5.92,5.94,5.95,5.96,5.97,5.98,2000,3000,2300,6300,4900,600,6200,16800,300,3700,2800,1000,17700,15500,7600,10400,17000,8200,4600,1900
131.0,5.88,49800,292305.0,5.87,5.86,5.85,5.84,5.83,5.82,5.81,5.8,5.79,5.78,5.88,5.89,5.9,5.91,5.92,5.94,5.95,5.96,5.97,5.98,3000,3000,2300,6300,4900,600,6200,16800,300,3700,2800,1000,17700,15500,7600,10400,17000,8200,4600,1900
132.0,5.88,49800,292305.0,5.87,5.86,5.85,5.84,5.83,5.82,5.81,5.8,5.79,5.78,5.88,5.89,5.9,5.91,5.92,5.94,5.95,5.96,5.97,5.98,3000,3000,2300,6300,4900,600,6200,16800,300,3700,2800,1000,17700,15500,7600,10400,17000,8200,4600,1900
133.0,5.88,49800,292305.0,5.87,5.86,5.85,5.84,5.83,5.82,5.81,5.8,5.79,5.78,5.88,5.89,5.9,5.91,5.92,5.94,5.95,5.96,5.97,5.98,3000,3000,2300,6300,4900,600,6200,16800,300,3700,2800,1000,17700,15500,7600,10400,17000,8200,4600,1900
134.0,5.88,49800,292305.0,5.87,5.86,5.85,5.84,5.83,5.82,5.81,5.8,5.79,5.78,5.88,5.89,5.9,5.91,5.92,5.94,5.95,5.96,5.97,5.98,3000,3000,2300,6300,4900,600,6200,16800,300,3700,2800,1000,17700,15500,7600,10400,17000,8200,4600,1900
135.0,5.88,49800,292305.0,5.87,5.86,5.85,5.84,5.83,5.82,5.81,5.8,5.79,5.78,5.88,5.89,5.9,5.91,5.92,5.94,5.95,5.96,5.97,5.98,1400,3000,2300,6300,4900,600,6200,16800,300,3700,2800,1000,17700,15500,7600,10400,17000,8200,4600,1900
136.0,5.88,49800,292305.0,5.87,5.86,5.85,5.84,5.83,5.82,5.81,5.8,5.79,5.78,5.88,5.89,5.9,5.91,5.92,5.94,5.95,5.96,5.97,5.98,1400,3000,2300,6300,4900,600,6200,16800,300,3700,2800,1000,17700,15500,7600,10400,17000,8200,4600,1900
137.0,5.88,49800,292305.0,5.87,5.86,5.85,5.84,5.83,5.82,5.81,5.8,5.79,5.78,5.88,5.89,5.9,5.91,5.92,5.94,5.95,5.96,5.97,5.98,1400,3000,2300,6300,4900,600,6200,16800,300,3700,2800,1000,17700,15500,7600,10400,17000,8200,4600,1900
138.0,5.88,49800,292305.0,5.87,5.86,5.85,5.84,5.83,5.82,5.81,5.8,5.79,5.78,5.88,5.89,5.9,5.91,5.92,5.94,5.95,5.96,5.97,5.98,1700,3000,2300,6300,4900,600,6200,16800,300,3700,2800,1000,17700,15500,7600,10400,17000,8200,4600,1900
139.0,5.88,49800,292305.0,5.87,5.86,5.85,5.84,5.83,5.82,5.81,5.8,5.79,5.78,5.88,5.89,5.9,5.91,5.92,5.94,5.95,5.96,5.97,5.98,1700,3000,2300,6300,4900,600,6200,16800,300,3700,2800,1000,17700,15500,7600,10400,17000,8200,4600,1900
140.0,5.88,49800,292305.0,5.87,5.86,5.85,5.84,5.83,5.82,5.81,5.8,5.79,5.78,5.88,5.89,5.9,5.91,5.92,5.94,5.95,5.96,5.97,5.98,1700,3000,2300,6300,4900,600,6200,16800,300,3700,2800,1000,17700,15500,7600,10400,17000,8200,4600,1900
141.0,5.88,51700,303477.0,5.87,5.86,5.85,5.84,5.83,5.82,5.81,5.8,5.79,5.78,5.88,5.89,5.9,5.91,5.92,5.94,5.95,5.96,5.97,5.98,1700,3000,2300,6300,4900,600,6200,16800,300,3700,2500,1000,17700,15500,7600,10400,17000,8200,4600,1900
142.0,5.88,51700,303477.0,5.87,5.86,5.85,5.84,5.83,5.82,5.81,5.8,5.79,5.78,5.88,5.89,5.9,5.91,5.92,5.94,5.95,5.96,5.97,5.98,1700,16300,2300,6300,4900,600,6200,16800,300,3700,2500,1000,17700,15500,7600,10400,17000,8200,4600,1900
143.0,5.88,51700,303477.0,5.87,5.86,5.85,5.84,5.83,5.82,5.81,5.8,5.79,5.78,5.88,5.89,5.9,5.91,5.92,5.94,5.95,5.96,5.97,5.98,1700,16300,2300,6300,4900,600,6200,16800,300,3700,2500,1000,17700,15500,7600,10400,17000,8200,4600,1900
144.0,5.88,51700,303477.0,5.87,5.86,5.85,5.84,5.83,5.82,5.81,5.8,5.79,5.78,5.88,5.9,5.91,5.92,5.94,5.95,5.96,5.97,5.98,5.99,1700,16300,2300,6300,4900,600,6200,16800,300,3700,2500,17700,15500,7600,10400,17000,8200,4600,1900,2000
145.0,5.88,51700,303477.0,5.87,5.86,5.85,5.84,5.83,5.82,5.81,5.8,5.79,5.78,5.88,5.9,5.91,5.92,5.94,5.95,5.96,5.97,5.98,5.99,1700,16300,2300,6300,4900,600,4200,16800,300,3700,2500,17700,15500,7600,10400,17000,8200,4600,1900,2000
146.0,5.88,51900,304653.0,5.87,5.86,5.85,5.84,5.83,5.82,5.81,5.8,5.79,5.78,5.88,5.89,5.9,5.91,5.92,5.94,5.95,5.96,5.97,5.98,1700,16300,2300,6300,4900,600,4200,16800,300,3700,2300,2300,17700,15500,7600,10400,17000,8200,4600,1900
147.0,5.88,51900,304653.0,5.87,5.86,5.85,5.84,5.83,5.82,5.81,5.8,5.79,5.78,5.88,5.89,5.9,5.91,5.92,5.94,5.95,5.96,5.97,5.98,1700,16300,2300,6300,4900,600,4200,16800,300,3700,2300,2300,17700,15500,7600,10400,17000,8200,4600,1900
148.0,5.88,51900,304653.0,5.87,5.86,5.85,5.84,5.83,5.82,5.81,5.8,5.79,5.78,5.88,5.89,5.9,5.91,5.92,5.94,5.95,5.96,5.97,5.98,1700,16300,2300,6300,4900,600,4200,16800,300,3700,2300,2300,17700,15500,7600,10400,17000,8200,4600,1900
149.0,5.88,51900,304653.0,5.87,5.86,5.85,5.84,5.83,5.82,5.81,5.8,5.79,5.78,5.88,5.89,5.9,5.91,5.92,5.94,5.95,5.96,5.97,5.98,1700,16300,2300,6300,4900,600,4200,16800,300,3700,2300,2300,17700,15500,7600,10400,17000,8200,4600,1900
150.0,5.88,51900,304653.0,5.87,5.86,5.85,5.84,5.83,5.82,5.81,5.8,5.79,5.78,5.88,5.89,5.9,5.91,5.92,5.94,5.95,5.96,5.97,5.98,1700,16300,2300,6300,4900,600,4200,16800,300,3700,2300,2300,17700,15500,7600,10400,17000,8200,4600,1900
151.0,5.88,51900,304653.0,5.87,5.86,5.85,5.84,5.83,5.82,5.81,5.8,5.79,5.78,5.88,5.89,5.9,5.91,5.92,5.94,5.95,5.96,5.97,5.98,1700,16300,2300,6300,4900,600,4200,16800,300,3700,2300,2300,17700,15500,7600,10400,17000,8200,4600,1900
152.0,5.88,51900,304653.0,5.87,5.86,5.85,5.84,5.83,5.82,5.81,5.8,5.79,5.78,5.88,5.89,5.9,5.91,5.92,5.94,5.95,5.96,5.97,5.98,1700,16300,2300,6300,4900,600,4200,16800,300,3700,2300,2300,17700,15500,7600,10400,17000,8200,4600,1900
153.0,5.88,51900,304653.0,5.87,5.86,5.85,5.84,5.83,5.82,5.81,5.8,5.79,5.78,5.88,5.89,5.9,5.91,5.92,5.94,5.95,5.96,5.97,5.98,1700,16300,2300,6300,4900,600,4200,16800,300,3700,2300,2300,17700,15500,7600,10400,17000,8200,4600,1900
154.0,5.88,51900,304653.0,5.87,5.86,5.85,5.84,5.83,5.82,5.81,5.8,5.79,5.78,5.88,5.89,5.9,5.91,5.92,5.94,5.95,5.96,5.97,5.98,1700,16300,2300,6300,4900,600,4200,16800,300,3700,2300,2300,17700,15500,7600,10400,17000,8200,4600,1900
155.0,5.88,52100,305829.0,5.87,5.86,5.85,5.84,5.83,5.82,5.81,5.8,5.79,5.78,5.88,5.89,5.9,5.91,5.92,5.94,5.95,5.96,5.97,5.98,1700,16300,2300,6300,4900,600,4200,16800,300,3700,2100,2300,17700,15500,7600,10400,17000,8200,4600,1900
156.0,5.88,53800,315825.0,5.87,5.86,5.85,5.84,5.83,5.82,5.81,5.8,5.79,5.78,5.88,5.89,5.9,5.91,5.92,5.94,5.95,5.96,5.97,5.98,1700,16300,2300,6300,4900,600,4200,16800,300,3700,400,2300,17700,15500,7600,10400,17000,8200,4600,1900
157.0,5.88,53800,315825.0,5.87,5.86,5.85,5.84,5.83,5.82,5.81,5.8,5.79,5.78,5.88,5.89,5.9,5.91,5.92,5.94,5.95,5.96,5.97,5.98,1700,16300,2300,6300,4900,600,4200,16800,300,3700,400,2300,17700,15500,7600,10400,17000,8200,4600,1900
158.0,5.88,53800,315825.0,5.87,5.86,5.85,5.84,5.83,5.82,5.81,5.8,5.79,5.78,5.88,5.89,5.9,5.91,5.92,5.94,5.95,5.96,5.97,5.98,1700,16300,2300,6300,4900,600,4200,16800,300,3700,400,2300,17700,15500,7600,10400,17000,8200,4600,1900
159.0,5.88,53800,315825.0,5.87,5.86,5.85,5.84,5.83,5.82,5.81,5.8,5.79,5.78,5.88,5.89,5.9,5.91,5.92,5.94,5.95,5.96,5.97,5.98,1700,16300,2300,6300,4900,600,4200,16800,300,3700,400,2300,17700,15500,7600,10400,17000,8200,4600,1900
160.0,5.88,53800,315825.0,5.87,5.86,5.85,5.84,5.83,5.82,5.81,5.8,5.79,5.78,5.88,5.89,5.9,5.91,5.92,5.94,5.95,5.96,5.97,5.98,1700,16300,2300,6300,4900,600,4200,16800,300,3700,400,2300,17700,15500,7600,10400,17000,8200,4600,1900
161.0,5.88,53800,315825.0,5.87,5.86,5.85,5.84,5.83,5.82,5.81,5.8,5.79,5.78,5.88,5.89,5.9,5.91,5.92,5.94,5.95,5.96,5.97,5.98,1700,16300,2300,6300,4900,600,4200,16800,300,3700,400,2300,17700,15500,7600,10400,17000,8200,4600,1900
162.0,5.88,54200,318177.0,5.88,5.87,5.86,5.85,5.84,5.83,5.82,5.81,5.8,5.79,5.89,5.9,5.91,5.92,5.94,5.95,5.96,5.97,5.98,5.99,200,1100,16300,4300,6300,4900,600,4200,16800,300,2300,17700,15500,7600,10400,17000,8200,4600,1900,2000
163.0,5.88,54200,318177.0,5.88,5.87,5.86,5.85,5.84,5.83,5.82,5.81,5.8,5.79,5.89,5.9,5.91,5.92,5.94,5.95,5.96,5.97,5.98,5.99,200,1100,16300,4300,6300,4900,600,4200,16800,300,2300,17700,15500,7600,10400,17000,8200,4600,1900,2000
164.0,5.88,54200,318177.0,5.88,5.87,5.86,5.85,5.84,5.83,5.82,5.81,5.8,5.79,5.89,5.9,5.91,5.92,5.94,5.95,5.96,5.97,5.98,5.99,200,2200,16300,4300,6300,4900,600,4200,16800,300,2300,17700,15500,7600,10400,17000,8200,4600,1900,2000
165.0,5.88,54200,318177.0,5.88,5.87,5.86,5.85,5.84,5.83,5.82,5.81,5.8,5.79,5.89,5.9,5.91,5.92,5.94,5.95,5.96,5.97,5.98,5.99,200,2200,16300,4300,6300,4900,600,4200,16800,300,2300,17700,15500,7600,10400,17000,8200,4600,1900,2000
166.0,5.88,54200,318177.0,5.88,5.87,5.86,5.85,5.84,5.83,5.82,5.81,5.8,5.79,5.89,5.9,5.91,5.92,5.94,5.95,5.96,5.97,5.98,5.99,400,2200,16300,4300,6300,4900,600,4200,16800,300,2300,17700,15500,7600,10400,17000,8200,4600,1900,2000
167.0,5.88,56200,329952.0,5.87,5.86,5.85,5.84,5.83,5.82,5.81,5.8,5.79,5.78,5.88,5.89,5.9,5.91,5.92,5.94,5.95,5.96,5.97,5.98,2200,16300,4300,6300,4700,600,4200,16800,300,3700,400,2800,17700,15500,7600,10400,17000,8200,4600,1900
168.0,5.88,56200,329952.0,5.87,5.86,5.85,5.84,5.83,5.82,5.81,5.8,5.79,5.78,5.88,5.89,5.9,5.91,5.92,5.94,5.95,5.96,5.97,5.98,2200,16300,4300,6300,4700,600,4200,16800,300,3700,400,2800,17700,15500,7600,10400,17000,8200,4600,1900
169.0,5.88,56200,329952.0,5.87,5.86,5.85,5.84,5.83,5.82,5.81,5.8,5.79,5.78,5.88,5.89,5.9,5.91,5.92,5.94,5.95,5.96,5.97,5.98,2200,16300,4300,6300,4700,600,4200,16800,300,3700,400,2800,17700,15500,7600,10400,17000,8200,4600,1900
170.0,5.89,57700,338783.0,5.87,5.86,5.85,5.84,5.83,5.82,5.81,5.8,5.79,5.78,5.89,5.9,5.91,5.92,5.94,5.95,5.96,5.97,5.98,5.99,2200,16300,4300,6300,4700,600,4200,16800,300,3700,2400,17700,15500,7600,10400,17000,8200,4600,1900,2000
171.0,5.89,57800,339372.0,5.87,5.86,5.85,5.84,5.83,5.82,5.81,5.8,5.79,5.78,5.89,5.9,5.91,5.92,5.94,5.95,5.96,5.97,5.98,5.99,2100,16300,4300,6300,4700,600,4200,16800,300,3700,2600,17700,15500,7600,10400,17000,8200,4600,1900,2000
172.0,5.89,57800,339372.0,5.87,5.86,5.85,5.84,5.83,5.82,5.81,5.8,5.79,5.78,5.89,5.9,5.91,5.92,5.94,5.95,5.96,5.97,5.98,5.99,2100,16300,4300,6300,4700,600,4200,16800,300,3700,2600,17700,15500,7600,10400,17000,8200,4600,1900,2000
173.0,5.89,57800,339372.0,5.87,5.86,5.85,5.84,5.83,5.82,5.81,5.8,5.79,5.78,5.89,5.9,5.91,5.92,5.94,5.95,5.96,5.97,5.98,5.99,2100,16300,4300,6300,4700,600,4200,16800,300,3700,2600,17700,15500,7600,10400,17000,8200,4600,1900,2000
174.0,5.89,57800,339372.0,5.87,5.86,5.85,5.84,5.83,5.82,5.81,5.8,5.79,5.78,5.89,5.9,5.91,5.92,5.94,5.95,5.96,5.97,5.98,5.99,2100,16300,4300,6300,4700,600,4200,16800,300,3700,2600,17700,15500,7600,10400,17000,8200,4600,1900,2000
175.0,5.89,57800,339372.0,5.87,5.86,5.85,5.84,5.83,5.82,5.81,5.8,5.79,5.78,5.89,5.9,5.91,5.92,5.94,5.95,5.96,5.97,5.98,5.99,2100,16300,4300,6300,4700,600,4200,16800,300,3700,2600,17700,15500,7600,10400,17000,8200,4600,1900,2000
176.0,5.89,57800,339372.0,5.87,5.86,5.85,5.84,5.83,5.82,5.81,5.8,5.79,5.78,5.89,5.9,5.91,5.92,5.94,5.95,5.96,5.97,5.98,5.99,2100,16300,4300,6300,4700,600,4200,16800,300,3700,2600,17700,15500,7600,10400,17000,8200,4600,1900,2000
177.0,5.89,57800,339372.0,5.87,5.86,5.85,5.84,5.83,5.82,5.81,5.8,5.79,5.78,5.89,5.9,5.91,5.92,5.94,5.95,5.96,5.97,5.98,5.99,2100,16300,4300,6300,4700,600,4200,16800,300,3700,2600,17700,15500,7600,10400,17000,8200,4600,1900,2000
178.0,5.89,57800,339372.0,5.87,5.86,5.85,5.84,5.83,5.82,5.81,5.8,5.79,5.78,5.89,5.9,5.91,5.92,5.94,5.95,5.96,5.97,5.98,5.99,2100,16300,4300,6300,4700,600,4200,16800,300,3700,2600,17700,15500,7600,10400,17000,8200,4600,1900,2000
179.0,5.89,57800,339372.0,5.87,5.86,5.85,5.84,5.83,5.82,5.81,5.8,5.79,5.78,5.89,5.9,5.91,5.92,5.94,5.95,5.96,5.97,5.98,5.99,2100,16300,4300,6300,4700,600,4200,16800,300,3700,2600,17700,15500,7600,10400,17000,8200,4600,1900,2000
180.0,5.89,57800,339372.0,5.87,5.86,5.85,5.84,5.83,5.82,5.81,5.8,5.79,5.78,5.89,5.9,5.91,5.92,5.94,5.95,5.96,5.97,5.98,5.99,2100,16300,4300,6300,4700,600,4200,16800,300,3700,2600,17700,15500,7600,10400,17000,8200,4600,1900,2000
181.0,5.89,57800,339372.0,5.87,5.86,5.85,5.84,5.83,5.82,5.81,5.8,5.79,5.78,5.89,5.9,5.91,5.92,5.94,5.95,5.96,5.97,5.98,5.99,2100,16300,4300,6300,4700,600,4200,16800,300,3700,2600,17700,15500,7600,10400,17000,8200,4600,1900,2000
182.0,5.89,57800,339372.0,5.87,5.86,5.85,5.84,5.83,5.82,5.81,5.8,5.79,5.78,5.89,5.9,5.91,5.92,5.94,5.95,5.96,5.97,5.98,5.99,2100,16300,4300,6300,4700,600,4200,16800,300,3700,2600,17700,15500,7600,10400,17000,8200,4600,1900,2000
183.0,5.89,57800,339372.0,5.87,5.86,5.85,5.84,5.83,5.82,5.81,5.8,5.79,5.78,5.89,5.9,5.91,5.92,5.94,5.95,5.96,5.97,5.98,5.99,2100,16300,4300,6300,4700,600,4200,16800,300,3700,2600,17700,15500,7600,10400,17000,8200,4600,1900,2000
184.0,5.89,57800,339372.0,5.87,5.86,5.85,5.84,5.83,5.82,5.81,5.8,5.79,5.78,5.89,5.9,5.91,5.92,5.94,5.95,5.96,5.97,5.98,5.99,2100,16300,4300,6300,4700,600,4200,16800,300,3700,2600,17700,15500,7600,10400,17000,8200,4600,1900,2000
185.0,5.89,57800,339372.0,5.87,5.86,5.85,5.84,5.83,5.82,5.81,5.8,5.79,5.78,5.89,5.9,5.91,5.92,5.94,5.95,5.96,5.97,5.98,5.99,2100,14300,4300,6300,4700,600,4200,16800,300,3700,2600,17700,15500,7600,10400,17000,8200,4600,1900,2000
186.0,5.89,57800,339372.0,5.87,5.86,5.85,5.84,5.83,5.82,5.81,5.8,5.79,5.78,5.89,5.9,5.91,5.92,5.94,5.95,5.96,5.97,5.98,5.99,2100,14300,4300,6300,4700,600,4200,16800,300,3700,2600,17700,15500,7600,10400,17000,8200,4600,1900,2000
187.0,5.89,57800,339372.0,5.87,5.86,5.85,5.84,5.83,5.82,5.81,5.8,5.79,5.78,5.89,5.9,5.91,5.92,5.94,5.95,5.96,5.97,5.98,5.99,2100,14300,4300,6300,4700,600,4200,16800,300,3700,2600,17700,15500,7600,10400,17000,8200,4600,1900,2000
188.0,5.89,57800,339372.0,5.87,5.86,5.85,5.84,5.83,5.82,5.81,5.8,5.79,5.78,5.89,5.9,5.91,5.92,5.94,5.95,5.96,5.97,5.98,5.99,2100,14300,4300,6300,4700,600,4200,16800,300,3700,2600,17700,15500,7600,10400,17000,8200,4600,1900,2000
189.0,5.89,57800,339372.0,5.87,5.86,5.85,5.84,5.83,5.82,5.81,5.8,5.79,5.78,5.89,5.9,5.91,5.92,5.94,5.95,5.96,5.97,5.98,5.99,2100,14300,4300,6300,4700,600,4200,16800,300,3700,2600,17700,15500,7600,10400,17000,8200,4600,1900,2000
190.0,5.89,57800,339372.0,5.88,5.87,5.86,5.85,5.84,5.83,5.82,5.81,5.8,5.79,5.89,5.9,5.91,5.92,5.94,5.95,5.96,5.97,5.98,5.99,2100,2100,14300,4300,6300,4700,600,4200,16800,300,2600,17700,15500,7600,10400,17000,8200,4600,1900,2000
191.0,5.89,57800,339372.0,5.88,5.87,5.86,5.85,5.84,5.83,5.82,5.81,5.8,5.79,5.89,5.9,5.91,5.92,5.94,5.95,5.96,5.97,5.98,5.99,2100,2100,14300,4300,6300,4700,600,4200,16800,300,2600,17700,15500,7600,10400,17000,8200,4600,1900,2000
192.0,5.89,57800,339372.0,5.88,5.87,5.86,5.85,5.84,5.83,5.82,5.81,5.8,5.79,5.89,5.9,5.91,5.92,5.94,5.95,5.96,5.97,5.98,5.99,2100,2100,14300,4300,6300,4700,600,4200,16800,300,2600,17700,15500,7600,10400,17000,8200,4600,1900,2000
193.0,5.89,57800,339372.0,5.88,5.87,5.86,5.85,5.84,5.83,5.82,5.81,5.8,5.79,5.89,5.9,5.91,5.92,5.94,5.95,5.96,5.97,5.98,5.99,2100,2100,14300,4300,6300,4700,600,4200,16800,300,2600,17700,15500,7600,10400,17000,8200,4600,1900,2000
194.0,5.89,57800,339372.0,5.88,5.87,5.86,5.85,5.84,5.83,5.82,5.81,5.8,5.79,5.89,5.9,5.91,5.92,5.94,5.95,5.96,5.97,5.98,5.99,2100,2100,14300,4300,6300,4700,600,4200,16800,300,2600,17700,15500,7600,10400,17000,8200,4600,1900,2000
195.0,5.89,57800,339372.0,5.88,5.87,5.86,5.85,5.84,5.83,5.82,5.81,5.8,5.79,5.89,5.9,5.91,5.92,5.94,5.95,5.96,5.97,5.98,5.99,2100,2100,14300,4300,6300,4700,600,4200,16800,300,2600,17700,15500,7600,12400,17000,8200,4600,1900,2000
196.0,5.89,57800,339372.0,5.88,5.87,5.86,5.85,5.84,5.83,5.82,5.81,5.8,5.79,5.89,5.9,5.91,5.92,5.94,5.95,5.96,5.97,5.98,5.99,2100,2100,14300,4300,6300,4700,600,4200,16800,300,2600,17700,15500,7600,12400,17000,8200,4600,1900,2000
197.0,5.89,57800,339372.0,5.88,5.87,5.86,5.85,5.84,5.83,5.82,5.81,5.8,5.79,5.89,5.9,5.91,5.92,5.94,5.95,5.96,5.97,5.98,5.99,2100,2100,14300,4300,6300,4700,600,4200,16800,300,2600,17700,15500,7600,12400,17000,8200,4600,1900,2000
198.0,5.89,57800,339372.0,5.88,5.87,5.86,5.85,5.84,5.83,5.82,5.81,5.8,5.79,5.89,5.9,5.91,5.92,5.94,5.95,5.96,5.97,5.98,5.99,2100,2100,14300,4300,6300,4700,600,4200,16800,300,2600,17700,15500,7600,12400,17000,8200,4600,1900,2000
199.0,5.89,57800,339372.0,5.88,5.87,5.86,5.85,5.84,5.83,5.82,5.81,5.8,5.79,5.89,5.9,5.91,5.92,5.94,5.95,5.96,5.97,5.98,5.99,2100,2100,14300,4300,6300,4700,600,4200,16800,300,2600,17700,15500,7600,12400,17000,8200,4600,1900,2000
200.0,5.89,57800,339372.0,5.88,5.87,5.86,5.85,5.84,5.83,5.82,5.81,5.8,5.79,5.89,5.9,5.91,5.92,5.94,5.95,5.96,5.97,5.98,5.99,2100,2100,14300,4300,6300,4700,600,4200,16800,300,2600,17700,15500,7600,12400,17000,8200,4600,1900,2000
201.0,5.89,57800,339372.0,5.88,5.87,5.86,5.85,5.84,5.83,5.82,5.81,5.8,5.79,5.89,5.9,5.91,5.92,5.94,5.95,5.96,5.97,5.98,5.99,2100,2100,14300,4300,6300,4700,600,4200,16800,300,2600,17700,15500,7600,12400,17000,8200,4600,1900,2000
202.0,5.89,57800,339372.0,5.88,5.87,5.86,5.85,5.84,5.83,5.82,5.81,5.8,5.79,5.89,5.9,5.91,5.92,5.94,5.95,5.96,5.97,5.98,5.99,2100,2100,14300,4300,6300,4700,600,4200,16800,300,3100,17700,15500,7600,12400,17000,8200,4600,1900,2000
203.0,5.89,57800,339372.0,5.88,5.87,5.86,5.85,5.84,5.83,5.82,5.81,5.8,5.79,5.89,5.9,5.91,5.92,5.94,5.95,5.96,5.97,5.98,5.99,2100,2100,14300,4300,6300,4700,600,4200,16800,300,3100,17700,15500,7600,12400,17000,8200,4600,1900,2000
204.0,5.89,57800,339372.0,5.88,5.87,5.86,5.85,5.84,5.83,5.82,5.81,5.8,5.79,5.89,5.9,5.91,5.92,5.94,5.95,5.96,5.97,5.98,5.99,2100,2100,14300,4300,6300,4700,600,4200,16800,300,3100,17700,15500,7600,12400,17000,8200,4600,1900,2000
205.0,5.89,57800,339372.0,5.88,5.87,5.86,5.85,5.84,5.83,5.82,5.81,5.8,5.79,5.89,5.9,5.91,5.92,5.94,5.95,5.96,5.97,5.98,5.99,2100,2100,14300,4300,6300,4700,600,4200,16800,300,3100,17700,15500,7600,12400,17000,8200,4600,1900,2000
206.0,5.89,57800,339372.0,5.88,5.87,5.86,5.85,5.84,5.83,5.82,5.81,5.8,5.79,5.89,5.9,5.91,5.92,5.94,5.95,5.96,5.97,5.98,5.99,2100,2100,14300,4300,6300,4700,600,4200,16800,300,3100,17700,15500,7600,12400,17000,8200,4600,1900,2000
207.0,5.89,57800,339372.0,5.88,5.87,5.86,5.85,5.84,5.83,5.82,5.81,5.8,5.79,5.89,5.9,5.91,5.92,5.94,5.95,5.96,5.97,5.98,5.99,2100,2100,14300,4300,6300,4700,600,4200,16800,300,3100,17700,15500,7600,12400,17000,8200,4600,1900,2000
208.0,5.89,57800,339372.0,5.88,5.87,5.86,5.85,5.84,5.83,5.82,5.81,5.8,5.79,5.89,5.9,5.91,5.92,5.94,5.95,5.96,5.97,5.98,5.99,2100,2100,14300,4300,6300,4700,600,4200,16800,300,3100,17700,15500,7600,12400,17000,8200,4600,1900,2000
209.0,5.89,57800,339372.0,5.88,5.87,5.86,5.85,5.84,5.83,5.82,5.81,5.8,5.79,5.89,5.9,5.91,5.92,5.94,5.95,5.96,5.97,5.98,5.99,2100,2100,14300,4300,6300,4700,600,4200,16800,300,3100,17700,15500,7600,12400,17000,8200,4600,1900,2000
210.0,5.89,57800,339372.0,5.88,5.87,5.86,5.85,5.84,5.83,5.82,5.81,5.8,5.79,5.89,5.9,5.91,5.92,5.94,5.95,5.96,5.97,5.98,5.99,2100,2100,14300,4300,6300,4700,600,4200,16800,300,3100,17700,15500,7600,12400,17000,8200,4600,1900,2000
211.0,5.89,57800,339372.0,5.88,5.87,5.86,5.85,5.84,5.83,5.82,5.81,5.8,5.79,5.89,5.9,5.91,5.92,5.94,5.95,5.96,5.97,5.98,5.99,2100,2100,14300,4300,6300,4700,600,4200,16800,300,3100,17700,15500,7600,12400,17000,8200,4600,1900,2000
212.0,5.88,57900,339960.0,5.88,5.87,5.86,5.85,5.84,5.83,5.82,5.81,5.8,5.79,5.89,5.9,5.91,5.92,5.94,5.95,5.96,5.97,5.98,5.99,2000,2100,14300,4300,6300,4700,600,4200,16800,300,6100,17700,15500,7600,12400,17000,8200,4600,1900,2000
213.0,5.88,57900,339960.0,5.88,5.87,5.86,5.85,5.84,5.83,5.82,5.81,5.8,5.79,5.89,5.9,5.91,5.92,5.94,5.95,5.96,5.97,5.98,5.99,2000,2100,14300,4300,6300,4700,600,4200,16800,300,6100,17700,15500,7600,12400,17000,8200,4600,1900,2000
214.0,5.88,57900,339960.0,5.88,5.87,5.86,5.85,5.84,5.83,5.82,5.81,5.8,5.79,5.89,5.9,5.91,5.92,5.94,5.95,5.96,5.97,5.98,5.99,2000,2100,14300,4300,6300,4700,600,4200,16800,300,6100,17700,15500,7600,12400,17000,8200,4600,1900,2000
215.0,5.88,57900,339960.0,5.88,5.87,5.86,5.85,5.84,5.83,5.82,5.81,5.8,5.79,5.89,5.9,5.91,5.92,5.94,5.95,5.96,5.97,5.98,5.99,2000,2100,14300,6100,6300,4700,600,4200,16800,300,6100,17700,15500,7600,12400,17000,8200,4600,1900,2000
216.0,5.88,57900,339960.0,5.88,5.87,5.86,5.85,5.84,5.83,5.82,5.81,5.8,5.79,5.89,5.9,5.91,5.92,5.94,5.95,5.96,5.97,5.98,5.99,2000,2100,14300,6100,6300,4700,600,4200,16800,300,6100,17700,15500,7600,12400,17000,8200,4600,1900,2000
217.0,5.88,57900,339960.0,5.88,5.87,5.86,5.85,5.84,5.83,5.82,5.81,5.8,5.79,5.89,5.9,5.91,5.92,5.94,5.95,5.96,5.97,5.98,5.99,2000,2100,14300,6100,6300,4700,600,4200,16800,300,6100,17700,15500,7600,12400,17000,8200,4600,1900,2000
218.0,5.88,57900,339960.0,5.88,5.87,5.86,5.85,5.84,5.83,5.82,5.81,5.8,5.79,5.89,5.9,5.91,5.92,5.94,5.95,5.96,5.97,5.98,5.99,2000,2100,14300,6100,6300,4700,600,4200,16800,300,6100,17700,15500,7600,12400,17000,8200,4600,1900,2000
219.0,5.88,57900,339960.0,5.88,5.87,5.86,5.85,5.84,5.83,5.82,5.81,5.8,5.79,5.89,5.9,5.91,5.92,5.94,5.95,5.96,5.97,5.98,5.99,2000,2100,14300,6100,6300,4700,600,4200,16800,300,6100,17700,15500,7600,12400,17000,8200,4600,1900,2000
220.0,5.88,58200,341724.0,5.88,5.87,5.86,5.85,5.84,5.83,5.82,5.81,5.8,5.79,5.89,5.9,5.91,5.92,5.94,5.95,5.96,5.97,5.98,5.99,1700,2100,14300,6100,6300,4700,600,4200,16800,300,6100,17700,15500,7600,12400,17000,8200,4600,1900,2000
221.0,5.88,58200,341724.0,5.88,5.87,5.86,5.85,5.84,5.83,5.82,5.81,5.8,5.79,5.89,5.9,5.91,5.92,5.94,5.95,5.96,5.97,5.98,5.99,1700,2100,14300,6100,6300,4700,600,4200,16800,300,6100,17700,15500,7600,12400,17000,8200,4600,1900,2000
222.0,5.88,58200,341724.0,5.88,5.87,5.86,5.85,5.84,5.83,5.82,5.81,5.8,5.79,5.89,5.9,5.91,5.92,5.94,5.95,5.96,5.97,5.98,5.99,1700,2100,14300,6100,6300,4700,600,4200,16800,300,6100,17700,15500,7600,12400,17000,8200,4600,1900,2000
223.0,5.88,58200,341724.0,5.88,5.87,5.86,5.85,5.84,5.83,5.82,5.81,5.8,5.79,5.89,5.9,5.91,5.92,5.94,5.95,5.96,5.97,5.98,5.99,1700,2100,14300,6100,6300,4700,600,4200,16800,300,6100,17700,15500,7600,12400,17000,8200,4600,1900,2000
224.0,5.88,58200,341724.0,5.88,5.87,5.86,5.85,5.84,5.83,5.82,5.81,5.8,5.79,5.89,5.9,5.91,5.92,5.94,5.95,5.96,5.97,5.98,5.99,1700,2100,14300,6100,6300,4700,600,4200,16800,300,6100,17700,15500,7600,12400,17000,8200,4600,1900,2000
225.0,5.88,58200,341724.0,5.88,5.87,5.86,5.85,5.84,5.83,5.82,5.81,5.8,5.79,5.89,5.9,5.91,5.92,5.94,5.95,5.96,5.97,5.98,5.99,1700,2100,14300,6100,6300,4700,600,4200,16800,300,6100,17700,15500,7600,12400,17000,8200,4600,1900,2000
226.0,5.88,58200,341724.0,5.88,5.87,5.86,5.85,5.84,5.83,5.82,5.81,5.8,5.79,5.89,5.9,5.91,5.92,5.94,5.95,5.96,5.97,5.98,5.99,1700,2100,14300,6100,6300,4700,600,4200,16800,300,6100,17700,15500,7600,12400,17000,8200,4600,1900,2000
227.0,5.88,58200,341724.0,5.88,5.87,5.86,5.85,5.84,5.83,5.82,5.81,5.8,5.79,5.89,5.9,5.91,5.92,5.94,5.95,5.96,5.97,5.98,5.99,1700,2100,14300,6100,6300,4700,600,4200,16800,300,6100,17700,15500,7600,12400,17000,8200,4600,1900,2000
228.0,5.88,58200,341724.0,5.88,5.87,5.86,5.85,5.84,5.83,5.82,5.81,5.8,5.79,5.89,5.9,5.91,5.92,5.94,5.95,5.96,5.97,5.98,5.99,1900,2100,14300,6100,6300,4700,600,4200,16800,300,6100,17700,15500,7600,12400,17000,8200,4600,1900,2000
229.0,5.88,58200,341724.0,5.88,5.87,5.86,5.85,5.84,5.83,5.82,5.81,5.8,5.79,5.89,5.9,5.91,5.92,5.94,5.95,5.96,5.97,5.98,5.99,1900,2100,14300,6100,6300,4700,600,4200,16800,300,6100,17700,15500,7600,12400,17000,8200,4600,1900,2000
230.0,5.88,58200,341724.0,5.88,5.87,5.86,5.85,5.84,5.83,5.82,5.81,5.8,5.79,5.89,5.9,5.91,5.92,5.94,5.95,5.96,5.97,5.98,5.99,1900,2100,14300,6100,6300,4700,600,4200,16800,300,6100,17700,15500,7600,12400,17000,8200,4600,1900,2000
231.0,5.88,58200,341724.0,5.88,5.87,5.86,5.85,5.84,5.83,5.82,5.81,5.8,5.79,5.89,5.9,5.91,5.92,5.94,5.95,5.96,5.97,5.98,5.99,1900,2100,14300,6100,6300,4700,600,4200,16800,300,6100,17700,15500,7600,12400,17000,8200,4600,1900,2000
232.0,5.88,58200,341724.0,5.88,5.87,5.86,5.85,5.84,5.83,5.82,5.81,5.8,5.79,5.89,5.9,5.91,5.92,5.94,5.95,5.96,5.97,5.98,5.99,1900,2100,14300,6100,6300,4700,600,4200,16800,300,6100,17700,15500,7600,10400,17000,8200,4600,1900,2000
233.0,5.88,58200,341724.0,5.88,5.87,5.86,5.85,5.84,5.83,5.82,5.81,5.8,5.79,5.89,5.9,5.91,5.92,5.94,5.95,5.96,5.97,5.98,5.99,1900,2100,14300,6100,6300,4700,600,4200,16800,300,6100,17700,15500,7600,10400,17000,8200,4600,1900,2000
234.0,5.88,58200,341724.0,5.88,5.87,5.86,5.85,5.84,5.83,5.82,5.81,5.8,5.79,5.89,5.9,5.91,5.92,5.94,5.95,5.96,5.97,5.98,5.99,1900,2100,14300,6100,6300,4700,600,4200,16800,300,6100,17700,15500,7600,10400,17000,8200,4600,1900,2000
235.0,5.88,58200,341724.0,5.88,5.87,5.86,5.85,5.84,5.83,5.82,5.81,5.8,5.79,5.89,5.9,5.91,5.92,5.94,5.95,5.96,5.97,5.98,5.99,1900,2100,14300,6100,6300,4700,600,4200,16800,300,6100,17700,15500,7600,10400,17000,8200,4600,1900,2000
236.0,5.88,58200,341724.0,5.88,5.87,5.86,5.85,5.84,5.83,5.82,5.81,5.8,5.79,5.89,5.9,5.91,5.92,5.94,5.95,5.96,5.97,5.98,5.99,1900,2100,14300,6100,6300,4700,600,4200,16800,300,6100,17700,15500,7600,10400,17000,8200,4600,1900,2000
237.0,5.88,58200,341724.0,5.88,5.87,5.86,5.85,5.84,5.83,5.82,5.81,5.8,5.79,5.89,5.9,5.91,5.92,5.94,5.95,5.96,5.97,5.98,5.99,1900,2100,14300,6100,6300,4700,600,4200,16800,300,6100,17700,15500,7600,10400,17000,8200,4600,1900,2000
238.0,5.88,58200,341724.0,5.88,5.87,5.86,5.85,5.84,5.83,5.82,5.81,5.8,5.79,5.89,5.9,5.91,5.92,5.94,5.95,5.96,5.97,5.98,5.99,1900,2100,14300,6100,6300,4700,600,4200,16800,300,6100,17700,15500,7600,10400,17000,8200,4600,1900,2000
239.0,5.88,60100,352896.0,5.87,5.86,5.85,5.84,5.83,5.82,5.81,5.8,5.79,5.78,5.88,5.89,5.9,5.91,5.92,5.94,5.95,5.96,5.97,5.98,2100,14300,6100,6300,4700,600,4200,16800,300,5700,100,6100,17700,15500,7600,10400,17000,8200,4600,1900
240.0,5.88,60100,352896.0,5.87,5.86,5.85,5.84,5.83,5.82,5.81,5.8,5.79,5.78,5.88,5.89,5.9,5.91,5.92,5.94,5.95,5.96,5.97,5.98,2100,14300,6100,6300,4700,600,4200,16800,300,5700,1300,5600,17700,15500,7600,10400,17000,8200,4600,1900
241.0,5.88,60100,352896.0,5.87,5.86,5.85,5.84,5.83,5.82,5.81,5.8,5.79,5.78,5.88,5.89,5.9,5.91,5.92,5.94,5.95,5.96,5.97,5.98,2100,14300,6100,6300,4700,600,4200,16800,300,5700,1300,5600,17700,15500,7600,10400,17000,8200,4600,1900
242.0,5.88,60100,352896.0,5.87,5.86,5.85,5.84,5.83,5.82,5.81,5.8,5.79,5.78,5.88,5.89,5.9,5.91,5.92,5.94,5.95,5.96,5.97,5.98,2200,14300,6100,6300,4700,600,4200,16800,300,5700,1300,5600,17700,15500,7600,10400,17000,8200,4600,1900
243.0,5.88,60100,352896.0,5.87,5.86,5.85,5.84,5.83,5.82,5.81,5.8,5.79,5.78,5.88,5.89,5.9,5.91,5.92,5.94,5.95,5.96,5.97,5.98,2200,14300,6100,6300,4700,600,4200,16800,300,5700,1300,5600,17700,15500,7600,10400,17000,8200,4600,1900
244.0,5.88,60100,352896.0,5.87,5.86,5.85,5.84,5.83,5.82,5.81,5.8,5.79,5.78,5.88,5.89,5.9,5.91,5.92,5.94,5.95,5.96,5.97,5.98,2200,14300,6100,6300,4700,600,4200,16800,300,5700,1300,5600,17700,15500,7600,10400,17000,8200,4600,1900
245.0,5.88,60100,352896.0,5.87,5.86,5.85,5.84,5.83,5.82,5.81,5.8,5.79,5.78,5.88,5.89,5.9,5.91,5.92,5.94,5.95,5.96,5.97,5.98,2200,14300,6100,6300,4700,600,4200,16800,300,5700,1300,5600,17700,15500,7600,10400,17000,8200,4600,1900
246.0,5.88,60100,352896.0,5.87,5.86,5.85,5.84,5.83,5.82,5.81,5.8,5.79,5.78,5.88,5.89,5.9,5.91,5.92,5.94,5.95,5.96,5.97,5.98,2200,14300,6100,6300,4700,600,4200,16800,300,5700,1300,5600,17700,15500,7600,10400,17000,8200,4600,1900
247.0,5.88,60300,354072.0,5.87,5.86,5.85,5.84,5.83,5.82,5.81,5.8,5.79,5.78,5.88,5.89,5.9,5.91,5.92,5.94,5.95,5.96,5.97,5.98,2200,14300,6100,6300,4700,600,4200,16800,300,5700,1100,5600,17700,15500,7600,10400,17000,8200,4600,1900
248.0,5.88,60300,354072.0,5.87,5.86,5.85,5.84,5.83,5.82,5.81,5.8,5.79,5.78,5.88,5.89,5.9,5.91,5.92,5.94,5.95,5.96,5.97,5.98,2200,14300,6100,6300,4700,600,4200,16800,300,5700,1100,5600,17700,15500,7600,10400,17000,8200,4600,1900
249.0,5.88,60300,354072.0,5.87,5.86,5.85,5.84,5.83,5.82,5.81,5.8,5.79,5.78,5.88,5.89,5.9,5.91,5.92,5.94,5.95,5.96,5.97,5.98,2200,14300,6100,6300,4700,600,4200,16800,300,5700,1100,5600,17700,15500,7600,10400,17000,8200,4600,1900
250.0,5.88,60300,354072.0,5.87,5.86,5.85,5.84,5.83,5.82,5.81,5.8,5.79,5.78,5.88,5.89,5.9,5.91,5.92,5.94,5.95,5.96,5.97,5.98,2200,14300,6100,6300,4700,600,4200,16800,300,5700,1100,5600,17700,15500,7600,10400,17000,8200,4600,1900
251.0,5.88,60300,354072.0,5.87,5.86,5.85,5.84,5.83,5.82,5.81,5.8,5.79,5.78,5.88,5.89,5.9,5.91,5.92,5.94,5.95,5.96,5.97,5.98,2200,14300,6100,6300,4700,600,4200,16800,300,5700,1100,5600,17700,15500,7600,10400,17000,8200,4600,1900
252.0,5.88,60300,354072.0,5.87,5.86,5.85,5.84,5.83,5.82,5.81,5.8,5.79,5.78,5.88,5.89,5.9,5.91,5.92,5.94,5.95,5.96,5.97,5.98,2200,14300,6100,6300,4700,600,4200,16800,300,5700,1100,5600,17700,15500,7600,10400,17000,8200,4600,1900
253.0,5.88,60300,354072.0,5.87,5.86,5.85,5.84,5.83,5.82,5.81,5.8,5.79,5.78,5.88,5.89,5.9,5.91,5.92,5.94,5.95,5.96,5.97,5.98,2200,14300,6100,6300,4700,600,4200,16800,300,5700,1100,5600,17700,15500,7600,10400,17000,9200,4600,1900
254.0,5.88,60300,354072.0,5.87,5.86,5.85,5.84,5.83,5.82,5.81,5.8,5.79,5.78,5.88,5.89,5.9,5.91,5.92,5.94,5.95,5.96,5.97,5.98,2200,14300,6100,6300,4700,600,4200,16800,300,5700,1100,5600,17700,15500,7600,10400,17000,9200,4600,1900
255.0,5.88,60300,354072.0,5.87,5.86,5.85,5.84,5.83,5.82,5.81,5.8,5.79,5.78,5.88,5.89,5.9,5.91,5.92,5.94,5.95,5.96,5.97,5.98,2200,14300,6100,6300,4700,600,4200,16800,300,5700,1100,5600,17700,15500,7600,10400,17000,9200,4600,1900
256.0,5.88,60300,354072.0,5.87,5.86,5.85,5.84,5.83,5.82,5.81,5.8,5.79,5.78,5.88,5.89,5.9,5.91,5.92,5.94,5.95,5.96,5.97,5.98,2200,14300,6100,6300,4700,600,4200,16800,300,5700,1100,5600,17700,15500,7600,10400,17000,9200,4600,1900
257.0,5.88,60300,354072.0,5.87,5.86,5.85,5.84,5.83,5.82,5.81,5.8,5.79,5.78,5.88,5.89,5.9,5.91,5.92,5.94,5.95,5.96,5.97,5.98,2200,14300,6100,6300,4700,600,4200,16800,300,5700,1100,5600,17700,15500,7600,10400,17000,9200,4600,1900
258.0,5.88,60300,354072.0,5.87,5.86,5.85,5.84,5.83,5.82,5.81,5.8,5.79,5.78,5.88,5.89,5.9,5.91,5.92,5.94,5.95,5.96,5.97,5.98,2200,14300,6100,6300,4700,600,4200,16800,300,5700,1100,5600,17700,15500,7600,10400,17000,9200,4600,1900
259.0,5.88,60300,354072.0,5.87,5.86,5.85,5.84,5.83,5.82,5.81,5.8,5.79,5.78,5.88,5.89,5.9,5.91,5.92,5.94,5.95,5.96,5.97,5.98,2200,14300,6100,6300,4700,600,4200,16800,300,5700,1100,5600,17700,15500,7600,10400,17000,9200,4600,1900
260.0,5.88,60300,354072.0,5.87,5.86,5.85,5.84,5.83,5.82,5.81,5.8,5.79,5.78,5.88,5.89,5.9,5.91,5.92,5.94,5.95,5.96,5.97,5.98,2200,14300,6100,6300,4700,600,4200,16800,300,5700,1100,5600,17700,15500,7600,10400,17000,9200,4600,1900
261.0,5.88,60300,354072.0,5.87,5.86,5.85,5.84,5.83,5.82,5.81,5.8,5.79,5.78,5.88,5.89,5.9,5.91,5.92,5.94,5.95,5.96,5.97,5.98,2200,14300,6100,6300,4700,600,4200,16800,300,5700,1100,5600,17700,15500,7600,10400,17000,9200,4600,1900
262.0,5.88,60300,354072.0,5.87,5.86,5.85,5.84,5.83,5.82,5.81,5.8,5.79,5.78,5.88,5.89,5.9,5.91,5.92,5.94,5.95,5.96,5.97,5.98,2200,14300,6100,6300,4700,600,4200,16800,300,5700,1100,5600,17700,15500,7600,10400,17000,9200,4600,1900
263.0,5.88,60300,354072.0,5.87,5.86,5.85,5.84,5.83,5.82,5.81,5.8,5.79,5.78,5.88,5.89,5.9,5.91,5.92,5.94,5.95,5.96,5.97,5.98,2200,14300,6100,6300,4700,600,4200,16800,300,5700,1100,5600,17700,15500,7600,10400,17000,9200,4600,1900
264.0,5.88,60300,354072.0,5.87,5.86,5.85,5.84,5.83,5.82,5.81,5.8,5.79,5.78,5.88,5.89,5.9,5.91,5.92,5.94,5.95,5.96,5.97,5.98,12200,14300,6100,6600,4700,600,4200,16800,300,5700,1100,5600,17700,15500,7600,10400,17000,9200,4600,1900
265.0,5.88,60300,354072.0,5.87,5.86,5.85,5.84,5.83,5.82,5.81,5.8,5.79,5.78,5.88,5.89,5.9,5.91,5.92,5.94,5.95,5.96,5.97,5.98,12200,14300,6100,6600,4700,600,4200,16800,300,5700,1100,5600,17700,15500,7600,10400,17000,9200,4600,1900
266.0,5.88,60300,354072.0,5.87,5.86,5.85,5.84,5.83,5.82,5.81,5.8,5.79,5.78,5.88,5.89,5.9,5.91,5.92,5.94,5.95,5.96,5.97,5.98,12200,14300,6100,6600,4700,600,4200,16800,300,5700,4600,5600,17700,15500,7600,10400,17000,9200,4600,1900
267.0,5.88,60500,355248.0,5.87,5.86,5.85,5.84,5.83,5.82,5.81,5.8,5.79,5.78,5.88,5.89,5.9,5.91,5.92,5.94,5.95,5.96,5.97,5.98,12200,14300,6100,6600,4700,600,4200,16800,300,5700,4400,5600,17700,15500,7600,10400,17000,9200,4600,1900
268.0,5.88,60500,355248.0,5.87,5.86,5.85,5.84,5.83,5.82,5.81,5.8,5.79,5.78,5.88,5.89,5.9,5.91,5.92,5.94,5.95,5.96,5.97,5.98,12200,14300,6100,6600,4700,600,4200,16800,300,5700,4400,5600,17700,15500,7600,10400,17000,9200,4600,1900
269.0,5.88,60500,355248.0,5.87,5.86,5.85,5.84,5.83,5.82,5.81,5.8,5.79,5.78,5.88,5.89,5.9,5.91,5.92,5.94,5.95,5.96,5.97,5.98,12200,14300,6100,6600,4700,600,4200,16800,300,5700,4400,5600,17700,15500,7600,10400,17000,9200,4600,1900
270.0,5.88,60500,355248.0,5.87,5.86,5.85,5.84,5.83,5.82,5.81,5.8,5.79,5.78,5.88,5.89,5.9,5.91,5.92,5.94,5.95,5.96,5.97,5.98,12200,14300,6100,6600,4700,600,4200,16800,300,5700,4400,5600,17700,15500,7600,10400,17000,9200,4600,1900
271.0,5.88,60500,355248.0,5.87,5.86,5.85,5.84,5.83,5.82,5.81,5.8,5.79,5.78,5.88,5.89,5.9,5.91,5.92,5.94,5.95,5.96,5.97,5.98,12200,14300,6100,6600,4700,600,4200,16800,300,5700,4400,5600,17700,15500,7600,10400,17000,9200,4600,1900
272.0,5.88,60500,355248.0,5.87,5.86,5.85,5.84,5.83,5.82,5.81,5.8,5.79,5.78,5.88,5.89,5.9,5.91,5.92,5.94,5.95,5.96,5.97,5.98,12200,14300,6100,6600,4700,600,4200,16800,300,5700,4400,5600,17700,15500,7600,10400,17000,9200,4600,1900
273.0,5.88,60500,355248.0,5.87,5.86,5.85,5.84,5.83,5.82,5.81,5.8,5.79,5.78,5.88,5.89,5.9,5.91,5.92,5.94,5.95,5.96,5.97,5.98,12200,14300,6100,6600,4700,600,4200,16800,300,5700,4400,5600,17700,15500,7600,10400,17000,9200,4600,1900
274.0,5.88,60500,355248.0,5.87,5.86,5.85,5.84,5.83,5.82,5.81,5.8,5.79,5.78,5.88,5.89,5.9,5.91,5.92,5.94,5.95,5.96,5.97,5.98,12200,14300,6100,6600,4700,600,4200,16800,300,5700,4400,5600,17700,15500,7600,10400,17000,9200,4600,1900
275.0,5.88,60500,355248.0,5.87,5.86,5.85,5.84,5.83,5.82,5.81,5.8,5.79,5.78,5.88,5.89,5.9,5.91,5.92,5.94,5.95,5.96,5.97,5.98,12200,14300,6100,6600,4700,600,4200,17800,300,5700,4400,5600,17700,15500,7600,10400,17000,9200,4600,1900
276.0,5.88,60500,355248.0,5.87,5.86,5.85,5.84,5.83,5.82,5.81,5.8,5.79,5.78,5.88,5.89,5.9,5.91,5.92,5.94,5.95,5.96,5.97,5.98,12200,14300,6100,6600,4700,600,4200,17800,300,5700,4400,5600,17700,15500,7600,10400,17000,9200,4600,1900
277.0,5.88,60500,355248.0,5.87,5.86,5.85,5.84,5.83,5.82,5.81,5.8,5.79,5.78,5.88,5.89,5.9,5.91,5.92,5.94,5.95,5.96,5.97,5.98,12200,14300,6100,6600,4700,600,4200,17800,300,5700,4400,5600,17700,15500,7600,10400,17000,9200,4600,1900
278.0,5.88,60500,355248.0,5.87,5.86,5.85,5.84,5.83,5.82,5.81,5.8,5.79,5.78,5.88,5.89,5.9,5.91,5.92,5.94,5.95,5.96,5.97,5.98,12200,14300,6100,6600,4700,600,4200,17800,300,5700,4400,5600,17700,15500,7600,10400,17000,9200,4600,1900
279.0,5.88,60500,355248.0,5.87,5.86,5.85,5.84,5.83,5.82,5.81,5.8,5.79,5.78,5.88,5.89,5.9,5.91,5.92,5.94,5.95,5.96,5.97,5.98,12200,14300,6100,6600,4700,600,4200,17800,300,5700,4400,5600,17700,15500,7600,10400,17000,9200,4600,1900
280.0,5.88,60500,355248.0,5.87,5.86,5.85,5.84,5.83,5.82,5.81,5.8,5.79,5.78,5.88,5.89,5.9,5.91,5.92,5.94,5.95,5.96,5.97,5.98,12200,14300,6100,6600,4700,600,4200,17800,300,5700,4400,5600,17700,15500,7600,10400,17000,9200,4600,1900
281.0,5.88,60500,355248.0,5.87,5.86,5.85,5.84,5.83,5.82,5.81,5.8,5.79,5.78,5.88,5.89,5.9,5.91,5.92,5.94,5.95,5.96,5.97,5.98,12200,14300,6100,6600,4700,600,4200,17800,300,5700,4400,5600,17700,15500,7600,10400,17000,9200,4600,1900
282.0,5.88,60500,355248.0,5.87,5.86,5.85,5.84,5.83,5.82,5.81,5.8,5.79,5.78,5.88,5.89,5.9,5.91,5.92,5.94,5.95,5.96,5.97,5.98,12200,14300,6100,6600,4700,600,4200,17800,300,5700,4400,5600,17700,15500,7600,10400,17000,9200,4600,1900
283.0,5.88,60500,355248.0,5.87,5.86,5.85,5.84,5.83,5.82,5.81,5.8,5.79,5.78,5.88,5.89,5.9,5.91,5.92,5.94,5.95,5.96,5.97,5.98,12200,14300,6100,6600,4700,600,4200,17800,300,5700,4400,5600,17700,15500,7600,10400,17000,9200,4600,1900
284.0,5.88,60500,355248.0,5.87,5.86,5.85,5.84,5.83,5.82,5.81,5.8,5.79,5.78,5.88,5.89,5.9,5.91,5.92,5.94,5.95,5.96,5.97,5.98,12200,14300,6100,6600,4700,600,4200,17800,300,5700,4400,5600,17700,15500,7600,10400,17000,9200,4600,1900
285.0,5.88,60500,355248.0,5.87,5.86,5.85,5.84,5.83,5.82,5.81,5.8,5.79,5.78,5.88,5.89,5.9,5.91,5.92,5.94,5.95,5.96,5.97,5.98,12200,14300,6100,6600,4700,600,4200,17800,300,5700,4400,5600,17700,15500,7600,10400,17000,9200,4600,1900
286.0,5.88,60500,355248.0,5.87,5.86,5.85,5.84,5.83,5.82,5.81,5.8,5.79,5.78,5.88,5.89,5.9,5.91,5.92,5.94,5.95,5.96,5.97,5.98,12200,14300,6100,6600,4700,600,4200,17800,300,5700,4400,5600,17700,15500,7600,10400,17000,9200,4600,1900
287.0,5.88,60700,356424.0,5.87,5.86,5.85,5.84,5.83,5.82,5.81,5.8,5.79,5.78,5.88,5.89,5.9,5.91,5.92,5.94,5.95,5.96,5.97,5.98,12200,14300,6100,6600,4700,600,4200,17800,300,5700,4200,5600,17700,15500,7600,10400,17000,9200,4600,1900
288.0,5.88,60700,356424.0,5.87,5.86,5.85,5.84,5.83,5.82,5.81,5.8,5.79,5.78,5.88,5.89,5.9,5.91,5.92,5.94,5.95,5.96,5.97,5.98,12200,14300,6100,6600,4700,600,4200,17800,300,5700,4200,5600,17700,15500,7600,10400,17000,9200,4600,1900
289.0,5.88,60700,356424.0,5.87,5.86,5.85,5.84,5.83,5.82,5.81,5.8,5.79,5.78,5.88,5.89,5.9,5.91,5.92,5.94,5.95,5.96,5.97,5.98,12200,14300,6100,6600,4700,600,4200,17800,300,5700,4200,5600,17700,15500,7600,10400,17000,9200,4600,1900
290.0,5.88,60700,356424.0,5.87,5.86,5.85,5.84,5.83,5.82,5.81,5.8,5.79,5.78,5.88,5.89,5.9,5.91,5.92,5.94,5.95,5.96,5.97,5.98,12200,14300,6100,6600,4700,600,4200,17800,300,5700,4200,5600,17700,15500,7600,10400,17000,9200,4600,1900
291.0,5.88,60700,356424.0,5.87,5.86,5.85,5.84,5.83,5.82,5.81,5.8,5.79,5.78,5.88,5.89,5.9,5.91,5.92,5.94,5.95,5.96,5.97,5.98,12200,14300,6100,6600,4700,600,4200,17000,300,5700,4200,5600,17700,15500,7600,10400,17000,9200,4600,1900
292.0,5.88,60700,356424.0,5.87,5.86,5.85,5.84,5.83,5.82,5.81,5.8,5.79,5.78,5.88,5.89,5.9,5.91,5.92,5.94,5.95,5.96,5.97,5.98,12200,14300,6100,6600,4700,600,4200,17000,300,5700,4200,5600,17700,15500,7600,10400,17000,9200,4600,1900
293.0,5.88,60700,356424.0,5.87,5.86,5.85,5.84,5.83,5.82,5.81,5.8,5.79,5.78,5.88,5.89,5.9,5.91,5.92,5.94,5.95,5.96,5.97,5.98,12200,14300,6100,6600,4700,600,4200,17000,300,5700,4200,5600,17700,15500,7600,10400,17000,9200,4600,1900
294.0,5.88,60700,356424.0,5.87,5.86,5.85,5.84,5.83,5.82,5.81,5.8,5.79,5.78,5.88,5.89,5.9,5.91,5.92,5.94,5.95,5.96,5.97,5.98,12200,14300,6100,6600,4700,600,4200,17000,300,5700,4200,5600,17700,15500,7600,10400,17000,9200,4600,1900
295.0,5.88,60700,356424.0,5.87,5.86,5.85,5.84,5.83,5.82,5.81,5.8,5.79,5.78,5.88,5.89,5.9,5.91,5.92,5.94,5.95,5.96,5.97,5.98,12200,14300,6100,6600,4700,600,4200,17000,300,5700,4200,5600,17700,15500,7600,10400,17000,9200,4600,1900
296.0,5.88,60700,356424.0,5.87,5.86,5.85,5.84,5.83,5.82,5.81,5.8,5.79,5.78,5.88,5.89,5.9,5.91,5.92,5.94,5.95,5.96,5.97,5.98,12200,14300,6100,6600,4700,600,4200,17000,300,5700,4200,5600,17700,15500,7600,10400,17000,9200,4600,1900
297.0,5.88,60700,356424.0,5.87,5.86,5.85,5.84,5.83,5.82,5.81,5.8,5.79,5.78,5.88,5.89,5.9,5.91,5.92,5.94,5.95,5.96,5.97,5.98,12200,14300,6100,6600,4700,600,4200,17000,300,5700,4200,5600,17700,15500,7600,10400,17000,9200,4600,1900
298.0,5.88,60700,356424.0,5.87,5.86,5.85,5.84,5.83,5.82,5.81,5.8,5.79,5.78,5.88,5.89,5.9,5.91,5.92,5.94,5.95,5.96,5.97,5.98,12200,14300,6100,6600,4700,600,4200,17000,300,5700,4200,5600,17700,15500,7600,10400,17000,9200,4600,1900
299.0,5.88,60700,356424.0,5.87,5.86,5.85,5.84,5.83,5.82,5.81,5.8,5.79,5.78,5.88,5.89,5.9,5.91,5.92,5.94,5.95,5.96,5.97,5.98,12200,14300,6100,6600,4700,600,4200,17000,300,5700,4200,5600,17700,15500,7600,10400,17000,9200,4600,1900
300.0,5.88,60700,356424.0,5.87,5.86,5.85,5.84,5.83,5.82,5.81,5.8,5.79,5.78,5.88,5.89,5.9,5.91,5.92,5.94,5.95,5.96,5.97,5.98,12200,14300,6100,6600,4700,600,4200,17000,300,5700,4200,5600,17700,15500,7600,10400,17000,9200,4600,1900
301.0,5.88,60700,356424.0,5.87,5.86,5.85,5.84,5.83,5.82,5.81,5.8,5.79,5.78,5.88,5.89,5.9,5.91,5.92,5.94,5.95,5.96,5.97,5.98,12200,14300,6100,6600,4700,600,4200,17000,300,5700,4200,5600,17700,15500,7600,10400,17000,9200,4600,1900
302.0,5.87,61200,359359.0,5.87,5.86,5.85,5.84,5.83,5.82,5.81,5.8,5.79,5.78,5.88,5.89,5.9,5.91,5.92,5.94,5.95,5.96,5.97,5.98,11700,14300,6100,6600,4700,600,4200,17000,300,5700,4200,5600,17700,15500,7600,10400,17000,9200,4600,1900
303.0,5.87,61200,359359.0,5.87,5.86,5.85,5.84,5.83,5.82,5.81,5.8,5.79,5.78,5.88,5.89,5.9,5.91,5.92,5.94,5.95,5.96,5.97,5.98,11700,14300,6100,6600,4700,600,4200,17000,300,5700,4200,5600,17700,15500,7600,10400,17000,9200,4600,1900
304.0,5.87,61200,359359.0,5.87,5.86,5.85,5.84,5.83,5.82,5.81,5.8,5.79,5.78,5.88,5.89,5.9,5.91,5.92,5.94,5.95,5.96,5.97,5.98,11700,14300,6100,6600,4700,600,4200,17000,300,5700,4200,5600,17700,15500,7600,10400,17000,9200,4600,1900
305.0,5.87,61200,359359.0,5.87,5.86,5.85,5.84,5.83,5.82,5.81,5.8,5.79,5.78,5.88,5.89,5.9,5.91,5.92,5.94,5.95,5.96,5.97,5.98,11800,14300,6100,6600,4700,600,4200,17000,300,5700,4200,5600,17700,15500,7600,10400,17000,9200,4600,1900
306.0,5.87,61200,359359.0,5.87,5.86,5.85,5.84,5.83,5.82,5.81,5.8,5.79,5.78,5.88,5.89,5.9,5.91,5.92,5.94,5.95,5.96,5.97,5.98,11800,14300,6100,6600,4700,600,4200,17000,300,5700,4200,5600,17700,15500,7600,10400,17000,9200,4600,1900
307.0,5.87,61200,359359.0,5.87,5.86,5.85,5.84,5.83,5.82,5.81,5.8,5.79,5.78,5.88,5.89,5.9,5.91,5.92,5.94,5.95,5.96,5.97,5.98,12000,14300,6100,6600,4700,600,4200,17000,300,5700,4200,5600,17700,15500,7600,10400,17000,9200,4600,1900
308.0,5.87,61200,359359.0,5.87,5.86,5.85,5.84,5.83,5.82,5.81,5.8,5.79,5.78,5.88,5.89,5.9,5.91,5.92,5.94,5.95,5.96,5.97,5.98,12600,13700,6100,6600,4700,600,4200,17000,300,5700,4200,5600,17700,15500,7600,10400,17000,9200,4600,1900
309.0,5.87,61200,359359.0,5.87,5.86,5.85,5.84,5.83,5.82,5.81,5.8,5.79,5.78,5.88,5.89,5.9,5.91,5.92,5.94,5.95,5.96,5.97,5.98,12600,13700,6100,6600,4700,600,4200,17000,300,5700,4200,5600,17700,15500,7600,10400,17000,9200,4600,1900
310.0,5.87,61200,359359.0,5.87,5.86,5.85,5.84,5.83,5.82,5.81,5.8,5.79,5.78,5.88,5.89,5.9,5.91,5.92,5.94,5.95,5.96,5.97,5.98,12600,13700,6100,6600,4700,600,4200,17000,300,5700,4200,5600,17700,15500,7600,10400,17000,9200,4600,1900
311.0,5.87,61200,359359.0,5.87,5.86,5.85,5.84,5.83,5.82,5.81,5.8,5.79,5.78,5.88,5.89,5.9,5.91,5.92,5.94,5.95,5.96,5.97,5.98,12600,13700,6100,6600,4700,600,4200,17000,300,5700,4200,5600,17700,15500,7600,10400,17000,9200,4600,1900
312.0,5.87,61200,359359.0,5.87,5.86,5.85,5.84,5.83,5.82,5.81,5.8,5.79,5.78,5.88,5.89,5.9,5.91,5.92,5.94,5.95,5.96,5.97,5.98,12600,13700,6100,6600,4700,600,4200,17000,300,5700,4200,5600,17700,15500,7600,10400,17000,9200,4600,1900
313.0,5.87,61200,359359.0,5.87,5.86,5.85,5.84,5.83,5.82,5.81,5.8,5.79,5.78,5.88,5.89,5.9,5.91,5.92,5.94,5.95,5.96,5.97,5.98,12600,13700,6100,6600,4700,600,4200,17000,300,5700,4200,5600,17700,15500,7600,10400,17000,9200,4600,1900
314.0,5.87,61200,359359.0,5.87,5.86,5.85,5.84,5.83,5.82,5.81,5.8,5.79,5.78,5.88,5.89,5.9,5.91,5.92,5.94,5.95,5.96,5.97,5.98,12600,13700,6100,6600,4700,600,4200,17000,300,5700,4200,5600,17700,15500,7600,10400,17000,9200,4600,1900
315.0,5.87,61200,359359.0,5.87,5.86,5.85,5.84,5.83,5.82,5.81,5.8,5.79,5.78,5.88,5.89,5.9,5.91,5.92,5.94,5.95,5.96,5.97,5.98,12600,13700,6100,6600,4700,600,4200,17000,300,5700,4200,5600,17700,15500,7600,10400,17000,9200,4600,1900
316.0,5.87,61200,359359.0,5.87,5.86,5.85,5.84,5.83,5.82,5.81,5.8,5.79,5.78,5.88,5.89,5.9,5.91,5.92,5.94,5.95,5.96,5.97,5.98,12600,13700,6100,6600,4700,600,4200,17000,300,5700,4200,5600,17700,15500,7600,10400,17000,9200,4600,1900
317.0,5.87,61200,359359.0,5.87,5.86,5.85,5.84,5.83,5.82,5.81,5.8,5.79,5.78,5.88,5.89,5.9,5.91,5.92,5.94,5.95,5.96,5.97,5.98,12600,13700,6100,6600,4700,600,4200,17000,300,5700,4200,5600,17700,15500,7600,10400,17000,9200,4600,1900
318.0,5.88,65200,382879.0,5.87,5.86,5.85,5.84,5.83,5.82,5.81,5.8,5.79,5.78,5.88,5.89,5.9,5.91,5.92,5.94,5.95,5.96,5.97,5.98,12600,13700,6100,6600,4700,600,4200,17000,300,5700,200,5600,17700,15500,7600,10400,17000,9200,4600,1900
319.0,5.89,66800,392301.0,5.87,5.86,5.85,5.84,5.83,5.82,5.81,5.8,5.79,5.78,5.89,5.9,5.91,5.92,5.94,5.95,5.96,5.97,5.98,5.99,12600,13700,6100,6600,4700,600,4200,17000,300,5700,4200,17700,15500,7600,10400,17000,9200,4600,1900,2000
320.0,5.89,66800,392301.0,5.87,5.86,5.85,5.84,5.83,5.82,5.81,5.8,5.79,5.78,5.89,5.9,5.91,5.92,5.94,5.95,5.96,5.97,5.98,5.99,19000,13700,6100,6600,4700,600,4200,17000,300,5700,4300,17700,15500,7600,10400,17000,9200,4600,1900,2000
321.0,5.89,66800,392301.0,5.87,5.86,5.85,5.84,5.83,5.82,5.81,5.8,5.79,5.78,5.89,5.9,5.91,5.92,5.94,5.95,5.96,5.97,5.98,5.99,19000,13700,6100,6600,4700,600,4200,17000,300,5700,4300,17700,15500,7600,10400,17000,9200,4600,1900,2000
322.0,5.89,66800,392301.0,5.87,5.86,5.85,5.84,5.83,5.82,5.81,5.8,5.79,5.78,5.89,5.9,5.91,5.92,5.94,5.95,5.96,5.97,5.98,5.99,19000,13700,6100,6600,4700,600,4200,17000,300,5700,4300,17700,15500,7600,10400,17000,9200,4600,1900,2000
323.0,5.89,66800,392301.0,5.87,5.86,5.85,5.84,5.83,5.82,5.81,5.8,5.79,5.78,5.89,5.9,5.91,5.92,5.94,5.95,5.96,5.97,5.98,5.99,19000,13700,6100,6600,4700,600,4200,17000,300,5700,4300,17700,15500,7600,10400,17000,9200,4600,1900,2000
324.0,5.89,66800,392301.0,5.87,5.86,5.85,5.84,5.83,5.82,5.81,5.8,5.79,5.78,5.89,5.9,5.91,5.92,5.94,5.95,5.96,5.97,5.98,5.99,19000,13700,6100,6600,4700,600,4200,17000,300,5700,4300,17700,15500,7600,10400,17000,9200,4600,1900,2000
325.0,5.89,66800,392301.0,5.87,5.86,5.85,5.84,5.83,5.82,5.81,5.8,5.79,5.78,5.89,5.9,5.91,5.92,5.94,5.95,5.96,5.97,5.98,5.99,19000,13700,6900,6600,4700,600,4200,17000,300,5700,4300,17700,15500,7600,10400,17000,9200,4600,1900,2000
326.0,5.89,66900,392890.0,5.87,5.86,5.85,5.84,5.83,5.82,5.81,5.8,5.79,5.78,5.89,5.9,5.91,5.92,5.94,5.95,5.96,5.97,5.98,5.99,19000,13700,6900,6600,4700,600,4200,17000,300,5700,4100,17700,15500,7600,10400,17000,9200,4600,1900,2000
327.0,5.89,66900,392890.0,5.88,5.87,5.86,5.85,5.84,5.83,5.82,5.81,5.8,5.79,5.89,5.9,5.91,5.92,5.94,5.95,5.96,5.97,5.98,5.99,200,19000,13700,6900,6600,4700,600,4200,17000,300,4100,17700,15500,7600,10400,17000,9200,4600,1900,2000
328.0,5.89,66900,392890.0,5.88,5.87,5.86,5.85,5.84,5.83,5.82,5.81,5.8,5.79,5.89,5.9,5.91,5.92,5.94,5.95,5.96,5.97,5.98,5.99,200,19000,13700,6900,6600,4700,600,4200,17000,300,4100,17700,15500,7600,10400,17000,9200,4600,1900,2000
329.0,5.89,66900,392890.0,5.88,5.87,5.86,5.85,5.84,5.83,5.82,5.81,5.8,5.79,5.89,5.9,5.91,5.92,5.94,5.95,5.96,5.97,5.98,5.99,200,19000,13700,6900,6600,4700,600,4200,17000,300,4100,17700,15500,7600,10400,17000,9200,4600,1900,2000
330.0,5.89,66900,392890.0,5.88,5.87,5.86,5.85,5.84,5.83,5.82,5.81,5.8,5.79,5.89,5.9,5.91,5.92,5.94,5.95,5.96,5.97,5.98,5.99,200,19000,13700,6900,6600,4700,600,4200,17000,300,4100,17700,15500,7600,10400,17000,9200,4600,1900,2000
331.0,5.89,66900,392890.0,5.88,5.87,5.86,5.85,5.84,5.83,5.82,5.81,5.8,5.79,5.89,5.9,5.91,5.92,5.94,5.95,5.96,5.97,5.98,5.99,200,19000,13700,6900,6600,4700,600,4200,17000,300,4100,17700,15500,7600,10400,17000,9200,4600,1900,2000
332.0,5.89,66900,392890.0,5.88,5.87,5.86,5.85,5.84,5.83,5.82,5.81,5.8,5.79,5.89,5.9,5.91,5.92,5.94,5.95,5.96,5.97,5.98,5.99,200,19000,13700,6900,6600,4700,600,4200,17000,300,4100,17700,15500,7600,10400,17000,9200,4600,1900,2000
333.0,5.89,66900,392890.0,5.88,5.87,5.86,5.85,5.84,5.83,5.82,5.81,5.8,5.79,5.89,5.9,5.91,5.92,5.94,5.95,5.96,5.97,5.98,5.99,200,19000,13700,6900,6600,4700,600,4200,17000,300,4100,17700,15500,7600,10400,17000,9200,4600,1900,2000
334.0,5.89,66900,392890.0,5.88,5.87,5.86,5.85,5.84,5.83,5.82,5.81,5.8,5.79,5.89,5.9,5.91,5.92,5.94,5.95,5.96,5.97,5.98,5.99,200,19000,13700,6900,6600,4700,600,4200,17000,300,4100,17700,15500,7600,10400,17000,9200,4600,1900,2000
335.0,5.89,66900,392890.0,5.88,5.87,5.86,5.85,5.84,5.83,5.82,5.81,5.8,5.79,5.89,5.9,5.91,5.92,5.94,5.95,5.96,5.97,5.98,5.99,200,18500,13700,6900,6500,4700,600,4200,17000,300,4100,20700,15500,7600,10400,17000,9200,4600,1900,2000
336.0,5.89,66900,392890.0,5.88,5.87,5.86,5.85,5.84,5.83,5.82,5.81,5.8,5.79,5.89,5.9,5.91,5.92,5.94,5.95,5.96,5.97,5.98,5.99,200,18500,13700,6900,6500,4700,600,4200,17000,300,4100,20700,15500,7600,10400,17000,9200,4600,1900,2000
337.0,5.89,66900,392890.0,5.88,5.87,5.86,5.85,5.84,5.83,5.82,5.81,5.8,5.79,5.89,5.9,5.91,5.92,5.94,5.95,5.96,5.97,5.98,5.99,200,18500,13700,6900,6500,4700,600,4200,17000,300,6200,20700,15500,7600,10400,17000,9200,4600,1900,2000
338.0,5.89,66900,392890.0,5.88,5.87,5.86,5.85,5.84,5.83,5.82,5.81,5.8,5.79,5.89,5.9,5.91,5.92,5.94,5.95,5.96,5.97,5.98,5.99,200,18500,13700,6900,6500,4700,600,4200,17000,300,6200,20700,15500,7600,10400,17000,9200,4600,1900,2000
339.0,5.89,66900,392890.0,5.88,5.87,5.86,5.85,5.84,5.83,5.82,5.81,5.8,5.79,5.89,5.9,5.91,5.92,5.94,5.95,5.96,5.97,5.98,5.99,200,18500,13700,6900,6500,4700,600,4200,17000,300,6200,20700,15500,7600,10400,17000,9200,4600,1900,2000
340.0,5.89,66900,392890.0,5.87,5.86,5.85,5.84,5.83,5.82,5.81,5.8,5.79,5.78,5.89,5.9,5.91,5.92,5.94,5.95,5.96,5.97,5.98,5.99,18500,13700,6900,6500,4700,600,4200,17000,300,5700,6100,20700,15500,7600,10400,17000,9200,4600,1900,2000
341.0,5.89,66900,392890.0,5.87,5.86,5.85,5.84,5.83,5.82,5.81,5.8,5.79,5.78,5.89,5.9,5.91,5.92,5.94,5.95,5.96,5.97,5.98,5.99,18500,13700,6900,6500,4700,600,4200,17000,300,5700,6100,20700,15500,7600,10400,17000,9200,4600,1900,2000
342.0,5.89,67400,395835.0,5.87,5.86,5.85,5.84,5.83,5.82,5.81,5.8,5.79,5.78,5.89,5.9,5.91,5.92,5.94,5.95,5.96,5.97,5.98,5.99,18500,13700,6900,6500,4700,600,4200,17000,300,5700,5700,20700,15500,7600,10400,17000,9200,4600,1900,2000
343.0,5.89,67400,395835.0,5.87,5.86,5.85,5.84,5.83,5.82,5.81,5.8,5.79,5.78,5.89,5.9,5.91,5.92,5.94,5.95,5.96,5.97,5.98,5.99,18500,13700,6900,6500,4700,600,4200,17000,300,5700,5700,20700,15500,7600,10400,17000,9200,4600,1900,2000
344.0,5.89,67400,395835.0,5.87,5.86,5.85,5.84,5.83,5.82,5.81,5.8,5.79,5.78,5.89,5.9,5.91,5.92,5.94,5.95,5.96,5.97,5.98,5.99,18500,13700,6900,6500,4700,600,4200,17000,300,5700,5700,20700,15500,7600,10400,17000,9200,4600,1900,2000
345.0,5.89,67400,395835.0,5.87,5.86,5.85,5.84,5.83,5.82,5.81,5.8,5.79,5.78,5.89,5.9,5.91,5.92,5.94,5.95,5.96,5.97,5.98,5.99,18500,13700,6900,6500,4700,600,4200,17000,300,5700,5700,20700,15500,7600,10400,17000,9200,4600,1900,2000
346.0,5.89,67400,395835.0,5.87,5.86,5.85,5.84,5.83,5.82,5.81,5.8,5.79,5.78,5.89,5.9,5.91,5.92,5.94,5.95,5.96,5.97,5.98,5.99,18500,13700,6900,6500,4700,600,4200,17000,300,5700,5700,20700,15500,7600,10400,17000,9200,4600,1900,2000
347.0,5.88,67500,396423.0,5.87,5.86,5.85,5.84,5.83,5.82,5.81,5.8,5.79,5.78,5.89,5.9,5.91,5.92,5.94,5.95,5.96,5.97,5.98,5.99,18500,13700,6900,6500,4700,600,4200,17000,300,5700,5700,20700,15500,7600,10400,17000,9200,4600,1900,2000
348.0,5.88,67500,396423.0,5.87,5.86,5.85,5.84,5.83,5.82,5.81,5.8,5.79,5.78,5.89,5.9,5.91,5.92,5.94,5.95,5.96,5.97,5.98,5.99,18500,13700,6900,6500,4700,600,4200,17000,300,5700,5700,20700,15500,7600,10400,17000,9200,4600,1900,2000
349.0,5.88,67500,396423.0,5.87,5.86,5.85,5.84,5.83,5.82,5.81,5.8,5.79,5.78,5.89,5.9,5.91,5.92,5.94,5.95,5.96,5.97,5.98,5.99,18500,13700,6900,6500,4700,600,4200,17000,300,5700,5700,20700,15500,7600,10400,17000,9200,4600,1900,2000
350.0,5.89,68500,402313.0,5.87,5.86,5.85,5.84,5.83,5.82,5.81,5.8,5.79,5.78,5.89,5.9,5.91,5.92,5.94,5.95,5.96,5.97,5.98,5.99,18500,13700,6900,6500,4700,600,4200,17000,300,5700,4700,20700,15500,7600,10400,17000,9200,4600,1900,2000
351.0,5.89,68500,402313.0,5.87,5.86,5.85,5.84,5.83,5.82,5.81,5.8,5.79,5.78,5.89,5.9,5.91,5.92,5.94,5.95,5.96,5.97,5.98,5.99,18500,13700,6900,6500,4700,600,4200,17000,300,5700,4700,20700,15500,7600,10400,17000,9200,4600,1900,2000
352.0,5.89,68500,402313.0,5.87,5.86,5.85,5.84,5.83,5.82,5.81,5.8,5.79,5.78,5.89,5.9,5.91,5.92,5.94,5.95,5.96,5.97,5.98,5.99,18500,13700,6900,6500,4700,600,4200,17000,300,5700,4700,20700,15500,7600,10400,17000,9200,4600,1900,2000
353.0,5.89,68500,402313.0,5.87,5.86,5.85,5.84,5.83,5.82,5.81,5.8,5.79,5.78,5.89,5.9,5.91,5.92,5.94,5.95,5.96,5.97,5.98,5.99,18500,13700,6900,6500,4700,600,4200,17000,300,5700,4700,20700,15500,7600,10400,17000,9200,4600,1900,2000
354.0,5.89,68500,402313.0,5.87,5.86,5.85,5.84,5.83,5.82,5.81,5.8,5.79,5.78,5.89,5.9,5.91,5.92,5.94,5.95,5.96,5.97,5.98,5.99,18500,13700,6900,6500,4700,600,4200,17000,300,5700,4700,20700,15500,7600,10400,17000,9200,4600,1900,2000
355.0,5.89,68500,402313.0,5.87,5.86,5.85,5.84,5.83,5.82,5.81,5.8,5.79,5.78,5.89,5.9,5.91,5.92,5.94,5.95,5.96,5.97,5.98,5.99,18500,13700,6900,6500,4700,600,4200,17000,300,5700,4700,20700,15500,7600,10400,17000,9200,4600,1900,2000
356.0,5.89,68500,402313.0,5.87,5.86,5.85,5.84,5.83,5.82,5.81,5.8,5.79,5.78,5.89,5.9,5.91,5.92,5.94,5.95,5.96,5.97,5.98,5.99,18500,13700,6900,6500,4700,600,4200,17000,300,5700,4700,20700,15500,7600,10400,17000,9200,4600,1900,2000
357.0,5.89,68500,402313.0,5.87,5.86,5.85,5.84,5.83,5.82,5.81,5.8,5.79,5.78,5.89,5.9,5.91,5.92,5.94,5.95,5.96,5.97,5.98,5.99,18500,13700,6900,6500,4700,600,4200,17000,300,5700,4700,20700,15500,7600,10400,17000,9200,4600,1900,2000
358.0,5.89,68500,402313.0,5.87,5.86,5.85,5.84,5.83,5.82,5.81,5.8,5.79,5.78,5.89,5.9,5.91,5.92,5.94,5.95,5.96,5.97,5.98,5.99,18500,13700,6900,6500,4700,600,4200,17000,300,5700,4700,20700,15500,7600,10400,17000,9200,4600,1900,2000
359.0,5.89,68500,402313.0,5.87,5.86,5.85,5.84,5.83,5.82,5.81,5.8,5.79,5.78,5.89,5.9,5.91,5.92,5.94,5.95,5.96,5.97,5.98,5.99,18500,13700,6900,6500,4700,600,4200,17000,300,5700,4700,20700,15500,7600,10400,17000,9200,4600,1900,2000
360.0,5.89,68500,402313.0,5.87,5.86,5.85,5.84,5.83,5.82,5.81,5.8,5.79,5.78,5.89,5.9,5.91,5.92,5.94,5.95,5.96,5.97,5.98,5.99,18500,13700,6900,6500,4700,600,4200,17000,300,5700,4700,20700,15500,7600,10400,17000,9200,4600,1900,2000
361.0,5.88,68700,403489.0,5.87,5.86,5.85,5.84,5.83,5.82,5.81,5.8,5.79,5.78,5.89,5.9,5.91,5.92,5.94,5.95,5.96,5.97,5.98,5.99,18600,13700,6900,6500,4700,600,4200,17000,300,5700,4700,20700,15500,7600,10400,17000,9200,4600,1900,2000
362.0,5.88,68900,404665.0,5.87,5.86,5.85,5.84,5.83,5.82,5.81,5.8,5.79,5.78,5.88,5.89,5.9,5.91,5.92,5.94,5.95,5.96,5.97,5.98,18600,13700,6900,6500,4700,600,4200,17000,300,5700,1100,5400,20700,15500,7600,10400,17000,9200,4600,1900
363.0,5.88,68900,404665.0,5.87,5.86,5.85,5.84,5.83,5.82,5.81,5.8,5.79,5.78,5.88,5.89,5.9,5.91,5.92,5.94,5.95,5.96,5.97,5.98,18600,13700,6900,6500,4700,600,4200,17000,300,5700,1100,5400,20700,15500,7600,10400,17000,9200,4600,1900
364.0,5.88,68900,404665.0,5.87,5.86,5.85,5.84,5.83,5.82,5.81,5.8,5.79,5.78,5.88,5.89,5.9,5.91,5.92,5.94,5.95,5.96,5.97,5.98,18600,13700,6900,6500,4700,600,4200,17000,300,5700,1100,5400,20700,15500,7600,10400,17000,9200,4600,1900
365.0,5.88,68900,404665.0,5.87,5.86,5.85,5.84,5.83,5.82,5.81,5.8,5.79,5.78,5.88,5.89,5.9,5.91,5.92,5.94,5.95,5.96,5.97,5.98,18600,13700,6900,6500,4700,600,4200,17000,300,5700,1100,5400,20700,15500,7600,10400,17000,9200,4600,1900
366.0,5.88,68900,404665.0,5.87,5.86,5.85,5.84,5.83,5.82,5.81,5.8,5.79,5.78,5.88,5.89,5.9,5.91,5.92,5.94,5.95,5.96,5.97,5.98,18600,13700,6900,6500,4700,600,4200,17000,300,5700,1100,5400,20700,15500,9600,10400,17000,9200,4600,1900
367.0,5.88,69000,405253.0,5.87,5.86,5.85,5.84,5.83,5.82,5.81,5.8,5.79,5.78,5.88,5.89,5.9,5.91,5.92,5.94,5.95,5.96,5.97,5.98,18600,13700,6900,6500,4700,600,4200,17000,300,5700,1000,5400,20700,15500,9600,10400,17000,9200,4600,1900
368.0,5.88,69000,405253.0,5.87,5.86,5.85,5.84,5.83,5.82,5.81,5.8,5.79,5.78,5.88,5.89,5.9,5.91,5.92,5.94,5.95,5.96,5.97,5.98,18600,13700,6900,6500,4700,600,4200,17000,300,5700,1000,5400,20700,15500,9600,10400,17000,9200,4600,1900
369.0,5.88,69000,405253.0,5.87,5.86,5.85,5.84,5.83,5.82,5.81,5.8,5.79,5.78,5.88,5.89,5.9,5.91,5.92,5.94,5.95,5.96,5.97,5.98,18600,13700,6900,6500,4700,600,4200,17000,300,5700,1000,5400,20700,15500,9600,10400,17000,9200,4600,1900
370.0,5.88,69000,405253.0,5.87,5.86,5.85,5.84,5.83,5.82,5.81,5.8,5.79,5.78,5.88,5.89,5.9,5.91,5.92,5.94,5.95,5.96,5.97,5.98,19200,13700,6900,6500,4700,600,4200,17000,300,5700,1000,5400,20700,15500,9600,10400,17000,9200,4600,1900
371.0,5.88,70000,411133.0,5.88,5.87,5.86,5.85,5.84,5.83,5.82,5.81,5.8,5.79,5.89,5.9,5.91,5.92,5.94,5.95,5.96,5.97,5.98,5.99,900,19200,13700,6900,6500,4700,600,4200,17000,300,5300,20700,15500,9600,10400,17000,9200,4600,1900,2000
372.0,5.88,70000,411133.0,5.88,5.87,5.86,5.85,5.84,5.83,5.82,5.81,5.8,5.79,5.89,5.9,5.91,5.92,5.94,5.95,5.96,5.97,5.98,5.99,3900,19200,13700,6900,6500,4700,600,4200,17000,300,5400,20700,15500,9600,10400,17000,9200,4600,1900,2000
373.0,5.88,70000,411133.0,5.88,5.87,5.86,5.85,5.84,5.83,5.82,5.81,5.8,5.79,5.89,5.9,5.91,5.92,5.94,5.95,5.96,5.97,5.98,5.99,3900,19200,13700,6900,6500,4700,600,4200,17000,300,5400,20700,15500,9600,10400,17000,9200,4600,1900,2000
374.0,5.88,70000,411133.0,5.88,5.87,5.86,5.85,5.84,5.83,5.82,5.81,5.8,5.79,5.89,5.9,5.91,5.92,5.94,5.95,5.96,5.97,5.98,5.99,3900,19200,13700,6900,6500,4700,600,4200,17000,300,5400,20700,15500,9600,10400,17000,9200,4600,1900,2000
375.0,5.88,70000,411133.0,5.88,5.87,5.86,5.85,5.84,5.83,5.82,5.81,5.8,5.79,5.89,5.9,5.91,5.92,5.94,5.95,5.96,5.97,5.98,5.99,3900,19200,13700,6900,6500,4700,600,4200,17000,300,5400,20700,15500,9600,10400,17000,9200,4600,1900,2000
376.0,5.88,70000,411133.0,5.88,5.87,5.86,5.85,5.84,5.83,5.82,5.81,5.8,5.79,5.89,5.9,5.91,5.92,5.94,5.95,5.96,5.97,5.98,5.99,3900,19200,13700,6900,6500,4700,600,4200,17000,300,5400,20700,15500,9600,10400,17000,9200,4600,1900,2000
377.0,5.88,70000,411133.0,5.88,5.87,5.86,5.85,5.84,5.83,5.82,5.81,5.8,5.79,5.89,5.9,5.91,5.92,5.94,5.95,5.96,5.97,5.98,5.99,3900,19200,13700,6900,6500,4700,600,4200,17000,300,5400,20700,15500,9600,10400,17000,9200,4600,1900,2000
378.0,5.88,70000,411133.0,5.88,5.87,5.86,5.85,5.84,5.83,5.82,5.81,5.8,5.79,5.89,5.9,5.91,5.92,5.94,5.95,5.96,5.97,5.98,5.99,3900,19200,13700,6900,6500,4700,600,4200,17000,300,5400,20700,15500,9600,10400,17000,9200,4600,1900,2000
379.0,5.88,70000,411133.0,5.88,5.87,5.86,5.85,5.84,5.83,5.82,5.81,5.8,5.79,5.89,5.9,5.91,5.92,5.94,5.95,5.96,5.97,5.98,5.99,3900,19200,13700,6900,6500,4700,600,4200,17000,300,5400,20700,15500,9600,10400,17000,9200,4600,1900,2000
380.0,5.88,70000,411133.0,5.88,5.87,5.86,5.85,5.84,5.83,5.82,5.81,5.8,5.79,5.89,5.9,5.91,5.92,5.94,5.95,5.96,5.97,5.98,5.99,3900,19200,13700,6900,6500,4700,600,4200,17000,300,5400,20700,15500,9600,10400,17000,9200,4600,1900,2000
381.0,5.88,70000,411133.0,5.88,5.87,5.86,5.85,5.84,5.83,5.82,5.81,5.8,5.79,5.89,5.9,5.91,5.92,5.94,5.95,5.96,5.97,5.98,5.99,3900,19200,13700,6900,6500,4700,600,4200,17000,300,5400,20700,15500,9600,10400,17000,9200,4600,1900,2000
382.0,5.88,70000,411133.0,5.88,5.87,5.86,5.85,5.84,5.83,5.82,5.81,5.8,5.79,5.89,5.9,5.91,5.92,5.94,5.95,5.96,5.97,5.98,5.99,3900,19200,13700,6900,6500,4700,600,4200,17000,300,5400,20700,15500,9600,10400,17000,9200,4600,1900,2000
383.0,5.88,70000,411133.0,5.88,5.87,5.86,5.85,5.84,5.83,5.82,5.81,5.8,5.79,5.89,5.9,5.91,5.92,5.94,5.95,5.96,5.97,5.98,5.99,3900,19200,13700,6900,6500,4700,600,4200,17000,300,5400,20700,15500,9600,10400,17000,9200,4600,1900,2000
384.0,5.88,70000,411133.0,5.88,5.87,5.86,5.85,5.84,5.83,5.82,5.81,5.8,5.79,5.89,5.9,5.91,5.92,5.94,5.95,5.96,5.97,5.98,5.99,3900,19200,13700,6900,6500,4700,600,4200,17000,300,5400,20700,15500,9600,10400,17000,9200,4600,1900,2000
385.0,5.88,70000,411133.0,5.88,5.87,5.86,5.85,5.84,5.83,5.82,5.81,5.8,5.79,5.89,5.9,5.91,5.92,5.94,5.95,5.96,5.97,5.98,5.99,3900,19200,13700,6900,6500,4700,600,4200,17000,300,5400,20700,15500,9600,10400,17000,9200,4600,1900,2000
386.0,5.88,70000,411133.0,5.88,5.87,5.86,5.85,5.84,5.83,5.82,5.81,5.8,5.79,5.89,5.9,5.91,5.92,5.94,5.95,5.96,5.97,5.98,5.99,3900,19200,13700,6900,6500,4700,600,4200,17000,300,5400,20700,15500,9600,10400,17000,9200,4600,1900,2000
387.0,5.88,70000,411133.0,5.88,5.87,5.86,5.85,5.84,5.83,5.82,5.81,5.8,5.79,5.89,5.9,5.91,5.92,5.94,5.95,5.96,5.97,5.98,5.99,4000,19200,13700,6900,6500,4700,600,4200,17000,300,5400,20700,15500,9600,10400,17000,9200,4600,1900,2000
388.0,5.88,70000,411133.0,5.88,5.87,5.86,5.85,5.84,5.83,5.82,5.81,5.8,5.79,5.89,5.9,5.91,5.92,5.94,5.95,5.96,5.97,5.98,5.99,6000,19200,13700,6900,6500,4700,600,4200,17000,300,5400,20700,15500,9600,10400,17000,9200,4600,1900,2000
389.0,5.88,70000,411133.0,5.88,5.87,5.86,5.85,5.84,5.83,5.82,5.81,5.8,5.79,5.89,5.9,5.91,5.92,5.94,5.95,5.96,5.97,5.98,5.99,6000,19200,13700,6900,6500,4700,600,4200,17000,300,5400,20700,15500,9600,10400,17000,9200,4600,1900,2000
390.0,5.88,70000,411133.0,5.88,5.87,5.86,5.85,5.84,5.83,5.82,5.81,5.8,5.79,5.89,5.9,5.91,5.92,5.94,5.95,5.96,5.97,5.98,5.99,6000,19200,13700,6900,6500,4700,600,4200,17000,300,5400,20700,15500,9600,10400,17000,9200,4600,1900,2000
391.0,5.88,70000,411133.0,5.88,5.87,5.86,5.85,5.84,5.83,5.82,5.81,5.8,5.79,5.89,5.9,5.91,5.92,5.94,5.95,5.96,5.97,5.98,5.99,6000,19200,13700,6900,6500,4700,600,4200,17000,300,5400,20700,15500,9600,10400,17000,9200,4600,1900,2000
392.0,5.88,70000,411133.0,5.88,5.87,5.86,5.85,5.84,5.83,5.82,5.81,5.8,5.79,5.89,5.9,5.91,5.92,5.94,5.95,5.96,5.97,5.98,5.99,6000,19200,13700,6900,6500,4700,600,4200,17000,300,5400,20700,15500,9600,10400,17000,9200,4600,1900,2000
393.0,5.88,70000,411133.0,5.88,5.87,5.86,5.85,5.84,5.83,5.82,5.81,5.8,5.79,5.89,5.9,5.91,5.92,5.94,5.95,5.96,5.97,5.98,5.99,6000,19200,13700,6900,6500,4700,600,4200,17000,300,8400,20700,15500,9600,10400,17000,9200,4600,1900,2000
394.0,5.88,70000,411133.0,5.88,5.87,5.86,5.85,5.84,5.83,5.82,5.81,5.8,5.79,5.89,5.9,5.91,5.92,5.94,5.95,5.96,5.97,5.98,5.99,6000,19200,13700,6900,6500,4700,600,4200,17000,300,8400,20700,15500,9600,10400,17000,9200,4600,1900,2000
395.0,5.88,70000,411133.0,5.88,5.87,5.86,5.85,5.84,5.83,5.82,5.81,5.8,5.79,5.89,5.9,5.91,5.92,5.94,5.95,5.96,5.97,5.98,5.99,6000,19200,13700,6900,6500,4700,600,4200,17000,300,8400,20700,15500,9600,10400,17000,9200,4600,1900,2000
396.0,5.88,70000,411133.0,5.88,5.87,5.86,5.85,5.84,5.83,5.82,5.81,5.8,5.79,5.89,5.9,5.91,5.92,5.94,5.95,5.96,5.97,5.98,5.99,6000,19200,13700,6900,6500,4700,600,4200,17000,300,8400,20700,15500,9600,10400,17000,9200,4600,1900,2000
397.0,5.88,70000,411133.0,5.88,5.87,5.86,5.85,5.84,5.83,5.82,5.81,5.8,5.79,5.89,5.9,5.91,5.92,5.94,5.95,5.96,5.97,5.98,5.99,6000,19200,13700,6900,6500,4700,600,4200,17000,300,8400,20700,15500,9600,10400,20000,9200,4600,1900,2000
398.0,5.88,70000,411133.0,5.88,5.87,5.86,5.85,5.84,5.83,5.82,5.81,5.8,5.79,5.89,5.9,5.91,5.92,5.94,5.95,5.96,5.97,5.98,5.99,6000,19200,13700,6900,6500,4700,600,4200,17000,300,8400,20700,15500,9600,10400,20000,9200,4600,1900,2000
399.0,5.88,70000,411133.0,5.88,5.87,5.86,5.85,5.84,5.83,5.82,5.81,5.8,5.79,5.89,5.9,5.91,5.92,5.94,5.95,5.96,5.97,5.98,5.99,6000,19200,13700,6900,6500,4700,600,4200,17000,300,8400,20700,15500,9600,10400,20000,9200,4600,1900,2000
400.0,5.88,70000,411133.0,5.88,5.87,5.86,5.85,5.84,5.83,5.82,5.81,5.8,5.79,5.89,5.9,5.91,5.92,5.94,5.95,5.96,5.97,5.98,5.99,5900,19200,13700,6900,6500,4700,600,4200,17000,300,8400,20700,15500,9600,10400,20000,9200,4600,1900,2000
401.0,5.88,70000,411133.0,5.88,5.87,5.86,5.85,5.84,5.83,5.82,5.81,5.8,5.79,5.89,5.9,5.91,5.92,5.94,5.95,5.96,5.97,5.98,5.99,5900,19200,13700,6900,6500,4700,600,4200,17000,300,8400,20700,15500,9600,10400,20000,9200,4600,1900,2000
402.0,5.88,70000,411133.0,5.88,5.87,5.86,5.85,5.84,5.83,5.82,5.81,5.8,5.79,5.89,5.9,5.91,5.92,5.94,5.95,5.96,5.97,5.98,5.99,5900,19200,13700,6900,6500,4700,600,4200,17000,300,8400,20700,15500,9600,10400,20000,9200,4600,1900,2000
403.0,5.89,71200,418201.0,5.88,5.87,5.86,5.85,5.84,5.83,5.82,5.81,5.8,5.79,5.89,5.9,5.91,5.92,5.94,5.95,5.96,5.97,5.98,5.99,5900,19200,13700,6900,6500,4700,600,4200,17000,300,7200,20700,15500,9600,10400,20000,9200,4600,1900,2000
404.0,5.89,71200,418201.0,5.88,5.87,5.86,5.85,5.84,5.83,5.82,5.81,5.8,5.79,5.89,5.9,5.91,5.92,5.94,5.95,5.96,5.97,5.98,5.99,5900,19200,13700,6900,6500,4700,600,4200,17000,300,7200,20700,15500,9600,10400,20000,9200,4600,1900,2000
405.0,5.89,72100,423502.0,5.88,5.87,5.86,5.85,5.84,5.83,5.82,5.81,5.8,5.79,5.89,5.9,5.91,5.92,5.94,5.95,5.96,5.97,5.98,5.99,5900,19200,13700,6900,6500,4700,600,4200,17000,300,6200,20700,15500,9600,10400,20000,9200,4600,1900,2000
406.0,5.89,72100,423502.0,5.88,5.87,5.86,5.85,5.84,5.83,5.82,5.81,5.8,5.79,5.89,5.9,5.91,5.92,5.94,5.95,5.96,5.97,5.98,5.99,5900,19200,13700,6900,6500,4700,600,4200,17000,300,6200,20700,15500,9600,10400,20000,9200,4600,1900,2000
407.0,5.89,72100,423502.0,5.88,5.87,5.86,5.85,5.84,5.83,5.82,5.81,5.8,5.79,5.89,5.9,5.91,5.92,5.94,5.95,5.96,5.97,5.98,5.99,5900,19100,13700,6900,6500,4700,600,4200,17000,300,6200,20700,15500,9600,10400,20000,9200,4600,1900,2000
408.0,5.89,72100,423502.0,5.88,5.87,5.86,5.85,5.84,5.83,5.82,5.81,5.8,5.79,5.89,5.9,5.91,5.92,5.94,5.95,5.96,5.97,5.98,5.99,5900,19100,13700,6900,6500,4700,600,4200,17000,300,6200,20700,15500,9600,10400,20000,9200,4600,1900,2000
409.0,5.89,72100,423502.0,5.88,5.87,5.86,5.85,5.84,5.83,5.82,5.81,5.8,5.79,5.89,5.9,5.91,5.92,5.94,5.95,5.96,5.97,5.98,5.99,5900,19100,13700,6900,6500,4700,600,4200,17000,300,6200,20700,15500,9600,10400,20000,9200,4600,1900,2000
410.0,5.89,72100,423502.0,5.88,5.87,5.86,5.85,5.84,5.83,5.82,5.81,5.8,5.79,5.89,5.9,5.91,5.92,5.94,5.95,5.96,5.97,5.98,5.99,5900,19100,13700,6900,6500,4700,600,4200,17000,300,6200,20700,15500,9600,10400,20000,9200,4600,1900,2000
411.0,5.89,72100,423502.0,5.88,5.87,5.86,5.85,5.84,5.83,5.82,5.81,5.8,5.79,5.89,5.9,5.91,5.92,5.94,5.95,5.96,5.97,5.98,5.99,5900,19100,13700,6900,6500,4700,600,4200,17000,300,6200,20700,15500,9600,10400,20000,9200,4600,1900,2000
412.0,5.89,72100,423502.0,5.88,5.87,5.86,5.85,5.84,5.83,5.82,5.81,5.8,5.79,5.89,5.9,5.91,5.92,5.94,5.95,5.96,5.97,5.98,5.99,5900,19100,13700,6900,6500,4700,600,4200,17000,300,6200,20700,15500,9600,10400,20000,9200,4600,1900,2000
413.0,5.89,72100,423502.0,5.88,5.87,5.86,5.85,5.84,5.83,5.82,5.81,5.8,5.79,5.89,5.9,5.91,5.92,5.94,5.95,5.96,5.97,5.98,5.99,5900,19100,13700,6900,6500,4700,600,4200,17000,300,6200,20700,15500,9600,10400,20000,9200,4600,1900,2000
414.0,5.89,72100,423502.0,5.88,5.87,5.86,5.85,5.84,5.83,5.82,5.81,5.8,5.79,5.89,5.9,5.91,5.92,5.94,5.95,5.96,5.97,5.98,5.99,5900,19100,13700,6900,6500,4700,600,4200,17000,300,6200,20700,15500,9600,10400,20000,9200,4600,1900,2000
415.0,5.89,72100,423502.0,5.88,5.87,5.86,5.85,5.84,5.83,5.82,5.81,5.8,5.79,5.89,5.9,5.91,5.92,5.94,5.95,5.96,5.97,5.98,5.99,5900,19100,13700,6900,6500,4700,600,4200,17000,300,6200,20700,15500,9600,10400,20000,9200,4600,1900,2000
416.0,5.89,72100,423502.0,5.88,5.87,5.86,5.85,5.84,5.83,5.82,5.81,5.8,5.79,5.89,5.9,5.91,5.92,5.94,5.95,5.96,5.97,5.98,5.99,5900,19100,13700,6900,6500,4700,600,4200,17000,300,6200,20700,15500,9600,10400,20000,9200,4600,1900,2000
417.0,5.89,72100,423502.0,5.88,5.87,5.86,5.85,5.84,5.83,5.82,5.81,5.8,5.79,5.89,5.9,5.91,5.92,5.94,5.95,5.96,5.97,5.98,5.99,5900,19100,13700,6900,6500,4700,600,4200,17000,300,6200,20700,15500,9600,10400,20000,9200,4600,1900,2000
418.0,5.89,72100,423502.0,5.88,5.87,5.86,5.85,5.84,5.83,5.82,5.81,5.8,5.79,5.89,5.9,5.91,5.92,5.94,5.95,5.96,5.97,5.98,5.99,5900,19100,13700,6900,6500,4700,600,4200,17000,300,6200,20700,15500,9600,10400,20000,9200,4600,1900,2000
419.0,5.89,72100,423502.0,5.88,5.87,5.86,5.85,5.84,5.83,5.82,5.81,5.8,5.79,5.89,5.9,5.91,5.92,5.94,5.95,5.96,5.97,5.98,5.99,5900,19100,13700,6900,6500,4700,600,4200,17000,300,6200,20700,15500,9600,10400,20000,9200,4600,1900,2000
420.0,5.89,72100,423502.0,5.88,5.87,5.86,5.85,5.84,5.83,5.82,5.81,5.8,5.79,5.89,5.9,5.91,5.92,5.94,5.95,5.96,5.97,5.98,5.99,7400,19100,13700,6900,6500,4700,600,4200,17000,300,6300,20700,15500,9600,10400,20000,9200,4600,1900,2000
421.0,5.89,72100,423502.0,5.88,5.87,5.86,5.85,5.84,5.83,5.82,5.81,5.8,5.79,5.89,5.9,5.91,5.92,5.94,5.95,5.96,5.97,5.98,5.99,7400,19100,13700,6900,6500,4700,600,4200,17000,300,6300,20700,15500,9600,10400,20000,9200,4600,1900,2000
422.0,5.88,72200,424090.0,5.88,5.87,5.86,5.85,5.84,5.83,5.82,5.81,5.8,5.79,5.89,5.9,5.91,5.92,5.94,5.95,5.96,5.97,5.98,5.99,7400,19100,13700,6900,6500,4700,600,4200,17000,300,6300,20700,15500,9600,10400,20000,9200,4600,1900,2000
423.0,5.89,72400,425268.0,5.88,5.87,5.86,5.85,5.84,5.83,5.82,5.81,5.8,5.79,5.89,5.9,5.91,5.92,5.94,5.95,5.96,5.97,5.98,5.99,7400,19100,13700,6900,6500,4700,600,4200,17000,300,6100,20700,15500,9600,10400,20000,9200,4600,1900,2000
424.0,5.89,72400,425268.0,5.88,5.87,5.86,5.85,5.84,5.83,5.82,5.81,5.8,5.79,5.89,5.9,5.91,5.92,5.94,5.95,5.96,5.97,5.98,5.99,7400,19100,13700,6900,6500,4700,600,4200,17000,300,6100,20700,15500,9600,10400,20000,9200,4600,1900,2000
425.0,5.89,72400,425268.0,5.88,5.87,5.86,5.85,5.84,5.83,5.82,5.81,5.8,5.79,5.89,5.9,5.91,5.92,5.94,5.95,5.96,5.97,5.98,5.99,7400,19100,13700,6900,6500,4700,600,4200,17000,300,6100,20700,15500,9600,10400,20000,9200,4600,1900,2000
426.0,5.89,72400,425268.0,5.88,5.87,5.86,5.85,5.84,5.83,5.82,5.81,5.8,5.79,5.89,5.9,5.91,5.92,5.94,5.95,5.96,5.97,5.98,5.99,7400,19100,13700,6900,6500,4700,600,4200,17000,300,6100,20700,15500,9600,10400,20000,9200,4600,1900,2000
427.0,5.89,72400,425268.0,5.88,5.87,5.86,5.85,5.84,5.83,5.82,5.81,5.8,5.79,5.89,5.9,5.91,5.92,5.94,5.95,5.96,5.97,5.98,5.99,7400,19000,13700,6900,6500,4700,600,4200,17000,300,6100,20700,15500,9600,10400,20000,9200,4600,1900,2000
428.0,5.89,72400,425268.0,5.88,5.87,5.86,5.85,5.84,5.83,5.82,5.81,5.8,5.79,5.89,5.9,5.91,5.92,5.94,5.95,5.96,5.97,5.98,5.99,7400,19100,13700,6900,6500,4700,600,4200,17000,300,6100,20700,15500,9600,12400,20000,9200,4600,1900,2000
429.0,5.89,72400,425268.0,5.88,5.87,5.86,5.85,5.84,5.83,5.82,5.81,5.8,5.79,5.89,5.9,5.91,5.92,5.94,5.95,5.96,5.97,5.98,5.99,7400,19100,13700,6900,6500,4700,600,4200,17000,300,6100,20700,15500,9600,12400,20000,9200,4600,1900,2000
430.0,5.89,72400,425268.0,5.88,5.87,5.86,5.85,5.84,5.83,5.82,5.81,5.8,5.79,5.89,5.9,5.91,5.92,5.94,5.95,5.96,5.97,5.98,5.99,7400,19100,13700,6900,6500,4700,600,4200,17000,300,6100,20700,15500,9600,12400,20000,9200,4600,1900,2000
431.0,5.89,72400,425268.0,5.88,5.87,5.86,5.85,5.84,5.83,5.82,5.81,5.8,5.79,5.89,5.9,5.91,5.92,5.94,5.95,5.96,5.97,5.98,5.99,7400,19100,13700,6900,6500,4700,600,4200,17000,300,6100,20700,15500,9600,12400,20000,9200,4600,1900,2000
432.0,5.89,72400,425268.0,5.88,5.87,5.86,5.85,5.84,5.83,5.82,5.81,5.8,5.79,5.89,5.9,5.91,5.92,5.94,5.95,5.96,5.97,5.98,5.99,7400,19100,13700,6900,6500,4700,600,4200,17000,300,6100,20700,15500,9600,12400,20000,9200,4600,1900,2000
433.0,5.89,72600,426446.0,5.88,5.87,5.86,5.85,5.84,5.83,5.82,5.81,5.8,5.79,5.89,5.9,5.91,5.92,5.94,5.95,5.96,5.97,5.98,5.99,7400,19100,13700,6900,6500,4700,600,4200,17000,300,5900,20700,15500,9600,12400,20000,9200,4600,1900,2000
434.0,5.89,72600,426446.0,5.88,5.87,5.86,5.85,5.84,5.83,5.82,5.81,5.8,5.79,5.89,5.9,5.91,5.92,5.94,5.95,5.96,5.97,5.98,5.99,7400,19100,13700,6900,6500,4700,600,4200,17000,300,5900,20700,15500,9600,12400,20000,9200,4600,1900,2000
435.0,5.89,72600,426446.0,5.88,5.87,5.86,5.85,5.84,5.83,5.82,5.81,5.8,5.79,5.89,5.9,5.91,5.92,5.94,5.95,5.96,5.97,5.98,5.99,7400,19100,13700,6900,6500,4700,700,4200,17000,300,5900,20700,15500,9600,12400,20000,9200,4600,1900,2000
436.0,5.89,72600,426446.0,5.88,5.87,5.86,5.85,5.84,5.83,5.82,5.81,5.8,5.79,5.89,5.9,5.91,5.92,5.94,5.95,5.96,5.97,5.98,5.99,7400,19100,13700,6900,6500,4700,700,4200,17000,300,5800,20700,15500,9600,12400,20000,9200,4600,1900,2000
437.0,5.89,72600,426446.0,5.88,5.87,5.86,5.85,5.84,5.83,5.82,5.81,5.8,5.79,5.89,5.9,5.91,5.92,5.94,5.95,5.96,5.97,5.98,5.99,7400,19100,13700,6900,6500,4700,700,4200,17000,300,5800,20700,15500,9600,12400,20000,9200,4600,1900,2000
