LocalTime,LastPrice,TradeVolume,TradeValue,BidPrice1,BidPrice2,BidPrice3,BidPrice4,BidPrice5,BidPrice6,BidPrice7,BidPrice8,BidPrice9,BidPriceA,AskPrice1,AskPrice2,AskPrice3,AskPrice4,AskPrice5,AskPrice6,AskPrice7,AskPrice8,AskPrice9,AskPriceA,BidVolume1,BidVolume2,BidVolume3,BidVolume4,BidVolume5,BidVolume6,BidVolume7,BidVolume8,BidVolume9,BidVolumeA,AskVolume1,AskVolume2,AskVolume3,AskVolume4,AskVolume5,AskVolume6,AskVolume7,AskVolume8,AskVolume9,AskVolumeA
0.0,10.72,1600,17152.0,10.65,10.61,10.6,10.58,10.56,10.55,10.54,10.53,10.52,10.51,10.72,10.75,10.77,10.78,10.79,10.8,10.82,10.85,10.86,10.88,1900,700,2200,10100,1000,1000,500,1200,900,1500,1700,1400,1500,2000,1800,2000,2400,2000,500,2500
1.0,10.72,1600,17152.0,10.65,10.61,10.6,10.58,10.56,10.55,10.54,10.53,10.52,10.51,10.72,10.75,10.77,10.78,10.79,10.8,10.82,10.85,10.86,10.88,1900,700,2200,10100,1000,1000,500,1200,900,1500,2700,1400,1500,2000,1800,2000,2400,2000,500,2500
2.0,10.72,1600,17152.0,10.65,10.61,10.6,10.58,10.56,10.55,10.54,10.53,10.52,10.51,10.72,10.75,10.77,10.78,10.79,10.8,10.82,10.85,10.86,10.88,1900,700,2200,10100,1000,1000,500,1200,900,1500,2700,1400,1500,2000,1800,2000,2400,2000,500,2500
3.0,10.72,1600,17152.0,10.61,10.6,10.58,10.56,10.55,10.54,10.53,10.52,10.51,10.5,10.72,10.75,10.77,10.78,10.79,10.8,10.82,10.85,10.86,10.88,700,2200,10100,1000,1000,500,1200,900,1500,1300,2700,1400,1500,2000,1800,2000,2400,2000,500,2500
4.0,10.72,1600,17152.0,10.61,10.6,10.58,10.56,10.55,10.54,10.53,10.52,10.51,10.5,10.71,10.72,10.75,10.77,10.78,10.79,10.8,10.82,10.85,10.86,700,2200,10100,1000,1000,500,1200,900,1500,1300,800,2700,1400,1500,2000,1800,2000,2400,2000,500
5.0,10.72,1600,17152.0,10.66,10.61,10.6,10.58,10.56,10.55,10.54,10.53,10.52,10.51,10.71,10.72,10.75,10.77,10.78,10.79,10.8,10.82,10.85,10.86,2000,700,2200,10100,1000,1000,500,1200,900,1500,800,2700,1900,1500,2000,1800,2000,2400,2000,500
6.0,10.71,1900,20365.0,10.66,10.61,10.6,10.58,10.56,10.55,10.54,10.53,10.52,10.51,10.71,10.72,10.75,10.77,10.78,10.79,10.8,10.82,10.85,10.86,2000,1000,2200,10100,1000,1000,500,1200,900,1500,500,2700,1900,1500,2000,1800,2000,2400,2000,500
7.0,10.71,1900,20365.0,10.66,10.65,10.64,10.61,10.6,10.58,10.56,10.55,10.54,10.53,10.71,10.72,10.75,10.77,10.78,10.79,10.8,10.82,10.85,10.86,2000,400,400,1000,2200,10100,1000,1000,500,1200,500,2700,1900,1500,2000,1800,5300,2400,2000,500
8.0,10.71,1900,20365.0,10.66,10.65,10.64,10.61,10.6,10.58,10.56,10.55,10.54,10.53,10.71,10.72,10.73,10.75,10.77,10.78,10.79,10.8,10.82,10.85,2000,500,400,1000,2200,10100,1000,1000,500,1200,500,4800,500,1900,1500,2000,1800,5300,2400,2000
9.0,10.65,4400,47010.0,10.64,10.61,10.6,10.58,10.56,10.55,10.54,10.53,10.52,10.51,10.65,10.7,10.71,10.72,10.73,10.74,10.75,10.76,10.77,10.78,400,1100,2200,10100,1000,1000,500,1200,900,1500,1500,100,500,4800,500,1500,1900,1500,1500,2000
10.0,10.71,6400,68339.0,10.66,10.64,10.61,10.6,10.58,10.56,10.55,10.54,10.53,10.52,10.71,10.72,10.73,10.74,10.75,10.76,10.77,10.78,10.79,10.8,100,400,1100,2200,10100,1000,1000,500,1200,900,100,4800,500,1500,1900,1500,1500,2000,1800,5300
11.0,10.71,6400,68339.0,10.66,10.64,10.61,10.6,10.58,10.56,10.55,10.54,10.53,10.52,10.7,10.71,10.72,10.73,10.74,10.75,10.76,10.77,10.78,10.79,100,400,1100,2200,10100,1000,1000,500,1200,900,1100,400,4800,500,1500,1900,1500,1500,2000,1800
12.0,10.71,6400,68339.0,10.64,10.61,10.6,10.58,10.56,10.55,10.54,10.53,10.52,10.51,10.7,10.71,10.72,10.73,10.74,10.75,10.76,10.77,10.78,10.79,400,1100,2200,10100,1000,1000,500,1200,900,1500,1100,400,4800,500,1500,1900,1500,1500,2000,1800
13.0,10.7,6500,69409.0,10.66,10.64,10.61,10.6,10.58,10.56,10.55,10.54,10.53,10.52,10.7,10.71,10.72,10.73,10.74,10.75,10.76,10.77,10.78,10.79,100,400,1100,2200,10100,1000,1000,500,1200,900,1000,400,4800,500,1500,1900,1500,1500,2000,1800
14.0,10.7,15400,164844.0,10.7,10.65,10.64,10.61,10.6,10.58,10.56,10.55,10.54,10.53,10.75,10.76,10.77,10.78,10.79,10.8,10.82,10.85,10.86,10.87,600,2500,200,1100,2200,10100,1000,1000,500,1200,1300,1500,1500,2000,1800,5300,2400,2000,500,3000
15.0,10.73,15500,165917.0,10.7,10.65,10.64,10.61,10.6,10.58,10.56,10.55,10.54,10.53,10.75,10.76,10.77,10.78,10.79,10.8,10.82,10.85,10.86,10.87,600,2500,200,1100,2200,10100,1000,1000,500,1200,1300,1500,1500,2000,1800,5300,2400,2000,500,3000
16.0,10.73,15500,165917.0,10.7,10.65,10.64,10.61,10.6,10.58,10.56,10.55,10.54,10.53,10.75,10.76,10.77,10.78,10.79,10.8,10.82,10.85,10.86,10.87,600,2500,300,1100,2200,10100,1000,1000,500,1200,1300,1500,1500,2000,1800,5300,2400,2000,500,3000
17.0,10.65,17200,184052.0,10.72,10.65,10.64,10.61,10.6,10.58,10.56,10.55,10.54,10.53,10.75,10.76,10.77,10.78,10.79,10.8,10.82,10.85,10.86,10.87,400,1400,300,1100,2200,10100,1000,1000,500,1200,1300,1500,1500,2000,1800,5300,2400,2000,500,3000
18.0,10.72,17600,188340.0,10.66,10.65,10.64,10.62,10.61,10.6,10.58,10.56,10.55,10.54,10.72,10.75,10.76,10.77,10.78,10.79,10.8,10.82,10.85,10.86,100,1400,300,1900,1100,2200,10100,1000,1000,500,100,1300,1500,1500,2000,1800,5300,2400,2000,500
19.0,10.72,17600,188340.0,10.66,10.65,10.64,10.63,10.62,10.61,10.6,10.59,10.58,10.56,10.72,10.75,10.76,10.77,10.78,10.79,10.8,10.82,10.85,10.86,7100,1400,300,7000,1900,1100,2200,6900,10100,1000,100,1300,1500,1500,2000,1800,5300,2400,2000,500
20.0,10.72,17700,189412.0,10.67,10.66,10.65,10.64,10.63,10.62,10.61,10.6,10.59,10.58,10.75,10.76,10.77,10.78,10.79,10.8,10.82,10.85,10.86,10.87,2300,7100,1600,400,7000,1900,1000,2200,6900,10100,1300,1500,1500,2000,1800,5300,2400,2000,500,3000
21.0,10.72,17700,189412.0,10.72,10.67,10.66,10.65,10.64,10.63,10.62,10.61,10.6,10.59,10.75,10.76,10.77,10.78,10.79,10.8,10.82,10.85,10.86,10.87,800,800,7100,500,400,7000,1900,1000,2200,6900,1300,1500,1500,2000,1800,5300,2400,2000,500,3000
22.0,10.75,17900,191562.0,10.72,10.68,10.67,10.66,10.65,10.64,10.63,10.62,10.61,10.6,10.75,10.76,10.77,10.78,10.79,10.8,10.82,10.85,10.86,10.87,800,7200,800,7100,500,400,7000,1900,1000,2200,1100,1500,1500,2000,1800,5300,2400,2000,500,3000
23.0,10.75,17900,191562.0,10.72,10.68,10.67,10.66,10.65,10.64,10.63,10.62,10.61,10.6,10.75,10.76,10.77,10.78,10.79,10.8,10.82,10.85,10.86,10.87,1100,7200,800,7100,500,300,7000,1900,1000,2200,1100,1500,1500,2000,1800,5300,2400,2000,500,3000
24.0,10.75,17900,191562.0,10.72,10.68,10.67,10.66,10.65,10.64,10.63,10.62,10.61,10.6,10.75,10.76,10.77,10.78,10.79,10.8,10.82,10.85,10.86,10.87,1100,7200,800,7100,300,300,7000,1900,1000,2200,1100,1500,1500,2000,1800,5300,2400,2000,500,3000
25.0,10.75,17900,191562.0,10.72,10.68,10.67,10.66,10.65,10.64,10.63,10.62,10.61,10.6,10.75,10.76,10.77,10.78,10.79,10.8,10.82,10.85,10.86,10.87,1100,7200,800,7100,300,300,7000,1900,1000,2200,1100,1500,1500,2000,1800,5300,2400,2000,500,3000
26.0,10.69,19200,205504.0,10.69,10.68,10.67,10.66,10.65,10.63,10.62,10.61,10.6,10.59,10.75,10.76,10.77,10.78,10.79,10.8,10.82,10.85,10.86,10.87,1000,7200,900,7100,300,7000,1900,1000,2200,6900,600,1500,1500,2000,1800,5300,2400,2000,500,3000
27.0,10.69,19200,205504.0,10.72,10.69,10.68,10.67,10.66,10.65,10.63,10.62,10.61,10.6,10.75,10.76,10.77,10.78,10.79,10.8,10.82,10.85,10.86,10.87,800,1400,7200,500,7100,300,7000,1900,1000,2200,600,1500,1500,2000,1800,5300,2400,2000,500,3000
28.0,10.75,19700,210879.0,10.72,10.69,10.68,10.67,10.66,10.65,10.63,10.62,10.61,10.6,10.75,10.76,10.77,10.78,10.79,10.8,10.82,10.85,10.86,10.87,800,1400,7200,500,7100,300,7000,1900,1000,2200,100,1500,1500,2000,1800,5300,2400,2000,500,3000
29.0,10.75,19800,211954.0,10.72,10.69,10.68,10.67,10.66,10.65,10.63,10.62,10.61,10.6,10.76,10.77,10.78,10.79,10.8,10.82,10.85,10.86,10.87,10.88,1500,1400,7200,500,7100,300,7000,1900,1000,2200,1500,1500,2000,1800,5300,2400,2000,500,3000,2500
30.0,10.75,19800,211954.0,10.72,10.69,10.68,10.67,10.66,10.65,10.63,10.62,10.61,10.6,10.76,10.77,10.78,10.79,10.8,10.82,10.85,10.86,10.87,10.88,1500,1400,7200,400,7100,300,7000,1900,1000,2200,1500,1500,2000,1800,5300,2400,2000,500,3000,2500
31.0,10.72,20200,216242.0,10.72,10.69,10.68,10.67,10.66,10.65,10.63,10.62,10.61,10.6,10.76,10.77,10.78,10.79,10.8,10.82,10.85,10.86,10.87,10.88,1200,1400,7200,400,7100,300,7000,1900,1000,2200,1500,1500,2000,1800,5300,2400,2000,500,3000,2500
32.0,10.72,20300,217314.0,10.72,10.69,10.68,10.67,10.66,10.65,10.63,10.62,10.61,10.6,10.76,10.77,10.78,10.79,10.8,10.82,10.85,10.86,10.87,10.88,1100,1400,7200,400,7100,300,7000,1900,1000,2200,1500,1500,2000,1800,5300,2400,2000,500,3000,2500
33.0,10.72,20300,217314.0,10.73,10.72,10.69,10.68,10.67,10.66,10.65,10.63,10.62,10.61,10.76,10.77,10.78,10.79,10.8,10.82,10.85,10.86,10.87,10.88,100,1100,1400,7200,400,7000,300,7000,1900,1000,1500,1500,2000,1800,5300,2400,2000,500,3000,2500
34.0,10.72,20500,219459.0,10.72,10.69,10.68,10.67,10.66,10.65,10.63,10.62,10.61,10.6,10.76,10.77,10.78,10.79,10.8,10.82,10.85,10.86,10.87,10.88,1000,1400,7200,400,7000,300,7000,1900,1000,2200,1500,1500,2000,1800,5300,2400,2000,500,3000,2500
35.0,10.72,20600,220531.0,10.72,10.69,10.68,10.67,10.66,10.65,10.63,10.62,10.61,10.6,10.75,10.76,10.77,10.78,10.79,10.8,10.82,10.85,10.86,10.87,900,1400,7200,400,7000,300,7000,1900,1000,2200,100,1500,1500,2000,1800,5300,2400,2000,500,3000
36.0,10.72,20600,220531.0,10.72,10.69,10.68,10.67,10.66,10.65,10.63,10.62,10.61,10.6,10.75,10.76,10.77,10.78,10.79,10.8,10.82,10.85,10.86,10.87,900,1400,7200,400,7000,300,7000,1900,1000,2200,100,1500,1500,2000,1800,5300,2400,2000,500,3000
37.0,10.72,20600,220531.0,10.72,10.69,10.68,10.67,10.66,10.65,10.63,10.62,10.61,10.6,10.75,10.76,10.77,10.78,10.79,10.8,10.82,10.85,10.86,10.87,900,1400,7200,400,7000,300,7000,1900,1000,2200,100,1500,1500,2000,1800,5300,2400,2000,500,3000
38.0,10.75,20800,222681.0,10.72,10.69,10.68,10.67,10.66,10.65,10.63,10.62,10.61,10.6,10.75,10.76,10.77,10.78,10.79,10.8,10.82,10.85,10.86,10.87,1000,1400,7200,400,7000,300,7000,1900,1000,2200,100,1500,1500,2000,1800,5300,2400,2000,500,3000
39.0,10.72,20900,223753.0,10.72,10.69,10.68,10.67,10.66,10.65,10.63,10.62,10.61,10.6,10.75,10.76,10.77,10.78,10.79,10.8,10.82,10.85,10.86,10.87,900,1400,7200,400,7000,300,7000,1900,1000,2200,100,1500,1500,2000,1800,5300,2400,2000,500,3000
40.0,10.75,21000,224828.0,10.72,10.71,10.69,10.68,10.67,10.66,10.65,10.63,10.62,10.61,10.76,10.77,10.78,10.79,10.8,10.82,10.85,10.86,10.87,10.88,900,100,1400,7200,400,7000,300,7000,1900,1000,1500,1500,2000,1800,5300,2400,2000,500,3000,2500
41.0,10.76,21500,230208.0,10.72,10.71,10.69,10.68,10.67,10.66,10.65,10.63,10.62,10.61,10.76,10.77,10.78,10.79,10.8,10.82,10.85,10.86,10.87,10.88,900,100,1400,7200,400,7000,300,7000,1900,1000,1000,1500,2000,1800,5300,2400,2000,500,3000,2500
42.0,10.72,21600,231280.0,10.72,10.71,10.69,10.68,10.67,10.66,10.65,10.63,10.62,10.61,10.76,10.77,10.78,10.79,10.8,10.82,10.85,10.86,10.87,10.88,800,100,1400,7200,400,7000,300,7000,1900,1000,1000,1500,2000,1800,5300,2400,2000,500,3000,2500
43.0,10.74,21800,233428.0,10.72,10.71,10.69,10.68,10.67,10.66,10.65,10.63,10.62,10.61,10.74,10.76,10.77,10.78,10.79,10.8,10.82,10.85,10.86,10.87,700,100,1400,7200,400,7000,300,7000,1900,1000,800,1000,1500,2000,1800,5300,2400,2000,500,3000
44.0,10.74,22600,242020.0,10.73,10.72,10.71,10.69,10.68,10.67,10.66,10.65,10.63,10.62,10.76,10.77,10.78,10.79,10.8,10.82,10.85,10.86,10.87,10.88,600,800,100,1400,7200,400,7000,300,7000,1900,1000,1500,2000,1800,5300,2400,2000,500,3000,2500
45.0,10.76,23000,246324.0,10.73,10.72,10.71,10.69,10.68,10.66,10.65,10.63,10.62,10.61,10.76,10.77,10.78,10.79,10.8,10.82,10.85,10.86,10.87,10.88,600,800,100,100,7200,7000,300,7000,1900,1000,600,1500,2000,1800,5300,2400,2000,500,3000,2500
46.0,10.76,23000,246324.0,10.73,10.72,10.71,10.69,10.68,10.66,10.65,10.63,10.62,10.61,10.76,10.77,10.78,10.79,10.8,10.82,10.85,10.86,10.87,10.88,600,800,100,100,7200,7000,300,7000,4000,1000,600,1500,2000,1800,5300,2400,2000,500,3000,2500
47.0,10.76,23100,247400.0,10.73,10.72,10.71,10.69,10.68,10.66,10.65,10.63,10.62,10.61,10.76,10.77,10.78,10.79,10.8,10.82,10.85,10.86,10.87,10.88,600,800,100,100,7200,7000,300,7000,4000,1000,500,1500,2000,1800,5300,2400,2000,500,3000,2500
48.0,10.76,23100,247400.0,10.73,10.72,10.71,10.69,10.68,10.66,10.65,10.63,10.62,10.61,10.76,10.77,10.78,10.79,10.8,10.82,10.85,10.86,10.87,10.88,600,800,100,100,7200,7000,300,7000,4000,1000,500,1500,2000,1800,5300,2400,2000,500,3000,2500
49.0,10.76,23100,247400.0,10.73,10.72,10.71,10.69,10.68,10.66,10.65,10.63,10.62,10.61,10.76,10.77,10.78,10.79,10.8,10.82,10.85,10.86,10.87,10.88,600,800,100,100,7200,7000,300,7000,4000,1000,500,1500,2000,1800,5300,2400,2000,500,3000,2500
50.0,10.76,23300,249552.0,10.73,10.72,10.71,10.69,10.68,10.66,10.65,10.63,10.62,10.61,10.76,10.77,10.78,10.79,10.8,10.82,10.85,10.86,10.87,10.88,600,800,100,100,7200,7000,300,7000,4000,1000,300,1500,2000,1800,5300,2400,2000,500,3000,2500
51.0,10.76,23300,249552.0,10.73,10.72,10.69,10.68,10.66,10.65,10.63,10.62,10.61,10.6,10.76,10.77,10.78,10.79,10.8,10.82,10.85,10.86,10.87,10.88,700,800,100,7200,7000,300,7000,4000,1000,2200,300,1500,2000,1800,5300,2400,11000,500,3000,2500
52.0,10.76,23300,249552.0,10.73,10.72,10.69,10.68,10.66,10.65,10.63,10.62,10.61,10.6,10.76,10.77,10.78,10.79,10.8,10.82,10.85,10.86,10.87,10.88,700,800,100,7200,7000,300,7000,4000,1000,2200,300,1500,2000,1800,5300,2400,11000,500,3000,2500
53.0,10.76,23900,256008.0,10.73,10.72,10.69,10.68,10.66,10.65,10.63,10.62,10.61,10.6,10.77,10.78,10.79,10.8,10.82,10.85,10.86,10.87,10.88,10.92,700,800,100,7200,7000,300,7000,4000,1000,2200,1500,2000,1800,5300,2400,11000,500,3000,2500,900
54.0,10.73,24000,257081.0,10.73,10.72,10.69,10.68,10.66,10.65,10.63,10.62,10.61,10.6,10.77,10.78,10.79,10.8,10.82,10.85,10.86,10.87,10.88,10.92,600,800,100,7200,7000,300,7000,4000,1000,2200,1500,2000,1800,5300,2400,11000,500,3000,2500,900
55.0,10.77,24100,258158.0,10.73,10.72,10.69,10.68,10.66,10.65,10.63,10.62,10.61,10.6,10.77,10.78,10.79,10.8,10.82,10.85,10.86,10.87,10.88,10.92,600,800,100,7200,7000,300,7000,4000,1000,2200,1400,2000,1800,5300,2400,11000,500,3000,2500,900
56.0,10.77,24300,260312.0,10.73,10.72,10.69,10.68,10.66,10.65,10.63,10.62,10.61,10.6,10.77,10.78,10.79,10.8,10.82,10.85,10.86,10.87,10.88,10.92,1300,800,100,7200,7000,300,7000,4000,1000,2200,1200,2000,1800,5300,2400,11000,500,3000,2500,900
57.0,10.77,24300,260312.0,10.73,10.72,10.69,10.68,10.66,10.65,10.63,10.62,10.61,10.6,10.77,10.78,10.79,10.8,10.82,10.85,10.86,10.87,10.88,10.92,1300,800,100,7200,7000,300,7000,4000,1000,2200,1200,2000,1800,5300,2400,11000,500,3000,2500,900
58.0,10.73,24400,261385.0,10.73,10.72,10.69,10.68,10.66,10.65,10.63,10.62,10.61,10.6,10.77,10.78,10.79,10.8,10.82,10.85,10.86,10.87,10.88,10.92,1200,800,100,7200,7000,300,7000,4000,1000,2200,1200,2000,1800,5300,2400,11000,500,3000,2500,900
59.0,10.73,24400,261385.0,10.73,10.72,10.69,10.68,10.66,10.65,10.63,10.62,10.61,10.6,10.77,10.78,10.79,10.8,10.82,10.85,10.86,10.87,10.88,10.92,1200,800,100,7200,7000,300,7000,4000,1000,2200,1200,2000,1800,5300,2400,11000,500,3000,2500,900
60.0,10.73,24500,262458.0,10.73,10.72,10.69,10.68,10.66,10.65,10.63,10.62,10.61,10.6,10.77,10.78,10.79,10.8,10.82,10.85,10.86,10.87,10.88,10.92,1100,800,100,7200,7000,300,7000,4000,1000,2200,1200,2000,1800,5300,2400,11000,500,3000,2500,900
61.0,10.73,24600,263531.0,10.73,10.72,10.69,10.68,10.66,10.65,10.63,10.62,10.61,10.6,10.77,10.78,10.79,10.8,10.82,10.85,10.86,10.87,10.88,10.92,1600,800,100,7200,7000,300,7000,4000,1000,2600,1200,2000,1800,5300,2400,11000,500,3000,2500,900
62.0,10.73,24600,263531.0,10.73,10.72,10.69,10.68,10.66,10.65,10.63,10.62,10.61,10.6,10.77,10.78,10.79,10.8,10.82,10.85,10.86,10.87,10.88,10.92,1800,800,100,7200,7000,300,7000,4000,1000,2600,1200,2000,1800,5300,2400,11000,500,3000,2500,900
63.0,10.73,24600,263531.0,10.73,10.72,10.69,10.68,10.66,10.65,10.63,10.62,10.61,10.6,10.77,10.78,10.79,10.8,10.82,10.85,10.86,10.87,10.88,10.92,1800,800,100,7200,7000,300,7000,4000,1000,2600,1200,2000,1800,5300,2400,11000,500,3000,2500,900
64.0,10.73,24700,264604.0,10.73,10.72,10.69,10.68,10.66,10.65,10.63,10.62,10.61,10.6,10.77,10.78,10.79,10.8,10.82,10.85,10.86,10.87,10.88,10.92,1900,800,2800,7200,7000,300,7000,4000,1000,2600,1200,2000,1800,5300,2400,11000,500,3000,2500,900
65.0,10.73,25000,267823.0,10.75,10.74,10.73,10.72,10.69,10.68,10.66,10.65,10.63,10.62,10.77,10.78,10.79,10.8,10.82,10.85,10.86,10.87,10.88,10.92,200,300,1600,200,2800,10000,7000,300,7000,2100,1200,2000,1800,5300,2400,11000,500,3000,2500,900
66.0,10.73,25000,267823.0,10.75,10.74,10.73,10.72,10.7,10.69,10.68,10.66,10.65,10.63,10.77,10.78,10.79,10.8,10.82,10.85,10.86,10.87,10.88,10.92,200,300,1600,200,500,2800,10000,7000,300,7000,1300,2000,1800,5300,2400,11000,500,3000,2500,900
67.0,10.73,25000,267823.0,10.75,10.74,10.73,10.72,10.7,10.69,10.68,10.66,10.65,10.63,10.77,10.78,10.79,10.8,10.82,10.85,10.86,10.87,10.88,10.92,200,300,1600,200,500,2700,10000,7000,300,7000,1300,2000,1800,5300,2400,11000,500,3000,2500,900
68.0,10.73,25000,267823.0,10.75,10.74,10.73,10.72,10.7,10.69,10.68,10.66,10.65,10.63,10.77,10.78,10.79,10.8,10.82,10.85,10.86,10.87,10.88,10.92,300,300,1600,200,3300,2700,7200,7000,300,7000,1300,2000,1800,5300,2400,11000,500,3000,2500,900
69.0,10.73,25000,267823.0,10.75,10.74,10.73,10.72,10.7,10.69,10.68,10.66,10.65,10.63,10.77,10.78,10.79,10.8,10.82,10.85,10.86,10.87,10.88,10.92,300,300,1600,200,3300,2700,7200,7000,300,7000,1300,2000,1800,5300,2400,11000,500,3000,2500,900
70.0,10.73,25000,267823.0,10.75,10.74,10.73,10.72,10.7,10.69,10.68,10.66,10.65,10.63,10.77,10.78,10.79,10.8,10.82,10.85,10.86,10.87,10.88,10.92,300,300,1600,200,3300,2700,7200,7000,300,7000,1300,2000,1800,5300,2400,11000,500,3000,2500,900
71.0,10.77,25100,268900.0,10.75,10.74,10.73,10.72,10.7,10.69,10.68,10.66,10.65,10.63,10.77,10.78,10.79,10.8,10.82,10.85,10.86,10.87,10.88,10.92,300,300,1600,200,3300,2700,7200,7000,300,7000,1200,2000,1800,5300,2400,11000,500,3000,2500,900
72.0,10.75,30300,324799.0,10.74,10.73,10.72,10.7,10.69,10.68,10.66,10.65,10.63,10.62,10.75,10.77,10.78,10.79,10.8,10.82,10.85,10.86,10.87,10.88,200,1000,200,3300,2700,7200,7000,300,7000,2100,9700,1200,2000,1800,5300,2400,11000,500,3000,2500
73.0,10.75,32900,352749.0,10.74,10.73,10.72,10.7,10.69,10.68,10.66,10.65,10.63,10.62,10.75,10.77,10.78,10.79,10.8,10.82,10.85,10.86,10.87,10.88,500,1000,200,3300,2700,7200,7000,300,7000,2100,7100,1200,2000,1800,5300,2400,11000,500,3000,2500
74.0,10.75,37200,398974.0,10.74,10.73,10.72,10.7,10.69,10.68,10.66,10.65,10.63,10.62,10.75,10.77,10.78,10.79,10.8,10.82,10.85,10.86,10.87,10.88,700,1000,200,3300,2700,7200,7000,300,7000,2100,2800,1200,2000,1800,5300,2400,11000,500,3000,2500
75.0,10.75,37200,398974.0,10.74,10.73,10.72,10.7,10.69,10.68,10.66,10.65,10.63,10.62,10.75,10.77,10.78,10.79,10.8,10.82,10.85,10.86,10.87,10.88,1000,1000,200,3300,2700,7200,7000,2200,7000,2100,2800,1200,2000,1800,5300,2400,11000,500,3000,2500
76.0,10.75,40300,432296.0,10.75,10.74,10.73,10.72,10.7,10.69,10.68,10.66,10.65,10.63,10.77,10.78,10.79,10.8,10.82,10.85,10.86,10.87,10.88,10.92,1300,700,1000,200,3300,2700,7200,7000,2200,7000,1200,2000,1800,5300,2400,11000,500,3000,2500,900
77.0,10.75,40300,432296.0,10.75,10.74,10.73,10.72,10.7,10.69,10.68,10.66,10.65,10.63,10.77,10.78,10.79,10.8,10.82,10.85,10.86,10.87,10.88,10.92,2000,700,1000,200,3300,2700,7200,7000,2200,7000,1200,2000,1800,5300,2400,11000,500,3000,2500,900
78.0,10.77,40400,433373.0,10.75,10.74,10.73,10.72,10.7,10.69,10.68,10.66,10.65,10.63,10.77,10.78,10.79,10.8,10.82,10.85,10.86,10.87,10.88,10.92,2200,700,1000,200,3300,2700,7200,7000,2200,7000,1100,2000,1800,5300,2400,11000,500,3000,2500,900
79.0,10.77,40400,433373.0,10.75,10.74,10.73,10.72,10.7,10.69,10.68,10.66,10.65,10.63,10.77,10.78,10.79,10.8,10.82,10.85,10.86,10.87,10.88,10.92,2200,700,1000,200,3300,2700,7200,7000,2200,7000,1100,2000,1800,5300,2400,11000,500,3000,2500,900
80.0,10.77,40800,437677.0,10.75,10.74,10.73,10.72,10.7,10.69,10.68,10.66,10.65,10.63,10.77,10.78,10.79,10.8,10.82,10.85,10.86,10.87,10.88,10.92,2000,700,1000,200,3300,2700,7200,7000,2200,7000,900,2000,1800,5300,2400,11000,500,3000,2500,900
81.0,10.77,40800,437677.0,10.75,10.74,10.73,10.72,10.7,10.69,10.68,10.66,10.65,10.63,10.77,10.78,10.79,10.8,10.82,10.85,10.86,10.87,10.88,10.92,2200,700,1000,200,3300,2700,7200,7000,2200,7000,900,2000,1800,5300,2400,11000,500,3000,2500,900
82.0,10.75,41000,439827.0,10.75,10.74,10.73,10.72,10.7,10.69,10.68,10.66,10.65,10.63,10.77,10.78,10.79,10.8,10.82,10.85,10.86,10.87,10.88,10.92,1100,700,1000,200,3300,2700,7200,7000,2200,7000,900,2000,1800,5300,2400,11000,500,3000,2500,900
83.0,10.75,41100,440902.0,10.75,10.74,10.73,10.72,10.7,10.69,10.68,10.66,10.65,10.63,10.77,10.78,10.79,10.8,10.82,10.85,10.86,10.87,10.88,10.92,400,700,1000,200,3300,2700,7200,7000,2200,7000,900,2000,1800,5300,2400,11000,500,3000,2500,900
84.0,10.75,41100,440902.0,10.75,10.74,10.73,10.72,10.7,10.69,10.68,10.66,10.65,10.63,10.77,10.78,10.79,10.8,10.82,10.85,10.86,10.87,10.88,10.92,400,700,1000,200,3300,2700,7200,7000,2200,7000,900,2000,1800,5300,2400,11000,500,3000,2500,900
85.0,10.77,41800,448441.0,10.75,10.74,10.73,10.72,10.7,10.69,10.68,10.66,10.65,10.63,10.77,10.78,10.79,10.8,10.82,10.85,10.86,10.87,10.88,10.92,400,700,400,200,3300,2700,7200,7000,2200,7000,200,2000,1800,5300,2400,11000,500,3000,2500,900
86.0,10.77,41800,448441.0,10.75,10.74,10.73,10.72,10.7,10.69,10.68,10.66,10.65,10.63,10.77,10.78,10.79,10.8,10.82,10.85,10.86,10.87,10.88,10.92,400,700,400,200,3300,2700,7200,7000,2200,7000,200,2000,1800,5300,2400,11000,500,3000,2500,900
87.0,10.77,41800,448441.0,10.75,10.74,10.73,10.72,10.7,10.69,10.68,10.66,10.65,10.63,10.77,10.78,10.79,10.8,10.82,10.85,10.86,10.87,10.88,10.92,400,700,400,200,3300,2700,7200,7000,2200,7000,200,2000,1800,5300,2400,11000,500,3000,2500,900
88.0,10.77,41800,448441.0,10.75,10.74,10.73,10.72,10.7,10.69,10.68,10.66,10.65,10.63,10.77,10.78,10.79,10.8,10.82,10.85,10.86,10.87,10.88,10.92,400,700,400,200,3300,2700,7200,7000,2200,7000,200,2000,1800,5300,2400,11000,500,3000,2500,900
89.0,10.77,41800,448441.0,10.75,10.74,10.73,10.72,10.7,10.69,10.68,10.66,10.65,10.63,10.77,10.78,10.79,10.8,10.82,10.85,10.86,10.87,10.88,10.92,400,700,400,200,3300,2700,7200,7000,2200,7000,200,2000,1800,5300,2400,11000,500,3000,2500,900
90.0,10.77,41800,448441.0,10.75,10.74,10.73,10.72,10.7,10.69,10.68,10.66,10.65,10.63,10.77,10.78,10.79,10.8,10.82,10.85,10.86,10.87,10.88,10.92,400,700,400,200,3300,2700,7200,7000,2200,7000,200,2000,1800,5300,2400,11000,500,3000,2500,900
91.0,10.77,41800,448441.0,10.74,10.73,10.72,10.7,10.69,10.68,10.66,10.65,10.63,10.62,10.77,10.78,10.79,10.8,10.82,10.85,10.86,10.87,10.88,10.92,700,400,200,3300,2700,7200,7000,2200,7000,2100,1600,2000,1800,5300,2400,11000,500,3000,2500,900
92.0,10.77,42000,450595.0,10.74,10.73,10.72,10.7,10.69,10.68,10.66,10.65,10.63,10.62,10.77,10.78,10.79,10.8,10.82,10.85,10.86,10.87,10.88,10.92,700,400,200,3300,2700,7200,7000,2200,7000,2100,1400,2000,1800,5300,2400,11000,500,3000,2500,900
93.0,10.77,42000,450595.0,10.74,10.73,10.72,10.7,10.69,10.68,10.66,10.65,10.63,10.62,10.77,10.78,10.79,10.8,10.82,10.85,10.86,10.87,10.88,10.92,700,400,200,3300,2700,7200,7000,2200,7000,2100,1400,2000,1800,5300,2400,11000,500,3000,2500,900
94.0,10.77,42000,450595.0,10.74,10.73,10.72,10.7,10.69,10.68,10.66,10.65,10.63,10.62,10.77,10.78,10.79,10.8,10.82,10.85,10.86,10.87,10.88,10.92,700,400,200,3300,2700,7200,7000,2200,7000,2100,1400,2000,1800,5300,2400,11000,500,3000,2500,900
95.0,10.77,42100,451672.0,10.74,10.73,10.72,10.7,10.69,10.68,10.66,10.65,10.63,10.62,10.77,10.78,10.79,10.8,10.82,10.85,10.86,10.87,10.88,10.92,700,400,200,3300,2700,7200,7000,2200,7000,2100,1300,2000,1800,5300,2400,11000,500,3000,2500,900
96.0,10.77,42100,451672.0,10.75,10.74,10.73,10.72,10.7,10.69,10.68,10.66,10.65,10.63,10.77,10.78,10.79,10.8,10.82,10.85,10.86,10.87,10.88,10.92,800,700,400,200,3300,2700,7200,7000,2200,7000,1300,2000,1800,5300,2500,11000,500,3000,2500,900
97.0,10.77,42100,451672.0,10.75,10.74,10.73,10.72,10.7,10.69,10.68,10.66,10.65,10.63,10.77,10.78,10.79,10.8,10.82,10.85,10.86,10.87,10.88,10.92,800,700,400,200,3300,2700,7200,7000,2200,7000,1300,2000,1800,5300,2500,11000,500,3000,2500,900
98.0,10.77,42100,451672.0,10.75,10.74,10.73,10.72,10.7,10.69,10.68,10.66,10.65,10.63,10.77,10.78,10.79,10.8,10.82,10.85,10.86,10.87,10.88,10.92,800,700,400,200,3300,2700,7200,7000,2200,7000,1300,2000,1800,5300,2500,11000,500,3000,2500,900
99.0,10.75,42200,452747.0,10.75,10.74,10.73,10.72,10.7,10.69,10.68,10.66,10.65,10.63,10.77,10.78,10.79,10.8,10.82,10.85,10.86,10.87,10.88,10.92,700,700,400,200,3300,2700,7200,7000,2200,7000,1300,2000,1800,5300,2500,11000,500,3000,2500,900
100.0,10.75,42200,452747.0,10.75,10.74,10.73,10.72,10.7,10.69,10.68,10.66,10.65,10.63,10.77,10.78,10.79,10.8,10.82,10.85,10.86,10.87,10.88,10.92,700,700,400,200,3300,2700,7200,7000,2200,7000,1300,2000,1800,5300,2500,11000,500,3000,2500,900
101.0,10.75,42200,452747.0,10.75,10.74,10.73,10.72,10.7,10.69,10.68,10.66,10.65,10.63,10.77,10.78,10.79,10.8,10.82,10.85,10.86,10.87,10.88,10.92,700,700,400,200,3300,2700,7200,7000,2200,7000,1300,2000,1800,5300,2500,11000,500,3000,2500,900
102.0,10.75,42200,452747.0,10.75,10.74,10.73,10.72,10.7,10.69,10.68,10.66,10.65,10.63,10.77,10.78,10.79,10.8,10.82,10.85,10.86,10.87,10.88,10.92,700,700,400,200,3300,2700,7200,7000,2200,7000,1300,2000,1800,5300,2500,11000,500,3000,2500,900
103.0,10.75,42200,452747.0,10.75,10.74,10.73,10.72,10.7,10.69,10.68,10.66,10.65,10.63,10.77,10.78,10.79,10.8,10.82,10.85,10.86,10.87,10.88,10.92,700,700,400,200,3300,2700,7200,7000,2200,7000,1300,2000,1800,5300,2500,11000,500,3000,2500,900
104.0,10.75,42200,452747.0,10.75,10.74,10.73,10.72,10.7,10.69,10.68,10.66,10.65,10.63,10.77,10.78,10.79,10.8,10.82,10.85,10.86,10.87,10.88,10.92,700,700,400,200,3300,2700,7200,7000,2200,7000,1300,2000,1800,5300,2500,11000,500,3000,2500,900
105.0,10.75,42200,452747.0,10.75,10.74,10.73,10.72,10.7,10.69,10.68,10.66,10.65,10.63,10.77,10.78,10.79,10.8,10.82,10.85,10.86,10.87,10.88,10.92,700,700,400,200,3300,2700,7200,7000,2200,7000,1300,2000,1800,5300,2500,11000,500,3000,2500,900
106.0,10.75,42200,452747.0,10.75,10.74,10.73,10.72,10.7,10.69,10.68,10.66,10.65,10.63,10.77,10.78,10.79,10.8,10.82,10.85,10.86,10.87,10.88,10.92,700,700,400,200,3300,2700,7200,7000,2200,7000,1300,2000,1800,5300,2500,11000,500,3000,2500,900
107.0,10.75,42200,452747.0,10.75,10.74,10.73,10.72,10.7,10.69,10.68,10.66,10.65,10.63,10.77,10.78,10.79,10.8,10.82,10.85,10.86,10.87,10.88,10.92,700,700,400,200,3300,2700,7200,7000,2200,7000,1300,2000,1800,5300,2500,11000,500,3000,2500,900
108.0,10.75,42200,452747.0,10.75,10.74,10.73,10.72,10.7,10.69,10.68,10.66,10.65,10.63,10.77,10.78,10.79,10.8,10.82,10.85,10.86,10.87,10.88,10.92,700,700,400,200,3300,2700,7200,7000,2200,7000,1300,2000,1800,5300,2500,11000,500,3000,2500,900
109.0,10.75,42200,452747.0,10.75,10.74,10.73,10.72,10.7,10.69,10.68,10.66,10.65,10.63,10.77,10.78,10.79,10.8,10.82,10.85,10.86,10.87,10.88,10.92,700,700,400,200,3300,2700,7200,7000,2200,7000,1300,2000,1800,5300,2500,11000,500,3000,2500,900
110.0,10.75,42300,453822.0,10.75,10.74,10.73,10.72,10.7,10.69,10.68,10.66,10.65,10.63,10.77,10.78,10.79,10.8,10.82,10.85,10.86,10.87,10.88,10.92,600,700,400,200,3300,2700,7200,7000,2200,7000,1300,2000,1800,2000,2500,11000,500,3000,2500,900
111.0,10.75,42300,453822.0,10.75,10.74,10.73,10.72,10.7,10.69,10.68,10.66,10.65,10.63,10.77,10.78,10.79,10.8,10.82,10.85,10.86,10.87,10.88,10.92,700,700,400,200,3300,2700,7200,7000,2200,7000,1300,2000,1800,2000,2500,11000,500,3000,2500,900
112.0,10.75,42300,453822.0,10.75,10.74,10.73,10.72,10.7,10.69,10.68,10.66,10.65,10.63,10.77,10.78,10.79,10.8,10.82,10.85,10.86,10.87,10.88,10.92,700,700,400,200,3300,2700,7200,7000,2200,7000,1300,2000,1800,2000,2500,11000,500,3000,2500,900
113.0,10.75,42300,453822.0,10.75,10.74,10.73,10.72,10.7,10.69,10.68,10.66,10.65,10.63,10.77,10.78,10.79,10.8,10.82,10.85,10.86,10.87,10.88,10.92,700,700,400,200,3300,2700,7200,7000,2200,7000,1300,2000,1800,2000,2500,11000,500,3000,2500,900
114.0,10.75,42300,453822.0,10.75,10.74,10.73,10.72,10.7,10.69,10.68,10.66,10.65,10.63,10.77,10.78,10.79,10.8,10.82,10.85,10.86,10.87,10.88,10.92,700,700,400,200,3300,2700,7200,7000,2200,7000,1300,2000,1800,2000,2500,11000,500,3000,2500,900
115.0,10.75,42300,453822.0,10.75,10.74,10.73,10.72,10.7,10.69,10.68,10.66,10.65,10.63,10.77,10.78,10.79,10.8,10.82,10.85,10.86,10.87,10.88,10.92,700,700,400,200,3300,2700,7200,7000,2200,7000,1300,2000,1800,2000,2500,11000,500,3000,2500,900
116.0,10.75,42300,453822.0,10.75,10.74,10.73,10.72,10.7,10.69,10.68,10.66,10.65,10.63,10.77,10.78,10.79,10.8,10.82,10.85,10.86,10.87,10.88,10.92,700,700,400,200,3300,2700,7200,7000,2200,7000,1300,2000,1800,2000,2500,11000,500,3000,2500,900
117.0,10.77,42700,458130.0,10.75,10.74,10.73,10.72,10.7,10.69,10.68,10.66,10.65,10.63,10.77,10.78,10.79,10.8,10.82,10.85,10.86,10.87,10.88,10.92,700,700,400,200,3300,2700,7200,7000,2200,7000,900,2000,1800,2000,2800,11000,500,3000,2500,900
118.0,10.77,42700,458130.0,10.75,10.74,10.73,10.72,10.7,10.69,10.68,10.66,10.65,10.63,10.77,10.78,10.79,10.8,10.82,10.85,10.86,10.87,10.88,10.92,700,700,400,200,3300,2700,7200,7000,2200,7000,900,2000,1800,2000,2800,11000,500,3000,2500,900
119.0,10.76,44000,472118.0,10.75,10.74,10.72,10.7,10.69,10.68,10.66,10.65,10.63,10.62,10.76,10.77,10.78,10.79,10.8,10.82,10.85,10.86,10.87,10.88,700,700,200,3300,2700,7200,7000,2200,7000,2100,2000,900,2000,1800,2000,2800,11000,500,3000,2500
120.0,10.76,44000,472118.0,10.75,10.74,10.72,10.71,10.7,10.69,10.68,10.66,10.65,10.63,10.76,10.77,10.78,10.79,10.8,10.82,10.85,10.86,10.87,10.88,700,700,200,200,2800,2700,7200,7000,2200,7000,2000,900,2000,1800,2000,2800,11000,500,3000,2500
121.0,10.75,44100,473193.0,10.75,10.74,10.72,10.71,10.7,10.69,10.68,10.66,10.65,10.63,10.76,10.77,10.78,10.79,10.8,10.82,10.85,10.86,10.87,10.88,600,700,200,200,2800,2700,7200,7000,2200,7000,2000,900,2000,1800,2000,2800,11000,500,3000,2500
122.0,10.75,44100,473193.0,10.75,10.74,10.72,10.71,10.7,10.69,10.68,10.66,10.65,10.63,10.76,10.78,10.79,10.8,10.82,10.85,10.86,10.87,10.88,10.92,600,700,200,200,2800,2700,7200,7000,2200,7000,2000,2000,1800,2000,2800,11000,500,3000,2500,900
123.0,10.75,44100,473193.0,10.75,10.74,10.72,10.71,10.7,10.69,10.68,10.66,10.65,10.63,10.76,10.78,10.79,10.8,10.82,10.85,10.86,10.87,10.88,10.92,600,700,200,200,2800,2700,7200,7000,2200,7000,2000,2000,1800,2000,2800,11000,500,3000,2500,900
124.0,10.75,44100,473193.0,10.75,10.74,10.72,10.71,10.7,10.69,10.68,10.66,10.65,10.63,10.76,10.78,10.79,10.8,10.82,10.85,10.86,10.87,10.88,10.92,600,700,200,200,2800,2700,7200,7000,2200,7000,2000,2000,1800,2000,2800,11000,500,3000,2500,900
125.0,10.75,44100,473193.0,10.75,10.74,10.72,10.71,10.7,10.69,10.68,10.66,10.65,10.63,10.76,10.78,10.79,10.8,10.82,10.85,10.86,10.87,10.88,10.92,600,700,200,200,2800,2700,7200,7000,2200,7000,2000,2000,1800,2000,2800,11000,500,3000,2500,900
126.0,10.75,44100,473193.0,10.75,10.74,10.72,10.71,10.7,10.69,10.68,10.66,10.65,10.63,10.76,10.78,10.79,10.8,10.82,10.85,10.86,10.87,10.88,10.92,600,700,200,200,2800,2700,7200,7000,2200,7000,2000,2000,1800,2000,2800,11000,500,3000,2500,900
127.0,10.75,44100,473193.0,10.75,10.74,10.72,10.71,10.7,10.69,10.68,10.66,10.65,10.63,10.76,10.78,10.79,10.8,10.82,10.85,10.86,10.87,10.88,10.92,600,700,200,200,2800,2700,7200,7000,2200,7000,2000,2000,1800,2000,2800,11000,500,3000,2500,900
128.0,10.75,44100,473193.0,10.75,10.74,10.72,10.71,10.7,10.69,10.68,10.66,10.65,10.63,10.76,10.78,10.79,10.8,10.82,10.85,10.86,10.87,10.88,10.92,600,700,200,200,2800,2700,7200,7000,2200,7000,2000,2000,1800,2000,2800,11000,500,3000,2500,900
129.0,10.75,44100,473193.0,10.75,10.74,10.72,10.71,10.7,10.69,10.68,10.66,10.65,10.63,10.76,10.78,10.79,10.8,10.82,10.85,10.86,10.87,10.88,10.92,600,700,200,200,2800,2700,7200,7000,2200,7000,2000,2000,1800,2000,2800,11000,500,3000,2500,900
130.0,10.75,44100,473193.0,10.75,10.74,10.72,10.71,10.7,10.69,10.68,10.66,10.65,10.63,10.76,10.78,10.79,10.8,10.82,10.85,10.86,10.87,10.88,10.92,600,700,200,200,2800,2700,7200,7000,2200,7000,2000,2000,1800,2000,2800,11000,500,3000,2500,900
131.0,10.75,44100,473193.0,10.75,10.74,10.72,10.71,10.7,10.69,10.68,10.66,10.65,10.63,10.76,10.78,10.79,10.8,10.82,10.85,10.86,10.87,10.88,10.92,600,700,200,200,2800,2700,7200,7000,2200,7000,2000,2000,1800,2000,2800,11000,500,3000,2500,900
132.0,10.75,44100,473193.0,10.75,10.74,10.72,10.71,10.7,10.69,10.68,10.66,10.65,10.63,10.76,10.78,10.79,10.8,10.82,10.85,10.86,10.87,10.88,10.92,600,700,200,200,2800,2700,7200,7000,2200,7000,2000,2000,1800,2000,2800,11000,500,3000,2500,900
133.0,10.75,44200,474268.0,10.75,10.74,10.72,10.71,10.7,10.69,10.68,10.66,10.65,10.63,10.76,10.78,10.79,10.8,10.82,10.85,10.86,10.87,10.88,10.92,500,700,200,200,2800,2700,7200,7000,2200,7000,2000,2000,1800,2000,2800,11000,500,3000,2500,900
134.0,10.75,44200,474268.0,10.75,10.74,10.72,10.71,10.7,10.69,10.68,10.66,10.65,10.63,10.76,10.78,10.79,10.8,10.82,10.85,10.86,10.87,10.88,10.92,500,700,200,200,2800,2700,7200,7000,2200,7000,2000,2000,1800,2000,2800,11000,500,3000,2500,900
135.0,10.75,44200,474268.0,10.75,10.74,10.72,10.71,10.7,10.69,10.68,10.66,10.65,10.63,10.76,10.78,10.79,10.8,10.82,10.85,10.86,10.87,10.88,10.92,500,700,200,200,2800,2700,7200,7000,2200,7000,2000,2000,1800,2000,2800,11000,500,3000,2500,900
136.0,10.75,44200,474268.0,10.75,10.74,10.72,10.71,10.7,10.69,10.68,10.66,10.65,10.63,10.76,10.78,10.79,10.8,10.82,10.85,10.86,10.87,10.88,10.92,500,700,200,200,2800,2700,7200,7000,2200,7000,2000,2000,1800,2000,2800,11000,500,3000,2500,900
137.0,10.75,44200,474268.0,10.75,10.74,10.72,10.71,10.7,10.69,10.68,10.66,10.65,10.63,10.76,10.78,10.79,10.8,10.82,10.85,10.86,10.87,10.88,10.92,500,700,200,200,2800,2700,7200,7000,2200,7000,2000,2000,1800,2000,2800,11000,500,3000,2500,900
138.0,10.75,44200,474268.0,10.75,10.74,10.72,10.71,10.7,10.69,10.68,10.66,10.65,10.63,10.76,10.78,10.79,10.8,10.82,10.85,10.86,10.87,10.88,10.92,500,700,200,200,2800,2700,7200,7000,2200,7000,2000,2000,1800,2000,2800,11000,500,3000,2500,900
139.0,10.75,44200,474268.0,10.75,10.74,10.72,10.71,10.7,10.69,10.68,10.66,10.65,10.63,10.76,10.78,10.79,10.8,10.82,10.85,10.86,10.87,10.88,10.92,500,700,200,200,2800,2700,7200,7000,2200,7000,2000,2000,1800,2000,2800,11000,500,3000,2500,900
140.0,10.75,44200,474268.0,10.75,10.74,10.72,10.71,10.7,10.69,10.68,10.66,10.65,10.63,10.76,10.78,10.79,10.8,10.82,10.85,10.86,10.87,10.88,10.92,500,700,200,200,2800,2700,7200,7000,2200,7000,2000,2000,1800,2000,2800,11000,500,3000,2500,900
141.0,10.75,44200,474268.0,10.75,10.74,10.72,10.71,10.7,10.69,10.68,10.66,10.65,10.63,10.76,10.78,10.79,10.8,10.82,10.85,10.86,10.87,10.88,10.92,500,700,200,200,2800,2700,7200,7000,2200,7000,2000,2000,1800,2000,2800,11000,500,3000,2500,900
142.0,10.75,44200,474268.0,10.75,10.74,10.72,10.71,10.7,10.69,10.68,10.66,10.65,10.63,10.76,10.78,10.79,10.8,10.82,10.85,10.86,10.87,10.88,10.92,500,700,200,200,2800,2700,7200,7000,2200,7000,2000,2000,1800,2000,2800,11000,500,3000,2500,900
143.0,10.75,44200,474268.0,10.75,10.74,10.72,10.71,10.7,10.69,10.68,10.66,10.65,10.63,10.76,10.78,10.79,10.8,10.82,10.85,10.86,10.87,10.88,10.92,500,700,200,200,2800,2700,7200,7000,2200,7000,2000,2000,1800,2000,2800,11000,500,3000,2500,900
144.0,10.75,44200,474268.0,10.75,10.74,10.72,10.71,10.7,10.69,10.68,10.66,10.65,10.63,10.76,10.78,10.79,10.8,10.82,10.85,10.86,10.87,10.88,10.92,500,700,200,200,2800,2700,7200,7000,2200,7000,2000,2000,1800,2000,2800,11000,500,3000,2500,900
145.0,10.75,44300,475343.0,10.75,10.74,10.72,10.71,10.7,10.69,10.68,10.66,10.65,10.63,10.76,10.78,10.79,10.8,10.82,10.85,10.86,10.87,10.88,10.92,400,700,200,200,2800,2700,7200,7000,2200,7000,2000,2000,1800,2000,2800,11000,500,3000,2500,900
146.0,10.75,44300,475343.0,10.75,10.74,10.72,10.71,10.7,10.69,10.68,10.66,10.65,10.63,10.76,10.78,10.79,10.8,10.82,10.85,10.86,10.87,10.88,10.92,400,700,200,200,2800,2700,7200,7000,2200,7000,2000,2000,1800,2000,2800,11000,500,3000,2500,900
147.0,10.77,47200,506556.0,10.76,10.75,10.74,10.72,10.71,10.7,10.69,10.68,10.66,10.65,10.77,10.78,10.79,10.8,10.82,10.85,10.86,10.87,10.88,10.92,4800,300,600,200,200,2800,2700,7200,7000,2200,100,2000,1800,2000,2800,11000,500,3000,2500,900
148.0,10.77,47700,511941.0,10.76,10.75,10.74,10.72,10.71,10.7,10.69,10.68,10.66,10.65,10.78,10.79,10.8,10.82,10.85,10.86,10.87,10.88,10.92,10.95,4800,300,600,200,200,2800,2700,7200,7000,2200,2000,1800,2000,2800,11000,500,3000,2500,900,1200
149.0,10.77,47700,511941.0,10.76,10.75,10.74,10.72,10.71,10.7,10.69,10.68,10.66,10.65,10.78,10.79,10.8,10.82,10.85,10.86,10.87,10.88,10.92,10.95,4800,300,600,200,200,2800,2700,7200,7000,2200,2000,1800,2000,2800,11000,500,3000,2500,900,1200
150.0,10.76,48200,517321.0,10.77,10.76,10.75,10.74,10.72,10.71,10.7,10.69,10.68,10.66,10.78,10.79,10.8,10.82,10.85,10.86,10.87,10.88,10.92,10.95,1700,4300,300,600,200,200,2800,2700,7200,7000,2000,1800,2000,2800,11000,500,3000,2500,900,1200
151.0,10.77,48600,521629.0,10.77,10.76,10.75,10.74,10.72,10.71,10.7,10.69,10.68,10.66,10.78,10.79,10.8,10.82,10.85,10.86,10.87,10.88,10.92,10.95,1300,4300,300,600,200,200,2800,2700,7200,7000,2000,1800,2000,2800,11000,500,3000,2500,900,1200
152.0,10.79,51500,552900.0,10.78,10.77,10.76,10.75,10.74,10.72,10.71,10.7,10.69,10.68,10.79,10.8,10.82,10.85,10.86,10.87,10.88,10.92,10.95,10.97,900,4600,4200,300,400,200,200,2800,2700,7200,900,2000,2800,11000,500,3000,2500,900,1200,200
153.0,10.79,51900,557213.0,10.78,10.77,10.76,10.75,10.74,10.72,10.71,10.7,10.69,10.68,10.79,10.8,10.82,10.85,10.86,10.87,10.88,10.92,10.95,10.97,600,4600,4400,300,400,100,200,2800,2700,7200,800,2000,2800,11000,500,3000,2500,900,1200,200
154.0,10.79,52000,558292.0,10.78,10.77,10.76,10.75,10.74,10.72,10.71,10.7,10.69,10.68,10.79,10.8,10.82,10.85,10.86,10.87,10.88,10.92,10.95,10.97,600,4600,4400,300,400,100,200,2800,2700,7200,700,2000,2800,11000,500,3000,2500,900,1200,200
155.0,10.79,52200,560450.0,10.78,10.77,10.76,10.75,10.74,10.73,10.71,10.69,10.68,10.66,10.79,10.8,10.82,10.85,10.86,10.87,10.88,10.92,10.95,10.97,700,4600,4400,300,400,2700,200,2700,7200,7000,500,2000,2800,11000,500,3000,2500,900,1200,200
156.0,10.8,53100,570163.0,10.79,10.78,10.77,10.76,10.74,10.73,10.71,10.69,10.68,10.66,10.8,10.82,10.85,10.86,10.87,10.88,10.92,10.95,10.97,11.0,700,600,4600,4400,400,2700,200,2700,7200,7000,1700,2800,11000,500,3000,2500,900,1200,200,500
157.0,10.8,53100,570163.0,10.79,10.78,10.77,10.76,10.74,10.73,10.71,10.69,10.68,10.66,10.8,10.82,10.85,10.86,10.87,10.88,10.92,10.95,10.97,11.0,700,600,4600,3800,400,2700,200,2700,7200,7000,2100,2800,11000,500,3000,2500,900,1200,200,500
158.0,10.8,53100,570163.0,10.79,10.78,10.77,10.76,10.74,10.73,10.71,10.69,10.68,10.66,10.8,10.82,10.85,10.86,10.87,10.88,10.92,10.95,10.97,11.0,900,600,4600,3800,400,2700,200,2700,7200,7000,2100,2800,11000,500,3000,2500,900,1200,200,500
159.0,10.8,53100,570163.0,10.79,10.78,10.77,10.76,10.74,10.73,10.71,10.69,10.68,10.66,10.8,10.82,10.85,10.86,10.87,10.88,10.92,10.95,10.97,11.0,900,600,4600,3800,400,2700,200,2700,7200,7000,2100,2800,11000,500,3000,2500,900,1200,200,500
160.0,10.8,53100,570163.0,10.79,10.78,10.77,10.76,10.74,10.73,10.71,10.69,10.68,10.66,10.8,10.82,10.85,10.86,10.87,10.88,10.92,10.95,10.97,11.0,900,600,4600,3800,400,2700,200,2700,7200,7000,2100,2800,11000,500,3000,2500,900,1200,200,500
161.0,10.8,53100,570163.0,10.79,10.78,10.77,10.76,10.74,10.73,10.71,10.69,10.68,10.66,10.8,10.82,10.85,10.86,10.87,10.88,10.92,10.95,10.97,11.0,900,600,4600,3800,400,2700,200,2700,7200,7000,2100,2800,11000,500,3000,2500,900,1200,200,500
162.0,10.8,53100,570163.0,10.79,10.78,10.77,10.76,10.74,10.73,10.71,10.69,10.68,10.66,10.8,10.82,10.85,10.86,10.87,10.88,10.92,10.95,10.97,11.0,900,600,4600,3800,400,2700,200,2700,7200,7000,2100,2800,11000,500,3000,2500,900,1200,200,500
163.0,10.8,53100,570163.0,10.79,10.78,10.77,10.76,10.74,10.73,10.71,10.69,10.68,10.66,10.8,10.82,10.85,10.86,10.87,10.88,10.92,10.95,10.97,11.0,900,600,4600,3800,400,2700,200,2700,7200,7000,2100,2800,11000,500,3000,2500,900,1200,200,500
164.0,10.8,53100,570163.0,10.79,10.78,10.77,10.76,10.74,10.73,10.71,10.69,10.68,10.66,10.8,10.82,10.85,10.86,10.87,10.88,10.92,10.95,10.97,11.0,900,600,4600,3800,400,2700,200,2700,7200,7000,2100,2800,11000,500,3000,2500,900,1200,200,500
165.0,10.8,53100,570163.0,10.79,10.78,10.77,10.76,10.74,10.73,10.71,10.69,10.68,10.66,10.8,10.82,10.85,10.86,10.87,10.88,10.92,10.95,10.97,11.0,900,600,4600,3800,400,2700,200,2700,7200,7000,2100,2800,11000,500,3000,2500,900,1200,200,500
166.0,10.8,53100,570163.0,10.79,10.78,10.77,10.76,10.74,10.73,10.71,10.69,10.68,10.66,10.8,10.82,10.85,10.86,10.87,10.88,10.92,10.95,10.97,11.0,900,600,4600,3800,400,2700,200,2700,7200,7000,2100,2800,11000,500,3000,2500,900,1200,200,500
167.0,10.8,53100,570163.0,10.79,10.78,10.77,10.76,10.74,10.73,10.71,10.69,10.68,10.66,10.8,10.82,10.85,10.86,10.87,10.88,10.92,10.95,10.97,11.0,900,600,4600,3800,400,2700,200,2700,7200,7000,2100,2800,11000,500,3000,2500,900,1200,200,500
168.0,10.79,53200,571242.0,10.79,10.78,10.77,10.76,10.74,10.73,10.71,10.69,10.68,10.66,10.8,10.82,10.85,10.86,10.87,10.88,10.92,10.95,10.97,11.0,800,600,4600,3800,400,2700,200,2700,7200,7000,2100,2800,11000,500,3000,2500,900,1200,200,500
169.0,10.79,53200,571242.0,10.79,10.78,10.77,10.76,10.74,10.73,10.71,10.69,10.68,10.66,10.8,10.82,10.85,10.86,10.87,10.88,10.92,10.95,10.97,11.0,800,600,4600,3800,400,2700,200,2700,7200,7000,1700,2800,11000,500,3000,2500,900,1200,200,500
170.0,10.79,53200,571242.0,10.79,10.78,10.77,10.76,10.74,10.73,10.71,10.69,10.68,10.66,10.8,10.82,10.85,10.86,10.87,10.88,10.92,10.95,10.97,11.0,1600,600,4600,3800,400,2700,200,2700,7200,7000,1700,2800,11000,500,3000,2500,900,1200,200,200
171.0,10.79,53300,572321.0,10.79,10.78,10.77,10.76,10.74,10.73,10.71,10.69,10.68,10.66,10.8,10.82,10.85,10.86,10.87,10.88,10.92,10.95,10.97,11.0,1500,600,4600,3800,400,2700,200,2700,7200,7000,1700,2800,11000,500,3000,2500,900,1200,200,200
172.0,10.79,53300,572321.0,10.79,10.78,10.77,10.76,10.74,10.73,10.71,10.69,10.68,10.66,10.8,10.82,10.85,10.86,10.87,10.88,10.9,10.92,10.95,10.97,1500,600,4600,3800,400,2700,200,2700,7200,7000,1700,2800,11000,500,3000,2500,10700,900,1200,200
173.0,10.79,53300,572321.0,10.79,10.78,10.77,10.76,10.74,10.73,10.71,10.69,10.68,10.66,10.8,10.82,10.85,10.86,10.87,10.88,10.9,10.92,10.95,10.97,1500,600,4600,3800,400,2700,200,2700,7200,7000,1700,2800,11000,500,3000,2500,10700,900,1200,200
174.0,10.79,53400,573400.0,10.79,10.78,10.77,10.76,10.74,10.73,10.71,10.69,10.68,10.66,10.8,10.82,10.85,10.86,10.87,10.88,10.9,10.92,10.95,10.97,1400,600,4600,3800,400,2700,200,2700,7200,7000,1700,2800,11000,500,3000,2500,10700,900,1200,200
175.0,10.76,62000,666036.0,10.76,10.74,10.73,10.71,10.69,10.68,10.66,10.65,10.63,10.62,10.79,10.8,10.82,10.85,10.86,10.87,10.88,10.9,10.92,10.95,1800,400,2700,200,2700,7200,7000,2200,7000,2100,3700,1700,2800,11000,500,3000,2500,10700,900,1200
176.0,10.76,62300,669264.0,10.76,10.74,10.73,10.71,10.69,10.68,10.66,10.65,10.63,10.62,10.79,10.8,10.82,10.85,10.86,10.87,10.88,10.9,10.92,10.95,1500,400,2700,200,2700,7200,7000,2200,7000,2100,4200,1700,2800,11000,500,3000,2500,10700,900,1200
177.0,10.76,62300,669264.0,10.76,10.74,10.73,10.71,10.69,10.68,10.66,10.65,10.63,10.62,10.79,10.8,10.82,10.85,10.86,10.87,10.88,10.9,10.92,10.95,1600,400,2700,200,2700,7200,7000,2200,7000,2100,4300,1700,2800,11000,500,3000,2500,10700,900,1200
178.0,10.76,62400,670340.0,10.76,10.74,10.73,10.71,10.69,10.68,10.66,10.65,10.63,10.62,10.79,10.8,10.82,10.85,10.86,10.87,10.88,10.9,10.92,10.95,1500,400,2700,200,2700,7200,7000,2200,7000,2100,4300,1700,2800,11000,500,3000,2500,10700,900,1200
179.0,10.76,62700,673568.0,10.76,10.74,10.73,10.71,10.69,10.68,10.66,10.65,10.63,10.62,10.79,10.8,10.82,10.85,10.86,10.87,10.88,10.9,10.92,10.95,1200,400,2700,200,2700,7200,7000,2200,7000,2100,4300,1700,2800,11000,500,3000,2500,10700,900,1200
180.0,10.76,62800,674644.0,10.76,10.74,10.73,10.71,10.69,10.68,10.66,10.65,10.63,10.62,10.79,10.8,10.82,10.85,10.86,10.87,10.88,10.9,10.92,10.95,1200,400,2700,200,2700,7200,7000,2200,7000,2100,4300,1700,2800,11000,500,3000,2500,10700,900,1200
181.0,10.76,62900,675720.0,10.76,10.74,10.73,10.71,10.69,10.68,10.66,10.65,10.63,10.62,10.79,10.8,10.82,10.85,10.86,10.87,10.88,10.9,10.92,10.95,1100,400,2700,200,2700,7200,7000,2200,7000,2100,600,1700,2800,11000,500,3000,2500,10700,900,1200
182.0,10.76,63000,676796.0,10.77,10.76,10.74,10.73,10.71,10.69,10.68,10.66,10.65,10.63,10.79,10.8,10.81,10.82,10.85,10.86,10.87,10.88,10.9,10.92,800,1100,400,2700,200,2700,7200,7000,2200,7000,600,1700,1000,2800,11000,500,3000,2500,10700,900
183.0,10.76,63000,676796.0,10.77,10.76,10.74,10.73,10.71,10.69,10.68,10.66,10.65,10.63,10.79,10.8,10.81,10.82,10.85,10.86,10.87,10.88,10.9,10.92,1200,1100,400,2700,200,2700,7200,7000,2200,7000,600,1700,1000,2800,11000,500,3000,2500,10700,900
184.0,10.77,63100,677873.0,10.77,10.76,10.74,10.73,10.71,10.69,10.68,10.66,10.65,10.63,10.79,10.8,10.81,10.82,10.85,10.86,10.87,10.88,10.9,10.92,1100,1100,400,2700,200,2700,7200,7000,2200,7000,600,1700,1000,2800,11000,500,3000,2500,10700,900
185.0,10.77,63100,677873.0,10.77,10.76,10.74,10.73,10.71,10.69,10.68,10.66,10.65,10.63,10.79,10.8,10.81,10.82,10.85,10.86,10.87,10.88,10.9,10.92,1100,1100,400,2700,200,2700,7200,7000,2200,7000,600,6500,1000,2800,11000,500,3000,2500,10700,900
186.0,10.77,63100,677873.0,10.77,10.76,10.74,10.73,10.71,10.69,10.68,10.66,10.65,10.63,10.79,10.8,10.81,10.82,10.85,10.86,10.87,10.88,10.9,10.92,1100,1100,400,2700,200,2700,7200,7000,2200,7000,600,6500,1000,2800,11000,500,3000,2500,10700,900
187.0,10.77,63200,678950.0,10.77,10.76,10.74,10.73,10.71,10.69,10.68,10.66,10.65,10.63,10.79,10.8,10.81,10.82,10.85,10.86,10.87,10.88,10.9,10.92,1000,1300,400,2700,200,2700,7200,7000,2200,7000,600,6500,1000,2800,11000,500,3000,2500,10700,900
188.0,10.77,63200,678950.0,10.77,10.76,10.74,10.73,10.71,10.69,10.68,10.66,10.65,10.63,10.79,10.8,10.81,10.82,10.85,10.86,10.87,10.88,10.9,10.92,1000,1300,400,2700,200,2700,7200,7000,2200,7000,600,6500,1000,2800,11000,500,3000,2500,10700,900
189.0,10.77,63200,678950.0,10.77,10.76,10.74,10.73,10.71,10.69,10.68,10.66,10.65,10.63,10.79,10.8,10.81,10.82,10.85,10.86,10.87,10.88,10.9,10.92,1000,1300,400,2700,200,2700,7200,7000,2200,7000,600,6500,1000,2800,11000,500,3000,2500,10700,900
190.0,10.77,63400,681104.0,10.77,10.76,10.74,10.73,10.71,10.69,10.68,10.66,10.65,10.63,10.79,10.8,10.81,10.82,10.85,10.86,10.87,10.88,10.9,10.92,800,1300,400,2700,200,2700,7200,7000,2200,7000,600,6500,1000,3800,11000,500,3000,2500,10700,900
191.0,10.77,63500,682181.0,10.77,10.76,10.74,10.73,10.71,10.69,10.68,10.66,10.65,10.63,10.79,10.8,10.81,10.82,10.85,10.86,10.87,10.88,10.9,10.92,700,1300,400,2700,200,2700,7200,7000,2200,7000,600,6500,1000,3800,11000,500,3000,2500,10700,900
192.0,10.77,63500,682181.0,10.77,10.76,10.74,10.73,10.71,10.69,10.68,10.66,10.65,10.63,10.79,10.8,10.81,10.82,10.85,10.86,10.87,10.88,10.9,10.92,700,1300,400,2700,200,2700,7200,7000,2200,7000,600,6500,1000,3800,11000,500,3000,2500,10700,900
193.0,10.77,63500,682181.0,10.77,10.76,10.74,10.73,10.71,10.69,10.68,10.66,10.65,10.63,10.79,10.8,10.81,10.82,10.85,10.86,10.87,10.88,10.9,10.92,700,1300,400,2700,200,2700,7200,7000,2200,7000,600,6500,1000,3800,11000,500,3000,2500,10700,900
194.0,10.77,63500,682181.0,10.77,10.76,10.74,10.73,10.71,10.69,10.68,10.66,10.65,10.63,10.79,10.8,10.81,10.82,10.85,10.86,10.87,10.88,10.9,10.92,700,1300,400,2700,200,2700,7200,7000,2200,7000,600,6500,1000,3800,11000,500,3000,2500,10700,900
195.0,10.77,63500,682181.0,10.77,10.76,10.74,10.73,10.71,10.69,10.68,10.66,10.65,10.63,10.79,10.8,10.81,10.82,10.85,10.86,10.87,10.88,10.9,10.92,700,1300,400,2700,200,2700,7200,7000,2200,7000,600,6500,1000,3800,11000,500,3000,2500,10700,900
196.0,10.77,63500,682181.0,10.77,10.76,10.74,10.73,10.71,10.69,10.68,10.66,10.65,10.63,10.79,10.8,10.81,10.82,10.85,10.86,10.87,10.88,10.9,10.92,700,1300,400,2700,200,2700,7200,7000,2200,7000,600,6500,1000,3800,11000,500,3000,2500,10700,900
197.0,10.77,63500,682181.0,10.77,10.76,10.74,10.73,10.71,10.69,10.68,10.66,10.65,10.63,10.79,10.8,10.81,10.82,10.85,10.86,10.87,10.88,10.9,10.92,700,1300,400,2700,200,2700,7200,7000,2200,7000,600,6500,1000,3800,11000,500,3000,2500,10700,900
198.0,10.77,63500,682181.0,10.77,10.76,10.74,10.73,10.71,10.69,10.68,10.66,10.65,10.63,10.79,10.8,10.81,10.82,10.85,10.86,10.87,10.88,10.9,10.92,700,1300,400,2700,200,2700,7200,7000,2200,7000,600,6500,1000,3800,11000,500,3000,2500,10700,900
199.0,10.77,63500,682181.0,10.77,10.76,10.74,10.73,10.71,10.69,10.68,10.66,10.65,10.63,10.79,10.8,10.81,10.82,10.85,10.86,10.87,10.88,10.9,10.92,700,1300,400,2700,200,2700,7200,7000,2200,7000,600,6500,1000,3800,11000,500,3000,2500,10700,900
200.0,10.77,63500,682181.0,10.77,10.76,10.74,10.73,10.71,10.69,10.68,10.66,10.65,10.63,10.79,10.8,10.81,10.82,10.85,10.86,10.87,10.88,10.9,10.92,700,1300,400,2700,200,3300,7200,7000,2200,7000,600,6500,1000,3800,11000,500,3000,2500,10700,900
201.0,10.77,63500,682181.0,10.77,10.76,10.74,10.73,10.71,10.69,10.68,10.66,10.65,10.63,10.79,10.8,10.81,10.82,10.85,10.86,10.87,10.88,10.9,10.92,700,1300,400,2700,200,3300,7200,7000,2200,7000,600,6500,1000,3800,11000,500,3000,2500,10700,900
202.0,10.77,63500,682181.0,10.77,10.76,10.74,10.73,10.71,10.69,10.68,10.66,10.65,10.63,10.79,10.8,10.81,10.82,10.85,10.86,10.87,10.88,10.9,10.92,700,1300,400,2700,200,3300,7200,7000,2200,7000,600,6500,1000,3800,11000,500,3000,2500,10700,900
203.0,10.77,63600,683258.0,10.77,10.76,10.74,10.73,10.71,10.69,10.68,10.66,10.65,10.63,10.79,10.8,10.81,10.82,10.85,10.86,10.87,10.88,10.9,10.92,600,1300,400,2700,200,3300,7200,7000,2200,7000,600,6500,1000,3800,11000,500,3000,2500,10700,900
204.0,10.77,63600,683258.0,10.77,10.76,10.74,10.73,10.71,10.69,10.68,10.66,10.65,10.63,10.79,10.8,10.81,10.82,10.85,10.86,10.87,10.88,10.9,10.92,600,1300,400,2700,200,3300,7200,7000,2200,7000,600,6500,1000,3800,11000,500,3000,2500,10700,900
205.0,10.77,63600,683258.0,10.77,10.76,10.74,10.73,10.71,10.69,10.68,10.66,10.65,10.63,10.79,10.8,10.81,10.82,10.85,10.86,10.87,10.88,10.9,10.92,600,1300,400,2700,200,3300,7200,7000,2200,7000,600,6500,1000,3800,11000,500,3000,2500,10700,900
206.0,10.77,63600,683258.0,10.77,10.76,10.74,10.73,10.71,10.69,10.68,10.66,10.65,10.63,10.79,10.8,10.81,10.82,10.85,10.86,10.87,10.88,10.9,10.92,600,1300,400,2700,200,3300,7200,7000,2200,7000,600,6500,1000,3800,11000,500,3000,2500,10700,900
207.0,10.77,63600,683258.0,10.77,10.76,10.74,10.73,10.71,10.69,10.68,10.66,10.65,10.63,10.79,10.8,10.81,10.82,10.85,10.86,10.87,10.88,10.9,10.92,900,1300,400,2700,200,3300,7200,7000,2200,7000,100,9600,2500,3800,11000,500,3000,2500,10700,900
208.0,10.77,63600,683258.0,10.77,10.76,10.74,10.73,10.71,10.69,10.68,10.66,10.65,10.63,10.79,10.8,10.81,10.82,10.85,10.86,10.87,10.88,10.9,10.92,900,1300,400,2700,200,3300,7200,7000,2200,7000,100,9600,2500,3800,11000,500,3000,2500,10700,900
209.0,10.77,63600,683258.0,10.77,10.76,10.74,10.73,10.71,10.69,10.68,10.66,10.65,10.63,10.79,10.8,10.81,10.82,10.85,10.86,10.87,10.88,10.9,10.92,900,1300,400,2700,200,3300,7200,7000,2200,7000,100,9600,2500,3800,11000,500,3000,2500,10700,900
210.0,10.77,63600,683258.0,10.77,10.76,10.74,10.73,10.71,10.69,10.68,10.66,10.65,10.63,10.79,10.8,10.81,10.82,10.85,10.86,10.87,10.88,10.9,10.92,900,1300,400,2700,200,3300,7200,7000,2200,7000,100,9600,2500,3500,11000,500,3000,2500,10700,900
211.0,10.77,63600,683258.0,10.77,10.76,10.74,10.73,10.71,10.69,10.68,10.66,10.65,10.63,10.79,10.8,10.81,10.82,10.85,10.86,10.87,10.88,10.9,10.92,900,1300,400,2700,200,3300,7200,7000,2200,7000,100,9600,2500,3500,11000,500,3000,2500,10700,900
212.0,10.77,63600,683258.0,10.77,10.76,10.74,10.73,10.71,10.69,10.68,10.66,10.65,10.63,10.79,10.8,10.81,10.82,10.85,10.86,10.87,10.88,10.9,10.92,900,1300,400,2700,200,3300,7200,7000,2200,7000,100,9600,2500,3500,11000,500,3000,2500,10700,900
213.0,10.77,63600,683258.0,10.77,10.76,10.74,10.73,10.71,10.69,10.68,10.66,10.65,10.63,10.79,10.8,10.81,10.82,10.85,10.86,10.87,10.88,10.9,10.92,900,1300,400,2700,200,3300,7200,7000,2200,7000,100,9600,2500,3500,11000,500,3000,2500,10700,900
214.0,10.77,63700,684335.0,10.77,10.76,10.74,10.73,10.71,10.69,10.68,10.66,10.65,10.63,10.79,10.8,10.81,10.82,10.85,10.86,10.87,10.88,10.9,10.92,800,1300,400,2700,200,3300,7200,7000,2200,7000,100,9600,2500,3500,11000,500,3000,2500,10700,900
215.0,10.77,63700,684335.0,10.77,10.76,10.74,10.73,10.71,10.69,10.68,10.66,10.65,10.63,10.79,10.8,10.81,10.82,10.85,10.86,10.87,10.88,10.9,10.92,800,1300,400,2700,200,3300,7200,7000,2200,7000,100,9600,2500,3500,11000,500,3000,2500,10700,900
216.0,10.77,63700,684335.0,10.77,10.76,10.74,10.73,10.71,10.69,10.68,10.66,10.65,10.63,10.79,10.8,10.81,10.82,10.85,10.86,10.87,10.88,10.9,10.92,1300,1300,400,2700,200,3300,7200,7000,2200,7000,100,9600,2500,3500,11000,500,3000,2500,10700,900
217.0,10.77,63800,685412.0,10.77,10.76,10.74,10.73,10.71,10.69,10.68,10.66,10.65,10.63,10.79,10.8,10.81,10.82,10.85,10.86,10.87,10.88,10.9,10.92,1200,1300,400,2700,200,3300,7200,7000,2200,7000,100,9600,2500,3500,11000,500,3000,2500,10700,900
218.0,10.77,63900,686489.0,10.77,10.76,10.74,10.73,10.71,10.69,10.68,10.66,10.65,10.63,10.79,10.8,10.81,10.82,10.85,10.86,10.87,10.88,10.9,10.92,1100,1300,400,2700,200,3300,7200,7000,2200,7000,100,9600,2500,3500,11000,500,3000,2500,10700,900
219.0,10.77,63900,686489.0,10.77,10.76,10.74,10.73,10.71,10.69,10.68,10.66,10.65,10.63,10.79,10.8,10.81,10.82,10.85,10.86,10.87,10.88,10.9,10.92,1100,1300,400,2700,200,3300,7200,7000,2200,7000,100,9600,2500,3500,11000,500,3000,2500,10700,900
220.0,10.77,64000,687566.0,10.77,10.76,10.74,10.73,10.71,10.69,10.68,10.66,10.65,10.63,10.79,10.8,10.81,10.82,10.85,10.86,10.87,10.88,10.9,10.92,1000,1300,400,2700,200,3300,7200,7000,2200,7000,100,9600,2500,3500,11000,500,3000,2500,10700,900
221.0,10.77,64000,687566.0,10.77,10.76,10.74,10.73,10.71,10.69,10.68,10.66,10.65,10.63,10.79,10.8,10.81,10.82,10.85,10.86,10.87,10.88,10.9,10.92,1000,1300,400,2700,200,3300,7200,7000,2200,7000,100,9600,2500,3500,11000,500,3000,2500,10700,900
222.0,10.77,64000,687566.0,10.77,10.76,10.74,10.73,10.71,10.69,10.68,10.66,10.65,10.63,10.79,10.8,10.81,10.82,10.85,10.86,10.87,10.88,10.9,10.92,1000,1300,400,2700,200,3300,7200,7000,2200,7000,100,9600,2500,3500,11000,500,3000,2500,10700,900
223.0,10.77,64100,688643.0,10.77,10.76,10.74,10.73,10.71,10.69,10.68,10.66,10.65,10.63,10.79,10.8,10.81,10.82,10.85,10.86,10.87,10.88,10.9,10.92,900,1300,400,2700,200,3300,7200,7000,2200,7000,100,7000,2500,3500,11000,500,3000,2500,10700,900
224.0,10.77,64100,688643.0,10.77,10.76,10.74,10.73,10.71,10.69,10.68,10.66,10.65,10.63,10.79,10.8,10.81,10.82,10.85,10.86,10.87,10.88,10.9,10.92,1500,1300,400,2700,200,3300,7200,7000,2200,7000,100,7000,2500,3500,11000,500,3000,2500,10700,900
225.0,10.77,64100,688643.0,10.77,10.76,10.74,10.73,10.71,10.69,10.68,10.66,10.65,10.63,10.79,10.8,10.81,10.82,10.85,10.86,10.87,10.88,10.9,10.92,1500,1300,400,2700,200,3300,7200,7000,2200,7000,100,7000,2500,3500,11000,500,3000,2500,10700,900
226.0,10.77,64500,692951.0,10.77,10.76,10.74,10.73,10.71,10.69,10.68,10.66,10.65,10.63,10.79,10.8,10.81,10.82,10.85,10.86,10.87,10.88,10.9,10.92,1100,1300,400,2700,200,3300,7200,7000,2200,7000,100,7000,2500,3500,11000,500,3000,2500,10700,900
227.0,10.77,64600,694028.0,10.77,10.76,10.74,10.73,10.71,10.69,10.68,10.66,10.65,10.63,10.79,10.8,10.81,10.82,10.85,10.86,10.87,10.88,10.9,10.92,1000,1300,400,2700,200,3300,7200,7000,2200,7000,100,7000,2500,3500,11000,500,3000,2500,10700,900
228.0,10.77,64600,694028.0,10.77,10.76,10.74,10.73,10.71,10.69,10.68,10.66,10.65,10.63,10.79,10.8,10.81,10.82,10.85,10.86,10.87,10.88,10.9,10.92,1000,1300,400,2700,200,3300,7200,7000,2200,7000,100,7000,2500,3500,11000,500,3000,2500,10700,900
229.0,10.79,64700,695107.0,10.77,10.76,10.74,10.73,10.71,10.69,10.68,10.66,10.65,10.63,10.8,10.81,10.82,10.85,10.86,10.87,10.88,10.9,10.92,10.95,1200,1300,400,2700,200,3300,7200,7000,2200,7000,9600,2500,3500,11000,2500,3000,2500,10700,900,1200
230.0,10.77,64800,696184.0,10.77,10.76,10.74,10.73,10.71,10.69,10.68,10.66,10.65,10.63,10.8,10.81,10.82,10.85,10.86,10.87,10.88,10.9,10.92,10.95,1200,1300,400,2700,200,3300,7200,7000,2200,7000,9600,2500,3500,11000,2500,3000,2500,10700,900,1200
231.0,10.77,64800,696184.0,10.77,10.76,10.74,10.73,10.71,10.69,10.68,10.66,10.65,10.63,10.8,10.81,10.82,10.85,10.86,10.87,10.88,10.9,10.92,10.95,1300,1300,400,2700,200,3300,7200,7000,2200,7000,9700,2500,3500,11000,2500,3000,2500,10700,900,1200
232.0,10.77,64800,696184.0,10.77,10.76,10.74,10.73,10.71,10.69,10.68,10.66,10.65,10.63,10.8,10.81,10.82,10.85,10.86,10.87,10.88,10.9,10.92,10.95,1300,1300,400,2700,200,3300,7200,7000,2200,7000,9700,2500,3500,11000,2500,3000,2500,10700,900,1200
233.0,10.77,64900,697261.0,10.77,10.76,10.74,10.73,10.71,10.69,10.68,10.66,10.65,10.63,10.8,10.81,10.82,10.85,10.86,10.87,10.88,10.9,10.92,10.95,1400,1300,400,2700,200,3300,7200,7000,2200,7000,9800,2500,3500,11000,2500,3000,2500,10700,900,1200
234.0,10.77,65000,698338.0,10.77,10.76,10.74,10.73,10.71,10.69,10.68,10.66,10.65,10.63,10.8,10.81,10.82,10.85,10.86,10.87,10.88,10.9,10.92,10.95,1300,1300,400,2700,200,3300,7200,7000,2200,7000,9800,2500,3500,11000,2500,3000,2500,10700,900,1200
235.0,10.77,65000,698338.0,10.77,10.76,10.74,10.73,10.71,10.69,10.68,10.66,10.65,10.63,10.79,10.8,10.81,10.82,10.85,10.86,10.87,10.88,10.9,10.92,1400,1300,400,2700,200,3300,7200,7000,2200,7000,2600,7300,2500,3500,11000,2500,3000,2500,10700,900
236.0,10.77,65000,698338.0,10.77,10.76,10.74,10.73,10.71,10.69,10.68,10.66,10.65,10.63,10.79,10.8,10.81,10.82,10.85,10.86,10.87,10.88,10.9,10.92,1400,1300,400,2700,200,3300,7200,7000,2200,7000,2600,7300,2500,3500,11000,2500,3000,2500,10700,900
237.0,10.77,65100,699415.0,10.77,10.76,10.74,10.73,10.71,10.69,10.68,10.66,10.65,10.63,10.79,10.8,10.81,10.82,10.85,10.86,10.87,10.88,10.9,10.92,1300,1300,400,2700,200,3300,7200,7000,2200,7000,2600,7300,2500,3500,11000,2500,3000,2500,10700,900
238.0,10.77,65300,701569.0,10.77,10.76,10.74,10.73,10.71,10.69,10.68,10.66,10.65,10.63,10.79,10.8,10.81,10.82,10.85,10.86,10.87,10.88,10.9,10.92,1100,1300,400,2700,200,3300,7200,7000,2200,7000,2600,7300,2500,3500,11000,2500,3000,2500,10700,900
239.0,10.77,65300,701569.0,10.77,10.76,10.74,10.73,10.71,10.69,10.68,10.66,10.65,10.63,10.79,10.8,10.81,10.82,10.85,10.86,10.87,10.88,10.9,10.92,1100,1300,400,2700,200,3300,7200,7000,2200,7000,2600,7300,2500,3500,11000,2500,3000,2500,10700,900
240.0,10.77,65500,703723.0,10.77,10.76,10.74,10.73,10.71,10.69,10.68,10.66,10.65,10.63,10.79,10.8,10.81,10.82,10.85,10.86,10.87,10.88,10.9,10.92,900,1300,400,2700,200,3300,7200,7000,2200,7000,2600,7300,2500,3500,11000,2500,3000,2500,10700,900
241.0,10.77,65500,703723.0,10.77,10.76,10.74,10.73,10.71,10.69,10.68,10.66,10.65,10.63,10.79,10.8,10.81,10.82,10.85,10.86,10.87,10.88,10.9,10.92,900,1300,400,2700,200,3300,7200,7000,2200,7000,2600,7300,2500,3500,11000,2500,3000,2500,10700,900
242.0,10.77,65500,703723.0,10.77,10.76,10.74,10.73,10.71,10.69,10.68,10.66,10.65,10.63,10.79,10.8,10.81,10.82,10.85,10.86,10.87,10.88,10.9,10.92,900,1300,400,2700,200,3300,7200,7000,2200,7000,2600,7300,2500,3500,11000,2500,3000,2500,10700,900
243.0,10.77,65500,703723.0,10.77,10.76,10.74,10.73,10.71,10.69,10.68,10.66,10.65,10.63,10.79,10.8,10.81,10.82,10.85,10.86,10.87,10.88,10.9,10.92,900,1300,400,2700,200,3300,7200,7000,2200,7000,2600,7300,2500,3500,11000,2500,3000,2500,10700,900
244.0,10.77,65500,703723.0,10.77,10.76,10.74,10.73,10.71,10.69,10.68,10.66,10.65,10.63,10.79,10.8,10.81,10.82,10.85,10.86,10.87,10.88,10.9,10.92,900,1300,400,2700,200,3300,7200,7000,2200,7000,2600,7300,2500,3500,11000,2500,3000,2500,10700,900
245.0,10.77,65500,703723.0,10.77,10.76,10.74,10.73,10.71,10.69,10.68,10.66,10.65,10.63,10.79,10.8,10.81,10.82,10.85,10.86,10.87,10.88,10.9,10.92,900,1300,400,2700,200,3300,7200,7000,2200,7000,2600,7300,2500,3500,11000,2500,3000,2500,10700,900
246.0,10.77,65500,703723.0,10.77,10.76,10.74,10.73,10.71,10.69,10.68,10.66,10.65,10.63,10.79,10.8,10.81,10.82,10.85,10.86,10.87,10.88,10.9,10.92,900,1300,400,2700,200,3300,7200,7000,2200,7000,2600,7300,2500,3500,11000,2500,3000,2500,10700,900
247.0,10.77,65500,703723.0,10.77,10.76,10.74,10.73,10.71,10.69,10.68,10.66,10.65,10.63,10.79,10.8,10.81,10.82,10.85,10.86,10.87,10.88,10.9,10.92,1000,1300,400,2700,200,3300,7200,7000,2200,7000,2600,7300,2500,3500,11000,2500,3000,2500,10700,900
248.0,10.79,66100,710195.0,10.77,10.76,10.74,10.73,10.71,10.69,10.68,10.66,10.65,10.63,10.79,10.8,10.81,10.82,10.85,10.86,10.87,10.88,10.9,10.92,900,1300,400,2700,200,3300,7200,7000,2200,7000,2100,7300,2500,3500,11000,2500,3000,2500,10700,900
249.0,10.77,66200,711272.0,10.77,10.76,10.74,10.73,10.71,10.69,10.68,10.66,10.65,10.63,10.78,10.79,10.8,10.81,10.82,10.85,10.86,10.87,10.88,10.9,600,1300,400,2700,200,3300,7200,7000,2200,7000,1200,2100,7300,2500,3500,11000,2500,3000,2500,10700
250.0,10.77,66200,711272.0,10.77,10.76,10.74,10.73,10.71,10.69,10.68,10.66,10.65,10.63,10.78,10.79,10.8,10.81,10.82,10.85,10.86,10.87,10.88,10.9,600,1300,400,2700,200,3300,7200,7000,2200,7000,1200,2100,7300,2500,3500,11000,2500,3000,2500,10700
251.0,10.77,66200,711272.0,10.77,10.76,10.74,10.73,10.71,10.69,10.68,10.66,10.65,10.63,10.78,10.79,10.8,10.81,10.82,10.85,10.86,10.87,10.88,10.9,1600,1300,400,2700,200,3300,7200,7000,2200,7000,1200,2100,7300,2500,3500,11000,2500,3000,2500,10700
252.0,10.77,66200,711272.0,10.77,10.76,10.74,10.73,10.71,10.69,10.68,10.66,10.65,10.63,10.78,10.79,10.8,10.81,10.82,10.85,10.86,10.87,10.88,10.9,1600,1300,400,2700,200,3300,7200,7000,2200,7000,1200,2100,7300,2500,3500,11000,2500,3000,2500,10700
253.0,10.77,66200,711272.0,10.77,10.76,10.74,10.73,10.71,10.69,10.68,10.66,10.65,10.63,10.78,10.79,10.8,10.81,10.82,10.85,10.86,10.87,10.88,10.9,1600,1300,400,2700,200,3300,7200,7000,2200,7000,1200,2100,7300,2500,3500,11000,2500,3000,2500,10700
254.0,10.78,67400,724207.0,10.77,10.76,10.74,10.73,10.71,10.69,10.68,10.66,10.65,10.63,10.78,10.79,10.8,10.81,10.82,10.85,10.86,10.87,10.88,10.9,1500,1300,400,2700,200,3300,7200,7000,2200,7000,100,2100,7300,2500,3500,11000,2500,3000,2500,10700
255.0,10.78,67600,726362.0,10.78,10.77,10.76,10.74,10.73,10.71,10.69,10.68,10.66,10.65,10.79,10.8,10.81,10.82,10.85,10.86,10.87,10.88,10.9,10.92,700,1400,1300,400,2700,200,3300,7200,7000,2200,2100,7300,2500,3500,11000,2500,3000,2500,10700,900
256.0,10.78,67600,726362.0,10.78,10.77,10.76,10.74,10.73,10.71,10.69,10.68,10.66,10.65,10.79,10.8,10.81,10.82,10.85,10.86,10.87,10.88,10.9,10.92,700,1400,1300,400,2700,200,3300,7200,7000,2200,2100,7300,2500,3500,11000,2500,3000,2500,10700,900
257.0,10.78,67600,726362.0,10.78,10.77,10.76,10.74,10.73,10.71,10.69,10.68,10.66,10.65,10.79,10.8,10.81,10.82,10.85,10.86,10.87,10.88,10.9,10.92,700,1400,1300,400,2700,200,3300,7200,7000,2200,2100,7300,2500,3500,11000,2500,3000,2500,10700,900
258.0,10.78,67600,726362.0,10.78,10.77,10.76,10.74,10.73,10.71,10.69,10.68,10.66,10.65,10.79,10.8,10.81,10.82,10.85,10.86,10.87,10.88,10.9,10.92,700,1400,1300,400,2700,200,3300,7200,7000,2200,2100,7300,2500,3500,11000,2500,3000,2500,10700,900
259.0,10.78,67600,726362.0,10.78,10.77,10.76,10.74,10.73,10.71,10.69,10.68,10.66,10.65,10.79,10.8,10.81,10.82,10.85,10.86,10.87,10.88,10.9,10.92,700,1400,1300,400,2700,200,3300,7200,7000,2200,2100,7300,2500,3500,11000,2500,3000,2500,10700,900
260.0,10.78,67600,726362.0,10.78,10.77,10.76,10.74,10.73,10.71,10.69,10.68,10.66,10.65,10.79,10.8,10.81,10.82,10.85,10.86,10.87,10.88,10.9,10.92,800,1400,1300,400,2700,200,3300,7200,7000,2200,2100,7300,2500,3500,11000,2500,3000,2500,10700,900
261.0,10.78,67700,727440.0,10.78,10.77,10.76,10.74,10.73,10.71,10.69,10.68,10.66,10.65,10.79,10.8,10.81,10.82,10.85,10.86,10.87,10.88,10.9,10.92,700,1400,1300,400,2700,200,3300,7200,7000,2200,2100,7300,2500,3500,11000,2500,3000,2500,10700,900
262.0,10.78,67700,727440.0,10.78,10.77,10.76,10.74,10.73,10.71,10.69,10.68,10.66,10.65,10.79,10.8,10.81,10.82,10.85,10.86,10.87,10.88,10.89,10.9,700,1400,1300,400,2700,200,3300,7200,7000,2200,2100,7300,2500,3500,11000,2500,3000,2500,600,10700
263.0,10.78,67700,727440.0,10.78,10.77,10.76,10.74,10.73,10.71,10.69,10.68,10.66,10.65,10.79,10.8,10.81,10.82,10.85,10.86,10.87,10.88,10.89,10.9,700,1400,1300,400,2700,200,3300,7200,7000,2200,2100,7300,1500,3500,11000,2500,3000,2500,600,10700
264.0,10.78,67700,727440.0,10.78,10.77,10.76,10.74,10.73,10.71,10.69,10.68,10.66,10.65,10.79,10.8,10.81,10.82,10.85,10.86,10.87,10.88,10.89,10.9,700,1400,1300,400,2700,200,3300,7200,7000,2200,2100,7300,1500,3500,11000,2500,3000,2500,600,10700
265.0,10.78,67700,727440.0,10.78,10.77,10.76,10.74,10.73,10.71,10.69,10.68,10.66,10.65,10.79,10.8,10.81,10.82,10.85,10.86,10.87,10.88,10.89,10.9,900,1400,1300,400,2700,200,3300,7200,7000,2200,2100,7300,1500,3500,11000,2500,3000,2500,600,10700
266.0,10.78,67700,727440.0,10.78,10.77,10.76,10.74,10.73,10.71,10.69,10.68,10.66,10.65,10.79,10.8,10.81,10.82,10.85,10.86,10.87,10.88,10.89,10.9,1400,1400,1300,400,2700,200,3300,7200,7000,2200,2100,7300,1500,3500,11000,2500,3000,2500,600,10700
267.0,10.78,67800,728518.0,10.78,10.77,10.76,10.74,10.73,10.71,10.69,10.68,10.66,10.65,10.79,10.8,10.81,10.82,10.85,10.86,10.87,10.88,10.89,10.9,1300,1400,1300,400,2700,200,3300,7200,7000,2200,2100,7300,1500,3500,11000,2500,3000,2500,600,10700
268.0,10.78,67800,728518.0,10.78,10.77,10.76,10.74,10.73,10.71,10.69,10.68,10.66,10.65,10.79,10.8,10.81,10.82,10.85,10.86,10.87,10.88,10.89,10.9,1300,1400,1300,400,2700,200,3300,7200,7000,2200,2100,7300,1500,3500,11000,2500,3000,2500,600,10700
269.0,10.78,67800,728518.0,10.78,10.77,10.76,10.74,10.73,10.71,10.69,10.68,10.66,10.65,10.79,10.8,10.81,10.82,10.85,10.86,10.87,10.88,10.89,10.9,1300,1400,1300,400,2700,200,3300,7200,7000,2200,2100,7300,1500,3500,11000,2500,3000,2500,600,10700
270.0,10.78,68000,730674.0,10.78,10.77,10.76,10.74,10.73,10.71,10.69,10.68,10.66,10.65,10.79,10.8,10.81,10.82,10.85,10.86,10.87,10.88,10.89,10.9,1100,1400,1300,400,2700,200,3300,7200,7000,2200,2100,7300,1500,3500,11000,2500,3000,2500,600,10700
271.0,10.78,68000,730674.0,10.78,10.77,10.76,10.74,10.73,10.71,10.69,10.68,10.66,10.65,10.79,10.8,10.81,10.82,10.85,10.86,10.87,10.88,10.89,10.9,1100,1400,1300,400,2700,200,3300,7200,7000,2200,2100,7300,1500,3500,11000,2500,3000,2500,600,10700
272.0,10.78,68000,730674.0,10.78,10.77,10.76,10.74,10.73,10.71,10.69,10.68,10.66,10.65,10.79,10.8,10.81,10.82,10.85,10.86,10.87,10.88,10.89,10.9,1100,1400,1300,400,2700,200,3300,7200,7000,2200,2100,7300,1500,3500,11000,2500,3000,2500,600,10700
273.0,10.78,68300,733908.0,10.78,10.77,10.76,10.74,10.73,10.71,10.69,10.68,10.66,10.65,10.79,10.8,10.81,10.82,10.85,10.86,10.87,10.88,10.89,10.9,800,1400,1300,400,2700,200,3300,7200,7000,2200,2100,7300,1500,3500,11000,2500,3000,2500,600,10700
274.0,10.78,68300,733908.0,10.78,10.77,10.76,10.74,10.73,10.71,10.69,10.68,10.66,10.65,10.79,10.8,10.81,10.82,10.85,10.86,10.87,10.88,10.89,10.9,800,1400,1300,400,2700,200,3300,7200,7000,2200,2100,7300,1500,3500,11000,2500,3000,2500,600,10700
275.0,10.78,68300,733908.0,10.78,10.77,10.76,10.74,10.73,10.71,10.69,10.68,10.66,10.65,10.79,10.8,10.81,10.82,10.85,10.86,10.87,10.88,10.89,10.9,800,1400,1300,400,2700,200,3300,7200,7000,2200,2100,7300,1500,3500,11000,2500,3000,2500,600,10700
276.0,10.78,68400,734986.0,10.78,10.77,10.76,10.74,10.73,10.71,10.69,10.68,10.66,10.65,10.79,10.8,10.81,10.82,10.85,10.86,10.87,10.88,10.89,10.9,700,1400,1300,400,2700,200,3300,7200,7000,2200,2100,7300,1500,3500,11000,2500,3000,2500,600,10700
277.0,10.78,68400,734986.0,10.78,10.77,10.76,10.74,10.73,10.71,10.69,10.68,10.66,10.65,10.79,10.8,10.81,10.82,10.85,10.86,10.87,10.88,10.89,10.9,700,1400,1300,400,2700,200,3300,7200,7000,2200,2100,7300,1500,3500,11000,2500,3000,2500,600,10700
278.0,10.78,68400,734986.0,10.78,10.77,10.76,10.74,10.73,10.71,10.69,10.68,10.66,10.65,10.79,10.8,10.81,10.82,10.85,10.86,10.87,10.88,10.89,10.9,700,1400,1300,400,2700,200,3300,7200,7000,2200,2100,7300,1500,3500,11000,2500,3000,2500,600,10700
279.0,10.78,68400,734986.0,10.78,10.77,10.76,10.74,10.73,10.71,10.69,10.68,10.66,10.65,10.79,10.8,10.81,10.82,10.85,10.86,10.87,10.88,10.89,10.9,700,1400,1300,400,2700,200,3300,7200,7000,2200,2100,7300,1500,3500,11000,2500,3000,2500,600,10700
280.0,10.79,68500,736065.0,10.78,10.77,10.76,10.74,10.73,10.71,10.69,10.68,10.66,10.65,10.79,10.8,10.81,10.82,10.85,10.86,10.87,10.88,10.89,10.9,700,1400,1300,400,2700,200,3300,7200,7000,2200,2000,7300,1500,3500,11000,2500,3000,2500,600,10700
281.0,10.79,68600,737144.0,10.78,10.77,10.76,10.74,10.73,10.71,10.69,10.68,10.66,10.65,10.79,10.8,10.81,10.82,10.85,10.86,10.87,10.88,10.89,10.9,700,1400,1300,400,2700,200,3300,7200,7000,2200,1900,7300,1500,3500,11000,2500,3000,2500,600,10700
282.0,10.79,68600,737144.0,10.78,10.77,10.76,10.74,10.73,10.71,10.69,10.68,10.66,10.65,10.79,10.8,10.81,10.82,10.85,10.86,10.87,10.88,10.89,10.9,700,1400,1300,400,2700,200,3300,7200,7000,2200,1900,7300,1500,3500,11000,2500,3000,2500,600,10700
283.0,10.79,68600,737144.0,10.78,10.77,10.76,10.74,10.73,10.71,10.69,10.68,10.66,10.65,10.79,10.8,10.81,10.82,10.85,10.86,10.87,10.88,10.89,10.9,700,1400,1300,400,2700,200,3300,7200,7000,2200,1900,7300,1500,3500,11000,2500,3000,2500,600,10700
284.0,10.79,68600,737144.0,10.78,10.77,10.76,10.74,10.73,10.71,10.69,10.68,10.66,10.65,10.79,10.8,10.81,10.82,10.85,10.86,10.87,10.88,10.89,10.9,700,1400,1300,400,2700,200,3300,7200,7000,2200,1900,7300,1500,3500,11000,2500,3000,2500,600,10700
285.0,10.78,68700,738222.0,10.78,10.77,10.76,10.74,10.73,10.71,10.69,10.68,10.66,10.65,10.79,10.8,10.81,10.82,10.85,10.86,10.87,10.88,10.89,10.9,600,1400,1300,400,2700,200,3300,7200,7000,2200,1900,7300,1500,3500,11000,2500,3000,2500,600,10700
286.0,10.78,68700,738222.0,10.78,10.77,10.76,10.74,10.73,10.71,10.69,10.68,10.66,10.65,10.79,10.8,10.81,10.82,10.85,10.86,10.87,10.88,10.89,10.9,600,1400,1300,400,2700,200,3300,7200,7000,2200,1900,7300,1500,3500,11000,2500,3000,2500,600,10700
287.0,10.78,68700,738222.0,10.78,10.77,10.76,10.74,10.73,10.71,10.69,10.68,10.66,10.65,10.79,10.8,10.81,10.82,10.85,10.86,10.87,10.88,10.89,10.9,600,1400,1300,400,2700,200,3300,7200,7000,2200,1900,7300,1500,3500,11000,2500,3000,2500,600,10700
288.0,10.78,68700,738222.0,10.78,10.77,10.76,10.74,10.73,10.71,10.69,10.68,10.66,10.65,10.79,10.8,10.81,10.82,10.85,10.86,10.87,10.88,10.89,10.9,600,1400,1300,400,2700,200,3300,7200,7000,2200,1900,7300,1500,3500,11000,2500,3000,2500,600,10700
289.0,10.78,68700,738222.0,10.78,10.77,10.76,10.74,10.73,10.71,10.69,10.68,10.66,10.65,10.79,10.8,10.81,10.82,10.85,10.86,10.87,10.88,10.89,10.9,600,1400,1300,400,2700,200,3300,7200,7000,2200,1900,7300,1500,3500,11000,2500,3000,2500,600,10700
290.0,10.78,68700,738222.0,10.78,10.77,10.76,10.74,10.73,10.71,10.69,10.68,10.66,10.65,10.79,10.8,10.81,10.82,10.85,10.86,10.87,10.88,10.89,10.9,600,1400,1300,400,2700,200,3300,7200,7000,2200,1900,7300,1500,3500,11000,2500,3000,2500,600,10700
291.0,10.78,68700,738222.0,10.78,10.77,10.76,10.74,10.73,10.71,10.69,10.68,10.66,10.65,10.79,10.8,10.81,10.82,10.85,10.86,10.87,10.88,10.89,10.9,100,1400,1300,400,2700,200,3300,7200,7000,2200,1900,7300,1500,3500,11000,2500,3000,2500,600,10700
292.0,10.79,69200,743617.0,10.78,10.77,10.76,10.74,10.73,10.71,10.69,10.68,10.66,10.65,10.79,10.8,10.81,10.82,10.85,10.86,10.87,10.88,10.89,10.9,100,1400,1300,400,2700,200,3300,7200,7000,2200,1400,7300,1500,3500,11000,2500,3000,2500,600,10700
293.0,10.79,69200,743617.0,10.78,10.77,10.76,10.74,10.73,10.71,10.69,10.68,10.66,10.65,10.79,10.8,10.81,10.82,10.85,10.86,10.87,10.88,10.89,10.9,100,1400,1300,400,2700,200,3300,7200,7000,2200,1400,7300,1500,3500,11000,2500,3000,2500,600,10700
294.0,10.79,69200,743617.0,10.78,10.77,10.76,10.74,10.73,10.71,10.69,10.68,10.66,10.65,10.79,10.8,10.81,10.82,10.85,10.86,10.87,10.88,10.89,10.9,100,1400,1300,400,2700,200,3300,7200,7000,2200,1400,7300,1500,3500,11000,2500,3000,2500,600,10700
295.0,10.79,69200,743617.0,10.78,10.77,10.76,10.74,10.73,10.71,10.69,10.68,10.66,10.65,10.79,10.8,10.81,10.82,10.85,10.86,10.87,10.88,10.89,10.9,100,1400,1300,400,2700,200,3300,7200,7000,2200,1400,7300,1500,3500,11000,2500,3000,2500,600,10700
296.0,10.79,69200,743617.0,10.78,10.77,10.76,10.74,10.73,10.71,10.69,10.68,10.66,10.65,10.79,10.8,10.81,10.82,10.85,10.86,10.87,10.88,10.89,10.9,100,1400,1300,400,2700,200,3300,7200,7000,2200,1400,7300,1500,3500,11000,2500,3000,2500,600,10700
297.0,10.79,69200,743617.0,10.78,10.77,10.76,10.74,10.73,10.71,10.69,10.68,10.66,10.65,10.79,10.8,10.81,10.82,10.85,10.86,10.87,10.88,10.89,10.9,1100,1400,1300,400,2700,200,3300,7200,7000,2200,1400,7300,1500,3500,11000,2500,3000,2500,600,10700
298.0,10.78,69300,744695.0,10.78,10.77,10.76,10.74,10.73,10.71,10.69,10.68,10.66,10.65,10.79,10.8,10.81,10.82,10.85,10.86,10.87,10.88,10.89,10.9,1000,1400,1300,400,2700,200,3300,7200,7000,2200,1400,7300,1500,3500,11000,2500,3000,2500,600,10700
299.0,10.78,69400,745773.0,10.78,10.77,10.76,10.74,10.73,10.71,10.69,10.68,10.66,10.65,10.79,10.8,10.81,10.82,10.85,10.86,10.87,10.88,10.89,10.9,900,1400,1300,400,2700,200,3300,7200,7000,2200,1400,7300,1500,3500,11000,2500,3000,2500,600,10700
300.0,10.79,70600,758721.0,10.78,10.77,10.76,10.74,10.73,10.71,10.69,10.68,10.66,10.65,10.8,10.81,10.82,10.85,10.86,10.87,10.88,10.89,10.9,10.92,900,1400,1100,400,2700,200,3300,7200,7000,2200,8900,1500,3500,11000,2500,3000,2500,600,10700,900
301.0,10.79,70600,758721.0,10.79,10.78,10.77,10.76,10.74,10.73,10.71,10.69,10.68,10.66,10.8,10.81,10.82,10.85,10.86,10.87,10.88,10.89,10.9,10.92,1100,900,1400,1100,400,2700,200,3300,7200,7000,8900,1500,3500,11000,2500,3000,2500,600,10700,900
302.0,10.8,70900,761961.0,10.79,10.78,10.77,10.76,10.74,10.73,10.71,10.69,10.68,10.66,10.8,10.81,10.82,10.85,10.86,10.87,10.88,10.89,10.9,10.92,1300,900,1400,1100,400,2700,200,3300,7200,7000,8600,1500,3500,11000,2500,3000,2500,600,10700,900
303.0,10.8,71500,768441.0,10.79,10.78,10.77,10.76,10.74,10.73,10.71,10.69,10.68,10.66,10.8,10.81,10.82,10.85,10.86,10.87,10.88,10.89,10.9,10.92,1300,900,1400,1100,400,2700,200,3300,7200,7000,8000,1500,3500,11000,2500,3000,2500,600,10700,900
304.0,10.8,72100,774921.0,10.79,10.78,10.77,10.76,10.74,10.73,10.71,10.69,10.68,10.66,10.8,10.81,10.82,10.85,10.86,10.87,10.88,10.89,10.9,10.92,1300,900,1400,1100,400,2700,200,3300,7200,7000,7400,1500,3500,11000,2500,3000,2500,600,10700,900
305.0,10.79,72200,776000.0,10.79,10.78,10.77,10.76,10.74,10.73,10.71,10.69,10.68,10.66,10.8,10.81,10.82,10.85,10.86,10.87,10.88,10.89,10.9,10.92,1200,900,1400,1100,400,2700,200,3300,7200,7000,7400,1500,3500,11000,2500,3000,2500,600,10700,900
306.0,10.79,72300,777079.0,10.79,10.78,10.77,10.76,10.74,10.73,10.71,10.69,10.68,10.66,10.8,10.81,10.82,10.85,10.86,10.87,10.88,10.89,10.9,10.92,1100,900,1400,1100,400,2700,200,3300,7200,7000,7400,1500,3500,11000,2500,3000,2500,600,10700,900
307.0,10.8,72700,781399.0,10.79,10.78,10.77,10.76,10.74,10.73,10.71,10.69,10.68,10.66,10.8,10.81,10.82,10.85,10.86,10.87,10.88,10.89,10.9,10.92,1100,900,1400,1100,400,2700,200,3300,7200,7000,7000,1500,3500,11000,2500,3000,2500,600,10700,900
308.0,10.79,73000,784636.0,10.79,10.78,10.77,10.76,10.74,10.73,10.71,10.69,10.68,10.66,10.8,10.81,10.82,10.85,10.86,10.87,10.88,10.89,10.9,10.92,800,900,1400,1100,400,2700,200,3300,7200,7000,7000,1500,3500,11000,2500,3000,2500,600,10700,900
309.0,10.79,73000,784636.0,10.79,10.78,10.77,10.76,10.74,10.73,10.71,10.69,10.68,10.66,10.8,10.81,10.82,10.85,10.86,10.87,10.88,10.89,10.9,10.92,800,900,1400,1100,400,2700,200,3300,7200,7000,7000,1500,3500,11000,2500,3000,2500,600,10700,900
310.0,10.79,73000,784636.0,10.79,10.78,10.77,10.76,10.74,10.73,10.71,10.69,10.68,10.66,10.8,10.81,10.82,10.85,10.86,10.87,10.88,10.89,10.9,10.92,800,900,1400,1100,400,2700,200,3300,7200,7000,7000,1500,3500,11000,2500,3000,2500,600,10700,900
311.0,10.78,74000,795424.0,10.78,10.77,10.76,10.74,10.73,10.71,10.69,10.68,10.66,10.65,10.8,10.81,10.82,10.85,10.86,10.87,10.88,10.89,10.9,10.92,700,1400,1100,400,2700,200,3300,7200,7000,2200,7000,1500,3500,11000,2500,3000,2500,600,10700,900
312.0,10.78,74000,795424.0,10.78,10.77,10.76,10.74,10.73,10.71,10.69,10.68,10.66,10.65,10.8,10.81,10.82,10.85,10.86,10.87,10.88,10.89,10.9,10.92,700,1400,1100,400,2700,200,3300,7200,7000,2200,7000,1500,3500,11000,2500,3000,2500,600,10700,900
313.0,10.78,74000,795424.0,10.78,10.77,10.76,10.74,10.73,10.71,10.69,10.68,10.66,10.65,10.8,10.81,10.82,10.85,10.86,10.87,10.88,10.89,10.9,10.92,700,1400,1100,400,2700,200,3300,7200,7000,2200,7000,1500,3500,11000,2500,3000,2500,600,10700,900
314.0,10.78,74000,795424.0,10.79,10.78,10.77,10.76,10.74,10.73,10.71,10.69,10.68,10.66,10.8,10.81,10.82,10.85,10.86,10.87,10.88,10.89,10.9,10.92,100,700,1400,1100,400,2700,200,3300,7200,7000,7000,1500,3500,11000,2500,3000,2500,600,10700,900
315.0,10.78,74000,795424.0,10.79,10.78,10.77,10.76,10.74,10.73,10.71,10.69,10.68,10.66,10.8,10.81,10.82,10.85,10.86,10.87,10.88,10.89,10.9,10.92,100,700,1400,1100,400,2700,200,3300,7200,7000,7000,1500,3500,11000,2500,3000,2500,600,10700,900
316.0,10.78,74000,795424.0,10.79,10.78,10.77,10.76,10.74,10.73,10.71,10.69,10.68,10.66,10.8,10.81,10.82,10.85,10.86,10.87,10.88,10.89,10.9,10.92,100,700,1400,1100,400,2700,200,3300,7200,7000,7000,1500,3500,11000,2500,3000,2500,600,10700,900
317.0,10.78,74000,795424.0,10.79,10.78,10.77,10.76,10.74,10.73,10.71,10.69,10.68,10.66,10.8,10.81,10.82,10.85,10.86,10.87,10.88,10.89,10.9,10.92,100,700,1400,1100,400,2700,200,3300,7200,7000,7000,1500,3500,11000,2500,3000,2500,600,10700,900
318.0,10.78,74000,795424.0,10.79,10.78,10.77,10.76,10.74,10.73,10.71,10.69,10.68,10.66,10.8,10.81,10.82,10.85,10.86,10.87,10.88,10.89,10.9,10.92,100,700,1400,1100,400,2700,200,3300,7200,7000,7000,1500,3500,11000,2500,3000,2500,600,10700,900
319.0,10.8,75700,813784.0,10.79,10.78,10.77,10.76,10.74,10.73,10.71,10.69,10.68,10.66,10.8,10.81,10.82,10.85,10.86,10.87,10.88,10.89,10.9,10.92,100,700,1400,1100,400,2700,200,3300,7200,7000,5300,1500,3500,11000,2500,3000,2500,600,10700,900
320.0,10.8,79500,854824.0,10.79,10.78,10.77,10.76,10.74,10.73,10.71,10.69,10.68,10.66,10.8,10.81,10.82,10.85,10.86,10.87,10.88,10.89,10.9,10.92,300,700,1400,1100,400,2700,200,3300,7200,7000,1500,1500,3500,11000,2500,3000,2500,600,10700,900
321.0,10.8,80000,860224.0,10.79,10.78,10.77,10.76,10.74,10.73,10.71,10.69,10.68,10.66,10.8,10.81,10.82,10.85,10.86,10.87,10.88,10.89,10.9,10.92,400,700,1400,1100,400,2700,200,3300,7200,7000,1000,1500,3500,11000,2500,3000,2500,600,10700,900
322.0,10.8,80000,860224.0,10.79,10.78,10.77,10.76,10.74,10.73,10.71,10.69,10.68,10.66,10.8,10.81,10.82,10.85,10.86,10.87,10.88,10.89,10.9,10.92,400,700,1400,1100,400,2700,200,3300,7200,7000,1000,1500,3500,11000,2500,3000,2500,600,10700,900
323.0,10.8,80100,861304.0,10.79,10.77,10.76,10.74,10.73,10.71,10.69,10.68,10.66,10.65,10.8,10.81,10.82,10.85,10.86,10.87,10.88,10.89,10.9,10.92,400,1400,1100,400,2700,200,3300,7200,7000,2200,900,1500,3500,11000,2500,3000,2500,600,10700,900
324.0,10.8,80100,861304.0,10.79,10.77,10.76,10.74,10.73,10.71,10.69,10.68,10.66,10.65,10.8,10.81,10.82,10.85,10.86,10.87,10.88,10.89,10.9,10.92,1400,1400,1100,400,2700,200,3300,7200,7000,2200,900,1500,3500,11000,2500,3000,2500,600,10700,900
325.0,10.8,80100,861304.0,10.79,10.77,10.76,10.74,10.73,10.71,10.69,10.68,10.66,10.65,10.8,10.81,10.82,10.85,10.86,10.87,10.88,10.89,10.9,10.92,1400,1400,1100,400,2700,200,3300,7200,7000,2200,900,1500,3500,11000,2500,3000,2500,600,10700,900
326.0,10.8,80100,861304.0,10.79,10.77,10.76,10.74,10.73,10.71,10.69,10.68,10.66,10.65,10.8,10.81,10.82,10.85,10.86,10.87,10.88,10.89,10.9,10.92,1400,1400,1100,400,2700,200,3300,7200,7000,2200,900,1500,3500,11000,2500,3000,2500,600,10700,900
327.0,10.79,80200,862383.0,10.79,10.77,10.76,10.74,10.73,10.71,10.69,10.68,10.66,10.65,10.8,10.81,10.82,10.85,10.86,10.87,10.88,10.89,10.9,10.92,1300,1400,1100,400,2700,200,3300,7200,7000,2200,900,1500,3500,11000,2500,3000,2500,600,10700,900
328.0,10.8,80700,867782.0,10.79,10.77,10.76,10.74,10.73,10.71,10.69,10.68,10.66,10.65,10.8,10.81,10.82,10.85,10.86,10.87,10.88,10.89,10.9,10.92,1200,1400,1100,400,2700,200,3300,7200,7000,2200,500,1500,3500,11000,2500,3000,2500,600,10700,900
329.0,10.8,80700,867782.0,10.79,10.77,10.76,10.74,10.73,10.71,10.69,10.68,10.66,10.65,10.8,10.81,10.82,10.85,10.86,10.87,10.88,10.89,10.9,10.92,1200,1400,1100,400,2700,200,3300,7200,7000,2200,500,1500,3500,11000,2500,3000,2500,600,10700,900
330.0,10.79,80800,868861.0,10.79,10.77,10.76,10.74,10.73,10.71,10.69,10.68,10.66,10.65,10.8,10.81,10.82,10.85,10.86,10.87,10.88,10.89,10.9,10.92,1100,1400,1100,400,2700,200,3300,7200,7000,2200,500,1500,3500,11000,2500,3000,2500,600,10700,900
331.0,10.81,83000,892634.0,10.79,10.77,10.76,10.74,10.73,10.69,10.68,10.66,10.65,10.63,10.82,10.85,10.86,10.87,10.88,10.89,10.9,10.92,10.93,10.95,900,1400,1100,400,2700,3300,7200,7000,2200,7000,3500,11000,2500,3000,2500,600,10700,900,5100,1200
332.0,10.81,83000,892634.0,10.79,10.77,10.76,10.74,10.69,10.68,10.66,10.65,10.63,10.62,10.81,10.82,10.85,10.86,10.87,10.88,10.89,10.9,10.92,10.93,1000,1400,3800,400,3300,7200,7000,2200,7000,2100,1500,3600,11000,2500,3000,2500,600,10700,900,5100
333.0,10.81,83000,892634.0,10.79,10.77,10.76,10.74,10.69,10.68,10.66,10.65,10.63,10.62,10.81,10.82,10.85,10.86,10.87,10.88,10.89,10.9,10.92,10.93,1000,1400,3800,400,3300,7200,7000,2200,7000,2100,1500,3600,11000,2500,3000,2500,2600,10700,900,5100
334.0,10.79,83100,893713.0,10.79,10.77,10.76,10.74,10.69,10.68,10.66,10.65,10.63,10.62,10.81,10.82,10.85,10.86,10.87,10.88,10.89,10.9,10.92,10.93,900,1400,3800,400,3300,7200,7000,2200,7000,2100,1500,3600,11000,2500,3000,2500,2600,10700,900,5100
335.0,10.79,83100,893713.0,10.79,10.77,10.76,10.74,10.69,10.68,10.66,10.65,10.63,10.62,10.81,10.82,10.85,10.86,10.87,10.88,10.89,10.9,10.92,10.93,900,1400,3800,400,3300,7200,7000,2200,7000,2100,1500,3600,11000,2500,3000,2500,2600,10700,900,5100
336.0,10.79,83100,893713.0,10.79,10.77,10.76,10.74,10.69,10.68,10.66,10.65,10.63,10.62,10.81,10.82,10.85,10.86,10.87,10.88,10.89,10.9,10.92,10.93,900,1400,3800,400,3300,7200,7000,2200,7000,2100,1500,3600,11000,2500,3000,2500,2600,10700,900,5100
337.0,10.79,83100,893713.0,10.79,10.77,10.76,10.74,10.69,10.68,10.66,10.65,10.63,10.62,10.81,10.82,10.85,10.86,10.87,10.88,10.89,10.9,10.92,10.93,900,1400,3800,400,3300,7200,7000,2200,7000,2100,1500,3600,11000,2500,3000,2500,2600,10700,900,5100
338.0,10.79,83100,893713.0,10.79,10.77,10.76,10.74,10.69,10.68,10.66,10.65,10.63,10.62,10.81,10.82,10.85,10.86,10.87,10.88,10.89,10.9,10.92,10.93,900,1400,3800,400,3300,7200,7000,2200,7000,2100,1500,3600,11000,2500,3000,2500,2600,10700,900,5100
339.0,10.79,83100,893713.0,10.79,10.77,10.76,10.74,10.69,10.68,10.66,10.65,10.63,10.62,10.81,10.82,10.85,10.86,10.87,10.88,10.89,10.9,10.92,10.93,900,1400,3800,400,3300,7200,7000,2200,7000,2100,1500,3600,11000,2500,3000,2500,2600,10700,900,5100
340.0,10.79,83100,893713.0,10.79,10.77,10.76,10.74,10.71,10.69,10.68,10.66,10.65,10.63,10.82,10.85,10.86,10.87,10.88,10.89,10.9,10.92,10.93,10.95,900,1400,3800,400,200,3300,7200,7000,2200,7000,3600,11000,2500,3000,2500,2600,10700,900,5100,1200
341.0,10.82,83200,894795.0,10.79,10.77,10.76,10.74,10.71,10.69,10.68,10.66,10.65,10.63,10.82,10.85,10.86,10.87,10.88,10.89,10.9,10.92,10.93,10.95,1000,1400,3800,400,200,3300,7200,7000,2200,7000,3600,11000,2500,3000,2500,2600,10700,900,5100,1200
342.0,10.79,83400,896953.0,10.79,10.77,10.76,10.74,10.71,10.69,10.68,10.66,10.65,10.63,10.82,10.85,10.86,10.87,10.88,10.89,10.9,10.92,10.93,10.95,900,1400,3800,400,200,3300,7200,7000,2200,7000,3700,11000,2500,3000,2500,2600,10700,900,5100,1200
343.0,10.79,84400,907743.0,10.77,10.76,10.74,10.71,10.69,10.68,10.66,10.65,10.63,10.62,10.79,10.82,10.85,10.86,10.87,10.88,10.89,10.9,10.92,10.93,1400,3800,400,200,3300,7200,7000,2200,7000,2100,1400,3800,11000,2500,3000,2500,2600,10700,900,5100
344.0,10.79,84600,909901.0,10.77,10.76,10.74,10.71,10.69,10.68,10.66,10.65,10.63,10.62,10.79,10.82,10.85,10.86,10.87,10.88,10.89,10.9,10.92,10.93,1400,3800,400,200,3300,7200,7000,2200,7000,2100,2600,3800,11000,2500,3000,2500,2600,10700,900,5100
345.0,10.79,84600,909901.0,10.77,10.76,10.74,10.71,10.69,10.68,10.66,10.65,10.63,10.62,10.79,10.82,10.85,10.86,10.87,10.88,10.89,10.9,10.92,10.93,1400,3800,400,200,3300,7200,7000,2200,7000,2100,2600,3800,11000,2500,3000,2500,2600,10700,900,5100
346.0,10.79,84600,909901.0,10.77,10.76,10.74,10.71,10.69,10.68,10.66,10.65,10.63,10.62,10.79,10.82,10.85,10.86,10.87,10.88,10.89,10.9,10.92,10.93,1400,3800,400,200,3300,7200,7000,2200,7000,2100,2600,3800,11000,2500,3000,2500,2600,10700,900,5100
347.0,10.79,85400,918531.0,10.77,10.76,10.74,10.71,10.69,10.68,10.66,10.65,10.63,10.62,10.79,10.82,10.85,10.86,10.87,10.88,10.89,10.9,10.92,10.93,1300,3800,400,200,3300,7200,7000,2200,7000,2100,1900,3800,11000,2500,3000,2500,2600,10700,900,5100
348.0,10.79,85400,918531.0,10.78,10.77,10.76,10.74,10.71,10.69,10.68,10.66,10.65,10.63,10.79,10.82,10.85,10.86,10.87,10.88,10.89,10.9,10.92,10.93,700,1300,3800,400,200,3300,7200,7000,2200,7000,1900,3800,11000,2500,3000,2500,2600,10700,900,5100
349.0,10.79,85400,918531.0,10.78,10.77,10.76,10.74,10.71,10.69,10.68,10.66,10.65,10.63,10.79,10.82,10.85,10.86,10.87,10.88,10.89,10.9,10.92,10.93,700,1300,3800,400,200,3300,7200,7000,2200,7000,1900,3800,11000,2500,3000,2500,2600,10700,900,5100
350.0,10.79,85900,923926.0,10.78,10.77,10.76,10.74,10.71,10.69,10.68,10.66,10.65,10.63,10.79,10.82,10.85,10.86,10.87,10.88,10.89,10.9,10.92,10.93,700,1300,3800,400,200,3300,7200,7000,2200,7000,1400,3800,11000,2500,3000,2500,2600,10700,900,5100
351.0,10.79,85900,923926.0,10.78,10.77,10.76,10.74,10.71,10.69,10.68,10.66,10.65,10.63,10.79,10.82,10.85,10.86,10.87,10.88,10.89,10.9,10.92,10.93,700,1300,3800,400,200,3300,7200,7000,2200,7000,1400,3800,11000,2500,3000,2500,2600,10700,900,5100
352.0,10.79,85900,923926.0,10.78,10.77,10.76,10.74,10.71,10.69,10.68,10.66,10.65,10.63,10.79,10.82,10.85,10.86,10.87,10.88,10.89,10.9,10.92,10.93,700,1300,3800,400,200,3300,7200,7000,2200,7000,1400,3800,11000,2500,3000,2500,2600,10700,900,5100
353.0,10.79,86100,926083.0,10.78,10.77,10.76,10.74,10.71,10.69,10.68,10.66,10.65,10.63,10.79,10.82,10.85,10.86,10.87,10.88,10.89,10.9,10.92,10.93,700,1300,3800,400,200,3300,7200,7000,2200,7000,1300,3800,11000,2500,3000,2500,2600,10700,900,5100
354.0,10.79,86200,927162.0,10.78,10.77,10.76,10.74,10.71,10.69,10.68,10.66,10.65,10.63,10.79,10.82,10.85,10.86,10.87,10.88,10.89,10.9,10.92,10.93,700,1300,3800,400,200,3300,7200,7000,2200,7000,1200,3800,11000,2500,3000,2500,2600,10700,900,5100
355.0,10.79,86200,927162.0,10.78,10.77,10.76,10.74,10.71,10.69,10.68,10.66,10.65,10.63,10.79,10.82,10.85,10.86,10.87,10.88,10.89,10.9,10.92,10.93,700,1300,3800,400,200,3300,7200,7000,2200,7000,1200,3800,11000,2500,3000,2500,2600,10700,900,5100
356.0,10.79,86300,928241.0,10.78,10.77,10.76,10.74,10.71,10.69,10.68,10.66,10.65,10.63,10.79,10.82,10.85,10.86,10.87,10.88,10.89,10.9,10.92,10.93,700,1300,3800,400,200,3300,7200,7000,2200,7000,1100,3800,11000,2500,3000,2500,2600,10700,900,5100
357.0,10.79,86300,928241.0,10.78,10.77,10.76,10.74,10.71,10.69,10.68,10.66,10.65,10.63,10.79,10.82,10.85,10.86,10.87,10.88,10.89,10.9,10.92,10.93,700,1300,3800,400,200,3300,7200,7000,2200,7000,1100,3800,11000,2500,3000,2500,2600,10700,900,5100
358.0,10.79,86300,928241.0,10.78,10.77,10.76,10.74,10.71,10.69,10.68,10.66,10.65,10.63,10.79,10.82,10.85,10.86,10.87,10.88,10.89,10.9,10.92,10.93,700,1300,3800,400,200,3300,7200,7000,2200,7000,1100,3800,11000,2500,3000,2500,2600,10700,900,5100
359.0,10.79,86300,928241.0,10.78,10.77,10.76,10.74,10.71,10.69,10.68,10.66,10.65,10.63,10.79,10.82,10.85,10.86,10.87,10.88,10.89,10.9,10.92,10.93,700,1300,3800,400,200,3300,7200,7000,2200,7000,1100,3800,11000,2500,3000,2500,2600,10700,900,5100
360.0,10.79,86300,928241.0,10.78,10.77,10.76,10.74,10.71,10.69,10.68,10.66,10.65,10.63,10.79,10.82,10.85,10.86,10.87,10.88,10.89,10.9,10.92,10.93,700,1300,3800,400,200,3300,7200,7000,2200,7000,1100,3800,11000,2500,3000,2500,2600,10700,900,5100
361.0,10.79,86300,928241.0,10.78,10.77,10.76,10.74,10.71,10.69,10.68,10.66,10.65,10.63,10.79,10.82,10.85,10.86,10.87,10.88,10.89,10.9,10.92,10.93,700,1300,3800,400,200,3300,7200,7000,2200,7000,1100,3800,11000,2500,3000,2500,2600,10700,900,5100
362.0,10.79,86300,928241.0,10.78,10.77,10.76,10.74,10.71,10.69,10.68,10.66,10.65,10.63,10.79,10.82,10.85,10.86,10.87,10.88,10.89,10.9,10.92,10.93,700,1300,3800,400,200,3300,7200,7000,2200,7000,1100,3800,11000,2500,3000,2500,2600,10700,900,5100
363.0,10.79,86300,928241.0,10.78,10.77,10.76,10.74,10.71,10.69,10.68,10.66,10.65,10.63,10.79,10.82,10.85,10.86,10.87,10.88,10.89,10.9,10.92,10.93,700,1300,3800,400,200,3300,7200,7000,2200,7000,1100,3800,11000,2500,3000,2500,2600,10700,900,5100
364.0,10.79,87400,940110.0,10.79,10.78,10.77,10.76,10.74,10.71,10.69,10.68,10.66,10.65,10.82,10.85,10.86,10.87,10.88,10.89,10.9,10.92,10.93,10.95,400,700,1300,3800,400,200,3300,7200,7000,2200,3800,11000,2500,3000,2500,2600,10700,900,5100,1200
365.0,10.79,87400,940110.0,10.8,10.79,10.78,10.77,10.76,10.74,10.71,10.69,10.68,10.66,10.82,10.85,10.86,10.87,10.88,10.89,10.9,10.92,10.93,10.95,700,900,700,1300,3800,400,200,3300,7200,7000,4100,11000,2500,3000,2500,2600,10700,900,5100,1200
366.0,10.79,87400,940110.0,10.8,10.79,10.78,10.77,10.76,10.74,10.71,10.69,10.68,10.66,10.82,10.85,10.86,10.87,10.88,10.89,10.9,10.92,10.93,10.95,700,900,1000,1300,3800,200,200,3300,7200,7000,4100,11000,2500,3000,2500,2600,10700,900,5100,1200
367.0,10.79,87400,940110.0,10.8,10.79,10.78,10.77,10.76,10.74,10.71,10.69,10.68,10.66,10.82,10.85,10.86,10.87,10.88,10.89,10.9,10.92,10.93,10.95,700,900,1000,1300,3800,200,200,3300,7200,7000,4100,11000,2500,3000,2500,2600,10700,900,5100,1200
368.0,10.79,87400,940110.0,10.8,10.79,10.78,10.77,10.76,10.74,10.71,10.69,10.68,10.66,10.82,10.85,10.86,10.87,10.88,10.89,10.9,10.92,10.93,10.95,700,900,1000,1300,3800,200,200,3300,7200,7000,4100,11000,2500,3000,2500,2600,10700,900,5100,1200
369.0,10.79,87400,940110.0,10.8,10.79,10.78,10.77,10.76,10.74,10.71,10.69,10.68,10.66,10.82,10.85,10.86,10.87,10.88,10.89,10.9,10.92,10.93,10.95,800,900,1000,1300,3800,200,200,3300,7200,7000,4100,11000,2500,3000,2500,3100,10700,900,5100,1200
370.0,10.79,87400,940110.0,10.8,10.79,10.78,10.77,10.76,10.74,10.71,10.69,10.68,10.66,10.82,10.85,10.86,10.87,10.88,10.89,10.9,10.92,10.93,10.95,800,900,1000,1300,3800,200,200,3300,7200,7000,4300,11000,2500,3000,2500,3100,10700,900,5100,1200
371.0,10.79,87400,940110.0,10.8,10.79,10.78,10.77,10.76,10.74,10.71,10.69,10.68,10.66,10.82,10.85,10.86,10.87,10.88,10.89,10.9,10.92,10.93,10.95,800,900,1000,1300,3800,200,200,3300,7200,7000,4300,11000,2500,3000,2500,3100,10700,900,5100,1200
372.0,10.79,87400,940110.0,10.8,10.79,10.78,10.77,10.76,10.74,10.71,10.69,10.68,10.66,10.82,10.85,10.86,10.87,10.88,10.89,10.9,10.92,10.93,10.95,800,900,1000,1300,3800,200,200,3300,7200,7000,4300,11000,2500,3000,2500,3100,10700,900,5100,1200
373.0,10.8,87800,944430.0,10.8,10.79,10.78,10.77,10.76,10.74,10.71,10.69,10.68,10.66,10.81,10.82,10.85,10.86,10.87,10.88,10.89,10.9,10.92,10.93,300,900,1000,1300,3800,200,200,3300,7200,7000,5200,4300,11000,2500,3000,2500,3100,10700,900,5100
374.0,10.8,87800,944430.0,10.8,10.79,10.78,10.77,10.76,10.74,10.71,10.69,10.68,10.66,10.81,10.82,10.85,10.86,10.87,10.88,10.89,10.9,10.92,10.93,300,900,1000,1300,3800,200,200,3300,7200,7000,5200,4300,11000,2500,3000,2500,3100,10700,900,5100
375.0,10.8,87900,945510.0,10.8,10.79,10.78,10.77,10.76,10.74,10.71,10.69,10.68,10.66,10.81,10.82,10.85,10.86,10.87,10.88,10.89,10.9,10.92,10.93,200,900,1000,1300,3800,200,200,3300,7200,7000,5200,4300,11000,2500,3000,2500,3100,10700,900,5100
376.0,10.8,87900,945510.0,10.8,10.79,10.78,10.77,10.76,10.74,10.71,10.69,10.68,10.66,10.81,10.82,10.85,10.86,10.87,10.88,10.89,10.9,10.92,10.93,200,2900,1000,1300,3800,200,200,3300,7200,7000,5200,4300,11000,2500,3000,2500,3100,10700,900,5100
377.0,10.8,87900,945510.0,10.8,10.79,10.78,10.77,10.76,10.74,10.71,10.69,10.68,10.66,10.81,10.82,10.85,10.86,10.87,10.88,10.89,10.9,10.92,10.93,200,2900,1000,1300,3800,200,200,3300,7200,7000,5200,4300,11000,2500,3000,2500,3100,10700,900,5100
378.0,10.8,87900,945510.0,10.8,10.79,10.78,10.77,10.76,10.74,10.71,10.69,10.68,10.66,10.81,10.82,10.85,10.86,10.87,10.88,10.89,10.9,10.92,10.93,200,2900,1000,1300,3800,200,200,3300,7200,7000,5200,4300,11000,2500,3000,2500,3100,10700,900,5100
379.0,10.8,87900,945510.0,10.8,10.79,10.78,10.77,10.76,10.74,10.71,10.69,10.68,10.66,10.81,10.82,10.85,10.86,10.87,10.88,10.89,10.9,10.92,10.93,200,2700,700,1300,3800,200,200,3300,7200,7000,5200,4300,11000,2500,3000,2500,3100,10700,900,5100
380.0,10.8,87900,945510.0,10.8,10.79,10.78,10.77,10.76,10.74,10.71,10.69,10.68,10.66,10.81,10.82,10.85,10.86,10.87,10.88,10.89,10.9,10.92,10.93,200,2700,700,1300,3800,200,200,3300,7200,7000,5200,4300,11000,2500,3000,2500,3100,10700,900,5100
381.0,10.8,87900,945510.0,10.8,10.79,10.78,10.77,10.76,10.74,10.71,10.69,10.68,10.66,10.81,10.82,10.85,10.86,10.87,10.88,10.89,10.9,10.92,10.93,600,2700,700,1300,3800,200,200,3300,7200,7000,5200,4300,11000,2500,3000,2500,3100,10700,900,5100
382.0,10.8,87900,945510.0,10.8,10.79,10.78,10.77,10.76,10.74,10.71,10.69,10.68,10.66,10.81,10.82,10.85,10.86,10.87,10.88,10.89,10.9,10.92,10.93,600,2700,700,1300,3800,200,200,3300,7200,7000,5200,4300,11000,2500,3000,2500,3100,10700,900,5100
383.0,10.8,87900,945510.0,10.8,10.79,10.78,10.77,10.76,10.74,10.71,10.69,10.68,10.66,10.81,10.82,10.85,10.86,10.87,10.88,10.89,10.9,10.92,10.93,600,2700,700,1300,3800,200,200,3300,7200,7000,5200,4300,11000,2500,3000,2500,3100,10700,900,5100
384.0,10.8,87900,945510.0,10.8,10.79,10.78,10.77,10.76,10.74,10.71,10.69,10.68,10.66,10.81,10.82,10.85,10.86,10.87,10.88,10.89,10.9,10.92,10.93,600,2700,100,1300,3800,200,200,3300,7200,7000,5200,4300,11000,2500,3000,2500,3100,10700,900,5100
385.0,10.81,92400,994155.0,10.8,10.79,10.78,10.77,10.76,10.74,10.71,10.69,10.68,10.66,10.81,10.82,10.85,10.86,10.87,10.88,10.89,10.9,10.92,10.93,1400,2700,100,1300,3800,200,200,3300,7200,7000,700,4300,11000,2500,3000,2500,3100,10700,900,5100
386.0,10.81,93100,1001722.0,10.8,10.79,10.78,10.77,10.76,10.74,10.71,10.69,10.68,10.66,10.82,10.85,10.86,10.87,10.88,10.89,10.9,10.92,10.93,10.95,1600,2700,100,1300,3800,200,200,3300,7200,7000,4300,11000,2500,3000,2500,3100,10700,900,5100,1200
387.0,10.8,93500,1006042.0,10.8,10.79,10.78,10.77,10.76,10.74,10.71,10.69,10.68,10.66,10.82,10.85,10.86,10.87,10.88,10.89,10.9,10.92,10.93,10.95,1200,2700,100,1300,3800,200,200,3300,7200,7000,4300,11000,2500,3000,2500,3100,10700,900,5100,1200
388.0,10.8,93600,1007122.0,10.8,10.79,10.78,10.77,10.76,10.74,10.71,10.69,10.68,10.66,10.82,10.85,10.86,10.87,10.88,10.89,10.9,10.92,10.93,10.95,1100,2700,100,1300,3800,200,200,3300,7200,7000,4300,11000,2500,3000,2500,3100,10700,900,5100,1200
389.0,10.8,93600,1007122.0,10.8,10.79,10.78,10.77,10.76,10.74,10.71,10.69,10.68,10.66,10.82,10.85,10.86,10.87,10.88,10.89,10.9,10.92,10.93,10.95,1100,2700,100,1300,3800,200,200,3300,7200,7000,4300,11000,2500,3000,2500,3100,10700,900,5100,1200
390.0,10.8,93600,1007122.0,10.8,10.79,10.78,10.77,10.76,10.74,10.71,10.69,10.68,10.66,10.82,10.85,10.86,10.87,10.88,10.89,10.9,10.92,10.93,10.95,1100,2700,100,1300,3800,200,200,3300,7200,7000,4300,11000,2500,3000,2500,3100,10700,900,5100,1200
391.0,10.8,93700,1008202.0,10.8,10.79,10.78,10.77,10.76,10.74,10.71,10.69,10.68,10.66,10.82,10.85,10.86,10.87,10.88,10.89,10.9,10.92,10.93,10.95,1000,2700,100,1300,3800,200,200,3300,7200,7000,4300,11000,2500,3000,2500,3100,10700,900,5100,1200
392.0,10.8,93700,1008202.0,10.8,10.79,10.78,10.77,10.76,10.74,10.71,10.69,10.68,10.66,10.82,10.85,10.86,10.87,10.88,10.89,10.9,10.92,10.93,10.95,1000,2700,100,1300,3800,200,200,3300,7200,7000,4300,11000,2500,3000,2500,3100,10700,900,5100,1200
393.0,10.8,93700,1008202.0,10.8,10.79,10.78,10.77,10.76,10.74,10.71,10.69,10.68,10.66,10.82,10.85,10.86,10.87,10.88,10.89,10.9,10.92,10.93,10.95,1000,2700,100,1300,3800,200,200,3300,7200,7000,4300,11000,2500,3000,2500,3100,10700,900,5100,1200
394.0,10.8,93700,1008202.0,10.8,10.79,10.78,10.77,10.76,10.74,10.71,10.69,10.68,10.66,10.82,10.85,10.86,10.87,10.88,10.89,10.9,10.92,10.93,10.95,1000,2700,100,1300,3800,200,200,3300,7200,7000,4300,11000,2500,3000,2500,3100,10700,900,5100,1200
395.0,10.8,93900,1010362.0,10.8,10.79,10.78,10.77,10.76,10.74,10.71,10.69,10.68,10.66,10.82,10.85,10.86,10.87,10.88,10.89,10.9,10.92,10.93,10.95,800,2700,100,1300,3800,200,200,3300,7200,7000,4300,11000,2500,3000,2500,3100,10700,900,5100,1200
396.0,10.8,93900,1010362.0,10.8,10.79,10.78,10.77,10.76,10.74,10.71,10.69,10.68,10.66,10.82,10.85,10.86,10.87,10.88,10.89,10.9,10.92,10.93,10.95,800,2700,100,1300,3800,200,200,3300,7200,7000,4300,11000,2500,3000,2500,3100,10700,900,5100,1200
397.0,10.8,93900,1010362.0,10.8,10.79,10.78,10.77,10.76,10.74,10.71,10.69,10.68,10.66,10.82,10.85,10.86,10.87,10.88,10.89,10.9,10.92,10.93,10.95,800,2700,100,1300,3800,200,200,3300,7200,7000,4300,11000,2500,3000,2500,3100,10700,900,5100,1200
398.0,10.8,94100,1012522.0,10.8,10.79,10.78,10.77,10.76,10.74,10.71,10.69,10.68,10.66,10.82,10.85,10.86,10.87,10.88,10.89,10.9,10.92,10.93,10.95,600,2700,100,1300,3800,200,200,3300,7200,7000,4300,11000,2500,3000,2500,3100,10700,900,5100,1200
399.0,10.8,94200,1013602.0,10.8,10.79,10.78,10.77,10.76,10.74,10.71,10.69,10.68,10.66,10.82,10.85,10.86,10.87,10.88,10.89,10.9,10.92,10.93,10.95,500,2700,100,1300,3800,200,200,3300,7200,7000,4300,11000,2500,3000,2500,3100,10700,900,5100,1200
400.0,10.8,94200,1013602.0,10.8,10.79,10.78,10.77,10.76,10.74,10.71,10.69,10.68,10.66,10.82,10.85,10.86,10.87,10.88,10.89,10.9,10.92,10.93,10.95,500,2700,100,1300,3800,200,200,3300,7200,7000,4300,11000,2500,3000,2500,3100,10700,900,5100,1200
401.0,10.8,94200,1013602.0,10.8,10.79,10.78,10.77,10.76,10.74,10.71,10.69,10.68,10.66,10.82,10.85,10.86,10.87,10.88,10.89,10.9,10.92,10.93,10.95,500,2700,100,1300,3800,200,200,3300,7200,7000,4300,11000,2500,3000,2500,3100,10700,900,5100,1200
402.0,10.8,94200,1013602.0,10.8,10.79,10.78,10.77,10.76,10.74,10.71,10.69,10.68,10.66,10.82,10.85,10.86,10.87,10.88,10.89,10.9,10.92,10.93,10.95,500,2700,100,1300,3800,200,200,3300,7200,7000,4300,11000,2500,3000,2500,3100,10700,900,5100,1200
403.0,10.82,94300,1014684.0,10.8,10.79,10.78,10.77,10.76,10.74,10.71,10.69,10.68,10.66,10.82,10.85,10.86,10.87,10.88,10.89,10.9,10.92,10.93,10.95,500,2700,100,1300,3800,200,200,3300,7200,7000,4500,11000,2500,3000,2500,3100,10700,900,5100,1200
404.0,10.82,94300,1014684.0,10.8,10.79,10.78,10.77,10.76,10.74,10.71,10.69,10.68,10.66,10.82,10.85,10.86,10.87,10.88,10.89,10.9,10.92,10.93,10.95,500,2700,100,1300,3800,200,200,3300,7200,7000,4500,11000,2500,3000,2500,3100,10700,900,5100,1200
405.0,10.82,94300,1014684.0,10.8,10.79,10.78,10.77,10.76,10.74,10.71,10.69,10.68,10.66,10.82,10.84,10.85,10.86,10.87,10.88,10.89,10.9,10.92,10.93,500,2700,100,1300,3800,200,200,3300,7200,7000,4500,3500,11000,2500,3000,2500,3100,10700,900,5100
406.0,10.82,94300,1014684.0,10.8,10.79,10.78,10.77,10.76,10.74,10.71,10.69,10.68,10.66,10.82,10.84,10.85,10.86,10.87,10.88,10.89,10.9,10.92,10.93,500,2700,100,1300,3800,200,200,3300,7200,7000,4500,3500,11000,2500,3000,2500,3100,10700,900,5100
407.0,10.82,94300,1014684.0,10.8,10.79,10.78,10.77,10.76,10.74,10.71,10.69,10.68,10.66,10.82,10.84,10.85,10.86,10.87,10.88,10.89,10.9,10.92,10.93,500,2700,100,1300,3800,200,200,3300,7200,7000,4500,3500,11000,2500,3000,2500,3100,10700,900,5100
408.0,10.82,94300,1014684.0,10.8,10.79,10.78,10.77,10.76,10.74,10.71,10.69,10.68,10.66,10.82,10.84,10.85,10.86,10.87,10.88,10.89,10.9,10.92,10.93,500,2700,100,1300,3800,200,200,3300,7200,7000,4500,3500,11000,2500,3000,2500,3100,10700,900,5100
409.0,10.82,94300,1014684.0,10.8,10.79,10.78,10.77,10.76,10.74,10.71,10.69,10.68,10.66,10.82,10.84,10.85,10.86,10.87,10.88,10.89,10.9,10.92,10.93,500,2700,100,1300,3800,200,200,3300,7200,7000,4500,3500,11000,2500,3000,2500,3100,10700,900,5100
410.0,10.82,94300,1014684.0,10.8,10.79,10.78,10.77,10.76,10.74,10.71,10.69,10.68,10.66,10.82,10.84,10.85,10.86,10.87,10.88,10.89,10.9,10.92,10.93,300,2700,100,1300,3800,200,200,3300,7200,7000,4500,3500,11000,2500,3000,2500,3100,10700,900,5100
411.0,10.82,94300,1014684.0,10.81,10.8,10.79,10.77,10.76,10.74,10.71,10.69,10.68,10.66,10.82,10.84,10.85,10.86,10.87,10.88,10.89,10.9,10.92,10.93,700,300,2700,1300,3500,200,200,3300,7200,7000,4500,3500,11000,2500,3000,2500,3100,10700,900,5100
