LocalTime,LastPrice,TradeVolume,TradeValue,BidPrice1,BidPrice2,BidPrice3,BidPrice4,BidPrice5,BidPrice6,BidPrice7,BidPrice8,BidPrice9,BidPriceA,AskPrice1,AskPrice2,AskPrice3,AskPrice4,AskPrice5,AskPrice6,AskPrice7,AskPrice8,AskPrice9,AskPriceA,BidVolume1,BidVolume2,BidVolume3,BidVolume4,BidVolume5,BidVolume6,BidVolume7,BidVolume8,BidVolume9,BidVolumeA,AskVolume1,AskVolume2,AskVolume3,AskVolume4,AskVolume5,AskVolume6,AskVolume7,AskVolume8,AskVolume9,AskVolumeA
0.0,14.1,3200,45120.0,14.1,14.09,14.08,14.05,14.03,14.02,14.01,14.0,13.99,13.98,14.12,14.14,14.15,14.19,14.2,14.22,14.23,14.25,14.26,14.27,500,1000,3000,100,1000,100,1300,5300,300,1000,3900,5000,2900,3500,200,100,200,3500,100,1700
1.0,14.1,3300,46530.0,14.1,14.09,14.08,14.05,14.03,14.02,14.01,14.0,13.99,13.98,14.11,14.12,14.14,14.15,14.19,14.2,14.22,14.23,14.25,14.26,400,1000,3000,100,1000,100,1300,5300,300,1000,300,4300,5000,2900,3500,200,100,200,3500,100
2.0,14.1,3900,54991.0,14.1,14.09,14.08,14.05,14.03,14.02,14.01,14.0,13.99,13.98,14.11,14.12,14.14,14.15,14.18,14.19,14.2,14.22,14.23,14.25,3500,1000,3000,100,1000,100,1300,7200,1100,1000,200,5000,5000,2900,100,3500,200,100,200,3500
3.0,14.1,4400,62041.0,14.1,14.09,14.08,14.05,14.03,14.02,14.01,14.0,13.99,13.98,14.11,14.12,14.14,14.15,14.18,14.19,14.2,14.21,14.22,14.23,3000,1000,3000,100,1200,100,3300,7200,1100,4500,1100,4600,5000,2900,100,3500,200,1000,100,200
4.0,14.1,7400,104341.0,14.09,14.08,14.05,14.03,14.02,14.01,14.0,13.99,13.98,13.96,14.1,14.11,14.12,14.14,14.15,14.18,14.19,14.2,14.21,14.22,1000,3000,100,1200,100,3300,10700,1100,4500,1500,1400,1100,4600,5000,2900,2100,3500,2700,1000,100
5.0,14.1,8200,115621.0,14.09,14.08,14.05,14.03,14.02,14.01,14.0,13.99,13.98,13.96,14.1,14.11,14.12,14.14,14.15,14.18,14.19,14.2,14.21,14.22,1000,3000,100,1200,600,3300,10700,1100,4500,1500,600,1100,4600,5000,2900,2100,3500,5700,3500,100
6.0,14.09,9000,126893.0,14.09,14.08,14.05,14.03,14.02,14.01,14.0,13.99,13.98,13.96,14.1,14.11,14.12,14.14,14.15,14.18,14.19,14.2,14.21,14.22,200,3600,700,1300,600,3300,12700,1100,4500,1500,1700,1100,4600,5000,2900,2100,3500,5700,3500,100
7.0,14.08,10000,140978.0,14.08,14.05,14.03,14.02,14.01,14.0,13.99,13.98,13.96,13.95,14.09,14.1,14.11,14.12,14.14,14.15,14.18,14.19,14.2,14.21,3100,700,1300,600,3300,12700,1100,4500,1500,2700,1100,1900,1100,4600,5000,5500,2100,3500,5700,3500
8.0,14.08,10000,140978.0,14.08,14.05,14.03,14.02,14.01,14.0,13.99,13.98,13.96,13.95,14.09,14.1,14.11,14.12,14.14,14.15,14.18,14.19,14.2,14.21,3700,1300,1300,600,3300,12700,1100,4500,1500,2700,1800,8600,1100,4700,5000,5500,2100,3500,5700,3500
9.0,14.08,10200,143794.0,14.08,14.05,14.03,14.02,14.01,14.0,13.99,13.98,13.96,13.95,14.09,14.1,14.11,14.12,14.14,14.15,14.18,14.19,14.2,14.21,3500,2300,2300,600,4500,12700,1100,5000,1500,3200,2300,9700,1100,4700,5000,5500,2100,3500,5700,3500
10.0,14.08,11800,166322.0,14.08,14.05,14.03,14.02,14.01,14.0,13.99,13.98,13.96,13.95,14.09,14.1,14.11,14.12,14.14,14.15,14.18,14.19,14.2,14.21,2100,2300,2500,600,4500,12700,1100,5000,1500,3200,2800,15200,1100,4700,5000,5500,2100,3500,5700,3500
11.0,14.08,14600,205746.0,14.05,14.03,14.02,14.01,14.0,13.99,13.98,13.96,13.95,13.93,14.08,14.09,14.1,14.11,14.12,14.14,14.15,14.18,14.19,14.2,2300,2500,600,4500,12700,1100,5000,1500,3200,1000,10700,2800,15000,1100,4700,5000,5500,2100,3500,6700
12.0,14.05,15700,221228.0,14.05,14.03,14.02,14.01,14.0,13.99,13.98,13.96,13.95,13.93,14.08,14.09,14.1,14.11,14.12,14.14,14.15,14.18,14.19,14.2,2100,2500,600,4500,12700,1100,5000,1500,6500,1000,7400,1600,15000,1100,4700,5000,5500,2100,3500,6700
13.0,14.08,15800,222636.0,14.06,14.05,14.03,14.02,14.01,14.0,13.99,13.98,13.96,13.95,14.08,14.09,14.1,14.11,14.12,14.14,14.15,14.18,14.19,14.2,400,2100,2500,600,4500,13000,1100,5000,1500,6500,6900,1400,15000,1100,4700,5000,5500,2100,3500,6700
14.0,14.08,16500,232492.0,14.06,14.05,14.03,14.02,14.01,14.0,13.99,13.98,13.96,13.95,14.08,14.09,14.1,14.11,14.12,14.14,14.15,14.18,14.19,14.2,400,2100,2500,600,4500,13000,1100,5000,1500,6500,5900,1400,15000,1100,4000,5000,5500,2100,3500,6700
15.0,14.08,19500,274732.0,14.06,14.05,14.03,14.02,14.01,14.0,13.99,13.98,13.96,13.95,14.08,14.09,14.1,14.11,14.12,14.14,14.15,14.18,14.19,14.2,400,2100,2500,600,4500,13000,1100,5000,1500,6500,2700,1400,15000,1100,4000,5000,5500,2100,3500,6700
16.0,14.08,19600,276140.0,14.06,14.05,14.03,14.02,14.01,14.0,13.99,13.98,13.96,13.95,14.08,14.09,14.1,14.11,14.12,14.14,14.15,14.18,14.19,14.2,400,2100,2500,600,4500,13000,1100,5000,1500,6500,2600,1400,15000,1100,4000,5000,5500,2100,3500,6700
17.0,14.08,19700,277548.0,14.06,14.05,14.03,14.02,14.01,14.0,13.99,13.98,13.96,13.95,14.08,14.09,14.1,14.11,14.12,14.14,14.15,14.18,14.19,14.2,400,2100,2500,600,4500,13000,1100,5000,1500,6500,2500,1400,12800,1100,4000,5000,5500,2100,3500,6700
18.0,14.08,19900,280364.0,14.06,14.05,14.03,14.02,14.01,14.0,13.99,13.98,13.96,13.95,14.08,14.09,14.1,14.11,14.12,14.14,14.15,14.18,14.19,14.2,400,2100,2500,600,4500,13000,1100,5000,1500,6500,2600,1100,12400,1100,4000,5000,5500,2100,3500,6700
19.0,14.08,20000,281772.0,14.06,14.05,14.03,14.02,14.01,14.0,13.99,13.98,13.96,13.95,14.08,14.09,14.1,14.11,14.12,14.14,14.15,14.18,14.19,14.2,400,2100,2500,600,4500,13000,1100,5000,1500,6500,2500,1100,12400,1100,4000,5000,5500,2100,3500,6700
20.0,14.08,23200,326822.0,14.07,14.06,14.05,14.03,14.02,14.01,14.0,13.99,13.98,13.96,14.09,14.1,14.11,14.12,14.14,14.15,14.18,14.19,14.2,14.21,400,500,2100,2500,600,4500,13000,1100,5000,1500,1100,8400,1100,3600,5000,5500,2100,3500,6700,3500
21.0,14.08,23800,335270.0,14.07,14.06,14.05,14.03,14.02,14.01,14.0,13.99,13.98,13.96,14.08,14.09,14.1,14.11,14.12,14.14,14.15,14.18,14.19,14.2,400,500,2100,2500,600,4500,13000,1100,5000,1500,4500,1100,8400,1100,3600,5000,5500,2100,3500,6700
22.0,14.08,23900,336678.0,14.07,14.06,14.05,14.03,14.02,14.01,14.0,13.99,13.98,13.96,14.08,14.09,14.1,14.11,14.12,14.14,14.15,14.18,14.19,14.2,400,500,2100,2500,600,4500,13000,1100,5000,1500,4400,1100,7400,1100,3600,5000,5500,2100,3500,6700
23.0,14.08,24100,339494.0,14.07,14.06,14.05,14.03,14.02,14.01,14.0,13.99,13.98,13.96,14.08,14.09,14.1,14.11,14.12,14.14,14.15,14.18,14.19,14.2,400,500,2100,2500,600,4500,13000,1100,5000,1500,4200,1100,7400,1100,3600,5000,5500,2100,3500,6700
24.0,14.08,24100,339494.0,14.07,14.06,14.05,14.03,14.02,14.01,14.0,13.99,13.98,13.96,14.08,14.09,14.1,14.11,14.12,14.14,14.15,14.18,14.19,14.2,400,500,2100,2500,600,4500,13000,1100,5000,1500,4200,1100,7400,1100,3600,5000,5500,2100,3500,6700
25.0,14.08,24100,339494.0,14.07,14.06,14.05,14.03,14.02,14.01,14.0,13.99,13.98,13.96,14.08,14.09,14.1,14.11,14.12,14.14,14.15,14.18,14.19,14.2,400,500,2100,2500,600,4500,13000,1100,5000,1500,4200,1100,7400,1100,3600,5000,5500,2100,3500,6700
26.0,14.08,24100,339494.0,14.07,14.06,14.05,14.03,14.02,14.01,14.0,13.99,13.98,13.96,14.08,14.09,14.1,14.11,14.12,14.14,14.15,14.18,14.19,14.2,400,500,2100,2500,600,4500,13000,1100,5000,1500,4200,1100,7400,1100,3600,5000,5500,2100,3500,6700
27.0,14.08,24100,339494.0,14.07,14.06,14.05,14.03,14.02,14.01,14.0,13.99,13.98,13.96,14.08,14.09,14.1,14.11,14.12,14.14,14.15,14.18,14.19,14.2,400,500,2100,2500,600,4500,13000,1100,5000,1500,4200,1100,7400,1100,3600,5000,5500,2100,3500,6700
28.0,14.08,24300,342310.0,14.07,14.06,14.05,14.03,14.02,14.01,14.0,13.99,13.98,13.96,14.08,14.09,14.1,14.11,14.12,14.14,14.15,14.18,14.19,14.2,100,500,2100,2500,600,4500,13000,1100,5000,1500,4000,1100,7400,1100,3600,5000,5500,2100,3500,6700
29.0,14.06,25900,364807.0,14.05,14.03,14.02,14.01,14.0,13.99,13.98,13.96,13.95,13.93,14.07,14.08,14.09,14.1,14.11,14.12,14.14,14.15,14.18,14.19,2100,2600,600,4500,13000,1100,5000,1500,6500,1000,200,4000,1100,7400,1100,3600,5000,5500,2100,3500
30.0,14.06,25900,364807.0,14.05,14.03,14.02,14.01,14.0,13.99,13.98,13.96,13.95,13.93,14.07,14.08,14.09,14.1,14.11,14.12,14.14,14.15,14.18,14.19,2100,2600,600,4500,13000,1100,5000,1500,6500,1000,200,4000,1100,7400,1100,3600,5000,5500,2100,3500
31.0,14.07,26100,367621.0,14.05,14.03,14.02,14.01,14.0,13.99,13.98,13.96,13.95,13.93,14.08,14.09,14.1,14.11,14.12,14.14,14.15,14.18,14.19,14.2,2100,2600,600,4500,13000,1100,5000,1500,6500,1000,4000,1100,7400,1100,3600,5000,5500,2100,3500,6700
32.0,14.07,26100,367621.0,14.05,14.03,14.02,14.01,14.0,13.99,13.98,13.96,13.95,13.93,14.07,14.08,14.09,14.1,14.11,14.12,14.14,14.15,14.18,14.19,2100,2600,600,4500,13000,1100,5000,1500,6500,1000,300,4000,900,7400,1100,3600,5000,5500,2100,3500
33.0,14.05,26300,370431.0,14.05,14.03,14.02,14.01,14.0,13.99,13.98,13.96,13.95,13.93,14.07,14.08,14.09,14.1,14.11,14.12,14.14,14.15,14.18,14.19,1900,2600,600,4500,13000,1100,5000,1500,6500,1000,300,4000,900,7400,1100,3600,5000,5500,2100,3500
34.0,14.07,26500,373245.0,14.05,14.03,14.02,14.01,14.0,13.99,13.98,13.96,13.95,13.93,14.07,14.08,14.09,14.1,14.11,14.12,14.14,14.15,14.18,14.19,1900,2600,600,4500,13000,1100,5000,1500,6500,1000,300,4000,900,7400,1100,3600,5000,5500,2100,3500
35.0,14.07,26500,373245.0,14.05,14.03,14.02,14.01,14.0,13.99,13.98,13.96,13.95,13.93,14.07,14.08,14.09,14.1,14.11,14.12,14.14,14.15,14.18,14.19,1900,2600,600,4500,13000,1100,5000,1500,6500,1000,300,4000,900,7400,1100,3600,5000,5500,2100,3500
36.0,14.07,26500,373245.0,14.06,14.05,14.03,14.02,14.01,14.0,13.99,13.98,13.96,13.95,14.07,14.08,14.09,14.1,14.11,14.12,14.14,14.15,14.18,14.19,100,1900,2500,600,4500,13000,1100,5000,1500,6500,300,4000,900,7400,1100,3600,5000,5500,2100,3500
37.0,14.07,26500,373245.0,14.06,14.05,14.03,14.02,14.01,14.0,13.99,13.98,13.96,13.95,14.07,14.08,14.09,14.1,14.11,14.12,14.14,14.15,14.18,14.19,300,1900,2500,600,4500,13000,1100,5000,1500,6500,300,4000,1000,7400,1100,3600,5000,5500,2100,3500
38.0,14.06,26800,377464.0,14.06,14.05,14.03,14.02,14.01,14.0,13.99,13.98,13.96,13.95,14.07,14.08,14.09,14.1,14.11,14.12,14.14,14.15,14.18,14.19,100,1900,2500,600,4500,13000,1100,5000,1500,6500,3100,4000,1000,7400,1100,3600,5000,5500,2100,3500
39.0,14.07,27200,383092.0,14.06,14.05,14.03,14.02,14.01,14.0,13.99,13.98,13.96,13.95,14.07,14.08,14.09,14.1,14.11,14.12,14.14,14.15,14.18,14.19,100,1900,2500,600,5000,14000,1100,5000,1500,6500,2700,4000,1000,7400,1100,3600,5000,5500,2100,3500
40.0,14.05,29400,414007.0,14.03,14.02,14.01,14.0,13.99,13.98,13.96,13.95,13.93,13.91,14.05,14.07,14.08,14.09,14.1,14.11,14.12,14.14,14.15,14.18,2500,600,5000,14000,1100,5000,1500,6500,1000,300,1400,2500,4000,1000,7400,1100,3600,5000,5500,2100
41.0,14.05,31900,449110.0,14.05,14.03,14.02,14.01,14.0,13.99,13.98,13.96,13.95,13.93,14.07,14.08,14.09,14.1,14.11,14.12,14.14,14.15,14.18,14.19,200,1400,600,5000,14000,1100,5000,1500,6500,1000,2500,4000,1000,7400,1100,3600,5000,5500,2100,3500
42.0,14.07,32100,451924.0,14.05,14.03,14.02,14.01,14.0,13.99,13.98,13.96,13.95,13.93,14.07,14.08,14.09,14.1,14.11,14.12,14.14,14.15,14.18,14.19,200,1400,600,5000,14000,1100,5000,1500,6500,1000,2300,4000,1000,7400,1100,3600,5000,5500,2100,3500
43.0,14.07,32100,451924.0,14.05,14.03,14.02,14.01,14.0,13.99,13.98,13.96,13.95,13.93,14.07,14.08,14.09,14.1,14.11,14.12,14.14,14.15,14.18,14.19,200,1400,2600,5000,14000,1100,5000,1500,6500,1000,2400,4000,1000,7400,1100,3600,5000,5500,2100,3500
44.0,14.07,32500,457552.0,14.05,14.03,14.02,14.01,14.0,13.99,13.98,13.96,13.95,13.93,14.07,14.08,14.09,14.1,14.11,14.12,14.14,14.15,14.18,14.19,200,1400,2600,5000,14000,1100,5000,1500,6500,1000,2000,4000,1000,7400,1100,3600,5000,5500,2100,3500
45.0,14.07,32700,460366.0,14.05,14.03,14.02,14.01,14.0,13.99,13.98,13.96,13.95,13.93,14.07,14.08,14.09,14.1,14.11,14.12,14.14,14.15,14.18,14.19,200,1400,2600,5000,14000,1100,5000,1500,6500,1000,1800,4000,1000,7400,1100,3600,5000,5500,2100,3500
46.0,14.07,32700,460366.0,14.05,14.03,14.02,14.01,14.0,13.99,13.98,13.96,13.95,13.93,14.06,14.07,14.08,14.09,14.1,14.11,14.12,14.14,14.15,14.18,200,1400,2700,5000,14000,1100,5000,1500,6500,1000,500,1800,4000,1000,7400,1100,3600,5000,5500,2100
47.0,14.07,32700,460366.0,14.05,14.03,14.02,14.01,14.0,13.99,13.98,13.96,13.95,13.93,14.06,14.07,14.08,14.09,14.1,14.11,14.12,14.14,14.15,14.18,100,1400,2700,5000,14000,1100,5000,1500,6500,1000,500,1800,4000,1000,7400,1100,3600,5000,5500,2100
48.0,14.07,33700,474431.0,14.05,14.03,14.02,14.01,14.0,13.99,13.98,13.96,13.95,13.93,14.07,14.08,14.09,14.1,14.11,14.12,14.14,14.15,14.18,14.19,100,1400,2700,5000,14000,1100,5000,1500,6500,1000,1300,4000,1000,7400,1100,3600,5000,5500,2100,3500
49.0,14.07,33900,477245.0,14.06,14.05,14.03,14.02,14.01,14.0,13.99,13.98,13.96,13.95,14.07,14.08,14.09,14.1,14.11,14.12,14.14,14.15,14.18,14.19,2000,100,1400,2700,5500,14000,1100,5000,1500,6500,1100,4000,1000,7400,1100,3600,5000,5500,2100,3500
50.0,14.07,37300,525057.0,14.07,14.04,14.03,14.02,14.01,14.0,13.99,13.98,13.96,13.95,14.08,14.09,14.1,14.11,14.12,14.14,14.15,14.18,14.19,14.2,1000,500,1400,2700,5500,14000,1100,5000,1500,6500,4000,1000,7400,1100,3600,5000,5500,2100,3500,6700
51.0,14.07,37300,525057.0,14.07,14.04,14.03,14.02,14.01,14.0,13.99,13.98,13.96,13.95,14.08,14.09,14.1,14.11,14.12,14.14,14.15,14.18,14.19,14.2,1000,900,1400,2700,5500,14200,1100,5000,1500,6500,4000,1000,7400,1100,3600,5000,5500,2100,3500,6700
52.0,14.07,37300,525057.0,14.07,14.04,14.03,14.02,14.01,14.0,13.99,13.98,13.96,13.95,14.08,14.09,14.1,14.11,14.12,14.14,14.15,14.18,14.19,14.2,1000,900,1400,2700,5500,14200,1100,5000,1500,6500,4000,1000,7400,1100,3600,5000,5500,2100,3500,6700
53.0,14.08,37400,526465.0,14.07,14.04,14.03,14.02,14.01,14.0,13.99,13.98,13.96,13.95,14.08,14.09,14.1,14.11,14.12,14.14,14.15,14.18,14.19,14.2,1000,900,1400,2700,5500,14200,1100,5000,1500,6500,3900,900,7400,1100,3600,5000,5500,2100,3500,6700
54.0,14.08,38100,536315.0,14.07,14.04,14.03,14.02,14.01,14.0,13.99,13.98,13.96,13.95,14.08,14.09,14.1,14.11,14.12,14.14,14.15,14.18,14.19,14.2,400,900,1400,2700,5500,14200,1100,5100,1500,6500,3800,900,7400,1100,3600,5000,5500,2100,3500,6700
55.0,14.08,38800,546171.0,14.07,14.04,14.03,14.02,14.01,14.0,13.99,13.98,13.96,13.95,14.08,14.09,14.1,14.11,14.12,14.14,14.15,14.18,14.19,14.2,400,900,1400,2700,5500,13900,1100,5100,1500,6500,3100,900,7400,1100,3600,5000,5500,2100,3500,6700
56.0,14.08,38800,546171.0,14.07,14.04,14.03,14.02,14.01,14.0,13.99,13.98,13.96,13.95,14.08,14.09,14.1,14.11,14.12,14.14,14.15,14.18,14.19,14.2,400,900,1400,2700,5500,13900,1100,5100,1500,6500,3100,900,7400,1100,3600,5000,5500,2100,3500,6700
57.0,14.05,39300,553204.0,14.05,14.04,14.03,14.02,14.01,14.0,13.99,13.98,13.96,13.95,14.08,14.09,14.1,14.11,14.12,14.14,14.15,14.18,14.19,14.2,100,900,1400,2700,5500,13900,1100,5100,1500,6500,3100,900,7400,1100,3600,5000,5500,2100,3500,6700
58.0,14.05,39300,553204.0,14.05,14.04,14.03,14.02,14.01,14.0,13.99,13.98,13.96,13.95,14.08,14.09,14.1,14.11,14.12,14.14,14.15,14.18,14.19,14.2,2200,4500,1400,2700,5500,13900,1100,5100,1500,6500,3100,900,7400,1100,3600,5000,5500,2100,3500,6700
59.0,14.08,42400,596852.0,14.06,14.05,14.04,14.03,14.02,14.01,14.0,13.99,13.98,13.96,14.09,14.1,14.11,14.12,14.14,14.15,14.18,14.19,14.2,14.21,900,2200,3500,1400,2700,5500,13900,1100,5100,1500,900,7400,1100,3600,5000,5500,2100,3500,6700,3500
60.0,14.08,42400,596852.0,14.06,14.05,14.04,14.03,14.02,14.01,14.0,13.99,13.98,13.96,14.09,14.1,14.11,14.12,14.14,14.15,14.18,14.19,14.2,14.21,900,2200,3500,1400,2700,6000,13900,1100,5100,1500,900,7400,1100,3600,5000,5500,2100,3500,6700,3500
61.0,14.08,42400,596852.0,14.06,14.05,14.04,14.03,14.02,14.01,14.0,13.99,13.98,13.96,14.07,14.09,14.1,14.11,14.12,14.14,14.15,14.18,14.19,14.2,900,2200,3500,1400,2700,6000,13900,1100,5100,1500,400,900,7400,1100,3600,5000,5500,2100,3500,6700
62.0,14.09,42900,603889.0,14.07,14.06,14.05,14.04,14.03,14.02,14.01,14.0,13.99,13.98,14.09,14.1,14.11,14.12,14.14,14.15,14.18,14.19,14.2,14.21,100,900,2200,3500,1400,2700,6000,13900,1100,5100,800,7400,1100,3600,5000,5500,2100,3500,6700,3500
63.0,14.09,42900,603889.0,14.07,14.06,14.05,14.04,14.03,14.02,14.01,14.0,13.99,13.98,14.09,14.1,14.11,14.12,14.14,14.15,14.18,14.19,14.2,14.21,700,900,2200,3500,1400,2700,6000,13900,1100,5100,800,7400,1100,3600,5000,5500,2100,3500,6700,3500
64.0,14.05,47600,669947.0,14.07,14.05,14.04,14.03,14.02,14.01,14.0,13.99,13.98,13.96,14.09,14.1,14.11,14.12,14.14,14.15,14.18,14.19,14.2,14.21,100,2500,4500,1400,2700,6000,13900,1100,5100,1500,800,7400,1100,3600,5000,5500,2100,3500,6700,3500
65.0,14.08,48200,678395.0,14.08,14.07,14.04,14.03,14.02,14.01,14.0,13.99,13.98,13.96,14.09,14.1,14.11,14.12,14.14,14.15,14.18,14.19,14.2,14.21,2400,100,4500,1400,2700,6000,13900,1100,5100,1500,800,7400,1100,3600,5000,5500,2100,3500,6700,3500
66.0,14.09,48300,679804.0,14.08,14.07,14.04,14.03,14.02,14.01,14.0,13.99,13.98,13.96,14.09,14.1,14.11,14.12,14.14,14.15,14.18,14.19,14.2,14.21,2400,100,4500,1400,2700,6000,13900,1100,5100,1500,700,7400,1100,3600,5000,5500,2100,3500,6700,3500
67.0,14.08,48400,681212.0,14.08,14.07,14.04,14.03,14.02,14.01,14.0,13.99,13.98,13.96,14.09,14.1,14.11,14.12,14.14,14.15,14.18,14.19,14.2,14.21,2500,100,4500,1400,2700,6000,13900,1100,5100,1500,700,7400,1100,3600,5000,5500,2100,3500,6700,3500
68.0,14.08,48600,684029.0,14.08,14.04,14.03,14.02,14.01,14.0,13.99,13.98,13.96,13.95,14.09,14.1,14.11,14.12,14.14,14.15,14.18,14.19,14.2,14.21,1400,4000,1400,2700,6000,13900,1100,5100,1500,6500,600,7400,1100,3600,5000,5500,2100,3500,6700,3500
69.0,14.08,48800,686845.0,14.08,14.04,14.03,14.02,14.01,14.0,13.99,13.98,13.96,13.95,14.09,14.1,14.11,14.12,14.14,14.15,14.18,14.19,14.2,14.21,1200,4000,1400,2700,6000,13900,1100,5100,1500,6500,800,7400,1100,3500,5000,5500,2100,3500,6700,3500
70.0,14.09,48900,688254.0,14.08,14.04,14.03,14.02,14.01,14.0,13.99,13.98,13.96,13.95,14.09,14.1,14.11,14.12,14.14,14.15,14.18,14.19,14.2,14.21,1200,4000,1400,2700,6000,13900,1100,5100,1500,6500,700,7400,1100,3500,5000,5500,2100,3500,6700,3500
71.0,14.09,48900,688254.0,14.08,14.04,14.03,14.02,14.01,14.0,13.99,13.98,13.96,13.95,14.09,14.1,14.11,14.12,14.14,14.15,14.18,14.19,14.2,14.21,1200,5000,1400,2700,6000,13900,1100,5100,1500,6500,700,7400,1100,3500,5000,5500,2100,3500,6700,3500
72.0,14.09,48900,688254.0,14.08,14.07,14.04,14.03,14.02,14.01,14.0,13.99,13.98,13.96,14.09,14.1,14.11,14.12,14.14,14.15,14.18,14.19,14.2,14.21,1200,100,5000,1400,2700,6000,13900,1100,5100,1500,700,7400,1100,3500,5000,5500,2100,3500,6700,3500
73.0,14.09,49300,693888.0,14.08,14.07,14.04,14.03,14.02,14.01,14.0,13.99,13.98,13.96,14.09,14.1,14.11,14.12,14.14,14.15,14.18,14.19,14.2,14.21,1000,100,5000,1400,2700,6000,13900,1100,5100,1500,500,7400,1100,3500,5000,5500,2100,3500,6700,3500
74.0,14.09,49300,693888.0,14.08,14.07,14.04,14.03,14.02,14.01,14.0,13.99,13.98,13.96,14.09,14.1,14.11,14.12,14.14,14.15,14.18,14.19,14.2,14.21,1000,200,5000,1400,2700,6000,13900,1100,5100,1500,500,7400,1100,3500,5000,5500,2100,3500,6700,3500
75.0,14.09,49400,695297.0,14.08,14.07,14.04,14.03,14.02,14.01,14.0,13.99,13.98,13.96,14.09,14.1,14.11,14.12,14.14,14.15,14.18,14.19,14.2,14.21,1000,200,5000,1400,2700,6000,13900,1100,5100,1500,400,7400,1100,3500,5000,5500,2100,3500,6700,3500
76.0,14.08,49500,696705.0,14.08,14.07,14.04,14.03,14.02,14.01,14.0,13.99,13.98,13.96,14.09,14.1,14.11,14.12,14.14,14.15,14.18,14.19,14.2,14.21,900,200,5000,1400,2700,6000,14900,1100,5100,1500,400,7400,1100,3500,5000,5500,2100,3500,6700,3500
77.0,14.08,49500,696705.0,14.08,14.07,14.04,14.03,14.02,14.01,14.0,13.99,13.98,13.96,14.09,14.1,14.11,14.12,14.14,14.15,14.18,14.19,14.2,14.21,900,200,5000,1400,2700,6000,14900,1100,5100,1500,400,7400,1100,3500,5000,5500,2100,3500,6700,3500
78.0,14.09,50500,710795.0,14.08,14.07,14.04,14.03,14.02,14.01,14.0,13.99,13.98,13.96,14.09,14.1,14.11,14.12,14.14,14.15,14.18,14.19,14.2,14.21,900,200,5000,1300,2700,6000,14900,1100,5100,1500,1600,7400,1100,3500,5000,5500,2100,3500,6700,3500
79.0,14.09,50500,710795.0,14.08,14.07,14.04,14.03,14.02,14.01,14.0,13.99,13.98,13.96,14.09,14.1,14.11,14.12,14.14,14.15,14.18,14.19,14.2,14.21,900,200,5000,1300,2700,6000,14900,1100,5100,1500,2000,7400,1100,3500,5000,5500,2100,3500,6700,3500
80.0,14.09,51300,722067.0,14.08,14.07,14.04,14.03,14.02,14.01,14.0,13.99,13.98,13.96,14.09,14.1,14.11,14.12,14.14,14.15,14.18,14.19,14.2,14.21,900,200,5000,1300,2700,6000,14900,1100,5100,1500,1200,7400,1100,3500,5000,5500,2100,3500,6700,3500
81.0,14.08,51500,724884.0,14.08,14.07,14.06,14.04,14.03,14.02,14.01,14.0,13.99,13.98,14.09,14.1,14.11,14.12,14.14,14.15,14.18,14.19,14.2,14.21,800,200,3000,5000,1300,2700,6000,14900,1100,5100,1100,7400,1100,3500,5000,5500,2100,3500,6700,3500
82.0,14.08,51500,724884.0,14.08,14.07,14.06,14.04,14.03,14.02,14.01,14.0,13.99,13.98,14.09,14.1,14.11,14.12,14.14,14.15,14.18,14.19,14.2,14.21,800,200,3000,5000,1300,2700,6100,14900,1100,5100,1100,7400,1100,3500,5000,5500,2100,3500,6700,3500
83.0,14.08,51500,724884.0,14.08,14.07,14.06,14.04,14.03,14.02,14.01,14.0,13.99,13.98,14.09,14.1,14.11,14.12,14.14,14.15,14.18,14.19,14.2,14.21,800,200,3000,5000,1300,2700,6100,14900,1100,5100,1200,7400,1100,3500,5000,5500,2100,3500,6700,3500
84.0,14.09,51600,726293.0,14.08,14.07,14.06,14.04,14.03,14.02,14.01,14.0,13.99,13.98,14.09,14.1,14.11,14.12,14.14,14.15,14.18,14.19,14.2,14.21,800,100,3000,5000,1300,3700,6100,14900,1100,5100,1100,7400,1100,3500,5000,5500,2100,3500,6700,3500
85.0,14.09,51600,726293.0,14.08,14.07,14.06,14.04,14.03,14.02,14.01,14.0,13.99,13.98,14.09,14.1,14.11,14.12,14.14,14.15,14.18,14.19,14.2,14.21,800,100,3000,5000,1300,3700,6100,14900,1100,5100,1100,7400,1100,3500,5000,5500,2100,3500,6700,3500
86.0,14.09,51600,726293.0,14.08,14.07,14.06,14.04,14.03,14.02,14.01,14.0,13.99,13.98,14.09,14.1,14.11,14.12,14.14,14.15,14.18,14.19,14.2,14.21,800,200,3000,5000,1300,3700,6100,14900,1100,5100,1100,7400,1100,3500,5000,5500,2100,3500,6700,3500
87.0,14.09,51700,727702.0,14.08,14.07,14.06,14.04,14.03,14.02,14.01,14.0,13.99,13.98,14.09,14.1,14.11,14.12,14.14,14.15,14.18,14.19,14.2,14.21,800,200,3000,5000,1300,3700,6100,14900,1100,5100,1000,7400,1100,3500,5000,5500,2100,3500,6700,3500
88.0,14.09,51700,727702.0,14.08,14.07,14.06,14.05,14.04,14.03,14.02,14.01,14.0,13.99,14.09,14.1,14.11,14.12,14.14,14.15,14.18,14.19,14.2,14.21,800,200,3000,25000,5000,1300,3700,6100,14900,1100,1000,7400,1100,3500,5000,5500,2100,3500,6700,3500
89.0,14.09,51900,730520.0,14.08,14.07,14.06,14.05,14.04,14.03,14.02,14.01,14.0,13.99,14.09,14.1,14.11,14.12,14.14,14.15,14.18,14.19,14.2,14.21,800,200,3000,25000,5000,1300,3700,6100,14900,1100,800,7400,1100,3500,5000,5500,2100,3500,6700,3500
90.0,14.09,51900,730520.0,14.08,14.07,14.06,14.05,14.04,14.03,14.02,14.01,14.0,13.99,14.09,14.1,14.11,14.12,14.14,14.15,14.18,14.19,14.2,14.21,800,200,3000,25000,5000,1300,3700,6100,14900,1100,800,7400,1100,3500,5000,5500,2100,3500,6700,3500
91.0,14.09,51900,730520.0,14.08,14.07,14.06,14.05,14.04,14.03,14.02,14.01,14.0,13.99,14.09,14.1,14.11,14.12,14.14,14.15,14.18,14.19,14.2,14.21,800,200,3000,25000,5000,1300,3700,6100,14900,1100,800,7400,1100,3500,5000,5500,2100,3500,6700,3500
92.0,14.09,51900,730520.0,14.08,14.07,14.06,14.05,14.04,14.03,14.02,14.01,14.0,13.99,14.09,14.1,14.11,14.12,14.14,14.15,14.18,14.19,14.2,14.21,800,200,3000,25000,5000,1300,3700,6100,14900,1100,800,7400,1100,3500,5000,5500,2100,3500,6700,3500
93.0,14.09,51900,730520.0,14.08,14.07,14.06,14.05,14.04,14.03,14.02,14.01,14.0,13.99,14.09,14.1,14.11,14.12,14.14,14.15,14.18,14.19,14.2,14.21,800,200,3000,25000,5000,1300,3700,6100,14900,1100,900,7400,1100,3500,5000,5500,2100,3500,6700,3500
94.0,14.09,52100,733338.0,14.08,14.07,14.06,14.05,14.04,14.03,14.02,14.01,14.0,13.99,14.09,14.1,14.11,14.12,14.14,14.15,14.18,14.19,14.2,14.21,800,200,3000,25000,6000,1300,3700,6100,14900,1100,700,7400,1100,3500,5000,5500,2100,3500,6700,3500
95.0,14.09,52100,733338.0,14.08,14.07,14.06,14.05,14.04,14.03,14.02,14.01,14.0,13.99,14.09,14.1,14.11,14.12,14.14,14.15,14.18,14.19,14.2,14.21,800,1600,3000,25000,6000,1300,3700,6100,14900,1100,700,7400,1100,3500,5000,5500,2100,3500,6700,3500
96.0,14.09,52100,733338.0,14.08,14.07,14.06,14.05,14.04,14.03,14.02,14.01,14.0,13.99,14.09,14.1,14.11,14.12,14.14,14.15,14.18,14.19,14.2,14.21,800,1600,3000,25000,6000,1300,3700,6100,14900,1100,700,7400,1100,3500,5000,5500,2100,3500,6700,3500
97.0,14.09,52100,733338.0,14.08,14.07,14.06,14.05,14.04,14.03,14.02,14.01,14.0,13.99,14.09,14.1,14.11,14.12,14.14,14.15,14.18,14.19,14.2,14.21,800,1600,3000,25000,6000,1300,3700,6100,14900,1100,700,7400,1100,3500,5000,5500,2100,3500,6700,3500
98.0,14.09,52100,733338.0,14.08,14.07,14.06,14.05,14.04,14.03,14.02,14.01,14.0,13.99,14.09,14.1,14.11,14.12,14.14,14.15,14.18,14.19,14.2,14.21,800,1600,3000,25000,5600,1300,3700,6100,14900,1100,700,7400,1100,3500,5000,5500,2100,3500,6700,3500
99.0,14.09,52800,743201.0,14.09,14.08,14.07,14.06,14.05,14.04,14.03,14.02,14.01,14.0,14.1,14.11,14.12,14.14,14.15,14.18,14.19,14.2,14.21,14.22,500,800,1600,3000,25000,5600,1300,3700,6100,14900,7400,1100,3500,5000,5500,2100,3500,6700,3500,100
100.0,14.09,55000,774220.0,14.09,14.08,14.07,14.06,14.05,14.04,14.03,14.02,14.01,14.0,14.1,14.11,14.12,14.14,14.15,14.18,14.19,14.2,14.21,14.22,400,800,1600,3000,25000,5600,1300,3700,6100,14900,5400,1100,3500,5000,5500,2100,3500,6700,3500,100
101.0,14.09,55000,774220.0,14.09,14.08,14.07,14.06,14.05,14.04,14.03,14.02,14.01,14.0,14.1,14.11,14.12,14.14,14.15,14.18,14.19,14.2,14.21,14.22,400,800,3600,3000,25000,5600,1300,3700,6100,14900,5400,1100,3500,5000,5500,2100,3500,6700,3500,100
102.0,14.09,55000,774220.0,14.09,14.08,14.07,14.06,14.05,14.04,14.03,14.02,14.01,14.0,14.1,14.11,14.12,14.14,14.15,14.18,14.19,14.2,14.21,14.22,600,800,3600,5500,25000,5600,1300,3700,6100,14900,5400,1100,3500,5000,5500,2100,3500,6700,3500,100
103.0,14.09,55000,774220.0,14.09,14.08,14.07,14.06,14.05,14.04,14.03,14.02,14.01,14.0,14.1,14.11,14.12,14.14,14.15,14.18,14.19,14.2,14.21,14.22,600,800,3800,5500,25000,5600,1300,3700,6100,14900,5400,1100,3500,5000,5500,2100,3500,6700,3500,100
104.0,14.1,55500,781270.0,14.09,14.08,14.07,14.06,14.05,14.04,14.03,14.02,14.01,14.0,14.1,14.11,14.12,14.14,14.15,14.18,14.19,14.2,14.21,14.22,1000,800,3800,5500,25000,5600,1300,3700,6100,14900,4900,1100,3500,5000,5500,2100,3500,6700,3500,100
105.0,14.09,56600,796769.0,14.08,14.07,14.06,14.05,14.04,14.03,14.02,14.01,14.0,13.99,14.09,14.1,14.11,14.12,14.14,14.15,14.18,14.19,14.2,14.21,800,3800,5500,25000,5600,1300,3700,6100,14900,1100,700,4900,1100,3500,5000,5500,2100,3500,6700,3500
106.0,14.09,56600,796769.0,14.08,14.07,14.06,14.05,14.04,14.03,14.02,14.01,14.0,13.99,14.09,14.1,14.11,14.12,14.14,14.15,14.18,14.19,14.2,14.21,800,3800,5500,25000,5600,1300,3700,6100,14900,1100,700,4900,1100,3500,5000,5500,2100,3500,6700,3500
107.0,14.09,56600,796769.0,14.08,14.07,14.06,14.05,14.04,14.03,14.02,14.01,14.0,13.99,14.09,14.1,14.11,14.12,14.14,14.15,14.18,14.19,14.2,14.21,800,3800,5500,25000,5600,1300,3700,6100,14900,1100,700,4900,1100,3500,5000,5500,2100,3500,6700,3500
108.0,14.09,56600,796769.0,14.08,14.07,14.06,14.05,14.04,14.03,14.02,14.01,14.0,13.99,14.09,14.1,14.11,14.12,14.14,14.15,14.18,14.19,14.2,14.21,800,3800,5500,25000,5600,1300,3700,6100,14900,1100,700,4900,1100,3500,5000,5500,2100,3500,6700,3500
109.0,14.09,56800,799587.0,14.08,14.07,14.06,14.05,14.04,14.03,14.02,14.01,14.0,13.99,14.09,14.1,14.11,14.12,14.14,14.15,14.18,14.19,14.2,14.21,800,3800,5500,25000,5600,1300,3700,6100,14900,1100,500,4900,1100,3500,5000,5500,2100,3500,6700,3500
110.0,14.09,56800,799587.0,14.08,14.07,14.06,14.05,14.04,14.03,14.02,14.01,14.0,13.99,14.09,14.1,14.11,14.12,14.14,14.15,14.18,14.19,14.2,14.21,800,3800,5500,25000,5600,1300,3700,6100,14900,1100,500,4900,1100,3500,5000,5500,2100,3500,6700,3500
111.0,14.09,56900,800996.0,14.08,14.07,14.06,14.05,14.04,14.03,14.02,14.01,14.0,13.99,14.09,14.1,14.11,14.12,14.14,14.15,14.18,14.19,14.2,14.21,800,3800,5500,25000,5600,1300,3700,6100,14900,1100,400,4900,1100,3500,5000,5500,2100,3500,6700,3500
112.0,14.09,56900,800996.0,14.08,14.07,14.06,14.05,14.04,14.03,14.02,14.01,14.0,13.99,14.09,14.1,14.11,14.12,14.14,14.15,14.18,14.19,14.2,14.21,800,3800,5500,25000,5600,1300,3700,6100,14900,1100,400,4900,1100,3500,5000,5500,2100,3500,6700,3500
113.0,14.08,57500,809446.0,14.08,14.07,14.06,14.05,14.04,14.03,14.02,14.01,14.0,13.99,14.09,14.1,14.11,14.12,14.14,14.15,14.18,14.19,14.2,14.21,1200,3800,5500,25000,5600,1300,3700,6100,14900,1100,200,4900,1100,3500,5000,5500,2100,3500,6700,3500
114.0,14.08,57500,809446.0,14.08,14.07,14.06,14.05,14.04,14.03,14.02,14.01,14.0,13.99,14.09,14.1,14.11,14.12,14.14,14.15,14.18,14.19,14.2,14.21,1200,3800,5500,25000,5600,1300,3700,6100,14900,1100,200,4900,1100,3500,5000,5500,2100,3500,6700,3500
115.0,14.08,57500,809446.0,14.08,14.07,14.06,14.05,14.04,14.03,14.02,14.01,14.0,13.99,14.09,14.1,14.11,14.12,14.14,14.15,14.18,14.19,14.2,14.21,1200,3800,5500,25000,5600,1300,3700,6100,14900,1100,200,4900,1100,3500,5000,5500,2100,3500,6700,3500
116.0,14.09,57700,812264.0,14.09,14.08,14.07,14.06,14.05,14.04,14.03,14.02,14.01,14.0,14.1,14.11,14.12,14.14,14.15,14.18,14.19,14.2,14.21,14.22,900,800,3800,5500,25000,5600,1300,3700,6100,14900,4800,1100,3500,5000,5500,2100,3500,6700,3500,100
117.0,14.09,57700,812264.0,14.09,14.08,14.07,14.06,14.05,14.04,14.03,14.02,14.01,14.0,14.1,14.11,14.12,14.14,14.15,14.18,14.19,14.2,14.21,14.22,900,800,3800,5500,25000,5600,1300,3700,6100,14900,4800,1100,3500,5000,5500,2100,3500,6700,3500,100
118.0,14.09,57700,812264.0,14.09,14.08,14.07,14.06,14.05,14.04,14.03,14.02,14.01,14.0,14.1,14.11,14.12,14.14,14.15,14.18,14.19,14.2,14.21,14.22,1100,800,3800,5500,25000,5600,1300,3700,6100,14900,4800,1100,3500,5000,5500,2100,3500,6700,3500,100
119.0,14.09,58900,829176.0,14.09,14.08,14.07,14.06,14.05,14.04,14.03,14.02,14.01,14.0,14.1,14.11,14.12,14.14,14.15,14.18,14.19,14.2,14.21,14.22,300,800,3800,5500,25000,5600,1300,3700,6100,14900,4400,1100,3500,5000,5500,2100,3500,6700,3500,100
120.0,14.09,58900,829176.0,14.09,14.08,14.07,14.06,14.05,14.04,14.03,14.02,14.01,14.0,14.1,14.11,14.12,14.14,14.15,14.18,14.19,14.2,14.21,14.22,300,800,3800,5500,25000,5600,1300,3700,6100,14900,4400,1100,3500,5000,5500,2100,3500,6700,3500,100
121.0,14.09,58900,829176.0,14.09,14.08,14.07,14.06,14.05,14.04,14.03,14.02,14.01,14.0,14.1,14.11,14.12,14.14,14.15,14.18,14.19,14.2,14.21,14.22,300,800,3800,5500,25000,5600,1300,3700,6100,14900,4400,1100,3500,5000,5500,2100,3500,6700,3500,100
122.0,14.09,58900,829176.0,14.09,14.08,14.07,14.06,14.05,14.04,14.03,14.02,14.01,14.0,14.1,14.11,14.12,14.14,14.15,14.18,14.19,14.2,14.21,14.22,300,1500,3800,5500,25000,5600,1300,3700,6100,14900,4500,1100,3500,5000,5500,2100,3500,6700,3500,100
123.0,14.1,60200,847506.0,14.09,14.08,14.07,14.06,14.05,14.04,14.03,14.02,14.01,14.0,14.1,14.11,14.12,14.14,14.15,14.18,14.19,14.2,14.21,14.22,300,1500,3800,5500,25000,5600,1300,3700,6100,14900,3200,1100,3500,5000,5500,2100,3500,6700,3500,100
124.0,14.1,60200,847506.0,14.09,14.08,14.07,14.06,14.05,14.04,14.03,14.02,14.01,14.0,14.1,14.11,14.12,14.14,14.15,14.18,14.19,14.2,14.21,14.22,300,1500,3600,5500,25000,5600,1300,3700,6100,14900,3200,1100,3500,5000,5500,2100,3500,6700,3500,100
125.0,14.1,60200,847506.0,14.09,14.08,14.07,14.06,14.05,14.04,14.03,14.02,14.01,14.0,14.1,14.11,14.12,14.14,14.15,14.18,14.19,14.2,14.21,14.22,300,1500,3600,5500,25000,5600,1300,3700,6100,14900,3200,1100,3500,5000,5500,2100,3500,6700,3500,100
126.0,14.1,60500,851736.0,14.09,14.08,14.07,14.06,14.05,14.04,14.03,14.02,14.01,14.0,14.1,14.11,14.12,14.14,14.15,14.18,14.19,14.2,14.21,14.22,300,1500,3600,5500,25000,5600,1300,3700,6100,14900,2900,1100,3500,5000,5500,2100,3500,6700,3500,100
127.0,14.08,62100,874267.0,14.08,14.07,14.06,14.05,14.04,14.03,14.02,14.01,14.0,13.99,14.1,14.11,14.12,14.14,14.15,14.18,14.19,14.2,14.21,14.22,200,3600,5500,25000,5600,1300,3700,6100,14900,1100,2900,1100,3500,5000,5500,2100,3500,6700,3500,100
128.0,14.08,62100,874267.0,14.09,14.08,14.07,14.06,14.05,14.04,14.03,14.02,14.01,14.0,14.1,14.11,14.12,14.14,14.15,14.18,14.19,14.2,14.21,14.22,200,300,3600,5500,25000,5600,1300,3700,6100,14900,3000,1100,3500,5000,5500,2100,3500,6700,3500,100
129.0,14.09,62600,881315.0,14.08,14.07,14.06,14.05,14.04,14.03,14.02,14.01,14.0,13.99,14.09,14.1,14.11,14.12,14.14,14.15,14.18,14.19,14.2,14.21,300,3600,5500,25000,5600,1300,3700,6100,14900,1100,800,2700,1100,3500,5000,5500,2100,3500,6700,3500
130.0,14.09,62600,881315.0,14.08,14.07,14.06,14.05,14.04,14.03,14.02,14.01,14.0,13.99,14.09,14.1,14.11,14.12,14.14,14.15,14.18,14.19,14.2,14.21,1000,3600,5500,25000,4600,1300,3700,6100,14900,1100,800,2700,1100,3500,5000,5500,2100,3500,6700,3500
131.0,14.09,62700,882724.0,14.08,14.07,14.06,14.05,14.04,14.03,14.02,14.01,14.0,13.99,14.09,14.1,14.11,14.12,14.14,14.15,14.18,14.19,14.2,14.21,1000,3600,5500,25000,4600,1300,3700,6100,14900,1100,700,2700,1100,3500,5000,5500,2100,3500,6700,3500
132.0,14.09,62900,885542.0,14.08,14.07,14.06,14.05,14.04,14.03,14.02,14.01,14.0,13.99,14.09,14.1,14.11,14.12,14.14,14.15,14.18,14.19,14.2,14.21,1000,3600,5500,25000,4600,1300,3700,6100,14900,1100,500,2700,1100,3500,5000,5500,2100,3500,6700,3500
133.0,14.09,62900,885542.0,14.08,14.07,14.06,14.05,14.04,14.03,14.02,14.01,14.0,13.99,14.09,14.1,14.11,14.12,14.14,14.15,14.18,14.19,14.2,14.21,1000,3600,5500,25000,4600,1300,3700,6100,14900,1100,500,2700,1100,3500,5000,5500,2100,3500,6700,3500
134.0,14.09,63100,888360.0,14.08,14.07,14.06,14.05,14.04,14.03,14.02,14.01,14.0,13.99,14.09,14.1,14.11,14.12,14.14,14.15,14.18,14.19,14.2,14.21,1000,3600,5500,25000,4600,1300,3700,6100,14900,1100,300,2700,1100,3500,5000,5500,2100,3500,6700,3500
135.0,14.09,63300,891178.0,14.08,14.07,14.06,14.05,14.04,14.03,14.02,14.01,14.0,13.99,14.09,14.1,14.11,14.12,14.14,14.15,14.18,14.19,14.2,14.21,1000,3600,5500,25000,4600,1300,3700,6100,14900,1100,100,2700,1100,3500,5000,5500,2100,3500,6700,3500
136.0,14.09,63300,891178.0,14.08,14.07,14.06,14.05,14.04,14.03,14.02,14.01,14.0,13.99,14.09,14.1,14.11,14.12,14.14,14.15,14.18,14.19,14.2,14.21,1000,3600,5500,25000,4600,1300,3700,6100,14900,1100,100,2700,1100,3500,5000,5500,2100,3500,6700,3500
137.0,14.09,63300,891178.0,14.08,14.07,14.06,14.05,14.04,14.03,14.02,14.01,14.0,13.99,14.09,14.1,14.11,14.12,14.14,14.15,14.18,14.19,14.2,14.21,1000,5600,5500,25000,4600,1300,3700,6100,14900,1100,100,2700,1100,3500,5000,5500,2100,3500,6700,3500
138.0,14.09,63300,891178.0,14.08,14.07,14.06,14.05,14.04,14.03,14.02,14.01,14.0,13.99,14.09,14.1,14.11,14.12,14.14,14.15,14.18,14.19,14.2,14.21,2000,5600,5500,25000,4600,1300,3700,6100,14900,1100,100,2700,1100,3500,5000,5500,2100,3500,6700,3500
139.0,14.09,63300,891178.0,14.08,14.07,14.06,14.05,14.04,14.03,14.02,14.01,14.0,13.99,14.09,14.1,14.11,14.12,14.14,14.15,14.18,14.19,14.2,14.21,2000,5600,5500,25000,4600,1300,3700,6100,14900,1100,100,2700,1100,3500,5000,5500,2100,3500,6700,3500
140.0,14.09,63300,891178.0,14.08,14.07,14.06,14.05,14.04,14.03,14.02,14.01,14.0,13.99,14.09,14.1,14.11,14.12,14.14,14.15,14.18,14.19,14.2,14.21,2000,5600,5500,25000,4600,1300,3700,6100,14900,1100,100,2700,1100,3500,5000,5500,2100,3500,6700,3500
141.0,14.09,63300,891178.0,14.08,14.07,14.06,14.05,14.04,14.03,14.02,14.01,14.0,13.99,14.09,14.1,14.11,14.12,14.14,14.15,14.18,14.19,14.2,14.21,2000,5600,5500,25000,4600,1300,3700,6100,14900,1100,100,2700,1100,3500,5000,5500,2100,3500,6700,3500
142.0,14.09,63300,891178.0,14.08,14.07,14.06,14.05,14.04,14.03,14.02,14.01,14.0,13.99,14.09,14.1,14.11,14.12,14.14,14.15,14.18,14.19,14.2,14.21,2400,5600,5500,25000,4600,1300,3700,6100,14900,1100,5100,2700,1100,3500,5000,5500,2100,3500,6700,3500
143.0,14.09,63300,891178.0,14.08,14.07,14.06,14.05,14.04,14.03,14.02,14.01,14.0,13.99,14.09,14.1,14.11,14.12,14.14,14.15,14.18,14.19,14.2,14.21,2400,5600,5500,25000,4600,1300,3700,6100,14900,1100,5300,2700,1100,3500,5000,5500,2100,3500,6700,3500
144.0,14.09,66300,933448.0,14.08,14.07,14.06,14.05,14.04,14.03,14.02,14.01,14.0,13.99,14.09,14.1,14.11,14.12,14.14,14.15,14.18,14.19,14.2,14.21,2400,5600,5500,25000,4600,1300,3700,6100,14900,1100,2400,2700,1100,3500,5000,5500,2100,3500,6700,3500
145.0,14.08,68700,967242.0,14.08,14.07,14.06,14.05,14.04,14.03,14.02,14.01,14.0,13.99,14.09,14.1,14.11,14.12,14.14,14.15,14.18,14.19,14.2,14.21,200,5600,5500,25000,4600,1300,3700,6100,14900,1100,2300,2600,1100,3500,5000,5500,2100,3500,6700,3500
146.0,14.08,69300,975694.0,14.07,14.06,14.05,14.04,14.03,14.02,14.01,14.0,13.99,13.98,14.08,14.09,14.1,14.11,14.12,14.14,14.15,14.18,14.19,14.2,5600,5500,25000,4600,1300,3700,6100,14900,1100,12300,3900,1900,2600,1100,3500,5000,5500,2100,3500,10500
147.0,14.08,69300,975694.0,14.07,14.06,14.05,14.04,14.03,14.02,14.01,14.0,13.99,13.98,14.08,14.09,14.1,14.11,14.12,14.14,14.15,14.18,14.19,14.2,5600,5500,25000,4600,1300,3700,6100,14900,1100,12300,3900,1900,2600,1100,3500,5000,5500,2100,3500,10500
148.0,14.08,69300,975694.0,14.07,14.06,14.05,14.04,14.03,14.02,14.01,14.0,13.99,13.98,14.08,14.09,14.1,14.11,14.12,14.14,14.15,14.18,14.19,14.2,5600,5500,25000,4600,1300,3700,6100,14900,1100,12300,3900,1900,2600,1100,3500,5000,5500,2100,3500,10500
149.0,14.07,70000,985546.0,14.07,14.06,14.05,14.04,14.03,14.02,14.01,14.0,13.99,13.98,14.08,14.09,14.1,14.11,14.12,14.14,14.15,14.18,14.19,14.2,5200,5500,25000,4600,1300,3700,6100,14900,1100,12300,3600,1900,2600,1100,3500,5000,5500,2100,3500,10500
150.0,14.07,70000,985546.0,14.07,14.06,14.05,14.04,14.03,14.02,14.01,14.0,13.99,13.98,14.08,14.09,14.1,14.11,14.12,14.14,14.15,14.18,14.19,14.2,5200,5500,25000,4600,1300,3700,6100,15300,1100,12300,3600,1900,2600,1100,3500,5000,5500,2100,3500,10500
151.0,14.07,70000,985546.0,14.07,14.06,14.05,14.04,14.03,14.02,14.01,14.0,13.99,13.98,14.08,14.09,14.1,14.11,14.12,14.14,14.15,14.18,14.19,14.2,5200,5500,25000,4600,1300,3700,6100,13400,1100,12300,3600,1900,2600,1100,3500,5000,5500,2100,3500,10500
152.0,14.07,70000,985546.0,14.07,14.06,14.05,14.04,14.03,14.02,14.01,14.0,13.99,13.98,14.08,14.09,14.1,14.11,14.12,14.14,14.15,14.18,14.19,14.2,5200,5500,25000,4600,1300,3700,6100,13400,1100,12300,3600,1900,2600,1100,3500,5000,5500,2100,3500,10500
153.0,14.07,70000,985546.0,14.07,14.06,14.05,14.04,14.03,14.02,14.01,14.0,13.99,13.98,14.08,14.09,14.1,14.11,14.12,14.14,14.15,14.18,14.19,14.2,5200,5500,25000,4600,1300,3700,6100,13400,1100,12300,3600,1900,2600,1100,3500,5000,5500,2100,3500,10500
154.0,14.07,70000,985546.0,14.07,14.06,14.05,14.04,14.03,14.02,14.01,14.0,13.99,13.98,14.08,14.09,14.1,14.11,14.12,14.14,14.15,14.18,14.19,14.2,5200,5500,25000,4600,1300,3700,6100,13400,1100,12300,3600,1900,2600,1100,3500,5000,5500,2100,3500,10500
155.0,14.07,70400,991174.0,14.07,14.06,14.05,14.04,14.03,14.02,14.01,14.0,13.99,13.98,14.08,14.09,14.1,14.11,14.12,14.14,14.15,14.18,14.19,14.2,4800,5500,25000,4600,1300,3700,6100,13400,1100,12300,3600,1900,2600,1100,3500,5000,5500,2100,3500,10500
156.0,14.08,70500,992582.0,14.07,14.06,14.05,14.04,14.03,14.02,14.01,14.0,13.99,13.98,14.08,14.09,14.1,14.11,14.12,14.14,14.15,14.18,14.19,14.2,4800,5500,25000,4600,1300,3700,6100,13400,1100,12300,3500,1900,2600,1100,3500,5000,5500,2100,3500,10500
157.0,14.08,70500,992582.0,14.07,14.06,14.05,14.04,14.03,14.02,14.01,14.0,13.99,13.98,14.08,14.09,14.1,14.11,14.12,14.14,14.15,14.18,14.19,14.2,4800,5600,25000,4600,1300,3700,6100,13400,1100,12300,3500,1900,2600,1100,3500,5000,5500,2100,3500,10500
158.0,14.08,71200,1002438.0,14.07,14.06,14.05,14.04,14.03,14.02,14.01,14.0,13.99,13.98,14.08,14.09,14.1,14.11,14.12,14.14,14.15,14.18,14.19,14.2,4800,5600,25000,4600,1300,3700,6100,13400,1100,12300,2800,1900,2600,1100,3500,5000,5500,2100,3500,10500
159.0,14.08,71200,1002438.0,14.07,14.06,14.05,14.04,14.03,14.02,14.01,14.0,13.99,13.98,14.08,14.09,14.1,14.11,14.12,14.14,14.15,14.18,14.19,14.2,5000,5600,25000,4600,1300,3700,6100,13400,1100,12300,2800,1900,2600,1100,3500,5000,5500,2100,3500,10500
160.0,14.08,71200,1002438.0,14.07,14.06,14.05,14.04,14.03,14.02,14.01,14.0,13.99,13.98,14.08,14.09,14.1,14.11,14.12,14.14,14.15,14.18,14.19,14.2,5000,5600,25000,4600,1300,3700,6100,13400,1100,12300,2800,1900,2600,1100,3500,5000,5500,2100,3500,10500
161.0,14.07,71400,1005253.0,14.07,14.06,14.05,14.04,14.03,14.02,14.01,14.0,13.99,13.98,14.08,14.09,14.1,14.11,14.12,14.14,14.15,14.18,14.19,14.2,4900,5600,25000,3600,1300,3700,6100,13400,1100,12300,2700,1900,2600,1100,3500,5000,5500,2100,3500,10500
162.0,14.07,71400,1005253.0,14.07,14.06,14.05,14.04,14.03,14.02,14.01,14.0,13.99,13.98,14.08,14.09,14.1,14.11,14.12,14.14,14.15,14.18,14.19,14.2,4900,5600,25000,3600,1300,3700,6100,13400,1100,12300,2700,1900,2600,1100,3500,5000,5500,2100,3500,10500
163.0,14.07,71400,1005253.0,14.07,14.06,14.05,14.04,14.03,14.02,14.01,14.0,13.99,13.98,14.08,14.09,14.1,14.11,14.12,14.14,14.15,14.18,14.19,14.2,4900,5600,25000,3600,1300,3700,6100,13400,1100,12300,2700,1900,2600,1100,3500,5000,5500,2100,3500,10500
164.0,14.08,71600,1008069.0,14.07,14.06,14.05,14.04,14.03,14.02,14.01,14.0,13.99,13.98,14.08,14.09,14.1,14.11,14.12,14.14,14.15,14.18,14.19,14.2,4900,8600,25000,3600,1300,3700,6100,13400,1100,12300,2500,1900,2600,1100,3500,5000,5500,2100,3500,10500
165.0,14.08,71600,1008069.0,14.07,14.06,14.05,14.04,14.03,14.02,14.01,14.0,13.99,13.98,14.08,14.09,14.1,14.11,14.12,14.14,14.15,14.18,14.19,14.2,4900,8600,25000,3600,1300,3700,6100,13400,1100,12300,2500,1900,2600,1100,3500,5000,5500,2100,3500,10500
166.0,14.08,71800,1010885.0,14.07,14.06,14.05,14.04,14.03,14.02,14.01,14.0,13.99,13.98,14.08,14.09,14.1,14.11,14.12,14.14,14.15,14.18,14.19,14.2,4900,8600,25100,3600,1300,3700,6100,13400,1100,12300,2300,1900,2600,1100,3500,5000,5500,2100,3500,10500
167.0,14.08,71800,1010885.0,14.07,14.06,14.05,14.04,14.03,14.02,14.01,14.0,13.99,13.98,14.08,14.09,14.1,14.11,14.12,14.14,14.15,14.18,14.19,14.2,4900,8600,25100,3600,1300,3700,6100,13400,1100,12300,2300,1900,2600,1100,3500,5000,5500,2100,3500,10500
168.0,14.08,71800,1010885.0,14.07,14.06,14.05,14.04,14.03,14.02,14.01,14.0,13.99,13.98,14.09,14.1,14.11,14.12,14.14,14.15,14.18,14.19,14.2,14.21,4900,8600,25100,3600,1300,3700,6100,13400,1100,12300,1800,2600,1100,3500,5000,5500,2100,3500,10500,3500
169.0,14.09,72200,1016521.0,14.07,14.06,14.05,14.04,14.03,14.02,14.01,14.0,13.99,13.98,14.08,14.09,14.1,14.11,14.12,14.14,14.15,14.18,14.19,14.2,5000,8600,26100,3600,1300,3700,6100,13400,1100,12300,600,1500,2600,1100,3500,5000,5500,2100,3500,10500
170.0,14.09,72200,1016521.0,14.07,14.06,14.05,14.04,14.03,14.02,14.01,14.0,13.99,13.98,14.08,14.09,14.1,14.11,14.12,14.14,14.15,14.18,14.19,14.2,5000,8600,26100,3600,1300,3700,6100,13400,1100,12300,600,1500,2600,1100,3500,5000,5500,2100,3500,10500
171.0,14.09,72200,1016521.0,14.07,14.06,14.05,14.04,14.03,14.02,14.01,14.0,13.99,13.98,14.08,14.09,14.1,14.11,14.12,14.14,14.15,14.18,14.19,14.2,5000,8600,26100,3600,1300,3700,6100,13400,1100,12300,600,1500,2600,1100,3500,5000,5500,2100,3500,10500
172.0,14.08,72300,1017929.0,14.07,14.06,14.05,14.04,14.03,14.02,14.01,14.0,13.99,13.98,14.08,14.09,14.1,14.11,14.12,14.14,14.15,14.18,14.19,14.2,5000,8600,26100,3600,1300,3700,6100,13400,1100,12300,500,1500,2600,1100,3500,5000,5500,2100,3500,10500
173.0,14.08,72300,1017929.0,14.07,14.06,14.05,14.04,14.03,14.02,14.01,14.0,13.99,13.98,14.08,14.09,14.1,14.11,14.12,14.14,14.15,14.18,14.19,14.2,5000,8600,27100,3600,1300,3700,6100,13700,1100,12300,500,1500,2600,1100,3500,5000,5500,2100,3500,10500
174.0,14.08,72300,1017929.0,14.07,14.06,14.05,14.04,14.03,14.02,14.01,14.0,13.99,13.98,14.08,14.09,14.1,14.11,14.12,14.14,14.15,14.18,14.19,14.2,5000,8600,27100,3600,1300,3700,6100,13700,1100,12300,500,1500,2600,1100,3500,5000,5500,2100,3500,10500
175.0,14.08,72300,1017929.0,14.07,14.06,14.05,14.04,14.03,14.02,14.01,14.0,13.99,13.98,14.08,14.09,14.1,14.11,14.12,14.14,14.15,14.18,14.19,14.2,5000,8600,27100,3600,1300,3700,6100,13700,1100,12300,500,1500,2600,1100,3500,5000,5500,2100,3500,10500
176.0,14.08,72300,1017929.0,14.07,14.06,14.05,14.04,14.03,14.02,14.01,14.0,13.99,13.98,14.08,14.09,14.1,14.11,14.12,14.14,14.15,14.18,14.19,14.2,5000,8600,27100,3600,1300,3700,6100,13700,1100,12300,500,1500,2600,1100,3500,5000,5500,2100,3500,10500
177.0,14.08,72300,1017929.0,14.07,14.06,14.05,14.04,14.03,14.02,14.01,14.0,13.99,13.98,14.08,14.09,14.1,14.11,14.12,14.14,14.15,14.18,14.19,14.2,5000,8600,27100,3600,1300,3700,6100,13700,1100,12300,500,1500,2600,1100,3500,5000,5500,2100,3500,10500
178.0,14.08,72300,1017929.0,14.07,14.06,14.05,14.04,14.03,14.02,14.01,14.0,13.99,13.98,14.08,14.09,14.1,14.11,14.12,14.14,14.15,14.18,14.19,14.2,5000,8600,27100,3600,1300,3700,6100,13700,1100,12300,500,1500,2600,1100,3500,5000,5500,2100,3500,10500
179.0,14.08,72300,1017929.0,14.07,14.06,14.05,14.04,14.03,14.02,14.01,14.0,13.99,13.98,14.08,14.09,14.1,14.11,14.12,14.14,14.15,14.18,14.19,14.2,5000,8700,27100,3600,1300,3700,6100,13700,1100,12300,1400,1500,2600,1100,3500,5000,5500,2100,3500,10500
180.0,14.08,72300,1017929.0,14.07,14.06,14.05,14.04,14.03,14.02,14.01,14.0,13.99,13.98,14.08,14.09,14.1,14.11,14.12,14.14,14.15,14.18,14.19,14.2,5000,8700,27600,3600,1300,3700,6100,13700,1100,12300,1400,1500,2600,1100,3500,5000,5500,2100,3500,10500
181.0,14.07,72600,1022152.0,14.07,14.06,14.05,14.04,14.03,14.02,14.01,14.0,13.99,13.98,14.08,14.09,14.1,14.11,14.12,14.14,14.15,14.18,14.19,14.2,4900,8700,27600,3600,1300,3700,6100,13700,1100,12300,1200,1500,2600,1100,3500,5000,5500,2100,3500,10500
182.0,14.08,72700,1023560.0,14.07,14.06,14.05,14.04,14.03,14.02,14.01,14.0,13.99,13.98,14.08,14.09,14.1,14.11,14.12,14.14,14.15,14.18,14.19,14.2,4900,8700,27600,3600,1300,3700,6100,13700,1100,12300,1100,1500,2600,1100,3500,5000,5500,2100,3500,10500
183.0,14.08,72700,1023560.0,14.07,14.06,14.05,14.04,14.03,14.02,14.01,14.0,13.99,13.98,14.08,14.09,14.1,14.11,14.12,14.14,14.15,14.18,14.19,14.2,4900,8700,27600,3600,1300,3700,6100,13700,1100,12300,1100,1500,2600,1100,3500,5000,5500,2100,3500,10500
184.0,14.08,72800,1024968.0,14.07,14.06,14.05,14.04,14.03,14.02,14.01,14.0,13.99,13.98,14.08,14.09,14.1,14.11,14.12,14.14,14.15,14.18,14.19,14.2,4900,8700,27600,3600,1300,3700,6100,13700,1100,12300,1000,1500,2600,1100,3500,5000,5500,2100,3500,10500
185.0,14.08,73100,1029192.0,14.07,14.06,14.05,14.04,14.03,14.02,14.01,14.0,13.99,13.98,14.08,14.09,14.1,14.11,14.12,14.14,14.15,14.18,14.19,14.2,4900,8700,27600,3600,1300,3700,6100,13700,1100,12300,700,1500,2600,1100,3500,5000,5500,2100,3500,10500
186.0,14.08,73100,1029192.0,14.07,14.06,14.05,14.04,14.03,14.02,14.01,14.0,13.99,13.98,14.08,14.09,14.1,14.11,14.12,14.14,14.15,14.18,14.19,14.2,4900,8700,27600,3600,1300,3700,6100,13700,1100,12300,700,1500,2600,1100,3500,5000,5500,2100,3500,10500
187.0,14.08,73100,1029192.0,14.07,14.06,14.05,14.04,14.03,14.02,14.01,14.0,13.99,13.98,14.08,14.09,14.1,14.11,14.12,14.14,14.15,14.18,14.19,14.2,4900,8700,27600,3600,1300,3700,6100,13700,1100,12300,700,1500,2600,1100,3500,5000,5500,2100,3500,10500
188.0,14.08,73500,1034824.0,14.07,14.06,14.05,14.04,14.03,14.02,14.01,14.0,13.99,13.98,14.08,14.09,14.1,14.11,14.12,14.14,14.15,14.18,14.19,14.2,5000,8700,27600,3600,1300,3700,6100,13700,1100,12300,300,1500,2600,1100,3500,5000,5500,2100,3500,10500
189.0,14.08,73700,1037640.0,14.07,14.06,14.05,14.04,14.03,14.02,14.01,14.0,13.99,13.98,14.08,14.09,14.1,14.11,14.12,14.14,14.15,14.18,14.19,14.2,5000,8700,27600,3600,1300,3700,6100,13700,1100,12300,100,1500,2600,1100,3500,5000,5500,2100,3500,10500
190.0,14.08,73700,1037640.0,14.07,14.06,14.05,14.04,14.03,14.02,14.01,14.0,13.99,13.98,14.08,14.09,14.1,14.11,14.12,14.14,14.15,14.18,14.19,14.2,5000,8700,27600,3600,1300,3700,6100,13700,1100,12300,100,1500,2600,1100,3500,5000,5500,2100,3500,10500
191.0,14.08,73700,1037640.0,14.07,14.06,14.05,14.04,14.03,14.02,14.01,14.0,13.99,13.98,14.08,14.09,14.1,14.11,14.12,14.14,14.15,14.18,14.19,14.2,5000,8700,27600,3600,1300,3700,6100,13700,1100,12300,100,1500,2600,1100,3500,5000,5500,2100,3500,10500
192.0,14.08,73800,1039048.0,14.08,14.07,14.06,14.05,14.04,14.03,14.02,14.01,14.0,13.99,14.09,14.1,14.11,14.12,14.14,14.15,14.18,14.19,14.2,14.21,800,5000,8700,27600,3600,1300,3700,6100,13700,1100,1500,2600,1100,3500,5000,5500,2100,3500,10500,3500
193.0,14.09,74100,1043275.0,14.08,14.07,14.06,14.05,14.04,14.03,14.02,14.01,14.0,13.99,14.09,14.1,14.11,14.12,14.14,14.15,14.18,14.19,14.2,14.21,800,5000,8700,27600,3600,1300,3700,6100,13700,1100,1200,2600,1100,3500,5000,5500,2100,3500,10500,3500
194.0,14.08,74200,1044683.0,14.08,14.07,14.06,14.05,14.04,14.03,14.02,14.01,14.0,13.99,14.09,14.1,14.11,14.12,14.14,14.15,14.18,14.19,14.2,14.21,700,5000,8700,26600,3600,1300,3700,6100,13700,1100,1100,2600,1100,3500,5000,5500,2100,3500,10500,3500
195.0,14.09,74500,1048910.0,14.08,14.07,14.06,14.05,14.04,14.03,14.02,14.01,14.0,13.99,14.09,14.1,14.11,14.12,14.14,14.15,14.18,14.19,14.2,14.21,400,5000,8700,26600,3600,1300,3700,6100,13700,1100,800,2600,1100,3500,5000,5500,2100,3500,10500,3500
196.0,14.09,74500,1048910.0,14.08,14.07,14.06,14.05,14.04,14.03,14.02,14.01,14.0,13.99,14.09,14.1,14.11,14.12,14.14,14.15,14.18,14.19,14.2,14.21,400,5000,8700,26600,3600,1300,3700,6100,13700,1100,800,2600,1100,3500,5000,5500,2100,3500,10500,3500
197.0,14.09,74500,1048910.0,14.08,14.07,14.06,14.05,14.04,14.03,14.02,14.01,14.0,13.99,14.09,14.1,14.11,14.12,14.14,14.15,14.18,14.19,14.2,14.21,500,4900,8700,26600,3600,1300,3700,6100,13700,1100,800,2600,1100,3500,5000,5500,2100,3500,10500,3500
198.0,14.08,75000,1055950.0,14.07,14.06,14.05,14.04,14.03,14.02,14.01,14.0,13.99,13.98,14.08,14.09,14.1,14.11,14.12,14.14,14.15,14.18,14.19,14.2,4900,8700,26600,3600,1300,3700,6100,14100,1100,12300,500,800,2600,1100,3500,5000,5500,2100,3500,10500
199.0,14.09,76100,1071444.0,14.07,14.06,14.05,14.04,14.03,14.02,14.01,14.0,13.99,13.98,14.09,14.1,14.11,14.12,14.14,14.15,14.18,14.19,14.2,14.21,4900,8700,26600,3600,1300,3700,6100,14100,1100,12300,200,2600,1100,3500,5000,5500,2100,3500,10500,3500
200.0,14.09,76500,1077080.0,14.09,14.07,14.06,14.05,14.04,14.03,14.02,14.01,14.0,13.99,14.1,14.11,14.12,14.14,14.15,14.18,14.19,14.2,14.21,14.22,300,5100,8700,26600,3600,1300,3700,6100,14100,1100,2600,1100,3500,5000,5500,2100,3500,10500,3500,100
201.0,14.09,76500,1077080.0,14.09,14.07,14.06,14.05,14.04,14.03,14.02,14.01,14.0,13.99,14.1,14.11,14.12,14.14,14.15,14.18,14.19,14.2,14.21,14.22,300,5100,8700,26600,3600,1300,3700,6100,14100,1100,2600,1100,3500,5000,5500,2100,3500,10500,3500,100
202.0,14.07,80300,1130558.0,14.07,14.06,14.05,14.04,14.03,14.02,14.01,14.0,13.99,13.98,14.1,14.11,14.12,14.14,14.15,14.18,14.19,14.2,14.21,14.22,1800,8700,26600,3600,1300,3700,6100,14100,1100,12300,2400,1100,3500,5000,5500,2100,3500,10500,3500,100
203.0,14.07,80300,1130558.0,14.07,14.06,14.05,14.04,14.03,14.02,14.01,14.0,13.99,13.98,14.1,14.11,14.12,14.14,14.15,14.18,14.19,14.2,14.21,14.22,1800,8700,26600,3600,2300,3700,6100,14100,1100,12300,2400,1100,3500,5000,5500,2100,3500,10500,3500,100
204.0,14.1,80700,1136198.0,14.07,14.06,14.05,14.04,14.03,14.02,14.01,14.0,13.99,13.98,14.1,14.11,14.12,14.14,14.15,14.18,14.19,14.2,14.21,14.22,2000,8700,26600,3600,2300,3700,6100,14100,1100,12300,2200,1100,3500,5000,5500,2100,3500,10500,3500,100
205.0,14.1,80900,1139018.0,14.07,14.06,14.05,14.04,14.03,14.02,14.01,14.0,13.99,13.98,14.1,14.11,14.12,14.14,14.15,14.18,14.19,14.2,14.21,14.22,2100,8700,26600,3600,2300,3700,6100,14100,1100,12300,2100,1100,3500,5000,5500,2100,3500,10500,3500,100
206.0,14.07,83400,1174199.0,14.06,14.05,14.04,14.03,14.02,14.01,14.0,13.99,13.98,13.97,14.08,14.1,14.11,14.12,14.14,14.15,14.18,14.19,14.2,14.21,8700,26600,3600,2300,3700,6100,15100,1100,12300,200,8400,2100,1100,3500,5000,5500,2100,3500,10500,3500
207.0,14.07,83400,1174199.0,14.06,14.05,14.04,14.03,14.02,14.01,14.0,13.99,13.98,13.97,14.08,14.1,14.11,14.12,14.14,14.15,14.18,14.19,14.2,14.21,8700,26600,3600,2300,3700,6100,15100,1100,12300,200,8400,2100,1100,3500,5000,5500,2100,3500,10500,3500
208.0,14.08,84100,1184055.0,14.06,14.05,14.04,14.03,14.02,14.01,14.0,13.99,13.98,13.97,14.08,14.1,14.11,14.12,14.14,14.15,14.18,14.19,14.2,14.21,9100,26600,3600,2300,3700,6100,15100,1100,12300,200,8100,2100,1100,3500,5000,5500,2100,3500,10500,3500
209.0,14.06,84900,1195303.0,14.06,14.05,14.04,14.03,14.02,14.01,14.0,13.99,13.98,13.97,14.08,14.1,14.11,14.12,14.14,14.15,14.18,14.19,14.2,14.21,8300,26600,3600,2300,3700,6100,15100,1100,12300,200,8300,2100,1100,3500,5000,5500,2100,3500,10500,3500
210.0,14.08,85900,1209383.0,14.06,14.05,14.04,14.03,14.02,14.01,14.0,13.99,13.98,13.97,14.08,14.1,14.11,14.12,14.14,14.15,14.18,14.19,14.2,14.21,8300,26600,3600,2300,3700,6100,15900,1100,12300,200,7300,2100,1100,3500,5000,5500,2100,3500,10500,3500
211.0,14.08,85900,1209383.0,14.06,14.05,14.04,14.03,14.02,14.01,14.0,13.99,13.98,13.97,14.08,14.1,14.11,14.12,14.14,14.15,14.18,14.19,14.2,14.21,8600,26600,3600,2300,3700,6100,15900,1100,12300,200,7600,2100,1100,3500,5000,5500,2100,3500,10500,3500
212.0,14.08,86600,1219239.0,14.06,14.05,14.04,14.03,14.02,14.01,14.0,13.99,13.98,13.97,14.08,14.1,14.11,14.12,14.14,14.15,14.18,14.19,14.2,14.21,8700,26600,3600,2300,3700,6100,15900,1100,12300,200,7000,2100,1100,3500,5000,5500,2100,3500,10500,3500
213.0,14.08,87500,1231911.0,14.06,14.05,14.04,14.03,14.02,14.01,14.0,13.99,13.98,13.97,14.08,14.1,14.11,14.12,14.14,14.15,14.18,14.19,14.2,14.21,9800,26600,3600,2300,3700,6100,15900,1100,12300,200,6200,2100,1100,3500,5000,5500,2100,3500,10500,3500
214.0,14.08,87500,1231911.0,14.06,14.05,14.04,14.03,14.02,14.01,14.0,13.99,13.98,13.97,14.08,14.1,14.11,14.12,14.14,14.15,14.18,14.19,14.2,14.21,9900,26600,3600,2300,3700,6100,16100,1100,12300,200,6300,2100,1100,3500,5000,5500,2100,3500,10500,3500
215.0,14.08,88100,1240359.0,14.06,14.05,14.04,14.03,14.02,14.01,14.0,13.99,13.98,13.97,14.08,14.1,14.11,14.12,14.14,14.15,14.18,14.19,14.2,14.21,9900,26600,3600,2300,3700,6100,16100,1100,12300,200,5700,2100,1100,3500,5000,4600,2100,3500,10500,3500
216.0,14.08,89300,1257255.0,14.06,14.05,14.04,14.03,14.02,14.01,14.0,13.99,13.98,13.97,14.08,14.1,14.11,14.12,14.14,14.15,14.18,14.19,14.2,14.21,10000,26600,3600,2300,3700,6100,16100,1100,12300,200,4600,2100,1100,3500,5000,4600,2100,3500,10500,3500
217.0,14.08,89300,1257255.0,14.06,14.05,14.04,14.03,14.02,14.01,14.0,13.99,13.98,13.97,14.08,14.1,14.11,14.12,14.14,14.15,14.18,14.19,14.2,14.21,10100,26600,3600,2300,3700,6100,16100,1100,12300,200,4700,2100,1100,3500,5000,4600,2100,3500,10500,3500
218.0,14.08,91800,1292455.0,14.06,14.05,14.04,14.03,14.02,14.01,14.0,13.99,13.98,13.97,14.08,14.1,14.11,14.12,14.14,14.15,14.18,14.19,14.2,14.21,10200,26600,3600,2300,3700,6100,16100,1100,12300,200,2300,2100,1100,3500,5000,4600,2100,3500,10500,3500
219.0,14.08,91800,1292455.0,14.07,14.06,14.05,14.04,14.03,14.02,14.01,14.0,13.99,13.98,14.08,14.1,14.11,14.12,14.14,14.15,14.18,14.19,14.2,14.21,600,10200,26600,3600,2300,3700,6100,16100,1100,12300,2400,2100,1100,3500,5000,4600,2100,3500,10500,3500
220.0,14.08,92000,1295271.0,14.07,14.06,14.05,14.04,14.03,14.02,14.01,14.0,13.99,13.98,14.08,14.1,14.11,14.12,14.14,14.15,14.18,14.19,14.2,14.21,600,10200,26600,3600,2300,3700,6100,16100,1100,12300,2200,2100,1100,3500,5000,4600,2100,3500,10500,3500
221.0,14.08,92000,1295271.0,14.07,14.06,14.05,14.04,14.03,14.02,14.01,14.0,13.99,13.98,14.08,14.1,14.11,14.12,14.14,14.15,14.18,14.19,14.2,14.21,600,13200,26600,3600,2300,3700,6100,16100,1100,12300,2200,2100,1100,3500,5000,4600,2100,3500,10500,3500
222.0,14.08,92200,1298087.0,14.07,14.06,14.05,14.04,14.03,14.02,14.01,14.0,13.99,13.98,14.08,14.1,14.11,14.12,14.14,14.15,14.18,14.19,14.2,14.21,600,13200,26600,3600,2300,3700,6100,16100,1100,12300,2000,2100,1100,3500,5000,4600,2100,3500,10500,3500
223.0,14.08,92200,1298087.0,14.07,14.06,14.05,14.04,14.03,14.02,14.01,14.0,13.99,13.98,14.08,14.1,14.11,14.12,14.14,14.15,14.18,14.19,14.2,14.21,600,13200,26600,3600,2300,3700,6400,16100,1100,12300,2000,2100,1100,3500,5000,4600,2100,3500,10500,3500
224.0,14.08,92200,1298087.0,14.07,14.06,14.05,14.04,14.03,14.02,14.01,14.0,13.99,13.98,14.08,14.1,14.11,14.12,14.14,14.15,14.18,14.19,14.2,14.21,600,13200,26600,3600,2300,3700,6400,16100,1100,12300,2000,2100,1100,3500,5000,4600,2100,3500,10500,3500
225.0,14.08,92300,1299495.0,14.07,14.06,14.05,14.04,14.03,14.02,14.01,14.0,13.99,13.98,14.08,14.1,14.11,14.12,14.14,14.15,14.18,14.19,14.2,14.21,600,13200,26600,3600,2300,3700,6400,16100,1100,12300,1900,2100,1100,3500,5000,4600,2100,3500,10500,3500
226.0,14.08,92300,1299495.0,14.07,14.06,14.05,14.04,14.03,14.02,14.01,14.0,13.99,13.98,14.08,14.1,14.11,14.12,14.14,14.15,14.18,14.19,14.2,14.21,1600,13200,26600,3600,2300,3700,6400,16100,1100,12300,1900,2100,1100,3500,5000,4600,2100,3500,10500,3500
227.0,14.08,92400,1300903.0,14.07,14.06,14.05,14.04,14.03,14.02,14.01,14.0,13.99,13.98,14.08,14.1,14.11,14.12,14.14,14.15,14.18,14.19,14.2,14.21,1600,13200,26600,3600,2300,3700,6400,16100,1100,12300,1800,2100,1100,3500,5000,4600,2100,3500,10500,3500
228.0,14.07,92800,1306534.0,14.07,14.06,14.05,14.04,14.03,14.02,14.01,14.0,13.99,13.98,14.08,14.1,14.11,14.12,14.14,14.15,14.18,14.19,14.2,14.21,1500,13200,26600,3600,2300,3700,6400,16100,1100,12300,1500,2100,1100,3500,5000,4600,2100,3500,10500,3500
229.0,14.07,92800,1306534.0,14.07,14.06,14.05,14.04,14.03,14.02,14.01,14.0,13.99,13.98,14.08,14.1,14.11,14.12,14.14,14.15,14.18,14.19,14.2,14.21,1500,13200,26600,3600,2300,3700,6400,16100,1100,12300,1500,2100,1100,3500,5000,4600,2100,3500,10500,3500
230.0,14.07,92800,1306534.0,14.07,14.06,14.05,14.04,14.03,14.02,14.01,14.0,13.99,13.98,14.08,14.1,14.11,14.12,14.14,14.15,14.18,14.19,14.2,14.21,1500,13200,26600,3600,2300,3700,6400,16100,1100,12300,1500,2100,1100,3500,5000,4600,2100,3500,10500,3500
231.0,14.07,93100,1310755.0,14.07,14.06,14.05,14.04,14.03,14.02,14.01,14.0,13.99,13.98,14.08,14.1,14.11,14.12,14.14,14.15,14.18,14.19,14.2,14.21,1200,13200,26600,3600,2300,3700,6400,14400,1100,12300,1500,2100,1100,3500,5000,4600,2100,3500,10500,3500
232.0,14.07,93200,1312162.0,14.07,14.06,14.05,14.04,14.03,14.02,14.01,14.0,13.99,13.98,14.08,14.1,14.11,14.12,14.14,14.15,14.18,14.19,14.2,14.21,1100,13200,26600,3600,2300,3700,6400,14400,1100,12300,1500,2100,1100,3500,5000,4600,2100,5500,10500,3500
233.0,14.08,93400,1314978.0,14.07,14.06,14.05,14.04,14.03,14.02,14.01,14.0,13.99,13.98,14.08,14.1,14.11,14.12,14.14,14.15,14.18,14.19,14.2,14.21,1100,13200,26600,3600,2300,3700,6400,14400,1100,12300,1300,2100,1100,3500,5000,4600,2100,5500,10500,3500
234.0,14.08,93400,1314978.0,14.07,14.06,14.05,14.04,14.03,14.02,14.01,14.0,13.99,13.98,14.08,14.1,14.11,14.12,14.14,14.15,14.18,14.19,14.2,14.21,1100,13300,26600,3600,2300,3700,6400,14400,1100,12300,1300,2100,1100,3500,5000,4600,2100,5500,10500,3500
235.0,14.07,93600,1317793.0,14.07,14.06,14.05,14.04,14.03,14.02,14.01,14.0,13.99,13.98,14.08,14.1,14.11,14.12,14.14,14.15,14.18,14.19,14.2,14.21,1000,13300,26600,3600,2300,3700,6400,14400,1100,12300,1200,2100,1100,3500,5000,4600,2100,5500,10500,3500
236.0,14.07,93600,1317793.0,14.07,14.06,14.05,14.04,14.03,14.02,14.01,14.0,13.99,13.98,14.08,14.1,14.11,14.12,14.14,14.15,14.18,14.19,14.2,14.21,1000,13300,26600,3600,2300,3700,6400,14400,1100,12300,1200,2100,1100,3500,5000,4600,2100,5500,10500,3500
237.0,14.08,93800,1320609.0,14.07,14.06,14.05,14.04,14.03,14.02,14.01,14.0,13.99,13.98,14.08,14.1,14.11,14.12,14.14,14.15,14.18,14.19,14.2,14.21,1100,13300,26600,3600,2300,3700,6400,14400,1100,12300,1000,2100,1100,3500,5000,4600,2100,5500,10500,3500
238.0,14.07,94200,1326237.0,14.07,14.06,14.05,14.04,14.03,14.02,14.01,14.0,13.99,13.98,14.08,14.1,14.11,14.12,14.14,14.15,14.18,14.19,14.2,14.21,700,13300,26600,3600,2300,3700,6400,14400,1100,12300,1000,2100,1100,3500,5000,4600,2100,5500,10500,3500
239.0,14.08,94400,1329053.0,14.07,14.06,14.05,14.04,14.03,14.02,14.01,14.0,13.99,13.98,14.08,14.1,14.11,14.12,14.14,14.15,14.18,14.19,14.2,14.21,1300,13300,26600,3600,2300,3700,6400,14400,1100,12300,800,2100,1100,3500,5000,4600,2100,5500,10500,3500
240.0,14.08,94600,1331869.0,14.07,14.06,14.05,14.04,14.03,14.02,14.01,14.0,13.99,13.98,14.08,14.1,14.11,14.12,14.14,14.15,14.18,14.19,14.2,14.21,1300,13300,26600,3600,2300,3700,6400,14400,1100,12300,600,2100,1100,3500,5000,4600,2100,5500,10500,3500
241.0,14.08,94600,1331869.0,14.07,14.06,14.05,14.04,14.03,14.02,14.01,14.0,13.99,13.98,14.08,14.1,14.11,14.12,14.14,14.15,14.18,14.19,14.2,14.21,1300,13300,26600,3600,2300,3700,6400,14400,1100,12300,600,2100,1100,3500,5000,4600,2100,5500,10500,3500
242.0,14.07,94700,1333276.0,14.07,14.06,14.05,14.04,14.03,14.02,14.01,14.0,13.99,13.98,14.08,14.1,14.11,14.12,14.14,14.15,14.18,14.19,14.2,14.21,1200,13300,26600,3600,2300,3700,6400,14400,1100,12300,600,2100,1100,3500,5000,4600,2100,5500,10500,3500
243.0,14.07,94700,1333276.0,14.07,14.06,14.05,14.04,14.03,14.02,14.01,14.0,13.99,13.98,14.08,14.1,14.11,14.12,14.14,14.15,14.18,14.19,14.2,14.21,1200,13300,26600,3600,2300,3700,6400,14400,1100,12300,600,3000,1100,3500,5000,4600,2100,5500,10500,3500
244.0,14.08,94800,1334684.0,14.07,14.06,14.05,14.04,14.03,14.02,14.01,14.0,13.99,13.98,14.08,14.1,14.11,14.12,14.14,14.15,14.18,14.19,14.2,14.21,1200,13300,26600,3600,2300,3700,6400,14400,1100,12300,500,3000,1100,3500,5000,4600,2100,5500,10500,3500
245.0,14.07,96900,1364250.0,14.07,14.06,14.05,14.04,14.03,14.02,14.01,14.0,13.99,13.98,14.1,14.11,14.12,14.14,14.15,14.18,14.19,14.2,14.21,14.22,1300,13300,26600,3600,2300,3700,6400,14400,1100,12300,3000,1100,3500,5000,4600,2100,5500,10500,3500,100
246.0,14.07,96900,1364250.0,14.07,14.06,14.05,14.04,14.03,14.02,14.01,14.0,13.99,13.98,14.1,14.11,14.12,14.14,14.15,14.18,14.19,14.2,14.21,14.22,1400,13300,26600,3600,2300,3700,6400,14500,1100,12300,3100,1100,3500,5000,4600,2100,5500,10500,3500,100
247.0,14.07,96900,1364250.0,14.08,14.07,14.06,14.05,14.04,14.03,14.02,14.01,14.0,13.99,14.1,14.11,14.12,14.14,14.15,14.18,14.19,14.2,14.21,14.22,300,1700,13300,26600,3600,2300,3700,6400,14500,1100,3400,1100,3500,5000,4600,2100,5500,10500,3500,100
248.0,14.07,96900,1364250.0,14.08,14.07,14.06,14.05,14.04,14.03,14.02,14.01,14.0,13.99,14.1,14.11,14.12,14.14,14.15,14.18,14.19,14.2,14.21,14.22,400,1700,13300,26600,3600,2300,3700,6400,14500,1200,3500,1100,3500,5000,4600,2100,5500,10500,3500,100
249.0,14.1,97500,1372710.0,14.08,14.07,14.06,14.05,14.04,14.03,14.02,14.01,14.0,13.99,14.1,14.11,14.12,14.14,14.15,14.18,14.19,14.2,14.21,14.22,600,1700,13300,26600,3600,2300,3700,6400,14500,1200,3000,1100,3500,5000,4600,2100,5500,10500,3500,100
250.0,14.1,97500,1372710.0,14.08,14.07,14.06,14.05,14.04,14.03,14.02,14.01,14.0,13.99,14.1,14.11,14.12,14.14,14.15,14.18,14.19,14.2,14.21,14.22,800,1700,13300,26600,3600,2300,3700,6400,14500,1200,3000,1100,3500,5000,4600,2100,5500,10500,3500,100
251.0,14.1,98100,1381170.0,14.08,14.07,14.06,14.05,14.04,14.03,14.02,14.01,14.0,13.99,14.1,14.11,14.12,14.14,14.15,14.18,14.19,14.2,14.21,14.22,900,1700,13300,26600,3600,2300,3700,6400,14500,1200,2500,1100,3500,5000,4600,2100,5500,10500,3500,100
252.0,14.1,98300,1383990.0,14.08,14.07,14.06,14.05,14.04,14.03,14.02,14.01,14.0,13.99,14.1,14.11,14.12,14.14,14.15,14.18,14.19,14.2,14.21,14.22,1000,1700,13300,26600,3600,2300,3700,6400,14500,1200,2400,1100,3500,5000,4600,2100,5500,10500,3500,100
253.0,14.1,98300,1383990.0,14.08,14.07,14.06,14.05,14.04,14.03,14.02,14.01,14.0,13.99,14.1,14.11,14.12,14.14,14.15,14.18,14.19,14.2,14.21,14.22,1300,1700,13300,26600,3600,2300,3700,6400,14500,1200,2500,1100,3500,5000,4600,2100,5500,10500,3500,100
254.0,14.1,98300,1383990.0,14.08,14.07,14.06,14.05,14.04,14.03,14.02,14.01,14.0,13.99,14.1,14.11,14.12,14.14,14.15,14.18,14.19,14.2,14.21,14.22,1400,1700,13300,26600,3600,2300,3700,6400,14500,1200,2600,1100,3000,5000,4600,2100,5500,10500,3500,100
255.0,14.08,98600,1388214.0,14.08,14.07,14.06,14.05,14.04,14.03,14.02,14.01,14.0,13.99,14.1,14.11,14.12,14.14,14.15,14.18,14.19,14.2,14.21,14.22,1100,1700,13300,26600,3600,2300,3700,6400,14500,1200,2600,1100,3000,5000,4600,2100,5500,10500,3500,100
256.0,14.08,98600,1388214.0,14.08,14.07,14.06,14.05,14.04,14.03,14.02,14.01,14.0,13.99,14.1,14.11,14.12,14.14,14.15,14.18,14.19,14.2,14.21,14.22,1200,1700,13300,26600,3600,2300,3700,6400,14700,1200,2700,1100,3000,5000,4600,2100,5500,10500,3500,100
257.0,14.1,98800,1391034.0,14.08,14.07,14.06,14.05,14.04,14.03,14.02,14.01,14.0,13.99,14.1,14.11,14.12,14.14,14.15,14.18,14.19,14.2,14.21,14.22,1200,1700,13300,26600,3600,2300,1700,6400,14700,1200,2500,1100,3000,5000,4600,2100,5500,10500,3500,100
258.0,14.08,98900,1392442.0,14.08,14.07,14.06,14.05,14.04,14.03,14.02,14.01,14.0,13.99,14.1,14.11,14.12,14.14,14.15,14.18,14.19,14.2,14.21,14.22,1200,1700,13300,26600,3600,2300,1700,6400,14700,1200,2500,1100,3000,5000,4600,2100,5500,10500,3500,100
259.0,14.08,98900,1392442.0,14.08,14.07,14.06,14.05,14.04,14.03,14.02,14.01,14.0,13.99,14.1,14.11,14.12,14.14,14.15,14.18,14.19,14.2,14.21,14.22,1300,1700,13300,26600,3600,2300,1700,6400,14700,1200,2600,1100,3000,5000,4600,2100,5500,10500,3500,100
260.0,14.08,98900,1392442.0,14.08,14.07,14.06,14.05,14.04,14.03,14.02,14.01,14.0,13.99,14.1,14.11,14.12,14.14,14.15,14.18,14.19,14.2,14.21,14.22,1300,1700,13300,26600,3600,2300,1700,6400,14700,1200,2600,1100,3000,5000,4600,2100,5500,10500,3500,100
261.0,14.08,98900,1392442.0,14.08,14.07,14.06,14.05,14.04,14.03,14.02,14.01,14.0,13.99,14.1,14.11,14.12,14.14,14.15,14.18,14.19,14.2,14.21,14.22,1300,1700,13300,26600,3600,2300,1700,6400,14700,1200,2600,1100,3000,5000,4600,2100,5500,10500,3500,100
262.0,14.1,99100,1395262.0,14.08,14.07,14.06,14.05,14.04,14.03,14.02,14.01,14.0,13.99,14.1,14.11,14.12,14.14,14.15,14.18,14.19,14.2,14.21,14.22,1400,1700,13300,26600,3600,2300,1700,6400,14700,1200,2500,1100,3000,5000,4600,2100,5500,10500,3500,100
263.0,14.1,99600,1402312.0,14.08,14.07,14.06,14.05,14.04,14.03,14.02,14.01,14.0,13.99,14.1,14.11,14.12,14.14,14.15,14.18,14.19,14.2,14.21,14.22,1400,1700,13300,26600,3600,2300,1700,6400,15100,1200,2000,1100,3000,5000,4600,2100,5500,10500,3500,100
264.0,14.1,99800,1405132.0,14.08,14.07,14.06,14.05,14.04,14.03,14.02,14.01,14.0,13.99,14.1,14.11,14.12,14.14,14.15,14.18,14.19,14.2,14.21,14.22,1500,1700,13300,26600,3600,2300,1700,6400,15100,1200,1900,1100,3000,5000,4600,2100,5500,10500,3500,100
265.0,14.1,99900,1406542.0,14.08,14.07,14.06,14.05,14.04,14.03,14.02,14.01,14.0,13.99,14.1,14.11,14.12,14.14,14.15,14.18,14.19,14.2,14.21,14.22,1500,1700,13300,26600,3600,2300,1700,6400,15100,1200,1800,1100,3000,5000,4600,2100,5500,10500,3500,100
266.0,14.1,99900,1406542.0,14.08,14.07,14.06,14.05,14.04,14.03,14.02,14.01,14.0,13.99,14.1,14.11,14.12,14.14,14.15,14.18,14.19,14.2,14.21,14.22,1500,1700,13300,26600,3600,2300,1700,6400,15100,1200,1800,1100,3000,5000,4600,2100,5500,10500,3500,100
267.0,14.07,102200,1438919.0,14.07,14.06,14.05,14.04,14.03,14.02,14.01,14.0,13.99,13.98,14.1,14.11,14.12,14.14,14.15,14.18,14.19,14.2,14.21,14.22,1000,13300,26600,3600,2300,1700,6400,15100,1200,12300,1900,1100,3000,5000,4600,2100,5500,10500,3500,100
268.0,14.1,102300,1440329.0,14.07,14.06,14.05,14.04,14.03,14.02,14.01,14.0,13.99,13.98,14.08,14.1,14.11,14.12,14.14,14.15,14.18,14.19,14.2,14.21,1500,13300,26600,3600,2300,1700,6400,15100,1200,12300,100,2300,1100,3000,5000,4600,2100,5500,10500,3500
269.0,14.07,102400,1441736.0,14.07,14.06,14.05,14.04,14.03,14.02,14.01,14.0,13.99,13.98,14.08,14.1,14.11,14.12,14.14,14.15,14.18,14.19,14.2,14.21,1400,13300,26600,3600,2300,1700,6400,15100,1200,12300,100,2300,1100,3000,5000,4600,2100,5500,10500,3500
270.0,14.07,102400,1441736.0,14.07,14.06,14.05,14.04,14.03,14.02,14.01,14.0,13.99,13.98,14.08,14.1,14.11,14.12,14.14,14.15,14.18,14.19,14.2,14.21,1400,13300,26600,3600,2300,1700,6400,15100,1200,12300,100,2300,1100,3000,5000,4600,2100,5500,10500,3500
271.0,14.08,102500,1443144.0,14.07,14.06,14.05,14.04,14.03,14.02,14.01,14.0,13.99,13.98,14.1,14.11,14.12,14.14,14.15,14.18,14.19,14.2,14.21,14.22,1400,13300,26600,3600,2300,1700,6400,15100,1200,12300,2300,1100,3000,5000,4600,2100,5500,10500,3500,100
272.0,14.08,102500,1443144.0,14.07,14.06,14.05,14.04,14.03,14.02,14.01,14.0,13.99,13.98,14.1,14.11,14.12,14.14,14.15,14.18,14.19,14.2,14.21,14.22,2000,13300,26600,3600,2300,1700,6400,15100,1200,12300,2600,1100,3000,5000,4600,2100,5500,10500,3500,100
273.0,14.08,102500,1443144.0,14.07,14.06,14.05,14.04,14.03,14.02,14.01,14.0,13.99,13.98,14.1,14.11,14.12,14.14,14.15,14.18,14.19,14.2,14.21,14.22,2100,13300,26600,3600,2300,1700,6400,15100,1200,12300,2700,1100,3000,5000,4600,2100,5500,10500,3500,100
274.0,14.1,102700,1445964.0,14.07,14.06,14.05,14.04,14.03,14.02,14.01,14.0,13.99,13.98,14.1,14.11,14.12,14.14,14.15,14.18,14.19,14.2,14.21,14.22,2300,13300,26600,3600,2300,1700,6400,15100,1200,12300,2700,1100,3000,5000,4600,2100,5500,10500,3500,100
275.0,14.1,103200,1453014.0,14.07,14.06,14.05,14.04,14.03,14.02,14.01,14.0,13.99,13.98,14.1,14.11,14.12,14.14,14.15,14.18,14.19,14.2,14.21,14.22,3200,13300,26600,3600,2300,1700,6400,15100,1200,12300,2300,1100,3000,5000,4600,2100,5500,10500,3500,100
276.0,14.1,103200,1453014.0,14.07,14.06,14.05,14.04,14.03,14.02,14.01,14.0,13.99,13.98,14.1,14.11,14.12,14.14,14.15,14.18,14.19,14.2,14.21,14.22,3300,13300,26600,3600,2300,1700,6400,15100,1200,12300,2600,1100,3000,5000,4600,2100,5500,10500,3500,100
277.0,14.07,103700,1460055.0,14.07,14.06,14.05,14.04,14.03,14.02,14.01,14.0,13.99,13.98,14.1,14.11,14.12,14.14,14.15,14.18,14.19,14.2,14.21,14.22,3300,13300,26600,3600,2300,1700,6400,15100,1200,12300,2500,1100,3000,5000,4600,2100,5500,10500,3500,100
278.0,14.1,103900,1462875.0,14.07,14.06,14.05,14.04,14.03,14.02,14.01,14.0,13.99,13.98,14.1,14.11,14.12,14.14,14.15,14.18,14.19,14.2,14.21,14.22,3600,13300,26600,3600,2300,1700,6400,15100,1200,12800,2400,1100,3000,5000,4600,2100,5500,10500,3500,100
279.0,14.1,103900,1462875.0,14.07,14.06,14.05,14.04,14.03,14.02,14.01,14.0,13.99,13.98,14.1,14.11,14.12,14.14,14.15,14.18,14.19,14.2,14.21,14.22,3900,13300,26600,3600,2300,1700,6400,15100,1200,12800,2700,1100,3000,5000,4600,2100,5500,10500,3500,100
280.0,14.1,104300,1468506.0,14.07,14.06,14.05,14.04,14.03,14.02,14.01,14.0,13.99,13.98,14.1,14.11,14.12,14.14,14.15,14.18,14.19,14.2,14.21,14.22,3700,13300,26600,3600,2300,1700,6400,15100,1200,12800,2700,1100,3000,5000,4600,2100,5500,10500,3500,100
281.0,14.07,104400,1469913.0,14.07,14.06,14.05,14.04,14.03,14.02,14.01,14.0,13.99,13.98,14.1,14.11,14.12,14.14,14.15,14.18,14.19,14.2,14.21,14.22,3800,13300,26600,3600,2300,1700,6400,15100,1200,12800,2800,1100,3000,5000,4600,2100,5500,10500,3500,100
282.0,14.07,104400,1469913.0,14.07,14.06,14.05,14.04,14.03,14.02,14.01,14.0,13.99,13.98,14.1,14.11,14.12,14.14,14.15,14.18,14.19,14.2,14.21,14.22,3900,13300,26600,3600,2300,1700,6400,15100,1200,12800,2800,1100,3000,5000,4600,2100,5500,10500,3500,100
283.0,14.07,104400,1469913.0,14.07,14.06,14.05,14.04,14.03,14.02,14.01,14.0,13.99,13.98,14.1,14.11,14.12,14.14,14.15,14.18,14.19,14.2,14.21,14.22,4000,13300,26600,3600,2300,1700,6400,15100,1200,12800,2900,1100,3000,5000,4600,2100,5500,10500,3500,100
284.0,14.07,104800,1475541.0,14.07,14.06,14.05,14.04,14.03,14.02,14.01,14.0,13.99,13.98,14.1,14.11,14.12,14.14,14.15,14.18,14.19,14.2,14.21,14.22,3700,13300,26600,3600,2300,1700,6400,15100,1200,12800,3000,1100,3000,5000,4600,2100,5500,10500,3500,100
285.0,14.07,104800,1475541.0,14.07,14.06,14.05,14.04,14.03,14.02,14.01,14.0,13.99,13.98,14.1,14.11,14.12,14.14,14.15,14.18,14.19,14.2,14.21,14.22,3900,13300,26600,3600,2300,1700,6400,15100,1200,12800,3000,1100,3000,5000,4600,2100,5500,10500,3500,100
286.0,14.1,105700,1488231.0,14.07,14.06,14.05,14.04,14.03,14.02,14.01,14.0,13.99,13.98,14.1,14.11,14.12,14.14,14.15,14.18,14.19,14.2,14.21,14.22,4000,13300,26600,3600,2300,1700,6400,15100,1200,12800,2200,1100,3000,5000,4600,2100,5500,10500,3500,100
287.0,14.07,106100,1493859.0,14.07,14.06,14.05,14.04,14.03,14.02,14.01,14.0,13.99,13.98,14.1,14.11,14.12,14.14,14.15,14.18,14.19,14.2,14.21,14.22,3600,13300,26600,3600,2300,1700,6400,15100,1200,12800,2200,1100,3000,5000,4600,2100,5500,10500,3500,100
288.0,14.07,106100,1493859.0,14.07,14.06,14.05,14.04,14.03,14.02,14.01,14.0,13.99,13.98,14.1,14.11,14.12,14.14,14.15,14.18,14.19,14.2,14.21,14.22,3600,13300,26600,3600,2300,1700,6400,15100,1200,12800,2300,1100,3000,5000,4600,2100,5500,10500,3500,100
289.0,14.07,107100,1507929.0,14.07,14.06,14.05,14.04,14.03,14.02,14.01,14.0,13.99,13.98,14.1,14.11,14.12,14.14,14.15,14.18,14.19,14.2,14.21,14.22,2700,13300,26600,3600,2300,1700,6400,15100,1200,13500,2300,1100,3000,5000,4600,2100,5500,10500,3500,100
290.0,14.06,111900,1575444.0,14.06,14.05,14.04,14.03,14.02,14.01,14.0,13.99,13.98,13.97,14.1,14.11,14.12,14.14,14.15,14.18,14.19,14.2,14.21,14.22,11200,26600,3600,2300,1700,6400,15100,1200,13500,200,2300,1100,3000,5000,4600,2100,5500,10500,3500,100
291.0,14.06,112000,1576850.0,14.06,14.05,14.04,14.03,14.02,14.01,14.0,13.99,13.98,13.97,14.1,14.11,14.12,14.14,14.15,14.18,14.19,14.2,14.21,14.22,11200,26600,3600,2300,1700,6400,15100,1200,13500,200,2400,1100,3000,5000,4600,2100,5500,10500,3500,100
292.0,14.06,112000,1576850.0,14.06,14.05,14.04,14.03,14.02,14.01,14.0,13.99,13.98,13.97,14.1,14.11,14.12,14.14,14.15,14.18,14.19,14.2,14.21,14.22,11400,26600,3600,2300,1700,6400,15100,1200,13500,200,2700,1100,3000,5000,4600,2100,5500,10500,3500,100
293.0,14.1,112900,1589512.0,14.07,14.06,14.05,14.04,14.03,14.02,14.01,14.0,13.99,13.98,14.1,14.11,14.12,14.14,14.15,14.18,14.19,14.2,14.21,14.22,200,10900,26600,3600,2300,1700,6400,15100,1200,13500,2600,1100,3000,5000,4600,2100,5500,10500,3500,100
294.0,14.06,121900,1716054.0,14.06,14.05,14.04,14.03,14.02,14.01,14.0,13.99,13.98,13.97,14.07,14.1,14.11,14.12,14.14,14.15,14.18,14.19,14.2,14.21,2100,26600,3600,2300,1700,6400,15100,1200,13500,200,100,2600,1100,3000,5000,4600,2100,5500,10500,3500
295.0,14.06,122400,1723084.0,14.06,14.05,14.04,14.03,14.02,14.01,14.0,13.99,13.98,13.97,14.07,14.1,14.11,14.12,14.14,14.15,14.18,14.19,14.2,14.21,2500,26600,3600,2300,1700,6400,15100,1200,13500,200,100,2600,1100,3000,5000,4600,2100,5500,10500,3500
296.0,14.06,122400,1723084.0,14.06,14.05,14.04,14.03,14.02,14.01,14.0,13.99,13.98,13.97,14.07,14.1,14.11,14.12,14.14,14.15,14.18,14.19,14.2,14.21,2500,26600,3600,2300,1700,6400,15100,1200,13500,200,100,2600,1100,3000,5000,4600,2100,5500,10500,3500
297.0,14.06,122400,1723084.0,14.06,14.05,14.04,14.03,14.02,14.01,14.0,13.99,13.98,13.97,14.07,14.1,14.11,14.12,14.14,14.15,14.18,14.19,14.2,14.21,2700,26600,3600,2300,1700,6400,15100,1200,13500,200,100,2600,1100,3000,5000,4600,2100,5500,10500,3500
298.0,14.06,122400,1723084.0,14.06,14.05,14.04,14.03,14.02,14.01,14.0,13.99,13.98,13.97,14.07,14.1,14.11,14.12,14.14,14.15,14.18,14.19,14.2,14.21,2700,26600,3600,2300,1700,6400,15100,1200,13500,200,100,2600,1100,3000,5000,4600,2100,5500,10500,3500
299.0,14.06,122600,1725896.0,14.06,14.05,14.04,14.03,14.02,14.01,14.0,13.99,13.98,13.97,14.07,14.1,14.11,14.12,14.14,14.15,14.18,14.19,14.2,14.21,2600,26600,3600,2300,1700,6400,15100,1200,13500,200,100,2600,1100,3000,5000,4600,2100,5500,10500,3500
300.0,14.06,122600,1725896.0,14.06,14.05,14.04,14.03,14.02,14.01,14.0,13.99,13.98,13.97,14.07,14.1,14.11,14.12,14.14,14.15,14.18,14.19,14.2,14.21,2600,26600,3600,2300,1700,6400,15100,1200,13500,200,100,2600,1100,3000,5000,4600,2100,5500,10500,3500
301.0,14.06,122600,1725896.0,14.06,14.05,14.04,14.03,14.02,14.01,14.0,13.99,13.98,13.97,14.07,14.1,14.11,14.12,14.14,14.15,14.18,14.19,14.2,14.21,2600,26600,3600,2300,1700,6400,15100,1200,13500,200,100,2600,1100,3000,5000,4600,2100,5500,10500,3500
302.0,14.06,124900,1758234.0,14.06,14.05,14.04,14.03,14.02,14.01,14.0,13.99,13.98,13.97,14.07,14.1,14.11,14.12,14.14,14.15,14.18,14.19,14.2,14.21,300,26600,3600,2300,1700,6400,15100,1200,13500,200,100,2600,1100,3000,5000,4600,2100,5500,10500,3500
303.0,14.06,124900,1758234.0,14.06,14.05,14.04,14.03,14.02,14.01,14.0,13.99,13.98,13.97,14.07,14.1,14.11,14.12,14.14,14.15,14.18,14.19,14.2,14.21,500,26600,3600,5300,1700,6400,15100,1200,13500,200,100,2600,1100,3000,5000,4600,2100,5500,10500,3500
304.0,14.06,124900,1758234.0,14.06,14.05,14.04,14.03,14.02,14.01,14.0,13.99,13.98,13.97,14.07,14.1,14.11,14.12,14.14,14.15,14.18,14.19,14.2,14.21,500,26600,3600,5300,1700,6400,15100,1200,13500,200,100,2600,1100,3000,5000,4600,2100,5500,10500,3500
305.0,14.06,124900,1758234.0,14.06,14.05,14.04,14.03,14.02,14.01,14.0,13.99,13.98,13.97,14.07,14.1,14.11,14.12,14.14,14.15,14.18,14.19,14.2,14.21,500,26600,3600,5300,1700,6400,15100,1200,13500,200,100,2600,1100,3000,5000,4600,2100,5500,10500,3500
306.0,14.06,124900,1758234.0,14.06,14.05,14.04,14.03,14.02,14.01,14.0,13.99,13.98,13.97,14.07,14.1,14.11,14.12,14.14,14.15,14.18,14.19,14.2,14.21,4000,26600,3600,5300,1700,6400,15100,1200,13500,200,100,2600,1100,3000,5000,4600,2100,5500,10500,3500
307.0,14.06,124900,1758234.0,14.06,14.05,14.04,14.03,14.02,14.01,14.0,13.99,13.98,13.97,14.07,14.1,14.11,14.12,14.14,14.15,14.18,14.19,14.2,14.21,5600,26600,3600,5300,1700,6400,15100,1200,13500,200,100,2600,200,3000,5000,4600,2100,5500,10500,3500
308.0,14.07,125000,1759641.0,14.07,14.06,14.05,14.04,14.03,14.02,14.01,14.0,13.99,13.98,14.1,14.11,14.12,14.14,14.15,14.18,14.19,14.2,14.21,14.22,100,5700,26600,3600,5300,1700,6400,15100,1200,13500,2600,200,3000,5000,4600,2100,5500,10500,3500,100
309.0,14.07,125000,1759641.0,14.07,14.06,14.05,14.04,14.03,14.02,14.01,14.0,13.99,13.98,14.1,14.11,14.12,14.14,14.15,14.18,14.19,14.2,14.21,14.22,200,5700,26600,3600,5300,1700,6400,16100,1200,13500,2600,200,3000,5000,4600,2100,5500,10500,3500,100
310.0,14.07,125000,1759641.0,14.07,14.06,14.05,14.04,14.03,14.02,14.01,14.0,13.99,13.98,14.1,14.11,14.12,14.14,14.15,14.18,14.19,14.2,14.21,14.22,400,5700,26600,3600,5300,1700,6400,16100,1200,13500,2600,200,3000,5000,5000,2100,5500,10500,3500,100
311.0,14.1,125100,1761051.0,14.07,14.06,14.05,14.04,14.03,14.02,14.01,14.0,13.99,13.98,14.1,14.11,14.12,14.14,14.15,14.18,14.19,14.2,14.21,14.22,600,6700,26600,3600,5300,1700,6400,16100,1200,13500,2600,200,3000,5000,5000,2100,5500,10500,3500,100
312.0,14.1,125100,1761051.0,14.07,14.06,14.05,14.04,14.03,14.02,14.01,14.0,13.99,13.98,14.1,14.11,14.12,14.14,14.15,14.18,14.19,14.2,14.21,14.22,600,6700,26600,3600,5300,1700,6400,16100,1200,13500,2600,200,3000,5000,5000,2100,5500,10500,3500,100
313.0,14.1,125100,1761051.0,14.07,14.06,14.05,14.04,14.03,14.02,14.01,14.0,13.99,13.98,14.1,14.11,14.12,14.14,14.15,14.18,14.19,14.2,14.21,14.22,800,6700,26600,3600,5300,1700,6400,16100,1200,13500,2700,200,3000,5000,5000,2100,5500,10500,3500,100
314.0,14.1,125100,1761051.0,14.08,14.07,14.06,14.05,14.04,14.03,14.02,14.01,14.0,13.99,14.1,14.11,14.12,14.14,14.15,14.18,14.19,14.2,14.21,14.22,300,1200,6700,26600,3600,5300,1700,6400,16100,1200,2700,200,3000,5000,5000,2100,5500,10500,3500,100
315.0,14.1,125300,1763871.0,14.08,14.07,14.06,14.05,14.04,14.03,14.02,14.01,14.0,13.99,14.1,14.11,14.12,14.14,14.15,14.18,14.19,14.2,14.21,14.22,400,1200,6700,26600,3600,5300,1700,6400,16100,1200,2500,200,3000,5000,5000,2100,5500,10500,3500,100
316.0,14.1,125500,1766691.0,14.08,14.07,14.06,14.05,14.04,14.03,14.02,14.01,14.0,13.99,14.1,14.11,14.12,14.14,14.15,14.18,14.19,14.2,14.21,14.22,500,1200,6700,26600,3600,5300,1700,6400,16100,1200,2300,200,3000,5000,5000,2100,5500,7500,3500,100
317.0,14.1,125500,1766691.0,14.08,14.07,14.06,14.05,14.04,14.03,14.02,14.01,14.0,13.99,14.1,14.11,14.12,14.14,14.15,14.18,14.19,14.2,14.21,14.22,900,1200,6700,26600,3600,5300,1700,6400,16100,1200,2300,200,3000,5000,5000,2100,5500,7500,3500,100
318.0,14.1,125500,1766691.0,14.08,14.07,14.06,14.05,14.04,14.03,14.02,14.01,14.0,13.99,14.1,14.11,14.12,14.14,14.15,14.18,14.19,14.2,14.21,14.22,1900,1200,8300,26600,3600,5300,1700,6400,16100,1200,2300,200,3000,5000,5000,2100,5500,7500,3500,100
319.0,14.1,125700,1769511.0,14.08,14.07,14.06,14.05,14.04,14.03,14.02,14.01,14.0,13.99,14.1,14.11,14.12,14.14,14.15,14.18,14.19,14.2,14.21,14.22,1900,1200,8300,26600,3600,5300,1700,6400,16100,1200,2100,200,3000,5000,5000,2100,5500,7500,3500,100
320.0,14.09,125900,1772329.0,14.09,14.08,14.07,14.06,14.05,14.04,14.03,14.02,14.01,14.0,14.1,14.11,14.12,14.14,14.15,14.18,14.19,14.2,14.21,14.22,1000,2000,1200,8300,26600,3600,5300,1700,6400,16100,2100,200,3000,5000,5000,2100,5500,7500,3500,100
321.0,14.09,126500,1780783.0,14.09,14.08,14.07,14.06,14.05,14.04,14.03,14.02,14.01,14.0,14.1,14.11,14.12,14.14,14.15,14.18,14.19,14.2,14.21,14.22,600,2000,1200,8300,26600,3600,5300,1700,6400,16100,2100,200,3000,5000,5000,2100,5500,7500,3500,100
322.0,14.1,126700,1783603.0,14.09,14.08,14.07,14.06,14.05,14.04,14.03,14.02,14.01,14.0,14.1,14.11,14.12,14.14,14.15,14.18,14.19,14.2,14.21,14.22,600,2000,1200,8300,26600,3600,5300,1700,6400,16100,1900,200,3000,5000,5000,2100,5500,7500,3500,100
323.0,14.09,127200,1790650.0,14.09,14.08,14.07,14.06,14.05,14.04,14.03,14.02,14.01,14.0,14.1,14.11,14.12,14.14,14.15,14.18,14.19,14.2,14.21,14.22,300,2100,1200,8300,26600,3600,5300,1700,6400,16100,1700,200,3000,5000,5000,2100,5500,7500,3500,100
324.0,14.09,127200,1790650.0,14.09,14.08,14.07,14.06,14.05,14.04,14.03,14.02,14.01,14.0,14.1,14.11,14.12,14.14,14.15,14.18,14.19,14.2,14.21,14.22,500,2100,1200,8300,26600,3600,5300,1700,6400,16100,1700,200,3000,5000,5000,2100,5500,7500,3500,100
325.0,14.08,128200,1804737.0,14.08,14.07,14.06,14.05,14.04,14.03,14.02,14.01,14.0,13.99,14.1,14.11,14.12,14.14,14.15,14.18,14.19,14.2,14.21,14.22,1800,1700,8300,26600,3600,5300,1700,6400,16100,1200,1600,200,3000,5000,5000,2100,5500,7500,3500,100
326.0,14.08,128200,1804737.0,14.08,14.07,14.06,14.05,14.04,14.03,14.02,14.01,14.0,13.99,14.1,14.11,14.12,14.14,14.15,14.18,14.19,14.2,14.21,14.22,1800,1700,8300,26600,3600,5300,1700,6400,16100,1200,1600,200,3000,5000,5000,2100,5500,7500,3500,100
327.0,14.08,128200,1804737.0,14.08,14.07,14.06,14.05,14.04,14.03,14.02,14.01,14.0,13.99,14.1,14.11,14.12,14.14,14.15,14.18,14.19,14.2,14.21,14.22,1900,1700,8300,26600,3600,5300,1700,6400,16100,1200,1600,200,3000,5000,5000,2100,5500,7500,3500,100
328.0,14.1,128300,1806147.0,14.08,14.07,14.06,14.05,14.04,14.03,14.02,14.01,14.0,13.99,14.09,14.1,14.11,14.12,14.14,14.15,14.18,14.19,14.2,14.21,1900,1700,10300,26600,3600,5300,1700,6400,16100,1200,6000,1500,200,3000,5000,5000,2100,5500,7500,3500
329.0,14.1,128300,1806147.0,14.08,14.07,14.06,14.05,14.04,14.03,14.02,14.01,14.0,13.99,14.09,14.1,14.11,14.12,14.14,14.15,14.18,14.19,14.2,14.21,1900,1700,10300,26600,3600,5300,1700,6400,16100,1200,6000,1500,200,3000,5000,5000,2100,5500,7500,3500
330.0,14.09,128900,1814601.0,14.08,14.07,14.06,14.05,14.04,14.03,14.02,14.01,14.0,13.99,14.09,14.1,14.11,14.12,14.14,14.15,14.18,14.19,14.2,14.21,1900,1700,10300,26600,3600,5300,1700,6400,16100,1200,5400,1500,200,3000,5000,5000,2100,5500,7500,3500
331.0,14.08,129800,1827273.0,14.08,14.07,14.06,14.05,14.04,14.03,14.02,14.01,14.0,13.99,14.09,14.1,14.11,14.12,14.14,14.15,14.18,14.19,14.2,14.21,1200,1700,10300,26600,3600,5300,1700,6400,16100,1200,5400,1500,200,3000,5000,5000,2100,5500,7500,3500
332.0,14.08,130500,1837134.0,14.08,14.07,14.06,14.05,14.04,14.03,14.02,14.01,14.0,13.99,14.09,14.1,14.11,14.12,14.14,14.15,14.18,14.19,14.2,14.21,1000,1700,10300,26600,3600,5300,1700,6400,16100,1200,4900,1500,200,3000,5000,5000,2100,5500,7500,3500
333.0,14.08,130500,1837134.0,14.08,14.07,14.06,14.05,14.04,14.03,14.02,14.01,14.0,13.99,14.09,14.1,14.11,14.12,14.14,14.15,14.18,14.19,14.2,14.21,1000,1800,10300,26600,3600,5300,1700,6400,16100,1200,4900,1500,200,3000,5000,5000,2100,5500,7500,3500
334.0,14.08,130500,1837134.0,14.08,14.07,14.06,14.05,14.04,14.03,14.02,14.01,14.0,13.99,14.09,14.1,14.11,14.12,14.14,14.15,14.18,14.19,14.2,14.21,1200,2800,10300,26600,3600,5300,1700,6400,16100,1200,4900,1500,200,3000,5000,5000,2100,5500,7500,3500
335.0,14.08,132100,1859666.0,14.07,14.06,14.05,14.04,14.03,14.02,14.01,14.0,13.99,13.98,14.08,14.09,14.1,14.11,14.12,14.14,14.15,14.18,14.19,14.2,2800,9600,26600,3600,5300,1700,6400,16100,1200,13500,1800,4500,1500,200,3000,5000,5000,2100,5500,7500
336.0,14.08,132100,1859666.0,14.07,14.06,14.05,14.04,14.03,14.02,14.01,14.0,13.99,13.98,14.08,14.09,14.1,14.11,14.12,14.14,14.15,14.18,14.19,14.2,2800,9600,26600,3600,5300,1700,6400,17100,1200,13500,1800,4500,1500,200,3000,5000,5000,2100,5500,7500
337.0,14.08,132300,1862482.0,14.07,14.06,14.05,14.04,14.03,14.02,14.01,14.0,13.99,13.98,14.08,14.09,14.1,14.11,14.12,14.14,14.15,14.18,14.19,14.2,2800,9600,26600,3600,5300,1700,6400,17100,1200,13500,1600,4500,1500,200,3000,5000,5000,2100,5500,7500
338.0,14.08,132400,1863890.0,14.07,14.06,14.05,14.04,14.03,14.02,14.01,14.0,13.99,13.98,14.08,14.09,14.1,14.11,14.12,14.14,14.15,14.18,14.19,14.2,2800,9500,26600,3600,5300,1700,6400,17100,1200,13500,1500,4500,1500,200,3000,5000,5000,2100,5500,7500
339.0,14.08,132400,1863890.0,14.07,14.06,14.05,14.04,14.03,14.02,14.01,14.0,13.99,13.98,14.08,14.09,14.1,14.11,14.12,14.14,14.15,14.18,14.19,14.2,2800,9500,26600,3600,5300,1700,6400,17100,1200,13500,1500,4500,1500,200,3000,5000,5000,2100,5500,7500
340.0,14.08,132400,1863890.0,14.07,14.06,14.05,14.04,14.03,14.02,14.01,14.0,13.99,13.98,14.08,14.09,14.1,14.11,14.12,14.14,14.15,14.18,14.19,14.2,2800,9500,26600,3600,5300,5200,6400,17100,1200,13500,1500,4500,1500,200,3000,5000,5000,2100,5500,7500
341.0,14.08,132600,1866706.0,14.07,14.06,14.05,14.04,14.03,14.02,14.01,14.0,13.99,13.98,14.08,14.09,14.1,14.11,14.12,14.14,14.15,14.18,14.19,14.2,2900,9500,26600,3600,5300,5200,6400,17100,1200,13500,1300,4500,1500,200,3000,5000,5000,2100,5500,7500
342.0,14.08,132800,1869522.0,14.07,14.06,14.05,14.04,14.03,14.02,14.01,14.0,13.99,13.98,14.08,14.09,14.1,14.11,14.12,14.14,14.15,14.18,14.19,14.2,2900,9500,26600,1600,5300,5200,6400,17100,1200,13500,2600,4500,1500,200,3000,5000,5000,2100,5500,7500
343.0,14.08,132900,1870930.0,14.07,14.06,14.05,14.04,14.03,14.02,14.01,14.0,13.99,13.98,14.08,14.09,14.1,14.11,14.12,14.14,14.15,14.18,14.19,14.2,2900,9500,26600,1600,5300,5200,6400,17100,1200,13500,2500,4500,1500,200,3000,5000,5000,2100,5500,7500
344.0,14.08,132900,1870930.0,14.07,14.06,14.05,14.04,14.03,14.02,14.01,14.0,13.99,13.98,14.08,14.09,14.1,14.11,14.12,14.14,14.15,14.18,14.19,14.2,2900,9500,26600,1600,5300,5200,6400,17100,1200,13500,2500,4500,1500,200,3000,5000,5000,2100,5500,7500
345.0,14.08,133500,1879376.0,14.07,14.06,14.05,14.04,14.03,14.02,14.01,14.0,13.99,13.98,14.08,14.09,14.1,14.11,14.12,14.14,14.15,14.18,14.19,14.2,2700,9500,26600,1600,4300,5200,6400,17100,1200,13500,2100,4500,1500,200,3000,5000,5000,2100,5500,7500
346.0,14.08,133500,1879376.0,14.07,14.06,14.05,14.04,14.03,14.02,14.01,14.0,13.99,13.98,14.08,14.09,14.1,14.11,14.12,14.14,14.15,14.18,14.19,14.2,2700,9500,26600,1600,4300,5200,6400,17100,1200,13500,2100,4500,1500,200,3000,5000,5000,2100,5500,7500
347.0,14.08,133500,1879376.0,14.07,14.06,14.05,14.04,14.03,14.02,14.01,14.0,13.99,13.98,14.08,14.09,14.1,14.11,14.12,14.14,14.15,14.18,14.19,14.2,2700,9500,26600,1600,4300,5200,6400,17100,1200,13500,2100,4500,1500,200,3000,5000,5000,2100,5500,7500
348.0,14.08,133900,1885006.0,14.07,14.06,14.05,14.04,14.03,14.02,14.01,14.0,13.99,13.98,14.08,14.09,14.1,14.11,14.12,14.14,14.15,14.18,14.19,14.2,2500,9500,26600,1600,4300,5200,6400,17100,1200,13500,1900,4500,1500,200,3000,5000,5000,2100,5500,7500
349.0,14.08,133900,1885006.0,14.07,14.06,14.05,14.04,14.03,14.02,14.01,14.0,13.99,13.98,14.08,14.09,14.1,14.11,14.12,14.14,14.15,14.18,14.19,14.2,2500,9500,26600,1600,4300,5200,6400,17100,1200,13500,1900,4500,1500,200,3000,5000,5000,2100,5500,7500
350.0,14.08,133900,1885006.0,14.07,14.06,14.05,14.04,14.03,14.02,14.01,14.0,13.99,13.98,14.08,14.09,14.1,14.11,14.12,14.14,14.15,14.18,14.19,14.2,2500,9500,26600,1600,4300,5200,6400,17100,1200,13500,1900,4500,1500,200,3000,5000,5000,2100,5500,7500
351.0,14.07,134100,1887820.0,14.07,14.06,14.05,14.04,14.03,14.02,14.01,14.0,13.99,13.98,14.08,14.09,14.1,14.11,14.12,14.14,14.15,14.18,14.19,14.2,2300,9500,26600,1600,4300,5200,6400,17100,1200,13500,1900,4500,1500,200,3000,5000,5000,2100,5500,7500
352.0,14.08,134200,1889228.0,14.07,14.06,14.05,14.04,14.03,14.02,14.01,14.0,13.99,13.98,14.08,14.09,14.1,14.11,14.12,14.14,14.15,14.18,14.19,14.2,2300,9500,26600,1600,4300,5200,6400,18100,1200,13500,1800,4500,1500,200,3000,5000,5000,2100,5500,7500
353.0,14.08,134300,1890636.0,14.07,14.06,14.05,14.04,14.03,14.02,14.01,14.0,13.99,13.98,14.08,14.09,14.1,14.11,14.12,14.14,14.15,14.18,14.19,14.2,2300,9500,26600,1600,4300,5200,6400,18100,1200,13500,1700,4500,1500,200,3000,5000,5000,2100,5500,7500
354.0,14.07,134500,1893450.0,14.07,14.06,14.05,14.04,14.03,14.02,14.01,14.0,13.99,13.98,14.08,14.09,14.1,14.11,14.12,14.14,14.15,14.18,14.19,14.2,2100,9500,26600,1600,4300,5200,6400,18100,1200,13500,1700,4500,1500,200,3000,5000,5000,2100,5500,7500
355.0,14.07,134500,1893450.0,14.07,14.06,14.05,14.04,14.03,14.02,14.01,14.0,13.99,13.98,14.08,14.09,14.1,14.11,14.12,14.14,14.15,14.18,14.19,14.2,2100,9500,26600,1600,4300,5200,6400,18100,1200,13500,1700,4500,1500,200,3000,5000,5000,2100,5500,7500
356.0,14.07,134500,1893450.0,14.07,14.06,14.05,14.04,14.03,14.02,14.01,14.0,13.99,13.98,14.08,14.09,14.1,14.11,14.12,14.14,14.15,14.18,14.19,14.2,2100,13400,26600,1600,4300,5200,6400,18100,1200,13500,1700,4500,1500,200,3000,5000,5000,2100,5500,7500
357.0,14.08,134700,1896266.0,14.07,14.06,14.05,14.04,14.03,14.02,14.01,14.0,13.99,13.98,14.08,14.09,14.1,14.11,14.12,14.14,14.15,14.18,14.19,14.2,2100,13400,26600,1600,4300,5200,6400,18100,1200,13500,1500,4500,1500,200,3000,5000,5000,2100,5500,7500
358.0,14.08,135100,1901896.0,14.07,14.06,14.05,14.04,14.03,14.02,14.01,14.0,13.99,13.98,14.08,14.09,14.1,14.11,14.12,14.14,14.15,14.18,14.19,14.2,1900,13400,26600,1600,4300,5200,6400,18100,1200,13500,1300,4500,1500,200,3000,5000,5000,2100,5500,7500
359.0,14.08,135200,1903304.0,14.07,14.06,14.05,14.04,14.03,14.02,14.01,14.0,13.99,13.98,14.08,14.09,14.1,14.11,14.12,14.14,14.15,14.18,14.19,14.2,1900,13400,26600,1600,4300,5200,6400,18100,1200,13500,1300,4500,1500,200,3000,5000,5000,2100,5500,7500
360.0,14.08,135200,1903304.0,14.07,14.06,14.05,14.04,14.03,14.02,14.01,14.0,13.99,13.98,14.08,14.09,14.1,14.11,14.12,14.14,14.15,14.18,14.19,14.2,1900,13400,26600,1600,4300,5200,6400,18100,1200,13500,1300,4500,1500,200,3000,5000,5000,2100,5500,7500
361.0,14.07,135300,1904711.0,14.07,14.06,14.05,14.04,14.03,14.02,14.01,14.0,13.99,13.98,14.08,14.09,14.1,14.11,14.12,14.14,14.15,14.18,14.19,14.2,1800,13700,26600,1600,4300,5200,6400,18100,1200,13500,1300,4500,1500,200,3000,5000,5000,2100,5500,7500
362.0,14.07,135300,1904711.0,14.07,14.06,14.05,14.04,14.03,14.02,14.01,14.0,13.99,13.98,14.08,14.09,14.1,14.11,14.12,14.14,14.15,14.18,14.19,14.2,1800,13700,26600,1600,4300,5200,6400,18100,1200,13500,1300,4500,1500,200,3000,5000,5000,2100,5500,7500
363.0,14.07,135300,1904711.0,14.07,14.06,14.05,14.04,14.03,14.02,14.01,14.0,13.99,13.98,14.08,14.09,14.1,14.11,14.12,14.14,14.15,14.18,14.19,14.2,1800,13700,26600,1600,4300,5200,6400,18100,1200,13500,1300,4500,1500,200,3000,5000,5000,2100,5500,7500
364.0,14.07,137500,1935685.0,14.07,14.06,14.05,14.04,14.03,14.02,14.01,14.0,13.99,13.98,14.09,14.1,14.11,14.12,14.14,14.15,14.18,14.19,14.2,14.21,1600,13700,26600,1600,4300,5200,6400,18100,1200,13500,4500,1500,200,3000,5000,5000,2100,5500,7500,3500
365.0,14.07,137500,1935685.0,14.07,14.06,14.05,14.04,14.03,14.02,14.01,14.0,13.99,13.98,14.09,14.1,14.11,14.12,14.14,14.15,14.18,14.19,14.2,14.21,1600,13700,26600,1600,4300,5200,6400,18100,1200,13500,4500,1500,200,3000,5000,5000,2100,5500,7500,3500
366.0,14.09,138400,1948366.0,14.07,14.06,14.05,14.04,14.03,14.02,14.01,14.0,13.99,13.98,14.09,14.1,14.11,14.12,14.14,14.15,14.18,14.19,14.2,14.21,1600,13700,26600,1600,4300,5200,6400,18100,1200,13500,3600,1500,200,3000,5000,5000,2100,5500,7500,3500
367.0,14.07,138800,1954000.0,14.07,14.06,14.05,14.04,14.03,14.02,14.01,14.0,13.99,13.98,14.09,14.1,14.11,14.12,14.14,14.15,14.18,14.19,14.2,14.21,1500,13700,26600,1600,4300,5200,6400,18100,1200,13500,3300,1500,200,3000,5000,5000,2100,5500,7500,3500
368.0,14.07,138800,1954000.0,14.08,14.07,14.06,14.05,14.04,14.03,14.02,14.01,14.0,13.99,14.09,14.1,14.11,14.12,14.14,14.15,14.18,14.19,14.2,14.21,200,1500,13700,26600,1600,4300,5200,6400,18100,1200,3300,1500,200,3000,5000,5000,2100,5500,7500,3500
369.0,14.07,138800,1954000.0,14.08,14.07,14.06,14.05,14.04,14.03,14.02,14.01,14.0,13.99,14.09,14.1,14.11,14.12,14.14,14.15,14.18,14.19,14.2,14.21,200,1500,13700,26600,1600,4300,5200,6400,18100,1200,3300,1500,200,3000,5000,5000,2100,5500,7500,3500
370.0,14.08,139000,1956816.0,14.07,14.06,14.05,14.04,14.03,14.02,14.01,14.0,13.99,13.98,14.09,14.1,14.11,14.12,14.14,14.15,14.18,14.19,14.2,14.21,1500,13700,26600,1600,4300,5200,6400,18100,1200,13500,3400,1500,200,3000,5000,5000,2100,5500,7500,3500
371.0,14.08,139000,1956816.0,14.08,14.07,14.06,14.05,14.04,14.03,14.02,14.01,14.0,13.99,14.09,14.1,14.11,14.12,14.14,14.15,14.18,14.19,14.2,14.21,500,1400,13700,26600,1600,4300,5200,6400,18100,1200,3400,1500,200,3000,5000,5000,2100,5500,7500,3500
372.0,14.08,139500,1963856.0,14.08,14.07,14.06,14.05,14.04,14.03,14.02,14.01,14.0,13.99,14.09,14.1,14.11,14.12,14.14,14.15,14.18,14.19,14.2,14.21,2000,1400,13700,26600,1600,4300,5200,6400,18100,1200,3400,1500,200,3000,5000,5000,2100,5500,7500,3500
373.0,14.08,139500,1963856.0,14.08,14.07,14.06,14.05,14.04,14.03,14.02,14.01,14.0,13.99,14.09,14.1,14.11,14.12,14.14,14.15,14.18,14.19,14.2,14.21,2000,1400,13700,26600,1600,4300,5200,6400,18100,1200,3400,1500,200,3000,5000,5000,2100,5500,7500,3500
374.0,14.08,140000,1970899.0,14.08,14.07,14.06,14.05,14.04,14.03,14.02,14.01,14.0,13.99,14.09,14.1,14.11,14.12,14.14,14.15,14.18,14.19,14.2,14.21,2000,1400,13700,26600,1600,4300,5200,6400,18100,1200,3100,1500,200,3000,5000,5000,2100,5500,7500,3500
375.0,14.08,140000,1970899.0,14.08,14.07,14.06,14.05,14.04,14.03,14.02,14.01,14.0,13.99,14.09,14.1,14.11,14.12,14.14,14.15,14.18,14.19,14.2,14.21,2000,1400,13700,26600,1600,4300,5200,6400,18100,1200,3100,1500,200,3000,5000,5000,2100,5500,7500,3500
376.0,14.08,140000,1970899.0,14.08,14.07,14.06,14.05,14.04,14.03,14.02,14.01,14.0,13.99,14.09,14.1,14.11,14.12,14.14,14.15,14.18,14.19,14.2,14.21,2000,1400,13700,26600,1600,4300,5200,6400,18100,1200,3100,1500,200,3000,5000,5000,2100,5500,7500,3500
377.0,14.09,141100,1986397.0,14.08,14.07,14.06,14.05,14.04,14.03,14.02,14.01,14.0,13.99,14.09,14.1,14.11,14.12,14.14,14.15,14.18,14.19,14.2,14.21,1900,1400,13700,26600,1600,4300,5200,6400,18100,1200,2600,1500,200,3000,5000,5000,2100,5500,7500,3500
378.0,14.09,141100,1986397.0,14.08,14.07,14.06,14.05,14.04,14.03,14.02,14.01,14.0,13.99,14.09,14.1,14.11,14.12,14.14,14.15,14.18,14.19,14.2,14.21,1900,1400,13700,26600,1600,4300,5200,6400,18100,1200,2600,1500,200,3000,5000,5000,2100,5500,7500,3500
379.0,14.09,141100,1986397.0,14.08,14.07,14.06,14.05,14.04,14.03,14.02,14.01,14.0,13.99,14.09,14.1,14.11,14.12,14.14,14.15,14.18,14.19,14.2,14.21,1900,1400,13700,26600,1600,4300,5200,6400,18100,1200,2600,1500,200,3000,5000,5000,2100,5500,7500,3500
380.0,14.09,141300,1989215.0,14.08,14.07,14.06,14.05,14.04,14.03,14.02,14.01,14.0,13.99,14.09,14.1,14.11,14.12,14.14,14.15,14.18,14.19,14.2,14.21,1900,1400,21000,26600,1600,4300,5200,6400,18100,1200,4300,1500,200,3000,5000,5000,2100,5500,7500,3500
381.0,14.09,141700,1994851.0,14.08,14.07,14.06,14.05,14.04,14.03,14.02,14.01,14.0,13.99,14.09,14.1,14.11,14.12,14.14,14.15,14.18,14.19,14.2,14.21,1900,1400,21000,26600,1600,4300,5200,6400,18100,1200,3900,1500,200,3000,5000,5000,2100,5500,7500,3500
382.0,14.09,141700,1994851.0,14.08,14.07,14.06,14.05,14.04,14.03,14.02,14.01,14.0,13.99,14.09,14.1,14.11,14.12,14.14,14.15,14.18,14.19,14.2,14.21,1900,2400,21000,26600,1600,4300,5200,6400,18100,1200,3900,1500,200,3000,5000,5000,2100,5500,7500,3500
383.0,14.09,141700,1994851.0,14.08,14.07,14.06,14.05,14.04,14.03,14.02,14.01,14.0,13.99,14.09,14.1,14.11,14.12,14.14,14.15,14.18,14.19,14.2,14.21,1900,2400,21000,26600,1600,4300,5200,6400,18100,1200,3900,1500,200,3000,5000,5000,2100,5500,7500,3500
384.0,14.09,141700,1994851.0,14.08,14.07,14.06,14.05,14.04,14.03,14.02,14.01,14.0,13.99,14.09,14.1,14.11,14.12,14.14,14.15,14.18,14.19,14.2,14.21,1900,2400,21000,26600,1600,4300,5200,6400,18100,1200,3900,1500,200,3000,5000,5000,2100,5500,7500,3500
385.0,14.09,141700,1994851.0,14.08,14.07,14.06,14.05,14.04,14.03,14.02,14.01,14.0,13.99,14.09,14.1,14.11,14.12,14.14,14.15,14.18,14.19,14.2,14.21,1900,2400,21000,26600,1600,4300,5200,6400,18100,1200,3900,1500,200,3000,5000,5000,2100,5500,7500,3500
386.0,14.07,143700,2023010.0,14.07,14.06,14.05,14.04,14.03,14.02,14.01,14.0,13.99,13.98,14.08,14.09,14.1,14.11,14.12,14.14,14.15,14.18,14.19,14.2,2300,21000,26600,1600,4300,5200,6400,18100,1200,13500,19300,3900,1500,200,3000,5000,5000,2100,5500,7500
387.0,14.07,143700,2023010.0,14.07,14.06,14.05,14.04,14.03,14.02,14.01,14.0,13.99,13.98,14.08,14.09,14.1,14.11,14.12,14.14,14.15,14.18,14.19,14.2,2300,21000,26600,1600,4300,5200,6400,18100,1200,13500,19300,3900,1500,200,3000,5000,5000,2100,5500,7500
388.0,14.07,143700,2023010.0,14.07,14.06,14.05,14.04,14.03,14.02,14.01,14.0,13.99,13.98,14.08,14.09,14.1,14.11,14.12,14.14,14.15,14.18,14.19,14.2,2300,21000,26600,1600,4300,5200,6400,18100,1200,13500,19300,3900,1500,200,3000,5000,5000,2100,5500,7500
389.0,14.08,145500,2048350.0,14.07,14.06,14.05,14.04,14.03,14.02,14.01,14.0,13.99,13.98,14.08,14.09,14.1,14.11,14.12,14.14,14.15,14.18,14.19,14.2,1900,21000,26600,1600,4300,5200,6400,18100,1200,13500,17900,3900,1500,200,3000,5000,5000,2100,5500,7500
390.0,14.08,145500,2048350.0,14.07,14.06,14.05,14.04,14.03,14.02,14.01,14.0,13.99,13.98,14.08,14.09,14.1,14.11,14.12,14.14,14.15,14.18,14.19,14.2,1900,21000,26600,1600,4300,5200,6400,18100,1200,13500,17900,3900,1500,200,3000,5000,5000,2100,5500,7500
391.0,14.08,145500,2048350.0,14.07,14.06,14.05,14.04,14.03,14.02,14.01,14.0,13.99,13.98,14.08,14.09,14.1,14.11,14.12,14.14,14.15,14.18,14.19,14.2,1900,21000,26600,1600,4300,5200,6400,18100,1200,13500,17900,3900,1500,200,3000,5000,5000,2100,5500,8500
392.0,14.08,145500,2048350.0,14.07,14.06,14.05,14.04,14.03,14.02,14.01,14.0,13.99,13.98,14.08,14.09,14.1,14.11,14.12,14.14,14.15,14.18,14.19,14.2,1900,21000,26600,1600,4300,5200,6400,18100,1200,13500,17900,3900,1500,200,3000,5000,5000,2100,5500,8500
393.0,14.08,146200,2058206.0,14.07,14.06,14.05,14.04,14.03,14.02,14.01,14.0,13.99,13.98,14.08,14.09,14.1,14.11,14.12,14.14,14.15,14.18,14.19,14.2,1900,21000,26600,1600,4300,5200,6400,18100,1200,13500,17200,3900,1500,200,3000,5000,5000,2100,5500,8500
394.0,14.08,146200,2058206.0,14.07,14.06,14.05,14.04,14.03,14.02,14.01,14.0,13.99,13.98,14.08,14.09,14.1,14.11,14.12,14.14,14.15,14.18,14.19,14.2,3000,21000,26600,1600,4300,5200,6400,18100,1200,13500,17200,3900,1500,200,3000,5000,5000,2100,5500,8500
395.0,14.08,146200,2058206.0,14.07,14.06,14.05,14.04,14.03,14.02,14.01,14.0,13.99,13.98,14.08,14.09,14.1,14.11,14.12,14.14,14.15,14.18,14.19,14.2,3000,21000,26600,1600,4300,5200,6400,18100,1200,13500,17200,3900,1500,200,3000,5000,5000,2100,5500,8500
396.0,14.08,146900,2068062.0,14.07,14.06,14.05,14.04,14.03,14.02,14.01,14.0,13.99,13.98,14.08,14.09,14.1,14.11,14.12,14.14,14.15,14.18,14.19,14.2,3000,21000,26600,1600,4300,5200,6400,18100,1200,13500,16500,3900,1500,200,3000,5000,5000,2100,5500,8500
397.0,14.08,147600,2077918.0,14.07,14.06,14.05,14.04,14.03,14.02,14.01,14.0,13.99,13.98,14.08,14.09,14.1,14.11,14.12,14.14,14.15,14.18,14.19,14.2,3000,21000,26600,1600,4300,5200,6400,18100,1200,13500,15800,3900,1500,200,3000,5000,5000,2100,5500,8500
398.0,14.08,147600,2077918.0,14.07,14.06,14.05,14.04,14.03,14.02,14.01,14.0,13.99,13.98,14.08,14.09,14.1,14.11,14.12,14.14,14.15,14.18,14.19,14.2,3000,21000,26600,1600,4300,5200,6400,18100,1200,13500,15800,3900,1500,200,3000,5000,5000,2100,5500,8500
399.0,14.07,148400,2089181.0,14.07,14.06,14.05,14.04,14.03,14.02,14.01,14.0,13.99,13.98,14.08,14.09,14.1,14.11,14.12,14.14,14.15,14.18,14.19,14.2,2900,21000,26600,1600,4300,5200,6400,18100,1200,13700,15100,3900,1500,200,3000,5000,5000,2100,5500,8500
400.0,14.08,150200,2114521.0,14.07,14.06,14.05,14.04,14.03,14.02,14.01,14.0,13.99,13.98,14.08,14.09,14.1,14.11,14.12,14.14,14.15,14.18,14.19,14.2,2500,21000,27400,1600,4300,5200,6400,18100,1200,13700,13700,3900,1500,200,3000,5000,5000,2100,5500,8500
401.0,14.08,150200,2114521.0,14.07,14.06,14.05,14.04,14.03,14.02,14.01,14.0,13.99,13.98,14.08,14.09,14.1,14.11,14.12,14.14,14.15,14.18,14.19,14.2,2900,21000,27400,1600,4300,5200,6400,18100,1200,13700,13700,3900,1500,200,3000,5000,5000,2100,5500,8500
402.0,14.08,150200,2114521.0,14.07,14.06,14.05,14.04,14.03,14.02,14.01,14.0,13.99,13.98,14.08,14.09,14.1,14.11,14.12,14.14,14.15,14.18,14.19,14.2,2900,21000,27400,1600,4300,5200,6400,18100,1200,13700,13700,3900,1500,200,3000,5000,5000,2100,5500,8500
403.0,14.07,150400,2117335.0,14.07,14.06,14.05,14.04,14.03,14.02,14.01,14.0,13.99,13.98,14.08,14.09,14.1,14.11,14.12,14.14,14.15,14.18,14.19,14.2,2700,21000,27400,1600,4300,5200,6400,18100,1200,13700,13700,3900,1500,200,3000,5000,5000,2100,5500,8500
