LocalTime,LastPrice,TradeVolume,TradeValue,BidPrice1,BidPrice2,BidPrice3,BidPrice4,BidPrice5,BidPrice6,BidPrice7,BidPrice8,BidPrice9,BidPriceA,AskPrice1,AskPrice2,AskPrice3,AskPrice4,AskPrice5,AskPrice6,AskPrice7,AskPrice8,AskPrice9,AskPriceA,BidVolume1,BidVolume2,BidVolume3,BidVolume4,BidVolume5,BidVolume6,BidVolume7,BidVolume8,BidVolume9,BidVolumeA,AskVolume1,AskVolume2,AskVolume3,AskVolume4,AskVolume5,AskVolume6,AskVolume7,AskVolume8,AskVolume9,AskVolumeA
0.0,17.8,251400,4474920.0,17.79,17.78,17.77,17.76,17.75,17.74,17.73,17.72,17.71,17.7,17.8,17.81,17.83,17.84,17.85,17.87,17.88,17.9,17.92,17.95,300,5200,1200,300,3500,2000,2300,3000,17800,11300,53000,2000,7500,1200,3700,10900,20400,1600,1100,5000
1.0,17.83,447800,7974884.0,17.83,17.8,17.79,17.78,17.77,17.76,17.75,17.74,17.73,17.72,17.84,17.85,17.87,17.88,17.9,17.92,17.95,17.96,17.99,18.0,20800,119000,2100,6700,1200,1300,4100,2800,2300,4500,500,3700,10900,19900,2600,1100,5000,100,600,16400
2.0,17.8,502800,8954618.0,17.8,17.79,17.78,17.77,17.76,17.75,17.74,17.73,17.72,17.71,17.84,17.85,17.87,17.88,17.9,17.92,17.95,17.96,17.98,18.0,121200,4700,8800,1200,3000,4200,2800,3300,5500,21800,400,3700,10900,17900,2600,1000,5000,100,100,16900
3.0,17.8,545500,9714763.0,17.8,17.79,17.78,17.77,17.76,17.75,17.74,17.73,17.72,17.71,17.85,17.87,17.88,17.9,17.92,17.96,17.98,18.0,18.01,18.03,102300,7500,8700,2800,3000,5200,2900,3400,5600,19000,3200,10900,17900,7600,1000,100,100,17500,200,16200
4.0,17.84,587900,10470604.0,17.84,17.83,17.81,17.8,17.79,17.78,17.77,17.76,17.75,17.74,17.85,17.87,17.88,17.9,17.92,17.93,17.96,17.98,18.0,18.01,162500,400,8100,90500,13000,9000,2800,2700,5700,2900,2000,10900,17900,7600,1000,1000,100,100,5200,200
5.0,17.85,655000,11667676.0,17.85,17.84,17.83,17.82,17.81,17.8,17.79,17.78,17.77,17.76,17.87,17.88,17.9,17.92,17.93,17.96,17.98,18.0,18.01,18.03,200,96200,600,3900,15200,122400,16900,13700,3000,2900,10900,18400,7600,1000,1000,200,100,6600,200,16200
6.0,17.87,687700,12251114.0,17.85,17.84,17.83,17.82,17.81,17.8,17.79,17.78,17.77,17.76,17.87,17.88,17.9,17.92,17.93,17.96,17.98,18.0,18.01,18.03,9200,68300,1500,3900,20200,144700,24500,13700,3000,2900,9800,17000,7600,1000,1000,200,200,6600,200,9100
7.0,17.8,978000,17433785.0,17.8,17.79,17.78,17.77,17.76,17.75,17.74,17.73,17.72,17.71,17.9,17.92,17.93,17.96,17.98,18.0,18.01,18.03,18.04,18.05,117300,24700,19400,3000,5000,6200,2900,3600,6600,25700,7600,1000,1000,200,200,10100,200,9100,6400,64600
8.0,17.85,1017200,18131698.0,17.85,17.83,17.81,17.8,17.79,17.78,17.77,17.76,17.75,17.74,17.86,17.9,17.92,17.93,17.96,17.97,17.98,18.0,18.01,18.02,700,2500,300,92500,26400,20100,3000,5000,10100,3000,400,7600,1000,1000,200,100,200,10500,200,200
9.0,17.85,1166900,20797697.0,17.85,17.81,17.8,17.79,17.78,17.77,17.76,17.75,17.74,17.73,17.86,17.9,17.92,17.93,17.96,17.97,17.98,18.0,18.01,18.02,20600,23400,2200,10000,20000,3000,5000,13500,3000,3600,100,2600,1000,1000,200,100,200,10500,200,200
10.0,17.9,1314300,23421780.0,17.89,17.88,17.86,17.8,17.75,17.74,17.73,17.72,17.71,17.7,17.9,17.92,17.93,17.96,17.97,17.98,18.0,18.01,18.02,18.03,400,500,1100,300,4400,3000,3600,9600,26700,43900,2000,1000,1000,200,100,200,11000,200,200,9100
11.0,17.8,1465300,26107530.0,17.75,17.74,17.73,17.72,17.71,17.7,17.69,17.68,17.67,17.66,17.77,17.85,17.88,17.89,17.9,17.92,17.93,17.96,17.97,17.98,4400,3000,3600,9700,26700,43900,2700,15700,20900,5900,19100,900,3200,17500,3400,1000,1000,200,100,200
12.0,17.9,1586500,28270851.0,17.9,17.85,17.84,17.83,17.82,17.8,17.79,17.78,17.77,17.76,17.92,17.93,17.96,17.97,17.98,18.0,18.01,18.02,18.03,18.04,16900,200,2200,6400,5600,5600,62700,3400,140000,12200,1000,1000,200,100,200,9500,200,200,9100,6400
13.0,17.89,1669100,29746535.0,17.89,17.86,17.85,17.84,17.83,17.8,17.79,17.77,17.76,17.75,17.91,17.93,17.96,17.97,17.98,18.0,18.01,18.02,18.03,18.04,100,600,4000,9200,4600,7800,54300,100600,13900,25300,200,700,200,100,200,7500,200,200,9100,6400
14.0,17.96,1684800,30028498.0,17.96,17.95,17.9,17.89,17.87,17.86,17.85,17.84,17.83,17.8,17.98,17.99,18.0,18.01,18.02,18.03,18.04,18.05,18.06,18.09,5800,11200,1000,4100,600,1200,8000,9200,4600,12400,3200,4600,6300,200,200,9100,6400,73400,7000,6300
15.0,17.97,1701800,30333802.0,17.95,17.9,17.89,17.87,17.86,17.85,17.84,17.83,17.8,17.79,17.98,17.99,18.0,18.01,18.02,18.03,18.04,18.05,18.06,18.09,4700,1000,4100,600,1200,8000,9200,4600,13400,78700,3200,4000,6300,200,200,9100,6400,73400,7000,6300
16.0,17.84,1742000,31052889.0,17.84,17.83,17.8,17.79,17.77,17.76,17.75,17.74,17.73,17.72,17.95,17.97,17.98,17.99,18.0,18.01,18.02,18.03,18.04,18.05,5300,4600,13400,24400,19100,12200,26300,6000,12200,9700,3300,1100,9700,4000,6300,200,200,9100,6400,73400
17.0,17.9,1764400,31454110.0,17.85,17.84,17.8,17.79,17.76,17.75,17.74,17.73,17.72,17.71,17.9,17.92,17.93,17.94,17.95,17.96,17.97,17.98,18.0,18.01,9700,9300,5100,2200,11700,25700,6000,12200,9700,26700,400,5200,2900,15800,8600,4800,4000,6500,6300,200
18.0,17.89,1769500,31545301.0,17.85,17.84,17.81,17.8,17.79,17.76,17.75,17.74,17.73,17.72,17.89,17.9,17.91,17.92,17.93,17.94,17.95,17.96,17.97,17.98,4500,9300,10000,5100,2200,11700,25700,6000,12200,9700,3000,400,10000,5200,2900,15800,8700,4800,4000,6500
19.0,17.89,1773400,31615001.0,17.87,17.85,17.84,17.81,17.8,17.79,17.78,17.76,17.75,17.74,17.89,17.9,17.91,17.92,17.93,17.94,17.95,17.96,17.97,17.98,18000,3000,5300,10000,4600,800,8000,11200,28700,6000,1700,800,10000,5200,2900,15800,8700,4800,4000,6500
20.0,17.87,1787500,31867257.0,17.88,17.87,17.85,17.84,17.81,17.8,17.79,17.78,17.76,17.75,17.89,17.9,17.91,17.93,17.94,17.95,17.96,17.97,17.98,18.0,1600,15500,3200,6200,10000,4600,100,8000,11200,28800,100,18200,9500,2900,15800,6500,4800,4000,6500,6800
21.0,17.89,1787900,31874412.0,17.89,17.88,17.87,17.85,17.84,17.8,17.79,17.78,17.76,17.75,17.9,17.91,17.93,17.94,17.95,17.96,17.97,17.98,18.0,18.01,4300,3000,15500,3200,900,4600,100,8000,11200,28800,23800,9500,2900,15800,6500,4800,4000,4100,6800,200
22.0,17.89,1816200,32380674.0,17.88,17.87,17.86,17.85,17.84,17.8,17.79,17.78,17.76,17.75,17.89,17.9,17.91,17.93,17.94,17.95,17.96,17.97,17.98,18.0,3200,15500,500,3200,900,7500,100,8000,11200,24800,700,23800,25100,2900,15800,14600,4800,4000,4100,6800
23.0,17.81,1872700,33389601.0,17.82,17.81,17.8,17.79,17.78,17.76,17.75,17.74,17.73,17.72,17.86,17.88,17.89,17.9,17.91,17.93,17.94,17.95,17.96,17.98,9700,13900,8600,600,8000,5600,20700,3000,3600,9700,7800,8800,5600,26200,35100,2900,15800,14600,4800,4100
24.0,17.86,1885000,33609209.0,17.81,17.8,17.79,17.78,17.76,17.75,17.74,17.73,17.72,17.71,17.86,17.88,17.89,17.9,17.91,17.93,17.94,17.95,17.96,17.98,13900,9800,600,8000,5600,20700,3000,3600,9700,26100,800,9100,5600,26300,35100,2900,15800,14600,4800,4100
25.0,17.86,1885300,33614567.0,17.81,17.8,17.79,17.78,17.76,17.75,17.74,17.73,17.72,17.71,17.85,17.86,17.88,17.89,17.9,17.91,17.93,17.94,17.95,17.96,12500,7300,800,8000,5600,20700,3000,3600,9700,26100,700,2300,11300,6100,27300,35100,2900,15800,15000,800
26.0,17.82,1925900,34338741.0,17.81,17.8,17.79,17.78,17.76,17.75,17.74,17.73,17.72,17.71,17.82,17.86,17.87,17.88,17.89,17.9,17.91,17.93,17.94,17.95,10600,7400,800,8000,5600,8500,3000,3600,9700,26100,100,8500,32500,11300,7400,28000,35100,2900,15800,11000
27.0,17.8,1943700,34655719.0,17.8,17.79,17.75,17.74,17.73,17.72,17.71,17.7,17.69,17.68,17.82,17.83,17.84,17.85,17.86,17.87,17.88,17.89,17.9,17.91,200,800,8500,3000,3600,9700,26100,45100,2700,15700,2300,5200,3600,18300,15100,25600,10400,7400,28000,35100
28.0,17.79,1948300,34737469.0,17.79,17.77,17.76,17.75,17.74,17.73,17.72,17.71,17.7,17.69,17.81,17.82,17.83,17.84,17.85,17.86,17.87,17.88,17.89,17.9,200,100,300,10700,3000,3600,9700,26100,45000,2700,100,4700,5200,3600,18300,6800,15400,10700,7400,27300
29.0,17.76,1955200,34860278.0,17.75,17.74,17.73,17.72,17.71,17.7,17.69,17.68,17.67,17.66,17.81,17.82,17.83,17.84,17.85,17.86,17.87,17.88,17.89,17.9,10200,3000,3600,9700,26100,45000,2700,15700,21000,5900,5200,5300,5200,3600,26400,6800,15400,10900,7400,27300
30.0,17.79,1982200,35339967.0,17.76,17.75,17.74,17.73,17.72,17.71,17.7,17.69,17.68,17.67,17.79,17.8,17.81,17.82,17.83,17.84,17.85,17.86,17.87,17.88,2800,400,3000,3600,9700,26100,45000,2700,15700,21000,1000,1300,9400,5300,8200,3600,26400,6800,15400,8700
31.0,17.78,1999500,35647123.0,17.76,17.75,17.73,17.72,17.71,17.7,17.69,17.68,17.67,17.66,17.78,17.79,17.8,17.81,17.82,17.83,17.84,17.85,17.86,17.87,1400,100,1700,9700,26100,45000,2700,15700,21000,5900,1000,300,6500,9400,5300,8200,3600,15000,1200,8500
32.0,17.75,2005500,35753723.0,17.73,17.72,17.71,17.7,17.69,17.68,17.67,17.66,17.65,17.64,17.75,17.76,17.78,17.79,17.8,17.81,17.82,17.83,17.84,17.85,4300,9700,26100,45000,2700,15700,21000,5900,6900,1000,1900,1500,3400,2600,22000,9400,5300,8200,3600,6900
33.0,17.76,2038900,36345850.0,17.72,17.71,17.7,17.69,17.68,17.67,17.66,17.65,17.64,17.63,17.77,17.78,17.79,17.8,17.81,17.82,17.83,17.85,17.86,17.87,2500,26100,45000,2700,15700,21000,5900,6900,1000,5200,900,2200,2500,22600,9400,5200,8200,6900,3600,8200
34.0,17.77,2053600,36607076.0,17.78,17.77,17.76,17.74,17.73,17.72,17.71,17.7,17.69,17.68,17.79,17.8,17.81,17.82,17.83,17.85,17.86,17.87,17.88,17.89,1000,100,3900,300,2900,7900,24600,45000,2700,15700,1900,22600,6800,4200,8200,6900,3600,8200,6600,6400
35.0,17.82,2092400,37297739.0,17.82,17.81,17.8,17.79,17.78,17.77,17.76,17.75,17.74,17.73,17.83,17.85,17.86,17.87,17.88,17.89,17.9,17.91,17.94,17.95,1200,5000,1900,5000,11500,8000,4900,100,300,10100,3000,1300,3400,8200,6600,6400,8300,35100,11200,11900
36.0,17.78,2124500,37868977.0,17.79,17.78,17.77,17.76,17.75,17.74,17.73,17.72,17.71,17.7,17.83,17.85,17.86,17.87,17.88,17.89,17.9,17.91,17.94,17.95,1800,500,8000,10600,100,3300,10100,9300,23700,45000,2800,1300,3400,8200,700,6400,8300,35100,11200,11900
37.0,17.83,2127700,37926033.0,17.83,17.82,17.81,17.8,17.79,17.78,17.77,17.76,17.75,17.74,17.85,17.86,17.87,17.88,17.89,17.9,17.91,17.94,17.95,17.96,1700,4500,3200,1400,3700,500,8000,10300,100,13300,700,4400,8200,700,6400,8300,35100,11200,11900,800
38.0,17.82,2141900,38179180.0,17.82,17.81,17.8,17.79,17.78,17.77,17.76,17.75,17.74,17.73,17.85,17.86,17.87,17.88,17.89,17.9,17.91,17.94,17.95,17.96,700,7000,1400,3700,500,8000,12700,100,13300,12500,600,4400,8200,700,6400,8300,35100,11200,11900,800
39.0,17.81,2234800,39831177.0,17.81,17.8,17.79,17.78,17.77,17.76,17.74,17.73,17.72,17.71,17.86,17.87,17.88,17.89,17.9,17.91,17.94,17.95,17.96,17.99,800,5300,1600,1000,12600,2400,2600,12800,10700,26700,800,2600,700,6400,8300,35100,11200,12400,800,5400
40.0,17.77,2249700,40096155.0,17.77,17.76,17.75,17.74,17.73,17.72,17.71,17.7,17.69,17.68,17.84,17.85,17.86,17.87,17.88,17.89,17.9,17.91,17.94,17.95,5700,2200,1900,2600,16200,10700,26700,45100,2700,15700,3200,3300,13400,2600,700,6400,8800,32300,11200,12400
41.0,17.77,2268400,40429451.0,17.77,17.76,17.75,17.74,17.73,17.72,17.71,17.7,17.69,17.68,17.84,17.85,17.86,17.87,17.88,17.89,17.9,17.91,17.94,17.95,1700,2200,4500,2600,18100,10700,26700,45300,2700,16000,1400,200,2700,2600,700,6400,8800,32300,11200,14500
42.0,17.82,2278800,40614449.0,17.78,17.77,17.76,17.75,17.74,17.73,17.72,17.71,17.7,17.69,17.83,17.84,17.85,17.86,17.88,17.89,17.9,17.91,17.94,17.95,2900,17600,6300,4700,1600,19500,10700,26700,46000,2700,2700,2500,1800,2700,700,6400,8800,32300,11200,11900
43.0,17.76,2308700,41146146.0,17.76,17.75,17.74,17.73,17.72,17.71,17.7,17.69,17.68,17.67,17.81,17.83,17.84,17.85,17.86,17.88,17.89,17.9,17.91,17.94,6300,14800,600,19500,10700,26700,46100,2700,16000,21000,1800,1100,1600,1800,2700,700,6400,8800,32300,11200
44.0,17.8,2318500,41320713.0,17.77,17.76,17.75,17.74,17.73,17.72,17.71,17.7,17.69,17.68,17.8,17.82,17.83,17.84,17.85,17.86,17.88,17.89,17.9,17.91,1000,6800,13600,600,19900,10600,26900,46300,2700,16000,500,1700,1100,8100,1800,2700,2200,6400,8800,32300
45.0,17.81,2339700,41697171.0,17.77,17.76,17.75,17.74,17.73,17.72,17.71,17.7,17.69,17.68,17.81,17.82,17.83,17.84,17.85,17.86,17.88,17.89,17.9,17.91,200,3400,9000,25900,20000,10600,26900,45800,2700,16000,300,400,1100,8100,4600,2700,2200,6400,8800,32300
46.0,17.79,2350400,41887184.0,17.77,17.76,17.75,17.74,17.73,17.72,17.71,17.7,17.69,17.68,17.8,17.81,17.82,17.83,17.84,17.85,17.86,17.88,17.89,17.9,1900,700,9700,25900,20500,10600,25800,45800,2700,16000,1700,4400,400,1100,8100,4600,2700,4400,6400,8800
47.0,17.8,2396600,42707272.0,17.75,17.74,17.73,17.72,17.71,17.7,17.69,17.68,17.67,17.66,17.8,17.81,17.82,17.83,17.84,17.85,17.86,17.88,17.89,17.9,9400,42900,20500,10600,25800,46900,2800,16000,21000,5900,1700,5500,400,4100,8100,4600,2700,4400,6400,8800
48.0,17.78,2407600,42903156.0,17.77,17.76,17.75,17.74,17.73,17.72,17.71,17.7,17.69,17.68,17.79,17.8,17.81,17.82,17.83,17.84,17.85,17.86,17.88,17.89,1500,11000,9400,39400,21500,10600,25800,46900,2800,16000,1500,1400,1900,1700,3000,8100,4600,2700,3100,6400
49.0,17.76,2424600,43205156.0,17.75,17.74,17.73,17.72,17.71,17.7,17.69,17.68,17.67,17.66,17.76,17.77,17.79,17.8,17.81,17.82,17.83,17.84,17.85,17.86,9400,26300,21500,10600,25800,46900,3100,16000,21000,5900,200,600,1200,1400,4400,1700,3000,8100,4600,2700
50.0,17.77,2431500,43327694.0,17.75,17.74,17.73,17.72,17.71,17.7,17.69,17.68,17.67,17.66,17.77,17.79,17.8,17.81,17.82,17.83,17.84,17.85,17.86,17.88,9100,26600,21500,10600,25800,46900,3100,16000,21000,5900,1800,1400,1400,4400,1100,3000,8100,4600,2700,3100
51.0,17.79,2439500,43469750.0,17.75,17.74,17.73,17.72,17.71,17.7,17.69,17.68,17.67,17.66,17.79,17.8,17.81,17.82,17.83,17.84,17.85,17.86,17.88,17.89,7700,26600,21500,10600,25800,46900,3100,16000,21000,5900,100,1500,6500,1100,3000,8100,11200,2700,3100,6400
52.0,17.76,2452200,43695135.0,17.75,17.74,17.73,17.72,17.71,17.7,17.69,17.68,17.67,17.66,17.77,17.79,17.8,17.81,17.82,17.83,17.84,17.85,17.86,17.88,400,22500,21700,10600,25800,53900,3100,16000,21000,5900,600,200,4900,6800,1100,3000,8100,11200,2700,3100
53.0,17.79,2453400,43716469.0,17.75,17.74,17.73,17.72,17.71,17.7,17.69,17.68,17.67,17.66,17.79,17.8,17.81,17.82,17.83,17.84,17.85,17.86,17.88,17.89,400,25000,21700,10700,22900,53900,3100,16000,21000,5900,6200,4600,6300,1100,3000,8100,11200,2700,1600,6400
54.0,17.75,2465800,43936854.0,17.77,17.75,17.74,17.73,17.72,17.71,17.7,17.69,17.68,17.67,17.79,17.8,17.81,17.82,17.83,17.84,17.85,17.86,17.88,17.89,1200,7900,23900,21700,12500,22900,53900,3100,16000,21000,2000,12600,6300,1100,3000,8100,11200,2700,1600,6400
55.0,17.75,2473800,44078890.0,17.75,17.74,17.73,17.72,17.71,17.7,17.69,17.68,17.67,17.66,17.77,17.79,17.8,17.81,17.82,17.83,17.84,17.85,17.86,17.88,11000,23900,21700,12500,22900,54100,3100,16000,21500,5900,500,2000,12800,6300,1100,3000,8100,11200,2700,1600
56.0,17.77,2480500,44197833.0,17.75,17.74,17.73,17.72,17.71,17.7,17.69,17.68,17.67,17.66,17.77,17.78,17.79,17.8,17.81,17.82,17.83,17.84,17.85,17.86,6400,23600,21700,12500,22900,58000,3100,16000,21500,5900,4500,1700,2100,12800,6300,1100,3000,8100,11200,2700
57.0,17.75,2533900,45145299.0,17.74,17.73,17.72,17.71,17.7,17.69,17.68,17.67,17.66,17.65,17.77,17.78,17.79,17.8,17.81,17.82,17.83,17.84,17.85,17.86,8600,12400,18500,23400,58000,3100,16000,21500,5900,7300,3800,1700,2100,12800,5900,1100,3000,8100,11200,2700
58.0,17.77,2544600,45335187.0,17.75,17.74,17.73,17.72,17.71,17.7,17.69,17.68,17.67,17.66,17.77,17.78,17.79,17.8,17.81,17.82,17.83,17.84,17.85,17.86,300,2900,12400,18800,23400,59000,3100,16000,21500,5900,2900,1700,2600,12800,5900,1100,3000,8100,11200,2700
59.0,17.76,2556900,45553565.0,17.75,17.74,17.73,17.72,17.71,17.7,17.69,17.68,17.67,17.66,17.77,17.78,17.79,17.8,17.81,17.82,17.83,17.84,17.85,17.86,18500,3200,12900,18800,23400,59000,3100,16000,21500,5900,2000,1700,2600,12500,5900,1100,3000,7900,11100,2700
60.0,17.76,2562100,45645955.0,17.76,17.75,17.74,17.73,17.72,17.71,17.7,17.69,17.68,17.67,17.78,17.79,17.8,17.81,17.82,17.83,17.84,17.85,17.86,17.88,800,17900,3200,12900,19400,23400,52000,3100,16000,21500,1000,2600,12500,5900,1100,3000,7900,11100,2700,1600
61.0,17.79,2578800,45942795.0,17.78,17.77,17.76,17.75,17.74,17.73,17.72,17.71,17.7,17.69,17.8,17.81,17.82,17.83,17.84,17.85,17.86,17.88,17.89,17.9,3300,200,1200,22900,3200,13000,19400,23400,52000,3100,20700,5900,500,4600,7900,11100,2700,1600,6400,10300
62.0,17.8,2612100,46535544.0,17.81,17.8,17.79,17.78,17.77,17.76,17.75,17.74,17.73,17.72,17.82,17.83,17.84,17.85,17.86,17.88,17.89,17.9,17.91,17.93,200,2700,10900,6200,700,1200,22900,3400,13000,19400,700,8100,7900,11100,2700,1600,6400,10300,32300,900
63.0,17.79,2678300,47711690.0,17.79,17.78,17.76,17.75,17.74,17.73,17.72,17.71,17.7,17.69,17.82,17.83,17.84,17.85,17.86,17.88,17.89,17.9,17.91,17.93,300,1500,7700,83500,3400,13000,20700,22900,52200,3100,1500,8100,7900,11100,2700,1600,6400,7800,32300,900
64.0,17.76,2698100,48063936.0,17.78,17.77,17.76,17.75,17.74,17.73,17.72,17.71,17.7,17.69,17.82,17.83,17.84,17.85,17.86,17.88,17.89,17.9,17.91,17.93,4300,3400,5200,72100,3400,13000,20700,22900,52200,3100,800,8100,7900,11100,2700,1600,6400,7800,32300,900
65.0,17.9,2782000,49562382.0,17.9,17.89,17.88,17.85,17.82,17.81,17.8,17.79,17.78,17.77,17.91,17.93,17.94,17.95,17.98,17.99,18.0,18.01,18.02,18.03,21900,32000,22300,4600,67300,2200,100,18900,6300,4200,32400,900,11200,13700,800,5400,53300,200,1300,9100
66.0,17.93,2820000,50243048.0,17.91,17.9,17.89,17.88,17.85,17.84,17.82,17.8,17.79,17.78,17.94,17.95,17.98,17.99,18.0,18.01,18.02,18.03,18.04,18.05,8700,22100,32000,22800,5400,800,67300,1100,19900,2000,100,13700,800,5400,53300,200,1300,9100,6900,73400
67.0,17.91,2862800,51010104.0,17.91,17.9,17.89,17.88,17.85,17.84,17.82,17.81,17.8,17.79,17.96,17.97,17.98,17.99,18.0,18.01,18.02,18.03,18.04,18.05,1000,8200,32000,22800,4600,2200,59700,100,1600,14700,100,2900,1800,5400,53300,200,1300,9100,6900,73400
68.0,17.96,2872200,51178667.0,17.92,17.91,17.9,17.89,17.88,17.85,17.84,17.82,17.81,17.8,17.97,17.98,17.99,18.0,18.01,18.02,18.03,18.04,18.05,18.06,11900,11600,7400,32000,22800,4600,3000,58700,200,1600,1400,1800,5400,53300,200,1300,9100,6900,73400,7000
69.0,17.93,2902800,51728645.0,17.94,17.93,17.92,17.91,17.9,17.89,17.88,17.85,17.84,17.82,17.98,17.99,18.0,18.01,18.02,18.03,18.04,18.05,18.06,18.09,800,8500,16500,5900,7400,32000,22800,4600,6200,61300,1300,300,53300,200,1300,9100,6900,73400,7000,6300
70.0,17.97,2959900,52751371.0,17.93,17.9,17.89,17.88,17.85,17.84,17.82,17.81,17.8,17.79,17.97,17.98,17.99,18.0,18.01,18.02,18.03,18.04,18.05,18.06,1100,900,17000,22800,4600,2500,62300,200,1900,15300,700,3400,300,53300,200,1300,9100,6900,73400,7000
71.0,17.98,2998300,53440926.0,17.97,17.94,17.93,17.92,17.91,17.9,17.89,17.88,17.85,17.84,17.98,17.99,18.0,18.01,18.02,18.03,18.04,18.05,18.06,18.09,1100,700,800,7400,2600,3600,16900,22800,4600,1500,1600,2800,53300,200,1300,9100,6900,73400,7000,6300
72.0,17.97,3005000,53561148.0,17.92,17.91,17.9,17.89,17.88,17.85,17.82,17.81,17.8,17.79,17.97,17.98,17.99,18.0,18.01,18.02,18.03,18.04,18.05,18.06,6000,2600,3600,16900,22800,4600,63400,200,900,15300,500,1900,2800,53300,200,1300,9100,6900,73400,7000
73.0,17.95,3029400,53998775.0,17.92,17.91,17.9,17.89,17.88,17.87,17.85,17.82,17.81,17.8,17.96,17.97,17.98,17.99,18.0,18.01,18.02,18.03,18.04,18.05,9600,2600,6800,16900,22800,2200,4600,63400,200,900,800,1000,1900,3400,53300,200,1300,9100,6900,73400
74.0,17.93,3039000,54171139.0,17.93,17.92,17.91,17.9,17.89,17.88,17.87,17.85,17.82,17.81,17.98,17.99,18.0,18.01,18.02,18.03,18.04,18.05,18.06,18.09,3600,11100,3400,6800,16900,22800,2200,4600,64400,200,10600,3300,53800,200,1300,9100,6900,73400,7000,6300
75.0,17.97,3043700,54255454.0,17.92,17.91,17.9,17.89,17.88,17.87,17.85,17.82,17.81,17.8,17.96,17.97,17.98,17.99,18.0,18.01,18.02,18.03,18.04,18.05,11100,3400,8300,16900,22800,2200,4600,64400,200,900,11000,6700,1000,3400,53800,200,1300,9100,6900,73400
76.0,17.94,3068400,54698555.0,17.91,17.9,17.89,17.88,17.87,17.85,17.82,17.81,17.8,17.79,17.94,17.95,17.96,17.97,17.98,17.99,18.0,18.01,18.02,18.03,3200,8100,16900,22800,2200,4600,64500,200,900,13200,900,2800,300,6700,900,3400,53800,200,1300,9100
77.0,17.91,3069900,54725441.0,17.91,17.9,17.89,17.88,17.87,17.85,17.82,17.81,17.8,17.79,17.93,17.94,17.95,17.96,17.97,17.98,17.99,18.0,18.01,18.02,5100,8100,16900,22800,2200,4600,64500,200,900,13300,1600,400,100,300,5100,900,3400,53800,200,1300
78.0,17.93,3071800,54759502.0,17.91,17.9,17.89,17.88,17.87,17.85,17.82,17.81,17.8,17.79,17.93,17.94,17.95,17.96,17.97,17.98,17.99,18.0,18.01,18.02,5400,8100,16900,22800,2200,4600,64500,200,900,13300,100,400,100,300,5100,900,3400,53800,200,1300
79.0,17.92,3087200,55035234.0,17.89,17.88,17.87,17.85,17.82,17.81,17.8,17.79,17.77,17.76,17.91,17.92,17.93,17.94,17.95,17.96,17.97,17.98,17.99,18.0,16300,22800,2200,4600,64500,200,900,13300,2500,3100,1000,400,100,1200,100,300,5100,900,3400,53800
80.0,17.89,3100600,55275045.0,17.89,17.88,17.87,17.85,17.82,17.81,17.8,17.79,17.77,17.76,17.9,17.91,17.92,17.94,17.95,17.96,17.97,17.98,17.99,18.0,7500,22800,2200,4600,64500,200,900,13300,2500,3100,100,1000,5900,1300,100,300,5100,900,3400,53800
81.0,17.91,3100900,55280417.0,17.89,17.88,17.87,17.85,17.82,17.81,17.8,17.79,17.77,17.76,17.9,17.91,17.92,17.94,17.95,17.96,17.97,17.98,17.99,18.0,7500,22800,2300,4600,64500,200,900,100,2500,3100,300,800,5900,1300,100,300,5100,900,3400,53800
82.0,17.9,3103900,55334093.0,17.89,17.88,17.87,17.85,17.82,17.81,17.8,17.79,17.77,17.76,17.91,17.92,17.94,17.95,17.96,17.97,17.98,17.99,18.0,18.01,5000,22800,2300,4600,98400,300,900,100,2500,3100,700,6400,1300,5100,300,5100,900,3400,53800,200
83.0,17.92,3109600,55436179.0,17.89,17.88,17.87,17.85,17.82,17.81,17.8,17.79,17.77,17.76,17.92,17.94,17.95,17.96,17.97,17.98,17.99,18.0,18.01,18.02,6400,23300,2300,4600,98400,300,900,100,2500,3100,3600,1300,6700,500,5100,900,3400,53300,200,1300
84.0,17.93,3113000,55497116.0,17.93,17.92,17.9,17.89,17.88,17.87,17.85,17.82,17.81,17.8,17.94,17.95,17.96,17.97,17.98,17.99,18.0,18.01,18.02,18.03,1000,100,3000,6400,23300,2300,4600,98400,100,900,900,6700,500,5100,900,3400,53300,200,1300,9100
85.0,17.94,3121100,55642265.0,17.92,17.91,17.9,17.89,17.88,17.87,17.85,17.82,17.81,17.8,17.95,17.96,17.97,17.98,17.99,18.0,18.01,18.02,18.03,18.04,3900,2300,15200,6400,23300,2300,4600,98400,100,900,6700,500,5100,900,2800,48300,200,1300,9100,6900
86.0,17.95,3132600,55848563.0,17.95,17.92,17.91,17.9,17.89,17.88,17.87,17.85,17.82,17.81,17.96,17.97,17.98,17.99,18.0,18.01,18.02,18.03,18.04,18.05,500,3300,2300,15200,6400,23300,2300,4600,98400,100,500,5100,900,2800,44400,200,1300,9100,6900,73800
87.0,17.96,3133400,55862927.0,17.95,17.93,17.92,17.91,17.9,17.89,17.88,17.87,17.85,17.82,17.96,17.97,17.98,17.99,18.0,18.01,18.02,18.03,18.04,18.05,100,1800,3300,2300,15000,6600,23300,2300,4600,98400,100,5100,900,2800,44400,200,1300,9100,6900,73800
88.0,17.93,3136200,55913136.0,17.93,17.92,17.91,17.9,17.89,17.88,17.87,17.85,17.84,17.82,17.97,17.98,17.99,18.0,18.01,18.02,18.03,18.04,18.05,18.06,700,3300,2300,27100,6600,24300,2300,4600,400,98400,5100,900,2800,44400,200,1300,9100,6900,73800,7000
89.0,17.98,3145700,56083853.0,17.97,17.94,17.93,17.92,17.91,17.9,17.89,17.88,17.87,17.85,17.99,18.0,18.01,18.02,18.03,18.04,18.05,18.06,18.09,18.1,1000,1800,400,3300,2300,27100,9800,24300,2300,4600,2800,44400,200,1300,9100,6900,73800,7000,6300,25100
90.0,17.94,3147500,56116185.0,17.95,17.94,17.93,17.92,17.91,17.9,17.89,17.88,17.87,17.85,17.97,17.99,18.0,18.01,18.02,18.03,18.04,18.05,18.06,18.09,500,1600,400,3300,2300,27800,10100,24300,2300,4600,7000,2600,44400,200,1300,9100,6900,73800,7000,6300
91.0,17.97,3154800,56247220.0,17.95,17.93,17.92,17.91,17.9,17.89,17.88,17.87,17.85,17.84,17.97,17.99,18.0,18.01,18.02,18.03,18.04,18.05,18.06,18.09,3100,4000,3300,2300,28900,10100,24300,2300,4600,500,6000,2600,44400,200,1300,9100,6900,73800,7000,6300
92.0,17.95,3164400,56419689.0,17.95,17.94,17.93,17.92,17.91,17.9,17.89,17.88,17.87,17.85,17.99,18.0,18.01,18.02,18.03,18.04,18.05,18.06,18.09,18.1,900,400,2900,3300,2300,29000,10100,24300,2300,4600,1900,44400,200,1300,9100,6900,73800,7000,6300,25100
93.0,17.93,3170700,56532734.0,17.94,17.93,17.92,17.91,17.9,17.89,17.88,17.87,17.85,17.84,17.97,17.98,17.99,18.0,18.01,18.02,18.03,18.04,18.05,18.06,2000,11900,3300,2300,29000,10100,23300,2300,4600,500,2000,2100,900,46400,200,1300,9100,6900,73800,7000
94.0,17.93,3177400,56652901.0,17.93,17.92,17.91,17.9,17.89,17.88,17.87,17.85,17.84,17.82,17.97,17.98,17.99,18.0,18.01,18.02,18.03,18.04,18.05,18.06,8100,3800,2300,28900,10100,23300,2300,4600,500,64500,2000,2100,1300,42400,200,1300,9100,6900,73800,7000
95.0,17.97,3180200,56703183.0,17.94,17.93,17.92,17.91,17.9,17.89,17.88,17.87,17.85,17.84,17.97,17.98,17.99,18.0,18.01,18.02,18.03,18.04,18.05,18.06,100,16100,37800,2300,29300,10100,23300,2300,4600,500,600,2100,1900,42400,200,200,9100,6900,73800,7000
96.0,17.97,3186500,56816220.0,17.97,17.94,17.93,17.92,17.91,17.9,17.89,17.88,17.87,17.85,17.98,17.99,18.0,18.01,18.02,18.03,18.04,18.05,18.06,18.09,11800,2200,14300,39700,2300,16200,10100,23300,2300,4600,300,1000,42400,200,200,9100,6900,73800,7000,6300
97.0,17.99,3213400,57299216.0,17.94,17.93,17.92,17.91,17.9,17.89,17.88,17.87,17.85,17.84,17.99,18.0,18.01,18.02,18.03,18.04,18.05,18.06,18.09,18.1,8900,14000,39700,5200,16700,10100,23300,2300,4600,500,2400,43400,200,200,9100,6900,73800,7000,6300,29400
98.0,17.98,3225500,57516483.0,17.98,17.94,17.93,17.92,17.91,17.9,17.89,17.88,17.87,17.85,17.99,18.0,18.01,18.02,18.03,18.04,18.05,18.06,18.09,18.1,200,3500,13900,38100,5200,16700,10100,23300,2300,4600,2500,44300,200,200,9100,6900,73800,7000,6300,29400
99.0,17.98,3261300,58158883.0,17.94,17.93,17.92,17.91,17.9,17.89,17.88,17.87,17.85,17.84,17.98,17.99,18.0,18.01,18.02,18.03,18.04,18.05,18.06,18.09,2300,13900,39700,5200,17900,9600,23300,2300,4600,500,800,1800,45500,200,200,9100,6900,73800,7000,6300
100.0,17.97,3265800,58239599.0,17.94,17.93,17.92,17.91,17.9,17.89,17.88,17.87,17.85,17.84,17.97,17.98,17.99,18.0,18.01,18.02,18.03,18.04,18.05,18.06,1700,11900,39700,5200,18000,9600,22800,2300,4600,500,3100,800,1800,45500,200,200,9100,6900,73800,7000
101.0,17.93,3271400,58340169.0,17.93,17.92,17.91,17.9,17.89,17.88,17.87,17.85,17.84,17.82,17.98,17.99,18.0,18.01,18.02,18.03,18.04,18.05,18.06,18.09,11800,39700,5200,18000,9400,22800,2300,4600,500,64500,700,1800,45500,200,200,9100,6900,73800,7000,6300
102.0,17.93,3273700,58381416.0,17.93,17.92,17.91,17.9,17.89,17.88,17.87,17.85,17.84,17.82,17.97,17.98,17.99,18.0,18.01,18.02,18.03,18.04,18.05,18.06,9700,35800,5200,17900,9400,22800,2300,4600,500,64500,3500,1200,1800,45500,200,200,9100,6900,73800,7000
103.0,17.97,3300100,58855232.0,17.95,17.93,17.92,17.91,17.9,17.89,17.88,17.87,17.85,17.84,17.97,17.98,17.99,18.0,18.01,18.02,18.03,18.04,18.05,18.06,1100,100,34200,5200,18100,10400,22800,2300,4600,500,4600,1200,1800,46000,200,200,9100,6900,73800,7000
104.0,17.97,3302300,58894720.0,17.92,17.91,17.9,17.89,17.88,17.87,17.85,17.84,17.82,17.81,17.94,17.95,17.96,17.97,17.98,17.99,18.0,18.01,18.02,18.03,34300,2900,17600,10400,22800,2300,4600,500,64500,100,700,100,100,3000,1200,1800,46000,200,200,9100
105.0,17.93,3304100,58926987.0,17.92,17.91,17.9,17.89,17.88,17.87,17.85,17.84,17.82,17.81,17.93,17.94,17.96,17.97,17.98,17.99,18.0,18.01,18.02,18.03,33500,2900,17600,10400,22800,2300,4600,500,64500,100,600,800,100,3300,1200,2800,57400,200,200,9100
106.0,17.93,3306900,58977169.0,17.92,17.91,17.9,17.89,17.88,17.87,17.85,17.84,17.82,17.81,17.94,17.96,17.97,17.98,17.99,18.0,18.01,18.02,18.03,18.04,31300,2900,17600,10400,22800,2300,4600,500,64500,100,800,100,3300,1500,2800,57400,200,200,9100,6900
107.0,17.95,3346300,59683395.0,17.93,17.92,17.91,17.9,17.89,17.88,17.87,17.85,17.84,17.82,17.95,17.96,17.97,17.98,17.99,18.0,18.01,18.02,18.03,18.04,6200,31400,2900,20700,9100,22800,2300,4600,500,64500,300,4000,3300,1500,2800,57400,200,200,9100,6900
108.0,17.95,3350900,59765887.0,17.93,17.92,17.91,17.9,17.89,17.88,17.87,17.85,17.84,17.82,17.95,17.96,17.97,17.98,17.99,18.0,18.01,18.02,18.03,18.04,3000,31400,2900,20900,9100,22800,2300,4600,500,64500,100,4000,3300,1500,2800,57400,200,200,9100,6900
109.0,17.94,3361300,59952532.0,17.92,17.91,17.9,17.89,17.88,17.87,17.85,17.84,17.82,17.81,17.94,17.96,17.97,17.98,17.99,18.0,18.01,18.02,18.03,18.04,30300,2900,21900,9100,22800,2300,4600,500,64500,100,300,3700,3300,1500,2800,58700,200,200,9100,6900
110.0,17.94,3364700,60013506.0,17.92,17.91,17.9,17.89,17.88,17.87,17.85,17.84,17.82,17.81,17.94,17.96,17.97,17.98,17.99,18.0,18.01,18.02,18.03,18.04,29500,2900,22200,9100,22900,2300,4600,500,64500,100,8700,3700,3300,1500,2800,58700,200,200,9100,6900
111.0,17.94,3366500,60045778.0,17.93,17.92,17.91,17.9,17.89,17.88,17.87,17.85,17.84,17.82,17.94,17.95,17.96,17.97,17.98,17.99,18.0,18.01,18.02,18.03,900,28500,2900,22700,9100,22900,2300,4600,500,64500,7900,3300,3700,3300,1500,2800,58700,200,200,9100
112.0,17.92,3397100,60594163.0,17.91,17.9,17.89,17.88,17.87,17.85,17.84,17.82,17.81,17.8,17.92,17.93,17.94,17.95,17.96,17.97,17.98,17.99,18.0,18.01,2900,22700,9100,22900,2300,4600,500,64500,100,3800,700,1600,7000,3300,3700,1300,300,1000,58700,200
113.0,17.91,3408100,60791331.0,17.91,17.9,17.89,17.88,17.87,17.85,17.84,17.82,17.81,17.8,17.93,17.94,17.95,17.96,17.97,17.98,17.99,18.0,18.01,18.02,2700,22700,9100,22900,2300,4600,500,64500,100,3800,1700,6400,3300,3700,1300,300,5000,58700,200,200
114.0,17.92,3408800,60803875.0,17.91,17.9,17.89,17.88,17.87,17.85,17.84,17.82,17.81,17.8,17.92,17.93,17.94,17.95,17.96,17.97,17.98,17.99,18.0,18.01,2700,22700,9100,22900,2300,4600,500,64500,100,3800,1400,1700,6400,3300,3700,1100,1500,5000,58700,200
115.0,17.92,3410600,60836120.0,17.91,17.9,17.89,17.88,17.87,17.85,17.84,17.82,17.81,17.8,17.92,17.93,17.94,17.95,17.96,17.97,17.98,17.99,18.0,18.01,1600,23900,9100,22900,2300,4600,500,64500,100,3800,700,9300,6400,3300,3700,1100,1500,5000,47700,200
116.0,17.9,3414600,60907740.0,17.9,17.89,17.88,17.87,17.85,17.84,17.82,17.81,17.8,17.79,17.91,17.92,17.93,17.94,17.95,17.96,17.97,17.98,17.99,18.0,23100,9100,22900,2300,4600,500,64300,100,3800,100,3800,8000,9300,6400,3300,3700,1600,1500,5000,46900
117.0,17.91,3422500,61049157.0,17.9,17.89,17.88,17.87,17.85,17.84,17.82,17.81,17.8,17.79,17.91,17.92,17.93,17.94,17.95,17.96,17.97,17.98,17.99,18.0,15900,21500,22900,2300,4600,500,64300,100,3800,100,3100,9700,9300,6400,3300,3700,1900,1500,5000,46900
118.0,17.91,3441500,61389291.0,17.9,17.89,17.88,17.87,17.85,17.84,17.82,17.81,17.8,17.79,17.91,17.92,17.93,17.94,17.95,17.96,17.97,17.98,17.99,18.0,17200,21500,22900,2300,4600,500,64300,100,4800,100,300,10200,9300,6400,3300,3700,1900,5000,5000,46900
119.0,17.91,3442000,61398247.0,17.9,17.89,17.88,17.87,17.85,17.84,17.82,17.81,17.8,17.79,17.91,17.92,17.93,17.94,17.95,17.96,17.97,17.98,17.99,18.0,17300,21500,22900,2300,4600,700,64300,100,4800,100,5600,10300,9300,6400,3300,3700,1900,5000,5000,46900
120.0,17.9,3442900,61414360.0,17.9,17.89,17.88,17.87,17.85,17.84,17.82,17.81,17.8,17.79,17.91,17.92,17.93,17.94,17.96,17.97,17.98,17.99,18.0,18.01,16700,21500,22900,2300,4600,700,64300,100,4800,100,9700,9300,9300,7200,2700,1900,5000,5000,46900,200
121.0,17.9,3447200,61491335.0,17.9,17.89,17.88,17.87,17.85,17.84,17.82,17.81,17.8,17.79,17.91,17.92,17.93,17.94,17.96,17.97,17.98,17.99,18.0,18.01,12900,21500,22900,2300,4600,700,64300,100,4800,100,9700,9300,9300,6900,2700,2000,5000,5000,46900,200
122.0,17.89,3463000,61774149.0,17.89,17.88,17.87,17.85,17.84,17.82,17.81,17.8,17.79,17.78,17.9,17.91,17.92,17.93,17.94,17.95,17.96,17.97,17.98,17.99,19800,22900,2300,6600,700,64300,100,5100,100,1400,2000,13100,18500,10100,6900,1000,2700,2000,5000,5000
123.0,17.9,3485200,62171317.0,17.89,17.88,17.87,17.85,17.84,17.82,17.81,17.8,17.79,17.78,17.9,17.91,17.92,17.93,17.94,17.95,17.96,17.97,17.98,17.99,5600,22900,2300,6600,700,64300,100,5100,100,1400,1000,16100,18500,10100,6900,1000,2700,2000,5000,5000
124.0,17.89,3491700,62287611.0,17.88,17.87,17.85,17.84,17.82,17.81,17.8,17.79,17.78,17.77,17.89,17.9,17.91,17.92,17.93,17.94,17.95,17.96,17.97,17.98,600,2300,2000,700,64300,100,5100,100,1400,1100,200,100,16100,18500,10100,6900,1000,2700,7200,5000
125.0,17.9,3502900,62488104.0,17.9,17.88,17.87,17.85,17.84,17.82,17.81,17.8,17.79,17.78,17.91,17.92,17.93,17.94,17.95,17.96,17.97,17.98,17.99,18.0,22000,600,2300,2000,700,64300,100,7100,100,1400,15200,18500,10100,6900,1000,2700,7200,5000,5000,48200
126.0,17.92,3541900,63186725.0,17.9,17.88,17.87,17.85,17.84,17.82,17.81,17.8,17.79,17.78,17.92,17.93,17.94,17.95,17.96,17.97,17.98,17.99,18.0,18.01,3000,600,2300,2000,700,64300,100,7100,100,1400,2200,10100,7800,1000,3300,7200,5000,5000,48200,700
127.0,17.9,3558400,63481912.0,17.89,17.88,17.87,17.86,17.85,17.84,17.82,17.81,17.8,17.79,17.9,17.91,17.92,17.93,17.94,17.95,17.96,17.97,17.98,17.99,3700,3900,5200,3500,1200,700,64300,100,7100,100,4500,1000,1700,8400,7800,1800,7700,7200,5000,5000
128.0,17.92,3566300,63623356.0,17.91,17.9,17.89,17.88,17.87,17.86,17.85,17.84,17.82,17.81,17.92,17.93,17.94,17.95,17.96,17.97,17.98,17.99,18.0,18.01,3700,6400,8700,3900,5200,3500,1200,700,64300,100,500,7600,7800,4200,7700,7200,5000,5000,49200,700
129.0,17.93,3572500,63734485.0,17.92,17.91,17.9,17.89,17.88,17.87,17.86,17.85,17.84,17.82,17.93,17.94,17.95,17.96,17.97,17.98,17.99,18.0,18.01,18.02,100,3800,6500,8700,3900,5200,3500,1300,700,64300,5100,7800,4200,8800,7200,5000,5000,49200,700,200
130.0,17.94,3591900,64082157.0,17.91,17.9,17.89,17.88,17.87,17.86,17.85,17.84,17.83,17.82,17.94,17.95,17.96,17.97,17.98,17.99,18.0,18.01,18.02,18.03,1400,4700,9700,2900,5300,3500,1300,700,5000,64300,5500,4200,8800,7200,5000,5000,49200,700,200,9200
131.0,17.94,3599100,64211319.0,17.94,17.92,17.91,17.9,17.89,17.88,17.87,17.86,17.85,17.84,17.95,17.96,17.97,17.98,17.99,18.0,18.01,18.02,18.03,18.04,7300,600,1400,5600,9700,2900,5300,3500,1300,700,4000,10800,7000,5000,5000,50300,700,200,9200,6900
132.0,17.95,3603100,64283119.0,17.94,17.92,17.91,17.9,17.89,17.88,17.87,17.86,17.85,17.84,17.96,17.97,17.98,17.99,18.0,18.01,18.02,18.03,18.04,18.05,7300,7600,1400,5600,9700,2900,5300,3500,1300,700,17100,7000,5000,5000,50300,700,200,9200,6900,73400
133.0,17.96,3609200,64392589.0,17.94,17.92,17.91,17.9,17.89,17.88,17.87,17.86,17.85,17.84,17.96,17.97,17.98,17.99,18.0,18.01,18.02,18.03,18.04,18.05,3000,7600,1600,5600,9700,2900,5300,3500,1300,700,15400,7000,5000,5000,49800,700,200,9200,6900,73400
134.0,17.96,3614500,64487751.0,17.95,17.94,17.92,17.91,17.9,17.89,17.88,17.87,17.86,17.85,17.96,17.97,17.98,17.99,18.0,18.01,18.02,18.03,18.04,18.05,200,13200,7700,1600,5600,9700,2900,5300,3500,1300,11400,7000,5000,5000,49800,700,200,9200,6900,73400
135.0,17.94,3616200,64518273.0,17.94,17.92,17.91,17.9,17.89,17.88,17.87,17.86,17.85,17.84,17.96,17.97,17.98,17.99,18.0,18.01,18.02,18.03,18.04,18.05,12700,7700,1700,5600,10200,2900,5300,4500,1200,1000,10200,7000,5000,5000,49800,700,200,9200,6900,73400
136.0,17.94,3621800,64618739.0,17.94,17.92,17.91,17.9,17.89,17.88,17.87,17.86,17.85,17.84,17.96,17.97,17.98,17.99,18.0,18.01,18.02,18.03,18.04,18.05,7300,7600,1700,5600,10200,3300,5300,4500,1200,1000,12000,6200,5000,5000,49800,700,200,9200,6900,73400
137.0,17.92,3637200,64894905.0,17.94,17.92,17.91,17.9,17.89,17.88,17.87,17.86,17.85,17.84,17.95,17.96,17.97,17.98,17.99,18.0,18.01,18.02,18.03,18.04,200,1400,1700,2800,10200,3300,5300,4500,1200,1000,2000,11300,6200,5000,5000,49800,700,200,9200,6900
138.0,17.94,3643500,65007932.0,17.92,17.91,17.9,17.89,17.88,17.87,17.86,17.85,17.84,17.83,17.94,17.95,17.96,17.97,17.98,17.99,18.0,18.01,18.02,18.03,1300,300,2800,10200,3300,5300,4500,1200,1000,5000,300,2100,11300,6200,5000,9500,49800,700,200,9200
139.0,17.94,3643700,65011518.0,17.92,17.91,17.9,17.89,17.88,17.87,17.86,17.85,17.84,17.83,17.93,17.94,17.95,17.96,17.97,17.98,17.99,18.0,18.01,18.02,1200,300,2800,8300,3300,5300,4500,1200,1000,5000,400,2000,1700,25900,6200,5000,9500,49800,700,200
140.0,17.92,3646800,65067123.0,17.92,17.91,17.9,17.89,17.88,17.87,17.86,17.85,17.84,17.83,17.93,17.94,17.95,17.96,17.97,17.98,17.99,18.0,18.01,18.02,1600,300,2800,8400,3300,5300,4700,1200,1000,5000,900,100,1400,25900,6200,5000,9500,49800,700,200
141.0,17.93,3647200,65074295.0,17.92,17.91,17.9,17.89,17.88,17.87,17.86,17.85,17.84,17.83,17.93,17.94,17.95,17.96,17.97,17.98,17.99,18.0,18.01,18.02,1600,300,2800,8400,3300,5300,4700,1600,1000,5000,500,900,1400,25900,6200,5000,9500,49800,700,200
142.0,17.89,3654700,65208559.0,17.9,17.89,17.88,17.87,17.86,17.85,17.84,17.83,17.82,17.81,17.92,17.93,17.94,17.95,17.96,17.97,17.98,17.99,18.0,18.01,200,5800,1400,5300,3000,1600,1000,5000,63800,100,100,600,1400,1400,4000,6200,5000,9500,49800,700
143.0,17.92,3658100,65269473.0,17.9,17.89,17.88,17.87,17.86,17.85,17.84,17.83,17.82,17.81,17.91,17.92,17.93,17.94,17.95,17.96,17.97,17.98,17.99,18.0,2500,5800,400,3600,2200,1600,1000,5000,63800,100,100,1100,2200,1400,1100,4000,6200,5000,9500,49800
144.0,17.92,3659100,65287390.0,17.9,17.89,17.88,17.87,17.86,17.85,17.84,17.83,17.82,17.81,17.92,17.93,17.94,17.95,17.96,17.97,17.98,17.99,18.0,18.01,9600,5800,400,1900,2200,1600,1000,5000,63800,100,600,2200,3200,1100,4000,6200,5000,9500,49800,700
145.0,17.93,3666800,65425368.0,17.9,17.89,17.88,17.87,17.86,17.85,17.84,17.83,17.82,17.81,17.93,17.94,17.95,17.96,17.97,17.98,17.99,18.0,18.01,18.02,7000,5200,400,1900,2200,1600,1000,5000,63800,100,200,1900,1100,4000,6200,5000,9500,48800,700,300
146.0,17.9,3672900,65534564.0,17.9,17.89,17.88,17.87,17.86,17.85,17.84,17.83,17.82,17.81,17.93,17.94,17.95,17.96,17.97,17.98,17.99,18.0,18.01,18.02,1500,5200,400,1900,2200,1600,1000,5000,63800,100,800,4700,4800,2400,6200,5000,9500,48800,700,100
147.0,17.9,3673600,65547103.0,17.9,17.89,17.88,17.87,17.86,17.85,17.84,17.83,17.82,17.81,17.93,17.94,17.95,17.96,17.97,17.98,17.99,18.0,18.01,18.02,1800,5200,400,100,2200,2100,1000,5000,63800,100,600,4700,5700,2400,6200,5000,9500,48800,700,100
148.0,17.9,3680100,65663421.0,17.89,17.88,17.87,17.86,17.85,17.84,17.83,17.82,17.81,17.8,17.9,17.93,17.94,17.95,17.96,17.97,17.98,17.99,18.0,18.01,1900,400,100,2700,2100,1000,5000,63800,100,10400,100,600,4700,5700,2400,6200,5000,9500,37400,700
149.0,17.93,3680500,65670590.0,17.91,17.9,17.89,17.88,17.87,17.86,17.85,17.84,17.83,17.82,17.93,17.94,17.95,17.96,17.97,17.98,17.99,18.0,18.01,18.02,900,6200,3300,400,2800,3900,2100,1000,6600,63800,300,6600,9000,7700,6200,5000,9500,37400,700,100
150.0,17.9,3691700,65871162.0,17.89,17.88,17.87,17.86,17.85,17.84,17.83,17.82,17.81,17.8,17.9,17.94,17.95,17.96,17.97,17.98,17.99,18.0,18.01,18.02,3300,400,2800,4000,2100,1000,6600,63800,100,10400,1400,5200,9000,7700,6200,5000,9500,37400,700,100
151.0,17.9,3698800,65998252.0,17.9,17.89,17.88,17.87,17.86,17.85,17.84,17.83,17.82,17.81,17.93,17.94,17.95,17.96,17.97,17.98,17.99,18.0,18.01,18.02,9200,3500,400,2800,4000,4300,1000,6600,63800,100,600,20300,9000,7700,6200,5000,9500,37700,700,100
152.0,17.94,3699700,66014391.0,17.9,17.89,17.88,17.87,17.86,17.85,17.84,17.83,17.82,17.81,17.93,17.94,17.95,17.96,17.97,17.98,17.99,18.0,18.01,18.02,10200,3500,400,2800,4000,4300,1000,6600,63800,100,1100,20500,9400,7700,6200,5000,9500,37700,700,100
153.0,17.93,3716000,66306345.0,17.89,17.88,17.87,17.86,17.85,17.84,17.83,17.82,17.81,17.8,17.94,17.95,17.96,17.97,17.98,17.99,18.0,18.01,18.02,18.03,3500,400,2800,4000,4300,1000,6600,63800,100,10400,20400,10600,7700,6200,5000,9500,37700,700,100,9200
154.0,17.93,3721000,66395890.0,17.9,17.89,17.88,17.87,17.86,17.85,17.84,17.83,17.82,17.81,17.93,17.94,17.95,17.96,17.97,17.98,17.99,18.0,18.01,18.02,500,4900,400,2800,4000,4300,1000,6600,63800,100,900,26900,10600,7700,6200,5000,8000,37700,700,100
155.0,17.94,3722700,66426379.0,17.9,17.89,17.88,17.87,17.86,17.85,17.84,17.83,17.82,17.81,17.94,17.95,17.96,17.97,17.98,17.99,18.0,18.01,18.02,18.03,600,8100,400,2800,4000,4300,1000,6600,63800,100,26100,10600,7700,6200,5000,8000,37700,700,100,9200
156.0,17.93,3724600,66460457.0,17.9,17.89,17.88,17.87,17.86,17.85,17.84,17.83,17.82,17.81,17.93,17.94,17.95,17.96,17.97,17.98,17.99,18.0,18.01,18.02,600,8200,3200,2800,4000,4300,1000,6700,63800,100,900,26700,10600,7700,6200,5000,8000,38400,700,100
157.0,17.89,3727800,66517711.0,17.89,17.88,17.87,17.86,17.85,17.84,17.83,17.82,17.81,17.8,17.92,17.93,17.94,17.95,17.96,17.97,17.98,17.99,18.0,18.01,5600,3200,2800,4000,4300,1000,6700,63800,100,10400,1000,1000,26700,10600,7700,6200,5000,8000,38800,700
158.0,17.93,3728900,66537424.0,17.9,17.89,17.88,17.87,17.86,17.85,17.84,17.83,17.82,17.81,17.93,17.94,17.95,17.96,17.97,17.98,17.99,18.0,18.01,18.02,9000,5600,3200,2800,4000,4300,1000,6700,63800,100,900,26700,10600,7700,6200,5000,8000,38800,700,100
159.0,17.93,3729800,66553561.0,17.9,17.89,17.88,17.87,17.86,17.85,17.84,17.83,17.82,17.81,17.93,17.94,17.95,17.96,17.97,17.98,17.99,18.0,18.01,18.02,9000,5600,3200,2800,4000,4300,1000,6700,63800,100,500,27600,10600,8700,6200,5000,8000,38800,1600,100
160.0,17.93,3730000,66557147.0,17.91,17.9,17.89,17.88,17.87,17.86,17.85,17.84,17.83,17.82,17.93,17.94,17.95,17.96,17.97,17.98,17.99,18.0,18.01,18.02,800,9200,5600,3200,2800,3900,4300,1000,6700,63800,800,27600,9600,8700,6200,5000,8000,38800,1600,100
161.0,17.93,3730100,66558940.0,17.92,17.91,17.9,17.89,17.88,17.87,17.86,17.85,17.84,17.83,17.93,17.94,17.95,17.96,17.97,17.98,17.99,18.0,18.01,18.02,100,800,13000,5600,3200,2800,4100,4300,1000,6700,6600,29600,9600,8700,6200,5000,8000,38800,1600,100
162.0,17.93,3732800,66607299.0,17.9,17.89,17.88,17.87,17.86,17.85,17.84,17.83,17.82,17.81,17.93,17.94,17.95,17.96,17.97,17.98,17.99,18.0,18.01,18.02,15800,6600,3200,2800,4100,4300,1000,6700,63800,100,6400,30700,9600,8700,6200,5000,8000,38800,1600,100
163.0,17.93,3734200,66632385.0,17.91,17.9,17.89,17.88,17.87,17.86,17.85,17.84,17.83,17.82,17.93,17.94,17.95,17.96,17.97,17.98,17.99,18.0,18.01,18.02,5300,16500,6600,3200,600,4100,4300,1000,6700,63800,6000,30700,5900,8700,6500,5000,8000,38800,1600,100
164.0,17.94,3741000,66754310.0,17.93,17.91,17.9,17.89,17.88,17.87,17.86,17.85,17.84,17.83,17.94,17.95,17.96,17.97,17.98,17.99,18.0,18.01,18.02,18.03,4100,4800,17200,6600,3200,600,4100,4300,1000,6700,31300,6500,8700,6500,5000,8000,38800,700,100,9200
165.0,17.93,3742200,66775826.0,17.93,17.91,17.9,17.89,17.88,17.87,17.86,17.85,17.84,17.83,17.94,17.95,17.96,17.97,17.98,17.99,18.0,18.01,18.02,18.03,8100,4800,17500,6600,3200,600,4100,4300,1000,6700,31300,6500,8700,6500,5000,8000,38800,700,100,9200
166.0,17.94,3744100,66809894.0,17.93,17.91,17.9,17.89,17.88,17.87,17.86,17.85,17.84,17.83,17.94,17.95,17.96,17.97,17.98,17.99,18.0,18.01,18.02,18.03,6800,4800,17500,6600,3200,600,4100,4300,1000,6700,31200,6500,9200,6500,5000,8000,38800,700,100,9200
167.0,17.94,3745100,66827831.0,17.93,17.91,17.9,17.89,17.88,17.87,17.86,17.85,17.84,17.83,17.94,17.95,17.96,17.97,17.98,17.99,18.0,18.01,18.02,18.03,7100,4800,18600,6600,3200,600,4100,4300,1000,6700,30500,6500,9200,6500,5000,8000,38800,700,100,9200
168.0,17.93,3747200,66865500.0,17.93,17.91,17.9,17.89,17.88,17.87,17.86,17.85,17.84,17.83,17.94,17.95,17.96,17.97,17.98,17.99,18.0,18.01,18.02,18.03,6800,5700,18700,6600,3200,600,4100,4300,1000,6700,28900,6500,9200,6500,5000,8000,38800,700,100,9200
169.0,17.93,3777000,67400071.0,17.93,17.91,17.9,17.89,17.88,17.87,17.86,17.85,17.84,17.83,17.94,17.95,17.96,17.97,17.98,17.99,18.0,18.01,18.02,18.03,3800,5700,23900,6600,3200,600,4100,4300,1000,6700,3200,7500,9200,6500,5000,8000,38800,700,100,9200
170.0,17.93,3786300,67566818.0,17.91,17.9,17.89,17.88,17.87,17.86,17.85,17.84,17.83,17.82,17.93,17.94,17.95,17.96,17.97,17.98,17.99,18.0,18.01,18.02,7100,24400,6600,3800,600,4100,4900,1000,6700,60200,2400,3200,7500,9200,6500,5000,8000,38800,700,100
171.0,17.93,3788300,67602678.0,17.91,17.9,17.89,17.88,17.87,17.86,17.85,17.84,17.83,17.82,17.93,17.94,17.95,17.96,17.97,17.98,17.99,18.0,18.01,18.02,7100,24400,6600,3800,600,4100,4900,1000,6700,60200,400,3200,7500,9200,6500,5000,8000,38800,700,100
172.0,17.94,3799100,67796138.0,17.91,17.9,17.89,17.88,17.87,17.86,17.85,17.84,17.83,17.82,17.94,17.95,17.96,17.97,17.98,17.99,18.0,18.01,18.02,18.03,2900,24500,6600,3800,600,4100,4900,1000,6700,60200,2700,10400,9200,6500,5000,8000,38800,700,100,9200
173.0,17.94,3799900,67810490.0,17.91,17.9,17.89,17.88,17.87,17.86,17.85,17.84,17.83,17.82,17.94,17.95,17.96,17.97,17.98,17.99,18.0,18.01,18.02,18.03,3000,24500,6600,3800,600,4100,4900,1000,5100,60200,2400,12000,9200,6500,5000,8000,38800,700,100,9200
174.0,17.94,3802200,67851725.0,17.91,17.9,17.89,17.88,17.87,17.86,17.85,17.84,17.83,17.82,17.94,17.95,17.96,17.97,17.98,17.99,18.0,18.01,18.02,18.03,2200,24500,6600,3900,600,4100,4900,1000,5100,60200,1100,17300,9200,6500,5000,8000,38800,700,100,9200
175.0,17.94,3806700,67932309.0,17.9,17.89,17.88,17.87,17.86,17.85,17.84,17.83,17.82,17.81,17.94,17.95,17.96,17.97,17.98,17.99,18.0,18.01,18.02,18.03,22500,6600,4000,600,4100,4900,1000,5100,60200,400,8300,17300,9200,6500,5000,8000,38800,700,100,9200
176.0,17.94,3807200,67941279.0,17.9,17.89,17.88,17.87,17.86,17.85,17.84,17.83,17.82,17.81,17.93,17.94,17.95,17.96,17.97,17.98,17.99,18.0,18.01,18.02,21500,6600,4000,600,4100,4900,1000,5100,60200,400,3000,7800,17300,10700,6500,5000,8000,38800,700,100
177.0,17.92,3819100,68154369.0,17.9,17.89,17.88,17.87,17.86,17.85,17.84,17.83,17.82,17.81,17.92,17.93,17.94,17.95,17.96,17.97,17.98,17.99,18.0,18.01,14100,5600,4000,600,4100,4900,1000,5100,60200,400,3600,3700,7800,17300,10700,6500,5000,8000,38800,700
178.0,17.92,3821900,68204545.0,17.9,17.89,17.88,17.87,17.86,17.85,17.84,17.83,17.82,17.81,17.92,17.93,17.94,17.95,17.96,17.97,17.98,17.99,18.0,18.01,14100,5600,4000,100,4600,4900,700,5100,60200,400,2400,5000,7800,17300,10700,6500,5000,8000,38800,700
179.0,17.92,3825200,68263625.0,17.9,17.89,17.88,17.87,17.86,17.85,17.84,17.83,17.82,17.81,17.92,17.93,17.94,17.95,17.96,17.97,17.98,17.99,18.0,18.01,11600,5600,4000,100,4600,4900,700,5100,60200,400,2100,5000,7900,17300,10700,6500,5000,8000,38800,700
180.0,17.9,3827500,68304803.0,17.9,17.89,17.88,17.87,17.86,17.85,17.84,17.83,17.82,17.81,17.91,17.92,17.93,17.94,17.95,17.96,17.97,17.98,17.99,18.0,9700,5600,4000,100,4100,4900,700,5100,60200,400,2300,4400,5000,8100,14400,10700,6500,5000,8000,38800
181.0,17.88,3848600,68682353.0,17.87,17.86,17.85,17.84,17.83,17.82,17.81,17.8,17.79,17.78,17.88,17.89,17.9,17.91,17.92,17.93,17.94,17.95,17.96,17.97,100,3300,4900,700,5100,60200,400,18500,100,1700,1300,3100,2600,2600,4400,4900,2800,14400,10700,6500
182.0,17.87,3848900,68687716.0,17.86,17.85,17.84,17.83,17.82,17.81,17.8,17.79,17.78,17.77,17.88,17.89,17.9,17.91,17.92,17.93,17.94,17.95,17.96,17.97,3300,4900,700,5100,60200,400,18500,100,1700,1300,6900,4200,2600,2600,4400,4900,2800,14800,10700,6500
183.0,17.88,3849600,68700232.0,17.86,17.85,17.84,17.83,17.82,17.81,17.8,17.79,17.78,17.77,17.88,17.89,17.9,17.91,17.92,17.93,17.94,17.95,17.96,17.97,3300,4900,700,5100,60200,1400,19000,100,1700,1300,7900,4200,3400,2600,4600,4900,2800,14800,10700,6500
184.0,17.85,3858800,68864502.0,17.84,17.83,17.82,17.81,17.8,17.79,17.78,17.77,17.76,17.75,17.86,17.88,17.89,17.9,17.91,17.92,17.93,17.94,17.95,17.96,700,5100,60200,1400,19200,100,1700,1300,3300,41400,200,7400,3400,3400,2600,4600,4900,2600,14800,10700
185.0,17.86,3858900,68866288.0,17.84,17.83,17.82,17.81,17.8,17.79,17.78,17.77,17.76,17.75,17.85,17.86,17.88,17.89,17.9,17.91,17.92,17.93,17.94,17.95,700,5100,60200,1400,19200,100,1700,1300,3300,41400,5000,200,3200,7200,4800,2600,4600,4900,2600,14800
186.0,17.83,3867400,69017914.0,17.83,17.82,17.81,17.8,17.79,17.78,17.77,17.76,17.75,17.74,17.85,17.86,17.88,17.89,17.9,17.91,17.92,17.93,17.94,17.95,500,60200,1400,19200,100,1700,1300,3300,41400,8700,1800,100,3200,7200,4800,1700,4600,4900,2600,14800
187.0,17.86,3870600,69075042.0,17.85,17.84,17.83,17.82,17.81,17.8,17.79,17.78,17.77,17.76,17.87,17.88,17.89,17.9,17.91,17.92,17.93,17.94,17.95,17.96,900,4800,12100,60200,2400,19200,100,1700,1300,3300,700,3100,7200,4800,1700,4600,4900,2600,14800,9200
188.0,17.88,3874000,69135811.0,17.86,17.85,17.84,17.83,17.82,17.81,17.8,17.79,17.78,17.77,17.88,17.89,17.9,17.91,17.92,17.93,17.94,17.95,17.96,17.97,1000,2700,4800,12200,60200,2400,19200,100,1700,1300,1300,7200,4800,100,4600,4900,2600,14800,9200,6500
189.0,17.89,3931800,70170072.0,17.89,17.88,17.87,17.86,17.85,17.84,17.83,17.82,17.81,17.8,17.92,17.93,17.94,17.95,17.96,17.97,17.98,17.99,18.0,18.01,6600,5200,6200,3400,2400,4800,12200,60200,2400,19200,1700,3300,400,13200,9200,6500,7600,8000,38800,700
190.0,17.88,3942700,70365072.0,17.88,17.87,17.86,17.85,17.84,17.83,17.82,17.81,17.8,17.79,17.92,17.93,17.94,17.95,17.96,17.97,17.98,17.99,18.0,18.01,900,8500,2400,3400,3500,12200,60200,2400,19200,100,1600,3300,1400,13200,9200,6500,7600,8000,38800,700
191.0,17.89,3965600,70774593.0,17.88,17.87,17.86,17.85,17.84,17.83,17.82,17.81,17.8,17.79,17.92,17.93,17.94,17.95,17.96,17.97,17.98,17.99,18.0,18.01,2500,1100,3700,3600,3500,12200,60200,2400,19200,100,700,3300,1400,13200,9200,6500,7600,8000,38800,700
192.0,17.92,3966500,70790718.0,17.89,17.88,17.87,17.86,17.85,17.84,17.83,17.82,17.81,17.8,17.92,17.93,17.94,17.95,17.96,17.97,17.98,17.99,18.0,18.01,2100,9000,600,3600,1800,3700,10400,60200,2400,19200,6400,3300,1400,13200,9200,6500,7600,8000,38800,700
193.0,17.92,3984200,71107181.0,17.88,17.87,17.86,17.85,17.84,17.83,17.82,17.81,17.8,17.79,17.92,17.93,17.94,17.95,17.96,17.97,17.98,17.99,18.0,18.01,300,6600,5000,4800,4500,10400,60200,2400,19200,100,6400,3300,1400,13200,7400,6500,7600,8000,36800,700
194.0,17.94,4001800,71422602.0,17.88,17.87,17.86,17.85,17.84,17.83,17.82,17.81,17.8,17.79,17.94,17.95,17.96,17.97,17.98,17.99,18.0,18.01,18.02,18.03,3200,6600,5500,4800,4300,10300,60200,2400,19200,100,700,14200,7100,6500,7600,8000,36800,700,100,9200
195.0,17.9,4006200,71501298.0,17.89,17.88,17.87,17.86,17.85,17.84,17.83,17.82,17.81,17.8,17.92,17.94,17.95,17.96,17.97,17.98,17.99,18.0,18.01,18.02,2200,3400,6600,5500,4800,4300,10300,60200,2400,19200,4500,5200,14200,7100,6500,7600,8000,36800,700,100
196.0,17.9,4017100,71696436.0,17.9,17.89,17.88,17.87,17.86,17.85,17.84,17.83,17.82,17.81,17.94,17.95,17.96,17.97,17.98,17.99,18.0,18.01,18.02,18.03,1100,1300,1900,6600,5500,4800,4900,10300,60200,2400,5300,14200,7100,6500,7600,8000,36800,700,100,9200
197.0,17.91,4019600,71741260.0,17.9,17.89,17.88,17.87,17.86,17.85,17.84,17.83,17.82,17.81,17.94,17.95,17.96,17.97,17.98,17.99,18.0,18.01,18.02,18.03,6900,1300,5600,6600,5500,4800,4900,10300,60200,2400,6900,14200,9100,6500,7600,8000,36800,700,100,9200
198.0,17.94,4021200,71769916.0,17.91,17.9,17.88,17.87,17.86,17.85,17.84,17.83,17.82,17.81,17.94,17.95,17.96,17.97,17.98,17.99,18.0,18.01,18.02,18.03,3800,6600,5600,6600,5500,5800,4900,10300,60200,2400,6100,14200,9100,6500,7600,8000,36800,700,100,9200
199.0,17.92,4040000,72106575.0,17.92,17.9,17.89,17.88,17.87,17.86,17.85,17.84,17.83,17.82,17.94,17.95,17.96,17.97,17.98,17.99,18.0,18.01,18.02,18.03,700,600,20300,5600,6600,5500,5800,4900,10300,60200,6600,14200,9100,6500,7600,8000,36800,700,100,9200
200.0,17.94,4054800,72371760.0,17.91,17.9,17.89,17.88,17.87,17.86,17.85,17.84,17.83,17.82,17.94,17.95,17.96,17.97,17.98,17.99,18.0,18.01,18.02,18.03,1600,8400,14100,5600,6600,5500,5800,4900,10300,60200,4900,13200,9100,6500,7600,8000,36800,700,100,9200
201.0,17.94,4055000,72375348.0,17.92,17.91,17.9,17.89,17.88,17.87,17.86,17.85,17.84,17.83,17.94,17.95,17.96,17.97,17.98,17.99,18.0,18.01,18.02,18.03,3400,2500,8400,7100,6100,6600,5500,5800,4900,10300,4700,13200,9600,6500,7600,8000,36800,700,100,9200
202.0,17.92,4069800,72640882.0,17.93,17.92,17.91,17.9,17.89,17.88,17.87,17.86,17.85,17.84,17.94,17.95,17.96,17.97,17.98,17.99,18.0,18.01,18.02,18.03,100,1900,2500,8400,6000,6100,6600,5500,8800,4900,200,8000,9700,6500,7600,8000,36800,700,100,9200
203.0,17.96,4081400,72849122.0,17.93,17.91,17.9,17.89,17.88,17.87,17.86,17.85,17.84,17.83,17.96,17.97,17.98,17.99,18.0,18.01,18.02,18.03,18.04,18.05,1100,4300,10400,6000,6100,6900,5500,8800,4900,10300,7000,6500,7600,8000,36800,700,100,9200,6900,76100
204.0,17.94,4085800,72928140.0,17.94,17.93,17.92,17.91,17.9,17.89,17.88,17.87,17.86,17.85,17.96,17.97,17.98,17.99,18.0,18.01,18.02,18.03,18.04,18.05,1500,2900,600,4500,10400,6000,7100,6900,5500,8800,2900,6500,7600,8000,36800,700,100,9200,6900,74600
205.0,17.94,4093700,73069807.0,17.94,17.93,17.92,17.91,17.9,17.89,17.88,17.87,17.86,17.85,17.96,17.97,17.98,17.99,18.0,18.01,18.02,18.03,18.04,18.05,300,1300,800,3900,10400,6000,7500,6900,5500,8800,2900,6500,7600,10000,36800,700,100,9200,6900,74600
206.0,17.96,4094400,73082370.0,17.94,17.93,17.92,17.91,17.9,17.89,17.88,17.87,17.86,17.85,17.96,17.97,17.98,17.99,18.0,18.01,18.02,18.03,18.04,18.05,400,2000,800,4000,11000,6000,7500,6900,5500,8800,2600,6500,7600,10000,36900,700,100,9200,6900,74600
207.0,17.96,4095800,73107514.0,17.95,17.94,17.93,17.92,17.91,17.9,17.89,17.88,17.87,17.86,17.96,17.97,17.98,17.99,18.0,18.01,18.02,18.03,18.04,18.05,400,400,2000,800,4000,11000,6000,7500,6900,5500,1200,6500,7600,10000,36900,700,100,9200,6900,74600
208.0,17.96,4103600,73247352.0,17.94,17.91,17.9,17.89,17.88,17.87,17.86,17.85,17.84,17.83,17.96,17.97,17.98,17.99,18.0,18.01,18.02,18.03,18.04,18.05,100,1100,11000,6000,7500,6900,4400,8800,7700,2600,600,8400,6400,10000,36100,700,100,9200,6900,74600
209.0,17.95,4104300,73259905.0,17.92,17.91,17.9,17.89,17.88,17.87,17.86,17.85,17.84,17.83,17.96,17.97,17.98,17.99,18.0,18.01,18.02,18.03,18.04,18.05,4900,800,11000,6000,7500,6900,4400,8800,7700,2600,800,8400,6400,10000,36100,700,100,9200,6900,74600
210.0,17.94,4106000,73290423.0,17.94,17.92,17.91,17.9,17.89,17.88,17.87,17.86,17.85,17.84,17.96,17.97,17.98,17.99,18.0,18.01,18.02,18.03,18.04,18.05,200,7300,800,11000,6000,7500,6900,4400,8800,7700,2200,8400,6400,10000,36100,700,100,9200,6900,74600
211.0,17.95,4114400,73441252.0,17.94,17.93,17.92,17.91,17.9,17.89,17.88,17.87,17.86,17.85,17.95,17.97,17.98,17.99,18.0,18.01,18.02,18.03,18.04,18.05,7200,1400,6800,800,11000,6000,7400,6900,4400,8800,300,5400,6400,10000,36100,700,100,9000,6900,74600
212.0,17.96,4121400,73566931.0,17.94,17.93,17.92,17.91,17.9,17.89,17.88,17.87,17.86,17.85,17.96,17.97,17.98,17.99,18.0,18.01,18.02,18.03,18.04,18.05,5300,800,6800,900,10400,6000,7400,6900,4400,8800,1700,5400,7700,10000,36100,700,100,9000,6900,74600
213.0,17.96,4121400,73566931.0,17.94,17.93,17.92,17.91,17.9,17.89,17.88,17.87,17.86,17.85,17.96,17.97,17.98,17.99,18.0,18.01,18.02,18.03,18.04,18.05,5300,800,6800,900,10400,6000,7400,6900,4400,8800,1700,5500,7700,10000,36100,700,100,9000,6900,74600
214.0,17.98,4157300,74210890.0,17.93,17.92,17.91,17.9,17.89,17.88,17.87,17.86,17.85,17.84,17.98,17.99,18.0,18.01,18.02,18.03,18.04,18.05,18.06,18.07,4400,4000,24200,10900,6000,7700,6900,4400,8800,7700,8200,10000,36100,700,100,9000,6900,74600,7000,400
215.0,17.94,4161900,74293579.0,17.94,17.93,17.92,17.91,17.9,17.89,17.88,17.87,17.86,17.85,17.96,17.98,17.99,18.0,18.01,18.02,18.03,18.04,18.05,18.06,5600,7300,2700,22300,12900,6000,7600,6900,4400,8800,2800,12300,10000,36100,700,100,9000,6900,74600,7000
216.0,17.96,4166400,74374331.0,17.94,17.93,17.92,17.91,17.9,17.89,17.88,17.87,17.86,17.85,17.96,17.98,17.99,18.0,18.01,18.02,18.03,18.04,18.05,18.06,2200,7600,2700,15300,12900,6000,7600,6900,4400,8800,4300,12300,10000,36100,700,100,9000,6900,74600,7000
217.0,17.96,4178700,74594997.0,17.93,17.92,17.91,17.9,17.89,17.88,17.87,17.86,17.85,17.84,17.96,17.98,17.99,18.0,18.01,18.02,18.03,18.04,18.05,18.06,1600,13000,16400,12900,5200,7600,6900,4400,8800,7000,1000,11800,10000,36100,700,100,9000,6900,74600,7000
218.0,17.96,4180100,74620141.0,17.93,17.92,17.91,17.9,17.89,17.88,17.87,17.86,17.85,17.84,17.96,17.97,17.98,17.99,18.0,18.01,18.02,18.03,18.04,18.05,3400,13000,16500,12900,3200,7600,6900,4400,8800,7000,1500,2900,11800,10000,36100,700,100,9000,6900,74600
219.0,17.97,4183900,74688400.0,17.95,17.94,17.93,17.92,17.91,17.9,17.89,17.88,17.87,17.86,17.97,17.98,17.99,18.0,18.01,18.02,18.03,18.04,18.05,18.06,100,1800,9200,10400,16400,12900,1900,7600,6900,4400,1900,11800,10000,36200,700,100,9000,6900,74600,7000
220.0,17.96,4217400,75290888.0,17.96,17.95,17.94,17.93,17.92,17.91,17.9,17.89,17.88,17.87,17.99,18.0,18.01,18.02,18.03,18.04,18.05,18.06,18.07,18.08,2500,19300,1800,8800,3700,14800,12900,900,7600,6900,600,29800,700,100,9000,6900,74600,7000,400,1200
221.0,18.0,4218200,75305283.0,17.99,17.98,17.97,17.96,17.95,17.94,17.93,17.92,17.91,17.9,18.0,18.01,18.02,18.03,18.04,18.05,18.06,18.07,18.08,18.09,400,100,4300,5600,20000,1700,7900,2700,14500,14600,29400,700,100,9000,6900,74600,7000,400,1200,6300
222.0,17.98,4220400,75344836.0,17.98,17.97,17.96,17.95,17.94,17.93,17.92,17.91,17.9,17.89,18.0,18.01,18.02,18.03,18.04,18.05,18.06,18.07,18.08,18.09,1900,4600,5600,20000,200,7700,2800,14500,14600,900,29300,700,100,9000,6900,74600,7000,400,1200,6300
223.0,17.96,4230000,75517387.0,17.96,17.95,17.94,17.93,17.92,17.91,17.9,17.89,17.88,17.87,17.99,18.0,18.01,18.02,18.03,18.04,18.05,18.06,18.07,18.08,2300,18800,200,7700,2800,14500,14600,900,7600,7500,800,30300,700,100,9000,6900,74600,7000,400,1200
224.0,17.96,4241900,75731447.0,17.96,17.95,17.94,17.93,17.92,17.91,17.9,17.89,17.88,17.87,17.99,18.0,18.01,18.02,18.03,18.04,18.05,18.06,18.07,18.08,2400,18800,200,7700,2800,14500,14700,900,7600,7500,5700,30400,700,100,9000,6900,74600,7000,400,1200
225.0,17.96,4242400,75740427.0,17.96,17.95,17.94,17.93,17.92,17.91,17.9,17.89,17.88,17.87,17.99,18.0,18.01,18.02,18.03,18.04,18.05,18.06,18.07,18.08,1900,18200,200,7600,4800,14500,14700,900,7600,7500,5700,30400,700,100,9000,6900,74600,7000,400,1200
226.0,17.96,4249500,75867980.0,17.95,17.94,17.93,17.92,17.91,17.9,17.89,17.88,17.87,17.86,17.96,17.97,17.98,17.99,18.0,18.01,18.02,18.03,18.04,18.05,19900,200,7000,4800,14500,14700,1900,7600,7500,4400,6900,1300,2800,9200,30400,700,100,9000,6900,74600
227.0,17.96,4262900,76108558.0,17.95,17.94,17.93,17.92,17.91,17.9,17.89,17.88,17.87,17.86,17.96,17.97,17.98,17.99,18.0,18.01,18.02,18.03,18.04,18.05,11500,500,7000,5800,14500,14700,1900,7600,7500,4400,3900,1300,2800,9200,30400,700,100,9000,6900,74600
228.0,17.96,4263800,76124717.0,17.95,17.94,17.93,17.92,17.91,17.9,17.89,17.88,17.87,17.86,17.96,17.97,17.98,17.99,18.0,18.01,18.02,18.03,18.04,18.05,11000,500,7000,5800,12500,14700,1900,4000,8500,4400,3500,1300,2800,10200,30400,700,100,9000,6900,74600
229.0,17.94,4281500,76442305.0,17.93,17.92,17.91,17.9,17.89,17.88,17.87,17.86,17.85,17.84,17.94,17.95,17.96,17.97,17.98,17.99,18.0,18.01,18.02,18.03,1000,6300,5600,14100,1900,4000,8500,4400,9300,5000,7800,10000,4300,9800,2800,30200,30400,700,100,9000
230.0,17.94,4288700,76571455.0,17.92,17.91,17.9,17.89,17.88,17.87,17.86,17.85,17.84,17.83,17.94,17.95,17.96,17.97,17.98,17.99,18.0,18.01,18.02,18.03,6300,6100,14100,1900,4200,8500,4400,9300,5000,4500,4000,10000,2800,9800,2800,31500,30400,700,100,9000
231.0,17.93,4289800,76591176.0,17.92,17.91,17.9,17.89,17.88,17.87,17.86,17.85,17.84,17.83,17.94,17.95,17.96,17.97,17.98,17.99,18.0,18.01,18.02,18.03,5700,6100,14100,1900,4200,8500,4400,9300,5000,4500,3600,3000,2800,9800,2800,31500,30400,700,100,9000
232.0,17.94,4291400,76619864.0,17.92,17.91,17.9,17.89,17.88,17.87,17.86,17.85,17.84,17.83,17.94,17.95,17.96,17.97,17.98,17.99,18.0,18.01,18.02,18.03,4900,6100,14100,1900,4200,8500,4400,9300,5000,4500,2900,3000,5200,9000,2000,30700,31900,700,100,9000
233.0,17.91,4304300,76850967.0,17.9,17.89,17.88,17.87,17.86,17.85,17.84,17.83,17.82,17.81,17.91,17.92,17.93,17.94,17.95,17.96,17.97,17.98,17.99,18.0,14500,1900,3600,2000,4300,9300,5000,4500,59800,2400,2800,800,100,3200,3000,5200,9000,3200,30700,31900
234.0,17.9,4308400,76924399.0,17.9,17.89,17.88,17.87,17.86,17.85,17.84,17.83,17.82,17.81,17.92,17.93,17.94,17.95,17.96,17.97,17.98,17.99,18.0,18.01,13900,1900,3600,2000,4300,9300,5000,4500,59800,2400,100,400,800,5900,5200,10300,3200,23900,31900,700
235.0,17.94,4310000,76953097.0,17.94,17.91,17.9,17.89,17.88,17.87,17.86,17.85,17.84,17.83,17.95,17.96,17.97,17.98,17.99,18.0,18.01,18.02,18.03,18.04,3200,3000,13900,1900,3600,2000,4300,9500,5000,4500,5900,5200,10300,3400,23900,31800,700,100,9000,6900
236.0,17.94,4312400,76996155.0,17.94,17.92,17.91,17.9,17.89,17.88,17.87,17.86,17.85,17.84,17.95,17.96,17.97,17.98,17.99,18.0,18.01,18.02,18.03,18.04,7300,3300,3000,14100,1900,3600,2000,4300,9500,5000,5700,5200,10300,3400,23900,31800,700,100,9000,6900
237.0,17.93,4324300,77209565.0,17.93,17.92,17.91,17.9,17.89,17.88,17.87,17.86,17.85,17.84,17.94,17.95,17.96,17.97,17.98,17.99,18.0,18.01,18.02,18.03,800,1900,3000,13900,2200,3600,2000,4300,9500,2200,3600,6200,5200,10300,3400,23900,32400,700,100,9000
238.0,17.92,4328200,77279487.0,17.92,17.91,17.9,17.89,17.88,17.87,17.86,17.85,17.84,17.83,17.94,17.95,17.96,17.97,17.98,17.99,18.0,18.01,18.02,18.03,3000,3100,13900,2200,3600,2000,4300,9500,2200,4500,2600,6200,5200,10300,3400,23900,32400,700,100,9000
239.0,17.94,4330100,77313561.0,17.92,17.91,17.9,17.89,17.88,17.87,17.86,17.85,17.84,17.83,17.94,17.95,17.96,17.97,17.98,17.99,18.0,18.01,18.02,18.03,2500,3100,13700,2200,3600,2000,4300,11500,2200,4500,1300,6200,5200,10300,3400,23900,32400,700,100,9000
240.0,17.91,4338100,77456916.0,17.91,17.9,17.89,17.88,17.87,17.86,17.85,17.84,17.83,17.82,17.94,17.95,17.96,17.97,17.98,17.99,18.0,18.01,18.02,18.03,41100,13700,2200,3600,2000,4300,11500,2200,4700,59800,300,5400,5100,10300,3400,23900,32800,700,100,9000
241.0,17.94,4339800,77487387.0,17.94,17.92,17.91,17.9,17.89,17.88,17.87,17.86,17.85,17.84,17.95,17.96,17.97,17.98,17.99,18.0,18.01,18.02,18.03,18.04,300,1000,40600,14700,2200,4600,2000,4300,11500,2200,5400,5900,15600,3400,23900,31600,700,100,9000,6900
242.0,17.94,4345300,77586089.0,17.94,17.93,17.92,17.91,17.9,17.89,17.88,17.87,17.86,17.85,17.95,17.96,17.97,17.98,17.99,18.0,18.01,18.02,18.03,18.04,9200,200,200,40600,14700,2200,4600,2000,4300,11500,2300,5900,15100,3400,23900,31600,700,100,9000,6900
243.0,17.94,4345600,77591471.0,17.94,17.92,17.91,17.9,17.89,17.88,17.87,17.86,17.85,17.84,17.95,17.96,17.97,17.98,17.99,18.0,18.01,18.02,18.03,18.04,9600,11200,40600,14700,2200,4600,2000,4300,11500,2200,2300,6000,15100,3400,23900,31600,700,100,9000,6900
244.0,17.96,4349100,77654298.0,17.95,17.94,17.92,17.91,17.9,17.89,17.88,17.87,17.86,17.85,17.96,17.97,17.98,17.99,18.0,18.01,18.02,18.03,18.04,18.05,1100,14500,12200,40600,15000,2200,4600,2000,4300,11500,5300,15100,3400,23900,31700,700,100,9000,6900,74600
245.0,18.0,4423100,78985201.0,17.99,17.97,17.96,17.95,17.94,17.92,17.91,17.9,17.89,17.88,18.0,18.01,18.02,18.03,18.04,18.05,18.06,18.07,18.08,18.09,800,3700,13600,16900,14600,12700,40900,15500,2200,4600,8400,700,100,9000,6900,74600,7000,400,1200,6300
246.0,17.99,4427200,79059000.0,17.99,17.97,17.96,17.95,17.94,17.92,17.91,17.9,17.89,17.88,18.0,18.01,18.02,18.03,18.04,18.05,18.06,18.07,18.08,18.09,1600,4400,9000,26200,15600,13900,40900,15500,2200,4600,4400,700,100,9000,6900,74600,7000,400,1200,6300
247.0,17.97,4431800,79141724.0,17.97,17.96,17.95,17.94,17.92,17.91,17.9,17.89,17.88,17.87,18.0,18.01,18.02,18.03,18.04,18.05,18.06,18.07,18.08,18.09,3100,4800,27000,15600,13900,41400,15500,1900,4600,2000,3400,700,300,10100,6900,74600,7000,400,1200,6300
248.0,18.05,4459500,79641167.0,18.0,17.99,17.98,17.97,17.96,17.95,17.94,17.92,17.91,17.9,18.05,18.06,18.07,18.08,18.09,18.1,18.11,18.12,18.13,18.14,800,2300,2500,1000,1500,25300,15600,13900,41400,15500,69300,7000,400,1200,6300,11100,1500,200,18400,700
249.0,18.05,4460500,79659217.0,18.0,17.99,17.98,17.97,17.96,17.95,17.94,17.92,17.91,17.9,18.05,18.06,18.07,18.08,18.09,18.1,18.11,18.12,18.13,18.14,9300,2300,2500,1000,1500,16200,16500,13900,41400,16000,75900,7000,400,1200,6300,11100,1500,200,18400,700
250.0,18.05,4461600,79679072.0,18.0,17.99,17.98,17.97,17.96,17.95,17.94,17.92,17.91,17.9,18.04,18.05,18.06,18.07,18.08,18.09,18.1,18.11,18.12,18.13,12600,2300,2500,1000,1500,16400,16500,13900,41400,15000,3400,78100,7000,400,1200,6300,11100,1500,200,18400
251.0,18.0,4467300,79781872.0,18.0,17.99,17.98,17.97,17.96,17.95,17.94,17.92,17.91,17.9,18.04,18.05,18.06,18.07,18.08,18.09,18.1,18.11,18.12,18.13,16600,2300,2500,1000,1500,6000,16400,13900,41400,15000,3100,78300,7000,400,1200,6300,11100,1500,200,18400
252.0,18.04,4471800,79862929.0,18.01,18.0,17.99,17.98,17.97,17.96,17.95,17.94,17.92,17.91,18.04,18.05,18.06,18.07,18.08,18.09,18.1,18.11,18.12,18.13,100,16900,2300,2500,1000,1200,5900,10400,13900,41400,6700,78300,7000,400,1200,6300,11100,1500,200,18400
253.0,18.03,4475300,79926048.0,18.0,17.99,17.98,17.97,17.96,17.95,17.94,17.92,17.91,17.9,18.03,18.04,18.05,18.06,18.07,18.08,18.09,18.1,18.11,18.12,16900,2300,800,1000,1200,5900,10400,13900,41400,15000,2300,6600,78300,7000,400,1200,6300,11100,1500,200
254.0,18.05,4491600,80219986.0,18.0,17.99,17.98,17.97,17.96,17.95,17.94,17.92,17.91,17.9,18.05,18.06,18.07,18.08,18.09,18.1,18.11,18.12,18.13,18.14,15200,3000,800,1000,1000,5700,10400,12700,41400,15000,75800,7000,400,1200,6300,11100,1500,200,18400,700
255.0,18.04,4494700,80275903.0,18.0,17.99,17.98,17.97,17.96,17.95,17.94,17.92,17.91,17.9,18.04,18.05,18.06,18.07,18.08,18.09,18.1,18.11,18.12,18.13,18600,3000,800,1000,1000,5700,10400,12700,41400,15000,3400,78600,7000,400,1200,6300,11100,1500,200,18400
256.0,18.03,4495000,80281309.0,18.0,17.99,17.98,17.97,17.96,17.95,17.94,17.92,17.91,17.9,18.03,18.04,18.05,18.06,18.07,18.08,18.09,18.1,18.11,18.12,23200,2600,800,1000,1000,5500,10400,11700,41400,15000,9200,9100,78600,7000,400,1200,6300,6800,1500,200
257.0,18.01,4502900,80423551.0,18.0,17.99,17.97,17.96,17.95,17.94,17.92,17.91,17.9,17.89,18.01,18.02,18.03,18.04,18.05,18.06,18.07,18.08,18.09,18.1,19500,2600,100,100,5500,10400,11700,41400,15000,6500,2900,800,1800,5900,78600,7000,400,1200,6300,6800
258.0,18.0,4508500,80524351.0,18.0,17.99,17.97,17.96,17.95,17.94,17.92,17.91,17.9,17.89,18.01,18.02,18.03,18.04,18.05,18.06,18.07,18.08,18.09,18.1,14300,2600,100,100,5500,10400,11700,46400,15000,6500,5400,800,1800,6300,78900,7000,400,1200,6300,6800
259.0,18.0,4517100,80679163.0,18.0,17.99,17.97,17.96,17.95,17.94,17.92,17.91,17.9,17.89,18.01,18.02,18.03,18.04,18.05,18.06,18.07,18.08,18.09,18.1,7000,3000,100,100,6400,10400,11700,46400,15000,6500,2600,800,1800,6300,78900,7000,600,1300,6300,6800
260.0,18.0,4521100,80751166.0,18.0,17.99,17.98,17.97,17.96,17.95,17.94,17.92,17.91,17.9,18.01,18.02,18.03,18.04,18.05,18.06,18.07,18.08,18.09,18.1,4300,3000,1600,100,100,4600,10400,11700,48200,15000,2300,800,1800,6300,78900,7000,600,1300,6300,5100
261.0,18.0,4525200,80824993.0,18.0,17.99,17.98,17.97,17.96,17.95,17.94,17.92,17.91,17.9,18.02,18.03,18.04,18.05,18.06,18.07,18.08,18.09,18.1,18.11,2700,3000,1600,100,100,4600,10600,10700,48200,15000,600,1800,6300,78900,7000,600,1300,6300,5100,1500
262.0,17.95,4535200,81004861.0,17.95,17.94,17.92,17.91,17.9,17.89,17.88,17.87,17.86,17.85,17.97,18.0,18.02,18.03,18.04,18.05,18.06,18.07,18.08,18.09,2900,10600,10700,48200,15000,6500,5300,2000,4300,8500,8000,7200,500,1800,6300,78900,7000,600,1300,6300
263.0,18.0,4543900,81161216.0,17.95,17.94,17.92,17.91,17.9,17.89,17.88,17.87,17.86,17.85,18.0,18.02,18.03,18.04,18.05,18.06,18.07,18.08,18.09,18.1,2900,11400,10700,48200,15000,6500,5300,2000,4300,8500,6600,500,1800,6300,78900,7000,600,1300,6300,5100
264.0,17.98,4545500,81189980.0,17.95,17.94,17.92,17.91,17.9,17.89,17.88,17.87,17.86,17.85,17.98,17.99,18.0,18.02,18.03,18.04,18.05,18.06,18.07,18.08,2700,11400,10700,48200,15000,6500,5300,2000,4300,8500,2900,3400,22400,500,1800,6300,78900,7000,2000,1300
265.0,17.95,4560000,81450255.0,17.94,17.92,17.91,17.9,17.89,17.88,17.87,17.86,17.85,17.84,17.95,17.97,17.98,17.99,18.0,18.02,18.03,18.04,18.05,18.06,11400,10700,48200,15000,6500,5300,2000,4300,8500,2200,3900,2600,4700,3400,22400,500,1800,6300,78900,7000
266.0,17.98,4569900,81628077.0,17.94,17.92,17.91,17.9,17.89,17.88,17.87,17.86,17.85,17.84,17.98,17.99,18.0,18.02,18.03,18.04,18.05,18.06,18.07,18.08,10700,10700,48200,15000,6500,5300,2000,4300,8500,2200,1400,3600,22400,500,1800,5400,80400,7000,2000,1300
267.0,17.97,4571900,81664028.0,17.94,17.92,17.91,17.9,17.89,17.88,17.87,17.86,17.85,17.84,17.97,17.98,17.99,18.0,18.02,18.03,18.04,18.05,18.06,18.07,14600,10700,48200,15000,6500,10900,2000,4300,8500,2200,600,4400,3600,22400,500,1800,6600,90400,7000,2000
268.0,17.97,4572400,81673013.0,17.94,17.92,17.91,17.9,17.89,17.88,17.87,17.86,17.85,17.84,17.97,17.98,17.99,18.0,18.02,18.03,18.04,18.05,18.06,18.07,14800,10700,48200,15000,6500,10500,2000,4300,8500,2200,100,4400,3600,22400,500,1800,6600,90400,7000,2000
269.0,18.01,4642000,82925688.0,18.01,18.0,17.98,17.97,17.95,17.94,17.93,17.92,17.91,17.9,18.02,18.03,18.04,18.05,18.06,18.07,18.08,18.09,18.1,18.11,24200,69900,500,2000,700,15700,1600,10700,48200,15000,2900,1800,6600,90400,7000,2000,1600,6300,5100,1500
270.0,18.01,4647200,83019342.0,18.01,18.0,17.99,17.98,17.97,17.95,17.94,17.93,17.92,17.91,18.02,18.03,18.04,18.05,18.06,18.07,18.08,18.09,18.1,18.11,19200,69400,1000,500,2000,700,15700,2600,10700,48200,2700,1800,6200,90400,7000,2000,1600,6300,5100,1500
271.0,18.01,4661700,83280487.0,18.01,18.0,17.99,17.98,17.97,17.95,17.94,17.93,17.92,17.91,18.02,18.03,18.04,18.05,18.06,18.07,18.08,18.09,18.1,18.11,4700,69300,2500,500,2000,3500,15700,2600,10700,48200,2700,1800,6200,90400,7000,2000,1600,6300,5100,1500
272.0,18.0,4712300,84191397.0,18.01,18.0,17.98,17.97,17.95,17.94,17.93,17.92,17.91,17.9,18.04,18.05,18.06,18.07,18.08,18.09,18.1,18.11,18.12,18.13,9000,25100,500,1600,4100,15700,2600,10700,48200,15900,8100,90400,7000,2000,1600,6300,5100,1500,1100,18400
273.0,18.04,4727900,84472713.0,18.01,18.0,17.98,17.97,17.96,17.95,17.94,17.93,17.92,17.91,18.04,18.05,18.06,18.07,18.08,18.09,18.1,18.11,18.12,18.13,5500,25100,500,5300,300,4300,15700,2600,10700,48200,3600,90400,7000,2000,1600,6300,5600,1500,1100,18400
274.0,18.01,4729500,84501540.0,18.01,18.0,17.98,17.97,17.96,17.95,17.94,17.93,17.92,17.91,18.04,18.05,18.06,18.07,18.08,18.09,18.1,18.11,18.12,18.13,6900,25100,3500,5800,300,6200,15700,2600,10700,47700,3600,90400,7000,2000,1600,6300,5600,1500,1100,18400
275.0,18.04,4730400,84517776.0,18.03,18.02,18.01,18.0,17.98,17.97,17.96,17.95,17.94,17.93,18.04,18.05,18.06,18.07,18.08,18.09,18.1,18.11,18.12,18.13,100,200,7500,25100,3600,4600,300,8600,15600,2600,2700,92900,7000,2000,1600,6300,5600,1500,1100,18400
276.0,18.04,4733500,84573671.0,18.01,18.0,17.98,17.97,17.96,17.95,17.94,17.93,17.92,17.91,18.04,18.05,18.06,18.07,18.08,18.09,18.1,18.11,18.12,18.13,6700,25100,3600,4600,300,9600,15600,2600,10700,48000,700,93000,7000,2000,1600,6300,6600,1500,1100,18400
277.0,18.01,4734700,84595293.0,18.01,18.0,17.98,17.97,17.96,17.95,17.94,17.93,17.92,17.91,18.04,18.05,18.06,18.07,18.08,18.09,18.1,18.11,18.12,18.13,6500,25100,3600,5500,300,10600,15600,2600,10700,48000,1000,93000,7000,2000,1600,6300,6600,1500,1100,18400
278.0,18.05,4739400,84680118.0,18.04,18.01,18.0,17.98,17.97,17.96,17.95,17.94,17.93,17.92,18.05,18.06,18.07,18.08,18.09,18.1,18.11,18.12,18.13,18.14,100,6400,25100,4100,1900,300,10600,15600,2600,10700,91600,7000,2000,1600,6300,6600,1500,1100,18400,700
279.0,18.05,4755700,84974323.0,18.03,18.02,18.01,18.0,17.98,17.97,17.96,17.95,17.94,17.93,18.05,18.06,18.07,18.08,18.09,18.1,18.11,18.12,18.13,18.14,300,300,7300,26400,4500,2400,300,10700,15600,2600,75700,6000,2000,1500,6300,6600,1500,1100,18400,700
280.0,18.05,4790700,85606073.0,18.03,18.02,18.01,18.0,17.98,17.97,17.96,17.95,17.94,17.93,18.05,18.06,18.07,18.08,18.09,18.1,18.11,18.12,18.13,18.14,1000,2000,7300,26400,4500,2400,300,10700,15600,2600,40700,6000,2000,1500,6300,6600,1500,1100,18400,700
281.0,18.05,4811900,85988723.0,18.04,18.03,18.02,18.01,18.0,17.98,17.97,17.96,17.95,17.94,18.05,18.06,18.07,18.08,18.09,18.1,18.11,18.12,18.13,18.14,1500,4400,2000,6100,26400,5700,2500,300,10400,15600,20500,6000,2000,1500,6300,6600,1500,1100,18400,700
282.0,18.05,4820200,86138537.0,18.04,18.03,18.02,18.01,18.0,17.98,17.97,17.96,17.95,17.94,18.05,18.06,18.07,18.08,18.09,18.1,18.11,18.12,18.13,18.14,1400,4400,5000,6100,26400,5700,2500,300,10400,15600,14800,6000,2000,1500,6300,6600,1500,1100,18400,700
283.0,18.05,4821000,86152976.0,18.04,18.03,18.02,18.01,18.0,17.98,17.97,17.96,17.95,17.94,18.05,18.06,18.07,18.08,18.09,18.1,18.11,18.12,18.13,18.14,6900,4600,6000,6100,26400,5700,2500,300,10400,15600,14100,6000,2000,1500,6300,6600,1500,1100,18400,700
284.0,18.05,4827400,86268486.0,18.04,18.03,18.02,18.01,18.0,17.98,17.97,17.96,17.95,17.94,18.05,18.06,18.07,18.08,18.09,18.1,18.11,18.12,18.13,18.14,6700,5100,6000,6100,26400,5700,2500,300,10400,15600,10800,6000,4000,1600,6300,6600,1500,1100,18400,700
285.0,18.04,4831700,86346069.0,18.04,18.03,18.02,18.01,18.0,17.98,17.97,17.96,17.95,17.94,18.05,18.06,18.07,18.08,18.09,18.1,18.11,18.12,18.13,18.14,3500,6200,6000,6100,26400,5300,2500,300,10400,15400,9700,6000,4000,1600,6300,6400,1500,1100,18400,700
286.0,18.05,4835900,86421876.0,18.04,18.03,18.02,18.01,18.0,17.98,17.97,17.96,17.95,17.94,18.05,18.06,18.07,18.08,18.09,18.1,18.11,18.12,18.13,18.14,14200,6200,6000,6100,26400,5300,2500,300,10400,15400,6500,6000,4000,1600,6300,7700,1500,1100,18400,700
287.0,18.05,4837600,86452561.0,18.04,18.03,18.02,18.01,18.0,17.98,17.97,17.96,17.95,17.94,18.05,18.06,18.07,18.08,18.09,18.1,18.11,18.12,18.13,18.14,14200,6200,6000,5500,26400,7500,2000,300,10400,15400,5100,6000,4200,1600,6300,7700,1500,1100,18400,700
288.0,18.05,4840600,86506709.0,18.04,18.03,18.02,18.01,18.0,17.98,17.97,17.96,17.95,17.94,18.05,18.06,18.07,18.08,18.09,18.1,18.11,18.12,18.13,18.14,22700,6200,5700,5500,26400,7500,2000,300,8100,15400,2700,6000,4200,1600,6300,7700,1500,1100,18400,700
289.0,18.05,4842500,86540999.0,18.04,18.03,18.02,18.01,18.0,17.98,17.97,17.96,17.95,17.94,18.05,18.06,18.07,18.08,18.09,18.1,18.11,18.12,18.13,18.14,22200,6200,5700,5500,25900,7500,2000,300,8100,15500,1300,6000,6700,2400,6300,7700,1500,1100,18400,700
290.0,18.04,4850800,86690784.0,18.04,18.03,18.02,18.01,18.0,17.98,17.97,17.96,17.95,17.94,18.06,18.07,18.08,18.09,18.1,18.11,18.12,18.13,18.14,18.15,17200,4900,5700,5500,25900,7500,2000,300,7300,15500,4300,6700,3500,8400,7200,1500,1100,18400,700,8500
291.0,18.06,4852500,86721486.0,18.05,18.04,18.03,18.02,18.01,18.0,17.98,17.97,17.96,17.95,18.06,18.07,18.08,18.09,18.1,18.11,18.12,18.13,18.14,18.15,100,17200,4000,5700,5500,25900,6500,2000,300,7300,2600,6700,7100,8400,9200,1500,1100,18400,700,8500
292.0,18.06,4853200,86734128.0,18.05,18.04,18.03,18.02,18.01,18.0,17.98,17.97,17.96,17.95,18.06,18.07,18.08,18.09,18.1,18.11,18.12,18.13,18.14,18.15,100,8700,4000,5700,5500,25900,6500,2000,300,7300,1900,10300,10100,8400,9200,1500,1100,18400,700,8500
293.0,18.05,4858300,86826259.0,18.04,18.03,18.02,18.01,18.0,17.98,17.97,17.96,17.95,17.94,18.05,18.07,18.08,18.09,18.1,18.11,18.12,18.13,18.14,18.15,8400,3900,4800,5500,25900,6500,2000,300,7300,14900,400,8500,13000,8400,9200,1500,1100,18400,700,8500
294.0,18.08,4873800,87106387.0,18.05,18.04,18.03,18.02,18.01,18.0,17.98,17.97,17.96,17.95,18.08,18.09,18.1,18.11,18.12,18.13,18.14,18.15,18.16,18.17,9500,8400,3900,4800,5500,25900,6500,2000,300,7300,15700,8400,9200,1500,1100,18400,700,8500,2400,2200
295.0,18.08,4874300,87115427.0,18.05,18.04,18.03,18.02,18.01,18.0,17.98,17.97,17.96,17.95,18.07,18.08,18.09,18.1,18.11,18.12,18.13,18.14,18.15,18.16,11500,8400,3900,4800,5500,29000,6500,2000,300,7300,800,17300,8400,9200,1500,1100,18400,700,8500,2400
296.0,18.08,4888500,87372102.0,18.05,18.04,18.03,18.02,18.01,18.0,17.98,17.97,17.96,17.95,18.08,18.09,18.1,18.11,18.12,18.13,18.14,18.15,18.16,18.17,11700,8400,3900,4800,5500,29500,6500,2000,300,7300,15200,8400,9200,1500,1100,18400,700,8500,2400,2200
297.0,18.08,4890500,87408259.0,18.05,18.04,18.03,18.02,18.01,18.0,17.98,17.97,17.96,17.95,18.08,18.09,18.1,18.11,18.12,18.13,18.14,18.15,18.16,18.17,11700,8400,3900,4800,5500,31200,6500,2000,300,7300,16300,8400,11200,1500,1100,18400,700,8500,2400,2200
298.0,18.08,4893000,87453439.0,18.05,18.04,18.03,18.02,18.01,18.0,17.98,17.97,17.96,17.95,18.08,18.09,18.1,18.11,18.12,18.13,18.14,18.15,18.16,18.17,11200,8400,3900,4800,5500,31200,6500,2000,300,7300,14800,8400,12000,1500,1100,18400,700,8500,2400,2200
299.0,18.06,4896000,87507663.0,18.05,18.04,18.03,18.02,18.01,18.0,17.98,17.97,17.96,17.95,18.07,18.08,18.09,18.1,18.11,18.12,18.13,18.14,18.15,18.16,12100,8400,3900,4800,5500,31200,6500,2000,300,7300,14300,16400,8400,12000,1500,1100,18400,700,8500,2400
300.0,18.07,4910300,87766064.0,18.07,18.05,18.04,18.03,18.02,18.01,18.0,17.98,17.97,17.96,18.08,18.09,18.1,18.11,18.12,18.13,18.14,18.15,18.16,18.17,18400,13100,8400,4000,4800,5500,31500,6500,2000,300,16600,8400,12000,1500,1100,18400,700,8500,2400,2200
301.0,18.08,4925900,88048108.0,18.07,18.05,18.04,18.03,18.02,18.01,18.0,17.98,17.97,17.96,18.08,18.09,18.1,18.11,18.12,18.13,18.14,18.15,18.16,18.17,18000,15100,8400,4000,4800,5500,31500,6500,1700,300,1400,8700,16900,1500,1100,18400,700,8500,2400,2200
302.0,18.07,4934000,88194517.0,18.07,18.06,18.05,18.04,18.03,18.02,18.01,18.0,17.98,17.97,18.09,18.1,18.11,18.12,18.13,18.14,18.15,18.16,18.17,18.18,17000,200,17600,8400,4000,4800,5500,31500,6500,1700,7300,17000,1500,1100,18400,700,8500,2400,2200,6500
303.0,18.08,4942400,88346445.0,18.08,18.07,18.06,18.05,18.04,18.03,18.02,18.01,18.0,17.98,18.09,18.1,18.11,18.12,18.13,18.14,18.15,18.16,18.17,18.18,4800,17900,400,17600,8400,4000,4800,5500,31500,6500,1700,17000,1500,1100,18400,700,8500,2400,2200,6500
304.0,18.08,4948400,88455015.0,18.08,18.07,18.06,18.05,18.04,18.03,18.02,18.01,18.0,17.98,18.1,18.11,18.12,18.13,18.14,18.15,18.16,18.17,18.18,18.19,6400,17900,400,17600,8400,4000,4800,5500,31500,6500,14000,1500,1100,18400,700,8500,2400,2200,6500,2100
305.0,18.08,4966100,88775323.0,18.08,18.07,18.06,18.05,18.04,18.03,18.02,18.01,18.0,17.98,18.1,18.11,18.12,18.13,18.14,18.15,18.16,18.17,18.18,18.19,2800,18000,400,17600,8400,4000,4800,5500,31500,6500,9800,1500,6100,18400,700,8500,2400,2200,6500,2100
306.0,18.1,4971600,88874868.0,18.09,18.08,18.07,18.06,18.05,18.04,18.03,18.02,18.01,18.0,18.1,18.11,18.12,18.13,18.14,18.15,18.16,18.17,18.18,18.19,2200,2800,18000,400,17600,8400,4000,4800,5500,31500,4800,1500,6100,18400,700,8500,2400,2200,6500,2100
307.0,18.09,4972300,88887537.0,18.09,18.08,18.07,18.06,18.05,18.04,18.03,18.02,18.01,18.0,18.1,18.11,18.12,18.13,18.14,18.15,18.16,18.17,18.18,18.19,2100,2800,18000,400,17600,8400,4000,4800,6500,31500,4200,3700,6100,18400,700,8500,1700,2200,6500,2100
308.0,18.09,5011600,89597795.0,18.07,18.06,18.05,18.04,18.03,18.02,18.01,18.0,17.98,17.97,18.09,18.1,18.11,18.12,18.13,18.14,18.15,18.16,18.17,18.18,5100,10600,17600,9400,4000,4800,6500,31500,6500,1700,2000,6300,3700,7600,18400,700,8500,1700,2200,6500
309.0,18.09,5014500,89650200.0,18.07,18.06,18.05,18.04,18.03,18.02,18.01,18.0,17.98,17.97,18.09,18.1,18.11,18.12,18.13,18.14,18.15,18.16,18.17,18.18,1400,10600,17600,9400,4000,4800,6500,31600,6400,1700,3100,6300,3700,10200,18400,700,8600,1700,2200,6500
310.0,18.09,5028200,89898166.0,18.07,18.06,18.05,18.04,18.03,18.02,18.01,18.0,17.98,17.97,18.09,18.11,18.12,18.13,18.14,18.15,18.16,18.17,18.18,18.19,1000,9800,17600,9400,4000,4800,7000,31100,4200,1700,100,3700,10200,18400,700,7100,1700,2200,6500,2100
311.0,18.08,5030400,89937984.0,18.07,18.06,18.05,18.04,18.03,18.02,18.01,18.0,17.98,17.97,18.11,18.12,18.13,18.14,18.15,18.16,18.17,18.18,18.19,18.2,900,9800,17600,9400,4000,4800,7000,31100,4200,1700,4000,11100,18400,700,9600,1700,2200,6500,2100,17900
312.0,18.11,5030800,89945226.0,18.07,18.06,18.05,18.04,18.03,18.02,18.01,18.0,17.98,17.97,18.11,18.12,18.13,18.14,18.15,18.16,18.17,18.18,18.19,18.2,4400,9800,17600,9400,4000,4800,7000,31100,4200,1700,12400,10400,18400,700,9000,1700,2200,6500,2100,17900
313.0,18.11,5032300,89972391.0,18.07,18.06,18.05,18.04,18.03,18.02,18.01,18.0,17.98,17.97,18.11,18.12,18.13,18.14,18.15,18.16,18.18,18.19,18.2,18.21,9800,9800,17600,9400,4000,4800,7000,31100,4200,1700,11200,10400,18400,700,9000,1700,6500,2100,20000,4800
314.0,18.11,5042000,90148051.0,18.07,18.06,18.05,18.04,18.03,18.02,18.01,18.0,17.98,17.97,18.11,18.12,18.13,18.14,18.15,18.16,18.18,18.19,18.2,18.21,9800,9800,16600,9400,4000,4800,7000,31100,3700,1700,8200,12300,18600,700,9000,1700,6500,2100,20500,4800
315.0,18.1,5044600,90195112.0,18.07,18.06,18.05,18.04,18.03,18.02,18.01,18.0,17.98,17.97,18.1,18.11,18.12,18.13,18.14,18.15,18.16,18.18,18.19,18.2,17300,10100,16600,9400,4000,4800,7000,31100,3700,1700,900,12200,14400,18700,700,9000,1700,6500,2100,19300
316.0,18.08,5046700,90233119.0,18.07,18.06,18.05,18.04,18.03,18.02,18.01,18.0,17.98,17.97,18.08,18.1,18.11,18.12,18.13,18.14,18.15,18.16,18.18,18.19,17300,10100,16600,9400,4000,4800,7000,31100,3700,1700,2400,900,11600,14400,19500,700,9000,1700,6500,3300
317.0,18.11,5053300,90352534.0,18.07,18.06,18.05,18.04,18.03,18.02,18.01,18.0,17.98,17.97,18.11,18.12,18.13,18.14,18.15,18.16,18.18,18.19,18.2,18.21,17300,10100,16600,9400,4000,4800,7000,31100,3700,1700,10700,17400,20500,700,9000,1800,6500,3300,21300,4800
318.0,18.11,5056800,90415887.0,18.07,18.06,18.05,18.04,18.03,18.02,18.01,18.0,17.98,17.97,18.1,18.11,18.12,18.13,18.14,18.15,18.16,18.18,18.19,18.2,16500,10100,16600,9400,4000,4800,7000,31100,3700,1700,1000,11900,17500,21300,700,9000,1800,6500,3300,21500
319.0,18.11,5060100,90475596.0,18.07,18.06,18.05,18.04,18.03,18.02,18.01,18.0,17.98,17.97,18.11,18.12,18.13,18.14,18.15,18.16,18.18,18.19,18.2,18.21,15400,16100,16600,9400,4000,4800,7000,31100,3700,1700,16600,19800,21300,700,9000,1800,6500,3300,21500,4800
320.0,18.08,5062100,90511786.0,18.07,18.06,18.05,18.04,18.03,18.02,18.01,18.0,17.98,17.97,18.1,18.11,18.12,18.13,18.14,18.15,18.16,18.18,18.19,18.2,15200,16100,15700,9400,4000,4800,7000,29000,3700,1700,1800,16900,20800,21300,1700,9000,1800,6500,3300,22200
321.0,18.09,5063500,90537103.0,18.08,18.07,18.06,18.05,18.04,18.03,18.02,18.01,18.0,17.98,18.1,18.11,18.12,18.13,18.14,18.15,18.16,18.18,18.19,18.2,100,15200,16100,15700,9400,3700,3800,7100,29000,3700,900,17000,20800,21300,1700,9000,1800,6500,3300,22200
322.0,18.1,5076300,90768772.0,18.08,18.07,18.06,18.05,18.04,18.03,18.02,18.01,18.0,17.98,18.1,18.11,18.12,18.13,18.14,18.15,18.16,18.18,18.19,18.2,200,15000,16100,15700,9400,3700,3800,7100,28900,3700,18000,18000,21300,21300,1700,9000,1800,6500,3300,22200
323.0,18.08,5087300,90967858.0,18.08,18.07,18.06,18.05,18.04,18.03,18.02,18.01,18.0,17.98,18.09,18.1,18.11,18.12,18.13,18.14,18.15,18.16,18.18,18.19,1200,15000,16100,15400,9500,3700,3800,7100,29300,3700,100,11500,17100,22400,21300,1700,9000,1800,6500,3300
324.0,18.08,5094000,91089115.0,18.08,18.07,18.06,18.05,18.04,18.03,18.02,18.01,18.0,17.98,18.1,18.11,18.12,18.13,18.14,18.15,18.16,18.18,18.19,18.2,600,15300,16100,15400,9500,3700,3800,7100,29300,3700,4800,17100,22600,21300,1700,9000,1800,6500,3300,22800
325.0,18.1,5095700,91119872.0,18.08,18.07,18.06,18.05,18.04,18.03,18.02,18.01,18.0,17.98,18.1,18.11,18.12,18.13,18.14,18.15,18.16,18.18,18.19,18.2,300,15300,16100,15400,9500,3700,3800,7100,29300,3700,4100,17100,22600,21700,1700,4000,1800,6500,3300,21000
326.0,18.1,5096800,91139782.0,18.08,18.07,18.06,18.05,18.04,18.03,18.02,18.01,18.0,17.98,18.1,18.11,18.12,18.13,18.14,18.15,18.16,18.18,18.19,18.2,200,15900,16100,15400,9500,3700,3800,7100,29300,3700,3100,17200,22600,21700,1700,4000,1800,6500,3300,21000
327.0,18.1,5099400,91186840.0,18.08,18.07,18.06,18.05,18.04,18.03,18.02,18.01,18.0,17.98,18.1,18.11,18.12,18.13,18.14,18.15,18.16,18.18,18.19,18.2,1400,16000,16100,15400,9500,3700,3800,7100,29300,3700,2000,17200,22600,21700,1700,4000,1800,6500,3300,21000
328.0,18.11,5104900,91286420.0,18.09,18.08,18.07,18.06,18.05,18.04,18.03,18.02,18.01,18.0,18.1,18.11,18.12,18.13,18.14,18.15,18.16,18.18,18.19,18.2,100,5900,16000,16100,15400,9500,3700,3800,7100,30300,2900,14000,22700,21700,1700,4000,1800,6500,3300,21000
329.0,18.09,5107100,91326234.0,18.08,18.07,18.06,18.05,18.04,18.03,18.02,18.01,18.0,17.98,18.09,18.1,18.11,18.12,18.13,18.14,18.15,18.16,18.18,18.19,6400,16000,16100,15400,9500,3700,3800,7100,30300,3700,5900,1300,14000,23000,21700,1700,4000,1800,6500,3300
330.0,18.09,5108600,91353364.0,18.08,18.07,18.06,18.05,18.04,18.03,18.02,18.01,18.0,17.98,18.09,18.1,18.11,18.12,18.13,18.14,18.15,18.16,18.18,18.19,5900,16000,16100,15400,9500,3700,3800,7100,30300,3700,4900,1300,15800,23000,21700,1700,4000,1800,6500,3300
331.0,18.09,5116100,91489010.0,18.08,18.07,18.06,18.05,18.04,18.03,18.02,18.01,18.0,17.98,18.09,18.1,18.11,18.12,18.13,18.14,18.15,18.16,18.18,18.19,3000,16000,16100,15400,9500,3700,3800,7100,30300,3700,600,1300,15800,23100,21700,1700,4000,1800,6500,3300
332.0,18.1,5119100,91543314.0,18.1,18.09,18.08,18.07,18.06,18.05,18.04,18.03,18.02,18.01,18.11,18.12,18.13,18.14,18.15,18.16,18.18,18.19,18.2,18.21,900,3800,8600,16000,16100,15400,9500,3700,3800,7100,14800,23500,21600,700,4000,1800,6500,3300,23800,3400
333.0,18.09,5121400,91584952.0,18.09,18.08,18.07,18.06,18.05,18.04,18.03,18.02,18.01,18.0,18.11,18.12,18.13,18.14,18.15,18.16,18.18,18.19,18.2,18.21,3500,17300,15400,16100,15400,9500,3700,3800,7100,30300,16200,23500,21600,700,26100,1800,6500,3300,23800,3400
334.0,18.1,5121800,91592189.0,18.09,18.08,18.07,18.06,18.05,18.04,18.03,18.02,18.01,18.0,18.11,18.12,18.13,18.14,18.15,18.16,18.18,18.19,18.2,18.21,3200,17300,15400,16100,15400,9500,3700,3800,7100,30300,16200,32000,21600,700,26100,1800,6500,3300,23800,3400
335.0,18.09,5123600,91624778.0,18.09,18.08,18.07,18.06,18.05,18.04,18.03,18.02,18.01,18.0,18.11,18.12,18.13,18.14,18.15,18.16,18.18,18.19,18.2,18.21,3000,18300,15400,16100,13300,9500,3700,3800,7100,30300,16600,33200,21600,700,26300,1800,6800,3300,23800,3400
336.0,18.08,5146300,92035230.0,18.07,18.06,18.05,18.04,18.03,18.02,18.01,18.0,17.98,17.97,18.08,18.11,18.12,18.13,18.14,18.15,18.16,18.18,18.19,18.2,14500,16300,13300,9500,3700,3800,7100,30300,3700,1500,5800,17100,33200,21600,500,26300,1800,6800,3300,23800
337.0,18.08,5147100,92049689.0,18.07,18.06,18.05,18.04,18.03,18.02,18.01,18.0,17.98,17.97,18.08,18.11,18.12,18.13,18.14,18.15,18.16,18.18,18.19,18.2,14000,16300,13300,9500,3700,3800,7100,30300,3700,1500,5500,17300,45100,21600,500,26300,1800,6800,8800,23800
338.0,18.08,5148100,92067766.0,18.07,18.06,18.05,18.04,18.03,18.02,18.01,18.0,17.98,17.97,18.08,18.1,18.11,18.12,18.13,18.14,18.15,18.16,18.18,18.19,13700,16300,13300,9500,3700,3800,7100,30300,3700,1500,4900,1000,17800,45100,21600,500,26300,1800,6500,9100
339.0,18.08,5155100,92194348.0,18.07,18.06,18.05,18.04,18.03,18.02,18.01,18.0,17.98,17.97,18.08,18.1,18.11,18.12,18.13,18.14,18.15,18.16,18.18,18.19,13700,16300,13300,9500,3700,3800,7100,30300,3700,1500,400,2400,17800,45300,21600,500,26300,1800,6500,9100
340.0,18.09,5158000,92246799.0,18.09,18.07,18.06,18.05,18.04,18.03,18.02,18.01,18.0,17.98,18.1,18.11,18.12,18.13,18.14,18.15,18.16,18.18,18.19,18.2,7600,13200,16300,13300,9500,3700,3800,7100,30300,3700,1600,17800,45300,21600,500,26300,1800,6700,9100,23800
341.0,18.1,5161300,92306521.0,18.09,18.07,18.06,18.05,18.04,18.03,18.02,18.01,18.0,17.98,18.1,18.11,18.12,18.13,18.14,18.15,18.16,18.18,18.19,18.2,7300,13200,16300,13300,9500,3700,3800,7100,30300,3700,700,23700,45300,21600,500,26300,6800,6700,9100,23800
342.0,18.1,5163000,92337275.0,18.09,18.08,18.07,18.06,18.05,18.04,18.03,18.02,18.01,18.0,18.1,18.11,18.12,18.13,18.14,18.15,18.16,18.18,18.19,18.2,5700,8000,15600,16300,13300,9500,3700,3800,7100,30800,1400,23700,45700,21600,500,26300,6800,6700,9100,23800
343.0,18.11,5170400,92471245.0,18.09,18.08,18.07,18.06,18.05,18.04,18.03,18.02,18.01,18.0,18.11,18.12,18.13,18.14,18.15,18.16,18.18,18.19,18.2,18.21,4900,8000,15600,16300,13300,9500,3700,3800,7100,30800,22400,46000,21600,500,26300,6800,6700,9100,23800,3400
344.0,18.09,5171000,92482099.0,18.09,18.08,18.07,18.06,18.05,18.04,18.03,18.02,18.01,18.0,18.1,18.11,18.12,18.13,18.14,18.15,18.16,18.18,18.19,18.2,5300,8000,15600,16300,13300,9500,3700,3800,7100,30800,1100,25000,45400,21600,500,26300,6800,6700,9100,23300
345.0,18.1,5176000,92572599.0,18.1,18.09,18.08,18.07,18.06,18.05,18.04,18.03,18.02,18.01,18.11,18.12,18.13,18.14,18.15,18.16,18.18,18.19,18.2,18.21,700,5300,8500,15900,16300,13300,9500,3700,3800,7100,29500,46900,21600,500,26700,6800,6700,9100,23300,3400
346.0,18.1,5176100,92574409.0,18.1,18.09,18.08,18.07,18.06,18.05,18.04,18.03,18.02,18.01,18.11,18.12,18.13,18.14,18.15,18.16,18.18,18.19,18.2,18.21,800,5300,10200,15900,16300,13300,9500,3700,3800,7100,39300,46900,21600,500,26700,6800,6700,9100,23300,3400
347.0,18.11,5177900,92606999.0,18.1,18.09,18.08,18.07,18.06,18.05,18.04,18.03,18.02,18.01,18.11,18.12,18.13,18.15,18.16,18.18,18.19,18.2,18.21,18.22,700,5300,13300,15900,16300,13300,9500,3700,3800,7100,43900,46900,21600,26700,6800,6700,9100,23300,3400,1100
348.0,18.1,5180000,92645009.0,18.1,18.09,18.08,18.07,18.06,18.05,18.04,18.03,18.02,18.01,18.11,18.12,18.13,18.15,18.16,18.18,18.19,18.2,18.21,18.22,900,5300,13300,15600,16300,13300,9500,3700,3800,7100,45900,47900,21600,26700,6800,6700,9100,24000,3400,1100
349.0,18.1,5180300,92650439.0,18.1,18.09,18.08,18.07,18.06,18.05,18.04,18.03,18.02,18.01,18.11,18.12,18.13,18.15,18.16,18.18,18.19,18.2,18.21,18.22,1100,5300,13300,15600,16300,13300,9400,3700,3800,7100,45900,47900,21600,27000,6800,6700,9100,24000,3400,1100
350.0,18.11,5180600,92655871.0,18.1,18.09,18.08,18.07,18.06,18.05,18.04,18.03,18.02,18.01,18.11,18.12,18.13,18.15,18.16,18.18,18.19,18.2,18.21,18.22,1200,5300,14800,15600,16300,11300,9400,3700,3800,7100,48300,47900,21600,27000,6800,6700,9100,24000,3400,1100
351.0,18.12,5279300,94443588.0,18.11,18.1,18.09,18.08,18.07,18.06,18.05,18.04,18.03,18.02,18.12,18.13,18.15,18.16,18.18,18.19,18.2,18.21,18.22,18.23,600,2200,5300,15800,16600,16300,11300,9400,3700,3800,27200,20800,27000,6800,6700,9100,24000,3400,1100,4800
352.0,18.12,5280000,94456270.0,18.11,18.1,18.09,18.08,18.07,18.06,18.05,18.04,18.03,18.02,18.12,18.13,18.15,18.16,18.18,18.19,18.2,18.21,18.22,18.23,500,2800,5300,15800,16600,16300,11300,9400,3700,3800,26700,20800,27000,6800,6700,9100,24000,3400,1100,4800
353.0,18.12,5296400,94753327.0,18.11,18.1,18.09,18.08,18.07,18.06,18.05,18.04,18.03,18.02,18.12,18.13,18.15,18.16,18.18,18.19,18.2,18.21,18.22,18.23,1500,3300,5300,15800,16600,16300,11300,9400,3700,3800,16100,22000,27100,6800,6700,9100,24000,3400,1100,4800
354.0,18.12,5303400,94880038.0,18.09,18.08,18.07,18.06,18.05,18.04,18.03,18.02,18.01,18.0,18.12,18.13,18.15,18.16,18.18,18.19,18.2,18.21,18.22,18.23,3700,15800,16600,16300,11300,9400,3700,3800,7100,32400,15500,21800,27100,6800,6700,9100,24000,3400,1100,4800
355.0,18.11,5306900,94943419.0,18.11,18.09,18.08,18.07,18.06,18.05,18.04,18.03,18.02,18.01,18.12,18.13,18.15,18.16,18.18,18.19,18.2,18.21,18.22,18.23,6000,4300,15800,16600,16300,11300,9400,3700,3800,7100,17800,21800,27100,6800,6700,9100,24000,3400,1100,4800
356.0,18.1,5317700,95138973.0,18.09,18.08,18.07,18.06,18.05,18.04,18.03,18.02,18.01,18.0,18.1,18.12,18.13,18.15,18.16,18.18,18.19,18.2,18.21,18.22,4300,15800,16400,16300,11300,9400,3700,3800,7100,32400,800,18900,21800,27100,6800,6700,9100,24000,3400,1100
357.0,18.1,5318400,95151643.0,18.09,18.08,18.07,18.06,18.05,18.04,18.03,18.02,18.01,18.0,18.1,18.12,18.13,18.15,18.16,18.18,18.19,18.2,18.21,18.22,4300,15800,16400,16300,12200,9400,3700,3800,7100,30700,100,18900,21800,27100,6800,6700,9100,23500,3400,1100
358.0,18.11,5318600,95155264.0,18.09,18.08,18.07,18.06,18.05,18.04,18.03,18.02,18.01,18.0,18.11,18.12,18.13,18.15,18.16,18.18,18.19,18.2,18.21,18.22,3700,16200,16400,16300,12200,9400,3700,3800,7100,30700,600,22300,21800,27700,6800,6700,9100,23500,3400,1100
359.0,18.12,5323600,95245845.0,18.09,18.08,18.07,18.06,18.05,18.04,18.03,18.02,18.01,18.0,18.12,18.13,18.15,18.16,18.18,18.19,18.2,18.21,18.22,18.23,3400,16200,16400,16300,10600,9400,3700,3800,7100,30700,19900,22800,27700,6800,6700,9100,23500,3400,1100,4800
360.0,18.1,5324000,95253085.0,18.09,18.08,18.07,18.06,18.05,18.04,18.03,18.02,18.01,18.0,18.1,18.11,18.12,18.13,18.15,18.16,18.18,18.19,18.2,18.21,3400,16200,16400,16300,10600,9400,3700,3800,7100,30700,500,600,24000,22800,27600,6800,6700,9100,23500,3400
361.0,18.12,5333800,95430641.0,18.09,18.08,18.07,18.06,18.05,18.04,18.03,18.02,18.01,18.0,18.12,18.13,18.14,18.15,18.16,18.18,18.19,18.2,18.21,18.22,3400,8200,16400,16300,10600,9400,3700,3800,7100,30700,16200,25300,900,27600,6800,6700,9100,23800,3400,1100
362.0,18.12,5336200,95474119.0,18.1,18.09,18.08,18.07,18.06,18.05,18.04,18.03,18.02,18.01,18.12,18.13,18.14,18.15,18.16,18.18,18.19,18.2,18.21,18.22,10400,3100,8200,16400,16300,10600,9400,3700,3800,7100,16300,28300,900,27700,6800,6700,9100,23800,3400,1100
363.0,18.11,5337500,95497672.0,18.1,18.09,18.08,18.07,18.06,18.05,18.04,18.03,18.02,18.01,18.11,18.12,18.13,18.14,18.15,18.16,18.18,18.19,18.2,18.21,16200,3100,8300,16300,16300,10600,8400,3700,3800,7100,200,15500,32300,900,27700,6800,6700,9100,23800,3400
364.0,18.12,5347600,95680502.0,18.1,18.09,18.08,18.07,18.06,18.05,18.04,18.03,18.02,18.01,18.11,18.12,18.13,18.14,18.15,18.16,18.18,18.19,18.2,18.21,7200,3100,8300,16300,16300,10600,8400,3700,3800,7100,100,16500,32300,900,27300,6800,6700,9100,35200,3400
365.0,18.1,5358700,95881598.0,18.1,18.09,18.08,18.07,18.06,18.05,18.04,18.03,18.02,18.01,18.11,18.12,18.13,18.14,18.15,18.16,18.18,18.19,18.2,18.21,6800,3300,8300,16300,16300,10600,8400,3700,3800,3300,100,14900,32300,1000,27300,6800,6700,9100,35200,3400
366.0,18.1,5363100,95961248.0,18.11,18.1,18.09,18.08,18.07,18.06,18.05,18.04,18.03,18.02,18.12,18.13,18.14,18.15,18.16,18.18,18.19,18.2,18.21,18.22,100,3100,3300,8300,16300,16300,10600,8400,3700,3800,17500,33200,1000,27300,6800,6700,9100,35200,3400,1100
367.0,18.11,5367200,96035471.0,18.1,18.09,18.08,18.07,18.06,18.05,18.04,18.03,18.02,18.01,18.11,18.12,18.13,18.14,18.15,18.16,18.17,18.18,18.19,18.2,300,3300,10000,16300,16300,10600,8400,3700,3800,3300,200,21000,33200,1000,27300,6800,500,6700,9100,35200
368.0,18.1,5369600,96078911.0,18.09,18.08,18.07,18.06,18.05,18.04,18.03,18.02,18.01,18.0,18.1,18.11,18.12,18.13,18.14,18.15,18.16,18.17,18.18,18.19,3300,9600,16300,16300,10600,8400,3700,3800,3300,30700,500,500,21600,33200,1300,27300,6800,500,6700,9100
369.0,18.12,5375900,96193034.0,18.09,18.08,18.07,18.06,18.05,18.04,18.03,18.02,18.01,18.0,18.1,18.12,18.13,18.14,18.15,18.16,18.17,18.18,18.19,18.2,3000,9600,16300,16300,10700,8400,3700,3800,3300,30700,500,17200,33200,1300,27300,6800,500,6700,9100,35200
370.0,18.1,5376500,96203894.0,18.09,18.08,18.07,18.06,18.05,18.04,18.03,18.02,18.01,18.0,18.1,18.12,18.13,18.14,18.15,18.16,18.17,18.18,18.19,18.2,3000,8600,16700,16400,10700,8400,3700,3800,3300,30700,400,20600,33700,1300,28000,6800,500,6700,9100,35200
371.0,18.1,5384400,96346879.0,18.09,18.08,18.07,18.06,18.05,18.04,18.03,18.02,18.01,18.0,18.1,18.11,18.12,18.13,18.14,18.15,18.16,18.17,18.18,18.19,2500,8600,16700,16400,10700,8400,3700,3800,3300,30700,2700,2400,22100,33700,400,28500,6800,500,6700,9100
372.0,18.09,5389500,96439169.0,18.09,18.08,18.07,18.06,18.05,18.04,18.03,18.02,18.01,18.0,18.1,18.11,18.12,18.13,18.14,18.15,18.16,18.17,18.18,18.19,300,8600,16700,16400,10700,8400,3700,3800,3300,30700,600,3800,22100,33700,400,28500,6800,500,6700,9100
373.0,18.09,5389500,96439169.0,18.09,18.08,18.07,18.06,18.05,18.04,18.03,18.02,18.01,18.0,18.1,18.11,18.12,18.13,18.14,18.15,18.16,18.17,18.18,18.19,300,8600,16700,16400,10700,8400,3700,3800,3300,30300,2600,3800,30300,33700,400,28500,6800,500,6700,9100
374.0,18.09,5395600,96549598.0,18.09,18.08,18.07,18.06,18.05,18.04,18.03,18.02,18.01,18.0,18.1,18.11,18.12,18.13,18.14,18.15,18.16,18.17,18.18,18.19,100,8600,20300,16400,10700,8400,3700,3800,3300,30300,600,1700,30500,38600,600,28500,6800,500,6700,9100
375.0,18.09,5397800,96589381.0,18.09,18.08,18.07,18.06,18.05,18.04,18.03,18.02,18.01,18.0,18.1,18.11,18.12,18.13,18.14,18.15,18.16,18.17,18.18,18.19,100,6900,20800,16400,10700,8400,3700,3800,3300,30300,3200,1700,32500,40700,500,29500,6800,500,6700,9100
376.0,18.09,5402900,96681698.0,18.08,18.07,18.06,18.05,18.04,18.03,18.02,18.01,18.0,17.98,18.09,18.1,18.11,18.12,18.13,18.14,18.15,18.16,18.17,18.18,6900,20800,16400,10700,8400,3700,3800,3300,30300,1800,100,1100,1800,30800,40700,500,29500,6800,500,6700
377.0,18.1,5406000,96737799.0,18.08,18.07,18.06,18.05,18.04,18.03,18.02,18.01,18.0,17.98,18.09,18.11,18.12,18.13,18.14,18.15,18.16,18.17,18.18,18.19,8500,20800,16400,10700,8400,3700,3800,3300,30300,1800,1200,1800,30800,40700,2100,29500,6800,500,6700,31900
378.0,18.08,5406900,96754071.0,18.08,18.07,18.06,18.05,18.04,18.03,18.02,18.01,18.0,17.98,18.09,18.11,18.12,18.13,18.14,18.15,18.16,18.17,18.18,18.19,7600,20500,16400,10700,8400,3700,3800,3300,30300,1800,1400,4300,30800,51300,2100,29500,6800,500,6700,31900
379.0,18.08,5413000,96864359.0,18.08,18.07,18.06,18.05,18.04,18.03,18.02,18.01,18.0,17.98,18.09,18.11,18.12,18.13,18.14,18.15,18.16,18.17,18.18,18.19,1500,20500,16400,10700,8400,3700,3800,3300,30300,1800,1800,4300,30700,51300,2100,29500,6800,500,6700,31900
380.0,18.08,5453400,97596140.0,18.07,18.06,18.05,18.04,18.03,18.02,18.01,18.0,17.98,17.97,18.08,18.09,18.1,18.12,18.13,18.14,18.15,18.16,18.17,18.18,20000,16400,10700,8400,3700,3800,3300,30400,1800,1500,1400,200,1200,5400,51300,2100,29500,6800,2000,6700
381.0,18.09,5454900,97623261.0,18.07,18.06,18.05,18.04,18.03,18.02,18.01,18.0,17.98,17.97,18.08,18.09,18.1,18.11,18.12,18.13,18.14,18.15,18.16,18.17,20000,16400,10700,8400,3700,3800,3300,30400,1800,1500,200,100,1500,1100,5400,51500,2100,31300,6800,2000
382.0,18.08,5456600,97653992.0,18.07,18.06,18.05,18.04,18.03,18.02,18.01,18.0,17.98,17.97,18.08,18.09,18.1,18.11,18.12,18.13,18.14,18.15,18.16,18.17,20500,16400,10700,8400,64100,3800,3300,30400,1800,1500,3100,2200,1500,3100,5400,51600,2100,31300,7100,2000
383.0,18.09,5460200,97719085.0,18.08,18.07,18.06,18.05,18.04,18.03,18.02,18.01,18.0,17.98,18.09,18.1,18.11,18.12,18.13,18.14,18.15,18.16,18.17,18.18,2200,17000,16400,10700,8400,64100,3800,3300,30400,1800,1800,1600,3100,5400,51600,2100,31300,7100,2000,6700
384.0,18.09,5465100,97807680.0,18.07,18.06,18.05,18.04,18.03,18.02,18.01,18.0,17.98,17.97,18.08,18.09,18.1,18.11,18.12,18.13,18.14,18.15,18.16,18.17,15800,17000,10700,8400,64100,3800,3300,31100,1800,1500,1200,400,1800,3100,5400,51700,2100,31300,7100,2000
385.0,18.08,5472200,97935994.0,18.08,18.07,18.06,18.05,18.04,18.03,18.02,18.01,18.0,17.98,18.09,18.1,18.11,18.12,18.13,18.14,18.15,18.16,18.17,18.18,800,11000,17000,10700,8400,63900,3800,3300,31100,1800,2400,1800,3100,5400,51700,2100,29500,7100,2000,6700
386.0,18.1,5475900,98002934.0,18.08,18.07,18.06,18.05,18.04,18.03,18.02,18.01,18.0,17.98,18.1,18.11,18.12,18.13,18.14,18.15,18.16,18.17,18.18,18.19,1100,11000,17000,10700,8400,63900,3800,3300,31100,1800,900,3100,5400,51700,2100,29500,7100,2000,6700,31900
387.0,18.08,5479000,98059033.0,18.08,18.07,18.06,18.05,18.04,18.03,18.02,18.01,18.0,17.98,18.1,18.11,18.12,18.13,18.14,18.15,18.16,18.17,18.18,18.19,700,11000,17000,10700,8400,63900,3800,3300,31100,1800,4200,3200,10100,50700,2100,29500,7100,2000,6700,31900
388.0,18.07,5487500,98212635.0,18.07,18.06,18.05,18.04,18.03,18.02,18.01,18.0,17.98,17.97,18.08,18.1,18.11,18.12,18.13,18.14,18.15,18.16,18.17,18.18,4500,16400,10700,8400,63900,3800,3300,31100,1800,1500,4100,300,14200,10100,50700,2100,29500,7100,2000,6700
389.0,18.08,5503000,98492727.0,18.06,18.05,18.04,18.03,18.02,18.01,18.0,17.98,17.97,17.96,18.07,18.08,18.1,18.11,18.12,18.13,18.14,18.15,18.16,18.17,11400,10700,8400,63900,3800,3300,31500,1800,1500,100,3100,7000,300,14200,12800,50700,2100,29500,7100,2000
390.0,18.08,5522100,98837626.0,18.05,18.04,18.03,18.02,18.01,18.0,17.98,17.97,17.96,17.95,18.08,18.1,18.11,18.12,18.13,18.14,18.15,18.16,18.17,18.18,4000,8400,63900,3800,3300,32700,1800,1500,100,4900,7700,300,13400,13000,50700,2100,30900,7100,2000,6700
391.0,18.05,5537400,99113861.0,18.04,18.03,18.02,18.01,18.0,17.98,17.97,17.96,17.95,17.94,18.05,18.07,18.08,18.1,18.11,18.12,18.13,18.14,18.15,18.16,3600,63900,3000,3300,32700,1800,1500,100,4900,14300,200,1900,4200,400,13400,13400,50700,2100,30200,7100
392.0,18.04,5542900,99213232.0,18.05,18.04,18.03,18.02,18.01,18.0,17.98,17.97,17.96,17.95,18.07,18.08,18.1,18.11,18.12,18.13,18.14,18.15,18.16,18.17,400,2900,63900,3000,3400,32700,1800,1500,100,4900,700,2500,400,13400,13400,50700,2100,31200,7100,2000
393.0,18.07,5545200,99254766.0,18.04,18.03,18.02,18.01,18.0,17.98,17.97,17.96,17.95,17.94,18.07,18.08,18.1,18.11,18.12,18.13,18.14,18.15,18.16,18.17,2400,63900,3000,3400,32700,1800,1500,100,4900,14300,100,2600,1400,14400,18400,50700,2100,31200,7100,2000
394.0,18.05,5545300,99256571.0,18.04,18.03,18.02,18.01,18.0,17.98,17.97,17.96,17.95,17.94,18.05,18.07,18.08,18.1,18.11,18.12,18.13,18.14,18.15,18.16,4800,63900,3000,3400,32700,1800,1500,100,4900,14300,3600,3600,2600,1400,14500,19400,50700,2100,31200,7100
395.0,18.05,5547300,99292667.0,18.04,18.03,18.02,18.01,18.0,17.98,17.97,17.96,17.95,17.94,18.05,18.07,18.08,18.1,18.11,18.12,18.13,18.14,18.15,18.16,4400,63900,3000,3400,31700,1800,1500,100,4900,14300,3100,3800,2600,1400,14500,19400,50700,2100,31200,7100
