LocalTime,LastPrice,TradeVolume,TradeValue,BidPrice1,BidPrice2,BidPrice3,BidPrice4,BidPrice5,BidPrice6,BidPrice7,BidPrice8,BidPrice9,BidPriceA,AskPrice1,AskPrice2,AskPrice3,AskPrice4,AskPrice5,AskPrice6,AskPrice7,AskPrice8,AskPrice9,AskPriceA,BidVolume1,BidVolume2,BidVolume3,BidVolume4,BidVolume5,BidVolume6,BidVolume7,BidVolume8,BidVolume9,BidVolumeA,AskVolume1,AskVolume2,AskVolume3,AskVolume4,AskVolume5,AskVolume6,AskVolume7,AskVolume8,AskVolume9,AskVolumeA
0.0,277.63,900,249867.0,278.01,277.98,277.66,277.1,277.01,277.0,276.18,276.12,276.0,275.71,278.2,278.81,280.0,281.0,281.71,281.99,282.2,282.47,282.48,282.62,200,100,100,100,600,400,300,100,500,100,100,100,100,300,100,200,100,500,100,100
1.0,278.22,1300,361111.0,278.22,278.01,277.98,277.66,277.6,277.2,277.15,277.12,277.1,277.01,278.81,280.0,281.0,281.71,281.88,281.99,282.2,282.47,282.48,282.62,100,100,100,100,100,100,9100,100,200,600,100,100,300,200,100,200,100,500,100,100
2.0,278.22,1400,388933.0,278.01,277.98,277.66,277.6,277.15,277.12,277.11,277.1,277.01,277.0,278.19,278.81,280.0,280.58,281.0,281.71,281.75,281.88,281.99,282.2,100,100,100,100,9100,100,100,200,600,400,100,100,200,200,300,200,500,100,200,100
3.0,278.2,1600,444572.0,278.2,278.01,277.98,277.6,277.15,277.12,277.11,277.1,277.01,277.0,278.81,280.0,280.58,280.88,280.98,280.99,281.0,281.71,281.75,281.88,100,100,100,100,9100,100,100,200,600,400,100,200,200,100,100,300,300,200,500,100
4.0,278.2,1700,472392.0,278.01,277.98,277.6,277.15,277.12,277.11,277.1,277.01,277.0,276.85,278.09,278.81,280.0,280.58,280.88,280.98,280.99,281.0,281.3,281.71,100,100,100,9100,100,100,200,600,400,100,600,100,200,200,100,200,400,300,200,200
5.0,278.09,1800,500201.0,278.01,277.98,277.6,277.15,277.12,277.11,277.1,277.01,277.0,276.85,278.09,278.17,278.2,278.22,278.81,280.0,280.5,280.58,280.88,280.98,100,100,100,9100,100,100,200,600,400,100,600,100,100,100,100,200,100,200,100,200
6.0,278.81,3000,834096.0,278.81,278.62,278.19,278.01,277.98,277.6,277.15,277.12,277.11,277.1,280.0,280.5,280.58,280.88,280.98,280.99,281.0,281.3,281.7,281.71,100,100,700,100,100,100,9100,100,100,200,200,100,200,100,300,400,500,300,100,200
7.0,278.81,3100,861977.0,278.81,278.62,278.19,278.01,277.98,277.6,277.15,277.12,277.11,277.1,280.0,280.5,280.58,280.88,280.98,280.99,281.0,281.3,281.7,281.71,200,100,1000,200,100,100,9100,100,100,200,200,100,200,100,300,400,500,300,100,200
8.0,278.81,3400,945641.0,278.62,278.2,278.19,278.01,277.98,277.6,277.15,277.12,277.11,277.1,280.0,280.5,280.58,280.88,280.98,280.99,281.0,281.3,281.7,281.71,100,100,400,200,100,100,9200,100,100,200,200,100,200,100,300,400,500,300,100,200
9.0,278.19,4100,1140418.0,278.09,278.01,277.98,277.6,277.15,277.12,277.11,277.1,277.02,277.01,280.0,280.5,280.58,280.88,280.98,280.99,281.0,281.3,281.7,281.71,200,200,100,100,9200,100,100,200,100,600,400,100,200,100,300,400,500,300,100,200
10.0,278.19,4100,1140418.0,278.09,278.02,278.01,277.98,277.6,277.15,277.12,277.11,277.1,277.02,278.19,279.99,280.0,280.5,280.55,280.58,280.88,280.98,280.99,281.0,200,100,300,100,100,9200,100,100,200,100,100,900,400,200,100,200,100,300,400,500
11.0,278.19,5000,1390729.0,278.19,278.09,278.01,277.98,277.6,277.15,277.12,277.11,277.1,277.02,279.99,280.0,280.5,280.55,280.58,280.88,280.98,280.99,281.0,281.3,200,100,200,100,100,9200,100,100,200,100,900,400,200,100,200,100,300,400,500,300
12.0,279.99,5400,1502175.0,278.19,278.01,277.98,277.6,277.15,277.12,277.11,277.1,277.02,277.01,278.24,279.99,280.0,280.5,280.55,280.58,280.88,280.98,280.99,281.0,200,200,100,100,9200,100,100,200,100,600,700,800,400,200,100,200,100,300,400,500
13.0,280.0,7500,2088574.0,280.0,278.01,277.98,277.6,277.5,277.15,277.12,277.11,277.1,277.02,280.5,280.55,280.58,280.88,280.98,280.99,281.0,281.3,281.7,281.71,100,200,100,100,200,9100,100,100,200,100,200,100,200,100,300,400,500,300,100,200
14.0,279.86,7800,2172361.0,278.2,278.01,277.98,277.6,277.5,277.15,277.12,277.11,277.1,277.02,279.84,279.85,279.86,279.87,279.91,279.92,280.0,280.49,280.5,280.55,100,100,100,100,200,9100,100,100,200,100,100,300,200,400,700,200,1400,300,200,100
15.0,279.86,7800,2172361.0,278.2,278.01,277.98,277.6,277.5,277.15,277.12,277.11,277.1,277.02,279.66,279.67,279.68,279.69,279.7,279.71,279.72,279.73,279.74,279.75,100,200,100,100,200,9100,100,100,200,100,100,100,100,500,200,200,300,100,100,100
16.0,279.86,7800,2172361.0,278.2,278.01,277.98,277.6,277.5,277.15,277.12,277.11,277.1,277.02,279.48,279.49,279.5,279.51,279.52,279.53,279.54,279.55,279.56,279.57,100,200,100,100,200,9100,100,100,200,100,100,100,100,100,100,100,100,300,100,200
17.0,278.23,7900,2200184.0,278.25,278.21,278.2,278.01,277.98,277.6,277.5,277.15,277.12,277.11,279.3,279.31,279.32,279.33,279.34,279.35,279.36,279.37,279.38,279.39,100,100,100,200,100,100,200,9100,100,100,100,100,100,100,100,200,100,100,100,100
18.0,278.14,8600,2394844.0,277.79,277.67,277.65,277.63,277.61,277.6,277.5,277.15,277.12,277.11,278.09,279.02,279.08,279.09,279.11,279.13,279.14,279.16,279.17,279.19,100,100,100,100,100,100,200,9100,100,100,200,100,100,100,100,500,100,100,100,100
19.0,278.09,8800,2450462.0,278.09,277.8,277.79,277.65,277.63,277.61,277.6,277.5,277.15,277.12,278.98,278.99,279.0,279.02,279.08,279.09,279.11,279.14,279.16,279.17,100,200,100,100,100,100,100,200,9100,100,100,500,100,100,100,100,100,100,100,100
20.0,279.22,9400,2617878.0,278.99,278.5,278.11,278.1,278.09,277.8,277.79,277.65,277.63,277.61,279.25,279.28,279.35,279.41,279.65,279.9,279.95,279.98,280.0,280.5,100,200,100,200,300,200,100,100,100,100,100,100,100,100,100,100,100,100,200,200
21.0,278.5,9900,2757177.0,278.14,278.1,278.09,277.85,277.8,277.79,277.65,277.63,277.61,277.6,278.99,279.18,279.19,279.2,279.21,279.22,279.23,279.24,279.25,279.41,100,100,400,100,200,100,100,100,100,100,100,100,100,100,200,200,100,200,100,100
22.0,278.5,9900,2757177.0,278.14,278.1,278.09,278.02,277.85,277.8,277.79,277.65,277.63,277.61,278.98,278.99,279.18,279.19,279.2,279.21,279.22,279.23,279.24,279.25,100,100,400,100,100,200,100,100,100,100,100,100,100,100,100,200,200,100,200,100
23.0,278.5,9900,2757177.0,278.1,278.09,278.02,277.85,277.8,277.79,277.65,277.63,277.61,277.6,279.07,279.08,279.09,279.1,279.11,279.12,279.13,279.14,279.15,279.16,100,400,100,100,200,100,100,100,100,100,100,100,100,100,100,100,100,100,100,100
24.0,278.5,9900,2757177.0,278.18,278.17,278.16,278.15,278.14,278.13,278.1,278.09,278.02,278.0,279.23,279.24,279.25,279.41,279.47,279.65,279.86,279.9,279.98,280.0,100,200,300,200,200,100,100,200,100,100,100,200,100,100,100,100,100,100,100,400
25.0,279.23,10000,2785100.0,278.53,278.52,278.51,278.5,278.49,278.48,278.47,278.46,278.45,278.44,279.24,279.47,279.65,279.86,279.9,279.98,280.0,280.5,280.55,280.58,100,100,100,100,100,100,100,200,100,100,200,100,100,100,100,100,400,200,100,200
26.0,279.24,10400,2896788.0,278.54,278.46,278.4,278.34,278.28,278.22,278.16,278.13,278.1,278.09,279.57,279.58,279.59,279.6,279.61,279.62,279.63,279.64,279.65,279.86,100,100,100,100,100,100,100,100,100,200,100,200,100,100,100,100,100,100,100,100
27.0,279.24,10400,2896788.0,278.1,278.09,278.02,278.0,277.85,277.79,277.6,277.5,277.15,277.12,279.01,279.02,279.03,279.04,279.05,279.06,279.07,279.08,279.09,279.1,100,200,100,100,100,100,100,200,9100,100,100,100,100,200,100,100,100,100,100,200
28.0,279.24,10400,2896788.0,278.09,278.02,278.0,277.85,277.79,277.6,277.5,277.15,277.12,277.11,278.82,278.83,278.84,278.85,278.86,278.87,278.88,278.89,278.9,278.91,200,100,100,100,100,100,200,9100,100,100,100,100,100,100,200,100,100,100,100,100
29.0,279.24,10400,2896788.0,278.09,278.02,278.0,277.85,277.79,277.6,277.5,277.15,277.12,277.11,278.73,278.74,278.75,278.76,278.77,278.78,278.79,278.8,278.81,278.82,100,100,100,100,100,100,200,9100,100,100,100,200,100,100,100,100,100,200,100,100
30.0,279.24,10400,2896788.0,278.09,278.02,278.0,277.85,277.79,277.6,277.5,277.15,277.12,277.11,278.73,278.74,278.76,278.78,278.8,278.81,278.82,278.84,278.85,278.86,100,100,100,100,100,100,200,9100,100,100,100,200,100,100,200,100,100,100,100,200
31.0,279.24,10400,2896788.0,278.1,278.09,278.02,278.0,277.85,277.79,277.6,277.5,277.15,277.12,278.74,278.8,278.86,278.92,278.94,278.96,278.98,279.0,279.02,279.04,100,100,100,100,200,100,100,200,9100,100,100,100,100,100,100,100,200,100,100,100
32.0,278.74,10500,2924662.0,278.13,278.11,278.1,278.09,278.02,278.0,277.85,277.79,277.6,277.5,279.0,279.02,279.15,279.16,279.23,279.65,279.86,279.98,280.0,280.5,300,100,100,100,100,100,200,100,100,200,100,100,100,100,200,100,100,100,300,200
33.0,278.74,10500,2924662.0,278.13,278.11,278.1,278.09,278.02,278.0,277.85,277.79,277.6,277.5,279.0,279.02,279.15,279.16,279.23,279.65,279.86,279.98,280.0,280.5,300,100,100,100,100,100,200,100,100,200,100,100,100,100,200,100,100,100,300,200
34.0,278.13,10800,3008101.0,278.1,278.09,278.02,278.0,277.85,277.79,277.6,277.5,277.15,277.12,278.7,278.71,278.72,278.73,278.74,278.75,278.76,278.77,278.78,278.87,100,100,100,100,100,100,100,200,9100,100,100,100,100,200,100,600,100,200,300,100
35.0,278.27,11600,3230544.0,277.6,277.5,277.15,277.12,277.11,277.1,277.02,277.01,277.0,276.9,278.25,278.26,278.27,278.28,278.29,278.3,278.31,278.32,278.33,278.34,100,200,9100,100,100,200,100,600,400,100,100,100,400,200,200,200,200,200,200,100
36.0,278.04,11700,3258348.0,277.6,277.5,277.15,277.12,277.11,277.1,277.02,277.01,277.0,276.9,278.06,278.07,278.08,278.09,278.1,278.11,278.12,278.13,278.14,278.15,100,200,9100,100,100,200,100,600,400,100,100,100,200,100,100,100,100,100,100,100
37.0,278.11,12000,3341768.0,277.88,277.6,277.5,277.15,277.12,277.11,277.1,277.02,277.01,277.0,278.35,278.59,278.71,278.77,278.92,278.98,278.99,279.23,279.65,279.86,100,100,200,9100,100,100,200,100,600,400,300,100,100,100,100,100,100,200,100,100
38.0,278.12,12100,3369580.0,278.09,278.08,277.88,277.6,277.5,277.15,277.12,277.11,277.1,277.02,278.59,278.71,278.77,278.92,278.98,279.23,279.86,279.98,280.0,280.46,100,100,100,100,200,9100,100,100,200,100,100,100,100,100,100,200,100,100,500,200
39.0,278.12,12100,3369580.0,278.08,277.88,277.6,277.5,277.15,277.12,277.11,277.1,277.02,277.01,278.59,278.71,278.77,278.92,278.98,279.23,279.86,279.98,280.0,280.46,100,100,100,200,9100,100,100,200,100,600,100,100,100,100,100,200,100,100,500,200
40.0,278.11,12300,3425202.0,278.11,278.08,277.88,277.6,277.5,277.15,277.12,277.11,277.1,277.02,278.77,278.92,278.98,279.23,279.86,279.98,280.0,280.46,280.5,280.55,100,100,100,100,200,9100,100,100,200,100,100,100,100,200,100,100,500,200,200,100
41.0,278.11,12300,3425202.0,278.08,277.88,277.6,277.5,277.15,277.12,277.11,277.1,277.02,277.01,278.77,278.92,278.98,279.23,279.86,279.98,280.0,280.5,280.55,280.58,100,100,100,200,9100,100,100,200,100,700,100,100,100,200,100,100,500,200,100,200
42.0,278.13,12600,3508641.0,278.14,278.13,278.09,278.08,277.88,277.6,277.5,277.15,277.12,277.11,279.04,279.05,279.06,279.07,279.08,279.09,279.1,279.11,279.12,279.13,100,300,100,200,100,100,200,9100,100,100,100,100,100,100,100,200,100,100,100,100
43.0,278.14,12800,3564350.0,278.13,278.09,278.08,277.88,277.6,277.5,277.15,277.12,277.11,277.1,278.88,278.89,278.9,278.91,278.92,278.93,278.94,278.96,278.97,278.98,300,100,200,100,200,200,9100,100,100,200,100,100,100,100,100,100,100,100,200,100
44.0,278.14,12800,3564350.0,278.25,278.13,278.09,278.08,277.88,277.6,277.5,277.15,277.12,277.11,278.76,278.85,278.87,278.91,278.94,278.96,278.97,278.98,278.99,279.0,100,300,100,200,100,200,200,9100,100,100,300,200,100,100,100,200,200,100,100,100
45.0,278.14,12800,3564350.0,278.25,278.13,278.09,278.08,277.88,277.6,277.5,277.15,277.12,277.11,278.75,278.76,278.85,278.87,278.96,278.97,278.99,279.0,279.01,279.02,100,300,100,200,100,200,200,9100,100,100,100,300,200,100,200,100,100,100,100,100
46.0,278.14,12800,3564350.0,278.26,278.25,278.13,278.09,278.08,278.0,277.88,277.6,277.5,277.15,278.76,278.85,278.87,278.96,279.03,279.07,279.09,279.11,279.13,279.15,100,100,300,100,200,100,100,200,200,9100,300,200,100,400,100,100,200,100,100,200
47.0,278.14,12800,3564350.0,278.26,278.25,278.13,278.09,278.08,278.0,277.88,277.6,277.5,277.15,278.75,278.76,278.85,278.87,278.96,279.03,279.07,279.09,279.11,279.13,100,100,300,100,200,100,100,200,200,9100,100,300,200,100,400,100,100,200,100,100
48.0,278.14,13300,3703443.0,278.16,278.15,278.14,278.13,278.09,278.08,278.0,277.88,277.6,277.5,278.75,278.85,278.96,279.03,279.07,279.09,279.11,279.13,279.15,279.17,100,100,300,300,100,200,100,100,200,200,100,200,400,100,100,200,100,100,200,100
49.0,278.14,13300,3703443.0,278.16,278.15,278.14,278.13,278.09,278.08,278.0,277.88,277.6,277.5,278.75,278.85,278.96,279.03,279.07,279.09,279.11,279.13,279.15,279.17,100,100,300,300,100,200,100,100,200,200,100,200,400,100,100,200,100,100,200,100
50.0,278.75,13400,3731318.0,278.16,278.15,278.14,278.13,278.09,278.08,278.0,277.88,277.6,277.5,278.85,278.96,279.09,279.11,279.13,279.15,279.17,279.21,279.23,279.86,100,100,300,300,100,200,100,100,200,200,200,400,100,100,100,200,100,100,200,100
51.0,278.85,13600,3787088.0,278.85,278.16,278.15,278.14,278.13,278.09,278.08,278.0,277.88,277.6,278.96,279.15,279.21,279.23,279.86,279.98,280.0,280.5,280.55,280.58,100,100,100,300,300,100,200,100,100,200,400,100,100,200,100,100,500,200,100,200
52.0,278.85,13600,3787088.0,278.85,278.16,278.15,278.14,278.13,278.09,278.08,278.0,277.88,277.6,278.96,279.15,279.21,279.23,279.86,279.98,279.99,280.0,280.5,280.55,100,100,100,300,300,100,200,100,100,200,400,100,100,200,100,100,100,500,200,100
53.0,278.96,14000,3898672.0,278.85,278.16,278.15,278.14,278.13,278.09,278.08,278.0,277.88,277.6,279.23,279.86,279.98,279.99,280.0,280.5,280.55,280.58,280.88,280.98,100,100,100,300,300,100,100,100,100,200,200,100,100,100,500,200,100,200,100,300
54.0,278.37,14300,3982355.0,278.52,278.51,278.5,278.49,278.48,278.47,278.46,278.45,278.44,278.43,279.86,279.98,279.99,280.0,280.5,280.55,280.58,280.88,280.98,280.99,100,200,200,200,200,100,100,100,100,100,100,100,100,500,200,100,200,100,300,400
55.0,278.98,14400,4010253.0,279.1,279.09,279.08,279.07,279.06,279.05,279.04,279.03,279.02,279.01,279.86,279.98,279.99,280.0,280.5,280.55,280.58,280.88,280.98,280.99,100,100,100,100,100,100,100,100,100,300,100,100,100,500,200,100,200,100,300,400
56.0,279.81,14600,4066220.0,278.84,278.78,278.72,278.66,278.6,278.54,278.52,278.51,278.5,278.49,279.8,279.82,279.83,279.84,279.85,279.86,279.87,279.88,279.89,279.9,100,100,100,100,100,100,100,100,100,100,100,100,100,100,200,100,100,100,100,100
57.0,278.84,14700,4094104.0,278.78,278.72,278.66,278.6,278.54,278.52,278.51,278.5,278.49,278.4,278.96,279.78,279.79,279.8,279.82,279.83,279.84,279.85,279.86,279.87,100,100,100,100,100,100,100,100,100,400,200,100,100,100,100,100,100,200,100,100
58.0,278.96,14800,4122000.0,278.78,278.72,278.66,278.6,278.54,278.52,278.51,278.5,278.49,278.4,278.96,279.78,279.79,279.8,279.82,279.83,279.84,279.85,279.86,279.87,100,100,100,100,100,100,100,100,100,400,100,100,100,100,100,100,100,200,100,100
59.0,278.96,14800,4122000.0,278.78,278.72,278.66,278.6,278.54,278.52,278.51,278.5,278.49,278.4,278.96,279.78,279.79,279.8,279.82,279.83,279.84,279.85,279.86,279.87,100,100,100,100,100,100,100,100,100,400,100,100,100,100,100,100,100,200,100,100
60.0,278.96,14800,4122000.0,278.78,278.72,278.66,278.6,278.54,278.52,278.51,278.5,278.49,278.4,278.96,279.78,279.79,279.8,279.82,279.83,279.84,279.85,279.86,279.87,100,100,100,100,100,100,100,100,100,400,100,100,100,100,100,100,100,200,100,100
61.0,278.96,14800,4122000.0,278.8,278.78,278.72,278.66,278.6,278.54,278.52,278.51,278.5,278.49,278.96,279.78,279.79,279.8,279.82,279.83,279.84,279.85,279.86,279.87,100,100,100,100,100,100,100,100,100,100,100,100,100,100,100,100,100,200,100,100
62.0,278.96,14800,4122000.0,278.8,278.52,278.51,278.5,278.49,278.4,278.37,278.31,278.18,278.16,278.96,279.78,279.79,279.8,279.82,279.83,279.84,279.85,279.86,279.87,100,100,100,100,100,400,300,300,400,100,300,100,100,100,100,100,100,200,100,100
63.0,278.96,14800,4122000.0,278.8,278.52,278.51,278.5,278.49,278.4,278.37,278.31,278.18,278.16,278.96,279.78,279.79,279.8,279.82,279.83,279.84,279.85,279.86,279.87,100,100,100,100,100,400,300,300,400,100,300,100,100,100,100,100,100,200,100,100
64.0,278.96,14800,4122000.0,278.8,278.52,278.51,278.5,278.49,278.4,278.37,278.31,278.18,278.16,278.94,278.95,278.96,279.78,279.79,279.8,279.82,279.83,279.84,279.85,100,100,100,100,100,400,300,300,400,100,100,300,300,100,100,100,100,100,100,200
65.0,278.8,14900,4149880.0,278.4,278.37,278.31,278.18,278.08,278.0,277.88,277.66,277.6,277.5,278.93,278.94,278.95,278.96,279.78,279.79,279.8,279.82,279.83,279.84,400,300,300,400,100,100,100,100,200,200,100,100,300,300,100,100,100,100,100,100
66.0,278.8,14900,4149880.0,278.4,278.37,278.31,278.18,278.08,278.0,277.88,277.66,277.6,277.5,278.91,278.92,278.93,278.94,278.95,278.96,279.78,279.79,279.8,279.82,400,300,300,400,100,100,100,100,200,200,100,300,100,100,300,300,100,100,100,100
67.0,278.4,15000,4177720.0,278.08,278.0,277.88,277.66,277.6,277.5,277.15,277.12,277.11,277.1,278.31,278.37,278.89,278.9,278.92,278.93,278.94,278.95,278.96,279.78,100,100,100,100,200,200,9100,100,100,200,100,100,100,200,300,100,100,300,300,100
68.0,278.4,15000,4177720.0,278.08,278.0,277.88,277.66,277.6,277.5,277.15,277.12,277.11,277.1,278.31,278.37,278.89,278.9,278.92,278.93,278.94,278.95,278.96,279.78,100,100,100,100,200,200,9100,100,100,200,100,100,100,200,300,100,100,300,300,100
69.0,278.4,15000,4177720.0,278.08,278.0,277.88,277.66,277.6,277.5,277.15,277.12,277.11,277.1,278.31,278.37,278.89,278.9,278.92,278.93,278.94,278.95,278.96,279.7,100,100,100,100,200,200,9100,100,100,200,100,100,100,100,300,100,100,300,300,100
70.0,278.37,15200,4233388.0,278.08,278.0,277.88,277.66,277.6,277.5,277.15,277.12,277.11,277.1,278.92,278.93,278.94,278.95,278.96,279.7,279.78,279.79,279.8,279.82,100,100,100,100,200,200,9100,100,100,200,300,100,100,300,300,100,100,100,100,100
71.0,278.37,15200,4233388.0,278.31,278.08,278.0,277.88,277.66,277.6,277.5,277.15,277.12,277.11,278.91,278.92,278.93,278.94,278.95,278.96,279.7,279.78,279.79,279.8,200,100,100,100,100,200,200,9100,100,100,100,300,100,100,300,300,100,100,100,100
72.0,278.37,15200,4233388.0,278.31,278.08,278.0,277.88,277.66,277.6,277.5,277.15,277.12,277.11,278.91,278.92,278.93,278.94,278.95,278.96,279.7,279.78,279.79,279.8,200,100,100,100,100,200,200,9100,100,100,100,300,100,100,300,300,100,100,100,100
73.0,278.91,15300,4261279.0,278.31,278.19,278.08,278.0,277.88,277.66,277.6,277.5,277.15,277.12,278.78,278.83,278.89,278.91,278.92,278.93,278.94,278.95,278.96,279.7,200,100,100,100,100,100,200,200,9100,100,100,100,100,200,300,100,100,300,300,100
74.0,278.31,15400,4289110.0,278.31,278.19,278.08,278.0,277.88,277.66,277.6,277.5,277.15,277.12,278.78,278.83,278.89,278.91,278.92,278.93,278.94,278.95,278.96,279.78,100,100,100,100,100,100,200,200,9100,100,100,100,100,200,300,100,100,300,300,100
75.0,278.31,15500,4316941.0,278.19,278.08,278.0,277.88,277.66,277.6,277.5,277.15,277.12,277.11,278.31,278.78,278.89,278.91,278.92,278.93,278.94,278.95,278.96,279.78,100,100,100,100,100,200,200,9100,100,100,100,100,100,200,300,100,100,300,300,100
76.0,278.31,15500,4316941.0,278.19,278.0,277.88,277.66,277.6,277.5,277.15,277.12,277.11,277.1,278.31,278.78,278.89,278.91,278.92,278.93,278.94,278.95,278.96,279.78,100,100,100,100,200,200,9100,100,100,200,100,100,100,200,300,100,100,300,300,100
77.0,278.31,15600,4344772.0,278.19,278.0,277.88,277.66,277.6,277.5,277.15,277.12,277.11,277.1,278.77,278.78,278.89,278.91,278.92,278.93,278.94,278.95,278.96,279.78,100,100,100,100,200,200,9100,100,100,200,100,100,100,200,300,100,100,300,300,100
78.0,278.31,15600,4344772.0,278.19,278.0,277.88,277.66,277.6,277.5,277.15,277.12,277.11,277.1,278.77,278.78,278.89,278.91,278.92,278.93,278.94,278.95,278.96,279.78,100,100,100,100,200,200,9100,100,100,200,100,100,100,200,300,100,100,300,300,100
79.0,278.31,15600,4344772.0,278.31,278.19,278.0,277.88,277.66,277.6,277.5,277.15,277.12,277.11,278.77,278.78,278.89,278.91,278.92,278.93,278.94,278.95,278.96,279.78,100,100,100,100,100,200,200,9100,100,100,100,100,100,200,300,100,100,300,300,100
80.0,278.31,15600,4344772.0,278.31,278.19,278.0,277.88,277.66,277.6,277.5,277.15,277.12,277.11,278.78,278.89,278.91,278.92,278.94,278.95,278.96,279.78,279.79,279.8,100,100,1100,100,100,200,200,9100,100,100,100,100,200,300,100,300,300,100,100,100
81.0,278.89,15800,4400539.0,278.33,278.32,278.31,278.19,278.0,277.88,277.66,277.6,277.5,277.15,278.91,278.92,278.94,278.95,278.96,279.78,279.79,279.8,279.82,279.83,200,100,1400,100,1100,100,100,200,200,9100,100,300,100,300,300,100,100,100,100,100
82.0,278.77,15900,4428416.0,278.77,278.33,278.32,278.31,278.19,278.0,277.88,277.66,277.6,277.5,278.91,278.92,278.94,278.95,278.96,279.78,279.79,279.8,279.82,279.83,100,200,100,1400,100,1100,100,100,200,200,100,300,100,300,300,100,100,100,100,100
83.0,278.91,16000,4456307.0,278.91,278.35,278.33,278.32,278.31,278.19,278.0,277.88,277.66,277.6,278.94,278.95,278.96,279.78,279.79,279.8,279.82,279.83,279.84,279.85,100,100,200,100,1400,100,1100,100,100,200,100,300,200,100,100,100,100,100,100,200
84.0,278.91,16000,4456307.0,278.91,278.35,278.33,278.32,278.31,278.19,278.0,277.88,277.66,277.6,278.94,278.95,278.96,279.78,279.79,279.8,279.82,279.83,279.84,279.85,100,100,200,100,1400,100,1100,100,100,200,100,300,200,100,100,100,100,100,100,200
85.0,278.91,16100,4484198.0,278.35,278.33,278.32,278.31,278.19,278.0,277.88,277.66,277.6,277.5,278.93,278.94,278.95,278.96,279.78,279.79,279.8,279.82,279.83,279.84,100,200,100,1400,100,1100,100,100,200,200,100,100,300,200,100,100,100,100,100,100
86.0,278.91,16100,4484198.0,278.35,278.33,278.31,278.19,278.0,277.88,277.66,277.6,277.5,277.15,278.93,278.94,278.95,278.96,279.78,279.79,279.8,279.82,279.83,279.84,100,200,1400,100,1100,100,100,200,200,9100,100,100,300,200,100,100,100,100,100,100
87.0,278.35,16400,4567703.0,278.33,278.31,278.19,278.0,277.88,277.66,277.6,277.5,277.15,277.12,278.92,278.93,278.94,278.95,278.96,279.78,279.79,279.8,279.82,279.83,200,1400,100,1100,100,100,200,200,9100,100,100,100,100,300,200,100,100,100,100,100
88.0,278.35,16400,4567703.0,278.33,278.31,278.19,278.0,277.88,277.66,277.6,277.5,277.15,277.12,278.89,278.91,278.92,278.93,278.94,278.95,278.96,279.78,279.79,279.8,200,1400,100,1200,100,100,200,200,9100,100,100,200,100,100,100,300,200,100,100,100
89.0,278.35,16400,4567703.0,278.33,278.31,278.27,278.19,278.0,277.88,277.66,277.6,277.5,277.15,278.88,278.89,278.91,278.92,278.93,278.94,278.95,278.96,279.78,279.79,200,1400,100,100,1200,100,100,200,200,9100,100,200,200,100,100,100,300,200,100,100
90.0,278.87,16700,4651365.0,278.33,278.31,278.27,278.19,278.0,277.88,277.66,277.6,277.5,277.15,278.89,278.91,278.92,278.93,278.94,278.95,278.96,279.78,279.79,279.8,200,1400,100,100,1200,100,100,200,200,9100,200,200,100,100,100,300,200,100,100,100
91.0,278.87,16700,4651365.0,278.33,278.31,278.27,278.19,278.0,277.88,277.66,277.6,277.5,277.15,278.89,278.91,278.92,278.93,278.94,278.95,278.96,279.78,279.79,279.8,200,1400,100,100,1200,100,100,200,200,9100,200,200,100,100,100,300,200,100,100,100
92.0,278.87,16700,4651365.0,278.4,278.33,278.31,278.27,278.19,278.0,277.88,277.66,277.6,277.5,278.88,278.89,278.91,278.93,278.94,278.95,278.96,279.78,279.79,279.8,100,200,1400,100,100,1200,100,100,200,200,100,200,200,100,100,300,200,100,100,100
93.0,278.4,16800,4679205.0,278.33,278.31,278.27,278.19,278.0,277.88,277.66,277.6,277.5,277.41,278.89,278.91,278.93,278.94,278.95,278.96,279.78,279.79,279.8,279.82,200,1400,100,100,1200,100,100,200,200,100,200,200,100,100,300,200,100,100,100,100
94.0,278.4,16800,4679205.0,278.33,278.31,278.27,278.19,278.0,277.88,277.66,277.6,277.5,277.41,278.89,278.91,278.93,278.94,278.95,279.78,279.79,279.8,279.82,279.83,200,1400,100,100,1200,100,100,200,200,100,200,200,100,100,500,100,100,100,100,100
95.0,278.89,16900,4707094.0,278.33,278.31,278.27,278.19,278.0,277.88,277.66,277.6,277.5,277.41,278.89,278.9,278.91,278.93,278.94,278.95,279.78,279.79,279.8,279.82,200,1400,100,100,1200,100,100,200,200,100,300,100,200,100,100,500,100,100,100,100
96.0,278.33,17000,4734927.0,278.33,278.31,278.27,278.19,278.0,277.88,277.66,277.6,277.5,277.41,278.89,278.9,278.91,278.93,278.94,278.95,279.78,279.79,279.8,279.82,100,1400,100,100,1200,100,100,200,200,100,300,100,200,100,100,500,100,100,100,100
97.0,278.33,17000,4734927.0,278.33,278.31,278.27,278.19,278.0,277.88,277.66,277.6,277.5,277.41,278.89,278.9,278.91,278.93,278.94,278.95,279.78,279.79,279.8,279.82,100,1400,100,100,1200,100,100,200,200,100,300,100,200,100,100,500,100,100,100,100
98.0,278.33,17000,4734927.0,278.33,278.31,278.27,278.19,278.0,277.88,277.66,277.6,277.5,277.41,278.89,278.9,278.91,278.93,278.94,278.95,279.78,279.79,279.8,279.82,100,1400,100,100,1200,100,100,200,200,100,300,100,200,100,100,500,100,100,100,100
99.0,278.33,17000,4734927.0,278.35,278.33,278.31,278.27,278.19,278.0,277.88,277.66,277.6,277.5,278.89,278.9,278.91,278.93,278.94,278.95,279.78,279.79,279.8,279.82,100,100,1400,100,100,1200,100,100,300,200,300,100,200,100,100,500,100,100,100,100
100.0,278.33,17000,4734927.0,278.35,278.33,278.31,278.27,278.19,278.0,277.88,277.66,277.6,277.5,278.89,278.9,278.91,278.94,278.95,279.78,279.79,279.8,279.82,279.83,100,100,1400,100,100,1200,100,100,300,200,300,100,200,100,500,100,100,100,100,100
101.0,278.33,17000,4734927.0,278.35,278.34,278.33,278.31,278.27,278.19,278.0,277.88,277.66,277.6,278.88,278.89,278.9,278.91,278.94,278.95,279.78,279.79,279.8,279.82,100,100,100,1400,100,100,1200,100,100,300,100,300,100,200,100,500,100,100,100,100
102.0,278.33,17000,4734927.0,278.35,278.34,278.33,278.31,278.27,278.19,278.03,278.0,277.88,277.66,278.88,278.89,278.9,278.91,278.94,278.95,279.78,279.79,279.8,279.82,100,100,100,1400,100,100,100,1200,100,100,100,300,200,200,100,500,100,100,100,100
103.0,278.33,17000,4734927.0,278.35,278.34,278.33,278.31,278.27,278.19,278.03,278.0,277.88,277.66,278.88,278.89,278.9,278.91,278.94,278.95,279.78,279.79,279.8,279.82,100,100,100,1400,100,100,100,1200,100,100,100,300,200,200,100,500,100,100,100,100
104.0,278.88,17100,4762815.0,278.36,278.35,278.34,278.33,278.31,278.27,278.19,278.1,278.03,278.0,278.89,278.9,278.91,278.94,278.95,279.78,279.79,279.8,279.82,279.83,100,100,100,100,1400,100,100,100,100,1200,300,200,200,100,500,100,100,100,100,100
105.0,278.35,17400,4846322.0,278.34,278.33,278.31,278.27,278.19,278.1,278.03,278.0,277.88,277.66,278.89,278.9,278.91,278.94,278.95,279.78,279.79,279.8,279.82,279.83,100,100,1400,100,100,100,100,1200,100,100,300,200,200,100,500,100,100,100,100,100
106.0,278.35,17400,4846322.0,278.34,278.33,278.31,278.27,278.19,278.1,278.03,278.0,277.88,277.66,278.89,278.9,278.91,278.94,278.95,279.78,279.79,279.8,279.82,279.83,100,100,1400,100,100,100,100,1200,100,100,300,200,200,100,500,100,100,100,100,100
107.0,278.89,17500,4874211.0,278.37,278.36,278.35,278.34,278.33,278.31,278.27,278.19,278.1,278.03,278.89,278.9,278.91,278.94,278.95,279.78,279.79,279.8,279.82,279.83,100,100,100,100,100,1400,100,100,100,100,200,200,200,100,500,100,100,100,100,100
108.0,278.89,17500,4874211.0,278.37,278.36,278.35,278.34,278.33,278.31,278.27,278.19,278.1,278.03,278.89,278.9,278.91,278.94,278.95,279.78,279.79,279.8,279.82,279.83,100,100,100,100,100,1400,100,100,100,100,200,200,200,100,500,100,100,100,100,100
109.0,278.89,17500,4874211.0,278.37,278.36,278.35,278.34,278.33,278.31,278.27,278.19,278.1,278.03,278.89,278.9,278.91,278.94,278.95,279.78,279.79,279.8,279.82,279.83,100,100,100,100,100,1400,100,100,100,100,200,200,200,100,500,100,100,100,100,100
110.0,278.89,17500,4874211.0,278.36,278.35,278.34,278.33,278.31,278.27,278.19,278.1,278.03,278.0,278.89,278.9,278.91,278.94,278.95,279.78,279.79,279.8,279.82,279.83,100,100,100,100,1400,100,100,100,100,1200,200,200,200,100,300,100,100,100,100,100
111.0,278.36,17600,4902047.0,278.35,278.34,278.33,278.31,278.27,278.19,278.1,278.03,278.0,277.88,278.88,278.89,278.9,278.91,278.94,278.95,279.78,279.79,279.8,279.82,100,100,100,1400,100,100,100,100,1200,100,200,200,200,200,100,300,100,100,100,100
112.0,278.36,17600,4902047.0,278.35,278.34,278.33,278.31,278.27,278.19,278.1,278.03,278.0,277.88,278.88,278.89,278.9,278.91,278.94,278.95,279.78,279.79,279.8,279.82,100,100,100,1400,100,100,100,100,1200,100,200,200,200,200,100,300,100,100,100,100
113.0,278.88,17700,4929935.0,278.35,278.34,278.33,278.31,278.27,278.19,278.1,278.03,278.0,277.88,278.88,278.89,278.9,278.91,278.94,278.95,279.78,279.79,279.8,279.82,200,100,100,1400,100,100,100,100,1200,100,100,200,200,200,100,300,100,100,100,100
114.0,278.88,17700,4929935.0,278.35,278.34,278.33,278.31,278.27,278.19,278.1,278.03,278.0,277.88,278.88,278.89,278.9,278.91,278.94,278.95,279.78,279.79,279.8,279.82,200,100,100,1400,100,100,100,100,1200,100,100,200,200,200,100,300,100,100,100,100
115.0,278.88,17700,4929935.0,278.35,278.34,278.33,278.31,278.27,278.19,278.1,278.03,278.0,277.88,278.88,278.89,278.9,278.91,278.94,278.95,279.78,279.79,279.8,279.82,200,100,100,1400,100,100,100,100,1300,100,100,200,200,200,100,300,100,100,100,100
116.0,278.88,17700,4929935.0,278.35,278.34,278.33,278.31,278.27,278.19,278.1,278.03,278.0,277.88,278.88,278.89,278.9,278.91,278.94,278.95,279.78,279.79,279.8,279.82,200,100,100,1400,100,100,100,100,1300,100,200,200,200,200,100,300,100,100,100,100
117.0,278.88,17700,4929935.0,278.35,278.34,278.33,278.31,278.27,278.19,278.1,278.03,278.0,277.88,278.88,278.89,278.9,278.91,278.94,278.95,279.78,279.79,279.8,279.82,200,100,100,1400,100,100,100,100,1300,100,200,200,200,200,100,300,100,100,100,100
118.0,278.88,17700,4929935.0,278.4,278.35,278.34,278.33,278.31,278.27,278.19,278.1,278.03,278.0,278.88,278.89,278.9,278.91,278.94,278.95,279.78,279.79,279.8,279.82,100,200,100,100,1400,100,100,100,100,1300,200,200,200,200,100,300,100,100,100,100
119.0,278.88,17800,4957823.0,278.4,278.35,278.34,278.33,278.31,278.27,278.19,278.1,278.03,278.0,278.88,278.89,278.9,278.91,278.94,278.95,279.78,279.79,279.8,279.82,100,200,100,100,1400,100,100,100,100,1300,100,200,200,200,100,300,100,100,100,100
120.0,278.88,17800,4957823.0,278.4,278.35,278.34,278.33,278.31,278.27,278.19,278.1,278.03,278.0,278.88,278.89,278.9,278.91,278.94,278.95,279.78,279.79,279.8,279.82,100,200,100,100,1400,100,100,100,100,1300,100,200,200,200,100,300,100,100,100,100
121.0,278.88,17800,4957823.0,278.4,278.35,278.34,278.33,278.31,278.27,278.19,278.1,278.03,278.0,278.88,278.89,278.9,278.91,278.94,278.95,279.78,279.79,279.8,279.82,100,200,100,100,1400,100,100,100,100,1300,100,200,200,200,100,300,100,100,100,100
122.0,278.4,17900,4985663.0,278.35,278.34,278.33,278.31,278.27,278.19,278.1,278.03,278.0,277.88,278.88,278.89,278.9,278.91,278.94,278.95,279.78,279.79,279.8,279.82,100,100,100,1400,100,100,100,100,1300,100,100,200,100,200,100,300,100,100,100,100
123.0,278.4,17900,4985663.0,278.57,278.35,278.34,278.33,278.31,278.27,278.19,278.1,278.03,278.0,278.88,278.89,278.9,278.91,278.94,278.95,279.78,279.79,279.8,279.82,100,100,100,100,1400,100,100,100,100,1300,100,200,100,200,100,300,100,100,100,100
124.0,278.4,17900,4985663.0,278.57,278.35,278.34,278.33,278.31,278.27,278.19,278.1,278.03,278.0,278.88,278.89,278.9,278.91,278.94,278.95,279.78,279.79,279.8,279.82,100,100,100,100,1400,100,100,100,100,1300,100,200,100,200,100,300,100,100,100,100
125.0,278.88,18000,5013551.0,278.52,278.35,278.34,278.33,278.31,278.19,278.1,278.03,278.0,277.88,278.89,278.9,278.91,278.94,278.95,279.78,279.79,279.8,279.82,279.83,100,100,100,100,1400,100,100,100,1300,100,200,100,200,100,300,100,100,100,100,100
126.0,278.88,18000,5013551.0,278.52,278.35,278.34,278.33,278.31,278.19,278.1,278.03,278.0,277.88,278.9,278.91,278.94,278.95,279.78,279.79,279.8,279.82,279.83,279.84,100,100,100,100,1400,100,100,100,1300,100,100,200,100,300,100,100,100,100,100,100
127.0,278.88,18000,5013551.0,278.52,278.35,278.34,278.33,278.31,278.19,278.1,278.03,278.0,277.88,278.86,278.87,278.88,278.9,278.91,278.94,278.95,279.78,279.79,279.8,100,100,100,100,1400,100,100,100,1300,100,100,100,200,100,200,100,300,100,100,100
128.0,278.86,18100,5041437.0,278.52,278.35,278.34,278.33,278.31,278.19,278.1,278.03,278.0,277.88,278.87,278.88,278.9,278.91,278.94,278.95,279.78,279.79,279.8,279.82,100,100,100,100,1400,100,100,100,1300,100,100,200,100,200,100,300,100,100,100,100
129.0,278.86,18100,5041437.0,278.52,278.35,278.34,278.33,278.31,278.19,278.1,278.03,278.0,277.88,278.87,278.88,278.9,278.91,278.94,278.95,279.78,279.79,279.8,279.82,100,100,100,100,1400,100,100,100,1300,100,100,300,100,200,100,300,100,100,100,100
130.0,278.87,18200,5069324.0,278.52,278.35,278.34,278.33,278.31,278.19,278.1,278.03,278.0,277.88,278.88,278.9,278.91,278.94,278.95,279.78,279.79,279.8,279.82,279.83,100,100,100,100,1400,100,100,100,1300,100,300,100,200,100,300,100,100,100,100,100
131.0,278.87,18200,5069324.0,278.87,278.52,278.35,278.34,278.33,278.31,278.19,278.1,278.03,278.0,278.88,278.9,278.91,278.94,278.95,279.78,279.79,279.8,279.82,279.83,100,100,100,100,100,1500,100,100,100,1300,300,100,200,100,300,100,100,100,100,100
132.0,278.87,18300,5097211.0,278.52,278.35,278.34,278.33,278.31,278.19,278.1,278.03,278.0,277.88,278.88,278.91,278.94,278.95,279.78,279.79,279.8,279.82,279.83,279.84,100,100,100,100,1500,100,100,100,1300,100,300,200,100,300,100,100,100,100,100,100
133.0,278.87,18300,5097211.0,278.55,278.52,278.35,278.34,278.33,278.31,278.19,278.1,278.03,278.0,278.88,278.91,278.94,278.95,279.78,279.79,279.8,279.82,279.83,279.84,100,100,100,100,100,1500,100,100,100,1300,300,200,100,300,100,100,100,100,100,100
134.0,278.87,18300,5097211.0,278.61,278.55,278.52,278.35,278.34,278.33,278.31,278.19,278.1,278.03,278.88,278.91,278.94,278.95,279.78,279.79,279.8,279.82,279.83,279.84,100,100,300,100,100,100,1500,100,100,100,300,200,100,300,100,100,100,100,100,100
135.0,278.88,18400,5125099.0,278.61,278.55,278.52,278.35,278.34,278.31,278.19,278.1,278.03,278.0,278.88,278.91,278.94,278.95,279.78,279.79,279.8,279.82,279.83,279.84,200,100,300,100,100,1500,100,100,100,1300,200,200,100,300,100,100,100,100,100,100
136.0,278.88,18400,5125099.0,278.62,278.61,278.55,278.52,278.35,278.34,278.31,278.19,278.1,278.03,278.88,278.91,278.94,278.95,279.78,279.79,279.8,279.82,279.83,279.84,100,500,100,300,100,100,1500,100,100,100,200,200,100,300,100,100,100,100,100,100
137.0,278.88,18400,5125099.0,278.78,278.66,278.62,278.61,278.55,278.52,278.35,278.34,278.31,278.19,278.88,278.91,278.94,278.95,279.78,279.79,279.8,279.82,279.83,279.84,100,500,300,500,100,200,100,100,1500,100,200,200,100,300,100,100,100,100,100,100
138.0,278.88,18400,5125099.0,278.78,278.66,278.62,278.61,278.55,278.52,278.35,278.34,278.31,278.19,278.88,278.91,278.94,278.95,279.78,279.79,279.8,279.82,279.83,279.84,100,500,300,500,100,200,100,100,1500,100,200,200,100,300,100,100,100,100,100,100
139.0,278.91,18800,5236657.0,278.78,278.66,278.62,278.61,278.55,278.52,278.35,278.34,278.31,278.19,278.94,278.95,279.78,279.79,279.8,279.82,279.83,279.84,279.85,279.86,100,500,200,500,100,200,100,100,1500,100,100,300,100,100,100,100,100,100,200,100
140.0,278.94,18900,5264551.0,278.83,278.66,278.62,278.61,278.55,278.52,278.35,278.34,278.31,278.19,278.95,279.77,279.78,279.79,279.8,279.82,279.83,279.84,279.85,279.86,100,600,200,500,100,200,100,100,1400,100,300,300,100,100,100,100,100,100,200,100
141.0,278.95,19100,5320341.0,278.83,278.66,278.62,278.61,278.52,278.35,278.34,278.31,278.19,278.1,278.95,279.77,279.78,279.79,279.8,279.82,279.83,279.84,279.85,279.86,100,600,200,500,200,100,100,1400,100,100,100,300,100,100,100,100,100,100,200,100
142.0,278.95,19100,5320341.0,278.83,278.66,278.62,278.61,278.52,278.35,278.34,278.31,278.19,278.1,278.95,279.77,279.78,279.79,279.8,279.82,279.83,279.84,279.85,279.86,100,600,200,500,200,100,100,1400,100,100,100,300,100,100,100,100,100,100,200,100
143.0,278.95,19100,5320341.0,278.84,278.83,278.66,278.62,278.61,278.52,278.35,278.34,278.31,278.19,278.95,279.77,279.78,279.79,279.8,279.82,279.83,279.84,279.85,279.86,100,100,600,100,500,100,100,100,1400,100,100,300,100,100,100,100,100,100,200,100
144.0,278.95,19100,5320341.0,278.84,278.83,278.66,278.62,278.61,278.52,278.35,278.34,278.31,278.19,278.95,279.77,279.78,279.79,279.8,279.82,279.83,279.84,279.85,279.86,100,100,600,100,500,100,100,100,1400,100,100,300,100,100,100,100,100,100,200,100
145.0,278.95,19100,5320341.0,278.84,278.83,278.66,278.62,278.61,278.52,278.35,278.34,278.31,278.19,278.95,279.77,279.78,279.79,279.8,279.82,279.83,279.84,279.85,279.86,100,100,600,100,500,100,100,100,1400,100,100,300,100,100,100,100,100,100,200,100
146.0,278.95,19400,5404015.0,278.66,278.62,278.61,278.52,278.35,278.34,278.31,278.19,278.1,278.03,278.95,279.31,279.33,279.4,279.76,279.77,279.78,279.79,279.8,279.82,600,100,500,100,100,100,1400,100,100,100,200,200,100,100,200,300,100,100,100,100
147.0,278.66,19700,5487613.0,278.66,278.62,278.61,278.52,278.35,278.34,278.31,278.19,278.1,278.03,278.95,279.31,279.33,279.4,279.76,279.77,279.78,279.79,279.8,279.82,300,100,400,100,100,100,1400,100,100,100,200,200,100,100,200,300,100,100,100,100
148.0,278.66,19700,5487613.0,278.66,278.62,278.61,278.52,278.35,278.34,278.31,278.19,278.1,278.03,278.95,279.31,279.33,279.4,279.76,279.77,279.78,279.79,279.8,279.82,300,100,300,100,100,100,1400,100,100,100,200,200,100,100,200,300,100,100,100,100
149.0,278.66,20000,5571211.0,278.62,278.52,278.35,278.34,278.31,278.19,278.1,278.03,278.0,277.88,278.89,278.93,278.94,278.95,279.31,279.33,279.4,279.76,279.77,279.78,100,100,100,100,1400,100,100,100,1500,100,100,300,200,200,200,100,100,200,300,100
150.0,278.66,20000,5571211.0,278.62,278.52,278.35,278.34,278.31,278.19,278.1,278.03,278.0,277.88,278.89,278.93,278.94,278.95,279.31,279.33,279.4,279.76,279.77,279.78,100,100,100,100,1400,100,100,100,1500,100,100,300,200,200,200,100,100,200,300,100
151.0,278.66,20000,5571211.0,278.62,278.52,278.35,278.34,278.31,278.19,278.1,278.03,278.0,277.88,278.88,278.93,278.94,278.95,279.31,279.33,279.4,279.76,279.77,279.78,100,100,100,100,1400,100,100,100,1500,100,100,300,200,200,200,100,100,200,300,100
152.0,278.88,20100,5599099.0,278.62,278.52,278.35,278.34,278.31,278.19,278.1,278.03,278.0,277.88,278.93,278.94,278.95,279.31,279.33,279.4,279.76,279.77,279.78,279.79,100,100,100,100,1400,100,100,100,1500,100,300,200,200,200,100,100,200,300,100,100
153.0,278.62,20200,5626961.0,278.52,278.35,278.34,278.31,278.19,278.1,278.03,278.0,277.88,277.66,278.93,278.94,278.95,279.31,279.33,279.4,279.76,279.77,279.78,279.79,100,100,100,1400,100,100,100,1500,100,100,300,200,200,200,100,100,200,300,100,100
154.0,278.92,20300,5654853.0,278.52,278.35,278.34,278.31,278.19,278.1,278.03,278.0,277.88,277.66,278.91,278.92,278.93,278.94,278.95,279.31,279.33,279.4,279.76,279.77,100,100,100,1400,100,100,100,1500,100,100,100,200,700,200,200,200,100,100,200,300
155.0,278.92,20300,5654853.0,278.52,278.5,278.35,278.34,278.31,278.19,278.1,278.03,278.0,277.88,278.91,278.92,278.93,278.94,278.95,279.31,279.33,279.4,279.76,279.77,100,100,100,100,1400,100,100,100,1500,100,100,300,700,200,200,200,100,100,200,300
156.0,278.92,20300,5654853.0,278.52,278.5,278.35,278.34,278.31,278.19,278.1,278.03,278.0,277.88,278.91,278.92,278.93,278.94,278.95,279.31,279.33,279.4,279.76,279.77,100,100,100,100,1400,100,100,100,1500,100,100,300,700,200,200,200,100,100,200,300
157.0,278.92,20300,5654853.0,278.52,278.5,278.35,278.34,278.31,278.19,278.1,278.03,278.0,277.88,278.91,278.92,278.93,278.94,278.95,279.31,279.33,279.4,279.76,279.77,100,100,100,100,1400,100,100,100,1500,100,100,300,700,200,200,200,100,100,200,300
158.0,278.66,20600,5738421.0,278.35,278.34,278.31,278.19,278.1,278.03,278.0,277.88,277.66,277.6,278.79,278.87,278.9,278.91,278.92,278.93,278.94,278.95,279.33,279.4,100,100,1400,100,100,100,1500,100,100,300,100,300,200,400,200,700,200,200,100,100
159.0,278.66,20600,5738421.0,278.35,278.34,278.31,278.19,278.1,278.03,278.0,277.88,277.66,277.6,278.79,278.87,278.9,278.91,278.92,278.93,278.94,278.95,279.33,279.4,100,100,1400,100,100,100,1500,100,100,300,100,300,200,400,200,700,200,200,100,100
160.0,278.66,20600,5738421.0,278.35,278.34,278.31,278.19,278.1,278.03,278.0,277.88,277.66,277.6,278.79,278.87,278.9,278.91,278.92,278.93,278.94,278.95,279.33,279.4,100,100,1400,100,100,100,1500,100,100,300,100,300,200,400,200,700,200,200,100,100
161.0,278.66,20600,5738421.0,278.52,278.35,278.34,278.31,278.19,278.1,278.03,278.0,277.88,277.66,278.79,278.9,278.91,278.92,278.93,278.94,278.95,279.33,279.4,279.76,100,100,100,1400,100,100,100,1500,100,100,100,200,300,200,700,200,200,100,100,200
162.0,278.66,20600,5738421.0,278.52,278.35,278.34,278.31,278.19,278.1,278.03,278.0,277.88,277.66,278.79,278.9,278.91,278.92,278.93,278.94,278.95,279.33,279.4,279.76,100,100,100,1400,100,100,100,1500,100,100,100,200,300,200,700,200,200,100,100,200
163.0,278.66,20600,5738421.0,278.52,278.35,278.34,278.31,278.19,278.1,278.03,278.0,277.88,277.66,278.79,278.9,278.91,278.92,278.93,278.94,278.95,279.33,279.4,279.76,100,100,100,1400,100,100,100,1500,100,100,100,200,300,200,700,200,200,100,100,200
164.0,278.52,20700,5766273.0,278.35,278.34,278.31,278.19,278.1,278.03,278.0,277.88,277.66,277.6,278.78,278.79,278.9,278.91,278.93,278.95,279.33,279.4,279.76,279.78,100,100,1400,100,100,100,1500,100,100,300,100,100,200,300,700,200,100,100,200,100
165.0,278.35,20800,5794108.0,278.34,278.31,278.19,278.1,278.03,278.0,277.88,277.66,277.6,277.5,278.73,278.74,278.78,278.79,278.9,278.93,278.95,279.33,279.4,279.76,100,1400,100,100,100,1500,100,100,300,200,300,600,100,100,200,700,200,100,100,200
166.0,278.19,22400,6239395.0,278.1,278.03,278.0,277.88,277.66,277.6,277.5,277.41,277.18,277.15,278.13,278.55,278.69,278.72,278.73,278.74,278.78,278.79,278.9,278.93,100,100,1500,100,100,300,200,100,100,9100,100,200,100,500,100,300,100,100,200,700
167.0,278.13,22500,6267208.0,278.1,278.03,278.0,277.88,277.66,277.6,277.5,277.41,277.18,277.15,278.19,278.55,278.69,278.72,278.73,278.78,278.9,278.93,278.95,279.33,100,100,1500,100,100,300,200,100,100,9100,100,200,100,500,100,100,200,700,200,100
168.0,278.13,22500,6267208.0,278.1,278.03,278.0,277.88,277.66,277.6,277.5,277.41,277.18,277.15,278.19,278.55,278.69,278.72,278.73,278.78,278.9,278.93,278.95,279.33,100,100,1500,100,100,300,200,100,100,9100,100,200,100,500,100,100,200,700,200,100
169.0,278.13,22500,6267208.0,278.1,278.03,278.0,277.88,277.66,277.6,277.5,277.41,277.18,277.15,278.19,278.55,278.69,278.72,278.73,278.78,278.9,278.93,278.95,279.33,100,100,1500,100,100,300,200,100,100,9100,100,200,100,500,100,100,200,700,200,100
170.0,278.13,22500,6267208.0,278.1,278.03,278.0,277.88,277.66,277.6,277.5,277.41,277.18,277.15,278.18,278.55,278.69,278.73,278.78,278.9,278.93,278.95,279.33,279.4,100,100,1500,100,100,300,200,100,100,9100,100,200,100,100,100,200,700,200,100,100
171.0,278.13,22500,6267208.0,278.1,278.03,278.0,277.88,277.66,277.6,277.5,277.41,277.18,277.15,278.18,278.55,278.69,278.73,278.78,278.9,278.93,278.95,279.33,279.4,100,100,1500,100,100,300,200,100,100,9100,100,200,100,100,100,200,700,200,100,100
172.0,278.13,22500,6267208.0,278.1,278.03,278.0,277.88,277.66,277.6,277.5,277.41,277.18,277.15,278.18,278.55,278.69,278.73,278.78,278.9,278.93,278.95,279.33,279.4,100,100,1500,100,100,300,200,100,100,9100,100,200,100,100,100,100,700,200,100,100
173.0,278.17,22600,6295025.0,278.1,278.03,278.0,277.88,277.66,277.6,277.5,277.41,277.18,277.15,278.55,278.73,278.78,278.9,278.93,278.95,279.33,279.4,279.76,279.78,100,100,1500,100,100,300,200,100,100,9100,200,100,100,100,700,200,100,100,200,100
174.0,278.17,22600,6295025.0,278.1,278.03,278.0,277.88,277.66,277.6,277.5,277.41,277.18,277.15,278.55,278.73,278.78,278.9,278.93,278.95,279.33,279.4,279.76,279.78,100,100,1500,100,100,300,200,100,100,9100,200,100,100,100,700,200,100,100,200,100
175.0,278.1,22700,6322835.0,278.03,278.0,277.88,277.66,277.6,277.5,277.41,277.18,277.15,277.12,278.55,278.73,278.78,278.9,278.93,278.95,279.33,279.4,279.76,279.78,100,1500,100,100,300,200,100,100,9100,100,200,100,100,100,700,200,100,100,200,100
176.0,278.23,23100,6434178.0,278.23,278.12,278.04,278.03,278.0,277.88,277.66,277.6,277.5,277.41,278.73,278.78,278.93,278.95,279.33,279.4,279.76,279.78,279.79,279.8,200,100,100,100,1500,100,100,300,200,100,100,100,700,200,100,100,200,100,100,200
177.0,278.23,23100,6434178.0,278.23,278.18,278.12,278.04,278.03,278.0,277.88,277.66,277.6,277.5,278.73,278.78,278.93,278.95,279.33,279.4,279.76,279.78,279.79,279.8,200,100,100,100,100,1500,100,100,300,200,100,100,700,200,100,100,200,100,100,200
178.0,278.23,23100,6434178.0,278.23,278.18,278.12,278.04,278.03,278.0,277.88,277.66,277.6,277.5,278.73,278.78,278.93,278.95,279.33,279.4,279.76,279.78,279.79,279.8,200,100,100,100,100,1500,100,100,300,200,100,100,700,200,100,100,200,100,100,200
179.0,278.78,23300,6489929.0,278.24,278.23,278.18,278.12,278.04,278.03,278.0,277.88,277.66,277.6,278.74,278.92,278.93,278.95,279.33,279.4,279.76,279.78,279.79,279.8,100,200,100,100,100,100,1500,100,100,300,100,200,700,200,100,100,200,100,100,200
180.0,278.78,23300,6489929.0,278.24,278.18,278.12,278.04,278.03,278.0,277.88,277.66,277.6,277.5,278.74,278.92,278.93,278.95,279.33,279.4,279.76,279.78,279.79,279.8,100,100,100,100,100,1500,100,100,300,200,100,200,700,200,100,100,200,100,100,200
181.0,278.78,23300,6489929.0,278.24,278.18,278.12,278.04,278.03,278.0,277.88,277.66,277.6,277.5,278.74,278.93,278.95,279.33,279.4,279.76,279.78,279.79,279.8,279.82,100,100,100,100,100,1500,100,100,300,200,100,700,200,100,100,200,100,100,100,100
182.0,278.74,23400,6517803.0,278.24,278.23,278.18,278.12,278.04,278.03,278.0,277.88,277.66,277.6,278.93,278.95,279.33,279.4,279.76,279.78,279.79,279.8,279.82,279.83,100,100,100,100,100,100,1500,100,100,300,700,200,100,100,200,100,100,100,100,100
183.0,278.74,23400,6517803.0,278.24,278.23,278.18,278.12,278.04,278.03,278.0,277.88,277.66,277.6,278.93,278.95,279.33,279.4,279.76,279.78,279.79,279.8,279.82,279.83,100,100,100,100,100,100,1500,100,100,300,700,200,100,100,200,100,100,100,100,100
184.0,278.74,23400,6517803.0,278.24,278.23,278.18,278.13,278.12,278.04,278.03,278.0,277.88,277.66,278.93,278.95,279.33,279.4,279.76,279.78,279.79,279.8,279.82,279.83,100,100,100,100,100,100,100,1500,100,100,700,200,100,100,200,100,100,100,100,100
185.0,278.74,23400,6517803.0,278.55,278.25,278.24,278.23,278.18,278.13,278.12,278.04,278.03,278.0,278.93,278.95,279.33,279.4,279.76,279.78,279.79,279.8,279.82,279.83,100,200,100,100,200,100,100,100,100,1500,700,200,100,100,200,100,100,100,100,100
186.0,278.74,23400,6517803.0,278.55,278.24,278.23,278.18,278.13,278.12,278.04,278.03,278.0,277.88,278.93,278.95,279.33,279.4,279.76,279.78,279.79,279.8,279.82,279.83,100,100,100,200,100,100,100,100,1500,100,700,200,100,100,200,100,100,100,100,100
187.0,278.74,23400,6517803.0,278.55,278.24,278.23,278.18,278.13,278.12,278.04,278.03,278.0,277.88,278.93,278.95,279.33,279.4,279.76,279.78,279.79,279.8,279.82,279.83,100,100,100,200,100,100,100,100,1500,100,700,200,100,100,200,100,100,100,100,100
188.0,278.93,23500,6545696.0,278.55,278.41,278.24,278.23,278.18,278.13,278.12,278.04,278.03,278.0,278.93,278.95,279.33,279.4,279.76,279.78,279.79,279.8,279.82,279.83,100,100,100,100,100,100,100,100,100,1500,600,200,100,100,200,100,100,100,100,100
189.0,278.93,23500,6545696.0,278.55,278.41,278.24,278.23,278.18,278.13,278.12,278.04,278.03,278.0,278.93,278.95,279.33,279.4,279.76,279.78,279.79,279.8,279.82,279.83,100,100,100,100,100,100,100,100,100,1400,600,200,100,100,200,100,100,100,100,100
190.0,278.93,23500,6545696.0,278.55,278.41,278.24,278.23,278.18,278.13,278.12,278.04,278.03,278.0,278.93,278.95,279.33,279.4,279.76,279.78,279.79,279.8,279.82,279.83,100,100,100,100,100,100,100,100,100,1400,600,200,100,100,200,100,100,100,100,100
191.0,278.93,23600,6573589.0,278.72,278.55,278.24,278.23,278.18,278.13,278.12,278.04,278.03,278.0,278.93,278.94,278.95,279.0,279.33,279.4,279.76,279.78,279.79,279.8,100,100,100,100,100,100,100,100,100,2200,500,200,200,100,100,100,200,100,100,100
192.0,278.93,23700,6601482.0,278.72,278.55,278.24,278.23,278.18,278.13,278.12,278.04,278.03,278.0,278.93,278.94,278.95,279.0,279.33,279.4,279.76,279.78,279.79,279.8,100,100,100,100,100,100,100,100,100,2200,400,200,200,100,100,100,200,100,100,100
193.0,278.93,23900,6657247.0,278.55,278.24,278.23,278.18,278.13,278.12,278.04,278.03,278.0,277.88,278.93,278.94,278.95,279.0,279.33,279.4,279.76,279.78,279.79,279.8,200,100,100,100,100,100,100,100,2200,100,300,200,200,100,100,100,200,100,100,100
194.0,278.93,23900,6657247.0,278.72,278.55,278.24,278.23,278.18,278.13,278.12,278.04,278.03,278.0,278.93,278.94,278.95,279.0,279.33,279.4,279.76,279.78,279.79,279.8,100,100,100,100,100,100,100,100,100,2200,300,200,200,100,100,100,200,100,100,100
195.0,278.93,23900,6657247.0,278.72,278.55,278.24,278.23,278.18,278.13,278.12,278.04,278.03,278.0,278.93,278.94,278.95,279.0,279.33,279.4,279.76,279.78,279.79,279.8,100,100,100,100,100,100,100,100,100,2200,300,200,200,100,100,100,200,100,100,100
196.0,278.93,23900,6657247.0,278.72,278.55,278.24,278.23,278.18,278.13,278.12,278.04,278.03,278.0,278.93,278.94,278.95,279.0,279.33,279.4,279.76,279.78,279.79,279.8,100,100,100,100,100,100,100,100,100,2200,300,200,200,100,100,100,200,100,100,100
197.0,278.93,23900,6657247.0,278.72,278.55,278.24,278.23,278.18,278.13,278.12,278.04,278.03,278.0,278.93,278.94,278.95,279.0,279.33,279.4,279.76,279.78,279.79,279.8,100,200,100,100,100,100,100,100,100,2200,300,200,200,100,100,100,200,100,100,100
198.0,278.93,23900,6657247.0,278.72,278.55,278.24,278.23,278.18,278.13,278.12,278.04,278.03,278.0,278.93,278.94,278.95,279.0,279.33,279.4,279.76,279.78,279.79,279.8,100,200,100,100,100,100,100,100,100,2200,300,200,200,100,100,100,200,100,100,100
199.0,278.72,24000,6685119.0,278.55,278.24,278.23,278.18,278.13,278.12,278.04,278.03,278.0,277.88,278.93,278.94,278.95,279.0,279.33,279.4,279.76,279.78,279.79,279.8,200,100,100,100,100,100,100,100,2200,100,300,200,200,100,100,100,200,100,100,100
200.0,278.93,24100,6713012.0,278.55,278.24,278.23,278.18,278.13,278.12,278.04,278.03,278.0,277.88,278.93,278.94,278.95,279.0,279.33,279.4,279.76,279.78,279.79,279.8,200,100,100,100,100,100,100,100,2300,100,200,200,200,100,100,100,200,100,100,100
201.0,278.55,24200,6740867.0,278.55,278.23,278.18,278.13,278.12,278.04,278.03,278.0,277.88,277.66,278.92,278.93,278.94,278.95,279.0,279.33,279.4,279.76,279.78,279.79,100,100,100,100,100,100,100,2300,100,100,200,200,200,200,100,100,100,200,100,100
202.0,278.55,24300,6768722.0,278.23,278.18,278.13,278.12,278.04,278.03,278.0,277.88,277.66,277.6,278.8,278.81,278.86,278.9,278.91,278.92,278.93,278.94,278.95,279.0,100,100,100,100,100,100,2300,100,100,300,100,100,100,100,200,200,200,200,200,100
203.0,278.55,24300,6768722.0,278.23,278.18,278.13,278.03,278.0,277.88,277.66,277.6,277.5,277.41,278.78,278.8,278.81,278.86,278.9,278.91,278.92,278.93,278.94,278.95,100,100,100,100,2300,100,100,300,200,100,100,100,100,100,100,100,200,200,200,200
204.0,278.55,24300,6768722.0,278.23,278.18,278.13,278.03,278.0,277.88,277.66,277.6,277.5,277.41,278.7,278.71,278.8,278.81,278.86,278.9,278.91,278.92,278.93,278.94,100,100,100,100,2300,100,100,300,200,100,100,100,100,100,100,100,100,200,200,200
205.0,278.55,24300,6768722.0,278.23,278.18,278.13,278.03,278.0,277.88,277.66,277.6,277.5,277.41,278.7,278.71,278.8,278.81,278.86,278.9,278.91,278.92,278.93,278.94,100,100,100,100,2300,100,100,300,200,100,100,100,100,100,100,100,100,200,200,200
206.0,278.55,24300,6768722.0,278.23,278.18,278.13,278.03,278.0,277.88,277.66,277.6,277.5,277.41,278.69,278.71,278.8,278.81,278.86,278.9,278.91,278.92,278.93,278.94,100,100,100,100,2300,100,100,300,200,100,100,100,100,100,100,100,100,200,200,200
207.0,278.7,24500,6824461.0,278.23,278.18,278.13,278.03,278.0,277.88,277.66,277.6,277.5,277.41,278.69,278.7,278.71,278.8,278.81,278.86,278.9,278.91,278.92,278.93,100,100,100,100,2300,100,100,300,200,100,100,600,100,100,100,100,100,100,200,200
208.0,278.7,24500,6824461.0,278.23,278.18,278.13,278.03,278.0,277.88,277.66,277.6,277.5,277.41,278.69,278.7,278.71,278.8,278.81,278.86,278.9,278.91,278.92,278.93,100,100,100,100,2300,100,100,300,200,100,100,400,100,100,100,100,100,100,200,200
209.0,278.7,24500,6824461.0,278.23,278.18,278.13,278.03,278.0,277.88,277.66,277.6,277.5,277.41,278.69,278.7,278.71,278.8,278.81,278.86,278.9,278.91,278.92,278.93,100,100,100,100,2300,100,100,300,200,100,100,400,100,100,100,100,100,100,200,200
210.0,278.7,24500,6824461.0,278.23,278.18,278.13,278.03,278.0,277.88,277.66,277.6,277.5,277.41,278.69,278.7,278.71,278.8,278.81,278.86,278.9,278.91,278.92,278.93,100,100,100,100,2300,100,100,300,200,100,100,200,100,100,100,100,100,100,200,200
211.0,278.7,24500,6824461.0,278.23,278.18,278.13,278.03,278.0,277.88,277.66,277.6,277.5,277.41,278.69,278.7,278.71,278.8,278.81,278.86,278.9,278.91,278.92,278.93,400,100,100,100,2300,100,100,300,200,100,100,100,100,100,100,100,100,100,200,200
212.0,278.7,24500,6824461.0,278.23,278.18,278.13,278.03,278.0,277.88,277.66,277.6,277.5,277.41,278.69,278.7,278.71,278.8,278.81,278.86,278.9,278.91,278.92,278.93,400,100,100,100,2300,100,100,300,200,100,100,100,100,100,100,100,100,100,200,200
213.0,278.7,24500,6824461.0,278.23,278.18,278.13,278.03,278.0,277.88,277.66,277.6,277.5,277.41,278.69,278.7,278.71,278.8,278.81,278.86,278.9,278.91,278.92,278.93,400,100,100,100,2300,100,100,300,200,100,100,100,100,100,100,100,100,100,200,200
214.0,278.7,24500,6824461.0,278.23,278.18,278.13,278.03,278.0,277.88,277.66,277.6,277.5,277.41,278.69,278.7,278.71,278.8,278.81,278.86,278.9,278.91,278.92,278.93,400,100,100,100,2300,100,100,300,200,100,100,100,100,100,100,100,100,100,200,200
215.0,278.7,24500,6824461.0,278.4,278.23,278.18,278.13,278.03,278.0,277.88,277.66,277.6,277.5,278.69,278.81,278.86,278.9,278.91,278.92,278.93,278.95,279.0,279.33,100,400,100,100,100,2300,100,100,300,200,100,100,100,100,100,200,200,200,100,100
216.0,278.7,24500,6824461.0,278.4,278.37,278.23,278.18,278.13,278.03,278.0,277.88,277.66,277.6,278.68,278.69,278.81,278.86,278.9,278.91,278.93,278.95,279.0,279.33,100,300,400,100,100,100,2300,100,100,300,100,100,100,100,100,100,200,200,100,100
217.0,278.7,24500,6824461.0,278.4,278.37,278.23,278.18,278.13,278.03,278.0,277.88,277.66,277.6,278.68,278.69,278.81,278.86,278.9,278.91,278.93,278.95,279.0,279.33,100,300,400,100,100,100,2300,100,100,300,100,100,100,100,100,100,200,200,100,100
218.0,278.54,24600,6852315.0,278.37,278.23,278.18,278.13,278.03,278.0,277.88,277.66,277.6,277.5,278.66,278.67,278.68,278.69,278.81,278.91,278.93,278.95,279.0,279.33,300,400,100,100,100,2300,100,100,300,200,100,300,100,100,100,100,200,200,100,100
219.0,278.37,24700,6880152.0,278.37,278.23,278.18,278.13,278.03,278.0,277.88,277.66,277.6,277.5,278.66,278.67,278.68,278.69,278.81,278.91,278.93,278.95,279.0,279.33,200,400,100,100,100,2300,100,100,300,200,100,300,100,100,100,100,200,200,100,100
220.0,278.66,24800,6908018.0,278.37,278.23,278.18,278.13,278.03,278.0,277.9,277.88,277.69,277.66,278.67,278.68,278.69,278.81,278.93,278.95,279.0,279.33,279.4,279.76,200,400,100,100,100,2300,100,100,100,100,300,100,100,100,200,200,100,100,100,200
221.0,278.66,24800,6908018.0,278.37,278.23,278.18,278.13,278.03,278.0,277.9,277.88,277.69,277.66,278.67,278.68,278.69,278.81,278.93,278.95,279.0,279.33,279.4,279.76,200,400,100,100,100,2300,100,100,100,100,300,100,100,100,200,200,100,100,100,200
222.0,278.23,25100,6991515.0,278.23,278.18,278.13,278.03,278.0,277.9,277.88,277.69,277.66,277.6,278.67,278.68,278.69,278.81,278.93,278.95,279.0,279.33,279.4,279.76,300,100,100,100,2300,100,100,100,100,300,300,100,100,100,200,200,100,100,100,200
223.0,278.23,25100,6991515.0,278.23,278.18,278.13,278.03,278.0,277.9,277.88,277.69,277.66,277.6,278.67,278.68,278.69,278.81,278.93,278.95,279.0,279.33,279.4,279.76,300,100,100,100,2300,100,100,100,100,300,300,100,100,100,200,200,100,100,100,200
224.0,278.23,25100,6991515.0,278.23,278.18,278.13,278.03,278.0,277.9,277.88,277.69,277.66,277.6,278.67,278.68,278.69,278.81,278.93,278.95,279.0,279.33,279.4,279.76,300,100,100,100,2300,100,100,100,100,300,300,100,100,100,200,200,100,100,100,200
225.0,278.23,25100,6991515.0,278.23,278.18,278.13,278.03,278.0,277.9,277.88,277.69,277.66,277.6,278.67,278.68,278.69,278.81,278.93,278.95,279.0,279.33,279.4,279.76,300,100,100,100,2300,100,100,100,100,300,300,100,100,100,200,200,100,100,100,200
226.0,278.23,25300,7047161.0,278.23,278.18,278.13,278.03,278.0,277.9,277.88,277.69,277.66,277.6,278.54,278.65,278.67,278.68,278.69,278.81,278.93,278.95,279.0,279.33,100,100,100,100,2300,100,100,100,100,300,400,200,300,100,100,100,200,200,100,100
227.0,278.23,25300,7047161.0,278.23,278.18,278.13,278.03,278.0,277.9,277.88,277.69,277.66,277.6,278.54,278.65,278.67,278.68,278.69,278.81,278.93,278.95,279.0,279.33,100,100,100,100,2300,100,100,100,100,300,400,200,300,100,100,100,200,200,100,100
228.0,278.23,25300,7047161.0,278.23,278.18,278.13,278.03,278.0,277.88,277.69,277.66,277.6,277.5,278.54,278.65,278.67,278.68,278.69,278.81,278.93,278.95,279.0,279.33,100,100,100,100,2300,100,100,100,300,200,400,200,300,100,100,100,200,200,100,100
229.0,278.54,25400,7075015.0,278.23,278.18,278.13,278.03,278.0,277.88,277.69,277.66,277.6,277.5,278.54,278.65,278.67,278.68,278.69,278.81,278.92,278.93,278.95,279.0,100,100,100,100,2300,100,100,100,300,200,300,200,300,100,100,100,100,200,200,100
230.0,278.23,25500,7102838.0,278.18,278.13,278.03,278.0,277.88,277.69,277.66,277.6,277.5,277.41,278.54,278.65,278.67,278.68,278.69,278.81,278.92,278.93,278.95,279.0,100,100,100,2300,100,100,100,300,200,100,300,200,300,100,100,100,100,200,200,100
231.0,278.23,25500,7102838.0,278.18,278.13,278.03,278.0,277.88,277.69,277.66,277.6,277.5,277.41,278.54,278.65,278.67,278.68,278.69,278.81,278.92,278.93,278.95,279.0,100,100,100,2300,100,100,100,300,200,100,300,200,300,100,100,100,100,200,200,100
232.0,278.23,25500,7102838.0,278.18,278.13,278.03,278.0,277.88,277.69,277.66,277.6,277.5,277.41,278.54,278.65,278.67,278.68,278.69,278.81,278.92,278.93,278.95,279.0,100,100,100,2300,100,100,100,300,200,100,300,200,300,100,100,100,100,200,200,100
233.0,278.23,25500,7102838.0,278.18,278.13,278.03,278.0,277.88,277.69,277.66,277.6,277.5,277.41,278.54,278.65,278.67,278.68,278.69,278.81,278.92,278.93,278.95,279.0,100,100,100,2300,100,100,100,300,200,100,300,200,300,100,100,100,100,200,200,100
234.0,278.23,25500,7102838.0,278.18,278.13,278.03,278.0,277.88,277.69,277.66,277.6,277.5,277.41,278.54,278.65,278.67,278.68,278.69,278.81,278.92,278.93,278.95,279.0,100,100,100,2300,100,100,100,300,200,100,300,200,300,100,100,100,100,200,200,100
235.0,278.54,25600,7130692.0,278.18,278.13,278.03,278.0,277.88,277.69,277.66,277.6,277.5,277.41,278.54,278.65,278.67,278.68,278.69,278.81,278.92,278.93,278.95,279.0,100,100,100,2300,100,100,100,300,200,100,200,200,300,100,100,100,100,200,200,100
236.0,278.54,25600,7130692.0,278.18,278.13,278.03,278.0,277.88,277.69,277.66,277.6,277.5,277.41,278.54,278.65,278.67,278.68,278.69,278.81,278.92,278.93,278.95,279.0,100,100,100,2300,200,100,100,300,200,100,200,200,300,100,100,100,100,200,200,100
237.0,278.18,25700,7158510.0,278.13,278.03,278.0,277.88,277.69,277.66,277.6,277.5,277.41,277.18,278.53,278.54,278.65,278.67,278.68,278.69,278.81,278.92,278.93,278.95,100,100,2300,200,100,100,300,200,100,100,200,200,200,300,100,100,100,100,200,200
238.0,278.18,25700,7158510.0,278.13,278.03,278.0,277.88,277.69,277.66,277.6,277.5,277.41,277.18,278.53,278.54,278.65,278.67,278.68,278.69,278.81,278.92,278.93,278.95,100,100,2300,200,100,100,300,200,100,100,200,200,200,300,100,100,100,100,200,200
239.0,278.18,25700,7158510.0,278.13,278.03,278.0,277.88,277.69,277.66,277.6,277.5,277.41,277.18,278.53,278.54,278.65,278.67,278.68,278.69,278.81,278.92,278.93,278.95,100,100,2300,200,100,100,300,200,100,100,200,200,200,300,100,100,100,100,200,200
240.0,278.47,25800,7186357.0,278.13,278.03,278.0,277.88,277.69,277.66,277.6,277.5,277.41,277.18,278.47,278.48,278.49,278.5,278.52,278.53,278.67,278.69,278.92,278.95,300,100,2300,200,100,100,300,200,100,100,200,200,300,400,100,200,300,100,100,200
241.0,278.47,25900,7214204.0,278.13,278.03,278.0,277.88,277.69,277.66,277.6,277.5,277.41,277.18,278.47,278.48,278.49,278.5,278.52,278.53,278.67,278.69,278.92,278.95,300,100,2300,200,100,100,300,200,100,100,100,200,300,400,100,200,300,100,100,200
242.0,278.13,26200,7297712.0,278.13,278.03,278.0,277.88,277.69,277.66,277.6,277.5,277.41,277.18,278.47,278.48,278.5,278.52,278.53,278.67,278.69,278.92,278.95,279.0,200,100,2300,200,100,100,300,200,100,100,100,100,400,100,200,300,100,100,200,200
243.0,278.13,26200,7297712.0,278.13,278.03,278.0,277.88,277.69,277.66,277.6,277.5,277.41,277.18,278.47,278.48,278.5,278.52,278.53,278.67,278.69,278.92,278.95,279.0,200,100,2300,200,100,100,300,200,100,100,100,100,400,100,200,300,100,100,200,200
244.0,278.13,26200,7297712.0,278.13,278.03,278.0,277.88,277.69,277.66,277.6,277.5,277.41,277.18,278.47,278.48,278.5,278.53,278.67,278.69,278.92,278.95,279.0,279.33,200,100,2300,200,100,100,300,200,100,100,100,100,400,200,300,100,100,200,200,100
245.0,278.13,26400,7353338.0,278.03,278.0,277.88,277.69,277.66,277.6,277.5,277.41,277.18,277.15,278.47,278.48,278.5,278.53,278.67,278.69,278.92,278.95,279.0,279.33,100,2300,200,100,100,300,200,100,100,9100,600,100,400,200,300,100,100,200,200,100
246.0,278.13,26400,7353338.0,278.03,278.0,277.88,277.69,277.66,277.6,277.5,277.41,277.18,277.15,278.47,278.48,278.5,278.53,278.67,278.69,278.92,278.95,279.0,279.33,100,2300,200,100,100,300,200,100,100,9100,600,100,400,200,300,100,100,200,200,100
247.0,278.13,26400,7353338.0,278.03,278.0,277.88,277.69,277.66,277.6,277.5,277.41,277.18,277.15,278.47,278.48,278.5,278.53,278.67,278.69,278.92,278.95,279.0,279.33,100,2300,200,100,100,300,200,100,100,9100,600,100,400,200,300,100,100,200,200,100
248.0,278.47,26500,7381185.0,278.03,278.0,277.88,277.69,277.6,277.5,277.41,277.18,277.15,277.12,278.47,278.48,278.5,278.53,278.67,278.69,278.92,278.95,279.0,279.33,100,2300,200,100,300,200,100,100,9100,100,500,100,400,200,300,100,100,200,200,100
249.0,278.47,26500,7381185.0,278.03,278.0,277.88,277.69,277.6,277.5,277.41,277.18,277.15,277.12,278.47,278.48,278.5,278.53,278.67,278.69,278.92,278.95,279.0,279.33,300,2300,200,100,300,200,100,100,9100,100,500,100,400,200,300,100,100,200,200,100
250.0,278.47,26500,7381185.0,278.03,278.0,277.88,277.69,277.6,277.5,277.41,277.18,277.15,277.12,278.47,278.48,278.5,278.53,278.67,278.69,278.92,278.95,279.0,279.33,300,2300,200,100,300,200,100,100,9100,100,500,100,400,200,300,100,100,200,200,100
251.0,278.47,26600,7409032.0,278.13,278.03,278.0,277.88,277.69,277.6,277.5,277.41,277.18,277.15,278.47,278.48,278.5,278.53,278.67,278.69,278.92,278.95,279.0,279.33,100,300,2300,200,100,300,200,100,100,9100,400,100,400,200,300,100,100,200,200,100
252.0,278.0,27900,7770454.0,278.0,277.88,277.69,277.6,277.5,277.41,277.18,277.15,277.12,277.11,278.46,278.47,278.48,278.5,278.53,278.67,278.69,278.92,278.95,279.0,1400,200,100,300,200,100,100,9100,100,100,100,400,100,400,200,300,100,100,200,200
253.0,278.0,27900,7770454.0,278.0,277.88,277.69,277.6,277.5,277.41,277.18,277.15,277.12,277.11,278.45,278.46,278.47,278.48,278.5,278.53,278.67,278.69,278.92,278.95,1400,200,100,300,200,100,100,9100,100,100,400,100,400,100,400,200,300,100,100,200
254.0,278.0,27900,7770454.0,278.0,277.88,277.69,277.6,277.5,277.41,277.18,277.15,277.12,277.11,278.27,278.42,278.43,278.45,278.46,278.47,278.48,278.5,278.53,278.67,1500,200,100,300,200,100,100,9100,100,100,100,600,300,400,100,300,100,100,200,300
255.0,278.0,28000,7798254.0,278.0,277.88,277.69,277.6,277.5,277.41,277.18,277.15,277.12,277.11,278.27,278.42,278.43,278.45,278.46,278.47,278.48,278.5,278.53,278.67,1400,200,100,300,200,100,100,9100,100,100,100,600,300,400,100,300,100,100,200,300
256.0,278.0,28000,7798254.0,278.0,277.88,277.69,277.6,277.5,277.41,277.18,277.15,277.12,277.11,278.26,278.27,278.42,278.43,278.45,278.46,278.47,278.48,278.5,278.95,1500,200,100,300,200,100,100,9100,100,100,400,100,600,300,400,100,300,100,100,200
257.0,277.99,29600,8243053.0,277.88,277.69,277.6,277.5,277.41,277.18,277.15,277.12,277.11,277.1,277.99,278.0,278.25,278.27,278.42,278.45,278.46,278.47,278.95,279.0,200,100,300,200,100,100,9100,100,100,200,300,100,700,100,600,400,100,300,200,200
258.0,277.99,29600,8243053.0,277.88,277.69,277.6,277.5,277.41,277.18,277.15,277.12,277.11,277.1,277.99,278.0,278.25,278.27,278.42,278.45,278.46,278.47,278.95,279.0,200,100,300,200,100,100,9100,100,100,200,300,100,700,100,600,400,100,300,200,200
259.0,277.99,29700,8270852.0,277.88,277.69,277.6,277.5,277.41,277.18,277.15,277.12,277.11,277.1,277.99,278.0,278.25,278.27,278.42,278.45,278.46,278.47,278.95,279.0,200,100,300,200,100,100,9100,100,100,200,200,100,700,100,100,400,100,300,200,200
260.0,277.88,29800,8298640.0,277.88,277.69,277.6,277.5,277.41,277.18,277.15,277.12,277.11,277.1,277.99,278.25,278.27,278.42,278.46,278.47,278.95,279.0,279.33,279.4,100,100,300,200,100,100,9100,100,100,200,200,700,100,100,100,300,200,200,100,100
261.0,277.88,29800,8298640.0,277.88,277.69,277.6,277.5,277.41,277.18,277.15,277.12,277.11,277.1,277.99,278.25,278.27,278.42,278.46,278.47,278.95,279.0,279.33,279.4,100,100,300,200,100,100,9100,100,100,200,200,700,100,100,100,300,200,200,100,100
262.0,277.99,29900,8326439.0,277.88,277.69,277.6,277.5,277.41,277.18,277.15,277.12,277.11,277.1,277.99,278.25,278.27,278.42,278.46,278.47,278.95,279.0,279.33,279.4,100,100,300,200,100,100,9100,100,100,200,100,700,100,100,100,300,200,100,100,100
263.0,277.99,29900,8326439.0,277.88,277.69,277.6,277.5,277.41,277.18,277.15,277.12,277.11,277.1,277.99,278.25,278.27,278.42,278.46,278.47,278.95,279.0,279.33,279.4,100,100,300,200,100,100,9100,100,100,200,100,700,100,100,100,300,200,100,100,100
264.0,277.99,29900,8326439.0,277.88,277.69,277.6,277.5,277.41,277.18,277.15,277.12,277.11,277.1,277.99,278.25,278.27,278.42,278.46,278.47,278.95,279.0,279.33,279.4,100,100,300,200,100,100,9100,100,100,200,100,700,100,100,100,300,200,100,100,100
265.0,277.99,30000,8354238.0,278.12,277.88,277.69,277.6,277.5,277.41,277.18,277.15,277.12,277.11,278.25,278.27,278.42,278.46,278.47,278.95,279.0,279.33,279.4,279.76,300,300,100,300,200,100,100,9100,100,100,700,100,100,100,300,200,100,100,100,200
266.0,277.99,30000,8354238.0,278.12,277.99,277.88,277.69,277.61,277.6,277.5,277.41,277.18,277.15,278.25,278.27,278.42,278.46,278.47,278.95,279.0,279.33,279.4,279.76,300,400,300,100,100,300,200,100,100,9100,700,100,100,100,300,200,100,100,100,200
267.0,277.99,30000,8354238.0,278.12,277.99,277.88,277.69,277.61,277.6,277.5,277.41,277.18,277.15,278.25,278.27,278.42,278.46,278.95,279.0,279.33,279.4,279.76,279.78,300,400,300,100,100,300,200,100,100,9100,700,100,100,100,200,100,100,100,200,100
268.0,277.99,30000,8354238.0,278.12,277.99,277.88,277.69,277.61,277.6,277.5,277.41,277.18,277.15,278.25,278.27,278.42,278.46,278.95,279.0,279.33,279.4,279.76,279.78,300,400,300,100,100,300,200,100,100,9100,700,100,100,100,200,100,100,100,200,100
269.0,277.99,30000,8354238.0,277.99,277.88,277.69,277.61,277.6,277.5,277.41,277.18,277.15,277.12,278.25,278.27,278.42,278.46,278.95,279.0,279.33,279.4,279.76,279.78,200,300,100,100,300,200,100,100,9100,100,700,100,100,100,200,100,100,100,200,100
270.0,277.99,30000,8354238.0,278.12,277.99,277.88,277.69,277.61,277.6,277.5,277.41,277.18,277.15,278.25,278.27,278.42,278.46,278.95,279.0,279.33,279.4,279.76,279.78,200,200,100,100,100,300,200,100,100,9100,700,100,100,100,200,100,100,100,200,100
271.0,277.99,30000,8354238.0,278.12,277.99,277.88,277.69,277.61,277.6,277.5,277.41,277.18,277.15,278.25,278.27,278.42,278.46,278.95,279.0,279.33,279.4,279.76,279.78,200,200,100,100,100,300,200,100,100,9100,700,100,100,100,200,100,100,100,200,100
272.0,277.99,30300,8437661.0,277.99,277.88,277.69,277.61,277.6,277.5,277.41,277.18,277.15,277.12,278.25,278.27,278.42,278.46,278.95,279.0,279.33,279.4,279.76,279.78,100,100,100,100,300,200,100,100,9100,100,700,100,100,100,200,100,100,100,200,100
273.0,277.99,30400,8465460.0,277.88,277.69,277.61,277.6,277.5,277.41,277.18,277.15,277.12,277.11,278.0,278.25,278.27,278.42,278.46,278.95,279.0,279.33,279.4,279.76,100,100,100,300,200,100,100,9100,100,100,100,700,100,100,100,200,100,100,100,200
274.0,277.99,30400,8465460.0,277.88,277.69,277.61,277.6,277.5,277.41,277.18,277.15,277.12,277.11,278.0,278.25,278.27,278.42,278.46,278.95,279.0,279.33,279.4,279.76,100,100,100,300,200,100,100,9100,100,100,100,700,100,100,100,200,100,100,100,200
275.0,278.0,30500,8493260.0,277.88,277.69,277.61,277.6,277.5,277.41,277.18,277.15,277.12,277.11,278.25,278.27,278.42,278.46,278.95,279.0,279.33,279.4,279.76,279.78,100,100,100,300,200,100,100,9100,100,100,700,100,100,100,200,100,100,100,200,100
276.0,278.0,30500,8493260.0,277.88,277.69,277.61,277.6,277.5,277.41,277.18,277.15,277.12,277.11,278.25,278.27,278.42,278.46,278.95,279.0,279.33,279.4,279.76,279.78,100,100,100,300,200,100,100,9100,100,100,700,100,100,100,200,100,100,100,200,100
277.0,277.88,30600,8521048.0,277.69,277.61,277.6,277.5,277.41,277.18,277.15,277.12,277.11,277.1,278.25,278.27,278.42,278.46,278.95,279.0,279.33,279.4,279.76,279.78,100,100,300,200,100,100,9100,100,100,200,700,100,100,100,200,100,100,100,200,100
278.0,277.88,30600,8521048.0,277.82,277.69,277.61,277.6,277.5,277.41,277.18,277.16,277.15,277.12,278.25,278.27,278.42,278.46,278.95,279.0,279.33,279.4,279.76,279.78,100,100,100,300,200,100,100,100,9100,100,700,100,100,100,200,100,100,100,200,100
279.0,277.88,30600,8521048.0,277.89,277.82,277.69,277.61,277.6,277.5,277.41,277.18,277.16,277.15,278.25,278.27,278.42,278.46,278.95,279.0,279.33,279.4,279.76,279.78,100,100,100,100,300,200,100,100,100,9100,700,100,100,100,200,100,100,100,200,100
280.0,277.88,30600,8521048.0,277.89,277.82,277.69,277.61,277.6,277.5,277.41,277.18,277.16,277.15,278.25,278.27,278.42,278.46,278.95,279.0,279.33,279.4,279.76,279.78,100,100,100,100,300,200,100,100,100,9100,700,100,100,100,200,100,100,100,200,100
281.0,277.88,30600,8521048.0,277.89,277.82,277.69,277.61,277.6,277.5,277.41,277.18,277.16,277.15,278.24,278.25,278.27,278.42,278.46,278.95,279.0,279.33,279.4,279.76,100,100,100,100,300,200,100,100,100,9100,100,700,100,100,100,200,100,100,100,200
282.0,277.88,30600,8521048.0,278.0,277.89,277.82,277.69,277.61,277.6,277.5,277.41,277.18,277.16,278.24,278.25,278.27,278.42,278.46,278.95,279.0,279.33,279.4,279.76,100,100,100,100,100,300,200,100,100,100,100,700,100,100,100,200,100,100,100,200
283.0,277.88,30600,8521048.0,278.0,277.89,277.82,277.69,277.61,277.6,277.5,277.41,277.18,277.16,278.24,278.25,278.27,278.42,278.46,278.95,279.0,279.33,279.4,279.76,100,100,100,100,100,300,200,100,100,100,100,700,100,100,100,200,100,100,100,200
284.0,278.24,30700,8548872.0,278.0,277.89,277.69,277.61,277.6,277.5,277.41,277.18,277.16,277.15,278.25,278.27,278.42,278.46,278.95,279.0,279.33,279.4,279.76,279.78,100,100,100,100,300,200,100,100,100,9100,700,100,100,100,200,100,100,100,200,100
285.0,278.0,30800,8576672.0,277.89,277.69,277.61,277.6,277.52,277.5,277.41,277.18,277.16,277.15,278.25,278.27,278.42,278.46,278.95,279.0,279.33,279.4,279.76,279.78,100,100,100,300,100,200,100,100,100,9100,700,100,100,100,200,100,100,100,200,100
286.0,278.25,30900,8604497.0,277.89,277.88,277.69,277.61,277.6,277.52,277.5,277.41,277.18,277.16,278.25,278.27,278.42,278.46,278.95,279.0,279.33,279.4,279.76,279.78,100,1000,100,100,300,100,200,100,100,100,600,100,100,100,200,100,100,100,200,100
287.0,278.25,30900,8604497.0,277.89,277.88,277.69,277.61,277.6,277.52,277.5,277.41,277.18,277.16,278.25,278.27,278.42,278.46,278.95,279.0,279.33,279.4,279.76,279.78,100,1000,100,100,300,100,200,100,100,100,600,100,100,100,200,100,100,100,200,100
288.0,278.0,31000,8632297.0,278.13,277.89,277.88,277.69,277.61,277.6,277.52,277.5,277.41,277.18,278.25,278.27,278.42,278.46,278.95,279.0,279.33,279.4,279.76,279.78,100,100,1000,100,100,300,100,200,100,100,600,100,100,100,200,100,100,100,200,100
289.0,278.13,31100,8660110.0,277.89,277.88,277.69,277.61,277.6,277.52,277.5,277.41,277.18,277.16,278.0,278.25,278.27,278.42,278.46,278.95,279.0,279.33,279.4,279.76,100,1000,100,100,300,100,200,100,100,100,100,600,100,100,100,200,100,100,100,200
290.0,278.0,31200,8687910.0,277.89,277.88,277.69,277.61,277.6,277.52,277.5,277.41,277.18,277.16,278.25,278.26,278.27,278.42,278.46,278.95,279.0,279.33,279.4,279.76,100,1000,100,100,300,100,200,100,100,100,600,200,100,100,100,200,100,100,100,200
291.0,277.89,31300,8715699.0,277.88,277.69,277.61,277.6,277.52,277.5,277.41,277.18,277.16,277.15,278.24,278.25,278.26,278.27,278.42,278.46,279.0,279.33,279.4,279.76,1000,100,100,300,100,200,100,100,100,9100,400,900,200,100,100,100,100,100,100,200
292.0,277.89,31300,8715699.0,277.88,277.69,277.61,277.6,277.52,277.5,277.41,277.18,277.16,277.15,278.24,278.25,278.26,278.27,278.42,278.46,279.0,279.33,279.4,279.76,1000,100,100,300,100,200,100,100,100,9100,400,900,200,100,100,100,100,100,100,200
293.0,277.89,31300,8715699.0,277.88,277.69,277.61,277.6,277.52,277.5,277.41,277.18,277.16,277.15,278.24,278.25,278.26,278.27,278.42,278.46,279.0,279.33,279.4,279.76,1000,100,100,300,100,200,100,100,100,9100,400,900,200,100,100,100,100,100,100,200
294.0,277.88,32300,8993579.0,277.69,277.61,277.6,277.52,277.5,277.41,277.18,277.16,277.15,277.12,277.88,278.13,278.23,278.24,278.25,278.26,278.27,278.42,279.0,279.33,100,100,300,100,200,100,100,100,9100,100,100,100,400,400,900,200,100,100,100,100
295.0,277.88,32300,8993579.0,277.69,277.61,277.6,277.52,277.5,277.41,277.18,277.16,277.15,277.12,277.88,278.13,278.23,278.24,278.25,278.26,278.27,278.42,279.0,279.33,100,100,300,100,200,100,100,100,9100,100,100,100,400,400,900,200,100,100,100,100
296.0,277.88,32400,9021367.0,277.69,277.61,277.6,277.52,277.5,277.41,277.18,277.16,277.15,277.12,278.13,278.23,278.24,278.25,278.26,278.27,278.42,279.0,279.33,279.4,100,100,300,100,200,100,100,100,9100,100,100,400,400,900,200,100,100,100,100,100
297.0,277.88,32400,9021367.0,277.86,277.69,277.61,277.6,277.52,277.5,277.41,277.18,277.16,277.15,278.13,278.23,278.24,278.25,278.26,278.27,278.42,279.0,279.33,279.4,100,100,100,300,100,200,100,100,100,9100,100,400,400,900,200,100,100,100,100,100
298.0,278.13,32500,9049180.0,277.86,277.69,277.61,277.6,277.52,277.5,277.41,277.18,277.16,277.15,278.23,278.24,278.25,278.26,278.27,278.42,279.0,279.33,279.4,279.76,100,100,100,300,100,200,100,100,100,9100,400,400,900,200,100,100,100,100,100,200
299.0,278.13,32600,9076993.0,278.05,277.69,277.61,277.6,277.52,277.5,277.41,277.18,277.16,277.15,278.13,278.24,278.25,278.26,278.27,278.42,279.0,279.33,279.4,279.76,100,100,100,300,100,400,100,100,100,9100,200,400,900,200,100,100,100,100,100,200
300.0,278.13,32600,9076993.0,278.05,277.69,277.61,277.6,277.52,277.5,277.41,277.18,277.16,277.15,278.13,278.24,278.25,278.26,278.27,278.42,279.0,279.33,279.4,279.76,100,100,100,300,100,400,100,100,100,9100,200,400,900,200,100,100,100,100,100,200
301.0,278.13,32700,9104806.0,278.05,277.89,277.69,277.61,277.6,277.52,277.5,277.41,277.18,277.16,278.24,278.25,278.26,278.27,278.42,279.0,279.33,279.4,279.76,279.78,100,100,100,100,300,100,400,100,100,100,500,900,200,100,100,100,100,100,200,100
302.0,277.96,32900,9160408.0,277.89,277.69,277.61,277.6,277.52,277.5,277.41,277.18,277.16,277.15,278.0,278.24,278.25,278.26,278.27,278.42,279.0,279.33,279.4,279.76,100,100,100,300,100,400,100,100,100,9100,500,500,900,200,100,100,100,100,100,200
303.0,278.0,33000,9188208.0,277.89,277.69,277.61,277.6,277.52,277.5,277.41,277.18,277.16,277.15,278.0,278.24,278.25,278.26,278.27,278.42,279.0,279.33,279.4,279.76,100,100,100,300,100,400,100,100,100,9100,400,500,900,200,100,100,100,100,100,200
304.0,278.0,33000,9188208.0,277.89,277.69,277.61,277.6,277.52,277.5,277.41,277.18,277.16,277.15,278.0,278.24,278.25,278.26,278.27,278.42,279.0,279.33,279.4,279.76,100,100,100,300,100,400,100,100,100,9100,400,500,900,200,100,100,100,100,100,200
305.0,278.0,33000,9188208.0,277.89,277.69,277.61,277.6,277.52,277.5,277.41,277.18,277.16,277.15,278.0,278.24,278.25,278.26,278.27,278.42,279.0,279.33,279.4,279.76,100,100,100,300,100,400,100,100,100,9100,400,500,900,200,100,100,100,100,100,200
306.0,277.9,33400,9299378.0,277.89,277.69,277.61,277.6,277.52,277.5,277.41,277.18,277.16,277.15,277.9,277.99,278.0,278.24,278.25,278.26,278.27,278.42,279.0,279.33,100,100,100,300,100,400,100,100,100,9100,100,200,300,500,900,200,100,100,100,100
307.0,277.89,33600,9354956.0,277.69,277.61,277.6,277.52,277.5,277.41,277.18,277.16,277.15,277.12,277.88,277.89,277.99,278.0,278.24,278.25,278.26,278.27,278.42,279.0,100,100,300,100,400,100,100,100,9100,100,100,100,200,300,500,900,200,100,100,100
308.0,277.89,34000,9466090.0,277.9,277.61,277.6,277.52,277.5,277.41,277.18,277.16,277.15,277.12,277.99,278.0,278.24,278.25,278.26,278.27,278.42,279.0,279.33,279.4,100,100,300,100,400,100,100,100,9100,100,200,300,500,900,200,100,100,100,100,100
309.0,277.9,34200,9521679.0,277.9,277.61,277.6,277.52,277.5,277.41,277.18,277.16,277.15,277.12,277.99,278.0,278.24,278.25,278.26,278.27,278.42,279.0,279.33,279.4,100,100,300,100,400,100,100,100,9100,100,100,300,500,900,200,100,100,100,100,100
310.0,277.9,34200,9521679.0,277.9,277.61,277.6,277.52,277.5,277.41,277.18,277.16,277.15,277.12,277.99,278.0,278.24,278.25,278.26,278.27,278.42,279.0,279.33,279.4,200,100,300,100,400,100,100,100,9100,100,100,300,500,900,200,100,100,100,100,100
311.0,277.9,34200,9521679.0,277.9,277.61,277.6,277.52,277.5,277.41,277.18,277.16,277.15,277.12,277.99,278.0,278.24,278.25,278.26,278.27,278.42,279.0,279.33,279.4,500,100,300,100,400,100,100,100,9100,100,100,300,500,900,200,100,100,100,100,100
312.0,278.0,34600,9632878.0,277.99,277.9,277.61,277.6,277.52,277.5,277.41,277.18,277.16,277.15,278.24,278.25,278.26,278.27,278.42,279.0,279.33,279.4,279.76,279.78,100,1400,100,300,100,400,100,100,100,9100,500,900,200,100,100,100,100,100,200,100
313.0,278.24,34900,9716350.0,278.15,278.13,277.9,277.61,277.6,277.52,277.5,277.41,277.18,277.16,278.22,278.23,278.24,278.25,278.26,278.27,278.42,279.0,279.33,279.4,100,100,1900,100,300,100,400,100,100,100,100,500,200,900,200,100,100,100,100,100
314.0,278.15,35100,9771987.0,278.13,277.9,277.61,277.6,277.52,277.5,277.41,277.18,277.16,277.15,278.23,278.24,278.25,278.26,278.27,278.42,279.0,279.33,279.4,279.76,100,2000,100,300,100,400,100,100,100,9100,500,200,900,200,100,100,100,100,100,200
315.0,278.15,35100,9771987.0,278.13,277.9,277.61,277.6,277.52,277.5,277.41,277.18,277.16,277.15,278.23,278.24,278.25,278.26,278.27,278.42,279.0,279.33,279.4,279.76,100,2000,100,300,100,400,100,100,100,9100,500,200,900,200,100,100,100,100,100,200
316.0,278.15,35100,9771987.0,278.13,277.9,277.61,277.6,277.52,277.5,277.41,277.18,277.16,277.15,278.23,278.24,278.25,278.26,278.27,278.42,279.0,279.33,279.4,279.76,100,2000,100,300,100,400,100,100,100,9100,500,200,900,200,100,100,100,100,100,200
317.0,278.15,35100,9771987.0,278.13,277.9,277.61,277.6,277.52,277.5,277.41,277.18,277.16,277.15,278.23,278.24,278.25,278.26,278.27,278.42,279.0,279.33,279.4,279.76,100,2000,100,300,100,400,100,100,100,9100,500,200,900,200,100,100,100,100,100,200
318.0,278.23,35200,9799810.0,278.13,277.9,277.61,277.6,277.52,277.5,277.41,277.18,277.16,277.15,278.23,278.24,278.25,278.26,278.27,278.42,279.0,279.33,279.4,279.76,100,2100,100,300,100,400,100,100,100,9100,400,200,900,200,100,100,100,100,100,200
319.0,278.23,35200,9799810.0,278.13,277.9,277.61,277.6,277.52,277.5,277.41,277.18,277.16,277.15,278.23,278.24,278.25,278.26,278.27,278.42,279.0,279.33,279.4,279.76,100,2200,100,300,100,400,100,100,100,9100,400,200,900,200,100,100,100,100,100,200
320.0,278.13,35400,9855446.0,277.9,277.61,277.6,277.52,277.5,277.41,277.25,277.18,277.16,277.15,278.23,278.24,278.25,278.26,278.27,278.42,279.0,279.33,279.4,279.76,2200,100,300,100,400,100,100,100,100,9100,300,200,900,200,100,100,100,100,100,200
321.0,278.13,35400,9855446.0,277.9,277.61,277.6,277.52,277.5,277.41,277.25,277.18,277.16,277.15,278.23,278.24,278.25,278.26,278.27,278.42,279.0,279.33,279.4,279.76,2200,100,300,100,400,100,100,100,100,9100,300,200,900,200,100,100,100,100,100,200
322.0,278.13,35400,9855446.0,277.9,277.61,277.6,277.52,277.5,277.41,277.25,277.18,277.16,277.15,278.23,278.24,278.25,278.26,278.27,278.42,279.0,279.33,279.4,279.76,2200,100,300,100,400,100,100,100,100,9100,300,200,900,200,100,100,100,100,100,200
323.0,278.13,35400,9855446.0,277.9,277.61,277.6,277.52,277.5,277.41,277.25,277.18,277.16,277.15,278.23,278.24,278.25,278.26,278.27,278.42,279.0,279.33,279.4,279.76,2100,100,300,100,400,100,100,100,100,9100,300,200,900,200,100,100,100,100,100,200
324.0,278.13,35400,9855446.0,277.9,277.61,277.6,277.52,277.5,277.41,277.25,277.18,277.16,277.15,278.23,278.24,278.25,278.26,278.27,278.42,279.0,279.33,279.4,279.76,2100,100,300,100,400,100,100,100,100,9100,300,200,700,200,100,100,100,100,100,200
325.0,278.13,35400,9855446.0,278.07,277.9,277.61,277.6,277.52,277.5,277.41,277.25,277.18,277.16,278.23,278.24,278.25,278.26,278.27,278.42,279.0,279.33,279.4,279.76,100,2100,100,300,100,400,100,100,100,100,500,200,700,200,100,100,100,100,100,200
326.0,278.23,35500,9883269.0,278.07,277.9,277.61,277.6,277.52,277.5,277.41,277.25,277.18,277.16,278.23,278.24,278.25,278.26,278.27,278.42,279.0,279.33,279.4,279.76,100,2100,100,300,100,400,100,100,100,100,400,200,700,200,100,100,100,100,100,200
327.0,278.07,35600,9911076.0,277.9,277.61,277.6,277.52,277.5,277.41,277.25,277.18,277.16,277.15,278.22,278.23,278.24,278.25,278.26,278.27,278.42,279.0,279.33,279.4,2100,100,300,100,400,100,100,100,100,9100,100,400,200,700,200,100,100,100,100,100
328.0,278.07,35600,9911076.0,277.9,277.61,277.6,277.52,277.5,277.41,277.25,277.18,277.16,277.15,278.22,278.23,278.24,278.25,278.26,278.27,278.42,279.0,279.33,279.4,2100,100,300,100,400,100,100,100,100,9100,100,400,200,700,200,100,100,100,100,100
329.0,278.22,35700,9938898.0,277.9,277.61,277.6,277.52,277.5,277.41,277.25,277.18,277.16,277.15,278.23,278.24,278.25,278.26,278.27,278.42,279.0,279.33,279.4,279.76,2100,100,300,100,400,100,100,100,100,9100,400,200,700,200,100,100,100,100,100,200
330.0,278.22,35700,9938898.0,277.9,277.61,277.6,277.52,277.5,277.41,277.25,277.18,277.16,277.15,278.23,278.24,278.25,278.26,278.27,278.42,279.0,279.33,279.4,279.76,2100,100,300,100,400,100,100,100,100,9100,400,200,700,200,100,100,100,100,100,200
331.0,278.1,35800,9966708.0,277.9,277.61,277.6,277.52,277.5,277.41,277.25,277.18,277.16,277.15,278.23,278.24,278.25,278.26,278.27,278.42,279.0,279.33,279.4,279.76,2100,100,300,100,400,100,100,100,100,9100,400,200,700,200,100,100,100,100,100,200
332.0,278.1,35800,9966708.0,277.9,277.61,277.6,277.52,277.5,277.41,277.25,277.18,277.16,277.15,278.23,278.24,278.25,278.26,278.27,278.42,279.0,279.33,279.4,279.76,2100,100,300,100,400,100,100,100,100,9100,400,200,700,200,100,100,100,100,100,200
333.0,278.1,35800,9966708.0,277.9,277.61,277.6,277.52,277.5,277.41,277.25,277.18,277.16,277.15,278.23,278.24,278.25,278.26,278.42,279.0,279.33,279.4,279.76,279.78,2100,100,300,100,400,100,100,100,100,9100,400,200,700,200,100,100,100,100,200,100
334.0,278.1,35800,9966708.0,277.9,277.61,277.6,277.52,277.5,277.41,277.25,277.18,277.16,277.15,278.23,278.24,278.25,278.26,278.42,279.0,279.33,279.4,279.76,279.78,2100,100,300,100,400,100,100,100,100,9100,400,200,700,200,100,100,100,100,200,100
335.0,278.1,35800,9966708.0,277.9,277.61,277.6,277.52,277.5,277.41,277.25,277.18,277.16,277.15,278.23,278.24,278.25,278.26,278.42,279.0,279.33,279.4,279.76,279.78,2100,100,300,100,400,100,100,100,100,9100,400,200,700,200,100,100,100,100,200,100
336.0,278.1,35800,9966708.0,277.9,277.61,277.6,277.52,277.5,277.41,277.25,277.18,277.16,277.15,278.23,278.24,278.25,278.26,278.42,279.0,279.33,279.4,279.76,279.78,2000,100,300,100,400,100,100,100,100,9100,400,200,700,200,100,100,100,100,200,100
337.0,277.9,37800,10522508.0,277.61,277.6,277.52,277.5,277.41,277.25,277.18,277.16,277.15,277.12,277.9,278.22,278.23,278.24,278.25,279.0,279.33,279.4,279.76,279.78,100,300,100,400,100,100,100,100,9100,100,900,200,600,200,700,100,100,100,200,100
338.0,277.9,37800,10522508.0,277.6,277.52,277.5,277.41,277.25,277.18,277.16,277.15,277.12,277.1,277.89,277.9,278.05,278.22,278.23,278.24,278.25,279.0,279.33,279.4,300,100,400,100,100,100,100,9100,100,200,200,900,100,200,600,200,700,100,100,100
339.0,277.9,37800,10522508.0,277.6,277.52,277.5,277.41,277.25,277.18,277.16,277.15,277.12,277.1,277.89,277.9,278.05,278.22,278.23,278.24,278.25,279.0,279.33,279.4,300,100,400,100,100,100,100,9100,100,200,200,1100,100,200,600,200,700,100,100,100
340.0,277.89,37900,10550297.0,277.6,277.52,277.5,277.41,277.25,277.18,277.16,277.15,277.12,277.1,277.89,277.9,278.05,278.22,278.23,278.24,278.25,279.0,279.33,279.4,300,100,400,100,100,100,100,9100,100,200,100,1100,100,200,600,200,700,100,100,100
341.0,277.89,37900,10550297.0,277.6,277.52,277.5,277.41,277.25,277.18,277.16,277.15,277.12,277.1,277.89,277.9,278.05,278.22,278.23,278.24,278.25,279.0,279.33,279.4,300,100,400,100,100,100,100,9100,100,200,100,1100,100,200,600,200,700,100,100,100
342.0,277.89,37900,10550297.0,277.6,277.52,277.5,277.41,277.25,277.18,277.16,277.15,277.12,277.1,277.89,277.9,278.05,278.22,278.23,278.24,278.25,279.0,279.33,279.4,300,100,400,100,100,100,100,9100,100,200,100,1000,100,200,600,200,700,100,100,100
343.0,277.89,37900,10550297.0,277.6,277.52,277.5,277.41,277.25,277.18,277.16,277.15,277.12,277.1,277.89,277.9,278.05,278.22,278.23,278.24,278.25,279.0,279.33,279.4,300,100,400,100,100,100,100,9100,100,200,100,400,100,200,600,200,700,100,100,100
344.0,277.89,37900,10550297.0,277.6,277.52,277.5,277.41,277.25,277.18,277.16,277.15,277.12,277.1,277.89,277.9,278.05,278.22,278.23,278.24,278.25,279.0,279.33,279.4,300,100,400,100,100,100,100,9100,100,200,100,400,100,200,600,200,700,100,100,100
345.0,277.6,38000,10578057.0,277.6,277.52,277.5,277.41,277.25,277.18,277.16,277.15,277.12,277.1,277.89,277.9,278.05,278.22,278.23,278.24,278.25,279.0,279.33,279.4,200,100,400,100,100,100,100,9100,100,200,100,400,100,200,600,200,700,100,100,100
346.0,277.6,38000,10578057.0,277.6,277.52,277.5,277.41,277.25,277.18,277.16,277.15,277.12,277.1,277.89,277.9,278.05,278.22,278.23,278.24,278.25,279.0,279.33,279.4,200,100,400,100,100,100,100,9100,100,200,100,400,100,200,600,200,700,100,100,100
347.0,277.6,38000,10578057.0,277.6,277.52,277.5,277.41,277.25,277.18,277.16,277.15,277.12,277.1,277.89,277.9,278.05,278.22,278.23,278.24,278.25,279.0,279.33,279.4,200,100,400,100,100,100,100,9100,100,200,100,400,100,200,600,200,700,100,100,100
348.0,277.6,38100,10605817.0,277.6,277.52,277.5,277.41,277.25,277.18,277.16,277.15,277.12,277.1,277.89,277.9,278.05,278.22,278.23,278.24,278.25,278.5,279.0,279.33,100,100,400,100,100,100,100,9100,100,200,100,400,100,200,600,200,700,100,100,100
349.0,277.6,38200,10633577.0,277.52,277.5,277.41,277.25,277.18,277.16,277.15,277.12,277.1,277.01,277.89,277.9,278.05,278.22,278.23,278.24,278.25,278.5,279.0,279.33,100,200,100,100,100,100,9100,100,200,700,100,400,100,200,600,200,700,100,100,100
350.0,277.89,38300,10661366.0,277.52,277.5,277.41,277.25,277.18,277.16,277.15,277.12,277.1,277.01,277.9,278.05,278.22,278.23,278.24,278.25,278.5,279.0,279.33,279.4,100,200,100,100,100,100,9100,100,200,700,400,100,200,600,200,700,100,100,100,100
351.0,277.9,38400,10689156.0,277.6,277.52,277.5,277.25,277.18,277.16,277.15,277.12,277.1,277.01,277.89,277.9,278.05,278.22,278.23,278.24,278.25,278.5,279.0,279.33,100,100,200,100,100,100,9100,100,200,700,100,300,100,200,600,200,700,100,100,100
352.0,277.9,38400,10689156.0,277.6,277.52,277.5,277.25,277.18,277.16,277.15,277.12,277.1,277.01,277.89,277.9,278.05,278.22,278.23,278.24,278.25,278.5,279.0,279.33,100,100,200,100,100,100,9100,100,200,700,100,300,100,200,600,200,700,100,100,100
353.0,277.9,38400,10689156.0,277.6,277.52,277.5,277.25,277.18,277.16,277.15,277.12,277.1,277.01,277.89,277.9,278.05,278.22,278.23,278.24,278.25,278.5,279.0,279.33,100,100,200,100,100,100,9100,100,200,700,100,300,100,200,600,200,700,100,100,100
354.0,277.9,38400,10689156.0,277.6,277.52,277.5,277.25,277.18,277.16,277.15,277.12,277.1,277.01,277.89,277.9,278.05,278.22,278.23,278.24,278.25,278.5,279.0,279.33,200,100,200,100,100,100,9100,100,200,700,100,300,100,200,600,200,700,100,100,100
355.0,277.89,38500,10716945.0,277.6,277.52,277.5,277.25,277.18,277.16,277.15,277.12,277.1,277.01,277.9,278.05,278.22,278.23,278.24,278.25,278.5,279.0,279.33,279.4,200,100,200,100,100,100,9100,200,200,700,300,100,200,600,200,700,100,100,100,100
356.0,277.89,38500,10716945.0,277.6,277.52,277.5,277.25,277.18,277.16,277.15,277.12,277.1,277.01,277.9,278.05,278.22,278.23,278.24,278.25,278.5,279.0,279.33,279.4,200,100,200,100,100,100,9100,200,200,700,300,100,200,600,200,700,100,100,100,100
357.0,277.89,38500,10716945.0,277.6,277.52,277.5,277.25,277.18,277.16,277.15,277.12,277.1,277.01,277.9,278.05,278.22,278.23,278.24,278.25,278.5,279.0,279.33,279.4,200,100,200,100,100,100,9100,200,200,700,300,100,200,600,200,700,100,100,100,100
358.0,277.89,38500,10716945.0,277.6,277.52,277.5,277.25,277.18,277.16,277.15,277.12,277.1,277.01,277.89,277.9,278.05,278.22,278.23,278.24,278.25,278.5,279.0,279.33,200,100,300,100,100,100,9100,200,200,700,100,300,100,200,600,200,700,100,100,100
359.0,277.89,38500,10716945.0,277.61,277.6,277.52,277.5,277.25,277.18,277.16,277.15,277.12,277.1,277.89,277.9,278.05,278.22,278.23,278.24,278.25,278.5,279.0,279.33,100,300,100,300,100,100,100,9100,200,200,100,300,100,200,600,200,700,100,100,100
360.0,277.89,38500,10716945.0,277.61,277.6,277.52,277.5,277.25,277.18,277.16,277.15,277.12,277.1,277.89,277.9,278.05,278.22,278.23,278.24,278.25,278.5,279.0,279.33,100,400,100,300,100,100,100,9100,200,200,100,300,100,200,600,200,700,100,100,100
361.0,277.89,38600,10744734.0,277.62,277.61,277.6,277.52,277.5,277.25,277.18,277.16,277.15,277.12,277.9,278.0,278.05,278.22,278.23,278.24,278.25,278.5,279.0,279.33,100,100,400,100,300,100,100,100,9100,200,300,100,100,200,600,200,700,100,100,100
362.0,277.89,38600,10744734.0,277.7,277.62,277.61,277.6,277.52,277.5,277.25,277.18,277.16,277.15,277.9,278.0,278.05,278.22,278.23,278.24,278.25,278.5,279.0,279.33,100,100,100,400,100,300,100,100,100,9100,300,100,100,200,600,200,700,100,100,100
363.0,277.7,38700,10772504.0,277.62,277.61,277.6,277.52,277.5,277.25,277.18,277.16,277.15,277.12,277.9,278.0,278.05,278.22,278.23,278.24,278.25,278.5,279.0,279.33,100,100,500,100,300,100,100,100,9100,200,300,100,100,200,600,200,600,100,100,100
364.0,277.7,38700,10772504.0,277.62,277.61,277.6,277.52,277.5,277.25,277.18,277.16,277.15,277.12,277.9,278.0,278.05,278.22,278.23,278.24,278.25,278.5,279.0,279.33,100,100,500,100,300,100,100,100,9100,200,300,100,100,200,600,200,600,100,100,100
365.0,277.65,38800,10800269.0,277.67,277.62,277.61,277.6,277.52,277.5,277.25,277.18,277.16,277.15,277.9,278.0,278.05,278.22,278.23,278.24,278.25,278.5,279.0,279.33,100,100,100,500,100,300,100,100,100,9100,300,100,100,200,600,200,600,100,100,100
366.0,277.65,38800,10800269.0,277.67,277.62,277.61,277.6,277.52,277.5,277.25,277.18,277.16,277.15,277.9,278.0,278.05,278.22,278.23,278.24,278.25,278.5,279.0,279.33,100,300,100,500,100,300,100,100,100,9100,300,100,100,200,400,200,300,100,100,100
367.0,277.65,38800,10800269.0,277.67,277.62,277.61,277.6,277.52,277.5,277.25,277.18,277.16,277.15,277.9,278.0,278.05,278.22,278.23,278.24,278.25,278.5,279.0,279.33,100,300,100,500,100,300,100,100,100,9100,500,100,100,200,400,200,300,100,100,100
368.0,277.65,38800,10800269.0,277.67,277.62,277.61,277.6,277.52,277.5,277.25,277.18,277.16,277.15,277.9,278.0,278.05,278.22,278.23,278.24,278.25,278.5,279.0,279.33,100,300,100,500,100,300,100,100,100,9100,500,100,100,200,400,200,300,100,100,100
369.0,277.65,38800,10800269.0,277.67,277.62,277.61,277.6,277.52,277.5,277.25,277.18,277.16,277.15,277.9,278.0,278.05,278.22,278.23,278.24,278.25,278.5,279.0,279.33,100,300,100,500,100,300,100,100,100,9100,500,100,100,200,400,200,300,100,100,100
370.0,277.65,38800,10800269.0,277.67,277.62,277.61,277.6,277.52,277.5,277.25,277.18,277.16,277.15,277.9,278.0,278.05,278.22,278.23,278.24,278.25,278.5,279.0,279.33,100,300,100,600,100,300,100,100,100,9100,500,100,100,200,400,200,300,100,100,100
371.0,277.65,38800,10800269.0,277.67,277.62,277.61,277.6,277.52,277.5,277.25,277.18,277.16,277.15,277.9,278.0,278.05,278.22,278.23,278.24,278.25,278.5,279.0,279.33,100,300,100,600,100,300,100,100,100,9100,500,100,100,200,400,200,200,100,100,100
372.0,277.65,38800,10800269.0,277.7,277.67,277.62,277.61,277.6,277.52,277.5,277.25,277.18,277.16,277.9,278.0,278.05,278.22,278.23,278.24,278.25,278.5,279.0,279.33,200,200,300,200,500,100,300,100,100,100,500,100,100,200,400,200,200,100,100,100
373.0,277.65,38800,10800269.0,277.7,277.67,277.62,277.61,277.6,277.52,277.5,277.25,277.18,277.16,277.9,278.0,278.05,278.22,278.23,278.24,278.25,278.5,279.0,279.33,200,200,300,200,500,100,300,100,100,100,500,100,100,200,400,200,200,100,100,100
374.0,277.65,38800,10800269.0,277.7,277.67,277.62,277.61,277.6,277.52,277.5,277.25,277.18,277.16,277.9,278.0,278.05,278.22,278.23,278.24,278.25,278.5,279.0,279.33,200,200,300,200,400,100,300,100,100,100,500,100,100,200,400,200,200,100,100,100
375.0,277.7,38900,10828039.0,277.7,277.67,277.62,277.61,277.6,277.52,277.5,277.25,277.18,277.16,277.89,277.9,278.0,278.05,278.22,278.23,278.24,278.25,278.5,279.0,100,200,300,200,400,100,300,100,100,100,100,500,100,100,200,400,200,200,100,100
376.0,277.7,38900,10828039.0,277.72,277.7,277.67,277.62,277.61,277.6,277.52,277.5,277.25,277.18,277.89,277.9,278.0,278.04,278.05,278.23,278.24,278.25,278.5,279.0,100,100,200,300,200,400,100,300,100,100,100,500,100,100,100,200,200,200,100,100
377.0,277.89,39000,10855828.0,277.72,277.71,277.7,277.67,277.62,277.61,277.6,277.52,277.5,277.25,277.9,278.0,278.04,278.05,278.23,278.24,278.25,278.5,279.0,279.33,100,100,200,200,200,200,400,100,300,100,500,100,100,100,200,200,200,100,100,100
378.0,277.89,39000,10855828.0,277.72,277.71,277.7,277.67,277.65,277.62,277.61,277.6,277.52,277.5,277.9,278.0,278.04,278.05,278.23,278.24,278.25,278.5,279.0,279.33,100,100,200,200,100,200,200,400,100,300,500,100,100,100,200,200,200,100,100,100
379.0,277.89,39000,10855828.0,277.72,277.71,277.7,277.67,277.65,277.62,277.61,277.6,277.52,277.5,277.9,278.0,278.04,278.05,278.23,278.24,278.25,278.5,279.0,279.33,100,100,200,200,100,300,200,400,100,300,500,100,100,100,200,200,100,100,100,100
380.0,277.89,39000,10855828.0,277.72,277.71,277.7,277.67,277.65,277.62,277.61,277.6,277.52,277.5,277.9,278.0,278.04,278.05,278.23,278.24,278.25,278.5,279.0,279.33,100,100,200,300,100,300,200,300,100,300,500,100,100,100,200,200,100,100,100,100
381.0,277.72,39100,10883600.0,277.71,277.7,277.67,277.65,277.62,277.61,277.6,277.52,277.5,277.25,277.9,278.0,278.04,278.05,278.23,278.24,278.25,278.5,279.0,279.33,100,200,300,100,300,200,300,100,300,100,500,100,100,100,200,200,100,100,100,100
382.0,277.72,39100,10883600.0,277.71,277.7,277.67,277.65,277.62,277.61,277.6,277.52,277.5,277.25,277.89,277.9,278.0,278.04,278.05,278.23,278.24,278.25,278.5,279.0,100,200,300,100,300,200,300,100,300,100,100,500,100,100,100,200,200,100,100,100
383.0,277.72,39100,10883600.0,277.71,277.7,277.67,277.65,277.62,277.61,277.6,277.52,277.5,277.25,277.89,277.9,278.0,278.04,278.05,278.23,278.24,278.25,278.5,279.0,200,200,200,200,200,200,300,100,300,100,100,500,100,100,100,200,200,100,100,100
384.0,277.72,39100,10883600.0,277.71,277.7,277.67,277.65,277.62,277.61,277.6,277.52,277.5,277.25,277.89,277.9,278.0,278.04,278.05,278.23,278.24,278.25,278.5,279.0,200,200,200,200,200,200,300,100,300,100,100,500,100,100,100,200,200,100,100,100
385.0,277.72,39100,10883600.0,277.71,277.7,277.67,277.65,277.62,277.61,277.6,277.52,277.5,277.25,277.89,277.9,278.0,278.04,278.05,278.23,278.24,278.25,278.5,279.0,200,200,200,200,200,200,300,100,300,100,100,500,100,100,100,200,200,100,100,100
386.0,277.72,39100,10883600.0,277.71,277.7,277.67,277.65,277.62,277.61,277.6,277.52,277.5,277.25,277.89,277.9,278.0,278.04,278.05,278.23,278.24,278.25,278.5,279.0,200,200,200,200,200,200,300,100,300,100,100,500,100,100,100,200,200,100,100,100
387.0,277.72,39100,10883600.0,277.71,277.7,277.67,277.65,277.62,277.61,277.6,277.52,277.5,277.25,277.89,277.9,278.0,278.04,278.05,278.23,278.24,278.25,278.5,279.0,200,200,200,200,200,200,300,100,300,100,100,500,100,100,100,200,200,100,100,100
388.0,277.72,39100,10883600.0,277.71,277.7,277.67,277.65,277.62,277.61,277.6,277.52,277.5,277.25,277.89,277.9,278.0,278.04,278.05,278.23,278.24,278.25,278.5,279.0,200,200,200,200,200,200,300,100,300,100,500,500,100,100,100,200,200,100,100,100
389.0,277.72,39100,10883600.0,277.71,277.7,277.67,277.65,277.62,277.61,277.6,277.52,277.5,277.25,277.89,277.9,278.0,278.04,278.05,278.23,278.24,278.25,278.5,279.0,200,200,200,200,200,200,300,100,300,100,500,500,100,100,100,200,200,100,100,100
390.0,277.72,39100,10883600.0,277.71,277.7,277.67,277.65,277.62,277.61,277.6,277.52,277.5,277.25,277.89,277.9,278.0,278.04,278.05,278.23,278.24,278.25,278.5,279.0,200,200,200,200,200,200,300,100,300,100,500,500,100,100,100,200,200,100,100,100
391.0,277.72,39100,10883600.0,277.71,277.7,277.67,277.65,277.62,277.61,277.6,277.52,277.5,277.25,277.89,277.9,278.0,278.04,278.05,278.23,278.24,278.25,278.5,279.0,200,200,200,200,200,200,300,100,300,100,500,500,100,100,100,200,200,100,100,100
392.0,277.72,39100,10883600.0,277.71,277.7,277.67,277.65,277.62,277.61,277.6,277.52,277.5,277.25,277.89,277.9,278.0,278.04,278.05,278.23,278.24,278.25,278.5,279.0,200,200,200,300,200,200,300,100,300,100,500,500,100,100,100,200,200,100,100,100
393.0,277.72,39100,10883600.0,277.71,277.7,277.67,277.65,277.62,277.61,277.6,277.52,277.5,277.25,277.89,277.9,278.0,278.04,278.05,278.23,278.24,278.25,278.5,279.0,200,200,200,300,100,200,300,100,300,100,500,500,100,100,100,200,200,100,100,100
394.0,277.72,39100,10883600.0,277.72,277.71,277.7,277.67,277.65,277.62,277.61,277.6,277.52,277.5,277.89,277.9,278.0,278.04,278.05,278.23,278.24,278.25,278.5,279.0,100,200,200,200,300,100,200,300,100,400,500,500,100,100,100,200,200,100,100,100
395.0,277.72,39100,10883600.0,277.72,277.71,277.7,277.67,277.65,277.62,277.61,277.6,277.52,277.5,277.89,277.9,278.0,278.04,278.05,278.23,278.24,278.25,278.5,279.0,100,200,200,200,300,100,100,300,100,400,500,500,100,100,100,200,200,100,100,100
396.0,277.72,39100,10883600.0,277.72,277.71,277.7,277.67,277.65,277.62,277.61,277.6,277.52,277.5,277.89,277.9,278.0,278.04,278.05,278.23,278.24,278.25,278.5,279.0,200,200,200,200,300,100,100,300,100,400,500,500,100,100,100,200,200,100,100,100
397.0,277.72,39100,10883600.0,277.72,277.71,277.7,277.67,277.65,277.62,277.61,277.6,277.52,277.5,277.89,277.9,278.0,278.04,278.05,278.23,278.24,278.25,278.5,279.0,200,200,200,200,300,100,100,300,100,400,500,500,100,100,100,200,200,100,100,100
398.0,277.72,39100,10883600.0,277.72,277.71,277.7,277.67,277.65,277.62,277.61,277.6,277.52,277.5,277.89,277.9,278.0,278.04,278.05,278.23,278.24,278.25,278.5,279.0,200,200,200,200,300,100,100,300,100,400,500,300,100,100,100,200,200,100,100,100
399.0,277.72,39300,10939144.0,277.71,277.7,277.67,277.65,277.62,277.61,277.6,277.52,277.5,277.25,277.88,277.89,277.9,278.0,278.04,278.05,278.23,278.24,278.25,278.5,200,200,200,300,100,100,300,100,400,100,100,700,300,100,100,100,200,200,100,100
400.0,277.72,39300,10939144.0,277.71,277.7,277.67,277.65,277.62,277.61,277.6,277.52,277.5,277.25,277.87,277.88,277.89,277.9,278.0,278.04,278.05,278.23,278.24,278.25,200,200,200,300,100,100,300,100,400,100,100,100,700,300,100,100,100,200,200,100
401.0,277.72,39300,10939144.0,277.71,277.7,277.67,277.65,277.62,277.61,277.6,277.52,277.5,277.25,277.87,277.88,277.89,277.9,278.0,278.04,278.05,278.23,278.24,278.25,200,200,200,300,100,100,300,100,400,100,100,100,700,300,100,100,100,200,200,100
402.0,277.71,39400,10966915.0,277.71,277.7,277.67,277.65,277.62,277.61,277.6,277.52,277.5,277.25,277.87,277.88,277.89,277.9,278.0,278.04,278.05,278.23,278.24,278.25,100,200,200,300,100,100,300,100,400,100,100,100,700,300,100,100,100,200,200,100
403.0,277.71,39400,10966915.0,277.71,277.7,277.67,277.65,277.62,277.61,277.6,277.52,277.5,277.25,277.87,277.88,277.89,277.9,278.0,278.04,278.05,278.23,278.24,278.25,100,200,200,300,100,100,300,100,300,100,100,100,700,300,100,100,100,200,200,100
404.0,277.87,39500,10994702.0,277.72,277.71,277.7,277.67,277.65,277.62,277.61,277.6,277.52,277.5,277.88,277.89,277.9,278.0,278.04,278.05,278.23,278.24,278.25,279.0,100,200,200,200,300,100,100,300,100,300,100,700,300,100,100,100,200,200,100,100
405.0,277.87,39500,10994702.0,277.72,277.71,277.7,277.67,277.65,277.62,277.61,277.6,277.52,277.5,277.88,277.89,277.9,278.0,278.04,278.05,278.23,278.24,278.25,279.0,100,200,200,200,300,100,100,300,100,300,100,700,300,100,100,100,200,200,100,100
