LocalTime,LastPrice,TradeVolume,TradeValue,BidPrice1,BidPrice2,BidPrice3,BidPrice4,BidPrice5,BidPrice6,BidPrice7,BidPrice8,BidPrice9,BidPriceA,AskPrice1,AskPrice2,AskPrice3,AskPrice4,AskPrice5,AskPrice6,AskPrice7,AskPrice8,AskPrice9,AskPriceA,BidVolume1,BidVolume2,BidVolume3,BidVolume4,BidVolume5,BidVolume6,BidVolume7,BidVolume8,BidVolume9,BidVolumeA,AskVolume1,AskVolume2,AskVolume3,AskVolume4,AskVolume5,AskVolume6,AskVolume7,AskVolume8,AskVolume9,AskVolumeA
0.0,11.4,6500,74100.0,11.37,11.35,11.34,11.33,11.32,11.31,11.3,11.29,11.28,11.27,11.4,11.43,11.44,11.45,11.46,11.47,11.48,11.49,11.5,11.51,6000,30100,20700,16300,10000,7500,20500,5000,54000,5100,21100,900,2000,100,1000,6000,5000,52300,34500,4300
1.0,11.4,8300,94614.0,11.37,11.36,11.35,11.34,11.33,11.32,11.31,11.3,11.29,11.28,11.4,11.43,11.44,11.45,11.46,11.47,11.48,11.49,11.5,11.51,8900,2000,30100,20700,17300,10000,7500,20500,5000,54000,19700,900,2000,100,1500,6000,5000,52300,33800,4300
2.0,11.4,23900,272331.0,11.4,11.37,11.36,11.35,11.34,11.33,11.32,11.31,11.3,11.29,11.43,11.44,11.45,11.46,11.47,11.48,11.49,11.5,11.51,11.52,4300,4800,2200,30100,20700,17300,10300,7500,20500,5000,900,2000,100,1500,6000,12200,52300,33800,4300,1000
3.0,11.42,24200,275757.0,11.42,11.4,11.38,11.37,11.36,11.35,11.34,11.33,11.32,11.31,11.43,11.44,11.45,11.46,11.47,11.48,11.49,11.5,11.51,11.52,200,4500,1100,4800,3200,30100,20700,17300,14600,6800,900,2000,4800,1500,6000,12200,52300,33800,4300,1000
4.0,11.42,24200,275757.0,11.42,11.4,11.38,11.37,11.36,11.35,11.34,11.33,11.32,11.31,11.43,11.44,11.45,11.46,11.47,11.48,11.49,11.5,11.51,11.52,200,4500,1100,10300,3200,30700,20700,17300,14600,17800,900,2000,4800,1500,6000,12200,55400,33800,4300,2600
5.0,11.4,30600,348721.0,11.4,11.38,11.37,11.36,11.35,11.34,11.33,11.32,11.31,11.3,11.43,11.44,11.45,11.46,11.47,11.48,11.49,11.5,11.51,11.52,300,1100,10300,5200,31700,20700,17300,18100,17800,100500,900,2000,4800,1500,6000,12200,55400,34800,4300,2600
6.0,11.4,30600,348721.0,11.4,11.38,11.37,11.36,11.35,11.34,11.33,11.32,11.31,11.3,11.42,11.43,11.44,11.45,11.46,11.47,11.48,11.49,11.5,11.51,300,1100,10300,5200,31700,20700,17300,18100,17800,100500,100,900,2000,5300,1500,6000,15400,55400,34800,4300
7.0,11.4,30900,352141.0,11.38,11.37,11.36,11.35,11.34,11.33,11.32,11.31,11.3,11.29,11.4,11.42,11.43,11.44,11.45,11.46,11.47,11.48,11.49,11.5,1100,10300,5200,31700,20700,18300,18100,17800,102700,8900,2300,100,900,2500,5300,1500,6000,15400,55400,34800
8.0,11.4,33300,379499.0,11.4,11.38,11.37,11.36,11.35,11.34,11.33,11.32,11.31,11.3,11.42,11.43,11.44,11.45,11.46,11.47,11.48,11.49,11.5,11.51,3800,1000,11300,6200,31700,20700,18300,18100,17800,102700,500,900,2500,6600,2500,6000,20400,55400,34800,4300
9.0,11.4,33400,380639.0,11.4,11.38,11.37,11.36,11.35,11.34,11.33,11.32,11.31,11.3,11.41,11.42,11.43,11.44,11.45,11.46,11.47,11.48,11.49,11.5,3700,1000,11300,6200,32700,20700,18300,19400,17800,102800,500,1500,900,2500,6600,2500,6000,20400,55400,35800
10.0,11.4,37800,430789.0,11.38,11.37,11.36,11.35,11.34,11.33,11.32,11.31,11.3,11.29,11.4,11.41,11.42,11.43,11.44,11.45,11.46,11.47,11.48,11.49,500,11300,6200,32700,20700,18300,19400,16400,105400,8900,200,500,1500,1000,2500,6600,2500,6000,20400,57900
11.0,11.4,38000,433069.0,11.38,11.37,11.36,11.35,11.34,11.33,11.32,11.31,11.3,11.29,11.4,11.41,11.42,11.43,11.44,11.45,11.46,11.47,11.48,11.49,500,11800,9600,32700,20700,18300,19400,16400,106300,8900,600,500,1500,1000,2500,16200,2500,6000,20400,57900
12.0,11.41,38700,441050.0,11.38,11.37,11.36,11.35,11.34,11.33,11.32,11.31,11.3,11.29,11.41,11.42,11.43,11.44,11.45,11.46,11.47,11.48,11.49,11.5,600,12900,9600,32700,20700,18300,19400,26400,106300,8900,400,1400,1000,2500,17200,2500,6000,20400,57900,35800
13.0,11.42,39700,452466.0,11.39,11.38,11.37,11.36,11.35,11.34,11.33,11.32,11.31,11.3,11.42,11.43,11.44,11.45,11.46,11.47,11.48,11.49,11.5,11.51,1100,600,12900,9600,32700,20700,18300,19400,36400,106300,800,1000,2500,17200,2500,6000,20400,57900,35800,8700
14.0,11.42,39700,452466.0,11.39,11.38,11.37,11.36,11.35,11.34,11.33,11.32,11.31,11.3,11.42,11.43,11.44,11.45,11.46,11.47,11.48,11.49,11.5,11.51,1200,600,12900,9600,32700,21200,18300,19400,36400,106300,800,1000,2500,17200,2500,6000,34300,57900,35800,8700
15.0,11.42,39700,452466.0,11.39,11.38,11.37,11.36,11.35,11.34,11.33,11.32,11.31,11.3,11.42,11.43,11.44,11.45,11.46,11.47,11.48,11.49,11.5,11.51,1200,600,12900,9600,32700,21200,18300,19900,36400,106300,800,1000,2500,17200,2500,6000,34300,57900,35800,8700
16.0,11.42,39700,452466.0,11.39,11.38,11.37,11.36,11.35,11.34,11.33,11.32,11.31,11.3,11.41,11.42,11.43,11.44,11.45,11.46,11.47,11.48,11.49,11.5,1200,600,12900,9600,32700,21200,18300,19900,36400,106300,200,800,1000,2500,17200,2500,6000,34300,57900,35800
17.0,11.42,39700,452466.0,11.39,11.38,11.37,11.36,11.35,11.34,11.33,11.32,11.31,11.3,11.41,11.42,11.43,11.44,11.45,11.46,11.47,11.48,11.49,11.5,100,600,12900,9600,32700,21200,18300,19900,36400,106300,600,900,1000,2500,17200,2500,6000,34300,57900,35800
18.0,11.42,39700,452466.0,11.39,11.38,11.37,11.36,11.35,11.34,11.33,11.32,11.31,11.3,11.41,11.42,11.43,11.44,11.45,11.46,11.47,11.48,11.49,11.5,100,600,12900,9600,32700,21200,18300,19900,36400,106300,600,900,3000,2500,17200,2500,6000,34300,57900,36800
19.0,11.42,39700,452466.0,11.4,11.39,11.38,11.37,11.36,11.35,11.34,11.33,11.32,11.31,11.41,11.42,11.43,11.44,11.45,11.46,11.47,11.48,11.49,11.5,1100,100,600,12900,9600,32700,21200,18300,20100,36400,600,900,3000,2500,17200,2500,6000,34300,57900,36800
20.0,11.42,39700,452466.0,11.4,11.39,11.38,11.37,11.36,11.35,11.34,11.33,11.32,11.31,11.41,11.42,11.43,11.44,11.45,11.46,11.47,11.48,11.49,11.5,1200,100,600,12900,9600,32700,21200,28300,20100,36400,600,800,3000,2500,17200,2500,6000,34300,57900,36800
21.0,11.42,39700,452466.0,11.4,11.39,11.38,11.37,11.36,11.35,11.34,11.33,11.32,11.31,11.41,11.42,11.43,11.44,11.45,11.46,11.47,11.48,11.49,11.5,1200,100,600,12900,9600,32700,21200,28300,20100,36400,600,800,3000,2500,17200,2500,6000,34300,57900,36800
22.0,11.42,39700,452466.0,11.4,11.39,11.38,11.37,11.36,11.35,11.34,11.33,11.32,11.31,11.41,11.42,11.43,11.44,11.45,11.46,11.47,11.48,11.49,11.5,1200,100,600,12900,9600,32700,21200,28300,20100,36400,600,800,3000,2500,17200,2500,6000,34300,57900,36800
23.0,11.41,40800,465017.0,11.4,11.39,11.38,11.37,11.36,11.35,11.34,11.33,11.32,11.31,11.41,11.42,11.43,11.44,11.45,11.46,11.47,11.48,11.49,11.5,100,100,600,12900,9600,32700,21200,28300,20100,36400,100,800,3000,2500,17200,2500,6000,34300,57900,36800
24.0,11.42,41000,467300.0,11.4,11.39,11.38,11.37,11.36,11.35,11.34,11.33,11.32,11.31,11.42,11.43,11.44,11.45,11.46,11.47,11.48,11.49,11.5,11.51,100,100,600,12900,9600,32700,21200,28300,20100,36400,700,3000,2500,17200,2500,6000,34300,57900,36800,8700
25.0,11.42,41000,467300.0,11.4,11.39,11.38,11.37,11.36,11.35,11.34,11.33,11.32,11.31,11.42,11.43,11.44,11.45,11.46,11.47,11.48,11.49,11.5,11.51,100,100,600,12900,9600,32700,21200,28300,20100,36400,700,3000,2500,17200,2500,6000,34300,57900,36800,8700
26.0,11.42,41000,467300.0,11.4,11.39,11.38,11.37,11.36,11.35,11.34,11.33,11.32,11.31,11.42,11.43,11.44,11.45,11.46,11.47,11.48,11.49,11.5,11.51,100,100,600,9900,9600,32700,21200,28300,20100,36400,700,3000,2500,17200,2500,6000,34300,57900,36800,8700
27.0,11.42,41000,467300.0,11.4,11.39,11.38,11.37,11.36,11.35,11.34,11.33,11.32,11.31,11.42,11.43,11.44,11.45,11.46,11.47,11.48,11.49,11.5,11.51,100,100,600,9900,9600,32700,21200,28300,20100,36400,700,3000,2500,17200,2500,6000,34300,57900,36800,8700
28.0,11.42,41000,467300.0,11.4,11.39,11.38,11.37,11.36,11.35,11.34,11.33,11.32,11.31,11.42,11.43,11.44,11.45,11.46,11.47,11.48,11.49,11.5,11.51,100,100,600,9900,9600,32700,21200,28300,20100,36400,700,3000,2500,17200,2500,6000,34300,57900,36800,8700
29.0,11.42,41000,467300.0,11.39,11.38,11.37,11.36,11.35,11.34,11.33,11.32,11.31,11.3,11.42,11.43,11.44,11.45,11.46,11.47,11.48,11.49,11.5,11.51,100,600,9900,9600,32700,21200,28300,20100,36400,106300,700,3000,2500,17200,2500,6000,34300,57900,36800,8700
30.0,11.42,41000,467300.0,11.39,11.38,11.37,11.36,11.35,11.34,11.33,11.32,11.31,11.3,11.42,11.43,11.44,11.45,11.46,11.47,11.48,11.49,11.5,11.51,100,600,9900,9600,32700,21200,28300,20100,36400,106300,500,3000,2500,17200,2500,6000,34300,57900,36800,8700
31.0,11.42,41000,467300.0,11.39,11.38,11.37,11.36,11.35,11.34,11.33,11.32,11.31,11.3,11.42,11.43,11.44,11.45,11.46,11.47,11.48,11.49,11.5,11.51,100,600,9900,9600,32700,21200,28300,20100,36400,106300,500,3000,2500,17200,2500,6000,34300,57900,36800,8700
32.0,11.42,41100,468442.0,11.39,11.38,11.37,11.36,11.35,11.34,11.33,11.32,11.31,11.3,11.42,11.43,11.44,11.45,11.46,11.47,11.48,11.49,11.5,11.51,100,600,9900,9600,32700,21200,28300,20100,36400,106300,400,3000,2500,17200,2500,6000,34300,57900,36800,8700
33.0,11.42,41100,468442.0,11.39,11.38,11.37,11.36,11.35,11.34,11.33,11.32,11.31,11.3,11.42,11.43,11.44,11.45,11.46,11.47,11.48,11.49,11.5,11.51,100,600,9900,9600,32700,21200,28300,20100,36400,106300,400,3000,2500,16700,2500,6000,34300,57900,36800,8700
34.0,11.42,41100,468442.0,11.4,11.39,11.38,11.37,11.36,11.35,11.34,11.33,11.32,11.31,11.42,11.43,11.44,11.45,11.46,11.47,11.48,11.49,11.5,11.51,200,100,700,9900,9600,32700,21200,28300,20100,36400,400,3000,2500,16700,2500,6000,34300,57900,36800,8700
35.0,11.42,41100,468442.0,11.4,11.39,11.38,11.37,11.36,11.35,11.34,11.33,11.32,11.31,11.42,11.43,11.44,11.45,11.46,11.47,11.48,11.49,11.5,11.51,200,100,700,9900,9600,32700,21200,28300,20100,36400,400,3000,2500,16700,2500,6000,34300,57900,36800,8700
36.0,11.42,41100,468442.0,11.4,11.39,11.38,11.37,11.36,11.35,11.34,11.33,11.32,11.31,11.42,11.43,11.44,11.45,11.46,11.47,11.48,11.49,11.5,11.51,200,100,700,9900,9600,32700,21200,28300,20100,36400,400,3000,2500,16700,2500,6000,34300,57900,36800,8700
37.0,11.42,41100,468442.0,11.4,11.39,11.38,11.37,11.36,11.35,11.34,11.33,11.32,11.31,11.42,11.43,11.44,11.45,11.46,11.47,11.48,11.49,11.5,11.51,200,100,700,9900,9600,32700,21200,28300,20100,36400,400,6000,2500,16700,2500,6000,34300,57900,36800,8700
38.0,11.42,41100,468442.0,11.4,11.39,11.38,11.37,11.36,11.35,11.34,11.33,11.32,11.31,11.42,11.43,11.44,11.45,11.46,11.47,11.48,11.49,11.5,11.51,200,100,700,9900,9600,32700,21200,28300,20100,36400,400,6000,2500,16700,2500,6000,34300,57900,36800,8700
39.0,11.42,41100,468442.0,11.4,11.39,11.38,11.37,11.36,11.35,11.34,11.33,11.32,11.31,11.42,11.43,11.44,11.45,11.46,11.47,11.48,11.49,11.5,11.51,200,100,700,9900,9600,32700,21200,28300,20100,36400,400,6000,2500,16700,2500,6000,34300,57900,36800,8700
40.0,11.42,41100,468442.0,11.4,11.39,11.38,11.37,11.36,11.35,11.34,11.33,11.32,11.31,11.42,11.43,11.44,11.45,11.46,11.47,11.48,11.49,11.5,11.51,200,100,700,9900,9600,32700,21200,28300,20100,36400,400,6000,2500,16700,2500,6000,34300,57900,36800,4300
41.0,11.42,41100,468442.0,11.4,11.39,11.38,11.37,11.36,11.35,11.34,11.33,11.32,11.31,11.42,11.43,11.44,11.45,11.46,11.47,11.48,11.49,11.5,11.51,200,100,700,9900,9600,32700,21200,28300,20100,36400,400,6000,2500,16700,2500,6000,34300,57900,36800,4300
42.0,11.4,41300,470722.0,11.4,11.39,11.38,11.37,11.36,11.35,11.34,11.33,11.32,11.31,11.42,11.43,11.44,11.45,11.46,11.47,11.48,11.49,11.5,11.51,3000,100,700,9900,9600,32700,21200,28300,20100,36400,3900,6000,2500,16700,2500,6000,34300,57900,36800,4300
43.0,11.4,41300,470722.0,11.4,11.39,11.38,11.37,11.36,11.35,11.34,11.33,11.32,11.31,11.42,11.43,11.44,11.45,11.46,11.47,11.48,11.49,11.5,11.51,3000,100,700,9900,9600,32700,21200,28300,20100,36400,3900,6000,2500,16700,2500,6000,34300,57900,36800,4300
44.0,11.42,42800,487852.0,11.4,11.39,11.38,11.37,11.36,11.35,11.34,11.33,11.32,11.31,11.42,11.43,11.44,11.45,11.46,11.47,11.48,11.49,11.5,11.51,3000,100,700,9900,9600,32700,21200,28300,20100,36400,2400,6000,2500,16700,2500,6000,34300,57900,36800,4300
45.0,11.42,44200,503840.0,11.41,11.4,11.39,11.38,11.37,11.36,11.35,11.34,11.33,11.32,11.42,11.43,11.44,11.45,11.46,11.47,11.48,11.49,11.5,11.51,200,3000,100,700,9900,9600,32700,21200,28300,18800,1000,6000,2500,16700,2500,6000,34300,57900,36800,4300
46.0,11.42,44300,504982.0,11.41,11.4,11.39,11.38,11.37,11.36,11.35,11.34,11.33,11.32,11.42,11.43,11.44,11.45,11.46,11.47,11.48,11.49,11.5,11.51,200,3000,100,700,9900,9600,32700,21200,28300,18800,1200,6000,2500,16700,2500,6000,34300,57900,36800,4300
47.0,11.42,44800,510692.0,11.41,11.4,11.39,11.38,11.37,11.36,11.35,11.34,11.33,11.32,11.42,11.43,11.44,11.45,11.46,11.47,11.48,11.49,11.5,11.51,200,3000,100,700,9900,9600,32700,21200,28300,18800,700,3000,2500,16700,2500,6000,34300,57900,36800,4300
48.0,11.42,44800,510692.0,11.41,11.4,11.39,11.38,11.37,11.36,11.35,11.34,11.33,11.32,11.42,11.43,11.44,11.45,11.46,11.47,11.48,11.49,11.5,11.51,200,3000,100,700,9900,9600,32700,21200,28300,18800,700,3000,2500,16700,2500,6000,34300,57900,36800,4300
49.0,11.42,44900,511834.0,11.41,11.4,11.39,11.38,11.37,11.36,11.35,11.34,11.33,11.32,11.42,11.43,11.44,11.45,11.46,11.47,11.48,11.49,11.5,11.51,200,3000,100,700,9900,9600,32700,21200,28300,18800,600,3000,2500,16700,2500,6000,36300,57900,36800,4300
50.0,11.42,44900,511834.0,11.41,11.4,11.39,11.38,11.37,11.36,11.35,11.34,11.33,11.32,11.42,11.43,11.44,11.45,11.46,11.47,11.48,11.49,11.5,11.51,200,3000,100,700,9900,9600,32700,21200,28300,18800,600,3000,2500,16700,2500,6000,36300,57900,36800,4300
51.0,11.42,44900,511834.0,11.41,11.4,11.39,11.38,11.37,11.36,11.35,11.34,11.33,11.32,11.42,11.43,11.44,11.45,11.46,11.47,11.48,11.49,11.5,11.51,200,3000,100,700,10900,9600,32700,21200,28300,18800,600,3000,2500,16700,2500,6000,36300,57900,36800,4300
52.0,11.42,44900,511834.0,11.41,11.4,11.39,11.38,11.37,11.36,11.35,11.34,11.33,11.32,11.42,11.43,11.44,11.45,11.46,11.47,11.48,11.49,11.5,11.51,200,3000,100,700,10900,9600,32700,21200,28300,18800,600,3000,2500,16700,2500,6000,36300,57900,36800,4300
53.0,11.42,44900,511834.0,11.41,11.4,11.39,11.38,11.37,11.36,11.35,11.34,11.33,11.32,11.42,11.43,11.44,11.45,11.46,11.47,11.48,11.49,11.5,11.51,200,3000,100,700,10900,9600,32700,21200,28300,18800,600,3000,2500,16700,2500,6000,36300,57900,36800,4300
54.0,11.42,44900,511834.0,11.41,11.4,11.39,11.38,11.37,11.36,11.35,11.34,11.33,11.32,11.42,11.43,11.44,11.45,11.46,11.47,11.48,11.49,11.5,11.51,200,3000,100,700,10900,9600,32700,21200,28300,18800,600,3000,2500,16700,2500,6000,36300,57900,36800,4300
55.0,11.42,44900,511834.0,11.41,11.4,11.39,11.38,11.37,11.36,11.35,11.34,11.33,11.32,11.42,11.43,11.44,11.45,11.46,11.47,11.48,11.49,11.5,11.51,200,3000,100,700,10900,9600,32700,21200,27300,18800,600,3000,2500,16700,2500,6000,36300,57900,36800,4300
56.0,11.42,44900,511834.0,11.41,11.4,11.39,11.38,11.37,11.36,11.35,11.34,11.33,11.32,11.42,11.43,11.44,11.45,11.46,11.47,11.48,11.49,11.5,11.51,200,3000,100,700,10900,9600,32700,21200,27300,18800,600,3000,2500,16700,2500,6000,36300,57900,36800,4300
57.0,11.42,44900,511834.0,11.41,11.4,11.39,11.38,11.37,11.36,11.35,11.34,11.33,11.32,11.42,11.43,11.44,11.45,11.46,11.47,11.48,11.49,11.5,11.51,3200,3000,100,700,10900,9600,32700,21200,27300,18800,600,3000,2500,16700,2500,6000,36300,57900,36800,4300
58.0,11.42,44900,511834.0,11.41,11.4,11.39,11.38,11.37,11.36,11.35,11.34,11.33,11.32,11.42,11.43,11.44,11.45,11.46,11.47,11.48,11.49,11.5,11.51,3000,3000,100,700,10900,9600,32700,21200,27300,18800,600,3000,2500,16700,2500,6000,36300,57900,36800,4300
59.0,11.42,44900,511834.0,11.41,11.4,11.39,11.38,11.37,11.36,11.35,11.34,11.33,11.32,11.42,11.43,11.44,11.45,11.46,11.47,11.48,11.49,11.5,11.51,3000,3000,100,700,10900,9600,32700,21200,27300,18800,600,3000,2500,16700,2500,6000,36300,57900,36800,4300
60.0,11.42,44900,511834.0,11.41,11.4,11.39,11.38,11.37,11.36,11.35,11.34,11.33,11.32,11.42,11.43,11.44,11.45,11.46,11.47,11.48,11.49,11.5,11.51,3000,3000,100,700,10900,9600,32700,21200,27300,18800,600,3000,2500,16700,2500,6000,36300,57900,36800,4300
61.0,11.42,44900,511834.0,11.41,11.4,11.39,11.38,11.37,11.36,11.35,11.34,11.33,11.32,11.42,11.43,11.44,11.45,11.46,11.47,11.48,11.49,11.5,11.51,4300,3500,100,700,11400,10100,32700,21200,27300,18800,800,3000,3000,17200,3000,6000,36300,57900,36800,4300
62.0,11.42,45000,512976.0,11.41,11.4,11.39,11.38,11.37,11.36,11.35,11.34,11.33,11.32,11.42,11.43,11.44,11.45,11.46,11.47,11.48,11.49,11.5,11.51,4300,3500,100,700,11400,10100,32700,21200,27300,18800,1200,3000,7400,17200,3000,6000,36300,57900,36800,4300
63.0,11.42,45200,515260.0,11.41,11.4,11.39,11.38,11.37,11.36,11.35,11.34,11.33,11.32,11.42,11.43,11.44,11.45,11.46,11.47,11.48,11.49,11.5,11.51,4300,3500,100,700,11400,10100,32700,21200,27300,18800,1000,3000,7400,17200,3000,6000,36300,57900,36800,4300
64.0,11.42,45400,517544.0,11.41,11.4,11.39,11.38,11.37,11.36,11.35,11.34,11.33,11.32,11.42,11.43,11.44,11.45,11.46,11.47,11.48,11.49,11.5,11.51,4300,3500,100,700,11400,10100,32700,21200,27300,18800,800,3000,7400,17200,3000,6000,36300,57900,36800,4300
65.0,11.41,46000,524393.0,11.41,11.4,11.39,11.38,11.37,11.36,11.35,11.34,11.33,11.32,11.42,11.43,11.44,11.45,11.46,11.47,11.48,11.49,11.5,11.51,4000,3500,100,700,11400,10100,32700,21200,27300,18800,500,3000,7400,17200,3000,6000,36300,57900,36800,4300
66.0,11.42,46100,525535.0,11.41,11.4,11.38,11.37,11.36,11.35,11.34,11.33,11.32,11.31,11.42,11.43,11.44,11.45,11.46,11.47,11.48,11.49,11.5,11.51,4000,3500,700,11400,10100,32700,21200,27300,18800,41400,400,3000,7400,17200,3000,6000,36300,57900,36800,4300
67.0,11.42,46600,531245.0,11.42,11.41,11.4,11.38,11.37,11.36,11.35,11.34,11.33,11.32,11.43,11.44,11.45,11.46,11.47,11.48,11.49,11.5,11.51,11.52,1200,4000,3000,1200,11400,10100,32700,21200,27300,18800,3500,7400,17200,3000,6000,36300,57900,36800,4300,8100
68.0,11.42,47800,544952.0,11.42,11.41,11.4,11.38,11.37,11.36,11.35,11.34,11.33,11.32,11.43,11.44,11.45,11.46,11.47,11.48,11.49,11.5,11.51,11.52,300,4000,3000,1200,11400,10100,32700,21200,27300,18800,2700,7400,17200,3000,6000,36300,58900,36800,4300,8100
69.0,11.43,48000,547238.0,11.42,11.41,11.4,11.38,11.37,11.36,11.35,11.34,11.33,11.32,11.43,11.44,11.45,11.46,11.47,11.48,11.49,11.5,11.51,11.52,300,4000,3000,1200,11400,10100,32700,21200,27300,18800,2500,7400,17200,3000,6000,36300,58900,36800,4300,8100
70.0,11.43,48000,547238.0,11.42,11.41,11.4,11.38,11.37,11.36,11.35,11.34,11.33,11.32,11.43,11.44,11.45,11.46,11.47,11.48,11.49,11.5,11.51,11.52,300,4000,3000,1200,11400,10100,32700,21200,26300,18800,2500,7400,17200,3000,6000,36300,58900,36800,4300,8100
71.0,11.43,48000,547238.0,11.42,11.41,11.4,11.38,11.37,11.36,11.35,11.34,11.33,11.32,11.43,11.44,11.45,11.46,11.47,11.48,11.49,11.5,11.51,11.52,300,4000,3000,1200,11400,10100,32700,21200,26300,18800,2500,7400,17200,3000,6000,36300,58900,36800,4300,8100
72.0,11.43,48200,549524.0,11.42,11.41,11.4,11.38,11.37,11.36,11.35,11.34,11.33,11.32,11.43,11.44,11.45,11.46,11.47,11.48,11.49,11.5,11.51,11.52,300,4000,3000,1200,11400,10100,32700,21200,26300,18800,2300,7400,17200,3000,6000,36300,58900,36800,4300,8100
73.0,11.43,48200,549524.0,11.42,11.41,11.4,11.38,11.37,11.36,11.35,11.34,11.33,11.32,11.43,11.44,11.45,11.46,11.47,11.48,11.49,11.5,11.51,11.52,300,4000,3000,1200,11400,10100,32700,21200,26300,18800,2300,7400,17200,3000,6000,36300,58900,36800,4300,8100
74.0,11.43,48200,549524.0,11.42,11.41,11.4,11.38,11.37,11.36,11.35,11.34,11.33,11.32,11.43,11.44,11.45,11.46,11.47,11.48,11.49,11.5,11.51,11.52,300,4000,3000,1200,11400,10100,32700,21200,26300,18800,2300,7400,17200,3000,6000,36300,58900,36800,4300,8100
75.0,11.43,48400,551810.0,11.42,11.41,11.4,11.38,11.37,11.36,11.35,11.34,11.33,11.32,11.43,11.44,11.45,11.46,11.47,11.48,11.49,11.5,11.51,11.52,300,4000,3000,1200,11400,10100,32700,21200,26300,18800,2100,7400,17200,3000,6000,36300,58900,36800,4300,8100
76.0,11.43,48400,551810.0,11.42,11.41,11.4,11.38,11.37,11.36,11.35,11.34,11.33,11.32,11.43,11.44,11.45,11.46,11.47,11.48,11.49,11.5,11.51,11.52,300,4000,3000,1200,11900,10100,32700,21200,26300,18800,5100,7400,17200,3000,6000,36300,58900,36800,4300,8100
77.0,11.42,48700,555236.0,11.41,11.4,11.38,11.37,11.36,11.35,11.34,11.33,11.32,11.31,11.42,11.43,11.44,11.45,11.46,11.47,11.48,11.49,11.5,11.51,4000,3000,1200,11900,10100,32700,21200,26300,18800,41400,100,5100,7400,17200,3000,6000,36300,58900,36800,4300
78.0,11.41,50800,579197.0,11.41,11.4,11.38,11.37,11.36,11.35,11.34,11.33,11.32,11.31,11.42,11.43,11.44,11.45,11.46,11.47,11.48,11.49,11.5,11.51,1900,3000,1200,11900,10100,32700,21200,26300,18800,41400,100,5100,7400,17200,3000,6000,36300,58900,36800,4300
79.0,11.42,50900,580339.0,11.42,11.41,11.4,11.38,11.37,11.36,11.35,11.34,11.33,11.32,11.43,11.44,11.45,11.46,11.47,11.48,11.49,11.5,11.51,11.52,100,1900,3000,1200,11900,10100,32700,21200,26300,18800,5100,7400,17200,3000,6000,36300,58900,36800,4300,8100
80.0,11.42,51000,581481.0,11.41,11.4,11.38,11.37,11.36,11.35,11.34,11.33,11.32,11.31,11.42,11.43,11.44,11.45,11.46,11.47,11.48,11.49,11.5,11.51,1900,3000,1200,11900,10100,32700,21200,26300,18800,41400,1900,5100,7400,17200,3000,6000,36300,58900,36800,4300
81.0,11.42,51000,581481.0,11.41,11.4,11.38,11.37,11.36,11.35,11.34,11.33,11.32,11.31,11.42,11.43,11.44,11.45,11.46,11.47,11.48,11.49,11.5,11.51,1900,3000,2200,11900,10100,32700,21200,26300,18800,41400,1900,5100,7400,17200,3000,6000,36300,58900,36800,4300
82.0,11.42,51100,582623.0,11.41,11.4,11.38,11.37,11.36,11.35,11.34,11.33,11.32,11.31,11.42,11.43,11.44,11.45,11.46,11.47,11.48,11.49,11.5,11.51,1900,3000,2200,11900,9900,32700,21200,26300,18800,41400,1800,5100,7400,17200,3000,6000,36300,58900,36800,4300
83.0,11.42,51100,582623.0,11.41,11.4,11.38,11.37,11.36,11.35,11.34,11.33,11.32,11.31,11.42,11.43,11.44,11.45,11.46,11.47,11.48,11.49,11.5,11.51,1900,3000,2200,11900,9900,32700,21200,26300,18800,41400,1800,5100,7400,17200,3000,6000,36300,58900,36800,4300
84.0,11.42,51100,582623.0,11.41,11.4,11.38,11.37,11.36,11.35,11.34,11.33,11.32,11.31,11.42,11.43,11.44,11.45,11.46,11.47,11.48,11.49,11.5,11.51,1900,3000,2200,14400,9900,32700,21200,26300,18800,41400,1800,5100,7400,17200,3000,6000,36300,58900,36800,4300
85.0,11.42,51300,584907.0,11.41,11.4,11.38,11.37,11.36,11.35,11.34,11.33,11.32,11.31,11.42,11.43,11.44,11.45,11.46,11.47,11.48,11.49,11.5,11.51,1900,3000,2200,14400,9900,32700,21200,26300,18800,41400,1600,5100,7400,17200,3000,6000,36300,58900,36800,4300
86.0,11.42,51300,584907.0,11.41,11.4,11.38,11.37,11.36,11.35,11.34,11.33,11.32,11.31,11.42,11.43,11.44,11.45,11.46,11.47,11.48,11.49,11.5,11.51,1900,3000,2200,14400,9900,32700,21200,26300,18800,41400,1600,5100,7400,17200,3000,6000,36300,58900,36800,4300
87.0,11.42,51300,584907.0,11.41,11.4,11.38,11.37,11.36,11.35,11.34,11.33,11.32,11.31,11.42,11.43,11.44,11.45,11.46,11.47,11.48,11.49,11.5,11.51,1900,3000,2200,14400,9900,32700,21200,26300,18800,41400,1600,5100,7400,17200,3000,6000,36300,58900,36800,4300
88.0,11.41,51600,588331.0,11.41,11.4,11.38,11.37,11.36,11.35,11.34,11.33,11.32,11.31,11.42,11.43,11.44,11.45,11.46,11.47,11.48,11.49,11.5,11.51,1700,3000,2200,14400,9900,32700,21200,26300,18800,41400,1500,5100,7400,17200,3000,6000,36300,58900,36800,4300
89.0,11.41,53300,607728.0,11.4,11.38,11.37,11.36,11.35,11.34,11.33,11.32,11.31,11.3,11.41,11.42,11.43,11.44,11.45,11.46,11.47,11.48,11.49,11.5,3000,2200,14400,9900,32700,21200,26300,18800,41400,107500,3800,1500,5100,7400,17200,3000,6000,36300,58900,36800
90.0,11.41,53300,607728.0,11.4,11.38,11.37,11.36,11.35,11.34,11.33,11.32,11.31,11.3,11.41,11.42,11.43,11.44,11.45,11.46,11.47,11.48,11.49,11.5,3000,2200,14400,9900,32700,21200,26300,18800,41400,107500,3800,1500,5100,7400,17200,3000,6000,36300,58900,36800
91.0,11.41,53900,614574.0,11.4,11.38,11.37,11.36,11.35,11.34,11.33,11.32,11.31,11.3,11.41,11.42,11.43,11.44,11.45,11.46,11.47,11.48,11.49,11.5,3500,2200,14400,9900,32700,21200,26300,18800,41400,107500,3200,1500,5100,7400,17200,3000,6000,36300,58900,36800
92.0,11.41,54200,617997.0,11.4,11.38,11.37,11.36,11.35,11.34,11.33,11.32,11.31,11.3,11.41,11.42,11.43,11.44,11.45,11.46,11.47,11.48,11.49,11.5,3500,2200,14400,9900,32700,21200,26300,18800,41400,107500,2900,1500,5100,7400,17200,3000,6000,36300,58900,36800
93.0,11.41,54300,619138.0,11.4,11.38,11.37,11.36,11.35,11.34,11.33,11.32,11.31,11.3,11.41,11.42,11.43,11.44,11.45,11.46,11.47,11.48,11.49,11.5,3500,2200,14400,9900,32700,21200,26300,18800,41400,107500,2800,1500,5100,7400,17200,3000,6000,36300,58900,36800
94.0,11.41,54300,619138.0,11.4,11.38,11.37,11.36,11.35,11.34,11.33,11.32,11.31,11.3,11.41,11.42,11.43,11.44,11.45,11.46,11.47,11.48,11.49,11.5,3000,2200,14400,9900,32700,21200,26300,18800,41400,107500,3800,3800,5100,7400,17200,3000,6000,36300,58900,36800
95.0,11.41,55400,631689.0,11.4,11.38,11.37,11.36,11.35,11.34,11.33,11.32,11.31,11.3,11.41,11.42,11.43,11.44,11.45,11.46,11.47,11.48,11.49,11.5,3000,2200,14400,9900,33300,21200,26300,18800,41400,107500,2700,3800,5100,7400,17200,3000,6000,36300,58900,36800
96.0,11.41,55400,631689.0,11.4,11.38,11.37,11.36,11.35,11.34,11.33,11.32,11.31,11.3,11.41,11.42,11.43,11.44,11.45,11.46,11.47,11.48,11.49,11.5,3000,2200,14400,9900,33300,21200,26300,18800,41400,107500,2700,3800,5100,7400,17200,3000,6000,36300,58900,36800
97.0,11.41,55600,633971.0,11.4,11.38,11.37,11.36,11.35,11.34,11.33,11.32,11.31,11.3,11.41,11.42,11.43,11.44,11.45,11.46,11.47,11.48,11.49,11.5,3000,2200,14400,9900,33300,21200,26300,18800,41400,107500,2500,3800,5100,7400,17200,3000,6000,33100,58900,36800
98.0,11.41,55800,636253.0,11.4,11.38,11.37,11.36,11.35,11.34,11.33,11.32,11.31,11.3,11.41,11.42,11.43,11.44,11.45,11.46,11.47,11.48,11.49,11.5,3000,2200,14400,9900,33300,21200,26300,18800,41400,107500,12300,3800,5100,7400,17200,3000,6000,33100,58900,36800
99.0,11.41,55800,636253.0,11.4,11.38,11.37,11.36,11.35,11.34,11.33,11.32,11.31,11.3,11.41,11.42,11.43,11.44,11.45,11.46,11.47,11.48,11.49,11.5,3000,2200,14400,9900,33300,21200,26300,18800,42400,107500,12500,3800,5100,7400,17200,3000,6000,33100,58900,36800
100.0,11.41,57500,655650.0,11.4,11.38,11.37,11.36,11.35,11.34,11.33,11.32,11.31,11.3,11.41,11.42,11.43,11.44,11.45,11.46,11.47,11.48,11.49,11.5,3000,2200,14400,9900,33300,21200,26300,18800,42400,107500,10800,3800,5100,7400,17200,3000,6000,33100,58900,36800
101.0,11.41,57500,655650.0,11.4,11.38,11.37,11.36,11.35,11.34,11.33,11.32,11.31,11.3,11.41,11.42,11.43,11.44,11.45,11.46,11.47,11.48,11.49,11.5,3000,2200,13400,12400,33300,21200,26300,18800,42400,107500,13100,3800,5100,7400,17200,3000,6000,33100,58900,36800
102.0,11.41,57500,655650.0,11.4,11.38,11.37,11.36,11.35,11.34,11.33,11.32,11.31,11.3,11.41,11.42,11.43,11.44,11.45,11.46,11.47,11.48,11.49,11.5,3000,2200,13400,18800,33300,21200,26300,18800,42400,107500,13100,3800,5100,7400,17200,3000,6000,33100,58900,36800
103.0,11.41,57600,656791.0,11.4,11.38,11.37,11.36,11.35,11.34,11.33,11.32,11.31,11.3,11.41,11.42,11.43,11.44,11.45,11.46,11.47,11.48,11.49,11.5,3000,2200,13400,18800,33300,21200,26300,18800,42400,107500,13000,3800,5100,7400,17200,3000,6000,33100,58900,36800
104.0,11.41,58400,665919.0,11.4,11.38,11.37,11.36,11.35,11.34,11.33,11.32,11.31,11.3,11.41,11.42,11.43,11.44,11.45,11.46,11.47,11.48,11.49,11.5,3000,2200,13400,18800,33300,21200,26300,18800,42400,107500,12200,3800,5100,7400,17200,3000,6000,33100,58900,36800
105.0,11.41,58500,667060.0,11.4,11.38,11.37,11.36,11.35,11.34,11.33,11.32,11.31,11.3,11.41,11.42,11.43,11.44,11.45,11.46,11.47,11.48,11.49,11.5,3000,2200,13400,18800,33300,21200,26300,18800,42400,107500,12100,3800,5100,7400,17200,3000,6000,33100,58900,36800
106.0,11.39,68300,778773.0,11.4,11.39,11.38,11.37,11.36,11.35,11.34,11.33,11.32,11.31,11.41,11.42,11.43,11.44,11.45,11.46,11.47,11.48,11.49,11.5,500,4100,2200,13400,18300,33300,21200,26300,18800,42400,9300,3800,5100,7400,17200,3000,6000,33100,58900,36800
107.0,11.39,68300,778773.0,11.4,11.39,11.38,11.37,11.36,11.35,11.34,11.33,11.32,11.31,11.41,11.42,11.43,11.44,11.45,11.46,11.47,11.48,11.49,11.5,500,4100,2200,13400,18300,33300,21200,26300,18800,42400,9300,3800,5100,7400,17200,3000,6000,33100,58900,36800
108.0,11.39,68300,778773.0,11.4,11.39,11.38,11.37,11.36,11.35,11.34,11.33,11.32,11.31,11.41,11.42,11.43,11.44,11.45,11.46,11.47,11.48,11.49,11.5,500,4100,2200,10900,18300,33300,21200,26300,18800,42400,2500,3800,5100,7400,17200,3000,6000,33100,58900,36800
109.0,11.39,68300,778773.0,11.4,11.39,11.38,11.37,11.36,11.35,11.34,11.33,11.32,11.31,11.41,11.42,11.43,11.44,11.45,11.46,11.47,11.48,11.49,11.5,500,4100,2200,10900,18300,33300,21200,26300,18800,42400,2500,3800,5100,7400,17200,3000,6000,33100,58900,36800
110.0,11.4,69200,789035.0,11.39,11.38,11.37,11.36,11.35,11.34,11.33,11.32,11.31,11.3,11.4,11.41,11.42,11.43,11.44,11.45,11.46,11.47,11.48,11.49,4100,2200,10900,18300,33300,21200,26300,18800,42400,107500,9000,2300,3800,5100,7400,17200,3000,6000,33100,58900
111.0,11.4,70000,798155.0,11.39,11.38,11.37,11.36,11.35,11.34,11.33,11.32,11.31,11.3,11.4,11.41,11.42,11.43,11.44,11.45,11.46,11.47,11.48,11.49,4100,2200,10900,18300,33300,21200,26300,18800,42400,107500,8200,2300,3800,5100,7400,17200,3000,6000,33100,58900
112.0,11.4,72400,825515.0,11.39,11.38,11.37,11.36,11.35,11.34,11.33,11.32,11.31,11.3,11.4,11.41,11.42,11.43,11.44,11.45,11.46,11.47,11.48,11.49,4100,2200,10900,18300,33300,21200,26300,18800,42400,107500,5800,2300,3800,5100,7400,17200,3000,6000,33100,58900
113.0,11.4,73100,833495.0,11.39,11.38,11.37,11.36,11.35,11.34,11.33,11.32,11.31,11.3,11.4,11.41,11.42,11.43,11.44,11.45,11.46,11.47,11.48,11.49,4100,2200,10900,18300,34400,21200,26300,16300,42400,107500,5100,2300,3800,5100,7400,17200,3000,6000,33100,58900
114.0,11.4,73600,839195.0,11.39,11.38,11.37,11.36,11.35,11.34,11.33,11.32,11.31,11.3,11.4,11.41,11.42,11.43,11.44,11.45,11.46,11.47,11.48,11.49,4100,2200,10900,18300,34400,21200,26300,16300,42400,107500,4600,2300,3800,5100,7400,17200,3000,6000,33100,58900
115.0,11.4,73600,839195.0,11.39,11.38,11.37,11.36,11.35,11.34,11.33,11.32,11.31,11.3,11.4,11.41,11.42,11.43,11.44,11.45,11.46,11.47,11.48,11.49,4100,2200,10900,18300,34400,21200,26300,16300,42400,107500,4600,2300,3800,5100,7400,17200,3000,6000,33100,58900
116.0,11.4,73600,839195.0,11.39,11.38,11.37,11.36,11.35,11.34,11.33,11.32,11.31,11.3,11.4,11.41,11.42,11.43,11.44,11.45,11.46,11.47,11.48,11.49,4100,2200,10900,18300,34400,21200,26300,16300,42400,107500,4600,2300,3800,5100,7400,17200,3000,6000,33100,58900
117.0,11.4,73700,840335.0,11.39,11.38,11.37,11.36,11.35,11.34,11.33,11.32,11.31,11.3,11.4,11.41,11.42,11.43,11.44,11.45,11.46,11.47,11.48,11.49,4100,2200,10900,18300,34400,21200,26300,16300,42400,107500,4500,2300,1500,5100,7400,17200,3000,6000,33100,58900
118.0,11.39,76100,867675.0,11.39,11.38,11.37,11.36,11.35,11.34,11.33,11.32,11.31,11.3,11.4,11.41,11.42,11.43,11.44,11.45,11.46,11.47,11.48,11.49,2100,2200,10900,18300,34400,21200,26300,16300,42400,107500,4100,2300,1500,5100,7400,17200,3000,6000,33100,58900
119.0,11.39,76100,867675.0,11.39,11.38,11.37,11.36,11.35,11.34,11.33,11.32,11.31,11.3,11.4,11.41,11.42,11.43,11.44,11.45,11.46,11.47,11.48,11.49,2100,2200,10900,18300,34400,21200,26300,16300,42400,107500,8600,2300,1500,5100,7400,17200,3000,6000,33100,58900
120.0,11.39,76100,867675.0,11.39,11.38,11.37,11.36,11.35,11.34,11.33,11.32,11.31,11.3,11.4,11.41,11.42,11.43,11.44,11.45,11.46,11.47,11.48,11.49,1600,2200,10900,18800,34400,21200,26300,16300,42400,107500,18600,2300,1500,5100,7400,17200,3000,6000,33100,58900
121.0,11.4,76900,876795.0,11.39,11.38,11.37,11.36,11.35,11.34,11.33,11.32,11.31,11.3,11.4,11.41,11.42,11.43,11.44,11.45,11.46,11.47,11.48,11.49,1600,2200,10900,18800,34400,21200,26300,16300,42400,107500,17800,2300,1500,5100,7400,17200,3000,6000,33100,58900
122.0,11.4,78900,899595.0,11.39,11.38,11.37,11.36,11.35,11.34,11.33,11.32,11.31,11.3,11.4,11.41,11.42,11.43,11.44,11.45,11.46,11.47,11.48,11.49,1800,1700,10900,21300,34900,21200,26300,16300,42400,107500,15800,2300,1500,5100,7400,17200,3000,6000,33100,58900
123.0,11.4,80600,918975.0,11.39,11.38,11.37,11.36,11.35,11.34,11.33,11.32,11.31,11.3,11.4,11.41,11.42,11.43,11.44,11.45,11.46,11.47,11.48,11.49,1800,1700,10900,21300,34900,21200,26300,16300,42400,107500,14100,2300,1500,5100,7400,17200,3000,6000,33100,58900
124.0,11.4,80600,918975.0,11.39,11.38,11.37,11.36,11.35,11.34,11.33,11.32,11.31,11.3,11.4,11.41,11.42,11.43,11.44,11.45,11.46,11.47,11.48,11.49,2900,1700,10900,21300,34900,21200,26300,16300,42400,107500,14100,2300,1500,5100,7400,17200,3000,6000,33100,58900
125.0,11.4,81400,928095.0,11.39,11.38,11.37,11.36,11.35,11.34,11.33,11.32,11.31,11.3,11.4,11.41,11.42,11.43,11.44,11.45,11.46,11.47,11.48,11.49,4200,1700,10900,21300,34900,21200,26300,16300,42400,107500,13300,2300,1500,5100,7400,17200,3000,6000,33100,58900
126.0,11.4,81400,928095.0,11.39,11.38,11.37,11.36,11.35,11.34,11.33,11.32,11.31,11.3,11.4,11.41,11.42,11.43,11.44,11.45,11.46,11.47,11.48,11.49,4200,1700,10900,21300,34900,21200,26300,16300,42400,107500,13300,2300,1500,5100,7400,17200,3000,6000,33100,58900
127.0,11.4,81400,928095.0,11.39,11.38,11.37,11.36,11.35,11.34,11.33,11.32,11.31,11.3,11.4,11.41,11.42,11.43,11.44,11.45,11.46,11.47,11.48,11.49,4200,1700,10900,22100,34900,21200,26300,16300,42400,107500,13700,2300,1500,5100,7400,17200,3000,6000,33100,58900
128.0,11.38,92200,1051057.0,11.39,11.38,11.37,11.36,11.35,11.34,11.33,11.32,11.31,11.3,11.4,11.41,11.42,11.43,11.44,11.45,11.46,11.47,11.48,11.49,8200,4700,10900,22100,34900,21200,26300,16300,42700,107500,12900,2300,1500,5100,7400,17200,3000,6000,33100,58900
129.0,11.38,92200,1051057.0,11.39,11.38,11.37,11.36,11.35,11.34,11.33,11.32,11.31,11.3,11.4,11.42,11.43,11.44,11.45,11.46,11.47,11.48,11.49,11.5,8200,4700,10900,22100,34900,21200,26300,16300,42700,107500,12900,1500,5100,7400,17200,3000,6000,33100,58900,36800
130.0,11.38,92200,1051057.0,11.39,11.38,11.37,11.36,11.35,11.34,11.33,11.32,11.31,11.3,11.4,11.42,11.43,11.44,11.45,11.46,11.47,11.48,11.49,11.5,8200,4700,10900,22100,34900,21200,26300,16300,42700,107500,13100,1500,5100,7400,17200,3000,6000,33100,68900,36800
131.0,11.4,93000,1060177.0,11.39,11.38,11.37,11.36,11.35,11.34,11.33,11.32,11.31,11.3,11.4,11.42,11.43,11.44,11.45,11.46,11.47,11.48,11.49,11.5,8200,4700,10900,22100,34900,21200,26300,16300,42700,107500,12300,1500,5100,7400,17200,3000,6000,33100,68900,36800
132.0,11.4,95800,1092090.0,11.39,11.38,11.37,11.36,11.35,11.34,11.33,11.32,11.31,11.3,11.4,11.42,11.43,11.44,11.45,11.46,11.47,11.48,11.49,11.5,7500,4600,10900,22100,34900,21200,26300,16300,42700,107500,10200,1500,5100,7400,17200,3000,6000,33100,68900,36800
133.0,11.39,103300,1177515.0,11.38,11.37,11.36,11.35,11.34,11.33,11.32,11.31,11.3,11.29,11.39,11.4,11.42,11.43,11.44,11.45,11.46,11.47,11.48,11.49,4100,10900,22100,34900,21200,26300,16300,42700,107500,3900,3900,15200,1500,5100,7400,17200,3000,6000,33100,68900
134.0,11.39,103300,1177515.0,11.38,11.37,11.36,11.35,11.34,11.33,11.32,11.31,11.3,11.29,11.39,11.4,11.42,11.43,11.44,11.45,11.46,11.47,11.48,11.49,4100,10900,22100,34900,21200,26300,16300,42700,107500,3900,3900,16500,1500,5100,7400,17200,3000,6000,33100,68900
135.0,11.39,107700,1227631.0,11.38,11.37,11.36,11.35,11.34,11.33,11.32,11.31,11.3,11.29,11.39,11.4,11.42,11.43,11.44,11.45,11.46,11.47,11.48,11.49,4100,10900,22100,34900,21200,26300,16300,42700,107500,3900,600,16700,1500,5100,7400,17200,3000,6000,33100,68900
136.0,11.39,107700,1227631.0,11.38,11.37,11.36,11.35,11.34,11.33,11.32,11.31,11.3,11.29,11.39,11.4,11.42,11.43,11.44,11.45,11.46,11.47,11.48,11.49,4100,10900,22100,34900,21200,26300,16300,42700,107500,3900,600,16700,1500,5100,7400,17200,3000,6000,33100,68900
137.0,11.39,107700,1227631.0,11.38,11.37,11.36,11.35,11.34,11.33,11.32,11.31,11.3,11.29,11.39,11.4,11.42,11.43,11.44,11.45,11.46,11.47,11.48,11.49,4100,10900,22100,34900,21200,26300,16300,42700,107500,3900,800,16700,1500,5100,7400,17200,3000,6000,33100,68900
138.0,11.39,107700,1227631.0,11.38,11.37,11.36,11.35,11.34,11.33,11.32,11.31,11.3,11.29,11.39,11.4,11.42,11.43,11.44,11.45,11.46,11.47,11.48,11.49,4100,10400,22100,34900,21700,26300,16300,42700,107500,3900,800,16700,1500,5100,7400,17200,3000,6000,33100,68900
139.0,11.39,107800,1228770.0,11.38,11.37,11.36,11.35,11.34,11.33,11.32,11.31,11.3,11.29,11.39,11.4,11.42,11.43,11.44,11.45,11.46,11.47,11.48,11.49,4100,10400,22100,34900,21700,26300,16300,42700,107500,3900,700,16700,31000,5100,7400,17200,3000,6000,33100,68900
140.0,11.39,108000,1231048.0,11.38,11.37,11.36,11.35,11.34,11.33,11.32,11.31,11.3,11.29,11.39,11.4,11.42,11.43,11.44,11.45,11.46,11.47,11.48,11.49,4100,10400,22100,34900,21700,26300,16300,42700,107500,3900,500,7100,31000,5100,7400,17200,3000,6000,33100,68900
141.0,11.39,108000,1231048.0,11.38,11.37,11.36,11.35,11.34,11.33,11.32,11.31,11.3,11.29,11.39,11.4,11.42,11.43,11.44,11.45,11.46,11.47,11.48,11.49,4100,10400,21600,34900,21700,26800,16300,42700,107500,3900,500,7100,31000,5100,3000,17200,3000,6000,33100,68900
142.0,11.39,108000,1231048.0,11.38,11.37,11.36,11.35,11.34,11.33,11.32,11.31,11.3,11.29,11.39,11.4,11.42,11.43,11.44,11.45,11.46,11.47,11.48,11.49,4100,10400,21600,34900,21700,26800,16300,42700,107500,3900,1000,7100,31000,5100,3000,17200,3000,6000,33100,68900
143.0,11.39,108000,1231048.0,11.38,11.37,11.36,11.35,11.34,11.33,11.32,11.31,11.3,11.29,11.39,11.4,11.42,11.43,11.44,11.45,11.46,11.47,11.48,11.49,4100,10400,21600,34900,21700,26800,16300,42700,107500,3900,500,7100,31000,5100,3000,17200,3000,6000,33100,68900
144.0,11.39,108000,1231048.0,11.38,11.37,11.36,11.35,11.34,11.33,11.32,11.31,11.3,11.29,11.39,11.4,11.42,11.43,11.44,11.45,11.46,11.47,11.48,11.49,4100,10400,21600,34900,21700,26800,16300,42700,107500,3900,500,7100,31000,5100,3000,17200,3000,6000,33100,68900
145.0,11.39,108200,1233326.0,11.38,11.37,11.36,11.35,11.34,11.33,11.32,11.31,11.3,11.29,11.39,11.4,11.42,11.43,11.44,11.45,11.46,11.47,11.48,11.49,4100,10400,21600,34900,21700,26800,16300,42700,107500,3900,300,7100,31000,5100,3000,17200,3000,6000,33100,68900
146.0,11.39,108200,1233326.0,11.38,11.37,11.36,11.35,11.34,11.33,11.32,11.31,11.3,11.29,11.39,11.4,11.42,11.43,11.44,11.45,11.46,11.47,11.48,11.49,4100,10400,21600,34900,21700,26800,16300,42700,107500,3900,300,7100,31000,5100,3000,20600,3000,6000,33100,68900
147.0,11.38,108600,1237878.0,11.38,11.37,11.36,11.35,11.34,11.33,11.32,11.31,11.3,11.29,11.39,11.4,11.42,11.43,11.44,11.45,11.46,11.47,11.48,11.49,3700,10400,21600,34900,21700,26800,16300,42700,107500,3900,300,7100,31000,5100,3000,20600,3000,6000,33100,68900
148.0,11.38,112300,1279984.0,11.37,11.36,11.35,11.34,11.33,11.32,11.31,11.3,11.29,11.28,11.38,11.39,11.4,11.42,11.43,11.44,11.45,11.46,11.47,11.48,10400,21600,34900,21700,26800,16300,42700,107500,3900,55800,7800,300,7100,31000,5100,3000,20600,3000,6000,33100
149.0,11.38,112300,1279984.0,11.37,11.36,11.35,11.34,11.33,11.32,11.31,11.3,11.29,11.28,11.38,11.39,11.4,11.42,11.43,11.44,11.45,11.46,11.47,11.48,10400,21600,34900,21700,26800,16300,42700,107500,3900,55800,7800,300,7100,31000,5100,3000,20600,3000,6000,33100
150.0,11.38,112300,1279984.0,11.37,11.36,11.35,11.34,11.33,11.32,11.31,11.3,11.29,11.28,11.38,11.39,11.4,11.42,11.43,11.44,11.45,11.46,11.47,11.48,10400,21600,34900,21700,26800,16300,42700,107500,3900,55800,7800,5500,7600,31000,5100,3000,20600,3000,6000,33100
151.0,11.38,112300,1279984.0,11.37,11.36,11.35,11.34,11.33,11.32,11.31,11.3,11.29,11.28,11.38,11.39,11.4,11.42,11.43,11.44,11.45,11.46,11.47,11.48,10400,21600,34900,21700,26800,16300,42700,107500,3900,55800,7800,5500,7600,31000,5100,3000,20600,3000,6000,33100
152.0,11.37,118100,1345937.0,11.37,11.36,11.35,11.34,11.33,11.32,11.31,11.3,11.29,11.28,11.38,11.39,11.4,11.42,11.43,11.44,11.45,11.46,11.47,11.48,5300,21600,34900,21700,26800,16300,42700,107500,3900,55800,7100,5500,7600,31000,5100,3000,20600,3000,6000,33100
153.0,11.37,118100,1345937.0,11.37,11.36,11.35,11.34,11.33,11.32,11.31,11.3,11.29,11.28,11.38,11.39,11.4,11.42,11.43,11.44,11.45,11.46,11.47,11.48,5300,21600,34900,21700,26800,16300,42700,107500,3900,55800,7100,5500,7600,31000,5100,3000,20600,3000,6000,33100
154.0,11.38,119400,1360719.0,11.37,11.36,11.35,11.34,11.33,11.32,11.31,11.3,11.29,11.28,11.38,11.39,11.4,11.42,11.43,11.44,11.45,11.46,11.47,11.48,4100,21600,34900,21700,26800,16300,42700,107500,3900,55800,7000,5500,7600,31000,5100,3000,20600,3000,6000,33100
155.0,11.38,120800,1376651.0,11.37,11.36,11.35,11.34,11.33,11.32,11.31,11.3,11.29,11.28,11.38,11.39,11.4,11.42,11.43,11.44,11.45,11.46,11.47,11.48,4100,21600,34900,21700,26800,16300,42700,107500,3900,55800,5600,5500,2600,31000,5100,3000,20600,3000,6000,39400
156.0,11.38,121400,1383479.0,11.37,11.36,11.35,11.34,11.33,11.32,11.31,11.3,11.29,11.28,11.38,11.39,11.4,11.42,11.43,11.44,11.45,11.46,11.47,11.48,4100,19600,34900,21700,26800,16300,42700,107500,3900,55800,7300,5500,2600,31000,5100,3000,20600,3000,6000,39400
157.0,11.38,121400,1383479.0,11.37,11.36,11.35,11.34,11.33,11.32,11.31,11.3,11.29,11.28,11.38,11.39,11.4,11.42,11.43,11.44,11.45,11.46,11.47,11.48,4100,19600,34900,21700,26800,16300,42700,107500,3900,55800,7300,5500,2600,31000,5100,3000,20600,3000,6000,39400
158.0,11.38,123500,1407377.0,11.37,11.36,11.35,11.34,11.33,11.32,11.31,11.3,11.29,11.28,11.38,11.39,11.4,11.42,11.43,11.44,11.45,11.46,11.47,11.48,4100,19600,34900,21700,26800,16300,42700,107500,3900,55800,5200,5500,2600,31000,5100,3000,20600,3000,6000,39400
159.0,11.38,123500,1407377.0,11.37,11.36,11.35,11.34,11.33,11.32,11.31,11.3,11.29,11.28,11.38,11.39,11.4,11.42,11.43,11.44,11.45,11.46,11.47,11.48,4100,19600,34900,21700,26800,16300,42700,107500,3900,55800,5200,5500,2600,31000,5100,3000,20600,3000,6000,39400
160.0,11.37,124500,1418747.0,11.37,11.36,11.35,11.34,11.33,11.32,11.31,11.3,11.29,11.28,11.38,11.39,11.4,11.42,11.43,11.44,11.45,11.46,11.47,11.48,3100,19600,34400,21700,26800,16800,42700,107500,3900,55800,5200,5500,2600,31000,5100,3000,20600,3000,6000,39400
161.0,11.38,124600,1419885.0,11.37,11.36,11.35,11.34,11.33,11.32,11.31,11.3,11.29,11.28,11.38,11.39,11.4,11.42,11.43,11.44,11.45,11.46,11.47,11.48,3100,19600,34400,21700,26800,16800,42700,107500,3900,55800,3600,5500,2600,31000,5100,3000,20600,3000,6000,39400
162.0,11.38,124900,1423299.0,11.37,11.36,11.35,11.34,11.33,11.32,11.31,11.3,11.29,11.28,11.38,11.39,11.4,11.42,11.43,11.44,11.45,11.46,11.47,11.48,3100,19700,34400,21700,26800,16800,42700,107500,3900,55800,3300,5500,2600,31000,5100,3000,20600,3000,6000,39400
163.0,11.38,124900,1423299.0,11.37,11.36,11.35,11.34,11.33,11.32,11.31,11.3,11.29,11.28,11.38,11.39,11.4,11.42,11.43,11.44,11.45,11.46,11.47,11.48,3100,19700,34400,21700,26800,16800,42700,107500,3900,55800,3300,5500,2600,31000,5100,3000,20600,3000,6000,39400
164.0,11.38,124900,1423299.0,11.37,11.36,11.35,11.34,11.33,11.32,11.31,11.3,11.29,11.28,11.38,11.39,11.4,11.42,11.43,11.44,11.45,11.46,11.47,11.48,3100,18900,34400,21700,26800,16800,42700,107500,3900,55800,3300,5500,2600,31000,5100,3000,20600,3000,6000,39400
165.0,11.38,125200,1426713.0,11.37,11.36,11.35,11.34,11.33,11.32,11.31,11.3,11.29,11.28,11.38,11.39,11.4,11.42,11.43,11.44,11.45,11.46,11.47,11.48,3200,18900,34400,21700,26800,16800,42700,107500,3900,55800,3000,5500,2600,31000,5100,3000,20600,3000,6000,39400
166.0,11.38,125200,1426713.0,11.37,11.36,11.35,11.34,11.33,11.32,11.31,11.3,11.29,11.28,11.38,11.39,11.4,11.42,11.43,11.44,11.45,11.46,11.47,11.48,3200,18900,34400,21700,26800,16800,42700,107500,3900,55800,3000,5500,2600,31000,5100,3000,20600,3000,6000,39400
167.0,11.38,125200,1426713.0,11.37,11.36,11.35,11.34,11.33,11.32,11.31,11.3,11.29,11.28,11.38,11.39,11.4,11.42,11.43,11.44,11.45,11.46,11.47,11.48,3200,18900,34400,21700,26800,16800,42700,107500,3900,55800,3000,5500,2600,31000,5100,3000,20600,3000,6000,39400
168.0,11.38,125800,1433541.0,11.37,11.36,11.35,11.34,11.33,11.32,11.31,11.3,11.29,11.28,11.38,11.39,11.4,11.42,11.43,11.44,11.45,11.46,11.47,11.48,3200,18900,34400,21700,26800,16800,42700,107500,3900,55800,2300,5400,2600,31000,5100,3000,20600,3000,6000,39400
169.0,11.37,129100,1471062.0,11.37,11.36,11.35,11.34,11.33,11.32,11.31,11.3,11.29,11.28,11.38,11.39,11.4,11.42,11.43,11.44,11.45,11.46,11.47,11.48,100,18900,35300,21700,26800,16800,42700,107500,3900,55800,2300,5400,2600,31000,5100,3000,20600,3000,6000,39400
170.0,11.38,129500,1475614.0,11.37,11.36,11.35,11.34,11.33,11.32,11.31,11.3,11.29,11.28,11.38,11.39,11.4,11.42,11.43,11.44,11.45,11.46,11.47,11.48,100,18900,35300,21700,26800,16800,42700,107500,3900,55800,1900,5400,2600,31000,5100,3000,20600,3000,6000,39400
171.0,11.38,129600,1476752.0,11.37,11.36,11.35,11.34,11.33,11.32,11.31,11.3,11.29,11.28,11.38,11.39,11.4,11.42,11.43,11.44,11.45,11.46,11.47,11.48,100,18900,35300,21700,26800,16800,42700,107500,3900,55800,1800,5500,2600,31000,5100,3000,20600,3000,6000,39400
172.0,11.36,131100,1493793.0,11.36,11.35,11.34,11.33,11.32,11.31,11.3,11.29,11.28,11.27,11.38,11.39,11.4,11.42,11.43,11.44,11.45,11.46,11.47,11.48,17500,35300,21700,26800,16800,42700,107500,3900,55800,7700,1800,5500,2600,31000,5100,3000,20600,3000,6000,39400
173.0,11.36,136100,1550593.0,11.36,11.35,11.34,11.33,11.32,11.31,11.3,11.29,11.28,11.27,11.37,11.38,11.39,11.4,11.42,11.43,11.44,11.45,11.46,11.47,13900,35300,21200,26800,16800,43200,107500,3900,55800,7700,1000,6800,5500,2400,31000,5100,3000,20600,3000,6000
174.0,11.36,136100,1550593.0,11.36,11.35,11.34,11.33,11.32,11.31,11.3,11.29,11.28,11.27,11.37,11.38,11.39,11.4,11.42,11.43,11.44,11.45,11.46,11.47,13900,35300,21200,26800,16800,43200,107500,3900,55800,7700,1000,6800,5500,2400,31000,5100,3000,20600,3000,6000
175.0,11.37,137100,1561963.0,11.37,11.36,11.35,11.34,11.33,11.32,11.31,11.3,11.29,11.28,11.38,11.39,11.4,11.42,11.43,11.44,11.45,11.46,11.47,11.48,1100,13900,35300,21200,26800,16800,43200,107500,3900,55800,6800,5500,2400,31000,5100,3000,20600,3000,6000,39400
176.0,11.37,137100,1561963.0,11.37,11.36,11.35,11.34,11.33,11.32,11.31,11.3,11.29,11.28,11.38,11.39,11.4,11.42,11.43,11.44,11.45,11.46,11.47,11.48,1100,13900,35300,21200,26800,16800,43200,107500,3900,55800,6800,5500,2400,31000,5100,3000,20600,3000,6000,39400
177.0,11.37,137100,1561963.0,11.37,11.36,11.35,11.34,11.33,11.32,11.31,11.3,11.29,11.28,11.38,11.39,11.4,11.42,11.43,11.44,11.45,11.46,11.47,11.48,1100,13900,35600,21200,26800,16800,43200,107500,3900,55800,6800,5500,2400,31000,5100,3000,19300,3000,6000,39400
178.0,11.38,137700,1568791.0,11.37,11.36,11.35,11.34,11.33,11.32,11.31,11.3,11.29,11.28,11.38,11.39,11.4,11.42,11.43,11.44,11.45,11.46,11.47,11.48,1100,13900,35600,21200,26800,16800,43200,107500,3900,55800,6400,5500,2400,31000,5100,3000,19300,3000,6000,39400
179.0,11.38,137700,1568791.0,11.37,11.36,11.35,11.34,11.33,11.32,11.31,11.3,11.29,11.28,11.38,11.39,11.4,11.42,11.43,11.44,11.45,11.46,11.47,11.48,1100,18900,35600,21200,26800,16800,43200,107500,3900,56400,6800,5500,2400,31000,5100,3000,19300,3000,6000,39400
180.0,11.38,137700,1568791.0,11.37,11.36,11.35,11.34,11.33,11.32,11.31,11.3,11.29,11.28,11.38,11.39,11.4,11.42,11.43,11.44,11.45,11.46,11.47,11.48,1100,18900,35600,21200,26800,16800,43200,107500,3900,56400,6800,5500,2400,31000,5100,3000,19300,3000,6000,39400
181.0,11.38,139600,1590413.0,11.37,11.36,11.35,11.34,11.33,11.32,11.31,11.3,11.29,11.28,11.38,11.39,11.4,11.42,11.43,11.44,11.45,11.46,11.47,11.48,1100,18900,35600,21200,26800,17600,43200,107500,3900,56400,4900,5500,2400,31000,5100,3000,19300,3000,6000,39400
182.0,11.38,139700,1591551.0,11.37,11.36,11.35,11.34,11.33,11.32,11.31,11.3,11.29,11.28,11.38,11.39,11.4,11.42,11.43,11.44,11.45,11.46,11.47,11.48,1100,19900,35600,21200,26800,17600,43200,107500,3900,56400,4800,5500,2400,31000,5100,3000,19300,3000,6000,39400
183.0,11.37,141200,1608610.0,11.36,11.35,11.34,11.33,11.32,11.31,11.3,11.29,11.28,11.27,11.37,11.38,11.39,11.4,11.42,11.43,11.44,11.45,11.46,11.47,19900,35600,21200,26800,17600,43200,107500,3900,56400,7700,8200,4400,5500,2400,31000,5100,3000,19300,3000,6000
184.0,11.37,142000,1617706.0,11.36,11.35,11.34,11.33,11.32,11.31,11.3,11.29,11.28,11.27,11.37,11.38,11.39,11.4,11.42,11.43,11.44,11.45,11.46,11.47,19900,35600,21200,26800,17600,43200,107500,3900,56400,7700,8700,4400,5500,2400,31000,5100,3000,19300,3000,6000
185.0,11.37,143600,1635898.0,11.36,11.35,11.34,11.33,11.32,11.31,11.3,11.29,11.28,11.27,11.37,11.38,11.39,11.4,11.42,11.43,11.44,11.45,11.46,11.47,19900,35600,21200,26800,17600,43200,108000,3900,56400,7700,7100,4700,5500,2400,31000,5100,3000,19300,3000,6000
186.0,11.37,143600,1635898.0,11.36,11.35,11.34,11.33,11.32,11.31,11.3,11.29,11.28,11.27,11.37,11.38,11.39,11.4,11.42,11.43,11.44,11.45,11.46,11.47,19900,35600,21200,26800,17600,43200,108000,3900,56400,7700,7100,4700,5500,2400,31000,5100,3000,19300,3000,6000
187.0,11.37,144300,1643857.0,11.36,11.35,11.34,11.33,11.32,11.31,11.3,11.29,11.28,11.27,11.37,11.38,11.39,11.4,11.42,11.43,11.44,11.45,11.46,11.47,19900,35600,21200,26800,17600,43200,108000,3900,56400,7700,6400,4700,5500,2400,31000,5100,3000,19300,3000,6000
188.0,11.36,148200,1688161.0,11.36,11.35,11.34,11.33,11.32,11.31,11.3,11.29,11.28,11.27,11.37,11.38,11.39,11.4,11.42,11.43,11.44,11.45,11.46,11.47,16000,35600,21200,26300,17600,43200,108500,3900,56400,7700,6400,4700,5500,2400,31000,5100,3000,19300,3000,6000
189.0,11.36,148200,1688161.0,11.36,11.35,11.34,11.33,11.32,11.31,11.3,11.29,11.28,11.27,11.37,11.38,11.39,11.4,11.42,11.43,11.44,11.45,11.46,11.47,17700,35000,21200,26300,17600,43200,108500,3900,56400,7700,6400,4700,5500,2400,31000,5100,3000,19300,3000,6000
190.0,11.37,149400,1701805.0,11.36,11.35,11.34,11.33,11.32,11.31,11.3,11.29,11.28,11.27,11.37,11.38,11.39,11.4,11.42,11.43,11.44,11.45,11.46,11.47,17700,35000,21200,26300,17600,43200,108500,3900,56400,7700,5200,4700,5500,2400,31000,5100,3000,19300,3000,6000
191.0,11.36,152100,1732477.0,11.36,11.35,11.34,11.33,11.32,11.31,11.3,11.29,11.28,11.27,11.37,11.38,11.39,11.4,11.42,11.43,11.44,11.45,11.46,11.47,15000,35000,21200,26300,17600,43200,108500,3900,56400,7700,5200,4700,5500,2000,31000,5100,3000,19300,3000,6000
192.0,11.36,152300,1734749.0,11.36,11.35,11.34,11.33,11.32,11.31,11.3,11.29,11.28,11.27,11.37,11.38,11.39,11.4,11.42,11.43,11.44,11.45,11.46,11.47,14800,35000,21200,26300,17600,43200,108500,3900,56400,7700,1300,4700,5500,2000,31000,5100,3000,19300,3000,6000
193.0,11.37,153600,1749530.0,11.37,11.36,11.35,11.34,11.33,11.32,11.31,11.3,11.29,11.28,11.38,11.39,11.4,11.42,11.43,11.44,11.45,11.46,11.47,11.48,20000,14800,35000,21200,26300,17600,43200,108500,3900,56400,4700,5500,2000,31000,5100,3000,19300,3000,6000,39400
194.0,11.37,153600,1749530.0,11.37,11.36,11.35,11.34,11.33,11.32,11.31,11.3,11.29,11.28,11.38,11.39,11.4,11.42,11.43,11.44,11.45,11.46,11.47,11.48,20000,14800,35000,21200,26300,17600,43200,108500,3900,56400,4700,5500,2000,31000,5100,3000,19300,3000,6000,39400
195.0,11.37,154000,1754078.0,11.37,11.36,11.35,11.34,11.33,11.32,11.31,11.3,11.29,11.28,11.38,11.39,11.4,11.42,11.43,11.44,11.45,11.46,11.47,11.48,19600,14800,35000,21200,26300,17600,43200,108500,3900,56400,4300,5500,2000,31000,5100,3000,19300,3000,6000,39400
196.0,11.37,174000,1981482.0,11.36,11.35,11.34,11.33,11.32,11.31,11.3,11.29,11.28,11.27,11.38,11.39,11.4,11.42,11.43,11.44,11.45,11.46,11.47,11.48,14800,35000,21200,26300,17600,43200,108500,3900,56400,7700,10200,5500,2000,31000,5100,3000,19300,3000,6000,39400
197.0,11.36,175900,2003066.0,11.36,11.35,11.34,11.33,11.32,11.31,11.3,11.29,11.28,11.27,11.37,11.38,11.39,11.4,11.42,11.43,11.44,11.45,11.46,11.47,12900,35000,21200,26300,17600,43200,108500,3900,56400,7700,2900,9600,5500,2000,31000,5100,3000,19300,3000,6000
198.0,11.37,178800,2036039.0,11.37,11.36,11.35,11.34,11.33,11.32,11.31,11.3,11.29,11.28,11.38,11.39,11.4,11.42,11.43,11.44,11.45,11.46,11.47,11.48,4100,12900,35000,21200,26300,17600,43200,108500,3900,56400,9600,5500,2000,31000,5100,3000,19300,3000,6000,39400
199.0,11.37,178800,2036039.0,11.37,11.36,11.35,11.34,11.33,11.32,11.31,11.3,11.29,11.28,11.38,11.39,11.4,11.42,11.43,11.44,11.45,11.46,11.47,11.48,4100,12900,35000,21200,26300,17600,43200,108500,3900,56400,9600,5500,2000,31000,5100,3000,19300,3000,6000,39400
200.0,11.37,180800,2058787.0,11.37,11.36,11.35,11.34,11.33,11.32,11.31,11.3,11.29,11.28,11.38,11.39,11.4,11.42,11.43,11.44,11.45,11.46,11.47,11.48,2900,13400,35000,21200,26300,17600,43200,108500,3900,56400,8800,5500,2000,31000,5100,3000,19300,3000,6000,39400
201.0,11.37,180800,2058787.0,11.37,11.36,11.35,11.34,11.33,11.32,11.31,11.3,11.29,11.28,11.38,11.39,11.4,11.42,11.43,11.44,11.45,11.46,11.47,11.48,2900,13400,34400,21200,26300,17600,43200,108500,3900,56400,8900,5500,2000,31000,5100,3000,19300,3000,6000,39400
202.0,11.37,180800,2058787.0,11.37,11.36,11.35,11.34,11.33,11.32,11.31,11.3,11.29,11.28,11.38,11.39,11.4,11.42,11.43,11.44,11.45,11.46,11.47,11.48,2900,13400,34400,21200,26300,17600,43200,108500,3900,56400,8900,5500,2000,31000,5100,3000,19300,3000,6000,39400
203.0,11.38,181600,2067891.0,11.37,11.36,11.35,11.34,11.33,11.32,11.31,11.3,11.29,11.28,11.38,11.39,11.4,11.42,11.43,11.44,11.45,11.46,11.47,11.48,2900,13900,34400,21200,26300,17600,43200,108500,3900,56400,8100,5500,2000,31000,5100,3000,19300,3000,6000,39400
204.0,11.38,183600,2090651.0,11.37,11.36,11.35,11.34,11.33,11.32,11.31,11.3,11.29,11.28,11.38,11.39,11.4,11.42,11.43,11.44,11.45,11.46,11.47,11.48,2900,13900,34400,21200,26300,17600,43200,108500,3900,56400,6100,5500,2000,31000,5100,3000,19300,3000,6000,39400
205.0,11.38,184200,2097479.0,11.37,11.36,11.35,11.34,11.33,11.32,11.31,11.3,11.29,11.28,11.38,11.39,11.4,11.42,11.43,11.44,11.45,11.46,11.47,11.48,2900,13900,34400,21200,26300,17600,43200,108500,3900,56400,7600,5500,2000,31000,5100,3000,19300,3000,6000,39400
206.0,11.38,184900,2105445.0,11.37,11.36,11.35,11.34,11.33,11.32,11.31,11.3,11.29,11.28,11.38,11.39,11.4,11.42,11.43,11.44,11.45,11.46,11.47,11.48,2900,13900,34400,21200,26300,17600,43200,108500,3900,56400,6900,5500,2000,31000,5100,3000,19300,3000,6000,39400
207.0,11.37,187800,2138418.0,11.36,11.35,11.34,11.33,11.32,11.31,11.3,11.29,11.28,11.27,11.37,11.38,11.39,11.4,11.42,11.43,11.44,11.45,11.46,11.47,13900,34400,21200,26300,17600,43200,108500,3900,56400,7700,300,6800,5500,2000,31000,5100,3000,19300,3000,6000
208.0,11.37,187800,2138418.0,11.36,11.35,11.34,11.33,11.32,11.31,11.3,11.29,11.28,11.27,11.37,11.38,11.39,11.4,11.42,11.43,11.44,11.45,11.46,11.47,13900,34400,21200,26300,17600,43200,108500,3900,56400,7700,8000,6800,5500,2000,31000,5100,3000,19300,3000,6000
209.0,11.37,188400,2145240.0,11.36,11.35,11.34,11.33,11.32,11.31,11.3,11.29,11.28,11.27,11.37,11.38,11.39,11.4,11.42,11.43,11.44,11.45,11.46,11.47,14900,34400,21200,26300,17600,43200,108500,3900,56400,7700,7400,6800,5500,2000,31000,5100,3000,19300,3000,6000
210.0,11.37,189100,2153199.0,11.36,11.35,11.34,11.33,11.32,11.31,11.3,11.29,11.28,11.27,11.37,11.38,11.39,11.4,11.42,11.43,11.44,11.45,11.46,11.47,14900,34400,21200,26300,18600,43200,108500,3900,56400,7700,6700,6800,5500,2000,31000,5100,3000,19300,3000,6000
211.0,11.37,189100,2153199.0,11.36,11.35,11.34,11.33,11.32,11.31,11.3,11.29,11.28,11.27,11.37,11.38,11.39,11.4,11.42,11.43,11.44,11.45,11.46,11.47,14900,35400,21200,26300,18600,43200,108500,3900,56400,7700,6700,6800,5500,2000,31000,5100,3000,19300,3000,6000
212.0,11.37,189700,2160021.0,11.36,11.35,11.34,11.33,11.32,11.31,11.3,11.29,11.28,11.27,11.37,11.38,11.39,11.4,11.42,11.43,11.44,11.45,11.46,11.47,14900,35400,21200,26300,18600,43200,108500,3900,56400,7700,6100,6800,5500,2000,41000,5100,3000,19300,3000,6000
213.0,11.37,190300,2166843.0,11.36,11.35,11.34,11.33,11.32,11.31,11.3,11.29,11.28,11.27,11.37,11.38,11.39,11.4,11.42,11.43,11.44,11.45,11.46,11.47,14900,35400,21200,26300,18600,43200,108500,3900,56400,7700,5500,6800,5500,2000,41000,5100,3000,19300,3000,6000
214.0,11.37,190600,2170254.0,11.36,11.35,11.34,11.33,11.32,11.31,11.3,11.29,11.28,11.27,11.37,11.38,11.39,11.4,11.42,11.43,11.44,11.45,11.46,11.47,16400,35400,21200,26300,18600,43200,108500,3900,56400,7700,5200,6800,5500,2000,41000,5100,3000,19300,3000,6000
215.0,11.37,190900,2173665.0,11.36,11.35,11.34,11.33,11.32,11.31,11.3,11.29,11.28,11.27,11.37,11.38,11.39,11.4,11.42,11.43,11.44,11.45,11.46,11.47,16400,35400,21200,26300,18600,43200,108900,3900,56400,7700,4900,6800,5500,2000,41000,5100,3000,19300,3000,6000
216.0,11.37,191800,2183898.0,11.36,11.35,11.34,11.33,11.32,11.31,11.3,11.29,11.28,11.27,11.37,11.38,11.39,11.4,11.42,11.43,11.44,11.45,11.46,11.47,16700,35400,21200,26300,18600,43200,108900,3900,56400,7700,4000,6800,5500,2000,41000,5100,3000,19300,3000,6000
217.0,11.37,192200,2188446.0,11.36,11.35,11.34,11.33,11.32,11.31,11.3,11.29,11.28,11.27,11.37,11.38,11.39,11.4,11.42,11.43,11.44,11.45,11.46,11.47,16700,35400,21200,26300,18600,43200,106300,3900,56400,7700,3600,6800,5500,2000,41000,5100,3000,19300,3000,6000
218.0,11.37,192900,2196405.0,11.36,11.35,11.34,11.33,11.32,11.31,11.3,11.29,11.28,11.27,11.37,11.38,11.39,11.4,11.42,11.43,11.44,11.45,11.46,11.47,16700,35400,21200,26300,18600,43200,106300,3900,56400,7700,2900,4700,5500,2000,41000,5100,3000,19300,3000,6000
219.0,11.36,193200,2199813.0,11.36,11.35,11.34,11.33,11.32,11.31,11.3,11.29,11.28,11.27,11.37,11.38,11.39,11.4,11.42,11.43,11.44,11.45,11.46,11.47,16700,35400,21200,26300,18600,43200,106300,3900,56400,7700,2900,4700,5500,2000,41000,5100,3000,19300,3000,6000
220.0,11.37,193600,2204361.0,11.36,11.35,11.34,11.33,11.32,11.31,11.3,11.29,11.28,11.27,11.37,11.38,11.39,11.4,11.42,11.43,11.44,11.45,11.46,11.47,16700,35400,21200,26300,18600,43200,106300,3900,56400,7700,2500,4700,5500,2000,41000,5100,3000,19300,3000,6000
221.0,11.37,193700,2205498.0,11.36,11.35,11.34,11.33,11.32,11.31,11.3,11.29,11.28,11.27,11.37,11.39,11.4,11.42,11.43,11.44,11.45,11.46,11.47,11.48,16700,35400,21200,26300,20600,43200,106300,3900,56400,7700,2700,5500,2000,41000,5100,3000,19300,3000,6000,39400
222.0,11.37,196400,2236197.0,11.37,11.36,11.35,11.34,11.33,11.32,11.31,11.3,11.29,11.28,11.39,11.4,11.42,11.43,11.44,11.45,11.46,11.47,11.48,11.49,2100,16700,35400,21200,26300,20600,43200,106300,3900,56400,5500,2000,41000,5100,3000,19300,3000,6000,39400,68900
223.0,11.39,197000,2243031.0,11.37,11.36,11.35,11.34,11.33,11.32,11.31,11.3,11.29,11.28,11.39,11.4,11.42,11.43,11.44,11.45,11.46,11.47,11.48,11.49,2600,16700,35400,21200,26300,20600,43200,106300,3900,56400,5400,2000,41000,5100,3000,19300,3000,6000,39400,68900
224.0,11.37,199600,2272593.0,11.36,11.35,11.34,11.33,11.32,11.31,11.3,11.29,11.28,11.27,11.37,11.39,11.4,11.42,11.43,11.44,11.45,11.46,11.47,11.48,16700,35400,21200,26300,20600,43200,106300,3900,56400,7700,1400,5700,2000,41000,5100,3000,19300,3000,6000,39400
225.0,11.37,200000,2277141.0,11.36,11.35,11.34,11.33,11.32,11.31,11.3,11.29,11.28,11.27,11.37,11.39,11.4,11.42,11.43,11.44,11.45,11.46,11.47,11.48,17200,35400,21200,26300,20600,43200,106300,3900,56400,7700,1000,5700,2000,41000,5100,3000,19300,3000,6000,39400
226.0,11.37,200100,2278278.0,11.36,11.35,11.34,11.33,11.32,11.31,11.3,11.29,11.28,11.27,11.37,11.39,11.4,11.42,11.43,11.44,11.45,11.46,11.47,11.48,17200,35400,21200,26300,22600,43200,106300,3900,56400,7700,900,5700,2000,41000,5100,3000,19300,3000,6000,39400
227.0,11.37,200100,2278278.0,11.36,11.35,11.34,11.33,11.32,11.31,11.3,11.29,11.28,11.27,11.37,11.39,11.4,11.42,11.43,11.44,11.45,11.46,11.47,11.48,17200,35400,21200,26300,22600,43200,106300,3900,56400,7700,900,5700,2000,41000,5100,3000,19300,3000,6000,39400
228.0,11.36,202200,2302135.0,11.36,11.35,11.34,11.33,11.32,11.31,11.3,11.29,11.28,11.27,11.37,11.39,11.4,11.42,11.43,11.44,11.45,11.46,11.47,11.48,20200,34300,21200,26300,22600,43200,106300,3900,56400,7700,800,5700,2000,41000,5100,3000,19300,3000,6000,39400
229.0,11.36,202200,2302135.0,11.36,11.35,11.34,11.33,11.32,11.31,11.3,11.29,11.28,11.27,11.37,11.39,11.4,11.42,11.43,11.44,11.45,11.46,11.47,11.48,20200,34300,21200,26300,22600,43200,106300,3900,56400,7700,1800,5700,2000,41000,5100,3000,19300,3000,6000,39400
230.0,11.37,202300,2303272.0,11.36,11.35,11.34,11.33,11.32,11.31,11.3,11.29,11.28,11.27,11.37,11.39,11.4,11.42,11.43,11.44,11.45,11.46,11.47,11.48,20200,34300,21200,26300,22600,43200,106300,3900,56400,7700,1700,5700,2000,41000,5100,3000,19300,3000,6000,39400
231.0,11.37,202300,2303272.0,11.36,11.35,11.34,11.33,11.32,11.31,11.3,11.29,11.28,11.27,11.37,11.39,11.4,11.42,11.43,11.44,11.45,11.46,11.47,11.48,20200,34500,21200,26300,22600,43200,106300,3900,56400,7700,1700,5700,2000,41000,5100,3000,19300,3000,6000,39400
232.0,11.37,202300,2303272.0,11.36,11.35,11.34,11.33,11.32,11.31,11.3,11.29,11.28,11.27,11.37,11.39,11.4,11.42,11.43,11.44,11.45,11.46,11.47,11.48,20200,34500,21200,26300,22600,43200,106300,3900,56400,7700,2100,5700,2000,41000,5100,3000,19300,3000,6000,39400
233.0,11.37,202500,2305546.0,11.36,11.35,11.34,11.33,11.32,11.31,11.3,11.29,11.28,11.27,11.37,11.39,11.4,11.42,11.43,11.44,11.45,11.46,11.47,11.48,20200,34500,21200,26300,22600,43200,106300,3900,56400,7700,1900,5700,2000,41000,5100,3000,19300,3000,6000,39400
234.0,11.37,202500,2305546.0,11.36,11.35,11.34,11.33,11.32,11.31,11.3,11.29,11.28,11.27,11.37,11.39,11.4,11.42,11.43,11.44,11.45,11.46,11.47,11.48,20400,34500,21200,26300,22600,43200,106300,3900,56400,7700,1900,5700,2000,41000,5100,3000,19300,3000,6000,39400
235.0,11.37,202600,2306683.0,11.36,11.35,11.34,11.33,11.32,11.31,11.3,11.29,11.28,11.27,11.37,11.39,11.4,11.42,11.43,11.44,11.45,11.46,11.47,11.48,20400,34500,21200,26300,22600,43200,106300,3900,56400,7700,1800,5700,2000,41000,5100,3000,19300,3000,6000,39400
236.0,11.37,202600,2306683.0,11.36,11.35,11.34,11.33,11.32,11.31,11.3,11.29,11.28,11.27,11.37,11.39,11.4,11.42,11.43,11.44,11.45,11.46,11.47,11.48,20400,34500,21200,26300,22600,43200,106300,3900,56400,7700,1800,5700,2000,41000,5100,3000,19300,3000,6000,39400
237.0,11.37,202700,2307820.0,11.36,11.35,11.34,11.33,11.32,11.31,11.3,11.29,11.28,11.27,11.37,11.39,11.4,11.42,11.43,11.44,11.45,11.46,11.47,11.48,20400,35800,21200,26300,22600,43200,106400,3900,56400,7700,1700,5700,2000,39500,5100,3000,19300,3000,6000,39400
238.0,11.37,202700,2307820.0,11.36,11.35,11.34,11.33,11.32,11.31,11.3,11.29,11.28,11.27,11.37,11.39,11.4,11.42,11.43,11.44,11.45,11.46,11.47,11.48,20400,35800,21200,26300,23700,43200,106400,3900,56400,7700,1700,5700,2000,39500,5100,3000,19300,3000,6000,39400
239.0,11.37,203000,2311231.0,11.36,11.35,11.34,11.33,11.32,11.31,11.3,11.29,11.28,11.27,11.37,11.39,11.4,11.42,11.43,11.44,11.45,11.46,11.47,11.48,20400,35800,21200,26800,23700,43200,106400,3900,56400,7700,1400,5700,2000,39500,5100,3000,19300,3000,6000,39400
240.0,11.37,203100,2312368.0,11.36,11.35,11.34,11.33,11.32,11.31,11.3,11.29,11.28,11.27,11.37,11.39,11.4,11.42,11.43,11.44,11.45,11.46,11.47,11.48,20400,35800,21200,26800,23700,43200,106400,3900,56400,7700,1300,5700,2000,39500,5100,3000,19300,3000,6000,39400
241.0,11.37,203100,2312368.0,11.36,11.35,11.34,11.33,11.32,11.31,11.3,11.29,11.28,11.27,11.37,11.39,11.4,11.42,11.43,11.44,11.45,11.46,11.47,11.48,20400,35800,21200,26800,23700,43200,106400,3900,56400,7700,1300,5700,2000,39500,5100,3000,19300,3000,6000,39400
242.0,11.37,203200,2313505.0,11.36,11.35,11.34,11.33,11.32,11.31,11.3,11.29,11.28,11.27,11.37,11.39,11.4,11.42,11.43,11.44,11.45,11.46,11.47,11.48,20400,35800,21200,26800,23700,43200,106400,3900,56400,7700,1200,5700,2000,39500,5100,3000,19300,3000,6000,39400
243.0,11.37,203300,2314642.0,11.36,11.35,11.34,11.33,11.32,11.31,11.3,11.29,11.28,11.27,11.37,11.39,11.4,11.42,11.43,11.44,11.45,11.46,11.47,11.48,20900,35800,21200,26800,23700,43200,106400,3900,56400,7700,1100,6700,2000,39500,5100,3000,19300,3000,6000,39400
244.0,11.37,203300,2314642.0,11.36,11.35,11.34,11.33,11.32,11.31,11.3,11.29,11.28,11.27,11.37,11.39,11.4,11.42,11.43,11.44,11.45,11.46,11.47,11.48,20900,35800,21200,26800,23700,43200,106400,3900,56400,7700,1100,6700,2000,39500,5100,3000,19300,3000,6000,39400
245.0,11.37,203300,2314642.0,11.36,11.35,11.34,11.33,11.32,11.31,11.3,11.29,11.28,11.27,11.37,11.39,11.4,11.42,11.43,11.44,11.45,11.46,11.47,11.48,20900,35800,21200,26800,23700,43200,106400,3900,56400,7700,1100,6700,2000,39500,5100,3000,19300,3000,6000,39400
246.0,11.36,223400,2542979.0,11.36,11.35,11.34,11.33,11.32,11.31,11.3,11.29,11.28,11.27,11.37,11.39,11.4,11.42,11.43,11.44,11.45,11.46,11.47,11.48,900,35800,21200,26800,23700,43200,106400,3900,56400,7700,1200,6700,2000,39500,5100,3000,19300,3000,6000,39400
247.0,11.36,223400,2542979.0,11.36,11.35,11.34,11.33,11.32,11.31,11.3,11.29,11.28,11.27,11.37,11.39,11.4,11.42,11.43,11.44,11.45,11.46,11.47,11.48,1100,35800,21200,26800,23700,43200,106400,3900,56400,7700,1200,6700,2000,39500,5100,3000,19300,3000,6000,39400
248.0,11.36,223800,2547523.0,11.36,11.35,11.34,11.33,11.32,11.31,11.3,11.29,11.28,11.27,11.37,11.39,11.4,11.42,11.43,11.44,11.45,11.46,11.47,11.48,700,35800,21200,26800,23700,43200,106400,3900,56400,7700,1200,6700,2000,39500,5100,3000,19300,3000,6000,39400
249.0,11.37,223900,2548660.0,11.36,11.35,11.34,11.33,11.32,11.31,11.3,11.29,11.28,11.27,11.37,11.39,11.4,11.42,11.43,11.44,11.45,11.46,11.47,11.48,900,35800,21200,26800,23700,43200,106400,3900,56400,7700,1100,6700,2000,39500,5100,3000,19300,3000,6000,39400
250.0,11.37,224000,2549797.0,11.36,11.35,11.34,11.33,11.32,11.31,11.3,11.29,11.28,11.27,11.37,11.39,11.4,11.42,11.43,11.44,11.45,11.46,11.47,11.48,900,35800,21200,26800,23700,43200,106400,3900,56400,7700,1000,6700,2000,39500,5100,3000,19300,3000,6000,39400
251.0,11.36,237000,2697496.0,11.36,11.35,11.34,11.33,11.32,11.31,11.3,11.29,11.28,11.27,11.39,11.4,11.42,11.43,11.44,11.45,11.46,11.47,11.48,11.49,109800,35800,21200,26800,23700,43200,108400,3900,56400,7700,6700,2000,39500,5100,3000,19300,3000,6000,39400,68900
252.0,11.36,242900,2764520.0,11.36,11.35,11.34,11.33,11.32,11.31,11.3,11.29,11.28,11.27,11.39,11.4,11.42,11.43,11.44,11.45,11.46,11.47,11.48,11.49,103900,35800,21200,26800,23700,44200,108400,3900,56400,7700,6700,2000,39500,5100,3000,19300,3000,6000,39400,68900
253.0,11.39,243500,2771354.0,11.36,11.35,11.34,11.33,11.32,11.31,11.3,11.29,11.28,11.27,11.39,11.4,11.42,11.43,11.44,11.45,11.46,11.47,11.48,11.49,105700,35800,21200,26800,23700,44200,108400,3900,56400,7700,7900,2000,39500,5100,3000,19300,3000,6000,39400,68900
254.0,11.39,243500,2771354.0,11.36,11.35,11.34,11.33,11.32,11.31,11.3,11.29,11.28,11.27,11.37,11.39,11.4,11.42,11.43,11.44,11.45,11.46,11.47,11.48,106200,35800,21200,26800,23700,44200,108400,3900,56400,7700,100,8400,2000,39500,5100,3000,19300,3000,6000,39400
255.0,11.39,243500,2771354.0,11.36,11.35,11.34,11.33,11.32,11.31,11.3,11.29,11.28,11.27,11.37,11.39,11.4,11.42,11.43,11.44,11.45,11.46,11.47,11.48,106200,35800,21200,26800,23700,44200,111900,3900,56400,7700,600,8400,2000,39500,5100,3000,19300,3000,6000,39400
256.0,11.39,243500,2771354.0,11.36,11.35,11.34,11.33,11.32,11.31,11.3,11.29,11.28,11.27,11.37,11.39,11.4,11.42,11.43,11.44,11.45,11.46,11.47,11.48,106200,35800,21200,26800,23700,44200,111900,3900,56400,7700,600,8400,2000,39500,5100,3000,19300,3000,6000,39400
257.0,11.39,243500,2771354.0,11.36,11.35,11.34,11.33,11.32,11.31,11.3,11.29,11.28,11.27,11.37,11.39,11.4,11.42,11.43,11.44,11.45,11.46,11.47,11.48,106200,35800,21200,26800,23700,44200,111900,3900,56400,7700,600,8400,2000,39500,5100,3000,19300,3000,6000,39400
258.0,11.39,243500,2771354.0,11.36,11.35,11.34,11.33,11.32,11.31,11.3,11.29,11.28,11.27,11.37,11.39,11.4,11.42,11.43,11.44,11.45,11.46,11.47,11.48,106200,35800,21200,26800,23700,46200,111900,3900,56400,7700,600,4200,2000,39500,5100,3000,19300,3000,6000,39400
259.0,11.37,244100,2778176.0,11.36,11.35,11.34,11.33,11.32,11.31,11.3,11.29,11.28,11.27,11.39,11.4,11.41,11.42,11.43,11.44,11.45,11.46,11.47,11.48,106200,35800,21200,26800,23700,46200,111900,3900,56400,7700,4200,2000,3000,39500,5100,3000,19300,3000,6000,39400
260.0,11.37,244100,2778176.0,11.37,11.36,11.35,11.34,11.33,11.32,11.31,11.3,11.29,11.28,11.39,11.4,11.41,11.42,11.43,11.44,11.45,11.46,11.47,11.48,600,107900,35800,21200,26800,23700,46200,111900,3900,56400,5900,2000,3000,39500,5100,3000,19300,3000,6000,39400
261.0,11.37,244400,2781587.0,11.37,11.36,11.35,11.34,11.33,11.32,11.31,11.3,11.29,11.28,11.39,11.4,11.41,11.42,11.43,11.44,11.45,11.46,11.47,11.48,700,107900,35800,21200,26800,23700,46200,111900,3900,56400,6300,2000,3000,39500,5100,3000,19300,3000,6000,39400
262.0,11.39,246200,2802089.0,11.37,11.36,11.35,11.34,11.33,11.32,11.31,11.3,11.29,11.28,11.39,11.4,11.41,11.42,11.43,11.44,11.45,11.46,11.47,11.48,1500,107900,35800,21200,26800,23700,46200,111900,3900,56400,5800,2000,3000,39500,5100,3000,19300,3000,6000,39400
263.0,11.39,246700,2807784.0,11.37,11.36,11.35,11.34,11.33,11.32,11.31,11.3,11.29,11.28,11.39,11.4,11.41,11.42,11.43,11.44,11.45,11.46,11.47,11.48,4400,108800,35800,21200,26800,23700,46200,111900,3900,56400,5700,2000,3000,39500,5100,3000,19300,3000,6000,39400
264.0,11.39,246700,2807784.0,11.37,11.36,11.35,11.34,11.33,11.32,11.31,11.3,11.29,11.28,11.39,11.4,11.41,11.42,11.43,11.44,11.45,11.46,11.47,11.48,5200,108900,35800,21200,26800,23700,46200,111900,3900,57300,6500,2000,3000,39500,5100,3000,19300,3000,6000,39400
265.0,11.39,247300,2814618.0,11.37,11.36,11.35,11.34,11.33,11.32,11.31,11.3,11.29,11.28,11.39,11.4,11.41,11.42,11.43,11.44,11.45,11.46,11.47,11.48,5700,108900,36800,21200,26800,23700,46200,111900,3900,57300,6400,2000,3000,39500,5100,3000,19300,3000,6000,39400
266.0,11.39,247300,2814618.0,11.37,11.36,11.35,11.34,11.33,11.32,11.31,11.3,11.29,11.28,11.39,11.4,11.41,11.42,11.43,11.44,11.45,11.46,11.47,11.48,7100,108900,36800,21200,26800,23700,46200,111900,3900,57300,7600,2000,3000,39500,5100,3000,19300,3000,6000,39400
267.0,11.39,247300,2814618.0,11.37,11.36,11.35,11.34,11.33,11.32,11.31,11.3,11.29,11.28,11.39,11.4,11.41,11.42,11.43,11.44,11.45,11.46,11.47,11.48,8300,108900,36800,21200,26800,23700,46200,111900,3900,57300,8000,2000,3000,39500,5100,3000,19300,3000,6000,39400
268.0,11.37,249300,2837382.0,11.37,11.36,11.35,11.34,11.33,11.32,11.31,11.3,11.29,11.28,11.39,11.4,11.41,11.42,11.43,11.44,11.45,11.46,11.47,11.48,7900,108900,36800,21200,26800,23700,46200,111900,3900,57300,7200,2000,3000,39500,5100,3000,19300,3000,6000,39400
269.0,11.37,249300,2837382.0,11.37,11.36,11.35,11.34,11.33,11.32,11.31,11.3,11.29,11.28,11.39,11.4,11.41,11.42,11.43,11.44,11.45,11.46,11.47,11.48,8400,108900,36800,21200,26800,23700,46200,111900,3900,57300,7900,2000,3000,39500,5100,3000,19300,3000,6000,39400
270.0,11.39,250000,2845355.0,11.37,11.36,11.35,11.34,11.33,11.32,11.31,11.3,11.29,11.28,11.39,11.4,11.41,11.42,11.43,11.44,11.45,11.46,11.47,11.48,8900,109900,36800,21200,26800,23700,46200,111900,3900,57300,7200,2000,3000,39500,5100,3000,19300,3000,6000,39400
271.0,11.39,250700,2853328.0,11.37,11.36,11.35,11.34,11.33,11.32,11.31,11.3,11.29,11.28,11.39,11.4,11.41,11.42,11.43,11.44,11.45,11.46,11.47,11.48,9200,109900,36800,21200,26800,23700,46200,111900,3900,57300,6800,2000,3000,39500,5100,3000,19300,3000,6000,39400
272.0,11.39,250700,2853328.0,11.37,11.36,11.35,11.34,11.33,11.32,11.31,11.3,11.29,11.28,11.39,11.4,11.41,11.42,11.43,11.44,11.45,11.46,11.47,11.48,9600,109900,36800,21200,26800,23700,46200,111900,3900,57300,7200,2000,3000,39500,5100,3000,19300,3000,6000,39400
273.0,11.39,250700,2853328.0,11.37,11.36,11.35,11.34,11.33,11.32,11.31,11.3,11.29,11.28,11.39,11.4,11.41,11.42,11.43,11.44,11.45,11.46,11.47,11.48,11000,109900,35800,21200,26800,23700,46200,111900,3900,57300,7500,2000,3000,39500,5100,3000,19300,3000,6000,39400
274.0,11.39,252200,2870413.0,11.37,11.36,11.35,11.34,11.33,11.32,11.31,11.3,11.29,11.28,11.39,11.4,11.41,11.42,11.43,11.44,11.45,11.46,11.47,11.48,11400,109900,35800,21200,26800,23700,46200,111900,3900,57300,6400,2000,3000,39500,5100,3000,19300,3000,6000,39400
275.0,11.39,252800,2877247.0,11.37,11.36,11.35,11.34,11.33,11.32,11.31,11.3,11.29,11.28,11.39,11.4,11.41,11.42,11.43,11.44,11.45,11.46,11.47,11.48,16500,109900,35800,21200,26800,23700,46200,111900,3900,57300,6100,2000,3000,39500,5100,3000,19300,3000,6000,39400
276.0,11.39,252800,2877247.0,11.37,11.36,11.35,11.34,11.33,11.32,11.31,11.3,11.29,11.28,11.39,11.4,11.41,11.42,11.43,11.44,11.45,11.46,11.47,11.48,17300,109900,35800,21200,26800,23700,46200,111900,3900,57300,6100,2000,3000,39500,5100,3000,19300,3000,6000,39400
277.0,11.37,254100,2892028.0,11.37,11.36,11.35,11.34,11.33,11.32,11.31,11.3,11.29,11.28,11.39,11.4,11.41,11.42,11.43,11.44,11.45,11.46,11.47,11.48,16400,109900,35800,21200,26800,23700,46200,111900,3900,57300,6500,2000,3000,39500,5100,3000,19300,3000,6000,39400
278.0,11.37,262600,2988697.0,11.37,11.36,11.35,11.34,11.33,11.32,11.31,11.3,11.29,11.28,11.38,11.39,11.4,11.41,11.42,11.43,11.44,11.45,11.46,11.47,11400,109900,35800,21200,26800,23200,46200,111900,3900,57800,3400,5600,2000,3000,39500,5100,3000,19300,3000,6000
279.0,11.37,262600,2988697.0,11.37,11.36,11.35,11.34,11.33,11.32,11.31,11.3,11.29,11.28,11.38,11.39,11.4,11.41,11.42,11.43,11.44,11.45,11.46,11.47,11600,109900,35800,20700,26800,23200,46200,111900,3900,57800,3400,5600,2000,3000,39500,5100,3000,19300,3000,6000
280.0,11.37,265500,3021677.0,11.37,11.36,11.35,11.34,11.33,11.32,11.31,11.3,11.29,11.28,11.38,11.39,11.4,11.41,11.42,11.43,11.44,11.45,11.46,11.47,11400,109900,35800,20700,26800,23200,46200,111900,3900,57800,2700,5600,2000,3000,39500,5100,3000,19300,3000,6000
281.0,11.38,265700,3023953.0,11.37,11.36,11.35,11.34,11.33,11.32,11.31,11.3,11.29,11.28,11.38,11.39,11.4,11.41,11.42,11.43,11.44,11.45,11.46,11.47,11400,109900,35900,20700,26800,23200,46200,111900,3900,57800,3300,5600,2000,3000,39500,5100,3000,19300,3000,6000
282.0,11.38,265700,3023953.0,11.37,11.36,11.35,11.34,11.33,11.32,11.31,11.3,11.29,11.28,11.38,11.39,11.4,11.41,11.42,11.43,11.44,11.45,11.46,11.47,11400,109900,35900,20700,26800,26900,46200,111900,3900,57800,3300,5600,2000,3000,39500,5100,3000,19300,3000,6000
283.0,11.38,265700,3023953.0,11.37,11.36,11.35,11.34,11.33,11.32,11.31,11.3,11.29,11.28,11.38,11.39,11.4,11.41,11.42,11.43,11.44,11.45,11.46,11.47,11400,111200,35900,20700,26800,26900,46200,111900,3900,57800,3300,5600,2000,3000,39500,5100,3000,19300,3000,6000
284.0,11.38,265700,3023953.0,11.37,11.36,11.35,11.34,11.33,11.32,11.31,11.3,11.29,11.28,11.38,11.39,11.4,11.41,11.42,11.43,11.44,11.45,11.46,11.47,11400,111200,35900,20700,26800,26900,46200,111900,3900,57800,3300,5600,2000,4000,39500,5100,3000,19300,3000,6000
285.0,11.37,273900,3117199.0,11.37,11.36,11.35,11.34,11.33,11.32,11.31,11.3,11.29,11.28,11.38,11.39,11.4,11.41,11.42,11.43,11.44,11.45,11.46,11.47,4400,110200,35900,20700,26800,26900,46200,111900,3900,57800,2100,5600,2000,4000,39500,5100,3000,19300,3000,6000
286.0,11.37,273900,3117199.0,11.37,11.36,11.35,11.34,11.33,11.32,11.31,11.3,11.29,11.28,11.38,11.39,11.4,11.41,11.42,11.43,11.44,11.45,11.46,11.47,4400,110200,35900,20700,26800,26900,46200,111900,3900,57800,2100,5600,2000,4000,39500,5100,3000,19300,3000,6000
287.0,11.37,273900,3117199.0,11.37,11.36,11.35,11.34,11.33,11.32,11.31,11.3,11.29,11.28,11.38,11.39,11.4,11.41,11.42,11.43,11.44,11.45,11.46,11.47,4400,110200,35900,20700,26800,26900,46200,111900,3900,57800,2100,5600,2000,4000,39500,5100,3000,19300,3000,6000
288.0,11.38,274100,3119475.0,11.37,11.36,11.35,11.34,11.33,11.32,11.31,11.3,11.29,11.28,11.38,11.39,11.4,11.41,11.42,11.43,11.44,11.45,11.46,11.47,4400,110200,35900,20700,26800,26900,46200,111900,3900,57800,1900,5600,2000,4000,39500,5100,3000,19300,3000,6000
289.0,11.38,274300,3121751.0,11.37,11.36,11.35,11.34,11.33,11.32,11.31,11.3,11.29,11.28,11.38,11.39,11.4,11.41,11.42,11.43,11.44,11.45,11.46,11.47,4400,110200,35900,20700,26800,26900,46200,111900,3900,57800,1700,5600,2000,4000,39500,5100,3000,19300,3000,6000
290.0,11.38,274300,3121751.0,11.37,11.36,11.35,11.34,11.33,11.32,11.31,11.3,11.29,11.28,11.38,11.39,11.4,11.41,11.42,11.43,11.44,11.45,11.46,11.47,4400,110200,35900,20700,26800,26900,46200,111900,3900,57800,1700,5600,2000,4000,39500,5100,3000,19300,3000,6000
291.0,11.37,274700,3126300.0,11.37,11.36,11.35,11.34,11.33,11.32,11.31,11.3,11.29,11.28,11.38,11.39,11.4,11.41,11.42,11.43,11.44,11.45,11.46,11.47,4100,110200,35900,20700,26800,26900,46200,111900,3900,57800,1600,5600,2000,4000,39500,5100,3000,19300,3000,6000
292.0,11.38,274800,3127438.0,11.37,11.36,11.35,11.34,11.33,11.32,11.31,11.3,11.29,11.28,11.38,11.39,11.4,11.41,11.42,11.43,11.44,11.45,11.46,11.47,4600,110200,35900,20700,26800,26900,46200,111900,3900,57800,1500,5600,2000,4000,39500,5100,3000,19300,3000,6000
293.0,11.37,278000,3163822.0,11.37,11.36,11.35,11.34,11.33,11.32,11.31,11.3,11.29,11.28,11.39,11.4,11.41,11.42,11.43,11.44,11.45,11.46,11.47,11.48,2400,110200,35900,20700,26800,26900,46200,111900,3900,57800,5600,2000,4000,39500,5100,3000,19300,3000,6000,39400
294.0,11.37,278000,3163822.0,11.37,11.36,11.35,11.34,11.33,11.32,11.31,11.3,11.29,11.28,11.39,11.4,11.41,11.42,11.43,11.44,11.45,11.46,11.47,11.48,2400,110300,35900,22700,26800,26900,46200,111900,3900,57800,5600,2000,4000,39500,5100,3000,19300,3000,6000,39400
295.0,11.39,278500,3169517.0,11.37,11.36,11.35,11.34,11.33,11.32,11.31,11.3,11.29,11.28,11.39,11.4,11.41,11.42,11.43,11.44,11.45,11.46,11.47,11.48,2900,110300,35900,22700,26800,26900,46200,111900,3900,57800,5600,2000,4000,39500,5100,3000,19300,3000,6000,39400
296.0,11.39,278500,3169517.0,11.37,11.36,11.35,11.34,11.33,11.32,11.31,11.3,11.29,11.28,11.39,11.4,11.41,11.42,11.43,11.44,11.45,11.46,11.47,11.48,4300,110400,35900,22700,26800,26900,46200,111900,3900,57800,6000,2000,4000,39500,5100,3000,19300,3000,6000,39400
297.0,11.39,279700,3183185.0,11.37,11.36,11.35,11.34,11.33,11.32,11.31,11.3,11.29,11.28,11.39,11.4,11.41,11.42,11.43,11.44,11.45,11.46,11.47,11.48,4300,110400,35900,22700,37800,26900,46200,111900,3900,57800,4800,2000,4000,39500,5100,3000,19300,3000,6000,39400
298.0,11.39,280100,3187741.0,11.37,11.36,11.35,11.34,11.33,11.32,11.31,11.3,11.29,11.28,11.39,11.4,11.41,11.42,11.43,11.44,11.45,11.46,11.47,11.48,4700,110400,35900,22700,37800,26900,46200,111900,3900,57800,4800,2000,4000,39500,5100,3000,19300,3000,6000,39400
299.0,11.39,280100,3187741.0,11.37,11.36,11.35,11.34,11.33,11.32,11.31,11.3,11.29,11.28,11.39,11.4,11.41,11.42,11.43,11.44,11.45,11.46,11.47,11.48,5200,110400,35900,22700,37800,26900,46200,111900,3900,57800,4800,2000,4000,39500,5100,3000,19300,3000,6000,39400
300.0,11.39,280500,3192297.0,11.37,11.36,11.35,11.34,11.33,11.32,11.31,11.3,11.29,11.28,11.39,11.4,11.41,11.42,11.43,11.44,11.45,11.46,11.47,11.48,5200,110400,35900,22700,37800,26900,46200,111900,3900,57800,4400,2000,4000,39500,5100,3000,19300,3000,6000,39400
301.0,11.37,281400,3202530.0,11.37,11.36,11.35,11.34,11.33,11.32,11.31,11.3,11.29,11.28,11.39,11.4,11.41,11.42,11.43,11.44,11.45,11.46,11.47,11.48,4700,110400,36900,22700,37800,26900,46200,111900,3900,57800,4800,2000,4000,39500,5100,3000,19300,3000,6000,39400
302.0,11.39,281800,3207086.0,11.37,11.36,11.35,11.34,11.33,11.32,11.31,11.3,11.29,11.28,11.39,11.4,11.41,11.42,11.43,11.44,11.45,11.46,11.47,11.48,4700,110400,36900,22700,37800,26900,46200,111900,3900,57800,4400,2000,4000,39500,5100,3000,19300,3000,6000,39400
303.0,11.39,281800,3207086.0,11.37,11.36,11.35,11.34,11.33,11.32,11.31,11.3,11.29,11.28,11.39,11.4,11.41,11.42,11.43,11.44,11.45,11.46,11.47,11.48,5000,110400,36900,22700,37800,26900,46200,111900,3900,57800,4700,2000,4000,39500,5100,3000,19300,3000,6000,39400
304.0,11.39,281800,3207086.0,11.37,11.36,11.35,11.34,11.33,11.32,11.31,11.3,11.29,11.28,11.39,11.4,11.41,11.42,11.43,11.44,11.45,11.46,11.47,11.48,5000,110400,36900,22700,37800,26900,46200,111900,3900,57800,4700,2000,4000,39500,5100,3000,19300,3000,6000,39400
305.0,11.37,283600,3227560.0,11.37,11.36,11.35,11.34,11.33,11.32,11.31,11.3,11.29,11.28,11.39,11.4,11.41,11.42,11.43,11.44,11.45,11.46,11.47,11.48,3600,110400,36900,22700,37800,26900,46200,111900,3900,57800,4300,2000,4000,39500,5100,3000,19300,3000,6000,39400
306.0,11.37,283600,3227560.0,11.37,11.36,11.35,11.34,11.33,11.32,11.31,11.3,11.29,11.28,11.39,11.4,11.41,11.42,11.43,11.44,11.45,11.46,11.47,11.48,4000,110400,36900,22700,37800,26900,46200,111900,3900,57800,4700,2000,4000,39500,5100,3000,19300,3000,6000,39400
307.0,11.39,284000,3232116.0,11.37,11.36,11.35,11.34,11.33,11.32,11.31,11.3,11.29,11.28,11.39,11.4,11.41,11.42,11.43,11.44,11.45,11.46,11.47,11.48,4000,110400,36900,22700,37800,26900,46200,111900,3900,57800,4300,2000,4000,39500,5100,3000,19300,3000,6000,39400
308.0,11.39,284000,3232116.0,11.37,11.36,11.35,11.34,11.33,11.32,11.31,11.3,11.29,11.28,11.39,11.4,11.41,11.42,11.43,11.44,11.45,11.46,11.47,11.48,4400,110400,36900,22700,37800,26900,46200,111900,3900,57800,4700,2000,4000,39500,5100,3000,19300,3000,6000,39400
309.0,11.37,298200,3393512.0,11.36,11.35,11.34,11.33,11.32,11.31,11.3,11.29,11.28,11.27,11.37,11.39,11.4,11.41,11.42,11.43,11.44,11.45,11.46,11.47,102000,36900,22700,37800,26900,45700,111900,3900,57800,8200,600,3400,2000,4000,39500,5100,3000,19300,3000,6000
310.0,11.36,370100,4210296.0,11.36,11.35,11.34,11.33,11.32,11.31,11.3,11.29,11.28,11.27,11.37,11.39,11.4,11.41,11.42,11.43,11.44,11.45,11.46,11.47,30100,36900,22700,37800,26900,45700,111900,3900,57800,8200,400,3400,2000,4000,39500,5100,3000,19300,3000,6000
311.0,11.35,400300,4553367.0,11.35,11.34,11.33,11.32,11.31,11.3,11.29,11.28,11.27,11.26,11.36,11.37,11.39,11.4,11.41,11.42,11.43,11.44,11.45,11.46,36800,22700,37800,26900,45700,111900,3900,57800,8200,45400,500,100,3400,2000,4000,39500,5100,2500,18800,2500
312.0,11.36,400500,4555639.0,11.35,11.34,11.33,11.32,11.31,11.3,11.29,11.28,11.27,11.26,11.36,11.37,11.39,11.4,11.41,11.42,11.43,11.44,11.45,11.46,36800,22700,37800,26900,45700,111900,3900,57800,8200,45400,1700,100,3400,2000,4000,39500,5100,2500,18800,2500
313.0,11.35,417700,4750859.0,11.35,11.34,11.33,11.32,11.31,11.3,11.29,11.28,11.27,11.26,11.36,11.37,11.39,11.4,11.41,11.42,11.43,11.44,11.45,11.46,19600,22700,37800,26900,45700,111900,3900,57800,8200,45400,1700,1100,3400,2000,4000,39500,5100,2500,18800,2500
314.0,11.35,420400,4781505.0,11.35,11.34,11.33,11.32,11.31,11.3,11.29,11.28,11.27,11.26,11.36,11.37,11.39,11.4,11.41,11.42,11.43,11.44,11.45,11.46,17000,22700,37800,26900,45700,111900,3900,57800,8200,45400,1600,1100,3400,2000,4000,39500,5100,2500,18800,2500
315.0,11.35,421500,4793990.0,11.35,11.34,11.33,11.32,11.31,11.3,11.29,11.28,11.27,11.26,11.36,11.37,11.39,11.4,11.41,11.42,11.43,11.44,11.45,11.46,15900,22700,37800,26900,45700,111900,3900,57800,8200,45400,1600,1100,3400,2000,4000,39500,5100,2500,18800,2500
316.0,11.36,421600,4795126.0,11.35,11.34,11.33,11.32,11.31,11.3,11.29,11.28,11.27,11.26,11.36,11.37,11.39,11.4,11.41,11.42,11.43,11.44,11.45,11.46,15900,22700,37800,26900,45700,111900,3900,57800,8200,45400,1900,1100,3400,2000,4000,39500,5100,2500,18800,2500
317.0,11.35,422100,4800804.0,11.35,11.34,11.33,11.32,11.31,11.3,11.29,11.28,11.27,11.26,11.36,11.37,11.39,11.4,11.41,11.42,11.43,11.44,11.45,11.46,15700,22700,37800,27900,45700,111900,3900,57800,8200,45400,1600,1100,3400,2000,4000,39500,5100,2500,18800,2500
318.0,11.35,422100,4800804.0,11.35,11.34,11.33,11.32,11.31,11.3,11.29,11.28,11.27,11.26,11.36,11.37,11.39,11.4,11.41,11.42,11.43,11.44,11.45,11.46,15700,22700,37800,27900,45700,111900,3900,57800,8200,45400,1100,1100,3400,2000,4000,39500,5100,2500,18800,2500
319.0,11.36,422200,4801940.0,11.35,11.34,11.33,11.32,11.31,11.3,11.29,11.28,11.27,11.26,11.36,11.37,11.39,11.4,11.41,11.42,11.43,11.44,11.45,11.46,15700,22700,37800,27900,45700,111900,3900,57800,8200,45400,1000,1100,3400,2000,4000,39500,5100,2500,18800,2500
320.0,11.36,422400,4804212.0,11.35,11.34,11.33,11.32,11.31,11.3,11.29,11.28,11.27,11.26,11.36,11.37,11.39,11.4,11.41,11.42,11.43,11.44,11.45,11.46,16000,22700,37800,27900,45700,111900,3900,57800,8200,45400,800,1100,3400,2000,4000,39500,5100,2500,18800,2500
321.0,11.35,422600,4806482.0,11.35,11.34,11.33,11.32,11.31,11.3,11.29,11.28,11.27,11.26,11.36,11.37,11.39,11.4,11.41,11.42,11.43,11.44,11.45,11.46,15800,22700,37800,27900,45700,111900,3900,57800,8200,45400,800,1100,3400,2000,4000,39500,5100,2500,18800,2500
322.0,11.35,422600,4806482.0,11.35,11.34,11.33,11.32,11.31,11.3,11.29,11.28,11.27,11.26,11.36,11.37,11.39,11.4,11.41,11.42,11.43,11.44,11.45,11.46,15800,22700,37800,27900,45700,111900,3900,57800,8200,45400,800,1100,3400,2400,4000,39500,5100,3000,18800,2500
323.0,11.35,422600,4806482.0,11.35,11.34,11.33,11.32,11.31,11.3,11.29,11.28,11.27,11.26,11.36,11.37,11.39,11.4,11.41,11.42,11.43,11.44,11.45,11.46,14800,22700,37800,27900,45700,111900,3900,57800,8200,45400,800,1100,3400,2400,4000,39500,5100,3000,18800,2500
324.0,11.35,422600,4806482.0,11.35,11.34,11.33,11.32,11.31,11.3,11.29,11.28,11.27,11.26,11.36,11.37,11.39,11.4,11.41,11.42,11.43,11.44,11.45,11.46,14800,22700,37800,27900,45700,111900,3900,57800,8200,45400,800,1100,3400,2400,4000,39500,5100,3000,18800,2500
325.0,11.35,422600,4806482.0,11.35,11.34,11.33,11.32,11.31,11.3,11.29,11.28,11.27,11.26,11.36,11.37,11.39,11.4,11.41,11.42,11.43,11.44,11.45,11.46,14800,22700,37800,27900,45700,111900,3900,57800,8200,45400,800,1100,3400,2400,4000,39500,5100,3000,18800,2500
326.0,11.35,422600,4806482.0,11.35,11.34,11.33,11.32,11.31,11.3,11.29,11.28,11.27,11.26,11.36,11.37,11.39,11.4,11.41,11.42,11.43,11.44,11.45,11.46,14800,22700,37800,27900,45700,111900,3900,57800,8200,45400,800,1100,3400,2400,4000,39500,5100,3000,18800,2500
327.0,11.35,422600,4806482.0,11.35,11.34,11.33,11.32,11.31,11.3,11.29,11.28,11.27,11.26,11.36,11.37,11.39,11.4,11.41,11.42,11.43,11.44,11.45,11.46,14800,22700,37800,27900,45700,111900,3900,57800,8200,45400,800,1100,3400,2400,4000,39500,5100,3000,18800,2500
328.0,11.35,422600,4806482.0,11.35,11.34,11.33,11.32,11.31,11.3,11.29,11.28,11.27,11.26,11.36,11.37,11.39,11.4,11.41,11.42,11.43,11.44,11.45,11.46,14800,22700,37800,27900,45700,111900,3900,57800,8200,45400,800,100,3400,2400,4000,39500,5100,3000,18800,2500
329.0,11.35,429800,4888202.0,11.35,11.34,11.33,11.32,11.31,11.3,11.29,11.28,11.27,11.26,11.36,11.37,11.39,11.4,11.41,11.42,11.43,11.44,11.45,11.46,7600,22700,37800,27900,45700,111900,3900,57800,8200,45400,800,100,3400,2400,4000,39500,5100,3000,18800,2500
330.0,11.35,429800,4888202.0,11.35,11.34,11.33,11.32,11.31,11.3,11.29,11.28,11.27,11.26,11.36,11.37,11.39,11.4,11.41,11.42,11.43,11.44,11.45,11.46,7600,22700,37900,27900,45700,111900,3900,57800,8200,45400,800,100,3400,2400,4000,39500,5100,3000,18800,2500
331.0,11.35,429800,4888202.0,11.35,11.34,11.33,11.32,11.31,11.3,11.29,11.28,11.27,11.26,11.36,11.37,11.39,11.4,11.41,11.42,11.43,11.44,11.45,11.46,8600,22700,37900,27900,45700,111900,3900,57800,8200,45400,1800,100,3400,2400,4000,39500,5100,3000,18800,2500
332.0,11.34,460400,5235304.0,11.34,11.33,11.32,11.31,11.3,11.29,11.28,11.27,11.26,11.25,11.36,11.37,11.39,11.4,11.41,11.42,11.43,11.44,11.45,11.46,5400,37900,27900,45700,111900,3900,57800,8200,45400,62800,1200,100,3400,2400,4000,39500,5100,3000,18800,2500
333.0,11.35,465500,5293190.0,11.34,11.33,11.32,11.31,11.3,11.29,11.28,11.27,11.26,11.25,11.35,11.36,11.37,11.39,11.4,11.41,11.42,11.43,11.44,11.45,1300,39900,27900,45700,111900,3900,57800,8200,45400,62800,20700,1100,100,3400,2400,4000,39500,5100,3000,18800
334.0,11.35,467500,5315890.0,11.34,11.33,11.32,11.31,11.3,11.29,11.28,11.27,11.26,11.25,11.35,11.36,11.37,11.39,11.4,11.41,11.42,11.43,11.44,11.45,1300,39900,27900,45700,111900,3900,57800,8200,45400,62800,18700,1100,100,3400,2400,4000,39500,5100,3000,18800
335.0,11.35,467500,5315890.0,11.34,11.33,11.32,11.31,11.3,11.29,11.28,11.27,11.26,11.25,11.35,11.36,11.37,11.39,11.4,11.41,11.42,11.43,11.44,11.45,1300,39900,27900,45700,111900,3900,57800,8200,45400,62800,18700,1100,100,3400,2400,4000,39500,5100,3000,18800
336.0,11.35,468300,5324970.0,11.34,11.33,11.32,11.31,11.3,11.29,11.28,11.27,11.26,11.25,11.35,11.36,11.37,11.39,11.4,11.41,11.42,11.43,11.44,11.45,4100,39900,27900,45700,111900,3900,57800,8200,45400,62800,17900,1100,100,3400,2400,4000,39500,5100,3000,18800
337.0,11.35,469100,5334050.0,11.34,11.33,11.32,11.31,11.3,11.29,11.28,11.27,11.26,11.25,11.35,11.36,11.37,11.39,11.4,11.41,11.42,11.43,11.44,11.45,4100,39900,27900,45700,111900,3900,57800,8200,45400,62800,17100,1100,100,3400,2400,4000,39500,5100,3000,18800
338.0,11.34,471800,5364668.0,11.34,11.33,11.32,11.31,11.3,11.29,11.28,11.27,11.26,11.25,11.35,11.36,11.37,11.39,11.4,11.41,11.42,11.43,11.44,11.45,1700,40500,27900,45700,111900,3900,57800,8200,45400,62800,17100,1100,100,3400,2400,4000,39500,5100,3000,18800
339.0,11.35,472300,5370343.0,11.34,11.33,11.32,11.31,11.3,11.29,11.28,11.27,11.26,11.25,11.35,11.36,11.37,11.39,11.4,11.41,11.42,11.43,11.44,11.45,1900,40500,27900,45700,111900,3900,57800,8200,45400,62800,16600,1100,100,3400,2400,4000,39500,5100,3000,18800
340.0,11.34,474900,5399835.0,11.34,11.33,11.32,11.31,11.3,11.29,11.28,11.27,11.26,11.25,11.35,11.36,11.37,11.39,11.4,11.41,11.42,11.43,11.44,11.45,100,40500,27900,45700,111900,3900,57800,8200,45400,62800,15800,1100,100,3400,2400,4000,39500,5100,3000,18800
341.0,11.34,474900,5399835.0,11.34,11.33,11.32,11.31,11.3,11.29,11.28,11.27,11.26,11.25,11.35,11.36,11.37,11.39,11.4,11.41,11.42,11.43,11.44,11.45,200,40500,27900,45700,111900,3900,57800,8200,45400,62800,15800,100,100,3400,2400,4000,39500,5100,3000,18800
342.0,11.35,477000,5423670.0,11.34,11.33,11.32,11.31,11.3,11.29,11.28,11.27,11.26,11.25,11.35,11.36,11.37,11.39,11.4,11.41,11.42,11.43,11.44,11.45,200,40500,27900,45700,111900,3900,57800,8200,45400,62800,13700,100,100,3400,2400,4000,39500,5100,3000,18800
343.0,11.35,479600,5453180.0,11.34,11.33,11.32,11.31,11.3,11.29,11.28,11.27,11.26,11.25,11.35,11.36,11.37,11.39,11.4,11.41,11.42,11.43,11.44,11.45,200,40500,28400,45700,111900,3900,57800,8200,45400,62800,11100,100,100,3400,2400,4000,39500,5100,3000,18800
344.0,11.34,480600,5464528.0,11.33,11.32,11.31,11.3,11.29,11.28,11.27,11.26,11.25,11.24,11.34,11.35,11.36,11.37,11.39,11.4,11.41,11.42,11.43,11.44,40500,28400,45700,115900,3900,57800,8200,45400,62800,1500,800,10300,100,100,3400,2400,4000,39500,5100,3000
345.0,11.34,480600,5464528.0,11.33,11.32,11.31,11.3,11.29,11.28,11.27,11.26,11.25,11.24,11.34,11.35,11.36,11.37,11.39,11.4,11.41,11.42,11.43,11.44,40500,28400,45700,115900,3900,57800,8200,45400,62800,1500,800,10300,100,100,3400,2400,4000,39500,5100,3000
346.0,11.34,481400,5473600.0,11.34,11.33,11.32,11.31,11.3,11.29,11.28,11.27,11.26,11.25,11.35,11.36,11.37,11.39,11.4,11.41,11.42,11.43,11.44,11.45,200,40500,28400,45700,115900,3900,57800,8200,45400,62800,10300,100,100,3400,2400,3000,39500,5100,3000,18800
347.0,11.35,482200,5482680.0,11.34,11.33,11.32,11.31,11.3,11.29,11.28,11.27,11.26,11.25,11.35,11.36,11.37,11.39,11.4,11.41,11.42,11.43,11.44,11.45,200,40500,29400,45700,115900,3900,57800,8200,45400,62800,9500,100,100,3400,2400,3000,39500,5100,3000,18800
348.0,11.34,482400,5484948.0,11.33,11.32,11.31,11.3,11.29,11.28,11.27,11.26,11.25,11.24,11.35,11.36,11.37,11.39,11.4,11.41,11.42,11.43,11.44,11.45,40500,29400,46700,116900,3900,57800,8200,45400,62800,1500,9500,100,100,3400,2400,3000,39500,5100,3000,18800
349.0,11.34,482400,5484948.0,11.33,11.32,11.31,11.3,11.29,11.28,11.27,11.26,11.25,11.24,11.35,11.36,11.37,11.39,11.4,11.41,11.42,11.43,11.44,11.45,41600,29400,48700,116900,3900,57800,8200,45400,62800,1500,10600,100,100,3400,2400,3000,39500,5100,3000,18800
350.0,11.34,482400,5484948.0,11.33,11.32,11.31,11.3,11.29,11.28,11.27,11.26,11.25,11.24,11.35,11.36,11.37,11.39,11.4,11.41,11.42,11.43,11.44,11.45,41600,29400,48700,116900,3900,57800,8200,45400,62800,1500,10600,100,100,3400,2400,3000,39500,5100,3000,18800
351.0,11.35,483200,5494028.0,11.33,11.32,11.31,11.3,11.29,11.28,11.27,11.26,11.25,11.24,11.35,11.36,11.37,11.39,11.4,11.41,11.42,11.43,11.44,11.45,41600,29400,48700,116900,3900,57800,8200,45400,62800,1500,9800,100,100,3400,2400,3000,39500,5100,3000,18800
352.0,11.33,484200,5505374.0,11.33,11.32,11.31,11.3,11.29,11.28,11.27,11.26,11.25,11.24,11.35,11.36,11.37,11.39,11.4,11.41,11.42,11.43,11.44,11.45,42500,29400,48700,118400,3900,57800,8200,45400,62800,1500,11100,100,100,3400,2400,3000,39500,5100,3000,18800
353.0,11.35,484700,5511049.0,11.33,11.32,11.31,11.3,11.29,11.28,11.27,11.26,11.25,11.24,11.35,11.36,11.37,11.39,11.4,11.41,11.42,11.43,11.44,11.45,43500,29400,48700,118400,3900,57800,8200,45400,62800,1500,10600,100,100,3400,2400,3000,39500,5100,3000,18800
354.0,11.35,485500,5520129.0,11.33,11.32,11.31,11.3,11.29,11.28,11.27,11.26,11.25,11.24,11.34,11.35,11.36,11.37,11.39,11.4,11.41,11.42,11.43,11.44,43600,28300,48700,118400,3900,57800,9200,45400,62800,1500,9900,10800,100,100,3400,2400,3000,39500,5100,3000
355.0,11.34,487200,5539407.0,11.33,11.32,11.31,11.3,11.29,11.28,11.27,11.26,11.25,11.24,11.34,11.35,11.36,11.37,11.39,11.4,11.41,11.42,11.43,11.44,44600,28300,49700,118400,3900,57800,9200,45400,62800,1500,8200,10800,100,100,3400,2400,3000,39500,5100,3000
356.0,11.34,487200,5539407.0,11.33,11.32,11.31,11.3,11.29,11.28,11.27,11.26,11.25,11.24,11.34,11.35,11.36,11.37,11.39,11.4,11.41,11.42,11.43,11.44,46000,27500,49700,118400,3900,57800,9200,45400,62800,1500,8200,10800,100,100,3400,2400,3000,39500,5100,3000
357.0,11.34,488000,5548479.0,11.33,11.32,11.31,11.3,11.29,11.28,11.27,11.26,11.25,11.24,11.34,11.35,11.36,11.37,11.39,11.4,11.41,11.42,11.43,11.44,46000,28000,49700,120400,3900,57800,9200,45400,62800,1500,7400,10800,100,100,3400,2400,3000,39500,5100,3000
358.0,11.34,488000,5548479.0,11.33,11.32,11.31,11.3,11.29,11.28,11.27,11.26,11.25,11.24,11.34,11.35,11.36,11.37,11.39,11.4,11.41,11.42,11.43,11.44,46000,28000,49700,120400,3900,57800,9200,45400,62800,1500,7400,10800,100,100,3400,2000,3000,39500,5100,3000
359.0,11.33,489100,5560949.0,11.33,11.32,11.31,11.3,11.29,11.28,11.27,11.26,11.25,11.24,11.34,11.35,11.36,11.37,11.39,11.4,11.41,11.42,11.43,11.44,46500,28000,49700,120400,3900,57800,9200,45400,62800,1500,6700,10800,100,100,3400,2000,3000,39500,5100,3000
360.0,11.33,489100,5560949.0,11.33,11.32,11.31,11.3,11.29,11.28,11.27,11.26,11.25,11.24,11.34,11.35,11.36,11.37,11.39,11.4,11.41,11.42,11.43,11.44,47500,28000,49700,120400,3900,57800,9200,45400,62800,1500,6700,9800,100,100,3400,2000,3000,39500,5100,3000
361.0,11.34,489700,5567753.0,11.33,11.32,11.31,11.3,11.29,11.28,11.27,11.26,11.25,11.24,11.34,11.35,11.36,11.37,11.39,11.4,11.41,11.42,11.43,11.44,47500,28000,51500,120400,3900,57800,9200,45400,62800,1500,6100,9800,100,100,3400,2000,3000,39500,5100,3000
362.0,11.34,489700,5567753.0,11.33,11.32,11.31,11.3,11.29,11.28,11.27,11.26,11.25,11.24,11.34,11.35,11.36,11.37,11.39,11.4,11.41,11.42,11.43,11.44,47500,28500,51500,121400,3900,57800,9200,45400,62800,1500,6100,9800,100,100,3400,2000,3000,39500,5100,3000
363.0,11.34,489700,5567753.0,11.33,11.32,11.31,11.3,11.29,11.28,11.27,11.26,11.25,11.24,11.34,11.35,11.36,11.37,11.39,11.4,11.41,11.42,11.43,11.44,47500,28500,51700,121400,3900,57800,9200,45400,62800,1500,6100,9800,100,100,3400,2000,3000,39500,5100,3000
364.0,11.34,490300,5574557.0,11.33,11.32,11.31,11.3,11.29,11.28,11.27,11.26,11.25,11.24,11.34,11.35,11.36,11.37,11.39,11.4,11.41,11.42,11.43,11.44,47500,28500,51700,121400,3900,57800,9200,45400,62800,1500,5500,9800,100,100,3400,2000,3000,39500,5100,3000
365.0,11.33,495900,5638015.0,11.33,11.32,11.31,11.3,11.29,11.28,11.27,11.26,11.25,11.24,11.34,11.35,11.36,11.37,11.39,11.4,11.41,11.42,11.43,11.44,42900,27500,51700,121400,5000,57800,9200,45400,62800,1500,4500,9800,100,100,3400,2000,3000,39500,5100,3000
366.0,11.34,496300,5642551.0,11.33,11.32,11.31,11.3,11.29,11.28,11.27,11.26,11.25,11.24,11.34,11.35,11.36,11.37,11.39,11.4,11.41,11.42,11.43,11.44,42900,27500,51700,121400,5000,57800,9200,45400,62800,1500,4100,9800,100,100,3400,2000,3000,39500,5100,3000
367.0,11.34,497500,5656159.0,11.33,11.32,11.31,11.3,11.29,11.28,11.27,11.26,11.25,11.24,11.34,11.35,11.36,11.37,11.39,11.4,11.41,11.42,11.43,11.44,42900,27500,51700,121400,5000,57800,9200,45400,62800,1500,2900,9800,100,100,3400,2000,3000,39500,5100,3000
368.0,11.34,497500,5656159.0,11.33,11.32,11.31,11.3,11.29,11.28,11.27,11.26,11.25,11.24,11.34,11.35,11.36,11.37,11.39,11.4,11.41,11.42,11.43,11.44,43000,27500,51700,141400,5000,57800,9200,45400,62800,1500,2900,9800,100,100,3400,2000,3000,39500,5100,3000
369.0,11.34,497500,5656159.0,11.33,11.32,11.31,11.3,11.29,11.28,11.27,11.26,11.25,11.24,11.34,11.35,11.36,11.37,11.39,11.4,11.41,11.42,11.43,11.44,43200,27500,50700,161400,5000,57800,9200,45400,62800,1500,2900,9800,100,100,3400,2000,3000,39500,5100,3000
370.0,11.34,497500,5656159.0,11.33,11.32,11.31,11.3,11.29,11.28,11.27,11.26,11.25,11.24,11.34,11.35,11.36,11.37,11.39,11.4,11.41,11.42,11.43,11.44,43600,27500,50700,161400,5000,57800,9200,45400,62800,1500,3900,9800,100,100,3400,2000,3000,39500,5100,3000
371.0,11.34,497800,5659561.0,11.33,11.32,11.31,11.3,11.29,11.28,11.27,11.26,11.25,11.24,11.34,11.35,11.36,11.37,11.39,11.4,11.41,11.42,11.43,11.44,43600,27500,50700,161900,5000,57800,9200,45400,62800,1500,3600,9800,100,100,3400,2000,3000,39500,5100,3000
372.0,11.34,498400,5666365.0,11.33,11.32,11.31,11.3,11.29,11.28,11.27,11.26,11.25,11.24,11.34,11.35,11.36,11.37,11.38,11.39,11.4,11.41,11.42,11.43,43600,27500,50700,131900,5000,57800,9200,45400,62800,1500,3000,9800,100,100,2700,3400,2000,3000,39500,5100
373.0,11.34,498400,5666365.0,11.33,11.32,11.31,11.3,11.29,11.28,11.27,11.26,11.25,11.24,11.34,11.35,11.36,11.37,11.38,11.39,11.4,11.41,11.42,11.43,43600,30300,50700,131900,5000,57800,9200,45400,62800,1500,3000,9800,100,100,2700,3400,2000,3000,39500,5100
374.0,11.33,499200,5675435.0,11.33,11.32,11.31,11.3,11.29,11.28,11.27,11.26,11.25,11.24,11.34,11.35,11.36,11.37,11.38,11.39,11.4,11.41,11.42,11.43,44400,30300,50700,133900,5000,57800,9200,45400,62800,1500,2400,9800,100,100,2700,3400,2000,3000,39500,5100
375.0,11.34,499300,5676569.0,11.33,11.32,11.31,11.3,11.29,11.28,11.27,11.26,11.25,11.24,11.34,11.35,11.36,11.37,11.38,11.39,11.4,11.41,11.42,11.43,44400,31100,52700,133900,5000,57800,9200,45400,62800,1500,2300,9800,100,100,2700,3400,2000,3000,39500,5100
376.0,11.34,499300,5676569.0,11.33,11.32,11.31,11.3,11.29,11.28,11.27,11.26,11.25,11.24,11.34,11.35,11.36,11.37,11.38,11.39,11.4,11.41,11.42,11.43,45400,31100,52700,133900,5000,57800,9200,45400,62800,1500,2300,9800,100,100,2700,3400,2000,3000,39500,5100
377.0,11.34,501600,5702651.0,11.34,11.33,11.32,11.31,11.3,11.29,11.28,11.27,11.26,11.25,11.35,11.36,11.37,11.38,11.39,11.4,11.41,11.42,11.43,11.44,1500,45400,31100,61700,134100,5000,57800,9200,45400,62800,9800,100,100,2700,3400,2000,3000,39500,5100,3000
378.0,11.34,501600,5702651.0,11.34,11.33,11.32,11.31,11.3,11.29,11.28,11.27,11.26,11.25,11.35,11.36,11.37,11.38,11.39,11.4,11.41,11.42,11.43,11.44,1500,46900,31100,61700,134100,5000,57800,9200,45400,62800,9800,100,100,2700,3400,2000,3000,39500,5100,3000
379.0,11.35,503300,5721946.0,11.34,11.33,11.32,11.31,11.3,11.29,11.28,11.27,11.26,11.25,11.35,11.36,11.37,11.38,11.39,11.4,11.41,11.42,11.43,11.44,2300,51900,31100,61700,144100,5000,57800,9200,45400,62800,8100,100,1000,2700,3400,2000,3000,39500,5100,3000
380.0,11.33,533300,6061869.0,11.33,11.32,11.31,11.3,11.29,11.28,11.27,11.26,11.25,11.24,11.35,11.36,11.37,11.38,11.39,11.4,11.41,11.42,11.43,11.44,24200,31100,61700,114100,5000,57800,9200,45400,62800,1500,8100,100,1000,2700,3400,2000,3000,39500,5100,3000
381.0,11.35,534900,6080029.0,11.33,11.32,11.31,11.3,11.29,11.28,11.27,11.26,11.25,11.24,11.35,11.36,11.37,11.38,11.39,11.4,11.41,11.42,11.43,11.44,24200,31100,61700,114100,5000,57800,9200,45400,62800,1500,6500,100,1000,2700,3400,2000,3000,39500,5100,3000
382.0,11.35,534900,6080029.0,11.33,11.32,11.31,11.3,11.29,11.28,11.27,11.26,11.25,11.24,11.35,11.36,11.37,11.38,11.39,11.4,11.41,11.42,11.43,11.44,24200,34100,61700,115100,5000,57800,9200,45400,62800,1500,6500,100,1000,2700,3400,2000,3000,39500,5100,3000
383.0,11.35,534900,6080029.0,11.33,11.32,11.31,11.3,11.29,11.28,11.27,11.26,11.25,11.24,11.34,11.35,11.36,11.37,11.38,11.39,11.4,11.41,11.42,11.43,25000,34100,61700,95100,5000,57800,9200,45400,62800,1500,100,7300,100,1000,2700,3400,2000,3000,39500,5100
384.0,11.35,534900,6080029.0,11.33,11.32,11.31,11.3,11.29,11.28,11.27,11.26,11.25,11.24,11.34,11.35,11.36,11.37,11.38,11.39,11.4,11.41,11.42,11.43,25100,34600,61700,95100,5000,57800,9200,45400,62800,1500,100,7300,100,1000,2700,3400,2000,3000,39500,5100
385.0,11.33,535500,6086827.0,11.33,11.32,11.31,11.3,11.29,11.28,11.27,11.26,11.25,11.24,11.34,11.35,11.36,11.37,11.38,11.39,11.4,11.41,11.42,11.43,24500,34600,61700,95100,5000,57800,9200,45400,62800,1500,100,7300,100,1000,2700,3400,2000,3000,39500,5100
386.0,11.33,535500,6086827.0,11.33,11.32,11.31,11.3,11.29,11.28,11.27,11.26,11.25,11.24,11.34,11.35,11.36,11.37,11.38,11.39,11.4,11.41,11.42,11.43,24500,35600,61700,94600,5500,57800,9200,44400,62800,1500,1100,7300,100,1000,2700,3400,2000,3000,40500,5100
387.0,11.34,536300,6095899.0,11.33,11.32,11.31,11.3,11.29,11.28,11.27,11.26,11.25,11.24,11.34,11.35,11.36,11.37,11.38,11.39,11.4,11.41,11.42,11.43,24500,35600,61700,94600,5500,57800,9200,44400,62800,1500,300,7300,100,1000,2700,3400,2000,3000,40500,5100
