LocalTime,LastPrice,TradeVolume,TradeValue,BidPrice1,BidPrice2,BidPrice3,BidPrice4,BidPrice5,BidPrice6,BidPrice7,BidPrice8,BidPrice9,BidPriceA,AskPrice1,AskPrice2,AskPrice3,AskPrice4,AskPrice5,AskPrice6,AskPrice7,AskPrice8,AskPrice9,AskPriceA,BidVolume1,BidVolume2,BidVolume3,BidVolume4,BidVolume5,BidVolume6,BidVolume7,BidVolume8,BidVolume9,BidVolumeA,AskVolume1,AskVolume2,AskVolume3,AskVolume4,AskVolume5,AskVolume6,AskVolume7,AskVolume8,AskVolume9,AskVolumeA
0.0,13.2,5300,69960.0,13.21,13.01,13.0,12.99,12.98,12.97,12.96,12.95,12.94,12.92,13.22,13.25,13.28,13.29,13.3,13.32,13.37,13.38,13.39,13.45,1000,1200,200,400,4900,300,800,400,400,1000,200,200,500,2500,3300,400,1500,200,2100,1500
1.0,13.21,6200,81849.0,13.01,13.0,12.99,12.98,12.97,12.96,12.95,12.94,12.92,12.91,13.19,13.21,13.22,13.25,13.28,13.29,13.3,13.31,13.32,13.35,1200,200,400,4900,300,800,900,400,1000,100,100,1300,200,200,500,2500,3300,500,400,3000
2.0,13.21,6200,81849.0,13.01,13.0,12.99,12.98,12.97,12.96,12.95,12.94,12.92,12.91,13.17,13.19,13.21,13.22,13.25,13.28,13.29,13.3,13.31,13.32,1200,200,400,4900,300,800,900,400,1000,100,300,100,11300,200,1200,600,2500,7200,500,400
3.0,13.21,6200,81849.0,13.01,13.0,12.99,12.98,12.97,12.96,12.95,12.94,12.92,12.91,13.17,13.19,13.21,13.22,13.25,13.28,13.29,13.3,13.31,13.32,1200,10200,400,4900,300,800,1400,400,1000,100,300,100,11900,200,1200,600,2500,7200,500,400
4.0,13.21,8100,106928.0,13.08,13.01,13.0,12.99,12.98,12.97,12.96,12.95,12.94,12.92,13.19,13.2,13.21,13.22,13.23,13.25,13.28,13.29,13.3,13.31,100,1200,10200,400,4200,300,800,1400,400,1000,100,1000,15700,400,200,1200,1600,2500,8200,500
5.0,13.01,8300,109537.0,13.01,13.0,12.99,12.98,12.97,12.96,12.95,12.94,12.92,12.91,13.17,13.19,13.2,13.21,13.22,13.23,13.25,13.28,13.29,13.3,1100,10200,400,4200,300,800,1400,400,1000,100,300,200,1000,24000,12300,200,1200,2400,2500,8200
6.0,13.01,8300,109537.0,13.09,13.01,13.0,12.99,12.98,12.97,12.96,12.95,12.94,12.92,13.17,13.19,13.2,13.21,13.22,13.23,13.25,13.28,13.29,13.3,100,1100,10200,400,4200,300,800,1400,400,1000,300,200,1000,27300,12300,200,1200,1900,2500,8200
7.0,13.08,14300,188112.0,13.01,13.0,12.99,12.98,12.97,12.96,12.95,12.94,12.92,12.91,13.08,13.17,13.19,13.2,13.21,13.22,13.23,13.25,13.28,13.29,2400,10200,400,4200,300,800,1400,400,1000,100,3300,300,800,800,35400,12300,200,1200,1900,2500
8.0,13.08,14900,195960.0,13.01,13.0,12.99,12.98,12.97,12.96,12.95,12.94,12.92,12.91,13.08,13.17,13.19,13.2,13.21,13.22,13.23,13.25,13.28,13.29,2400,10200,400,4200,300,800,1400,400,1000,100,3200,300,800,800,35700,12300,200,1200,1900,43100
9.0,13.08,15200,199884.0,13.01,13.0,12.99,12.98,12.97,12.96,12.95,12.94,12.92,12.91,13.08,13.17,13.19,13.2,13.21,13.22,13.23,13.25,13.28,13.29,2400,10300,400,4200,300,800,1400,400,1000,100,3500,600,800,800,37300,12400,1200,1200,6900,42500
10.0,13.07,17600,231181.0,13.02,13.01,13.0,12.99,12.98,12.97,12.96,12.95,12.94,12.92,13.07,13.08,13.17,13.18,13.19,13.2,13.21,13.22,13.23,13.25,600,1800,10300,400,4200,300,800,1400,400,1000,1200,4400,600,1200,300,1800,27500,12400,1200,1200
11.0,13.02,19400,254677.0,13.01,13.0,12.99,12.98,12.97,12.96,12.95,12.94,12.92,12.91,13.07,13.08,13.17,13.18,13.19,13.2,13.21,13.22,13.23,13.25,600,10300,400,4200,300,800,1400,400,11900,100,100,4400,300,1200,400,1800,28600,12400,1200,1200
12.0,13.03,20200,265101.0,13.03,13.01,13.0,12.99,12.98,12.97,12.96,12.95,12.94,12.92,13.07,13.08,13.17,13.18,13.19,13.2,13.21,13.22,13.23,13.25,6700,1000,10300,400,4200,300,800,1400,400,11900,2500,1300,300,1200,400,1800,28300,12400,1200,1200
13.0,13.05,20900,274240.0,13.04,13.03,13.01,13.0,12.99,12.98,12.97,12.96,12.95,12.94,13.05,13.06,13.07,13.08,13.17,13.18,13.19,13.2,13.21,13.22,800,1500,1000,10300,400,4200,300,800,1400,400,2200,1000,300,1300,400,1200,400,1800,28300,12400
14.0,13.05,23900,313371.0,13.05,13.03,13.01,13.0,12.99,12.98,12.97,12.96,12.95,12.94,13.06,13.07,13.08,13.17,13.18,13.2,13.21,13.22,13.23,13.25,900,1500,1000,10300,400,4200,300,800,1400,400,200,300,1300,400,1200,1800,28300,12400,1200,1200
15.0,13.04,25900,339460.0,13.04,13.03,13.01,13.0,12.99,12.98,12.97,12.96,12.95,12.94,13.05,13.06,13.07,13.08,13.17,13.18,13.2,13.21,13.22,13.23,1500,1500,1000,10300,400,4200,300,800,1400,400,100,300,300,1300,400,1200,1800,28300,12400,1200
16.0,13.05,26000,340765.0,13.05,13.04,13.03,13.01,13.0,12.99,12.98,12.97,12.96,12.95,13.06,13.07,13.08,13.17,13.18,13.2,13.21,13.22,13.23,13.25,200,1500,1500,1000,10300,400,4200,300,800,1400,300,300,1300,400,1200,6800,28300,12400,1200,1200
17.0,13.06,26900,352519.0,13.05,13.04,13.03,13.01,13.0,12.99,12.98,12.97,12.96,12.95,13.06,13.07,13.08,13.17,13.18,13.2,13.21,13.22,13.23,13.25,200,1500,1500,1000,10300,400,4200,300,800,1400,100,400,1300,400,1200,6800,28300,12400,1200,1200
18.0,13.04,27200,356433.0,13.04,13.03,13.01,13.0,12.99,12.98,12.97,12.96,12.95,12.94,13.05,13.06,13.07,13.08,13.17,13.18,13.2,13.21,13.22,13.23,1400,1500,1000,10300,400,4200,300,800,1400,400,500,100,400,1300,400,1200,6800,28300,12400,1200
19.0,13.04,27200,356433.0,13.04,13.03,13.01,13.0,12.99,12.98,12.97,12.96,12.95,12.94,13.05,13.06,13.07,13.08,13.17,13.18,13.2,13.21,13.22,13.23,1400,1500,1000,10300,400,4200,300,800,1400,400,500,400,400,1300,400,1200,6800,28300,12400,1200
20.0,13.05,27500,360346.0,13.04,13.03,13.01,13.0,12.99,12.98,12.97,12.96,12.95,12.94,13.05,13.06,13.07,13.08,13.17,13.18,13.2,13.21,13.22,13.23,1200,1500,1000,10700,400,4200,300,800,1400,400,600,400,400,1300,400,1200,6800,28100,12400,1200
21.0,13.05,27800,364259.0,13.03,13.01,13.0,12.99,12.98,12.97,12.96,12.95,12.94,12.92,13.05,13.06,13.07,13.08,13.17,13.18,13.2,13.21,13.22,13.23,1500,1000,10700,400,4200,300,800,1400,400,11900,2400,400,400,1300,400,1200,6800,27100,12400,1200
22.0,13.05,27800,364259.0,13.03,13.01,13.0,12.99,12.98,12.97,12.96,12.95,12.94,12.92,13.05,13.06,13.07,13.08,13.17,13.18,13.2,13.21,13.22,13.23,1500,1000,10700,400,4200,300,800,1400,400,11900,2400,400,400,1300,400,1200,6800,27100,12400,1200
23.0,13.03,28700,375986.0,13.01,13.0,12.99,12.98,12.97,12.96,12.95,12.94,12.92,12.91,13.03,13.05,13.06,13.07,13.08,13.17,13.18,13.2,13.21,13.22,800,10700,400,4200,300,800,1400,400,11900,100,500,2400,400,400,1300,400,1200,6800,27100,12400
24.0,13.03,28700,375986.0,13.01,13.0,12.99,12.98,12.97,12.96,12.95,12.94,12.92,12.91,13.03,13.05,13.06,13.07,13.08,13.17,13.18,13.2,13.21,13.22,800,10700,400,4200,300,800,1400,400,11900,100,500,2400,400,400,1300,400,1200,6800,27100,12400
25.0,13.05,29400,385111.0,13.02,13.01,13.0,12.99,12.98,12.97,12.96,12.95,12.94,12.92,13.05,13.06,13.07,13.08,13.17,13.18,13.2,13.21,13.22,13.23,900,900,700,400,4200,300,800,1400,400,11900,2100,400,400,1300,400,100,6800,27100,12400,1200
26.0,13.05,29500,386416.0,13.02,13.01,13.0,12.99,12.98,12.97,12.96,12.95,12.94,12.92,13.05,13.06,13.07,13.08,13.17,13.18,13.2,13.21,13.22,13.23,1200,900,700,400,4200,300,800,1400,400,11900,2000,400,400,1300,400,100,6800,27100,12400,1200
27.0,13.05,29500,386416.0,13.02,13.01,13.0,12.99,12.98,12.97,12.96,12.95,12.94,12.92,13.05,13.06,13.07,13.08,13.17,13.18,13.2,13.21,13.22,13.23,1200,900,300,400,4200,300,800,1400,400,11900,2000,400,300,1300,400,100,6800,27100,12400,1200
28.0,13.02,29600,387718.0,13.02,13.01,13.0,12.99,12.98,12.97,12.96,12.95,12.94,12.92,13.05,13.06,13.07,13.08,13.17,13.18,13.2,13.21,13.22,13.23,1100,900,300,400,4200,300,800,1400,400,11900,2000,400,300,1300,400,100,6800,27100,12400,1200
29.0,13.05,31300,409903.0,13.02,13.01,13.0,12.99,12.98,12.97,12.96,12.95,12.94,12.92,13.05,13.06,13.07,13.08,13.17,13.18,13.2,13.21,13.22,13.23,1100,900,300,400,4200,300,800,1400,400,11900,300,400,300,1300,400,100,6800,27100,12400,1200
30.0,13.05,31300,409903.0,13.02,13.01,13.0,12.99,12.98,12.97,12.96,12.95,12.94,12.92,13.05,13.06,13.07,13.08,13.17,13.18,13.2,13.21,13.22,13.23,1100,900,300,400,4200,300,800,1400,400,11900,300,400,200,1300,400,100,6800,27100,12400,1200
31.0,13.02,31700,415111.0,13.02,13.01,13.0,12.99,12.98,12.97,12.96,12.95,12.94,12.92,13.05,13.06,13.07,13.08,13.17,13.18,13.2,13.21,13.22,13.23,700,900,300,400,4200,300,800,1400,400,11900,300,400,200,1300,400,100,6800,27100,12400,1200
32.0,13.02,32600,426854.0,13.02,13.01,13.0,12.99,12.98,12.97,12.96,12.95,12.94,12.92,13.07,13.08,13.17,13.18,13.2,13.21,13.22,13.23,13.25,13.26,500,900,300,400,4200,300,800,1400,400,11900,200,1300,400,100,6800,27100,12400,1200,1000,10200
33.0,13.02,32600,426854.0,13.02,13.01,13.0,12.99,12.98,12.97,12.96,12.95,12.94,12.92,13.07,13.08,13.17,13.18,13.2,13.21,13.22,13.23,13.25,13.26,500,900,300,400,4200,300,800,1400,400,11900,200,1300,400,100,6800,27100,12400,1200,1000,10200
34.0,13.02,32600,426854.0,13.02,13.01,13.0,12.99,12.98,12.97,12.96,12.95,12.94,12.92,13.07,13.08,13.17,13.18,13.2,13.21,13.22,13.23,13.25,13.26,500,900,300,400,4200,300,800,1400,400,11900,200,1300,400,100,6800,27100,12400,1200,1000,10200
35.0,13.02,32700,428156.0,13.03,13.02,13.01,13.0,12.99,12.98,12.97,12.96,12.95,12.94,13.07,13.08,13.17,13.18,13.2,13.21,13.22,13.23,13.25,13.26,1200,400,900,300,400,4200,300,800,1400,400,500,800,400,100,6800,20800,12400,1200,1000,10200
36.0,13.02,32700,428156.0,13.03,13.02,13.01,13.0,12.99,12.98,12.97,12.96,12.95,12.94,13.07,13.08,13.17,13.18,13.2,13.21,13.22,13.23,13.25,13.26,1200,400,900,300,400,4200,300,800,1400,400,500,800,400,100,6800,20800,8900,1200,1000,10200
37.0,13.03,32800,429459.0,13.03,13.02,13.01,13.0,12.99,12.98,12.97,12.96,12.95,12.94,13.07,13.08,13.17,13.18,13.2,13.21,13.22,13.23,13.25,13.26,1100,500,900,300,400,4200,300,800,1400,400,500,800,400,100,6800,20800,8900,1200,1000,10200
38.0,13.03,32900,430762.0,13.03,13.02,13.01,13.0,12.99,12.98,12.97,12.96,12.95,12.94,13.07,13.08,13.17,13.18,13.2,13.21,13.22,13.23,13.25,13.26,1000,500,900,300,400,4200,300,800,1400,400,500,800,400,100,6800,20800,8900,1200,1000,10200
39.0,13.03,32900,430762.0,13.04,13.03,13.02,13.01,13.0,12.99,12.98,12.97,12.96,12.95,13.06,13.07,13.08,13.17,13.18,13.2,13.21,13.22,13.23,13.25,200,1000,500,900,300,400,4200,300,800,1400,100,500,800,400,100,6800,20800,8900,1200,1000
40.0,13.06,33000,432068.0,13.04,13.03,13.02,13.01,13.0,12.99,12.98,12.97,12.96,12.95,13.07,13.08,13.17,13.18,13.2,13.21,13.22,13.23,13.25,13.26,800,1000,500,900,300,400,4200,300,800,1400,500,800,400,100,6800,20800,8900,1200,1000,10200
41.0,13.04,33200,434676.0,13.04,13.03,13.02,13.01,13.0,12.99,12.98,12.97,12.96,12.95,13.07,13.08,13.17,13.18,13.2,13.21,13.22,13.23,13.25,13.26,600,1000,1800,900,300,400,4200,300,800,1400,500,800,400,100,6800,20800,8900,1200,1000,10200
42.0,13.07,33300,435983.0,13.04,13.03,13.02,13.01,13.0,12.99,12.98,12.97,12.96,12.95,13.07,13.08,13.17,13.18,13.2,13.21,13.22,13.23,13.25,13.26,600,1000,1800,900,300,400,4200,300,800,1400,400,800,400,100,6800,20800,8900,1200,1000,10200
43.0,13.07,33300,435983.0,13.05,13.04,13.03,13.02,13.01,13.0,12.99,12.98,12.97,12.96,13.07,13.08,13.17,13.18,13.2,13.21,13.22,13.23,13.25,13.26,300,600,1000,11800,900,300,400,4200,300,800,400,500,400,100,6800,20800,8900,1200,1000,10200
44.0,13.08,34200,447751.0,13.08,13.07,13.05,13.04,13.03,13.02,13.01,13.0,12.99,12.98,13.14,13.16,13.17,13.18,13.2,13.21,13.22,13.23,13.25,13.26,100,300,300,600,1000,11800,700,300,400,4200,1100,1900,1700,100,6800,20800,8900,1200,1000,10200
45.0,13.08,34300,449059.0,13.07,13.05,13.04,13.03,13.02,13.01,13.0,12.99,12.98,12.97,13.08,13.11,13.12,13.13,13.16,13.17,13.18,13.2,13.21,13.22,200,300,600,1000,11700,700,300,400,4200,300,800,1500,100,1600,1900,1700,100,6800,20800,8900
46.0,13.08,34300,449059.0,13.07,13.05,13.04,13.03,13.02,13.01,13.0,12.99,12.98,12.97,13.08,13.11,13.12,13.13,13.16,13.17,13.18,13.2,13.21,13.22,300,300,600,1000,11800,700,300,200,4200,300,800,1500,100,1600,1900,700,100,6800,20800,8900
47.0,13.08,39300,514429.0,13.08,13.05,13.04,13.03,13.02,13.01,13.0,12.99,12.98,12.97,13.11,13.12,13.13,13.16,13.17,13.18,13.2,13.21,13.22,13.23,1500,400,600,1000,11800,700,300,200,4200,300,1500,100,1600,1900,700,100,6800,20700,8900,1200
48.0,13.08,39500,517045.0,13.08,13.07,13.05,13.04,13.03,13.02,13.01,13.0,12.99,12.98,13.11,13.12,13.13,13.16,13.17,13.18,13.2,13.21,13.22,13.23,6300,600,400,600,1000,11800,700,300,200,6200,1500,100,1600,1900,700,100,6800,20700,8900,1200
49.0,13.08,39600,518353.0,13.08,13.07,13.05,13.04,13.03,13.02,13.01,13.0,12.99,12.98,13.11,13.12,13.13,13.16,13.17,13.18,13.2,13.21,13.22,13.23,6300,600,400,600,1000,11800,700,300,200,6200,1500,100,1600,1900,700,100,6800,20700,8900,1200
50.0,13.08,40700,532741.0,13.08,13.07,13.05,13.04,13.03,13.02,13.01,13.0,12.99,12.98,13.11,13.12,13.13,13.16,13.17,13.18,13.2,13.21,13.22,13.23,5200,600,400,600,1000,11800,700,300,200,6200,1500,100,1600,1900,700,100,6800,20700,8900,1200
51.0,13.08,40700,532741.0,13.08,13.07,13.05,13.04,13.03,13.02,13.01,13.0,12.99,12.98,13.1,13.11,13.12,13.13,13.16,13.17,13.18,13.2,13.21,13.22,5200,600,400,600,1000,11800,700,300,200,6200,100,1500,100,1600,1900,700,100,6800,20700,8900
52.0,13.08,41200,539281.0,13.08,13.07,13.05,13.04,13.03,13.02,13.01,13.0,12.99,12.98,13.1,13.11,13.12,13.13,13.16,13.17,13.18,13.2,13.21,13.22,4800,600,400,800,1000,11800,700,300,200,6200,100,1500,100,1600,1900,700,100,6800,20700,8900
53.0,13.1,42100,551055.0,13.08,13.07,13.05,13.04,13.03,13.02,13.01,13.0,12.99,12.98,13.1,13.11,13.12,13.13,13.16,13.17,13.18,13.2,13.21,13.22,4000,600,400,800,1000,11800,700,300,200,6200,100,1500,100,1600,1900,600,100,6800,20400,8900
54.0,13.1,42100,551055.0,13.08,13.07,13.05,13.04,13.03,13.02,13.01,13.0,12.99,12.98,13.1,13.11,13.12,13.13,13.16,13.17,13.18,13.2,13.21,13.22,4000,600,400,800,1000,11800,700,300,200,6200,100,1500,100,1600,1900,600,100,6800,20400,8900
55.0,13.1,42200,552365.0,13.08,13.07,13.05,13.04,13.03,13.02,13.01,13.0,12.99,12.98,13.11,13.12,13.13,13.16,13.17,13.18,13.2,13.21,13.22,13.23,4000,600,400,800,1000,11800,700,300,200,6200,1500,100,1600,1900,600,100,6800,20400,8900,1200
56.0,13.08,42700,558905.0,13.08,13.07,13.05,13.04,13.03,13.02,13.01,13.0,12.99,12.98,13.11,13.12,13.13,13.16,13.17,13.18,13.2,13.21,13.22,13.23,3500,600,400,800,1000,11800,700,300,200,6200,1500,100,1600,1900,600,100,6800,20400,8900,1200
57.0,13.08,42700,558905.0,13.08,13.07,13.05,13.04,13.03,13.02,13.01,13.0,12.99,12.98,13.11,13.12,13.13,13.16,13.17,13.18,13.2,13.21,13.22,13.23,3500,600,400,800,1000,11800,700,300,200,6200,1500,100,1600,1900,600,100,6800,20400,8900,1200
58.0,13.08,42700,558905.0,13.08,13.07,13.05,13.04,13.03,13.02,13.01,13.0,12.99,12.98,13.11,13.12,13.13,13.16,13.17,13.18,13.2,13.21,13.22,13.23,3500,600,400,800,1000,11800,700,300,200,6200,1500,100,1600,1900,600,100,6800,20400,8900,1200
59.0,13.08,43000,562829.0,13.08,13.07,13.05,13.04,13.03,13.02,13.01,13.0,12.99,12.98,13.11,13.12,13.13,13.16,13.17,13.18,13.2,13.21,13.22,13.23,3200,600,400,800,1000,11800,700,300,200,6200,3600,100,1600,1900,600,100,6800,20400,8900,1200
60.0,13.08,43000,562829.0,13.08,13.07,13.05,13.04,13.03,13.02,13.01,13.0,12.99,12.98,13.11,13.13,13.16,13.17,13.18,13.2,13.21,13.22,13.23,13.25,3000,600,400,800,1000,11800,700,300,200,6200,3600,1600,1900,600,100,6800,20400,8900,1200,1000
61.0,13.11,43300,566762.0,13.08,13.07,13.05,13.04,13.03,13.02,13.01,13.0,12.99,12.98,13.11,13.13,13.14,13.16,13.17,13.18,13.2,13.21,13.22,13.23,2500,600,400,800,1000,11800,700,300,200,6200,3300,1600,100,1900,600,100,6800,20400,8900,1200
62.0,13.1,47000,615274.0,13.09,13.08,13.07,13.05,13.04,13.03,13.02,13.01,13.0,12.99,13.11,13.13,13.14,13.16,13.17,13.18,13.2,13.21,13.22,13.23,900,2600,600,400,800,1000,11800,700,300,200,1500,1300,100,1900,600,100,6800,17700,8900,1200
63.0,13.1,47000,615274.0,13.09,13.08,13.07,13.05,13.04,13.03,13.02,13.01,13.0,12.99,13.11,13.13,13.14,13.16,13.17,13.18,13.2,13.21,13.22,13.23,1100,2600,600,400,800,1000,11700,700,300,200,1500,1300,100,1900,600,100,6800,17700,8900,1200
64.0,13.11,47100,616585.0,13.09,13.08,13.07,13.05,13.04,13.03,13.02,13.01,13.0,12.99,13.11,13.13,13.14,13.16,13.17,13.18,13.2,13.21,13.22,13.23,1100,2600,600,400,800,1000,11700,700,300,200,1400,1300,100,1900,600,100,6800,17700,8900,1200
65.0,13.09,47300,619203.0,13.09,13.08,13.07,13.05,13.04,13.03,13.02,13.01,13.0,12.99,13.11,13.13,13.14,13.16,13.17,13.18,13.2,13.21,13.22,13.23,1000,2500,600,500,1700,1500,11700,700,300,200,1000,1300,100,1900,600,100,6800,17200,8900,1200
66.0,13.09,47400,620512.0,13.1,13.09,13.08,13.07,13.05,13.04,13.03,13.02,13.01,13.0,13.11,13.12,13.13,13.16,13.17,13.18,13.2,13.21,13.22,13.23,400,1900,100,600,500,1700,1500,12900,700,300,1000,100,1300,1900,600,100,6800,17200,8900,1200
67.0,13.1,48500,634922.0,13.09,13.08,13.07,13.05,13.04,13.03,13.02,13.01,13.0,12.99,13.1,13.11,13.12,13.13,13.16,13.17,13.18,13.2,13.21,13.22,1900,100,600,500,1700,1500,12900,700,300,200,100,1000,100,1300,1900,600,100,6800,14800,8900
68.0,13.1,48600,636232.0,13.09,13.08,13.07,13.05,13.04,13.03,13.02,13.01,13.0,12.99,13.1,13.11,13.12,13.13,13.16,13.17,13.18,13.2,13.21,13.22,1800,100,600,500,1700,1500,12900,700,300,200,4900,400,100,1300,1900,600,100,6800,14800,8900
69.0,13.1,49200,644092.0,13.09,13.08,13.07,13.05,13.04,13.03,13.02,13.01,13.0,12.99,13.1,13.11,13.12,13.13,13.16,13.17,13.18,13.2,13.21,13.22,2100,100,600,500,1700,1500,12900,700,300,200,4400,400,100,1300,1900,600,100,6800,14800,8900
70.0,13.13,54400,712227.0,13.09,13.08,13.07,13.05,13.04,13.03,13.02,13.01,13.0,12.99,13.13,13.16,13.17,13.18,13.2,13.21,13.22,13.23,13.25,13.26,2200,100,600,500,1700,1500,12900,700,300,200,1000,1900,600,100,6800,14800,8900,1200,1000,10200
71.0,13.1,55400,725322.0,13.1,13.09,13.08,13.07,13.05,13.04,13.03,13.02,13.01,13.0,13.13,13.16,13.17,13.18,13.2,13.21,13.22,13.23,13.25,13.26,200,1400,100,600,500,1700,1500,12900,700,300,2100,1900,600,100,6800,14800,8900,1200,1000,10200
72.0,13.13,55600,727948.0,13.1,13.09,13.08,13.07,13.05,13.04,13.03,13.02,13.01,13.0,13.13,13.16,13.17,13.18,13.2,13.21,13.22,13.23,13.25,13.26,1900,1400,100,600,500,1700,1500,12900,700,300,1900,1900,600,100,6800,14800,8900,1200,1000,10200
73.0,13.13,56100,734513.0,13.1,13.09,13.08,13.07,13.05,13.04,13.03,13.02,13.01,13.0,13.13,13.16,13.17,13.18,13.2,13.21,13.22,13.23,13.25,13.26,1900,1400,100,600,500,1700,1500,12900,700,300,1400,1900,600,100,6800,14800,8900,1200,1000,10200
74.0,13.13,56300,737136.0,13.12,13.11,13.1,13.09,13.08,13.07,13.05,13.04,13.03,13.02,13.13,13.16,13.17,13.18,13.2,13.21,13.22,13.23,13.25,13.26,200,5200,2000,1400,100,600,400,1700,1500,12900,1900,1900,600,100,6800,14800,8900,1200,1000,10200
75.0,13.13,56300,737136.0,13.12,13.11,13.1,13.09,13.08,13.07,13.05,13.04,13.03,13.02,13.13,13.16,13.17,13.18,13.2,13.21,13.22,13.23,13.25,13.26,200,5200,2000,1400,100,600,400,1700,1500,12900,1900,1900,300,100,6800,14800,8900,1200,1000,10200
76.0,13.13,56300,737136.0,13.12,13.11,13.1,13.09,13.08,13.07,13.05,13.04,13.03,13.02,13.13,13.16,13.17,13.18,13.2,13.21,13.22,13.23,13.25,13.26,200,5200,2000,1400,100,600,400,1700,1500,12900,1900,1900,300,100,6800,14800,8900,1200,1000,10200
77.0,13.13,57900,758141.0,13.13,13.11,13.1,13.09,13.08,13.07,13.05,13.04,13.03,13.02,13.15,13.16,13.17,13.18,13.2,13.21,13.22,13.23,13.25,13.26,600,5200,2000,1200,100,600,400,1700,1500,12900,5800,1900,300,100,6800,14800,8900,1200,1000,10200
78.0,13.13,58000,759454.0,13.13,13.11,13.1,13.09,13.08,13.07,13.05,13.04,13.03,13.02,13.15,13.16,13.17,13.18,13.2,13.21,13.22,13.23,13.25,13.26,500,5700,2000,900,100,600,400,1700,1500,12900,5800,1900,300,100,6800,14800,8900,1200,1000,10200
79.0,13.13,58000,759454.0,13.13,13.11,13.1,13.09,13.07,13.05,13.04,13.03,13.02,13.01,13.15,13.16,13.17,13.18,13.2,13.21,13.22,13.23,13.25,13.26,500,5700,2000,900,600,400,1700,1500,12900,700,5800,1900,300,100,6800,14800,8900,1200,1000,10200
80.0,13.13,58000,759454.0,13.13,13.12,13.11,13.1,13.09,13.07,13.05,13.04,13.03,13.02,13.15,13.16,13.17,13.18,13.2,13.21,13.22,13.23,13.25,13.26,500,100,5500,2000,500,600,400,1700,1500,12900,5800,1900,300,100,6800,14800,8900,1200,1000,10200
81.0,13.13,58000,759454.0,13.13,13.12,13.11,13.1,13.09,13.07,13.05,13.04,13.03,13.02,13.15,13.16,13.17,13.18,13.2,13.21,13.22,13.23,13.25,13.26,500,600,5200,2000,500,600,400,1700,1500,12900,5800,1900,300,100,6800,14800,8900,1200,1000,10200
82.0,13.13,58000,759454.0,13.13,13.12,13.11,13.1,13.09,13.07,13.05,13.04,13.03,13.02,13.15,13.16,13.17,13.18,13.2,13.21,13.22,13.23,13.25,13.26,500,600,5200,2000,500,600,400,1700,1500,12900,5800,1900,300,100,6800,14800,8900,1200,1000,10200
83.0,13.15,58100,760769.0,13.13,13.12,13.11,13.1,13.09,13.07,13.05,13.04,13.03,13.02,13.15,13.16,13.17,13.18,13.2,13.21,13.22,13.23,13.25,13.26,500,600,5200,2000,500,600,400,1700,1500,12900,5700,1900,300,100,6800,14800,8900,1200,1000,10200
84.0,13.15,58100,760769.0,13.13,13.12,13.11,13.1,13.09,13.07,13.05,13.04,13.03,13.02,13.15,13.16,13.17,13.18,13.2,13.21,13.22,13.23,13.25,13.26,500,600,5200,300,500,600,400,1700,1000,12900,5700,1900,300,100,6800,14800,8900,1200,1000,10200
85.0,13.15,58100,760769.0,13.13,13.12,13.11,13.1,13.09,13.07,13.05,13.04,13.03,13.02,13.15,13.16,13.17,13.18,13.2,13.21,13.22,13.23,13.25,13.26,500,600,5200,300,500,600,400,1700,1000,12900,5700,1900,300,100,6800,14800,8900,1200,1000,10200
86.0,13.11,60100,787005.0,13.11,13.1,13.09,13.07,13.05,13.04,13.03,13.02,13.01,13.0,13.14,13.15,13.16,13.17,13.18,13.2,13.21,13.22,13.23,13.25,4300,300,500,600,400,1700,1000,12700,700,300,100,6600,1900,300,100,6800,14600,8900,1200,1000
87.0,13.13,61200,801448.0,13.13,13.11,13.1,13.09,13.07,13.05,13.04,13.03,13.02,13.01,13.14,13.15,13.16,13.17,13.18,13.2,13.21,13.22,13.23,13.25,1600,4300,300,500,600,400,1700,1000,12700,700,100,6600,1900,300,100,6800,14600,8900,1200,1000
88.0,13.13,61300,802761.0,13.13,13.11,13.1,13.09,13.07,13.05,13.04,13.03,13.02,13.01,13.14,13.15,13.16,13.17,13.18,13.2,13.21,13.22,13.23,13.25,1500,4300,300,500,600,400,1700,1000,12700,700,100,6600,1900,300,100,6800,14600,8900,1200,1000
89.0,13.11,63000,825078.0,13.11,13.1,13.09,13.07,13.05,13.04,13.03,13.02,13.01,13.0,13.13,13.14,13.15,13.16,13.17,13.18,13.2,13.21,13.22,13.23,4100,300,500,600,400,1700,1000,12700,700,300,300,100,6600,1900,300,100,6800,14600,8900,1200
90.0,13.14,64200,840831.0,13.11,13.1,13.09,13.07,13.05,13.04,13.03,13.02,13.01,13.0,13.14,13.15,13.16,13.17,13.18,13.2,13.21,13.22,13.23,13.25,3700,300,500,600,400,1700,1000,12700,700,300,2100,6600,1900,300,100,6800,14400,8900,1200,1000
91.0,13.14,64200,840831.0,13.11,13.1,13.09,13.07,13.05,13.04,13.03,13.02,13.01,13.0,13.12,13.14,13.15,13.16,13.17,13.18,13.2,13.21,13.22,13.23,3700,300,500,600,400,1700,1000,12700,700,300,100,2100,6600,1900,300,100,6800,14400,8900,1200
92.0,13.12,64400,843455.0,13.12,13.11,13.1,13.09,13.07,13.05,13.04,13.03,13.02,13.01,13.14,13.15,13.16,13.17,13.18,13.2,13.21,13.22,13.23,13.25,2200,3700,300,500,600,300,1700,1000,12700,700,2100,6600,1900,300,100,6800,9400,8900,1200,1000
93.0,13.12,64400,843455.0,13.12,13.11,13.1,13.09,13.07,13.05,13.04,13.03,13.02,13.01,13.15,13.16,13.17,13.18,13.2,13.21,13.22,13.23,13.25,13.26,2600,3800,300,500,600,300,1700,1000,12700,700,6600,1900,300,100,6800,9400,8900,1200,1000,10200
94.0,13.12,64600,846079.0,13.12,13.11,13.1,13.09,13.07,13.05,13.04,13.03,13.02,13.01,13.15,13.16,13.17,13.18,13.2,13.21,13.22,13.23,13.25,13.26,2400,3800,300,500,600,300,1700,1000,12700,700,6600,1900,300,100,6800,9400,8900,1200,1000,10200
95.0,13.15,65000,851333.0,13.12,13.11,13.1,13.09,13.07,13.05,13.04,13.03,13.02,13.01,13.15,13.16,13.17,13.18,13.2,13.21,13.22,13.23,13.25,13.26,2200,3800,300,500,600,300,1700,1000,12700,700,6400,1900,300,100,6800,9400,8900,1200,1000,10200
96.0,13.15,65000,851333.0,13.12,13.11,13.1,13.09,13.07,13.05,13.04,13.03,13.02,13.01,13.15,13.16,13.17,13.18,13.2,13.21,13.22,13.23,13.25,13.26,2200,3800,300,500,600,300,1700,1000,12700,700,6400,1900,300,100,6800,9400,8900,1200,1000,10200
97.0,13.12,65200,853957.0,13.12,13.11,13.1,13.09,13.07,13.05,13.04,13.03,13.02,13.01,13.15,13.16,13.17,13.18,13.2,13.21,13.22,13.23,13.25,13.26,2000,3800,300,500,600,300,1700,1000,12700,700,6400,1900,300,100,6800,9400,8900,1200,1000,10200
98.0,13.15,66400,869737.0,13.12,13.11,13.1,13.09,13.07,13.05,13.04,13.03,13.02,13.01,13.15,13.16,13.17,13.2,13.21,13.22,13.23,13.25,13.26,13.28,2200,3800,300,500,600,300,1700,1000,12700,700,5200,300,300,6800,9400,8900,1200,1000,10200,2000
99.0,13.15,66400,869737.0,13.12,13.11,13.1,13.09,13.07,13.05,13.04,13.03,13.02,13.01,13.15,13.16,13.17,13.2,13.21,13.22,13.23,13.25,13.26,13.28,2200,3800,300,500,600,300,1700,1000,12700,700,5200,300,300,6800,9400,8900,1200,1000,10200,2000
100.0,13.12,66600,872361.0,13.12,13.11,13.1,13.09,13.07,13.05,13.04,13.03,13.02,13.01,13.15,13.16,13.17,13.2,13.21,13.22,13.23,13.25,13.26,13.28,2000,3800,300,500,600,300,1700,1000,12700,700,5200,300,300,6800,9400,8900,1200,1000,10200,2000
101.0,13.12,66600,872361.0,13.12,13.11,13.1,13.09,13.07,13.05,13.04,13.03,13.02,13.01,13.15,13.16,13.17,13.2,13.21,13.22,13.23,13.25,13.26,13.28,2100,3800,300,500,600,300,1700,1000,12700,700,5600,300,300,6800,9400,8900,200,1000,10200,2000
102.0,13.12,66600,872361.0,13.12,13.11,13.1,13.09,13.07,13.05,13.04,13.03,13.02,13.01,13.15,13.16,13.17,13.2,13.21,13.22,13.23,13.25,13.26,13.28,2100,3800,300,500,600,300,1700,1000,12700,700,5600,300,300,6800,9400,8900,200,1000,10200,2000
103.0,13.12,67000,877609.0,13.12,13.11,13.1,13.09,13.07,13.05,13.04,13.03,13.02,13.01,13.15,13.16,13.17,13.2,13.21,13.22,13.23,13.25,13.26,13.28,1700,3800,300,500,600,300,1700,1000,12700,700,5600,300,300,6800,8200,8900,200,1000,10200,2000
104.0,13.15,68000,890759.0,13.12,13.11,13.1,13.09,13.07,13.05,13.04,13.03,13.02,13.01,13.15,13.16,13.17,13.2,13.21,13.22,13.23,13.25,13.26,13.28,1700,3800,300,500,600,300,1700,1000,12700,700,4600,300,300,6800,8200,8900,200,1000,10200,3000
105.0,13.15,68000,890759.0,13.12,13.11,13.1,13.09,13.07,13.05,13.04,13.03,13.02,13.01,13.15,13.16,13.17,13.2,13.21,13.22,13.23,13.25,13.26,13.28,1700,3800,300,500,600,300,1700,1000,12700,700,4600,300,300,6800,8200,8900,200,1000,10200,3000
106.0,13.15,68000,890759.0,13.12,13.11,13.1,13.09,13.07,13.05,13.04,13.03,13.02,13.01,13.15,13.16,13.17,13.2,13.21,13.22,13.23,13.25,13.26,13.28,1700,3800,300,500,600,300,1700,1000,12700,700,6300,300,300,6800,8200,8900,200,1000,10200,3000
107.0,13.12,68100,892071.0,13.12,13.11,13.1,13.09,13.07,13.05,13.04,13.03,13.02,13.01,13.15,13.16,13.17,13.2,13.21,13.22,13.23,13.25,13.26,13.28,1800,3800,300,500,600,300,1700,1000,12700,700,6300,300,300,6800,8200,8900,200,1000,10200,3000
108.0,13.12,68100,892071.0,13.12,13.11,13.1,13.09,13.07,13.05,13.04,13.03,13.02,13.01,13.15,13.16,13.17,13.2,13.21,13.22,13.23,13.25,13.26,13.28,1800,3800,400,500,600,300,1700,1000,12700,700,6300,300,300,7100,8200,8900,200,1000,10200,3000
109.0,13.12,68100,892071.0,13.12,13.11,13.1,13.09,13.07,13.05,13.04,13.03,13.02,13.01,13.15,13.16,13.17,13.2,13.21,13.22,13.23,13.25,13.26,13.28,1800,3800,400,500,600,300,1700,1000,12700,700,6300,300,300,7100,8200,8900,200,1000,10200,3000
110.0,13.15,69500,910475.0,13.12,13.11,13.1,13.09,13.07,13.05,13.04,13.03,13.02,13.01,13.14,13.15,13.16,13.17,13.2,13.21,13.22,13.23,13.25,13.26,1600,3800,400,500,600,300,1700,1000,12700,700,100,5100,300,300,7100,8200,8900,200,1000,10200
111.0,13.15,69500,910475.0,13.12,13.11,13.1,13.09,13.07,13.05,13.04,13.03,13.02,13.01,13.14,13.15,13.16,13.17,13.2,13.21,13.22,13.23,13.25,13.26,1600,3800,400,500,600,300,1700,1000,12700,700,100,5100,300,300,7100,8200,8900,200,1000,10200
112.0,13.15,69500,910475.0,13.12,13.11,13.1,13.09,13.07,13.05,13.04,13.03,13.02,13.01,13.14,13.15,13.16,13.17,13.2,13.21,13.22,13.23,13.25,13.26,1600,3800,400,500,600,300,1700,1000,12700,700,100,5100,300,300,7100,8200,8900,200,1000,10200
113.0,13.12,69600,911787.0,13.12,13.11,13.1,13.09,13.07,13.05,13.04,13.03,13.02,13.01,13.14,13.15,13.16,13.17,13.2,13.21,13.22,13.23,13.25,13.26,1500,3800,400,500,600,300,1700,1000,12700,700,100,5100,300,300,7100,8200,8900,200,1000,10200
114.0,13.12,69600,911787.0,13.12,13.11,13.1,13.09,13.07,13.05,13.04,13.03,13.02,13.01,13.14,13.15,13.16,13.17,13.2,13.21,13.22,13.23,13.25,13.26,1500,3800,400,500,600,300,1700,1000,12700,700,100,5100,300,300,7100,8200,8900,200,1000,10200
115.0,13.12,69600,911787.0,13.12,13.11,13.1,13.09,13.07,13.05,13.04,13.03,13.02,13.01,13.14,13.15,13.16,13.17,13.2,13.21,13.22,13.23,13.25,13.26,1500,3800,400,500,600,300,1700,1000,12700,700,100,5100,300,300,7100,8200,8900,200,1000,10200
116.0,13.15,70000,917043.0,13.12,13.11,13.1,13.09,13.07,13.05,13.04,13.03,13.02,13.01,13.15,13.16,13.17,13.2,13.21,13.22,13.23,13.25,13.26,13.28,1400,3800,400,500,600,300,1700,1000,12700,700,4900,300,300,7100,8200,8900,200,1000,10200,3000
117.0,13.15,70400,922303.0,13.14,13.12,13.11,13.1,13.09,13.07,13.05,13.04,13.03,13.02,13.15,13.16,13.17,13.2,13.21,13.22,13.23,13.25,13.26,13.28,3300,1400,3800,400,500,600,300,1700,1000,12700,4500,300,300,7100,8200,8900,200,1000,10200,3000
118.0,13.15,70400,922303.0,13.14,13.12,13.11,13.1,13.09,13.07,13.05,13.04,13.03,13.02,13.15,13.16,13.17,13.2,13.21,13.22,13.23,13.25,13.26,13.28,3300,1600,3800,400,500,600,300,1700,1000,12700,4500,300,300,7100,8200,8900,200,1000,10200,3000
119.0,13.15,70400,922303.0,13.14,13.12,13.11,13.1,13.09,13.07,13.05,13.04,13.03,13.02,13.15,13.16,13.17,13.2,13.21,13.22,13.23,13.25,13.26,13.28,4500,1600,3800,400,500,600,300,1700,1000,12700,4300,300,300,7100,8200,8900,200,1000,10200,3000
120.0,13.14,70800,927559.0,13.14,13.12,13.11,13.1,13.09,13.07,13.05,13.04,13.03,13.02,13.15,13.16,13.17,13.2,13.21,13.22,13.23,13.25,13.26,13.28,4100,1200,3800,400,500,600,300,1700,1000,12700,4300,300,300,7100,8200,8900,200,1000,10200,3000
121.0,13.14,70800,927559.0,13.14,13.12,13.11,13.1,13.09,13.07,13.05,13.04,13.03,13.02,13.15,13.16,13.17,13.2,13.21,13.22,13.23,13.25,13.26,13.28,4100,1200,3800,400,500,600,300,1700,1000,12700,4300,300,300,7100,8200,8900,200,1000,10200,3000
122.0,13.15,71700,939394.0,13.14,13.13,13.12,13.11,13.1,13.07,13.05,13.04,13.03,13.02,13.15,13.16,13.17,13.2,13.21,13.22,13.23,13.25,13.26,13.28,4100,100,1200,3700,400,600,300,1700,1000,12700,2300,300,300,7100,8200,8900,200,1000,10200,3000
123.0,13.14,72100,944650.0,13.14,13.13,13.12,13.11,13.1,13.07,13.05,13.04,13.03,13.02,13.15,13.16,13.17,13.2,13.21,13.22,13.23,13.25,13.26,13.28,3700,100,1200,3700,400,600,300,1700,1000,12700,2300,300,400,7100,8200,8900,200,1000,10200,3000
124.0,13.14,75900,994582.0,13.13,13.12,13.11,13.1,13.07,13.05,13.04,13.03,13.02,13.01,13.14,13.15,13.16,13.17,13.2,13.21,13.22,13.23,13.25,13.26,100,1200,3700,300,600,300,1700,1000,12700,700,1100,2400,300,400,7100,8200,8900,200,1000,10200
125.0,13.14,76200,998523.0,13.12,13.11,13.1,13.07,13.05,13.04,13.03,13.02,13.01,13.0,13.14,13.15,13.16,13.17,13.2,13.21,13.22,13.23,13.25,13.26,1200,3700,300,600,300,1700,1000,12700,700,300,1000,2600,300,400,7100,8200,8900,200,1000,10200
126.0,13.14,76200,998523.0,13.12,13.11,13.1,13.07,13.05,13.04,13.03,13.02,13.01,13.0,13.14,13.15,13.16,13.17,13.2,13.21,13.22,13.23,13.25,13.26,1200,3700,300,600,300,1700,1000,12700,700,300,1000,2600,300,400,7100,8200,500,200,1000,10200
127.0,13.14,76400,1001149.0,13.12,13.11,13.1,13.07,13.05,13.04,13.03,13.02,13.01,13.0,13.14,13.15,13.17,13.2,13.21,13.22,13.23,13.25,13.26,13.28,1100,3700,300,600,300,1700,1000,12700,700,300,1000,2600,100,7100,8100,500,200,1000,10200,3000
128.0,13.14,76400,1001149.0,13.12,13.11,13.1,13.07,13.05,13.04,13.03,13.02,13.01,13.0,13.14,13.15,13.17,13.2,13.21,13.22,13.23,13.25,13.26,13.28,1100,3700,300,600,300,1700,1000,12700,700,300,1000,2600,100,7100,8100,500,200,1000,10200,3000
129.0,13.14,76400,1001149.0,13.12,13.11,13.1,13.07,13.05,13.04,13.03,13.02,13.01,13.0,13.14,13.15,13.17,13.2,13.21,13.22,13.23,13.25,13.26,13.28,1100,3700,300,600,300,1700,1000,12700,700,300,1000,2600,100,7100,8100,500,200,1000,10200,3000
130.0,13.12,76500,1002461.0,13.13,13.12,13.11,13.1,13.07,13.05,13.04,13.03,13.02,13.01,13.14,13.15,13.17,13.2,13.21,13.22,13.23,13.25,13.26,13.28,400,1000,3700,300,600,300,1700,1000,12700,700,1000,2600,100,7100,8100,500,200,1000,10200,3000
131.0,13.12,76500,1002461.0,13.13,13.12,13.11,13.1,13.07,13.05,13.04,13.03,13.02,13.01,13.14,13.15,13.17,13.2,13.21,13.22,13.23,13.25,13.26,13.28,700,1000,3700,300,600,300,1700,1000,12700,700,1100,1800,100,7100,8100,500,200,1000,10200,3000
132.0,13.13,78000,1022157.0,13.12,13.11,13.1,13.07,13.05,13.04,13.03,13.02,13.01,13.0,13.13,13.14,13.15,13.17,13.19,13.2,13.21,13.22,13.23,13.25,1100,3700,300,600,300,1700,1000,12700,700,300,500,1000,1800,100,200,7100,8100,500,200,1000
133.0,13.13,78800,1032658.0,13.13,13.12,13.11,13.1,13.07,13.05,13.04,13.03,13.02,13.01,13.14,13.15,13.17,13.19,13.2,13.21,13.22,13.23,13.25,13.26,200,800,3700,300,600,300,1700,1000,12700,700,1000,1800,100,200,7100,8100,500,200,1000,10200
134.0,13.13,78800,1032658.0,13.13,13.12,13.11,13.1,13.07,13.05,13.04,13.03,13.02,13.01,13.14,13.15,13.17,13.19,13.2,13.21,13.22,13.23,13.25,13.26,500,800,3700,300,600,300,1700,1000,12700,700,1000,1600,100,200,7100,8100,500,200,1000,10200
135.0,13.13,78800,1032658.0,13.13,13.12,13.11,13.1,13.07,13.05,13.04,13.03,13.02,13.01,13.14,13.15,13.17,13.19,13.2,13.21,13.22,13.23,13.25,13.26,500,1000,3700,300,600,300,1700,1000,12700,700,1000,1600,100,200,7100,8100,500,200,1000,10200
136.0,13.13,78800,1032658.0,13.13,13.12,13.11,13.1,13.07,13.05,13.04,13.03,13.02,13.01,13.14,13.15,13.17,13.19,13.2,13.21,13.22,13.23,13.25,13.26,500,1000,3700,300,600,300,1700,1000,12700,700,900,1700,100,200,7100,8100,500,200,1000,10200
137.0,13.13,78800,1032658.0,13.13,13.12,13.11,13.1,13.07,13.05,13.04,13.03,13.02,13.01,13.14,13.15,13.17,13.19,13.2,13.21,13.22,13.23,13.25,13.26,700,800,3700,300,600,300,1700,1000,12700,700,1000,1600,100,200,7100,8100,500,200,1000,10200
138.0,13.13,78800,1032658.0,13.13,13.12,13.11,13.1,13.07,13.05,13.04,13.03,13.02,13.01,13.14,13.15,13.17,13.19,13.2,13.21,13.22,13.23,13.25,13.26,700,800,3700,300,600,300,1700,1000,12700,700,1000,1600,100,200,7100,8100,500,200,1000,10200
139.0,13.13,78800,1032658.0,13.13,13.12,13.11,13.1,13.07,13.05,13.04,13.03,13.02,13.01,13.14,13.15,13.17,13.19,13.2,13.21,13.22,13.23,13.25,13.26,700,800,3700,300,600,300,1700,1000,12700,700,1000,1600,100,300,7100,8100,500,200,1000,10200
140.0,13.13,78800,1032658.0,13.13,13.12,13.11,13.1,13.07,13.05,13.04,13.03,13.02,13.01,13.14,13.15,13.17,13.19,13.2,13.21,13.22,13.23,13.25,13.26,1600,800,3700,300,600,300,1700,1000,12700,700,1200,1600,100,300,7100,8100,500,200,1000,10200
141.0,13.13,78800,1032658.0,13.13,13.12,13.11,13.1,13.07,13.05,13.04,13.03,13.02,13.01,13.14,13.15,13.17,13.19,13.2,13.21,13.22,13.23,13.25,13.26,1600,800,3700,300,600,300,1700,1000,12700,700,1200,1600,100,300,7100,8100,500,200,1000,10200
142.0,13.13,78800,1032658.0,13.13,13.12,13.11,13.1,13.07,13.05,13.04,13.03,13.02,13.01,13.14,13.15,13.17,13.19,13.2,13.21,13.22,13.23,13.25,13.26,1600,800,3700,300,600,300,1700,1000,12700,700,1200,1600,100,300,7100,8100,500,200,1000,10200
143.0,13.14,79000,1035285.0,13.13,13.12,13.11,13.1,13.07,13.05,13.04,13.03,13.02,13.01,13.14,13.15,13.17,13.19,13.2,13.21,13.22,13.23,13.25,13.26,2300,800,3700,300,600,300,1700,1000,12700,700,1100,1600,100,300,7100,8100,500,200,1000,10200
144.0,13.14,80200,1051053.0,13.14,13.13,13.12,13.11,13.1,13.07,13.05,13.04,13.03,13.02,13.15,13.17,13.19,13.2,13.21,13.22,13.23,13.25,13.26,13.28,700,2200,800,3700,300,600,300,1700,1000,12700,1600,100,300,7100,8100,500,200,1000,10200,2200
145.0,13.13,81200,1064191.0,13.13,13.12,13.11,13.1,13.07,13.05,13.04,13.03,13.02,13.01,13.14,13.15,13.17,13.19,13.2,13.21,13.22,13.23,13.25,13.26,2000,800,3700,300,600,300,1700,1000,12700,700,900,1700,100,300,7100,8100,500,200,1000,10200
146.0,13.14,81600,1069445.0,13.13,13.12,13.11,13.1,13.07,13.05,13.04,13.03,13.02,13.01,13.14,13.15,13.17,13.19,13.2,13.21,13.22,13.23,13.25,13.26,1800,600,3700,300,600,300,1700,1000,12700,700,700,1700,100,300,7100,8100,500,200,1000,10200
147.0,13.15,84100,1102311.0,13.15,13.13,13.12,13.11,13.1,13.07,13.05,13.04,13.03,13.02,13.17,13.19,13.2,13.21,13.22,13.23,13.25,13.26,13.28,13.29,2800,1700,500,3500,300,600,300,1700,4500,12700,200,300,7100,8100,500,200,1000,10200,2200,42500
148.0,13.15,84100,1102311.0,13.15,13.14,13.13,13.12,13.11,13.1,13.07,13.05,13.04,13.03,13.17,13.19,13.2,13.21,13.22,13.23,13.25,13.26,13.28,13.29,2800,100,1700,600,3500,300,600,300,1700,4500,200,300,7100,8100,500,200,1000,10200,2200,42500
149.0,13.17,84400,1106262.0,13.15,13.14,13.13,13.12,13.11,13.1,13.07,13.05,13.04,13.03,13.19,13.2,13.21,13.22,13.23,13.25,13.26,13.28,13.29,13.3,2800,100,1700,600,3500,300,600,300,1700,4500,300,7100,8100,500,200,1000,10200,2200,42500,11400
150.0,13.15,84600,1108892.0,13.15,13.14,13.13,13.12,13.11,13.1,13.07,13.05,13.04,13.03,13.19,13.2,13.21,13.22,13.23,13.25,13.26,13.28,13.29,13.3,2700,100,1700,600,3500,300,600,300,1700,4500,400,7100,8100,500,200,1000,10200,2200,42500,11400
151.0,13.18,84700,1110210.0,13.15,13.14,13.13,13.12,13.11,13.1,13.07,13.05,13.04,13.03,13.18,13.19,13.2,13.21,13.22,13.23,13.26,13.28,13.29,13.3,2700,400,1700,600,3500,300,600,300,1700,4500,200,400,7100,8100,500,200,10200,2200,42500,11400
152.0,13.15,85200,1116785.0,13.15,13.14,13.13,13.12,13.11,13.1,13.07,13.05,13.04,13.03,13.18,13.19,13.2,13.21,13.22,13.23,13.26,13.28,13.29,13.3,2200,400,1700,600,3500,300,600,300,1700,4500,200,900,7100,8100,500,200,10200,2200,42500,11400
153.0,13.15,85200,1116785.0,13.15,13.14,13.13,13.12,13.11,13.1,13.07,13.05,13.04,13.03,13.18,13.19,13.2,13.21,13.22,13.23,13.26,13.28,13.29,13.3,2200,400,1700,600,3500,300,600,300,1700,4500,200,900,7100,8100,500,200,10200,2200,42500,11400
154.0,13.15,85700,1123363.0,13.15,13.14,13.13,13.12,13.11,13.1,13.07,13.05,13.04,13.03,13.18,13.19,13.2,13.21,13.22,13.23,13.26,13.28,13.29,13.3,1800,1200,900,600,3500,300,600,300,1700,4500,100,900,7100,8100,500,200,10200,2200,42500,11400
155.0,13.15,85700,1123363.0,13.15,13.14,13.13,13.12,13.11,13.1,13.07,13.05,13.04,13.03,13.18,13.19,13.2,13.21,13.22,13.23,13.26,13.28,13.29,13.3,2000,1200,900,600,3500,200,600,300,1700,4500,400,600,7100,8100,500,200,10200,2200,42500,11400
156.0,13.15,86100,1128623.0,13.15,13.14,13.13,13.12,13.11,13.1,13.07,13.05,13.04,13.03,13.18,13.19,13.2,13.21,13.22,13.23,13.26,13.28,13.29,13.3,1600,1200,900,600,3500,200,600,300,1700,4500,400,600,7100,8100,500,200,10200,2200,42500,11400
157.0,13.17,87300,1144428.0,13.15,13.14,13.13,13.12,13.11,13.1,13.07,13.05,13.04,13.03,13.18,13.19,13.2,13.21,13.22,13.23,13.26,13.28,13.29,13.3,1700,1200,900,600,3500,200,600,300,1700,4500,700,600,7100,8100,500,200,10200,2200,42500,11400
158.0,13.15,87400,1145743.0,13.15,13.14,13.13,13.12,13.11,13.07,13.05,13.04,13.03,13.02,13.18,13.19,13.2,13.21,13.22,13.23,13.26,13.28,13.29,13.3,2900,1200,900,600,3500,600,300,1700,4500,12600,700,600,7100,8100,500,200,10200,2200,42500,11400
159.0,13.15,87400,1145743.0,13.15,13.14,13.13,13.12,13.11,13.07,13.05,13.04,13.03,13.02,13.18,13.19,13.2,13.21,13.22,13.23,13.26,13.28,13.29,13.3,3100,1200,900,600,3500,600,300,1700,4500,12600,700,600,7100,8100,500,200,10200,2200,42500,11400
160.0,13.15,87700,1149688.0,13.15,13.14,13.13,13.12,13.11,13.07,13.05,13.04,13.03,13.02,13.18,13.19,13.2,13.21,13.22,13.23,13.26,13.28,13.29,13.3,2800,1200,900,600,3500,600,300,1700,4500,12600,800,600,15500,8100,500,200,10200,2200,42500,11400
161.0,13.15,89600,1174673.0,13.15,13.14,13.13,13.12,13.11,13.1,13.07,13.05,13.04,13.03,13.17,13.18,13.19,13.2,13.21,13.22,13.23,13.26,13.28,13.29,1500,1200,900,400,3500,300,600,300,1700,4500,400,1600,600,15500,8100,500,200,10200,2200,42500
162.0,13.15,89600,1174673.0,13.15,13.14,13.13,13.12,13.11,13.1,13.07,13.05,13.04,13.03,13.17,13.18,13.19,13.2,13.21,13.22,13.23,13.26,13.28,13.29,1800,1200,900,400,3500,300,600,300,1700,4500,400,1600,600,15500,8100,500,200,10200,2200,42500
163.0,13.15,89900,1178618.0,13.15,13.14,13.13,13.12,13.11,13.1,13.07,13.05,13.04,13.03,13.17,13.18,13.19,13.2,13.21,13.22,13.23,13.26,13.28,13.29,1500,1200,900,400,3500,300,600,300,1700,4500,400,1600,600,15500,8100,500,200,10200,2200,42500
164.0,13.12,93700,1228556.0,13.12,13.11,13.1,13.07,13.05,13.04,13.03,13.02,13.01,13.0,13.14,13.15,13.17,13.18,13.19,13.2,13.21,13.22,13.23,13.26,200,3500,300,600,300,1700,4500,12600,700,300,200,11600,400,1600,600,15500,8100,500,200,10200
165.0,13.15,98700,1294304.0,13.12,13.11,13.1,13.07,13.05,13.04,13.03,13.02,13.01,13.0,13.15,13.17,13.18,13.19,13.2,13.21,13.22,13.23,13.26,13.28,200,3500,300,600,300,1700,4500,12600,700,300,7600,400,1600,600,15500,8100,500,200,10200,2200
166.0,13.15,98700,1294304.0,13.12,13.11,13.1,13.07,13.05,13.04,13.03,13.02,13.01,13.0,13.15,13.17,13.18,13.19,13.2,13.21,13.22,13.23,13.26,13.28,200,3500,300,600,300,1700,4500,12600,700,300,7800,400,1600,600,15500,8100,500,200,10200,2200
167.0,13.15,99400,1303509.0,13.12,13.11,13.1,13.07,13.04,13.03,13.02,13.01,13.0,12.99,13.13,13.14,13.15,13.17,13.18,13.19,13.2,13.21,13.22,13.23,200,3500,300,600,1700,4500,12600,700,300,200,300,100,7900,400,1500,400,15500,8100,500,200
168.0,13.15,99400,1303509.0,13.12,13.11,13.1,13.07,13.04,13.03,13.02,13.01,13.0,12.99,13.13,13.14,13.15,13.17,13.18,13.19,13.2,13.21,13.22,13.23,200,3500,300,600,1700,4500,12600,700,300,200,300,100,8500,400,1500,400,15500,8100,500,200
169.0,13.15,99400,1303509.0,13.12,13.11,13.1,13.07,13.04,13.03,13.02,13.01,13.0,12.99,13.13,13.14,13.15,13.17,13.18,13.19,13.2,13.21,13.22,13.23,200,3500,300,600,1700,4500,12600,700,300,200,300,100,8500,400,1500,400,15500,8100,500,200
170.0,13.12,99700,1307445.0,13.11,13.1,13.07,13.04,13.03,13.02,13.01,13.0,12.99,12.98,13.13,13.14,13.15,13.17,13.18,13.19,13.2,13.21,13.22,13.23,3500,300,600,1700,4500,12600,700,300,200,9300,100,100,2500,400,1500,400,15500,8100,500,200
171.0,13.12,99700,1307445.0,13.1,13.07,13.04,13.03,13.02,13.01,13.0,12.99,12.98,12.97,13.13,13.14,13.15,13.17,13.18,13.19,13.2,13.21,13.22,13.23,300,600,1700,4500,12600,700,300,200,9300,300,100,100,2500,200,1500,700,15500,8100,300,200
172.0,13.12,99700,1307445.0,13.1,13.07,13.04,13.03,13.02,13.01,13.0,12.99,12.98,12.97,13.13,13.15,13.18,13.19,13.2,13.21,13.22,13.23,13.26,13.28,300,600,1700,4500,12600,700,300,200,9300,300,900,2500,1500,700,15500,8100,300,200,10200,2200
173.0,13.12,99700,1307445.0,13.1,13.07,13.04,13.03,13.02,13.01,13.0,12.99,12.98,12.97,13.12,13.13,13.15,13.18,13.19,13.2,13.21,13.22,13.23,13.26,300,600,1700,4500,12600,700,300,200,9300,300,1000,900,1700,1500,700,15500,8100,300,200,10200
174.0,13.12,99800,1308757.0,13.1,13.07,13.04,13.03,13.02,13.01,13.0,12.99,12.98,12.97,13.12,13.13,13.15,13.18,13.19,13.2,13.21,13.22,13.23,13.26,300,600,1700,4500,12600,700,300,200,9300,300,900,900,1700,1500,700,15500,8100,300,200,10200
175.0,13.12,99800,1308757.0,13.1,13.07,13.04,13.03,13.02,13.01,13.0,12.99,12.98,12.97,13.12,13.13,13.15,13.18,13.19,13.2,13.21,13.22,13.23,13.26,300,600,1700,4500,12600,700,300,200,9300,300,900,900,1700,1500,700,15500,8100,300,200,10200
176.0,13.12,99800,1308757.0,13.1,13.07,13.04,13.03,13.02,13.01,13.0,12.99,12.98,12.97,13.12,13.13,13.15,13.18,13.19,13.2,13.21,13.22,13.23,13.26,300,600,1700,4500,12600,700,300,200,9300,300,1100,900,900,1500,700,15500,8100,300,200,10200
177.0,13.12,99800,1308757.0,13.1,13.07,13.04,13.03,13.02,13.01,13.0,12.99,12.98,12.97,13.12,13.13,13.15,13.18,13.19,13.2,13.21,13.22,13.23,13.26,300,600,1700,4500,12600,700,300,200,9300,300,1100,900,900,1500,700,15500,8100,300,200,10200
178.0,13.12,99800,1308757.0,13.1,13.07,13.04,13.03,13.02,13.01,13.0,12.99,12.98,12.97,13.12,13.13,13.15,13.18,13.19,13.2,13.21,13.22,13.23,13.26,300,600,1700,4500,12600,700,300,200,9300,300,1100,900,900,1500,700,15500,8100,300,200,10200
179.0,13.12,99800,1308757.0,13.1,13.07,13.04,13.03,13.02,13.01,13.0,12.99,12.98,12.97,13.12,13.13,13.15,13.18,13.19,13.2,13.21,13.22,13.23,13.26,300,600,1700,4500,12600,700,300,200,9300,300,1300,900,900,1500,700,15500,8100,300,200,10200
180.0,13.1,99900,1310067.0,13.1,13.07,13.04,13.03,13.02,13.01,13.0,12.99,12.98,12.97,13.12,13.13,13.15,13.18,13.19,13.2,13.21,13.22,13.23,13.26,200,600,1700,4500,12600,700,300,200,9300,300,2100,900,900,6500,700,15500,8100,300,200,10200
181.0,13.12,100200,1314003.0,13.1,13.07,13.04,13.03,13.02,13.01,13.0,12.99,12.98,12.97,13.12,13.13,13.15,13.18,13.19,13.2,13.21,13.22,13.23,13.26,400,600,1700,4500,12600,700,300,200,9300,300,1800,900,900,6500,700,15500,8100,300,200,10200
182.0,13.12,100200,1314003.0,13.1,13.07,13.04,13.03,13.02,13.01,13.0,12.99,12.98,12.97,13.12,13.13,13.15,13.18,13.19,13.2,13.21,13.22,13.23,13.26,400,600,1700,4500,12600,700,300,200,9300,300,1800,900,300,6500,700,15500,8100,300,200,10200
183.0,13.12,100200,1314003.0,13.1,13.08,13.07,13.04,13.03,13.02,13.01,13.0,12.99,12.98,13.12,13.13,13.15,13.18,13.19,13.2,13.21,13.22,13.23,13.26,400,1300,600,1700,4500,12600,700,300,200,9300,1800,900,300,6500,700,15500,8100,300,200,10200
184.0,13.12,100200,1314003.0,13.1,13.08,13.07,13.04,13.03,13.02,13.01,13.0,12.99,12.98,13.12,13.13,13.15,13.18,13.19,13.2,13.21,13.22,13.23,13.26,400,1300,600,1700,4500,12600,700,300,200,9300,1800,900,300,6500,700,15500,8100,300,200,10200
185.0,13.12,100200,1314003.0,13.1,13.08,13.07,13.04,13.03,13.02,13.01,13.0,12.99,12.98,13.12,13.13,13.15,13.18,13.19,13.2,13.21,13.22,13.23,13.26,400,1300,600,1700,4500,12600,700,300,200,9300,1800,900,300,6500,700,15500,8100,300,200,10200
186.0,13.12,100200,1314003.0,13.1,13.08,13.07,13.04,13.03,13.02,13.01,13.0,12.99,12.98,13.12,13.13,13.14,13.15,13.18,13.19,13.2,13.21,13.22,13.23,400,1300,600,1700,4500,12600,700,300,200,9300,1800,900,600,300,6500,700,15500,8100,300,200
187.0,13.12,100200,1314003.0,13.1,13.08,13.07,13.04,13.03,13.02,13.01,13.0,12.99,12.98,13.12,13.13,13.14,13.15,13.18,13.19,13.2,13.21,13.22,13.23,400,1300,600,1700,4500,12600,700,300,200,9300,1800,900,600,300,6500,700,15500,8100,300,200
188.0,13.12,100200,1314003.0,13.1,13.08,13.07,13.04,13.03,13.02,13.01,13.0,12.99,12.98,13.12,13.13,13.14,13.15,13.18,13.19,13.2,13.21,13.22,13.23,400,1300,600,1700,4500,12600,700,300,200,9300,1800,900,600,300,6500,700,15500,8100,300,200
189.0,13.13,102200,1340245.0,13.1,13.08,13.07,13.04,13.03,13.02,13.01,13.0,12.99,12.98,13.12,13.13,13.14,13.15,13.18,13.19,13.2,13.21,13.22,13.23,400,1300,600,1700,4500,12600,700,300,200,9300,300,3700,600,300,6500,700,15500,8100,300,200
190.0,13.13,102200,1340245.0,13.1,13.08,13.07,13.04,13.03,13.02,13.01,13.0,12.99,12.98,13.12,13.13,13.14,13.15,13.18,13.19,13.2,13.21,13.22,13.23,400,1300,600,1700,4500,12600,700,300,200,9300,300,4000,600,300,6900,700,15500,8100,300,200
191.0,13.13,102200,1340245.0,13.1,13.07,13.04,13.03,13.02,13.01,13.0,12.99,12.98,12.97,13.12,13.13,13.14,13.15,13.18,13.19,13.2,13.21,13.22,13.23,400,600,1700,4500,12600,700,300,200,9300,300,300,4100,600,300,6900,700,15500,8100,300,700
192.0,13.13,102200,1340245.0,13.1,13.07,13.04,13.03,13.02,13.01,13.0,12.99,12.98,12.97,13.12,13.13,13.14,13.15,13.18,13.19,13.2,13.21,13.22,13.23,400,600,1700,4500,12600,700,300,200,9300,300,300,4100,600,300,6900,700,15500,8100,300,700
193.0,13.13,102200,1340245.0,13.1,13.07,13.04,13.03,13.02,13.01,13.0,12.99,12.98,12.97,13.12,13.13,13.14,13.15,13.18,13.19,13.2,13.21,13.22,13.23,400,600,1700,4500,12600,700,300,200,9300,300,300,4100,600,300,6900,700,15500,8100,300,700
194.0,13.11,102400,1342867.0,13.1,13.07,13.04,13.03,13.02,13.01,13.0,12.99,12.98,12.97,13.13,13.14,13.15,13.18,13.19,13.2,13.21,13.22,13.23,13.26,400,600,1700,4500,12600,700,300,200,9300,300,4100,600,1800,6900,700,16600,8100,300,700,200
195.0,13.11,102500,1344178.0,13.11,13.1,13.07,13.04,13.03,13.02,13.01,13.0,12.99,12.98,13.13,13.14,13.15,13.18,13.19,13.2,13.21,13.22,13.23,13.26,100,500,600,1700,4500,12600,700,300,200,9300,4200,600,1800,6900,700,16600,8100,300,700,200
196.0,13.13,102900,1349430.0,13.11,13.1,13.07,13.04,13.03,13.02,13.01,13.0,12.99,12.98,13.13,13.14,13.15,13.18,13.19,13.2,13.21,13.22,13.23,13.26,100,500,600,1500,4500,12600,700,300,200,9300,3800,600,1800,6900,700,16600,8100,300,700,200
197.0,13.13,102900,1349430.0,13.11,13.1,13.07,13.04,13.03,13.02,13.01,13.0,12.99,12.98,13.13,13.14,13.15,13.18,13.19,13.2,13.21,13.22,13.23,13.26,100,500,600,1500,4500,12600,700,300,200,9300,3600,600,1800,6900,700,16600,8100,300,700,200
198.0,13.13,102900,1349430.0,13.11,13.1,13.07,13.04,13.03,13.02,13.01,13.0,12.99,12.98,13.13,13.15,13.18,13.19,13.2,13.21,13.22,13.23,13.26,13.28,100,500,600,1500,4500,12600,700,300,200,9300,3600,1800,6900,700,16600,8100,300,700,200,2200
199.0,13.13,102900,1349430.0,13.11,13.1,13.07,13.04,13.03,13.02,13.01,13.0,12.99,12.98,13.13,13.15,13.18,13.19,13.2,13.21,13.22,13.23,13.26,13.28,100,500,600,1500,4500,12600,700,300,200,9300,4200,1800,6900,700,16600,8100,300,700,200,2200
200.0,13.13,102900,1349430.0,13.11,13.1,13.07,13.04,13.03,13.02,13.01,13.0,12.99,12.98,13.13,13.15,13.18,13.19,13.2,13.21,13.22,13.23,13.26,13.28,100,500,600,1500,4500,12600,700,300,200,9300,4200,1800,6900,700,16600,8100,300,700,200,2200
201.0,13.13,102900,1349430.0,13.11,13.1,13.07,13.04,13.03,13.02,13.01,13.0,12.99,12.98,13.13,13.15,13.18,13.19,13.2,13.21,13.22,13.23,13.26,13.28,100,500,600,1500,4500,12600,700,300,200,9300,5900,1800,6900,700,16600,8100,300,700,200,2200
202.0,13.13,102900,1349430.0,13.11,13.1,13.07,13.04,13.03,13.02,13.01,13.0,12.99,12.98,13.13,13.15,13.18,13.19,13.2,13.21,13.22,13.23,13.26,13.28,200,500,600,1500,4500,12600,700,300,200,9300,5900,1800,6900,700,16600,8100,300,700,200,2200
203.0,13.13,102900,1349430.0,13.11,13.1,13.07,13.04,13.03,13.02,13.01,13.0,12.99,12.98,13.13,13.15,13.18,13.19,13.2,13.21,13.22,13.23,13.26,13.28,200,500,600,1500,4500,12600,700,300,200,9300,5900,1800,6900,700,16600,8100,300,700,200,2200
204.0,13.13,102900,1349430.0,13.11,13.1,13.07,13.04,13.03,13.02,13.01,13.0,12.99,12.98,13.13,13.15,13.18,13.19,13.2,13.21,13.22,13.23,13.26,13.28,200,500,600,1500,4500,12600,700,300,200,9300,5900,1800,6900,700,16600,8100,300,700,200,2200
205.0,13.13,102900,1349430.0,13.11,13.1,13.07,13.04,13.03,13.02,13.01,13.0,12.99,12.98,13.13,13.15,13.18,13.19,13.2,13.21,13.22,13.23,13.26,13.28,200,500,600,1500,4500,12600,700,300,200,9300,5900,1800,6900,700,16600,8100,300,700,200,2200
206.0,13.13,102900,1349430.0,13.11,13.1,13.07,13.04,13.03,13.02,13.01,13.0,12.99,12.98,13.13,13.15,13.18,13.19,13.2,13.21,13.22,13.23,13.26,13.28,200,500,600,1500,4500,12600,700,300,200,9300,5900,1800,6900,700,16600,8100,300,700,200,2200
207.0,13.13,102900,1349430.0,13.11,13.1,13.07,13.04,13.03,13.02,13.01,13.0,12.99,12.98,13.13,13.15,13.18,13.19,13.2,13.21,13.22,13.23,13.26,13.28,2900,300,600,1500,4500,12600,700,300,200,9300,6100,1800,6900,700,16600,8100,300,700,200,2200
208.0,13.11,103100,1352052.0,13.11,13.1,13.07,13.04,13.03,13.02,13.01,13.0,12.99,12.98,13.13,13.15,13.18,13.19,13.2,13.21,13.22,13.23,13.26,13.28,2700,300,600,1500,4500,12600,700,300,200,9300,4600,1800,6900,1600,16600,8100,300,700,200,2200
209.0,13.12,103700,1359924.0,13.11,13.1,13.07,13.04,13.03,13.02,13.01,13.0,12.99,12.98,13.13,13.15,13.18,13.19,13.2,13.21,13.22,13.23,13.26,13.28,2700,300,600,1500,4500,12600,700,300,200,9300,4600,1800,6900,1600,16600,8100,300,700,200,2200
210.0,13.12,104100,1365172.0,13.12,13.11,13.1,13.07,13.04,13.03,13.02,13.01,13.0,12.99,13.13,13.15,13.18,13.19,13.2,13.21,13.22,13.23,13.26,13.28,200,2700,300,600,1500,4500,12600,700,300,200,4600,1800,6900,1600,17600,8100,300,700,200,2200
211.0,13.12,104300,1367796.0,13.11,13.1,13.07,13.04,13.03,13.02,13.01,13.0,12.99,12.98,13.13,13.15,13.18,13.19,13.2,13.21,13.22,13.23,13.26,13.28,2700,300,600,1500,4500,12600,700,300,200,9300,4600,1800,6900,1600,17600,8100,300,700,200,2200
212.0,13.11,104500,1370418.0,13.11,13.1,13.07,13.04,13.03,13.02,13.01,13.0,12.99,12.98,13.13,13.15,13.18,13.19,13.2,13.21,13.22,13.23,13.26,13.28,2500,300,600,1500,4500,12600,700,300,200,9300,4600,1800,6900,1600,17600,8100,300,700,200,2200
213.0,13.11,104500,1370418.0,13.11,13.1,13.07,13.04,13.03,13.02,13.01,13.0,12.99,12.98,13.13,13.15,13.18,13.19,13.2,13.21,13.22,13.23,13.26,13.28,2500,300,600,1500,4500,12600,700,300,200,9300,4600,1800,6900,1600,17600,8100,300,700,200,2200
214.0,13.11,105000,1376973.0,13.11,13.1,13.07,13.04,13.03,13.02,13.01,13.0,12.99,12.98,13.13,13.15,13.18,13.19,13.2,13.21,13.22,13.23,13.26,13.28,2000,300,600,1500,4500,12600,700,300,200,9300,4600,1800,6900,1600,17600,8100,300,700,200,2200
215.0,13.13,106700,1399290.0,13.11,13.1,13.07,13.04,13.03,13.02,13.01,13.0,12.99,12.98,13.13,13.15,13.18,13.19,13.2,13.21,13.22,13.23,13.26,13.28,1800,300,900,1500,4500,12600,700,300,200,9300,3100,1800,6900,1600,17600,8100,300,700,200,2200
216.0,13.13,107600,1411107.0,13.11,13.1,13.07,13.04,13.03,13.02,13.01,13.0,12.99,12.98,13.13,13.15,13.18,13.19,13.2,13.21,13.22,13.23,13.26,13.28,1900,300,900,1500,4500,12600,700,300,200,9300,2200,1800,6900,1600,17600,8100,300,700,200,2200
217.0,13.13,107600,1411107.0,13.11,13.1,13.07,13.04,13.03,13.02,13.01,13.0,12.99,12.98,13.13,13.15,13.18,13.19,13.2,13.21,13.22,13.23,13.26,13.28,1900,300,900,1500,4500,12600,700,300,200,9300,2200,1800,6900,1600,17600,8100,300,700,200,2200
218.0,13.13,108300,1420294.0,13.11,13.1,13.07,13.04,13.03,13.02,13.01,13.0,12.99,12.98,13.13,13.15,13.18,13.19,13.2,13.21,13.22,13.23,13.26,13.28,1700,300,900,1500,4500,12600,700,300,200,9300,1700,1800,6900,1600,17600,8100,300,700,200,2200
219.0,13.13,108600,1424233.0,13.11,13.1,13.07,13.04,13.03,13.02,13.01,13.0,12.99,12.98,13.13,13.15,13.18,13.19,13.2,13.21,13.22,13.23,13.26,13.28,2700,300,900,1500,4500,12600,700,300,200,9300,1500,1800,6900,1600,17600,8100,300,700,200,2200
220.0,13.13,108600,1424233.0,13.11,13.1,13.07,13.04,13.03,13.02,13.01,13.0,12.99,12.98,13.13,13.15,13.18,13.19,13.2,13.21,13.22,13.23,13.26,13.28,2700,300,900,1500,4500,12600,700,300,200,9300,1500,1800,6900,1600,17600,8100,300,700,200,2200
221.0,13.13,109000,1429485.0,13.11,13.1,13.07,13.04,13.03,13.02,13.01,13.0,12.99,12.98,13.13,13.15,13.18,13.19,13.2,13.21,13.22,13.23,13.26,13.28,2700,300,900,1500,4500,12600,700,300,200,9300,1300,1800,6900,1600,17600,8100,300,700,200,2200
222.0,13.11,109200,1432107.0,13.11,13.1,13.07,13.04,13.03,13.02,13.01,13.0,12.99,12.98,13.13,13.15,13.18,13.19,13.2,13.21,13.22,13.23,13.26,13.28,2500,300,900,1500,4500,12600,700,300,200,9300,1300,1800,6900,1600,17600,8100,300,700,200,2200
223.0,13.11,109200,1432107.0,13.11,13.1,13.07,13.04,13.03,13.02,13.01,13.0,12.99,12.98,13.13,13.15,13.18,13.19,13.2,13.21,13.22,13.23,13.26,13.28,2500,300,900,1500,4500,12600,700,300,200,9300,1300,1800,6900,1600,17600,8100,300,700,200,2200
224.0,13.11,109200,1432107.0,13.11,13.1,13.07,13.04,13.03,13.02,13.01,13.0,12.99,12.98,13.13,13.15,13.18,13.19,13.2,13.21,13.22,13.23,13.26,13.28,2500,300,900,1500,4500,12600,700,300,200,9300,1300,1800,6900,1600,17600,8100,300,700,200,2200
225.0,13.11,109400,1434729.0,13.11,13.1,13.07,13.04,13.03,13.02,13.01,13.0,12.99,12.98,13.13,13.15,13.18,13.19,13.2,13.21,13.22,13.23,13.26,13.28,2300,300,900,1500,4500,12600,700,500,200,9300,1300,1800,6900,1600,17600,8100,300,700,200,2200
226.0,13.11,110000,1442595.0,13.11,13.1,13.07,13.04,13.03,13.02,13.01,13.0,12.99,12.98,13.13,13.15,13.18,13.19,13.2,13.21,13.22,13.23,13.26,13.28,1700,300,900,1500,4500,12600,700,500,200,9300,1300,1800,6900,1600,17600,8100,300,700,200,2200
227.0,13.11,110000,1442595.0,13.11,13.1,13.07,13.04,13.03,13.02,13.01,13.0,12.99,12.98,13.13,13.15,13.18,13.19,13.2,13.21,13.22,13.23,13.26,13.28,1700,300,900,1500,4500,12600,700,500,200,9300,1300,1800,6900,1600,17600,8100,300,700,200,2200
228.0,13.11,110100,1443906.0,13.11,13.1,13.07,13.04,13.03,13.02,13.01,13.0,12.99,12.98,13.13,13.15,13.18,13.19,13.2,13.21,13.22,13.23,13.26,13.28,1600,300,900,1500,4500,12600,700,500,200,9300,1300,1800,6900,1600,17600,8100,300,700,200,2200
229.0,13.11,110100,1443906.0,13.11,13.1,13.07,13.04,13.03,13.02,13.01,13.0,12.99,12.98,13.13,13.15,13.18,13.19,13.2,13.21,13.22,13.23,13.26,13.28,1600,300,900,1500,4500,12600,700,500,200,9300,1300,1800,6900,1600,17600,8100,300,700,200,2200
230.0,13.13,110300,1446532.0,13.11,13.1,13.07,13.04,13.03,13.02,13.01,13.0,12.99,12.98,13.13,13.14,13.15,13.18,13.19,13.2,13.21,13.22,13.23,13.26,1600,300,900,1500,4500,12600,700,500,200,9300,1100,1600,1800,6900,1600,17600,8100,300,700,200
231.0,13.11,110400,1447843.0,13.11,13.1,13.07,13.04,13.03,13.02,13.01,13.0,12.99,12.98,13.13,13.14,13.15,13.18,13.19,13.2,13.21,13.22,13.23,13.26,1500,300,900,1500,4500,12600,700,500,200,9300,1100,1600,1800,6900,1600,17600,8100,300,700,200
232.0,13.11,110400,1447843.0,13.11,13.1,13.07,13.04,13.03,13.02,13.01,13.0,12.99,12.98,13.13,13.14,13.15,13.18,13.19,13.2,13.21,13.22,13.23,13.26,1500,300,900,1500,4500,12600,700,500,200,9300,1100,1600,1800,6900,1600,17600,8100,300,700,200
233.0,13.11,110500,1449154.0,13.11,13.1,13.07,13.04,13.03,13.02,13.01,13.0,12.99,12.98,13.13,13.14,13.15,13.18,13.19,13.2,13.21,13.22,13.23,13.26,1400,300,900,1500,4500,12600,700,500,200,9300,1100,1600,1800,6900,1600,17600,8100,300,700,200
234.0,13.11,110500,1449154.0,13.11,13.1,13.07,13.04,13.03,13.02,13.01,13.0,12.99,12.98,13.13,13.14,13.15,13.18,13.19,13.2,13.21,13.22,13.23,13.26,1400,300,900,1500,4500,12600,700,500,200,9300,1100,1600,1800,6900,1600,17600,8100,300,700,200
235.0,13.11,110600,1450465.0,13.11,13.1,13.07,13.04,13.03,13.02,13.01,13.0,12.99,12.98,13.13,13.14,13.15,13.18,13.19,13.2,13.21,13.22,13.23,13.26,1300,300,900,1500,4500,12600,700,500,200,9300,1100,1600,2600,6900,1600,17600,8100,300,700,200
236.0,13.11,110600,1450465.0,13.11,13.1,13.07,13.04,13.03,13.02,13.01,13.0,12.99,12.98,13.13,13.14,13.15,13.18,13.19,13.2,13.21,13.22,13.23,13.26,1300,300,900,1500,4500,12600,700,500,200,9300,1100,1600,2600,6900,1600,17600,8100,300,700,200
237.0,13.11,110600,1450465.0,13.11,13.1,13.07,13.04,13.03,13.02,13.01,13.0,12.99,12.98,13.13,13.14,13.15,13.18,13.19,13.2,13.21,13.22,13.23,13.26,1300,300,900,1500,4500,12600,700,500,200,9300,1100,1600,2600,6900,1600,17600,8100,300,700,200
238.0,13.13,111900,1467528.0,13.11,13.1,13.07,13.04,13.03,13.02,13.01,13.0,12.99,12.98,13.13,13.14,13.15,13.18,13.19,13.2,13.21,13.22,13.23,13.26,1000,300,900,1500,4500,12600,700,500,200,9300,100,1600,7900,6900,1600,17600,8100,300,700,200
239.0,13.13,111900,1467528.0,13.11,13.1,13.07,13.04,13.03,13.02,13.01,13.0,12.99,12.98,13.13,13.14,13.15,13.18,13.19,13.2,13.21,13.22,13.23,13.26,1000,300,900,1500,4500,12600,700,500,200,9300,100,1600,7900,6900,1600,17600,8100,300,700,200
240.0,13.11,112000,1468839.0,13.11,13.1,13.07,13.04,13.03,13.02,13.01,13.0,12.99,12.98,13.13,13.14,13.15,13.18,13.19,13.2,13.21,13.22,13.23,13.26,900,300,900,1500,4500,12600,700,500,200,9300,100,1600,7900,6900,1600,17600,8100,300,700,200
241.0,13.11,112000,1468839.0,13.12,13.11,13.1,13.07,13.04,13.03,13.02,13.01,13.0,12.99,13.13,13.14,13.15,13.18,13.19,13.2,13.21,13.22,13.23,13.26,400,900,300,900,1500,4500,12600,700,500,200,100,1600,7900,6900,1600,17600,8100,300,700,200
242.0,13.11,112000,1468839.0,13.12,13.11,13.1,13.07,13.04,13.03,13.02,13.01,13.0,12.99,13.13,13.15,13.18,13.19,13.2,13.21,13.22,13.23,13.26,13.28,600,900,300,900,1500,4500,12600,700,500,200,100,8000,6900,1600,17600,8100,300,700,200,2200
243.0,13.11,112000,1468839.0,13.12,13.11,13.1,13.07,13.04,13.03,13.02,13.01,13.0,12.99,13.13,13.15,13.18,13.19,13.2,13.21,13.22,13.23,13.26,13.28,600,900,300,900,1500,4500,12600,700,500,200,100,8000,6900,1600,17600,8100,300,700,200,2200
244.0,13.12,112100,1470151.0,13.12,13.11,13.1,13.07,13.04,13.03,13.02,13.01,13.0,12.99,13.13,13.14,13.15,13.18,13.19,13.2,13.21,13.22,13.23,13.26,100,900,300,900,1500,4500,12600,700,500,200,100,1500,9500,6900,1600,17600,8100,300,700,200
245.0,13.12,113800,1492452.0,13.11,13.1,13.07,13.04,13.03,13.02,13.01,13.0,12.99,12.98,13.12,13.13,13.14,13.15,13.18,13.19,13.2,13.21,13.22,13.23,300,300,900,1500,4500,12600,700,500,200,9300,1400,100,1400,9500,6900,1600,17600,8100,300,700
246.0,13.12,113800,1492452.0,13.11,13.1,13.07,13.04,13.03,13.02,13.01,13.0,12.99,12.98,13.12,13.13,13.14,13.15,13.18,13.19,13.2,13.21,13.22,13.23,300,300,900,1500,4500,12600,700,500,200,9300,1400,100,1400,9500,6900,1600,17600,8100,300,700
247.0,13.12,114000,1495076.0,13.11,13.1,13.07,13.04,13.03,13.02,13.01,13.0,12.99,12.98,13.12,13.13,13.14,13.15,13.18,13.19,13.2,13.21,13.22,13.23,300,300,900,1500,4500,12600,700,500,200,9300,1200,100,1400,9500,6900,1600,17600,8100,300,700
248.0,13.12,114100,1496388.0,13.11,13.1,13.07,13.04,13.03,13.02,13.01,13.0,12.99,12.98,13.12,13.13,13.14,13.15,13.18,13.19,13.2,13.21,13.22,13.23,300,300,900,1500,4500,12600,700,500,200,9300,1100,100,1400,9500,6900,1600,17600,8100,300,700
249.0,13.12,114200,1497700.0,13.11,13.1,13.07,13.04,13.03,13.02,13.01,13.0,12.99,12.98,13.12,13.13,13.14,13.15,13.18,13.19,13.2,13.21,13.22,13.23,300,300,900,1500,4500,12600,700,500,200,9300,1000,100,1400,9500,6900,1600,17600,8100,300,700
250.0,13.12,114200,1497700.0,13.11,13.1,13.07,13.04,13.03,13.02,13.01,13.0,12.99,12.98,13.12,13.13,13.14,13.15,13.18,13.19,13.2,13.21,13.22,13.23,300,300,900,1500,4500,12600,700,500,200,9300,1000,100,1400,9500,6900,1600,17600,8100,300,700
251.0,13.12,114200,1497700.0,13.11,13.1,13.07,13.04,13.03,13.02,13.01,13.0,12.99,12.98,13.12,13.13,13.14,13.15,13.18,13.19,13.2,13.21,13.22,13.23,300,300,900,1500,4500,12600,700,500,200,9300,1000,100,1400,9500,6900,2100,17600,8100,300,700
252.0,13.12,114200,1497700.0,13.11,13.1,13.07,13.04,13.03,13.02,13.01,13.0,12.99,12.98,13.12,13.13,13.14,13.15,13.18,13.19,13.2,13.21,13.22,13.23,300,300,900,1500,4500,12600,700,500,200,9300,1000,100,1400,9500,6900,2100,17600,8100,300,700
253.0,13.12,114200,1497700.0,13.11,13.1,13.07,13.04,13.03,13.02,13.01,13.0,12.99,12.98,13.12,13.13,13.14,13.15,13.18,13.19,13.2,13.21,13.22,13.23,300,300,900,1500,4500,12600,700,500,200,9300,1000,100,1400,9500,6900,2100,17600,8100,300,700
254.0,13.11,114600,1502945.0,13.1,13.07,13.04,13.03,13.02,13.01,13.0,12.99,12.98,12.97,13.12,13.13,13.14,13.15,13.18,13.19,13.2,13.21,13.22,13.23,300,900,1500,4500,12600,700,500,200,9300,300,900,200,1400,9400,6900,2100,17600,8100,300,700
255.0,13.11,114600,1502945.0,13.1,13.07,13.04,13.03,13.02,13.01,13.0,12.99,12.98,12.97,13.12,13.13,13.14,13.15,13.18,13.19,13.2,13.21,13.22,13.23,300,900,1500,4500,12600,700,500,200,9300,300,900,200,1400,9400,6900,2100,17600,8100,300,700
256.0,13.11,114600,1502945.0,13.1,13.07,13.04,13.03,13.02,13.01,13.0,12.99,12.98,12.97,13.12,13.13,13.14,13.15,13.18,13.19,13.2,13.21,13.22,13.23,300,900,1500,4500,12600,700,500,200,9300,300,900,200,1400,9400,6900,2100,17600,8100,300,700
257.0,13.11,114600,1502945.0,13.1,13.07,13.04,13.03,13.02,13.01,13.0,12.99,12.98,12.97,13.12,13.13,13.14,13.15,13.18,13.19,13.2,13.21,13.22,13.23,300,900,1500,4500,12600,700,500,200,9300,300,900,200,1400,9400,6900,2100,17600,8100,300,700
258.0,13.11,114600,1502945.0,13.1,13.07,13.04,13.03,13.02,13.01,13.0,12.99,12.98,12.97,13.12,13.13,13.14,13.15,13.18,13.19,13.2,13.21,13.22,13.23,300,900,1500,4500,12600,700,500,200,9300,300,900,200,1400,9400,6900,2100,17600,8100,300,700
259.0,13.11,114600,1502945.0,13.1,13.07,13.04,13.03,13.02,13.01,13.0,12.99,12.98,12.97,13.12,13.13,13.14,13.15,13.18,13.19,13.2,13.21,13.22,13.23,300,900,1500,4500,12600,700,500,200,9300,300,900,200,1400,9400,6900,2100,17600,8100,300,700
260.0,13.11,114600,1502945.0,13.1,13.07,13.04,13.03,13.02,13.01,13.0,12.99,12.98,12.97,13.12,13.13,13.14,13.15,13.18,13.19,13.2,13.21,13.22,13.23,300,900,1500,4500,12600,700,500,200,9300,300,900,200,1400,9400,6900,2100,17600,8100,300,700
261.0,13.11,114600,1502945.0,13.1,13.07,13.04,13.03,13.02,13.01,13.0,12.99,12.98,12.97,13.12,13.13,13.14,13.15,13.18,13.19,13.2,13.21,13.22,13.23,300,900,1500,4500,12600,700,500,200,9300,300,900,200,1400,9400,6900,2100,17600,8100,300,700
262.0,13.11,114600,1502945.0,13.1,13.07,13.04,13.03,13.02,13.01,13.0,12.99,12.98,12.97,13.12,13.13,13.14,13.15,13.18,13.19,13.2,13.21,13.22,13.23,300,900,1500,4500,12600,700,500,200,9300,300,900,200,1400,9400,6900,2100,17600,8100,300,700
263.0,13.11,114600,1502945.0,13.1,13.07,13.05,13.04,13.03,13.02,13.01,13.0,12.99,12.98,13.12,13.13,13.14,13.15,13.18,13.19,13.2,13.21,13.22,13.23,300,900,400,1500,4500,12600,700,500,200,9300,900,100,1400,9400,6900,2100,17600,8100,300,700
264.0,13.12,114900,1506881.0,13.1,13.07,13.05,13.04,13.03,13.02,13.01,13.0,12.99,12.98,13.12,13.13,13.14,13.15,13.18,13.19,13.2,13.21,13.22,13.23,300,900,400,1500,4500,12600,700,500,200,9300,600,100,1400,9400,6900,2100,17600,8100,300,700
265.0,13.12,114900,1506881.0,13.1,13.07,13.05,13.04,13.03,13.02,13.01,13.0,12.99,12.98,13.12,13.13,13.14,13.15,13.18,13.19,13.2,13.21,13.22,13.23,300,900,400,1500,4500,12600,700,500,200,9300,600,100,1400,9400,6900,2100,17600,8100,300,700
266.0,13.12,114900,1506881.0,13.1,13.07,13.05,13.04,13.03,13.02,13.01,13.0,12.99,12.98,13.12,13.13,13.14,13.15,13.18,13.19,13.2,13.21,13.22,13.23,300,900,400,1500,4500,12600,700,500,200,9300,600,100,1400,9400,6900,2100,18600,8100,300,700
267.0,13.11,117400,1539654.0,13.1,13.07,13.05,13.04,13.03,13.02,13.01,13.0,12.99,12.98,13.11,13.12,13.14,13.15,13.18,13.19,13.2,13.21,13.22,13.23,100,900,400,1500,4500,12600,700,500,200,9300,500,2300,600,8500,6900,2100,18600,8100,300,800
268.0,13.11,117400,1539654.0,13.1,13.07,13.05,13.04,13.03,13.02,13.01,13.0,12.99,12.98,13.11,13.12,13.14,13.15,13.18,13.19,13.2,13.21,13.22,13.23,100,900,400,1500,4500,12600,700,500,200,9300,500,2500,600,8500,6900,2100,18600,8100,300,800
269.0,13.11,117400,1539654.0,13.1,13.07,13.05,13.04,13.03,13.02,13.01,13.0,12.99,12.98,13.11,13.12,13.14,13.15,13.18,13.19,13.2,13.21,13.22,13.23,100,900,400,1500,4500,12600,700,500,200,9300,500,2500,600,8500,6900,2100,18600,8100,300,800
270.0,13.1,117500,1540964.0,13.07,13.05,13.04,13.03,13.02,13.01,13.0,12.99,12.98,12.97,13.1,13.11,13.12,13.14,13.15,13.18,13.19,13.2,13.21,13.22,900,400,1500,4500,12600,700,500,200,9300,300,100,1200,2500,600,8500,6900,2100,18600,8100,300
271.0,13.1,117700,1543584.0,13.07,13.05,13.04,13.03,13.02,13.01,13.0,12.99,12.98,12.97,13.11,13.12,13.14,13.15,13.18,13.19,13.2,13.21,13.22,13.23,1300,400,1500,4500,12600,700,500,200,9300,300,1200,2500,600,8500,6900,2100,18600,8100,300,800
272.0,13.11,119200,1563241.0,13.11,13.07,13.05,13.04,13.03,13.02,13.01,13.0,12.99,12.98,13.12,13.14,13.15,13.18,13.19,13.2,13.21,13.22,13.23,13.26,1400,1200,400,1500,4500,12600,700,500,200,9300,2500,600,8500,6900,2100,18600,8100,300,800,200
273.0,13.11,119200,1563241.0,13.11,13.07,13.05,13.04,13.03,13.02,13.01,13.0,12.99,12.98,13.12,13.14,13.15,13.18,13.19,13.2,13.21,13.22,13.23,13.26,1400,1200,400,1500,4500,12600,700,500,200,9300,3600,600,8500,6900,2100,18600,8100,300,800,200
274.0,13.11,119200,1563241.0,13.11,13.07,13.05,13.04,13.03,13.02,13.01,13.0,12.99,12.98,13.12,13.14,13.15,13.18,13.19,13.2,13.21,13.22,13.23,13.26,1400,1200,400,1500,4500,12600,700,500,200,9300,3600,600,8500,6900,2100,18600,8100,300,800,200
275.0,13.11,119700,1569796.0,13.11,13.08,13.07,13.05,13.04,13.03,13.02,13.01,13.0,12.99,13.12,13.14,13.15,13.18,13.19,13.2,13.21,13.22,13.23,13.26,900,400,1200,400,1500,4500,12600,700,500,200,3500,600,8500,6900,2100,18600,8100,300,800,200
276.0,13.12,120000,1573732.0,13.11,13.08,13.07,13.05,13.04,13.03,13.02,13.01,13.0,12.99,13.12,13.14,13.15,13.18,13.19,13.2,13.21,13.22,13.23,13.26,900,400,1200,400,1500,4500,12600,700,500,200,3200,600,8500,6900,2100,18600,8100,300,800,200
277.0,13.12,120000,1573732.0,13.11,13.08,13.07,13.05,13.04,13.03,13.02,13.01,13.0,12.99,13.12,13.14,13.15,13.18,13.19,13.2,13.21,13.22,13.23,13.26,900,400,1200,400,1500,4500,12600,700,500,200,3200,600,8500,6900,2100,18600,8100,300,800,200
278.0,13.11,120200,1576355.0,13.08,13.07,13.05,13.04,13.03,13.02,13.01,13.0,12.99,12.98,13.12,13.14,13.15,13.18,13.19,13.2,13.21,13.22,13.23,13.26,400,1200,400,1500,4500,12600,700,500,200,9300,3100,600,8500,6900,2100,18600,8100,300,800,200
279.0,13.12,120600,1581603.0,13.11,13.08,13.07,13.05,13.04,13.03,13.02,13.01,13.0,12.99,13.12,13.14,13.15,13.18,13.19,13.2,13.21,13.22,13.23,13.26,200,500,1200,400,1500,4500,12600,700,500,200,2800,600,8500,6900,2100,18600,8100,300,800,200
280.0,13.12,120800,1584227.0,13.11,13.08,13.07,13.05,13.04,13.03,13.02,13.01,13.0,12.99,13.12,13.14,13.15,13.18,13.19,13.2,13.21,13.22,13.23,13.26,200,500,1200,400,1500,4500,12600,700,500,200,2600,600,8500,6900,2100,18600,8100,300,800,200
281.0,13.11,120900,1585538.0,13.11,13.08,13.07,13.05,13.04,13.03,13.02,13.01,13.0,12.99,13.12,13.14,13.15,13.18,13.19,13.2,13.21,13.22,13.23,13.26,100,500,1200,400,1500,4500,12600,700,500,200,4500,600,8500,6900,2100,18600,8100,300,800,200
282.0,13.11,121000,1586849.0,13.08,13.07,13.05,13.04,13.03,13.02,13.01,13.0,12.99,12.98,13.12,13.14,13.15,13.18,13.19,13.2,13.21,13.22,13.23,13.26,500,1200,400,1500,4500,12600,700,500,200,9300,4500,600,8500,6900,2100,18600,8100,300,800,200
283.0,13.12,121400,1592097.0,13.08,13.07,13.05,13.04,13.03,13.02,13.01,13.0,12.99,12.98,13.12,13.14,13.15,13.18,13.19,13.2,13.21,13.22,13.23,13.26,500,1200,400,1500,4500,12600,700,500,200,9300,4100,600,8500,6900,2100,18600,8100,300,800,200
284.0,13.08,121500,1593405.0,13.08,13.07,13.05,13.04,13.03,13.02,13.01,13.0,12.99,12.98,13.11,13.12,13.14,13.15,13.18,13.19,13.2,13.21,13.22,13.23,500,1200,400,1500,4500,12600,700,500,200,9300,100,4200,600,8500,6900,2100,18600,8100,300,800
285.0,13.08,121500,1593405.0,13.08,13.07,13.05,13.04,13.03,13.02,13.01,13.0,12.99,12.98,13.11,13.12,13.14,13.15,13.18,13.19,13.2,13.21,13.22,13.23,600,1200,400,1500,4500,12600,700,500,200,9300,200,4200,600,8500,6900,2100,18600,8100,300,800
286.0,13.08,121500,1593405.0,13.08,13.07,13.05,13.04,13.03,13.02,13.01,13.0,12.99,12.98,13.11,13.12,13.14,13.15,13.18,13.19,13.2,13.21,13.22,13.23,600,1200,400,1500,4500,12600,700,500,200,9300,200,5900,600,8500,6900,2100,18600,8100,300,800
287.0,13.08,121500,1593405.0,13.09,13.08,13.07,13.05,13.04,13.03,13.02,13.01,13.0,12.99,13.11,13.12,13.14,13.15,13.18,13.19,13.2,13.21,13.22,13.23,500,600,1200,400,1500,4500,12600,700,500,200,200,5900,600,8500,6900,2100,18600,8100,300,800
288.0,13.08,121500,1593405.0,13.09,13.08,13.07,13.05,13.04,13.03,13.02,13.01,13.0,12.99,13.11,13.12,13.14,13.15,13.18,13.19,13.2,13.21,13.22,13.23,500,600,1200,400,1500,4500,12600,700,500,200,200,4700,600,9000,6900,2100,18600,8100,300,800
289.0,13.08,121500,1593405.0,13.09,13.08,13.07,13.05,13.04,13.03,13.02,13.01,13.0,12.99,13.1,13.11,13.12,13.14,13.15,13.18,13.19,13.2,13.21,13.22,1600,600,1200,400,1500,4500,12600,700,500,200,1400,200,4700,600,9000,6900,2100,18600,8100,300
290.0,13.09,122600,1607810.0,13.09,13.08,13.07,13.05,13.04,13.03,13.02,13.01,13.0,12.99,13.1,13.11,13.12,13.14,13.15,13.18,13.19,13.2,13.21,13.22,1100,600,1200,400,1500,4500,12600,700,500,200,800,200,4700,600,9000,6900,2100,18600,8100,300
291.0,13.09,122700,1609119.0,13.09,13.08,13.07,13.05,13.04,13.03,13.02,13.01,13.0,12.99,13.1,13.11,13.12,13.14,13.15,13.18,13.19,13.2,13.21,13.22,1000,600,1200,400,1500,4500,12600,700,500,200,800,200,3000,600,9000,6900,2100,18600,8100,300
292.0,13.09,122700,1609119.0,13.09,13.08,13.07,13.05,13.04,13.03,13.02,13.01,13.0,12.99,13.1,13.11,13.12,13.14,13.15,13.18,13.19,13.2,13.21,13.22,1000,600,1200,400,1500,4500,12600,700,500,200,2600,200,3000,600,9000,6900,2100,18600,8100,300
293.0,13.1,122900,1611739.0,13.09,13.08,13.07,13.05,13.04,13.03,13.02,13.01,13.0,12.99,13.1,13.11,13.12,13.14,13.15,13.18,13.19,13.2,13.21,13.22,1000,600,1200,400,1500,4500,12600,700,500,200,2400,200,3000,600,9000,6900,2100,18600,8100,300
294.0,13.1,122900,1611739.0,13.09,13.08,13.07,13.05,13.04,13.03,13.02,13.01,13.0,12.99,13.1,13.11,13.12,13.14,13.15,13.18,13.19,13.2,13.21,13.22,1000,600,1200,400,1500,4500,12600,700,500,200,2400,200,3000,600,9000,6900,2100,18600,8100,300
295.0,13.09,123100,1614357.0,13.09,13.08,13.07,13.05,13.04,13.03,13.02,13.01,13.0,12.99,13.1,13.11,13.12,13.14,13.15,13.18,13.19,13.2,13.21,13.22,800,600,1200,400,1500,4500,12600,700,500,200,3000,200,3000,600,9000,6900,2100,18600,8100,300
296.0,13.09,123100,1614357.0,13.09,13.08,13.07,13.05,13.04,13.03,13.02,13.01,13.0,12.99,13.1,13.11,13.12,13.14,13.15,13.18,13.19,13.2,13.21,13.22,800,600,1200,400,1500,4500,12600,700,500,200,3000,200,3000,600,9000,6900,2100,18600,8100,300
297.0,13.1,123400,1618287.0,13.09,13.08,13.07,13.05,13.04,13.03,13.02,13.01,13.0,12.99,13.1,13.11,13.12,13.14,13.15,13.18,13.19,13.2,13.21,13.22,800,600,1200,400,1500,4500,12600,700,500,200,2700,200,3000,600,9000,6900,2100,18600,8100,300
298.0,13.1,123400,1618287.0,13.09,13.08,13.07,13.05,13.04,13.03,13.02,13.01,13.0,12.99,13.1,13.11,13.12,13.14,13.15,13.18,13.19,13.2,13.21,13.22,800,600,1200,400,1500,4500,12600,700,500,200,2700,200,3000,600,9000,6900,2100,18600,8100,300
299.0,13.1,123400,1618287.0,13.09,13.08,13.07,13.05,13.04,13.03,13.02,13.01,13.0,12.99,13.1,13.11,13.12,13.14,13.15,13.18,13.19,13.2,13.21,13.22,800,600,1200,400,1500,4500,12600,700,500,200,2700,200,3000,600,9000,6900,2100,18600,8100,300
300.0,13.09,123700,1622216.0,13.09,13.08,13.07,13.05,13.04,13.03,13.02,13.01,13.0,12.99,13.1,13.11,13.12,13.14,13.15,13.18,13.19,13.2,13.21,13.22,700,600,1200,400,1500,4500,12600,700,500,200,2500,100,3000,600,9000,6900,2100,18600,8100,300
301.0,13.1,124200,1628765.0,13.09,13.08,13.07,13.05,13.04,13.03,13.02,13.01,13.0,12.99,13.1,13.11,13.12,13.14,13.15,13.18,13.19,13.2,13.21,13.22,600,600,1200,400,1500,4500,12600,700,500,200,2200,100,3000,600,9000,6900,2100,17600,8100,200
302.0,13.1,124300,1630075.0,13.09,13.08,13.07,13.05,13.04,13.03,13.02,13.01,13.0,12.99,13.1,13.11,13.12,13.14,13.15,13.18,13.19,13.2,13.21,13.22,600,600,1200,400,1500,4500,12600,700,500,200,2200,100,3000,600,9000,6900,2100,17600,8100,200
303.0,13.09,124400,1631384.0,13.09,13.08,13.07,13.05,13.04,13.03,13.02,13.01,13.0,12.99,13.1,13.11,13.12,13.14,13.15,13.18,13.19,13.2,13.21,13.22,500,600,1200,400,1500,4500,12600,700,500,200,2200,100,3000,600,9000,6900,2100,17600,8100,200
304.0,13.1,124600,1634004.0,13.09,13.08,13.07,13.05,13.04,13.03,13.02,13.01,13.0,12.99,13.1,13.11,13.12,13.14,13.15,13.18,13.19,13.2,13.21,13.22,500,600,1200,400,1500,4500,12600,700,500,200,2000,100,3000,600,9000,6900,2100,17600,8100,200
305.0,13.1,124600,1634004.0,13.09,13.08,13.07,13.05,13.04,13.03,13.02,13.01,13.0,12.99,13.1,13.11,13.12,13.14,13.15,13.18,13.19,13.2,13.21,13.22,500,600,1200,400,1500,4500,12600,700,500,200,2000,100,3000,600,9000,6900,2100,17600,8100,200
306.0,13.1,124600,1634004.0,13.09,13.08,13.07,13.05,13.04,13.03,13.02,13.01,13.0,12.99,13.1,13.11,13.12,13.14,13.15,13.18,13.19,13.2,13.21,13.22,500,600,1200,400,1500,4500,12600,700,500,200,2000,100,3000,600,9000,6900,2100,17600,8100,200
307.0,13.09,125400,1644478.0,13.08,13.07,13.05,13.04,13.03,13.02,13.01,13.0,12.99,12.98,13.09,13.1,13.11,13.12,13.14,13.15,13.18,13.19,13.2,13.21,600,1100,400,1500,4700,12600,700,500,200,9300,5300,1800,100,3000,600,9000,6900,2100,17600,8100
308.0,13.09,125400,1644478.0,13.08,13.07,13.05,13.04,13.03,13.02,13.01,13.0,12.99,12.98,13.09,13.1,13.11,13.12,13.14,13.15,13.18,13.19,13.2,13.21,600,1100,400,1500,4700,12600,700,500,200,9300,5300,1800,100,3000,600,9000,6900,2100,17600,8100
309.0,13.08,125800,1649710.0,13.08,13.07,13.05,13.04,13.03,13.02,13.01,13.0,12.99,12.98,13.09,13.1,13.11,13.12,13.14,13.15,13.18,13.19,13.2,13.21,200,1300,400,1500,4700,12600,700,500,200,9300,6400,1800,100,3000,600,9000,6900,2100,17600,8100
310.0,13.08,125800,1649710.0,13.08,13.07,13.05,13.04,13.03,13.02,13.01,13.0,12.99,12.98,13.09,13.1,13.11,13.12,13.14,13.15,13.18,13.19,13.2,13.21,200,1600,400,1500,4700,12600,700,500,200,9300,8700,1800,100,3000,600,9000,6900,2100,17600,8100
311.0,13.08,126700,1661489.0,13.07,13.05,13.04,13.03,13.02,13.01,13.0,12.99,12.98,12.97,13.08,13.09,13.1,13.11,13.12,13.14,13.15,13.18,13.19,13.2,1600,400,1500,4700,12600,700,500,200,9300,300,200,8000,800,100,3000,600,9000,6900,2100,9200
312.0,13.07,128000,1678480.0,13.05,13.04,13.03,13.02,13.01,13.0,12.99,12.98,12.97,12.96,13.07,13.08,13.09,13.1,13.11,13.12,13.14,13.15,13.18,13.19,500,1500,4700,12600,700,500,200,9300,300,800,900,200,8600,800,100,3000,600,9000,6900,2100
313.0,13.07,128000,1678480.0,13.05,13.04,13.03,13.02,13.01,13.0,12.99,12.98,12.97,12.96,13.07,13.08,13.09,13.1,13.11,13.12,13.14,13.15,13.18,13.19,500,1500,4700,12600,700,500,200,9300,300,800,900,200,8600,800,100,3000,600,9000,6900,2100
314.0,13.07,128000,1678480.0,13.05,13.04,13.03,13.02,13.01,13.0,12.99,12.98,12.97,12.96,13.07,13.08,13.09,13.1,13.11,13.12,13.14,13.15,13.18,13.19,600,1500,4700,12600,700,500,200,9300,300,800,900,200,8600,800,100,4000,600,9000,6900,2100
315.0,13.07,128000,1678480.0,13.05,13.04,13.03,13.02,13.01,13.0,12.99,12.98,12.97,12.96,13.06,13.07,13.08,13.09,13.1,13.11,13.12,13.14,13.15,13.18,500,1500,4700,12600,700,500,200,9300,300,800,100,900,200,8600,800,100,4000,600,9000,6900
316.0,13.07,128000,1678480.0,13.05,13.04,13.03,13.02,13.01,13.0,12.99,12.98,12.97,12.96,13.06,13.07,13.08,13.09,13.1,13.11,13.12,13.14,13.15,13.18,500,1500,4700,12600,700,500,200,9300,300,800,100,900,200,8600,800,100,4000,600,9000,6900
317.0,13.06,128100,1679786.0,13.05,13.04,13.03,13.02,13.01,13.0,12.99,12.98,12.97,12.96,13.07,13.08,13.09,13.1,13.11,13.12,13.14,13.15,13.18,13.19,600,1500,5500,12600,700,500,200,9300,300,800,900,200,8600,800,100,4000,600,9000,6900,2100
318.0,13.06,128100,1679786.0,13.05,13.04,13.03,13.02,13.01,13.0,12.99,12.98,12.97,12.96,13.07,13.08,13.09,13.1,13.11,13.12,13.14,13.15,13.18,13.19,600,1500,5500,12600,700,500,200,9300,300,800,900,200,8600,800,100,4000,600,9000,6900,2100
319.0,13.09,129600,1699397.0,13.06,13.05,13.04,13.03,13.02,13.01,13.0,12.99,12.98,12.97,13.08,13.09,13.1,13.11,13.12,13.14,13.15,13.18,13.19,13.2,400,500,1500,5500,12600,700,500,200,9300,300,200,8300,800,100,4000,600,9000,6900,2100,9200
320.0,13.09,129600,1699397.0,13.06,13.05,13.04,13.03,13.02,13.01,13.0,12.99,12.98,12.97,13.08,13.09,13.1,13.11,13.12,13.14,13.15,13.18,13.19,13.2,500,500,1500,5500,12600,700,500,200,9300,300,200,8300,800,100,4000,600,9000,6900,2100,9200
321.0,13.09,129600,1699397.0,13.06,13.05,13.04,13.03,13.02,13.01,13.0,12.99,12.98,12.97,13.08,13.09,13.1,13.11,13.12,13.14,13.15,13.18,13.19,13.2,500,500,1500,5500,12600,700,500,200,9300,300,200,7900,800,100,4000,600,9000,6900,2100,9200
322.0,13.09,129600,1699397.0,13.06,13.05,13.04,13.03,13.02,13.01,13.0,12.99,12.98,12.97,13.08,13.09,13.1,13.11,13.12,13.14,13.15,13.18,13.19,13.2,500,500,1500,5500,12600,700,500,200,9300,300,200,6300,800,100,5000,600,9000,6900,2100,9200
323.0,13.08,129900,1703321.0,13.06,13.05,13.04,13.03,13.02,13.01,13.0,12.99,12.98,12.97,13.08,13.09,13.1,13.11,13.12,13.14,13.15,13.18,13.19,13.2,500,500,1500,5500,12600,700,500,200,9300,300,300,5500,800,100,4300,600,9000,6900,2100,9200
324.0,13.08,129900,1703321.0,13.06,13.05,13.04,13.03,13.02,13.01,13.0,12.99,12.98,12.97,13.08,13.09,13.1,13.11,13.12,13.14,13.15,13.18,13.19,13.2,500,500,1500,5500,12600,700,500,200,9300,300,300,5500,800,100,3300,600,9000,6900,2100,9200
325.0,13.08,130000,1704629.0,13.06,13.05,13.04,13.03,13.02,13.01,13.0,12.99,12.98,12.97,13.08,13.09,13.1,13.11,13.12,13.14,13.15,13.18,13.19,13.2,500,500,1500,5500,12600,700,500,200,9300,300,200,5500,800,100,3300,600,9000,6900,2100,9200
326.0,13.08,130000,1704629.0,13.06,13.05,13.04,13.03,13.02,13.01,13.0,12.99,12.98,12.97,13.08,13.09,13.1,13.11,13.12,13.14,13.15,13.18,13.19,13.2,500,500,1500,5500,12600,700,500,200,9300,300,200,5100,800,100,3300,600,9000,6900,2100,9200
327.0,13.08,130000,1704629.0,13.06,13.05,13.04,13.03,13.02,13.01,13.0,12.99,12.98,12.97,13.08,13.09,13.1,13.11,13.12,13.14,13.15,13.18,13.19,13.2,500,200,1500,5500,12600,700,500,200,9300,300,200,5100,800,100,3300,600,9000,6900,2100,9200
328.0,13.08,130000,1704629.0,13.06,13.05,13.04,13.03,13.02,13.01,13.0,12.99,12.98,12.97,13.08,13.09,13.1,13.11,13.12,13.14,13.15,13.18,13.19,13.2,500,200,1500,5500,12600,700,500,200,9300,300,200,5100,800,100,3300,600,9000,6900,2100,9200
329.0,13.05,131000,1717684.0,13.05,13.04,13.03,13.02,13.01,13.0,12.99,12.98,12.97,12.96,13.08,13.09,13.1,13.11,13.12,13.14,13.15,13.18,13.19,13.2,100,1500,5500,12600,700,500,200,9300,300,800,200,5100,800,100,3300,600,9000,6900,2100,9200
330.0,13.05,131000,1717684.0,13.05,13.04,13.03,13.02,13.01,13.0,12.99,12.98,12.97,12.96,13.08,13.09,13.1,13.11,13.12,13.14,13.15,13.18,13.19,13.2,200,1500,5500,12600,700,500,200,9300,300,800,300,5100,800,100,3300,600,9000,6900,2100,9200
331.0,13.05,131000,1717684.0,13.05,13.04,13.03,13.02,13.01,13.0,12.99,12.98,12.97,12.96,13.08,13.09,13.1,13.11,13.12,13.14,13.15,13.18,13.19,13.2,200,1500,5500,12600,700,500,200,9300,300,800,300,5100,800,100,3300,600,9000,6900,2100,9200
332.0,13.05,131000,1717684.0,13.05,13.04,13.03,13.02,13.01,13.0,12.99,12.98,12.97,12.96,13.08,13.09,13.1,13.11,13.12,13.14,13.15,13.18,13.19,13.2,200,1500,5500,12600,700,500,200,9300,300,800,400,5100,800,100,3300,600,9000,6900,2100,9200
333.0,13.05,131000,1717684.0,13.05,13.04,13.03,13.02,13.01,13.0,12.99,12.98,12.97,12.96,13.08,13.09,13.1,13.11,13.12,13.14,13.15,13.18,13.19,13.2,200,1500,5500,12600,700,500,200,9300,300,800,400,5100,800,100,3300,600,9000,6900,2100,9200
334.0,13.05,131000,1717684.0,13.05,13.04,13.03,13.02,13.01,13.0,12.99,12.98,12.97,12.96,13.08,13.09,13.1,13.11,13.12,13.14,13.15,13.18,13.19,13.2,500,1500,5500,12600,700,500,200,9300,300,800,400,5100,800,100,3300,600,9000,6900,2100,9200
335.0,13.05,131000,1717684.0,13.05,13.04,13.03,13.02,13.01,13.0,12.99,12.98,12.97,12.96,13.08,13.09,13.1,13.11,13.12,13.14,13.15,13.18,13.19,13.2,600,1500,5500,12600,700,500,200,9300,300,800,500,5100,800,100,3300,600,9000,6900,2100,9200
336.0,13.05,131000,1717684.0,13.05,13.04,13.03,13.02,13.01,13.0,12.99,12.98,12.97,12.96,13.08,13.09,13.1,13.11,13.12,13.14,13.15,13.18,13.19,13.2,600,1500,5500,12600,700,500,200,9300,300,800,500,4900,800,100,3300,600,9000,6900,2100,9200
337.0,13.05,131000,1717684.0,13.05,13.04,13.03,13.02,13.01,13.0,12.99,12.98,12.97,12.96,13.08,13.09,13.1,13.11,13.12,13.14,13.15,13.18,13.19,13.2,800,1500,5500,12600,700,500,600,9300,300,800,600,4900,800,100,3300,600,9000,6900,2100,9200
338.0,13.05,131000,1717684.0,13.05,13.04,13.03,13.02,13.01,13.0,12.99,12.98,12.97,12.96,13.08,13.09,13.1,13.11,13.12,13.14,13.15,13.18,13.19,13.2,1000,1500,5500,12600,700,500,600,9300,300,800,600,4900,800,100,3300,600,9000,6900,2100,9200
339.0,13.05,131000,1717684.0,13.05,13.04,13.03,13.02,13.01,13.0,12.99,12.98,12.97,12.96,13.08,13.09,13.1,13.11,13.12,13.14,13.15,13.18,13.19,13.2,1000,1500,5500,12600,700,500,600,9300,300,800,700,4900,800,100,3300,600,9000,6900,2100,9200
340.0,13.08,131100,1718992.0,13.05,13.04,13.03,13.02,13.01,13.0,12.99,12.98,12.97,12.96,13.08,13.09,13.1,13.11,13.12,13.14,13.15,13.18,13.19,13.2,1100,1500,5500,12600,700,500,600,9300,300,800,600,4900,800,100,3300,600,9000,6900,2100,9200
341.0,13.08,131100,1718992.0,13.05,13.04,13.03,13.02,13.01,13.0,12.99,12.98,12.97,12.96,13.08,13.09,13.1,13.11,13.12,13.14,13.15,13.18,13.19,13.2,1100,1500,5500,12600,700,500,600,9300,300,800,600,4900,800,100,3300,600,9000,6900,2100,9200
342.0,13.08,131200,1720300.0,13.05,13.04,13.03,13.02,13.01,13.0,12.99,12.98,12.97,12.96,13.08,13.09,13.1,13.11,13.12,13.14,13.15,13.18,13.19,13.2,1100,1500,5500,12600,700,500,600,9300,300,800,500,4900,800,100,3300,600,9000,6900,2100,9200
343.0,13.05,131300,1721605.0,13.05,13.04,13.03,13.02,13.01,13.0,12.99,12.98,12.97,12.96,13.08,13.09,13.1,13.11,13.12,13.14,13.15,13.18,13.19,13.2,1000,1500,5500,12600,700,500,600,9300,300,800,500,4900,800,100,3300,600,9000,6900,2100,9200
344.0,13.05,131300,1721605.0,13.05,13.04,13.03,13.02,13.01,13.0,12.99,12.98,12.97,12.96,13.08,13.09,13.1,13.11,13.12,13.14,13.15,13.18,13.19,13.2,1200,1500,5500,12600,700,500,600,9300,300,800,500,4900,800,100,3300,600,9000,6900,2100,9200
345.0,13.05,131300,1721605.0,13.05,13.04,13.03,13.02,13.01,13.0,12.99,12.98,12.97,12.96,13.08,13.09,13.1,13.11,13.12,13.14,13.15,13.18,13.19,13.2,1200,1500,5500,12600,700,500,600,9300,300,800,500,4900,800,100,3300,600,9000,6900,2100,9200
346.0,13.05,131300,1721605.0,13.05,13.04,13.03,13.02,13.01,13.0,12.99,12.98,12.97,12.96,13.08,13.09,13.1,13.11,13.12,13.14,13.15,13.18,13.19,13.2,1200,1500,5500,12600,700,500,600,9300,300,800,500,4900,800,100,3300,600,9000,6900,2100,9200
347.0,13.05,131300,1721605.0,13.06,13.05,13.04,13.03,13.02,13.01,13.0,12.99,12.98,12.97,13.08,13.09,13.1,13.11,13.12,13.14,13.15,13.18,13.19,13.2,400,1000,1500,5500,12600,700,500,600,9300,300,500,4900,800,100,3300,600,9000,6900,2100,9200
348.0,13.08,131700,1726837.0,13.06,13.05,13.04,13.03,13.02,13.01,13.0,12.99,12.98,12.97,13.08,13.09,13.1,13.11,13.12,13.14,13.15,13.18,13.19,13.2,400,1000,1500,5500,12600,700,500,600,9300,300,100,4900,800,100,3300,600,9000,6900,2100,9200
349.0,13.08,131700,1726837.0,13.06,13.05,13.04,13.03,13.02,13.01,13.0,12.99,12.98,12.97,13.08,13.09,13.1,13.11,13.12,13.14,13.15,13.18,13.19,13.2,400,1000,1500,5500,12600,700,500,600,9300,300,100,4900,800,100,3300,600,9000,6900,2100,9200
350.0,13.08,131700,1726837.0,13.06,13.05,13.04,13.03,13.02,13.01,13.0,12.99,12.98,12.97,13.08,13.09,13.1,13.11,13.12,13.14,13.15,13.18,13.19,13.2,400,1000,1500,5500,12600,700,500,600,9300,300,100,4900,800,100,3300,600,9000,6900,2100,9200
351.0,13.08,131700,1726837.0,13.06,13.05,13.04,13.03,13.02,13.01,13.0,12.99,12.98,12.97,13.08,13.09,13.1,13.11,13.12,13.14,13.15,13.18,13.19,13.2,400,1000,1500,5500,12600,700,500,600,9300,300,100,4900,800,100,3300,600,9000,6900,2100,9200
352.0,13.08,131700,1726837.0,13.06,13.05,13.04,13.03,13.02,13.01,13.0,12.99,12.98,12.97,13.08,13.09,13.1,13.11,13.12,13.14,13.15,13.18,13.19,13.2,400,1000,1500,5500,12600,700,500,600,9300,300,100,4900,800,100,3300,600,9000,6900,2100,9200
353.0,13.08,131700,1726837.0,13.06,13.05,13.04,13.03,13.02,13.01,13.0,12.99,12.98,12.97,13.08,13.09,13.1,13.11,13.12,13.14,13.15,13.18,13.19,13.2,400,1000,1500,5500,12600,700,500,600,9300,300,100,4900,800,100,3300,600,9000,6900,2100,9200
354.0,13.06,131800,1728143.0,13.06,13.05,13.04,13.03,13.02,13.01,13.0,12.99,12.98,12.97,13.08,13.09,13.1,13.11,13.12,13.14,13.15,13.18,13.19,13.2,300,1000,1500,5500,12600,700,500,600,9300,300,100,4900,800,100,3300,600,9000,6900,2100,9200
355.0,13.06,132200,1733367.0,13.05,13.04,13.03,13.02,13.01,13.0,12.99,12.98,12.97,12.96,13.08,13.09,13.1,13.11,13.12,13.14,13.15,13.18,13.19,13.2,1000,1500,5500,12600,700,500,600,9300,300,800,100,4900,800,100,3300,600,9000,6900,2100,9200
356.0,13.06,132200,1733367.0,13.05,13.04,13.03,13.02,13.01,13.0,12.99,12.98,12.97,12.96,13.08,13.09,13.1,13.11,13.12,13.14,13.15,13.18,13.19,13.2,1000,1500,5500,12600,700,500,600,9300,300,800,100,4900,800,100,3300,600,9000,6900,2100,9200
357.0,13.05,132300,1734672.0,13.05,13.04,13.03,13.02,13.01,13.0,12.99,12.98,12.97,12.96,13.08,13.09,13.1,13.11,13.12,13.14,13.15,13.18,13.19,13.2,900,1500,5500,12600,700,500,600,9300,300,800,100,4900,800,100,3300,600,9000,6900,2100,9200
358.0,13.09,133500,1750379.0,13.05,13.04,13.03,13.02,13.01,13.0,12.99,12.98,12.97,12.96,13.09,13.1,13.11,13.12,13.14,13.15,13.18,13.19,13.2,13.21,900,1500,5500,12600,700,500,600,9300,300,800,3800,800,100,3300,600,9000,6900,2100,9200,8100
359.0,13.09,133800,1754306.0,13.05,13.04,13.03,13.02,13.01,13.0,12.99,12.98,12.97,12.96,13.09,13.1,13.11,13.12,13.14,13.15,13.18,13.19,13.2,13.21,900,1500,5500,12600,700,500,600,9300,300,800,3500,800,100,3300,600,9000,6900,2100,9200,8100
360.0,13.09,133800,1754306.0,13.05,13.04,13.03,13.02,13.01,13.0,12.99,12.98,12.97,12.96,13.09,13.1,13.11,13.12,13.14,13.15,13.18,13.19,13.2,13.21,1000,1500,5500,12600,700,500,600,9300,300,800,3600,800,100,3300,600,9000,6900,2100,9200,8100
361.0,13.09,133800,1754306.0,13.05,13.04,13.03,13.02,13.01,13.0,12.99,12.98,12.97,12.96,13.08,13.09,13.1,13.11,13.12,13.14,13.15,13.18,13.19,13.2,1000,1500,5500,12600,700,500,600,9300,300,800,600,3600,800,100,3300,600,9000,6900,2100,9200
362.0,13.09,133800,1754306.0,13.06,13.05,13.04,13.03,13.02,13.01,13.0,12.99,12.98,12.97,13.07,13.08,13.09,13.1,13.11,13.12,13.14,13.15,13.18,13.19,100,1300,2300,5500,12600,700,500,600,9300,300,300,600,3600,800,100,3300,600,9000,6900,2100
363.0,13.09,133800,1754306.0,13.06,13.05,13.04,13.03,13.02,13.01,13.0,12.99,12.98,12.97,13.07,13.08,13.09,13.1,13.11,13.12,13.14,13.15,13.18,13.19,100,1300,2300,5500,12600,700,500,600,9300,300,300,700,3600,800,100,3300,600,9000,6900,2100
364.0,13.06,133900,1755612.0,13.05,13.04,13.03,13.02,13.01,13.0,12.99,12.98,12.97,12.96,13.06,13.07,13.08,13.09,13.1,13.11,13.12,13.14,13.15,13.18,1300,2300,5500,12600,700,500,600,9300,300,800,100,300,700,3600,800,100,3300,600,9000,6900
365.0,13.05,134000,1756917.0,13.05,13.04,13.03,13.02,13.01,13.0,12.99,12.98,12.97,12.96,13.06,13.07,13.08,13.09,13.1,13.11,13.12,13.14,13.15,13.18,1200,2300,5500,12600,700,500,600,9300,300,800,100,300,700,3600,800,100,3300,600,9000,6900
366.0,13.06,134100,1758223.0,13.05,13.04,13.03,13.02,13.01,13.0,12.99,12.98,12.97,12.96,13.07,13.08,13.09,13.1,13.11,13.12,13.14,13.15,13.18,13.19,1200,2300,5500,12600,3400,500,600,9300,300,800,300,700,3600,800,100,3300,600,9000,6900,2100
367.0,13.06,134100,1758223.0,13.05,13.04,13.03,13.02,13.01,13.0,12.99,12.98,12.97,12.96,13.07,13.08,13.09,13.1,13.11,13.12,13.14,13.15,13.18,13.19,1200,2300,5500,12600,3400,500,600,9300,300,800,300,700,3600,800,100,3300,600,9000,6900,2100
368.0,13.06,134100,1758223.0,13.05,13.04,13.03,13.02,13.01,13.0,12.99,12.98,12.97,12.96,13.07,13.08,13.09,13.1,13.11,13.12,13.14,13.15,13.18,13.19,1200,2300,5500,12600,3400,500,600,9300,300,800,300,700,3600,800,100,3300,600,9000,6900,2100
369.0,13.06,134100,1758223.0,13.05,13.04,13.03,13.02,13.01,13.0,12.99,12.98,12.97,12.96,13.07,13.08,13.09,13.1,13.11,13.12,13.14,13.15,13.18,13.19,1200,2300,5500,12600,3400,500,600,9300,300,800,300,700,3600,800,100,3300,600,9000,6900,2100
370.0,13.05,134200,1759528.0,13.05,13.04,13.03,13.02,13.01,13.0,12.99,12.98,12.97,12.96,13.07,13.08,13.09,13.1,13.11,13.12,13.14,13.15,13.18,13.19,1200,2300,4700,12600,3400,500,600,9300,300,800,300,700,3600,800,100,3300,600,9000,6900,2100
371.0,13.07,135300,1773895.0,13.07,13.05,13.04,13.03,13.02,13.01,13.0,12.99,12.98,12.97,13.08,13.09,13.1,13.11,13.12,13.14,13.15,13.18,13.19,13.2,1700,600,2300,4700,12600,3400,500,600,9300,300,700,3600,800,100,3300,100,9000,6900,2100,9200
372.0,13.07,137000,1796114.0,13.05,13.04,13.03,13.02,13.01,13.0,12.99,12.98,12.97,12.96,13.07,13.08,13.09,13.1,13.11,13.12,13.14,13.15,13.18,13.19,600,2300,4700,12600,3400,500,600,9300,300,800,400,700,3600,800,100,3300,100,8500,6900,2100
373.0,13.07,137000,1796114.0,13.05,13.04,13.03,13.02,13.01,13.0,12.99,12.98,12.97,12.96,13.07,13.08,13.09,13.1,13.11,13.12,13.14,13.15,13.18,13.19,600,2300,4700,12600,3400,500,600,9300,300,800,400,700,3600,800,100,3300,100,8500,6900,2100
374.0,13.07,137000,1796114.0,13.05,13.04,13.03,13.02,13.01,13.0,12.99,12.98,12.97,12.96,13.07,13.08,13.09,13.1,13.11,13.12,13.14,13.15,13.18,13.19,600,2300,4700,12600,3400,500,600,8100,300,800,400,700,3600,800,100,3300,100,8500,6900,2100
375.0,13.07,137000,1796114.0,13.05,13.04,13.03,13.02,13.01,13.0,12.99,12.98,12.97,12.96,13.07,13.08,13.09,13.1,13.11,13.12,13.14,13.15,13.18,13.19,600,2300,4700,12600,3400,500,600,8100,300,800,400,700,3600,800,100,3300,100,8500,6900,2100
376.0,13.07,137000,1796114.0,13.05,13.04,13.03,13.02,13.01,13.0,12.99,12.98,12.97,12.96,13.07,13.08,13.09,13.1,13.11,13.12,13.14,13.15,13.18,13.19,600,2300,4700,12600,3400,500,600,8100,300,800,400,700,3600,800,100,3300,100,8500,6900,2100
377.0,13.07,137000,1796114.0,13.05,13.04,13.03,13.02,13.01,13.0,12.99,12.98,12.97,12.96,13.07,13.08,13.09,13.1,13.11,13.12,13.14,13.15,13.18,13.19,600,2300,4700,12600,3400,500,600,8100,300,800,100,700,3600,800,100,3300,100,8500,6900,2100
378.0,13.07,137000,1796114.0,13.05,13.04,13.03,13.02,13.01,13.0,12.99,12.98,12.97,12.96,13.07,13.08,13.09,13.1,13.11,13.12,13.14,13.15,13.18,13.19,600,2300,4700,12600,3400,500,600,8100,300,800,100,700,3600,800,100,3300,100,8500,6900,2100
379.0,13.07,137000,1796114.0,13.06,13.05,13.04,13.03,13.02,13.01,13.0,12.99,12.98,12.97,13.07,13.08,13.09,13.1,13.11,13.12,13.14,13.15,13.18,13.19,100,600,1400,4700,12600,3400,500,600,8100,300,100,3100,3600,800,100,3300,100,8500,6900,2100
380.0,13.08,137200,1798729.0,13.06,13.05,13.04,13.03,13.02,13.01,13.0,12.99,12.98,12.97,13.08,13.09,13.1,13.11,13.12,13.14,13.15,13.18,13.19,13.2,100,600,1400,4700,12600,3400,500,600,8100,300,3000,3600,800,100,3300,100,8500,6900,2100,9200
381.0,13.08,137200,1798729.0,13.06,13.05,13.04,13.03,13.02,13.01,13.0,12.99,12.98,12.97,13.08,13.09,13.1,13.11,13.12,13.14,13.15,13.18,13.19,13.2,100,600,1400,4700,12600,3400,500,600,8100,300,3000,3600,800,100,3300,100,8500,6900,2100,9200
382.0,13.08,137500,1802653.0,13.06,13.05,13.04,13.03,13.02,13.01,13.0,12.99,12.98,12.97,13.08,13.09,13.1,13.11,13.12,13.14,13.15,13.18,13.19,13.2,100,600,1400,4700,12600,3400,500,600,8100,300,2700,3600,800,100,3300,100,8500,6900,2100,9200
383.0,13.08,137500,1802653.0,13.06,13.05,13.04,13.03,13.02,13.01,13.0,12.99,12.98,12.97,13.08,13.09,13.1,13.11,13.12,13.14,13.15,13.18,13.19,13.2,100,600,1400,4700,12600,3400,500,600,8100,300,2700,3600,800,100,3300,100,8500,6900,2100,9200
384.0,13.08,137500,1802653.0,13.06,13.05,13.04,13.03,13.02,13.01,13.0,12.99,12.98,12.97,13.08,13.09,13.1,13.11,13.12,13.14,13.15,13.18,13.19,13.2,100,600,1400,4700,12600,3400,500,600,8100,300,2700,3600,800,100,3300,100,8500,6900,2100,9200
385.0,13.08,137500,1802653.0,13.06,13.05,13.04,13.03,13.02,13.01,13.0,12.99,12.98,12.97,13.08,13.09,13.1,13.11,13.12,13.14,13.15,13.18,13.19,13.2,100,600,1400,4700,12600,3400,500,600,8100,300,2700,3600,800,100,3300,100,8500,6900,2100,9200
386.0,13.08,137700,1805269.0,13.06,13.05,13.04,13.03,13.02,13.01,13.0,12.99,12.98,12.97,13.08,13.09,13.1,13.11,13.12,13.14,13.15,13.18,13.19,13.2,100,600,1400,4800,12600,3400,500,600,8100,300,2500,3600,800,100,3300,100,8500,6900,2100,9200
387.0,13.08,137700,1805269.0,13.06,13.05,13.04,13.03,13.02,13.01,13.0,12.99,12.98,12.97,13.08,13.09,13.1,13.11,13.12,13.14,13.15,13.18,13.19,13.2,100,600,1400,4800,12600,3400,500,600,8100,300,2500,3600,800,100,3300,100,8500,6900,2100,9200
388.0,13.08,137700,1805269.0,13.06,13.05,13.04,13.03,13.02,13.01,13.0,12.99,12.98,12.97,13.08,13.09,13.1,13.11,13.12,13.14,13.15,13.18,13.19,13.2,100,600,1400,4800,12600,3400,500,600,8100,300,2500,3600,800,100,3300,100,8500,6900,2100,9200
389.0,13.07,138700,1818346.0,13.06,13.05,13.04,13.03,13.02,13.01,13.0,12.99,12.98,12.97,13.08,13.09,13.1,13.11,13.12,13.14,13.15,13.18,13.19,13.2,100,600,1400,4800,12600,3400,500,600,8100,300,1800,3600,800,100,3300,100,8500,6900,2100,9200
390.0,13.07,138700,1818346.0,13.06,13.05,13.04,13.03,13.02,13.01,13.0,12.99,12.98,12.97,13.08,13.09,13.1,13.11,13.12,13.14,13.15,13.18,13.19,13.2,100,600,1400,4800,12600,3400,500,600,8100,300,1800,3600,800,100,3300,100,8500,6900,2100,9200
391.0,13.07,138700,1818346.0,13.06,13.05,13.04,13.03,13.02,13.01,13.0,12.99,12.98,12.97,13.08,13.09,13.1,13.11,13.12,13.14,13.15,13.18,13.19,13.2,100,600,1400,4800,12600,3400,500,600,8100,300,1800,3600,800,100,3300,100,8500,6900,2100,9200
392.0,13.07,138700,1818346.0,13.06,13.05,13.04,13.03,13.02,13.01,13.0,12.99,12.98,12.97,13.08,13.09,13.1,13.11,13.12,13.14,13.15,13.18,13.19,13.2,100,600,1400,4800,12600,3400,500,600,8100,300,1800,3600,800,100,3300,100,8500,6900,2100,9200
393.0,13.08,138800,1819654.0,13.06,13.05,13.04,13.03,13.02,13.01,13.0,12.99,12.98,12.97,13.08,13.09,13.1,13.11,13.12,13.14,13.15,13.18,13.19,13.2,100,600,1400,4800,12600,3400,500,600,8100,300,1700,3600,800,100,3300,100,8500,6900,2100,9200
394.0,13.08,138800,1819654.0,13.06,13.05,13.04,13.03,13.02,13.01,13.0,12.99,12.98,12.97,13.08,13.09,13.1,13.11,13.12,13.14,13.15,13.18,13.19,13.2,100,600,1400,4800,12600,3400,500,600,8100,300,1700,3600,800,100,3300,100,8500,6900,2100,9200
395.0,13.08,138800,1819654.0,13.06,13.05,13.04,13.03,13.02,13.01,13.0,12.99,12.98,12.97,13.08,13.09,13.1,13.11,13.12,13.14,13.15,13.18,13.19,13.2,100,600,1400,4800,12600,3400,500,600,8100,300,1700,3600,800,100,3300,100,8500,6900,2100,9200
396.0,13.05,139300,1826183.0,13.05,13.04,13.03,13.02,13.01,13.0,12.99,12.98,12.97,12.96,13.08,13.09,13.1,13.11,13.12,13.14,13.15,13.18,13.19,13.2,300,1400,4800,12600,3400,500,600,8100,300,800,1600,3600,800,100,3300,100,8500,6900,2100,9200
397.0,13.08,139800,1832721.0,13.05,13.04,13.03,13.02,13.01,13.0,12.99,12.98,12.97,12.96,13.06,13.08,13.09,13.1,13.11,13.12,13.14,13.15,13.18,13.19,300,2000,4800,12600,3400,500,600,8100,300,800,100,1200,3600,800,100,3300,100,8500,6900,2100
398.0,13.05,140000,1835331.0,13.05,13.04,13.03,13.02,13.01,13.0,12.99,12.98,12.97,12.96,13.06,13.08,13.09,13.1,13.11,13.12,13.14,13.15,13.18,13.19,400,1900,4800,12600,3400,500,600,8100,300,800,100,1200,3600,800,100,3300,100,8500,6900,2100
399.0,13.05,140000,1835331.0,13.05,13.04,13.03,13.02,13.01,13.0,12.99,12.98,12.97,12.96,13.06,13.08,13.09,13.1,13.11,13.12,13.14,13.15,13.18,13.19,800,1900,4800,12600,3400,500,600,8100,300,800,100,1200,3600,800,100,3300,100,8500,6900,2100
400.0,13.05,140000,1835331.0,13.05,13.04,13.03,13.02,13.01,13.0,12.99,12.98,12.97,12.96,13.06,13.08,13.09,13.1,13.11,13.12,13.14,13.15,13.18,13.19,1100,1900,4800,12600,3400,500,600,8100,300,800,100,1200,3600,800,100,3300,100,8500,6900,2100
401.0,13.05,140000,1835331.0,13.05,13.04,13.03,13.02,13.01,13.0,12.99,12.98,12.97,12.96,13.06,13.08,13.09,13.1,13.11,13.12,13.14,13.15,13.18,13.19,1100,1900,4800,12600,3400,500,600,8100,300,800,100,1200,3600,800,100,3300,100,8500,6900,2100
402.0,13.05,140100,1836636.0,13.05,13.04,13.03,13.02,13.01,13.0,12.99,12.98,12.97,12.96,13.06,13.08,13.09,13.1,13.11,13.12,13.14,13.15,13.18,13.19,1000,1900,4800,12600,3400,500,600,8100,300,800,100,1200,3600,800,100,3300,100,8500,6900,2100
403.0,13.05,140100,1836636.0,13.05,13.04,13.03,13.02,13.01,13.0,12.99,12.98,12.97,12.96,13.06,13.08,13.09,13.1,13.11,13.12,13.14,13.15,13.18,13.19,1000,1900,4800,12600,3400,500,600,8100,300,800,100,1200,3600,800,100,3300,100,8500,6900,2100
404.0,13.05,140100,1836636.0,13.05,13.04,13.03,13.02,13.01,13.0,12.99,12.98,12.97,12.96,13.06,13.08,13.09,13.1,13.11,13.12,13.14,13.15,13.18,13.19,1000,1900,4800,12600,3400,500,600,8100,300,800,100,1200,3600,800,100,3300,100,8500,6900,2100
405.0,13.05,140100,1836636.0,13.05,13.04,13.03,13.02,13.01,13.0,12.99,12.98,12.97,12.96,13.06,13.08,13.09,13.1,13.11,13.12,13.14,13.15,13.18,13.19,1000,1900,4800,12600,3400,500,600,8100,300,800,100,1200,3600,800,100,3300,100,8500,6900,2100
406.0,13.06,140200,1837942.0,13.05,13.04,13.03,13.02,13.01,13.0,12.99,12.98,12.97,12.96,13.08,13.09,13.1,13.11,13.12,13.14,13.15,13.18,13.19,13.2,1200,1900,4800,12600,3400,500,600,8100,300,800,1200,3600,800,100,3300,100,8500,6900,2100,9200
407.0,13.06,140200,1837942.0,13.07,13.06,13.05,13.04,13.03,13.02,13.01,13.0,12.99,12.98,13.08,13.09,13.1,13.11,13.12,13.14,13.15,13.18,13.19,13.2,400,200,1100,1500,4800,12600,3400,500,600,8100,1200,3600,800,100,3300,100,8500,6900,2100,9200
408.0,13.07,140500,1841863.0,13.07,13.06,13.05,13.04,13.03,13.02,13.01,13.0,12.99,12.98,13.08,13.09,13.1,13.11,13.12,13.14,13.15,13.18,13.19,13.2,100,200,1100,1500,4800,12600,3400,500,600,8100,1200,3600,800,100,3300,100,8500,6900,2100,9200
409.0,13.08,140600,1843171.0,13.07,13.06,13.05,13.04,13.03,13.02,13.01,13.0,12.99,12.98,13.08,13.09,13.1,13.11,13.12,13.14,13.15,13.18,13.19,13.2,100,2100,1100,1500,4800,12600,3400,500,600,8100,1100,3600,800,100,3300,100,8500,6900,2100,9200
410.0,13.08,140600,1843171.0,13.07,13.06,13.05,13.04,13.03,13.02,13.01,13.0,12.99,12.98,13.08,13.09,13.1,13.11,13.12,13.14,13.15,13.18,13.19,13.2,100,2100,1100,1500,4800,12600,3400,500,600,8100,1100,3600,800,100,3300,100,8500,6900,2100,9200
411.0,13.08,140600,1843171.0,13.07,13.06,13.05,13.04,13.03,13.02,13.01,13.0,12.99,12.98,13.08,13.09,13.1,13.11,13.12,13.14,13.15,13.18,13.19,13.2,100,2100,1100,1500,4800,12600,3400,500,600,8100,1100,3600,800,100,3300,100,8500,6900,2100,9200
412.0,13.08,140800,1845787.0,13.07,13.06,13.05,13.04,13.03,13.02,13.01,13.0,12.99,12.98,13.08,13.09,13.1,13.11,13.12,13.14,13.15,13.18,13.19,13.2,100,2100,1100,1500,4800,12600,3400,500,600,8100,900,3600,800,100,3300,100,8500,6900,2100,9200
413.0,13.08,140800,1845787.0,13.07,13.06,13.05,13.04,13.03,13.02,13.01,13.0,12.99,12.98,13.08,13.09,13.1,13.11,13.12,13.14,13.15,13.18,13.19,13.2,100,2100,1100,1500,4800,12600,3400,500,600,8100,900,3600,800,100,3300,100,8500,6900,2100,9200
414.0,13.08,141100,1849711.0,13.07,13.06,13.05,13.04,13.03,13.02,13.01,13.0,12.99,12.98,13.08,13.09,13.1,13.11,13.12,13.14,13.15,13.18,13.19,13.2,100,2100,1100,1500,4800,12600,3400,500,600,8100,600,3600,800,100,3300,100,8500,6900,2100,9200
415.0,13.07,141200,1851018.0,13.06,13.05,13.04,13.03,13.02,13.01,13.0,12.99,12.98,12.97,13.07,13.08,13.09,13.1,13.11,13.12,13.14,13.15,13.18,13.19,2100,1100,1500,4800,12600,3400,500,600,8100,300,100,600,3600,800,100,3300,100,8500,6900,2100
416.0,13.07,141500,1854937.0,13.06,13.05,13.04,13.03,13.02,13.01,13.0,12.99,12.98,12.97,13.08,13.09,13.1,13.11,13.12,13.14,13.15,13.18,13.19,13.2,1900,1100,1500,4800,12600,3400,500,600,8100,300,600,3600,800,100,3300,100,8500,6900,2100,9200
