LocalTime,LastPrice,TradeVolume,TradeValue,BidPrice1,BidPrice2,BidPrice3,BidPrice4,BidPrice5,BidPrice6,BidPrice7,BidPrice8,BidPrice9,BidPriceA,AskPrice1,AskPrice2,AskPrice3,AskPrice4,AskPrice5,AskPrice6,AskPrice7,AskPrice8,AskPrice9,AskPriceA,BidVolume1,BidVolume2,BidVolume3,BidVolume4,BidVolume5,BidVolume6,BidVolume7,BidVolume8,BidVolume9,BidVolumeA,AskVolume1,AskVolume2,AskVolume3,AskVolume4,AskVolume5,AskVolume6,AskVolume7,AskVolume8,AskVolume9,AskVolumeA
0.0,14.29,17800,254362.0,14.28,14.27,14.26,14.25,14.22,14.21,14.2,14.19,14.18,14.16,14.29,14.3,14.35,14.38,14.39,14.4,14.42,14.43,14.45,14.46,1000,4100,1500,2900,1700,2200,4000,1200,100,1000,4600,1900,7100,1000,1100,7500,200,400,4500,100
1.0,14.28,20500,292935.0,14.28,14.27,14.26,14.25,14.22,14.21,14.2,14.19,14.18,14.16,14.29,14.3,14.35,14.38,14.39,14.4,14.42,14.43,14.45,14.46,1500,4100,1500,2900,1700,2200,5000,1200,100,1000,2900,1900,7100,1000,1100,7500,200,400,4500,100
2.0,14.29,21800,311512.0,14.28,14.27,14.26,14.25,14.22,14.21,14.2,14.19,14.18,14.17,14.29,14.3,14.35,14.38,14.39,14.4,14.42,14.43,14.44,14.45,1500,4100,1500,3900,1700,2200,5000,1200,100,1000,1600,1900,7100,1000,1100,7500,200,400,100,4500
3.0,14.28,24700,352946.0,14.28,14.27,14.26,14.25,14.22,14.21,14.2,14.19,14.18,14.17,14.3,14.35,14.37,14.38,14.39,14.4,14.42,14.43,14.44,14.45,500,4100,2500,3900,8700,2200,5000,1200,100,1000,1600,7100,2000,1000,1100,7500,200,400,100,4500
4.0,14.29,25000,357233.0,14.28,14.27,14.26,14.25,14.22,14.21,14.2,14.19,14.18,14.17,14.29,14.3,14.35,14.37,14.38,14.39,14.4,14.42,14.43,14.44,1500,4100,3300,3900,8700,2200,4900,1200,100,1000,1700,1600,7100,2000,1000,2100,7500,200,400,100
5.0,14.29,26600,380097.0,14.28,14.27,14.26,14.25,14.22,14.21,14.2,14.19,14.18,14.17,14.29,14.3,14.35,14.37,14.38,14.39,14.4,14.42,14.43,14.44,1500,4100,4300,3900,8700,2700,8300,1200,100,1000,100,1600,7100,2000,1000,4100,7500,200,400,700
6.0,14.27,29200,417222.0,14.27,14.26,14.25,14.24,14.22,14.21,14.2,14.19,14.18,14.17,14.28,14.29,14.3,14.34,14.35,14.37,14.38,14.39,14.4,14.42,3800,9300,2900,400,8700,2700,9300,1200,100,1000,3700,100,1600,4000,7100,5500,1000,4100,7700,200
7.0,14.28,32800,468630.0,14.27,14.26,14.25,14.24,14.22,14.21,14.2,14.19,14.18,14.17,14.28,14.29,14.3,14.34,14.35,14.37,14.38,14.39,14.4,14.42,3800,9300,2900,400,9800,2700,14300,1400,700,1000,100,300,1600,4000,7100,5500,1000,4100,7700,200
8.0,14.29,33200,474345.0,14.29,14.27,14.26,14.25,14.24,14.22,14.21,14.2,14.19,14.18,14.3,14.34,14.35,14.37,14.38,14.39,14.4,14.42,14.43,14.44,19800,3800,9300,2900,400,9800,2700,14300,1400,700,1600,4000,7100,5500,1000,4100,7700,200,400,700
9.0,14.29,33300,475774.0,14.29,14.28,14.27,14.26,14.25,14.24,14.23,14.22,14.21,14.2,14.3,14.34,14.35,14.37,14.38,14.39,14.4,14.42,14.43,14.44,20300,800,3800,9300,2900,400,300,9800,2700,16500,1600,4000,7100,5500,1000,4100,7700,200,400,700
10.0,14.29,35500,507212.0,14.29,14.28,14.27,14.26,14.25,14.24,14.23,14.22,14.21,14.2,14.3,14.34,14.35,14.37,14.38,14.39,14.4,14.42,14.43,14.44,19300,1800,4800,9300,2900,1400,300,9800,2700,16500,1600,4000,7100,5500,1000,4100,7700,200,400,700
11.0,14.33,37400,534391.0,14.33,14.31,14.3,14.29,14.28,14.27,14.26,14.25,14.24,14.23,14.34,14.35,14.37,14.38,14.39,14.4,14.42,14.43,14.44,14.45,700,300,4000,23600,3400,4800,9300,2900,1400,300,4000,7100,5500,1000,4100,7700,200,400,700,4500
12.0,14.3,38700,553005.0,14.3,14.29,14.28,14.27,14.26,14.25,14.24,14.23,14.22,14.21,14.34,14.35,14.37,14.38,14.39,14.4,14.42,14.43,14.44,14.45,3700,18500,3400,4800,9300,2900,1400,300,9800,4000,4000,7100,5500,1000,4100,7700,200,400,700,4500
13.0,14.34,39900,570207.0,14.3,14.29,14.28,14.27,14.26,14.25,14.24,14.23,14.22,14.21,14.34,14.35,14.37,14.38,14.39,14.4,14.42,14.43,14.44,14.45,3600,17300,3400,4800,9300,2900,1400,300,9800,4000,3200,7100,5500,1000,4100,7700,200,400,700,5000
14.0,14.3,40100,573067.0,14.3,14.29,14.28,14.27,14.26,14.25,14.24,14.23,14.22,14.21,14.34,14.35,14.37,14.38,14.39,14.4,14.42,14.43,14.44,14.45,3400,17300,3400,4800,9300,2900,1400,300,9800,4000,3200,7100,5500,1000,4100,7700,200,400,700,5000
15.0,14.34,43700,624691.0,14.3,14.29,14.28,14.27,14.26,14.25,14.24,14.23,14.22,14.21,14.35,14.37,14.38,14.39,14.4,14.42,14.43,14.44,14.45,14.46,3400,17400,3400,4800,9300,2900,1400,300,9800,4000,7100,5500,1000,4100,7700,200,400,700,5000,300
16.0,14.34,44600,637597.0,14.34,14.31,14.3,14.29,14.28,14.27,14.26,14.25,14.24,14.23,14.35,14.37,14.38,14.39,14.4,14.42,14.43,14.44,14.45,14.46,100,900,3300,17400,3400,4800,9300,2900,1400,300,7300,5500,1000,4100,7700,200,400,700,5000,300
17.0,14.34,44800,640465.0,14.3,14.29,14.28,14.27,14.26,14.25,14.24,14.23,14.22,14.21,14.35,14.37,14.38,14.39,14.4,14.42,14.43,14.44,14.45,14.46,3200,17400,3400,4800,9300,2900,1400,300,9800,4000,7300,5500,1000,4100,7700,200,400,700,5000,300
18.0,14.34,44800,640465.0,14.3,14.29,14.28,14.27,14.26,14.25,14.24,14.23,14.22,14.21,14.35,14.37,14.38,14.39,14.4,14.42,14.43,14.44,14.45,14.46,3200,17400,3400,4800,4300,2900,1400,300,9800,4000,7300,5500,1000,4100,7700,200,400,700,5000,300
19.0,14.34,44800,640465.0,14.3,14.29,14.28,14.27,14.26,14.25,14.24,14.23,14.22,14.21,14.35,14.37,14.38,14.39,14.4,14.42,14.43,14.44,14.45,14.46,3200,17400,3400,4800,4300,2900,1400,300,9800,4000,7300,5500,1000,4100,7700,200,400,700,5000,300
20.0,14.34,44800,640465.0,14.3,14.29,14.28,14.27,14.26,14.25,14.24,14.23,14.22,14.21,14.34,14.35,14.37,14.38,14.39,14.4,14.42,14.43,14.44,14.45,3200,17400,3400,4800,4300,2900,1400,300,9800,4000,600,7300,5500,1000,4100,7700,200,400,700,5000
21.0,14.34,44800,640465.0,14.3,14.29,14.28,14.27,14.26,14.25,14.24,14.23,14.22,14.21,14.34,14.35,14.37,14.38,14.39,14.4,14.42,14.43,14.44,14.45,3200,17400,3400,4800,4300,2900,1400,300,9800,4000,600,7300,5500,1000,4100,7700,200,400,700,5000
22.0,14.34,44800,640465.0,14.3,14.29,14.28,14.27,14.26,14.25,14.24,14.23,14.22,14.21,14.34,14.35,14.37,14.38,14.39,14.4,14.42,14.43,14.44,14.45,3200,16100,3400,4800,4300,3100,1400,300,9800,4000,1000,7300,5500,1000,4100,7700,200,400,700,5000
23.0,14.33,45000,643331.0,14.3,14.29,14.28,14.27,14.26,14.25,14.24,14.23,14.22,14.21,14.33,14.34,14.35,14.37,14.38,14.39,14.4,14.42,14.43,14.44,2100,16000,3400,4800,4300,3100,1400,300,9800,4000,100,1000,7300,5500,1000,4100,7700,200,400,700
24.0,14.33,45000,643331.0,14.3,14.29,14.28,14.27,14.26,14.25,14.24,14.23,14.22,14.21,14.33,14.34,14.35,14.37,14.38,14.39,14.4,14.42,14.43,14.44,2100,16000,3400,4800,4300,3100,1400,300,9800,4000,100,1000,7300,5500,1000,4100,7700,200,400,700
25.0,14.33,45000,643331.0,14.31,14.3,14.29,14.28,14.27,14.26,14.25,14.24,14.23,14.22,14.33,14.34,14.35,14.37,14.38,14.39,14.4,14.42,14.43,14.44,100,2100,17000,3400,4800,4300,3100,1400,300,9800,100,1000,7300,5500,1000,4100,7700,200,400,700
26.0,14.34,45200,646198.0,14.31,14.3,14.29,14.28,14.27,14.26,14.25,14.24,14.22,14.21,14.34,14.35,14.37,14.38,14.39,14.4,14.42,14.43,14.44,14.45,100,1900,17000,3400,4800,4300,3100,1400,9800,4000,900,7300,5500,1000,4100,7700,200,400,700,5000
27.0,14.34,45200,646198.0,14.31,14.3,14.29,14.28,14.27,14.26,14.25,14.24,14.22,14.21,14.33,14.34,14.35,14.37,14.38,14.39,14.4,14.42,14.43,14.44,100,1900,17000,3400,4800,4300,3100,1400,9800,4000,100,900,7300,5500,1000,4100,7700,200,400,700
28.0,14.34,45200,646198.0,14.31,14.3,14.29,14.28,14.27,14.26,14.25,14.24,14.22,14.21,14.33,14.34,14.35,14.37,14.38,14.39,14.4,14.42,14.43,14.44,5100,1900,17000,3400,4800,4300,3100,1400,9800,4000,100,900,7300,5500,1000,4100,7700,200,400,700
29.0,14.34,45200,646198.0,14.31,14.3,14.29,14.28,14.27,14.26,14.25,14.24,14.22,14.21,14.33,14.34,14.35,14.37,14.38,14.39,14.4,14.42,14.43,14.44,5100,1900,17000,3400,4800,4300,3100,1400,9800,4000,100,900,7300,5500,1000,4100,7700,200,400,700
30.0,14.34,45200,646198.0,14.31,14.3,14.29,14.28,14.27,14.26,14.25,14.24,14.22,14.21,14.33,14.34,14.35,14.37,14.38,14.39,14.4,14.42,14.43,14.44,5100,1900,17000,3400,4800,4300,3100,1400,9800,4000,100,900,7300,5500,1000,4100,7700,200,400,700
31.0,14.31,47000,671956.0,14.31,14.3,14.29,14.28,14.27,14.26,14.25,14.24,14.22,14.21,14.33,14.34,14.35,14.37,14.38,14.39,14.4,14.42,14.43,14.44,3300,1900,17000,3400,4800,4300,3100,1400,9800,4000,100,900,7300,5500,1000,4100,7700,200,400,700
32.0,14.31,50300,719179.0,14.3,14.29,14.28,14.27,14.26,14.25,14.24,14.22,14.21,14.2,14.33,14.34,14.35,14.37,14.38,14.39,14.4,14.42,14.43,14.44,2900,17000,3400,4800,4300,3100,1400,9800,4000,17000,100,900,7300,5500,1000,4100,7700,200,400,700
33.0,14.3,50500,722039.0,14.3,14.29,14.28,14.27,14.26,14.25,14.24,14.22,14.21,14.2,14.33,14.34,14.35,14.37,14.38,14.39,14.4,14.42,14.43,14.44,21000,17000,3400,4800,4300,3100,1400,9800,4000,17000,100,900,7300,5500,1000,4100,7700,200,400,700
34.0,14.3,50800,726331.0,14.3,14.29,14.28,14.27,14.26,14.25,14.24,14.22,14.21,14.2,14.33,14.34,14.35,14.37,14.38,14.39,14.4,14.42,14.43,14.44,20800,17000,3400,4800,4300,3100,1400,9800,4000,17000,100,900,7300,5500,1000,4100,7700,200,400,700
35.0,14.3,50800,726331.0,14.31,14.3,14.29,14.28,14.27,14.26,14.25,14.24,14.22,14.21,14.33,14.34,14.35,14.37,14.38,14.39,14.4,14.42,14.43,14.44,200,20800,17000,3400,4800,4300,3100,1400,9800,4000,100,900,7300,5500,1000,4100,7700,200,400,700
36.0,14.3,50800,726331.0,14.31,14.3,14.29,14.28,14.27,14.26,14.25,14.24,14.22,14.21,14.33,14.34,14.35,14.37,14.38,14.39,14.4,14.42,14.43,14.44,200,20800,17000,3400,4800,4300,3100,1400,9800,4000,100,900,7300,5500,1000,4100,7700,200,400,700
37.0,14.3,50800,726331.0,14.31,14.3,14.29,14.28,14.27,14.26,14.25,14.24,14.22,14.21,14.33,14.34,14.35,14.37,14.38,14.39,14.4,14.42,14.43,14.44,200,23800,17000,3400,4800,4300,3100,1400,9800,4000,100,900,7300,5500,1000,4100,7700,200,400,700
38.0,14.3,50800,726331.0,14.31,14.3,14.29,14.28,14.27,14.26,14.25,14.24,14.22,14.21,14.33,14.34,14.35,14.37,14.38,14.39,14.4,14.42,14.43,14.44,200,23700,17000,3400,4800,4300,3100,1400,9800,4000,100,900,7300,5500,1000,4100,7700,200,400,700
39.0,14.3,50800,726331.0,14.31,14.3,14.29,14.28,14.27,14.26,14.25,14.24,14.22,14.21,14.33,14.34,14.35,14.37,14.38,14.39,14.4,14.42,14.43,14.44,200,23700,17000,3400,4800,4300,3100,1400,9800,4000,100,900,7300,5500,1000,4100,7700,200,400,700
40.0,14.31,50900,727762.0,14.31,14.3,14.29,14.28,14.27,14.26,14.25,14.24,14.22,14.21,14.33,14.34,14.35,14.37,14.38,14.39,14.4,14.42,14.43,14.44,100,23700,17000,3400,4800,4300,3100,1400,9800,4000,100,900,7300,5500,1000,4100,7700,200,400,700
41.0,14.31,50900,727762.0,14.31,14.3,14.29,14.28,14.27,14.26,14.25,14.24,14.22,14.21,14.33,14.34,14.35,14.37,14.38,14.39,14.4,14.42,14.43,14.44,100,23700,17000,3400,4800,4300,3100,1400,9800,4000,100,900,7300,5500,1000,4100,7700,200,400,700
42.0,14.33,51000,729195.0,14.33,14.31,14.3,14.29,14.28,14.27,14.26,14.25,14.24,14.22,14.34,14.35,14.37,14.38,14.39,14.4,14.42,14.43,14.44,14.45,100,100,23700,17000,3400,4800,4300,3100,1400,9800,900,7300,5500,1000,4100,7700,200,400,700,5000
43.0,14.34,51300,733497.0,14.33,14.31,14.3,14.29,14.28,14.27,14.26,14.25,14.24,14.22,14.34,14.35,14.37,14.38,14.39,14.4,14.42,14.43,14.44,14.45,100,1700,23700,17000,3400,4800,4300,3100,1400,9800,600,7300,5500,1000,4100,7700,200,400,700,5000
44.0,14.35,52700,753583.0,14.34,14.33,14.31,14.3,14.29,14.28,14.27,14.26,14.25,14.24,14.35,14.37,14.38,14.39,14.4,14.42,14.43,14.44,14.45,14.46,400,2400,3700,23700,17000,1800,4800,4300,3100,1400,6100,5500,1000,4100,7700,200,400,700,5000,300
45.0,14.35,54200,775105.0,14.34,14.33,14.31,14.3,14.29,14.28,14.27,14.26,14.25,14.24,14.35,14.37,14.38,14.39,14.4,14.42,14.43,14.44,14.45,14.46,2200,2400,3700,23500,17000,1800,4800,4300,3100,1400,4900,5500,1000,4100,7700,200,400,700,5000,300
46.0,14.35,59100,845420.0,14.35,14.34,14.33,14.31,14.3,14.29,14.28,14.27,14.26,14.25,14.37,14.38,14.39,14.4,14.42,14.43,14.44,14.45,14.46,14.47,12700,2300,2400,2100,23500,17000,1800,4800,4300,3100,5500,1000,4100,7700,200,400,700,5000,300,2000
47.0,14.37,60500,865522.0,14.35,14.34,14.33,14.31,14.3,14.29,14.28,14.27,14.26,14.25,14.37,14.38,14.39,14.4,14.42,14.43,14.44,14.45,14.46,14.47,12100,2500,2400,2100,23200,17000,1800,4800,4300,3100,5900,1000,4100,7700,200,400,700,5000,300,2000
48.0,14.37,60700,868396.0,14.35,14.34,14.33,14.31,14.3,14.29,14.28,14.27,14.26,14.25,14.37,14.38,14.39,14.4,14.42,14.43,14.44,14.45,14.46,14.47,12100,2500,100,2100,23200,12000,1800,4800,4300,3100,5700,1000,4100,7700,200,400,700,5000,300,2000
49.0,14.37,60700,868396.0,14.35,14.34,14.33,14.31,14.3,14.29,14.28,14.27,14.26,14.25,14.37,14.38,14.39,14.4,14.42,14.43,14.44,14.45,14.46,14.47,14000,2500,100,2100,23200,12000,1800,4800,4300,3100,5700,1000,4100,7700,200,400,700,5000,300,2000
50.0,14.37,61400,878443.0,14.36,14.35,14.34,14.33,14.31,14.3,14.29,14.28,14.27,14.26,14.37,14.38,14.39,14.4,14.42,14.43,14.44,14.45,14.46,14.47,100,14800,2500,100,2100,23200,12000,1800,4800,4300,5700,1000,4100,7700,200,400,700,5000,300,2000
51.0,14.37,62000,887065.0,14.36,14.35,14.34,14.33,14.31,14.3,14.29,14.28,14.27,14.26,14.37,14.38,14.39,14.4,14.42,14.43,14.44,14.45,14.46,14.47,100,14800,1700,100,2100,23200,12000,1800,4800,4300,5100,1000,4100,7700,200,400,700,5000,300,2000
52.0,14.37,62600,895687.0,14.36,14.35,14.34,14.33,14.31,14.3,14.29,14.28,14.27,14.26,14.37,14.38,14.39,14.4,14.42,14.43,14.44,14.45,14.46,14.47,100,14800,1700,100,2100,20200,12000,1800,4800,4300,4600,1000,4100,7700,200,400,700,5000,300,2000
53.0,14.36,62800,898560.0,14.35,14.34,14.33,14.31,14.3,14.29,14.28,14.27,14.26,14.25,14.37,14.38,14.39,14.4,14.42,14.43,14.44,14.45,14.46,14.47,7800,1700,100,2100,20200,12000,1800,4800,4300,3100,4500,1000,4100,7700,200,400,700,5000,300,2000
54.0,14.35,63500,908605.0,14.35,14.34,14.33,14.31,14.3,14.29,14.28,14.27,14.26,14.25,14.37,14.38,14.39,14.4,14.42,14.43,14.44,14.45,14.46,14.47,3500,1700,100,2100,20200,3000,1800,4800,4300,3100,4500,1000,4100,7700,200,400,700,5000,300,2000
55.0,14.37,66100,945967.0,14.35,14.34,14.32,14.31,14.3,14.29,14.28,14.27,14.26,14.25,14.37,14.38,14.39,14.4,14.42,14.43,14.44,14.45,14.46,14.47,4500,1700,1000,2100,20200,3000,1800,4800,4300,3100,1900,1000,4100,7700,200,400,700,4500,300,2000
56.0,14.37,66900,957455.0,14.35,14.34,14.32,14.31,14.3,14.29,14.28,14.27,14.26,14.25,14.37,14.38,14.39,14.4,14.42,14.43,14.44,14.45,14.46,14.47,3900,1700,1000,2100,20200,3000,1800,4800,4300,3100,1500,1000,4100,7700,200,400,700,4500,300,2000
57.0,14.37,67400,964640.0,14.35,14.34,14.32,14.31,14.3,14.29,14.28,14.27,14.26,14.25,14.37,14.38,14.39,14.4,14.42,14.43,14.44,14.45,14.46,14.47,3900,1700,1000,2100,20200,3000,1800,4800,4300,3100,1000,1000,4100,7700,200,400,700,4500,300,2000
58.0,14.37,67400,964640.0,14.35,14.34,14.32,14.31,14.3,14.29,14.28,14.27,14.26,14.25,14.37,14.38,14.39,14.4,14.42,14.43,14.44,14.45,14.46,14.47,3900,1700,1000,2100,20200,3000,1800,4800,4300,3100,1000,1000,4100,7700,200,400,700,4500,300,2000
59.0,14.37,67500,966077.0,14.35,14.34,14.32,14.31,14.3,14.29,14.28,14.27,14.26,14.25,14.37,14.38,14.39,14.4,14.42,14.43,14.44,14.45,14.46,14.47,2900,1700,1000,2100,20200,3000,1800,4800,4300,3100,900,1000,4100,7700,200,400,700,4500,300,2000
60.0,14.37,67500,966077.0,14.35,14.34,14.32,14.31,14.3,14.29,14.28,14.27,14.26,14.25,14.37,14.38,14.39,14.4,14.42,14.43,14.44,14.45,14.46,14.47,2900,1700,1000,2100,20200,3000,1800,4800,4300,3100,900,1000,4100,7700,200,400,700,4500,300,2000
61.0,14.37,67800,970384.0,14.35,14.34,14.32,14.31,14.3,14.29,14.28,14.27,14.26,14.25,14.37,14.38,14.39,14.4,14.42,14.43,14.44,14.45,14.46,14.47,2600,1700,1000,2100,20200,3000,1800,4800,4300,3100,800,1000,4100,7700,200,400,700,4500,300,2000
62.0,14.37,67800,970384.0,14.35,14.34,14.32,14.31,14.3,14.29,14.28,14.27,14.26,14.25,14.37,14.38,14.39,14.4,14.42,14.43,14.44,14.45,14.46,14.47,3000,1700,1000,2100,20200,2800,1800,4800,4300,3100,800,1000,4100,7700,200,400,700,4500,300,2000
63.0,14.37,67800,970384.0,14.35,14.34,14.32,14.31,14.3,14.29,14.28,14.27,14.26,14.25,14.37,14.38,14.39,14.4,14.42,14.43,14.44,14.45,14.46,14.47,3100,1700,1000,2100,20200,2800,1800,4800,4300,3100,800,1000,4100,7700,200,400,700,4500,300,2000
64.0,14.37,67800,970384.0,14.35,14.34,14.32,14.31,14.3,14.29,14.28,14.27,14.26,14.25,14.37,14.38,14.39,14.4,14.42,14.43,14.44,14.45,14.46,14.47,3100,1700,1000,2100,20200,2800,1800,4800,4300,3100,800,1000,4100,7700,200,400,700,4500,300,2000
65.0,14.37,67800,970384.0,14.35,14.34,14.32,14.31,14.3,14.29,14.28,14.27,14.26,14.25,14.36,14.37,14.38,14.39,14.4,14.42,14.43,14.44,14.45,14.46,3300,1700,1000,2100,20200,2800,1800,4800,4300,3100,1000,800,1000,4100,7700,200,400,700,4500,300
66.0,14.35,68000,973255.0,14.35,14.34,14.32,14.31,14.3,14.29,14.28,14.27,14.26,14.25,14.36,14.37,14.38,14.39,14.4,14.42,14.43,14.44,14.45,14.46,3200,1700,1000,3100,20200,2800,1800,4800,4300,3100,900,800,1000,4100,7500,200,400,700,4500,300
67.0,14.35,68000,973255.0,14.35,14.34,14.32,14.31,14.3,14.29,14.28,14.27,14.26,14.25,14.36,14.37,14.38,14.39,14.4,14.42,14.43,14.44,14.45,14.46,3200,1700,1000,3100,20200,2800,1800,4800,4300,3100,900,800,1000,4100,7500,200,400,700,4500,300
68.0,14.35,70300,1006260.0,14.35,14.34,14.32,14.31,14.3,14.29,14.28,14.27,14.26,14.25,14.36,14.37,14.38,14.39,14.4,14.42,14.43,14.44,14.45,14.46,900,1700,1000,3100,20200,2800,1800,4800,4300,3100,900,800,1000,4100,7500,200,400,700,4500,300
69.0,14.35,80200,1148496.0,14.32,14.31,14.3,14.29,14.28,14.27,14.26,14.25,14.24,14.22,14.35,14.36,14.37,14.38,14.39,14.4,14.42,14.43,14.44,14.45,1000,3100,20200,2800,1800,4800,5000,3100,1400,9800,900,2000,3400,1000,4100,7500,200,400,700,4500
70.0,14.35,80500,1152801.0,14.32,14.31,14.3,14.29,14.28,14.27,14.26,14.25,14.24,14.22,14.35,14.36,14.37,14.38,14.39,14.4,14.42,14.43,14.44,14.45,1000,3100,20200,2800,1000,4800,5000,3100,1400,9800,600,2000,3400,1000,4100,7500,200,400,700,4500
71.0,14.35,80500,1152801.0,14.32,14.31,14.3,14.29,14.28,14.27,14.26,14.25,14.24,14.22,14.35,14.36,14.37,14.38,14.39,14.4,14.42,14.43,14.44,14.45,1000,3100,20200,2800,1000,4800,5000,3100,1400,9800,600,2000,3400,1000,4100,7500,200,400,700,4500
72.0,14.31,82200,1177146.0,14.31,14.3,14.29,14.28,14.27,14.26,14.25,14.24,14.22,14.21,14.34,14.35,14.37,14.38,14.39,14.4,14.42,14.43,14.44,14.45,2600,20200,2800,1000,4800,5000,3100,1400,9800,4000,4800,1100,3400,1000,4100,7500,200,400,700,4500
73.0,14.31,82200,1177146.0,14.31,14.3,14.29,14.28,14.27,14.26,14.25,14.24,14.22,14.21,14.34,14.35,14.37,14.38,14.39,14.4,14.42,14.43,14.44,14.45,5600,20200,2800,1000,4800,5000,3100,1400,9800,4000,4800,1100,2700,1000,4100,7500,200,400,700,4500
74.0,14.34,82400,1180014.0,14.31,14.3,14.29,14.28,14.27,14.26,14.25,14.24,14.22,14.21,14.34,14.35,14.37,14.38,14.39,14.4,14.42,14.43,14.44,14.45,6600,20200,2800,1000,4800,5000,3100,1400,9800,4000,4600,1100,2700,1000,4100,7500,200,400,700,4500
75.0,14.34,83500,1195770.0,14.31,14.3,14.29,14.28,14.27,14.26,14.25,14.24,14.22,14.21,14.34,14.35,14.37,14.38,14.39,14.4,14.42,14.43,14.44,14.45,6000,20200,2800,1000,4800,5000,3100,1400,9800,4000,4100,1100,2700,3000,4100,7500,200,400,700,4500
76.0,14.34,83500,1195770.0,14.31,14.3,14.29,14.28,14.27,14.26,14.25,14.24,14.22,14.21,14.34,14.35,14.37,14.38,14.39,14.4,14.42,14.43,14.44,14.45,6100,20200,2800,1000,4800,5000,3100,1400,9800,4000,4100,1100,2700,3000,4100,7500,200,400,700,4500
77.0,14.34,88700,1270348.0,14.34,14.32,14.31,14.3,14.29,14.28,14.27,14.26,14.25,14.24,14.35,14.36,14.37,14.38,14.39,14.4,14.42,14.43,14.44,14.45,1700,2500,6000,20200,2700,1000,4800,5000,3100,1400,100,2000,2700,3000,4100,7500,200,400,700,4500
78.0,14.34,89000,1274650.0,14.34,14.32,14.31,14.3,14.29,14.28,14.27,14.26,14.25,14.24,14.35,14.36,14.37,14.38,14.39,14.4,14.42,14.43,14.44,14.45,1400,2500,6000,20200,2700,1000,4800,5000,3100,1400,100,2000,2700,3000,4100,7500,200,400,700,4500
79.0,14.34,89100,1276084.0,14.34,14.32,14.31,14.3,14.29,14.28,14.27,14.26,14.25,14.24,14.35,14.36,14.37,14.38,14.39,14.4,14.42,14.43,14.44,14.45,1300,3300,5900,20200,2700,1000,4800,5000,3100,1400,10100,2000,2700,3000,4100,7500,200,400,700,4500
80.0,14.34,89100,1276084.0,14.34,14.32,14.31,14.3,14.29,14.28,14.27,14.26,14.25,14.24,14.35,14.36,14.37,14.38,14.39,14.4,14.42,14.43,14.44,14.45,1300,3500,5900,20200,2700,1000,4800,5000,3100,1400,10100,2200,3400,3000,4100,7500,200,400,700,4500
81.0,14.34,89900,1287556.0,14.34,14.32,14.31,14.3,14.29,14.28,14.27,14.26,14.25,14.24,14.35,14.36,14.37,14.38,14.39,14.4,14.42,14.43,14.44,14.45,500,3500,10300,20200,2700,1000,4800,5000,3100,1400,10100,2200,3400,3000,4100,7500,200,400,700,4500
82.0,14.34,89900,1287556.0,14.34,14.32,14.31,14.3,14.29,14.28,14.27,14.26,14.25,14.24,14.35,14.36,14.37,14.38,14.39,14.4,14.42,14.43,14.44,14.45,500,3500,10300,20200,2700,1000,4800,5000,3100,1400,10100,2200,3400,3000,4100,7500,200,400,700,4500
83.0,14.34,90300,1293292.0,14.34,14.32,14.31,14.3,14.29,14.28,14.27,14.26,14.25,14.24,14.35,14.36,14.37,14.38,14.39,14.4,14.42,14.43,14.44,14.45,100,3500,7300,20200,2700,1000,4800,5000,3100,1400,10100,2200,3400,3000,4100,7500,200,400,700,4500
84.0,14.35,90800,1300467.0,14.34,14.32,14.31,14.3,14.29,14.28,14.27,14.26,14.25,14.24,14.35,14.36,14.37,14.38,14.39,14.4,14.42,14.43,14.44,14.45,100,3500,7300,20200,2700,1000,4800,5000,3100,1400,9600,2200,3400,3000,4100,7500,200,400,700,4500
85.0,14.32,91200,1306197.0,14.32,14.31,14.3,14.29,14.28,14.27,14.26,14.25,14.24,14.22,14.35,14.36,14.37,14.38,14.39,14.4,14.42,14.43,14.44,14.45,2600,7300,20200,2700,1000,4800,5000,3100,1400,9800,9600,2200,3400,3000,4100,7500,200,400,700,4500
86.0,14.32,91200,1306197.0,14.32,14.31,14.3,14.29,14.28,14.27,14.26,14.25,14.24,14.22,14.35,14.36,14.37,14.38,14.39,14.4,14.42,14.43,14.44,14.45,2600,7400,20200,2700,1000,4800,5000,3100,1400,9800,9600,2200,3400,3000,4100,7500,200,400,700,4500
87.0,14.32,91200,1306197.0,14.32,14.31,14.3,14.29,14.28,14.27,14.26,14.25,14.24,14.22,14.34,14.35,14.36,14.37,14.38,14.39,14.4,14.42,14.43,14.44,2600,7400,20200,2700,1000,4800,5000,3100,1400,12700,100,9600,2200,3400,3000,4100,7500,200,400,700
88.0,14.32,91200,1306197.0,14.32,14.31,14.3,14.29,14.28,14.27,14.26,14.25,14.24,14.22,14.34,14.35,14.36,14.37,14.38,14.39,14.4,14.42,14.43,14.44,2600,7400,20200,2700,1000,4800,5000,3100,1400,12700,100,9600,2200,3400,3000,4100,7500,200,400,700
89.0,14.35,95100,1362140.0,14.32,14.31,14.3,14.29,14.28,14.27,14.26,14.25,14.24,14.22,14.35,14.36,14.37,14.38,14.39,14.4,14.42,14.43,14.44,14.45,6900,7400,20200,2700,1000,4800,5000,3100,1400,12700,6500,2200,3400,3000,4100,7500,200,400,700,4500
90.0,14.32,95700,1370732.0,14.32,14.31,14.3,14.29,14.28,14.27,14.26,14.25,14.24,14.22,14.35,14.36,14.37,14.38,14.39,14.4,14.42,14.43,14.44,14.45,6400,7400,20200,2700,1000,4800,5000,3100,1400,12700,6500,2200,3400,3000,4100,7500,200,400,700,4500
91.0,14.35,96200,1377907.0,14.32,14.31,14.3,14.29,14.28,14.27,14.26,14.25,14.24,14.22,14.35,14.36,14.37,14.38,14.39,14.4,14.42,14.43,14.44,14.45,6400,7400,20100,2700,1000,4800,5000,3100,1400,12700,6000,2200,3400,3000,4100,7500,200,400,700,4500
92.0,14.35,97000,1389369.0,14.34,14.32,14.31,14.3,14.29,14.28,14.27,14.26,14.25,14.24,14.35,14.36,14.37,14.38,14.39,14.4,14.42,14.43,14.44,14.45,100,5800,7400,20100,2700,1000,4800,5000,3100,1400,5800,2200,3400,3000,4100,7500,200,400,700,4500
93.0,14.35,97000,1389369.0,14.34,14.32,14.31,14.3,14.29,14.28,14.27,14.26,14.25,14.24,14.35,14.36,14.37,14.38,14.39,14.4,14.42,14.43,14.44,14.45,100,5800,7400,20100,2700,1000,4800,5000,3100,1400,5800,2200,3400,3000,4100,7500,200,400,700,4500
94.0,14.35,97700,1399414.0,14.34,14.32,14.31,14.3,14.29,14.28,14.27,14.26,14.25,14.24,14.35,14.36,14.37,14.38,14.39,14.4,14.42,14.43,14.44,14.45,100,5800,7400,20100,2700,1000,4800,5000,3100,1400,5100,2300,3400,3000,4100,7900,200,400,700,4500
95.0,14.35,98600,1412329.0,14.32,14.31,14.3,14.29,14.28,14.27,14.26,14.25,14.24,14.22,14.35,14.36,14.37,14.38,14.39,14.4,14.42,14.43,14.44,14.45,5800,8200,20100,2700,1000,4800,5000,3100,1400,12700,4200,2300,3400,3000,4100,7900,200,400,700,4500
96.0,14.35,99700,1428099.0,14.32,14.31,14.3,14.29,14.28,14.27,14.26,14.25,14.24,14.22,14.35,14.36,14.37,14.38,14.39,14.4,14.42,14.43,14.44,14.45,5300,8200,20100,2700,1000,4800,5000,3100,1400,12700,3600,2300,3400,3000,4100,7900,200,400,700,4500
97.0,14.32,100200,1435259.0,14.32,14.31,14.3,14.29,14.28,14.27,14.26,14.25,14.24,14.22,14.35,14.36,14.37,14.38,14.39,14.4,14.42,14.43,14.44,14.45,4800,8200,20100,2700,1000,4800,5000,3100,1400,12700,3600,2300,3400,3000,4100,7900,200,400,700,4500
98.0,14.35,101400,1452479.0,14.32,14.31,14.3,14.29,14.28,14.27,14.26,14.25,14.24,14.22,14.35,14.36,14.37,14.38,14.39,14.4,14.42,14.43,14.44,14.45,4900,8200,20000,2700,1000,4800,5000,3100,1400,12700,2400,2300,3400,3000,4100,7900,200,400,700,4500
99.0,14.35,101900,1459642.0,14.32,14.31,14.3,14.29,14.28,14.27,14.26,14.25,14.24,14.22,14.34,14.35,14.36,14.37,14.38,14.39,14.4,14.42,14.43,14.44,4500,8200,20000,2700,1000,4800,5000,3100,1400,12700,400,2300,2300,3400,3000,4100,7900,200,400,700
100.0,14.34,102100,1462510.0,14.32,14.31,14.3,14.29,14.28,14.27,14.26,14.25,14.24,14.22,14.34,14.35,14.36,14.37,14.38,14.39,14.4,14.42,14.43,14.44,4500,8200,20000,2700,1000,4800,5000,3100,1400,12700,2200,2300,2300,3400,3000,4100,7900,200,400,700
101.0,14.34,102800,1472548.0,14.32,14.31,14.3,14.29,14.28,14.27,14.26,14.25,14.24,14.22,14.34,14.35,14.36,14.37,14.38,14.39,14.4,14.42,14.43,14.44,4500,8200,20000,2700,1000,4800,5000,3100,1400,12700,1500,2300,2300,3400,3000,4100,7900,200,400,700
102.0,14.32,103200,1478276.0,14.33,14.32,14.31,14.3,14.29,14.28,14.27,14.26,14.25,14.24,14.34,14.35,14.36,14.37,14.38,14.39,14.4,14.42,14.43,14.44,500,4100,11700,20000,2700,1000,4800,5000,3100,1400,1500,2300,2300,3400,3000,4100,7900,200,400,700
103.0,14.32,103200,1478276.0,14.33,14.32,14.31,14.3,14.29,14.28,14.27,14.26,14.25,14.24,14.34,14.35,14.36,14.37,14.38,14.39,14.4,14.42,14.43,14.44,500,4100,11700,20000,2700,1000,4800,5000,3100,1400,1500,2300,2300,3400,3000,4100,7900,200,400,700
104.0,14.34,104200,1492616.0,14.33,14.32,14.31,14.3,14.29,14.28,14.27,14.26,14.25,14.24,14.34,14.35,14.36,14.37,14.38,14.39,14.4,14.42,14.43,14.44,500,4000,11700,20000,2700,1000,4800,5000,3100,1400,500,2300,2300,3400,3000,4100,7900,200,400,700
105.0,14.34,104200,1492616.0,14.33,14.32,14.31,14.3,14.29,14.28,14.27,14.26,14.25,14.24,14.34,14.35,14.36,14.37,14.38,14.39,14.4,14.42,14.43,14.44,500,4000,11700,20000,2700,1000,4800,5000,3600,1400,500,2300,2300,3400,3000,4100,7900,200,400,700
106.0,14.34,104200,1492616.0,14.33,14.32,14.31,14.3,14.29,14.28,14.27,14.26,14.25,14.24,14.34,14.35,14.36,14.37,14.38,14.39,14.4,14.42,14.43,14.44,500,4000,11700,20000,2700,1000,4800,5000,3600,1400,500,2300,2300,3400,3000,4100,7900,200,400,700
107.0,14.34,104200,1492616.0,14.33,14.32,14.31,14.3,14.29,14.28,14.27,14.26,14.25,14.24,14.34,14.35,14.36,14.37,14.38,14.39,14.4,14.42,14.43,14.44,600,4000,11700,20000,2700,1000,4800,5000,3600,1400,500,2300,2300,3400,3000,4100,7900,200,400,700
108.0,14.34,104200,1492616.0,14.33,14.32,14.31,14.3,14.29,14.28,14.27,14.26,14.25,14.24,14.34,14.35,14.36,14.37,14.38,14.39,14.4,14.42,14.43,14.44,600,4000,11700,20000,2700,1000,4800,5000,3600,1400,500,2300,2300,3400,3000,4100,7900,200,400,700
109.0,14.34,104200,1492616.0,14.33,14.32,14.31,14.3,14.29,14.28,14.27,14.26,14.25,14.24,14.34,14.35,14.36,14.37,14.38,14.39,14.4,14.42,14.43,14.44,600,4000,11700,20000,2700,1000,4800,5000,3100,1400,500,2300,2300,3400,3000,4100,7900,200,400,700
110.0,14.34,104200,1492616.0,14.33,14.32,14.31,14.3,14.29,14.28,14.27,14.26,14.25,14.24,14.34,14.35,14.36,14.37,14.38,14.39,14.4,14.42,14.43,14.44,600,4000,10800,20000,2700,1000,4800,5000,3100,1400,500,2300,2300,2700,3000,4100,7900,200,400,700
111.0,14.34,104300,1494050.0,14.33,14.32,14.31,14.3,14.29,14.28,14.27,14.26,14.25,14.24,14.34,14.35,14.36,14.37,14.38,14.39,14.4,14.42,14.43,14.44,600,4000,10800,20000,2700,1000,4800,5000,3100,1400,400,2300,2300,2700,3000,4100,7900,200,400,700
112.0,14.34,104700,1499786.0,14.33,14.32,14.31,14.3,14.29,14.28,14.27,14.26,14.25,14.24,14.35,14.36,14.37,14.38,14.39,14.4,14.42,14.43,14.44,14.45,600,4000,10800,20000,2700,1000,4800,5000,3100,1400,2300,2300,2700,3000,4100,7900,200,400,700,4500
113.0,14.34,104700,1499786.0,14.34,14.33,14.32,14.31,14.3,14.29,14.28,14.27,14.26,14.25,14.35,14.36,14.37,14.38,14.39,14.4,14.42,14.43,14.44,14.45,2900,1600,4000,10700,20000,2700,1000,4800,5000,3100,2300,2300,2700,3000,4100,7900,200,400,700,4500
114.0,14.35,104800,1501221.0,14.34,14.33,14.32,14.31,14.3,14.29,14.28,14.27,14.26,14.25,14.35,14.36,14.37,14.38,14.39,14.4,14.42,14.43,14.44,14.45,2900,1500,4000,10700,20000,2700,1000,4800,5000,3100,2200,2300,2700,3000,4100,7900,200,400,700,4500
115.0,14.34,107800,1544261.0,14.34,14.33,14.32,14.31,14.3,14.29,14.28,14.27,14.26,14.25,14.35,14.36,14.37,14.38,14.39,14.4,14.42,14.43,14.44,14.45,500,1600,4000,10700,20000,2700,1000,4800,5000,3100,200,2300,2700,3000,4100,7900,200,400,700,4500
116.0,14.34,107800,1544261.0,14.34,14.33,14.32,14.31,14.3,14.29,14.28,14.27,14.26,14.25,14.35,14.36,14.37,14.38,14.39,14.4,14.42,14.43,14.44,14.45,500,2600,4000,11700,20000,2700,1000,4800,5000,3100,200,2300,2700,3000,4100,7900,200,400,700,4500
117.0,14.34,107800,1544261.0,14.34,14.33,14.32,14.31,14.3,14.29,14.28,14.27,14.26,14.25,14.35,14.36,14.37,14.38,14.39,14.4,14.42,14.43,14.44,14.45,400,2600,4000,11700,20000,2700,1000,4800,5000,3100,200,2300,2700,3000,4100,7900,200,400,700,4500
118.0,14.34,108000,1547129.0,14.34,14.33,14.32,14.31,14.3,14.29,14.28,14.27,14.26,14.25,14.35,14.36,14.37,14.38,14.39,14.4,14.42,14.43,14.44,14.45,300,2600,4000,11700,20000,2700,1000,4800,5000,3100,200,2300,2700,3000,4100,7900,200,400,700,4500
119.0,14.34,108000,1547129.0,14.34,14.33,14.32,14.31,14.3,14.29,14.28,14.27,14.26,14.25,14.35,14.36,14.37,14.38,14.39,14.4,14.42,14.43,14.44,14.45,300,2600,4000,11700,20000,2700,1000,4800,5000,3100,200,2200,2700,3000,4100,7900,200,400,700,4500
120.0,14.34,108000,1547129.0,14.34,14.33,14.32,14.31,14.3,14.29,14.28,14.27,14.26,14.25,14.35,14.36,14.37,14.38,14.39,14.4,14.42,14.43,14.44,14.45,400,2600,4000,11700,20000,2700,1000,4800,5000,3100,200,2200,2700,3000,4100,7900,200,400,700,4500
121.0,14.34,108500,1554299.0,14.34,14.33,14.32,14.31,14.3,14.29,14.28,14.27,14.26,14.25,14.35,14.36,14.37,14.38,14.39,14.4,14.42,14.43,14.44,14.45,100,2600,4000,11700,20000,2700,1000,4800,5000,3100,200,2200,2700,3000,4100,7900,200,400,700,4500
122.0,14.35,108700,1557169.0,14.34,14.33,14.32,14.31,14.3,14.29,14.28,14.27,14.26,14.25,14.36,14.37,14.38,14.39,14.4,14.42,14.43,14.44,14.45,14.46,300,2600,4000,11700,21000,2700,1000,4800,5000,3100,2200,2700,3000,4100,7900,200,400,700,4500,300
123.0,14.35,108700,1557169.0,14.34,14.33,14.32,14.31,14.3,14.29,14.28,14.27,14.26,14.25,14.36,14.37,14.38,14.39,14.4,14.42,14.43,14.44,14.45,14.46,300,2600,4000,11700,21100,2700,1000,4800,5000,3100,2200,2700,3000,4100,7900,200,400,700,4500,300
124.0,14.35,108700,1557169.0,14.34,14.33,14.32,14.31,14.3,14.29,14.28,14.27,14.26,14.25,14.35,14.36,14.37,14.38,14.39,14.4,14.42,14.43,14.44,14.45,300,2600,4000,11700,21100,2700,1000,4800,5000,3100,100,2200,2700,3000,4100,7900,200,400,700,4500
125.0,14.35,108800,1558604.0,14.34,14.33,14.32,14.31,14.3,14.29,14.28,14.27,14.26,14.25,14.36,14.37,14.38,14.39,14.4,14.42,14.43,14.44,14.45,14.46,400,2600,4000,11700,21100,2700,1000,4800,5000,3100,2200,2700,3000,4100,7900,200,400,700,4500,300
126.0,14.35,108800,1558604.0,14.34,14.33,14.32,14.31,14.3,14.29,14.28,14.27,14.26,14.25,14.36,14.37,14.38,14.39,14.4,14.42,14.43,14.44,14.45,14.46,400,2600,4000,11700,21100,2700,1000,4800,5000,3100,2200,2700,3000,4100,7900,200,1200,700,4500,300
127.0,14.35,108800,1558604.0,14.34,14.33,14.32,14.31,14.3,14.29,14.28,14.27,14.26,14.25,14.36,14.37,14.38,14.39,14.4,14.42,14.43,14.44,14.45,14.46,400,2600,4000,11700,21100,2700,1000,4800,5000,3100,2200,2700,3000,4100,7900,200,1200,700,4500,300
128.0,14.34,109300,1565774.0,14.33,14.32,14.31,14.3,14.29,14.28,14.27,14.26,14.25,14.24,14.36,14.37,14.38,14.39,14.4,14.42,14.43,14.44,14.45,14.46,2600,4000,11700,21100,2700,1000,4800,5000,3100,1400,2200,2700,3000,4100,7900,200,1200,700,4500,300
129.0,14.34,109300,1565774.0,14.33,14.32,14.31,14.3,14.29,14.28,14.27,14.26,14.25,14.24,14.36,14.37,14.38,14.39,14.4,14.42,14.43,14.44,14.45,14.46,2300,4000,11700,21100,2700,1200,4800,5000,3100,1400,2400,2700,3000,4100,7900,200,1200,700,4500,300
130.0,14.34,109300,1565774.0,14.33,14.32,14.31,14.3,14.29,14.28,14.27,14.26,14.25,14.24,14.36,14.37,14.38,14.39,14.4,14.42,14.43,14.44,14.45,14.46,2600,4000,11700,21100,4100,1200,4800,5000,3100,1400,2700,2700,3000,4100,7900,200,1200,700,4500,300
131.0,14.34,109400,1567208.0,14.34,14.33,14.32,14.31,14.3,14.29,14.28,14.27,14.26,14.25,14.36,14.37,14.38,14.39,14.4,14.42,14.43,14.44,14.45,14.46,2300,2600,4000,11700,21100,4100,1200,4800,5000,3100,2700,2700,3000,4100,7900,200,1200,700,4500,300
132.0,14.34,109600,1570076.0,14.34,14.33,14.32,14.31,14.3,14.29,14.28,14.27,14.26,14.25,14.36,14.37,14.38,14.39,14.4,14.42,14.43,14.44,14.45,14.46,2200,2600,4000,11700,21100,4100,1200,4800,5000,3100,2700,2700,3000,4100,7900,200,1200,700,4500,300
133.0,14.34,109800,1572944.0,14.34,14.33,14.32,14.31,14.3,14.29,14.28,14.27,14.26,14.25,14.36,14.37,14.38,14.39,14.4,14.42,14.43,14.44,14.45,14.46,2000,2600,4000,11700,21100,4100,1200,4800,5000,3100,2700,2700,3000,4100,7900,200,1200,700,4500,300
134.0,14.34,109800,1572944.0,14.34,14.33,14.32,14.31,14.3,14.29,14.28,14.27,14.26,14.25,14.36,14.37,14.38,14.39,14.4,14.42,14.43,14.44,14.45,14.46,2000,2600,4000,11700,21100,4100,1200,4800,5000,3100,2700,2700,3000,4100,7900,200,1200,700,4500,300
135.0,14.34,110200,1578680.0,14.35,14.34,14.33,14.32,14.31,14.3,14.29,14.28,14.27,14.26,14.36,14.37,14.38,14.39,14.4,14.42,14.43,14.44,14.45,14.46,1300,1700,2600,4000,11700,21100,4100,1200,4800,5000,2800,2700,3000,4100,7900,200,1200,700,4500,300
136.0,14.34,110200,1578680.0,14.35,14.34,14.33,14.32,14.31,14.3,14.29,14.28,14.27,14.26,14.36,14.37,14.38,14.39,14.4,14.42,14.43,14.44,14.45,14.46,1300,1900,2600,4000,11700,21100,4100,1200,4800,5000,2800,2700,3000,4100,7900,200,1200,700,4500,300
137.0,14.36,110600,1584424.0,14.35,14.34,14.33,14.32,14.31,14.3,14.29,14.28,14.27,14.26,14.36,14.37,14.38,14.39,14.4,14.42,14.43,14.44,14.45,14.46,1300,600,2600,4000,11700,21100,4100,1200,4800,5000,2400,2700,3000,4100,7900,200,1200,700,4500,300
138.0,14.36,110800,1587296.0,14.35,14.34,14.33,14.32,14.31,14.3,14.29,14.28,14.27,14.26,14.36,14.37,14.38,14.39,14.4,14.42,14.43,14.44,14.45,14.46,1300,600,2600,4000,11700,21100,4100,1200,4800,5000,2200,2700,3000,4100,7900,200,1200,700,4500,300
139.0,14.36,110800,1587296.0,14.35,14.34,14.33,14.32,14.31,14.3,14.29,14.28,14.27,14.26,14.36,14.37,14.38,14.39,14.4,14.42,14.43,14.44,14.45,14.46,1300,700,2600,4000,11700,21100,4100,1200,4800,5000,2200,2700,3000,4100,7900,200,1200,700,4500,300
140.0,14.36,112000,1604520.0,14.35,14.34,14.33,14.32,14.31,14.3,14.29,14.28,14.27,14.26,14.36,14.37,14.38,14.39,14.4,14.42,14.43,14.44,14.45,14.46,1400,700,2600,3900,11700,21100,4100,1200,4800,5000,1800,2700,3000,4100,7900,200,1200,700,4500,300
141.0,14.36,112000,1604520.0,14.35,14.34,14.33,14.32,14.31,14.3,14.29,14.28,14.27,14.26,14.36,14.37,14.38,14.39,14.4,14.42,14.43,14.44,14.45,14.46,1400,700,2600,3900,11700,21100,4100,1200,4800,5000,1800,2700,3000,4100,7900,200,1200,700,4500,300
142.0,14.36,112100,1605956.0,14.35,14.34,14.33,14.32,14.31,14.3,14.29,14.28,14.27,14.26,14.36,14.37,14.38,14.39,14.4,14.42,14.43,14.44,14.45,14.46,1400,700,2600,3900,11700,21100,4100,1200,4800,5000,1700,2700,3000,4100,7900,200,1200,700,4500,300
143.0,14.36,112700,1614572.0,14.35,14.34,14.33,14.32,14.31,14.3,14.29,14.28,14.27,14.26,14.36,14.37,14.38,14.39,14.4,14.42,14.43,14.44,14.45,14.46,1400,700,2600,3900,11700,21100,4100,1200,4800,5000,1100,2700,10400,4100,7900,200,1200,700,4500,300
144.0,14.36,112700,1614572.0,14.35,14.34,14.33,14.32,14.31,14.3,14.29,14.28,14.27,14.26,14.36,14.37,14.38,14.39,14.4,14.42,14.43,14.44,14.45,14.46,1400,700,2600,3900,11700,21100,4100,1200,4800,5000,1100,2700,10400,4100,7900,200,1200,700,4500,300
145.0,14.35,112800,1616007.0,14.35,14.34,14.33,14.32,14.31,14.3,14.29,14.28,14.27,14.26,14.36,14.37,14.38,14.39,14.4,14.42,14.43,14.44,14.45,14.46,1300,700,2600,3900,11700,21100,4100,1200,4800,5000,1100,2700,10400,4100,7900,200,1200,700,4500,300
146.0,14.36,113700,1628931.0,14.35,14.34,14.33,14.32,14.31,14.3,14.29,14.28,14.27,14.26,14.36,14.37,14.38,14.39,14.4,14.42,14.43,14.44,14.45,14.46,1300,700,2600,3900,11700,21100,4100,1200,4800,5000,200,2700,10400,4100,7900,200,1200,700,4500,300
147.0,14.35,113800,1630366.0,14.35,14.34,14.33,14.32,14.31,14.3,14.29,14.28,14.27,14.26,14.36,14.37,14.38,14.39,14.4,14.42,14.43,14.44,14.45,14.46,1200,700,2600,3900,11700,21100,4100,1200,4800,5000,200,2700,10400,4100,7900,200,1200,700,4500,300
148.0,14.36,114300,1637546.0,14.35,14.34,14.33,14.32,14.31,14.3,14.29,14.28,14.27,14.26,14.36,14.37,14.38,14.39,14.4,14.42,14.43,14.44,14.45,14.46,1200,700,2600,3900,11700,21100,4100,1200,4800,5000,1100,4600,10400,4100,7900,200,1200,700,4500,300
149.0,14.36,115500,1654777.0,14.36,14.35,14.34,14.33,14.32,14.31,14.3,14.29,14.28,14.27,14.37,14.38,14.39,14.4,14.42,14.43,14.44,14.45,14.46,14.47,600,1100,700,2600,3900,11700,21100,4100,1200,4800,4600,10400,4100,7900,200,1200,700,4500,300,2000
150.0,14.36,115500,1654777.0,14.36,14.35,14.34,14.33,14.32,14.31,14.3,14.29,14.28,14.27,14.37,14.38,14.39,14.4,14.42,14.43,14.44,14.45,14.46,14.47,600,1100,200,2600,3900,12200,21100,4100,1200,4800,4600,10400,4100,7900,200,1200,700,4500,300,2000
151.0,14.36,115500,1654777.0,14.36,14.35,14.34,14.33,14.32,14.31,14.3,14.29,14.28,14.27,14.37,14.38,14.39,14.4,14.42,14.43,14.44,14.45,14.46,14.47,600,1100,200,2600,3900,11400,21100,4100,1200,4800,4600,10400,4100,7900,200,1200,700,4500,300,2000
152.0,14.37,115900,1660525.0,14.36,14.35,14.34,14.33,14.32,14.31,14.3,14.29,14.28,14.27,14.37,14.38,14.39,14.4,14.42,14.43,14.44,14.45,14.46,14.47,600,900,200,2600,3900,11400,21100,4100,1200,4800,4200,10400,4100,7900,200,1200,700,4500,300,2000
153.0,14.37,115900,1660525.0,14.36,14.35,14.34,14.33,14.32,14.31,14.3,14.29,14.28,14.27,14.37,14.38,14.39,14.4,14.42,14.43,14.44,14.45,14.46,14.47,600,900,200,2600,3900,11400,21100,4100,1200,4800,4200,10400,4100,7900,200,1200,700,4500,300,2000
154.0,14.36,116000,1661961.0,14.36,14.35,14.34,14.33,14.32,14.31,14.3,14.29,14.28,14.27,14.37,14.38,14.39,14.4,14.42,14.43,14.44,14.45,14.46,14.47,500,900,200,2600,3900,11400,21100,4100,1200,4800,4200,10400,4100,7900,200,1200,700,4500,300,2000
155.0,14.37,116900,1674889.0,14.35,14.34,14.33,14.32,14.31,14.3,14.29,14.28,14.27,14.26,14.37,14.38,14.39,14.4,14.42,14.43,14.44,14.45,14.46,14.47,900,200,2600,3900,11400,21100,4100,1200,4800,5000,3800,10400,4100,7900,200,1200,700,4500,300,2000
156.0,14.37,117000,1676326.0,14.35,14.34,14.33,14.32,14.31,14.3,14.29,14.28,14.27,14.26,14.37,14.38,14.39,14.4,14.42,14.43,14.44,14.45,14.46,14.47,900,200,2600,3900,11400,21100,4100,1200,4800,5000,3700,10400,4100,7900,200,1200,700,4500,300,2000
157.0,14.37,117000,1676326.0,14.35,14.34,14.33,14.32,14.31,14.3,14.29,14.28,14.27,14.26,14.37,14.38,14.39,14.4,14.42,14.43,14.44,14.45,14.46,14.47,900,200,2600,3900,11400,21100,4100,1200,4800,5000,3700,10400,4100,7900,200,1200,700,4500,300,2000
158.0,14.37,118100,1692133.0,14.35,14.34,14.33,14.32,14.31,14.3,14.29,14.28,14.27,14.26,14.37,14.38,14.39,14.4,14.42,14.43,14.44,14.45,14.46,14.47,900,200,2600,3900,11400,21100,4100,1200,4800,5000,2600,10400,4100,7900,200,1200,700,4500,300,2000
159.0,14.37,118100,1692133.0,14.35,14.34,14.33,14.32,14.31,14.3,14.29,14.28,14.27,14.26,14.37,14.38,14.39,14.4,14.42,14.43,14.44,14.45,14.46,14.47,900,200,2600,3900,11400,21100,4100,1200,4800,5000,2600,10400,4100,7900,200,1200,700,4500,300,2000
160.0,14.37,118100,1692133.0,14.35,14.34,14.33,14.32,14.31,14.3,14.29,14.28,14.27,14.26,14.37,14.38,14.39,14.4,14.42,14.43,14.44,14.45,14.46,14.47,900,200,3600,3900,11400,21100,4100,1200,4800,5000,2600,10400,4100,7900,200,1200,700,4500,300,2000
161.0,14.37,118500,1697881.0,14.35,14.34,14.33,14.32,14.31,14.3,14.29,14.28,14.27,14.26,14.37,14.38,14.39,14.4,14.42,14.43,14.44,14.45,14.46,14.47,900,200,3600,3900,11400,21100,4100,1200,4800,5000,2200,10400,4100,7900,200,1200,700,4500,300,2000
162.0,14.37,118500,1697881.0,14.35,14.34,14.33,14.32,14.31,14.3,14.29,14.28,14.27,14.26,14.37,14.38,14.39,14.4,14.42,14.43,14.44,14.45,14.46,14.47,900,200,3600,3900,11400,21100,4100,1200,4800,5000,2200,10400,4100,7900,200,1200,700,4500,300,2000
163.0,14.37,118500,1697881.0,14.35,14.34,14.33,14.32,14.31,14.3,14.29,14.28,14.27,14.26,14.37,14.38,14.39,14.4,14.42,14.43,14.44,14.45,14.46,14.47,900,200,3600,3900,11400,21100,4100,1200,4800,5000,2200,10400,4100,7900,200,1200,700,4500,300,2000
164.0,14.37,118900,1703629.0,14.35,14.34,14.33,14.32,14.31,14.3,14.29,14.28,14.27,14.26,14.37,14.38,14.39,14.4,14.42,14.43,14.44,14.45,14.46,14.47,900,200,3600,3900,11400,21100,4100,1200,4800,5000,1800,10400,4100,7900,200,1200,700,4500,300,2000
165.0,14.37,118900,1703629.0,14.35,14.34,14.33,14.32,14.31,14.3,14.29,14.28,14.27,14.26,14.37,14.38,14.39,14.4,14.42,14.43,14.44,14.45,14.46,14.47,900,200,3600,3900,11400,21100,4100,1200,4800,5000,1800,10400,4100,7900,200,1200,700,4500,300,2000
166.0,14.37,118900,1703629.0,14.35,14.34,14.33,14.32,14.31,14.3,14.29,14.28,14.27,14.26,14.37,14.38,14.39,14.4,14.42,14.43,14.44,14.45,14.46,14.47,900,200,3600,3900,11400,21100,4100,1200,4800,5000,1800,10400,4100,7900,200,1200,700,4500,300,2000
167.0,14.37,119300,1709377.0,14.35,14.34,14.33,14.32,14.31,14.3,14.29,14.28,14.27,14.26,14.37,14.38,14.39,14.4,14.42,14.43,14.44,14.45,14.46,14.47,900,200,3600,3900,11400,21100,4100,1200,4800,5000,1400,10400,4100,7900,200,1200,700,4500,300,2000
168.0,14.37,119300,1709377.0,14.35,14.34,14.33,14.32,14.31,14.3,14.29,14.28,14.27,14.26,14.37,14.38,14.39,14.4,14.42,14.43,14.44,14.45,14.46,14.47,900,200,3600,3900,11400,21100,4100,1200,4800,5000,1400,10400,4100,7900,200,1200,700,4500,300,2000
169.0,14.37,119300,1709377.0,14.35,14.34,14.33,14.32,14.31,14.3,14.29,14.28,14.27,14.26,14.37,14.38,14.39,14.4,14.42,14.43,14.44,14.45,14.46,14.47,900,200,3600,3900,11400,21100,4100,1200,4800,5000,4100,10400,4100,7900,200,1200,700,4500,300,2000
170.0,14.37,120500,1726621.0,14.35,14.34,14.33,14.32,14.31,14.3,14.29,14.28,14.27,14.26,14.36,14.37,14.38,14.39,14.4,14.42,14.43,14.44,14.45,14.46,900,200,3600,3900,11400,21100,4100,1200,4800,5000,300,2900,10400,4100,7900,200,1200,700,4500,300
171.0,14.37,120500,1726621.0,14.35,14.34,14.33,14.32,14.31,14.3,14.29,14.28,14.27,14.26,14.36,14.37,14.38,14.39,14.4,14.42,14.43,14.44,14.45,14.46,900,200,3600,3900,11400,21100,4100,1200,4800,5000,300,2900,10400,4100,7900,200,1200,700,4500,300
172.0,14.37,120500,1726621.0,14.35,14.34,14.33,14.32,14.31,14.3,14.29,14.28,14.27,14.26,14.36,14.37,14.38,14.39,14.4,14.42,14.43,14.44,14.45,14.46,900,200,3600,3900,11400,21100,4100,1200,4800,5000,500,2700,10400,4100,7900,200,1200,700,4500,300
173.0,14.36,120600,1728057.0,14.35,14.34,14.33,14.32,14.31,14.3,14.29,14.28,14.27,14.26,14.36,14.37,14.38,14.39,14.4,14.42,14.43,14.44,14.45,14.46,1200,200,3600,3900,11400,21100,4100,1200,4800,5000,400,2700,10400,4100,7900,200,1200,700,4500,300
174.0,14.36,120600,1728057.0,14.35,14.34,14.33,14.32,14.31,14.3,14.29,14.28,14.27,14.26,14.36,14.37,14.38,14.39,14.4,14.42,14.43,14.44,14.45,14.46,1200,200,3600,3900,11400,21100,4100,1200,4800,5000,400,2700,10400,4100,7900,200,1200,700,4500,300
175.0,14.35,120700,1729492.0,14.35,14.34,14.33,14.32,14.31,14.3,14.29,14.28,14.27,14.26,14.36,14.37,14.38,14.39,14.4,14.42,14.43,14.44,14.45,14.46,1100,200,3600,3900,11400,21100,4100,1200,4800,5000,400,2700,10400,4100,7900,200,1200,700,4500,300
176.0,14.36,120800,1730928.0,14.35,14.34,14.33,14.32,14.31,14.3,14.29,14.28,14.27,14.26,14.36,14.37,14.38,14.39,14.4,14.42,14.43,14.44,14.45,14.46,1100,200,3600,3900,11400,21100,4100,1200,4800,5000,300,2700,10400,4100,7900,200,1200,700,4500,300
177.0,14.36,120800,1730928.0,14.35,14.34,14.33,14.32,14.31,14.3,14.29,14.28,14.27,14.26,14.36,14.37,14.38,14.39,14.4,14.42,14.43,14.44,14.45,14.46,1100,200,3600,3900,11400,21100,4100,1200,4800,5000,300,4700,10400,4100,7900,200,1200,700,4500,300
178.0,14.35,120900,1732363.0,14.35,14.34,14.33,14.32,14.31,14.3,14.29,14.28,14.27,14.26,14.36,14.37,14.38,14.39,14.4,14.42,14.43,14.44,14.45,14.46,1000,200,3600,3900,11400,21100,4100,1200,4800,5000,800,4700,12900,4100,7900,200,1200,700,4500,300
179.0,14.35,121700,1743850.0,14.35,14.34,14.33,14.32,14.31,14.3,14.29,14.28,14.27,14.26,14.36,14.37,14.38,14.39,14.4,14.42,14.43,14.44,14.45,14.46,900,200,3600,3900,11400,21100,4100,1200,4800,5000,400,4500,12900,4100,7900,200,1200,700,4500,300
180.0,14.35,121700,1743850.0,14.35,14.34,14.33,14.32,14.31,14.3,14.29,14.28,14.27,14.26,14.36,14.37,14.38,14.39,14.4,14.42,14.43,14.44,14.45,14.46,900,200,3600,3900,11400,21100,4100,1200,4800,5000,1800,3100,12900,4100,7900,200,1200,700,4500,300
181.0,14.35,121700,1743850.0,14.35,14.34,14.33,14.32,14.31,14.3,14.29,14.28,14.27,14.26,14.36,14.37,14.38,14.39,14.4,14.42,14.43,14.44,14.45,14.46,900,200,3600,3900,10400,21100,4100,1200,4800,5000,1800,3100,12900,4100,7900,200,1200,700,4500,300
182.0,14.36,122400,1753902.0,14.35,14.34,14.33,14.32,14.31,14.3,14.29,14.28,14.27,14.26,14.36,14.37,14.38,14.39,14.4,14.42,14.43,14.44,14.45,14.46,400,200,3600,3900,10400,21100,4100,1200,4800,5000,2500,2400,12900,12700,7900,200,1200,700,4500,300
183.0,14.36,122600,1756774.0,14.35,14.34,14.33,14.32,14.31,14.3,14.29,14.28,14.27,14.26,14.36,14.37,14.38,14.39,14.4,14.42,14.43,14.44,14.45,14.46,300,200,3600,3900,10400,21100,4100,1200,4800,5000,2300,2400,12900,12700,7900,200,1200,700,4500,300
184.0,14.36,122600,1756774.0,14.35,14.34,14.33,14.32,14.31,14.3,14.29,14.28,14.27,14.26,14.36,14.37,14.38,14.39,14.4,14.42,14.43,14.44,14.45,14.46,300,200,3600,3900,10400,21100,4100,1200,4800,5000,2300,2400,12900,12700,7900,200,2200,700,4500,300
185.0,14.36,122700,1758210.0,14.35,14.34,14.33,14.32,14.31,14.3,14.29,14.28,14.27,14.26,14.36,14.37,14.38,14.39,14.4,14.42,14.43,14.44,14.45,14.46,300,200,3600,3900,10400,21100,4100,1200,4800,5000,2600,2400,12900,12700,7900,200,2200,700,4500,300
186.0,14.36,122700,1758210.0,14.35,14.34,14.33,14.32,14.31,14.3,14.29,14.28,14.27,14.26,14.36,14.37,14.38,14.39,14.4,14.42,14.43,14.44,14.45,14.46,300,200,3600,3900,10400,21100,4100,1200,4800,5000,2600,2400,12900,12700,7900,200,2200,700,4500,300
187.0,14.36,122700,1758210.0,14.35,14.34,14.33,14.32,14.31,14.3,14.29,14.28,14.27,14.26,14.36,14.37,14.38,14.39,14.4,14.42,14.43,14.44,14.45,14.46,300,200,3600,3900,10400,21100,4100,1200,4800,5000,2600,2400,12900,12700,7900,200,2200,700,4500,300
188.0,14.36,123500,1769698.0,14.35,14.34,14.33,14.32,14.31,14.3,14.29,14.28,14.27,14.26,14.36,14.37,14.38,14.39,14.4,14.42,14.43,14.44,14.45,14.46,300,200,3600,3900,10400,21100,4100,1200,4800,5000,1800,2400,12900,12700,7900,200,2200,700,4500,300
189.0,14.36,123500,1769698.0,14.35,14.34,14.33,14.32,14.31,14.3,14.29,14.28,14.27,14.26,14.36,14.37,14.38,14.39,14.4,14.42,14.43,14.44,14.45,14.46,300,200,3600,3900,10400,21100,4100,1200,4800,5000,1800,2400,12900,12700,7900,200,2200,700,4500,300
190.0,14.36,123500,1769698.0,14.35,14.34,14.33,14.32,14.31,14.3,14.29,14.28,14.27,14.26,14.36,14.37,14.38,14.39,14.4,14.42,14.43,14.44,14.45,14.46,300,200,3600,3900,10400,21100,4100,1200,4800,5000,1800,2400,12900,12700,7900,200,2200,700,4500,300
191.0,14.36,123600,1771134.0,14.35,14.34,14.33,14.32,14.31,14.3,14.29,14.28,14.27,14.26,14.36,14.37,14.38,14.39,14.4,14.42,14.43,14.44,14.45,14.46,300,200,3600,3900,10400,21100,4100,1200,4800,5000,1700,3100,12900,12700,7900,200,2200,700,4500,300
192.0,14.36,123600,1771134.0,14.35,14.34,14.33,14.32,14.31,14.3,14.29,14.28,14.27,14.26,14.36,14.37,14.38,14.39,14.4,14.42,14.43,14.44,14.45,14.46,300,200,3600,3900,10400,21100,4100,1200,4800,5000,1700,3100,12900,10700,7900,200,2200,700,4500,300
193.0,14.36,123600,1771134.0,14.35,14.34,14.33,14.32,14.31,14.3,14.29,14.28,14.27,14.26,14.36,14.37,14.38,14.39,14.4,14.42,14.43,14.44,14.45,14.46,300,200,3600,3900,10400,21100,4100,1200,4800,5000,1700,3100,12900,10700,7900,200,2200,700,4500,300
194.0,14.36,123800,1774006.0,14.35,14.34,14.33,14.32,14.31,14.3,14.29,14.28,14.27,14.26,14.36,14.37,14.38,14.39,14.4,14.42,14.43,14.44,14.45,14.46,300,200,3600,3900,10400,21100,4100,1200,4800,5000,1500,3100,12900,10700,8200,200,2200,700,4500,300
195.0,14.36,123800,1774006.0,14.35,14.34,14.33,14.32,14.31,14.3,14.29,14.28,14.27,14.26,14.36,14.37,14.38,14.39,14.4,14.42,14.43,14.44,14.45,14.46,300,200,3600,3900,10400,21100,4100,1200,4800,5000,1500,3100,12900,10700,8200,200,2200,700,4500,300
196.0,14.36,123800,1774006.0,14.35,14.34,14.33,14.32,14.31,14.3,14.29,14.28,14.27,14.26,14.36,14.37,14.38,14.39,14.4,14.42,14.43,14.44,14.45,14.46,300,200,3600,3900,10400,21100,4100,1200,4800,5000,1500,3100,12900,10700,8200,200,2200,700,4500,300
197.0,14.36,123900,1775442.0,14.35,14.34,14.33,14.32,14.31,14.3,14.29,14.28,14.27,14.26,14.36,14.37,14.38,14.39,14.4,14.42,14.43,14.44,14.45,14.46,300,200,3600,3900,10400,21100,4100,1200,4800,5000,1400,3100,12900,10700,8200,200,2200,700,4500,300
198.0,14.36,124000,1776878.0,14.35,14.34,14.33,14.32,14.31,14.3,14.29,14.28,14.27,14.26,14.36,14.37,14.38,14.39,14.4,14.42,14.43,14.44,14.45,14.46,300,200,3600,3900,10400,21100,4100,1200,4800,5000,1300,3100,12900,10700,8200,1200,2200,700,4500,300
199.0,14.36,124000,1776878.0,14.35,14.34,14.33,14.32,14.31,14.3,14.29,14.28,14.27,14.26,14.36,14.37,14.38,14.39,14.4,14.42,14.43,14.44,14.45,14.46,300,200,3600,3900,10400,21100,4100,1200,4800,5000,1900,3100,12900,10700,8200,1200,2200,700,4500,300
200.0,14.36,124100,1778314.0,14.35,14.34,14.33,14.32,14.31,14.3,14.29,14.28,14.27,14.26,14.36,14.37,14.38,14.39,14.4,14.42,14.43,14.44,14.45,14.46,300,200,3600,3900,10400,21100,4100,1200,4800,5000,1500,3100,12900,10700,8200,1700,2200,700,4500,300
201.0,14.36,124100,1778314.0,14.35,14.34,14.33,14.32,14.31,14.3,14.29,14.28,14.27,14.26,14.36,14.37,14.38,14.39,14.4,14.42,14.43,14.44,14.45,14.46,300,200,3600,3900,10400,21100,4100,1200,4800,5000,1500,3100,12900,10700,8200,1700,2200,700,4500,300
202.0,14.36,124100,1778314.0,14.35,14.34,14.33,14.32,14.31,14.3,14.29,14.28,14.27,14.26,14.36,14.37,14.38,14.39,14.4,14.42,14.43,14.44,14.45,14.46,300,200,3600,3900,10400,21100,4100,1200,4800,5000,1500,3100,12900,10700,8200,1700,2200,700,4500,300
203.0,14.36,125600,1799854.0,14.36,14.35,14.34,14.33,14.32,14.31,14.3,14.29,14.28,14.27,14.37,14.38,14.39,14.4,14.42,14.43,14.44,14.45,14.46,14.47,100,300,100,3200,3900,10400,21100,4100,1200,4800,3100,12900,10700,8200,1700,2200,700,4500,300,2000
204.0,14.36,125600,1799854.0,14.36,14.35,14.34,14.33,14.32,14.31,14.3,14.29,14.28,14.27,14.37,14.38,14.39,14.4,14.42,14.43,14.44,14.45,14.46,14.47,100,300,100,3200,3900,10400,21100,4100,1200,4800,3100,12900,10700,8200,1700,2200,700,4500,300,2000
205.0,14.36,125600,1799854.0,14.36,14.35,14.34,14.33,14.32,14.31,14.3,14.29,14.28,14.27,14.37,14.38,14.39,14.4,14.42,14.43,14.44,14.45,14.46,14.47,100,300,100,3200,3900,10400,21100,4100,1200,4800,3100,12900,10700,8200,1700,2200,700,4500,300,2000
206.0,14.36,125600,1799854.0,14.36,14.35,14.34,14.33,14.32,14.31,14.3,14.29,14.28,14.27,14.37,14.38,14.39,14.4,14.42,14.43,14.44,14.45,14.46,14.47,100,300,100,3200,3900,10400,21100,4100,1200,4800,3100,12900,10700,8200,1700,2200,700,4500,300,2000
207.0,14.36,125600,1799854.0,14.36,14.35,14.33,14.32,14.31,14.3,14.29,14.28,14.27,14.26,14.37,14.38,14.39,14.4,14.42,14.43,14.44,14.45,14.46,14.47,100,300,3200,3900,10400,21100,4100,1200,4800,5000,3100,12900,10700,8200,1700,2200,700,4500,300,2000
208.0,14.36,125700,1801290.0,14.35,14.33,14.32,14.31,14.3,14.29,14.28,14.27,14.26,14.25,14.36,14.37,14.38,14.39,14.4,14.42,14.43,14.44,14.45,14.46,300,3200,3900,10400,21100,4100,1200,4800,5000,3100,100,3100,12900,10700,8200,1700,2200,700,4500,300
209.0,14.36,125700,1801290.0,14.35,14.33,14.32,14.31,14.3,14.29,14.28,14.27,14.26,14.25,14.36,14.37,14.38,14.39,14.4,14.42,14.43,14.44,14.45,14.46,300,3200,3900,10400,21100,4100,1200,4800,5000,3100,100,3100,12900,10700,8200,1700,2200,700,4500,300
210.0,14.36,125700,1801290.0,14.35,14.33,14.32,14.31,14.3,14.29,14.28,14.27,14.26,14.25,14.36,14.37,14.38,14.39,14.4,14.42,14.43,14.44,14.45,14.46,300,3200,3900,10400,21100,4100,1200,4800,5000,3100,100,3100,12900,10700,8200,1700,2200,700,4500,300
211.0,14.36,125700,1801290.0,14.35,14.33,14.32,14.31,14.3,14.29,14.28,14.27,14.26,14.25,14.36,14.37,14.38,14.39,14.4,14.42,14.43,14.44,14.45,14.46,300,3200,3900,10400,21100,4100,1200,4800,5000,3100,100,3100,12900,10700,8200,1700,2200,700,4500,300
212.0,14.37,126400,1811348.0,14.35,14.33,14.32,14.31,14.3,14.29,14.28,14.27,14.26,14.25,14.37,14.38,14.39,14.4,14.42,14.43,14.44,14.45,14.46,14.47,300,2500,3900,10400,21100,4100,1200,4800,5000,3100,2500,12900,11600,8200,1700,2200,700,4500,300,2000
213.0,14.37,126400,1811348.0,14.36,14.35,14.33,14.32,14.31,14.3,14.29,14.28,14.27,14.26,14.37,14.38,14.39,14.4,14.42,14.43,14.44,14.45,14.46,14.47,200,300,2500,3900,10400,21000,4100,1200,4800,5000,2500,12900,11600,8200,1700,2200,700,4500,300,2000
214.0,14.37,126400,1811348.0,14.36,14.35,14.33,14.32,14.31,14.3,14.29,14.28,14.27,14.26,14.37,14.38,14.39,14.4,14.42,14.43,14.44,14.45,14.46,14.47,200,300,2500,3900,10400,22000,4100,1200,4800,5000,2500,12900,11600,8200,1700,2200,700,4500,300,2000
215.0,14.37,126400,1811348.0,14.36,14.35,14.33,14.32,14.31,14.3,14.29,14.28,14.27,14.26,14.37,14.38,14.39,14.4,14.42,14.43,14.44,14.45,14.46,14.47,200,300,2500,3900,10400,22000,4100,1200,4800,5000,2500,12900,11600,8200,1700,2200,700,4500,300,2000
216.0,14.37,126400,1811348.0,14.36,14.35,14.33,14.32,14.31,14.3,14.29,14.28,14.27,14.26,14.37,14.38,14.39,14.4,14.42,14.43,14.44,14.45,14.46,14.47,200,300,2500,3900,10400,22000,4100,1200,4800,5000,2500,12900,11600,8200,1700,2200,700,4500,300,2000
217.0,14.37,126400,1811348.0,14.36,14.35,14.33,14.32,14.31,14.3,14.29,14.28,14.27,14.26,14.37,14.38,14.39,14.4,14.42,14.43,14.44,14.45,14.46,14.47,200,300,2500,3900,10400,22000,4100,1200,4800,5000,2500,12900,11600,8400,1700,2200,700,4500,300,2000
218.0,14.37,126400,1811348.0,14.36,14.35,14.33,14.32,14.31,14.3,14.29,14.28,14.27,14.26,14.37,14.38,14.39,14.4,14.42,14.43,14.44,14.45,14.46,14.47,200,300,2500,3900,10400,22000,4100,1200,4800,5000,2500,12900,11600,8400,1700,2200,700,4500,300,2000
219.0,14.37,126400,1811348.0,14.36,14.35,14.33,14.32,14.31,14.3,14.29,14.28,14.27,14.26,14.37,14.38,14.39,14.4,14.42,14.43,14.44,14.45,14.46,14.47,200,300,2500,3900,10400,22000,4100,1200,4800,5000,2500,12900,11600,8400,1700,2200,700,4500,300,2000
220.0,14.37,126400,1811348.0,14.36,14.35,14.33,14.32,14.31,14.3,14.29,14.28,14.27,14.26,14.37,14.38,14.39,14.4,14.42,14.43,14.44,14.45,14.46,14.47,200,300,2500,3900,10400,22000,4100,1200,4800,5000,2500,12900,11600,8400,1700,2200,700,4500,300,2000
221.0,14.37,126400,1811348.0,14.36,14.35,14.33,14.32,14.31,14.3,14.29,14.28,14.27,14.26,14.37,14.38,14.39,14.4,14.42,14.43,14.44,14.45,14.46,14.47,200,300,2500,3900,10400,22000,4100,1200,4800,5000,2500,12900,11600,8400,1700,2200,700,4500,300,2000
222.0,14.37,126400,1811348.0,14.36,14.35,14.33,14.32,14.31,14.3,14.29,14.28,14.27,14.26,14.37,14.38,14.39,14.4,14.42,14.43,14.44,14.45,14.46,14.47,200,300,2500,3900,10400,22000,4100,1200,4800,5000,2500,12900,11600,8400,1700,2200,700,4500,300,2000
223.0,14.37,126400,1811348.0,14.36,14.35,14.33,14.32,14.31,14.3,14.29,14.28,14.27,14.26,14.37,14.38,14.39,14.4,14.42,14.43,14.44,14.45,14.46,14.47,200,300,2500,3900,10400,22000,4100,1200,4800,5000,2500,12900,11600,8400,1700,2200,700,4500,300,2000
224.0,14.37,126400,1811348.0,14.36,14.35,14.33,14.32,14.31,14.3,14.29,14.28,14.27,14.26,14.37,14.38,14.39,14.4,14.42,14.43,14.44,14.45,14.46,14.47,200,300,2500,3900,10400,22000,4100,1200,4800,5000,2500,12900,11600,8400,1700,2200,700,4500,300,2000
225.0,14.37,126700,1815659.0,14.36,14.35,14.33,14.32,14.31,14.3,14.29,14.28,14.27,14.26,14.37,14.38,14.39,14.4,14.42,14.43,14.44,14.45,14.46,14.47,200,300,2500,3900,10400,22000,4100,1200,4800,5000,2200,12900,11600,8400,1700,2200,700,4500,300,2000
226.0,14.37,126700,1815659.0,14.36,14.35,14.33,14.32,14.31,14.3,14.29,14.28,14.27,14.26,14.37,14.38,14.39,14.4,14.42,14.43,14.44,14.45,14.46,14.47,200,300,2500,3900,10400,22000,4100,1200,4800,5000,2200,12900,11600,8400,1700,2200,700,4500,300,2000
227.0,14.37,126700,1815659.0,14.36,14.35,14.33,14.32,14.31,14.3,14.29,14.28,14.27,14.26,14.37,14.38,14.39,14.4,14.42,14.43,14.44,14.45,14.46,14.47,200,300,2500,3900,10400,22000,4100,1200,4800,5000,2800,12900,11600,8400,1700,2200,700,4500,300,2000
228.0,14.37,126700,1815659.0,14.36,14.35,14.33,14.32,14.31,14.3,14.29,14.28,14.27,14.26,14.37,14.38,14.39,14.4,14.42,14.43,14.44,14.45,14.46,14.47,200,300,2500,3900,10400,22000,4100,1200,4800,5000,2800,12900,11600,8400,1700,2200,700,4500,300,2000
229.0,14.37,127200,1822844.0,14.36,14.35,14.33,14.32,14.31,14.3,14.29,14.28,14.27,14.26,14.37,14.38,14.39,14.4,14.42,14.43,14.44,14.45,14.46,14.47,200,300,2500,3900,10400,22000,4100,1200,4800,5000,2300,12900,11600,8400,1700,2200,700,4500,300,2000
230.0,14.37,127200,1822844.0,14.36,14.35,14.33,14.32,14.31,14.3,14.29,14.28,14.27,14.26,14.37,14.38,14.39,14.4,14.42,14.43,14.44,14.45,14.46,14.47,200,300,2500,3900,10400,22000,4100,1200,4800,5000,2400,12900,11600,8400,1700,2200,700,4500,300,2000
231.0,14.37,127200,1822844.0,14.36,14.35,14.33,14.32,14.31,14.3,14.29,14.28,14.27,14.26,14.37,14.38,14.39,14.4,14.42,14.43,14.44,14.45,14.46,14.47,200,300,2500,3900,10400,22000,4100,1200,4800,5000,2400,12900,11600,8400,1700,2200,700,4500,300,2000
232.0,14.37,127500,1827155.0,14.36,14.35,14.33,14.32,14.31,14.3,14.29,14.28,14.27,14.26,14.37,14.38,14.39,14.4,14.42,14.43,14.44,14.45,14.46,14.47,200,300,2500,3900,10400,22000,4100,1200,4800,5000,2100,12900,11600,8400,1700,2200,700,4500,300,2000
233.0,14.37,127500,1827155.0,14.36,14.35,14.33,14.32,14.31,14.3,14.29,14.28,14.27,14.26,14.37,14.38,14.39,14.4,14.42,14.43,14.44,14.45,14.46,14.47,200,300,2500,3900,10400,22000,4100,1200,4800,5000,2100,12900,11600,8400,1700,2200,700,4500,300,2000
234.0,14.37,127500,1827155.0,14.36,14.35,14.33,14.32,14.31,14.3,14.29,14.28,14.27,14.26,14.37,14.38,14.39,14.4,14.42,14.43,14.44,14.45,14.46,14.47,200,300,2500,3900,10400,22000,4100,1200,4800,5000,2100,12900,11600,8400,1700,2200,700,4500,300,2000
235.0,14.37,127500,1827155.0,14.36,14.35,14.33,14.32,14.31,14.3,14.29,14.28,14.27,14.26,14.37,14.38,14.39,14.4,14.42,14.43,14.44,14.45,14.46,14.47,200,300,2500,3900,10400,22000,4100,1200,4800,5000,2100,12900,11600,8400,1700,2200,700,4500,300,2000
236.0,14.37,127500,1827155.0,14.36,14.35,14.33,14.32,14.31,14.3,14.29,14.28,14.27,14.26,14.37,14.38,14.39,14.4,14.42,14.43,14.44,14.45,14.46,14.47,200,300,2500,3900,10400,22000,4100,1200,4800,5000,2100,12900,11600,8400,1700,2200,700,4500,300,2000
237.0,14.37,127500,1827155.0,14.36,14.35,14.33,14.32,14.31,14.3,14.29,14.28,14.27,14.26,14.37,14.38,14.39,14.4,14.42,14.43,14.44,14.45,14.46,14.47,200,300,2500,3900,10400,22000,4100,1200,4800,5000,2100,12900,11600,8400,1700,2200,700,4500,300,2000
238.0,14.37,127500,1827155.0,14.36,14.35,14.33,14.32,14.31,14.3,14.29,14.28,14.27,14.26,14.37,14.38,14.39,14.4,14.42,14.43,14.44,14.45,14.46,14.47,200,300,2500,3900,10400,22000,4100,1200,4800,5000,2100,12900,11600,8400,1700,2200,700,4500,300,2000
239.0,14.37,127500,1827155.0,14.36,14.35,14.33,14.32,14.31,14.3,14.29,14.28,14.27,14.26,14.37,14.38,14.39,14.4,14.42,14.43,14.44,14.45,14.46,14.47,200,300,2500,3900,10400,22000,4100,1200,4800,5000,2100,12900,11600,8400,1700,2200,700,4500,300,2000
240.0,14.37,127500,1827155.0,14.36,14.35,14.33,14.32,14.31,14.3,14.29,14.28,14.27,14.26,14.37,14.38,14.39,14.4,14.42,14.43,14.44,14.45,14.46,14.47,200,300,2500,3900,10400,22000,4100,1200,4800,5000,2100,12900,11600,8400,1700,2200,700,4500,300,2000
241.0,14.37,127500,1827155.0,14.36,14.35,14.33,14.32,14.31,14.3,14.29,14.28,14.27,14.26,14.37,14.38,14.39,14.4,14.42,14.43,14.44,14.45,14.46,14.47,200,300,2500,3900,10400,22000,4100,1200,4800,5000,2100,12900,11600,8400,1700,2200,700,4500,300,2000
242.0,14.37,127500,1827155.0,14.36,14.35,14.33,14.32,14.31,14.3,14.29,14.28,14.27,14.26,14.37,14.38,14.39,14.4,14.42,14.43,14.44,14.45,14.46,14.47,200,300,2500,3900,10400,22000,4100,1200,4800,5000,3300,12900,11600,8400,1700,1400,700,4500,300,2000
243.0,14.37,127800,1831466.0,14.36,14.35,14.33,14.32,14.31,14.3,14.29,14.28,14.27,14.26,14.37,14.38,14.39,14.4,14.42,14.43,14.44,14.45,14.46,14.47,200,300,2500,3900,10400,22000,4100,1200,4800,5000,3000,12900,11600,8400,1700,1400,700,4500,300,2000
244.0,14.37,127800,1831466.0,14.36,14.35,14.33,14.32,14.31,14.3,14.29,14.28,14.27,14.26,14.37,14.38,14.39,14.4,14.42,14.43,14.44,14.45,14.46,14.47,200,300,2500,3900,10400,22000,4100,1200,4800,5000,3000,12900,11600,8400,1700,1400,700,4500,300,2000
245.0,14.37,128000,1834340.0,14.36,14.35,14.33,14.32,14.31,14.3,14.29,14.28,14.27,14.26,14.37,14.38,14.39,14.4,14.42,14.43,14.44,14.45,14.46,14.47,200,300,2500,3900,10400,22000,4100,1200,4800,5000,2800,12900,11600,8400,1700,1400,700,4500,300,2000
246.0,14.37,128000,1834340.0,14.36,14.35,14.33,14.32,14.31,14.3,14.29,14.28,14.27,14.26,14.37,14.38,14.39,14.4,14.42,14.43,14.44,14.45,14.46,14.47,200,300,2500,3900,10400,22000,4100,1200,4800,5000,2800,12900,11600,8400,1700,1400,700,4500,300,2000
247.0,14.37,128000,1834340.0,14.36,14.35,14.33,14.32,14.31,14.3,14.29,14.28,14.27,14.26,14.37,14.38,14.39,14.4,14.42,14.43,14.44,14.45,14.46,14.47,200,300,2500,3900,10400,22000,4100,1200,4800,5000,2600,12900,11600,8400,1700,1400,700,4500,300,2000
248.0,14.37,128000,1834340.0,14.36,14.35,14.33,14.32,14.31,14.3,14.29,14.28,14.27,14.26,14.37,14.38,14.39,14.4,14.42,14.43,14.44,14.45,14.46,14.47,200,300,2500,3900,10400,22000,4100,1200,4800,5000,2600,12900,11600,8400,1700,1400,700,4500,300,2000
249.0,14.36,128200,1837212.0,14.35,14.33,14.32,14.31,14.3,14.29,14.28,14.27,14.26,14.25,14.36,14.37,14.38,14.39,14.4,14.42,14.43,14.44,14.45,14.46,300,2500,3900,10400,22000,4100,1200,4800,5000,2900,700,3600,12900,11600,8400,1700,1400,700,4500,300
250.0,14.36,128200,1837212.0,14.35,14.33,14.32,14.31,14.3,14.29,14.28,14.27,14.26,14.25,14.36,14.37,14.38,14.39,14.4,14.42,14.43,14.44,14.45,14.46,300,2500,3900,10400,22000,4100,1200,4800,5000,2900,700,3600,12900,11600,8400,1700,1400,700,4500,300
251.0,14.36,128200,1837212.0,14.35,14.33,14.32,14.31,14.3,14.29,14.28,14.27,14.26,14.25,14.36,14.37,14.38,14.39,14.4,14.42,14.43,14.44,14.45,14.46,400,2500,3900,10400,22000,4100,1200,4800,5000,2900,1000,4600,12900,11600,8400,1700,1400,700,4500,300
252.0,14.36,128200,1837212.0,14.35,14.33,14.32,14.31,14.3,14.29,14.28,14.27,14.26,14.25,14.36,14.37,14.38,14.39,14.4,14.42,14.43,14.44,14.45,14.46,400,2500,3900,10400,22000,4100,1200,4800,5000,2900,1000,4600,12900,11600,8400,1700,1400,700,4500,300
253.0,14.36,128300,1838648.0,14.35,14.33,14.32,14.31,14.3,14.29,14.28,14.27,14.26,14.25,14.36,14.37,14.38,14.39,14.4,14.42,14.43,14.44,14.45,14.46,600,2500,3900,10400,22000,4100,1200,4800,5000,2900,900,4600,12900,11600,8400,1700,1400,700,4500,300
254.0,14.36,128300,1838648.0,14.35,14.33,14.32,14.31,14.3,14.29,14.28,14.27,14.26,14.25,14.36,14.37,14.38,14.39,14.4,14.42,14.43,14.44,14.45,14.46,600,2500,3900,10400,22000,4100,1200,4800,5000,2900,900,4600,12900,11600,8400,1700,1400,700,4500,300
255.0,14.36,128300,1838648.0,14.35,14.33,14.32,14.31,14.3,14.29,14.28,14.27,14.26,14.25,14.36,14.37,14.38,14.39,14.4,14.42,14.43,14.44,14.45,14.46,600,2500,3900,10400,22000,4100,1200,4800,5000,2900,900,4600,12900,11600,8400,1700,1400,700,4500,300
256.0,14.36,128500,1841520.0,14.35,14.33,14.32,14.31,14.3,14.29,14.28,14.27,14.26,14.25,14.36,14.37,14.38,14.39,14.4,14.42,14.43,14.44,14.45,14.46,600,2500,3900,10400,22000,4100,1200,5600,5000,2900,700,4600,12900,11600,8400,1700,1400,700,4500,300
257.0,14.36,129200,1851572.0,14.36,14.35,14.33,14.32,14.31,14.3,14.29,14.28,14.27,14.26,14.37,14.38,14.39,14.4,14.42,14.43,14.44,14.45,14.46,14.47,1000,600,2500,3900,10400,22000,4100,1200,5600,5000,4600,12900,11600,8400,1700,1400,700,4500,300,2000
258.0,14.36,129200,1851572.0,14.36,14.35,14.34,14.33,14.32,14.31,14.3,14.29,14.28,14.27,14.37,14.38,14.39,14.4,14.42,14.43,14.44,14.45,14.46,14.47,1000,600,1300,2500,3900,10400,22000,4100,1200,5600,7700,12900,11600,9400,1700,1400,700,4500,300,2000
259.0,14.36,129300,1853008.0,14.36,14.35,14.34,14.33,14.32,14.31,14.3,14.29,14.28,14.27,14.37,14.38,14.39,14.4,14.42,14.43,14.44,14.45,14.46,14.47,1100,600,1300,2500,3900,10400,22000,4100,1200,5600,7700,10400,11600,9400,1700,1400,700,4500,300,2000
260.0,14.36,129300,1853008.0,14.36,14.35,14.34,14.33,14.32,14.31,14.3,14.29,14.28,14.27,14.37,14.38,14.39,14.4,14.42,14.43,14.44,14.45,14.46,14.47,1100,600,1300,2500,3900,10400,22000,4100,1200,4900,7700,10400,11600,9400,1700,1400,700,4500,300,2000
261.0,14.37,130300,1867378.0,14.36,14.35,14.34,14.33,14.32,14.31,14.3,14.29,14.28,14.27,14.37,14.38,14.39,14.4,14.42,14.43,14.44,14.45,14.46,14.47,1100,300,1300,2500,3900,10400,22000,4100,1200,4900,6700,10400,11600,9400,1700,1400,700,4500,300,2000
262.0,14.36,130600,1871686.0,14.36,14.35,14.34,14.33,14.32,14.31,14.3,14.29,14.28,14.27,14.37,14.38,14.39,14.4,14.42,14.43,14.44,14.45,14.46,14.47,800,300,1300,2500,3900,10400,22000,4100,1200,4900,7500,10400,11600,9400,1700,1400,700,4500,300,2000
263.0,14.36,130600,1871686.0,14.36,14.35,14.34,14.33,14.32,14.31,14.3,14.29,14.28,14.27,14.37,14.38,14.39,14.4,14.42,14.43,14.44,14.45,14.46,14.47,800,300,1300,2500,3900,10400,22000,4100,1200,4900,9500,10400,11600,9400,1700,1400,700,4500,300,2000
264.0,14.36,130600,1871686.0,14.36,14.35,14.34,14.33,14.32,14.31,14.3,14.29,14.28,14.27,14.37,14.38,14.39,14.4,14.42,14.43,14.44,14.45,14.46,14.47,800,300,1300,2500,3900,10400,22000,4100,1200,4900,9500,10400,11600,9400,1700,1400,700,4500,300,2000
265.0,14.36,130600,1871686.0,14.36,14.35,14.34,14.33,14.32,14.31,14.3,14.29,14.28,14.27,14.37,14.38,14.39,14.4,14.42,14.43,14.44,14.45,14.46,14.47,800,300,1300,2500,3900,10400,22000,4100,1200,4900,9500,10400,11600,9400,1700,1400,700,4500,300,2000
266.0,14.36,130600,1871686.0,14.36,14.35,14.34,14.33,14.32,14.31,14.3,14.29,14.28,14.27,14.37,14.38,14.39,14.4,14.42,14.43,14.44,14.45,14.46,14.47,800,300,1300,2500,3900,10400,22000,4100,1200,4900,9800,10400,11600,9400,1700,1400,700,4500,300,2000
267.0,14.36,130600,1871686.0,14.36,14.35,14.34,14.33,14.32,14.31,14.3,14.29,14.28,14.27,14.37,14.38,14.39,14.4,14.42,14.43,14.44,14.45,14.46,14.47,800,300,1300,2500,3900,10400,22000,4100,1200,4700,10200,10400,11600,9400,1700,1400,700,4500,300,2000
268.0,14.36,130600,1871686.0,14.36,14.35,14.34,14.33,14.32,14.31,14.3,14.29,14.28,14.27,14.37,14.38,14.39,14.4,14.42,14.43,14.44,14.45,14.46,14.47,800,300,1300,2500,3900,10400,22000,4100,1200,4700,10200,10400,11600,9400,1700,1400,700,4500,300,2000
269.0,14.36,130600,1871686.0,14.36,14.35,14.34,14.33,14.32,14.31,14.3,14.29,14.28,14.27,14.37,14.38,14.39,14.4,14.42,14.43,14.44,14.45,14.46,14.47,800,300,1300,2500,3900,10400,22000,4100,1200,4700,10200,10400,11600,9400,1700,1400,700,4500,300,2000
270.0,14.36,130600,1871686.0,14.36,14.35,14.34,14.33,14.32,14.31,14.3,14.29,14.28,14.27,14.37,14.38,14.39,14.4,14.42,14.43,14.44,14.45,14.46,14.47,800,300,1300,2500,3900,10400,22000,4100,1200,4700,10200,10400,11600,9400,1700,1400,700,4500,300,2000
271.0,14.36,130600,1871686.0,14.36,14.35,14.34,14.33,14.32,14.31,14.3,14.29,14.28,14.27,14.37,14.38,14.39,14.4,14.42,14.43,14.44,14.45,14.46,14.47,800,300,1300,2500,3900,10400,22000,4100,1200,4700,10200,10400,11600,9400,1700,1400,700,4500,300,2000
272.0,14.36,130600,1871686.0,14.36,14.35,14.34,14.33,14.32,14.31,14.3,14.29,14.28,14.27,14.37,14.38,14.39,14.4,14.42,14.43,14.44,14.45,14.46,14.47,800,300,1300,2500,3900,10400,22000,4100,1200,4700,10200,10400,11600,9400,1700,1400,700,4500,300,2000
273.0,14.36,130600,1871686.0,14.36,14.35,14.34,14.33,14.32,14.31,14.3,14.29,14.28,14.27,14.37,14.38,14.39,14.4,14.42,14.43,14.44,14.45,14.46,14.47,800,300,1300,2500,3900,10400,22000,4100,1200,4700,10200,10400,11600,9400,1700,1400,700,4500,300,2000
274.0,14.36,130700,1873122.0,14.36,14.35,14.34,14.33,14.32,14.31,14.3,14.29,14.28,14.27,14.37,14.38,14.39,14.4,14.42,14.43,14.44,14.45,14.46,14.47,700,1100,1300,2500,3900,10400,22000,4100,1200,4700,10100,10400,11600,9400,1700,1400,700,4500,300,2000
275.0,14.36,130700,1873122.0,14.36,14.35,14.34,14.33,14.32,14.31,14.3,14.29,14.28,14.27,14.37,14.38,14.39,14.4,14.42,14.43,14.44,14.45,14.46,14.47,700,1100,1300,2500,3900,10400,22000,4100,1200,4700,10100,10400,11600,9400,1700,1400,700,4500,300,2000
276.0,14.36,130700,1873122.0,14.36,14.35,14.34,14.33,14.32,14.31,14.3,14.29,14.28,14.27,14.37,14.38,14.39,14.4,14.42,14.43,14.44,14.45,14.46,14.47,700,1100,1300,2500,3900,10400,22000,4100,1200,4700,10100,10400,11600,9400,1700,1400,700,4500,300,2000
277.0,14.36,130800,1874558.0,14.36,14.35,14.34,14.33,14.32,14.31,14.3,14.29,14.28,14.27,14.37,14.38,14.39,14.4,14.42,14.43,14.44,14.45,14.46,14.47,600,1100,1300,2500,3900,10400,22000,4100,1200,4700,10100,10400,11600,9400,1700,1400,700,4500,300,2000
278.0,14.36,130800,1874558.0,14.36,14.35,14.34,14.33,14.32,14.31,14.3,14.29,14.28,14.27,14.37,14.38,14.39,14.4,14.42,14.43,14.44,14.45,14.46,14.47,600,3100,1300,2500,3900,10400,22000,4100,1200,4700,10100,10400,11600,9400,1700,1400,700,4500,300,2000
279.0,14.36,130800,1874558.0,14.36,14.35,14.34,14.33,14.32,14.31,14.3,14.29,14.28,14.27,14.37,14.38,14.39,14.4,14.42,14.43,14.44,14.45,14.46,14.47,600,3100,1300,2500,3900,10400,22000,4100,1200,4700,10100,10400,11600,9400,1700,1400,700,4500,300,2000
280.0,14.36,130800,1874558.0,14.36,14.35,14.34,14.33,14.32,14.31,14.3,14.29,14.28,14.27,14.37,14.38,14.39,14.4,14.42,14.43,14.44,14.45,14.46,14.47,600,3100,1300,2500,3900,10400,22000,4100,1200,4700,10100,10400,11600,9400,1700,1400,700,4500,300,2000
281.0,14.36,130800,1874558.0,14.36,14.35,14.34,14.33,14.32,14.31,14.3,14.29,14.28,14.27,14.37,14.38,14.39,14.4,14.42,14.43,14.44,14.45,14.46,14.47,600,3100,1300,2500,3900,10400,22000,4100,1200,4700,10300,10400,12600,9400,1700,1400,700,4500,300,2000
282.0,14.36,130800,1874558.0,14.36,14.35,14.34,14.33,14.32,14.31,14.3,14.29,14.28,14.27,14.37,14.38,14.39,14.4,14.42,14.43,14.44,14.45,14.46,14.47,600,3100,1300,2500,3900,10400,22000,4100,1200,4700,10300,10400,12600,9400,1700,1400,700,4500,300,2000
283.0,14.36,130800,1874558.0,14.36,14.35,14.34,14.33,14.32,14.31,14.3,14.29,14.28,14.27,14.37,14.38,14.39,14.4,14.42,14.43,14.44,14.45,14.46,14.47,600,3100,1300,2500,3900,10400,22000,4100,1200,4700,10300,10400,12600,9400,1700,1400,700,4500,300,2000
284.0,14.36,130800,1874558.0,14.36,14.35,14.34,14.33,14.32,14.31,14.3,14.29,14.28,14.27,14.37,14.38,14.39,14.4,14.42,14.43,14.44,14.45,14.46,14.47,600,3100,1300,2500,3900,10400,22000,4100,1200,4700,10300,10400,12600,9400,1700,1400,700,4500,300,2000
285.0,14.36,130800,1874558.0,14.36,14.35,14.34,14.33,14.32,14.31,14.3,14.29,14.28,14.27,14.37,14.38,14.39,14.4,14.42,14.43,14.44,14.45,14.46,14.47,600,3100,1300,2500,3900,10400,22000,4100,1200,4700,10300,10400,12600,9400,1700,1400,700,4500,300,2000
286.0,14.36,130900,1875994.0,14.36,14.35,14.34,14.33,14.32,14.31,14.3,14.29,14.28,14.27,14.37,14.38,14.39,14.4,14.42,14.43,14.44,14.45,14.46,14.47,500,3100,1300,2500,3900,10400,21000,4100,2600,4700,10300,10400,12600,9400,1700,1400,700,4500,300,2000
287.0,14.36,130900,1875994.0,14.36,14.35,14.34,14.33,14.32,14.31,14.3,14.29,14.28,14.27,14.37,14.38,14.39,14.4,14.42,14.43,14.44,14.45,14.46,14.47,500,3100,1300,2500,3900,10400,21000,4100,2600,4700,10300,10400,12600,9400,1700,1400,700,4500,300,2000
288.0,14.36,131400,1883174.0,14.35,14.34,14.33,14.32,14.31,14.3,14.29,14.28,14.27,14.26,14.36,14.37,14.38,14.39,14.4,14.42,14.43,14.44,14.45,14.46,3100,1300,2500,3900,10400,21000,4100,2600,4700,5000,600,10300,10400,12600,9400,1700,1400,700,4500,300
289.0,14.36,131400,1883174.0,14.35,14.34,14.33,14.32,14.31,14.3,14.29,14.28,14.27,14.26,14.36,14.37,14.38,14.39,14.4,14.42,14.43,14.44,14.45,14.46,3100,1300,2500,3900,10400,21000,4100,2600,4700,5000,600,10300,10400,12600,9400,1700,1400,700,4500,300
290.0,14.36,131400,1883174.0,14.35,14.34,14.33,14.32,14.31,14.3,14.29,14.28,14.27,14.26,14.36,14.37,14.38,14.39,14.4,14.42,14.43,14.44,14.45,14.46,3100,1300,2500,3900,10400,21000,4100,2600,4700,5000,600,10300,10400,12600,9400,1700,1400,700,4500,300
291.0,14.36,131400,1883174.0,14.35,14.34,14.33,14.32,14.31,14.3,14.29,14.28,14.27,14.26,14.36,14.37,14.38,14.39,14.4,14.42,14.43,14.44,14.45,14.46,3100,1300,2500,3900,10400,21000,4100,2600,4700,5000,600,10300,10400,12600,9400,1700,1400,700,4500,300
292.0,14.35,131700,1887479.0,14.35,14.34,14.33,14.32,14.31,14.3,14.29,14.28,14.27,14.26,14.36,14.37,14.38,14.39,14.4,14.42,14.43,14.44,14.45,14.46,2800,1300,2500,3900,10400,21000,4100,2600,4700,5000,600,10300,10400,12600,9400,1700,1400,700,4500,300
293.0,14.35,131900,1890349.0,14.35,14.34,14.33,14.32,14.31,14.3,14.29,14.28,14.27,14.26,14.36,14.37,14.38,14.39,14.4,14.42,14.43,14.44,14.45,14.46,2600,1300,2500,3900,10400,21000,4100,2600,4700,5000,600,10300,10400,12600,9400,1700,1400,700,4500,300
294.0,14.35,131900,1890349.0,14.35,14.34,14.33,14.32,14.31,14.3,14.29,14.28,14.27,14.26,14.36,14.37,14.38,14.39,14.4,14.42,14.43,14.44,14.45,14.46,2600,1300,2500,4800,10400,21000,4100,2600,4700,5000,600,10300,10400,12600,9400,1700,1400,700,4500,300
295.0,14.35,132100,1893219.0,14.35,14.34,14.33,14.32,14.31,14.3,14.29,14.28,14.27,14.26,14.36,14.37,14.38,14.39,14.4,14.42,14.43,14.44,14.45,14.46,2400,1300,2500,4800,10400,21000,4100,2600,4700,5000,1100,10300,10400,12600,9400,1700,1400,700,4500,300
296.0,14.35,132100,1893219.0,14.35,14.34,14.33,14.32,14.31,14.3,14.29,14.28,14.27,14.26,14.36,14.37,14.38,14.39,14.4,14.42,14.43,14.44,14.45,14.46,2400,1300,2500,4800,10400,21000,4100,2600,4700,5000,1100,10300,10400,12600,9400,1700,1400,700,4500,300
297.0,14.35,132500,1898959.0,14.35,14.34,14.33,14.32,14.31,14.3,14.29,14.28,14.27,14.26,14.36,14.37,14.38,14.39,14.4,14.42,14.43,14.44,14.45,14.46,2000,1300,2500,4800,10400,21000,4100,2600,4700,5000,1100,10300,10400,12600,9400,1700,1400,700,4500,300
298.0,14.35,132500,1898959.0,14.35,14.34,14.33,14.32,14.31,14.3,14.29,14.28,14.27,14.26,14.36,14.37,14.38,14.39,14.4,14.42,14.43,14.44,14.45,14.46,2000,1300,2500,4800,10400,21000,4100,2600,4700,5000,1100,10300,10400,12600,9400,1700,1400,700,4500,300
299.0,14.36,133300,1910445.0,14.35,14.34,14.33,14.32,14.31,14.3,14.29,14.28,14.27,14.26,14.36,14.37,14.38,14.39,14.4,14.42,14.43,14.44,14.45,14.46,1800,1300,2500,4800,10400,21000,4100,2600,4700,5000,500,10300,10400,12600,9200,1700,1400,700,4500,300
300.0,14.35,133400,1911880.0,14.35,14.34,14.33,14.32,14.31,14.3,14.29,14.28,14.27,14.26,14.36,14.37,14.38,14.39,14.4,14.42,14.43,14.44,14.45,14.46,1700,1300,2500,4800,10400,21000,4100,2600,4700,5000,500,10300,10400,12600,9200,1700,1400,700,4500,300
301.0,14.35,133400,1911880.0,14.35,14.34,14.33,14.32,14.31,14.3,14.29,14.28,14.27,14.26,14.36,14.37,14.38,14.39,14.4,14.42,14.43,14.44,14.45,14.46,1700,1300,2500,4800,10400,21000,4100,2600,4700,5000,500,10300,10400,12600,9200,1700,1400,700,4500,300
302.0,14.36,134000,1920495.0,14.35,14.34,14.33,14.32,14.31,14.3,14.29,14.28,14.27,14.26,14.37,14.38,14.39,14.4,14.42,14.43,14.44,14.45,14.46,14.47,1600,1300,2500,4800,10400,21000,4100,2600,4700,5000,10300,10400,12600,9200,1700,1400,700,4500,300,2000
303.0,14.36,134000,1920495.0,14.35,14.34,14.33,14.32,14.31,14.3,14.29,14.28,14.27,14.26,14.37,14.38,14.39,14.4,14.42,14.43,14.44,14.45,14.46,14.47,1600,1300,2500,4800,10400,21000,4100,2600,4700,5000,10300,10400,12600,9200,1700,1400,700,4500,300,2000
304.0,14.36,134000,1920495.0,14.35,14.34,14.33,14.32,14.31,14.3,14.29,14.28,14.27,14.26,14.37,14.38,14.39,14.4,14.42,14.43,14.44,14.45,14.46,14.47,1600,1300,2500,4800,10400,21000,4100,2600,4700,5000,10300,10400,12600,9200,1700,1400,700,4500,300,2000
305.0,14.36,134000,1920495.0,14.36,14.35,14.34,14.33,14.32,14.31,14.3,14.29,14.28,14.27,14.37,14.38,14.39,14.4,14.42,14.43,14.44,14.45,14.46,14.47,200,1600,1300,2500,4800,10400,21000,4100,2600,4700,10300,10400,12600,9200,1700,1400,700,4500,300,2000
306.0,14.36,134000,1920495.0,14.36,14.35,14.34,14.33,14.32,14.31,14.3,14.29,14.28,14.27,14.37,14.38,14.39,14.4,14.42,14.43,14.44,14.45,14.46,14.47,200,1600,1300,2500,4800,10400,21000,4100,2600,4700,10300,10400,12600,9200,1700,1400,700,4500,300,2000
307.0,14.36,134000,1920495.0,14.36,14.35,14.34,14.33,14.32,14.31,14.3,14.29,14.28,14.27,14.37,14.38,14.39,14.4,14.42,14.43,14.44,14.45,14.46,14.47,200,1600,2800,2500,4800,10400,21000,4100,2600,4700,10300,10400,12600,9200,1700,1400,700,4500,300,2000
308.0,14.37,134300,1924806.0,14.36,14.34,14.33,14.32,14.31,14.3,14.29,14.28,14.27,14.26,14.37,14.38,14.39,14.4,14.42,14.43,14.44,14.45,14.46,14.47,200,2800,2500,4800,10400,21000,4100,2600,4700,5000,10000,10400,12600,9200,1700,1400,700,4500,300,2000
309.0,14.35,136700,1959290.0,14.34,14.33,14.32,14.31,14.3,14.29,14.28,14.27,14.26,14.25,14.37,14.38,14.39,14.4,14.42,14.43,14.44,14.45,14.46,14.47,2800,2500,4800,10400,21000,4100,2600,4700,5000,2900,7700,10400,12600,9200,1700,1400,700,4500,300,2000
310.0,14.36,137100,1965035.0,14.34,14.33,14.32,14.31,14.3,14.29,14.28,14.27,14.26,14.25,14.36,14.37,14.38,14.39,14.4,14.42,14.43,14.44,14.45,14.46,2900,2500,4800,10400,21000,4100,2600,4700,5000,2900,2200,7700,10400,12600,9200,1700,1400,700,4500,300
311.0,14.36,138200,1980830.0,14.35,14.34,14.33,14.32,14.31,14.3,14.29,14.28,14.27,14.26,14.36,14.37,14.38,14.39,14.4,14.42,14.43,14.44,14.45,14.46,100,2900,2500,4800,10400,21000,4100,2600,4700,5000,1300,7700,10400,12600,9200,1700,1400,700,4500,300
312.0,14.36,138200,1980830.0,14.35,14.34,14.33,14.32,14.31,14.3,14.29,14.28,14.27,14.26,14.36,14.37,14.38,14.39,14.4,14.42,14.43,14.44,14.45,14.46,100,2900,2500,4800,10400,21000,4100,2600,4700,5000,1300,7700,10400,12600,9200,1700,1400,700,4500,300
313.0,14.34,138400,1983699.0,14.34,14.33,14.32,14.31,14.3,14.29,14.28,14.27,14.26,14.25,14.36,14.37,14.38,14.39,14.4,14.42,14.43,14.44,14.45,14.46,2800,2500,4800,10400,21000,4100,2600,4700,5000,2900,1300,8700,10400,12600,9200,1700,1400,700,4500,300
314.0,14.34,138400,1983699.0,14.34,14.33,14.32,14.31,14.3,14.29,14.28,14.27,14.26,14.25,14.36,14.37,14.38,14.39,14.4,14.42,14.43,14.44,14.45,14.46,2800,2500,4800,10400,21000,4100,2600,4700,5000,3400,1300,8700,10400,12600,9200,1700,1400,700,4500,300
315.0,14.36,138700,1988003.0,14.34,14.33,14.32,14.31,14.3,14.29,14.28,14.27,14.26,14.25,14.36,14.37,14.38,14.39,14.4,14.42,14.43,14.44,14.45,14.46,2700,2500,4800,10400,21000,4100,2600,4700,5000,3400,1300,8700,10400,12600,9200,1700,1400,700,4500,300
316.0,14.34,138900,1990871.0,14.34,14.33,14.32,14.31,14.3,14.29,14.28,14.27,14.26,14.25,14.36,14.37,14.38,14.39,14.4,14.42,14.43,14.44,14.45,14.46,2500,2800,4800,10400,21000,4100,2600,4700,5000,3400,1300,8700,10400,12600,9200,1700,1400,700,4500,300
317.0,14.36,139000,1992307.0,14.34,14.33,14.32,14.31,14.3,14.29,14.28,14.27,14.26,14.25,14.36,14.37,14.38,14.39,14.4,14.42,14.43,14.44,14.45,14.46,2500,2800,4800,10400,21000,4100,2600,4700,5000,3400,1200,8700,10400,12600,9200,1700,1400,700,4500,300
318.0,14.36,139000,1992307.0,14.34,14.33,14.32,14.31,14.3,14.29,14.28,14.27,14.26,14.25,14.36,14.37,14.38,14.39,14.4,14.42,14.43,14.44,14.45,14.46,2600,2800,4800,10400,21000,4100,2600,4700,5000,3400,1300,8700,10400,12600,9200,1700,1400,700,4500,300
319.0,14.36,139000,1992307.0,14.34,14.33,14.32,14.31,14.3,14.29,14.28,14.27,14.26,14.25,14.36,14.37,14.38,14.39,14.4,14.42,14.43,14.44,14.45,14.46,2600,2800,4800,10400,21000,4100,2600,4700,5000,3400,1300,8700,10400,12600,9200,1700,1400,700,4500,300
320.0,14.34,139200,1995175.0,14.35,14.34,14.33,14.32,14.31,14.3,14.29,14.28,14.27,14.26,14.36,14.37,14.38,14.39,14.4,14.42,14.43,14.44,14.45,14.46,100,2500,2800,4800,10400,21000,4100,2600,4700,5000,1400,8700,10400,12600,9200,1700,1400,700,4500,300
321.0,14.34,139200,1995175.0,14.35,14.34,14.33,14.32,14.31,14.3,14.29,14.28,14.27,14.26,14.36,14.37,14.38,14.39,14.4,14.42,14.43,14.44,14.45,14.46,100,2500,2800,4800,10400,21000,4100,2600,4700,5000,1400,8700,10400,12600,9200,1700,1400,700,4500,300
322.0,14.34,139200,1995175.0,14.35,14.34,14.33,14.32,14.31,14.3,14.29,14.28,14.27,14.26,14.36,14.37,14.38,14.39,14.4,14.42,14.43,14.44,14.45,14.46,100,2500,2800,4800,10400,21000,4100,2600,4700,5000,1400,8700,10400,12600,9200,1700,1400,700,4500,300
323.0,14.34,139200,1995175.0,14.35,14.34,14.33,14.32,14.31,14.3,14.29,14.28,14.27,14.26,14.36,14.37,14.38,14.39,14.4,14.42,14.43,14.44,14.45,14.46,100,2500,2800,4800,10400,21000,4100,2600,4700,5000,1400,8700,10400,12600,9200,1700,1400,700,4500,300
324.0,14.34,139200,1995175.0,14.35,14.34,14.33,14.32,14.31,14.3,14.29,14.28,14.27,14.26,14.36,14.37,14.38,14.39,14.4,14.42,14.43,14.44,14.45,14.46,100,2500,2800,4800,10400,21000,4100,2600,4700,5000,1400,8700,10400,12600,9200,1700,1400,700,4500,300
325.0,14.34,139200,1995175.0,14.35,14.34,14.33,14.32,14.31,14.3,14.29,14.28,14.27,14.26,14.36,14.37,14.38,14.39,14.4,14.42,14.43,14.44,14.45,14.46,100,2500,2800,4800,10400,21000,4100,2600,4700,5000,1400,8700,10400,12600,9200,1700,1400,700,4500,300
326.0,14.34,139200,1995175.0,14.35,14.34,14.33,14.32,14.31,14.3,14.29,14.28,14.27,14.26,14.36,14.37,14.38,14.39,14.4,14.42,14.43,14.44,14.45,14.46,100,2500,2800,4800,10400,21000,4100,2600,4700,5000,1400,8700,10400,12600,9200,1700,1400,700,4500,300
327.0,14.35,141500,2028180.0,14.35,14.34,14.33,14.32,14.31,14.3,14.29,14.28,14.27,14.26,14.36,14.37,14.38,14.39,14.4,14.42,14.43,14.44,14.45,14.46,100,2500,2800,4800,10400,21000,4100,2600,4700,5000,1400,8700,10400,4000,9200,1700,1400,700,4500,300
328.0,14.35,141500,2028180.0,14.35,14.34,14.33,14.32,14.31,14.3,14.29,14.28,14.27,14.26,14.36,14.37,14.38,14.39,14.4,14.42,14.43,14.44,14.45,14.46,100,2500,2800,4800,10400,21000,4100,2600,4700,5000,1400,8700,10400,4000,9200,1700,1400,700,4500,300
329.0,14.35,141500,2028180.0,14.35,14.34,14.33,14.32,14.31,14.3,14.29,14.28,14.27,14.26,14.36,14.37,14.38,14.39,14.4,14.42,14.43,14.44,14.45,14.46,1000,2500,2800,4800,10400,21000,4100,2600,4700,5000,1400,8700,10400,4000,9200,1700,1400,700,4500,300
330.0,14.35,141600,2029615.0,14.35,14.34,14.33,14.32,14.31,14.3,14.29,14.28,14.27,14.26,14.36,14.37,14.38,14.39,14.4,14.42,14.43,14.44,14.45,14.46,900,2500,2800,4800,10400,21000,4100,2600,4700,5000,1400,8700,10400,4000,9200,1700,1400,700,4500,300
331.0,14.35,141600,2029615.0,14.35,14.34,14.33,14.32,14.31,14.3,14.29,14.28,14.27,14.26,14.36,14.37,14.38,14.39,14.4,14.42,14.43,14.44,14.45,14.46,900,2500,2800,4800,10400,21000,4100,2600,4700,5000,1400,8700,10400,4000,9200,1700,1400,700,4500,300
332.0,14.35,141700,2031050.0,14.35,14.34,14.33,14.32,14.31,14.3,14.29,14.28,14.27,14.26,14.36,14.37,14.38,14.39,14.4,14.42,14.43,14.44,14.45,14.46,800,2500,3800,4800,10400,21000,4100,2600,4700,5000,1800,8700,10400,4000,9200,1700,1400,700,4500,300
333.0,14.35,141700,2031050.0,14.35,14.34,14.33,14.32,14.31,14.3,14.29,14.28,14.27,14.26,14.36,14.37,14.38,14.39,14.4,14.42,14.43,14.44,14.45,14.46,800,2500,3800,4800,10400,21000,4100,2600,4700,5000,1800,8700,10400,4000,9200,1700,1400,700,4500,300
334.0,14.35,141700,2031050.0,14.35,14.34,14.33,14.32,14.31,14.3,14.29,14.28,14.27,14.26,14.36,14.37,14.38,14.39,14.4,14.42,14.43,14.44,14.45,14.46,800,2500,3800,4800,10400,21000,4100,2600,4700,5000,3200,8700,10400,4000,9200,1700,1400,700,4500,300
335.0,14.35,141700,2031050.0,14.35,14.34,14.33,14.32,14.31,14.3,14.29,14.28,14.27,14.26,14.36,14.37,14.38,14.39,14.4,14.42,14.43,14.44,14.45,14.46,800,2500,3800,4800,10400,21000,4100,2600,4700,5000,3200,8700,10400,4000,9200,1700,1400,700,4500,300
336.0,14.35,141700,2031050.0,14.35,14.34,14.33,14.32,14.31,14.3,14.29,14.28,14.27,14.26,14.36,14.37,14.38,14.39,14.4,14.42,14.43,14.44,14.45,14.46,800,2500,3800,4800,10400,21000,4100,2600,4700,5000,3400,8700,10400,4000,9200,1700,1400,700,4500,300
337.0,14.35,141700,2031050.0,14.35,14.34,14.33,14.32,14.31,14.3,14.29,14.28,14.27,14.26,14.36,14.37,14.38,14.39,14.4,14.42,14.43,14.44,14.45,14.46,800,2500,3800,4800,10400,21000,4100,2600,4700,5000,3400,8700,10400,4000,9200,1700,1400,700,4500,300
338.0,14.35,141700,2031050.0,14.35,14.34,14.33,14.32,14.31,14.3,14.29,14.28,14.27,14.26,14.36,14.37,14.38,14.39,14.4,14.42,14.43,14.44,14.45,14.46,800,2500,3800,4800,10400,21000,4100,2600,4700,5000,3400,8700,10400,4000,9200,1700,1400,700,4500,300
339.0,14.35,141700,2031050.0,14.35,14.34,14.33,14.32,14.31,14.3,14.29,14.28,14.27,14.26,14.36,14.37,14.38,14.39,14.4,14.42,14.43,14.44,14.45,14.46,800,2500,3800,4800,10400,21000,4100,2600,4700,5000,3400,8700,10400,4000,9200,1700,1400,700,4500,300
340.0,14.35,141700,2031050.0,14.35,14.34,14.33,14.32,14.31,14.3,14.29,14.28,14.27,14.26,14.36,14.37,14.38,14.39,14.4,14.42,14.43,14.44,14.45,14.46,800,2500,3800,4800,10400,21000,4100,2600,4700,5000,3400,8700,10400,4000,9200,1700,1400,700,4500,300
341.0,14.35,141700,2031050.0,14.35,14.34,14.33,14.32,14.31,14.3,14.29,14.28,14.27,14.26,14.36,14.37,14.38,14.39,14.4,14.42,14.43,14.44,14.45,14.46,1300,2500,3800,4800,10400,21000,4100,2600,4700,5000,3400,8700,10400,4000,8200,1700,1400,700,4500,300
342.0,14.35,143100,2051141.0,14.34,14.33,14.32,14.31,14.3,14.29,14.28,14.27,14.26,14.25,14.35,14.36,14.37,14.38,14.39,14.4,14.42,14.43,14.44,14.45,2500,3800,4800,10400,21000,4100,2600,4700,5000,3400,7300,3300,8700,10400,4000,8200,1700,1400,700,4500
343.0,14.34,143300,2054009.0,14.34,14.33,14.32,14.31,14.3,14.29,14.28,14.27,14.26,14.25,14.35,14.36,14.37,14.38,14.39,14.4,14.42,14.43,14.44,14.45,2300,3800,4800,10400,21000,4100,2600,4700,5000,3400,7300,3300,8700,10400,4000,8200,1700,1400,700,4500
344.0,14.34,143900,2062613.0,14.34,14.33,14.32,14.31,14.3,14.29,14.28,14.27,14.26,14.25,14.35,14.36,14.37,14.38,14.39,14.4,14.42,14.43,14.44,14.45,1700,3800,4800,10400,21000,4100,2600,4700,5000,3400,7300,3300,8700,10400,4000,8200,1700,1400,700,4500
345.0,14.34,144100,2065481.0,14.34,14.33,14.32,14.31,14.3,14.29,14.28,14.27,14.26,14.25,14.35,14.36,14.37,14.38,14.39,14.4,14.42,14.43,14.44,14.45,1500,3800,4800,10400,21000,4100,2600,4700,5000,3400,7300,3300,8700,10400,4000,8200,1700,1400,700,4500
346.0,14.34,144100,2065481.0,14.34,14.33,14.32,14.31,14.3,14.29,14.28,14.27,14.26,14.25,14.35,14.36,14.37,14.38,14.39,14.4,14.42,14.43,14.44,14.45,1500,3800,4800,10400,21000,4100,2600,4700,5000,3400,7300,3300,8700,10400,4000,8200,1700,1400,700,4500
347.0,14.35,144500,2071221.0,14.34,14.33,14.32,14.31,14.3,14.29,14.28,14.27,14.26,14.25,14.35,14.36,14.37,14.38,14.39,14.4,14.42,14.43,14.44,14.45,1500,3800,4800,10400,21000,4100,2600,4700,5000,3400,6900,3300,8700,10400,4000,8200,1700,1400,700,4500
348.0,14.35,144500,2071221.0,14.34,14.33,14.32,14.31,14.3,14.29,14.28,14.27,14.26,14.25,14.35,14.36,14.37,14.38,14.39,14.4,14.42,14.43,14.44,14.45,1500,3800,4800,10400,21000,4100,2600,4700,5000,3400,10500,3300,8700,10400,4000,8200,1700,1400,700,4500
349.0,14.34,146100,2094166.0,14.33,14.32,14.31,14.3,14.29,14.28,14.27,14.26,14.25,14.24,14.34,14.35,14.36,14.37,14.38,14.39,14.4,14.42,14.43,14.44,3800,4800,10400,21000,4100,2600,4700,5000,3400,1400,500,10400,3300,8700,10400,4000,8200,1700,1400,700
350.0,14.33,146300,2097032.0,14.33,14.32,14.31,14.3,14.29,14.28,14.27,14.26,14.25,14.24,14.34,14.35,14.36,14.37,14.38,14.39,14.4,14.42,14.43,14.44,3600,4800,10400,21000,4100,2600,4700,5000,3400,1400,600,10400,3300,8700,10400,4000,8200,1700,1400,700
351.0,14.34,146400,2098466.0,14.33,14.32,14.31,14.3,14.29,14.28,14.27,14.26,14.25,14.24,14.34,14.35,14.36,14.37,14.38,14.39,14.4,14.42,14.43,14.44,3600,4800,10400,21000,4100,2600,4700,5000,3400,1400,500,10400,3100,8700,10400,4000,8200,1700,1400,700
352.0,14.33,146700,2102765.0,14.33,14.32,14.31,14.3,14.29,14.28,14.27,14.26,14.25,14.24,14.34,14.35,14.36,14.37,14.38,14.39,14.4,14.42,14.43,14.44,3300,4800,10400,21000,4100,2600,4700,5000,3400,1400,500,10400,3100,8700,10400,4000,8200,1700,1400,700
353.0,14.34,146800,2104199.0,14.33,14.32,14.31,14.3,14.29,14.28,14.27,14.26,14.25,14.24,14.34,14.35,14.36,14.37,14.38,14.39,14.4,14.42,14.43,14.44,3000,4800,10400,21000,4100,2600,4700,5000,3400,1400,500,10600,3100,8700,10400,4000,8200,1700,1400,700
354.0,14.34,146800,2104199.0,14.33,14.32,14.31,14.3,14.29,14.28,14.27,14.26,14.25,14.24,14.34,14.35,14.36,14.37,14.38,14.39,14.4,14.42,14.43,14.44,3000,4800,10400,21000,4100,2600,4700,5000,3400,1400,500,10600,3100,8700,10400,4000,8200,1700,1400,700
355.0,14.34,146800,2104199.0,14.33,14.32,14.31,14.3,14.29,14.28,14.27,14.26,14.25,14.24,14.34,14.35,14.36,14.37,14.38,14.39,14.4,14.42,14.43,14.44,3000,4800,10400,21000,4100,2600,4700,5000,3400,1400,500,10600,3100,8700,10400,4000,8200,1700,1400,700
356.0,14.33,147400,2112797.0,14.33,14.32,14.31,14.3,14.29,14.28,14.27,14.26,14.25,14.24,14.34,14.35,14.36,14.37,14.38,14.39,14.4,14.42,14.43,14.44,2400,4800,10400,21000,4100,2600,4700,5000,3400,1400,500,10600,3100,8700,10400,4000,8200,1700,1400,700
357.0,14.33,147400,2112797.0,14.33,14.32,14.31,14.3,14.29,14.28,14.27,14.26,14.25,14.24,14.34,14.35,14.36,14.37,14.38,14.39,14.4,14.42,14.43,14.44,2400,4800,10400,21000,4100,2600,4700,5000,3400,1400,500,11600,3100,8700,10400,4000,8200,1700,1400,700
358.0,14.33,147400,2112797.0,14.33,14.32,14.31,14.3,14.29,14.28,14.27,14.26,14.25,14.24,14.34,14.35,14.36,14.37,14.38,14.39,14.4,14.42,14.43,14.44,2400,4800,10400,21000,4100,2600,4700,5000,3400,1400,500,11600,3100,8700,10400,4000,8200,1700,1400,700
359.0,14.33,147600,2115663.0,14.33,14.32,14.31,14.3,14.29,14.28,14.27,14.26,14.25,14.24,14.34,14.35,14.36,14.37,14.38,14.39,14.4,14.42,14.43,14.44,2200,4800,10400,21000,4100,2600,4700,5000,3400,1400,500,11600,3100,8700,10400,4000,8200,1700,1400,700
360.0,14.33,147600,2115663.0,14.33,14.32,14.31,14.3,14.29,14.28,14.27,14.26,14.25,14.24,14.34,14.35,14.36,14.37,14.38,14.39,14.4,14.42,14.43,14.44,2200,4800,10400,21000,4100,2600,4700,5000,3400,1400,700,11600,3100,8700,10400,4000,8200,1700,1400,700
361.0,14.33,147600,2115663.0,14.33,14.32,14.31,14.3,14.29,14.28,14.27,14.26,14.25,14.24,14.34,14.35,14.36,14.37,14.38,14.39,14.4,14.42,14.43,14.44,2200,4800,10400,21000,4100,2600,4700,5000,3400,1400,700,11600,3100,8700,10400,4000,8200,1700,1400,700
362.0,14.33,147600,2115663.0,14.33,14.32,14.31,14.3,14.29,14.28,14.27,14.26,14.25,14.24,14.34,14.35,14.36,14.37,14.38,14.39,14.4,14.42,14.43,14.44,2200,4800,10400,21000,4100,2600,4700,5000,3400,1400,700,11600,3100,8700,10400,4000,8200,1700,1400,700
363.0,14.33,147600,2115663.0,14.33,14.32,14.31,14.3,14.29,14.28,14.27,14.26,14.25,14.24,14.34,14.35,14.36,14.37,14.38,14.39,14.4,14.42,14.43,14.44,2200,4800,10400,21000,4100,2600,4700,5000,3400,1400,700,11600,3100,8700,10400,4000,8200,1700,1400,700
364.0,14.33,147600,2115663.0,14.33,14.32,14.31,14.3,14.29,14.28,14.27,14.26,14.25,14.24,14.34,14.35,14.36,14.37,14.38,14.39,14.4,14.42,14.43,14.44,2200,4800,10400,21000,4100,2600,4700,5000,3400,1400,700,11600,3100,8700,10400,4000,8200,1700,1400,700
365.0,14.33,147600,2115663.0,14.33,14.32,14.31,14.3,14.29,14.28,14.27,14.26,14.25,14.24,14.34,14.35,14.36,14.37,14.38,14.39,14.4,14.42,14.43,14.44,2200,4800,10400,21000,4100,2600,4700,5000,3400,1400,700,11600,3100,8700,10400,4000,8200,1700,1400,700
366.0,14.33,147600,2115663.0,14.33,14.32,14.31,14.3,14.29,14.28,14.27,14.26,14.25,14.24,14.34,14.35,14.36,14.37,14.38,14.39,14.4,14.42,14.43,14.44,2200,4800,10400,21000,4100,2600,4700,5000,3400,1400,700,11600,3100,8700,10400,4000,8200,1700,1400,700
367.0,14.33,148200,2124261.0,14.33,14.32,14.31,14.3,14.29,14.28,14.27,14.26,14.25,14.24,14.34,14.35,14.36,14.37,14.38,14.39,14.4,14.42,14.43,14.44,1600,4900,10400,22300,4100,2600,4700,5000,3400,1400,700,11600,3100,8700,10400,4000,8200,1700,1400,700
368.0,14.33,148200,2124261.0,14.33,14.32,14.31,14.3,14.29,14.28,14.27,14.26,14.25,14.24,14.34,14.35,14.36,14.37,14.38,14.39,14.4,14.42,14.43,14.44,1600,4900,10400,22300,4100,2600,4700,5000,3400,1400,700,11600,3100,8700,10400,4000,8200,1700,1400,700
369.0,14.33,148200,2124261.0,14.33,14.32,14.31,14.3,14.29,14.28,14.27,14.26,14.25,14.24,14.34,14.35,14.36,14.37,14.38,14.39,14.4,14.42,14.43,14.44,1600,4900,10400,22300,4100,2600,4700,5000,3400,1400,700,11600,3100,8700,10400,4000,8200,1700,1400,700
370.0,14.33,148200,2124261.0,14.33,14.32,14.31,14.3,14.29,14.28,14.27,14.26,14.25,14.24,14.34,14.35,14.36,14.37,14.38,14.39,14.4,14.42,14.43,14.44,1600,4900,10400,22300,4100,2600,4700,5000,3400,1400,700,11600,3100,8700,10400,4000,8200,1700,1400,700
371.0,14.33,148200,2124261.0,14.33,14.32,14.31,14.3,14.29,14.28,14.27,14.26,14.25,14.24,14.34,14.35,14.36,14.37,14.38,14.39,14.4,14.42,14.43,14.44,1600,4900,10400,22000,4100,2600,4700,5000,3400,1400,700,11600,3100,8700,10400,4000,8200,1700,1400,700
372.0,14.33,148200,2124261.0,14.33,14.32,14.31,14.3,14.29,14.28,14.27,14.26,14.25,14.24,14.34,14.35,14.36,14.37,14.38,14.39,14.4,14.42,14.43,14.44,1600,4900,10400,22000,4100,2600,4700,5000,3400,1400,700,11600,3100,8700,10400,4000,8200,1700,1400,700
373.0,14.33,148200,2124261.0,14.33,14.32,14.31,14.3,14.29,14.28,14.27,14.26,14.25,14.24,14.34,14.35,14.36,14.37,14.38,14.39,14.4,14.42,14.43,14.44,1600,4900,10400,22000,4100,2600,4700,5000,3400,1400,700,11600,3100,8700,10400,4000,8200,1700,1400,700
374.0,14.33,148300,2125694.0,14.33,14.32,14.31,14.3,14.29,14.28,14.27,14.26,14.25,14.24,14.34,14.35,14.36,14.37,14.38,14.39,14.4,14.42,14.43,14.44,3500,4900,10400,22000,4100,2600,4700,5000,3400,1400,700,11600,3100,8700,10400,4000,8200,1700,1400,700
375.0,14.33,148300,2125694.0,14.33,14.32,14.31,14.3,14.29,14.28,14.27,14.26,14.25,14.24,14.34,14.35,14.36,14.37,14.38,14.39,14.4,14.42,14.43,14.44,3500,4900,10400,22000,4100,2600,4700,5000,3400,1400,1000,11600,3100,8700,10400,4000,8200,1700,1400,700
376.0,14.33,148300,2125694.0,14.33,14.32,14.31,14.3,14.29,14.28,14.27,14.26,14.25,14.24,14.34,14.35,14.36,14.37,14.38,14.39,14.4,14.42,14.43,14.44,3500,4900,10400,22000,4100,2600,4700,5000,3400,1400,1000,11600,3100,8700,10400,4000,8200,1700,1400,700
377.0,14.33,149900,2148622.0,14.33,14.32,14.31,14.3,14.29,14.28,14.27,14.26,14.25,14.24,14.34,14.35,14.36,14.37,14.38,14.39,14.4,14.42,14.43,14.44,1900,4900,10400,22000,4100,2600,4700,5000,3400,1400,1000,11600,3100,8600,10400,4000,8200,1700,1400,700
378.0,14.33,150300,2154355.0,14.33,14.32,14.31,14.3,14.29,14.28,14.27,14.26,14.25,14.24,14.34,14.35,14.36,14.37,14.38,14.39,14.4,14.42,14.43,14.44,1600,4900,10400,22000,4100,2600,4700,5000,3400,1400,900,11600,3100,8600,10400,4000,8200,1700,1400,700
379.0,14.33,150600,2158654.0,14.33,14.32,14.31,14.3,14.29,14.28,14.27,14.26,14.25,14.24,14.34,14.35,14.36,14.37,14.38,14.39,14.4,14.42,14.43,14.44,1300,4900,10400,22000,4100,2600,4700,5000,3400,1400,900,11600,3100,8600,10400,4000,8200,1700,1400,700
380.0,14.33,150600,2158654.0,14.33,14.32,14.31,14.3,14.29,14.28,14.27,14.26,14.25,14.24,14.34,14.35,14.36,14.37,14.38,14.39,14.4,14.42,14.43,14.44,1300,4900,10400,22000,4100,2600,4700,5000,3400,1400,900,11600,3100,8600,10400,4000,8200,1700,1400,700
381.0,14.33,150700,2160087.0,14.33,14.32,14.31,14.3,14.29,14.28,14.27,14.26,14.25,14.24,14.34,14.35,14.36,14.37,14.38,14.39,14.4,14.42,14.43,14.44,1200,4900,10400,22000,4100,2600,4700,5000,8400,1400,900,11600,3100,8600,10400,4000,8200,1700,1400,700
382.0,14.33,150700,2160087.0,14.33,14.32,14.31,14.3,14.29,14.28,14.27,14.26,14.25,14.24,14.34,14.35,14.36,14.37,14.38,14.39,14.4,14.42,14.43,14.44,1200,4900,10400,22000,4100,2600,4700,5000,8400,1400,900,11600,3100,8600,10400,4000,8200,1700,1400,700
383.0,14.33,150700,2160087.0,14.33,14.32,14.31,14.3,14.29,14.28,14.27,14.26,14.25,14.24,14.34,14.35,14.36,14.37,14.38,14.39,14.4,14.42,14.43,14.44,1200,4900,10400,22000,4100,2600,4700,5000,8400,1400,900,11600,3100,8600,10400,4000,8200,1700,1400,700
384.0,14.34,150800,2161521.0,14.33,14.32,14.31,14.3,14.29,14.28,14.27,14.26,14.25,14.24,14.34,14.35,14.36,14.37,14.38,14.39,14.4,14.42,14.43,14.44,1200,4900,10400,22000,4100,2600,4700,5000,8400,1400,800,11600,3100,8600,10400,4000,8200,1700,1400,700
385.0,14.34,150800,2161521.0,14.33,14.32,14.31,14.3,14.29,14.28,14.27,14.26,14.25,14.24,14.34,14.35,14.36,14.37,14.38,14.39,14.4,14.42,14.43,14.44,1200,4900,10400,22000,4100,2600,4700,5000,8400,1400,800,11600,3100,8600,10400,4000,8200,1700,1400,700
386.0,14.34,150800,2161521.0,14.33,14.32,14.31,14.3,14.29,14.28,14.27,14.26,14.25,14.24,14.34,14.35,14.36,14.37,14.38,14.39,14.4,14.42,14.43,14.44,1200,4900,10400,22100,4100,2600,4700,5000,8400,1400,800,11600,3100,8600,10400,4000,8200,1700,1400,700
387.0,14.33,151500,2171552.0,14.33,14.32,14.31,14.3,14.29,14.28,14.27,14.26,14.25,14.24,14.34,14.35,14.36,14.37,14.38,14.39,14.4,14.42,14.43,14.44,500,4900,10400,22100,4100,2600,4700,5000,8400,1400,800,11600,3100,8600,10400,4000,8200,1700,1400,700
388.0,14.33,151500,2171552.0,14.33,14.32,14.31,14.3,14.29,14.28,14.27,14.26,14.25,14.24,14.34,14.35,14.36,14.37,14.38,14.39,14.4,14.42,14.43,14.44,500,4900,10400,22100,4100,2600,4700,5000,8400,1400,800,11600,3100,8600,10400,4000,8200,1700,1400,700
389.0,14.33,151500,2171552.0,14.33,14.32,14.31,14.3,14.29,14.28,14.27,14.26,14.25,14.24,14.34,14.35,14.36,14.37,14.38,14.39,14.4,14.42,14.43,14.44,500,4900,10400,22100,4100,2600,4700,5000,8400,1400,800,11600,3100,8600,10400,4000,8200,1700,1400,700
390.0,14.33,151500,2171552.0,14.33,14.32,14.31,14.3,14.29,14.28,14.27,14.26,14.25,14.24,14.34,14.35,14.36,14.37,14.38,14.39,14.4,14.42,14.43,14.44,500,4900,10400,22100,4100,2600,4700,5000,8400,1400,800,11600,3100,8600,10400,4000,8200,1700,1400,700
391.0,14.33,151600,2172985.0,14.33,14.32,14.31,14.3,14.29,14.28,14.27,14.26,14.25,14.24,14.34,14.35,14.36,14.37,14.38,14.39,14.4,14.42,14.43,14.44,1900,4900,10400,22100,4100,2600,4700,5000,8400,1400,800,11600,3100,8600,10400,4000,8200,1700,1400,700
392.0,14.33,151600,2172985.0,14.33,14.32,14.31,14.3,14.29,14.28,14.27,14.26,14.25,14.24,14.34,14.35,14.36,14.37,14.38,14.39,14.4,14.42,14.43,14.44,1900,4900,10400,22100,4100,2600,4700,5000,8400,1400,800,11600,3100,8600,10400,4000,8200,1700,1400,700
393.0,14.33,151600,2172985.0,14.33,14.32,14.31,14.3,14.29,14.28,14.27,14.26,14.25,14.24,14.34,14.35,14.36,14.37,14.38,14.39,14.4,14.42,14.43,14.44,1900,4900,10400,22100,4100,2600,4700,5000,8400,1400,800,11600,3100,8600,10400,3400,8200,1700,1400,700
394.0,14.33,151600,2172985.0,14.33,14.32,14.31,14.3,14.29,14.28,14.27,14.26,14.25,14.24,14.34,14.35,14.36,14.37,14.38,14.39,14.4,14.42,14.43,14.44,2400,4900,10400,22100,4100,2600,4700,5000,8400,1400,800,11600,3100,8600,10400,3400,8200,1700,1400,700
395.0,14.33,151600,2172985.0,14.33,14.32,14.31,14.3,14.29,14.28,14.27,14.26,14.25,14.24,14.34,14.35,14.36,14.37,14.38,14.39,14.4,14.42,14.43,14.44,2400,4900,10400,22100,4100,2600,4700,5000,8400,1400,800,11600,3100,8600,10400,3400,8200,1700,1400,700
396.0,14.33,151800,2175851.0,14.33,14.32,14.31,14.3,14.29,14.28,14.27,14.26,14.25,14.24,14.34,14.35,14.36,14.37,14.38,14.39,14.4,14.42,14.43,14.44,2200,4900,10400,22100,4100,2600,4700,5000,8400,1400,800,11600,3100,8600,10400,3400,8200,1700,1400,700
397.0,14.33,151800,2175851.0,14.33,14.32,14.31,14.3,14.29,14.28,14.27,14.26,14.25,14.24,14.34,14.35,14.36,14.37,14.38,14.39,14.4,14.42,14.43,14.44,2200,4900,10400,22100,4100,2600,4700,5000,8400,1400,800,11600,3100,8600,10400,2500,8200,1700,1400,700
398.0,14.33,151900,2177284.0,14.33,14.32,14.31,14.3,14.29,14.28,14.27,14.26,14.25,14.24,14.34,14.35,14.36,14.37,14.38,14.39,14.4,14.42,14.43,14.44,2100,4900,10400,22100,4100,2600,4700,5000,8400,1400,800,11600,2700,8600,10400,2500,8200,1700,1400,700
399.0,14.33,151900,2177284.0,14.33,14.32,14.31,14.3,14.29,14.28,14.27,14.26,14.25,14.24,14.34,14.35,14.36,14.37,14.38,14.39,14.4,14.42,14.43,14.44,2100,4900,10400,22100,4100,2600,4700,5000,8400,1400,800,11600,2700,8600,10400,2500,8200,1700,1400,700
400.0,14.33,152100,2180150.0,14.33,14.32,14.31,14.3,14.29,14.28,14.27,14.26,14.25,14.24,14.34,14.35,14.36,14.37,14.38,14.39,14.4,14.42,14.43,14.44,1900,4900,10400,22100,4100,2600,4700,5000,8400,1400,800,11600,2700,8600,10400,2500,8200,1700,1400,700
401.0,14.33,152100,2180150.0,14.33,14.32,14.31,14.3,14.29,14.28,14.27,14.26,14.25,14.24,14.34,14.35,14.36,14.37,14.38,14.39,14.4,14.42,14.43,14.44,1900,4900,10400,22100,4100,2600,4700,5000,8400,1400,800,11600,2700,8600,10400,2500,8200,1700,1400,700
402.0,14.33,152400,2184449.0,14.33,14.32,14.31,14.3,14.29,14.28,14.27,14.26,14.25,14.24,14.34,14.35,14.36,14.37,14.38,14.39,14.4,14.42,14.43,14.44,1600,4900,10400,22100,4100,2600,4700,5000,8400,1400,800,11600,2700,8600,10400,2500,8200,1700,1400,700
403.0,14.33,152500,2185882.0,14.33,14.32,14.31,14.3,14.29,14.28,14.27,14.26,14.25,14.24,14.34,14.35,14.36,14.37,14.38,14.39,14.4,14.42,14.43,14.44,1500,4900,10400,22100,4100,2600,4700,5000,8400,1400,800,11600,2700,8600,10400,2500,8200,1700,1400,700
404.0,14.34,152600,2187316.0,14.33,14.32,14.31,14.3,14.29,14.28,14.27,14.26,14.25,14.24,14.34,14.35,14.36,14.37,14.38,14.39,14.4,14.42,14.43,14.44,1500,4900,10400,22100,4100,2600,4700,5000,8400,1400,700,11600,2700,8600,10400,2500,8200,1700,1400,700
