LocalTime,LastPrice,TradeVolume,TradeValue,BidPrice1,BidPrice2,BidPrice3,BidPrice4,BidPrice5,BidPrice6,BidPrice7,BidPrice8,BidPrice9,BidPriceA,AskPrice1,AskPrice2,AskPrice3,AskPrice4,AskPrice5,AskPrice6,AskPrice7,AskPrice8,AskPrice9,AskPriceA,BidVolume1,BidVolume2,BidVolume3,BidVolume4,BidVolume5,BidVolume6,BidVolume7,BidVolume8,BidVolume9,BidVolumeA,AskVolume1,AskVolume2,AskVolume3,AskVolume4,AskVolume5,AskVolume6,AskVolume7,AskVolume8,AskVolume9,AskVolumeA
0.0,6.88,22700,156176.0,6.85,6.83,6.8,6.79,6.78,6.76,6.75,6.74,6.73,6.71,6.88,6.89,6.9,6.91,6.93,6.95,6.96,6.97,6.98,6.99,500,2300,4200,6200,13600,5500,21100,12000,1000,1700,28000,1100,6700,500,9500,6400,1000,600,6800,9300
1.0,6.88,25100,172645.0,6.83,6.8,6.79,6.78,6.76,6.75,6.74,6.73,6.71,6.7,6.88,6.89,6.9,6.91,6.92,6.93,6.95,6.96,6.97,6.98,2300,4200,6200,13600,5500,21100,12000,1000,1700,2500,27900,1100,6700,500,700,9500,6400,1000,600,6800
2.0,6.88,25500,175397.0,6.86,6.85,6.83,6.8,6.79,6.78,6.76,6.75,6.74,6.73,6.88,6.89,6.9,6.91,6.92,6.93,6.94,6.95,6.96,6.97,1100,700,2300,4200,6200,13900,5500,21100,12000,1000,27500,1100,6700,700,6900,9500,3400,6400,1000,600
3.0,6.88,28400,195315.0,6.85,6.83,6.8,6.79,6.78,6.76,6.75,6.74,6.73,6.72,6.88,6.89,6.9,6.91,6.92,6.93,6.94,6.95,6.96,6.97,300,2300,4200,6200,13900,5500,21100,12000,1000,3000,34100,1100,6700,700,6900,9500,3400,6400,1000,600
4.0,6.85,28700,197370.0,6.83,6.81,6.8,6.79,6.78,6.76,6.75,6.74,6.73,6.72,6.88,6.89,6.9,6.91,6.92,6.93,6.94,6.95,6.96,6.97,2300,7800,3200,6200,15500,6300,21100,12000,1000,3000,34100,1100,7800,700,6900,9500,3400,6400,1000,600
5.0,6.88,31200,214570.0,6.86,6.83,6.82,6.81,6.8,6.79,6.78,6.76,6.75,6.74,6.87,6.88,6.89,6.9,6.91,6.92,6.93,6.94,6.95,6.96,1300,2400,3000,10800,5200,6200,15500,6300,21100,12000,300,31600,1100,7800,700,6900,9500,3400,6700,1000
6.0,6.85,33800,232373.0,6.83,6.82,6.81,6.8,6.79,6.78,6.76,6.75,6.74,6.73,6.85,6.87,6.88,6.89,6.9,6.91,6.92,6.93,6.94,6.95,1400,3000,10800,5200,15200,18000,6300,21100,12000,1000,2000,300,31600,1100,7800,700,6900,9500,3400,6700
7.0,6.85,33800,232373.0,6.84,6.83,6.82,6.81,6.8,6.79,6.78,6.76,6.75,6.74,6.85,6.87,6.88,6.89,6.9,6.91,6.92,6.93,6.94,6.95,1000,1400,4600,10800,5200,15200,18000,6300,21100,12000,2300,300,31600,1100,8600,700,6900,10100,3400,6700
8.0,6.84,34900,239898.0,6.83,6.82,6.81,6.8,6.79,6.78,6.76,6.75,6.74,6.73,6.85,6.87,6.88,6.89,6.9,6.91,6.92,6.93,6.94,6.95,1400,7900,10800,11200,15200,18000,6300,21100,12000,8600,2800,300,31600,1100,8600,700,6900,10000,3400,7000
9.0,6.83,38400,263809.0,6.82,6.81,6.8,6.79,6.78,6.77,6.76,6.75,6.74,6.73,6.83,6.85,6.87,6.88,6.89,6.9,6.91,6.92,6.93,6.94,7900,10800,11700,15200,18000,2900,6300,21100,12000,8600,200,2700,800,31600,1100,8600,700,6900,10000,3400
10.0,6.85,42000,288469.0,6.84,6.83,6.82,6.81,6.8,6.79,6.78,6.77,6.76,6.75,6.86,6.87,6.88,6.89,6.9,6.91,6.92,6.93,6.94,6.95,300,51200,7900,10800,11700,15200,18000,2900,6300,21100,200,900,34500,1100,8600,700,16900,10000,3400,7000
11.0,6.85,43300,297376.0,6.85,6.84,6.83,6.82,6.81,6.8,6.79,6.78,6.77,6.76,6.87,6.88,6.89,6.9,6.91,6.92,6.93,6.94,6.95,6.97,900,300,65800,7900,14300,11700,15200,18000,2900,6300,1200,34500,1100,8600,700,16900,10000,3400,7500,1400
12.0,6.87,43900,301498.0,6.85,6.83,6.82,6.81,6.8,6.79,6.78,6.77,6.76,6.75,6.87,6.88,6.89,6.9,6.91,6.92,6.93,6.94,6.95,6.97,900,40500,7900,14300,11700,15200,18000,2900,6300,21100,600,34500,1100,8600,700,16900,10000,3400,7500,1400
13.0,6.87,44300,304246.0,6.86,6.85,6.83,6.82,6.81,6.8,6.79,6.78,6.77,6.76,6.87,6.88,6.89,6.9,6.91,6.92,6.93,6.94,6.95,6.97,800,900,40000,7900,14300,11700,15200,18000,2900,6300,200,34500,1100,8600,700,16900,10000,3400,7500,1400
14.0,6.87,44500,305620.0,6.87,6.86,6.85,6.83,6.82,6.81,6.8,6.79,6.78,6.77,6.88,6.89,6.9,6.91,6.92,6.93,6.94,6.95,6.97,6.98,7600,900,400,32400,7900,14300,11700,15200,18000,2900,34700,1100,8600,700,16900,10000,3400,7500,1400,10800
15.0,6.87,48000,329665.0,6.87,6.86,6.85,6.83,6.82,6.81,6.8,6.79,6.78,6.77,6.88,6.89,6.9,6.91,6.92,6.93,6.94,6.95,6.97,6.98,4200,900,400,32400,7900,14300,11700,15200,18000,2900,34700,1100,8600,700,16900,10000,3400,7500,1400,10800
16.0,6.87,48000,329665.0,6.87,6.86,6.85,6.83,6.82,6.81,6.8,6.79,6.78,6.77,6.88,6.89,6.9,6.91,6.92,6.93,6.94,6.95,6.97,6.98,4200,1300,400,32400,7900,14300,11700,15200,18000,2900,34700,1100,8600,700,16900,10000,3400,7500,1400,10800
17.0,6.88,51300,352348.0,6.87,6.86,6.85,6.83,6.82,6.81,6.8,6.79,6.78,6.77,6.88,6.89,6.9,6.91,6.92,6.93,6.94,6.95,6.97,6.98,2100,1300,400,31200,7900,14300,11700,15200,18000,2900,33500,1100,8600,700,16900,10000,3400,7500,1400,10800
18.0,6.87,53400,366775.0,6.86,6.85,6.83,6.82,6.81,6.8,6.79,6.78,6.77,6.76,6.87,6.88,6.89,6.9,6.91,6.92,6.93,6.94,6.95,6.97,1300,400,31200,7900,14300,11700,15200,18000,2900,6300,2400,33500,1100,8600,700,16900,10000,3400,7500,1400
19.0,6.87,55100,378454.0,6.86,6.85,6.83,6.82,6.81,6.8,6.79,6.78,6.77,6.76,6.87,6.88,6.89,6.9,6.91,6.92,6.93,6.94,6.95,6.97,1300,400,28800,7900,14300,11700,15200,18000,2900,6300,900,33500,1100,8600,700,16900,10000,3400,7500,1400
20.0,6.87,55100,378454.0,6.86,6.85,6.83,6.82,6.81,6.8,6.79,6.78,6.77,6.76,6.87,6.88,6.89,6.9,6.91,6.92,6.93,6.94,6.95,6.97,1300,400,28000,7900,14300,11700,15200,18000,2900,6300,900,33500,1100,8600,700,16900,10000,3400,7500,1400
21.0,6.87,55100,378454.0,6.86,6.85,6.83,6.82,6.81,6.8,6.79,6.78,6.77,6.76,6.87,6.88,6.89,6.9,6.91,6.92,6.93,6.94,6.95,6.97,1300,400,28000,7900,14300,11700,15200,18000,2900,6300,900,33500,1100,8600,700,16900,10000,3400,7500,1400
22.0,6.87,55100,378454.0,6.86,6.85,6.83,6.82,6.81,6.8,6.79,6.78,6.77,6.76,6.87,6.88,6.89,6.9,6.91,6.92,6.93,6.94,6.95,6.97,1300,400,28000,7900,14300,11700,15200,18000,2900,6300,900,33500,1100,8600,700,16900,10000,3400,7500,1400
23.0,6.87,55600,381889.0,6.86,6.85,6.83,6.82,6.81,6.8,6.79,6.78,6.77,6.76,6.87,6.88,6.89,6.9,6.91,6.92,6.93,6.94,6.95,6.97,1300,400,28000,7900,14300,11700,15200,18000,2900,6300,400,33500,1100,8600,700,16900,10000,3400,7500,1400
24.0,6.87,55600,381889.0,6.86,6.85,6.83,6.82,6.81,6.8,6.79,6.78,6.77,6.76,6.87,6.88,6.89,6.9,6.91,6.92,6.93,6.94,6.95,6.97,1300,400,28000,7900,14300,11700,15200,18000,2900,6300,400,33500,1100,8600,700,16900,10000,3400,7500,1400
25.0,6.87,55600,381889.0,6.86,6.85,6.83,6.82,6.81,6.8,6.79,6.78,6.77,6.76,6.87,6.88,6.89,6.9,6.91,6.92,6.93,6.94,6.95,6.97,1300,400,28000,7900,14300,11700,15200,18000,2900,6300,400,33500,1100,8600,700,16900,10000,3400,7500,1400
26.0,6.87,55600,381889.0,6.86,6.85,6.83,6.82,6.81,6.8,6.79,6.78,6.77,6.76,6.87,6.88,6.89,6.9,6.91,6.92,6.93,6.94,6.95,6.97,1300,400,25200,7900,14300,11700,15200,18000,2900,6300,400,33500,1100,8600,700,16900,10000,3400,7500,1400
27.0,6.87,55700,382576.0,6.86,6.85,6.83,6.82,6.81,6.8,6.79,6.78,6.77,6.76,6.87,6.88,6.89,6.9,6.91,6.92,6.93,6.94,6.95,6.97,1400,400,25200,7900,14300,11700,15200,18000,2900,6300,600,33500,1100,8600,700,16900,10000,3400,7500,1400
28.0,6.87,55700,382576.0,6.86,6.85,6.83,6.82,6.81,6.8,6.79,6.78,6.77,6.76,6.87,6.88,6.89,6.9,6.91,6.92,6.93,6.94,6.95,6.97,1400,400,25200,7900,14300,11700,15200,18000,2900,6300,600,33500,2100,8600,700,16900,10000,3400,7500,1400
29.0,6.86,64500,442953.0,6.87,6.86,6.85,6.83,6.82,6.81,6.8,6.79,6.78,6.77,6.88,6.89,6.9,6.91,6.92,6.93,6.94,6.95,6.97,6.98,200,900,400,25200,7900,14300,11700,15200,18000,2900,33500,2100,8600,700,16900,10000,3400,7500,1400,10800
30.0,6.86,64500,442953.0,6.87,6.86,6.85,6.83,6.82,6.81,6.8,6.79,6.78,6.77,6.88,6.89,6.9,6.91,6.92,6.93,6.94,6.95,6.97,6.98,200,2600,400,24700,7900,14300,11700,15200,18000,2900,33500,2100,8600,700,16900,10000,3400,7500,1400,10800
31.0,6.87,65300,448449.0,6.86,6.85,6.83,6.82,6.81,6.8,6.79,6.78,6.77,6.76,6.87,6.88,6.89,6.9,6.91,6.92,6.93,6.94,6.95,6.97,2600,400,24700,7900,14300,11700,15200,18000,2900,6300,2100,33300,2100,8600,700,16900,10000,3400,7500,1400
32.0,6.87,67400,462876.0,6.86,6.85,6.83,6.82,6.81,6.8,6.79,6.78,6.77,6.76,6.87,6.88,6.89,6.9,6.91,6.92,6.93,6.94,6.95,6.97,2600,400,24700,7900,14300,11700,15200,18000,2900,6300,300,33300,2100,8600,700,16900,10000,3400,7500,1400
33.0,6.88,68300,469065.0,6.87,6.86,6.85,6.83,6.82,6.81,6.8,6.79,6.78,6.77,6.88,6.89,6.9,6.91,6.92,6.93,6.94,6.95,6.97,6.98,400,2600,400,24700,7900,14300,11700,15200,18000,2900,32700,2100,8600,700,16900,10000,3400,7500,1400,10800
34.0,6.88,72100,495209.0,6.87,6.86,6.85,6.83,6.82,6.81,6.8,6.79,6.78,6.77,6.88,6.89,6.9,6.91,6.92,6.93,6.94,6.95,6.97,6.98,400,2600,400,24700,7900,14300,11700,15200,18000,2900,28900,2100,8600,700,16900,10000,3400,7500,1400,10800
35.0,6.87,72200,495896.0,6.87,6.86,6.85,6.83,6.82,6.81,6.8,6.79,6.78,6.77,6.88,6.89,6.9,6.91,6.92,6.93,6.94,6.95,6.97,6.98,300,2600,400,24700,7900,14300,11700,15200,18000,2900,29000,2100,8600,700,16900,10000,3400,7500,1400,10800
36.0,6.87,72200,495896.0,6.87,6.86,6.85,6.83,6.82,6.81,6.8,6.79,6.78,6.77,6.88,6.89,6.9,6.91,6.92,6.93,6.94,6.95,6.97,6.98,300,2600,400,24700,7900,14300,11700,15200,18000,2900,29000,2100,8600,700,16900,10000,3400,7500,1400,10800
37.0,6.87,72200,495896.0,6.87,6.86,6.85,6.83,6.82,6.81,6.8,6.79,6.78,6.77,6.88,6.89,6.9,6.91,6.92,6.93,6.94,6.95,6.97,6.98,300,2600,400,24700,7900,14300,11700,15200,18000,2900,29000,2100,8600,700,16900,10000,3400,7500,1400,10800
38.0,6.87,73100,502086.0,6.87,6.86,6.85,6.83,6.82,6.81,6.8,6.79,6.78,6.77,6.88,6.89,6.9,6.91,6.92,6.93,6.94,6.95,6.97,6.98,100,2600,1400,22200,7900,14300,11700,15200,18000,2900,28300,2100,8600,700,16900,10000,3400,7500,1400,10800
39.0,6.87,73100,502086.0,6.87,6.86,6.85,6.83,6.82,6.81,6.8,6.79,6.78,6.77,6.88,6.89,6.9,6.91,6.92,6.93,6.94,6.95,6.97,6.98,100,2600,1400,22200,7900,14300,11700,15200,18000,2900,28300,2100,8600,700,16900,10000,3400,7500,1400,10800
40.0,6.88,73200,502774.0,6.87,6.86,6.85,6.83,6.82,6.81,6.8,6.79,6.78,6.77,6.88,6.89,6.9,6.91,6.92,6.93,6.94,6.95,6.97,6.98,1900,2600,1400,22200,7900,14300,11700,15200,18000,2900,28200,2100,8600,700,10900,10000,3400,7500,1400,10800
41.0,6.88,74000,508278.0,6.87,6.86,6.85,6.83,6.82,6.81,6.8,6.79,6.78,6.77,6.88,6.89,6.9,6.91,6.92,6.93,6.94,6.95,6.97,6.98,3500,2000,1400,22100,7900,14300,11700,15200,18000,2900,27400,2100,8600,700,10900,10000,3400,7500,1400,10800
42.0,6.87,74700,513087.0,6.87,6.86,6.85,6.83,6.82,6.81,6.8,6.79,6.78,6.77,6.88,6.89,6.9,6.91,6.92,6.93,6.94,6.95,6.97,6.98,2800,2000,1400,22100,7900,14300,11700,15200,18000,2900,27400,2100,8600,700,10900,10000,3400,7500,1400,10800
43.0,6.88,78900,541981.0,6.87,6.86,6.85,6.83,6.82,6.81,6.8,6.79,6.78,6.77,6.88,6.89,6.9,6.91,6.92,6.93,6.94,6.95,6.97,6.98,1600,2000,1000,22100,7900,14300,11700,15200,18000,2900,23400,2100,8600,700,10900,10000,3400,7500,1400,10800
44.0,6.88,80100,550234.0,6.87,6.86,6.85,6.83,6.82,6.81,6.8,6.79,6.78,6.77,6.88,6.89,6.9,6.91,6.92,6.93,6.94,6.95,6.97,6.98,1300,2000,1000,22100,7900,14300,11700,15200,18000,2900,22500,2100,8600,700,10900,10000,3400,7500,1400,10800
45.0,6.87,81200,557791.0,6.87,6.86,6.85,6.83,6.82,6.81,6.8,6.79,6.78,6.77,6.88,6.89,6.9,6.91,6.92,6.93,6.94,6.95,6.97,6.98,200,2000,1000,22100,7900,14300,11700,15200,18000,2900,22500,2100,8600,700,10900,10000,3400,7500,1400,10800
46.0,6.88,84900,583247.0,6.87,6.86,6.85,6.83,6.82,6.81,6.8,6.79,6.78,6.77,6.88,6.89,6.9,6.91,6.92,6.93,6.94,6.95,6.97,6.98,200,2000,1000,22100,7900,14300,11700,15200,18000,2900,18800,2100,8600,700,10900,10000,3400,7500,1400,10800
47.0,6.88,104300,716713.0,6.88,6.87,6.86,6.85,6.83,6.82,6.81,6.8,6.79,6.78,6.89,6.9,6.91,6.92,6.93,6.94,6.95,6.97,6.98,6.99,1600,6000,2000,1000,17900,7900,14300,11700,15200,18000,2100,8600,700,10900,10000,3400,7500,1400,10800,24000
48.0,6.88,104400,717401.0,6.88,6.87,6.86,6.85,6.83,6.82,6.81,6.8,6.79,6.78,6.89,6.9,6.91,6.92,6.93,6.94,6.95,6.97,6.98,6.99,3300,8000,2000,1000,17900,7900,14300,11700,15200,18000,2100,8600,700,10900,10000,3400,7500,1400,10800,24000
49.0,6.89,104500,718090.0,6.88,6.87,6.86,6.85,6.83,6.82,6.81,6.8,6.79,6.78,6.89,6.9,6.91,6.92,6.93,6.94,6.95,6.97,6.98,6.99,3300,8000,2000,1600,17900,7900,14300,11700,15200,18000,2000,8600,700,10900,10000,3400,7500,1400,10800,24000
50.0,6.89,106500,731870.0,6.89,6.88,6.87,6.86,6.85,6.83,6.82,6.81,6.8,6.79,6.9,6.91,6.92,6.93,6.94,6.95,6.97,6.98,6.99,7.0,100,3200,8000,2000,1600,14100,7900,14300,11700,15200,8600,700,10900,10000,3400,7500,1400,10800,24000,17900
51.0,6.9,106900,734630.0,6.89,6.88,6.87,6.86,6.85,6.83,6.82,6.81,6.8,6.79,6.9,6.91,6.92,6.93,6.94,6.95,6.97,6.98,6.99,7.0,100,3200,8000,2000,1600,14100,7900,14300,11700,15200,8200,700,10900,10000,3400,7500,1400,10800,24000,17900
52.0,6.88,107500,738759.0,6.88,6.87,6.86,6.85,6.83,6.82,6.81,6.8,6.79,6.78,6.9,6.91,6.92,6.93,6.94,6.95,6.97,6.98,6.99,7.0,2700,8000,2000,1600,14100,7900,14300,30400,15200,18000,8200,700,10900,10000,3400,7500,1400,10800,24000,17900
53.0,6.88,108000,742199.0,6.88,6.87,6.86,6.85,6.83,6.82,6.81,6.8,6.79,6.78,6.89,6.9,6.91,6.92,6.93,6.94,6.95,6.97,6.98,6.99,2200,8000,2000,1600,14100,7900,14300,30400,15200,18000,8500,8500,700,10900,10000,3400,7500,1400,10800,24000
54.0,6.88,109100,749767.0,6.88,6.87,6.86,6.85,6.83,6.82,6.81,6.8,6.79,6.78,6.89,6.9,6.91,6.92,6.93,6.94,6.95,6.97,6.98,6.99,2100,8000,2000,1600,14100,7900,15000,30400,15200,18000,8500,8500,700,10900,10000,3400,7500,1400,10800,24000
55.0,6.88,109100,749767.0,6.88,6.87,6.86,6.85,6.83,6.82,6.81,6.8,6.79,6.78,6.89,6.9,6.91,6.92,6.93,6.94,6.95,6.97,6.98,6.99,2100,8000,2000,1600,14100,7900,15000,30400,15200,18000,8500,8500,700,10900,10000,3400,7500,1400,10800,24000
56.0,6.88,109100,749767.0,6.88,6.87,6.86,6.85,6.83,6.82,6.81,6.8,6.79,6.78,6.89,6.9,6.91,6.92,6.93,6.94,6.95,6.97,6.98,6.99,6300,6900,1500,1600,14100,7900,15000,30400,15200,18000,8500,8500,700,10900,10000,3400,7500,1400,10800,24000
57.0,6.89,113200,778010.0,6.88,6.87,6.86,6.85,6.83,6.82,6.81,6.8,6.79,6.78,6.89,6.9,6.91,6.92,6.93,6.94,6.95,6.97,6.98,6.99,5700,6900,1500,1600,14100,7900,15000,30400,15200,18000,4400,8500,700,10900,10000,3400,7500,1400,10800,24000
58.0,6.89,113200,778010.0,6.88,6.87,6.86,6.85,6.83,6.82,6.81,6.8,6.79,6.78,6.89,6.9,6.91,6.92,6.93,6.94,6.95,6.97,6.98,6.99,5700,6900,1500,1600,14100,7900,15000,30400,15200,18000,4400,8500,700,10900,10000,3400,7500,1400,10800,24000
59.0,6.89,118100,811766.0,6.89,6.88,6.87,6.86,6.85,6.83,6.82,6.81,6.8,6.79,6.9,6.91,6.92,6.93,6.94,6.95,6.97,6.98,6.99,7.0,100,6800,6900,2300,1800,14100,7900,15000,30400,15200,8500,700,10900,10000,3400,7500,1400,10800,24000,17900
60.0,6.89,118100,811766.0,6.89,6.88,6.87,6.86,6.85,6.83,6.82,6.81,6.8,6.79,6.9,6.91,6.92,6.93,6.94,6.95,6.97,6.98,6.99,7.0,700,6800,6900,2300,1800,14100,7900,15000,30400,15200,12500,700,10900,10000,3400,7500,1400,10800,24000,17900
61.0,6.89,118100,811766.0,6.89,6.88,6.87,6.86,6.85,6.83,6.82,6.81,6.8,6.79,6.9,6.91,6.92,6.93,6.94,6.95,6.97,6.98,6.99,7.0,700,6800,6900,2300,1800,14100,7900,15000,30400,15200,12500,700,10900,10000,3400,7500,1400,10800,24000,17900
62.0,6.89,118100,811766.0,6.89,6.88,6.87,6.86,6.85,6.83,6.82,6.81,6.8,6.79,6.9,6.91,6.92,6.93,6.94,6.95,6.97,6.98,6.99,7.0,3600,6800,6900,2300,1800,13300,7900,15000,30400,15200,13800,700,10900,10000,3400,7500,1400,10800,24000,17900
63.0,6.9,123100,846266.0,6.89,6.88,6.87,6.86,6.85,6.83,6.82,6.81,6.8,6.79,6.9,6.91,6.92,6.93,6.94,6.95,6.97,6.98,6.99,7.0,4100,6800,6900,2300,1800,13300,7900,15000,30400,15200,8800,700,10900,10000,3400,7500,1400,10800,24000,17900
64.0,6.9,123100,846266.0,6.89,6.88,6.87,6.86,6.85,6.83,6.82,6.81,6.8,6.79,6.9,6.91,6.92,6.93,6.94,6.95,6.97,6.98,6.99,7.0,4200,7600,6900,2300,1800,13300,7900,15000,30400,15200,8800,700,10900,10000,3400,7500,1400,10800,24000,17900
65.0,6.89,124900,858676.0,6.89,6.88,6.87,6.86,6.85,6.83,6.82,6.81,6.8,6.79,6.9,6.91,6.92,6.93,6.94,6.95,6.97,6.98,6.99,7.0,5100,7600,5300,2300,1800,13200,7900,15000,30400,15200,8000,5700,10900,10000,3400,7500,1400,10800,24000,17900
66.0,6.89,125600,863499.0,6.89,6.88,6.87,6.86,6.85,6.83,6.82,6.81,6.8,6.79,6.9,6.91,6.92,6.93,6.94,6.95,6.97,6.98,6.99,7.0,4400,7400,5300,2300,1800,12400,7900,15000,30400,15200,8000,5700,10900,10000,3400,7500,1400,10800,24000,17900
67.0,6.89,125600,863499.0,6.89,6.88,6.87,6.86,6.85,6.83,6.82,6.81,6.8,6.79,6.9,6.91,6.92,6.93,6.94,6.95,6.97,6.98,6.99,7.0,4400,7400,5300,1400,1800,21800,7900,15000,30400,15200,8000,5700,10900,10000,3400,7500,1400,10800,24000,17900
68.0,6.9,132900,913869.0,6.89,6.88,6.87,6.86,6.85,6.83,6.82,6.81,6.8,6.79,6.9,6.91,6.92,6.93,6.94,6.95,6.97,6.98,6.99,7.0,5000,6300,4600,1400,1800,21800,7900,15000,30400,15200,4800,5700,10900,10000,3400,7500,1400,10800,24000,17900
69.0,6.9,132900,913869.0,6.89,6.88,6.87,6.86,6.85,6.83,6.82,6.81,6.8,6.79,6.9,6.91,6.92,6.93,6.94,6.95,6.97,6.98,6.99,7.0,6100,6300,4600,1400,1800,21800,7900,15000,30400,15200,4800,5700,10900,10000,3400,7500,1400,10800,24000,17900
70.0,6.9,132900,913869.0,6.89,6.88,6.87,6.86,6.85,6.83,6.82,6.81,6.8,6.79,6.9,6.91,6.92,6.93,6.94,6.95,6.97,6.98,6.99,7.0,7100,6300,4600,1400,1800,21800,7900,15000,30400,15200,5700,6200,10900,10000,3400,7500,1400,10800,24000,17900
71.0,6.89,133400,917314.0,6.89,6.88,6.87,6.86,6.85,6.83,6.82,6.81,6.8,6.79,6.9,6.91,6.92,6.93,6.94,6.95,6.97,6.98,6.99,7.0,6800,6300,4600,1400,1800,20500,7900,15000,30400,15200,5800,6200,10900,10000,3400,7500,1400,10800,24000,17900
72.0,6.9,133600,918694.0,6.89,6.88,6.87,6.86,6.85,6.83,6.82,6.81,6.8,6.79,6.9,6.91,6.92,6.93,6.94,6.95,6.97,6.98,6.99,7.0,6800,6300,4600,1400,1800,20500,7900,15000,30400,15200,5600,6200,10900,10000,3400,7500,1400,10800,24000,17900
73.0,6.89,134200,922828.0,6.89,6.88,6.87,6.86,6.85,6.83,6.82,6.81,6.8,6.79,6.9,6.91,6.92,6.93,6.94,6.95,6.97,6.98,6.99,7.0,6200,6300,4600,1400,1800,20500,7900,15000,30400,15200,11600,6200,10900,10000,3400,7500,1400,10800,24000,17900
74.0,6.88,140700,967610.0,6.88,6.87,6.86,6.85,6.83,6.82,6.81,6.8,6.79,6.78,6.89,6.9,6.91,6.92,6.93,6.94,6.95,6.97,6.98,6.99,6000,4600,1400,1800,20500,7900,15000,30400,15200,18000,2400,6000,6200,10900,10000,3400,7500,1400,10800,24000
75.0,6.89,142200,977945.0,6.88,6.87,6.86,6.85,6.83,6.82,6.81,6.8,6.79,6.78,6.89,6.9,6.91,6.92,6.93,6.94,6.95,6.97,6.98,6.99,6000,4000,1400,1800,20500,7900,15000,30400,15200,18000,1000,6000,6200,10900,10000,3400,7500,1400,10800,24000
76.0,6.88,143400,986201.0,6.88,6.87,6.86,6.85,6.83,6.82,6.81,6.8,6.79,6.78,6.89,6.9,6.91,6.92,6.93,6.94,6.95,6.97,6.98,6.99,4800,4000,1400,1800,20500,7900,15000,30400,15200,18000,1600,6000,6200,10900,10000,3400,7000,1400,10800,24000
77.0,6.88,143400,986201.0,6.88,6.87,6.86,6.85,6.83,6.82,6.81,6.8,6.79,6.78,6.89,6.9,6.91,6.92,6.93,6.94,6.95,6.97,6.98,6.99,4800,4000,1400,1800,20500,7900,15000,30400,15200,18000,1700,5900,6200,10900,10000,3400,7000,1400,10800,24000
78.0,6.88,143400,986201.0,6.88,6.87,6.86,6.85,6.83,6.82,6.81,6.8,6.79,6.78,6.89,6.9,6.91,6.92,6.93,6.94,6.95,6.97,6.98,6.99,4800,4000,1400,1800,20500,7900,15000,30400,15200,18000,1700,5900,6200,10900,10000,3400,7000,1400,10800,24000
79.0,6.89,144600,994460.0,6.88,6.87,6.86,6.85,6.83,6.82,6.81,6.8,6.79,6.78,6.89,6.9,6.91,6.92,6.93,6.94,6.95,6.97,6.98,6.99,3900,3300,800,1800,20500,7900,15000,30400,15200,18000,1400,5000,6200,10900,10000,3400,7000,1400,10800,24000
80.0,6.88,144900,996524.0,6.88,6.87,6.86,6.85,6.83,6.82,6.81,6.8,6.79,6.78,6.89,6.9,6.91,6.92,6.93,6.94,6.95,6.97,6.98,6.99,3600,3300,800,1800,20500,7900,15000,30400,15200,18000,2300,5000,6200,10900,10000,3400,7000,1400,10800,24000
81.0,6.88,145200,998588.0,6.88,6.87,6.86,6.85,6.83,6.82,6.81,6.8,6.79,6.78,6.89,6.9,6.91,6.92,6.93,6.94,6.95,6.97,6.98,6.99,3300,4300,800,1800,20500,7900,15000,30400,15200,18000,2300,5000,6200,10900,10000,3400,7000,1400,10800,24000
82.0,6.89,145300,999277.0,6.88,6.87,6.86,6.85,6.83,6.82,6.81,6.8,6.79,6.78,6.89,6.9,6.91,6.92,6.93,6.94,6.95,6.97,6.98,6.99,3300,4300,800,1800,20500,7900,15000,30400,15200,18000,2200,5000,6200,10900,10000,3400,7000,1400,10800,24000
83.0,6.9,152400,1048243.0,6.9,6.88,6.87,6.86,6.85,6.83,6.82,6.81,6.8,6.79,6.91,6.92,6.93,6.94,6.95,6.97,6.98,6.99,7.0,7.01,13900,3000,4300,800,1800,20500,7900,15000,30400,15200,6200,10900,10000,3400,7000,1400,10800,24000,17900,500
84.0,6.9,152500,1048933.0,6.9,6.88,6.87,6.86,6.85,6.83,6.82,6.81,6.8,6.79,6.91,6.92,6.93,6.94,6.95,6.97,6.98,6.99,7.0,7.01,18300,4400,4300,800,1800,20500,7900,15000,30400,15200,10400,10900,10000,3400,7000,1400,10800,24000,17900,500
85.0,6.9,152500,1048933.0,6.9,6.88,6.87,6.86,6.85,6.83,6.82,6.81,6.8,6.79,6.91,6.92,6.93,6.94,6.95,6.97,6.98,6.99,7.0,7.01,18300,4400,4300,800,1800,20500,7900,15000,30400,15200,10400,10900,10000,3400,7000,1400,10800,24000,17900,500
86.0,6.9,152700,1050313.0,6.9,6.88,6.87,6.86,6.85,6.84,6.83,6.82,6.81,6.8,6.91,6.92,6.93,6.94,6.95,6.97,6.98,6.99,7.0,7.01,20400,4400,4300,800,1800,6000,20500,7900,15000,30400,10400,10900,10000,3400,7000,1400,10800,24000,17900,500
87.0,6.9,156900,1079293.0,6.9,6.88,6.87,6.86,6.85,6.84,6.83,6.82,6.81,6.8,6.91,6.92,6.93,6.94,6.95,6.97,6.98,6.99,7.0,7.01,16200,4400,4300,800,1800,6000,20600,7900,15000,30400,10400,10900,10000,3400,7000,1400,10800,24000,17900,500
88.0,6.9,158300,1088953.0,6.9,6.88,6.87,6.86,6.85,6.84,6.83,6.82,6.81,6.8,6.91,6.92,6.93,6.94,6.95,6.97,6.98,6.99,7.0,7.01,14800,4400,4300,800,1800,6000,20600,7900,15000,30400,10400,10900,10000,3400,7000,1400,10800,24000,17900,500
89.0,6.9,161400,1110343.0,6.9,6.88,6.87,6.86,6.85,6.84,6.83,6.82,6.81,6.8,6.91,6.92,6.93,6.94,6.95,6.97,6.98,6.99,7.0,7.01,14900,4400,4300,800,1800,6000,20600,7900,15000,30400,10400,10900,10000,3400,7000,1400,10800,24000,17900,500
90.0,6.9,169000,1162783.0,6.9,6.88,6.87,6.86,6.85,6.84,6.83,6.82,6.81,6.8,6.91,6.92,6.93,6.94,6.95,6.97,6.98,6.99,7.0,7.01,7500,4400,4300,800,1800,6000,20600,7900,15000,30400,6600,10900,10000,3400,7000,1400,129900,24000,17900,500
91.0,6.9,169100,1163473.0,6.9,6.88,6.87,6.86,6.85,6.84,6.83,6.82,6.81,6.8,6.91,6.92,6.93,6.94,6.95,6.97,6.98,6.99,7.0,7.01,7400,4400,4300,800,1800,6000,20600,7900,15000,30400,10000,10900,10000,3400,7000,1400,129900,24000,18400,500
92.0,6.9,170300,1171763.0,6.9,6.88,6.87,6.86,6.85,6.84,6.83,6.82,6.81,6.8,6.91,6.92,6.93,6.94,6.95,6.97,6.98,6.99,7.0,7.01,7200,4500,4300,800,1800,6000,20600,7900,15000,30400,9000,10900,10000,3400,7000,1400,129900,24000,18400,500
93.0,6.9,177500,1221443.0,6.88,6.87,6.86,6.85,6.84,6.83,6.82,6.81,6.8,6.79,6.89,6.9,6.91,6.92,6.93,6.94,6.95,6.97,6.98,6.99,4500,4300,800,1800,6000,20600,7900,15000,30400,15200,800,18900,9000,10900,10000,3400,7000,1400,129900,24000
94.0,6.89,177600,1222132.0,6.88,6.87,6.86,6.85,6.84,6.83,6.82,6.81,6.8,6.79,6.89,6.9,6.91,6.92,6.93,6.94,6.95,6.97,6.98,6.99,4500,4300,800,1800,6000,20600,7900,15000,30400,15200,700,19100,9000,10900,10000,3400,7000,1400,129900,24000
95.0,6.9,179300,1233847.0,6.88,6.87,6.86,6.85,6.84,6.83,6.82,6.81,6.8,6.79,6.9,6.91,6.92,6.93,6.94,6.95,6.97,6.98,6.99,7.0,4100,4300,800,1800,6000,20600,7900,15000,30400,15200,18600,9000,10900,10000,3400,7000,1400,129900,24000,18400
96.0,6.9,179300,1233847.0,6.88,6.87,6.86,6.85,6.84,6.83,6.82,6.81,6.8,6.79,6.9,6.91,6.92,6.93,6.94,6.95,6.97,6.98,6.99,7.0,4100,4300,800,1800,6000,20600,7900,15000,30400,15200,18600,9000,10900,10000,3400,7000,1400,129900,24000,18400
97.0,6.9,180600,1242809.0,6.88,6.87,6.86,6.85,6.84,6.83,6.82,6.81,6.8,6.79,6.9,6.91,6.92,6.93,6.94,6.95,6.97,6.98,6.99,7.0,3700,4300,800,1800,6000,20600,7900,15000,30400,15200,17700,9000,10900,10000,3400,7000,1400,129900,24000,18400
98.0,6.9,184800,1271789.0,6.88,6.87,6.86,6.85,6.84,6.83,6.82,6.81,6.8,6.79,6.9,6.91,6.92,6.93,6.94,6.95,6.97,6.98,6.99,7.0,3700,4300,800,1800,6000,20600,7900,15000,30400,15200,15500,9000,10900,10000,3400,7000,1400,129900,24000,18400
99.0,6.9,186200,1281449.0,6.88,6.87,6.86,6.85,6.84,6.83,6.82,6.81,6.8,6.79,6.9,6.91,6.92,6.93,6.94,6.95,6.97,6.98,6.99,7.0,3700,4300,800,1800,6000,20600,7900,15000,30400,15200,14100,9000,10900,10000,3400,7000,1400,129900,24000,18400
100.0,6.88,186500,1283513.0,6.88,6.87,6.86,6.85,6.84,6.83,6.82,6.81,6.8,6.79,6.9,6.91,6.92,6.93,6.94,6.95,6.97,6.98,6.99,7.0,3400,4300,800,1800,6000,20600,7900,15000,30400,15200,14100,9000,10900,10000,3400,7000,1400,129900,22900,18400
101.0,6.9,190900,1313873.0,6.89,6.88,6.87,6.86,6.85,6.84,6.83,6.82,6.81,6.8,6.9,6.91,6.92,6.93,6.94,6.95,6.97,6.98,6.99,7.0,3600,3400,4300,800,1800,6000,20600,7900,15000,30400,11100,9000,10900,10000,3400,7000,1400,129900,22900,18400
102.0,6.89,191200,1315940.0,6.89,6.88,6.87,6.86,6.85,6.84,6.83,6.82,6.81,6.8,6.9,6.91,6.92,6.93,6.94,6.95,6.97,6.98,6.99,7.0,3400,3400,4300,800,1800,6000,20600,7900,15000,30400,11200,9000,10900,10000,3400,7000,1400,129900,22900,18400
103.0,6.9,193700,1333187.0,6.89,6.88,6.87,6.86,6.85,6.84,6.83,6.82,6.81,6.8,6.9,6.91,6.92,6.93,6.94,6.95,6.97,6.98,6.99,7.0,3100,3400,4300,800,1800,6000,20600,7900,15000,30400,9000,9000,10900,10000,3400,7000,1400,129900,22900,18400
104.0,6.9,196200,1350437.0,6.89,6.88,6.87,6.86,6.85,6.84,6.83,6.82,6.81,6.8,6.9,6.91,6.92,6.93,6.94,6.95,6.97,6.98,6.99,7.0,7800,3400,4300,800,1800,6000,20600,7900,15000,30400,6500,9000,10900,10000,3400,7000,1400,129900,22900,18400
105.0,6.9,198200,1364237.0,6.89,6.88,6.87,6.86,6.85,6.84,6.83,6.82,6.81,6.8,6.9,6.91,6.92,6.93,6.94,6.95,6.97,6.98,6.99,7.0,8700,3400,4300,800,1800,6000,20600,7900,14300,30400,4500,9000,10900,10000,3400,7000,1400,129900,22900,18400
106.0,6.89,199000,1369749.0,6.89,6.88,6.87,6.86,6.85,6.84,6.83,6.82,6.81,6.8,6.9,6.91,6.92,6.93,6.94,6.95,6.97,6.98,6.99,7.0,7900,3400,4300,800,1800,6000,20600,7900,14300,30400,4500,9000,10900,10000,3400,7000,1400,129900,43900,18400
107.0,6.9,203500,1400799.0,6.9,6.89,6.88,6.87,6.86,6.85,6.84,6.83,6.82,6.81,6.91,6.92,6.93,6.94,6.95,6.97,6.98,6.99,7.0,7.01,1500,7900,9100,2500,800,1800,6000,20600,7900,14300,9000,10900,10000,3400,7000,1400,129900,43900,18400,500
108.0,6.9,203500,1400799.0,6.9,6.89,6.88,6.87,6.86,6.85,6.84,6.83,6.82,6.81,6.91,6.92,6.93,6.94,6.95,6.97,6.98,6.99,7.0,7.01,1500,7900,9100,2500,800,1800,6000,20600,7900,14300,9000,10900,10000,3400,7000,1400,129900,43900,18400,500
109.0,6.9,203600,1401489.0,6.9,6.89,6.88,6.87,6.86,6.85,6.84,6.83,6.82,6.81,6.91,6.92,6.93,6.94,6.95,6.97,6.98,6.99,7.0,7.01,1400,8200,11100,2500,800,1800,6000,20600,7900,14300,9000,10900,10000,3400,7000,1400,129900,43900,18400,500
110.0,6.91,205400,1413927.0,6.9,6.89,6.88,6.87,6.86,6.85,6.84,6.83,6.82,6.81,6.91,6.92,6.93,6.94,6.95,6.97,6.98,6.99,7.0,7.01,4800,6500,11100,2500,800,1800,6000,20600,7900,14300,7200,10900,13000,3400,7000,1400,129900,43900,18400,500
111.0,6.91,205400,1413927.0,6.9,6.89,6.88,6.87,6.86,6.85,6.84,6.83,6.82,6.81,6.91,6.92,6.93,6.94,6.95,6.97,6.98,6.99,7.0,7.01,5800,6500,10300,2500,800,1800,6000,20600,7900,14300,9200,10900,13000,3400,7000,1400,129900,43900,18400,500
112.0,6.91,205400,1413927.0,6.9,6.89,6.88,6.87,6.86,6.85,6.84,6.83,6.82,6.81,6.91,6.92,6.93,6.94,6.95,6.97,6.98,6.99,7.0,7.01,5800,6500,10300,2500,800,1800,6000,20600,7900,14300,9200,10900,13000,3400,7000,1400,129900,43900,18400,500
113.0,6.91,205400,1413927.0,6.9,6.89,6.88,6.87,6.86,6.85,6.84,6.83,6.82,6.81,6.91,6.92,6.93,6.94,6.95,6.97,6.98,6.99,7.0,7.01,5800,6400,10300,2500,800,1800,6000,20600,7900,14300,9200,10900,13000,3400,7000,1400,129900,43900,18400,500
114.0,6.91,205400,1413927.0,6.9,6.89,6.88,6.87,6.86,6.85,6.84,6.83,6.82,6.81,6.91,6.92,6.93,6.94,6.95,6.97,6.98,6.99,7.0,7.01,5800,6400,10300,2500,800,1800,6000,20600,7900,14300,9200,10900,13000,3400,7000,2900,129900,43900,18400,500
115.0,6.9,205500,1414617.0,6.9,6.89,6.88,6.87,6.86,6.85,6.84,6.83,6.82,6.81,6.91,6.92,6.93,6.94,6.95,6.97,6.98,6.99,7.0,7.01,5700,6400,12300,2500,800,1800,6000,20600,7900,14300,9200,10900,13000,3400,7000,2900,129900,43900,18400,500
116.0,6.91,205700,1415999.0,6.9,6.89,6.88,6.87,6.86,6.85,6.84,6.83,6.82,6.81,6.91,6.92,6.93,6.94,6.95,6.97,6.98,6.99,7.0,7.01,5700,6400,12300,2500,800,1800,6000,20600,7900,14300,9000,10900,13000,3400,7000,2900,129900,43900,18400,500
117.0,6.91,205700,1415999.0,6.9,6.89,6.88,6.87,6.86,6.85,6.84,6.83,6.82,6.81,6.91,6.92,6.93,6.94,6.95,6.97,6.98,6.99,7.0,7.01,6800,6300,12300,2500,800,1800,6000,20600,7900,14300,9000,10900,13000,3400,7000,2900,129900,43900,18400,500
118.0,6.91,205700,1415999.0,6.9,6.89,6.88,6.87,6.86,6.85,6.84,6.83,6.82,6.81,6.91,6.92,6.93,6.94,6.95,6.97,6.98,6.99,7.0,7.01,6800,6300,12300,2500,800,1800,6000,20600,7900,14300,9000,10900,13000,3400,7000,2900,129900,43900,18400,500
119.0,6.9,206400,1420829.0,6.9,6.89,6.88,6.87,6.86,6.85,6.84,6.83,6.82,6.81,6.91,6.92,6.93,6.94,6.95,6.97,6.98,6.99,7.0,7.01,6100,6300,12300,1700,800,1800,6000,20600,7900,14300,9000,10900,13000,3400,7000,2900,129900,43900,18400,500
120.0,6.9,206600,1422210.0,6.9,6.89,6.88,6.87,6.86,6.85,6.84,6.83,6.82,6.81,6.91,6.92,6.93,6.94,6.95,6.97,6.98,6.99,7.0,7.01,6000,6300,12300,1700,800,1800,6000,20600,7900,14300,8900,10900,13000,3400,7000,2900,129900,43900,18400,500
121.0,6.9,206600,1422210.0,6.9,6.89,6.88,6.87,6.86,6.85,6.84,6.83,6.82,6.81,6.91,6.92,6.93,6.94,6.95,6.97,6.98,6.99,7.0,7.01,6000,7000,12300,1700,800,1800,6000,20600,7900,14300,8900,10900,13000,3400,6700,2900,129900,43900,18400,500
122.0,6.91,215400,1483006.0,6.9,6.89,6.88,6.87,6.86,6.85,6.84,6.83,6.82,6.81,6.91,6.92,6.93,6.94,6.95,6.97,6.98,6.99,7.0,7.01,5100,7000,12300,1300,800,1800,6000,20600,7900,14300,1300,10900,13000,3400,6700,2900,129900,43900,18400,500
123.0,6.91,216900,1493366.0,6.9,6.89,6.88,6.87,6.86,6.85,6.84,6.83,6.82,6.81,6.91,6.92,6.93,6.94,6.95,6.97,6.98,6.99,7.0,7.01,4600,7000,12300,1300,800,1800,6000,20600,7900,14300,300,10900,13000,3400,6700,2900,129900,43900,18400,500
124.0,6.91,216900,1493366.0,6.9,6.89,6.88,6.87,6.86,6.85,6.84,6.83,6.82,6.81,6.91,6.92,6.93,6.94,6.95,6.97,6.98,6.99,7.0,7.01,4600,7000,12300,1300,800,1800,6000,20600,7900,14300,300,10900,13000,3400,6700,2900,129900,43900,18400,500
125.0,6.91,217400,1496821.0,6.91,6.9,6.89,6.88,6.87,6.86,6.85,6.84,6.83,6.82,6.92,6.93,6.94,6.95,6.97,6.98,6.99,7.0,7.01,7.02,700,4600,7000,12300,1300,800,1800,6000,20600,7900,10900,13000,3400,6700,2900,129900,43900,18400,500,29900
126.0,6.91,217400,1496821.0,6.91,6.9,6.89,6.88,6.87,6.86,6.85,6.84,6.83,6.82,6.92,6.93,6.94,6.95,6.97,6.98,6.99,7.0,7.01,7.02,700,4600,7000,12300,1300,800,1800,6000,20600,7900,10900,13000,3400,6700,2900,129900,43900,18400,500,29900
127.0,6.91,218100,1501658.0,6.91,6.9,6.89,6.88,6.87,6.86,6.85,6.84,6.83,6.82,6.92,6.93,6.94,6.95,6.97,6.98,6.99,7.0,7.01,7.02,800,4600,7000,12300,1300,800,1800,6000,20600,7900,10200,13000,3400,6700,2900,129900,43900,18400,500,29900
128.0,6.91,220600,1518933.0,6.91,6.9,6.89,6.88,6.87,6.86,6.85,6.84,6.83,6.82,6.92,6.93,6.94,6.95,6.97,6.98,6.99,7.0,7.01,7.02,2800,4500,4800,12300,1000,800,1800,6000,20600,7900,10200,13000,3400,6700,2900,129900,43900,18400,500,29900
129.0,6.91,220600,1518933.0,6.91,6.9,6.89,6.88,6.87,6.86,6.85,6.84,6.83,6.82,6.92,6.93,6.94,6.95,6.97,6.98,6.99,7.0,7.01,7.02,3500,4500,4800,12300,1000,800,1800,6000,20600,7900,10200,13000,3400,6700,2900,129900,43900,18400,500,29900
130.0,6.92,223500,1538998.0,6.91,6.9,6.89,6.88,6.87,6.86,6.85,6.84,6.83,6.82,6.92,6.93,6.94,6.95,6.97,6.98,6.99,7.0,7.01,7.02,3200,4500,4800,12300,1000,800,1800,6000,20600,7900,7600,13000,3400,6700,2900,129900,43900,18400,500,29900
131.0,6.91,229300,1579076.0,6.91,6.9,6.89,6.88,6.87,6.86,6.85,6.84,6.83,6.82,6.92,6.93,6.94,6.95,6.97,6.98,6.99,7.0,7.01,7.02,800,4500,2000,12300,1000,800,1800,6000,20600,7900,7600,13000,3400,6700,2900,129900,43900,18400,500,29900
132.0,6.91,229300,1579076.0,6.91,6.9,6.89,6.88,6.87,6.86,6.85,6.84,6.83,6.82,6.92,6.93,6.94,6.95,6.97,6.98,6.99,7.0,7.01,7.02,800,4500,2000,12300,1000,800,1800,6000,20600,7900,7600,13000,3400,6700,2900,129900,43900,18400,500,29900
133.0,6.91,229600,1581149.0,6.91,6.9,6.89,6.88,6.87,6.86,6.85,6.84,6.83,6.82,6.92,6.93,6.94,6.95,6.97,6.98,6.99,7.0,7.01,7.02,8000,4500,2000,12300,1000,800,1800,6000,20600,7900,7600,13000,3400,6700,2900,129900,39900,18400,500,29900
134.0,6.91,229800,1582531.0,6.91,6.9,6.89,6.88,6.87,6.86,6.85,6.84,6.83,6.82,6.92,6.93,6.94,6.95,6.97,6.98,6.99,7.0,7.01,7.02,16300,2300,2000,12300,1000,800,1800,6000,20600,7900,7600,13000,3400,6700,2900,129900,39900,18400,500,29900
135.0,6.91,229800,1582531.0,6.91,6.9,6.89,6.88,6.87,6.86,6.85,6.84,6.83,6.82,6.92,6.93,6.94,6.95,6.97,6.98,6.99,7.0,7.01,7.02,16300,2300,2000,12300,1000,800,1800,6000,20600,7900,7600,13000,3400,6700,2900,129900,39900,18400,500,29900
136.0,6.91,231200,1592205.0,6.91,6.9,6.89,6.88,6.87,6.86,6.85,6.84,6.83,6.82,6.92,6.93,6.94,6.95,6.97,6.98,6.99,7.0,7.01,7.02,14900,2300,2000,12300,1000,800,1800,6000,20600,7900,7600,13000,3400,6700,2900,129900,39900,18400,500,29900
137.0,6.91,233400,1607409.0,6.91,6.9,6.89,6.88,6.87,6.86,6.85,6.84,6.83,6.82,6.92,6.93,6.94,6.95,6.97,6.98,6.99,7.0,7.01,7.02,12900,2300,2000,12300,1000,800,1800,6000,20600,7900,7400,13000,3400,6700,2900,129900,39900,18400,500,29900
138.0,6.91,234600,1615701.0,6.91,6.9,6.89,6.88,6.87,6.86,6.85,6.84,6.83,6.82,6.92,6.93,6.94,6.95,6.97,6.98,6.99,7.0,7.01,7.02,11700,2300,2000,12300,1000,800,1800,6000,20600,7900,7400,13000,3400,6700,2900,129900,39900,18400,500,29900
139.0,6.91,236100,1626066.0,6.91,6.9,6.89,6.88,6.87,6.86,6.85,6.84,6.83,6.82,6.92,6.93,6.94,6.95,6.97,6.98,6.99,7.0,7.01,7.02,10200,2300,2000,12300,1000,800,1800,6000,20600,7900,7400,13000,3400,6700,2900,129900,39900,18400,500,29900
140.0,6.9,248600,1712418.0,6.89,6.88,6.87,6.86,6.85,6.84,6.83,6.82,6.81,6.8,6.9,6.91,6.92,6.93,6.94,6.95,6.97,6.98,6.99,7.0,2000,12300,1000,800,1800,6000,20600,7900,11300,50200,7800,9300,7400,13000,3400,6700,2900,129900,39900,18400
141.0,6.9,248600,1712418.0,6.89,6.88,6.87,6.86,6.85,6.84,6.83,6.82,6.81,6.8,6.9,6.91,6.92,6.93,6.94,6.95,6.97,6.98,6.99,7.0,2000,12300,1000,800,1800,6000,20600,7900,11300,50200,7800,9300,7400,13000,3400,6700,2900,129900,39900,18400
142.0,6.9,256000,1763478.0,6.89,6.88,6.87,6.86,6.85,6.84,6.83,6.82,6.81,6.8,6.9,6.91,6.92,6.93,6.94,6.95,6.97,6.98,6.99,7.0,2000,12300,1000,800,1800,6000,20600,7900,11300,50200,400,10300,8800,13500,3400,6700,2900,129900,39900,18400
143.0,6.9,256800,1768996.0,6.9,6.89,6.88,6.87,6.86,6.85,6.84,6.83,6.82,6.81,6.91,6.92,6.93,6.94,6.95,6.97,6.98,6.99,7.0,7.01,3600,1800,12300,1000,800,1800,6000,20600,7900,11300,11400,9000,13500,3400,6700,2900,129900,39900,18400,500
144.0,6.91,257800,1775906.0,6.9,6.89,6.88,6.87,6.86,6.85,6.84,6.83,6.82,6.81,6.91,6.92,6.93,6.94,6.95,6.97,6.98,6.99,7.0,7.01,3600,1800,12300,1000,800,1800,6000,20600,7900,11300,11300,9000,13500,3400,6700,2900,129900,39900,18400,500
145.0,6.9,258500,1780736.0,6.9,6.89,6.88,6.87,6.86,6.85,6.84,6.83,6.82,6.81,6.91,6.92,6.93,6.94,6.95,6.97,6.98,6.99,7.0,7.01,2900,1800,12300,1000,800,1800,6000,20600,7900,11300,11300,9000,13500,3400,6700,2900,129900,39900,18400,500
146.0,6.9,258700,1782116.0,6.9,6.89,6.88,6.87,6.86,6.85,6.84,6.83,6.82,6.81,6.91,6.92,6.93,6.94,6.95,6.97,6.98,6.99,7.0,7.01,2700,1800,12300,1000,800,1800,6000,20600,7900,11300,11300,9000,13500,3400,6700,2900,129900,39900,18400,500
147.0,6.9,258700,1782116.0,6.9,6.89,6.88,6.87,6.86,6.85,6.84,6.83,6.82,6.81,6.91,6.92,6.93,6.94,6.95,6.97,6.98,6.99,7.0,7.01,2700,1800,12300,1000,800,1800,6000,20600,7900,11300,11300,9000,13500,3400,6700,2900,129900,39900,18400,500
148.0,6.9,260600,1795226.0,6.9,6.89,6.88,6.87,6.86,6.85,6.84,6.83,6.82,6.81,6.91,6.92,6.93,6.94,6.95,6.97,6.98,6.99,7.0,7.01,800,1800,12300,1000,800,1800,6000,20600,7900,11300,11500,9000,13500,3400,6700,2900,129900,39900,18400,500
149.0,6.9,260800,1796606.0,6.9,6.89,6.88,6.87,6.86,6.85,6.84,6.83,6.82,6.81,6.91,6.92,6.93,6.94,6.95,6.97,6.98,6.99,7.0,7.01,4100,1800,13400,1000,800,1800,6000,20600,7900,11300,11500,9000,13500,3400,6700,2900,129900,39900,18400,500
150.0,6.91,264700,1823546.0,6.9,6.89,6.88,6.87,6.86,6.85,6.84,6.83,6.82,6.81,6.91,6.92,6.93,6.94,6.95,6.97,6.98,6.99,7.0,7.01,3200,1800,13400,1000,800,1800,6000,20600,7900,11300,9200,9000,13500,3400,6700,2900,129900,39900,18400,500
151.0,6.9,265200,1826996.0,6.9,6.89,6.88,6.87,6.86,6.85,6.84,6.83,6.82,6.81,6.91,6.92,6.93,6.94,6.95,6.97,6.98,6.99,7.0,7.01,2700,1800,13400,1000,800,1800,6000,20600,7900,11300,9100,9000,13500,3400,6700,2900,129900,39900,18400,500
152.0,6.91,267400,1842178.0,6.9,6.89,6.88,6.87,6.86,6.85,6.84,6.83,6.82,6.81,6.91,6.92,6.93,6.94,6.95,6.97,6.98,6.99,7.0,7.01,700,1800,13400,1000,800,1800,6000,20600,7900,11300,17600,9000,14000,3400,6700,2900,129900,39900,18400,500
153.0,6.91,267400,1842178.0,6.9,6.89,6.88,6.87,6.86,6.85,6.84,6.83,6.82,6.81,6.91,6.92,6.93,6.94,6.95,6.97,6.98,6.99,7.0,7.01,700,1800,13400,1000,800,1800,6000,20600,7900,11300,17600,9000,14000,3400,6700,2900,129900,39900,18400,500
154.0,6.9,268700,1851157.0,6.9,6.89,6.88,6.87,6.86,6.85,6.84,6.83,6.82,6.81,6.91,6.92,6.93,6.94,6.95,6.97,6.98,6.99,7.0,7.01,300,1800,13400,1000,1600,1800,6000,20600,7900,11300,16700,11000,14000,3400,6700,2900,129900,39900,18400,500
155.0,6.9,268700,1851157.0,6.9,6.89,6.88,6.87,6.86,6.85,6.84,6.83,6.82,6.81,6.91,6.92,6.93,6.94,6.95,6.97,6.98,6.99,7.0,7.01,300,1800,13400,1000,1600,1800,6000,20600,7900,11300,16700,11000,14000,3400,6700,2900,130900,39900,18400,500
156.0,6.9,268700,1851157.0,6.9,6.89,6.88,6.87,6.86,6.85,6.84,6.83,6.82,6.81,6.91,6.92,6.93,6.94,6.95,6.97,6.98,6.99,7.0,7.01,500,1800,13400,1000,1600,1800,6000,20600,7900,11300,16700,11000,14000,3400,6700,2900,130900,39900,18400,500
157.0,6.9,268700,1851157.0,6.9,6.89,6.88,6.87,6.86,6.85,6.84,6.83,6.82,6.81,6.91,6.92,6.93,6.94,6.95,6.97,6.98,6.99,7.0,7.01,500,1800,13400,1000,1600,1800,6000,20600,7900,11300,16700,11000,14000,3400,6700,2900,130900,39900,18400,500
158.0,6.91,270300,1862213.0,6.9,6.89,6.88,6.87,6.86,6.85,6.84,6.83,6.82,6.81,6.91,6.92,6.93,6.94,6.95,6.97,6.98,6.99,7.0,7.01,1000,1800,13400,1000,1600,1800,6000,20600,7900,11300,15100,11000,15000,3400,6700,2900,130900,39900,18400,500
159.0,6.91,270800,1865668.0,6.9,6.89,6.88,6.87,6.86,6.85,6.84,6.83,6.82,6.81,6.91,6.92,6.93,6.94,6.95,6.97,6.98,6.99,7.0,7.01,1000,1800,13400,1000,1600,1800,6000,20600,7900,11300,14600,11000,15000,3400,6700,2900,130900,39900,18400,500
160.0,6.9,271000,1867048.0,6.9,6.89,6.88,6.87,6.86,6.85,6.84,6.83,6.82,6.81,6.91,6.92,6.93,6.94,6.95,6.97,6.98,6.99,7.0,7.01,900,1800,13400,1000,1600,1800,6000,20600,7900,11300,14600,11000,15000,3400,6700,2900,130900,39900,18400,500
161.0,6.91,271900,1873267.0,6.9,6.89,6.88,6.87,6.86,6.85,6.84,6.83,6.82,6.81,6.91,6.92,6.93,6.94,6.95,6.97,6.98,6.99,7.0,7.01,900,1800,12300,1000,1600,1800,6000,20600,7900,11300,13700,11000,15000,3400,6700,2900,130900,39900,18400,500
162.0,6.91,271900,1873267.0,6.9,6.89,6.88,6.87,6.86,6.85,6.84,6.83,6.82,6.81,6.91,6.92,6.93,6.94,6.95,6.97,6.98,6.99,7.0,7.01,900,1800,12300,1000,1600,1800,6000,20600,7900,11300,13700,11000,15000,3400,6700,2900,130900,39900,18800,500
163.0,6.91,271900,1873267.0,6.9,6.89,6.88,6.87,6.86,6.85,6.84,6.83,6.82,6.81,6.91,6.92,6.93,6.94,6.95,6.97,6.98,6.99,7.0,7.01,900,1800,12300,1000,1600,1800,6000,20600,7900,11300,13700,11000,15000,3400,6700,2900,130900,39900,18800,500
164.0,6.9,272800,1879477.0,6.89,6.88,6.87,6.86,6.85,6.84,6.83,6.82,6.81,6.8,6.9,6.91,6.92,6.93,6.94,6.95,6.97,6.98,6.99,7.0,1800,12300,1000,1600,1800,6000,20600,7900,7800,50200,3900,13700,11000,15000,3400,6700,2900,130900,39900,18800
165.0,6.9,272800,1879477.0,6.89,6.88,6.87,6.86,6.85,6.84,6.83,6.82,6.81,6.8,6.9,6.91,6.92,6.93,6.94,6.95,6.97,6.98,6.99,7.0,1800,12300,1000,1600,1800,6000,20600,7900,7800,50200,53700,13700,11000,15000,3400,6700,2900,130900,39900,18800
166.0,6.89,273000,1880855.0,6.89,6.88,6.87,6.86,6.85,6.84,6.83,6.82,6.81,6.8,6.9,6.91,6.92,6.93,6.94,6.95,6.97,6.98,6.99,7.0,1600,12300,1000,1600,1800,6000,20600,7900,7800,50200,53700,13700,11000,15000,3400,6700,2900,130900,39900,18800
167.0,6.9,274000,1887755.0,6.89,6.88,6.87,6.86,6.85,6.84,6.83,6.82,6.81,6.8,6.9,6.91,6.92,6.93,6.94,6.95,6.97,6.98,6.99,7.0,5400,12300,1000,1600,1800,6000,20600,7900,7800,50200,52700,13700,11000,15000,3400,6700,2900,130900,39900,18800
168.0,6.9,275200,1896025.0,6.89,6.88,6.87,6.86,6.85,6.84,6.83,6.82,6.81,6.8,6.9,6.91,6.92,6.93,6.94,6.95,6.97,6.98,6.99,7.0,4400,12300,1000,1600,1800,6000,20600,7900,7800,50200,52500,13700,11000,15000,3400,6700,2900,130900,39900,18800
169.0,6.9,275200,1896025.0,6.89,6.88,6.87,6.86,6.85,6.84,6.83,6.82,6.81,6.8,6.9,6.91,6.92,6.93,6.94,6.95,6.97,6.98,6.99,7.0,4400,12300,1000,1600,1800,6000,20600,7900,7800,50200,52500,13700,11000,15000,3700,6700,2900,130900,39900,18800
170.0,6.89,275600,1898781.0,6.89,6.88,6.87,6.86,6.85,6.84,6.83,6.82,6.81,6.8,6.9,6.91,6.92,6.93,6.94,6.95,6.97,6.98,6.99,7.0,4000,12300,1000,1600,1800,6000,20600,7900,7800,50200,52500,13700,11000,15000,3700,9700,2900,130900,39900,18800
171.0,6.9,276100,1902231.0,6.89,6.88,6.87,6.86,6.85,6.84,6.83,6.82,6.81,6.8,6.9,6.91,6.92,6.93,6.94,6.95,6.97,6.98,6.99,7.0,4000,12300,1000,1600,1800,6000,20600,7900,7800,50200,52000,13700,11000,15000,3700,9700,2900,130900,39900,18800
172.0,6.9,276400,1904301.0,6.89,6.88,6.87,6.86,6.85,6.84,6.83,6.82,6.81,6.8,6.9,6.91,6.92,6.93,6.94,6.95,6.97,6.98,6.99,7.0,4000,12300,1000,1600,1800,6000,20600,7900,7800,50200,51700,13700,11000,15000,3700,9700,2900,130900,39900,18800
173.0,6.89,276800,1907057.0,6.89,6.88,6.87,6.86,6.85,6.84,6.83,6.82,6.81,6.8,6.9,6.91,6.92,6.93,6.94,6.95,6.97,6.98,6.99,7.0,5700,12700,1000,1600,1800,6000,20600,7900,7800,50200,51700,13700,11000,15000,3700,9700,2900,130900,39900,18800
174.0,6.89,276800,1907057.0,6.89,6.88,6.87,6.86,6.85,6.84,6.83,6.82,6.81,6.8,6.9,6.91,6.92,6.93,6.94,6.95,6.97,6.98,6.99,7.0,5700,12700,1000,1600,1800,6000,20600,7900,7800,50200,51700,13700,11000,15000,3700,9700,2900,130900,39900,18800
175.0,6.9,280300,1931207.0,6.89,6.88,6.87,6.86,6.85,6.84,6.83,6.82,6.81,6.8,6.9,6.91,6.92,6.93,6.94,6.95,6.97,6.98,6.99,7.0,5700,12700,1000,1600,1800,6000,20600,7900,7800,50200,48200,13700,13000,15000,4000,9700,2900,130900,39900,18800
176.0,6.89,280800,1934652.0,6.89,6.88,6.87,6.86,6.85,6.84,6.83,6.82,6.81,6.8,6.9,6.91,6.92,6.93,6.94,6.95,6.97,6.98,6.99,7.0,5700,12700,1000,1600,1800,6000,20600,7900,7800,50200,48200,13700,13000,15000,4000,9700,2900,130900,39900,18800
177.0,6.89,280800,1934652.0,6.89,6.88,6.87,6.86,6.85,6.84,6.83,6.82,6.81,6.8,6.9,6.91,6.92,6.93,6.94,6.95,6.97,6.98,6.99,7.0,5700,12700,1000,1600,1800,6000,20600,7900,7800,50200,48200,14200,13000,15000,4000,9700,2900,130900,39900,18800
178.0,6.89,280800,1934652.0,6.89,6.88,6.87,6.86,6.85,6.84,6.83,6.82,6.81,6.8,6.9,6.91,6.92,6.93,6.94,6.95,6.97,6.98,6.99,7.0,5700,12700,1000,1600,1800,6000,20600,7900,7800,50200,48200,14200,13000,15000,4000,9700,2900,130900,39900,18800
179.0,6.89,280800,1934652.0,6.89,6.88,6.87,6.86,6.85,6.84,6.83,6.82,6.81,6.8,6.9,6.91,6.92,6.93,6.94,6.95,6.97,6.98,6.99,7.0,5700,12700,1000,1600,1800,6000,20600,7900,7800,50200,48200,14200,13000,15000,41600,9700,2900,130900,39900,18800
180.0,6.9,317100,2185106.0,6.89,6.88,6.87,6.86,6.85,6.84,6.83,6.82,6.81,6.8,6.9,6.91,6.92,6.93,6.94,6.95,6.97,6.98,6.99,7.0,4200,12700,1000,1600,1800,6000,20600,7900,7800,50200,13500,14200,13000,15000,41600,9700,2900,130900,39900,18800
181.0,6.9,320200,2206496.0,6.89,6.88,6.87,6.86,6.85,6.84,6.83,6.82,6.81,6.8,6.9,6.91,6.92,6.93,6.94,6.95,6.97,6.98,6.99,7.0,4200,15200,1000,1600,1800,6000,20600,7900,7800,50200,10400,14200,13000,15000,41600,9700,2900,130900,39900,18800
182.0,6.9,325200,2240996.0,6.89,6.88,6.87,6.86,6.85,6.84,6.83,6.82,6.81,6.8,6.9,6.91,6.92,6.93,6.94,6.95,6.97,6.98,6.99,7.0,600,15200,1000,1600,1800,6000,20600,7900,7800,50200,5400,14200,13000,15000,41600,9700,2900,130900,39900,18800
183.0,6.9,325200,2240996.0,6.89,6.88,6.87,6.86,6.85,6.84,6.83,6.82,6.81,6.8,6.9,6.91,6.92,6.93,6.94,6.95,6.97,6.98,6.99,7.0,600,15200,1000,1600,1800,6000,20600,7900,7800,50200,5400,16200,13000,15000,41600,9700,2900,130900,39900,18800
184.0,6.9,325200,2240996.0,6.89,6.88,6.87,6.86,6.85,6.84,6.83,6.82,6.81,6.8,6.9,6.91,6.92,6.93,6.94,6.95,6.97,6.98,6.99,7.0,600,15200,1000,1600,1800,6000,20600,7900,7800,50200,5400,16200,13000,15000,41600,9700,2900,130900,39900,18800
185.0,6.9,325200,2240996.0,6.89,6.88,6.87,6.86,6.85,6.84,6.83,6.82,6.81,6.8,6.9,6.91,6.92,6.93,6.94,6.95,6.97,6.98,6.99,7.0,600,15200,1000,1600,1800,6000,20600,7900,7800,50200,5400,16200,13000,15000,41600,9700,2900,130900,39900,18800
186.0,6.9,325200,2240996.0,6.89,6.88,6.87,6.86,6.85,6.84,6.83,6.82,6.81,6.8,6.9,6.91,6.92,6.93,6.94,6.95,6.97,6.98,6.99,7.0,8400,15200,1000,1600,1800,6000,20700,7900,7800,50200,5400,16200,13000,15500,41600,9700,2900,130900,39900,18800
187.0,6.9,325200,2240996.0,6.89,6.88,6.87,6.86,6.85,6.84,6.83,6.82,6.81,6.8,6.9,6.91,6.92,6.93,6.94,6.95,6.97,6.98,6.99,7.0,8400,15200,1000,1600,1800,6000,20700,7900,7800,50200,5400,16200,13000,15500,41600,9700,2900,130900,39900,18800
188.0,6.9,325200,2240996.0,6.89,6.88,6.87,6.86,6.85,6.84,6.83,6.82,6.81,6.8,6.9,6.91,6.92,6.93,6.94,6.95,6.97,6.98,6.99,7.0,8400,15200,1000,1600,1800,6000,20700,7900,7800,50200,5400,16200,13000,15500,41600,9700,2900,130900,39900,18800
189.0,6.89,333600,2298872.0,6.88,6.87,6.86,6.85,6.84,6.83,6.82,6.81,6.8,6.79,6.89,6.9,6.91,6.92,6.93,6.94,6.95,6.97,6.98,6.99,15200,1000,1600,1800,6000,20700,7900,7800,50200,15200,2800,6300,31200,16500,15500,41600,9700,2900,130900,39900
190.0,6.89,333600,2298872.0,6.88,6.87,6.86,6.85,6.84,6.83,6.82,6.81,6.8,6.79,6.89,6.9,6.91,6.92,6.93,6.94,6.95,6.97,6.98,6.99,15200,1000,1600,1800,6000,20700,7900,4800,50200,15200,2800,7600,31200,16500,15500,41600,9700,2900,130900,39900
191.0,6.88,336500,2318824.0,6.88,6.87,6.86,6.85,6.84,6.83,6.82,6.81,6.8,6.79,6.89,6.9,6.91,6.92,6.93,6.94,6.95,6.97,6.98,6.99,12300,1000,1600,1800,6000,20700,7900,4800,50200,15200,2800,7800,31200,16500,15500,41600,9700,2900,130900,39900
192.0,6.88,337700,2327080.0,6.88,6.87,6.86,6.85,6.84,6.83,6.82,6.81,6.8,6.79,6.89,6.9,6.91,6.92,6.93,6.94,6.95,6.97,6.98,6.99,11100,1000,1600,1800,6000,20700,7900,4800,50200,15200,2800,7800,31200,16500,15500,41600,9700,2900,130900,39900
193.0,6.88,337700,2327080.0,6.88,6.87,6.86,6.85,6.84,6.83,6.82,6.81,6.8,6.79,6.89,6.9,6.91,6.92,6.93,6.94,6.95,6.97,6.98,6.99,11100,1000,1600,1800,6000,20700,7900,4800,50200,15200,2800,7800,31200,16500,15500,41600,9700,2900,130900,39900
194.0,6.88,337700,2327080.0,6.88,6.87,6.86,6.85,6.84,6.83,6.82,6.81,6.8,6.79,6.89,6.9,6.91,6.92,6.93,6.94,6.95,6.97,6.98,6.99,11100,1000,1600,1800,6000,20700,7900,4800,50200,15200,2800,7800,31200,16500,15500,41600,9700,2900,130900,39900
195.0,6.88,338800,2334648.0,6.88,6.87,6.86,6.85,6.84,6.83,6.82,6.81,6.8,6.79,6.89,6.9,6.91,6.92,6.93,6.94,6.95,6.97,6.98,6.99,10000,1000,1600,1800,6000,20700,7900,4800,50200,15200,2800,7800,31200,16500,15500,41600,9700,2900,130900,39900
196.0,6.88,339800,2341528.0,6.88,6.87,6.86,6.85,6.84,6.83,6.82,6.81,6.8,6.79,6.89,6.9,6.91,6.92,6.93,6.94,6.95,6.97,6.98,6.99,9000,1000,1600,1800,6000,20700,7900,4800,50200,15200,3800,7800,31200,15100,15500,41600,9700,2900,130900,39900
197.0,6.88,339800,2341528.0,6.88,6.87,6.86,6.85,6.84,6.83,6.82,6.81,6.8,6.79,6.89,6.9,6.91,6.92,6.93,6.94,6.95,6.97,6.98,6.99,9000,1000,1600,1800,6000,20700,7900,4800,50200,15200,3800,7800,31200,15100,15500,41600,9700,2900,130900,39900
198.0,6.88,340700,2347720.0,6.88,6.87,6.86,6.85,6.84,6.83,6.82,6.81,6.8,6.79,6.89,6.9,6.91,6.92,6.93,6.94,6.95,6.97,6.98,6.99,8100,1000,1600,1800,6000,20700,7900,4800,50200,15200,3800,7800,31200,15100,15500,41600,9700,2900,130900,39900
199.0,6.88,340700,2347720.0,6.88,6.87,6.86,6.85,6.84,6.83,6.82,6.81,6.8,6.79,6.89,6.9,6.91,6.92,6.93,6.94,6.95,6.97,6.98,6.99,8100,1000,1600,1800,6000,20700,7900,4800,50200,15200,3900,13700,31200,15100,15500,41600,9700,2900,130900,39900
200.0,6.88,340700,2347720.0,6.88,6.87,6.86,6.85,6.84,6.83,6.82,6.81,6.8,6.79,6.89,6.9,6.91,6.92,6.93,6.94,6.95,6.97,6.98,6.99,8100,1000,1600,1800,6000,20700,7900,4800,50200,15200,3900,13700,31200,15100,15500,41600,9700,2900,130900,39900
201.0,6.88,341500,2353224.0,6.88,6.87,6.86,6.85,6.84,6.83,6.82,6.81,6.8,6.79,6.89,6.9,6.91,6.92,6.93,6.94,6.95,6.97,6.98,6.99,6900,1000,1600,1800,6000,20700,7900,4800,50200,15200,3900,13700,31200,15100,15500,41600,9700,2900,130900,39900
202.0,6.89,342200,2358047.0,6.88,6.87,6.86,6.85,6.84,6.83,6.82,6.81,6.8,6.79,6.89,6.9,6.91,6.92,6.93,6.94,6.95,6.97,6.98,6.99,18200,1000,1600,1800,6000,20700,7900,4800,50200,15200,3200,13700,31200,15100,15500,41600,9700,2900,130900,39900
203.0,6.89,346900,2390387.0,6.88,6.87,6.86,6.85,6.84,6.83,6.82,6.81,6.8,6.79,6.89,6.9,6.91,6.92,6.93,6.94,6.95,6.97,6.98,6.99,13900,1000,1600,1800,6000,20700,7900,4800,50200,15200,3300,13700,31200,15100,15500,41600,9700,2900,130900,39900
204.0,6.89,346900,2390387.0,6.88,6.87,6.86,6.85,6.84,6.83,6.82,6.81,6.8,6.79,6.89,6.9,6.91,6.92,6.93,6.94,6.95,6.97,6.98,6.99,13900,1000,1600,1800,6000,20700,7900,4800,50200,15200,3300,13700,31200,15100,15500,41600,9700,2900,130900,39900
205.0,6.88,348200,2399331.0,6.88,6.87,6.86,6.85,6.84,6.83,6.82,6.81,6.8,6.79,6.89,6.9,6.91,6.92,6.93,6.94,6.95,6.97,6.98,6.99,12600,1000,1600,1800,6000,20700,7900,4800,50200,15200,3300,13700,31200,15100,15500,41600,9700,2900,130900,39900
206.0,6.88,348200,2399331.0,6.88,6.87,6.86,6.85,6.84,6.83,6.82,6.81,6.8,6.79,6.89,6.9,6.91,6.92,6.93,6.94,6.95,6.97,6.98,6.99,12600,1000,1600,1800,6000,20700,7900,4800,50200,15200,3300,13700,31200,15100,15500,41600,9700,2900,130900,39900
207.0,6.88,348200,2399331.0,6.88,6.87,6.86,6.85,6.84,6.83,6.82,6.81,6.8,6.79,6.89,6.9,6.91,6.92,6.93,6.94,6.95,6.97,6.98,6.99,12600,1000,1600,1800,6000,20700,7900,4800,50200,15200,3300,13700,31200,15100,15500,41600,9700,2900,130900,39900
208.0,6.88,349400,2407587.0,6.88,6.87,6.86,6.85,6.84,6.83,6.82,6.81,6.8,6.79,6.89,6.9,6.91,6.92,6.93,6.94,6.95,6.97,6.98,6.99,11400,1000,1600,1800,6000,20700,7900,4800,50200,15200,3300,13700,31200,15100,15500,41600,9700,2900,130900,39900
209.0,6.88,349400,2407587.0,6.88,6.87,6.86,6.85,6.84,6.83,6.82,6.81,6.8,6.79,6.89,6.9,6.91,6.92,6.93,6.94,6.95,6.97,6.98,6.99,11400,1000,1600,1800,6000,20700,7900,4800,50200,15200,3300,13700,31200,15100,15500,41600,9700,2900,130900,39900
210.0,6.88,349400,2407587.0,6.88,6.87,6.86,6.85,6.84,6.83,6.82,6.81,6.8,6.79,6.89,6.9,6.91,6.92,6.93,6.94,6.95,6.97,6.98,6.99,11400,1000,1600,1800,6000,20700,7900,4800,50200,15200,3300,13700,31200,15100,15500,41600,9700,2900,130900,39900
211.0,6.89,362900,2500580.0,6.88,6.87,6.86,6.85,6.84,6.83,6.82,6.81,6.8,6.79,6.89,6.9,6.91,6.92,6.93,6.94,6.95,6.97,6.98,6.99,9200,1000,1600,1800,6000,20700,7900,4800,50200,15200,12700,12500,31200,15100,15500,41600,9700,2900,130900,39900
212.0,6.89,363000,2501269.0,6.88,6.87,6.86,6.85,6.84,6.83,6.82,6.81,6.8,6.79,6.89,6.9,6.91,6.92,6.93,6.94,6.95,6.97,6.98,6.99,13800,1000,1600,1800,6000,20700,7900,4800,50200,15200,2400,12500,31200,15100,15500,41600,9700,2900,130900,39900
213.0,6.89,363000,2501269.0,6.88,6.87,6.86,6.85,6.84,6.83,6.82,6.81,6.8,6.79,6.89,6.9,6.91,6.92,6.93,6.94,6.95,6.97,6.98,6.99,13800,1000,1600,1800,6000,20700,7900,4800,50200,15200,2400,12500,31200,15100,15500,41600,9700,2900,130900,39900
214.0,6.88,365700,2519845.0,6.88,6.87,6.86,6.85,6.84,6.83,6.82,6.81,6.8,6.79,6.89,6.9,6.91,6.92,6.93,6.94,6.95,6.97,6.98,6.99,11100,1000,1600,1800,6000,20700,7900,4800,50200,15200,2400,12500,31200,15100,15500,41600,9700,2900,130900,39900
215.0,6.89,367200,2530169.0,6.88,6.87,6.86,6.85,6.84,6.83,6.82,6.81,6.8,6.79,6.89,6.9,6.91,6.92,6.93,6.94,6.95,6.97,6.98,6.99,10000,1000,1600,1800,6000,20700,7900,4800,50200,15200,3200,12500,16200,15100,15500,41600,9700,2900,130900,39900
216.0,6.89,374400,2579777.0,6.88,6.87,6.86,6.85,6.84,6.83,6.82,6.81,6.8,6.79,6.89,6.9,6.91,6.92,6.93,6.94,6.95,6.97,6.98,6.99,10000,1000,1600,1800,6000,20700,7900,4800,50200,15200,3600,12500,16200,15100,15500,41600,9700,2900,130900,39900
217.0,6.89,374400,2579777.0,6.88,6.87,6.86,6.85,6.84,6.83,6.82,6.81,6.8,6.79,6.89,6.9,6.91,6.92,6.93,6.94,6.95,6.97,6.98,6.99,10000,1000,1600,1800,6000,20700,7900,4800,50200,15200,9600,12500,16200,15100,15500,41600,4800,2900,132500,39900
218.0,6.88,379000,2611441.0,6.88,6.87,6.86,6.85,6.84,6.83,6.82,6.81,6.8,6.79,6.89,6.9,6.91,6.92,6.93,6.94,6.95,6.97,6.98,6.99,7000,1000,1600,1800,6000,26200,7900,4800,50200,15200,8000,12500,16200,15100,15500,41600,4800,2900,132500,39900
219.0,6.88,379000,2611441.0,6.88,6.87,6.86,6.85,6.84,6.83,6.82,6.81,6.8,6.79,6.89,6.9,6.91,6.92,6.93,6.94,6.95,6.97,6.98,6.99,7000,1000,1600,1800,6000,26200,7900,4800,50200,15200,8000,12500,16200,15100,15500,41600,4800,2900,132500,39900
220.0,6.88,379000,2611441.0,6.88,6.87,6.86,6.85,6.84,6.83,6.82,6.81,6.8,6.79,6.89,6.9,6.91,6.92,6.93,6.94,6.95,6.97,6.98,6.99,7000,1000,1600,1800,6000,26200,7900,4800,50200,15200,8000,12500,16200,15100,15500,41600,4800,2900,132500,39900
221.0,6.89,380700,2623147.0,6.88,6.87,6.86,6.85,6.84,6.83,6.82,6.81,6.8,6.79,6.89,6.9,6.91,6.92,6.93,6.94,6.95,6.97,6.98,6.99,6300,1000,1600,1800,6000,26200,7900,4800,50200,15200,7000,12500,16200,15100,15500,41600,4800,2900,132500,39900
222.0,6.89,380700,2623147.0,6.88,6.87,6.86,6.85,6.84,6.83,6.82,6.81,6.8,6.79,6.89,6.9,6.91,6.92,6.93,6.94,6.95,6.97,6.98,6.99,6300,1000,1600,1800,6000,26200,7900,4800,50200,15200,7000,12500,16200,15100,15500,41600,4800,2900,132500,39900
223.0,6.89,381000,2625214.0,6.88,6.87,6.86,6.85,6.84,6.83,6.82,6.81,6.8,6.79,6.89,6.9,6.91,6.92,6.93,6.94,6.95,6.97,6.98,6.99,6300,1000,1600,1800,6000,26200,7900,4800,50200,15200,6700,12500,16200,15100,15500,41600,4800,2900,132500,39900
224.0,6.89,381700,2630037.0,6.88,6.87,6.86,6.85,6.84,6.83,6.82,6.81,6.8,6.79,6.89,6.9,6.91,6.92,6.93,6.94,6.95,6.97,6.98,6.99,6300,1000,1600,1800,6000,26200,7900,4800,50200,15200,6000,12500,16200,15100,15500,41600,4800,2900,132500,39900
225.0,6.88,382900,2638293.0,6.88,6.87,6.86,6.85,6.84,6.83,6.82,6.81,6.8,6.79,6.89,6.9,6.91,6.92,6.93,6.94,6.95,6.97,6.98,6.99,5100,1000,1600,1800,6000,26200,7900,4800,50200,15200,6000,12500,16200,15100,15500,41600,4800,2900,132500,39900
226.0,6.88,383900,2645173.0,6.88,6.87,6.86,6.85,6.84,6.83,6.82,6.81,6.8,6.79,6.89,6.9,6.91,6.92,6.93,6.94,6.95,6.97,6.98,6.99,4100,1000,1600,1800,6000,26200,7900,4800,50200,15200,21300,12500,16200,15100,15500,41600,4800,2900,132500,39900
227.0,6.89,384300,2647929.0,6.88,6.87,6.86,6.85,6.84,6.83,6.82,6.81,6.8,6.79,6.89,6.9,6.91,6.92,6.93,6.94,6.95,6.97,6.98,6.99,4100,1000,1600,1800,6000,26200,7900,4800,50200,15200,20900,12500,16200,15100,15500,41600,4800,2900,132500,39900
228.0,6.88,384700,2650681.0,6.88,6.87,6.86,6.85,6.84,6.83,6.82,6.81,6.8,6.79,6.89,6.9,6.91,6.92,6.93,6.94,6.95,6.97,6.98,6.99,3700,1000,1600,1800,6000,26200,7900,4800,50200,15200,20900,12500,16200,15100,15500,41600,4800,2900,132500,39900
229.0,6.88,385600,2656873.0,6.88,6.87,6.86,6.85,6.84,6.83,6.82,6.81,6.8,6.79,6.89,6.9,6.91,6.92,6.93,6.94,6.95,6.97,6.98,6.99,2800,1000,1600,1800,6000,26200,7900,4800,50200,15200,20900,12500,16200,15100,15500,41600,4800,2900,132500,39900
230.0,6.88,385600,2656873.0,6.88,6.87,6.86,6.85,6.84,6.83,6.82,6.81,6.8,6.79,6.89,6.9,6.91,6.92,6.93,6.94,6.95,6.97,6.98,6.99,2800,1000,1600,1800,6000,26200,7900,4800,50200,15200,20900,12500,16200,15100,15500,41600,4800,2900,132500,39900
231.0,6.88,386100,2660313.0,6.88,6.87,6.86,6.85,6.84,6.83,6.82,6.81,6.8,6.79,6.89,6.9,6.91,6.92,6.93,6.94,6.95,6.97,6.98,6.99,4000,1000,1600,1800,6000,26200,7900,4800,50200,15200,20700,12500,16200,15100,15500,41600,4800,2900,132500,39900
232.0,6.88,386100,2660313.0,6.88,6.87,6.86,6.85,6.84,6.83,6.82,6.81,6.8,6.79,6.89,6.9,6.91,6.92,6.93,6.94,6.95,6.97,6.98,6.99,4000,1000,1600,1800,6000,26200,7900,4800,50200,15200,20700,12500,16200,15100,15500,41600,4800,2900,132500,39900
233.0,6.88,386500,2663065.0,6.88,6.87,6.86,6.85,6.84,6.83,6.82,6.81,6.8,6.79,6.89,6.9,6.91,6.92,6.93,6.94,6.95,6.97,6.98,6.99,3600,1000,1600,1800,6000,26200,7900,4800,50200,15200,20700,12500,16200,15100,15500,41600,4800,2900,132500,39900
234.0,6.88,386500,2663065.0,6.88,6.87,6.86,6.85,6.84,6.83,6.82,6.81,6.8,6.79,6.89,6.9,6.91,6.92,6.93,6.94,6.95,6.97,6.98,6.99,3600,1000,1600,1800,6000,26200,7900,4800,50200,15200,20700,12500,16200,15100,15500,41600,4800,2900,132500,39900
235.0,6.88,386800,2665129.0,6.88,6.87,6.86,6.85,6.84,6.83,6.82,6.81,6.8,6.79,6.89,6.9,6.91,6.92,6.93,6.94,6.95,6.97,6.98,6.99,3300,1000,1600,1800,6000,26200,7900,4800,50200,15200,20700,12500,16200,15100,15500,41600,4800,2900,132500,39900
236.0,6.88,386800,2665129.0,6.88,6.87,6.86,6.85,6.84,6.83,6.82,6.81,6.8,6.79,6.89,6.9,6.91,6.92,6.93,6.94,6.95,6.96,6.97,6.98,3300,1000,1600,1800,6000,26200,7900,4800,50200,15200,20700,12500,16200,15100,15500,41600,4800,3000,2900,132500
237.0,6.88,387400,2669257.0,6.88,6.87,6.86,6.85,6.84,6.83,6.82,6.81,6.8,6.79,6.89,6.9,6.91,6.92,6.93,6.94,6.95,6.96,6.97,6.98,3200,1000,1600,1800,6000,26200,7900,4800,50200,15200,21200,12500,16200,15100,15500,41600,4800,3000,2900,132500
238.0,6.88,387700,2671321.0,6.88,6.87,6.86,6.85,6.84,6.83,6.82,6.81,6.8,6.79,6.89,6.9,6.91,6.92,6.93,6.94,6.95,6.96,6.97,6.98,2900,1000,1600,1800,6000,26200,7900,4800,50200,15200,21200,12500,16200,15100,15500,41600,4800,3000,2900,132500
239.0,6.88,387700,2671321.0,6.88,6.87,6.86,6.85,6.83,6.82,6.81,6.8,6.79,6.78,6.89,6.9,6.91,6.92,6.93,6.94,6.95,6.96,6.97,6.98,3400,1000,1600,1800,26200,7900,4800,48700,15200,18000,21600,12500,16200,15100,15500,41600,4800,3000,2900,132500
240.0,6.88,388000,2673385.0,6.88,6.87,6.86,6.85,6.83,6.82,6.81,6.8,6.79,6.78,6.89,6.9,6.91,6.92,6.93,6.94,6.95,6.96,6.97,6.98,3100,1000,1600,1800,26200,7900,4800,48700,15200,18000,21600,12500,16200,15100,15500,41600,4800,3000,2900,132500
241.0,6.88,388000,2673385.0,6.88,6.87,6.86,6.85,6.83,6.82,6.81,6.8,6.79,6.78,6.89,6.9,6.91,6.92,6.93,6.94,6.95,6.96,6.97,6.98,3200,1000,1600,1800,26200,7900,4800,48700,15200,18000,21600,12500,16200,15100,15500,41600,4800,3000,2900,132500
242.0,6.88,388300,2675449.0,6.88,6.87,6.86,6.85,6.83,6.82,6.81,6.8,6.79,6.78,6.89,6.9,6.91,6.92,6.93,6.94,6.95,6.96,6.97,6.98,3400,1000,1600,1800,26200,7900,4800,48700,15200,18000,22100,12500,16200,15100,15500,41600,4800,3000,2900,132500
243.0,6.88,388300,2675449.0,6.88,6.87,6.86,6.85,6.83,6.82,6.81,6.8,6.79,6.78,6.89,6.9,6.91,6.92,6.93,6.94,6.95,6.96,6.97,6.98,3400,1000,1600,1800,26200,7900,4800,48700,15200,18000,22100,12500,16200,15100,15500,41600,4800,3000,2900,132500
244.0,6.88,388300,2675449.0,6.88,6.87,6.86,6.85,6.83,6.82,6.81,6.8,6.79,6.78,6.89,6.9,6.91,6.92,6.93,6.94,6.95,6.96,6.97,6.98,3400,1000,1600,1800,26200,7900,4800,48700,15200,18000,22600,12500,16200,15100,15500,41600,4800,3000,2900,132500
245.0,6.87,393200,2709151.0,6.86,6.85,6.83,6.82,6.81,6.8,6.79,6.78,6.77,6.76,6.87,6.88,6.89,6.9,6.91,6.92,6.93,6.94,6.95,6.96,1600,1800,26200,7900,4800,48700,15200,18000,2900,6300,16600,30900,23100,12500,16200,15100,15000,41600,4800,3000
246.0,6.87,393200,2709151.0,6.86,6.85,6.83,6.82,6.81,6.8,6.79,6.78,6.77,6.76,6.87,6.88,6.89,6.9,6.91,6.92,6.93,6.94,6.95,6.96,1600,1800,26200,7900,4800,48700,15200,18000,2900,6300,16600,30900,23100,12500,16200,15100,15000,41600,4800,3000
247.0,6.86,393300,2709837.0,6.86,6.85,6.83,6.82,6.81,6.8,6.79,6.78,6.77,6.76,6.87,6.88,6.89,6.9,6.91,6.92,6.93,6.94,6.95,6.96,3300,1800,26200,7900,4800,48700,15200,18000,2900,6300,18400,30900,23100,12500,16200,15100,15000,41600,4800,3000
248.0,6.87,397300,2737317.0,6.86,6.85,6.83,6.82,6.81,6.8,6.79,6.78,6.77,6.76,6.87,6.88,6.89,6.9,6.91,6.92,6.93,6.94,6.95,6.96,3300,1800,26200,7900,4800,48700,15200,18000,2900,6300,10200,31000,23100,12500,16200,15100,15000,41600,4800,3000
249.0,6.86,397900,2741433.0,6.86,6.85,6.83,6.82,6.81,6.8,6.79,6.78,6.77,6.76,6.87,6.88,6.89,6.9,6.91,6.92,6.93,6.94,6.95,6.96,3600,1800,26200,7900,4800,48700,15200,18000,2900,6300,11100,31000,23100,12500,16200,15100,15000,41600,4800,3000
250.0,6.86,397900,2741433.0,6.86,6.85,6.83,6.82,6.81,6.8,6.79,6.78,6.77,6.76,6.87,6.88,6.89,6.9,6.91,6.92,6.93,6.94,6.95,6.96,4600,1800,26200,7900,4800,48700,15200,18000,2900,6300,12100,31000,23100,12500,16200,15100,15000,41600,4800,3000
251.0,6.87,398900,2748303.0,6.86,6.85,6.83,6.82,6.81,6.8,6.79,6.78,6.77,6.76,6.87,6.88,6.89,6.9,6.91,6.92,6.93,6.94,6.95,6.96,4600,1800,26200,7900,4800,48700,15200,18000,2900,6300,12000,31300,23100,12500,16200,15100,15000,41600,4800,3000
252.0,6.87,398900,2748303.0,6.86,6.85,6.83,6.82,6.81,6.8,6.79,6.78,6.77,6.76,6.87,6.88,6.89,6.9,6.91,6.92,6.93,6.94,6.95,6.96,6400,1800,26200,7900,4800,48700,15200,18000,2900,6300,12900,31300,23100,12500,16200,15100,15000,41600,4800,3000
253.0,6.87,398900,2748303.0,6.86,6.85,6.83,6.82,6.81,6.8,6.79,6.78,6.77,6.76,6.87,6.88,6.89,6.9,6.91,6.92,6.93,6.94,6.95,6.96,6400,1800,26200,7900,4800,48700,15200,18000,2900,6300,12900,31300,23100,12500,16200,15100,15000,41600,4800,3000
254.0,6.87,399900,2755173.0,6.86,6.85,6.83,6.82,6.81,6.8,6.79,6.78,6.77,6.76,6.87,6.88,6.89,6.9,6.91,6.92,6.93,6.94,6.95,6.96,7600,1800,26200,7900,4800,48700,15200,18000,2900,6300,13100,31300,23100,12500,16200,15100,15000,41600,4800,3000
255.0,6.86,400600,2759975.0,6.86,6.85,6.83,6.82,6.81,6.8,6.79,6.78,6.77,6.76,6.87,6.88,6.89,6.9,6.91,6.92,6.93,6.94,6.95,6.96,7200,1800,26200,7900,4800,48700,15200,18000,2900,6300,13400,31300,25100,12500,16200,15100,15000,41600,4800,3000
256.0,6.86,400600,2759975.0,6.86,6.85,6.83,6.82,6.81,6.8,6.79,6.78,6.77,6.76,6.87,6.88,6.89,6.9,6.91,6.92,6.93,6.94,6.95,6.96,8400,1800,26200,7900,4800,48700,15200,18000,2900,6300,14600,33600,25100,12500,16200,15100,15000,41600,4800,3000
257.0,6.87,402300,2771654.0,6.86,6.85,6.83,6.82,6.81,6.8,6.79,6.78,6.77,6.76,6.87,6.88,6.89,6.9,6.91,6.92,6.93,6.94,6.95,6.96,8700,1800,26200,7900,4800,48700,15200,18000,2900,6300,13200,33600,25100,12500,16200,15100,15000,41600,4800,3000
258.0,6.87,402400,2772341.0,6.86,6.85,6.83,6.82,6.81,6.8,6.79,6.78,6.77,6.76,6.87,6.88,6.89,6.9,6.91,6.92,6.93,6.94,6.95,6.96,8700,1800,26200,7900,4800,48700,15200,18000,2900,6300,13100,33600,25100,12500,16200,15100,15000,41600,4800,3000
259.0,6.87,402400,2772341.0,6.86,6.85,6.83,6.82,6.81,6.8,6.79,6.78,6.77,6.76,6.87,6.88,6.89,6.9,6.91,6.92,6.93,6.94,6.95,6.96,9900,1800,26200,7900,4800,38400,15200,18000,2900,6300,14300,33600,25100,12500,16200,15100,15000,41600,4800,3000
260.0,6.87,404000,2783333.0,6.86,6.85,6.83,6.82,6.81,6.8,6.79,6.78,6.77,6.76,6.87,6.88,6.89,6.9,6.91,6.92,6.93,6.94,6.95,6.96,10200,1800,26200,7900,4800,38400,15200,18000,2900,6300,13000,15000,25100,12500,16200,15100,15000,41600,4800,3000
261.0,6.87,404000,2783333.0,6.86,6.85,6.83,6.82,6.81,6.8,6.79,6.78,6.77,6.76,6.87,6.88,6.89,6.9,6.91,6.92,6.93,6.94,6.95,6.96,10600,1800,26200,7900,4800,38400,15200,18000,2900,6300,13400,15000,25100,6500,16200,15100,15000,41600,4800,3000
262.0,6.86,405000,2790193.0,6.86,6.85,6.83,6.82,6.81,6.8,6.79,6.78,6.77,6.76,6.87,6.88,6.89,6.9,6.91,6.92,6.93,6.94,6.95,6.96,9900,1800,26200,7900,4800,38400,15200,18000,2900,6300,13700,15000,25100,6500,16200,15100,15000,41600,4800,3000
263.0,6.87,406300,2799124.0,6.86,6.85,6.83,6.82,6.81,6.8,6.79,6.78,6.77,6.76,6.87,6.88,6.89,6.9,6.91,6.92,6.93,6.94,6.95,6.96,9900,1800,26200,7900,4800,38400,15200,18000,2900,6300,12400,14900,25100,6500,16200,15100,15000,41600,4800,3000
264.0,6.87,406600,2801185.0,6.86,6.85,6.83,6.82,6.81,6.8,6.79,6.78,6.77,6.76,6.87,6.88,6.89,6.9,6.91,6.92,6.93,6.94,6.95,6.96,10300,1800,26200,7900,4800,38400,15200,18000,2900,6300,12800,14900,25100,6500,16200,15100,15000,41600,4800,3000
265.0,6.87,406600,2801185.0,6.86,6.85,6.84,6.83,6.82,6.81,6.8,6.79,6.78,6.77,6.87,6.88,6.89,6.9,6.91,6.92,6.93,6.94,6.95,6.96,10600,1800,2000,26200,7900,4800,38400,15200,18000,2900,12800,14900,25100,6500,16200,15100,15000,41300,4800,3000
266.0,6.87,407900,2810116.0,6.86,6.85,6.84,6.83,6.82,6.81,6.8,6.79,6.78,6.77,6.87,6.88,6.89,6.9,6.91,6.92,6.93,6.94,6.95,6.96,11000,1800,2000,26200,7900,4800,38400,15200,18000,2900,11900,14900,25100,6500,16200,15100,15000,41300,4800,3000
267.0,6.87,407900,2810116.0,6.86,6.85,6.84,6.83,6.82,6.81,6.8,6.79,6.78,6.77,6.87,6.88,6.89,6.9,6.91,6.92,6.93,6.94,6.95,6.96,11300,1800,2000,26200,7900,4800,38400,15200,18000,2900,12200,14900,25100,6500,16200,15100,15000,41300,4800,3000
268.0,6.87,407900,2810116.0,6.86,6.85,6.84,6.83,6.82,6.81,6.8,6.79,6.78,6.77,6.87,6.88,6.89,6.9,6.91,6.92,6.93,6.94,6.95,6.96,11700,1800,2000,26200,7900,4800,38400,15200,18000,2900,12600,14900,25100,6500,16200,15100,15000,41300,5300,3000
269.0,6.87,409400,2820410.0,6.86,6.85,6.84,6.83,6.82,6.81,6.8,6.79,6.78,6.77,6.87,6.88,6.89,6.9,6.91,6.92,6.93,6.94,6.95,6.96,10600,1800,2000,26200,7900,4800,38400,15200,18000,2900,12500,14600,25100,6500,16200,15100,15000,41300,5300,3000
270.0,6.87,410600,2828654.0,6.86,6.85,6.84,6.83,6.82,6.81,6.8,6.79,6.78,6.77,6.87,6.88,6.89,6.9,6.91,6.92,6.93,6.94,6.95,6.96,10900,1800,2000,26200,7900,4800,38400,15200,18000,2900,11700,14600,25100,6500,16200,15100,15000,41300,5300,3000
271.0,6.87,410600,2828654.0,6.86,6.85,6.84,6.83,6.82,6.81,6.8,6.79,6.78,6.77,6.87,6.88,6.89,6.9,6.91,6.92,6.93,6.94,6.95,6.96,11300,1800,2000,26200,7900,4800,38400,15200,18000,2900,11700,14600,25100,6500,16200,15100,15000,41300,5300,3000
272.0,6.87,410600,2828654.0,6.86,6.85,6.84,6.83,6.82,6.81,6.8,6.79,6.78,6.77,6.87,6.88,6.89,6.9,6.91,6.92,6.93,6.94,6.95,6.96,11600,1800,2000,26200,7900,4800,38400,15200,18000,2900,12000,14600,25100,6500,16200,15100,15000,41300,5300,3000
273.0,6.87,410600,2828654.0,6.86,6.85,6.84,6.83,6.82,6.81,6.8,6.79,6.78,6.77,6.87,6.88,6.89,6.9,6.91,6.92,6.93,6.94,6.95,6.96,12000,1800,2000,26200,7900,4800,38400,15200,18000,2900,16700,16100,25100,6500,16200,15100,15000,41300,5300,3000
274.0,6.87,410600,2828654.0,6.86,6.85,6.84,6.83,6.82,6.81,6.8,6.79,6.78,6.77,6.87,6.88,6.89,6.9,6.91,6.92,6.93,6.94,6.95,6.96,12300,1800,2000,26200,7900,4800,38400,15200,18000,2900,17000,16100,25100,6500,16200,15100,15000,41300,5300,3000
275.0,6.86,412000,2838258.0,6.86,6.85,6.84,6.83,6.82,6.81,6.8,6.79,6.78,6.77,6.87,6.88,6.89,6.9,6.91,6.92,6.93,6.94,6.95,6.96,10900,1800,2000,26200,7900,4800,38400,15200,18000,2900,17400,16100,25100,6500,16200,15100,15000,41300,5300,3000
276.0,6.86,414700,2856780.0,6.86,6.85,6.84,6.83,6.82,6.81,6.8,6.79,6.78,6.77,6.87,6.88,6.89,6.9,6.91,6.92,6.93,6.94,6.95,6.96,13600,1800,2000,26200,7900,5800,38400,15200,18000,2900,17400,16100,25100,6500,16200,15100,15000,41300,5300,3000
277.0,6.86,414700,2856780.0,6.86,6.85,6.84,6.83,6.82,6.81,6.8,6.79,6.78,6.77,6.87,6.88,6.89,6.9,6.91,6.92,6.93,6.94,6.95,6.96,13900,1800,2000,26200,7900,5800,38400,15200,18000,2900,17700,16100,25100,6500,16200,15100,15000,41300,5300,3000
278.0,6.87,415100,2859528.0,6.86,6.85,6.84,6.83,6.82,6.81,6.8,6.79,6.78,6.77,6.87,6.88,6.89,6.9,6.91,6.92,6.93,6.94,6.95,6.96,14300,4900,2000,26200,7900,5800,38400,15200,18000,2900,17700,16100,25100,6500,16200,15100,15000,41300,5300,3000
279.0,6.87,415100,2859528.0,6.86,6.85,6.84,6.83,6.82,6.81,6.8,6.79,6.78,6.77,6.87,6.88,6.89,6.9,6.91,6.92,6.93,6.94,6.95,6.96,14600,4900,2800,26200,7900,5800,38400,15200,18000,2900,18000,16700,25100,6500,16200,15100,15000,41300,5300,3000
280.0,6.87,416500,2869146.0,6.86,6.85,6.84,6.83,6.82,6.81,6.8,6.79,6.78,6.77,6.87,6.88,6.89,6.9,6.91,6.92,6.93,6.94,6.95,6.96,14900,4900,2800,26200,7900,5800,38400,15200,18000,2900,16900,16700,25100,6500,16200,15100,15000,41300,5300,3000
281.0,6.87,416800,2871207.0,6.86,6.85,6.84,6.83,6.82,6.81,6.8,6.79,6.78,6.77,6.87,6.88,6.89,6.9,6.91,6.92,6.93,6.94,6.95,6.96,14900,4900,2800,26200,7900,5800,38400,15200,18000,2900,16600,16700,25100,6500,16200,15100,15000,41300,5300,3000
282.0,6.87,416800,2871207.0,6.86,6.85,6.84,6.83,6.82,6.81,6.8,6.79,6.78,6.77,6.87,6.88,6.89,6.9,6.91,6.92,6.93,6.94,6.95,6.96,15200,4900,2800,26200,7900,5800,38400,15200,18000,2900,16900,16700,25100,6500,16200,15100,15000,41300,5300,3000
283.0,6.86,419600,2890429.0,6.86,6.85,6.84,6.83,6.82,6.81,6.8,6.79,6.78,6.77,6.87,6.88,6.89,6.9,6.91,6.92,6.93,6.94,6.95,6.96,13800,4900,2800,26200,7900,5800,38400,15200,18000,2900,15500,16700,25100,6500,16200,15100,15000,41300,5300,3000
284.0,6.87,419800,2891803.0,6.86,6.85,6.84,6.83,6.82,6.81,6.8,6.79,6.78,6.77,6.87,6.88,6.89,6.9,6.91,6.92,6.93,6.94,6.95,6.96,14100,4900,2800,26200,7900,5800,38400,15200,18000,2900,15600,16700,25100,6500,16200,15100,15000,41300,5300,3000
285.0,6.87,419800,2891803.0,6.86,6.85,6.84,6.83,6.82,6.81,6.8,6.79,6.78,6.77,6.87,6.88,6.89,6.9,6.91,6.92,6.93,6.94,6.95,6.96,14100,4900,2800,26200,7900,5800,38400,15200,18000,2900,15600,16700,25100,6500,16200,15100,15000,41300,5300,3000
286.0,6.87,419800,2891803.0,6.86,6.85,6.84,6.83,6.82,6.81,6.8,6.79,6.78,6.77,6.87,6.88,6.89,6.9,6.91,6.92,6.93,6.94,6.95,6.96,14100,4900,2800,26200,7900,5800,38400,15200,18000,2900,15600,16700,25100,6500,16200,15100,15000,41300,5300,3000
287.0,6.86,421800,2905537.0,6.86,6.85,6.84,6.83,6.82,6.81,6.8,6.79,6.78,6.77,6.87,6.88,6.89,6.9,6.91,6.92,6.93,6.94,6.95,6.96,13700,4900,2800,26200,7900,5800,38400,15200,18000,2900,14400,16700,25100,6500,16200,15100,15000,41300,5300,3000
288.0,6.87,421900,2906224.0,6.86,6.85,6.84,6.83,6.82,6.81,6.8,6.79,6.78,6.77,6.87,6.88,6.89,6.9,6.91,6.92,6.93,6.94,6.95,6.96,13700,4900,2800,26200,7900,5800,38400,15200,18000,2900,14300,16700,25100,6500,16200,15100,14500,41300,5300,3000
289.0,6.86,424400,2923374.0,6.86,6.85,6.84,6.83,6.82,6.81,6.8,6.79,6.78,6.77,6.87,6.88,6.89,6.9,6.91,6.92,6.93,6.94,6.95,6.96,11400,4900,2800,26200,7900,5800,38400,15200,18000,2900,14400,16700,25100,6500,16200,15100,14500,41300,5300,3000
290.0,6.86,428000,2948084.0,6.86,6.85,6.84,6.83,6.82,6.81,6.8,6.79,6.78,6.77,6.87,6.88,6.89,6.9,6.91,6.92,6.93,6.94,6.95,6.96,9200,4900,2800,26200,7900,5800,38400,15200,18000,2900,13000,16700,25100,6500,16200,15100,14500,41300,5300,3000
291.0,6.86,428000,2948084.0,6.86,6.85,6.84,6.83,6.82,6.81,6.8,6.79,6.78,6.77,6.87,6.88,6.89,6.9,6.91,6.92,6.93,6.94,6.95,6.96,9400,4900,2800,26200,7900,5800,38400,15200,18000,2900,13200,16700,25100,6500,16200,15100,14500,41300,5300,3000
292.0,6.86,428000,2948084.0,6.86,6.85,6.84,6.83,6.82,6.81,6.8,6.79,6.78,6.77,6.87,6.88,6.89,6.9,6.91,6.92,6.93,6.94,6.95,6.96,9400,4900,2800,26200,7900,5800,38400,15200,18000,2900,13200,21600,25100,6500,16200,15100,14500,41300,5300,3000
293.0,6.86,429800,2960445.0,6.86,6.85,6.84,6.83,6.82,6.81,6.8,6.79,6.78,6.77,6.87,6.88,6.89,6.9,6.91,6.92,6.93,6.94,6.95,6.96,9700,4900,2800,26100,7900,5800,38400,15200,18000,2900,11900,21600,25100,6500,16200,15100,14500,41300,5300,3000
294.0,6.86,429800,2960445.0,6.86,6.85,6.84,6.83,6.82,6.81,6.8,6.79,6.78,6.77,6.87,6.88,6.89,6.9,6.91,6.92,6.93,6.94,6.95,6.96,9900,4900,2800,26100,7900,5800,38400,15200,18000,2900,12100,21600,25100,6500,16200,15100,14500,41300,5300,3000
295.0,6.86,429800,2960445.0,6.86,6.85,6.84,6.83,6.82,6.81,6.8,6.79,6.78,6.77,6.87,6.88,6.89,6.9,6.91,6.92,6.93,6.94,6.95,6.96,9900,4900,2800,26100,7900,5800,38400,15200,18000,2900,12100,21600,25100,6500,16200,15100,14500,41300,5300,3000
296.0,6.86,430100,2962503.0,6.86,6.85,6.84,6.83,6.82,6.81,6.8,6.79,6.78,6.77,6.87,6.88,6.89,6.9,6.91,6.92,6.93,6.94,6.95,6.96,9600,4900,2800,26100,7900,5800,38400,15200,18000,2900,12100,21000,25100,6500,16200,15100,14500,41300,5300,3000
297.0,6.87,431300,2970747.0,6.86,6.85,6.84,6.83,6.82,6.81,6.8,6.79,6.78,6.77,6.87,6.88,6.89,6.9,6.91,6.92,6.93,6.94,6.95,6.96,9800,4900,2800,26100,7900,5800,38400,15200,18000,2900,11100,21000,25100,6500,16200,15100,14500,41300,5300,3000
298.0,6.86,432200,2976921.0,6.86,6.85,6.84,6.83,6.82,6.81,6.8,6.79,6.78,6.77,6.87,6.88,6.89,6.9,6.91,6.92,6.93,6.94,6.95,6.96,8900,4900,2800,26100,7900,5800,38400,15200,18000,2900,11100,21000,25100,6500,16200,15100,14500,41300,5300,3000
299.0,6.86,433200,2983781.0,6.86,6.85,6.84,6.83,6.82,6.81,6.8,6.79,6.78,6.77,6.87,6.88,6.89,6.9,6.91,6.92,6.93,6.94,6.95,6.96,8100,4900,2800,26100,7900,5800,38400,15200,18000,2900,11300,21000,25100,6500,16200,15100,14500,41300,5300,3000
300.0,6.87,434300,2991338.0,6.86,6.85,6.84,6.83,6.82,6.81,6.8,6.79,6.78,6.77,6.87,6.88,6.89,6.9,6.91,6.92,6.93,6.94,6.95,6.96,8100,4900,2800,26100,7900,5800,38400,15200,18000,2900,10200,21000,25100,6500,16200,15100,14500,41300,5300,3000
301.0,6.87,434300,2991338.0,6.86,6.85,6.84,6.83,6.82,6.81,6.8,6.79,6.78,6.77,6.87,6.88,6.89,6.9,6.91,6.92,6.93,6.94,6.95,6.96,8100,4900,2800,26100,7900,5800,38400,15200,18000,2900,10200,21000,25100,6500,16200,15100,14500,41300,5300,3000
302.0,6.86,435700,3000942.0,6.86,6.85,6.84,6.83,6.82,6.81,6.8,6.79,6.78,6.77,6.87,6.88,6.89,6.9,6.91,6.92,6.93,6.94,6.95,6.96,6900,5300,2800,26100,7900,5800,38400,15200,18000,2900,10400,21000,25100,6500,16200,15100,14500,41300,5300,3000
303.0,6.86,435700,3000942.0,6.86,6.85,6.84,6.83,6.82,6.81,6.8,6.79,6.78,6.77,6.87,6.88,6.89,6.9,6.91,6.92,6.93,6.94,6.95,6.96,6900,5300,2800,26100,7900,5800,38400,15200,18000,2900,10400,21000,25100,6500,16200,15100,14500,41300,5300,3000
304.0,6.87,436700,3007812.0,6.86,6.85,6.84,6.83,6.82,6.81,6.8,6.79,6.78,6.77,6.87,6.88,6.89,6.9,6.91,6.92,6.93,6.94,6.95,6.96,7100,5100,2800,26100,7900,5800,38400,15200,18000,2900,9600,21000,25100,6500,16200,15100,14500,41300,5300,3000
305.0,6.86,437500,3013300.0,6.86,6.85,6.84,6.83,6.82,6.81,6.8,6.79,6.78,6.77,6.87,6.88,6.89,6.9,6.91,6.92,6.93,6.94,6.95,6.96,6300,5100,2800,26100,7900,5800,38400,15200,18000,2900,10600,21000,25100,6500,17000,15100,14500,41300,5300,3000
306.0,6.86,441400,3040054.0,6.86,6.85,6.84,6.83,6.82,6.81,6.8,6.79,6.78,6.77,6.87,6.88,6.89,6.9,6.91,6.92,6.93,6.94,6.95,6.96,2400,5100,2800,26100,7900,5800,38400,15200,18000,2900,10600,21000,25100,6500,17000,15100,14500,41300,5300,3000
307.0,6.85,450100,3099695.0,6.84,6.83,6.82,6.81,6.8,6.79,6.78,6.77,6.76,6.75,6.85,6.86,6.87,6.88,6.89,6.9,6.91,6.92,6.93,6.94,2800,26100,7900,5800,38400,15200,18000,2900,6300,22500,500,1300,9800,21000,25100,6500,17000,15100,14500,41300
308.0,6.85,451300,3107915.0,6.85,6.84,6.83,6.82,6.81,6.8,6.79,6.78,6.77,6.76,6.86,6.87,6.88,6.89,6.9,6.91,6.92,6.93,6.94,6.95,3800,3500,26100,7900,5800,38400,15200,18000,2900,6300,1300,9800,21000,25100,6500,17000,15100,14500,41300,5300
309.0,6.85,451700,3110657.0,6.85,6.84,6.83,6.82,6.81,6.8,6.79,6.78,6.77,6.76,6.86,6.87,6.88,6.89,6.9,6.91,6.92,6.93,6.94,6.95,4300,3500,26100,7900,5800,38400,15200,18000,2900,6300,3100,9800,21000,25100,6500,17000,15100,14500,41300,5300
310.0,6.84,459500,3164052.0,6.83,6.82,6.81,6.8,6.79,6.78,6.77,6.76,6.75,6.74,6.84,6.85,6.86,6.87,6.88,6.89,6.9,6.91,6.92,6.93,26100,7900,5800,38400,15200,18000,2900,6300,22500,12000,700,2600,3100,9800,21000,25100,6500,17000,15100,14500
311.0,6.84,460100,3168156.0,6.83,6.82,6.81,6.8,6.79,6.78,6.77,6.76,6.75,6.74,6.84,6.85,6.86,6.87,6.88,6.89,6.9,6.91,6.92,6.93,27400,7900,5900,38400,15200,18000,2900,6300,22500,12000,1400,100,3100,9200,21000,25100,5700,17000,15100,14500
312.0,6.84,460100,3168156.0,6.83,6.82,6.81,6.8,6.79,6.78,6.77,6.76,6.75,6.74,6.84,6.85,6.86,6.87,6.88,6.89,6.9,6.91,6.92,6.93,27700,7900,5900,38400,15200,18000,2900,6300,22500,12000,1700,100,3100,9200,21000,25100,5700,17000,15100,14500
313.0,6.84,461700,3179086.0,6.83,6.82,6.81,6.8,6.79,6.78,6.77,6.76,6.75,6.74,6.84,6.85,6.86,6.87,6.88,6.89,6.9,6.91,6.92,6.93,28500,7900,5900,38400,15200,18000,2900,6300,22500,12000,2300,100,3100,9200,21000,25100,5600,17000,15100,14500
314.0,6.84,464800,3200290.0,6.84,6.83,6.82,6.81,6.8,6.79,6.78,6.77,6.76,6.75,6.85,6.86,6.87,6.88,6.89,6.9,6.91,6.92,6.93,6.94,3400,29300,7900,5900,38400,15200,18000,2900,6300,22500,11300,3100,9200,21000,25100,5400,17000,15100,14500,41300
315.0,6.84,465400,3204394.0,6.84,6.83,6.82,6.81,6.8,6.79,6.78,6.77,6.76,6.75,6.85,6.86,6.87,6.88,6.89,6.9,6.91,6.92,6.93,6.94,2900,19300,7900,5900,38400,15200,18000,2900,6300,22500,11300,3100,9200,21000,25100,5400,17000,15100,14500,41300
316.0,6.84,465400,3204394.0,6.84,6.83,6.82,6.81,6.8,6.79,6.78,6.77,6.76,6.75,6.85,6.86,6.87,6.88,6.89,6.9,6.91,6.92,6.93,6.94,4300,19300,7900,5900,38400,15200,18000,2900,6300,22500,12700,3100,9200,21000,25100,5400,17000,15100,14500,41300
317.0,6.84,466700,3213298.0,6.84,6.83,6.82,6.81,6.8,6.79,6.78,6.77,6.76,6.75,6.85,6.86,6.87,6.88,6.89,6.9,6.91,6.92,6.93,6.94,4500,19300,7900,5900,38400,15200,18000,2900,6300,22500,11800,3100,9200,21000,25100,5900,17000,15100,14500,41300
318.0,6.84,471000,3242733.0,6.84,6.83,6.82,6.81,6.8,6.79,6.78,6.77,6.76,6.75,6.85,6.86,6.87,6.88,6.89,6.9,6.91,6.92,6.93,6.94,2500,19300,7900,5900,38400,15200,18000,2900,6300,22500,10000,3100,9200,21000,25100,5900,17000,15100,14500,41300
319.0,6.84,471000,3242733.0,6.84,6.83,6.82,6.81,6.8,6.79,6.78,6.77,6.76,6.75,6.85,6.86,6.87,6.88,6.89,6.9,6.91,6.92,6.93,6.94,4300,19300,7900,5900,38400,15200,18000,2900,6300,22500,16300,3100,9200,21000,25100,5900,17000,15100,14500,41300
320.0,6.84,475300,3272145.0,6.83,6.82,6.81,6.8,6.79,6.78,6.77,6.76,6.75,6.74,6.84,6.85,6.86,6.87,6.88,6.89,6.9,6.91,6.92,6.93,19300,7900,5900,38400,15200,18000,2900,6300,22500,12000,10600,16300,6100,9200,21000,25100,5900,17000,15100,14800
321.0,6.84,476600,3281037.0,6.83,6.82,6.81,6.8,6.79,6.78,6.77,6.76,6.75,6.74,6.84,6.85,6.86,6.87,6.88,6.89,6.9,6.91,6.92,6.93,20700,7900,5900,38400,15200,18000,2900,6300,22500,12000,10700,16800,6100,9200,21000,25100,5900,17000,15100,14800
322.0,6.84,476600,3281037.0,6.83,6.82,6.81,6.8,6.79,6.78,6.77,6.76,6.75,6.74,6.84,6.85,6.86,6.87,6.88,6.89,6.9,6.91,6.92,6.93,21100,7900,5900,38400,15200,18000,2900,6300,22500,12000,11100,16800,6100,9200,21000,25100,5900,17000,15100,14800
323.0,6.84,476600,3281037.0,6.83,6.82,6.81,6.8,6.79,6.78,6.77,6.76,6.75,6.74,6.84,6.85,6.86,6.87,6.88,6.89,6.9,6.91,6.92,6.93,21600,7900,5900,38400,15200,18000,2900,6300,22500,12000,12500,16800,6100,9200,21000,25100,5900,21900,15100,14800
324.0,6.84,477800,3289245.0,6.83,6.82,6.81,6.8,6.79,6.78,6.77,6.76,6.75,6.74,6.84,6.85,6.86,6.87,6.88,6.89,6.9,6.91,6.92,6.93,22800,7900,5900,38400,15200,18000,2900,6300,22500,12000,12000,16800,6100,9200,21000,25100,5900,21900,15100,14800
325.0,6.84,477800,3289245.0,6.83,6.82,6.81,6.8,6.79,6.78,6.77,6.76,6.75,6.74,6.84,6.85,6.86,6.87,6.88,6.89,6.9,6.91,6.92,6.93,23300,7900,5900,39400,15200,18000,2900,6300,22500,12000,12500,16800,6100,9200,21000,25100,5900,21900,15100,14800
326.0,6.84,477800,3289245.0,6.83,6.82,6.81,6.8,6.79,6.78,6.77,6.76,6.75,6.74,6.84,6.85,6.86,6.87,6.88,6.89,6.9,6.91,6.92,6.93,26900,7900,5900,39400,15200,18000,2900,6300,22500,12000,13700,16800,6100,9200,21000,25100,5900,21900,15100,14800
327.0,6.83,480900,3310418.0,6.83,6.82,6.81,6.8,6.79,6.78,6.77,6.76,6.75,6.74,6.84,6.85,6.86,6.87,6.88,6.89,6.9,6.91,6.92,6.93,24300,7900,5900,39400,15200,18000,2900,6300,22500,12000,14200,16800,6100,9200,21000,10100,5900,21900,15100,14800
328.0,6.84,483700,3329556.0,6.83,6.82,6.81,6.8,6.79,6.78,6.77,6.76,6.75,6.74,6.84,6.85,6.86,6.87,6.88,6.89,6.9,6.91,6.92,6.93,23800,7900,5900,39900,15200,18000,2900,6300,22500,12000,14100,16800,6100,9200,21000,10100,5900,21900,15100,14800
329.0,6.84,483700,3329556.0,6.83,6.82,6.81,6.8,6.79,6.78,6.77,6.76,6.75,6.74,6.84,6.85,6.86,6.87,6.88,6.89,6.9,6.91,6.92,6.93,24700,7900,5900,39900,15200,18000,2900,6300,22500,12000,14600,16800,6100,9200,21000,10100,5900,21900,15100,14800
330.0,6.84,486900,3351444.0,6.83,6.82,6.81,6.8,6.79,6.78,6.77,6.76,6.75,6.74,6.84,6.85,6.86,6.87,6.88,6.89,6.9,6.91,6.92,6.93,25600,7900,5900,39900,17200,18000,2900,6300,22500,12000,12300,16800,6100,9200,21000,9600,5900,21900,15100,14800
331.0,6.83,491100,3380142.0,6.83,6.82,6.81,6.8,6.79,6.78,6.77,6.76,6.75,6.74,6.84,6.85,6.86,6.87,6.88,6.89,6.9,6.91,6.92,6.93,23000,7900,5900,39900,17200,18000,2900,6300,22500,12000,11500,16800,6100,9200,21000,9600,5900,21900,15100,14800
332.0,6.84,492100,3386982.0,6.83,6.82,6.81,6.8,6.79,6.78,6.77,6.76,6.75,6.74,6.84,6.85,6.86,6.87,6.88,6.89,6.9,6.91,6.92,6.93,23600,7900,5900,39900,17200,18000,2900,6300,22500,12000,11000,16800,6100,9200,21000,9600,5900,21900,15100,14800
333.0,6.83,493600,3397227.0,6.83,6.82,6.81,6.8,6.79,6.78,6.77,6.76,6.75,6.74,6.84,6.85,6.86,6.87,6.88,6.89,6.9,6.91,6.92,6.93,22500,7900,5900,39900,17200,18000,2900,6300,22500,12000,11400,16800,6100,9200,21000,9600,5900,21900,15100,14800
334.0,6.83,493600,3397227.0,6.83,6.82,6.81,6.8,6.79,6.78,6.77,6.76,6.75,6.74,6.84,6.85,6.86,6.87,6.88,6.89,6.9,6.91,6.92,6.93,23100,7900,5900,39900,17200,18000,2900,6300,22500,12000,12000,16800,6100,9200,21000,9600,5900,21900,15100,14800
335.0,6.83,496200,3414997.0,6.83,6.82,6.81,6.8,6.79,6.78,6.77,6.76,6.75,6.74,6.84,6.85,6.86,6.87,6.88,6.89,6.9,6.91,6.92,6.93,21700,7900,7300,39900,17200,18000,2900,6300,22500,12000,11200,16800,6100,9200,21000,9600,5900,21900,15100,14800
336.0,6.83,497200,3421827.0,6.83,6.82,6.81,6.8,6.79,6.78,6.77,6.76,6.75,6.74,6.84,6.85,6.86,6.87,6.88,6.89,6.9,6.91,6.92,6.93,21100,7900,7300,39900,17200,18000,2900,6300,22500,12000,11500,16800,6100,9200,21000,9600,5900,21900,15100,14800
337.0,6.83,498200,3428657.0,6.83,6.82,6.81,6.8,6.79,6.78,6.77,6.76,6.75,6.74,6.84,6.85,6.86,6.87,6.88,6.89,6.9,6.91,6.92,6.93,20700,7900,7300,42000,17200,18000,2900,6300,22500,12000,12100,16800,6100,9200,21000,9600,5900,21900,15100,14800
338.0,6.84,499400,3436865.0,6.83,6.82,6.81,6.8,6.79,6.78,6.77,6.76,6.75,6.74,6.84,6.85,6.86,6.87,6.88,6.89,6.9,6.91,6.92,6.93,21100,7900,7300,42000,17200,18000,2900,6300,22500,12000,11300,11800,6100,9200,21000,9600,7400,21900,15100,14800
339.0,6.84,499400,3436865.0,6.83,6.82,6.81,6.8,6.79,6.78,6.77,6.76,6.75,6.74,6.84,6.85,6.86,6.87,6.88,6.89,6.9,6.91,6.92,6.93,21700,7900,7300,42000,17200,18000,2900,6300,22500,12000,11900,11800,6100,9200,21000,9600,7400,21900,19100,14800
340.0,6.84,500200,3442337.0,6.83,6.82,6.81,6.8,6.79,6.78,6.77,6.76,6.75,6.74,6.84,6.85,6.86,6.87,6.88,6.89,6.9,6.91,6.92,6.93,21700,7900,7300,42000,17200,18000,2900,6300,22500,12000,11100,11800,6100,9200,21000,9600,7400,21900,19100,14800
341.0,6.84,500200,3442337.0,6.83,6.82,6.81,6.8,6.79,6.78,6.77,6.76,6.75,6.74,6.84,6.85,6.86,6.87,6.88,6.89,6.9,6.91,6.92,6.93,22100,7900,7300,36000,17200,18000,2900,6300,22500,12000,11500,11800,6100,9200,21000,9600,7400,21900,19100,14800
342.0,6.84,503600,3465593.0,6.83,6.82,6.81,6.8,6.79,6.78,6.77,6.76,6.75,6.74,6.84,6.85,6.86,6.87,6.88,6.89,6.9,6.91,6.92,6.93,23000,7900,7300,36000,17200,18000,2900,6300,22500,12000,8700,11800,6100,9200,21000,9600,7400,21900,19100,14800
343.0,6.84,503600,3465593.0,6.83,6.82,6.81,6.8,6.79,6.78,6.77,6.76,6.75,6.74,6.84,6.85,6.86,6.87,6.88,6.89,6.9,6.91,6.92,6.93,23400,6300,7300,36000,17200,18000,2900,6300,22500,12000,9100,11800,6100,9200,21000,9600,7400,21900,19100,14800
344.0,6.84,503600,3465593.0,6.83,6.82,6.81,6.8,6.79,6.78,6.77,6.76,6.75,6.74,6.84,6.85,6.86,6.87,6.88,6.89,6.9,6.91,6.92,6.93,23400,6300,7300,36000,17200,18000,2900,6300,22500,12000,9100,11800,6100,9200,21000,9600,7400,21900,19100,14800
345.0,6.84,504500,3471749.0,6.83,6.82,6.81,6.8,6.79,6.78,6.77,6.76,6.75,6.74,6.84,6.85,6.86,6.87,6.88,6.89,6.9,6.91,6.92,6.93,24400,6300,7300,36000,17200,18000,2900,6300,22500,12000,9200,11800,6100,9200,21000,9600,7400,21900,19100,14800
346.0,6.84,504500,3471749.0,6.83,6.82,6.81,6.8,6.79,6.78,6.77,6.76,6.75,6.74,6.84,6.85,6.86,6.87,6.88,6.89,6.9,6.91,6.92,6.93,24400,6300,7300,36000,17200,18000,2900,6300,22500,12000,9200,11800,6100,9200,21000,9600,7400,21900,19100,14800
347.0,6.83,520000,3577615.0,6.83,6.82,6.81,6.8,6.79,6.78,6.77,6.76,6.75,6.74,6.84,6.85,6.86,6.87,6.88,6.89,6.9,6.91,6.92,6.93,9600,6300,7300,36000,17200,18000,2900,6300,22500,12000,9700,4000,5800,9200,23200,9600,7400,21900,19100,14800
348.0,6.83,520700,3582396.0,6.83,6.82,6.81,6.8,6.79,6.78,6.77,6.76,6.75,6.74,6.84,6.85,6.86,6.87,6.88,6.89,6.9,6.91,6.92,6.93,9400,6300,7300,34000,17200,18000,2900,6300,22500,12000,10200,4000,5800,9200,23200,9600,7400,21900,19100,14800
349.0,6.83,526000,3618605.0,6.83,6.82,6.81,6.8,6.79,6.78,6.77,6.76,6.75,6.74,6.84,6.85,6.86,6.87,6.88,6.89,6.9,6.91,6.92,6.93,5100,6300,7300,34000,17200,18000,2900,6300,22500,12000,9200,4000,5800,9200,23200,9600,7400,21900,19100,14800
350.0,6.83,528800,3637729.0,6.83,6.82,6.81,6.8,6.79,6.78,6.77,6.76,6.75,6.74,6.84,6.85,6.86,6.87,6.88,6.89,6.9,6.91,6.92,6.93,2300,6300,7600,34000,17200,18000,2900,6300,22500,12000,9700,4000,5800,5600,21700,9600,7400,21900,19100,14800
351.0,6.83,542100,3728697.0,6.83,6.82,6.81,6.8,6.79,6.78,6.77,6.76,6.75,6.74,6.85,6.86,6.87,6.88,6.89,6.9,6.91,6.92,6.93,6.94,4400,6300,11100,34000,17200,18000,2900,6300,22500,12000,5000,5800,5600,21700,9600,7400,21900,19100,14800,45400
352.0,6.83,543400,3737596.0,6.83,6.82,6.81,6.8,6.79,6.78,6.77,6.76,6.75,6.74,6.85,6.86,6.87,6.88,6.89,6.9,6.91,6.92,6.93,6.94,6500,6300,11100,34000,17200,18000,2900,6300,22500,12000,6400,5800,5600,21700,9600,7400,21900,19100,14800,45400
353.0,6.85,544600,3745816.0,6.83,6.82,6.81,6.8,6.79,6.78,6.77,6.76,6.75,6.74,6.85,6.86,6.87,6.88,6.89,6.9,6.91,6.92,6.93,6.94,7100,6300,11100,34000,17200,18000,2900,6300,22500,12000,5800,5800,5600,21700,9600,7400,21900,19100,14800,45400
354.0,6.85,544600,3745816.0,6.83,6.82,6.81,6.8,6.79,6.78,6.77,6.76,6.75,6.74,6.85,6.86,6.87,6.88,6.89,6.9,6.91,6.92,6.93,6.94,8000,6300,11100,34000,17200,18000,2900,6300,22500,12000,6500,5800,5600,21700,9600,7400,21900,19100,14800,45400
355.0,6.83,545700,3753329.0,6.84,6.83,6.82,6.81,6.8,6.79,6.78,6.77,6.76,6.75,6.85,6.86,6.87,6.88,6.89,6.9,6.91,6.92,6.93,6.94,100,8400,15100,11100,34000,17200,18000,2900,6300,22500,8000,5800,5600,21700,9600,7400,21900,19100,14800,45400
356.0,6.85,546500,3758809.0,6.84,6.83,6.82,6.81,6.8,6.79,6.78,6.77,6.76,6.75,6.85,6.86,6.87,6.88,6.89,6.9,6.91,6.92,6.93,6.94,100,8400,15100,11100,34000,17200,18000,2900,6300,22500,7200,5800,5600,21700,9600,7400,21900,19100,14800,45400
357.0,6.85,546500,3758809.0,6.84,6.83,6.82,6.81,6.8,6.79,6.78,6.77,6.76,6.75,6.85,6.86,6.87,6.88,6.89,6.9,6.91,6.92,6.93,6.94,100,8400,15100,11100,34000,17200,18000,2900,6300,22500,7200,5800,5600,21700,9600,7400,21900,19100,14800,45400
358.0,6.85,546500,3758809.0,6.84,6.83,6.82,6.81,6.8,6.79,6.78,6.77,6.76,6.75,6.85,6.86,6.87,6.88,6.89,6.9,6.91,6.92,6.93,6.94,100,8400,15100,11100,34000,17200,18000,2900,6300,22500,7200,5800,5600,21700,9600,7400,21900,19100,14800,45400
359.0,6.83,547500,3765654.0,6.83,6.82,6.81,6.8,6.79,6.78,6.77,6.76,6.75,6.74,6.85,6.86,6.87,6.88,6.89,6.9,6.91,6.92,6.93,6.94,8200,15100,11100,34000,17200,18000,2900,6300,22500,12000,6500,5800,5600,21700,9600,7400,21900,19100,14800,45400
360.0,6.81,577200,3968226.0,6.81,6.8,6.79,6.78,6.77,6.76,6.75,6.74,6.73,6.72,6.82,6.85,6.86,6.87,6.88,6.89,6.9,6.91,6.92,6.93,4700,34200,17200,18000,2900,6300,22500,12000,1000,31900,2000,6500,5800,5600,21700,9600,7400,21900,19100,14800
361.0,6.81,577200,3968226.0,6.81,6.8,6.79,6.78,6.77,6.76,6.75,6.74,6.73,6.72,6.82,6.85,6.86,6.87,6.88,6.89,6.9,6.91,6.92,6.93,4800,34200,17200,18000,2900,6300,22500,12000,1000,31900,2100,6500,5800,5600,21700,9600,7400,21900,19100,14800
362.0,6.81,580300,3989354.0,6.81,6.8,6.79,6.78,6.77,6.76,6.75,6.74,6.73,6.72,6.82,6.85,6.86,6.87,6.88,6.89,6.9,6.91,6.92,6.93,3400,34200,17200,18000,2900,6300,22500,12000,1000,31900,700,6500,5800,5600,21700,9600,7400,21900,19100,14800
363.0,6.82,580700,3992082.0,6.81,6.8,6.79,6.78,6.77,6.76,6.75,6.74,6.73,6.72,6.82,6.85,6.86,6.87,6.88,6.89,6.9,6.91,6.92,6.93,4000,34200,17200,18000,2900,6300,22500,12000,1000,31900,300,6500,5800,5600,21700,9600,7400,21900,19100,14800
364.0,6.82,580700,3992082.0,6.81,6.8,6.79,6.78,6.77,6.76,6.75,6.74,6.73,6.72,6.82,6.85,6.86,6.87,6.88,6.89,6.9,6.91,6.92,6.93,4200,34200,17200,18000,2900,6300,22500,12000,1000,31900,300,6500,5800,5600,19400,9600,7400,21900,19100,14800
365.0,6.82,580800,3992764.0,6.81,6.8,6.79,6.78,6.77,6.76,6.75,6.74,6.73,6.72,6.85,6.86,6.87,6.88,6.89,6.9,6.91,6.92,6.93,6.94,4200,34200,17200,18000,2900,6300,22500,12000,1000,31900,6500,5800,5600,19400,9600,7400,21900,19100,14800,45400
366.0,6.85,581400,3996874.0,6.81,6.8,6.79,6.78,6.77,6.76,6.75,6.74,6.73,6.72,6.85,6.86,6.87,6.88,6.89,6.9,6.91,6.92,6.93,6.94,4200,36000,17200,18000,2900,6300,22500,12000,1000,31900,5900,5800,5600,19400,9600,7400,21900,19100,14800,45400
367.0,6.85,581400,3996874.0,6.81,6.8,6.79,6.78,6.77,6.76,6.75,6.74,6.73,6.72,6.82,6.83,6.84,6.85,6.86,6.87,6.88,6.89,6.9,6.91,4900,47400,17200,18000,2900,6300,22500,12000,1000,31900,100,100,100,6600,2800,5600,19400,9600,7400,21900
368.0,6.81,585100,4022071.0,6.81,6.8,6.79,6.78,6.77,6.76,6.75,6.74,6.73,6.72,6.82,6.83,6.84,6.85,6.86,6.87,6.88,6.89,6.9,6.91,1400,47400,17200,18000,2900,6300,22500,12000,1000,31900,100,100,100,6600,2800,5600,19400,9600,7400,21900
369.0,6.82,585200,4022753.0,6.82,6.81,6.8,6.79,6.78,6.77,6.76,6.75,6.74,6.73,6.83,6.84,6.85,6.86,6.87,6.88,6.89,6.9,6.91,6.92,200,2000,47400,17200,18000,2900,6300,23700,12000,1000,100,100,6600,2800,5600,19400,9600,7400,21900,19100
370.0,6.82,585400,4024117.0,6.81,6.8,6.79,6.78,6.77,6.76,6.75,6.74,6.73,6.72,6.82,6.83,6.84,6.85,6.86,6.87,6.88,6.89,6.9,6.91,2500,47400,17200,18000,2900,6300,23900,12000,1000,31900,400,100,100,6600,2800,5600,19400,9600,7400,21900
371.0,6.82,585500,4024799.0,6.81,6.8,6.79,6.78,6.77,6.76,6.75,6.74,6.73,6.72,6.82,6.83,6.84,6.85,6.86,6.87,6.88,6.89,6.9,6.91,18600,45600,17200,18000,2900,6300,23900,12000,1000,31900,6700,100,100,6600,1500,5600,19400,9600,7400,21900
372.0,6.81,586400,4030934.0,6.81,6.8,6.79,6.78,6.77,6.76,6.75,6.74,6.73,6.72,6.82,6.83,6.84,6.85,6.86,6.87,6.88,6.89,6.9,6.91,18300,45600,17200,18000,2900,6300,23900,12000,1000,31900,6100,100,100,6600,1500,5600,19400,9600,7400,21900
373.0,6.82,586800,4033662.0,6.81,6.8,6.79,6.78,6.77,6.76,6.75,6.74,6.73,6.72,6.82,6.83,6.84,6.85,6.86,6.87,6.88,6.89,6.9,6.91,19200,45600,17200,18000,2900,6300,23900,12000,1000,31900,5700,100,100,6600,1500,5600,19400,9600,7400,21900
374.0,6.82,586800,4033662.0,6.81,6.8,6.79,6.78,6.77,6.76,6.75,6.74,6.73,6.72,6.82,6.83,6.84,6.85,6.86,6.87,6.88,6.89,6.9,6.91,19200,45600,17200,18000,2900,6300,23900,12000,1000,31900,5700,100,100,6600,1500,5600,19400,9600,7400,21900
375.0,6.82,592000,4069126.0,6.82,6.81,6.8,6.79,6.78,6.77,6.76,6.75,6.74,6.73,6.83,6.84,6.85,6.86,6.87,6.88,6.89,6.9,6.91,6.92,200,20200,45600,17200,18000,2900,6300,23900,12000,1000,200,100,6600,1500,5600,19400,9600,7400,21900,19100
376.0,6.82,592000,4069126.0,6.82,6.81,6.8,6.79,6.78,6.77,6.76,6.75,6.74,6.73,6.83,6.84,6.85,6.86,6.87,6.88,6.89,6.9,6.91,6.92,700,20200,45600,18200,18000,2900,6300,23900,12000,1000,300,100,6600,1500,5600,19400,9600,7400,21900,19100
377.0,6.81,594600,4086839.0,6.81,6.8,6.79,6.78,6.77,6.76,6.75,6.74,6.73,6.72,6.83,6.84,6.85,6.86,6.87,6.88,6.89,6.9,6.91,6.92,3900,45600,19200,18000,2900,6300,23900,12000,1000,31900,400,100,6600,1500,5600,19400,9600,7400,21900,19100
378.0,6.81,594600,4086839.0,6.81,6.8,6.79,6.78,6.77,6.76,6.75,6.74,6.73,6.72,6.83,6.84,6.85,6.86,6.87,6.88,6.89,6.9,6.91,6.92,5700,45600,19200,18000,2900,6300,23900,12000,1000,31900,2800,100,6600,1500,5600,19400,9600,7400,21900,19100
379.0,6.83,594800,4088205.0,6.81,6.8,6.79,6.78,6.77,6.76,6.75,6.74,6.73,6.72,6.83,6.84,6.85,6.86,6.87,6.88,6.89,6.9,6.91,6.92,6400,45600,16200,18000,2900,6300,23900,12000,1000,31900,3300,100,6600,1500,5600,19400,9600,7400,21900,19100
380.0,6.83,594800,4088205.0,6.81,6.8,6.79,6.78,6.77,6.76,6.75,6.74,6.73,6.72,6.82,6.83,6.84,6.85,6.86,6.87,6.88,6.89,6.9,6.91,10400,47200,16200,18000,2900,6300,23900,12000,1000,31900,400,7000,100,6600,1500,5600,19400,9600,7400,21900
381.0,6.83,594800,4088205.0,6.81,6.8,6.79,6.78,6.77,6.76,6.75,6.74,6.73,6.72,6.82,6.83,6.84,6.85,6.86,6.87,6.88,6.89,6.9,6.91,11000,47200,16200,18000,2900,6300,23900,12000,1000,31900,1700,7000,100,6600,1500,5600,19400,9600,7400,21900
382.0,6.8,619900,4258997.0,6.8,6.79,6.78,6.77,6.76,6.75,6.74,6.73,6.72,6.71,6.82,6.83,6.84,6.85,6.86,6.87,6.88,6.89,6.9,6.91,33400,16200,18000,2900,6300,23900,12000,1000,31900,22400,1700,7000,100,6600,1500,5600,19400,9600,7400,21900
383.0,6.81,620000,4259678.0,6.81,6.8,6.79,6.78,6.77,6.76,6.75,6.74,6.73,6.72,6.82,6.83,6.84,6.85,6.86,6.87,6.88,6.89,6.9,6.91,500,33400,16200,18000,2900,6300,23900,12000,1000,31900,1700,7000,100,6600,1500,5600,19400,9600,7400,21900
384.0,6.81,620200,4261040.0,6.81,6.8,6.79,6.78,6.77,6.76,6.75,6.74,6.73,6.72,6.82,6.83,6.84,6.85,6.86,6.87,6.88,6.89,6.9,6.91,300,33400,16200,18000,2900,6300,23900,12000,1000,32400,3300,9300,100,6600,1500,5600,19400,9600,7400,21900
385.0,6.81,620200,4261040.0,6.81,6.8,6.79,6.78,6.77,6.76,6.75,6.74,6.73,6.72,6.82,6.83,6.84,6.85,6.86,6.87,6.88,6.89,6.9,6.91,300,33400,16200,18000,2900,6300,23900,12000,1000,32400,3300,9300,100,6600,1500,5600,19400,9600,7400,21900
386.0,6.82,620500,4263086.0,6.81,6.8,6.79,6.78,6.77,6.76,6.75,6.74,6.73,6.72,6.82,6.83,6.84,6.85,6.86,6.87,6.88,6.89,6.9,6.91,300,37200,16200,18000,2900,6300,23900,12000,1000,32400,3000,9300,100,6600,1500,5600,19400,9600,7400,21900
387.0,6.82,620500,4263086.0,6.81,6.8,6.79,6.78,6.77,6.76,6.75,6.74,6.73,6.72,6.82,6.83,6.84,6.85,6.86,6.87,6.88,6.89,6.9,6.91,3100,38000,16200,18000,2900,6300,23900,12000,1000,32400,2900,9300,100,6600,1500,5600,19400,9600,7400,21900
388.0,6.82,621000,4266496.0,6.81,6.8,6.79,6.78,6.77,6.76,6.75,6.74,6.73,6.72,6.82,6.83,6.84,6.85,6.86,6.87,6.88,6.89,6.9,6.91,3800,38000,16200,18000,2900,6300,23900,12000,1000,32400,2400,9300,100,6600,1500,5600,19400,9600,7400,21900
389.0,6.81,622500,4276713.0,6.81,6.8,6.79,6.78,6.77,6.76,6.75,6.74,6.73,6.72,6.82,6.83,6.84,6.85,6.86,6.87,6.88,6.89,6.9,6.91,2500,38000,16200,18000,2900,6300,23900,12000,1000,32400,2200,9300,100,6600,1500,5600,19400,9600,7400,21900
390.0,6.81,622500,4276713.0,6.81,6.8,6.79,6.78,6.77,6.76,6.75,6.74,6.73,6.72,6.82,6.83,6.84,6.85,6.86,6.87,6.88,6.89,6.9,6.91,2500,38000,16200,28000,2900,6300,23900,12000,1000,32400,700,9300,100,6600,1500,5600,19400,9600,7400,21900
391.0,6.81,622500,4276713.0,6.81,6.8,6.79,6.78,6.77,6.76,6.75,6.74,6.73,6.72,6.82,6.83,6.84,6.85,6.86,6.87,6.88,6.89,6.9,6.91,2500,38000,16200,28000,2900,6300,23900,12000,1000,32400,700,9300,100,6600,1500,5600,19400,9600,7400,21900
392.0,6.81,622500,4276713.0,6.81,6.8,6.79,6.78,6.77,6.76,6.75,6.74,6.73,6.72,6.82,6.83,6.84,6.85,6.86,6.87,6.88,6.89,6.9,6.91,3400,38000,16200,28000,2900,6300,23900,12000,1000,32400,600,9300,100,6600,1500,5600,19400,9600,7400,21900
393.0,6.81,622500,4276713.0,6.81,6.8,6.79,6.78,6.77,6.76,6.75,6.74,6.73,6.72,6.82,6.83,6.84,6.85,6.86,6.87,6.88,6.89,6.9,6.91,3600,38000,16200,28000,2900,9300,23900,12000,1000,32400,600,9300,100,6600,1500,5600,19400,9600,7400,21900
394.0,6.82,622600,4277395.0,6.81,6.8,6.79,6.78,6.77,6.76,6.75,6.74,6.73,6.72,6.82,6.83,6.84,6.85,6.86,6.87,6.88,6.89,6.9,6.91,3600,38000,16200,28000,2900,9300,23900,12000,1000,32400,500,9300,100,6600,1500,5600,19400,9600,7400,21900
395.0,6.82,623000,4280123.0,6.81,6.8,6.79,6.78,6.77,6.76,6.75,6.74,6.73,6.72,6.82,6.83,6.84,6.85,6.86,6.87,6.88,6.89,6.9,6.91,12600,38000,16200,28000,2900,9300,23900,12000,1000,32400,100,9300,100,6600,1500,5600,19400,9600,7400,21900
396.0,6.82,623000,4280123.0,6.81,6.8,6.79,6.78,6.77,6.76,6.75,6.74,6.73,6.72,6.82,6.83,6.84,6.85,6.86,6.87,6.88,6.89,6.9,6.91,12600,38000,16200,28000,2900,9300,23900,12000,1000,32400,100,9300,100,6600,1500,5600,19400,9600,7400,21900
397.0,6.82,623000,4280123.0,6.81,6.8,6.79,6.78,6.77,6.76,6.75,6.74,6.73,6.72,6.82,6.83,6.84,6.85,6.86,6.87,6.88,6.89,6.9,6.91,12600,38000,16200,28000,2900,9300,23900,12000,1000,32400,100,9300,100,6600,1500,5600,19400,9600,7400,21900
398.0,6.82,625200,4295106.0,6.82,6.81,6.8,6.79,6.78,6.77,6.76,6.75,6.74,6.73,6.83,6.84,6.85,6.86,6.87,6.88,6.89,6.9,6.91,6.92,300,10500,38000,16200,28000,2900,9300,23900,12000,1000,9300,100,6600,1500,5600,19400,9600,7400,21900,19100
399.0,6.83,626100,4301253.0,6.82,6.81,6.8,6.79,6.78,6.77,6.76,6.75,6.74,6.73,6.83,6.84,6.85,6.86,6.87,6.88,6.89,6.9,6.91,6.92,300,10500,38000,16200,28000,2900,9300,23900,12000,1000,8400,100,6600,1500,5600,19400,9600,7400,21900,19100
400.0,6.82,627800,4312863.0,6.82,6.81,6.8,6.79,6.78,6.77,6.76,6.75,6.74,6.73,6.83,6.84,6.85,6.86,6.87,6.88,6.89,6.9,6.91,6.92,200,12700,38000,16200,28000,2900,9300,23900,12000,1000,6800,100,6600,1500,5600,19400,9600,7400,21900,19100
401.0,6.83,628400,4316961.0,6.82,6.81,6.8,6.79,6.78,6.77,6.76,6.75,6.74,6.73,6.83,6.84,6.85,6.86,6.87,6.88,6.89,6.9,6.91,6.92,200,12700,38000,16200,28000,2900,9300,23900,12000,1000,6200,100,6600,2100,5600,19400,9600,7400,21900,19100
402.0,6.83,629600,4325157.0,6.82,6.81,6.8,6.79,6.78,6.77,6.76,6.75,6.74,6.73,6.83,6.84,6.85,6.86,6.87,6.88,6.89,6.9,6.91,6.92,200,12700,38000,16200,28000,2900,9300,23900,12000,1000,5000,100,6600,2100,5600,19400,9600,7400,21900,19100
403.0,6.83,630100,4328572.0,6.82,6.81,6.8,6.79,6.78,6.77,6.76,6.75,6.74,6.73,6.83,6.84,6.85,6.86,6.87,6.88,6.89,6.9,6.91,6.92,200,12700,38000,16200,28000,2900,9300,23900,12000,1000,4500,100,6600,2100,5600,19400,9600,7400,21900,19100
404.0,6.83,630100,4328572.0,6.82,6.81,6.8,6.79,6.78,6.77,6.76,6.75,6.74,6.73,6.83,6.84,6.85,6.86,6.87,6.88,6.89,6.9,6.91,6.92,200,12700,38000,16200,28000,2900,9300,23900,12000,1000,4500,100,6600,2100,5600,19400,9600,7400,21900,19100
405.0,6.82,630300,4329936.0,6.81,6.8,6.79,6.78,6.77,6.76,6.75,6.74,6.73,6.72,6.82,6.83,6.84,6.85,6.86,6.87,6.88,6.89,6.9,6.91,12700,38000,16200,28000,2900,9300,23900,12000,1000,32400,5200,4500,100,6600,2100,5600,19400,9600,7400,21900
406.0,6.82,630800,4333346.0,6.81,6.8,6.79,6.78,6.77,6.76,6.75,6.74,6.73,6.72,6.82,6.83,6.84,6.85,6.86,6.87,6.88,6.89,6.9,6.91,12700,38000,16200,28000,2900,9300,23900,12000,1000,32400,4700,4500,100,6600,2100,5600,19400,9600,7400,21900
407.0,6.82,630800,4333346.0,6.81,6.8,6.79,6.78,6.77,6.76,6.75,6.74,6.73,6.72,6.82,6.83,6.84,6.85,6.86,6.87,6.88,6.89,6.9,6.91,12700,38000,16200,28000,2900,9300,23900,12000,1000,32400,7700,4500,100,6600,2100,5600,19400,9600,7400,21900
408.0,6.82,632300,4343576.0,6.81,6.8,6.79,6.78,6.77,6.76,6.75,6.74,6.73,6.72,6.82,6.83,6.84,6.85,6.86,6.87,6.88,6.89,6.9,6.91,12700,38000,16200,28000,2900,9300,23900,12000,1000,32400,6200,4500,100,6600,2100,5600,19400,9600,7400,21900
409.0,6.82,633500,4351760.0,6.81,6.8,6.79,6.78,6.77,6.76,6.75,6.74,6.73,6.72,6.82,6.83,6.84,6.85,6.86,6.87,6.88,6.89,6.9,6.91,12700,39000,16200,28000,2900,9300,23900,12000,1000,32400,5000,4500,100,6600,2100,5600,19400,9600,7400,21900
410.0,6.82,633500,4351760.0,6.81,6.8,6.79,6.78,6.77,6.76,6.75,6.74,6.73,6.72,6.82,6.83,6.84,6.85,6.86,6.87,6.88,6.89,6.9,6.91,12700,39000,16200,28000,2900,9300,23900,12000,1000,32400,5000,4500,100,6600,2100,5600,19400,9600,7400,21900
411.0,6.82,633700,4353124.0,6.81,6.8,6.79,6.78,6.77,6.76,6.75,6.74,6.73,6.72,6.82,6.83,6.84,6.85,6.86,6.87,6.88,6.89,6.9,6.91,22700,39000,16200,28500,2900,9300,23900,12000,1000,32400,6100,4500,100,6600,2100,5600,19400,9600,7400,21900
412.0,6.82,635500,4365400.0,6.81,6.8,6.79,6.78,6.77,6.76,6.75,6.74,6.73,6.72,6.82,6.83,6.84,6.85,6.86,6.87,6.88,6.89,6.9,6.91,22700,40000,16200,28500,2900,9300,23900,12000,1000,32400,4300,4500,100,6600,2100,5600,19400,9600,7400,21900
413.0,6.82,635500,4365400.0,6.81,6.8,6.79,6.78,6.77,6.76,6.75,6.74,6.73,6.72,6.82,6.83,6.84,6.85,6.86,6.87,6.88,6.89,6.9,6.91,22700,40000,16200,28500,2900,9300,23900,12000,1000,32400,4300,4500,100,6600,2100,5600,19400,9600,7400,21900
414.0,6.82,635500,4365400.0,6.81,6.8,6.79,6.78,6.77,6.76,6.75,6.74,6.73,6.72,6.82,6.83,6.84,6.85,6.86,6.87,6.88,6.89,6.9,6.91,22700,40000,16200,28500,2900,9300,23900,12000,1000,32400,4300,4500,100,6600,2100,5600,19400,9600,7400,21900
415.0,6.81,635800,4367443.0,6.81,6.8,6.79,6.78,6.77,6.76,6.75,6.74,6.73,6.72,6.82,6.83,6.84,6.85,6.86,6.87,6.88,6.89,6.9,6.91,22400,40000,16200,28500,2900,9300,23900,12000,1000,32400,4300,4500,100,6600,2100,5600,19400,9600,7400,21900
416.0,6.82,636700,4373581.0,6.81,6.8,6.79,6.78,6.77,6.76,6.75,6.74,6.73,6.72,6.82,6.83,6.84,6.85,6.86,6.87,6.88,6.89,6.9,6.91,22400,40000,16200,28500,2900,9300,23900,12000,1000,32400,3400,4500,100,6600,2100,5600,19400,9600,7400,21900
417.0,6.82,636700,4373581.0,6.81,6.8,6.79,6.78,6.77,6.76,6.75,6.74,6.73,6.72,6.82,6.83,6.84,6.85,6.86,6.87,6.88,6.89,6.9,6.91,22400,40000,16200,28500,2900,9300,23900,12000,1000,32400,3400,4500,100,6600,2100,5600,19400,9600,7400,21900
418.0,6.82,636700,4373581.0,6.81,6.8,6.79,6.78,6.77,6.76,6.75,6.74,6.73,6.72,6.82,6.83,6.84,6.85,6.86,6.87,6.88,6.89,6.9,6.91,22400,40000,16200,28500,2900,9300,23900,12000,1000,32400,3400,4500,100,6600,2100,5600,19400,9600,7400,21900
419.0,6.82,637000,4375627.0,6.81,6.8,6.79,6.78,6.77,6.76,6.75,6.74,6.73,6.72,6.82,6.83,6.84,6.85,6.86,6.87,6.88,6.89,6.9,6.91,22400,40000,16200,28500,2900,9300,23900,12000,1000,32400,3100,4500,100,6600,2100,5600,19400,9600,7400,21900
420.0,6.82,637000,4375627.0,6.81,6.8,6.79,6.78,6.77,6.76,6.75,6.74,6.73,6.72,6.82,6.83,6.84,6.85,6.86,6.87,6.88,6.89,6.9,6.91,23800,40000,16200,28500,2900,9300,23900,12000,1000,32400,3100,4500,100,6600,2100,5600,19400,9600,7400,21900
421.0,6.82,637000,4375627.0,6.81,6.8,6.79,6.78,6.77,6.76,6.75,6.74,6.73,6.72,6.82,6.83,6.84,6.85,6.86,6.87,6.88,6.89,6.9,6.91,28800,40000,16700,28500,2900,9300,23900,12000,1000,32400,4100,4500,100,6600,2100,5600,19400,9600,7400,21900
422.0,6.81,637800,4381079.0,6.81,6.8,6.79,6.78,6.77,6.76,6.75,6.74,6.73,6.72,6.82,6.83,6.84,6.85,6.86,6.87,6.88,6.89,6.9,6.91,28400,40000,16700,28600,2900,9300,23900,12000,1000,32400,3700,4500,100,6600,2100,5600,19400,9600,7400,21900
423.0,6.82,638800,4387899.0,6.81,6.8,6.79,6.78,6.77,6.76,6.75,6.74,6.73,6.72,6.82,6.83,6.84,6.85,6.86,6.87,6.88,6.89,6.9,6.91,28400,40000,16700,28600,2900,9300,23900,12000,1000,32400,2700,4500,100,9600,2100,5600,19400,9600,7400,21900
