LocalTime,LastPrice,TradeVolume,TradeValue,BidPrice1,BidPrice2,BidPrice3,BidPrice4,BidPrice5,BidPrice6,BidPrice7,BidPrice8,BidPrice9,BidPriceA,AskPrice1,AskPrice2,AskPrice3,AskPrice4,AskPrice5,AskPrice6,AskPrice7,AskPrice8,AskPrice9,AskPriceA,BidVolume1,BidVolume2,BidVolume3,BidVolume4,BidVolume5,BidVolume6,BidVolume7,BidVolume8,BidVolume9,BidVolumeA,AskVolume1,AskVolume2,AskVolume3,AskVolume4,AskVolume5,AskVolume6,AskVolume7,AskVolume8,AskVolume9,AskVolumeA
0.0,5.94,9700,57618.0,5.96,5.94,5.9,5.88,5.86,5.79,5.78,5.71,5.7,5.68,5.97,5.99,6.0,6.01,6.03,6.04,6.05,6.07,6.08,6.09,3600,6800,100,10800,500,10500,300,500,1300,5000,600,10000,11200,21000,2500,1000,1600,17000,500,10000
1.0,5.96,13200,78478.0,5.96,5.95,5.94,5.9,5.88,5.86,5.79,5.78,5.71,5.7,5.97,5.99,6.0,6.01,6.03,6.04,6.05,6.07,6.08,6.09,100,6000,6800,100,10800,500,10500,300,500,1300,48300,10000,11200,21000,2500,1000,1600,17000,500,10000
2.0,5.96,13200,78478.0,5.96,5.95,5.94,5.9,5.88,5.86,5.85,5.79,5.78,5.71,5.97,5.99,6.0,6.01,6.03,6.04,6.05,6.07,6.08,6.09,100,6000,6800,100,10800,500,32900,10500,300,500,61300,10000,11200,21000,2500,1000,3000,17000,500,10000
3.0,5.96,13300,79074.0,5.95,5.94,5.9,5.88,5.86,5.85,5.79,5.78,5.71,5.7,5.96,5.97,5.99,6.0,6.01,6.03,6.04,6.05,6.06,6.07,6000,6800,100,10800,500,32900,10500,300,500,1300,1100,61300,10000,11200,21000,3100,1000,3000,1000,17000
4.0,5.95,17900,106444.0,5.95,5.94,5.9,5.88,5.86,5.85,5.79,5.78,5.71,5.7,5.96,5.97,5.99,6.0,6.01,6.03,6.04,6.05,6.06,6.07,1400,6800,100,10800,500,32900,10500,300,500,1300,2900,61300,10000,11200,21000,3100,1000,3000,1000,21000
5.0,5.95,17900,106444.0,5.95,5.94,5.9,5.88,5.86,5.85,5.79,5.78,5.71,5.7,5.96,5.97,5.99,6.0,6.01,6.03,6.04,6.05,6.06,6.07,1400,6800,100,47500,500,32900,10500,300,500,1300,3300,63400,10000,11200,21700,3100,1000,3000,1000,21000
6.0,5.96,18200,108231.0,5.95,5.94,5.9,5.88,5.86,5.85,5.79,5.78,5.71,5.7,5.96,5.97,5.99,6.0,6.01,6.02,6.03,6.04,6.05,6.06,1300,6800,100,47500,500,33900,10500,300,500,1300,3300,63400,10000,11400,21700,1000,3100,1000,3000,1000
7.0,5.94,26300,156358.0,5.9,5.89,5.88,5.86,5.85,5.79,5.78,5.71,5.7,5.68,5.93,5.95,5.96,5.97,5.99,6.0,6.01,6.02,6.03,6.04,1200,6200,47500,500,33900,10500,300,500,1300,5000,1200,19300,5300,63400,10000,11400,31700,1000,3100,1000
8.0,5.95,36300,215834.0,5.9,5.89,5.88,5.86,5.85,5.79,5.78,5.71,5.7,5.68,5.95,5.96,5.97,5.99,6.0,6.01,6.02,6.03,6.04,6.05,1200,6200,36700,500,33900,10500,300,500,1300,5000,11700,6000,63400,10000,11400,31700,1000,3100,1000,3000
9.0,5.95,36400,216429.0,5.9,5.89,5.88,5.86,5.85,5.79,5.78,5.71,5.7,5.68,5.95,5.96,5.97,5.99,6.0,6.01,6.02,6.03,6.04,6.05,2100,6200,36700,500,36900,10500,300,500,1300,5000,12900,18600,63400,10000,11400,31700,1000,3100,1000,3000
10.0,5.9,36800,218804.0,5.91,5.9,5.89,5.88,5.86,5.85,5.79,5.78,5.71,5.7,5.95,5.96,5.97,5.99,6.0,6.01,6.02,6.03,6.04,6.05,1000,2000,6200,36700,500,36900,10500,300,500,1300,41500,14400,65400,10000,11400,31700,1000,3100,1000,3000
11.0,5.91,37000,219986.0,5.91,5.9,5.89,5.88,5.86,5.85,5.79,5.78,5.71,5.7,5.94,5.95,5.96,5.97,5.99,6.0,6.01,6.02,6.03,6.04,4500,2000,6200,36700,500,36900,10500,300,500,1300,700,41400,14500,65400,10000,11400,31700,1000,3100,1000
12.0,5.91,37000,219986.0,5.91,5.9,5.88,5.86,5.85,5.79,5.78,5.71,5.7,5.68,5.94,5.95,5.96,5.97,5.99,6.0,6.01,6.02,6.03,6.04,4500,2100,36700,500,36900,10500,300,500,1300,5000,500,38800,14500,65400,10000,11400,31700,1000,3100,1000
13.0,5.94,37200,221174.0,5.91,5.9,5.88,5.86,5.85,5.79,5.78,5.71,5.7,5.68,5.94,5.95,5.96,5.97,5.99,6.0,6.01,6.02,6.03,6.04,4600,2100,36700,6700,36900,10500,300,500,1300,5000,300,30200,14500,65400,10000,11400,31700,1000,3100,1000
14.0,5.94,37200,221174.0,5.92,5.91,5.9,5.88,5.86,5.85,5.79,5.78,5.71,5.7,5.94,5.95,5.96,5.97,5.99,6.0,6.01,6.02,6.03,6.04,1800,4600,2100,36700,6700,36900,10500,300,500,1300,300,14600,14500,65400,10000,11400,31700,1000,3100,1000
15.0,5.94,38100,226520.0,5.92,5.91,5.9,5.88,5.86,5.85,5.79,5.78,5.71,5.7,5.94,5.95,5.96,5.97,5.99,6.0,6.01,6.02,6.03,6.04,1800,4600,2100,36700,6700,41700,10500,300,500,1300,200,14900,14500,65400,10000,11400,31700,1000,3100,1000
16.0,5.92,38200,227112.0,5.92,5.91,5.9,5.88,5.86,5.85,5.79,5.78,5.71,5.7,5.93,5.94,5.95,5.96,5.97,5.99,6.0,6.01,6.02,6.03,1700,4600,2100,36700,6700,41700,10500,300,500,1300,600,300,14900,14500,65400,10000,11400,31700,1000,3100
17.0,5.92,38200,227112.0,5.92,5.91,5.9,5.88,5.86,5.85,5.79,5.78,5.71,5.7,5.93,5.94,5.95,5.96,5.97,5.99,6.0,6.01,6.02,6.03,1700,4600,2100,36700,6700,41700,10500,300,500,1300,600,300,14900,14500,65400,10000,11400,31700,1000,3100
18.0,5.93,38800,230670.0,5.93,5.92,5.91,5.9,5.88,5.86,5.85,5.79,5.78,5.71,5.94,5.95,5.96,5.97,5.99,6.0,6.01,6.02,6.03,6.04,100,1700,4600,2100,36700,6700,41700,10500,300,500,700,14900,14500,65400,10000,11400,31700,1000,3100,1000
19.0,5.93,38900,231263.0,5.92,5.91,5.9,5.88,5.86,5.85,5.79,5.78,5.71,5.7,5.93,5.94,5.95,5.96,5.97,5.99,6.0,6.01,6.02,6.03,1700,4600,2100,36700,6700,41700,10500,300,500,1300,100,700,14900,14900,65400,10000,11400,31700,1000,3100
20.0,5.94,39800,236608.0,5.92,5.91,5.9,5.88,5.86,5.85,5.79,5.78,5.71,5.7,5.94,5.95,5.96,5.97,5.99,6.0,6.01,6.02,6.03,6.04,1700,4600,2100,36700,500,41700,10500,300,500,1300,100,14900,14900,65400,10000,11400,31700,1000,3100,1000
21.0,5.92,40400,240160.0,5.92,5.91,5.9,5.88,5.86,5.85,5.79,5.78,5.71,5.7,5.94,5.95,5.96,5.97,5.99,6.0,6.01,6.02,6.03,6.04,1100,4600,2100,36700,500,41700,10500,300,500,1300,100,14900,14900,65400,10000,11400,31700,1000,3100,1000
22.0,5.92,40400,240160.0,5.92,5.91,5.9,5.88,5.86,5.85,5.79,5.78,5.71,5.7,5.94,5.95,5.96,5.97,5.99,6.0,6.01,6.02,6.03,6.04,1100,7100,2100,36700,500,41700,10500,300,500,1300,100,14900,14900,65400,10000,11400,31700,1000,3100,1000
23.0,5.92,40400,240160.0,5.92,5.91,5.9,5.88,5.86,5.85,5.79,5.78,5.71,5.7,5.94,5.95,5.96,5.97,5.99,6.0,6.01,6.02,6.03,6.04,1100,7100,2100,36700,500,41700,10500,300,500,1300,100,14900,14900,65400,10000,11400,31700,1000,3100,1000
24.0,5.92,40400,240160.0,5.92,5.91,5.9,5.88,5.86,5.85,5.79,5.78,5.71,5.7,5.94,5.95,5.96,5.97,5.99,6.0,6.01,6.02,6.03,6.04,1100,7100,2100,36700,500,41700,10500,300,500,1300,100,14900,14900,65400,10000,11400,31700,1000,3100,1000
25.0,5.92,40400,240160.0,5.92,5.91,5.9,5.88,5.86,5.85,5.79,5.78,5.71,5.7,5.94,5.95,5.96,5.97,5.99,6.0,6.01,6.02,6.03,6.04,1100,7100,2100,36700,500,41700,10500,300,500,1300,100,14900,14900,65400,10000,11400,31700,1000,3100,1000
26.0,5.92,40400,240160.0,5.92,5.91,5.9,5.88,5.86,5.85,5.79,5.78,5.71,5.7,5.94,5.95,5.96,5.97,5.99,6.0,6.01,6.02,6.03,6.04,1100,7100,2100,36700,500,41700,10500,300,500,1300,100,14900,14900,65400,10000,11400,31700,1000,3100,1000
27.0,5.92,40400,240160.0,5.92,5.91,5.9,5.88,5.86,5.85,5.79,5.78,5.71,5.7,5.94,5.95,5.96,5.97,5.99,6.0,6.01,6.02,6.03,6.04,1100,3100,2100,36700,500,41700,10500,300,500,1300,100,15700,14900,65400,10000,11400,36700,1000,3100,1000
28.0,5.92,40400,240160.0,5.92,5.91,5.9,5.88,5.86,5.85,5.79,5.78,5.71,5.7,5.94,5.95,5.96,5.97,5.99,6.0,6.01,6.02,6.03,6.04,1100,3100,2000,36700,500,41700,10500,300,500,1300,100,15700,14900,65400,10000,11400,36700,1000,3100,1000
29.0,5.92,40400,240160.0,5.92,5.91,5.9,5.88,5.86,5.85,5.79,5.78,5.71,5.7,5.94,5.95,5.96,5.97,5.98,5.99,6.0,6.01,6.02,6.03,1100,3100,2000,36700,500,41700,10500,300,500,1300,100,15700,14900,65400,1000,10000,11400,36700,1000,3100
30.0,5.92,40400,240160.0,5.92,5.91,5.9,5.88,5.86,5.85,5.79,5.78,5.71,5.7,5.94,5.95,5.96,5.97,5.98,5.99,6.0,6.01,6.02,6.03,1100,3100,2000,36700,500,41700,10500,300,500,1300,100,15700,14900,65400,1000,10000,11400,36700,1000,3100
31.0,5.92,40500,240752.0,5.92,5.91,5.9,5.88,5.86,5.85,5.79,5.78,5.71,5.7,5.94,5.95,5.96,5.97,5.98,5.99,6.0,6.01,6.02,6.03,1000,3100,2000,36700,500,41700,10500,300,500,1300,100,15700,14900,65400,1000,10000,11400,36700,1000,3100
32.0,5.92,40500,240752.0,5.92,5.91,5.9,5.89,5.88,5.86,5.85,5.79,5.78,5.71,5.94,5.95,5.96,5.97,5.98,5.99,6.0,6.01,6.02,6.03,1000,3100,2000,200,36700,500,41700,10500,300,500,500,15700,15700,65400,1000,10000,11400,36700,1000,3100
33.0,5.92,40700,241936.0,5.92,5.91,5.9,5.89,5.88,5.86,5.85,5.79,5.78,5.71,5.94,5.95,5.96,5.97,5.98,5.99,6.0,6.01,6.02,6.03,800,3100,2100,200,36700,500,41700,10500,300,500,600,15700,15700,65400,1000,10000,11400,36700,1000,3100
34.0,5.92,40700,241936.0,5.92,5.91,5.9,5.89,5.88,5.86,5.85,5.79,5.78,5.71,5.94,5.95,5.96,5.97,5.98,5.99,6.0,6.01,6.02,6.03,800,3100,2100,200,36700,500,41700,10500,300,500,600,15700,15700,65400,1000,10000,11400,36700,1000,3100
35.0,5.92,40800,242528.0,5.92,5.91,5.9,5.89,5.88,5.86,5.85,5.79,5.78,5.71,5.94,5.95,5.96,5.97,5.98,5.99,6.0,6.01,6.02,6.03,700,3100,2100,200,36700,500,41700,10500,300,500,600,15700,15700,65400,1000,10000,11400,36700,1000,3100
36.0,5.92,40800,242528.0,5.92,5.91,5.9,5.89,5.88,5.86,5.85,5.79,5.78,5.71,5.94,5.95,5.96,5.97,5.98,5.99,6.0,6.01,6.02,6.03,700,3100,2100,200,36700,500,41700,10500,300,500,600,15700,15700,65400,1000,10000,11400,36700,1000,3100
37.0,5.92,40800,242528.0,5.92,5.91,5.9,5.89,5.88,5.86,5.85,5.79,5.78,5.71,5.94,5.95,5.96,5.97,5.98,5.99,6.0,6.01,6.02,6.03,700,3100,2100,200,36700,500,41700,10500,300,500,600,15700,15700,65400,1000,10000,11400,36700,1000,3100
38.0,5.91,42500,252582.0,5.91,5.9,5.89,5.88,5.86,5.85,5.79,5.78,5.71,5.7,5.94,5.95,5.96,5.97,5.98,5.99,6.0,6.01,6.02,6.03,2100,2100,600,36700,500,41700,10500,300,500,1300,4600,15700,15100,65400,1000,10000,11400,36700,1000,3100
39.0,5.91,44200,262629.0,5.91,5.9,5.89,5.88,5.86,5.85,5.79,5.78,5.71,5.7,5.92,5.94,5.95,5.96,5.97,5.98,5.99,6.0,6.01,6.02,400,2100,1000,36700,500,41700,10500,300,500,1300,100,4600,15700,15100,65400,1000,10000,11400,36700,1000
40.0,5.92,45900,272665.0,5.92,5.91,5.9,5.89,5.88,5.86,5.85,5.79,5.78,5.71,5.93,5.94,5.95,5.96,5.97,5.98,5.99,6.0,6.01,6.02,400,100,900,3000,36700,500,41700,10500,300,500,100,4600,15700,15100,65400,1000,10000,11400,36700,1000
41.0,5.92,45900,272665.0,5.92,5.91,5.9,5.89,5.88,5.86,5.85,5.79,5.78,5.71,5.93,5.94,5.95,5.96,5.97,5.98,5.99,6.0,6.01,6.02,400,100,900,3000,36700,500,41700,10500,300,500,100,4600,15700,15100,65400,1000,10000,11400,36700,1000
42.0,5.92,45900,272665.0,5.92,5.91,5.9,5.89,5.88,5.86,5.85,5.79,5.78,5.71,5.93,5.94,5.95,5.96,5.97,5.98,5.99,6.0,6.01,6.02,400,100,900,3000,36700,500,41700,10500,300,500,100,4600,15700,15100,65400,1000,10000,11400,36700,1000
43.0,5.92,45900,272665.0,5.92,5.91,5.9,5.89,5.88,5.86,5.85,5.79,5.78,5.71,5.93,5.94,5.95,5.96,5.97,5.98,5.99,6.0,6.01,6.02,400,100,900,3000,36700,500,41700,10500,300,500,100,4600,15700,15100,65400,1000,10000,11400,36700,1000
44.0,5.92,45900,272665.0,5.92,5.91,5.9,5.89,5.88,5.86,5.85,5.79,5.78,5.71,5.93,5.94,5.95,5.96,5.97,5.98,5.99,6.0,6.01,6.02,400,100,900,3000,36700,500,41700,10500,300,500,100,4600,15700,15100,65400,1000,10000,11400,36700,1000
45.0,5.92,45900,272665.0,5.92,5.91,5.9,5.89,5.88,5.86,5.85,5.79,5.78,5.71,5.93,5.94,5.95,5.96,5.97,5.98,5.99,6.0,6.01,6.02,400,100,900,3000,36700,500,41700,10500,300,500,100,4600,15700,15100,65400,1000,10000,11400,36700,1000
46.0,5.92,45900,272665.0,5.92,5.91,5.9,5.89,5.88,5.86,5.85,5.79,5.78,5.71,5.93,5.94,5.95,5.96,5.97,5.98,5.99,6.0,6.01,6.02,400,100,900,3000,36700,500,41700,10500,300,500,100,14500,15700,15200,65400,1000,10000,11400,36700,1000
47.0,5.92,45900,272665.0,5.92,5.91,5.9,5.89,5.88,5.86,5.85,5.79,5.78,5.71,5.93,5.94,5.95,5.96,5.97,5.98,5.99,6.0,6.01,6.02,400,100,900,3000,36700,500,41700,10500,300,500,100,14500,15700,15200,65400,1000,10000,11400,36700,1000
48.0,5.92,46000,273257.0,5.92,5.91,5.9,5.89,5.88,5.86,5.85,5.79,5.78,5.71,5.93,5.94,5.95,5.96,5.97,5.98,5.99,6.0,6.01,6.02,600,100,900,3000,36700,500,41700,10500,300,500,100,14500,15800,15200,65400,1000,10000,11400,36700,1000
49.0,5.94,46600,276820.0,5.92,5.91,5.9,5.89,5.88,5.86,5.85,5.79,5.78,5.71,5.94,5.95,5.96,5.97,5.98,5.99,6.0,6.01,6.02,6.03,600,100,800,3000,36700,500,41700,10500,300,500,14000,15800,15200,62400,1000,10000,11400,36700,1000,3100
50.0,5.94,46600,276820.0,5.92,5.91,5.9,5.89,5.88,5.86,5.85,5.79,5.78,5.71,5.94,5.95,5.96,5.97,5.98,5.99,6.0,6.01,6.02,6.03,600,100,800,3000,36700,500,41700,10500,300,500,14000,15800,15200,62400,1000,10000,11400,36700,1000,3100
51.0,5.94,48000,285136.0,5.92,5.91,5.9,5.89,5.88,5.86,5.85,5.79,5.78,5.71,5.94,5.95,5.96,5.97,5.98,5.99,6.0,6.01,6.02,6.03,600,100,800,3000,36700,500,41700,10500,300,500,12600,15800,15200,62400,1000,10000,11400,36700,1000,3100
52.0,5.94,48000,285136.0,5.92,5.91,5.9,5.89,5.88,5.86,5.85,5.79,5.78,5.71,5.94,5.95,5.96,5.97,5.98,5.99,6.0,6.01,6.02,6.03,600,100,800,3000,36700,500,41700,10500,300,500,12600,15800,15200,62400,1000,10000,11400,36700,1000,3100
53.0,5.94,50500,299986.0,5.92,5.91,5.9,5.89,5.88,5.86,5.85,5.79,5.78,5.71,5.94,5.95,5.96,5.97,5.98,5.99,6.0,6.01,6.02,6.03,600,100,800,3000,36700,500,41700,10500,300,500,10100,15800,15200,62400,1000,10000,11400,36700,1000,3100
54.0,5.94,51500,305926.0,5.92,5.91,5.9,5.89,5.88,5.86,5.85,5.79,5.78,5.71,5.94,5.95,5.96,5.97,5.98,5.99,6.0,6.01,6.02,6.03,3400,100,800,3000,36700,500,41700,10500,300,500,9100,15800,15200,62400,1000,10000,11400,36700,1000,3100
55.0,5.94,51500,305926.0,5.92,5.9,5.89,5.88,5.86,5.85,5.79,5.78,5.71,5.7,5.94,5.95,5.96,5.97,5.98,5.99,6.0,6.01,6.02,6.03,3400,800,3000,36700,500,41700,10500,300,500,1300,9100,15800,15200,62400,1000,10000,11400,36700,1000,3100
56.0,5.94,51500,305926.0,5.92,5.9,5.89,5.88,5.86,5.85,5.79,5.78,5.71,5.7,5.94,5.95,5.96,5.97,5.98,5.99,6.0,6.01,6.02,6.03,3400,800,3000,36700,500,41700,10500,300,500,1300,9100,15800,15200,60400,1000,10000,11400,36700,1000,3100
57.0,5.94,51500,305926.0,5.92,5.9,5.89,5.88,5.86,5.85,5.79,5.78,5.71,5.7,5.94,5.95,5.96,5.97,5.98,5.99,6.0,6.01,6.02,6.03,3400,800,3000,36700,500,41700,10500,300,500,1300,9100,15800,15200,60400,1000,10000,11400,36700,1000,3100
58.0,5.94,52400,311272.0,5.92,5.9,5.89,5.88,5.86,5.85,5.79,5.78,5.71,5.7,5.94,5.95,5.96,5.97,5.98,5.99,6.0,6.01,6.02,6.03,4300,800,3000,36700,500,41700,10500,300,500,1300,8200,15800,15200,60400,1000,10000,11400,36700,1000,3100
59.0,5.92,52800,313640.0,5.92,5.9,5.89,5.88,5.86,5.85,5.79,5.78,5.71,5.7,5.94,5.95,5.96,5.97,5.98,5.99,6.0,6.01,6.02,6.03,3900,800,3000,36700,2000,41700,10500,300,500,1300,8200,15800,15200,60400,1000,10000,11400,36700,1000,3100
60.0,5.95,64100,380793.0,5.94,5.93,5.92,5.9,5.89,5.88,5.86,5.85,5.79,5.78,5.95,5.96,5.97,5.98,5.99,6.0,6.01,6.02,6.03,6.04,4000,400,3900,800,3000,36700,2000,41700,10500,300,12700,15200,60400,1000,10000,11400,36700,1000,3100,1000
61.0,5.94,64500,383169.0,5.94,5.93,5.92,5.9,5.89,5.88,5.86,5.85,5.79,5.78,5.95,5.96,5.97,5.98,5.99,6.0,6.01,6.02,6.03,6.04,3600,400,4300,800,3000,36700,2000,41700,10500,300,12700,15200,60400,1300,10000,11400,36700,1000,3100,1000
62.0,5.94,64500,383169.0,5.94,5.93,5.92,5.9,5.89,5.88,5.86,5.85,5.79,5.78,5.95,5.96,5.97,5.98,5.99,6.0,6.01,6.02,6.03,6.04,3600,400,4300,800,3000,36700,2000,41700,10500,300,12700,15200,60400,7400,10000,11400,36700,1000,3100,1000
63.0,5.94,64500,383169.0,5.94,5.93,5.92,5.9,5.89,5.88,5.86,5.85,5.84,5.79,5.95,5.96,5.97,5.98,5.99,6.0,6.01,6.02,6.03,6.04,3600,400,4300,800,3000,36700,2000,41700,2900,10500,12700,15200,60400,7400,10000,11400,36700,1000,3100,1000
64.0,5.94,65200,387327.0,5.94,5.93,5.92,5.9,5.89,5.88,5.86,5.85,5.84,5.79,5.95,5.96,5.97,5.98,5.99,6.0,6.01,6.02,6.03,6.04,600,400,4300,800,3000,36700,2000,41700,2900,10500,12700,15200,60400,7400,10000,11400,36700,1000,3100,1000
65.0,5.95,67700,402202.0,5.94,5.93,5.92,5.9,5.89,5.88,5.86,5.85,5.84,5.79,5.95,5.96,5.97,5.98,5.99,6.0,6.01,6.02,6.03,6.04,600,400,4300,800,3000,36700,2000,41700,2900,10500,10200,15200,60400,7400,10000,16400,36700,1000,3100,1000
66.0,5.95,67700,402202.0,5.94,5.93,5.92,5.9,5.89,5.88,5.86,5.85,5.84,5.79,5.95,5.96,5.97,5.98,5.99,6.0,6.01,6.02,6.03,6.04,600,400,4300,800,3000,36700,2000,41700,2900,10500,10200,15200,60400,7400,10000,16400,36700,1000,3100,1000
67.0,5.95,67700,402202.0,5.94,5.93,5.92,5.9,5.89,5.88,5.86,5.85,5.84,5.79,5.95,5.96,5.97,5.98,5.99,6.0,6.01,6.02,6.03,6.04,600,400,4300,800,3000,36700,2000,41700,2900,10500,10200,15200,60400,7400,10000,16400,36700,1000,3100,1000
68.0,5.95,67700,402202.0,5.94,5.93,5.92,5.9,5.89,5.88,5.86,5.85,5.84,5.79,5.95,5.96,5.97,5.98,5.99,6.0,6.01,6.02,6.03,6.04,600,400,4300,800,3000,36700,2000,41700,2900,10500,10200,15200,60400,7400,10000,16400,36700,1000,3100,1000
69.0,5.95,67700,402202.0,5.94,5.93,5.92,5.9,5.89,5.88,5.86,5.85,5.84,5.79,5.95,5.96,5.97,5.98,5.99,6.0,6.01,6.02,6.03,6.04,600,400,4300,2200,3000,36700,2000,41700,2900,10500,10200,15200,60400,7400,10000,16400,36700,1000,3100,1000
70.0,5.95,67700,402202.0,5.94,5.93,5.92,5.9,5.89,5.88,5.86,5.85,5.84,5.79,5.95,5.96,5.97,5.98,5.99,6.0,6.01,6.02,6.03,6.04,600,400,4300,2200,3000,36700,2000,41700,2900,10500,10200,15200,60400,7400,10000,16400,36700,1000,3100,1000
71.0,5.95,68700,408152.0,5.94,5.93,5.92,5.9,5.89,5.88,5.86,5.85,5.84,5.79,5.95,5.96,5.97,5.98,5.99,6.0,6.01,6.02,6.03,6.04,600,400,4300,2200,3000,36700,2000,41700,2900,10500,9200,15200,60400,7400,10000,16400,36700,1000,3100,1000
72.0,5.95,68700,408152.0,5.94,5.93,5.92,5.9,5.89,5.88,5.86,5.85,5.84,5.79,5.95,5.96,5.97,5.98,5.99,6.0,6.01,6.02,6.03,6.04,600,400,4300,14200,14700,36700,2000,41700,2900,10500,9200,15200,60400,7400,10000,16400,36700,1000,3100,1000
73.0,5.95,68900,409342.0,5.94,5.93,5.92,5.9,5.89,5.88,5.86,5.85,5.84,5.79,5.95,5.96,5.97,5.98,5.99,6.0,6.01,6.02,6.03,6.04,600,1600,4300,16200,14700,36700,2000,41700,2900,10500,9000,15200,60400,7400,10000,16400,36700,1000,3100,1000
74.0,5.95,68900,409342.0,5.94,5.93,5.92,5.9,5.89,5.88,5.86,5.85,5.84,5.79,5.95,5.96,5.97,5.98,5.99,6.0,6.01,6.02,6.03,6.04,600,1600,4300,16200,14700,36700,2000,41700,2900,10500,9000,15200,50400,7400,10000,16400,36700,1000,3100,1000
75.0,5.95,68900,409342.0,5.94,5.93,5.92,5.9,5.89,5.88,5.86,5.85,5.84,5.79,5.95,5.96,5.97,5.98,5.99,6.0,6.01,6.02,6.03,6.04,600,1600,4300,16200,14700,36700,2000,41700,2900,10500,9000,15200,50400,7400,10000,16400,36700,1000,3100,1000
76.0,5.95,70700,420052.0,5.94,5.93,5.92,5.9,5.89,5.88,5.86,5.85,5.84,5.79,5.95,5.96,5.97,5.98,5.99,6.0,6.01,6.02,6.03,6.04,600,1600,4300,16200,14700,36700,2000,41700,2900,10500,7200,15200,50400,7400,10000,16400,36700,1000,3100,1000
77.0,5.95,70700,420052.0,5.94,5.93,5.92,5.9,5.89,5.88,5.86,5.85,5.84,5.79,5.95,5.96,5.97,5.98,5.99,6.0,6.01,6.02,6.03,6.04,600,1600,4400,16200,14700,36700,2000,41700,2900,10500,7200,15200,50400,7400,10000,16400,36700,1000,3100,1000
78.0,5.95,70700,420052.0,5.94,5.93,5.92,5.9,5.89,5.88,5.86,5.85,5.84,5.79,5.95,5.96,5.97,5.98,5.99,6.0,6.01,6.02,6.03,6.04,600,1600,4400,16200,14700,36700,2000,41700,2900,10500,7200,15200,50400,7400,10000,16400,36700,1000,3100,1000
79.0,5.95,70700,420052.0,5.94,5.93,5.92,5.9,5.89,5.88,5.86,5.85,5.84,5.79,5.95,5.96,5.97,5.98,5.99,6.0,6.01,6.02,6.03,6.04,1200,1200,4400,16200,14700,36700,2000,41700,2900,10500,7200,15200,50400,7400,10000,16400,36700,1000,3100,1000
80.0,5.95,70700,420052.0,5.94,5.93,5.92,5.9,5.89,5.88,5.86,5.85,5.84,5.79,5.95,5.96,5.97,5.98,5.99,6.0,6.01,6.02,6.03,6.04,1500,1200,4400,16200,14700,36700,2000,41700,2900,10500,7200,15200,50400,7400,10000,16400,36700,1000,3100,1000
81.0,5.95,70900,421241.0,5.94,5.93,5.92,5.9,5.89,5.88,5.86,5.85,5.84,5.79,5.95,5.96,5.97,5.98,5.99,6.0,6.01,6.02,6.03,6.04,1400,1200,10200,16200,14700,36700,2000,41700,2900,10500,7100,15200,50400,7400,10000,16400,36700,1000,3100,1000
82.0,5.95,70900,421241.0,5.94,5.93,5.92,5.91,5.9,5.89,5.88,5.86,5.85,5.84,5.95,5.96,5.97,5.98,5.99,6.0,6.01,6.02,6.03,6.04,1400,1200,10200,11900,16200,14100,36700,2000,41700,2900,7100,15200,50400,7400,10000,16400,36700,1000,3100,1000
83.0,5.94,71000,421835.0,5.94,5.93,5.92,5.91,5.9,5.89,5.88,5.86,5.85,5.84,5.95,5.96,5.97,5.98,5.99,6.0,6.01,6.02,6.03,6.04,1300,1200,10200,11900,16200,14100,36700,2000,41700,2900,7100,15200,50400,7400,10000,16400,36700,1000,3100,1000
84.0,5.94,71000,421835.0,5.94,5.93,5.92,5.91,5.9,5.89,5.88,5.86,5.85,5.84,5.95,5.96,5.97,5.98,5.99,6.0,6.01,6.02,6.03,6.04,1300,1200,10200,11900,16200,14100,36700,2000,41700,2900,7100,15900,50400,7400,10000,16400,36700,1000,3100,1000
85.0,5.94,71000,421835.0,5.94,5.93,5.92,5.91,5.9,5.89,5.88,5.86,5.85,5.84,5.95,5.96,5.97,5.98,5.99,6.0,6.01,6.02,6.03,6.04,1300,1200,10200,11900,16200,14100,36700,2000,41700,2900,7100,15900,50400,7400,10000,16400,36700,1000,3100,1000
86.0,5.95,76200,452775.0,5.94,5.93,5.92,5.91,5.9,5.89,5.88,5.86,5.85,5.84,5.95,5.96,5.97,5.98,5.99,6.0,6.01,6.02,6.03,6.04,1300,1200,10200,11900,16200,14100,36700,2000,41700,2900,1900,15900,50400,7400,10000,16400,36700,1000,3100,1000
87.0,5.94,76300,453369.0,5.94,5.93,5.92,5.91,5.9,5.89,5.88,5.86,5.85,5.84,5.95,5.96,5.97,5.98,5.99,6.0,6.01,6.02,6.03,6.04,1600,1200,9100,11900,16200,14100,36700,2000,41700,2900,1900,15800,50400,7400,10000,16400,36700,1000,3100,1000
88.0,5.95,78200,464673.0,5.94,5.93,5.92,5.91,5.9,5.89,5.88,5.86,5.85,5.84,5.95,5.96,5.97,5.98,5.99,6.0,6.01,6.02,6.03,6.04,1500,1200,9100,11900,26600,14100,36700,2000,41700,2900,100,15800,50400,7400,10000,16400,36700,1000,3100,1000
89.0,5.95,78200,464673.0,5.94,5.93,5.92,5.91,5.9,5.89,5.88,5.86,5.85,5.84,5.95,5.96,5.97,5.98,5.99,6.0,6.01,6.02,6.03,6.04,1500,1200,9100,11900,26600,14100,36700,2000,41700,2900,100,15800,50400,7400,10000,16400,36700,1000,3100,1000
90.0,5.94,78300,465267.0,5.94,5.93,5.92,5.91,5.9,5.89,5.88,5.86,5.85,5.84,5.95,5.96,5.97,5.98,5.99,6.0,6.01,6.02,6.03,6.04,1400,1200,9100,11900,26600,14100,36700,2000,41700,2900,100,15800,50400,7400,10000,16400,36700,1000,3100,1000
91.0,5.94,78300,465267.0,5.94,5.93,5.92,5.91,5.9,5.89,5.88,5.86,5.85,5.84,5.95,5.96,5.97,5.98,5.99,6.0,6.01,6.02,6.03,6.04,1400,1200,9100,11900,26600,14100,36700,2000,41700,2900,100,15800,50400,7400,10000,16400,36700,1000,3100,1000
92.0,5.94,78300,465267.0,5.94,5.93,5.92,5.91,5.9,5.89,5.88,5.86,5.85,5.84,5.95,5.96,5.97,5.98,5.99,6.0,6.01,6.02,6.03,6.04,1400,1200,9100,11900,26600,13700,36700,2000,41700,2900,100,15800,50400,7100,10000,16400,36700,1000,3100,1000
93.0,5.94,78300,465267.0,5.94,5.93,5.92,5.91,5.9,5.89,5.88,5.86,5.85,5.84,5.95,5.96,5.97,5.98,5.99,6.0,6.01,6.02,6.03,6.04,1400,1200,9100,11900,26600,13700,36700,2000,41700,2900,100,15800,50400,7100,10000,16400,36700,1000,3100,1000
94.0,5.94,78400,465861.0,5.94,5.93,5.92,5.91,5.9,5.89,5.88,5.86,5.85,5.84,5.95,5.96,5.97,5.98,5.99,6.0,6.01,6.02,6.03,6.04,1300,1200,9100,11900,26600,13700,36700,2000,41700,2900,100,15800,50400,7100,10000,16400,36700,1000,3100,1000
95.0,5.94,78500,466455.0,5.94,5.93,5.92,5.91,5.9,5.89,5.88,5.86,5.85,5.84,5.95,5.96,5.97,5.98,5.99,6.0,6.01,6.02,6.03,6.04,1200,1200,9100,11900,26600,13700,36700,2000,41700,2900,100,15800,50400,7100,10000,16400,36700,1000,3100,1000
96.0,5.94,78500,466455.0,5.94,5.93,5.92,5.91,5.9,5.89,5.88,5.86,5.85,5.84,5.95,5.96,5.97,5.98,5.99,6.0,6.01,6.02,6.03,6.04,1200,1200,9000,11900,26600,13700,36700,2000,41700,2900,100,15800,50400,7100,10000,16400,36700,1000,3100,1000
97.0,5.94,78600,467049.0,5.94,5.93,5.92,5.91,5.9,5.89,5.88,5.86,5.85,5.84,5.95,5.96,5.97,5.98,5.99,6.0,6.01,6.02,6.03,6.04,1100,1200,9000,11900,26600,13700,36700,2000,41700,2900,100,15800,50400,7100,10000,16400,36700,1000,3100,1000
98.0,5.94,78600,467049.0,5.94,5.93,5.92,5.91,5.9,5.89,5.88,5.86,5.85,5.84,5.95,5.96,5.97,5.98,5.99,6.0,6.01,6.02,6.03,6.04,1100,1200,9000,11900,26600,13700,36700,2000,41700,2900,100,15800,50400,7100,10000,16400,36700,1000,3100,1000
99.0,5.94,78600,467049.0,5.94,5.93,5.92,5.91,5.9,5.89,5.88,5.86,5.85,5.84,5.95,5.96,5.97,5.98,5.99,6.0,6.01,6.02,6.03,6.04,1100,1200,9000,11900,26600,13700,36700,2000,41700,2900,100,15800,50400,7100,10000,16400,36700,1000,3100,1000
100.0,5.94,78700,467643.0,5.94,5.93,5.92,5.91,5.9,5.89,5.88,5.86,5.85,5.84,5.95,5.96,5.97,5.98,5.99,6.0,6.01,6.02,6.03,6.04,1000,1200,9000,11900,26600,13700,36700,2000,41700,2900,100,15800,50400,7100,10000,16400,36700,1000,3100,1000
101.0,5.95,78800,468238.0,5.95,5.94,5.93,5.92,5.91,5.9,5.89,5.88,5.86,5.85,5.96,5.97,5.98,5.99,6.0,6.01,6.02,6.03,6.04,6.05,1000,1000,1200,9000,11900,26600,13700,36700,2000,41700,15800,50400,7100,10000,16400,36700,1000,3100,1000,3000
102.0,5.95,78800,468238.0,5.95,5.94,5.93,5.92,5.91,5.9,5.89,5.88,5.86,5.85,5.96,5.97,5.98,5.99,6.0,6.01,6.02,6.03,6.04,6.05,1000,1100,1200,9000,11900,26600,13700,36700,2000,41700,15800,50400,7100,10000,16400,36700,1000,3100,1000,3000
103.0,5.95,79000,469428.0,5.95,5.94,5.93,5.92,5.91,5.9,5.89,5.88,5.86,5.85,5.96,5.97,5.98,5.99,6.0,6.01,6.02,6.03,6.04,6.05,800,1100,1200,9000,11900,26600,13700,36700,2000,41700,15800,50400,7100,10000,16400,36700,1000,3100,1000,3000
104.0,5.95,79000,469428.0,5.95,5.94,5.93,5.92,5.91,5.9,5.89,5.88,5.86,5.85,5.96,5.97,5.98,5.99,6.0,6.01,6.02,6.03,6.04,6.05,800,1100,1200,9000,11900,26600,13700,36700,2000,41700,15800,50400,7100,10000,16400,36700,1000,3100,1000,3000
105.0,5.95,79000,469428.0,5.95,5.94,5.93,5.92,5.91,5.9,5.89,5.88,5.86,5.85,5.96,5.97,5.98,5.99,6.0,6.01,6.02,6.03,6.04,6.05,800,1400,1200,6200,11900,26600,13700,36700,2000,41700,15800,50400,7100,10000,16400,36700,1000,3100,1000,3000
106.0,5.95,79000,469428.0,5.95,5.94,5.93,5.92,5.91,5.9,5.89,5.88,5.86,5.85,5.96,5.97,5.98,5.99,6.0,6.01,6.02,6.03,6.04,6.05,800,1400,1200,6200,11900,26600,13700,36700,2000,41700,15800,50400,7100,10000,16400,36700,1000,3100,1000,3000
107.0,5.95,79000,469428.0,5.95,5.94,5.93,5.92,5.91,5.9,5.89,5.88,5.86,5.85,5.96,5.97,5.98,5.99,6.0,6.01,6.02,6.03,6.04,6.05,800,1400,1200,6200,11900,26600,13700,36700,2000,41700,15800,50400,7100,10000,16400,36700,1000,3100,1000,3000
108.0,5.95,79000,469428.0,5.95,5.94,5.93,5.92,5.91,5.9,5.89,5.88,5.86,5.85,5.96,5.97,5.98,5.99,6.0,6.01,6.02,6.03,6.04,6.05,800,5300,1200,6100,11900,26600,13700,36700,2000,41700,15800,50400,7100,10000,16400,36700,1000,3100,1000,3000
109.0,5.95,79000,469428.0,5.95,5.94,5.93,5.92,5.91,5.9,5.89,5.88,5.86,5.85,5.96,5.97,5.98,5.99,6.0,6.01,6.02,6.03,6.04,6.05,800,5300,1200,5800,11900,26600,13700,36700,2000,41700,15800,50400,7100,10000,16400,36700,1000,3100,1000,3000
110.0,5.95,82200,488499.0,5.95,5.94,5.93,5.92,5.91,5.9,5.89,5.88,5.86,5.85,5.96,5.97,5.98,5.99,6.0,6.01,6.02,6.03,6.04,6.05,700,5500,1200,5800,11900,26600,13700,36700,2000,41700,12700,50400,7100,10000,16400,36700,1000,3100,1000,3000
111.0,5.95,82200,488499.0,5.95,5.94,5.93,5.92,5.91,5.9,5.89,5.88,5.86,5.85,5.96,5.97,5.98,5.99,6.0,6.01,6.02,6.03,6.04,6.05,700,5500,1200,5800,11900,26600,13700,36700,2000,41700,12700,50400,7100,10000,16400,36700,1000,3100,1000,3000
112.0,5.95,82900,492664.0,5.94,5.93,5.92,5.91,5.9,5.89,5.88,5.86,5.85,5.84,5.95,5.96,5.97,5.98,5.99,6.0,6.01,6.02,6.03,6.04,5900,1200,5800,11900,26600,13700,36700,2000,41700,2900,300,12700,50400,7100,10000,16400,36700,1000,3100,1000
113.0,5.94,83400,495634.0,5.94,5.93,5.92,5.91,5.9,5.89,5.88,5.86,5.85,5.84,5.95,5.96,5.97,5.98,5.99,6.0,6.01,6.02,6.03,6.04,5400,1200,5800,11900,26600,13700,36700,2000,41700,2900,300,12700,50400,7100,10000,16400,36700,1000,3100,1000
114.0,5.95,83700,497419.0,5.95,5.94,5.93,5.92,5.91,5.9,5.89,5.88,5.86,5.85,5.96,5.97,5.98,5.99,6.0,6.01,6.02,6.03,6.04,6.05,100,5400,1200,5800,11900,26600,13700,36700,2000,41700,12700,50400,7100,10000,16400,36700,1000,3100,1000,3000
115.0,5.95,83700,497419.0,5.95,5.94,5.93,5.92,5.91,5.9,5.89,5.88,5.86,5.85,5.96,5.97,5.98,5.99,6.0,6.01,6.02,6.03,6.04,6.05,100,5400,1200,5800,11900,26600,13700,36700,2000,41700,12700,50400,7100,10000,16400,36700,1000,3100,1000,3000
116.0,5.95,83700,497419.0,5.95,5.94,5.93,5.92,5.91,5.9,5.89,5.88,5.86,5.85,5.96,5.97,5.98,5.99,6.0,6.01,6.02,6.03,6.04,6.05,100,5400,1200,5800,11900,26600,13700,36700,2000,41700,12700,50400,7100,10000,16400,36700,1000,3100,1000,3000
117.0,5.95,83700,497419.0,5.95,5.94,5.93,5.92,5.91,5.9,5.89,5.88,5.86,5.85,5.96,5.97,5.98,5.99,6.0,6.01,6.02,6.03,6.04,6.05,100,5400,1200,5800,11900,26600,13700,36700,2000,41700,12700,50400,7100,10000,16400,36700,1000,3100,1000,3000
118.0,5.95,83700,497419.0,5.95,5.94,5.93,5.92,5.91,5.9,5.89,5.88,5.86,5.85,5.96,5.97,5.98,5.99,6.0,6.01,6.02,6.03,6.04,6.05,100,5500,1200,5800,11900,26600,13700,36700,2000,41700,12700,50400,7100,10000,16400,36700,1000,3100,1000,3000
119.0,5.95,83700,497419.0,5.95,5.94,5.93,5.92,5.91,5.9,5.89,5.88,5.86,5.85,5.96,5.97,5.98,5.99,6.0,6.01,6.02,6.03,6.04,6.05,100,5500,1200,5800,11900,26600,13700,36700,2000,41700,12700,50400,7100,10000,16400,36700,1000,3100,1000,3000
120.0,5.95,83700,497419.0,5.95,5.94,5.93,5.92,5.91,5.9,5.89,5.88,5.86,5.85,5.96,5.97,5.98,5.99,6.0,6.01,6.02,6.03,6.04,6.05,100,5500,1200,5800,11900,26600,13700,36700,2000,41700,12700,50400,7100,10000,16400,36700,1000,3100,1000,3000
121.0,5.95,83700,497419.0,5.95,5.94,5.93,5.92,5.91,5.9,5.89,5.88,5.86,5.85,5.96,5.97,5.98,5.99,6.0,6.01,6.02,6.03,6.04,6.05,100,5600,1200,5800,11900,26600,13700,36700,2000,41700,12700,50400,7100,10000,16400,36700,1000,3100,1000,3000
122.0,5.96,86200,512319.0,5.95,5.94,5.93,5.92,5.91,5.9,5.89,5.88,5.86,5.85,5.96,5.97,5.98,5.99,6.0,6.01,6.02,6.03,6.04,6.05,100,5600,1200,5800,11900,26600,13700,36700,2000,41700,10200,50400,7100,10000,18400,36700,1000,3100,1000,3000
123.0,5.96,86200,512319.0,5.95,5.94,5.93,5.92,5.91,5.9,5.89,5.88,5.86,5.85,5.96,5.97,5.98,5.99,6.0,6.01,6.02,6.03,6.04,6.05,100,5600,1200,5800,11900,26600,13700,36700,2000,41700,10200,50400,7100,10000,19000,36700,1000,3100,1000,3000
124.0,5.96,86200,512319.0,5.95,5.94,5.93,5.92,5.91,5.9,5.89,5.88,5.86,5.85,5.96,5.97,5.98,5.99,6.0,6.01,6.02,6.03,6.04,6.05,100,5600,1200,5800,11900,26600,13700,36700,2000,41700,10200,50400,7100,10000,19000,36700,1000,3100,1000,3000
125.0,5.96,86200,512319.0,5.95,5.94,5.93,5.92,5.91,5.9,5.89,5.88,5.86,5.85,5.96,5.97,5.98,5.99,6.0,6.01,6.02,6.03,6.04,6.05,100,5600,1200,5800,11900,26600,13700,36700,2000,41700,10200,50400,7100,10000,19000,36700,1000,3100,1000,3000
126.0,5.96,86200,512319.0,5.95,5.94,5.93,5.92,5.91,5.9,5.89,5.88,5.86,5.85,5.96,5.97,5.98,5.99,6.0,6.01,6.02,6.03,6.04,6.05,100,5600,1200,5800,11900,26600,13700,36700,2000,41700,10200,50400,7100,10000,19000,36700,1000,3100,1000,3000
127.0,5.96,86200,512319.0,5.95,5.94,5.93,5.92,5.91,5.9,5.89,5.88,5.86,5.85,5.96,5.97,5.98,5.99,6.0,6.01,6.02,6.03,6.04,6.05,100,5600,1200,5800,11900,26600,13700,36700,2000,41700,10200,50400,7100,10000,19000,36700,1000,3100,1000,3000
128.0,5.96,86200,512319.0,5.95,5.94,5.93,5.92,5.91,5.9,5.89,5.88,5.86,5.85,5.96,5.97,5.98,5.99,6.0,6.01,6.02,6.03,6.04,6.05,100,5600,1200,5800,11900,26600,13700,36700,2000,41700,10200,50400,7100,10000,19000,36700,1000,3100,1000,3000
129.0,5.96,86200,512319.0,5.95,5.94,5.93,5.92,5.91,5.9,5.89,5.88,5.86,5.85,5.96,5.97,5.98,5.99,6.0,6.01,6.02,6.03,6.04,6.05,100,5600,1200,5800,11900,26600,13700,36700,2000,41700,10200,50300,7100,10000,19000,36700,1000,3100,1000,3000
130.0,5.96,86200,512319.0,5.95,5.94,5.93,5.92,5.91,5.9,5.89,5.88,5.86,5.85,5.96,5.97,5.98,5.99,6.0,6.01,6.02,6.03,6.04,6.05,100,5600,1200,5800,11900,26600,13700,36700,2000,41700,10200,50300,7100,10000,19000,36700,1000,3100,1000,3000
131.0,5.95,86300,512914.0,5.94,5.93,5.92,5.91,5.9,5.89,5.88,5.86,5.85,5.84,5.96,5.97,5.98,5.99,6.0,6.01,6.02,6.03,6.04,6.05,5600,1200,5800,11900,26600,13700,36700,2000,41700,2900,10200,50300,7100,10000,19000,36700,1000,3100,1000,3000
132.0,5.95,86300,512914.0,5.94,5.93,5.92,5.91,5.9,5.89,5.88,5.86,5.85,5.84,5.96,5.97,5.98,5.99,6.0,6.01,6.02,6.03,6.04,6.05,5600,1200,5800,11900,26600,13700,36700,2000,41700,2900,10200,50300,7100,10000,19000,36700,1000,3100,1000,3000
133.0,5.94,87900,522418.0,5.94,5.93,5.92,5.91,5.9,5.89,5.88,5.86,5.85,5.84,5.96,5.97,5.98,5.99,6.0,6.01,6.02,6.03,6.04,6.05,4100,1200,5800,11900,26600,13700,36700,2000,41700,2900,10300,50300,7100,10000,19000,36700,1000,3100,1000,3000
134.0,5.94,87900,522418.0,5.94,5.93,5.92,5.91,5.9,5.89,5.88,5.86,5.85,5.84,5.96,5.97,5.98,5.99,6.0,6.01,6.02,6.03,6.04,6.05,4100,1200,5800,11900,26600,13700,36700,2000,41700,2900,10300,50300,7100,10000,19000,36700,1000,3100,1000,4500
135.0,5.94,87900,522418.0,5.94,5.93,5.92,5.91,5.9,5.89,5.88,5.86,5.85,5.84,5.96,5.97,5.98,5.99,6.0,6.01,6.02,6.03,6.04,6.05,4100,1200,5800,11900,26600,13700,36700,2000,41700,2900,10300,50300,7100,10000,19000,36700,1000,3100,1000,4500
136.0,5.94,88300,524794.0,5.94,5.93,5.92,5.91,5.9,5.89,5.88,5.86,5.85,5.84,5.96,5.97,5.98,5.99,6.0,6.01,6.02,6.03,6.04,6.05,3800,1200,5800,11900,26600,13700,36700,2000,41700,2900,10400,50300,7100,10000,19000,36700,1000,3100,1000,4500
137.0,5.94,88300,524794.0,5.94,5.93,5.92,5.91,5.9,5.89,5.88,5.86,5.85,5.84,5.95,5.96,5.97,5.98,5.99,6.0,6.01,6.02,6.03,6.04,3800,1200,5800,11900,26600,13700,36700,2000,41700,2900,1100,10400,50300,7400,10000,19000,36700,1000,3100,1000
138.0,5.94,88300,524794.0,5.94,5.93,5.92,5.91,5.9,5.89,5.88,5.86,5.85,5.84,5.95,5.96,5.97,5.98,5.99,6.0,6.01,6.02,6.03,6.04,3800,1200,5800,11900,26600,13700,36700,2000,41700,2900,1100,10400,50300,7400,10000,19000,36700,1000,3100,1000
139.0,5.94,88300,524794.0,5.94,5.93,5.92,5.91,5.9,5.89,5.88,5.86,5.85,5.84,5.95,5.96,5.97,5.98,5.99,6.0,6.01,6.02,6.03,6.04,3800,1200,5800,11900,26600,13700,36700,2000,41700,2900,1100,10400,50300,7400,10000,19000,36700,1000,3100,1000
140.0,5.94,88600,526576.0,5.94,5.93,5.92,5.91,5.9,5.89,5.88,5.86,5.85,5.84,5.95,5.96,5.97,5.98,5.99,6.0,6.01,6.02,6.03,6.04,3500,1200,5800,11900,26600,13700,36700,2000,41700,2900,1100,10400,50300,7400,10000,19000,36700,1000,3100,1000
141.0,5.94,88600,526576.0,5.94,5.93,5.92,5.91,5.9,5.89,5.88,5.86,5.85,5.84,5.95,5.96,5.97,5.98,5.99,6.0,6.01,6.02,6.03,6.04,3500,1200,5800,11900,26600,13700,36700,2000,41700,2900,1100,10400,50300,7400,10000,19000,36700,1000,3100,1000
142.0,5.94,88600,526576.0,5.94,5.93,5.92,5.91,5.9,5.89,5.88,5.86,5.85,5.84,5.95,5.96,5.97,5.98,5.99,6.0,6.01,6.02,6.03,6.04,3500,1200,5800,11900,26600,13700,36700,2000,41700,2900,1100,10400,50300,7400,10000,19000,36700,1000,3100,1000
143.0,5.94,88900,528358.0,5.94,5.93,5.92,5.91,5.9,5.89,5.88,5.86,5.85,5.84,5.95,5.96,5.97,5.98,5.99,6.0,6.01,6.02,6.03,6.04,3200,1200,5800,11900,26600,13700,36700,2000,41700,2900,1100,10400,50300,7400,10000,19000,36700,1000,3100,1000
144.0,5.94,88900,528358.0,5.94,5.93,5.92,5.91,5.9,5.89,5.88,5.86,5.85,5.84,5.95,5.96,5.97,5.98,5.99,6.0,6.01,6.02,6.03,6.04,3200,1200,5800,11900,26600,13700,36700,2000,41700,2900,1100,10400,50300,7400,10000,19000,36700,1000,3100,1000
145.0,5.94,89500,531922.0,5.94,5.93,5.92,5.91,5.9,5.89,5.88,5.86,5.85,5.84,5.95,5.96,5.97,5.98,5.99,6.0,6.01,6.02,6.03,6.04,2600,1200,5800,11900,26600,13700,36700,2000,41700,2900,3700,10400,50300,7400,10000,19000,36700,1000,3100,1000
146.0,5.94,89700,533110.0,5.94,5.93,5.92,5.91,5.9,5.89,5.88,5.86,5.85,5.84,5.95,5.96,5.97,5.98,5.99,6.0,6.01,6.02,6.03,6.04,2400,1200,5800,11900,26600,13700,36700,2000,41700,2900,3700,10400,50300,7400,10000,19000,36700,1000,3100,1000
147.0,5.94,89700,533110.0,5.94,5.93,5.92,5.91,5.9,5.89,5.88,5.86,5.85,5.84,5.95,5.96,5.97,5.98,5.99,6.0,6.01,6.02,6.03,6.04,2400,1200,5800,11900,26600,13700,36700,2000,41700,2900,3700,10400,50300,7400,10000,19000,36700,1000,3100,1000
148.0,5.94,89700,533110.0,5.94,5.93,5.92,5.91,5.9,5.89,5.88,5.86,5.85,5.84,5.95,5.96,5.97,5.98,5.99,6.0,6.01,6.02,6.03,6.04,2400,1200,5800,11900,26600,13700,36700,2000,41700,2900,3700,10400,50300,7400,10000,19000,36700,1000,3100,1000
149.0,5.94,89700,533110.0,5.94,5.93,5.92,5.91,5.9,5.89,5.88,5.86,5.85,5.84,5.95,5.96,5.97,5.98,5.99,6.0,6.01,6.02,6.03,6.04,2300,1200,5800,11900,26600,13700,36700,2000,41700,2900,3700,10400,50300,7400,10000,19000,36700,1000,3100,1000
150.0,5.95,90000,534893.0,5.94,5.93,5.92,5.91,5.9,5.89,5.88,5.86,5.85,5.84,5.95,5.96,5.97,5.98,5.99,6.0,6.01,6.02,6.03,6.04,2100,1200,5800,11900,26600,13700,36700,2000,41700,2900,3600,10400,50300,7400,10000,19000,36700,1000,3100,1000
151.0,5.95,90000,534893.0,5.94,5.93,5.92,5.91,5.9,5.89,5.88,5.86,5.85,5.84,5.95,5.96,5.97,5.98,5.99,6.0,6.01,6.02,6.03,6.04,2100,1200,5800,11900,26600,13700,36700,2000,41700,2900,3600,10400,50300,7400,10000,19000,36700,1000,3100,1000
152.0,5.94,90400,537269.0,5.94,5.93,5.92,5.91,5.9,5.89,5.88,5.86,5.85,5.84,5.95,5.96,5.97,5.98,5.99,6.0,6.01,6.02,6.03,6.04,1700,1200,5800,11900,26600,13700,36700,2000,41700,2900,3600,10400,50300,7400,10000,19000,36700,1000,3100,1000
153.0,5.94,90500,537863.0,5.94,5.93,5.92,5.91,5.9,5.89,5.88,5.86,5.85,5.84,5.95,5.96,5.97,5.98,5.99,6.0,6.01,6.02,6.03,6.04,1600,1200,5800,11900,26600,13700,36700,2000,41700,2900,3600,10400,50300,7400,10000,19000,36700,1000,3100,1000
154.0,5.95,90700,539052.0,5.94,5.93,5.92,5.91,5.9,5.89,5.88,5.86,5.85,5.84,5.95,5.96,5.97,5.98,5.99,6.0,6.01,6.02,6.03,6.04,1500,1200,5800,11900,26600,13700,36700,2000,41700,2900,3500,10400,50300,7400,10000,19000,36700,1000,3100,1000
155.0,5.95,90700,539052.0,5.94,5.93,5.92,5.91,5.9,5.89,5.88,5.86,5.85,5.84,5.95,5.96,5.97,5.98,5.99,6.0,6.01,6.02,6.03,6.04,1500,1200,5800,11900,26600,13700,36700,2000,41700,2900,3500,10400,50300,7400,10000,19000,36700,1000,3100,1000
156.0,5.94,91000,540834.0,5.94,5.93,5.92,5.91,5.9,5.89,5.88,5.86,5.85,5.84,5.95,5.96,5.97,5.98,5.99,6.0,6.01,6.02,6.03,6.04,3200,1200,5800,11900,26600,13700,36700,2000,41700,2900,3500,10400,50300,7400,10000,19000,36700,1000,3100,1000
157.0,5.95,93300,554516.0,5.94,5.93,5.92,5.91,5.9,5.89,5.88,5.86,5.85,5.84,5.95,5.96,5.97,5.98,5.99,6.0,6.01,6.02,6.03,6.04,2900,1200,5800,11900,26600,13700,36700,2000,41700,2900,1500,10400,50300,7400,10000,19000,36700,1000,3100,1000
158.0,5.95,93300,554516.0,5.94,5.93,5.92,5.91,5.9,5.89,5.88,5.86,5.85,5.84,5.95,5.96,5.97,5.98,5.99,6.0,6.01,6.02,6.03,6.04,2900,1200,5800,11900,26600,13700,36700,2000,41700,2900,1500,10400,50300,7400,10000,19000,36700,1000,3100,1000
159.0,5.95,93300,554516.0,5.94,5.93,5.92,5.91,5.9,5.89,5.88,5.86,5.85,5.84,5.95,5.96,5.97,5.98,5.99,6.0,6.01,6.02,6.03,6.04,2900,1200,5800,11900,26600,13700,36700,2000,41700,2900,1500,10400,50300,7400,10000,19000,36700,1000,3100,1000
160.0,5.94,93700,556892.0,5.94,5.93,5.92,5.91,5.9,5.89,5.88,5.86,5.85,5.84,5.95,5.96,5.97,5.98,5.99,6.0,6.01,6.02,6.03,6.04,2500,1200,5800,11900,26600,13700,36700,2000,41700,2900,1500,10400,50300,7400,10000,19000,36700,1000,3100,1000
161.0,5.94,93700,556892.0,5.94,5.93,5.92,5.91,5.9,5.89,5.88,5.86,5.85,5.84,5.95,5.96,5.97,5.98,5.99,6.0,6.01,6.02,6.03,6.04,2500,1200,5800,11900,26600,13700,36700,2000,41700,2900,1500,10400,50300,7400,10000,19000,36700,1000,3100,1000
162.0,5.94,93700,556892.0,5.94,5.93,5.92,5.91,5.9,5.89,5.88,5.86,5.85,5.84,5.95,5.96,5.97,5.98,5.99,6.0,6.01,6.02,6.03,6.04,2500,1200,5800,11900,26600,13700,36700,2000,41700,2900,1500,10400,50300,7400,10000,19000,36700,1000,3100,1000
163.0,5.94,93900,558080.0,5.94,5.93,5.92,5.91,5.9,5.89,5.88,5.86,5.85,5.84,5.95,5.96,5.97,5.98,5.99,6.0,6.01,6.02,6.03,6.04,2300,1200,5800,11900,26600,13700,36700,2000,41700,2900,1500,10500,50300,7400,10000,19000,36700,1000,3100,1000
164.0,5.94,93900,558080.0,5.94,5.93,5.92,5.91,5.9,5.89,5.88,5.86,5.85,5.84,5.95,5.96,5.97,5.98,5.99,6.0,6.01,6.02,6.03,6.04,2300,1200,5800,11900,26600,13700,36700,2000,41700,2900,1600,10500,50300,7400,10000,19000,36700,1000,3100,1000
165.0,5.94,93900,558080.0,5.94,5.93,5.92,5.91,5.9,5.89,5.88,5.86,5.85,5.84,5.95,5.96,5.97,5.98,5.99,6.0,6.01,6.02,6.03,6.04,2300,1200,5800,11900,26600,13700,36700,2000,41700,2900,1600,10500,50300,7400,10000,19000,36700,1000,3100,1000
166.0,5.94,93900,558080.0,5.94,5.93,5.92,5.91,5.9,5.89,5.88,5.86,5.85,5.84,5.95,5.96,5.97,5.98,5.99,6.0,6.01,6.02,6.03,6.04,2300,1200,5800,11900,26600,13700,36700,2000,41700,2900,1600,10500,50300,7400,10000,19000,36700,1000,3100,1000
167.0,5.94,94300,560456.0,5.94,5.93,5.92,5.91,5.9,5.89,5.88,5.86,5.85,5.84,5.95,5.96,5.97,5.98,5.99,6.0,6.01,6.02,6.03,6.04,1900,1200,5800,11900,26600,13700,36700,2000,41700,2900,1600,10500,50300,7400,10000,19000,36700,1000,3100,1000
168.0,5.94,94600,562238.0,5.94,5.93,5.92,5.91,5.9,5.89,5.88,5.86,5.85,5.84,5.95,5.96,5.97,5.98,5.99,6.0,6.01,6.02,6.03,6.04,1600,1200,5800,11900,26600,13700,36700,2000,41700,2900,1600,10500,50300,7400,10000,19000,36700,1000,3100,1000
169.0,5.94,94600,562238.0,5.94,5.93,5.92,5.91,5.9,5.89,5.88,5.86,5.85,5.84,5.95,5.96,5.97,5.98,5.99,6.0,6.01,6.02,6.03,6.04,1600,1200,5800,11900,26600,13700,36700,2000,41700,2900,1600,10500,50300,7400,10000,19000,36700,1000,3100,1000
170.0,5.94,94700,562832.0,5.94,5.93,5.92,5.91,5.9,5.89,5.88,5.86,5.85,5.84,5.95,5.96,5.97,5.98,5.99,6.0,6.01,6.02,6.03,6.04,1500,1200,5800,11900,26600,13700,36700,2000,41700,2900,1600,10500,50300,7400,10000,19000,36700,1000,3100,1000
171.0,5.94,94700,562832.0,5.94,5.93,5.92,5.91,5.9,5.89,5.88,5.86,5.85,5.84,5.95,5.96,5.97,5.98,5.99,6.0,6.01,6.02,6.03,6.04,1500,1200,5800,11900,26600,13700,36700,2000,41700,2900,1600,10500,50300,7400,10000,19000,36700,1000,3100,1000
172.0,5.94,94700,562832.0,5.94,5.93,5.92,5.91,5.9,5.89,5.88,5.86,5.85,5.84,5.95,5.96,5.97,5.98,5.99,6.0,6.01,6.02,6.03,6.04,1500,1200,5800,11900,26600,13700,36700,2000,41700,2900,1600,10500,50300,7400,10000,19000,36700,1000,3100,1000
173.0,5.94,94800,563426.0,5.94,5.93,5.92,5.91,5.9,5.89,5.88,5.86,5.85,5.84,5.95,5.96,5.97,5.98,5.99,6.0,6.01,6.02,6.03,6.04,1400,1200,5800,11900,26600,13700,36700,2000,41700,2900,1600,10500,50300,7400,10000,19000,36700,1000,3100,1000
174.0,5.94,94900,564020.0,5.94,5.93,5.92,5.91,5.9,5.89,5.88,5.86,5.85,5.84,5.95,5.96,5.97,5.98,5.99,6.0,6.01,6.02,6.03,6.04,1300,1200,5800,11900,26600,13700,36700,2000,41700,2900,1600,10500,50300,7400,10000,19000,36700,1000,3100,1000
175.0,5.94,94900,564020.0,5.94,5.93,5.92,5.91,5.9,5.89,5.88,5.86,5.85,5.84,5.95,5.96,5.97,5.98,5.99,6.0,6.01,6.02,6.03,6.04,1300,1200,5800,11900,26600,13700,36700,2000,41700,2900,1600,10500,50300,7400,10000,19000,36700,1000,3100,1000
176.0,5.94,95000,564614.0,5.94,5.93,5.92,5.91,5.9,5.89,5.88,5.86,5.85,5.84,5.95,5.96,5.97,5.98,5.99,6.0,6.01,6.02,6.03,6.04,1200,1200,5800,11900,26600,13700,36700,2000,41700,2900,1600,10500,50300,7400,10000,19000,36700,1000,3100,1000
177.0,5.94,95000,564614.0,5.94,5.93,5.92,5.91,5.9,5.89,5.88,5.86,5.85,5.84,5.95,5.96,5.97,5.98,5.99,6.0,6.01,6.02,6.03,6.04,1200,1200,5800,11900,26600,13700,36700,2000,41700,2900,1600,10500,50300,7400,10000,19000,36700,1000,3100,1000
178.0,5.94,95000,564614.0,5.94,5.93,5.92,5.91,5.9,5.89,5.88,5.86,5.85,5.84,5.95,5.96,5.97,5.98,5.99,6.0,6.01,6.02,6.03,6.04,1200,1200,5800,11900,26600,13700,36700,2000,41700,2900,1600,10500,50300,7400,10000,19000,36700,1000,3100,1000
179.0,5.94,95000,564614.0,5.94,5.93,5.92,5.91,5.9,5.89,5.88,5.86,5.85,5.84,5.95,5.96,5.97,5.98,5.99,6.0,6.01,6.02,6.03,6.04,1200,1200,5800,11900,26600,13700,36700,2000,41700,2900,1600,10500,50300,7400,10000,19000,36700,1000,3100,1000
180.0,5.94,95300,566396.0,5.94,5.93,5.92,5.91,5.9,5.89,5.88,5.86,5.85,5.84,5.95,5.96,5.97,5.98,5.99,6.0,6.01,6.02,6.03,6.04,900,1200,5800,11900,26600,13700,36700,2000,41700,2900,1600,10500,50300,7400,10000,19000,36700,1000,3100,1000
181.0,5.94,95300,566396.0,5.94,5.93,5.92,5.91,5.9,5.89,5.88,5.86,5.85,5.84,5.95,5.96,5.97,5.98,5.99,6.0,6.01,6.02,6.03,6.04,900,1200,5800,11900,26600,13700,36700,2000,41700,2900,1600,10500,50300,7400,10000,19000,36700,1000,3100,1000
182.0,5.94,95300,566396.0,5.94,5.93,5.92,5.91,5.9,5.89,5.88,5.86,5.85,5.84,5.95,5.96,5.97,5.98,5.99,6.0,6.01,6.02,6.03,6.04,900,1200,5800,11900,26600,13700,36700,2000,41700,2900,1600,10500,50300,7400,10000,19000,36700,1000,3100,1000
183.0,5.94,95300,566396.0,5.94,5.93,5.92,5.91,5.9,5.89,5.88,5.86,5.85,5.84,5.95,5.96,5.97,5.98,5.99,6.0,6.01,6.02,6.03,6.04,900,1200,5800,11900,26600,13700,36700,2000,41700,2900,1600,10500,50300,7400,10000,19000,36700,1000,3100,1000
184.0,5.94,95300,566396.0,5.94,5.93,5.92,5.91,5.9,5.89,5.88,5.86,5.85,5.84,5.95,5.96,5.97,5.98,5.99,6.0,6.01,6.02,6.03,6.04,900,1200,5800,11900,26600,13700,36700,2000,41700,2900,1600,10500,50300,7400,10000,19000,36700,1000,3100,1000
185.0,5.94,95300,566396.0,5.94,5.93,5.92,5.91,5.9,5.89,5.88,5.86,5.85,5.84,5.95,5.96,5.97,5.98,5.99,6.0,6.01,6.02,6.03,6.04,900,1200,5800,11900,26600,13700,36700,2000,41700,2900,1600,10500,50300,7400,10000,19000,36700,1000,3100,1000
186.0,5.94,95400,566990.0,5.94,5.93,5.92,5.91,5.9,5.89,5.88,5.86,5.85,5.84,5.95,5.96,5.97,5.98,5.99,6.0,6.01,6.02,6.03,6.04,800,1200,5800,11900,26600,13700,36700,2000,41700,2900,1600,10500,50300,8400,10000,19000,36700,1000,3100,1000
187.0,5.94,95400,566990.0,5.94,5.93,5.92,5.91,5.9,5.89,5.88,5.86,5.85,5.84,5.95,5.96,5.97,5.98,5.99,6.0,6.01,6.02,6.03,6.04,800,1200,5800,11900,26600,13700,36700,2000,41700,2900,1600,10500,50300,8400,10000,19000,36700,1000,3100,1000
188.0,5.95,97000,576510.0,5.95,5.94,5.93,5.92,5.91,5.9,5.89,5.88,5.86,5.85,5.96,5.97,5.98,5.99,6.0,6.01,6.02,6.03,6.04,6.05,400,800,1200,5800,11900,26600,13700,36700,2000,41700,10500,50300,8400,10000,19000,36700,1000,3100,1000,5500
189.0,5.95,97000,576510.0,5.95,5.94,5.93,5.92,5.91,5.9,5.89,5.88,5.86,5.85,5.96,5.97,5.98,5.99,6.0,6.01,6.02,6.03,6.04,6.05,400,800,1200,5800,11900,26600,13700,36700,2000,41700,10500,50300,8400,10000,19000,36700,1000,3100,1000,5500
190.0,5.95,97000,576510.0,5.95,5.94,5.93,5.92,5.91,5.9,5.89,5.88,5.86,5.85,5.96,5.97,5.98,5.99,6.0,6.01,6.02,6.03,6.04,6.05,400,800,1200,5800,11900,26600,13700,36700,2000,41700,10500,50300,8400,10000,19000,36700,1000,3100,1000,5500
191.0,5.95,97000,576510.0,5.95,5.94,5.93,5.92,5.91,5.9,5.89,5.88,5.86,5.85,5.96,5.97,5.98,5.99,6.0,6.01,6.02,6.03,6.04,6.05,400,800,1200,5800,11900,26600,13700,36700,2000,41700,10500,50300,8400,10000,19000,36700,1000,3100,1000,5500
192.0,5.95,97000,576510.0,5.95,5.94,5.93,5.92,5.91,5.9,5.89,5.88,5.86,5.85,5.96,5.97,5.98,5.99,6.0,6.01,6.02,6.03,6.04,6.05,400,800,1200,5800,11900,26600,13700,36700,2000,41700,10500,50300,8400,10000,19000,36700,1000,3100,1000,5500
193.0,5.95,97000,576510.0,5.95,5.94,5.93,5.92,5.91,5.9,5.89,5.88,5.86,5.85,5.96,5.97,5.98,5.99,6.0,6.01,6.02,6.03,6.04,6.05,400,800,1200,5800,11900,26600,13700,36700,2000,41700,10500,50300,8400,10000,19000,36700,1000,3100,1000,5500
194.0,5.95,97000,576510.0,5.95,5.94,5.93,5.92,5.91,5.9,5.89,5.88,5.86,5.85,5.96,5.97,5.98,5.99,6.0,6.01,6.02,6.03,6.04,6.05,400,800,1200,5800,11900,26600,13700,36700,2000,41700,10500,50300,8400,10000,19000,36700,1000,3100,1000,5500
195.0,5.95,97000,576510.0,5.95,5.94,5.93,5.92,5.91,5.9,5.89,5.88,5.86,5.85,5.96,5.97,5.98,5.99,6.0,6.01,6.02,6.03,6.04,6.05,400,800,1200,5800,11900,26600,13700,36700,2000,41700,10500,50300,8400,10000,19000,36700,1000,3100,1000,5500
196.0,5.95,97000,576510.0,5.95,5.94,5.93,5.92,5.91,5.9,5.89,5.88,5.86,5.85,5.96,5.97,5.98,5.99,6.0,6.01,6.02,6.03,6.04,6.05,400,800,1200,5800,11900,26600,13700,36700,2000,41700,10500,50300,8400,10000,19000,36700,1000,3100,1000,5500
197.0,5.94,98200,583642.0,5.94,5.93,5.92,5.91,5.9,5.89,5.88,5.86,5.85,5.84,5.96,5.97,5.98,5.99,6.0,6.01,6.02,6.03,6.04,6.05,300,1200,5800,11900,26600,13700,36700,2000,41700,2900,10500,50300,8400,10000,19000,36700,1000,3100,1000,5500
198.0,5.94,98200,583642.0,5.94,5.93,5.92,5.91,5.9,5.89,5.88,5.86,5.85,5.84,5.96,5.97,5.98,5.99,6.0,6.01,6.02,6.03,6.04,6.05,300,1200,5800,11900,25200,13700,36700,2000,41700,2900,10500,50300,8400,10000,19000,36700,1000,3100,1000,5500
199.0,5.94,98200,583642.0,5.94,5.93,5.92,5.91,5.9,5.89,5.88,5.86,5.85,5.84,5.96,5.97,5.98,5.99,6.0,6.01,6.02,6.03,6.04,6.05,400,1200,5800,11900,25200,13700,36700,2000,41700,2900,10600,50300,8400,10000,19000,36700,1000,3100,1000,5500
200.0,5.94,98600,586018.0,5.93,5.92,5.91,5.9,5.89,5.88,5.86,5.85,5.84,5.79,5.96,5.97,5.98,5.99,6.0,6.01,6.02,6.03,6.04,6.05,1200,5800,11900,25200,13700,36700,2000,41700,2900,10500,10600,50300,8400,10000,19000,36700,1000,3100,1000,5500
201.0,5.93,98700,586611.0,5.93,5.92,5.91,5.9,5.89,5.88,5.86,5.85,5.84,5.79,5.96,5.97,5.98,5.99,6.0,6.01,6.02,6.03,6.04,6.05,1100,5800,11900,25200,13700,36700,2000,41700,2900,10500,10600,50300,8400,10000,19000,36700,1000,3100,1000,5500
202.0,5.93,98700,586611.0,5.93,5.92,5.91,5.9,5.89,5.88,5.86,5.85,5.84,5.79,5.96,5.97,5.98,5.99,6.0,6.01,6.02,6.03,6.04,6.05,1100,5800,11900,25200,13700,36700,2000,41700,2900,10500,10600,50300,8400,10000,19000,36700,1000,3100,1000,5500
203.0,5.93,98900,587797.0,5.93,5.92,5.91,5.9,5.89,5.88,5.86,5.85,5.84,5.79,5.96,5.97,5.98,5.99,6.0,6.01,6.02,6.03,6.04,6.05,900,5800,11900,25200,13700,36700,2000,41700,2900,10500,10600,50300,8400,10000,19000,36700,1000,3100,1000,5500
204.0,5.93,98900,587797.0,5.93,5.92,5.91,5.9,5.89,5.88,5.86,5.85,5.84,5.79,5.96,5.97,5.98,5.99,6.0,6.01,6.02,6.03,6.04,6.05,900,5800,11900,25200,13700,36700,2000,41700,2900,10500,10600,50300,8400,10000,19000,36700,1000,3100,1000,5500
205.0,5.93,98900,587797.0,5.93,5.92,5.91,5.9,5.89,5.88,5.86,5.85,5.84,5.79,5.96,5.97,5.98,5.99,6.0,6.01,6.02,6.03,6.04,6.05,900,5800,11900,25200,13700,36700,2000,41700,2900,10500,10600,50300,8400,10000,19000,36700,1000,3100,1000,5500
206.0,5.93,98900,587797.0,5.93,5.92,5.91,5.9,5.89,5.88,5.86,5.85,5.84,5.79,5.96,5.97,5.98,5.99,6.0,6.01,6.02,6.03,6.04,6.05,900,5800,11900,25200,13700,36700,2000,41700,2900,10500,10600,50300,8400,10000,19000,36700,1000,3100,1000,5500
207.0,5.93,98900,587797.0,5.93,5.92,5.91,5.9,5.89,5.88,5.86,5.85,5.84,5.79,5.96,5.97,5.98,5.99,6.0,6.01,6.02,6.03,6.04,6.05,900,5800,11900,25200,13700,36700,2000,41700,2900,10500,10600,50300,8400,10000,19000,36700,1000,3100,1000,5500
208.0,5.93,98900,587797.0,5.93,5.92,5.91,5.9,5.89,5.88,5.86,5.85,5.84,5.79,5.96,5.97,5.98,5.99,6.0,6.01,6.02,6.03,6.04,6.05,900,5800,11900,25200,13700,36700,2000,41700,2900,10500,10600,50300,8400,10000,19000,36700,1000,3100,1000,5500
209.0,5.93,98900,587797.0,5.93,5.92,5.91,5.9,5.89,5.88,5.86,5.85,5.84,5.79,5.96,5.97,5.98,5.99,6.0,6.01,6.02,6.03,6.04,6.05,900,5800,11900,25200,13700,36700,2000,41700,2900,10500,10600,50300,8400,10000,19000,36700,1000,3100,1000,5500
210.0,5.93,98900,587797.0,5.94,5.93,5.92,5.91,5.9,5.89,5.88,5.86,5.85,5.84,5.96,5.97,5.98,5.99,6.0,6.01,6.02,6.03,6.04,6.05,400,900,5800,11900,25200,13700,36700,2000,41700,2900,10600,50300,8400,10000,19000,36700,1000,3100,1000,5500
211.0,5.93,98900,587797.0,5.94,5.93,5.92,5.91,5.9,5.89,5.88,5.86,5.85,5.84,5.96,5.97,5.98,5.99,6.0,6.01,6.02,6.03,6.04,6.05,2400,900,5800,11900,25200,13700,36700,2000,41700,2900,10600,50300,8400,10000,19000,36700,1000,3100,1000,5500
212.0,5.94,99100,588985.0,5.94,5.93,5.92,5.91,5.9,5.89,5.88,5.86,5.85,5.84,5.96,5.97,5.98,5.99,6.0,6.01,6.02,6.03,6.04,6.05,2200,900,5800,11900,25200,13700,36700,2000,41700,2900,10600,50300,8400,10000,19000,36700,1000,3100,1000,5500
213.0,5.94,99100,588985.0,5.94,5.93,5.92,5.91,5.9,5.89,5.88,5.86,5.85,5.84,5.96,5.97,5.98,5.99,6.0,6.01,6.02,6.03,6.04,6.05,2200,900,5800,11900,25200,13700,36700,2000,41700,2900,10600,50300,8400,10000,19000,36700,1000,3100,1000,5500
214.0,5.94,99500,591361.0,5.94,5.93,5.92,5.91,5.9,5.89,5.88,5.86,5.85,5.84,5.95,5.96,5.97,5.98,5.99,6.0,6.01,6.02,6.03,6.04,1800,900,5800,11900,25200,13700,36700,2000,41700,2900,2600,10600,50300,8400,10000,19000,36700,1000,3100,1000
215.0,5.94,99600,591955.0,5.94,5.93,5.92,5.91,5.9,5.89,5.88,5.86,5.85,5.84,5.95,5.96,5.97,5.98,5.99,6.0,6.01,6.02,6.03,6.04,1700,900,5800,11900,25200,13700,36700,2000,41700,2900,2600,10600,50300,8400,10000,19000,36700,1000,3100,1000
216.0,5.94,99600,591955.0,5.94,5.93,5.92,5.91,5.9,5.89,5.88,5.86,5.85,5.84,5.95,5.96,5.97,5.98,5.99,6.0,6.01,6.02,6.03,6.04,1700,900,5800,11900,25200,13700,36700,2000,41700,2900,2600,10600,50300,8400,10000,19000,36700,1000,3100,1000
217.0,5.94,99600,591955.0,5.94,5.93,5.92,5.91,5.9,5.89,5.88,5.86,5.85,5.84,5.95,5.96,5.97,5.98,5.99,6.0,6.01,6.02,6.03,6.04,1700,900,5800,11900,25200,13700,36700,2000,41700,2900,2600,10600,50300,8400,10000,19000,36700,1000,3100,1000
218.0,5.94,99800,593143.0,5.94,5.93,5.92,5.91,5.9,5.89,5.88,5.86,5.85,5.84,5.95,5.96,5.97,5.98,5.99,6.0,6.01,6.02,6.03,6.04,1500,900,5800,11900,25200,13700,36700,2000,41700,2900,2600,10600,50300,8400,10000,19000,36700,1000,3100,1000
219.0,5.94,99800,593143.0,5.94,5.93,5.92,5.91,5.9,5.89,5.88,5.86,5.85,5.84,5.95,5.96,5.97,5.98,5.99,6.0,6.01,6.02,6.03,6.04,1500,900,5800,11900,25200,13700,36700,2000,41700,2900,2600,10600,50300,8400,10000,19000,36700,1000,3100,1000
220.0,5.94,99800,593143.0,5.94,5.93,5.92,5.91,5.9,5.89,5.88,5.86,5.85,5.84,5.95,5.96,5.97,5.98,5.99,6.0,6.01,6.02,6.03,6.04,1500,900,5800,11900,25200,13700,36700,2000,41700,2900,2600,10600,50300,8400,10000,19000,36700,1000,3100,1000
221.0,5.94,99800,593143.0,5.94,5.93,5.92,5.91,5.9,5.89,5.88,5.86,5.85,5.84,5.95,5.96,5.97,5.98,5.99,6.0,6.01,6.02,6.03,6.04,1500,900,5800,11900,25200,13700,36700,2000,41700,2900,2600,10600,50300,8400,10000,19000,36700,1000,3100,1000
222.0,5.94,99900,593737.0,5.94,5.93,5.92,5.91,5.9,5.89,5.88,5.86,5.85,5.84,5.95,5.96,5.97,5.98,5.99,6.0,6.01,6.02,6.03,6.04,1400,900,5800,11900,25200,13700,36700,2000,41700,2900,2600,10600,50300,8400,10000,19000,36700,1000,3100,1000
223.0,5.94,99900,593737.0,5.94,5.93,5.92,5.91,5.9,5.89,5.88,5.86,5.85,5.84,5.95,5.96,5.97,5.98,5.99,6.0,6.01,6.02,6.03,6.04,1400,900,5800,11900,25200,13700,36700,2000,41700,2900,2600,10600,50300,8400,10000,19000,36700,1000,3100,1000
224.0,5.94,99900,593737.0,5.94,5.93,5.92,5.91,5.9,5.89,5.88,5.86,5.85,5.84,5.95,5.96,5.97,5.98,5.99,6.0,6.01,6.02,6.03,6.04,1400,900,5800,11900,25200,13700,36700,2000,41700,2900,2600,10600,50300,8400,10000,19000,36700,1000,3100,1000
225.0,5.94,100000,594331.0,5.94,5.93,5.92,5.91,5.9,5.89,5.88,5.86,5.85,5.84,5.95,5.96,5.97,5.98,5.99,6.0,6.01,6.02,6.03,6.04,1300,900,5800,11900,25200,13700,36700,2000,41700,2900,2600,10600,50300,8400,10000,19000,36700,1000,3100,1000
226.0,5.94,100300,596113.0,5.94,5.93,5.92,5.91,5.9,5.89,5.88,5.86,5.85,5.84,5.95,5.96,5.97,5.98,5.99,6.0,6.01,6.02,6.03,6.04,1000,900,5800,11900,25200,13700,36700,2000,41700,2900,2600,10600,50300,8400,10000,19000,36700,1000,3100,1000
227.0,5.94,100300,596113.0,5.94,5.93,5.92,5.91,5.9,5.89,5.88,5.86,5.85,5.84,5.95,5.96,5.97,5.98,5.99,6.0,6.01,6.02,6.03,6.04,1000,900,5800,11900,25200,13700,36700,2000,41700,2900,2600,10600,50300,8400,10000,19000,36700,1000,3100,1000
228.0,5.94,100400,596707.0,5.94,5.93,5.92,5.91,5.9,5.89,5.88,5.86,5.85,5.84,5.95,5.96,5.97,5.98,5.99,6.0,6.01,6.02,6.03,6.04,900,900,5800,11900,25200,13700,36700,2000,41700,2900,2600,10600,50300,8400,10000,19000,36700,1000,3100,1000
229.0,5.94,100400,596707.0,5.94,5.93,5.92,5.91,5.9,5.89,5.88,5.86,5.85,5.84,5.95,5.96,5.97,5.98,5.99,6.0,6.01,6.02,6.03,6.04,900,900,5800,11900,25200,13700,36700,2000,41700,2900,2600,10600,50300,8400,10000,19000,36700,1000,3100,1000
230.0,5.94,100400,596707.0,5.94,5.93,5.92,5.91,5.9,5.89,5.88,5.86,5.85,5.84,5.95,5.96,5.97,5.98,5.99,6.0,6.01,6.02,6.03,6.04,900,900,5800,11900,25200,13700,36700,2000,41700,2900,2600,10600,50300,8400,10000,19000,36700,1000,3100,1000
231.0,5.94,100400,596707.0,5.94,5.93,5.92,5.91,5.9,5.89,5.88,5.86,5.85,5.84,5.95,5.96,5.97,5.98,5.99,6.0,6.01,6.02,6.03,6.04,900,900,5800,11900,25200,13700,36700,2000,41700,2900,2600,10600,50300,8400,10000,19000,36700,1000,3100,1000
232.0,5.94,100400,596707.0,5.94,5.93,5.92,5.91,5.9,5.89,5.88,5.86,5.85,5.84,5.95,5.96,5.97,5.98,5.99,6.0,6.01,6.02,6.03,6.04,900,900,5800,11900,25200,13700,36700,2000,41700,2900,2600,10600,50300,8400,10000,19000,36700,1000,3100,1000
233.0,5.94,100400,596707.0,5.94,5.93,5.92,5.91,5.9,5.89,5.88,5.86,5.85,5.84,5.95,5.96,5.97,5.98,5.99,6.0,6.01,6.02,6.03,6.04,900,900,5800,11900,25200,13700,36700,2000,41700,2900,2600,10600,50300,8400,10000,19000,36700,1000,3100,1000
234.0,5.94,100400,596707.0,5.94,5.93,5.92,5.91,5.9,5.89,5.88,5.86,5.85,5.84,5.95,5.96,5.97,5.98,5.99,6.0,6.01,6.02,6.03,6.04,900,900,5800,11900,25200,13700,36700,2000,41700,2900,2600,10600,50300,8400,10000,19000,36700,1000,3100,1000
235.0,5.94,100400,596707.0,5.94,5.93,5.92,5.91,5.9,5.89,5.88,5.86,5.85,5.84,5.95,5.96,5.97,5.98,5.99,6.0,6.01,6.02,6.03,6.04,900,900,5800,11900,25200,13700,36700,2000,41700,2900,2600,10600,50300,8400,10000,19000,36700,1000,3100,1000
236.0,5.94,100400,596707.0,5.94,5.93,5.92,5.91,5.9,5.89,5.88,5.86,5.85,5.84,5.95,5.96,5.97,5.98,5.99,6.0,6.01,6.02,6.03,6.04,900,900,5800,11900,25200,13700,36700,2000,41700,2900,2600,10600,50300,8400,10000,19000,36700,1000,3100,1000
237.0,5.94,100500,597301.0,5.94,5.93,5.92,5.91,5.9,5.89,5.88,5.86,5.85,5.84,5.95,5.96,5.97,5.98,5.99,6.0,6.01,6.02,6.03,6.04,800,900,5800,11900,25200,13700,36700,2000,41700,2900,2600,10600,50300,8400,10000,19000,36700,1000,3100,1000
238.0,5.94,100500,597301.0,5.94,5.93,5.92,5.91,5.9,5.89,5.88,5.86,5.85,5.84,5.95,5.96,5.97,5.98,5.99,6.0,6.01,6.02,6.03,6.04,800,900,5800,11900,25200,13700,36700,2000,41700,2900,2600,10600,50300,8400,10000,19000,36700,1000,3100,1000
239.0,5.94,100500,597301.0,5.94,5.93,5.92,5.91,5.9,5.89,5.88,5.86,5.85,5.84,5.95,5.96,5.97,5.98,5.99,6.0,6.01,6.02,6.03,6.04,800,900,5800,11900,25200,13700,36700,2000,41700,2900,2600,10600,50300,8400,10000,19000,36700,1000,3100,1000
240.0,5.94,100500,597301.0,5.94,5.93,5.92,5.91,5.9,5.89,5.88,5.86,5.85,5.84,5.95,5.96,5.97,5.98,5.99,6.0,6.01,6.02,6.03,6.04,800,900,5800,11900,25200,13700,36700,2000,41700,2900,2600,10600,50300,8400,10000,19000,36700,1000,3100,1000
241.0,5.94,100500,597301.0,5.94,5.93,5.92,5.91,5.9,5.89,5.88,5.86,5.85,5.84,5.95,5.96,5.97,5.98,5.99,6.0,6.01,6.02,6.03,6.04,800,900,5800,11900,25200,13700,36700,2000,41700,2900,2600,10600,50300,8400,10000,19000,36700,1000,3100,1000
242.0,5.94,100500,597301.0,5.94,5.93,5.92,5.91,5.9,5.89,5.88,5.86,5.85,5.84,5.95,5.96,5.97,5.98,5.99,6.0,6.01,6.02,6.03,6.04,800,900,5800,11900,25200,13700,36700,2000,41700,2900,2600,10600,50300,8400,10000,19000,36700,1000,3100,1000
243.0,5.94,100500,597301.0,5.94,5.93,5.92,5.91,5.9,5.89,5.88,5.86,5.85,5.84,5.95,5.96,5.97,5.98,5.99,6.0,6.01,6.02,6.03,6.04,800,900,5800,11900,25200,13700,36700,2000,41700,2900,2600,10600,50300,8400,10000,19000,36700,1000,3100,1000
244.0,5.94,100500,597301.0,5.94,5.93,5.92,5.91,5.9,5.89,5.88,5.86,5.85,5.84,5.95,5.96,5.97,5.98,5.99,6.0,6.01,6.02,6.03,6.04,800,900,5800,11900,25200,13700,36700,2000,41700,2900,2600,10600,50300,8400,10000,19000,36700,1000,3100,1000
245.0,5.94,100500,597301.0,5.94,5.93,5.92,5.91,5.9,5.89,5.88,5.86,5.85,5.84,5.95,5.96,5.97,5.98,5.99,6.0,6.01,6.02,6.03,6.04,800,900,5800,11900,25200,13700,36700,2000,41700,2900,2600,10600,50300,8400,10000,19000,36700,1000,3100,1000
246.0,5.94,100500,597301.0,5.94,5.93,5.92,5.91,5.9,5.89,5.88,5.86,5.85,5.84,5.95,5.96,5.97,5.98,5.99,6.0,6.01,6.02,6.03,6.04,800,3900,5800,11900,25200,13700,36700,2000,41700,2900,2600,10600,50300,8400,10000,17000,36700,1000,3100,1000
247.0,5.94,100500,597301.0,5.94,5.93,5.92,5.91,5.9,5.89,5.88,5.86,5.85,5.84,5.95,5.96,5.97,5.98,5.99,6.0,6.01,6.02,6.03,6.04,800,3900,5800,11900,25200,13700,36700,2000,41700,2900,2600,10600,50300,8400,10000,17000,36700,1000,3100,1000
248.0,5.94,100500,597301.0,5.94,5.93,5.92,5.91,5.9,5.89,5.88,5.86,5.85,5.84,5.95,5.96,5.97,5.98,5.99,6.0,6.01,6.02,6.03,6.04,800,3900,5800,11900,25200,13700,36700,2000,41700,2900,2600,10600,50300,8400,10000,17000,36700,1000,3100,1000
249.0,5.94,100600,597895.0,5.94,5.93,5.92,5.91,5.9,5.89,5.88,5.86,5.85,5.84,5.95,5.96,5.97,5.98,5.99,6.0,6.01,6.02,6.03,6.04,700,3900,5800,11900,25200,13700,36700,2000,41700,2900,2600,10600,50300,8400,10000,17000,36700,1000,3100,1000
250.0,5.94,100600,597895.0,5.94,5.93,5.92,5.91,5.9,5.89,5.88,5.86,5.85,5.84,5.95,5.96,5.97,5.98,5.99,6.0,6.01,6.02,6.03,6.04,700,3900,5800,11900,25200,13700,36700,2000,41700,2900,2600,10600,50300,8400,10000,17000,36700,1000,3100,1000
251.0,5.94,100600,597895.0,5.94,5.93,5.92,5.91,5.9,5.89,5.88,5.86,5.85,5.84,5.95,5.96,5.97,5.98,5.99,6.0,6.01,6.02,6.03,6.04,700,3900,5800,11900,25200,13700,36700,2000,41700,2900,2600,10600,50300,8400,10000,17000,36700,1000,3100,1000
252.0,5.94,100700,598489.0,5.94,5.93,5.92,5.91,5.9,5.89,5.88,5.86,5.85,5.84,5.95,5.96,5.97,5.98,5.99,6.0,6.01,6.02,6.03,6.04,600,3900,5800,11900,25400,13700,36700,2000,41700,2900,4600,10600,50300,8400,10000,17000,36700,1000,3100,1000
253.0,5.94,100700,598489.0,5.94,5.93,5.92,5.91,5.9,5.89,5.88,5.86,5.85,5.84,5.95,5.96,5.97,5.98,5.99,6.0,6.01,6.02,6.03,6.04,600,3900,5800,11900,25400,13700,36700,2000,41700,2900,4600,10600,50300,8400,10000,17000,36700,1000,3100,1000
254.0,5.94,100700,598489.0,5.94,5.93,5.92,5.91,5.9,5.89,5.88,5.86,5.85,5.84,5.95,5.96,5.97,5.98,5.99,6.0,6.01,6.02,6.03,6.04,600,3900,5800,11900,25400,13700,36700,2000,41700,2900,4600,10600,50300,8400,10000,17000,36700,1000,3100,1000
255.0,5.94,100700,598489.0,5.94,5.93,5.92,5.91,5.9,5.89,5.88,5.86,5.85,5.84,5.95,5.96,5.97,5.98,5.99,6.0,6.01,6.02,6.03,6.04,600,3900,5800,11900,25400,13700,36700,2000,41700,2900,4600,10600,50300,8400,10000,17000,36700,1000,3100,1000
256.0,5.94,100700,598489.0,5.94,5.93,5.92,5.91,5.9,5.89,5.88,5.86,5.85,5.84,5.95,5.96,5.97,5.98,5.99,6.0,6.01,6.02,6.03,6.04,600,3900,5800,11900,25400,13700,36700,2000,41700,2900,2600,10600,50300,8400,10000,17000,36700,1000,3100,1000
257.0,5.94,100700,598489.0,5.94,5.93,5.92,5.91,5.9,5.89,5.88,5.86,5.85,5.84,5.95,5.96,5.97,5.98,5.99,6.0,6.01,6.02,6.03,6.04,600,3900,5800,11900,25400,13700,36700,2000,41700,2900,2600,10600,50300,8400,10000,17000,36700,1000,3100,1000
258.0,5.94,100700,598489.0,5.94,5.93,5.92,5.91,5.9,5.89,5.88,5.86,5.85,5.84,5.95,5.96,5.97,5.98,5.99,6.0,6.01,6.02,6.03,6.04,600,3900,5800,11900,25400,13700,36700,2000,41700,2900,2600,10600,50300,8400,10000,17000,36700,1000,3100,1000
259.0,5.94,100700,598489.0,5.94,5.93,5.92,5.91,5.9,5.89,5.88,5.86,5.85,5.84,5.95,5.96,5.97,5.98,5.99,6.0,6.01,6.02,6.03,6.04,600,3900,5800,11900,25400,13700,36700,2000,41700,2900,2600,10600,50300,8400,10000,17000,36700,1000,3100,1000
260.0,5.94,100800,599083.0,5.94,5.93,5.92,5.91,5.9,5.89,5.88,5.86,5.85,5.84,5.95,5.96,5.97,5.98,5.99,6.0,6.01,6.02,6.03,6.04,500,3900,5800,11900,25400,13700,36700,2000,41700,2900,2600,10600,50300,8400,10000,17000,36700,1000,3100,1000
261.0,5.94,100800,599083.0,5.94,5.93,5.92,5.91,5.9,5.89,5.88,5.86,5.85,5.84,5.95,5.96,5.97,5.98,5.99,6.0,6.01,6.02,6.03,6.04,500,3900,5800,11900,25400,13700,36700,2000,41700,2900,2600,10600,50300,8400,11000,17000,36700,1000,3100,1000
262.0,5.94,100800,599083.0,5.94,5.93,5.92,5.91,5.9,5.89,5.88,5.86,5.85,5.84,5.95,5.96,5.97,5.98,5.99,6.0,6.01,6.02,6.03,6.04,2500,3900,5800,11900,25400,13700,36700,2000,41700,2900,2600,10600,50300,8400,11000,17000,36700,1000,3100,1000
263.0,5.94,100800,599083.0,5.94,5.93,5.92,5.91,5.9,5.89,5.88,5.86,5.85,5.84,5.95,5.96,5.97,5.98,5.99,6.0,6.01,6.02,6.03,6.04,2500,3900,5800,11900,25400,13700,36700,2000,41700,2900,5000,10600,50300,8400,11000,17000,36700,1000,3100,1000
264.0,5.94,100800,599083.0,5.94,5.93,5.92,5.91,5.9,5.89,5.88,5.86,5.85,5.84,5.95,5.96,5.97,5.98,5.99,6.0,6.01,6.02,6.03,6.04,2500,3900,5800,11900,25400,13700,36700,2000,41700,2900,5000,10600,50300,8400,11000,17000,36700,1000,3100,1000
265.0,5.94,100800,599083.0,5.94,5.93,5.92,5.91,5.9,5.89,5.88,5.86,5.85,5.84,5.95,5.96,5.97,5.98,5.99,6.0,6.01,6.02,6.03,6.04,2500,3900,5800,11900,25400,17500,36700,2000,41700,2900,5000,10600,50300,8400,11000,17000,36700,1000,3100,1000
266.0,5.94,100800,599083.0,5.94,5.93,5.92,5.91,5.9,5.89,5.88,5.86,5.85,5.84,5.95,5.96,5.97,5.98,5.99,6.0,6.01,6.02,6.03,6.04,2500,3900,5800,11900,25400,17500,36700,2000,41700,2900,5000,10600,50300,8400,11000,17000,36700,1000,3100,1000
267.0,5.94,100800,599083.0,5.94,5.93,5.92,5.91,5.9,5.89,5.88,5.86,5.85,5.84,5.95,5.96,5.97,5.98,5.99,6.0,6.01,6.02,6.03,6.04,2500,3900,5800,11900,25400,17500,36700,2000,41700,2900,5000,10600,50300,8400,11000,17000,36700,1000,3100,1000
268.0,5.94,100800,599083.0,5.94,5.93,5.92,5.91,5.9,5.89,5.88,5.86,5.85,5.84,5.95,5.96,5.97,5.98,5.99,6.0,6.01,6.02,6.03,6.04,2500,3900,5800,11900,25400,17500,36700,2000,41700,2900,5000,10600,50300,8400,11000,17000,36700,1000,3100,1000
269.0,5.94,101000,600271.0,5.94,5.93,5.92,5.91,5.9,5.89,5.88,5.86,5.85,5.84,5.95,5.96,5.97,5.98,5.99,6.0,6.01,6.02,6.03,6.04,2300,3900,5800,11900,25400,17500,36700,2000,41700,2900,5000,10600,50300,8400,11000,17000,36700,1000,3100,1000
270.0,5.94,101000,600271.0,5.94,5.93,5.92,5.91,5.9,5.89,5.88,5.86,5.85,5.84,5.95,5.96,5.97,5.98,5.99,6.0,6.01,6.02,6.03,6.04,2300,3900,5800,11900,25400,17500,36700,2000,41700,2900,5000,10600,50300,8400,11000,17000,36700,1000,3100,1000
271.0,5.94,101000,600271.0,5.94,5.93,5.92,5.91,5.9,5.89,5.88,5.86,5.85,5.84,5.95,5.96,5.97,5.98,5.99,6.0,6.01,6.02,6.03,6.04,2300,3900,5800,11900,25400,17500,36700,2000,41700,2900,5000,10600,50300,8400,11000,17000,36700,1000,3100,1000
272.0,5.94,101400,602647.0,5.94,5.93,5.92,5.91,5.9,5.89,5.88,5.86,5.85,5.84,5.95,5.96,5.97,5.98,5.99,6.0,6.01,6.02,6.03,6.04,1900,3900,5800,11900,25400,17500,36700,2000,41700,2900,5000,10600,50300,8400,11000,17000,36700,1000,3100,1000
273.0,5.94,101400,602647.0,5.94,5.93,5.92,5.91,5.9,5.89,5.88,5.86,5.85,5.84,5.95,5.96,5.97,5.98,5.99,6.0,6.01,6.02,6.03,6.04,1900,3900,5800,11900,25400,17500,36700,2000,41700,2900,5000,10600,50300,8400,11000,17000,36700,1000,3100,1000
274.0,5.94,101400,602647.0,5.94,5.93,5.92,5.91,5.9,5.89,5.88,5.86,5.85,5.84,5.95,5.96,5.97,5.98,5.99,6.0,6.01,6.02,6.03,6.04,1900,3900,5800,11900,25400,17500,36700,2000,41700,2900,5000,12600,50300,8400,11000,17000,36700,1000,3100,1000
275.0,5.94,101500,603241.0,5.94,5.93,5.92,5.91,5.9,5.89,5.88,5.86,5.85,5.84,5.95,5.96,5.97,5.98,5.99,6.0,6.01,6.02,6.03,6.04,1800,3900,5800,11900,25400,17500,36700,2000,41700,2900,5000,12600,50300,8400,11000,17000,36700,1000,3100,1000
276.0,5.94,101600,603835.0,5.94,5.93,5.92,5.91,5.9,5.89,5.88,5.86,5.85,5.84,5.95,5.96,5.97,5.98,5.99,6.0,6.01,6.02,6.03,6.04,1700,3900,5800,11900,25400,17500,36700,2000,41700,2900,5000,12600,50300,8400,11000,17000,36700,1000,3100,1000
277.0,5.94,101600,603835.0,5.94,5.93,5.92,5.91,5.9,5.89,5.88,5.86,5.85,5.84,5.95,5.96,5.97,5.98,5.99,6.0,6.01,6.02,6.03,6.04,1700,3900,5800,11900,25400,17500,36700,2000,41700,2900,5000,12600,50300,8400,11000,17000,36700,1000,3100,1000
278.0,5.94,101600,603835.0,5.94,5.93,5.92,5.91,5.9,5.89,5.88,5.86,5.85,5.84,5.95,5.96,5.97,5.98,5.99,6.0,6.01,6.02,6.03,6.04,1700,3900,5800,11900,25400,17500,36700,2000,41700,2900,5000,12600,50300,8400,11000,17000,36700,1000,3100,1000
279.0,5.94,101600,603835.0,5.94,5.93,5.92,5.91,5.9,5.89,5.88,5.86,5.85,5.84,5.95,5.96,5.97,5.98,5.99,6.0,6.01,6.02,6.03,6.04,1700,3900,5800,11900,25400,17500,36700,2000,41700,2900,5000,12600,50300,8400,11000,17000,36700,1000,3100,1000
280.0,5.94,101600,603835.0,5.94,5.93,5.92,5.91,5.9,5.89,5.88,5.86,5.85,5.84,5.95,5.96,5.97,5.98,5.99,6.0,6.01,6.02,6.03,6.04,1700,3900,5800,11900,25400,17500,36700,2000,41700,2900,5000,12600,50300,8400,11000,17000,36700,1000,3100,1000
281.0,5.94,101600,603835.0,5.94,5.93,5.92,5.91,5.9,5.89,5.88,5.86,5.85,5.84,5.95,5.96,5.97,5.98,5.99,6.0,6.01,6.02,6.03,6.04,1700,3900,5800,11900,25400,17500,36700,2000,41700,2900,5000,12600,50300,8400,11000,17000,36700,1000,3100,1000
282.0,5.94,101600,603835.0,5.94,5.93,5.92,5.91,5.9,5.89,5.88,5.86,5.85,5.84,5.95,5.96,5.97,5.98,5.99,6.0,6.01,6.02,6.03,6.04,1700,3900,5800,11900,25400,17500,36700,2000,41700,2900,5000,12600,50300,8400,11000,17000,36700,1000,3100,1000
283.0,5.94,101700,604429.0,5.94,5.93,5.92,5.91,5.9,5.89,5.88,5.86,5.85,5.84,5.95,5.96,5.97,5.98,5.99,6.0,6.01,6.02,6.03,6.04,1600,3900,5800,11900,25400,17500,36700,2000,41700,2900,5000,12600,50300,8400,11000,17000,36700,1000,3100,1000
284.0,5.94,102000,606211.0,5.94,5.93,5.92,5.91,5.9,5.89,5.88,5.86,5.85,5.84,5.95,5.96,5.97,5.98,5.99,6.0,6.01,6.02,6.03,6.04,1300,3900,5800,11900,25400,17500,36700,2000,41700,2900,5000,12600,50300,8400,11000,17000,36700,1000,3100,1000
285.0,5.94,102000,606211.0,5.94,5.93,5.92,5.91,5.9,5.89,5.88,5.86,5.85,5.84,5.95,5.96,5.97,5.98,5.99,6.0,6.01,6.02,6.03,6.04,1300,3900,5800,11900,25400,17500,36700,2000,41700,2900,5000,12600,50300,8400,11000,17000,36700,1000,3100,1000
286.0,5.94,102000,606211.0,5.94,5.93,5.92,5.91,5.9,5.89,5.88,5.86,5.85,5.84,5.95,5.96,5.97,5.98,5.99,6.0,6.01,6.02,6.03,6.04,1300,3900,5800,11900,25400,17500,36700,2000,41700,2900,5000,12600,50300,8400,11000,17000,36700,1000,3100,1000
287.0,5.94,102000,606211.0,5.94,5.93,5.92,5.91,5.9,5.89,5.88,5.86,5.85,5.84,5.95,5.96,5.97,5.98,5.99,6.0,6.01,6.02,6.03,6.04,1300,3900,5800,11900,25400,17500,36700,2000,41700,2900,5000,12600,50300,8400,11000,17000,36700,1000,3100,1000
288.0,5.94,102000,606211.0,5.94,5.93,5.92,5.91,5.9,5.89,5.88,5.86,5.85,5.84,5.95,5.96,5.97,5.98,5.99,6.0,6.01,6.02,6.03,6.04,1300,3900,5800,11900,25400,17500,36700,2000,41700,2900,5000,12600,50300,8400,11000,17000,36700,1000,3100,1000
289.0,5.94,102000,606211.0,5.94,5.93,5.92,5.91,5.9,5.89,5.88,5.86,5.85,5.84,5.95,5.96,5.97,5.98,5.99,6.0,6.01,6.02,6.03,6.04,1300,3900,5800,11900,25400,17500,36700,2000,41700,2900,5000,12600,50300,8400,11000,17000,36700,1000,3100,1000
290.0,5.94,102000,606211.0,5.94,5.93,5.92,5.91,5.9,5.89,5.88,5.86,5.85,5.84,5.95,5.96,5.97,5.98,5.99,6.0,6.01,6.02,6.03,6.04,1300,3900,5800,11900,25400,17500,36700,2000,41700,2900,5000,12600,50300,8400,11000,17000,36700,1000,3100,1000
291.0,5.94,102100,606805.0,5.94,5.93,5.92,5.91,5.9,5.89,5.88,5.86,5.85,5.84,5.95,5.96,5.97,5.98,5.99,6.0,6.01,6.02,6.03,6.04,1200,3900,5800,11900,25400,17500,36700,2000,41700,2900,5000,12600,50300,8400,11000,17000,36700,1000,3100,1000
292.0,5.94,102100,606805.0,5.94,5.93,5.92,5.91,5.9,5.89,5.88,5.86,5.85,5.84,5.95,5.96,5.97,5.98,5.99,6.0,6.01,6.02,6.03,6.04,1400,3900,5800,11900,25400,17500,36700,2000,41700,2900,5000,12600,50300,8400,11000,17000,36700,1000,3100,1000
293.0,5.94,102100,606805.0,5.94,5.93,5.92,5.91,5.9,5.89,5.88,5.86,5.85,5.84,5.95,5.96,5.97,5.98,5.99,6.0,6.01,6.02,6.03,6.04,1400,3900,5800,11900,25400,17500,36700,2000,41700,2900,5000,12600,50300,8400,11000,17000,36700,1000,3100,1000
294.0,5.94,102100,606805.0,5.94,5.93,5.92,5.91,5.9,5.89,5.88,5.86,5.85,5.84,5.95,5.96,5.97,5.98,5.99,6.0,6.01,6.02,6.03,6.04,1400,3900,5800,11900,25400,17500,36700,2000,41700,2900,5000,12600,50300,8400,11000,17000,36700,1000,3100,1000
295.0,5.94,102300,607993.0,5.94,5.93,5.92,5.91,5.9,5.89,5.88,5.86,5.85,5.84,5.95,5.96,5.97,5.98,5.99,6.0,6.01,6.02,6.03,6.04,1200,3900,5800,11900,25400,17500,36700,2000,41700,2900,5000,12600,50300,8400,11000,17000,36700,1000,3100,1000
296.0,5.94,103500,615121.0,5.93,5.92,5.91,5.9,5.89,5.88,5.86,5.85,5.84,5.79,5.94,5.95,5.96,5.97,5.98,5.99,6.0,6.01,6.02,6.03,3900,5800,11900,25400,17500,36700,2000,41700,2900,10500,1000,5000,12600,50300,8400,11000,17000,36700,1000,3100
297.0,5.94,103500,615121.0,5.93,5.92,5.91,5.9,5.89,5.88,5.86,5.85,5.84,5.79,5.94,5.95,5.96,5.97,5.98,5.99,6.0,6.01,6.02,6.03,3900,5800,11900,25400,17500,36700,2000,41700,2900,10500,1000,5000,12600,50300,8400,11000,17000,36700,1000,3100
298.0,5.93,103800,616900.0,5.93,5.92,5.91,5.9,5.89,5.88,5.86,5.85,5.84,5.79,5.94,5.95,5.96,5.97,5.98,5.99,6.0,6.01,6.02,6.03,3600,5800,11900,25400,17500,36700,2000,41700,2900,10500,1000,5000,12600,50300,8400,11000,17000,36700,1000,3100
299.0,5.93,103800,616900.0,5.93,5.92,5.91,5.9,5.89,5.88,5.86,5.85,5.84,5.79,5.94,5.95,5.96,5.97,5.98,5.99,6.0,6.01,6.02,6.03,3600,5800,11900,25400,17500,36700,2000,41700,2900,10500,1000,5000,12600,50300,8400,11000,17000,36700,1000,3100
300.0,5.94,103900,617494.0,5.93,5.92,5.91,5.9,5.89,5.88,5.86,5.85,5.84,5.79,5.94,5.95,5.96,5.97,5.98,5.99,6.0,6.01,6.02,6.03,3600,5800,11900,25400,17500,36700,2000,41700,2900,10500,900,5000,12600,50300,8400,11000,17000,36700,1000,3100
301.0,5.94,103900,617494.0,5.93,5.92,5.91,5.9,5.89,5.88,5.86,5.85,5.84,5.79,5.94,5.95,5.96,5.97,5.98,5.99,6.0,6.01,6.02,6.03,3600,5800,11900,25400,17500,36700,2000,41700,2900,10500,900,5000,12600,50300,8400,11000,17000,36700,1000,3100
302.0,5.94,104000,618088.0,5.93,5.92,5.91,5.9,5.89,5.88,5.86,5.85,5.84,5.79,5.94,5.95,5.96,5.97,5.98,5.99,6.0,6.01,6.02,6.03,3600,5800,11900,25400,17500,36700,2000,41700,2900,10500,800,5000,12600,50300,8400,11000,17000,36700,1000,3100
303.0,5.94,104000,618088.0,5.93,5.92,5.91,5.9,5.89,5.88,5.86,5.85,5.84,5.79,5.94,5.95,5.96,5.97,5.98,5.99,6.0,6.01,6.02,6.03,3600,5800,11900,25400,17500,36700,2000,41700,2900,10500,800,5000,12600,50300,8400,11000,17000,36700,1000,3100
304.0,5.94,104000,618088.0,5.93,5.92,5.91,5.9,5.89,5.88,5.86,5.85,5.84,5.79,5.94,5.95,5.96,5.97,5.98,5.99,6.0,6.01,6.02,6.03,3600,5800,11900,25400,17500,36700,2000,41700,2900,10500,800,5000,12600,50300,8400,11000,17000,36700,1000,3100
305.0,5.94,104000,618088.0,5.93,5.92,5.91,5.9,5.89,5.88,5.86,5.85,5.84,5.79,5.94,5.95,5.96,5.97,5.98,5.99,6.0,6.01,6.02,6.03,3600,5800,11900,25400,17500,36700,2000,41700,2900,10500,800,5000,12600,50300,8400,11000,17000,36700,1000,3100
306.0,5.93,104300,619867.0,5.93,5.92,5.91,5.9,5.89,5.88,5.86,5.85,5.84,5.79,5.94,5.95,5.96,5.97,5.98,5.99,6.0,6.01,6.02,6.03,3300,5800,11900,25400,17500,36700,2000,41700,2900,10500,800,5000,12600,50300,8400,11000,17000,36700,1000,3100
307.0,5.93,104900,623425.0,5.93,5.92,5.91,5.9,5.89,5.88,5.86,5.85,5.84,5.79,5.94,5.95,5.96,5.97,5.98,5.99,6.0,6.01,6.02,6.03,2700,5800,11900,25400,17500,36700,2000,41700,2900,10500,800,5200,12600,50300,8400,11000,17000,36700,1000,3100
308.0,5.93,104900,623425.0,5.93,5.92,5.91,5.9,5.89,5.88,5.86,5.85,5.84,5.79,5.94,5.95,5.96,5.97,5.98,5.99,6.0,6.01,6.02,6.03,2700,5800,11900,25400,17500,36700,2000,41700,2900,10500,800,5200,12600,50300,8400,11000,17000,36700,1000,3100
309.0,5.93,104900,623425.0,5.93,5.92,5.91,5.9,5.89,5.88,5.86,5.85,5.84,5.79,5.94,5.95,5.96,5.97,5.98,5.99,6.0,6.01,6.02,6.03,2700,5800,11900,25400,17500,36700,2000,41700,2900,10500,800,5200,12600,50300,8400,11000,17000,36700,1000,3100
310.0,5.93,104900,623425.0,5.93,5.92,5.91,5.9,5.89,5.88,5.86,5.85,5.84,5.79,5.94,5.95,5.96,5.97,5.98,5.99,6.0,6.01,6.02,6.03,2700,5800,11900,25400,17500,36700,2000,41700,2900,10500,800,5200,12600,50300,8400,11000,17000,36700,1000,3100
311.0,5.93,104900,623425.0,5.93,5.92,5.91,5.9,5.89,5.88,5.86,5.85,5.84,5.79,5.94,5.95,5.96,5.97,5.98,5.99,6.0,6.01,6.02,6.03,2700,5800,11900,25400,17500,36700,2000,40700,2900,10500,2300,5200,12600,50300,8400,11000,17000,36700,1000,3100
312.0,5.93,104900,623425.0,5.93,5.92,5.91,5.9,5.89,5.88,5.86,5.85,5.84,5.79,5.94,5.95,5.96,5.97,5.98,5.99,6.0,6.01,6.02,6.03,2700,5800,11900,25400,17500,36700,2000,40700,2900,10500,2300,5200,12600,50300,8400,11000,17000,36700,1000,3100
313.0,5.93,105100,624611.0,5.93,5.92,5.91,5.9,5.89,5.88,5.86,5.85,5.84,5.79,5.94,5.95,5.96,5.97,5.98,5.99,6.0,6.01,6.02,6.03,2500,5800,11900,25400,17500,36700,2000,40700,2900,10500,2400,5400,12600,50300,8400,11000,17000,36700,1000,3100
314.0,5.94,105300,625799.0,5.93,5.92,5.91,5.9,5.89,5.88,5.86,5.85,5.84,5.79,5.94,5.95,5.96,5.97,5.98,5.99,6.0,6.01,6.02,6.03,2500,5800,11900,25400,17500,36700,2000,40700,2900,10500,2400,5400,12600,50300,8400,11000,17000,36700,1000,3100
315.0,5.94,106200,631145.0,5.93,5.92,5.91,5.9,5.89,5.88,5.86,5.85,5.84,5.79,5.94,5.95,5.96,5.97,5.98,5.99,6.0,6.01,6.02,6.03,2500,5800,11900,25400,17500,36700,2000,40700,2900,10500,1500,5400,12600,50300,8400,11000,17000,36700,1000,3100
316.0,5.94,106200,631145.0,5.93,5.92,5.91,5.9,5.89,5.88,5.86,5.85,5.84,5.79,5.94,5.95,5.96,5.97,5.98,5.99,6.0,6.01,6.02,6.03,2500,5800,11900,25400,17500,36700,2000,40700,2900,10500,1500,5400,12600,50300,8400,11000,17000,36700,1000,3100
317.0,5.94,106200,631145.0,5.93,5.92,5.91,5.9,5.89,5.88,5.86,5.85,5.84,5.79,5.94,5.95,5.96,5.97,5.98,5.99,6.0,6.01,6.02,6.03,2500,5800,11900,25400,17500,36700,2000,40700,2900,10500,1500,5400,12600,50300,8400,11000,17000,36700,1000,3100
318.0,5.94,106300,631739.0,5.93,5.92,5.91,5.9,5.89,5.88,5.86,5.85,5.84,5.79,5.94,5.95,5.96,5.97,5.98,5.99,6.0,6.01,6.02,6.03,2500,5800,11900,25400,17500,36700,2000,40700,2900,10500,1400,5400,12600,50300,8400,11000,17000,36700,1000,3100
319.0,5.93,106800,634704.0,5.93,5.92,5.91,5.9,5.89,5.88,5.86,5.85,5.84,5.79,5.94,5.95,5.96,5.97,5.98,5.99,6.0,6.01,6.02,6.03,2000,5800,11900,25400,17500,36700,2000,40700,2900,10500,1400,5400,12600,50300,8400,11000,17000,36700,1000,3100
320.0,5.94,107100,636484.0,5.93,5.92,5.91,5.9,5.89,5.88,5.86,5.85,5.84,5.79,5.94,5.95,5.96,5.97,5.98,5.99,6.0,6.01,6.02,6.03,1800,5800,11900,25400,17500,36700,2000,40700,2900,10500,1300,5500,12600,50300,8400,11000,17000,36700,1000,3100
321.0,5.94,107200,637078.0,5.93,5.92,5.91,5.9,5.89,5.88,5.86,5.85,5.84,5.79,5.94,5.95,5.96,5.97,5.98,5.99,6.0,6.01,6.02,6.03,1800,5800,11900,25400,17500,36700,2000,40700,2900,10500,1200,5500,12600,50300,8400,11000,17000,36700,1000,3100
322.0,5.94,107200,637078.0,5.93,5.92,5.91,5.9,5.89,5.88,5.86,5.85,5.84,5.79,5.94,5.95,5.96,5.97,5.98,5.99,6.0,6.01,6.02,6.03,1800,5800,11900,25400,17500,36700,2000,40700,2900,10500,1200,5500,12600,50300,8400,11000,17000,36700,1000,3100
323.0,5.94,107200,637078.0,5.93,5.92,5.91,5.9,5.89,5.88,5.86,5.85,5.84,5.79,5.94,5.95,5.96,5.97,5.98,5.99,6.0,6.01,6.02,6.03,1800,5800,11900,25400,17500,36700,2000,40700,2900,10500,1300,5500,12600,50300,8400,11000,17000,36700,1000,3100
324.0,5.94,107300,637672.0,5.93,5.92,5.91,5.9,5.89,5.88,5.86,5.85,5.84,5.79,5.94,5.95,5.96,5.97,5.98,5.99,6.0,6.01,6.02,6.03,1800,5800,11900,25400,17500,36700,2000,40700,2900,10500,1200,5500,12600,50300,8400,11000,17000,36700,1000,3100
325.0,5.94,107300,637672.0,5.93,5.92,5.91,5.9,5.89,5.88,5.86,5.85,5.84,5.79,5.94,5.95,5.96,5.97,5.98,5.99,6.0,6.01,6.02,6.03,1800,5800,11900,25400,17500,36700,2000,40700,2900,10500,1200,5500,12600,50300,8400,11000,17000,36700,1000,3100
326.0,5.94,107300,637672.0,5.93,5.92,5.91,5.9,5.89,5.88,5.87,5.86,5.85,5.84,5.94,5.95,5.96,5.97,5.98,5.99,6.0,6.01,6.02,6.03,1800,5800,11900,25400,17500,36700,10900,2000,40700,2900,1200,5500,12600,50300,8400,11000,17000,36700,1000,3100
327.0,5.94,107300,637672.0,5.93,5.92,5.91,5.9,5.89,5.88,5.87,5.86,5.85,5.84,5.94,5.95,5.96,5.97,5.98,5.99,6.0,6.01,6.02,6.03,1800,5800,11900,25400,17500,36700,10900,2000,40700,2900,1200,5500,12600,50300,8400,11000,17000,36700,1000,3100
328.0,5.94,107500,638859.0,5.93,5.92,5.91,5.9,5.89,5.88,5.87,5.86,5.85,5.84,5.94,5.95,5.96,5.97,5.98,5.99,6.0,6.01,6.02,6.03,1700,5800,11900,25400,17500,36700,10900,2000,40700,2900,1100,5500,12600,50300,8400,11000,17000,36700,1000,3100
329.0,5.94,107500,638859.0,5.93,5.92,5.91,5.9,5.89,5.88,5.87,5.86,5.85,5.84,5.94,5.95,5.96,5.97,5.98,5.99,6.0,6.01,6.02,6.03,1700,5800,11900,25400,17500,36700,10900,2000,40700,2900,1100,5500,12600,50300,8400,11000,17000,36700,1000,3100
330.0,5.94,108900,647172.0,5.94,5.93,5.92,5.91,5.9,5.89,5.88,5.87,5.86,5.85,5.95,5.96,5.97,5.98,5.99,6.0,6.01,6.02,6.03,6.04,7200,1400,5800,11900,25400,17500,36700,10900,2000,40700,5500,12600,50300,8400,11000,17000,36700,1000,3100,1000
331.0,5.95,109400,650147.0,5.94,5.93,5.92,5.91,5.9,5.89,5.88,5.87,5.86,5.85,5.95,5.96,5.97,5.98,5.99,6.0,6.01,6.02,6.03,6.04,7200,1400,5800,11900,25400,17500,36700,10900,2000,40700,5000,12600,50300,8400,11000,17000,36700,1000,3100,1000
332.0,5.95,109400,650147.0,5.94,5.93,5.92,5.91,5.9,5.89,5.88,5.87,5.86,5.85,5.95,5.96,5.97,5.98,5.99,6.0,6.01,6.02,6.03,6.04,7200,1400,5800,11900,25400,17500,36700,10900,2000,40700,5000,12600,50300,8400,11000,17000,36700,1000,3100,1000
333.0,5.95,109400,650147.0,5.94,5.93,5.92,5.91,5.9,5.89,5.88,5.87,5.86,5.85,5.95,5.96,5.97,5.98,5.99,6.0,6.01,6.02,6.03,6.04,7200,1400,5800,11900,25400,17500,36700,10900,2000,40700,5100,12600,50300,8400,11000,17000,36700,1000,3100,1000
334.0,5.95,109400,650147.0,5.94,5.93,5.92,5.91,5.9,5.89,5.88,5.87,5.86,5.85,5.95,5.96,5.97,5.98,5.99,6.0,6.01,6.02,6.03,6.04,7200,1400,5800,11900,25400,17500,36700,10900,2000,40700,5100,12600,50300,8400,11000,17000,36700,1000,3100,1000
335.0,5.94,110600,657280.0,5.94,5.93,5.92,5.91,5.9,5.89,5.88,5.87,5.86,5.85,5.95,5.96,5.97,5.98,5.99,6.0,6.01,6.02,6.03,6.04,6500,1400,5800,11900,25400,17500,36700,10900,2000,40700,4600,12600,50300,8400,11000,17000,36700,1000,3100,1000
336.0,5.94,110600,657280.0,5.94,5.93,5.92,5.91,5.9,5.89,5.88,5.87,5.86,5.85,5.95,5.96,5.97,5.98,5.99,6.0,6.01,6.02,6.03,6.04,6500,1400,5800,11900,25400,17500,36700,10900,2000,40700,4600,12600,50300,8400,11000,17000,36700,1000,3100,1000
337.0,5.94,110600,657280.0,5.94,5.93,5.92,5.91,5.9,5.89,5.88,5.87,5.86,5.85,5.95,5.96,5.97,5.98,5.99,6.0,6.01,6.02,6.03,6.04,6500,1400,5800,11900,25400,17500,36700,10900,2000,40700,4600,12600,50300,8400,11000,17000,36700,1000,3100,1000
338.0,5.95,111000,659660.0,5.94,5.93,5.92,5.91,5.9,5.89,5.88,5.87,5.86,5.85,5.95,5.96,5.97,5.98,5.99,6.0,6.01,6.02,6.03,6.04,6500,1400,5800,11900,25400,17500,36700,10900,2000,40700,4200,12600,50300,8400,11000,17000,36700,1000,3100,1000
339.0,5.95,111000,659660.0,5.94,5.93,5.92,5.91,5.9,5.89,5.88,5.87,5.86,5.85,5.95,5.96,5.97,5.98,5.99,6.0,6.01,6.02,6.03,6.04,6500,1400,5800,11900,25400,17500,36700,10900,2000,40700,4200,12600,50300,8400,11000,17000,36700,1000,3100,1000
340.0,5.95,111000,659660.0,5.94,5.93,5.92,5.91,5.9,5.89,5.88,5.87,5.86,5.85,5.95,5.96,5.97,5.98,5.99,6.0,6.01,6.02,6.03,6.04,6500,1400,5800,11900,25400,17500,36700,10900,2000,40700,4200,12600,50300,8400,11000,17000,36700,1000,3100,1000
341.0,5.95,111000,659660.0,5.94,5.93,5.92,5.91,5.9,5.89,5.88,5.87,5.86,5.85,5.95,5.96,5.97,5.98,5.99,6.0,6.01,6.02,6.03,6.04,6500,1400,5800,11900,25400,17500,36700,10900,2000,40700,4200,12600,50300,8400,11000,17000,36700,1000,3100,1000
342.0,5.94,112000,665604.0,5.94,5.93,5.92,5.91,5.9,5.89,5.88,5.87,5.86,5.85,5.95,5.96,5.97,5.98,5.99,6.0,6.01,6.02,6.03,6.04,5900,1400,5800,11900,25400,17500,36700,10900,2000,40700,3800,12600,50300,8400,11000,17000,36700,1000,3100,1000
343.0,5.94,112000,665604.0,5.94,5.93,5.92,5.91,5.9,5.89,5.88,5.87,5.86,5.85,5.95,5.96,5.97,5.98,5.99,6.0,6.01,6.02,6.03,6.04,5900,1400,5800,11900,25400,17500,36700,10900,2000,40700,3800,12600,50300,8400,11000,17000,36700,1000,3100,1000
344.0,5.94,112000,665604.0,5.94,5.93,5.92,5.91,5.9,5.89,5.88,5.87,5.86,5.85,5.95,5.96,5.97,5.98,5.99,6.0,6.01,6.02,6.03,6.04,5900,1400,5800,11900,25400,17500,36700,10900,2000,40700,3800,12600,50300,8400,11000,17000,36700,1000,3100,1000
345.0,5.95,112300,667389.0,5.94,5.93,5.92,5.91,5.9,5.89,5.88,5.87,5.86,5.85,5.95,5.96,5.97,5.98,5.99,6.0,6.01,6.02,6.03,6.04,5900,1400,5800,11900,25400,17500,36700,10900,2000,40700,3500,12600,50300,8400,11000,17000,36700,1000,3100,1000
346.0,5.95,112300,667389.0,5.94,5.93,5.92,5.91,5.9,5.89,5.88,5.87,5.86,5.85,5.95,5.96,5.97,5.98,5.99,6.0,6.01,6.02,6.03,6.04,5900,1400,5800,11900,25400,17500,36700,10900,2000,40700,3500,12600,50300,8400,11000,17000,36700,1000,3100,1000
347.0,5.95,112300,667389.0,5.94,5.93,5.92,5.91,5.9,5.89,5.88,5.87,5.86,5.85,5.95,5.96,5.97,5.98,5.99,6.0,6.01,6.02,6.03,6.04,5900,1400,5800,11900,25400,17500,36700,10900,2000,40700,3500,12600,50300,8400,11000,17000,36700,1000,3100,1000
348.0,5.95,112300,667389.0,5.94,5.93,5.92,5.91,5.9,5.89,5.88,5.87,5.86,5.85,5.95,5.96,5.97,5.98,5.99,6.0,6.01,6.02,6.03,6.04,5900,1400,5800,11900,25400,17500,36700,10900,2000,40700,3500,12600,50300,8400,11000,17000,36700,1000,3100,1000
349.0,5.95,112600,669174.0,5.94,5.93,5.92,5.91,5.9,5.89,5.88,5.87,5.86,5.85,5.95,5.96,5.97,5.98,5.99,6.0,6.01,6.02,6.03,6.04,5900,1400,5800,11900,25400,17500,36700,10900,2000,40700,3200,12600,50300,8400,11000,17000,36700,1000,3100,1000
350.0,5.94,113100,672144.0,5.94,5.93,5.92,5.91,5.9,5.89,5.88,5.87,5.86,5.85,5.95,5.96,5.97,5.98,5.99,6.0,6.01,6.02,6.03,6.04,5400,1400,5800,11900,25400,17500,36700,10900,2000,40700,3200,12600,50300,8400,11000,17000,36700,1000,3100,1000
351.0,5.95,113200,672739.0,5.94,5.93,5.92,5.91,5.9,5.89,5.88,5.87,5.86,5.85,5.95,5.96,5.97,5.98,5.99,6.0,6.01,6.02,6.03,6.04,5400,1400,5800,11900,25400,17500,36700,10900,2000,40700,3100,12600,50300,8400,11000,17000,36700,1000,3100,1000
352.0,5.95,113500,674524.0,5.94,5.93,5.92,5.91,5.9,5.89,5.88,5.87,5.86,5.85,5.95,5.96,5.97,5.98,5.99,6.0,6.01,6.02,6.03,6.04,5400,1400,5800,11900,25400,17500,36700,10900,2000,40700,2800,12600,50300,8400,11000,17000,36700,1000,3100,1000
353.0,5.95,113600,675119.0,5.94,5.93,5.92,5.91,5.9,5.89,5.88,5.87,5.86,5.85,5.95,5.96,5.97,5.98,5.99,6.0,6.01,6.02,6.03,6.04,5400,1400,5800,11900,25400,17500,36700,10900,2000,40700,600,12600,50300,8400,11000,17000,36700,1000,3100,1000
354.0,5.95,113600,675119.0,5.94,5.93,5.92,5.91,5.9,5.89,5.88,5.87,5.86,5.85,5.95,5.96,5.97,5.98,5.99,6.0,6.01,6.02,6.03,6.04,5400,1400,5800,11900,25400,17500,36700,10900,2000,40700,600,12600,50300,8400,11000,17000,36700,1000,3100,1000
355.0,5.95,113600,675119.0,5.94,5.93,5.92,5.91,5.9,5.89,5.88,5.87,5.86,5.85,5.95,5.96,5.97,5.98,5.99,6.0,6.01,6.02,6.03,6.04,5400,1400,5800,11900,25400,17500,36700,10900,2000,40700,600,12600,50300,8400,11000,17000,36700,1000,3100,1000
356.0,5.95,113600,675119.0,5.94,5.93,5.92,5.91,5.9,5.89,5.88,5.87,5.86,5.85,5.95,5.96,5.97,5.98,5.99,6.0,6.01,6.02,6.03,6.04,5400,1400,5800,11900,25400,17500,36700,10900,2000,40700,600,12600,50300,8400,11000,17000,36700,1000,3100,1000
357.0,5.94,114100,678089.0,5.94,5.93,5.92,5.91,5.9,5.89,5.88,5.87,5.86,5.85,5.95,5.96,5.97,5.98,5.99,6.0,6.01,6.02,6.03,6.04,4900,1400,5800,11900,25400,17500,36700,10900,2000,40700,600,12600,50300,8400,11000,17000,36700,1000,3100,1000
358.0,5.94,114100,678089.0,5.94,5.93,5.92,5.91,5.9,5.89,5.88,5.87,5.86,5.85,5.95,5.96,5.97,5.98,5.99,6.0,6.01,6.02,6.03,6.04,4900,1400,5800,11900,25400,17500,36700,10900,2000,40700,600,12600,50300,8400,11000,17000,36700,1000,3100,1000
359.0,5.94,114100,678089.0,5.94,5.93,5.92,5.91,5.9,5.89,5.88,5.87,5.86,5.85,5.95,5.96,5.97,5.98,5.99,6.0,6.01,6.02,6.03,6.04,4900,1400,5800,11900,25400,17500,36700,10900,2000,40700,600,12600,50300,8400,11000,17000,36700,1000,3100,1000
360.0,5.94,114100,678089.0,5.94,5.93,5.92,5.91,5.9,5.89,5.88,5.87,5.86,5.85,5.95,5.96,5.97,5.98,5.99,6.0,6.01,6.02,6.03,6.04,4900,1400,5800,11900,25400,17500,36700,10900,2000,40700,600,12600,50300,8400,11000,17000,36700,1000,3100,1000
361.0,5.94,114100,678089.0,5.94,5.93,5.92,5.91,5.9,5.89,5.88,5.87,5.86,5.85,5.95,5.96,5.97,5.98,5.99,6.0,6.01,6.02,6.03,6.04,4900,1400,5800,11900,25400,17500,36700,10900,2000,40700,600,12600,50300,8400,11000,17000,36700,1000,3100,1000
362.0,5.94,114100,678089.0,5.94,5.93,5.92,5.91,5.9,5.89,5.88,5.87,5.86,5.85,5.95,5.96,5.97,5.98,5.99,6.0,6.01,6.02,6.03,6.04,4900,1400,5800,11900,25400,17500,36700,10900,2000,40700,600,12600,50300,8400,11000,17000,36700,1000,3100,1000
363.0,5.94,114100,678089.0,5.94,5.93,5.92,5.91,5.9,5.89,5.88,5.87,5.86,5.85,5.95,5.96,5.97,5.98,5.99,6.0,6.01,6.02,6.03,6.04,4900,1400,5800,11900,25400,17500,36700,10900,2000,40700,600,12600,50300,8400,11000,17000,36700,1000,3100,1000
364.0,5.94,114500,680465.0,5.94,5.93,5.92,5.91,5.9,5.89,5.88,5.87,5.86,5.85,5.95,5.96,5.97,5.98,5.99,6.0,6.01,6.02,6.03,6.04,4500,1400,5800,11900,25400,17500,36700,10900,2000,40700,600,12600,50300,8400,11000,17000,36700,1000,3100,1000
365.0,5.94,117300,697097.0,5.94,5.93,5.92,5.91,5.9,5.89,5.88,5.87,5.86,5.85,5.95,5.96,5.97,5.98,5.99,6.0,6.01,6.02,6.03,6.04,1700,1400,5800,11900,25400,17500,36700,10900,2000,40700,600,12600,50300,8400,11000,17000,36700,1000,3100,1000
366.0,5.94,117600,698879.0,5.94,5.93,5.92,5.91,5.9,5.89,5.88,5.87,5.86,5.85,5.95,5.96,5.97,5.98,5.99,6.0,6.01,6.02,6.03,6.04,1400,1400,5800,11900,25400,17500,36700,10900,2000,40700,500,12600,50300,8400,11000,17000,36700,1000,3100,1000
367.0,5.94,117600,698879.0,5.94,5.93,5.92,5.91,5.9,5.89,5.88,5.87,5.86,5.85,5.95,5.96,5.97,5.98,5.99,6.0,6.01,6.02,6.03,6.04,1400,1400,5800,11900,25400,17500,36700,10900,2000,40700,500,12600,50300,8400,11000,17000,36700,1000,3100,1000
368.0,5.94,119000,707195.0,5.93,5.92,5.91,5.9,5.89,5.88,5.87,5.86,5.85,5.84,5.94,5.95,5.96,5.97,5.98,5.99,6.0,6.01,6.02,6.03,1400,5800,11900,25400,17500,36700,10900,2000,40700,2900,7000,800,12600,50300,8400,11000,17000,36700,1000,3100
369.0,5.94,119000,707195.0,5.93,5.92,5.91,5.9,5.89,5.88,5.87,5.86,5.85,5.84,5.94,5.95,5.96,5.97,5.98,5.99,6.0,6.01,6.02,6.03,1400,5800,11900,25400,17500,36700,10900,2000,40700,2900,7000,800,12600,50300,8400,11000,17000,36700,1000,3100
370.0,5.94,119000,707195.0,5.93,5.92,5.91,5.9,5.89,5.88,5.87,5.86,5.85,5.84,5.94,5.95,5.96,5.97,5.98,5.99,6.0,6.01,6.02,6.03,1500,5800,11900,25400,17500,36700,10900,2000,40700,2900,7100,800,12600,50300,8400,11000,17000,36700,1000,3100
371.0,5.93,119100,707788.0,5.93,5.92,5.91,5.9,5.89,5.88,5.87,5.86,5.85,5.84,5.94,5.95,5.96,5.97,5.98,5.99,6.0,6.01,6.02,6.03,1400,5800,11900,25400,17500,36700,10900,2000,40700,2900,6800,800,12600,50300,8400,11000,17000,36700,1000,3100
372.0,5.93,119200,708381.0,5.93,5.92,5.91,5.9,5.89,5.88,5.87,5.86,5.85,5.84,5.94,5.95,5.96,5.97,5.98,5.99,6.0,6.01,6.02,6.03,1300,5800,11900,25400,17500,36700,10900,2000,40700,2900,6800,800,12600,50300,8400,11000,17000,36700,1000,3100
373.0,5.93,119200,708381.0,5.93,5.92,5.91,5.9,5.89,5.88,5.87,5.86,5.85,5.84,5.94,5.95,5.96,5.97,5.98,5.99,6.0,6.01,6.02,6.03,1400,5800,11900,25400,17500,36700,10900,2000,40700,2900,6900,800,12600,50300,8400,11000,17000,36700,1000,3100
374.0,5.93,119200,708381.0,5.93,5.92,5.91,5.9,5.89,5.88,5.87,5.86,5.85,5.84,5.94,5.95,5.96,5.97,5.98,5.99,6.0,6.01,6.02,6.03,1400,5800,11900,27400,17500,36700,10900,2000,40700,2900,6900,800,12600,50300,8400,11000,17000,36700,1000,3100
375.0,5.93,119200,708381.0,5.93,5.92,5.91,5.9,5.89,5.88,5.87,5.86,5.85,5.84,5.94,5.95,5.96,5.97,5.98,5.99,6.0,6.01,6.02,6.03,1500,5800,11900,27400,17500,36700,10900,2000,40700,2900,7000,800,12600,50300,8400,11000,17000,36700,1000,3100
376.0,5.93,119200,708381.0,5.93,5.92,5.91,5.9,5.89,5.88,5.87,5.86,5.85,5.84,5.94,5.95,5.96,5.97,5.98,5.99,6.0,6.01,6.02,6.03,1500,5800,11900,27400,17500,36700,10900,2000,40700,2900,7000,800,12600,50300,8400,11000,17000,36700,1000,3100
377.0,5.94,120600,716697.0,5.93,5.92,5.91,5.9,5.89,5.88,5.87,5.86,5.85,5.84,5.94,5.95,5.96,5.97,5.98,5.99,6.0,6.01,6.02,6.03,1500,5800,11900,27400,17500,36700,10900,2000,40700,2900,5700,800,12600,50300,8400,11000,17000,36700,1000,3100
378.0,5.94,120600,716697.0,5.93,5.92,5.91,5.9,5.89,5.88,5.87,5.86,5.85,5.84,5.94,5.95,5.96,5.97,5.98,5.99,6.0,6.01,6.02,6.03,1500,5800,11900,27400,17500,36700,10900,2000,40700,2900,5700,800,12600,50300,8400,11000,17000,36700,1000,3100
379.0,5.94,120600,716697.0,5.93,5.92,5.91,5.9,5.89,5.88,5.87,5.86,5.85,5.84,5.94,5.95,5.96,5.97,5.98,5.99,6.0,6.01,6.02,6.03,1500,5800,11900,27400,17500,36700,10900,2000,40700,2900,5700,800,12600,50300,8400,11000,17000,36700,1000,3100
380.0,5.93,120700,717290.0,5.93,5.92,5.91,5.9,5.89,5.88,5.87,5.86,5.85,5.84,5.94,5.95,5.96,5.97,5.98,5.99,6.0,6.01,6.02,6.03,1400,5800,11900,27400,17500,36700,10900,2000,40700,2900,5700,800,12600,50300,8400,11000,17000,36700,1000,3100
381.0,5.94,121900,724418.0,5.93,5.92,5.91,5.9,5.89,5.88,5.87,5.86,5.85,5.84,5.94,5.95,5.96,5.97,5.98,5.99,6.0,6.01,6.02,6.03,1400,5800,11900,27400,17500,36700,10900,2000,40700,2900,4500,800,12600,50300,8400,11000,17000,36700,1000,3100
382.0,5.94,121900,724418.0,5.93,5.92,5.91,5.9,5.89,5.88,5.87,5.86,5.85,5.84,5.94,5.95,5.96,5.97,5.98,5.99,6.0,6.01,6.02,6.03,1400,5800,11900,27400,17500,36700,10900,2000,40700,2900,4500,800,12600,50300,8400,11000,17000,36700,1000,3100
383.0,5.94,121900,724418.0,5.93,5.92,5.91,5.9,5.89,5.88,5.87,5.86,5.85,5.84,5.94,5.95,5.96,5.97,5.98,5.99,6.0,6.01,6.02,6.03,1400,5800,11900,27400,17500,36700,10900,2000,40700,2900,4500,700,12600,50300,8400,11000,17000,36700,1000,3100
384.0,5.94,121900,724418.0,5.93,5.92,5.91,5.9,5.89,5.88,5.87,5.86,5.85,5.84,5.94,5.95,5.96,5.97,5.98,5.99,6.0,6.01,6.02,6.03,1400,5800,11900,27400,17500,36700,10900,2000,40700,2900,4500,700,12600,50300,8400,11000,17000,36700,1000,3100
385.0,5.94,121900,724418.0,5.93,5.92,5.91,5.9,5.89,5.88,5.87,5.86,5.85,5.84,5.94,5.95,5.96,5.97,5.98,5.99,6.0,6.01,6.02,6.03,1400,5800,11900,27400,17500,36700,10900,2000,40700,2900,4500,700,12600,50300,8400,11000,17000,36700,1000,3100
386.0,5.94,121900,724418.0,5.93,5.92,5.91,5.9,5.89,5.88,5.87,5.86,5.85,5.84,5.94,5.95,5.96,5.97,5.98,5.99,6.0,6.01,6.02,6.03,1400,5800,11900,27400,17500,36700,10900,2000,40700,2900,4500,700,12600,50300,8400,11000,17000,36700,1000,3100
387.0,5.93,122000,725011.0,5.93,5.92,5.91,5.9,5.89,5.88,5.87,5.86,5.85,5.84,5.94,5.95,5.96,5.97,5.98,5.99,6.0,6.01,6.02,6.03,1300,5800,11900,27400,17500,36700,10900,2000,40700,2900,4500,700,12600,50300,8400,11000,17000,36700,1000,3100
388.0,5.94,122900,730357.0,5.93,5.92,5.91,5.9,5.89,5.88,5.87,5.86,5.85,5.84,5.94,5.95,5.96,5.97,5.98,5.99,6.0,6.01,6.02,6.03,1300,5800,11900,27400,17500,36700,10900,2000,40700,2900,3600,700,12600,50300,8400,11000,17000,36700,1000,3100
389.0,5.94,123200,732139.0,5.93,5.92,5.91,5.9,5.89,5.88,5.87,5.86,5.85,5.84,5.94,5.95,5.96,5.97,5.98,5.99,6.0,6.01,6.02,6.03,1300,5800,11900,27400,17500,36700,10900,2000,40700,2900,3300,700,12600,50300,8400,11000,17000,36700,1000,3100
390.0,5.94,123200,732139.0,5.93,5.92,5.91,5.9,5.89,5.88,5.87,5.86,5.85,5.84,5.94,5.95,5.96,5.97,5.98,5.99,6.0,6.01,6.02,6.03,1300,5800,11900,27400,17500,36700,10900,2000,40700,2900,3300,700,12600,50300,8400,11000,17000,36700,1000,3100
391.0,5.94,123200,732139.0,5.93,5.92,5.91,5.9,5.89,5.88,5.87,5.86,5.85,5.84,5.94,5.95,5.96,5.97,5.98,5.99,6.0,6.01,6.02,6.03,1300,5800,11900,27400,17500,36700,10900,2000,40700,2900,3300,700,12600,50300,8400,11000,17000,36700,1000,3100
392.0,5.94,123200,732139.0,5.93,5.92,5.91,5.9,5.89,5.88,5.87,5.86,5.85,5.84,5.94,5.95,5.96,5.97,5.98,5.99,6.0,6.01,6.02,6.03,1300,5800,11900,27400,17500,36700,10900,2000,40700,2900,3300,700,12600,50300,8400,11000,17000,36700,1000,3100
393.0,5.94,123500,733921.0,5.93,5.92,5.91,5.9,5.89,5.88,5.87,5.86,5.85,5.84,5.94,5.95,5.96,5.97,5.98,5.99,6.0,6.01,6.02,6.03,1300,5800,11900,27400,17500,36700,10900,2000,40700,2900,3000,700,12600,50300,8400,11000,17000,36700,1000,3100
394.0,5.93,123600,734514.0,5.93,5.92,5.91,5.9,5.89,5.88,5.87,5.86,5.85,5.84,5.94,5.95,5.96,5.97,5.98,5.99,6.0,6.01,6.02,6.03,1200,5800,11900,27400,17500,36700,10900,2000,40700,2900,3500,700,12600,50300,8400,11000,17000,36700,1000,3100
395.0,5.93,123600,734514.0,5.93,5.92,5.91,5.9,5.89,5.88,5.87,5.86,5.85,5.84,5.94,5.95,5.96,5.97,5.98,5.99,6.0,6.01,6.02,6.03,1200,5800,11900,27400,17500,36700,10900,2000,40700,2900,3500,700,12600,50300,8400,11000,17000,36700,1000,3100
396.0,5.94,123900,736296.0,5.93,5.92,5.91,5.9,5.89,5.88,5.87,5.86,5.85,5.84,5.94,5.95,5.96,5.97,5.98,5.99,6.0,6.01,6.02,6.03,1200,5800,11900,27400,17500,36700,10900,2000,40700,2900,3200,700,12600,50300,8400,11000,17000,36700,1000,3100
397.0,5.94,123900,736296.0,5.93,5.92,5.91,5.9,5.89,5.88,5.87,5.86,5.85,5.84,5.94,5.95,5.96,5.97,5.98,5.99,6.0,6.01,6.02,6.03,1200,5800,11900,27400,17500,36700,10900,2000,40700,2900,3200,700,12600,50300,8400,11000,17000,36700,1000,3100
398.0,5.93,124100,737482.0,5.93,5.92,5.91,5.9,5.89,5.88,5.87,5.86,5.85,5.84,5.94,5.95,5.96,5.97,5.98,5.99,6.0,6.01,6.02,6.03,1000,5800,11900,27400,17500,36700,10900,2000,40700,2900,3600,6300,12600,50300,8400,11000,17000,36700,1000,3100
399.0,5.93,124100,737482.0,5.93,5.92,5.91,5.9,5.89,5.88,5.87,5.86,5.85,5.84,5.94,5.95,5.96,5.97,5.98,5.99,6.0,6.01,6.02,6.03,1000,5800,11900,27400,17500,36700,10900,2000,40700,2900,3600,6300,12600,50300,8400,11000,17000,36700,1000,3100
400.0,5.94,125100,743422.0,5.93,5.92,5.91,5.9,5.89,5.88,5.87,5.86,5.85,5.84,5.94,5.95,5.96,5.97,5.98,5.99,6.0,6.01,6.02,6.03,1000,5800,11900,27400,17500,36700,10900,2000,40700,2900,2600,6300,12600,50300,8400,11000,17000,36700,1000,3100
401.0,5.93,125200,744015.0,5.93,5.92,5.91,5.9,5.89,5.88,5.87,5.86,5.85,5.84,5.94,5.95,5.96,5.97,5.98,5.99,6.0,6.01,6.02,6.03,900,5800,11900,27400,17500,36700,10900,2000,40700,2900,3700,6300,12600,50300,8400,11000,17000,36700,1000,3100
402.0,5.94,125300,744609.0,5.93,5.92,5.91,5.9,5.89,5.88,5.87,5.86,5.85,5.84,5.94,5.95,5.96,5.97,5.98,5.99,6.0,6.01,6.02,6.03,900,5800,11900,27400,17500,36700,10900,2000,40700,2900,3600,6300,12600,50300,8400,11000,17000,36700,1000,3100
403.0,5.94,125600,746391.0,5.93,5.92,5.91,5.9,5.89,5.88,5.87,5.86,5.85,5.84,5.94,5.95,5.96,5.97,5.98,5.99,6.0,6.01,6.02,6.03,900,5800,11900,27400,17500,36700,10900,2000,40700,2900,3300,6300,12600,60300,8400,11000,17000,36700,1000,3100
404.0,5.94,125600,746391.0,5.93,5.92,5.91,5.9,5.89,5.88,5.87,5.86,5.85,5.84,5.94,5.95,5.96,5.97,5.98,5.99,6.0,6.01,6.02,6.03,900,5800,11900,27400,17500,36700,10900,2000,40700,2900,3300,6300,12600,60300,8400,11000,17000,36700,1000,3100
405.0,5.94,125600,746391.0,5.93,5.92,5.91,5.9,5.89,5.88,5.87,5.86,5.85,5.84,5.94,5.95,5.96,5.97,5.98,5.99,6.0,6.01,6.02,6.03,900,5800,11900,27400,17500,36700,10900,2000,40700,2900,3300,6300,12600,60300,8400,11000,17000,36700,1000,3100
406.0,5.94,125900,748173.0,5.93,5.92,5.91,5.9,5.89,5.88,5.87,5.86,5.85,5.84,5.94,5.95,5.96,5.97,5.98,5.99,6.0,6.01,6.02,6.03,900,5800,11900,27400,17500,36700,10900,2000,40700,2900,3000,6300,12600,60300,8400,11000,17000,36700,1000,3100
407.0,5.94,125900,748173.0,5.93,5.92,5.91,5.9,5.89,5.88,5.87,5.86,5.85,5.84,5.94,5.95,5.96,5.97,5.98,5.99,6.0,6.01,6.02,6.03,900,5800,11900,27400,17500,36700,10900,2000,40700,2900,3000,6300,12600,60300,8400,11000,17000,36700,1000,3100
408.0,5.94,125900,748173.0,5.93,5.92,5.91,5.9,5.89,5.88,5.87,5.86,5.85,5.84,5.94,5.95,5.96,5.97,5.98,5.99,6.0,6.01,6.02,6.03,900,5800,11900,27400,17500,36700,10900,2000,40700,2900,3000,6300,12600,60300,8400,11000,17000,36700,1000,3100
409.0,5.94,126200,749955.0,5.93,5.92,5.91,5.9,5.89,5.88,5.87,5.86,5.85,5.84,5.94,5.95,5.96,5.97,5.98,5.99,6.0,6.01,6.02,6.03,900,5800,11900,27400,17500,36700,10900,2000,40700,2900,2700,6300,12600,60300,8400,11000,17000,36700,1000,3100
410.0,5.94,126200,749955.0,5.93,5.92,5.91,5.9,5.89,5.88,5.87,5.86,5.85,5.84,5.94,5.95,5.96,5.97,5.98,5.99,6.0,6.01,6.02,6.03,900,5800,11900,27400,17500,36700,10900,2000,40700,2900,2700,6300,12600,60300,8400,11000,17000,36700,1000,3100
411.0,5.94,126200,749955.0,5.93,5.92,5.91,5.9,5.89,5.88,5.87,5.86,5.85,5.84,5.94,5.95,5.96,5.97,5.98,5.99,6.0,6.01,6.02,6.03,900,5800,11900,27400,17500,36700,10900,2000,40700,2900,2700,6300,12600,60300,8400,11000,17000,36700,1000,3100
412.0,5.94,126900,754113.0,5.93,5.92,5.91,5.9,5.89,5.88,5.87,5.86,5.85,5.84,5.94,5.95,5.96,5.97,5.98,5.99,6.0,6.01,6.02,6.03,900,5800,11900,27400,17500,36700,10900,2000,40700,2900,2000,6300,12600,60300,8400,11000,17000,36700,1000,3100
413.0,5.94,126900,754113.0,5.93,5.92,5.91,5.9,5.89,5.88,5.87,5.86,5.85,5.84,5.94,5.95,5.96,5.97,5.98,5.99,6.0,6.01,6.02,6.03,900,5800,11900,27400,17500,36700,10900,2000,40700,2900,2000,6300,12600,60300,8400,11000,17000,36700,1000,3100
414.0,5.93,127800,759450.0,5.92,5.91,5.9,5.89,5.88,5.87,5.86,5.85,5.84,5.79,5.93,5.94,5.95,5.96,5.97,5.98,5.99,6.0,6.01,6.02,5800,11900,27600,17500,36700,10900,2000,40700,2900,10500,400,2100,6300,12600,60300,8400,11000,17000,36700,1000
415.0,5.93,127800,759450.0,5.92,5.91,5.9,5.89,5.88,5.87,5.86,5.85,5.84,5.79,5.93,5.94,5.95,5.96,5.97,5.98,5.99,6.0,6.01,6.02,5900,11900,27600,17500,36700,10900,2000,40700,2900,10500,500,2100,6300,12600,60300,8400,11000,17000,36700,1000
416.0,5.92,128300,762410.0,5.92,5.91,5.9,5.89,5.88,5.87,5.86,5.85,5.84,5.79,5.93,5.94,5.95,5.96,5.97,5.98,5.99,6.0,6.01,6.02,5500,11900,27600,17500,36700,10900,2000,40700,2900,10500,1200,2100,6300,12600,60300,8400,11000,17000,36700,1000
417.0,5.92,128300,762410.0,5.92,5.91,5.9,5.89,5.88,5.87,5.86,5.85,5.84,5.79,5.93,5.94,5.95,5.96,5.97,5.98,5.99,6.0,6.01,6.02,5500,11900,27600,17500,36700,10900,2000,40700,2900,10500,1200,2100,6300,12600,60300,8400,11000,17000,36700,1000
418.0,5.92,128300,762410.0,5.92,5.91,5.9,5.89,5.88,5.87,5.86,5.85,5.84,5.8,5.93,5.94,5.95,5.96,5.97,5.98,5.99,6.0,6.01,6.02,5800,11900,27600,17500,36700,10900,2000,40700,2900,400,1500,2100,6300,12600,60300,8400,11000,17000,36700,1000
419.0,5.93,128400,763003.0,5.92,5.91,5.9,5.89,5.88,5.87,5.86,5.85,5.84,5.8,5.93,5.94,5.95,5.96,5.97,5.98,5.99,6.0,6.01,6.02,5800,11900,27600,17500,36700,10900,2000,40700,2900,400,1400,2100,6300,12600,60300,8400,11000,17000,36700,1000
420.0,5.93,128400,763003.0,5.92,5.91,5.9,5.89,5.88,5.87,5.86,5.85,5.84,5.8,5.93,5.94,5.95,5.96,5.97,5.98,5.99,6.0,6.01,6.02,6100,11900,27600,17500,36700,10900,2000,40700,2900,400,1700,2100,6300,12600,60300,8400,11000,17000,36700,1000
421.0,5.93,128400,763003.0,5.92,5.91,5.9,5.89,5.88,5.87,5.86,5.85,5.84,5.8,5.93,5.94,5.95,5.96,5.97,5.98,5.99,6.0,6.01,6.02,6100,11900,27600,17500,36700,10900,2000,40700,2900,400,1700,2100,6300,12600,60300,8400,11000,17000,36700,1000
422.0,5.93,128500,763596.0,5.92,5.91,5.9,5.89,5.88,5.87,5.86,5.85,5.84,5.8,5.93,5.94,5.95,5.96,5.97,5.98,5.99,6.0,6.01,6.02,6200,11900,27600,17500,36700,10900,2000,40700,2900,400,1900,2100,6300,12600,60300,8400,11000,17000,36700,1000
423.0,5.92,129100,767148.0,5.92,5.91,5.9,5.89,5.88,5.87,5.86,5.85,5.84,5.8,5.93,5.94,5.95,5.96,5.97,5.98,5.99,6.0,6.01,6.02,5700,11900,27600,17500,36700,10900,2000,40700,2900,400,1900,2100,6300,12600,60300,8400,11000,17000,36700,1000
424.0,5.92,129100,767148.0,5.92,5.91,5.9,5.89,5.88,5.87,5.86,5.85,5.84,5.8,5.93,5.94,5.95,5.96,5.97,5.98,5.99,6.0,6.01,6.02,5700,11900,27600,17500,36700,10900,2000,40700,2900,400,1900,2100,6300,12600,60300,8400,11000,17000,36700,1000
425.0,5.92,129100,767148.0,5.92,5.91,5.9,5.89,5.88,5.87,5.86,5.85,5.84,5.8,5.93,5.94,5.95,5.96,5.97,5.98,5.99,6.0,6.01,6.02,5900,11900,27600,17500,36700,10900,2000,40700,2900,400,2100,2100,6300,12600,60300,8400,11000,17000,36700,1000
426.0,5.93,129300,768334.0,5.92,5.91,5.9,5.89,5.88,5.87,5.86,5.85,5.84,5.8,5.93,5.94,5.95,5.96,5.97,5.98,5.99,6.0,6.01,6.02,5900,11900,27600,17500,36700,10900,2000,40700,2900,400,2300,2100,700,12600,60300,8400,11000,17000,36700,1000
