LocalTime,LastPrice,TradeVolume,TradeValue,BidPrice1,BidPrice2,BidPrice3,BidPrice4,BidPrice5,BidPrice6,BidPrice7,BidPrice8,BidPrice9,BidPriceA,AskPrice1,AskPrice2,AskPrice3,AskPrice4,AskPrice5,AskPrice6,AskPrice7,AskPrice8,AskPrice9,AskPriceA,BidVolume1,BidVolume2,BidVolume3,BidVolume4,BidVolume5,BidVolume6,BidVolume7,BidVolume8,BidVolume9,BidVolumeA,AskVolume1,AskVolume2,AskVolume3,AskVolume4,AskVolume5,AskVolume6,AskVolume7,AskVolume8,AskVolume9,AskVolumeA
0.0,21.83,26400,576312.0,21.85,21.84,21.83,21.82,21.81,21.8,21.78,21.77,21.76,21.75,21.89,21.91,21.98,21.99,22.01,22.06,22.08,22.09,22.1,22.12,7300,4600,26300,7100,9200,3900,2100,1800,5300,700,200,1400,10300,14400,10000,1200,5000,6000,1900,12300
1.0,21.85,26700,582867.0,21.85,21.84,21.83,21.82,21.81,21.8,21.78,21.77,21.76,21.75,21.89,21.91,21.97,21.98,21.99,22.01,22.06,22.08,22.09,22.1,7000,4600,26300,23100,12200,3900,2100,8800,5300,2400,4000,1400,1100,10300,14400,10000,1200,5000,6000,7400
2.0,21.85,26700,582867.0,21.86,21.85,21.84,21.83,21.82,21.81,21.8,21.78,21.77,21.76,21.89,21.91,21.97,21.98,21.99,22.01,22.06,22.07,22.08,22.09,200,8500,4600,26300,23100,12900,4100,3100,8800,5300,13100,1400,6100,10300,14700,10000,1200,1000,5400,6000
3.0,21.85,30000,654978.0,21.85,21.84,21.83,21.82,21.81,21.8,21.78,21.77,21.76,21.75,21.89,21.91,21.97,21.98,21.99,22.0,22.01,22.06,22.07,22.08,9800,4800,28400,23100,13800,4100,3100,8800,5300,2900,13000,1400,6400,10300,14700,200,10000,200,1200,5400
4.0,21.89,30800,672478.0,21.85,21.84,21.83,21.82,21.81,21.8,21.78,21.77,21.76,21.75,21.89,21.91,21.96,21.97,21.98,21.99,22.0,22.01,22.06,22.07,9500,4800,25600,23300,13800,4600,3100,8800,5300,2900,12500,1400,400,6400,10300,14700,200,10000,200,1200
5.0,21.89,43500,950479.0,21.89,21.86,21.85,21.84,21.83,21.82,21.81,21.8,21.78,21.77,21.91,21.96,21.97,21.98,21.99,22.0,22.01,22.06,22.07,22.08,9200,500,8800,4800,25600,23300,13800,4100,3100,8800,1400,400,6900,10300,14700,200,11000,200,1200,5400
6.0,21.89,44200,965802.0,21.89,21.86,21.85,21.84,21.83,21.82,21.81,21.8,21.78,21.77,21.91,21.96,21.97,21.98,21.99,22.0,22.01,22.04,22.06,22.07,14400,500,9300,5000,25600,23300,14600,4100,3600,8800,1400,400,6900,10300,15400,200,11000,300,200,1200
7.0,21.89,44600,974560.0,21.89,21.86,21.85,21.84,21.83,21.82,21.81,21.8,21.78,21.77,21.91,21.96,21.97,21.98,21.99,22.0,22.01,22.04,22.06,22.07,14100,1000,13100,5000,25600,23600,14600,4100,3600,8800,1300,400,1900,10300,15400,200,11000,300,200,1200
8.0,21.89,50400,1101522.0,21.89,21.86,21.85,21.84,21.83,21.82,21.81,21.8,21.78,21.77,21.91,21.96,21.97,21.98,21.99,22.0,22.01,22.04,22.06,22.07,8500,4100,13600,7100,25600,23600,17800,6100,6600,8800,1300,400,1900,10300,15400,200,11500,300,200,1200
9.0,21.89,58300,1274459.0,21.89,21.87,21.86,21.85,21.84,21.83,21.82,21.81,21.8,21.78,21.91,21.96,21.97,21.98,21.99,22.0,22.01,22.02,22.04,22.06,1400,300,4600,14700,7000,25600,23600,20800,9100,6600,1200,400,1900,10900,15400,200,11500,500,300,200
10.0,21.89,60100,1313879.0,21.89,21.87,21.86,21.85,21.84,21.83,21.82,21.81,21.8,21.78,21.91,21.96,21.97,21.98,21.99,22.0,22.01,22.02,22.04,22.06,1900,300,4700,14100,7700,25200,23600,20800,9100,6600,1100,400,1900,10900,15400,200,11500,500,300,200
11.0,21.89,62100,1357660.0,21.89,21.87,21.86,21.85,21.84,21.83,21.82,21.81,21.8,21.78,21.9,21.91,21.96,21.97,21.98,21.99,22.0,22.01,22.02,22.04,700,300,4700,14000,7700,25200,23600,21000,9100,6600,200,2900,400,1900,10900,15400,200,11500,500,300
12.0,21.91,63000,1377368.0,21.9,21.89,21.87,21.86,21.85,21.84,21.83,21.82,21.81,21.8,21.91,21.96,21.97,21.98,21.99,22.0,22.01,22.02,22.04,22.06,300,1400,300,4700,13700,6900,25200,23600,21000,9100,2800,400,1900,10900,15400,200,11500,500,300,200
13.0,21.89,69300,1515331.0,21.87,21.86,21.85,21.84,21.83,21.82,21.81,21.8,21.78,21.77,21.89,21.9,21.91,21.96,21.97,21.98,21.99,22.0,22.01,22.02,300,4700,13700,7100,24800,23600,21000,9100,6600,8800,2600,2600,200,400,1900,10900,15400,200,11500,500
14.0,21.88,70200,1535028.0,21.87,21.86,21.85,21.84,21.83,21.82,21.81,21.8,21.78,21.77,21.88,21.89,21.9,21.91,21.96,21.97,21.98,21.99,22.0,22.01,500,5100,13800,7100,24800,23600,21000,9100,6600,8800,700,2300,2700,200,400,1900,10900,15400,200,11500
15.0,21.88,70600,1543780.0,21.87,21.86,21.85,21.84,21.83,21.82,21.81,21.8,21.78,21.77,21.88,21.89,21.9,21.91,21.96,21.97,21.98,21.99,22.0,22.01,500,5100,13800,7100,24800,23600,21000,9200,6600,8800,500,2500,2700,200,400,1900,10900,15400,200,11500
16.0,21.86,76200,1666201.0,21.85,21.84,21.83,21.82,21.81,21.8,21.78,21.77,21.76,21.75,21.88,21.89,21.9,21.91,21.96,21.97,21.98,21.99,22.0,22.01,13800,7100,24800,23600,21000,9200,6600,8800,5600,2900,400,2500,2700,200,400,1900,10900,15400,200,11500
17.0,21.85,90000,1967731.0,21.85,21.84,21.83,21.82,21.81,21.8,21.78,21.77,21.76,21.75,21.88,21.89,21.9,21.91,21.96,21.97,21.98,21.99,22.0,22.01,300,7600,25000,23600,21000,9200,6600,8800,5600,2900,500,2500,2800,200,400,1900,10900,15400,200,11500
18.0,21.85,90500,1978658.0,21.84,21.83,21.82,21.81,21.8,21.78,21.77,21.76,21.75,21.74,21.85,21.88,21.89,21.9,21.91,21.96,21.97,21.98,21.99,22.0,7600,25000,23600,21000,9200,6600,8800,5600,2900,3000,100,1000,2300,2800,3400,400,1900,10900,15400,200
19.0,21.88,91600,2002719.0,21.84,21.83,21.82,21.81,21.8,21.78,21.77,21.76,21.75,21.74,21.88,21.89,21.9,21.91,21.96,21.97,21.98,21.99,22.0,22.01,8100,25000,23600,21000,9200,6600,8800,5600,2900,3000,100,2300,2800,3400,400,1900,10900,15400,400,11500
20.0,21.84,95600,2090103.0,21.84,21.83,21.82,21.81,21.8,21.78,21.77,21.76,21.75,21.74,21.88,21.89,21.9,21.91,21.96,21.97,21.98,21.99,22.0,22.01,4800,25000,23600,21000,9200,6600,8800,5600,2900,3000,900,2100,2800,3400,400,1900,10900,15400,400,11500
21.0,21.85,96200,2103216.0,21.84,21.83,21.82,21.81,21.8,21.78,21.77,21.76,21.75,21.74,21.85,21.88,21.89,21.9,21.91,21.96,21.97,21.98,21.99,22.0,4800,25000,23600,21000,9200,6600,8800,5600,2900,3000,2200,1000,2100,2800,3400,400,1900,10900,15400,400
22.0,21.85,96800,2116326.0,21.84,21.83,21.82,21.81,21.8,21.78,21.77,21.76,21.75,21.74,21.85,21.88,21.89,21.9,21.91,21.96,21.97,21.98,21.99,22.0,4800,25000,23600,21100,10200,6600,8800,5600,2900,3000,1600,1000,2100,2800,3300,400,1900,10900,15400,400
23.0,21.84,98500,2153467.0,21.84,21.83,21.82,21.81,21.8,21.78,21.77,21.76,21.75,21.74,21.85,21.88,21.89,21.9,21.91,21.96,21.97,21.98,21.99,22.0,4000,25000,23600,21100,10200,6600,8800,5600,2900,3000,300,1000,2100,2800,3300,400,1900,10900,15400,400
24.0,21.85,98700,2157837.0,21.84,21.83,21.82,21.81,21.8,21.78,21.77,21.76,21.75,21.74,21.85,21.88,21.89,21.9,21.91,21.94,21.96,21.97,21.98,21.99,4000,25000,23600,21100,10200,6600,8800,5600,2900,3000,500,1000,1900,2800,3300,2900,400,1900,10900,15400
25.0,21.84,99500,2175310.0,21.84,21.83,21.82,21.81,21.8,21.78,21.77,21.76,21.75,21.74,21.85,21.86,21.88,21.89,21.9,21.91,21.94,21.96,21.97,21.98,3900,25000,23600,21100,10200,6600,8800,5600,2900,3000,400,300,1000,1900,2700,3300,2900,400,1900,10900
26.0,21.84,104500,2284506.0,21.84,21.83,21.82,21.81,21.8,21.78,21.77,21.76,21.75,21.74,21.85,21.86,21.88,21.89,21.9,21.91,21.94,21.96,21.97,21.98,600,24400,23800,21100,10200,6600,8800,5600,2900,3000,3800,300,1000,500,2600,3200,2900,400,1900,10900
27.0,21.84,104600,2286690.0,21.84,21.83,21.82,21.81,21.8,21.78,21.77,21.76,21.75,21.74,21.85,21.86,21.88,21.89,21.9,21.91,21.94,21.96,21.97,21.98,500,24400,23800,21100,10200,6600,8800,5600,2900,3000,4000,300,1000,200,2600,3200,2900,400,1900,10900
28.0,21.84,105200,2299794.0,21.84,21.83,21.82,21.81,21.8,21.78,21.77,21.76,21.75,21.74,21.85,21.86,21.88,21.89,21.9,21.91,21.94,21.96,21.97,21.98,300,24400,23800,21100,10200,6600,8800,5600,2900,3000,4000,500,1000,200,2600,3200,2900,400,1900,10900
29.0,21.83,106800,2334737.0,21.83,21.82,21.81,21.8,21.78,21.77,21.76,21.75,21.74,21.73,21.85,21.86,21.88,21.89,21.9,21.91,21.94,21.96,21.97,21.98,24300,23800,21100,10200,6600,8800,5600,2900,3000,30200,4300,300,1000,200,2600,3200,2900,400,1900,10900
30.0,21.83,107400,2347837.0,21.83,21.82,21.81,21.8,21.78,21.77,21.76,21.75,21.74,21.73,21.84,21.85,21.86,21.88,21.89,21.9,21.91,21.94,21.96,21.97,23800,23800,21100,10200,6600,8800,5600,2900,3000,30200,700,4400,300,1000,200,2600,3200,2900,400,1900
31.0,21.82,147400,3220875.0,21.82,21.81,21.8,21.78,21.77,21.76,21.75,21.74,21.73,21.72,21.84,21.85,21.86,21.88,21.89,21.9,21.91,21.94,21.96,21.97,8400,21100,10200,6600,8800,5600,2900,3000,30200,16800,800,4400,300,1000,200,2600,3200,2900,400,1900
32.0,21.85,149900,3275453.0,21.82,21.81,21.8,21.78,21.77,21.76,21.75,21.74,21.73,21.72,21.85,21.86,21.88,21.89,21.9,21.91,21.94,21.96,21.97,21.98,8200,21300,10200,6600,8800,5600,2900,3000,30200,16800,4300,300,1000,200,2600,3200,2900,400,1900,10900
33.0,21.85,150500,3288563.0,21.82,21.81,21.8,21.78,21.77,21.76,21.75,21.74,21.73,21.72,21.83,21.85,21.86,21.88,21.9,21.91,21.94,21.96,21.97,21.98,8300,21300,10200,6600,8800,5600,2900,3000,30200,16800,200,3700,300,1000,2600,3200,2900,400,1900,10900
34.0,21.85,150500,3288563.0,21.82,21.81,21.8,21.78,21.77,21.76,21.75,21.74,21.73,21.72,21.83,21.85,21.86,21.88,21.9,21.91,21.94,21.96,21.97,21.98,8300,21300,10200,6600,8800,5600,2900,3000,30200,16800,200,3500,300,1000,2600,3200,2900,400,1900,10900
35.0,21.82,151300,3306021.0,21.82,21.81,21.8,21.78,21.77,21.76,21.75,21.74,21.73,21.72,21.83,21.85,21.86,21.88,21.9,21.91,21.94,21.96,21.97,21.98,7900,21500,10200,6600,8800,5600,2900,3000,30200,16800,100,3500,200,1000,2600,3200,2900,400,1900,10900
36.0,21.82,151300,3306021.0,21.82,21.81,21.8,21.78,21.77,21.76,21.75,21.74,21.73,21.72,21.83,21.84,21.85,21.86,21.88,21.9,21.91,21.94,21.96,21.97,7900,21500,10200,6600,8800,5600,2900,3000,30200,16800,100,100,3500,200,1000,2600,3200,2900,400,1900
37.0,21.82,153200,3347479.0,21.82,21.81,21.8,21.78,21.77,21.76,21.75,21.74,21.73,21.72,21.83,21.84,21.85,21.86,21.88,21.9,21.91,21.94,21.96,21.97,6000,21500,10200,6600,8800,5600,2900,3000,30200,16800,100,100,3500,200,1000,2600,3200,2900,400,1900
38.0,21.81,168400,3679057.0,21.81,21.8,21.78,21.77,21.76,21.75,21.74,21.73,21.72,21.71,21.84,21.85,21.88,21.9,21.91,21.94,21.96,21.97,21.98,21.99,12600,10200,6600,8800,5600,2900,3000,30200,16800,9100,3700,3500,1000,2600,3200,2900,400,1900,10900,15400
39.0,21.82,169000,3692145.0,21.81,21.8,21.78,21.77,21.76,21.75,21.74,21.73,21.72,21.71,21.84,21.85,21.88,21.9,21.91,21.94,21.96,21.97,21.98,21.99,12800,12200,6600,8800,5600,2900,3000,30200,16800,9100,4000,3600,1000,2600,3200,2900,400,1900,10900,15400
40.0,21.81,169500,3703050.0,21.81,21.8,21.78,21.77,21.76,21.75,21.74,21.73,21.72,21.71,21.82,21.84,21.85,21.88,21.9,21.91,21.94,21.96,21.97,21.98,12300,12200,6600,8800,16500,2900,3900,30200,16800,9100,4700,4000,4100,1000,2600,3200,2900,400,1900,10900
41.0,21.82,174300,3807785.0,21.82,21.81,21.8,21.78,21.77,21.76,21.75,21.74,21.73,21.72,21.84,21.85,21.88,21.9,21.91,21.94,21.96,21.97,21.98,21.99,400,13400,12300,7100,8800,16500,2900,3900,30200,16800,4000,4100,1000,2600,3200,2900,400,1900,10900,15400
42.0,21.85,182300,3982545.0,21.83,21.82,21.81,21.8,21.78,21.77,21.76,21.75,21.74,21.73,21.85,21.88,21.9,21.91,21.94,21.96,21.97,21.98,21.99,22.0,7400,2400,13400,12300,7100,8800,16500,2900,3900,30200,100,1000,2600,3200,2900,400,1900,10900,15400,200
43.0,21.88,182900,3995662.0,21.85,21.83,21.82,21.81,21.8,21.78,21.77,21.76,21.75,21.74,21.88,21.9,21.91,21.94,21.96,21.97,21.98,21.99,22.0,22.01,4500,3500,2400,13900,12400,7100,8800,16500,2900,3900,700,2600,3200,2900,400,1900,10900,15400,200,11500
44.0,21.85,184900,4039371.0,21.85,21.84,21.83,21.82,21.81,21.8,21.78,21.77,21.76,21.75,21.88,21.9,21.91,21.94,21.96,21.97,21.98,21.99,22.0,22.01,2800,1000,3500,2400,13000,12200,7100,8800,16500,2900,900,2600,3200,2900,400,1900,10900,15400,200,11500
45.0,21.88,185100,4043747.0,21.85,21.84,21.83,21.82,21.81,21.8,21.78,21.77,21.76,21.75,21.88,21.9,21.91,21.94,21.96,21.97,21.98,21.99,22.0,22.01,1000,1000,3500,2400,13000,12200,7100,8800,16600,3200,700,2600,3200,2900,400,1900,10900,15400,200,11500
46.0,21.84,186600,4076517.0,21.84,21.83,21.82,21.81,21.8,21.78,21.77,21.76,21.75,21.74,21.88,21.9,21.91,21.94,21.96,21.97,21.98,21.99,22.0,22.01,500,3500,2400,13000,12200,7100,8800,16600,3200,3900,900,2600,3200,2900,400,1900,10900,15400,200,11500
47.0,21.87,187000,4085260.0,21.87,21.85,21.84,21.83,21.82,21.81,21.8,21.78,21.77,21.76,21.88,21.9,21.91,21.94,21.96,21.97,21.98,21.99,22.0,22.01,400,400,700,3600,2400,22700,12200,7100,8800,16600,900,2600,3200,2900,400,1900,10900,15400,200,11500
48.0,21.87,187000,4085260.0,21.87,21.85,21.84,21.83,21.82,21.81,21.8,21.78,21.77,21.76,21.88,21.9,21.91,21.94,21.96,21.97,21.98,21.99,22.0,22.01,400,400,700,3600,4400,22700,12200,7100,8800,16600,900,2600,3200,2900,400,1900,10900,15400,200,11500
49.0,21.84,192100,4196665.0,21.85,21.84,21.83,21.82,21.81,21.8,21.78,21.77,21.76,21.75,21.88,21.9,21.91,21.94,21.96,21.97,21.98,21.99,22.0,22.01,3500,13000,3600,4400,22700,12200,7100,8800,16600,3200,900,2600,3200,2900,400,1900,10900,15400,200,11500
50.0,21.88,193300,4222904.0,21.85,21.84,21.83,21.82,21.81,21.8,21.78,21.77,21.76,21.75,21.88,21.9,21.91,21.94,21.96,21.97,21.98,21.99,22.0,22.01,3500,13000,3600,4400,22700,12200,7100,8800,16600,3200,1000,2600,3200,2900,400,1900,10900,15400,200,11500
51.0,21.88,194000,4238220.0,21.85,21.84,21.83,21.82,21.81,21.8,21.78,21.77,21.76,21.75,21.88,21.9,21.91,21.94,21.96,21.97,21.98,21.99,22.0,22.01,3600,13000,3600,9400,22700,13200,7100,8800,16600,3200,700,2600,3200,2900,400,1900,10900,15400,200,11500
52.0,21.88,194300,4244784.0,21.85,21.84,21.83,21.82,21.81,21.8,21.78,21.77,21.76,21.75,21.88,21.9,21.91,21.94,21.96,21.97,21.98,21.99,22.0,22.01,3900,13000,3600,9400,22700,13200,7100,8800,16600,3200,400,2600,3200,2900,400,1900,10900,15400,200,11500
53.0,21.88,195300,4266653.0,21.86,21.85,21.84,21.83,21.82,21.81,21.8,21.78,21.77,21.76,21.88,21.9,21.91,21.94,21.96,21.97,21.98,21.99,22.0,22.01,2100,6300,13400,3600,9400,23200,13200,7100,8800,16600,600,2600,3200,2900,400,1900,10900,15400,200,11500
54.0,21.88,195400,4268841.0,21.86,21.85,21.84,21.83,21.82,21.81,21.8,21.78,21.77,21.76,21.88,21.9,21.91,21.94,21.96,21.97,21.98,21.99,22.0,22.01,2100,6300,13400,3600,9400,23200,13200,7100,8800,16600,700,2600,3200,2900,400,1900,10900,15400,200,11500
55.0,21.88,195400,4268841.0,21.86,21.85,21.84,21.83,21.82,21.81,21.8,21.78,21.77,21.76,21.88,21.89,21.9,21.91,21.94,21.96,21.97,21.98,21.99,22.0,2100,6500,9700,3600,9400,23200,13200,7100,8800,16600,700,100,2600,3200,2900,400,1900,10900,15400,200
56.0,21.88,195400,4268841.0,21.86,21.85,21.84,21.83,21.82,21.81,21.8,21.78,21.77,21.76,21.88,21.89,21.9,21.91,21.94,21.96,21.97,21.98,21.99,22.0,2300,6700,9700,3600,9400,23200,13300,7100,8800,16600,700,100,2600,3200,2900,400,1900,10900,15400,200
57.0,21.88,195400,4268841.0,21.86,21.85,21.84,21.83,21.82,21.81,21.8,21.78,21.77,21.76,21.88,21.89,21.9,21.91,21.94,21.96,21.97,21.98,21.99,22.0,2300,6700,9700,3600,9400,23200,13300,7100,8800,16600,700,100,2600,3200,2900,400,1900,10900,15400,200
58.0,21.88,195400,4268841.0,21.86,21.85,21.84,21.83,21.82,21.81,21.8,21.78,21.77,21.76,21.88,21.89,21.9,21.91,21.94,21.96,21.97,21.98,21.99,22.0,200,6700,400,3600,10900,23200,14300,7100,8800,16600,1000,100,2600,3200,2900,400,1900,10900,15400,200
59.0,21.88,196200,4286345.0,21.86,21.85,21.84,21.83,21.82,21.81,21.8,21.78,21.77,21.76,21.88,21.89,21.9,21.91,21.94,21.96,21.97,21.98,21.99,22.0,200,6700,400,3600,10900,23200,14300,7100,8800,16600,200,100,2600,3200,2900,400,1900,10900,15400,200
60.0,21.88,196400,4290721.0,21.88,21.86,21.85,21.84,21.83,21.82,21.81,21.8,21.78,21.77,21.89,21.9,21.91,21.94,21.96,21.97,21.98,21.99,22.0,22.01,800,200,6700,400,3600,10900,23200,14300,7100,8800,500,2600,3200,2900,400,1900,10900,15400,200,11500
61.0,21.88,196400,4290721.0,21.88,21.86,21.85,21.84,21.83,21.82,21.81,21.8,21.78,21.77,21.89,21.9,21.91,21.94,21.96,21.97,21.98,21.99,22.0,22.01,800,200,6700,400,3600,10900,23200,13300,7100,8800,500,2600,3200,2900,400,1900,10900,15400,200,11500
62.0,21.88,196400,4290721.0,21.88,21.86,21.85,21.83,21.82,21.81,21.8,21.78,21.77,21.76,21.89,21.9,21.91,21.94,21.96,21.97,21.98,21.99,22.0,22.01,800,600,6700,3600,10900,23100,13300,7100,8800,16600,500,2600,3200,2900,400,1900,10900,15400,200,11500
63.0,21.88,196400,4290721.0,21.88,21.86,21.85,21.83,21.82,21.81,21.8,21.78,21.77,21.76,21.89,21.9,21.91,21.94,21.96,21.97,21.98,21.99,22.0,22.01,800,600,6700,3600,10900,23100,13300,7100,8800,16600,500,2600,3200,2900,400,1900,10900,15400,200,11500
64.0,21.85,204000,4456811.0,21.86,21.85,21.83,21.82,21.81,21.8,21.78,21.77,21.76,21.75,21.89,21.9,21.91,21.94,21.96,21.97,21.98,21.99,22.0,22.01,200,600,3600,10900,23100,13300,7100,8800,16600,3900,500,2600,3200,2900,400,1900,10900,15400,200,11500
65.0,21.85,204000,4456811.0,21.86,21.85,21.83,21.82,21.81,21.8,21.79,21.78,21.77,21.76,21.89,21.9,21.91,21.94,21.96,21.97,21.98,21.99,22.0,22.01,200,600,3600,9400,24000,13300,1300,7100,8800,16600,500,3600,3200,2900,400,1900,10900,15400,200,11500
66.0,21.85,204000,4456811.0,21.85,21.83,21.82,21.81,21.8,21.79,21.78,21.77,21.76,21.75,21.89,21.9,21.91,21.94,21.96,21.97,21.98,21.99,22.0,22.01,800,3600,9400,24000,13300,1300,7100,8800,16600,3900,800,3700,3200,2900,400,1900,10900,15400,200,11500
67.0,21.85,204000,4456811.0,21.88,21.85,21.83,21.82,21.81,21.8,21.79,21.78,21.77,21.76,21.89,21.9,21.91,21.94,21.96,21.97,21.98,21.99,22.0,22.01,200,800,3600,9400,24000,12300,1300,7100,8800,16600,100,3700,3200,2900,400,1900,10900,15400,200,11500
68.0,21.85,204000,4456811.0,21.88,21.85,21.83,21.82,21.81,21.8,21.79,21.78,21.77,21.76,21.89,21.9,21.91,21.94,21.96,21.97,21.98,21.99,22.0,22.01,400,1200,3600,9400,23700,12300,1300,7100,8800,16600,600,3700,3200,2900,400,1900,10900,15400,200,11500
69.0,21.89,204100,4459000.0,21.88,21.85,21.83,21.82,21.81,21.8,21.79,21.78,21.77,21.76,21.89,21.9,21.91,21.94,21.96,21.97,21.98,21.99,22.0,22.01,400,1200,3600,9400,23700,12300,1300,7100,8800,16600,500,3700,3200,12900,400,1900,10900,15400,200,11500
70.0,21.89,204100,4459000.0,21.88,21.85,21.83,21.82,21.81,21.8,21.79,21.78,21.77,21.76,21.89,21.9,21.91,21.94,21.96,21.97,21.98,21.99,22.0,22.01,400,1200,3600,9400,23700,12300,1300,7100,8800,16600,500,3700,3200,12900,400,1900,10900,15400,200,11500
71.0,21.9,210000,4588173.0,21.87,21.85,21.83,21.82,21.81,21.8,21.79,21.78,21.77,21.76,21.91,21.94,21.96,21.97,21.98,21.99,22.0,22.01,22.02,22.04,400,1000,3600,9400,23700,12300,1300,7100,8800,16800,3200,12900,400,1900,10900,15400,200,11500,500,300
72.0,21.91,210300,4594746.0,21.87,21.85,21.83,21.82,21.81,21.8,21.79,21.78,21.77,21.76,21.91,21.92,21.94,21.96,21.97,21.98,21.99,22.0,22.01,22.02,400,1000,3600,9400,23700,12300,1300,7100,8800,16800,3000,100,12900,400,6900,10900,15400,200,11500,500
73.0,21.91,210300,4594746.0,21.87,21.85,21.83,21.82,21.81,21.8,21.79,21.78,21.77,21.76,21.91,21.92,21.94,21.96,21.97,21.98,21.99,22.0,22.01,22.02,400,1000,4100,9400,23700,12300,1300,7100,8800,16800,3000,100,12900,400,6900,10900,15400,200,11500,500
74.0,21.91,212500,4642942.0,21.87,21.86,21.85,21.83,21.82,21.81,21.8,21.79,21.78,21.77,21.91,21.92,21.94,21.96,21.97,21.98,21.99,22.0,22.01,22.02,600,100,1300,4100,9400,23700,12300,1300,7100,8800,1400,100,12900,400,6900,10900,15400,200,11500,500
75.0,21.91,212600,4645133.0,21.88,21.87,21.86,21.85,21.84,21.83,21.82,21.81,21.8,21.79,21.91,21.92,21.94,21.96,21.97,21.98,21.99,22.0,22.01,22.02,100,600,100,2300,200,4100,9700,23700,12300,1300,1300,100,12900,400,6900,10900,15400,200,11500,500
76.0,21.91,212600,4645133.0,21.88,21.87,21.86,21.85,21.84,21.83,21.82,21.81,21.8,21.79,21.91,21.92,21.94,21.96,21.97,21.98,21.99,22.0,22.01,22.02,100,600,100,2500,200,4100,9700,23700,12300,1300,1300,100,12900,400,6900,10900,15400,200,11500,500
77.0,21.91,214400,4684571.0,21.91,21.89,21.88,21.87,21.86,21.85,21.84,21.83,21.82,21.81,21.92,21.94,21.96,21.97,21.98,21.99,22.0,22.01,22.02,22.04,500,200,1500,400,200,2200,200,4100,9700,23700,200,12900,400,6900,10900,15400,200,11500,500,300
78.0,21.92,214500,4686763.0,21.91,21.89,21.88,21.87,21.86,21.85,21.84,21.83,21.82,21.81,21.92,21.94,21.96,21.97,21.98,21.99,22.0,22.01,22.02,22.04,1000,200,1600,200,200,2200,200,4100,11600,23500,100,12900,400,6900,10900,15400,200,11500,500,300
79.0,21.89,215700,4713051.0,21.9,21.89,21.88,21.87,21.86,21.85,21.84,21.83,21.82,21.81,21.92,21.94,21.96,21.97,21.98,21.99,22.0,22.01,22.02,22.04,2100,3600,1600,200,200,2200,200,5100,11600,23500,100,12900,400,6900,10900,15400,200,11500,500,300
80.0,21.92,218100,4765655.0,21.91,21.9,21.89,21.88,21.87,21.86,21.85,21.84,21.83,21.82,21.92,21.93,21.94,21.96,21.97,21.98,21.99,22.0,22.01,22.02,4900,100,3700,1700,200,100,2200,200,5100,11600,400,1600,12900,400,6900,10900,15400,200,11500,500
81.0,21.92,218100,4765655.0,21.91,21.9,21.89,21.88,21.87,21.86,21.85,21.84,21.83,21.82,21.92,21.93,21.94,21.96,21.97,21.98,21.99,22.0,22.01,22.02,4900,100,3700,1700,200,100,2400,200,5100,11600,400,1600,12900,400,6900,10900,15400,200,11500,500
82.0,21.92,218600,4776611.0,21.91,21.9,21.89,21.88,21.87,21.86,21.85,21.84,21.83,21.82,21.92,21.93,21.94,21.96,21.97,21.98,21.99,22.0,22.01,22.02,4900,100,3700,1600,200,100,2400,200,5100,11600,300,1600,12900,400,6900,10900,15400,200,11500,500
83.0,21.92,218900,4783187.0,21.91,21.9,21.89,21.88,21.87,21.86,21.85,21.84,21.83,21.82,21.93,21.94,21.96,21.97,21.98,21.99,22.0,22.01,22.02,22.04,5600,200,3600,1600,200,100,2400,200,5100,11600,1700,12900,400,6900,10900,15400,200,11500,500,300
84.0,21.92,218900,4783187.0,21.91,21.9,21.89,21.88,21.87,21.86,21.85,21.84,21.83,21.82,21.93,21.94,21.96,21.97,21.98,21.99,22.0,22.01,22.02,22.04,6700,200,3700,1600,200,1000,2400,200,5100,11600,1700,12900,400,6900,10900,15400,200,11500,500,300
85.0,21.93,219000,4785380.0,21.91,21.9,21.89,21.88,21.87,21.86,21.85,21.84,21.83,21.82,21.93,21.94,21.96,21.97,21.98,21.99,22.0,22.01,22.02,22.04,6800,1000,3700,1600,200,1000,2400,200,5100,11600,1600,12900,400,6900,10900,15400,200,1500,500,300
86.0,21.93,219000,4785380.0,21.91,21.9,21.89,21.88,21.87,21.86,21.85,21.84,21.83,21.82,21.93,21.94,21.96,21.97,21.98,21.99,22.0,22.01,22.02,22.04,8700,1000,3700,1600,200,1000,2400,200,5100,11900,1900,12900,400,6600,10900,15400,200,1500,500,300
87.0,21.93,219000,4785380.0,21.91,21.9,21.89,21.88,21.87,21.86,21.85,21.84,21.83,21.82,21.92,21.93,21.94,21.96,21.97,21.98,21.99,22.0,22.01,22.02,8700,1000,3700,1600,200,1000,2400,200,5100,11900,200,1900,12900,400,6600,10900,15400,200,1500,500
88.0,21.93,219000,4785380.0,21.91,21.9,21.89,21.88,21.87,21.86,21.85,21.84,21.83,21.82,21.92,21.93,21.94,21.96,21.97,21.98,21.99,22.0,22.01,22.02,8700,1000,3700,1600,200,1000,2400,200,5100,11900,200,1900,12900,400,6600,10900,15400,200,1500,500
89.0,21.93,219000,4785380.0,21.91,21.9,21.89,21.88,21.87,21.86,21.85,21.84,21.83,21.82,21.92,21.93,21.94,21.96,21.97,21.98,21.99,22.0,22.01,22.02,9000,1000,3700,1600,200,1000,2400,200,5100,11900,700,1900,12900,400,6600,10900,15400,200,1500,500
90.0,21.91,219400,4794144.0,21.91,21.9,21.89,21.88,21.87,21.86,21.85,21.84,21.83,21.82,21.92,21.93,21.94,21.96,21.97,21.98,21.99,22.0,22.01,22.02,8600,1000,3700,1600,200,1000,2400,200,5100,11900,700,1900,12900,400,6600,10900,15400,200,1500,500
91.0,21.92,219500,4796336.0,21.91,21.9,21.89,21.88,21.87,21.86,21.85,21.84,21.83,21.82,21.92,21.93,21.94,21.96,21.97,21.98,21.99,22.0,22.01,22.02,8600,1000,3700,1500,200,1000,2400,200,5100,11900,800,1900,12900,400,6600,10900,15400,200,1500,500
92.0,21.93,220500,4818258.0,21.91,21.9,21.89,21.88,21.87,21.86,21.85,21.84,21.83,21.82,21.93,21.94,21.96,21.97,21.98,21.99,22.0,22.01,22.02,22.04,8600,1000,3700,1500,200,1000,2400,200,5100,11900,1700,12900,400,6600,10900,15400,200,1500,500,300
93.0,21.93,221300,4835802.0,21.91,21.9,21.89,21.88,21.87,21.86,21.85,21.84,21.83,21.82,21.92,21.93,21.94,21.96,21.97,21.98,21.99,22.0,22.01,22.02,9000,1000,3700,1500,200,1000,2400,200,5100,11900,800,900,12900,5400,6600,10900,15400,200,1500,500
94.0,21.92,222000,4851146.0,21.91,21.9,21.89,21.88,21.87,21.86,21.85,21.84,21.83,21.82,21.92,21.93,21.94,21.96,21.97,21.98,21.99,22.0,22.01,22.02,9200,900,3600,1500,200,1000,2400,200,5100,11900,100,900,12900,5400,6600,10900,15400,200,1500,500
95.0,21.92,222100,4853338.0,21.91,21.9,21.89,21.88,21.87,21.86,21.85,21.84,21.83,21.82,21.93,21.94,21.96,21.97,21.98,21.99,22.0,22.01,22.02,22.04,9600,900,3600,1500,200,1000,2400,200,5100,11900,1100,12900,5400,6600,10900,15400,200,1500,500,300
96.0,21.93,222200,4855531.0,21.91,21.9,21.89,21.88,21.87,21.86,21.85,21.84,21.83,21.82,21.93,21.94,21.96,21.97,21.98,21.99,22.0,22.01,22.02,22.04,9800,900,3600,1500,200,1000,2400,200,5100,11900,1500,12900,5400,6600,10900,15400,200,1500,500,300
97.0,21.91,222600,4864295.0,21.91,21.9,21.89,21.88,21.87,21.86,21.85,21.84,21.83,21.82,21.93,21.94,21.96,21.97,21.98,21.99,22.0,22.01,22.02,22.04,9400,900,3600,1500,200,1000,2400,200,5100,11900,1300,12900,5400,6600,10900,15400,200,1500,500,300
98.0,21.93,222700,4866488.0,21.91,21.9,21.89,21.88,21.87,21.86,21.85,21.84,21.83,21.82,21.93,21.94,21.96,21.97,21.98,21.99,22.0,22.01,22.02,22.04,9400,900,3600,1500,200,1000,2400,200,4600,11900,1200,12900,5400,6600,10900,15400,200,1500,500,300
99.0,21.92,222800,4868680.0,21.92,21.91,21.9,21.89,21.88,21.87,21.86,21.85,21.84,21.83,21.93,21.94,21.96,21.97,21.98,21.99,22.0,22.01,22.02,22.04,100,9400,900,3600,1500,200,1000,2400,200,4600,1400,12900,5400,6600,10900,15400,200,1500,500,300
100.0,21.93,223000,4873066.0,21.92,21.91,21.9,21.89,21.88,21.87,21.86,21.85,21.84,21.83,21.93,21.94,21.96,21.97,21.98,21.99,22.0,22.01,22.02,22.04,200,9400,900,3600,1500,200,1000,2400,200,4600,1500,12900,5400,6600,10900,15400,400,1500,500,300
101.0,21.92,223300,4879643.0,21.91,21.9,21.89,21.88,21.87,21.86,21.85,21.84,21.83,21.82,21.93,21.94,21.96,21.97,21.98,21.99,22.0,22.01,22.02,22.04,9300,900,3600,1400,200,1000,2400,200,4600,10000,1400,12900,5400,6600,10900,15400,400,1500,500,300
102.0,21.93,223400,4881836.0,21.91,21.9,21.89,21.88,21.87,21.86,21.85,21.84,21.83,21.82,21.93,21.94,21.96,21.97,21.98,21.99,22.0,22.01,22.02,22.04,9300,900,3600,1400,200,1000,2400,200,4600,10000,1300,12900,5400,6600,10900,15400,400,1500,500,300
103.0,21.93,223400,4881836.0,21.91,21.9,21.89,21.88,21.87,21.86,21.85,21.84,21.83,21.82,21.93,21.94,21.96,21.97,21.98,21.99,22.0,22.01,22.02,22.04,14300,900,3600,1400,200,1000,2400,200,4600,10000,2200,12900,5400,6600,10900,15400,400,1500,500,300
104.0,21.91,223800,4890600.0,21.91,21.9,21.89,21.88,21.87,21.86,21.85,21.84,21.83,21.82,21.93,21.94,21.96,21.97,21.98,21.99,22.0,22.01,22.02,22.04,14100,1100,3600,1400,200,1500,2400,200,4600,10400,3300,12900,5400,6600,10900,15400,400,1500,500,300
105.0,21.93,224100,4897179.0,21.91,21.9,21.89,21.88,21.87,21.86,21.85,21.84,21.83,21.82,21.93,21.94,21.96,21.97,21.98,21.99,22.0,22.01,22.02,22.04,14300,1100,3600,1400,200,1500,2400,200,4600,10400,3000,12900,5400,6600,10900,15400,400,1500,500,300
106.0,21.92,225000,4916907.0,21.92,21.91,21.9,21.89,21.88,21.87,21.86,21.85,21.84,21.83,21.93,21.94,21.96,21.97,21.98,21.99,22.0,22.01,22.02,22.04,1100,14400,1100,3600,1400,200,1500,2100,200,4600,3100,12900,5400,6600,10900,15400,400,1500,500,300
107.0,21.92,225000,4916907.0,21.92,21.91,21.9,21.89,21.88,21.87,21.86,21.85,21.84,21.83,21.93,21.94,21.96,21.97,21.98,21.99,22.0,22.01,22.02,22.04,2900,14600,1100,3600,1300,200,1500,1900,200,4600,2900,12900,5400,6600,10900,15400,400,1500,500,300
108.0,21.93,225200,4921293.0,21.92,21.91,21.9,21.89,21.88,21.87,21.86,21.85,21.84,21.83,21.93,21.94,21.96,21.97,21.98,21.99,22.0,22.01,22.02,22.04,7000,14600,1100,3600,1300,200,1500,1900,200,4600,2700,10000,5400,6600,10900,15400,500,1500,500,300
109.0,21.93,225400,4925679.0,21.92,21.91,21.9,21.89,21.88,21.87,21.86,21.85,21.84,21.83,21.93,21.94,21.96,21.97,21.98,21.99,22.0,22.01,22.02,22.04,7000,14600,1100,3600,1300,200,1500,2900,200,4600,2500,10000,5400,6600,10900,15400,500,1500,500,300
110.0,21.93,225400,4925679.0,21.92,21.91,21.9,21.89,21.88,21.87,21.86,21.85,21.84,21.83,21.93,21.94,21.96,21.97,21.98,21.99,22.0,22.01,22.02,22.04,7900,14300,900,3600,1300,200,1500,2900,200,4600,3600,10100,5400,6600,10900,15400,500,1500,500,300
111.0,21.93,225400,4925679.0,21.92,21.91,21.9,21.89,21.88,21.87,21.86,21.85,21.84,21.83,21.93,21.94,21.96,21.97,21.98,21.99,22.0,22.01,22.02,22.04,8800,14500,900,3600,1300,200,1500,2900,200,4600,11800,10100,5400,6600,10900,15400,500,1500,500,300
112.0,21.92,226700,4954184.0,21.92,21.91,21.9,21.89,21.88,21.87,21.86,21.85,21.84,21.83,21.93,21.94,21.96,21.97,21.98,21.99,22.0,22.01,22.02,22.04,8300,14400,900,3600,1300,200,1500,2900,200,4600,10900,10100,5400,6600,10900,15400,500,1500,500,300
113.0,21.92,226700,4954184.0,21.92,21.91,21.9,21.89,21.88,21.87,21.86,21.85,21.84,21.83,21.93,21.94,21.96,21.97,21.98,21.99,22.0,22.01,22.02,22.04,8400,14400,900,3600,1300,200,1500,2900,200,4600,11100,10100,5500,6600,10900,15400,500,1500,500,300
114.0,21.93,233500,5103308.0,21.92,21.91,21.9,21.89,21.88,21.87,21.86,21.85,21.84,21.83,21.93,21.94,21.96,21.97,21.98,21.99,22.0,22.01,22.02,22.04,8400,14400,900,3600,1300,200,1500,1900,200,4600,4100,10100,5500,6600,10900,15400,500,1500,500,300
115.0,21.93,233500,5103308.0,21.92,21.91,21.9,21.89,21.88,21.87,21.86,21.85,21.84,21.83,21.93,21.94,21.96,21.97,21.98,21.99,22.0,22.01,22.02,22.04,8400,14400,900,3600,1300,200,1500,1900,200,4600,4100,10100,5500,6600,10900,15400,500,1500,500,300
116.0,21.93,233700,5107694.0,21.92,21.91,21.9,21.89,21.88,21.87,21.86,21.85,21.84,21.83,21.93,21.94,21.96,21.97,21.98,21.99,22.0,22.01,22.02,22.04,8400,14400,900,3600,1300,200,1500,1900,200,4600,3900,10100,5500,6600,10900,15400,500,1500,500,300
117.0,21.92,238800,5219486.0,21.92,21.91,21.9,21.89,21.88,21.87,21.86,21.85,21.84,21.83,21.93,21.94,21.96,21.97,21.98,21.99,22.0,22.01,22.02,22.04,4300,14400,900,3600,1300,200,1500,1900,200,4600,4100,10100,5500,6600,10900,15400,500,1500,500,300
118.0,21.92,239400,5232639.0,21.92,21.91,21.9,21.89,21.88,21.87,21.86,21.85,21.84,21.83,21.93,21.94,21.96,21.97,21.98,21.99,22.0,22.01,22.02,22.04,3800,14400,900,3600,1300,200,1500,3100,200,4600,4600,10100,5500,6600,10900,15400,500,1500,500,300
119.0,21.92,244500,5344431.0,21.91,21.9,21.89,21.88,21.87,21.86,21.85,21.84,21.83,21.82,21.92,21.93,21.94,21.96,21.97,21.98,21.99,22.0,22.01,22.02,14400,900,3600,1300,200,1500,3100,200,4600,10400,8200,4600,10100,5500,6600,10900,15400,500,1500,500
120.0,21.92,244900,5353197.0,21.91,21.9,21.89,21.88,21.87,21.86,21.85,21.84,21.83,21.82,21.92,21.93,21.94,21.96,21.97,21.98,21.99,22.0,22.01,22.02,14200,900,3600,1300,200,1500,3100,200,4600,10400,8000,4600,10100,5500,6600,10900,15400,500,1500,500
121.0,21.92,245900,5375117.0,21.91,21.9,21.89,21.88,21.87,21.86,21.85,21.84,21.83,21.82,21.92,21.93,21.94,21.96,21.97,21.98,21.99,22.0,22.01,22.02,14200,900,3600,1300,200,1500,3100,200,4600,10400,7000,4600,10000,5500,6600,10900,15400,500,1500,500
122.0,21.92,246000,5377309.0,21.91,21.9,21.89,21.88,21.87,21.86,21.85,21.84,21.83,21.82,21.92,21.93,21.94,21.95,21.96,21.97,21.98,21.99,22.0,22.01,14700,900,3600,1300,200,1500,3100,200,4600,10400,6900,4600,10000,600,5500,6600,10900,15400,500,1500
123.0,21.92,247100,5401421.0,21.91,21.9,21.89,21.88,21.87,21.86,21.85,21.84,21.83,21.82,21.92,21.93,21.94,21.95,21.96,21.97,21.98,21.99,22.0,22.01,14700,900,3600,1300,200,1500,3100,200,4600,10400,5800,4600,10000,600,5500,6600,10900,15400,500,1500
124.0,21.92,247300,5405805.0,21.91,21.9,21.89,21.88,21.87,21.86,21.85,21.84,21.83,21.82,21.92,21.93,21.94,21.95,21.96,21.97,21.98,21.99,22.0,22.01,14700,900,3600,1300,200,1500,3100,200,4600,10400,5600,4400,10000,600,5500,7100,10300,15400,500,1500
125.0,21.92,247300,5405805.0,21.91,21.9,21.89,21.88,21.87,21.86,21.85,21.84,21.83,21.82,21.92,21.93,21.94,21.95,21.96,21.97,21.98,21.99,22.0,22.01,14700,900,3600,1300,200,1500,3100,200,4600,10400,6200,4400,10000,600,5500,7100,10300,15400,500,1500
126.0,21.92,248400,5429913.0,21.91,21.9,21.89,21.88,21.87,21.86,21.85,21.84,21.83,21.82,21.92,21.93,21.94,21.95,21.96,21.97,21.98,21.99,22.0,22.01,14300,900,3600,1300,200,1500,3100,200,4600,10400,5500,4400,10000,600,5500,7100,10300,15400,500,1500
127.0,21.91,254500,5563575.0,21.91,21.9,21.89,21.88,21.87,21.86,21.85,21.84,21.83,21.82,21.92,21.93,21.94,21.95,21.96,21.97,21.98,21.99,22.0,22.01,9300,900,3600,2800,200,1500,3100,200,4600,10400,4400,4400,10000,600,5500,7100,10300,15400,500,1500
128.0,21.91,255100,5576722.0,21.91,21.9,21.89,21.88,21.87,21.86,21.85,21.84,21.83,21.82,21.92,21.93,21.94,21.95,21.96,21.97,21.98,21.99,22.0,22.01,9300,900,3600,2800,200,1500,3100,200,4600,10400,4300,4400,10000,600,5500,7100,10300,15400,500,1500
129.0,21.91,255100,5576722.0,21.91,21.9,21.89,21.88,21.87,21.86,21.85,21.84,21.83,21.82,21.92,21.93,21.94,21.95,21.96,21.97,21.98,21.99,22.0,22.01,9300,1900,3600,2800,200,1500,3100,200,4600,10400,4300,4400,10000,600,5500,7100,10300,15400,500,1500
130.0,21.91,255100,5576722.0,21.91,21.9,21.89,21.88,21.87,21.86,21.85,21.84,21.83,21.82,21.92,21.93,21.94,21.95,21.96,21.97,21.98,21.99,22.0,22.01,9400,1900,3600,2800,200,1500,3100,200,4600,10400,4300,4400,10000,600,5500,7100,10300,15400,500,1500
131.0,21.91,255100,5576722.0,21.91,21.9,21.89,21.88,21.87,21.86,21.85,21.84,21.83,21.82,21.92,21.93,21.94,21.95,21.96,21.97,21.98,21.99,22.0,22.01,9400,1900,3600,2800,200,1500,3100,200,4600,10400,4700,4400,10000,600,5500,7100,10300,15400,500,1500
132.0,21.92,255600,5587678.0,21.91,21.9,21.89,21.88,21.87,21.86,21.85,21.84,21.83,21.82,21.92,21.93,21.94,21.95,21.96,21.97,21.98,21.99,22.0,22.01,9000,1900,3600,2800,200,1500,3100,200,4600,10400,4600,5000,10000,600,5500,7100,10300,15400,500,1500
133.0,21.91,256100,5598633.0,21.91,21.9,21.89,21.88,21.87,21.86,21.85,21.84,21.83,21.82,21.92,21.93,21.94,21.95,21.96,21.97,21.98,21.99,22.0,22.01,8500,1900,3600,2800,200,1500,3100,200,4600,10400,5200,5000,12200,600,5500,7100,10300,15400,500,1500
134.0,21.91,256100,5598633.0,21.91,21.9,21.89,21.88,21.87,21.86,21.85,21.84,21.83,21.82,21.92,21.93,21.94,21.95,21.96,21.97,21.98,21.99,22.0,22.01,8500,1900,3600,2800,200,1500,3500,200,4600,10400,1800,5000,12200,600,5500,7100,10300,15400,500,1500
135.0,21.91,256800,5613973.0,21.91,21.9,21.89,21.88,21.87,21.86,21.85,21.84,21.83,21.82,21.92,21.93,21.94,21.95,21.96,21.97,21.98,21.99,22.0,22.01,8100,1900,3600,2800,200,1500,3500,200,4600,10400,1800,5000,12200,600,5500,7100,10300,15400,500,1500
136.0,21.91,256800,5613973.0,21.91,21.9,21.89,21.88,21.87,21.86,21.85,21.84,21.83,21.82,21.92,21.93,21.94,21.95,21.96,21.97,21.98,21.99,22.0,22.01,8100,1900,3600,2800,200,1500,3500,200,4600,10400,2200,5000,12200,600,5500,7100,10300,15400,500,1500
137.0,21.91,256800,5613973.0,21.91,21.9,21.89,21.88,21.87,21.86,21.85,21.84,21.83,21.82,21.92,21.93,21.94,21.95,21.96,21.97,21.98,21.99,22.0,22.01,8100,1900,3600,2800,200,1500,3500,200,4600,10400,2200,5000,12200,600,5500,7100,10300,15400,500,1500
138.0,21.91,256800,5613973.0,21.91,21.9,21.89,21.88,21.87,21.86,21.85,21.84,21.83,21.82,21.92,21.93,21.94,21.95,21.96,21.97,21.98,21.99,22.0,22.01,8100,1900,3600,2800,200,1500,3500,200,4600,10400,2200,5000,12200,600,5500,7100,10300,15400,500,1500
139.0,21.92,257300,5624929.0,21.91,21.9,21.89,21.88,21.87,21.86,21.85,21.84,21.83,21.82,21.92,21.93,21.94,21.95,21.96,21.97,21.98,21.99,22.0,22.01,7700,1900,3600,2800,200,1500,3500,200,4600,10400,2100,5000,12200,600,5500,7100,10300,15400,500,1500
140.0,21.92,257300,5624929.0,21.91,21.9,21.89,21.88,21.87,21.86,21.85,21.84,21.83,21.82,21.92,21.93,21.94,21.95,21.96,21.97,21.98,21.99,22.0,22.01,7500,1900,3600,2800,200,1500,3500,200,3600,10400,2300,5000,12200,600,5500,7100,10300,15400,500,1500
141.0,21.91,257700,5633693.0,21.91,21.9,21.89,21.88,21.87,21.86,21.85,21.84,21.83,21.82,21.92,21.93,21.94,21.95,21.96,21.97,21.98,21.99,22.0,22.01,7100,1900,3600,2800,200,1500,3500,200,3600,10400,2600,4400,12200,600,5500,7100,10300,15400,500,1500
142.0,21.91,258100,5642457.0,21.91,21.9,21.89,21.88,21.87,21.86,21.85,21.84,21.83,21.82,21.92,21.93,21.94,21.95,21.96,21.97,21.98,21.99,22.0,22.01,6700,1900,3600,2800,200,1500,3500,200,3600,10400,2600,4400,12200,600,5500,7100,10300,15400,500,1500
143.0,21.91,258100,5642457.0,21.91,21.9,21.89,21.88,21.87,21.86,21.85,21.84,21.83,21.82,21.92,21.93,21.94,21.95,21.96,21.97,21.98,21.99,22.0,22.01,7600,1900,3600,2800,200,1500,3500,200,3600,10400,2800,4400,12200,600,5500,7100,10300,15400,500,1500
144.0,21.91,258100,5642457.0,21.91,21.9,21.89,21.88,21.87,21.86,21.85,21.84,21.83,21.82,21.92,21.93,21.94,21.95,21.96,21.97,21.98,21.99,22.0,22.01,7600,1900,3600,2800,200,1500,3500,200,3600,10400,2800,4400,12200,600,5500,7100,10300,15400,500,1500
145.0,21.91,258100,5642457.0,21.91,21.9,21.89,21.88,21.87,21.86,21.85,21.84,21.83,21.82,21.92,21.93,21.94,21.95,21.96,21.97,21.98,21.99,22.0,22.01,7600,1900,3600,2800,200,1500,3500,200,3600,10600,3300,4400,12200,600,5500,7100,10300,15400,500,1500
146.0,21.91,258500,5651221.0,21.91,21.9,21.89,21.88,21.87,21.86,21.85,21.84,21.83,21.82,21.92,21.93,21.94,21.95,21.96,21.97,21.98,21.99,22.0,22.01,8600,1900,3600,2800,200,1500,3500,200,3600,8600,3700,4400,12200,1100,5700,7100,10300,15400,500,1500
147.0,21.92,259200,5666565.0,21.91,21.9,21.89,21.88,21.87,21.86,21.85,21.84,21.83,21.82,21.92,21.93,21.94,21.95,21.96,21.97,21.98,21.99,22.0,22.01,8600,1900,3600,2800,200,1500,3500,200,3600,8600,3000,4400,12200,1100,5700,7100,10300,15400,500,1500
148.0,21.91,259600,5675329.0,21.91,21.9,21.89,21.88,21.87,21.86,21.85,21.84,21.83,21.82,21.92,21.93,21.94,21.95,21.96,21.97,21.98,21.99,22.0,22.01,8200,1900,3600,2800,200,1500,3500,200,3600,8600,3000,5000,12200,1100,5700,7100,10300,15400,500,1500
149.0,21.91,260800,5701621.0,21.91,21.9,21.89,21.88,21.87,21.86,21.85,21.84,21.83,21.82,21.92,21.93,21.94,21.95,21.96,21.97,21.98,21.99,22.0,22.01,8500,1900,3600,2800,200,1500,3500,200,3600,8600,3000,5000,12200,1100,5700,7100,10300,15400,500,1500
150.0,21.91,260800,5701621.0,21.91,21.9,21.89,21.88,21.87,21.86,21.85,21.84,21.83,21.82,21.92,21.93,21.94,21.95,21.96,21.97,21.98,21.99,22.0,22.01,8500,1900,3600,2800,200,1500,3500,200,3600,8600,3000,5000,12200,1100,5700,7100,10300,15400,500,1500
151.0,21.91,260800,5701621.0,21.91,21.9,21.89,21.88,21.87,21.86,21.85,21.84,21.83,21.82,21.92,21.93,21.94,21.95,21.96,21.97,21.98,21.99,22.0,22.01,8500,1900,3600,2800,200,1500,3500,200,3600,8600,3000,5000,12200,1100,5700,7100,10300,15400,500,1500
152.0,21.93,269300,5887996.0,21.93,21.92,21.91,21.9,21.89,21.88,21.87,21.86,21.85,21.84,21.94,21.95,21.96,21.97,21.98,21.99,22.0,22.01,22.02,22.04,2800,1900,8700,1900,3600,2800,200,1500,3500,200,12200,500,5700,7100,10300,15400,500,1500,500,300
153.0,21.92,273500,5980094.0,21.92,21.91,21.9,21.89,21.88,21.87,21.86,21.85,21.84,21.83,21.94,21.95,21.96,21.97,21.98,21.99,22.0,22.01,22.02,22.04,800,9100,1900,3600,2800,200,1500,3500,200,3600,11900,500,5700,7100,10300,15400,500,1500,500,300
154.0,21.92,274300,5997630.0,21.91,21.9,21.89,21.88,21.87,21.86,21.85,21.84,21.83,21.82,21.94,21.95,21.96,21.97,21.98,21.99,22.0,22.01,22.02,22.04,9100,1900,3600,2800,200,1500,3500,200,3600,8600,11900,500,5700,7100,10300,15400,500,1500,500,300
155.0,21.91,280800,6140087.0,21.91,21.9,21.89,21.88,21.87,21.86,21.85,21.84,21.83,21.82,21.94,21.95,21.96,21.97,21.98,21.99,22.0,22.01,22.02,22.04,5000,2100,3600,2800,200,1500,3500,200,3600,8600,11600,500,5700,7100,10300,15400,500,1500,500,300
156.0,21.94,280900,6142281.0,21.92,21.91,21.9,21.89,21.88,21.87,21.86,21.85,21.84,21.83,21.94,21.95,21.96,21.97,21.98,21.99,22.0,22.01,22.02,22.04,12200,5000,2100,3600,2800,200,1500,3500,200,3600,11500,500,5700,7100,10300,15400,500,1500,500,300
157.0,21.94,280900,6142281.0,21.92,21.91,21.9,21.89,21.88,21.87,21.86,21.85,21.84,21.83,21.94,21.95,21.96,21.97,21.98,21.99,22.0,22.01,22.02,22.04,12200,5100,2100,3600,2800,200,1500,3500,200,3600,11500,500,5700,7100,10300,15400,500,1500,500,300
158.0,21.94,280900,6142281.0,21.92,21.91,21.9,21.89,21.88,21.87,21.86,21.85,21.84,21.83,21.93,21.94,21.95,21.96,21.97,21.98,21.99,22.0,22.01,22.02,13500,5600,1900,3600,2800,200,1500,3500,200,3600,3000,13900,500,5700,7100,10300,15400,6500,1500,500
159.0,21.93,281000,6144474.0,21.92,21.91,21.9,21.89,21.88,21.87,21.86,21.85,21.84,21.83,21.93,21.94,21.95,21.96,21.97,21.98,21.99,22.0,22.01,22.02,13900,5600,1900,3600,2800,200,1500,3500,200,3600,2900,13900,500,5700,7100,10300,15400,6500,1500,500
160.0,21.93,281000,6144474.0,21.92,21.91,21.9,21.89,21.88,21.87,21.86,21.85,21.84,21.83,21.93,21.94,21.95,21.96,21.97,21.98,21.99,22.0,22.01,22.02,13900,5600,1900,3600,2800,200,1500,3300,200,3600,2900,13900,500,5700,7100,10300,15400,6500,1500,500
161.0,21.94,297800,6513037.0,21.94,21.92,21.91,21.9,21.89,21.88,21.87,21.86,21.85,21.84,21.95,21.96,21.97,21.98,21.99,22.0,22.01,22.02,22.04,22.06,4900,17200,5600,1900,3600,2800,200,1500,3300,200,500,5700,7100,10300,15400,6500,1500,500,300,1200
162.0,21.94,297800,6513037.0,21.94,21.92,21.91,21.9,21.89,21.88,21.87,21.86,21.85,21.84,21.95,21.96,21.97,21.98,21.99,22.0,22.01,22.02,22.04,22.06,4900,17200,5600,1900,3600,2800,200,1500,3300,200,500,5700,7100,10300,15400,6500,1500,500,300,1200
163.0,21.94,298700,6532783.0,21.94,21.92,21.91,21.9,21.89,21.88,21.87,21.86,21.85,21.84,21.95,21.96,21.97,21.98,21.99,22.0,22.01,22.02,22.04,22.06,4000,18000,5600,1900,3600,2800,200,1500,3300,200,500,5700,7100,10300,15400,6500,1500,500,300,1200
164.0,21.94,301400,6592025.0,21.94,21.92,21.91,21.9,21.89,21.88,21.87,21.86,21.85,21.84,21.95,21.96,21.97,21.98,21.99,22.0,22.01,22.02,22.04,22.06,1700,17800,5400,1000,3600,2800,200,1500,3300,200,200,5700,7100,10300,15400,6500,1500,500,300,1200
165.0,21.96,302500,6616179.0,21.94,21.92,21.91,21.9,21.89,21.88,21.87,21.86,21.85,21.84,21.96,21.97,21.98,21.99,22.0,22.01,22.02,22.04,22.06,22.07,2100,17800,5400,1000,3600,2800,200,1500,3300,200,4600,7100,10300,15400,6500,1500,500,300,1200,200
166.0,21.96,302900,6624963.0,21.94,21.92,21.91,21.9,21.89,21.88,21.87,21.86,21.85,21.84,21.96,21.97,21.98,21.99,22.0,22.01,22.02,22.04,22.06,22.07,2100,18300,5400,1000,3600,2800,200,1500,3300,200,4200,7100,10300,15400,6500,1500,500,300,1200,200
167.0,21.96,303000,6627159.0,21.94,21.92,21.91,21.9,21.89,21.88,21.87,21.86,21.85,21.84,21.96,21.97,21.98,21.99,22.0,22.01,22.02,22.04,22.06,22.07,1900,17900,5400,1000,3600,2800,200,1500,6300,200,4600,7100,10300,15400,6500,1500,500,300,1200,200
168.0,21.96,303000,6627159.0,21.95,21.94,21.93,21.92,21.91,21.9,21.89,21.88,21.87,21.86,21.96,21.97,21.98,21.99,22.0,22.01,22.02,22.04,22.06,22.07,500,1900,500,17900,5400,1000,3600,2800,200,1500,5000,7100,10300,15400,6500,1500,500,300,1200,200
169.0,21.96,303000,6627159.0,21.95,21.94,21.93,21.92,21.91,21.9,21.89,21.88,21.86,21.85,21.96,21.97,21.98,21.99,22.0,22.01,22.02,22.04,22.06,22.07,500,2700,500,17900,5000,1000,3600,2800,1500,6300,5000,7100,10300,15400,6500,1500,500,300,1200,200
170.0,21.96,303400,6635943.0,21.95,21.94,21.93,21.92,21.91,21.9,21.89,21.88,21.86,21.85,21.96,21.97,21.98,21.99,22.0,22.01,22.02,22.04,22.06,22.07,600,2700,500,17900,5100,1000,3600,2800,1500,6300,4600,7100,10300,15400,6500,1500,500,300,1200,200
171.0,21.96,303400,6635943.0,21.95,21.94,21.93,21.92,21.91,21.9,21.89,21.88,21.86,21.85,21.96,21.97,21.98,21.99,22.0,22.01,22.02,22.04,22.06,22.07,600,2700,500,17900,5100,1000,3600,2800,1500,6300,4600,7100,10300,15400,6500,1500,500,300,1200,200
172.0,21.96,303400,6635943.0,21.95,21.94,21.93,21.92,21.91,21.9,21.89,21.88,21.86,21.85,21.96,21.97,21.98,21.99,22.0,22.01,22.04,22.06,22.07,22.08,600,2700,500,17900,5100,1100,3600,2800,1500,6300,4600,7100,10300,15400,6500,1500,300,1200,200,7400
173.0,21.96,303800,6644727.0,21.95,21.94,21.93,21.92,21.91,21.9,21.89,21.88,21.86,21.85,21.96,21.97,21.98,21.99,22.0,22.01,22.04,22.06,22.07,22.08,600,2700,500,17900,5100,1100,3600,2800,1500,6300,4200,7100,10300,15400,6500,1500,300,1200,200,7400
174.0,21.96,303800,6644727.0,21.95,21.94,21.93,21.92,21.91,21.9,21.89,21.88,21.86,21.85,21.96,21.97,21.98,21.99,22.0,22.01,22.04,22.06,22.07,22.08,600,2700,1000,17900,5100,1100,3600,2800,1500,6300,5500,7100,10300,15400,6500,1500,300,1200,200,7400
175.0,21.96,305000,6671079.0,21.95,21.94,21.93,21.92,21.91,21.9,21.89,21.88,21.86,21.85,21.96,21.97,21.98,21.99,22.0,22.01,22.04,22.06,22.07,22.08,1400,2700,1000,17200,5000,1100,3600,2800,1500,6300,4300,7100,10300,15400,6500,1500,300,1200,200,7400
176.0,21.96,305000,6671079.0,21.95,21.94,21.93,21.92,21.91,21.9,21.89,21.88,21.86,21.85,21.96,21.97,21.98,21.99,22.0,22.01,22.04,22.06,22.07,22.08,1400,2700,1000,17200,5000,1100,3600,2800,1500,6300,4700,7100,10300,15400,6500,1500,300,1200,200,7400
177.0,21.96,307600,6728165.0,21.95,21.94,21.93,21.92,21.91,21.9,21.89,21.88,21.86,21.85,21.96,21.97,21.98,21.99,22.0,22.01,22.04,22.06,22.07,22.08,600,2700,1000,17200,5000,1100,3600,2800,1500,6300,3600,7100,10300,15400,6500,1500,300,1200,200,7400
178.0,21.96,307600,6728165.0,21.95,21.94,21.93,21.92,21.91,21.9,21.89,21.88,21.86,21.85,21.96,21.97,21.98,21.99,22.0,22.01,22.04,22.06,22.07,22.08,600,2700,1000,17200,5000,1100,3600,2800,1500,6300,3600,7200,10300,15400,6500,1500,300,1200,200,7400
179.0,21.95,308000,6736945.0,21.95,21.94,21.93,21.92,21.91,21.9,21.89,21.88,21.86,21.85,21.96,21.97,21.98,21.99,22.0,22.01,22.04,22.06,22.07,22.08,200,2700,1000,17200,5000,1100,3600,2800,1500,6300,3600,7200,10300,15400,6500,1500,300,1200,200,7400
180.0,21.96,308400,6745729.0,21.95,21.94,21.93,21.92,21.91,21.9,21.89,21.88,21.86,21.85,21.96,21.97,21.98,21.99,22.0,22.01,22.04,22.06,22.07,22.08,200,2700,1000,17200,5000,1100,3600,2800,1500,6300,3200,7200,10300,15400,6500,1500,300,1200,200,7400
181.0,21.96,308400,6745729.0,21.95,21.94,21.93,21.92,21.91,21.9,21.89,21.88,21.86,21.85,21.96,21.97,21.98,21.99,22.0,22.01,22.04,22.06,22.07,22.08,400,2600,1000,17100,5000,1600,3600,2800,1500,6300,2000,7200,10900,15400,6500,1500,300,1200,200,7400
182.0,21.96,308700,6752317.0,21.95,21.94,21.93,21.92,21.91,21.9,21.89,21.88,21.86,21.85,21.96,21.97,21.98,21.99,22.0,22.01,22.04,22.06,22.07,22.08,500,1400,1000,17100,5000,1600,3600,2800,1500,6300,2200,7200,10900,15400,6500,1500,300,1200,200,7400
183.0,21.96,308800,6754513.0,21.95,21.94,21.93,21.92,21.91,21.9,21.89,21.88,21.86,21.85,21.96,21.97,21.98,21.99,22.0,22.01,22.04,22.06,22.07,22.08,500,1400,1000,17100,5000,1600,3600,2800,1500,6300,2100,7200,10900,15400,6500,1500,300,1200,200,7400
184.0,21.99,334800,7325937.0,21.96,21.95,21.94,21.93,21.92,21.91,21.9,21.89,21.88,21.86,21.99,22.0,22.01,22.04,22.06,22.07,22.08,22.09,22.1,22.12,900,500,1400,1000,17100,5000,1600,3600,2800,1500,9600,6500,1500,300,1200,200,7400,6500,10900,15600
185.0,21.99,335400,7339131.0,21.96,21.95,21.94,21.93,21.92,21.91,21.9,21.89,21.88,21.86,21.99,22.0,22.01,22.04,22.06,22.07,22.08,22.09,22.1,22.12,1800,500,1400,1000,17100,5000,1600,3600,2800,1500,9600,6500,1500,300,1200,200,7400,6500,10900,15600
186.0,21.96,337400,7383051.0,21.96,21.95,21.94,21.93,21.92,21.91,21.9,21.89,21.88,21.86,21.99,22.0,22.01,22.04,22.06,22.07,22.08,22.09,22.1,22.12,2100,500,1400,1000,17100,5000,1600,3600,2800,1500,11200,6500,1500,300,1200,200,7400,6500,12800,15600
187.0,21.96,337400,7383051.0,21.96,21.95,21.94,21.93,21.92,21.91,21.9,21.89,21.88,21.86,21.99,22.0,22.01,22.04,22.06,22.07,22.08,22.09,22.1,22.12,2300,500,1400,1000,17100,5000,1600,3600,2800,1500,11400,6500,1500,300,1200,200,7400,6500,12800,15600
188.0,21.99,338200,7400643.0,21.96,21.95,21.94,21.93,21.92,21.91,21.9,21.89,21.88,21.86,21.99,22.0,22.01,22.04,22.06,22.07,22.08,22.09,22.1,22.12,5100,3100,1400,1000,17100,2600,1600,3600,2800,1400,12600,6500,1500,300,1200,200,7400,6000,12800,15600
189.0,21.99,338500,7407240.0,21.96,21.95,21.94,21.93,21.92,21.91,21.9,21.89,21.88,21.86,21.99,22.0,22.01,22.04,22.06,22.07,22.08,22.09,22.1,22.12,6700,3200,1400,1000,4900,2600,1600,3600,2800,1400,13900,6500,1500,300,1200,200,7400,6000,12800,15600
190.0,21.99,345900,7569954.0,21.96,21.95,21.94,21.93,21.92,21.91,21.9,21.89,21.88,21.86,21.99,22.0,22.01,22.04,22.06,22.07,22.08,22.09,22.1,22.12,7400,3200,1400,1000,4900,2600,1600,3600,2800,1400,7500,6500,1500,300,1200,200,7400,6000,12800,15600
191.0,21.98,346200,7576549.0,21.96,21.95,21.94,21.93,21.92,21.91,21.9,21.89,21.88,21.86,21.98,21.99,22.0,22.01,22.04,22.06,22.07,22.08,22.09,22.1,9300,3200,1300,1000,1900,2600,1600,3600,2800,1400,100,9700,6500,1500,300,1200,200,7400,6000,12800
192.0,21.98,346200,7576549.0,21.96,21.95,21.94,21.93,21.92,21.91,21.9,21.89,21.88,21.86,21.98,21.99,22.0,22.01,22.04,22.06,22.07,22.08,22.09,22.1,10300,3200,1300,1000,1900,2600,1600,3600,2800,1400,400,9700,600,1500,300,1200,200,7400,6000,12800
193.0,21.96,346600,7585333.0,21.96,21.95,21.94,21.93,21.92,21.91,21.9,21.89,21.88,21.86,21.98,21.99,22.0,22.01,22.04,22.06,22.07,22.08,22.09,22.1,11600,3100,1300,1000,1900,2600,1600,3600,2800,1400,400,9700,600,1500,300,1200,200,7400,6000,12800
194.0,21.98,346900,7591927.0,21.96,21.95,21.94,21.93,21.92,21.91,21.9,21.89,21.88,21.86,21.98,21.99,22.0,22.01,22.04,22.06,22.07,22.08,22.09,22.1,11800,3100,1300,1000,1900,2600,1600,3600,2800,1400,200,9700,600,1500,300,1200,200,7400,6000,12800
195.0,21.98,346900,7591927.0,21.96,21.95,21.94,21.93,21.92,21.91,21.9,21.89,21.88,21.86,21.98,21.99,22.0,22.01,22.04,22.06,22.07,22.08,22.09,22.1,11800,3100,1300,1000,1900,2600,1600,3600,2800,1400,200,9700,600,1500,300,1200,200,7400,6000,12800
196.0,21.96,347300,7600711.0,21.96,21.95,21.94,21.93,21.92,21.91,21.9,21.89,21.88,21.86,21.98,21.99,22.0,22.01,22.04,22.06,22.07,22.08,22.09,22.1,11400,3100,1300,1000,1900,2600,1600,3600,2800,1400,200,9700,600,1500,300,1200,200,7400,6000,12800
197.0,21.96,347300,7600711.0,21.96,21.95,21.94,21.93,21.92,21.91,21.9,21.89,21.88,21.86,21.98,21.99,22.0,22.01,22.04,22.06,22.07,22.08,22.09,22.1,11400,3100,1300,1000,1400,2600,1600,3600,2800,1400,200,9700,600,1500,300,1200,200,7400,6000,12800
198.0,21.96,347300,7600711.0,21.96,21.95,21.94,21.93,21.92,21.91,21.9,21.89,21.88,21.86,21.98,21.99,22.0,22.01,22.04,22.06,22.07,22.08,22.09,22.1,11400,3100,1300,1000,1400,2600,1600,3600,2800,1400,1100,9700,600,1500,300,1200,200,7400,6000,12800
199.0,21.96,347800,7611693.0,21.96,21.95,21.94,21.93,21.92,21.91,21.9,21.89,21.88,21.86,21.98,21.99,22.0,22.01,22.04,22.06,22.07,22.08,22.09,22.1,11000,3100,1300,1000,1400,2600,1600,3600,2800,1400,1000,9700,600,1500,300,1200,200,7400,6000,12800
200.0,21.96,347800,7611693.0,21.96,21.95,21.94,21.93,21.92,21.91,21.9,21.89,21.88,21.86,21.98,21.99,22.0,22.01,22.04,22.06,22.07,22.08,22.09,22.1,11000,3100,1300,1000,1400,2600,1600,3600,2800,1400,1000,9700,3600,1500,300,1200,200,7400,6000,12800
201.0,21.96,347800,7611693.0,21.96,21.95,21.94,21.93,21.92,21.91,21.9,21.89,21.88,21.86,21.98,21.99,22.0,22.01,22.04,22.06,22.07,22.08,22.09,22.1,12500,3100,1300,1000,1400,2600,1600,3600,2800,1400,1000,9800,3600,1500,300,1200,200,7400,6000,12800
202.0,21.96,354200,7752241.0,21.96,21.95,21.94,21.93,21.92,21.91,21.9,21.89,21.88,21.86,21.98,21.99,22.0,22.01,22.04,22.06,22.07,22.08,22.09,22.1,6300,3100,1300,1000,1400,2600,1600,3600,2800,1400,1100,9800,3600,1500,300,1200,200,7400,6000,12800
203.0,21.98,355300,7776407.0,21.96,21.95,21.94,21.93,21.92,21.91,21.9,21.89,21.88,21.86,21.98,21.99,22.0,22.01,22.04,22.05,22.06,22.07,22.08,22.09,6000,3100,1300,1000,1400,2600,1600,3600,2800,1400,1900,9800,3600,1500,300,500,1200,200,7400,6000
204.0,21.98,358500,7846743.0,21.96,21.95,21.94,21.93,21.92,21.91,21.9,21.89,21.88,21.86,21.99,22.0,22.01,22.04,22.05,22.06,22.07,22.08,22.09,22.1,6300,3100,1300,1000,1400,2600,1600,3600,2800,1400,10000,3600,1500,300,500,1200,200,7400,6000,12800
205.0,21.98,358900,7855535.0,21.98,21.96,21.95,21.94,21.93,21.92,21.91,21.9,21.89,21.88,21.99,22.0,22.01,22.04,22.05,22.06,22.07,22.08,22.09,22.1,400,6300,3100,1300,1000,1400,2600,1600,3600,2800,9800,600,1500,300,700,7200,5700,7400,6000,12800
206.0,21.98,360500,7890695.0,21.96,21.95,21.94,21.93,21.92,21.91,21.9,21.89,21.88,21.86,21.98,21.99,22.0,22.01,22.04,22.05,22.06,22.07,22.08,22.09,5900,3100,1300,1000,1400,2600,1600,3600,2400,1400,700,9400,600,1500,300,700,7200,5700,7400,6000
207.0,21.98,360700,7895091.0,21.96,21.95,21.94,21.93,21.92,21.91,21.9,21.89,21.88,21.86,21.98,21.99,22.0,22.01,22.04,22.05,22.06,22.07,22.08,22.09,5900,3100,1300,1000,1400,2600,1600,3600,2400,1400,900,9400,2000,1500,300,700,7200,5700,7700,6000
208.0,21.98,360700,7895091.0,21.96,21.95,21.94,21.93,21.92,21.91,21.9,21.89,21.88,21.86,21.98,21.99,22.0,22.01,22.04,22.05,22.06,22.07,22.08,22.09,5900,3100,1300,1000,1400,2600,1600,3600,2400,1400,900,9400,2000,1500,300,700,7200,5700,7700,6000
209.0,21.96,361000,7901683.0,21.96,21.95,21.94,21.93,21.92,21.91,21.9,21.89,21.88,21.86,21.98,21.99,22.0,22.01,22.04,22.05,22.06,22.07,22.08,22.09,5800,3100,1300,1000,1400,2600,1600,3600,2400,1400,700,9400,2200,1500,300,700,7200,5700,7700,6000
210.0,21.99,362200,7928052.0,21.98,21.96,21.95,21.94,21.93,21.92,21.91,21.9,21.89,21.88,21.99,22.0,22.01,22.04,22.05,22.06,22.07,22.08,22.09,22.1,12700,5400,3100,1300,1000,1400,2600,600,3600,2400,9100,2200,1500,300,700,7200,5700,7700,6000,12800
211.0,21.99,362600,7936848.0,21.98,21.96,21.95,21.94,21.93,21.92,21.91,21.9,21.89,21.88,21.99,22.0,22.01,22.04,22.05,22.06,22.07,22.08,22.09,22.1,12700,5500,3100,1300,1000,1400,2600,600,3600,2400,8700,2200,1500,300,700,7200,5700,7700,6000,12800
212.0,21.99,362800,7941246.0,21.98,21.96,21.95,21.94,21.93,21.92,21.91,21.9,21.89,21.88,21.99,22.0,22.01,22.04,22.05,22.06,22.07,22.08,22.09,22.1,26800,5400,3100,1100,1000,1400,2600,600,3600,2400,8500,2200,1500,300,700,7200,5700,7700,6000,12800
213.0,21.99,362800,7941246.0,21.98,21.96,21.95,21.94,21.93,21.92,21.91,21.9,21.89,21.88,21.99,22.0,22.01,22.04,22.05,22.06,22.07,22.08,22.09,22.1,27700,5400,3100,1100,1000,1400,2600,600,3600,2400,8800,2200,1500,300,700,7200,5700,7700,6000,12800
214.0,21.98,363600,7958834.0,21.98,21.96,21.95,21.94,21.93,21.92,21.91,21.9,21.89,21.88,21.99,22.0,22.01,22.04,22.05,22.06,22.07,22.08,22.09,22.1,27400,5300,3100,1100,1000,1400,2600,600,3600,2400,8400,2200,1500,300,700,7700,5700,7700,6000,12800
215.0,21.98,363600,7958834.0,21.98,21.96,21.95,21.94,21.93,21.92,21.91,21.9,21.89,21.88,21.99,22.0,22.01,22.04,22.05,22.06,22.07,22.08,22.09,22.1,28100,5300,3100,1100,1000,1400,2600,600,3600,2400,8400,2200,1500,300,700,7700,5700,7700,6000,12800
216.0,21.99,364100,7969829.0,21.98,21.96,21.95,21.94,21.93,21.92,21.91,21.9,21.89,21.88,21.99,22.0,22.01,22.04,22.05,22.06,22.07,22.08,22.09,22.1,28100,5300,3100,1100,1000,1400,2600,600,3600,2400,8500,2200,1500,300,700,7700,5700,7700,6000,12800
217.0,21.99,364600,7980820.0,21.98,21.96,21.95,21.94,21.93,21.92,21.91,21.9,21.89,21.88,21.99,22.0,22.01,22.04,22.05,22.06,22.07,22.08,22.09,22.1,27700,5300,3100,1100,1000,1400,2600,600,3600,2400,8400,2200,1500,300,700,7700,5700,7700,6000,12800
218.0,21.99,365900,8009407.0,21.98,21.96,21.95,21.94,21.93,21.92,21.91,21.9,21.89,21.88,21.99,22.0,22.01,22.04,22.05,22.06,22.07,22.08,22.09,22.1,28200,5300,3100,800,1000,1400,2600,600,3600,2400,7100,2200,1500,300,700,7700,5700,7700,6000,15800
219.0,21.99,365900,8009407.0,21.98,21.96,21.95,21.94,21.93,21.92,21.91,21.9,21.89,21.88,21.99,22.0,22.01,22.04,22.05,22.06,22.07,22.08,22.09,22.1,28200,5300,3900,800,1000,1400,2600,600,3600,2400,7100,2200,1500,300,700,7700,200,7700,6000,15800
220.0,21.99,367000,8033596.0,21.98,21.96,21.95,21.94,21.93,21.92,21.91,21.9,21.89,21.88,21.99,22.0,22.01,22.04,22.05,22.06,22.07,22.08,22.09,22.1,28200,5300,3900,800,500,1400,2600,600,3600,2400,6000,2200,1500,300,700,7700,200,7700,6000,15800
221.0,21.98,368700,8070971.0,21.98,21.96,21.95,21.94,21.93,21.92,21.91,21.9,21.89,21.88,21.99,22.0,22.01,22.04,22.05,22.06,22.07,22.08,22.09,22.1,27500,5300,3900,800,500,1400,2600,600,3600,2400,5100,2200,1500,300,700,7700,200,7700,6000,10300
222.0,21.98,396200,8675421.0,21.96,21.95,21.94,21.93,21.92,21.91,21.9,21.89,21.88,21.86,21.98,21.99,22.0,22.01,22.04,22.05,22.06,22.07,22.08,22.09,5300,3900,800,500,1400,2600,600,3600,2400,1400,4100,5700,2200,1500,300,700,7700,200,7700,6000
223.0,21.97,398100,8717169.0,21.96,21.95,21.94,21.93,21.92,21.91,21.9,21.89,21.88,21.86,21.97,21.98,21.99,22.0,22.01,22.04,22.05,22.06,22.07,22.08,4700,3900,800,500,1400,2600,600,3600,2400,1400,100,4200,5700,2200,1500,300,700,7700,200,7700
224.0,21.98,400800,8776499.0,21.96,21.95,21.94,21.93,21.92,21.91,21.9,21.89,21.88,21.86,21.98,21.99,22.0,22.01,22.04,22.05,22.06,22.07,22.08,22.09,4200,4000,800,500,1400,2600,600,3600,2400,1400,2900,5500,2200,500,300,700,7700,200,7700,6000
225.0,21.99,434000,9506538.0,21.96,21.95,21.94,21.93,21.92,21.91,21.9,21.89,21.88,21.86,21.99,22.0,22.01,22.04,22.05,22.06,22.07,22.08,22.09,22.1,4200,4000,800,500,1400,2600,600,3600,2400,1400,18200,2400,500,300,700,7700,200,7700,6000,11300
226.0,21.99,434400,9515334.0,21.96,21.95,21.94,21.93,21.92,21.91,21.9,21.89,21.88,21.86,21.99,22.0,22.01,22.04,22.05,22.06,22.07,22.08,22.09,22.1,6100,4000,800,500,1400,2600,600,3600,2400,1400,13600,2400,500,300,700,7700,200,7700,6000,11300
227.0,21.99,434800,9524130.0,21.96,21.95,21.94,21.93,21.92,21.91,21.9,21.89,21.88,21.86,21.99,22.0,22.01,22.04,22.05,22.06,22.07,22.08,22.09,22.1,8200,4000,800,500,1400,2600,600,3600,2400,1400,15100,2400,500,300,700,7700,200,7700,6000,11300
228.0,21.99,436500,9561474.0,21.96,21.95,21.94,21.93,21.92,21.91,21.9,21.89,21.88,21.86,21.99,22.0,22.01,22.04,22.05,22.06,22.07,22.08,22.09,22.1,6900,4000,800,500,1400,2600,600,3600,2400,1400,16600,2400,500,300,700,7700,200,7700,6000,11300
229.0,21.99,436500,9561474.0,21.96,21.95,21.94,21.93,21.92,21.91,21.9,21.89,21.88,21.86,21.99,22.0,22.01,22.04,22.05,22.06,22.07,22.08,22.09,22.1,10700,3700,800,500,1400,2600,600,3600,2400,1400,18900,2400,500,300,700,7700,200,7700,6000,11300
230.0,21.99,436800,9568071.0,21.98,21.97,21.96,21.95,21.94,21.93,21.92,21.91,21.9,21.89,21.99,22.0,22.01,22.04,22.05,22.06,22.07,22.08,22.09,22.1,3700,500,11200,3700,800,500,1400,2600,600,3600,18600,2200,500,300,700,7700,200,7700,6000,11300
231.0,21.98,437300,9579061.0,21.98,21.97,21.96,21.95,21.94,21.93,21.92,21.91,21.9,21.89,21.99,22.0,22.01,22.04,22.05,22.06,22.07,22.08,22.09,22.1,3500,500,11200,3700,800,500,1400,2600,600,3600,18600,2200,500,500,700,7700,200,7700,6000,11300
232.0,21.98,437300,9579061.0,21.98,21.97,21.96,21.95,21.94,21.93,21.92,21.91,21.9,21.89,21.99,22.0,22.01,22.04,22.05,22.06,22.07,22.08,22.09,22.1,3500,500,11700,3700,800,500,1400,2600,600,3600,18900,2200,500,500,700,7700,200,7700,6000,11800
233.0,21.99,447300,9798961.0,21.98,21.97,21.96,21.95,21.94,21.93,21.92,21.91,21.9,21.89,21.99,22.0,22.01,22.04,22.05,22.06,22.07,22.08,22.09,22.1,3500,500,11700,3700,800,500,1400,2600,600,3600,9800,2200,500,500,700,7700,200,7700,6000,11800
234.0,21.98,447600,9805555.0,21.98,21.97,21.96,21.95,21.94,21.93,21.92,21.91,21.9,21.89,21.99,22.0,22.01,22.04,22.05,22.06,22.07,22.08,22.09,22.1,3200,500,11700,3700,800,500,1400,2600,600,3600,10300,2200,500,500,700,7700,200,7700,6000,11800
235.0,21.99,458600,10047435.0,21.98,21.97,21.96,21.95,21.94,21.93,21.92,21.91,21.9,21.89,21.99,22.0,22.01,22.04,22.05,22.06,22.07,22.08,22.09,22.1,2600,500,11700,3700,800,500,1400,2600,600,3600,300,2200,600,2800,700,7700,200,7700,6000,11800
236.0,21.99,459300,10062830.0,21.98,21.97,21.96,21.95,21.94,21.93,21.92,21.91,21.9,21.89,21.99,22.0,22.01,22.04,22.05,22.06,22.07,22.08,22.09,22.1,3500,500,11700,3700,400,500,1400,2600,600,3600,1100,2600,600,2800,700,7700,200,7700,6000,11800
237.0,21.99,460500,10089208.0,21.98,21.97,21.96,21.95,21.94,21.93,21.92,21.91,21.9,21.89,21.99,22.0,22.01,22.04,22.05,22.06,22.07,22.08,22.09,22.1,2700,500,11700,3700,400,500,1400,2600,600,3600,900,2600,600,2800,700,7700,200,7700,6000,11800
238.0,21.98,460900,10098000.0,21.98,21.97,21.96,21.95,21.94,21.93,21.92,21.91,21.9,21.89,21.99,22.0,22.01,22.04,22.05,22.06,22.07,22.08,22.09,22.1,2400,500,11700,3700,400,500,1400,2600,600,3600,900,2800,600,2800,700,7700,200,7700,6000,12100
239.0,21.99,461500,10111194.0,21.98,21.97,21.96,21.95,21.94,21.93,21.92,21.91,21.9,21.89,21.99,22.0,22.01,22.04,22.05,22.06,22.07,22.08,22.09,22.1,2400,500,11700,3600,400,500,2400,2600,600,3600,300,2600,600,2800,700,7700,200,7700,6000,12100
240.0,21.99,462200,10126583.0,21.99,21.98,21.97,21.96,21.95,21.94,21.93,21.92,21.91,21.9,22.0,22.01,22.04,22.05,22.06,22.07,22.08,22.09,22.1,22.12,300,2000,500,11700,3600,400,500,2400,2600,600,2600,600,2800,700,7700,200,7700,6000,12100,15600
241.0,21.99,462200,10126583.0,21.99,21.98,21.97,21.96,21.95,21.94,21.93,21.92,21.91,21.9,22.0,22.01,22.03,22.04,22.05,22.06,22.07,22.08,22.09,22.1,1400,2100,500,11700,3600,400,500,2400,2600,600,2600,600,400,2800,700,7700,200,7700,6000,13100
242.0,21.99,462200,10126583.0,21.99,21.98,21.97,21.96,21.95,21.94,21.93,21.92,21.91,21.9,22.0,22.01,22.02,22.03,22.04,22.05,22.06,22.07,22.08,22.09,2200,2000,500,11300,3400,400,500,2400,2600,600,3000,600,200,400,2800,700,7700,200,7700,6000
243.0,22.0,462700,10137583.0,21.99,21.98,21.97,21.96,21.95,21.94,21.93,21.92,21.91,21.9,22.0,22.01,22.02,22.03,22.04,22.05,22.06,22.07,22.08,22.09,2400,2000,500,11300,3400,400,500,2400,2600,600,2500,600,200,400,2800,700,7700,200,7700,6000
244.0,21.99,463100,10146379.0,21.99,21.98,21.97,21.96,21.95,21.94,21.93,21.92,21.91,21.9,22.0,22.01,22.02,22.03,22.04,22.05,22.06,22.07,22.08,22.09,2000,2000,500,11800,5400,400,500,2400,2600,600,2500,600,200,400,2800,700,7700,200,7700,6000
245.0,21.99,463100,10146379.0,21.99,21.98,21.97,21.96,21.95,21.94,21.93,21.92,21.91,21.9,22.0,22.01,22.02,22.03,22.04,22.05,22.06,22.07,22.08,22.09,2100,2100,500,11800,5400,400,500,2400,2600,600,2500,600,200,400,2800,700,7700,200,7700,6000
246.0,21.99,463400,10152976.0,21.99,21.98,21.97,21.96,21.95,21.94,21.93,21.92,21.91,21.9,22.0,22.01,22.02,22.03,22.04,22.05,22.06,22.07,22.08,22.09,1800,2100,500,11800,5400,400,500,2400,2600,600,3700,600,200,400,2800,700,7700,200,7700,6000
247.0,22.0,464800,10183776.0,21.99,21.98,21.97,21.96,21.95,21.94,21.93,21.92,21.91,21.9,22.0,22.01,22.02,22.03,22.04,22.05,22.06,22.07,22.08,22.09,1800,2100,500,11800,5400,400,500,2400,2600,600,2700,600,200,400,2800,700,7700,200,7700,6000
248.0,22.0,465100,10190375.0,21.99,21.98,21.97,21.96,21.95,21.94,21.93,21.92,21.91,21.9,22.0,22.01,22.02,22.03,22.04,22.05,22.06,22.07,22.08,22.09,1700,2100,500,11800,5400,400,500,2400,2600,600,2700,600,200,400,2800,700,7700,200,7700,6000
249.0,22.0,466100,10212375.0,21.99,21.98,21.97,21.96,21.95,21.94,21.93,21.92,21.91,21.9,22.0,22.01,22.02,22.03,22.04,22.05,22.06,22.07,22.08,22.09,1700,2100,500,11800,5400,400,500,2400,2600,600,1700,600,300,400,2800,700,7700,200,7700,6000
250.0,21.99,466600,10223370.0,21.99,21.98,21.97,21.96,21.95,21.94,21.93,21.92,21.91,21.9,22.0,22.01,22.02,22.03,22.04,22.05,22.06,22.07,22.08,22.09,1600,2100,500,11800,5400,400,500,2400,2600,600,1700,600,300,400,2800,700,7700,200,7700,6000
251.0,21.99,466800,10227768.0,21.99,21.98,21.97,21.96,21.95,21.94,21.93,21.92,21.91,21.9,22.0,22.01,22.02,22.03,22.04,22.05,22.06,22.07,22.08,22.09,1400,2100,500,11800,5400,400,500,2400,2600,600,2800,600,300,400,2800,700,7700,200,7700,6000
252.0,21.99,467000,10232166.0,21.99,21.98,21.97,21.96,21.95,21.94,21.93,21.92,21.91,21.9,22.0,22.01,22.02,22.03,22.04,22.05,22.06,22.07,22.08,22.09,1200,2100,500,11800,5400,400,500,2400,2600,600,3200,600,300,400,2800,700,7700,200,7700,6000
253.0,22.0,468100,10256366.0,21.99,21.98,21.97,21.96,21.95,21.94,21.93,21.92,21.91,21.9,22.0,22.01,22.02,22.03,22.04,22.05,22.06,22.07,22.08,22.09,1200,2100,500,11800,5400,400,500,2400,2600,600,2100,600,300,400,2800,700,7700,200,7700,6000
254.0,22.0,468400,10262965.0,21.99,21.98,21.97,21.96,21.95,21.94,21.93,21.92,21.91,21.9,22.0,22.01,22.02,22.03,22.04,22.05,22.06,22.07,22.08,22.09,1100,2100,500,11800,5400,400,500,2400,2600,600,2300,600,300,400,2800,700,7700,200,7700,6000
255.0,22.0,468500,10265165.0,21.99,21.98,21.97,21.96,21.95,21.94,21.93,21.92,21.91,21.9,22.0,22.01,22.02,22.03,22.04,22.05,22.06,22.07,22.08,22.09,1100,2100,500,11800,5400,400,500,2400,2600,600,2200,600,300,400,2800,700,8300,200,7700,6000
256.0,22.0,468500,10265165.0,21.99,21.98,21.97,21.96,21.95,21.94,21.93,21.92,21.91,21.9,22.0,22.01,22.02,22.03,22.04,22.05,22.06,22.07,22.08,22.09,1100,2100,500,12000,5400,400,500,2400,2600,600,2200,600,300,400,2800,700,8300,200,7700,6000
257.0,22.0,469500,10287157.0,21.99,21.98,21.97,21.96,21.95,21.94,21.93,21.92,21.91,21.9,22.0,22.01,22.02,22.03,22.04,22.05,22.06,22.07,22.08,22.09,300,2100,500,12000,5400,400,500,2400,2600,600,2000,600,300,400,2800,1200,8300,200,7700,6000
258.0,22.0,469500,10287157.0,21.99,21.98,21.97,21.96,21.95,21.94,21.93,21.92,21.91,21.9,22.0,22.01,22.02,22.03,22.04,22.05,22.06,22.07,22.08,22.09,300,2100,500,12000,5400,400,500,2400,2600,600,2000,600,300,400,2800,5400,8300,200,7700,6000
259.0,22.0,469500,10287157.0,21.99,21.98,21.97,21.96,21.95,21.94,21.93,21.92,21.91,21.9,22.0,22.01,22.02,22.03,22.04,22.05,22.06,22.07,22.08,22.09,300,2100,500,12500,5400,400,500,2400,2600,600,2000,600,300,400,2800,5400,8300,200,7700,6000
260.0,22.0,469500,10287157.0,21.99,21.98,21.97,21.96,21.95,21.94,21.93,21.92,21.91,21.9,22.0,22.01,22.02,22.03,22.04,22.05,22.06,22.07,22.08,22.09,300,2100,500,12500,5400,400,500,2400,2600,600,2300,600,300,400,2800,5400,8300,200,7700,6000
261.0,22.0,469500,10287157.0,21.99,21.98,21.97,21.96,21.95,21.94,21.93,21.92,21.91,21.9,22.0,22.01,22.02,22.03,22.04,22.05,22.06,22.07,22.08,22.09,1700,2100,500,12500,5400,400,500,2400,2600,600,2600,600,300,400,2800,5400,8300,200,7700,6000
262.0,22.0,469700,10291557.0,21.99,21.98,21.97,21.96,21.95,21.94,21.93,21.92,21.91,21.9,22.0,22.01,22.02,22.03,22.04,22.05,22.06,22.07,22.08,22.09,1700,2100,500,12500,5400,400,500,2400,2600,600,2900,600,300,1400,2800,5400,8300,200,7700,6000
263.0,21.99,470000,10298154.0,21.99,21.98,21.97,21.96,21.95,21.94,21.93,21.92,21.91,21.9,22.0,22.01,22.02,22.03,22.04,22.05,22.06,22.07,22.08,22.09,1400,2100,500,12500,5400,400,500,2400,2600,600,3000,600,300,1400,2800,5400,8300,200,7700,6000
264.0,21.99,470100,10300353.0,21.99,21.98,21.97,21.96,21.95,21.94,21.93,21.92,21.91,21.9,22.0,22.01,22.02,22.03,22.04,22.05,22.06,22.07,22.08,22.09,1300,2100,500,12500,5400,400,500,2400,2600,600,3800,600,300,1400,2800,5400,8300,200,7700,6000
265.0,21.99,472300,10348731.0,21.98,21.97,21.96,21.95,21.94,21.93,21.92,21.91,21.9,21.89,21.99,22.0,22.01,22.02,22.03,22.04,22.05,22.06,22.07,22.08,2100,500,12500,5400,400,500,2400,2600,600,3600,200,3800,600,300,1400,2800,5400,8300,200,7700
266.0,22.0,476300,10436729.0,22.0,21.98,21.97,21.96,21.95,21.94,21.93,21.92,21.91,21.9,22.01,22.02,22.03,22.04,22.05,22.06,22.07,22.08,22.09,22.1,2000,2100,500,12500,5400,400,500,2400,2600,600,600,300,6900,2800,5400,8300,200,7700,6000,28100
267.0,22.0,476300,10436729.0,22.0,21.98,21.97,21.96,21.95,21.94,21.93,21.92,21.91,21.9,22.01,22.02,22.03,22.04,22.05,22.06,22.07,22.08,22.09,22.1,2200,2100,500,12500,5400,400,500,2400,2700,600,900,300,6900,2800,5400,8300,200,7700,6000,28100
268.0,21.98,479700,10511515.0,21.98,21.97,21.96,21.95,21.94,21.93,21.92,21.91,21.9,21.89,21.99,22.01,22.02,22.03,22.04,22.05,22.06,22.07,22.08,22.09,1700,500,12500,5400,400,500,2400,2700,600,3600,8900,800,300,6900,2800,5400,8300,200,7700,6000
269.0,21.99,480100,10520311.0,21.98,21.97,21.96,21.95,21.94,21.93,21.92,21.91,21.9,21.89,21.99,22.0,22.01,22.02,22.03,22.04,22.05,22.06,22.07,22.08,1800,500,12500,5400,400,500,3400,2700,600,3600,8600,200,800,300,6900,2800,5400,8300,200,7700
270.0,21.99,481800,10557694.0,21.98,21.97,21.96,21.95,21.94,21.93,21.92,21.91,21.9,21.89,21.99,22.0,22.01,22.02,22.03,22.04,22.05,22.06,22.07,22.08,1800,500,12500,5400,400,500,3400,2700,600,3600,6900,200,1000,300,6900,2800,5400,8300,200,7700
271.0,21.98,481900,10559892.0,21.98,21.97,21.96,21.95,21.94,21.93,21.92,21.91,21.9,21.89,21.99,22.0,22.01,22.02,22.03,22.04,22.05,22.06,22.07,22.08,1700,500,12500,5400,400,500,3400,2700,600,3600,7500,200,1400,300,6900,2800,5400,8300,200,7700
272.0,21.98,484100,10608253.0,21.97,21.96,21.95,21.94,21.93,21.92,21.91,21.9,21.89,21.88,21.98,21.99,22.0,22.01,22.02,22.03,22.04,22.05,22.06,22.07,500,12500,5400,400,500,3400,2700,600,3600,2400,3800,7000,200,1400,300,6900,2800,5400,8300,200
273.0,21.98,484100,10608253.0,21.97,21.96,21.95,21.94,21.93,21.92,21.91,21.9,21.89,21.88,21.98,21.99,22.0,22.01,22.02,22.03,22.04,22.05,22.06,22.07,500,12000,5400,400,500,3400,2700,600,3600,2400,3800,7000,2000,1400,300,6900,2800,5400,8300,200
274.0,21.98,486700,10665401.0,21.97,21.96,21.95,21.94,21.93,21.92,21.91,21.9,21.89,21.88,21.98,21.99,22.0,22.01,22.02,22.03,22.04,22.05,22.06,22.07,500,12000,5400,400,500,3400,2700,600,3600,2400,1200,7000,2000,1400,300,6900,2800,5400,8300,200
275.0,21.98,487300,10678584.0,21.97,21.96,21.95,21.94,21.93,21.92,21.91,21.9,21.89,21.88,21.98,21.99,22.0,22.01,22.02,22.03,22.04,22.05,22.06,22.07,100,12000,5400,400,500,3400,2700,600,3600,2400,1200,7200,2000,1400,300,6900,2800,5400,8300,200
276.0,21.98,487300,10678584.0,21.97,21.96,21.95,21.94,21.93,21.92,21.91,21.9,21.89,21.88,21.98,21.99,22.0,22.01,22.02,22.03,22.04,22.05,22.06,22.07,100,12000,5400,400,500,3400,2700,600,3600,2400,1200,7200,2000,6500,300,6900,2800,5400,8300,200
277.0,21.98,487500,10682979.0,21.96,21.95,21.94,21.93,21.92,21.91,21.9,21.89,21.88,21.86,21.98,21.99,22.0,22.01,22.02,22.03,22.04,22.05,22.06,22.07,12000,5400,400,500,3400,3500,600,3600,2400,900,1100,7100,2000,6500,300,6900,2800,5400,8300,200
278.0,21.96,487900,10691763.0,21.96,21.95,21.94,21.93,21.92,21.91,21.9,21.89,21.88,21.86,21.98,21.99,22.0,22.01,22.02,22.03,22.04,22.05,22.06,22.07,11600,5400,400,500,3400,3500,600,3600,2400,900,1100,8100,2000,6500,300,6900,2800,5400,8300,200
279.0,21.96,487900,10691763.0,21.96,21.95,21.94,21.93,21.92,21.91,21.9,21.89,21.88,21.86,21.98,21.99,22.0,22.01,22.02,22.03,22.04,22.05,22.06,22.07,11600,5400,400,500,3400,3500,600,3600,2400,900,1200,8100,2000,6400,300,6900,2800,5400,8300,200
280.0,21.98,488500,10704951.0,21.96,21.95,21.94,21.93,21.92,21.91,21.9,21.89,21.88,21.86,21.98,21.99,22.0,22.01,22.02,22.03,22.04,22.05,22.06,22.07,11600,5400,400,500,3400,3500,600,3600,2400,900,600,8100,2000,6400,300,6900,2800,5400,7800,200
281.0,21.96,489300,10722519.0,21.96,21.95,21.94,21.93,21.92,21.91,21.9,21.89,21.88,21.86,21.98,21.99,22.0,22.01,22.02,22.03,22.04,22.05,22.06,22.07,10800,5400,400,500,3400,3500,600,3600,2400,900,600,8600,3600,6400,300,6900,2800,5400,7800,200
282.0,21.98,489600,10729113.0,21.96,21.95,21.94,21.93,21.92,21.91,21.9,21.89,21.88,21.86,21.98,21.99,22.0,22.01,22.02,22.03,22.04,22.05,22.06,22.07,10800,5500,400,500,3400,3500,600,3600,2400,900,300,8600,3600,6400,300,6900,2800,5400,7800,200
283.0,21.99,490600,10751100.0,21.96,21.95,21.94,21.93,21.92,21.91,21.9,21.89,21.88,21.86,21.99,22.0,22.01,22.02,22.03,22.04,22.05,22.06,22.07,22.08,10800,5500,400,500,3400,3500,600,3600,2400,900,9900,3600,6400,300,6900,2800,5400,7800,200,7700
284.0,21.99,490900,10757696.0,21.96,21.95,21.94,21.93,21.92,21.91,21.9,21.89,21.88,21.86,21.99,22.0,22.01,22.02,22.03,22.04,22.05,22.06,22.07,22.08,10800,5500,400,500,3400,3500,600,3600,2400,900,10400,3600,6400,300,6900,2800,5400,7800,200,7700
285.0,21.98,491600,10773074.0,21.96,21.95,21.94,21.93,21.92,21.91,21.9,21.89,21.88,21.86,21.98,21.99,22.0,22.01,22.02,22.03,22.04,22.05,22.06,22.07,12800,5500,400,500,3400,3500,600,3600,2400,900,4700,12800,3600,6400,100,6900,2800,4900,7800,200
286.0,21.96,492600,10795034.0,21.96,21.95,21.94,21.93,21.92,21.91,21.9,21.89,21.88,21.86,21.98,21.99,22.0,22.01,22.02,22.03,22.04,22.05,22.06,22.07,11800,5500,400,500,3400,3500,600,3600,2400,900,4700,12800,3300,5700,1100,6900,2800,4900,7800,200
287.0,21.98,494100,10827986.0,21.96,21.95,21.94,21.93,21.92,21.91,21.9,21.89,21.88,21.87,21.98,21.99,22.0,22.01,22.02,22.03,22.04,22.05,22.06,22.07,10900,5500,400,500,3400,3500,600,3600,2400,200,5100,13000,3300,5700,1100,6900,2800,4900,7800,200
288.0,21.98,495000,10847752.0,21.96,21.95,21.94,21.93,21.92,21.91,21.9,21.89,21.88,21.87,21.98,21.99,22.0,22.01,22.02,22.03,22.04,22.05,22.06,22.07,10100,5500,400,500,3400,3500,600,3600,2400,200,5000,13000,3300,5700,1100,6900,2800,4900,7800,200
289.0,21.98,495100,10849950.0,21.96,21.95,21.94,21.93,21.92,21.91,21.9,21.89,21.88,21.86,21.98,21.99,22.0,22.01,22.02,22.03,22.04,22.05,22.06,22.07,10300,5700,400,500,3400,3500,600,3600,2400,900,5000,15000,3300,5700,1100,6900,2800,4900,7800,200
290.0,21.98,495100,10849950.0,21.96,21.95,21.94,21.93,21.92,21.91,21.9,21.89,21.88,21.86,21.98,21.99,22.0,22.01,22.02,22.03,22.04,22.05,22.06,22.07,10300,5700,400,500,3400,3500,600,3600,2400,900,5000,15000,3300,5700,1100,6900,2800,4900,7800,200
291.0,21.96,495500,10858734.0,21.96,21.95,21.94,21.93,21.92,21.91,21.9,21.89,21.88,21.86,21.98,21.99,22.0,22.01,22.02,22.03,22.04,22.05,22.06,22.07,9900,5700,400,500,3400,3500,600,3600,2400,900,5000,15000,3300,5700,1100,6900,2800,4900,7800,200
292.0,21.96,495500,10858734.0,21.96,21.95,21.94,21.93,21.92,21.91,21.9,21.89,21.88,21.86,21.98,21.99,22.0,22.01,22.02,22.03,22.04,22.05,22.06,22.07,9900,5700,400,500,3400,3500,600,3600,2400,900,5000,15000,3300,5700,1100,6900,2800,4900,7800,200
293.0,21.96,495500,10858734.0,21.96,21.95,21.94,21.93,21.92,21.91,21.9,21.89,21.88,21.86,21.98,21.99,22.0,22.01,22.02,22.03,22.04,22.05,22.06,22.07,9900,5700,400,500,3000,3500,600,3600,2400,900,5000,15000,3500,5700,1100,6900,2800,4900,7800,200
294.0,21.98,499200,10940060.0,21.96,21.95,21.94,21.93,21.92,21.91,21.9,21.89,21.88,21.86,21.98,21.99,22.0,22.01,22.02,22.03,22.04,22.05,22.06,22.07,9900,5700,400,500,3000,3500,600,3600,2400,900,1300,15000,3500,5700,1100,6900,2800,4900,7800,200
295.0,21.96,499900,10955432.0,21.96,21.95,21.94,21.93,21.92,21.91,21.9,21.89,21.88,21.86,21.98,21.99,22.0,22.01,22.02,22.03,22.04,22.05,22.06,22.07,8900,5700,400,500,3000,3500,600,3600,2400,900,1300,15000,3500,5700,1100,6900,2500,4900,7800,200
296.0,21.97,500000,10957629.0,21.96,21.95,21.94,21.93,21.92,21.91,21.9,21.89,21.88,21.86,21.97,21.98,21.99,22.0,22.01,22.02,22.03,22.04,22.05,22.06,8900,5600,400,500,3000,3500,600,3600,2400,900,100,1500,15000,3500,5700,1100,6900,2500,4900,7800
297.0,21.97,500000,10957629.0,21.96,21.95,21.94,21.93,21.92,21.91,21.9,21.89,21.88,21.86,21.97,21.98,21.99,22.0,22.01,22.02,22.03,22.04,22.05,22.06,8900,5600,400,500,3000,3500,600,3600,2400,900,100,1500,15000,3500,5700,1100,6900,2500,4900,7800
298.0,21.97,501400,10988374.0,21.96,21.95,21.94,21.93,21.92,21.91,21.9,21.89,21.88,21.86,21.97,21.98,21.99,22.0,22.01,22.02,22.03,22.04,22.05,22.06,7600,5600,400,500,3000,3500,600,3600,2400,900,300,1500,15000,3500,5700,1100,6900,2500,4900,7800
299.0,21.97,501400,10988374.0,21.96,21.95,21.94,21.93,21.92,21.91,21.9,21.89,21.88,21.86,21.97,21.98,21.99,22.0,22.01,22.02,22.03,22.04,22.05,22.06,7600,5600,400,500,3000,3500,600,3600,2400,900,300,1600,15000,3500,5700,1100,6900,2500,4900,7800
300.0,21.97,501700,10994965.0,21.97,21.96,21.95,21.94,21.93,21.92,21.91,21.9,21.89,21.88,21.98,21.99,22.0,22.01,22.02,22.03,22.04,22.05,22.06,22.07,500,7600,5600,400,500,3000,3500,600,3600,2400,1600,15000,3500,5700,1100,6900,2500,4900,7800,200
301.0,21.98,501900,10999361.0,21.97,21.96,21.95,21.94,21.93,21.92,21.91,21.9,21.89,21.88,21.98,21.99,22.0,22.01,22.02,22.03,22.04,22.05,22.06,22.07,500,7600,5600,400,500,3000,3500,600,3600,2400,1400,15000,3500,6000,1100,6900,2500,4900,7800,200
302.0,21.98,501900,10999361.0,21.97,21.96,21.95,21.94,21.93,21.92,21.91,21.9,21.89,21.88,21.98,21.99,22.0,22.01,22.02,22.03,22.04,22.05,22.06,22.07,600,7600,5500,400,500,3000,3500,600,3600,2400,1600,15000,3500,6000,1100,6900,2500,4900,7800,200
303.0,21.98,501900,10999361.0,21.97,21.96,21.95,21.94,21.93,21.92,21.91,21.9,21.89,21.88,21.98,21.99,22.0,22.01,22.02,22.03,22.04,22.05,22.06,22.07,600,7600,5500,400,500,3000,3500,600,3600,2400,2800,15700,3600,6000,1100,6900,2500,4900,7800,200
304.0,21.98,501900,10999361.0,21.97,21.96,21.95,21.94,21.93,21.92,21.91,21.9,21.89,21.88,21.98,21.99,22.0,22.01,22.02,22.03,22.04,22.05,22.06,22.07,600,7700,5400,400,500,3000,3500,600,3600,2400,6400,19300,3600,6000,1100,6900,2500,4900,7800,200
305.0,21.98,506600,11102667.0,21.97,21.96,21.95,21.94,21.93,21.92,21.91,21.9,21.89,21.88,21.98,21.99,22.0,22.01,22.02,22.03,22.04,22.05,22.06,22.07,1000,8000,5400,400,500,3000,3500,600,3600,2400,2000,19500,3600,5800,1100,1400,2500,4900,7800,200
306.0,21.98,508600,11146627.0,21.98,21.97,21.96,21.95,21.94,21.93,21.92,21.91,21.9,21.89,21.99,22.0,22.01,22.02,22.03,22.04,22.05,22.06,22.07,22.08,400,1000,8000,5400,400,500,3000,3500,600,3600,20200,3600,5800,1100,1400,2500,4900,7800,200,7700
307.0,22.01,535100,11729452.0,22.0,21.99,21.98,21.97,21.96,21.95,21.94,21.93,21.92,21.91,22.01,22.02,22.03,22.04,22.05,22.06,22.07,22.08,22.09,22.1,900,1700,900,1000,8000,5400,400,500,3000,3500,3100,1100,1000,2500,4900,7200,200,7700,7000,28400
308.0,21.99,538300,11799835.0,21.98,21.97,21.96,21.95,21.94,21.93,21.92,21.91,21.9,21.89,21.99,22.01,22.02,22.03,22.04,22.05,22.06,22.07,22.08,22.09,400,1300,7600,5400,400,500,3000,3500,600,3600,1600,2800,3100,1000,2500,4900,7200,200,7700,7000
309.0,21.99,539300,11821825.0,21.98,21.97,21.96,21.95,21.94,21.93,21.92,21.91,21.9,21.89,21.99,22.01,22.02,22.03,22.04,22.05,22.06,22.07,22.08,22.09,400,1300,7600,5400,400,500,3000,3500,600,3600,600,2800,3100,1000,2500,4900,7200,200,7700,7000
310.0,21.99,539400,11824024.0,21.98,21.97,21.96,21.95,21.94,21.93,21.92,21.91,21.9,21.89,21.99,22.01,22.02,22.03,22.04,22.05,22.06,22.07,22.08,22.09,400,1300,7600,5400,400,500,3000,3500,600,3600,500,2800,3100,1000,2500,4900,7200,200,7700,7000
311.0,22.01,542000,11881235.0,22.0,21.98,21.97,21.96,21.95,21.94,21.93,21.92,21.91,21.9,22.01,22.02,22.03,22.04,22.05,22.06,22.07,22.08,22.09,22.1,100,400,1300,7600,5400,400,500,3000,3500,600,1200,3300,1000,2500,4900,7200,200,7700,7000,28400
312.0,22.03,546700,11984719.0,22.0,21.98,21.97,21.96,21.95,21.94,21.93,21.92,21.91,21.9,22.03,22.04,22.05,22.06,22.07,22.08,22.09,22.1,22.11,22.12,100,400,1300,7600,5400,400,500,3000,3500,600,800,2500,4900,7200,200,7700,7000,28400,100,15600
313.0,22.03,547100,11993531.0,22.01,22.0,21.98,21.97,21.96,21.95,21.94,21.93,21.92,21.91,22.03,22.04,22.05,22.06,22.07,22.08,22.09,22.1,22.11,22.12,700,500,1100,1300,7600,5600,400,500,3000,3500,800,2500,4900,7200,200,7700,7000,28400,100,15600
314.0,22.03,547500,12002343.0,22.01,22.0,21.98,21.97,21.96,21.95,21.94,21.93,21.92,21.91,22.03,22.04,22.05,22.06,22.07,22.08,22.09,22.1,22.11,22.12,700,500,1100,1300,7600,5600,400,500,3000,3500,400,2900,4900,7200,200,7700,7000,23400,100,15600
315.0,22.04,548700,12028787.0,22.01,22.0,21.98,21.97,21.96,21.95,21.94,21.93,21.92,21.91,22.04,22.05,22.06,22.07,22.08,22.09,22.1,22.11,22.12,22.13,700,500,1100,800,7600,5600,400,500,3000,3500,2100,4900,7200,200,7700,7000,23400,100,15600,500
316.0,22.04,548700,12028787.0,22.03,22.01,22.0,21.98,21.97,21.96,21.95,21.94,21.93,21.92,22.04,22.05,22.06,22.07,22.08,22.09,22.1,22.11,22.12,22.13,100,1600,500,1100,800,7600,5600,400,500,3000,3100,4900,7200,200,7700,7000,23400,100,15600,500
317.0,22.04,548800,12030991.0,22.03,22.01,22.0,21.98,21.97,21.96,21.95,21.94,21.93,21.92,22.04,22.05,22.06,22.07,22.08,22.09,22.1,22.11,22.12,22.13,100,1600,500,1100,800,7600,5600,400,500,3000,3000,4900,7200,200,7700,7000,23400,100,15300,500
318.0,22.04,548800,12030991.0,22.03,22.01,22.0,21.98,21.97,21.96,21.95,21.94,21.93,21.92,22.04,22.05,22.06,22.07,22.08,22.09,22.1,22.11,22.12,22.13,100,1600,500,1200,800,7600,5600,400,500,3000,3000,4900,7200,200,7700,7000,23400,100,15300,500
319.0,22.04,548800,12030991.0,22.03,22.02,22.01,22.0,21.98,21.97,21.96,21.95,21.94,21.93,22.04,22.05,22.06,22.07,22.08,22.09,22.1,22.11,22.12,22.13,700,500,1600,500,1200,400,7400,5600,400,500,3200,4900,7200,200,7700,7000,23400,100,15300,500
320.0,22.01,553800,12141149.0,22.01,22.0,21.98,21.97,21.96,21.95,21.94,21.93,21.92,21.91,22.04,22.05,22.06,22.07,22.08,22.09,22.1,22.11,22.12,22.13,800,500,1200,400,7400,5600,400,500,3000,3500,400,5100,7200,200,7700,7000,23400,100,15300,500
321.0,22.04,555200,12172005.0,22.04,22.01,22.0,21.98,21.97,21.96,21.95,21.94,21.93,21.92,22.05,22.06,22.07,22.08,22.09,22.1,22.11,22.12,22.13,22.14,400,800,500,1200,400,7400,5600,400,500,3000,4900,7200,200,7700,7000,23400,100,15300,500,1900
322.0,22.04,555700,12183025.0,22.04,22.02,22.01,22.0,21.98,21.97,21.96,21.95,21.94,21.93,22.05,22.06,22.07,22.08,22.09,22.1,22.11,22.12,22.13,22.14,400,400,1800,500,1200,400,7400,5600,400,500,4900,7200,200,7700,7000,23400,100,15300,500,1900
323.0,22.05,556100,12191845.0,22.04,22.02,22.01,22.0,21.98,21.97,21.96,21.95,21.94,21.93,22.05,22.06,22.07,22.08,22.09,22.1,22.11,22.12,22.13,22.14,2900,400,1800,500,1200,400,7400,5600,400,500,4500,7300,200,7700,7000,23400,100,15300,500,1900
324.0,22.05,556100,12191845.0,22.04,22.02,22.01,22.0,21.98,21.97,21.96,21.95,21.94,21.93,22.05,22.06,22.07,22.08,22.09,22.1,22.11,22.12,22.13,22.14,2900,400,1800,500,1200,400,7400,5600,400,500,4800,1300,200,7700,7000,23400,100,15300,500,1900
325.0,22.04,556300,12196253.0,22.04,22.02,22.01,22.0,21.99,21.98,21.97,21.96,21.95,21.94,22.05,22.06,22.07,22.08,22.09,22.1,22.11,22.12,22.13,22.14,3500,400,1800,500,1000,1200,400,7400,5600,400,4800,1300,200,7700,7000,23400,100,15300,500,1900
326.0,22.04,556600,12202865.0,22.04,22.02,22.01,22.0,21.99,21.98,21.97,21.96,21.95,21.94,22.05,22.06,22.07,22.08,22.09,22.1,22.11,22.12,22.13,22.14,3300,400,1800,500,1000,1200,400,7400,5600,400,5100,1300,200,7700,7000,23100,100,15300,500,1900
327.0,22.04,557100,12213886.0,22.04,22.02,22.01,22.0,21.99,21.98,21.97,21.96,21.95,21.94,22.05,22.06,22.07,22.08,22.09,22.1,22.11,22.12,22.13,22.14,2900,400,1800,500,1000,1200,400,7400,5600,400,5000,1300,700,7700,7000,23100,100,15300,500,1900
328.0,22.04,557100,12213886.0,22.04,22.02,22.01,22.0,21.99,21.98,21.97,21.96,21.95,21.94,22.05,22.06,22.07,22.08,22.09,22.1,22.11,22.12,22.13,22.14,2900,400,1800,500,1000,1200,400,7400,5600,400,5000,1300,700,7700,7000,23100,100,15300,500,1900
329.0,22.04,557700,12227110.0,22.04,22.02,22.01,22.0,21.99,21.98,21.97,21.96,21.95,21.94,22.05,22.06,22.07,22.08,22.09,22.1,22.11,22.12,22.13,22.14,2600,400,1800,500,2000,1200,400,7400,5600,400,5000,1300,700,7700,7000,23100,100,15300,500,1900
330.0,22.04,557700,12227110.0,22.04,22.02,22.01,22.0,21.99,21.98,21.97,21.96,21.95,21.94,22.05,22.06,22.07,22.08,22.09,22.1,22.11,22.12,22.13,22.14,3400,400,1800,700,2000,1200,400,7400,5600,400,5200,1300,700,7700,7000,23100,100,15300,500,1900
331.0,22.04,557700,12227110.0,22.04,22.02,22.01,22.0,21.99,21.98,21.97,21.96,21.95,21.94,22.05,22.06,22.07,22.08,22.09,22.1,22.11,22.12,22.13,22.14,3400,400,1800,700,2000,6200,400,7400,5600,400,12200,1300,700,7700,7000,23100,100,15300,500,1900
332.0,22.04,558400,12242539.0,22.04,22.02,22.01,22.0,21.99,21.98,21.97,21.96,21.95,21.94,22.05,22.06,22.07,22.08,22.09,22.1,22.11,22.12,22.13,22.14,2900,400,1800,700,2000,6200,400,7400,5600,400,12100,1300,700,7700,7000,23100,100,15300,500,1900
333.0,22.05,561900,12319709.0,22.04,22.02,22.01,22.0,21.99,21.98,21.97,21.96,21.95,21.94,22.05,22.06,22.07,22.08,22.09,22.1,22.11,22.12,22.13,22.14,2400,400,1800,700,2000,6200,400,7400,5600,400,9100,1300,700,7700,7000,23100,100,15300,500,1900
334.0,22.05,561900,12319709.0,22.04,22.02,22.01,22.0,21.99,21.98,21.97,21.96,21.95,21.94,22.05,22.06,22.07,22.08,22.09,22.1,22.11,22.12,22.13,22.14,2700,400,1800,700,2000,6200,400,7400,5600,400,9100,1300,700,8200,7000,23100,100,15300,500,1900
335.0,22.05,562200,12326322.0,22.04,22.02,22.01,22.0,21.99,21.98,21.97,21.96,21.95,21.94,22.05,22.06,22.07,22.08,22.09,22.1,22.11,22.12,22.13,22.14,2500,400,1800,700,2000,6200,400,7400,5600,400,9900,1300,700,8200,7000,23100,100,15300,500,1900
336.0,22.05,562400,12330732.0,22.04,22.02,22.01,22.0,21.99,21.98,21.97,21.96,21.95,21.94,22.05,22.06,22.07,22.08,22.09,22.1,22.11,22.12,22.13,22.14,2500,400,1800,700,2000,6200,400,7400,5600,400,10000,1300,700,8200,7000,29100,100,15300,500,1900
337.0,22.05,562800,12339550.0,22.04,22.02,22.01,22.0,21.99,21.98,21.97,21.96,21.95,21.94,22.05,22.06,22.07,22.08,22.09,22.1,22.11,22.12,22.13,22.14,2300,400,1800,700,2000,6200,400,7400,5600,400,9800,1300,700,8200,7000,29100,100,15300,500,1900
338.0,22.04,565100,12390242.0,22.02,22.01,22.0,21.99,21.98,21.97,21.96,21.95,21.94,21.93,22.03,22.04,22.05,22.06,22.07,22.08,22.09,22.1,22.11,22.12,400,1800,700,2000,6200,400,7400,5600,400,500,2300,3900,13200,1300,700,8200,7000,29100,100,15300
339.0,22.03,565300,12394648.0,22.02,22.01,22.0,21.99,21.98,21.97,21.96,21.95,21.94,21.93,22.03,22.04,22.05,22.06,22.07,22.08,22.09,22.1,22.11,22.12,400,1800,700,2000,6200,400,7400,5600,400,500,2100,3900,13200,1300,700,8200,7000,29100,100,15300
340.0,22.03,565800,12405663.0,22.02,22.01,22.0,21.99,21.98,21.97,21.96,21.95,21.94,21.93,22.03,22.04,22.05,22.06,22.07,22.08,22.09,22.1,22.11,22.12,400,1800,700,2000,6200,400,7400,5600,400,500,1600,4900,13200,1300,700,8200,7000,29100,100,15300
341.0,22.03,566500,12421078.0,22.01,22.0,21.99,21.98,21.97,21.96,21.95,21.94,21.93,21.92,22.03,22.04,22.05,22.06,22.07,22.08,22.09,22.1,22.11,22.12,1700,700,2000,6200,400,7400,5600,400,500,3000,1600,5400,13300,1300,700,8200,7000,29100,100,15300
342.0,22.03,567700,12447514.0,22.01,22.0,21.99,21.98,21.97,21.96,21.95,21.94,21.93,21.92,22.03,22.04,22.05,22.06,22.07,22.08,22.09,22.1,22.11,22.12,1700,700,2000,6200,400,7400,5600,400,500,3000,400,5400,13300,1300,700,8200,7000,29100,100,15300
343.0,22.03,567700,12447514.0,22.01,22.0,21.99,21.98,21.97,21.96,21.95,21.94,21.93,21.92,22.03,22.04,22.05,22.06,22.07,22.08,22.09,22.1,22.11,22.12,1700,700,2000,6200,400,7400,5600,400,500,3000,400,5400,13300,1300,700,8200,7000,29100,100,15300
344.0,22.03,568300,12460724.0,22.02,22.01,22.0,21.99,21.98,21.97,21.96,21.95,21.94,21.93,22.03,22.04,22.05,22.06,22.07,22.08,22.09,22.1,22.11,22.12,100,1700,700,2000,6200,400,7400,5600,400,500,600,5400,13300,1300,700,8200,7000,29100,100,15300
345.0,22.03,568300,12460724.0,22.02,22.01,22.0,21.99,21.98,21.97,21.96,21.95,21.94,21.93,22.03,22.04,22.05,22.06,22.07,22.08,22.09,22.1,22.11,22.12,100,1700,700,2000,6200,400,7400,5600,400,500,600,5700,13300,1300,700,8200,7000,29100,100,15300
346.0,22.03,568300,12460724.0,22.02,22.01,22.0,21.99,21.98,21.97,21.96,21.95,21.94,21.93,22.03,22.04,22.05,22.06,22.07,22.08,22.09,22.1,22.11,22.12,100,1700,700,2000,6200,400,7400,5600,400,500,600,5700,13300,1300,700,8200,7000,29100,100,15300
347.0,22.03,568300,12460724.0,22.02,22.01,22.0,21.99,21.98,21.97,21.96,21.95,21.94,21.93,22.03,22.04,22.05,22.06,22.07,22.08,22.09,22.1,22.11,22.12,100,1700,700,2100,6200,400,7400,5600,400,500,600,5700,13700,1300,700,8200,7000,29100,100,15300
348.0,22.03,568300,12460724.0,22.02,22.01,22.0,21.99,21.98,21.97,21.96,21.95,21.94,21.93,22.03,22.04,22.05,22.06,22.07,22.08,22.09,22.1,22.11,22.12,100,1700,700,2100,6200,400,7400,5600,400,500,600,5700,13700,1300,700,8200,7000,29100,100,15300
349.0,22.03,568900,12473942.0,22.02,22.01,22.0,21.99,21.98,21.97,21.96,21.95,21.94,21.93,22.04,22.05,22.06,22.07,22.08,22.09,22.1,22.11,22.12,22.13,200,1700,700,2000,6200,400,7400,5600,400,500,11200,13700,1300,700,8200,7000,29100,100,15300,500
350.0,22.03,569000,12476145.0,22.02,22.01,22.0,21.99,21.98,21.97,21.96,21.95,21.94,21.93,22.04,22.05,22.06,22.07,22.08,22.09,22.1,22.11,22.12,22.13,200,1700,800,2000,6200,400,7400,5600,400,500,11200,13700,1300,700,8200,7000,29100,100,15300,500
351.0,22.03,569000,12476145.0,22.02,22.01,22.0,21.99,21.98,21.97,21.96,21.95,21.94,21.93,22.04,22.05,22.06,22.07,22.08,22.09,22.1,22.11,22.12,22.13,600,1800,900,2000,6200,400,7400,5600,400,500,11600,13700,1300,700,8200,7000,29100,100,15300,500
352.0,22.03,569000,12476145.0,22.02,22.01,22.0,21.99,21.98,21.97,21.96,21.95,21.94,21.93,22.04,22.05,22.06,22.07,22.08,22.09,22.1,22.11,22.12,22.13,600,1800,900,2000,6200,400,7400,5600,400,500,11600,13700,1300,700,8200,7000,29100,100,15300,500
353.0,22.04,569100,12478349.0,22.02,22.01,22.0,21.99,21.98,21.97,21.96,21.95,21.94,21.93,22.03,22.04,22.05,22.06,22.07,22.08,22.09,22.1,22.11,22.12,600,1800,900,2000,8800,400,7400,5600,400,500,100,11700,14200,1300,700,8200,7000,29100,100,15300
354.0,22.03,569200,12480552.0,22.03,22.02,22.01,22.0,21.99,21.98,21.97,21.96,21.95,21.94,22.04,22.05,22.06,22.07,22.08,22.09,22.1,22.11,22.12,22.13,900,600,1800,900,2000,8800,400,7400,5600,400,12700,14200,1300,700,8200,7000,29100,100,15300,500
355.0,22.03,569200,12480552.0,22.03,22.02,22.01,22.0,21.99,21.98,21.97,21.96,21.95,21.94,22.04,22.05,22.06,22.07,22.08,22.09,22.1,22.11,22.12,22.13,900,600,1800,900,2000,8800,400,7400,5600,400,12700,14200,1300,700,8200,7000,28100,100,15300,500
356.0,22.03,569500,12487161.0,22.03,22.02,22.01,22.0,21.99,21.98,21.97,21.96,21.95,21.94,22.04,22.05,22.06,22.07,22.08,22.09,22.1,22.11,22.12,22.13,600,600,1800,900,2000,8800,400,7400,5600,400,13300,14200,4300,700,8200,7000,28100,100,15300,500
357.0,22.04,573000,12564301.0,22.03,22.02,22.01,22.0,21.99,21.98,21.97,21.96,21.95,21.94,22.04,22.05,22.06,22.07,22.08,22.09,22.1,22.11,22.12,22.13,600,600,1800,900,2000,8800,400,7400,5600,400,9800,14200,4300,700,8200,7000,28100,100,15300,500
358.0,22.04,573100,12566505.0,22.03,22.02,22.01,22.0,21.99,21.98,21.97,21.96,21.95,21.94,22.04,22.05,22.06,22.07,22.08,22.09,22.1,22.11,22.12,22.13,600,600,1800,900,2000,8800,400,7400,5600,400,9800,14900,4300,700,8400,7000,28100,100,15300,500
359.0,22.04,573200,12568709.0,22.03,22.02,22.01,22.0,21.99,21.98,21.97,21.96,21.95,21.94,22.04,22.05,22.06,22.07,22.08,22.09,22.1,22.11,22.12,22.13,600,600,1800,900,2000,8800,400,7400,5600,400,11900,14900,4200,700,8400,7000,28100,100,15300,500
360.0,22.03,573800,12581927.0,22.02,22.01,22.0,21.99,21.98,21.97,21.96,21.95,21.94,21.93,22.03,22.04,22.05,22.06,22.07,22.08,22.09,22.1,22.11,22.12,600,1800,900,2000,8800,400,7400,5600,400,500,2900,11900,14900,4200,700,8400,7000,28100,100,15300
361.0,22.03,574700,12601754.0,22.02,22.01,22.0,21.99,21.98,21.97,21.96,21.95,21.94,21.93,22.03,22.04,22.05,22.06,22.07,22.08,22.09,22.1,22.11,22.12,600,1800,900,2000,8800,400,7400,5600,400,500,1600,12300,14900,4200,700,8400,7000,28100,100,15300
362.0,22.03,575700,12623784.0,22.02,22.01,22.0,21.99,21.98,21.97,21.96,21.95,21.94,21.93,22.03,22.04,22.05,22.06,22.07,22.08,22.09,22.1,22.11,22.12,600,1900,900,2000,8800,400,7400,5600,400,500,1700,12300,15000,4200,700,8400,7000,28100,100,15300
363.0,22.03,575800,12625987.0,22.02,22.01,22.0,21.99,21.98,21.97,21.96,21.95,21.94,21.93,22.03,22.04,22.05,22.06,22.07,22.08,22.09,22.1,22.11,22.12,600,1900,900,2000,8800,400,7400,5600,400,500,1900,13300,15000,4200,700,8400,7000,28100,100,15300
364.0,22.01,576600,12643601.0,22.01,22.0,21.99,21.98,21.97,21.96,21.95,21.94,21.93,21.92,22.02,22.03,22.04,22.05,22.06,22.07,22.08,22.09,22.1,22.11,1700,900,2000,8800,400,7400,5600,400,500,4300,2600,2900,13300,17000,4200,700,8400,7000,28100,100
365.0,22.01,577200,12656807.0,22.01,22.0,21.99,21.98,21.97,21.96,21.95,21.94,21.93,21.92,22.02,22.03,22.04,22.05,22.06,22.07,22.08,22.09,22.1,22.11,1100,1000,2000,8800,400,7400,5600,400,500,4300,2600,2900,13900,16800,4200,700,8400,7000,28100,100
366.0,22.01,577200,12656807.0,22.01,22.0,21.99,21.98,21.97,21.96,21.95,21.94,21.93,21.92,22.02,22.03,22.04,22.05,22.06,22.07,22.08,22.09,22.1,22.11,1100,1000,2000,8800,400,7400,5600,400,500,4300,2600,2900,13900,16800,4200,700,8400,7000,28100,100
367.0,22.0,578400,12683218.0,22.0,21.99,21.98,21.97,21.96,21.95,21.94,21.93,21.92,21.91,22.02,22.03,22.04,22.05,22.06,22.07,22.08,22.09,22.1,22.11,900,2000,8800,400,7400,5600,400,500,4300,3500,2600,2900,13500,16800,4200,700,8400,7000,28100,100
368.0,22.02,579900,12716238.0,22.0,21.99,21.98,21.97,21.96,21.95,21.94,21.93,21.92,21.91,22.01,22.02,22.03,22.04,22.05,22.06,22.07,22.08,22.09,22.1,900,2200,8900,400,7400,5600,400,500,4300,3500,200,1800,2900,13700,16800,4200,700,8400,7000,28100
369.0,22.02,579900,12716238.0,22.0,21.99,21.98,21.97,21.96,21.95,21.94,21.93,21.92,21.91,22.01,22.02,22.03,22.04,22.05,22.06,22.07,22.08,22.09,22.1,900,2200,8900,400,7400,5600,400,500,4300,3500,200,1800,3200,13700,16800,4200,700,8400,7000,28100
370.0,21.99,581600,12753630.0,21.99,21.98,21.97,21.96,21.95,21.94,21.93,21.92,21.91,21.9,22.01,22.02,22.03,22.04,22.05,22.06,22.07,22.08,22.09,22.1,1400,8900,400,7400,6400,400,500,4300,3500,600,200,1800,3200,14100,16800,4200,700,8400,7000,28100
371.0,22.01,583000,12784442.0,21.99,21.98,21.97,21.96,21.95,21.94,21.93,21.92,21.91,21.9,22.02,22.03,22.04,22.05,22.06,22.07,22.08,22.09,22.1,22.11,1800,8900,400,7400,6400,400,500,4300,3500,600,1800,3200,14100,16800,4200,700,8400,7000,28100,100
372.0,21.99,585800,12846014.0,21.98,21.97,21.96,21.95,21.94,21.93,21.92,21.91,21.9,21.89,21.99,22.0,22.02,22.03,22.04,22.05,22.06,22.07,22.08,22.09,8900,400,7400,6400,400,500,4300,3500,600,3600,3200,400,2700,2500,14200,16800,4200,700,8400,7000
373.0,21.99,586400,12859204.0,21.98,21.97,21.96,21.95,21.94,21.93,21.92,21.91,21.9,21.89,21.99,22.0,22.01,22.02,22.03,22.04,22.05,22.06,22.07,22.08,8500,400,7400,6400,400,500,4300,3500,600,3600,3000,500,300,2700,2200,14200,16800,4200,700,8400
374.0,21.99,586500,12861403.0,21.98,21.97,21.96,21.95,21.94,21.93,21.92,21.91,21.9,21.89,21.99,22.0,22.01,22.02,22.03,22.04,22.05,22.06,22.07,22.08,8700,600,7400,6400,400,500,4300,3500,600,3600,2900,500,300,2700,2200,14200,16800,4200,700,8400
375.0,21.98,586700,12865800.0,21.98,21.97,21.96,21.95,21.94,21.93,21.92,21.91,21.9,21.89,21.99,22.0,22.01,22.02,22.03,22.04,22.05,22.06,22.07,22.08,8600,600,7400,6400,400,500,4300,3500,600,3600,2900,600,300,4700,2200,15700,16800,4200,700,8400
376.0,21.98,587100,12874592.0,21.98,21.97,21.96,21.95,21.94,21.93,21.92,21.91,21.9,21.89,21.99,22.0,22.01,22.02,22.03,22.04,22.05,22.06,22.07,22.08,8200,600,7400,6400,400,500,4300,3500,600,3600,2900,600,300,4700,2800,15700,16800,4200,700,8400
377.0,21.98,587600,12885582.0,21.98,21.97,21.96,21.95,21.94,21.93,21.92,21.91,21.9,21.89,21.99,22.0,22.01,22.02,22.03,22.04,22.05,22.06,22.07,22.08,7700,600,7400,6400,400,500,4300,3500,600,3600,3100,600,300,4700,2800,15300,16800,4200,700,8400
378.0,21.98,587600,12885582.0,21.98,21.97,21.96,21.95,21.94,21.93,21.92,21.91,21.9,21.89,21.99,22.0,22.01,22.02,22.03,22.04,22.05,22.06,22.07,22.08,7800,700,7400,6400,400,500,4300,3500,600,3600,3100,600,300,4700,2700,15300,16800,4200,700,8400
379.0,21.98,588500,12905364.0,21.98,21.97,21.96,21.95,21.94,21.93,21.92,21.91,21.9,21.89,21.99,22.0,22.01,22.02,22.03,22.04,22.05,22.06,22.07,22.08,6900,700,7400,6400,400,500,4300,3500,600,3600,3100,600,300,4700,2700,15300,16800,4200,700,7900
380.0,21.99,589200,12920752.0,21.98,21.97,21.96,21.95,21.94,21.93,21.92,21.91,21.9,21.89,21.99,22.0,22.01,22.02,22.03,22.04,22.05,22.06,22.07,22.08,6400,700,7400,6400,400,500,4300,3500,600,3600,2900,600,300,4700,2700,18300,16800,4200,700,7900
381.0,21.98,595700,13063622.0,21.97,21.96,21.95,21.94,21.93,21.92,21.91,21.9,21.89,21.88,21.98,21.99,22.0,22.01,22.02,22.03,22.04,22.05,22.06,22.07,900,7400,6400,400,500,4300,3500,600,3600,2400,16900,2900,600,300,4700,2700,18300,16800,4200,700
382.0,21.98,596300,13076810.0,21.97,21.96,21.95,21.94,21.93,21.92,21.91,21.9,21.89,21.88,21.98,21.99,22.0,22.01,22.02,22.03,22.04,22.05,22.06,22.07,700,7400,6400,400,500,4300,3500,600,3600,2400,16300,2900,600,300,4700,2600,18300,16800,4200,700
383.0,21.97,597000,13092189.0,21.96,21.95,21.94,21.93,21.92,21.91,21.9,21.89,21.88,21.87,21.97,21.98,21.99,22.0,22.01,22.02,22.03,22.04,22.05,22.06,7500,6400,400,500,4300,3500,600,3600,2400,500,1400,22200,2900,100,300,4700,2600,18300,16200,4200
384.0,21.97,597400,13100977.0,21.96,21.95,21.94,21.93,21.92,21.91,21.9,21.89,21.88,21.87,21.97,21.98,21.99,22.0,22.01,22.02,22.03,22.04,22.05,22.06,7900,6400,400,500,4300,3500,600,3600,2400,500,1100,22400,2900,100,300,4700,2600,18300,16200,4200
385.0,21.97,597400,13100977.0,21.96,21.95,21.94,21.93,21.92,21.91,21.9,21.89,21.88,21.87,21.97,21.98,21.99,22.01,22.02,22.03,22.04,22.05,22.06,22.07,8600,6400,400,500,4300,3500,600,3600,2400,500,1100,22400,2900,300,4700,2600,18300,16200,4200,700
386.0,21.97,597400,13100977.0,21.96,21.95,21.94,21.93,21.92,21.91,21.9,21.89,21.88,21.87,21.97,21.98,21.99,22.01,22.02,22.03,22.04,22.05,22.06,22.07,8400,6500,400,500,4300,3500,600,3600,2400,500,1500,22600,2900,300,4700,2600,18300,16200,4200,700
387.0,21.97,598000,13114155.0,21.96,21.95,21.94,21.93,21.92,21.91,21.9,21.89,21.88,21.87,21.97,21.98,21.99,22.01,22.02,22.03,22.04,22.05,22.06,22.07,8000,6500,400,500,4300,3500,600,3600,2400,500,1600,22600,2900,300,4700,2600,18300,16200,4200,700
388.0,21.97,598000,13114155.0,21.96,21.95,21.94,21.93,21.92,21.91,21.9,21.89,21.88,21.86,21.97,21.98,21.99,22.01,22.02,22.03,22.04,22.05,22.06,22.07,8000,6500,400,500,4300,3500,600,3600,2400,1800,4200,16700,2900,300,4700,2600,18300,16200,4200,700
389.0,21.97,598400,13122943.0,21.96,21.95,21.94,21.93,21.92,21.91,21.9,21.89,21.88,21.86,21.97,21.98,21.99,22.01,22.02,22.03,22.04,22.05,22.06,22.07,8000,6500,400,500,4300,3500,600,3600,2400,1800,7800,16700,2900,300,5000,2600,18300,16200,4200,700
390.0,21.96,599300,13142707.0,21.96,21.95,21.94,21.93,21.92,21.91,21.9,21.89,21.88,21.86,21.97,21.98,21.99,22.01,22.02,22.03,22.04,22.05,22.06,22.07,7100,6500,400,500,4300,3500,600,3600,2400,1800,8000,16700,2900,700,5000,2600,18300,16200,4200,700
391.0,21.96,600600,13171255.0,21.96,21.95,21.94,21.93,21.92,21.91,21.9,21.89,21.88,21.86,21.97,21.98,21.99,22.01,22.02,22.03,22.04,22.05,22.06,22.07,5800,6500,400,500,4300,3500,600,3600,2400,1800,7700,16700,2900,700,5000,2600,18300,16200,4200,700
392.0,21.96,600800,13175647.0,21.96,21.95,21.94,21.93,21.92,21.91,21.9,21.89,21.88,21.86,21.97,21.98,21.99,22.01,22.02,22.03,22.04,22.05,22.06,22.07,5700,6500,400,700,4300,3500,600,3600,2400,1800,7700,16700,3000,700,5000,2600,18300,16200,4200,700
393.0,21.96,601200,13184431.0,21.96,21.95,21.94,21.93,21.92,21.91,21.9,21.89,21.88,21.86,21.97,21.98,21.99,22.01,22.02,22.03,22.04,22.05,22.06,22.07,5300,6500,400,700,4300,3500,600,3600,2400,1800,7700,16700,3000,700,5000,2600,18300,16200,4200,700
394.0,21.97,601800,13197610.0,21.96,21.95,21.94,21.93,21.92,21.91,21.9,21.89,21.88,21.86,21.97,21.98,21.99,22.01,22.02,22.03,22.04,22.05,22.06,22.07,5000,7500,400,700,4300,3500,600,3600,2400,1800,7400,16700,3000,700,5000,2600,18300,16200,4200,700
395.0,21.96,602000,13202003.0,21.96,21.95,21.94,21.93,21.92,21.91,21.9,21.89,21.88,21.86,21.97,21.98,21.99,22.01,22.02,22.03,22.04,22.05,22.06,22.07,4900,7500,400,700,4300,3500,600,3600,2400,1800,7500,16700,3000,700,5000,2600,18300,16200,4200,700
396.0,21.97,602700,13217378.0,21.96,21.95,21.94,21.93,21.92,21.91,21.9,21.89,21.88,21.86,21.97,21.98,21.99,22.01,22.02,22.03,22.04,22.05,22.06,22.07,4500,7500,400,700,4300,3500,600,3600,2400,1800,7200,16700,3000,700,5000,2600,18300,16200,4200,700
397.0,21.97,602700,13217378.0,21.96,21.95,21.94,21.93,21.92,21.91,21.9,21.89,21.88,21.86,21.97,21.98,21.99,22.01,22.02,22.03,22.04,22.05,22.06,22.07,4500,7500,400,700,4300,3500,600,3600,2400,1800,7400,16700,3000,700,5000,2600,18300,16200,4200,700
398.0,21.97,602700,13217378.0,21.96,21.95,21.94,21.93,21.92,21.91,21.9,21.89,21.88,21.86,21.97,21.98,21.99,22.01,22.02,22.03,22.04,22.05,22.06,22.07,4500,7500,400,700,4300,3500,600,3600,2400,1800,7400,16700,3000,700,3000,2600,18300,16200,4200,700
399.0,21.96,607600,13324982.0,21.95,21.94,21.93,21.92,21.91,21.9,21.89,21.88,21.86,21.85,21.96,21.97,21.98,21.99,22.01,22.02,22.03,22.04,22.05,22.06,7500,400,700,4300,3500,600,3600,2400,1800,4800,2800,7400,16700,3000,700,3000,2600,18300,16400,4200
400.0,21.96,608100,13335958.0,21.95,21.94,21.93,21.92,21.91,21.9,21.89,21.88,21.86,21.85,21.96,21.97,21.98,21.99,22.01,22.02,22.03,22.04,22.05,22.06,7100,400,700,4300,3500,600,3600,2400,1800,4800,2700,7400,16700,3000,700,3000,2600,18300,15900,4200
401.0,21.96,608300,13340350.0,21.95,21.94,21.93,21.92,21.91,21.9,21.89,21.88,21.86,21.85,21.96,21.97,21.98,21.99,22.01,22.02,22.03,22.04,22.05,22.06,7100,700,800,4300,3500,1900,3600,2400,1800,4800,2500,7400,16700,3000,700,3000,2600,18300,15900,4200
402.0,21.96,609400,13364497.0,21.95,21.94,21.93,21.92,21.91,21.9,21.89,21.88,21.86,21.85,21.96,21.97,21.98,21.99,22.01,22.02,22.03,22.04,22.05,22.06,6400,700,800,4300,3500,1900,3600,2400,1800,4800,2500,7400,16700,3000,700,3000,2600,18300,15900,4200
403.0,21.96,610100,13379865.0,21.95,21.94,21.93,21.92,21.91,21.9,21.89,21.88,21.86,21.85,21.96,21.97,21.98,21.99,22.01,22.02,22.03,22.04,22.05,22.06,6000,700,800,4300,3500,1900,3600,2400,1800,4800,2200,7400,400,2900,700,3000,2600,18300,15900,4200
404.0,21.96,611000,13399629.0,21.95,21.94,21.93,21.92,21.91,21.9,21.89,21.88,21.86,21.85,21.96,21.97,21.98,21.99,22.01,22.02,22.03,22.04,22.05,22.06,6000,700,800,4300,3500,1900,3600,2400,1800,4800,1600,7400,400,2900,700,3000,2600,18300,15900,4200
405.0,21.96,611000,13399629.0,21.95,21.94,21.93,21.92,21.91,21.9,21.89,21.88,21.86,21.85,21.96,21.97,21.98,21.99,22.01,22.02,22.03,22.04,22.05,22.06,6000,700,800,4300,3500,1900,3600,2400,1800,4800,1600,7400,400,2900,700,3000,2600,18300,15900,4200
